datetime,buy_order,price_USD,price_native,amount_token,total_native,maker,etherscan_url
2023-04-02 07:45:07,False,5.073,0.01603,54.9727,0.8815,0x52...1c7e,https://bscscan.com/tx/0x233c03e36d3218da80883ba0043b4d3000ad64a1c46164aeada4b9592f195388
2023-04-02 07:45:04,True,5.1089,0.01614,3.8785,0.0626,0xee...d628,https://bscscan.com/tx/0x0b3adaecaa3d979f52fe402d5ca0aab07193aafd294ad6b5b59e8ce350dc2c15
2023-04-02 07:39:20,True,5.0982,0.01613,16.3154,0.2631,0x2d...7822,https://bscscan.com/tx/0x4d8addb6e2ab9dfa766b58ab54f479152e606429ff934d5163ab1ce775ba1e92
2023-04-02 07:39:20,True,5.0872,0.01609,54.9727,0.8848,0xda...6e1f,https://bscscan.com/tx/0x6abcd4c665f779a827ba3ff9e39faa0d3b5a7cb45a7d2e6b7ae83023e2a5ff2b
2023-04-02 07:38:50,True,5.0745,0.01605,27.8042,0.4464,0x2d...7822,https://bscscan.com/tx/0xa8211ef73833fe7738bb746b1ae46902430ac2e0e01f1d6a23bdd911f7a11dfc
2023-04-02 07:30:32,False,5.0516,0.01598,36.202,0.5785,0x2d...7822,https://bscscan.com/tx/0xbf854163a3d3de52b2b14ecb8b193f1c788171d7768b7a95ecb7b6fc86eaa485
2023-04-02 07:26:08,False,5.0587,0.01601,29.5228,0.4727,0x2d...7822,https://bscscan.com/tx/0x2ce424330446197867c2bfc016ff78a034c8c3f55b65ef78391efbc054de3860
2023-04-02 07:24:20,False,5.0673,0.01604,31.3989,0.5036,0x2d...7822,https://bscscan.com/tx/0x66b85fc943c3d799435b110790df349908561936254514d3909b2b343d4499b7
2023-04-02 07:24:02,True,5.0975,0.01613,0.9808,0.0158,0x86...1912,https://bscscan.com/tx/0xfc033c24582a521a213cb07bd7f15c8a3b983ad90f878bb7e6b225837fb056c3
2023-04-02 07:19:16,False,5.0469,0.01605,2.09269,0.0336,0x34...8793,https://bscscan.com/tx/0xf27713d71245e37404961094f652cd4593dd860955ebedaefd90415b3b88d722
2023-04-02 07:16:55,True,5.0921,0.01612,34.077,0.5493,0x2d...7822,https://bscscan.com/tx/0x7b2d79fc380c674bf8b78612205d541ed297e09ce544134cb094bd249a6dd1df
2023-04-02 07:16:55,False,5.0645,0.01603,20.0,0.3206,0x20...12b5,https://bscscan.com/tx/0xba9ac9532a61a92a5c3b7be0e224e69bbbb2de7b55e6584425c6a25060ffed53
2023-04-02 07:15:16,True,5.0912,0.01611,10.4121,0.1678,0x2d...7822,https://bscscan.com/tx/0x789ae41413c82c945b1137f2ded91779675018c89a61d55c6230b77c79009394
2023-04-02 07:15:13,True,5.0807,0.01608,58.3667,0.9388,0x00...78d2,https://bscscan.com/tx/0x209efa19dbad6d7b3af53a88a540d7cbfa02fe273cbd270d6d9bda02ac0684b6
2023-04-02 07:11:01,True,5.0664,0.01604,34.4652,0.5528,0x2d...7822,https://bscscan.com/tx/0xb621fe37575d33ab7062eb238fb58792fa6d1ee028bd23337d04b757a2b994d7
2023-04-02 06:53:22,True,5.0543,0.016,33.8141,0.5412,0x2d...7822,https://bscscan.com/tx/0x52e2da58d02731684de00231588822d3dca9138f68551f8059fff6915175fd95
2023-04-02 06:50:13,True,5.0243,0.01599,0.3379,0.0054,0x77...9ebc,https://bscscan.com/tx/0x4a520a6e3a69bd50b439936ecdb5065714d0a66a1c56a3667990a9c0241730a2
2023-04-02 06:47:58,True,5.0181,0.01597,30.7738,0.4916,0x2d...7822,https://bscscan.com/tx/0xab153b5cab11dfcbf34fb4c4c777d9bd76445bb419b620d812c9de9e851e21ca
2023-04-02 06:41:04,True,5.0339,0.01594,35.199,0.5612,0x2d...7822,https://bscscan.com/tx/0x864283e7250941a0d66c8bd9df6d840eec405c51394c9399b9181814ce99e46c
2023-04-02 06:25:24,True,4.9969,0.01591,30.9822,0.493,0x2d...7822,https://bscscan.com/tx/0x7072693ed0bd362aa5c52fa69d35c005744796fb8c464c881332f41afd477f73
2023-04-02 05:58:42,True,5.022,0.01589,0.1991,0.0031,0xa1...8b57,https://bscscan.com/tx/0x6fd1e876698212bb7ef890ca0eefa62098142821de050a69c06e78cb14ed3eb9
2023-04-02 05:58:09,True,5.0215,0.01589,4.97537,0.079,0xa1...8b57,https://bscscan.com/tx/0xf40504183bfdf3da0bac5e67e1a784e31c6a309aa34b2b016a335d0146393da8
2023-04-02 05:54:09,True,5.0146,0.01587,39.9268,0.6338,0x2d...7822,https://bscscan.com/tx/0xfb00d78bb94c7989af1f6cd4ba4d182b0ab25b635c8242efb4eaebf9f3baef6c
2023-04-02 05:53:33,True,4.9791,0.01584,27.8106,0.4405,0x2d...7822,https://bscscan.com/tx/0x683eec33ba6ce66c206efe57ed8ce2efd44ee825a70152db69197fad7a1397c2
2023-04-02 05:32:21,False,4.9803,0.01576,37.2682,0.5876,0x2d...7822,https://bscscan.com/tx/0x5eab90afd140356d0743f4e17aec098bab36b0b73dbd6bacccbf4926aa05e6f1
2023-04-02 05:32:18,True,4.999,0.01582,79.2667,1.25449,0xb9...d043,https://bscscan.com/tx/0x373ff14f14318de602b80c6a58b390865c9c25c8e922796e236d221de76215bf
2023-04-02 05:22:22,True,4.9814,0.01578,1.5667,0.0247,0x34...8793,https://bscscan.com/tx/0x5ecf8b16e7d8a456b687988ed79efee8c62038444b28712eede9d6872aba5ab7
2023-04-02 05:21:52,False,4.9408,0.01573,63.3165,0.9964,0x2d...7822,https://bscscan.com/tx/0x60ef92ee336bf46295a55748c053d0a1cfedd56e56d4fa06689ef3ad6c418eba
2023-04-02 05:21:31,True,4.9996,0.01584,2.65616,0.042,0x89...3571,https://bscscan.com/tx/0x247ac137177cafd32ebe4beae7c1e6670c0772c28eda6157ef42df97ad9f17da
2023-04-02 05:21:25,False,4.9786,0.01577,29.2691,0.4618,0x2d...7822,https://bscscan.com/tx/0x1f238e29feecbd468db25d39b0bf4d6a6a539518acbe55cf6661c669e7f43dc0
2023-04-02 05:13:37,False,4.9853,0.0158,29.2993,0.4631,0x2d...7822,https://bscscan.com/tx/0x5ef6a2ae6eb515b022006f3f24ccddf881516086adeef0d28a555a32e3cbddf6
2023-04-02 05:11:25,False,4.9954,0.01583,34.805,0.5512,0x2d...7822,https://bscscan.com/tx/0x26961c89ccc8fa4657b66c73b9fc8f985be75d212737b35ff5cbe92ca21a9099
2023-04-02 05:10:31,False,5.0048,0.01586,30.5217,0.4843,0x2d...7822,https://bscscan.com/tx/0x9a2644e5fe5d6fd10c2716495d3c8d66278978db56242fc88e53378c9c211193
2023-04-02 05:07:34,False,5.0136,0.01589,33.5989,0.5341,0x2d...7822,https://bscscan.com/tx/0xea4e41ba0280aba26a00df2ed942bb1324a29e0a8fb8adff3324c3cad1425588
2023-04-02 05:02:31,True,5.0352,0.01596,70.5113,1.12543,0x00...78d2,https://bscscan.com/tx/0x0058294ff8ff0407b3e14da9b6d3adab095887ee8ef0dde8122e21f7cc5d8395
2023-04-02 05:02:19,True,5.0205,0.01591,26.5277,0.4221,0x2d...7822,https://bscscan.com/tx/0x64d6c418783de2b17036a30db4b320777818590f32fc84f79634feae45ff4d8f
2023-04-02 05:02:13,True,4.9871,0.01588,29.197,0.4638,0x2d...7822,https://bscscan.com/tx/0xaffaaba82496fd560a0c22302f194fa7f3b8dbd9b79c0dd16e151b14ddad27d5
2023-04-02 04:53:57,True,5.0096,0.01587,0.4827,0.0076,0xdf...7213,https://bscscan.com/tx/0xb5ecddb35b1027a360db74f4de4cae638be8cab72a0d7bfde6505c010a580610
2023-04-02 04:53:12,False,4.9685,0.01582,59.0836,0.9348,0xef...cab1,https://bscscan.com/tx/0xdbef17dca534ac03978a9cc5815f7874fb4e861536591041e85cd4cf648272e7
2023-04-02 04:47:18,True,5.0239,0.01592,14.9824,0.2385,0x54...5e5c,https://bscscan.com/tx/0xb4a828e2928953a22ab799ce96d337c095318312d65b75a5011d11598d64febd
2023-04-02 04:47:18,False,4.9973,0.01583,5.2415,0.083,0x2d...7822,https://bscscan.com/tx/0x2010d975442084fcd57ec9dc38cee1cd8339d23530577136e8ccd324ccf074e0
2023-04-02 04:47:18,False,5.0136,0.01589,103.159,1.63921,0x9d...6dab,https://bscscan.com/tx/0x7e430e59607da66a4ffd217e42edad8202bfb2b86d7199318be11e2cfa11b37f
2023-04-02 04:47:15,False,5.0779,0.01609,317.696,5.11279,0xfd...7446,https://bscscan.com/tx/0x0e7a77ef60e345171dcf83c42a8b24dfbac7536840519ed79386d9982c923d0c
2023-04-02 04:47:15,True,5.1375,0.01628,96.4212,1.56994,0x05...79a9,https://bscscan.com/tx/0x3c176f1f7d1e478a345102ff68c80f0b01ae9c52e5d66ce624bdb0aa05c8b3e5
2023-04-02 04:47:15,True,5.0735,0.01607,317.696,5.10832,0xfd...7446,https://bscscan.com/tx/0x25a422c3a8277022ae9a3cf4c6478406a26954395a05baacb188f95c0650991f
2023-04-02 04:46:07,True,5.0252,0.01592,0.6844,0.0109,0x34...8793,https://bscscan.com/tx/0xbb04aaf7ddd0fe70257a2d59cf01a71b4669eeebc1f0bb23d2a8dfe156e3c33f
2023-04-02 04:41:56,False,5.0043,0.01586,29.9767,0.4754,0x2d...7822,https://bscscan.com/tx/0x23d46a5dc8a8338a0c60f260b26eca58c339c69afcb9c2c6925b9204046fe6a1
2023-04-02 04:40:41,False,4.9929,0.01589,47.1312,0.7492,0x2d...7822,https://bscscan.com/tx/0xe8a2c906de2abae7f83ff619498dfb6c7ed8c76ec389a09ba15391c1479103dd
2023-04-02 04:35:32,False,5.0003,0.01593,29.0636,0.463,0x2d...7822,https://bscscan.com/tx/0xca06cdb1cc082549195de56377c0607596b52fcb5e8e7e5e4f1b3d01112482b3
2023-04-02 04:29:17,True,5.0243,0.016,45.0432,0.7209,0x2d...7822,https://bscscan.com/tx/0x41518886b30bebca9f672495d3eeb244f299eadbfeac01ce3ff91c600c0b4cbe
2023-04-02 04:27:29,False,5.0174,0.0159,2.10771,0.0335,0x66...87a6,https://bscscan.com/tx/0x0b984c4bc27da99bcb7f2b4243ec1a0c8e114f4458f742d01aae8e914a137a1d
2023-04-02 04:10:35,False,4.9957,0.01592,29.7198,0.4731,0x2d...7822,https://bscscan.com/tx/0x489c9d6a610d54a177a95119dabf62b2498b2af43a4cc8fb7dadad06f2a390dc
2023-04-02 04:06:23,True,5.0504,0.01601,2.5079,0.0401,0x90...48cd,https://bscscan.com/tx/0x01485b2a75c80607363c1288e7d234cf5a36507a666b9f291a438daa5ccaec6c
2023-04-02 04:06:08,False,5.0051,0.01594,29.8607,0.4761,0x2d...7822,https://bscscan.com/tx/0x9a3d4d4005a237e97f6b5cd410b938f67d0cbecfca3ce369bc042d8794108b81
2023-04-02 04:00:28,False,5.0177,0.01597,30.1148,0.481,0x2d...7822,https://bscscan.com/tx/0x1d42713d43901eb9c78d8f207b7df209c19c035c7473bd2ef11e2b55369d1f39
2023-04-02 04:00:09,True,5.0449,0.01606,16.7062,0.2683,0x4d...be5b,https://bscscan.com/tx/0x0dcc132a4f944b1662a706da4ba8de272a862c92102a7c994b06a33990950bf2
2023-04-02 04:00:06,False,5.0216,0.01598,29.4706,0.4711,0x2d...7822,https://bscscan.com/tx/0xc137df79d01202c0d49e8e91f4baf5819499479711a2398df385011c324ab79b
2023-04-02 03:55:03,False,5.0373,0.01604,87.2814,1.40035,0x2d...7822,https://bscscan.com/tx/0x1858c09eab9432a692b85fde2b1cd21b2f5b7ac2835976451627aa01c67f5b22
2023-04-02 03:55:03,True,5.0635,0.01612,80.4611,1.29765,0x10...4c47,https://bscscan.com/tx/0xfcca6b59640a1b6c6e4546313a7d38868d17361f7df9f7434104c89edf522cc4
2023-04-02 03:54:45,False,5.0388,0.01604,67.5867,1.08415,0x2d...7822,https://bscscan.com/tx/0xf70225c8e5dbdd5bf505cbb3c46379a7c20eb9da7f77ef0de8dc5466c64aa0b8
2023-04-02 03:54:45,True,5.0621,0.01611,80.5275,1.2977,0x10...4c47,https://bscscan.com/tx/0xd1baf6fd8b0a5d18d0a9485fb0d34ffeb5d9109d347793c2b914573adc1c1ccc
2023-04-02 03:54:00,False,5.0541,0.016,28.4271,0.4551,0x2d...7822,https://bscscan.com/tx/0x78850e6aa542b003a468678eb9ffa7e89b0e49e86fc420702b446c93a32a134c
2023-04-02 03:51:33,False,5.0631,0.01603,29.3967,0.4714,0x2d...7822,https://bscscan.com/tx/0x03bc1bd8a01ca7f9f278cc6371fa8b68dd07d2901caf91fd058a5a25a8fa7a6b
2023-04-02 03:41:00,False,5.0442,0.01605,9.54854,0.1533,0x2d...7822,https://bscscan.com/tx/0xe7adf37fb03ac1ef78f6352401d9d469b60531d1abd8997ecf948329ea5b3ca8
2023-04-02 03:40:57,False,5.0492,0.01607,23.2115,0.373,0x91...79fe,https://bscscan.com/tx/0x43048af6c06c102b49502cb81c00e3bfa9f4dd9f87124fecfefa2798ab627565
2023-04-02 03:29:54,False,5.0575,0.0161,46.1116,0.7426,0x91...79fe,https://bscscan.com/tx/0x5392814754f4037904dcb5d097fc54b4e030a46c45e1861f88874c98e42119e8
2023-04-02 03:27:05,False,5.0703,0.01614,42.6465,0.6887,0xda...6e1f,https://bscscan.com/tx/0xeb81e6394990fc7ad564c5ed4b99e1bbe4c06d40d093593dda583146434d31f2
2023-04-02 03:22:38,False,5.1065,0.01619,41.0355,0.6643,0xda...6e1f,https://bscscan.com/tx/0xe35c98ae37b6899e620224eb1ec3d552dc8b50d69aeb3a4c7a498147c4538ca3
2023-04-02 03:19:08,False,5.0932,0.01623,43.0549,0.6988,0x5f...f54b,https://bscscan.com/tx/0xf55a07d2a1b6b091cc2c9d0801e853d6ccc43b3cb89a7e6b3347c9533082b162
2023-04-02 03:15:08,False,5.1051,0.01627,40.7301,0.6627,0x52...1c7e,https://bscscan.com/tx/0x1474672cc2e9038b5e7cedeee3da705296739df75e856785a430a97d1e1be684
2023-04-02 03:08:03,True,5.1468,0.01632,102.436,1.67212,0x91...79fe,https://bscscan.com/tx/0xe830e84ee1d0c788a124bb914a58181dbfd7d5a682d2f3ac6a6e8e2befa44be7
2023-04-02 03:08:00,True,5.1135,0.01621,110.988,1.8,0x0f...8280,https://bscscan.com/tx/0x142174f5361701af747f412f97bf432c2113c4e1f02c6fdd6843dacea833d2f1
2023-04-02 03:08:00,True,5.0735,0.01609,148.249,2.3855,0xdb...8aba,https://bscscan.com/tx/0x9634cd47e61d659f385a58186d84d7d26d4c2f75e98cb9b39d6488fd2c378e29
2023-04-02 03:08:00,False,5.0728,0.01608,325.437,5.23597,0xcd...5ebe,https://bscscan.com/tx/0x596e84210bc9c97d001a433481bb7edd235c7841aa36258b7d387357b68e0a3c
2023-04-02 03:01:00,True,5.1361,0.01627,133.945,2.17944,0xda...6e1f,https://bscscan.com/tx/0x79ef014c1a751d1c25415a1c65405a1e2762999df55d8e493e0a3e29fe1d621d
2023-04-02 03:01:00,False,5.1044,0.01617,95.1729,1.53902,0x40...83eb,https://bscscan.com/tx/0x3e2aa5a78dd3a92d6287750c441fcc44092acec175a4a89774326f4cc643a248
2023-04-02 03:00:26,True,5.1401,0.01628,28.9124,0.4708,0x2d...7822,https://bscscan.com/tx/0xea0e37df2488272820d87c7ef201380d62000205a570cda2df8696c42c902243
2023-04-02 02:55:09,True,5.1305,0.01625,29.0532,0.4722,0x2d...7822,https://bscscan.com/tx/0x7e0b31100205a30ad6cf2525d2f4bd52b7e8e025721728f2ca3f10ab8036557a
2023-04-02 02:47:53,False,5.1123,0.01619,72.8719,1.18025,0xb6...4942,https://bscscan.com/tx/0x8ac883cbfe7061f41f5f59748ed19f78da4873ad6a0e823df682875fe3f5dbe2
2023-04-02 02:22:08,False,5.1098,0.01627,78.0006,1.26911,0xd2...c838,https://bscscan.com/tx/0x67fef9b75806af49f881101ccd12f70d88b1e2507b703e3dcab1ec079d7343bb
2023-04-02 02:18:05,False,5.1523,0.01632,29.9018,0.4881,0x2d...7822,https://bscscan.com/tx/0x3b03e06266694bb93c0f15bf1384ba7c07c596ae4ef520da760a3efdc6cf6fde
2023-04-02 02:17:29,False,5.1628,0.01635,37.044,0.6059,0x2d...7822,https://bscscan.com/tx/0x2cf7f035d9c5c8e2d58afcbb5380d9840c4d8a93653e55697219800bac0af8cc
2023-04-02 02:16:29,False,5.174,0.01639,33.3161,0.5461,0x2d...7822,https://bscscan.com/tx/0x3cb04bba47ec279cf978e13b993a1b67e3e8af610158a0e89784beab50ca84ba
2023-04-02 02:09:05,False,5.1906,0.01642,29.8571,0.4903,0x2d...7822,https://bscscan.com/tx/0x37e9ad358528780f2fdbbe54bb735abcbe09ae7c52944ea35c92c6aea01868d8
2023-04-02 02:08:01,False,5.1999,0.01645,28.4236,0.4676,0x2d...7822,https://bscscan.com/tx/0xbdc5d0c40308affd42e81020e6ae6641f68a298ffc79068a4708e2f7da7e4820
2023-04-02 02:06:52,False,5.1846,0.01648,33.7147,0.5557,0x2d...7822,https://bscscan.com/tx/0x168c226f7f6dccc4877a7c475d9745838646052a642b7f249e67f96b58b0fa4c
2023-04-02 02:04:49,True,5.2352,0.01656,44.5994,0.7386,0x3e...a7c8,https://bscscan.com/tx/0xd558c53335563dfe9943ea3e6f6e8998f9ef009556639ec9917c29a5dd16b1cd
2023-04-02 02:04:46,True,5.2201,0.01651,49.4903,0.8172,0x00...78d2,https://bscscan.com/tx/0x73ed22eee84d08aebf68775fca4cde0f0a334c3840da716934d3ae80be7ec7f3
2023-04-02 02:04:13,True,5.1801,0.01647,38.4,0.6324,0xf9...5ebf,https://bscscan.com/tx/0xf8fb1142b161c7a65dc92b786718e6795b2ff7fecb3ffed53c012fc12dc33e77
2023-04-02 02:00:04,True,5.1974,0.01645,0.4252,0.007,0xab...db5a,https://bscscan.com/tx/0xa1658561d420f105d8efeb1b75a6b244b57b397e3585211ac8144f71130c1306
2023-04-02 01:41:00,True,5.165,0.01642,45.2209,0.7428,0x00...78d2,https://bscscan.com/tx/0x4042c4c6a0cbe0b7b8760aff46db3c141bb36f6a8dc35aa8084bf65ab036bd71
2023-04-02 01:40:45,False,5.1459,0.01636,87.7352,1.43591,0x77...6554,https://bscscan.com/tx/0x507c3e71b4969415c4f9d26bdc91427dfcf11bd76ba29ebcfe4a5f3c757bdd49
2023-04-02 01:40:42,False,5.1674,0.01643,49.1353,0.8075,0x62...1f10,https://bscscan.com/tx/0xbe791fdd7e82c89f64f1fbb93a17a8345c50c0162dc1782061da5439d60b3bb1
2023-04-02 01:26:51,True,5.1952,0.01652,39.0435,0.645,0x3a...231f,https://bscscan.com/tx/0x752ce9581de9f3cf22e3d5fa3472924387627bc43714640e90e019c0b76041f7
2023-04-02 01:10:08,False,5.1921,0.01644,48.6587,0.8001,0x52...1c7e,https://bscscan.com/tx/0x9ae33c0bd6ae19959a899cb600762290b18f3504823a4c170354a2d80665fa37
2023-04-02 01:04:17,True,5.192,0.01653,43.8195,0.7243,0x71...69e3,https://bscscan.com/tx/0xddec88c32510a71878abe9bbbe5b52d55d62ae264742fe1067ebbc2429625828
2023-04-02 01:03:14,True,5.1783,0.01648,45.5726,0.7512,0x82...2196,https://bscscan.com/tx/0xc227da407493692ebccdd411d9a682915d69850f948ec0260ca8e43a821f7886
2023-04-02 01:01:32,True,5.1912,0.01644,38.4,0.6313,0x00...78d2,https://bscscan.com/tx/0x525ffbfa87205063736ee56111f9af037a1f2ff14795eb1492475705b8ac912a
2023-04-02 00:55:31,True,5.1685,0.01637,118.129,1.934,0xd6...f5d2,https://bscscan.com/tx/0xc8bd134cd65cd7804fdb326b53460a4912d576bf0ae0d65814f4f9b3f8479280
2023-04-02 00:55:31,True,5.1463,0.0163,6.71549,0.1094,0x5b...86f7,https://bscscan.com/tx/0xc05f2895f31a29b243663e2e320e1bedff92d4ce6ef9938b7e39e86b83604ef9
2023-04-02 00:55:31,True,5.1315,0.01625,87.7352,1.42613,0x77...100d,https://bscscan.com/tx/0x5ac62c11f03eea033de2d3272e9a9860e0fa1fff08c33008375dcf8cbe8bfaf6
2023-04-02 00:55:31,True,5.1068,0.01617,71.8774,1.16271,0xb8...a5aa,https://bscscan.com/tx/0x0b388e6b1b55d8d0d79c77e118ada65caed05201633606c8973a3d6198ac9d5d
2023-04-02 00:55:31,False,5.1276,0.01624,369.975,6.00924,0xa2...8ba3,https://bscscan.com/tx/0x4596074e075968b484db6427097d9bb041193a616723f46cce7f5dd7b7ed0b86
2023-04-02 00:51:49,False,5.1683,0.01645,59.0332,0.9714,0x62...1f10,https://bscscan.com/tx/0x0c811f7028f06b99c47d48337e68330e832ea26ac3acb5575c8d682b6c6de66f
2023-04-02 00:39:37,False,5.1841,0.0165,45.0,0.7428,0xbe...1239,https://bscscan.com/tx/0x31ede2b8b6e0868c33f2dbe88bbe6ad8408a9fca7a88253faa338e91575f25ee
2023-04-02 00:36:25,True,5.2416,0.0166,10.081,0.1674,0xcb...d4e5,https://bscscan.com/tx/0xeb17d634eb999f5202c6e45aefde2883f607ea29a65f37917bfc090559f28c13
2023-04-02 00:30:10,True,5.2365,0.01659,19.285,0.32,0x3a...6fa8,https://bscscan.com/tx/0xc34d16729f84b61533eadfcfce64b505edb7d78e7b3c55eb387ba1f7c60d446b
2023-04-02 00:28:19,True,5.2026,0.01656,40.5718,0.6719,0x71...69e3,https://bscscan.com/tx/0x411322bc330217500952f67e5dfcc0ed75f72ffb4af53ea74bebc4365a534eb8
2023-04-02 00:22:46,True,5.1901,0.01652,37.1787,0.6143,0xb3...55e7,https://bscscan.com/tx/0x2d5a0ef09cbaff52be0f64c5bcb54d9e19ac94bac91f256253f2d2d525b5076a
2023-04-02 00:22:25,False,5.1602,0.01643,27.9863,0.4599,0x5c...8e52,https://bscscan.com/tx/0x52e636186ca6a749d713906b6a58c7921875d33a3183a4fb229ddf47056d8b24
2023-04-02 00:22:01,True,5.1809,0.01649,76.9869,1.26981,0x00...78d2,https://bscscan.com/tx/0xb8df94f194b785bbf9dc81b90423c9d3c2d457ac66316a9c01e36e185f631c7f
2023-04-02 00:21:58,True,5.1643,0.01644,27.709,0.4555,0x5b...86f7,https://bscscan.com/tx/0x0d77d878353c23454d2b775774d09d109e906a46b2fb2977cae194aeae94b1bf
2023-04-02 00:21:58,False,5.1687,0.01645,219.04,3.60434,0xa4...429e,https://bscscan.com/tx/0xb4c633febca8b4b633b2cc108b814beb93b056ded53f73e97803eed6f20fd3c4
2023-04-02 00:20:58,True,5.2548,0.01664,7.87436,0.131,0x67...f51d,https://bscscan.com/tx/0x3f8a58809a17fe0f7e3e8247d452a393ea050b7d55f713c7d540f7887eb9c01b
2023-04-02 00:13:03,True,5.2277,0.01664,0.4863,0.008,0xff...4674,https://bscscan.com/tx/0x7a353f1e5e447c485650bdc0f310462eb033dff980b1588d9f2abd72c0488090
2023-04-02 00:12:45,False,5.2017,0.01655,1.49609,0.0247,0x59...2083,https://bscscan.com/tx/0xa4fd0facb34aeac3f6302655c0df5c3e9e912a7719040fac41e9b1ed969db03e
2023-04-02 00:12:42,True,5.2267,0.01663,8.44287,0.1404,0x9b...2be7,https://bscscan.com/tx/0x090da1c26a567e16053d6fbbff527dd743dcc0463fbfd033f4d9f4bd239ff68e
2023-04-02 00:12:00,True,5.2192,0.01661,40.8847,0.6791,0xc1...b919,https://bscscan.com/tx/0x6898e0b74c0d33ef5ef795a38eeeb1ea9a34a9525550d2a489769f519aeeb3de
2023-04-02 00:11:27,True,5.2116,0.01658,6.85211,0.1136,0x34...8793,https://bscscan.com/tx/0xdf17fbaed46ff9f3de451c1daf4c17839a0bbf729f5abebcb4617a33d77a487a
2023-04-02 00:09:48,True,5.2039,0.01656,39.0318,0.6465,0xca...34d7,https://bscscan.com/tx/0x516b551aa361b839f1fe9d085e21556268bf37d73e7eb24fd8a495cd576062e6
2023-04-02 00:09:45,False,5.185,0.0165,100.0,1.65044,0x9d...5911,https://bscscan.com/tx/0x2cb0fad518dbd07b886a8b319bd0b2fb6533e95ee3ca1e24f18f0e1880b22ec2
2023-04-02 00:03:17,False,5.207,0.01657,24.5566,0.407,0xda...6e1f,https://bscscan.com/tx/0x26ae44fe38ae4be7c96980a9ac6c813b17815ceab4a6e941e5509e6c89db52b1
2023-04-02 00:01:30,True,5.2535,0.01663,63.169,1.05107,0x2d...7822,https://bscscan.com/tx/0x60cec08bbdefebd2f6ff0d061353a6d1416eeabef00499d551b94d50a4b49357
2023-04-02 00:01:30,False,5.2269,0.01655,60.8,1.00653,0x0c...f600,https://bscscan.com/tx/0x4a31315656c7e17d310123d28d13a6912e1987b4f2c4dd4ca996069836d74b51
2023-04-01 23:56:41,True,5.2223,0.01665,29.7593,0.4956,0x2d...7822,https://bscscan.com/tx/0xf969f8d8de729f9029987df0d0ad71019ef7878000c8d552c6a7cb09e2ad7ee1
2023-04-01 23:53:59,False,5.2191,0.01656,8.66946,0.1435,0x6b...9094,https://bscscan.com/tx/0xb80fbada78910915b8a079894d2d4f41fd77a65786aacfcc0573ce0c8b1c6729
2023-04-01 23:52:17,False,5.201,0.01658,39.0317,0.6473,0x52...1c7e,https://bscscan.com/tx/0x56fe9f5c30d50a59ab5591b6dedc9726ef39e94c1dc492c6ee8377d154c0e17b
2023-04-01 23:40:47,False,5.2131,0.01662,40.9631,0.681,0x91...79fe,https://bscscan.com/tx/0xb83b6dc7e49c0608118fd03348e6fa7874ef07cefb4e68007fd725fd6cb7e46f
2023-04-01 23:37:08,True,5.2405,0.01671,33.9177,0.5668,0x2d...7822,https://bscscan.com/tx/0xf49ab69075195aad3086d448b3d39d6c23b170b2f6e645cad7503029cc6bec59
2023-04-01 23:33:47,True,5.2563,0.01667,29.6422,0.4944,0x2d...7822,https://bscscan.com/tx/0x9640c0fac2800921ec06dbfacd3a90848529471b438bd6639d18f9ae6ec46b4a
2023-04-01 23:33:29,True,5.2138,0.01662,72.1723,1.2,0x0f...8280,https://bscscan.com/tx/0x3b1a627bfe63081bad742135908bc4aa56b96a5ddde09662e4175fa0cdc874f1
2023-04-01 23:33:29,False,5.1947,0.01656,115.503,1.91341,0xb6...4942,https://bscscan.com/tx/0x625cf3b6e224d9b8a4a30ce5f9c622f8d6dd4a1e687ec9f775134efb5e69e42c
2023-04-01 23:30:17,True,5.2558,0.01667,59.9028,0.999,0x2d...7822,https://bscscan.com/tx/0xae0c0f7863d1c41b2b6bfd22b66106ce01dfb0eafa9c52089d7d5e92ee2f3cce
2023-04-01 23:30:14,False,5.2326,0.0166,78.8563,1.3093,0x41...7ca0,https://bscscan.com/tx/0xd784e6ee01bc7fc8f706afa344fac24c553ea6b94cab6cb44f43ae11524cd01c
2023-04-01 23:27:50,True,5.2444,0.01672,4.53823,0.0759,0x2d...7822,https://bscscan.com/tx/0x9048c05f9ec5e211905b0e68a68d6e6725db2a713ec54d3cc645be9d2149ec6a
2023-04-01 23:27:50,True,5.2262,0.01666,107.997,1.8,0x0f...8280,https://bscscan.com/tx/0x5748aa33dea6997575e258a902a795b552150fe15f6b4229cdc49793998a2e45
2023-04-01 23:27:50,True,5.2047,0.01659,26.7516,0.444,0x96...4df6,https://bscscan.com/tx/0x697f07744d68e62c1342c6289d8052722e9e2fc7e081b0f948ab47889a23f496
2023-04-01 23:27:50,True,5.1478,0.01641,332.6,5.46026,0x93...fdf0,https://bscscan.com/tx/0x4276bff592988f0ce2d717a820821d420d38c00cbc881bfcc8c06d63e046204d
2023-04-01 23:27:50,False,5.1035,0.01627,213.625,3.47687,0x9d...5911,https://bscscan.com/tx/0x7905cdc7d14b0517cb5727fe08c215eeac056aa283b91c3ef6d3689cd7282767
2023-04-01 23:27:50,False,5.189,0.01654,329.961,5.46026,0x93...fdf0,https://bscscan.com/tx/0xa4b3c3ea5436b6ea475cf94888e879cac1484609124f5b3827bbeb241a6f39e6
2023-04-01 23:19:23,False,5.2722,0.01673,40.0583,0.6704,0xda...6e1f,https://bscscan.com/tx/0x632576bd7973f46cd5c733982cb2648642fff760489e4eb7f7d4bc12b5e83ad6
2023-04-01 23:16:41,False,5.2689,0.01681,108.832,1.82991,0x2d...7822,https://bscscan.com/tx/0xd4df3c97083e5edc761b76706ffe2d18c9c6e1a1aaa0595ac12594311458759f
2023-04-01 23:16:41,True,5.2947,0.01689,112.754,1.90511,0xb6...4942,https://bscscan.com/tx/0x1c639cb0b3d9424a0ec47c76d19614d8bf0b6b7fd49dc626a478ce3d2af13140
2023-04-01 23:16:08,True,5.2895,0.01679,75.6207,1.27027,0xb6...4942,https://bscscan.com/tx/0x91dfc344bf76771e2d32d7aaae1eb377b8513435d245119e0992317971854b48
2023-04-01 23:14:27,True,5.272,0.01674,31.6822,0.5304,0x2d...7822,https://bscscan.com/tx/0xf2e467ba93735c9bcd77044c0586755101440e0009e55209a5dc84725ecb8c13
2023-04-01 23:04:32,True,5.2582,0.01667,104.352,1.7398,0x2d...7822,https://bscscan.com/tx/0x0fc480198d6e8962bf5a87d588565a7b480dbe5a1b22ed2cb3614dda0ab86932
2023-04-01 23:04:32,False,5.2387,0.01661,145.725,2.42055,0x25...abbc,https://bscscan.com/tx/0x77d773e91e59bf284c69ff3d6eec8a01d457e8b0338f4f6b0acd7e2252496407
2023-04-01 23:01:59,True,5.2529,0.01673,59.6102,0.9977,0x2d...7822,https://bscscan.com/tx/0xd8210df5451b63b540b919bce8bd6aa0a11540de5bd9e4ee9982ff398ad1dd8f
2023-04-01 23:01:50,True,5.2382,0.01669,31.8489,0.5315,0x2d...7822,https://bscscan.com/tx/0xa3ffda2ad386aa24619945d324bec070452a5d4c588847b08b749e94ce178997
2023-04-01 23:01:32,True,5.2584,0.01667,6.95922,0.116,0x2d...7822,https://bscscan.com/tx/0x5a6a604e814b2b7964b5863c0cf8fed2de55cd53e7cafe92ae22590487b37e7c
2023-04-01 23:01:32,True,5.2491,0.01664,50.3064,0.8371,0x05...7eea,https://bscscan.com/tx/0xf4469286bad472d3110c19f5204fd83d0332e987e425a0bbf49a2acf319f6fc1
2023-04-01 22:57:11,True,5.2254,0.01656,96.78,1.60329,0xda...6e1f,https://bscscan.com/tx/0x22631f189d99b9adfd3e9a1ebe98ef80ad04fb4abf6fae257010b71d7d002e31
2023-04-01 22:57:11,False,5.1994,0.01648,97.413,1.60575,0xb6...4942,https://bscscan.com/tx/0xb4a4d784e522b82a23f9d0482e2067d82259393822fc45bf9b2dbef597de2987
2023-04-01 22:55:08,True,5.2123,0.0166,20.7442,0.3444,0x2d...7822,https://bscscan.com/tx/0x299f058fedb2ca0f30f303caabb105631159ad2c01e6c98d7a1cb5120f77ff3c
2023-04-01 22:55:08,True,5.1974,0.01655,72.4725,1.2,0x0f...8280,https://bscscan.com/tx/0x5f3e3509ce205951aaa1b48514f27252ba15ac848d07833ed8430c2b64b336e4
2023-04-01 22:55:08,False,5.1754,0.01648,97.413,1.60614,0xb6...4942,https://bscscan.com/tx/0xfc1cdada9f114a874744fedc9d72f7f72f434f4cdcd86ab7a05acfeea3167b73
2023-04-01 22:53:32,True,5.2378,0.0166,30.8571,0.5123,0x2d...7822,https://bscscan.com/tx/0xcd786b7a25e6978dcd8e18e536f8dfdce3d0cc2d4618dd867a173b9b10bd6e5c
2023-04-01 22:53:08,True,5.2039,0.01658,1.59977,0.0265,0x2d...7822,https://bscscan.com/tx/0xac3d3e2d5e278959ccfc855d329a37e7951c99c46d296d779e7ab6b25198a2e6
2023-04-01 22:53:08,True,5.1805,0.01651,145.897,2.40919,0x62...1f10,https://bscscan.com/tx/0x2b3990a9612e6e32d0b27ad25015e657a40e3a060a110cfa3c1ee7339b4688eb
2023-04-01 22:53:08,False,5.1623,0.01645,194.826,3.2059,0xb6...4942,https://bscscan.com/tx/0x006e3cded4bba0c8b271ea382b38d01fa575a59e3f0bc2f13dcaab95e7ea380a
2023-04-01 22:49:17,False,5.1996,0.01656,28.9291,0.4793,0x2d...7822,https://bscscan.com/tx/0x2baffef9cf83459747f816879a6561241d2be7d69fa89c0c7fc1747e3f8fc5b1
2023-04-01 22:48:19,False,5.2116,0.0166,47.3207,0.7858,0x91...79fe,https://bscscan.com/tx/0x390681c0d7a142cbc96da248525ff1e5398d4edd10c01da1d99e875715187219
2023-04-01 22:47:28,False,5.2538,0.01665,52.7763,0.8791,0xda...6e1f,https://bscscan.com/tx/0x8b1a2c2f20708301a861cf28f7d2074e711f48ddb9a9327b8caa5c0c50c5e537
2023-04-01 22:47:28,True,5.2857,0.01675,19.0,0.3184,0x01...6965,https://bscscan.com/tx/0x2ad841281e1146b28d872e6dedb5b4b607a0cc26540656259c1b8812113cb3b4
2023-04-01 22:35:03,True,5.2737,0.01673,29.9101,0.5005,0x2d...7822,https://bscscan.com/tx/0x949aff4621b11baaba16b8ae1367dc1cc2b2d2fbf28a1918666e2cb128395e64
2023-04-01 22:33:27,True,5.2366,0.0167,28.5653,0.4771,0x2d...7822,https://bscscan.com/tx/0xe95689cb9b7fa0cb94fded4708c501d94e85de69aa3a034470fe7227986613a0
2023-04-01 22:32:24,True,5.228,0.01667,24.6757,0.4115,0x2d...7822,https://bscscan.com/tx/0xa3bc0bd42a65a27ff89f434055e32aa4040d26e3d75cc585d7765159ee9ad25e
2023-04-01 22:30:57,True,5.2496,0.01666,2.51165,0.0418,0x89...3571,https://bscscan.com/tx/0xe81c0bbac155a0e4f80d3ab5fe7cb44a1f8ab4e00afb6a5489a462d0eb65ef21
2023-04-01 22:30:48,True,5.2424,0.01663,42.7036,0.7105,0x2d...7822,https://bscscan.com/tx/0xe60fa6abbd9c83f3e272edc88cfbefb29c197838e0495436a5b51689e06bbe66
2023-04-01 22:30:45,True,5.222,0.01657,84.4682,1.4,0x0f...8280,https://bscscan.com/tx/0xff6d842046194e7dfd05b972c6100dd5f43d01357d719932d9e803bd8be71874
2023-04-01 22:30:45,False,5.2144,0.01655,200.0,3.31003,0xd2...c838,https://bscscan.com/tx/0xdfc8c6542366e39a88608215bf6e1e708ba7f76f8aecbfc6d12d156cf2a50875
2023-04-01 22:24:48,False,5.2532,0.01667,42.5763,0.7099,0x0c...8533,https://bscscan.com/tx/0x28ea51265937ed318961d5f432e52b00ffd66f5a8de83bace9b45db0b3a29556
2023-04-01 22:23:54,False,5.2377,0.0167,23.8973,0.3992,0xda...6e1f,https://bscscan.com/tx/0x49ca783bbcf14162fae16e6f3f857246027bec19de61b80d2982bf5c757bc57d
2023-04-01 22:23:54,False,5.2428,0.01672,7.76915,0.1299,0x0c...8533,https://bscscan.com/tx/0x87e5720009565d807fe1cb5ca21476dd02aedcf49583dd7ee49e7fa6185cd6ab
2023-04-01 22:22:18,True,5.2681,0.0168,11.4548,0.1925,0x5b...1137,https://bscscan.com/tx/0x73231ab64ceca37911d9b2b9c85ceffbc8cf10b6f54a06bead9798505d33d319
2023-04-01 22:21:15,False,5.2483,0.01674,53.8457,0.9016,0x0c...8533,https://bscscan.com/tx/0xe249f4a9e0a7f0234bc9e5ecbb5636e176abcbcad65ec7ca814c75af3f8948b8
2023-04-01 22:17:57,False,5.2918,0.01679,48.5178,0.8149,0x2f...e155,https://bscscan.com/tx/0x67f5fc6e186b6f514a5edaf922d13638f9240234bfdbd545d9888c3a535b8a66
2023-04-01 22:17:09,False,5.2811,0.01684,47.3155,0.7971,0xda...c952,https://bscscan.com/tx/0x644791140e3f35caa38c2fc7c90ba4059c674298399f36a71c8cc8e1eb0a2a7d
2023-04-01 22:16:33,True,5.3346,0.01693,43.0549,0.729,0x5f...f54b,https://bscscan.com/tx/0xf7b27817751a0103883ab4aefb7d79ff8e8be76a90260a7815f0d1a3132a838c
2023-04-01 22:15:28,True,5.2952,0.01689,29.809,0.5036,0x2d...7822,https://bscscan.com/tx/0xc43ad89bac19ef59b6d28455fc31df47e5db60549633cfb25c209a671f7644e9
2023-04-01 22:14:40,False,5.2973,0.01681,44.9356,0.7557,0xda...c952,https://bscscan.com/tx/0x60659e4264f584db686249f0226e152add19a39ec0748f1bcf5dda560b0a4caa
2023-04-01 22:12:25,True,5.3039,0.01692,2.81569,0.0476,0x78...84fb,https://bscscan.com/tx/0x18bbff48af064f28050ea92a7fe1e458b7fd8939cd12978187ebbfb94af85972
2023-04-01 22:09:07,False,5.3119,0.01686,46.9359,0.7915,0x0c...8533,https://bscscan.com/tx/0x9684d875e96895c07de404c51d6eecb9ac2e75645f6d21bfec929cf091383a4a
2023-04-01 22:07:43,False,5.3274,0.01691,45.344,0.7668,0x2f...e155,https://bscscan.com/tx/0x3a510621673e297f1023f840fd888a2b37dbc9463d0f4424b8feca52f0741b93
2023-04-01 22:07:25,False,5.3456,0.01697,64.4787,1.09419,0x2d...7822,https://bscscan.com/tx/0x9bb5fc7b447ba34159d917f30f6f92339dfebcc2e08910bf016256bc61353703
2023-04-01 22:07:25,True,5.3696,0.01704,97.2054,1.65696,0x55...6f1f,https://bscscan.com/tx/0xa917d9311a8b24c33ab9d577ccb0fb33cf9ad9f4555d9ccdf86f2c2433bcd797
2023-04-01 22:06:07,False,5.325,0.0169,3.01026,0.0508,0x89...3571,https://bscscan.com/tx/0x27ebcaee839f2c603a6780ad318bd65375460e6896e3efea9df9d595e805d57f
2023-04-01 22:05:52,True,5.3207,0.01697,27.6629,0.4695,0x2d...7822,https://bscscan.com/tx/0x4fe0273e895b3a94f9d9b4abb1278108f43d9b74c7a621829f6ae0b8d03ff56a
2023-04-01 22:05:46,True,5.3102,0.01694,36.1797,0.6129,0x2d...7822,https://bscscan.com/tx/0xc38c8f981e0924f5132eca8ffea3aa6918a386e633130438fd07eee8aa024f05
2023-04-01 22:04:22,True,5.33,0.01692,2.85406,0.0482,0x2d...7822,https://bscscan.com/tx/0x5e54858f52fa5a8ca790e0b50cc79754e05bf2ed37f2a59bfcb464794c65fe8d
2023-04-01 22:04:22,True,5.3206,0.01689,54.1762,0.915,0x00...78d2,https://bscscan.com/tx/0xdf9c2e4a445bf4755af49c126644e8ff123c4738daaf94dd4fe601551c02f6db
2023-04-01 22:01:04,True,5.2797,0.01684,33.3681,0.562,0x2d...7822,https://bscscan.com/tx/0x091b81c33e447e34e9d8a4c78833b4c01b9934d1e579c78fa99ad9a45e325bef
2023-04-01 21:58:49,True,5.2421,0.01672,197.474,3.30283,0x2f...e155,https://bscscan.com/tx/0xb0650906e937d61d486cdfc34550e64dbb01fefdde3cdec82cf5d8efdff72d9d
2023-04-01 21:58:49,False,5.2178,0.01664,209.172,3.48226,0x16...9c34,https://bscscan.com/tx/0x325cc5c867bdfffe32c5746052616a19e8c78f3b54827f1acd7916251bb0615b
2023-04-01 21:57:16,True,5.2463,0.01673,194.092,3.24883,0xda...c952,https://bscscan.com/tx/0x83f24d7ee150b3bbb023e0aa765f86bc862c497eda70288640cfe939032c1eae
2023-04-01 21:57:16,False,5.221,0.01665,200.0,3.33161,0x59...6bb8,https://bscscan.com/tx/0x1bd5275e038c28b38f7c00741d4c54b23d03270f50c88b2d6b707fb99e4d03c8
2023-04-01 21:55:04,True,5.2734,0.01682,34.8435,0.5863,0x2d...7822,https://bscscan.com/tx/0x285bafbd64b87c11dea9fffae59e35fc3a2d744270e759c076e64887b85ecd86
2023-04-01 21:55:01,True,5.2493,0.01675,113.434,1.9,0x0f...8280,https://bscscan.com/tx/0x6e8a9066bf7ab092516f70348181d16d2cfca173626d73f13973cdc8cecbf827
2023-04-01 21:55:01,True,5.2152,0.01664,114.574,1.90662,0xd6...f5d2,https://bscscan.com/tx/0xa4a787794e81a16a08bc4a884cbd9d644f587eb64a332d50ef09754fe60b4820
2023-04-01 21:55:01,True,5.1867,0.01655,47.4726,0.7856,0xa8...5ce1,https://bscscan.com/tx/0x791b473535ea797fe39e74b58ee410941071a59cfb4caf65f36f995790565f51
2023-04-01 21:55:01,False,5.2012,0.01659,317.38,5.26738,0xbc...23a2,https://bscscan.com/tx/0x7939458bcf7eb18cfc42bf3b7ef73c1a699ab41d4e4c3ebb97a601f8ac7ebbe4
2023-04-01 21:51:15,True,5.2678,0.0168,81.4798,1.36958,0x2d...7822,https://bscscan.com/tx/0x93264ce33a1bbde88f07bff7d88a81e46fe226fbe2e44b3196ec8ce0ccfaea55
2023-04-01 21:51:15,False,5.2409,0.01672,77.6079,1.29783,0xe6...eb2f,https://bscscan.com/tx/0x1fa9ed242dc65ccc84dbfcd53fd8dc3267dad31fcc275f86cab5eaa20a8a0f8c
2023-04-01 21:50:21,True,5.2735,0.01682,39.6057,0.6664,0x2d...7822,https://bscscan.com/tx/0x575ec9870e6dc6fdbef7b8e976ee683e0718efc0c16260e8f00b22e75d9cbe0d
2023-04-01 21:50:18,False,5.247,0.01674,38.3085,0.6413,0xe6...eb2f,https://bscscan.com/tx/0xc679f554f0ddd631232f00ce3a0a5e225264dcf26e37711117e87e274070f226
2023-04-01 21:45:30,True,5.26,0.01678,123.994,2.08076,0x91...79fe,https://bscscan.com/tx/0xedd3b3559982485764e0fb39440711b66fd03e2029c60484861406fdfe360a0d
2023-04-01 21:45:30,False,5.2417,0.01672,172.829,2.89013,0xa7...3004,https://bscscan.com/tx/0x17944a680b6e8163d070847d2050fbe60902b2625af5caaecb78ea29f58289f8
2023-04-01 21:34:33,True,5.3198,0.01688,31.2305,0.5274,0x43...bdde,https://bscscan.com/tx/0x9df5a0b45464c24389459b99e6768faaccc3c1d9c30b0fe83890208b7f394278
2023-04-01 21:33:27,True,5.302,0.01683,60.5049,1.01841,0x2d...7822,https://bscscan.com/tx/0x819d008bb79850977acbc80a9608366cdb22f202d72e2f243a044b938953f5fb
2023-04-01 21:33:27,False,5.2736,0.01674,49.0627,0.8214,0xbc...f540,https://bscscan.com/tx/0x125d94ebcd9ab6368b80014028ee0997537150a2071acf260e64945d16107e07
2023-04-01 21:32:03,False,5.261,0.01678,50.57,0.8488,0xd2...c838,https://bscscan.com/tx/0x522d544df22690545f57d6a53bdd2418f64dc3e17bbcc830f06f1cc2e6503cfc
2023-04-01 21:31:03,True,5.3246,0.0169,1.95315,0.033,0x2d...7822,https://bscscan.com/tx/0xb7e99b7286faa43ada46014bdb862387350de95bd5c82c806b31e38e2811e6cc
2023-04-01 21:31:03,True,5.3181,0.01688,37.6238,0.6351,0xca...34d7,https://bscscan.com/tx/0x909c49ce0e0ac47ac208f82ba441fa4774923f2b85c1313a174191d82f846648
2023-04-01 21:30:45,True,5.2805,0.01684,30.4954,0.5137,0x2d...7822,https://bscscan.com/tx/0x3025c94a3b07edf3bf212cb48c7dc550223cf6a1141ee2fc6801bd0c0a5bdd51
2023-04-01 21:30:15,True,5.2703,0.01681,32.4949,0.5463,0x2d...7822,https://bscscan.com/tx/0x91693aff2ed01e809c3f33a80edff7bdd718f7e4d75670bf0e8649b02940e4a1
2023-04-01 21:26:21,False,5.2405,0.01671,10.0,0.1671,0x40...83eb,https://bscscan.com/tx/0x796793508c9f6bc925889dd74a0c441477085c4f0856c5326cf11f93e3b64cd5
2023-04-01 21:25:03,False,5.2691,0.01672,4.55711,0.0762,0xef...9271,https://bscscan.com/tx/0x5aa4f1b253802a2067cfa439bce5f8827efd899e73c4fb46e7de9f44c74198ac
2023-04-01 21:23:51,False,5.276,0.01674,39.7572,0.6658,0x2d...7822,https://bscscan.com/tx/0x82404931f5dbe03a19c40a0b05de49c255e22e37b03c1440acfda309dad0b746
2023-04-01 21:23:51,True,5.303,0.01683,36.5666,0.6155,0x7b...6975,https://bscscan.com/tx/0xf2dc9e31074a364c1a5132528e3de3dbed2be8c84dc9fa52cbcc33f4b6005c6f
2023-04-01 21:23:09,False,5.275,0.01674,28.2887,0.4737,0x2d...7822,https://bscscan.com/tx/0x7ae02c1bcef75ff5b67cf8126010db06704dc04f11b4f099953d40a05652c563
2023-04-01 21:21:00,True,5.2737,0.01682,35.0672,0.59,0xf1...e681,https://bscscan.com/tx/0xca20773393cac95c96b54dac9136bc05eff0f3af7d3d843efea20ae222f95fca
2023-04-01 21:17:00,False,5.2725,0.01673,28.3622,0.4747,0x2d...7822,https://bscscan.com/tx/0x039b83ccc7cef52e885f4563a36a57b1b1f781bcf038540fd5b44dedaf68f71c
2023-04-01 21:16:36,False,5.256,0.01677,32.1556,0.5392,0x2d...7822,https://bscscan.com/tx/0x1ac00727e42ca720c2a90d2f46717a2be465a5c5bb35d103e58b02b3c663c631
2023-04-01 21:14:15,True,5.3133,0.01686,4.63621,0.0782,0x93...749d,https://bscscan.com/tx/0xbdfc6a6574e70fdc596a6f7cd24acc0dab0b144357b24fcab2120223f17d15a7
2023-04-01 21:12:10,True,5.2996,0.01682,79.1219,1.33124,0x0b...5f90,https://bscscan.com/tx/0x1464ee37be59f9a281792a012603c256491bf20b417e3100dfbe78b5fe141d18
2023-04-01 21:11:31,True,5.2851,0.01677,9.28978,0.1558,0x2e...f345,https://bscscan.com/tx/0x86d57840851fbb9fa9e3181f7fe914f23cddd6e6b670d6fa48247770024dd3fd
2023-04-01 21:10:49,True,5.2831,0.01677,3.78482,0.0634,0x93...749d,https://bscscan.com/tx/0xc5df8100b5c94e0eaa7e8b66efdf13dab9a2a259a3966f3f69ce6ae8931ab00a
2023-04-01 21:10:10,True,5.2551,0.01676,5.87495,0.0985,0x2d...7822,https://bscscan.com/tx/0x24a3a4e8b69f49546bc3f50a3ac92baa69095bce9ba68565dd1b01b8770f6432
2023-04-01 21:10:10,True,5.2467,0.01674,45.9388,0.769,0x00...78d2,https://bscscan.com/tx/0x84a7a222dbc6ebfa0c1c0c5e1976a1382455dcfd6b17fcb2a22a6bfc548b8a5e
2023-04-01 21:09:28,True,5.2629,0.0167,15.2542,0.2548,0xf9...8e17,https://bscscan.com/tx/0x945b6c08530eece64d28550b2ff83fb871706c5e213e08f9b2f40ef687eca117
2023-04-01 21:05:52,False,5.2347,0.01662,9.97012,0.1657,0xa5...926a,https://bscscan.com/tx/0x8fcaa8de71120095e8d64132338145b3748131efd581694c14afd0e5edb974b8
2023-04-01 21:00:35,False,5.2396,0.01663,20.0,0.3327,0xa2...3096,https://bscscan.com/tx/0xbea0a253f97d337962a34b3ba86cdccf1301b5069c45cf304e491c7c90b7402c
2023-04-01 21:00:20,True,5.2685,0.01673,4.736,0.0792,0x2d...7822,https://bscscan.com/tx/0xe065d25fd6a1e96312f0097ccfb296259c94d2fb698f090751268f3857a9dfc0
2023-04-01 21:00:20,True,5.261,0.0167,41.3156,0.6902,0xe3...d2ff,https://bscscan.com/tx/0xc3ab20a4f020e186d7bbac12de0b935c1b181d9dca3dabab3f33ef586002b14f
2023-04-01 21:00:05,True,5.2224,0.01666,35.1028,0.585,0x2d...7822,https://bscscan.com/tx/0xb4264d2c504ca3e379380e8bca4a161c27ead72ababb5f535c646c7bf91064af
2023-04-01 20:57:05,True,5.2376,0.01663,30.8751,0.5135,0x2d...7822,https://bscscan.com/tx/0x1248ca0b63a95426cf033acebfcc49fe6068c39f0b9dae8508a82d97f902591f
2023-04-01 20:56:11,True,5.2027,0.01652,186.004,3.07327,0x2d...7822,https://bscscan.com/tx/0x52bc8ac485d94ac6bfe66df4c13d733a57a55a718023c652a9d0f647b03011b3
2023-04-01 20:56:11,False,5.1788,0.01644,198.732,3.26845,0x43...b691,https://bscscan.com/tx/0x14930e0bcef6f4f125626dd8bb3a16e8a1f08014d85bd91b13e0a3828f4208ef
2023-04-01 20:55:17,True,5.21,0.01662,0.7005,0.0116,0x34...8793,https://bscscan.com/tx/0x6d289d18fe32864f27c16a0cb633e7a0f32a9a6cb4dd5c2f95df12698b1c3404
2023-04-01 20:54:59,True,5.2355,0.01662,3.44,0.0572,0xe5...4cf7,https://bscscan.com/tx/0xdc00981f34f16b5f7b96679ffce3f589883fb155da03895d85f158e8c207ce7b
2023-04-01 20:54:56,True,5.2293,0.0166,35.1975,0.5845,0x2d...7822,https://bscscan.com/tx/0x4ae09bd9230e4e41325d45f39c329227475bcacfcd14f2160cc64b93ef0090bc
2023-04-01 20:54:56,False,5.2188,0.01657,132.848,2.20184,0x29...40ee,https://bscscan.com/tx/0x3fdfd76482d5cb9f381b7600333bfa530290bd86312578221ec37bd544ab4c7b
2023-04-01 20:49:35,False,5.2374,0.01663,1.0,0.0166,0x9d...5911,https://bscscan.com/tx/0x87c20b42f95cf12c9859c4910f18ee8aa228f2338f0a5f655e6bbc435ef94550
2023-04-01 20:47:29,False,5.2174,0.01665,21.0031,0.3497,0x9c...3f22,https://bscscan.com/tx/0xf8d02d9a23080dd1db802df4bb36ce264ceb12d5aac7cd9161f310202aba8248
2023-04-01 20:45:59,False,5.2528,0.01668,36.0858,0.602,0x9d...6dab,https://bscscan.com/tx/0x5252e30e3da73f99c8db4270beb94d9651a8abf03a1771021addb5da0670dce6
2023-04-01 20:45:38,False,5.2385,0.01672,38.0,0.6354,0x71...69e3,https://bscscan.com/tx/0x837e767ec3986be064e852345f2de330cbe70a18e7608735565060c2c9ff5a20
2023-04-01 20:44:53,False,5.2502,0.01676,42.9925,0.7206,0xb3...55e7,https://bscscan.com/tx/0x81d522018f014ce548866057272273bb20d64fab9819e5e56cd66cb1cec9c891
2023-04-01 20:42:53,False,5.2904,0.0168,39.6793,0.6668,0x34...7c76,https://bscscan.com/tx/0x95b04789622ebda098a1c21a8bb86edad6d53fbb4a8f811bb3b77adccd77f717
2023-04-01 20:42:21,False,5.2901,0.01688,118.005,1.99285,0x00...78d2,https://bscscan.com/tx/0xfb408f2d731561424731d5aaac494ad25944a727c1a2e255e06b9ed8d53365b8
2023-04-01 20:42:18,False,5.3196,0.01698,61.3,1.041,0xf5...4b5a,https://bscscan.com/tx/0xf269bba626c0673c8a87ff1dc79066d0dc32745e3ecd496bb374c27b9a8cb07e
2023-04-01 20:42:18,False,5.3556,0.01709,155.249,2.65429,0xe4...d3d0,https://bscscan.com/tx/0x05ce154f0464114ca36c065cd7b4c1feb76d8e73db847788a21d21aba8bbdfd5
2023-04-01 20:42:18,True,5.3718,0.01714,218.096,3.74006,0x88...1404,https://bscscan.com/tx/0xe81c8ec0d555c66913c197c1a5dac73eedb53afaafadb2acbbdfb43da8202141
2023-04-01 20:42:18,True,5.3097,0.01695,155.249,2.63156,0x07...bea8,https://bscscan.com/tx/0x2cf1fc37038c124b7e531a755835240ed61b5b8889fbb5e03a8227b0b003dc72
2023-04-01 20:42:06,True,5.3103,0.01686,2.29086,0.0386,0x34...8793,https://bscscan.com/tx/0x998d6290ed7e8deeb4ddb4eef23172ed62f2d5956a0c0f0e07d1092222a608d7
2023-04-01 20:41:06,True,5.3105,0.01687,7.63798,0.1288,0x0d...c91f,https://bscscan.com/tx/0x3f4b65294fc0db697014afd5fd040af1cf90000050061517e0a7622b0ca83410
2023-04-01 20:41:03,False,5.2876,0.01679,46.0043,0.7728,0x43...fe22,https://bscscan.com/tx/0x3133f2dc0a2b1a917236bbda0b425a4b1f66401aa32387e033a567ab4bdb8432
2023-04-01 20:41:00,False,5.3038,0.01685,52.8003,0.8896,0x3e...a7c8,https://bscscan.com/tx/0x9b414042b66f6a00f33e32fd7697c77a0f39b5d56df6c28a06d5b71a02cae715
2023-04-01 20:39:57,False,5.295,0.0169,49.1511,0.8308,0x00...78d2,https://bscscan.com/tx/0xfc9e164587c464e557d29e46a151331cc76a2296c4aa66b1fdd79d70bacf0566
2023-04-01 20:39:18,False,5.3091,0.01694,37.4097,0.634,0x52...1c7e,https://bscscan.com/tx/0x94e00009c76ddf7f0f005c7d0923c93f3f24fd934611654d1167daf015be2ca9
2023-04-01 20:38:30,False,5.3217,0.01699,40.2964,0.6846,0xda...6e1f,https://bscscan.com/tx/0x64036086ad03bbc7fe3927a3695199a8b1921f06167a84ac6ac34ddef7b0152f
2023-04-01 20:38:18,False,5.3593,0.01702,24.3684,0.4148,0x2d...7822,https://bscscan.com/tx/0xd84318359bceacea3a2e2dbd5d85b3417ab0f3ce72af1c6f20a97c02dd01e67c
2023-04-01 20:38:18,True,5.3773,0.01708,77.156,1.3179,0xd8...47bd,https://bscscan.com/tx/0xc89c6c999f80dd4780cb6da2617460ec7c5fb1ca2a72f955efd5bd6f707222f4
2023-04-01 20:37:48,True,5.3562,0.01701,49.7036,0.8456,0xb3...55e7,https://bscscan.com/tx/0xc30de8b7c9b51cf587287527a12d70c17303099ce3d1eac29f31e8dabd80797a
2023-04-01 20:35:24,False,5.3283,0.01691,25.15,0.4254,0x2e...f345,https://bscscan.com/tx/0x5738a6143e258200f1b4f3c177e3c85e7c4159015e6b709fcc7a241149296fd0
2023-04-01 20:35:18,True,5.3463,0.01697,77.7061,1.3189,0x91...79fe,https://bscscan.com/tx/0x39613625263d131a17e3c7e8deb11af42c96650c97329742a4cf7359e09253dc
2023-04-01 20:35:15,False,5.3192,0.01688,75.45,1.27412,0x2e...f345,https://bscscan.com/tx/0x138e44fbd07b857da44d506a5d0d9cb40bc47062b670b69d291c1d48f253e469
2023-04-01 20:35:15,True,5.3544,0.01699,24.3684,0.4142,0x2d...7822,https://bscscan.com/tx/0x7cfd3442b8628e03f0cd38bb8d6fc87279c079f2d79260cc62a6e19c3f93f7b2
2023-04-01 20:33:06,False,5.3012,0.01692,39.8246,0.6739,0x34...7c76,https://bscscan.com/tx/0xcb3596e0ae27a4d935ebc647fb185c9be27473cdc335c5f2e6ec611eadd87da5
2023-04-01 20:32:18,True,5.3575,0.01701,17.7616,0.3022,0x4a...e1c5,https://bscscan.com/tx/0x5696399f3c63d40f12d07186993a373df2f09066e118ec20f613d12de86908bc
2023-04-01 20:29:39,False,5.3434,0.01697,94.3892,1.60213,0x00...78d2,https://bscscan.com/tx/0x1cd171c4521ce63a79136e097a69d7893b5e383eab20fbbe88d0b22efa58b637
2023-04-01 20:29:36,False,5.3828,0.01709,141.181,2.41398,0xdb...8aba,https://bscscan.com/tx/0x95639807a4498b21312fb3f51276e20ded54a2dede7069ef818e2cfaba33892c
2023-04-01 20:29:36,False,5.4359,0.01726,173.136,2.98961,0x84...b415,https://bscscan.com/tx/0x541bc62e839001cbaff23a40b887c13a022b59942307ee7d4a86aa4fd70d67ce
2023-04-01 20:29:36,False,5.4809,0.01741,89.6687,1.56115,0xbd...a89e,https://bscscan.com/tx/0x6e4048ca28912ce727cb81afa76188414137321e6f97af37de2f233a9dfb55f0
2023-04-01 20:29:36,True,5.459,0.01734,376.416,6.52728,0x88...1404,https://bscscan.com/tx/0x1f97b852b784027a13e07369f5916a4da37d74485ee5f84f46acbcd96683f141
2023-04-01 20:29:36,True,5.3659,0.01704,173.136,2.95111,0x5f...44ea,https://bscscan.com/tx/0xca5bad811589dd1386eaf1615f91ae49d2345f2fc202772eac8100f92a0343e9
2023-04-01 20:29:00,False,5.3332,0.01694,138.579,2.34776,0xb3...55e7,https://bscscan.com/tx/0x1ce388d0b5d40b00a5470f7fab96136d9f75bac57e104fe1649d73a62b0e2894
2023-04-01 20:28:57,False,5.3824,0.01709,156.846,2.68175,0xc1...bc88,https://bscscan.com/tx/0x9ddc7cb71db185beae65a911c958e13a88c6d59b9eefb6274990cf2e753ad402
2023-04-01 20:28:57,True,5.4047,0.01716,184.162,3.16183,0x88...1404,https://bscscan.com/tx/0x1cc5c3b92d4629bfccc5aa69873cbedb17f8757bd0d2f82db253473f81b7c27a
2023-04-01 20:28:57,True,5.3475,0.01698,156.846,2.66439,0xd7...9f4a,https://bscscan.com/tx/0xbe7ea212d10e7eedf2005c93cf9a0b5a26a21438a0f460534a03bc339e0b02aa
2023-04-01 20:28:36,False,5.3413,0.01696,279.541,4.74304,0x95...e4fb,https://bscscan.com/tx/0x7bf50d80ba3a1b41f7b0eacfa07f45176136d6d5954f1779afeb22187ea8bfe2
2023-04-01 20:28:33,False,5.3931,0.01713,31.0123,0.5312,0xd4...cc47,https://bscscan.com/tx/0x31202cce0af27d9e957663d358fed5115f187af042cae1330440c959e956b5b4
2023-04-01 20:28:33,False,5.4222,0.01722,141.38,2.43517,0x00...78d2,https://bscscan.com/tx/0xd73e0a6d17c601e8ea6b94afe5adbc0be90b755259ec7857df9c563a493a19ee
2023-04-01 20:28:30,False,5.4705,0.01737,141.38,2.45685,0xdb...8aba,https://bscscan.com/tx/0xfa6be47bc17c8e3252ff413c4830fad12a8ef7d1bfe99d2c13b1c29d228a72b2
2023-04-01 20:28:30,False,5.4996,0.01747,27.3563,0.4779,0xe8...670d,https://bscscan.com/tx/0xcf46b6eb7758f267f1f26d6d3b8d810dd4d2776418a7a2075ca83a0c3c9d4451
2023-04-01 20:28:30,True,5.4847,0.01742,272.103,4.7408,0x88...1404,https://bscscan.com/tx/0x11edad2cf9f835ed10015ee6507dd4ddba6d09269eb9e51995867edc6950326b
2023-04-01 20:28:30,True,5.3908,0.01712,279.541,4.78693,0xb0...9330,https://bscscan.com/tx/0x90a6afb04d6e471f6c8eb75fa4557a5a8cc39061bef7565ef755369fe28dc9b5
2023-04-01 20:28:09,False,5.354,0.017,221.154,3.76131,0x56...0086,https://bscscan.com/tx/0x91a7b9bfdb7d5f5966ebb797b227353a5333e7c773fb2caea2e4f4e66a883dcf
2023-04-01 20:28:06,False,5.4181,0.01721,160.512,2.7626,0x9f...5c25,https://bscscan.com/tx/0xc10393c26bb82042230305e2b2389dd145e822b2ad26146649bc71f049c0a62f
2023-04-01 20:28:06,False,5.4532,0.01732,46.1077,0.7987,0xd3...49ea,https://bscscan.com/tx/0x3adf8e325bb41b03a4f8437578d69ef6b4883bf5a8c5de8d8e297e329f324fdf
2023-04-01 20:28:06,True,5.4415,0.01728,274.276,4.74099,0x88...1404,https://bscscan.com/tx/0xc868ab384d9ad08f3b8ec7f5c3878aa532efeb429c4e350ac7b4d0a59bea96ad
2023-04-01 20:28:06,True,5.368,0.01705,160.512,2.73708,0x9f...5c25,https://bscscan.com/tx/0xc86fdacd909cdc7da33189721f75c675565a0220376b104940da2e0d279f696f
2023-04-01 20:27:45,False,5.295,0.0169,42.2505,0.7142,0xaf...847e,https://bscscan.com/tx/0xf19d5b817fb11de56507e6ef4742e6ce25db626c0a60e2377f197fd070c68a4c
2023-04-01 20:27:42,False,5.336,0.01703,205.4,3.49908,0x3b...290a,https://bscscan.com/tx/0x26b791e1750969405edccaaa26b51458df9458d7605a5b617df6f0b4976c6a26
2023-04-01 20:27:39,False,5.4229,0.01722,152.394,2.62523,0x84...b415,https://bscscan.com/tx/0xb4596baa3cf31eee74dbb8f6ac805d981599c162f085df024ff93b8726fb982b
2023-04-01 20:27:39,False,5.4536,0.01732,27.6585,0.4791,0xb4...c8b9,https://bscscan.com/tx/0x7e4d5ce468bfb634c9642abdb572fb49e4c187248ab7281418797ac13f9841de
2023-04-01 20:27:39,True,5.4418,0.01728,255.97,4.42483,0x88...1404,https://bscscan.com/tx/0x104970838a8aecf051b184f45529348fd2e3dd9109e0d0f50313bb0c18624c75
2023-04-01 20:27:39,True,5.3728,0.01706,152.394,2.60095,0xfb...45b9,https://bscscan.com/tx/0xcb69c39abbf84602d7065e8c7862fe1385855591a24fe55e6345830c9b8ae3e5
2023-04-01 20:27:03,False,5.3264,0.01692,42.9482,0.7268,0x00...78d2,https://bscscan.com/tx/0x44201056efb557ee941c4700dad8067db1ed4344df0a8fc6004abe7b4a239733
2023-04-01 20:26:54,True,5.3599,0.01702,7.0,0.1192,0x88...1404,https://bscscan.com/tx/0x90e888129c790efe593ec6a52886a4c37d74bf05e680486ee2c8333f6e643039
2023-04-01 20:26:22,False,5.3754,0.01707,261.635,4.46826,0xca...34d7,https://bscscan.com/tx/0x4c6587aeb183134542c448768750260ed7fad9ca90f436fe43d429989b64c678
2023-04-01 20:26:19,False,5.4434,0.01729,140.823,2.4354,0xdb...8aba,https://bscscan.com/tx/0xb1e78a9959bf2d301c38400266dbb5a4d7afe849c37442b3d1152ace7efb1e17
2023-04-01 20:26:19,False,5.4788,0.0174,65.6939,1.1435,0xeb...fa09,https://bscscan.com/tx/0x4af32e7395e5245a3c54aa55780fb717d684737795782ace205b1d7d98376ba4
2023-04-01 20:26:19,False,5.5246,0.01755,198.068,3.47649,0x70...4442,https://bscscan.com/tx/0xa77d768aaa54f49c8de4ed85a2ec684884e71d7c3a1420da7140e235d750d7f0
2023-04-01 20:26:19,True,5.5081,0.0175,451.131,7.89462,0x88...1404,https://bscscan.com/tx/0xf381d76356cb8a5d7b4447ea00db25b2a31afec171831368131f0bf6d8c9a74f
2023-04-01 20:26:19,True,5.3968,0.01714,198.068,3.39612,0x70...4442,https://bscscan.com/tx/0xd87e4ff8878ab2b86392546960560e67427bf4edb5863cd8e62de3ad529d84f6
2023-04-01 20:26:16,False,5.3431,0.01697,37.7833,0.6413,0x34...7c76,https://bscscan.com/tx/0x0361da0f1bc7dc7c5c07e6d289dd801a3a0ce62217582332409c8dfdddaecbdc
2023-04-01 20:25:56,False,5.3766,0.01707,140.63,2.40057,0x00...78d2,https://bscscan.com/tx/0xf4f7fcabbe150fef2ff981722b859de013c86e42e147d36f1225f5e207383c7f
2023-04-01 20:25:53,False,5.424,0.01722,140.625,2.42165,0xdb...8aba,https://bscscan.com/tx/0x3879f7912e5e07b540306e6ff717dc3dec1e008ffb3f76a1313ffbdb2af072ed
2023-04-01 20:25:53,False,5.4579,0.01732,58.4738,1.01325,0xe6...4a9c,https://bscscan.com/tx/0x61598b0fee9ad9fef7bdc6260641462763abe89de1a3adb268c174b63f50be85
2023-04-01 20:25:53,False,5.4954,0.01744,159.003,2.77419,0x7f...b0fd,https://bscscan.com/tx/0x6cfa4f5190f7f28910adf50cb879c60e52cc0450f839c50d4499f906cb39ef1a
2023-04-01 20:25:53,True,5.4822,0.0174,394.529,6.86687,0x88...1404,https://bscscan.com/tx/0x4908d093c05803fb98a1f00e49b4d096b83e2e38339383b4c93535f63da4b808
2023-04-01 20:25:53,True,5.3878,0.0171,159.003,2.71987,0x7f...b0fd,https://bscscan.com/tx/0x54946ef595c2f9c51483932d521a2e708ec2f29472ea4e1915604ad634b62aeb
2023-04-01 20:25:50,True,5.3608,0.01702,2.74606,0.0467,0xa8...ffc1,https://bscscan.com/tx/0x1550224af9386cbb831c811c9429d6509f054ec1c0b489814a60fec3c7531644
2023-04-01 20:25:36,False,5.342,0.01696,49.9489,0.8471,0x67...b7c1,https://bscscan.com/tx/0xdef23b8873c4c77280bd5317cc51e131bfbe3f1eacfe29a47aea747438926c54
2023-04-01 20:25:31,True,5.3718,0.01705,31.5325,0.5377,0xa4...13ed,https://bscscan.com/tx/0x33ad8a191b1198632ea22c9545aed13c98febae0492e03a4b253464490f538eb
2023-04-01 20:25:31,False,5.3544,0.01699,87.8757,1.4938,0x56...0086,https://bscscan.com/tx/0xf0b315d79b14bdfb9e0eb6f7c2dfbde64e38bbc5133cda09d5a1a048a03ac1e1
2023-04-01 20:25:28,False,5.3961,0.01713,161.28,2.76299,0x9f...5c25,https://bscscan.com/tx/0x7c4d5b11e74b34d586eebdf751f3908110bf53a00870e567fb9072f00afe4eab
2023-04-01 20:25:28,False,5.4473,0.01729,140.691,2.43312,0xdb...8aba,https://bscscan.com/tx/0xaab26138ada1d9c976189d20095c51037eec2ffed9cc7c56d479b6113f94d25f
2023-04-01 20:25:28,False,5.4723,0.01737,5.34965,0.0929,0x6f...777d,https://bscscan.com/tx/0x98f101d1fb4459cdabef3c803c22da282e308b9d57476752624eca73e5a539ab
2023-04-01 20:25:28,False,5.4792,0.01739,34.6279,0.6023,0xbd...a89e,https://bscscan.com/tx/0x6ccb2da9d73cdf927e8d6ed9e7e44b97ded1e7d04408f1757ea85a163aa09ff9
2023-04-01 20:25:28,False,5.4925,0.01743,42.2868,0.7373,0x7c...295c,https://bscscan.com/tx/0x42467d02aea3f5c0fed7efdf09899496a1780984c093f70abca5b37bcf5e0a58
2023-04-01 20:25:28,True,5.4644,0.01734,364.167,6.31775,0x88...1404,https://bscscan.com/tx/0x518b28688b2911c4a344d5857a40e8b246da27965b5b123babe9644d333676b5
2023-04-01 20:25:28,True,5.3753,0.01706,161.28,2.75231,0x9f...5c25,https://bscscan.com/tx/0x65d91cac8ce8e08332c1bcf2d3effeed55ee18a7a02924d2a3592790222ab8bc
2023-04-01 20:24:57,False,5.3263,0.01699,188.803,3.20866,0x2c...015a,https://bscscan.com/tx/0xf801e0d016ea02b954893ef95ca3c0e05a23188da380070abd2534d33bb96078
2023-04-01 20:24:54,False,5.3614,0.0171,22.6751,0.3879,0x00...4fd8,https://bscscan.com/tx/0x01c15520c1b6c7e01436c015509412cc871dc196c710262e5ab8b9888b08f006
2023-04-01 20:24:51,False,5.4179,0.0172,152.958,2.63104,0x9f...78eb,https://bscscan.com/tx/0xeafd18d65adc24af5ef4fb161c41ae1131161195370ad66cd872ae9319c01fe5
2023-04-01 20:24:51,False,5.4522,0.01731,48.7942,0.8446,0x5b...86f7,https://bscscan.com/tx/0xa1b4e52cfd21468038ba602b24b0e981192946620cbca43c5d381b63a3a9548a
2023-04-01 20:24:51,False,5.469,0.01736,48.8476,0.8481,0xae...1800,https://bscscan.com/tx/0x9b52c15d866478c6d40e444eefa8117411eabdc294abcc9536403bbd8c265edb
2023-04-01 20:24:51,True,5.442,0.01727,365.64,6.31738,0x88...1404,https://bscscan.com/tx/0x18ce94704bf620896f9e085f6def4322acd98892b05591070e2b0ff55ebb0465
2023-04-01 20:24:51,True,5.3545,0.017,152.958,2.60027,0x27...4240,https://bscscan.com/tx/0x33026955c8f955a12a98d7d3fce8f9dd4817578346f27ca4b6d476395d56f611
2023-04-01 20:24:31,False,5.2826,0.01685,40.0256,0.6746,0x43...fe22,https://bscscan.com/tx/0x83cc05c1717679f0fef01d830d2ae877b19f2b93cea769429523fb529ef83798
2023-04-01 20:24:28,True,5.3106,0.01694,30.8929,0.5234,0x24...8a94,https://bscscan.com/tx/0xfe7b21d949c3d634e0c69eec7416efb690a26a7469459a40b0fae37287efcb4d
2023-04-01 20:24:28,False,5.3186,0.01697,240.33,4.07855,0xe3...d2ff,https://bscscan.com/tx/0xe1aeced017ff9a680e10911556460eb7f2ca64bf5228e46ab780694cf1076de9
2023-04-01 20:24:19,False,5.4116,0.01718,157.714,2.70987,0x31...de83,https://bscscan.com/tx/0x580611ab69a47e6023446d46c40238f52905caababdb3257892d2232a9bb9315
2023-04-01 20:24:19,False,5.4438,0.01728,32.3802,0.5596,0x2e...5cc9,https://bscscan.com/tx/0xfe54cd7f4cf8d9e7c2ff1450576f3f1f3eb5ebf73a7a05b3a1e28b91af1cce38
2023-04-01 20:24:19,False,5.4554,0.01732,35.1689,0.6091,0xbd...a89e,https://bscscan.com/tx/0xd00760f2073b643a6ad42a36e8ea22a1164bce69c109ad5c1b45f03f29a1bfa6
2023-04-01 20:24:19,False,5.4696,0.01736,47.8622,0.8312,0x95...36d4,https://bscscan.com/tx/0xf6f8b212959e0c14e989a57eb430b013216e7daed3e241bb359fdbca3ce3423b
2023-04-01 20:24:19,True,5.4425,0.01728,365.577,6.31734,0x88...1404,https://bscscan.com/tx/0xa8edd2d66f080ee5db778b38ddfe04122f7a06631e2f9e2713cadd4124a9b199
2023-04-01 20:24:19,True,5.3543,0.017,157.714,2.68116,0xd7...9f4a,https://bscscan.com/tx/0xf6c0ca1fd4dc8b5bc32ca8b079b945bc59cb0b942e4f4766e9d25406468b5020
2023-04-01 20:23:40,False,5.3178,0.01688,99.5323,1.68057,0x00...78d2,https://bscscan.com/tx/0x0f0cde4db67a689cb5153bf8ca46fd26f9eb839b22f883da5764e23c5929fe40
2023-04-01 20:23:35,False,5.3473,0.01697,79.0291,1.34179,0x2d...7822,https://bscscan.com/tx/0x48ce2bc526a7eef5a2158683e5cd47a83947baab17dbda0ba913b2b1ad105f13
2023-04-01 20:23:35,False,5.3874,0.0171,160.455,2.74469,0xe0...c7f6,https://bscscan.com/tx/0xb502dff365696afbe6e6b179839b0baa1a3bd7236b41f751dc35f01e3d352cd7
2023-04-01 20:23:35,True,5.4103,0.01717,184.032,3.16137,0x88...1404,https://bscscan.com/tx/0x5fac89250fd73356fc79a1c72a7b82be3996125bdd9ff45da8c55cfbab68bebb
2023-04-01 20:23:35,True,5.3525,0.01699,160.455,2.72692,0xe0...c7f6,https://bscscan.com/tx/0xd4a9b1ca31417d9ab20e0e23c6fc88a64c050ad49a2624bee18a70b5e0e02a33
2023-04-01 20:23:10,False,5.3022,0.01683,18.0969,0.3046,0xda...6e1f,https://bscscan.com/tx/0x2ffb682343bd06afb5e374c5748a88de676eea5d2cf04b0e862a22f82cd3dbcb
2023-04-01 20:23:07,False,5.3019,0.01691,141.902,2.40088,0xdb...8aba,https://bscscan.com/tx/0x7d2a86da69d221edb058f1a02886dc7b6bf8f273dbc5c2de0600f8a497950958
2023-04-01 20:23:07,False,5.3309,0.01701,33.6807,0.5729,0x37...bfe9,https://bscscan.com/tx/0x3e65f795a1c021fd5ec98e661e001df3c165d7a3254f1fac066b17b244e7ab65
2023-04-01 20:23:07,False,5.3835,0.01718,280.714,4.8226,0x33...2085,https://bscscan.com/tx/0x334c2f4bea896a8f581ec7225a82ec8bddd737793b1023b560d15734f371cc0e
2023-04-01 20:23:07,True,5.3958,0.01721,367.167,6.32213,0x88...1404,https://bscscan.com/tx/0xf857bc970cd00be338a7a01a6fa09647a9238765f83ca133792b5b41c1cf88e7
2023-04-01 20:23:07,True,5.3139,0.01695,122.645,2.07974,0x33...2085,https://bscscan.com/tx/0x034341683624e4080d7ec9f20baed50e6e547521934dcccd0a5fd3f17b737256
2023-04-01 20:23:07,False,5.2875,0.01687,123.254,2.07968,0x2d...7822,https://bscscan.com/tx/0x34b0b31d2f5a953274ea4f6c7489702549cfb50e800d6a34694ce0d6e469af25
2023-04-01 20:23:07,True,5.3082,0.01693,158.07,2.67757,0x33...2085,https://bscscan.com/tx/0x3a99dedc17e3011d9f1fa9b28d78c90afa4e20f103b6ba6476da85544a24b3c0
2023-04-01 20:18:00,True,5.3022,0.01683,36.7429,0.6186,0x2d...7822,https://bscscan.com/tx/0x924618d45d6dbff561a154bb891a8ee92e92b853ebee21e42db19745dcddc202
2023-04-01 20:17:06,False,5.2708,0.01673,6.26087,0.1047,0x78...18c5,https://bscscan.com/tx/0x8a462a4f5fe3818eda408cecf4f6ab0bbdad26752697a3f0786a73f99dae9d58
2023-04-01 20:17:04,False,5.2708,0.01673,6.26087,0.1047,0x78...18c5,https://bscscan.com/tx/0x8a462a4f5fe3818eda408cecf4f6ab0bbdad26752697a3f0786a73f99dae9d58
2023-04-01 20:16:22,True,5.2658,0.0168,36.7189,0.617,0x2d...7822,https://bscscan.com/tx/0xb591204af9882aa161efc27a9694f9cf942c66b4a1f8d1245fc135485d012f07
2023-04-01 20:15:21,True,5.2811,0.01677,30.6884,0.5146,0x2d...7822,https://bscscan.com/tx/0x75279858f277d2aa7c5a1d9953ca30b4c24b2e4ee7819b83fe652fc2dc3f3580
2023-04-01 20:14:08,True,5.2709,0.01673,30.7676,0.515,0x2d...7822,https://bscscan.com/tx/0x45333702920e4022c7c56f03e7e7c64b1f0e7322eb8f63efad4691eb40ae87a5
2023-04-01 20:13:23,True,5.233,0.0167,37.3898,0.6245,0x2d...7822,https://bscscan.com/tx/0x053985b829cba03e88b903676a04781661b3707a3962323dfd22d68082912dd5
2023-04-01 20:13:23,False,5.2074,0.01662,56.5788,0.9404,0x23...97ae,https://bscscan.com/tx/0x73b61f2f6d7e0c7fdef92dbf1dab6e1c9048669e09dbd552364d1963d7122c2c
2023-04-01 20:09:14,False,5.2555,0.01669,65.0,1.085,0x68...5bee,https://bscscan.com/tx/0xdf811c9cca126023326bae1b1601babc4a29a3a67aa9c638239097d6f9ecfd12
2023-04-01 20:06:08,False,5.2661,0.01672,1.09902,0.0183,0xe5...c62f,https://bscscan.com/tx/0x460c86610384af9d7e2bc75d49b030543977910aa6df92ccb5cbe143835757cd
2023-04-01 20:03:35,True,5.2616,0.01679,29.9756,0.5034,0x2d...7822,https://bscscan.com/tx/0x767aef7128b312560a2c6dc07d124953954c1e392ff53b60ca7c983fe58e2435
2023-04-01 19:59:47,True,5.281,0.01676,29.7771,0.4991,0xf3...ccae,https://bscscan.com/tx/0xf2cd6a4e0c20543c515090398c955303356ebb12b2a7c188bd241d29946258cd
2023-04-01 19:59:47,False,5.2679,0.01672,111.464,1.86398,0xc3...157a,https://bscscan.com/tx/0x82c44276befb262b480e609bbfebd424f86cab9e1000bd92daa91dfb0e8fb832
2023-04-01 19:59:44,True,5.309,0.01685,21.3864,0.3604,0xbe...a1f7,https://bscscan.com/tx/0x06697924d0c1ba212cf6dbb186f7808aaa7aa8c9b6b109db93f274f54abedb56
2023-04-01 19:59:44,True,5.3046,0.01683,5.5973,0.0942,0x13...1236,https://bscscan.com/tx/0x894a2a07a09facf84b39d5135ad8b0a7f710e36925b43d473e1b278587642cbf
2023-04-01 19:59:44,True,5.2908,0.01679,78.3091,1.31524,0xa8...68dd,https://bscscan.com/tx/0x966247036864505724822a8441a3361f814ed327c65bf39836f2347eb18d6549
2023-04-01 19:59:44,False,5.3074,0.01684,340.448,5.73592,0xa0...cc8d,https://bscscan.com/tx/0xd4c1c955968d5ac62bbb5f01af353a00f5dbeaff62da04ccc210cf00e9840745
2023-04-01 19:59:41,True,5.3854,0.01709,30.1079,0.5147,0x00...3c90,https://bscscan.com/tx/0x1279b18faaf276c13a3a6a375b949d32d12e9301cc865ba361ff45c10ddaeed5
2023-04-01 19:59:41,False,5.3774,0.01707,143.039,2.44174,0x00...78d2,https://bscscan.com/tx/0x375e63a495a19912990d375b5c2da067a917ef4cc0d59ff493e56a9fa1274cc9
2023-04-01 19:59:38,True,5.4185,0.0172,58.9149,1.01339,0xed...9a96,https://bscscan.com/tx/0x34b8fe726863252538a24acaf9f4a5027ef6ef88344238dbdcfe132f598b35e1
2023-04-01 19:59:38,False,5.3918,0.01711,61.2,1.04751,0x9b...dd54,https://bscscan.com/tx/0xf70c8ee36c62b7d486803909ac555a751466aa5ce6f8e86c5395fe633b414c3a
2023-04-01 19:59:38,True,5.4273,0.01722,11.2773,0.1943,0x05...ca10,https://bscscan.com/tx/0x2be852f8e03e1a7d4d7b480049e8f199a3c5af994c8bfe37fba0671d068a87c5
2023-04-01 19:59:38,True,5.3914,0.01711,201.605,3.45042,0x22...1ffd,https://bscscan.com/tx/0xb41357a4b20fc0d7fd85c0033485912df5508495099afec174e49cdf75d056c6
2023-04-01 19:59:38,False,5.4932,0.01743,951.68,16.5955,0xb0...a41e,https://bscscan.com/tx/0x8e0a705c21a7cd6eef2a9341c4aa961ce6342ddd6a1e7667fd77564e5d23765e
2023-04-01 19:59:35,True,5.6556,0.01805,7.06707,0.1275,0xe9...f087,https://bscscan.com/tx/0xea53dcd789146b9ebed3806e8f2ad4fcb8fa21a9207744ee10112989ce374ecf
2023-04-01 19:59:35,False,5.6264,0.01796,1.7253,0.0309,0xe2...431a,https://bscscan.com/tx/0x18d9fe9541b1ec6c5fb3dd98b83430faf1aefa364f96da778fe6790e6b0b7278
2023-04-01 19:59:35,False,5.6526,0.01804,143.084,2.58187,0xdb...8aba,https://bscscan.com/tx/0x3e4de042252c038dfcc5b6037afe2e72487d4e6f2e682b1871e5f06badadeaa2
2023-04-01 19:59:35,False,5.7217,0.01826,234.731,4.28736,0x7c...e417,https://bscscan.com/tx/0xeea01c22cd77f63aea012262d377856b73c7c12fffd6e05b98c168be3183ef11
2023-04-01 19:59:35,False,5.797,0.0185,169.789,3.142,0x2d...7822,https://bscscan.com/tx/0x50292a81db48599157e620d8c614c42587e4915b289accb51bba52cc73c70734
2023-04-01 19:59:35,False,5.8325,0.01861,18.347,0.3416,0xd4...e993,https://bscscan.com/tx/0x1232125b2e21a5243a96a2a996a4f4e6786ac1e934e46693f72548ae36b3095e
2023-04-01 19:59:35,False,5.8367,0.01863,3.94092,0.0734,0x0b...56cd,https://bscscan.com/tx/0xdf3507a22d141ae75ca847570e8e26a39ca43f7c4ca248226253cb81cd6b9706
2023-04-01 19:59:35,False,5.8393,0.01864,9.91896,0.1848,0xb9...d4cd,https://bscscan.com/tx/0xd4decd388c5c2d4de15715ece9201e7baaff24cfa97d04104ade15bdc413e3d2
2023-04-01 19:59:35,False,5.9142,0.01887,378.517,7.1462,0xbd...a89e,https://bscscan.com/tx/0xf793826014431046fa81a793774a1db0f70e08938ddae4f2c3e85c82694a348d
2023-04-01 19:59:35,True,5.6444,0.01801,2000.0,36.0362,0x88...1404,https://bscscan.com/tx/0x4ee2313d0ada8117e0a855a6990924cd043379eab801cf0ff5ba7027ae077ddb
2023-04-01 19:59:35,True,5.2702,0.01682,149.734,2.51911,0xac...ee49,https://bscscan.com/tx/0xae99f548b75c7b736094303152d72f381165bb0044688611c34b39df4b34a6be
2023-04-01 19:57:56,False,5.2517,0.01668,37.1046,0.6189,0x2d...7822,https://bscscan.com/tx/0x24c671f7121e80678dcc77c9e7b90544661d005888af86e1560e95a58936d04b
2023-04-01 19:54:26,False,5.2623,0.01671,32.6758,0.5462,0x2d...7822,https://bscscan.com/tx/0x2d276f7dedbd5c2edd6e25c6308e2722dbc08387371a8701a3eed887821ffaa0
2023-04-01 19:53:52,False,5.2462,0.01675,30.8488,0.5167,0x2d...7822,https://bscscan.com/tx/0xa3b06f1feab2017349bdc8075002b64aa0298bdb6d2d014d2db8791bf80a3ee3
2023-04-01 19:52:00,False,5.2762,0.01677,11.2273,0.1883,0x09...29db,https://bscscan.com/tx/0x60cf15ea2e70a7b08afe7ec70aa96a563f58617a7dc0c6e8232aa7a0cdaac219
2023-04-01 19:51:39,False,5.3026,0.01685,150.12,2.53046,0x2d...7822,https://bscscan.com/tx/0xe0ad0739effee0bb571441c5fb785fa9b9807eced8af987e61a67fbaf70131f3
2023-04-01 19:51:39,True,5.3211,0.01691,198.653,3.3602,0xb5...fe41,https://bscscan.com/tx/0xa51f272a26e9167ad5c63d0557d8b22132255dab6c87888e732f96259ac1e3e2
2023-04-01 19:49:02,False,5.2664,0.01674,28.9355,0.4844,0x2d...7822,https://bscscan.com/tx/0x3c7045c8755e13801a6c575dc0ff3252cb3e9afe3b94decc408c6fce1da7f9d0
2023-04-01 19:47:44,False,5.2903,0.0168,81.609,1.37099,0x52...1c7e,https://bscscan.com/tx/0x41c445d77e0dc227e5ed0e0087ccb47d720aa831cd38b5dff16cf08d62b8385a
2023-04-01 19:46:53,False,5.2774,0.01684,2.40743,0.0405,0x6f...1a36,https://bscscan.com/tx/0xf9e4b027f60626fc2246db47e6f6878d97b4c94997ad4e403c8270ac66bf29ab
2023-04-01 19:46:26,False,5.2845,0.01686,40.6828,0.6861,0x52...1c7e,https://bscscan.com/tx/0x81fe76d51e7e90c43d5b68726d499892bf23e37d3890a6efd38e6fa5fc978573
2023-04-01 19:46:20,True,5.3023,0.01692,93.7913,1.58716,0x1e...6c06,https://bscscan.com/tx/0xee214d659cf119a6e58eaff7a5ef9d230d446494d443c6d6874d6a69e8d6c037
2023-04-01 19:41:20,True,5.3075,0.01685,28.3265,0.4775,0x2d...7822,https://bscscan.com/tx/0x859b64c208ffb52adcb8ab8f067c5004bf75a871b768876db42cd80eea8a75dd
2023-04-01 19:40:14,True,5.2966,0.01682,36.6231,0.6161,0x2d...7822,https://bscscan.com/tx/0x13b557892deb286480fe46412c9b9fa789e29278119392b33a2034edc480df5a
2023-04-01 19:38:44,True,5.285,0.01678,33.6741,0.5653,0x2d...7822,https://bscscan.com/tx/0x8d580ab08a345068cf8c69770e1ac2f029e4243a78572543585b92b0091ddb0d
2023-04-01 19:38:17,True,5.2735,0.01675,36.2935,0.6079,0x2d...7822,https://bscscan.com/tx/0x3b2762e8e1ea280eb797f487fa4184ef41069642590c1ee24ba37a98fbfe9479
2023-04-01 19:34:41,True,5.2195,0.01666,125.978,2.09981,0x91...79fe,https://bscscan.com/tx/0x30803dda8121bb9e5f578c61ddac4a0ae14fc01c4d76d47b0761aba57bc98f07
2023-04-01 19:33:50,True,5.221,0.01658,34.5429,0.5729,0x2d...7822,https://bscscan.com/tx/0x544ee735d6e51895cc7c71912c32d0df85e989827364ad0e1a920941854d3b51
2023-04-01 19:26:08,False,5.1874,0.01648,3.66476,0.0604,0x2d...7822,https://bscscan.com/tx/0xf52a94b05d44e9ade73de5872e1716948461292f884547e385fddb250597d473
2023-04-01 19:26:08,False,5.1945,0.01651,41.3212,0.6822,0xc1...b919,https://bscscan.com/tx/0xd9f60bd949e0206e5030c5e670dcf23ead8325c466c7bdd170029b5911f22a55
2023-04-01 19:26:02,True,5.2268,0.01661,2.69,0.0446,0xe5...4cf7,https://bscscan.com/tx/0x8a3a9da57908b09584a3eb9be555d67306a3dceedfffa6ad2c27b0a61436274f
2023-04-01 19:26:02,True,5.2259,0.01661,2.79222,0.0463,0xb9...6417,https://bscscan.com/tx/0x9b1a3f39211e427a16e61d11ea4dcd8cccda4570b99c14ddfb9861ea648bd34f
2023-04-01 19:25:50,False,5.184,0.01655,65.2571,1.08058,0x2d...7822,https://bscscan.com/tx/0x3980ac3260ad9ca93f0cc533d6085be194f33d73524b926cc78370c2eb5a7601
2023-04-01 19:25:47,True,5.218,0.01666,15.1318,0.2522,0xbb...04a5,https://bscscan.com/tx/0x5a42a871803d8ced11859adc52323de06ad1a683e5ac44b8d37c66c143c3d99d
2023-04-01 19:25:47,False,5.1975,0.0166,49.8383,0.8274,0x2d...7822,https://bscscan.com/tx/0x543abc1286da32af69674b61a7e67de6b6965e1bb76633f5bb0032f821ec4663
2023-04-01 19:25:41,False,5.2134,0.01665,49.6309,0.8265,0x2d...7822,https://bscscan.com/tx/0x1c0687e9ccbee65fdcf65ea0a6c6160599599733a016a73722784b5ec3a2368b
2023-04-01 19:25:26,False,5.253,0.01669,32.7829,0.5473,0x2d...7822,https://bscscan.com/tx/0x4dcfde65730dfe60e32ca2763f200059dbdcb9ee5f74a9fd84996f37a5e6fcca
2023-04-01 19:25:17,True,5.2834,0.01679,2.10771,0.0354,0x66...87a6,https://bscscan.com/tx/0xa8ddd1c4763f5c4e28266debf1d1388c84d99dc255195a1c39f13fe20f4dbd78
2023-04-01 19:25:05,True,5.2825,0.01679,2.86082,0.048,0x90...48cd,https://bscscan.com/tx/0x6d534a199aadf7ff24a46a3b7d838a5bf9dba433648790cf9f8566ce49cba524
2023-04-01 19:24:59,False,5.2615,0.01672,35.9612,0.6014,0x2d...7822,https://bscscan.com/tx/0xdea186d7beb04df1205a91bca652375d3e062e25081bcfd16853c7540530d289
2023-04-01 19:23:38,False,5.2466,0.01676,36.8616,0.6179,0x2d...7822,https://bscscan.com/tx/0xa077a1a2e41a94268a94bfa3c1f86cbb552fca8f28a87f49d1b0db8c347f5883
2023-04-01 19:22:59,False,5.2572,0.01679,29.639,0.4978,0x2d...7822,https://bscscan.com/tx/0x48f01ab78a24e03a2fb8493c5d4b58870c3f63ee1605c178a4644971868fb124
2023-04-01 19:22:35,False,5.2929,0.01682,30.5403,0.5139,0x2d...7822,https://bscscan.com/tx/0xd075ef5f031bc99d20e55aafab9517d1f5e0c18dc0bbb8346017138e179e0b0e
2023-04-01 19:22:29,False,5.3029,0.01686,30.4489,0.5133,0x2d...7822,https://bscscan.com/tx/0xa5c0403089d873a76fe8c2623c945e54845ad1acb15f19130d628b367fe31158
2023-04-01 19:22:02,False,5.2875,0.01689,34.3411,0.5801,0x2d...7822,https://bscscan.com/tx/0x381c82b0d940f95a3ea2a0a9d0aa3359cbd8e1ccc4392215ff8a8b16c9ea8c6c
2023-04-01 19:20:47,False,5.3251,0.01692,30.1118,0.5097,0x2d...7822,https://bscscan.com/tx/0x356f996ee8d4dd2dbbc4934cd18231d7375714da6698fffc8ab0c990c718c8e7
2023-04-01 19:20:05,True,5.3566,0.01702,4.74258,0.0807,0x2d...7822,https://bscscan.com/tx/0x3a21fdd6f5d217364b9e7a0202fbb062c9966dc5e428da77ad6f6508a9be43f8
2023-04-01 19:20:05,True,5.3474,0.01699,50.4484,0.8574,0x00...78d2,https://bscscan.com/tx/0x084a45a163231b46847f04bd159dbf2e7b2c0a9af1555a228013664a93711f16
2023-04-01 19:19:20,False,5.3174,0.0169,30.9706,0.5234,0x2d...7822,https://bscscan.com/tx/0xe752e0940aa5cdd52ed84ffa51536edebab9eb1ad35698941911b3cc850a812a
2023-04-01 19:19:14,False,5.328,0.01693,33.1603,0.5616,0x2d...7822,https://bscscan.com/tx/0xf4301093cc1cbb0c88d03262ef1087454a36ea3137421fe114a264d5d159501d
2023-04-01 19:19:02,False,5.3079,0.01695,5.23505,0.0887,0x2d...7822,https://bscscan.com/tx/0x246fc7d60c8e7b54a225a4540a8d1aab816cc7cee60db0ea4ba33e8ce4e3e8e6
2023-04-01 19:19:02,False,5.3167,0.01698,48.0987,0.8169,0x00...78d2,https://bscscan.com/tx/0xd7426b19b4ccf5ecc33fe7a0a30f4725b4cca88df8628af72b5bc0c7d6f048ed
2023-04-01 19:18:59,False,5.3246,0.01701,0.1237,0.0021,0x6f...1a36,https://bscscan.com/tx/0xad3519530f58103357273e3e623c4c09a9809fcfd78ad4ac6bd5f93e3d14c4ec
2023-04-01 19:18:59,False,5.3315,0.01703,41.3392,0.704,0x00...78d2,https://bscscan.com/tx/0x5e2b38aff3b1426238c62282c9558808ed176987b3056fbb8d34aa9a3621cf9c
2023-04-01 19:18:26,False,5.3748,0.01708,57.9085,0.9893,0x2d...7822,https://bscscan.com/tx/0xf0f812676a673732e5457d260e11e2bd527cd9a40f49cce543b7165b3785a9c2
2023-04-01 19:18:23,False,5.3772,0.01717,116.966,2.00925,0x52...85b6,https://bscscan.com/tx/0x2131d0d3e5434361a88fa3f4506a0a78f96ffcf1cde88c2bcd0ab91acf3caeb0
2023-04-01 19:18:23,False,5.41,0.01728,77.2777,1.33558,0x2d...7822,https://bscscan.com/tx/0x4bdcf732b005000a63e74f79e70108b665795fb5e279c2397859c6d8426e9b8e
2023-04-01 19:18:23,True,5.4276,0.01733,132.848,2.30347,0x29...40ee,https://bscscan.com/tx/0x574ca02cd36219f8e496117afca1b65c8a34f32ce1f42ba1b9584410ccfdefbc
2023-04-01 19:18:23,True,5.3993,0.01724,34.1531,0.589,0xb7...3cda,https://bscscan.com/tx/0xcd514b5900ab2d559982fd3d25443eec7bf8ccbbc0eb7afecd262fe4b439c02b
2023-04-01 19:18:23,True,5.3738,0.01716,116.966,2.00797,0xac...ee49,https://bscscan.com/tx/0x0796b2707cc2e27f7eea0d6d6b772abb07d7e1af8bfb269be397dba7f1f6abaa
2023-04-01 19:18:14,False,5.3275,0.01701,0.4577,0.0077,0x89...3571,https://bscscan.com/tx/0x746fdfbefe12a6df5925a30c558cd9985fca95819690d19c4cc1ac03d3169a52
2023-04-01 19:18:05,False,5.3341,0.01703,36.6072,0.6237,0x2d...7822,https://bscscan.com/tx/0x838dd5032e03c6f7b3ef2647b1a74e04d94c3a09673a9531c132cc4c47da5ad5
2023-04-01 19:17:56,False,5.3405,0.01706,2.35747,0.0402,0x0e...2f4c,https://bscscan.com/tx/0x6a2fb9e7304b1556d9083bfc6f9348617fddbc6b319c53fb3660666c2eed72cf
2023-04-01 19:17:53,False,5.347,0.01708,36.1394,0.6172,0x2d...7822,https://bscscan.com/tx/0x254306928127eed4602ff1c4563b0bc1e015ed05ffeb646634fca18b29cfdef6
2023-04-01 19:17:50,True,5.3916,0.01713,93.2289,1.59751,0xbf...bb5c,https://bscscan.com/tx/0xba71bd958cd35c75c5a1c66ff323e52986dfc6aa7469b26f1dbb5c54e34fd5b5
2023-04-01 19:17:41,True,5.3543,0.01701,129.174,2.19815,0x3a...231f,https://bscscan.com/tx/0x5ce11d03e4aa3029821b80b98e8e6f99a1183879487a485e3302956c16646f74
2023-04-01 19:17:38,True,5.323,0.01691,75.9625,1.28508,0xd6...f5d2,https://bscscan.com/tx/0xf060015093802829be1c2fcb51e03a65ef50f9d559d7946af7b1af3d42451e29
2023-04-01 19:17:38,False,5.3204,0.0169,237.525,4.01634,0xf9...2822,https://bscscan.com/tx/0x003e51f7e81090358c7535a105fa1b2e37819e81cb05372151afd7f41a396085
2023-04-01 19:17:35,True,5.3516,0.01709,46.8142,0.8002,0x00...78d2,https://bscscan.com/tx/0x61c35af74db5e0a776ad3c8cc95ffdbb0d5f13589354fca5e80049b2110a8f08
2023-04-01 19:17:32,True,5.3367,0.01704,42.7524,0.7287,0x0e...7558,https://bscscan.com/tx/0x3424812f075fe2a206389f0756627fdfa811d454482ec1c1331a9cae326d2801
2023-04-01 19:17:29,True,5.3226,0.017,42.0952,0.7157,0x05...7eea,https://bscscan.com/tx/0xbfd27ff773d517f257477672bfb4e17c2d890ac2de631f3c4edd690b30a35c62
2023-04-01 19:17:11,False,5.3162,0.01689,3.01763,0.0509,0x89...3571,https://bscscan.com/tx/0xd5f9cbd8fe37900de0bcb2f0282c780dacca94a7ac4889d5a7671284b434e4c6
2023-04-01 19:16:53,True,5.3093,0.01695,45.4417,0.7706,0x00...78d2,https://bscscan.com/tx/0xc79a0dbe20a1df69bbb5033d85764e14bb36531c926854938d6ef0296e5ee358
2023-04-01 19:16:29,True,5.3266,0.01692,11.9098,0.2016,0x2d...7822,https://bscscan.com/tx/0x49aead10b96e90aa5833cdc831ed6bbd9923a329c5433f850064b81ed8893bfa
2023-04-01 19:16:29,True,5.3181,0.0169,39.7018,0.671,0x05...7eea,https://bscscan.com/tx/0x26aa3bb6089e93e87eaeb827311563043820f1a31cef199e9dbf78378f94a8e7
2023-04-01 19:16:08,True,5.28,0.01686,30.4298,0.5131,0x2d...7822,https://bscscan.com/tx/0xb6219108a8327c2e26f4a74682f7854c6abb092a4f0bf883e720098f23f1e8a8
2023-04-01 19:16:05,True,5.2699,0.01683,31.2862,0.5266,0x2d...7822,https://bscscan.com/tx/0xe87dc8d2cfb622296d11d3a83897edfe739452407e4411fbf562a7344ab93667
2023-04-01 19:15:26,False,5.2445,0.01675,37.6798,0.6312,0x91...79fe,https://bscscan.com/tx/0x15b68a18ecdb46e13cb4f798730c40af170ddc33df6f1026e7663571b1b34661
2023-04-01 19:13:17,True,5.2978,0.01684,30.4827,0.5133,0x2d...7822,https://bscscan.com/tx/0x70b3812ae9842cb87c1a3e88adefcb7af0da2dbc600c0cdd7b0e07eac64ba81e
2023-04-01 19:12:56,True,5.2868,0.0168,34.7382,0.5838,0x2d...7822,https://bscscan.com/tx/0x2f435ce054c07160fe6d854644840dedb4e2ca5801f51c8455f0994536ce0aec
2023-04-01 19:12:29,True,5.2749,0.01676,37.6792,0.6318,0x2d...7822,https://bscscan.com/tx/0x439a0e352219eba57cd383a38e918d6eececa793ccb532b587ddf4332261fb15
2023-04-01 19:11:47,True,5.2419,0.01674,2.87323,0.0481,0x86...1912,https://bscscan.com/tx/0x6ffefc1e7025dddd54cc88218565d43f81af6f639261d8f564a70c53ee8116b9
2023-04-01 19:10:44,False,5.2196,0.01667,26.793,0.4468,0xda...6e1f,https://bscscan.com/tx/0xec99b3b0bad0060fb48e2cb4df61f39e8c8c4bd35ed9ed42ebb9dbdf6c6a5d34
2023-04-01 19:09:50,False,5.2253,0.01669,2.53493,0.0423,0x0e...2f4c,https://bscscan.com/tx/0x45346e68ab70cd80e0f5d306745d786b9eeb61a047917b9f4662fd0ae5c318d7
2023-04-01 19:09:47,True,5.247,0.01676,30.4174,0.5098,0x2d...7822,https://bscscan.com/tx/0xaf975cd798517c26f4400a43fa7fb5e09f0200f0fecf2fb0e1fa5c89a9de5a46
2023-04-01 19:09:20,True,5.2608,0.01672,44.1865,0.7388,0x00...78d2,https://bscscan.com/tx/0x11fc602b4b160d4a52d374ab504a48aee8a3405a60c5abb2fd95cc090ce8cab3
2023-04-01 19:08:11,True,5.2221,0.01668,26.793,0.447,0x91...79fe,https://bscscan.com/tx/0xf4c73006b355e8c124555b3c57da5e3cb3d35e7418a8728433d26652b752e780
2023-04-01 19:08:11,True,5.2098,0.01664,50.1018,0.8339,0x00...78d2,https://bscscan.com/tx/0x873284fb60963b7301e96bd236c50f78cc72ff2026a762b43b6254989360afaa
2023-04-01 19:07:59,True,5.2227,0.0166,29.1237,0.4836,0x2d...7822,https://bscscan.com/tx/0x7c80bdace3e67f2b6b13f340e2ffe77a643560e5b19d63f84821fb1e0e2da928
2023-04-01 19:07:20,True,5.1871,0.01657,27.9584,0.4634,0x2d...7822,https://bscscan.com/tx/0x22b8bca9cbe626457fd7fedc9ba2ccf9ec90653a85879eb3fe7084295193669c
2023-04-01 19:06:05,False,5.1575,0.01648,6.74996,0.1112,0xee...2e03,https://bscscan.com/tx/0x7126a526036c2005db70c5f74af89e17c8a4cf57235f4bf7530ea8d6babae148
2023-04-01 19:04:02,False,5.1593,0.01648,5.97933,0.0985,0x2d...7822,https://bscscan.com/tx/0x18c75e73ee0ac304b1e6dded6cc5ad3bbf9337d5150a320cffce059b32fa5768
2023-04-01 19:04:02,False,5.1728,0.01653,78.6276,1.29986,0x00...78d2,https://bscscan.com/tx/0xed938e36f7cae58bbf4249a8265d867ca31ec3b1fa8fe6bf95aba5ba1c774b68
2023-04-01 19:03:59,True,5.1959,0.0166,95.7475,1.58997,0x7c...d970,https://bscscan.com/tx/0xc12842b34bcc3650471e6d7e7fa85fe76bf8767467ce6592933a2ceebdbc5282
2023-04-01 19:02:44,False,5.159,0.01649,30.4529,0.5021,0x2d...7822,https://bscscan.com/tx/0x00a1d990a0df0486c3178c589b3bd4d9d8ec9c51204bb50033a2081417a5e6ca
2023-04-01 19:02:41,False,5.1691,0.01652,33.6339,0.5557,0x2d...7822,https://bscscan.com/tx/0xd0f2039bda12da12e8822d59745428809c33aabe911d847f9a3472788a8c5c49
2023-04-01 19:02:38,True,5.1955,0.0166,30.9692,0.5142,0x66...c9ab,https://bscscan.com/tx/0xaf95fbd2a06159f4a230b511abd7929c77581f8e5bc43e2a223c1b1e8d4b02d5
2023-04-01 19:02:14,False,5.1911,0.01651,5.0,0.0825,0xdd...7931,https://bscscan.com/tx/0xfca67aaec7928d49baf6f05fcbcd7820da0c8272daae60b1782007e36c2a8017
2023-04-01 19:01:23,True,5.2163,0.01659,10.5438,0.1749,0x78...84fb,https://bscscan.com/tx/0xc90ba7c4fae57573e183cdc1d267d5c29a639fb2cb53bb132ede32521799626e
2023-04-01 19:00:20,True,5.2137,0.01658,2.81585,0.0467,0x2d...7822,https://bscscan.com/tx/0xd19d006de5b00bb2dda15e2a130cae07c5eb5c900bdca6369888567c15ef1886
2023-04-01 19:00:20,True,5.2011,0.01654,75.8518,1.25486,0x00...78d2,https://bscscan.com/tx/0x544dc49827966d2f20094309526e209f31779582dae2025b029f28e71e35e431
2023-04-01 18:55:29,True,5.1624,0.01648,33.5636,0.5534,0x2d...7822,https://bscscan.com/tx/0x73d87adc0c1b8d65381a19ca11396ba5194a169f8343a6acbd00687c361a7571
2023-04-01 18:52:26,False,5.167,0.0164,28.9712,0.4752,0x2d...7822,https://bscscan.com/tx/0x365743e7d8b5880773439461b207b34fd95c44d401dabc4e1a53c2909c896be2
2023-04-01 18:52:05,False,5.1439,0.01642,5.27068,0.0865,0x2d...7822,https://bscscan.com/tx/0x1add43fb660ac5aa5554656bd9392003d70ed438b7a48f3610dcba22a2b8f04f
2023-04-01 18:52:05,False,5.1494,0.01643,29.5594,0.4859,0x52...1c7e,https://bscscan.com/tx/0xd4365d0d2e72a64c211f014ee9c434f8c8c40b5f159bb7840cab82ee80fa840a
2023-04-01 18:51:38,False,5.158,0.01645,7.81,0.1285,0x0e...c0e4,https://bscscan.com/tx/0x82be65b1f3f394e2ad4ca048ba8919a62765940a83247fcb2619f208c4cd2fb6
2023-04-01 18:51:29,True,5.1806,0.01652,28.6546,0.4736,0x2d...7822,https://bscscan.com/tx/0xd8dbd6fda902a9708c950fe0e03953cc4acaefb0ee123ed3b8854374653c2e73
2023-04-01 18:51:23,True,5.1714,0.0165,29.5594,0.4877,0xda...6e1f,https://bscscan.com/tx/0x04f03690caf6d41192dff6b576a429c8d3dcf01d21810c0c6ea22b47c6d3f924
2023-04-01 18:51:23,True,5.1575,0.01645,58.2285,0.9581,0x00...78d2,https://bscscan.com/tx/0xf03e4764602115f4d28c4b8e90f402d0cd4f0bf5df6d7f2acef9fca90be3169d
2023-04-01 18:47:26,False,5.1278,0.01635,28.7295,0.4699,0x2d...7822,https://bscscan.com/tx/0x1525aaedd5da8f94e372e4543e42457bd61a1a7c6b46ae43df01c81b7812b8c7
2023-04-01 18:47:17,False,5.1638,0.01639,36.046,0.5908,0x2d...7822,https://bscscan.com/tx/0x4671a0679d2e2f26071cfdc601f7e5b088984a0e8457418670d5aa32752540a3
2023-04-01 18:44:14,False,5.1446,0.01641,20.0098,0.3285,0xda...b9bd,https://bscscan.com/tx/0x7c9228601b4931a9fc685393fabc75aa8244c0b535a7bf8394778959a2f33658
2023-04-01 18:44:08,False,5.1522,0.01644,28.5014,0.4686,0x2d...7822,https://bscscan.com/tx/0x32de23c8500e393a63837ed5c40331aed35ef69172f17bdeb699952894f3ca5e
2023-04-01 18:43:26,False,5.1613,0.01647,28.3887,0.4676,0x2d...7822,https://bscscan.com/tx/0xbfe64125beb11773b17396c84e4f4b889c7af8c0182e323eddced4c747ab552f
2023-04-01 18:42:20,False,5.1914,0.01648,0.0368,6.066e-05,0x2d...7822,https://bscscan.com/tx/0x555d0b10413a22e1e0d53a5123da5ec7bbf08cd21e9106c4ff638a02d140fde4
2023-04-01 18:42:17,False,5.1961,0.0165,29.439,0.4857,0x2d...7822,https://bscscan.com/tx/0xba609a3268c987fdd55a889808365c6d95a8364c021a58bf7d627eeb0684c067
2023-04-01 18:42:14,True,5.2266,0.01659,1.92797,0.032,0x89...0341,https://bscscan.com/tx/0xbae51c8750117dd980a249361e206bea36d63e2d12bba39bde59ad56a80264cb
2023-04-01 18:42:11,False,5.2095,0.01654,58.3,0.9644,0x00...78d2,https://bscscan.com/tx/0x04945f2df1b2b6ade45f9ffd064eff27c7768cfef85cc42e73f343a525789fd1
2023-04-01 18:42:05,False,5.1992,0.01659,39.6299,0.6575,0x2d...7822,https://bscscan.com/tx/0xcf3a157f646d8ae07734e74a39a5a29070aa5ff8916527a50c4b1b60b71c459e
2023-04-01 18:42:02,False,5.212,0.01663,40.1086,0.6671,0x2d...7822,https://bscscan.com/tx/0xb7aacef5f48de5fd3d0fc73811529150b0eefa343905f1d86e1eb27c6064e401
2023-04-01 18:42:02,True,5.2292,0.01668,95.088,1.58693,0xa1...24d9,https://bscscan.com/tx/0xd2446b532696f31afd3fc459bd7246e90b90b1162a621aca1a9dc5ffbceb0a41
2023-04-01 18:40:59,True,5.2111,0.01663,20.9082,0.3477,0x2d...7822,https://bscscan.com/tx/0xac20e4ec0a34637270f58d79cba421274e5afe24b0c71b0ebfd3737331a075d6
2023-04-01 18:40:35,True,5.2023,0.0166,34.3156,0.5696,0x2d...7822,https://bscscan.com/tx/0xb71557db9d80a6a664520547630e8b29cdcf3783e66615bd8848eba1badec5e6
2023-04-01 18:40:32,True,5.1913,0.01656,34.3677,0.5693,0x2d...7822,https://bscscan.com/tx/0xb0b39d1639d4f19ec3ac7820c7ae4abef13868644f8ef96819b9cdaebf1d5423
2023-04-01 18:39:32,True,5.1989,0.0165,79.9052,1.31911,0x2d...7822,https://bscscan.com/tx/0x5af9b2951f6a53b2b1bde6a13e3f836f729ba923cc5a03651bf5deaf44ac804c
2023-04-01 18:39:32,False,5.1694,0.01641,74.4053,1.22136,0x31...88c4,https://bscscan.com/tx/0xcfc059b074a4b5f3608e86b37ea09a6f6ce5e098675cab9705a374e97de1e39c
2023-04-01 18:39:26,True,5.2082,0.01653,9.95063,0.1645,0xed...bb41,https://bscscan.com/tx/0xa3bc786a32594618611e0111959aae3b86eb254d1611286e09ce4a3efb62afd2
2023-04-01 18:38:35,False,5.1901,0.01648,60.2437,0.9928,0xa3...1cf2,https://bscscan.com/tx/0xd8dca2b164e60abe35865fc24e96acaf23351e108b9938b19ef67d681bb16706
2023-04-01 18:37:44,False,5.1997,0.01651,2.89926,0.0478,0x1d...f269,https://bscscan.com/tx/0x575f16696a8ba601da1ed3cb129ebeca8f3a43dfb247086afa9f521be86a5aeb
2023-04-01 18:36:29,True,5.222,0.01658,20.9102,0.3468,0x2d...7822,https://bscscan.com/tx/0xc03dc88fddce06c5bd6ccb4637413110c96f27e614902c5ef1d73e54b6afb679
2023-04-01 18:36:29,True,5.2081,0.01654,65.6023,1.08522,0x00...78d2,https://bscscan.com/tx/0xe16d481f6b418b0b8b5f48c1760679c64b2279e142fc985e4d76b46fc710b152
2023-04-01 18:35:32,True,5.1695,0.0165,10.2009,0.1683,0x86...1912,https://bscscan.com/tx/0xcb560704f8bc7db1a5aa4bccef17c0a723358cd885160e9ed1504d7c03166756
2023-04-01 18:35:14,False,5.1398,0.0164,2.0,0.0328,0x31...88c4,https://bscscan.com/tx/0x2fe1262b7173ba67590101b35cb21891cc26419c7285ce65b1b24b258f322b8f
2023-04-01 18:34:59,False,5.1694,0.01642,5.66314,0.093,0x5e...92d2,https://bscscan.com/tx/0xcf49946179d0b84d3396625b301eb3238ee6b42500823014193b55ae436746ef
2023-04-01 18:33:44,False,5.1788,0.01646,70.3948,1.15868,0x2d...7822,https://bscscan.com/tx/0xf3cab5017300d736e161c3f1b8f7c2568cb85b79405a2cd942620e9f22bbc483
2023-04-01 18:33:44,True,5.2074,0.01655,53.6877,0.8885,0xba...ef8e,https://bscscan.com/tx/0x38a85c64e1661a1526623c2a022758566dfd3feddadf39fb10b46b9452e6a927
2023-04-01 18:32:50,True,5.1968,0.01651,9.38565,0.155,0xf9...568f,https://bscscan.com/tx/0x2b704ccfcd2cb8a18d71c5eb19d9448d8c06400b16d2892709573c53e59635e8
2023-04-01 18:32:35,True,5.1903,0.01649,31.4997,0.5196,0x2d...7822,https://bscscan.com/tx/0x3decfa609d324965cd9b0c718b6d32d9773f9d6c4d5bb72349b3b6bc8ac37e9e
2023-04-01 18:32:29,True,5.1804,0.01647,23.2045,0.3821,0x2d...7822,https://bscscan.com/tx/0x150612ad99e978c2ac87948d2f06d6e93b7724b8e365f5595d9e3248e417f68c
2023-04-01 18:31:59,True,5.1454,0.01644,32.3452,0.5318,0x2d...7822,https://bscscan.com/tx/0x7a5905ee02ea4a50661291fdf7514c6c1beae3680d4860235c3f0e58f7e3ea03
2023-04-01 18:31:50,True,5.159,0.0164,44.8645,0.7359,0xf9...5ebf,https://bscscan.com/tx/0xaa6b3af03642b1d67bc211cef4f76acb481f9a4373272766d5c6db951509838d
2023-04-01 18:30:53,False,5.1046,0.01631,28.8237,0.4702,0x2d...7822,https://bscscan.com/tx/0xfb141bf4c6ed15d3273fa7332079ac810a01a96bb630fc6f03d12285067f1c23
2023-04-01 18:30:23,False,5.1401,0.01634,34.5283,0.5643,0x2d...7822,https://bscscan.com/tx/0xb12e7a02a3577998df6422b95fdc5738c42d992ddb8acab5706ea7d15cc6c74c
2023-04-01 18:30:08,False,5.1507,0.01637,33.6405,0.551,0xda...6e1f,https://bscscan.com/tx/0xd1d77e253b803c508083c051bb7f8accdfcfc737e13e667d72a8a6a95731c197
2023-04-01 18:28:11,True,5.1524,0.01646,24.2844,0.3998,0x2d...7822,https://bscscan.com/tx/0x1cff7e910e42b3b505869e706e6aea798bac5ffb5a72a13bdd4d4579a8da2994
2023-04-01 18:28:11,True,5.1478,0.01645,5.10868,0.084,0x30...9359,https://bscscan.com/tx/0xe70a4c50a7c4d7b0d8091a2d2b21474b183432f98d3dbb9e64e9030d828f5ad4
2023-04-01 18:28:11,False,5.1315,0.01639,65.2145,1.06947,0x88...0b19,https://bscscan.com/tx/0xcdf106725b79e4656d6f8bb9aff8aa80a4e09d63d7b1e31698829826426ac468
2023-04-01 18:28:05,False,5.1465,0.01644,30.1476,0.4958,0x2d...7822,https://bscscan.com/tx/0x58107e6f83c0e997d9f45c30276fad54edd4899a3c043eb161b51519d97435e5
2023-04-01 18:28:02,False,5.1787,0.01646,9.88014,0.1627,0x2f...e155,https://bscscan.com/tx/0x2bd4c2439eee647b9b62f6cc97c697bae2ebb4bc54f2080d66c158231863054d
2023-04-01 18:27:59,False,5.1868,0.01649,41.0037,0.6762,0x2d...7822,https://bscscan.com/tx/0x849bc7b781c7d2010881a301b8d7f12774c4973a76afd98b79e7eab52eac97c5
2023-04-01 18:27:50,False,5.1985,0.01653,32.4413,0.5362,0x2d...7822,https://bscscan.com/tx/0x0f3e42c98a28dfef7f8174c32347a5cada0a816ad911eb5dc24566d191da251c
2023-04-01 18:27:44,False,5.2087,0.01656,32.1648,0.5327,0x2d...7822,https://bscscan.com/tx/0x0df0bfa2b5988785db38f600ce1c06236c38494f207fdb990189319b9f6d2444
2023-04-01 18:27:02,False,5.1944,0.0166,41.4905,0.6887,0x3e...a7c8,https://bscscan.com/tx/0xcc6128e73f0628181ea21dd57f3760b540d301d34e639a2af35dca1e3f56ceb1
2023-04-01 18:26:35,False,5.2346,0.01664,44.9728,0.7485,0x00...78d2,https://bscscan.com/tx/0x3de8cfc1d9d7342d0494085eccf4cb08f37866a354bd39ddff9de4da2bbc38c2
2023-04-01 18:26:20,False,5.2465,0.01668,30.1034,0.5022,0x2d...7822,https://bscscan.com/tx/0x0f77e06073569e5563048f2160f9bf0da6f194369e5f7dfceab45a81a1df97f8
2023-04-01 18:25:56,False,5.2344,0.01672,55.1786,0.9229,0xda...6e1f,https://bscscan.com/tx/0x3255c6156c26747078851e692d2377532141bce1c6f347cb27a1d6a76d73f877
2023-04-01 18:25:35,False,5.2765,0.01677,43.5607,0.7308,0x91...79fe,https://bscscan.com/tx/0x2b5a2e0003fc778abe40e84d3fefe05f72e4d651b8f4f514e896d16be654d737
2023-04-01 18:25:26,False,5.2822,0.01679,7.576,0.1272,0xc5...9b5c,https://bscscan.com/tx/0x287b44533b5087113823a58d60aafa04e26c3c56c8e292d65be852125e07e6a4
2023-04-01 18:25:26,False,5.2997,0.01685,83.3384,1.40443,0x0f...8280,https://bscscan.com/tx/0xcb7a10f89f31d3317f363b12d64a5e39c80ad3fbacf0baa93078fd3960cb051a
2023-04-01 18:25:26,False,5.3156,0.0169,13.2419,0.2238,0x11...a5bc,https://bscscan.com/tx/0xfad308f523c333c7ef626403370e475f3c072cd7670217035f83f476527d90b9
2023-04-01 18:25:26,True,5.3195,0.01691,150.384,2.54378,0xb6...4942,https://bscscan.com/tx/0x0d890bc7f2abfbf003fed4d98e31c53e4957e479c22e358dcf44113ca357c276
2023-04-01 18:25:26,False,5.275,0.01677,40.9472,0.6868,0x82...2196,https://bscscan.com/tx/0x086e5a13a2fdea8445b3c8dd83873039b0ed4b0c072953c880fe174f76c3abd6
2023-04-01 18:25:20,False,5.2879,0.01681,37.9,0.6372,0x9d...6dab,https://bscscan.com/tx/0x33ea929e138330e34a58d8c78373f1e625032f7195a1e8cb59e2b6aa7c85a8af
2023-04-01 18:25:11,False,5.2948,0.01683,3.91,0.0658,0xe5...4cf7,https://bscscan.com/tx/0x5e60f312e688b00070c9fccecf33cfacba6ef5e03737bb91f7e73094e9f5aa0d
2023-04-01 18:25:11,False,5.3035,0.01686,49.4233,0.8334,0x00...78d2,https://bscscan.com/tx/0x3056da0fc98ca3c84fb05427df4f6b6c4ff2e3d0704e878b375436a3d812a9b5
2023-04-01 18:25:02,True,5.303,0.01694,52.3047,0.8864,0x2c...015a,https://bscscan.com/tx/0xe7ca0d61f259ea4135efb3886273eb2dae79e425839e966c3ebdbdf62f0d79d6
2023-04-01 18:24:59,False,5.2724,0.01685,27.3785,0.4613,0xb1...bb2b,https://bscscan.com/tx/0xc1ad42dba813a0adad2ef0e5729d97ea308fbac7656157cdeb8da79da1091020
2023-04-01 18:24:59,True,5.2849,0.01688,112.584,1.90146,0x00...78d2,https://bscscan.com/tx/0x463dffb8812fbe579a8f2e1eff00c68c478c5463d5e98c5d8aeb70b31db6abb7
2023-04-01 18:24:50,True,5.2573,0.0168,56.4409,0.9482,0x00...78d2,https://bscscan.com/tx/0xab257892c92a2df3126c6007988230ceecd7462513b6bfd38d39958956a41887
2023-04-01 18:24:23,True,5.2697,0.01675,29.8,0.4993,0x2d...7822,https://bscscan.com/tx/0xdf3dd986e8669fcb19c38de02f313e9bcdb34d8193c4cb187efe00fefb8d4448
2023-04-01 18:24:08,True,5.2572,0.01671,48.2033,0.8057,0x2d...7822,https://bscscan.com/tx/0x3cf860a17d0f71195b54fdc5a4ddade0ed3aeb3cf3e4bd8b1b5e4af3f6fa8871
2023-04-01 18:24:02,True,5.2153,0.01666,48.4594,0.8076,0x3e...a7c8,https://bscscan.com/tx/0x26a7855b605131c8702b52b9bebd3e3d2a3dc6774232506fe947a48ea7387e8f
2023-04-01 18:23:50,False,5.1821,0.01656,3.99516,0.0661,0x44...5110,https://bscscan.com/tx/0xcd640b46269da3d99a40f05936ce0602b6c1f1c94011391d2af2f66f46f28cb4
2023-04-01 18:23:32,False,5.2135,0.01657,28.8779,0.4787,0x2d...7822,https://bscscan.com/tx/0x3944394690ac3dbbdb8bfc4a93a8335f416e4fcb76f9e915d6fb7770d6e5e598
2023-04-01 18:23:05,False,5.1928,0.01659,4.50455,0.0747,0x2d...7822,https://bscscan.com/tx/0x09002e44343c038bdb0e62b5a1e0f90ec5f247145ad0597487bccc10c1b81775
2023-04-01 18:23:05,False,5.1986,0.01661,31.2732,0.5195,0x52...1c7e,https://bscscan.com/tx/0x0143c19ee72fa229fe26445515e5474c005358d0ec4886285d4a8abbb6835e17
2023-04-01 18:23:05,False,5.2042,0.01663,3.71631,0.0618,0x2f...e155,https://bscscan.com/tx/0x1336bc8518907b162785f854177f31386ae85fe36c9a1a042fe4c4507869b2ea
2023-04-01 18:22:11,True,5.2517,0.01669,33.1634,0.5537,0x2d...7822,https://bscscan.com/tx/0xe268cd351d3d477a73481981ec705707ece90550f00338f7def2b915bc1f1aa6
2023-04-01 18:21:50,True,5.2192,0.01667,5.88253,0.0981,0x2d...7822,https://bscscan.com/tx/0x32d2c38e8a4066e0758a6a25b38c2b5bb33e8060175e51e33ea709e3c55ca7ba
2023-04-01 18:21:50,True,5.2112,0.01665,43.8815,0.7307,0x00...78d2,https://bscscan.com/tx/0xbc9b77df1c88935463495a2fd73ed3dd1bf8a3f173d55262535bb4196268e886
2023-04-01 18:21:47,True,5.226,0.01661,26.2538,0.4362,0x2d...7822,https://bscscan.com/tx/0xd41b0e1ad381a7f4e3b1ff45d58e440f0b2f13dff994c30f71449202af2d75c1
2023-04-01 18:21:35,False,5.1879,0.01657,113.967,1.88944,0x2d...7822,https://bscscan.com/tx/0x6c9b9a6ec1e4417bc6c85a12121ed1166dbf0e08a1c141a2eabdff8cafd4a475
2023-04-01 18:21:35,True,5.2168,0.01667,95.363,1.58983,0xb6...4942,https://bscscan.com/tx/0x5a92b81f383a41ff16c2c7af3916fb164f746510dd30e22fcfac3a31075524e0
2023-04-01 18:21:17,False,5.2097,0.01656,52.0019,0.8614,0xed...4f31,https://bscscan.com/tx/0xb83d03d04f877a7abad67783f3e4ed92a12fe482cd9d2c822abf489250553797
2023-04-01 18:20:59,True,5.2293,0.01662,91.4,1.51987,0x00...78d2,https://bscscan.com/tx/0xd611a5d938611530be04de44437f075637bb0b8141b1977c130459c48ce2b08f
2023-04-01 18:20:56,True,5.2101,0.01656,28.2732,0.4684,0x2d...7822,https://bscscan.com/tx/0x4375c26b4bb534a403d8f653b0a71a8807c17ef9cffdd8c9827583f8e260684c
2023-04-01 18:20:20,False,5.1585,0.01648,30.4771,0.5024,0xda...6e1f,https://bscscan.com/tx/0x74324ef91d8ebc29977f6f4c6f7c2fd1f0a94e1e293f826658b8058f39638ea1
2023-04-01 18:20:20,False,5.1641,0.0165,4.78479,0.0789,0xda...c952,https://bscscan.com/tx/0x1a5352d8a8ecb59f9ad53953c12198dc42f2464e6cc1b59c95732acca8f3bf6f
2023-04-01 18:19:44,False,5.1953,0.01652,28.3537,0.4684,0x2d...7822,https://bscscan.com/tx/0x8fdd3593f8f810fbe6373b39e45ee61125728abe620878e672a672f57a366525
2023-04-01 18:19:29,True,5.2242,0.01661,9.82396,0.1632,0xd7...9a7e,https://bscscan.com/tx/0x8fdcfb48225cb52f2a3079d41f9d610352aff70a2393ba5a44e3a88c5250a02a
2023-04-01 18:19:14,False,5.2064,0.01655,60.971,1.00944,0xda...c952,https://bscscan.com/tx/0x1c205a751fce090d594d618dd9d6bb6d326721ebef1d8311aa0c434f0822ac49
2023-04-01 18:18:59,False,5.2169,0.01658,1.90221,0.0315,0x38...28dc,https://bscscan.com/tx/0x63d76397e608266f0ad4d532d7609a56f0af7e83bf2335b54ede28dabbf1716f
2023-04-01 18:18:53,False,5.218,0.01659,5.0,0.0829,0xe5...4cf7,https://bscscan.com/tx/0x85e719e2d7fbe5bed3b119fc3a0e572d55ac00334568f652514de923f72332d3
2023-04-01 18:18:53,False,5.2391,0.01665,126.242,2.10305,0x2c...015a,https://bscscan.com/tx/0x07fd5b6de9a85e3894d9db393aec3c574f2b8915eb625980ad65eb84799423cb
2023-04-01 18:18:50,False,5.2402,0.01674,43.1929,0.7233,0x91...79fe,https://bscscan.com/tx/0x69fac235a04deb41343409764fde4ef7b01cbee8b5cda108ba5a6fcd9ce6ee27
2023-04-01 18:18:47,False,5.25,0.01677,17.4249,0.2923,0xbf...18ac,https://bscscan.com/tx/0x3c449be24ec9a92ab5b2dae0713e35d6b77d824c75a12f8d5a498327ba05ed1e
2023-04-01 18:18:47,True,5.2376,0.01673,255.724,4.28025,0x0c...8533,https://bscscan.com/tx/0x41239442d07be5bd476b332b22795d6ccdb930f00950622ba29751533ce5c9bc
2023-04-01 18:18:47,True,5.182,0.01656,90.5788,1.5,0xb0...a41e,https://bscscan.com/tx/0x078931c2b7c8040e2bf3ed9b901daf55b24d3ddf202e930c7b820f9a58586311
2023-04-01 18:18:44,True,5.1605,0.01649,45.1959,0.7453,0xda...6e1f,https://bscscan.com/tx/0xa1c9d15ae9a36e910a8f0f1e157d08b6c1a630bb05cb132611e5b379d187c2c6
2023-04-01 18:18:41,True,5.1467,0.01644,42.4,0.6973,0x91...79fe,https://bscscan.com/tx/0x21bcd0f1d76165dc6b9688ab05e2ad663376ce17494d8f4c19ca2205e2c9cef3
2023-04-01 18:18:41,True,5.1308,0.01639,58.5122,0.9594,0x2f...e155,https://bscscan.com/tx/0x75fa967f28762d26c87209b0245b5ea1768be610840d837ea96d92352a62e159
2023-04-01 18:18:38,False,5.1001,0.01629,25.9731,0.4233,0x00...e049,https://bscscan.com/tx/0xad459a75f5563cf51fb5b7d41a57f36f9d26d2ae376a5b2be52fb197e9f81195
2023-04-01 18:18:38,True,5.1259,0.01638,24.6699,0.4041,0x52...1c7e,https://bscscan.com/tx/0xde4ad08a528aa29951fefdd401316c52e5548b17221e01239374bfee84cb7e1d
2023-04-01 18:18:38,True,5.1209,0.01636,7.73796,0.1266,0x3f...573a,https://bscscan.com/tx/0x1d29b247dbe54303ad21e6f3d99c2ea5575ccb0fb25e59e9e4cddc2ed69ef3a9
2023-04-01 18:18:38,True,5.1053,0.01631,91.9402,1.5,0xb0...baef,https://bscscan.com/tx/0x4a6a7788490bfe4d2ee0cd44ac07b576f2f2603e7db2e6ee2687b6312330549e
2023-04-01 18:18:35,True,5.0741,0.01621,109.869,1.78153,0x00...78d2,https://bscscan.com/tx/0x562404cdc41150e562b96c6c1808ce35527511fb8dc232953324e831fad6a4ec
2023-04-01 18:18:32,True,5.0735,0.01613,60.4509,0.9751,0x00...78d2,https://bscscan.com/tx/0x2ae66c01729c7a23c7aad58c9ce44beee3d92e44d30cf0f91fd1b4909b84efb0
2023-04-01 18:17:23,False,5.0162,0.01603,17.7871,0.2851,0xf5...4e5c,https://bscscan.com/tx/0xf9aa23d401b25da30e38107e74cc44b62b90266bef6c44ad131407bc99f422da
2023-04-01 18:17:23,True,5.0382,0.0161,38.7424,0.6237,0x82...2196,https://bscscan.com/tx/0x6ab81c7a10954a844e24f0276a7257d4b7b7ed86daa6224b2e08b5230d03a951
2023-04-01 18:17:08,False,5.0322,0.016,0.2887,0.0046,0x34...8793,https://bscscan.com/tx/0xa81cce5dcaf454d27d09f29b1db52376a11df7ab09a3bffcd4873d8632bc297f
2023-04-01 18:17:08,False,5.0323,0.016,0.4892,0.0078,0x89...3571,https://bscscan.com/tx/0xf5c55dc2912950d3e4aefdf4cb49a21c47abac3ffa2478c3ecebbaee6bfc1119
2023-04-01 18:16:53,False,5.0331,0.016,4.5115,0.0722,0x0e...2f4c,https://bscscan.com/tx/0xb11a838d24bfd22df5e1390cb3b5f2bbbe3b6d820534c18539e600bfe031bd73
2023-04-01 18:16:50,True,5.0218,0.01604,78.7831,1.26434,0x00...78d2,https://bscscan.com/tx/0xe4bb8880be5a4a4912b77e4ca920532f64fe6021f556b7dfe6272f78e4e400b9
2023-04-01 18:16:47,True,4.9996,0.01597,67.9404,1.08551,0x00...78d2,https://bscscan.com/tx/0x77091fa3d655433aa53f8f7fc5855496fbcbb2d6d0112545f893ee88b618dea4
2023-04-01 18:16:44,False,4.9672,0.01587,18.4206,0.2924,0xdd...2b56,https://bscscan.com/tx/0xd89e254f6013dbff72a134a2280dc32fc1c99b20b5ee8132566ee859590cc315
2023-04-01 18:16:44,True,4.9876,0.01593,48.8281,0.7782,0x00...78d2,https://bscscan.com/tx/0xe57ce0469086eabbc6d38840f638168e5845572e4f52c3fc209d404b0574096a
2023-04-01 18:16:35,True,4.9986,0.01589,44.1588,0.7018,0xef...cab1,https://bscscan.com/tx/0x9694195e48e8d5286981e97479dfd5324393b3aadbc7d0d876428460de4b8443
2023-04-01 18:16:32,True,4.9851,0.01585,45.9293,0.728,0x00...78d2,https://bscscan.com/tx/0xac4586822bebefbf8eef08cc9c43b7ece547a3b856327640afcf0c0a4dc72aec
2023-04-01 18:16:20,True,4.972,0.01581,41.4879,0.6559,0xc1...b919,https://bscscan.com/tx/0x14ab30c5f2d2ec71828937e9ae176568524ad62d851f308fda43b5c43ba8e612
2023-04-01 18:13:19,False,4.9467,0.01573,45.8132,0.7207,0xda...c952,https://bscscan.com/tx/0xea6bb12400a21d2c70d2ecef220820add62538fe312aa9b65da8298784d32120
2023-04-01 18:12:51,False,4.9287,0.01575,0.6415,0.0101,0x34...8793,https://bscscan.com/tx/0x25734d06be541330a778c30f1cfe5b63ab39108c66e9ae873ed72cac33692f64
2023-04-01 18:11:56,False,4.9292,0.01575,2.05726,0.0324,0x00...1fab,https://bscscan.com/tx/0xf929a9595fcf1b5ef4eac1bcb78cec4e62866046895e5bd646b5ba02b9f058a0
2023-04-01 18:11:56,False,4.9301,0.01575,3.97536,0.0626,0x23...54c9,https://bscscan.com/tx/0xc6277134c42aa85a06d98095a79c02fa223c2724ad380d2eaca397e7cf9be355
2023-04-01 18:11:44,True,4.95,0.01582,39.562,0.6259,0x56...0086,https://bscscan.com/tx/0xd59bc9375e98d814c42814da78007b78cf707aa7354020e9bfd13ce4331a5aa6
2023-04-01 18:11:41,False,4.9217,0.01573,15.3326,0.2411,0xbe...a1f7,https://bscscan.com/tx/0xe1ea003ed4057775f663701273e1e0c6e36444206bc060b948fc77096b10f491
2023-04-01 18:11:41,True,4.9441,0.0158,31.1381,0.492,0x91...79fe,https://bscscan.com/tx/0xe095439dadfdeb9a7964a8cad622beb26981388afef464841641ddcfebdd423e
2023-04-01 18:11:41,True,4.9301,0.01575,63.4804,1.00028,0x00...78d2,https://bscscan.com/tx/0x9ef8f10564ecb0c4e1c12c1d57ecb0762f601f72788138db2b1c18339768f06a
2023-04-01 18:11:36,True,4.9188,0.01572,13.2419,0.2081,0x11...a5bc,https://bscscan.com/tx/0x0133951b279c1ea1b1fca96b23f3d1026998772b133c6cfedb465c77330a1381
2023-04-01 18:11:36,True,4.9107,0.01569,41.6315,0.6534,0x2c...015a,https://bscscan.com/tx/0xbe8477f2a7ee132a42326b89bc859c7109f7b62b2b0d8f9186c81c89ad948a67
2023-04-01 18:11:30,True,4.8974,0.01565,48.4856,0.7589,0x00...78d2,https://bscscan.com/tx/0x45fc277b3771bcef7c43531d1afb2ff78510afd588383915788ac6ee0c24f99a
2023-04-01 18:11:09,False,4.8683,0.01556,16.4179,0.2554,0x24...8a94,https://bscscan.com/tx/0xdfea1a0aa756549e4330e58dc8f364cc2d332f5c63bf26e195205f11d3eed4a0
2023-04-01 18:11:09,True,4.8887,0.01562,44.3608,0.6931,0x00...78d2,https://bscscan.com/tx/0xf739faaa16669057b0a2c8cfe55270715b5c85c1805f05b1f02dd8689ecb0188
2023-04-01 18:10:27,True,4.8735,0.01557,55.3101,0.8616,0x00...78d2,https://bscscan.com/tx/0xe03f1e7b46cf7b55e36a3ef71681b7e4d56ab0a4774d75f9dd19139b862cdcd8
2023-04-01 18:10:12,False,4.8657,0.01547,1.98333,0.0306,0x38...28dc,https://bscscan.com/tx/0x5497868b9adeeb1bf351367c680a052f662f44a3cf3fde943b828afc3a5d24f5
2023-04-01 18:10:06,False,4.8664,0.01547,2.83,0.0438,0xe5...4cf7,https://bscscan.com/tx/0x6b681c8237356ed633fd5e5384068ccef9e8ba1efd9b9a98aefb157a8ff6b2aa
2023-04-01 18:10:03,True,4.8848,0.01553,44.3863,0.6896,0xf9...5ebf,https://bscscan.com/tx/0x32305ab1734b4921e9b4fe57db8b9a97a0b82f02f81bf68470fb60fff45694d2
2023-04-01 18:10:00,True,4.8758,0.0155,17.6846,0.2742,0x2d...7822,https://bscscan.com/tx/0xb2c3568fc43ade564426a02701545303142a73b3eeddc965a985a871d217da26
2023-04-01 18:09:33,True,4.8447,0.01548,29.2064,0.4523,0x2d...7822,https://bscscan.com/tx/0xa65eacd7dba303d1eeb3b09bc5dda180395512f5694f09d1a5f2ebac97e70dd5
2023-04-01 18:03:39,False,4.822,0.01541,39.3863,0.6071,0x2d...7822,https://bscscan.com/tx/0x7417af36363f24c67d418d3401cfd4b079c72863cdcddecff1d00b772036614f
2023-04-01 18:03:39,True,4.846,0.01549,40.9395,0.6341,0xf3...70a0,https://bscscan.com/tx/0x601d8a3e6601e5f75ac3a83398a24d55adabfaf36c756357aaf8d4aea616adbe
2023-04-01 18:01:30,True,4.8453,0.01545,31.2938,0.4837,0x2d...7822,https://bscscan.com/tx/0x0e9015dcb30da3f024590aa97e02cee8bc7dcb701f6f6150b4fd09bb1f99911d
2023-04-01 17:57:21,True,4.8373,0.01542,31.3795,0.4841,0x2d...7822,https://bscscan.com/tx/0x33e4ecaa33d766465cafed11ad0a213510bdc21d3c5b24290207fd94ca91ce79
2023-04-01 17:57:06,True,4.8287,0.0154,32.7522,0.5043,0x2d...7822,https://bscscan.com/tx/0xe9d46c2f4cc455de4288f89d690b9611b2b5231c83822aff1ae2fc45f16d2c47
2023-04-01 17:51:18,False,4.8029,0.0153,2.61253,0.04,0x90...48cd,https://bscscan.com/tx/0xbb4b905e69a93aa2f69d66f30f63029261ac004098d8aa3b4f61c9cafb847b77
2023-04-01 17:50:51,True,4.8233,0.01537,28.9,0.4443,0x2d...7822,https://bscscan.com/tx/0x3b356cdebac5910f940c23e5d1ee557c47be59e3ecba27572c4d210757d8033a
2023-04-01 17:44:54,False,4.8356,0.01534,132.69,2.03603,0x2d...7822,https://bscscan.com/tx/0xf5bde7d2253c1060c010f75f01d8ae60655e32a0acda04eeb2f19156e4e95a1d
2023-04-01 17:44:54,False,4.8576,0.01541,21.0113,0.3238,0x06...bfa4,https://bscscan.com/tx/0x72c3a727d3aeeeba57903e69b4cde02be84b3cbcd699db0c4c7777e024df1a8d
2023-04-01 17:44:54,True,4.8642,0.01543,143.905,2.22117,0xb6...4942,https://bscscan.com/tx/0xe1ce450217e4a7c7c8670dc144d27b3d62a3ee757895eef2cb2be201525121d6
2023-04-01 17:35:21,True,4.8343,0.01534,65.1902,1.0,0xd9...e379,https://bscscan.com/tx/0xb7201cb5d9fc076fe92485442f5bc9418c406ce0b8f36570edbc896d84793b96
2023-04-01 17:31:24,True,4.7942,0.01529,40.9787,0.6266,0x67...b7c1,https://bscscan.com/tx/0x45725bfa5e65467f91faa11317b42eb4c4f72d6c661f85d8a8e44d9953149f29
2023-04-01 17:24:17,False,4.793,0.01522,54.7512,0.8334,0x8b...88f6,https://bscscan.com/tx/0x97e12c602cc278ee584edf7c84b5efe9092d80a1c42fd4488ca3293ec5bfbffe
2023-04-01 17:09:14,False,4.7731,0.01525,10.7711,0.1642,0xa8...8a78,https://bscscan.com/tx/0x96062345766efe7bbcba36b74298c55aaf5740f5d6647439f1a4361be49ce06e
2023-04-01 17:07:20,True,4.8193,0.01532,25.791,0.3951,0x2d...7822,https://bscscan.com/tx/0x9ef23695c14efd593f63bc2f601d7bccb20fd86e403da1a2d0bcc9952feb827a
2023-04-01 17:07:17,True,4.7849,0.01528,47.2284,0.722,0x2d...7822,https://bscscan.com/tx/0x373458f8a068cd5c2064d4fce00b56bbafb1cc66d95d5cfaa7b1efb334b0f4e7
2023-04-01 16:46:20,True,4.8035,0.01524,40.3148,0.6147,0x2d...7822,https://bscscan.com/tx/0x3bb96f08f595ff6b5ede0de82aa3b504b4d9fdc4a997a49ea2198da15637dca4
2023-04-01 16:45:59,False,4.7743,0.01515,2.63859,0.0399,0x0e...2f4c,https://bscscan.com/tx/0x9c64d42f1062b76eee32ee50d877ce074dd45ebcc3a789eb7a235c8fbde9d05a
2023-04-01 16:45:23,True,4.7978,0.01523,6.19878,0.0944,0x2d...7822,https://bscscan.com/tx/0x9e4f727afda31ec5e7051647c5b5385a623a9103badae9c92dbe1ecdc1218e35
2023-04-01 16:45:23,True,4.7866,0.01519,73.0531,1.10998,0x00...78d2,https://bscscan.com/tx/0x2d92399f9e05acedf041297330f4bb90cc6a25ab2d466e4ad3e9aec0d08dc260
2023-04-01 16:45:02,True,4.772,0.01514,30.3685,0.46,0x2d...7822,https://bscscan.com/tx/0x39dda4de7a1fb59a856672d205f56e46007a2d3cc355527d15d9a4528a612191
