datetime,buy_order,price_USD,price_native,amount_token,total_native,maker,etherscan_url
2023-04-01 19:46:26,False,5.2845,0.01686,40.6828,0.6861,0x52...1c7e,https://bscscan.com/tx/0x81fe76d51e7e90c43d5b68726d499892bf23e37d3890a6efd38e6fa5fc978573
2023-04-01 19:46:20,True,5.3023,0.01692,93.7913,1.58716,0x1e...6c06,https://bscscan.com/tx/0xee214d659cf119a6e58eaff7a5ef9d230d446494d443c6d6874d6a69e8d6c037
2023-04-01 19:41:20,True,5.3075,0.01685,28.3265,0.4775,0x2d...7822,https://bscscan.com/tx/0x859b64c208ffb52adcb8ab8f067c5004bf75a871b768876db42cd80eea8a75dd
2023-04-01 19:40:14,True,5.2966,0.01682,36.6231,0.6161,0x2d...7822,https://bscscan.com/tx/0x13b557892deb286480fe46412c9b9fa789e29278119392b33a2034edc480df5a
2023-04-01 19:38:44,True,5.285,0.01678,33.6741,0.5653,0x2d...7822,https://bscscan.com/tx/0x8d580ab08a345068cf8c69770e1ac2f029e4243a78572543585b92b0091ddb0d
2023-04-01 19:38:17,True,5.2735,0.01675,36.2935,0.6079,0x2d...7822,https://bscscan.com/tx/0x3b2762e8e1ea280eb797f487fa4184ef41069642590c1ee24ba37a98fbfe9479
2023-04-01 19:34:41,True,5.2195,0.01666,125.978,2.09981,0x91...79fe,https://bscscan.com/tx/0x30803dda8121bb9e5f578c61ddac4a0ae14fc01c4d76d47b0761aba57bc98f07
2023-04-01 19:33:50,True,5.221,0.01658,34.5429,0.5729,0x2d...7822,https://bscscan.com/tx/0x544ee735d6e51895cc7c71912c32d0df85e989827364ad0e1a920941854d3b51
2023-04-01 19:26:08,False,5.1874,0.01648,3.66476,0.0604,0x2d...7822,https://bscscan.com/tx/0xf52a94b05d44e9ade73de5872e1716948461292f884547e385fddb250597d473
2023-04-01 19:26:08,False,5.1945,0.01651,41.3212,0.6822,0xc1...b919,https://bscscan.com/tx/0xd9f60bd949e0206e5030c5e670dcf23ead8325c466c7bdd170029b5911f22a55
2023-04-01 19:26:02,True,5.2268,0.01661,2.69,0.0446,0xe5...4cf7,https://bscscan.com/tx/0x8a3a9da57908b09584a3eb9be555d67306a3dceedfffa6ad2c27b0a61436274f
2023-04-01 19:26:02,True,5.2259,0.01661,2.79222,0.0463,0xb9...6417,https://bscscan.com/tx/0x9b1a3f39211e427a16e61d11ea4dcd8cccda4570b99c14ddfb9861ea648bd34f
2023-04-01 19:25:50,False,5.184,0.01655,65.2571,1.08058,0x2d...7822,https://bscscan.com/tx/0x3980ac3260ad9ca93f0cc533d6085be194f33d73524b926cc78370c2eb5a7601
2023-04-01 19:25:47,True,5.218,0.01666,15.1318,0.2522,0xbb...04a5,https://bscscan.com/tx/0x5a42a871803d8ced11859adc52323de06ad1a683e5ac44b8d37c66c143c3d99d
2023-04-01 19:25:47,False,5.1975,0.0166,49.8383,0.8274,0x2d...7822,https://bscscan.com/tx/0x543abc1286da32af69674b61a7e67de6b6965e1bb76633f5bb0032f821ec4663
2023-04-01 19:25:41,False,5.2134,0.01665,49.6309,0.8265,0x2d...7822,https://bscscan.com/tx/0x1c0687e9ccbee65fdcf65ea0a6c6160599599733a016a73722784b5ec3a2368b
2023-04-01 19:25:26,False,5.253,0.01669,32.7829,0.5473,0x2d...7822,https://bscscan.com/tx/0x4dcfde65730dfe60e32ca2763f200059dbdcb9ee5f74a9fd84996f37a5e6fcca
2023-04-01 19:25:17,True,5.2834,0.01679,2.10771,0.0354,0x66...87a6,https://bscscan.com/tx/0xa8ddd1c4763f5c4e28266debf1d1388c84d99dc255195a1c39f13fe20f4dbd78
2023-04-01 19:25:05,True,5.2825,0.01679,2.86082,0.048,0x90...48cd,https://bscscan.com/tx/0x6d534a199aadf7ff24a46a3b7d838a5bf9dba433648790cf9f8566ce49cba524
2023-04-01 19:24:59,False,5.2615,0.01672,35.9612,0.6014,0x2d...7822,https://bscscan.com/tx/0xdea186d7beb04df1205a91bca652375d3e062e25081bcfd16853c7540530d289
2023-04-01 19:23:38,False,5.2466,0.01676,36.8616,0.6179,0x2d...7822,https://bscscan.com/tx/0xa077a1a2e41a94268a94bfa3c1f86cbb552fca8f28a87f49d1b0db8c347f5883
2023-04-01 19:22:59,False,5.2572,0.01679,29.639,0.4978,0x2d...7822,https://bscscan.com/tx/0x48f01ab78a24e03a2fb8493c5d4b58870c3f63ee1605c178a4644971868fb124
2023-04-01 19:22:35,False,5.2929,0.01682,30.5403,0.5139,0x2d...7822,https://bscscan.com/tx/0xd075ef5f031bc99d20e55aafab9517d1f5e0c18dc0bbb8346017138e179e0b0e
2023-04-01 19:22:29,False,5.3029,0.01686,30.4489,0.5133,0x2d...7822,https://bscscan.com/tx/0xa5c0403089d873a76fe8c2623c945e54845ad1acb15f19130d628b367fe31158
2023-04-01 19:22:02,False,5.2875,0.01689,34.3411,0.5801,0x2d...7822,https://bscscan.com/tx/0x381c82b0d940f95a3ea2a0a9d0aa3359cbd8e1ccc4392215ff8a8b16c9ea8c6c
2023-04-01 19:20:47,False,5.3251,0.01692,30.1118,0.5097,0x2d...7822,https://bscscan.com/tx/0x356f996ee8d4dd2dbbc4934cd18231d7375714da6698fffc8ab0c990c718c8e7
2023-04-01 19:20:05,True,5.3566,0.01702,4.74258,0.0807,0x2d...7822,https://bscscan.com/tx/0x3a21fdd6f5d217364b9e7a0202fbb062c9966dc5e428da77ad6f6508a9be43f8
2023-04-01 19:20:05,True,5.3474,0.01699,50.4484,0.8574,0x00...78d2,https://bscscan.com/tx/0x084a45a163231b46847f04bd159dbf2e7b2c0a9af1555a228013664a93711f16
2023-04-01 19:19:20,False,5.3174,0.0169,30.9706,0.5234,0x2d...7822,https://bscscan.com/tx/0xe752e0940aa5cdd52ed84ffa51536edebab9eb1ad35698941911b3cc850a812a
2023-04-01 19:19:14,False,5.328,0.01693,33.1603,0.5616,0x2d...7822,https://bscscan.com/tx/0xf4301093cc1cbb0c88d03262ef1087454a36ea3137421fe114a264d5d159501d
2023-04-01 19:19:02,False,5.3079,0.01695,5.23505,0.0887,0x2d...7822,https://bscscan.com/tx/0x246fc7d60c8e7b54a225a4540a8d1aab816cc7cee60db0ea4ba33e8ce4e3e8e6
2023-04-01 19:19:02,False,5.3167,0.01698,48.0987,0.8169,0x00...78d2,https://bscscan.com/tx/0xd7426b19b4ccf5ecc33fe7a0a30f4725b4cca88df8628af72b5bc0c7d6f048ed
2023-04-01 19:18:59,False,5.3246,0.01701,0.1237,0.0021,0x6f...1a36,https://bscscan.com/tx/0xad3519530f58103357273e3e623c4c09a9809fcfd78ad4ac6bd5f93e3d14c4ec
2023-04-01 19:18:59,False,5.3315,0.01703,41.3392,0.704,0x00...78d2,https://bscscan.com/tx/0x5e2b38aff3b1426238c62282c9558808ed176987b3056fbb8d34aa9a3621cf9c
2023-04-01 19:18:26,False,5.3748,0.01708,57.9085,0.9893,0x2d...7822,https://bscscan.com/tx/0xf0f812676a673732e5457d260e11e2bd527cd9a40f49cce543b7165b3785a9c2
2023-04-01 19:18:23,False,5.3772,0.01717,116.966,2.00925,0x52...85b6,https://bscscan.com/tx/0x2131d0d3e5434361a88fa3f4506a0a78f96ffcf1cde88c2bcd0ab91acf3caeb0
2023-04-01 19:18:23,False,5.41,0.01728,77.2777,1.33558,0x2d...7822,https://bscscan.com/tx/0x4bdcf732b005000a63e74f79e70108b665795fb5e279c2397859c6d8426e9b8e
2023-04-01 19:18:23,True,5.4276,0.01733,132.848,2.30347,0x29...40ee,https://bscscan.com/tx/0x574ca02cd36219f8e496117afca1b65c8a34f32ce1f42ba1b9584410ccfdefbc
2023-04-01 19:18:23,True,5.3993,0.01724,34.1531,0.589,0xb7...3cda,https://bscscan.com/tx/0xcd514b5900ab2d559982fd3d25443eec7bf8ccbbc0eb7afecd262fe4b439c02b
2023-04-01 19:18:23,True,5.3738,0.01716,116.966,2.00797,0xac...ee49,https://bscscan.com/tx/0x0796b2707cc2e27f7eea0d6d6b772abb07d7e1af8bfb269be397dba7f1f6abaa
2023-04-01 19:18:14,False,5.3275,0.01701,0.4577,0.0077,0x89...3571,https://bscscan.com/tx/0x746fdfbefe12a6df5925a30c558cd9985fca95819690d19c4cc1ac03d3169a52
2023-04-01 19:18:05,False,5.3341,0.01703,36.6072,0.6237,0x2d...7822,https://bscscan.com/tx/0x838dd5032e03c6f7b3ef2647b1a74e04d94c3a09673a9531c132cc4c47da5ad5
2023-04-01 19:17:56,False,5.3405,0.01706,2.35747,0.0402,0x0e...2f4c,https://bscscan.com/tx/0x6a2fb9e7304b1556d9083bfc6f9348617fddbc6b319c53fb3660666c2eed72cf
2023-04-01 19:17:53,False,5.347,0.01708,36.1394,0.6172,0x2d...7822,https://bscscan.com/tx/0x254306928127eed4602ff1c4563b0bc1e015ed05ffeb646634fca18b29cfdef6
2023-04-01 19:17:50,True,5.3916,0.01713,93.2289,1.59751,0xbf...bb5c,https://bscscan.com/tx/0xba71bd958cd35c75c5a1c66ff323e52986dfc6aa7469b26f1dbb5c54e34fd5b5
2023-04-01 19:17:41,True,5.3543,0.01701,129.174,2.19815,0x3a...231f,https://bscscan.com/tx/0x5ce11d03e4aa3029821b80b98e8e6f99a1183879487a485e3302956c16646f74
2023-04-01 19:17:38,True,5.323,0.01691,75.9625,1.28508,0xd6...f5d2,https://bscscan.com/tx/0xf060015093802829be1c2fcb51e03a65ef50f9d559d7946af7b1af3d42451e29
2023-04-01 19:17:38,False,5.3204,0.0169,237.525,4.01634,0xf9...2822,https://bscscan.com/tx/0x003e51f7e81090358c7535a105fa1b2e37819e81cb05372151afd7f41a396085
2023-04-01 19:17:35,True,5.3516,0.01709,46.8142,0.8002,0x00...78d2,https://bscscan.com/tx/0x61c35af74db5e0a776ad3c8cc95ffdbb0d5f13589354fca5e80049b2110a8f08
2023-04-01 19:17:32,True,5.3367,0.01704,42.7524,0.7287,0x0e...7558,https://bscscan.com/tx/0x3424812f075fe2a206389f0756627fdfa811d454482ec1c1331a9cae326d2801
2023-04-01 19:17:29,True,5.3226,0.017,42.0952,0.7157,0x05...7eea,https://bscscan.com/tx/0xbfd27ff773d517f257477672bfb4e17c2d890ac2de631f3c4edd690b30a35c62
2023-04-01 19:17:11,False,5.3162,0.01689,3.01763,0.0509,0x89...3571,https://bscscan.com/tx/0xd5f9cbd8fe37900de0bcb2f0282c780dacca94a7ac4889d5a7671284b434e4c6
2023-04-01 19:16:53,True,5.3093,0.01695,45.4417,0.7706,0x00...78d2,https://bscscan.com/tx/0xc79a0dbe20a1df69bbb5033d85764e14bb36531c926854938d6ef0296e5ee358
2023-04-01 19:16:29,True,5.3266,0.01692,11.9098,0.2016,0x2d...7822,https://bscscan.com/tx/0x49aead10b96e90aa5833cdc831ed6bbd9923a329c5433f850064b81ed8893bfa
2023-04-01 19:16:29,True,5.3181,0.0169,39.7018,0.671,0x05...7eea,https://bscscan.com/tx/0x26aa3bb6089e93e87eaeb827311563043820f1a31cef199e9dbf78378f94a8e7
2023-04-01 19:16:08,True,5.28,0.01686,30.4298,0.5131,0x2d...7822,https://bscscan.com/tx/0xb6219108a8327c2e26f4a74682f7854c6abb092a4f0bf883e720098f23f1e8a8
2023-04-01 19:16:05,True,5.2699,0.01683,31.2862,0.5266,0x2d...7822,https://bscscan.com/tx/0xe87dc8d2cfb622296d11d3a83897edfe739452407e4411fbf562a7344ab93667
2023-04-01 19:15:26,False,5.2445,0.01675,37.6798,0.6312,0x91...79fe,https://bscscan.com/tx/0x15b68a18ecdb46e13cb4f798730c40af170ddc33df6f1026e7663571b1b34661
2023-04-01 19:13:17,True,5.2978,0.01684,30.4827,0.5133,0x2d...7822,https://bscscan.com/tx/0x70b3812ae9842cb87c1a3e88adefcb7af0da2dbc600c0cdd7b0e07eac64ba81e
2023-04-01 19:12:56,True,5.2868,0.0168,34.7382,0.5838,0x2d...7822,https://bscscan.com/tx/0x2f435ce054c07160fe6d854644840dedb4e2ca5801f51c8455f0994536ce0aec
2023-04-01 19:12:29,True,5.2749,0.01676,37.6792,0.6318,0x2d...7822,https://bscscan.com/tx/0x439a0e352219eba57cd383a38e918d6eececa793ccb532b587ddf4332261fb15
2023-04-01 19:11:47,True,5.2419,0.01674,2.87323,0.0481,0x86...1912,https://bscscan.com/tx/0x6ffefc1e7025dddd54cc88218565d43f81af6f639261d8f564a70c53ee8116b9
2023-04-01 19:10:44,False,5.2196,0.01667,26.793,0.4468,0xda...6e1f,https://bscscan.com/tx/0xec99b3b0bad0060fb48e2cb4df61f39e8c8c4bd35ed9ed42ebb9dbdf6c6a5d34
2023-04-01 19:09:50,False,5.2253,0.01669,2.53493,0.0423,0x0e...2f4c,https://bscscan.com/tx/0x45346e68ab70cd80e0f5d306745d786b9eeb61a047917b9f4662fd0ae5c318d7
2023-04-01 19:09:47,True,5.247,0.01676,30.4174,0.5098,0x2d...7822,https://bscscan.com/tx/0xaf975cd798517c26f4400a43fa7fb5e09f0200f0fecf2fb0e1fa5c89a9de5a46
2023-04-01 19:09:20,True,5.2608,0.01672,44.1865,0.7388,0x00...78d2,https://bscscan.com/tx/0x11fc602b4b160d4a52d374ab504a48aee8a3405a60c5abb2fd95cc090ce8cab3
2023-04-01 19:08:11,True,5.2221,0.01668,26.793,0.447,0x91...79fe,https://bscscan.com/tx/0xf4c73006b355e8c124555b3c57da5e3cb3d35e7418a8728433d26652b752e780
2023-04-01 19:08:11,True,5.2098,0.01664,50.1018,0.8339,0x00...78d2,https://bscscan.com/tx/0x873284fb60963b7301e96bd236c50f78cc72ff2026a762b43b6254989360afaa
2023-04-01 19:07:59,True,5.2227,0.0166,29.1237,0.4836,0x2d...7822,https://bscscan.com/tx/0x7c80bdace3e67f2b6b13f340e2ffe77a643560e5b19d63f84821fb1e0e2da928
2023-04-01 19:07:20,True,5.1871,0.01657,27.9584,0.4634,0x2d...7822,https://bscscan.com/tx/0x22b8bca9cbe626457fd7fedc9ba2ccf9ec90653a85879eb3fe7084295193669c
2023-04-01 19:06:05,False,5.1575,0.01648,6.74996,0.1112,0xee...2e03,https://bscscan.com/tx/0x7126a526036c2005db70c5f74af89e17c8a4cf57235f4bf7530ea8d6babae148
2023-04-01 19:04:02,False,5.1593,0.01648,5.97933,0.0985,0x2d...7822,https://bscscan.com/tx/0x18c75e73ee0ac304b1e6dded6cc5ad3bbf9337d5150a320cffce059b32fa5768
2023-04-01 19:04:02,False,5.1728,0.01653,78.6276,1.29986,0x00...78d2,https://bscscan.com/tx/0xed938e36f7cae58bbf4249a8265d867ca31ec3b1fa8fe6bf95aba5ba1c774b68
2023-04-01 19:03:59,True,5.1959,0.0166,95.7475,1.58997,0x7c...d970,https://bscscan.com/tx/0xc12842b34bcc3650471e6d7e7fa85fe76bf8767467ce6592933a2ceebdbc5282
2023-04-01 19:02:44,False,5.159,0.01649,30.4529,0.5021,0x2d...7822,https://bscscan.com/tx/0x00a1d990a0df0486c3178c589b3bd4d9d8ec9c51204bb50033a2081417a5e6ca
2023-04-01 19:02:41,False,5.1691,0.01652,33.6339,0.5557,0x2d...7822,https://bscscan.com/tx/0xd0f2039bda12da12e8822d59745428809c33aabe911d847f9a3472788a8c5c49
2023-04-01 19:02:38,True,5.1955,0.0166,30.9692,0.5142,0x66...c9ab,https://bscscan.com/tx/0xaf95fbd2a06159f4a230b511abd7929c77581f8e5bc43e2a223c1b1e8d4b02d5
2023-04-01 19:02:14,False,5.1911,0.01651,5.0,0.0825,0xdd...7931,https://bscscan.com/tx/0xfca67aaec7928d49baf6f05fcbcd7820da0c8272daae60b1782007e36c2a8017
2023-04-01 19:01:23,True,5.2163,0.01659,10.5438,0.1749,0x78...84fb,https://bscscan.com/tx/0xc90ba7c4fae57573e183cdc1d267d5c29a639fb2cb53bb132ede32521799626e
2023-04-01 19:00:20,True,5.2137,0.01658,2.81585,0.0467,0x2d...7822,https://bscscan.com/tx/0xd19d006de5b00bb2dda15e2a130cae07c5eb5c900bdca6369888567c15ef1886
2023-04-01 19:00:20,True,5.2011,0.01654,75.8518,1.25486,0x00...78d2,https://bscscan.com/tx/0x544dc49827966d2f20094309526e209f31779582dae2025b029f28e71e35e431
2023-04-01 18:55:29,True,5.1624,0.01648,33.5636,0.5534,0x2d...7822,https://bscscan.com/tx/0x73d87adc0c1b8d65381a19ca11396ba5194a169f8343a6acbd00687c361a7571
2023-04-01 18:52:26,False,5.167,0.0164,28.9712,0.4752,0x2d...7822,https://bscscan.com/tx/0x365743e7d8b5880773439461b207b34fd95c44d401dabc4e1a53c2909c896be2
2023-04-01 18:52:05,False,5.1439,0.01642,5.27068,0.0865,0x2d...7822,https://bscscan.com/tx/0x1add43fb660ac5aa5554656bd9392003d70ed438b7a48f3610dcba22a2b8f04f
2023-04-01 18:52:05,False,5.1494,0.01643,29.5594,0.4859,0x52...1c7e,https://bscscan.com/tx/0xd4365d0d2e72a64c211f014ee9c434f8c8c40b5f159bb7840cab82ee80fa840a
2023-04-01 18:51:38,False,5.158,0.01645,7.81,0.1285,0x0e...c0e4,https://bscscan.com/tx/0x82be65b1f3f394e2ad4ca048ba8919a62765940a83247fcb2619f208c4cd2fb6
2023-04-01 18:51:29,True,5.1806,0.01652,28.6546,0.4736,0x2d...7822,https://bscscan.com/tx/0xd8dbd6fda902a9708c950fe0e03953cc4acaefb0ee123ed3b8854374653c2e73
2023-04-01 18:51:23,True,5.1714,0.0165,29.5594,0.4877,0xda...6e1f,https://bscscan.com/tx/0x04f03690caf6d41192dff6b576a429c8d3dcf01d21810c0c6ea22b47c6d3f924
2023-04-01 18:51:23,True,5.1575,0.01645,58.2285,0.9581,0x00...78d2,https://bscscan.com/tx/0xf03e4764602115f4d28c4b8e90f402d0cd4f0bf5df6d7f2acef9fca90be3169d
2023-04-01 18:47:26,False,5.1278,0.01635,28.7295,0.4699,0x2d...7822,https://bscscan.com/tx/0x1525aaedd5da8f94e372e4543e42457bd61a1a7c6b46ae43df01c81b7812b8c7
2023-04-01 18:47:17,False,5.1638,0.01639,36.046,0.5908,0x2d...7822,https://bscscan.com/tx/0x4671a0679d2e2f26071cfdc601f7e5b088984a0e8457418670d5aa32752540a3
2023-04-01 18:44:14,False,5.1446,0.01641,20.0098,0.3285,0xda...b9bd,https://bscscan.com/tx/0x7c9228601b4931a9fc685393fabc75aa8244c0b535a7bf8394778959a2f33658
2023-04-01 18:44:08,False,5.1522,0.01644,28.5014,0.4686,0x2d...7822,https://bscscan.com/tx/0x32de23c8500e393a63837ed5c40331aed35ef69172f17bdeb699952894f3ca5e
2023-04-01 18:43:26,False,5.1613,0.01647,28.3887,0.4676,0x2d...7822,https://bscscan.com/tx/0xbfe64125beb11773b17396c84e4f4b889c7af8c0182e323eddced4c747ab552f
2023-04-01 18:42:20,False,5.1914,0.01648,0.0368,6.066e-05,0x2d...7822,https://bscscan.com/tx/0x555d0b10413a22e1e0d53a5123da5ec7bbf08cd21e9106c4ff638a02d140fde4
2023-04-01 18:42:17,False,5.1961,0.0165,29.439,0.4857,0x2d...7822,https://bscscan.com/tx/0xba609a3268c987fdd55a889808365c6d95a8364c021a58bf7d627eeb0684c067
2023-04-01 18:42:14,True,5.2266,0.01659,1.92797,0.032,0x89...0341,https://bscscan.com/tx/0xbae51c8750117dd980a249361e206bea36d63e2d12bba39bde59ad56a80264cb
2023-04-01 18:42:11,False,5.2095,0.01654,58.3,0.9644,0x00...78d2,https://bscscan.com/tx/0x04945f2df1b2b6ade45f9ffd064eff27c7768cfef85cc42e73f343a525789fd1
2023-04-01 18:42:05,False,5.1992,0.01659,39.6299,0.6575,0x2d...7822,https://bscscan.com/tx/0xcf3a157f646d8ae07734e74a39a5a29070aa5ff8916527a50c4b1b60b71c459e
2023-04-01 18:42:02,False,5.212,0.01663,40.1086,0.6671,0x2d...7822,https://bscscan.com/tx/0xb7aacef5f48de5fd3d0fc73811529150b0eefa343905f1d86e1eb27c6064e401
2023-04-01 18:42:02,True,5.2292,0.01668,95.088,1.58693,0xa1...24d9,https://bscscan.com/tx/0xd2446b532696f31afd3fc459bd7246e90b90b1162a621aca1a9dc5ffbceb0a41
2023-04-01 18:40:59,True,5.2111,0.01663,20.9082,0.3477,0x2d...7822,https://bscscan.com/tx/0xac20e4ec0a34637270f58d79cba421274e5afe24b0c71b0ebfd3737331a075d6
2023-04-01 18:40:35,True,5.2023,0.0166,34.3156,0.5696,0x2d...7822,https://bscscan.com/tx/0xb71557db9d80a6a664520547630e8b29cdcf3783e66615bd8848eba1badec5e6
2023-04-01 18:40:32,True,5.1913,0.01656,34.3677,0.5693,0x2d...7822,https://bscscan.com/tx/0xb0b39d1639d4f19ec3ac7820c7ae4abef13868644f8ef96819b9cdaebf1d5423
2023-04-01 18:39:32,True,5.1989,0.0165,79.9052,1.31911,0x2d...7822,https://bscscan.com/tx/0x5af9b2951f6a53b2b1bde6a13e3f836f729ba923cc5a03651bf5deaf44ac804c
2023-04-01 18:39:32,False,5.1694,0.01641,74.4053,1.22136,0x31...88c4,https://bscscan.com/tx/0xcfc059b074a4b5f3608e86b37ea09a6f6ce5e098675cab9705a374e97de1e39c
2023-04-01 18:39:26,True,5.2082,0.01653,9.95063,0.1645,0xed...bb41,https://bscscan.com/tx/0xa3bc786a32594618611e0111959aae3b86eb254d1611286e09ce4a3efb62afd2
2023-04-01 18:38:35,False,5.1901,0.01648,60.2437,0.9928,0xa3...1cf2,https://bscscan.com/tx/0xd8dca2b164e60abe35865fc24e96acaf23351e108b9938b19ef67d681bb16706
2023-04-01 18:37:44,False,5.1997,0.01651,2.89926,0.0478,0x1d...f269,https://bscscan.com/tx/0x575f16696a8ba601da1ed3cb129ebeca8f3a43dfb247086afa9f521be86a5aeb
2023-04-01 18:36:29,True,5.222,0.01658,20.9102,0.3468,0x2d...7822,https://bscscan.com/tx/0xc03dc88fddce06c5bd6ccb4637413110c96f27e614902c5ef1d73e54b6afb679
2023-04-01 18:36:29,True,5.2081,0.01654,65.6023,1.08522,0x00...78d2,https://bscscan.com/tx/0xe16d481f6b418b0b8b5f48c1760679c64b2279e142fc985e4d76b46fc710b152
2023-04-01 18:35:32,True,5.1695,0.0165,10.2009,0.1683,0x86...1912,https://bscscan.com/tx/0xcb560704f8bc7db1a5aa4bccef17c0a723358cd885160e9ed1504d7c03166756
2023-04-01 18:35:14,False,5.1398,0.0164,2.0,0.0328,0x31...88c4,https://bscscan.com/tx/0x2fe1262b7173ba67590101b35cb21891cc26419c7285ce65b1b24b258f322b8f
2023-04-01 18:34:59,False,5.1694,0.01642,5.66314,0.093,0x5e...92d2,https://bscscan.com/tx/0xcf49946179d0b84d3396625b301eb3238ee6b42500823014193b55ae436746ef
2023-04-01 18:33:44,False,5.1788,0.01646,70.3948,1.15868,0x2d...7822,https://bscscan.com/tx/0xf3cab5017300d736e161c3f1b8f7c2568cb85b79405a2cd942620e9f22bbc483
2023-04-01 18:33:44,True,5.2074,0.01655,53.6877,0.8885,0xba...ef8e,https://bscscan.com/tx/0x38a85c64e1661a1526623c2a022758566dfd3feddadf39fb10b46b9452e6a927
2023-04-01 18:32:50,True,5.1968,0.01651,9.38565,0.155,0xf9...568f,https://bscscan.com/tx/0x2b704ccfcd2cb8a18d71c5eb19d9448d8c06400b16d2892709573c53e59635e8
2023-04-01 18:32:35,True,5.1903,0.01649,31.4997,0.5196,0x2d...7822,https://bscscan.com/tx/0x3decfa609d324965cd9b0c718b6d32d9773f9d6c4d5bb72349b3b6bc8ac37e9e
2023-04-01 18:32:29,True,5.1804,0.01647,23.2045,0.3821,0x2d...7822,https://bscscan.com/tx/0x150612ad99e978c2ac87948d2f06d6e93b7724b8e365f5595d9e3248e417f68c
2023-04-01 18:31:59,True,5.1454,0.01644,32.3452,0.5318,0x2d...7822,https://bscscan.com/tx/0x7a5905ee02ea4a50661291fdf7514c6c1beae3680d4860235c3f0e58f7e3ea03
2023-04-01 18:31:50,True,5.159,0.0164,44.8645,0.7359,0xf9...5ebf,https://bscscan.com/tx/0xaa6b3af03642b1d67bc211cef4f76acb481f9a4373272766d5c6db951509838d
2023-04-01 18:30:53,False,5.1046,0.01631,28.8237,0.4702,0x2d...7822,https://bscscan.com/tx/0xfb141bf4c6ed15d3273fa7332079ac810a01a96bb630fc6f03d12285067f1c23
2023-04-01 18:30:23,False,5.1401,0.01634,34.5283,0.5643,0x2d...7822,https://bscscan.com/tx/0xb12e7a02a3577998df6422b95fdc5738c42d992ddb8acab5706ea7d15cc6c74c
2023-04-01 18:30:08,False,5.1507,0.01637,33.6405,0.551,0xda...6e1f,https://bscscan.com/tx/0xd1d77e253b803c508083c051bb7f8accdfcfc737e13e667d72a8a6a95731c197
2023-04-01 18:28:11,True,5.1524,0.01646,24.2844,0.3998,0x2d...7822,https://bscscan.com/tx/0x1cff7e910e42b3b505869e706e6aea798bac5ffb5a72a13bdd4d4579a8da2994
2023-04-01 18:28:11,True,5.1478,0.01645,5.10868,0.084,0x30...9359,https://bscscan.com/tx/0xe70a4c50a7c4d7b0d8091a2d2b21474b183432f98d3dbb9e64e9030d828f5ad4
2023-04-01 18:28:11,False,5.1315,0.01639,65.2145,1.06947,0x88...0b19,https://bscscan.com/tx/0xcdf106725b79e4656d6f8bb9aff8aa80a4e09d63d7b1e31698829826426ac468
2023-04-01 18:28:05,False,5.1465,0.01644,30.1476,0.4958,0x2d...7822,https://bscscan.com/tx/0x58107e6f83c0e997d9f45c30276fad54edd4899a3c043eb161b51519d97435e5
2023-04-01 18:28:02,False,5.1787,0.01646,9.88014,0.1627,0x2f...e155,https://bscscan.com/tx/0x2bd4c2439eee647b9b62f6cc97c697bae2ebb4bc54f2080d66c158231863054d
2023-04-01 18:27:59,False,5.1868,0.01649,41.0037,0.6762,0x2d...7822,https://bscscan.com/tx/0x849bc7b781c7d2010881a301b8d7f12774c4973a76afd98b79e7eab52eac97c5
2023-04-01 18:27:50,False,5.1985,0.01653,32.4413,0.5362,0x2d...7822,https://bscscan.com/tx/0x0f3e42c98a28dfef7f8174c32347a5cada0a816ad911eb5dc24566d191da251c
2023-04-01 18:27:44,False,5.2087,0.01656,32.1648,0.5327,0x2d...7822,https://bscscan.com/tx/0x0df0bfa2b5988785db38f600ce1c06236c38494f207fdb990189319b9f6d2444
2023-04-01 18:27:02,False,5.1944,0.0166,41.4905,0.6887,0x3e...a7c8,https://bscscan.com/tx/0xcc6128e73f0628181ea21dd57f3760b540d301d34e639a2af35dca1e3f56ceb1
2023-04-01 18:26:35,False,5.2346,0.01664,44.9728,0.7485,0x00...78d2,https://bscscan.com/tx/0x3de8cfc1d9d7342d0494085eccf4cb08f37866a354bd39ddff9de4da2bbc38c2
2023-04-01 18:26:20,False,5.2465,0.01668,30.1034,0.5022,0x2d...7822,https://bscscan.com/tx/0x0f77e06073569e5563048f2160f9bf0da6f194369e5f7dfceab45a81a1df97f8
2023-04-01 18:25:56,False,5.2344,0.01672,55.1786,0.9229,0xda...6e1f,https://bscscan.com/tx/0x3255c6156c26747078851e692d2377532141bce1c6f347cb27a1d6a76d73f877
2023-04-01 18:25:35,False,5.2765,0.01677,43.5607,0.7308,0x91...79fe,https://bscscan.com/tx/0x2b5a2e0003fc778abe40e84d3fefe05f72e4d651b8f4f514e896d16be654d737
2023-04-01 18:25:26,False,5.2822,0.01679,7.576,0.1272,0xc5...9b5c,https://bscscan.com/tx/0x287b44533b5087113823a58d60aafa04e26c3c56c8e292d65be852125e07e6a4
2023-04-01 18:25:26,False,5.2997,0.01685,83.3384,1.40443,0x0f...8280,https://bscscan.com/tx/0xcb7a10f89f31d3317f363b12d64a5e39c80ad3fbacf0baa93078fd3960cb051a
2023-04-01 18:25:26,False,5.3156,0.0169,13.2419,0.2238,0x11...a5bc,https://bscscan.com/tx/0xfad308f523c333c7ef626403370e475f3c072cd7670217035f83f476527d90b9
2023-04-01 18:25:26,True,5.3195,0.01691,150.384,2.54378,0xb6...4942,https://bscscan.com/tx/0x0d890bc7f2abfbf003fed4d98e31c53e4957e479c22e358dcf44113ca357c276
2023-04-01 18:25:26,False,5.275,0.01677,40.9472,0.6868,0x82...2196,https://bscscan.com/tx/0x086e5a13a2fdea8445b3c8dd83873039b0ed4b0c072953c880fe174f76c3abd6
2023-04-01 18:25:20,False,5.2879,0.01681,37.9,0.6372,0x9d...6dab,https://bscscan.com/tx/0x33ea929e138330e34a58d8c78373f1e625032f7195a1e8cb59e2b6aa7c85a8af
2023-04-01 18:25:11,False,5.2948,0.01683,3.91,0.0658,0xe5...4cf7,https://bscscan.com/tx/0x5e60f312e688b00070c9fccecf33cfacba6ef5e03737bb91f7e73094e9f5aa0d
2023-04-01 18:25:11,False,5.3035,0.01686,49.4233,0.8334,0x00...78d2,https://bscscan.com/tx/0x3056da0fc98ca3c84fb05427df4f6b6c4ff2e3d0704e878b375436a3d812a9b5
2023-04-01 18:25:02,True,5.303,0.01694,52.3047,0.8864,0x2c...015a,https://bscscan.com/tx/0xe7ca0d61f259ea4135efb3886273eb2dae79e425839e966c3ebdbdf62f0d79d6
2023-04-01 18:24:59,False,5.2724,0.01685,27.3785,0.4613,0xb1...bb2b,https://bscscan.com/tx/0xc1ad42dba813a0adad2ef0e5729d97ea308fbac7656157cdeb8da79da1091020
2023-04-01 18:24:59,True,5.2849,0.01688,112.584,1.90146,0x00...78d2,https://bscscan.com/tx/0x463dffb8812fbe579a8f2e1eff00c68c478c5463d5e98c5d8aeb70b31db6abb7
2023-04-01 18:24:50,True,5.2573,0.0168,56.4409,0.9482,0x00...78d2,https://bscscan.com/tx/0xab257892c92a2df3126c6007988230ceecd7462513b6bfd38d39958956a41887
2023-04-01 18:24:23,True,5.2697,0.01675,29.8,0.4993,0x2d...7822,https://bscscan.com/tx/0xdf3dd986e8669fcb19c38de02f313e9bcdb34d8193c4cb187efe00fefb8d4448
2023-04-01 18:24:08,True,5.2572,0.01671,48.2033,0.8057,0x2d...7822,https://bscscan.com/tx/0x3cf860a17d0f71195b54fdc5a4ddade0ed3aeb3cf3e4bd8b1b5e4af3f6fa8871
2023-04-01 18:24:02,True,5.2153,0.01666,48.4594,0.8076,0x3e...a7c8,https://bscscan.com/tx/0x26a7855b605131c8702b52b9bebd3e3d2a3dc6774232506fe947a48ea7387e8f
2023-04-01 18:23:50,False,5.1821,0.01656,3.99516,0.0661,0x44...5110,https://bscscan.com/tx/0xcd640b46269da3d99a40f05936ce0602b6c1f1c94011391d2af2f66f46f28cb4
2023-04-01 18:23:32,False,5.2135,0.01657,28.8779,0.4787,0x2d...7822,https://bscscan.com/tx/0x3944394690ac3dbbdb8bfc4a93a8335f416e4fcb76f9e915d6fb7770d6e5e598
2023-04-01 18:23:05,False,5.1928,0.01659,4.50455,0.0747,0x2d...7822,https://bscscan.com/tx/0x09002e44343c038bdb0e62b5a1e0f90ec5f247145ad0597487bccc10c1b81775
2023-04-01 18:23:05,False,5.1986,0.01661,31.2732,0.5195,0x52...1c7e,https://bscscan.com/tx/0x0143c19ee72fa229fe26445515e5474c005358d0ec4886285d4a8abbb6835e17
2023-04-01 18:23:05,False,5.2042,0.01663,3.71631,0.0618,0x2f...e155,https://bscscan.com/tx/0x1336bc8518907b162785f854177f31386ae85fe36c9a1a042fe4c4507869b2ea
2023-04-01 18:22:11,True,5.2517,0.01669,33.1634,0.5537,0x2d...7822,https://bscscan.com/tx/0xe268cd351d3d477a73481981ec705707ece90550f00338f7def2b915bc1f1aa6
2023-04-01 18:21:50,True,5.2192,0.01667,5.88253,0.0981,0x2d...7822,https://bscscan.com/tx/0x32d2c38e8a4066e0758a6a25b38c2b5bb33e8060175e51e33ea709e3c55ca7ba
2023-04-01 18:21:50,True,5.2112,0.01665,43.8815,0.7307,0x00...78d2,https://bscscan.com/tx/0xbc9b77df1c88935463495a2fd73ed3dd1bf8a3f173d55262535bb4196268e886
2023-04-01 18:21:47,True,5.226,0.01661,26.2538,0.4362,0x2d...7822,https://bscscan.com/tx/0xd41b0e1ad381a7f4e3b1ff45d58e440f0b2f13dff994c30f71449202af2d75c1
2023-04-01 18:21:35,False,5.1879,0.01657,113.967,1.88944,0x2d...7822,https://bscscan.com/tx/0x6c9b9a6ec1e4417bc6c85a12121ed1166dbf0e08a1c141a2eabdff8cafd4a475
2023-04-01 18:21:35,True,5.2168,0.01667,95.363,1.58983,0xb6...4942,https://bscscan.com/tx/0x5a92b81f383a41ff16c2c7af3916fb164f746510dd30e22fcfac3a31075524e0
2023-04-01 18:21:17,False,5.2097,0.01656,52.0019,0.8614,0xed...4f31,https://bscscan.com/tx/0xb83d03d04f877a7abad67783f3e4ed92a12fe482cd9d2c822abf489250553797
2023-04-01 18:20:59,True,5.2293,0.01662,91.4,1.51987,0x00...78d2,https://bscscan.com/tx/0xd611a5d938611530be04de44437f075637bb0b8141b1977c130459c48ce2b08f
2023-04-01 18:20:56,True,5.2101,0.01656,28.2732,0.4684,0x2d...7822,https://bscscan.com/tx/0x4375c26b4bb534a403d8f653b0a71a8807c17ef9cffdd8c9827583f8e260684c
2023-04-01 18:20:20,False,5.1585,0.01648,30.4771,0.5024,0xda...6e1f,https://bscscan.com/tx/0x74324ef91d8ebc29977f6f4c6f7c2fd1f0a94e1e293f826658b8058f39638ea1
2023-04-01 18:20:20,False,5.1641,0.0165,4.78479,0.0789,0xda...c952,https://bscscan.com/tx/0x1a5352d8a8ecb59f9ad53953c12198dc42f2464e6cc1b59c95732acca8f3bf6f
2023-04-01 18:19:44,False,5.1953,0.01652,28.3537,0.4684,0x2d...7822,https://bscscan.com/tx/0x8fdd3593f8f810fbe6373b39e45ee61125728abe620878e672a672f57a366525
2023-04-01 18:19:29,True,5.2242,0.01661,9.82396,0.1632,0xd7...9a7e,https://bscscan.com/tx/0x8fdcfb48225cb52f2a3079d41f9d610352aff70a2393ba5a44e3a88c5250a02a
2023-04-01 18:19:14,False,5.2064,0.01655,60.971,1.00944,0xda...c952,https://bscscan.com/tx/0x1c205a751fce090d594d618dd9d6bb6d326721ebef1d8311aa0c434f0822ac49
2023-04-01 18:18:59,False,5.2169,0.01658,1.90221,0.0315,0x38...28dc,https://bscscan.com/tx/0x63d76397e608266f0ad4d532d7609a56f0af7e83bf2335b54ede28dabbf1716f
2023-04-01 18:18:53,False,5.218,0.01659,5.0,0.0829,0xe5...4cf7,https://bscscan.com/tx/0x85e719e2d7fbe5bed3b119fc3a0e572d55ac00334568f652514de923f72332d3
2023-04-01 18:18:53,False,5.2391,0.01665,126.242,2.10305,0x2c...015a,https://bscscan.com/tx/0x07fd5b6de9a85e3894d9db393aec3c574f2b8915eb625980ad65eb84799423cb
2023-04-01 18:18:50,False,5.2402,0.01674,43.1929,0.7233,0x91...79fe,https://bscscan.com/tx/0x69fac235a04deb41343409764fde4ef7b01cbee8b5cda108ba5a6fcd9ce6ee27
2023-04-01 18:18:47,False,5.25,0.01677,17.4249,0.2923,0xbf...18ac,https://bscscan.com/tx/0x3c449be24ec9a92ab5b2dae0713e35d6b77d824c75a12f8d5a498327ba05ed1e
2023-04-01 18:18:47,True,5.2376,0.01673,255.724,4.28025,0x0c...8533,https://bscscan.com/tx/0x41239442d07be5bd476b332b22795d6ccdb930f00950622ba29751533ce5c9bc
2023-04-01 18:18:47,True,5.182,0.01656,90.5788,1.5,0xb0...a41e,https://bscscan.com/tx/0x078931c2b7c8040e2bf3ed9b901daf55b24d3ddf202e930c7b820f9a58586311
2023-04-01 18:18:44,True,5.1605,0.01649,45.1959,0.7453,0xda...6e1f,https://bscscan.com/tx/0xa1c9d15ae9a36e910a8f0f1e157d08b6c1a630bb05cb132611e5b379d187c2c6
2023-04-01 18:18:41,True,5.1467,0.01644,42.4,0.6973,0x91...79fe,https://bscscan.com/tx/0x21bcd0f1d76165dc6b9688ab05e2ad663376ce17494d8f4c19ca2205e2c9cef3
2023-04-01 18:18:41,True,5.1308,0.01639,58.5122,0.9594,0x2f...e155,https://bscscan.com/tx/0x75fa967f28762d26c87209b0245b5ea1768be610840d837ea96d92352a62e159
2023-04-01 18:18:38,False,5.1001,0.01629,25.9731,0.4233,0x00...e049,https://bscscan.com/tx/0xad459a75f5563cf51fb5b7d41a57f36f9d26d2ae376a5b2be52fb197e9f81195
2023-04-01 18:18:38,True,5.1259,0.01638,24.6699,0.4041,0x52...1c7e,https://bscscan.com/tx/0xde4ad08a528aa29951fefdd401316c52e5548b17221e01239374bfee84cb7e1d
2023-04-01 18:18:38,True,5.1209,0.01636,7.73796,0.1266,0x3f...573a,https://bscscan.com/tx/0x1d29b247dbe54303ad21e6f3d99c2ea5575ccb0fb25e59e9e4cddc2ed69ef3a9
2023-04-01 18:18:38,True,5.1053,0.01631,91.9402,1.5,0xb0...baef,https://bscscan.com/tx/0x4a6a7788490bfe4d2ee0cd44ac07b576f2f2603e7db2e6ee2687b6312330549e
2023-04-01 18:18:35,True,5.0741,0.01621,109.869,1.78153,0x00...78d2,https://bscscan.com/tx/0x562404cdc41150e562b96c6c1808ce35527511fb8dc232953324e831fad6a4ec
2023-04-01 18:18:32,True,5.0735,0.01613,60.4509,0.9751,0x00...78d2,https://bscscan.com/tx/0x2ae66c01729c7a23c7aad58c9ce44beee3d92e44d30cf0f91fd1b4909b84efb0
2023-04-01 18:17:23,False,5.0162,0.01603,17.7871,0.2851,0xf5...4e5c,https://bscscan.com/tx/0xf9aa23d401b25da30e38107e74cc44b62b90266bef6c44ad131407bc99f422da
2023-04-01 18:17:23,True,5.0382,0.0161,38.7424,0.6237,0x82...2196,https://bscscan.com/tx/0x6ab81c7a10954a844e24f0276a7257d4b7b7ed86daa6224b2e08b5230d03a951
2023-04-01 18:17:08,False,5.0322,0.016,0.2887,0.0046,0x34...8793,https://bscscan.com/tx/0xa81cce5dcaf454d27d09f29b1db52376a11df7ab09a3bffcd4873d8632bc297f
2023-04-01 18:17:08,False,5.0323,0.016,0.4892,0.0078,0x89...3571,https://bscscan.com/tx/0xf5c55dc2912950d3e4aefdf4cb49a21c47abac3ffa2478c3ecebbaee6bfc1119
2023-04-01 18:16:53,False,5.0331,0.016,4.5115,0.0722,0x0e...2f4c,https://bscscan.com/tx/0xb11a838d24bfd22df5e1390cb3b5f2bbbe3b6d820534c18539e600bfe031bd73
2023-04-01 18:16:50,True,5.0218,0.01604,78.7831,1.26434,0x00...78d2,https://bscscan.com/tx/0xe4bb8880be5a4a4912b77e4ca920532f64fe6021f556b7dfe6272f78e4e400b9
2023-04-01 18:16:47,True,4.9996,0.01597,67.9404,1.08551,0x00...78d2,https://bscscan.com/tx/0x77091fa3d655433aa53f8f7fc5855496fbcbb2d6d0112545f893ee88b618dea4
2023-04-01 18:16:44,False,4.9672,0.01587,18.4206,0.2924,0xdd...2b56,https://bscscan.com/tx/0xd89e254f6013dbff72a134a2280dc32fc1c99b20b5ee8132566ee859590cc315
2023-04-01 18:16:44,True,4.9876,0.01593,48.8281,0.7782,0x00...78d2,https://bscscan.com/tx/0xe57ce0469086eabbc6d38840f638168e5845572e4f52c3fc209d404b0574096a
2023-04-01 18:16:35,True,4.9986,0.01589,44.1588,0.7018,0xef...cab1,https://bscscan.com/tx/0x9694195e48e8d5286981e97479dfd5324393b3aadbc7d0d876428460de4b8443
2023-04-01 18:16:32,True,4.9851,0.01585,45.9293,0.728,0x00...78d2,https://bscscan.com/tx/0xac4586822bebefbf8eef08cc9c43b7ece547a3b856327640afcf0c0a4dc72aec
2023-04-01 18:16:20,True,4.972,0.01581,41.4879,0.6559,0xc1...b919,https://bscscan.com/tx/0x14ab30c5f2d2ec71828937e9ae176568524ad62d851f308fda43b5c43ba8e612
2023-04-01 18:13:19,False,4.9467,0.01573,45.8132,0.7207,0xda...c952,https://bscscan.com/tx/0xea6bb12400a21d2c70d2ecef220820add62538fe312aa9b65da8298784d32120
2023-04-01 18:12:51,False,4.9287,0.01575,0.6415,0.0101,0x34...8793,https://bscscan.com/tx/0x25734d06be541330a778c30f1cfe5b63ab39108c66e9ae873ed72cac33692f64
2023-04-01 18:11:56,False,4.9292,0.01575,2.05726,0.0324,0x00...1fab,https://bscscan.com/tx/0xf929a9595fcf1b5ef4eac1bcb78cec4e62866046895e5bd646b5ba02b9f058a0
2023-04-01 18:11:56,False,4.9301,0.01575,3.97536,0.0626,0x23...54c9,https://bscscan.com/tx/0xc6277134c42aa85a06d98095a79c02fa223c2724ad380d2eaca397e7cf9be355
2023-04-01 18:11:44,True,4.95,0.01582,39.562,0.6259,0x56...0086,https://bscscan.com/tx/0xd59bc9375e98d814c42814da78007b78cf707aa7354020e9bfd13ce4331a5aa6
2023-04-01 18:11:41,False,4.9217,0.01573,15.3326,0.2411,0xbe...a1f7,https://bscscan.com/tx/0xe1ea003ed4057775f663701273e1e0c6e36444206bc060b948fc77096b10f491
2023-04-01 18:11:41,True,4.9441,0.0158,31.1381,0.492,0x91...79fe,https://bscscan.com/tx/0xe095439dadfdeb9a7964a8cad622beb26981388afef464841641ddcfebdd423e
2023-04-01 18:11:41,True,4.9301,0.01575,63.4804,1.00028,0x00...78d2,https://bscscan.com/tx/0x9ef8f10564ecb0c4e1c12c1d57ecb0762f601f72788138db2b1c18339768f06a
2023-04-01 18:11:36,True,4.9188,0.01572,13.2419,0.2081,0x11...a5bc,https://bscscan.com/tx/0x0133951b279c1ea1b1fca96b23f3d1026998772b133c6cfedb465c77330a1381
2023-04-01 18:11:36,True,4.9107,0.01569,41.6315,0.6534,0x2c...015a,https://bscscan.com/tx/0xbe8477f2a7ee132a42326b89bc859c7109f7b62b2b0d8f9186c81c89ad948a67
2023-04-01 18:11:30,True,4.8974,0.01565,48.4856,0.7589,0x00...78d2,https://bscscan.com/tx/0x45fc277b3771bcef7c43531d1afb2ff78510afd588383915788ac6ee0c24f99a
2023-04-01 18:11:09,False,4.8683,0.01556,16.4179,0.2554,0x24...8a94,https://bscscan.com/tx/0xdfea1a0aa756549e4330e58dc8f364cc2d332f5c63bf26e195205f11d3eed4a0
2023-04-01 18:11:09,True,4.8887,0.01562,44.3608,0.6931,0x00...78d2,https://bscscan.com/tx/0xf739faaa16669057b0a2c8cfe55270715b5c85c1805f05b1f02dd8689ecb0188
2023-04-01 18:10:27,True,4.8735,0.01557,55.3101,0.8616,0x00...78d2,https://bscscan.com/tx/0xe03f1e7b46cf7b55e36a3ef71681b7e4d56ab0a4774d75f9dd19139b862cdcd8
2023-04-01 18:10:12,False,4.8657,0.01547,1.98333,0.0306,0x38...28dc,https://bscscan.com/tx/0x5497868b9adeeb1bf351367c680a052f662f44a3cf3fde943b828afc3a5d24f5
2023-04-01 18:10:06,False,4.8664,0.01547,2.83,0.0438,0xe5...4cf7,https://bscscan.com/tx/0x6b681c8237356ed633fd5e5384068ccef9e8ba1efd9b9a98aefb157a8ff6b2aa
2023-04-01 18:10:03,True,4.8848,0.01553,44.3863,0.6896,0xf9...5ebf,https://bscscan.com/tx/0x32305ab1734b4921e9b4fe57db8b9a97a0b82f02f81bf68470fb60fff45694d2
2023-04-01 18:10:00,True,4.8758,0.0155,17.6846,0.2742,0x2d...7822,https://bscscan.com/tx/0xb2c3568fc43ade564426a02701545303142a73b3eeddc965a985a871d217da26
2023-04-01 18:09:33,True,4.8447,0.01548,29.2064,0.4523,0x2d...7822,https://bscscan.com/tx/0xa65eacd7dba303d1eeb3b09bc5dda180395512f5694f09d1a5f2ebac97e70dd5
2023-04-01 18:03:39,False,4.822,0.01541,39.3863,0.6071,0x2d...7822,https://bscscan.com/tx/0x7417af36363f24c67d418d3401cfd4b079c72863cdcddecff1d00b772036614f
2023-04-01 18:03:39,True,4.846,0.01549,40.9395,0.6341,0xf3...70a0,https://bscscan.com/tx/0x601d8a3e6601e5f75ac3a83398a24d55adabfaf36c756357aaf8d4aea616adbe
2023-04-01 18:01:30,True,4.8453,0.01545,31.2938,0.4837,0x2d...7822,https://bscscan.com/tx/0x0e9015dcb30da3f024590aa97e02cee8bc7dcb701f6f6150b4fd09bb1f99911d
2023-04-01 17:57:21,True,4.8373,0.01542,31.3795,0.4841,0x2d...7822,https://bscscan.com/tx/0x33e4ecaa33d766465cafed11ad0a213510bdc21d3c5b24290207fd94ca91ce79
2023-04-01 17:57:06,True,4.8287,0.0154,32.7522,0.5043,0x2d...7822,https://bscscan.com/tx/0xe9d46c2f4cc455de4288f89d690b9611b2b5231c83822aff1ae2fc45f16d2c47
2023-04-01 17:51:18,False,4.8029,0.0153,2.61253,0.04,0x90...48cd,https://bscscan.com/tx/0xbb4b905e69a93aa2f69d66f30f63029261ac004098d8aa3b4f61c9cafb847b77
2023-04-01 17:50:51,True,4.8233,0.01537,28.9,0.4443,0x2d...7822,https://bscscan.com/tx/0x3b356cdebac5910f940c23e5d1ee557c47be59e3ecba27572c4d210757d8033a
2023-04-01 17:44:54,False,4.8356,0.01534,132.69,2.03603,0x2d...7822,https://bscscan.com/tx/0xf5bde7d2253c1060c010f75f01d8ae60655e32a0acda04eeb2f19156e4e95a1d
2023-04-01 17:44:54,False,4.8576,0.01541,21.0113,0.3238,0x06...bfa4,https://bscscan.com/tx/0x72c3a727d3aeeeba57903e69b4cde02be84b3cbcd699db0c4c7777e024df1a8d
2023-04-01 17:44:54,True,4.8642,0.01543,143.905,2.22117,0xb6...4942,https://bscscan.com/tx/0xe1ce450217e4a7c7c8670dc144d27b3d62a3ee757895eef2cb2be201525121d6
2023-04-01 17:35:21,True,4.8343,0.01534,65.1902,1.0,0xd9...e379,https://bscscan.com/tx/0xb7201cb5d9fc076fe92485442f5bc9418c406ce0b8f36570edbc896d84793b96
2023-04-01 17:31:24,True,4.7942,0.01529,40.9787,0.6266,0x67...b7c1,https://bscscan.com/tx/0x45725bfa5e65467f91faa11317b42eb4c4f72d6c661f85d8a8e44d9953149f29
2023-04-01 17:24:17,False,4.793,0.01522,54.7512,0.8334,0x8b...88f6,https://bscscan.com/tx/0x97e12c602cc278ee584edf7c84b5efe9092d80a1c42fd4488ca3293ec5bfbffe
2023-04-01 17:09:14,False,4.7731,0.01525,10.7711,0.1642,0xa8...8a78,https://bscscan.com/tx/0x96062345766efe7bbcba36b74298c55aaf5740f5d6647439f1a4361be49ce06e
2023-04-01 17:07:20,True,4.8193,0.01532,25.791,0.3951,0x2d...7822,https://bscscan.com/tx/0x9ef23695c14efd593f63bc2f601d7bccb20fd86e403da1a2d0bcc9952feb827a
2023-04-01 17:07:17,True,4.7849,0.01528,47.2284,0.722,0x2d...7822,https://bscscan.com/tx/0x373458f8a068cd5c2064d4fce00b56bbafb1cc66d95d5cfaa7b1efb334b0f4e7
2023-04-01 16:46:20,True,4.8035,0.01524,40.3148,0.6147,0x2d...7822,https://bscscan.com/tx/0x3bb96f08f595ff6b5ede0de82aa3b504b4d9fdc4a997a49ea2198da15637dca4
2023-04-01 16:45:59,False,4.7743,0.01515,2.63859,0.0399,0x0e...2f4c,https://bscscan.com/tx/0x9c64d42f1062b76eee32ee50d877ce074dd45ebcc3a789eb7a235c8fbde9d05a
2023-04-01 16:45:23,True,4.7978,0.01523,6.19878,0.0944,0x2d...7822,https://bscscan.com/tx/0x9e4f727afda31ec5e7051647c5b5385a623a9103badae9c92dbe1ecdc1218e35
2023-04-01 16:45:23,True,4.7866,0.01519,73.0531,1.10998,0x00...78d2,https://bscscan.com/tx/0x2d92399f9e05acedf041297330f4bb90cc6a25ab2d466e4ad3e9aec0d08dc260
2023-04-01 16:45:02,True,4.772,0.01514,30.3685,0.46,0x2d...7822,https://bscscan.com/tx/0x39dda4de7a1fb59a856672d205f56e46007a2d3cc355527d15d9a4528a612191
2023-04-01 16:40:26,True,4.7394,0.01512,29.8156,0.4508,0x2d...7822,https://bscscan.com/tx/0xfc4e8909c2a8c7f1941853630b91982cbd7c9448ca5fb6775fbc21478bdd4444
2023-04-01 16:30:47,True,4.7317,0.01509,32.3501,0.4882,0x2d...7822,https://bscscan.com/tx/0xf7afa16c11266d291323a2ae8d9ccc185b17dc51c199a7ad6c53e3f2c0199e6a
2023-04-01 16:30:26,True,4.7475,0.01506,31.0611,0.4679,0x2d...7822,https://bscscan.com/tx/0x3dc3899b1967c012a9314c39107b383f4bccd3ec3b74aa0981500005d8778991
2023-04-01 16:14:38,True,4.7423,0.01504,7.93,0.1193,0x26...2588,https://bscscan.com/tx/0xc8d2ddec1746a06a85bd0bce391cb5b302d59702c326323cee9e358ac6559141
2023-04-01 16:03:11,False,4.6918,0.01497,19.1128,0.2862,0xe8...61d3,https://bscscan.com/tx/0xd96feff2907be6876755b2049153548d89b526a2b9b862274259b390b04c59b4
2023-04-01 15:52:14,True,4.7402,0.01504,30.6285,0.4609,0x2d...7822,https://bscscan.com/tx/0x5165a1e7c8616efdcd706bb5963f1676ce289f61f103fb7d3a5caa8084863db2
2023-04-01 15:49:17,True,4.7319,0.01502,30.4014,0.4566,0x2d...7822,https://bscscan.com/tx/0x00b130afb0a4bb6532b0bbedaefccaebdf2c5090a146ff74a902366acd8245df
2023-04-01 15:49:14,True,4.713,0.01496,106.753,1.59719,0xed...4f31,https://bscscan.com/tx/0x37507824a9ba49ba81e8caa279c6c27be3ff25104f1407f12744facece973df1
2023-04-01 15:49:14,True,4.6951,0.0149,40.9281,0.61,0xd6...f5d2,https://bscscan.com/tx/0x0d65d969d1b2b3a129af5eb7f9b617504cf47a46eceab4718671b55ad4befde3
2023-04-01 15:49:14,False,4.6865,0.01487,166.928,2.48345,0x64...027a,https://bscscan.com/tx/0xc06efd87db325e8a69995c941b1d12c73806c31315cb6f47b128b68f8aab22b6
2023-04-01 15:46:23,True,4.7033,0.01499,68.5705,1.02819,0x2d...7822,https://bscscan.com/tx/0x1de540107cacd03806e6356aed94df01402fb0b659cc3d4808001cebc11a7666
2023-04-01 15:46:23,False,4.6842,0.01493,100.0,1.49335,0xc8...ccd4,https://bscscan.com/tx/0x78e47b23d6756a6464c50c57cc407ead10e8fe92a4abbd67ff6a42bbb722b530
2023-04-01 15:45:23,False,4.7203,0.01497,10.0609,0.1506,0x63...2494,https://bscscan.com/tx/0x9891a12a1102e35c5a54329bb6aa732ad44a897ab320bbafd96392c7e41bb7df
2023-04-01 15:38:14,True,4.748,0.01506,1.56104,0.0235,0xa7...0fa6,https://bscscan.com/tx/0xf4ee93f53b9a14c584cd092024982f42cda1ce4af850012083bf4949df2b2a06
2023-04-01 15:25:56,True,4.7425,0.01504,33.478,0.5036,0x2d...7822,https://bscscan.com/tx/0xe4fbc7afbadbef3b3bd472f836d9e62a1c946b1a93efd615ab3c8edb96d27412
2023-04-01 15:24:26,True,4.7108,0.01501,30.7136,0.4612,0x2d...7822,https://bscscan.com/tx/0x207328a5d65cb1209f717d05c4cd0d3ed1ade64966320a936d7ff711dcce4d23
2023-04-01 15:22:14,True,4.7209,0.01497,64.4698,0.9654,0x2d...7822,https://bscscan.com/tx/0x223da01490758ab086bea015396ba3e8a4683f212e7582246ce2343d40ad1c3a
2023-04-01 15:22:14,False,4.7,0.0149,100.888,1.5041,0x23...91f0,https://bscscan.com/tx/0x369eb13a56ea1f0b093912e1a21d98e7a00797882bdcbe8fd52aa37dc702fea5
2023-04-01 15:16:20,True,4.7176,0.01503,4.21975,0.0634,0xd7...9a7e,https://bscscan.com/tx/0x84b5086116ce90bb8f85f4bc89ce843d3ea3ac4a4172d101dbd7d9feb9504b77
2023-04-01 15:14:44,True,4.7143,0.01502,5.61234,0.0843,0xd7...9a7e,https://bscscan.com/tx/0xc73a3ce0e0efdc92d25a43d1758d052f4f01fc79ec8553bfb3d278d0161d3d46
2023-04-01 15:10:06,True,4.7313,0.01501,34.4001,0.5163,0x2d...7822,https://bscscan.com/tx/0xf52148089c34ae4634f8f12d31245f22d8b7c79e08090fba0d9880d37848c548
2023-04-01 15:07:48,True,4.6972,0.01497,38.5724,0.5777,0x2d...7822,https://bscscan.com/tx/0x5870e29f8daf177252b882a3fb656ef35720bc82cf9cc42f510a5abfce24c6e6
2023-04-01 15:07:42,True,4.6727,0.0149,140.93,2.1,0x42...2b49,https://bscscan.com/tx/0x7efc93980213e7b16c1481ec3671c49c114d0b8edf5b02143daf030b8f76a3c9
2023-04-01 15:07:42,False,4.6616,0.01486,230.895,3.4324,0x45...e039,https://bscscan.com/tx/0xe1e21f736ea46286a8ccb3c71341b425964983bd4c6acea4b3e377d2bb89c5a2
2023-04-01 15:03:18,False,4.716,0.01496,3.53854,0.0529,0x2d...7822,https://bscscan.com/tx/0xd09d9336f0b36ba8f4992840e01e9fb4fdc0fc336118036b47dff1479c34eb63
2023-04-01 15:03:18,False,4.7231,0.01499,47.4117,0.7106,0x00...78d2,https://bscscan.com/tx/0x5b535575a6fae65d8c9f4044e92934f529d05cba135c8f3b06c392559f993d5e
2023-04-01 15:01:15,False,4.7102,0.01502,31.4387,0.4723,0x2d...7822,https://bscscan.com/tx/0xe50e8370be600e1566070ee466fffa4adee03f0e666df378266ca1288d622bde
2023-04-01 14:59:36,False,4.754,0.01508,108.733,1.64035,0x2d...7822,https://bscscan.com/tx/0xd8b5f648575a1aed495cb60c6cf75262d65ee074b5b14e4497720f527704e30c
2023-04-01 14:59:33,False,4.7823,0.01517,93.0406,1.41194,0x0f...8280,https://bscscan.com/tx/0x249693d90f474984b6b6e0bc0de3ff0e1e600996b6a5980411c29ab473f5bffc
2023-04-01 14:59:33,True,4.7908,0.0152,201.781,3.06764,0x5d...bac8,https://bscscan.com/tx/0x7cd783b2ae16782051eaeff80624c2b2d94e271e882ad81ce01c132fe2775fce
2023-04-01 14:56:48,True,4.7429,0.0151,10.0,0.151,0xbe...1239,https://bscscan.com/tx/0xbe4a87be90a4e09a5ca9094cb201de56293ae471ed3182a55bf7d05bae4720ee
2023-04-01 14:55:15,False,4.7476,0.01504,36.2225,0.5449,0xda...6e1f,https://bscscan.com/tx/0xcac79cd63e826ba2ad25560a2069224bc6e380620ba03fed3f51f9e0e823e05e
2023-04-01 14:44:48,True,4.754,0.01513,1.0,0.0151,0x29...997d,https://bscscan.com/tx/0xeb248b12e2d7189858a974f6e6ff9f6c5cea0602d3ce576f326af1746d5c019d
2023-04-01 14:26:49,True,4.7447,0.01512,30.4765,0.4608,0x2d...7822,https://bscscan.com/tx/0x95dd223f27d2aab7b9748160c570c24747a39ea83bc6424d2eac5c6b0c8c649e
2023-04-01 14:26:28,False,4.7521,0.01507,100.903,1.52058,0x19...a0d3,https://bscscan.com/tx/0x9d08406146d7e8ec5b0b01af28312dae055acee57660d56c6a8e05be8e68e7a5
2023-04-01 14:22:16,True,4.7852,0.01517,65.3161,0.9912,0xee...0a51,https://bscscan.com/tx/0x14e17a1efd313d3ae0526d3cd98dc6bff9ff33ad3098c6cef5c51a0a518c43bd
2023-04-01 14:21:58,False,4.7258,0.01506,0.8378,0.0126,0x0d...c520,https://bscscan.com/tx/0x64859a8ad69ce1707e4ec70b4a2e97531fb336df90511df24bff2b81a123e64f
2023-04-01 14:17:38,True,4.7699,0.01513,18.6775,0.2826,0x2d...7822,https://bscscan.com/tx/0xa51b3ce5a030a2c71ceb430746efcefaab1ea24ff80054ac64165833913ae9dd
2023-04-01 14:17:38,True,4.7534,0.01508,99.472,1.5,0x0f...8280,https://bscscan.com/tx/0x370315b64f37d8d3bbd232638fe83a3e2bdf9e73f36f1da00c44608e51c792f8
2023-04-01 14:17:38,False,4.7358,0.01502,161.0,2.41884,0xd2...c838,https://bscscan.com/tx/0x8091b6fc84df85a16028ea50bc4a0e561bb0db8e96486b42631affd238fa0426
2023-04-01 14:10:29,True,4.7739,0.01514,80.692,1.22185,0x91...79fe,https://bscscan.com/tx/0x5caa54275ba54559625a527d4f9ba86b6d6a749a09031dada3150f0688161243
2023-04-01 14:10:29,False,4.7461,0.01505,52.2771,0.7869,0xb6...4942,https://bscscan.com/tx/0x20c2ccc03bd1d4a8204c627784943eb350a8d1bb5f339dba4a3b231c6de15a80
2023-04-01 14:08:47,False,4.7369,0.0151,52.2771,0.7893,0xb6...4942,https://bscscan.com/tx/0x7f089c3231dc350b90e86797ea0005211408367d7ea8c2866e33ef1a9b73db9b
2023-04-01 13:47:29,False,4.7551,0.01514,37.1759,0.5628,0x2d...7822,https://bscscan.com/tx/0x2abbe00687a3866151fe0d1d0483f95f950e59d56b2eb4b1dc4d172c8acecdc2
2023-04-01 13:47:17,False,4.7604,0.01515,0.6301,0.0095,0x9f...4dd0,https://bscscan.com/tx/0x3176a2e3de29928fcf4e1cac9d176b2255a93a2a5336ebed713cdd2efcdb9f9c
2023-04-01 13:34:45,True,4.8016,0.01521,31.913,0.4856,0x2d...7822,https://bscscan.com/tx/0xba1035c10eb602fde691b2b8ad83a329949e11a454796f237bebe38f99ad0838
2023-04-01 13:33:30,True,4.7931,0.01519,29.3947,0.4465,0x2d...7822,https://bscscan.com/tx/0xb289d63ce95e28a6dc2741acbbddf51aeefd7cb6e4b4c460ecb6d09f4cb02323
2023-04-01 13:33:27,False,4.7657,0.0151,5.0,0.0755,0x55...03de,https://bscscan.com/tx/0x80e7438328cbc4b982934fccd3b8ceaa18b7c5591b56324c633a95401bc6c39d
2023-04-01 13:29:21,True,4.7887,0.01517,14.7151,0.2233,0x14...b438,https://bscscan.com/tx/0x1f56da360d216492d681a066f575b67569fed71ed23d64190e7453b2ecafabd2
2023-04-01 13:25:40,True,4.7807,0.01515,30.2703,0.4587,0x2d...7822,https://bscscan.com/tx/0x84f0430ee3b8c12e078378c4cd2058262ad60489e3e3a9dcb054baffdb5f6616
2023-04-01 13:25:10,True,4.7476,0.01512,35.7998,0.5415,0x2d...7822,https://bscscan.com/tx/0x3e32b5eddaf369e211c68c8b627c18f80ee4794a653451466043a47b9649bbab
2023-04-01 13:20:43,True,4.7381,0.01509,28.7089,0.4334,0x2d...7822,https://bscscan.com/tx/0x4c2f83c8e2ef191478c2a35752e4451331cde9d9e2a51eb0085ad21d769ca64a
2023-04-01 13:19:32,True,4.7535,0.01507,32.8691,0.4953,0x2d...7822,https://bscscan.com/tx/0x863517eb75dc9119c9389919ef9cf5bbbb3575f12c594530c53c457f4f36ec37
2023-04-01 13:16:51,True,4.749,0.01505,3.42961,0.0516,0x0e...2f4c,https://bscscan.com/tx/0x1d09e3d5d7d9b20d1587b25d30fd82327c23b175f997a8077c07e7d3281423dd
2023-04-01 13:16:45,False,4.7393,0.01502,104.554,1.57082,0xb6...4942,https://bscscan.com/tx/0x2b847668f113e9272d6e7396501122823c80f1839967b94d95a4f08641eced05
2023-04-01 13:14:42,False,4.7324,0.01508,31.6902,0.478,0x2d...7822,https://bscscan.com/tx/0x3976fbb072c5058de0c86153802518287615245cd7f2e3a7ede6c98bc7615a19
2023-04-01 12:48:58,False,4.7658,0.01511,30.4127,0.4595,0x2d...7822,https://bscscan.com/tx/0xac3ff5ab84c72d8f3e8bd5fa16363a7e3360337734471a1b5eb0aa2723a34ddf
2023-04-01 12:47:28,False,4.7746,0.01513,30.8384,0.4668,0x2d...7822,https://bscscan.com/tx/0x0968db3ac77de0c48990249f0adf917c3a6ae52c90c34a6dcd3cd3a734bbfb0a
2023-04-01 12:47:25,False,4.791,0.01519,85.888,1.3047,0x0f...8280,https://bscscan.com/tx/0x048fcc2d11b62105c23a6c5ab3a31889d3c69c34014e934fba7a08a4a0db2964
2023-04-01 12:47:25,True,4.8094,0.01524,124.8,1.9031,0x6a...ceec,https://bscscan.com/tx/0x5012a9d600227bb8d0270d314d1bf2052375938794beaa57a5429ed395d574d6
2023-04-01 12:45:34,False,4.7701,0.01512,15.6241,0.2363,0xd7...882e,https://bscscan.com/tx/0x6a24c7a41fb11724702edef2141de04ca3f82a4afa65e1155ea6f5535567a76d
2023-04-01 12:38:11,False,4.7762,0.01514,31.7605,0.481,0x2d...7822,https://bscscan.com/tx/0x093796f9f4cdb89fbfeb2e0f944723feebbafb281e6ee73ef5672f2d82576a44
2023-04-01 12:36:44,False,4.7978,0.01521,127.209,1.93568,0x34...3fcc,https://bscscan.com/tx/0x7e7e0138ca7da1ad988568f7475690e012a1fa07e285d5aa35438f5825b44f82
2023-04-01 12:36:44,True,4.8187,0.01528,149.257,2.28104,0xce...1f71,https://bscscan.com/tx/0xbe03b3b0fb8d6e690d265480c4d757de03341de5f8a7c7297e15eee03bcd6365
2023-04-01 12:36:44,False,4.7798,0.01515,44.6016,0.6761,0x2d...7822,https://bscscan.com/tx/0x03e294496208915a77ad1844c09004ac55bc957a8cb06c623f55bbc24da595da
2023-04-01 12:36:44,True,4.7921,0.01519,127.209,1.93339,0x07...bea8,https://bscscan.com/tx/0x68b1287e4ef975385813087e85ffeda7ed954ad0fec3c3b266b8e438c793a386
2023-04-01 12:31:56,False,4.7536,0.01508,34.1726,0.5153,0x2d...7822,https://bscscan.com/tx/0x70a42343ddcb1255e0ac93eb8723fd277cf45a708ea75407afd561b4a8c2300b
2023-04-01 12:27:59,False,4.7371,0.01511,32.258,0.4874,0x2d...7822,https://bscscan.com/tx/0xba035e0f44ee85ebf1686afbe7ce31fbd7fbbfdd6fe85b409ed48dd9ecccadbd
2023-04-01 12:15:39,False,4.7673,0.01513,32.161,0.4868,0x2d...7822,https://bscscan.com/tx/0xfd30af4eff94c332ad8572be84d80f559383bc4bd62f0710ae40309bad253bfd
2023-04-01 12:10:06,True,4.8014,0.01522,6.486,0.0987,0xf7...6048,https://bscscan.com/tx/0x16cee629b5311d044b4ab4180d123b5b4305dbad887b5e0528b0bb74acc86481
2023-04-01 11:49:06,True,4.7957,0.0152,35.3292,0.5372,0x2d...7822,https://bscscan.com/tx/0x2deca509aaf59ac8b387a01562e3123d6f8152170b0a5d6719b4e39af9b52907
2023-04-01 11:44:09,True,4.7902,0.01518,6.23351,0.0946,0x2d...7822,https://bscscan.com/tx/0x9da5653cbe692d43f1b86bffd8d27d85fdd0ebb620047c773f90fb43d0bf7043
2023-04-01 11:44:09,True,4.7802,0.01515,65.0962,0.9867,0x00...78d2,https://bscscan.com/tx/0x9df5a94a40ba18c84b1bb48b91ce7ae297bc8d5c4c224df62d951f481b084adf
2023-04-01 11:44:06,False,4.7316,0.01507,75.0,1.1309,0x23...91f0,https://bscscan.com/tx/0xb175894a1e3d44e759a07217d3488e2d5919d3dc89fc4058534d84b6f4c232f7
2023-04-01 11:44:06,True,4.7587,0.01516,67.3831,1.02187,0x2d...7822,https://bscscan.com/tx/0xf7394cc579f44ca07c3b8838436d98e2c0e551073d3306fa0f4a0cf1c4dc7731
2023-04-01 11:44:06,False,4.7485,0.01513,164.134,2.48374,0x77...6554,https://bscscan.com/tx/0x4c41d82e8311813b92a34a030ebac0cb455398b29a37492050506a93da609f84
2023-04-01 11:34:15,True,4.8201,0.01528,6.48449,0.0991,0xbf...b3ac,https://bscscan.com/tx/0x29798809d03ef8bf2446530f172445f6d5421ac944fe5d17d741089c75786dae
2023-04-01 11:31:21,True,4.7914,0.01526,20.144,0.3075,0x2d...7822,https://bscscan.com/tx/0xcea64b1b5d96a75bb17ee6d46979d2911b3efa8d6851c318d4ae267075ed17ea
2023-04-01 11:31:21,False,4.7708,0.0152,43.8965,0.6672,0x00...d911,https://bscscan.com/tx/0x612f4558b9d4a2fd18aecf813b8e89490bccef074909ca44e98e45a1b348b945
2023-04-01 11:31:21,True,4.7622,0.01517,292.337,4.43585,0xd6...f5d2,https://bscscan.com/tx/0x0f850f11010fd02fb15f343b7aec816dd733e83f81c0afcbff50b88f8e28a0d6
2023-04-01 11:31:21,True,4.6966,0.01496,164.134,2.45619,0x77...6554,https://bscscan.com/tx/0x21b6da27c0b9895398a775f76944b83098381317f0fdeb4b63143ffe0bfc951f
2023-04-01 11:31:21,True,4.6574,0.01484,123.637,1.83473,0xcc...e7f7,https://bscscan.com/tx/0xf11a9715d1c9983dcaaa46f60a3ace6cacf20b9ba48a63fd0240dc9a1befbf95
2023-04-01 11:31:21,False,4.7042,0.01498,636.087,9.53428,0x86...9d64,https://bscscan.com/tx/0x917fc5c8c6b0800a013f1c2e96cf9bb87d51ba8010ae6b35e14cb22b3f76b38c
2023-04-01 11:25:26,False,4.7989,0.01529,48.089,0.7353,0x67...b7c1,https://bscscan.com/tx/0x1779eda970260f09e562af0f58d8a9fabcf358c141a5fa614041dc8dbbd12f53
2023-04-01 11:25:23,True,4.8177,0.01535,84.7018,1.3003,0x2f...7009,https://bscscan.com/tx/0xe2732efd28542ab437c5bf2321ec85e2ee9044657e0b1b92363f6d0e3533e07d
2023-04-01 11:13:46,False,4.8138,0.01525,43.6965,0.6666,0x8b...88f6,https://bscscan.com/tx/0x5667ac105a84b3744e9fee5a5ac2e008fe84d92e2e0356387b776d694c8018e2
2023-04-01 11:06:19,True,4.8376,0.01533,30.2537,0.464,0x2d...7822,https://bscscan.com/tx/0xffe428a9c489db0606c3892fc7817092e7f18b0c030932cd99dae8e88a48c252
2023-04-01 10:35:25,False,4.7892,0.01528,70.766,1.08135,0x2d...7822,https://bscscan.com/tx/0x0e17882a7686be9cb9f1d0c713634a948b321d41d4749fbc2b992fc59ad16840
2023-04-01 10:35:25,True,4.8108,0.01534,87.7167,1.3464,0xa4...429e,https://bscscan.com/tx/0xea4cce2df870d52a00d0e62d57399580cda2ba20358ebca418048a2fd2545b37
2023-04-01 10:35:16,False,4.8065,0.01525,57.7667,0.8814,0xed...4f31,https://bscscan.com/tx/0xd42ec527b81a2e23fc1776c7dba2e64fd9d1ed55283680120a229b15363aa2bf
2023-04-01 10:29:36,True,4.81,0.01534,33.1191,0.5082,0x2d...7822,https://bscscan.com/tx/0x472e5843640866dc04368e529f5cf35948a2ff230bb3e4d7ced98fcf8ae53199
2023-04-01 10:28:48,True,4.8251,0.01531,31.9149,0.4888,0x2d...7822,https://bscscan.com/tx/0x8a93b9716b58f5894fc6bc97ca87c5f37c1f313b881397e06ba6f827a62d010a
2023-04-01 10:12:06,False,4.809,0.01525,51.9591,0.7923,0x8b...88f6,https://bscscan.com/tx/0x1fdb0d9f712811747182980120512fc81206876f605f56419ed28d5bf609fd58
2023-04-01 10:00:36,False,4.7993,0.01529,47.338,0.724,0xda...6e1f,https://bscscan.com/tx/0xe4387ed2efc20d9cee6926ae742f170b55f362d08535057317a061135a71ab12
2023-04-01 09:53:43,True,4.8267,0.01538,9.44716,0.1453,0x2d...7822,https://bscscan.com/tx/0x6975b28a6026ed0c81ffb2ce29de9ca7e88bf806e24023fff6dfd7d4173bd338
2023-04-01 09:53:43,True,4.8186,0.01536,47.338,0.7272,0x52...1c7e,https://bscscan.com/tx/0x224c2d481e6f8335bc46e34236432ffc2ec6eaf108fe42fb9dea641ab464e8be
2023-04-01 09:53:43,True,4.7901,0.01527,153.422,2.34305,0xed...4f31,https://bscscan.com/tx/0xc52b621e250c8da435d3c1218ebfe3cd347f5e887a7721569f651e46e764a63b
2023-04-01 09:53:43,False,4.7805,0.01524,254.548,3.87961,0x5a...6f05,https://bscscan.com/tx/0xdb1a746cb243646b8b5438fe87c502a49cef6341b23f413fdd8b731c888c9fed
2023-04-01 09:36:58,True,4.8518,0.01538,111.537,1.71564,0xff...1260,https://bscscan.com/tx/0x08d6dc4a35f8e6b5f83670c5fadb92829d725a1a1cf2c89ed3797952c8658671
2023-04-01 09:36:47,True,4.8311,0.01531,32.558,0.4986,0x2d...7822,https://bscscan.com/tx/0x1128dd1bd3f7b102da4936aaa29e5aaddcc31b3494099b634ea414cc039a218d
2023-04-01 09:17:29,False,4.774,0.01523,30.4761,0.4644,0x2d...7822,https://bscscan.com/tx/0xc207cc91f0758e9b50e3320b818e18ec3728f1e67ab420271641bd458e1edd10
2023-04-01 09:08:08,True,4.8209,0.01531,30.1063,0.4611,0x2d...7822,https://bscscan.com/tx/0x8e5a3587172393dcb5bea59da8a5c118430b6917cb2769772bd2ab8a0345866c
2023-04-01 09:03:50,False,4.7787,0.01524,31.0626,0.4733,0x2d...7822,https://bscscan.com/tx/0x0d4bd460b9b08187fb906ae42df611af7cf526115faadb074b0a1e50f8fbca41
2023-04-01 08:59:11,False,4.8105,0.01526,33.4209,0.5102,0x2d...7822,https://bscscan.com/tx/0x431794202a74484219d7931f8fa33aaec8e98b0d7672b26a3f3ac70aeff1db46
2023-04-01 08:48:29,False,4.8004,0.0153,37.7928,0.5782,0x52...1c7e,https://bscscan.com/tx/0xaedc448b94cd9264bd703aa3dadc6bd85220c530a264305b70747ed47e121e4e
2023-04-01 08:44:14,False,4.8312,0.01531,2.69895,0.0413,0x0e...2f4c,https://bscscan.com/tx/0x848ec764c76f797b2c979a76b3ab1ae7abb2c8c1929f059efc4fadb4a6b188a0
2023-04-01 08:44:11,True,4.8511,0.01538,33.0118,0.5077,0x2d...7822,https://bscscan.com/tx/0xe41e3f384c1b99ff83746660f811b3593517ba6c820ab451e91cb7450ff73324
2023-04-01 08:43:17,True,4.8417,0.01535,32.884,0.5048,0x2d...7822,https://bscscan.com/tx/0x146b992bdf18c496471559b6a74f13ec5503426d2395dbdd106ebc9753db5f57
2023-04-01 08:38:02,True,4.8333,0.01532,35.3421,0.5414,0x2d...7822,https://bscscan.com/tx/0x7e491473955a829972598d68b4501afe95f67f32566b371a421b1ff042ce5458
2023-04-01 08:37:35,True,4.8209,0.01528,47.5011,0.726,0x2d...7822,https://bscscan.com/tx/0xfcbf4354ad173b8a35db1f58787a92b9c58af5c1f22d8fabb77c740d8db41b77
2023-04-01 08:37:05,True,4.8125,0.01524,35.3861,0.5395,0x2d...7822,https://bscscan.com/tx/0x88e0ae4c0856fd90e43c0cf157e32bf99df1d7986fefd557c8b7ad752bf4f96e
2023-04-01 08:35:41,True,4.7789,0.01521,33.6492,0.5119,0x2d...7822,https://bscscan.com/tx/0x3d395a8460651b9e7925b3739bf90ab201793e837e65e9f713c5aad56b4d5be5
2023-04-01 08:35:17,True,4.7924,0.01518,31.3156,0.4755,0x2d...7822,https://bscscan.com/tx/0x1ea2f98c6c3ea611dc967a90e0541b22e817ffea338f3eed6038ac6ee954dad8
2023-04-01 08:31:41,False,4.7705,0.01511,37.7374,0.5703,0x2d...7822,https://bscscan.com/tx/0x221f77248950f6572e441f22dadd06c190774c6e04fd5d77520722df5e2c2be8
2023-04-01 08:31:17,False,4.758,0.01514,30.1538,0.4566,0x2d...7822,https://bscscan.com/tx/0xf698d9dd3f363b3e3a151097506133b4343a2669269a0af797803aa31272824f
2023-04-01 08:29:59,False,4.7955,0.01517,30.4125,0.4613,0x2d...7822,https://bscscan.com/tx/0x38b4c99e71ae3c7402585bbd48ea12c4e1b535f83daaab6fe9bd5c994a952edc
2023-04-01 08:28:50,False,4.8108,0.01519,31.5038,0.4788,0x2d...7822,https://bscscan.com/tx/0x2b3f99a90e60a81db1cc89f13e89622ee6046ed21f92177b7b125d03ac56315b
2023-04-01 08:27:44,False,4.8207,0.01522,31.8512,0.4849,0x2d...7822,https://bscscan.com/tx/0xd0757af41d35912fa3096622049982cae473e2f031fe5cc76b47c6d6a2da0087
2023-04-01 08:25:26,False,4.8049,0.01525,30.3567,0.463,0x2d...7822,https://bscscan.com/tx/0x21507edfbf583e1a9eafe900b808241971cc98315d7add6ffa99d76eb544ca2d
2023-04-01 08:23:59,False,4.8376,0.01528,30.3021,0.463,0x2d...7822,https://bscscan.com/tx/0x3b08d9b0ba443e2dad142311072223bd3e3934047e6b39290a16da6eb2af5e05
2023-04-01 08:15:26,True,4.8354,0.01535,31.6149,0.4855,0x2d...7822,https://bscscan.com/tx/0x9370e83041bad0f24932fd0bddca0094ca5292ee6e36d0c8e308f78ef018ec09
2023-04-01 08:14:02,True,4.8497,0.01532,34.9514,0.5357,0x2d...7822,https://bscscan.com/tx/0xaad01b496d3150ed6786aeef7b6cc7af012e88b264fb2f6ae67af657be765b0c
2023-04-01 08:12:38,True,4.8397,0.01529,31.5089,0.482,0x2d...7822,https://bscscan.com/tx/0xf2581616e4aead68452768c233f2f90c64171afb67b4ec8a284b6014459bd544
2023-04-01 08:12:23,False,4.8117,0.0152,5.34626,0.0813,0x44...6402,https://bscscan.com/tx/0x3336d2445d8af6a4d7582dfdbaf14308bd812b577a1670b405143431c40fa5ed
2023-04-01 08:10:23,True,4.808,0.01527,34.9735,0.5341,0x2d...7822,https://bscscan.com/tx/0x4a7626eff17250bdaf8a44381eb6e55f6652a0d87c16c85227161b9f80a08800
2023-04-01 08:05:56,True,4.8026,0.01524,30.125,0.4592,0x2d...7822,https://bscscan.com/tx/0xb846c454ef8141186dc8e535317fae934196c1b8ab454960f864c087ffd49db1
2023-04-01 08:00:56,True,4.8232,0.01522,4.1554,0.0632,0xf8...e57b,https://bscscan.com/tx/0x691fa75d96e914d6c5ad67e2476b1c7f038525e67e841d1cd37b3c95f9d16d3e
2023-04-01 07:41:48,True,4.8204,0.01522,10.0,0.1522,0xbe...1239,https://bscscan.com/tx/0x584068ede89b6f53b8ad8792449aa240b7a159688f01797de2082da828733e38
2023-04-01 07:40:16,True,4.8073,0.01518,83.2087,1.26308,0x2d...7822,https://bscscan.com/tx/0xca18fb6ba4de94ac13479124fc21ee3a90acb819fffd241bc57ce426e6f54ef5
2023-04-01 07:40:16,False,4.7798,0.01509,75.0,1.13195,0x23...91f0,https://bscscan.com/tx/0x2b7af41e4e794f436484285e54127c8fc6c2553c649f8a6ce691fca6a29e88fc
2023-04-01 07:31:24,False,4.8024,0.01516,70.5,1.06912,0x49...ad0a,https://bscscan.com/tx/0xeff34af668a48ae8cd5b2adcc12ff92ef4a6f3f8535a6d350c932c9d9cd6ed4c
2023-04-01 07:27:57,False,4.8182,0.01521,31.6096,0.4808,0x2d...7822,https://bscscan.com/tx/0x8f632ced4b277acf59799cf233eb0fbe2dbb97c6a8e7c12363c2a4ef045194d6
2023-04-01 07:17:57,False,4.8225,0.01522,0.0039,5.949e-06,0x2d...7822,https://bscscan.com/tx/0x768037bdadd148c55e6f8ed232424c663df63abcf22d1bb5a3dd463acfc7abee
2023-04-01 07:17:54,False,4.828,0.01524,38.8,0.5913,0x7a...c707,https://bscscan.com/tx/0x65c207c7d4da401f66cd736f868c79e24157188fdbdbee468f1e9889eed9233c
2023-04-01 07:17:09,False,4.8388,0.01527,36.7722,0.5617,0x2d...7822,https://bscscan.com/tx/0xa2d6d59b115c290e147b7dd86b5e128bcebd64c005b03bc5daf9ab25a6d91497
2023-04-01 07:16:18,False,4.8483,0.0153,31.2407,0.4781,0x2d...7822,https://bscscan.com/tx/0x5f5f4aef746784b487ab34688cb7aae27a7108c09b852d3b82679516bded0e79
2023-04-01 06:50:57,False,4.8559,0.01534,56.2065,0.8625,0x2d...7822,https://bscscan.com/tx/0x28015e8f81ab22207e9e6b0b7ebe993cf645b1a9fa150f29674be7ad2ebea840
2023-04-01 06:50:57,True,4.8828,0.01543,38.1613,0.5888,0x65...236b,https://bscscan.com/tx/0x07cd2e542c3bfa30f0790662b97232a39788ae682016d61ec220064511742737
2023-04-01 06:39:13,False,4.8298,0.01535,31.7176,0.4869,0x2d...7822,https://bscscan.com/tx/0x28734f360bf73573f8ef475d71684b60c7fdd0828fbcf8ba644f308c5bd5e00d
2023-04-01 06:23:46,False,4.8613,0.01537,24.808,0.3814,0x2d...7822,https://bscscan.com/tx/0x8413bdd9d60138c677f6dce8ea9679cc06d07aa6d0d9ab5ce2ad047b198af67c
2023-04-01 06:19:37,False,4.8699,0.0154,38.2631,0.5894,0x2d...7822,https://bscscan.com/tx/0xcebe51eff3d72afeb18b29ff10f7637b0e0607ed3fab18e5f8bf3c39e415b8cd
2023-04-01 06:18:19,False,4.8756,0.01542,1.10553,0.017,0x34...8793,https://bscscan.com/tx/0xea6a711c3535b8a6285e6a35703df975d915e0a3ba1836d6ca5e7a3b57cb316e
2023-04-01 06:11:13,False,4.875,0.01542,2.88492,0.0445,0x89...3571,https://bscscan.com/tx/0x3aef2448050df71f684eea7d9721cb458eefc8214ca9057c854fbc5f832d3651
2023-04-01 06:10:58,True,4.8711,0.01549,29.9362,0.4637,0x2d...7822,https://bscscan.com/tx/0x639faeef7e4b4955d156a5fd59d97ed5c815eafd8021f8154e990f4aa82b20bb
2023-04-01 06:07:10,True,4.8896,0.01547,9.61238,0.1487,0x2d...7822,https://bscscan.com/tx/0x0d974d780f971fceb388a20268417f3ec7f646aa47c73a19f3915456a13fd877
2023-04-01 06:07:10,True,4.8807,0.01544,51.3828,0.7935,0x00...78d2,https://bscscan.com/tx/0x788081f0381089ba58c78041ab6efe2050f3abf3c5c8c222d54eafb7a7e38306
2023-04-01 06:03:16,False,4.8295,0.01535,13.9966,0.2148,0xdc...c6dd,https://bscscan.com/tx/0xe1219a79a3c47f485316bd072c93081d4aa7569f36891613d79ffeb5b3a2fffb
2023-04-01 06:02:58,True,4.8753,0.01541,34.7765,0.5361,0x2d...7822,https://bscscan.com/tx/0xb5721642a07f5ce9ec502a45b6fe3a079d7632fd944acd00169edf400b171f0e
2023-04-01 06:01:49,True,4.868,0.01538,30.9903,0.4768,0x2d...7822,https://bscscan.com/tx/0x5201730ca5d7e065af5de912c37ffdbe8b8ac3666110d21ec4e4eddb1b9f923e
2023-04-01 06:01:30,False,4.8169,0.0153,11.7137,0.1792,0x00...1fab,https://bscscan.com/tx/0x31a07c7b96fe4bae342233c22b148ddcf1bea81945e0e09204767a2ab4c704b3
2023-04-01 06:01:18,True,4.8392,0.01537,29.8062,0.4581,0x2d...7822,https://bscscan.com/tx/0xd30799f4a0d5add85e13fa166be6922b56cba91f4dee0d6df2fd0709fe3713fd
2023-04-01 06:00:37,True,4.8554,0.01534,30.4674,0.4674,0x2d...7822,https://bscscan.com/tx/0x537683ea994c9d4929034b2ead335fa5dd5b2d8589c2908d741bf03c97b0ecfb
2023-04-01 05:58:16,False,4.8325,0.01525,2.61073,0.0398,0x0e...2f4c,https://bscscan.com/tx/0x1aa9e589da2f6231a2b4e2e37c256a0dc72257cdfd718cbb37e1b54036f489a1
2023-04-01 05:58:07,False,4.8376,0.01526,22.1982,0.3388,0xe9...1702,https://bscscan.com/tx/0x2129a88a3ddda5f16748d6364131ec83c846911939bc718581c75d7f806e5cbc
2023-04-01 05:58:04,True,4.8504,0.0153,102.147,1.56345,0xb9...d043,https://bscscan.com/tx/0x6f8143a1e0be5ea34fe9fa4c188ae23de4d932f3241438ee11375dc9dd76154f
2023-04-01 05:57:19,True,4.8108,0.01524,30.0265,0.4577,0x2d...7822,https://bscscan.com/tx/0x0b32517641a2a68d68527277412f98353123849e9b450e397a18927a7c70fc8a
2023-04-01 05:53:43,True,4.8306,0.01523,6.19058,0.0942,0x2d...7822,https://bscscan.com/tx/0x9580034f19b310688af51549d7eb505e3f7e5fdf46fc9f65b045706e084bc4ec
2023-04-01 05:53:43,True,4.8231,0.0152,46.1722,0.7021,0x00...78d2,https://bscscan.com/tx/0x519ea48f2b18c8563f7e08d601b5e6a5d28e698c99cc9adddb5832c48f838e83
2023-04-01 05:34:08,True,4.7873,0.01516,41.827,0.6344,0xb9...d043,https://bscscan.com/tx/0x4c75f9bbeb3287aa0b20f95803fb582f34110afc36d1a1d807e6708522d2fa4f
2023-04-01 05:22:53,False,4.7693,0.01508,30.8358,0.4652,0x2d...7822,https://bscscan.com/tx/0x8a970ff3a5eed6aa4385e7a55a01aae848c2c54ec944a168d3b5b8198e49a5ec
2023-04-01 05:15:59,False,4.7764,0.0151,2.66764,0.0402,0x90...48cd,https://bscscan.com/tx/0x46e7079f39ff8cedba48817bf5d564b3a7c06ad96fbaeb3345fac33902c93d77
2023-04-01 05:15:47,False,4.789,0.01514,86.7163,1.31299,0x2d...7822,https://bscscan.com/tx/0x5a2dd18e01d9558e07bf94762663fa28b1084d52db1fbf87bbcbda63a2083dc0
2023-04-01 05:15:44,False,4.8091,0.0152,55.8893,0.8497,0x06...5f7c,https://bscscan.com/tx/0xddaef8bfb514587fe6d292bda0e684572962d2f0234fe3d5c2ebf925625ba1e2
2023-04-01 05:15:44,True,4.8091,0.0152,225.585,3.42996,0x45...e039,https://bscscan.com/tx/0xdf07bd5c0a95b883bdfb16946a5a81f56fc579e0d2d1e4b6d57a905eeeea63f5
2023-04-01 05:14:20,True,4.8003,0.01509,32.1248,0.4847,0x2d...7822,https://bscscan.com/tx/0xb2ae8907b53917716466b538ee661a6dae1be8c6b8227a7619039422ae315d04
2023-04-01 05:13:53,True,4.7674,0.01506,32.354,0.4873,0x2d...7822,https://bscscan.com/tx/0xff170891fb2143ceb36e71c08f569caf82f8802a96b5e663bf0a8b90d21b6ba6
2023-04-01 04:54:47,True,4.7622,0.01503,30.3795,0.4567,0x2d...7822,https://bscscan.com/tx/0x2a6c208a87e73f74278b5424f8d2a68101b03bf29aab90316bb1e47dad4a5547
2023-04-01 04:41:08,True,4.7524,0.015,32.3742,0.4858,0x2d...7822,https://bscscan.com/tx/0x5662f8914bda7b64b7e0ef55222f6de8705ce166a7415dd4f3a58af20f779402
2023-04-01 04:37:44,True,4.7671,0.01497,31.0125,0.4645,0x2d...7822,https://bscscan.com/tx/0x51acd47040a62cf3ce6d4f734fe2068ce69e43ae9ffc5fae83c21cf3c5f4bb09
2023-04-01 04:31:56,False,4.7223,0.0149,21.4293,0.3192,0x86...1912,https://bscscan.com/tx/0xa58323fc82c0e39de573bf1994e2911491ab3b079ea4c6d9ec2f9a6e54715441
2023-04-01 04:12:02,False,4.7547,0.01492,32.6233,0.4868,0x2d...7822,https://bscscan.com/tx/0xf8891a0dbeb13ff5b7d83cc3cc5393a169bfa4091622fcfe73ef99df84651839
2023-04-01 04:04:23,False,4.7537,0.01494,10.1109,0.151,0x34...8793,https://bscscan.com/tx/0x2cc82372bd9b6dfcfec93c89e0c49c726d31f651acf4df281dc5c1532910011e
2023-04-01 04:02:36,True,4.7646,0.01497,104.935,1.57141,0xb6...4942,https://bscscan.com/tx/0x78527b5d8c9bbbda62eee02058c632fc88f7d056237f8ed05a904e2b0515b8ce
2023-04-01 04:02:07,True,4.7213,0.01491,33.0794,0.4933,0x2d...7822,https://bscscan.com/tx/0x876f8f9449ffe3b67c8e6c8d577ab69e71fc6ab51945b8ac44e6e8f9c025422b
2023-04-01 03:51:52,True,4.732,0.01488,36.1959,0.5387,0x2d...7822,https://bscscan.com/tx/0xc042d10c545e1c836a4f62b784552814ff05b09dfc17fcfc8f916bba97f1d3bf
2023-04-01 03:48:35,True,4.699,0.01485,31.9246,0.4742,0x2d...7822,https://bscscan.com/tx/0xd2d6ef3ed03998ce2f65579903cb16741083a08facff2d2785b86b80e81d328a
2023-04-01 03:39:46,False,4.6982,0.01477,24.1001,0.3561,0xc7...58cc,https://bscscan.com/tx/0xa9b1382a0b4f048ce575726c53b80f458a1b3e15d49317976b689d9420a8c012
2023-04-01 03:12:00,False,4.6958,0.01484,120.671,1.79078,0x2d...7822,https://bscscan.com/tx/0xaae096c4ee723035be5552ca94762f5b3cf602fab5f1f5873a80de6272bbde53
2023-04-01 03:12:00,True,4.7237,0.01492,105.576,1.57609,0xd2...c838,https://bscscan.com/tx/0xd1033c7ef129cb069f48197cfe23f005c10d6152c0414755218988f2268f43e7
2023-04-01 03:08:36,False,4.7117,0.01481,33.5496,0.497,0x2d...7822,https://bscscan.com/tx/0xe2bb934d55985b0a47bbf3999f9c17829dc6268f660e085eb16ddb133a602ed5
2023-04-01 03:05:27,False,4.7202,0.01484,39.0455,0.5796,0x2d...7822,https://bscscan.com/tx/0xd856dbdfa321786cef957f89f8694d745207940a15dba941bbc4769aa6111968
2023-04-01 03:04:36,True,4.7464,0.01492,21.2579,0.3173,0x21...edc4,https://bscscan.com/tx/0xfdfc0f80c6010d5279e77d5dcb10a8cf0dd7d579f6d0fcce2c80257ef05dfde9
2023-04-01 02:47:34,False,4.7001,0.01485,32.9363,0.4894,0x2d...7822,https://bscscan.com/tx/0x266cf28667e3f1a3e809ecdee95af8ec14e0299121b22e4d4d1638390c5ab693
2023-04-01 02:41:54,False,4.7098,0.01489,38.681,0.5759,0x2d...7822,https://bscscan.com/tx/0xf338bc2a5be1abd853a8d26f5c561bc82f6b1c2ad5707fedfbb0471654f99db2
2023-04-01 02:40:57,False,4.7196,0.01492,32.8628,0.4903,0x2d...7822,https://bscscan.com/tx/0x754180914cc4767da0cc2fe66597c2e2af1b0223ee6507185669512374136753
2023-04-01 02:40:25,False,4.7303,0.01495,44.7083,0.6686,0x2d...7822,https://bscscan.com/tx/0x04417a24443a5770f077664a6b2863fd7b3fd9a537dd4c1a95921ae845cad5b1
2023-04-01 02:39:46,False,4.7515,0.01502,107.977,1.62204,0x2d...7822,https://bscscan.com/tx/0x528fc49479e80ce87acdf65477f071cb4f204174ef81614eeab6f85e203a236c
2023-04-01 02:39:46,True,4.7758,0.01509,104.173,1.57291,0xb6...4942,https://bscscan.com/tx/0x0b6aa81b26eb72e3f0efdfcde711065fc66c33880214963a07dd1a532ef6401d
2023-04-01 02:39:09,False,4.7661,0.01499,34.7447,0.5209,0x52...1c7e,https://bscscan.com/tx/0x3c58183e7d603eda3a8a81ec425502c27cbbde1d4eac668041812ef1c591e882
2023-04-01 02:30:49,True,4.7908,0.01506,32.1187,0.484,0x2d...7822,https://bscscan.com/tx/0x8fab7fe25ac7460c1b5f749e2bc363d570a42c758227781694aba9d5a99c106e
2023-04-01 02:29:58,True,4.7819,0.01504,32.1983,0.4842,0x2d...7822,https://bscscan.com/tx/0xff0a0872d069f4735635e3d5d9d796858bb9719a0775ed9c514f6bc94ca6cfb4
2023-04-01 02:29:31,True,4.7717,0.015,41.2928,0.6197,0x2d...7822,https://bscscan.com/tx/0x3365fb3475d83e93a627cc82a7eb5ac3e83d1fe1104285246c90b101824a9cf5
2023-04-01 02:27:16,True,4.7612,0.01497,30.618,0.4585,0x2d...7822,https://bscscan.com/tx/0x3ad754321d31361f43d7906fb5386ae3ed4bea31fd6f6a4417156c3031d64281
2023-04-01 02:10:12,True,4.7509,0.01494,36.2008,0.5411,0x2d...7822,https://bscscan.com/tx/0xa30fb86fd1bb1b9b226fbc9e9cd7b18fcc66e99410b411d46617cbdacf5ad9c4
2023-04-01 02:03:21,False,4.7027,0.01487,31.0251,0.4613,0x2d...7822,https://bscscan.com/tx/0x30f4903838db22892a0c34ec50ac46cfb899a3d2acf4ca8c6cd4e0a26748a886
2023-04-01 02:02:27,False,4.7351,0.01489,33.8822,0.5048,0x2d...7822,https://bscscan.com/tx/0x8204cebb22c4ae8355dc60f814b84ec7148202a1c7eefc7e269830620c6cb3b7
2023-04-01 01:47:33,True,4.7599,0.01497,34.0352,0.5096,0x2d...7822,https://bscscan.com/tx/0x00d008c9bc40662450361d5bb7c37746b3e2cfa3f488bc3398ca63bae63c2102
2023-04-01 01:44:36,True,4.7512,0.01494,31.5454,0.4714,0x2d...7822,https://bscscan.com/tx/0x33f54fc74343bd3e06fdc4a05e471b1e7b55387311ccfcac70f21e56567b69e4
2023-04-01 01:42:18,False,4.7236,0.01485,0.7375,0.0109,0xa4...c462,https://bscscan.com/tx/0xfe7c27920d9cf2691500c3b8bdc8a49d73df0efff201a0041c608e7a1dd1626f
2023-04-01 01:31:47,False,4.7385,0.0149,111.157,1.65689,0x2d...7822,https://bscscan.com/tx/0xa3d74e526d2a91db8245e3d7459214c51e84a09210b358831d2eb42c0391618a
2023-04-01 01:31:44,True,4.7627,0.01498,107.38,1.60877,0x9e...1385,https://bscscan.com/tx/0x56df5a6307d512dafd4c4febc85c359cef9db495ced7987037a15037ab133fe9
2023-04-01 01:31:44,False,4.7253,0.01486,9.04322,0.1344,0x2d...7822,https://bscscan.com/tx/0xf59e902ae439c8bb8a1856eef475ac6ea006589b323f18c0058144db830e2a3b
2023-04-01 01:10:47,False,4.7036,0.01487,9.37292,0.1394,0x7f...3696,https://bscscan.com/tx/0x1d16fcc09d54ac24999b9ca65e48edc20641da89492a0d91cc602b496afc9757
2023-04-01 01:10:11,True,4.7231,0.01493,39.863,0.5953,0x2d...7822,https://bscscan.com/tx/0x6a29ae7e847a1ecbd4c68dff425be88a1b1148b53279cff79c8904cbd863431a
2023-04-01 00:59:50,True,4.737,0.0149,30.8175,0.4592,0x2d...7822,https://bscscan.com/tx/0x1f7f3e7d7222b695089eeda447819d5f281053537307830badc45b5789bebaba
2023-04-01 00:17:46,True,4.6942,0.01487,34.6366,0.5152,0x2d...7822,https://bscscan.com/tx/0xa44493207d807c949f4cd76f6efdbe1c7b16b329afb2f4a127e5b1428ff1ebca
2023-04-01 00:12:34,True,4.7073,0.01484,31.0961,0.4616,0x2d...7822,https://bscscan.com/tx/0x7d237bbd8598adc0dcdb952b264e89d3861e3b79e5689390a1afef1636396f4f
2023-04-01 00:11:16,True,4.6969,0.01481,34.7221,0.5145,0x2d...7822,https://bscscan.com/tx/0xe4e689f01da567e47d13b46f1c1e3cbf85e865d8e79622a51df57de40dea488a
2023-04-01 00:09:37,True,4.6644,0.01478,35.0162,0.5178,0x2d...7822,https://bscscan.com/tx/0x20f09479382b67a603061defaba442aebe8d088b62427c8db9b2afa30c601232
2023-04-01 00:09:37,True,4.6515,0.01474,61.0304,0.9,0x0f...8280,https://bscscan.com/tx/0x3fc02d81b168eb3254f76daf52fb2399e81950e7b5ba59973b97d4393213cf7c
2023-04-01 00:09:37,False,4.6393,0.0147,143.04,2.10384,0x85...ced5,https://bscscan.com/tx/0x16a70329543435a1e08aff0b688e72c12c91b0dab014fcd315e0d525884f4f9b
2023-04-01 00:05:40,False,4.6795,0.01476,2.21261,0.0326,0x0d...c91f,https://bscscan.com/tx/0x5dc1df97d42217761b8406e62cee73144d6ff2e6d5b21f3a3a1243ea4c72ff78
2023-04-01 00:04:36,False,4.6868,0.01478,31.2193,0.4615,0x2d...7822,https://bscscan.com/tx/0x9c2ba96eae9363abd913e41d470a233a8f6c3ab5597cf3f1b20bcf7842343dea
2023-04-01 00:02:05,False,4.6725,0.01481,31.0535,0.4599,0x2d...7822,https://bscscan.com/tx/0x155877938b1c1cf2f89d8501d9bd5b83d01452a6f839dc1cafb70cf77a2e6aa9
2023-03-31 23:59:17,False,4.6776,0.01483,25.641,0.3804,0x2d...7822,https://bscscan.com/tx/0xdb86dbc7a24e5dbf93ff361f78f80182cdd6a62bba79efec47ad11366a626107
2023-03-31 23:59:17,False,4.694,0.01488,94.4123,1.40556,0x0f...8280,https://bscscan.com/tx/0x145a82aa3c8b704b1abfcb4646e2754a626c8025a1470ad458cf1fe68af7350d
2023-03-31 23:59:17,True,4.716,0.01495,105.013,1.57072,0x0b...f684,https://bscscan.com/tx/0x90443e4f42b5df12c710abf46b3776480e9801f02a69bd96fed77dae7b82702a
2023-03-31 23:58:29,False,4.7204,0.01488,119.821,1.78403,0x2d...7822,https://bscscan.com/tx/0xb0c4ef766a9de51121097fb5f2a9803107ccfcb90d811d65ec98e7bde64f869f
2023-03-31 23:58:29,True,4.7461,0.01497,104.927,1.57077,0x0b...f684,https://bscscan.com/tx/0x19bfe46e0dce1703dbf13cd92fa4ef8e2b2546575553f5f8c246520cccba26e3
2023-03-31 23:57:20,False,4.7013,0.0149,123.812,1.84524,0x2d...7822,https://bscscan.com/tx/0xf849b3ab83bfc851d23099e76e96772ba44802dda735226b520642fc3368e2b3
2023-03-31 23:57:20,True,4.7274,0.01498,105.254,1.57736,0x0b...f684,https://bscscan.com/tx/0x7207afd11a8999f180c7d94a08846b447c59139d9d4976fe46afd7dc22be4870
2023-03-31 23:56:50,False,4.7173,0.01488,32.9114,0.4897,0x2d...7822,https://bscscan.com/tx/0xd89d7a93a616a8830ea24059704978fdd8a24428443b82b098df8f7165d4be60
2023-03-31 23:56:50,True,4.7408,0.01495,34.5564,0.5167,0x93...86cb,https://bscscan.com/tx/0xc6c6f6767286f18136c48c26364c441952cf47cb246a2c2ba5448b35a1f3fefd
2023-03-31 23:53:17,False,4.7194,0.01488,53.5195,0.7967,0x52...1c7e,https://bscscan.com/tx/0x4faee5ab9c5cd9fd03ad1f1f7c43c525962af4897460f1063e32a55930ceeede
2023-03-31 23:53:14,True,4.7477,0.01497,21.0631,0.3154,0xb9...4291,https://bscscan.com/tx/0x233916210315f5e78ea24a27dfc8c40bfdf6eb6e905d5e4316f6f849f10f765c
2023-03-31 23:52:44,False,4.7222,0.01489,9.04908,0.1348,0x2d...7822,https://bscscan.com/tx/0x18a2fd667e830522054992747506c2edf7071de980264568fd0f57ec0e6b743f
2023-03-31 23:52:44,False,4.7364,0.01494,93.9616,1.40388,0x0f...8280,https://bscscan.com/tx/0xe4b13125522294c5f503c7403f9a34a9161417911eeb7fdacf1f74d54544bc98
2023-03-31 23:52:44,False,4.7588,0.01501,67.4261,1.01217,0x11...a5bc,https://bscscan.com/tx/0xf6012bca6a9d9da6aac11ae7c133edaee8e69bcade42fa094858f2b94d17eb99
2023-03-31 23:52:44,True,4.7627,0.01502,209.957,3.15439,0x0b...f684,https://bscscan.com/tx/0xc8a95d830e53332e46fa0aa0696c3ef53857372e49f2ba9113153926653f2912
2023-03-31 23:51:17,True,4.7256,0.0149,59.9959,0.8943,0x4d...15d9,https://bscscan.com/tx/0x5ed8ec6bd9cdb4301026b54dae1184d0d6a362a96fc236a83d5fd2d9f896718d
2023-03-31 23:49:53,True,4.7129,0.01486,32.8533,0.4883,0x2d...7822,https://bscscan.com/tx/0x0a67f128a05aed9265d565b24db8530d129519b63090617e7bf1c681f07fa7d4
2023-03-31 23:47:50,True,4.6781,0.01483,47.5225,0.7048,0x2d...7822,https://bscscan.com/tx/0xc1223021e395995e3e64f2104c075803d5097229026c3bdfff5bf476b4c78281
2023-03-31 23:44:20,True,4.6664,0.01479,36.767,0.5439,0x2d...7822,https://bscscan.com/tx/0xb36d0d697ee0a119bf98cfa24cd63831dcee6ca3a7b6ed413dafd859b91eb70b
2023-03-31 23:39:59,True,4.6802,0.01476,34.2567,0.5057,0x2d...7822,https://bscscan.com/tx/0xa2fb0f74ecf9a3219c85dcc0863e0efd49e9728eeacb2609de28062533a8f95c
2023-03-31 23:19:09,False,4.6579,0.01469,32.7104,0.4805,0x2d...7822,https://bscscan.com/tx/0x8ad1fe535fb29dfccf58950af6630285e97b11f791e7a31bf4bf6061c3889b28
2023-03-31 23:08:51,True,4.6619,0.01478,2.21261,0.0327,0x0d...c91f,https://bscscan.com/tx/0x554b8446503949bfb69854f7491b786a8b91ed679488cb0f8914ba6467376c33
2023-03-31 23:07:12,False,4.6421,0.01471,31.4823,0.4632,0x2d...7822,https://bscscan.com/tx/0x873cc8be381c5816040590fcf665dac38b84c5e6cdc4d8491290cec1fecdf6b4
2023-03-31 22:59:44,False,4.6512,0.01474,39.0261,0.5754,0x2d...7822,https://bscscan.com/tx/0xdaafaa2c4586e13b24ad82b3637c4703805fbf7b435aad834de505290396c7b7
2023-03-31 22:59:44,True,4.6689,0.0148,79.989,1.18397,0x83...08e1,https://bscscan.com/tx/0xcdfd34c965521e69934605fcc5e9f31cb2913e6377ed668e24372d69816fad64
2023-03-31 22:51:26,True,4.6815,0.01475,32.2123,0.4752,0x2d...7822,https://bscscan.com/tx/0x1e51042da3df6593e4d122a4c48cce630d5600dfe1955f395a132753334771e7
2023-03-31 22:41:20,False,4.6585,0.01468,51.382,0.7547,0xfc...4860,https://bscscan.com/tx/0x604f2ec0a54a0e64e834afa07e5162f8bbd41957dd9fe47b453b498e810eded1
2023-03-31 22:32:35,False,4.6481,0.01472,34.3129,0.5052,0x2d...7822,https://bscscan.com/tx/0x2153246183af742ec887287aea70fcbc48d5e5563ff7d061d3deda42f38d2153
2023-03-31 22:15:41,False,4.6643,0.01475,31.1884,0.4601,0x2d...7822,https://bscscan.com/tx/0x2358e5da1b3a82f98cffd4caba1038d3e9368021fc4ebd7c43ec406fc99c590f
2023-03-31 22:05:11,False,4.6973,0.01478,33.8133,0.4997,0x2d...7822,https://bscscan.com/tx/0x397f1d1e3a70fdea365199f2d586414da7d66db480afcb28b782d38d507694e3
2023-03-31 22:02:44,False,4.679,0.01479,10.3625,0.1533,0xbb...c106,https://bscscan.com/tx/0x400b24fe20ce3ff209e3fdda03afcb9030c2152e4e5cb9fa7a3cd3bc92d35237
2023-03-31 22:02:32,False,4.6852,0.01481,35.3927,0.5244,0x2d...7822,https://bscscan.com/tx/0xc92096c7ad11fcbac418430eb677af21df6546175dee41c6f3b86c8907185d45
2023-03-31 22:02:32,True,4.7014,0.01487,105.99,1.57609,0xd2...c838,https://bscscan.com/tx/0x8c05c18c21b175d67cbc4c542f5cc0574dde24c172bd79e302a01ee0b072e4b0
2023-03-31 21:58:11,True,4.7043,0.0148,32.0635,0.4746,0x2d...7822,https://bscscan.com/tx/0xa59c6fbeaf00ee1e575d3404032711fb6ec45df0e9420208171fa0bddc02aa97
2023-03-31 21:51:41,True,4.6738,0.01478,21.2902,0.3146,0x2b...e897,https://bscscan.com/tx/0x6b2958da6bd00f903e8dfd0744c5be9b84cd8b255fac2d51e149f11494aa2991
2023-03-31 21:49:38,True,4.6659,0.01475,37.6627,0.5557,0x2d...7822,https://bscscan.com/tx/0x142837ff8934b9ff731b7d80cc3dfe1c5d12d6ef8c3ad1d2fac864bb4dbb14f9
2023-03-31 21:38:46,True,4.6507,0.01471,55.392,0.8151,0x2d...7822,https://bscscan.com/tx/0x50c3b2d49d480c25ac1a2317b32d78a62e206fbdc3e0eca14c04d80fba7499cc
2023-03-31 21:38:46,False,4.6311,0.01465,100.0,1.46533,0xd2...c838,https://bscscan.com/tx/0x2b2acdc8c51e7c841a6bb98cd6ecf5d7de86040baece713cf4a295f59e658292
2023-03-31 21:33:10,False,4.6723,0.0147,0.68,0.01,0x99...07db,https://bscscan.com/tx/0x83c4a692662aa7cc9f66f8c9d2147b221a3f545e940767a071c6706875d3262b
2023-03-31 21:30:01,False,4.6505,0.01471,31.3288,0.461,0x2d...7822,https://bscscan.com/tx/0xbe383dcd98b260f7e245495bfeb96e9b69d233be82b802c58cdac0d522ae6159
2023-03-31 21:16:34,False,4.6645,0.01474,37.6144,0.5546,0x2d...7822,https://bscscan.com/tx/0x6a06ec2c6e03e6dfe96c4d128b5cbafa4c0288a7818e1265efec1fd5c9588430
2023-03-31 21:14:24,False,4.7052,0.0148,88.1335,1.30441,0x0f...8280,https://bscscan.com/tx/0x24147a6bcda18261430e8a73e3058bcb43b428b02ec013d012ff1fafcca58121
2023-03-31 21:14:24,True,4.7228,0.01485,131.323,1.9509,0xa4...429e,https://bscscan.com/tx/0xea2529e399153863655b01e5a4be78b27e10abd5a1500097f2254e223d51e805
2023-03-31 21:10:01,True,4.6932,0.01476,82.4542,1.21734,0x00...78d2,https://bscscan.com/tx/0xe8eaa63b809f88d5ca9f035c442fb0b6327530d59600004744efec3a391b7f30
2023-03-31 21:08:19,True,4.6533,0.01471,34.1306,0.5022,0x2d...7822,https://bscscan.com/tx/0x615171c56e23246f1aad28177d9483c48076cddc7150f1b495e36f8ea043769e
2023-03-31 21:05:46,False,4.6237,0.01462,4.73295,0.0692,0x7a...91c1,https://bscscan.com/tx/0x85c2828ee910842728c66afe5880e45bee9116489bf1b41ccafa3e526407ff44
2023-03-31 21:02:22,True,4.6688,0.01469,31.657,0.465,0x2d...7822,https://bscscan.com/tx/0x40a57f0b4c8e3257a8abe7e8d3345cb1db9271fc410970b376c4a78fcf04cc04
2023-03-31 21:01:43,True,4.6361,0.01466,36.1414,0.5298,0x2d...7822,https://bscscan.com/tx/0x41f5e85a96c95b7f456d842cb1f2fa2a08f3d48358f08366aeb04b63346615f2
2023-03-31 21:01:40,False,4.6096,0.01457,10.9,0.1588,0xde...7125,https://bscscan.com/tx/0xe7e2af218fffcf4e205348d8983fd9aaca69b2f1e2cadf08f62c4fb6db949185
2023-03-31 20:58:10,True,4.6339,0.01466,4.73295,0.0693,0x7a...91c1,https://bscscan.com/tx/0x0024ff094e71fe3c99994169f776dd35b3d66fe86dd74b1ac98b894150c6a8d9
2023-03-31 20:57:19,True,4.6561,0.01465,3.44432,0.0504,0x08...4ae2,https://bscscan.com/tx/0xd4ace8e5d3c93577cfdbf85b20a2ab0577d8d865f8587ab7a59e6c09fe99da7e
2023-03-31 20:52:31,False,4.6333,0.01457,9.72,0.1416,0xd2...c838,https://bscscan.com/tx/0xa5b233351fa577f9fd2b5fb7fb8073444dd1071ca3fe61a5113a45a21db38d3d
2023-03-31 20:46:07,False,4.6112,0.01458,3.0,0.0437,0x0f...8976,https://bscscan.com/tx/0x1c9fb17a0d91431bb8a0870ec076b63fdabdd1121292823ac6f5678505b0f355
2023-03-31 20:02:53,False,4.6166,0.0146,35.9348,0.5246,0x93...86cb,https://bscscan.com/tx/0x3a55c7f84947c48107d8f44f40ff4a4744a0463e1efc8f21cf142b698d123e7a
2023-03-31 19:42:29,True,4.661,0.01467,31.4138,0.461,0x2d...7822,https://bscscan.com/tx/0xe5fcfe140ba1ee4fffbee7c0c3c371c158a436e4b6ff20e3808b64aee503b272
2023-03-31 19:41:41,True,4.6239,0.01463,62.2243,0.9107,0x2d...7822,https://bscscan.com/tx/0x3497b5bd0f362e43aa9604b0e9f148d86a58dd28d0041d37a9cff44a789d3032
2023-03-31 19:41:41,False,4.6109,0.01459,137.736,2.01027,0xb6...4942,https://bscscan.com/tx/0x0508d0757c6497651715bcd8f31059f6de17bc73cb6d2e4e9896bac1b2b02c18
2023-03-31 19:21:02,False,4.6619,0.01467,40.4225,0.593,0x52...1c7e,https://bscscan.com/tx/0xcd1a7ca226d181c780a54063dc4a2bf687310c06b998f642b5ae616bc7603116
2023-03-31 19:05:26,True,4.685,0.01475,26.2562,0.3872,0x2d...7822,https://bscscan.com/tx/0x8efceef2a25932f1fd3ea0a8745a4ebcd0674ca4d9901d536b8996574dcad8fa
2023-03-31 19:05:26,True,4.6759,0.01472,40.4225,0.595,0xda...6e1f,https://bscscan.com/tx/0x97d4fc03283cc33ff7e24ffd76c65c3c1ead0acadc1f878fb2be1f4d551c9fa1
2023-03-31 19:05:26,True,4.6613,0.01467,67.4261,0.9895,0x11...a5bc,https://bscscan.com/tx/0xc078fedab0da89fab3a02d4c908e574aa435a0bac226072c100c3c2cd6faf0cd
2023-03-31 19:05:26,False,4.6475,0.01463,137.736,2.01535,0xb6...4942,https://bscscan.com/tx/0x852b962914bfe2f2203634be960d2f8d17470965401c1d8ea89b441b0ea35378
2023-03-31 18:56:29,False,4.6447,0.01469,5.938,0.0872,0xec...11b9,https://bscscan.com/tx/0xdea8005957b6bb172f9f12afcfd6d9b26a27ee2ac09972bbd184427c457e3bd5
2023-03-31 18:51:05,True,4.6865,0.01476,21.3372,0.3149,0x6a...ceec,https://bscscan.com/tx/0x26560db4397754f586ab381f29c0dbaac01e74d413f5ff83482982671c77984e
2023-03-31 18:48:29,True,4.6835,0.01474,7.79797,0.115,0x55...03de,https://bscscan.com/tx/0x3f16100ec371eced8e6deb179beb3aa94626fb6acbfaba893245c99f50d62c79
2023-03-31 18:47:20,True,4.6775,0.01472,38.2807,0.5637,0x2d...7822,https://bscscan.com/tx/0xf7fd2d446eacc49b73abd4d52798fc2dd950c30d90ecc3393261554c922e33a8
2023-03-31 18:33:04,False,4.6718,0.01471,175.87,2.58753,0x3f...573a,https://bscscan.com/tx/0xdc0dae790bbdbe87c5194d39c00c8b0fa4dacf3c718be16a26b97b65967d61b9
2023-03-31 18:33:01,False,4.707,0.01482,82.8635,1.22833,0xbf...2fab,https://bscscan.com/tx/0x4bcf4fb532286bba5203adc15327bd8e517b74ffe58808ffb777c84004c06cc9
2023-03-31 18:33:01,False,4.7314,0.0149,95.1204,1.41734,0x0f...8280,https://bscscan.com/tx/0x9980c9971011a3c148f1d6009b8617957d7b7764c5c9dc406692289720c16556
2023-03-31 18:33:01,True,4.7272,0.01488,297.04,4.42211,0xf1...57cf,https://bscscan.com/tx/0x01e88a1f75b97718f19c22396e8654c8164b26be349cf01e30c3a733bb7b7cd8
2023-03-31 18:33:01,False,4.6703,0.0147,52.958,0.7789,0x3f...573a,https://bscscan.com/tx/0xd81b60db31a0ba7a5b68ff9c3cddcd23f4d4e9b074cb63605ad577287e7680c6
2023-03-31 18:33:01,True,4.6896,0.01476,82.8635,1.2238,0xc5...77c0,https://bscscan.com/tx/0x5705e2b28d01ce61b8d87ce7741e1a2f37cf92c7f0fc6680df5ddca48fa7c615
2023-03-31 18:31:46,False,4.6571,0.01466,22.25,0.3263,0x28...6478,https://bscscan.com/tx/0x7b94d4c9088fae592b971d79796481acd9db7d055f4a06e4140b6a5389d78ee8
2023-03-31 18:24:31,False,4.6591,0.01467,7.96,0.1168,0x98...547b,https://bscscan.com/tx/0x1ad36212520c64f7adb0bab81b0ec9d92d8514bed5ece9503c71e31dcce27e6c
2023-03-31 18:22:40,False,4.6662,0.0147,35.3691,0.5199,0x8d...1b76,https://bscscan.com/tx/0x2a4c40c119836506ac77d86abcc127fed7a689aa16ed6f3caf4cd45fd768cd55
2023-03-31 18:19:31,False,4.6837,0.01476,104.795,1.54683,0xf2...bfcf,https://bscscan.com/tx/0x10db68fcb4a5f848172371c6a914dbdd114ec05cbdb745bb45b37b81d4d6c533
2023-03-31 18:19:31,False,4.72,0.01487,160.453,2.38671,0x00...78d2,https://bscscan.com/tx/0x23e25d1726b87bb59baa64b4f3ced9fd214c56212fdcb518a44797eaa9d25b43
2023-03-31 18:19:28,False,4.7552,0.01498,94.8193,1.42095,0x0f...8280,https://bscscan.com/tx/0xd64c74b475e5bd0de83d8e8fd73f1a04ff5efe92178912e0323d7524650ad957
2023-03-31 18:19:28,False,4.7773,0.01505,63.8288,0.9609,0x86...9cb2,https://bscscan.com/tx/0x0a9d9006c1457b9e7e6b22c21f6a40bd0ccc4f9a81b847350e96134fe5531476
2023-03-31 18:19:28,True,4.7522,0.01497,415.307,6.21979,0xf1...57cf,https://bscscan.com/tx/0xb15b1da55526f7a4a28535effad51870739d5f5ca9929fbc66382e101cd8c27b
2023-03-31 18:18:52,False,4.6783,0.01474,60.1025,0.8863,0x8d...1b76,https://bscscan.com/tx/0x7c07d060e3cb5e9e30fba568136cfacba29a6c03b14e36881fca40eb9bbdca18
2023-03-31 18:18:46,False,4.6961,0.0148,67.7616,1.00305,0x0f...8280,https://bscscan.com/tx/0xd43c087939e14479ccd3a12bc18ea00104a69312ae6231fa7166df39043c27ae
2023-03-31 18:18:46,True,4.7137,0.01485,111.051,1.65,0xe5...1129,https://bscscan.com/tx/0x904f67173305cf25c6b1bdbecdb48b5ac17ca0caa9db11d31bce0d1a6b0488d1
2023-03-31 18:17:49,False,4.6806,0.01475,38.3381,0.5655,0xf2...bfcf,https://bscscan.com/tx/0x5095262b9f0fa5d5a4cdd6d0e1fdd5846f79ca6e7f1d416e1b25ea7024914913
2023-03-31 18:16:16,False,4.6901,0.01478,35.6765,0.5274,0x8d...1b76,https://bscscan.com/tx/0x8b5590f719d4a63ca1955257fa2b2810588fcf454d1c3417dc82beb69a81c51f
2023-03-31 18:15:58,False,4.7045,0.01483,71.9611,1.06723,0x2d...7822,https://bscscan.com/tx/0x1947c5b1e5387cf9f25ec96f8eaf7c3ea97f3cfaf21a401d91cc4a50de79b206
2023-03-31 18:15:58,True,4.7243,0.01489,98.9245,1.47331,0x4e...06db,https://bscscan.com/tx/0x8e29a66fe01d72ea425303cbbbeaefc20f90aed74254fbd27650f5beae10cd76
2023-03-31 18:11:58,False,4.687,0.01477,5.17765,0.0765,0xe9...1702,https://bscscan.com/tx/0xe91a2c47799a41e09915affcb21ba84d40b221fe726d240b397ab06399aa99de
2023-03-31 18:11:55,False,4.6748,0.01481,77.6207,1.14988,0x3f...573a,https://bscscan.com/tx/0x76797a49f972bba778866adbc23484b6fd72817bf5939828345614963e3795f8
2023-03-31 18:11:52,False,4.6982,0.01488,93.7201,1.39532,0x21...95f3,https://bscscan.com/tx/0x01df7395c688d30c15cbc1b0c6543f1eccce0600bf9f933b7aa170f8456bc55b
2023-03-31 18:11:52,True,4.6422,0.01471,679.766,10.0,0x3f...573a,https://bscscan.com/tx/0xd81ef0d52df472f8f807ca8ffd5782236a0ebd204d43a9e076341401416e86e7
2023-03-31 18:11:52,True,4.5509,0.01442,7.05812,0.1017,0xb2...d341,https://bscscan.com/tx/0x441808e9ad380d435142ba6a60320b755d477d29e53ec10acc5e7379ea90e534
2023-03-31 18:11:52,True,4.5314,0.01436,143.364,2.05865,0x14...515d,https://bscscan.com/tx/0xcb0565168974c47a0d637c9471f73dc19290d0009fc00780751446784bb53bde
2023-03-31 18:11:52,False,4.5831,0.01452,710.098,10.3132,0x33...0a27,https://bscscan.com/tx/0xbc78e17687c95fe9cb67641bb74cb2df97eeed1585483d0bd2aec1e1041e4c63
2023-03-31 17:22:42,True,4.7464,0.01488,31.8213,0.4736,0x2d...7822,https://bscscan.com/tx/0x2ff86f6f75d6e046528f42ac74c3acce4a8da6c81096c466e3f1c06f30df04e9
2023-03-31 17:11:16,True,4.7222,0.01485,41.4067,0.6149,0x2d...7822,https://bscscan.com/tx/0x3ab5e71d13c539cd326ef74a4415218973a842b573b25424faed858743e4c555
2023-03-31 17:10:40,True,4.6823,0.01472,250.993,3.69623,0x2d...7822,https://bscscan.com/tx/0xc6f0d81e4d1dfd05cf11cb16679a1f4a599a3bd474c2c042aa7e84b04ca78d62
2023-03-31 17:10:40,True,4.6407,0.01459,58.0411,0.8471,0x44...494f,https://bscscan.com/tx/0x3c004ac1f4dba4cfc1221d18aaadff33a346455ebb5ac18460449ca77d51e2c0
2023-03-31 17:10:40,False,4.6524,0.01463,318.345,4.65812,0x67...ee88,https://bscscan.com/tx/0x89e782ef58ad06a4c165f5398760cae4c784e45bcb170483ac6cdbcda7a5ed4c
2023-03-31 17:09:22,False,4.6965,0.01476,1.0,0.0147,0xa5...d5c7,https://bscscan.com/tx/0xce73b8ec8edaf47280ea4f1ef860a758c48c08be3e9ccbad333870c8837e53fc
2023-03-31 16:57:43,False,4.7007,0.01478,31.0998,0.4597,0x2d...7822,https://bscscan.com/tx/0x7bd1e9bff8dc92bda53d5a70c512d61fc17eed59d82b51cd042c5019af8f428d
2023-03-31 16:53:20,False,4.734,0.01481,34.0862,0.5048,0x2d...7822,https://bscscan.com/tx/0x8762b463ec69fa8acb3f43357ad15ca5dbef7c205d799b4fc61e1f36077ce1d7
2023-03-31 16:51:44,False,4.77,0.01492,223.497,3.33486,0x2d...7822,https://bscscan.com/tx/0xf8af4b2e1ce7ce6614918241627ef5d6416cf65ce3fa2c42be3aceafaa758bd2
2023-03-31 16:51:44,True,4.7959,0.015,208.401,3.12648,0x64...7861,https://bscscan.com/tx/0x81340443fd611ed4221c0c994a2944b3825261c1cc5eabf3c29a3d570396f603
2023-03-31 16:51:26,False,4.7431,0.01491,172.794,2.57667,0x2d...7822,https://bscscan.com/tx/0x241149b1107122a88a13df3fd2854680314c5865c73c232df8cfadf5318a4828
2023-03-31 16:51:26,True,4.7618,0.01497,208.848,3.12655,0x64...7861,https://bscscan.com/tx/0x107b2a60b99bb4f53dd86832cafe8863144ee636702ac70692d22b9b1eaf003a
2023-03-31 16:12:14,False,4.7276,0.01481,30.9548,0.4587,0x2d...7822,https://bscscan.com/tx/0x6bacf1306d173aa75b10615b89c2804d8ce9434591727a04c9b71e280fa927f4
2023-03-31 16:04:28,False,4.7365,0.01484,34.6998,0.5151,0x2d...7822,https://bscscan.com/tx/0x971205691db1fd2d55350700d501a1300547b2c32c886ed346f66fc7db00a982
2023-03-31 16:03:19,False,4.7458,0.01487,32.6663,0.4859,0x2d...7822,https://bscscan.com/tx/0xadd69273b94e53da76d9e8fb7b897a1898f604b4ffb2d8d4b624f66301626c5e
2023-03-31 15:59:49,False,4.7617,0.01493,94.0181,1.4038,0x0f...8280,https://bscscan.com/tx/0x69ccd1a747fcc2e6087ce5b67de380ab8606df8c61ffdd22ebee32d808e497e6
2023-03-31 15:59:49,True,4.785,0.015,97.9305,1.46936,0x25...abbc,https://bscscan.com/tx/0x80f1e033b37adc91dd9200ac7a7372bef2c07b921341d84a64e021686011e6d3
2023-03-31 15:59:49,False,4.7503,0.01489,20.1778,0.3005,0x2d...7822,https://bscscan.com/tx/0xe5989db89af701c1a58ed1ca9a8ce1783bfbe1c982dc6bd2a32739834a98f5e7
2023-03-31 15:58:40,False,4.759,0.01492,39.0517,0.5826,0x2d...7822,https://bscscan.com/tx/0xbe5def147c0d70b16d43c89694cc269de8c6a0d4f10cd120044eccba7b638161
2023-03-31 15:58:40,True,4.7816,0.01499,47.7949,0.7165,0x25...abbc,https://bscscan.com/tx/0xfc38bed9d4bf9b3818059257c95260a4782ac81027edd00c997bdfd231adc16d
2023-03-31 15:47:58,False,4.7348,0.01491,41.0118,0.6116,0x2d...7822,https://bscscan.com/tx/0x4ace52593718511ed50f508de08562e3ec1cd47ea4bd4d0b6484133f031a3471
2023-03-31 15:46:58,False,4.7685,0.01494,31.0691,0.4643,0x2d...7822,https://bscscan.com/tx/0xd31baf3b7f20acbafe258172016214a2ec09a33d8011e8e0046c70d54cd6a365
2023-03-31 15:43:52,False,4.7519,0.01497,32.5817,0.4878,0x2d...7822,https://bscscan.com/tx/0xed3b38edac290a399ac94d1a7cdb856b6e00ce10242034485546c55186c218b7
2023-03-31 15:43:49,False,4.7695,0.01502,93.6019,1.40673,0x0f...8280,https://bscscan.com/tx/0x4137ed151e4dcd2bb7213b99734186894a174ce12071894993d0e0f82af7db1f
2023-03-31 15:43:49,True,4.7854,0.01507,150.385,2.26764,0x1c...06ee,https://bscscan.com/tx/0x6877b7d0c7a148a6180cc4870addfea5acaed69d5007dd5510307d5d61267de2
2023-03-31 15:39:36,True,4.7902,0.015,9.75668,0.1464,0x2d...7822,https://bscscan.com/tx/0xaf5d0db04e28044eb31064fc89e95e043ed9220300ec2bcf766e6ace529e454d
2023-03-31 15:39:36,True,4.7822,0.01498,47.5371,0.7122,0x00...78d2,https://bscscan.com/tx/0xc1485aa434a4e17879b4a01656a6ea0224a599792a34dd9ffad639b9fb482783
2023-03-31 15:36:51,False,4.754,0.0149,30.3683,0.4525,0x52...1c7e,https://bscscan.com/tx/0x41925bbc41c1c911519980576d7d2b6a1edc81816bac87edaf0ae57a805088c8
2023-03-31 15:36:51,False,4.7695,0.01494,80.4783,1.20309,0xa7...59c1,https://bscscan.com/tx/0xab55220acfc4c12209b57120ba8033ba56a2cef8f0881b8759dac4c900fbb1d6
2023-03-31 15:36:48,False,4.7938,0.01502,93.8774,1.41057,0x0f...8280,https://bscscan.com/tx/0x13b7148559c7a6c5c0733e1a4712018a1b91ef3eb46cbd47f2c7c51cd797eb45
2023-03-31 15:36:48,False,4.8096,0.01507,18.6016,0.2804,0x54...5e5c,https://bscscan.com/tx/0xe77c62f2cd8adf56cc96e98bee318de726fed6b73c8d1967c74d0002fe11715b
2023-03-31 15:36:48,False,4.816,0.01509,26.6442,0.4022,0x13...1236,https://bscscan.com/tx/0xa24e80a59965ae74668fe3201362cdd0847f535a0d41b9f63082ac2d5162ae51
2023-03-31 15:36:48,False,4.8308,0.01514,77.436,1.17249,0x20...c02d,https://bscscan.com/tx/0xd6532dd2cbb551ca0b184cd935f644889dcc505039c66d073dbb489528560e8f
2023-03-31 15:36:48,True,4.836,0.01515,210.569,3.19177,0x1c...06ee,https://bscscan.com/tx/0x22fdef3d6a8f5abd05fc708427f31f24f12834ff5783673db0d6318341f5cfdd
2023-03-31 15:36:48,True,4.7953,0.01503,77.436,1.16388,0x20...c02d,https://bscscan.com/tx/0x343524582cd00cf1cdba567a0ae1cc7b8e8ca03d1446b6b50d007a272ceea986
2023-03-31 15:36:48,False,4.7708,0.01495,73.8004,1.10358,0x2d...7822,https://bscscan.com/tx/0x1113ddd167ce1777d8c2bd057439d0b6595f0c0075cf3b15fdcf50a92db9063a
2023-03-31 15:36:48,True,4.7938,0.01502,80.4783,1.20923,0x4b...e5c2,https://bscscan.com/tx/0xd9531f06ca48029d6c07a940e1c6c39d73eda4dc990570eef941f3a60567a858
2023-03-31 15:36:21,False,4.7577,0.01491,2.38653,0.0356,0x38...28dc,https://bscscan.com/tx/0xee3299937cf56435d3a2c8288103537b2ce4588cb7b0ecaea992066166ec6c63
2023-03-31 15:33:12,True,4.7336,0.01497,50.0758,0.7496,0x0e...7558,https://bscscan.com/tx/0x52525f96173f39cee0a888f8e0e92ff1d01b9a9164f1be96bfe73515e8dfe3b0
2023-03-31 15:31:54,False,4.7273,0.01487,3.33183,0.0495,0x89...3571,https://bscscan.com/tx/0x34cceb878dfbe5ae7593315f1923f18d30ecd1aef9d6fc4c2388b0d5074a14ea
2023-03-31 15:31:45,True,4.7456,0.01493,42.371,0.6327,0x7a...c707,https://bscscan.com/tx/0xe6f68def6121fc8070e0a5268cfca53699933d6c161fe1d31524947849c43a1c
2023-03-31 15:31:39,True,4.733,0.01489,48.1354,0.7169,0x00...78d2,https://bscscan.com/tx/0x10ae918917b4176058fae04c99ccc547004327a201107e1011a5809c477183e0
2023-03-31 15:25:42,True,4.6986,0.01486,22.8568,0.3397,0xc6...0735,https://bscscan.com/tx/0xb79eab00a8e1cc74b56f9f22274ebf43e5889020d63a18f4046583bb5e459724
2023-03-31 15:17:57,True,4.6863,0.01483,47.4224,0.7033,0x00...78d2,https://bscscan.com/tx/0xa933396b675bbf35651e12fd4e8716aa9f7744a427c9344041e3f00cd0e1000c
2023-03-31 15:17:36,True,4.6762,0.0148,44.1938,0.654,0xd6...f5d2,https://bscscan.com/tx/0x7be95e8b953293b894831d1ba4db6c350a12364766499d1326b60c205362ea3f
2023-03-31 15:17:36,True,4.655,0.01473,95.0226,1.4,0x0f...8280,https://bscscan.com/tx/0x1c875b7aff344fa6f58017ffa75d2056315bf499d6098b92d897b31ae0070f78
2023-03-31 15:17:36,False,4.6392,0.01468,150.314,2.2071,0x45...e039,https://bscscan.com/tx/0xbc020d97cae698547585c1db27f65b23f91cc79f3ead29a29996c64023303e7f
2023-03-31 15:17:30,True,4.6791,0.01481,26.8346,0.3974,0x2d...7822,https://bscscan.com/tx/0x8f3e5a074a9bce2318d4ab401f874972caa9a369f64f0641bbb4fb7d6fb56990
2023-03-31 15:14:12,True,4.6934,0.01478,32.6102,0.4821,0x2d...7822,https://bscscan.com/tx/0x25b411a0aa219ad4ab56b2c79e838865e6316ae96d3f6d6aa57c4b6a5a65ddb7
2023-03-31 15:13:09,True,4.6637,0.01476,13.6139,0.201,0xdc...c6dd,https://bscscan.com/tx/0x56f8105795a96ea90163da6ab68c9b8bc650fb2bfd9504fabe795f45aef180dd
2023-03-31 15:02:33,True,4.6578,0.01474,32.2579,0.4756,0x2d...7822,https://bscscan.com/tx/0x534a804df8f7dcb77aad0533918a3c99c12448d6f74c835a470b80b40a8556ca
2023-03-31 15:02:27,False,4.6346,0.01467,50.0,0.7335,0x23...91f0,https://bscscan.com/tx/0x13e16537a8c26705b5968a89cb0f47b633f4a3c9e41b75712a4ce1aad6065c74
2023-03-31 15:02:00,True,4.6858,0.01475,34.1786,0.5044,0x2d...7822,https://bscscan.com/tx/0x85bd4e3a8b130b4720e9f11ef45afea016f06a5be9161b84dfff45745e82b5c8
2023-03-31 15:02:00,True,4.6682,0.0147,95.2144,1.4,0x0f...8280,https://bscscan.com/tx/0x354bce6c03e2889f2cf7b0ba06e072aa738086b1f5e0581bfa7b8e7e1a1acdd2
2023-03-31 15:02:00,False,4.652,0.01465,148.003,2.16864,0x25...abbc,https://bscscan.com/tx/0xfa9c0b742e9b305adf8c21d85c6d900977eaeac33f77fb46ca4915f35cecef10
2023-03-31 14:56:57,False,4.683,0.01475,100.0,1.47508,0x23...91f0,https://bscscan.com/tx/0xfbfd74483bc2f46654e727cfa7469a4e29d5d7d3243604dd34b1aecb23b6a749
2023-03-31 14:46:36,False,4.7035,0.01481,31.3139,0.4639,0x2d...7822,https://bscscan.com/tx/0x8a1e7aaca0efbc3be862df800bee9f1f88e8a447757c542bc06720855958efa1
2023-03-31 14:41:18,True,4.7088,0.01484,142.869,2.12024,0x2d...7822,https://bscscan.com/tx/0x32c902ddf598541a5db45fe237520eca955f1a1b2597da333e4fa5c6092e4883
2023-03-31 14:41:18,False,4.6857,0.01476,146.189,2.15888,0x77...3bd0,https://bscscan.com/tx/0x9e53144fa8837e5ea4e366996fc06a5df80134efbc8a393403677695dde55308
2023-03-31 14:40:45,True,4.7005,0.01489,32.2532,0.4802,0x2d...7822,https://bscscan.com/tx/0xf689059aee4a79f7649809d7b39733a28d574e822c3aa578bfbee998285b743e
2023-03-31 14:40:27,True,4.6902,0.01485,42.2782,0.6282,0x2d...7822,https://bscscan.com/tx/0x1b7b207654cf4c0364d1103f1a71f88f090d89f554bd23c7338a005058e41107
2023-03-31 14:39:27,True,4.68,0.01482,31.1554,0.4619,0x2d...7822,https://bscscan.com/tx/0xb4d118a81908507c923e1bbf26c942985e43898395bd8741cb1a7452fac599ec
2023-03-31 14:39:06,True,4.6939,0.01479,37.3529,0.5527,0x2d...7822,https://bscscan.com/tx/0xb179744842700c394a8a48a0b8fba0ffc161c1da2b772ba2fd66a770f848caf9
2023-03-31 14:31:33,False,4.6674,0.01472,41.4189,0.6099,0x2d...7822,https://bscscan.com/tx/0x1e518399ee5dbcb6488b244ca02c5635088c06bbf6379c27113ae72a830f3da8
2023-03-31 14:31:33,False,4.6859,0.01478,95.1822,1.40715,0x0f...8280,https://bscscan.com/tx/0x9e55e6960999988119a4403201ef6fe5e7a2415be3989c295a07d9e2dbfb2208
2023-03-31 14:31:33,False,4.7095,0.01485,77.5743,1.15261,0x06...928f,https://bscscan.com/tx/0x77fa0ce89f0edad841a39f73911ecc78f50cb9443393b5da6382d4842691b8de
2023-03-31 14:31:33,False,4.7268,0.01491,47.9482,0.715,0x60...ff50,https://bscscan.com/tx/0x2a987d9cb5d8fd698ff25ebec8f24bcf9b41f19afa6635cfa5fb1444c01cf21c
2023-03-31 14:31:33,True,4.719,0.01488,275.471,4.10129,0xb6...4942,https://bscscan.com/tx/0x0f213404bf919b48270b9279739ac3c533b17da6dc0904356ccb6a0d6c66e3d7
2023-03-31 14:31:33,True,4.6708,0.01473,77.5743,1.14315,0xdd...fdbe,https://bscscan.com/tx/0xa2130e15f81b93a6e4567222afa8fc6cc574660cf6ad6de705118bf79b24def4
2023-03-31 14:28:57,True,4.6286,0.01469,10.0,0.1469,0xbe...1239,https://bscscan.com/tx/0x1c6d2376e1742ba651b6f822dafef8097443e65fe3aa3ade77675031c0c18203
2023-03-31 14:26:24,False,4.6048,0.01462,5.0,0.0731,0x98...b0cb,https://bscscan.com/tx/0xb22d4a26cccdbfd9343adb8f46b4570321a28ab3f79e431f320984491301d324
2023-03-31 14:26:18,True,4.6243,0.01468,31.8236,0.4673,0x2d...7822,https://bscscan.com/tx/0xec7f57a22e45f281216488efca35af963d871917d3ac0abfea1dd7664b662568
2023-03-31 14:22:04,True,4.6433,0.01465,36.1103,0.5292,0x2d...7822,https://bscscan.com/tx/0xe49e16d953b55fb1e5a4db4c8fb6a95aec2d36de067af8e2a1610068bad406ce
2023-03-31 14:20:31,True,4.6281,0.01461,53.1841,0.7774,0x00...78d2,https://bscscan.com/tx/0x87a7cd32a25832647ce8dbe321ec3bc8b178ce24ea1dfb0d50b4cd438d5c0e81
2023-03-31 14:20:28,False,4.6095,0.01456,104.0,1.51421,0x23...91f0,https://bscscan.com/tx/0x1c3200439f2eeb674e298939fbc7ad9e1e78838be11c369ecf072bd3373a34d3
2023-03-31 14:18:34,False,4.633,0.01462,32.0619,0.4688,0x2d...7822,https://bscscan.com/tx/0xf6afe398a168b85b1e198b94c65dca876590f2db898767af314c3bcb8926c04d
2023-03-31 14:18:28,False,4.6428,0.01465,41.1884,0.6036,0x2d...7822,https://bscscan.com/tx/0xfa60146acd06e367f9192d92c5f59b9fa3eb7169dc13f363181aad9e5c850794
2023-03-31 14:18:19,False,4.6534,0.01468,36.2218,0.532,0x2d...7822,https://bscscan.com/tx/0x2f4077e89a4d97208c46e1151d0b7c35be257fa31e395f37e517e9d4f2cc864a
2023-03-31 14:17:40,True,4.6696,0.01474,104.693,1.54315,0x23...91f0,https://bscscan.com/tx/0xca103db14cb7889b9040ceef2985640531464e14055606001a91afd8d6b055c6
2023-03-31 14:16:13,True,4.6475,0.01467,35.6775,0.5234,0x2d...7822,https://bscscan.com/tx/0x9359e54f804fda7c72fc5545238473a6278579b9219b1a1e0b14ab4c5b35f861
2023-03-31 14:15:58,False,4.5994,0.01459,15.0,0.2188,0xcb...d4e5,https://bscscan.com/tx/0x5dd3522d676e8646c15de6cd98718b3660891e59db842163a598a6cce3a2fa53
2023-03-31 14:14:55,False,4.6276,0.0146,15.5435,0.2269,0xcb...d4e5,https://bscscan.com/tx/0x06e4f59918515d7e9af083c34c60b0904bbbaf7ddfb60a9f4aa649e92068a344
2023-03-31 14:13:43,True,4.6584,0.01469,0.2699,0.0039,0xb3...e9f1,https://bscscan.com/tx/0xe18a3abb66fd38fef7d4be7ff94d0f75bb383959a37582148c4dbf24f11950bd
2023-03-31 14:10:47,True,4.6516,0.01467,31.6005,0.4635,0x2d...7822,https://bscscan.com/tx/0x59dbe667a7b6da546854b0b8bac54f4ff9cb5e682568e36a0e6c8d66ebd04cd4
2023-03-31 14:08:38,True,4.6417,0.01464,37.4463,0.5482,0x2d...7822,https://bscscan.com/tx/0xa23a102f5a27a6c1803f2b8a20b775c765a1ef3ebccc9fafce2ae7ad35bbf039
2023-03-31 14:08:29,True,4.6327,0.01461,29.7284,0.4344,0x2d...7822,https://bscscan.com/tx/0x8f43d9fdf958032d542e39590eb3a6be9916821b38b72dff409f08356fee5326
2023-03-31 14:04:47,True,4.6236,0.01458,35.6797,0.5203,0x2d...7822,https://bscscan.com/tx/0xc74d028ad88265d26758ec3fadef73d3462aa13ebeb36ec527bddd5b45486f55
2023-03-31 13:46:16,False,4.6017,0.0145,30.0,0.4352,0xcb...d4e5,https://bscscan.com/tx/0xa45ca80641930fd4554f66c9b96a815d78df9222359d74f8dd19dabb71727493
2023-03-31 13:36:04,True,4.6238,0.01458,31.8248,0.464,0x2d...7822,https://bscscan.com/tx/0x7c00a410d3bf22f2b03d982c26d492deb525811720580d3932eef7b079f426cd
