datetime,buy_order,price_USD,price_native,amount_token,total_native,maker,etherscan_url
2023-03-20 08:09:18,True,4.1484,0.01245,35.2754,0.4393,0x2d...7822,https://bscscan.com/tx/0x3976390aa1624d785506dc699b89900dc025b8d823873c3d97043bf228f4ad7c
2023-03-20 08:07:24,True,4.164,0.01244,6.63899,0.0826,0x2f...be22,https://bscscan.com/tx/0x56455c7497016ce25700e83387349e002b881ab6cf3e01bff47569a72d6bff84
2023-03-20 08:03:30,True,4.1567,0.01242,35.4264,0.4402,0x2d...7822,https://bscscan.com/tx/0x63fecae674778edc5c2c4075309c470a6044f39e63d7e82f4184c727dfaa5179
2023-03-20 07:52:57,True,4.147,0.0124,37.2198,0.4616,0x2d...7822,https://bscscan.com/tx/0xcda782ed2904e0ccafc1ca6f44c42fb3ca4c7b22ed3a695b65765abd7cf5fcd2
2023-03-20 07:51:33,True,4.1252,0.01239,0.807,0.01,0x6f...2891,https://bscscan.com/tx/0xd93f32ddf305714d946b893a5dbb872b9108b34d6a50887cd887caf811421d95
2023-03-20 07:51:30,True,4.1212,0.01238,35.6828,0.4417,0x2d...7822,https://bscscan.com/tx/0x54d354f875f531f8d719a26bc89dcf8d95825ca83a4b048e23ee7ff107566a4a
2023-03-20 07:51:18,True,4.1173,0.01236,0.8085,0.01,0x6f...2891,https://bscscan.com/tx/0x0bffe2136051d4d913aed66da4c40f90c56a90c5f0ee4452d3a12704b0655775
2023-03-20 07:51:15,True,4.0934,0.01229,220.211,2.70768,0x2d...7822,https://bscscan.com/tx/0xecbc0691e384e01dc2ba30daf08203ef442271cc3eec9705a3ccc7b219948f7a
2023-03-20 07:51:15,False,4.0786,0.01225,272.503,3.33853,0xc8...2ad1,https://bscscan.com/tx/0x3665269bea30ce099fbb0af29965db5c8fff786c7c6079ac3a119eff7a87b180
2023-03-20 07:48:06,False,4.1305,0.01234,6.9027,0.0851,0x2d...7822,https://bscscan.com/tx/0x2601c01bfda219efad24f93dfb6862f7a1693305a99d0c1953204363a9e44686
2023-03-20 07:48:06,False,4.1371,0.01236,53.8007,0.665,0x00...78d2,https://bscscan.com/tx/0x3028aa3150aecd0998d1292721ab373d909205fab65e6aef5b3d3c25a2d10431
2023-03-20 07:42:40,False,4.1513,0.01238,23.1041,0.2861,0xb5...31bd,https://bscscan.com/tx/0x12fd8ca72af40a138a46f79247392f3dc49d6e1e1d69e63b02693eec4e93e3c5
2023-03-20 07:41:42,False,4.1618,0.0124,46.6918,0.5794,0x2d...7822,https://bscscan.com/tx/0x7dc5ab94ea5f6445cdf4aedda642261d4b7c52fe95bcc3ca94aa449e5abe0be0
2023-03-20 07:22:51,False,4.1827,0.01243,35.1666,0.4373,0x2d...7822,https://bscscan.com/tx/0xcb34a671f7b89b193d87802f20034e657e648ea39856c823bef6462844f4510a
2023-03-20 07:15:57,False,4.1658,0.01245,17.0,0.2117,0x78...5d96,https://bscscan.com/tx/0x7241839f7bf1964befa90d55c7b7f0ac53ab19294201ae526da423648cb034db
2023-03-20 07:10:04,False,4.166,0.01247,41.3339,0.5155,0x2d...7822,https://bscscan.com/tx/0x1f760c2e86f5b06e49d06578189c51642e2f246ab9d722dfc232a18101dcceae
2023-03-20 07:05:33,False,4.1684,0.01248,7.14194,0.0891,0x79...ccc4,https://bscscan.com/tx/0x28545022fe2a4b26f1da864289138dfd8e28fbf2b20b7554af05dbbefb7acca5
2023-03-20 07:03:06,False,4.1744,0.01251,61.5466,0.77,0x2d...7822,https://bscscan.com/tx/0xa7794e304a0ee127bc455edaca6c5223e76ae6048ebf233dcb7148c145ef75af
2023-03-20 07:03:03,False,4.1858,0.01254,41.0649,0.5151,0x00...e049,https://bscscan.com/tx/0x59acd9df54219e7803fd2ae15a68533690c1cb1cbbd4f669ce6ce1f4e88b254e
2023-03-20 07:03:03,True,4.1928,0.01256,166.114,2.08748,0xb6...4942,https://bscscan.com/tx/0x74ff06bc2f2ca956743ec3615775c07bcea847b214b2250b01abf41a544c746e
2023-03-20 07:02:33,True,4.1899,0.01249,38.3396,0.4791,0x2d...7822,https://bscscan.com/tx/0x9526a986f9a31248e46fc8c3ecf036279a7a773dc106572ceb95e0f05aae3353
2023-03-20 07:01:16,True,4.1803,0.01247,43.0401,0.5367,0x2d...7822,https://bscscan.com/tx/0xa0dc073a92bd340f5b08e0f828d264251c4949de00b8a420faeed1ca54d500ea
2023-03-20 07:01:04,True,4.15,0.01244,44.3027,0.5512,0x2d...7822,https://bscscan.com/tx/0x5d8ab6ab7854cd09f057f90155fddc9c162c8cef9181162a4a9a01b58e074c50
2023-03-20 06:46:09,False,4.1494,0.01237,39.8513,0.4933,0x2d...7822,https://bscscan.com/tx/0xc73cafc2c3426816c91d78a8747cdb8d088946f426d24993008a0b971fd8dfde
2023-03-20 06:14:06,True,4.1578,0.01244,33.8333,0.4209,0x2d...7822,https://bscscan.com/tx/0x46e36b2a7f75b3bebb29e659afea2103f164cbac244a5acff9e607541a08c424
2023-03-20 06:04:54,True,4.1466,0.01241,39.7418,0.4935,0x2d...7822,https://bscscan.com/tx/0x057ced694fc569f99031b0b920516feeaeac1a4b8e254a4599ee75834c71c937
2023-03-20 05:59:30,False,4.1262,0.01235,37.9611,0.469,0x2d...7822,https://bscscan.com/tx/0xa4f3d3974818cd6f2783583fffa026bd535d094deb6f3f4f80b54e3a71c82e5c
2023-03-20 05:52:21,False,4.1414,0.01237,18.8607,0.2334,0x1c...7d73,https://bscscan.com/tx/0x66d0f244ea5aa5092ecbe203514e4a28ac97d86d64aac2be51349b2521488fd8
2023-03-20 05:16:18,True,4.1392,0.01243,36.3545,0.4519,0x2d...7822,https://bscscan.com/tx/0x4c9c67d85b4956fdb1b354a17c4d9016a964d6a9c32148bcabacb5b235a7ab10
2023-03-20 05:12:03,True,4.1262,0.0124,48.0074,0.5954,0x2d...7822,https://bscscan.com/tx/0xcf68b681d18b95eec08a543c55cc5145116224c2f8bbc82f3379ddd73448e17b
2023-03-20 04:58:24,False,4.124,0.01234,50.1478,0.6189,0xa4...67ec,https://bscscan.com/tx/0xbe34d1c3d2da27b5d596925f2c43c8e3eac91fb56d204e63499a1d7d7d21e862
2023-03-20 04:54:51,False,4.113,0.01237,57.1123,0.7068,0x05...7eea,https://bscscan.com/tx/0xaf927ae97756bca03220abfdc5223e1e14f152e575c04ba478c2b8ec64a53b12
2023-03-20 04:44:15,True,4.1572,0.01244,47.8154,0.5949,0xb3...55e7,https://bscscan.com/tx/0x55609814103ae195fc0a6857374273d4c2c56a6be18d6f08dda06ba8fe156aab
2023-03-20 04:38:54,False,4.1367,0.01237,20.0,0.2474,0x1c...7d73,https://bscscan.com/tx/0x7ae298ddd05ed87d8b76285638e42fa25506058a6e4d4dfce91be176ce62fd73
2023-03-20 04:31:33,False,4.1471,0.01239,66.4656,0.8241,0x05...7eea,https://bscscan.com/tx/0x1232f189a7b192d7c8bc60b50444ad2bf36af2aca6b499bbfbfee0fca5f3601f
2023-03-20 04:30:48,False,4.1391,0.01243,36.3142,0.4515,0x2d...7822,https://bscscan.com/tx/0x2a4163802c9b0002e3fc12efe537c686b175bd26262516bc79e44245212cd72e
2023-03-20 04:26:09,False,4.1689,0.01246,53.0141,0.6606,0x2d...7822,https://bscscan.com/tx/0xec953f55497a1b605725f3ad132038c077ad41a4e28ab2a0048dd66d1423ac5c
2023-03-20 04:25:57,True,4.1743,0.01254,3.02511,0.0379,0x90...48cd,https://bscscan.com/tx/0x1288904b980bf9fadea769872a223027f6ded4fe430e76a7bb27cc6074714c69
2023-03-20 04:25:33,False,4.1617,0.01249,38.928,0.4862,0x2d...7822,https://bscscan.com/tx/0x147ba58e50378f02ad499eec0f2e0676b5c94709277ecd47b9b85da1c9363c94
2023-03-20 04:24:39,False,4.1744,0.01252,48.0348,0.6013,0x2d...7822,https://bscscan.com/tx/0x3d429200caf63b71f1b049272208e90cc7e52b498ac5176554cb6df1d0d58e3c
2023-03-20 04:24:09,False,4.2104,0.01254,35.8879,0.4503,0x2d...7822,https://bscscan.com/tx/0x6c62c5f63c0e4d00cd5a117d9a5539673368b47a57e523ed4c14a8fe2ef39793
2023-03-20 04:23:18,False,4.223,0.01257,36.1453,0.4544,0x2d...7822,https://bscscan.com/tx/0x6968ca9f9d0710719a3b501231b721a0b0b2eda6ab9924e54744220f0231d4df
2023-03-20 04:23:15,True,4.2462,0.01264,18.1948,0.23,0x42...4119,https://bscscan.com/tx/0x9a29e6a07c3712fc5023301faa380ed3a274310b80e5efefba0b203f167882f3
2023-03-20 04:23:15,False,4.2271,0.01258,36.7569,0.4625,0x2d...7822,https://bscscan.com/tx/0xc9b2e550b09e9bbbb356e5e69f4cb257cb43cdf50ef51407087cd215bc57b4c5
2023-03-20 04:22:03,False,4.2394,0.01261,45.5618,0.5746,0x2d...7822,https://bscscan.com/tx/0x8ba573ba165baefcbf57f0c113b895b316af3b7fb3892f27fbab155f93c197d7
2023-03-20 04:21:27,False,4.2507,0.01264,45.8496,0.5796,0x2d...7822,https://bscscan.com/tx/0x83329990a59381690254a834337dc746baee6d1ec01f15491d15b6a77a711ea0
2023-03-20 03:54:37,True,4.2475,0.0127,42.6892,0.5424,0x2d...7822,https://bscscan.com/tx/0x5bbd9f5ffa99568481eaa4822249f0034490a6125891e512b534600cb6e861b8
2023-03-20 03:42:23,False,4.2497,0.01264,36.5639,0.4622,0x2d...7822,https://bscscan.com/tx/0x0f90d45a4bdb95c1e5b189cee876cc781ac5039c88d89222451de6a8c1603169
2023-03-20 03:41:26,False,4.2374,0.01266,37.2701,0.472,0x2d...7822,https://bscscan.com/tx/0x9448b07fab98bed4d04bbde9c5ce2f817ca3d0e7d40362c335fe22475ca6c587
2023-03-20 03:40:03,False,4.2685,0.01269,34.0596,0.4322,0x2d...7822,https://bscscan.com/tx/0x40ee4663aa1060d100498fc8f9aef2cdab4d03c1bb5425116915a4728928ad55
2023-03-20 03:39:15,False,4.2842,0.01271,38.8062,0.4934,0x2d...7822,https://bscscan.com/tx/0x5c40a1bc738522e8f15fd4aebb03d1940e1a20b3a4fa62d65b4f90a6b3ca7a3a
2023-03-20 03:35:47,False,4.269,0.01273,15.0,0.191,0x2e...f345,https://bscscan.com/tx/0xcfd7e0281aa40567d02473878dd882e0033d6c8de6897f8724a2e3e7e30376b5
2023-03-20 03:07:41,True,4.3136,0.01279,23.1041,0.2956,0xb5...31bd,https://bscscan.com/tx/0xe2d8ab6dba03dd99c7ee7131fa5898ad8222605ac0c9657a10de0a216964a7bc
2023-03-20 03:04:09,True,4.3135,0.01277,39.9817,0.5106,0x2d...7822,https://bscscan.com/tx/0x6790704f1cdc8c76badb45e708160b88551d92f3ea44a7e77edc3c77f5eaf9c5
2023-03-20 02:56:33,True,4.3033,0.01274,34.7402,0.4428,0x2d...7822,https://bscscan.com/tx/0x8b9c1e0823f57d4d4e79f65d4a1dc10c484decfa59654be8c9f7fba96770d7b8
2023-03-20 02:56:18,True,4.2943,0.01272,37.6454,0.4789,0x2d...7822,https://bscscan.com/tx/0x0a557d51a39f78583a8aa077abbe5751b34caef0859404825aae2ff81a377296
2023-03-20 02:32:09,False,4.2667,0.01266,48.9623,0.62,0x62...1f10,https://bscscan.com/tx/0xeb4cf8d4facd0ff13e282266f4b4826f1c1eba8e37e358e57df62140b98d7d57
2023-03-20 02:12:26,True,4.2661,0.01273,38.2223,0.4865,0x2d...7822,https://bscscan.com/tx/0x2cbb57e4a46df62181c866241a975c193fca6663572e86921de113151337c5e6
2023-03-20 02:12:11,True,4.2406,0.01271,0.7039,0.0089,0x93...899d,https://bscscan.com/tx/0xd1566518a68a097013b6cf86a6c9fc7d46f5823ed2ad5c91cc851a4adecf5dd6
2023-03-20 02:10:44,True,4.2585,0.0127,34.5432,0.4388,0x2d...7822,https://bscscan.com/tx/0xffe8db3a607d589d2d071932924b18be25d2ff180a4f7487b983ae1cc574ce37
2023-03-20 02:06:38,True,4.22,0.01266,88.3065,1.11825,0x2d...7822,https://bscscan.com/tx/0xa16eb0e8b777755c0e1af4cdef77e76ee38d4f828161de1b06921335f1a4fba3
2023-03-20 02:06:38,False,4.1983,0.01259,82.2898,1.03669,0xb6...4942,https://bscscan.com/tx/0x33e47287f3b625a1b0f007d9c6089f83e5bbcc66eceb6108bbac4b92f5d09ad0
2023-03-20 02:05:23,True,4.2461,0.01267,36.431,0.4618,0x2d...7822,https://bscscan.com/tx/0xa41ef7820d10107dbefff7333d18f1f879d481fc11abcbd9eb6d649b83f9dbf4
2023-03-20 02:05:02,True,4.2356,0.01264,59.6235,0.7538,0x2d...7822,https://bscscan.com/tx/0xf96dffb80317abb7cba048874223a862256eab76219815bb63e1afe26af71896
2023-03-20 02:05:02,False,4.2136,0.01257,51.89,0.6527,0xcc...e622,https://bscscan.com/tx/0x092a56fcf9fdbcf6fc3ff0b7087512a219d553adc8bc232654486105f69f4de2
2023-03-20 01:59:32,True,4.2504,0.01264,34.4459,0.4356,0x3f...fcc6,https://bscscan.com/tx/0x29346750eb489f19e9b37fc275f246ca2c437430611f4a2c7eec32a62a015574
2023-03-20 01:58:59,False,4.2083,0.01258,38.0193,0.4784,0x2d...7822,https://bscscan.com/tx/0x05a2ee04202df8f989f5cf6d9e4944123034b90bcc62f7a7121b9315f46a9146
2023-03-20 01:58:44,True,4.244,0.01262,103.509,1.30695,0x3f...fcc6,https://bscscan.com/tx/0x5c49fab7a346c9f2a5dab783d7e71b9821387f7977010f17cf0525b1df9ce8cc
2023-03-20 01:54:44,False,4.1953,0.01253,27.4299,0.3439,0xb6...4942,https://bscscan.com/tx/0xc556f29c35fbca5dfcd8b1227593c9133e3d9565e036537fe60e81f033b87757
2023-03-20 01:47:47,True,4.2415,0.0126,2.38934,0.0301,0xbb...c106,https://bscscan.com/tx/0x9f6a7f4787117c23bd390d58ffedecf3b6098b840662782190dffb2b6fcb6f97
2023-03-20 01:44:38,False,4.2154,0.01257,100.0,1.25789,0x58...cb9d,https://bscscan.com/tx/0x5846b571b121c3c95e4ac26a962845a82658cc90613c8d97524cb5f1116e0133
2023-03-20 01:42:32,False,4.2294,0.01262,37.9141,0.4786,0x2d...7822,https://bscscan.com/tx/0xc7229eb1f96cf7bc429082c8ff73444b94527530defd398eec39de55fef1d537
2023-03-20 01:36:42,True,4.2506,0.01268,43.8265,0.556,0x2d...7822,https://bscscan.com/tx/0x869b6a20c10096f3d40499ed4f666158c67504951cfd030519a002134a66dfa1
2023-03-20 01:34:24,True,4.2385,0.01265,37.2373,0.4713,0x2d...7822,https://bscscan.com/tx/0xf9687a768049f2ad60a4659e2a70f4e428372ed76d2f3a939262f90237163f2b
2023-03-20 01:32:27,True,4.251,0.01263,37.7053,0.4763,0x2d...7822,https://bscscan.com/tx/0x4618b5b999965d3e6e25e396b0a503b543b1c7f121dfa6109d90a21a14ae45c6
2023-03-20 01:31:24,False,4.2306,0.01257,40.8792,0.5139,0xa9...8cb3,https://bscscan.com/tx/0x71cb7d1bd6cff9481a8bc8facc3aad8f5a5c35924e3d06c14f69ae56ae87245f
2023-03-20 01:30:39,True,4.2522,0.01263,35.1694,0.4444,0xd3...dd01,https://bscscan.com/tx/0xb02341cad1625c8acfcec76683d84ccc58f4c0b7ee185d88ae1d3d8ec1d98799
2023-03-20 01:23:12,False,4.2778,0.01272,281.46,3.5803,0x4d...74b8,https://bscscan.com/tx/0x8c998fe25be26ab6bcedc8965cac2a3499a145f7b529ec184ec79f305ba440e4
2023-03-20 01:23:09,False,4.3307,0.01287,176.715,2.27568,0xdb...8aba,https://bscscan.com/tx/0x7244c11fe0bc87ff31bd3d8a4060b7e1b525785234312027e9dbb5edf7df5f51
2023-03-20 01:23:09,False,4.362,0.01297,90.4498,1.17321,0x10...64d7,https://bscscan.com/tx/0xe9588917c022541c7999e80a252336880a80bc8cc4be0989252a5c062649bbae
2023-03-20 01:23:09,True,4.332,0.01288,532.166,6.85514,0xf3...9414,https://bscscan.com/tx/0x79d4df5510a69abe960914c3c896aa72b75887442279a1200da99730653f85b0
2023-03-20 01:19:18,True,4.2398,0.01261,68.1737,0.8598,0x2d...7822,https://bscscan.com/tx/0x3c1a813116b8d116e677824897fb1dd13f31c4f412ca65f77d332a3269fbb452
2023-03-20 01:19:18,False,4.2233,0.01256,109.72,1.37839,0xb6...4942,https://bscscan.com/tx/0x2e217268ac1d4e5e2cea9dfcd7fc6a2a495ba79b3ec265609aedfcb514c57b7b
2023-03-20 01:16:51,True,4.2545,0.01266,0.2952,0.0037,0x34...8793,https://bscscan.com/tx/0xdbd50f6a443521253bad4ecacd25e96bef8b8a459892e2118852d31c55cd00f0
2023-03-20 01:16:36,False,4.2393,0.01261,54.3002,0.6851,0x00...78d2,https://bscscan.com/tx/0x71e10f2f350a31535ea9749b7d0bff40caba782fe0125299ec8644ee1b641494
2023-03-20 01:12:39,False,4.225,0.01264,19.62,0.248,0x0f...2b78,https://bscscan.com/tx/0x769ae55c0119f64334308f81c3b09f3b83ed95d557e0e88e62088d663575ef83
2023-03-20 01:05:15,False,4.2519,0.01266,54.8892,0.6953,0x9d...6dab,https://bscscan.com/tx/0x174facdabc375fbf924464cbdb70808003629d30bc1e69acf9d2c4aa0779e052
2023-03-20 01:05:09,False,4.2634,0.0127,46.6168,0.5921,0x82...2196,https://bscscan.com/tx/0x54e8a8cc79738d065a8503f235d5b7ffd2016ebf508e0eeb5d12e57d19fd667d
2023-03-20 00:54:42,False,4.2701,0.01272,13.7489,0.1749,0xfd...c948,https://bscscan.com/tx/0x69e68fa61b8d8adc0ed7c4996048f969e27a6591b0311c553f427ab29929cf5f
2023-03-20 00:54:27,False,4.3043,0.01274,50.92,0.6489,0x16...4027,https://bscscan.com/tx/0xf5fe3df1f5ac74e1c635101b767ac6f4abe7a9062e2b412ef95c4db5a38ecde8
2023-03-20 00:54:15,False,4.2939,0.01276,20.1021,0.2566,0x2d...7822,https://bscscan.com/tx/0xff51c1b2370de4a4f893bf6b171ecc104ebb4a0a7c49ea7beb7f2476f957e600
2023-03-20 00:50:45,False,4.3301,0.01278,36.4584,0.4662,0x2d...7822,https://bscscan.com/tx/0x0504518d87fe40a8139cd857820e5b4ee624d7c82741de8a5bf8f55967b46743
2023-03-20 00:49:00,False,4.3171,0.01281,39.9618,0.512,0x2d...7822,https://bscscan.com/tx/0x4e01526840a7d1ce1ba63c0181d83ac71d214d1c557d3e48a938dd4143deacce
2023-03-20 00:48:54,False,4.326,0.01284,36.8297,0.4729,0x2d...7822,https://bscscan.com/tx/0x977d0bdb4cc50a1a974327670c3f6d2fdc9af103ebef2ad09b839339af97f55b
2023-03-20 00:40:00,False,4.3444,0.01286,27.0444,0.3478,0x2d...7822,https://bscscan.com/tx/0x59df6cff66d98150b8dc7694bb0a632dbc1cb92a9b274e8421fcc67a94e0f65c
2023-03-20 00:40:00,False,4.3585,0.0129,93.1441,1.20201,0x11...a5bc,https://bscscan.com/tx/0x593a3f84fa7250c7cca3c37e5ec2dfb78550cda07972421299a6f6cdd96d8b73
2023-03-20 00:40:00,True,4.3779,0.01296,113.636,1.47299,0xeb...1447,https://bscscan.com/tx/0x264a60e58850a8805eae46ca9415434b1123fb054f35b73cbc537251e05e9f22
2023-03-20 00:15:16,True,4.3833,0.0129,46.1443,0.5955,0x2d...7822,https://bscscan.com/tx/0xe2f74cc59de69e7ff487c5df79dfbd4e7c927a2b3050e492847229565ed90824
2023-03-20 00:14:37,True,4.3722,0.01287,43.8,0.5639,0x2d...7822,https://bscscan.com/tx/0xe115a5f6f1bedd5cf66281c9fb1e99feb3c53b7b9e7ce1daba813ff3de69b910
2023-03-20 00:14:22,True,4.3404,0.01284,39.0863,0.5021,0x2d...7822,https://bscscan.com/tx/0x25263b730c78272d5a9d616ff46951d5cb06916773d78063dacfc1fc423c3fde
2023-03-20 00:09:16,True,4.3499,0.01282,31.3658,0.4021,0x2d...7822,https://bscscan.com/tx/0x6f0054880c24e3f38369fdc316dd2108ca47f5eee027d9fe825d01074aebfd0e
2023-03-20 00:09:10,False,4.3338,0.01277,79.4573,1.01505,0x25...abbc,https://bscscan.com/tx/0xcf03fb8d2551e50feb7fd2f66dd424e3ba1031529b1fdf7efce32c0ec6b109e3
2023-03-20 00:06:22,True,4.3416,0.01286,11.4586,0.1473,0x4e...3901,https://bscscan.com/tx/0xd0aea838c1938448f62170f05daff98d6078e7b1208bd179b218442f7869496c
2023-03-19 23:52:45,False,4.3458,0.01281,58.9812,0.7558,0x82...2196,https://bscscan.com/tx/0x3b3a3e0e9e4036cd5b286059d753a3129709e561e90e0ae52e7337a7b2da695f
2023-03-19 23:51:40,False,4.3388,0.01285,67.0761,0.8624,0x00...78d2,https://bscscan.com/tx/0xaef102cd66f8805c24c25ddc8b8f23a7c02bc004d9558a140182b25de36e3611
2023-03-19 23:51:37,True,4.3639,0.01293,38.792,0.5016,0x05...ca10,https://bscscan.com/tx/0xd709f2cf0bcfe04d03a81b5544d904ea34a54ab68fa1985d3a67ebc3bda3380a
2023-03-19 23:51:37,False,4.3671,0.01294,250.982,3.24813,0x11...a5bc,https://bscscan.com/tx/0x513c933f61259a3244838cd1838d44302e5177d57785e5eb28cdc8977a65fed2
2023-03-19 23:51:37,False,4.4149,0.01308,151.68,1.98449,0x2d...7822,https://bscscan.com/tx/0x717756bd6f0e4e644cc672fe53e8a200d5a2bb4f731fbaa74fffdb70166e69d6
2023-03-19 23:51:37,False,4.4458,0.01317,104.825,1.38107,0xbd...a89e,https://bscscan.com/tx/0xd5a211b61555a6e51a975b9a77f8273fb0473a0210e85d30d9ccf457bebb173b
2023-03-19 23:51:37,True,4.4165,0.01308,532.062,6.96372,0x50...8863,https://bscscan.com/tx/0xf0c802147b0a312576ee5c2e86a3591ede6a236e1dffc9c66483f833a7e312a8
2023-03-19 23:46:44,True,4.3444,0.01288,41.0829,0.5294,0x2d...7822,https://bscscan.com/tx/0x2aea0087453b99d2bb2f9fcadec5de6070923a306a41528ae8335ae895059e64
2023-03-19 23:45:14,True,4.356,0.01285,36.9319,0.4749,0x2d...7822,https://bscscan.com/tx/0x07e829e54e06335d64735f1a9fd43e3c4b60f9e5d49aadb6b5f8f65941b48189
2023-03-19 23:37:26,True,4.3422,0.01283,35.3694,0.4539,0x2d...7822,https://bscscan.com/tx/0x879e9f1a1ed0f63990c074e72942ac424a84e90bd1e4579330637bcd72033347
2023-03-19 23:26:41,True,4.3408,0.01282,2.50546,0.0321,0xdc...c6dd,https://bscscan.com/tx/0x683b1121495d1d83bb1eca63ad56966ee44c8af1fa9f7216d26c868394595905
2023-03-19 23:26:05,False,4.3029,0.01277,45.7841,0.5847,0x2d...7822,https://bscscan.com/tx/0x58421e7d8319e13e6f8d0be901ea87451e9e4c1bb5dd4cfb4c0bf7876318f262
2023-03-19 23:17:44,False,4.3105,0.01279,13.0896,0.1674,0x4a...b1ed,https://bscscan.com/tx/0xe807ebb16fbedc6bac7b52bb8b36aee218ef898ad2db30af18c608c2d8bd29d2
2023-03-19 23:04:56,True,4.3368,0.01283,74.2467,0.9529,0x2d...7822,https://bscscan.com/tx/0x61de7eb481d6e094fbff67131568704b728bd2b54f1c1787492f4f1173af56f8
2023-03-19 23:04:56,False,4.3197,0.01278,112.875,1.44305,0xb9...d043,https://bscscan.com/tx/0x5a9b527444c3ae5ce4b0a49a9d43865418ab774bc5fe7735f90ebb75da91ed53
2023-03-19 22:58:26,False,4.3447,0.01284,48.6362,0.6244,0x71...69e3,https://bscscan.com/tx/0x11cf1efb14d3d4d78db2eacbf851501e3442e72fccdd38df09573134e840f90f
2023-03-19 22:53:35,True,4.3553,0.01292,3.11679,0.0402,0x0e...2f4c,https://bscscan.com/tx/0x1289436f6e6b7962c68f4a2f75bb8ee0521d956c099bcf91496158e503b924d3
2023-03-19 22:53:29,False,4.3384,0.01287,44.9583,0.5786,0xe3...d2ff,https://bscscan.com/tx/0x55f9827dc5dc8ec561564d0af244966c80c8fbd1a6b800e98d6ee4f93ed0476f
2023-03-19 22:52:17,False,4.3682,0.01289,24.0357,0.3099,0xac...3788,https://bscscan.com/tx/0x57564288a6a38c115719c8e041c049f21800d465ebb8a0b7c5ca6ebda18788cc
2023-03-19 22:51:02,False,4.3576,0.01291,44.2984,0.5722,0xf9...5ebf,https://bscscan.com/tx/0xe5d28a1e4b6035d8f46bd8c50e7046a732dfe883ca0b9f3b92dbada20f1c1aa5
2023-03-19 22:50:41,False,4.3901,0.01294,45.8066,0.5931,0x43...fe22,https://bscscan.com/tx/0x1d690a00fc793e5b7ef1d9c73d7593f3400aba194e2a350105a69fa247b44072
2023-03-19 22:43:26,False,4.4045,0.01298,50.462,0.6551,0xe3...d2ff,https://bscscan.com/tx/0xc989f79d989f55fae742e163b5ec25a9025405aab44d9898a43c61c7029a298d
2023-03-19 22:38:08,True,4.4095,0.01306,2.99484,0.0391,0x0e...2f4c,https://bscscan.com/tx/0x9dcc0460a56d19c042fa4a2663ce4becc432b9ae7fffeb332673ba78b3985533
2023-03-19 22:38:05,False,4.3913,0.01301,35.275,0.4589,0x2d...7822,https://bscscan.com/tx/0xe26a19c733dde9b947d5c3e16cf443f62801175601ff02822a9646d8e53207eb
2023-03-19 22:36:23,False,4.4002,0.01303,36.4119,0.4746,0x2d...7822,https://bscscan.com/tx/0xa7091d6ab0a96f38fef5bce36ff7479e2a1939da4bc76bfe94dd1d3c0c08cc6c
2023-03-19 22:31:17,False,4.4096,0.01306,33.6002,0.4388,0x2d...7822,https://bscscan.com/tx/0x33352fd859ba1d0d347f3e0736e6ec712acc6395e5774aec429d6d6c9020f29c
2023-03-19 22:31:11,True,4.4331,0.01313,22.4619,0.2949,0x1c...7d73,https://bscscan.com/tx/0x87b2173fb53aebd5795d5821dee93a54e098815bdb387e32e08e0013f317af0e
2023-03-19 22:10:46,False,4.4385,0.01308,90.4145,1.18347,0x2d...7822,https://bscscan.com/tx/0xe1c307a3336b7473d589eed81c0a18a7f226edc32cecbb7829528cf5e7610da7
2023-03-19 22:10:46,True,4.4581,0.01314,112.148,1.47442,0xef...5804,https://bscscan.com/tx/0xba52bf09cbbfe6cee19d6d9167f81d9a4fa4b72db51801de7c0e2d9bdbc563e2
2023-03-19 22:08:28,True,4.4349,0.01309,32.4272,0.4246,0x2d...7822,https://bscscan.com/tx/0xaa991cb9f2af48e2c4f6cefe2b7335e8fc05c8d0dbfd0060bc1d854389c6e901
2023-03-19 21:52:16,True,4.399,0.01309,0.8963,0.0117,0x8d...c721,https://bscscan.com/tx/0xbf5123f566bf413897545f8ef7420737c5d7d816647057bd811b73574320bd80
2023-03-19 21:45:48,False,4.3742,0.01303,34.1152,0.4445,0x2d...7822,https://bscscan.com/tx/0x38e64dc22bcc02212a47f3b90216399b34ccfcd6baccf6c048e5d5d874806974
2023-03-19 21:41:30,True,4.3932,0.01309,46.9961,0.6152,0x2d...7822,https://bscscan.com/tx/0x20f66ec0eecf56dce1cfaaf49540de854244d4e1322953cd7d5f151eb76fce60
2023-03-19 21:39:06,False,4.3827,0.01301,24.3204,0.3165,0x2d...7822,https://bscscan.com/tx/0xee4fdaf1dc936ce68553ac96b6dc92ab76f423fa80c93a6e6520180e10cabb5c
2023-03-19 21:39:03,False,4.3948,0.01305,77.0782,1.00613,0x00...78d2,https://bscscan.com/tx/0x1d6ea8af7462f343fbd66ff900d91c6df66a8c28375a12ba38f04389be68c069
2023-03-19 21:37:57,True,4.4682,0.01314,1.2,0.0157,0x6b...9cc2,https://bscscan.com/tx/0x51936a5e2312e43cec84860e0041e69535f4767a994660233478779c191d8162
2023-03-19 21:37:57,False,4.4559,0.0131,83.3872,1.09316,0x00...78d2,https://bscscan.com/tx/0x967fcbfd39c83e5b221a4d7fd86de245cdba76e2dc41c9b863dc041259fc75ac
2023-03-19 21:37:45,False,4.4533,0.01316,74.648,0.9828,0x2d...7822,https://bscscan.com/tx/0x3f02446d560a3d415a252663b6386c4bb7c77d99bb5180d4b6f5b34d0efd1a9a
2023-03-19 21:37:36,False,4.469,0.01321,54.4775,0.7197,0x2d...7822,https://bscscan.com/tx/0x7a7af1e69f12931f0a332caf096b38315d5e5ffa953a7cdee8e30616d20a9d27
2023-03-19 21:36:09,False,4.4806,0.01324,33.1561,0.4391,0x2d...7822,https://bscscan.com/tx/0x0f7d7f7458ca3426af067db3383344b86fcff9024665950657b6b7727c449f02
2023-03-19 21:24:05,False,4.5156,0.01326,36.2727,0.4813,0x2d...7822,https://bscscan.com/tx/0x679b3d6bf2aaf8bd6b9910938a93a421b2457189992359e6f0cd9b69fb9d3497
2023-03-19 21:23:47,False,4.5012,0.0133,48.159,0.6405,0x0e...7558,https://bscscan.com/tx/0x8329cbc145e307b8b404ecdb10e8ae951de3d7f04b38c16691f16f4f7a3bf4a4
2023-03-19 21:23:38,False,4.5121,0.01333,40.6003,0.5412,0xed...4f31,https://bscscan.com/tx/0x28170c85ec61f8fbe05107c07a44844492216171c613ce0a6134852186e4acaa
2023-03-19 21:20:35,True,4.5596,0.01339,42.6552,0.5715,0x2d...7822,https://bscscan.com/tx/0xd98d0f35ff706463ed4f3251237c3fd7eaf1e9c75c8dab0b44abdd4d75608d59
2023-03-19 21:20:29,True,4.5492,0.01336,41.4643,0.5542,0x2d...7822,https://bscscan.com/tx/0x2efbc2c2f7c461681a8aaabdbdb974f2e28f720ba6ee3791cf16360891c76fa4
2023-03-19 21:18:47,True,4.5173,0.01334,30.8429,0.4114,0x2d...7822,https://bscscan.com/tx/0x19fc7381bc9d4866a8aca7d901c8a25cdc5ad768524255317aef110b56038cb7
2023-03-19 21:18:17,True,4.5083,0.01331,34.9785,0.4658,0x2d...7822,https://bscscan.com/tx/0xc7b089ac4a001098fd31818931caf86b0e3c0b98d087d437ee8fd2a4698cea70
2023-03-19 21:18:02,True,4.504,0.0133,1.40933,0.0187,0x2d...7822,https://bscscan.com/tx/0xd13149a63aab69d318f0c36ae2e5a862ad8b7abc502fa4665f392d2feb4699ad
2023-03-19 21:18:02,True,4.4974,0.01328,51.574,0.6851,0x00...78d2,https://bscscan.com/tx/0x9e417d7bd9e674ce1ee7464bfd0d18bb277ee592d5220a7bdb9197275ee8eb3f
2023-03-19 21:17:56,True,4.4867,0.01325,35.5102,0.4706,0x2d...7822,https://bscscan.com/tx/0x8f6448da3c83ba48cfddd079e030186cf05e5567d3dbb5d049f74dc1ad4949df
2023-03-19 21:14:23,False,4.4721,0.01319,51.7969,0.6833,0x59...4241,https://bscscan.com/tx/0x4532c20922028f4d267e7237fcfd5fefdcd58eb699263259e00b71e3256ee415
2023-03-19 21:13:38,False,4.511,0.01323,53.1891,0.7037,0x2d...7822,https://bscscan.com/tx/0x605ce2230a53e0ea598f5fe4322cbc0e0a97acdeb8022c018fb1b17f4febce26
2023-03-19 21:13:08,False,4.523,0.01326,37.0006,0.4907,0x2d...7822,https://bscscan.com/tx/0xc1b11eef4a9a0d1abd70afcadf94cfef9c2d1f89d496e7a2643bb979ce98d05c
2023-03-19 21:12:53,True,4.5489,0.01333,10.9916,0.1466,0xe8...5cbf,https://bscscan.com/tx/0xa37a4744e22397bcba9bb5ebaba31f8d214c2bb21a30c493c0711d49ca541d13
2023-03-19 21:04:53,True,4.517,0.01332,32.8551,0.4377,0x2d...7822,https://bscscan.com/tx/0x83b128e56949cd9bf59165f79067d51dc9ec3be2c237cc7d9f7a2dfec2a47fe5
2023-03-19 21:04:02,True,4.5086,0.01329,35.0174,0.4656,0x2d...7822,https://bscscan.com/tx/0xbba8233021fa23a2a8e82143c954502ac6d2f7c5d84dd1eb352d80f5896adcef
2023-03-19 21:02:23,True,4.4994,0.01327,37.7614,0.5011,0x2d...7822,https://bscscan.com/tx/0x9ea2fdaededb26373c0e7e00e726f659b837f9c686f6b0b27eb53eca6c59bd8d
2023-03-19 21:01:59,True,4.4873,0.01324,34.8103,0.461,0x2d...7822,https://bscscan.com/tx/0x3057a4c494b364e34e35cf8c4bf296202cbae05ec9097fa103f664a4eba00577
2023-03-19 20:55:26,False,4.4951,0.0132,102.054,1.34746,0x15...0013,https://bscscan.com/tx/0x537f65962f5a22c2d12bdc4cdb9f9e8a4a3677f972f6c74d40b16da92985fda6
2023-03-19 20:51:23,False,4.4855,0.01325,33.9744,0.4502,0x2d...7822,https://bscscan.com/tx/0xbcca7681e1af2fd35e550cb156210977bacc9707f08cbd4b1821c6f09ee8d3c3
2023-03-19 20:37:11,False,4.5275,0.01327,39.0271,0.5182,0x2d...7822,https://bscscan.com/tx/0x29b152a6651715eb280d0d15dbd920ff2d3fb3bc7388639982ea1bb99b82bb88
2023-03-19 20:21:44,False,4.5198,0.0133,40.2241,0.5353,0x2d...7822,https://bscscan.com/tx/0x87f5c347a5dff3398c5886e65f9d3a950aa2de1de4870f186257fda9b156f67d
2023-03-19 20:15:29,False,4.5222,0.01333,45.5316,0.6073,0x8b...88f6,https://bscscan.com/tx/0x23ddab38c6c2e543250252af63a712b961a326217dec486f5ee71347dbf3309c
2023-03-19 20:13:20,False,4.5403,0.01339,109.577,1.4679,0x2d...7822,https://bscscan.com/tx/0x75b1f0c65bf3455e2b7c3ea843b449bddd827e361b172af8caad2c8767257ed4
2023-03-19 20:13:20,True,4.5565,0.01344,161.411,2.17,0x03...173f,https://bscscan.com/tx/0xa8b375e7a62a38664bb7b4c3fb9d452cfbcb7b43fdc5d41608b8a915c8e6f1c4
2023-03-19 20:09:09,True,4.5529,0.01337,40.0189,0.535,0x2d...7822,https://bscscan.com/tx/0x7809176da10178df74c83cc45a776ed5321e1c0aabba8b75435806864b70b6de
2023-03-19 20:08:36,True,4.5194,0.01334,35.3019,0.471,0x2d...7822,https://bscscan.com/tx/0xcfc6adf8e4424381712b7558a3a7f05bd4524f701961037471a77e69ddb6f121
2023-03-19 20:06:13,True,4.5305,0.01331,36.3229,0.4836,0x2d...7822,https://bscscan.com/tx/0x1c2189345f763e76c30b1d0c810a59f6c061e62f12024af12168034b84380009
2023-03-19 20:05:45,True,4.4987,0.01328,36.4859,0.4848,0x2d...7822,https://bscscan.com/tx/0x279f7645ad9e2f96a6a529ce655ee905a7c722c3bd643a14ade5f5e6ecf4d9c9
2023-03-19 20:00:35,True,4.5068,0.01326,44.6205,0.5916,0x2d...7822,https://bscscan.com/tx/0x1ea2f7c7802e40f5c2cd0f12b59b5097fb0f68107e48973c4faaad3e9d4d6b85
2023-03-19 19:36:57,True,4.4832,0.01323,35.8752,0.4746,0x2d...7822,https://bscscan.com/tx/0xd17336b5bb8f8e1c828f5b048265b32bf6ee866f8b0053568f913a34b0bcaed1
2023-03-19 19:21:47,True,4.4669,0.0132,38.2951,0.5056,0x2d...7822,https://bscscan.com/tx/0x7bf09c8e37fc7a20a46bcf076907c842d1a94136dd0234369c88d870c77ada84
2023-03-19 19:19:23,True,4.4585,0.01317,42.67,0.5621,0x2d...7822,https://bscscan.com/tx/0xd340e62c5ea8bf7f1cc03f4564ee8f7cb53557fd977b7b1e1012e673e0dd7c65
2023-03-19 19:14:20,False,4.434,0.01309,5.40958,0.0708,0x6c...e7cd,https://bscscan.com/tx/0xc543317b0696befe125f095b63b628634863121b867b1d8fffe58974d7b9e05e
2023-03-19 19:11:43,False,4.4353,0.0131,5.41109,0.0708,0x56...36f1,https://bscscan.com/tx/0xa1c6b274f582ed71d5fd1835d13d6efad3611ed5c4a6c65f9f92d7c635f6c5b1
2023-03-19 19:02:57,False,4.4132,0.01311,31.022,0.4067,0x2d...7822,https://bscscan.com/tx/0xece26c2acc6be94d5e36c3e7896fb80a0e98ff2451e7ad68430f5dbe660180af
2023-03-19 19:01:18,False,4.4439,0.01313,34.4485,0.4525,0x2d...7822,https://bscscan.com/tx/0xcb26da65e95ba255f2a6a8fa4d6b68fdc6f2cc3e895d24ee91bc9a258ccb067a
2023-03-19 19:00:12,False,4.4297,0.01316,35.8147,0.4713,0x2d...7822,https://bscscan.com/tx/0xa33e6b3d9da4d8e33fdd604ee8f8ec1f80fc914eac7ef5a32349bb2b6531b4a7
2023-03-19 18:50:15,True,4.4682,0.01323,3.50336,0.0463,0xa2...0a0e,https://bscscan.com/tx/0x6b4df516020278489a483a64f82d0b50ecc1dd6752e2950c50b139dbb77c1802
2023-03-19 18:39:29,True,4.4725,0.01322,32.2726,0.4268,0x2d...7822,https://bscscan.com/tx/0x42d9651abd642d2cb39eecd98d89f8ca16e7dfded7312553d76f9ffcda9205c0
2023-03-19 18:38:23,True,4.4722,0.01321,8.86567,0.1171,0x0e...b666,https://bscscan.com/tx/0x8d041770676143350cb22dc2399ed72edf24059ba811888533eb5f9983f36d27
2023-03-19 18:37:35,True,4.4442,0.0132,0.5299,0.007,0x0e...81a4,https://bscscan.com/tx/0x9ad0f02063110aab64c715d6c203c8e0802cde5216a717cf9123d3908060a473
2023-03-19 18:24:58,True,4.4546,0.0132,3.52236,0.0465,0x0e...2f4c,https://bscscan.com/tx/0xf102c505a01dc0f1702236b91a558d2aa2bc518f4ae6f7f87879f8fef67e8f8e
2023-03-19 18:24:52,False,4.4384,0.01315,53.5439,0.7045,0x2d...7822,https://bscscan.com/tx/0x7c6c6b23df783867f645aa8688a4e61b197ef7747634d6cafc4cbde02881c70d
2023-03-19 18:18:43,False,4.4515,0.01319,36.8406,0.4859,0x2d...7822,https://bscscan.com/tx/0x42ddbf6104f9193ae3d4dc00560c86b2ce890f97bb1a150093336d197abf5ade
2023-03-19 18:15:04,False,4.4548,0.0132,0.5,0.0066,0x12...2140,https://bscscan.com/tx/0xe2f8e974b2dfcea4cc77840b9a861c767b3f3efbc2af206e4485d5317b539bc6
2023-03-19 18:13:52,False,4.4595,0.01321,36.8362,0.4868,0x2d...7822,https://bscscan.com/tx/0xd79ee3898bc2fdb0ad8e528fcf53b52dd1ca66d31f5d941624f5f4d1eaad25f7
2023-03-19 18:11:58,False,4.4672,0.01324,43.5584,0.577,0x2d...7822,https://bscscan.com/tx/0xf61b330a17b33b11937d8258809a9fd473939eda84e7ba9e0d2217d60f6165bf
2023-03-19 18:11:13,False,4.478,0.01327,39.2212,0.5207,0x2d...7822,https://bscscan.com/tx/0x7ffdf0805a788c3465b2fe0d294bfd1364019f56c0d98e51c7a5059dac89765b
2023-03-19 18:10:31,False,4.5158,0.01331,73.3848,0.9773,0x2d...7822,https://bscscan.com/tx/0x0a6ea7d17bcfd755f57d90be2dfb4c0e68760b09827b74aca510d4fa6368ce2a
2023-03-19 18:10:28,True,4.543,0.01339,37.3424,0.5003,0x12...e8c9,https://bscscan.com/tx/0x57c5cf10aee8bc032225fee24f59b95208cd5b93b169438d14c14361f9c53666
2023-03-19 18:10:25,False,4.5607,0.01345,360.035,4.84245,0x2d...7822,https://bscscan.com/tx/0x95500bb9813ec534dd6955e386f96b1de01d3a1448ebdb41803cc7563a13982d
2023-03-19 18:10:25,False,4.6157,0.01361,75.368,1.02592,0x0a...1507,https://bscscan.com/tx/0xea9d7dd8ace3a7a73b1bcfdee54cef15f61a8605d592def59fb5c2d7a24d8d1f
2023-03-19 18:10:25,True,4.5847,0.01352,500.0,6.76044,0x88...9893,https://bscscan.com/tx/0x6b4563d275eab43ecb699d204bde407cbc6731a935a1b97d2098aaa5851e5934
2023-03-19 18:06:28,False,4.4964,0.01328,36.5501,0.4854,0x2d...7822,https://bscscan.com/tx/0xbe50a207ed335fe6de83394cd3f66d27665d00f6a988f67e7bd1fd8d55f41abc
2023-03-19 18:01:43,False,4.4948,0.0133,34.0168,0.4527,0x2d...7822,https://bscscan.com/tx/0xf1746e11671c28ddb756373393d71332d9ed11c93471fa2fd7310fbfeb9a0bbf
2023-03-19 17:57:37,False,4.5413,0.01333,37.6164,0.5015,0x2d...7822,https://bscscan.com/tx/0x5ce19fa272d1de4cc19ffbcf07eb0d6c313637d87a1010d980c18ab3285c4c5f
2023-03-19 17:45:28,False,4.5475,0.01336,33.5433,0.4481,0x2d...7822,https://bscscan.com/tx/0xabf8bd3ead0e1a14551bc45d7106be13e6625c12c3c5aac1c294e54c929e733e
2023-03-19 17:40:01,False,4.5202,0.01338,34.9117,0.4673,0x2d...7822,https://bscscan.com/tx/0x756580d70c079af63555ce9815b9b0578901cbc5b226f731ba047be034ac0e1f
2023-03-19 17:36:43,True,4.521,0.01345,36.0659,0.4851,0x2d...7822,https://bscscan.com/tx/0xe398cbe46abb93fcab08e087773c91a9057c9ec525c2abb0179d8fe0510a5599
2023-03-19 17:35:55,False,4.4976,0.01337,6.66559,0.0891,0x2d...7822,https://bscscan.com/tx/0x2fecc7e07458b5705d4127226d79c8c1e07565cee12ace3e28512f6e912f50b8
2023-03-19 17:35:55,False,4.5062,0.0134,62.7361,0.8406,0x00...78d2,https://bscscan.com/tx/0x5a0a856fe761954f6076efec7722a00ab255068b9347c82262448ea850956867
2023-03-19 17:32:58,False,4.5242,0.01342,9.95537,0.1336,0xdd...4cd0,https://bscscan.com/tx/0xf9dc769d34e5eae2bd7f9c4ec369b94ec5751362cd02a5a4cf38950eee800ed8
2023-03-19 17:32:34,False,4.5259,0.01343,4.31151,0.0579,0x89...3571,https://bscscan.com/tx/0x4c3e8c8597e11b0b780cacbd0ec9d251c9b8c2319056e868f3e34a4b5fd08052
2023-03-19 17:32:13,False,4.5268,0.01343,3.41558,0.0458,0x2a...e55a,https://bscscan.com/tx/0x6315da3aee03314ff056ff5c155101bce3fcc17a5bf780884852acf5e6e6605b
2023-03-19 17:32:01,True,4.5441,0.01348,44.1103,0.5949,0x2d...7822,https://bscscan.com/tx/0x81239fb3543c4c7995502da9034825b2541b7cb01e93c177664a1d574c3d1e05
2023-03-19 17:31:58,True,4.5336,0.01345,40.2255,0.5412,0x2d...7822,https://bscscan.com/tx/0x165c75e16e91173f17179988e561efc44aef20043a28037e129ac91f7dc710a5
2023-03-19 17:31:55,True,4.5225,0.01342,48.4597,0.6504,0x2d...7822,https://bscscan.com/tx/0xac0089fcbd08501fc3f39c39671a5e615dba50e60387dafb753f7a761a5def8c
2023-03-19 17:31:46,True,4.5105,0.01338,48.6608,0.6514,0x2d...7822,https://bscscan.com/tx/0x4baa0125111bc36f485df3d9d56797b111cca5152a6e1794ba3faba4f11ed5d1
2023-03-19 17:31:28,True,4.4767,0.01335,43.4325,0.5799,0x2d...7822,https://bscscan.com/tx/0xac230c3d1d04700ebcd67a9761c8f2134c2038f066ddaa8905f15fbdf97739a9
2023-03-19 17:31:22,True,4.4677,0.01332,29.9297,0.3988,0x2d...7822,https://bscscan.com/tx/0xb682189b3f7eb4607233119fbf46a71f08ac1a33910128f872b076fa90270440
2023-03-19 17:31:07,True,4.4927,0.0133,32.5024,0.4324,0x2d...7822,https://bscscan.com/tx/0x3cf6519a07a916865963f16eb62b1a3348c85729bfc3eb4d91649dcb73814de9
2023-03-19 17:28:25,False,4.4774,0.01324,45.1473,0.5978,0xed...4f31,https://bscscan.com/tx/0xb6b6a155bb2bc909a55e6401273a7049be72dbd7a19fc30e680a0fe80b77d5a6
2023-03-19 17:27:28,True,4.5008,0.0133,49.4559,0.658,0xb6...4942,https://bscscan.com/tx/0xe4fccf748d259773bc6049ae95c7fae1de81bd4db37a9dbbffa7d5771fa2ca8f
2023-03-19 17:23:37,False,4.4778,0.01322,3.10798,0.0411,0x89...3571,https://bscscan.com/tx/0xfb8f6c89188dc015248e4c19d54704ba1ebbacfebe57f93759cff51aa5903929
2023-03-19 17:23:25,True,4.4736,0.01327,36.7354,0.4877,0x2d...7822,https://bscscan.com/tx/0x523e0953c515f330511586a26fba3a2432a95931f4dba6d8643ceaabd0945e1f
2023-03-19 17:23:07,True,4.4839,0.01324,62.4587,0.827,0x2d...7822,https://bscscan.com/tx/0xb548660bf1002ed8706069e7efc23280936382e2308697b9ba0425caf36e7c4e
2023-03-19 17:22:34,True,4.4719,0.0132,36.9585,0.488,0x2d...7822,https://bscscan.com/tx/0x6c6b59bd3ce9dd1785f95815b8104d74113801ba59838f3bdb14b8f99c566f7f
2023-03-19 17:18:51,True,4.4393,0.01317,36.6339,0.4828,0x2d...7822,https://bscscan.com/tx/0x0703c242d2411ba835e42d5ef2c7e73c8bdabc43f3d027fcdaea47078815a9d4
2023-03-19 17:17:19,True,4.4584,0.01316,1.12148,0.0147,0x20...6be5,https://bscscan.com/tx/0xa1bd745bc30bca21543ce46f6d0e2ed0fc13c33fb2b4046cbd757f1e0757bdb2
2023-03-19 17:08:01,True,4.4413,0.01315,33.5673,0.4415,0x2d...7822,https://bscscan.com/tx/0xe79dcf8a68c75cbed9006e7511dab91ce77f634a23178c7032afe1fabf9f219d
2023-03-19 17:07:48,False,4.4155,0.01307,3.45114,0.0451,0x9d...5d73,https://bscscan.com/tx/0xa5525de4444a8265576ab7f8844c922e65a3441303c78e1c9f4932b5dea5af64
2023-03-19 17:07:42,True,4.4563,0.01313,31.724,0.4166,0x2d...7822,https://bscscan.com/tx/0x31c8f06dcfbd204565394767030b943cccaa1798581ba3cd60c4735d00b8f505
2023-03-19 17:07:30,True,4.4467,0.0131,37.7643,0.495,0x2d...7822,https://bscscan.com/tx/0x40eeed9ffb41ab49cd1494a6cd43e7d85b4864142c2c1935c559e5a3b22f1c79
2023-03-19 17:06:51,False,4.4167,0.01302,0.8,0.0104,0x12...2140,https://bscscan.com/tx/0x611c423e73ab564c9e4bc4e16a429225f039577746e37f30940ea814f2ef1dc9
2023-03-19 17:04:41,True,4.431,0.01308,37.3445,0.4885,0x2d...7822,https://bscscan.com/tx/0x47de257c26d35acf0adbd74b05920ae6438200dbb8e8e840b864e2532b7ae0dc
2023-03-19 17:03:29,True,4.4213,0.01305,35.4909,0.4633,0x2d...7822,https://bscscan.com/tx/0x8c5912e0fed828f92b577d4ba7ba2d3942bf22d3246d33fa572271122d85dc64
2023-03-19 16:58:05,True,4.4425,0.01303,31.7,0.4131,0x2d...7822,https://bscscan.com/tx/0x6b9b1af0ab615bd5e7e43db1b888a411985ceb13bf8dd95aac935061dff1a738
2023-03-19 16:57:38,True,4.4282,0.013,39.6211,0.5153,0x2d...7822,https://bscscan.com/tx/0x199ddacd39ddcbe9ae89dad8fd0decb269301c31b6f6d4b2b42144473648fa78
2023-03-19 16:43:26,False,4.3786,0.01294,37.9321,0.4908,0x2d...7822,https://bscscan.com/tx/0xad0a05468254ce670894187fa8133ea983de821eb39d155eea7f624b069b62f9
2023-03-19 16:41:34,False,4.3871,0.01296,34.8666,0.4521,0x2d...7822,https://bscscan.com/tx/0xed10c94070d9e786e82ab100519f0d90539b55b03728207036a136fec15fb2a4
2023-03-19 16:39:29,False,4.4162,0.01299,34.6146,0.4496,0x2d...7822,https://bscscan.com/tx/0x613c30e34c12e3607f0849e60f99500c88d2846a0b88a874fbfc790614c6dfad
2023-03-19 16:33:13,True,4.4387,0.01305,37.7739,0.4931,0x2d...7822,https://bscscan.com/tx/0x1470ba190ec7b4356d21a03b84fac48f40ee790d9fa6e2524c7942f9b478f999
2023-03-19 16:32:55,True,4.4278,0.01302,47.572,0.6196,0x2d...7822,https://bscscan.com/tx/0x0d9a55a1d6caeee5abe6494576408ea625f6c8588ce5d5b642f554d43fd9aadc
2023-03-19 16:24:34,False,4.4068,0.01295,37.5282,0.4862,0x8b...88f6,https://bscscan.com/tx/0x5d03fa217c11cde1ff082142a6367ba9c970ad3ef610216fdbbb0f231234eb79
2023-03-19 16:22:31,True,4.4189,0.01302,35.3219,0.4599,0x2d...7822,https://bscscan.com/tx/0x3175262b614c28158dfe1bbfdb1347238e040e0548cf059a5fabeba2445e74c7
2023-03-19 16:21:46,False,4.4153,0.01294,25.0055,0.3237,0x9e...26c4,https://bscscan.com/tx/0x95d6e8c1e1df25a4bada6b423fd99474db817ef021698793936d9b8f885f9be2
2023-03-19 16:06:52,False,4.4434,0.01298,54.7044,0.7101,0x2d...7822,https://bscscan.com/tx/0x6d6039d9bef8e879f0bd58974645725abbee8c2b3c646be5d1c641b5296d31e5
2023-03-19 16:06:52,True,4.4628,0.01303,78.491,1.02336,0xb6...4942,https://bscscan.com/tx/0x57e6542322ed350eb4466871315f55c45c04674ce50fba7944df06608009fbf1
2023-03-19 16:05:22,True,4.4136,0.01299,34.7017,0.451,0x2d...7822,https://bscscan.com/tx/0x8b6f56faac37913a4543838f8b539774fda63407e4d80dd1033998fda779dad6
2023-03-19 16:05:04,True,4.4255,0.01297,34.5371,0.448,0x2d...7822,https://bscscan.com/tx/0x4082f4180acf79cbbbf0e231488271caa8e43b10e0fbe1aee00ecc4afc6c316e
2023-03-19 16:04:49,True,4.3948,0.01294,35.7935,0.4634,0x2d...7822,https://bscscan.com/tx/0x38ce7d8f2e5960d35cefa934dd3cb02f8721a94810d2490cec4b09efdedba3d8
2023-03-19 16:04:01,True,4.3858,0.01292,36.8553,0.4763,0x2d...7822,https://bscscan.com/tx/0x8b8e660f8a0e2b2a76127424c0b93bf09440c01b48da1d1561887b77ab67e043
2023-03-19 15:30:16,True,4.3896,0.01289,34.232,0.4415,0x2d...7822,https://bscscan.com/tx/0x006059bfb270fc919a2eef959b3106310731c1d1a5993903a5404d647bfa3d34
2023-03-19 15:29:16,True,4.373,0.01287,34.5321,0.4446,0x2d...7822,https://bscscan.com/tx/0xdc7e4341a8f2a3547403339bbf096f65348ae344bab5219537bf2e332dc52a67
2023-03-19 15:27:58,True,4.3697,0.01284,42.3484,0.5441,0x2d...7822,https://bscscan.com/tx/0x8c0b0cf937bd0264f8c1fb0b8cdbbc3d2be786a4d65090da3a1a68a9f1c36cdd
2023-03-19 15:00:15,False,4.3253,0.01278,46.0207,0.5884,0x3e...a7c8,https://bscscan.com/tx/0x05c8d237fee9bb081f0133231dd2456f5475c570ebabe14ec65b27ef2ce68d92
2023-03-19 14:51:21,False,4.3545,0.01281,43.7811,0.5611,0x3e...a7c8,https://bscscan.com/tx/0x82a01b126593807695c0e144cc35758309d7e3b0774f945c6773a2578408f990
2023-03-19 14:51:06,True,4.3784,0.01288,29.8996,0.3852,0x00...e049,https://bscscan.com/tx/0x8024055620aad55301b6ebb9e944f55cb67b3f8d4fca8c6840b4a2a56ea91b70
2023-03-19 14:51:06,False,4.3631,0.01284,86.0355,1.10474,0x00...78d2,https://bscscan.com/tx/0x5af9de1c0683eeaa6e76a2525f22bb8fd5fc20f435e39684c7e09428da1337b2
2023-03-19 14:51:03,False,4.3937,0.01293,172.488,2.23033,0xdb...8aba,https://bscscan.com/tx/0xb0a4a2cb4129c97e9b4f863263a51950404a6f29cd53fb8f78788ca752dd4d6a
2023-03-19 14:51:03,False,4.4364,0.01305,185.696,2.4245,0x65...c5b1,https://bscscan.com/tx/0x4d12a6e3c15dd6ab1a36412eaf7fbee621e2a9220a314c80687ccff60cfd9504
2023-03-19 14:51:03,False,4.4695,0.01315,88.1068,1.15893,0x58...2f9e,https://bscscan.com/tx/0x3d4fe00416f00beef36d73942911814bb0cd8e452e86e1d72b6294063578a265
2023-03-19 14:51:03,True,4.4423,0.01307,497.185,6.5,0x57...c95b,https://bscscan.com/tx/0xe18d627af0214fb26f45eaa8d60628c80f08fc0da645bc74a1386065a6851ac6
2023-03-19 14:51:03,False,4.3737,0.01287,107.903,1.38888,0x11...a5bc,https://bscscan.com/tx/0x9772a21f5fb7d9a91c5e185bebcdcffbb9b2d80e28fc6267292a817ce3684ac3
2023-03-19 14:51:03,True,4.3863,0.0129,185.696,2.39712,0xd7...9f4a,https://bscscan.com/tx/0xf55096f139924631440e1a28d07b4ae5126fca71414dae279d8aeac975a051e7
2023-03-19 14:37:20,False,4.3469,0.01279,44.6,0.5706,0x34...7c76,https://bscscan.com/tx/0xe9154620662d6e57e3b606b90279567b27c3d224c2f28b25a05d484acb833ee8
2023-03-19 14:35:48,False,4.3578,0.01282,48.5834,0.6232,0xe3...d2ff,https://bscscan.com/tx/0x80675260f3513565577ec607e0b7f19f0a8e4efe67e7afd3e4929e71ae4b1dbf
2023-03-19 14:22:15,False,4.352,0.01286,52.85,0.6798,0x00...78d2,https://bscscan.com/tx/0xbdc06505f718e3b6aceb5797a4cfb3535aad94765a3f0f3c8de3361cd32eafc5
2023-03-19 14:21:27,False,4.3945,0.01292,114.921,1.48491,0x00...78d2,https://bscscan.com/tx/0x533501de7e0783aca735e8d8664e15d7a79a998d4206cf0b4b330e400e2dbd30
2023-03-19 14:21:24,True,4.4083,0.01296,183.627,2.38012,0x94...87bd,https://bscscan.com/tx/0x27ad494ddf512529988389fc01cabb29b47c26d3291b057bdd54a9265972b368
2023-03-19 14:21:21,True,4.377,0.01287,79.9574,1.02904,0x00...78d2,https://bscscan.com/tx/0x7ae63f0f4278a848e005e546203bf01c8876b65ac73d61111eaae241fff41ab6
2023-03-19 14:05:24,False,4.351,0.01279,53.1413,0.68,0x7a...c707,https://bscscan.com/tx/0xaae424d9b3d5c9e74c1430349a9040ed170c483aab1b5e56fdfd2163d3f6ed4d
2023-03-19 13:59:36,True,4.3767,0.01287,8.83148,0.1137,0xdc...c6dd,https://bscscan.com/tx/0x977f447803bfac39500ad5f6f6a2730613ba02686f43730f224bae93d450573e
2023-03-19 13:58:30,False,4.3597,0.01282,50.013,0.6414,0xe3...d2ff,https://bscscan.com/tx/0x2ac5050ac503e926a7ec9985fba682b3e362ef7d90f8be62c7254df39c2d255b
2023-03-19 13:48:48,False,4.375,0.01285,46.5553,0.5986,0x82...2196,https://bscscan.com/tx/0xf478dbd6f6b40a89fcb2f5e2bf7d478e917c358cdb1e5487b3180e17b138ad12
2023-03-19 13:45:37,False,4.3553,0.01289,55.4172,0.7145,0x00...78d2,https://bscscan.com/tx/0x77049daeef7a7816d5c72143e1802f43cb8bdd6a5ffeed3ce48be089df853b66
2023-03-19 13:29:00,False,4.3848,0.01294,85.5471,1.10729,0x09...18f7,https://bscscan.com/tx/0xd10af1f2deea8737b01e58e9c59612e9c0f97aeac6f7a2ea02cad6fcf504b109
2023-03-19 13:28:57,True,4.4075,0.01301,79.4573,1.03379,0x25...abbc,https://bscscan.com/tx/0x36cb04fff556c41ea752eb6ac4ac7e1ee04e5ff9cc1eb19a07b52a10455b89ce
2023-03-19 13:25:21,False,4.3791,0.01293,50.0,0.6467,0x00...78d2,https://bscscan.com/tx/0x781b82fd1e42c61fee9af8f51d1e3989f903ddcfe9f23f5bd5d125f7ef1e426c
2023-03-19 13:22:12,False,4.39,0.01296,47.2838,0.6132,0x43...fe22,https://bscscan.com/tx/0x74ef5b40290b1c19e3063cf844f527410ea5a496074e631d1dcb348887dadbd9
2023-03-19 13:21:18,False,4.4102,0.01302,123.413,1.608,0x00...78d2,https://bscscan.com/tx/0x93782493fb40c5f92b983852594d822197982475b26ed78b15760ba1e578413c
2023-03-19 13:21:15,False,4.4358,0.0131,90.4288,1.18509,0x05...1697,https://bscscan.com/tx/0xe6473286cb33c550665dd086d67d03a0b1a24562771bfb8650fad275dbc54e38
2023-03-19 13:21:15,True,4.5192,0.01335,154.671,2.06509,0x0c...8513,https://bscscan.com/tx/0xae30b0975463538f67032042abc97f714cbd204717a47bc8894c18de20ab6905
2023-03-19 13:21:15,True,4.4205,0.01306,90.4288,1.18101,0xb4...4462,https://bscscan.com/tx/0x9d545b348a0d00d6351e5db016bbd57c79185e5a31c0e92f200d6b0cc1c597b8
2023-03-19 13:19:51,False,4.3927,0.01298,47.2843,0.6137,0x3a...231f,https://bscscan.com/tx/0x5291137ffeb8721ea4b6d50417ba2cbbe3bb50dd14aad85d897581f670b97bdb
2023-03-19 13:19:00,False,4.3939,0.01304,146.441,1.91077,0x00...78d2,https://bscscan.com/tx/0x9034c413e73ebe9b0dbaac71dd0ac8d642a92fb95ce4c05804fff19729424cb1
2023-03-19 13:18:57,True,4.415,0.0131,157.724,2.06764,0x0c...8513,https://bscscan.com/tx/0xdcd7d75e885613d2108dc8b7637985f41f9655ff214f190b3e5be795182815e5
2023-03-19 13:17:42,False,4.4077,0.01302,91.5434,1.19193,0x00...78d2,https://bscscan.com/tx/0x92c496b07a1a7dc6ae788398661166dc8172d7782d68a63018f2cb9e760997ef
2023-03-19 13:17:39,False,4.4239,0.01306,44.0378,0.5755,0x2d...7822,https://bscscan.com/tx/0x64a164362c1f36be3064290868894a123594e95e85c36e1de6d48b38afe1ee7d
2023-03-19 13:17:39,True,4.4324,0.01309,157.821,2.06638,0x0c...8513,https://bscscan.com/tx/0x5841f66f9464028f8acc889e18a9c66d9c4388575411ddb09bd63496cd21d4a8
2023-03-19 13:16:48,False,4.3957,0.01298,34.0616,0.4422,0x2d...7822,https://bscscan.com/tx/0x93d5a2d00d7c936fac8c1892704d8556bae0d5342da059d59ca1c232eb303593
2023-03-19 13:14:27,False,4.4027,0.01301,51.5373,0.6707,0x2d...7822,https://bscscan.com/tx/0xe63d693f9be45f0386e02ef6004712aaface9fd64410601077f434abab7df249
2023-03-19 13:14:27,True,4.4174,0.01305,112.875,1.47389,0xb9...d043,https://bscscan.com/tx/0x5d2104cbca9354f342ad3f259f84416a6a80a64daba1d0d968c4e82ab3f8339d
2023-03-19 13:11:54,True,4.4004,0.013,48.1334,0.6257,0x2d...7822,https://bscscan.com/tx/0x405fa03b88267893b95239596484e7dfbefb3ba7ecf635ae2e851c52ae517553
2023-03-19 13:08:06,True,4.3809,0.01296,57.9389,0.7511,0x2d...7822,https://bscscan.com/tx/0x2b249109971ff4b4b9400aa01cb385edf1a763796a439cda6b1baf605cd48968
2023-03-19 13:04:18,False,4.3552,0.01289,35.8815,0.4625,0x2d...7822,https://bscscan.com/tx/0x70b47561fdbfaa09b3607c8a5c1c312f620a9937e1a8482c03d2a72803169217
2023-03-19 13:03:18,False,4.3385,0.01291,20.2172,0.261,0x2d...7822,https://bscscan.com/tx/0x0a64d72698ab4c5e5ed2cc4f3b0ad1578bfcd76052632acca6a34dd66496300f
2023-03-19 13:03:18,False,4.3433,0.01292,20.6529,0.2669,0x8b...88f6,https://bscscan.com/tx/0xb3a259f1a11b80bd500072f6a3b02b680cdcfd592a8e67a75c2a10531bf1c74d
2023-03-19 13:03:15,True,4.3608,0.01297,56.5788,0.7342,0x23...97ae,https://bscscan.com/tx/0xefebe8a6466cdbd1900a94966fbe341fd6c1bc2c7fd7b2184cbfe500d50ed870
2023-03-19 12:57:08,False,4.3571,0.01291,49.0747,0.6335,0xed...4f31,https://bscscan.com/tx/0x0ad4efe36b26aa26ae25d42005bacb6da01969d946f8917ae056d1197e1ee145
2023-03-19 12:51:17,True,4.3717,0.01296,91.4926,1.1857,0xb6...4942,https://bscscan.com/tx/0xdb90a3b2c50632b71eda690d2ceff4e31a7223dac6798f41b89fa3f20622e54a
2023-03-19 12:49:05,True,4.3309,0.01291,38.6807,0.4995,0x2d...7822,https://bscscan.com/tx/0x036d28c4325c4ca2f2f070ffe8cf0c3317d24f8ef82f93392a7f754194bd1f45
2023-03-19 12:43:59,True,4.328,0.01289,13.7008,0.1766,0x14...b438,https://bscscan.com/tx/0x0a91ed70b938621805cc6fcdb931b0c06b7b4a86de3bb3b94e48c4fb3ab7f7a8
2023-03-19 12:21:11,True,4.3205,0.01287,40.4156,0.5204,0x2d...7822,https://bscscan.com/tx/0x76ad4be7fe204d77b72763c3928613d0c6b9c909d777dfeb3a61463af196e143
2023-03-19 11:40:00,False,4.2902,0.01281,35.6023,0.4561,0x2d...7822,https://bscscan.com/tx/0xb39962a53aef4a5f0d35009287104fa72582b5628a8c354daac00bf5d9b2656c
2023-03-19 11:25:03,True,4.3268,0.01287,36.1691,0.4656,0x2d...7822,https://bscscan.com/tx/0x71ac111bf5c32d67a5e6ef6455f869dd1141d329cf2c2140fa5e3872958b489a
2023-03-19 11:16:06,True,4.2975,0.01286,0.3963,0.0051,0x34...8793,https://bscscan.com/tx/0xd18e0f5c62dbdc426e222f2498c75296c9106e8177843a0cd9af20ead457761f
2023-03-19 11:15:03,True,4.3191,0.01286,3.409,0.0438,0x38...28dc,https://bscscan.com/tx/0xd757ac6dce07504aa2ced269fd106d695ec0d578826d8f7b1e81062180ed9976
2023-03-19 11:14:42,False,4.2831,0.01281,64.8166,0.8308,0x05...7eea,https://bscscan.com/tx/0xd51aac0d665d1c538b2c2a43e2ba482da6122874dabb76e4a7be5bc2e3ba926a
2023-03-19 11:13:54,False,4.3178,0.01285,51.0432,0.6563,0x00...78d2,https://bscscan.com/tx/0x02bd552c926291d72b78c193d18abda3ea6c4faa96b2b2d3acc1ec4b16b7b137
2023-03-19 11:12:12,False,4.3311,0.01289,60.3319,0.778,0x00...78d2,https://bscscan.com/tx/0x35387e90218aac08d7af5dbbc689812cdea72962cd0c12c290d7356193e42a6b
2023-03-19 11:08:36,False,4.3247,0.01293,49.8428,0.6447,0xca...34d7,https://bscscan.com/tx/0x98f7f6761145c88ee974bfddd3662eba2519444aec43d921d68c49d25824f149
2023-03-19 11:02:09,False,4.3576,0.01296,34.5102,0.4474,0x2d...7822,https://bscscan.com/tx/0x8d1ece0eec57d79ab8b0c8e2240ef5a29751bcc11ef1fe99e4ff3d1d08b6cb63
2023-03-19 11:01:18,False,4.3655,0.01298,34.0929,0.4428,0x2d...7822,https://bscscan.com/tx/0x3f5d20524979a3f6de0d3e6cd17e8ed1255654242560f6d48c38e670e429c17c
2023-03-19 10:43:05,True,4.3852,0.01305,34.0582,0.4445,0x2d...7822,https://bscscan.com/tx/0x9db06cf42009d99233617e4bee2e1ed8616d82a9ee472de117d4b1b35bbb65ff
2023-03-19 10:40:26,True,4.3742,0.01303,32.8138,0.4275,0x2d...7822,https://bscscan.com/tx/0xdc194f92dbe28bbffa677cd8d28c583eb3e8ef0fea758bb8944394ccf40befc6
2023-03-19 10:31:50,False,4.3299,0.01296,35.1081,0.4552,0x2d...7822,https://bscscan.com/tx/0x5e94450c73fd05855873604327038d09c6292c735692e329e46ee2e845dd4662
2023-03-19 10:23:27,True,4.3575,0.01303,36.8391,0.48,0x2d...7822,https://bscscan.com/tx/0x5551ccc3c34ba7e87f74b5829f3a30dce597a38c88dd17225b3b7fc63e6b57ce
2023-03-19 10:00:41,False,4.3583,0.01296,35.5759,0.4612,0x2d...7822,https://bscscan.com/tx/0x0f3c79fe05a365f706b741b646254621631a33757b5ff941db41ccf49333083f
2023-03-19 09:57:14,False,4.3671,0.01299,37.6716,0.4893,0x2d...7822,https://bscscan.com/tx/0x1130a19308c552b1cf5849040d4826d0036927c48a7565b57e688350a52c4fa3
2023-03-19 09:36:44,False,4.362,0.01301,43.7972,0.5702,0xda...6e1f,https://bscscan.com/tx/0xcff9695558168153f551be0474a208d19ad52d905ded7b0f6b5e459d37d03af1
2023-03-19 09:32:48,True,4.4031,0.01308,39.325,0.5146,0x2d...7822,https://bscscan.com/tx/0xee5d37f8303c2a90ce59396c52aab85134d3308398f414fe9886d43ccd2b986d
2023-03-19 09:31:51,True,4.3957,0.01306,33.9225,0.443,0x2d...7822,https://bscscan.com/tx/0xecc01578874259b298bf4196bdc87daa4b424b9e99b36d6e3f63cd9f3ebfd1a3
2023-03-19 09:18:39,True,4.3723,0.01301,90.2781,1.17508,0xa3...ddfe,https://bscscan.com/tx/0xc919edec5ad140ed892d3b6e8d1ee682f86655cf62c211d01c40a3f9e110101e
2023-03-19 09:09:12,False,4.3424,0.01292,25.8455,0.3341,0x2d...7822,https://bscscan.com/tx/0x23fce2f1e39b6cab43050f14f204a1384f1ddc3d42cafebeced631fd68c0a273
2023-03-19 09:07:36,False,4.3494,0.01295,36.6537,0.4746,0x2d...7822,https://bscscan.com/tx/0xcdd9a4625a92f8ef06c991bf1cf6394b7b93ff350348994b8bbdbb4e76b15ae6
2023-03-19 09:02:21,True,4.3704,0.01301,36.3319,0.4728,0x2d...7822,https://bscscan.com/tx/0xe02767041f292daeb70b14b6a3db2e007525b31dd735326dd3e422f746a76a48
2023-03-19 08:25:36,False,4.3138,0.01295,44.8855,0.5814,0x2d...7822,https://bscscan.com/tx/0x310a8ada4e2a0600938a40ecb2ff39719ac801cfecbb03c6315ee58250ccd6ae
2023-03-19 08:09:50,False,4.3408,0.01298,35.4906,0.4607,0x2d...7822,https://bscscan.com/tx/0x47fa13047fde5144c1dc349e719c6f744e08ef5d6a598425d41bc32de10c81eb
2023-03-19 08:06:53,True,4.3511,0.01305,8.72989,0.1139,0x00...e049,https://bscscan.com/tx/0x84cac40f0d25e879a247811d7cced32e85d6a7c31bce57a374ac70d525b181a7
2023-03-19 08:06:53,False,4.3374,0.01301,76.4325,0.9947,0x43...fe22,https://bscscan.com/tx/0xf0975fcf3566e73ef2d55641fb31503a62e75ee30ac8825d328960daff472164
2023-03-19 08:06:41,False,4.3753,0.01306,53.2914,0.696,0x00...78d2,https://bscscan.com/tx/0x78ca34048b0c3824ab6f76da59f015f5017500cae3979719645d5144c1d0ad85
2023-03-19 08:04:20,False,4.3677,0.01309,31.5317,0.4127,0x2d...7822,https://bscscan.com/tx/0xf70e3d57d80aad06952dc8f19d416b9ab10a269a295408087f606ed0fc736d8c
2023-03-19 08:00:59,False,4.3929,0.0131,7.32405,0.0959,0x53...0100,https://bscscan.com/tx/0xe9aa86370b8d38f70ea73c3319cb6c05aec52197c4cc557663610bf5830b4ddd
2023-03-19 07:55:23,True,4.4112,0.01316,33.933,0.4465,0x2d...7822,https://bscscan.com/tx/0x06096ff88305d23cadd76bf3d1f5f65604f4d5f2fe2e01f1d8494510e05d54c7
2023-03-19 07:44:26,False,4.3741,0.01309,40.9334,0.5361,0x2d...7822,https://bscscan.com/tx/0xef19b2d4d1a99007e7b301083cc3bffc43f1938d70df906871e690f767f9935b
2023-03-19 07:42:32,False,4.409,0.01314,79.5666,1.04556,0x2d...7822,https://bscscan.com/tx/0x1a4578157e79bff8d88ac36c9817091bf197cfd4e22e74cc7c27c40dab8fcf97
2023-03-19 07:34:09,True,4.4161,0.01323,11.1098,0.147,0xe4...6aa2,https://bscscan.com/tx/0x940f62f45d8b86a58f2d4c4391fc6f9d42669ace9787b58031522c0eaea5fc82
2023-03-19 07:34:06,False,4.397,0.01317,35.5821,0.4687,0x2d...7822,https://bscscan.com/tx/0x3c2915e7d4309d97ad6489f8196a40cd4b3fe36ebd8318aeb2445194666919dd
2023-03-19 07:33:40,True,4.4223,0.01325,1.0,0.0132,0xa0...51ea,https://bscscan.com/tx/0xfb034da7f6f5fc97d10342689c5a67fe68eba350bc2217bd7be8d1be566c5af7
2023-03-19 07:32:27,False,4.4016,0.0132,38.5026,0.5082,0x2d...7822,https://bscscan.com/tx/0x9bdd47f5290f3d5889d5de335175502a99de50ae02e761cde36975f677bf9fb9
2023-03-19 07:26:51,False,4.4093,0.01322,35.7864,0.4733,0x2d...7822,https://bscscan.com/tx/0x6d224aef1e0de14c9a549199020cf8b1cf549f2ec797c6db2d62106a43956e3e
2023-03-19 07:26:06,False,4.4191,0.01325,38.2519,0.5069,0x2d...7822,https://bscscan.com/tx/0x2d749baa6828e6f82ca0714686e64724dcf651d2de8ea728f7797e330945c684
2023-03-19 07:14:28,True,4.466,0.01332,33.4583,0.4457,0x2d...7822,https://bscscan.com/tx/0xa6fc3e55c4f0804b7ebc3e10ee29e72dbd812d288d74c7000c8339944393c5ed
2023-03-19 07:11:09,False,4.4407,0.01324,0.6198,0.0082,0xc0...9115,https://bscscan.com/tx/0xda4115f1f8ed093137ad148c53f9f2af034aaf7b17d21b1dc5cb8a3525b859bc
2023-03-19 07:06:03,False,4.4404,0.01324,2.76076,0.0365,0x34...8793,https://bscscan.com/tx/0x2b8365873efc0a1bae325b87561cbe8af0dfea40425f8e0c698560f09905914c
2023-03-19 07:05:24,True,4.4367,0.01329,34.3138,0.4563,0x2d...7822,https://bscscan.com/tx/0xb335141c6b99f49efe9502bcbc57edc9f5abc4e88c23253b6c098cd6b687a018
2023-03-19 07:00:18,True,4.4262,0.01327,35.549,0.4718,0x2d...7822,https://bscscan.com/tx/0xcee02b070cb76c2abb58f58b187c00a392c6d8139a6a4b7ee8cb9769ed0bd695
2023-03-19 06:54:27,True,4.4197,0.01325,11.5001,0.1524,0x27...3cf8,https://bscscan.com/tx/0x152db5d3c51e666b7dc22977acd04b53914fa0b50abf422b5d6afe2e36a39662
2023-03-19 06:53:42,True,4.3998,0.01319,155.305,2.04951,0x2d...7822,https://bscscan.com/tx/0x63240ab21fc41ee76e27e051168403bfaef754783bcf06f36a9ef253776d2f07
2023-03-19 06:53:39,True,4.3608,0.01308,171.472,2.24282,0xdb...8aba,https://bscscan.com/tx/0xa715ece7ef7f158aba80eaff44a8645c5cb16f59776f0d5203835fe2a97292bc
2023-03-19 06:53:39,True,4.3351,0.013,47.2248,0.614,0x55...14bc,https://bscscan.com/tx/0x7b9a82b9f5223da7715054a11e16a0a51c62e041bfb1742b27bdec83bd05bdc4
2023-03-19 06:53:39,False,4.3525,0.01305,379.26,4.95118,0xd1...12d4,https://bscscan.com/tx/0x3064eeb28f27df123bcc0c6b424b97ed7d63da0ab5847a918ddd859ca27a78f0
2023-03-19 06:52:15,True,4.439,0.01325,3.43,0.0454,0xe5...4cf7,https://bscscan.com/tx/0x89cd8ef842e6d7c750b157029540e58c1c658ee0ad00bf03bc575d9713c1438d
2023-03-19 06:52:09,True,4.4336,0.01323,41.348,0.5473,0x2d...7822,https://bscscan.com/tx/0xbf1578ca0b46ccfa090165a94ea2030f4c3a06eca43430ce00eb446c82869da2
2023-03-19 06:52:09,True,4.4169,0.01318,96.4886,1.27256,0x11...a5bc,https://bscscan.com/tx/0xd3643187c9a1bfd1ea635c52981600eca4aaac3d11fedfa04af342fa8d6d7c9b
2023-03-19 06:52:09,True,4.3973,0.01313,67.4827,0.886,0x62...fadf,https://bscscan.com/tx/0xd6356453d186c88a7467e37719ef243db14eeb0d87be0515feb3b95d48ea5126
2023-03-19 06:52:09,False,4.4041,0.01315,307.747,4.04697,0xa7...3004,https://bscscan.com/tx/0xe25ed0b64ea320486f83117ab8561dddd650701a35dfa87615851967d3cbba0d
2023-03-19 06:48:15,True,4.4568,0.01332,0.4223,0.0056,0x36...95a6,https://bscscan.com/tx/0x41beee7a57b249f8d34d7586abed77c3284e740ccb6a7bd240818ffd5335b492
2023-03-19 06:47:42,False,4.4169,0.01327,37.0697,0.492,0x2d...7822,https://bscscan.com/tx/0x3f5d2870161cfa8635853379140d826a1328c552c0e8442922b3af924e702383
2023-03-19 06:46:39,False,4.4477,0.0133,35.5864,0.4733,0x2d...7822,https://bscscan.com/tx/0x3549553be5247809a70e2961b96d62ee67d0f3b64e94b8e60bdc53780420d5b4
2023-03-19 06:44:03,False,4.4609,0.01332,43.937,0.5856,0x2d...7822,https://bscscan.com/tx/0x25e2e1060a478fafea624909c528dd403075cd090e09f9ef1e8cd8192972d387
2023-03-19 06:38:51,False,4.4436,0.01334,1.49857,0.02,0xa7...3004,https://bscscan.com/tx/0x71ee0ffe6dcfb94d384809725091a96627576c7351cf6a4cfb387094d025f78c
2023-03-19 06:38:33,False,4.4489,0.01336,40.1548,0.5365,0x2d...7822,https://bscscan.com/tx/0xda2dad72bcf0ebaa85d14d0458f746fd124bc12111775419e5eca4a943d4653c
2023-03-19 06:33:18,True,4.4915,0.01343,35.6556,0.4788,0x2d...7822,https://bscscan.com/tx/0xf4b2e87979b46380930528a25b69e43ead4f8fe481678ef8a51c1f3b742c65c2
2023-03-19 06:27:18,False,4.4382,0.01335,5.06055,0.0675,0xfd...01da,https://bscscan.com/tx/0xd497b400aebfa0af5f49e1e526e03bf52a7faa32b6aec23c2fbf657e1adf0210
2023-03-19 06:25:09,True,4.4583,0.01341,3.03737,0.0407,0x00...1fab,https://bscscan.com/tx/0x246fa627144fc879dbf5c000bd1d20e8292b773751699e0ea849a30fb5b190ea
2023-03-19 06:25:00,False,4.4621,0.01336,34.0314,0.4547,0x2d...7822,https://bscscan.com/tx/0xa57506dc3da56cf05e0be070886a471ae6f8da0be4f03a5d07b979e0db6b7622
2023-03-19 06:23:29,False,4.4467,0.01339,36.7236,0.4917,0x2d...7822,https://bscscan.com/tx/0x9c92b4399d48fd9f8df988ae92a0a0a9a7538814598ab5f3be6da92a4914ca69
2023-03-19 06:18:53,False,4.4786,0.01341,40.3494,0.5414,0x2d...7822,https://bscscan.com/tx/0xd0ee9541143d2af1f33f1073019b0018dc2d8da809f3201e115e380583c1db62
2023-03-19 06:17:02,True,4.506,0.01349,6.43653,0.0868,0x7d...c8e0,https://bscscan.com/tx/0xfefb9469f4f01cf3fc8817699e3314a59aebd00b36a02f6dcefb6045cb330bea
2023-03-19 06:17:02,False,4.4878,0.01344,41.9311,0.5637,0x2d...7822,https://bscscan.com/tx/0x25fba8c518adc59467485e994ed2d47eb4dc4cbe0655e18be72c09e29462dde3
2023-03-19 06:14:41,False,4.4949,0.01347,32.1596,0.4332,0x2d...7822,https://bscscan.com/tx/0x8fb6ddba7cc732ecfe9343719402b954a9ead53af27e019c506de380d9427fd0
2023-03-19 06:02:43,False,4.499,0.01349,33.5984,0.4534,0x2d...7822,https://bscscan.com/tx/0x765b41d09eebfbe29a507f8c4a9db6360f31fa5ff2423ef9ee7e0404438cd325
2023-03-19 05:52:43,False,4.4835,0.01352,35.1266,0.4749,0x2d...7822,https://bscscan.com/tx/0x0124aacd6f88aafb2825a5f3b90b44f99fc03f99f167cd4874ecf005ed1542dd
2023-03-19 05:29:21,False,4.5077,0.01354,17.7565,0.2404,0x34...8793,https://bscscan.com/tx/0x0800a4c00516cd4a828056899193c3d10430b56b493e1509f93034256309b4c1
2023-03-19 05:21:30,False,4.5416,0.01357,60.9118,0.8266,0x2f...e155,https://bscscan.com/tx/0xff79d66cdc01d0f64abf8a8621b234669183a920ff14fd034965f8e32101e9fc
2023-03-19 05:19:18,False,4.5568,0.01361,59.8315,0.8146,0x0c...8533,https://bscscan.com/tx/0xdf43f1fd3463a5c50501aa61f579ecbc8d44ae10e521cd16c147c9ae337a69ab
2023-03-19 05:08:03,True,4.5382,0.01362,207.897,2.83326,0x0c...8533,https://bscscan.com/tx/0x38f1ee2f335cd817b748accf27deac21771f5e6619c47e7c8fe53547527f95bb
2023-03-19 05:08:03,False,4.5208,0.01357,249.914,3.39282,0x43...dd99,https://bscscan.com/tx/0xa226b56e24e78ad9031b0d65cd2183e7cbab4cdb890f83ad01bcc0a760cb3dd6
2023-03-19 04:55:43,True,4.5938,0.01372,36.3552,0.4989,0x2d...7822,https://bscscan.com/tx/0xb7c5739de7690fe2d93212504671ed9922f5b1c992ea17b1aadf9bb2db68bac5
2023-03-19 04:50:24,True,4.5614,0.01369,34.0019,0.4657,0x2d...7822,https://bscscan.com/tx/0x9c7d6790833457120653a072701c34635fdcb360a9ab0bf6ac15a3460a147a6c
2023-03-19 04:49:21,True,4.5533,0.01367,34.1136,0.4664,0x2d...7822,https://bscscan.com/tx/0x946399a4fadcffb6c26f8b494aaf20a14ab6ecbcee2ae3cca9ce8a96674a88f4
2023-03-19 04:48:42,True,4.5675,0.01364,38.5252,0.5256,0x2d...7822,https://bscscan.com/tx/0xfb842b277018515caa6f7987395da2fee88a9c222acbc19e1ae9299b6f042a1b
2023-03-19 04:47:54,True,4.535,0.01361,36.6255,0.4987,0x2d...7822,https://bscscan.com/tx/0xf97849aad183d2deeed5a9e85967ba214de6c98c97b293978ba75e3987f1c161
2023-03-19 04:36:41,True,4.5381,0.01359,33.2104,0.4513,0x2d...7822,https://bscscan.com/tx/0x25ef912b65e7168632e02144bb06a50c6f317efd67452714aed2aecdae06ca3e
2023-03-19 04:35:35,True,4.5186,0.01353,119.762,1.62067,0x2d...7822,https://bscscan.com/tx/0xab6711244cdf8a35bbc816cee1dab596731266a050db3ebe56fb0834ee3a9434
2023-03-19 04:35:35,False,4.495,0.01346,111.922,1.50668,0xb9...d043,https://bscscan.com/tx/0x3469ddc944938034486201fdc5925a0b8381c6d2d8cfe73c18bb1f983d8189e7
2023-03-19 04:29:14,True,4.5345,0.01357,3.02073,0.0409,0x3a...bb6c,https://bscscan.com/tx/0xe50b2cad1a0e9b91e96e74084f2e20051cf4e458e9f2613b37b0caacd917e847
2023-03-19 04:28:59,False,4.5159,0.01351,35.0,0.473,0x1c...7d73,https://bscscan.com/tx/0x8162542ca906f9380f2f53755bb8d623ab8ec15c47b1598750daa01eedfc44e8
2023-03-19 04:24:56,True,4.5641,0.0136,0.9474,0.0128,0x4c...8318,https://bscscan.com/tx/0x294851629cd0471543087cd19048d564a778b8a8393677bfe89a8eb475a67098
2023-03-19 04:21:26,False,4.5446,0.01353,33.5282,0.4539,0x2d...7822,https://bscscan.com/tx/0x2d6bc680a2612a98b999b9fd4e18a872d1e51e785c420411c0559c8363464a76
2023-03-19 04:15:38,False,4.561,0.01358,82.604,1.12199,0x2d...7822,https://bscscan.com/tx/0xa8e7eaacd4d035276269b721d0a76bcd3da094567cff23123df39277eaea7373
2023-03-19 04:15:38,True,4.5842,0.01365,79.8572,1.09019,0xe5...cda6,https://bscscan.com/tx/0x6fd04125e6db2f537a5ff7f4d9b7802d10a2e036d07bfb83e3755fca287e26c1
2023-03-19 04:14:23,True,4.5519,0.01362,9.5504,0.1301,0xe5...cda6,https://bscscan.com/tx/0x1afc6cf0f67018cbe7d5e95a34c711004bf9efc79e75915e25442fb52ebb4161
2023-03-19 04:05:47,False,4.5294,0.01356,39.7572,0.5391,0x2d...7822,https://bscscan.com/tx/0x4e73bad73f7561294c530eaf17f30112b8c339a567da85dae2b1ba5f71f5a5f0
2023-03-19 03:50:11,False,4.5537,0.01358,14.8599,0.2018,0x18...6e7e,https://bscscan.com/tx/0x5c33a5f5038a6c44cb7299ccf02f1608b74194d2666a96e19fddfa8d3b8255c1
2023-03-19 03:49:02,False,4.5369,0.0136,33.3104,0.453,0x2d...7822,https://bscscan.com/tx/0x0ef67ac9cb675b153911a0dfef60f7a78200a0fe738a803d25c633550652f3fd
2023-03-19 03:45:08,False,4.5634,0.01361,10.13,0.1378,0x0e...b666,https://bscscan.com/tx/0xeb5e540d892f2a8fc99e7bc1fd0ca3b13aed0b169a7647f7645a2fae2224cd9f
2023-03-19 03:34:53,True,4.586,0.01367,36.0587,0.493,0x2d...7822,https://bscscan.com/tx/0xbe4ff8d99c45e746b598cbe54045c683fd35d71018ed7717cf1f7b7a031f346a
2023-03-19 03:31:05,True,4.5535,0.01364,30.8445,0.421,0x2d...7822,https://bscscan.com/tx/0x6c0aab98d102e02c8f4e94fd32f112a66682433d82b3066bd9f7377e56cb48d9
2023-03-19 03:26:56,True,4.5434,0.01362,33.8817,0.4616,0x2d...7822,https://bscscan.com/tx/0x8e98be64d8ad43b0c279a757403616e0ef4c500f72f1ae89099f52fc3cdcf4ec
2023-03-19 03:17:35,False,4.5449,0.01356,41.5325,0.5631,0x2d...7822,https://bscscan.com/tx/0x2529a4de8fe07fe7179230158df39d4e5d51e827b945550b970f8a51f77775a2
2023-03-19 03:04:32,True,4.5512,0.01363,34.7268,0.4733,0x2d...7822,https://bscscan.com/tx/0x32e4a014cfee07d62295b52d0b8ef7284bade4128cb34cd40314be6e9e19ce77
2023-03-19 02:28:47,False,4.5461,0.01356,35.8742,0.4865,0x2d...7822,https://bscscan.com/tx/0x85cb2444920339f872c2debb3c6dfc9261a25cb4bd2c8322460bf88d179a2ef4
2023-03-19 02:26:32,True,4.5673,0.01362,43.4879,0.5926,0x45...e039,https://bscscan.com/tx/0x3d50ed1ee35a27c68727178f765909e7ad7fe06d2723c085c9fbb1e023619888
2023-03-19 02:14:35,False,4.5415,0.01355,36.7227,0.4978,0x2d...7822,https://bscscan.com/tx/0xd7191fa38e87404680a14ecdb3f550c3384f5c0c0c9501a6af586065e2a7c1af
2023-03-19 02:12:20,False,4.552,0.01358,33.9771,0.4615,0x2d...7822,https://bscscan.com/tx/0xf51e3e2c2363cb935de49fa07e3936596c32569c5c7e86b912fd08b8f75274f1
2023-03-19 02:10:50,False,4.5601,0.0136,30.33,0.4127,0x2d...7822,https://bscscan.com/tx/0xaeb492caa8030714519e071838951b71c613b0966d5d2a84ba38567262bb5abc
2023-03-19 02:08:50,False,4.5445,0.01363,34.1832,0.466,0x2d...7822,https://bscscan.com/tx/0x0b38330881ac65f21cbbdf8e571df7604d9688ae665fb33ff787c55a7a9c2bd6
2023-03-19 02:03:29,True,4.5939,0.0137,32.8984,0.4507,0x2d...7822,https://bscscan.com/tx/0xc37bb77248a5933f525ad41dfe571223434d437a1fe786c5aafca6cc04496e1b
2023-03-19 01:54:53,False,4.5488,0.01363,40.4436,0.5514,0x2d...7822,https://bscscan.com/tx/0xf30fb0524f540639537170b22d6416f6245874b0af640bdab0b2b5bc25497134
2023-03-19 01:52:59,True,4.5935,0.0137,50.0,0.685,0xca...cafe,https://bscscan.com/tx/0xaf0375a946c99ba7e372ed6b06cd1891446ee31f51ee9820139c68122acafe1c
2023-03-19 01:50:24,False,4.5472,0.01362,36.5207,0.4976,0x2d...7822,https://bscscan.com/tx/0xa130441fabdccb6735b17383e07c15531650c376248976a049a4fe915ef53951
2023-03-19 01:44:40,False,4.5924,0.01369,135.971,1.86176,0x2d...7822,https://bscscan.com/tx/0x0036e2462240bf997e4240b2deaf74b0df629ae86f50bd821defeca5b58e0492
2023-03-19 01:44:40,True,4.6194,0.01377,105.0,1.44612,0xca...cafe,https://bscscan.com/tx/0xdccb4d25966a0140f377416b7171d10d97843103fc008b7f5215a1286357af79
2023-03-19 01:40:19,False,4.5747,0.01367,31.823,0.4352,0x2d...7822,https://bscscan.com/tx/0x186e534d689ffd2fa6c1e40aa1b5fb6a5b5c05598f4dda94bea2ace3d25025ae
2023-03-19 01:38:40,False,4.5838,0.0137,42.063,0.5764,0x91...79fe,https://bscscan.com/tx/0xa68415214e16f1396982289377bd4bf94daa9726855c133a5bf39f418d6ce5cc
2023-03-19 01:36:07,False,4.5711,0.01373,44.8629,0.6162,0x62...1f10,https://bscscan.com/tx/0x73cd94a5951fbc0a62cd96d6f2d9bfdd5d408ff27b196239a789691c0d963cd5
2023-03-19 01:24:29,True,4.5804,0.01381,34.9485,0.4826,0x2d...7822,https://bscscan.com/tx/0x3d002b291d36fc3e4b5d6d8f95cc68dd5397402101b890b97c3ae4687d41e8a3
2023-03-19 01:17:26,True,4.5733,0.01379,2.28401,0.0315,0x2d...7822,https://bscscan.com/tx/0x3e13a3ce999af151fcea39abed71490eede6e806ab9baacc549700784f660bfb
2023-03-19 01:17:26,True,4.5668,0.01377,48.3764,0.6664,0x05...7eea,https://bscscan.com/tx/0x9f61c4fa623b6bff026ea2eac77976a4691908f2172e05e80f810d2ab14e6fab
2023-03-19 01:17:20,True,4.5565,0.01374,33.4069,0.4591,0x2d...7822,https://bscscan.com/tx/0xe2752369b96c3790cf37fabf957da5807d1c6b322d9520b34580de61b7be3129
2023-03-19 01:13:59,True,4.5666,0.01371,43.7361,0.5998,0x2d...7822,https://bscscan.com/tx/0x94802808c1c458b192fcd568492b592a270321827a9ad74f1f6d1884f802f3fc
2023-03-19 01:12:47,True,4.5352,0.01369,16.5552,0.2266,0xfe...cfd7,https://bscscan.com/tx/0x7a232980f9f233c71ea6471403c7748de684796b34d0f479442705507e614f71
2023-03-19 01:05:49,False,4.5242,0.01361,3.15994,0.043,0xc0...5fdd,https://bscscan.com/tx/0xd80b318b8fe2403bc2c119e3241a5a93cc30c9eaf1a649f83c33b1487d69993c
2023-03-19 01:05:34,True,4.5471,0.01368,0.0414,5.674e-05,0x2d...7822,https://bscscan.com/tx/0x9cf39234b08eb22566d50fd8ac42ca21e39fd2f25eb95320999a369443abb171
2023-03-19 01:05:31,True,4.5429,0.01367,33.1953,0.4539,0x2d...7822,https://bscscan.com/tx/0x4f6eb15a8de67b2805e724fcc62c1614f29ff11ed1af845680c893d9e4dcf310
2023-03-19 01:05:22,True,4.5346,0.01365,33.1819,0.4529,0x2d...7822,https://bscscan.com/tx/0x820162e6e0f49ef40b2a4d95affc0f734131f2c5087046cb935b8272bd343121
2023-03-19 01:04:40,True,4.5269,0.01363,6.19537,0.0844,0x2d...7822,https://bscscan.com/tx/0xe3f5c9d3eae42d59b94dc20fbe6c2882e4ba770aa9f6920c4dbb80c7a5d227c2
2023-03-19 01:04:37,True,4.5202,0.01361,47.7,0.6494,0x05...7eea,https://bscscan.com/tx/0x8dbddcf576b060bd11698a27c269a1701b8a59eb99ad80e411ca6b99f39b7151
2023-03-19 01:03:43,True,4.5041,0.01358,35.8602,0.4871,0x2d...7822,https://bscscan.com/tx/0x2db2af0852eba1bdb875a2b8c65badef542162f67c92dcadfc13758f51a0ccdb
2023-03-19 01:03:10,True,4.4923,0.01355,34.8138,0.4719,0x2d...7822,https://bscscan.com/tx/0x207407f2a4622f092e7be2eb4df45587aa8289b72e25b42b21df16a966c9798d
2023-03-19 01:02:34,True,4.4813,0.01352,45.7003,0.6182,0x2d...7822,https://bscscan.com/tx/0x6ba0d7e09e41a10d2ceb87a7fbde70498af91b0800bec4cae541dde4c7b3301c
2023-03-19 01:01:52,True,4.47,0.01349,35.7039,0.4818,0x2d...7822,https://bscscan.com/tx/0xdc56db8afdfbe9cfa935d9ce01030bd692a82a0fef48cf4c6c8e462ab4fb12da
2023-03-19 01:00:40,True,4.4397,0.01347,37.4448,0.5043,0x2d...7822,https://bscscan.com/tx/0x620277d99e16f8bdfb6514590a269783010251f18dd190de8261283b37a03574
2023-03-19 01:00:16,True,4.4597,0.01344,34.6973,0.4664,0x2d...7822,https://bscscan.com/tx/0x6e8d5ab7662a4baa43aa7fc8757196cb55255b3a5cc33635e11a0e20872025e8
2023-03-19 01:00:10,True,4.4518,0.01341,29.8084,0.4,0x2d...7822,https://bscscan.com/tx/0xef053936fea37e1a04a0c79a5353f0790fc5887c439157d5c05e4e28375b0da6
2023-03-19 00:51:00,True,4.426,0.0134,4.10484,0.055,0x90...48cd,https://bscscan.com/tx/0xfd8a67c1d0faefabb83f69c2651a0ddd74af306171ad89781fccb35762a73a9a
2023-03-19 00:50:57,False,4.4082,0.01335,39.8111,0.5315,0x2d...7822,https://bscscan.com/tx/0x38b1055b017162b475f6c68e68e7a2599e0a6cf7439733cef81492f65bbce051
2023-03-19 00:50:30,False,4.4138,0.01336,6.00719,0.0803,0x2d...7822,https://bscscan.com/tx/0xb6f2994c60b2c10aa8f90d4d0d5c7d5e9a5498ac2827d99473a0e9c7e03f7b37
2023-03-19 00:50:30,False,4.4238,0.0134,76.2556,1.02181,0x71...69e3,https://bscscan.com/tx/0x9a97ad3c8ac6f0e2e75128a57d04aad41ae15cc8cf78a46ebdb2865e07be9333
2023-03-19 00:48:25,False,4.4349,0.01343,7.24698,0.0973,0x10...c944,https://bscscan.com/tx/0x98045551f2669c318c8c5b347389bed2e8cf29c89eae1c392a9f480ad73d7add
2023-03-19 00:47:59,False,4.4396,0.01344,31.5872,0.4246,0x2d...7822,https://bscscan.com/tx/0x312dc77c6aa4dca85e627c7dd7ad38a6c3db1b1485a2a6a09f85a2045e5b3bc9
2023-03-19 00:44:40,True,4.4921,0.01352,2.09408,0.0283,0xd3...7c49,https://bscscan.com/tx/0x08cc1b528b147c28e0e2aa94a890006b14d46069292f57168bc8aacb573b5ef7
2023-03-19 00:44:16,False,4.4776,0.01347,62.4176,0.8412,0x05...7eea,https://bscscan.com/tx/0x31ff5f2bc6ec255eb2bbf18163ab79cc6b6f2255334b5bb948a3e88d36e0fe6b
2023-03-19 00:42:46,False,4.4679,0.01351,40.2954,0.5446,0x2d...7822,https://bscscan.com/tx/0x19d2f4456f0f8c985d7fde1100b9599a827f019c8fd46f78ee8ff0e1b02236bf
2023-03-19 00:41:25,False,4.4999,0.01354,34.9313,0.4731,0x2d...7822,https://bscscan.com/tx/0x333d32c3e1cfea3ee82213abbcdb936b79b7bd5484b9ea7041221736acde2874
2023-03-19 00:41:01,False,4.5308,0.01363,210.566,2.87152,0x2d...7822,https://bscscan.com/tx/0x3ef4f388b4a0d86743ab0f799625ea450b132754842cd37de12308361d141256
2023-03-19 00:41:01,True,4.5569,0.01371,182.899,2.50859,0xfe...cfd7,https://bscscan.com/tx/0xa1a4950f0e0f7c3ce7898b6f894245cc52a6ee15356edfaaefc173e8420e62e2
2023-03-19 00:28:55,False,4.5172,0.01359,35.7273,0.4855,0x2d...7822,https://bscscan.com/tx/0xbc62830c970791e556fbacfc71d6523e5ced231d64dc63b7e4a5826bdb1eeee8
2023-03-19 00:26:34,False,4.5145,0.01361,38.1907,0.5201,0x2d...7822,https://bscscan.com/tx/0xd10da6658e9718d48a11eda4c6b291b8322339479e730de93ecd883f83cfcfa2
2023-03-19 00:25:10,False,4.5185,0.01363,5.57998,0.076,0x2d...7822,https://bscscan.com/tx/0x596cdebbc6ec04e4db36dd4b9c61905cd1989298bdf90f7ad647b2d17e8816ee
2023-03-19 00:25:07,False,4.5248,0.01365,44.7683,0.6113,0xca...34d7,https://bscscan.com/tx/0xceca0e5c6c7dc0f5c42f11477fabfd9d608f5c176de50989e7a8479d72617019
2023-03-19 00:24:52,False,4.5377,0.01368,38.962,0.5332,0x2d...7822,https://bscscan.com/tx/0x9ce2e314505147d66f1366872e94e70fbd9c7dae960ee0d534523c5c9bb12f24
2023-03-19 00:20:28,True,4.562,0.01375,41.811,0.575,0x2d...7822,https://bscscan.com/tx/0xe98bc193cebaadf7e6abd95215cc91c2c581e2c1ec583ba1db884d61b0b26c96
2023-03-19 00:15:40,True,4.576,0.01373,2.85998,0.0392,0x0e...2f4c,https://bscscan.com/tx/0xebe9a1717c09a0fc991542690212c11a27761a9446588ddeddfac9be0a78d875
2023-03-19 00:15:31,False,4.5571,0.01368,34.7976,0.476,0x2d...7822,https://bscscan.com/tx/0xcbd37c313401f4f5f0a1bb4594445c5d62133e727518bcc4fb3f7d30c95c23f6
2023-03-19 00:14:25,False,4.5656,0.0137,35.9371,0.4926,0x2d...7822,https://bscscan.com/tx/0x67a1dd60c198605bf2ceb44f133d5738cc2a5c5ef435221f05df25c18f28c26f
2023-03-19 00:13:31,False,4.5527,0.01373,43.2853,0.5946,0x2d...7822,https://bscscan.com/tx/0xc253763c6040e4e5e6563d815a407136ee3b14756c8404889f813602e846950a
2023-03-19 00:13:13,False,4.585,0.01376,30.3748,0.4181,0x2d...7822,https://bscscan.com/tx/0xdda6af5c6092edad3d23fe391f75a0852cebbcbe3b33b4b5129f9b51bf59efb9
2023-03-19 00:12:34,False,4.5889,0.01379,33.9022,0.4675,0x2d...7822,https://bscscan.com/tx/0x6821f10554cd911d2fea75d4ec4719ece94492e9ae8efcfb24d57261d32a4c39
2023-03-19 00:11:55,False,4.5837,0.01384,101.7,1.40786,0x2d...7822,https://bscscan.com/tx/0x3646e941ef163fccb1dac84e7d8ff5a701a561ca021a9792491001f9afa00b2b
2023-03-19 00:11:55,True,4.609,0.01392,83.3107,1.15966,0xfe...cfd7,https://bscscan.com/tx/0x2bfa1721d925104accab894b4c07aa22204def264a2f4fd0a7d833dcee19c024
2023-03-19 00:11:37,False,4.5806,0.01383,41.1578,0.5693,0x2d...7822,https://bscscan.com/tx/0xa5e0655d46c5ddcb7445c0fea59f6eced100949a704af34a44bdbd80f858d714
2023-03-19 00:10:07,True,4.6064,0.0139,33.124,0.4606,0x2d...7822,https://bscscan.com/tx/0x1e0799e19082ed1d1c27ed035a9532041a101bde3896907ffbe03dab05f3162d
2023-03-19 00:09:22,False,4.6029,0.01382,5.90604,0.0816,0x2a...e55a,https://bscscan.com/tx/0x44dca1f0276c3446c8137e17409810d2562ecb4da68d126e0bd1e6258456bec4
2023-03-19 00:09:01,True,4.6226,0.01388,34.0911,0.4733,0x2d...7822,https://bscscan.com/tx/0xb147753128434c2f7a21be56e01730ee57b734a052b00f02d48d900f669dc038
2023-03-19 00:08:31,True,4.6138,0.01385,34.1517,0.4732,0x2d...7822,https://bscscan.com/tx/0x0dc2e69a9a4e3835d7bffafc3755eeafc90c28ec126c18001a1d4f9e10e0dadd
2023-03-19 00:07:52,True,4.5849,0.01383,30.9028,0.4274,0x2d...7822,https://bscscan.com/tx/0xc9a622bb192e7b510425e0977d8d48b56330214121521fc0a85daffc9e446b9c
2023-03-19 00:05:49,True,4.5807,0.0138,34.99,0.4831,0x2d...7822,https://bscscan.com/tx/0x788c464ac015a94e661517c39267f89d694ba63b7937c2600ae1c62661fdbd66
2023-03-19 00:01:55,False,4.5806,0.01374,38.4742,0.5286,0x2d...7822,https://bscscan.com/tx/0xe09a876fed137d3976c01c552fe1a3db4b68316e465516508b1959f35526fe83
2023-03-19 00:00:01,True,4.6097,0.01381,30.0,0.4143,0xfe...cfd7,https://bscscan.com/tx/0x3809e2d29c314f050459c8d4c666338287f1e5043df5f69b845e7cb48a20c155
2023-03-18 23:58:40,False,4.5649,0.01374,49.6082,0.6818,0x23...97ae,https://bscscan.com/tx/0xadff1bb8191c5a40471f34372bf38da1aaa39e768d4ccf7ad06e0b7cdf3b12e2
2023-03-18 23:58:37,False,4.5796,0.01378,48.133,0.6636,0x2d...7822,https://bscscan.com/tx/0x083fa9a0acc10e33baee793abd0e8bcbc22f5e70d79773dc948e05d14c59e03b
2023-03-18 23:58:37,False,4.5971,0.01384,88.3489,1.22283,0x11...a5bc,https://bscscan.com/tx/0xcabdd3ff7bad018f8c14a2743e9f8bb2de65104cdbe37631d55748790d9aa1fc
2023-03-18 23:58:37,False,4.6125,0.01388,30.93,0.4295,0xed...4f31,https://bscscan.com/tx/0x00367e80aa18c9e35ca69004d24d9a346544091cafc62e9f595e599694665c0c
2023-03-18 23:58:37,False,4.6174,0.0139,7.63452,0.1061,0x60...fff9,https://bscscan.com/tx/0x3af412ba3fc9ba0106583ea9fbba65c502d7b2c6df97a30b7fbab19f72231fdb
2023-03-18 23:58:37,False,4.6251,0.01392,51.331,0.7147,0x62...fadf,https://bscscan.com/tx/0xed33e71e9e6f815c5deb4f12efadbd623a4526c440cb983a85bb175f6163948c
2023-03-18 23:58:37,True,4.6096,0.01387,350.0,4.85742,0xfe...cfd7,https://bscscan.com/tx/0xad0765771113c595278ffaa6b27f2adfad29f5e4a3baf237b52d42f8a81d2f9f
2023-03-18 23:58:16,True,4.5834,0.01373,34.9594,0.4799,0x2d...7822,https://bscscan.com/tx/0x74e5858abe61b2bd020254b70543f7838b00022097381b3e2b46a6b43c3b6e1f
2023-03-18 23:57:58,True,4.5513,0.0137,34.0226,0.4662,0x2d...7822,https://bscscan.com/tx/0x471ce24d1d9670dbb1c2bddb907ca177c16a34feb99b27614c7b5efadf208858
2023-03-18 23:57:04,True,4.5697,0.01368,7.24698,0.0992,0x10...c944,https://bscscan.com/tx/0x8ef6ad088a1bbe4ac4b29ecd8ff607874f9778fa67d763d9e0e5bac0c02e3fdc
2023-03-18 23:52:19,False,4.5307,0.01362,11.7678,0.1602,0xee...32ec,https://bscscan.com/tx/0x2d6473687778e9a6e63ea227608ebf526187abf51e75b80823ca6d2a7d44e20c
2023-03-18 23:52:07,False,4.539,0.01364,53.5551,0.7308,0x2d...7822,https://bscscan.com/tx/0xa1cd3d1a4c82d60cf3f7d2a0beee8574bb9d73b611abdbb3615d1a10dbdee52f
2023-03-18 23:52:07,True,4.5488,0.01367,156.369,2.13838,0xfe...cfd7,https://bscscan.com/tx/0x9314af3bdc94d8725300b5f29da3718d01b68ac260d6b06a30b62ea66304a7df
2023-03-18 23:50:34,True,4.5254,0.0136,32.52,0.4423,0x2d...7822,https://bscscan.com/tx/0x6ca6d6ef97157fb53fff0b9bd42866dfea572b19d968a908775e5dc3d80a3a39
2023-03-18 23:47:55,True,4.5399,0.01357,35.9306,0.4878,0x2d...7822,https://bscscan.com/tx/0xa4e94a7d7f6422c0e1d32d0b1d21f493de05fd710e484f2164d627335b107d8d
2023-03-18 23:46:02,True,4.5316,0.01355,36.0364,0.4883,0x2d...7822,https://bscscan.com/tx/0x0ec0888bde39282cc1e1b260f243a28c0d0c02c1827a4d0039ef781c0018cd82
2023-03-18 23:45:32,True,4.5225,0.01352,37.3879,0.5056,0x2d...7822,https://bscscan.com/tx/0xeca7a71cf51fdf754176dc77f107762982c18c04585ce3316b667fcf66e53a29
2023-03-18 23:43:59,False,4.5128,0.01347,86.3001,1.16282,0xb6...4942,https://bscscan.com/tx/0x837c42ace6d3401c77a7e9deb147945b6e07db5f957be28342dbf9a7521e93ff
2023-03-18 23:28:38,True,4.5587,0.01356,32.9607,0.447,0x2d...7822,https://bscscan.com/tx/0x02002c6aa77a0dbfbb40cba283bb950490f0555c5d225790061aeabba0d62fb3
2023-03-18 23:27:44,True,4.5501,0.01353,35.918,0.4861,0x2d...7822,https://bscscan.com/tx/0xdbc8f83477d3cc588c939298be63d441192346e5753c72cc4f7531158d0f1e06
2023-03-18 23:23:47,True,4.5196,0.01351,33.4086,0.4513,0x2d...7822,https://bscscan.com/tx/0x2c784072091ede813d7e4fb36681d5ce7dca1a230a1f50f156bf12f18bdaa203
2023-03-18 23:21:23,True,4.5356,0.01348,39.1888,0.5283,0x2d...7822,https://bscscan.com/tx/0xc0fc8399ed88e3fcd0def05087759c8a6aab3bb40c960d9e442826f868c05b00
2023-03-18 23:18:23,False,4.4899,0.01341,24.4669,0.3281,0xfb...ef80,https://bscscan.com/tx/0x5f2a6d72e88398df821782e1585c7d6065a3f40ee311a1bebf855e610c28c875
2023-03-18 22:59:33,True,4.5429,0.01348,2.41772,0.0326,0x34...8793,https://bscscan.com/tx/0xb25a00c700dc60b69592d130bacc332a45dce3061b9afd0fd80e8ec37e63111b
2023-03-18 22:59:18,False,4.5017,0.01343,35.7518,0.4801,0x2d...7822,https://bscscan.com/tx/0xaa0e916ee077e592a3a37bef79810b10bc948a43b26233733c8685b2e8bb2c08
2023-03-18 22:54:36,False,4.51,0.01346,42.8344,0.5765,0x2d...7822,https://bscscan.com/tx/0xd4e931105a66d4beb2181752e6360f6b4d0509e558e6ba9b010ef002a2c3174d
2023-03-18 22:43:27,False,4.5414,0.0135,80.6897,1.08977,0x25...abbc,https://bscscan.com/tx/0xf8709b212d23747ccf010386443b6964a39023ccb4c91bcb62d7e4dd519a9c3c
2023-03-18 22:37:48,False,4.5819,0.01354,34.5655,0.4683,0x2d...7822,https://bscscan.com/tx/0x055cb960bdf18ae4b4a0bf2f878629bc447cb0e21837fbab7d29923b0d419bb5
2023-03-18 22:31:25,False,4.5871,0.01356,2.0,0.0271,0xac...8754,https://bscscan.com/tx/0xa0ae26a4243411558337f67c49f006d845b0a8d6bc3fbe14d0bc2b611dc2303f
2023-03-18 22:30:04,False,4.5882,0.01363,183.004,2.49474,0x2d...7822,https://bscscan.com/tx/0xeabbebd4dd98fc948babbf453b73ae33bc982cde89798df59987926feb6cf442
2023-03-18 22:30:04,False,4.6326,0.01376,164.102,2.25876,0xdb...8aba,https://bscscan.com/tx/0x8691ac181fe765ebab3f21ece05b7c1208a55dd91b9e73be5564e58d073a28c7
2023-03-18 22:30:04,True,4.6291,0.01375,371.017,5.10286,0x45...e039,https://bscscan.com/tx/0x005f748647a01a8a53ab26d10684a6ab3257042ba2396704b196e8b6f5b30edb
2023-03-18 22:22:40,False,4.559,0.01354,6.09877,0.0826,0x9d...354c,https://bscscan.com/tx/0xbc1c840002a05dcc4c1413274791d9ec6095905b65f743e11ad65c1c608e97d3
2023-03-18 22:20:19,True,4.6052,0.01361,4.13006,0.0562,0x8b...cc7a,https://bscscan.com/tx/0xa6110028aa6f93363932687923fafc236b0935f811955a66ca3f2a0328ac448c
2023-03-18 22:12:28,False,4.5616,0.01356,36.6689,0.4972,0x2d...7822,https://bscscan.com/tx/0x074707f3ca5d5fb0b2139d461d9584948ead3fd3865bdc948d4321c72ddd6cb0
2023-03-18 21:46:48,True,4.6069,0.01362,35.7206,0.4868,0x2d...7822,https://bscscan.com/tx/0x3c88d3c515ea19a33793bd532d893581fcd2ca623704cec8813931869c990b07
2023-03-18 21:46:45,False,4.5858,0.01356,50.9506,0.6911,0x10...4c47,https://bscscan.com/tx/0xdd12c6b9b4d16325fceab3b041c3c8df6dd6401748d7a77d69ff02b873d6f1c5
2023-03-18 21:41:00,True,4.5801,0.01363,37.2741,0.5083,0x2d...7822,https://bscscan.com/tx/0x4586730ce324ff838ad72307441b2bfd6e6ce9fc78ca480609a762c81c685754
2023-03-18 21:40:03,True,4.5876,0.01361,38.3963,0.5225,0x2d...7822,https://bscscan.com/tx/0xa6ae5a7ea4a51ad83be2f7c2ce9ef9233c8821189722a4f2f120354266411fb7
2023-03-18 21:38:12,False,4.5628,0.01353,22.0,0.2978,0xb9...d043,https://bscscan.com/tx/0xece2f486cfc9b3690967484d381a996041d90ad476a87d9a832952ac6c2bb2f2
2023-03-18 21:27:45,False,4.5473,0.01355,32.2961,0.4378,0x2d...7822,https://bscscan.com/tx/0x446c3115c2feaa1e68b74df54188ba2a3ae90717b5dc0c9c42880da993d629fb
2023-03-18 20:55:55,False,4.5539,0.01357,21.9568,0.2981,0xb6...4942,https://bscscan.com/tx/0x7b7b7386c436235ed3ebed2e2366645f63d7a19611dd5144f63e2ce602bbfe73
2023-03-18 20:48:38,True,4.6087,0.01365,8.67025,0.1183,0x34...8793,https://bscscan.com/tx/0x295d30e6eca19cdd363bcf6e760d1fb38b7af15b388db8dc8ba0af3caff77cb5
2023-03-18 20:48:20,False,4.5659,0.01359,32.9565,0.4479,0x2d...7822,https://bscscan.com/tx/0x736f200476b11e957d02b96a80bdf9e1d2b262d02e72b42cbe349cead0f76bb5
2023-03-18 20:45:56,False,4.5981,0.01361,36.4589,0.4964,0x2d...7822,https://bscscan.com/tx/0xb9b36bbc9af451c3f9851433323cd9e770982ccb9f73d187c752448a71d6e34e
2023-03-18 20:40:59,False,4.5862,0.01364,43.4456,0.5929,0x2d...7822,https://bscscan.com/tx/0xe3b5eca6d2adcca3af15171acdf77ae865a3961dd69afed0c5db47499261357c
2023-03-18 20:40:59,True,4.612,0.01372,21.5737,0.296,0xb6...4942,https://bscscan.com/tx/0xfe30c1ff9276717ddbfcb7f1b4a6df3e7a850c7e2de37cd394aabb053bd82091
2023-03-18 20:29:02,True,4.5965,0.0137,37.6675,0.5161,0x2d...7822,https://bscscan.com/tx/0xf9c5df2a428034a82e9b4310cfabf79006d85916a117a8f8cc0b0a9c497aa0e4
2023-03-18 20:19:20,False,4.5899,0.01363,33.8028,0.4607,0x2d...7822,https://bscscan.com/tx/0xf922444fd6474470c849d95fa29109acfc33fde3362333fc267e263ab3dd6522
2023-03-18 20:18:32,False,4.5984,0.01365,32.805,0.448,0x2d...7822,https://bscscan.com/tx/0x8aa0b6fcdeebc40dffb511cf37ebc408aa7365438e0b6baceadf1cc97074ae2e
2023-03-18 20:16:26,False,4.5842,0.01368,34.1267,0.4669,0x2d...7822,https://bscscan.com/tx/0xd602e4cf4b2dcd03ef33c7517137246022fa49ff7fce80548a19833532da4623
2023-03-18 19:58:27,True,4.6043,0.01374,44.5957,0.613,0x0e...7558,https://bscscan.com/tx/0xe55f080b6c45de423f38ace79fd41fd8d63c139e72c6279e1d9876079da0c5f7
2023-03-18 19:56:36,True,4.5939,0.01371,38.5057,0.5281,0x00...78d2,https://bscscan.com/tx/0xc5dc510b11035dec744694afed879871bf7cfebe02a1e2c39a52b6a4c8e0e25e
2023-03-18 19:45:22,True,4.6045,0.01368,52.2724,0.7151,0x9c...3f22,https://bscscan.com/tx/0x272f7f6be0f3076076c87bb6a2db9b5e22f6db7a3701078146cb670a471dff57
2023-03-18 19:45:16,True,4.5811,0.01361,131.574,1.79085,0x11...a5bc,https://bscscan.com/tx/0xa4c97ffc8878b4d37e40fe259c5cf7b2bb95c873431a553ef5fac8d093fbbdc1
2023-03-18 19:45:16,False,4.572,0.01358,240.0,3.26012,0x58...5421,https://bscscan.com/tx/0xb74a66e029470365a55f6ebbf65491da29a7052b7d756958f02d2a4a2410cb4b
2023-03-18 19:43:40,True,4.5915,0.01371,86.6832,1.18841,0xb6...4942,https://bscscan.com/tx/0xa5765b9f39f73f5fa87e4707a4f89199800b385017606761e5b942b149d7ad81
2023-03-18 19:43:19,True,4.575,0.01366,44.7202,0.6108,0xb3...55e7,https://bscscan.com/tx/0x1ef9370ff251b83c805089cdb3af44144a3d389258743a42782ce07ab4e5ff4d
2023-03-18 19:42:31,True,4.5634,0.01362,46.1859,0.6293,0x11...a5bc,https://bscscan.com/tx/0xe21c4687571dc9daadc766dcb72fd4556e195613815fa0deeec5d61f443b1be5
2023-03-18 19:42:31,True,4.545,0.01357,117.64,1.59643,0xd6...f5d2,https://bscscan.com/tx/0xc7b168ec707e81984757b7e8d14761e3837cba5319aa6634756e998e967b385e
2023-03-18 19:42:31,True,4.5238,0.0135,33.758,0.4559,0x2d...7822,https://bscscan.com/tx/0x8ef9e77dc5d14ac5fc74cc07b46ae2a53177d4ff686669b6f0cd972d4a9c832c
2023-03-18 19:42:31,True,4.515,0.01348,36.274,0.489,0xe7...7515,https://bscscan.com/tx/0x7de33ff314c93b2a3f001aa0116fee99b6bc6d6105ad4679b512bf151ad3b886
2023-03-18 19:42:31,False,4.5204,0.01349,260.0,3.50919,0x58...5421,https://bscscan.com/tx/0x500351a748338e9bb28230d231da2b100355e618209dd8d9bd24fcf844cdd7be
2023-03-18 19:34:52,True,4.5716,0.01364,40.1908,0.5484,0x2d...7822,https://bscscan.com/tx/0xf8bf968dc7ec55635a83d0488dc7489b92fc1616dce865fc5ecfda80ca4ed73f
2023-03-18 19:31:58,False,4.5619,0.01356,8.06286,0.1093,0x8c...5c0d,https://bscscan.com/tx/0x524fd29e899e90144b505b06a72a319f93d5ef8a11d9752a75d3b160da64dbf8
2023-03-18 19:27:10,True,4.582,0.01362,34.777,0.4738,0x2d...7822,https://bscscan.com/tx/0x741c1bddd4f5a91d8742c05a21e656eb8a15cc645b1b7f66d941429677437ad6
2023-03-18 19:02:11,True,4.5378,0.01361,0.3804,0.0051,0x85...06e3,https://bscscan.com/tx/0x517705072edd757df9f7ec2b8251e99d423fd249b5302dadbf6c9da1cf03bd1c
2023-03-18 18:58:38,False,4.5116,0.01354,4.43117,0.06,0xa5...926a,https://bscscan.com/tx/0x24af017a835b0988b3a73159961b5694f67d3c1ef33231defee69f0a9bca379a
2023-03-18 18:52:38,True,4.5265,0.01359,46.2765,0.6292,0x2d...7822,https://bscscan.com/tx/0xff52077cd358a416c52b6fa93da5f39b58dc98447512e216fc4d7a1250c9d3ad
2023-03-18 18:45:29,True,4.5145,0.01357,26.228,0.3559,0xef...9271,https://bscscan.com/tx/0x25630e4417826d5099adc8e54addace9a9b1d91a54d40727b388cd0a25579a9a
2023-03-18 18:31:59,False,4.4936,0.0135,34.8872,0.4711,0x2d...7822,https://bscscan.com/tx/0xc03985669c99d173abd8a150b41efaeef72dfb603fe8de362b784261f49cdd6d
2023-03-18 18:29:53,False,4.5249,0.01353,32.9202,0.4454,0x2d...7822,https://bscscan.com/tx/0x8eff25301663d4eb4d616678fe1f3ee882e97933bc7d76e571128941e572af63
2023-03-18 18:25:05,False,4.5494,0.01355,34.8212,0.472,0x2d...7822,https://bscscan.com/tx/0x358de980b30a44bf831312e13c04af4411981ba61fc68c4a8562ac6e0a1f74bb
2023-03-18 18:09:18,False,4.5673,0.01358,33.0159,0.4484,0x2d...7822,https://bscscan.com/tx/0x7ee9bb5ebc4fa207e21bddce3f595a529829c9a3202898a4778736520f5e91b1
2023-03-18 18:02:25,True,4.5922,0.01364,33.8155,0.4615,0x2d...7822,https://bscscan.com/tx/0xf38331a7650194d78cca9b46ee58c82b336caf6d3dc596088ee62b1577dc51cd
2023-03-18 17:56:16,False,4.5646,0.01357,22.594,0.3067,0x2d...7822,https://bscscan.com/tx/0x22a9d1a3694f506fae1154552665724865476e02b270775f88ee3d96717ac665
2023-03-18 17:56:16,False,4.5779,0.01361,81.9103,1.11531,0x00...78d2,https://bscscan.com/tx/0xfc9a90ee9404827c3761373e3dc3118c7dbf5ea17ed4d77e10fe0997e99ce5ac
2023-03-18 17:56:13,True,4.5941,0.01366,133.922,1.83,0xb9...d043,https://bscscan.com/tx/0xa00019b332e11c43d71e1544019d0e1ec06786dfb640de15150c6dc881a73b0b
2023-03-18 17:56:07,False,4.562,0.01356,61.3785,0.8328,0x8b...88f6,https://bscscan.com/tx/0x56e2b692bbc9b61d4bfe17dce2b6ed420d6b7f7fe96add24e50b35c1ec87792b
2023-03-18 17:55:16,False,4.5529,0.01361,46.8422,0.6375,0x62...1f10,https://bscscan.com/tx/0x1e8db4a1239ba5f678feb3577c285f4a9a2a94f44bbc3054e9bc70ad217fc145
2023-03-18 17:55:07,False,4.5625,0.01363,31.1798,0.4252,0x2d...7822,https://bscscan.com/tx/0x5dd3ff1b81293f978bff9da9d834c436eb1824fc594ba099ad771d7fab1da9be
2023-03-18 17:55:07,False,4.5969,0.01374,238.9,3.28305,0x11...a5bc,https://bscscan.com/tx/0xc730e13f36fcbdbd6005753cd4f618acb38cda76d4ff45a64cf76e350623e735
2023-03-18 17:55:07,True,4.634,0.01385,309.246,4.284,0xa7...3004,https://bscscan.com/tx/0x0a527909d8d06db68191be532506bbbc3866e7fbb39612ec5e571f62edaef820
2023-03-18 17:51:25,False,4.5736,0.01363,92.9119,1.2666,0x8b...88f6,https://bscscan.com/tx/0xd908f5ed268cfb1b26cb91402111dd65849d7cc79f9bda0220c0c3efe88e8702
2023-03-18 17:49:22,False,4.5927,0.01368,39.1812,0.536,0xab...5d8c,https://bscscan.com/tx/0x9c1ff1c5049d30da6a75c50c7ad658b0e77695faaa3062407c956b030fe0063b
2023-03-18 17:46:40,True,4.6065,0.01374,55.0187,0.7562,0x05...7eea,https://bscscan.com/tx/0x0cd0ab5faba69e6bf11dd988fd9cb8fad658a89f4b141d147480f9034c708ef4
2023-03-18 17:46:28,True,4.5934,0.0137,47.1296,0.6459,0x84...1fa4,https://bscscan.com/tx/0x6a74395f8082525e8b908506170b47dab0a078c211b5beb5d530191b012c163b
2023-03-18 17:44:46,False,4.5638,0.01363,30.0,0.4089,0x71...7771,https://bscscan.com/tx/0x6c6eafedd9b6c95c8fac52a7edf78e4d5a849142c53272b422d2f01fa1c8b645
2023-03-18 17:43:34,True,4.5815,0.01369,45.1809,0.6186,0xaf...847e,https://bscscan.com/tx/0xf1086e40a6506305505da7ccea1a2c6f7728731a0f418e32ef80efbee457a26f
2023-03-18 17:43:10,True,4.5439,0.01365,59.635,0.8142,0x05...7eea,https://bscscan.com/tx/0xb7bd120e0f45c9bcf3addcccae36da22b4c6cc2bee07918eb5cc2affcb71d3d4
2023-03-18 17:41:25,True,4.5418,0.01361,36.0794,0.4913,0xb3...55e7,https://bscscan.com/tx/0x0a9ec9dbdf7cafbfb99a93e5725b3a32ad7b0e18e98f30b5e427cefd65063ad5
2023-03-18 17:41:01,True,4.5194,0.01358,38.8838,0.5284,0x2d...7822,https://bscscan.com/tx/0xbef95e3e8b3c3b4c0b0b7f2e4d286aab6b22e204da671090aeff9f5644c3c3f8
2023-03-18 17:41:01,True,4.5075,0.01355,56.5909,0.767,0x8b...88f6,https://bscscan.com/tx/0xba5e30aeb3845f2b0f9c8143b3f441c5b9dd12ffa8435173327b28d50a04468e
2023-03-18 17:41:01,False,4.4882,0.01349,82.5679,1.11429,0xb6...4942,https://bscscan.com/tx/0x95ae11bbafefb7fa7245d97f185a818b6887ea5de0101ebc472c7d60e2688356
2023-03-18 17:40:52,True,4.51,0.01358,35.5193,0.4823,0x2d...7822,https://bscscan.com/tx/0x1f02124cca2ae97872e101d7c7c34341c648c717477f0987baf8779ed78ddc5d
2023-03-18 17:40:16,True,4.4963,0.01355,36.9001,0.5001,0x2d...7822,https://bscscan.com/tx/0x288ed7e376cedd30f822dc6de6dbb3bb52ae7755972ba8b09e1fcbc7cd2b3ef0
2023-03-18 17:38:34,True,4.4796,0.01351,54.1342,0.7318,0x00...78d2,https://bscscan.com/tx/0x25d36dacdd9e19ef9e56c6f9f2301882ef61acb9fb530034eaf6b50cc4fe2168
2023-03-18 17:36:04,True,4.4536,0.01348,35.9236,0.4844,0x2d...7822,https://bscscan.com/tx/0xfd285c937befd84979e59df0caf86d9ab652cafe1fef1007762f64f59b8dd914
2023-03-18 17:36:01,True,4.4455,0.01346,30.3666,0.4087,0x2d...7822,https://bscscan.com/tx/0xf2f7c908157cc69c0036bb9fa8ece3dd20a3b99e2c678e4c98ee3fdefd0a5770
2023-03-18 17:36:01,True,4.4307,0.01341,91.1154,1.22243,0x11...a5bc,https://bscscan.com/tx/0x26e5a47b8f49e8160c0de392d7fbeb697b2f74534fd335e3d3e02b347812fc84
2023-03-18 17:36:01,False,4.4193,0.01338,179.441,2.40124,0xe6...7c93,https://bscscan.com/tx/0x09c52cd5423d7faa7acecccaadbd80aa6394486418b132dbba68924cd4dcaeb9
2023-03-18 17:32:28,True,4.4436,0.01349,51.6609,0.6972,0x18...a4ab,https://bscscan.com/tx/0xa8d93b122c5fcba94597484454cdf3d47cd6527b64d451afdff2eeed48916571
2023-03-18 17:32:16,True,4.4372,0.01347,0.1073,0.0014,0x2d...7822,https://bscscan.com/tx/0x745c93139443bbd88e8c7ee2c3c6a6cedc22e40aee8593352aceb94dbcb38cac
2023-03-18 17:32:13,True,4.4313,0.01345,48.6764,0.6551,0x3a...231f,https://bscscan.com/tx/0x03561bbecd65a527600e4209ff62811b64ec14a7ed1acfbbb68b656e4783ddf7
2023-03-18 17:31:10,False,4.4279,0.01341,118.114,1.58477,0xed...4f31,https://bscscan.com/tx/0xfb8ee5613b73b1baa15aa744374f765a9a43c177fdbdec2f1b9c1d437902ae7a
2023-03-18 17:31:04,False,4.4494,0.01348,58.7465,0.792,0x62...1f10,https://bscscan.com/tx/0xc2e706c64ead45adc991c3f254851d0f295ce2bccd97dd671092c270f6c9d819
2023-03-18 17:30:55,False,4.5014,0.01351,32.8556,0.444,0x2d...7822,https://bscscan.com/tx/0xbc37b9923764877c69415acd22073db9cceb7dc7323f03af1272501dbd9b0ed9
2023-03-18 17:30:07,False,4.5038,0.01354,32.7357,0.4432,0x62...1f10,https://bscscan.com/tx/0x3579efadf3189083919b331b0d956636ec7508514b851f74413f949e7f2638dc
2023-03-18 17:29:07,False,4.515,0.01357,46.0976,0.6255,0x8b...88f6,https://bscscan.com/tx/0xc5fa8446a6cf8be4b85c2080456e7c0c4205d62296577d64ca1f8dc6a2fc934b
2023-03-18 17:19:10,False,4.5519,0.01359,10.375,0.141,0x78...3fc9,https://bscscan.com/tx/0x08ffce6320735516b4f446a9af6b21824425247ceae5bfba50eb26c4514613eb
2023-03-18 17:16:43,False,4.5479,0.01361,44.4941,0.6056,0xed...4f31,https://bscscan.com/tx/0x748df163c29bf9e4ea5b33f1587fe0cf5e05f9895d5d49c188eebb75dc308af0
2023-03-18 17:07:52,True,4.5662,0.01368,32.716,0.4477,0x2d...7822,https://bscscan.com/tx/0x761ca62d653614fe8f71f097be9f6a7cbf870da9d2d1419e513ad29f6102050a
2023-03-18 17:02:04,False,4.5399,0.01362,44.3778,0.6044,0x62...1f10,https://bscscan.com/tx/0x89850906905b554f15a71dd7e8ad549c8e739e1c6ced243a12c1993fe4477495
2023-03-18 16:54:04,True,4.5692,0.01369,34.1469,0.4675,0x2d...7822,https://bscscan.com/tx/0x9c5e74222d2b38dc0417e6f273e722318acc136bc2866cc3e0fa08a117cae7f3
2023-03-18 16:53:34,True,4.5573,0.01365,60.8141,0.8305,0x2d...7822,https://bscscan.com/tx/0xa69ef4fc07df1d567c9754f2281032038185837bc15e52b2abfa7594d0599138
2023-03-18 16:53:34,False,4.5489,0.01363,175.213,2.38846,0xa7...3004,https://bscscan.com/tx/0xda9bd1e67d6aa129d923ab325a44aaf0d42b89c86c61359a7fd4919fea16eda8
2023-03-18 16:51:10,True,4.5808,0.01376,25.0055,0.3441,0x9e...26c4,https://bscscan.com/tx/0x78ab7c808466266b80cdec45820e1b64253e7f64ceabe20a345337dc0297b496
2023-03-18 16:49:10,True,4.5647,0.01373,41.5711,0.5708,0x2d...7822,https://bscscan.com/tx/0x719feb147c8e316b6fe1044a13021efa3835245f024327d5c10e5df1b948cba0
2023-03-18 16:46:34,True,4.5275,0.0137,34.2307,0.469,0x2d...7822,https://bscscan.com/tx/0x08040231c2d748c1c97e9eab09a3a9f5696c013814ce49a9788b5676e7fcce31
2023-03-18 16:45:25,True,4.5326,0.01367,33.4269,0.4571,0x2d...7822,https://bscscan.com/tx/0xf08815b8db5db8d95b19e8a0480d12da20e25e59a22c1105a3ad1876c0472aae
2023-03-18 16:44:19,False,4.5168,0.01362,82.5679,1.12518,0xb6...4942,https://bscscan.com/tx/0xf3f3c11c5ee36cbf89806ef3390b9df8225e730f08116f4fb98a5b0bc69e5aaa
2023-03-18 16:43:40,False,4.5313,0.01367,34.7603,0.4752,0x2d...7822,https://bscscan.com/tx/0xd36e82f0c367c7bf6379ffc16de91778c518fb1685d29cb803e78b12d5251062
2023-03-18 16:42:46,False,4.5136,0.01368,6.31804,0.0864,0x62...1f10,https://bscscan.com/tx/0x20f419206c559e216a979f21351a005d7c2308c65e4c50cf419ff592b7f4c92f
2023-03-18 16:42:46,False,4.5217,0.01371,58.7483,0.8055,0xaf...847e,https://bscscan.com/tx/0x33df2930fd943df996f80513f3ac66def2df147a9ad06e411dd8b8b17f3ad87d
2023-03-18 16:42:43,False,4.5355,0.01375,50.8104,0.6988,0x00...98f2,https://bscscan.com/tx/0x6f36c48c6f60abfd5e2528653d8321e557be8fbea987678b180add8252e53c13
2023-03-18 16:42:43,False,4.5426,0.01377,6.37759,0.0878,0xa4...93d4,https://bscscan.com/tx/0x8c138755fb12aa8495852a3a5c03a90a8526433366f2041c58ca4ff9987ee9cd
2023-03-18 16:42:43,True,4.5014,0.01365,517.298,7.06121,0x62...1f10,https://bscscan.com/tx/0x3cce03f07b174a01d1a80331b146c03ed0c4fe11e147c499b80fe9d49b6aaac0
2023-03-18 16:42:43,True,4.4365,0.01345,8.89431,0.1196,0x74...eb33,https://bscscan.com/tx/0x892fb9587e7c6f7f4009045c21b4b77dd9a1919e9e22b5226f5b48f3adf94045
2023-03-18 16:42:43,True,4.4255,0.01342,82.3541,1.10518,0xe7...7515,https://bscscan.com/tx/0x1dddc27b2fa06f7f81e032dbca9c5e584bbd08a2489a3051df058351bb385617
2023-03-18 16:42:43,False,4.4552,0.01351,507.518,6.85664,0xf3...9414,https://bscscan.com/tx/0x4e71783253913c08a0b66c2a50d7c5a7c42c7f2e4e23697bfbd477e454ed7962
2023-03-18 16:42:25,False,4.5243,0.01372,65.1575,0.8942,0x2d...7822,https://bscscan.com/tx/0x5f644ecfa4c4f2cc99255caddfef910479ad273cd489233fb6c541c62deb50dc
2023-03-18 16:42:04,False,4.5369,0.01376,32.6949,0.4499,0x2d...7822,https://bscscan.com/tx/0xf396def3ec2b525551f1c227e35e4d372fd0fce2a1bf6bb60be0f54b1dbe1a5e
2023-03-18 16:41:40,False,4.5459,0.01378,37.0202,0.5104,0x2d...7822,https://bscscan.com/tx/0x62b52eefc1185cea80a6de88dd3ea8b4d4ad2387264e48374eb831624f65b930
2023-03-18 16:37:22,False,4.5819,0.01381,41.1939,0.5692,0x2d...7822,https://bscscan.com/tx/0x975c2b0aec05ab45416e1ff77600cd44decf2efdce02e560fac0a572da711b34
2023-03-18 16:34:26,False,4.5797,0.01384,39.2429,0.5434,0x2d...7822,https://bscscan.com/tx/0x8df861ce60aa6f366d25b747499799e8ea7dd19bebe502962f473b199725bcf3
2023-03-18 16:34:14,False,4.6133,0.01387,38.7025,0.5371,0x2d...7822,https://bscscan.com/tx/0x08bf42347ed1060acdf0e28ce03304bd404aef4ca0580c9d5ee488bd857e5d26
2023-03-18 16:33:51,False,4.599,0.0139,33.1313,0.4607,0x2d...7822,https://bscscan.com/tx/0x83e828a0527fcf041342e39a968e3085060ec4dbe96c23c2e6a86ed810d9e202
2023-03-18 16:30:20,True,4.6232,0.01397,33.0645,0.4621,0x2d...7822,https://bscscan.com/tx/0x92a1f0403b567be5395e4a4f6c69df59946d98b90c085ac9dd5d74ff24fa0a6d
2023-03-18 16:29:47,True,4.6369,0.01394,37.6733,0.5255,0x2d...7822,https://bscscan.com/tx/0xec8777b33b22976011d512b1e40543d8b87fb29a8c2276cc780cb69a629d8e63
2023-03-18 16:29:14,False,4.615,0.01387,36.0494,0.5003,0x2d...7822,https://bscscan.com/tx/0xed079333837867b65a542d3d34f350548d5ad2e595b908b31b1963d31b1a5d79
2023-03-18 16:28:53,False,4.6065,0.01391,56.2062,0.782,0x2d...7822,https://bscscan.com/tx/0xf36cc6e0447b89371033229cb6b986372be7fc0f01ce8216b10cacdff96a5f49
2023-03-18 16:18:26,False,4.6591,0.01395,33.6292,0.4691,0x2d...7822,https://bscscan.com/tx/0xed18866d5a0ea2ff3f65f2832cfb947de96594740a1a527706190890fe68c3da
2023-03-18 15:47:15,True,4.7114,0.01401,44.3569,0.6216,0xca...34d7,https://bscscan.com/tx/0x49d5640728bb1136229706a2bdf7747a039628ac9ac2ce425843a6c3949362cb
2023-03-18 15:46:15,True,4.6767,0.01397,47.7598,0.6676,0x05...7eea,https://bscscan.com/tx/0x022053cd38769d65446c7de367d91cac704aca28fc2d24668b4945dc890e8eea
2023-03-18 15:43:24,True,4.6961,0.01391,115.596,1.6086,0x11...a5bc,https://bscscan.com/tx/0x695390193c0cd62e8c0f03bd55ecb5b4cbaf058c38b8f1b1a1bced520f671112
2023-03-18 15:43:24,False,4.6875,0.01389,228.753,3.17739,0xe6...6af3,https://bscscan.com/tx/0xc60a4fdc847b6d23c64bfd8cd5f59f86abf104b4ebee4f372bc186100b1e3cad
2023-03-18 15:28:12,True,4.7356,0.01402,53.3216,0.7479,0x00...78d2,https://bscscan.com/tx/0x1fb72822f4bf4ae02aabe611c6bf116f6e0166f124f986639ca917b2ca2610a3
2023-03-18 15:26:57,True,4.7316,0.01398,46.6275,0.6522,0xe3...d2ff,https://bscscan.com/tx/0x98f77a2353d1fea03b7610e9f74b7e8a344c79cb247a0b7846b99f843439cfa3
2023-03-18 15:25:12,False,4.7137,0.0139,2.89506,0.0402,0x90...48cd,https://bscscan.com/tx/0xae9dc3e64a1833c293767f5750e7472e30a1b1f58f422523c9d07e0d916d2b7f
2023-03-18 15:25:06,True,4.7607,0.01395,44.4642,0.6205,0x3a...231f,https://bscscan.com/tx/0x6ea42eaec2f4082e0d3cfbba55848061f0a99e2b92872311dbfb83edd344254c
2023-03-18 15:22:57,True,4.755,0.01392,44.4848,0.6192,0x56...0086,https://bscscan.com/tx/0x3c7b2ce546832cfc59f18256f6934072045e58beb6cef49c5b554ef6bea16925
2023-03-18 15:17:41,False,4.7057,0.01383,0.7721,0.0106,0x2e...05db,https://bscscan.com/tx/0xe197b8390d1374c4d1ece7c4886001c86cb90f27d7f236d09bd611820d15292c
2023-03-18 14:50:15,True,4.7277,0.01385,27.0658,0.375,0x2d...7822,https://bscscan.com/tx/0x073ea2806211d77c12e4c3e903d2bfe6207a46c1267ebd84ae1b3ec6f63f8b0d
2023-03-18 14:46:15,True,4.7411,0.01382,58.2764,0.8055,0x00...78d2,https://bscscan.com/tx/0xc8ec27917c320930720422d45c57ae14162f751e652f95e2e9065ea8fb9c58ea
2023-03-18 14:45:00,True,4.7293,0.01378,32.025,0.4415,0x2d...7822,https://bscscan.com/tx/0x52e95a66c683bcf69275229b78e34c43858c280a227cef1cd53a4797c623b9e8
2023-03-18 14:42:42,True,4.6991,0.01375,43.6362,0.6003,0x2d...7822,https://bscscan.com/tx/0x11ea7b072fa19e92dbb3f189079c372a17960c3983d030f3f7cfc69e5b309874
2023-03-18 14:41:18,True,4.6892,0.01372,34.2692,0.4704,0x2d...7822,https://bscscan.com/tx/0x2262072d6f0bebf2bc2d134eec85aeb55d3e063183a19fe40944bb2036c1dad9
2023-03-18 14:37:12,True,4.7066,0.01369,53.8031,0.7368,0x09...18f7,https://bscscan.com/tx/0xa40d213a4e7d9749dcb51bf478546a336db64a9be7950a7bb27dda2bb6e8ec23
2023-03-18 14:34:51,False,4.658,0.01362,34.0819,0.4641,0x2d...7822,https://bscscan.com/tx/0x9fe3d222ce11facef1a63bd0c6189c0882fe9f3d9d2da6300cd92d63d322504d
2023-03-18 14:34:30,False,4.6901,0.01364,33.1216,0.4519,0x2d...7822,https://bscscan.com/tx/0xd14bea5d4e54563ade165ea2807b582863e2eab8d8c472969ba9b8973da6a3d8
2023-03-18 14:34:09,False,4.6748,0.01366,30.9239,0.4227,0x2d...7822,https://bscscan.com/tx/0xf6b43e1175b9ec543ed0f5711b604edf3cbaf45613ff841675578e6761d6f05b
2023-03-18 14:26:06,False,4.713,0.01369,40.0528,0.5485,0x2d...7822,https://bscscan.com/tx/0x16bebf1d6f16ef8d08e954558327d88f382d13684557071ba1f05eac71d8f754
2023-03-18 14:25:21,False,4.726,0.01373,56.5182,0.7761,0x52...1c7e,https://bscscan.com/tx/0xdf672c534d3a9d34374b3f680d59fe5d2b2305f271ea7bcfbe0318be780e96c6
2023-03-18 14:17:12,True,4.7261,0.0138,44.4818,0.6141,0x67...b7c1,https://bscscan.com/tx/0xa9eed4e30b314c8fcceb40e17cb53fe0f206371299bcc6bbb8644bcdbd678547
2023-03-18 14:04:28,True,4.72,0.01378,9.74694,0.1343,0x2a...e55a,https://bscscan.com/tx/0x0efefe60773c1db0b683ad7a9ee55218a05de1153079e55a5b768d680d0ec08a
2023-03-18 14:04:10,False,4.6973,0.01372,41.883,0.575,0xb6...4942,https://bscscan.com/tx/0x4de16e67a9d10bb8ab25e82031d5fd40f3d19e93ce43e2b96b7dd3e3ab8b4415
2023-03-18 13:57:23,False,4.745,0.01378,101.844,1.40377,0x91...79fe,https://bscscan.com/tx/0x44f2f57a8c2540596c601ecd3bc44b8427a29bb399e4419d53cb4a26ef587bfd
2023-03-18 13:57:23,True,4.7735,0.01386,65.8348,0.9129,0x4a...5c62,https://bscscan.com/tx/0xc6eaf16ea1ac53392b130b3d0dde8dcda8764e8a361d8f8ba489264d64a8fada
2023-03-18 13:57:06,False,4.7492,0.01379,51.8939,0.7157,0x62...1f10,https://bscscan.com/tx/0xdf5d7ee26166bbe8f3d72d3a21cd4c4361c924e72f5f4f83b8298254b8642d8a
