datetime,buy_order,price_USD,price_native,amount_token,total_native,maker,etherscan_url
2023-03-26 20:20:53,False,3.9612,0.01214,36.1229,0.4387,0x2d...7822,https://bscscan.com/tx/0xf592cd50d034c21012ab2f952644de610377fda9dcb916f4b80a4d0004fec81e
2023-03-26 20:11:56,True,4.0021,0.0122,35.6969,0.4357,0x2d...7822,https://bscscan.com/tx/0xe0bcf4c3e34e10c217769de6e13b77633e185d05ff2808516ee11ff47fa7954b
2023-03-26 20:03:23,False,3.9771,0.01213,10.0,0.1213,0x8b...3883,https://bscscan.com/tx/0x9d70a457f6faca7641a4dde37e8d2055324e796c01188a884eaf68aeca2257e8
2023-03-26 19:41:56,True,3.99,0.01218,50.0785,0.6103,0x2d...7822,https://bscscan.com/tx/0x652cc48479faf435b245a99db38d519ddfade3de39c1ee204a18774ff3808713
2023-03-26 19:30:59,True,3.9653,0.01217,2.52114,0.0306,0x97...784b,https://bscscan.com/tx/0x10896fedef9829a2854c55d2ae17485b5de73bbb2b865de7890de15eedeb87af
2023-03-26 19:30:44,True,3.9646,0.01216,3.72081,0.0452,0x97...784b,https://bscscan.com/tx/0x5e9731366b5cf10e71b88556154f0906ebd735f33efa031f056f2b9202fef9eb
2023-03-26 19:22:10,False,3.9495,0.01211,36.2139,0.4388,0x2d...7822,https://bscscan.com/tx/0x44d7fb79233ca849ef408abe4bc8aa6464674ea9d025b6dd83e375b5162d9876
2023-03-26 19:16:49,True,3.994,0.01218,2.50369,0.0305,0x13...8bcd,https://bscscan.com/tx/0x8a109140ebfd18c322f20616e7bbc693891a287604152dc5167787bdd5596caa
2023-03-26 19:13:46,True,3.9696,0.01217,42.8813,0.522,0x2d...7822,https://bscscan.com/tx/0x63617cca4721eff128379b673abf2632e2a212b3967100ea29666552c57c0b92
2023-03-26 18:59:49,False,3.9655,0.01211,36.5608,0.4428,0x2d...7822,https://bscscan.com/tx/0x4583f94ac03faed59f272b184fcfe219ae7d3f777add6ff6ed43e8cbebcd4cb3
2023-03-26 18:52:41,False,3.9733,0.01213,41.3726,0.5021,0x2d...7822,https://bscscan.com/tx/0xcd19a1800a305c77d76b7ecbea22529576ab26075cb150f4951b5033abeb6cf4
2023-03-26 18:38:32,True,3.9729,0.01219,36.3258,0.4431,0x2d...7822,https://bscscan.com/tx/0xcefd4db09d8f65a2f21fed4818ca6712e8c17e96591ee607929eb4d96822896c
2023-03-26 18:10:26,True,3.9835,0.01217,37.3577,0.4548,0x2d...7822,https://bscscan.com/tx/0xdaacb27a6e29a326fb8a8ca8eac0d81e6e09e12c1346ef10204d3ed8ccc47bc9
2023-03-26 18:09:02,True,3.9756,0.01215,42.9632,0.522,0x2d...7822,https://bscscan.com/tx/0x958ca393276d077b2b273c916da09f21566fc50117ef24d12ab5d6349ec466c7
2023-03-26 17:45:32,True,3.9522,0.01213,3.22971,0.0391,0x0e...2f4c,https://bscscan.com/tx/0x551ba0fb1f686075305c5b50376fdf38ff555e43f8220edc580c0b14b28662f0
2023-03-26 17:45:26,False,3.9576,0.01209,55.0,0.665,0x97...2eaa,https://bscscan.com/tx/0xe6919ff90abee7a882b5d24e11e72a88e9230a47d49a688bdf0e594e96c92f08
2023-03-26 17:38:29,False,3.9477,0.01212,56.0377,0.6795,0x00...78d2,https://bscscan.com/tx/0x22549b9bfaa05ba37574749572aaf40868c624a483ed5630b7871fcc56da0a7b
2023-03-26 17:37:26,False,3.9782,0.01216,51.1053,0.6214,0xca...34d7,https://bscscan.com/tx/0x6777f935dbee49c6ec52cdfecde2614cb41cf8dec0b6bc46eeff234165c2c344
2023-03-26 16:52:23,False,3.9884,0.01219,52.067,0.6348,0x56...0086,https://bscscan.com/tx/0xd1477a32c4b43dacda5f25e37120db7a10ec1799c03d050d589e50371b7e7d8f
2023-03-26 16:45:02,True,3.9937,0.01226,35.0,0.429,0xeb...07e3,https://bscscan.com/tx/0x791c9160d05ab0c01564ee60efd25371c3561a1092e3e89dfd24e5221ab8cafa
2023-03-26 16:42:41,True,4.0082,0.01224,16.8885,0.2067,0x0f...2b78,https://bscscan.com/tx/0x82677bfdd054e538b83f6a088686c0485f6bfa81a90ef7cb70f4dc71f105d076
2023-03-26 16:41:50,True,3.9853,0.01223,9.01941,0.1103,0x38...28dc,https://bscscan.com/tx/0x324a28d4b012addc72829e4276d48d47e87ecd3e9ddc628041683c09565bf811
2023-03-26 16:38:23,False,3.9924,0.01219,88.1029,1.07475,0xb6...4942,https://bscscan.com/tx/0x5781b9d32a89e6b69958f9bfc4399ab1027d4814df1e568f5e41a757b98ea37c
2023-03-26 16:21:02,False,3.9954,0.01224,51.7932,0.6341,0xef...cab1,https://bscscan.com/tx/0x0d3198dc97a47a474267a677dfb1ddc22efa0c4d5e07085dfa01506aa87960a5
2023-03-26 16:20:50,False,4.0014,0.01226,4.7297,0.0579,0x77...1200,https://bscscan.com/tx/0x3c753cd5f61b22cfd90fe64124de9a1e6c759766ce433f03a82d05f88363e3b5
2023-03-26 16:17:20,False,4.0295,0.01228,55.7951,0.6852,0x7a...c707,https://bscscan.com/tx/0xb03df45d93bf7c42e6183728ae1e282b6f27ed237a4a9e93624ce25a7a876a9f
2023-03-26 16:17:05,False,4.0158,0.0123,4.7297,0.0581,0x77...1200,https://bscscan.com/tx/0xf21acc4398e0c7f53c085627fa1639d33084eaa12c133eb6e6ccef0f21cff906
2023-03-26 16:10:59,False,4.038,0.0123,15.5212,0.191,0x2d...7822,https://bscscan.com/tx/0xb07204a078f29245bc2a3885648f06814d07470bac59df695281abaacfac86c2
2023-03-26 16:10:20,False,4.0436,0.01232,39.1699,0.4827,0x2d...7822,https://bscscan.com/tx/0xcdb10ce205c7c4317f10a625567cdf0fcf55533348a4bee0e9c4a90824628668
2023-03-26 16:08:53,False,4.0522,0.01235,39.4549,0.4872,0x2d...7822,https://bscscan.com/tx/0xe576c985cf5d2d5fd0399d766fffaccfb496a9a6d281ef364d39002b6cf1be43
2023-03-26 16:05:41,False,4.0481,0.0124,111.185,1.37867,0x2d...7822,https://bscscan.com/tx/0x4b00dfe67a2130fc55c161c6d911dcc1ea5a8e035e553a4726b6a3ab782b1375
2023-03-26 16:05:41,True,4.0697,0.01246,98.7715,1.23128,0x6a...6c7e,https://bscscan.com/tx/0xdf7fed06d90b81199437cf29431de58157166cdde043d12c5606029497429531
2023-03-26 16:01:44,False,4.0659,0.01238,36.4738,0.4516,0xa0...1bac,https://bscscan.com/tx/0x7c2283b5ef4ced0c7c0fda3bff27505a28fb109809536821ab513eb33203c9d5
2023-03-26 16:00:26,True,4.0652,0.01244,41.7847,0.5199,0x2d...7822,https://bscscan.com/tx/0x84f2da5ad89a6064b1eee5400647639401259fdf28c393f62aa430798cf6ef32
2023-03-26 15:57:59,True,4.053,0.01241,34.9706,0.4342,0x2d...7822,https://bscscan.com/tx/0x0e2b0a6b9c04b33966754a1d77b86bd97406473187fd7b3a46ceb7fe0e34a187
2023-03-26 15:52:05,False,4.0326,0.01235,38.6161,0.4772,0x2d...7822,https://bscscan.com/tx/0xae074b5ea4564f5db0cd87d9691b04d1768d6b78bdd4ec3ecd0eed2ffcdc7dce
2023-03-26 15:51:08,False,4.0411,0.01238,41.7677,0.5172,0x2d...7822,https://bscscan.com/tx/0xea62a0eaa07436d71df2da41cda92bb705133305c4be58cf236c054111ea2711
2023-03-26 15:49:14,True,4.0874,0.01246,7.95336,0.0991,0xf7...940e,https://bscscan.com/tx/0xeb4c05cc0f394325ffa3a0ffe053bdb56ab3a4d48b4785c4d96626aba43c6c2e
2023-03-26 15:40:56,True,4.0833,0.01245,8.21503,0.1022,0xf8...d537,https://bscscan.com/tx/0x18f8e6cf2d04563575eaae106dc7dae426d5055176e3ca6b097e0fc0c5c429dc
2023-03-26 15:40:05,False,4.0706,0.01241,95.2788,1.18318,0x2d...7822,https://bscscan.com/tx/0xd01435e6a7d8d00fef5581f687b47a01abd02f77534b13ce6afdb8f49c6ec8d2
2023-03-26 15:40:05,True,4.0907,0.01247,97.7465,1.21982,0xb6...4942,https://bscscan.com/tx/0x9f419433cd81018d02167f80665d1566e56a1352ed49c2a4bcc96619ed543d9b
2023-03-26 15:35:48,False,4.0717,0.01243,136.981,1.70268,0x2d...7822,https://bscscan.com/tx/0x911fa3ff86caacba5385a2d87b373a0a5dd0f77249684549a897c79bb25edb46
2023-03-26 15:35:48,True,4.0901,0.01248,155.223,1.93814,0x2c...470a,https://bscscan.com/tx/0xecf8a3e5e39d7636d98172c19a57bcbc50d15775e200ffeadf7583145cce3c69
2023-03-26 15:35:12,False,4.0548,0.01238,36.0487,0.4464,0x2d...7822,https://bscscan.com/tx/0x10939bf833bf8f101c106cfe9238aba80f192c8f5582e10df092661a27f2662e
2023-03-26 15:11:10,False,4.0625,0.01241,63.2379,0.7852,0x91...79fe,https://bscscan.com/tx/0x54577f5fe2b9b5fb5191d5379b8760f5e7ccaf67173c14fcd329af321af1bcc5
2023-03-26 15:10:49,True,4.0768,0.01246,122.487,1.52617,0xea...0fa9,https://bscscan.com/tx/0x629273cf19175e97d877ff4263da080db8a126dc7b3531ebc870e52cf80f7230
2023-03-26 14:51:49,True,4.0605,0.0124,32.4727,0.4029,0x2d...7822,https://bscscan.com/tx/0xe1d3b811b405d8c9b81fed62374892567b73134cff475363f2f90b54d80b6921
2023-03-26 14:51:22,True,4.0527,0.01238,41.0111,0.5079,0x2d...7822,https://bscscan.com/tx/0xebe040e6d19020f94546af3bad5a6512c63c310d1ac9191ad4e156d92279a37f
2023-03-26 14:46:55,True,4.0454,0.01235,50.6192,0.6254,0x82...2196,https://bscscan.com/tx/0xe09d63bbf21ebb72d30a73b9851bafdb6b8c8113698b8cee2a50be60521f3da8
2023-03-26 14:46:46,True,4.0159,0.01232,36.65,0.4517,0x2d...7822,https://bscscan.com/tx/0xacf59c2be470d47d27d741a1d9424bdae257eaee3ce77e836b47204a95c26d46
2023-03-26 14:46:28,True,4.0283,0.0123,36.052,0.4435,0x2d...7822,https://bscscan.com/tx/0xf3a1d9c1e3fd2e0e659b68812c780e7dcbb757d9fc10c130a186497f0d229763
2023-03-26 14:32:37,False,4.0076,0.01223,2.94886,0.036,0x34...8793,https://bscscan.com/tx/0x642a7486d3fb34ef5f6573c56d0cd24ff3f9db1c6883ea70b7dccc0503a1e9ec
2023-03-26 14:31:25,True,4.0032,0.01227,47.476,0.5829,0x2d...7822,https://bscscan.com/tx/0xf0547bd65f70b32dc1289b49755a7032e3eeffa17d3245032c7aeebf8963f8af
2023-03-26 14:30:28,True,3.9939,0.01224,43.9497,0.5383,0x2d...7822,https://bscscan.com/tx/0xcdb395b2186ad2a40b37b78cb3931681767c438085f1420189f5e16cc73249aa
2023-03-26 14:20:25,True,4.0067,0.01222,38.5946,0.4717,0x2d...7822,https://bscscan.com/tx/0x52952e9ddc3a3c59ee6040f229a2e040fcc90349a07e2ccb2567ab650e704457
2023-03-26 14:18:43,False,3.968,0.01216,50.403,0.6131,0xb6...4942,https://bscscan.com/tx/0x2af03d950ed2eda25425ef14cf0125bf2640d545d1dac954046f1f173a5e3fc9
2023-03-26 14:18:28,True,4.0128,0.01224,4.89776,0.0599,0x49...9f87,https://bscscan.com/tx/0x98dfdc2c8e86985e1329ffedfe0804e52e17afd8da0875c153c5241b7b07aebf
2023-03-26 14:06:41,False,3.975,0.01219,39.0302,0.4757,0x2d...7822,https://bscscan.com/tx/0xa2d2ba34f547fe3a91b7af6fdf789ab29d2a7d256b60b4ffa208e34b540b887f
2023-03-26 14:04:02,True,3.9907,0.01224,49.8423,0.6104,0xb6...4942,https://bscscan.com/tx/0xb9e3fc84c541ff0309aa05066b681f40d8a43d050542080c08a9d4ddc0e11566
2023-03-26 14:01:11,True,3.9816,0.01221,41.4928,0.5069,0x2d...7822,https://bscscan.com/tx/0x7d1f97bc71ca25a27d1b95a55e77ee996399210f0b129bc2650656761b48bffa
2023-03-26 13:58:50,True,3.9904,0.01219,36.1894,0.4412,0x2d...7822,https://bscscan.com/tx/0xcf31e5fe8f5608db6931d1a9161d48cfa6389507d0ac8e0310deb90a2615909a
2023-03-26 13:58:32,True,3.9804,0.01217,36.2426,0.441,0x2d...7822,https://bscscan.com/tx/0xf93caf12030257ae4dfee0987344b5fc917c23a4d34c23e10ca52c061bdfb8a3
2023-03-26 13:39:26,False,3.9634,0.01211,41.1854,0.4988,0x2d...7822,https://bscscan.com/tx/0x5a34703287b5416a69efead296b99209b81988d450090ec929b976c36bbafe39
2023-03-26 13:35:47,False,3.954,0.01214,59.8178,0.7263,0x2d...7822,https://bscscan.com/tx/0x56cc60501961e338df960c2b76bd531b111ca11155e176026c2f5d72ec27d2a5
2023-03-26 13:35:47,True,3.9748,0.0122,50.0645,0.6111,0xac...8782,https://bscscan.com/tx/0x1f4d3324131adcb89656d2265b5d6f7244f919c56d62b032d50c03a245524471
2023-03-26 13:29:41,False,3.9543,0.01214,48.2856,0.5864,0xda...6e1f,https://bscscan.com/tx/0xfe62e8003b3ec0230987c63acb994930fb037bf8daab7e04842549bf0c7a80ff
2023-03-26 13:16:44,True,3.9725,0.01221,39.2024,0.4786,0x2d...7822,https://bscscan.com/tx/0xc19c20fd2cfae341435a4f2cd3a1c80206ac66a02820f2e38e8045f06218cfee
2023-03-26 13:13:14,True,3.9807,0.01217,65.575,0.7984,0x2d...7822,https://bscscan.com/tx/0x1f8b84c2d9cea899ef1ac7b74c8b774194c4d7364f7f673e2ae02252ea246873
2023-03-26 13:12:59,True,3.9669,0.01213,68.0606,0.8258,0x00...78d2,https://bscscan.com/tx/0xb2f4749132c5ab3473e5a0ff75e6d6577aec4c91a51a4284164d78047791eee3
2023-03-26 12:28:17,False,3.9447,0.01207,65.8352,0.7947,0x2d...7822,https://bscscan.com/tx/0xd4a20e0a0f04e93dfbb3ea4fda10c31f448a10319e881255e404361bdee78e8a
2023-03-26 12:05:14,False,3.9525,0.0121,42.1341,0.51,0x2d...7822,https://bscscan.com/tx/0xf914be67a639468bfa3fc1af7a5fcc350ff419e68b6142a6aac4833a2dc884b1
2023-03-26 11:58:17,True,3.9701,0.01216,55.0641,0.6697,0x2d...7822,https://bscscan.com/tx/0xed33d41de57c7729f592c22d3f52da5a4e3580982cff9d6f91a6cb682bfbfa4e
2023-03-26 11:56:53,True,3.9456,0.01214,13.0562,0.1586,0x4f...19d0,https://bscscan.com/tx/0xaf234e7ab53ae8ff01cf5c92237abaa7ae42e54bd4311bfff42d25e51bde1978
2023-03-26 11:49:38,False,3.9459,0.01208,39.9682,0.4831,0x2d...7822,https://bscscan.com/tx/0x992f3b80111b52a2cd81fa048d7dec5c67b193200d55c5195632b82cb6d20049
2023-03-26 11:46:44,False,3.9527,0.01211,36.1799,0.4382,0x2d...7822,https://bscscan.com/tx/0xadd0e1ff7ca937f22d5eb42d4ef3e910a52221a9bfa9b31213e85a3ff29ec255
2023-03-26 11:38:56,True,3.9578,0.01218,3.0,0.0365,0xab...5d8c,https://bscscan.com/tx/0x1549b748212cc77c40b39179d2b5a1f99c740c97ed8ecde09e2f69af750853b8
2023-03-26 11:34:59,True,3.9583,0.01218,1.47745,0.018,0x66...18c5,https://bscscan.com/tx/0x0d3a3768f4ac602f7cd2cb5817e093b6709c004dbecba8abb6302f0cacbafe8f
2023-03-26 11:34:47,False,3.963,0.01213,47.4252,0.5756,0x2d...7822,https://bscscan.com/tx/0xc88587612ed300a1ea501f6ca438c869b2f4503d74e1539c3b3ca30aa20d1983
2023-03-26 11:32:08,False,3.9516,0.01216,36.5314,0.4443,0x2d...7822,https://bscscan.com/tx/0x8b2946345b67100d37c2780bf044f00d61a49cc842dca8f42ea47580ebb87a56
2023-03-26 11:30:38,False,3.9592,0.01218,37.4256,0.4561,0x2d...7822,https://bscscan.com/tx/0x30996757943d9bb4e0497411d8db89ad47a9420710337531988b3489314c2d66
2023-03-26 11:29:56,False,3.9672,0.01221,42.6299,0.5206,0x2d...7822,https://bscscan.com/tx/0xc1dfdec2cac915963b3a675219b0df294c402c08dc27eaed44b1d075968ecb9c
2023-03-26 11:24:47,True,4.0047,0.01227,47.5755,0.5838,0x2d...7822,https://bscscan.com/tx/0xf4e98d1327195db5ac3c7feba118c41b76cd4ca7c5a178c988e1998f8b6d8941
2023-03-26 11:24:20,True,3.9947,0.01224,47.7663,0.5847,0x2d...7822,https://bscscan.com/tx/0x91e5a10b1159b456dadb314fcd26dc942723cacb27228656d588d529c21667b3
2023-03-26 11:24:14,True,3.9857,0.01221,38.3243,0.4681,0x2d...7822,https://bscscan.com/tx/0xfbec8878397ba63392858994d45aceef02c9d77a554675b053ed0ab34656949c
2023-03-26 11:23:56,True,3.957,0.01218,45.3663,0.5528,0x2d...7822,https://bscscan.com/tx/0x42094aa3c6f499d71270c7c25cd6d9d0e9d21ea598cad8d90f1e3ef0f5b41658
2023-03-26 11:14:17,True,3.9684,0.01216,37.0185,0.4501,0x2d...7822,https://bscscan.com/tx/0xf7a4fd2e709149b8475812fd9ebb3aafa36dd2179d8885d44ccf28b855e17671
2023-03-26 11:02:30,False,3.9262,0.0121,38.7259,0.4686,0x2d...7822,https://bscscan.com/tx/0xe617aaf22777d806b42460e2aaeb7002d329e98017f1cbeb3fa396e233cad927
2023-03-26 11:00:48,False,3.936,0.01213,53.4792,0.6487,0x52...1c7e,https://bscscan.com/tx/0x5938238e59a0dc7d6cdd0551f7b700822b15a17204f516fb43c472cc72a826d7
2023-03-26 10:59:18,False,3.9416,0.01214,0.3428,0.0041,0x2d...7822,https://bscscan.com/tx/0x4d58e1b26c4f894dd8f22653f7fd6f6e53bccbbda486ed259128283dfa767482
2023-03-26 10:59:18,False,3.9453,0.01215,35.9134,0.4366,0xda...6e1f,https://bscscan.com/tx/0x5ecb016e823dea026a98b52b9d5438c82fe6f15ff53e38c2ad26d30e00f71033
2023-03-26 10:51:24,True,3.9876,0.01221,38.2786,0.4677,0x2d...7822,https://bscscan.com/tx/0x33823eade0ed991e71f453bdb449d634e79316e5deeb53ab306c2cbda21caee2
2023-03-26 10:51:21,True,3.9789,0.01219,44.8793,0.5471,0x2d...7822,https://bscscan.com/tx/0x41df5cfe2054e83594d92e5031976c846dda4264897812e0101bb7d921e53873
2023-03-26 10:51:09,True,3.9696,0.01216,43.7998,0.5327,0x2d...7822,https://bscscan.com/tx/0x5e862aeecdd96ff56870122412c1618e63c9ee7b98142d04c41df37ed2acdbcb
2023-03-26 10:51:06,True,3.9559,0.01212,89.3926,1.08359,0x91...79fe,https://bscscan.com/tx/0x7dcf39385b37d78aadc92b6c060b2374988867552abcaae0041398e23231ae10
2023-03-26 10:47:36,False,3.933,0.01205,63.1153,0.7607,0xda...6e1f,https://bscscan.com/tx/0x4c37406cf74e88d9277fa9b8a94434f168f49844f9fb410e96e796607329f4ac
2023-03-26 10:46:42,False,3.9443,0.01208,48.5712,0.5871,0x2d...7822,https://bscscan.com/tx/0x35131d8a89b1de3ca0555c4fbd20763fdbc124c1f8ff66f4564e530aebf9b59d
2023-03-26 10:46:42,True,3.9589,0.01213,98.9065,1.2,0x2f...7009,https://bscscan.com/tx/0x6e31c2561576fa1f933a1f973cc400f662298362ec6bc83eca9edb4abaebd454
2023-03-26 10:40:09,True,3.9335,0.01208,38.5071,0.4655,0x2d...7822,https://bscscan.com/tx/0x32ed629fd5a349f0024e45b7f6cf502d43207cedd0d2230b48a2483bee2646ce
2023-03-26 10:39:45,True,3.924,0.01206,47.8568,0.5772,0x2d...7822,https://bscscan.com/tx/0xa270379392266fc9b84cb1da566a8919598727d453a75f6d561491ade5a99515
2023-03-26 10:39:06,True,3.8904,0.01203,44.8424,0.5395,0x2d...7822,https://bscscan.com/tx/0x23a97744ea37ff9403072b812bff0967c232f6151865121c8240adc4879441f0
2023-03-26 10:32:54,True,3.9035,0.01201,16.4601,0.1977,0xe4...6aa2,https://bscscan.com/tx/0x719b431e82267c2a557afa594b268b583072fe679f4aa7d5ee4b1b73590bd0f3
2023-03-26 10:22:51,False,3.881,0.01196,44.4184,0.5313,0x2d...7822,https://bscscan.com/tx/0x78d4e3a31e08b13dc5be02114a5e834687c3989c503f49fa9869426af580e45b
2023-03-26 10:03:03,False,3.8895,0.01198,35.0015,0.4195,0x21...b6fc,https://bscscan.com/tx/0x7dbba165337105ab046908fa2075b0a8d1854e2e59ecfc372b6f05e7858fcdfe
2023-03-26 09:54:40,False,3.8775,0.01201,44.5349,0.5349,0x2d...7822,https://bscscan.com/tx/0x63e71b5c36ab633718f10d678637f133be2b41e984222ec000bfbe875aabc338
2023-03-26 09:49:25,False,3.8853,0.01203,40.5145,0.4877,0x2d...7822,https://bscscan.com/tx/0x0719cc3666d003cf8ef206910d26d5ca50b5e3e510288924aed6ef6309563cd4
2023-03-26 09:49:22,True,3.9071,0.0121,15.805,0.1913,0xd1...1b8d,https://bscscan.com/tx/0xe2e0eeea4f70185423dc702d3962fa652252327414d4ad5fc4d153fadac183d2
2023-03-26 09:43:22,False,3.9089,0.01205,42.276,0.5096,0x2d...7822,https://bscscan.com/tx/0xbbd9502e63c690677e39225d3d59c77991431eb9b0c07d760c641f8f3c9f929f
2023-03-26 09:25:06,False,3.9128,0.01207,15.9409,0.1924,0xd1...1b8d,https://bscscan.com/tx/0xe71508bd9c36b26eb539a5c2b8dbe23d59b453f7ed408cc28441316319355881
2023-03-26 09:13:06,True,3.9127,0.01212,43.3299,0.5253,0x2d...7822,https://bscscan.com/tx/0xa38640377f75c7db8d167312b2b25b2507c215ea738430c108350a92cf128c45
2023-03-26 08:22:13,False,3.9119,0.01206,43.9346,0.53,0x2d...7822,https://bscscan.com/tx/0xeedbcc1bbf85b7eb0133845189f95ba1f9fb45f11734051e50e62d011403254b
2023-03-26 08:15:49,False,3.904,0.01209,62.4429,0.7554,0xda...6e1f,https://bscscan.com/tx/0xa15f3b8551930ee3ca9bd5dd3d73677255c8804bf760b9f11f1f939d0b345018
2023-03-26 08:12:46,False,3.9299,0.01211,1.5,0.0181,0xac...2ee5,https://bscscan.com/tx/0x6bb40192028961e193f2f4c0b8c318ffb7e7887af85ed0c087c361dafb9f49c3
2023-03-26 08:05:49,False,3.9358,0.01213,38.8837,0.4716,0x2d...7822,https://bscscan.com/tx/0x6a68b2ca2ce6a71a64468c7ee444ec016085eb5fb9195e35375ace874de1bdda
2023-03-26 08:00:22,True,3.936,0.01219,38.7183,0.472,0x2d...7822,https://bscscan.com/tx/0x180c7604a275b3b26be0baaad3ccc93bea13f492cfa6cba5251930675ebaf0d1
2023-03-26 08:00:19,True,3.9282,0.01216,37.3121,0.454,0x2d...7822,https://bscscan.com/tx/0x4d114632141418d63b4bdd90dabdd44ebc10e4ea1d90f1ba7cef3a262738ce07
2023-03-26 07:55:31,True,3.9208,0.01214,37.5762,0.4563,0x2d...7822,https://bscscan.com/tx/0x45e14faec21df475857490c5e1c478f7c5361190bccb8db62fd6858a0a778889
2023-03-26 07:54:37,True,3.9133,0.01212,36.318,0.4401,0x2d...7822,https://bscscan.com/tx/0xf0225b4d1bfae19cf8bd9bc79a2c6320bfa4aacc5e4cd1388f9912efc3ee6980
2023-03-26 06:57:43,True,3.9231,0.0121,1.0,0.0121,0x80...709a,https://bscscan.com/tx/0x5a06373724e2fb39fcbdc073ec6b9e8af0c108d3d032fd04935c1469534dd2b6
2023-03-26 06:43:40,True,3.9147,0.01209,50.0653,0.6054,0x2d...7822,https://bscscan.com/tx/0x9b072c6ef83554a68601b352e44f59190adbb276cf9e75e5f994aa98900b011f
2023-03-26 06:32:58,True,3.8843,0.01206,36.2111,0.4369,0x2d...7822,https://bscscan.com/tx/0xb1cfc30c18af4d9b7ab56492c6c2710469264075b88c805c79cec0d5f17e1e99
2023-03-26 06:07:42,False,3.8644,0.01199,3.06499,0.0367,0x68...b25b,https://bscscan.com/tx/0x4a664054e2ae87079f70ac976d78172f87284796ef9a05a96e985f09eb9368a8
2023-03-26 05:31:42,False,3.8878,0.01201,49.3778,0.593,0x00...78d2,https://bscscan.com/tx/0xe8a72962e80be9d0a442a29fbbf06b02f75d0140e10a9de3bf9f74becf87fc47
2023-03-26 05:30:36,True,3.9125,0.01208,3.78,0.0456,0x79...d933,https://bscscan.com/tx/0x717e4079dc6d981e0edefe9619cd9144dca302b32a4382c41ba39424818b8acb
2023-03-26 05:08:01,False,3.8787,0.01203,38.2186,0.46,0x2d...7822,https://bscscan.com/tx/0x76b4d144081743f161829820aa5f86f6d7b4319c26600eeccb5a9431b3bb4d49
2023-03-26 05:03:07,True,3.899,0.0121,24.7389,0.2993,0x26...37fb,https://bscscan.com/tx/0x782e8f240516cb8503d37880616bbdc06c1b6cdc8f91db736402f1c925cf3cdd
2023-03-26 05:01:49,True,3.9142,0.01208,16.9002,0.2042,0xa0...3af0,https://bscscan.com/tx/0xd9630954a0a3a86cc124ceeeafed2a90ddf544bc87af672318e86b27da23eec8
2023-03-26 04:56:28,True,3.9083,0.01207,40.1052,0.484,0x2d...7822,https://bscscan.com/tx/0x20795eb515975888e5018c1fb4dda5f4fe046f7aa81d24321dd861e4301a114c
2023-03-26 04:43:27,True,3.9052,0.01205,9.0,0.1084,0x81...3cb0,https://bscscan.com/tx/0xcc5bd8a174840079f0d25f890934dc287e94f2ceff630fad648c4d3214190ca8
2023-03-26 04:40:54,True,3.9026,0.01204,16.6453,0.2005,0x26...37fb,https://bscscan.com/tx/0xcbc9c509741525f99dab02a7c918be7eca098183cca2763eec5c2472922c05a1
2023-03-26 04:38:06,False,3.8872,0.01199,54.5216,0.6541,0x00...78d2,https://bscscan.com/tx/0x973362b79dabfda91a171b0848757e27583462eef3604a782c1e358ccea31be7
2023-03-26 04:32:15,False,3.8974,0.01203,55.419,0.6668,0xaf...847e,https://bscscan.com/tx/0x33c47d8a0223759a5795e56a6a0dbb4c49a6b905239ac4285b4ff7a812987193
2023-03-26 04:30:15,False,3.8869,0.01206,36.1531,0.436,0x2d...7822,https://bscscan.com/tx/0x2a0c1171ade1bb8e100e3b51e6d451f2bfc4e64a31948913b6da834477d95035
2023-03-26 04:28:39,False,3.9105,0.01207,3.16702,0.0382,0x90...48cd,https://bscscan.com/tx/0x0dd28e43b77938370fcc0ccd2bc291a3a53a21609dc9cf8854eaf6079285d2ea
2023-03-26 04:28:18,True,3.9265,0.01212,38.1811,0.4628,0x2d...7822,https://bscscan.com/tx/0x006db4df04bb472987ad20765373166db7a0a5842d55eba5fde30a713d07ce44
2023-03-26 04:27:21,True,3.9202,0.0121,25.4928,0.3085,0xa0...3af0,https://bscscan.com/tx/0x21f099ca1a12a59d1f5059bad816fc277006e1fc6bc41be5eb27cadf00adac40
2023-03-26 04:24:57,True,3.8972,0.01209,11.1875,0.1352,0xda...b9bd,https://bscscan.com/tx/0x5e808f573edb58ce8e26b14aab1f06abcb53a96d47b3677d676abdf6f82ea8a5
2023-03-26 04:19:27,False,3.9097,0.01206,129.09,1.55781,0xaf...847e,https://bscscan.com/tx/0xeeadfa75e0c92b587d8f31caba8d2125d51e340ea87ae6070b15abd08887a543
2023-03-26 04:19:24,False,3.9253,0.01211,148.089,1.79419,0xad...5955,https://bscscan.com/tx/0x8963101ab1a43f571ff6038d21060ba04d4309e1aa8f8ea95b14f9f71a15dda9
2023-03-26 04:19:24,False,3.9469,0.01218,62.4612,0.7609,0x32...b696,https://bscscan.com/tx/0xc74d6c342d447a6f6687d8858768295f43c64de75fa367708efd9955e3010379
2023-03-26 04:19:24,False,3.9629,0.01223,91.475,1.11889,0x0f...8280,https://bscscan.com/tx/0xeb9a1606991e7e0291df96a450245ba455e65f30b7d22a7950c30b1eace7efd1
2023-03-26 04:19:24,True,3.972,0.01226,194.228,2.38118,0x97...2eaa,https://bscscan.com/tx/0x586710c7f584071fc7753734fc828b9eaacffd31079d649424962d9c321f7a58
2023-03-26 04:19:24,True,3.9365,0.01215,148.089,1.79933,0x4b...e5c2,https://bscscan.com/tx/0x532ab27304edfb3cc5ee1ac84719d1f113e00ff03e6d2d57f77379f5d4a5f84b
2023-03-26 04:18:12,True,3.9203,0.0121,9.91417,0.1199,0xa0...3af0,https://bscscan.com/tx/0x13429eeb451f20fb8c3c7e801b3df3bbfe641eab089bba5cb46137eae4526a34
2023-03-26 04:11:42,False,3.9383,0.01215,387.138,4.70734,0xbe...77c4,https://bscscan.com/tx/0x397463359980268c8167cfe8d5d4b63239d62e6f6d77c206298cb59a23ef5a65
2023-03-26 04:11:42,True,3.9843,0.0123,133.692,1.64456,0x62...c6f2,https://bscscan.com/tx/0x23cd943e9322df89a415bd23ac65533b1e8059695d8bc99f8eae4c2c55480a51
2023-03-26 04:11:42,False,3.9517,0.0122,11.7181,0.1429,0x2d...7822,https://bscscan.com/tx/0x6e4f320666e8454f3152a9ecb13206218d77d05d7d17e33e9d88d90920e43d0f
2023-03-26 04:11:42,True,3.9327,0.01214,387.138,4.70063,0xfb...45b9,https://bscscan.com/tx/0xa5215ac33413e54526a923a3921f2ee84dfe7bc2060b20ccc79541a836abb21e
2023-03-26 03:49:54,False,3.8574,0.01197,45.3506,0.543,0x2d...7822,https://bscscan.com/tx/0x95e83993599fad0d5e0256c96b8d5a850597e9727c29db2e71bf2161c316e268
2023-03-26 03:43:57,True,3.8972,0.01203,38.4882,0.4632,0xb6...4942,https://bscscan.com/tx/0x9724c1a90d7a519c8f33c93aec7942fd8372699fb0c45a30b5fa3d3bd5565bcc
2023-03-26 03:34:00,True,3.8889,0.01202,7.03284,0.0845,0x2d...7822,https://bscscan.com/tx/0xf3cb0f152a24e25129e82b39c4c2ade307ad0abc4d46bf7f184cb7dc9c3d408b
2023-03-26 03:34:00,True,3.882,0.012,61.3663,0.7364,0x00...78d2,https://bscscan.com/tx/0x5f759b1fcaa7d0b586218deecb6ed554647691a03cf9dbee8664dee7cbfd2d4b
2023-03-26 03:32:33,True,3.8556,0.01197,7.01961,0.084,0x2d...7822,https://bscscan.com/tx/0x6c30d56af908ccc53fd64606a502faf6bc9a525e1d18a93e5d7d961e69736b4c
2023-03-26 03:32:33,True,3.8484,0.01195,65.3878,0.7818,0x00...78d2,https://bscscan.com/tx/0x4b2e50cb881270b2996bf57b5b315604d0dae1fd66f62010edff92cebcae45ae
2023-03-26 03:32:30,False,3.8281,0.01189,54.4187,0.6472,0x55...ce90,https://bscscan.com/tx/0x7d801d05c45f64cd564d481cdc3863561e38688fcbd365bf622f7a5bc42e3f4c
2023-03-26 03:24:25,True,3.869,0.01196,25.8458,0.3091,0xb5...31bd,https://bscscan.com/tx/0xde491aa7dc6b34ed1908ae508d1d7e60dd8990156cfd31a9988a72060b31375b
2023-03-26 03:21:46,True,3.8624,0.01194,36.9165,0.4408,0x2d...7822,https://bscscan.com/tx/0x179698632fae590f5ffdfadb9a8527dd0610c4690bba0e0565172357a019f245
2023-03-26 03:04:53,False,3.843,0.01188,40.4428,0.4806,0x2d...7822,https://bscscan.com/tx/0xdb358e577df16a8fdbc96ae505a3d43f111319abdfe2ee98e5c1a2a8f4ed375e
2023-03-26 03:03:53,False,3.8313,0.0119,37.9621,0.452,0x2d...7822,https://bscscan.com/tx/0x42ffb3beb95ebe4ba85a2cf3159cee1e76055549316afff9ebb168ca9db27af2
2023-03-26 03:01:59,False,3.8387,0.01193,37.1642,0.4434,0x2d...7822,https://bscscan.com/tx/0x27149fab8d9906c4e0368a125b7b376f0653b6b2cd39eca27ba13dd6d05e869c
2023-03-26 01:52:28,False,3.8672,0.01195,43.6324,0.5216,0x2d...7822,https://bscscan.com/tx/0xe94643e2a50cea64a52da2dfc47f9a5699da9c8a5b6090e16c00de1c1462a2a5
2023-03-26 01:49:49,False,3.8556,0.01198,36.1288,0.4328,0x2d...7822,https://bscscan.com/tx/0xf3507b5230e14a52ac7b1c2115aaa33666e456b84fda6a994af9810e73310395
2023-03-26 01:49:40,False,3.8626,0.012,34.2842,0.4115,0x2d...7822,https://bscscan.com/tx/0x39d9928ab8e8e227b8f5fbe702e6e44fb232191f4ad16df8801b4f6a662448f7
2023-03-26 01:49:34,True,3.8764,0.01204,108.172,1.30307,0x23...91f0,https://bscscan.com/tx/0xd0fdc909994311bc74146f1b8753ce25bb4baca20defff66c7bfc5b6804935f1
2023-03-26 01:49:34,True,3.8591,0.01199,44.8376,0.5377,0x2d...7822,https://bscscan.com/tx/0xed5a6c1e328c19613a9aae33fb3085107961c4458ea945e1aec8765c4f90add7
2023-03-26 01:43:13,True,3.8499,0.01196,38.3257,0.4586,0x2d...7822,https://bscscan.com/tx/0x7b913ecc070fe8cef8f9e42f5302d0391e981ab4feb1801d4336b87898d9f8ed
2023-03-26 01:39:40,True,3.8456,0.01195,1.9088,0.0228,0x2d...7822,https://bscscan.com/tx/0xc6a58272f1d09e5eb75351d67b579f79291f731d0c0e9c471b448113e22fbf3a
2023-03-26 01:39:40,True,3.8401,0.01193,53.0949,0.6338,0x00...78d2,https://bscscan.com/tx/0x3ae318692067bd1fafea244eaf6991d8b5e6e6259d3422dd83c231552b06e18e
2023-03-26 01:39:34,True,3.8309,0.0119,39.5316,0.4707,0x2d...7822,https://bscscan.com/tx/0x4d06368034cd01a21d739c193b8963659171f7cd5a0cb2e4b23316b0ba630d57
2023-03-26 01:38:52,True,3.8432,0.01188,33.3032,0.3958,0x2d...7822,https://bscscan.com/tx/0xbad9d9c3c5cf623046f75995603db1a5e545ceaac3872af11df68329548ae03c
2023-03-26 01:34:31,True,3.8175,0.01186,39.7684,0.4718,0x2d...7822,https://bscscan.com/tx/0x1d39e8a4562de8e4963d5f0b952bbd5f89bc3df9e53f2571fbfa300752a5c422
2023-03-26 01:33:37,True,3.829,0.01184,38.0391,0.4503,0x2d...7822,https://bscscan.com/tx/0xe5a5113b21ef2e249bb896a35af89de7cd3fa78b34aea84f7bc8e5b4b5ac8aba
2023-03-26 01:09:29,True,3.8298,0.01182,3.13508,0.037,0x0e...2f4c,https://bscscan.com/tx/0x351866fea55b03170ac673fa503fa5d4887e8170597b25f8ee9b0bd84f09c1ae
2023-03-26 01:09:26,False,3.8138,0.01177,34.39,0.405,0x21...b6fc,https://bscscan.com/tx/0x8714d8f6824d51c3ad5b5adeaaf4230507ee84b2dc88adb50c68286ff180c544
2023-03-26 01:08:15,False,3.8231,0.0118,53.8421,0.6355,0xaf...847e,https://bscscan.com/tx/0x543647053e43868f9705cfe51260a0a51bcc66991bf322cb116a483a5d4120e1
2023-03-26 00:28:22,False,3.8291,0.01183,49.6709,0.5879,0xa0...cc8d,https://bscscan.com/tx/0xa1cea65b0302598fcc34dbef1e27ba5df68f1db161ec036af6e6529676126c02
2023-03-26 00:00:19,False,3.8081,0.01186,54.3156,0.6446,0x00...78d2,https://bscscan.com/tx/0xc9247f3cde6edd8d8e8d7ad5468c0dd1d23f3211d079100a6a8c13ebf6d73e3c
2023-03-25 23:56:22,False,3.8157,0.01189,25.1474,0.299,0x2d...7822,https://bscscan.com/tx/0xfde75ce91819683e621460c63e001c1226d2263ed4bab5fbf50a0b58da87d394
2023-03-25 23:40:16,False,3.8307,0.01191,41.6128,0.4957,0x2d...7822,https://bscscan.com/tx/0xdd4c5fef7c823dbc2e1129cc5f08c35e270192bc56411a2e526e4bc4b6a45d74
2023-03-25 23:35:01,True,3.8612,0.01196,83.6154,1.0,0x62...c6f2,https://bscscan.com/tx/0x77c23def584936f33616334229b9fb42789f52e7d1d6da797e5d58f6688c0f77
2023-03-25 23:24:40,False,3.8416,0.0119,86.0281,1.02378,0x2d...7822,https://bscscan.com/tx/0x7f31bb56de8982025d55b59f475b24adf252aa7694a24739d0669898db4c4c71
2023-03-25 23:24:40,True,3.8611,0.01196,83.372,0.9972,0x3e...f13b,https://bscscan.com/tx/0x4816ecfd8225893c6fd88fb20c99033714b6ea79a25dcb9a0bfa8112986f11c7
2023-03-25 23:15:58,True,3.8486,0.01192,36.5237,0.4355,0x2d...7822,https://bscscan.com/tx/0xe78bb4090cd4046bd44f86a382f98c7e892b1281470e8abf13144ee20a19a3ea
2023-03-25 23:14:04,True,3.8191,0.0119,37.4294,0.4454,0x2d...7822,https://bscscan.com/tx/0xb0454540da76083394ac4240bb2225e4add72ab71c784a10f117d80f309129fa
2023-03-25 23:05:01,True,3.8115,0.01187,37.6041,0.4466,0x2d...7822,https://bscscan.com/tx/0x89fc3db50f106958c1e2d7c9500eed476efd512c175e8cdd70e35f8b2fdd4b1a
2023-03-25 23:02:07,True,3.8038,0.01185,41.2311,0.4887,0x2d...7822,https://bscscan.com/tx/0xad04c550da412597171d7f132a1a80529c29c75e97f724248bd028169a822d6e
2023-03-25 22:54:06,True,3.7998,0.01184,0.4037,0.0047,0x34...8793,https://bscscan.com/tx/0x2991bb315df6490ccad9fcf4db2ff9f63922e0b6fe630bd21cb5d2c5cd81419a
2023-03-25 22:53:45,True,3.8188,0.01184,0.3161,0.0037,0x34...8793,https://bscscan.com/tx/0x4357a12dda45350db371b7bcc1830fa404dd482e1dac9266242ecddc5b379479
2023-03-25 22:53:09,False,3.7804,0.01178,16.85,0.1986,0xd5...246c,https://bscscan.com/tx/0x437c2665fd034a59cbf354559a71b50bc8091ef75da4c2abcdff39fbbb3f0d4e
2023-03-25 22:42:09,False,3.8089,0.01181,58.3618,0.6892,0x00...78d2,https://bscscan.com/tx/0xfb9af82e2217f82812523c9711aa24827c0ce233eabb17ad138a576c94b119fa
2023-03-25 22:42:06,True,3.8289,0.01187,49.0627,0.5824,0xbc...f540,https://bscscan.com/tx/0xbf539a409be6ae99e85c2bd86083ce8c41948c633b2b3f8df6c2c078759a5a87
2023-03-25 22:40:57,False,3.8101,0.01181,50.9985,0.6024,0x67...b7c1,https://bscscan.com/tx/0x78197466c4fb820aa6b158c4e08651af4a4e321ef9046e8aea415979bba5e1a2
2023-03-25 22:39:06,False,3.8017,0.01184,50.0082,0.5922,0xf9...5ebf,https://bscscan.com/tx/0x8ad41fd165eff23deb36919ee49287525f0bc7cf39dd2c957d083d9323728d50
2023-03-25 22:33:18,False,3.8287,0.01187,45.5725,0.541,0x00...78d2,https://bscscan.com/tx/0xd4fa147a98a4c585476d7e9b7aa91dd2068b12c7f8febe966f1e1188b3686c68
2023-03-25 22:33:03,True,3.8497,0.01193,26.8907,0.321,0x4a...e1c5,https://bscscan.com/tx/0x2cb7ab854ea59a934ae87fa3a0e807f2a4696ceba339bfd7f44430ed3963cd71
2023-03-25 22:14:06,True,3.8241,0.01193,0.0255,3.049e-05,0xdd...711b,https://bscscan.com/tx/0x10a9075cedda1a5be5b3305a9e856899d8bc0d93d1cda9abd147c46890f2565d
2023-03-25 22:09:51,True,3.8433,0.01193,0.0725,8.657e-05,0xdd...711b,https://bscscan.com/tx/0x38e34b6db03b12b57c3a5564255625f0117b2cd5aa28b465ce48e84bd5bf9280
2023-03-25 22:02:18,True,3.8405,0.01192,29.2678,0.3489,0xdd...711b,https://bscscan.com/tx/0xb61929adbc714b8e7e54015d73f047f58bff8c00b64a0b7ea1a003e4712f6c62
2023-03-25 21:58:45,False,3.8161,0.0119,169.1,2.01305,0x67...b7c1,https://bscscan.com/tx/0x6c8958635300fe829d8efca40383eb8a93d002868a5d29bc9b476d3450a9c44d
2023-03-25 21:58:42,False,3.8421,0.01198,92.775,1.11195,0x0f...8280,https://bscscan.com/tx/0xfee2943e4d4e9691bc0e73f78c08807eb649568c765994bac40dc91c4cbc1ea9
2023-03-25 21:58:42,True,4.0384,0.01259,253.583,3.19455,0xdd...711b,https://bscscan.com/tx/0x6ce2e3ca64d48fd15b6c9b4644003e4f318647d0e84f47142def8d98f6bb78b8
2023-03-25 21:57:12,False,3.8044,0.01186,39.5961,0.4699,0x00...78d2,https://bscscan.com/tx/0xc8a2970e5da21bfa362322f1fffea6507cccc1332e685949cba78513157bb54f
2023-03-25 21:51:54,False,3.8139,0.01189,48.564,0.5776,0x00...78d2,https://bscscan.com/tx/0x6dae60fe4cab58c7cb6b6c7e5adf59f378ea17ea3d6e446c82445e0dad4642f2
2023-03-25 21:40:46,True,3.8321,0.01196,19.0,0.2273,0x81...3cb0,https://bscscan.com/tx/0x97034c90c440432ad6333ef344d4621b5e2cdb92376cda8bc2990db98c09e0cb
2023-03-25 21:39:10,True,3.8489,0.01195,1.0,0.0119,0x81...3cb0,https://bscscan.com/tx/0x2bf8009aebb626098d1c4570bca0f414e62762b3c37fa2df5171484f39588133
2023-03-25 21:33:57,False,3.8115,0.01191,48.1097,0.5731,0x2d...7822,https://bscscan.com/tx/0xc342d1a2d3d44aaab8c379d89e36052c74f036fba8299db171521d1423e93c8d
2023-03-25 21:33:57,False,3.8346,0.01198,185.091,2.21826,0x1c...d619,https://bscscan.com/tx/0x1902a87eed99d57a401997d38b2cedb77019027503be4c3392002bb1dcb4069f
2023-03-25 21:33:57,True,3.8576,0.01205,165.667,1.99739,0x23...91f0,https://bscscan.com/tx/0x7f167dcbc10abf8c9a7fc8757e3b58b8438874ace7d5623ca66d653ec0debe48
2023-03-25 21:33:57,True,3.8208,0.01194,185.091,2.21023,0xc5...77c0,https://bscscan.com/tx/0x78d5dd62dd74187a0ac2d1e349dbe3c2b3b860720257830cf229b927a5c1738e
2023-03-25 21:24:58,False,3.8035,0.01184,47.8902,0.567,0x2d...7822,https://bscscan.com/tx/0xc5db73239e938a470a5a19db2e37b29fb18b18381c26608033a533047b0755de
2023-03-25 21:05:38,False,3.8036,0.01187,66.2771,0.787,0x00...78d2,https://bscscan.com/tx/0x65d6e47dc5135ef280b3b16bde00cd12445192647bf413cf82ef054cfbbd4ede
2023-03-25 20:55:32,True,3.8299,0.01195,3.34377,0.0399,0x38...28dc,https://bscscan.com/tx/0x32c07f4feca6c29632e6bcc4bbc2834d7cdfec49545df6b5f5f9f0b26bc808b8
2023-03-25 20:55:26,True,3.8224,0.01192,92.0214,1.09726,0x2d...7822,https://bscscan.com/tx/0xf7a86154db6f356786bbb775d3273ed413acaa21d1430fc23b161c19dbcf0e52
2023-03-25 20:55:26,False,3.8076,0.01187,136.0,1.61541,0x66...29a9,https://bscscan.com/tx/0x026fa071866784b2dd73000d1b9ff3eb4a595b5884ec57ff23b7a9fd3aac1442
2023-03-25 20:54:38,False,3.8243,0.01193,53.5686,0.6394,0x00...78d2,https://bscscan.com/tx/0x860b417620eca1de345ff418a776f11f52c7a515f8a41c63b1bb816dc7b29ec7
2023-03-25 20:38:50,True,3.8478,0.01201,0.3019,0.0036,0x6f...1a36,https://bscscan.com/tx/0x7a23b34a9a991b760965b3b4c0ebe374f0112c8f7460166641d53cb0dc310b84
2023-03-25 20:37:59,False,3.8152,0.01197,55.0,0.6583,0x35...3904,https://bscscan.com/tx/0x8c06d9f97e8fb9207bb06b4e7bfd0d775bc2eaf491a736630cf5ac9472db7bb1
2023-03-25 20:36:02,False,3.8225,0.01199,37.7994,0.4535,0x2d...7822,https://bscscan.com/tx/0xbdb6c293f196d44904c994257e2aa87fef3542e9732a548abf0044bb0df730f3
2023-03-25 20:31:29,True,3.8452,0.01205,36.7389,0.443,0x2d...7822,https://bscscan.com/tx/0x92047d7a9cce394a458c9398a43b9ac2a58689bb09393a12620fc56501b12d88
2023-03-25 20:29:17,False,3.8469,0.01199,36.0577,0.4326,0x2d...7822,https://bscscan.com/tx/0x71effa8c3348fa93d0e7cffdebab29fff297b5a0432f700255c2ddf1852517f9
2023-03-25 20:27:38,False,3.8321,0.01201,7.034,0.0844,0x2d...7822,https://bscscan.com/tx/0x798b8e5aa538a258d257ffe566aa4a461163e18bd3e9c820c6a6e7922dc56ea2
2023-03-25 20:27:38,False,3.8384,0.01203,56.0648,0.6745,0x00...78d2,https://bscscan.com/tx/0x93c73563fc6d68957b33067f9bee7e510ee1c5ad7ccd7895fa17c1c35c823f75
2023-03-25 20:27:17,False,3.8675,0.01206,39.9027,0.4813,0x2d...7822,https://bscscan.com/tx/0xe06cb662c751e3f66394268ed83661a58393ec1158d2adddea42b1df2676bfcf
2023-03-25 20:06:08,True,3.8903,0.01212,37.4908,0.4545,0x2d...7822,https://bscscan.com/tx/0xc513c6babf4a233b4ddd3c5a725618d5fc53f0f733d92d96e0b64fe5361e8cba
2023-03-25 20:03:08,True,3.8645,0.01209,38.6324,0.4674,0x2d...7822,https://bscscan.com/tx/0x9609cce8662ec3e1262cf7fcb712655fa750e7645990499f8ac5d5439b96e4e7
2023-03-25 19:59:20,False,3.8852,0.01204,50.6409,0.6098,0x71...69e3,https://bscscan.com/tx/0x2cb66c54df9d9812462042218d3ac6c6976c47e15695eaeb5367fb4a36775fd1
2023-03-25 19:56:44,False,3.8887,0.01207,39.7929,0.4803,0x2d...7822,https://bscscan.com/tx/0x16c2d2d4e7aaf7e40f40c931e250e5b4c2743c04b04fff54fa11ce9376fc9b62
2023-03-25 19:52:27,True,3.9165,0.01213,44.7513,0.5428,0x2d...7822,https://bscscan.com/tx/0xd5fb92061fc295bedb791578b2cd603f7fbf259da6f8ec018855734576f710aa
2023-03-25 19:37:18,True,3.9239,0.01211,6.95173,0.0842,0x2d...7822,https://bscscan.com/tx/0x3043429c37b6453844247b2757a9019a47a1d93dac9ffe6cc5b78a3a603abeae
2023-03-25 19:37:18,True,3.9176,0.01209,54.2389,0.6559,0x05...7eea,https://bscscan.com/tx/0x46ea99425ef76d60dce3e89ca5c8d57f0888f35924af311383299debf429e4be
2023-03-25 19:37:03,True,3.8925,0.01207,0.8262,0.0099,0x00...1fab,https://bscscan.com/tx/0x9acb0e3565afb5ad2c94a3687dd619b4a25918b97c474f961c24377dd9d8b7bb
2023-03-25 19:36:42,False,3.895,0.01202,25.8022,0.3102,0xb6...4942,https://bscscan.com/tx/0x63d9144485ab3737ed40b460d4193a5fa31a544f924fdf0e3fd4a124646cf8ae
2023-03-25 19:33:18,True,3.9182,0.01209,3.26016,0.0394,0x00...41f6,https://bscscan.com/tx/0x7f8f7f98f2b4fcfb09370a6d66657565896cacf74ca513d3c9c52602c0f58f7d
2023-03-25 19:33:09,False,3.8851,0.01205,61.1958,0.7373,0x3c...40d8,https://bscscan.com/tx/0xd20b19207193ec7c495d011737fcc2fb5e6652925b767b5b8665c68805c66bb4
2023-03-25 19:32:45,False,3.9166,0.01208,55.4326,0.6699,0x00...78d2,https://bscscan.com/tx/0x0f0348bcada4d88c8cb08c34a03648d3a12ce7089dd77c59b4bce4583ea2a62d
2023-03-25 19:12:06,True,3.9417,0.01216,1.11805,0.0136,0x77...61ea,https://bscscan.com/tx/0x57968410aff257414329771f1638f6fe1b7bbcd55868daa330fe0bf11f53191d
2023-03-25 19:12:03,True,3.9415,0.01216,1.151,0.014,0x77...61ea,https://bscscan.com/tx/0x18bac2f1efe80849d71ffc39aef5ad5f4dd2c95f337d324c6ff672360a8ee73d
2023-03-25 19:10:11,True,3.92,0.01216,7.90227,0.096,0x77...61ea,https://bscscan.com/tx/0x1a1ddc4f3374042aa7ccf8a7ba347e89ac477478851e6444f1343543631509f4
2023-03-25 19:01:03,False,3.9034,0.01211,52.8808,0.6405,0x3e...a7c8,https://bscscan.com/tx/0x7dd938e17b40791a5747f0599ea9b1374a8e3e17b8e61cdff2ff9c876b8ae9c2
2023-03-25 18:57:36,False,3.9138,0.01214,41.792,0.5075,0x00...78d2,https://bscscan.com/tx/0xedd7115a259f57bac059ab98a294bef0883d8ed4e7d02cc1c54748ebbb83f4ed
2023-03-25 18:55:33,False,3.9429,0.01217,51.0863,0.6218,0x34...7c76,https://bscscan.com/tx/0xd9ea168af29f1b73983cd502fbc0caaf2046d281e6ab3352f033aaf6f0873106
2023-03-25 18:52:06,True,3.9472,0.01224,10.0821,0.1234,0x21...61ed,https://bscscan.com/tx/0x96b3a2c7787ac3e148ed82edb619d09a4b894ba36180e78a43a7e3d33018e0e0
2023-03-25 18:50:48,False,3.933,0.0122,73.4112,0.8961,0x00...78d2,https://bscscan.com/tx/0xfee4e1b641cf341b32dfc35e83373358b31124b9b06c2f92571e531eb625c441
2023-03-25 18:50:45,True,3.9512,0.01226,107.362,1.31659,0x23...91f0,https://bscscan.com/tx/0x5507ea2f0ff3589544a67eca3d6335f2c384ffa0c3d842ba5957c8f2c069e62d
2023-03-25 18:45:28,True,3.9371,0.01222,5.35646,0.0654,0x06...ff85,https://bscscan.com/tx/0xddc28e45dec4c61d76d1f7cfc6a4180e2834898179213ca9f2e8f5fbb8739d3c
2023-03-25 18:26:32,False,3.9517,0.01217,60.1177,0.732,0x00...78d2,https://bscscan.com/tx/0xff14b55540a0b4ec6fc249ebf9ae08b1762c8e1460452818142c8c4b2c6c8b97
2023-03-25 18:24:14,False,3.9415,0.01221,52.1019,0.6363,0x4d...74b8,https://bscscan.com/tx/0x52a752b6cf54f9b24d70312dfe7ad594edb958977e5d99c5b314ef0c946057cd
2023-03-25 18:18:40,False,3.9748,0.01225,80.3822,0.9851,0x00...78d2,https://bscscan.com/tx/0x63f69a2c6be5f7d6321744232b9d8de50b8addc5740d49b687d0692c82c21ead
2023-03-25 18:18:37,True,3.9966,0.01232,62.7299,0.773,0xf4...9904,https://bscscan.com/tx/0x5f0a8db9649247bccf1fb3b3f3f9f67f76f1e09f2a4a27690db73830a2e4196c
2023-03-25 18:04:21,True,3.9974,0.0123,8.13197,0.1,0x0e...b666,https://bscscan.com/tx/0x64a2ac31f82d6d9f332dd1bfa269d73288c72aff73d67f682fadb6fdc8572a6b
2023-03-25 18:01:37,True,3.9904,0.01228,39.8205,0.4891,0xbe...75e8,https://bscscan.com/tx/0x140c3655372f4f25ca7aa18791fb8cd39f30a7395370c72d378f04f87066216f
2023-03-25 17:52:19,False,3.9551,0.01222,54.8086,0.6701,0x00...78d2,https://bscscan.com/tx/0x0f46d7c193b3dfa08fe31df5ca78bc2c5f52e67b2452f023954d672a67d636b4
2023-03-25 17:48:34,True,3.9982,0.01229,30.0,0.3689,0x81...3cb0,https://bscscan.com/tx/0x4521341ccb7b946d68a99354053d8d3e0193124f26da82fe702a377e2704d51f
2023-03-25 17:48:01,False,3.9612,0.01224,55.1145,0.6748,0x9d...6dab,https://bscscan.com/tx/0x9d988096a32344fc31f037f8ec1768d3526242a5ebf4c43063fc5751b8e526de
2023-03-25 17:47:55,False,3.9726,0.01227,54.8972,0.674,0x2d...7822,https://bscscan.com/tx/0xa318c1bda6599d7d13c05f3d43db7288f2db1338b663e19030f84e794ed393c6
2023-03-25 17:47:55,True,3.9904,0.01233,75.0,0.925,0xfc...3ca7,https://bscscan.com/tx/0xf0b45d12e4da883bf2960f81d9195283947c3815f4d1d7bb0f95878de5eb2513
2023-03-25 17:40:25,True,3.9964,0.01229,61.8663,0.7603,0x00...78d2,https://bscscan.com/tx/0xc836b43611d8cd3c6e9a0d016f1da6bfa8c9a240407116a71acfd650b7e82767
2023-03-25 17:30:46,True,3.9666,0.01225,43.6145,0.5345,0x2d...7822,https://bscscan.com/tx/0x4af402309d7cd8a2e7acae3216237e11605131d00f594e1eecf88969110b3882
2023-03-25 17:19:18,False,3.9666,0.01219,45.8251,0.5588,0x2d...7822,https://bscscan.com/tx/0x07935df9e790659a5ccefc2fabebe57b19ab529671756392b7a7266e29652036
2023-03-25 17:15:36,False,3.9534,0.01222,38.685,0.4728,0x2d...7822,https://bscscan.com/tx/0x00b57d83d34c10003beaa3344f21efa521fcba03f8dfdf05db5e18e2a6a7a093
2023-03-25 17:11:25,False,3.9774,0.01223,9.45835,0.1157,0x1c...7d73,https://bscscan.com/tx/0xfbceed7abca17d7dd2268e8a238f076474c2f7fa107d8cf2b1e8a31cfa58c53d
2023-03-25 17:08:22,False,3.9808,0.01225,41.7258,0.5113,0x2d...7822,https://bscscan.com/tx/0xee43d858b199d6c83f416efe96177346f3aac14de429ea3c8146504774a0c866
2023-03-25 17:02:31,False,3.9871,0.01228,37.5857,0.4615,0x2d...7822,https://bscscan.com/tx/0xa2474c4937c1c4e0cb22b42cef33586f55e747f31c0e369908bf19e4304c0098
2023-03-25 16:59:49,True,3.9897,0.01235,7.0,0.0864,0x83...b2e9,https://bscscan.com/tx/0x581629eadc9762fbc246c709c5126e3dac252d5e265b5a705b6c37c98553e13e
2023-03-25 16:57:40,False,3.9928,0.01229,35.9223,0.4418,0x2d...7822,https://bscscan.com/tx/0x74d12a7da0f3a12dca757e8355b2011c0113a918a1c3ff94320faa4fa750cc1e
2023-03-25 16:50:40,False,4.0027,0.01232,36.4663,0.4493,0x2d...7822,https://bscscan.com/tx/0x10e5990a2dd52efc3ee87348f2be86802c8a57b80de13e9710407aa54ff00842
2023-03-25 16:50:37,True,4.0174,0.01236,87.1199,1.07746,0xb6...4942,https://bscscan.com/tx/0xb489ee95ad3138bad83477b88836276f6a0cc705a915a80fb04fd4246f90ae17
2023-03-25 16:48:37,True,4.0038,0.01232,36.8653,0.4544,0x2d...7822,https://bscscan.com/tx/0x93f5fcf0c01cf57092dbf33e8a32dbaa6c4140bf77c3aa99ff3ee581a7830b93
2023-03-25 16:47:55,True,3.9946,0.0123,48.7336,0.5994,0x2d...7822,https://bscscan.com/tx/0xf7b43b7993df13633b985f2429b1cd49184cc350eac6627e614f3ab72fcd9b96
2023-03-25 16:47:19,True,3.9819,0.01227,40.9464,0.5024,0x2d...7822,https://bscscan.com/tx/0x5655f676fc35585499f2e704e2725b66ec94ab9ff9b867b987ba33c118ed0476
2023-03-25 16:45:58,True,3.9575,0.01225,13.0007,0.1593,0xc1...6fa3,https://bscscan.com/tx/0x9e2938ad395cc9ece30eae0da3f4246d44e6e7e07fdbe8fcd14382acc0289790
2023-03-25 16:38:31,True,3.9695,0.01223,39.5723,0.4842,0x2d...7822,https://bscscan.com/tx/0x2d540d42a745d24c710e7ebc45e045848704361584805f9c5705bf11df9a3a73
2023-03-25 16:37:07,True,3.9614,0.01221,38.6034,0.4714,0x2d...7822,https://bscscan.com/tx/0xf034d47c90cc7611134aef76010e2167a77d8b5a49a6f88aa8928069bad39a9f
2023-03-25 16:36:28,True,3.9334,0.01218,41.959,0.5112,0x2d...7822,https://bscscan.com/tx/0x2410e1aa5928cd9dfe99128b89e4fc24c33e109616d09d592929a44becb8fe25
2023-03-25 16:26:04,False,3.9141,0.01212,52.718,0.6393,0xc1...b919,https://bscscan.com/tx/0x132741680a047854a64553c28a4c2846ec158df41d32c835050b6f18b97210af
2023-03-25 16:23:22,False,3.9263,0.01216,52.7828,0.6419,0xa0...cc8d,https://bscscan.com/tx/0xbf9708cd4e65a5c4f21ac2567ae481ea10d3d4471846efe3da5427ebfdad24cf
2023-03-25 16:23:19,False,3.951,0.01223,186.774,2.28579,0x9e...9f38,https://bscscan.com/tx/0xc9c8529e40a8eed7a4074bb31da68e9d392f1d4747f29032a4f85ffcfef282f5
2023-03-25 16:23:19,False,3.9791,0.01232,83.1587,1.02495,0x2d...7822,https://bscscan.com/tx/0xffb7f1b86a8628f2c1c1bc1000a379ebd23785bfea79288d0947b6d4cdc055f3
2023-03-25 16:23:19,True,3.9815,0.01233,249.792,3.08062,0x69...2741,https://bscscan.com/tx/0xa46c1650577849cf80df58f88a1d985b2ad4c13962506f81651f3f43bca31316
2023-03-25 16:23:19,True,3.9361,0.01219,186.774,2.27718,0xd7...9f4a,https://bscscan.com/tx/0x06ab8751338c36b923ae7e1a65bb88ac418cad7c4b4ace1611d4f730ff760513
2023-03-25 16:18:46,True,3.933,0.01212,35.4386,0.4295,0x2d...7822,https://bscscan.com/tx/0x81efaddd4be052fc4bd29c8b4525cc19a95dd302fd3cb62614624673f87d59f4
2023-03-25 16:16:37,True,3.9098,0.01211,1.20351,0.0145,0xdc...c6dd,https://bscscan.com/tx/0x8ac4db1cf3def9fe63d12c9137092400443cd061a8fba541ce4d81fcb57cb197
2023-03-25 16:10:55,False,3.9232,0.01208,112.876,1.36406,0x2d...7822,https://bscscan.com/tx/0x2926b528be9f07a032b579bbbc58eb61e28ddee074c8211d2c6d8558721bdc06
2023-03-25 16:10:07,False,3.9164,0.01212,11.5697,0.1402,0x2d...7822,https://bscscan.com/tx/0xdb2c207da0e5c2e943cfdaa115640b353da61e5cc857c368450e7f2ffc64de70
2023-03-25 16:10:07,False,3.9262,0.01215,83.9117,1.01988,0x00...78d2,https://bscscan.com/tx/0xa913cedf314ffc41c9cc79f177cfc83d23936aabc61abf1a59fd170442cbb485
2023-03-25 16:03:04,False,3.959,0.01219,45.4036,0.5537,0x2d...7822,https://bscscan.com/tx/0x7fafbaf6560026abf7db08dc294a43dbef6037fb87b43877997c91d805d6e788
2023-03-25 16:01:49,False,3.9655,0.01221,11.5886,0.1415,0x2d...7822,https://bscscan.com/tx/0xe19551831c9618e95ddb92b035caeec0f461572e55e0fbd5f2e50b9876a6ebf0
2023-03-25 16:01:49,False,3.981,0.01226,136.025,1.6678,0x00...78d2,https://bscscan.com/tx/0x19f085a5d29bd613fabc86f6fc2a65f091f5cae3045abd116d3918dec9aa3e9c
2023-03-25 16:01:46,True,4.0001,0.01232,161.376,1.9882,0x23...91f0,https://bscscan.com/tx/0x9fce4335d470c1d7b804610b051b3d6edaada9e8b717973ca07f4b03444a775f
2023-03-25 16:00:55,False,3.9654,0.01221,37.603,0.4592,0x2d...7822,https://bscscan.com/tx/0x896e750d05dae44e769558bf6911c4a216eaac63ce8b36240bde332b5297496d
2023-03-25 15:57:58,False,3.9747,0.01223,37.6337,0.4605,0x2d...7822,https://bscscan.com/tx/0x980b4a87ae73d969eb4b54bb203b5d7a26e58fbe1e0b8f20e860afe18a4ea4a3
2023-03-25 15:18:33,False,3.9827,0.01226,40.5112,0.4967,0x2d...7822,https://bscscan.com/tx/0xbd92c5019892a846d4d34b4b70b42fce49072e2089e3082bb812e001141cc469
2023-03-25 14:50:06,False,3.969,0.01228,37.9769,0.4666,0x2d...7822,https://bscscan.com/tx/0x9fe8fe08df2de81b5aef3ce4271b426a66cc64e027bd89a09d0c134f59606eba
2023-03-25 14:37:38,True,4.0047,0.01234,37.0905,0.458,0x2d...7822,https://bscscan.com/tx/0xca8f8200d4bdbe63f84c16fd60652b7407a70b9def9d10740c4d4bae8592ef80
2023-03-25 14:34:11,True,3.9772,0.01232,38.06,0.469,0x2d...7822,https://bscscan.com/tx/0xca6e70271715373bea9ee60793aab730fe72eb52f03606fcdef16c1e43d735bb
2023-03-25 14:33:26,True,3.9885,0.0123,39.1117,0.481,0x2d...7822,https://bscscan.com/tx/0x016f992c17a9fd3c559f9c97d7b566cae51b9548c2fbae34220978acea9c29ce
2023-03-25 14:33:08,True,3.9832,0.01228,7.53225,0.0925,0xf8...e57b,https://bscscan.com/tx/0xca2aa886691a421460f9dbe7724f977f0d631319ab8391bae6006cd4518282d0
2023-03-25 14:32:23,True,3.9774,0.01226,41.0831,0.504,0x2d...7822,https://bscscan.com/tx/0xa03187bdc30ad94bbaa3c462a2909cec99b0af865edd0b83c19eef9c070d3eae
2023-03-25 14:32:11,True,3.9486,0.01224,44.2392,0.5415,0x2d...7822,https://bscscan.com/tx/0x7053d19cf38f120a52561c554ecc798e2cb41653a93e47238eab4ded52595f12
2023-03-25 14:31:30,True,3.9392,0.01221,47.2167,0.5766,0x2d...7822,https://bscscan.com/tx/0xcd37400644a71e073ec9290ee0bba41aa94f4aabd95c47f4f4f054cbfc764774
2023-03-25 14:26:40,True,3.9316,0.01218,37.702,0.4594,0x2d...7822,https://bscscan.com/tx/0x9b8e5cb0651725c1fa7e2e035e36e9d1cdde02e6dbcdcdbb1d8a5c97f61f6969
2023-03-25 14:25:01,True,3.9252,0.01216,36.4742,0.4435,0x2d...7822,https://bscscan.com/tx/0x08d6ebba6f1bff6aacbaab0a2a949b2ca37ae239400524b96d39509177dc9a54
2023-03-25 14:07:30,False,3.9044,0.0121,41.8891,0.5069,0x2d...7822,https://bscscan.com/tx/0x74c68363e8c84819772c8878c4edf88d90539c05454745c895421eda4981f5be
2023-03-25 14:05:45,False,3.9099,0.01211,9.58194,0.1161,0x2d...7822,https://bscscan.com/tx/0xaa653d99ef054afb68db0c01c34879938ab84bef99982462cf9bd4f8cf08e1fa
2023-03-25 14:05:45,False,3.9179,0.01214,68.3216,0.8296,0x00...78d2,https://bscscan.com/tx/0x1be77a719a4d6627f550d0efc07380f8e525d046d226f22ebc217c04e29f813f
2023-03-25 14:01:33,False,3.9487,0.01217,40.6875,0.4955,0x2d...7822,https://bscscan.com/tx/0xd81cafce8eed9009cb2064f56ab457b70f7573d4c797791d943d1ef690129ef2
2023-03-25 14:01:06,True,3.9648,0.01222,75.6638,0.9252,0xec...631a,https://bscscan.com/tx/0x3390359440f78f2c607631019bcca24de6216bccdd69268da66fe69db8bff89c
2023-03-25 13:50:27,True,3.9335,0.01219,34.6193,0.4221,0x2d...7822,https://bscscan.com/tx/0xb0e688a2597baa7754016f83e7ac281590103f95754b411f4ec98b84cf551cbf
2023-03-25 13:49:54,True,3.9494,0.01218,0.7627,0.0092,0x34...8793,https://bscscan.com/tx/0xda13ff2bacf78e4375266062bc5669a80bc49b63731853ecc7894e673fa975b3
2023-03-25 13:49:18,False,3.9375,0.01214,76.2726,0.9262,0x2d...7822,https://bscscan.com/tx/0x5abe1c204abaac6e1bf09c4a6c9c7237d3b6d4bf5c7cc7ea025c5b068867d767
2023-03-25 13:47:48,True,3.965,0.01222,3.28451,0.0401,0x38...28dc,https://bscscan.com/tx/0xe12d3c45dd42980b122c8f10c362fc10bed874c05bc8ae15291a9b2b9e6bd9ef
2023-03-25 13:47:45,False,3.9498,0.01218,48.3872,0.5894,0x2d...7822,https://bscscan.com/tx/0xa6d84a1ad49fbdae141cd084fa6729095bb69bbe3c3145dca1d5adde4b554f1f
2023-03-25 13:47:39,False,3.9602,0.01221,57.82,0.7063,0x2d...7822,https://bscscan.com/tx/0xc46a35efcdf3bac7f1a17543244d0335733dbe4b8860c9991e098a8e7b14220a
2023-03-25 13:46:48,False,3.9736,0.01225,71.2598,0.8734,0x2d...7822,https://bscscan.com/tx/0x4b96bfecd115231103ad85b179bdf26e99ca5c1922704882fd32e6cdd9a424f5
2023-03-25 13:44:48,False,3.9855,0.01229,45.8349,0.5635,0x2d...7822,https://bscscan.com/tx/0xa3b9b770822754e762526b47ae9a882898095845bfd18d0978ce08ea233dd6ba
2023-03-25 13:44:39,True,3.9901,0.01237,0.5253,0.0065,0x6f...1a36,https://bscscan.com/tx/0xf4d7a42f84602a28476361ce3b6426fc2f6f8fb696af6ae74fef24dc9bd4bf62
2023-03-25 13:44:06,True,4.0092,0.01237,2.93132,0.0362,0x34...8793,https://bscscan.com/tx/0x58dede8ac72384608277bee7118a3ba5882b0eecd2f354c6f007a59eb869bfc5
2023-03-25 13:43:57,False,3.9921,0.01231,31.1115,0.3832,0x52...1c7e,https://bscscan.com/tx/0xf0a880cc2785b9fbe4ff344541fbb65661baa91dff4932efc61cd43a698f792b
2023-03-25 13:43:36,False,4.002,0.01234,58.7948,0.7259,0x62...1f10,https://bscscan.com/tx/0x28ebea4f8cfe4f32157f1ce25284cbaf1fbfb46ca5d29c68d2f10493b0d445af
2023-03-25 13:37:27,True,4.0086,0.01242,10.0811,0.1252,0xfa...9510,https://bscscan.com/tx/0x54906fecee7312ba3755576a8a5eabe6104423f87d0f9213a4919b25f0430f00
2023-03-25 13:19:09,True,4.0254,0.01241,22.7859,0.2828,0xbb...c106,https://bscscan.com/tx/0xa191eeedbd80c5fd8fb93ec1863147bd95f9c5b732ec3a860c95f7327a3bc797
2023-03-25 13:18:51,False,3.9884,0.01236,72.1947,0.8924,0xfa...7ab3,https://bscscan.com/tx/0xcebeccd88c50ea49e05ba590cb243fe769737777f024dbab6b6347882bdc5212
2023-03-25 13:18:15,False,4.0271,0.01242,84.6896,1.05181,0xed...4f31,https://bscscan.com/tx/0x0af9ddeb97bac2ce204e6e04b0a4635327831d8b7f659c30cc2d45babd585963
2023-03-25 13:16:00,False,4.0441,0.01247,74.5472,0.9297,0x62...1f10,https://bscscan.com/tx/0x582c3624758323bd408900ae0236555f3e3edf8c8af0618ea92c229368a1fa7d
2023-03-25 12:35:45,True,4.0686,0.01254,29.8682,0.3748,0x2d...7822,https://bscscan.com/tx/0x06451b40a9f34895642a85c28a541a1943ef1c9c403639b2f6f5cb6fec5ffe04
2023-03-25 12:35:45,True,4.0596,0.01252,53.713,0.6725,0x00...78d2,https://bscscan.com/tx/0x7dc3c0f958799b19152bca9890c98bc4076044e6b0211d40eaf052e893a6604d
2023-03-25 12:35:09,True,4.0277,0.01249,41.5397,0.5188,0x2d...7822,https://bscscan.com/tx/0x4291d5c76b75fc8eeb22c93eda1d5cef2faddb87dc6cc57b8d5c364d70f1ecb3
2023-03-25 12:31:51,True,4.0234,0.01247,6.18252,0.0771,0xa3...8c3b,https://bscscan.com/tx/0xfaf8a4079658a7cc6aa34a3d46c81c6e41f30ea9cc1f9d487bbe70e8152618c1
2023-03-25 12:24:51,True,4.044,0.01247,4.89986,0.0611,0x14...b438,https://bscscan.com/tx/0x91cfe828d23c79f0024c3f2f65e8e4919cea504a4e2324003e2e0f1c1f0d6a71
2023-03-25 12:20:45,False,4.0279,0.01242,62.5523,0.7773,0xed...4f31,https://bscscan.com/tx/0xf2bf98adb723f78e519cd971c89fae779b510a7f9a64855666c0e89795276f5e
2023-03-25 12:20:42,True,4.0401,0.01246,137.071,1.70857,0x66...29a9,https://bscscan.com/tx/0x86d91cedd442816071b822bc8b8862317294ddf08a6191bfd529b605e053ec5d
2023-03-25 12:17:48,True,4.0015,0.0124,34.8543,0.4324,0x2d...7822,https://bscscan.com/tx/0x71e43f99266cbb23fd2df7de984ba15db403bc4067f4f52bd01a27fcff6cd33b
2023-03-25 12:15:36,True,3.9973,0.01239,6.09716,0.0755,0x2d...7822,https://bscscan.com/tx/0x96fa9d0296af130979f8d38eebbd6f89c0b542a40b0a301addb13a15cf59354c
2023-03-25 12:15:36,True,3.9717,0.01231,237.524,2.92525,0x67...b7c1,https://bscscan.com/tx/0x3edc84fdb8e7a648d1c305b1ab28aac8f98c0f27cae14005451559d7fc306191
2023-03-25 12:15:33,False,3.9567,0.01226,284.19,3.48679,0x00...1aed,https://bscscan.com/tx/0x8aea13ca7fdbf7abe49dec187efc718d82f8bfc077203fd31201535b1f89225b
2023-03-25 12:02:11,False,3.9953,0.01239,90.8161,1.12528,0x5a...6651,https://bscscan.com/tx/0xd890c94ec12bcded1e669b5c1a94c5a3c6f3ed9d46d502cfac5fea1de505502e
2023-03-25 11:59:50,False,4.0091,0.01243,41.2985,0.5135,0x27...b6f2,https://bscscan.com/tx/0x7d1f9f9eaeee9cd7d3c2420e5c4b02db5cdc81c51e915d732d199e31e598e28d
2023-03-25 11:43:35,True,4.0498,0.01249,49.2142,0.6148,0x2d...7822,https://bscscan.com/tx/0xb8a9b385c8151fe75e3b4709ee413d710e5a20a3b8b0c77a0e8f84fe6f94125e
2023-03-25 11:33:07,True,4.0429,0.01247,5.68393,0.0709,0x11...5a3c,https://bscscan.com/tx/0xeae8681a4a46088c03b25c632fc77c09d2cf1b5dcb279dfbf2403d7d92c39b76
2023-03-25 11:26:46,False,4.0246,0.01242,40.4457,0.5025,0x27...b6f2,https://bscscan.com/tx/0x69c09bf238fd07b8b37e10c8897e9b31dc53c546935199089c554b18f4fc901b
2023-03-25 11:16:03,False,4.0351,0.01245,48.8477,0.6083,0x5a...6651,https://bscscan.com/tx/0x9f1445b9e623d788872da139596fa50a03abcf2dcbeb973de187daa57cccbfcf
2023-03-25 11:11:09,False,4.0255,0.01248,47.0249,0.5871,0x27...b6f2,https://bscscan.com/tx/0x4b507e3c62a22af4b2bca905186042011109e70e5800521f953051615a49cfb6
2023-03-25 11:06:57,True,4.0675,0.01255,42.2635,0.5304,0x2d...7822,https://bscscan.com/tx/0xad5e4938bdad11d7805d8baab3a3ee80f0af1ad71aedb0ec07cfb0d4fabfe7da
2023-03-25 11:01:24,True,4.0379,0.01252,37.6512,0.4715,0x2d...7822,https://bscscan.com/tx/0x5bcd2a428c53f7401d88f44913a6ffaf8c0e4c13e465efa1300e185bb20ba774
2023-03-25 10:57:12,True,4.0452,0.01249,46.6234,0.5825,0x2d...7822,https://bscscan.com/tx/0xda2e7146a1be4bab0957b676179b155b0ce05c70280e1023282c723cc485cf5f
2023-03-25 10:55:51,True,4.035,0.01246,40.9569,0.5105,0x2d...7822,https://bscscan.com/tx/0x020eb41fd016a324ec250bf82892fcce2230a6b1749624c47f68626314752969
2023-03-25 10:55:36,True,4.0058,0.01244,38.2234,0.4755,0x2d...7822,https://bscscan.com/tx/0x33c44bda7f759f80092568f339b2c886e5ef55302c0835f7c762a75af7cf9c63
2023-03-25 10:55:03,True,3.9965,0.01241,52.5397,0.652,0x2d...7822,https://bscscan.com/tx/0x12ade493580dd6478e8551b8cc37d9bb2f8794cddbbb0de41fa4bc75ffb19a47
2023-03-25 10:55:03,False,3.9752,0.01234,39.731,0.4904,0xbb...04a5,https://bscscan.com/tx/0xbad38fafca67a899210d00f48af08fac9d616413dd976622fb64c5c84d67093d
2023-03-25 10:55:03,True,3.996,0.0124,31.1115,0.386,0x91...79fe,https://bscscan.com/tx/0x233768e21434ff2ab0dfe26ee2999cee7ba06eed0fccc1c7dc59310877b3ca7e
2023-03-25 10:55:03,False,3.9846,0.01237,112.099,1.38706,0x8d...9d76,https://bscscan.com/tx/0xc8f5a908bfd5247659ab8af9f63d7fbfcd73ef8e522c0fdcf0b5e1fc752c90f5
2023-03-25 10:55:03,True,3.9811,0.01236,334.293,4.13282,0xed...4f31,https://bscscan.com/tx/0x1aa0b96c39886cad427f7c62e10f5a89d8dff56016b59f71e50c9fa0b37339cf
2023-03-25 10:55:03,True,3.9166,0.01216,287.77,3.5,0x27...b6f2,https://bscscan.com/tx/0x588652596a83616e17962c110eeebae44e890c1eebcb8846ecad6e01fedd989b
2023-03-25 10:55:03,True,3.8587,0.01198,284.19,3.40532,0x22...5a3b,https://bscscan.com/tx/0xfe7a03a1c57edc9e831d45cc7690f8d79099280e8a19d8ad9fab59bfb2ea0d36
2023-03-25 10:55:03,True,3.8108,0.01183,198.24,2.34593,0x11...46fa,https://bscscan.com/tx/0x135d47ec9009cea671f94918ae96fc6c956ce2705f0757af23ebcbc913686db3
2023-03-25 10:55:03,False,3.8764,0.01203,1043.27,12.5584,0x4e...dfbf,https://bscscan.com/tx/0x3c376772aa5e6ae742170418be99d9580ed011cad2109e27f6433c07f353fd5a
2023-03-25 10:39:51,False,3.9934,0.01239,94.8154,1.17565,0x00...78d2,https://bscscan.com/tx/0xaa11fa5012aa780bbd93495c0c4b11d46722e765ab72bb2b55d7e86928bb8137
2023-03-25 10:39:48,False,4.004,0.01243,5.45022,0.0677,0x2d...7822,https://bscscan.com/tx/0xc3d09dff1127dc24c7976cd4b364310ffac5b14684baabd740d01e4b031b553a
2023-03-25 10:35:51,False,4.0297,0.01245,50.3571,0.6269,0x7a...c707,https://bscscan.com/tx/0x5a0dcccc7bbbf8e54193c96cce2dda6aae9ec7f9e5869917651012f416bc47a0
2023-03-25 10:12:00,True,4.0578,0.01252,2.06428,0.0258,0x38...28dc,https://bscscan.com/tx/0x3ddbb7f1a92e6dd4e800c7d75e600d3deeec9078c622f4cc02e433198d676830
2023-03-25 10:09:15,False,4.042,0.01248,49.1864,0.6139,0x71...69e3,https://bscscan.com/tx/0x480cdb66e78af78387dbaa156732449d8f0409222a1c95f320a0534ce47c6636
2023-03-25 10:06:15,False,4.0331,0.01251,42.004,0.5255,0x82...2196,https://bscscan.com/tx/0x6f133415824ba71b554cc667276c7d94a74a7900d1a6d07776d3249c8afc8869
2023-03-25 09:49:15,False,4.0648,0.01254,47.565,0.5965,0xe3...d2ff,https://bscscan.com/tx/0x330f4c90d26125365ccd027e61f0970b1a1f478b918eda99ccec006b609780d1
2023-03-25 09:41:54,False,4.074,0.01257,53.196,0.6689,0x00...78d2,https://bscscan.com/tx/0x4fd9d226f574bc0752001994e27f81822adda9510bcc0afcf92792e7f10d493f
2023-03-25 09:34:06,False,4.0868,0.01261,51.7353,0.6524,0xf9...5ebf,https://bscscan.com/tx/0x61b8ee00e514b95ac9dca4bf191cddbd78716794f909529f56d112384b77ef05
2023-03-25 09:27:06,False,4.0788,0.01264,50.0773,0.6332,0x00...78d2,https://bscscan.com/tx/0xf141a7e11d2001059e7b9713e67ce767bb5129233cf4298bde39ae3918aa38d2
2023-03-25 09:25:39,False,4.1323,0.01274,250.508,3.19332,0x18...8ae0,https://bscscan.com/tx/0xb1193de74f3c930cf4922cd94c710c04b30fb289d358f32eee4d1f8bf4f7c9fd
2023-03-25 09:25:39,False,4.1652,0.01284,45.9498,0.5904,0x2d...7822,https://bscscan.com/tx/0x06b028094daf89af4a01b9bba1547e02a866174afb542e912221dccc9931ab7f
2023-03-25 09:25:39,True,4.1748,0.01287,146.189,1.8827,0x77...3bd0,https://bscscan.com/tx/0x95a084e89facd6818c549107327edb6970dbbb1cf3f04b637f92de8621a8c2e4
2023-03-25 09:25:39,True,4.1306,0.01274,250.508,3.19202,0x90...d82b,https://bscscan.com/tx/0xd576d221988ee5fdb3398502e7a569af4c8dd2b21e814c3102e54aef98b74595
2023-03-25 08:52:51,True,4.0787,0.01265,3.53374,0.0447,0x90...48cd,https://bscscan.com/tx/0xd4694593187d88a7808d9c20f6a49cb0df333392036c8852e585ba7d03f0210e
2023-03-25 08:52:42,True,4.0928,0.01263,51.4,0.6495,0x2d...7822,https://bscscan.com/tx/0xdca0da13e5704f3e972a3e0774999cdd02455759feb96a9cb68d72dfd61cc5f0
2023-03-25 08:52:42,False,4.0818,0.0126,138.0,1.73926,0x66...29a9,https://bscscan.com/tx/0x64ede1821a5e94c21ac0eaed71986220e0544177edad50a4fb4e4a40ae717fea
2023-03-25 08:50:45,False,4.0825,0.01266,48.879,0.6191,0x67...b7c1,https://bscscan.com/tx/0x6e841728b1e2fffb7581d0e643fc4488cf238d676f256a667b79c3260b6036fa
2023-03-25 08:20:54,True,4.1307,0.01274,2.16443,0.0275,0x38...28dc,https://bscscan.com/tx/0xd59ea8d83c2d1ec0cd7467ea34143973d1a02d4198629858beea6451a404e35a
2023-03-25 08:20:51,False,4.1155,0.01269,51.476,0.6536,0x00...78d2,https://bscscan.com/tx/0xbee136cb452695b78d5354269e3466e2dbd6638e8bda6ecb5f2b7536f6b9469e
2023-03-25 08:10:48,False,4.1214,0.01273,52.936,0.6741,0xef...cab1,https://bscscan.com/tx/0x221f31ebeb5f63ea3b5f4e32a39f23cfc9f69a6f3c588616b652dd6ebec3dc37
2023-03-25 07:39:02,True,4.1302,0.01281,2.97049,0.038,0x0e...2f4c,https://bscscan.com/tx/0x50dfc914075d09d7991b5587abf404bc2a9feb1aa4bb052e855cc81350df1d33
2023-03-25 07:38:56,False,4.1238,0.01279,131.902,1.68775,0x00...78d2,https://bscscan.com/tx/0x19a01397bd4958ec899466c9af56b4b441a3206e8c665cc24648c09329d05284
2023-03-25 07:38:53,True,4.1466,0.01286,112.424,1.44648,0xca...cafe,https://bscscan.com/tx/0xcad9d77d495087a7460f66dfee91d22b30b3c8d7010d6713edc32d0a9261a70c
2023-03-25 07:21:02,False,4.1226,0.01278,50.4109,0.6442,0x00...78d2,https://bscscan.com/tx/0x087a9ea3c6ad260a982e9c4974fb29a4054c201e211b56148f2ed9e8666a9bbc
2023-03-25 07:19:35,True,4.1479,0.01285,20.9547,0.2693,0xe2...431a,https://bscscan.com/tx/0x18516927eb0b5f3aa47eebd82e554914b4ae284e3ce4154c8e627c97e6d75a7e
2023-03-25 07:19:35,False,4.1302,0.0128,47.8022,0.6118,0xf9...5ebf,https://bscscan.com/tx/0xb6ecc87c40fcb80b54e456b6d3a2775dac4ec5e2d566f84ec065d1ea5a7db799
2023-03-25 06:41:55,False,4.1571,0.01283,47.5292,0.6099,0x43...fe22,https://bscscan.com/tx/0xa070d96ddb35cb72edc25fa3a92c183dfa335c54992df47b785f33d3135d0900
2023-03-25 06:33:52,False,4.1731,0.01285,24.8837,0.3199,0x2d...7822,https://bscscan.com/tx/0x1a498e21f87570b0c9d67b952a34ce0c6a5cfb2aeecee4c115e29fdf66c5e10b
2023-03-25 06:26:07,False,4.1789,0.01287,36.8817,0.475,0x2d...7822,https://bscscan.com/tx/0x9445b2742a614ecd66acf45bf6cd4cdd317246e4ffc323b3891076f7ef70b6ed
2023-03-25 06:21:49,False,4.1669,0.0129,41.2626,0.5325,0x2d...7822,https://bscscan.com/tx/0x3c918bb7a8d9ab397f6128f0bd54a1269b5f48507ebc8ff760017f1adba16cc2
2023-03-25 06:18:25,True,4.2075,0.01296,54.1895,0.7026,0x2d...7822,https://bscscan.com/tx/0x408ec8580f3de96ed96d1381bfa73a2d929c670af6c8e6fb6b4e64a46e9e0f30
2023-03-25 06:13:28,True,4.1962,0.01293,41.2331,0.5332,0x2d...7822,https://bscscan.com/tx/0x1407e4fd5cc6d8893fabfd44977952c19ae9636950b99f357ccb8eab79ecff10
2023-03-25 06:05:49,False,4.1764,0.01287,55.6455,0.7163,0x00...78d2,https://bscscan.com/tx/0xb6ceaa757fe08d6d1c9ff84a0c093be0d6ebe7a7545cca9d9344aa2875cbe170
2023-03-25 06:05:43,True,4.1978,0.01294,51.3746,0.6647,0x6a...6c7e,https://bscscan.com/tx/0x846ebf7b96caacc46b8bbee3279aeb8a753163d3ec5909ac1d7c1f56975c4971
2023-03-25 05:41:25,False,4.157,0.01286,35.4975,0.4568,0x2d...7822,https://bscscan.com/tx/0xf6e468e74bd63d11c34b339e31e4145c6fe112c6487098d31bde21eabf68b106
2023-03-25 05:28:37,False,4.1616,0.01289,23.8095,0.3069,0xf1...20b2,https://bscscan.com/tx/0x7c20cfe869e0f6a599881738f6cdaee6d3838962f249391a904d00c488b663f9
2023-03-25 05:20:55,True,4.198,0.01294,42.706,0.5529,0x2d...7822,https://bscscan.com/tx/0xed81b0e784e2f281a5938cfdcdca612d5d3c33af29bcdb156310a88256eae798
2023-03-25 04:55:49,False,4.1591,0.01288,48.4456,0.6242,0x71...69e3,https://bscscan.com/tx/0xf3ef4897677d5b316b61f9e6f4e8bf3fdb825df629369f08179c90285f2b5151
2023-03-25 04:30:40,False,4.1898,0.01291,49.3932,0.6381,0xc3...157a,https://bscscan.com/tx/0x985d5ae7c0f9c1fe7d56d18e6fdead4ccefb58975eba2def45381915aa2cb185
2023-03-25 04:22:28,False,4.1811,0.01295,47.3955,0.6139,0x0e...7558,https://bscscan.com/tx/0x0612eaf1a53af181856750500e7e7b4cc73740b7d1197493e38c9ce7993eaa8d
2023-03-25 04:20:58,True,4.2315,0.01303,6.02639,0.0785,0xe9...1702,https://bscscan.com/tx/0xb48e873c2add63881899c8d8860ff2faace3e16cf35ae83b4d3141064800ce66
2023-03-25 04:20:58,True,4.2274,0.01302,29.7878,0.3878,0x00...1baf,https://bscscan.com/tx/0x929dfa4a4f494c086d74f85cdbabfb4606213888212341608365a7fd65a8cace
2023-03-25 04:20:55,False,4.245,0.01307,366.498,4.79161,0x2d...7822,https://bscscan.com/tx/0x1e763c3fd3af7ffa043746414df980428a50a325a2857bec7eef5d3dd08cb081
2023-03-25 04:20:55,False,4.2911,0.01321,32.8017,0.4335,0x30...9359,https://bscscan.com/tx/0x72515085805be9a60e5ea6820d84a847bb3823be7ae36bbe8d950900277dfff9
2023-03-25 04:20:55,True,4.2713,0.01315,387.183,5.0934,0x65...cb0b,https://bscscan.com/tx/0x3eb391587a0b39a1247a56966a95f2c5dd9e45a2001265d80186bfdd40fcebec
2023-03-25 04:19:43,False,4.1838,0.01295,13.2321,0.1713,0xda...3daf,https://bscscan.com/tx/0x64917235edf604968bcda5b71634cc2320ddd62c9a1d134d931f14e0cd73d01e
2023-03-25 04:14:22,False,4.1873,0.01296,0.0435,5.639e-05,0x2d...7822,https://bscscan.com/tx/0x7e879cf33f7b4c16a5ac0a5db5a4446aa9b60e935a1af28e89d9e3173dfbe7f7
2023-03-25 04:13:49,False,4.1912,0.01297,34.8066,0.4515,0x2d...7822,https://bscscan.com/tx/0x2658adb23098e914ddc1e66a637b06927fcdec98f52146ae4a65a522f44544d7
2023-03-25 03:59:55,False,4.2218,0.013,41.7347,0.5425,0x2d...7822,https://bscscan.com/tx/0xf2788aebc5eb791f655676d1bf3197e2558a824a04012358b5091016b30c0dd0
2023-03-25 03:48:07,False,4.2293,0.01302,34.0522,0.4436,0x2d...7822,https://bscscan.com/tx/0x42934ec7b014efa26174669e44910ed0104b2080661213971f5742409c032c2c
2023-03-25 03:45:39,True,4.2331,0.0131,7.05136,0.0923,0x86...1912,https://bscscan.com/tx/0x6629743888fad7838bf2d82bfa0058d1391499cf8daaf1ff55f8f4b5fc01bd56
2023-03-25 03:41:45,True,4.2518,0.01309,11.0955,0.1453,0x2d...7822,https://bscscan.com/tx/0x08c84bae27c452faf87472b8182a2f081bd463f6534f903ecfb8c6d8b4d02dec
2023-03-25 03:41:45,True,4.243,0.01306,65.2905,0.8532,0x00...78d2,https://bscscan.com/tx/0x192273f4e645205c7c4b2b025df5c73338ea94f9055709a4bf8717cd9b1d1c02
2023-03-25 03:40:49,True,4.2298,0.01302,50.26,0.6547,0x00...78d2,https://bscscan.com/tx/0xd24ac8c8a7f21e0ab9f6a7eb20224e30fdbdfd700c710778cb3e0ea4e672a51a
2023-03-25 03:36:35,True,4.2186,0.01299,45.2496,0.5879,0x2d...7822,https://bscscan.com/tx/0x19ad1b799e9616bfbc80f12e76895b34850fd2574ae8958fda07ae1fc7b745c6
2023-03-25 03:33:44,True,4.2072,0.01296,40.4895,0.5249,0x2d...7822,https://bscscan.com/tx/0xeaa7fb931b029513b8d410f0f33d54ad74845b9037e8bb038168bc26dcef06a8
2023-03-25 03:28:01,True,4.1779,0.01293,35.8801,0.4642,0x2d...7822,https://bscscan.com/tx/0x107774be6240fd6a019f2b5f10b74a0e151946ea15b882c9ffa27ae4b18d79c3
2023-03-25 03:25:21,True,4.1653,0.01291,35.523,0.4587,0x2d...7822,https://bscscan.com/tx/0x84a59df921f314b408c79cdb74c46b374cf372de9f372ae72ed465f4f1653bef
2023-03-25 03:23:24,True,4.1806,0.0129,0.3343,0.0043,0x7e...e606,https://bscscan.com/tx/0x09f71f8733f5242b583fa285f464acda9b3294c88fddc2d6c7c2153d48de5392
2023-03-25 03:10:47,True,4.162,0.01288,42.7049,0.5502,0x2d...7822,https://bscscan.com/tx/0x1781891a626e69f05f9792885ec898aae5283d6eccac61b7b2dc98d282316b57
2023-03-25 03:03:18,True,4.1599,0.01285,42.1966,0.5424,0x2d...7822,https://bscscan.com/tx/0x4f0143600e1a989bbb0c3e2a5c3242f28407cd827467cd871b5b96c2f76ae3d9
2023-03-25 02:38:38,True,4.1581,0.01282,35.0409,0.4495,0x2d...7822,https://bscscan.com/tx/0x63f56ae260483889cd18cf6d031778e620b80a8c6805501466661cc0eba47fea
2023-03-25 02:32:59,False,4.1382,0.01276,39.5412,0.5048,0x2d...7822,https://bscscan.com/tx/0x40a548da53bf75fc439540b24e0f6f6850da98e0accee7bd309be5be14ee9d89
2023-03-25 02:32:17,False,4.1473,0.01279,37.3279,0.4775,0x2d...7822,https://bscscan.com/tx/0xf1ac5c2cc0da1f8e83dec731a850ed520199a597843f076b1c9977659579cb23
2023-03-25 02:27:20,False,4.1363,0.01282,51.8941,0.6654,0x2d...7822,https://bscscan.com/tx/0x22f4ace345030a482d162392134acbe717b3549c12988830418a4edfce09dcc3
2023-03-25 02:27:20,True,4.1564,0.01288,57.6403,0.7427,0x0b...b945,https://bscscan.com/tx/0x7fb9eb06c659095cd6e7f7a95a23350d63f7e2c99af2fe8df80e4d3ccfc05718
2023-03-25 02:24:50,False,4.1678,0.01285,148.681,1.91101,0x2d...7822,https://bscscan.com/tx/0xdf5274712a5b76c4839a5d3af4214daf8b0ebd8226441b2b1ab65b1d799a719a
2023-03-25 02:24:50,False,4.195,0.01293,92.7271,1.1996,0x3b...60a5,https://bscscan.com/tx/0x4e59ef6b6b6f20f80b060c8bac738ff010e98964989306c9755e091ec47df82c
2023-03-25 02:24:50,True,4.2088,0.01297,155.801,2.02222,0x0b...b945,https://bscscan.com/tx/0x7e7cfd261a9c32c9524e5d8b22ddf1becb96aab32d3873afbb07debb6ce8c23a
2023-03-25 02:24:50,True,4.1807,0.01289,92.7271,1.19551,0x24...0230,https://bscscan.com/tx/0xd8875c6c11a4a3ebc5e5c399d1da63e28ab01f8074cca67a05a4c556d76f5ea1
2023-03-25 02:18:17,True,4.1447,0.01285,11.9038,0.153,0x2a...e55a,https://bscscan.com/tx/0xf4b12f0d28e2400f931433e8c0bc3d3e33e0dc5172436aa7438c0edfb06964c7
2023-03-25 02:16:32,False,4.126,0.0128,41.9461,0.537,0x2d...7822,https://bscscan.com/tx/0xa87e1ce4270f6b87ede2663e76a1fd6386c1bd40fdfb5149a82c8a72735f1707
2023-03-25 02:10:35,True,4.1498,0.01287,10.4276,0.1342,0x34...8793,https://bscscan.com/tx/0x5aaaafe90b74306d181c126f044ec25133dd3e9b388b8bdee780f3c3dbf1004b
2023-03-25 02:10:20,False,4.1327,0.01282,46.9911,0.6027,0x2d...7822,https://bscscan.com/tx/0xddec2d0601ea56f162f5ffa2b08520e5e4dad8334217f1dc47b1b16c1d3fa632
2023-03-25 02:07:47,True,4.1577,0.0129,9.7952,0.1263,0x34...8793,https://bscscan.com/tx/0x44a4fb6a1565df8ed474378fe24f1aa2993e23aa85bbeead5d95dd1c1569ee3d
2023-03-25 02:07:35,False,4.1416,0.01285,46.9905,0.6039,0x2d...7822,https://bscscan.com/tx/0x091b7f743c713f9ac75ec6037f3b43097c7878c3116a02873692fa1a6c576787
2023-03-25 02:04:05,True,4.1653,0.01292,11.1519,0.1441,0x34...8793,https://bscscan.com/tx/0x16573196c5d7bb9979a4e31c6c13e95ebbf806b490ca5a29a3d625a623f991b0
2023-03-25 02:03:47,False,4.1685,0.01287,42.1474,0.5426,0x2d...7822,https://bscscan.com/tx/0x514c079a7452c2e7cb7d2d12fd87b00737058e7d214b55c701612af110c9f719
2023-03-25 01:52:47,False,4.1689,0.0129,34.3379,0.443,0x2d...7822,https://bscscan.com/tx/0x9ff94b19e7d83dedc3c2d9a1f1a30087b87e4365a6d8b727c1833616cebafd5d
2023-03-25 01:49:41,False,4.1754,0.01292,35.4416,0.4581,0x2d...7822,https://bscscan.com/tx/0xe7634af82d35a319110710295511adbe667233cf09deba37be9ecdc20e020056
2023-03-25 01:49:20,False,4.1795,0.01293,2.29283,0.0296,0x2d...7822,https://bscscan.com/tx/0x5f79f2a1df89854538a966f081ad0d9eb62b30446da3b8ca79cf8ec61eadd7fb
2023-03-25 01:49:20,False,4.1854,0.01295,50.1489,0.6497,0x00...78d2,https://bscscan.com/tx/0xa079198f9f5bd8e7c635befdc4240ddb4984519c6a98d06833f0048b9baddb3d
2023-03-25 01:48:35,True,4.2075,0.01302,38.1796,0.4973,0x2d...7822,https://bscscan.com/tx/0xaf4fc5002bd361289f04c277cfdd32776fb8293a16576baede8ab79c4051732b
2023-03-25 01:45:56,True,4.1982,0.01299,44.0598,0.5726,0x2d...7822,https://bscscan.com/tx/0x097c8745b572121bf508503819956f87620bb3fdb71a6a0e6e5421f1727e59dc
2023-03-25 01:44:56,True,4.168,0.01296,37.7858,0.49,0x2d...7822,https://bscscan.com/tx/0x223919dd4ee07a108eb517359f225dd2280557057a90d5120f2d870f5bb9c88c
2023-03-25 01:44:32,True,4.1598,0.01294,35.4033,0.4582,0x2d...7822,https://bscscan.com/tx/0x09de90aab5218d802fb0619614d169d7eff0271c0c3fcb7d2f712bccd23dc57b
2023-03-25 01:43:20,True,4.1456,0.01289,93.6855,1.20836,0x2d...7822,https://bscscan.com/tx/0x6106ef49be14f3e7e3403c0285f6443753d4f408f2325ad79eb8f0f3000c8eca
2023-03-25 01:39:17,False,4.1165,0.01281,34.609,0.4434,0x2d...7822,https://bscscan.com/tx/0x7868b9e837de875397d7fb0ddef7247bfe18c17e060353e14bbcd102d0f34ec6
2023-03-25 01:32:17,True,4.1569,0.01288,10.7922,0.139,0x34...8793,https://bscscan.com/tx/0x7c6cbef8e97ca0e3c7fb4059e9552ccfde1e276ef6346553b674417ac29d41be
2023-03-25 01:32:14,False,4.1394,0.01283,39.8026,0.5107,0x2d...7822,https://bscscan.com/tx/0x5669d03ed606eb57a87628c18d1860776d31f79e3bc3fbdd1e25bb282a587e54
2023-03-25 01:21:50,False,4.1242,0.01285,36.5491,0.4699,0x2d...7822,https://bscscan.com/tx/0x5402dd1dcd0be88e9db030cef8ab68b361df4857ba7cac27e67bb98e9c06c3c3
2023-03-25 01:18:41,False,4.1528,0.01288,36.5347,0.4706,0x2d...7822,https://bscscan.com/tx/0x5b0f2528c65394214fba1fb522699b2156d501e4603200be4e1e6b32afd20600
2023-03-25 01:12:11,False,4.1399,0.0129,34.4519,0.4447,0x2d...7822,https://bscscan.com/tx/0xb057972be2c8fa6a5332e450d103f997a65cead64b4704e2343e4fe34a7978a6
2023-03-25 01:11:56,False,4.1692,0.01293,40.6138,0.5253,0x2d...7822,https://bscscan.com/tx/0x16f4df8d397d44ce0fe5ac455b75a150d143bd26788e1b113912c5fbdad8996a
2023-03-25 01:10:35,False,4.1575,0.01296,42.2994,0.5483,0x2d...7822,https://bscscan.com/tx/0x41f0fb395bfcfd740fd4e9fd4ace3dc7555c088cd27f03882453f38d1aa0ca21
2023-03-25 01:06:44,True,4.1997,0.01303,34.6986,0.4521,0x2d...7822,https://bscscan.com/tx/0x3ee3bdadb3b9a4e728a995fbb814d7e4ee68b1f9fbd9e943e3345667126b9572
2023-03-25 01:00:59,True,4.1886,0.013,50.5067,0.6566,0x00...78d2,https://bscscan.com/tx/0xaf448c4d33cf88ae24453b29a33cac283f580e628f07e31f59458d3c50b27d02
2023-03-25 00:20:56,True,4.1608,0.01298,1.96679,0.0255,0x90...b3b1,https://bscscan.com/tx/0xb88e1d21ea06e90c64fb1426e17c3f4cdac65da273f4d69db17af9d2b199950a
2023-03-25 00:08:00,True,4.1537,0.01296,36.0296,0.4672,0x2d...7822,https://bscscan.com/tx/0x212274f5ec437f2b79690ea303c6969951bfc2c9d41e664821fc5a4f089afa91
2023-03-25 00:06:31,True,4.1664,0.01294,36.3709,0.4707,0x2d...7822,https://bscscan.com/tx/0x5e61889e4b57aaccede9535af412b27ebde7b45b35cdf09bd2d64fa05c0de7bc
2023-03-25 00:04:58,True,4.1588,0.01291,35.8704,0.4633,0x2d...7822,https://bscscan.com/tx/0x4f63bd87b9486e67e16f34322618d40260605040b90877313aeeff5f1da59c58
2023-03-24 23:54:07,True,4.1555,0.0129,2.88989,0.0372,0x6f...1a36,https://bscscan.com/tx/0x55565bb44df67b08986b47c3543f4d766fe25fadc37979b48e1d2ed899ed9c07
2023-03-24 23:53:25,False,4.1389,0.01285,40.4751,0.5202,0x2d...7822,https://bscscan.com/tx/0x91220cce8a3ca663643a91312a466019453387d3b0c439dede51758b4bc5d2cb
2023-03-24 23:24:37,False,4.1367,0.01288,38.5067,0.4959,0x2d...7822,https://bscscan.com/tx/0x8d5a3e448aa2e89ab0130aa9c6d281ad198568bfb211d7692a63aeb8349a4370
2023-03-24 23:18:01,False,4.1241,0.0129,40.3026,0.5202,0x2d...7822,https://bscscan.com/tx/0x579641d8bc5b9d08d0f92fe28b1b34e119ee4a04c9ed4cb14f54880f6563a602
2023-03-24 23:17:49,False,4.1325,0.01293,35.1896,0.4551,0x2d...7822,https://bscscan.com/tx/0x80169e11a1787769f2f1f61eeb91e983e979bf487ab6ef4e3b779f14f246f8bc
2023-03-24 23:15:58,False,4.1609,0.01296,36.9657,0.479,0x2d...7822,https://bscscan.com/tx/0x868237dc0c3c2fefea6b408a36c6e13fa92f903c109fc03bb64b68422f9daace
2023-03-24 23:06:19,False,4.1666,0.01298,34.7257,0.4509,0x2d...7822,https://bscscan.com/tx/0xa4f36bbb0e2718a437b83538ac94210a49e48fe58a3450bbe0044edb57ade9b1
2023-03-24 22:55:55,False,4.1481,0.01301,44.4663,0.5786,0x2d...7822,https://bscscan.com/tx/0xf58436d06e445f9c802c36d004ffed564b6aeb7392915a693dcb5290a6a346ba
2023-03-24 22:53:52,False,4.1767,0.01303,30.0,0.3909,0x55...6f1f,https://bscscan.com/tx/0xe1ba80098098292e850cba7999730c99eba6c2127a8ee424c97a2f5f325b115a
2023-03-24 22:43:54,True,4.1979,0.0131,32.5463,0.4264,0x2d...7822,https://bscscan.com/tx/0x960525e434d4f22e105454d51b056153563cf95add1e423acd3157525cf38403
2023-03-24 22:43:15,True,4.1868,0.01307,37.1006,0.4852,0x2d...7822,https://bscscan.com/tx/0x02c2bba9c027febf4d98e37b5cdb484b5dba29ab389ddf03f1a9aabb77bc5ad7
2023-03-24 22:42:45,True,4.1805,0.01305,34.021,0.444,0x2d...7822,https://bscscan.com/tx/0x76bd848e2b85475c7faefddf5f3d8d235b4eeb431f6e3dcd61cc239154cc9dd8
2023-03-24 22:42:36,True,4.1728,0.01302,34.1355,0.4447,0x2d...7822,https://bscscan.com/tx/0x521d0d762c212977d7e3b853cc3af9c3e2c1b1c17799039f1258ec5186850e49
2023-03-24 22:42:03,True,4.1442,0.013,35.1932,0.4576,0x2d...7822,https://bscscan.com/tx/0xe8942697f715bbe120dad0548c6c277f5e6ac67869008b7202ca8aa685449c0d
2023-03-24 22:41:27,True,4.1575,0.01298,35.2644,0.4577,0x2d...7822,https://bscscan.com/tx/0xdcf28bd1e13213cff3cb72d3bdec48c29a16b56ee25f5560042aa74f95063d2e
2023-03-24 22:35:39,False,4.1368,0.01291,38.9922,0.5036,0x2d...7822,https://bscscan.com/tx/0x81bfd42a1438fac1f9597436b2baf9d39897fa1223c45c03b852cdbbd9a856ae
2023-03-24 22:19:49,True,4.1688,0.01298,34.7488,0.4511,0x2d...7822,https://bscscan.com/tx/0x188c67656af6977cf6d29349831662ec1e781c1c139f26986dcf522833ba7a9c
2023-03-24 22:18:31,False,4.1453,0.01291,12.6601,0.1634,0x86...1912,https://bscscan.com/tx/0xe375f40579f59498220e49fb3f712fb978cad69e406f2801b64ec4d3f087ceaf
2023-03-24 22:10:04,False,4.1365,0.01292,34.2795,0.4431,0x2d...7822,https://bscscan.com/tx/0x8721bac6399b3c4e30e86a19f9e1716a248c7a3bbe9d8428616fcecb32a3d8b8
2023-03-24 22:05:28,False,4.1674,0.01295,37.4452,0.4849,0x2d...7822,https://bscscan.com/tx/0x379f68dfa9fd5f1893c774cf8f164a223e620f1a7c766d45bfe851daa11b2e36
2023-03-24 21:57:52,False,4.1767,0.01297,40.0117,0.5193,0x2d...7822,https://bscscan.com/tx/0x88783c006664352bed0101e1e774d97bdbd42146213c4ff34dbf69026732a6c6
2023-03-24 21:51:19,True,4.1979,0.01304,34.9197,0.4555,0x2d...7822,https://bscscan.com/tx/0x7d929bc604807d627cc30ce2bcb9a775c25b5a78549aafebb633735911d83b59
2023-03-24 21:42:25,False,4.1654,0.01298,36.76,0.4771,0x2d...7822,https://bscscan.com/tx/0x2c459e3393f6c9ff08f31e39e074abad61f0e81eb4c0d8f5a7541e88c765b4ef
2023-03-24 21:32:37,False,4.199,0.013,34.8485,0.4532,0x2d...7822,https://bscscan.com/tx/0x27c60199d38b5ec5a524f44e7646bb31eecf412b0402d2658178115a9dc75bf5
2023-03-24 21:31:22,False,4.2073,0.01303,39.0195,0.5085,0x2d...7822,https://bscscan.com/tx/0x10b7d830c686cd9b6797aad92c0c52cb1ea648ddb922ad27216c857b38ff18de
2023-03-24 21:23:52,False,4.2158,0.01305,35.0348,0.4575,0x2d...7822,https://bscscan.com/tx/0x9d4605a7bbb55b0dae6973e8c90f2c508977e822809ccd2d50b602586f953396
2023-03-24 21:19:55,True,4.232,0.01312,45.2104,0.5931,0x2d...7822,https://bscscan.com/tx/0x321e42cf9b8aa1e15045a8b112fd4ec95d465ab97d2f8fd1a59e747173fb70ee
2023-03-24 21:08:03,False,4.2086,0.01305,35.8424,0.4678,0x2d...7822,https://bscscan.com/tx/0x9d0fe37d1e0c3357b73b4962649724c426f1027228bee2bad5f69df1b5d8affc
2023-03-24 21:06:33,False,4.1966,0.01308,43.7513,0.5722,0x2d...7822,https://bscscan.com/tx/0xa95e158fa6ebfc3f03c5a93f7a8538cfd5832d20d6491154f79b9c22f23ddbc9
2023-03-24 21:03:30,True,4.238,0.01314,43.7925,0.5756,0x2d...7822,https://bscscan.com/tx/0x3067f23ece2f4160228d4bb807e4b019400e6bae68bdfde767478f86ad2e7d4e
2023-03-24 21:02:51,True,4.2069,0.01311,37.8278,0.4961,0x2d...7822,https://bscscan.com/tx/0x318fe111673b15a4a6aec9d5c7ba73b6e68ada41401d3dcd7aa98a7438a8defd
2023-03-24 21:02:03,True,4.2207,0.01309,30.5053,0.3993,0x2d...7822,https://bscscan.com/tx/0x2826644d3ac82944727009567431d33d17d03f1ce33e4012ca4a79fa77fd4b2f
2023-03-24 21:01:45,True,4.2166,0.01307,5.65704,0.0739,0x2d...7822,https://bscscan.com/tx/0xa5ce01fb37ec71dfb9a90b26340e73fc0b320c3b8a6e3557cb7716ba19a86a95
2023-03-24 21:01:12,True,4.2125,0.01306,34.0235,0.4445,0x2d...7822,https://bscscan.com/tx/0x54f611e8941a70332feefdf787e56aa1e6b1222d1ed20ef491dc3911af80fa3c
2023-03-24 20:47:45,False,4.1675,0.01298,1.5,0.0194,0x12...2140,https://bscscan.com/tx/0xff0b221c7e16e4e11c3787c25264e81baf88d34e0173ed9aca629b275aac4f3a
2023-03-24 20:39:24,False,4.1727,0.013,43.0064,0.5592,0x91...79fe,https://bscscan.com/tx/0x91b8f19b68e69cb18feb15a8ecebe9bed298b11a58e8f2daa8bbef4ecb25b4b6
2023-03-24 20:33:45,True,4.219,0.01308,5.08875,0.0665,0xf7...578c,https://bscscan.com/tx/0xfdbcd8de5b0f6d2680e4db35cb73ef6f549942ee46b1bddfe73f5018f33df2e6
2023-03-24 20:22:50,True,4.209,0.01306,39.3106,0.5136,0x2d...7822,https://bscscan.com/tx/0x19e7d94a3debed209dd0bb730f4a2c39a7338c71c7ba3f9ad46e4b876094ea5d
2023-03-24 20:16:34,False,4.1791,0.01298,2.8602,0.0371,0x90...48cd,https://bscscan.com/tx/0x7a2f8059c8902b4f966f20ff7ce43658a09925abcb779f95c63f8fc890851d76
2023-03-24 20:16:31,True,4.1961,0.01304,38.0962,0.4968,0xeb...07e3,https://bscscan.com/tx/0x965a252e8430cadb44aae95bf79785af67ebc7dc9182476363e0fc29f8e5b2f2
2023-03-24 20:16:22,True,4.1656,0.01301,38.3149,0.4986,0x2d...7822,https://bscscan.com/tx/0x906b57565b9b4b779328b193b5a16f2bac2db48259f97c883f8df603d0caedc9
2023-03-24 20:15:19,True,4.1785,0.01298,34.1133,0.4431,0x2d...7822,https://bscscan.com/tx/0xb7e777ba38d810e12668656e1564349bf45f712a27fef10b3dbc78489bdabfd0
2023-03-24 20:14:07,True,4.1728,0.01296,35.5378,0.4607,0x2d...7822,https://bscscan.com/tx/0x24a148cf6ee3eee79d7823a6074a97726e0765fe450437c475d16112627b74a5
2023-03-24 20:13:52,True,4.1648,0.01294,35.3617,0.4575,0x2d...7822,https://bscscan.com/tx/0xa730f07a351b473ecfa0c49b364ce762f523f8b58c28c20c401e21796775345a
2023-03-24 19:56:19,True,4.1482,0.0129,54.2076,0.6997,0x2d...7822,https://bscscan.com/tx/0x7d3b36821b8d761cfaffcf3da3266099d39e110a15cdabcf6f387cf3ad462aa2
2023-03-24 19:54:31,True,4.1315,0.01288,9.66768,0.1245,0x8e...6665,https://bscscan.com/tx/0xb1684d197307fce97ff3d7981b25cd5e00b98c10df0b4c49dca0245c29a57f06
2023-03-24 19:41:22,False,4.1112,0.01283,36.2516,0.4651,0x2d...7822,https://bscscan.com/tx/0xbe7b1461ec44efea0511b15f6b42220ea9c10185bb85208dbc7efcc6ab098393
2023-03-24 19:40:55,False,4.1192,0.01285,36.812,0.4732,0x2d...7822,https://bscscan.com/tx/0x824eef79590e61e773b3b28fd0625f5905ec074d47fe8aa4f9f204955083d28f
2023-03-24 19:36:28,False,4.1066,0.01288,37.5231,0.4833,0x2d...7822,https://bscscan.com/tx/0x225e14a1b21b4c65f8215a2836a1bb73441717232b470f7fa34021ae417e2cfa
2023-03-24 19:31:52,False,4.114,0.0129,36.7134,0.4739,0x2d...7822,https://bscscan.com/tx/0x946e06d207914a98e988d42ef87dd697c8ec489caef7ae88634e76b17f6867bb
2023-03-24 19:25:46,False,4.1432,0.01293,39.5155,0.5111,0x2d...7822,https://bscscan.com/tx/0xaa539f182666a375d15eecc415e51efbd6966073729ff2a3396e3d63b2cff584
2023-03-24 19:18:06,False,4.1519,0.01295,7.918,0.1025,0x7c...c353,https://bscscan.com/tx/0x5c1f17c9dc5bd41ec2cce63556d4e8bf03e81537b3046948c955cac24506b552
2023-03-24 19:17:18,False,4.1362,0.01296,36.1319,0.4685,0x2d...7822,https://bscscan.com/tx/0xc3b445d2dd47d3a768da821900d730f2351122a6a7a57aad5d1a1ae1c8041fe8
2023-03-24 19:10:43,True,4.1461,0.01303,40.4816,0.5274,0x2d...7822,https://bscscan.com/tx/0x62771be5393f90ee7b6a0ca0835460d3f8922ab7d0336e10128c8523863274d9
2023-03-24 19:09:04,True,4.1508,0.013,37.9792,0.4938,0x2d...7822,https://bscscan.com/tx/0x81bccfe549874d7499e555af60afc616c64e93845f3e903ef10743a96a6f1c90
2023-03-24 19:02:48,True,4.1126,0.01297,32.8652,0.4265,0x2d...7822,https://bscscan.com/tx/0x96f55ba0f92a668ce068166b1bd9b30298ed4722b8c1d4f8cfa891a073d2c478
2023-03-24 19:00:09,True,4.1289,0.01294,48.4,0.6267,0x3e...a7c8,https://bscscan.com/tx/0x227387da65913bd99a64fd5fc93701729cd2b954b94ae7f067789294b454df17
2023-03-24 18:59:54,True,4.1195,0.01292,34.7556,0.449,0x2d...7822,https://bscscan.com/tx/0x64494d6da8a32ab109c2f957a91909fde0166ddf655e3cb9f5ac976b87c8c00c
2023-03-24 18:58:11,True,4.1107,0.01289,46.5803,0.6005,0x2d...7822,https://bscscan.com/tx/0x174ab4a8027b7f120e91b63ed36ba0bfc490ab4b7df2e76e29dd754b28995d78
2023-03-24 18:54:20,True,4.0981,0.01286,35.6788,0.4589,0x2d...7822,https://bscscan.com/tx/0x5b90f167d7f03d5d4ff7a717ed36aa3dc2606430cd578ae06e7d4b2d6850b24c
2023-03-24 18:54:02,True,4.0895,0.01283,39.7554,0.5103,0x2d...7822,https://bscscan.com/tx/0x8ae2d3318b97bfb00983d37927da994f26f15bca2a7eecb599e95c8970f4d182
2023-03-24 18:53:11,True,4.0607,0.01281,35.3521,0.4529,0x2d...7822,https://bscscan.com/tx/0xfc62eac8413a2142b0a73763b33e2795c6d7de8c2b6afc077cb48ee67c5ed045
2023-03-24 18:50:02,False,4.0477,0.01274,35.6056,0.4538,0x10...c944,https://bscscan.com/tx/0xbf5fddede64fdb3e58af896b1b82f43a17c2ed9c31e295f3ca9fc943cb38fc01
2023-03-24 18:49:44,False,4.0582,0.01277,34.693,0.443,0x2d...7822,https://bscscan.com/tx/0x868177f37a65ce831e95ccf7e1684c7337e1866afab7494e15406d59db9e3e9f
2023-03-24 18:46:11,True,4.1051,0.01283,37.0782,0.4758,0x2d...7822,https://bscscan.com/tx/0xb0c4fe5f915db21124b643afe91e47c678e9bd7f856d9387e8cd00658eec3021
2023-03-24 18:41:18,True,4.1028,0.01279,71.4211,0.9139,0x2d...7822,https://bscscan.com/tx/0x05676bf69a309bc784b2e15fdff0785f8740bf0bd9a17082685c895a58339af9
2023-03-24 18:41:18,False,4.0918,0.01276,157.672,2.01235,0x93...899d,https://bscscan.com/tx/0x6250482da0d2e4bbbbfbfc057191f8643a3e24ad6d03e52142f532efaa78985d
2023-03-24 18:41:06,False,4.0899,0.01282,12.4937,0.1601,0x2d...7822,https://bscscan.com/tx/0xe395e502592789b6e3014bb021706471f1e34dad7df8794cea9878046a0fae8b
2023-03-24 18:41:06,False,4.0964,0.01284,46.5667,0.5979,0x00...78d2,https://bscscan.com/tx/0xa4120af0be49004cf4dc8845d2350d269d8df562304ef3e989c5c809cb8eb7b8
2023-03-24 18:41:03,False,4.1055,0.01287,35.8607,0.4615,0x2d...7822,https://bscscan.com/tx/0x6645abfcb1747eae1cfb89c131fdd4400346739af2056f6e1c664e86421e4b09
2023-03-24 18:41:00,False,4.1055,0.01287,35.8607,0.4615,0x2d...7822,https://bscscan.com/tx/0x6645abfcb1747eae1cfb89c131fdd4400346739af2056f6e1c664e86421e4b09
2023-03-24 18:34:32,False,4.1142,0.0129,62.3921,0.8051,0x82...2196,https://bscscan.com/tx/0x4df8b7ab08691b73434e46193c83895f580b4f1e301177fcb33763916b207672
2023-03-24 18:34:02,False,4.1255,0.01293,38.617,0.4996,0x2d...7822,https://bscscan.com/tx/0xd3e01c934e1b50c57411a4e34fd07c3dd2d455471a1884375bae21775aa2a1ea
2023-03-24 18:33:35,False,4.1548,0.01296,37.788,0.4899,0x2d...7822,https://bscscan.com/tx/0x5c61856f841e668a12c062a500da2b8a5949f8a48d288a029c1b35717074206e
2023-03-24 18:26:30,True,4.1731,0.01303,35.9212,0.4681,0x2d...7822,https://bscscan.com/tx/0x5edbfd5160af583153d98a3c289e4cd7afd0059ca99e230424aecb8c6b7865ce
2023-03-24 18:25:12,True,4.1625,0.013,43.9913,0.572,0x2d...7822,https://bscscan.com/tx/0xa3b11d8900726749dbd44d424c0b9c7e5437ec5e0b879fe9db664870bbc97eda
2023-03-24 18:24:06,True,4.1533,0.01293,153.951,1.99124,0x2d...7822,https://bscscan.com/tx/0xca5407680bee8e653fdf6ae307b97e6c66c0b7d82f49ecb77730fcd003c51bcb
2023-03-24 18:24:06,False,4.1429,0.0129,245.99,3.1737,0x9e...26c4,https://bscscan.com/tx/0x076a5c69915b724a8e11d69765db9e1bcee117a8774ced94b9fb8f13fa38da21
2023-03-24 18:18:30,False,4.1781,0.013,40.0308,0.5204,0x2d...7822,https://bscscan.com/tx/0xae43c0edb617169302987519f94ebad57cccc3dc6d17806013a89e06f41ea673
2023-03-24 18:18:06,False,4.1873,0.01303,40.2145,0.5239,0x2d...7822,https://bscscan.com/tx/0x74d0ffac8b7101bc35d5553ef83ef02ffbbd366f07890264b56f8c3484ea4284
2023-03-24 18:18:03,True,4.2071,0.01309,50.2955,0.6584,0xd8...47bd,https://bscscan.com/tx/0xc945322def05950f72658d49a1a1cab2d91d7b467e891cfced19c9840cf3d41a
2023-03-24 18:18:03,False,4.1843,0.01302,34.1479,0.4446,0x2d...7822,https://bscscan.com/tx/0x589a7fcd8fdd721be4fc3b42b1e68de2b014b4b3b3781cbc635505632e49f09a
2023-03-24 18:17:30,False,4.1743,0.01304,40.4446,0.5276,0x2d...7822,https://bscscan.com/tx/0xa375ad909caf07b24beb64bbd5c86ab390bcfef962a9ce756b80b0f81e4fb777
2023-03-24 18:08:15,False,4.2035,0.01307,33.8222,0.4421,0x2d...7822,https://bscscan.com/tx/0x6f67e8e18c5748ce26fb556bc8d7bce655715eee4bd1419f9bec1a9a4090af0a
2023-03-24 18:07:39,False,4.1907,0.01309,38.0221,0.498,0x2d...7822,https://bscscan.com/tx/0x18da42996ad846514b6a15c55d383d457b2ac4baae26dd35823a36a975d0adb4
2023-03-24 17:48:33,True,4.2372,0.01317,10.6269,0.14,0x6d...ee51,https://bscscan.com/tx/0xf6bf5e7aed66a8dce57bda6a26502798457ad44ea3cceb0e42ac72545be16816
2023-03-24 17:25:03,True,4.2348,0.01315,43.1,0.5669,0x2d...7822,https://bscscan.com/tx/0x424a9a9d1f9c142dafdfd94dedcb338f5506fa494f9f6a556c930075d98484f7
2023-03-24 17:23:21,True,4.2039,0.01312,41.2579,0.5415,0x2d...7822,https://bscscan.com/tx/0x5111e20eed1b73cd3f69995112c2bc6deabc86fbdde8e6261c5a624c97b84dfb
2023-03-24 17:17:22,False,4.2022,0.01306,43.649,0.57,0x2d...7822,https://bscscan.com/tx/0x6d5f9327a03c6e2766b49c0d99f1efd3673364cd6dc72ab1979dd6f63431b0df
2023-03-24 17:17:19,True,4.2226,0.01312,49.53,0.65,0xc5...06b2,https://bscscan.com/tx/0x95dad1f7c011952e4196eb55af7045b45a9c0cd9b0756ba4577af24faadf1014
2023-03-24 17:14:25,True,4.2117,0.01308,46.9358,0.6143,0x2d...7822,https://bscscan.com/tx/0x69ca2686dadf9bb87af405a4317726f419149263a1586d0d25e1c1601f44a134
2023-03-24 17:14:25,False,4.1885,0.01301,27.813,0.362,0x12...e380,https://bscscan.com/tx/0x9ff46f1372cef0ee7bfb1acf714f86cbf7b1bff15d994080e23fc32f52b50840
2023-03-24 16:47:36,True,4.204,0.01308,33.7974,0.442,0x2d...7822,https://bscscan.com/tx/0x93d35cabedbb0e0f48d7fb49a11bac3b7916680db22c6d78ea10aa06da981d8d
2023-03-24 16:46:36,True,4.1745,0.01305,41.3636,0.5399,0x2d...7822,https://bscscan.com/tx/0x7dbd9f6e32f05d055e18a5deed31892b3e69ea9041914cf470d7bc38188529f2
2023-03-24 16:44:51,False,4.1534,0.01298,38.3284,0.4977,0x2d...7822,https://bscscan.com/tx/0x391325accab43cc27d5376b837ffd3fb400c327cb8f4985ae1665e5d0e5821ca
2023-03-24 16:44:39,False,4.1583,0.013,5.27853,0.0686,0x2d...7822,https://bscscan.com/tx/0x7d82e0121ea7e76f34969359882a94b561201f5688d4d6022c090c72326f3e8a
2023-03-24 16:44:39,False,4.1647,0.01302,51.3958,0.6693,0x00...78d2,https://bscscan.com/tx/0xa3384bcd18d8cabb4967a208fff4ebd2f8f44b6ac971b4d1de6a5d41cdf30dcd
2023-03-24 16:42:33,False,4.1926,0.01304,9.30744,0.1214,0x2d...7822,https://bscscan.com/tx/0x6d13749c9771fdd92181371a16a714d5a57c9ea1d4af0272ac88bab0f3f7ef69
2023-03-24 16:42:33,False,4.2069,0.01308,116.002,1.51828,0x00...78d2,https://bscscan.com/tx/0xf2db1449da44b5cb471c93c5716f28e3067a10f2d2ada4e2bd4b66850fe09691
2023-03-24 16:42:30,True,4.2262,0.01314,130.499,1.71589,0xfd...2d19,https://bscscan.com/tx/0xacb62a55327a54076b6bf322a7b5670d6013a3f57be36431cb1f6bade5b338cf
2023-03-24 16:42:18,False,4.1955,0.01305,47.2074,0.6162,0x2d...7822,https://bscscan.com/tx/0x6074f5bd08ca29e67fe45873a9e594bf5c843a53fb30df2303cf9f2093fa607b
2023-03-24 16:35:03,False,4.2027,0.01308,39.9154,0.5222,0x2d...7822,https://bscscan.com/tx/0x5f75c7dc0fbb0c8099be4e8dac2f40c5348ca12aad02a7aeaf261433c6b43c60
2023-03-24 16:26:51,True,4.2088,0.01315,13.1571,0.1731,0x0f...8976,https://bscscan.com/tx/0x802ae111b9a775cd4907983b91495f7c1c1e173bf0636bc0b3a903683714037e
2023-03-24 16:14:06,False,4.1928,0.0131,37.8145,0.4954,0x2d...7822,https://bscscan.com/tx/0x59b91a0bb1694b97a51d79e18895aa72f70257f389961920eb8d8b7136098ad8
2023-03-24 16:13:42,False,4.2217,0.01313,43.1557,0.5666,0x2d...7822,https://bscscan.com/tx/0x8f237ab7cf8320279db7dc4be3b4cab70c5b9600926abddc399e47a1db5a0087
2023-03-24 16:13:39,True,4.235,0.01317,111.241,1.46535,0xeb...07e3,https://bscscan.com/tx/0xd1340581f20bdbce304f3473625fc3c466eb3a2e91246861b578e2f18ea32646
2023-03-24 16:10:39,False,4.1919,0.01307,13.9353,0.1821,0xdd...571b,https://bscscan.com/tx/0xc4d42c7da982df071089d4369dd74d5170a37166eb90eec65052c991a6b24677
2023-03-24 16:08:24,False,4.2057,0.01308,34.0108,0.4451,0x2d...7822,https://bscscan.com/tx/0xeb48129d18ac026eb1e0b4adeaf41e264249ef243d103d8ebef08c50a5533689
2023-03-24 16:07:13,False,4.2199,0.01311,45.2534,0.5936,0x2d...7822,https://bscscan.com/tx/0xed1e451ea6de81dded71df4937575e53891684dfb60494ef228ac9d5cdd877aa
2023-03-24 16:06:40,False,4.2508,0.01314,41.8081,0.5497,0x2d...7822,https://bscscan.com/tx/0xc351c4519255833d6a643d645772c5e68e85f7b5b090f0b17fa337e45b8e9d23
2023-03-24 16:03:07,False,4.2603,0.01317,38.7159,0.5101,0x2d...7822,https://bscscan.com/tx/0x2ffee5562740b47ff8a108aed068a464bb2999b543aac597ffc6e12c0f16e4ca
2023-03-24 16:01:19,False,4.2736,0.0132,40.4421,0.534,0x2d...7822,https://bscscan.com/tx/0xd2603ceecabb9ec350dfcdeb6fe45d2026aecfa21a4c2e6efc19295dd4061b75
2023-03-24 15:57:31,True,4.2777,0.01327,37.0651,0.4919,0x2d...7822,https://bscscan.com/tx/0xe6df488aa5759907f6f22995d6c03baaa76820a6dcc1d236582747b98a0cb7e7
2023-03-24 15:56:01,True,4.269,0.01324,37.5523,0.4974,0x2d...7822,https://bscscan.com/tx/0x6089fac28e3c1401ce68d194cca1f9fd9095483b84a82957815d1392cab86e75
2023-03-24 15:53:31,False,4.2477,0.01318,37.0017,0.4876,0x2d...7822,https://bscscan.com/tx/0xaf44ef8b85984c062bc0602fabf8d54c0be1f3f1d4d0cae48107912366e27fb7
2023-03-24 15:22:35,False,4.2819,0.0132,37.6635,0.4974,0x2d...7822,https://bscscan.com/tx/0x920a3729b7c338bd1b36dcafb9847203df67c255863f3339912d3890a35e6684
2023-03-24 15:18:08,True,4.3044,0.01327,36.9024,0.4898,0x2d...7822,https://bscscan.com/tx/0x1e0025d5ec00cfdc9150f35f97c7ac6d7cbac2014a209af20375f8d2962b881f
2023-03-24 15:17:23,True,4.2956,0.01324,35.9635,0.4764,0x2d...7822,https://bscscan.com/tx/0x01160b3ac3a34e7aeb1939c40d60d7e138749bf56ba9509ec00a0e015b7daa82
2023-03-24 15:14:44,True,4.2831,0.01321,46.5522,0.6152,0x2d...7822,https://bscscan.com/tx/0x788edfff48dba8e51804e9a957495503ed9e8e8b52145e4790f466f66f45a4a4
2023-03-24 15:13:23,True,4.255,0.01318,45.2038,0.5959,0x2d...7822,https://bscscan.com/tx/0xf31849e5f45e98906f2240fd7b89e77127b8ad67f2db790e5f3d236ad50a0969
2023-03-24 15:12:26,True,4.2243,0.01315,36.423,0.4791,0x2d...7822,https://bscscan.com/tx/0x950f3e88c3bc3925726e7e6a589947257c03a75c1555a8eda13bdbdbce370f37
2023-03-24 15:03:14,True,4.2402,0.01313,20.1808,0.265,0x34...8793,https://bscscan.com/tx/0xd6f56c6561428f080de4bdb2cd5656ed3ab42d8c048d819fefee3aae378dbe08
2023-03-24 15:02:35,False,4.1995,0.01307,38.0108,0.497,0x2d...7822,https://bscscan.com/tx/0xedc28097b1e826749d4ff9ec9406fe2283b6125e8d449c1807e2da5964ab8e7f
2023-03-24 15:02:20,False,4.2103,0.0131,38.0534,0.4985,0x2d...7822,https://bscscan.com/tx/0xbc60d4900d55cb6274b8d365008b1531e0cc8fd10dbb02848707068650c081a5
2023-03-24 15:01:56,True,4.2561,0.01317,9.59562,0.1264,0x34...8793,https://bscscan.com/tx/0xc630ff953f04e5ff497a5d81fd998e81f365bb7747b60e1667dcec96fb109095
2023-03-24 15:01:41,False,4.2386,0.01312,50.1717,0.6586,0x2d...7822,https://bscscan.com/tx/0x336f80db18b59701eb3dfeae574c6b72cc7bb6d071403578d28f9d9be1b6a3c6
2023-03-24 15:01:38,True,4.2624,0.0132,27.6729,0.3653,0x46...3109,https://bscscan.com/tx/0x9bf189b3e89d63faa2f4f18bacad73ac829ee72aa8c445389e5b9dc40cf83a8a
2023-03-24 15:01:38,False,4.242,0.01313,35.1643,0.4619,0x2d...7822,https://bscscan.com/tx/0x999ecd8f4d844e62834cb63ee3b43ea31cce1cb5238ae06510c08c8aa16a60b9
2023-03-24 15:01:26,False,4.2292,0.01316,36.6814,0.4828,0x2d...7822,https://bscscan.com/tx/0xf134dfc6add52903ec7f05781700409bbdb04ec3b103c596a23c119c50552de2
2023-03-24 15:01:02,False,4.2604,0.01319,51.5344,0.68,0x2d...7822,https://bscscan.com/tx/0x46ab215a574ef30173ee312650b125c14b98e5f0a5aa7f0796a1d6626eff7d55
2023-03-24 14:58:53,True,4.2922,0.01327,13.9353,0.1849,0xdd...571b,https://bscscan.com/tx/0x8b218b2bb57401bf2c6e81dc46b1dda087ab67c499b16a8f80f3d96cf52755b2
2023-03-24 14:41:41,False,4.259,0.01324,121.133,1.60468,0x11...a5bc,https://bscscan.com/tx/0x9fb989607dc823c90285e61fee806fa6383a8c7f95f65ecc4448020633fe7388
2023-03-24 14:41:36,True,4.2785,0.0133,137.3,1.82714,0x3b...290a,https://bscscan.com/tx/0xfe11e7f398b8df5e5e231d884b98534dc633286d10d9a5ff6c12d3a762621cbb
2023-03-24 14:41:26,True,4.2811,0.01325,22.1495,0.2934,0x34...8793,https://bscscan.com/tx/0x998e6a0bf682cba4c73c1f7a4dedd0bac91f8305f7bdf0737e1ee717aff35329
2023-03-24 14:41:11,False,4.2661,0.0132,77.4389,1.02247,0x11...a5bc,https://bscscan.com/tx/0x882b7ba1ae97d83fc033b1e55c4675ff1ffa44cae38bb5867aa1f5377f95ed66
2023-03-24 14:40:23,False,4.2822,0.01325,61.7139,0.8179,0x11...a5bc,https://bscscan.com/tx/0xe5c72f57875fc165ba8efd8b3d7c5b4cba4f780139a53c1ecb83966feb7bd656
2023-03-24 14:34:14,True,4.2892,0.01333,10.3472,0.138,0x0e...2f4c,https://bscscan.com/tx/0x1b0ce5653b92a7d3cbdcb07f408c5baa459ab1ac74a2b165d213b65cb608e7ca
2023-03-24 14:19:53,False,4.3103,0.01329,62.2819,0.8278,0x11...a5bc,https://bscscan.com/tx/0xb23e19e7d6a809ac41b23e78a7630b9329a99c0bac9c5513919859a068f1e53b
2023-03-24 14:17:32,False,4.3305,0.01334,82.0,1.09419,0x25...abbc,https://bscscan.com/tx/0x3480ff184873ce11a1d18468afd380f246845418df52d0ea6e4a04399c1f5a1a
2023-03-24 14:16:02,False,4.3277,0.0134,79.2733,1.0625,0x11...a5bc,https://bscscan.com/tx/0xd02f00562dc144273fecb8fbdeea2b07032eec3139d4b408769785e049f31023
2023-03-24 14:16:02,False,4.3405,0.01344,27.7597,0.3731,0x00...986d,https://bscscan.com/tx/0x73f3484fbce0366dbb8e395a48ac803abdbc9ba89c8dbcb8deba1d1873b19a26
2023-03-24 14:15:59,False,4.3658,0.01352,182.804,2.47166,0x66...d0b1,https://bscscan.com/tx/0xe909d657b350020b650adcb24744b0c681484fa5acd8e77bb604745e99dca3c0
2023-03-24 14:15:59,True,4.3912,0.0136,153.066,2.08162,0xa8...2652,https://bscscan.com/tx/0x28af953669a555fc9dd4234428bfe4443f991509b439f8e54163b641937dbd6d
2023-03-24 14:15:59,True,4.3506,0.01347,182.804,2.4631,0x27...4240,https://bscscan.com/tx/0x256553420344ccc58d74db3860c5cb263a5a091be0e7ad5bb048ee0c93b126ba
2023-03-24 14:15:32,False,4.3073,0.01334,1.69578,0.0226,0xdc...c6dd,https://bscscan.com/tx/0xa7208d59d65b8b1b254e3a4d3c8a39cc491bfa8231ca45dbe1b3a69d85911c36
2023-03-24 13:41:56,False,4.3302,0.01334,3.81725,0.0509,0xce...228b,https://bscscan.com/tx/0x041968fa480b4d789dac4a2781f1d24dffc6340eae8244c4e500f411166c5454
2023-03-24 13:36:26,False,4.307,0.01334,15.9378,0.2127,0x34...8793,https://bscscan.com/tx/0x8ebf6d415c7b44577427c1089b4b2e8af328bd8466dd0f8c9a6e1628ff75b585
2023-03-24 13:20:53,True,4.3406,0.01339,69.0358,0.9248,0x8e...6665,https://bscscan.com/tx/0x8bc1ef2582c35486bc402e47cbdacfe10f4480efccf226071567399f8f65e3ad
2023-03-24 13:20:44,False,4.3143,0.01331,30.1668,0.4016,0x00...8aeb,https://bscscan.com/tx/0x362094826ebd9c9e9b8bb3c2d86b87eaa3386603f8469424764207282d87e541
2023-03-24 13:20:41,True,4.3077,0.01337,58.7847,0.786,0x11...a5bc,https://bscscan.com/tx/0x8a6a1372b289a1188037c2e9f2a760282249eb0738c1351eab8679b260128c20
2023-03-24 13:10:08,True,4.2962,0.01332,59.0023,0.7864,0x11...a5bc,https://bscscan.com/tx/0xf42861e62b4d9fc2fd9fbdd8dff9b483960d16f1a6574c8eecd856c6be91cc83
2023-03-24 13:03:56,True,4.2722,0.01326,113.758,1.50911,0x11...a5bc,https://bscscan.com/tx/0x9a04a620c4b066e8d875faa19af6d832283bf3caa27d1f09fee4493f217298bd
2023-03-24 13:03:53,False,4.2449,0.01318,80.0,1.05447,0xd5...fa5f,https://bscscan.com/tx/0x18d299a83c19ed278fcd810685b5d53c9397b9e7a325ce93c52872e94ba6b3e9
2023-03-24 12:54:23,True,4.2578,0.01326,38.2049,0.5069,0x11...a5bc,https://bscscan.com/tx/0x2608b363813f23f667f6889f8960426aafd76dba020a7555f013da49e7cd84fc
2023-03-24 12:54:20,True,4.2464,0.01323,59.7035,0.79,0x11...a5bc,https://bscscan.com/tx/0x275cdab6264c95b57fef6f1b1b686123960e5141d239993a21e01770022facee
2023-03-24 12:53:44,True,4.2534,0.01318,65.3353,0.8616,0x11...a5bc,https://bscscan.com/tx/0xefe7c3138958e67f2d83e8fd786a9bc6754d410052ff761457f30eb3c4fbe057
2023-03-24 12:50:41,True,4.2503,0.01316,2.34534,0.0308,0x8f...2445,https://bscscan.com/tx/0x602ab44e817d172c29a045f4f7247d1e843ded72e55be15ad7bc81623253d1db
2023-03-24 12:50:41,True,4.25,0.01316,18.2001,0.2395,0x20...0a27,https://bscscan.com/tx/0x118843705d4afe8d50b78162be3fec7e746478e490c437b0a9f4b81876402747
2023-03-24 12:50:21,False,4.231,0.0131,47.6037,0.6236,0xb6...4942,https://bscscan.com/tx/0x6861774dbd2a5c52cfb3fc3ff7b63c10563059ebbd74909c998ae63a790ab568
2023-03-24 12:49:44,True,4.2552,0.01317,36.7561,0.4841,0x27...3cf8,https://bscscan.com/tx/0xd9edc6190e4adc4591ae37725b3945f20b9688bd029d5c1841fe26baa00ba259
2023-03-24 12:49:41,False,4.2395,0.01312,84.6294,1.11053,0x11...a5bc,https://bscscan.com/tx/0x5ba60375f4fd4f065ae3953515ad511291ab087c070b2a3eeb3fd6d6fed745c0
2023-03-24 12:49:25,True,4.2489,0.01321,4.7716,0.063,0x36...9f55,https://bscscan.com/tx/0x3e80c8826f4b4888d1a7e4d673bc2d349a753f2483799bee1a881def87ea0c56
2023-03-24 12:49:16,True,4.2446,0.0132,31.9362,0.4216,0xb2...d341,https://bscscan.com/tx/0x9bb211e30c8aa4b06d25e03be050637f373bf6adc41c430404fab6a735d80cdb
2023-03-24 12:49:16,False,4.2287,0.01315,77.8775,1.0244,0x11...a5bc,https://bscscan.com/tx/0xab4dae89bfb760c94162eaa054b1dc47816b40cd3fdea948ff4ebda0f0c0633d
2023-03-24 12:49:10,False,4.2657,0.0132,57.8121,0.7632,0x11...a5bc,https://bscscan.com/tx/0xb32bae090707d290ca98af7bc7a087d66bc744ffe7f5e016086a75776461d2bf
2023-03-24 12:49:07,True,4.2911,0.01328,23.3571,0.3102,0xe9...1702,https://bscscan.com/tx/0x0baf78707da5e825538bf59c7254c2906b80402b4ad3278831fee22b0aa0b7b6
2023-03-24 12:49:01,False,4.278,0.01324,94.7341,1.25436,0x11...a5bc,https://bscscan.com/tx/0x37b4ef87267307e92717ebe1c677fe06bc477c7d124937b96082d288f9aebca5
2023-03-24 12:49:01,True,4.3,0.0133,90.166,1.2,0xb1...6169,https://bscscan.com/tx/0x0d09889268abb2e8714f92d7d30fdd618dff6f6b953d74aff7b67e2b9c69ed12
2023-03-24 12:48:58,False,4.275,0.01323,59.9003,0.7925,0x11...a5bc,https://bscscan.com/tx/0xcee27f53f70d2c6c6103f466fd63ccef9db518bbea6e0fb3202e02dcb890c4d8
2023-03-24 12:48:31,False,4.309,0.01331,155.921,2.07526,0x11...a5bc,https://bscscan.com/tx/0xee48285dfe1ea7c09a2d22d9b23ad71c61aa40f9071d6253cd5830608722b5ac
2023-03-24 12:44:42,True,4.3501,0.01342,28.2834,0.3796,0x97...d672,https://bscscan.com/tx/0x204448cebce98a265e3df24d635e6b4bee14272ebbced4347ca2d0158d1fb201
2023-03-24 12:44:00,True,4.3265,0.01341,5.91025,0.0793,0x97...d672,https://bscscan.com/tx/0x8da44166fb6608b11409c558af5540597260dd133db1b8b34660596afdd20077
2023-03-24 12:20:27,False,4.3051,0.01335,47.4428,0.6337,0xc3...157a,https://bscscan.com/tx/0x8fcf35a53f0997bb57869ef8f4c3c4bcd383ee5326422a917f78741b6dd2a7c8
2023-03-24 12:15:18,False,4.3376,0.01339,56.5344,0.7574,0x00...78d2,https://bscscan.com/tx/0x250a4b87f8168111cfe784117d62f9ed144bef779cc84c35c327d1dfc5ab06bf
2023-03-24 12:14:12,False,4.3496,0.01343,46.6648,0.6269,0x56...0086,https://bscscan.com/tx/0x5c03025a14631878b08baed7ff493f3d75c2fe77bf454512c13dd50d0bea9599
2023-03-24 12:07:09,False,4.3387,0.01347,47.5821,0.6409,0x91...79fe,https://bscscan.com/tx/0x7ec1342e9d7662c8a1513f4bc106889e6d3b716bb77cc74bfff545f4206dde3e
2023-03-24 12:05:51,True,4.3602,0.01353,49.4142,0.6689,0x6a...6c7e,https://bscscan.com/tx/0xd3fb0894b835cc110beea4fc3652d59dde09c43336ea19859be978bb15e6a494
2023-03-24 12:05:06,True,4.3483,0.0135,48.9331,0.6606,0x00...78d2,https://bscscan.com/tx/0x35e01f2d359aad20354cd9b8bb39ebfd944056871b2097c5dd6d61f823e48466
2023-03-24 12:05:00,True,4.3368,0.01346,47.2098,0.6356,0x34...7c76,https://bscscan.com/tx/0x3c83e93f63e448b516515a2a090bf0bb1d2020313b7e73841bfe3ff4b2c9b743
