datetime,buy_order,price_USD,price_native,amount_token,total_native,maker,etherscan_url
2023-03-29 15:18:00,True,4.3105,0.01366,5.8637,0.0801,0x11...5a3c,https://bscscan.com/tx/0xf56a40d35905a4a0f9b6a1b089d37b64c6146b5638c151dd2ed9b40f3316df67
2023-03-29 14:52:37,True,4.3221,0.01365,34.7941,0.4749,0x2d...7822,https://bscscan.com/tx/0xf70e7d167f3145c54f9460c7542fb95fdfc33c879a12a3b7ab76bcff0f76d8db
2023-03-29 14:48:04,True,4.3166,0.01362,34.2513,0.4666,0x2d...7822,https://bscscan.com/tx/0x1baae875a8ebbb5c0d3a7f0de7897fb8d63e1557ae94d9cd54d3ea1468b80082
2023-03-29 14:43:01,True,4.3103,0.0136,18.5004,0.2516,0x91...79fe,https://bscscan.com/tx/0x7b88ab6e85648252372a8e9a20347dc69733856f5c0441eca37b4ad8599332d3
2023-03-29 14:43:01,True,4.3032,0.01358,41.0755,0.5578,0x2d...7822,https://bscscan.com/tx/0x6e9dbb5805415833ae58886289b230ff6b19f7a0ace489277f311bf4ed9c56c1
2023-03-29 14:43:01,False,4.2892,0.01353,104.103,1.40928,0x2f...7009,https://bscscan.com/tx/0x723a46329ecf0947b26aed97e719c211ad532d26002fb211244260795f0b1219
2023-03-29 14:28:22,True,4.3287,0.01363,33.8799,0.4618,0x2d...7822,https://bscscan.com/tx/0x26468936c6cbc7f8c92ddfaa708b09d792d1e767508ea936004a0ea4c210ca68
2023-03-29 14:27:04,True,4.3198,0.0136,32.9611,0.4484,0x2d...7822,https://bscscan.com/tx/0x943d784e2b311a1b0af6a5496d76a392d328d6d9a7799c2dcdeedf612aae3832
2023-03-29 14:26:22,True,4.2934,0.01359,6.58934,0.0895,0x2d...7822,https://bscscan.com/tx/0xa832c9c6c454942c26eb46e719c2804ca851a31dfd563404e9b6448f193fe824
2023-03-29 14:26:22,True,4.2852,0.01356,62.1262,0.8427,0x00...78d2,https://bscscan.com/tx/0xaeb150509d4fde30ca458dae6171d0db44f699ee5a1f4940dd55e535934bd534
2023-03-29 14:25:54,True,4.2949,0.01353,32.7,0.4424,0x2d...7822,https://bscscan.com/tx/0xdd9b2e057467009377007b2859a3e7b1dec9e7bea0d5ec6bbe63f021f3daf046
2023-03-29 14:11:32,False,4.2851,0.01346,33.5385,0.4515,0x2d...7822,https://bscscan.com/tx/0xe118fd882f9f508de783dcde8091f002fbed0d14d011e60e5b4dde14318854b0
2023-03-29 14:11:05,False,4.2916,0.01348,36.5147,0.4925,0x2d...7822,https://bscscan.com/tx/0xf4ee79752cc984f6484e5f57fa4cb7fc8b7291742251ea26cb97e6b7efef5292
2023-03-29 14:10:47,False,4.281,0.01352,47.3892,0.6407,0xca...34d7,https://bscscan.com/tx/0x7d75a110d130ca44d5c542d0b278e49e80b38ae75c6518c05fc28452f8761cd0
2023-03-29 14:10:11,False,4.2922,0.01355,44.5636,0.604,0x2d...7822,https://bscscan.com/tx/0x08d4ce3b490803d237634295cc2b89d2684e638780f80b0617513435034917ff
2023-03-29 14:10:05,False,4.3025,0.01358,42.0774,0.5717,0x2d...7822,https://bscscan.com/tx/0xa25c01614158ab56a366baf5fc9797745eb326a96370b7d6ba6572244b193138
2023-03-29 14:06:05,False,4.3483,0.01365,137.514,1.87781,0x2d...7822,https://bscscan.com/tx/0xc28bf5b718037a4cdf2be58f707beab1ecc57e581b18c14efef7656c37854bd0
2023-03-29 14:06:05,True,4.3728,0.01373,114.341,1.5702,0xb6...4942,https://bscscan.com/tx/0x36f44be87105bdb1a572bb9e7ec2744176be54f15aaf243362636f68c4982f88
2023-03-29 14:05:14,False,4.3142,0.01361,3.0,0.0408,0x99...11db,https://bscscan.com/tx/0x26c2596aef5f778d2d8cfbda7a407b9a4fb227366703c213f351177a567efdf6
2023-03-29 13:56:23,True,4.355,0.01367,47.412,0.6482,0x34...7c76,https://bscscan.com/tx/0x66034c37fecec128db9f4550e7547a864e4196fc85ebc333d3e4a58b6bc87e15
2023-03-29 13:44:38,False,4.3264,0.01358,3.53372,0.0479,0x86...bb13,https://bscscan.com/tx/0x1b182a430551d712cd541ae80e3f4757791bfd2bf567ae8a26b42b353fbe0ad4
2023-03-29 13:44:14,True,4.3451,0.01364,43.2972,0.5906,0xe3...d2ff,https://bscscan.com/tx/0x6e436a2828f7e9be2cd521cfed661451e50d0e282a7abc8b5e6e380f5a7ced72
2023-03-29 13:40:20,True,4.333,0.0136,46.9734,0.6391,0xa0...cc8d,https://bscscan.com/tx/0xc5147dae1a36920e582501e1dbc24c5ec0bf757ecfa95c9a53ff5c5334f2f2ed
2023-03-29 13:34:08,True,4.3214,0.01356,53.8124,0.7301,0x00...78d2,https://bscscan.com/tx/0x9f1fe77eaf8914d2b1c1636cfa60eda750f880e0df0f26840831593f881522f1
2023-03-29 13:33:44,True,4.2906,0.01354,4.96589,0.0672,0x2d...7822,https://bscscan.com/tx/0xd8ca5610629bc8786c1ff580650bc644d7e6bad46acf311bcdd16d68330cd533
2023-03-29 13:33:44,True,4.2786,0.0135,96.2333,1.3,0x0f...8280,https://bscscan.com/tx/0xacf79ae926bd35b61d74d6bc7360b211ed89cd1f03f32cb9676e9788353672e4
2023-03-29 13:33:44,False,4.2695,0.01348,200.0,2.69603,0xa6...1b74,https://bscscan.com/tx/0xc5f54ffa04c26a9fd5bb418920264a0f8b1a0b4c4a5825b05d4d4756be5eea23
2023-03-29 13:24:50,True,4.3047,0.0136,49.814,0.6776,0x00...78d2,https://bscscan.com/tx/0x2b68a242c5bfc5b2931a5d9d10fa7effa272364b37ce24022a7e9c0cded5f895
2023-03-29 13:15:35,True,4.298,0.01358,7.41654,0.1007,0x2d...7822,https://bscscan.com/tx/0xa556e54e527635a709fe20f7b2135e30d15a8d8db4e2e9df7f6ab16f4dc3de9c
2023-03-29 13:15:35,True,4.2919,0.01356,43.0541,0.5839,0x4d...74b8,https://bscscan.com/tx/0x72f8548e93616dda011d9c4a8b0156131a2e4ab44d4b3dcebcedb6acda7690e7
2023-03-29 13:07:35,True,4.291,0.01354,14.4865,0.1961,0x00...6af0,https://bscscan.com/tx/0x1a617ed3fd829d6a05b4dfd5ee42e7811f76bb548e01295f3baedc44556d8ca1
2023-03-29 13:07:20,False,4.2682,0.01347,3.10634,0.0418,0x2f...be22,https://bscscan.com/tx/0xb70ca5ed31daf48a0d7b704862bd6ab85815a32f67492757939cdc2efb186e76
2023-03-29 13:06:32,True,4.3063,0.01352,44.3458,0.5996,0x2d...7822,https://bscscan.com/tx/0xae2892a1d0130296c433a8da278b8ad7f7eb62de918bb1073581328007eae28f
2023-03-29 13:06:32,False,4.2934,0.01348,117.04,1.57789,0xb6...4942,https://bscscan.com/tx/0x49c533db435eb7f72811265b098d1e166ba695be8c51f49f055e29763852bdf3
2023-03-29 13:04:41,False,4.2936,0.01354,57.5902,0.7801,0x00...78d2,https://bscscan.com/tx/0x02143d724b6eef1d210c8c1092f9e30483c663714d8d6f8319417e0e8de1c421
2023-03-29 13:00:14,False,4.3234,0.01357,3.0,0.0407,0x0f...8976,https://bscscan.com/tx/0x3156790f3130bb88bee86330daa729382a4463cc95d18e2f5784783370e3b9fb
2023-03-29 12:57:57,True,4.3395,0.01362,49.5204,0.6744,0x2d...7822,https://bscscan.com/tx/0xd47d2b586fff7a42f40b7b343f733302470e457886ca8d71b72c795792e5e334
2023-03-29 12:57:57,False,4.3169,0.01354,41.7195,0.5652,0x12...e380,https://bscscan.com/tx/0x3ac5e1bc43a6436d65b96825dcffef4194db5da9e6fa53b3845d480181146c63
2023-03-29 12:43:39,False,4.3225,0.01357,33.3052,0.4522,0x2d...7822,https://bscscan.com/tx/0x712c73f4dd41ce1ed84fc1cbb28a12c62f2fc599b6cca94d1cbab2ad98bd0cc1
2023-03-29 12:41:00,False,4.3308,0.0136,34.8199,0.4736,0x2d...7822,https://bscscan.com/tx/0xebdf71a58a808daa5c3396ee82dc0f8bb9223ad5ce18491fa26e1463c82e545a
2023-03-29 12:19:14,False,4.3395,0.01361,1.9244,0.0262,0xb9...3b53,https://bscscan.com/tx/0x458e84ceac1edc88b78d11f4541e865cc7aebca2efcfc7a8a19e07324e5170ff
2023-03-29 12:09:14,True,4.3398,0.01368,2.0,0.0273,0xfa...4149,https://bscscan.com/tx/0x9e99fc307067d2cd3caf82e4426f1f8b35e84168e1dfea306fd9fdee81fe9dc9
2023-03-29 12:01:11,False,4.3193,0.01363,37.8751,0.5162,0x2d...7822,https://bscscan.com/tx/0xf8ebe468f76122116a34a0bd8b8485d4f1bd0629694cca670be85664eeda2bc1
2023-03-29 11:42:39,True,4.3786,0.0137,22.8379,0.3129,0xa5...953a,https://bscscan.com/tx/0xa4f97c325b497177b3acb196785f69d83a8d7c83b0f2b072ce84e8d67398de2a
2023-03-29 11:39:21,False,4.3356,0.01364,35.4662,0.4838,0x93...86cb,https://bscscan.com/tx/0x0c88061c1735bf2d6c6e7c40baff63aa2d1f068578efb8d259191bf3d829226c
2023-03-29 11:36:18,True,4.3535,0.0137,55.9967,0.7672,0x00...78d2,https://bscscan.com/tx/0xbf23776d5f736b25e0aa65fbe5b15fa49c516349dcdcaf1cb3e83e2d688a01f5
2023-03-29 11:34:45,True,4.3625,0.01366,48.8395,0.6672,0x05...7eea,https://bscscan.com/tx/0x263c9753afaec722e548e4141d026319f899a2c87d2197e828bef00a461ea4dd
2023-03-29 11:31:18,True,4.3357,0.01357,172.288,2.3393,0x00...78d2,https://bscscan.com/tx/0x8b57b3d70ec6fedbdde7073af7c61940ec793bab1a8e83a918263c8f723d9374
2023-03-29 11:31:15,False,4.3176,0.01352,202.002,2.73132,0x2c...2e87,https://bscscan.com/tx/0x736d2426ef9a0c19aec47b62f6d18500e513bbdde4151a3d8f54c810251f1676
2023-03-29 11:30:58,True,4.3361,0.01364,47.3119,0.6456,0x3a...231f,https://bscscan.com/tx/0x6087a4a2b1e429e31d7dec92b174257bba75ce8b899f554176068f20c675cfcb
2023-03-29 11:30:17,False,4.3095,0.01356,4.91395,0.0666,0x0e...2f4c,https://bscscan.com/tx/0x889a3ff353ba8cc0d3eeb980348a1bbacc8de42e439b9bbb5d3efaabc7c775d7
2023-03-29 11:29:59,True,4.3173,0.01358,119.72,1.62673,0x2d...7822,https://bscscan.com/tx/0x1748bd1ffaf8241de56d9b21fb0c0288d24107a25404556337fef6de6c0f7ad5
2023-03-29 11:29:56,True,4.2688,0.01343,306.471,4.11745,0xd6...f5d2,https://bscscan.com/tx/0xa26bcf3262d86535bafbc56a7da1ab58fa95dbb40cf9e466e112fa65d3985bb8
2023-03-29 11:29:56,True,4.2296,0.01331,9.22826,0.1228,0xe8...670d,https://bscscan.com/tx/0xd508ce041da0625f3816e7b52503b02e4f6535e4c9af0dfcdd27b53eb8e6e62b
2023-03-29 11:29:56,True,4.2254,0.01329,26.9753,0.3587,0x6f...777d,https://bscscan.com/tx/0xb9de4114f1a791e7626837d76ce89461f6d4a092d81231929df7e52a2f4f52f2
2023-03-29 11:29:56,True,4.2062,0.01323,139.131,1.84182,0x89...ec15,https://bscscan.com/tx/0xb01e4cb6e93f7dac032ac5b7e3ccc3e65da1f739631e0f3be978c4003a9b4916
2023-03-29 11:29:56,False,4.256,0.01339,745.69,9.98848,0x22...9cb9,https://bscscan.com/tx/0x71d9e5536b6823bafa00f8da597fc39a65e2dd798c485d3e1088e5921f37506a
2023-03-29 11:29:21,False,4.3708,0.01368,37.821,0.5176,0x2d...7822,https://bscscan.com/tx/0x4b6cb7ae2e65c85ca93975a2797dd74012b5c91d78e543ad4f1b6b119287bbe2
2023-03-29 11:24:19,False,4.3786,0.01371,33.1813,0.455,0x2d...7822,https://bscscan.com/tx/0x2738ecf53c5a8ef6b3f72dcae028e68edc95b3243e150729cc8bc541ddaa932a
2023-03-29 11:17:21,False,4.3658,0.01374,47.2639,0.6496,0x2d...7822,https://bscscan.com/tx/0x2cd2fa45e8c0625abc5d137f1b5aae80b2452e26ca33602de107516a1fd24fc2
2023-03-29 11:13:33,True,4.4086,0.0138,77.5349,1.0702,0x00...78d2,https://bscscan.com/tx/0xeebfe8f0f348339217897aecb5e4ceba990ffbe8a12094ca6a229e0edbd7bc88
2023-03-29 11:11:15,True,4.3678,0.01375,57.6144,0.7922,0xf9...5ebf,https://bscscan.com/tx/0x2c4021a204566a2d66511e900a288a766cd54c5f914bf6923de86013bb547342
2023-03-29 11:01:57,False,4.3637,0.01366,4.0,0.0546,0x57...dc92,https://bscscan.com/tx/0xbdd30282641c809d74bbe991b56b691a1cd04ad6a09d3bae13ba9cc06cf1f1fc
2023-03-29 10:50:21,False,4.3721,0.01367,32.2205,0.4406,0x57...f2f0,https://bscscan.com/tx/0xf12b4ca691c6443e058d0fce23a763632dfa8b2d865b3b1483f3d1442387c4b8
2023-03-29 10:50:15,True,4.3928,0.01374,42.3602,0.582,0x2d...7822,https://bscscan.com/tx/0xa85c00035fe28caf72010c73905dfa1dd6dd50591438c1817b834a2e8d2be90c
2023-03-29 10:49:48,True,4.3846,0.01371,24.0244,0.3294,0x2d...7822,https://bscscan.com/tx/0x296001a459ec54923f61daf5a37176e7783d9628548236eadf8e3d639e6c57d6
2023-03-29 10:48:45,True,4.3765,0.01369,40.696,0.5571,0x2d...7822,https://bscscan.com/tx/0x136e2b9ca6e26e381514b380abd080809a3b314251fed9c42f6f5d064251f9de
2023-03-29 10:45:23,True,4.3472,0.01367,1.64359,0.0224,0xe2...1da6,https://bscscan.com/tx/0x18f71374c68f70a10c9d33e3e19136843463c6761a8ddf16084627dc6c716fc6
2023-03-29 10:32:05,False,4.3232,0.0136,1.98925,0.027,0xef...9271,https://bscscan.com/tx/0x2a1824b5ecb13073f37ed966a79d6e58c22db50025afc21b3183fb6698892fa7
2023-03-29 10:31:08,False,4.3277,0.01362,45.5291,0.6202,0x56...0086,https://bscscan.com/tx/0x6297fbe9391421cc4deda456f56cb3e2acf622ba71cd896a2a59a34f98adfc67
2023-03-29 10:29:29,False,4.3376,0.01365,44.1798,0.6033,0x3e...a7c8,https://bscscan.com/tx/0x1c47cee25e79386aeb559e0ebd5cb1bab267240d35f166a36d8cab97231109f9
2023-03-29 10:29:26,False,4.3459,0.01368,24.4575,0.3346,0x2d...7822,https://bscscan.com/tx/0x03cc5876b35bbdd4ca1ebaa894411935258abb8d3c9a6a03f4284d3910d6552a
2023-03-29 10:27:46,True,4.3885,0.01374,34.1572,0.4696,0x2d...7822,https://bscscan.com/tx/0x977bbeedbbd969258e265e0bc879a8341d2bf2a54aae2b5b04a245846e2d1358
2023-03-29 10:27:25,True,4.3797,0.01372,37.8189,0.5189,0x2d...7822,https://bscscan.com/tx/0x8f34df5a0a682e90abe4840017147332be90f94c4080bfcd854b72d2b7ac10e7
2023-03-29 10:27:22,True,4.3704,0.01369,38.8641,0.5321,0x2d...7822,https://bscscan.com/tx/0x65d309f833264118ad48aac6dda13c9d63e82174a7549e9092663f4bfd2dac9c
2023-03-29 10:24:10,True,4.3585,0.01366,22.9435,0.3135,0x04...8730,https://bscscan.com/tx/0x3217daac426fe4af9237b6ec271b5453feb65a0d9132e7c2611d5a3de8978807
2023-03-29 10:20:28,False,4.3323,0.0136,33.3147,0.4532,0x2d...7822,https://bscscan.com/tx/0x591b0672eea089ccee75a2abe1146901106c26a584a271df3320dc53df44d5eb
2023-03-29 10:13:31,False,4.3067,0.01361,2.91623,0.0397,0x0e...2f4c,https://bscscan.com/tx/0xaccc8dba97d07cf632b67a28d31b41d43cff8958bb39ccba5ed1e95cb3300d3d
2023-03-29 10:13:19,False,4.3344,0.01363,47.621,0.6493,0x2d...7822,https://bscscan.com/tx/0x79745beeb1f6e6ff333b2d189da6669ea4176fb2bfafe8d23b8930a7b88e9b51
2023-03-29 10:13:19,True,4.348,0.01367,114.994,1.57304,0xb6...4942,https://bscscan.com/tx/0xaae924669b0f43a0d6846f9382f5c46851ece81d31badd597a76f893fe812908
2023-03-29 10:08:22,True,4.32,0.01362,35.9918,0.4902,0x2d...7822,https://bscscan.com/tx/0xaa67d1a796ab87e010dcbe89ae461ff14b4383ddd10f684e35ba6a901ec02b30
2023-03-29 10:06:07,True,4.2923,0.01359,33.5469,0.456,0x2d...7822,https://bscscan.com/tx/0x9463a67358342d2a2748f0e1c37751ac05efe57dd828f2007ee1aa4fc925229d
2023-03-29 10:05:19,True,4.2997,0.01354,88.5642,1.2,0x0f...8280,https://bscscan.com/tx/0xb5a1913d7a6880d004cf617baa04a27126d0ed8fe7e6b4710b0fa6eb93fa5e9b
2023-03-29 10:05:19,False,4.2805,0.01348,108.427,1.46259,0x54...5e5c,https://bscscan.com/tx/0x7f1a6482eaf567eee62e1964f3653f36e0a8ef33d28d085c5524187b47716c95
2023-03-29 10:05:19,True,4.288,0.01351,226.003,3.0539,0x2d...7822,https://bscscan.com/tx/0x91619836b3876f925c7f798c5f83eb99dc38419751ad090de5e7809dabba383f
2023-03-29 10:05:19,True,4.2404,0.01336,177.389,2.37042,0xdb...8aba,https://bscscan.com/tx/0x9a79be47b5dcc54c9730ee0d874dfdcd4550c096154212e4c29f16dae1dc2417
2023-03-29 10:05:19,False,4.2202,0.01329,185.649,2.46897,0xa7...ebd7,https://bscscan.com/tx/0xd27e91e4fe359ed76628ffef1cf9b9fdd74e0be622ae9c3ec4362fd00ef02a72
2023-03-29 10:05:19,False,4.2434,0.01337,13.5897,0.1817,0x00...3a3b,https://bscscan.com/tx/0xb98dca2012fe18892d504b1f20609fcf67d533674c8a513df491876a94d693cf
2023-03-29 10:05:19,False,4.2646,0.01343,167.064,2.24519,0xcd...ce02,https://bscscan.com/tx/0x7ad408ac8422574b6309c226b99aefcbfd962edb7606e4d052454f2f4526a1ac
2023-03-29 10:05:19,True,4.1814,0.01317,1070.22,14.102,0x11...a5bc,https://bscscan.com/tx/0xc2b6280964faee3493d24c09e5e12cefd585b95ac97cbc94aaa3dfc65a043bc7
2023-03-29 10:05:19,False,4.0412,0.01273,6.46208,0.0823,0xfb...0f1d,https://bscscan.com/tx/0x1a00a75b707f88a2f8dd81726b1b6fbd42e4aada48eaafd91a7b64b1185bc48f
2023-03-29 10:05:19,True,3.982,0.01254,745.69,9.35728,0x22...9cb9,https://bscscan.com/tx/0x42b8d75502044718eba56447429b4166f88f3274c10c99d24efe98d915e2bc6b
2023-03-29 10:05:19,True,3.9004,0.01229,30.3507,0.373,0x2e...fda4,https://bscscan.com/tx/0x50bd36387b9d37213790cab3e1cfdb10f2172a8907d67285b24bd28fa520db25
2023-03-29 10:05:19,True,3.8385,0.01209,578.878,7.00226,0x2e...fda4,https://bscscan.com/tx/0x50bd36387b9d37213790cab3e1cfdb10f2172a8907d67285b24bd28fa520db25
2023-03-29 10:05:19,False,4.0336,0.01271,2591.42,32.9399,0x2c...ebe9,https://bscscan.com/tx/0xa3302c000ff198277f326329fa0c28f32cf08bd7a27c415ddcb704abbf5f10f5
2023-03-29 10:02:16,False,4.3309,0.01364,40.122,0.5473,0x2d...7822,https://bscscan.com/tx/0x191d97cde2ff81cba843fd8eed1536bc3030a07005999ad5d20902e54c5f8e4e
2023-03-29 09:56:55,False,4.3393,0.01367,33.1333,0.4529,0x2d...7822,https://bscscan.com/tx/0x017c0edc29de0f258fbabe47c074559fbb5194dd1d078ebaed8e1901c6e2c241
2023-03-29 09:54:25,False,4.3265,0.01369,40.4803,0.5545,0x2d...7822,https://bscscan.com/tx/0xe31a943b5346cf4458a4a40315658772f50843b07700c628e59775d2fd12287e
2023-03-29 09:45:43,False,4.3503,0.01372,36.6484,0.5031,0x2d...7822,https://bscscan.com/tx/0xf6c41deaad9a7e207c8c9bf69209c773017ca5986c8b21e82f2332e8b2cee348
2023-03-29 09:32:28,False,4.3405,0.01375,44.5303,0.6126,0x71...69e3,https://bscscan.com/tx/0xe9bf3d2513f5124c3fcfe2475757498fd0fde70cd723642aadb377c817a45db3
2023-03-29 09:29:55,False,4.3738,0.01379,41.3493,0.5703,0x2d...7822,https://bscscan.com/tx/0x09c666c9fb3023283ff62d766b2e36d0633c3fb8861795f79afbe65bef37e431
2023-03-29 09:29:52,True,4.3981,0.01386,22.7367,0.3153,0x9a...b0b4,https://bscscan.com/tx/0xc7e1e4dfde2890dd9ec86cabc8bea0f61ffda5ee346e98486dbae80cecc45812
2023-03-29 09:29:10,False,4.3558,0.0138,37.7794,0.5215,0x2d...7822,https://bscscan.com/tx/0x47f06aab222cc5978eb78c2d90e7b5fd7bb9591c3977a3a751d449a80aa68e2e
2023-03-29 09:29:10,False,4.3696,0.01384,74.9796,1.03839,0x11...a5bc,https://bscscan.com/tx/0x8c73f135fd7ad9273b8b8b69ab0ea1c915863e9350a8fd3a8ea37168bd172ef3
2023-03-29 09:29:10,True,4.3855,0.01389,123.18,1.71213,0xd8...7c9d,https://bscscan.com/tx/0x07945f5ff1c367ec47f5054baa08a907d0ab06c5b0b6f72b4f30573065be5e13
2023-03-29 09:18:46,True,4.3649,0.01383,32.9444,0.4559,0x2d...7822,https://bscscan.com/tx/0xdd55923e5f97bda06cccf1da64b85585dc9ef65c7587fa207c0d1f20beeaa30a
2023-03-29 09:14:58,True,4.355,0.01381,41.623,0.5748,0x2d...7822,https://bscscan.com/tx/0xbf7ef920195c7ba42adc966b1715ec19f5da3371ad338decaf4a9d7793ebd3a3
2023-03-29 09:09:19,True,4.3619,0.01376,66.5366,0.916,0x2d...7822,https://bscscan.com/tx/0xc3243b15b8cb47544d87f42e0d756dcede153232d5a5233d1a93eaeb61ab16d0
2023-03-29 09:09:19,False,4.3447,0.01371,104.103,1.42763,0x2f...7009,https://bscscan.com/tx/0x19a7c72a9e8604cce434bc1be6fc6fc60dd5070fac1ec971dc85795de2ff4b10
2023-03-29 09:05:28,True,4.3559,0.01382,3.50553,0.0484,0x0e...2f4c,https://bscscan.com/tx/0xc8aeeac00618f986059d89dfcfbbd94a06e3c94e112f5e8046ede48cc11cac9a
2023-03-29 09:05:19,False,4.3663,0.01377,68.145,0.9388,0xb6...4942,https://bscscan.com/tx/0x99a32b7d69d6a59c7b94c1245241214505ca9103fe092766b5da1148ce0567f8
2023-03-29 09:03:25,False,4.3766,0.01381,33.1661,0.4582,0x2d...7822,https://bscscan.com/tx/0xdc457047817768dc1192e28a11fe1fbe7d964981247a0d36ffc7e4eb326952a2
2023-03-29 08:56:52,False,4.3809,0.01383,6.44885,0.0892,0x2d...7822,https://bscscan.com/tx/0x71b40120695c1be779bee1ed4993d06ef38f2f1b84b407cf3a8765270e9e436a
2023-03-29 08:56:52,False,4.3879,0.01385,50.6835,0.7021,0x00...78d2,https://bscscan.com/tx/0x1e8d755602fd2cf99616bf47d4dd38cad359b042bedc90c02ffc47b25bbb543e
2023-03-29 08:50:28,False,4.3997,0.01388,34.9309,0.485,0x2d...7822,https://bscscan.com/tx/0x1c0388b89dd796e4403e778e1ca0d585a7f701f26181310f27fbcf48f6d965e4
2023-03-29 08:47:34,False,4.3873,0.01391,40.2552,0.5602,0x2d...7822,https://bscscan.com/tx/0x92cddf80a4c9aafb5bbf5cf7ccca78490792f2d65fd952a93426cc2746deef4b
2023-03-29 08:38:10,True,4.4346,0.01399,13.4588,0.1883,0xbb...c106,https://bscscan.com/tx/0x97f21f5e927f02e3f8313f384d568166b0a2bb6a678ecb5642814e1445ce79ea
2023-03-29 08:37:46,False,4.3934,0.01393,40.2295,0.5607,0x2d...7822,https://bscscan.com/tx/0xd29ec458f47d425cca634c10a64c931afdea8d9120eb8b536c22efb21761fa76
2023-03-29 08:37:43,False,4.4032,0.01396,39.2839,0.5487,0x2d...7822,https://bscscan.com/tx/0x6b18106d08af0cc7903723d5096ae4d8b263a8471bc237652e9717ec25ce6fe1
2023-03-29 08:36:01,False,4.4352,0.01399,35.1911,0.4926,0x2d...7822,https://bscscan.com/tx/0x0a31412e1a8b9b322886da370419910cf33744f6787182d54ec55a3405cad975
2023-03-29 08:35:04,False,4.4221,0.01403,44.6391,0.6262,0x2d...7822,https://bscscan.com/tx/0x23a4223b8561f2737d7058bbb3d0351bda5af743f67c40d90a18affe71211318
2023-03-29 08:33:19,False,4.4528,0.01406,37.8707,0.5325,0x2d...7822,https://bscscan.com/tx/0x1656f1eb00db76b808a310fb72d30545491fa9828d8524c2605a669720f26f56
2023-03-29 08:29:37,True,4.4627,0.01412,46.7824,0.661,0x09...18f7,https://bscscan.com/tx/0x4eb589a977a9bc6b1108d0d839519f8f0bb0a0b2ad738cb16bd1f21db14abf37
2023-03-29 08:29:34,True,4.449,0.01408,62.1802,0.8758,0x11...a5bc,https://bscscan.com/tx/0xa0083b11725dc136f8963b2d83bdb92aea5c61cfd469dcea02822b1507f1267c
2023-03-29 08:29:34,True,4.4331,0.01403,64.1228,0.9,0x0f...8280,https://bscscan.com/tx/0x662045f9d9318170ede1d93e66416a9b4295d1a1229a89055fe2bd179b0393cf
2023-03-29 08:29:34,False,4.4243,0.014,170.503,2.38834,0xeb...7af8,https://bscscan.com/tx/0x49c388358f0bdbc80b3728caa00c19a53fddcde8825fd92f4f5cbc7973d07d28
2023-03-29 08:29:31,False,4.4485,0.01408,22.7,0.3197,0x9e...7039,https://bscscan.com/tx/0xd7f6d1bce96697c03a26746498952568028b2e978c75c1426e4996c288e193d5
2023-03-29 08:29:16,True,4.4676,0.01414,44.7,0.6323,0xb3...55e7,https://bscscan.com/tx/0x32abbc6f3c3b4d6f85866b0b8a11d291cc43bb299f848375cf4cf01102ba9614
2023-03-29 08:23:49,False,4.419,0.01406,37.8666,0.5326,0x94...1dea,https://bscscan.com/tx/0x3eca2edaba0ab1891f86314c47a82f2c4fad4769aef6b99821553b5c6fbde030
2023-03-29 08:19:34,False,4.4197,0.01408,0.5223,0.0073,0xbb...c106,https://bscscan.com/tx/0x9cfae3dc17c5f8f4639e091363ce1b5e481dc8f63004d53fc85f82749b5d742f
2023-03-29 08:19:12,True,4.4375,0.01414,36.5095,0.5163,0x2d...7822,https://bscscan.com/tx/0x3e0026eb8a363f1c5675d5a4eb6b3e68e63cc82afd35948e7bdabe6316c19dea
2023-03-29 08:17:13,False,4.4095,0.01406,3.3327,0.0468,0x0e...2f4c,https://bscscan.com/tx/0x8527b2fbb624179d2b4a721db1a928b52c48ca9db23cfd0a5a6619bf10de4a7d
2023-03-29 08:17:10,True,4.4264,0.01411,45.6934,0.6449,0x00...78d2,https://bscscan.com/tx/0x090e8a8c0a3e87a0b62603323bd07a72af1910598e28f602ceca20e474187f8c
2023-03-29 08:16:43,True,4.4165,0.01408,32.9675,0.4642,0x2d...7822,https://bscscan.com/tx/0x24807aadf299a6b1aff4331bc38d07aff442e2ba11fd64885d12a53ccfae857e
2023-03-29 08:15:58,True,4.4073,0.01405,35.8371,0.5037,0x2d...7822,https://bscscan.com/tx/0x57ee8f42716f3fe46b9f3942f92e0b5c58d3e22e35575eb28e69a62e7975fa01
2023-03-29 08:14:10,True,4.3915,0.014,92.8266,1.3,0x0f...8280,https://bscscan.com/tx/0xd7ead61b7e42969e2c3d281ca04a984c7254e6f6ad7a69bf756be7e102041400
2023-03-29 08:13:46,False,4.363,0.01391,39.8502,0.5544,0x2d...7822,https://bscscan.com/tx/0xb185c99c8e13b2649eb0d5bdc9733290ad9b50af5b0708a0395434c4c1ff98c4
2023-03-29 08:13:16,False,4.3736,0.01394,46.9437,0.6547,0x4d...74b8,https://bscscan.com/tx/0x9f3255b951bfb6b76875255c331ecf45eee822d84c0518654b0c45b507237ca3
2023-03-29 08:12:58,False,4.3865,0.01398,57.6342,0.8062,0x2d...7822,https://bscscan.com/tx/0xc8ca9b7ac4ee065c30d98d8d2e63d25f90168b3bcd3c08a952f6f6fd07230603
2023-03-29 08:12:46,False,4.3958,0.01401,0.3937,0.0055,0x89...3571,https://bscscan.com/tx/0x5e2349b0f38824e20a391649dcba4f53b0a605200879a4c8fabad78e94806d44
2023-03-29 08:12:28,False,4.3937,0.01401,0.3699,0.0051,0xdf...7213,https://bscscan.com/tx/0x8be07092d90fa8299ab2681e14642f40ec28a6b129057e172e1f01c9293102dc
2023-03-29 08:12:13,False,4.3809,0.01401,17.1022,0.2397,0x06...bfa4,https://bscscan.com/tx/0xc44ac661b0184468b6e2e41b349ef49df8c97b0831b945f8c3ee3a171fb5a09f
2023-03-29 08:12:13,True,4.3982,0.01407,54.7139,0.77,0x56...0086,https://bscscan.com/tx/0x03bded7ca3c0d21684a475e484cb9c84c44699695172e9a08b92fa41c58121e4
2023-03-29 08:12:10,True,4.3902,0.01404,10.5772,0.1485,0x2d...7822,https://bscscan.com/tx/0x659fcb811fc40657c9c2171ea1016b86ba6c0ed66efebde3c450717b4a7f580a
2023-03-29 08:12:10,True,4.375,0.014,111.996,1.56795,0x00...78d2,https://bscscan.com/tx/0x78658f40088b199630160b7b545eb77d0ca51a352b252c4097bc9a72b736bcd6
2023-03-29 08:12:01,False,4.3399,0.01388,3.38153,0.0469,0x0e...2f4c,https://bscscan.com/tx/0x0c9458ab235c174291e43725567eec76dbe145b7afa7e365ae85100d21ded81b
2023-03-29 08:11:58,True,4.3562,0.01394,47.6025,0.6635,0xa0...cc8d,https://bscscan.com/tx/0x1e0f2077a4e542e8f3546ee2ed404552687ce5589ed927fa8a6dbf830813f388
2023-03-29 08:11:10,True,4.3445,0.0139,48.7963,0.6783,0x00...78d2,https://bscscan.com/tx/0xb88e1aa6333522a2b5f7c5591af8b0b2e10f33a458495e772e4f0f84d3a03571
2023-03-29 08:07:58,True,4.3562,0.01387,32.9972,0.4577,0x2d...7822,https://bscscan.com/tx/0x3af858e1c4142ef429aebc5064d73898066cea0b7ab2900f4c4eb9d0b616808e
2023-03-29 08:07:04,True,4.3489,0.01384,33.0842,0.458,0x2d...7822,https://bscscan.com/tx/0x53edf164815fede6b25df9beb2775cf5bbf492947c76e440a7ad7c7151ceab3b
2023-03-29 08:06:40,True,4.3187,0.01381,36.7495,0.5078,0x2d...7822,https://bscscan.com/tx/0xbe1ce0258d8ccf6f5f79dad1541cfd32b7e4aab05800b24bfc6b598f1c65783d
2023-03-29 07:36:20,False,4.3376,0.01374,33.2909,0.4576,0x2d...7822,https://bscscan.com/tx/0x0ebfa6eafba7e4e3c0535b1a8fe564474502b93e61d66a2ecbb78639befe9eb1
2023-03-29 07:34:14,False,4.3236,0.01377,32.6961,0.4503,0x2d...7822,https://bscscan.com/tx/0x604bf311bb6f1a232d024db5bbedd84965a314336b10cce0b5cf73db8ba9a334
2023-03-29 07:29:26,False,4.3305,0.01379,30.0,0.4139,0xbe...1239,https://bscscan.com/tx/0xe720d23009bf5a8fbaa96651c5c3f7ca0169ce59c9bb37667ce26c99478a5687
2023-03-29 07:17:58,True,4.3479,0.01386,44.2118,0.6128,0x59...4241,https://bscscan.com/tx/0x2c69c29b1f5bfcbe5bbc21ec894d4f10b063dfc85240f14e5f7a8da60c6d9e9d
2023-03-29 07:16:34,False,4.343,0.01377,0.3212,0.0044,0x0f...5faf,https://bscscan.com/tx/0xc20c58c4755995def1d3a1e8cdaa4bfb94e031475d42f7baf8eb41d6edc7b82c
2023-03-29 07:15:29,True,4.3422,0.01383,12.1482,0.1681,0x5b...2326,https://bscscan.com/tx/0x7ed54ab78378c7371eba47409d42273765205d8ab74e20bfec69d20ca8093ac5
2023-03-29 07:14:05,True,4.3575,0.01382,37.0941,0.5126,0x2d...7822,https://bscscan.com/tx/0x2ad7bc9682c3f9cd7663cf08bb5ccfbc53b1732baf7af5b7459d25d5ff7080e9
2023-03-29 07:13:26,True,4.3482,0.01379,41.356,0.5703,0x2d...7822,https://bscscan.com/tx/0x8e92150cf236315e1b2203ad1bbf9bd8d1d0d4586175f1c0ec5fb2e76c89f103
2023-03-29 07:12:56,True,4.3379,0.01375,42.2282,0.5809,0x2d...7822,https://bscscan.com/tx/0x6b71d1ca6101d779810216ec0bda617da482768baf62f0c1db4f9210c1c76b47
2023-03-29 07:10:56,False,4.3147,0.01368,32.9834,0.4514,0x2d...7822,https://bscscan.com/tx/0xa735f9a0c1cb5470e1c355ff8b22c069987f4586f1e89cb483d78ba0ea48c39f
2023-03-29 07:09:02,False,4.3222,0.01371,34.3794,0.4713,0x2d...7822,https://bscscan.com/tx/0xd8716a44cdb0e8539d85c1c0775dadb14b7d0655d0dfd532f559fae132be20db
2023-03-29 07:08:14,False,4.3293,0.01373,34.705,0.4767,0x2d...7822,https://bscscan.com/tx/0x8372960b71dd399b3b457f0fadf56ebd5c51e795c632ac3889310e73ce3c07b1
2023-03-29 07:07:29,False,4.32,0.01378,76.3523,1.05217,0x2d...7822,https://bscscan.com/tx/0x9882510ef1ab45386591cd688c5939f343701292245417f3516ec476866010e5
2023-03-29 07:07:29,True,4.338,0.01383,106.016,1.46705,0xfc...3316,https://bscscan.com/tx/0xc8526269b6ee51981c2c36ff6a9704745ea4fa7975c0c59e6021d9db63a4fb8c
2023-03-29 07:00:53,True,4.3447,0.01379,18.717,0.2581,0x2d...7822,https://bscscan.com/tx/0x22d3179a3d4591b039e0086f6df11e8090d95ab69abcaa75b6d0231221cb4489
2023-03-29 07:00:05,False,4.2996,0.01371,3.49244,0.0479,0x6f...1a36,https://bscscan.com/tx/0x5af307f012039291d7510ec5fe1b3af8aa07e8f7bd69c58fc069bc61803f7b47
2023-03-29 07:00:05,True,4.3162,0.01376,45.4288,0.6254,0x2d...7822,https://bscscan.com/tx/0x1aa6f6c555aa356530593b2b2c2451fac29bffa50d4505df1f5499a4ecbaf527
2023-03-29 06:59:17,True,4.3032,0.01373,46.7857,0.6424,0x2d...7822,https://bscscan.com/tx/0x68a659cf62f890266a18bc68538fc06dc8ba7ed7f3bb4a2ead44a41840159fc0
2023-03-29 06:56:50,True,4.2934,0.0137,36.4323,0.4991,0x2d...7822,https://bscscan.com/tx/0x3351aa00f449f743594b2ecd4456b01869967445d715b3772485843d2d00c126
2023-03-29 06:45:59,True,4.3054,0.01366,47.9734,0.6557,0x67...b7c1,https://bscscan.com/tx/0xc085582ef62c530c0cf8bf07e308507051db927a70c13ad3360558432bf76ed0
2023-03-29 06:39:23,False,4.2826,0.01359,44.6091,0.6066,0x2d...7822,https://bscscan.com/tx/0xb6b4af12e94fd8d62ac936ad03f1a2ac67c68af45d49d6099eea551f229bb782
2023-03-29 06:37:26,False,4.2916,0.01362,33.6757,0.4589,0x2d...7822,https://bscscan.com/tx/0xacc41771d6cf862dc60b0ccf164738d6dd0005274db5b7d59c2f9822c267fc40
2023-03-29 06:34:59,True,4.3098,0.01368,57.9392,0.793,0xf0...62fc,https://bscscan.com/tx/0x3ae18da6870facd1385a72a6abebdd5b675be851e3547432d3357e8eaf3a7d3b
2023-03-29 06:23:02,True,4.2924,0.01365,40.425,0.5518,0x2d...7822,https://bscscan.com/tx/0x24aec6307d38665092f0c38f0641b10b08ef6249b62161feb503dc6ab7d08f27
2023-03-29 06:21:08,True,4.284,0.01362,33.567,0.4572,0x6d...ee51,https://bscscan.com/tx/0x1bcc7a923fc252bc51ce078411f23a3318101e94e02a714e1ecb66bb474dc7aa
2023-03-29 06:20:41,True,4.2573,0.0136,11.203,0.1524,0x6d...ee51,https://bscscan.com/tx/0x7202f7be8c4e7d68ed1bbf26043f5d8dac57517b5b5785351e831dcbc38f9cb0
2023-03-29 06:14:02,True,4.2804,0.0136,1.93713,0.0263,0x6d...ee51,https://bscscan.com/tx/0xca7c00fed700c45d700381fdabf8adae87362511af76d563b71bd239d03f7690
2023-03-29 06:06:22,False,4.2443,0.01354,33.4168,0.4526,0x2d...7822,https://bscscan.com/tx/0x5024650b144c86ca37c309765bac8d27ddcf9e4a8e7328cebd2e9e17b8526739
2023-03-29 06:00:21,False,4.2711,0.01357,38.2534,0.5191,0x2d...7822,https://bscscan.com/tx/0x5b2b4cb93005b43b637fba4e950dcc7931315ca5e1938aea2ef8b2a5d7b72a93
2023-03-29 06:00:03,False,4.2803,0.0136,39.6775,0.5396,0x2d...7822,https://bscscan.com/tx/0x2cc02514b6f5e3d2de053f14b4db6e41050d0145e3dce3e4cb52dbe59a8121c0
2023-03-29 05:58:03,True,4.3047,0.01367,21.3855,0.2924,0xc7...1b30,https://bscscan.com/tx/0x3487e3228016e6c4b15d0e8b80c489f672d4b07abd130723eff4941cc3e7a53d
2023-03-29 05:38:57,False,4.2597,0.0136,12.7133,0.1729,0xa3...b446,https://bscscan.com/tx/0x9acb17be68fae28861f2213f3dbdc51885d0b76bc604c85bfe48c2879469aaff
2023-03-29 05:37:27,True,4.2782,0.01366,36.268,0.4955,0x2d...7822,https://bscscan.com/tx/0xf962299d74f7dbc4fbe060569a30ed0cf4b92b2e9c04aa4655ced2c322211de1
2023-03-29 05:35:24,True,4.2948,0.01364,3.95822,0.054,0x86...1912,https://bscscan.com/tx/0xf4a37ee6b05dfdbe3f27330e495fc533616dbe133f33a60d0b4e91c1a48c2a65
2023-03-29 05:30:51,True,4.2735,0.01364,0.9652,0.0131,0x57...1747,https://bscscan.com/tx/0xb2d1841036d2eb17ddbfc1ca860fd2ddb8e6c06f00f09bda626dbabee8eec6ed
2023-03-29 05:27:07,True,4.2879,0.01362,53.5914,0.7302,0x00...78d2,https://bscscan.com/tx/0xe84f8e4a2c48c04feb1d5c5be0c24f2e07bee3b1f26d92040868ed21cf993e8d
2023-03-29 05:23:31,True,4.2775,0.01359,42.4127,0.5763,0x2d...7822,https://bscscan.com/tx/0x669aee7d8bac7aa7b4a4a41ae3c3751caaa4fd18482e15b22dda8d260eea6154
2023-03-29 05:22:49,True,4.2473,0.01356,34.0306,0.4614,0x2d...7822,https://bscscan.com/tx/0x7ce08b7735c19a8400bf09267381d0c20186967f6b24b0fbe3bd917191f1ca4c
2023-03-29 05:22:13,True,4.2395,0.01353,33.1339,0.4485,0x2d...7822,https://bscscan.com/tx/0xf192e013de6aed137a849e973c443aa029928591c5521edd0ab90c75f69e46e0
2023-03-29 05:06:13,False,4.2181,0.01346,34.7909,0.4686,0x2d...7822,https://bscscan.com/tx/0x04e8ca81955aec995a8621e62b95c02cc7d7b4d153c43f62428ace0d8e765eb7
2023-03-29 05:01:52,False,4.2287,0.0135,55.9024,0.7548,0x2c...015a,https://bscscan.com/tx/0x5e60edc138f996ada34af24783ec2f1086305c6b8ea42943fece2742e50071f1
2023-03-29 04:55:25,False,4.2388,0.01353,36.861,0.499,0x2d...7822,https://bscscan.com/tx/0xcc53da0eac98de90440c58d72dd217fac1e660eb3b491353d53a736ac7e58d37
2023-03-29 04:48:40,False,4.2697,0.01356,38.0556,0.5162,0x2d...7822,https://bscscan.com/tx/0xd0b392b0816bad78c3fa7ee8282ce1bd41bd1cda48423e60c19616695f5919f1
2023-03-29 04:34:15,False,4.2796,0.01358,8.18883,0.1112,0x11...ef6a,https://bscscan.com/tx/0x8121f18d679e5a9f07007cccfb5254bc0516ca7d6b0fd201bdc2a847a7839719
2023-03-29 04:29:48,True,4.2982,0.01364,35.1575,0.4795,0x2d...7822,https://bscscan.com/tx/0xa844f29d60c0988020e6eb0f10fc1ec9b83bc2d8839bca7768e2d7d48980ee53
2023-03-29 04:28:42,True,4.29,0.01361,34.7075,0.4725,0x2d...7822,https://bscscan.com/tx/0xa721784bf0173beefe4535e0d11f63fcfa1df5f3d783850b5d1e960b4777d7de
2023-03-29 04:08:22,False,4.2647,0.01354,33.3803,0.4521,0x2d...7822,https://bscscan.com/tx/0xedaf27be414c610195e58646e8a87ea0f45f140bb76259a72965e13da3eebcb1
2023-03-29 04:01:47,True,4.2899,0.01362,4.78701,0.0652,0x20...fc1d,https://bscscan.com/tx/0x3604dba66a5d9571f9de747c6dfa5d4aaaf8f2b7d7b59cb96d52c1e2a6b90b04
2023-03-29 03:59:47,True,4.2664,0.01361,10.4854,0.1428,0x2d...7822,https://bscscan.com/tx/0x6d23d88e25cd0df1d9b694411b08a5bd3dfa29310e4ba898b03bfb3feb86458f
2023-03-29 03:59:47,True,4.2445,0.01354,175.349,2.37579,0x00...78d2,https://bscscan.com/tx/0xd248071a218b9df6a7e1ad8cab15dae2e9afae2a082cca1f4b3958d478a7b1a0
2023-03-29 03:59:44,False,4.2299,0.0135,250.0,3.3756,0x23...91f0,https://bscscan.com/tx/0x6c82aedfb4f6dfb71a7544ec3a145aa6776b3bf16eb05cb6a85ca87d5526d1bb
2023-03-29 03:42:50,True,4.3019,0.01365,37.2787,0.5091,0x2d...7822,https://bscscan.com/tx/0xd594e7ce785ff3930a6cfa41acfc60e533ecf960f1f701417693225a642d8f23
2023-03-29 03:33:22,True,4.2991,0.01363,9.57488,0.1305,0x2d...7822,https://bscscan.com/tx/0x4ed30756cdfca6a60c2e9d34ca04b47a75b1f80cef4b71e31676b2a3cd3e3b8f
2023-03-29 03:33:22,True,4.2894,0.0136,71.6553,0.9751,0x00...78d2,https://bscscan.com/tx/0xbeb68e861b6d40ffd1c61b7f96ff03f9aeff29283d23d1a1a2c636df387eeec9
2023-03-29 03:33:19,False,4.2713,0.01355,100.0,1.35509,0xb1...c414,https://bscscan.com/tx/0x1adc8f39df299e2ff6035f6924f0d4c0cfcc3351a083de8140696e3a8a3ab032
2023-03-29 03:31:49,True,4.3068,0.01365,1.09841,0.015,0x45...e039,https://bscscan.com/tx/0xe35c816914cfa22ad389ee40c721a96847173250dc4c73719ab5029af5cb2a93
2023-03-29 03:30:43,True,4.3034,0.01364,35.5265,0.4846,0x2d...7822,https://bscscan.com/tx/0xb6f31286531b687b33b994826afde91dba6fa6ca1223580c227a6bd80bcea1ad
2023-03-29 03:25:19,True,4.2719,0.01361,34.5822,0.4708,0x2d...7822,https://bscscan.com/tx/0xa174171629b46f0d94e2358f9a778ade08e4d358ef6c2c3cefdd88f580e51fff
2023-03-29 03:22:01,False,4.2715,0.01354,33.0817,0.4481,0x2d...7822,https://bscscan.com/tx/0xfce3c9b5e2776c2732ba1fbae601fc4a01e4bb759f1e2be1f77f7e993011aba0
2023-03-29 03:20:55,False,4.2583,0.01357,39.4815,0.5359,0x2d...7822,https://bscscan.com/tx/0x6ce0c4681c44b8161d32c828e587af47f1bb47e0eb2fc65007d4d76eddaffc0d
2023-03-29 03:20:46,False,4.2732,0.01362,86.7648,1.18191,0x2d...7822,https://bscscan.com/tx/0x73f70f580af9dc19446d0b117a7eb4b16294ea767a09ff031f5e161c17aaf15a
2023-03-29 03:20:46,True,4.2985,0.0137,72.3406,0.9912,0x7b...0519,https://bscscan.com/tx/0x0b6b5899cecaef0cbbdc75a47368c7906d1caebd5200b822dc6693981fe920d5
2023-03-29 03:19:43,False,4.2702,0.01361,41.865,0.57,0x2d...7822,https://bscscan.com/tx/0xdf73b24261cb08189a9795dcdf5eb0fa307528911d543dbf97d6ca57e7235383
2023-03-29 03:19:34,False,4.2815,0.01365,51.6478,0.705,0xa0...cc8d,https://bscscan.com/tx/0x2860c0cd0a8fea1895ded153ca81646d23f0c73c9869d91ec2df616b07ae37fa
2023-03-29 03:19:31,False,4.2979,0.0137,86.0181,1.17874,0xb6...5189,https://bscscan.com/tx/0x47d485a5f8ecf4c0a259b51f0d13cda649ac12a9931e50e4f5f858251831ed20
2023-03-29 03:19:31,True,4.3118,0.01374,149.215,2.05139,0x45...e039,https://bscscan.com/tx/0xb0832f38e69d2976ec68fc43fa93a3d3ed0a8e0d1da5680646eae7cb6701fdf9
2023-03-29 03:19:31,True,4.2837,0.01365,86.0181,1.17485,0xc5...77c0,https://bscscan.com/tx/0xcf869b360ebf592834e58e3142e8f33deb27de5e260fa7f9c6e8dc6b952391c4
2023-03-29 03:19:10,False,4.2695,0.01355,2.0465,0.0277,0x00...41f6,https://bscscan.com/tx/0x7c8f8f89fc5f7b601cfd5ba6d6c9d6c19b923ee81c62fdb1b432fda0df55020b
2023-03-29 03:18:46,True,4.2853,0.01361,34.9605,0.4759,0x2d...7822,https://bscscan.com/tx/0x1fb903bf3ca3c82208fa15c6db42b00483eb5ec272401e2b4fbcd4dff420e9c8
2023-03-29 03:15:58,False,4.236,0.01354,35.1358,0.4759,0x2d...7822,https://bscscan.com/tx/0x2759a3f2d27142843776b6c805c4f1802b304eaccb8a040182eb6d673428d6af
2023-03-29 03:14:46,True,4.2529,0.0136,47.7234,0.6494,0xe3...d2ff,https://bscscan.com/tx/0xb98361a08f82b5ac97f92f54db0664a38c97fb630d8e302a92014aa964dd0c13
2023-03-29 03:12:46,True,4.2677,0.01358,6.0946,0.0828,0x6a...843f,https://bscscan.com/tx/0x2bd93b7ff8160655c9e385ffc9e0aaf05959a506796c160f7e1c58066343da32
2023-03-29 02:56:30,True,4.2573,0.01358,13.1275,0.1783,0x2d...7822,https://bscscan.com/tx/0x97854b3c09efdb5a9fcfb459dfaf144cf465eb8210d3080935d1cf394cafe527
2023-03-29 02:55:30,True,4.2513,0.01356,36.7734,0.4987,0x2d...7822,https://bscscan.com/tx/0xfc7d33e90442b611af8fedcb113c49c3899e4a15234d060a02ae3b8ea14e8f42
2023-03-29 02:55:06,True,4.2428,0.01353,36.8722,0.499,0x2d...7822,https://bscscan.com/tx/0x28cee0318338a7c8606b0c2138d395db921d31e7f1d043a8b9f93dd3291b9f7d
2023-03-29 02:43:29,True,4.2467,0.01352,0.3663,0.0049,0x2f...63bc,https://bscscan.com/tx/0xb6040a57a8eb48280e89067c0cba1b484b76ceb3691ef2fb7d78e1e504c9786e
2023-03-29 02:41:05,True,4.2293,0.01347,128.085,1.72579,0x2d...7822,https://bscscan.com/tx/0xf60abfe5afd7a4aead38128afbcce45985cdc526e0856d1267c48da47445d633
2023-03-29 02:41:05,False,4.212,0.01341,160.685,2.15615,0x2c...470a,https://bscscan.com/tx/0x9db6e0b185ccbacec1fb39b25ded8c0753de7a02650263497a41053e35f39362
2023-03-29 02:38:14,False,4.2094,0.01347,1.2472,0.0168,0x1d...f269,https://bscscan.com/tx/0xdf7accc96d1e55e71534e14b22956df4d4a745076f40219fa5af9fb762f6835a
2023-03-29 02:36:14,False,4.2107,0.01348,13.0,0.1752,0xda...b9bd,https://bscscan.com/tx/0x9d20d1ca40a83a6500b69a641bb6c9a02de6e40cf7320f748c7c6831c25661f8
2023-03-29 02:35:35,False,4.2372,0.0135,33.6395,0.4541,0x2d...7822,https://bscscan.com/tx/0x870bbc2d2251e63f92822a48d1b816f5915b2b277c907a51e69955a10516798e
2023-03-29 02:33:52,True,4.2603,0.01357,18.3666,0.2493,0xaa...5200,https://bscscan.com/tx/0xfc308dc6b67dbea2df14b9115a6411f9e46d064f551353ed362e1b929c8fa68a
2023-03-29 02:33:12,False,4.2383,0.0135,11.9256,0.161,0xe4...13e8,https://bscscan.com/tx/0x8c4f1453c60eb4228494c88b1090cee18f5d6e4d541db7af18226130edbad9bb
2023-03-29 02:32:54,False,4.2238,0.01352,45.0481,0.6093,0x2d...7822,https://bscscan.com/tx/0xdc6122bc524ea8e927170ee50dd39d61e580a02cf2b4a0fda63c73fa2768fe0f
2023-03-29 02:32:54,True,4.2473,0.0136,25.0,0.34,0xaa...5200,https://bscscan.com/tx/0x5594eb2c31b93b9fa76b2719b51f635804cbdaf8e63d99d04c6cba777d450edd
2023-03-29 02:25:00,True,4.2596,0.01357,35.2248,0.4782,0x2d...7822,https://bscscan.com/tx/0xcd88b2b6180ed728359cd0fb28e7f7535964b2948e7886a80c9451c6bcf52509
2023-03-29 02:22:21,False,4.2408,0.01352,59.8491,0.8091,0x2d...7822,https://bscscan.com/tx/0x556ffe75476785046158644dfd9920409af0a92d76cd00c40d3fd188dc1872c5
2023-03-29 02:22:00,False,4.2521,0.01355,37.1112,0.503,0x2d...7822,https://bscscan.com/tx/0xfa5490a8075fd292929f584f85e96b5081a33e481a1a914133b01569beec1cc8
2023-03-29 02:21:54,True,4.2517,0.01362,39.7836,0.5419,0xb6...4942,https://bscscan.com/tx/0xec87ab2db7fbde0cf56cc11840f4320c49b5b7f3f7fb505a546cd8cc81f6428f
2023-03-29 02:21:42,False,4.2263,0.01354,3.98035,0.0539,0x0e...2f4c,https://bscscan.com/tx/0x7ae5c71dc0a11ed955f172a987f564ee5f69e0f0fea00fa26f774a3373b31b59
2023-03-29 02:21:30,True,4.2437,0.01359,36.5213,0.4965,0x2d...7822,https://bscscan.com/tx/0xf178d60f6225e1af8ee0fed9e7ade030a7f5f44a70d88a35d0f3754bf5ee977e
2023-03-29 02:21:24,True,4.26,0.01358,3.79376,0.0515,0x2d...7822,https://bscscan.com/tx/0xc963f0f2d21359b652b8074571ca21639c6b20c266cde0bb6a8c3bc76012a00a
2023-03-29 02:21:24,True,4.2535,0.01356,51.4879,0.6982,0x00...78d2,https://bscscan.com/tx/0x6920eaf3b1ee1e4852a1df2ce74a230dd20601c1d1bf444691ee6c9433a033f2
2023-03-29 02:16:33,True,4.217,0.01351,68.286,0.9229,0x46...b810,https://bscscan.com/tx/0x3e8cd325b3a3d0f7009695ffeccccf81fa96fbba70d6e9445389b58eaf531621
2023-03-29 02:15:45,True,4.2073,0.01347,33.0695,0.4457,0x2d...7822,https://bscscan.com/tx/0x32e0946c9ee8831081df79becbd23024bae70fbbfa457971cec92286a2bfaba2
2023-03-29 02:11:12,True,4.1995,0.01345,32.9011,0.4426,0x2d...7822,https://bscscan.com/tx/0x62f4f63f002f0835d10a05d5ae315c950b9a99040d385f2be3025ad36a79d1e2
2023-03-29 02:05:30,False,4.1783,0.01338,31.6708,0.4239,0x2d...7822,https://bscscan.com/tx/0x402b12c22bdbe253ed1606e1f69dd5ac91363b9ea452fe816659d26d40085448
2023-03-29 02:04:48,True,4.1982,0.01345,41.6665,0.5604,0x2d...7822,https://bscscan.com/tx/0xe3f869c09299db180b3c5fe07918229de05ab70a7415fb49d0bf055010c79432
2023-03-29 02:03:30,True,4.1894,0.01342,34.5955,0.4643,0x2d...7822,https://bscscan.com/tx/0xb80628498f997bdd638dbaa0b7c7b6bd1513744fd1a76e6a4a1f2bd066634359
2023-03-29 02:02:18,True,4.202,0.01339,39.0526,0.523,0x2d...7822,https://bscscan.com/tx/0xac25455a229766c4e84f19ce7c80a1ca318d8e9da93f02ce05f965cde89bc91f
2023-03-29 02:01:48,True,4.1712,0.01336,46.7316,0.6244,0x2d...7822,https://bscscan.com/tx/0xcbc29e92a73bec642f7b8d2e7dfc72631c98fe2def529cc5d54757cf9ddd8b42
2023-03-29 01:59:39,False,4.1689,0.0133,58.3606,0.7762,0x19...3e79,https://bscscan.com/tx/0xbb42e2d8905cea4570ab5056920eae5e8969f9ebd08a9d8b3a44d57c53405220
2023-03-29 01:51:03,True,4.1705,0.01337,41.1531,0.5503,0x2d...7822,https://bscscan.com/tx/0xa9b2dbecfdde5dd9201d16924f10966e0acea71d58f267be8e73de559a1466f6
2023-03-29 01:42:03,False,4.1688,0.0133,32.0692,0.4266,0x2d...7822,https://bscscan.com/tx/0x35a11c163f2e577d15ecec1bb8e2ba73499d8a3bbea68c4c72fb746c4beb9395
2023-03-29 01:37:06,False,4.1731,0.01331,6.66188,0.0887,0x2d...7822,https://bscscan.com/tx/0x716495948971317f24326c83cc9fb401051cb65fc643039bda41a486c0ba0026
2023-03-29 01:37:06,False,4.18,0.01334,53.3691,0.7119,0x00...78d2,https://bscscan.com/tx/0x57cd5d7952a31a37aef71f243cec1a9727725dbccdd9137e230532bdde9e3e40
2023-03-29 01:32:51,False,4.1868,0.01335,1.26082,0.0168,0x1d...f269,https://bscscan.com/tx/0x9de61be03c2057d2c0335442405b82b493224be43f4a3a4976d8ac2240f5cfb1
2023-03-29 01:22:30,False,4.1645,0.01337,34.5643,0.4622,0x2d...7822,https://bscscan.com/tx/0x2ef12521f7faef6a7c1c711f45d974edb61d4e19eb0523137365bdd54ae733a9
2023-03-29 01:13:03,False,4.1911,0.01339,13.3511,0.1787,0x38...28dc,https://bscscan.com/tx/0x862a3afff91a7bf6bda44ca1f088298f78474bb3eabd911144d3f6a18533ca36
2023-03-29 01:12:48,False,4.1728,0.01339,9.55608,0.128,0x2a...e55a,https://bscscan.com/tx/0x6b620a04170a6302c20c7618f54cab2765002572e5e40f6a2052fb3b78b1f355
2023-03-29 01:12:36,True,4.2035,0.01343,106.304,1.42767,0xa3...eea4,https://bscscan.com/tx/0x986d8a43accfcf4f7bc4ca008c5b2451bfbca3e45ed31e84ac71106bab40191c
2023-03-29 01:07:21,True,4.1655,0.01338,30.3849,0.4065,0x2d...7822,https://bscscan.com/tx/0x01aef531f8f9af43022a06312f4cca27038eab43806424790b06a682ec97a2e4
2023-03-29 01:04:27,True,4.1552,0.01335,35.9008,0.4794,0x2d...7822,https://bscscan.com/tx/0xf20e677313a478accbbc9c7017a0ce5dbe1fafcf026e52dee26d2904dc727ff1
2023-03-29 00:55:27,False,4.1397,0.01328,36.6934,0.4876,0x2d...7822,https://bscscan.com/tx/0xc4e42fe2c2a97c3ee917310b8534e2fe08253d611322fb15a4ad065a9ae506df
2023-03-29 00:47:26,False,4.1488,0.01331,36.6065,0.4874,0x2d...7822,https://bscscan.com/tx/0xed2b3259f5acab4abe29ab4271faa30ce1a6034c984dd8e3ac397d06f95ada3f
2023-03-29 00:46:08,False,4.1778,0.01334,36.5219,0.4872,0x2d...7822,https://bscscan.com/tx/0xda1fd1679698de4c1631549ed64f39c4c375024e4293f2556a8bf80e4df0f304
2023-03-29 00:42:20,False,4.1652,0.01336,34.9039,0.4666,0x2d...7822,https://bscscan.com/tx/0x65f1ef5bfab6710dfea9a945bfba55945474df48588a5ee4b27cea7784fc7daf
2023-03-29 00:41:20,False,4.1963,0.0134,53.2408,0.7134,0x2d...7822,https://bscscan.com/tx/0xe44aaa29516d57ec48804c8d38ffacc12b50776df3909b977003b9ebe0f626a4
2023-03-29 00:39:17,False,4.2066,0.01343,32.0699,0.4307,0x2d...7822,https://bscscan.com/tx/0xded988d9e4672ce1a79494d69235ec1be2576680a64c88037cbbadbff7954f18
2023-03-29 00:39:05,True,4.2061,0.01349,35.4662,0.4787,0x93...86cb,https://bscscan.com/tx/0x7375942c5d8a29fa473f0c13643b971678bb81a671196f9f5a0a5c3faeeeea44
2023-03-29 00:29:45,True,4.199,0.01347,32.1,0.4325,0x2d...7822,https://bscscan.com/tx/0x99975771bde9718a995fec410311985c23fb2d500cfcc0b9bcb4a9a8a2f7cf07
2023-03-29 00:27:27,True,4.2163,0.01346,2.25169,0.0303,0x2d...7822,https://bscscan.com/tx/0xa7af6a1cef883f42507620dca272926ab10962a0c6a5adfb47b9c4aa293332fe
2023-03-29 00:27:27,True,4.2101,0.01344,51.1235,0.6871,0x00...78d2,https://bscscan.com/tx/0x56a1f62211aca126ec2938231a82df8a8b57b87e184bd05b6fe5b7637eda00a3
2023-03-29 00:23:42,True,4.1997,0.0134,36.9751,0.4957,0x2d...7822,https://bscscan.com/tx/0x1561275a37b62c1e0945e4348a38ca6cdb835362f2d10aa839a6789878afeaa9
2023-03-29 00:23:27,True,4.1973,0.0134,2.35126,0.0315,0xf7...940e,https://bscscan.com/tx/0x096870392718c67a626628b03a7e775fa5abfae27cfbc5d9758a5b54f0d24743
2023-03-29 00:16:03,True,4.2003,0.01338,12.0,0.1606,0x8b...3883,https://bscscan.com/tx/0xedef1f49f947971503c4b4bc5139815948eeee2184a720b1d804d12f8e70d184
2023-03-29 00:11:42,True,4.1988,0.01338,3.91857,0.0524,0xf7...f145,https://bscscan.com/tx/0xb7b74889f771f659b98f1c2561bb904a4d798800965d00ed43d0c3a7c007a1b2
2023-03-29 00:09:48,True,4.1799,0.01338,7.40551,0.0991,0xf7...f145,https://bscscan.com/tx/0x8c7802c58bd865cf9ca36067c0a4f18640051387bb7b48fa57049b3bddad5708
2023-03-29 00:07:36,True,4.1755,0.01337,12.3918,0.1656,0xf7...f145,https://bscscan.com/tx/0x36bd99a398c371c05d7985a217c06686bca956b9effab05352c79f2ef7ba65be
2023-03-29 00:03:02,True,4.1812,0.01332,127.2,1.69433,0x2d...7822,https://bscscan.com/tx/0x251f16c1c81015b29d683bd6f1be905b332a7aa30946610aef89b97faae7197a
2023-03-28 23:59:20,False,4.1515,0.01322,39.7217,0.5252,0x2d...7822,https://bscscan.com/tx/0x07167bf21b768b61cd30355a70e1b1d68aaae312aa43093f47ef10001b039e26
2023-03-28 23:54:08,False,4.1646,0.01326,75.6154,1.00294,0x0f...8280,https://bscscan.com/tx/0xa8566192de3ae8ed9d324a6a8f20976ea38c66cd8d0e80e8d24bff59204c2352
2023-03-28 23:53:35,True,4.1897,0.01334,38.1531,0.5091,0x2d...7822,https://bscscan.com/tx/0x65c1b6aebd9567ac173f6337bc0211d748c63823c157c7d9a001b22a934386a2
2023-03-28 23:53:23,True,4.1782,0.0133,62.5,0.8316,0x2d...7822,https://bscscan.com/tx/0xc692311c26f6ed2e337bdc6ef48fa16eb805cd66b337be79701167c1870064e4
2023-03-28 23:53:17,True,4.1669,0.01327,36.9471,0.4903,0x2d...7822,https://bscscan.com/tx/0x17e72c94aa4897bbc3b441aaa12cf7a7d4e57fb2ad6c92753944721d9a7b3f7b
2023-03-28 23:53:05,False,4.123,0.01319,15.0,0.1979,0x8b...3883,https://bscscan.com/tx/0x8bf87dca5ace95df5c67387eeb4204808a26a1eb877c8a5e3abe4c694560b64a
2023-03-28 23:52:53,True,4.1406,0.01325,42.3656,0.5614,0x2d...7822,https://bscscan.com/tx/0x0e7bca701dae32ba3933f7af6a635cd555587bf0071dd1fc0379e356cfcedad1
2023-03-28 23:38:11,True,4.1411,0.01323,1.74348,0.023,0x34...8793,https://bscscan.com/tx/0x6f4f9134399878e6a350d24714eac0af3670be8893b85e486b701d291c93c551
2023-03-28 23:36:12,False,4.1457,0.01318,39.9455,0.5266,0x2d...7822,https://bscscan.com/tx/0xce71dcf39bbd77c13dcaa9fe8cd467a5e45ce717feb45314e16f26d9de9219ca
2023-03-28 23:32:46,False,4.1543,0.01321,37.0043,0.4889,0x2d...7822,https://bscscan.com/tx/0x5f6b2cd60f7ea7d2947b9d32949f7ad240345e24bd4e70e28f3be69a002bcae9
2023-03-28 23:30:43,True,4.1579,0.01329,2.96964,0.0394,0x0e...2f4c,https://bscscan.com/tx/0x67c54fcb96cdaa11cf469c2ce9df3fe5311691f2c8045efc07c389745b4182dd
2023-03-28 23:30:34,False,4.1619,0.01323,37.9318,0.5021,0x2d...7822,https://bscscan.com/tx/0x32908760089f5e0e037a6602dba571a17f6b5d9286bc64f87897eafc7ba9ec80
2023-03-28 23:15:19,False,4.1501,0.01326,40.9629,0.5434,0xb6...4942,https://bscscan.com/tx/0xd00eee62e4beef776834b4a30e4c42d1ec97db501d93effc32862827b1d02f4b
2023-03-28 23:09:32,True,4.1967,0.01334,10.0,0.1334,0xbe...1239,https://bscscan.com/tx/0xcb3280d31d7b0b2a8ea9623b256128de16b690691868fa243da58426f35cf67e
2023-03-28 22:59:08,True,4.1965,0.01333,10.0,0.1333,0xbe...1239,https://bscscan.com/tx/0xad52ee1c9a3920c967ecd565985fc413818fca90c3b381faade7ff92e0bb3358
2023-03-28 22:53:08,True,4.1942,0.01332,18.5817,0.2476,0xbb...04a5,https://bscscan.com/tx/0xb668645fc48160d8eb7cdb70b05a073a0e36c5109aa2a34d0aedad614dce89d6
2023-03-28 22:53:08,False,4.1752,0.01326,36.2816,0.4813,0x2d...7822,https://bscscan.com/tx/0xc3775c48cf86c79c43dd46704dfaf5d01fa511fb393670b617a16d4a9dbc3e96
2023-03-28 22:52:38,False,4.1839,0.01329,39.4894,0.5249,0x2d...7822,https://bscscan.com/tx/0x6d751be692a125d5f847a462bf551f5620eba74eb019e6159df108e60828c403
2023-03-28 22:52:14,False,4.1714,0.01332,33.8978,0.4515,0x2d...7822,https://bscscan.com/tx/0xf2de192ada0c6ab32cf4c433b1ec5081ae4410e67ea6a6b7e616c03d09061653
2023-03-28 22:49:17,False,4.1848,0.01334,37.8633,0.5053,0x2d...7822,https://bscscan.com/tx/0x84ee08b4ce692487aac8aa8ee9e48eaafa2b809e59f68c96e044a42d5368c109
2023-03-28 22:49:08,False,4.2118,0.01336,1.25275,0.0167,0x1d...f269,https://bscscan.com/tx/0x928e55cb4e10c4de582e6d6404b61a329cae37ecfba7d526a5f8b267c7dc9313
2023-03-28 22:46:35,False,4.1913,0.01336,2.38727,0.0319,0x2d...7822,https://bscscan.com/tx/0x04bad5da30407abdc7fc73c4cf3d517fc3c86725c346d5db60ae227fb87e72a7
2023-03-28 22:46:35,False,4.197,0.01338,47.1498,0.6308,0xc3...157a,https://bscscan.com/tx/0x72b1f25b37c58a489e3a99524c840caf6df0785f937bdf3dbce896fe8a4dccad
2023-03-28 22:45:20,True,4.2244,0.01346,4.0,0.0538,0x57...dc92,https://bscscan.com/tx/0xfb6b634a8965ccf97b908c26e41f79d9ef927a70fd3200df60c70806b86e56ac
2023-03-28 22:44:29,True,4.22,0.01344,35.0222,0.471,0x2d...7822,https://bscscan.com/tx/0x318766d07954726951dadbf0f5c7f84b7ef6f77feeb0bd8aa5f14049f5b43317
2023-03-28 22:43:50,True,4.2159,0.01343,2.79941,0.0376,0x34...8793,https://bscscan.com/tx/0xceef77f93596fad9ccd343f9f9935bcd3fef14b457bc6b1147f2514411a48259
2023-03-28 22:43:35,True,4.2365,0.01343,1.8076,0.0242,0x34...8793,https://bscscan.com/tx/0xf869aea594d4819956c0a61dd2459a3743dbcec2d20161dd15ddd50b42b15ae9
2023-03-28 22:43:23,False,4.2247,0.01339,83.7477,1.1219,0x8c...cfff,https://bscscan.com/tx/0x01103cfde0ba2ede2a918a038308d03145f301e37a1b00b2936577ec452efdd5
2023-03-28 22:43:02,False,4.238,0.01343,31.2467,0.4199,0xda...6e1f,https://bscscan.com/tx/0x6fc1469018440d2d44ae706ba7c5d8e6ab4afa0d22fcb8b468400fedf321253d
2023-03-28 22:40:08,True,4.2561,0.01349,83.7477,1.13003,0x8c...cfff,https://bscscan.com/tx/0x550a62efb41d812965d04d5578033f3282bf98f54a51a6b2c35d29ba79978071
2023-03-28 22:38:26,False,4.2097,0.01341,69.6138,0.9337,0x97...2eaa,https://bscscan.com/tx/0xa144ba451bf04585759d2a997de80b9051abd2403b3dae0e33bfe2be1d4d8a9d
2023-03-28 22:38:26,False,4.2255,0.01346,66.6802,0.8978,0x52...1c7e,https://bscscan.com/tx/0xa44c18d7820c4ef4147b4f832e2b18052c97a2e311a8a870a7da2ede65202772
2023-03-28 22:26:14,True,4.257,0.01349,163.512,2.2067,0x52...1c7e,https://bscscan.com/tx/0x0c8357ca08b49f6f374210f69a35d6fd8429a26bb805e64f1f32f0f90a7ced81
2023-03-28 22:26:14,False,4.2284,0.0134,100.0,1.34047,0xf5...f968,https://bscscan.com/tx/0x955224e6086b92577523a3ea0f581d970ac8d9a05a2373d828329357c14189fa
2023-03-28 22:23:44,False,4.2229,0.01345,32.0643,0.4313,0x2d...7822,https://bscscan.com/tx/0xf80c2ea376004474611fa99dab3328e463394813af1be9c9cad01a9d38976a70
2023-03-28 22:21:35,True,4.2273,0.01347,152.236,2.05156,0x2d...7822,https://bscscan.com/tx/0x6c5e4b92d8c9544e04d194bf9674eeb99c935ffc85abc3b0f71133fa87608a9f
2023-03-28 22:21:35,False,4.2125,0.01342,225.0,3.02155,0x23...91f0,https://bscscan.com/tx/0x242038a733b7c37cfed05cb1fd8c6ee2e7b406d6e4070d1ec5c0d21a8f3de9b3
2023-03-28 22:17:50,True,4.2856,0.01358,6.59973,0.0896,0x2d...7822,https://bscscan.com/tx/0x2bf305171c507467015d46a25d08f0c52ea06775336337f9e63d8b7e22f51659
2023-03-28 22:17:50,True,4.2766,0.01355,68.6777,0.931,0x00...78d2,https://bscscan.com/tx/0x238b78fe5ca06411693c66091c9a0b14c58c5e7fcae2ddbacd51adfeb2cda6c0
2023-03-28 22:17:41,True,4.2411,0.01351,36.1576,0.4887,0x2d...7822,https://bscscan.com/tx/0x97247a9130800b6a9026c9fb308ff150b85d26a2ab0338c7ad80a6e924fc5e89
2023-03-28 22:11:44,False,4.2451,0.01345,44.5918,0.5998,0x2d...7822,https://bscscan.com/tx/0x4b60483c7049c73b96eb79c3b4a67fd4ba872ce032331dd5ceebdff6fca90713
2023-03-28 22:08:02,False,4.2342,0.01348,49.1823,0.6633,0x2d...7822,https://bscscan.com/tx/0x3d939db2966d5f36aeb8a188ff6d676d45b5f950df1606d40984d9bbf8848850
2023-03-28 22:06:26,True,4.2826,0.01357,3.55203,0.0482,0x0e...2f4c,https://bscscan.com/tx/0xdfbc3f577dda98af3ae459cd3549bb4dacc351d4c49cbfffca21c0dc5ed6f29b
2023-03-28 22:06:08,False,4.2457,0.01352,51.1093,0.6911,0x2d...7822,https://bscscan.com/tx/0x39bdde8019ec7a4ccb609c0a218739fe4c0adbebe963b5f6f670c9ebe4067add
2023-03-28 22:05:56,False,4.2525,0.01354,6.5572,0.0888,0x2d...7822,https://bscscan.com/tx/0x2ef0c425055dff597a39db5825fc796307cf3652604fca965443859ba3e55a05
2023-03-28 22:05:53,False,4.2592,0.01356,50.2082,0.681,0x00...78d2,https://bscscan.com/tx/0x11ce7d8b61a1123233ced0f7262810779e202a1e808acf536e79210b105371ab
2023-03-28 22:05:38,False,4.2909,0.01359,34.9174,0.4747,0x2d...7822,https://bscscan.com/tx/0x9d393a78ed1c669e2f6869b75aca7584072564f6474e679586e73f1cb65f5354
2023-03-28 22:05:38,True,4.3125,0.01366,34.785,0.4753,0xb6...4942,https://bscscan.com/tx/0xdd8244a9b7c9d0abd63089d01e99c39aef4c32de40d5e76cf35f307a985ddc97
2023-03-28 22:04:53,False,4.2706,0.01359,33.0312,0.4491,0x2d...7822,https://bscscan.com/tx/0xd351da73a7bbecc0dfe1eac393420157bc59de8d9c82e101fc4c2f109183a9df
2023-03-28 22:04:38,False,4.3031,0.01362,48.3407,0.6587,0x00...78d2,https://bscscan.com/tx/0x69b7901857503402a77a77ffd57be3e11697cf4c34e7b12deabc892a6b635d65
2023-03-28 22:04:35,False,4.3135,0.01366,39.2856,0.5366,0x2d...7822,https://bscscan.com/tx/0xecf9b036a842fa7a13ef4c28c5b6cc3bf30706d80f38adc35930912ded2db2df
2023-03-28 22:04:20,False,4.3199,0.01368,15.0,0.2052,0x40...83eb,https://bscscan.com/tx/0x74bea27d3df3471111db1a258a6c6690f097c52bc9c46c005bb88645dab6ffa6
2023-03-28 22:02:24,False,4.3042,0.01371,76.4467,1.04852,0x91...79fe,https://bscscan.com/tx/0xd0d15dc515b8be0c989f0a471b84144f78ffd95862640bfe16190fb38acd7821
2023-03-28 22:02:03,False,4.3197,0.01375,34.7658,0.4783,0x2d...7822,https://bscscan.com/tx/0xc2658aec59528c196796d3cb93d2560f5735811d19dccc94adaee1eecbecbdcc
2023-03-28 22:01:36,False,4.3323,0.01378,45.5964,0.6287,0x2d...7822,https://bscscan.com/tx/0xbbe2341ff66c898788d73ba9873e8c04b6cde34591713104231f58da7028620e
2023-03-28 22:01:00,False,4.36,0.0138,3.97452,0.0548,0x90...48cd,https://bscscan.com/tx/0x81d8019cd97b3a7b6c0eedd9dbea0c56e18f0d3167e501a70278fffbf0f3382a
2023-03-28 22:00:57,True,4.3536,0.01385,55.9904,0.7758,0xe3...d2ff,https://bscscan.com/tx/0x433ae6a8b4b39db26aeba1e1c80be3500a875133587681aa91e9bcb576481c46
2023-03-28 22:00:45,False,4.3273,0.01377,17.7107,0.2439,0xe2...431a,https://bscscan.com/tx/0x33aea2200960b36c08c2ad7b3b64c4aefda833952cfca9862ac7ba231e01b008
2023-03-28 22:00:45,True,4.3418,0.01381,76.7896,1.06119,0x2d...7822,https://bscscan.com/tx/0xab905be14cb9d019c5bfa6c46a71aa9af1ba54baaf8aff36058db49f2c73f0be
2023-03-28 22:00:27,True,4.3263,0.01377,50.875,0.7005,0x0e...7558,https://bscscan.com/tx/0x55cc7bf80fc9da4161686dc510799f78e030d3348e957d7a3f0f76fbf6c87e1c
2023-03-28 22:00:24,True,4.3313,0.01371,86.7187,1.18958,0x2d...7822,https://bscscan.com/tx/0x160686dfbdcdc7a8d96cd8001fb0208a4b5ffbe8dd5a226ca46b9311276c5fc4
2023-03-28 22:00:18,True,4.317,0.01367,32.4934,0.4442,0x2d...7822,https://bscscan.com/tx/0xbc11473944c44e8dd2bd9020f3a1d80ee5a0a7c065bd395c4e995107bc14862b
2023-03-28 21:59:27,False,4.2959,0.0136,36.8369,0.5011,0x2d...7822,https://bscscan.com/tx/0xfa1d4dc37f57f1e41b99438b82a1fabefb693fa3c592a5421d8c167aaf3b08b0
2023-03-28 21:59:12,False,4.2813,0.01362,21.582,0.2941,0x2f...e155,https://bscscan.com/tx/0x2469a1f68200da7bcc78551bbd450999803ffe5729856802a336ab87108fb4f1
2023-03-28 21:58:33,True,4.3221,0.01368,41.2454,0.5645,0x2d...7822,https://bscscan.com/tx/0xf08cb3a8b05bc198036c54c38aaf190054dd3f210ecefbec3ec596788d47a750
2023-03-28 21:57:39,False,4.2806,0.01362,54.626,0.7443,0x0c...8533,https://bscscan.com/tx/0x8fac791efebe299c207bfc9758590104072dbad2fa5c21e08769f7782e43640c
2023-03-28 21:56:27,True,4.3199,0.01367,98.344,1.34505,0x2d...7822,https://bscscan.com/tx/0x10924ad37344fc98fd8fc4d0587580c4228dd519c21169fc3ce916719ec03ca3
2023-03-28 21:56:06,False,4.2919,0.01358,46.1266,0.6268,0x2d...7822,https://bscscan.com/tx/0xf8ab9596c17f6824e5f8b7b92974504e77dade22c58bbbe807cf7de6709d1236
2023-03-28 21:55:57,False,4.2978,0.0136,3.08422,0.0419,0x36...9f55,https://bscscan.com/tx/0xe7b0cfca8bc93c768ad7554af96be8d73a69181ef8c25990e238b197978e084b
2023-03-28 21:55:45,False,4.2756,0.0136,0.3463,0.0047,0xc1...7993,https://bscscan.com/tx/0x776354b9bea6bd5d06db130ed3c9e036f7e28f746353016582dcb0e961454d14
2023-03-28 21:55:24,False,4.2795,0.01362,32.3847,0.4411,0x84...3a88,https://bscscan.com/tx/0x0e56def78f7e0f14cff5f54239fcdc7c4acf62be5d2fae493f2e9a7e16cc5b38
2023-03-28 21:55:24,True,4.2818,0.01362,193.251,2.63371,0x2d...7822,https://bscscan.com/tx/0xd31c75576f3d6d5239ba097fc5da9722f685a07ba06e64d2998e02dc022d050a
2023-03-28 21:55:21,True,4.2535,0.01353,46.535,0.63,0x43...fe22,https://bscscan.com/tx/0xb8cbceeb0c1f02ba473e78af7d728f4b78b7cfa0fea1e147e5f44af1be4f0c6a
2023-03-28 21:55:18,False,4.2305,0.01346,31.4206,0.423,0xb1...bb2b,https://bscscan.com/tx/0xa656f9d710621fb027aec10c1459fee489bfd81f502f72aca9e737af1805d06a
2023-03-28 21:55:18,True,4.2476,0.01351,66.5636,0.8999,0x2d...7822,https://bscscan.com/tx/0x78cfa1e89b761dba508ef5f20541884605f994944a25d983070ab9364f4e6ee0
2023-03-28 21:55:18,True,4.2191,0.01342,178.07,2.39124,0x00...78d2,https://bscscan.com/tx/0xffae0b020b656728fc0a12e5e6ceecacd9076cc093e24ea254687a4e1e744fb0
2023-03-28 21:55:15,True,4.1977,0.01336,6.63608,0.0886,0x2d...7822,https://bscscan.com/tx/0x097f27c560b5cedd827d74438c90433fb22b7223de87e19384f2689f33aded10
2023-03-28 21:55:15,True,4.1902,0.01333,58.3524,0.7782,0x05...7eea,https://bscscan.com/tx/0x95817d937b9b2d9d744c1de16702d4069589f768a34e357a297df11f94469334
2023-03-28 21:55:09,True,4.178,0.01329,47.3611,0.6298,0xca...34d7,https://bscscan.com/tx/0xcf761f9bbecfe8ecf6488a16d232fc2f9205865c98fa9c4a8fd1fafe7ff12680
2023-03-28 21:54:54,False,4.1508,0.01321,0.5142,0.0068,0xc3...8e1f,https://bscscan.com/tx/0xc1d4647046138592ba8ba1b0cb2dc336d6052bf0380476359c9bee73456eab15
2023-03-28 21:54:21,False,4.1509,0.01321,0.3441,0.0045,0x89...3571,https://bscscan.com/tx/0x6c2287bea9312909783721338a4edd9596f994c667e1fcbe3dcf2620d0aba2fb
2023-03-28 21:54:00,True,4.1544,0.01322,152.554,2.01774,0x52...1c7e,https://bscscan.com/tx/0x0ac958563c8ecc3064681fbc8931495904eae89a51fdb10f67f58b5e23900a5e
2023-03-28 21:53:57,True,4.1331,0.01315,36.4665,0.4798,0x2d...7822,https://bscscan.com/tx/0x2167454d5bbe47a0c7388d3a36a9fa1827889236657a862ba60533d9eb40ba0b
2023-03-28 21:53:18,True,4.1463,0.01313,29.6913,0.3899,0x2d...7822,https://bscscan.com/tx/0x44722d08d2a0fee652d482f191d0ffc4fe38fdff460fe9b3317187873027afea
2023-03-28 21:52:54,True,4.1508,0.01317,104.337,1.37424,0x2d...7822,https://bscscan.com/tx/0xd60e30536616e7ab4105959e5c2b94b6dc6193e86a9ec275b27e297dd02d4210
2023-03-28 21:52:51,True,4.1261,0.01309,114.873,1.50401,0x2d...7822,https://bscscan.com/tx/0x09856c0e15970f3dcc6310d802939a0497fdf3921060c2a23eacc3d77f802f09
2023-03-28 21:51:39,False,4.0582,0.0129,3.78,0.0487,0xe5...4cf7,https://bscscan.com/tx/0x8b1f339c2d7fd08585eebfec327f0e105c311ee53753e87fa77b24fa298ae336
2023-03-28 21:51:27,True,4.0714,0.01294,68.3056,0.8843,0x2d...7822,https://bscscan.com/tx/0x5af990f99277dce3e31126dac386a6ebe52333f9a9fbb5a27bad3ad00be9074a
2023-03-28 21:51:24,True,4.0588,0.0129,44.3221,0.5721,0x2d...7822,https://bscscan.com/tx/0xb31bd7ed06a6b007c3a3d445c2f0fddeb950fdf1e993abddb107563ede350317
2023-03-28 21:51:15,True,4.0537,0.01289,2.1563,0.0278,0x2d...7822,https://bscscan.com/tx/0x7ebf623f2ee6c99fe3fe293bacdbff14c136433a1a039e4ab0f3d7816a66b49a
2023-03-28 21:51:15,True,4.0477,0.01287,53.3705,0.687,0x00...78d2,https://bscscan.com/tx/0x6f807f0cd3116ca21d5925a83afc9b8283aa4719b89cefb42e1c9610d0cf6d76
2023-03-28 21:49:48,True,4.0401,0.01284,16.1562,0.2075,0x5b...2326,https://bscscan.com/tx/0xfa143de4f75102bc49540e4e05e89da911b83fddc07a3ad3b47d35d8b4803e5b
2023-03-28 21:44:54,True,4.0139,0.01283,34.7066,0.4453,0x2d...7822,https://bscscan.com/tx/0x34376180b5fae37358d09dc19a7877a3b29bd05dce70040f0e7fcae7177e071f
2023-03-28 21:43:12,False,3.9904,0.01275,1.31564,0.0167,0x1d...f269,https://bscscan.com/tx/0xc1af2046ce02d1a30783f0a664594c1754cc2db9dcb6edde06e4b716931ab5ef
2023-03-28 21:42:45,True,4.025,0.0128,53.6812,0.6872,0xca...34d7,https://bscscan.com/tx/0xa090a2b03fdc14fd4924814d2e9f43ccb63a1cbfcdb1f54615a14ffab8ba83d2
2023-03-28 21:37:36,True,4.015,0.01277,38.1731,0.4874,0x2d...7822,https://bscscan.com/tx/0xbd059bb013e94614a30a38784aecee867a63bee9d7445d6aa3cdefb46a12ecab
2023-03-28 21:33:30,False,3.9895,0.01269,6.77849,0.086,0x2d...7822,https://bscscan.com/tx/0x0291befe1c32b097f2a6e54d1732cca514d9e287b4aea1f74478307025084df0
2023-03-28 21:33:30,False,3.9958,0.01271,51.7562,0.6581,0x00...78d2,https://bscscan.com/tx/0xae6c40a1e802c27577959ef38575aa6b982845635211a137125a42c76c8b46fc
2023-03-28 21:32:15,False,4.0053,0.01274,37.383,0.4764,0x2d...7822,https://bscscan.com/tx/0xe3c2e4f43931010cb75fd0aea04cf0f52a57d02eaa38d2ca9ea3edb5f6954d9d
2023-03-28 21:29:45,False,3.9898,0.01276,6.73547,0.0859,0xd0...b0e2,https://bscscan.com/tx/0x1dabbe895d1f5b9da7ffc651e97955cdf08f9a94de52d8dd95a1734225f1f4ae
2023-03-28 21:28:45,False,4.0152,0.01277,43.1708,0.5516,0x2d...7822,https://bscscan.com/tx/0x568a84f63a0ffddbf952bceb2c607008cc47b5f7d770285b35a6b4db0148cb04
2023-03-28 21:28:27,False,4.0237,0.0128,35.4357,0.4537,0x2d...7822,https://bscscan.com/tx/0x315d6240e0c8163cfcdf0fca6000075a8acf842b3710315d0fed844c58f7b1c0
2023-03-28 21:28:18,False,4.0166,0.01284,84.4731,1.08518,0x11...a5bc,https://bscscan.com/tx/0xd74af49bf6aa29d8cc25ec9f0125c20d145381254252392bf53c44a004335b30
2023-03-28 21:28:18,True,4.035,0.0129,100.0,1.29053,0x4f...a7cf,https://bscscan.com/tx/0xca86691482ca6e280f0cd2244645df1b7cd832c49220ad0244a44ec4b9e413f6
2023-03-28 21:28:15,False,4.0042,0.0128,1.74552,0.0223,0x2d...7822,https://bscscan.com/tx/0xa85d766c187a0792f7639e0f0a54d307f3457a68ad0d9447d8034195c5ded207
2023-03-28 21:27:30,True,4.0218,0.01286,24.7526,0.3184,0x1c...7d73,https://bscscan.com/tx/0x409bdf42a09a147f13db431bb2a4b4f2c6baebee55510987a801df7fd69a8d1c
2023-03-28 21:25:54,True,4.0304,0.01283,71.3233,0.915,0x2d...7822,https://bscscan.com/tx/0xb54c37bf36d94b2751446e395c12dc71519118ac5d1a638391a7255103cfba4a
2023-03-28 21:24:15,False,4.0066,0.01275,32.5514,0.4151,0x2d...7822,https://bscscan.com/tx/0x37a36533116ee3d57c2854e1d03ae137c42ac7ad1b0aa77531e84f066ea1c1d2
2023-03-28 21:24:06,False,4.0298,0.01282,182.921,2.34629,0x2d...7822,https://bscscan.com/tx/0x213f906cf0ed53d745c86f020b76e7dd03a91d4580f8836b7c2028c051bd2476
2023-03-28 21:24:06,True,4.0478,0.01288,202.002,2.60263,0x2c...2e87,https://bscscan.com/tx/0xd760f811392a3cae9e50480b2ca2618f5ffcd9f97865cf6b4e5ae52a9b6e2bed
2023-03-28 21:22:45,False,3.993,0.01276,36.3726,0.4642,0x2d...7822,https://bscscan.com/tx/0x40a6860a82a282e9064a548a6916f68a708d5cc2906c304da40217ac9b7ae30e
2023-03-28 21:22:00,True,4.0149,0.01282,35.7157,0.4581,0x2d...7822,https://bscscan.com/tx/0x12a3d7e26047ead94b9dc81d779c407d1b65ca07f53e14ffffca83da155455c0
2023-03-28 21:21:45,True,4.0259,0.01279,46.6627,0.5972,0x2d...7822,https://bscscan.com/tx/0x4dd7333af1b62e789089e3c0263a932d575ae5514706b31e816069183ca85c93
2023-03-28 21:20:15,False,3.9874,0.01273,41.6756,0.5306,0x2d...7822,https://bscscan.com/tx/0x2489e58e07ebba9600691bfd8ce2d213e301ac9566241f9cbf163769577e299d
2023-03-28 21:17:45,False,3.9991,0.01276,39.9418,0.5096,0x2d...7822,https://bscscan.com/tx/0x1764d51105580c5613aed25dd65b5567b8830f29dd8b5c0eed3b1b769b0a06b0
2023-03-28 21:17:18,False,4.0278,0.01278,33.4431,0.4276,0x2d...7822,https://bscscan.com/tx/0xef136e7c507a7b4a33a60b5a7841c9e48ae29f7acf76ec9dd235250ff5c997ce
2023-03-28 21:16:42,False,4.0355,0.01281,37.3678,0.4787,0x2d...7822,https://bscscan.com/tx/0x54ca78a4bea3f0d245b6f0753e0cf426d569cad2e0c001a0d00fa78c088b19e4
2023-03-28 21:15:33,True,4.0348,0.01287,44.5781,0.5738,0x2d...7822,https://bscscan.com/tx/0x820db91f5a1f06b30f2262103211ec6cd6b8013fd8b61f5afc3fba5b98a9f16b
2023-03-28 21:15:17,True,4.0244,0.01283,53.3027,0.6843,0x2d...7822,https://bscscan.com/tx/0x31944ee283f1269a362c9b7ebc1a38c535dc0ef0d56a23f30b63ca8f3f4617ff
2023-03-28 21:13:43,False,4.0231,0.01277,39.9656,0.5103,0xd5...4de5,https://bscscan.com/tx/0x787529b749f93b21fd5d069277f90801e03bbbbf0ebd8f14087ae0719a6172d9
2023-03-28 21:12:23,False,4.0274,0.01278,3.0,0.0383,0x37...a0d2,https://bscscan.com/tx/0xff03d050281af0865e9a3b8660300e39467b30e109be2475c9eb913162ab8630
2023-03-28 21:11:04,False,4.0094,0.01279,35.3965,0.4529,0x2d...7822,https://bscscan.com/tx/0x276ec70680c4f3b227b860766078193898b53678c1ca502548445fc59dadfece
2023-03-28 21:10:46,False,4.0198,0.01282,42.2338,0.5416,0xda...6e1f,https://bscscan.com/tx/0x8545cdb8196cf322a61f82da4781faa614f717435df102e18a2d84f5d2375b76
2023-03-28 21:10:43,False,4.0247,0.01284,2.62606,0.0337,0x38...28dc,https://bscscan.com/tx/0x0697d4bc009bb09c7d8d6257e6122b67387bd89df961d2f6b991484f05f3a4d5
2023-03-28 21:10:40,True,4.0602,0.01288,47.4645,0.6117,0x67...b7c1,https://bscscan.com/tx/0x950cf72719bf9131c140e5e7d26c18d45a5a0b1555bd1c749f5585eb68f37b64
2023-03-28 21:10:37,True,4.0444,0.01283,97.2691,1.24878,0x2d...7822,https://bscscan.com/tx/0x9dc021b894e2eeb9e9b6a65a413f59a91ebae413be8c54e9b53e7da1138fbf22
2023-03-28 21:10:31,True,4.0289,0.01278,45.8371,0.5862,0x2d...7822,https://bscscan.com/tx/0x433b4074c36e52c544dc6c0d153e6943f7f8947479046d41f97afad3a320007e
2023-03-28 21:10:28,False,4.0039,0.01271,0.8102,0.0103,0xd3...7c49,https://bscscan.com/tx/0xcf5540b34dd1dae6924492dc2b0c1108efbf7aaf0bcdced3c5616322d5d859f8
2023-03-28 21:10:16,False,3.9854,0.01272,32.2441,0.4101,0x2d...7822,https://bscscan.com/tx/0x3be6821dcb823d823b26b098d12529f77117f770184f8d4cdcdc4774bc51356b
2023-03-28 21:10:13,False,3.9893,0.01273,4.25586,0.0541,0x90...48cd,https://bscscan.com/tx/0xf27339ccf1a604226146774bac55d8608fd7349551d041d31b162af4c96767d7
2023-03-28 21:10:04,True,4.0048,0.01277,64.7882,0.8277,0x11...a5bc,https://bscscan.com/tx/0xdc667c4ba1f6a55c11b4a76e3d95cdbc6f01a7383da8d39a6c240b9f6f919c5f
2023-03-28 21:10:04,True,3.9934,0.01274,42.2338,0.538,0xda...6e1f,https://bscscan.com/tx/0xb2287a34b8b6b6da6492c2a47f1bcc780325ebb26d4f116e9a0712e2c9cc8185
2023-03-28 21:10:04,True,3.9805,0.01269,78.0725,0.9914,0x00...78d2,https://bscscan.com/tx/0xe4189fcc0d2c423bf9ab9d966c1025d7c1b4dcf3fc87f0cdb2023de95ce4d40e
2023-03-28 21:09:37,False,3.9734,0.01261,7.03454,0.0887,0x46...3109,https://bscscan.com/tx/0xe4370f7885e0d8b83d618e30b85968272fabf62ef14ce77d637618124a179ecc
2023-03-28 21:09:37,True,3.9885,0.01265,52.7594,0.6679,0x2d...7822,https://bscscan.com/tx/0xa6e90ea3ea52caa45cbcdba472d791d03fae32aec622495307466fbca26547b6
2023-03-28 21:08:34,True,3.9589,0.01262,38.8393,0.4904,0x2d...7822,https://bscscan.com/tx/0x387bd2fe5d1c1abb1a7bda7e9a8981fea11f615e7a24445a3137975a9d624da9
2023-03-28 21:07:19,False,3.9587,0.01256,35.4539,0.4454,0x2d...7822,https://bscscan.com/tx/0x2be7b2d89b4c7b7bed37ed51e447b2c93057a2488c7b64f04a019270620eaaeb
2023-03-28 21:06:28,True,3.9783,0.01262,36.2584,0.4578,0x2d...7822,https://bscscan.com/tx/0xdf255b9f3f1406f4ef1d40f8c94a0fef8cd3de9b492f4c7afbe6bc2a27ea2524
2023-03-28 21:06:16,True,3.9676,0.01259,64.4222,0.8112,0x05...7eea,https://bscscan.com/tx/0x2a7bfbdae276c7c9f1acdb669168fa3132fcc2fc9be49d27eb3e49d9571c0195
2023-03-28 21:06:07,True,3.9368,0.01255,36.8672,0.463,0x2d...7822,https://bscscan.com/tx/0x1c58de26164872b45b0bc8fb5885946e869080dcb04a2087050c645f4192bc0e
2023-03-28 21:05:55,True,3.9284,0.01253,43.009,0.539,0x2d...7822,https://bscscan.com/tx/0xf22783c0712d68806cb26a828ff62c691271a82145a479840acc99e4734317ec
2023-03-28 21:05:43,True,3.9204,0.0125,34.9166,0.4366,0x2d...7822,https://bscscan.com/tx/0xaf310e2733c97c0b456cbc54ab451570d7654756d2742c9728edc40e08e3ce8b
2023-03-28 21:04:31,False,3.9184,0.01243,18.2609,0.2271,0x2d...7822,https://bscscan.com/tx/0xff66e7382e719c19202ea1c30fe04104c39699c701ac49b8f1c1fcc3e8c6946b
2023-03-28 21:04:04,True,3.9391,0.0125,10.3939,0.1299,0xdc...c6dd,https://bscscan.com/tx/0x7c7c30d8c9dcd41ddedd7c4f10b79d60d4b3aaa48972c6b449c97e5b02aa16ca
2023-03-28 21:03:46,False,3.9026,0.01245,37.7376,0.4698,0x2d...7822,https://bscscan.com/tx/0x7d2dd6c840dc04a879a0b066334b7108a41e1df1d57f523ef937bb5ce841d57d
2023-03-28 21:03:31,True,3.945,0.01252,5.06875,0.0634,0x50...531c,https://bscscan.com/tx/0xd6586d793c45c3b6205ebc24c4db18fc8dc6ba1d04568de7ba2d4c701fc440a4
2023-03-28 21:01:28,False,3.9094,0.01247,43.226,0.5391,0x2d...7822,https://bscscan.com/tx/0xc588d17f75991987836ff820376ba009c5298720fdc64402d2a95bfa812d53b2
2023-03-28 21:01:07,False,3.9181,0.0125,38.9545,0.4869,0x2d...7822,https://bscscan.com/tx/0x9c38f90163730609198d8cefbb2b88f8c55f42bda2a063436af1e7efe63a09e5
2023-03-28 21:00:13,True,3.938,0.01257,18.5486,0.2331,0x38...8af8,https://bscscan.com/tx/0x9504767d22aa027dcde3e57c90ddf4631e4498bc3a7fc68f36b1a6702ae959a2
2023-03-28 20:59:22,False,3.9387,0.01251,38.543,0.4823,0x2d...7822,https://bscscan.com/tx/0x82ccf8a51a8533b57e7d3728878f14b61742b280dbbab05c9392cbafc6682c0b
2023-03-28 20:59:10,True,3.9487,0.01254,129.962,1.63057,0x00...78d2,https://bscscan.com/tx/0x67b00ed19b0ac0fb950b153ebabe8795ce9c15f99a5e178cf453a778350afd40
2023-03-28 20:59:07,True,3.9338,0.01249,11.6588,0.1457,0x2d...7822,https://bscscan.com/tx/0xddeaafa6ec7415eb77fda8d6829e2d08f66f5f9fe393a4f4b3142773d1c30ad3
2023-03-28 20:59:07,True,3.925,0.01247,73.4419,0.9159,0x00...78d2,https://bscscan.com/tx/0x1c6b1422df804ef529abe667339866984d6720a16e7432d49002ed1e5a571369
2023-03-28 20:58:58,True,3.9147,0.01243,25.5444,0.3177,0xb6...4942,https://bscscan.com/tx/0xbf4fdc30576bcbb187bfe14167697435554365b4504b0af28b15526b1065f4dd
2023-03-28 20:57:31,True,3.8863,0.01241,51.8067,0.643,0x2d...7822,https://bscscan.com/tx/0xdb94ceb97b8cfe909a3950373c432ee0cfcaf77f8ebcd221cee09e28ae5fdad3
2023-03-28 20:57:16,True,3.8945,0.01237,57.6833,0.7139,0x2c...015a,https://bscscan.com/tx/0x41a9a6f21e10a2314d4342c10883b41900ef45f874a2d9f90c9dda3b642cd982
2023-03-28 20:56:31,True,3.8762,0.01234,35.6486,0.4401,0x2d...7822,https://bscscan.com/tx/0x03d56d43898303d12680b56b822029b7cd1c680aeb551c94e619562481bc35db
2023-03-28 20:55:49,True,3.8668,0.01232,38.8402,0.4786,0x2d...7822,https://bscscan.com/tx/0x4ad5823c90b833910181296f2d53619797a785ab2c2c6d4245d0bf5549a2a7fe
2023-03-28 20:45:48,True,3.8471,0.01229,38.7676,0.4767,0x2d...7822,https://bscscan.com/tx/0xa40fdc8a6ef071ed35934374283d188bfe05600b2b2ad67cbe5a1786f376b88c
2023-03-28 20:26:27,False,3.786,0.01222,4.89776,0.0598,0x49...9f87,https://bscscan.com/tx/0x2b2fe4dc4b3b070203185058ca4eceac5b124c28e3ef81192d64d03cda45b0df
2023-03-28 20:00:23,False,3.7946,0.01225,75.449,0.9243,0x2d...7822,https://bscscan.com/tx/0x413f9c3ea713a4866b3dc125fe42c1164b9ebcb798c04d66f8602825c6ce1a5e
2023-03-28 20:00:23,True,3.808,0.01229,130.643,1.60618,0xf2...b9dc,https://bscscan.com/tx/0xbe78c5887d97602c7533cdb954a637c94c82736da40d214311e71006f4fa28c5
2023-03-28 19:56:29,False,3.8009,0.0122,37.3634,0.4559,0x2d...7822,https://bscscan.com/tx/0x813f986927a32dfe3a413578a5488bea42f02527799f3d17ebfd469534e22f10
2023-03-28 19:28:45,True,3.7994,0.01226,44.5834,0.5466,0x2d...7822,https://bscscan.com/tx/0x34cdb2b629d2f165c04373a8c098691dbbd881c9081ee3c90d511c56bf626313
2023-03-28 19:26:15,False,3.7778,0.01219,37.1703,0.4534,0x2d...7822,https://bscscan.com/tx/0x0721e0205d2c850d454af2bb514da46ddc0f79a3afef8ac41a7de2366ad80a8e
2023-03-28 19:19:27,False,3.7895,0.01222,49.972,0.6109,0x34...7c76,https://bscscan.com/tx/0xa9c38b64c70c863779daed26b1127edd285071b2dc83bc17af1ffffa48e74ac0
2023-03-28 19:18:39,False,3.818,0.01225,41.4756,0.5083,0x2d...7822,https://bscscan.com/tx/0x04ec281d696adac4d65870f95c3e12039ee5de11b5d6f52d10ca4077cd9c00b3
2023-03-28 19:05:36,False,3.8069,0.01227,9.83288,0.1206,0xcc...f46a,https://bscscan.com/tx/0x6c0e3217fd80b1dbaa2628652f21ae512fbd4874d522358c0e22b3ddf201ba07
2023-03-28 19:03:36,True,3.8412,0.01231,55.5438,0.6842,0x2d...7822,https://bscscan.com/tx/0x23ddd73b401aa03b97ff0f433667fe2b58c80c847f71c8baf0cbad7177236de7
2023-03-28 18:59:12,True,3.8293,0.01228,54.2485,0.6663,0x00...78d2,https://bscscan.com/tx/0x5b97fbdfdae5401c14d41bf6eb59bf3d9291676874dfd123aa196feb6fc66a18
2023-03-28 18:51:18,True,3.8198,0.01225,33.3,0.408,0x2d...7822,https://bscscan.com/tx/0x99fa05f8f6f9420c4fcc77dcf19739e48dd7b926b61bbbd59d5a6328f32d28c2
2023-03-28 18:50:51,True,3.8123,0.01223,40.0306,0.4896,0x2d...7822,https://bscscan.com/tx/0xd6efa4065b88a91fdbe55e16467761279614fc54b628dc8ab4e236edf821c4b2
2023-03-28 18:31:20,False,3.7937,0.01217,50.791,0.6183,0x3e...a7c8,https://bscscan.com/tx/0xd0bcccb13781d009fcf6c95002158df62c574fc18a42b6491e3c994c365dd323
2023-03-28 18:25:41,False,3.7856,0.0122,46.4715,0.5671,0x2d...7822,https://bscscan.com/tx/0xf0f78f7da8414febe74b48951e74f2d9fdd06a884f347432fdc8a8e14a2622e6
2023-03-28 18:25:35,True,3.8004,0.01225,81.6012,1.0,0x25...abbc,https://bscscan.com/tx/0x4f9433e18c9e29e06c8bd488a68381d0cc885345e693940b7ede10b200d979b8
2023-03-28 18:21:20,False,3.7793,0.01218,61.9988,0.7555,0x2d...7822,https://bscscan.com/tx/0x80d9d12be92a5866ea451350cb3b6fd75df815e9b5ff3bdcb504bdf1c65b24a3
2023-03-28 18:10:47,False,3.7869,0.01221,34.1936,0.4175,0x97...d672,https://bscscan.com/tx/0xcec69f0cc5db2d66b1503c09e26e395b9b10205862810ca628aebd80761ae977
2023-03-28 18:09:41,False,3.7973,0.01224,51.1096,0.6258,0x2d...7822,https://bscscan.com/tx/0x56dc8be2fa792d56ef3fc91f6fd18606fd886591d011487640820bfa3fb44cad
2023-03-28 18:06:38,False,3.8074,0.01227,46.382,0.5694,0x2d...7822,https://bscscan.com/tx/0xbc640ce89e26706045f9516eb884db49a2d456e440ea530dcfa9bc8bac4f0072
2023-03-28 18:04:11,False,3.8356,0.0123,39.6599,0.488,0x2d...7822,https://bscscan.com/tx/0x13a9531998a316b26e2054c6b9cf960983310de6ac5125763c1d6b1d1ae0f682
2023-03-28 18:02:00,False,3.8441,0.01233,43.3258,0.5342,0x2d...7822,https://bscscan.com/tx/0xf38e6659a87a95c1c2fb6f9be37a1322084957613c88c41762b6e833ad2b0278
2023-03-28 17:59:11,False,3.8558,0.01235,36.3766,0.4495,0x2d...7822,https://bscscan.com/tx/0xc21e8367b02319030a32c73e2d780c095546095eb83d9cb30bff94fe0d7fea89
2023-03-28 17:58:29,True,3.8541,0.01241,53.8432,0.6684,0xcb...d4e5,https://bscscan.com/tx/0xcdd55a1adba0fe9b57c6b3c120c6c7882fe56b596f050d9d67631b25c440d23a
2023-03-28 17:58:02,True,3.8653,0.01238,26.7003,0.3307,0xcb...d4e5,https://bscscan.com/tx/0x36b8786629b342db7cd18cd042839efa2ce4ee99eff7dec9c8bdd1884789eb28
2023-03-28 17:51:44,True,3.859,0.01236,36.6543,0.4532,0x2d...7822,https://bscscan.com/tx/0xa9d014878cc4d23c9244cfd335bc395f881bf6141c34d2fa18818456c16834cf
2023-03-28 17:47:30,False,3.8411,0.0123,36.2853,0.4464,0x2d...7822,https://bscscan.com/tx/0x3e19e1c7e53cb1e29444234c7b07b7729a1015b95408b0d931e4bf2e1d2e662f
2023-03-28 17:46:27,False,3.83,0.01232,38.4252,0.4737,0x2d...7822,https://bscscan.com/tx/0xbb8b6f35d3a92d3b34f06559bc7c32f98b4f9b010851f16c67abcaff9209cde7
2023-03-28 17:45:15,False,3.8613,0.01235,39.1547,0.4837,0x2d...7822,https://bscscan.com/tx/0x73dcd4cda801da2b01acb9a39ea408207c4f6787a622c6eb33c7b8e99b1ff11b
2023-03-28 17:45:06,False,3.866,0.01236,6.93328,0.0857,0x2d...7822,https://bscscan.com/tx/0x4809af33ca14d46495b3e3298be1588bb56b16f98e022a4b55fd40fa5f082ec1
2023-03-28 17:45:06,False,3.8805,0.01241,134.356,1.66813,0x00...78d2,https://bscscan.com/tx/0xe1eecdb50ce114ee703a2cc4b575688c250187b490fe04800b271dbb15c187b8
2023-03-28 17:45:03,True,3.8809,0.01247,140.958,1.75854,0x76...9109,https://bscscan.com/tx/0x231f318f18676e34db93f397f1012e0d555d2938997536d98d231e5b857802e9
2023-03-28 17:45:03,False,3.8481,0.01237,10.4129,0.1288,0x2d...7822,https://bscscan.com/tx/0x3c0e9ea9603e0e321bac5634ce88f374694ee6657b133ca95381d37566e2edfd
2023-03-28 17:41:18,False,3.8731,0.01238,35.5883,0.4407,0x2d...7822,https://bscscan.com/tx/0x3828ca6e126836b93e7cc8c61937f1f8a7a94c80e806ddeceaf513634ced8e0b
2023-03-28 17:39:09,False,3.8772,0.01239,3.58,0.0443,0xe5...4cf7,https://bscscan.com/tx/0xbfb9b748f6907812ff15350744c4176f201e57a2f11d277589ea139611688b1a
2023-03-28 17:39:00,True,3.8697,0.01243,77.1399,0.9593,0xb6...4942,https://bscscan.com/tx/0x996b13430740f307242feb0bdb2a6a76184ef9f2d5a56cd1c04a69bbb7d2fc69
2023-03-28 17:36:18,True,3.8567,0.01239,41.6627,0.5165,0x2d...7822,https://bscscan.com/tx/0x11277dd17556cfeb3ade78988d78f5faaa4cfa5da3b954881a8a4be259dcd410
2023-03-28 17:36:09,False,3.8345,0.01232,12.3581,0.1523,0x38...28dc,https://bscscan.com/tx/0x48aebf31e4295ff24466a7d0823259d4b97cfaaa258b79367e36aba2f05555b9
2023-03-28 17:36:00,True,3.8483,0.01237,63.8021,0.7892,0x2d...7822,https://bscscan.com/tx/0xc5605e9d7913fb5a4ae9a7a1291e756c175d0bee514520574356e0af414486ff
2023-03-28 17:35:54,True,3.8416,0.01234,1.99702,0.0246,0x2d...7822,https://bscscan.com/tx/0xc5ae3ba19cdbcaee624d2b86bd1f3e2d3c82f38fe4cc1ae6aa6bb9d9c48767d9
2023-03-28 17:35:54,True,3.8361,0.01233,52.3653,0.6457,0x05...7eea,https://bscscan.com/tx/0x83c4fb9467a1763ba47ca987901267f7acbda0a760f8e8e8a1d810ec6794f723
2023-03-28 17:35:48,True,3.8454,0.0123,44.5977,0.5485,0x2d...7822,https://bscscan.com/tx/0x0d7213972728ed52ecd5ac36aeb4c532260bc26be0ed8d176ef7ee52134dcb61
2023-03-28 17:34:30,True,3.8188,0.01227,37.4322,0.4594,0x2d...7822,https://bscscan.com/tx/0x3ba1a3af8dc1bbed9bfb790c159156378c01a59cdaf66e9da831130fcbe1466d
2023-03-28 17:32:03,True,3.829,0.01224,39.2821,0.4811,0x2d...7822,https://bscscan.com/tx/0x6185cbee57a2a3f1392b1ba622afddf31c98b935b9fcaffbfaa8bc938fc19fc0
2023-03-28 17:27:54,True,3.8017,0.01222,35.7177,0.4366,0x2d...7822,https://bscscan.com/tx/0xd44a9648164b95225bedb3ccbc3f357ea3474f1f1cd646c787db234695a225b2
2023-03-28 17:26:09,True,3.8118,0.01219,52.0129,0.6343,0x2d...7822,https://bscscan.com/tx/0x5ab89de5eb92838dc33241665029a66ea6597857ca3ef06d477169a11c62e16a
2023-03-28 17:20:57,False,3.7776,0.01213,39.5648,0.4799,0x2d...7822,https://bscscan.com/tx/0x081b29f058610fe8b75012aadd352f5f4582dc0da0b300fb2a1546782250abdf
2023-03-28 17:03:40,True,3.7919,0.01219,48.6118,0.5925,0x2d...7822,https://bscscan.com/tx/0x62332ca9fa1e8665281256f63ec1654879453a30604aa82e1f8af2068640483e
2023-03-28 17:01:49,True,3.7835,0.01216,40.9073,0.4974,0x2d...7822,https://bscscan.com/tx/0x970eaa284d171fedb68fbfef732134d8a26cf8a64e7798b4c500e2ab77dac803
2023-03-28 17:00:13,False,3.7656,0.01211,84.1182,1.01902,0x76...4ba9,https://bscscan.com/tx/0x5b7e0a58413b3e78f9087c6c8d45bd655b3090d4c1e5a0f31114d4ded9cb7f45
2023-03-28 16:46:26,True,3.7846,0.01218,42.0112,0.512,0x2d...7822,https://bscscan.com/tx/0xecccae5a2cfac730528db64cb78e24957cd54f7dc476cf5533a7c5302b38ac7d
2023-03-28 16:45:29,True,3.774,0.01215,50.0301,0.6083,0x2d...7822,https://bscscan.com/tx/0x2172b80c2f1e193fc7c53ff4be0bd35cc8b8d3846624a9aa8e3665c8df415490
2023-03-28 16:34:08,False,3.7592,0.01209,43.4228,0.5252,0x2d...7822,https://bscscan.com/tx/0x6c72f0ad282af49736b7945c44a9c7255936ca9b1b5003704c6cb810998790cd
2023-03-28 16:34:02,False,3.7862,0.01212,40.5246,0.4912,0x2d...7822,https://bscscan.com/tx/0x84593f70341a5077e941e065b93009a162749535ab0bf3fbfb6e29b2bc44e35e
2023-03-28 16:33:50,False,3.7939,0.01214,37.1096,0.4507,0x2d...7822,https://bscscan.com/tx/0xfbb4978dc0d1e4dc1888774625ed95d9a02fa39d19685f63808958d0d7b737ab
2023-03-28 16:32:38,False,3.7836,0.01217,50.2887,0.6122,0x2d...7822,https://bscscan.com/tx/0xe95f69d23d4f0e3736e35a8d747d5226940d4aa6568dae1bd5083cb6fcb24fc9
2023-03-28 16:31:32,False,3.7933,0.0122,38.9675,0.4755,0x2d...7822,https://bscscan.com/tx/0x8cb975cdd2426918a33dd5747723041fa0c12167ba95e16da1ea3ce9e3195192
2023-03-28 16:31:17,False,3.8011,0.01222,39.6987,0.4854,0x2d...7822,https://bscscan.com/tx/0x5174ca046370eca0972a9b1ec968afc1ff7e01a7d8eedc66f7e9a8f58ecbcb6e
2023-03-28 16:31:05,False,3.8053,0.01224,2.44621,0.0299,0xbb...c106,https://bscscan.com/tx/0x09772b033de9aaa493888156bb4abd6a87c210130bedcb2f5269e5b1d5b32fda
2023-03-28 16:30:50,False,3.8247,0.01224,3.59209,0.0439,0x36...9f55,https://bscscan.com/tx/0x3d62c3a8460fd332dc8f2990413fdf4b747744ad204aa47fab3550e344deb2d6
2023-03-28 16:30:35,True,3.8407,0.01229,35.3879,0.4351,0x2d...7822,https://bscscan.com/tx/0x4f08580965fc0e72bcf3b2dd3382bf7d0277feccdfdc537484ce1fff8ca5a179
2023-03-28 16:30:32,True,3.814,0.01227,38.9765,0.4783,0x2d...7822,https://bscscan.com/tx/0xc888134f3f179487773008e476b643bafb89e50e08d93ffe21c018908fee8be6
2023-03-28 16:30:29,True,3.8065,0.01224,35.8382,0.4389,0x2d...7822,https://bscscan.com/tx/0x86bd309deb7d90c1bdce538b28dcd16f4e9b355076c40dc767dcfc018d684ba9
2023-03-28 16:20:26,False,3.7881,0.01218,45.4253,0.5537,0x2d...7822,https://bscscan.com/tx/0x8b609b9c92cc23164cae834ae1ec56188b95f4f8d930041bcd19e089a8d66103
2023-03-28 16:18:44,True,3.8062,0.01225,39.8608,0.4883,0x2d...7822,https://bscscan.com/tx/0x419c9c86233c06a216d87f9504ad24dfb8fab4a86a4783e155a45968273c78f6
2023-03-28 16:18:11,True,3.817,0.01222,40.639,0.4968,0x2d...7822,https://bscscan.com/tx/0xb66bcd1931310cbb4c46d7ef14b3102e5992981111fdd63e234096f99c7b05a7
2023-03-28 16:15:32,False,3.7784,0.01216,36.2145,0.4405,0x2d...7822,https://bscscan.com/tx/0xb2f01ae4e9377bfaf9074dfad4d84a4a777a9bf920ce9de092eb66bd31350161
2023-03-28 16:13:29,False,3.7798,0.01218,41.806,0.5095,0xa2...f9db,https://bscscan.com/tx/0xde0b996d0ee52d241b27aee6f53c95cd577042ddb58a03999c0842cb55720bb1
2023-03-28 16:11:32,True,3.7958,0.01225,41.7767,0.5117,0x2d...7822,https://bscscan.com/tx/0x244aceba17aee63a90457e37cef888316caf04573bbd858f44e59aa112afaa4c
2023-03-28 16:11:26,True,3.7864,0.01221,52.7739,0.6448,0x00...78d2,https://bscscan.com/tx/0x06a1565bd1cd704823a4d773ae1382b788bbaad94b6177b95cd795d15b37df80
2023-03-28 16:10:08,True,3.7916,0.01218,50.7283,0.6181,0x00...78d2,https://bscscan.com/tx/0x3dfda4e4246ab441669417611506a22bdbb81aad7bbb0c16c64b2a071cc8cb03
2023-03-28 16:09:20,True,3.7661,0.01215,36.014,0.4378,0x2d...7822,https://bscscan.com/tx/0x9333a3734bd962356473d8ac67cd9130cbe0bc74ed92afe41a776840a39fb9d4
2023-03-28 16:07:56,True,3.7753,0.01213,41.896,0.5083,0x2d...7822,https://bscscan.com/tx/0xb34de094d1a93c3f68c0c1abfa6ebe35f6e367cc60280f36abb2456162dc620b
2023-03-28 16:02:08,True,3.751,0.0121,36.2324,0.4387,0x2d...7822,https://bscscan.com/tx/0x93df68448f0a18c674a38f66d3178cdf0f0e3a7c6d86b2c6916ceb19467d6125
2023-03-28 15:36:30,False,3.7492,0.01205,53.4331,0.644,0x82...2196,https://bscscan.com/tx/0x0bedee1fb02399206e642125d37b4e52a3580631ea3a89febe83e78fff0e36f6
2023-03-28 15:34:09,False,3.7601,0.01208,53.7563,0.6497,0x00...78d2,https://bscscan.com/tx/0x1c0e7e1cb96ae549375b795df4be06f291620a8a08e8a7cb6c6fd0593ef7ff04
2023-03-28 15:34:06,True,3.779,0.01214,52.6805,0.64,0x30...6a14,https://bscscan.com/tx/0x359c66306227059e89d7b10955ba1af027138fcba684e0007180a88fc7c48ab3
2023-03-28 15:16:59,False,3.7662,0.01208,49.3812,0.5968,0x3a...231f,https://bscscan.com/tx/0x448f1ea862d11bdcbbba9b212bf08a4b111a43bfc71a02671437d21748c5937b
2023-03-28 15:15:53,False,3.7707,0.0121,4.68663,0.0567,0xfb...7936,https://bscscan.com/tx/0x1a3d096966119591d7044923d6d275b1aa9e9818fb0208bb053cb140d4dcbb76
2023-03-28 14:43:35,False,3.7673,0.01212,52.238,0.6332,0xc3...157a,https://bscscan.com/tx/0xf913bd53b1774eaaa92ac00b39518d7352a0c5dd52bc70590607f45b39a4716e
2023-03-28 14:35:14,False,3.7754,0.01214,31.6345,0.3843,0x11...a5bc,https://bscscan.com/tx/0x712c233d7ea5da3b983f9314c875f012843d8e3fadcb0f8af869d76b0eb8648b
2023-03-28 14:35:14,False,3.7917,0.0122,133.38,1.62742,0x2d...7822,https://bscscan.com/tx/0x4ef32e9ddfd22acb8e34443ee8b995b3756564253c4cf13e1c0c22801ffb326c
2023-03-28 14:35:14,False,3.809,0.01225,39.5215,0.4844,0xd5...b618,https://bscscan.com/tx/0x8a37a0f0fada52d09f2bd0ccf04e6b6d4f2ef81842b6acd20053237154371ff7
2023-03-28 14:35:14,True,3.8057,0.01224,262.536,3.2151,0x65...2c19,https://bscscan.com/tx/0xc24f518d9c50afabdc5eb2a4755dc74de3eba61477dec5bf7cbc8b482f1f51e9
2023-03-28 14:25:26,True,3.7699,0.01216,9.15466,0.1113,0x0e...b666,https://bscscan.com/tx/0xe34d41e4f0f225508071a8830f9eef81b2d7051122c01decc7a89cd30b5aa2b1
2023-03-28 14:23:50,False,3.7521,0.0121,36.4787,0.4416,0x2d...7822,https://bscscan.com/tx/0xbd10ac76521484429c86b1a03bedfb03a5f26481dbf68a7e45ffc7e507294900
2023-03-28 14:18:53,False,3.7642,0.01213,35.8085,0.4343,0x2d...7822,https://bscscan.com/tx/0x0b7e3f30066545f0102fdf4733071673526085eed997f0912aefb9b18f524ca5
2023-03-28 14:18:50,True,3.7859,0.0122,6.73547,0.0821,0xd0...b0e2,https://bscscan.com/tx/0x10fe24a6c543a57a3b4adc292efcf2237e12251245d3ca92de763dab65ad92b1
2023-03-28 14:13:17,False,3.7875,0.01214,36.0831,0.4383,0x2d...7822,https://bscscan.com/tx/0x85b12b4100e3d8826c6362dfa2c94bf087432b8f748c4948356a16d566b9d43f
2023-03-28 14:10:32,False,3.7767,0.01217,42.2626,0.5144,0x2d...7822,https://bscscan.com/tx/0x00cecbab4753d3f62a9672d7f67993155c1d642fc0d94cba4557e3f1fc14cb23
2023-03-28 14:07:20,False,3.8038,0.01219,38.3737,0.4681,0xda...6e1f,https://bscscan.com/tx/0x0a5555bf91e6efc699ccb85e64963ababcb90991a0836fb48a02eaf6655a7035
2023-03-28 14:06:02,True,3.8042,0.01226,38.3737,0.4704,0x91...79fe,https://bscscan.com/tx/0x9861902cc5d2d932584122de3da38decca4e8778679ddcc85326c1e4aeb47f97
2023-03-28 14:05:56,True,3.8135,0.01222,59.9846,0.7335,0x2d...7822,https://bscscan.com/tx/0x98b06d0842bf49f2cad42593adac18c8fffc89dfa43782051a4a32c17d8fac01
2023-03-28 14:05:53,True,3.8025,0.01219,50.2089,0.6122,0x2d...7822,https://bscscan.com/tx/0x8076d1bd392c47a023d652e1f73545fb098afb97b8fb9e98f741e5f3fb286941
2023-03-28 14:05:47,True,3.7936,0.01216,38.3684,0.4667,0x2d...7822,https://bscscan.com/tx/0xf1e8c17e52d12925b3a3a6e4e67e06d05b4ea5836666a731dec1b5203e79abec
2023-03-28 14:05:44,False,3.7712,0.01209,3.15522,0.0381,0x0e...2f4c,https://bscscan.com/tx/0x8ef9002972572d853035fa46a892cac618d0dad6add9e8910b6836130c25e274
2023-03-28 14:05:29,True,3.7651,0.01213,64.8136,0.7864,0x2d...7822,https://bscscan.com/tx/0x83bfd9bcdc8d0410e32894db7efb4dc6d60610f873617a6282d9f19b60b22fee
2023-03-28 14:02:08,True,3.7757,0.01211,6.93206,0.0839,0x2d...7822,https://bscscan.com/tx/0x04bdc8eb9dd8b1695bfb1d1621fa44d14d71d768b034898d8ec5a2a354083a29
2023-03-28 14:02:08,True,3.7672,0.01208,79.3,0.9583,0x00...78d2,https://bscscan.com/tx/0xb5b2420695bd9dc5331b942035a9f5505caff723f09f210a9053617e2f4f75e0
2023-03-28 13:49:32,True,3.7442,0.01204,40.3479,0.486,0x2d...7822,https://bscscan.com/tx/0x8c22245a2fe51013f7b27d6b4d5819685adf3e0b1ff7e2df13ed162343b1fa26
2023-03-28 13:32:44,True,3.7348,0.01202,16.0754,0.1933,0x35...c197,https://bscscan.com/tx/0x78d797031b11c9ac0abbe821e0ab3faf98a42b31c64a45126df7061fc0666256
2023-03-28 13:28:20,True,3.7258,0.012,70.9691,0.8517,0x05...7eea,https://bscscan.com/tx/0xec39958f2b7d880e2941d0b81385e3b387eaa98a158bfaf1fa1aa3bec88dfbca
2023-03-28 13:26:02,True,3.6989,0.01197,7.92875,0.0949,0x81...332b,https://bscscan.com/tx/0x5cfc134195f6c81b419d28b75ce759168ca6e0a7920bb77659443f1c2d4bee21
2023-03-28 13:12:43,False,3.6682,0.01191,3.69667,0.044,0x2d...7822,https://bscscan.com/tx/0xcb4bd141dcc932f4f22d5c5b17f03f7ac7835ff140ae137526aa4195b66d67e3
2023-03-28 13:12:43,False,3.6783,0.01194,102.039,1.21926,0x00...78d2,https://bscscan.com/tx/0x0cdfc71aa1eedf2bf2260ff8cc72c3a78a97ba3b4adc0f564f34d58173ddb274
2023-03-28 13:12:40,True,3.6923,0.01199,166.964,2.00265,0x23...91f0,https://bscscan.com/tx/0x6a61181e38d23409919bd85c4111aa1801604671c5de899f7777fd94c6e822e9
2023-03-28 13:01:25,True,3.6902,0.01193,16.8335,0.2009,0x3a...b3e8,https://bscscan.com/tx/0x1b0d7e8b99d81421e28943d46ea69ba62e60242d73f83a5752c36e542f2eae30
2023-03-28 13:00:43,True,3.6853,0.01192,19.3806,0.231,0x3a...b3e8,https://bscscan.com/tx/0x8a5889271f1b0a8b465e43afc530988055c24aecc41fae0459a471937b826ce9
2023-03-28 12:58:01,True,3.683,0.01191,3.33522,0.0397,0x89...3571,https://bscscan.com/tx/0x1616d416912209de6ee456e6e56cd301d7c2d012ebb126eb3070d7e826db3cc1
2023-03-28 12:57:46,False,3.6715,0.01187,79.2669,0.9414,0x2d...7822,https://bscscan.com/tx/0x00ed8ff2a275fc36ebc7b2db05d38f08cec25d06439b2c8284d2cfd121c07982
2023-03-28 12:46:04,False,3.6694,0.01191,38.8814,0.4632,0x2d...7822,https://bscscan.com/tx/0x3a7f9ed65b0c77d24045a57fd265160a570e1002d405828cbb092cdfee1e94be
2023-03-28 12:40:49,True,3.6953,0.01198,2.69115,0.0322,0x08...4ae2,https://bscscan.com/tx/0x982a111923254fff4640b307c286c11bf987316acb92edf67ef812818cd68601
2023-03-28 12:39:43,True,3.6949,0.01198,0.1669,0.002,0x5b...e0d7,https://bscscan.com/tx/0x06102cc64a0037b2dbdf7014963e0be9482c700c55422a61490416d45c332339
2023-03-28 12:26:37,True,3.713,0.01196,54.5014,0.6521,0x2d...7822,https://bscscan.com/tx/0x6b3f541b5177516032fdaa65274644af15b6519a8cc9c355a92cce8eb1e3cbae
2023-03-28 12:24:22,True,3.705,0.01193,53.6671,0.6404,0x2d...7822,https://bscscan.com/tx/0x8fbaced1c7c0857e5b0f9da8f8d1338628096694fb6fff7ccde3de61b6a87b36
2023-03-28 12:24:22,False,3.6877,0.01187,66.7161,0.7924,0xb6...4942,https://bscscan.com/tx/0xad023161791190d0cbd3013297c6401f8b469f2c0e8c49e0fe755b6c3f8ce8a5
2023-03-28 12:21:37,False,3.6951,0.01191,49.6003,0.5909,0x2d...7822,https://bscscan.com/tx/0x15150c6bdb893c2f692d5ba8bee5e73127cbe3aaa3bcb9c764904148670f6365
2023-03-28 12:04:19,True,3.696,0.01197,44.7122,0.5354,0x2d...7822,https://bscscan.com/tx/0x90a8c6b1a8a45cbca796c4c1d4ee625f32ebfb88e73f9cb29d93b03bcf2c78af
2023-03-28 12:03:25,True,3.7062,0.01194,41.9218,0.5008,0x2d...7822,https://bscscan.com/tx/0xf7b506e8c6b44b786a11742f900e51e427c2766ae2cebc8539a6a9fb86b94f46
2023-03-28 11:47:40,False,3.6933,0.01189,51.7383,0.6152,0xb3...55e7,https://bscscan.com/tx/0xcfec650c5ec7615a49698bbb3b277a6825e9b666dfa071501b40ab59bc03ab45
2023-03-28 11:39:34,False,3.6859,0.01192,54.109,0.6451,0x34...7c76,https://bscscan.com/tx/0x6e22a0c5b6f53bf4d528b8c52398e8854fb4d568d6dd3aa2d7731d0556a62708
2023-03-28 11:32:13,True,3.7084,0.01199,13.3852,0.1605,0xca...468e,https://bscscan.com/tx/0xccb8ae8c9963091585167d7a438341ee38d060f0cb03e8766f3d63f5b3fb7711
2023-03-28 11:27:43,True,3.7073,0.01199,1.65245,0.0198,0x3a...b3e8,https://bscscan.com/tx/0xc1d867554f320e7324e97a4d87e8d287144aec10eb5a28fbcaa4e8f6e4091f68
2023-03-28 11:07:29,False,3.6914,0.01194,42.3135,0.5054,0x6f...5b3c,https://bscscan.com/tx/0xc75beea95c9217b9957d0d8c4ed67dc6a64b60741581a3b8712e4f3a39a033c6
2023-03-28 10:51:59,False,3.6962,0.01197,53.6491,0.6423,0xc3...157a,https://bscscan.com/tx/0x33277b757874156b5da1282a7d38208626031cb61b30379a79cfde1451d27c4e
2023-03-28 10:49:23,True,3.7356,0.01204,5.6872,0.0685,0xee...2cad,https://bscscan.com/tx/0xe80c0bdfe8c477f7f24ed893dffb2d7bbdde626846e4b0e5693665848faf3dce
2023-03-28 10:40:28,False,3.738,0.01205,202.271,2.43746,0xdb...8aba,https://bscscan.com/tx/0x905aeb88d0f72bc2e18a8b3d8c058f8e2c313321cbad52e44a3ddee7f98d9c4d
2023-03-28 10:40:28,False,3.7724,0.01216,148.279,1.80327,0x2d...7822,https://bscscan.com/tx/0x629fcc5a594fa73acaa3045c08c98a4aa5b63b893f556a8e76d70a7f0ceaffac
2023-03-28 10:40:28,False,3.7914,0.01222,43.7891,0.5352,0x73...d8c2,https://bscscan.com/tx/0xea5f8227d6bc77dddb36c6d20dab9f44a52d4eb38e4d46db288f3d99a53e5275
2023-03-28 10:40:28,True,3.7687,0.01214,464.199,5.63973,0xb3...b7da,https://bscscan.com/tx/0x4efcf2fd3c5438935e847d5ac8182bc5d5d3aad89797f47639fac044cbaca9ca
2023-03-28 10:28:20,False,3.7003,0.01193,3.0,0.0358,0x30...e6e1,https://bscscan.com/tx/0x682f7d83f8dc458aa4e8ae2ee18a6d4981e56ca136df6b5c2734047004377e49
2023-03-28 10:24:15,False,3.6999,0.01193,2.0,0.0238,0x30...e6e1,https://bscscan.com/tx/0xc828d550460865e175b4c1cd73c05e4c760644f32281a2ea9eb4eef1f3423b2a
2023-03-28 10:23:39,True,3.7017,0.012,2.24903,0.027,0x55...03de,https://bscscan.com/tx/0x270815d76bde7bbfe084d353f36343b9537911526429294b1054daa8b87da36b
2023-03-28 10:21:30,False,3.7109,0.01197,93.6481,1.12131,0x4a...7603,https://bscscan.com/tx/0x64037116865b5c8f37eaf4796d9b7516019fae2e606e9bcf759b4690aaf148d4
2023-03-28 10:18:10,False,3.7058,0.01201,37.23,0.4473,0x2d...7822,https://bscscan.com/tx/0xeb74e305f265603d9a9f967d09a234c64e8cec5e6bd22bc50e2b1fbd6875cedc
2023-03-28 09:59:10,False,3.7372,0.01203,36.0968,0.4345,0x2d...7822,https://bscscan.com/tx/0xde3058db0bb25d5534a2594e37794d30b8dff059ff4f2c36f7bd40a7b3cf71b1
2023-03-28 09:58:49,False,3.7443,0.01206,36.0047,0.4342,0x2d...7822,https://bscscan.com/tx/0x70713479cc369bc3ef0534fa5f8947e752e86d674145deaf5d56dc76645a2a3e
2023-03-28 09:48:19,True,3.7722,0.01212,36.2623,0.4395,0x2d...7822,https://bscscan.com/tx/0x52fe6681c2dc6f2b4ba34cd12baef9e6810be2d232d00238ed618cc9aefe9104
2023-03-28 09:45:03,True,3.7639,0.01209,36.7745,0.4448,0x2d...7822,https://bscscan.com/tx/0xe9396b776c9889facd117523a387bce1358be22a94fed4e650154e88326ab9ee
2023-03-28 09:39:30,True,3.7371,0.01207,36.8951,0.4454,0x2d...7822,https://bscscan.com/tx/0x5b5a8ab6c04246996cdb0a0103c44cb389dfa34c7b4525f731b8f099485b099b
2023-03-28 09:35:27,False,3.7318,0.01199,2.48,0.0297,0x30...e6e1,https://bscscan.com/tx/0x7c49a0a44f1178409b689b6439aee639ab1615f88674be5299544b901064f607
2023-03-28 09:12:51,False,3.7439,0.01201,37.0852,0.4455,0x2d...7822,https://bscscan.com/tx/0x2a892f8651470eedaf978cbdee50dba2b304aa256bda7a1badd6b41300ee164c
2023-03-28 09:07:57,False,3.7536,0.01203,37.002,0.4454,0x2d...7822,https://bscscan.com/tx/0x9a9986fccc682c49b50c06b64156bd93a54d808260c2cbb5a33b10e362b92868
2023-03-28 08:44:42,False,3.7418,0.01206,36.6926,0.4425,0x2d...7822,https://bscscan.com/tx/0x91f99088fcdfe9489c3c8cfd108171cd59d82d19229b6e0b29a7b8f493c74433
2023-03-28 08:42:57,True,3.7784,0.01211,52.7109,0.6387,0x6b...a9ef,https://bscscan.com/tx/0xa19c4700a9604dca580995208cede5525626267e1aab5540d1644bf4344d9f9c
2023-03-28 08:34:23,True,3.7696,0.01208,37.7537,0.4563,0x2d...7822,https://bscscan.com/tx/0xf3a2b3f2e429e00b8aa46e8a0d102576615fd2da07e14795191ef41db9068e3e
2023-03-28 08:07:56,True,3.7529,0.01206,53.0498,0.6397,0x2d...7822,https://bscscan.com/tx/0x83198924dd96bd0efc63ba51b899f24568fd76a639f58840c6e6835d44c5d9a9
2023-03-28 08:06:32,True,3.7424,0.01203,38.9496,0.4686,0x2d...7822,https://bscscan.com/tx/0x0a797ef60d4b0a88d7d36ca45ae5930b12385beaa7b2661291e5d567090b1ba1
2023-03-28 08:03:32,True,3.713,0.012,47.3694,0.5686,0x2d...7822,https://bscscan.com/tx/0x2c8051b4c71c91b7fea67d528bca0c9e02b5db64293a0c2c7f21bc981e315a02
2023-03-28 08:03:26,True,3.7217,0.01197,39.2961,0.4706,0x2d...7822,https://bscscan.com/tx/0xb5a365ab3008ed36de7453ea73793708cece7355e178051c50153639e59794da
2023-03-28 08:02:32,True,3.694,0.01195,36.3398,0.4343,0x2d...7822,https://bscscan.com/tx/0x3fd04735874ab2557ac97d31c200276d70d799ce269f583ed2199af4967eb3fb
2023-03-28 07:44:26,False,3.6671,0.01189,49.5037,0.5889,0xb3...55e7,https://bscscan.com/tx/0x4c91fbc0d808140a99a7c368eff92c72bc4f094ca6e8a0984c5be927c6272e73
2023-03-28 07:43:08,True,3.6876,0.01196,41.8062,0.5,0xa2...f9db,https://bscscan.com/tx/0xe484b7f9f67f0975df86c536766f168c034fecfd82b47a1c73630ffa560dfd81
2023-03-28 07:41:14,False,3.6869,0.01189,36.7505,0.4372,0x2d...7822,https://bscscan.com/tx/0xe8b0ab9bc71379efcdc0a487c4a079cdb8fd3ec6d896e184ee07cf32940683ea
2023-03-28 07:18:32,False,3.6916,0.01192,36.6457,0.4368,0x2d...7822,https://bscscan.com/tx/0x807466c57534be1a6c0afbdb6cda2e858ded3092ea6785652986fc61fb91e3e1
2023-03-28 07:10:51,False,3.6969,0.01194,36.5395,0.4364,0x2d...7822,https://bscscan.com/tx/0xfb8efa55048a90d38cd18d13e4c15c334875d44b77e6be57cfa508f30a71575e
2023-03-28 07:09:12,False,3.7041,0.01196,37.9556,0.4542,0x2d...7822,https://bscscan.com/tx/0x40333e6ecd15b0a2455554fe0777688c9cbf01cb3a8321ee0f5ceba1295d4052
2023-03-28 07:03:24,True,3.6994,0.01203,12.2718,0.1476,0x2d...7822,https://bscscan.com/tx/0xb9ab66b59b7d88408238463dea23f802ddb6fdc45a750e909aff09a52c40c9af
2023-03-28 07:03:24,True,3.693,0.01201,53.8239,0.6466,0x00...78d2,https://bscscan.com/tx/0x6b28c44efdaaa4b0f764656ab955aebce652af36c5ef5f605f90e20f2feef9c3
2023-03-28 06:59:09,True,3.6816,0.01199,8.0,0.0959,0xbe...1239,https://bscscan.com/tx/0x7c7ebd0729a93baeddeea93690e7a7b10a3272497205a02cc6239ec44f3bd067
2023-03-28 06:49:02,False,3.6808,0.01193,4.67559,0.0558,0xb9...3a63,https://bscscan.com/tx/0xdef4407b6b4d287afbf78454f50c229086c5ca22dc176ab43563c6f67d3aa697
2023-03-28 06:46:38,False,3.6666,0.01194,37.6531,0.4498,0x2d...7822,https://bscscan.com/tx/0xe853c1127ce632c49095f210463ccc1ada9f735e029950df2030f11ffff17781
2023-03-28 06:42:35,False,3.6922,0.01197,50.9424,0.61,0x2d...7822,https://bscscan.com/tx/0x83505e62c7ecc465397af6cd6cdbe651a0d3dfe784b0629b2557f22d0cd73788
2023-03-28 06:36:49,True,3.7136,0.01205,4.15,0.05,0xe5...4cf7,https://bscscan.com/tx/0x11b488e62bb7f35de4103fe1fce28aa8220a883fe2d63babe7f3d132d91afd5a
2023-03-28 06:36:46,False,3.701,0.012,65.994,0.7925,0x2d...7822,https://bscscan.com/tx/0x4a6470d8d084fd53b8252e232b18bf9f9fad0ff3c1a84a869332bc3762f4a303
2023-03-28 06:36:46,True,3.7215,0.01207,45.9513,0.5548,0x92...b43b,https://bscscan.com/tx/0x00702cf8062d1992a2be6742e9dbb37e43088913ba3523e7ea570293960f8343
2023-03-28 06:36:46,False,3.711,0.01204,129.613,1.56071,0x11...a5bc,https://bscscan.com/tx/0x5189caeecb52a90f421c5ef0d2ba831e2b154a671c2181ed3fc7bdec625a9f1d
2023-03-28 06:36:46,False,3.7325,0.01211,91.675,1.11027,0x0f...8280,https://bscscan.com/tx/0x525f2840782f75a948e84464a7f32dc00fcf193bc1dc757a6f06d7290969adfb
2023-03-28 06:36:46,False,3.7615,0.0122,203.357,2.48198,0xdb...8aba,https://bscscan.com/tx/0x43d58bc1ed7f79b29e376cc61adf42592e244d88ae0a19991dbb2ed1af537932
2023-03-28 06:36:46,False,3.7823,0.01227,7.36772,0.0904,0x9d...2cc0,https://bscscan.com/tx/0x0e9c6ba49cdb3587645ae0b782d0c9afd960cd7bf87db837b0736e94fd91a76c
2023-03-28 06:36:46,False,3.7928,0.0123,97.771,1.20324,0x62...2aba,https://bscscan.com/tx/0x177aba3922cffb469c31f279111c11781beb7ad0617f7ad02270c3c9e1918e96
2023-03-28 06:36:46,True,3.7687,0.01222,530.669,6.48929,0xef...5804,https://bscscan.com/tx/0x3cd41a6389f166dfaebb31310e40659588f5aa3eb2de011c314e8cd697f172e4
2023-03-28 06:16:38,True,3.6966,0.01204,39.9656,0.4814,0xd5...4de5,https://bscscan.com/tx/0x6095e664872787857bbdeddb7cdbda13cd297121ceda64357aed3c4758602d60
2023-03-28 06:14:06,True,3.6921,0.01203,5.96818,0.0718,0xd7...ae5f,https://bscscan.com/tx/0x75eda7480ccf23f13ae1d58d84402b3bfaa0ff2474c23308bdacb33e067bf197
2023-03-28 06:02:25,True,3.7129,0.01201,36.3122,0.4364,0x2d...7822,https://bscscan.com/tx/0x7389295b99a08e685fc3b083ba840a604f153de9acd1767c203aa56fee0dfdf2
2023-03-28 05:57:37,True,3.7105,0.01199,47.8436,0.5737,0x2d...7822,https://bscscan.com/tx/0x8096ff3cf61be6d594db11db8e0414432df910a0a2c7007ec24526605db09032
2023-03-28 05:55:13,True,3.6846,0.01196,38.3827,0.4592,0x2d...7822,https://bscscan.com/tx/0x27a1f166a8f07a04f4c9b4056a616ae7c33621d385702d4d36d27c846678d7c3
2023-03-28 05:31:58,False,3.6916,0.0119,42.15,0.5019,0x2d...7822,https://bscscan.com/tx/0x80c992229f277d08a11e3105c24ef9d8754f94dfa43bad120d144e995e61af0e
2023-03-28 05:27:37,False,3.7074,0.01193,39.1304,0.4669,0x2d...7822,https://bscscan.com/tx/0x6f70b1ba90a93a2c1df536277431da01becc23f2602bfc198267de434d5a0827
2023-03-28 05:27:13,False,3.7117,0.01194,7.0,0.0836,0xd7...ae5f,https://bscscan.com/tx/0xd191fd9ef180f87f2361c11508e42a352e3d5caea4db749ab58ea233acb7e4a3
2023-03-28 05:25:43,False,3.7129,0.01195,3.78,0.0451,0x79...d933,https://bscscan.com/tx/0x16aabffa1fcd4b06ee635ae603272ba5413e6feb1640ce6aa4257cc1e47b475d
2023-03-28 05:22:49,False,3.714,0.01195,11.837,0.1415,0x34...8793,https://bscscan.com/tx/0xe7439e9197a58fae2d0180a6670d3a6c2d62ba794035edf52935e93a97153032
2023-03-28 05:18:31,True,3.7295,0.012,58.3606,0.7003,0x19...3e79,https://bscscan.com/tx/0xb84dc1396d6937e89feaca2190fb9a439c343b84bcf3a9fd9d99e0d40b68f936
2023-03-28 05:15:47,False,3.7065,0.01192,11.0498,0.1317,0x34...8793,https://bscscan.com/tx/0x5e0e2f7f812952687cd783991ce3ea815f5a06c44d3f515aa2386ea4f8b81226
2023-03-28 05:05:35,True,3.7228,0.01197,38.5705,0.4619,0x2d...7822,https://bscscan.com/tx/0x791b3da879df0e2bc620034ebbef42ea5dafdbcd9d4cd0b13b06d6f066ba68b1
2023-03-28 05:02:41,True,3.7169,0.01195,42.6661,0.5099,0x2d...7822,https://bscscan.com/tx/0x03cc30fcbf09bcb228f1c7274895949fcb12d8810659f2a3731acc6dac48b88f
2023-03-28 05:01:29,True,3.6915,0.01192,37.5474,0.4478,0x2d...7822,https://bscscan.com/tx/0x02d23b528c80bdecf20f5839eede22f9688f2aad36c4c396a8e2dee243af730d
2023-03-28 05:00:59,True,3.6831,0.0119,36.6279,0.436,0x2d...7822,https://bscscan.com/tx/0xdbc849965db5e14da2e34e7c02448751ba037045fcacdcdc26905108e1530645
2023-03-28 04:59:44,True,3.6771,0.01187,46.3044,0.55,0x2d...7822,https://bscscan.com/tx/0xbb9458660f1a7cf3244af5830172ec90400a8dbb3c8b4185e0e3e9b066851aa8
2023-03-28 04:59:41,False,3.6573,0.01181,30.3103,0.3581,0x15...0b8c,https://bscscan.com/tx/0x33b5efac4369e8638e22009ac514f6948193187a9ebc97b05a220bbfe18da75e
2023-03-28 04:57:32,True,3.6939,0.01187,36.0796,0.4283,0x7e...e87d,https://bscscan.com/tx/0xeb8640cd7a9bc2f9d5871b06055ff8ac579ea5bc8026a00f989ec208d918c0e4
2023-03-28 04:48:38,True,3.6855,0.01184,52.9349,0.6269,0x2d...7822,https://bscscan.com/tx/0x16c7362c4ac0871e30ef3d914178fe78adf69cc3cf267ab132ea2e6a3af6b4ba
2023-03-28 04:48:38,False,3.6686,0.01179,69.6138,0.8207,0x97...2eaa,https://bscscan.com/tx/0x72ce612b0689fa338c3633ed79725464bd8e7d255cb4eb994a40eca7fb354a58
2023-03-28 03:55:14,False,3.6745,0.01182,57.8306,0.684,0x18...a4ab,https://bscscan.com/tx/0xfd94225d087d74cc5a0efcce4be6d704f0e4ab9e0b28c46b77c94f7c97b2efc8
2023-03-28 03:54:26,False,3.6817,0.01185,17.8702,0.2118,0x2d...7822,https://bscscan.com/tx/0xf0f003a1ad5d29bbab95cad0191b77c3bb75aa26636382adb0094a475e2a7564
2023-03-28 03:50:26,False,3.7074,0.01187,39.875,0.4733,0x2d...7822,https://bscscan.com/tx/0x55e5169b72a18855d8260b8b05f7d80096417629a1d83f3a20ad748fdf592b40
