datetime,buy_order,price_USD,price_native,amount_token,total_native,maker,etherscan_url
2023-03-31 07:54:25,False,4.7215,0.0149,60.436,0.9006,0x8b...88f6,https://bscscan.com/tx/0xbfe04a47ac4947e66c64fadb0b7ccb8e784e6d085b03a8b7ee105f34bda08c46
2023-03-31 07:53:13,False,4.7145,0.01493,22.4609,0.3355,0x8b...88f6,https://bscscan.com/tx/0x4d41b1d50c5ff64de8ddeca7261ec3163f1d6af971e79e878985addd6826c4d5
2023-03-31 07:43:01,True,4.7677,0.01502,0.8378,0.0125,0x0d...c520,https://bscscan.com/tx/0xb1bd804bb1cdc3b6b7813b66c9efee9865d7838e0e78ed0f15e9c83e202e0703
2023-03-31 07:40:34,True,4.7623,0.015,39.4186,0.5914,0x2d...7822,https://bscscan.com/tx/0x23541101bdb642bb5e8e85e2634bdd18a131d72e08bcfa844c317addef21fe23
2023-03-31 07:36:22,True,4.728,0.01496,41.7412,0.6248,0x71...69e3,https://bscscan.com/tx/0x22ff96f433d75bee078b3a9cc105cf6bba5379cbe2bc97911f2eb92e26585a5d
2023-03-31 07:34:19,True,4.7403,0.01493,34.4829,0.515,0x2d...7822,https://bscscan.com/tx/0x18c2c18cce9756514c690fd1b8b2b8c46be91738341fb0f6575e6996ffcf6e79
2023-03-31 07:20:10,True,4.7331,0.01491,20.0,0.2982,0xc3...ef22,https://bscscan.com/tx/0x16da873cbb653819c7b4036067ece9f3ec694f37a0f5e285550816e5fcf545f2
2023-03-31 07:18:58,True,4.6979,0.0148,234.68,3.47376,0x8b...88f6,https://bscscan.com/tx/0x5914b47a8cd8fddcdce8746855b37f622c1c8eb619de79bad944e5b441b7ce2e
2023-03-31 07:18:58,False,4.6695,0.01471,198.732,2.92391,0x43...b691,https://bscscan.com/tx/0xd68675c395daea43d8ab1c2dc077834b343471b4e09f30b64460da6fbbe9e950
2023-03-31 07:12:58,False,4.7034,0.01481,47.8149,0.7085,0x2d...7822,https://bscscan.com/tx/0xc8d4800748280cc6b644e09a2633724a2fa5d0c6a6c0e3d32753ecf3330e7912
2023-03-31 07:09:55,False,4.7148,0.01485,32.8679,0.4881,0x2d...7822,https://bscscan.com/tx/0xd4516ca08c2036dc9ce6890182b056bf37095d3d05bb8d0a24bddb5944844620
2023-03-31 07:04:25,False,4.7237,0.01488,35.4251,0.5272,0x2d...7822,https://bscscan.com/tx/0xdc34278bf5279430641758e5e228b14e637ce73492d5eb44c3dfb8d86d503713
2023-03-31 07:00:55,True,4.724,0.01495,32.5206,0.4864,0x2d...7822,https://bscscan.com/tx/0x1fbcdeab8002bb7eea9ef51ecceea009b992ad814a7de06d7bb27c95121d6fd9
2023-03-31 07:00:46,True,4.7151,0.01493,31.954,0.477,0x2d...7822,https://bscscan.com/tx/0x3e1e5ca6b61d32e830361b2d2c973d7f4e0823209bdc2933ad45c5f97c3d6c7f
2023-03-31 06:46:45,False,4.6903,0.01485,33.1089,0.4918,0x2d...7822,https://bscscan.com/tx/0x2682888dd14096a5d4a1c2d07e693c31133608bc1eb6972f0db20df9de1e5a94
2023-03-31 06:46:12,True,4.7402,0.01493,13.3472,0.1994,0xa6...b7b8,https://bscscan.com/tx/0x290df9c30645f19a509ff408babac1653598bc0bfc51e143e7fd300af61dcf2e
2023-03-31 06:40:21,True,4.7317,0.01491,36.3836,0.5427,0x2d...7822,https://bscscan.com/tx/0x6ca1a03f6418dfff399208116940ed49292e3597d44c7bd80662e49a6adfb846
2023-03-31 06:30:15,True,4.7003,0.01488,33.5703,0.4997,0x2d...7822,https://bscscan.com/tx/0x8e15ade2c43bff61db16e6fa0bd07f51e15f921fd91590b0b15818656dedf2f8
2023-03-31 06:23:54,False,4.6825,0.01481,39.4086,0.5838,0x2d...7822,https://bscscan.com/tx/0x7a46c8b1f1e30841c4fd099f52d897223395b662cafd5fef0f070c02995216f7
2023-03-31 06:22:09,True,4.7346,0.0149,2.68074,0.0399,0x0e...2f4c,https://bscscan.com/tx/0xed0f6a466b212f38bbd55187d71f71df80b021596b94095919e2b0d55bd6d4ab
2023-03-31 06:21:54,False,4.7162,0.01484,40.9251,0.6076,0x2d...7822,https://bscscan.com/tx/0x22b893cb043289c183ca9e797692ec896d42cbf49e1e97e691d5d14cca4a01d1
2023-03-31 06:16:45,False,4.7236,0.01486,3.0,0.0446,0x40...83eb,https://bscscan.com/tx/0x611c77c3c997aedb420017c57141f7dc3eb430dcb4c32d738d92126334c445a9
2023-03-31 06:16:12,False,4.7285,0.01488,31.041,0.4619,0x2d...7822,https://bscscan.com/tx/0xf52ecd45a393e94f19d0711b1815a2fa0681d2bf3be1aa46dc8f76adf4563999
2023-03-31 06:15:27,False,4.7151,0.01491,33.991,0.5068,0x2d...7822,https://bscscan.com/tx/0x146bca9a973b9b0914d1bcfe7eb08daa02a71a639fd47b0d03be0c3b80bc832b
2023-03-31 06:06:33,False,4.7291,0.01494,50.0062,0.7474,0x00...78d2,https://bscscan.com/tx/0x7b09792087691b077e3c20a8f66ee38e5f54e365519d7daead6e4c3b15b618a0
2023-03-31 06:01:09,False,4.7374,0.01497,3.65466,0.0547,0x2d...7822,https://bscscan.com/tx/0x8859b1aeb83b8d503a35f6a5e982183840e107b12e1506dbbd34c89dd52b025b
2023-03-31 06:01:06,False,4.7425,0.01498,32.4307,0.486,0x2d...7822,https://bscscan.com/tx/0x69ee4341bf2ee70851c4d7eeecc579798cf44723363a37e7eae1359478f3102f
2023-03-31 06:00:36,False,4.752,0.01501,35.9268,0.5394,0x2d...7822,https://bscscan.com/tx/0x4af2a949b488f12dfb821e030e45d3c6efd2459b9d479be88969de9098c448a5
2023-03-31 06:00:33,False,4.7625,0.01504,39.2226,0.5902,0x2d...7822,https://bscscan.com/tx/0x19ad34dbf373da1b1902c3a15b582efdc31067da2ec940d9375e78045032165d
2023-03-31 05:54:33,False,4.7767,0.01509,57.9093,0.8739,0x91...79fe,https://bscscan.com/tx/0x35282facee37b6f0b1e709200a53a33fe5d345e1bfb14a7f677a54b3f51d5f46
2023-03-31 05:38:02,False,4.7826,0.01511,8.0,0.1209,0x08...7789,https://bscscan.com/tx/0x6c5f218222c30688085234357ffb4e934c59f8b9056775295c03c996635292c0
2023-03-31 05:32:44,True,4.8225,0.01518,40.5061,0.6149,0x82...2196,https://bscscan.com/tx/0xebcf2bec099fb98c6156ab8ac81c244c7cf4415864417ea3fc9af0d7c3436e99
2023-03-31 05:28:30,False,4.792,0.01508,2.0,0.0301,0xfa...4149,https://bscscan.com/tx/0xed1d75b35ba91956d836953c758c5bbc9e93b1a685ec763abe97a2e45719f884
2023-03-31 05:24:06,False,4.7978,0.0151,42.9875,0.6495,0x52...1c7e,https://bscscan.com/tx/0x9ea63aa48095208593ded2033df7e4cde249c726f6552d01b160dee281c403f8
2023-03-31 05:19:57,False,4.8106,0.01514,42.1887,0.639,0x91...79fe,https://bscscan.com/tx/0x558afc80825cc61addef2312b72e3b314ceeb601cd57d2ddfcaef8098044313b
2023-03-31 05:16:45,False,4.7926,0.01516,1.09546,0.0166,0x1d...f269,https://bscscan.com/tx/0x9b2e7ace12a6729f53ab4260e9f1bd7d065fb68cd9a2c60f54d846369b19898f
2023-03-31 05:15:57,True,4.8354,0.01522,38.6911,0.5891,0x2d...7822,https://bscscan.com/tx/0x522dd4d108c315dc7995db5179bb7056c80cdb553211c134e10de05cc2dec4a6
2023-03-31 05:11:57,True,4.8281,0.01519,33.5672,0.51,0x2d...7822,https://bscscan.com/tx/0xc55bee43263c4d8e62b2ec84e8c8c1a169641f13d4fecb4db397fb6e2df3b976
2023-03-31 05:09:24,False,4.7853,0.01513,71.7683,1.08617,0x2d...7822,https://bscscan.com/tx/0xab329894b3f67d74077c949991617a38b5479e26b5953ab1d551c57b117c5ab7
2023-03-31 05:09:24,True,4.8047,0.01519,103.543,1.57344,0x69...3a41,https://bscscan.com/tx/0x2ad43116de66f6cc554d93900b37a1100102e2e476248c0cd4702aa38ed8eec5
2023-03-31 05:08:18,False,4.7973,0.01509,50.8796,0.7681,0x52...1c7e,https://bscscan.com/tx/0xbe8cdea79becd9d41c1fbc9189c3520153746ae5c5e85b5be39c2b4dc1bbe68e
2023-03-31 05:06:57,True,4.8218,0.01517,48.7352,0.7394,0xd8...47bd,https://bscscan.com/tx/0xc1268376995ba99656c397108bfa25a47904ea25a555500685682f6dbde899c3
2023-03-31 05:06:18,False,4.7915,0.01507,3.64359,0.0549,0x20...1680,https://bscscan.com/tx/0xcc4a01672e1d676f9e6b0873f04e23b330dd40a94ac633978371a0ddef6db043
2023-03-31 05:05:00,True,4.8094,0.01513,43.1955,0.6537,0x34...7c76,https://bscscan.com/tx/0xa8752e8ad8f01f7a4d27477be025c6d0aa3be96948475e91c8eb853aa5a823ae
2023-03-31 05:01:36,False,4.7878,0.01506,44.0805,0.6638,0x91...79fe,https://bscscan.com/tx/0xb215b263607630b9cbec056750886792245cef06bfc9600a5bee70eac37460d3
2023-03-31 04:59:36,False,4.7946,0.01508,1.08076,0.0163,0x8c...638a,https://bscscan.com/tx/0x1ca24596cd0b4044695527ef87fa5954abd4dadb6ffc463f0c7d05516e4c6090
2023-03-31 04:55:54,False,4.7719,0.01508,4.65951,0.0702,0x2f...be22,https://bscscan.com/tx/0xac4c5d1e0549a8674084897fbb7974a7d584036556e5183f3aefc3ef97c1f4c3
2023-03-31 04:53:45,False,4.779,0.0151,44.4792,0.6718,0x52...1c7e,https://bscscan.com/tx/0x2a652d29c45bf0e1a52e3f2044a2d8fd861da547a6ce07623634f276fa54702a
2023-03-31 04:49:03,True,4.8275,0.01518,39.0691,0.5931,0x2c...015a,https://bscscan.com/tx/0xf0eafe33bfdee5212f8af1b290049d54b920e241322de043738f6d8dc64e3e9e
2023-03-31 04:48:00,False,4.8042,0.0151,44.1767,0.6674,0x52...1c7e,https://bscscan.com/tx/0x6a6b4cefa587d7cffbe0d4fbe549dda2363840f911394272f03705a01b9016c0
2023-03-31 04:44:27,False,4.8112,0.01514,24.1186,0.3651,0x11...a5bc,https://bscscan.com/tx/0x3e7846a9bf407d2b937aee16f6799eb6dc09d0cf6d99ab1a6a7d614af3e77dd9
2023-03-31 04:41:09,True,4.8344,0.0152,42.4111,0.6449,0x00...78d2,https://bscscan.com/tx/0x1e0d252b35cd0d595633c8793aa01ddddcad405ec05ac8ecd5959d566f3b9e03
2023-03-31 04:37:15,False,4.8107,0.01513,54.7631,0.8289,0x11...a5bc,https://bscscan.com/tx/0xd78aaa40f48705fe70849f330f47aa4b6db77f73522c73014e95ad13852795b0
2023-03-31 04:36:33,True,4.7955,0.01509,331.352,5.0,0xda...6e1f,https://bscscan.com/tx/0x96815fb67e2097b5010e6dc4c1538014828fe0c44656484966dbf2e8fda3fd78
2023-03-31 04:36:33,False,4.7709,0.01501,327.0,4.90906,0x88...1404,https://bscscan.com/tx/0x05dfb22e13474c8f20114870f3e6b823f3c63a628f220d6b0566e2ed62530d47
2023-03-31 04:34:09,True,4.8329,0.0152,52.9698,0.8056,0x00...78d2,https://bscscan.com/tx/0x2017b89dfa1352d74c9f299dcd1818fc51ac9f022c859b8748e79b89b950cf5d
2023-03-31 04:33:21,False,4.8092,0.01513,58.2848,0.8821,0x11...a5bc,https://bscscan.com/tx/0x1ca9163d9548351ceb5051837b69d825884333e3893e77a00a62fe3a6850cecb
2023-03-31 04:31:51,True,4.8114,0.01521,48.9787,0.7452,0x00...78d2,https://bscscan.com/tx/0xfb93f9e71f5ec8753c63517127dada1df11130c6c07ce8c6eabb0600c114963c
2023-03-31 04:29:18,False,4.779,0.01511,4.0,0.0604,0x91...e7ef,https://bscscan.com/tx/0xd8d56e7899a1b2aa9a90d823ed002be91dfca07172bf4adc6a9138aea79a1f73
2023-03-31 04:28:21,False,4.7822,0.01512,2.82225,0.0426,0x89...3571,https://bscscan.com/tx/0x59f1b2321551aaa1ba8772821bfc3eb4281b3ab3f13b8f13458b16e069ebcfea
2023-03-31 04:28:03,True,4.8223,0.01517,59.458,0.9021,0x00...78d2,https://bscscan.com/tx/0xc208af30c8f229aea99d059677c45acd4a3ca55dd6aca8ec61cbcde5a19c59c3
2023-03-31 04:27:00,True,4.8127,0.01514,7.63232,0.1155,0x2d...7822,https://bscscan.com/tx/0xc243ef76ad90b3bf1e7ce878f29a4fd7f7f4eae2b556c0cbbb3d845a5a1223d4
2023-03-31 04:27:00,True,4.8052,0.01511,45.2131,0.6836,0x00...78d2,https://bscscan.com/tx/0xd6dbae24263ef2c9192db225ab566913c718b3c46e8a21e7a1ac6092bc92c54e
2023-03-31 04:25:30,True,4.7932,0.01508,39.174,0.5908,0xef...cab1,https://bscscan.com/tx/0xdea354e4211b0a45d65a20f0ceaeccf1e62dd59b96270d9c2842d71b169f9cca
2023-03-31 04:24:42,True,4.7821,0.01504,39.7953,0.5988,0xb3...55e7,https://bscscan.com/tx/0xfcc0cb8ce9d34d8d21df0f032575ffd64a04ffe101bcb99d5337ac14c75817a8
2023-03-31 04:23:03,True,4.7723,0.01501,28.6826,0.4307,0x2d...7822,https://bscscan.com/tx/0xa95d9ce683ac546ec84b604e5404ed28945e022d9f663f26412a28ecf00b3d6e
2023-03-31 04:22:06,True,4.7614,0.01498,46.8141,0.7014,0x2d...7822,https://bscscan.com/tx/0xa7f7e419e102f0a14f7bc09089c505b5344530c17174fb279995367b01201f35
2023-03-31 04:21:27,True,4.7493,0.01494,36.1274,0.54,0x2d...7822,https://bscscan.com/tx/0xcdd2e4175210b53654440f276fad531cd38e6e68de860181ef9b75da2586247f
2023-03-31 04:21:12,True,4.7388,0.01491,39.5139,0.5893,0x2d...7822,https://bscscan.com/tx/0x2477b20c81dc5b049e29591fed3f321963eef7d5bb5fb8338ea2b1de6e0aeb73
2023-03-31 04:14:03,False,4.7102,0.01483,16.1149,0.2389,0x11...a5bc,https://bscscan.com/tx/0x67d881077ec8c38ce03ea15d2e6d1287bfef399638deaa86ca2d727722bed227
2023-03-31 04:14:03,False,4.7177,0.01485,38.7844,0.5761,0x2d...7822,https://bscscan.com/tx/0xbb245059120976eb503cbdf056eef6f0d68ea966fa9553c983761b65cc9a81c7
2023-03-31 04:12:09,False,4.7007,0.01488,23.1936,0.3451,0x11...a5bc,https://bscscan.com/tx/0x7b9a3a082c3439791e5bccf5ec6ba2396bcb959dcc7c22656eef03242dc470eb
2023-03-31 04:12:09,False,4.7082,0.0149,31.6684,0.472,0x2d...7822,https://bscscan.com/tx/0xa8747d6d0f7ebda2bf3e4e9f6b9b5a847652398a8d2ea50a62ad73a2230b3257
2023-03-31 04:10:36,False,4.7449,0.01493,45.2166,0.6754,0x2d...7822,https://bscscan.com/tx/0x5e51a4282b154ad4f3d8b39ca6a0d216da6a8c72f9cfc7b657e1aefb3bb643a0
2023-03-31 04:07:42,False,4.7536,0.01496,17.7042,0.2649,0x11...a5bc,https://bscscan.com/tx/0x1986698959b3df4c04859ee08176bf6cfef6c23eba68e70f6850280181b6360b
2023-03-31 04:07:42,False,4.7615,0.01499,38.4769,0.5767,0x2d...7822,https://bscscan.com/tx/0x7c58d3f81b30e79401991f6afcf3b8652780115af35a68cff0775c0833acb24a
2023-03-31 04:03:15,True,4.7641,0.01506,41.9455,0.6318,0x34...7c76,https://bscscan.com/tx/0xf5702507ca4ae70c58bb3d263e2e6a9871b8a0baf57f8f6075b48771e249aaac
2023-03-31 04:02:15,True,4.7739,0.01501,59.2123,0.8893,0x00...78d2,https://bscscan.com/tx/0x864ddaeac31f5a771696acf81cdaeab467c9cfd81104abd6af8b6b4220ceb2df
2023-03-31 04:00:27,True,4.7595,0.01497,47.5506,0.7119,0x00...78d2,https://bscscan.com/tx/0x31245172746f2383b70c29634dae6a1dc129f7726e6a013e87c9120b49f04cc4
2023-03-31 04:00:12,False,4.7333,0.01489,30.0,0.4466,0x90...0bb0,https://bscscan.com/tx/0x1dae2f5d2b0976a95c63d34830941fe1106cf51f17a1af87dfce20329527c955
2023-03-31 03:41:44,True,4.7356,0.01496,31.8639,0.4768,0x2d...7822,https://bscscan.com/tx/0xffe50b2c4289d25550bf01723a3d5552321aa3f79ca39883374b179605386748
2023-03-31 03:41:14,False,4.7412,0.0149,68.6462,1.02317,0xe3...113b,https://bscscan.com/tx/0xea2f2d15a05ea74db41cab1a2eb641bb1ff5b1b6ff94b0cb86a85544a942027a
2023-03-31 03:40:26,False,4.7542,0.01494,27.007,0.4036,0x91...79fe,https://bscscan.com/tx/0xaa86ba7b7ac6eefca4f9095b23949272ba761aa83cf9b253d994ff2c59112c04
2023-03-31 03:40:17,False,4.7584,0.01496,2.68352,0.0401,0x0e...2f4c,https://bscscan.com/tx/0x55a556d75234dd88d21e65a5672906807265e021b87935cff783bfb65f605db1
2023-03-31 03:39:47,False,4.7591,0.01496,2.038,0.0304,0x38...28dc,https://bscscan.com/tx/0x4151c76ef0b8c31bb61bc17bf7793c060ef518319d236b4046aedf83af1542e7
2023-03-31 03:39:44,True,4.7787,0.01502,32.2805,0.4849,0x2d...7822,https://bscscan.com/tx/0xcc7ad0f9e46e09df22af5653c9c235fdb190abc666df931c220f613a026ad401
2023-03-31 03:39:32,True,4.7457,0.01499,33.8239,0.5071,0x2d...7822,https://bscscan.com/tx/0xbce2ac454f18084a548742b6450e805cc97c1f820217b2449a34dac520a39c77
2023-03-31 03:35:20,True,4.7606,0.01496,31.0195,0.4642,0x2d...7822,https://bscscan.com/tx/0xa6526f648c42beb49da7df9c964e216aa26f465104d5a5a75f68e5d07c2d0c6a
2023-03-31 03:35:11,True,4.7519,0.01493,31.5279,0.4709,0x2d...7822,https://bscscan.com/tx/0x46b006aa35724977168148441c433126bb9a9a45bbc29cb085bd01facf829b59
2023-03-31 03:27:24,False,4.7302,0.01486,38.5384,0.5729,0x2d...7822,https://bscscan.com/tx/0xa99e379686ccc9db9858edbc9b8bbcf5872b35be3cf2bbf914962dffda4ba78e
2023-03-31 03:26:15,False,4.7409,0.0149,38.8284,0.5785,0x2d...7822,https://bscscan.com/tx/0x47ad103f339b5d705def47f20faf5ea5f3d586e3de8513401175f85b7243ddd1
2023-03-31 03:26:15,True,4.7552,0.01494,107.056,1.6,0x0b...5f90,https://bscscan.com/tx/0x05bfc48188899867738cf5ab889a0e53c3416eef0c4a7d886ea897b7ac49a1ee
2023-03-31 03:23:00,True,4.7351,0.01488,41.2902,0.6144,0x2d...7822,https://bscscan.com/tx/0x876b72a7b54a41f5a26153f5e78a66bbb34d21184672610f658346c8601cecf7
2023-03-31 03:22:54,True,4.7251,0.01484,31.3707,0.4658,0x2d...7822,https://bscscan.com/tx/0x9830fe5e52861299f6f1a5940be2ded2e77d0509ddc0ebdb729f9f6ce11089da
2023-03-31 03:22:24,True,4.6923,0.01482,36.0957,0.5349,0x2d...7822,https://bscscan.com/tx/0x6f71daa36c6b1c7c4da12e9fda27cce4ac3d35ae42994f22cd032969d2e478b6
2023-03-31 03:13:45,True,4.7042,0.01478,42.5252,0.6288,0x2d...7822,https://bscscan.com/tx/0xf57c0652a44275d5bba781db4eae00d0397b1d1a4ac720b9ec9baedfc9f63882
2023-03-31 03:09:09,False,4.652,0.0147,33.4922,0.4926,0x2d...7822,https://bscscan.com/tx/0x2346ab2920089930c08c2d8c339eb699bc6fc52ff1875b5f36f7976de69b3991
2023-03-31 03:07:03,True,4.6973,0.01477,42.5768,0.6292,0xb6...4942,https://bscscan.com/tx/0x1018ed73827d14b5fd35c4da4be9013f0fde7c4d74e2ea4bc8b2de902bf3d6dd
2023-03-31 03:01:30,True,4.6782,0.01474,33.1046,0.4881,0x2d...7822,https://bscscan.com/tx/0x7dc0f8bfad2223575532c2551c06ce198552b707e05050c8620874cb18d973ed
2023-03-31 02:51:48,True,4.6651,0.01471,42.8686,0.6307,0xb6...4942,https://bscscan.com/tx/0x6a7010a207306cb744c28962eb0ff7ca197618d20cfa7ddd885a7f8b9fb7cb53
2023-03-31 02:37:36,False,4.643,0.01463,32.1371,0.4703,0x2d...7822,https://bscscan.com/tx/0x9f91fc79a2af6587e05623a8ca0418b48b7c63bd213bad0383aba4e3eb9c3fb3
2023-03-31 02:36:15,False,4.6518,0.01466,31.7387,0.4653,0x2d...7822,https://bscscan.com/tx/0x90d6c15a6a7d99ddf9ba58fe6b00312b088dce88afbd03857ea424d02c21003b
2023-03-31 02:34:39,False,4.6376,0.01469,34.3953,0.5053,0x2d...7822,https://bscscan.com/tx/0xaa08447076946d6605fc950716bbf170e4d472f524f37c9b6de2bdf507562c6b
2023-03-31 02:30:09,True,4.6598,0.01476,31.3472,0.4628,0x2d...7822,https://bscscan.com/tx/0x3006610b03211e532feadbc25921057b01d2076f8e13b23a28add4def8acb6df
2023-03-31 02:29:39,True,4.674,0.01473,31.8568,0.4695,0x2d...7822,https://bscscan.com/tx/0x26b74eb15e1e2145de5d8f1ca8458b3dec25ac51ec6f41f7bf1aa79f530a3df2
2023-03-31 02:28:12,True,4.6633,0.01471,34.0883,0.5014,0x2d...7822,https://bscscan.com/tx/0x81ce64f995a7bcc02952af7f85741ca3fdf5d5df7b9853dc6e4b0a5c58ac1678
2023-03-31 02:20:54,True,4.6572,0.01469,5.38675,0.0791,0x2d...7822,https://bscscan.com/tx/0x484ce2598347344659b76d2497961188ef61f4c421ffec52072d87159a03bec3
2023-03-31 02:20:54,True,4.646,0.01465,77.7212,1.13928,0xe3...d2ff,https://bscscan.com/tx/0xa4f052dbc9493d4331bbceae0f8aa6f36aa771ce9c33ebdf1048fdbdeb497fe3
2023-03-31 02:20:51,False,4.6276,0.0146,113.636,1.65915,0xeb...1447,https://bscscan.com/tx/0xffe13c1fd160211a723537fc27b960d20f86205a5ec2601b73b767261e9e50f9
2023-03-31 02:19:03,False,4.6493,0.01466,44.7459,0.6563,0x2d...7822,https://bscscan.com/tx/0x235bd4e847998865845b9ffb8bc071449207a962b4d9bbc6f485d3ceeae88eb0
2023-03-31 02:18:48,False,4.6596,0.0147,32.4073,0.4764,0x2d...7822,https://bscscan.com/tx/0x6cca6e88d3b634166411293e1632e84869f17578b25ea1a0cfafb087a859396b
2023-03-31 02:13:12,False,4.669,0.01473,36.989,0.5448,0x2d...7822,https://bscscan.com/tx/0xb3bd573dc31bf26ad29e82ff08ccd9c8e293b632006b082634b29c30163b5694
2023-03-31 02:11:36,False,4.6792,0.01476,36.8857,0.5444,0x2d...7822,https://bscscan.com/tx/0x29bacdaedf007abc2e82099983186d98c47e91ba36f8d14d5b0e5988ccd1c1f0
2023-03-31 02:08:57,False,4.6686,0.0148,53.3071,0.7889,0x52...1c7e,https://bscscan.com/tx/0x751d29106c5beaa3ee4f6bc56e8927d79ccecab3d12cc76cace5c059ba9b08f7
2023-03-31 02:08:00,True,4.7184,0.01488,33.3407,0.4962,0x2d...7822,https://bscscan.com/tx/0x04e41012d5b8f76b1c79e641360ce75020b63a56ad2b52a9f3a71693d5a90bbb
2023-03-31 01:59:36,True,4.6831,0.01484,45.0232,0.6685,0x2d...7822,https://bscscan.com/tx/0x343cb5d9225dd7e4d3e15d9cf61d6d9591b7f7bbb9ab65fa83f27e645317f5cd
2023-03-31 01:41:35,True,4.6714,0.01481,39.0348,0.5782,0x2d...7822,https://bscscan.com/tx/0xe8a54f992ca39d367e495c2e89bd7234c8b556fdafea392be6ddfeb2b5563196
2023-03-31 01:41:14,True,4.6816,0.01477,58.4836,0.8638,0x2d...7822,https://bscscan.com/tx/0x0ed2c707481f509ccb8840cfdd56aa43e5213254671d29571ee1000c23c402dc
2023-03-31 01:34:32,True,4.6733,0.01474,4.03607,0.0595,0x2d...7822,https://bscscan.com/tx/0x16a820c787d8031c92c479091c0fa6339a49cc1a7b0ec88565194f1f2c00da69
2023-03-31 01:34:32,True,4.6661,0.01472,49.3649,0.7267,0x00...78d2,https://bscscan.com/tx/0xf28d79d3bf7f2576a7ced0459e5677958b3e0126f24783c68e648c74ad5dc690
2023-03-31 01:23:23,False,4.6156,0.01463,20.0,0.2927,0xda...b9bd,https://bscscan.com/tx/0x284a458494768721f1a0acc1b12c3ab09c37c7e8102a8284752a427ba3a2f372
2023-03-31 01:13:35,True,4.6349,0.0147,36.9876,0.5437,0x2d...7822,https://bscscan.com/tx/0x622fc9358ffe4b72d38447702fa49cba6aab5f20a03199f963ba8412c941e72f
2023-03-31 01:11:11,True,4.6555,0.01468,2.6089,0.0383,0x2d...7822,https://bscscan.com/tx/0xd3e5d4ca6808edd5cef2f5862add0df73b18a415ac09f3befda32ca234705de4
2023-03-31 01:11:11,True,4.647,0.01465,60.5574,0.8876,0x00...78d2,https://bscscan.com/tx/0xdaae798f2285e07832e7f50595785e577e0c7484a2bf0b4aea4b749c2fe167af
2023-03-31 01:10:50,True,4.6131,0.01463,2.07888,0.0304,0x34...8793,https://bscscan.com/tx/0x6b86f5b9e1c9f37b91c51ef037efef019d0bb825544cdc75280081268bca6d6f
2023-03-31 01:10:35,True,4.6309,0.01461,38.6041,0.5641,0x2d...7822,https://bscscan.com/tx/0x703cacccf1de9e5724ffd589a171200cbd43e11c30629d56f93cea840092ce57
2023-03-31 01:10:35,True,4.6,0.01451,194.179,2.81878,0x11...a5bc,https://bscscan.com/tx/0xeaf351bdd77ea9b762b4d267e307133a72695a46d86fcfaed3e74d5ae1840273
2023-03-31 01:10:35,False,4.5867,0.01447,267.424,3.87082,0x12...4c7a,https://bscscan.com/tx/0x8ea97d5e70cf9648c6dcf40b9196a41b08cd56279aab01aeae3807900e783b03
2023-03-31 01:06:06,False,4.6003,0.01458,4.0888,0.0596,0x2d...7822,https://bscscan.com/tx/0x04195e7f10265d4922b40ecce02eb4286d09c713991d40e608f8fa330830d73f
2023-03-31 01:06:06,False,4.6135,0.01463,94.7859,1.38667,0x00...78d2,https://bscscan.com/tx/0x7a486b9dffab0ac819d0333097f3a7b33ac544ca15c0e7040fa349e1046ec8e8
2023-03-31 01:03:02,False,4.6498,0.01467,4.0,0.0586,0x40...83eb,https://bscscan.com/tx/0x9eaef27897b9772d1a40138db31bfae081f860b6501d3c2097f9dbf65e6923a7
2023-03-31 00:49:55,True,4.6812,0.01474,2.74236,0.0404,0x90...48cd,https://bscscan.com/tx/0x3b3aa9e011958b879657981b4b0b70d4b4480336071533e479910d7b9db6dac5
2023-03-31 00:49:52,False,4.6617,0.01468,31.6956,0.4654,0x2d...7822,https://bscscan.com/tx/0x3b21fb145f958b8a6d2e04acdecf92af6e419eeb072b58b07ea1a495615c375c
2023-03-31 00:49:31,False,4.647,0.01471,32.1297,0.4726,0x2d...7822,https://bscscan.com/tx/0x59d67d520f9fecb916b6f8ee5d86341f2eb963a2b10b57fe7370a9fe50fdfb15
2023-03-31 00:49:28,False,4.657,0.01474,41.4404,0.6109,0x2d...7822,https://bscscan.com/tx/0xf27daca2553b00ce804a3f41709140342051e69a463dc7197bd7eefb722fca73
2023-03-31 00:37:31,False,4.6904,0.01477,44.167,0.6527,0x2d...7822,https://bscscan.com/tx/0x16d489a31f2d2777c7dd13094237c1716eb2096386c41aa60dacedeee8d3b81d
2023-03-31 00:33:10,True,4.6894,0.01485,43.9826,0.6533,0x82...2196,https://bscscan.com/tx/0xc315b0d85280ba447f2b7174d8fd13abde2d0d622897eb9eed82b385f659d830
2023-03-31 00:32:31,True,4.703,0.01482,32.9004,0.4876,0x2d...7822,https://bscscan.com/tx/0x5da5ad3ba51bab87d29accd5c8856c839860b57657dcae61bc53ad54508e442b
2023-03-31 00:32:13,True,4.6705,0.01479,33.226,0.4914,0x2d...7822,https://bscscan.com/tx/0x7816b335dda820c83374b12fafe984a8fa8eb798bd871d81b2539247ddf6c0d9
2023-03-31 00:25:34,True,4.6895,0.01477,7.67425,0.1133,0x34...8793,https://bscscan.com/tx/0x229c503ea48d4539c9bec8c997ca5d3892f991b3b608db4583d0ddbf735e453d
2023-03-31 00:23:28,False,4.6712,0.01471,46.5701,0.6853,0x2d...7822,https://bscscan.com/tx/0xdcf2a3fa71b22bef834fc396327c9b6cacbf3f5c693fad8264af6ac1c9849ea9
2023-03-31 00:22:34,False,4.6815,0.01475,30.8722,0.4553,0x2d...7822,https://bscscan.com/tx/0xd35f5e9b2bf27d7c7c85411068150b845daf6cd5838a7fde24e4d0d717e99ee0
2023-03-31 00:20:37,False,4.686,0.01476,5.32969,0.0787,0x2d...7822,https://bscscan.com/tx/0xc26c656c6efa7374870ba43d0c2b3240e89ec7e62e9861a1c85d4e0c7484ac45
2023-03-31 00:20:37,False,4.6925,0.01478,42.4526,0.6277,0xa0...cc8d,https://bscscan.com/tx/0x1017a56cb79206fc328bf840bc36ab5db18bfb0c979b797cdb9848a54fca381a
2023-03-31 00:18:40,False,4.68,0.01482,35.0648,0.5196,0x2d...7822,https://bscscan.com/tx/0x3eaaabf967cf2cf02e01dd0475711919bd7e8711b2bebc68c6886d570c39c4bd
2023-03-31 00:15:19,False,4.6893,0.01484,33.8286,0.5023,0x2d...7822,https://bscscan.com/tx/0x85202878ac5babd702c4369deff49275bc8d627361dddd3b8d287b06f27c7b2b
2023-03-31 00:15:07,True,4.713,0.01492,32.5573,0.4859,0x2d...7822,https://bscscan.com/tx/0xed337acb22749379d8bcd4fdca7cfcd9c5259510de4336cf4378301a6369d0f1
2023-03-31 00:15:01,True,4.704,0.01489,32.5083,0.4842,0x2d...7822,https://bscscan.com/tx/0x6721b366ef97a90f9a1355caff97c19b77bb2ccb0ed6cdd4ebaece5cac5542b5
2023-03-31 00:14:10,False,4.6807,0.01482,32.9058,0.4877,0x2d...7822,https://bscscan.com/tx/0xe9c8c29b7394b28825e4ea86dd272e032ff016139ca35f7f8536b945743c8dcb
2023-03-31 00:12:22,False,4.713,0.01485,32.8034,0.4871,0x2d...7822,https://bscscan.com/tx/0x67f9627c34ce20bef7b37f95ab6b8efc98f4e95aa37ce89e9b27c9390ca27202
2023-03-31 00:10:04,False,4.6991,0.01488,39.2064,0.5834,0x2d...7822,https://bscscan.com/tx/0x7f31833e9905d29db6133fa7a91659c0a3c3e0ffbb0572afcc629c88938731bf
2023-03-31 00:08:37,True,4.7272,0.01489,176.796,2.63357,0x2d...7822,https://bscscan.com/tx/0xc91f53636b73668df3b3a01698400e580c1c15ba9a5632be3a47c3c24dcd4a41
2023-03-31 00:05:37,False,4.6885,0.01477,62.6715,0.9258,0xda...6e1f,https://bscscan.com/tx/0xca081c9cb94199f9947bb29d1b3eb9d4a21ea193d6c468e173fb70e6a350a399
2023-03-31 00:01:46,True,4.6923,0.01485,33.6728,0.5003,0x2d...7822,https://bscscan.com/tx/0x6af991120f0ad4a00fb326cc4b97320c63b2a9fefde9389725d30fb46f77df2c
2023-03-30 23:53:58,True,4.7137,0.01484,8.40742,0.1248,0x14...b438,https://bscscan.com/tx/0x09626705151e0c5856872ad9a0ebf5011122310eed9569291d2029fd3bbb6bfc
2023-03-30 23:49:52,True,4.682,0.01482,32.9954,0.489,0x2d...7822,https://bscscan.com/tx/0x31347c6b3dd4910f29bdc690a61212e4ed6579678b2474d6d4c6685c7ad65f40
2023-03-30 23:49:49,True,4.673,0.01479,32.921,0.487,0x2d...7822,https://bscscan.com/tx/0xa99af81f40ff1651ed90bc0a980554f0338f6b3e791f9246829bf0d4dbde9c6c
2023-03-30 23:49:46,False,4.6564,0.01474,100.0,1.4742,0x23...91f0,https://bscscan.com/tx/0xa323b7c3dfb535ab2e6371c1453616d538a3385111a48c8d37cc91f21c8f4b08
2023-03-30 23:49:01,False,4.6789,0.01481,46.2432,0.6849,0xda...6e1f,https://bscscan.com/tx/0xc40c0afe778ce59416dfd81f123a12481a44fcebf29eb87a6643778059d7af08
2023-03-30 23:48:37,False,4.7099,0.01483,8.96613,0.133,0x91...79fe,https://bscscan.com/tx/0xca3d25c40e1d1ee10e7bb464c9e956aec57504d86a800bc14935e41efd4b9925
2023-03-30 23:48:37,False,4.7135,0.01484,16.9555,0.2517,0x0c...8533,https://bscscan.com/tx/0x38ec8dd07a2c13d4b57dd6ba2d8200f35bff3627638791835a998a0d4f1f0233
2023-03-30 23:48:22,False,4.7364,0.01491,149.491,2.23033,0x2d...7822,https://bscscan.com/tx/0x720442279697ddae791dc3197a6b3b2ba7cec3e04a67695caea187d854ce5eda
2023-03-30 23:48:22,True,4.7502,0.01496,220.41,3.298,0x88...1404,https://bscscan.com/tx/0x8f30ecb32130e11bd153da0e638800fb5e73026ac6e38dd0b60733e8e0337ba6
2023-03-30 23:45:31,True,4.7153,0.01485,33.375,0.4957,0x2d...7822,https://bscscan.com/tx/0xcfe55d090dae5ac834821a67f90e615b48333ffdad48f70b12505ed61f23baca
2023-03-30 23:44:25,True,4.6946,0.01478,117.881,1.74315,0x91...79fe,https://bscscan.com/tx/0x89e1e51ed0557f9d1498bb60c68d4a80828099a1fd073f90aa0867357c908676
2023-03-30 23:44:25,True,4.6763,0.01473,16.9555,0.2497,0x2f...e155,https://bscscan.com/tx/0xe10ae317705b8e94faf456d210110b4a7122af2c967ba2782a984c8ba9ca0e35
2023-03-30 23:44:25,True,4.6705,0.01471,25.7455,0.3787,0x60...fff9,https://bscscan.com/tx/0x0903acfbf2e4cd2d9a31be2a37f3db281bb106c6afff98f7040f89fd3abedba6
2023-03-30 23:44:25,False,4.667,0.0147,172.536,2.53635,0xb6...4942,https://bscscan.com/tx/0x56038dcdbe88fe8f9cfde2ab89a64cefedda31c06597bb7a8e051f1c61c9b1ee
2023-03-30 23:43:04,False,4.6906,0.01477,2.54617,0.0376,0x2d...7822,https://bscscan.com/tx/0x4b2c625b14b344aa29ac333ad101e59fa7ca0d4ec58f3cd8326a7e8870ed1b90
2023-03-30 23:43:04,False,4.6968,0.01479,42.3414,0.6264,0x00...78d2,https://bscscan.com/tx/0xc688b34b6ff2ab60b636c42e56146c7ebf5ab95736da10df0a3fa6ce9a95c725
2023-03-30 23:42:01,False,4.6872,0.01483,61.5599,0.9135,0x05...7eea,https://bscscan.com/tx/0x3ab0fcb7df129b2bb3376a5601ee9a387a51d8f81488a58f33c9066317d83013
2023-03-30 23:41:52,False,4.6999,0.01488,31.8091,0.4733,0x2d...7822,https://bscscan.com/tx/0x37455898c03028f0392c6152da61620705836bef9d3b3637447f305b4d1e46d3
2023-03-30 23:40:19,False,4.7044,0.01489,2.18,0.0324,0xd7...882e,https://bscscan.com/tx/0x9ce63c6f350977d05bde4273f72a3f19550b8533804a845df5c6fe5cc125e7f5
2023-03-30 23:39:52,True,4.728,0.01496,3.0,0.0449,0xbe...1239,https://bscscan.com/tx/0x6b31d87ec75af0e49c19e8578804b9d41025a4442d50bde01a8ca43b5f55c58e
2023-03-30 23:38:28,False,4.7085,0.0149,33.9784,0.5065,0x2d...7822,https://bscscan.com/tx/0x578b81119b9a38095569453d46dd881aba76695a587cdbdcc30f0945c852ae20
2023-03-30 23:37:31,True,4.7344,0.01499,17.0272,0.2552,0xd7...9a7e,https://bscscan.com/tx/0xf7b74f4fa0b924c21d6078dc5ffe99ab7b82826a8dee9835cb346b14158d4d5a
2023-03-30 23:36:34,False,4.7343,0.01491,19.1235,0.2852,0x0c...8533,https://bscscan.com/tx/0x50087fc592769ff363ba10fa5c0a1118e3796e687456371b02ce31e7b5d22244
2023-03-30 23:34:49,False,4.7198,0.01494,49.0132,0.7325,0x2f...e155,https://bscscan.com/tx/0xa7c5c19176e52a34e558303d1464db7a2f5a8d76cd840fb9dcb54d47e7e75a5b
2023-03-30 23:33:10,False,4.7337,0.01499,51.9889,0.7792,0xda...c952,https://bscscan.com/tx/0x102371ed2303ecf0be68ebb30b5d8ad5c85570902d86d05e90ff446bc49472d8
2023-03-30 23:32:31,True,4.7875,0.01508,8.12482,0.1225,0xd7...9a7e,https://bscscan.com/tx/0xd1e0814e6db73cc524c93497fe5ba8658d6f95c01791c611cc90d6276b94633f
2023-03-30 23:32:01,True,4.7854,0.01507,7.04674,0.1062,0xd7...9a7e,https://bscscan.com/tx/0x09688543f5c49686b2d3fdf0d3f17b63729484b53b3f090ab890ad992e6df0d1
2023-03-30 23:31:34,True,4.7594,0.01507,7.55353,0.1138,0xd7...9a7e,https://bscscan.com/tx/0x598abe98355e6a4233070eb3b348402f88107e9dbe110a129058773cf9747688
2023-03-30 23:31:13,False,4.7654,0.01501,51.0932,0.7671,0x0c...8533,https://bscscan.com/tx/0x2ee451305218c20cbdabe340af0052d450fd1ec670fa9784237f841a579beeb8
2023-03-30 23:31:01,True,4.7819,0.01506,102.712,1.54759,0x6f...e0a2,https://bscscan.com/tx/0x5429d1d07f3c8c1e5422930bcd55ebb1c7bca0b945b48810c81cc1ad2e383659
2023-03-30 23:30:46,True,4.766,0.01501,11.3423,0.1703,0x2d...7822,https://bscscan.com/tx/0x3a629260f26210f5688409ab1be64b3d3c3a7267ab9d6c1397866d9cc119a340
2023-03-30 23:30:46,True,4.7579,0.01499,46.2852,0.6938,0x00...78d2,https://bscscan.com/tx/0x9fce7491e001874d75707b5051d679a7ef8e1e5b8b92df977e76aca21c976694
2023-03-30 23:30:28,True,4.7222,0.01495,39.7369,0.5942,0x2d...7822,https://bscscan.com/tx/0xf0e639c292bb66dd37bba37d4bb90c35ad77a77affb3f9134a4c814ed431d711
2023-03-30 23:30:25,True,4.7117,0.01492,36.662,0.547,0x2d...7822,https://bscscan.com/tx/0xe707bb8f4c1fb4b1c93d12cc19cb7aed85d055d7d3749634d8b0e130e1944517
2023-03-30 23:28:34,True,4.6833,0.01483,171.219,2.53927,0x0c...8533,https://bscscan.com/tx/0xd2a8b982ab468f2524d8c2a039c31330ffc01909de743e052447652511ae375a
2023-03-30 23:28:34,False,4.6601,0.01475,172.536,2.54613,0xb6...4942,https://bscscan.com/tx/0xce22bc3f41d5b4b4d60c6ca986d196c33d2f725a295aca065708427ad13dfb62
2023-03-30 23:28:28,True,4.68,0.01482,198.053,2.9351,0x2d...7822,https://bscscan.com/tx/0x9845db6e53892e31afc304c3bb803312a8bdc69a83aed3bc7bcb38abfadad8f4
2023-03-30 23:28:28,False,4.6571,0.01474,202.134,2.98098,0x30...6a14,https://bscscan.com/tx/0x5eabc21cb46a3733b7eb9013457032ba082ff7b7b53db091e381d157c07c66df
2023-03-30 23:28:04,True,4.7009,0.01488,51.3387,0.7642,0x2d...7822,https://bscscan.com/tx/0x431723c56ef9676c98ae49b899103464fc6c3f20c7119132c74d0357731ca66d
2023-03-30 23:27:58,True,4.6897,0.01485,30.9343,0.4594,0x2d...7822,https://bscscan.com/tx/0xade117d5ac21104b0f759bda2bf602062787091a8aaedce156529529e4730abb
2023-03-30 23:23:34,False,4.6898,0.01477,33.0835,0.4888,0x2d...7822,https://bscscan.com/tx/0xfb0ebac9c3d53b693f15716b2b33a5b6640d0d38bb8689e93d4da660eeeffb34
2023-03-30 23:23:01,False,4.6765,0.0148,40.3032,0.5968,0x2d...7822,https://bscscan.com/tx/0x790d6673c63a6aea27fc914383fe0da6965b9a057b7c483806db99f878440edc
2023-03-30 23:22:49,False,4.689,0.01484,51.376,0.7628,0x2d...7822,https://bscscan.com/tx/0xccaf2af270765b848c891276bfbb2b5a6010dca85f8a23b80665efac0ba9663b
2023-03-30 23:08:28,False,4.7186,0.01487,1.11819,0.0166,0x1d...f269,https://bscscan.com/tx/0xc9376c901a47faf6497a447fb86eded1e49b54388d4711e2b8ca8970c7d53b32
2023-03-30 23:08:16,True,4.7208,0.01495,1.98873,0.0297,0x51...eee2,https://bscscan.com/tx/0xc9ba701f0cad1cbe20e85a44e4e0c63da488152c806f492506104f7ce201d374
2023-03-30 23:07:25,True,4.7368,0.01492,39.8103,0.5942,0x2d...7822,https://bscscan.com/tx/0x07ff99a8a0278644a3f530efb4b14e08d9fa1b16942037c68e79874174a11752
2023-03-30 23:07:07,True,4.7265,0.01489,32.1776,0.4793,0x2d...7822,https://bscscan.com/tx/0x3000951c0d643f270f4feb0daf40306f787d97674e872e35128ca959c99ad552
2023-03-30 23:04:33,False,4.703,0.01482,32.8954,0.4875,0x2d...7822,https://bscscan.com/tx/0x22b253d67b1538a40c7ee3e0665afb458438b957fd9ddbf3874c1d1d32dee857
2023-03-30 23:03:54,False,4.6891,0.01485,38.2245,0.5677,0x2d...7822,https://bscscan.com/tx/0x80e2d0ac18b4366c43b778f23dbbfd9a782d9fbb4c5356b7e089e8987434ed4a
2023-03-30 23:03:33,False,4.7229,0.01488,33.8502,0.5038,0x2d...7822,https://bscscan.com/tx/0x0af74c12e3bec858fe77e29e2715d91f90b1e215c6d1108efb52707bb474a5b1
2023-03-30 23:00:30,True,4.7454,0.01495,38.171,0.5709,0x2d...7822,https://bscscan.com/tx/0x360443764757b4d702a630d0acdfce2d26b3aaa404138871b13810b0c16ddd69
2023-03-30 22:59:51,True,4.7356,0.01492,33.0748,0.4936,0x2d...7822,https://bscscan.com/tx/0x13dec133584604a0819b8d80909fb59dcd5b0b4e2dd4a688df5ee2022c6d9401
2023-03-30 22:55:14,False,4.7074,0.01483,4.13139,0.0613,0x0f...8976,https://bscscan.com/tx/0xdb747d6be1edb21e173c84eb34667a7873535957553147288dc62496d57e835b
2023-03-30 22:54:51,True,4.7267,0.0149,34.0681,0.5076,0x2d...7822,https://bscscan.com/tx/0xdb5f32f73d81bc153fca1766c4b22c1a27aafc37d82668aecd0a94d30fe57adc
2023-03-30 22:53:13,False,4.7024,0.01482,31.74,0.4705,0x2d...7822,https://bscscan.com/tx/0xe1b8af489e836630f840940e54496d584144bf4459f52b7864053077d7eaa42b
2023-03-30 22:53:04,False,4.7131,0.01485,46.9011,0.6968,0x09...18f7,https://bscscan.com/tx/0x950156bb12afdd717e19424c820036a98506316c38b39996dda8a914d29bf364
2023-03-30 22:51:43,True,4.7432,0.01495,1.99282,0.0298,0x34...8793,https://bscscan.com/tx/0x52cf8a087ed755c835ce4d2f1cd75ecc7db8c08f6055e93f9a4b083514438990
2023-03-30 22:51:19,False,4.7243,0.01489,36.3242,0.5409,0x2d...7822,https://bscscan.com/tx/0x15e009ed63fd8a99ec2315e3c2e32e0ffc8115319e95230d12c4b2038663d5cf
2023-03-30 22:51:04,False,4.7103,0.01492,32.7657,0.4889,0x2d...7822,https://bscscan.com/tx/0x5337cf027672e60417b494833761444ed604842a57c75dc1193d9116f5e658f5
2023-03-30 22:50:22,True,4.7378,0.01501,3.73633,0.056,0x0e...2f4c,https://bscscan.com/tx/0xd0d2fbcf05352ff5637f009b454762a05d6f49dc2c348cb3f3508f8d12bc6ac0
2023-03-30 22:50:19,False,4.7182,0.01494,33.3846,0.499,0x2d...7822,https://bscscan.com/tx/0x16cab771cd477d6362a74fc2a1680b14927c7e8f4bfde3e2a80dd7e207d02ed1
2023-03-30 22:50:16,True,4.7444,0.01503,15.2845,0.2297,0x13...1236,https://bscscan.com/tx/0xdf3c5c6e1e2aef32117076b5c0967f63059835af891402184ffe2fc34ecfb6cd
2023-03-30 22:50:13,False,4.723,0.01496,31.3689,0.4693,0x2d...7822,https://bscscan.com/tx/0x74d70bcfb3e9dbcbd29470a35759feaeabf361fb8a7aa296de3ed64420e9a141
2023-03-30 22:50:04,False,4.7342,0.01499,49.4746,0.742,0x00...78d2,https://bscscan.com/tx/0xd5d6b8159f03802fe1186000081cd5c27661db6cbac62ffdc48d46a0eab5e3f4
2023-03-30 22:48:52,False,4.7419,0.01502,6.24157,0.0937,0x2d...7822,https://bscscan.com/tx/0xdf1ad4bc979bb47aa1c7432e9d6f7ed531ae3ee5f281b6dcc63e5f0f88fa2e4c
2023-03-30 22:48:52,False,4.7488,0.01504,43.9036,0.6605,0x05...7eea,https://bscscan.com/tx/0x0e0dc39df406f06b5a16c8e71a754d2c449eb67259ce3fdf436809d02004dc63
2023-03-30 22:48:19,False,4.784,0.01508,36.8106,0.5551,0x2d...7822,https://bscscan.com/tx/0x096be5f6f10d792ed2c09f8e71fdf1518cf9d24c0b820fdd381135a7153e4fcf
2023-03-30 22:47:40,True,4.8117,0.01516,11.1764,0.1695,0xbb...c106,https://bscscan.com/tx/0x1059e92c8619a61292cade85148b5dab2fdb0709a1b55c068fcdf7963415f087
2023-03-30 22:47:28,False,4.7681,0.0151,42.0061,0.6345,0x9c...3f22,https://bscscan.com/tx/0x6b9ab667e070f8d40da63e18971be69535f70bb3748df5f74a2f4afbd11921e6
2023-03-30 22:47:25,False,4.7784,0.01513,31.803,0.4814,0x2d...7822,https://bscscan.com/tx/0x02934be4bbf4b83713922b162a99ba196299d05af25f069af5850ecac52f6c04
2023-03-30 22:46:22,True,4.8275,0.01522,3.67,0.0558,0xe5...4cf7,https://bscscan.com/tx/0x195b1ac30ef419e47f2c082fcb3efdb6e5544cba886aa65e3063c1714e94a32e
2023-03-30 22:46:13,False,4.7813,0.01516,23.9623,0.3632,0x2d...7822,https://bscscan.com/tx/0x41317008ed0fb4dae5e11bbc950fe67b98da79e3f8fcdbb0287bca99a0b8ec97
2023-03-30 22:46:13,False,4.7978,0.01521,92.6097,1.40882,0x00...78d2,https://bscscan.com/tx/0x75d21fb5241779fcbc86496bc07d465d4b44d5376bbd45815e067f5c31029838
2023-03-30 22:45:55,False,4.8407,0.01527,38.4911,0.5878,0x2d...7822,https://bscscan.com/tx/0x3c00d5c8350a0308cc11b4cb71645ec5acb2ed7bbdd1b5cc308d406c407147f9
2023-03-30 22:45:49,False,4.8513,0.0153,34.8764,0.5337,0x2d...7822,https://bscscan.com/tx/0x62d34b2faf58b4fc8d18cefe2e9664e932ad43b92d7a00e1567c7940f80626a2
2023-03-30 22:45:40,False,4.8366,0.01533,33.1548,0.5084,0x2d...7822,https://bscscan.com/tx/0x0e4938055d7c628761b9205ceaf83dc943596b2af69b8ce78e29fd9f72d52ed7
2023-03-30 22:44:49,False,4.8701,0.01536,31.2997,0.4809,0x2d...7822,https://bscscan.com/tx/0x9951ce7501f999791a0a231f45c19e11a73558bc87ddc9156f309428b08579fd
2023-03-30 22:43:57,True,4.8945,0.01544,30.6398,0.4731,0x2d...7822,https://bscscan.com/tx/0xc1bdc82d7dbab4238f28cd695be85d1a5f3fb05a309a8ba220c284714db108af
2023-03-30 22:43:42,True,4.8642,0.01542,9.73086,0.15,0x2d...7822,https://bscscan.com/tx/0xeb53e5d518665818d73fe755c4807e2a2bfa5d843b4a317d39eab1dd1f2a783d
2023-03-30 22:43:42,True,4.8509,0.01538,82.3421,1.26654,0x00...78d2,https://bscscan.com/tx/0x3aa0917e9df4d59eae79c5e690d5820bf9e00abb320dfe9f207eef2200c6cc1e
2023-03-30 22:43:27,True,4.8628,0.01534,4.29339,0.0658,0x2d...7822,https://bscscan.com/tx/0xf402992f0b6cde7acd2ca77f98f208b90d7ab412a448d11440680b35db3b842e
2023-03-30 22:43:27,True,4.8554,0.01531,47.3464,0.7252,0x00...78d2,https://bscscan.com/tx/0xe74a8ca840e4a6413dfcabea5df40868ebb37516487eda8dc6f9aad4e8af673b
2023-03-30 22:43:21,False,4.8325,0.01524,56.9997,0.869,0x0e...7558,https://bscscan.com/tx/0x56b898cdfeb9dc520133c5d604a4b20a47e6cd11ce11cfd8ab103d88213d3db7
2023-03-30 22:43:18,True,4.8567,0.01532,56.9905,0.8732,0xaf...847e,https://bscscan.com/tx/0x569069f20f6e2ef4c6683120dd1795ae023225b36a981bbb49b9ff305511bc67
2023-03-30 22:43:03,False,4.8261,0.01522,12.2989,0.1872,0x2d...7822,https://bscscan.com/tx/0xb73630d5ca9498d41acb8f96d014ea5fc558a14ff4b32a9eaf6da86d742d8113
2023-03-30 22:43:03,False,4.8391,0.01526,78.8471,1.20378,0x0f...8280,https://bscscan.com/tx/0x71c5f9545261301dba9ba51aebcc8668a85a7d9c60657e39a98883d4ea589d83
2023-03-30 22:43:00,False,4.8365,0.01533,72.0954,1.10562,0x2d...7822,https://bscscan.com/tx/0xc62cf328404721043764b26b5a6ae9e903cf5a2556814abe03d0b345e10d2e05
2023-03-30 22:42:57,False,4.8603,0.01541,93.9427,1.44776,0x05...7eea,https://bscscan.com/tx/0x8f3a8eba43ec1df99b7316569f8b3f53f934429be5bdf74bf29649ffa826e36c
2023-03-30 22:42:54,False,4.8743,0.01545,2.73652,0.0422,0x2d...7822,https://bscscan.com/tx/0xecc26eedf60df7206d9edc627885eadd0e44ecd876ce7a205fd7f4439cebfd00
2023-03-30 22:42:54,False,4.8854,0.01549,73.5907,1.13996,0x00...78d2,https://bscscan.com/tx/0x00f02c7add225569faccfaac8bd33cb10a36af43267c5f19b3c7ab0d0a20872c
2023-03-30 22:42:15,True,4.9158,0.01558,31.5622,0.4919,0x2d...7822,https://bscscan.com/tx/0x0fa187bc8b6f1ab0f9d126fb54fbfe1ee384051c1749a95e92e7d0afdd2020fe
2023-03-30 22:41:33,False,4.8956,0.01552,61.2357,0.9505,0x2d...7822,https://bscscan.com/tx/0x48fae7a6d4f01210059b2bfe1321a7b46134618fdf71dfe7ec9820c417281b0e
2023-03-30 22:41:03,True,4.9224,0.0156,45.8051,0.7149,0x00...78d2,https://bscscan.com/tx/0x9be1f6326d4583650c27214e41afd82986f44057c30c8deca8c7a6f28af050e2
2023-03-30 22:39:30,False,4.9157,0.01551,0.3855,0.0059,0xbb...c106,https://bscscan.com/tx/0xcadcd2b14c55c8ef513df084d63f7eec72990640e94b7d1619b8c87360257cb1
2023-03-30 22:38:57,False,4.8913,0.01551,0.3881,0.006,0x2a...e55a,https://bscscan.com/tx/0x3a57f2bb08e6b50c6a175af20d4b3c1981f97c72bb8e3aa918829c1121e5432b
2023-03-30 22:38:51,False,4.8918,0.01551,3.36,0.0521,0xe5...4cf7,https://bscscan.com/tx/0x6e9215718b6b7af760fa92c7c6458af25f3cc64479f7ad8060650f56173fb1dc
2023-03-30 22:38:48,True,4.9074,0.01556,64.2627,1.0,0x18...c097,https://bscscan.com/tx/0xa952cce31e18133b7c1a6ed84544b3b4724f4c907c588f7784b43dea2e56ebb5
2023-03-30 22:37:15,False,4.8981,0.01546,20.8222,0.3219,0xb4...c8b9,https://bscscan.com/tx/0x366853f49bc2bbef666d60a56dd9cf74574380d9bd0112b1609f7c12722761f1
2023-03-30 22:37:15,False,4.9054,0.01548,29.2657,0.4532,0x91...79fe,https://bscscan.com/tx/0x84fc02233eaebf919fffd455a89da6c033f1c9cff2739988faac525e783db739
2023-03-30 22:37:15,False,4.9149,0.01551,36.0648,0.5596,0xe9...1702,https://bscscan.com/tx/0xf287f9af019cc0d86eb5a26f22a7a6851100af401b5c8eab696e3628ff1f4422
2023-03-30 22:37:12,True,4.9122,0.0155,222.6,3.45208,0x3b...290a,https://bscscan.com/tx/0xcf1a95464d029592c539d99c3aea0a25b260e3d10fb2809bf306c864c12076aa
2023-03-30 22:37:12,True,4.8796,0.0154,1.52171,0.0234,0x52...1c7e,https://bscscan.com/tx/0xa0a89fb73bacf290884751c8f20fdd11fcd6f20f0dfe0d3a6a744fc9e88e7d97
2023-03-30 22:37:12,True,4.8573,0.01533,153.146,2.34844,0x00...78d2,https://bscscan.com/tx/0x233c72be583b23eac0f71b34bcb3bda202422ff5c9ff57e1d46b28ad2822c1be
2023-03-30 22:37:09,False,4.823,0.01522,100.0,1.52264,0x23...91f0,https://bscscan.com/tx/0x9f58bb6b0cda7fec2ef46950fba5b77a522c81606a268dee94795815f2242377
2023-03-30 22:37:09,True,4.8448,0.01529,150.398,2.30036,0xd6...f5d2,https://bscscan.com/tx/0xba6ab8b91e1f142986dfca547777f46f952bff697db638189ffa20345829c7fe
2023-03-30 22:37:09,True,4.8142,0.01519,46.9146,0.713,0x71...dbe6,https://bscscan.com/tx/0x0d622b0231d8a3255fd502cef3590b3a689dc8cef185065a9bd08a5f6f23f7a3
2023-03-30 22:37:09,False,4.8267,0.01523,303.74,4.62839,0x55...6d5e,https://bscscan.com/tx/0xd920693ddaa3dd7360449dced252572c7f63773c670b4d6cc7cdce762c6dec35
2023-03-30 22:36:30,True,4.8856,0.01543,47.3546,0.7307,0x00...78d2,https://bscscan.com/tx/0xdf763031fc3a8832bd40b9357a5d5f9ab36c83bd964abd82551c9563aac8514a
2023-03-30 22:36:24,False,4.8558,0.01533,10.448,0.1602,0x7f...3696,https://bscscan.com/tx/0x74a523cce5828d76a66b3b542b7e215c3b18cdaad09de24f83ee0ebd51691367
2023-03-30 22:36:15,True,4.8752,0.01539,42.1248,0.6486,0xca...34d7,https://bscscan.com/tx/0x25ca9fd2026687f1a313657bf006007218e9e6220b96c625809d2a1960e76d59
2023-03-30 22:35:48,True,4.8364,0.01535,58.1011,0.892,0x00...78d2,https://bscscan.com/tx/0x5f6a34352d22e395ecb7d5a193bbaa181f4a8f0d4f987071dd1ba5dba08c4661
2023-03-30 22:35:21,True,4.8218,0.0153,43.6574,0.6682,0x4d...74b8,https://bscscan.com/tx/0xd2019215d2aef6469f165cd66dd5a618b4c6057b447995526327169422315b71
2023-03-30 22:35:18,True,4.8147,0.01528,6.1997,0.0947,0x86...1912,https://bscscan.com/tx/0x34cd79db14b8a5e3bad6edfcd6f7304460ade460dc8cb6d09721876bb4e1d621
2023-03-30 22:34:39,False,4.792,0.01521,15.0252,0.2285,0x11...a5bc,https://bscscan.com/tx/0xd4803822ffb7a136b07b15e5f5da18959859def29b09922abaf6646b009f3aa9
2023-03-30 22:34:24,True,4.8359,0.01527,44.8502,0.685,0x43...fe22,https://bscscan.com/tx/0xf48883d8b2272081509e15f1ea1e6411a93c57245b0a130aef9266c1caa4cf52
2023-03-30 22:34:21,False,4.807,0.01518,11.0579,0.1679,0x7f...3696,https://bscscan.com/tx/0x417905687ae612999815fd7304029ab8ef19e613909c68bd6d4cdaa7622f7af0
2023-03-30 22:34:21,False,4.8148,0.0152,44.4026,0.6753,0x11...a5bc,https://bscscan.com/tx/0xff8fd7ee70ad2995cbb2abcc645a6ff98d51e45a945444c37b1747a01279a2b1
2023-03-30 22:34:21,True,4.839,0.01528,44.3047,0.6771,0xe3...d2ff,https://bscscan.com/tx/0xcade1623dfafa03c0702bcb25954f24ad8d1c3f224aebee6c95f4279701c701a
2023-03-30 22:34:18,False,4.8163,0.01521,54.9089,0.8353,0x11...a5bc,https://bscscan.com/tx/0xbf2ad3ed245d61b503caa127525168d317da2f6a78134fa9e7d9059858ad1550
2023-03-30 22:34:09,True,4.8415,0.01529,47.7119,0.7296,0xef...cab1,https://bscscan.com/tx/0x2e643abb0ad64be3e68c69dc484d387b1c972fe3dbfc319ccf93c88e0be97541
2023-03-30 22:34:06,False,4.8183,0.01522,54.8145,0.8342,0x11...a5bc,https://bscscan.com/tx/0xfe40b46e70b9f44d63d40cb54fb475bd6a9b749e8413bdd60b076995b1a580fe
2023-03-30 22:33:54,True,4.844,0.0153,44.5196,0.6811,0xca...34d7,https://bscscan.com/tx/0xf808d90ba95a7b078b214430fb17c66baefd4442c6152463da795f204fe41b11
2023-03-30 22:33:33,False,4.8116,0.01527,155.971,2.38236,0x19...eae1,https://bscscan.com/tx/0x9c321399bddd93383e16d373f0e46146ca8854a8f866415bc22e59004c398f52
2023-03-30 22:33:33,True,4.7654,0.01512,671.167,10.1532,0xda...fd50,https://bscscan.com/tx/0x9d02fcfc3b15e488f54acdcf8f75bbf1497c2e8685e86b8405afd6a0f79454e4
2023-03-30 22:33:33,True,4.6441,0.01474,191.811,2.82784,0x62...fadf,https://bscscan.com/tx/0xc6feeeb0fe8ddd2f582a3cd054db193aba56c12c27734dec7de7f06c535d3fff
2023-03-30 22:33:33,True,4.5781,0.01453,303.74,4.41432,0x77...100d,https://bscscan.com/tx/0xfa07a87834ed72df6b1ec7bc0f56902bd62139e4328d8ab61b149625146a1f60
2023-03-30 22:33:33,False,4.6503,0.01476,1011.25,14.9286,0xd9...7595,https://bscscan.com/tx/0xe7bde2e3a8a2173e24ef78563c51a3a7a516b4931b9426f6c44f5e82e9fe41b9
2023-03-30 22:33:30,True,4.8069,0.01526,41.1645,0.6281,0xc1...b919,https://bscscan.com/tx/0x08fdad6a8a8da10a69dbb728d346369fe449101311e5caa568a4dc416cb5f62e
2023-03-30 22:33:27,False,4.8086,0.01518,53.4355,0.8116,0x11...a5bc,https://bscscan.com/tx/0xe1d8b8d9d2727927ce72b87898f6afaed99957c97660059d3ddc54e83ece4abb
2023-03-30 22:33:21,True,4.8345,0.01527,41.0335,0.6266,0x56...0086,https://bscscan.com/tx/0x9f9c18060faff02551a911e4e82f3d8fa277dde854fc57ea5669cd4e163e729a
2023-03-30 22:33:03,True,4.7923,0.01522,69.1048,1.05185,0x00...78d2,https://bscscan.com/tx/0xa9aa9b0c61d48a2c1678e1e28fcd5c74339554622687f28b1ab789983d457d1e
2023-03-30 22:33:00,False,4.7662,0.01513,53.3392,0.8074,0x11...a5bc,https://bscscan.com/tx/0xa51f95d9ec55704a23f7bdb6b4b760cbb2d80b30a740fa1802080a00e643891f
2023-03-30 22:32:57,False,4.7837,0.01518,55.0973,0.8367,0x11...a5bc,https://bscscan.com/tx/0x4ffb66ce3595ecf13eafc4cb250ee976a2fee1e6156422e2c4aed8ac9e6b495d
2023-03-30 22:32:36,True,4.8381,0.01528,11.2786,0.1723,0x2d...7822,https://bscscan.com/tx/0x1624903561b4480111c1398cb63fcbba22a5e3bb20060e46bfe037bc97d576d1
2023-03-30 22:32:36,True,4.8283,0.01525,57.8453,0.8822,0x00...78d2,https://bscscan.com/tx/0xe6918b57fee6052a488a59e9f6270e9e40f3626b4dd8224c5fda9b382dc23854
2023-03-30 22:32:33,False,4.8038,0.01517,55.1499,0.8368,0x11...a5bc,https://bscscan.com/tx/0x240573bd1cbe7e4180e158b85d3e77ce4017b804dadadee28037f6cf62f54d93
2023-03-30 22:32:15,True,4.8311,0.01526,31.2668,0.4771,0x2d...7822,https://bscscan.com/tx/0xf4711a22d617b12afa7b255045724a2c77ef6f649d6a479ccc98341a8c29361d
2023-03-30 22:32:06,True,4.8177,0.01521,62.7894,0.9555,0x2d...7822,https://bscscan.com/tx/0x710be7553a2b6055948c6b07dd7676871193c2452147fa806be017f326c497bf
2023-03-30 22:32:03,False,4.7926,0.01513,55.7379,0.8438,0x11...a5bc,https://bscscan.com/tx/0xbd703daa65486c10ddc584fa007e9ad9936a9712a237b34c2cd6727d817a5a4a
2023-03-30 22:32:00,True,4.8229,0.01523,11.2525,0.1714,0x2d...7822,https://bscscan.com/tx/0x32cc03a9471d74302e1f45d14ca5ad8327d96f51b37a6875a7508e9504a55bf4
2023-03-30 22:32:00,True,4.8135,0.0152,54.571,0.8297,0x00...78d2,https://bscscan.com/tx/0x35b99b408ad9901d63d8a2b8fb1696de6751a907f50314eba522e78628dafe13
2023-03-30 22:31:36,False,4.7818,0.0151,0.3479,0.0052,0x6f...1a36,https://bscscan.com/tx/0x161345622d831df29433aafd7dca6f241cb6d680a4c1d33c65ed047d943b6928
2023-03-30 22:31:30,False,4.7822,0.0151,2.59383,0.0391,0x90...48cd,https://bscscan.com/tx/0x24edd4e114abba7bfc441390dedacd320a158cc89fc094fb590301fcdbf5fdd5
2023-03-30 22:31:27,False,4.7608,0.01511,15.5049,0.2343,0x93...9236,https://bscscan.com/tx/0x6821067142aa52a58b5f4792e6f90c4794ed7d4ee26e9fa1b05c96096a6a35cf
2023-03-30 22:31:27,True,4.782,0.01518,35.0304,0.5318,0x2d...7822,https://bscscan.com/tx/0xad380a35cc92ffcf287ed2c6060fbf9fccee2aebbe2922ce11a06a819450713b
2023-03-30 22:31:24,True,4.7713,0.01514,40.9078,0.6196,0x2d...7822,https://bscscan.com/tx/0x7113d7a7c108ebd43fe9ebf7874d6bab6f58c3318df3b882ec948a95b374c0b3
2023-03-30 22:31:21,False,4.7502,0.01508,60.3161,0.9096,0x11...a5bc,https://bscscan.com/tx/0x30c738b182b2f05be61488c395bbe564034467e62a1fb4633d4dbc5dd67f4ebd
2023-03-30 22:31:06,True,4.7761,0.01516,38.8394,0.589,0xef...cab1,https://bscscan.com/tx/0xb74e451c99d00817de9b35f343539210c586b31c4a1495020bff152d106a4a9d
2023-03-30 22:31:03,True,4.7693,0.01514,9.81973,0.1487,0x2d...7822,https://bscscan.com/tx/0x5eb369fcea1602333a08ee91cfea141e0fb432b9f945c31f18e776edc905add7
2023-03-30 22:31:03,True,4.7605,0.01511,52.7,0.7966,0x00...78d2,https://bscscan.com/tx/0xefff3f29ca5968d3ed96e817729ae9461de43af632ef28ea1898de6aa8443213
2023-03-30 22:31:00,False,4.7354,0.01503,43.1373,0.6486,0x11...a5bc,https://bscscan.com/tx/0xc8f70814dde49b435fe63bcfa555d5d680f0ae716d16541c645962d2e56d6ef3
2023-03-30 22:31:00,True,4.7652,0.01513,0.0581,8.793e-05,0x2d...7822,https://bscscan.com/tx/0xc31357814ef1c50bbaeeeb8a385aa3e5d489ad48a388bf35bd66448c8382d355
2023-03-30 22:30:57,True,4.7597,0.01511,39.3941,0.5953,0x2d...7822,https://bscscan.com/tx/0x07aa9edb7c4399537d5e15c5d44c100246e6d9a63fcb0b9c9b3f1f5568bf5bdb
2023-03-30 22:30:57,False,4.7379,0.01504,53.7046,0.8079,0x11...a5bc,https://bscscan.com/tx/0xe1941dc075b7c037b2809848dbed7801ad81234136137e29d335d79050cc640e
2023-03-30 22:30:48,True,4.7652,0.01513,28.389,0.4295,0x2d...7822,https://bscscan.com/tx/0x6809e5063da4e0a47be4e0235f15a0913aed13f7bbf390cb2ae3e7fdd711ec8d
2023-03-30 22:30:42,True,4.7803,0.0151,35.5289,0.5365,0x2d...7822,https://bscscan.com/tx/0x4282a8440e36dfa8fb70d34de93861fb72f5c5eb3212c7e52867def0a010f837
2023-03-30 22:30:18,True,4.7697,0.01506,40.0636,0.6037,0x2d...7822,https://bscscan.com/tx/0xc8f82d1a9f9299c211c10d0f7cceeea5694ba6ec24f3d44184c67ab051b14d24
2023-03-30 22:30:18,False,4.7476,0.015,52.5959,0.7889,0x11...a5bc,https://bscscan.com/tx/0x14e05fa98831f90c091753c08722ef0e1980bf4f70b5e6ebe86212df1648bdc1
2023-03-30 22:30:09,False,4.7314,0.01502,1.86477,0.028,0x38...28dc,https://bscscan.com/tx/0x5dc97763603c7914cb3bb54c348a30b24066cc9ecfa7848c126f535972441d95
2023-03-30 22:30:03,True,4.7499,0.01508,39.9037,0.6018,0x2d...7822,https://bscscan.com/tx/0x86355f8deff61052df9127d12d45ba701e158da6d3283e71876fa7b4c460c450
2023-03-30 22:30:03,False,4.7281,0.01501,54.2801,0.8149,0x11...a5bc,https://bscscan.com/tx/0xc94fecf5b5a84d624465538b138adef03b52b53a41951172eee25e9e10616800
2023-03-30 22:30:00,True,4.778,0.01509,37.8827,0.5718,0x2d...7822,https://bscscan.com/tx/0x880ea5926f777911ee42679e3ec7ccc81a31d833d5ab8a74951ee4e87adb4140
2023-03-30 22:29:06,False,4.7264,0.015,8.96438,0.1345,0x7f...3696,https://bscscan.com/tx/0xe30a26e632db81c26b006a64d96a939aaa348b16ba1791f674ee30e1bf11a520
2023-03-30 22:28:45,False,4.7513,0.01501,0.2685,0.004,0x6f...1a36,https://bscscan.com/tx/0x293e543cadab06f72e6762db6319f1b9667c1ec1a3a8f34078b4ba8b8bcfdcff
2023-03-30 22:28:21,False,4.7515,0.01501,0.5024,0.0075,0x89...3571,https://bscscan.com/tx/0xf806ff9255f27f7e7707b58082d178ca24ececc6f6abc90c58f554da684a3102
2023-03-30 22:28:15,True,4.7709,0.01507,32.1738,0.4849,0x2d...7822,https://bscscan.com/tx/0xa885979845aa1be59dd3be66a0ea350b580ab0498e3ae2eda3a300ead2033902
2023-03-30 22:28:09,True,4.7382,0.01504,31.8363,0.4789,0x2d...7822,https://bscscan.com/tx/0x4df3462695dc373be773dd14a41a36b14c6445027c39b8d5767dfb6cbdb5b2fd
2023-03-30 22:27:57,False,4.7105,0.01495,2.81502,0.0421,0x0e...2f4c,https://bscscan.com/tx/0xd58b7943dd62b8831b2c3c0bbfe5ebfe6cf0a8f6f90916df2e80c28a355e1738
2023-03-30 22:27:54,True,4.7301,0.01501,31.9901,0.4804,0x2d...7822,https://bscscan.com/tx/0xaaa7cc347c2d34ef0479bdb48bcf19bcb135a8945130103b04ffd24cf22be039
2023-03-30 22:27:06,True,4.721,0.01499,34.2014,0.5126,0x2d...7822,https://bscscan.com/tx/0x9a6c0841d8224238741c1f09114e8033bbcbbb590ac37728e0cdee79bea7cadb
2023-03-30 22:27:00,False,4.6942,0.0149,10.6234,0.1583,0x4d...be5b,https://bscscan.com/tx/0x1ca91253dc4f710beae40a1f100757b6a36ba6d5b5e15544776f0d53fd377414
2023-03-30 22:26:06,True,4.7135,0.01496,41.7615,0.625,0x3a...231f,https://bscscan.com/tx/0x9a8089694ae12bc1452828a9ee6851ea326d28d9f473d65aa71ee2d31a60b76c
2023-03-30 22:25:51,True,4.7269,0.01493,32.9806,0.4925,0x2d...7822,https://bscscan.com/tx/0x0b2e4582a835368ead32f5d09b2b836fdeddd1fbeba57e008c0501e26ee2583a
2023-03-30 22:25:45,True,4.7179,0.0149,31.3548,0.4673,0x2d...7822,https://bscscan.com/tx/0xc46c426557c8d9687b88d1038e6d0ead95966553f1fb19dd0a184b6cee517baa
2023-03-30 22:25:24,True,4.6839,0.01487,45.3262,0.6741,0x00...78d2,https://bscscan.com/tx/0x4af3568b8e62bed48b0577d07ef3e76202e1b2b268a416ab04834e1aa9420aca
2023-03-30 22:19:02,True,4.6726,0.01483,31.1909,0.4628,0x2d...7822,https://bscscan.com/tx/0xfffddcbf217c2454941bb3ef3b2dbd8db9ed42e72eb9c36f6cd55fcd07ba8c1f
2023-03-30 22:18:44,True,4.6669,0.01482,8.66946,0.1285,0x6b...9094,https://bscscan.com/tx/0xe040cfaee0299119d58582dc10a9e4d8714ba2b2d29b5a93c429ab1e01794e66
2023-03-30 22:18:29,True,4.6836,0.0148,38.2396,0.566,0x2d...7822,https://bscscan.com/tx/0x268ad4e26e15a96cbca0860584a79c38deca66a2629cc178e8e212cf4e812da6
2023-03-30 22:17:14,False,4.6392,0.01473,56.4971,0.8325,0x11...a5bc,https://bscscan.com/tx/0x306dddd6c5524960cfadcad225cb9a0012f729bef25b856fb7d878c7090d9754
2023-03-30 22:17:11,True,4.6614,0.0148,64.0362,0.9481,0xb6...4942,https://bscscan.com/tx/0x59935a82a739a5b0a14a6f2132f48a4f7d55a79feb4703feeb2e8fbfdd1df352
2023-03-30 22:15:56,True,4.6484,0.01476,31.4904,0.4649,0x2d...7822,https://bscscan.com/tx/0x9a45f5bb6bccad0bfd7373b82e8ef374add4b4588b22f0f76ba85407c27d923e
2023-03-30 22:15:08,False,4.6281,0.0147,54.141,0.7959,0x11...a5bc,https://bscscan.com/tx/0x342b2b48983d2881dfd3d27bed2f4c3e8f653448ae50462691dbd98d0b06b6d8
2023-03-30 22:14:23,False,4.6432,0.01474,58.4379,0.8619,0x11...a5bc,https://bscscan.com/tx/0x98948d180439de8ea01484a9579d8524434ecf000dbd4fa81fe9aff4be3f7246
2023-03-30 22:13:11,True,4.6718,0.01484,6.631,0.0984,0x98...547b,https://bscscan.com/tx/0xb6e70af9b0ca16893e544c21ce12bae00424bbf710bee470c167f42ebdd8df9b
2023-03-30 22:11:02,False,4.672,0.01477,9.27235,0.1369,0xb5...088a,https://bscscan.com/tx/0xc9d8cb0ffbc1369cad358c725a092cf3ef963571d2945520d827847ad6a2e43b
2023-03-30 22:09:02,False,4.6797,0.0148,55.4257,0.8203,0x11...a5bc,https://bscscan.com/tx/0xca2554b4f8e1cd2ae952747651017ee08b5404eeec01d09d2753549801ec3c5d
2023-03-30 22:08:11,True,4.7059,0.01488,35.0823,0.5221,0x2d...7822,https://bscscan.com/tx/0x36c6b6c8604ade52be731d55df0bb2d214fc87f923df1b35c4235124e050f124
2023-03-30 22:06:44,False,4.6543,0.01479,2.3993,0.0355,0x38...28dc,https://bscscan.com/tx/0x6ef5574fc9521a6e4096b8c7a07348ba51cc77a15b66707db79a55619744acac
2023-03-30 22:06:44,False,4.6551,0.01479,3.32275,0.0491,0x90...48cd,https://bscscan.com/tx/0xd75bc59465e7587d7d255d83627675086dd37f220917158c694144a2e263d366
2023-03-30 22:06:38,True,4.6824,0.0148,147.886,2.19004,0x00...78d2,https://bscscan.com/tx/0x26cab5b0cff9ec920e936f9b5a0c908dc51927e65e1596a339896678baa7ae76
2023-03-30 22:06:29,True,4.6382,0.01474,6.49878,0.0958,0x2d...7822,https://bscscan.com/tx/0x208568910fcc63d383e67e7f21329e2b8ddf494e930ef920ce90f1e393743091
2023-03-30 22:06:29,True,4.6291,0.01471,61.1402,0.8996,0x00...78d2,https://bscscan.com/tx/0x3e2a6d972186bc5886b25254cac3e0de0e7353b49a5700b68e9199a129450c0b
2023-03-30 22:06:02,True,4.6396,0.01467,33.4341,0.4906,0x2d...7822,https://bscscan.com/tx/0x8bc563a70fd0267769708ff4e6e3702a96ab60987943e5117f9acc9f0f9a93bd
2023-03-30 22:05:02,True,4.6269,0.01463,59.4976,0.8707,0x2d...7822,https://bscscan.com/tx/0xc158dfb3aa87e1e9e19322e06b150095f39c4e6ce612870bc7d31d8201ff0573
2023-03-30 22:05:02,True,4.6149,0.01459,30.7916,0.4494,0xb4...c8b9,https://bscscan.com/tx/0xed0f73dc78a52918a4901a50e722156b878bee7b0c7aee7c30c07d797d88b841
2023-03-30 22:05:02,False,4.6143,0.01459,199.56,2.91242,0x6a...6c7e,https://bscscan.com/tx/0x21830d214c34db1354deb150da959edc9a8fbf3a7d7683cac9d8f48442e04cfd
2023-03-30 22:04:50,False,4.6414,0.01468,3.85805,0.0566,0x2d...7822,https://bscscan.com/tx/0xbea6e1d03de6208ead46af6e45667447533ac945883d0ce6a4b13828222029e3
2023-03-30 22:04:50,False,4.646,0.01469,30.3103,0.4454,0x91...79fe,https://bscscan.com/tx/0xb1a13090b6322363739ae0e1fc7a700f4d00ce968840f94a333b01f1b104bebd
2023-03-30 22:03:41,True,4.6729,0.01478,3.07831,0.0455,0x2d...7822,https://bscscan.com/tx/0xa02f3844e10e70c8c558845ab65d2265890b512aea007315d2e9ba42ca261257
2023-03-30 22:03:41,True,4.6664,0.01475,45.0035,0.6642,0x9d...6dab,https://bscscan.com/tx/0xbe0f64b8f2ba67c853ecf4041cfd26c7cb9cc22105dda2e1b2e3475400df8f62
2023-03-30 22:03:35,True,4.6558,0.01472,33.1584,0.4882,0x2d...7822,https://bscscan.com/tx/0x62abb621a994f62c13c1d49b25ded93fc4262542e46a17bfcb7e0a0955d3cd1d
2023-03-30 22:03:26,True,4.6271,0.0147,7.77465,0.1143,0x2d...7822,https://bscscan.com/tx/0x320e17ed51f2aa6e826e62aa906aa4a6d14c78d037a2ff602faa80ee56f3ce74
2023-03-30 22:03:26,True,4.6138,0.01466,91.0204,1.33494,0x00...78d2,https://bscscan.com/tx/0x1ad4de975a445463d98cc5ae34bdf3f93ff6d66f533008ebced3822ba9dd4ed0
2023-03-30 22:02:26,True,4.617,0.0146,58.3227,0.8517,0x2d...7822,https://bscscan.com/tx/0x4f5544396eab0d7c5665164e785e38487a4de747c533274df9cee8c1682d9e9a
2023-03-30 22:01:14,True,4.58,0.01455,47.2284,0.6875,0x2d...7822,https://bscscan.com/tx/0x5053ae67dd469759dd8fc67bf7c3dc81d44e7a1664d7582639fe698b97259c56
2023-03-30 22:00:23,False,4.5803,0.01448,48.5708,0.7036,0x67...b7c1,https://bscscan.com/tx/0xc687ab6682fff0557a32479749916a8371d56b61f52cac05c681f8599008bf4f
2023-03-30 21:56:23,False,4.5702,0.01452,49.3484,0.7169,0x00...78d2,https://bscscan.com/tx/0x340a764efb6bc1b8bc506f6a4d5dcbd554e2228ab155e1f4394e33099b66d46d
2023-03-30 21:55:47,False,4.623,0.01462,176.007,2.57367,0x11...a5bc,https://bscscan.com/tx/0xf169d2bc8f39e4310db20db580759c2a00ef4178d8b513355a67f2b99762da37
2023-03-30 21:55:47,True,4.6408,0.01467,215.477,3.16293,0xb6...4942,https://bscscan.com/tx/0xdb6181a4e66ec419989bbe6d767bca8e5e9061dff5cca3fabd052bf79d5ce5e5
2023-03-30 21:54:59,False,4.5889,0.01451,0.2928,0.0042,0x6f...1a36,https://bscscan.com/tx/0x3fd1cab7d272b4424ce18a0ae1e5b651ed8614efad6e5f77031221d3cc780841
2023-03-30 21:54:20,True,4.6105,0.01458,11.1651,0.1628,0x0e...2f4c,https://bscscan.com/tx/0xecc3e9117233a176e8f14ae294fdccd972ee877d79bb7710ee53a371d1f99685
2023-03-30 21:54:14,True,4.6047,0.01456,32.7726,0.4773,0x00...e049,https://bscscan.com/tx/0xf6ba794d918086f606d59fe606e98dc281cf4b9781a5b47490a3586dfa3d272f
2023-03-30 21:54:14,False,4.6237,0.01462,347.873,5.08753,0x05...1697,https://bscscan.com/tx/0xa3c090b58267f1efa51c6b15e9737640f62951b028b1af8187e3ee86568ce3c0
2023-03-30 21:54:14,False,4.6796,0.0148,68.291,1.01082,0x2d...7822,https://bscscan.com/tx/0x8d50ce35b90d9d0d11b7c6b5a0d510d4942f5a5d6f877544ccf5b17b2db50faf
2023-03-30 21:54:14,False,4.6973,0.01485,61.1,0.9078,0xf5...4b5a,https://bscscan.com/tx/0x06b3868f8fa9281b5051a9f5853eaf67faff37446a766b7177d544c898663e6d
2023-03-30 21:54:14,False,4.7189,0.01492,96.3272,1.43778,0x0f...8280,https://bscscan.com/tx/0x72dcbd07f110dc12d2007482332206fb7a79bcfff2467f82bda4ba5253688730
2023-03-30 21:54:14,True,4.7095,0.01489,335.653,5.0,0xb6...e6e6,https://bscscan.com/tx/0xc159c4a6820f42f0602c8864ff021003e4e4aa15ecce360d9b481c9c4d036bfa
2023-03-30 21:54:14,True,4.6296,0.01464,253.665,3.71452,0x4b...e5c2,https://bscscan.com/tx/0xfead3abe4dc9669f2a04eb63459ebbe09bf05ec19f6a9059cdd908b0b9970a45
2023-03-30 21:52:20,True,4.5738,0.01453,1.0,0.0145,0x15...42bd,https://bscscan.com/tx/0xc55f0328d7eb3e2b2fac7bd0cd1457251feab654309bc726115932d6c577b90e
2023-03-30 21:48:21,False,4.6156,0.01459,310.899,4.53714,0x2d...7822,https://bscscan.com/tx/0x47401ff7524d71c77f0ffb46978addb02bcec6166d28fb92830778225ddbbdc6
2023-03-30 21:48:21,False,4.6631,0.01474,43.751,0.645,0xd0...96f2,https://bscscan.com/tx/0x0cb719c5a5c43496a4216b1ff997300e5501c39a03b92a846936bd31ba415c3b
2023-03-30 21:48:21,True,4.6463,0.01469,340.348,5.0,0xb6...e6e6,https://bscscan.com/tx/0x3c6d3ee7ff3d0f6f1d31da031dfeb64b2b2d8487864613bcfd4b902b279a481c
2023-03-30 21:48:05,False,4.609,0.01457,234.954,3.42394,0x2d...7822,https://bscscan.com/tx/0x1ba5821e9322b8fb7f843aca5c85cbcdd1412e87268972ad93ceea5202aa4f7c
2023-03-30 21:48:05,False,4.645,0.01468,34.6126,0.5083,0xe8...670d,https://bscscan.com/tx/0xd8cbbe9d4c7c47232fdd64227c1c70ea0fb865b4e0462d07ea1caa04a5e12f1c
2023-03-30 21:48:05,False,4.6596,0.01473,73.9055,1.08884,0x5b...f188,https://bscscan.com/tx/0x8f442d340d702f5476be5cce576a8be0161907a3cf7d21d73f3859b584105c84
2023-03-30 21:48:05,True,4.647,0.01469,340.303,5.0,0xb6...e6e6,https://bscscan.com/tx/0x3cc7313a5c614558055a56ce3a50e6ac53a179048cddc7a3de9d373eb0442f68
2023-03-30 21:47:44,False,4.6155,0.01459,279.057,4.0724,0x2d...7822,https://bscscan.com/tx/0xe632075ef1faa08aee374c5327f93b4cc55116bdd608c57916808ce06c022e8b
2023-03-30 21:47:44,True,4.6301,0.01464,341.538,5.0,0xb6...e6e6,https://bscscan.com/tx/0x76c4cbac545c5eede4fd7f2c0bda10eed4f3d61c0c25e8e122d5cc8dcaecb26c
2023-03-30 21:46:28,True,4.5758,0.01446,65.5584,0.9485,0xb6...4942,https://bscscan.com/tx/0xccc3288ae2bdd0f884963654081dd36839df484be16703754cefb91ad1486420
2023-03-30 21:44:52,False,4.5219,0.01437,1.16102,0.0166,0x1d...f269,https://bscscan.com/tx/0x6abcbbe01cbcc213defef71f9677ca9dfacbd6c5a6c8565efaa12738e9b86454
2023-03-30 21:44:37,False,4.5488,0.01438,31.8434,0.458,0x2d...7822,https://bscscan.com/tx/0x618ae2d1400f071717af72d365b88923328743a07ec381a5a1257e4c0ea41043
2023-03-30 21:38:43,False,4.5346,0.01441,31.9824,0.4608,0x2d...7822,https://bscscan.com/tx/0xcd0ba99616e5b4f77e1e49ab23b4c2f2f787659599a0d1296e64d9ac996d4049
2023-03-30 21:38:16,False,4.5724,0.01445,83.3033,1.20436,0x0f...8280,https://bscscan.com/tx/0x2e648112599f29e3caeffdd82c2cfba1d58fd7b8aa9a8585602cdcc6a1be6e4f
2023-03-30 21:38:16,True,4.58,0.01448,198.878,2.8801,0x37...88c8,https://bscscan.com/tx/0xa066611ab37dfcbf35debc76cb8a91a98f0a4c73525eb2ee9b94519bc36678f6
2023-03-30 21:35:16,False,4.5341,0.01434,33.7241,0.4836,0x2d...7822,https://bscscan.com/tx/0xcb3674d588040f5370ccd12a729058d9bb26766bee9dc4313ebed3736cfa679f
2023-03-30 21:33:31,False,4.5224,0.01437,47.2475,0.6791,0x00...78d2,https://bscscan.com/tx/0xc40bb978146001191a255aabf869100586a8d5184db2c90b9c18b8b2326fa297
2023-03-30 21:33:10,False,4.556,0.0144,36.2629,0.5225,0x2d...7822,https://bscscan.com/tx/0x7aa9969a7b5bd156b33c20dfdb33cc5fd8a5f1e51a0380d72cfc1448e7c9532c
2023-03-30 21:32:58,False,4.5435,0.01444,42.0051,0.6066,0xda...6e1f,https://bscscan.com/tx/0x454b20d54c65c5d0b19cc7e2612b008e5b2618d04300bfa6e2b41b30d4281307
2023-03-30 21:31:37,False,4.549,0.01446,3.05,0.0441,0xe5...4cf7,https://bscscan.com/tx/0xaf783b65427eb93efccb1e00377111518c34c164e3b5979df099cd7b25c7ddc7
2023-03-30 21:31:31,True,4.5666,0.01451,42.5896,0.6182,0x9d...6dab,https://bscscan.com/tx/0x1d0085a0e124b1b5fd35146473eb84d9161959a1bab4504140348b9d4c217f49
2023-03-30 21:30:43,True,4.5787,0.01448,33.0498,0.4787,0x2d...7822,https://bscscan.com/tx/0x6192e2b3662417ede7e8571290401d9ac2db7783f2ec89b0b8aaa4f45246a71a
2023-03-30 21:30:34,True,4.5701,0.01445,29.2754,0.4232,0x2d...7822,https://bscscan.com/tx/0xe23fad97d9db6b2d3ade8c59108da1f7eaf8fe362b46b731c4f3729fa1a332a7
2023-03-30 21:29:22,True,4.543,0.01444,1.2412,0.0179,0x2d...7822,https://bscscan.com/tx/0x41548754d31a0790c76234ba39f93173b57090af7f8da22b1db3d9516724f991
2023-03-30 21:29:19,True,4.5373,0.01442,42.5128,0.6133,0x82...2196,https://bscscan.com/tx/0x80da07160e507355200950935305ff2db8dc7beac452f39a976b4df46484e23e
2023-03-30 21:28:28,True,4.5564,0.0144,10.2094,0.147,0x2d...7822,https://bscscan.com/tx/0x787c572aa2d8cf3003a6ab9da382ec2cd5fc4f0e204e4c1f871a42b0a8009d69
2023-03-30 21:28:28,True,4.5484,0.01438,51.237,0.7368,0x00...78d2,https://bscscan.com/tx/0xa1c0ea0ec939cf6c3b3a60dd1d3ca41389c15c07b407d8709506c5cbfb4d5c37
2023-03-30 21:28:22,True,4.5335,0.01434,45.5184,0.6527,0x2d...7822,https://bscscan.com/tx/0x91219027ef57b673de8740af1a94c61429f5b23504052dec5246ba5d53f0c46d
2023-03-30 21:27:19,True,4.5178,0.01429,57.5106,0.8223,0xa0...cc8d,https://bscscan.com/tx/0x54ed2929fd69772c2a0ffa50bc970d9fa75d7544a64a7fd2b51766661455b2da
2023-03-30 21:14:12,True,4.4831,0.01426,29.917,0.4267,0x2d...7822,https://bscscan.com/tx/0x4dee77ed493236e84aa87d9909210389d47736778dc65c184bc831b0f050950d
2023-03-30 21:01:48,True,4.4892,0.01423,33.6358,0.4788,0x2d...7822,https://bscscan.com/tx/0x381f541b3eb25e6657c3ec10e48a57f91d07d511afd2b799911da3ef49068fbb
2023-03-30 20:57:24,True,4.4584,0.01421,15.3788,0.2186,0xbb...c106,https://bscscan.com/tx/0xad4e89b0260170591a4d24d52b5edc03c894d40926458adc4808c23f794a7a4d
2023-03-30 20:57:03,True,4.4742,0.01419,38.2,0.5422,0x2d...7822,https://bscscan.com/tx/0x28a1e580174d7288ad36caa61c5b3b5bdebdc04eded6a7311fd06122745c3622
2023-03-30 20:57:03,False,4.4638,0.01416,150.0,2.12438,0x23...91f0,https://bscscan.com/tx/0x278de7a2e72b54f9988a8591c733e1ffadda50d90d3ff1648817430da28f1cb8
2023-03-30 20:56:15,False,4.4894,0.01424,32.8979,0.4685,0x2d...7822,https://bscscan.com/tx/0x0bde25211a17b3d7379198ecb019830f61a7fac27f71118e7971a34616a9febc
2023-03-30 20:55:21,False,4.4736,0.01427,31.9654,0.4561,0x2d...7822,https://bscscan.com/tx/0x9775e0a88752c111e9f0371f464d9af9f013a810f3860c4f3646490a596e21f0
2023-03-30 20:52:39,True,4.497,0.01434,32.4733,0.4657,0x14...519e,https://bscscan.com/tx/0x5183fbf6810350a544d696d93e3f7c708bb92d84a1c0b13cbdf64723a5b71a16
2023-03-30 20:49:15,False,4.4748,0.01427,36.7393,0.5243,0x2d...7822,https://bscscan.com/tx/0x725ebc39942a7ca9f29b99f2195ba2fcf91d312af9611df81069746c855fa169
2023-03-30 20:46:45,False,4.5061,0.0143,37.1871,0.5318,0x2d...7822,https://bscscan.com/tx/0x5625f894ccaa3046349033a5de013bc24b7b3405c66dc29938ce21b83c64df0a
2023-03-30 20:44:42,False,4.515,0.01433,32.5445,0.4663,0x2d...7822,https://bscscan.com/tx/0x1185d1c80cc9ed3d0bd7852457b4c2abd5a69a228cb2dd0311e2c4ffedde7710
2023-03-30 20:42:09,False,4.4982,0.01435,17.264,0.2477,0x1b...c5c8,https://bscscan.com/tx/0x678d365c81a06f6f90651f6babbf8c1bc0594700ff5b9989f901de5860124865
2023-03-30 20:40:57,False,4.5049,0.01437,33.2951,0.4785,0x2d...7822,https://bscscan.com/tx/0x62405f6c9c33b9b54d6c7598a822abf8fd87c9dbbec1fdec570f0876458c2c3c
2023-03-30 20:40:24,False,4.5099,0.01438,5.768,0.0829,0x2d...7822,https://bscscan.com/tx/0xa5046c7a85590fe83c730c0e3ce441cee2ef562315947c9e569a86093ae9848e
2023-03-30 20:40:24,False,4.515,0.0144,34.0965,0.4911,0x91...79fe,https://bscscan.com/tx/0x4a3fa3fd4dc8b625e08d71b52537f9439a47f66b675569e92a29c2c8bd014c69
2023-03-30 20:37:48,True,4.5367,0.01447,39.6354,0.5736,0x2d...7822,https://bscscan.com/tx/0x77e9de822bae58f8f08a07693088d3db1c3d073834b5adf7ac7165c4edcfa3e3
2023-03-30 20:37:36,True,4.5257,0.01443,44.8405,0.6474,0xc3...157a,https://bscscan.com/tx/0x398669d8c1a6d6f77f94834e0d5d58c8d87bee2850320977df2394b931e8c921
2023-03-30 20:37:00,False,4.4989,0.01435,13.207,0.1895,0x7f...3696,https://bscscan.com/tx/0x1c8a2845204803cda41c45f7619bfde7d43ef6df0ac2199f5da3bee566dc7ff8
2023-03-30 20:36:27,True,4.5171,0.01441,46.5784,0.6712,0x2d...7822,https://bscscan.com/tx/0xb85c7ddb006bba66ef9d0fc95494e597168a40a2b74e324dd36c07f8ab5cc736
2023-03-30 20:35:30,True,4.5295,0.01437,32.8653,0.4725,0x2d...7822,https://bscscan.com/tx/0x3e36781b7f70128642e10d0eeed85405b072347fa5b4fdb43eb02962f01ceb62
2023-03-30 20:33:30,False,4.5014,0.01429,2.78054,0.0397,0x89...3571,https://bscscan.com/tx/0xa5d0db09bc26d391ed86abf395f40db8a8a4f33be0ff714beb214f2d0b9267dd
2023-03-30 20:33:18,True,4.5207,0.01435,28.3079,0.4063,0x88...12a6,https://bscscan.com/tx/0x5dedcf437c3a36a1aa2421eb9127724725519a017f61383676593b14304bd7d8
2023-03-30 20:32:57,True,4.5113,0.01432,43.3535,0.6211,0x43...fe22,https://bscscan.com/tx/0x6f4bf5a756c41955ece3b3c93d39ce72b07dfea2c09a6de25c41c765fd4e115c
2023-03-30 20:31:18,True,4.5013,0.01429,34.3682,0.4912,0x2d...7822,https://bscscan.com/tx/0x1d85585de3b1165d0a47ccdd9216c39d598b2e2404a9dde7f51202a96a5e5202
2023-03-30 20:30:39,True,4.4726,0.01427,12.4332,0.1774,0x2d...7822,https://bscscan.com/tx/0xc42875826e57d8583f5bbd903413b134cf57719291d26e4e20b47117e68292c7
2023-03-30 20:30:39,True,4.4617,0.01424,72.3316,1.03009,0x00...78d2,https://bscscan.com/tx/0xa8681c9f240c83e5f81fabb744db800ed88af2be7c36ec1bd5b74cba341c01ce
2023-03-30 20:30:15,True,4.4483,0.01419,33.7096,0.4786,0x2d...7822,https://bscscan.com/tx/0xaee7e68440d4d2d2b967392b58ef9c650d0ada9a3ee574edd9cb9b0a9f8a090c
2023-03-30 20:25:03,True,4.4374,0.01417,31.7761,0.4503,0x2d...7822,https://bscscan.com/tx/0x90ae03351d6fdfee5dba63cd322ee11fd12f581b4e5a69e6097dba93265a13ab
2023-03-30 20:19:36,False,4.4155,0.0141,33.5995,0.4738,0x77...e2ef,https://bscscan.com/tx/0x501873638ab81a3ee5f4d74768491f02c5c257f0f8bb9d96c4ab08210c3a89cb
2023-03-30 20:17:30,True,4.4276,0.01414,111.195,1.57243,0x34...7c76,https://bscscan.com/tx/0xc32ed0daa461f2be7081d1ad65bdded9820f25932ce63ac5705edd2372cd1582
2023-03-30 20:15:39,True,4.4128,0.01409,8.54876,0.1204,0x8b...3883,https://bscscan.com/tx/0x81cf32cf8f60359253982403d1002f3475418fa9e53cdc0a0c6ea86cfcc77c75
2023-03-30 20:14:12,True,4.412,0.01408,2.83909,0.04,0x0e...2f4c,https://bscscan.com/tx/0xce1d4b0e2ab5c079f9b9576e9db396215fbf5eeecb7fc22003c7f6a3491b7ef9
2023-03-30 20:13:48,False,4.3943,0.01403,34.986,0.4908,0x2d...7822,https://bscscan.com/tx/0x4096a2b7c42073c7efcefe4c03ffbaaca8836520dfbc4f1335a208a632d79324
2023-03-30 20:10:42,False,4.4028,0.01405,32.7281,0.46,0x2d...7822,https://bscscan.com/tx/0xd1d5063af01ca51e190d06da615347da37bd0ca495c77b284de11e55b2989d6e
2023-03-30 20:10:24,False,4.4124,0.01408,45.4672,0.6406,0x2d...7822,https://bscscan.com/tx/0xff535ca81bf16d765d1a900bda09be94386ee8ceea789f0d20da3c1940763673
2023-03-30 20:09:18,False,4.4226,0.01412,37.4411,0.5287,0x2d...7822,https://bscscan.com/tx/0x790f36958720d987cecf27fd2918e70b99b51fe4cf52d9a1e2d42b63ded3c798
2023-03-30 20:06:30,False,4.4544,0.01415,34.2767,0.485,0x2d...7822,https://bscscan.com/tx/0x752102d4a121940303cab669114628157034c60ecbbd175dd6efdb157589827e
2023-03-30 20:06:15,False,4.4431,0.01418,52.9697,0.7514,0xda...6e1f,https://bscscan.com/tx/0xf0b6943e8be22ad4dd03dc289e9443c37a1b4bb0e7722e0351e549a3d8b5b2e5
2023-03-30 20:03:57,False,4.4778,0.01422,45.1823,0.6427,0x52...1c7e,https://bscscan.com/tx/0x0cbe9123bceb4bc6d6c2d868095dc4523efd99e38329b2038b0aee7184f3c6a6
2023-03-30 20:02:45,True,4.4712,0.01427,98.152,1.4012,0x91...79fe,https://bscscan.com/tx/0xc43da74c3823f5aed3c167a2c9c1b5235dde8636ccb8ac0626e9bdf303d1672d
2023-03-30 20:02:24,True,4.4574,0.01423,9.88714,0.1407,0x2d...7822,https://bscscan.com/tx/0x29c9b79df1ebeaf978e363934aadfa7765ea996a03809ea23de3a0ee7802bca2
2023-03-30 20:02:24,True,4.4492,0.0142,54.473,0.7738,0x00...78d2,https://bscscan.com/tx/0x7625bd3c15b19d0f53ce8e0bb76a1719dd8d252b9770900a6d5c1420772869ad
2023-03-30 20:00:24,False,4.4463,0.01412,32.0684,0.4529,0x2d...7822,https://bscscan.com/tx/0x4f567f241aab925d4465d2826dc1315025a4f185e38a3d45a22eb7a5fb13fb5a
2023-03-30 20:00:09,False,4.4553,0.01415,39.3114,0.5564,0x2d...7822,https://bscscan.com/tx/0x9d102673b228a39e9102bd6da19ffa854a85ab199eae44dbd20d0a936dbd65fd
2023-03-30 19:57:39,True,4.4781,0.01422,35.9348,0.5112,0x93...86cb,https://bscscan.com/tx/0x177105be06f149def221b646a299622e321e6a5fb54b90929864cddf34b9e467
2023-03-30 19:55:06,True,4.4454,0.01419,50.2912,0.7137,0x00...78d2,https://bscscan.com/tx/0x7fadb8cf5b6768ceeebec84e43eaa38f85834f0287be7482e77847f63c331846
2023-03-30 19:52:50,False,4.4217,0.01411,30.1058,0.4248,0x91...79fe,https://bscscan.com/tx/0xc492838724deddfaed93039849da6e6809827452e38d352c773e3ae54c301416
2023-03-30 19:50:26,False,4.4339,0.01414,45.484,0.6433,0x91...79fe,https://bscscan.com/tx/0x3b9d6db4e2013e698cf7f9b5a72f702e9d38acdd576e2ed8a12e4394f1586edb
2023-03-30 19:48:26,True,4.4569,0.01421,42.5573,0.6049,0xa0...cc8d,https://bscscan.com/tx/0x37d01a53b938d92cfb88f229e7f24ad3038e6786ccc735f0235b150f8beb8c12
2023-03-30 19:47:59,True,4.4513,0.01419,1.08076,0.0153,0x8c...638a,https://bscscan.com/tx/0x7777d8828e952bbfb78c411b7f2795c9f81f0be1a8bac92b4c81babc3d734f41
2023-03-30 19:46:20,True,4.4241,0.01411,200.926,2.83636,0x2d...7822,https://bscscan.com/tx/0x413d6c88c5c2de9d557467a5894c66d40b317003a7ac9ff3c5531c28cc982453
2023-03-30 19:46:20,True,4.3969,0.01403,33.8461,0.4748,0xd6...f5d2,https://bscscan.com/tx/0x1ae7b0e953c800f92c7a6871719017afabba8e157fcebaae6b460cf67dd130f7
2023-03-30 19:46:20,True,4.3869,0.01399,28.739,0.4022,0x93...9236,https://bscscan.com/tx/0x87f2a3de712339f931d6de77462a04d934053834d5fb54d9274c318cc236b495
2023-03-30 19:46:20,False,4.4026,0.01404,330.321,4.64027,0x0c...8513,https://bscscan.com/tx/0x3caece2c0e180508b9f03f191994d51faa2f27a0d1a0fdf9a4b80f8ebb1a4126
2023-03-30 19:46:20,False,4.4511,0.0142,56.8662,0.8076,0xdc...f6b5,https://bscscan.com/tx/0x048a41c87f53ed77a20cd60e0390600634caf3dcd7d33ab6e037a53fcb981052
2023-03-30 19:44:41,True,4.4974,0.01427,45.3716,0.6478,0x2d...7822,https://bscscan.com/tx/0x9154dfeceeb5561383b96edcc645e8d518715eb09e3067072865ad47afccf850
2023-03-30 19:44:05,True,4.4669,0.01425,18.7134,0.2667,0x2d...7822,https://bscscan.com/tx/0x7dce1492e98c1cf0f8acd6111b91149455ad65ff98bdf719e24278d7179fd0a7
2023-03-30 19:44:05,True,4.4549,0.01421,75.5898,1.07445,0x91...79fe,https://bscscan.com/tx/0x9a89ebc3c470d6743d2cfaf72dca65a148c95ffd34d9d5f36192b8890ba0b11f
2023-03-30 19:44:02,True,4.4381,0.01416,56.8662,0.8052,0xef...701e,https://bscscan.com/tx/0xdbbe0b98d6104458829f118d337f7924fa8d92d367b3c0889c9aa9974c892094
2023-03-30 19:44:02,True,4.4223,0.01411,69.0061,0.9736,0x29...af67,https://bscscan.com/tx/0xfe40c6ec316e7bdd3d0037d97901ddf29575be4fff6c36f4b4006da5f0ff7f6d
2023-03-30 19:44:02,False,4.4367,0.01415,359.044,5.0827,0x0c...8513,https://bscscan.com/tx/0x1647854d8b69e59b9061ebb46586b1526769d7ed0373f7c5d0497696597e94ef
2023-03-30 19:43:56,False,4.486,0.01431,29.2417,0.4185,0x11...a5bc,https://bscscan.com/tx/0xd2426b74770dc5328915b6ec0983592112f549275c461c45bb724159686463e3
2023-03-30 19:43:56,False,4.4943,0.01434,35.3844,0.5074,0x2d...7822,https://bscscan.com/tx/0x83b12068c672c3770b1671dbb8fd59529e540ecfc7a9076c0e94d7e4d6ea98b7
2023-03-30 19:40:05,False,4.5075,0.01438,68.7683,0.989,0xb6...4942,https://bscscan.com/tx/0xf4fd363716aa33e780bc975af684f67f3d1a7ba839a03e368e999ccf88ebc350
2023-03-30 19:39:08,True,4.5539,0.01446,37.3797,0.5408,0x2d...7822,https://bscscan.com/tx/0x92fd17fe6575b3f5a3d469fe55505790e90de2cca961cfbe8194de2d2a79a71d
2023-03-30 19:36:05,True,4.52,0.01442,56.319,0.8126,0x2d...7822,https://bscscan.com/tx/0x4f887202920f961b0824dbb3afa1bfd998ffc45696ba1f0a93cb632590837f67
2023-03-30 19:33:33,True,4.5066,0.01438,52.0401,0.7485,0x2d...7822,https://bscscan.com/tx/0x7aef0e1c6b3fc7e50f0d2a49200e779cab686d737087dd55c91886483ad9d0ac
2023-03-30 19:33:30,True,4.4962,0.01435,28.8065,0.4134,0x2d...7822,https://bscscan.com/tx/0x9bf707a89a8eb6537b667774677d2e625a1d2859c0764c47548598ec33f570c3
2023-03-30 19:33:24,True,4.4877,0.01432,37.4107,0.5358,0x2d...7822,https://bscscan.com/tx/0x64261b30e4bd2df72c35e69da708ea887a56f9e64d7ee70f4b10cc68e328bc75
2023-03-30 19:33:03,False,4.4816,0.01423,1.0,0.0142,0x30...e6e1,https://bscscan.com/tx/0x91faab4d9118b46c377ec1fd2abc6a3b19b0d222e384720fb29fba30bdad31e9
2023-03-30 19:32:21,True,4.5043,0.01428,51.3405,0.7335,0xa0...cc8d,https://bscscan.com/tx/0x6d8d67008e87c6e67ed6ec130964ebf672c5060c25ae8d90d9e9c90c1d1aebbd
2023-03-30 19:32:03,True,4.471,0.01425,33.7877,0.4815,0x2d...7822,https://bscscan.com/tx/0x2c9f18e66f5ea51a809490cfbc8cabaf84d80ea58a1358bafa79c9eb4e590c56
2023-03-30 19:32:00,True,4.4663,0.01423,3.11905,0.0444,0x15...f557,https://bscscan.com/tx/0xca2fe76c66d14c2182be95ebf9d0ba2be43526b4445b3a3b993daf9024a79b45
2023-03-30 19:31:48,False,4.4725,0.01418,42.0146,0.5959,0x2d...7822,https://bscscan.com/tx/0x6d479b0545b8a96b5201baa68ef3525032725a3e118d0a7284ed54acb3886325
2023-03-30 19:31:36,False,4.4878,0.01422,57.3493,0.8157,0x11...a5bc,https://bscscan.com/tx/0x5479f5351a7d3b236f442cdad7687f1f28082450e391a2f77df1e94a0b34c379
2023-03-30 19:31:27,False,4.4986,0.01425,26.5796,0.3789,0x2d...7822,https://bscscan.com/tx/0xb0364228f015a9456cb943df5a9f75dde514a32ef6dc6b5ee68ac1c516fa789b
2023-03-30 19:30:33,False,4.5161,0.01429,56.1667,0.8026,0x11...a5bc,https://bscscan.com/tx/0xf4b84f3acbeb65e376525da915d988b756127753960b7f8d9073e130a8d19914
2023-03-30 19:30:12,False,4.5299,0.01433,49.3558,0.7074,0xe3...d2ff,https://bscscan.com/tx/0x665c6e3147689f8f67d9d0424083720a20763dd297d823c2e6d15f8fd1b4780e
2023-03-30 19:30:06,False,4.5155,0.01436,14.5658,0.2091,0x11...a5bc,https://bscscan.com/tx/0x7bbc89cbc43babc8c680f20360f6d29720c60297695f7b4c4f87b10961fa94fa
2023-03-30 19:30:06,False,4.5244,0.01438,54.7624,0.7879,0x2d...7822,https://bscscan.com/tx/0x54698ab053ca49ca599620c52a6538ac563debb017933bfc02c5b199cec627f0
2023-03-30 19:29:48,False,4.5632,0.01443,66.2296,0.9563,0x11...a5bc,https://bscscan.com/tx/0x64b27ab6d3e99206d9c25f1126692a165f6d788ce15f9bcc270d1dda1ece1b8d
2023-03-30 19:29:48,True,4.5891,0.01452,42.897,0.6229,0x9c...0a08,https://bscscan.com/tx/0xdc3af6a01b31ed5f3d1f442d9fcc3dcd2d82f0f20a94193ae2058ad2555e52d0
2023-03-30 19:29:48,False,4.5992,0.01455,292.322,4.25426,0x2d...7822,https://bscscan.com/tx/0x12d81d78e06d45fc101b32c98d52c3158da9751498fe3661d5ee3c3c014ef9ee
2023-03-30 19:29:48,False,4.6604,0.01474,164.936,2.4323,0xdb...8aba,https://bscscan.com/tx/0xdae5f6cc8831d2213496a94902c82020805b97431953db52822175c41b701798
2023-03-30 19:29:48,False,4.6838,0.01482,7.47083,0.1107,0x13...1236,https://bscscan.com/tx/0x50f5bed057ce23139106abab6dd39f2e462586d2ab08ca819676bfaebd3c9813
2023-03-30 19:29:48,False,4.6981,0.01486,96.9004,1.44053,0xbd...a89e,https://bscscan.com/tx/0xa46968e2f0f669857320e4a896477d3ddf61c34b54b39017c85f92c99dd92f31
2023-03-30 19:29:48,True,4.6523,0.01472,606.696,8.9313,0x88...1404,https://bscscan.com/tx/0x5c8e7e1284e999e25557a25a3ea8e5d1d96c09cc4e9c33c4bd9d9ed70b119182
2023-03-30 19:27:06,False,4.5587,0.01442,78.0532,1.1259,0x91...79fe,https://bscscan.com/tx/0xc81870c77ee2a7bea9e7dc2af1ffcbdedf58986f73434bda9ce8408e26abdd5a
2023-03-30 19:26:36,True,4.5618,0.0145,55.0763,0.7989,0x2d...7822,https://bscscan.com/tx/0x0bdd22ac10b167511febdc64c246ec48f791b10918be607a00f80a2a8d567842
2023-03-30 19:26:21,True,4.5366,0.01442,137.649,1.98578,0x91...79fe,https://bscscan.com/tx/0xb487a9d16fcd657a35bc8cc168dbc3ecf2a710b4077e06f98e8221421c371796
2023-03-30 19:26:18,True,4.5148,0.01435,30.328,0.4354,0x2d...7822,https://bscscan.com/tx/0x1d03011d4c7f6f273e9ca316bc0c17504c8f1ec9806df4d4e383163a80f62fae
2023-03-30 19:26:12,False,4.4927,0.01428,34.0769,0.4868,0x2d...7822,https://bscscan.com/tx/0xdc52784564e506aeea20c376a7951c57006e71d30ef2a43a224b85d3b283f455
2023-03-30 19:25:15,False,4.5235,0.01431,29.2875,0.4191,0x2d...7822,https://bscscan.com/tx/0x6a8810577ca03d660c5abd962684549704eb37289dc5fd0c6ce418f1109ef7bd
2023-03-30 19:24:27,False,4.5087,0.01433,33.041,0.4737,0x2d...7822,https://bscscan.com/tx/0xf09bb237c97dd000e7787cc57fae824fcb993d35408f938b7d543c0dc5c64559
2023-03-30 19:23:33,False,4.5412,0.01437,42.7166,0.6138,0x2d...7822,https://bscscan.com/tx/0xba5838a3178f6b23f5ff40fa2710b79b6b697a0e5d2afef7876bb852fd8717ab
2023-03-30 19:22:15,True,4.5446,0.01445,16.2428,0.2347,0x8f...0aeb,https://bscscan.com/tx/0x4abbf4c58a2a966f0e236d4a872850ddf4b86d8f309b7f26d6419eb0ed469e6f
2023-03-30 19:20:27,False,4.5607,0.01443,150.069,2.16638,0xda...6e1f,https://bscscan.com/tx/0xa15dfb07f94bed95f22505d0ff07b2c74ed7b2030f03c83ab981330b1c533e46
2023-03-30 19:20:27,False,4.5873,0.01452,52.3827,0.7606,0x00...78d2,https://bscscan.com/tx/0x2de73f1f014ca0f8bba5f8e9448594c8ef0d8e0306cc445c1256e52b2681aefe
2023-03-30 19:20:24,False,4.595,0.01454,6.26276,0.091,0x9c...0a08,https://bscscan.com/tx/0x42d144e86668fd41fdcefa98fa08c23e184a2fac2c2e018b2550c3b63e785926
2023-03-30 19:20:24,True,4.605,0.01457,104.624,1.52501,0x82...2196,https://bscscan.com/tx/0x6daa58e15db57b5fd399752352070771bcf0e6f583fc5d84216779513b7fb2d8
2023-03-30 19:20:21,False,4.572,0.01447,28.9722,0.4192,0x53...1b3e,https://bscscan.com/tx/0x1dd21c1eadada4e4578f48aa80910d73b0fa675989775b53f3dfc559e3ae331b
2023-03-30 19:20:21,False,4.5853,0.01451,71.9045,1.04361,0xd3...1a0b,https://bscscan.com/tx/0x9972608047326723c963df56b7f433b8502fde18e3aa0f71395a595edd43c95a
2023-03-30 19:20:21,True,4.5911,0.01453,201.694,2.93103,0x52...1c7e,https://bscscan.com/tx/0xe6d1dc34d5095ab91add9a1b840ffcc425f43b7c2a5f9906e25e593dbf90552a
2023-03-30 19:20:21,True,4.5407,0.01437,182.3,2.62011,0x2d...7822,https://bscscan.com/tx/0x9b9d6b55aa3714c651dc32c92375dd19d3a3cbbb77c16e42c0f8e3658ab38eba
2023-03-30 19:20:21,True,4.5077,0.01426,71.9045,1.02596,0xfb...45b9,https://bscscan.com/tx/0x06ed9e0fc570d29547e9a585fb616505aa1b29c3d2af8ef0599441adf4f42f96
2023-03-30 19:19:57,True,4.4946,0.01422,30.2604,0.4305,0x2d...7822,https://bscscan.com/tx/0xc2dee03804fe14d07fc14a31d563fb3962fb9cca06b93b634baf69d5bd2d9649
2023-03-30 19:19:06,False,4.446,0.01414,0.6698,0.0094,0x34...8793,https://bscscan.com/tx/0xcb4142f534f04c63595bd2494b468701fcb16ec50251f474de0476d37056c8fe
2023-03-30 19:18:51,True,4.4854,0.01419,42.6213,0.6051,0x2d...7822,https://bscscan.com/tx/0x0198d6c376f535fcb2e4fae0ce8afff4a5d1d5d42723540e7cd4ec8f487ae52e
2023-03-30 19:18:42,True,4.479,0.01417,7.0,0.0992,0xcc...40d3,https://bscscan.com/tx/0xdcc58eff2f3e5b3f7da45d549cb736cd526cf1457cda9a6170dd2adc28495215
2023-03-30 19:18:06,False,4.4773,0.01417,168.181,2.38344,0x2d...7822,https://bscscan.com/tx/0x2865716ee4adead6b76ea4c7c16ffd0d745d39eede5e9ebfefef9f78444956bb
2023-03-30 19:18:06,False,4.5009,0.01424,16.7105,0.238,0x96...4df6,https://bscscan.com/tx/0x15c6f82300090dc1bcffb4c774d07c390024eca6c2184e2bb493443ad4d3fe54
2023-03-30 19:18:06,True,4.5007,0.01424,193.034,2.75,0xcc...40d3,https://bscscan.com/tx/0xda6717af87cce45a60f32adf82c6f19866a3773e744b5852641f463af53b1be7
2023-03-30 19:17:48,False,4.4369,0.01411,42.7464,0.6033,0x2d...7822,https://bscscan.com/tx/0xce61a5f1556dd6ad83d58503f7f7cea165f1b2e390db3494f823e2f9e1f613be
2023-03-30 19:17:30,False,4.4706,0.01415,47.2746,0.6689,0x2d...7822,https://bscscan.com/tx/0x38d1118ed72a7a9d4535b88113e8a43ed3d62063cde6f6cb31006232ba7c5219
2023-03-30 19:16:48,True,4.4711,0.01422,43.4048,0.6173,0x3e...a7c8,https://bscscan.com/tx/0xe4a3565cf781c56bbe530e8cf7a5a4d02bfac342ff18c24411704d88e1de82c8
2023-03-30 19:16:36,False,4.4439,0.01413,4.0,0.0565,0x40...83eb,https://bscscan.com/tx/0x3313e610db783d245a33ca15716373746bea68f057304c3bcd482a883b067219
2023-03-30 19:16:21,True,4.4634,0.01419,25.5105,0.3622,0x2d...7822,https://bscscan.com/tx/0x24461cedbf43b64321933ad29c893e1a51480cc5087fcd67be94a09cd4a84cd9
2023-03-30 19:16:00,True,4.4546,0.01417,44.3934,0.629,0x2d...7822,https://bscscan.com/tx/0x2cf1ebdf7e1c52a85d73a863db52198fb1d94785f206ec8dbee354759e9a60b1
2023-03-30 19:15:27,True,4.4721,0.01415,11.0769,0.1567,0x14...b438,https://bscscan.com/tx/0x247e2fb107d3316def7a043da238b7a79cfe695bcd773d6b9cc6abbbe79282be
2023-03-30 19:15:15,True,4.4627,0.01412,51.2,0.723,0xca...34d7,https://bscscan.com/tx/0x2bb2d42f5fe73dd4cbdb6a062fb247e3917489942d61faedf7a08634a4cf8309
2023-03-30 19:15:00,True,4.4275,0.01408,33.9728,0.4786,0x2d...7822,https://bscscan.com/tx/0xfb85a463f193f9b80f8071871443c25f725c2f3947619fb28aa48e2c8fb7f2d9
2023-03-30 19:12:18,False,4.4261,0.01402,39.8879,0.5592,0x2d...7822,https://bscscan.com/tx/0xdef01c574073ab7fb9aeccfad4f88fc780170f4ce2032866be795bab54a62813
2023-03-30 19:12:06,False,4.4123,0.01404,26.3562,0.3702,0x2d...7822,https://bscscan.com/tx/0x2c7038f3e894491dc53ad283de4caf51257c490ed96281f24980023eed6d9316
2023-03-30 19:12:06,False,4.4174,0.01406,14.2633,0.2005,0x52...1c7e,https://bscscan.com/tx/0x2f99e041a5cb2b4507b25dc67d65d407dc589cc8b5c0d5cc7b94486dc1c7853b
2023-03-30 19:11:57,False,4.4294,0.0141,80.9441,1.14141,0x91...79fe,https://bscscan.com/tx/0x6172ccdb03c55d3c61399e6e3e1fdb3e18a8f6ea9c62233e9ebede194070f228
2023-03-30 19:10:48,False,4.4687,0.01415,49.975,0.7073,0xe4...e5c8,https://bscscan.com/tx/0xa8c919843828885c1dec796ac776197d2464e3bcdd6d7edcbf0067217941a924
2023-03-30 19:10:21,True,4.4694,0.01422,44.4,0.6316,0x9d...6dab,https://bscscan.com/tx/0xe060cc241ef27d15bde0d88f0a0ffb5c36d95fcb7100087d3185b4a96689ef80
2023-03-30 19:10:00,False,4.4639,0.01413,0.4212,0.0059,0x26...1b90,https://bscscan.com/tx/0x69506f8da367ea54931bd9b75f4ca38c66cbabe8ac490817dcb21565a0c4ecd1
2023-03-30 19:09:39,False,4.4438,0.01414,16.8479,0.2383,0x93...9236,https://bscscan.com/tx/0x514f5cf8e1d8161a87433c42f6140cbae6b3d194bd3f718d26b8fc81fe0e69e3
2023-03-30 19:09:39,True,4.4441,0.01414,190.165,2.69011,0x2d...7822,https://bscscan.com/tx/0x8da7e4673a754413a91c97549222b2882033b0d9bac47aef284817a0c0ea02f5
2023-03-30 19:09:24,False,4.4203,0.014,3.07742,0.043,0x90...48cd,https://bscscan.com/tx/0xfd5453a94075f18255c8c9e265f362caddbad0c2f4e459462120b833e71eeca6
2023-03-30 19:09:18,True,4.4363,0.01405,41.7652,0.587,0xef...cab1,https://bscscan.com/tx/0x9a13c07d93ce3b2a3d0247bdc11d640be2c44838e4ea4067e330428ae0235130
2023-03-30 19:09:12,False,4.4114,0.01397,19.4222,0.2714,0x9c...0a08,https://bscscan.com/tx/0xfa614dec61e7d1d58043981cd447a361bc04b1b3e4213b7ffcf73b279214d56a
2023-03-30 19:09:12,True,4.43,0.01403,47.8139,0.671,0x2d...7822,https://bscscan.com/tx/0x525fce8055177b2067a9b72c1b61f620229e9b41b59e30682c27a323b09a3de4
2023-03-30 19:09:06,True,4.4197,0.014,34.3585,0.4811,0x2d...7822,https://bscscan.com/tx/0x93346af99ddc1d6d9ed0411e7e30154d9067ee073c758f58c5f6304e08e4bfd6
2023-03-30 19:08:33,True,4.3854,0.01396,50.4992,0.7054,0x2d...7822,https://bscscan.com/tx/0x42c803f6a696442f5fdc417d8991fd2c11490b6613feaa0bdc3d9f2279d1d57b
2023-03-30 19:08:18,True,4.3785,0.01394,2.4036,0.0335,0x2d...7822,https://bscscan.com/tx/0x80075a9c19aa046bb27058be579ac15a4d949e29f48b3c39c1532310ab3d6486
2023-03-30 19:08:18,True,4.3712,0.01392,56.6431,0.7887,0x00...78d2,https://bscscan.com/tx/0xd10753715e4aa785fb3bd35073dc5e3db3eebf9b7748101b5243cbabf8fcad0b
2023-03-30 19:08:00,False,4.3671,0.01383,10.0617,0.1392,0x7f...3696,https://bscscan.com/tx/0x82f849ca658985a88faf6fb4f4768762993fae2bbcea8324495838419b57fdee
2023-03-30 19:07:33,False,4.3675,0.01384,3.15,0.0436,0xe5...4cf7,https://bscscan.com/tx/0xed87be61a6f7b5702f7200b8d01bf1afc9d6223ccdf116753b72af450d05b584
2023-03-30 19:07:21,True,4.3883,0.0139,13.2344,0.184,0x2d...7822,https://bscscan.com/tx/0x649f4ded0e19f004aca347f783a33fb03244208288330d786561f97bb76f7812
2023-03-30 19:07:21,True,4.3855,0.01389,9.39607,0.1306,0xda...6e1f,https://bscscan.com/tx/0x31312aec918bb35eab0f44268e84fa9cfa4f4e850086f30f4ad3ef287810b076
2023-03-30 19:07:21,True,4.377,0.01387,59.4063,0.8241,0x00...78d2,https://bscscan.com/tx/0x269a277d07114a208c3ca8e12c9ff7d22813741049dd0f523f52f578a9257f41
2023-03-30 19:05:33,True,4.3691,0.01384,1.5,0.0207,0xac...2ee5,https://bscscan.com/tx/0x89ba8f6182c4fa90f6e6832b035791cc66bb9ea19846307a62bae7ae6af82490
2023-03-30 19:05:12,True,4.3471,0.01384,1.11305,0.0154,0x26...e441,https://bscscan.com/tx/0x430b720e23b1cba73df132d572294e4033cfd2a30f3e97bb881b2ea6f547c5f9
2023-03-30 19:02:09,True,4.3624,0.01382,68.7683,0.9504,0xb6...4942,https://bscscan.com/tx/0xbb885031c86f5207168e5797789b5180351fbbc25335d90343478f16fc954565
2023-03-30 18:55:30,True,4.3473,0.01377,38.2692,0.5273,0x2d...7822,https://bscscan.com/tx/0x9b7b2b07128b60fc1437604edbffb63931e8a76c2670cb01d5d252ba6afb2ca4
2023-03-30 18:54:42,True,4.3371,0.01374,44.5235,0.612,0xaf...847e,https://bscscan.com/tx/0x047d53171bb02995759dd33770b889dc3c441d271a521f4f212099ce1f3029f7
2023-03-30 18:54:27,True,4.3278,0.01371,34.1371,0.4682,0x2d...7822,https://bscscan.com/tx/0x096e688191165a1ee1261676669dff2fa72d80784df08cc1b97531d2d48c2d47
2023-03-30 18:53:12,True,4.3194,0.01369,32.8502,0.4497,0x2d...7822,https://bscscan.com/tx/0x7060546cf69c6ed141603c04882f56afacd44c58f29add9afd7497272f698d7a
2023-03-30 18:32:51,False,4.2742,0.01361,24.7015,0.3364,0x2d...7822,https://bscscan.com/tx/0xc3c6d3e2af626cecdccf00a05421d5ca9f558fc2ac61b64668fa75f541956b8e
2023-03-30 18:32:51,False,4.2856,0.01365,70.2762,0.9596,0x11...a5bc,https://bscscan.com/tx/0xe02871ecd20ecb377d13ec97701b9a0a44e2def8bd9a7af5c19f9febea991bd6
2023-03-30 18:32:51,True,4.2908,0.01367,205.938,2.8156,0xec...11b9,https://bscscan.com/tx/0xda48e791cc1234d6afe0affade8f03bafd46dc41906cc3d4b42f74031ca658bd
2023-03-30 18:31:30,True,4.262,0.01358,33.2518,0.4516,0x2d...7822,https://bscscan.com/tx/0x43ace34b8a4a01aa44b52c28ec899f2b2b310ee61a4fbc65d88efa984379b3ae
2023-03-30 18:30:36,True,4.2746,0.01355,35.2157,0.4773,0x2d...7822,https://bscscan.com/tx/0x8aec17a08bf4770c67ca3ac71605ad30934c07b07addeafde862990019ebd09d
2023-03-30 18:27:21,True,4.2425,0.01352,45.8916,0.6206,0x4d...74b8,https://bscscan.com/tx/0xf188790c9b8aa90ecede47c013b254ef94393486c78156c7c3988d737c9cfdfc
2023-03-30 18:20:24,False,4.244,0.01345,35.999,0.4843,0x2d...7822,https://bscscan.com/tx/0x9166e3084b450172054812b9764b9eb1108bd01fbf6c36e2eafffe86eccb3d62
2023-03-30 18:19:30,False,4.2345,0.01349,64.5952,0.8714,0x4d...74b8,https://bscscan.com/tx/0x0d4a5daa4d45a570a830536d37aae9a0321edb3b130eeac5f6d08079655d7a64
2023-03-30 18:19:09,False,4.2681,0.01353,39.2898,0.5315,0x2d...7822,https://bscscan.com/tx/0x67410dbadc9e423de22db6d1deab4d6f0d5d40a7b2301cd494cc8cd0952fa4eb
2023-03-30 18:12:03,False,4.258,0.01355,33.6946,0.4568,0x2d...7822,https://bscscan.com/tx/0xc217dcbad0ba31062dfedc97d3d05db1692872f5a21e8dbb1c650ccc6b9e9d61
2023-03-30 18:07:51,False,4.2882,0.01358,36.2935,0.493,0x2d...7822,https://bscscan.com/tx/0x17973d98fb98b8c365579abafca9e47bb7fe07589260a97a186bca93a33eed87
2023-03-30 18:06:18,False,4.285,0.01361,33.1189,0.4507,0x2d...7822,https://bscscan.com/tx/0x43514bf5c9e7699863d4b5dcaa256d5a10b2d0ffcb249913547c41b51e600fe8
2023-03-30 18:06:09,False,4.2941,0.01363,42.818,0.584,0x2d...7822,https://bscscan.com/tx/0xf14663a64ca76b8bd674ef8625db2a9c5176e8ed85da4bcab43f01508531de76
2023-03-30 18:05:45,False,4.3054,0.01367,40.2629,0.5504,0x2d...7822,https://bscscan.com/tx/0x7713b5647e11f3cd1f96513a0bb43f28ee882ec23deb8303bba320a98cc143bf
2023-03-30 18:00:21,True,4.352,0.01374,33.3796,0.4587,0x2d...7822,https://bscscan.com/tx/0x7a7f5cb7cdf340e01780b7b441a079e6393392a7278280010419f323b1a2fcef
2023-03-30 17:58:18,True,4.3222,0.01371,33.0067,0.4527,0x2d...7822,https://bscscan.com/tx/0xa101a5a08a3761a3b6e9c5850645e22ec3b0e71f5cb83d7d5a62287db16d8dc6
2023-03-30 17:54:45,True,4.3126,0.01368,45.2577,0.6194,0x67...b7c1,https://bscscan.com/tx/0x1f1a6f7d52c7ca095b51e2c3edc58e6fe8bc04fd429afc2788bdcea4cd88e426
2023-03-30 17:53:45,True,4.3032,0.01365,33.1907,0.4532,0x2d...7822,https://bscscan.com/tx/0x865776b493a8df3a7d108746c0abff7b10eb1cab808946cc8a84b5b4f5957644
2023-03-30 17:51:24,True,4.3163,0.01362,47.978,0.6537,0x2d...7822,https://bscscan.com/tx/0x9d323f65974942eb07acb0dd664e691e2dfa7b7ca8cb3a525ef6c5d345369bcf
2023-03-30 17:50:06,False,4.292,0.01355,28.0,0.3794,0xea...0b04,https://bscscan.com/tx/0x12a594960597bd959d32b70fc8d6e03fadb362b92128f7c647e328597c8e44af
2023-03-30 17:45:15,True,4.3173,0.01361,33.1806,0.4517,0x2d...7822,https://bscscan.com/tx/0x97563594dae6cc5f663ceebd8cbb3f34d706105fc254e2afe7052c8bd6897ff6
2023-03-30 17:43:39,True,4.3102,0.0136,6.57631,0.0894,0x2d...7822,https://bscscan.com/tx/0xdc45ce9daecd170045f3b4b253f2c73a19b26e97d3b1848f5e15c101c905e29e
2023-03-30 17:43:39,True,4.3019,0.01357,63.1382,0.857,0x00...78d2,https://bscscan.com/tx/0xd4151f09e35596f7d836390faef713656a354a6a6d711ebdc99aa852fb1c96d8
2023-03-30 17:40:39,True,4.2675,0.01353,35.6072,0.482,0x2d...7822,https://bscscan.com/tx/0xcbf8e77c4c9e6215bb0f74a57b585251b9e0e2b9e92185cee8d94d494fc6e400
2023-03-30 17:39:27,True,4.2623,0.01352,2.94884,0.0398,0x2d...7822,https://bscscan.com/tx/0xbea2a1a72aeed299b0c3901850e43be8d3d487d2eccfb0218f2abd9276d5e4a9
2023-03-30 17:39:27,True,4.2549,0.01349,60.03,0.8103,0x05...7eea,https://bscscan.com/tx/0x786497a2734bd7bfbc6ae576da28045cdf20a148abdff9a3940248be76480c86
2023-03-30 17:39:24,False,4.2349,0.01343,70.9877,0.9537,0xb6...4942,https://bscscan.com/tx/0x514e56cd25f5e06836839852f90a25edf13e52fcebb4d1e5f80e39ff68f6f293
2023-03-30 17:39:24,True,4.2639,0.01352,4.97432,0.0672,0x2d...7822,https://bscscan.com/tx/0xc7cc4af361c571749d95443cef734b20a6d41665b9ec5dbc29e23580da631c9b
2023-03-30 17:33:18,True,4.2596,0.01351,33.4423,0.4519,0x2d...7822,https://bscscan.com/tx/0x9f3891d3c7b9d2c699bc6555b0f29e35ffe2d67f278cc9d53d634ddbb794f00a
2023-03-30 17:30:54,False,4.2462,0.01346,79.1285,1.06531,0xb6...4942,https://bscscan.com/tx/0x03fd77c00e87138f9de31f2ef0b708cc7ba29ba9d0f0ee35b9cf026e3b9a1c01
2023-03-30 17:30:06,False,4.2669,0.01352,79.9186,1.08071,0x2d...7822,https://bscscan.com/tx/0x4b1f906fc78bd52802cb582c2f8988fcd1a1be5ede76e8f0ed664af86b4546ea
2023-03-30 17:30:06,True,4.2873,0.01358,88.3187,1.2,0x5b...7f5d,https://bscscan.com/tx/0xe355b12c012259532da998f9a5f61e0e2ca8834898bf948bf5a03c5729055617
2023-03-30 17:27:12,False,4.2848,0.0135,58.5633,0.791,0x2d...7822,https://bscscan.com/tx/0x4a24e853bd3eace609d21a8ab58dca25241496d8b35d09c34c0a388c2c412181
2023-03-30 17:17:10,False,4.2716,0.01354,46.9153,0.6356,0x2d...7822,https://bscscan.com/tx/0x0f7d751661a419b07c085b52968a5ec3df7965c3c58d3a2ce14c90aceb0b0159
2023-03-30 17:17:04,True,4.2939,0.01361,39.2994,0.5352,0x23...d682,https://bscscan.com/tx/0xffcd09a78ef0fbeb55f31f2fe93cc1bc8daa009c6c9e5c49aedeefd8ca3a3d3a
2023-03-30 17:14:58,False,4.2965,0.01355,43.0031,0.5827,0x2d...7822,https://bscscan.com/tx/0xc6df62b2cea64021efbcb880530285ccd7a243d28ec28957d2499ef703535319
2023-03-30 17:06:01,True,4.3193,0.01363,16.5077,0.225,0xe2...04b7,https://bscscan.com/tx/0xe4bacd0bd5cee069b7d90c2c36dd8b01e3ff96b78c9db4d1ce87b16b697c47d1
2023-03-30 17:04:37,True,4.3148,0.01361,25.0192,0.3406,0xba...f4dd,https://bscscan.com/tx/0x279125e0cad6cb8c022e6a883cf327bd266febccdd00b8714943ae1ce849c07d
2023-03-30 17:03:10,False,4.2757,0.01355,52.3949,0.7103,0x2d...7822,https://bscscan.com/tx/0x59ffa66c2125728035ef7d52e9d26f6a6f3f579b8fe192666dc0cf24670bf757
2023-03-30 17:03:10,True,4.2991,0.01363,35.7704,0.4875,0xba...f4dd,https://bscscan.com/tx/0xe939b1c307d3aad8263b9cb0decd00441db31e9b0dc26f061b55fce94e699a2e
2023-03-30 17:00:55,False,4.2944,0.01355,4.47273,0.0606,0x2d...7822,https://bscscan.com/tx/0x89d29ac5fce87bff9f4bec1ca9550524a11ee0f44603f1516f127b93898b07f6
2023-03-30 17:00:55,False,4.3107,0.0136,130.857,1.77995,0xa0...cc8d,https://bscscan.com/tx/0x0b9097c7cdf8b510e383ce6a032d47b06c902ff361250034868d5aa736c4f8d1
2023-03-30 17:00:52,True,4.3299,0.01366,150.116,2.05102,0xb6...4942,https://bscscan.com/tx/0x2f253e995461ccb317cffddcf5ed55d23a396c8b572dc2d909be874152c21011
2023-03-30 16:54:46,True,4.2886,0.01359,19.1463,0.2603,0xac...3788,https://bscscan.com/tx/0xb5b21de2cbd7a74597eeae8a6ee6d5e6b87c87d5e41081b0ae7110863ed8a00a
2023-03-30 16:51:31,True,4.2861,0.01359,2.80828,0.0381,0x6f...1a36,https://bscscan.com/tx/0x695dd29f614f34c6b3ac5a03ebb594d60b7bcdd5dc523a039312699252e814ad
2023-03-30 16:50:58,False,4.29,0.01353,36.4383,0.4931,0x2d...7822,https://bscscan.com/tx/0x38608fce3d8d8b063c5c2f3dea95a037c55d10ec6bfc3c78291cdb07731ccd23
2023-03-30 16:50:37,True,4.2931,0.01361,11.3258,0.1541,0x30...6a14,https://bscscan.com/tx/0xc852f751988d01ff31400e25e0f546b8211d678bd0ca3400ab0fba06f1165a64
2023-03-30 16:50:28,True,4.2916,0.0136,2.13528,0.029,0x34...8793,https://bscscan.com/tx/0x83155d2d1b298de96368f2423baa2894d597213ac978049cdfb4253b075a971d
2023-03-30 16:50:25,False,4.2761,0.01355,51.6141,0.6997,0x00...78d2,https://bscscan.com/tx/0x92e8d9073e73f11ac9c7c5ab7ca8acf38c4711a39bbaf361b73808ae0e3df433
2023-03-30 16:49:58,False,4.3101,0.01359,50.4014,0.6852,0x2d...7822,https://bscscan.com/tx/0x013a0ceaa2c147d44b40e9d4d9226f339b55557ea407cdf912bc5a7dd4cb1087
2023-03-30 16:49:58,True,4.3275,0.01365,85.1609,1.16257,0xdd...c9ba,https://bscscan.com/tx/0x7ca535830228e3e0b7a23cc41af9c06b1fdf8b1b55a94b56f2acaf08b4687498
2023-03-30 16:45:37,False,4.2789,0.01356,39.776,0.5396,0x2d...7822,https://bscscan.com/tx/0x69b7ba2e013a7d97b8bfc8a3907763d97d308dc9494c51d47071b2f54d13898b
2023-03-30 16:36:10,False,4.3078,0.01359,44.1298,0.6,0x2d...7822,https://bscscan.com/tx/0x456370d8c1ee839ea0c8ca37a0de85a1b929d3e41b2630ca88cd830303eeb8af
2023-03-30 16:28:35,False,4.2946,0.01362,36.5896,0.4986,0x2d...7822,https://bscscan.com/tx/0x55adc02d09f72e15686c20b61a362997fe325373a8fe4c12ae895023322aaf42
2023-03-30 16:27:56,True,4.3418,0.0137,5.0,0.0685,0x59...cfee,https://bscscan.com/tx/0xf312e862780ef762f4cda82c5b94c0f0fbd3d0322fb6c13fa0d78679f8885194
2023-03-30 16:16:53,True,4.3126,0.01368,46.1834,0.6322,0x2d...7822,https://bscscan.com/tx/0xea1d7915bd7c6aac2a3aef57a557db70a2c22ef48d3b9b78b96104c6fd8e2ddc
2023-03-30 16:16:53,True,4.2975,0.01364,79.4218,1.08342,0x11...a5bc,https://bscscan.com/tx/0x45efe6f7322eb0432453c181408971cda3ae6ce943ae399b793306a78003c77b
2023-03-30 16:16:53,False,4.2846,0.0136,151.058,2.05446,0xb6...4942,https://bscscan.com/tx/0xf93826faf57a8c44da767f48ebcfc7c06cb67173d3b9b79b6ed75677ce5dd860
2023-03-30 16:15:08,False,4.326,0.01366,7.0,0.0956,0x8b...3883,https://bscscan.com/tx/0x82ac094d7fbeab3db0502bf56fad60652bfad4de3ac74101a95b9c796ecd922f
2023-03-30 16:04:59,True,4.3369,0.01373,2.86614,0.0393,0x34...8793,https://bscscan.com/tx/0x960460d3b9edbf568964be958c973d0c8d4f3c3d8070e5178d8b30d5fd2addac
2023-03-30 16:04:44,True,4.3332,0.01371,46.5081,0.6377,0x2d...7822,https://bscscan.com/tx/0x7677eaefb9f2d072319a3f83939f2d435cf5b2c91642daed5eed4fd2ba229e46
2023-03-30 16:04:44,False,4.3242,0.01368,151.058,2.06696,0xb6...4942,https://bscscan.com/tx/0x7e31a3de9166d170a009253d9758215052f278b641b99d6a74446bc2482a1d65
2023-03-30 15:52:12,False,4.3735,0.01375,32.8965,0.4524,0x2d...7822,https://bscscan.com/tx/0xf1740c4bc156aa1410767a619f7830e76ae52780e9b681f4032230b9f648c4b4
2023-03-30 15:49:28,True,4.3954,0.01382,34.7595,0.4804,0x2d...7822,https://bscscan.com/tx/0x823e6a6893b5a0c668f41b08c6e71a07860475cc7bca7cb8d21a8d3a324ce3d3
2023-03-30 15:46:46,False,4.3721,0.01375,27.545,0.3787,0x1f...14eb,https://bscscan.com/tx/0xc5fefc3c0ae1b6dee2bd4d1453633450675b134b386bd5aaf801b5719f937236
2023-03-30 15:38:16,False,4.3575,0.01377,36.4054,0.5014,0x2d...7822,https://bscscan.com/tx/0x7332d12b1ab2af35c3938cfdc088aebcc9d09a88eee749530454bb01e1a87e67
2023-03-30 15:36:01,False,4.3668,0.0138,34.8047,0.4803,0x2d...7822,https://bscscan.com/tx/0x944441530c8e0e3f359f2dbd0a73d580fbb16e0ebbc913058eeee517ba46288d
2023-03-30 15:35:58,True,4.4124,0.01387,21.5873,0.2995,0x6d...ee51,https://bscscan.com/tx/0xe28e5c32b71957f076b8018986676b03497e3689301034afa9ccfe752e912097
2023-03-30 15:34:58,False,4.3706,0.01381,39.5881,0.5468,0x2d...7822,https://bscscan.com/tx/0xc498869672315d3ca47894b1a9e8f20df9a109f4ff28fec1349c17ee3117fb89
2023-03-30 15:31:33,False,4.4022,0.01384,32.9093,0.4555,0x2d...7822,https://bscscan.com/tx/0x31bdf2d4759d50549f3e04040546451b8e7b76120e412797a59833f4cfa2443e
2023-03-30 15:26:27,False,4.3876,0.01386,29.2494,0.4056,0x91...79fe,https://bscscan.com/tx/0x0a8c4ba117b8960b962f8a1fc114ffacd51f8cc7162ebd902727a9616bb2fbab
2023-03-30 15:21:54,False,4.3972,0.01389,53.2348,0.7399,0x91...79fe,https://bscscan.com/tx/0x953f921e62b4c132b19a254f7ab6cc04985e4be950da57f54311183618327058
2023-03-30 15:15:09,True,4.443,0.01396,54.8725,0.7664,0x00...78d2,https://bscscan.com/tx/0xfdad3f3bd091be4ecd854f48bd0f6f2c13a88a64dd654200bb9133085fc01d6e
2023-03-30 15:15:03,True,4.4301,0.01392,48.6348,0.6773,0x34...7c76,https://bscscan.com/tx/0x2bbcf2e144a96633cad16089c0856d96f7e21e6e98d91910487c368d4aee9c4e
2023-03-30 15:12:12,False,4.4092,0.01385,47.7103,0.6611,0x52...1c7e,https://bscscan.com/tx/0xf5dd97210502e20ffb92b90becd275e30a8338a3438b4dc4a2011d8a0591afb1
2023-03-30 15:08:05,False,4.3905,0.01387,1.77928,0.0246,0x34...8793,https://bscscan.com/tx/0x55d6fc82d5d5d5c0491ff1da8d330f3d4582cb3e48770fcddf75fcfb06a742ee
2023-03-30 15:02:14,False,4.4153,0.01389,47.291,0.6571,0x52...1c7e,https://bscscan.com/tx/0x5166bebd17b5fb9026e3b61bd8396a5c71ccd7a540c83c4702b3f725252476f0
2023-03-30 15:01:41,False,4.4005,0.01391,11.4654,0.1595,0x7f...3696,https://bscscan.com/tx/0x3b409d8334f7c7c74249e335640283492682db81423b6423ef9ad4c8858b33d3
2023-03-30 15:01:35,True,4.4088,0.01394,121.046,1.68807,0x52...1c7e,https://bscscan.com/tx/0x882f3749b71e13b6f04aa432a5385ab79cbad44d5d12861b375d9bdf0904af53
2023-03-30 15:01:29,True,4.3806,0.01385,106.63,1.47751,0x00...78d2,https://bscscan.com/tx/0x6436f2a5e5f682910d28413197fd91ed9816bb37f83b4af53a9df5963f12e948
2023-03-30 15:01:05,True,4.3636,0.0138,32.4027,0.4472,0x2d...7822,https://bscscan.com/tx/0x9d0882b775c829b93570f09aaed69846097a6f65b4355ac7e728564ef3281de7
2023-03-30 14:59:44,True,4.3764,0.01377,42.1895,0.5811,0x2d...7822,https://bscscan.com/tx/0x4ba8f70151e1cce610d5ab8bc3fe4aab1f4501df647c33559600e924fb29b05c
2023-03-30 14:53:59,False,4.35,0.01369,3.69593,0.0506,0x70...f192,https://bscscan.com/tx/0xd803313d2427cfd21c7a5a397c48d0f22cab4f7ed1203f0c5c90fd9ac0bb173e
2023-03-30 14:52:17,True,4.3468,0.01375,11.4396,0.1573,0xbe...24d8,https://bscscan.com/tx/0x3d0e1ceb757eb927b1171ae6b2a1eedb69834307adb6e1437b309536b751160a
