datetime,buy_order,price_USD,price_native,amount_token,total_native,maker,etherscan_url
2023-03-22 20:50:17,False,3.9873,0.01251,50.8087,0.6358,0xed...4f31,https://bscscan.com/tx/0x41dd96a9a9b7b0a53dd0d359030d6520b7e272f6d7b0f3807abd31c5c4fae828
2023-03-22 20:49:26,True,3.9845,0.01257,61.032,0.7674,0xb3...55e7,https://bscscan.com/tx/0xecee01cb78dadff131debb8b5c6785a77ff4da4438d826980697a2f3d34e6bcf
2023-03-22 20:49:11,True,3.9912,0.01254,36.4865,0.4576,0x2d...7822,https://bscscan.com/tx/0xaa2562633ae8655eed2bf31074a965e99bf31e7d85db3e4cb529ad7087691b88
2023-03-22 20:48:59,True,3.9817,0.01251,53.676,0.6716,0x67...b7c1,https://bscscan.com/tx/0xfe1cac765d3c31c06a98fddf9f2660fa5530d39c81c624c123b4fd448a626905
2023-03-22 20:48:41,False,3.9575,0.01243,10.5071,0.1306,0x2d...7822,https://bscscan.com/tx/0x60ac112768444e345c67c749089216d6dfff4eae4340f3ea4036e8d97dcb97f0
2023-03-22 20:48:38,False,3.9448,0.01245,42.8911,0.5341,0x16...4027,https://bscscan.com/tx/0x6fc1bafadf28926c225cbbf95914a3c1dbe4d96a056812db0bbb425e715c05e3
2023-03-22 20:48:20,False,3.9775,0.01248,42.6283,0.532,0x2d...7822,https://bscscan.com/tx/0xee4d1347b0fee1d9c5ec06583ad8200d22910d5f75c45c3a3aee64d00573d63b
2023-03-22 20:47:32,True,3.9893,0.01255,3.06785,0.0385,0x11...94cb,https://bscscan.com/tx/0xf1ef3782cf9492c91a5d5ae6fbd50dc44ae5dbadd7bd2be96d0b532b554b072e
2023-03-22 20:47:26,False,3.9728,0.0125,35.8412,0.4482,0x2d...7822,https://bscscan.com/tx/0x4e998fe244777d65dc83963e3903879628a4e1b92c21ee57af8460c6c4382bfc
2023-03-22 20:47:11,False,4.0063,0.01254,85.3496,1.07076,0x3a...231f,https://bscscan.com/tx/0xffd8cd1b47e14f0fc8d1dc004ca9140402d3a18a7ca22bd86160d93a9700d73f
2023-03-22 20:46:56,True,4.0161,0.01263,4.90168,0.0619,0xed...54f0,https://bscscan.com/tx/0x25d1aad810d91bba5ebc823e9095d0130ef7e3ef349406e37fb9f92d90329828
2023-03-22 20:46:56,False,4.0008,0.01258,49.5305,0.6234,0x2d...7822,https://bscscan.com/tx/0xed94e0ba73bfa7b4178f20b44f26d3f5bbb4e7f260e93a0d88b24dd2cfc64040
2023-03-22 20:46:53,True,4.0344,0.01266,6.18157,0.0782,0x4e...3901,https://bscscan.com/tx/0x34ab7770b95fd7516b0585c97af1a3f53ec463afc71976fe604014ef55372d61
2023-03-22 20:46:44,False,4.0171,0.01261,32.5197,0.4101,0x2d...7822,https://bscscan.com/tx/0xa7498239cda416434a5eed97098270fd4477c63163a2847516e3955f8832b9a3
2023-03-22 20:46:29,False,4.0261,0.01263,36.864,0.4657,0x2d...7822,https://bscscan.com/tx/0x9b2abcbc854cf5d8da5018ed06c8ac2316c8cf87aa8a809e437a23526b68ee52
2023-03-22 20:46:20,False,4.0414,0.01266,63.7952,0.8081,0x00...78d2,https://bscscan.com/tx/0xd4ec17ecc49d4815a354c4421336480a759e0869c9eec070712bed91380bb335
2023-03-22 20:45:59,False,4.0563,0.0127,36.3576,0.4618,0x2d...7822,https://bscscan.com/tx/0x8916965b136902bb6b5a0d777301e46c3c224bc9d6e708c455458b3be312a0d0
2023-03-22 20:39:08,True,4.1135,0.01277,2.24856,0.0287,0xd3...7c49,https://bscscan.com/tx/0x97b10628195076125f01f8d123117e53159d06b7ff87a3d46212b1d4bf3f91ad
2023-03-22 20:38:47,False,4.0808,0.01272,36.725,0.4673,0x2d...7822,https://bscscan.com/tx/0x12de832a8d5a3d68fd461f0fbc319b3272025d0b3ca95dbe800771a05cf17167
2023-03-22 20:36:26,False,4.0988,0.01274,7.19979,0.0917,0x2d...7822,https://bscscan.com/tx/0xa7f4c94f41e2eb548f202180472b36a475ec51fe0456bcf346f5f09be9cfe78b
2023-03-22 20:36:26,False,4.1079,0.01276,74.8268,0.9554,0xa0...cc8d,https://bscscan.com/tx/0xead6c37e4019639e1669821354c970c76e40a0b017843616f3664dde6ba3e98d
2023-03-22 20:36:17,True,4.1586,0.01285,3.22229,0.0414,0x90...48cd,https://bscscan.com/tx/0x0f0551321dc3f6a72356510df18fd1d27c8b26ed1bd7d205bac50c5e6b064a6a
2023-03-22 20:36:14,True,4.1527,0.01283,49.5127,0.6356,0xed...4f31,https://bscscan.com/tx/0x059c4b50f98da7344366644bcf64b01bb3d83c28b926b868f808e49fb7ad86b4
2023-03-22 20:36:11,True,4.1411,0.0128,54.0496,0.692,0x62...fadf,https://bscscan.com/tx/0x356be210f2862b9c134c79ac6fe5e06b4fb99a278239197195191bf7f31a5946
2023-03-22 20:36:11,False,4.1496,0.01282,316.231,4.05706,0xc1...b919,https://bscscan.com/tx/0xf514ac3f5d555156d01f36e80308f4cfd54751eb6f7316e82ac6c9d09259aa5a
2023-03-22 20:35:59,False,4.1916,0.01295,39.6422,0.5134,0x2d...7822,https://bscscan.com/tx/0x49bee1473ea3d84048bdefbb95b932c87a1e73b477198ed0c1c8a37f342a6205
2023-03-22 20:34:53,False,4.2026,0.01297,36.2137,0.47,0x2d...7822,https://bscscan.com/tx/0x92369a0ca2f60012872f0e3a2b3e7d01dbad7f5d1232787a623edd33534557ad
2023-03-22 20:34:35,False,4.2068,0.01299,0.5169,0.0067,0x38...28dc,https://bscscan.com/tx/0xab376736098f3824be6453562fc72ad7613a3866450d62c50502ecce9994ccee
2023-03-22 20:32:23,False,4.2099,0.01299,0.5084,0.0066,0x2d...7822,https://bscscan.com/tx/0x7508f02ec05dc07791f9cb16af8fcafcd2f54cdef915219e4757973a7fc9dbe8
2023-03-22 20:32:20,False,4.2149,0.013,41.1344,0.535,0x2d...7822,https://bscscan.com/tx/0xfc5e6186250e40c72befff2473cd56e274239de2a8c34355246e0c0ce2715180
2023-03-22 20:31:44,False,4.2195,0.01302,4.62683,0.0602,0x2d...7822,https://bscscan.com/tx/0xb7cba773395985f5c9a4e3346f5a8d0c7b571dd93760e210da78cc8bffece874
2023-03-22 20:31:41,False,4.2265,0.01304,57.0093,0.7436,0x2d...7822,https://bscscan.com/tx/0xfe3ffe542dd7c14762b6ff6352c9ec325017fa964b0869ad7fe2154da29f3044
2023-03-22 20:31:35,False,4.2399,0.01308,51.0793,0.6682,0x62...1f10,https://bscscan.com/tx/0x527427243e4117e582c7bc9600234404ed35b1822befb2778abb113fef6ab593
2023-03-22 20:22:32,True,4.2543,0.01314,53.2601,0.7002,0x00...78d2,https://bscscan.com/tx/0x5778dd852f7c2293d44d202737c1d1184c196dea7e88178037bf42252c2856be
2023-03-22 20:22:29,False,4.2272,0.01306,2.22238,0.029,0xdd...4cd0,https://bscscan.com/tx/0x922fd005f9956a3f261619b3d6fd20ae486e5e2533ed0a0e52572a7417b3f252
2023-03-22 20:22:29,True,4.2473,0.01312,12.3886,0.1626,0x2d...7822,https://bscscan.com/tx/0xf7444c7de2f21dd13b2d3de4d0a590b8e2f716c1b1f8fb4cb1b68d86f2d73172
2023-03-22 20:22:26,True,4.2422,0.01311,31.5773,0.414,0x2d...7822,https://bscscan.com/tx/0xae149c806c342b30197e91666ef08819198d8512c47581c9349ee25831624b6c
2023-03-22 20:22:14,True,4.2361,0.01309,21.6617,0.2835,0x2d...7822,https://bscscan.com/tx/0xcca7efc1e4d34932f112e7e25d5609543cb670ddc799a7f0a9299531ea5947b0
2023-03-22 20:22:14,True,4.2361,0.01309,21.6617,0.2835,0x2d...7822,https://bscscan.com/tx/0xcca7efc1e4d34932f112e7e25d5609543cb670ddc799a7f0a9299531ea5947b0
2023-03-22 20:22:11,True,4.2295,0.01307,35.7,0.4666,0x2d...7822,https://bscscan.com/tx/0x12f7f61ce5e2f6d26367524c59abe80d86b4c1e6d24410cecc1c008c1ee8ca14
2023-03-22 20:21:53,True,4.2186,0.01303,59.3379,0.7736,0x8b...88f6,https://bscscan.com/tx/0x400724abb65b82dc809b5770e4fee746f43eaaeef81bd519be7a193451239efc
2023-03-22 20:21:47,True,4.2055,0.01299,55.7126,0.7241,0x00...78d2,https://bscscan.com/tx/0xe426d2316055fc3873897ac4330442544f4438be9944a58f7148d6d900ece8cd
2023-03-22 20:21:20,True,4.1889,0.01296,43.554,0.5645,0x2d...7822,https://bscscan.com/tx/0x0b82fd9d66069f776f3b578b8258d6c28addb5b1e868692170f2950e7d1d88fc
2023-03-22 20:21:11,False,4.1419,0.01288,5.0,0.0644,0x57...dc92,https://bscscan.com/tx/0x7b4ce997f75811d8f0fb313231f1e7050790e1d43b05d9f75e3759ff7eaf9e3c
2023-03-22 20:21:02,False,4.1428,0.01288,3.19,0.0411,0xe5...4cf7,https://bscscan.com/tx/0x69f95695b361e58ff49cbad27804d64562a3d0427d5a5b2df1f77b94663f91e4
2023-03-22 20:21:02,True,4.1614,0.01294,23.3717,0.3025,0x2d...7822,https://bscscan.com/tx/0x711bfda3c33d9192c1dfbc35b315a5730ca1e24af1ea1eaa710467caf92c91b6
2023-03-22 20:20:59,True,4.1542,0.01292,40.603,0.5246,0x2d...7822,https://bscscan.com/tx/0xb56709656a7cfe3f6bef2922d91e3a23a5572750c0c00baf55eb6f66277c65cc
2023-03-22 20:20:38,True,4.1452,0.01289,36.9444,0.4764,0x2d...7822,https://bscscan.com/tx/0x59351e3e1280f9cc84b05ba30243e1366ae1f6c5b4e4aa70987a916ce0478f11
2023-03-22 20:19:53,True,4.137,0.01286,37.7424,0.4857,0x2d...7822,https://bscscan.com/tx/0x818c4355b2eb9e646a60ef1a87961b0200ae5833b45107ff950d2ca59118029a
2023-03-22 20:19:17,True,4.1481,0.01283,49.8674,0.6402,0x2d...7822,https://bscscan.com/tx/0x8cdbb655b02655a060eb53f61d3e4400faa70b9dd640e69f877ae53f3ad4979e
2023-03-22 20:19:17,False,4.1312,0.01278,83.9723,1.07372,0xa0...b202,https://bscscan.com/tx/0x8bee8169ee115ebce653656ffef4722f33162bd66ba6e2f64b69df1bcfcb9bdd
2023-03-22 20:18:53,True,4.1357,0.01286,35.7612,0.4601,0x2d...7822,https://bscscan.com/tx/0xdb3d468d615884d0d9804e66621f0eebc9c07d2754e9fbad1792214040c18653
2023-03-22 20:18:20,True,4.1462,0.01284,39.7925,0.5109,0x2d...7822,https://bscscan.com/tx/0xe6d6b24d4cd61bef5216f1a6eaf975317b2e075e48e1ed26499f20873e5d156a
2023-03-22 20:15:38,True,4.1178,0.01281,37.907,0.4857,0x2d...7822,https://bscscan.com/tx/0x728b99bfe25c43a0746a3593a0d5acf2bfc03533b698a4ea5bf5b56384e1aae8
2023-03-22 20:15:17,True,4.1302,0.01279,9.08602,0.1162,0x2d...7822,https://bscscan.com/tx/0x5ea10286bc505cd45b885d4a7d193cae15c3feb9f14defb4010e88b1ac65d39b
2023-03-22 20:15:11,True,4.1211,0.01278,42.2099,0.5394,0x2d...7822,https://bscscan.com/tx/0x849ee8ac62e11355c8cd8697b880d6c8339e086dfbd3fcc7ce300ddcdbec02d9
2023-03-22 20:14:29,True,4.1059,0.01274,51.2562,0.6534,0x2d...7822,https://bscscan.com/tx/0xa06bbe7855b6eeda0122faef033b9922b1957d3d52f339ba2963023775c60370
2023-03-22 20:14:23,True,4.0957,0.01271,42.5855,0.5415,0x2d...7822,https://bscscan.com/tx/0x3078ca5b09438d9fbc7dd88dd80031d83b13a0d03039dfdb026397156172a763
2023-03-22 20:14:17,True,4.0874,0.01269,33.4925,0.425,0x2d...7822,https://bscscan.com/tx/0xb405af9fab6548577e5a79a51114eeb02d265bcd85dcf11e5ba2147f32c7c15c
2023-03-22 20:14:14,True,4.0759,0.01265,72.2179,0.9139,0x2d...7822,https://bscscan.com/tx/0x718b390cc173d677828eb56f0519c87b3c226c89bebec299bcff2a279b0ee5bf
2023-03-22 20:14:14,False,4.0584,0.0126,98.7009,1.24371,0xe6...82fe,https://bscscan.com/tx/0x95e171dcc432d20398f56745a515ae30f52672079df2c120c23b7f2ecfa0a72c
2023-03-22 20:14:08,True,4.0652,0.01268,34.7198,0.4404,0x2d...7822,https://bscscan.com/tx/0x4b03565bc35261e49767e2d566c9f3e50a188ee6ea97f39324d2aa9a9e78f2dd
2023-03-22 20:13:35,True,4.0615,0.01267,2.99219,0.0379,0x0e...2f4c,https://bscscan.com/tx/0xb57f1c8efe810ec206d49ae2dd0a8d0a7acca25e3aed5cae9fea8d843e34d83c
2023-03-22 20:13:02,False,4.0668,0.01261,29.6228,0.3737,0x94...34f7,https://bscscan.com/tx/0x7de5c16402e708a25668076783aa6abe398556c1b07ca8635d293fedcc1436da
2023-03-22 20:12:23,False,4.0807,0.01263,32.2325,0.4074,0x2d...7822,https://bscscan.com/tx/0xb5286efc6fa18f6dc4dae0340b77cfc84f4d04472f7fba8ca17e7332324d52d7
2023-03-22 20:12:17,False,4.0901,0.01266,53.0461,0.672,0x2d...7822,https://bscscan.com/tx/0x72d26a43ec7d89de2271715662914d1408691ebd12b6d5303dfa2877ef0e1996
2023-03-22 20:11:05,False,4.0976,0.01269,34.8235,0.4421,0x2d...7822,https://bscscan.com/tx/0x7ce219eda4b9ceb39a8e635b93702e27c4308ea1103cc15544da133d33352d27
2023-03-22 20:07:11,True,4.1197,0.01276,39.2086,0.5003,0x2d...7822,https://bscscan.com/tx/0xdd6ac1587beb6cc1c2a5d24b653c40d494d015c281942072cf123a05bb75d272
2023-03-22 20:07:05,True,4.1114,0.01273,36.3527,0.4629,0xf9...5ebf,https://bscscan.com/tx/0x7201501e9438c5eda9c804d08e418e01a2d8f43bcbf9b0f59d34cf210ab0a964
2023-03-22 20:06:02,False,4.0993,0.01267,39.9524,0.5062,0x2d...7822,https://bscscan.com/tx/0x3ae6b431e5251f371c3271d005be48c13d9b20789cb18bda3f0069ff84d0cd9f
2023-03-22 20:05:56,False,4.1067,0.01269,23.6033,0.2996,0x2d...7822,https://bscscan.com/tx/0x2862a946286cc0265da452d110f64fe8057d504a935ea1971c6be554d363db96
2023-03-22 20:05:23,False,4.1116,0.0127,2.52528,0.032,0x2d...7822,https://bscscan.com/tx/0x6a03fed8176cce09fe20d512451134eccde6c3bc5e901a46cde5af70ca4f360a
2023-03-22 20:05:23,False,4.1186,0.01272,61.2228,0.779,0x05...7eea,https://bscscan.com/tx/0x6d8e864161e5636e992155c4d4dc0ca334ff72ef00b18e253232198de12bc571
2023-03-22 20:05:11,True,4.1501,0.0128,3.96697,0.0508,0x9d...5d73,https://bscscan.com/tx/0xa003b3c4a3715980e7f5be7e98f8635b5626ef2bb599221ec90a073138428fb7
2023-03-22 20:05:08,False,4.134,0.01275,46.2192,0.5896,0x2d...7822,https://bscscan.com/tx/0x3445d26a8203a4b36364e314a066dd4da2459481eeac085b2d063c5e1566631a
2023-03-22 20:05:05,False,4.1434,0.01278,38.4855,0.4921,0x2d...7822,https://bscscan.com/tx/0xde1eb102022fb17f9d1e150370db8491a512556ef82258533c5b664993c2d4d7
2023-03-22 20:03:47,True,4.189,0.01282,114.132,1.46373,0x2d...7822,https://bscscan.com/tx/0xde6c77782130f34232910e5fa0ef5cca4ae46daa0abbeca2283f96ccb06db4ea
2023-03-22 20:03:47,True,4.1718,0.01277,39.3091,0.502,0xe8...670d,https://bscscan.com/tx/0xbbec05387c5eb24c14d5c067bae9a50b0dcf99e64de9a79aa01fcf9454ab5fe4
2023-03-22 20:03:47,False,4.1719,0.01277,226.347,2.891,0xb6...4942,https://bscscan.com/tx/0xf5932eb478a247e781db58e2bdcf2ee06ef47ba9455550439c897ffbdb259435
2023-03-22 20:02:14,False,4.1967,0.01286,43.0836,0.5542,0x2d...7822,https://bscscan.com/tx/0xf3206653f2ec15da5166e491c41bce46c23dfb8fbfc61d7faf07435633ba355b
2023-03-22 20:01:59,False,4.2063,0.01289,41.4721,0.5347,0x2d...7822,https://bscscan.com/tx/0xf683b26cd5bb15a35289a15db7e102d8b6e6a05da682c5708b4427173cd7b9e0
2023-03-22 19:58:41,False,4.2386,0.01292,34.6222,0.4473,0x2d...7822,https://bscscan.com/tx/0x4c3e397d9be22af2bbf6fd2155b13bb677077f3d87e033e1146be2f19bb25a68
2023-03-22 19:58:32,False,4.2465,0.01294,34.2801,0.4437,0x2d...7822,https://bscscan.com/tx/0x3bfe25a7329aec1b2237f2571fc34c48932c2e21936df5d85b1031c59dd59999
2023-03-22 19:57:26,False,4.2565,0.01297,36.2366,0.4699,0x2d...7822,https://bscscan.com/tx/0x9372dd495046d7cfd5fc785eb074545db7ba74993fd869900863a75c0bd643d5
2023-03-22 19:57:11,False,4.2667,0.01299,41.7948,0.5432,0x2d...7822,https://bscscan.com/tx/0x5a6f61f036b74db8b2b8e16df4862dbd276373453114c0cf53a5f7edf9313bce
2023-03-22 19:56:38,False,4.2788,0.01303,56.7489,0.7395,0x4d...74b8,https://bscscan.com/tx/0xe5a848f2dd90b03bf8296dda05c04f58ec82679df6ab721b67b2677b5cd55545
2023-03-22 19:56:32,False,4.2896,0.01306,36.2363,0.4734,0x2d...7822,https://bscscan.com/tx/0x4cf630575c06c231f85e094b667bd92b28ff94ec37a7b8fb29e0412ef8c2f59b
2023-03-22 19:56:08,False,4.303,0.01309,34.8002,0.4555,0x2d...7822,https://bscscan.com/tx/0x3c94786b54589030cd67256c3c54902422146de93a88b00fd26818e4cc82ce6c
2023-03-22 19:55:26,False,4.3162,0.01311,34.4387,0.4516,0x2d...7822,https://bscscan.com/tx/0x0687dae8069fdcffc741618d039c21a797690dd3e193297747140c8683cf830a
2023-03-22 19:55:11,False,4.299,0.01313,10.9849,0.1442,0x2d...7822,https://bscscan.com/tx/0xe506e2faf9284513d21c65366463e670cb2a784bbc08bf9cd5b5581a006a2914
2023-03-22 19:55:11,False,4.3082,0.01315,66.96,0.881,0x05...7eea,https://bscscan.com/tx/0x316809cbec6ac8cbf68696af648f312cd51b0c5c629b95dc487ba2e2b3ccedfd
2023-03-22 19:52:40,False,4.344,0.01318,1.08919,0.0143,0x2d...7822,https://bscscan.com/tx/0xb2452a671bc3f761e671477e78bbf74f3585c81bc463b0994694d849c9279226
2023-03-22 19:52:37,False,4.3485,0.01319,36.3885,0.4801,0x2d...7822,https://bscscan.com/tx/0xa919eb558f4378ab6d5d97de2f1902a865ade5fc2f58224c909cbd7cb6d88145
2023-03-22 19:52:22,False,4.3528,0.01321,0.4869,0.0064,0xbb...c106,https://bscscan.com/tx/0x4f4c725f8627c788931d8b0ddfd8c5f31d63789ba24791df39723db437226f89
2023-03-22 19:51:13,False,4.3549,0.01322,36.9343,0.4883,0x2d...7822,https://bscscan.com/tx/0x467fa7bb078f68cb566728b4192dfd322e925247db8c6e1ed2f295e77bc57ff3
2023-03-22 19:50:10,False,4.3623,0.01325,38.6435,0.512,0xda...6e1f,https://bscscan.com/tx/0x70234fcdfa06a2004a4dd952726073a6458ee13c0fa08b6a8d62a02310861a4d
2023-03-22 19:50:04,False,4.384,0.01331,142.401,1.89624,0x2d...7822,https://bscscan.com/tx/0x4fba8b4853f1a1c98ee4d226b9cc5d2e61e4956b44ac6a4279b5115b023858e5
2023-03-22 19:50:04,True,4.4179,0.01341,226.347,3.03734,0xb6...4942,https://bscscan.com/tx/0xfeec43983c05b2f252ee4ec61fe4398f3fe25aecee808e17bb35268cfcfa4ae5
2023-03-22 19:48:17,False,4.3449,0.0132,0.7247,0.0095,0xd3...7c49,https://bscscan.com/tx/0x5250a4a32f81a0cc9ce1ac11d889aba4b5e6fa97fbaa1e675a1cd1a2b15b4e97
2023-03-22 19:48:11,False,4.3493,0.01321,36.767,0.4859,0x2d...7822,https://bscscan.com/tx/0xef6b265aa9290b34cb28c8a82e6391e5f0e00eed27d0abbe94ce1504c5cf4578
2023-03-22 19:48:04,False,4.3315,0.01323,0.556,0.0073,0x2a...e55a,https://bscscan.com/tx/0xc1c6ecfe3c8956765ea2e7c70bd9fd7aecd3d74fb72aee76fa59eedf3b173eef
2023-03-22 19:47:42,True,4.374,0.01329,5.65752,0.0752,0x2d...7822,https://bscscan.com/tx/0x3d6968f26fb203a96e97cd63db136d67dad94fb7fd253d2c423dc1310e4399c7
2023-03-22 19:47:42,True,4.3678,0.01327,46.0711,0.6116,0xc3...157a,https://bscscan.com/tx/0x7b6f44222724efa2d68c67506cd6f7e1ceb0f7086d11bbfd23382e64169e70f8
2023-03-22 19:47:33,True,4.3357,0.01325,1.46244,0.0193,0x2d...7822,https://bscscan.com/tx/0xa555d86edc1226a4138fcca21fe99117240c9428ff476cc0cfe7bf7edb9ec326
2023-03-22 19:47:33,True,4.3298,0.01324,48.3417,0.64,0xf9...5ebf,https://bscscan.com/tx/0xc128e8cfa0d29a9a391df2e12c2dd3fba60df0aade115b8534fb235cf98f7649
2023-03-22 19:46:50,False,4.3221,0.01316,6.46067,0.085,0x9c...ea73,https://bscscan.com/tx/0x26b03a5164d098504329c81414d0b053b351870e9b94cd05366a900ed99e5c1d
2023-03-22 19:46:50,True,4.3396,0.01321,41.9604,0.5544,0xc3...157a,https://bscscan.com/tx/0xcc04ff16c01c695ccbd8f2a983cb472a11a28974a150e656c20fc1212b3154aa
2023-03-22 19:46:47,True,4.3239,0.01316,91.1506,1.2,0x90...7ad1,https://bscscan.com/tx/0x20e61f473bfa36ac76e7561ea92bd30de0b3b3050a0607649fe2bbf9e0687f1c
2023-03-22 19:46:43,True,4.3077,0.01311,46.912,0.6152,0xb3...55e7,https://bscscan.com/tx/0x0895424571fb49c48f03f37c765a7e56cc592d770a5446da25e993bb23fe5edc
2023-03-22 19:46:40,True,4.2662,0.01306,96.0,1.25423,0x00...78d2,https://bscscan.com/tx/0xbba13bbab4a1c8d131e2300668434858d0a001832cba8e68a842927ef5f00c7f
2023-03-22 19:46:25,True,4.2698,0.01301,58.2408,0.7577,0x05...7eea,https://bscscan.com/tx/0xa4feda7eff31d3140b1f5834fafd666eae0899e2b94af8a1ee607cfa96076201
2023-03-22 19:46:11,True,4.2347,0.01297,30.8771,0.4007,0x2d...7822,https://bscscan.com/tx/0x135e2b06e79f767cec6b3c674a29eff447447cb14133fcf7006295146255043a
2023-03-22 19:46:05,True,4.2276,0.01295,31.2328,0.4046,0x2d...7822,https://bscscan.com/tx/0x1eda5b938880361b9600448aefd13185724615f44fe320e59ca1c5118367b50a
2023-03-22 19:42:17,True,4.2263,0.01292,53.3873,0.6901,0x00...78d2,https://bscscan.com/tx/0xd306057eb0fbac21b26fe2b5d549ce211dfc958057752029e89659e04271ac2f
2023-03-22 19:42:11,True,4.1982,0.0129,5.71984,0.0738,0x2d...7822,https://bscscan.com/tx/0xb6923336876cc64155b8203bf040680603f9e89cc79a7f27b33730c444ea42ea
2023-03-22 19:42:08,True,4.1935,0.01289,35.6737,0.4599,0x2d...7822,https://bscscan.com/tx/0x7f27ac1528bab78dffdd5f83b8caf5a7a43630ead5b86da36a2e2b3de12d0567
2023-03-22 19:37:40,True,4.1679,0.01286,35.8464,0.4612,0x2d...7822,https://bscscan.com/tx/0x7cea6eeddbcec161546dbf39b5d8137dd8edb18f05a25a00c877cbfec3accf06
2023-03-22 19:37:28,True,4.1792,0.01283,57.2,0.7342,0xca...34d7,https://bscscan.com/tx/0x2d17df4fe91e044552d3f0679df58865a0682b7a5669ba9a06930f42e69f9560
2023-03-22 19:37:22,True,4.1718,0.0128,34.5648,0.4425,0x2d...7822,https://bscscan.com/tx/0x8e41c473677814be850b5efcc2e01fc2dfe93668f7b34654dbea2b6e9a8700a5
2023-03-22 19:36:52,True,4.1428,0.01277,44.1495,0.5641,0x2d...7822,https://bscscan.com/tx/0xdfefe54801b41137d953b35b3b4025747bb172b8252532968861fd0c2de7d258
2023-03-22 19:36:49,True,4.1466,0.01271,125.092,1.5911,0x2d...7822,https://bscscan.com/tx/0x970e8d9b0664e00a31685303c3b4ad9e7fc73623198d99417039534574fc751a
2023-03-22 19:36:49,False,4.1383,0.01269,236.714,3.00481,0xb6...4942,https://bscscan.com/tx/0x525aee213cd859b3884d8a993a9c7ebee72be31acf91c5058365ac1cfab1c5c6
2023-03-22 19:36:40,False,4.1691,0.01278,41.2018,0.5269,0x2d...7822,https://bscscan.com/tx/0xc3d86f2b96316e0274a9c8781d06454ad0ed3d4be5c52d239d2c1e926e1e4368
2023-03-22 19:36:19,False,4.1648,0.01282,50.9974,0.6538,0x2d...7822,https://bscscan.com/tx/0x531b651a4dddfcffd77f0509dd6ac27cfb6ed0dbc30eba52e83803014ab0a108
2023-03-22 19:35:58,False,4.2083,0.01288,122.049,1.57199,0x0e...7558,https://bscscan.com/tx/0xb09c02318d5bda48fc590facbb03b15ea395ecceb637e043e0e5d44fe7fa3cfb
2023-03-22 19:35:16,True,4.2611,0.01296,58.4991,0.7585,0x87...29ea,https://bscscan.com/tx/0x95db13a63dbaa48f48995ed6080b83b0a43913108e8503a16d194f2b7ea09180
2023-03-22 19:34:52,False,4.2125,0.01288,1.0,0.0128,0x5f...2909,https://bscscan.com/tx/0x81f601d9beb5597015f4d038398b3c700c950dcdc1e70c4779012a5e17430906
2023-03-22 19:33:58,False,4.2387,0.01289,40.4501,0.5216,0x62...1f10,https://bscscan.com/tx/0xd78c525038b9ae3653d5f6ddefd034e9b83c3e3a7717867cbe9986fd32067fcd
2023-03-22 19:33:58,False,4.2448,0.01291,13.187,0.1703,0xda...6e1f,https://bscscan.com/tx/0xd7cccd092879532d91750cc028354ec6b4baecedcc46e878ec17766ee319e036
2023-03-22 19:29:10,True,4.2468,0.01298,0.044,5.72e-05,0x2d...7822,https://bscscan.com/tx/0x74bcd152456fe8371ad5c59a7e832f8cf44dda65b5f9e28297da9571609cd224
2023-03-22 19:29:07,True,4.2647,0.01297,35.2797,0.4576,0x2d...7822,https://bscscan.com/tx/0xb42f5266eec97c58ad29e0c3be125d3734534f2df5fe4f6d215844bb574e7081
2023-03-22 19:27:31,True,4.2567,0.01294,35.5855,0.4607,0x2d...7822,https://bscscan.com/tx/0x90aab67c1a42a3263c1c224c21b88a8e67318a969124b36229963c57ec4247be
2023-03-22 19:22:31,True,4.2523,0.01292,21.1648,0.2736,0x38...89ef,https://bscscan.com/tx/0xf4b22718bda7537938b9d3a574e9bdd19a4b2ed0362a506cb9de3e05d29a3cae
2023-03-22 19:20:25,True,4.2449,0.0129,38.9449,0.5026,0x2d...7822,https://bscscan.com/tx/0x43fece26a8df7789e55bcc4195506130837d4cf1e0435205c95ff634cf0065e6
2023-03-22 19:19:37,True,4.2369,0.01288,37.533,0.4834,0x2d...7822,https://bscscan.com/tx/0x54610f04e5176f4d577122c0040f2d2b69b8d549e079b1e8d64a9ec984693128
2023-03-22 19:15:38,True,4.2287,0.01285,34.716,0.4462,0x2d...7822,https://bscscan.com/tx/0x8ee7af9b41975ca52d822feece5367aacf306e11090f499bf4570805f40e18e8
2023-03-22 19:14:05,True,4.2262,0.01283,23.4234,0.3006,0x43...bdde,https://bscscan.com/tx/0x0294faa8ede495c5eccda7685da784ff6ce7ce2dea52b77174a29a33cd8ba379
2023-03-22 19:14:02,True,4.2191,0.01281,39.3633,0.5043,0x2d...7822,https://bscscan.com/tx/0x70c27032bede09464e12ddaa300fe8e89271280342a5907c523b001ab932a79b
2023-03-22 19:14:02,False,4.1965,0.01274,25.977,0.331,0x41...a1be,https://bscscan.com/tx/0xefb22dfb6914d73d8dbee13e086c4bc475faa82cefa43f686b55bb1848db177b
2023-03-22 19:09:23,False,4.1974,0.01277,66.2212,0.846,0x62...1f10,https://bscscan.com/tx/0xf9ad82219c99aefaa7ae5ff771c01c4e80afc19e4e241453d995a0b8eeb1a522
2023-03-22 19:08:09,True,4.2257,0.01284,45.4911,0.5844,0x2d...7822,https://bscscan.com/tx/0x736424c679496b59357b50f5a8525df09b390a91e34f1b3c32a4a41a2eabf33e
2023-03-22 19:07:35,True,4.2364,0.01281,51.5981,0.6611,0xe3...d2ff,https://bscscan.com/tx/0xa78538768e057740773a64f0c3dc4a909d062283c5845b612f519403dd07e61e
2023-03-22 19:07:28,False,4.2144,0.01274,44.0,0.5608,0x58...cb9d,https://bscscan.com/tx/0xe5d4af5aba5f76527ead234963e63451caf659351dbb1e0b34268d2077d67b89
2023-03-22 19:06:11,True,4.2322,0.01281,34.4174,0.441,0x2d...7822,https://bscscan.com/tx/0xbd55984b93d33ae9ff7d120af95146e2166e625554f92ea6da073a0763c7efd2
2023-03-22 19:05:52,False,4.1806,0.01274,4.81176,0.0613,0x5f...2909,https://bscscan.com/tx/0x9802fb138fb5140a484cd93d5f9621c72e6cd92ab4ad93b3f5c8f03c9356682a
2023-03-22 19:04:40,True,4.2133,0.0128,3.63655,0.0465,0x0e...2f4c,https://bscscan.com/tx/0x7760e03f997acc607273df2adbee37b10c88ec9ddc2b176af63dc8753f8a3fe5
2023-03-22 19:04:25,True,4.1868,0.01279,38.9565,0.4982,0x00...986d,https://bscscan.com/tx/0x007d0150e6d102c9d798c4c2e0d8b15640fd3b68aaa6fbfef2a5effee94589dd
2023-03-22 19:04:22,False,4.1912,0.0128,264.142,3.38194,0x19...ba09,https://bscscan.com/tx/0xc71b990660617a442577dfb48f8636d8fad4fee3bb6bda36376275ec7f495952
2023-03-22 19:04:22,False,4.2414,0.01295,178.417,2.31171,0xdb...8aba,https://bscscan.com/tx/0xa2def4bec1577345607d4b815b7b398c483a841068cf7bc048d0dc8fa4fea848
2023-03-22 19:04:22,False,4.2627,0.01302,7.67908,0.1,0xbb...04a5,https://bscscan.com/tx/0xa6d9fdabcd9f42a668c3ba935354b7f65157ee576e257c6b7c1b4a722d678b85
2023-03-22 19:04:22,False,4.2699,0.01304,54.6554,0.7129,0x16...2841,https://bscscan.com/tx/0x0a44443f5530a64d8945a41328a8a1b1f8a45cfb34c50d216625a5cd98462ba9
2023-03-22 19:04:22,True,4.3176,0.01319,374.563,4.94035,0x16...29de,https://bscscan.com/tx/0xe02f66fd33584f672cd80e4a272d2bc23b9851dd56e7acb73cefc012984a15ef
2023-03-22 19:04:22,False,4.2202,0.01289,263.584,3.39817,0x2d...7822,https://bscscan.com/tx/0x153ac9e381c21540547c477b4050908bce6a2a4710167e13731b0284fdea0037
2023-03-22 19:04:22,True,4.2412,0.01295,264.142,3.4223,0x6a...8692,https://bscscan.com/tx/0xa604e8704f8b510c8a78f09d500a957a7b42e9f81bfef3d86f24e77ac5371264
2023-03-22 19:03:34,True,4.2121,0.01284,45.3912,0.5832,0x2d...7822,https://bscscan.com/tx/0x585aeefc9b2e676de60bd284bcdfee10e07dad5e785d7609ed2fb75b079a6be5
2023-03-22 19:03:25,True,4.2058,0.01283,9.64535,0.1237,0x2d...7822,https://bscscan.com/tx/0x2d8cd15a84cbce539a6d3a6dacb2aad9c14bea62ca8d7f53936ec76bdf794493
2023-03-22 19:03:22,True,4.1995,0.01281,46.8135,0.5996,0x2c...015a,https://bscscan.com/tx/0xae81d1a36e68779ce38b3bc07fc4a243883dafc8110eb5675926e056ebfa1bd3
2023-03-22 19:03:19,True,4.162,0.01277,71.5016,0.913,0xed...4f31,https://bscscan.com/tx/0x5d81af8226ce4db7120991c23999b75807ba5d50bbc112057ce50dc244f1bb52
2023-03-22 19:03:04,True,4.1696,0.01273,40.0427,0.5098,0x2d...7822,https://bscscan.com/tx/0x1c8121e102e14b52c56516d617abe3bbd11f602b5bd27f5ac7016ca324be8823
2023-03-22 19:01:55,True,4.1615,0.01271,16.079,0.2044,0x96...99c4,https://bscscan.com/tx/0x3a2bac2bb21f9334724eff98c9b84deb052a6c2d2579b082074f5b3ef712ef19
2023-03-22 19:01:52,False,4.1525,0.01268,122.383,1.55241,0x2d...7822,https://bscscan.com/tx/0x05bab7f49ba899efc0c10aa579770356507ba2b3b3afc75f2ab692fd47341d0d
2023-03-22 19:01:46,False,4.1677,0.01275,93.1209,1.18805,0x90...7ad1,https://bscscan.com/tx/0xb39ed4600266fa46516d95b7350bca1a968c7c16af0c5e05d289aae01d30bd06
2023-03-22 19:00:58,True,4.2292,0.01285,1.12056,0.0144,0x2d...7822,https://bscscan.com/tx/0x345260bf02f771f717294c73297425a3df24b77bf5f38a42b9248e0708621354
2023-03-22 19:00:58,True,4.2203,0.01282,77.404,0.9928,0x59...4241,https://bscscan.com/tx/0xbdc3b376afdda051be9cdaa4fac867b8c401548a6f068058941049665f9545e7
2023-03-22 19:00:37,True,4.2051,0.01278,58.7411,0.7507,0x2d...7822,https://bscscan.com/tx/0xe41ae951998a966e242d88351dccf7ca3238ef0a12d49194d1559bd217590817
2023-03-22 19:00:34,False,4.1734,0.01269,3.44,0.0436,0xe5...4cf7,https://bscscan.com/tx/0x40c2d204c4c96c1db3b525360d7694d6e82318abca2d650eee978a4f06297240
2023-03-22 19:00:34,True,4.1911,0.01275,32.0028,0.408,0x2d...7822,https://bscscan.com/tx/0xd9e3e9b9639a2b18a4e66c506f51c092b1e9affb60881ed520c493ba17531ca1
2023-03-22 19:00:31,True,4.1835,0.01272,35.4869,0.4516,0x2d...7822,https://bscscan.com/tx/0x5a5e398228f8be7a51bc770a75512c231effc217140baca0e934eabbca20b349
2023-03-22 18:58:52,True,4.1661,0.0127,24.7104,0.314,0x2d...7822,https://bscscan.com/tx/0x578263c7951344c8f3c9cbcd9cb697053706e787afa907a65cebdce42731b794
2023-03-22 18:58:49,True,4.161,0.01269,21.2927,0.2702,0x2d...7822,https://bscscan.com/tx/0xca6cb2eb69ab3e5c430740b1ddb80c6882c951cfff761035ba40a7328e1176a9
2023-03-22 18:58:49,True,4.1387,0.01262,179.958,2.2718,0x00...78d2,https://bscscan.com/tx/0x1a391de2f43812191dae3423600d0ee7db0d844438cd038696693087b1968f08
2023-03-22 18:58:46,False,4.1159,0.01255,178.892,2.24588,0x23...91f0,https://bscscan.com/tx/0x347b984647eb3e5b4505ea8b38db282c6e617595547d0e057f7a57f2b6adb8aa
2023-03-22 18:57:52,True,4.1505,0.01266,59.7782,0.757,0x2d...7822,https://bscscan.com/tx/0x3af5723b3be3702f9e9b19c5beb071d2c10b6edb927a05e332b46dd518b10fd1
2023-03-22 18:56:43,True,4.1428,0.01264,0.1028,0.0013,0x2d...7822,https://bscscan.com/tx/0xb9b3f40ddcbf6b87fa81fdceb345d5ffca7323a37290e93e095525a2f90a1a65
2023-03-22 18:56:43,True,4.1371,0.01262,51.9561,0.6559,0x8b...88f6,https://bscscan.com/tx/0xdf6f3929e3bd0519d617570a5983cacfadee087d28cfe837ac3bc78d8d0a0d0c
2023-03-22 18:55:13,True,4.1026,0.01258,73.8161,0.9288,0x2d...7822,https://bscscan.com/tx/0x3e744ef58410a886354b44928dd77af46c72891755fd53c41158908e0dc1e366
2023-03-22 18:52:19,True,4.0897,0.01254,39.0993,0.4905,0x2d...7822,https://bscscan.com/tx/0xf2c5aba79d1364b026bfc892f5c079b0745aedf1e399e23daebba90824aeb872
2023-03-22 18:32:32,True,4.0882,0.01252,36.9038,0.462,0x2d...7822,https://bscscan.com/tx/0x0d98e9ba05a634ccb7e0d9c59d14d71ec3f9fe796d835a1c18d5a717c5197bef
2023-03-22 18:27:16,False,4.0648,0.01245,20.0,0.249,0x0f...2b78,https://bscscan.com/tx/0x677ecdbe9c911f7c2a1f7e556ff90ce84ad0deee368c711c322a9249c37cd3a2
2023-03-22 18:27:04,True,4.0836,0.01251,33.4736,0.4187,0x2d...7822,https://bscscan.com/tx/0xcab3a91eae4b48a06e3b5aaf87ea173f74721484b5ed3aaa263e315f92555a60
2023-03-22 18:23:58,True,4.0798,0.01249,2.67137,0.0333,0x2d...7822,https://bscscan.com/tx/0xac03bd2e92caefe6a44a23f4509d03c15162a5262c93a06035dab196d7b8e732
2023-03-22 18:23:55,True,4.0754,0.01248,37.9641,0.4739,0x2d...7822,https://bscscan.com/tx/0xf2f27e7081b24ef95315ab008e885fba71b99447227907b3487c03132779d179
2023-03-22 18:22:16,True,4.0678,0.01245,39.9971,0.4983,0x2d...7822,https://bscscan.com/tx/0xc8873503534f2a946c0f02601bd7f27d1a828f17cd7b0a55c2c38102ff3f029d
2023-03-22 18:19:07,False,4.0312,0.01239,38.9246,0.4825,0x2d...7822,https://bscscan.com/tx/0x4e0a4771e03a8b1555d595af2da3ec911af8ad33e649f0a12c728fc5f7a489fb
2023-03-22 18:18:22,True,4.0785,0.01247,3.63087,0.0452,0x9d...5d73,https://bscscan.com/tx/0x1179aa6a8200023f636ea8ea382eeeee453283961a337389c95acd0e3d416a73
2023-03-22 18:18:19,False,4.067,0.01242,50.331,0.6252,0xb3...55e7,https://bscscan.com/tx/0x90d74130add9f68c727593ab4128fa6568f0d923298a3beb234ef9be6381ff4d
2023-03-22 18:18:16,False,4.0786,0.01245,56.88,0.7086,0x2d...7822,https://bscscan.com/tx/0xe00e57bb012b1f30116e56311cabb9963ea0372319afcf81fafa6859b9e903a6
2023-03-22 18:00:28,False,4.0772,0.01248,25.0,0.3121,0x1c...7d73,https://bscscan.com/tx/0x99d96ac68be210593cd50ff84b48e56cda5329b500c1f772f99fc3b1d0f20a6d
2023-03-22 17:48:46,True,4.115,0.01255,7.89577,0.0991,0xab...de12,https://bscscan.com/tx/0x3d0a2f4ea8a975e4868514d9bc2685011b34826003fdf60f6a75505dd51e0c5f
2023-03-22 17:29:37,False,4.098,0.01251,83.6757,1.04734,0x2d...7822,https://bscscan.com/tx/0xda5966efa332c4732281e8f365f76cab2a68b16d42ae7aa419be732725b6cdaa
2023-03-22 17:29:37,True,4.115,0.01256,115.778,1.45517,0x83...ac8f,https://bscscan.com/tx/0x3af7de0d69da730116c2778e6aa3a3ba3f4d1c7cb8dfa05ce703a316e32cdf30
2023-03-22 17:14:25,False,4.0933,0.01247,36.3061,0.453,0x2d...7822,https://bscscan.com/tx/0x365eb8c95d138fc5a34d4464576e380636f144cd7781d0dd2100762bccb16325
2023-03-22 17:14:25,True,4.1165,0.01255,11.0132,0.1382,0x06...ff85,https://bscscan.com/tx/0xe1e1dd4892525f4a00d7fbdd201e9ab7206412c115a149801ec7d4a59a6a54d6
2023-03-22 17:14:22,False,4.0959,0.01248,10.0,0.1248,0xe1...ff4f,https://bscscan.com/tx/0x0208a77c432e507664ee1e9269ebb7dd6fdcb8b6e6f029c9f0b93ae377088358
2023-03-22 17:13:52,False,4.102,0.0125,36.8703,0.4609,0x2d...7822,https://bscscan.com/tx/0xfcb6327dbfcd95b3ee3dd214fb320f3f882d83c415f942bac6368e9159ae4c14
2023-03-22 17:07:11,True,4.1092,0.01257,2.58497,0.0325,0xbb...c106,https://bscscan.com/tx/0xbf1c818c5d60257fae195b15b875102e9f3e877a17e13714f1430e638179f895
2023-03-22 17:06:38,False,4.1179,0.01254,82.6219,1.03617,0x74...a5bc,https://bscscan.com/tx/0x25ad99dd27693a131df3f546fafc7bdda6b59ee5554709f9300fee6af67cfc0e
2023-03-22 17:02:27,True,4.1455,0.01263,2.91623,0.0368,0x15...f557,https://bscscan.com/tx/0x036f18a00637d916208fa5acb90e73f4025d333bb99aaf58058ed8f75d549b25
2023-03-22 17:02:24,False,4.1282,0.01257,34.1513,0.4295,0x2d...7822,https://bscscan.com/tx/0x2ca7ff3119603a02e66c56a40a25df633344ca7840d84e376d42b6b4367cab1c
2023-03-22 17:01:51,False,4.1152,0.0126,38.6051,0.4865,0x2d...7822,https://bscscan.com/tx/0xe0003360de03408fd7c602c3cbd79f511ad465909f1344d6742125b4c61f1a42
2023-03-22 17:01:30,False,4.1476,0.01263,69.5598,0.8791,0x2d...7822,https://bscscan.com/tx/0xe917bd5ba50987227ee638df982f9737d88ff25d70e22f57cfacf0b419f99cb6
2023-03-22 16:49:12,False,4.1443,0.01268,53.7538,0.6816,0x43...fe22,https://bscscan.com/tx/0x516c6d35c3abfc8d644562c2a83600eef5c9cfdcbea7ae1e56ce35ba8fe77ec1
2023-03-22 16:47:15,True,4.2053,0.01276,2.9718,0.0379,0xa8...ffc1,https://bscscan.com/tx/0x16c28246e33362f252177464734d339f4c04a739a9183a11c53cfe2481485971
2023-03-22 16:47:09,False,4.19,0.01271,53.7713,0.6837,0x71...69e3,https://bscscan.com/tx/0x5024a81e8c9be9f5f003e6662ee945ecb1584b35c9900636af9afda0875a093f
2023-03-22 16:45:15,False,4.1797,0.01274,36.8567,0.4697,0x2d...7822,https://bscscan.com/tx/0xec9b25cdab5279e1164c80b847af2aba7c92b0f0d15103247ad9628e72c9eb46
2023-03-22 16:41:42,False,4.2099,0.01277,40.4916,0.5171,0x2d...7822,https://bscscan.com/tx/0x13af901665ce1f52d251a5ab4f73a497e8a5fa14c564acd389bbd23e60a0c5ee
2023-03-22 16:39:36,False,4.2154,0.01279,16.0261,0.205,0x17...55d9,https://bscscan.com/tx/0x4f8e0acbef260ee7ac9853e69dd6b0c49fc82d64063183ec19841bcbb8990f34
2023-03-22 16:37:33,False,4.2211,0.01281,36.5427,0.4681,0x2d...7822,https://bscscan.com/tx/0x5ff0a724bf99e5fd2e2b1445bf3bdbbacd9c6e8c9f1e92326e46d21dcdb51ded
2023-03-22 16:36:51,False,4.2048,0.01282,3.1443,0.0403,0x2d...7822,https://bscscan.com/tx/0xc142a3b2ab3545ac641e001d85ebb5a0596a26493fb250bacbc56120b96b9563
2023-03-22 16:36:48,False,4.2322,0.01284,51.6432,0.6632,0x34...7c76,https://bscscan.com/tx/0x42e1129e68fdaf6874325c31263320be4940304d9864d88f8c196373d14e2a93
2023-03-22 16:28:09,True,4.2597,0.01292,31.4554,0.4064,0xf1...e82e,https://bscscan.com/tx/0x2cdebcb70d6bd67a78472a9fdbe1b98ed26054f577871949fc1d47c698578d2f
2023-03-22 16:26:15,True,4.2395,0.01292,43.5506,0.5627,0x2d...7822,https://bscscan.com/tx/0x3144ab450a48b8947fee6593d0903be8d0e5f5afd66d8563ea85f44bedd2e924
2023-03-22 16:26:06,True,4.2304,0.01289,36.2484,0.4673,0x2d...7822,https://bscscan.com/tx/0x19312a1d4f23c5cb44b020f7231f7977d7c4bd09aed3af735a29b0a5c99374fa
2023-03-22 16:24:15,True,4.2322,0.01283,37.1544,0.4768,0x2d...7822,https://bscscan.com/tx/0xd4e0e00df9ae2e5fab8f556ae816a06438c2d6440543651eb27aab7d8ade23f6
2023-03-22 16:13:54,False,4.2138,0.01277,47.3996,0.6054,0x2d...7822,https://bscscan.com/tx/0xba568780f32119a46cf1275dc28b9d77ff6088d57da803f0fce9c9f16a1a9818
2023-03-22 16:04:48,False,4.214,0.0128,35.746,0.4576,0x2d...7822,https://bscscan.com/tx/0x02ca7fe3be53ab887b61fcd6818e7eb7a805bdc9792068b41cbe69b4f3271239
2023-03-22 16:01:27,True,4.2387,0.01288,0.2307,0.0029,0xc1...8d37,https://bscscan.com/tx/0x8e7e405693b865d1b7ab55b844575b5362f9c4eb37e061c7168ec9f5b0fc6b4c
2023-03-22 15:56:27,True,4.2098,0.01286,49.4262,0.6357,0x6a...6c7e,https://bscscan.com/tx/0x51942b0f4ce455bcbf7ad9c43c87adc5233a929f2fb8e6e4ff1cb19b0b02ff46
2023-03-22 15:54:15,True,4.2212,0.01283,37.2134,0.4775,0x2d...7822,https://bscscan.com/tx/0x39ba159f7fb598933ed97f67ffe2236825e978242cff276e8129d79b84b95db1
2023-03-22 15:52:24,False,4.1835,0.01278,78.1897,0.9994,0x62...1f10,https://bscscan.com/tx/0x8d3d45695352c82a380cf741fd040f12e97e5a2c16d7a78ae3ddda1def3bbd88
2023-03-22 15:52:00,False,4.2191,0.01282,49.1568,0.6304,0x62...1f10,https://bscscan.com/tx/0x3c4fa61942e7d3c11326f62b7a6ea8a4d6cb723e0dd5d1b75509b139f7d0623a
2023-03-22 15:51:54,False,4.2627,0.01295,331.853,4.30027,0x2d...7822,https://bscscan.com/tx/0x1b56f9ce2462cd692fc9cf8d17e1b29e844984cb3af2e61016decf3399a4ad1e
2023-03-22 15:51:54,False,4.3018,0.01307,6.35552,0.0831,0xb9...d4cd,https://bscscan.com/tx/0x23e44619ce98cf14a91962055220cd83e3be150ae58043d47887f13bcb84d74c
2023-03-22 15:51:54,False,4.3138,0.01311,95.9595,1.25838,0xbd...a89e,https://bscscan.com/tx/0x24344bcc8226b17c809cdec4f059e1ca143fb4dd8c101ed5b8c681a6c4cd92a9
2023-03-22 15:51:54,True,4.2886,0.01303,496.582,6.47392,0x50...8863,https://bscscan.com/tx/0x0a03f49a9332451a6e68db09a1a080ee20c44b6b565d91ef0c79bb8162a5ac98
2023-03-22 15:47:21,True,4.215,0.01284,55.239,0.7094,0x09...18f7,https://bscscan.com/tx/0xa8a60e15ecaa71e7a808c5806c3f2963482e93f55ddf0a9ff03fb0adc777e465
2023-03-22 15:46:24,True,4.2168,0.0128,54.0685,0.6924,0x09...18f7,https://bscscan.com/tx/0xa1e9f35ca39bc51467c1d3961e80cbbed1142b0e5d22f7d63fb1b176bdb3fd3c
2023-03-22 15:45:38,True,4.1819,0.01277,47.2043,0.6028,0xa0...cc8d,https://bscscan.com/tx/0x74191684b2a1704676e899cd32e3677c08ead000b49adbdbd97ae03312ca85b3
2023-03-22 15:39:46,False,4.1833,0.0127,50.8577,0.6463,0x8b...88f6,https://bscscan.com/tx/0x64de5eef824a5ac3d6403494bd336712891887ae9c68f81ecaeb70fd763b5426
2023-03-22 15:22:31,True,4.1952,0.01277,52.6426,0.6723,0xb3...55e7,https://bscscan.com/tx/0xf91f9b7241c06d606d694b36b09808601595d1aa33d9de3f865dcfda9b4331c4
2023-03-22 15:17:49,True,4.1818,0.01273,49.7669,0.6338,0xed...4f31,https://bscscan.com/tx/0xb299550ac23a0ddb542c8f0357f162c24df2863186f74a4f4edbf381d5acb994
2023-03-22 15:11:45,True,4.1606,0.01268,111.85,1.41849,0x2d...7822,https://bscscan.com/tx/0xc29f63838a37eb9e0bf21c0c17ab2e2d0e83cc00d71da660528ba161825a9dc4
2023-03-22 15:11:45,False,4.1543,0.01266,242.41,3.06961,0xef...5804,https://bscscan.com/tx/0xb751f384209e4078e03c46436c019281801702e26b93eb0a29d3956d4ebd179f
2023-03-22 15:09:42,False,4.1917,0.01276,53.4116,0.6817,0x8b...88f6,https://bscscan.com/tx/0x33b27e182633e4bb9f5287bff059f1f487e52f4be70a6f9a9b6ce20e68e491e2
2023-03-22 15:09:36,True,4.2163,0.01283,22.1686,0.2846,0x69...3a41,https://bscscan.com/tx/0x243e71e5a3e3d1b00b58f11fe0322a1904cbcd758a80f32e0413f81d624903a8
2023-03-22 15:07:48,False,4.2038,0.0128,110.781,1.41849,0x2d...7822,https://bscscan.com/tx/0x3b29784f29c91a040c753def04ca055d4818b660ce7ae15109e5e0398b5aff5e
2023-03-22 15:07:48,True,4.2256,0.01287,103.87,1.33689,0x69...3a41,https://bscscan.com/tx/0xa7e52b354a52222859d588fc002db40632d83cb78647e86b94021503abb27b81
2023-03-22 15:07:03,True,4.1874,0.01281,47.1444,0.6043,0x3b...71c8,https://bscscan.com/tx/0xefbad8563c5d86eaeac804ab2506f8378b19a527bc9d19c3b1bdd8364035493c
2023-03-22 14:58:54,False,4.1635,0.01275,49.7389,0.6344,0xed...4f31,https://bscscan.com/tx/0x12997fecd18900e4fff4b07cf582427f7dfc6dcf939a62f0a01182df305d949d
2023-03-22 14:55:18,False,4.1709,0.01278,48.6202,0.6218,0x8b...88f6,https://bscscan.com/tx/0xd2b02b201bf824c6014499d04033347ed1d9f8263e96667e4005953dab4bbf95
2023-03-22 14:49:36,True,4.2155,0.01286,2.66633,0.0343,0x1f...953a,https://bscscan.com/tx/0xf0a2de5095448ef528f2fcb06557e6356c2750341d9b490af495177a22cfbcfc
2023-03-22 14:46:36,False,4.1973,0.01281,16.0,0.2049,0x32...21e5,https://bscscan.com/tx/0x4a5275a862470c4d2151e5006f2c0719743fcacac3eba4d831da1ce8dc43088c
2023-03-22 14:37:06,True,4.1875,0.01285,59.3627,0.7633,0xed...4f31,https://bscscan.com/tx/0x7d84f89bcf5cc488732b48717c90bce60e9c77b1646431debb0c1d3dd064b9ab
2023-03-22 14:31:45,True,4.1961,0.01282,38.4052,0.4925,0x2d...7822,https://bscscan.com/tx/0x0365df60c4d20439c8d64fa1bed67339f1158d91173e66c4e09a607f53471243
2023-03-22 14:14:39,False,4.1656,0.01276,38.5977,0.4925,0x2d...7822,https://bscscan.com/tx/0xae88b8bbddeb036e2ab98a905b8734c190a56a37b22dd2795468f36ceac9b1ee
2023-03-22 14:14:36,False,4.1808,0.0128,97.1607,1.24441,0x11...a5bc,https://bscscan.com/tx/0xdbfe4fe977cc26151fef46ab902571874e6c781b008af816593e215425cf2c72
2023-03-22 14:14:36,False,4.2122,0.0129,180.652,2.33111,0xdb...8aba,https://bscscan.com/tx/0x9d9a5f807c79c7fa1facc2ed4a75b4a625bdf9ac308f709ac8cd10f645d709ed
2023-03-22 14:14:36,False,4.2437,0.013,95.5428,1.2421,0x83...6997,https://bscscan.com/tx/0xbc711a03aa6dd06980bcfb385e776f0d17e42ed59bb61ed736d6b4fadf3fc07c
2023-03-22 14:14:36,True,4.2244,0.01294,450.0,5.82349,0x16...29de,https://bscscan.com/tx/0x37a046b0f6e3935025fea5384a1569b36bfb4a6357719182a9fc018bf8766893
2023-03-22 13:53:03,True,4.1774,0.01276,55.6763,0.7107,0xed...4f31,https://bscscan.com/tx/0x5f4a7ad588d2ecb08ec149efe4c667562ce06639ee03c70072fde490702bbd7a
2023-03-22 13:52:18,False,4.1691,0.01274,169.295,2.15698,0x41...7fc5,https://bscscan.com/tx/0x4dcf7da69da422d04862c8f4f9c2f112e5fcf2a02a10e7e9efd6bc2c6a51c0c0
2023-03-22 13:49:42,True,4.1979,0.01283,79.0751,1.01498,0x62...1f10,https://bscscan.com/tx/0x32862555b848f4d254c0ba9f6f6f908983d0988b0dd6f4037c82349951b85cdf
2023-03-22 13:36:29,True,4.1843,0.01277,97.3089,1.24312,0xed...4f31,https://bscscan.com/tx/0xb95187a625982a4fc18d5c8003dcc902aa42d4501895d54446bee19dc0be19fb
2023-03-22 13:36:26,True,4.1576,0.01269,140.961,1.78933,0x2d...7822,https://bscscan.com/tx/0x891cec46b5a2cccd16d1ee7f25253dc8c1c0123732dcbb95a1fdd8dc2d91166c
2023-03-22 13:36:26,True,4.1234,0.01258,169.295,2.13127,0x07...f525,https://bscscan.com/tx/0x52cf5d11725c94ebdd7ddfec47ab5d3871acb085b16e91450dcc5f21043aebb0
2023-03-22 13:36:26,True,4.0964,0.0125,77.1303,0.9646,0x72...08a3,https://bscscan.com/tx/0xf24dae6747ffa0b3384e210881a060b8916a32f281cf740f1e41e4c0c11639f1
2023-03-22 13:36:26,False,4.1222,0.01258,500.0,6.29284,0x0b...e627,https://bscscan.com/tx/0xe7c2741ef0e49b9edd403981b1b9d8376b3eda03781e34cdd70c5b10be84257d
2023-03-22 13:28:05,True,4.1709,0.0128,36.9121,0.4726,0x2d...7822,https://bscscan.com/tx/0x569d020e2215056ac35b882ec9755a39995dba226c67205d9964f378b9e59ea5
2023-03-22 13:22:20,True,4.1806,0.01277,42.1187,0.5382,0x2d...7822,https://bscscan.com/tx/0xddbabbe00a09bb85a0069ec61cd47de586dba9d0ac9aa3e5bd47bc84ea7714e2
2023-03-22 13:20:44,True,4.1537,0.01276,5.77758,0.0737,0x2d...7822,https://bscscan.com/tx/0xc454afde00559503da7f704e481ac1c8bb60707cabd6fbc679a4ae1111882eda
2023-03-22 13:20:38,True,4.1485,0.01274,40.7926,0.5199,0x2d...7822,https://bscscan.com/tx/0x5035d0590f2b2d28333b2adb406feaff656d6ff8b8db3a9c085c5cd27bac108b
2023-03-22 13:18:14,True,4.1502,0.01271,45.1569,0.5742,0x2d...7822,https://bscscan.com/tx/0x232389eb21d02bc746d00945cee543419b3f639b83cb5b7f4b959ce271875739
2023-03-22 13:18:05,True,4.1203,0.01268,36.7583,0.4664,0x2d...7822,https://bscscan.com/tx/0x97a637e212220bfd195c7da5a5d2d1a473dc59be5d1b763c2eef943da20c2570
2023-03-22 13:12:22,False,4.0898,0.01262,38.1497,0.4816,0x2d...7822,https://bscscan.com/tx/0x346c897b30caca5e115e4eeb5d86decf0cfa9fae290640381e4b707fed9eb8f1
2023-03-22 13:05:46,False,4.0964,0.01264,12.4032,0.1568,0x2d...7822,https://bscscan.com/tx/0xa4abddcd09ed8ed5a660d1083f365e351096692cf24609e037e5c24aac8dca21
2023-03-22 13:05:46,False,4.1043,0.01266,59.9914,0.7599,0x4d...74b8,https://bscscan.com/tx/0x00d1ef10404bd44ab3eb28e8d51fc832b6cf54f5b5367fc98fd09ed71dc2a831
2023-03-22 13:05:43,False,4.1149,0.0127,36.4626,0.463,0x2d...7822,https://bscscan.com/tx/0x62b84a032029d8a425f89838413e8df25b67807682afadf36979b87998ae7d47
2023-03-22 13:00:43,True,4.1443,0.01276,34.5698,0.4412,0x2d...7822,https://bscscan.com/tx/0x8a88953a2d642e891a5734cb30a3176628638f185b9781531bf6c26d3b8fc669
2023-03-22 12:40:02,False,4.1313,0.0127,37.8649,0.4809,0x2d...7822,https://bscscan.com/tx/0x94af5295b556f5a8acc0683927a9a4a45d9832103fa56358f64cb95b18fd1677
2023-03-22 12:33:05,False,4.1658,0.01272,32.7386,0.4166,0x2d...7822,https://bscscan.com/tx/0x9698cec5d0978e4c57420a3d913eeb3681c69d9de96e80f13cd37cf909217653
2023-03-22 12:30:38,False,4.1507,0.01274,35.1711,0.4484,0x2d...7822,https://bscscan.com/tx/0x71c9be6b30ff020c7ce451f4ca833e6f382929e9cacf920f6e910b33ad2fbff8
2023-03-22 12:09:50,True,4.1852,0.01282,3.56951,0.0457,0x79...fd74,https://bscscan.com/tx/0x7b74115997fb9f6734f8573c041ee2271abbe6ba63684d8e92e90553fa56760e
2023-03-22 12:06:20,True,4.2022,0.01281,36.9241,0.4729,0x2d...7822,https://bscscan.com/tx/0xf465871b4c497ee5a259f731bdb6053324ee33fd3e12c0e19938818def5f3d2d
2023-03-22 12:03:38,True,4.194,0.01278,35.326,0.4516,0x2d...7822,https://bscscan.com/tx/0xd3e25cff9dd00d478bbcbe5d22c2ea055d4f3bdde7f3c4c0272f1105f671ad21
2023-03-22 11:50:23,True,4.178,0.01276,36.0866,0.4604,0x2d...7822,https://bscscan.com/tx/0xa803785616825bb2501f91f2ffcdb83cb83326b97f8e0096fbe85cd51f6938d8
2023-03-22 11:41:14,False,4.1545,0.01269,34.8781,0.4428,0x2d...7822,https://bscscan.com/tx/0xb7bb3ed9788dda82666aeb5ce026bf9357dedfb324d00c0c8a59b25bc7b62337
2023-03-22 11:40:50,False,4.1423,0.01272,36.8002,0.4681,0x2d...7822,https://bscscan.com/tx/0xabb658abb082535e090fb9e5b639b4e97e54a604053a4f6f2f72b56af795c4c5
2023-03-22 11:39:56,False,4.1684,0.01274,34.6723,0.4419,0x2d...7822,https://bscscan.com/tx/0xbf1b593a434959901782d87d70b42b1c33753f7fec24fd42cfb927747adc919b
2023-03-22 11:39:02,False,4.1742,0.01276,33.2794,0.4249,0x2d...7822,https://bscscan.com/tx/0xbb0730bbdeb2bd3724c9b60506a61b52ab99b638e27f3afab31601a2a1753b75
2023-03-22 11:34:44,False,4.1615,0.01278,3.21534,0.0411,0x90...48cd,https://bscscan.com/tx/0x0fc113f1fc36418a532f774ff36e4ddfee1301036222cd7e2e0c3fa51d275757
2023-03-22 11:34:41,True,4.1821,0.01284,5.75319,0.0739,0x2d...7822,https://bscscan.com/tx/0x2481ac991cfc59b529e55b67f6af67dd5bec11a49c988f45bd8fb1a6d9195aeb
2023-03-22 11:34:38,True,4.1773,0.01282,37.4762,0.4807,0x2d...7822,https://bscscan.com/tx/0xc2750850edee2b0df3350e46fe8443d4a63fd75755d0c2dc89f5bd7452656a23
2023-03-22 11:31:35,True,4.1957,0.0128,34.9564,0.4475,0x2d...7822,https://bscscan.com/tx/0xa1f1d0839c21bc0bcaf293ce714cb88f15d52b1b3a8f178165aae0e43cefb88a
2023-03-22 11:29:05,True,4.2004,0.01276,69.352,0.8855,0x2d...7822,https://bscscan.com/tx/0x52c1cfcd2eb3b0b6d621ef7ba668790ea10350bc35664eee01c36f0aaaf8433e
2023-03-22 11:28:53,True,4.1887,0.01273,35.395,0.4506,0x2d...7822,https://bscscan.com/tx/0xf9482afb81a2eb5dfe5db77f72280c9abd3fd6eb5fbc4344537008e074cdc8b6
2023-03-22 11:28:41,True,4.1944,0.01271,11.4688,0.1458,0x2d...7822,https://bscscan.com/tx/0x35017e21a1910e53ae9a37e6d172b39878e99b335d699d4c9c11e2c0f0fa8fa8
2023-03-22 11:28:38,True,4.1887,0.01269,39.8931,0.5066,0x2d...7822,https://bscscan.com/tx/0x5f3628460489d0306cdd74fd3fdf98e4f7542cd3594dedc6c1607f3deb132aa7
2023-03-22 11:28:02,True,4.1915,0.01267,36.8429,0.4669,0x2d...7822,https://bscscan.com/tx/0xc06a40d61f2e4b6a6dee8f91bdb416c6a064ad43f70780c8d02c8cb00488dfdd
2023-03-22 11:19:23,False,4.1832,0.0126,7.90841,0.0996,0x2d...7822,https://bscscan.com/tx/0x4c3d7a257d4de79e026f7319f3d91403547db6a52f6f4225d4554c0cd10d2ea1
2023-03-22 11:19:20,False,4.1706,0.01261,39.8029,0.5021,0x2d...7822,https://bscscan.com/tx/0x6834bdf3551ed0ffc7180eb81428952e4b961b7b2961d0b05a843cfc684496fb
2023-03-22 11:11:58,True,4.2141,0.01267,50.5464,0.6407,0x3e...e988,https://bscscan.com/tx/0xbb9c744ce890587d2e8a3392f183e9634898f7094d83f44bb60e276cfeb7e59d
2023-03-22 11:11:12,True,4.2079,0.01264,33.9634,0.4295,0x2d...7822,https://bscscan.com/tx/0x2a1520baea8ab981f31900eedadbb6d31c4ed6344b6413515b38d38e7679c1e1
2023-03-22 11:10:44,True,4.1793,0.01262,35.7996,0.4519,0x2d...7822,https://bscscan.com/tx/0xe51531f01d20a65db0fb04795192278a87c721f5d99b58e7f44cec61c3f6bf94
2023-03-22 11:08:56,True,4.1957,0.0126,20.3866,0.2569,0x2d...7822,https://bscscan.com/tx/0x338e6670d9eadcf187a24bf335fada82ba5f1f935c2e7bee0873a7ac97794e61
2023-03-22 11:08:53,True,4.1892,0.01258,38.1954,0.4807,0x2d...7822,https://bscscan.com/tx/0xcf154edb13675811b9c4f14bb1fc43f916b49d55d2658083b68ad780816427ab
2023-03-22 11:02:59,False,4.1707,0.01252,46.7938,0.5861,0x2d...7822,https://bscscan.com/tx/0xd0c0938530dc910b36aaefd539c16d463bb9cd995e4bc696774a91a389fd9ff0
2023-03-22 11:01:41,False,4.1695,0.01255,36.4224,0.4572,0x2d...7822,https://bscscan.com/tx/0x4c0ce5b54e91cad77067527985d9ef9bb7387a126524d01da733d214332282ce
2023-03-22 10:40:44,True,4.215,0.01261,38.0471,0.4799,0x2d...7822,https://bscscan.com/tx/0x47984287620da56c1348615727948b03dbbc54445f3e0fda1f467a36eee2c11f
2023-03-22 10:17:53,True,4.2248,0.0126,3.35275,0.0422,0x2d...7822,https://bscscan.com/tx/0xbfe4e1a5c21eafcfe3448f8a55f883e9ce96722f547a7f621c03eba4d54f2a82
2023-03-22 10:17:47,True,4.22,0.01258,38.7619,0.4879,0x2d...7822,https://bscscan.com/tx/0xc5ac1649364a8b59b46103a12a082494001a5c1dc81b798a9703117fb58a72f9
2023-03-22 10:07:20,True,4.1958,0.01256,35.1472,0.4415,0x2d...7822,https://bscscan.com/tx/0xfea4e3f9d401d5419ced883cb99ca78ae86640263922bea8ad0fb3d7d1fe75b2
2023-03-22 10:06:29,True,4.2078,0.01253,35.7671,0.4484,0x2d...7822,https://bscscan.com/tx/0x591b26bc812e3f6d571c8a271c57039e06629b115308ed4edf49995de3c698ce
2023-03-22 10:01:02,False,4.1686,0.01247,35.5301,0.4432,0x2d...7822,https://bscscan.com/tx/0x66be19d171d4d9c2f0532728b3de9e27a0117ed6569cac134c7f792dab8f8516
2023-03-22 09:59:47,False,4.1777,0.0125,37.7128,0.4714,0x2d...7822,https://bscscan.com/tx/0x14fb45286527480d86bb49ab919332ded564e52da9d767731aa88ba6c397af7e
2023-03-22 09:55:44,False,4.2034,0.01253,52.6104,0.6592,0x2d...7822,https://bscscan.com/tx/0x9d634af3e1d5a27eae5dfa1fd5223c5d775f9f33df7b99511c4c1b7a3e4d8b1f
2023-03-22 09:54:26,False,4.21,0.01255,4.52219,0.0567,0x2d...7822,https://bscscan.com/tx/0xc60ab752ca86f4f890fb25cf0f27847223df0cb921aea59be6310483bc3b43ac
2023-03-22 09:54:23,False,4.215,0.01256,37.4077,0.4699,0x2d...7822,https://bscscan.com/tx/0x50f94dfc75b02e0babc4fb34c2a1b2374052e50c1fb12bd245d27df26e8d349a
2023-03-22 09:49:11,True,4.2706,0.01262,29.6228,0.3741,0x94...34f7,https://bscscan.com/tx/0xd91035f3d78f68ee1ff9ba0916132eb3194e03c7d61719a10a7734db3afb5028
2023-03-22 09:30:41,False,4.2518,0.01257,65.9997,0.8301,0xed...4f31,https://bscscan.com/tx/0xc56f44c9e550e66f69dc7c0cb2583cb06339a62ac30923ccc2cedbcc4afc20cb
2023-03-22 09:24:56,False,4.2416,0.01261,49.4503,0.6239,0xed...4f31,https://bscscan.com/tx/0xde57500906d7badf679ea5efe5bd23dfe1a29344e37c49564ff591444b3bc1bf
2023-03-22 09:10:43,False,4.2683,0.01265,49.6995,0.6287,0xed...4f31,https://bscscan.com/tx/0xf3c1a3361e6996f4cba5968691a20663858661cc1907aea473ade037d7067112
2023-03-22 09:09:33,False,4.2578,0.01268,49.1178,0.623,0x62...1f10,https://bscscan.com/tx/0xb33b03d8022bdec482cf58047d7d8aaba229b562b6350e4d4cdd72d7f21a7951
2023-03-22 09:02:54,True,4.3045,0.01275,34.7902,0.4436,0x2d...7822,https://bscscan.com/tx/0x32907da3fd1d4ff9c678470cfea303fa053cfd60c232a8ccbf68a1b3c943ddc9
2023-03-22 09:01:48,True,4.2969,0.01272,61.0893,0.777,0x8b...88f6,https://bscscan.com/tx/0xab07e913cca8d2f5febfceaabb5da7997db81ea2e3c0cc34e935ff23bcd349fb
2023-03-22 09:01:45,False,4.2689,0.01263,3.85461,0.0487,0x0e...2f4c,https://bscscan.com/tx/0x889ec14a44f2adf42adb707774e17c46d65f5cf13cdcfabba69f72b5c812d19a
2023-03-22 09:01:42,True,4.2826,0.01267,71.5379,0.9069,0x62...1f10,https://bscscan.com/tx/0xcff3977f2924c882ddb67bff82a94641f0bc52efebfbc7b193c35b67f3cb1ce4
2023-03-22 08:53:39,True,4.2533,0.01264,36.3573,0.4595,0x2d...7822,https://bscscan.com/tx/0xd98f306e79e029f47bb806743da268d3229bcf2df3c31a00bf473dffe36f85b5
2023-03-22 08:53:21,True,4.2484,0.01262,5.51604,0.0696,0x2d...7822,https://bscscan.com/tx/0x461300eda4e8a94996e822dbf0e600eb7520cd36220ee670774ef746c1fa9c4d
2023-03-22 08:53:18,True,4.2437,0.01261,35.4418,0.447,0x2d...7822,https://bscscan.com/tx/0x8c65c33d65fc8c7e53b3c8444d90de46e4f1e4e0175b2387314d7d1c6e548c4b
2023-03-22 08:48:27,True,4.2355,0.01258,42.2945,0.5323,0x2d...7822,https://bscscan.com/tx/0x246ac8f9ab67b892a8b3adb718e934919dce1214a9026c04545b61fa73b8509d
2023-03-22 08:47:12,True,4.251,0.01255,43.2211,0.5427,0x2d...7822,https://bscscan.com/tx/0xbe77950b0f65e35d6fc0bc2bce05b64cbefa51a623c2ae97e2b9296c2ab8455d
2023-03-22 08:46:48,True,4.2243,0.01254,4.49888,0.0564,0x2d...7822,https://bscscan.com/tx/0xe51c7e3bdda270c64e174ea14027781106cbe434816a8ff50e5b60bf27c16f9e
2023-03-22 08:46:45,True,4.2198,0.01252,35.6165,0.4462,0x2d...7822,https://bscscan.com/tx/0x878bd649b55c913b3aad6caee05017e0891c04c2d7d8e08d41546dbbf68ec683
2023-03-22 08:46:21,True,4.212,0.0125,36.221,0.4529,0x2d...7822,https://bscscan.com/tx/0x08fa59b8f9a4dbf36c39a23cab9dc4b2465e01770de64501a0b67eaca92f2177
2023-03-22 08:46:09,True,4.2076,0.01249,2.86343,0.0357,0xfb...7936,https://bscscan.com/tx/0x7d53282bd5ba0623e5f1ec1a6b27ac8af522b97a70ef0116c92b489180e6ad26
2023-03-22 08:44:12,True,4.2294,0.01249,0.0505,6.312e-05,0x2d...7822,https://bscscan.com/tx/0x74d586dde0ea2d22728b0ea553fb44bb39022263d4afc22f2b3c8aff6bf43feb
2023-03-22 08:44:09,True,4.2039,0.01247,40.4707,0.5049,0x2d...7822,https://bscscan.com/tx/0x732a203d1c7f1bf486e9cef7b44ced5b6ddf2591d5b92269f5a30ff8a5f0175b
2023-03-22 08:41:21,True,4.1936,0.01244,49.9393,0.6216,0x67...b7c1,https://bscscan.com/tx/0x0ca35bfff14ac3b01bd6afaf8be6bf6f73869c9cd7b43ffb4e2dcc8f69251a8e
2023-03-22 08:38:03,True,4.1823,0.01242,12.8621,0.1598,0xee...ce7b,https://bscscan.com/tx/0xb7e9c34a1422762dd921a8f78a11898f5efcc913a199e96b9c02b6c08e00dc37
2023-03-22 08:37:03,True,4.1787,0.01241,36.7315,0.4558,0x2d...7822,https://bscscan.com/tx/0x96a9a7bbea3913e7630ac27b254036b13c740afb631eb380de03c625064605dd
2023-03-22 08:32:15,False,4.1862,0.01234,35.6581,0.4403,0x2d...7822,https://bscscan.com/tx/0xdf4bb03fb3d3e97ef6e706cb5af385201d0e58d88827a94b7be627ea7e87e2bf
2023-03-22 08:31:33,False,4.175,0.01237,36.4514,0.4509,0x2d...7822,https://bscscan.com/tx/0x4d93cea1dd88432afe12ce3b4fe0c677606b2efb11cd5d4dbbb76166b4ccf893
2023-03-22 08:30:18,False,4.2044,0.01239,36.2497,0.4493,0x2d...7822,https://bscscan.com/tx/0xe46bfa2d9ddbd109ccd2969ac7d280b1175166f25d9b91d1fae146d1cd88052b
2023-03-22 08:27:12,False,4.2186,0.01242,44.874,0.5574,0x2d...7822,https://bscscan.com/tx/0xce8cfdc6adbcd89001f692a94fe5ebaf39d310aae312d613d84d6ff948781c92
2023-03-22 08:26:54,False,4.2243,0.01243,4.53677,0.0564,0x2d...7822,https://bscscan.com/tx/0xb178d3495502d7eaf1d4b1c9ed4b1e0c395015ff71487525226ef59e4e19a35e
2023-03-22 08:26:51,False,4.2291,0.01245,38.3917,0.478,0x2d...7822,https://bscscan.com/tx/0x7cbf3c306ccdf179d6156eff6451e93e4d44ff4021d74fee846d7fd356c28c8f
2023-03-22 08:17:39,True,4.255,0.01251,40.0047,0.5006,0x2d...7822,https://bscscan.com/tx/0x5208094783f32b77916434674bdb3d86a6eb7ca31d29bdd19a78e0da6a463933
2023-03-22 08:16:00,True,4.2196,0.01248,49.7903,0.6216,0x2d...7822,https://bscscan.com/tx/0x30310ff4f8ea7f95c7b63dc829dc838cf1bcacb77bc1edda250f79d8c1f7f4c1
2023-03-22 08:16:00,False,4.1963,0.01241,29.6783,0.3684,0xbd...813b,https://bscscan.com/tx/0xa628a2f967cca6d9ec1c8bf8dce3fa06885061a195a70271a37d47b9c0439f72
2023-03-22 08:07:03,True,4.2143,0.01247,35.6965,0.4453,0x2d...7822,https://bscscan.com/tx/0x305484feebe3f11b05d7dcf60b468a92bbdf5b789e3726c751e3bfb44ea7a1ae
2023-03-22 08:06:21,True,4.2081,0.01245,44.8087,0.5578,0x2d...7822,https://bscscan.com/tx/0x3360b29be5f44be69eee5e8524d1fab40f96ae745c3350428d3100b3ffd11869
2023-03-22 08:00:27,False,4.1798,0.01238,50.477,0.6253,0xed...4f31,https://bscscan.com/tx/0xeea12234ede3885265053db0b0713e8509bdda7f5f2fb50e1d4aafaa62892e60
2023-03-22 07:54:39,True,4.2201,0.01245,50.477,0.6285,0x62...1f10,https://bscscan.com/tx/0x76da278793a2c942c47302e48f649cd686b8fc5cf77610060708c71746a04b5d
2023-03-22 07:53:12,True,4.2101,0.01242,42.8104,0.5317,0x2d...7822,https://bscscan.com/tx/0x4409f78369323cf8ff3f5af052bf9d303964f4548ccca5bc66e9134518c5f027
2023-03-22 07:19:24,False,4.1725,0.01237,87.864,1.08719,0x00...78d2,https://bscscan.com/tx/0xac29090ddc4a3a85d924cf45ac27d22b0d08a4d95d7422039727c1e78397e0a4
2023-03-22 07:19:12,True,4.1812,0.01246,8.75568,0.1091,0xd7...9a7e,https://bscscan.com/tx/0xf5836f4be252a368fe7ed0f50bab3193fdbef14d5ee39bd86a35e88494821844
2023-03-22 06:51:06,False,4.1717,0.0124,38.0,0.4713,0xa5...c002,https://bscscan.com/tx/0xe4cc85267b160cc189849134ffe39b1dda6ef116584b3ccd08bba20dd6e45151
2023-03-22 06:40:16,False,4.1861,0.01244,60.0844,0.7475,0x8b...88f6,https://bscscan.com/tx/0x0bf135d0c3806a26852458a8a2f38f565d577be32a25e82c8a9167a501e9c6a4
2023-03-22 06:19:18,True,4.2231,0.0125,56.1685,0.7023,0xed...4f31,https://bscscan.com/tx/0x9cda036dc8ad963d3a6ddc1c0a470c01a644bc34ca0a561c529a53118562cecd
2023-03-22 06:18:09,True,4.2121,0.01247,35.2038,0.4391,0x2d...7822,https://bscscan.com/tx/0x5c3a4e0221a42d02d2b9fabbbf6a14a2452800adcfe9ccf2952c89eedaeed1d7
2023-03-22 06:15:54,True,4.1864,0.01246,9.05353,0.1128,0x2d...7822,https://bscscan.com/tx/0xbc27fcb0cb5522bad5bf3a98545e003484ecc5740aab9bb8eafec6dd437de582
2023-03-22 06:15:51,True,4.1817,0.01244,33.2525,0.4138,0x2d...7822,https://bscscan.com/tx/0xc69825788014b985c2029e27765c9c2e997e322dd4ef45928174f8e655e7185e
2023-03-22 06:15:51,True,4.1776,0.01243,3.91589,0.0486,0x8b...88f6,https://bscscan.com/tx/0xa95015cf3ffead37ebf866b2720f796838a7ed83b5349fa3e4dd90fe6354b3a1
2023-03-22 06:15:42,False,4.1606,0.01238,38.9125,0.4818,0x54...23f6,https://bscscan.com/tx/0x9555ff97de7745727df6ee0ebd62f88581203e6a8cfd05c68f554bb5e0064809
2023-03-22 06:11:03,True,4.2015,0.01244,40.5469,0.5046,0x2d...7822,https://bscscan.com/tx/0xd83dbb7e5c87d3b7333e5d51f982519a413de5c2e2785cfb470f12bfe24ffd90
2023-03-22 06:10:00,True,4.172,0.01241,40.6756,0.5051,0x2d...7822,https://bscscan.com/tx/0x8e27a23ca9196ec3bc8c13a026f24980e2c1eaf05675d2bca631bc930e954790
2023-03-22 06:09:24,True,4.1841,0.01239,38.8375,0.4812,0x2d...7822,https://bscscan.com/tx/0x3502f7f713641510395347a5eade80f82b13fc7286a3de56453967e64fc3fa79
2023-03-22 05:01:53,False,4.1424,0.01233,51.2971,0.6327,0x2d...7822,https://bscscan.com/tx/0x6d85becf124c0bc27e621b928982f0e4ae832aeea6b79742f4120552f65c9727
2023-03-22 04:42:32,False,4.1558,0.01236,38.4031,0.4747,0x2d...7822,https://bscscan.com/tx/0x37e3294a3a7c9948dcf203429fd00c524ea41d49e67bd353381f1bfac511403a
2023-03-22 04:31:17,False,4.1435,0.01238,35.91,0.4448,0x8b...88f6,https://bscscan.com/tx/0xe9d626de28760f48d0f797bda158dc3ee96746f9c2d3f07a57a1bd5f522e33b9
2023-03-22 04:15:29,True,4.1884,0.01246,1.19373,0.0148,0x57...1747,https://bscscan.com/tx/0xcbe5f2668fa24fed4b70e4896ef4075c0c604436fae5ea8600168d81395ae8bf
2023-03-22 04:14:17,True,4.1635,0.01244,36.3439,0.4524,0x2d...7822,https://bscscan.com/tx/0x1c9279aef96969a09b8299fdedfdce572dd6fba48becf375b35e81d6d9e640ee
2023-03-22 04:12:41,True,4.1561,0.01242,38.2368,0.475,0x2d...7822,https://bscscan.com/tx/0xba5e6a47a50568b57ea41415326e79e2908eb2ac10bb25211da6a90b31ef8c94
2023-03-22 03:51:20,True,4.1412,0.0124,37.2662,0.462,0x2d...7822,https://bscscan.com/tx/0xae71a10b8bb85f0c97936d0b9832590a9e3c1933f5020c20974dfb7ecc81f233
2023-03-22 03:49:59,True,4.1541,0.01237,35.4713,0.4389,0x2d...7822,https://bscscan.com/tx/0x11ee1b25ae481595f77b4393251c0509df6a3d4a54b5463d3111fe90ebf22339
2023-03-22 03:47:05,True,4.1279,0.01236,0.9694,0.0119,0xa8...1757,https://bscscan.com/tx/0x6c4010222bd6687c62e85a9ad78ff0f11c43490bf782b89d8f700485a098193d
2023-03-22 03:32:41,True,4.149,0.01236,6.73328,0.0832,0xbf...18ac,https://bscscan.com/tx/0xb6683bea5125a18fd4780a404a222e7f588172255b297cf1a48d988821fa2c29
2023-03-22 03:32:41,False,4.1326,0.01231,46.0037,0.5664,0x43...fe22,https://bscscan.com/tx/0x900e8117fbc350bc53b995585245e60610fc4f4b2722018171f1f8f713da4929
2023-03-22 03:30:11,False,4.143,0.01234,47.8981,0.5912,0xa0...cc8d,https://bscscan.com/tx/0x9a380465b28b4d469316ce1de9814f3ff43b5c01cab8074cd86ca5901a20812d
2023-03-22 03:28:53,True,4.1699,0.01242,7.12767,0.0885,0x0e...b666,https://bscscan.com/tx/0xd4a0822f72b400b69075ab91003fa8aa3cd0b77cef88ab971e0a2428e972759b
2023-03-22 03:27:32,True,4.1451,0.01241,2.98604,0.037,0x6f...1a36,https://bscscan.com/tx/0x673319fee1bead45d878890a8658edfd9e3531f327734b7f2274105a34d72e94
2023-03-22 03:26:47,False,4.1499,0.01236,50.0569,0.6191,0x71...69e3,https://bscscan.com/tx/0xf9d496ab71f02db9be14cff221cb04aad77e501973710f496111cca7ecdaf21a
2023-03-22 02:42:30,False,4.1361,0.0124,51.4689,0.6382,0xf9...5ebf,https://bscscan.com/tx/0x6bd37d0608c6a7cc40f0ae0100c241f9b7ba53a9f72831ab6424b652f1e8476a
2023-03-22 02:35:12,False,4.1455,0.01243,39.5149,0.4912,0x2d...7822,https://bscscan.com/tx/0xa4ab0c9b8897c8f596d7694c53431c8cc6d99dbf4484d333ea1000350d997d8f
2023-03-22 02:06:08,True,4.165,0.01249,36.162,0.4518,0x2d...7822,https://bscscan.com/tx/0xd3803c20040ad0b2be7daed9639f6d66f21904fb58abda0bbcb7bccf638621e8
2023-03-22 01:53:20,False,4.127,0.01243,48.1186,0.5984,0x82...2196,https://bscscan.com/tx/0x13aaa85cc053171c8a9399da6a4ebbf2466224e28011d72877ec94c8d02c6377
2023-03-22 01:37:11,False,4.1679,0.01246,50.1726,0.6255,0xa0...cc8d,https://bscscan.com/tx/0x710a0eb477f203e3d8c1350e920df7578512053a05af8a2f9ef32d9f008be011
2023-03-22 01:33:35,False,4.1631,0.0125,48.731,0.6091,0xaf...847e,https://bscscan.com/tx/0x827216a5f1125d0f70caebf307d0a74a678d8bf6f4054d4394a613e528d27a3b
2023-03-22 01:33:23,False,4.1762,0.01253,56.0242,0.7023,0xa0...cc8d,https://bscscan.com/tx/0x029bf87a1d78a27637f97f0e62db560b8084868fd91f806621a50e06c35c9406
2023-03-22 01:29:41,False,4.2136,0.01257,53.7,0.6751,0x00...78d2,https://bscscan.com/tx/0x9f9ae55116a44a54f21860c5421ca110d22fc25380c49872a6d84c702771c399
2023-03-22 01:22:44,True,4.2417,0.01264,31.2407,0.3949,0xbd...b401,https://bscscan.com/tx/0x651a59690652ede67b2d0c2df2b63c898439ab6c930e366d6be52d4f2dd473dd
2023-03-22 01:02:11,False,4.2195,0.01258,48.9772,0.6164,0xaf...847e,https://bscscan.com/tx/0x9f8911cbbafcc2d72d3dd9e18ca418efc683c2075e2cd466c58f6af844241397
2023-03-22 01:01:11,False,4.2064,0.01261,34.8061,0.439,0x2d...7822,https://bscscan.com/tx/0xc8fff855c3bd32a7013312c667c852eb3c7fd53a67d01f7478418eb97b04b0d2
2023-03-22 00:50:35,True,4.2299,0.01266,62.193,0.7878,0x00...78d2,https://bscscan.com/tx/0x545986a2c4c7346a0bfe3a3a5eb3fcb588941265d82fb3e3efabb1067f1c34f8
2023-03-22 00:45:11,True,4.2145,0.01262,55.1263,0.6961,0x00...78d2,https://bscscan.com/tx/0xe7c0f99b9a85791c93c0b1f0ffb169199f95cf756d11d9d03802e072221a8d1f
2023-03-22 00:43:56,True,4.225,0.01259,40.2113,0.5065,0x2d...7822,https://bscscan.com/tx/0x4789e22e4170c6c340ee2f224254f7e6f49c7d8630e00e5c1ade3e9f09b3c651
2023-03-22 00:33:14,False,4.2081,0.01253,54.0874,0.6781,0x00...78d2,https://bscscan.com/tx/0x511ee9ce752624381d671efc8acf0830a89ce2a2b26bba6479679d42867619a7
2023-03-22 00:27:14,False,4.2017,0.01257,47.7268,0.6,0x8b...88f6,https://bscscan.com/tx/0x038a4bdc4425990da9d9ba932b326f91adeae752fc7ebe5390d94822372ea584
2023-03-22 00:27:11,False,4.2395,0.01262,101.664,1.28322,0x2d...7822,https://bscscan.com/tx/0x4697c53ce2f1c0fbf4b4f9586f4a8df930b932933339877059b93f93abd3e105
2023-03-22 00:27:11,False,4.26,0.01268,79.4874,1.00816,0x31...de83,https://bscscan.com/tx/0x99f5e9b7a308a37ee144d61c038bc77dd7700131ee395aa05a8e8557d7a2b5e2
2023-03-22 00:27:11,True,4.2637,0.01269,234.152,2.97239,0x65...cb0b,https://bscscan.com/tx/0x67c40f87335b01a3a46f7ccf318c57737af52e4dddb766ab7de76e10ee470514
2023-03-22 00:27:11,True,4.2282,0.01258,79.4874,1.00063,0xac...ee49,https://bscscan.com/tx/0x0760946d68105bd47f4d093804a54b1450691e277f0b281c0d24029abccb6270
2023-03-22 00:17:29,True,4.2171,0.01255,35.5883,0.4466,0x2d...7822,https://bscscan.com/tx/0x5dd334871bd998a7b0826c4381a6adac01ec57bbf15fcc68c1631ae1e43ca285
2023-03-22 00:00:20,True,4.2088,0.01253,0.051,6.398e-05,0x2d...7822,https://bscscan.com/tx/0xc328376ade5f80e35c24cad0fc0d050a1f24260a2047487e024d8b85db58b2df
2023-03-22 00:00:17,True,4.2042,0.01252,40.8702,0.5118,0x2d...7822,https://bscscan.com/tx/0x24b19180b892198328d5b0a9d30a3fd0a6708f74990ab4ae659f77645d2ca514
2023-03-21 23:44:41,False,4.1716,0.01245,16.5521,0.2061,0x2d...7822,https://bscscan.com/tx/0xc8ef80b586d160592dd1b44b4638d1eae80f0dc717a2102b176ec102d486ab26
2023-03-21 23:44:38,False,4.1778,0.01247,36.5164,0.4554,0x2d...7822,https://bscscan.com/tx/0xfc1e62ea42e214dbfc402ec167beeec8c0ddc840d2201e6fc2d59e2bf53f1029
2023-03-21 23:28:47,True,4.238,0.01254,2.97735,0.0373,0x6f...1a36,https://bscscan.com/tx/0xf2c5de3a5235a97bea7d83dcd895b3f138a2195e358a3d24f44b8fc5fc7c1970
2023-03-21 23:28:02,False,4.2198,0.01248,12.7859,0.1596,0xd0...20fe,https://bscscan.com/tx/0xf7fdd9ee038b8785dcada1daed76f58ee71b0f007920ca327a9c4f80f43f246b
2023-03-21 23:25:32,False,4.2185,0.0125,46.1399,0.577,0x2f...e155,https://bscscan.com/tx/0x10f5e2249ce6edbea87c7e0eeecf528f3667742e03ee2cb0af86195dfd5486d9
2023-03-21 23:25:02,False,4.224,0.01253,47.8858,0.6003,0xda...c952,https://bscscan.com/tx/0x303bad65b4a98b8b5d129dd77ee4829315e20e5a118c77c5acb53de25e3f4079
2023-03-21 23:21:02,False,4.2339,0.01256,39.183,0.4923,0xda...c952,https://bscscan.com/tx/0x7d92edbab27447621f9e350368206dc8102825790ee41451ec10802a4585c738
2023-03-21 23:12:28,True,4.2418,0.01263,14.051,0.1775,0x3c...aa04,https://bscscan.com/tx/0xc9d54482eeaf9370544761a874ab0949c0898a7ae126de09135c2ea4c7326243
2023-03-21 23:11:55,True,4.2394,0.01262,35.2355,0.4446,0x2d...7822,https://bscscan.com/tx/0x9870db6c3454537099bc49adb360503a0dd96bb4b8936559691a0dba6c51ebcc
2023-03-21 23:09:37,True,4.2269,0.0126,1.168,0.0147,0x2d...7822,https://bscscan.com/tx/0x8fc8fa267457ec3ca67c66eb8ed728b55832f9b14e5b8263ca4e5900be2b3389
2023-03-21 23:09:37,True,4.2048,0.01254,195.867,2.45665,0x0c...8533,https://bscscan.com/tx/0x5a3c99e56c0553d0b8c8c8a4fed7bbb01b90ddf56fbb6ed93ce9359eef47dc2c
2023-03-21 23:09:37,True,4.1762,0.01245,62.0849,0.7733,0xd4...6a95,https://bscscan.com/tx/0x5bdf5f15a473d8faad69ab7d17b089d3b188e6f59f4fe052f02bd62bb1871b3d
2023-03-21 23:09:37,False,4.1866,0.01248,344.799,4.3059,0xd4...c27e,https://bscscan.com/tx/0x272debdcb0cd62eb24cb15c709d658fa897811ccb7d392ecd8c6088534fb60b3
2023-03-21 22:57:43,False,4.259,0.0126,6.27365,0.079,0x5b...6920,https://bscscan.com/tx/0x019fc6b10d98cbf2bef4070f0839eb4e33e1a911517931faafec6e03964a4e3c
2023-03-21 22:48:04,True,4.2747,0.01265,41.8193,0.5292,0x2d...7822,https://bscscan.com/tx/0xcfa0ca4fbefbefb4bcc4a355841be1325bbe4999c91f2b17d366f46e8baae09f
2023-03-21 22:38:17,False,4.2323,0.01259,52.5359,0.6617,0x3e...a7c8,https://bscscan.com/tx/0x727ca4d67f088a074337c4b5e714f329e40e001b23a5e75c6e82e6e69ec96b10
2023-03-21 22:17:38,False,4.2411,0.01262,30.7629,0.3883,0x2d...7822,https://bscscan.com/tx/0x55e7b67aae92331b29b5856646d88fa04cdb17865379a4c1cdba1d723c8e2024
2023-03-21 22:10:05,False,4.2533,0.01264,37.449,0.4736,0x2d...7822,https://bscscan.com/tx/0x6e09266362f21804c4159fd0cae4b9c82b427ab58ba61a04f1db3ef361ab13e6
2023-03-21 22:03:32,False,4.2651,0.01266,0.0439,5.557e-05,0x2d...7822,https://bscscan.com/tx/0xee6e6361cc84a71f01cbec8dc3397500e1fceafc03d24ae87b123e5bfd9621a9
2023-03-21 22:03:29,False,4.2691,0.01267,35.1168,0.4449,0x2d...7822,https://bscscan.com/tx/0x39093f88a4d9d4a071729bb3e4eb90d0b66dd9dd747c3668f6f4ed6e300bd267
2023-03-21 21:51:20,False,4.2829,0.01269,35.7217,0.4535,0x2d...7822,https://bscscan.com/tx/0x8d5e109b51d3ec65d071987395171db3cdd6289cb67072ff849503d851e20486
2023-03-21 21:48:02,False,4.2941,0.01272,36.396,0.4629,0x2d...7822,https://bscscan.com/tx/0xf4e841b5413852ef3b8f01ec30aa5c19d8ec1e593666c3ada6bf4e7004f9d035
2023-03-21 21:46:38,True,4.3381,0.01279,13.7721,0.1761,0xf0...acd4,https://bscscan.com/tx/0x63681a745e3724131847af0ff530073c8d5b1c8b0b7985730fb6049d73ba9417
2023-03-21 21:39:08,False,4.2875,0.01272,0.0453,5.767e-05,0x2d...7822,https://bscscan.com/tx/0xb70c41d30ff97f846f709ef8fb5895438c53018e25b0453350a2ae91e4c8788d
2023-03-21 21:39:05,False,4.2917,0.01273,36.2667,0.4618,0x2d...7822,https://bscscan.com/tx/0x4114ac347550a1f23f4b18901f8599bc14b2d104e7ed781f0b779c370730f7f4
2023-03-21 21:08:05,False,4.2986,0.01276,34.5505,0.4408,0x2d...7822,https://bscscan.com/tx/0xfbcef5c9083d0bf21ee072b4850efb19438d2ea00bc38f35ee9f7b6a48995ea0
2023-03-21 21:05:11,False,4.3026,0.01277,6.85514,0.0875,0x2d...7822,https://bscscan.com/tx/0xd537d16b7d3fd5bd48f95edd4d98fc6f491e5ce5e1b7fd50f1e397491b0e2766
2023-03-21 21:05:11,False,4.3103,0.01279,59.8763,0.7662,0x00...78d2,https://bscscan.com/tx/0x113903f89eecb8f60a4be5d72f3e6414574f4674f2ef4ea37e370f0dbedc8f87
2023-03-21 20:48:32,True,4.3565,0.01286,48.8164,0.628,0x2d...7822,https://bscscan.com/tx/0x102f48a356134ffb749e11390d88f803d1768f64181185d65093fb8642f4a520
2023-03-21 20:37:35,True,4.3221,0.01282,62.6742,0.8038,0x05...7eea,https://bscscan.com/tx/0xab29eff44b4532a9a8c72dbad3ccfe57733e36550225dced7cbe792f881c575d
2023-03-21 20:36:59,True,4.3322,0.01279,35.6732,0.4563,0x2d...7822,https://bscscan.com/tx/0xd1ad4dc518335015f395e4a6d3e1ec226c10ec85a73d4a1fe283978cc09b0edd
2023-03-21 20:36:19,True,4.3015,0.01276,36.4302,0.4651,0x2d...7822,https://bscscan.com/tx/0x4d7fe8a0cda76486698007b27d2d2ef7544afb33c9e8e7763e0295870c4fdaf9
2023-03-21 20:28:37,True,4.2884,0.01273,48.7727,0.6213,0x7a...c707,https://bscscan.com/tx/0x614d4da48ee46d6272ad111434516a696244dc37dc206780521940b44003c39c
2023-03-21 20:28:34,True,4.2684,0.01267,126.472,1.60357,0x2d...7822,https://bscscan.com/tx/0x39a8fa427925af72cd168d3cb074d0c9449cfe6778f57a852ad8131162326645
2023-03-21 20:15:52,True,4.2719,0.01263,1.18048,0.0149,0xdc...c6dd,https://bscscan.com/tx/0xba94b2c59b140aedbaba88ce50aa225ce52831f26adca1c6aa9c99f212d873cf
2023-03-21 20:15:25,False,4.2348,0.01258,45.8346,0.5769,0x71...69e3,https://bscscan.com/tx/0xf200a04a0edc461631c0011b69531b440eb8cccf3923f8b7c3387210be30cdc3
2023-03-21 20:14:13,True,4.2829,0.01266,15.6587,0.1983,0xca...ccb8,https://bscscan.com/tx/0x35a7d8d4512c486e3f9e35e5d747d6d64c6dc3e684d3904b4f072556bc8a315b
2023-03-21 20:04:29,False,4.2534,0.0126,47.8803,0.6037,0xe3...d2ff,https://bscscan.com/tx/0xe1f6d56881470c19708ca2fc560357c3aa74a2a304822a8135572ea8b0d407fc
2023-03-21 19:39:20,False,4.2436,0.01264,47.2237,0.5969,0xa0...cc8d,https://bscscan.com/tx/0xf800a37c867901fba7c34467169274a9de859172fc5c5944483e0c00d7009326
2023-03-21 19:38:11,True,4.2722,0.01272,1.55782,0.0198,0xc7...4643,https://bscscan.com/tx/0xcd4b4c95dfd8aac6b81c471ef8b540bbc45d5f60cc13d992f95b81af729c9618
2023-03-21 19:22:51,False,4.2521,0.01267,56.827,0.7202,0x2d...7822,https://bscscan.com/tx/0x7e60f4b6a1ca55575d76468829b3a23b1b1e4fdaef59002f9e6445af87b0ef8e
2023-03-21 19:22:09,False,4.2863,0.01271,46.7345,0.594,0x2d...7822,https://bscscan.com/tx/0xcc7770d20d503385a0d757faf0a9de5a2b3d0f3882ed5fedc3da08a67ecb91ec
2023-03-21 19:21:15,False,4.2745,0.01273,38.3707,0.4888,0x2d...7822,https://bscscan.com/tx/0xaca055c7dee2a38c7c812acfe8f37bd417752bf3569f6d49a9225c0f506e7df1
2023-03-21 19:20:30,False,4.3055,0.01276,46.8344,0.5979,0x2d...7822,https://bscscan.com/tx/0xeb178d44176e17143544ad264be53f7e04a3dea33892351c9211d9f017169bb0
2023-03-21 19:06:14,True,4.3298,0.01283,35.6358,0.4574,0x2d...7822,https://bscscan.com/tx/0xa6ee33d8bddfc62075636f9f5244d6e4ab9d0fb03d36df0757091f757032d2de
2023-03-21 18:50:16,True,4.3072,0.0128,45.6486,0.5846,0x2d...7822,https://bscscan.com/tx/0x9035b0453c41c532b8a95778d5aa1f9f4b76b6eb331a2ae09ecb90a70b7284bb
2023-03-21 18:49:34,True,4.3023,0.01279,1.70552,0.0218,0x38...28dc,https://bscscan.com/tx/0x769b718954d55cc936840003a36d2d2045c34704721c5125100814d3318228aa
2023-03-21 18:41:19,True,4.3236,0.01278,13.6666,0.1747,0x2a...e55a,https://bscscan.com/tx/0x6a2220e8e65b1882652912762e35a75941e75058b9d8a0673f7526c96b0baefe
2023-03-21 18:40:58,True,4.3175,0.01277,34.8854,0.4454,0x2d...7822,https://bscscan.com/tx/0x6be0ca6cae13464c82543f66e4dec8fe1db91b6cb78c07c6af1c6da88979badf
2023-03-21 18:40:58,False,4.3038,0.01272,103.436,1.31667,0x99...89e1,https://bscscan.com/tx/0x13dd411ec13d67bd2ea224cd1bfdbac865f3d0c707129f4b2806b47f607f96f3
2023-03-21 18:40:16,False,4.2989,0.01277,37.9664,0.4851,0x2d...7822,https://bscscan.com/tx/0x8cac2aa009c3c5a33050ff61963eb59e60a7aeb5df37f970581d6961d6b6e23e
2023-03-21 18:39:58,False,4.304,0.01279,11.5619,0.1479,0x2d...7822,https://bscscan.com/tx/0xff9f4a05ceea00496ce857421183fc40d73fc8178429ebfdc95d89dd86883fd0
2023-03-21 18:39:55,False,4.3312,0.01281,36.9207,0.473,0x2d...7822,https://bscscan.com/tx/0x906e3a8f48cf3d4acacc5930de41dba8582d1de84e43eb147a7247bf59e16bae
2023-03-21 18:31:27,False,4.3404,0.01283,38.1406,0.4896,0x2d...7822,https://bscscan.com/tx/0x6c018222c3db7902a390f1bf93a40f6092d9713b089bab5f24d0cc39f2a136ef
2023-03-21 18:30:51,True,4.366,0.01291,3.10215,0.04,0x0e...2f4c,https://bscscan.com/tx/0x0fdda67c64097ab8b6be24a9a2ae122787130748f99d767fb040c6d158314cba
2023-03-21 18:30:42,False,4.348,0.01286,35.6082,0.4579,0x2d...7822,https://bscscan.com/tx/0x4c04b8fc445d77e66d155da3bc44fd325de70bdc99e265614f4ed2619fdcf831
2023-03-21 18:28:36,False,4.3503,0.01287,0.0479,6.175e-05,0x2d...7822,https://bscscan.com/tx/0xc24c0881eb19361d548c76270b58ce590d66aba2e1d3cd1118607deb260a5354
2023-03-21 18:28:30,False,4.3548,0.01288,38.3762,0.4945,0x2d...7822,https://bscscan.com/tx/0x76b4b9f88be6695c6e98287c7c29fe294e7699fb8b53dc85fa10d6ac7642955e
2023-03-21 18:17:48,False,4.348,0.01291,50.5142,0.6524,0x2d...7822,https://bscscan.com/tx/0xc3e40d97a38d759c762d40a41faa3764fc9d362d5107a36e4865bb3998effd07
2023-03-21 18:16:39,False,4.3802,0.01294,36.3047,0.47,0x2d...7822,https://bscscan.com/tx/0x06ce91f87c5cff0a6b433c05cd3dd98bc02ef1547fb431b9289f9ac2ffcc0052
2023-03-21 18:16:36,False,4.3875,0.01296,24.866,0.3224,0x11...a5bc,https://bscscan.com/tx/0x8b1b5d6409c6008452775c3c3daab2b958eea39ca3c023aadcd6189b32279a61
2023-03-21 18:16:36,True,4.4077,0.01302,40.1268,0.5227,0x8c...bf4c,https://bscscan.com/tx/0xcd353b5984c5b233ba7ae1c2eda7cc4390554a5db7c7938dccfcf5f7c8717077
2023-03-21 18:16:36,False,4.4173,0.01305,305.176,3.98461,0x2d...7822,https://bscscan.com/tx/0x8577f9087996222a8f3d156c218f03956cf8684e263bff0f42e546e5faa0bf90
2023-03-21 18:16:36,False,4.4749,0.01322,171.827,2.27274,0xdb...8aba,https://bscscan.com/tx/0xced1c6bae41871509dc3ddc337350aec01a7e441ca394b6a3d9b37ee67bab3af
2023-03-21 18:16:36,False,4.5059,0.01331,81.0463,1.07942,0x66...0856,https://bscscan.com/tx/0x0b6cfe5f3dd500377e887729652c2c140e31e42abec9bfb1132b449e947ffaf7
2023-03-21 18:16:36,True,4.4593,0.01318,646.396,8.52,0x58...5421,https://bscscan.com/tx/0x9ad2ba0868e5fbeedd520131707476b485ee27d7a3ca700dfa6f09e6f404b589
2023-03-21 18:15:48,True,4.358,0.01294,22.9088,0.2965,0xd4...cc47,https://bscscan.com/tx/0x7ea7e64ac78128f5dc7fee5abac0b0694701e6390dbdfc5514ceb255e4697bf7
2023-03-21 18:15:48,True,4.3541,0.01293,9.78208,0.1265,0x2d...7822,https://bscscan.com/tx/0xfa57fb0a7b8bc39842df8d65d534645b02b60c663a2efb9e3ae631bfdb33a38c
2023-03-21 18:15:48,True,4.3524,0.01292,5.4506,0.0704,0xed...4f31,https://bscscan.com/tx/0x66e54d3f0b77c8f33c74597ee606a7036732330c525229d66a3614d721fffd00
2023-03-21 18:15:48,True,4.334,0.01287,151.8,1.95395,0x00...78d2,https://bscscan.com/tx/0x234e1083143e507bcfacd45990c436c136114a3080648e6db7e3cf705d76fd6c
2023-03-21 18:15:45,False,4.3234,0.01284,247.216,3.17439,0x20...4b6e,https://bscscan.com/tx/0x520fe100c440f03c985f9e3692787309435b12ebdc956cc4c114e018d4cba5c3
2023-03-21 18:15:27,False,4.3561,0.01293,36.4191,0.4712,0x2d...7822,https://bscscan.com/tx/0x5bdcc802290694db3855013e7c75e8a8f4ecef2a5071402546d68f43e24e6a5a
2023-03-21 18:15:09,False,4.3862,0.01296,35.5505,0.4608,0x2d...7822,https://bscscan.com/tx/0xafa7e7e564e1dc8c046cab150fa49dd53e97638f0eb78aca57c5a80716229e92
2023-03-21 18:13:37,False,4.3958,0.01298,34.1348,0.4433,0x2d...7822,https://bscscan.com/tx/0x1f0378a8e52b477b300f1b67038bbdda4b17bf119658ee968910ff89b084fe26
2023-03-21 18:13:01,False,4.3817,0.01301,40.3392,0.5249,0x2d...7822,https://bscscan.com/tx/0x2b14d92d2d780e171b39c085a59a9f405bf98fb206b1a3b82289eb7aa1fd74b7
2023-03-21 18:10:58,False,4.4112,0.01304,34.5956,0.4511,0x2d...7822,https://bscscan.com/tx/0x3351131f338db5ccf1d521761398647268e05a35137b432d5efbac3a7e2c43ea
2023-03-21 18:08:58,False,4.4265,0.01308,78.8392,1.0313,0x2d...7822,https://bscscan.com/tx/0x3024b47e7ffda69c7ca63a97526084a3548e3bda489ad51dacfdd0acd24ab888
2023-03-21 18:08:58,False,4.4812,0.01324,371.771,4.9233,0x3b...60a5,https://bscscan.com/tx/0xcedf823a87d4f9fbe5a7719ac6190142c552ee03f4650958d8f13abd0c423a36
2023-03-21 18:08:58,True,4.5291,0.01338,164.372,2.2,0x25...abbc,https://bscscan.com/tx/0x26bbbc72a86dd6d266475359821c892277f0f405997eda294ec3c442b20e0e09
2023-03-21 18:08:58,True,4.4632,0.01319,371.771,4.90356,0x24...0230,https://bscscan.com/tx/0x3638e62dd4b0d0d97bf899a051fb8303315d54e891bb4b3dabadf08f71990875
2023-03-21 18:08:49,True,4.3916,0.01304,34.1378,0.4453,0x2d...7822,https://bscscan.com/tx/0x91436379a29f2c75358997452e389a2d310953fb59a40eaa3a715c0e379323f9
2023-03-21 18:05:48,False,4.4031,0.01298,58.7422,0.7629,0xda...6e1f,https://bscscan.com/tx/0x67324aa1957f468a8c2a1ac0668585426a16060b4779027e164e55c4d8e5acc7
2023-03-21 18:05:48,False,4.4165,0.01302,53.4632,0.6965,0x05...7eea,https://bscscan.com/tx/0x9d10a6fd6d464038bf7b6f8f96be9b22e17edd0bdf306ad3bfa2fc2d0563e105
2023-03-21 18:00:18,False,4.4091,0.01306,60.0641,0.7849,0x8b...88f6,https://bscscan.com/tx/0x84dc7c1cdc94b6a3b3fe2939efd4ccc6f2a0f0314c5e926ce47c38b66f667505
2023-03-21 17:59:27,False,4.4246,0.0131,47.6595,0.6246,0x62...1f10,https://bscscan.com/tx/0x0ddf0bc8df2009d641b068929e31e41ae0a393f9e13d49438a74736048beb279
2023-03-21 17:58:09,False,4.4652,0.01315,86.3592,1.13598,0x2d...7822,https://bscscan.com/tx/0x3076a2c99d5340488f3c8412bb2a93b874452163d5e71b6f18f1b9039239f95a
2023-03-21 17:58:09,True,4.4845,0.01321,111.492,1.47292,0x7d...2937,https://bscscan.com/tx/0x7db965f511a9cd44c2bf403c59043ed5a9516e7ff5d3177d184e70e85b6e8fc8
2023-03-21 17:57:33,True,4.4443,0.01315,36.9439,0.4861,0x2d...7822,https://bscscan.com/tx/0x9210f4f7ee576137897ae2df6e25ddae299a2952d1f48a3d624d09e7ca860032
2023-03-21 17:52:25,True,4.4538,0.01313,34.2865,0.4502,0x2d...7822,https://bscscan.com/tx/0xca2f141c96c3dbcc217052f07b0279760e097e007125028377cfa9549a21e948
2023-03-21 17:46:54,True,4.4227,0.01309,64.4297,0.8438,0xed...4f31,https://bscscan.com/tx/0xce800929fbcd0b623aa0baaf03b31ebb2002df326ac18238b16f95058f57d71c
2023-03-21 17:46:48,True,4.41,0.01305,41.7531,0.5452,0x2d...7822,https://bscscan.com/tx/0xfe70aac57a62cbd9811bb7417a499be8720f6b985706b79898b7f94d71759f48
2023-03-21 17:46:42,True,4.3996,0.01302,45.2925,0.5901,0x2d...7822,https://bscscan.com/tx/0x86b525748e67cbedc7629f5e34368a6e63bcb6d100346e215b4d6fc296a36e5f
2023-03-21 17:46:39,True,4.3932,0.01301,4.4624,0.058,0xed...4f31,https://bscscan.com/tx/0xfe4f13fe569a13bd57ac56f3123657b520c54db02c94c4cdc54946a1c37f1165
2023-03-21 17:43:00,True,4.3912,0.01299,34.8,0.4523,0x2d...7822,https://bscscan.com/tx/0x669c45512a3dba253f0f42cec76d8b453f97a57becfacdd3a771dfb6d001b64a
2023-03-21 17:42:21,True,4.387,0.01298,1.21262,0.0157,0x2d...7822,https://bscscan.com/tx/0x3ba979f92be3d77e603f233f8737b8d2cf045c176b5d2e8731d4ecdafc5a8954
2023-03-21 17:42:15,True,4.3821,0.01297,39.6985,0.5149,0x2d...7822,https://bscscan.com/tx/0x985feb391b262635da52a7265ba301765e1a20ffa90ac8c7baa158aad4f43b16
2023-03-21 17:42:12,True,4.3734,0.01294,34.2495,0.4433,0x2d...7822,https://bscscan.com/tx/0xb8f6067d18d3d5d8f8eada9ab1b82a574d36b4644990e5004736d96e0e791050
2023-03-21 17:42:03,True,4.3686,0.01293,6.05962,0.0783,0x2d...7822,https://bscscan.com/tx/0x5b639fcb5d131f38852896a90082da75598a5131e1359a94165bbdb63de5d339
2023-03-21 17:42:00,True,4.3631,0.01291,39.9974,0.5165,0x2d...7822,https://bscscan.com/tx/0xc9039aaca4f7dbabcdae37e9ad4c6911f87a9b5c2064623301c6a0a1e5d7270e
2023-03-21 17:41:45,True,4.3542,0.01288,36.9352,0.476,0x2d...7822,https://bscscan.com/tx/0x271139a6183a1c1ccc9315cfa2940f306c6b0d95d1086fe9e5f145d8aa263846
2023-03-21 17:39:39,True,4.3485,0.01286,37.1634,0.478,0x2d...7822,https://bscscan.com/tx/0x6e4005e14a503122dbb2461aeaa397858b568ca86228227220285b245c742a7a
2023-03-21 17:37:09,True,4.3353,0.01283,37.4445,0.4806,0x2d...7822,https://bscscan.com/tx/0x06224ecd6c18bd7f77a0237e30e882902960cec38cc93a9dda909f05a6946d77
2023-03-21 17:37:06,False,4.3175,0.01278,82.6918,1.05744,0x3e...e988,https://bscscan.com/tx/0x7d4998c1b704a5362049c9052a5d811068e1349c55ba15aec79b6cca74536c9c
2023-03-21 17:31:24,False,4.3343,0.01282,36.1746,0.464,0x2d...7822,https://bscscan.com/tx/0xd316a456be9ed2218371483e0ac16a7732a7f09b33153a0d8ac26d1626d2529d
2023-03-21 17:17:54,True,4.3399,0.0129,7.19702,0.0928,0x2d...7822,https://bscscan.com/tx/0x73f8afb139e65cd847b6e154e757504631e27c2ff7a9806fc5a5c4ec6b556baf
2023-03-21 17:17:51,True,4.3349,0.01288,35.7,0.4601,0x2d...7822,https://bscscan.com/tx/0x4eba262320ab95f8c156519e4936584aab7e8ca26f1e6604e6b379e1aa4b4388
2023-03-21 17:16:24,True,4.3242,0.01286,36.1107,0.4645,0x2d...7822,https://bscscan.com/tx/0x4f6a04d78b752b8743ffb87194e4af8d4de758c1a470961b3e7e57e9d17a2276
2023-03-21 17:14:31,False,4.3023,0.01279,34.5028,0.4415,0x2d...7822,https://bscscan.com/tx/0xeed5423c685b95ac0aae1deb217178dfedbbe72a7592ab2d6caa26f66634520b
2023-03-21 17:14:15,False,4.3101,0.01282,34.7331,0.4453,0x2d...7822,https://bscscan.com/tx/0x6d86ab64ddaf9dcb10f83f2f2b71d935ba500e6046dfac7cdbf4cca58f9597e0
2023-03-21 17:14:15,True,4.333,0.01289,24.0004,0.3093,0xac...3788,https://bscscan.com/tx/0xfcb6bd219aca7232921ab780e0384b1ea99830a01bd250c09663f1f47c1c7928
2023-03-21 17:07:26,False,4.3281,0.01282,12.9814,0.1664,0x2d...7822,https://bscscan.com/tx/0x8b4481411051f1240a549f014e2240275b4e000e39d6ba87e00bda7a568b999b
2023-03-21 17:07:20,False,4.3334,0.01283,34.3936,0.4415,0x2d...7822,https://bscscan.com/tx/0x3bb85f88274a072536b1c98b9ecb8a7735536ae95179cd1e574d2ef0a2f53021
2023-03-21 17:06:53,False,4.32,0.01286,34.2919,0.441,0x2d...7822,https://bscscan.com/tx/0x949eb389c995d982185094b2d385da0de59606c0dce28b72d20d99a8e592968c
2023-03-21 17:06:38,False,4.3287,0.01288,39.3871,0.5076,0x2d...7822,https://bscscan.com/tx/0x0752a644c9de0f014d807b7af47d08a025b3bf0a80e8b15242de30c2331e5d38
2023-03-21 17:03:17,True,4.3749,0.01295,35.039,0.4538,0x2d...7822,https://bscscan.com/tx/0x76dda26ceb85671fab307c97e98b0446703aa1101fbd85c180338e5f049e31aa
2023-03-21 17:03:02,True,4.3434,0.01292,53.1658,0.687,0x00...78d2,https://bscscan.com/tx/0xcea2df886d476cbc024f3a1a6f9a4b4c2dd26e574166c6b30f2164973b06c99d
2023-03-21 17:02:50,True,4.3348,0.01289,36.7389,0.4736,0x2d...7822,https://bscscan.com/tx/0x221a162310901704688ed565e18251d1aa778e6533924832dab4c70fc77844cb
2023-03-21 17:01:41,True,4.3512,0.01287,5.51466,0.071,0x34...8793,https://bscscan.com/tx/0x03d809bf114a3be78c65bd115ea168f883c6124200857407982ca21a32dfcfe7
2023-03-21 17:00:35,False,4.3095,0.01281,24.0,0.3076,0x88...737f,https://bscscan.com/tx/0x6decbe7d4cac15c1f989626e31945c77271670c65d9904f254b12ddb35f2b154
2023-03-21 16:57:59,False,4.334,0.01282,1.43759,0.0184,0xef...9271,https://bscscan.com/tx/0x4730d07284813304de8dc9f731784104fdbbea677347004a1ea2576b895804fe
2023-03-21 16:57:08,False,4.3153,0.01284,34.9923,0.4493,0x2d...7822,https://bscscan.com/tx/0x29e9542cb74093890370af5dd280604c72a1ac447eb963cc7e4da7b27e1909a2
2023-03-21 16:55:32,False,4.3426,0.01286,36.1246,0.4647,0x2d...7822,https://bscscan.com/tx/0xa2f8b32a6ec89bcc03b5b2955828654d575e4aa7450219ed04a7e1e10d856030
2023-03-21 16:49:53,False,4.3476,0.01289,34.8757,0.4495,0x2d...7822,https://bscscan.com/tx/0x10af46d5cde33fde51d7c072a07767cad77a10fa878213b2c8c35dcf1db502d8
2023-03-21 16:46:08,False,4.3556,0.01291,41.8714,0.5408,0x2d...7822,https://bscscan.com/tx/0x20ed4d7de26d0d4a4a9856c2f7802d0355205fd34ae872cb9d335f3d205fb77a
2023-03-21 16:43:17,False,4.3425,0.01293,0.0039,5.132e-06,0x2d...7822,https://bscscan.com/tx/0x43e599c9b126c063d6ba4c2881c0618594d75b3379c04c320a35e861c1e628ca
2023-03-21 16:43:14,False,4.3429,0.01293,3.17552,0.041,0x2d...7822,https://bscscan.com/tx/0x9387d5907376cb0c0b2521d8ef2cf203662b66648e711678748dc386e254c4d9
2023-03-21 16:43:14,False,4.3481,0.01294,41.1088,0.5322,0x52...1c7e,https://bscscan.com/tx/0x76e40f728eb175d0c74e8f17651c757513727307ab47f924d94523037674cfa6
2023-03-21 16:41:47,False,4.3551,0.01296,3.02937,0.0392,0x0e...2f4c,https://bscscan.com/tx/0x71de16dd1da325ceeae472c0e165a96850aad686f1fe1b6b424551c860abcbc9
2023-03-21 16:41:38,False,4.3563,0.01296,6.88163,0.0892,0x60...fff9,https://bscscan.com/tx/0xe411ed583436bb489efcba96b9c9fd9e4a2d0c4b0b0e17497e06a90c323614da
2023-03-21 16:41:38,True,4.3732,0.01301,47.5058,0.6183,0x2d...7822,https://bscscan.com/tx/0x6e6b3b130491105dbacfb2150920b6a20e4eecdef0cc928b03f828a8cfb9bf24
2023-03-21 16:38:50,False,4.3682,0.01293,0.766,0.0099,0xd3...7c49,https://bscscan.com/tx/0x4353e5b32c4e69225392875e3686ccefe4e753f5b3e223c73159ca9e54a3addf
2023-03-21 16:38:11,True,4.3625,0.01298,44.082,0.5724,0x2d...7822,https://bscscan.com/tx/0xb31ff099826c5b986f2ce9e909447c2accd4824f08a68bcd7aaae8311179b016
2023-03-21 16:37:35,False,4.3358,0.0129,0.3925,0.005,0x6f...1a36,https://bscscan.com/tx/0x5257b91a6335e8c1a252142aed79f4942c82260ca143643c958b61b11d1bac74
2023-03-21 16:37:05,False,4.3353,0.0129,2.32733,0.03,0xdd...4cd0,https://bscscan.com/tx/0xf652bb3fc4a9722f00a67ec2f47eba9089eed59b4498f69378878f450cfb42f4
2023-03-21 16:36:53,True,4.3775,0.01296,12.7859,0.1658,0xd0...20fe,https://bscscan.com/tx/0x974d81830bc5d0ed596aebe1aae71774066b226db3c0bcf18b74d2f36a47ee6c
2023-03-21 16:36:41,True,4.3505,0.01295,35.1388,0.455,0x2d...7822,https://bscscan.com/tx/0x097315bed10bcf134037ca8e2bdbf3bfb9fa88c669e8712f05675a493b02fd85
2023-03-21 16:36:20,True,4.3377,0.01291,73.6581,0.9511,0x2d...7822,https://bscscan.com/tx/0x43b95e709803fbabc380a22881531d7c3e1e8880d911e9444ea3caf4732360c6
2023-03-21 16:36:01,False,4.3075,0.01282,2.99989,0.0384,0x0e...2f4c,https://bscscan.com/tx/0xfda270f619086cc63ff9fd7fb9da54d8090d91559bc856ae6e9f3e7f1d13bd62
2023-03-21 16:35:50,True,4.3476,0.01287,31.1408,0.401,0x2d...7822,https://bscscan.com/tx/0xcfd93b79cdabf0b26e998a72806f14f578065612e117c91809ec6026ae3e7903
2023-03-21 16:35:03,True,4.3409,0.01285,35.4911,0.4562,0x2d...7822,https://bscscan.com/tx/0xdbdf0df49412d300be68812c33908499c7e058b3735e9e195c528a8ccec5ae65
2023-03-21 16:34:08,True,4.3284,0.01282,41.0324,0.5264,0x2d...7822,https://bscscan.com/tx/0xe987afefbc5a4db729f1be27f7026a894336c43fa9b2bad9e947923ecf763978
2023-03-21 16:33:54,True,4.3167,0.01279,53.3618,0.6828,0x67...b7c1,https://bscscan.com/tx/0x185237c22874d0d203632cb7a00a56dd234c262a83ceeed9ac40f3670b21d82d
2023-03-21 16:33:33,True,4.3015,0.01275,71.8261,0.916,0x56...0086,https://bscscan.com/tx/0x2eaebae98ca453ddaa08abde0f5cd86d59e538506a1e6c3b199e70b00ddf452a
2023-03-21 16:33:18,True,4.2887,0.01271,39.0487,0.4965,0x2d...7822,https://bscscan.com/tx/0x0f037db78051c24e1bea4a5622b8546a4ac1804939a3ab11165946ee7fee9460
2023-03-21 16:24:24,False,4.2564,0.01265,39.6828,0.502,0x2d...7822,https://bscscan.com/tx/0x8e3e4a6cfcaa4dc3428d9cf840552a3bbfb055dc47a61c023541b6815b4a56f0
2023-03-21 16:23:36,False,4.2597,0.01267,33.9593,0.4305,0x2d...7822,https://bscscan.com/tx/0xb26db9db04f419139c48827f35a3dc1513748b21e50d67f0301fd0104723a440
2023-03-21 16:19:54,True,4.2671,0.01274,36.8102,0.4689,0x2d...7822,https://bscscan.com/tx/0x117c0218137fc7cf6b253f5fe9c7cce972413183232eb87edf8f85a02d8c6e6e
2023-03-21 16:13:33,False,4.2668,0.01267,35.8841,0.4548,0x2d...7822,https://bscscan.com/tx/0x87080e02e547d248725bc241c42e79bf6d65051c22e0aae4723ebba46d5a35f0
2023-03-21 16:00:48,False,4.2726,0.01269,25.251,0.3206,0xe9...8ba1,https://bscscan.com/tx/0x63be2f8da2fde03540b1ed0e9bcf76131facc7034cd2af20368165ef55978520
2023-03-21 15:51:09,True,4.2727,0.01275,43.7102,0.5574,0x2d...7822,https://bscscan.com/tx/0xd0688bd7f45636327aa6055698a34c28aa3a19145e99e80dac2885649d4b36ed
2023-03-21 15:49:30,False,4.2742,0.01269,50.0,0.6346,0x58...cb9d,https://bscscan.com/tx/0xa4ceb961e4b375dc22c4dbf4d1cb961b9946796a752c7b8bb93e3c72c12f5982
2023-03-21 15:45:03,True,4.2973,0.01276,36.799,0.4695,0x2d...7822,https://bscscan.com/tx/0x3e15a09ce20e98e5aa9dba0e5cb9eaf5aedff6fac22e940b9c05579a895a4a99
2023-03-21 15:41:48,False,4.2728,0.01269,22.0198,0.2794,0x2d...7822,https://bscscan.com/tx/0xd2a94f2a1d2e6748b4473f565fa245ac99adcd5cc46c060d925257781960c3a8
2023-03-21 15:41:42,False,4.2796,0.01271,37.3595,0.4749,0x2d...7822,https://bscscan.com/tx/0xdd587cebda98e297db6141670eb89d53c53d59a9c18ea54f17d2e8dd45feea5f
2023-03-21 15:39:21,False,4.2824,0.01272,4.4281,0.0563,0x2d...7822,https://bscscan.com/tx/0xe7a6e46a335786eac7b6f8d0f9bddb308d937616985f2e18389d87fb4706e0c9
2023-03-21 15:39:18,False,4.2874,0.01274,38.9375,0.4961,0x2d...7822,https://bscscan.com/tx/0x08cf8db256490b7b068e3f9b6f97c05e2f014c30b266200f963372f829fca25b
2023-03-21 15:39:06,False,4.2935,0.01282,199.965,2.56417,0x2d...7822,https://bscscan.com/tx/0x3c0e42098bbd44af50816b85e793f9e9c691122aad1ae966e6371b3783c6fcab
2023-03-21 15:39:06,False,4.3239,0.01291,62.9732,0.8132,0x62...fadf,https://bscscan.com/tx/0x8b35caad83abedff57cc489e8e490b9d9c12e4bd2277999ac3668776259e4d99
2023-03-21 15:39:06,True,4.308,0.01286,385.799,4.96385,0x77...7939,https://bscscan.com/tx/0x9158948393eddc4fb82c307775fe9e948a4db80ea4dc102b2539508e1282b324
2023-03-21 15:36:45,True,4.2793,0.01272,34.1781,0.4348,0x2d...7822,https://bscscan.com/tx/0x5cbb36157ca74b6ba2d669be0a463c80cb84f2e1987044d7c013a181da677da0
2023-03-21 15:34:12,False,4.258,0.01265,14.4487,0.1828,0xdd...4cd0,https://bscscan.com/tx/0xf55307bccef77fac834ccf6c6d7abfe13f19e882f975b5939c4609dd9295a1a6
2023-03-21 15:34:00,True,4.248,0.01269,84.0298,1.06648,0x25...abbc,https://bscscan.com/tx/0x46a7b5033de13926c466e36eb75f0f64f96379af0feb3def415cfb054e5baa0a
2023-03-21 15:32:57,True,4.2544,0.01265,37.6906,0.4768,0x2d...7822,https://bscscan.com/tx/0xbc647f8f7d29963144031e3fd4e6af352c7ae3adfa35b47f9e55bfcd2aeddc7c
2023-03-21 15:31:21,True,4.2238,0.01262,39.4598,0.4981,0x2d...7822,https://bscscan.com/tx/0x98e7605c45d9be8dd988a076bbc83da63f0d9452d7c0b82e24ad1c06af9d8757
2023-03-21 15:26:03,False,4.2072,0.01256,45.221,0.5681,0x2d...7822,https://bscscan.com/tx/0xb5b663acfd98a5d67b599a5409695ef7f2a7df48d3e5a00081e9488611303111
2023-03-21 15:24:24,True,4.2613,0.01264,2.95615,0.0373,0x90...48cd,https://bscscan.com/tx/0xf9d3cd3e0e32dce7722075025b8a89e07918dd87d7d7a06b2333405ac2e49729
2023-03-21 15:24:21,False,4.244,0.01259,38.6379,0.4864,0x2d...7822,https://bscscan.com/tx/0x1e35c1e593675fd6ad68bd76b953c6ccec118a2174b0cfc943ecea81c71bf5f8
2023-03-21 15:23:15,False,4.2521,0.01261,35.3713,0.4461,0x2d...7822,https://bscscan.com/tx/0x655effc8fbb8cf6a8db8937b1bb88706f421cb133d6d4aef56724148d0c15aab
2023-03-21 15:22:48,False,4.2387,0.01263,36.631,0.4629,0x2d...7822,https://bscscan.com/tx/0xb493e23f07dd800d88aa91cf90c1c16cf6a6291f49002050a7db5c89ecfc57fe
2023-03-21 15:17:30,False,4.2676,0.01265,0.0605,7.654e-05,0x2d...7822,https://bscscan.com/tx/0xb56bf62de516fda2b0536ff6160319770c62c6ee979f26548a69137c13dcd633
2023-03-21 15:17:27,False,4.2731,0.01266,48.4032,0.6131,0x2d...7822,https://bscscan.com/tx/0x3482ea313a495c4606f8fe25737717a026ffe2f93c721b56c11567d15d55d620
2023-03-21 15:16:18,False,4.2637,0.0127,49.6337,0.6303,0x2d...7822,https://bscscan.com/tx/0x4d20be66fb5e3026366dabb04a4aff04507b0b643d0568132f5d4f3be518683b
2023-03-21 15:16:18,True,4.2855,0.01276,45.9631,0.5867,0xa9...8cb3,https://bscscan.com/tx/0x511fa3a493e0813bf24d1f5205e763e23968353114d145b7dc2dcc9fccb74335
2023-03-21 15:14:27,False,4.2653,0.01269,36.2735,0.4606,0x2d...7822,https://bscscan.com/tx/0xfdd0163148d0cbabd7ebfa6929c7f9b321bc998f1cb09ec5020f9793ca98f7e7
2023-03-21 15:14:24,False,4.275,0.01272,49.1448,0.6254,0x00...78d2,https://bscscan.com/tx/0x1270d4e117bcf3c9f2237f5018f7e4ddf151b27987ff76aaff08d2a836300d30
2023-03-21 15:06:30,False,4.2879,0.01276,52.1795,0.6659,0x2d...7822,https://bscscan.com/tx/0x67a46eac07f0ccaa0ee2b85c3ac17f14b267a0ee77b8f5a6ef02c82b09054287
2023-03-21 15:06:27,False,4.2983,0.01279,37.6424,0.4815,0x2d...7822,https://bscscan.com/tx/0xcd6a1aa1fcd98cf6838d6c7110c4a95f6dbb2d2be5f610509fb6067f3eb3c989
2023-03-21 15:06:12,False,4.308,0.01281,36.0657,0.4622,0x2d...7822,https://bscscan.com/tx/0xba0e9f4b6d5b2e7a16f6631df9e53261a637e005e2f910e4a592c35eaab3a275
2023-03-21 15:04:45,True,4.3347,0.01289,6.89717,0.0889,0xf8...e57b,https://bscscan.com/tx/0x85bf48ae59beb19de56c93d7f87026215a71924931d48f119b5531e8f6540154
2023-03-21 15:04:12,False,4.3139,0.01282,3.03892,0.0389,0x0e...2f4c,https://bscscan.com/tx/0x5d0e6ccbf5fb9e7bfccaf7961dc1d54b8fe28a0dd4e42e5e2685fc843ddf8179
2023-03-21 15:04:03,True,4.3338,0.01288,17.4932,0.2254,0x2d...7822,https://bscscan.com/tx/0x33ce44c43f5f8cc5dd2d072e554553dc2e413709552b00c6f9a8ac1f441b8902
2023-03-21 15:03:15,True,4.3495,0.01286,34.9034,0.4491,0x2d...7822,https://bscscan.com/tx/0x0049cebd6b9af08116371fc2ab1b998ac56e087d698a0d8cd100ca76919f0d65
2023-03-21 15:01:42,True,4.3434,0.01285,7.52505,0.0967,0x2d...7822,https://bscscan.com/tx/0x30408ed546eb91dd7c5c9dcaebebdb9ac9bcfc5957096accb2e18b1b8c091b0b
2023-03-21 15:01:42,True,4.3367,0.01283,49.4666,0.6348,0xc1...b919,https://bscscan.com/tx/0x109359312b8faf8108061b652b275785b678b1a6e04822677ff6e3041a42fa8f
2023-03-21 15:01:36,True,4.3242,0.01279,58.4943,0.7485,0x00...78d2,https://bscscan.com/tx/0x9610648e55d928713ecc953c4f615ad7d435bed092b345bbce11cd26590fed53
2023-03-21 14:59:06,True,4.3127,0.01277,9.83288,0.1256,0xcc...f46a,https://bscscan.com/tx/0xf3ac2b1c9d205b1d4dacb8899e44a90f707efd4e00cc8e305a70121c1a53e0ce
2023-03-21 14:58:27,True,4.286,0.01275,34.7155,0.4428,0x2d...7822,https://bscscan.com/tx/0xaafe0daf4b7d23fd0287a4052c2cc11190bc1160ec093b684b619e19e8bac70e
2023-03-21 14:52:08,True,4.271,0.01272,51.5717,0.6564,0x00...78d2,https://bscscan.com/tx/0x5bf3f1869abfb939ad826ec2951828e576b09dfda480241f942aa0126580f179
2023-03-21 14:50:05,False,4.2408,0.01264,3.18189,0.0402,0x5a...c774,https://bscscan.com/tx/0xe05aed8bc7db3ba0162473784f7ce58e6ea770b9098bd1044f5757d193eaf207
2023-03-21 14:47:02,True,4.2663,0.01271,2.33236,0.0296,0x5a...e511,https://bscscan.com/tx/0x6297fe94063c8ba74ce3d2f880710f76e05ca9fed54edad84ffb8ae4a383d88f
2023-03-21 14:44:59,True,4.2861,0.01269,36.5372,0.4639,0x2d...7822,https://bscscan.com/tx/0xb575c7214cd1f5af31b581b78062030328c17f7cf10bff0d13ca86aa4655ebad
2023-03-21 14:44:56,True,4.2751,0.01266,59.5578,0.7543,0x0e...7558,https://bscscan.com/tx/0x3f8f2e291b53e9b4485b5558bf404494253570b635d9d7533dbd5d644454b8b7
2023-03-21 14:39:23,False,4.2621,0.0126,52.3033,0.659,0x00...78d2,https://bscscan.com/tx/0xe791dfb2f45fadd5cee6dac143c74d02b36c114aa3190498c9f2f65d61f45636
2023-03-21 14:38:53,False,4.2468,0.01261,0.4164,0.0052,0x2d...7822,https://bscscan.com/tx/0xecfc6d76e4421da513dca6f2813c11e100d712da0a80cac34f5d89989a4b210f
2023-03-21 14:38:50,False,4.2512,0.01263,38.4775,0.486,0x2d...7822,https://bscscan.com/tx/0xd430f840d0727c1c8d4916b62b14ab622e12ef70f39ff6a7f543d9c1825c0a4f
2023-03-21 14:38:05,False,4.2817,0.01265,37.8496,0.479,0x2d...7822,https://bscscan.com/tx/0x4ce6d13ce996d4ea3e0ebc448e182fa9fe6733ff2948da432f7a8a981bdbd2a2
2023-03-21 14:37:41,False,4.2918,0.01268,47.8925,0.6075,0x91...79fe,https://bscscan.com/tx/0x35d6c8d8155a69245fb2f24324e59d12cb3b3a8121c27d4dd755aabccf1fe742
2023-03-21 14:35:11,False,4.2995,0.01271,35.4579,0.4508,0x2d...7822,https://bscscan.com/tx/0x2f4a2c061e1a90f9c63641f72e3b022f6d1156bcaf30ddc2511500336375ca8d
2023-03-21 14:35:11,False,4.3165,0.01276,112.133,1.43137,0x11...a5bc,https://bscscan.com/tx/0x5c9cac18f1ee180d8ca3d5557090e1fc1b918265fa87aa49772afce740415dc3
2023-03-21 14:35:11,True,4.324,0.01278,233.444,2.9851,0x98...e8b2,https://bscscan.com/tx/0x1b3559e0d4121a0eec98a60e91cc330420fa34478b632e2a66ae2e9ff303bdd0
2023-03-21 14:32:46,True,4.2887,0.01268,69.956,0.8873,0xb6...4942,https://bscscan.com/tx/0x89d0f7b9e56e2499967bff0857f0e07c8f4f5686ceba8128619efa7359d05a0d
2023-03-21 14:31:15,True,4.2752,0.01265,14.5076,0.1836,0x2d...7822,https://bscscan.com/tx/0x205e5023bafd144709156ec6cc5106c6530dec509a15ccc1080837bb71c7ca83
2023-03-21 14:31:12,True,4.2691,0.01263,38.3403,0.4845,0x2d...7822,https://bscscan.com/tx/0xf4d21bcc919a9087f0d67f4cfe5e82bf9a04412f9b71a409016b827eada60964
2023-03-21 14:30:57,True,4.2639,0.01262,1.19815,0.0151,0x2d...7822,https://bscscan.com/tx/0xcf73ee2340063b12d39a3a1172054263c7fe0c437dd2c8e34c9a4d4638af9c3b
2023-03-21 14:30:54,True,4.2593,0.01261,39.5004,0.4981,0x2d...7822,https://bscscan.com/tx/0xc97da2f7693fa87c5ac3eb34a80e29d51dba6e98a358e0972e0f956066894135
2023-03-21 14:30:06,True,4.2288,0.01258,40.8685,0.5142,0x2d...7822,https://bscscan.com/tx/0xcec63eb8dce469d6b6e9fda83b1582fb1b5362fec4a38568158cd67b5372d095
2023-03-21 14:29:48,True,4.2196,0.01255,42.962,0.5394,0x2d...7822,https://bscscan.com/tx/0x0afdf10e4b8817d1baf28cbd992c05f3e8cf7c620700e53bdb1f5fc0f5da4f7d
2023-03-21 14:25:15,False,4.1975,0.01249,35.8136,0.4473,0x2d...7822,https://bscscan.com/tx/0xabb20174d90f82e8e11f2fdef6481dd5975d4b16ac42cee13ce8afbe4504777b
2023-03-21 14:25:09,False,4.2065,0.01251,44.5881,0.5581,0x2d...7822,https://bscscan.com/tx/0x6e383e861d17602f52b05e041f8f19bcb1eea2c33902bfcfe9f5b8d72ec57578
2023-03-21 14:23:09,False,4.2162,0.01254,38.7889,0.4866,0x2d...7822,https://bscscan.com/tx/0x904545a8f93eacb43f380e0e3e5230d5ca1866d5bb3d33eebfcdb9adde69cbc8
2023-03-21 14:20:31,False,4.2423,0.01256,13.1961,0.1657,0x2d...7822,https://bscscan.com/tx/0xe5099a15fdd5ea9b59a88f48ce73be52228eba6b09a80bd8dd451909e9490102
2023-03-21 14:20:31,False,4.253,0.01259,80.9198,1.01907,0x11...a5bc,https://bscscan.com/tx/0x226445f52eca8b258d3e85079336eb8b283b5251edaed1691a9b2bea73037adf
2023-03-21 14:20:31,True,4.2728,0.01265,93.6067,1.18435,0xb6...4942,https://bscscan.com/tx/0x0b63b41571d48a51a90d8730f75cad3eea4319633c2ddb71b71a3a2dad378b1f
2023-03-21 14:17:34,False,4.2269,0.01257,37.6024,0.4726,0x2d...7822,https://bscscan.com/tx/0x3fe9e16d3c3f912482947d5d865cc5db7cb56abdd7c80c54bf676ac4779c778f
2023-03-21 14:14:28,True,4.2505,0.01264,8.0,0.1011,0x7d...0dec,https://bscscan.com/tx/0x231571ea34ae93fe7e1012b04424a212883116338fe86c82b86446b9088a8d63
2023-03-21 14:13:28,False,4.2548,0.01259,39.8165,0.5013,0x91...79fe,https://bscscan.com/tx/0x6d8eb40999e3d843069d3748418e89d2477d54b64e0fa4e0e04035eccbb94c3e
2023-03-21 14:13:19,False,4.2613,0.01261,17.7327,0.2236,0x2d...7822,https://bscscan.com/tx/0x97827cba9f475b4130745c2a967c9c5aab3f91bc256d0c0c44a0ea0c22a7eefe
2023-03-21 14:13:19,False,4.2735,0.01264,89.4467,1.13117,0x11...a5bc,https://bscscan.com/tx/0x70070fc4fbaa16bd743fb6dda5ea7dd19f859fd3e3e6b8f40abd28d24293f359
2023-03-21 14:13:19,True,4.2918,0.0127,116.508,1.47971,0x7d...2937,https://bscscan.com/tx/0xc455dca4b3a70b1f85e793ef690b4258408fd7a72b8d7f4160669e920b6042c3
2023-03-21 14:12:31,False,4.2356,0.01259,0.707,0.0089,0x34...8793,https://bscscan.com/tx/0xfc6b7d06df132fc6f8cfe6df2ef4d64f848aae98372cbaf9146da0838de15d77
2023-03-21 14:06:58,True,4.2673,0.01264,46.2757,0.5852,0x2d...7822,https://bscscan.com/tx/0x13a82f3734dd60c56dd00146ced007842e4e5131302fa8fec234977d0c78a31d
2023-03-21 14:06:10,False,4.2264,0.01259,68.6221,0.8639,0xda...6e1f,https://bscscan.com/tx/0x37bbda4e115a36f9fca4f9001e25b3c7d1ba6355f731b8ba5b6c1a74900a4013
2023-03-21 14:06:07,True,4.2454,0.01264,88.4067,1.11805,0x74...62d1,https://bscscan.com/tx/0x01c3949ceda7e6244596df0a3750024e48442cb367e9e86f76a4749ee1c3150d
2023-03-21 14:05:34,False,4.241,0.01256,45.7898,0.5755,0x2d...7822,https://bscscan.com/tx/0x38dd213fc956d1330410b8f1b4bd3e61315e9e54ed039f19d4456c27d9289176
2023-03-21 14:05:19,False,4.2252,0.01258,1.04444,0.0131,0x2d...7822,https://bscscan.com/tx/0xd4464b0898ddbbff51a76ee3eed39573d7f3c9cd743c983cc3b6c73b2f17b7a7
2023-03-21 14:05:16,False,4.252,0.0126,47.1785,0.5945,0x8b...88f6,https://bscscan.com/tx/0xd259b950b72c6f360f667cede768e3101ddbd17f1bdf65a543ae92450dc24bfe
2023-03-21 14:03:49,True,4.2737,0.01266,51.6778,0.6543,0x00...78d2,https://bscscan.com/tx/0x8713448eb67f998ce98ad987df11e18f9ef5e6d58fcfc0ca123b3edd8350743b
2023-03-21 14:03:34,True,4.2622,0.01262,49.6245,0.6266,0xca...34d7,https://bscscan.com/tx/0x9542ae5df5e1039b577da9b00348428f74109558189d51717ae3b651a2aa44fe
2023-03-21 14:00:31,False,4.2143,0.01255,3.27243,0.041,0x90...48cd,https://bscscan.com/tx/0xd3e54a82653c089bf0236ab0569c4fd37b288527ab0dd124902e51a659d59902
2023-03-21 14:00:28,True,4.2302,0.01259,49.5387,0.624,0xaf...847e,https://bscscan.com/tx/0x04c7644de3bf0f9678551b6ce1846f8400a76c3a7a34ae399566c75cc33ef87d
2023-03-21 14:00:25,True,4.2101,0.01253,130.226,1.63268,0x05...7eea,https://bscscan.com/tx/0x58b035786153e023e8756db7911f35a0e87a42eca08a69ee2e96e667c2637e49
2023-03-21 14:00:07,True,4.1911,0.01248,39.3029,0.4905,0x2d...7822,https://bscscan.com/tx/0x7fc4a6d493c1d85b58696d15b6538ee3d5af42657661aaa2b1cfc692d5e759ff
2023-03-21 13:58:52,False,4.167,0.0124,3.39469,0.0421,0x15...f557,https://bscscan.com/tx/0xaad25596e61ad32e4001fe6355729b377b0ad864ff2f592304fd51eca8af5b5d
2023-03-21 13:58:49,True,4.1834,0.01245,43.8344,0.546,0x2d...7822,https://bscscan.com/tx/0xd236edb1ca288c44e1e7c7442a13223313fd4534b79cfd9382852284926f3d44
2023-03-21 13:58:19,True,4.1941,0.01242,37.8596,0.4705,0x2d...7822,https://bscscan.com/tx/0xa0605e66c3c78a943b29604067adad30e19cc7d8893c4f12842415ee4670fb84
2023-03-21 13:56:04,True,4.1791,0.0124,33.7665,0.4188,0x2d...7822,https://bscscan.com/tx/0x4e345b52f4652e23f9dfba051ea1c8978c0e3b2345112a64c8f3c139ce9d1886
2023-03-21 13:55:19,True,4.1494,0.01238,35.531,0.4399,0x2d...7822,https://bscscan.com/tx/0xee2b976fdfa9552f6f3bf61d853c0e656ede21471791e1c9f799a8c2de0fc954
2023-03-21 13:52:55,True,4.1563,0.01235,39.5293,0.4885,0x2d...7822,https://bscscan.com/tx/0xe046b212ac0acc649ff4b7dd96c6c517b0d8aece224419680a0f72c07186df1f
2023-03-21 13:52:52,True,4.1477,0.01233,39.0362,0.4814,0x2d...7822,https://bscscan.com/tx/0x4ca1dd57bde0ec6b920a8793be7d9288ff17e04928e84e353dac5cbb4307ea4e
2023-03-21 13:43:48,False,4.1111,0.01225,2.31994,0.0284,0xd3...7c49,https://bscscan.com/tx/0x8def755bfb71ca5369051d428fa235599e9cf9686a845ae53aa4ce23a88ccb06
2023-03-21 13:43:31,False,4.091,0.01226,3.65372,0.0448,0x15...f557,https://bscscan.com/tx/0x9811da47a60a36aae1236075d6c26a6c675f582d0b2ff2490f53ce3fa552515a
