datetime,buy_order,price_USD,price_native,amount_token,total_native,maker,etherscan_url
2023-03-22 08:07:03,True,4.2143,0.01247,35.6965,0.4453,0x2d...7822,https://bscscan.com/tx/0x305484feebe3f11b05d7dcf60b468a92bbdf5b789e3726c751e3bfb44ea7a1ae
2023-03-22 08:06:21,True,4.2081,0.01245,44.8087,0.5578,0x2d...7822,https://bscscan.com/tx/0x3360b29be5f44be69eee5e8524d1fab40f96ae745c3350428d3100b3ffd11869
2023-03-22 08:00:27,False,4.1798,0.01238,50.477,0.6253,0xed...4f31,https://bscscan.com/tx/0xeea12234ede3885265053db0b0713e8509bdda7f5f2fb50e1d4aafaa62892e60
2023-03-22 07:54:39,True,4.2201,0.01245,50.477,0.6285,0x62...1f10,https://bscscan.com/tx/0x76da278793a2c942c47302e48f649cd686b8fc5cf77610060708c71746a04b5d
2023-03-22 07:53:12,True,4.2101,0.01242,42.8104,0.5317,0x2d...7822,https://bscscan.com/tx/0x4409f78369323cf8ff3f5af052bf9d303964f4548ccca5bc66e9134518c5f027
2023-03-22 07:19:24,False,4.1725,0.01237,87.864,1.08719,0x00...78d2,https://bscscan.com/tx/0xac29090ddc4a3a85d924cf45ac27d22b0d08a4d95d7422039727c1e78397e0a4
2023-03-22 07:19:12,True,4.1812,0.01246,8.75568,0.1091,0xd7...9a7e,https://bscscan.com/tx/0xf5836f4be252a368fe7ed0f50bab3193fdbef14d5ee39bd86a35e88494821844
2023-03-22 06:51:06,False,4.1717,0.0124,38.0,0.4713,0xa5...c002,https://bscscan.com/tx/0xe4cc85267b160cc189849134ffe39b1dda6ef116584b3ccd08bba20dd6e45151
2023-03-22 06:40:16,False,4.1861,0.01244,60.0844,0.7475,0x8b...88f6,https://bscscan.com/tx/0x0bf135d0c3806a26852458a8a2f38f565d577be32a25e82c8a9167a501e9c6a4
2023-03-22 06:19:18,True,4.2231,0.0125,56.1685,0.7023,0xed...4f31,https://bscscan.com/tx/0x9cda036dc8ad963d3a6ddc1c0a470c01a644bc34ca0a561c529a53118562cecd
2023-03-22 06:18:09,True,4.2121,0.01247,35.2038,0.4391,0x2d...7822,https://bscscan.com/tx/0x5c3a4e0221a42d02d2b9fabbbf6a14a2452800adcfe9ccf2952c89eedaeed1d7
2023-03-22 06:15:54,True,4.1864,0.01246,9.05353,0.1128,0x2d...7822,https://bscscan.com/tx/0xbc27fcb0cb5522bad5bf3a98545e003484ecc5740aab9bb8eafec6dd437de582
2023-03-22 06:15:51,True,4.1817,0.01244,33.2525,0.4138,0x2d...7822,https://bscscan.com/tx/0xc69825788014b985c2029e27765c9c2e997e322dd4ef45928174f8e655e7185e
2023-03-22 06:15:51,True,4.1776,0.01243,3.91589,0.0486,0x8b...88f6,https://bscscan.com/tx/0xa95015cf3ffead37ebf866b2720f796838a7ed83b5349fa3e4dd90fe6354b3a1
2023-03-22 06:15:42,False,4.1606,0.01238,38.9125,0.4818,0x54...23f6,https://bscscan.com/tx/0x9555ff97de7745727df6ee0ebd62f88581203e6a8cfd05c68f554bb5e0064809
2023-03-22 06:11:03,True,4.2015,0.01244,40.5469,0.5046,0x2d...7822,https://bscscan.com/tx/0xd83dbb7e5c87d3b7333e5d51f982519a413de5c2e2785cfb470f12bfe24ffd90
2023-03-22 06:10:00,True,4.172,0.01241,40.6756,0.5051,0x2d...7822,https://bscscan.com/tx/0x8e27a23ca9196ec3bc8c13a026f24980e2c1eaf05675d2bca631bc930e954790
2023-03-22 06:09:24,True,4.1841,0.01239,38.8375,0.4812,0x2d...7822,https://bscscan.com/tx/0x3502f7f713641510395347a5eade80f82b13fc7286a3de56453967e64fc3fa79
2023-03-22 05:01:53,False,4.1424,0.01233,51.2971,0.6327,0x2d...7822,https://bscscan.com/tx/0x6d85becf124c0bc27e621b928982f0e4ae832aeea6b79742f4120552f65c9727
2023-03-22 04:42:32,False,4.1558,0.01236,38.4031,0.4747,0x2d...7822,https://bscscan.com/tx/0x37e3294a3a7c9948dcf203429fd00c524ea41d49e67bd353381f1bfac511403a
2023-03-22 04:31:17,False,4.1435,0.01238,35.91,0.4448,0x8b...88f6,https://bscscan.com/tx/0xe9d626de28760f48d0f797bda158dc3ee96746f9c2d3f07a57a1bd5f522e33b9
2023-03-22 04:15:29,True,4.1884,0.01246,1.19373,0.0148,0x57...1747,https://bscscan.com/tx/0xcbe5f2668fa24fed4b70e4896ef4075c0c604436fae5ea8600168d81395ae8bf
2023-03-22 04:14:17,True,4.1635,0.01244,36.3439,0.4524,0x2d...7822,https://bscscan.com/tx/0x1c9279aef96969a09b8299fdedfdce572dd6fba48becf375b35e81d6d9e640ee
2023-03-22 04:12:41,True,4.1561,0.01242,38.2368,0.475,0x2d...7822,https://bscscan.com/tx/0xba5e6a47a50568b57ea41415326e79e2908eb2ac10bb25211da6a90b31ef8c94
2023-03-22 03:51:20,True,4.1412,0.0124,37.2662,0.462,0x2d...7822,https://bscscan.com/tx/0xae71a10b8bb85f0c97936d0b9832590a9e3c1933f5020c20974dfb7ecc81f233
2023-03-22 03:49:59,True,4.1541,0.01237,35.4713,0.4389,0x2d...7822,https://bscscan.com/tx/0x11ee1b25ae481595f77b4393251c0509df6a3d4a54b5463d3111fe90ebf22339
2023-03-22 03:47:05,True,4.1279,0.01236,0.9694,0.0119,0xa8...1757,https://bscscan.com/tx/0x6c4010222bd6687c62e85a9ad78ff0f11c43490bf782b89d8f700485a098193d
2023-03-22 03:32:41,False,4.1326,0.01231,46.0037,0.5664,0x43...fe22,https://bscscan.com/tx/0x900e8117fbc350bc53b995585245e60610fc4f4b2722018171f1f8f713da4929
2023-03-22 03:32:41,True,4.149,0.01236,6.73328,0.0832,0xbf...18ac,https://bscscan.com/tx/0xb6683bea5125a18fd4780a404a222e7f588172255b297cf1a48d988821fa2c29
2023-03-22 03:30:11,False,4.143,0.01234,47.8981,0.5912,0xa0...cc8d,https://bscscan.com/tx/0x9a380465b28b4d469316ce1de9814f3ff43b5c01cab8074cd86ca5901a20812d
2023-03-22 03:28:53,True,4.1699,0.01242,7.12767,0.0885,0x0e...b666,https://bscscan.com/tx/0xd4a0822f72b400b69075ab91003fa8aa3cd0b77cef88ab971e0a2428e972759b
2023-03-22 03:27:32,True,4.1451,0.01241,2.98604,0.037,0x6f...1a36,https://bscscan.com/tx/0x673319fee1bead45d878890a8658edfd9e3531f327734b7f2274105a34d72e94
2023-03-22 03:26:47,False,4.1499,0.01236,50.0569,0.6191,0x71...69e3,https://bscscan.com/tx/0xf9d496ab71f02db9be14cff221cb04aad77e501973710f496111cca7ecdaf21a
2023-03-22 02:42:30,False,4.1361,0.0124,51.4689,0.6382,0xf9...5ebf,https://bscscan.com/tx/0x6bd37d0608c6a7cc40f0ae0100c241f9b7ba53a9f72831ab6424b652f1e8476a
2023-03-22 02:35:12,False,4.1455,0.01243,39.5149,0.4912,0x2d...7822,https://bscscan.com/tx/0xa4ab0c9b8897c8f596d7694c53431c8cc6d99dbf4484d333ea1000350d997d8f
2023-03-22 02:06:08,True,4.165,0.01249,36.162,0.4518,0x2d...7822,https://bscscan.com/tx/0xd3803c20040ad0b2be7daed9639f6d66f21904fb58abda0bbcb7bccf638621e8
2023-03-22 01:53:20,False,4.127,0.01243,48.1186,0.5984,0x82...2196,https://bscscan.com/tx/0x13aaa85cc053171c8a9399da6a4ebbf2466224e28011d72877ec94c8d02c6377
2023-03-22 01:37:11,False,4.1679,0.01246,50.1726,0.6255,0xa0...cc8d,https://bscscan.com/tx/0x710a0eb477f203e3d8c1350e920df7578512053a05af8a2f9ef32d9f008be011
2023-03-22 01:33:35,False,4.1631,0.0125,48.731,0.6091,0xaf...847e,https://bscscan.com/tx/0x827216a5f1125d0f70caebf307d0a74a678d8bf6f4054d4394a613e528d27a3b
2023-03-22 01:33:23,False,4.1762,0.01253,56.0242,0.7023,0xa0...cc8d,https://bscscan.com/tx/0x029bf87a1d78a27637f97f0e62db560b8084868fd91f806621a50e06c35c9406
2023-03-22 01:29:41,False,4.2136,0.01257,53.7,0.6751,0x00...78d2,https://bscscan.com/tx/0x9f9ae55116a44a54f21860c5421ca110d22fc25380c49872a6d84c702771c399
2023-03-22 01:22:44,True,4.2417,0.01264,31.2407,0.3949,0xbd...b401,https://bscscan.com/tx/0x651a59690652ede67b2d0c2df2b63c898439ab6c930e366d6be52d4f2dd473dd
2023-03-22 01:02:11,False,4.2195,0.01258,48.9772,0.6164,0xaf...847e,https://bscscan.com/tx/0x9f8911cbbafcc2d72d3dd9e18ca418efc683c2075e2cd466c58f6af844241397
2023-03-22 01:01:11,False,4.2064,0.01261,34.8061,0.439,0x2d...7822,https://bscscan.com/tx/0xc8fff855c3bd32a7013312c667c852eb3c7fd53a67d01f7478418eb97b04b0d2
2023-03-22 00:50:35,True,4.2299,0.01266,62.193,0.7878,0x00...78d2,https://bscscan.com/tx/0x545986a2c4c7346a0bfe3a3a5eb3fcb588941265d82fb3e3efabb1067f1c34f8
2023-03-22 00:45:11,True,4.2145,0.01262,55.1263,0.6961,0x00...78d2,https://bscscan.com/tx/0xe7c0f99b9a85791c93c0b1f0ffb169199f95cf756d11d9d03802e072221a8d1f
2023-03-22 00:43:56,True,4.225,0.01259,40.2113,0.5065,0x2d...7822,https://bscscan.com/tx/0x4789e22e4170c6c340ee2f224254f7e6f49c7d8630e00e5c1ade3e9f09b3c651
2023-03-22 00:33:14,False,4.2081,0.01253,54.0874,0.6781,0x00...78d2,https://bscscan.com/tx/0x511ee9ce752624381d671efc8acf0830a89ce2a2b26bba6479679d42867619a7
2023-03-22 00:27:14,False,4.2017,0.01257,47.7268,0.6,0x8b...88f6,https://bscscan.com/tx/0x038a4bdc4425990da9d9ba932b326f91adeae752fc7ebe5390d94822372ea584
2023-03-22 00:27:11,False,4.2395,0.01262,101.664,1.28322,0x2d...7822,https://bscscan.com/tx/0x4697c53ce2f1c0fbf4b4f9586f4a8df930b932933339877059b93f93abd3e105
2023-03-22 00:27:11,False,4.26,0.01268,79.4874,1.00816,0x31...de83,https://bscscan.com/tx/0x99f5e9b7a308a37ee144d61c038bc77dd7700131ee395aa05a8e8557d7a2b5e2
2023-03-22 00:27:11,True,4.2637,0.01269,234.152,2.97239,0x65...cb0b,https://bscscan.com/tx/0x67c40f87335b01a3a46f7ccf318c57737af52e4dddb766ab7de76e10ee470514
2023-03-22 00:27:11,True,4.2282,0.01258,79.4874,1.00063,0xac...ee49,https://bscscan.com/tx/0x0760946d68105bd47f4d093804a54b1450691e277f0b281c0d24029abccb6270
2023-03-22 00:17:29,True,4.2171,0.01255,35.5883,0.4466,0x2d...7822,https://bscscan.com/tx/0x5dd334871bd998a7b0826c4381a6adac01ec57bbf15fcc68c1631ae1e43ca285
2023-03-22 00:00:20,True,4.2088,0.01253,0.051,6.398e-05,0x2d...7822,https://bscscan.com/tx/0xc328376ade5f80e35c24cad0fc0d050a1f24260a2047487e024d8b85db58b2df
2023-03-22 00:00:17,True,4.2042,0.01252,40.8702,0.5118,0x2d...7822,https://bscscan.com/tx/0x24b19180b892198328d5b0a9d30a3fd0a6708f74990ab4ae659f77645d2ca514
2023-03-21 23:44:41,False,4.1716,0.01245,16.5521,0.2061,0x2d...7822,https://bscscan.com/tx/0xc8ef80b586d160592dd1b44b4638d1eae80f0dc717a2102b176ec102d486ab26
2023-03-21 23:44:38,False,4.1778,0.01247,36.5164,0.4554,0x2d...7822,https://bscscan.com/tx/0xfc1e62ea42e214dbfc402ec167beeec8c0ddc840d2201e6fc2d59e2bf53f1029
2023-03-21 23:28:47,True,4.238,0.01254,2.97735,0.0373,0x6f...1a36,https://bscscan.com/tx/0xf2c5de3a5235a97bea7d83dcd895b3f138a2195e358a3d24f44b8fc5fc7c1970
2023-03-21 23:28:02,False,4.2198,0.01248,12.7859,0.1596,0xd0...20fe,https://bscscan.com/tx/0xf7fdd9ee038b8785dcada1daed76f58ee71b0f007920ca327a9c4f80f43f246b
2023-03-21 23:25:32,False,4.2185,0.0125,46.1399,0.577,0x2f...e155,https://bscscan.com/tx/0x10f5e2249ce6edbea87c7e0eeecf528f3667742e03ee2cb0af86195dfd5486d9
2023-03-21 23:25:02,False,4.224,0.01253,47.8858,0.6003,0xda...c952,https://bscscan.com/tx/0x303bad65b4a98b8b5d129dd77ee4829315e20e5a118c77c5acb53de25e3f4079
2023-03-21 23:21:02,False,4.2339,0.01256,39.183,0.4923,0xda...c952,https://bscscan.com/tx/0x7d92edbab27447621f9e350368206dc8102825790ee41451ec10802a4585c738
2023-03-21 23:12:28,True,4.2418,0.01263,14.051,0.1775,0x3c...aa04,https://bscscan.com/tx/0xc9d54482eeaf9370544761a874ab0949c0898a7ae126de09135c2ea4c7326243
2023-03-21 23:11:55,True,4.2394,0.01262,35.2355,0.4446,0x2d...7822,https://bscscan.com/tx/0x9870db6c3454537099bc49adb360503a0dd96bb4b8936559691a0dba6c51ebcc
2023-03-21 23:09:37,True,4.2269,0.0126,1.168,0.0147,0x2d...7822,https://bscscan.com/tx/0x8fc8fa267457ec3ca67c66eb8ed728b55832f9b14e5b8263ca4e5900be2b3389
2023-03-21 23:09:37,True,4.2048,0.01254,195.867,2.45665,0x0c...8533,https://bscscan.com/tx/0x5a3c99e56c0553d0b8c8c8a4fed7bbb01b90ddf56fbb6ed93ce9359eef47dc2c
2023-03-21 23:09:37,True,4.1762,0.01245,62.0849,0.7733,0xd4...6a95,https://bscscan.com/tx/0x5bdf5f15a473d8faad69ab7d17b089d3b188e6f59f4fe052f02bd62bb1871b3d
2023-03-21 23:09:37,False,4.1866,0.01248,344.799,4.3059,0xd4...c27e,https://bscscan.com/tx/0x272debdcb0cd62eb24cb15c709d658fa897811ccb7d392ecd8c6088534fb60b3
2023-03-21 22:57:43,False,4.259,0.0126,6.27365,0.079,0x5b...6920,https://bscscan.com/tx/0x019fc6b10d98cbf2bef4070f0839eb4e33e1a911517931faafec6e03964a4e3c
2023-03-21 22:48:04,True,4.2747,0.01265,41.8193,0.5292,0x2d...7822,https://bscscan.com/tx/0xcfa0ca4fbefbefb4bcc4a355841be1325bbe4999c91f2b17d366f46e8baae09f
2023-03-21 22:38:17,False,4.2323,0.01259,52.5359,0.6617,0x3e...a7c8,https://bscscan.com/tx/0x727ca4d67f088a074337c4b5e714f329e40e001b23a5e75c6e82e6e69ec96b10
2023-03-21 22:17:38,False,4.2411,0.01262,30.7629,0.3883,0x2d...7822,https://bscscan.com/tx/0x55e7b67aae92331b29b5856646d88fa04cdb17865379a4c1cdba1d723c8e2024
2023-03-21 22:10:05,False,4.2533,0.01264,37.449,0.4736,0x2d...7822,https://bscscan.com/tx/0x6e09266362f21804c4159fd0cae4b9c82b427ab58ba61a04f1db3ef361ab13e6
2023-03-21 22:03:32,False,4.2651,0.01266,0.0439,5.557e-05,0x2d...7822,https://bscscan.com/tx/0xee6e6361cc84a71f01cbec8dc3397500e1fceafc03d24ae87b123e5bfd9621a9
2023-03-21 22:03:29,False,4.2691,0.01267,35.1168,0.4449,0x2d...7822,https://bscscan.com/tx/0x39093f88a4d9d4a071729bb3e4eb90d0b66dd9dd747c3668f6f4ed6e300bd267
2023-03-21 21:51:20,False,4.2829,0.01269,35.7217,0.4535,0x2d...7822,https://bscscan.com/tx/0x8d5e109b51d3ec65d071987395171db3cdd6289cb67072ff849503d851e20486
2023-03-21 21:48:02,False,4.2941,0.01272,36.396,0.4629,0x2d...7822,https://bscscan.com/tx/0xf4e841b5413852ef3b8f01ec30aa5c19d8ec1e593666c3ada6bf4e7004f9d035
2023-03-21 21:46:38,True,4.3381,0.01279,13.7721,0.1761,0xf0...acd4,https://bscscan.com/tx/0x63681a745e3724131847af0ff530073c8d5b1c8b0b7985730fb6049d73ba9417
2023-03-21 21:39:08,False,4.2875,0.01272,0.0453,5.767e-05,0x2d...7822,https://bscscan.com/tx/0xb70c41d30ff97f846f709ef8fb5895438c53018e25b0453350a2ae91e4c8788d
2023-03-21 21:39:05,False,4.2917,0.01273,36.2667,0.4618,0x2d...7822,https://bscscan.com/tx/0x4114ac347550a1f23f4b18901f8599bc14b2d104e7ed781f0b779c370730f7f4
2023-03-21 21:08:05,False,4.2986,0.01276,34.5505,0.4408,0x2d...7822,https://bscscan.com/tx/0xfbcef5c9083d0bf21ee072b4850efb19438d2ea00bc38f35ee9f7b6a48995ea0
2023-03-21 21:05:11,False,4.3026,0.01277,6.85514,0.0875,0x2d...7822,https://bscscan.com/tx/0xd537d16b7d3fd5bd48f95edd4d98fc6f491e5ce5e1b7fd50f1e397491b0e2766
2023-03-21 21:05:11,False,4.3103,0.01279,59.8763,0.7662,0x00...78d2,https://bscscan.com/tx/0x113903f89eecb8f60a4be5d72f3e6414574f4674f2ef4ea37e370f0dbedc8f87
2023-03-21 20:48:32,True,4.3565,0.01286,48.8164,0.628,0x2d...7822,https://bscscan.com/tx/0x102f48a356134ffb749e11390d88f803d1768f64181185d65093fb8642f4a520
2023-03-21 20:37:35,True,4.3221,0.01282,62.6742,0.8038,0x05...7eea,https://bscscan.com/tx/0xab29eff44b4532a9a8c72dbad3ccfe57733e36550225dced7cbe792f881c575d
2023-03-21 20:36:59,True,4.3322,0.01279,35.6732,0.4563,0x2d...7822,https://bscscan.com/tx/0xd1ad4dc518335015f395e4a6d3e1ec226c10ec85a73d4a1fe283978cc09b0edd
2023-03-21 20:36:19,True,4.3015,0.01276,36.4302,0.4651,0x2d...7822,https://bscscan.com/tx/0x4d7fe8a0cda76486698007b27d2d2ef7544afb33c9e8e7763e0295870c4fdaf9
2023-03-21 20:28:37,True,4.2884,0.01273,48.7727,0.6213,0x7a...c707,https://bscscan.com/tx/0x614d4da48ee46d6272ad111434516a696244dc37dc206780521940b44003c39c
2023-03-21 20:28:34,True,4.2684,0.01267,126.472,1.60357,0x2d...7822,https://bscscan.com/tx/0x39a8fa427925af72cd168d3cb074d0c9449cfe6778f57a852ad8131162326645
2023-03-21 20:15:52,True,4.2719,0.01263,1.18048,0.0149,0xdc...c6dd,https://bscscan.com/tx/0xba94b2c59b140aedbaba88ce50aa225ce52831f26adca1c6aa9c99f212d873cf
2023-03-21 20:15:25,False,4.2348,0.01258,45.8346,0.5769,0x71...69e3,https://bscscan.com/tx/0xf200a04a0edc461631c0011b69531b440eb8cccf3923f8b7c3387210be30cdc3
2023-03-21 20:14:13,True,4.2829,0.01266,15.6587,0.1983,0xca...ccb8,https://bscscan.com/tx/0x35a7d8d4512c486e3f9e35e5d747d6d64c6dc3e684d3904b4f072556bc8a315b
2023-03-21 20:04:29,False,4.2534,0.0126,47.8803,0.6037,0xe3...d2ff,https://bscscan.com/tx/0xe1f6d56881470c19708ca2fc560357c3aa74a2a304822a8135572ea8b0d407fc
2023-03-21 19:39:20,False,4.2436,0.01264,47.2237,0.5969,0xa0...cc8d,https://bscscan.com/tx/0xf800a37c867901fba7c34467169274a9de859172fc5c5944483e0c00d7009326
2023-03-21 19:38:11,True,4.2722,0.01272,1.55782,0.0198,0xc7...4643,https://bscscan.com/tx/0xcd4b4c95dfd8aac6b81c471ef8b540bbc45d5f60cc13d992f95b81af729c9618
2023-03-21 19:22:51,False,4.2521,0.01267,56.827,0.7202,0x2d...7822,https://bscscan.com/tx/0x7e60f4b6a1ca55575d76468829b3a23b1b1e4fdaef59002f9e6445af87b0ef8e
2023-03-21 19:22:09,False,4.2863,0.01271,46.7345,0.594,0x2d...7822,https://bscscan.com/tx/0xcc7770d20d503385a0d757faf0a9de5a2b3d0f3882ed5fedc3da08a67ecb91ec
2023-03-21 19:21:15,False,4.2745,0.01273,38.3707,0.4888,0x2d...7822,https://bscscan.com/tx/0xaca055c7dee2a38c7c812acfe8f37bd417752bf3569f6d49a9225c0f506e7df1
2023-03-21 19:20:30,False,4.3055,0.01276,46.8344,0.5979,0x2d...7822,https://bscscan.com/tx/0xeb178d44176e17143544ad264be53f7e04a3dea33892351c9211d9f017169bb0
2023-03-21 19:06:14,True,4.3298,0.01283,35.6358,0.4574,0x2d...7822,https://bscscan.com/tx/0xa6ee33d8bddfc62075636f9f5244d6e4ab9d0fb03d36df0757091f757032d2de
2023-03-21 18:50:16,True,4.3072,0.0128,45.6486,0.5846,0x2d...7822,https://bscscan.com/tx/0x9035b0453c41c532b8a95778d5aa1f9f4b76b6eb331a2ae09ecb90a70b7284bb
2023-03-21 18:49:34,True,4.3023,0.01279,1.70552,0.0218,0x38...28dc,https://bscscan.com/tx/0x769b718954d55cc936840003a36d2d2045c34704721c5125100814d3318228aa
2023-03-21 18:41:19,True,4.3236,0.01278,13.6666,0.1747,0x2a...e55a,https://bscscan.com/tx/0x6a2220e8e65b1882652912762e35a75941e75058b9d8a0673f7526c96b0baefe
2023-03-21 18:40:58,True,4.3175,0.01277,34.8854,0.4454,0x2d...7822,https://bscscan.com/tx/0x6be0ca6cae13464c82543f66e4dec8fe1db91b6cb78c07c6af1c6da88979badf
2023-03-21 18:40:58,False,4.3038,0.01272,103.436,1.31667,0x99...89e1,https://bscscan.com/tx/0x13dd411ec13d67bd2ea224cd1bfdbac865f3d0c707129f4b2806b47f607f96f3
2023-03-21 18:40:16,False,4.2989,0.01277,37.9664,0.4851,0x2d...7822,https://bscscan.com/tx/0x8cac2aa009c3c5a33050ff61963eb59e60a7aeb5df37f970581d6961d6b6e23e
2023-03-21 18:39:58,False,4.304,0.01279,11.5619,0.1479,0x2d...7822,https://bscscan.com/tx/0xff9f4a05ceea00496ce857421183fc40d73fc8178429ebfdc95d89dd86883fd0
2023-03-21 18:39:55,False,4.3312,0.01281,36.9207,0.473,0x2d...7822,https://bscscan.com/tx/0x906e3a8f48cf3d4acacc5930de41dba8582d1de84e43eb147a7247bf59e16bae
2023-03-21 18:31:27,False,4.3404,0.01283,38.1406,0.4896,0x2d...7822,https://bscscan.com/tx/0x6c018222c3db7902a390f1bf93a40f6092d9713b089bab5f24d0cc39f2a136ef
2023-03-21 18:30:51,True,4.366,0.01291,3.10215,0.04,0x0e...2f4c,https://bscscan.com/tx/0x0fdda67c64097ab8b6be24a9a2ae122787130748f99d767fb040c6d158314cba
2023-03-21 18:30:42,False,4.348,0.01286,35.6082,0.4579,0x2d...7822,https://bscscan.com/tx/0x4c04b8fc445d77e66d155da3bc44fd325de70bdc99e265614f4ed2619fdcf831
2023-03-21 18:28:36,False,4.3503,0.01287,0.0479,6.175e-05,0x2d...7822,https://bscscan.com/tx/0xc24c0881eb19361d548c76270b58ce590d66aba2e1d3cd1118607deb260a5354
2023-03-21 18:28:30,False,4.3548,0.01288,38.3762,0.4945,0x2d...7822,https://bscscan.com/tx/0x76b4b9f88be6695c6e98287c7c29fe294e7699fb8b53dc85fa10d6ac7642955e
2023-03-21 18:17:48,False,4.348,0.01291,50.5142,0.6524,0x2d...7822,https://bscscan.com/tx/0xc3e40d97a38d759c762d40a41faa3764fc9d362d5107a36e4865bb3998effd07
2023-03-21 18:16:39,False,4.3802,0.01294,36.3047,0.47,0x2d...7822,https://bscscan.com/tx/0x06ce91f87c5cff0a6b433c05cd3dd98bc02ef1547fb431b9289f9ac2ffcc0052
2023-03-21 18:16:36,False,4.3875,0.01296,24.866,0.3224,0x11...a5bc,https://bscscan.com/tx/0x8b1b5d6409c6008452775c3c3daab2b958eea39ca3c023aadcd6189b32279a61
2023-03-21 18:16:36,True,4.4077,0.01302,40.1268,0.5227,0x8c...bf4c,https://bscscan.com/tx/0xcd353b5984c5b233ba7ae1c2eda7cc4390554a5db7c7938dccfcf5f7c8717077
2023-03-21 18:16:36,False,4.4173,0.01305,305.176,3.98461,0x2d...7822,https://bscscan.com/tx/0x8577f9087996222a8f3d156c218f03956cf8684e263bff0f42e546e5faa0bf90
2023-03-21 18:16:36,False,4.4749,0.01322,171.827,2.27274,0xdb...8aba,https://bscscan.com/tx/0xced1c6bae41871509dc3ddc337350aec01a7e441ca394b6a3d9b37ee67bab3af
2023-03-21 18:16:36,False,4.5059,0.01331,81.0463,1.07942,0x66...0856,https://bscscan.com/tx/0x0b6cfe5f3dd500377e887729652c2c140e31e42abec9bfb1132b449e947ffaf7
2023-03-21 18:16:36,True,4.4593,0.01318,646.396,8.52,0x58...5421,https://bscscan.com/tx/0x9ad2ba0868e5fbeedd520131707476b485ee27d7a3ca700dfa6f09e6f404b589
2023-03-21 18:15:48,True,4.358,0.01294,22.9088,0.2965,0xd4...cc47,https://bscscan.com/tx/0x7ea7e64ac78128f5dc7fee5abac0b0694701e6390dbdfc5514ceb255e4697bf7
2023-03-21 18:15:48,True,4.3541,0.01293,9.78208,0.1265,0x2d...7822,https://bscscan.com/tx/0xfa57fb0a7b8bc39842df8d65d534645b02b60c663a2efb9e3ae631bfdb33a38c
2023-03-21 18:15:48,True,4.3524,0.01292,5.4506,0.0704,0xed...4f31,https://bscscan.com/tx/0x66e54d3f0b77c8f33c74597ee606a7036732330c525229d66a3614d721fffd00
2023-03-21 18:15:48,True,4.334,0.01287,151.8,1.95395,0x00...78d2,https://bscscan.com/tx/0x234e1083143e507bcfacd45990c436c136114a3080648e6db7e3cf705d76fd6c
2023-03-21 18:15:45,False,4.3234,0.01284,247.216,3.17439,0x20...4b6e,https://bscscan.com/tx/0x520fe100c440f03c985f9e3692787309435b12ebdc956cc4c114e018d4cba5c3
2023-03-21 18:15:27,False,4.3561,0.01293,36.4191,0.4712,0x2d...7822,https://bscscan.com/tx/0x5bdcc802290694db3855013e7c75e8a8f4ecef2a5071402546d68f43e24e6a5a
2023-03-21 18:15:09,False,4.3862,0.01296,35.5505,0.4608,0x2d...7822,https://bscscan.com/tx/0xafa7e7e564e1dc8c046cab150fa49dd53e97638f0eb78aca57c5a80716229e92
2023-03-21 18:13:37,False,4.3958,0.01298,34.1348,0.4433,0x2d...7822,https://bscscan.com/tx/0x1f0378a8e52b477b300f1b67038bbdda4b17bf119658ee968910ff89b084fe26
2023-03-21 18:13:01,False,4.3817,0.01301,40.3392,0.5249,0x2d...7822,https://bscscan.com/tx/0x2b14d92d2d780e171b39c085a59a9f405bf98fb206b1a3b82289eb7aa1fd74b7
2023-03-21 18:10:58,False,4.4112,0.01304,34.5956,0.4511,0x2d...7822,https://bscscan.com/tx/0x3351131f338db5ccf1d521761398647268e05a35137b432d5efbac3a7e2c43ea
2023-03-21 18:08:58,False,4.4265,0.01308,78.8392,1.0313,0x2d...7822,https://bscscan.com/tx/0x3024b47e7ffda69c7ca63a97526084a3548e3bda489ad51dacfdd0acd24ab888
2023-03-21 18:08:58,False,4.4812,0.01324,371.771,4.9233,0x3b...60a5,https://bscscan.com/tx/0xcedf823a87d4f9fbe5a7719ac6190142c552ee03f4650958d8f13abd0c423a36
2023-03-21 18:08:58,True,4.5291,0.01338,164.372,2.2,0x25...abbc,https://bscscan.com/tx/0x26bbbc72a86dd6d266475359821c892277f0f405997eda294ec3c442b20e0e09
2023-03-21 18:08:58,True,4.4632,0.01319,371.771,4.90356,0x24...0230,https://bscscan.com/tx/0x3638e62dd4b0d0d97bf899a051fb8303315d54e891bb4b3dabadf08f71990875
2023-03-21 18:08:49,True,4.3916,0.01304,34.1378,0.4453,0x2d...7822,https://bscscan.com/tx/0x91436379a29f2c75358997452e389a2d310953fb59a40eaa3a715c0e379323f9
2023-03-21 18:05:48,False,4.4031,0.01298,58.7422,0.7629,0xda...6e1f,https://bscscan.com/tx/0x67324aa1957f468a8c2a1ac0668585426a16060b4779027e164e55c4d8e5acc7
2023-03-21 18:05:48,False,4.4165,0.01302,53.4632,0.6965,0x05...7eea,https://bscscan.com/tx/0x9d10a6fd6d464038bf7b6f8f96be9b22e17edd0bdf306ad3bfa2fc2d0563e105
2023-03-21 18:00:18,False,4.4091,0.01306,60.0641,0.7849,0x8b...88f6,https://bscscan.com/tx/0x84dc7c1cdc94b6a3b3fe2939efd4ccc6f2a0f0314c5e926ce47c38b66f667505
2023-03-21 17:59:27,False,4.4246,0.0131,47.6595,0.6246,0x62...1f10,https://bscscan.com/tx/0x0ddf0bc8df2009d641b068929e31e41ae0a393f9e13d49438a74736048beb279
2023-03-21 17:58:09,False,4.4652,0.01315,86.3592,1.13598,0x2d...7822,https://bscscan.com/tx/0x3076a2c99d5340488f3c8412bb2a93b874452163d5e71b6f18f1b9039239f95a
2023-03-21 17:58:09,True,4.4845,0.01321,111.492,1.47292,0x7d...2937,https://bscscan.com/tx/0x7db965f511a9cd44c2bf403c59043ed5a9516e7ff5d3177d184e70e85b6e8fc8
2023-03-21 17:57:33,True,4.4443,0.01315,36.9439,0.4861,0x2d...7822,https://bscscan.com/tx/0x9210f4f7ee576137897ae2df6e25ddae299a2952d1f48a3d624d09e7ca860032
2023-03-21 17:52:25,True,4.4538,0.01313,34.2865,0.4502,0x2d...7822,https://bscscan.com/tx/0xca2f141c96c3dbcc217052f07b0279760e097e007125028377cfa9549a21e948
2023-03-21 17:46:54,True,4.4227,0.01309,64.4297,0.8438,0xed...4f31,https://bscscan.com/tx/0xce800929fbcd0b623aa0baaf03b31ebb2002df326ac18238b16f95058f57d71c
2023-03-21 17:46:48,True,4.41,0.01305,41.7531,0.5452,0x2d...7822,https://bscscan.com/tx/0xfe70aac57a62cbd9811bb7417a499be8720f6b985706b79898b7f94d71759f48
2023-03-21 17:46:42,True,4.3996,0.01302,45.2925,0.5901,0x2d...7822,https://bscscan.com/tx/0x86b525748e67cbedc7629f5e34368a6e63bcb6d100346e215b4d6fc296a36e5f
2023-03-21 17:46:39,True,4.3932,0.01301,4.4624,0.058,0xed...4f31,https://bscscan.com/tx/0xfe4f13fe569a13bd57ac56f3123657b520c54db02c94c4cdc54946a1c37f1165
2023-03-21 17:43:00,True,4.3912,0.01299,34.8,0.4523,0x2d...7822,https://bscscan.com/tx/0x669c45512a3dba253f0f42cec76d8b453f97a57becfacdd3a771dfb6d001b64a
2023-03-21 17:42:21,True,4.387,0.01298,1.21262,0.0157,0x2d...7822,https://bscscan.com/tx/0x3ba979f92be3d77e603f233f8737b8d2cf045c176b5d2e8731d4ecdafc5a8954
2023-03-21 17:42:15,True,4.3821,0.01297,39.6985,0.5149,0x2d...7822,https://bscscan.com/tx/0x985feb391b262635da52a7265ba301765e1a20ffa90ac8c7baa158aad4f43b16
2023-03-21 17:42:12,True,4.3734,0.01294,34.2495,0.4433,0x2d...7822,https://bscscan.com/tx/0xb8f6067d18d3d5d8f8eada9ab1b82a574d36b4644990e5004736d96e0e791050
2023-03-21 17:42:03,True,4.3686,0.01293,6.05962,0.0783,0x2d...7822,https://bscscan.com/tx/0x5b639fcb5d131f38852896a90082da75598a5131e1359a94165bbdb63de5d339
2023-03-21 17:42:00,True,4.3631,0.01291,39.9974,0.5165,0x2d...7822,https://bscscan.com/tx/0xc9039aaca4f7dbabcdae37e9ad4c6911f87a9b5c2064623301c6a0a1e5d7270e
2023-03-21 17:41:45,True,4.3542,0.01288,36.9352,0.476,0x2d...7822,https://bscscan.com/tx/0x271139a6183a1c1ccc9315cfa2940f306c6b0d95d1086fe9e5f145d8aa263846
2023-03-21 17:39:39,True,4.3485,0.01286,37.1634,0.478,0x2d...7822,https://bscscan.com/tx/0x6e4005e14a503122dbb2461aeaa397858b568ca86228227220285b245c742a7a
2023-03-21 17:37:09,True,4.3353,0.01283,37.4445,0.4806,0x2d...7822,https://bscscan.com/tx/0x06224ecd6c18bd7f77a0237e30e882902960cec38cc93a9dda909f05a6946d77
2023-03-21 17:37:06,False,4.3175,0.01278,82.6918,1.05744,0x3e...e988,https://bscscan.com/tx/0x7d4998c1b704a5362049c9052a5d811068e1349c55ba15aec79b6cca74536c9c
2023-03-21 17:31:24,False,4.3343,0.01282,36.1746,0.464,0x2d...7822,https://bscscan.com/tx/0xd316a456be9ed2218371483e0ac16a7732a7f09b33153a0d8ac26d1626d2529d
2023-03-21 17:17:54,True,4.3399,0.0129,7.19702,0.0928,0x2d...7822,https://bscscan.com/tx/0x73f8afb139e65cd847b6e154e757504631e27c2ff7a9806fc5a5c4ec6b556baf
2023-03-21 17:17:51,True,4.3349,0.01288,35.7,0.4601,0x2d...7822,https://bscscan.com/tx/0x4eba262320ab95f8c156519e4936584aab7e8ca26f1e6604e6b379e1aa4b4388
2023-03-21 17:16:24,True,4.3242,0.01286,36.1107,0.4645,0x2d...7822,https://bscscan.com/tx/0x4f6a04d78b752b8743ffb87194e4af8d4de758c1a470961b3e7e57e9d17a2276
2023-03-21 17:14:31,False,4.3023,0.01279,34.5028,0.4415,0x2d...7822,https://bscscan.com/tx/0xeed5423c685b95ac0aae1deb217178dfedbbe72a7592ab2d6caa26f66634520b
2023-03-21 17:14:15,False,4.3101,0.01282,34.7331,0.4453,0x2d...7822,https://bscscan.com/tx/0x6d86ab64ddaf9dcb10f83f2f2b71d935ba500e6046dfac7cdbf4cca58f9597e0
2023-03-21 17:14:15,True,4.333,0.01289,24.0004,0.3093,0xac...3788,https://bscscan.com/tx/0xfcb6bd219aca7232921ab780e0384b1ea99830a01bd250c09663f1f47c1c7928
2023-03-21 17:07:26,False,4.3281,0.01282,12.9814,0.1664,0x2d...7822,https://bscscan.com/tx/0x8b4481411051f1240a549f014e2240275b4e000e39d6ba87e00bda7a568b999b
2023-03-21 17:07:20,False,4.3334,0.01283,34.3936,0.4415,0x2d...7822,https://bscscan.com/tx/0x3bb85f88274a072536b1c98b9ecb8a7735536ae95179cd1e574d2ef0a2f53021
2023-03-21 17:06:53,False,4.32,0.01286,34.2919,0.441,0x2d...7822,https://bscscan.com/tx/0x949eb389c995d982185094b2d385da0de59606c0dce28b72d20d99a8e592968c
2023-03-21 17:06:38,False,4.3287,0.01288,39.3871,0.5076,0x2d...7822,https://bscscan.com/tx/0x0752a644c9de0f014d807b7af47d08a025b3bf0a80e8b15242de30c2331e5d38
2023-03-21 17:03:17,True,4.3749,0.01295,35.039,0.4538,0x2d...7822,https://bscscan.com/tx/0x76dda26ceb85671fab307c97e98b0446703aa1101fbd85c180338e5f049e31aa
2023-03-21 17:03:02,True,4.3434,0.01292,53.1658,0.687,0x00...78d2,https://bscscan.com/tx/0xcea2df886d476cbc024f3a1a6f9a4b4c2dd26e574166c6b30f2164973b06c99d
2023-03-21 17:02:50,True,4.3348,0.01289,36.7389,0.4736,0x2d...7822,https://bscscan.com/tx/0x221a162310901704688ed565e18251d1aa778e6533924832dab4c70fc77844cb
2023-03-21 17:01:41,True,4.3512,0.01287,5.51466,0.071,0x34...8793,https://bscscan.com/tx/0x03d809bf114a3be78c65bd115ea168f883c6124200857407982ca21a32dfcfe7
2023-03-21 17:00:35,False,4.3095,0.01281,24.0,0.3076,0x88...737f,https://bscscan.com/tx/0x6decbe7d4cac15c1f989626e31945c77271670c65d9904f254b12ddb35f2b154
2023-03-21 16:57:59,False,4.334,0.01282,1.43759,0.0184,0xef...9271,https://bscscan.com/tx/0x4730d07284813304de8dc9f731784104fdbbea677347004a1ea2576b895804fe
2023-03-21 16:57:08,False,4.3153,0.01284,34.9923,0.4493,0x2d...7822,https://bscscan.com/tx/0x29e9542cb74093890370af5dd280604c72a1ac447eb963cc7e4da7b27e1909a2
2023-03-21 16:55:32,False,4.3426,0.01286,36.1246,0.4647,0x2d...7822,https://bscscan.com/tx/0xa2f8b32a6ec89bcc03b5b2955828654d575e4aa7450219ed04a7e1e10d856030
2023-03-21 16:49:53,False,4.3476,0.01289,34.8757,0.4495,0x2d...7822,https://bscscan.com/tx/0x10af46d5cde33fde51d7c072a07767cad77a10fa878213b2c8c35dcf1db502d8
2023-03-21 16:46:08,False,4.3556,0.01291,41.8714,0.5408,0x2d...7822,https://bscscan.com/tx/0x20ed4d7de26d0d4a4a9856c2f7802d0355205fd34ae872cb9d335f3d205fb77a
2023-03-21 16:43:17,False,4.3425,0.01293,0.0039,5.132e-06,0x2d...7822,https://bscscan.com/tx/0x43e599c9b126c063d6ba4c2881c0618594d75b3379c04c320a35e861c1e628ca
2023-03-21 16:43:14,False,4.3429,0.01293,3.17552,0.041,0x2d...7822,https://bscscan.com/tx/0x9387d5907376cb0c0b2521d8ef2cf203662b66648e711678748dc386e254c4d9
2023-03-21 16:43:14,False,4.3481,0.01294,41.1088,0.5322,0x52...1c7e,https://bscscan.com/tx/0x76e40f728eb175d0c74e8f17651c757513727307ab47f924d94523037674cfa6
2023-03-21 16:41:47,False,4.3551,0.01296,3.02937,0.0392,0x0e...2f4c,https://bscscan.com/tx/0x71de16dd1da325ceeae472c0e165a96850aad686f1fe1b6b424551c860abcbc9
2023-03-21 16:41:38,False,4.3563,0.01296,6.88163,0.0892,0x60...fff9,https://bscscan.com/tx/0xe411ed583436bb489efcba96b9c9fd9e4a2d0c4b0b0e17497e06a90c323614da
2023-03-21 16:41:38,True,4.3732,0.01301,47.5058,0.6183,0x2d...7822,https://bscscan.com/tx/0x6e6b3b130491105dbacfb2150920b6a20e4eecdef0cc928b03f828a8cfb9bf24
2023-03-21 16:38:50,False,4.3682,0.01293,0.766,0.0099,0xd3...7c49,https://bscscan.com/tx/0x4353e5b32c4e69225392875e3686ccefe4e753f5b3e223c73159ca9e54a3addf
2023-03-21 16:38:11,True,4.3625,0.01298,44.082,0.5724,0x2d...7822,https://bscscan.com/tx/0xb31ff099826c5b986f2ce9e909447c2accd4824f08a68bcd7aaae8311179b016
2023-03-21 16:37:35,False,4.3358,0.0129,0.3925,0.005,0x6f...1a36,https://bscscan.com/tx/0x5257b91a6335e8c1a252142aed79f4942c82260ca143643c958b61b11d1bac74
2023-03-21 16:37:05,False,4.3353,0.0129,2.32733,0.03,0xdd...4cd0,https://bscscan.com/tx/0xf652bb3fc4a9722f00a67ec2f47eba9089eed59b4498f69378878f450cfb42f4
2023-03-21 16:36:53,True,4.3775,0.01296,12.7859,0.1658,0xd0...20fe,https://bscscan.com/tx/0x974d81830bc5d0ed596aebe1aae71774066b226db3c0bcf18b74d2f36a47ee6c
2023-03-21 16:36:41,True,4.3505,0.01295,35.1388,0.455,0x2d...7822,https://bscscan.com/tx/0x097315bed10bcf134037ca8e2bdbf3bfb9fa88c669e8712f05675a493b02fd85
2023-03-21 16:36:20,True,4.3377,0.01291,73.6581,0.9511,0x2d...7822,https://bscscan.com/tx/0x43b95e709803fbabc380a22881531d7c3e1e8880d911e9444ea3caf4732360c6
2023-03-21 16:36:01,False,4.3075,0.01282,2.99989,0.0384,0x0e...2f4c,https://bscscan.com/tx/0xfda270f619086cc63ff9fd7fb9da54d8090d91559bc856ae6e9f3e7f1d13bd62
2023-03-21 16:35:50,True,4.3476,0.01287,31.1408,0.401,0x2d...7822,https://bscscan.com/tx/0xcfd93b79cdabf0b26e998a72806f14f578065612e117c91809ec6026ae3e7903
2023-03-21 16:35:03,True,4.3409,0.01285,35.4911,0.4562,0x2d...7822,https://bscscan.com/tx/0xdbdf0df49412d300be68812c33908499c7e058b3735e9e195c528a8ccec5ae65
2023-03-21 16:34:08,True,4.3284,0.01282,41.0324,0.5264,0x2d...7822,https://bscscan.com/tx/0xe987afefbc5a4db729f1be27f7026a894336c43fa9b2bad9e947923ecf763978
2023-03-21 16:33:54,True,4.3167,0.01279,53.3618,0.6828,0x67...b7c1,https://bscscan.com/tx/0x185237c22874d0d203632cb7a00a56dd234c262a83ceeed9ac40f3670b21d82d
2023-03-21 16:33:33,True,4.3015,0.01275,71.8261,0.916,0x56...0086,https://bscscan.com/tx/0x2eaebae98ca453ddaa08abde0f5cd86d59e538506a1e6c3b199e70b00ddf452a
2023-03-21 16:33:18,True,4.2887,0.01271,39.0487,0.4965,0x2d...7822,https://bscscan.com/tx/0x0f037db78051c24e1bea4a5622b8546a4ac1804939a3ab11165946ee7fee9460
2023-03-21 16:24:24,False,4.2564,0.01265,39.6828,0.502,0x2d...7822,https://bscscan.com/tx/0x8e3e4a6cfcaa4dc3428d9cf840552a3bbfb055dc47a61c023541b6815b4a56f0
2023-03-21 16:23:36,False,4.2597,0.01267,33.9593,0.4305,0x2d...7822,https://bscscan.com/tx/0xb26db9db04f419139c48827f35a3dc1513748b21e50d67f0301fd0104723a440
2023-03-21 16:19:54,True,4.2671,0.01274,36.8102,0.4689,0x2d...7822,https://bscscan.com/tx/0x117c0218137fc7cf6b253f5fe9c7cce972413183232eb87edf8f85a02d8c6e6e
2023-03-21 16:13:33,False,4.2668,0.01267,35.8841,0.4548,0x2d...7822,https://bscscan.com/tx/0x87080e02e547d248725bc241c42e79bf6d65051c22e0aae4723ebba46d5a35f0
2023-03-21 16:00:48,False,4.2726,0.01269,25.251,0.3206,0xe9...8ba1,https://bscscan.com/tx/0x63be2f8da2fde03540b1ed0e9bcf76131facc7034cd2af20368165ef55978520
2023-03-21 15:51:09,True,4.2727,0.01275,43.7102,0.5574,0x2d...7822,https://bscscan.com/tx/0xd0688bd7f45636327aa6055698a34c28aa3a19145e99e80dac2885649d4b36ed
2023-03-21 15:49:30,False,4.2742,0.01269,50.0,0.6346,0x58...cb9d,https://bscscan.com/tx/0xa4ceb961e4b375dc22c4dbf4d1cb961b9946796a752c7b8bb93e3c72c12f5982
2023-03-21 15:45:03,True,4.2973,0.01276,36.799,0.4695,0x2d...7822,https://bscscan.com/tx/0x3e15a09ce20e98e5aa9dba0e5cb9eaf5aedff6fac22e940b9c05579a895a4a99
2023-03-21 15:41:48,False,4.2728,0.01269,22.0198,0.2794,0x2d...7822,https://bscscan.com/tx/0xd2a94f2a1d2e6748b4473f565fa245ac99adcd5cc46c060d925257781960c3a8
2023-03-21 15:41:42,False,4.2796,0.01271,37.3595,0.4749,0x2d...7822,https://bscscan.com/tx/0xdd587cebda98e297db6141670eb89d53c53d59a9c18ea54f17d2e8dd45feea5f
2023-03-21 15:39:21,False,4.2824,0.01272,4.4281,0.0563,0x2d...7822,https://bscscan.com/tx/0xe7a6e46a335786eac7b6f8d0f9bddb308d937616985f2e18389d87fb4706e0c9
2023-03-21 15:39:18,False,4.2874,0.01274,38.9375,0.4961,0x2d...7822,https://bscscan.com/tx/0x08cf8db256490b7b068e3f9b6f97c05e2f014c30b266200f963372f829fca25b
2023-03-21 15:39:06,False,4.2935,0.01282,199.965,2.56417,0x2d...7822,https://bscscan.com/tx/0x3c0e42098bbd44af50816b85e793f9e9c691122aad1ae966e6371b3783c6fcab
2023-03-21 15:39:06,False,4.3239,0.01291,62.9732,0.8132,0x62...fadf,https://bscscan.com/tx/0x8b35caad83abedff57cc489e8e490b9d9c12e4bd2277999ac3668776259e4d99
2023-03-21 15:39:06,True,4.308,0.01286,385.799,4.96385,0x77...7939,https://bscscan.com/tx/0x9158948393eddc4fb82c307775fe9e948a4db80ea4dc102b2539508e1282b324
2023-03-21 15:36:45,True,4.2793,0.01272,34.1781,0.4348,0x2d...7822,https://bscscan.com/tx/0x5cbb36157ca74b6ba2d669be0a463c80cb84f2e1987044d7c013a181da677da0
2023-03-21 15:34:12,False,4.258,0.01265,14.4487,0.1828,0xdd...4cd0,https://bscscan.com/tx/0xf55307bccef77fac834ccf6c6d7abfe13f19e882f975b5939c4609dd9295a1a6
2023-03-21 15:34:00,True,4.248,0.01269,84.0298,1.06648,0x25...abbc,https://bscscan.com/tx/0x46a7b5033de13926c466e36eb75f0f64f96379af0feb3def415cfb054e5baa0a
2023-03-21 15:32:57,True,4.2544,0.01265,37.6906,0.4768,0x2d...7822,https://bscscan.com/tx/0xbc647f8f7d29963144031e3fd4e6af352c7ae3adfa35b47f9e55bfcd2aeddc7c
2023-03-21 15:31:21,True,4.2238,0.01262,39.4598,0.4981,0x2d...7822,https://bscscan.com/tx/0x98e7605c45d9be8dd988a076bbc83da63f0d9452d7c0b82e24ad1c06af9d8757
2023-03-21 15:26:03,False,4.2072,0.01256,45.221,0.5681,0x2d...7822,https://bscscan.com/tx/0xb5b663acfd98a5d67b599a5409695ef7f2a7df48d3e5a00081e9488611303111
2023-03-21 15:24:24,True,4.2613,0.01264,2.95615,0.0373,0x90...48cd,https://bscscan.com/tx/0xf9d3cd3e0e32dce7722075025b8a89e07918dd87d7d7a06b2333405ac2e49729
2023-03-21 15:24:21,False,4.244,0.01259,38.6379,0.4864,0x2d...7822,https://bscscan.com/tx/0x1e35c1e593675fd6ad68bd76b953c6ccec118a2174b0cfc943ecea81c71bf5f8
2023-03-21 15:23:15,False,4.2521,0.01261,35.3713,0.4461,0x2d...7822,https://bscscan.com/tx/0x655effc8fbb8cf6a8db8937b1bb88706f421cb133d6d4aef56724148d0c15aab
2023-03-21 15:22:48,False,4.2387,0.01263,36.631,0.4629,0x2d...7822,https://bscscan.com/tx/0xb493e23f07dd800d88aa91cf90c1c16cf6a6291f49002050a7db5c89ecfc57fe
2023-03-21 15:17:30,False,4.2676,0.01265,0.0605,7.654e-05,0x2d...7822,https://bscscan.com/tx/0xb56bf62de516fda2b0536ff6160319770c62c6ee979f26548a69137c13dcd633
2023-03-21 15:17:27,False,4.2731,0.01266,48.4032,0.6131,0x2d...7822,https://bscscan.com/tx/0x3482ea313a495c4606f8fe25737717a026ffe2f93c721b56c11567d15d55d620
2023-03-21 15:16:18,False,4.2637,0.0127,49.6337,0.6303,0x2d...7822,https://bscscan.com/tx/0x4d20be66fb5e3026366dabb04a4aff04507b0b643d0568132f5d4f3be518683b
2023-03-21 15:16:18,True,4.2855,0.01276,45.9631,0.5867,0xa9...8cb3,https://bscscan.com/tx/0x511fa3a493e0813bf24d1f5205e763e23968353114d145b7dc2dcc9fccb74335
2023-03-21 15:14:27,False,4.2653,0.01269,36.2735,0.4606,0x2d...7822,https://bscscan.com/tx/0xfdd0163148d0cbabd7ebfa6929c7f9b321bc998f1cb09ec5020f9793ca98f7e7
2023-03-21 15:14:24,False,4.275,0.01272,49.1448,0.6254,0x00...78d2,https://bscscan.com/tx/0x1270d4e117bcf3c9f2237f5018f7e4ddf151b27987ff76aaff08d2a836300d30
2023-03-21 15:06:30,False,4.2879,0.01276,52.1795,0.6659,0x2d...7822,https://bscscan.com/tx/0x67a46eac07f0ccaa0ee2b85c3ac17f14b267a0ee77b8f5a6ef02c82b09054287
2023-03-21 15:06:27,False,4.2983,0.01279,37.6424,0.4815,0x2d...7822,https://bscscan.com/tx/0xcd6a1aa1fcd98cf6838d6c7110c4a95f6dbb2d2be5f610509fb6067f3eb3c989
2023-03-21 15:06:12,False,4.308,0.01281,36.0657,0.4622,0x2d...7822,https://bscscan.com/tx/0xba0e9f4b6d5b2e7a16f6631df9e53261a637e005e2f910e4a592c35eaab3a275
2023-03-21 15:04:45,True,4.3347,0.01289,6.89717,0.0889,0xf8...e57b,https://bscscan.com/tx/0x85bf48ae59beb19de56c93d7f87026215a71924931d48f119b5531e8f6540154
2023-03-21 15:04:12,False,4.3139,0.01282,3.03892,0.0389,0x0e...2f4c,https://bscscan.com/tx/0x5d0e6ccbf5fb9e7bfccaf7961dc1d54b8fe28a0dd4e42e5e2685fc843ddf8179
2023-03-21 15:04:03,True,4.3338,0.01288,17.4932,0.2254,0x2d...7822,https://bscscan.com/tx/0x33ce44c43f5f8cc5dd2d072e554553dc2e413709552b00c6f9a8ac1f441b8902
2023-03-21 15:03:15,True,4.3495,0.01286,34.9034,0.4491,0x2d...7822,https://bscscan.com/tx/0x0049cebd6b9af08116371fc2ab1b998ac56e087d698a0d8cd100ca76919f0d65
2023-03-21 15:01:42,True,4.3434,0.01285,7.52505,0.0967,0x2d...7822,https://bscscan.com/tx/0x30408ed546eb91dd7c5c9dcaebebdb9ac9bcfc5957096accb2e18b1b8c091b0b
2023-03-21 15:01:42,True,4.3367,0.01283,49.4666,0.6348,0xc1...b919,https://bscscan.com/tx/0x109359312b8faf8108061b652b275785b678b1a6e04822677ff6e3041a42fa8f
2023-03-21 15:01:36,True,4.3242,0.01279,58.4943,0.7485,0x00...78d2,https://bscscan.com/tx/0x9610648e55d928713ecc953c4f615ad7d435bed092b345bbce11cd26590fed53
2023-03-21 14:59:06,True,4.3127,0.01277,9.83288,0.1256,0xcc...f46a,https://bscscan.com/tx/0xf3ac2b1c9d205b1d4dacb8899e44a90f707efd4e00cc8e305a70121c1a53e0ce
2023-03-21 14:58:27,True,4.286,0.01275,34.7155,0.4428,0x2d...7822,https://bscscan.com/tx/0xaafe0daf4b7d23fd0287a4052c2cc11190bc1160ec093b684b619e19e8bac70e
2023-03-21 14:52:08,True,4.271,0.01272,51.5717,0.6564,0x00...78d2,https://bscscan.com/tx/0x5bf3f1869abfb939ad826ec2951828e576b09dfda480241f942aa0126580f179
2023-03-21 14:50:05,False,4.2408,0.01264,3.18189,0.0402,0x5a...c774,https://bscscan.com/tx/0xe05aed8bc7db3ba0162473784f7ce58e6ea770b9098bd1044f5757d193eaf207
2023-03-21 14:47:02,True,4.2663,0.01271,2.33236,0.0296,0x5a...e511,https://bscscan.com/tx/0x6297fe94063c8ba74ce3d2f880710f76e05ca9fed54edad84ffb8ae4a383d88f
2023-03-21 14:44:59,True,4.2861,0.01269,36.5372,0.4639,0x2d...7822,https://bscscan.com/tx/0xb575c7214cd1f5af31b581b78062030328c17f7cf10bff0d13ca86aa4655ebad
2023-03-21 14:44:56,True,4.2751,0.01266,59.5578,0.7543,0x0e...7558,https://bscscan.com/tx/0x3f8f2e291b53e9b4485b5558bf404494253570b635d9d7533dbd5d644454b8b7
2023-03-21 14:39:23,False,4.2621,0.0126,52.3033,0.659,0x00...78d2,https://bscscan.com/tx/0xe791dfb2f45fadd5cee6dac143c74d02b36c114aa3190498c9f2f65d61f45636
2023-03-21 14:38:53,False,4.2468,0.01261,0.4164,0.0052,0x2d...7822,https://bscscan.com/tx/0xecfc6d76e4421da513dca6f2813c11e100d712da0a80cac34f5d89989a4b210f
2023-03-21 14:38:50,False,4.2512,0.01263,38.4775,0.486,0x2d...7822,https://bscscan.com/tx/0xd430f840d0727c1c8d4916b62b14ab622e12ef70f39ff6a7f543d9c1825c0a4f
2023-03-21 14:38:05,False,4.2817,0.01265,37.8496,0.479,0x2d...7822,https://bscscan.com/tx/0x4ce6d13ce996d4ea3e0ebc448e182fa9fe6733ff2948da432f7a8a981bdbd2a2
2023-03-21 14:37:41,False,4.2918,0.01268,47.8925,0.6075,0x91...79fe,https://bscscan.com/tx/0x35d6c8d8155a69245fb2f24324e59d12cb3b3a8121c27d4dd755aabccf1fe742
2023-03-21 14:35:11,False,4.2995,0.01271,35.4579,0.4508,0x2d...7822,https://bscscan.com/tx/0x2f4a2c061e1a90f9c63641f72e3b022f6d1156bcaf30ddc2511500336375ca8d
2023-03-21 14:35:11,False,4.3165,0.01276,112.133,1.43137,0x11...a5bc,https://bscscan.com/tx/0x5c9cac18f1ee180d8ca3d5557090e1fc1b918265fa87aa49772afce740415dc3
2023-03-21 14:35:11,True,4.324,0.01278,233.444,2.9851,0x98...e8b2,https://bscscan.com/tx/0x1b3559e0d4121a0eec98a60e91cc330420fa34478b632e2a66ae2e9ff303bdd0
2023-03-21 14:32:46,True,4.2887,0.01268,69.956,0.8873,0xb6...4942,https://bscscan.com/tx/0x89d0f7b9e56e2499967bff0857f0e07c8f4f5686ceba8128619efa7359d05a0d
2023-03-21 14:31:15,True,4.2752,0.01265,14.5076,0.1836,0x2d...7822,https://bscscan.com/tx/0x205e5023bafd144709156ec6cc5106c6530dec509a15ccc1080837bb71c7ca83
2023-03-21 14:31:12,True,4.2691,0.01263,38.3403,0.4845,0x2d...7822,https://bscscan.com/tx/0xf4d21bcc919a9087f0d67f4cfe5e82bf9a04412f9b71a409016b827eada60964
2023-03-21 14:30:57,True,4.2639,0.01262,1.19815,0.0151,0x2d...7822,https://bscscan.com/tx/0xcf73ee2340063b12d39a3a1172054263c7fe0c437dd2c8e34c9a4d4638af9c3b
2023-03-21 14:30:54,True,4.2593,0.01261,39.5004,0.4981,0x2d...7822,https://bscscan.com/tx/0xc97da2f7693fa87c5ac3eb34a80e29d51dba6e98a358e0972e0f956066894135
2023-03-21 14:30:06,True,4.2288,0.01258,40.8685,0.5142,0x2d...7822,https://bscscan.com/tx/0xcec63eb8dce469d6b6e9fda83b1582fb1b5362fec4a38568158cd67b5372d095
2023-03-21 14:29:48,True,4.2196,0.01255,42.962,0.5394,0x2d...7822,https://bscscan.com/tx/0x0afdf10e4b8817d1baf28cbd992c05f3e8cf7c620700e53bdb1f5fc0f5da4f7d
2023-03-21 14:25:15,False,4.1975,0.01249,35.8136,0.4473,0x2d...7822,https://bscscan.com/tx/0xabb20174d90f82e8e11f2fdef6481dd5975d4b16ac42cee13ce8afbe4504777b
2023-03-21 14:25:09,False,4.2065,0.01251,44.5881,0.5581,0x2d...7822,https://bscscan.com/tx/0x6e383e861d17602f52b05e041f8f19bcb1eea2c33902bfcfe9f5b8d72ec57578
2023-03-21 14:23:09,False,4.2162,0.01254,38.7889,0.4866,0x2d...7822,https://bscscan.com/tx/0x904545a8f93eacb43f380e0e3e5230d5ca1866d5bb3d33eebfcdb9adde69cbc8
2023-03-21 14:20:31,False,4.2423,0.01256,13.1961,0.1657,0x2d...7822,https://bscscan.com/tx/0xe5099a15fdd5ea9b59a88f48ce73be52228eba6b09a80bd8dd451909e9490102
2023-03-21 14:20:31,False,4.253,0.01259,80.9198,1.01907,0x11...a5bc,https://bscscan.com/tx/0x226445f52eca8b258d3e85079336eb8b283b5251edaed1691a9b2bea73037adf
2023-03-21 14:20:31,True,4.2728,0.01265,93.6067,1.18435,0xb6...4942,https://bscscan.com/tx/0x0b63b41571d48a51a90d8730f75cad3eea4319633c2ddb71b71a3a2dad378b1f
2023-03-21 14:17:34,False,4.2269,0.01257,37.6024,0.4726,0x2d...7822,https://bscscan.com/tx/0x3fe9e16d3c3f912482947d5d865cc5db7cb56abdd7c80c54bf676ac4779c778f
2023-03-21 14:14:28,True,4.2505,0.01264,8.0,0.1011,0x7d...0dec,https://bscscan.com/tx/0x231571ea34ae93fe7e1012b04424a212883116338fe86c82b86446b9088a8d63
2023-03-21 14:13:28,False,4.2548,0.01259,39.8165,0.5013,0x91...79fe,https://bscscan.com/tx/0x6d8eb40999e3d843069d3748418e89d2477d54b64e0fa4e0e04035eccbb94c3e
2023-03-21 14:13:19,False,4.2613,0.01261,17.7327,0.2236,0x2d...7822,https://bscscan.com/tx/0x97827cba9f475b4130745c2a967c9c5aab3f91bc256d0c0c44a0ea0c22a7eefe
2023-03-21 14:13:19,False,4.2735,0.01264,89.4467,1.13117,0x11...a5bc,https://bscscan.com/tx/0x70070fc4fbaa16bd743fb6dda5ea7dd19f859fd3e3e6b8f40abd28d24293f359
2023-03-21 14:13:19,True,4.2918,0.0127,116.508,1.47971,0x7d...2937,https://bscscan.com/tx/0xc455dca4b3a70b1f85e793ef690b4258408fd7a72b8d7f4160669e920b6042c3
2023-03-21 14:12:31,False,4.2356,0.01259,0.707,0.0089,0x34...8793,https://bscscan.com/tx/0xfc6b7d06df132fc6f8cfe6df2ef4d64f848aae98372cbaf9146da0838de15d77
2023-03-21 14:06:58,True,4.2673,0.01264,46.2757,0.5852,0x2d...7822,https://bscscan.com/tx/0x13a82f3734dd60c56dd00146ced007842e4e5131302fa8fec234977d0c78a31d
2023-03-21 14:06:10,False,4.2264,0.01259,68.6221,0.8639,0xda...6e1f,https://bscscan.com/tx/0x37bbda4e115a36f9fca4f9001e25b3c7d1ba6355f731b8ba5b6c1a74900a4013
2023-03-21 14:06:07,True,4.2454,0.01264,88.4067,1.11805,0x74...62d1,https://bscscan.com/tx/0x01c3949ceda7e6244596df0a3750024e48442cb367e9e86f76a4749ee1c3150d
2023-03-21 14:05:34,False,4.241,0.01256,45.7898,0.5755,0x2d...7822,https://bscscan.com/tx/0x38dd213fc956d1330410b8f1b4bd3e61315e9e54ed039f19d4456c27d9289176
2023-03-21 14:05:19,False,4.2252,0.01258,1.04444,0.0131,0x2d...7822,https://bscscan.com/tx/0xd4464b0898ddbbff51a76ee3eed39573d7f3c9cd743c983cc3b6c73b2f17b7a7
2023-03-21 14:05:16,False,4.252,0.0126,47.1785,0.5945,0x8b...88f6,https://bscscan.com/tx/0xd259b950b72c6f360f667cede768e3101ddbd17f1bdf65a543ae92450dc24bfe
2023-03-21 14:03:49,True,4.2737,0.01266,51.6778,0.6543,0x00...78d2,https://bscscan.com/tx/0x8713448eb67f998ce98ad987df11e18f9ef5e6d58fcfc0ca123b3edd8350743b
2023-03-21 14:03:34,True,4.2622,0.01262,49.6245,0.6266,0xca...34d7,https://bscscan.com/tx/0x9542ae5df5e1039b577da9b00348428f74109558189d51717ae3b651a2aa44fe
2023-03-21 14:00:31,False,4.2143,0.01255,3.27243,0.041,0x90...48cd,https://bscscan.com/tx/0xd3e54a82653c089bf0236ab0569c4fd37b288527ab0dd124902e51a659d59902
2023-03-21 14:00:28,True,4.2302,0.01259,49.5387,0.624,0xaf...847e,https://bscscan.com/tx/0x04c7644de3bf0f9678551b6ce1846f8400a76c3a7a34ae399566c75cc33ef87d
2023-03-21 14:00:25,True,4.2101,0.01253,130.226,1.63268,0x05...7eea,https://bscscan.com/tx/0x58b035786153e023e8756db7911f35a0e87a42eca08a69ee2e96e667c2637e49
2023-03-21 14:00:07,True,4.1911,0.01248,39.3029,0.4905,0x2d...7822,https://bscscan.com/tx/0x7fc4a6d493c1d85b58696d15b6538ee3d5af42657661aaa2b1cfc692d5e759ff
2023-03-21 13:58:52,False,4.167,0.0124,3.39469,0.0421,0x15...f557,https://bscscan.com/tx/0xaad25596e61ad32e4001fe6355729b377b0ad864ff2f592304fd51eca8af5b5d
2023-03-21 13:58:49,True,4.1834,0.01245,43.8344,0.546,0x2d...7822,https://bscscan.com/tx/0xd236edb1ca288c44e1e7c7442a13223313fd4534b79cfd9382852284926f3d44
2023-03-21 13:58:19,True,4.1941,0.01242,37.8596,0.4705,0x2d...7822,https://bscscan.com/tx/0xa0605e66c3c78a943b29604067adad30e19cc7d8893c4f12842415ee4670fb84
2023-03-21 13:56:04,True,4.1791,0.0124,33.7665,0.4188,0x2d...7822,https://bscscan.com/tx/0x4e345b52f4652e23f9dfba051ea1c8978c0e3b2345112a64c8f3c139ce9d1886
2023-03-21 13:55:19,True,4.1494,0.01238,35.531,0.4399,0x2d...7822,https://bscscan.com/tx/0xee2b976fdfa9552f6f3bf61d853c0e656ede21471791e1c9f799a8c2de0fc954
2023-03-21 13:52:55,True,4.1563,0.01235,39.5293,0.4885,0x2d...7822,https://bscscan.com/tx/0xe046b212ac0acc649ff4b7dd96c6c517b0d8aece224419680a0f72c07186df1f
2023-03-21 13:52:52,True,4.1477,0.01233,39.0362,0.4814,0x2d...7822,https://bscscan.com/tx/0x4ca1dd57bde0ec6b920a8793be7d9288ff17e04928e84e353dac5cbb4307ea4e
2023-03-21 13:43:48,False,4.1111,0.01225,2.31994,0.0284,0xd3...7c49,https://bscscan.com/tx/0x8def755bfb71ca5369051d428fa235599e9cf9686a845ae53aa4ce23a88ccb06
2023-03-21 13:43:31,False,4.091,0.01226,3.65372,0.0448,0x15...f557,https://bscscan.com/tx/0x9811da47a60a36aae1236075d6c26a6c675f582d0b2ff2490f53ce3fa552515a
2023-03-21 13:43:22,True,4.1061,0.0123,54.2853,0.668,0x00...78d2,https://bscscan.com/tx/0x5b7498036c3aca6809a1fffc98e5d82fb3c10a2ea81a71b3c16db243a5f00601
2023-03-21 13:43:15,True,4.1156,0.01227,43.8177,0.5378,0xa0...cc8d,https://bscscan.com/tx/0xdc10bbb2264b60582121eaf715ff8baa620bc0f27f1a1cecc1132dd338dbc7ed
2023-03-21 13:43:09,True,4.1069,0.01224,37.1487,0.455,0x2d...7822,https://bscscan.com/tx/0xf735adeb45ef2a8196d583a1e748f49b1a987f61c513aa9e2c04e723e721708c
2023-03-21 13:43:04,True,4.0985,0.01222,41.0331,0.5015,0x2d...7822,https://bscscan.com/tx/0x1ba8d181c5f022ae24f98fc4c1531b5aa5cf4eafdb89ed1da2fcabfccc7091ff
2023-03-21 13:38:49,True,4.0867,0.01219,44.1188,0.538,0x2d...7822,https://bscscan.com/tx/0x4fc03582255ccc7e59e0bad353b62ab71dbdd4fd48606d33f702110adc87b683
2023-03-21 13:38:07,True,4.0757,0.01217,35.444,0.4313,0x2d...7822,https://bscscan.com/tx/0xb4d2233c50f69e30c998bbc851f83c808431adea614f5be9cbf4877751d0afe6
2023-03-21 13:38:04,True,4.0679,0.01214,37.5523,0.4561,0x2d...7822,https://bscscan.com/tx/0xb0a9c1716d483bc187e0d6bad37085b6eabd9eb2873c52b0f9c9fa36bf8da96d
2023-03-21 13:37:52,True,4.0629,0.01213,9.47797,0.1149,0x2d...7822,https://bscscan.com/tx/0x2ebfd1fa11095d2c0f1d971c8276c38a9f1f1cd1ccbd5b14b583472db9520898
2023-03-21 13:37:49,True,4.058,0.01211,37.1484,0.4501,0x2d...7822,https://bscscan.com/tx/0x99a80c4284981c4c4c1afa4972b98d60976c3eecc83552e2d16247cc6802e4a0
2023-03-21 13:32:23,False,4.0145,0.01206,48.0653,0.5797,0x2d...7822,https://bscscan.com/tx/0x50880109fa3edc8cfd417dfba518b58211a4a93a35b43f8fb568fee62c1a3bba
2023-03-21 13:27:37,True,4.0429,0.01213,0.0509,6.185e-05,0x2d...7822,https://bscscan.com/tx/0xcb601e5cfdf396117bfe59344bc7d611c6e96d1ac8f07dce3f19634cb6457c1b
2023-03-21 13:27:34,True,4.0386,0.01212,40.8129,0.4948,0x2d...7822,https://bscscan.com/tx/0x3a7d57b79a0caa6c846196b8460ce9bea107a9b91b072f48c61939bec45adad2
2023-03-21 13:26:10,True,4.0301,0.01209,36.237,0.4384,0x2d...7822,https://bscscan.com/tx/0xcc3afe028188fcc8fbac4e0644679c1e4035e83ff22f2b81952611defb839cf1
2023-03-21 13:22:13,False,4.011,0.01203,36.1734,0.4354,0x2d...7822,https://bscscan.com/tx/0xfdefe3f653be858a753b2681e0a6f05c36376a38abbbc4670559fdfcbfb450ae
2023-03-21 12:53:46,True,4.062,0.01209,36.8011,0.4452,0x2d...7822,https://bscscan.com/tx/0x5a6555264241356b6862007568dc21f5c5661f8b5a5e1cafa95b7ddc54384bde
2023-03-21 12:49:49,True,4.0579,0.01208,4.79168,0.0579,0x2d...7822,https://bscscan.com/tx/0xcb1f498a07b77da5d02e0c82518b88ddb63d2e021d28cfef389f6086f7b03812
2023-03-21 12:49:46,True,4.0534,0.01207,38.0636,0.4595,0x2d...7822,https://bscscan.com/tx/0x5592b2f2d5092c46b47e7405a8ef97e48716337a0609bc99f87ea4917126cf48
2023-03-21 12:40:55,True,4.0474,0.01206,4.89571,0.059,0x14...b438,https://bscscan.com/tx/0x72a2d5a9e573d574bdec1b54bdd3c2edd1b57d64ee86eec6f6a554eaa607d7a5
2023-03-21 12:40:22,True,4.0432,0.01205,14.05,0.1693,0x90...fee0,https://bscscan.com/tx/0xf61983762ff9ea4c88af9c3a3a31d8d691e1e1a2b7384ea8247cf8f42c371dbc
2023-03-21 12:36:25,True,4.0226,0.01205,12.3613,0.1489,0xc6...fed0,https://bscscan.com/tx/0x54f34867fdae2c28e9b34013afd77f2c76e3019e271a42c09bda221d4c1813bc
2023-03-21 12:32:55,False,4.0023,0.01199,35.3592,0.424,0x2d...7822,https://bscscan.com/tx/0xc1ab7c95ebe09fc4ff37fc243a84ec3fa726a0e7192f0cca182f884c866ca7dc
2023-03-21 12:05:01,True,4.0232,0.01205,40.317,0.4858,0x2d...7822,https://bscscan.com/tx/0xeb725cf7677234bb801bf7324f8988dfb086df6f3020697ce8d70a1033a4d9b6
2023-03-21 11:50:04,True,4.0281,0.01203,12.8799,0.1549,0xbb...c106,https://bscscan.com/tx/0x25fcc2313d916a4cfaa21a5dcda418dde8e171e3623892ccd0b13f3428558904
2023-03-21 11:49:40,False,3.9908,0.01198,42.2204,0.5059,0x2d...7822,https://bscscan.com/tx/0xd71b18f4843c8e493058818851ece222a63b4a7f50ed237474060ad88e5a924e
2023-03-21 11:48:16,False,3.997,0.012,19.2293,0.2307,0x2d...7822,https://bscscan.com/tx/0xfd4a3bf23e371b00c2b3552c17024fd5a769be6f5de2d427d5fa669de666197e
2023-03-21 11:48:10,False,4.0024,0.01201,33.4634,0.4021,0x2d...7822,https://bscscan.com/tx/0x68ffea868182df9ad83cf6a7ac66819d975fc9218f73a77dc8a0710e9f5e4f7e
2023-03-21 11:46:40,False,4.009,0.01204,36.5599,0.4401,0x2d...7822,https://bscscan.com/tx/0xe8b4840fd2398a3e875af66845264a488ef68533d6ce9eee4cf9f6d2de3bcb52
2023-03-21 11:24:10,True,4.0444,0.01209,57.3533,0.6936,0x2d...7822,https://bscscan.com/tx/0x644018bd769b2e03bfd3f2629b8039dbadbcde4538e0cd66643bd1eca9da9248
2023-03-21 11:16:55,False,3.9862,0.01201,0.0454,5.464e-05,0x2d...7822,https://bscscan.com/tx/0xc044481da6d5695706a9d6b1c93f34ed89eb476a20e5874cb706d164350512c3
2023-03-21 11:16:52,False,3.99,0.01202,36.3841,0.4375,0x2d...7822,https://bscscan.com/tx/0x885872e3fed4509e34834e28811266754e92335f8fb8231d5ba5aa1525e01a62
2023-03-21 11:15:25,False,4.0155,0.01203,3.00372,0.0361,0x2d...7822,https://bscscan.com/tx/0xa8aacf14097d9904e59d1de17fe8e5427601cd2df0e0697b7962f52b096bf384
2023-03-21 11:15:22,False,4.0005,0.01205,45.1731,0.5445,0x2d...7822,https://bscscan.com/tx/0x7e9db64e0f2a23e15c73c05dc3365f1197488de565c964c2559ffe5848c6e808
2023-03-21 11:13:37,True,4.0205,0.01211,42.7341,0.5177,0x2d...7822,https://bscscan.com/tx/0x5eedef35b5fa3e91c093fdf2901162f0fb7aeb5da00d788fc266ecc9e24e4394
2023-03-21 11:12:46,True,4.0325,0.01209,38.0982,0.4606,0x2d...7822,https://bscscan.com/tx/0x8c6b76430a95586a941a51984580af0467a6dd377f8b96564f5bc99e86b7ab14
2023-03-21 11:11:47,True,4.0248,0.01206,40.3612,0.4869,0x2d...7822,https://bscscan.com/tx/0x02a761f668a9470d88ab61bb610673519b9a6dd08ae7d3c43a797d0d4ebd2931
2023-03-21 11:06:05,True,4.0155,0.01204,36.1729,0.4355,0x2d...7822,https://bscscan.com/tx/0x407743f7365b148f5c5230033fa628ea34575116db45487c2f1bd9d11b5cdf10
2023-03-21 11:00:05,False,3.9965,0.01198,54.0992,0.6484,0x00...78d2,https://bscscan.com/tx/0x443133dfadb0450533122f862fdf932b39ae255d20c1ffa33c80595bff7757da
2023-03-21 10:52:27,False,3.9904,0.01202,54.8334,0.6591,0x00...78d2,https://bscscan.com/tx/0x174571830392c1e49202ef8dcf1dcd53dffe0987e1c575c086ef9b0eb2014049
2023-03-21 10:51:46,False,4.0222,0.01205,52.9914,0.6387,0x8b...88f6,https://bscscan.com/tx/0x4bb346f3db2392865f546a5267acb1362afa116be7deef0ac1a3776850db2c9e
2023-03-21 10:49:52,False,4.0152,0.01208,54.2009,0.6552,0x8b...88f6,https://bscscan.com/tx/0xef00eac876ee93221ba725a1d600898fdaca44972bd97ea3d90bc76409cb75d6
2023-03-21 10:47:52,True,4.0587,0.01215,23.6316,0.2873,0x2d...7822,https://bscscan.com/tx/0x865c1c1f81fab8f0f71bd2847b128eff2c3825524cba8eb02ea200b95cac647b
2023-03-21 10:47:49,True,4.0523,0.01213,37.3485,0.4533,0x2d...7822,https://bscscan.com/tx/0xe1f4c0ed74e89248aca271beaa190989c088fd2e2e36c184fdb25f26962c24dd
2023-03-21 10:47:31,True,4.0277,0.01212,4.15498,0.0503,0x2d...7822,https://bscscan.com/tx/0x0f67aa8170fe2c6d2feff5912fb4223390ad3f51bba238fa1b83d2226db60c47
2023-03-21 10:47:25,True,4.0222,0.01211,47.9986,0.5812,0x2d...7822,https://bscscan.com/tx/0x06e097e6d2a6a0d91c7b5b32668075495f46de338bee1a7e4163f5e5e42a462a
2023-03-21 10:46:34,True,4.0351,0.01208,18.3948,0.2223,0x17...272e,https://bscscan.com/tx/0xa71029f558b6c7fae29ed8bf576fd94f739e2ada0146d20ce95667b4680161d0
2023-03-21 10:46:31,True,4.0332,0.01208,0.0451,5.454e-05,0x2d...7822,https://bscscan.com/tx/0x4849565f550755b6ab021d6e4474433fe3465b6e9a3fbc71e80e38b6105a4583
2023-03-21 10:46:28,True,4.0294,0.01207,36.1481,0.4363,0x2d...7822,https://bscscan.com/tx/0xc7e65a83f21d40ed9473d2a98b2c116c592a7e499522e99c987fa6f1f9a7ed78
2023-03-21 10:45:31,True,4.0001,0.01205,3.70475,0.0446,0x2d...7822,https://bscscan.com/tx/0xb0b584b754303450723a2cb536c22a3230b3191cd3ef4e622826713962a00268
2023-03-21 10:45:28,True,3.9964,0.01204,32.1959,0.3878,0x2d...7822,https://bscscan.com/tx/0x97152b899bc6b3afd3f8e837c55a74647eb04fc3bde0ad0517804b66819e1149
2023-03-21 10:45:25,True,3.9871,0.01202,57.1526,0.6869,0x8b...88f6,https://bscscan.com/tx/0x73a2fe042130c16cdb9a5d1a67047912cc2091ac029b2ba1bf320ad8f4b1d8dc
2023-03-21 10:44:13,True,3.9941,0.01198,42.8086,0.5132,0x2d...7822,https://bscscan.com/tx/0x194b42c99b87fdd70f270a5305abdcb750da7f4e976d2dd261051b7f793b6b22
2023-03-21 10:43:55,False,3.9717,0.01192,18.7735,0.2238,0x49...e1e8,https://bscscan.com/tx/0x31749dba326cc28ae5b524181866d07eb9f7c0f233d0b1b249286082e1efcc7b
2023-03-21 10:43:34,True,3.9641,0.01197,44.4101,0.5317,0x2d...7822,https://bscscan.com/tx/0x5a9f31135034f7c4bb7db0db0d6fb3d3d325810f9c510cfe3d7804996087baa4
2023-03-21 10:43:10,True,3.9789,0.01195,3.03782,0.0363,0x2d...7822,https://bscscan.com/tx/0x90faf8208c1b2bd49a9011d6dbf49ef92a0d62c00a42a7466422c586aefc4aaa
2023-03-21 10:43:04,True,3.954,0.01194,46.6918,0.5576,0x2d...7822,https://bscscan.com/tx/0x1d086c82ad31bf1e522b2524a38c17244bf141b72370424bc15a4802467742f1
2023-03-21 10:42:58,True,3.9435,0.01191,55.7358,0.6638,0x2d...7822,https://bscscan.com/tx/0xbe8c17cb6f9125a3a5db7075f014274f0410963a103505ab334e012768e64fca
2023-03-21 10:32:58,True,3.9325,0.01189,1.55511,0.0185,0xfb...7936,https://bscscan.com/tx/0x7b061d72c7cff906aee92f8ae078d9db55f122df1d7d974ca18ac88933897d18
2023-03-21 10:32:55,False,3.9133,0.01183,4.98083,0.0589,0x2d...7822,https://bscscan.com/tx/0xe42ca4cca8e57837008c67cc1ad567db08aef5fe2cafa0b631427cee7e1e332f
2023-03-21 10:32:52,False,3.9173,0.01184,35.3675,0.419,0x2d...7822,https://bscscan.com/tx/0xb4e9f5a9837ba80e34f0770663f65d9e8dbd5a635542a666e3487a249fbcfbb3
2023-03-21 10:31:40,False,3.9247,0.01187,40.6329,0.4823,0x2d...7822,https://bscscan.com/tx/0x82adf1cfc83444e3c1fea80e6905ebea1afd09141711eb4a5dd66929e5ab7875
2023-03-21 10:30:07,True,3.9652,0.01193,25.0,0.2983,0x58...4200,https://bscscan.com/tx/0x6d23fbfc990292f8a2485210ab5a29eea7bfb9efafcbabb091fb8f51529566dc
2023-03-21 10:27:40,False,3.9435,0.01188,42.8096,0.5086,0x2d...7822,https://bscscan.com/tx/0x2a9790d310e21221251fcf1f842d10762154714637964c6ccade62d3819b417e
2023-03-21 10:23:28,False,3.931,0.0119,26.0875,0.3105,0xd1...0acd,https://bscscan.com/tx/0x6487d54cd92518b5f67b4735a2de217974b3eff492e6a68cfa32f201639e4aad
2023-03-21 10:19:16,False,3.9638,0.01192,35.6482,0.4249,0x2d...7822,https://bscscan.com/tx/0xab5c46ef6b44e8581e391fe670930fe160c4eb63f573c1ecf8e10e18fa7226e5
2023-03-21 10:16:34,True,3.982,0.01198,37.7993,0.4528,0x2d...7822,https://bscscan.com/tx/0xf32256480338e78fcd3261cc1a5ef493b543f4d82fc1f7ee8660abc79fd8d667
2023-03-21 10:07:55,True,3.9755,0.01195,37.8249,0.4522,0x2d...7822,https://bscscan.com/tx/0x32478686506841d1db151d47e776f9c700207aeca077dbdf6b7d22bafafcabd9
2023-03-21 10:07:31,True,3.9501,0.01194,15.5955,0.1862,0x2d...7822,https://bscscan.com/tx/0x672ac14423af31467ad3e67521d69b97b8a0c2d34f9dcdc63443c3d8fcd0a45d
2023-03-21 10:07:28,True,3.9443,0.01192,41.6249,0.4962,0x2d...7822,https://bscscan.com/tx/0x681f8e9689fe4bc5e48f59fc9cb9052356a658586248595a957b1452cf66d3cb
2023-03-21 10:06:55,True,3.9348,0.01189,49.372,0.5872,0x7a...c707,https://bscscan.com/tx/0xb5da67dfa923891139a60203408f1ef85ebcaa07fe954a0ed0637c0132a26e8f
2023-03-21 10:06:10,True,3.9247,0.01186,50.4737,0.5988,0xf9...5ebf,https://bscscan.com/tx/0x7d5e0ed8ef8a410e58109dae3ef54a28ad393a0b325c5a1755cd42f9eb5c718e
2023-03-21 10:04:07,True,3.9331,0.01183,38.4782,0.4554,0x2d...7822,https://bscscan.com/tx/0x18c217677b28c6d8dac6fecc2aff71bcaf6588bd4397df25c692f0e0a9a73205
2023-03-21 09:50:04,True,3.8821,0.0118,82.6918,0.9757,0x3e...e988,https://bscscan.com/tx/0x5952a5a4ba68bf7a26a2dabd0ca1a68f5f886975c14e02806d67c7735ceae052
2023-03-21 09:47:31,False,3.8644,0.01172,40.9905,0.4807,0x2d...7822,https://bscscan.com/tx/0x77544bfd25930169a96037b0f0af024e0a3958c5eca2ec332adeee730590e25e
2023-03-21 09:45:34,False,3.8718,0.01175,40.0125,0.4702,0x2d...7822,https://bscscan.com/tx/0xd247e82af9d29366aa1c7b5f8e6a9860cda2361d5ac8cc52347f3829eba65f4a
2023-03-21 09:43:58,False,3.8775,0.01177,32.7043,0.385,0x2d...7822,https://bscscan.com/tx/0x2a65d77e86d4310c536d55503b32a330f01c35cf9e69531a1055b6d31d982184
2023-03-21 09:25:29,True,3.898,0.01184,3.10357,0.0367,0xe6...4137,https://bscscan.com/tx/0x2e130e57abc44cf1f0835e5840954ee9f1fb389c17ef8b29bde7628b03e0a65c
2023-03-21 09:24:47,False,3.8658,0.0118,59.5914,0.7032,0x2d...7822,https://bscscan.com/tx/0xf5345813aad79c745482b30b37ecd809c08eb8946b0eeaa122c5d86dd3bf55ea
2023-03-21 09:21:08,False,3.8982,0.01183,64.6868,0.7658,0xee...ceb9,https://bscscan.com/tx/0xe157fb6690151a3354197cc52440cf479f7fa4845da8549aad751bb52232747f
2023-03-21 09:20:14,False,3.8895,0.01187,38.6269,0.4585,0x2d...7822,https://bscscan.com/tx/0x5811bf179f88d69d070faa11eaf731a80873918c7f81c9ad95e8a7a04df1b450
2023-03-21 09:17:05,False,3.8947,0.01189,40.7661,0.4849,0x2d...7822,https://bscscan.com/tx/0x1fe5ea17398670e1f52f12c76ed8d748c8baaf4dd98087af78a340cd930a68c6
2023-03-21 09:00:41,True,3.9208,0.01195,40.3091,0.4818,0x2d...7822,https://bscscan.com/tx/0xa937177cb442cf32f5c1ca5ab3df424dc22ce12fef09d293ac7309b5dfb0b728
2023-03-21 09:00:29,True,3.9126,0.01193,38.3097,0.457,0x2d...7822,https://bscscan.com/tx/0xfcefee1d3b96200a2c8416475e01acfc46bbde77744b1b5b5862ab3f0ae7c555
2023-03-21 09:00:17,True,3.9243,0.0119,40.2643,0.4793,0x2d...7822,https://bscscan.com/tx/0xab430ac62f694a6f1800043759d613021ea5d25b89d74f7bc180c16d0b08b726
2023-03-21 08:38:35,False,3.8848,0.01184,38.9282,0.4611,0x2d...7822,https://bscscan.com/tx/0xe5c77d24e8f2330ea32d9ec33934a1b28355fbf503164c67637ae23e27a8182c
2023-03-21 08:38:20,False,3.8929,0.01187,40.6533,0.4825,0x2d...7822,https://bscscan.com/tx/0x5cd211f50d16599378a7f82087ccd599325511e550621e3e915f3866b605aaf2
2023-03-21 08:37:17,False,3.9208,0.01189,42.9518,0.5109,0x2d...7822,https://bscscan.com/tx/0xf39ff46df406a83eb1bed99c908787fd0a092a1228818e4dc71dae7e98570e96
2023-03-21 08:36:35,True,3.9466,0.01196,3.32949,0.0398,0x38...28dc,https://bscscan.com/tx/0x3745ed6d73f843cbdc67a5113c450272a86a0801dbec88e826e1ce7857399bb2
2023-03-21 08:36:32,False,3.9306,0.01192,39.6605,0.4727,0x2d...7822,https://bscscan.com/tx/0x66576c9162167854053905555d560f8e65f872ee12a7dde1666a1651dbfdfc50
2023-03-21 08:35:50,False,3.9191,0.01194,36.2495,0.4329,0x2d...7822,https://bscscan.com/tx/0x6d8275f43ffd52b7cb4abe67e188ae0ebf74b82ea96abb74c968462164d50550
2023-03-21 08:14:19,False,3.9202,0.01196,41.4193,0.4956,0x2d...7822,https://bscscan.com/tx/0x9c6cff9bae5cbc5e243501de7617e2879a48df55b308194ee886db00bbadea43
2023-03-21 08:13:04,False,3.958,0.01199,55.4936,0.6657,0x2d...7822,https://bscscan.com/tx/0xba923f82724be06758b92adca069882e546ca32e7cacb3e995cbd3528e26a722
2023-03-21 08:11:40,False,3.9675,0.01202,37.0272,0.4453,0x2d...7822,https://bscscan.com/tx/0xdee58a643a30bbe07a7b3a95e310a9f36d127a247a5718923e30cb839fc7265b
2023-03-21 08:11:22,False,3.9752,0.01204,36.032,0.4341,0x2d...7822,https://bscscan.com/tx/0x0f1d3b35c70782fa4ebb93b167858d9cf460a5097f6350ff86fb7c0054ef81d2
2023-03-21 08:07:55,False,4.0105,0.01207,41.2008,0.4974,0x2d...7822,https://bscscan.com/tx/0xce06fa2f33a9cdc951c3504190f5661453fefd7b27688d4778a59d3eb4b7047f
2023-03-21 08:06:52,False,4.0212,0.01209,33.5675,0.406,0x2d...7822,https://bscscan.com/tx/0xad37a39959f7728ccce6fb27fb5b889895df9be5bfb7b293aecc87144534963b
2023-03-21 08:04:37,False,4.0086,0.01211,36.9648,0.4479,0x2d...7822,https://bscscan.com/tx/0xc544e4dc375cb7653386d198a0ba86a8843c3fe09175b996ec29efdb8fe8de3f
2023-03-21 08:02:10,False,4.0194,0.01214,56.0274,0.6806,0x2d...7822,https://bscscan.com/tx/0x3cb621fab78a26a52dd539fba77efa007d38aa51a0d2a476b32751161fa8ce3b
2023-03-21 07:55:38,False,4.0496,0.01217,40.2079,0.4897,0x2d...7822,https://bscscan.com/tx/0xcd2ca35e0a8a42fbfe3d720dc5449be3c3e558b2825ec86e60086a2e2db4d469
2023-03-21 07:50:59,False,4.0401,0.0122,45.5138,0.5555,0x2d...7822,https://bscscan.com/tx/0x8ad39162aa5a457ae890cb021b48aa72330ae4bcfa49eea90e54a522668be2ec
2023-03-21 07:46:29,False,4.0662,0.01223,33.5396,0.4102,0x2d...7822,https://bscscan.com/tx/0xaa8926cc01d0e07834e6d4d1d2be79a44f5cb6d65477ad9cf67431e8a51f92a6
2023-03-21 07:43:23,True,4.06,0.01227,96.2775,1.18162,0xf1...135a,https://bscscan.com/tx/0x623a110a6bdd7ee48b0146d28a7ffad88c5bb2b45641e8fa2dca22cc315431de
2023-03-21 07:41:41,True,4.0655,0.01223,38.1176,0.4661,0x2d...7822,https://bscscan.com/tx/0xa44792366c248614a3483d1e9ae9ebdec303a4b97056b1023d7183f360bb4bff
2023-03-21 07:36:59,False,4.0213,0.01215,3.07247,0.0373,0x6f...1a36,https://bscscan.com/tx/0x19d7b73b03749a82a49f358f10e47d367c7b3bb3b8704cfce2361c4253b85238
2023-03-21 07:36:20,True,4.0378,0.0122,37.7126,0.4603,0x2d...7822,https://bscscan.com/tx/0xb997573f0a12276796658f726ac2d1e42ce9fd28490256f52d9e0adf531a6098
2023-03-21 07:35:44,True,4.0306,0.01218,34.1049,0.4155,0x2d...7822,https://bscscan.com/tx/0x9fab6b1a9692d4ac69bcdf3f8eceeb06bbf1c55d3f772b7a6497b47bfd3860e0
2023-03-21 07:35:14,True,4.0229,0.01216,37.3195,0.4538,0x2d...7822,https://bscscan.com/tx/0x51df6ae99f67c6c196a88c875990efb9dec6bb5c9624d35f962ae3ce8dec7eaf
2023-03-21 07:25:11,False,4.0066,0.0121,50.7355,0.6141,0x8b...88f6,https://bscscan.com/tx/0x6227642a995918c04a7e2a0ab38f7de7e4d2b4e5c437255fa285543e4965937f
2023-03-21 07:23:29,False,4.0343,0.01213,40.2758,0.4887,0x2d...7822,https://bscscan.com/tx/0xcadbac66e0b9209b4a2d9b6666b5009b656d98214e5534f86d2a763caaea6da3
2023-03-21 07:18:49,True,4.0546,0.01219,35.742,0.4359,0x2d...7822,https://bscscan.com/tx/0x6524e5a6c8b960ddee6aebc36651ae5c0689cc4b5d664703ac3b6a760e81c0f8
2023-03-21 07:18:18,True,4.0256,0.01217,42.7122,0.5198,0x2d...7822,https://bscscan.com/tx/0x354913f233ea04c3b6c12ce0a2e2783a8762743e7e76e3bc8cbc1dca66067677
2023-03-21 07:18:12,True,4.0177,0.01214,33.3045,0.4045,0x2d...7822,https://bscscan.com/tx/0x72912a5f11f3f124bbcd20cb567125169105a89f97d849f833144d6668bb5cb3
2023-03-21 07:18:01,True,4.0299,0.01212,38.1776,0.4628,0x2d...7822,https://bscscan.com/tx/0x9968a77f99f613b00b7d1b1cdee951355c957fd67713781f21b715bdc885ccc6
2023-03-21 07:16:39,True,4.0201,0.0121,36.9718,0.4473,0x2d...7822,https://bscscan.com/tx/0xeaf0fce2404398f3d99040a7f4d643a1195577fb3f713ee6394340425d14724a
2023-03-21 07:15:54,False,3.9959,0.01203,3.49897,0.042,0x0e...2f4c,https://bscscan.com/tx/0xdcf8ed3c14450ff2abf5f42da99cc3b6deb1fb9e5c266d139435b01515fb8dd7
2023-03-21 07:15:42,True,4.0112,0.01207,50.0052,0.6038,0x2d...7822,https://bscscan.com/tx/0xa2f6e63121993a0606e3dcc5d1388b0e6c766e6babe5416c1ca94765020f9761
2023-03-21 07:13:15,True,3.978,0.01204,36.5501,0.4403,0x2d...7822,https://bscscan.com/tx/0xdea5b84a3805863a6377fde6c0a9098e95b2b0c8bf4b9ccd821e1c1dc8d4c83c
2023-03-21 07:10:36,True,3.9912,0.01202,39.6289,0.4765,0x2d...7822,https://bscscan.com/tx/0xeec423f815d97c13fd988b41ff15b0c68999d6715189e3cbc772dc0bbb437fe3
2023-03-21 07:05:15,True,3.9676,0.012,36.8297,0.4419,0x2d...7822,https://bscscan.com/tx/0x02056e419008239520da89b5a23b86a5be18c8f23994791d46895b0fae489353
2023-03-21 07:03:54,True,3.9593,0.01197,36.7341,0.4399,0x2d...7822,https://bscscan.com/tx/0x22638a0a7172f5546ec237dcda7435aeee8a69ad771532b8aaa05a6e263faa00
2023-03-21 06:58:17,True,3.9692,0.01195,36.5124,0.4365,0x2d...7822,https://bscscan.com/tx/0x1937a0daf46b181cd7de1dee7abe5c42ef00eba088650cd0da1f8e15d46e5265
2023-03-21 06:57:33,True,3.9808,0.01193,34.4,0.4105,0x2d...7822,https://bscscan.com/tx/0x6708b30ec413ecacaa323a7af00049d51071b147d295516ee8d569fbf0ae942c
2023-03-21 06:47:18,True,3.9787,0.01191,12.567,0.1497,0x1c...7d73,https://bscscan.com/tx/0xdc14c6522cd830d46bec2e78f5ac6555e60ab8b1a5683edcc48d36a35153d6e0
2023-03-21 06:42:12,False,3.97,0.01186,38.8855,0.4614,0x2d...7822,https://bscscan.com/tx/0xef268ccf2d6b9f61a92ff22d2f1630f51ec6e64293f7969a929ca684958d7081
2023-03-21 06:36:03,False,3.9878,0.01189,38.979,0.4635,0x2d...7822,https://bscscan.com/tx/0x89ddfec85a6fb6edd8795be802693d2b65da5ad38161c367032738342f76ece8
2023-03-21 06:35:18,False,3.976,0.01191,36.5951,0.436,0x2d...7822,https://bscscan.com/tx/0xe7e8b9e2893e66ec40cbbcbd50cc47163d1abe6d3a0936b0c381f112586ba7f0
2023-03-21 06:25:51,False,3.9828,0.01192,3.57652,0.0426,0x19...b323,https://bscscan.com/tx/0x6e7cbbc320c523f9c8ceed6a59893b0c847434743bb1ae10c5c42d17dee15694
2023-03-21 06:01:03,True,4.0021,0.01198,20.0,0.2396,0x0f...2b78,https://bscscan.com/tx/0x55670710ca7dd961e819814d88d71a237d716b8d6a07f9e05e5c4f98758da52e
2023-03-21 05:58:09,True,4.0152,0.01196,39.8187,0.4763,0x2d...7822,https://bscscan.com/tx/0x8ea9a2accbc79a01e034984c0365e884d876b9a1ce4d8c1fbd712d8ad7a01c93
2023-03-21 05:50:18,True,4.0033,0.01193,40.388,0.4821,0x2d...7822,https://bscscan.com/tx/0xbe3a8323e2d7815cbd4d98c5aac6844a3a1d97a0368a13ef0fba70a10b871bb9
2023-03-21 05:41:27,False,3.986,0.01187,40.8803,0.4855,0x2d...7822,https://bscscan.com/tx/0x038933d658700652de4d8d33221c37791fd4d3dbd4d22e5bcf399bb7c88162e3
2023-03-21 05:37:25,False,3.9947,0.0119,39.1759,0.4663,0x2d...7822,https://bscscan.com/tx/0x8c6ef9eabb7981085761e00796ae49b9a28bb4bb5bcecd9c8661e0261e9aa16a
2023-03-21 05:32:22,False,3.9969,0.01196,166.185,1.98869,0x2d...7822,https://bscscan.com/tx/0xf90ccddaa5b82d4a71b9b39848349d875f962cd832c15aacb5508cdd101d6afb
2023-03-21 05:32:22,True,4.0084,0.012,247.874,2.97474,0x0c...8513,https://bscscan.com/tx/0x2365f6f699faf34e09b8f45d71e83fdc1a9ddc003c9e2fdce50ff5a2d1e393dc
2023-03-21 05:28:22,False,3.9864,0.01187,43.7275,0.5193,0x2d...7822,https://bscscan.com/tx/0x2613b9268cd4852c3e7e5713eec70379e8dbd004e2221b6b8037442079460a55
2023-03-21 05:25:40,False,3.9955,0.0119,39.5699,0.471,0x2d...7822,https://bscscan.com/tx/0x78a0a2a0b0ce172c9ef9f3f28e653274ac3d2c789fbaa517203f78c96b3a9988
2023-03-21 05:05:40,True,3.9892,0.01196,37.5188,0.4488,0x2d...7822,https://bscscan.com/tx/0xf445c6b5e5bcc00b008197f2d139bb361547f575ff61a7f961b24a73a44a68ad
2023-03-21 05:03:16,True,4.0003,0.01194,37.9982,0.4537,0x2d...7822,https://bscscan.com/tx/0x1b24b23bd8620f456f5a3f8f1ee0083029d45d4807d22fc410d44f77cfc43add
2023-03-21 04:29:30,True,3.9957,0.01191,36.2533,0.432,0x2d...7822,https://bscscan.com/tx/0x703d71a4378506766d065a71b71ffa682de83124057f16a7eb47c0df55a2f7cb
2023-03-21 04:29:21,False,3.9801,0.01187,96.9395,1.15074,0x74...62d1,https://bscscan.com/tx/0x21a31181768b82ef87a113ff0e2da56c3fe56f504e02e78de2e9002ef7e32f84
2023-03-21 04:06:08,True,3.992,0.01195,38.7439,0.4631,0x2d...7822,https://bscscan.com/tx/0xa948ceb46e36da097c8788ab9361d4ef55050d17ea94a857c38d532c3996f24a
2023-03-21 04:05:31,True,4.0031,0.01192,42.666,0.5089,0x2d...7822,https://bscscan.com/tx/0x785a685e2c4385676aa1c995ffd9f3b97b5719f78ba8e2afcccc56a9e836080e
2023-03-21 03:47:31,False,3.9801,0.01186,39.8299,0.4727,0x2d...7822,https://bscscan.com/tx/0xc77036802e2bd0aeff5b6742445e0aa104a40d731264e4359306e46fa839530c
2023-03-21 03:41:40,False,3.9868,0.01189,37.48,0.4457,0x2d...7822,https://bscscan.com/tx/0x8e94f26b1d09728c4bd1c68a1e56cd6eeb472bfc19bc2a6e35bef9618c6f2b94
2023-03-21 03:41:28,True,3.9887,0.01196,12.4891,0.1493,0x1c...7d73,https://bscscan.com/tx/0xb1b2adcb2f52f39b05da8b4645bd92d93015dba8ccc9990c73e06b58e3509196
2023-03-21 03:38:22,False,3.9676,0.0119,35.7688,0.4259,0x2d...7822,https://bscscan.com/tx/0xbabb7c670c9d9a43cd3a93d3609b8e650cedfce78aa7420c59e1ed449ef95c15
2023-03-21 03:34:55,False,3.9927,0.01192,36.5642,0.4361,0x2d...7822,https://bscscan.com/tx/0xbac11717a50379a8a968edf5b9816d9063c996386491edf8a2b069e9f8e03a17
2023-03-21 03:26:58,True,3.9961,0.01198,47.2442,0.5662,0x2d...7822,https://bscscan.com/tx/0x088f528fb0fb0bc0f43596a11beabebbcad6d1f8306a66dd8d5a0ae01f8d29eb
2023-03-21 03:22:37,True,4.0044,0.01195,37.8163,0.4522,0x2d...7822,https://bscscan.com/tx/0xe2b0ede81e55ba9fefbe0795da50c1657b6208b426b0840bad1dd9885a187c6b
2023-03-21 03:19:19,True,3.9818,0.01194,24.9439,0.2978,0x2d...2048,https://bscscan.com/tx/0x62bdf3d6055a5250c5157fc5b19e3292be5966378760c33ed36b573854e4cd60
2023-03-21 03:09:15,False,3.9714,0.01188,37.6161,0.447,0x62...1f10,https://bscscan.com/tx/0x78640dbe42ab85685bce4845e8e8810021f4ae8a0ef52ac3eefe2e576167ded5
2023-03-21 02:46:07,True,4.0102,0.01194,51.0107,0.609,0x2d...7822,https://bscscan.com/tx/0x501afd40ea7173655cb53be0809124cc6f6884c08cde07e0bec34d7e1f244876
2023-03-21 02:45:28,True,4.0006,0.01191,37.7157,0.4492,0x2d...7822,https://bscscan.com/tx/0xb7887b29775529a8e56ec21894602f01e8fee488c3ca28ae7c59d3196208ccf8
2023-03-21 02:42:19,True,3.9898,0.01188,40.737,0.4842,0x2d...7822,https://bscscan.com/tx/0xf22cf19c474ef06774576980d5f00ec3e33ec331734a18f6b5e269dc79dc10f5
2023-03-21 02:30:53,False,3.9315,0.01182,35.7625,0.4229,0x2d...7822,https://bscscan.com/tx/0x4df8c6be367a6b70bf244865e8e7ddb2819d875369f5d364f32de16cb5987f26
2023-03-21 02:29:32,False,3.9559,0.01184,16.9188,0.2003,0x2d...7822,https://bscscan.com/tx/0x687bce4f8b0f0b7d5d96a3fe089cfe29f93adecc48eb5085e1f8d0513aed5e89
2023-03-21 02:29:32,False,3.9653,0.01187,75.3212,0.8941,0x00...78d2,https://bscscan.com/tx/0x89366b4944da60cec0fb2bd53a726d227ba2e5e647b699540e8510f084cdb00d
2023-03-21 02:29:29,True,3.9765,0.0119,178.892,2.12974,0x23...91f0,https://bscscan.com/tx/0xbca5abf01647e9ea92926f3721ae13c5e7199f5e153730146ee090dff9b087db
2023-03-21 02:19:56,True,3.9483,0.01182,51.3128,0.6069,0xa0...cc8d,https://bscscan.com/tx/0xbcfcca76e725c8836fad1ff9881d0d990e856b429a6b024444e90f7d275bbd60
2023-03-21 02:14:01,True,3.9424,0.01181,0.8204,0.0096,0xd3...7c49,https://bscscan.com/tx/0x0bb04d372a49c098dde563ea5cb7e558082c458e6306d2496b4aa14047b29501
2023-03-21 02:13:28,False,3.924,0.01175,10.3819,0.122,0x1a...6f87,https://bscscan.com/tx/0x684f2e288ec9c4c1b613a91e70532ed6916e0f862585ad0aa011b3ea01c1def5
2023-03-21 02:13:16,False,3.9121,0.01177,38.8736,0.4576,0x2d...7822,https://bscscan.com/tx/0xaa1462d2d23cb928737ce497f8064eae63ab83f6d33578c911b59b859b2c6d98
2023-03-21 02:13:10,False,3.9195,0.01179,34.663,0.4088,0x2d...7822,https://bscscan.com/tx/0x79d66fa92997d0ad6e5659f4aee8094f01039de05ea7f3e69a60104550595327
2023-03-21 02:12:58,False,3.9474,0.01181,36.8338,0.4352,0x2d...7822,https://bscscan.com/tx/0xe6032ac963a5416f02c0c80d9fd45784cd0115e054b2815ac153c8502b051700
2023-03-21 02:12:22,False,3.9591,0.01183,39.353,0.4658,0x2d...7822,https://bscscan.com/tx/0x8c6c7e724d30dec2f722da36b289efe25ac34f4ef0c68bf086e005bd421880c0
2023-03-21 02:12:07,False,3.9675,0.01186,42.3144,0.502,0x2d...7822,https://bscscan.com/tx/0xde02a6de13d7844370fab3f3c5723f0a991de74d134d40d94315ae0ed00e5bc1
2023-03-21 02:11:37,False,3.9569,0.01189,45.9132,0.5459,0x2d...7822,https://bscscan.com/tx/0xbc922d11ba0894cba145fc07656050b750340f66302de567121fbc77f0eb7edb
2023-03-21 02:10:49,False,3.9646,0.01191,34.1517,0.4069,0x2d...7822,https://bscscan.com/tx/0xc0e1b9c72b905d9ffeb6e69e64caf951122d01f594309a17e46a080c9a80fafe
2023-03-21 02:09:46,False,3.9744,0.01194,53.4,0.6377,0x7a...c707,https://bscscan.com/tx/0xe957d9e654a2669d0f50dfb20e94dacfb1882c469c22c44216bd5ce81b6fbec5
2023-03-21 02:07:19,False,4.0028,0.01197,33.8032,0.4046,0x2d...7822,https://bscscan.com/tx/0xaad9442d214ad1ae9c17f7b73b96111c55328f80eb19d44ba1af536b32a13da8
2023-03-21 02:05:37,False,3.9948,0.01199,36.1034,0.4329,0x2d...7822,https://bscscan.com/tx/0xd885f91c4eb1d5dc1f009c0f318d81bc05a89833a4941f5a32c1834bc31a0f42
2023-03-21 01:49:43,True,4.0449,0.01206,17.1454,0.2068,0x14...b438,https://bscscan.com/tx/0xe6b30bd7a1dd8d7c30348e6accd78f7ba24a7b897230377d124bfeaa7aa3daac
2023-03-21 01:48:25,True,4.0376,0.01204,39.0459,0.4701,0x2d...7822,https://bscscan.com/tx/0x6efc9ce3ed95b5e151591667bc15116bdf99f2bdb10ab7b0b7b7a5f84f63da76
2023-03-21 01:41:31,True,4.0331,0.01202,11.7633,0.1414,0x2d...7822,https://bscscan.com/tx/0xf7ec3a5b77d0933320b3cc86e94761f4d5ce3dbb741899409539dd5ea44f769f
2023-03-21 01:41:31,True,4.0255,0.012,60.3384,0.7241,0x00...78d2,https://bscscan.com/tx/0x0d581d7b105a1ff4c265f8ffca478fa42598a2cdb0a1c3ef9422b69c90b3c30c
2023-03-21 01:41:13,True,4.0145,0.01196,44.22,0.5292,0x2d...7822,https://bscscan.com/tx/0x66410a34495688280f91a371bd4ef48b6799071f7b2c899d7d57ec2c242f083b
2023-03-21 01:35:18,False,3.9727,0.0119,37.6162,0.4479,0x2d...7822,https://bscscan.com/tx/0xc3d245342f52db3d788b0172074a5056829a737105ae9c737e54a523d96378ad
2023-03-21 01:32:33,False,3.9948,0.01193,37.8617,0.4517,0x2d...7822,https://bscscan.com/tx/0xceff05fcca1ec5239e294749af71f4e85e6e2b3b59c64e031bb6375f61b93774
2023-03-21 01:32:12,False,3.9828,0.01195,49.9429,0.5972,0x7a...c707,https://bscscan.com/tx/0x76e9b88f921115612619a7129db9c6c11c4bb84dbd1fd17ed61cc128b7ffa7bc
2023-03-21 01:31:30,False,4.009,0.01198,36.0657,0.4322,0x2d...7822,https://bscscan.com/tx/0xe25f441bc9e6b6f60889c913184a91d51a7e792095806aafa82190ed532e9167
2023-03-21 01:30:18,False,4.0109,0.01199,7.69305,0.0923,0x2d...7822,https://bscscan.com/tx/0x6a3d3a48ae4b81dc275f3ac0b839d58aefc7d6a800fe7cad6d9f941ed93e6ad4
2023-03-21 01:30:18,False,4.0313,0.01205,187.144,2.25678,0x00...78d2,https://bscscan.com/tx/0x14ca3164096d947bce494845f4736b26ffffa6d25a1bcc68277d1d0b7de7633a
2023-03-21 01:30:15,True,4.0449,0.0121,247.216,2.99139,0x20...4b6e,https://bscscan.com/tx/0xedcc6247732a4e1ba6b5652ed57d305f8f20b79538bc611a7a7eef76ec46f35d
2023-03-21 01:08:57,False,3.9691,0.01197,36.8537,0.4412,0x2d...7822,https://bscscan.com/tx/0x3ceb46f3a7ebffeb3a744e4c92b1fafa33167605785bb4f7d45486bfe241ba9f
2023-03-21 01:08:03,False,3.9776,0.01199,43.4401,0.5212,0x2d...7822,https://bscscan.com/tx/0x298d85aa18ff9613d96dec73e0dcd0fe4176daa0e6d1618cc15775f2ec53d01b
2023-03-21 01:04:27,True,3.9979,0.01206,37.3198,0.4501,0x2d...7822,https://bscscan.com/tx/0xfda5dd1122d774aae2f73200c06de75b57477d7467a75f834d51d25fbd53cf84
2023-03-21 01:03:27,True,3.9903,0.01203,36.2293,0.4361,0x2d...7822,https://bscscan.com/tx/0xa56a4fc22aec76e13d42ee8c5cb1c4d66f0d12a88c4a81e94c6566d01724d2be
2023-03-21 00:58:30,True,4.0013,0.01201,43.6193,0.524,0xe5...dad6,https://bscscan.com/tx/0xa1ee8c428a36a283b8137f9956d017d1969abc0318deea273e5baf830a8ea0df
2023-03-21 00:44:09,True,3.9861,0.01198,44.4662,0.5329,0x2d...7822,https://bscscan.com/tx/0x400a97f924f7f0696f02a316bca294b1fd7a0ca5cc3184216a67999b77a4e97d
2023-03-21 00:34:51,False,3.9919,0.01191,13.0,0.1549,0x8b...33f3,https://bscscan.com/tx/0xb96019d1d3e19a05f314bdd2eea3fe21ac8c81eb2fa984b67ab0312d5c64a920
2023-03-21 00:04:14,True,4.0302,0.01196,37.5726,0.4496,0x2d...7822,https://bscscan.com/tx/0x692bf80495046be6115c700115c2ca401624e5de5009a89eb04d366a24fbc17f
2023-03-20 23:46:53,False,3.9918,0.0119,38.4854,0.4583,0x2d...7822,https://bscscan.com/tx/0x7ba9684990b61c95cb82be9292f7a7cde34893ef1c295a9dc826ae00afa2ad39
2023-03-20 23:32:32,False,4.0145,0.01193,36.1707,0.4315,0x2d...7822,https://bscscan.com/tx/0x03235a47cb86c6a3958a9fc49fcf84d0933ad7674a045c3df3f32ac9b44f9959
2023-03-20 23:29:14,True,4.0385,0.012,2.47614,0.0297,0x86...1912,https://bscscan.com/tx/0x7c84d0609fe84cd7954840bc5d72a54f9c19706a2351450be6389325bcf2aca4
2023-03-20 23:28:47,False,4.0011,0.01195,38.0598,0.4549,0x2d...7822,https://bscscan.com/tx/0xd774230a723bbfb84435d3e32a55191324cc4644508b23db344c6e45685e0714
2023-03-20 23:25:53,True,4.0451,0.01202,14.8536,0.1785,0x81...332b,https://bscscan.com/tx/0x5c5931bd065eb69060b793b2a9466ea60bd4acdb79daee989455591c29d711d9
2023-03-20 23:16:11,False,4.0059,0.01196,36.8194,0.4406,0x2d...7822,https://bscscan.com/tx/0xc7f976b9ca6ea41a48f75fd75a975e2f903f91a5b7726e4c8197c00276af5f00
2023-03-20 23:11:26,False,4.031,0.01199,37.6733,0.4517,0x2d...7822,https://bscscan.com/tx/0x7342b1f6193df00b379e372be2b8fd2afcd632b8a41860027f745e6b3e721b12
2023-03-20 23:08:47,False,4.0145,0.01201,36.7698,0.4417,0x2d...7822,https://bscscan.com/tx/0xec99ef53084d4a7ffacedae45b93ac11bb0fe71e717d07d931e0dae26cfb2937
2023-03-20 23:07:41,False,4.0407,0.01203,39.0013,0.4694,0x2d...7822,https://bscscan.com/tx/0xe35cf910e0d6e30e5293c2b770b69c366b75fab0f7c08e4992c691fbf5acd440
2023-03-20 23:06:35,False,4.0286,0.01206,36.307,0.4378,0x2d...7822,https://bscscan.com/tx/0x8216ae35b627a515ec13c2ffa9f633d6a0dd3ea390307e1a6bec8df61d2067ce
2023-03-20 23:02:25,False,4.0292,0.01208,31.8,0.3842,0x2d...7822,https://bscscan.com/tx/0xd84d76a21e38b85a2c990b43d08d678689969ffcc6c7116362276a0b086db314
2023-03-20 22:50:56,True,4.0605,0.01214,34.7893,0.4224,0x2d...7822,https://bscscan.com/tx/0x33739a437a4551a6ea6a2e1f6ddf43c06cf9f796486f4f7c9f0c3199935b1bc8
2023-03-20 22:50:32,True,4.0527,0.01211,37.6626,0.4564,0x2d...7822,https://bscscan.com/tx/0x04f6ede185c9d5c80d73f9817d60938141347913224cbee908bc60075a530dc5
2023-03-20 22:23:50,False,4.0498,0.01205,36.2439,0.437,0x2d...7822,https://bscscan.com/tx/0x5972d3cbca594a39effb556a37e6056eafffb2951f6fc70bb6df6f7cc2ac067a
2023-03-20 22:22:11,False,4.0584,0.01208,38.4182,0.4641,0x2d...7822,https://bscscan.com/tx/0xe8fb23755cd2bcfac0b3191506564a8691474071fa79ce818bd456e2ed0ab6e0
2023-03-20 22:08:32,False,4.0481,0.0121,20.2564,0.2451,0x85...8960,https://bscscan.com/tx/0xba34c734bbbae36bf2ccca5f7608a14f91add9fb3d039e89e1312944e3b94010
2023-03-20 21:58:17,False,4.0514,0.01211,15.9874,0.1936,0xfa...1175,https://bscscan.com/tx/0xae9c73f181f65bc01f6dde40d752695a98b79204529e3dbeb633bb5decd738cb
2023-03-20 21:55:20,False,4.0535,0.01211,1.0,0.0121,0x0c...7777,https://bscscan.com/tx/0x111d4db5612ae6da536023c2639aba760770405e507f9ac046476aef264c4627
2023-03-20 21:50:20,False,4.0761,0.01211,3.44501,0.0417,0x89...3571,https://bscscan.com/tx/0xd683b2b3558d4d64007ad7214fcc2cbc0d23fc641f964e6a3c027185f7a13717
2023-03-20 21:50:02,True,4.0704,0.01216,57.9186,0.7043,0xaf...847e,https://bscscan.com/tx/0x5ecd0d781e6634ad227bd94aa26701c64326fd3f2b43a6e426cb42e46ef0442e
2023-03-20 21:46:05,True,4.0591,0.01212,54.3554,0.6591,0x67...b7c1,https://bscscan.com/tx/0xf7b71c84e65d8c8f6d9f32c386bec2934b09c3b78d74c10b8fd2c96827e37ca2
2023-03-20 21:31:08,True,4.0716,0.01209,52.6426,0.6365,0xb3...55e7,https://bscscan.com/tx/0xd3e4672a9380b5a839d14cd987914b91d91088dce1e3c524fa46ebe3aa0b2ef6
2023-03-20 21:21:56,True,4.0472,0.01207,9.71838,0.1173,0x0e...b666,https://bscscan.com/tx/0x47dcea1b8bf6c67167daa95bbd840315286d6eb05242ac5e64b043280c8c07bb
2023-03-20 21:15:05,True,4.0391,0.01205,55.4186,0.6679,0x00...78d2,https://bscscan.com/tx/0xa0ae883ee538cf29ab33b98f2b438deba60df2b3396e7d6443f940ba887daff8
2023-03-20 21:02:46,False,4.014,0.01197,3.55,0.0425,0xe5...4cf7,https://bscscan.com/tx/0x4b850dad8768f23b502f1b7284f0191848abc8cacf74dc7781e6dc85f8a87ac3
2023-03-20 21:02:40,True,4.0298,0.01202,44.3255,0.5329,0x2d...7822,https://bscscan.com/tx/0x00cc9be69307f6d40b8289345809679afde5f7049ca9906bb3eb5b68a4674b9a
2023-03-20 20:54:13,True,4.0408,0.01199,60.4543,0.7248,0x2d...7822,https://bscscan.com/tx/0x2355d58f49021ec843c3bdb38ab31244b156e40e59325eb79cfd6ed24f8119cb
2023-03-20 20:51:01,True,4.0122,0.01196,38.4029,0.4592,0x2d...7822,https://bscscan.com/tx/0x9223eeaa2323122fbf5a22e03f38ad90f3b0cd3ac4ce59ed37e1ae95639bb894
2023-03-20 20:50:01,True,4.0237,0.01193,40.3051,0.481,0x2d...7822,https://bscscan.com/tx/0xe822b4c6c6b2ef0bdd4a1d0b6509db7ce8aa568a1e29d46e90f79269996f294b
2023-03-20 20:45:31,True,4.0037,0.01191,38.541,0.459,0x2d...7822,https://bscscan.com/tx/0xc501c3066ca15d06c0eabc0d745a348cd70fb8718eac4f9100a437f5e803ab5e
2023-03-20 20:43:25,True,3.9919,0.01188,45.3298,0.5387,0x2d...7822,https://bscscan.com/tx/0x853b2e5894828d7e8a7898513308b82a5c97d1d2edd690e258119b93f841162d
2023-03-20 20:39:22,True,3.9858,0.01186,36.3973,0.4316,0x2d...7822,https://bscscan.com/tx/0x10032721123c5c90f7492fa89828d15a322cb2aa221439d675a66918afeb0d88
2023-03-20 20:36:07,True,3.9809,0.01183,38.6417,0.4574,0x2d...7822,https://bscscan.com/tx/0xef7b95fc91c71df75390bd945319e7f4b282fffed067139b11be8f8f2e9eaff7
2023-03-20 20:22:42,False,3.9733,0.01177,37.2304,0.4384,0x2d...7822,https://bscscan.com/tx/0xc35d790c3799d1b28999e5f0bdedbe800ce7e33a7a206f25d0b7be24aed54478
2023-03-20 20:21:49,False,3.9802,0.01179,14.465,0.1705,0xd0...20fe,https://bscscan.com/tx/0xa4b909a0670a81893f982ec8bdbcad2655eaf3bb8647cabdebc817d3bc30d12d
2023-03-20 20:18:38,False,3.9878,0.01181,53.6863,0.6342,0x9d...6dab,https://bscscan.com/tx/0x80ab213938ce2899123aedd9ee7fff5eb612bf7f17d16c89c7a6a2dca4c6a512
2023-03-20 20:18:08,False,4.0178,0.01184,55.3181,0.6553,0x2d...7822,https://bscscan.com/tx/0x1886ff056bef7bfceb76389ff883f90c3bb52ffc101d3b4f54d344f4b027bf07
2023-03-20 20:17:38,False,4.0244,0.01187,36.3999,0.4322,0x2d...7822,https://bscscan.com/tx/0xe7759ef5b8cac53f698aca53fc6cad3244b22e1a258251ebebfa85ee0f5a8ae9
2023-03-20 20:13:08,False,4.0318,0.01189,40.4624,0.4814,0x2d...7822,https://bscscan.com/tx/0x2a3ab37273a5375179f1e6fd7a3ae187e1fb3507243612c9217c104cd783d781
2023-03-20 20:07:38,False,4.0435,0.01192,39.5435,0.4715,0x2d...7822,https://bscscan.com/tx/0xeaacf93187c1fdf1d2ac79de386f27cfe2565ca127d04aabb335a89c47eea2cc
2023-03-20 20:03:38,False,4.0335,0.01194,40.0,0.4779,0xa0...1bac,https://bscscan.com/tx/0x1c852e7aa426be406b545aae89ec991802015a938698a97792bcebe18768fb3f
2023-03-20 19:51:05,True,4.0533,0.012,36.4118,0.4372,0x2d...7822,https://bscscan.com/tx/0xd14e20386a539b96aa7cf87fa51f134219c9f5e57ab0490ecd6f3862d2aba9e8
2023-03-20 19:42:23,False,4.0302,0.01194,36.2642,0.4333,0x2d...7822,https://bscscan.com/tx/0xc9fc767a0d9b23c5947f10a7664fad4ccc5c205f3c83293e2eee27a166d869e0
2023-03-20 19:39:58,False,4.0583,0.01197,38.9468,0.4662,0x2d...7822,https://bscscan.com/tx/0x4e53b0a4ff50c1cf75e02c7a153f7f8d9970e85b68c5d6d26a6abe00a70fe23c
2023-03-20 19:37:52,False,4.0458,0.01199,37.8654,0.4542,0x2d...7822,https://bscscan.com/tx/0x95c092d74f444e4dd2a1d5a6a73104153710f303b0bd3f56194895dabfe86628
2023-03-20 19:35:19,False,4.071,0.01201,19.314,0.232,0x2d...7822,https://bscscan.com/tx/0x50ab9aa1e08044d6b52f9a6976d85bce0b34ce423bae950b3ce43b7e7baedf3a
2023-03-20 19:35:16,False,4.0755,0.01202,23.2119,0.2791,0x91...79fe,https://bscscan.com/tx/0x091d470c82cbd550544d387b917fa09c81f74e10ef08923a9437c5defd9e6c69
2023-03-20 19:34:13,False,4.0832,0.01205,48.4309,0.5835,0x2d...7822,https://bscscan.com/tx/0xc7c2339404aae1d6e8c2a2ccade75e7384b640d7527a3e7dbd0aa394933fa048
2023-03-20 19:34:13,True,4.101,0.0121,73.1517,0.8853,0xb6...4942,https://bscscan.com/tx/0xe3bebdca860f07b38cbf1b9218a857e36913c0b5533a9928ca3f19574e0704aa
2023-03-20 19:32:19,True,4.0679,0.01206,45.4064,0.5478,0x4d...74b8,https://bscscan.com/tx/0x1b8959d4db05fd2c083277151590ef19871d9a3aa42e4dcdcfe2e1d71fcdc84a
2023-03-20 19:32:13,True,4.0604,0.01204,23.2119,0.2795,0x52...1c7e,https://bscscan.com/tx/0x553752659df43902bc62b04445cb5d74114401a63da353ee8546e676eea0e5b4
2023-03-20 19:19:07,True,4.0627,0.01202,38.522,0.4632,0x2d...7822,https://bscscan.com/tx/0xc4ed8de1009a21faf09c9418e903aed371476d4bc0d740bbc70b6e5009f688d8
2023-03-20 19:15:52,False,4.0099,0.01194,1.0,0.0119,0x1d...f6dc,https://bscscan.com/tx/0x94a66a22601160f2dba269bac23b26379c98de3b77bdc1ed4e9a52dcb1df0e57
2023-03-20 19:11:22,True,4.0472,0.012,24.7078,0.2966,0x88...737f,https://bscscan.com/tx/0xd79854c381b9953895fbc36755f0c9954e4df379505516eaed43b472ada39852
2023-03-20 19:10:58,True,4.0411,0.01199,24.7466,0.2967,0x88...737f,https://bscscan.com/tx/0x968f135f56a8cfabc5fdd17301beb250dfe31ec8779593a8490750c1b863b33c
2023-03-20 19:07:28,False,4.0221,0.01193,38.8127,0.4632,0x2d...7822,https://bscscan.com/tx/0xf2cac2e6668134469b60d55ae5cfcf3a92dc332cc3dc22448d513a401e5ea37a
2023-03-20 19:03:49,True,4.0451,0.01199,28.8322,0.3459,0x2d...7822,https://bscscan.com/tx/0x727438c4044678abb64c1db0749d0c8d1e7e1726ee55282bd766ed7431ef4756
2023-03-20 19:03:34,True,4.0373,0.01197,44.6,0.534,0x2d...7822,https://bscscan.com/tx/0x6b13b812af04dd4716e6ceccc493da941cdc0524e276daee4e44fe1d80ae7567
2023-03-20 19:02:52,True,4.0281,0.01194,43.3021,0.5173,0x2d...7822,https://bscscan.com/tx/0x161f7cba9d827dedf6ccaf67e1c6630bfb9af38626147f8a7f5dbef1836844db
2023-03-20 19:02:49,False,4.004,0.01187,4.57308,0.0543,0x23...54c9,https://bscscan.com/tx/0xa62beeb2f4f87b140d327943198969036aedd5a776addf57cb17db5e926eccd3
2023-03-20 19:02:43,False,3.9872,0.01188,28.3259,0.3366,0x7c...ffc3,https://bscscan.com/tx/0xd970f8832bbe9ab559f68cfe1b1ae44b868d45de496ac08ffc30879e77b96646
2023-03-20 19:02:43,True,3.9889,0.01189,205.483,2.44331,0x2d...7822,https://bscscan.com/tx/0x97c6211c34c88543c7085ad5b3122f44802d66672b30cc900da4b6f2e3f31a53
2023-03-20 19:02:43,True,3.9468,0.01176,225.625,2.65447,0xd6...f5d2,https://bscscan.com/tx/0xece7064b8e908e4f9d0fc0d5a6f855244cfe018244231f11b4ee941f1073b4ae
2023-03-20 19:02:43,True,3.921,0.01168,10.0195,0.1171,0x65...a7ce,https://bscscan.com/tx/0x010527e1a7261caf1190d4a8989ecf381977d67b4001f25315287ae379ede614
2023-03-20 19:02:43,True,3.9072,0.01164,126.772,1.47654,0xcc...e7f7,https://bscscan.com/tx/0x183ac2004489811b7285685ea80a205f039bd887c6c1ad182fd4158b7dbc1e4b
2023-03-20 19:02:43,False,3.9453,0.01176,696.611,8.19261,0xfe...cfd7,https://bscscan.com/tx/0xdfbc5cd6e1168fa9e1adc56f7fdf535b073653fd4544133885c31ece5e988afa
2023-03-20 18:58:10,False,4.0548,0.01198,36.068,0.4322,0x2d...7822,https://bscscan.com/tx/0xcfcb273933d479bd9380d3608994a162ce420eb362adaddc1d4384b8fc1581bf
2023-03-20 18:55:13,False,4.0433,0.012,44.5334,0.5348,0x2d...7822,https://bscscan.com/tx/0x329a95052980103ca455a318c84713d733c1f008ef6b433a6cbee9915169d9f5
2023-03-20 18:50:31,False,4.0539,0.01204,68.4282,0.8242,0x91...79fe,https://bscscan.com/tx/0x5bceed22f71205118eeec6280fbf112a258ba21652b7f60f5356a738559b7ca5
2023-03-20 18:45:31,True,4.077,0.01211,36.6408,0.4439,0x2d...7822,https://bscscan.com/tx/0x9c1df7cb7887b77be114f39f955083427a6040aa5eed1d8403d342080c4a5e4d
2023-03-20 18:45:07,True,4.0681,0.01208,46.1099,0.5574,0xc1...b919,https://bscscan.com/tx/0x388fa3ae9ac0e86a4ed8bfa9a9b87954ced16098072e12fefc80bb93fb3e4bde
2023-03-20 18:35:16,False,4.0491,0.01203,69.2451,0.8334,0xda...6e1f,https://bscscan.com/tx/0x09c9e55118996c72be5f1941988f9e13c0231c552185bf0c8e1cbcc57c57e0f7
2023-03-20 18:34:10,False,4.058,0.01206,11.4553,0.1381,0xc3...883c,https://bscscan.com/tx/0xead82db9ae2d9e169fcbef604fb2f57ae6921ae6313ae0f2901070af3a54e618
2023-03-20 18:17:04,True,4.0658,0.01211,44.4524,0.5383,0x2d...7822,https://bscscan.com/tx/0xe7fc2ee648b0ba8763ff8d92973956d82a05a6426c4c15bcabfc52056af96ed1
2023-03-20 18:05:31,True,4.0423,0.01208,40.4666,0.489,0x2d...7822,https://bscscan.com/tx/0x0c9b01f6cc609914e691f09fdc63c970328aadfb7d029c2b06502e7623a4aa1a
2023-03-20 18:05:16,True,4.0585,0.01207,1.60787,0.0194,0x2d...7822,https://bscscan.com/tx/0x91299b6146ac473b20ce261b0732219143da9567cf5726bad5f8e94b813a6b27
2023-03-20 18:05:16,True,4.0531,0.01205,49.0748,0.5916,0xca...34d7,https://bscscan.com/tx/0x0c83a03d782a27cc2d9621d8b45f92a1177826ea28f98e24af6b560f75b60afe
2023-03-20 18:03:01,False,4.03,0.01199,37.2264,0.4464,0x2d...7822,https://bscscan.com/tx/0x05190e764a82b10ab6703959d16ddf39b2e7708ed69d9664c0f80b07f3258b40
2023-03-20 18:00:37,True,4.0543,0.01205,38.9704,0.4696,0x2d...7822,https://bscscan.com/tx/0x422d9e9e7a25fa9bb672344a1b6ff318cc6e9358ddefe8be60d94d1f12526dab
2023-03-20 17:59:16,True,4.0267,0.01202,37.1034,0.4462,0x2d...7822,https://bscscan.com/tx/0x81b44a330106f85f5f7d7a14d5391adb072536a7c391d2e30c2e9e158be06ee4
2023-03-20 17:58:28,True,4.0371,0.012,37.9112,0.455,0x2d...7822,https://bscscan.com/tx/0x07727b10b7040516b481133d75023e5e7e4f52f7dc88642abba57454d75d5871
2023-03-20 17:57:37,True,4.0323,0.01197,45.5657,0.5457,0x2d...7822,https://bscscan.com/tx/0x6782b633e80fded67b87ddebeebb600ae68f2c39267320225aec5fadaeca6c34
2023-03-20 17:57:37,True,4.0124,0.01191,145.346,1.73231,0x11...a5bc,https://bscscan.com/tx/0x75b6a4ed7e210ea2c300f0218b05bbb6d2d8fd5dce6c9cd7febc4cff2d94666f
2023-03-20 17:57:37,False,4.0016,0.01188,234.162,2.78334,0xe7...f829,https://bscscan.com/tx/0xbc033397085999053895dc7c0e85a74251df7658738e41021d982766b5500dea
2023-03-20 17:55:37,True,4.0424,0.01199,91.8956,1.10181,0x2d...7822,https://bscscan.com/tx/0x60b048d6682b03ca0d22c1b644e986e6062db7bdccb304ab001487038dd2cdf2
2023-03-20 17:55:37,False,4.0283,0.01194,150.0,1.7922,0x49...ad0a,https://bscscan.com/tx/0x60dc23f7d1b0a3657e23dae74c2db0dae56949a12ca1a0434043bfd52612e948
2023-03-20 17:54:49,False,4.0518,0.01201,71.996,0.8651,0x52...1c7e,https://bscscan.com/tx/0xa7c878adccf6d875ea9064e900e06d69e7cf9179c12462652e1fdc9222e03efe
2023-03-20 17:53:58,False,4.0459,0.01206,69.3601,0.8365,0x91...79fe,https://bscscan.com/tx/0x2aed73259f865e008a34b277224159b5e6b27e8a0942d015c5567b5b21a50daf
2023-03-20 17:48:13,True,4.0691,0.01212,47.0622,0.5708,0x2d...7822,https://bscscan.com/tx/0x6b0231d41da04baf7b62663aebafbd29707ed6ef9577babe1db61b5c3697783e
2023-03-20 17:46:10,True,4.0878,0.01211,5.20685,0.063,0xdc...c6dd,https://bscscan.com/tx/0x535868db2ad8c689260570c021de73cf6ae9c71c5bd51f34aec508efa65280fd
2023-03-20 17:45:10,False,4.0707,0.01206,31.027,0.3741,0x38...89ef,https://bscscan.com/tx/0x9c93b60150786e1ba58f56923e0a535270e69cd69bd788b7bf72cdc29152ba2f
2023-03-20 17:41:31,True,4.0902,0.01212,3.71598,0.045,0x0e...2f4c,https://bscscan.com/tx/0x215d22df9ef3418cf5afa1eb68c08ed576d1934133c04802ca1fe25d704e5b38
2023-03-20 17:41:19,False,4.0828,0.0121,126.033,1.5259,0x66...c871,https://bscscan.com/tx/0xeb5ae508318d378646d869de5ff3ec17a9e36825e049e52f7ae3452a9c9e783c
2023-03-20 17:38:34,False,4.0798,0.01215,37.7166,0.4586,0xed...4f31,https://bscscan.com/tx/0x172b2d136942be897014711e9288eb1bf042f822d20b1a772d2a9c0c10c5d1d6
2023-03-20 17:36:01,True,4.1013,0.01223,5.0,0.0611,0x57...dc92,https://bscscan.com/tx/0x7b8d3198a950e83ffc25a9b6f1ff35552f9de244dffb0142432822b64d17ffe9
2023-03-20 17:28:21,False,4.0791,0.01217,13.3408,0.1623,0x2a...e55a,https://bscscan.com/tx/0x3ad0ffd5fc3982b7316866a4e6a75a0bb38601f9ca2e61f6d084be1ad451a1da
2023-03-20 17:28:03,False,4.1053,0.01218,37.4681,0.4566,0x0b...e086,https://bscscan.com/tx/0x5dbb49fddc9f78ecdefce5aa1e51e84fb9a654ea3001b63dbdf29c8070392a4e
2023-03-20 17:28:03,True,4.088,0.01213,390.645,4.74115,0x91...79fe,https://bscscan.com/tx/0x6134fb33675628e6da65e9e17ec9c9127e134b0ed3ba59b45592371662d2c168
2023-03-20 17:28:03,True,4.0333,0.01197,126.033,1.50916,0x99...4fee,https://bscscan.com/tx/0x587c7b55fe08b081dd1d2f9aef44116939ab23d7adacc8fcd20cfbc8233254c9
2023-03-20 17:28:03,True,4.0103,0.0119,93.8095,1.11692,0x5d...ee5c,https://bscscan.com/tx/0x49445583fc168e54d3fa37329814af83b80819385416f25357e7fe85cfbb112a
2023-03-20 17:28:03,False,4.0361,0.01198,532.062,6.37555,0x50...8863,https://bscscan.com/tx/0x4488453311c989c023ef007fa91211aae8f2dc569212bc6afeb2e9cfbcfc88a4
2023-03-20 17:26:18,False,4.0995,0.01216,36.3905,0.4425,0x2d...7822,https://bscscan.com/tx/0x72c7b69cb48227b97e0439c365687c9e3607b91244bebfe357489a361ed76e07
2023-03-20 17:21:33,False,4.1063,0.01217,7.55771,0.092,0x2d...7822,https://bscscan.com/tx/0x88087c951c8407d4d32212a06bb5ea8b3db97690f1f7f19b0f00c259174ec2a0
2023-03-20 17:21:30,False,4.1126,0.01219,51.1712,0.6239,0x7a...c707,https://bscscan.com/tx/0x1ba99cc2090a28ab30531f48636e5d3a24cb0ba432dcd3dd04cebc756f7377ef
2023-03-20 17:20:31,False,4.1243,0.01222,33.6074,0.4107,0x2d...7822,https://bscscan.com/tx/0xccf64d661612fe76f37b00383a8c91bb418dd286e582abae1f1820d3a1607cbc
2023-03-20 17:19:03,False,4.1164,0.01224,36.0355,0.4411,0x2d...7822,https://bscscan.com/tx/0xc184bda7630d982e1233bb869eca52921e0675d169f89c882b52b691cdbeb39c
2023-03-20 17:13:39,False,4.1482,0.01226,35.6663,0.4374,0x2d...7822,https://bscscan.com/tx/0x3ab52904e085ae8d0e6cde9a33a4ff8087c5de6e00e11a640a85e27f671fdc6a
2023-03-20 17:08:45,False,4.1411,0.01227,3.60063,0.0442,0x2d...7822,https://bscscan.com/tx/0x81ab7c53f883ae38637e23b1a4b6505725364fce4f153c35ee768c47755b5972
2023-03-20 17:08:42,False,4.1452,0.01229,33.7873,0.4152,0x2d...7822,https://bscscan.com/tx/0x1d2641dd8245fbb06830cc4da36e2197d58ef883200f9190a86fab6e757b5c2d
2023-03-20 17:05:38,True,4.1834,0.01235,37.9006,0.4681,0x2d...7822,https://bscscan.com/tx/0x8c0876d01b2feac937f30aeb61a607a0089d3a9f676933bbe06cbf45df4455d4
2023-03-20 17:04:13,True,4.1527,0.01232,39.4148,0.4858,0x2d...7822,https://bscscan.com/tx/0x1e0d59e0f24d5748dbc24a3feb75e65b43402c11dbac36412e6e39deaeb6cdf5
2023-03-20 16:57:16,False,4.1507,0.01226,36.4021,0.4464,0x2d...7822,https://bscscan.com/tx/0x820269735f6aef8770a7f033aa360f636b69bc2140f2665829b36a9dfec2d3a9
2023-03-20 16:51:18,True,4.1728,0.01233,15.4963,0.1911,0xf9...1e50,https://bscscan.com/tx/0x8291e3791d21e6aead91fa3980072085857057167045e826617570c6c1f979a4
2023-03-20 16:44:22,True,4.1514,0.01232,1.21691,0.015,0x05...09a1,https://bscscan.com/tx/0xd4ac67367aa217c10e24f83e31759115ab3cf05f04927ce85899c953c841b8b4
2023-03-20 16:09:50,False,4.1555,0.01227,33.0,0.405,0x49...ad0a,https://bscscan.com/tx/0xf967e0641c3910b7bd0d679959b1ac5a98e1e093456c7c813a9f2b62abebc8ad
2023-03-20 15:57:58,True,4.1748,0.01233,40.8891,0.5043,0x2d...7822,https://bscscan.com/tx/0x2ca05381356fc33c0bad4cce49556fe383cfd827f04951c3c69e82b77817d4f4
2023-03-20 15:28:37,True,4.1522,0.0123,38.9653,0.4795,0x2d...7822,https://bscscan.com/tx/0xfc91a6be6fc9c4b31aebc32f588cf7fd2a6ff4c8cbebc73024ad8bc48c41e637
2023-03-20 15:28:31,True,4.1479,0.01229,0.1622,0.0019,0x28...7541,https://bscscan.com/tx/0x0a0c94eee6ecaec9d6011ae4d19aaefc28dc4b30795a1a162ffb25527f657cb9
2023-03-20 15:27:04,True,4.122,0.01228,36.5659,0.4491,0x2d...7822,https://bscscan.com/tx/0x6e690b1541ba8318d0a868fca65ae152e975c44ffe52e7a7f621c71b31f230ac
2023-03-20 15:11:46,False,4.1294,0.01222,47.5125,0.5808,0x2d...7822,https://bscscan.com/tx/0xa8ca4ecd916c04fc9ffa9169781bdae13e0c19ab052602afe3859bb288e579bc
2023-03-20 15:03:22,False,4.1277,0.01224,3.83742,0.0469,0x90...48cd,https://bscscan.com/tx/0xdf5c4c7a7c521a537df2a808e9aaa1a70525301d641c6832afcb667c1733dfee
2023-03-20 15:03:04,True,4.1371,0.01228,63.9923,0.786,0x3c...40d8,https://bscscan.com/tx/0x5c7c380bafe6f06a3e1f71632f3279b7d55897a3870e2d848644bfce3675afe7
2023-03-20 15:00:52,True,4.1262,0.01225,39.5667,0.4847,0x2d...7822,https://bscscan.com/tx/0x6ebc8e219f0a44adb8248e0b00c6845a95d11db18b6439192b7e3c2759878ca5
2023-03-20 14:59:49,True,4.1208,0.01223,5.80546,0.071,0x11...5a3c,https://bscscan.com/tx/0x32d2fccc39a84dacdc147a16e832c4637faa7f94f0e84248a7049a3a5855ace6
2023-03-20 14:54:07,True,4.0941,0.01222,42.23,0.516,0x2d...7822,https://bscscan.com/tx/0xdd1e3852627d2e34a7b2324eb53d27295221521dd3f5179c584713708a6ab8ba
2023-03-20 14:53:40,False,4.094,0.01215,28.0511,0.3409,0xd3...dd01,https://bscscan.com/tx/0x97113fdef41f448fb55f9570f9dc4fadb31db35f929588888f96634e8f4e8e34
2023-03-20 14:51:04,True,4.109,0.01221,40.2985,0.4921,0x2d...7822,https://bscscan.com/tx/0xd44e41a8c9d9ba954e41f5ddc4e5bd3fb52905ba3d235e84ea0253418ec4b9d5
2023-03-20 14:39:58,True,4.1075,0.01219,24.0119,0.2927,0xf1...8cf9,https://bscscan.com/tx/0x192a9d025cc5a5b24a9471d36774bc3f2786e6cd6709e6db2dc49485dd77e7c3
2023-03-20 14:39:58,True,4.1032,0.01217,16.7598,0.2041,0xeb...fd86,https://bscscan.com/tx/0xa2d903d31114b2beac6a435c7917325cbb0e8b0e7699de167b8c55983f9ed8fe
2023-03-20 14:38:58,True,4.0806,0.01217,9.1351,0.1111,0x00...e049,https://bscscan.com/tx/0x95488efdb28d8e0a25f74386cd0cdbce8f4a7edde871905516aa7885526b85e1
2023-03-20 14:38:58,False,4.0692,0.01213,93.4521,1.13418,0xb6...4942,https://bscscan.com/tx/0xbb3a1dfddafd28649124a170c7aa1cbf8e2a0f97f0ac5651d28e761321e3a27e
2023-03-20 14:36:58,False,4.1082,0.01217,33.036,0.4022,0x2d...7822,https://bscscan.com/tx/0x38cae6d7a535d93abdcbbaa2480c03e8826560bacb21b5f886f072e271b023ea
2023-03-20 14:36:18,False,4.1238,0.0122,61.2056,0.7471,0x16...4027,https://bscscan.com/tx/0x4ada01b6c4987834abb0d29340e42626bf8e50dd756ca66f59e507a35589f67d
2023-03-20 14:34:01,True,4.1625,0.01227,35.647,0.4376,0x2d...7822,https://bscscan.com/tx/0x1474b14b015c29a113bdc30187dd64646956c02e56a02465836d58e1e18f360a
2023-03-20 14:33:04,True,4.134,0.01225,40.475,0.4958,0x2d...7822,https://bscscan.com/tx/0x655457eb022c093577fc2e75f6b6381a86204c97d38bc1083c23bc97d7af5988
2023-03-20 14:32:16,True,4.1476,0.01222,28.8,0.3522,0x2d...7822,https://bscscan.com/tx/0xf4e4fd2e63804c5fb69f77c452861ba6791ac2564fe0cff0e176b04d5f652402
2023-03-20 14:14:17,True,4.1453,0.01222,11.5687,0.1414,0xdf...01da,https://bscscan.com/tx/0x87de792d9b96bcf516e793e4380d112b0544d6604222da62ebfa78bd5d5989a4
2023-03-20 14:08:08,True,4.1227,0.01221,0.4229,0.0051,0x34...8793,https://bscscan.com/tx/0xff3471a8e862829d6c897a597863617b49bf7c2c666b46b1c72189060356d1cd
2023-03-20 14:07:50,False,4.1264,0.01216,36.8685,0.4484,0x2d...7822,https://bscscan.com/tx/0x7b0bd5e07f99df24faa25fb8e9fc391f0e471916f08d04ac82cceabc7f65379e
2023-03-20 14:06:29,False,4.1358,0.01219,58.4906,0.7132,0x2d...7822,https://bscscan.com/tx/0x0cc6bf8576f81f571551ffb02729f1a0b25ec0906431573d2c63c3d040ef5777
2023-03-20 14:06:26,False,4.1459,0.01222,33.8008,0.4131,0x2d...7822,https://bscscan.com/tx/0x51077667dbedc2af363036bf28c3370f0aba257876539fdcaafdb0d8775c9234
2023-03-20 14:04:29,False,4.154,0.01224,38.5324,0.4718,0x2d...7822,https://bscscan.com/tx/0x2c2a266090cfca5c32e5a1373568d7ec053d44af61435f93fb814c8d263b50cf
2023-03-20 14:00:02,True,4.1736,0.01231,20.0,0.2462,0xda...b9bd,https://bscscan.com/tx/0x056ad0487a810c7358a6c222497be75f2bf1ae95642d1d48d6e88417e3443ae7
2023-03-20 13:55:08,True,4.1665,0.01229,34.4689,0.4238,0x2d...7822,https://bscscan.com/tx/0x84e5a4e802f5a3e7d8ad300f953e0c1888cd55d06b6b9e07f9eb9aad915b5a33
2023-03-20 13:52:05,True,4.1376,0.01227,34.5667,0.4242,0x2d...7822,https://bscscan.com/tx/0x75c1259196c230e8c8becf3dcd8b88aec6515020fcc461c4145df55ec974d233
2023-03-20 13:45:41,False,4.1413,0.01221,40.9816,0.5005,0x2d...7822,https://bscscan.com/tx/0x13a508481c9c9b1a5677c9511b1d098443c7acbdc8c0a3b8c507cf848997d31f
2023-03-20 13:41:41,False,4.1496,0.01224,38.0049,0.4651,0x2d...7822,https://bscscan.com/tx/0xfc078671e9e653ab6f0d6e1636dfb92eb99b6f18d655b423dae76b7f177fea2f
2023-03-20 13:35:11,True,4.1706,0.01231,19.004,0.234,0x14...b438,https://bscscan.com/tx/0xa490a73ee1660367ee74a62e370f744ddf5ba61a5b97cb0b8b948b4211a8ebd9
2023-03-20 13:31:11,False,4.1461,0.01225,35.9127,0.4399,0x2d...7822,https://bscscan.com/tx/0x4f984268c3343bde3f3010363f9bcf506730832f5cf94f57a2e73f778374d903
