datetime,buy_order,price_USD,price_native,amount_token,total_native,maker,etherscan_url
2023-03-24 08:00:29,True,4.45,0.01361,38.3424,0.522,0x2d...7822,https://bscscan.com/tx/0x59b43b28ddfeac40f31d6334e8f6cb92b921ec53d133078c8ce281e167fce872
2023-03-24 07:59:50,False,4.4359,0.01363,280.067,3.81991,0x2d...7822,https://bscscan.com/tx/0x469e67f56ed09a84e180afa114cff0a197e43f8dda7b78741342cb47d5c4636c
2023-03-24 07:59:50,False,4.4741,0.01375,29.7489,0.4092,0xbf...18ac,https://bscscan.com/tx/0x9b01cffe454ecbdf41661f92719bc9150bd2fac882bbb8448c07cbea84d8cf81
2023-03-24 07:59:50,True,4.4613,0.01371,312.741,4.29,0xb4...059f,https://bscscan.com/tx/0xffb7bc84af59d732c00e42a5d49dc7ac3fa9b044f887f469ae84f3a3e67817fe
2023-03-24 07:59:11,False,4.4285,0.01361,220.975,3.00837,0x2d...7822,https://bscscan.com/tx/0xcf1f8e238f418c54f66aa9c79493c8dbe39020d7abd7c91f1e492dfa7ea26658
2023-03-24 07:59:11,True,4.4508,0.01368,219.256,3.0,0xb4...059f,https://bscscan.com/tx/0x82fb4043eb8330c49188581e3dd8fa450b13ed825a73b92a8b8f957261e12e8a
2023-03-24 07:58:47,False,4.4226,0.01359,172.397,2.34401,0x2d...7822,https://bscscan.com/tx/0x26bd213c0582b4cab1e4536e05de1050c4df0d6e4fb10b1ecb6b4393e3966250
2023-03-24 07:58:47,False,4.4478,0.01367,33.0776,0.4523,0x60...fff9,https://bscscan.com/tx/0x5d9817c6b836ba394f70c23a5323398edec28d016a518f8cefa4848e74c3856a
2023-03-24 07:58:47,True,4.447,0.01367,219.431,3.0,0xb4...059f,https://bscscan.com/tx/0x6e4ca0d1dec4b7378bf8157526c38b73d9978fbda8e7bb4fd9de8b7ebaa69fb6
2023-03-24 07:53:32,False,4.4474,0.0136,226.193,3.07758,0x91...79fe,https://bscscan.com/tx/0xcd8a247b199c0b18cfcdf96f4e2ce14c4148d77d77491519f2fe707b733fa707
2023-03-24 07:53:32,False,4.4793,0.0137,32.2374,0.4417,0x30...9359,https://bscscan.com/tx/0x870d47bff46aabeda15dce4f211f72e71ae37ce8fe9b3a2417ff1a5d0a8e0413
2023-03-24 07:53:32,False,4.4887,0.01373,43.0506,0.5911,0xf5...4e5c,https://bscscan.com/tx/0x28cc3ee913fd14e9fe99199c391dab50d8ee8b58da417b7caa3facf1815de18f
2023-03-24 07:53:32,True,4.4801,0.0137,291.842,4.0,0xb4...059f,https://bscscan.com/tx/0x2a84b65001eb5cc503913548125f665372424a86478608c5912dee0ec2cf1df8
2023-03-24 07:51:20,False,4.4217,0.01352,3.33,0.045,0xe5...4cf7,https://bscscan.com/tx/0xa42a5f75e50b77d2d833ecd5bde01414a1c23db9ca303c6f7552f5faf3309fb8
2023-03-24 07:51:17,True,4.415,0.01357,58.6039,0.7956,0x00...78d2,https://bscscan.com/tx/0x0c3b7074cafdcc96092459d7762d48e8a877b29327798ba20eb64718e93be401
2023-03-24 07:47:59,False,4.389,0.01349,20.1611,0.272,0xdd...2b56,https://bscscan.com/tx/0x73e1d5e7b9583ab89d7076466594fca3988d5713ef8c5aad258bf8d14d383905
2023-03-24 07:47:59,True,4.4078,0.01355,46.6107,0.6316,0x9d...6dab,https://bscscan.com/tx/0x94ea40d419e5eb15113e2dc2ae344128218e7da25aa405b0bc858ba70789d2cd
2023-03-24 07:38:51,True,4.3976,0.01351,45.3043,0.6123,0x0e...7558,https://bscscan.com/tx/0x851efe7a131b6a4f81b2fb455036d904d5f35f299e7a7d17139fb31e1e875a4c
2023-03-24 07:37:34,True,4.4076,0.01348,53.7187,0.7241,0x2c...015a,https://bscscan.com/tx/0x0c488a47af5edf1db375b8e7e1cbb862465877a55529d36ebccfa0b726ceba90
2023-03-24 07:34:09,False,4.3587,0.01339,6.80508,0.0911,0x34...8793,https://bscscan.com/tx/0x51f6be620d88fa47925458eba04cc7e81feabd9c75ff99983ca3c276aae4e8d7
2023-03-24 07:34:00,True,4.3976,0.01344,47.3406,0.6366,0xe3...d2ff,https://bscscan.com/tx/0x2ad2e714236ffa2d1c644203c10ff8b1e23b473dd76bf53a741b22dc6b4dc1a7
2023-03-24 07:32:23,False,4.3485,0.01336,1.64282,0.0219,0x34...8793,https://bscscan.com/tx/0x7d6e95c0386805878db8a97d39248df38e9a7b1f8f34b82b059079d4fec9a76f
2023-03-24 07:20:05,False,4.3657,0.01336,3.0077,0.0402,0x0e...2f4c,https://bscscan.com/tx/0x60bf292fdb5ff5005061d1e9db83b9e244fef073ea1c91dce885f72c645b7d61
2023-03-24 07:20:02,False,4.3692,0.01337,26.1891,0.3503,0x00...e049,https://bscscan.com/tx/0xc907b5ad23a485bffb44759eae73cdc4ade147f1127240664f51b41a14889a89
2023-03-24 07:20:02,True,4.3884,0.01343,48.4896,0.6514,0x7a...c707,https://bscscan.com/tx/0xdfefffab34e5669d4bc5b65ca39dd9d53d8234b1378cc15a0bf7a2805201b70f
2023-03-24 07:19:26,True,4.356,0.0134,36.472,0.4888,0x2d...7822,https://bscscan.com/tx/0xeb44f59e85d9db8570e2b595d346017a1008ea4ae177548d0a7f3e76ef9019e4
2023-03-24 07:17:11,False,4.3561,0.01333,39.3456,0.5247,0x2d...7822,https://bscscan.com/tx/0x1147870aa7c92bab7cb96bb197757df370dce11ab9a05c40844f8147fe72676d
2023-03-24 07:10:48,True,4.3536,0.0134,45.6123,0.6113,0x71...69e3,https://bscscan.com/tx/0x79e07c18902c952a4e081abc1c08afffff2fecfa46e6352f54057e872b1a663b
2023-03-24 07:05:00,True,4.361,0.01336,51.3971,0.687,0x00...78d2,https://bscscan.com/tx/0x50587a3545b2d909d1122c44d4bc3d761369069c5db6c6cc90228db35cf02de2
2023-03-24 07:03:00,False,4.329,0.01328,0.8287,0.011,0x34...8793,https://bscscan.com/tx/0xa956b0e181ef66532e4ab5d39bdc24812b3608ec11c8850959309d4458b75e83
2023-03-24 07:02:18,True,4.3453,0.01333,47.8388,0.6377,0xf9...5ebf,https://bscscan.com/tx/0x7e0526d037607b6befdfbaa0f7053109a96861e60af3b541ffd455fdd1a9b3bf
2023-03-24 07:01:30,False,4.3196,0.01324,5.89232,0.078,0x34...8793,https://bscscan.com/tx/0x3d23b8c98e683c217b89f45351fc19b1f0ebeeec1a9ff2dfb2180a6b75b45f36
2023-03-24 07:01:21,True,4.3364,0.0133,46.4445,0.6177,0xca...34d7,https://bscscan.com/tx/0x9daa10578cf16f62ae7b1d27c3757897dc6e6c2454f50e12796ea2875993e313
2023-03-24 06:41:31,False,4.314,0.01322,12.8621,0.17,0xee...ce7b,https://bscscan.com/tx/0x29a6cafa3427b8326f7720892fdb4a68c99f455cf28088aa8b95f23ffe34659d
2023-03-24 06:32:02,True,4.3519,0.01327,56.2481,0.7465,0x4d...74b8,https://bscscan.com/tx/0xb4d87951cbff90e98121294fe49fe4cba94214265dd4cff584e9610b0c806710
2023-03-24 06:31:11,True,4.3384,0.01323,52.229,0.6911,0xa0...cc8d,https://bscscan.com/tx/0xe543607d9264688711063dc74c8a1dc265aa2004361f96c46dc5d63677a99111
2023-03-24 06:16:44,True,4.3054,0.01319,46.6723,0.6159,0xaf...847e,https://bscscan.com/tx/0x226eea9e976056260f8d897d38263d3263217000067d38a443a8a1ab9ec72560
2023-03-24 06:14:59,True,4.3176,0.01316,33.1589,0.4366,0x2d...7822,https://bscscan.com/tx/0xeff6db64b12e0c305f1f8bb38d94016213e95cf68d328c66d18cb00b238ee4fd
2023-03-24 06:00:56,True,4.2885,0.01314,37.5472,0.4935,0x2d...7822,https://bscscan.com/tx/0x0f58c167e4e10fb0e858c84280548b6044dd742dbbba37a514b1124deb9237b1
2023-03-24 05:56:29,False,4.2945,0.01308,66.347,0.8684,0x91...79fe,https://bscscan.com/tx/0xcc212c8d6bfe342a3b3c5a5de08f154febad375aa302005c0e4c05d4c8af72c7
2023-03-24 05:53:50,False,4.2815,0.01312,35.1098,0.4608,0x2d...7822,https://bscscan.com/tx/0x0bad93c93a55cfc43f513d5f4ab717c3dc011a521c87f211c4cf71cf42fbfd3c
2023-03-24 05:36:20,False,4.2909,0.01315,34.0077,0.4471,0x2d...7822,https://bscscan.com/tx/0x831711aea17689131e55132c1d148ca12d26688557006eb98eb6d5d83a839bc8
2023-03-24 05:28:02,False,4.3238,0.01318,66.2643,0.8737,0x52...1c7e,https://bscscan.com/tx/0x6855a2bb908d6d099c26ad31a872b869c8f1531422fd8f399789373ec8c25c34
2023-03-24 05:06:23,True,4.3476,0.01325,52.4424,0.6952,0x00...78d2,https://bscscan.com/tx/0xbf27cf80c13546d96db5d4d5e4e6bc2ea207f8357779350107efa8edc081bfe3
2023-03-24 05:05:38,True,4.3373,0.01322,36.7237,0.4856,0x2d...7822,https://bscscan.com/tx/0x0b776345c686ddf6b413c212dece61eba0edf6e76450ad8b2a84780aaf3effbe
2023-03-24 05:03:38,True,4.3304,0.01319,33.7644,0.4456,0x2d...7822,https://bscscan.com/tx/0x8b0f2b6f62b0c8899502b8c80afa37b03568ed8408f5fae5960f01da79843deb
2023-03-24 05:01:20,False,4.3126,0.01314,65.0565,0.8551,0x52...1c7e,https://bscscan.com/tx/0xb9bf4ea6b457750263d573182570864dbad21c0d26ec30eee99559e813a88853
2023-03-24 04:43:44,True,4.3379,0.01322,35.0602,0.4635,0x2d...7822,https://bscscan.com/tx/0x454518acdb6907653b92b3fb705d2f8c6a55c757ff100392a0e981e1bb94f89b
2023-03-24 04:28:47,False,4.2941,0.01315,34.5906,0.455,0x2d...7822,https://bscscan.com/tx/0xda5e0213ed4e7a1b9a82245511134ce5f7cfec30c747b3221dcd37e3623aa784
2023-03-24 04:26:02,False,4.3088,0.01318,36.6788,0.4834,0x2d...7822,https://bscscan.com/tx/0x2ce5aa8f05d4919e27e5ecc6fa371fbe5b9d353c5279142913d911e93c2cd765
2023-03-24 04:25:02,False,4.339,0.0132,36.2379,0.4785,0x2d...7822,https://bscscan.com/tx/0x22b2071557f9af00dfdb4bc332ab8283c39653dfcffbab10d48de69d41f994e3
2023-03-24 04:22:59,False,4.3214,0.01322,0.7044,0.0093,0x34...8793,https://bscscan.com/tx/0x3b07c2bd93e6ff06aae6bf4c9109ce7b7f521fe26c546bd6030d514142871667
2023-03-24 04:19:47,False,4.3219,0.01322,2.9534,0.039,0x90...48cd,https://bscscan.com/tx/0xa3a365e0ec7641293e0fe5de24bfc209bd59a1343a790a548ed14e42ffdeb272
2023-03-24 04:19:38,True,4.3378,0.01327,51.4958,0.6833,0x71...69e3,https://bscscan.com/tx/0xcb978e27793b9eb6404b73a44a699e0318abfd78a2e4c6ab277c82c9ae8db1e6
2023-03-24 04:19:17,True,4.3471,0.01323,53.9436,0.7137,0x05...7eea,https://bscscan.com/tx/0xea349fe96f9a9de4432b4072503339e92ede0342eaa8fdbf54a037ceb6c35ac3
2023-03-24 04:18:56,True,4.3138,0.01319,43.9669,0.5802,0x67...b7c1,https://bscscan.com/tx/0x31833cd0fcefea2c044445d259d0861936b8ba356f5234e70a8723f92705ce3f
2023-03-24 04:17:59,True,4.3248,0.01316,47.5486,0.6259,0x82...2196,https://bscscan.com/tx/0x800455c14469ae57aedd321c2cfa34d846fd1da72aa28a50bd740cc363c65efb
2023-03-24 04:02:40,False,4.3114,0.0131,69.0569,0.905,0xda...6e1f,https://bscscan.com/tx/0x5b4c064b71dbba31beb9e07ca71a238be1558105fb8b9fd1039a28e1ee9def9c
2023-03-24 03:56:43,False,4.3177,0.01313,7.44192,0.0977,0x34...8793,https://bscscan.com/tx/0x15489cf02a7171fd5cb699585e74674b1683ee980afd54b027e67396f45fd43c
2023-03-24 03:56:13,True,4.3121,0.01318,54.9634,0.7245,0x17...272e,https://bscscan.com/tx/0xb0050958246f8a2e33e97ac353bf46feada4624ed33850b173ad96713cad9208
2023-03-24 03:51:25,False,4.316,0.01312,68.1254,0.8938,0x91...79fe,https://bscscan.com/tx/0xb1e271ec074cd3004495ec66cd8af80ce68174fc6381d15f949dd1506fd103be
2023-03-24 03:51:04,False,4.3064,0.01316,52.1895,0.6869,0xed...4f31,https://bscscan.com/tx/0xca3f28c4070f8063a9995c9cc72a291ec19531d6167a545bb4c0aaae3a67fd16
2023-03-24 03:46:31,True,4.3518,0.01322,53.9202,0.7133,0x00...78d2,https://bscscan.com/tx/0x781047c40e8a6c38e8bc146aae169c7885a361a92d2a955cb63cfa804a6fbdec
2023-03-24 03:45:55,True,4.3416,0.01319,49.5495,0.6536,0xc1...b919,https://bscscan.com/tx/0xa799da56521831dff5a8edb2b5d3d6d78105a3c24bc46645e118f7859c8d8653
2023-03-24 03:41:10,True,4.3058,0.01315,50.2588,0.6611,0xf9...5ebf,https://bscscan.com/tx/0x88406c56e872bbb0e03934575ab78af36fbc8d65cd1d932d87d77b1273e5d262
2023-03-24 03:41:07,True,4.2886,0.0131,96.4548,1.26387,0x11...a5bc,https://bscscan.com/tx/0x794719af303caf3ced4cad22983256cd081ed3aa204a98bf3f22c6ec62e08c30
2023-03-24 03:41:07,True,4.2635,0.01302,138.723,1.80706,0xd6...f5d2,https://bscscan.com/tx/0x3632472f8df86c64edec92f47a17d2b81a83f9e76a86f8e0b60bb0de396d098a
2023-03-24 03:41:07,False,4.249,0.01298,216.161,2.80623,0x0e...c0e4,https://bscscan.com/tx/0x9c1832067585fe8063a677f8572683be39cff59d5983c30d5e3b8f58f8be4fd1
2023-03-24 03:41:07,True,4.2751,0.01306,173.798,2.27013,0x00...78d2,https://bscscan.com/tx/0xa7843940ffb5e45f7af2dae6b9fbc983b65e4dbb945e37d4d2fa3ab1632a7e43
2023-03-24 03:41:04,False,4.2586,0.01301,216.161,2.81261,0x0e...c0e4,https://bscscan.com/tx/0x0f080d72b0e470b7bcff77f1bd0ac831afa5fa617bffb60a275660f7d0d0f7d5
2023-03-24 03:40:58,True,4.3238,0.01314,26.4504,0.3476,0x62...1f10,https://bscscan.com/tx/0x3b89e83dd086ffc31bb0a73283a55565a4df7f10a4b13af2c15b0efda5e990fb
2023-03-24 03:40:58,True,4.3049,0.01308,134.39,1.75873,0x11...a5bc,https://bscscan.com/tx/0xba69d1ad4f7fd9a84e32d97029f37268a33de277d53b430d93f1be37648c8eef
2023-03-24 03:40:58,False,4.2845,0.01302,144.108,1.87698,0x0e...c0e4,https://bscscan.com/tx/0x1f80dc18e5f6f9f32095493924bbe8e660fd5d2c227387a4b720e8b0818b93e2
2023-03-24 03:40:58,True,4.3025,0.01307,173.879,2.27423,0x00...78d2,https://bscscan.com/tx/0xacad23347e252e69f18ffc94b6445102252581ac6f7b85c74daa6b2f2c9adef6
2023-03-24 03:40:55,False,4.2831,0.01302,192.143,2.50181,0x0e...c0e4,https://bscscan.com/tx/0x801a9e865b08dc94416561700bcb57af689085922cc75e7578d2fd4726d14624
2023-03-24 03:40:52,True,4.3067,0.01309,173.839,2.2759,0x00...78d2,https://bscscan.com/tx/0xd89ac71c76a8407f2a9b669e4e4f31fe8053dc7d36af75c86221d967e013ad13
2023-03-24 03:40:49,False,4.2873,0.01303,192.143,2.50423,0x55...ce90,https://bscscan.com/tx/0x407dedb3d5ee19ae65031f721785247cefef003f63e2bedc8f5e6484e323c382
2023-03-24 03:40:43,True,4.325,0.01314,53.4802,0.7031,0x00...78d2,https://bscscan.com/tx/0x50f86e36bbfa0d600a4348acc0be5aafacfa9d82e08bce5ae360f5ec4bc0e0cb
2023-03-24 03:40:40,True,4.3124,0.01311,53.3963,0.7,0x00...f271,https://bscscan.com/tx/0xbdfbe1ad9e4058f46a72c7a13f7285fed8f844a8b321e5c301006ad28309a8f2
2023-03-24 03:40:40,False,4.2971,0.01306,106.746,1.39443,0x55...ce90,https://bscscan.com/tx/0xaef90e6760ceff0782e824eba43c9be15c6d2a2dba4a9e3394d010b90cbd9026
2023-03-24 03:40:31,True,4.3204,0.01313,91.367,1.2,0x94...87bd,https://bscscan.com/tx/0xc96a35e6a8601f7d2a50d43659831e207c1efe94e6539bd53433a6c4f48d4a96
2023-03-24 03:40:31,False,4.302,0.01307,118.607,1.55114,0x17...272e,https://bscscan.com/tx/0xf545fd222669fb3fa60e5e8e8b6c883e1f8304dcc36b40b7da6c815d47138554
2023-03-24 03:40:28,True,4.3344,0.01317,25.7391,0.3391,0x62...1f10,https://bscscan.com/tx/0x99b41f164cca09e12d06b1ea8182e49f2a8bbd8b63be7f47f0453138c9a9764e
2023-03-24 03:40:28,True,4.3179,0.01312,114.272,1.5,0xb0...a41e,https://bscscan.com/tx/0xe0520cc75b942c2cca2ce6599b21e360f96cced1a5c132d7d4f86baf2a8e18e1
2023-03-24 03:40:25,False,4.2984,0.01306,131.786,1.72207,0x17...272e,https://bscscan.com/tx/0x1d1475d2df43595dc8b2ea32a3fbf357b47ddda2a7f018f8e2844c244045d2c0
2023-03-24 03:39:49,True,4.3299,0.01316,46.8908,0.6172,0xe3...d2ff,https://bscscan.com/tx/0xab8775f98ed131c9d905d11db72db8f693ad13352e9b2742cbaa33f8e8b5ba16
2023-03-24 03:39:19,False,4.3032,0.01308,3.36612,0.044,0x90...48cd,https://bscscan.com/tx/0xcc24044976cf93f05e6163a1f1620622fc8ef5e24eb3b3f2442f6627b00433cd
2023-03-24 03:39:16,True,4.3189,0.01312,53.3508,0.7004,0x00...78d2,https://bscscan.com/tx/0xf748b912f730b7ffa5b8fda44947b86f2ddb9a3d380360f6d6f4ab6bc48e8848
2023-03-24 03:22:52,True,4.3086,0.01307,99.9453,1.30677,0x00...78d2,https://bscscan.com/tx/0x53c688ad95d4807bc1940ff39a699891d8c2f472ea0cb591db51cfa6655f84c6
2023-03-24 03:18:49,True,4.2882,0.01301,72.2666,0.9404,0x00...78d2,https://bscscan.com/tx/0xd4789b9ca6424075e1ad365a7fb84aaef65a6eeccb439e404217fabf30a30882
2023-03-24 03:15:34,False,4.2599,0.01292,2.87626,0.0371,0x6f...1a36,https://bscscan.com/tx/0x41ef966337b59f24e250ca15d6f01c714413b7721dbe62305af98804979f0f01
2023-03-24 03:14:43,True,4.2759,0.01297,46.4085,0.6021,0xe3...d2ff,https://bscscan.com/tx/0xb1971a87078dcdd7e23ce9069c9529dcf72039d9e5a867570518b17c52ca75e2
2023-03-24 03:04:46,True,4.2642,0.01294,49.9207,0.646,0xca...34d7,https://bscscan.com/tx/0xddb71918e5d27257539b72b09a6f720012a787ef995974fca72c7b52308a1e3b
2023-03-24 02:44:11,True,4.2375,0.0129,46.7466,0.6033,0xf9...5ebf,https://bscscan.com/tx/0xc6b682ce31d1e30fb563a576589d2d2e1f88abac29fb4a36c7bed7aa5af1e00a
2023-03-24 02:42:08,True,4.2253,0.01287,49.1111,0.6322,0xaf...847e,https://bscscan.com/tx/0xb75ce759281f069a9e41b24930c4294bdc988a2a92805d0408dfaaf1d2830a18
2023-03-24 02:39:47,False,4.2232,0.01279,10.0,0.1279,0x14...c0ef,https://bscscan.com/tx/0x0c87f9acc8cbc713db293fa0d72317fff5571a20a0f11bec9ecdfff7deea940d
2023-03-24 02:36:53,True,4.2387,0.01284,55.3217,0.7105,0x00...78d2,https://bscscan.com/tx/0x7c4974c98d31a3b3891401f049f475e86c5d166d4064560db44c8c41a116bc79
2023-03-24 02:32:29,True,4.2294,0.01281,31.0895,0.3984,0x2d...7822,https://bscscan.com/tx/0xa90181c7b391b6067963d7882ce12e0d687d822981ee67700c681be5e26ea7c3
2023-03-24 02:27:29,True,4.2019,0.01279,37.8792,0.4845,0x2d...7822,https://bscscan.com/tx/0x62604124f12a2048b40e584040454915e9cc501b8d15f403c51883973784e5a2
2023-03-24 01:14:19,False,4.2017,0.01273,68.5119,0.8726,0x52...1c7e,https://bscscan.com/tx/0xb030ade543814a1a54a0ee7468e59bf653bf08e1b041eaa1209933c7408d2a5a
2023-03-24 01:09:28,False,4.1879,0.01276,0.2318,0.0029,0x52...1c7e,https://bscscan.com/tx/0x503cdb222fc8b5a6878a86309a083a4e8a97ccebec4714e0770dc12ba42acb02
2023-03-24 01:09:25,False,4.1918,0.01277,34.5789,0.4416,0x2d...7822,https://bscscan.com/tx/0x5dd249ae60a6972a06f09ae0a17fad0ba6828407d78fff7ba37dc2d04396a422
2023-03-24 01:06:13,False,4.2196,0.01279,26.9169,0.3443,0x91...79fe,https://bscscan.com/tx/0x0f03bee91f7e04ababe64dbd3bda894ecf996b54b3cb8915a432dc9cf7747746
2023-03-24 01:04:55,False,4.2261,0.01281,34.4311,0.4412,0x2d...7822,https://bscscan.com/tx/0x2ebfb5c3cfe26250a1d77208e10df35ea0ab062d1a36deae63aeea43d6bcf1fd
2023-03-24 01:04:22,True,4.2276,0.01289,3.30893,0.0426,0xab...5d8c,https://bscscan.com/tx/0x412dd7f0329f9a10d4eeb658b22ab93227cef6aea60a86927d5a0884108b0eaf
2023-03-24 00:54:28,True,4.2498,0.01288,2.48074,0.0319,0xda...7cb9,https://bscscan.com/tx/0x18eb78f87a78f155a90c5efeb9ab6c8f6ca136ceec55ed1fcebcc3a145c54b98
2023-03-24 00:40:07,True,4.2239,0.01287,50.2058,0.6461,0x00...78d2,https://bscscan.com/tx/0x7f426a2e5c956d4865526ff83efd5ba5e1a85afa2b3158e2ef8976f0a2bcd0a4
2023-03-24 00:35:07,False,4.2182,0.01279,5.92947,0.0758,0xcb...d56a,https://bscscan.com/tx/0x9f190b5b00c08692249d293acf7ccf414d9ca95dd9a0a9da653cade71a461f58
2023-03-24 00:17:19,False,4.2184,0.01279,2.90467,0.0371,0x9e...bc9a,https://bscscan.com/tx/0x243b8169e799badd296ca5c444d6f0ad5abf925de234c99398c82986d8fd7ee1
2023-03-24 00:16:46,True,4.2126,0.01284,49.5924,0.6368,0x71...69e3,https://bscscan.com/tx/0x7b918cf9f5ad42ad560e4bd8e4186fa4a99b3413f1b82f6c71487dec2ea850b0
2023-03-24 00:10:43,True,4.2013,0.0128,50.1655,0.6424,0x3e...a7c8,https://bscscan.com/tx/0xc433a40040534e918a8fae32a81989043bedfe1dac5c59cac3a72565df4a8b89
2023-03-23 23:43:15,True,4.2097,0.01278,25.1822,0.3218,0xc1...19b9,https://bscscan.com/tx/0x6460acde9b027a0ea04a8051a2d27b79b3293ed991531c9caa43f344e0e56246
2023-03-23 23:41:18,True,4.2009,0.01275,53.1622,0.678,0x67...b7c1,https://bscscan.com/tx/0x19993d9f05e7cccf6ba025f5b0f4ee3bdf191dcd1756ffd8679c7586358c213d
2023-03-23 23:33:09,True,4.1906,0.01271,51.1354,0.6503,0x05...7eea,https://bscscan.com/tx/0x933f1ee30dffc438246d27b370a6e3b7eb410e335e5f48e568c3aa03ceb4fa32
2023-03-23 23:32:51,True,4.1938,0.01269,14.4409,0.1833,0x2d...7822,https://bscscan.com/tx/0xade482a7eacb3392b40713e3e48a91e63f93bd26777132790fbd575d7394434c
2023-03-23 23:15:06,True,4.1569,0.01267,38.2483,0.4849,0x2d...7822,https://bscscan.com/tx/0xbd41bc991d39ae75deac19d22b991a30dd3dd80479c37c0604aa9b2cf1a04ade
2023-03-23 23:10:21,True,4.1476,0.01265,34.7495,0.4397,0x2d...7822,https://bscscan.com/tx/0x6e2bfc2e902d8b326728dd7b7c6692fcb8a9ab3b138d12dc4ed629229cd9ccaf
2023-03-23 23:09:00,True,4.1605,0.01263,35.9671,0.4542,0x2d...7822,https://bscscan.com/tx/0x1785ec61acc3c307dd54a1dccfd4df219303076b568d4de2261f19547e27d5ea
2023-03-23 23:03:51,True,4.1241,0.01258,103.119,1.29755,0x2d...7822,https://bscscan.com/tx/0x65aa468b4104eb3f6492b56aeb9846c24ff2fe60419685e1c3c154f4e236488b
2023-03-23 23:03:51,False,4.1179,0.01256,234.152,2.94192,0x65...cb0b,https://bscscan.com/tx/0x61e7bb0a890e287623cfad0d7786555adcaae1e259db5da7540ac5d5d4e8bf01
2023-03-23 22:46:05,False,4.1594,0.01269,141.076,1.79031,0x2d...7822,https://bscscan.com/tx/0x76ad9811bdce468744f7538e31b3dd6746d3503351d3d98a22530aeb78b93203
2023-03-23 22:46:02,False,4.1794,0.01275,38.5075,0.491,0xa7...5ce5,https://bscscan.com/tx/0x0e9284e00fa7509278b83d33b0ff5fc0d498db3283101c9656c6b171944bee81
2023-03-23 22:46:02,True,4.1795,0.01275,242.228,3.08887,0x23...91f0,https://bscscan.com/tx/0xd3c4d0f2d7224f1366c3c8e332dbfe155e88a538712fa15d6a5da69e9e8551e1
2023-03-23 22:23:43,False,4.15,0.0126,4.0,0.0504,0x55...ce90,https://bscscan.com/tx/0x8986a7df01c129a544d4e57e94cb74a8ab35a583d4f2a518ae9f21354e492119
2023-03-23 22:18:16,False,4.1446,0.01264,122.411,1.54775,0x91...79fe,https://bscscan.com/tx/0xab35a500608dd9eb90c32b0a5bfab7d70334d60f0fa48f71e4ec212d7d302a1a
2023-03-23 22:18:13,True,4.1711,0.01272,71.3377,0.9077,0xb5...d24b,https://bscscan.com/tx/0xcefb34d1a2d299098e833ace06a560435975c7592d0f7ad231dbb12e29098bd0
2023-03-23 22:15:49,False,4.1533,0.01266,69.0335,0.8739,0xda...6e1f,https://bscscan.com/tx/0xa83e46f2c6c4ea2984cec5c3dc5f295c7389b6293ff4f6de3b19a2e59504f204
2023-03-23 21:34:56,True,4.1801,0.01273,40.0033,0.5093,0x2d...7822,https://bscscan.com/tx/0xca3dc8a8ff402bdf68933d5a7c1305a1163e020ddcbde14165f16567ec6b2466
2023-03-23 21:11:14,True,4.1983,0.01271,2.62774,0.0334,0x89...b236,https://bscscan.com/tx/0x44fdf08259914dfeedbd6e770ceb2451dc0a6b21da084b63f37b76b015dd58cd
2023-03-23 20:58:59,False,4.1702,0.01269,124.351,1.57887,0x2d...7822,https://bscscan.com/tx/0x48aeb882ac54723cde4d22991bb01bd8203f6b54fc008e95e3ff9e419bd2cd69
2023-03-23 20:58:59,True,4.1917,0.01276,118.533,1.51275,0x30...409c,https://bscscan.com/tx/0xc29210d71e4d04d038259128bbead3e4e80212f468c5e4d0497414fbbff8bf57
2023-03-23 20:54:11,False,4.1644,0.01268,73.5657,0.933,0x52...1c7e,https://bscscan.com/tx/0x50358f5b071072e24af76d9f1c8f31d0e60a66453443d573c022b2f9ed12ef60
2023-03-23 20:50:38,True,4.1997,0.01273,95.2075,1.21289,0xb6...4942,https://bscscan.com/tx/0x1e8cc24e70f176873bc02c22640ed4437dd3cb194e8940fb09a4b9b7e3c621db
2023-03-23 20:00:05,True,4.1546,0.01269,50.2287,0.6374,0x9d...6dab,https://bscscan.com/tx/0x35214cbafc3be28f5382c1b042c1cc6b796f916c4ded7e8237be8e2b70e1725c
2023-03-23 19:55:40,False,4.1205,0.01263,82.1856,1.03861,0xb6...4942,https://bscscan.com/tx/0x6dd17101695249febfb8a19b6371e421ca8a3b13fa76cd3dd02f1b9e7e8ace31
2023-03-23 19:48:25,True,4.1711,0.01272,2.96873,0.0377,0xa8...ffc1,https://bscscan.com/tx/0x8e22ef3a58a283857d12a2e9cb6bce0d03cfa2be10894e7b641c38e85a1189b4
2023-03-23 19:48:07,False,4.1786,0.01268,66.9879,0.8498,0x52...1c7e,https://bscscan.com/tx/0xe4832b9c4cedd754ac4be92e555d50448345ada450bff423466900ea3a782ba7
2023-03-23 19:41:28,False,4.1723,0.01271,29.0048,0.3688,0x91...79fe,https://bscscan.com/tx/0xa0af07d1dc3f63744e31d421de8c79945b11826d1d305a8e83bc9f17c4b5d841
2023-03-23 19:31:15,True,4.2142,0.01278,35.6056,0.455,0x10...c944,https://bscscan.com/tx/0x69c0790a7149a40302eb6cf69c12a4828085618e56fab33c8a5523fd4589dd6c
2023-03-23 19:30:42,False,4.1761,0.01272,72.785,0.9264,0x52...1c7e,https://bscscan.com/tx/0xe256595a5598f340acc0a66a32410ac9206d57f4bc97a065a5fa673d23230353
2023-03-23 19:03:09,False,4.2087,0.01277,61.2814,0.7828,0x62...1f10,https://bscscan.com/tx/0xcba3313141697c70c046ecd101db70845151286996e3219608250d2e42322087
2023-03-23 19:00:17,False,4.2218,0.01281,67.0269,0.8592,0x62...1f10,https://bscscan.com/tx/0x23e78ad03af54b911b2a11447df59e2d0bb075347e56ddafbe47fdec325362ee
2023-03-23 18:35:07,True,4.2512,0.01289,43.608,0.5621,0xaa...a864,https://bscscan.com/tx/0x61f1ca1c710f6d422ea83637f8522b0190410aaaf2a89c5faada312e538e6c16
2023-03-23 18:11:58,False,4.239,0.01283,67.5111,0.8665,0x62...1f10,https://bscscan.com/tx/0x96fe641741bbe8b1ad22857b16306ac6ed48cc57c41d2de41ad035702880c496
2023-03-23 18:01:28,True,4.2619,0.0129,51.6952,0.6671,0x09...18f7,https://bscscan.com/tx/0xf56b36f02220263fecda4091388d8605b17c33b89244f1b99157fafd03dbb599
2023-03-23 18:00:46,True,4.2289,0.01286,53.0308,0.6824,0x00...78d2,https://bscscan.com/tx/0x5bbed420f084e0c68689cf57dd16b2fd1a6618cbd15b188856fc70c22ac1cf91
2023-03-23 18:00:43,False,4.2131,0.01282,100.0,1.28203,0x8e...0213,https://bscscan.com/tx/0x8c9ee73355295efa2c6b2a23a2fac4c841fad7f6c8c037a637eb632bde7ffb47
2023-03-23 18:00:16,True,4.2517,0.01287,132.119,1.70082,0x91...79fe,https://bscscan.com/tx/0x726e8f2fa64d100b7e9362e2ccfb3ccec8576549c6b39521a41569e2cd3c1516
2023-03-23 18:00:16,False,4.2268,0.01279,100.0,1.2798,0x8e...0213,https://bscscan.com/tx/0x8bc7101b0f5ccb6f0a1dbb39b04a029c3e74d33eb1727f95e239f03c2ae1a841
2023-03-23 17:59:22,True,4.2536,0.01287,52.0556,0.6704,0x00...78d2,https://bscscan.com/tx/0xc75b4f1ed532dc9404db4f8b8b961d18b65b666c006fc0c180d7626dbdc48a39
2023-03-23 17:59:01,False,4.2376,0.01283,100.0,1.28309,0x8e...0213,https://bscscan.com/tx/0xaba3adf47d6f8d316b3c323165991779e0a8847aefe4f054a492648f3c182f59
2023-03-23 17:58:37,True,4.2337,0.01288,133.346,1.71798,0x52...1c7e,https://bscscan.com/tx/0x6cddcf4ca82b10aeb12fc867906ef8a01405bfb8865b85dc067c71e26036e94d
2023-03-23 17:58:37,False,4.2088,0.0128,100.0,1.28077,0x8e...0213,https://bscscan.com/tx/0x19ebceea83b758093d86c1d5cafd7033e90dca9981c9b6d92ed57270f5c6f3cc
2023-03-23 17:58:19,True,4.2528,0.01287,85.3992,1.09968,0x56...0086,https://bscscan.com/tx/0x6ee301c7208789aca664abf8be7fc45a8b209e5c10abe1ef65f565629b35ef57
2023-03-23 17:58:16,False,4.2332,0.01281,100.0,1.28176,0x8e...0213,https://bscscan.com/tx/0x4d8cd4b7ad4d367dae07c43a82b0a05238f14ea858c6407767fac7a2cf1f6dea
2023-03-23 17:57:58,True,4.2545,0.01288,96.4152,1.24212,0x71...69e3,https://bscscan.com/tx/0xc77d4f2085e227fc93ef384d799e6efa7d33e9369159e5206e320be52b528cd6
2023-03-23 17:57:55,False,4.2336,0.01282,100.0,1.28199,0x8e...0213,https://bscscan.com/tx/0xe57ee0e006bc454a20cdc4a287af77f3021c0d615a1105b6b2ad93f585e556b9
2023-03-23 17:57:34,True,4.2602,0.0129,52.109,0.6722,0x00...78d2,https://bscscan.com/tx/0x367e803b6ffcc0b91f80974b713c8f7125c5af09197cb20b32bb0c208ab84e98
2023-03-23 17:57:25,False,4.2232,0.01285,100.0,1.28529,0x8e...0213,https://bscscan.com/tx/0x3bf881db34cf5a137801a4d23bbca4895fb4e77189b7da9e1696bbb521afd372
2023-03-23 17:57:01,True,4.26,0.0129,150.693,1.94388,0x52...1c7e,https://bscscan.com/tx/0xf6d0ea352a5e6bf01b75165c12d06e2859d350e2145e36af877677d0dc76f877
2023-03-23 17:57:01,False,4.233,0.01281,100.0,1.28177,0x8e...0213,https://bscscan.com/tx/0x42dbaf6c10d0f2a0a22e5399a1d3a982b700edd676e9fce06713a08ca14ef18d
2023-03-23 17:56:46,True,4.2514,0.01287,124.093,1.5975,0x67...b7c1,https://bscscan.com/tx/0x27025ebdc2823ab1a9b471849cbfa51ffd96ee4f37b5bccd690d9aefe9d14531
2023-03-23 17:56:43,False,4.2274,0.0128,100.0,1.28009,0x8e...0213,https://bscscan.com/tx/0x7d6adf6df05a05e73c1212df4fd7a04055dd25af35be1df5d378df47e63ee8c8
2023-03-23 17:56:10,False,4.2286,0.01287,100.0,1.28699,0x8e...0213,https://bscscan.com/tx/0xb58786c7b933a2912f4dd86e9455eb55b4ebcb7667c0f055549d33844202ed42
2023-03-23 17:55:58,False,4.2628,0.0129,12.3307,0.1591,0x38...28dc,https://bscscan.com/tx/0xa24505bd1b69cc523fbd0f20404ca661f7af2ab79aa6f0528c0b4311e72af836
2023-03-23 17:55:43,True,4.2582,0.01289,232.326,2.99627,0xda...6e1f,https://bscscan.com/tx/0x11a9148382d1f5892eb3762f62c2168f5d3fe768c7ed64731f47f25a3c8ba07f
2023-03-23 17:55:43,False,4.2219,0.01278,100.0,1.27867,0x8e...0213,https://bscscan.com/tx/0xa7644291fa49579217a572636ac0a4c91f0f05a3982ac7db99dfdb0382d1865f
2023-03-23 17:55:25,False,4.2446,0.01285,100.0,1.28557,0x8e...0213,https://bscscan.com/tx/0x43d21a906a36b9237a3cf7afd21f9de40932b7a78b02335110851e8bbc185a7f
2023-03-23 17:55:01,True,4.251,0.01287,227.766,2.93263,0x52...1c7e,https://bscscan.com/tx/0xcb95f5071bb5fbe119bd66d3e3a2ce25c8fc890c0251e49c72a063b36f27ec66
2023-03-23 17:55:01,False,4.2266,0.0128,200.0,2.56034,0x8e...0213,https://bscscan.com/tx/0x3f31bf0622c0159e4fcd48362aca8d3501e21d989585e385cf32d975d8c39e5d
2023-03-23 17:54:25,True,4.2326,0.01288,144.913,1.86716,0x52...1c7e,https://bscscan.com/tx/0x35179c9e8ef1fd12721a24322a3cf46b66f5cf155f2cf4b1b6921925234282d5
2023-03-23 17:54:25,False,4.2064,0.0128,100.0,1.28049,0x8e...0213,https://bscscan.com/tx/0xfde5310d92de080d7af5c846991a7d5b14ad955bf806ffdbc0f15ef5283fb5e1
2023-03-23 17:54:04,True,4.2541,0.01288,53.0924,0.6841,0x00...78d2,https://bscscan.com/tx/0x240789899d61048cfa3363e0157f8c679fda74a891476c9a216a1aa670be028c
2023-03-23 17:54:01,True,4.2401,0.01284,69.2963,0.8899,0x11...a5bc,https://bscscan.com/tx/0xdd79b1494f1f4eba7356db4fbf582b6a82c00093ed0820c863974e98c03d57e7
2023-03-23 17:54:01,False,4.2224,0.01278,100.0,1.27893,0x8e...0213,https://bscscan.com/tx/0x378ff346e4b6dd8f68c451636ef027b0c062d388b64359f314845973da032dab
2023-03-23 17:53:40,True,4.2491,0.01287,49.8151,0.6411,0xaf...847e,https://bscscan.com/tx/0x7052cd0b0fb6bf61151fba7a5c65361736e2bb2a57b3b50ca448733bcd2371ef
2023-03-23 17:53:31,True,4.2366,0.01283,59.7675,0.7669,0x11...a5bc,https://bscscan.com/tx/0x6ee6a6fdf9cc537283d11686d096378133ff5aaedfd06b33a05707169f8bf37c
2023-03-23 17:53:31,False,4.22,0.01278,100.0,1.27825,0x8e...0213,https://bscscan.com/tx/0xe1552eaf1cca93ea1fb58952ccca4df2881a50348df05431de7ca7cef7433a62
2023-03-23 17:53:04,True,4.2158,0.01283,135.556,1.73976,0x91...79fe,https://bscscan.com/tx/0xdb849f0e9926b4a3dc729e86ddc1a6cbd3e6fe1effc33057e92a676ae1285d1d
2023-03-23 17:53:04,False,4.1908,0.01275,100.0,1.27579,0x8e...0213,https://bscscan.com/tx/0x00c9a933154777d97160d733088c73155a23dd6098a58a8a31e2516ea8f05584
2023-03-23 17:52:37,True,4.2151,0.01283,70.2961,0.902,0x43...fe22,https://bscscan.com/tx/0x1e0285a9717e27fe6f5086bbfc8124834bfc2dee235da3e91a1361a381894a22
2023-03-23 17:52:34,True,4.2029,0.01279,37.0519,0.474,0x00...e049,https://bscscan.com/tx/0xeacb43eee3c35729ad6e771ffb099d0e6d11cd53caf766790fc1e1bfab7359f5
2023-03-23 17:52:34,False,4.189,0.01275,100.0,1.27527,0x8e...0213,https://bscscan.com/tx/0xf31c8780a64ae5c6da3fb7d20a75555361499bbc29de33fdde803aeaf1efd0fd
2023-03-23 17:51:37,True,4.237,0.01283,56.3972,0.7236,0x2d...7822,https://bscscan.com/tx/0x4274922113fbf459b2ad1e5441407168e26b31cbc0a386e4c35ecee269039694
2023-03-23 17:51:37,False,4.2208,0.01278,100.0,1.27825,0x8e...0213,https://bscscan.com/tx/0x8f456977aec78f0087e87be2aa6d8724442e40a80fb2517f211e8e0765e03bdf
2023-03-23 17:50:49,True,4.2185,0.01284,119.577,1.53533,0xda...6e1f,https://bscscan.com/tx/0xdb07cd167adf8540ebb1435026dc3a9de63d8f8c7f1dd1f842814c1cb8c6eca2
2023-03-23 17:50:49,False,4.1952,0.01276,100.0,1.27688,0x8e...0213,https://bscscan.com/tx/0xfa30f89effc90dd1b8af7091983fd897d22e0728aebd3839c7e5a9554503eba0
2023-03-23 17:50:10,True,4.2166,0.01283,104.17,1.33663,0x2d...7822,https://bscscan.com/tx/0x739af6fb579f67d99c705ed1b2850dd4ddee839d276edbe28aeef0a6b8a310dc
2023-03-23 17:50:10,False,4.1951,0.01276,100.0,1.27658,0x8e...0213,https://bscscan.com/tx/0x28c35e060e7d4ac81789a7d8541b3663e05326643bf41ab17f53c77c8cf531b7
2023-03-23 17:49:28,True,4.2398,0.01283,77.8367,0.9992,0x2d...7822,https://bscscan.com/tx/0xebc7f1a412fec4c622a88aa0158490154b9a63b229ab8131c2af8eb708d41cb9
2023-03-23 17:49:28,False,4.2211,0.01278,100.0,1.27808,0x8e...0213,https://bscscan.com/tx/0xe0204f5d128ee91d0283b30baa98ac833b71aeddeaae471b11d4ef1a3cb735c1
2023-03-23 17:47:46,True,4.2471,0.01285,76.0351,0.9772,0x2d...7822,https://bscscan.com/tx/0x1e62c4544da3edc9dc727598273dc3c0e9e7d7f767a4addd708668553e208136
2023-03-23 17:47:46,False,4.2286,0.01279,100.0,1.27972,0x8e...0213,https://bscscan.com/tx/0xdba2d28f74db5de3467997b365ab1050e0ee277d1878af55a5035bb650cf1cb2
2023-03-23 17:47:25,True,4.2275,0.01286,90.9695,1.17026,0xda...6e1f,https://bscscan.com/tx/0x1c1d951fb76519dd557083a97bd5bce3cb6e7127ecff08b06727bb657e59a987
2023-03-23 17:47:25,False,4.2074,0.0128,100.0,1.28032,0x8e...0213,https://bscscan.com/tx/0x267252737b76cacd922f1f64b8c28b17ec57604581bd236dceb16dd30fa8df55
2023-03-23 17:47:04,True,4.2291,0.01287,93.5104,1.20344,0x2d...7822,https://bscscan.com/tx/0xd2d5681d2299eceacb1001cda62e9545886120bb2fdfd68e125cfdc920d8a73a
2023-03-23 17:47:04,False,4.2087,0.0128,100.0,1.28075,0x8e...0213,https://bscscan.com/tx/0x68c93d6c8880715cbfb8486e2f6600a7a9a7ceed47a9c156e31f29922f3367d1
2023-03-23 17:46:40,True,4.2495,0.01286,112.869,1.4523,0x2d...7822,https://bscscan.com/tx/0x73e2981b0f1b21b20ab9a9052b98f0fb7e285eaa6e3a90a6200e9db9bfd51a8e
2023-03-23 17:46:40,False,4.2269,0.01279,100.0,1.27985,0x8e...0213,https://bscscan.com/tx/0x7f549aae24fe5b3609a827697b31753fb776663c09c366427f5c9c78912ab852
2023-03-23 17:46:16,True,4.2281,0.01286,88.5818,1.13974,0x2d...7822,https://bscscan.com/tx/0x50c238f86d036e56993ea0fc97b1901b9e239201936482403bfba74bad6592d0
2023-03-23 17:46:16,False,4.2083,0.0128,100.0,1.28062,0x8e...0213,https://bscscan.com/tx/0xd0ebb2fb30148b70c46c416aa5b0db44df6e3151d986ba8a3a9edf9129ededb9
2023-03-23 17:46:10,True,4.2368,0.01289,34.8924,0.4498,0x2d...7822,https://bscscan.com/tx/0x9a4c0a4e8cdc45659815b3a9b1dc221f75ccce0b942a58326fd7591e193a3767
2023-03-23 17:45:58,True,4.223,0.01285,86.9976,1.11797,0x2d...7822,https://bscscan.com/tx/0x791bc0e607b20a1a1b73d672e75f5a9e441ff114c1a10ef35f543e3e7dcf6048
2023-03-23 17:45:58,False,4.2034,0.01279,100.0,1.27909,0x8e...0213,https://bscscan.com/tx/0x3a0c188298512ecbbc7cf8e707b90ed58c13dd00bb29cf9549fce1212923d8eb
2023-03-23 17:45:31,True,4.245,0.01285,107.869,1.38636,0x52...1c7e,https://bscscan.com/tx/0x6d43d814d9ac1471d6a118b0b861923b345cf52788af356d23f59cade73885c9
2023-03-23 17:45:31,False,4.2229,0.01278,100.0,1.27853,0x8e...0213,https://bscscan.com/tx/0xf277e3d35672c3192e5fba2ef42cbfa28310383e369db71ea257669bd7b1cfe8
2023-03-23 17:44:49,True,4.2366,0.01282,163.779,2.10085,0x2d...7822,https://bscscan.com/tx/0x4778d0e0ce579751a4d82e6cf40b12a85244c0ee5885e308175275fe05e1c841
2023-03-23 17:44:49,True,4.2105,0.01274,66.3607,0.8459,0x62...1f10,https://bscscan.com/tx/0x3a635d89551949412eecd654dd8b868d430b5dfefadcfebc3f653f6db49b6ec0
2023-03-23 17:44:49,False,4.2152,0.01276,294.0,3.75217,0x8e...0213,https://bscscan.com/tx/0xb7fb183bedd0498c66e79632b7499f4d7b8f4948424aee08b58d5d5d6988ab3d
2023-03-23 17:44:16,True,4.253,0.01287,157.349,2.02559,0x91...79fe,https://bscscan.com/tx/0x4be77070632e7a93ff87c3fba0fb31c438c4ac15f16183663db492e39571c2b4
2023-03-23 17:44:16,False,4.2252,0.01278,100.0,1.27891,0x8e...0213,https://bscscan.com/tx/0xa76ced13f5ddd7b14814fb4e7a946b95e61b4f5bb2b41e693067000465e90dcd
2023-03-23 17:43:43,True,4.2225,0.01284,123.079,1.58098,0x52...1c7e,https://bscscan.com/tx/0x607354939f42ba3e064f89821c5b311aa090f4bd7bdc82be6c093fab58c57e04
2023-03-23 17:43:43,False,4.1988,0.01277,100.0,1.27731,0x8e...0213,https://bscscan.com/tx/0x4459bdd55ac93c2a0e0788413e2cc685fa32cdfa357c27c92bf13664c977dc5d
2023-03-23 17:42:10,True,4.2235,0.01285,62.9257,0.8085,0x2d...7822,https://bscscan.com/tx/0x5bc66fa50d0b500c3547d2f536bcb7e94a3d994da66efbca60a3c8863118617c
2023-03-23 17:42:10,False,4.2066,0.01279,100.0,1.27984,0x8e...0213,https://bscscan.com/tx/0x11649125881141affa4d431feb735899155bf0e5482553a5ab1ef24bc6885950
2023-03-23 17:41:31,True,4.2284,0.01285,123.444,1.58679,0x52...1c7e,https://bscscan.com/tx/0xe29a591e9c31a345e26225f696743dcfeec180175d8080699498f0dca7253ef4
2023-03-23 17:41:31,False,4.2046,0.01278,100.0,1.27821,0x8e...0213,https://bscscan.com/tx/0xc98f5e900211e34d6f0b0a8909dfd55d2e8003102f6a0758f272a720f13109f6
2023-03-23 17:40:49,True,4.2286,0.01285,61.3207,0.7885,0x2d...7822,https://bscscan.com/tx/0xe3372fbeb30c732f911db652c8afc127645fbf8a5e21c18eb1857487b6244a91
2023-03-23 17:40:49,False,4.2119,0.0128,100.0,1.28086,0x8e...0213,https://bscscan.com/tx/0xa2818e0962e62eb6f1d36f12183abe29f08060ca6b16d9546c4b319cbe355793
2023-03-23 17:39:58,True,4.254,0.01287,102.252,1.31618,0xda...6e1f,https://bscscan.com/tx/0x445fa11075be50352c121c5dd6aea0b34eae6c77ef3931d5bd6180a2816aa396
2023-03-23 17:39:58,False,4.2325,0.0128,100.0,1.28069,0x8e...0213,https://bscscan.com/tx/0x95ce3184ada1e8289f7446e61254392bc3e0e4e677f4ac8e1ea5f8edebb04a32
2023-03-23 17:39:13,True,4.2516,0.01286,129.459,1.66494,0x62...1f10,https://bscscan.com/tx/0xa07d631fdf262072f5962dc4eed315a896f44ad5cd3bc729abee82db35ee9fa5
2023-03-23 17:39:13,False,4.227,0.01278,100.0,1.27864,0x8e...0213,https://bscscan.com/tx/0xacb21d635e0c54847610de9297cbbb304a972324440def168a75ded6b8de5b6c
2023-03-23 17:31:07,True,4.2595,0.01287,36.95,0.4756,0x2d...7822,https://bscscan.com/tx/0x0a450526e659d832cbed4c08ba336fd445ff9c831919db84549d0a541f9ff982
2023-03-23 17:24:49,True,4.2521,0.01285,13.6654,0.1756,0xbb...c106,https://bscscan.com/tx/0xd233c0d5f8b7ca4ec03ab21b8a2b981302609fdcb415bcfef53516194fbadab4
2023-03-23 17:19:34,False,4.2398,0.01281,82.1856,1.05314,0xb6...4942,https://bscscan.com/tx/0x7758a82cc33c74b1bee63a0f04fe495253e6c727d83c6b4172e164538e1be729
2023-03-23 17:07:51,True,4.2505,0.01289,49.4946,0.6379,0x81...1881,https://bscscan.com/tx/0x32983a200ce66e4dc60085acbcc5fbcffdaf98ffcd216b72f31dd3276bbf0efb
2023-03-23 17:07:48,False,4.2519,0.01289,91.3784,1.17821,0x90...7ad1,https://bscscan.com/tx/0x82b92e414d4f7e1003f89dd449dfdba49adae7dbde05026110546bee6cc76231
2023-03-23 17:07:48,False,4.2802,0.01298,154.845,2.00986,0xb0...a41e,https://bscscan.com/tx/0xfe5822725262ab10b402af6743550898e6daccf0e4e15c737d0ca37bd39748b6
2023-03-23 17:07:45,False,4.3167,0.01309,160.474,2.10081,0x2d...7822,https://bscscan.com/tx/0x1649a275d1ec0def1785af12f5590b64e222309f4c2be08a5366478d0dd63b33
2023-03-23 17:07:45,False,4.342,0.01316,54.6954,0.7202,0x4b...1acf,https://bscscan.com/tx/0x8c69be23dd61d3b7ab5768dd1f79fbbc4c7a1998022cf6b9095dcc598fb43dba
2023-03-23 17:07:45,True,4.3095,0.01307,514.991,6.73072,0xea...9991,https://bscscan.com/tx/0xc9d88ed303afad89bab13fe661939b8e7c31d09ae787af2de4d6ded4d786a005
2023-03-23 17:05:24,True,4.2259,0.01281,52.2838,0.67,0x2d...7822,https://bscscan.com/tx/0xfb02d17c72f7f0fec02cddecf8a67e306262d9935fb0a18dca54e52ecd6db608
2023-03-23 17:05:21,False,4.2112,0.01277,109.489,1.39839,0x2f...7009,https://bscscan.com/tx/0x463d1d23240f4a7644ee2426414ebc8dad29a40abcacdd8e89229af40779f6ee
2023-03-23 17:05:09,False,4.2276,0.01282,35.6998,0.4577,0x10...c944,https://bscscan.com/tx/0x2ec5b58de465418d803faea3845b4b38f5d355c85207e786d6ba5e85409e5f4d
2023-03-23 17:03:03,False,4.2551,0.01284,36.2372,0.4655,0x2d...7822,https://bscscan.com/tx/0x1074a2b2d81187fcb57920547a92013ee4989802dbf1551a6b7649d05abf8620
2023-03-23 16:54:21,False,4.2487,0.01287,33.2004,0.4273,0x2d...7822,https://bscscan.com/tx/0x18c9d128da10504499a1dacc0d60c10ec325eb4e1bc847e7769bf237ffd01dc3
2023-03-23 16:29:32,False,4.2469,0.01289,44.6107,0.5753,0x2d...7822,https://bscscan.com/tx/0xf7436a6e263db0a60d43d671f28bb85c9fdc5980b21bb50e575265cdaffee6ff
2023-03-23 16:24:05,False,4.2635,0.01293,47.7999,0.618,0x43...fe22,https://bscscan.com/tx/0x9ab065bb72fcaf791f3cea71bc156336aa8152994d902670c82fb31ec40dd606
2023-03-23 16:23:02,False,4.2785,0.01296,57.6614,0.7476,0x2d...7822,https://bscscan.com/tx/0x8aa00afb34ccafa620b2d82f2f6824ef92669bb46c40d1f304e012e155f4c26d
2023-03-23 16:23:02,True,4.2986,0.01302,69.7897,0.9091,0xf4...9904,https://bscscan.com/tx/0x54877153080535024a144e865f5a6a6a1af7fd0c277ecc9aa7da257009c8d548
2023-03-23 16:20:56,False,4.2791,0.01295,34.9782,0.4529,0x2d...7822,https://bscscan.com/tx/0x1a025e4ba24518970234f3ffcf7b2d4dc155a42ec2b0131a0fc4ec35d96cabcd
2023-03-23 16:19:59,False,4.2884,0.01297,37.0725,0.481,0x2d...7822,https://bscscan.com/tx/0x39b0b3b9d05838ebfc674a7ef76b69ad160dfc74f6730ae3e942c6d6676c5c26
2023-03-23 16:18:14,False,4.2769,0.013,48.8032,0.6347,0xda...6e1f,https://bscscan.com/tx/0xa0126061becf039fe87fa20be158932d7417ab87fcc2c99499ecd422b785ac1c
2023-03-23 16:15:17,False,4.2906,0.01303,39.7815,0.5186,0x2d...7822,https://bscscan.com/tx/0xece4c5de8485834e4bd261a44d03f41d2ce74d359878a370887be733dd397372
2023-03-23 16:15:17,True,4.3031,0.01307,116.192,1.51924,0x69...3a41,https://bscscan.com/tx/0x8020869b3b7df59b7feb96ad2076035568c29477e5b55f7fcb387d52302f544b
2023-03-23 16:13:38,True,4.2646,0.01302,34.9044,0.4545,0x2d...7822,https://bscscan.com/tx/0x4bdfdc2c278bd96bdd359fc39ff23da18bfdf048a344f52e96e7ad622414599c
2023-03-23 16:11:20,True,4.2713,0.01299,42.2009,0.5483,0x2d...7822,https://bscscan.com/tx/0xfe31b0c5aae34f4fec95516f0d06ad02767e460af5db762e5b73618bd4cea4c6
2023-03-23 16:06:45,False,4.2436,0.01291,2.86599,0.037,0xa8...ffc1,https://bscscan.com/tx/0x11d4807120fae563615f28322f7da3279234880772275ce205e31942ceec2eaa
2023-03-23 16:06:42,True,4.2595,0.01296,46.9496,0.6087,0xb6...4942,https://bscscan.com/tx/0x7bf4d93f72b62d20f5475097140f2bef9226b0887d88edae7b4a12cf9d3b9d10
2023-03-23 16:00:32,True,4.2091,0.01293,37.4651,0.4846,0x2d...7822,https://bscscan.com/tx/0x7c6a1521fe47386c54f1645cf107ae7257f9538101e6d54f495dd371f19a72c2
2023-03-23 16:00:20,True,4.2186,0.0129,46.4532,0.5995,0x2d...7822,https://bscscan.com/tx/0x1480a9b5ae124a194e1c962787df1d180766a16e1cc91f5a32b1a1f3aa28c27f
2023-03-23 15:59:35,True,4.1897,0.01287,35.4152,0.456,0x2d...7822,https://bscscan.com/tx/0xb2cfdc985f03d113bf08398db8eae138a7dc4426feaee89aeef42378f05ba119
2023-03-23 15:59:08,True,4.1825,0.01285,36.2231,0.4655,0x2d...7822,https://bscscan.com/tx/0xc63ae38a459a0a9f9a02c0eda50a6bec51ab53fe092dae41a46a56a014714cdd
2023-03-23 15:57:08,True,4.1701,0.01282,40.1001,0.5143,0x2d...7822,https://bscscan.com/tx/0x5b394e1c078cebce71c8a2f5b9c86f34208b83ddd98d206c1598432bf672ef9a
2023-03-23 15:47:05,True,4.1208,0.01279,41.7551,0.5344,0x2d...7822,https://bscscan.com/tx/0x8a0447bdd631ac9250b0550fe2b0c975676dc096c5a104b49b56ab4e6668ef17
2023-03-23 15:28:35,False,4.1013,0.01273,37.2122,0.4738,0x2d...7822,https://bscscan.com/tx/0x00b7a2d6fb18abcfa5332748a9c0caef5fa32d74a7c5fe000ae2d9d77ebd932e
2023-03-23 15:13:32,True,4.1419,0.01279,42.5193,0.544,0x2d...7822,https://bscscan.com/tx/0x9048ed2bfc3c2da97c621adbd7fa08340d504bb94d6a47d358bc0e3af20c5ecd
2023-03-23 15:06:50,True,4.138,0.01276,34.2,0.4366,0x2d...7822,https://bscscan.com/tx/0x5baf4f045c47558d0f7bcce7059bf8a1f6cac684067dc0179db94a644940927b
2023-03-23 14:54:44,True,4.1095,0.01274,37.7304,0.4808,0x2d...7822,https://bscscan.com/tx/0x128cb707be3d66c45494e155dedc3543576e01e10def8a04f337c1d6be70cd72
2023-03-23 14:38:42,False,4.1056,0.01266,2.44784,0.031,0x17...baa5,https://bscscan.com/tx/0x7b7e8cea8f129b32465e892da7beebb5d62eefcef40db0ab1de92f71b58385ee
2023-03-23 14:24:45,True,4.1316,0.01273,3.34198,0.0425,0x0e...2f4c,https://bscscan.com/tx/0x234b46246c8f63cca9739470484d9d6ff3e40f06d30bf952627e4079261eb3bb
2023-03-23 14:24:42,False,4.1175,0.01268,62.6663,0.7951,0x67...b7c1,https://bscscan.com/tx/0x6d65f0fa880d179837fbe421be37850f80f58424d54d2b0a0a277f0d19d5fcbe
2023-03-23 14:22:16,False,4.1296,0.01272,50.2389,0.6393,0x82...2196,https://bscscan.com/tx/0x57360133d6ae42ab98d9ce25db5848820d84efc89c6eec8355bf2e5390d30080
2023-03-23 14:20:05,True,4.134,0.0128,2.32624,0.0297,0xd3...7c49,https://bscscan.com/tx/0xff639d07410fe89abf68513f347f53b84f24212d93990a265b948afc6912cb92
2023-03-23 14:19:15,False,4.1386,0.01275,47.7622,0.6093,0xe3...d2ff,https://bscscan.com/tx/0x96ce311ac661fdd1944544ed79273a05c2aba8c91e45a3715781ac218a29e715
2023-03-23 14:13:54,False,4.1545,0.01279,53.7561,0.6877,0x00...78d2,https://bscscan.com/tx/0xeae20fb12e92f4568e0742bbad4f2cfb10018e8cc1b80ba801370da841119114
2023-03-23 13:57:39,False,4.1726,0.01282,43.5984,0.5592,0x2c...015a,https://bscscan.com/tx/0x18556e8a2d12e025d5ae2681fe8aaabd33032abcd1d0b2780b57c3694dabcc3b
2023-03-23 13:53:36,True,4.2004,0.01291,0.2323,0.003,0xd0...d051,https://bscscan.com/tx/0x8329ca7b530d5d8e1de448785f7e5d34c37a353cdc09b475754201a505ddf679
2023-03-23 13:44:18,False,4.1656,0.01287,88.9938,1.1456,0xd7...9ba4,https://bscscan.com/tx/0x7d46389af43018ea8fec735e1e79b8696fa40ace094214945fd2df12baefd6b2
2023-03-23 13:44:18,False,4.1937,0.01296,159.676,2.06933,0x2d...7822,https://bscscan.com/tx/0x4c5d0f5abcf156d6dd3ae96b4ff945d5ca9d6529f718d5eaeeffe7f7d4c97093
2023-03-23 13:44:18,False,4.2197,0.01304,69.2604,0.9031,0xbd...a89e,https://bscscan.com/tx/0x39edff24411a221a0060d9d169d1f7018014e774bb7467e4845f8b6edb9a35ef
2023-03-23 13:44:18,True,4.2193,0.01303,257.358,3.35561,0xba...1007,https://bscscan.com/tx/0x108545787aa4c6cb5ab078551cb8e051a5b198900c6927e46a60fafbde412bf7
2023-03-23 13:44:18,True,4.1799,0.01291,88.9938,1.14954,0xb4...4462,https://bscscan.com/tx/0x560e31d40a7554c88c591b7a306481d788ad644ccf66710909d09d688407b801
2023-03-23 13:32:18,False,4.1719,0.01282,0.044,5.646e-05,0x2d...7822,https://bscscan.com/tx/0xc3ca8e84be9062d9bc2a417547509c05086fdaac0e2d1efe0847adb1b3129bd7
2023-03-23 13:32:15,False,4.1759,0.01283,35.2321,0.4521,0x2d...7822,https://bscscan.com/tx/0xdce407df1a790689591875a5128a10a02f28ea863d3652b30dc09d81c8d6fc53
2023-03-23 13:31:57,False,4.1842,0.01285,35.2912,0.4537,0x2d...7822,https://bscscan.com/tx/0xf69f295cd6a767bd3501a43642cc6fd15b7e778f32ee922ebebd258bc25215fc
2023-03-23 13:31:51,True,4.1986,0.0129,93.0039,1.2,0xb1...6169,https://bscscan.com/tx/0x7a8f74a6047de1efafb7380f3308bc0aa0bed6799bf1044c26bad3c77177084b
2023-03-23 13:31:51,True,4.1804,0.01284,68.293,0.8773,0xef...cab1,https://bscscan.com/tx/0x9b1a06ac627530e28a5146671b8f45ce83b0820604ceb4744f4f793eeed3bdd7
2023-03-23 13:21:45,False,4.1364,0.01277,35.8934,0.4584,0x2d...7822,https://bscscan.com/tx/0xd2bf68964b0ba5e7bbbb13aff32a8b8f287a1dba826bca462e649c27380e7eff
2023-03-23 13:18:27,False,4.1417,0.01279,17.9089,0.229,0x17...272e,https://bscscan.com/tx/0x3eabb1798d36a197db2fbbe09e221be465399b845b5ab883b1db9c8d8c0589f5
2023-03-23 13:17:18,False,4.1479,0.0128,35.6372,0.4564,0x2d...7822,https://bscscan.com/tx/0x36fbf922b4fd6982fcf5a62e7ec0a4b4eb085be37d08cc0dbc942d4a0d784f07
2023-03-23 13:03:35,True,4.1935,0.01288,3.09473,0.0398,0x36...9f55,https://bscscan.com/tx/0x8d26b79788955405873c33efe73f440181cde619637b1151bd7e1e083e3a7c07
2023-03-23 13:03:26,False,4.1762,0.01283,35.6507,0.4574,0x2d...7822,https://bscscan.com/tx/0xbda356c41c1ab3844f61a5623933d5c6d416679b7383c82ef7d13298e196875e
2023-03-23 13:00:46,False,4.1849,0.01285,39.9981,0.5142,0x2d...7822,https://bscscan.com/tx/0xd19e1d5494dff407613fcd81d26c3a24bcd7a9be62fff58abe4650b8ba237a1b
2023-03-23 13:00:34,False,4.1933,0.01288,34.1586,0.44,0x2d...7822,https://bscscan.com/tx/0x56d96a2d56f6761abf475985f3acaf0cd0d8533e0781480f966bcc21ad67bfe3
2023-03-23 13:00:16,False,4.2011,0.0129,34.2076,0.4415,0x2d...7822,https://bscscan.com/tx/0x22617bfd85926daaf792fd3b7f2f16405220d95ffa0674ae3724d87e979ba22d
2023-03-23 12:39:19,False,4.1989,0.01291,0.0436,5.636e-05,0x2d...7822,https://bscscan.com/tx/0x3fef5b4aaeaa8d801db8821a5c4a88f01e8eb6f9e8ca1d7dca3c4fcd597c3991
2023-03-23 12:39:13,False,4.2031,0.01293,34.9029,0.4513,0x2d...7822,https://bscscan.com/tx/0x6959c6b191b0e624c39679a00e593c0c00eafcd3a115b5bf4bcd3b482cfdddab
2023-03-23 12:38:20,True,4.2278,0.013,7.07855,0.092,0x35...c197,https://bscscan.com/tx/0x826ca3ae79ea09dc5447ab62e0f7f307024f735c4d662a56c3a371f85a01ed2f
2023-03-23 12:18:33,False,4.2113,0.01295,36.0022,0.4662,0x2d...7822,https://bscscan.com/tx/0x3747d92207742f6c24e6b1eab8b1d2264ee1bcfec577279a9fd91ff8c13822a4
2023-03-23 12:18:03,True,4.2361,0.01302,3.25479,0.0424,0x0e...2f4c,https://bscscan.com/tx/0xd0466339544dc80ccb37814a9a89c0ea5cd583c42da6f1f3c560ef40c378211b
2023-03-23 12:17:51,False,4.2185,0.01297,34.4955,0.4475,0x2d...7822,https://bscscan.com/tx/0x49dbe12b4d4bd7b19b622a02bb7a5966f68d0dced5006fe5bb5440b00239fceb
2023-03-23 12:07:39,False,4.2371,0.01299,34.155,0.4439,0x2d...7822,https://bscscan.com/tx/0x3ecc36c6c4797728d430b1791208bd3bf2f7dfe94378bf5d48846b360d8fbb17
2023-03-23 12:03:00,False,4.2263,0.01302,36.4691,0.4748,0x2d...7822,https://bscscan.com/tx/0x9d489c306408f7a203997bbc7732330dbc1ceea48057e278897aecda7ead31fb
2023-03-23 11:59:15,True,4.2515,0.01309,2.22371,0.0291,0xf1...20b2,https://bscscan.com/tx/0x45bf707f958e5ac86353b662921cf0899efb1c411d37acef0998ab4c9ba9fcea
2023-03-23 11:56:57,True,4.273,0.01309,6.96241,0.0911,0x55...6193,https://bscscan.com/tx/0x1a0b5e4bedad9b8514020a1ba97d2fc6acb1bfe5e96a3a27f2c710cc1e4c07ec
2023-03-23 11:45:12,True,4.2654,0.01307,42.4957,0.5557,0x2d...7822,https://bscscan.com/tx/0x0a09fd88462267a81be9065b9e151155db6232421f9959c1da8679313996e003
2023-03-23 11:19:30,False,4.2351,0.013,4.41453,0.0573,0x2d...7822,https://bscscan.com/tx/0xb84d3662d791aaa8472e50d69c3bea873ea073302230a1fb92e2c1272ae00a4c
2023-03-23 11:19:24,False,4.2183,0.01301,33.1012,0.4307,0x2d...7822,https://bscscan.com/tx/0x9652a02c042e2bd25a7729412ce0eb3a7d3893f4f61b9d5d03df410f8fa2e545
2023-03-23 10:53:59,True,4.2562,0.01307,35.6307,0.4659,0x2d...7822,https://bscscan.com/tx/0x39d2a011bec84ee19071e4c07f58833d1f6b8bf8d3b6759a48a82abc6a8af656
2023-03-23 10:33:08,False,4.2354,0.01301,32.2375,0.4194,0x2d...7822,https://bscscan.com/tx/0xd5721dc26533ada7a6c6bc2862e16b24472a6ddcef558fed179f4d70e113a515
2023-03-23 10:26:20,True,4.2607,0.01308,7.37583,0.0965,0xbb...c106,https://bscscan.com/tx/0xa5812c11dbad7d51c1129b82818f8857bd5041d2dff00868cb2c57a3f22f1ef2
2023-03-23 10:25:14,False,4.2219,0.01303,36.719,0.4784,0x2d...7822,https://bscscan.com/tx/0x607759c625a9a3aa56601b0b195799511f6fdbcf692de1d125202ed34e3508f2
2023-03-23 10:18:26,True,4.2372,0.0131,7.0306,0.0921,0x34...8793,https://bscscan.com/tx/0x4e72bf420fca6609e3dd911f94446cf0192751144fe686d495c0d70ebe437314
2023-03-23 10:18:08,False,4.2412,0.01305,41.661,0.5437,0x2d...7822,https://bscscan.com/tx/0x43283f2e2b9d410d7618dbf53594e37c371f4e280744d05d90494d21cebc05ba
2023-03-23 10:17:20,True,4.2655,0.01312,11.1985,0.147,0xdc...c6dd,https://bscscan.com/tx/0x05efa185fc568a9260529e88654394aeed4bdc441f9cd4e3da972628ddb20c5b
2023-03-23 10:17:02,False,4.2473,0.01307,37.9714,0.4964,0x2d...7822,https://bscscan.com/tx/0x2127634d5c5715239853e88bf14b7d850be3f998100b80b98c7b54d6ec5a6a83
2023-03-23 10:05:11,True,4.2503,0.01315,13.9161,0.183,0x14...b438,https://bscscan.com/tx/0xfea989af19f0636516b8b6685b3a5fced7a1f2312b424886b3f93e0165ea0de0
2023-03-23 10:05:02,False,4.2302,0.01309,41.9873,0.5496,0x2d...7822,https://bscscan.com/tx/0xdfe31b5acf0239a8b726471ae27380d19a0b1eab367156a4c1d1ac8b8cb4e891
2023-03-23 10:00:50,False,4.2603,0.01311,35.4439,0.4649,0x2d...7822,https://bscscan.com/tx/0xc4aef6f7093a7a2e7610139f567c1d4d5fb4fbb28dffaaf46604daa3ed0f1e3d
2023-03-23 09:52:26,False,4.2461,0.01314,32.7361,0.4302,0x2d...7822,https://bscscan.com/tx/0xbf6f727f4861ceb2c857468afaa35162235944134b9b1433e2a1c78f619d7879
2023-03-23 09:41:02,False,4.285,0.0132,128.023,1.69005,0x2d...7822,https://bscscan.com/tx/0xd1ed70fa7d292b00487138b66b14c72440c839f1b20d1a4efab838d27f8239f6
2023-03-23 09:40:59,True,4.3301,0.01334,127.624,1.70251,0x50...531c,https://bscscan.com/tx/0xfdbdd22f756d75d6bc1b3ec0543b380fef3ab28d715cc85a51fed74f31ef7ba2
2023-03-23 09:40:56,False,4.2709,0.01315,8.68694,0.1143,0x2d...7822,https://bscscan.com/tx/0x95da038f0d436741b7a8098e256676e114c074b54fdbc082c89987006a3622b2
2023-03-23 09:33:22,False,4.2531,0.01317,34.3356,0.4523,0x2d...7822,https://bscscan.com/tx/0xeda2998d2dece85a900f1af5472cc4e4a862e84e65fdc88768b59137960fac03
2023-03-23 09:15:38,True,4.2987,0.01324,34.0943,0.4514,0x2d...7822,https://bscscan.com/tx/0x05647187d574f74a130329b9eaec9513fc0c5950c60ec5333a9e0ace0d428f4c
2023-03-23 09:15:08,True,4.2696,0.01321,33.9739,0.4489,0x2d...7822,https://bscscan.com/tx/0x67255c9b60a35cec017a9697d4b6db7699e768a99cb21170c6832f1af7fab9d0
2023-03-23 09:03:00,True,4.2579,0.01318,37.1904,0.4905,0x2d...7822,https://bscscan.com/tx/0x456be82530dbadbf3a778d3d69551497804a31b9650d119bd0cec43fe8216e0d
2023-03-23 09:02:06,True,4.2692,0.01316,40.2958,0.5303,0x2d...7822,https://bscscan.com/tx/0x4e4b879b01c25c234dae3e4017ca05a99076f74e22c8cf1bc74b368c293636c4
2023-03-23 09:00:51,True,4.2586,0.01313,40.1932,0.5278,0x2d...7822,https://bscscan.com/tx/0xe5398a871967679043d106ee486d846d30cbcc13d3e253812f9588715fe4126e
2023-03-23 08:36:55,False,4.2299,0.01306,33.1968,0.4337,0x2d...7822,https://bscscan.com/tx/0xd7e8df05e73ef7a422020e1855b16f36b8aeb03ef35bfd8165e57b5d52a196b8
2023-03-23 08:32:22,False,4.2404,0.01309,40.6624,0.5323,0x2d...7822,https://bscscan.com/tx/0xc3591a35ca79885feda6c04849ca04cbd021bc1733cf9e796e246b8de015f082
2023-03-23 08:25:43,False,4.2276,0.0131,1.19373,0.0156,0x57...1747,https://bscscan.com/tx/0xdf606ee65660873408a7fdb559e8255c136835d35f5861e604e8b9d01460a860
2023-03-23 08:23:16,False,4.2567,0.01311,36.3299,0.4766,0x2d...7822,https://bscscan.com/tx/0x38135fbce2f6c26aeec3cf767092a1eb73963273cd34c4d6e82c2d8df419ed76
2023-03-23 08:13:43,False,4.2436,0.01314,36.448,0.4791,0x2d...7822,https://bscscan.com/tx/0x7368c10d37610fac78bc442aa8a87f4dd75a4efb4463f13e7aad2f5f7f282ce8
2023-03-23 07:46:06,False,4.2715,0.01317,33.2159,0.4374,0x2d...7822,https://bscscan.com/tx/0xdb4e6a458ed2259e54c07ef86bb103ae9e723a5902d6b67ea0afce1eed5247d7
2023-03-23 07:36:57,False,4.2775,0.01319,36.0125,0.4751,0x2d...7822,https://bscscan.com/tx/0x7d94d4ac9c801af31b22012efd4794775b9042d2e3212fecd45bea47e0e18b1d
2023-03-23 07:31:45,False,4.2871,0.01322,47.5139,0.6283,0xed...4f31,https://bscscan.com/tx/0x9ef27e8b93c016aab0824231ef014f60955512ef2a9232edcafb521ecb175fe8
2023-03-23 07:26:27,False,4.292,0.01324,1.89748,0.0251,0x34...8793,https://bscscan.com/tx/0xcc1d8454c5e022c77e3c28c32678397b9e28dd2a7c29bf9af18d70ab4e9115b0
2023-03-23 07:17:45,True,4.3012,0.0133,23.2488,0.3092,0xb6...4942,https://bscscan.com/tx/0x237ee23a1536e61770144228c5f8cbae5e80da9a2f6437f817e3cf74b1984086
2023-03-23 07:15:15,True,4.2703,0.01327,46.8928,0.6225,0xe3...d2ff,https://bscscan.com/tx/0xe93d8de9519dc3cb128473560dc41e37f25326706e60d8d3f359307c1c2a81bd
2023-03-23 07:07:12,True,4.2757,0.01324,51.4615,0.6813,0xc1...b919,https://bscscan.com/tx/0x0a6d7a7f9979d50546c25a4e0ede9f5f243e3fbe47fafa1aab6353b55879c729
2023-03-23 07:01:12,True,4.2434,0.0132,47.0376,0.6211,0x3a...231f,https://bscscan.com/tx/0x86e63deec2343492252ea457ef3ee416732d39be348e5ff947cd333eb1b0e898
2023-03-23 07:00:30,True,4.2548,0.01317,39.3991,0.519,0x2d...7822,https://bscscan.com/tx/0x6ac34a903a718d04960873fea349f93b81ddffaa76779cd8a420362c00f6c1f0
2023-03-23 06:41:37,False,4.2213,0.01309,1.50287,0.0196,0x2d...7822,https://bscscan.com/tx/0x63c323a089bf1c573f4ebe48a0537556f3243438439339f06b6f9e8bc60bc88b
2023-03-23 06:41:37,False,4.2253,0.0131,33.3024,0.4364,0xed...4f31,https://bscscan.com/tx/0x847e79f663f6a74824618494bd8b461bdd6ce61779cbcf1fdf4371b64ae48eb3
2023-03-23 06:40:07,True,4.2259,0.01318,7.79738,0.1027,0x2c...44ea,https://bscscan.com/tx/0xc30304d3643071b1f47ff128f8c6b0181793805d35a512a3140a0bc3a19fe083
2023-03-23 06:38:10,True,4.2228,0.01316,34.6392,0.456,0x2d...7822,https://bscscan.com/tx/0x270191d53b3049b66e7398ef605479119ead5c7bec1b2ad17384bda257cd977c
2023-03-23 06:35:28,True,4.2149,0.01314,35.0038,0.46,0x2d...7822,https://bscscan.com/tx/0x1f099c85997a1aa8024fbde87a511dcd0416dab7bd609ef8a29ac94760d3a3a6
2023-03-23 06:33:31,True,4.2268,0.01311,35.4752,0.4653,0x2d...7822,https://bscscan.com/tx/0x3adfc77e68cc4ded63462ebcf3c419050bc94b2867e770ed57f6363acec01bb5
2023-03-23 06:32:10,True,4.2188,0.01309,32.3311,0.4232,0x2d...7822,https://bscscan.com/tx/0xc6617c9c2b6f23059899e83d944a6d2709910f5799815853a2ef139e7ccf5964
2023-03-23 06:24:28,True,4.2108,0.01306,35.1527,0.4593,0x2d...7822,https://bscscan.com/tx/0xe157091056eb27e39436cf41ebe807b5ae92812b94f34536f9998c88d8dc5307
2023-03-23 06:21:11,True,4.2017,0.01304,33.8997,0.4421,0x2d...7822,https://bscscan.com/tx/0xcad4c2bd4f5c7bc92f13431c42d733d49f02fb3a849f74800c200c923965b51e
2023-03-23 06:04:32,True,4.1708,0.01301,45.4359,0.5913,0x2d...7822,https://bscscan.com/tx/0xb4cdba315b301d1836efc22505588ec4288229facf5862248acd11936c49e7d0
2023-03-23 05:48:41,False,4.1679,0.01293,4.50162,0.0582,0x2d...7822,https://bscscan.com/tx/0x87afed5bf496c76a30380629d7abb96aab84038f7a4231752612bbb095d2c642
2023-03-23 05:48:38,False,4.1714,0.01295,34.5514,0.4474,0x2d...7822,https://bscscan.com/tx/0xd6141ff10607f8de6d0e95aabe2fc22f03add1f2a254ee2156a54f2decae261c
2023-03-23 05:37:59,False,4.1583,0.01298,55.2643,0.7174,0xd6...e942,https://bscscan.com/tx/0x19dc317132dc35cd9665712c8aa01420a8bdd495cc3d5be5f3682eef73886a77
2023-03-23 05:06:22,False,4.1621,0.01301,31.5644,0.4107,0x2d...7822,https://bscscan.com/tx/0x28fa3a668a7f695b3eb1195084deb10f0bc085e17f29d9fcda951781bbed7bec
2023-03-23 05:05:07,True,4.203,0.01307,35.6998,0.4668,0x10...c944,https://bscscan.com/tx/0x1c32631455d3ccf3acbc3ccd3fd592d2eefef9dd06337f4cd28503a49c2a07c5
2023-03-23 05:00:37,True,4.1694,0.01305,34.0796,0.4447,0x2d...7822,https://bscscan.com/tx/0x9bfe858824c707025202b81fb2205a087220369e8c99283b7d53c1d0b49c8fa1
2023-03-23 04:49:13,False,4.1498,0.01298,33.2986,0.4324,0x2d...7822,https://bscscan.com/tx/0x491ade9a8ae2cb4cca506ff276336a674ef234a83392a0ec3ad809f0429111e5
2023-03-23 04:48:07,False,4.1568,0.01301,36.374,0.4732,0x2d...7822,https://bscscan.com/tx/0xac0ec1c0cc25da377310a50547d7222a0b39992c9e794b6f3ebffca2af757f6e
2023-03-23 04:40:43,False,4.1831,0.01303,36.1534,0.4712,0x2d...7822,https://bscscan.com/tx/0x6b72085e316b6d5b4a1bd27c5ca0ebb744a8c58ce3fc3f3438fcc3d5192ec0a0
2023-03-23 04:39:52,False,4.1927,0.01306,32.6953,0.427,0x2d...7822,https://bscscan.com/tx/0x88e9a5f9fbe579f1f56a8cd54950791e01767976f717c4e7eb311a2962316488
2023-03-23 04:31:55,False,4.1935,0.01308,42.2269,0.5526,0x2d...7822,https://bscscan.com/tx/0x834d4f3770b8a80c32b61e6843b6a84ce6eaad4a3db9bb38924ed2581d7cb4ad
2023-03-23 04:12:10,False,4.1865,0.01311,36.1713,0.4743,0x2d...7822,https://bscscan.com/tx/0x195e19dc7350911bde48fe76df934a836bf44d2f0631d95fed8486f3d270b745
2023-03-23 04:06:55,False,4.2159,0.01314,37.6263,0.4944,0x2d...7822,https://bscscan.com/tx/0xf4d6c94f7924f2ad0e284b8218f23f3a399e92dc13ce267db73e6a4066d3d333
2023-03-23 03:42:31,False,4.2253,0.01317,69.7004,0.9186,0x62...1f10,https://bscscan.com/tx/0xb5bc2dc383bd87ebfe39f1d2219b2f4d302c7c1cbcfd6739b803d6e0678f96ff
2023-03-23 03:39:58,True,4.2517,0.01326,23.5194,0.3119,0xb6...4942,https://bscscan.com/tx/0x04c3a5358284c3748b150029076a2cfb3482d4e0d0b3d836498553bf2c7f13bc
2023-03-23 03:35:46,False,4.2277,0.01318,0.3573,0.0047,0x34...8793,https://bscscan.com/tx/0x0abecc90a469f80cb5dafbeb7c3b4661ba3a3e0ddd9877a69f50c95ca66d26b1
2023-03-23 03:35:25,True,4.2409,0.01322,69.7004,0.922,0x62...1f10,https://bscscan.com/tx/0x0b36bf04f28dca311298871062c58839f697eca837520ea858f806112f8cb6d6
2023-03-23 03:29:13,True,4.2098,0.01319,32.5719,0.4296,0x2d...7822,https://bscscan.com/tx/0x8dccb760dba9023106a982a0566fa7bd6b955ec39c236c5ada8f1f2e8db67c73
2023-03-23 03:28:46,True,4.2024,0.01316,36.4033,0.4793,0x2d...7822,https://bscscan.com/tx/0xe352194ca2eacd19106d638dee99f1fefec1e07a674853f2a0400723bbdbe422
2023-03-23 03:28:40,True,4.1904,0.01312,68.8189,0.9035,0x3a...231f,https://bscscan.com/tx/0xe80f02ced5f5199ed9ad97d858081573f033e5b50fa39ccad62155e60fec18c6
2023-03-23 03:25:52,True,4.1766,0.01308,47.2671,0.6186,0x9d...6dab,https://bscscan.com/tx/0x4e1ab74cb8b732fae3c0468367e3eced8db0d3b265debe195add490e4c0976da
2023-03-23 03:24:40,True,4.188,0.01305,34.6757,0.4528,0x2d...7822,https://bscscan.com/tx/0xff5a62fd012c837517b7e4e3a55d7c3d34090c4671d50adfc616fa71ef23adf1
2023-03-23 03:18:49,True,4.1688,0.01304,0.0445,5.814e-05,0x2d...7822,https://bscscan.com/tx/0xbbc12c6c1a2c04981237290c7c33817ef9e73905e0f1e62366c20a755504ca01
2023-03-23 03:18:46,True,4.1648,0.01303,35.6874,0.4651,0x2d...7822,https://bscscan.com/tx/0xcd3fb65973c6453e87751e27f71734c99f3ab6bbf518f201752b0a1cc931290a
2023-03-23 03:12:40,True,4.1598,0.01302,1.96609,0.0256,0x2d...7822,https://bscscan.com/tx/0xfbe0f2f19f4ed88d1c6ad05be9f33f49221e08d9439b74421371ef0775da68ab
2023-03-23 03:12:34,True,4.1762,0.013,35.3723,0.4601,0x2d...7822,https://bscscan.com/tx/0xdc70a8c9fbf6d7551a84aee7daccc6025cdab7007d0028e0622c3019f5f66932
2023-03-23 03:07:15,True,4.1492,0.01299,0.0455,5.914e-05,0x2d...7822,https://bscscan.com/tx/0x09a1d7aa4771f56259ba766d739cc524c4542940cff77d8104a2129ec262b1d4
2023-03-23 03:07:09,True,4.1451,0.01298,36.4472,0.4731,0x2d...7822,https://bscscan.com/tx/0xf7d76e795941d8863b1b61a3430b6c3ec0959ff98911314fef032e624651862f
2023-03-23 03:00:36,False,4.1236,0.01292,45.465,0.5874,0x2d...7822,https://bscscan.com/tx/0x948298a5b39da979814dbd9dc67133ea5d2e352b4743a560d4aee11fdde7b895
2023-03-23 02:52:51,True,4.1679,0.01298,35.814,0.4651,0x2d...7822,https://bscscan.com/tx/0x034adef8497237688f21d5c5a30c3f1232e57478ba95bb16f7680b893d5ddcac
2023-03-23 02:40:42,False,4.1535,0.01292,38.8493,0.5021,0x2d...7822,https://bscscan.com/tx/0xd2cf45c766aab5c7cd581f2fd71b951aa857ab07d34ddc04c33cee4dcb927c1a
2023-03-23 02:31:48,False,4.1584,0.01293,0.0446,5.779e-05,0x2d...7822,https://bscscan.com/tx/0x4e8864cbe1fb09e835b5aeb9feefdfa4fec9728b6ab0981f67488aefe6b10917
2023-03-23 02:31:45,False,4.1624,0.01295,35.734,0.4628,0x2d...7822,https://bscscan.com/tx/0xe3410bf5e5793571da6c684c5643a664348ef350075dd5169ca9ab27ff34e805
2023-03-23 02:29:51,False,4.1709,0.01297,37.4667,0.4862,0x2d...7822,https://bscscan.com/tx/0x84abee0c3ff418f5e7415bf9330cda2c3933b13259020a1cd5bf282b81262a95
2023-03-23 02:22:18,True,4.1939,0.01304,36.1376,0.4713,0x2d...7822,https://bscscan.com/tx/0xf8271f7914d4c587b34fcfdef65b47255beec6a1b5fac9bfffcd606ccd005d81
2023-03-23 02:21:27,True,4.185,0.01301,37.1485,0.4835,0x2d...7822,https://bscscan.com/tx/0xa61eed68c4d5c7debf1aaf28cadfde080cbc154175d31264c56d59c3784d8a7d
2023-03-23 02:16:57,False,4.1658,0.01295,48.25,0.6251,0xb6...4942,https://bscscan.com/tx/0x3156488e389aff97fbae40cc0745b821822786dc6f9feed9fde20f8269cbf206
2023-03-23 02:16:24,False,4.1749,0.01298,35.4584,0.4604,0x2d...7822,https://bscscan.com/tx/0x73ace199c53471a39ad6b846e813bbbe3a1834c2107a308c4d659aa5f21f3f33
2023-03-23 02:15:24,True,4.203,0.01306,3.81057,0.0497,0x55...6193,https://bscscan.com/tx/0x691bb7c0fe1d7f0bb14d324d629082aab5dff573c86a1f3e816b8104d12338e9
2023-03-23 02:10:42,False,4.1681,0.013,42.2406,0.5495,0x2d...7822,https://bscscan.com/tx/0xb9c1f2dfa5e0a11b5767de9d2605175c9943272e61555e261e0ef57ed4431ad0
2023-03-23 02:09:00,False,4.1955,0.01302,4.40246,0.0573,0x2d...7822,https://bscscan.com/tx/0x3e695ae6bad9e706b0bb6bff2a15f8716d9d6b4da0eb2f726560344c3ee09b1a
2023-03-23 02:09:00,False,4.2017,0.01304,50.4,0.6574,0x00...78d2,https://bscscan.com/tx/0xe8db025a4af1ea4e3e0bd02cfb8e21a9d3fbb64bc49c92047f0c86eb6c459c45
2023-03-23 02:07:51,False,4.2133,0.01307,33.7821,0.4417,0x2d...7822,https://bscscan.com/tx/0x051ecde9d2ce575b9663f30f451d33c32f1bc17a0b0c8dcd376d466fa1b2bcb6
2023-03-23 02:07:12,False,4.2173,0.01308,0.0441,5.771e-05,0x2d...7822,https://bscscan.com/tx/0xf10e3c17cf8d754bb3c460bebe90adbc0ae7e525e40e9ce3b7a292d4bda2190e
2023-03-23 02:07:09,False,4.2213,0.0131,35.2788,0.4621,0x2d...7822,https://bscscan.com/tx/0xe7e35c20c628de32fcbdf8acda656eef9d21a39b1abadac5c5b305c03f7c091c
2023-03-23 02:03:00,False,4.2041,0.01311,6.69604,0.0878,0x2d...7822,https://bscscan.com/tx/0x38a7e49b033d39b3a7e1c12ab4e4ff14a2da17d365ad471262b396ebd97db905
2023-03-23 02:02:57,False,4.2105,0.01313,49.5105,0.6503,0x00...78d2,https://bscscan.com/tx/0x9adc300d2357366cbba577ae78818e49c3772e2bb9c7e716f8e3e43ce8851576
2023-03-23 02:00:57,True,4.2321,0.0132,48.6071,0.6416,0xa0...cc8d,https://bscscan.com/tx/0x538e5c308e3d630e83b529ae0e4eee6eb7915afcf1747bada81b37235eeafc68
2023-03-23 02:00:45,True,4.2201,0.01316,55.4003,0.7292,0x00...78d2,https://bscscan.com/tx/0x0ddb8b623494454489b2db95d69f748c29e0193546a3b1f91f2eefd4bb3c0f30
2023-03-23 02:00:15,True,4.2093,0.01312,39.5633,0.5194,0x2d...7822,https://bscscan.com/tx/0x50b7194ac56b9967fcaadeb3d675e42180111e3092197e516a7f97a4a5929a71
2023-03-23 01:55:32,True,4.2229,0.0131,33.8678,0.4437,0x2d...7822,https://bscscan.com/tx/0xd38d6c4d6055961ead0a9419a288e854d296ef13af104e1cbcc826bcc2ef3212
2023-03-23 01:54:20,False,4.1815,0.01304,45.9471,0.5992,0x2d...7822,https://bscscan.com/tx/0x19860d87b58dde963c5d9108e3c1eba9a203a11fe75ca61b04b7bfbdb35119b9
2023-03-23 01:48:17,False,4.2084,0.01305,0.0451,5.892e-05,0x2d...7822,https://bscscan.com/tx/0x65e4a4b353c42515e7a727231270b8294570bd808d07ff87a612cf8ade0cba07
2023-03-23 01:48:14,False,4.2125,0.01307,36.0973,0.4718,0x2d...7822,https://bscscan.com/tx/0xe73c3941c1487de4f644eb68b16ea22830ecd790f3955049c453cc01f49e6338
2023-03-23 01:45:41,False,4.2166,0.01308,3.55568,0.0465,0x0e...2f4c,https://bscscan.com/tx/0x1c408dad03bafd1040235c0b1da3fe006123d98d0c913a637d3b2bf54294ab1f
2023-03-23 01:45:29,True,4.2327,0.01313,45.1374,0.5929,0x82...2196,https://bscscan.com/tx/0x99359cd0c551db4b07e5dd1dbbdb4c37b5060961ae4602f164134ac3fbea063a
2023-03-23 01:45:14,True,4.225,0.01311,17.9302,0.2351,0x2d...7822,https://bscscan.com/tx/0x78791be141623f5005a5d2b68550998d256782af300eec8b8e5764314a0ef666
2023-03-23 01:39:20,False,4.2032,0.01304,2.33504,0.0304,0xdc...c6dd,https://bscscan.com/tx/0x16fc7b48fc01ca4c70ef8b19cb189b8e5c27718a3629643526c90010943e6364
2023-03-23 01:39:09,True,4.198,0.01309,47.4028,0.6205,0xb6...4942,https://bscscan.com/tx/0xbf9dbe75965885d5f087d2e9707498f6424117b482edc6094e9f4460f72a8539
2023-03-23 01:35:51,True,4.1885,0.01306,21.5474,0.2815,0x05...1219,https://bscscan.com/tx/0x953fa79d93c786de11332d27c7574820dc116ab5b5a11ab8ecdde6e741acead6
2023-03-23 01:31:39,True,4.202,0.01304,36.1835,0.472,0x2d...7822,https://bscscan.com/tx/0x5fb55139d079c776f092eafc4caeb274311e5ca0e0d90383457794d7bafdf6f8
2023-03-23 01:23:42,False,4.1768,0.01298,53.4941,0.6947,0x2d...7822,https://bscscan.com/tx/0x2b4ce4cdea57c6e60270f106ddc25c1587a16a2b3bb9ee6b66425dd66e71c52f
2023-03-23 01:23:42,True,4.1957,0.01304,71.5006,0.9328,0xb6...4942,https://bscscan.com/tx/0x6206f0035a358ed36efff0baa21ec3c21dbd9a6f24a12d46bc4419a1f1dc75a3
2023-03-23 01:17:53,True,4.1842,0.01301,14.9064,0.194,0xee...e42a,https://bscscan.com/tx/0x554789c19df42a79160a13988e5e4020a8effcc14fed071cce2e31fca3a7f332
2023-03-23 01:12:20,True,4.1592,0.01299,34.5621,0.4492,0x2d...7822,https://bscscan.com/tx/0x1a1aa6e092af03fc1e5eae93a20156d2891a9cde5c4c0dddcc8d583bb11532df
2023-03-23 01:10:32,True,4.1559,0.01298,0.0501,6.517e-05,0x2d...7822,https://bscscan.com/tx/0xea65a6af4eeb73d11c406ca97553403f9faf0e23d9ea6b8d7a2fe479be6d2bbf
2023-03-23 01:10:29,True,4.1514,0.01297,40.1953,0.5214,0x2d...7822,https://bscscan.com/tx/0x0a8a43743e3d75e56dbb0649f27fbe8aabd544fee67e36d5e712f9f7389cfd25
2023-03-23 01:07:26,False,4.1523,0.0129,35.8678,0.4629,0x2d...7822,https://bscscan.com/tx/0xdfa469cbe84f1064b47f3a80737aef7ad4f7081a3b9d01e5d392bdafe12c71c1
2023-03-23 01:06:32,False,4.1585,0.01291,1.24989,0.0161,0x2d...7822,https://bscscan.com/tx/0xafcaea5cc6cfc56d3a03d3f3b8293c6ee5856bd6c22abf056b238a8d4619b96f
2023-03-23 01:06:29,False,4.164,0.01293,48.0071,0.621,0xe3...d2ff,https://bscscan.com/tx/0x3604d037a0f10a017b8f983d8691ab92f0d783a11e44555cd8833a9faf53f3e7
2023-03-23 01:02:26,True,4.1674,0.013,49.1624,0.6391,0x9d...6dab,https://bscscan.com/tx/0x1a9c1229d377c81ff3e657ddfd1b00612d7f87aeb77a248464cefa961e630706
2023-03-23 01:01:56,False,4.1622,0.01292,3.20678,0.0414,0x90...48cd,https://bscscan.com/tx/0xca0fb929e430629f54fb87c7df524eca6dfd0330fa6cad4c8e1d08aef7232a83
2023-03-23 01:01:44,True,4.1562,0.01296,57.8656,0.7502,0x09...18f7,https://bscscan.com/tx/0x3b766f3caa75ba0a160e9fc727034b6376d678757e28c29c5f43107c9149264b
2023-03-23 01:01:41,True,4.1432,0.01292,58.1174,0.7511,0x00...78d2,https://bscscan.com/tx/0x8763567a646395eac3186381901d3db9b3498bc318cc12d77b77f6483a463447
2023-03-23 01:01:20,True,4.157,0.01289,19.3137,0.2491,0x2d...7822,https://bscscan.com/tx/0xeac6188000c356d8e6b7017322d0e70589077bc76611431fb562cc69413b2d97
2023-03-23 01:01:17,True,4.1501,0.01287,42.3812,0.5457,0x2d...7822,https://bscscan.com/tx/0xb9e5cf7e05a8f1e49a429d232ad30b10dbbaf032bb2806e2f53d766d8a9c966e
2023-03-23 01:00:50,True,4.1413,0.01284,36.7,0.4715,0x2d...7822,https://bscscan.com/tx/0xf3a3aafb5141d3bb358679ba48a29c3266168c11c818dcef394c1fc32b085471
2023-03-23 00:45:35,False,4.0969,0.01278,24.0655,0.3075,0x62...1f10,https://bscscan.com/tx/0x8cb248c18aa53b9906cae2f9c684b01c628dc236ae00e0a2f7d6af2e6a379422
2023-03-23 00:36:21,True,4.1406,0.01283,40.5335,0.5204,0x2d...7822,https://bscscan.com/tx/0x3a504b447c7dd9031c052bd1fcd3721d8680a48193f7eab418e8a6e211d5412b
2023-03-23 00:35:57,True,4.1321,0.01281,36.0816,0.4623,0x2d...7822,https://bscscan.com/tx/0x3e77ade0154f5cb8f25febba0b7e91bf3a7cf40d63df64a951cf23c062fb2fdb
2023-03-23 00:35:45,True,4.1276,0.01279,4.57712,0.0585,0x2d...7822,https://bscscan.com/tx/0x5ab7b29953d9460efb18a294cc1cbf0cf7704efa0a7c205c0b380bed59a056af
2023-03-23 00:35:39,True,4.1229,0.01278,37.6738,0.4816,0x2d...7822,https://bscscan.com/tx/0xc1a8bb408a84a3191f9fa04d6d02d410fb7bbba4961cee2454c468811707e230
2023-03-23 00:34:18,False,4.0808,0.01272,52.0273,0.662,0x91...79fe,https://bscscan.com/tx/0x987262fd024ff6c99c4ff791065502df3161f05c254a0cb300104101aa336bdd
2023-03-23 00:28:01,True,4.1036,0.0128,1.35073,0.0173,0x43...cea4,https://bscscan.com/tx/0x7b4c54bbe33a0b5b9f6d60d67abcc1df3a2ba267d66e14bb812e25f7927d5286
2023-03-23 00:23:04,False,4.1083,0.01276,52.5454,0.6704,0xed...4f31,https://bscscan.com/tx/0x215dfe69289e732bb61c975a3cbd7986c7b8e7554e51118a454789166ef339ec
2023-03-23 00:22:34,False,4.13,0.01282,142.877,1.83271,0x2d...7822,https://bscscan.com/tx/0x904b3d2df27a01641c98047c53829b8f6611a7e0853e903c3f87a9fb5a7813a4
2023-03-23 00:22:34,True,4.1443,0.01287,200.2,2.57687,0xe7...f829,https://bscscan.com/tx/0xc6dc63c5922af9b0eb50435c542deb0430746c44ca2f21e9ffd6149d0ed09d29
2023-03-23 00:19:02,False,4.1072,0.01275,49.4713,0.631,0xed...4f31,https://bscscan.com/tx/0x50096935cfeab5d5538fd22f7d41bae1bc0f0fbc490f8841f8e53eadd51ef67b
2023-03-23 00:09:16,False,4.1112,0.01277,3.10559,0.0396,0x0e...2f4c,https://bscscan.com/tx/0x06183359a2d565fc8f675a4d2d3f3c43892909b7a5809820c63960a626ad6ab7
2023-03-23 00:09:13,True,4.1307,0.01283,13.109,0.1682,0x2d...7822,https://bscscan.com/tx/0xd2de118c4fd045a4d8adb263d970cf31f01fda0df19ce0a86be065213df03b26
2023-03-23 00:09:13,True,4.1236,0.01281,51.4709,0.6594,0x00...78d2,https://bscscan.com/tx/0xb4464c9acdda1c3b7d5c5ea51f227a99af50d392e42d34441ad06a20907ca0cc
2023-03-23 00:08:37,True,4.0933,0.01278,35.8267,0.4579,0x2d...7822,https://bscscan.com/tx/0x6c008047b8e9ff8febce2479556a07fa6b9d1d49710896bab25dc55bbeeb0b34
2023-03-23 00:01:07,True,4.1034,0.01275,37.658,0.4803,0x2d...7822,https://bscscan.com/tx/0x27485c38c33b455e1c746678458bbc4c869f207195f02482aae34d13f8554cba
2023-03-22 23:58:40,True,4.0852,0.0127,126.082,1.60135,0x62...1f10,https://bscscan.com/tx/0x92ec9474e0aeaed32c719901a354e0dbecba3e1c85608b0c93f05c734febae09
2023-03-22 23:57:45,True,4.0649,0.01264,46.4862,0.5877,0x2d...7822,https://bscscan.com/tx/0x359287e1936a3448127612489a48fee0916bbcb285cdef4e29bcbed3691a32ce
2023-03-22 23:57:42,True,4.0548,0.01261,47.4,0.5977,0x7a...c707,https://bscscan.com/tx/0x4ed189bafe9b4a25ab06935eb1d04bc78a9bb2a56abdfb3e857c3165bc33487d
2023-03-22 23:56:17,True,4.0294,0.01259,0.0511,6.444e-05,0x2d...7822,https://bscscan.com/tx/0xfc0e3e4675907b97abf2582ba9404bb086413700b455e6a97231b6f11d355d26
2023-03-22 23:56:11,True,4.025,0.01258,40.9795,0.5155,0x2d...7822,https://bscscan.com/tx/0x057e8b6afb0aad901402a733a4175a94bfa042a9da785c92f1120fbf6ab481e9
2023-03-22 23:54:08,True,4.0338,0.01255,24.7627,0.311,0x4b...4b9a,https://bscscan.com/tx/0x095d87a686566da7e5789b0d2a2d814c60adf05f1adbc614fe6aed24cfe74b4d
2023-03-22 23:52:17,True,4.0244,0.01254,24.7734,0.3107,0x2d...2048,https://bscscan.com/tx/0x1847212b90b7ab2775d3d397ad523a081596370ac97d16fbdc7d701622a0b84c
2023-03-22 23:51:35,True,4.0204,0.01253,12.3968,0.1553,0x21...13fa,https://bscscan.com/tx/0x7bd4a3c90cb1c358f3cc708f710773398787a62fbe35ca98de51058243fc150a
2023-03-22 23:46:26,False,3.983,0.01247,41.7539,0.5209,0x2d...7822,https://bscscan.com/tx/0x1a0e3e494e56d4f371dd907d0b07957a17bc1372399752d384dd3c5c4c7637be
2023-03-22 23:46:11,True,4.0084,0.01255,9.23981,0.116,0x95...259d,https://bscscan.com/tx/0x7f50c44e67376845492417331dac0a67020dea3a32314aa30d793596fe254d27
2023-03-22 23:37:38,False,4.0108,0.0125,47.0214,0.5878,0x2d...7822,https://bscscan.com/tx/0x3be844f1009622b584d84a2a2f71a71902181fc1138541923df5b22a1dfacfb5
2023-03-22 23:34:29,False,4.0154,0.01251,0.0471,5.901e-05,0x2d...7822,https://bscscan.com/tx/0x7b36cfb507c522da247522e39636d428699fc21135270df289a412a92b1c34cd
2023-03-22 23:34:26,False,3.9994,0.01252,37.7191,0.4725,0x2d...7822,https://bscscan.com/tx/0x0688584340743cbdcddca94f59f1e6e2e26a1e1cefaa0cc07782a27acfc892be
2023-03-22 23:18:27,True,4.0272,0.0126,7.7102,0.0971,0xdc...c6dd,https://bscscan.com/tx/0xb9818245c1839ecae23ae95290d9438f1792536919a153056cb60cf2ff8e702d
2023-03-22 23:15:27,False,4.0388,0.01255,44.8934,0.5634,0x2d...7822,https://bscscan.com/tx/0x26213aa6116f9a5bb5c6c56219147c8639d1389655c95ab2e3d86772eca96089
2023-03-22 23:11:27,False,4.0441,0.01257,36.7555,0.4623,0x2d...7822,https://bscscan.com/tx/0x2d5dad8932c92887132fc24cb85734a7798154e8d1bfd7b97853d1c6107ecd1a
2023-03-22 23:04:57,False,4.0509,0.01258,5.71349,0.0719,0x0e...b666,https://bscscan.com/tx/0x305c8d29f776d96479d84559b58ddd8424b2ab2c28dea2a968b081b9eef57c1d
2023-03-22 22:57:09,False,4.068,0.01262,84.295,1.06406,0x2d...7822,https://bscscan.com/tx/0x180de2bbfdc0859eccb0f2f97c319eb0267014978de4fa9c3e9c72aa1b3067fa
2023-03-22 22:46:53,True,4.0622,0.01267,104.793,1.3287,0x00...78d2,https://bscscan.com/tx/0xc52c65237d66e073ff1b70423d9eea973dcb42334b7e30706a150cfb848acd2e
2023-03-22 22:46:50,False,4.0441,0.01262,125.0,1.57785,0x32...c906,https://bscscan.com/tx/0xb889758396a980a78196ea75c93a1d40841bb85973e2ebc4e97451c3aca83a22
2023-03-22 22:42:44,False,4.0852,0.01268,52.3715,0.6642,0x8b...88f6,https://bscscan.com/tx/0x8dc07db19f174420ba3e2c4a8eb447fac2d48c43b7c438342e50c8d341b57eba
2023-03-22 22:42:17,True,4.1124,0.01276,21.047,0.2686,0x3e...e988,https://bscscan.com/tx/0xefed155eb5b8df2c5cda05246106ddca975cfa4812a0680fafc5ea4ab3563b59
2023-03-22 22:27:13,True,4.0892,0.01273,52.3715,0.6667,0xed...4f31,https://bscscan.com/tx/0x4841f45f0c8cfc2980b9a471102e1d3edea197cfb877cc4ead7ef44741994f65
2023-03-22 22:09:38,True,4.0988,0.01269,52.4393,0.6657,0x00...78d2,https://bscscan.com/tx/0x97b2b52566da451c74ffd554f3ce719fe7fb388e9d53482c2270cb13e043bf18
2023-03-22 22:09:35,True,4.0854,0.01265,89.3283,1.13041,0xd6...f5d2,https://bscscan.com/tx/0x0726723c8d7f4e1f4dc10547735aec7a0829d34aa2dd89c213875613da9dec22
2023-03-22 22:09:35,True,4.063,0.01258,98.3921,1.23827,0x2d...7822,https://bscscan.com/tx/0x0633a8c02c4e0d1346bae788035c42faf63ac2274da90ec7c5fc9ce3df5fbfee
2023-03-22 22:09:35,True,4.048,0.01253,40.4869,0.5076,0xe7...7515,https://bscscan.com/tx/0x9f8fc9c77b1b67958f19be493518024185a476b7b5e1b8c98dd4ddf042bebea6
2023-03-22 22:09:35,False,4.0557,0.01256,300.0,3.76878,0xa5...b431,https://bscscan.com/tx/0x0d64968bee1b36d9d49d90eb73b06a55b64999226353737efb16c837e2f8a59b
2023-03-22 22:08:59,True,4.105,0.01271,36.1117,0.4591,0x2d...7822,https://bscscan.com/tx/0x13415cbf7e57affcf6f6369c303138fb04a22c9e96cff0c50775301b7a6f920c
2023-03-22 22:06:53,True,4.0962,0.01268,45.4569,0.5767,0x2d...7822,https://bscscan.com/tx/0xf5ed80eb12640daaa1790ccb0be6ffaf44a09bca18c9d6f6ef1f43b353f92467
2023-03-22 22:04:43,False,4.0733,0.01262,41.2471,0.5206,0x2d...7822,https://bscscan.com/tx/0x28bf5a8a578862cf4cb914ea0e790706edc5279f8f69f7db152ed9b24239bdbb
2023-03-22 21:55:28,True,4.0754,0.01268,56.5407,0.7169,0x2d...7822,https://bscscan.com/tx/0x5ada61782e4f6bbd49adca82651ad13e7747719a55deeca30043d777a033a5b7
2023-03-22 21:45:56,True,4.0731,0.01264,44.6408,0.5645,0x2d...7822,https://bscscan.com/tx/0xa9c9b0fdfd78173ba907ae91a7285dc5c6add59e9c6d705133b41983164b47f2
2023-03-22 21:43:38,False,4.0221,0.01258,41.2348,0.5187,0x2d...7822,https://bscscan.com/tx/0xbf6457171cb2f39c840aa7e79b3125424f269954804a81153e03de25f686c7a6
2023-03-22 21:37:53,True,4.0601,0.01265,8.60542,0.1089,0x08...4ae2,https://bscscan.com/tx/0x9be1ea5420de092c5934e6e9802d71f16b88423d33edcbc4279e2828daf5e1b9
2023-03-22 21:31:50,False,4.0148,0.0126,39.5819,0.4988,0x2d...7822,https://bscscan.com/tx/0xedbcac553a4ff4a5e2baa7aa2d832d21902059b24f4183d51e50619e59ef5b03
2023-03-22 21:31:23,False,4.0446,0.01262,34.6456,0.4375,0x52...1c7e,https://bscscan.com/tx/0x800677d3c8bb015f76b071fd72257148585b956861556f760a015e29bc0fe888
2023-03-22 21:27:23,False,4.0327,0.01266,66.1968,0.8381,0x62...1f10,https://bscscan.com/tx/0xc1e58769fb78381ef83cab6de2dd224929f4b51486330ed2514cf10dd92e982b
2023-03-22 21:23:38,True,4.0788,0.01274,3.56846,0.0454,0x77...e2ef,https://bscscan.com/tx/0xbca5e1a73221d9e9ae2485eb724097f4f99ae1d4dfd8def516b368914bc500ac
2023-03-22 21:21:50,True,4.0567,0.01274,2.45268,0.0312,0x86...1912,https://bscscan.com/tx/0x5032921e0525a68df19e1fc87720d2e030392378df872ff910621717970f3667
2023-03-22 21:18:08,False,4.0572,0.01268,2.99559,0.0379,0x0e...2f4c,https://bscscan.com/tx/0x5d5ca9a58559e92b03370c22a4e57af815daf9769bf8d5d1ff84ecfedb9e79b4
2023-03-22 21:18:05,True,4.0743,0.01273,32.6949,0.4163,0x2d...7822,https://bscscan.com/tx/0xbdbec640a6cae3bf662d383e1c2180e693b45cc07d9f62ccc92163c6d3184e08
2023-03-22 21:17:29,True,4.043,0.0127,49.632,0.6306,0x62...1f10,https://bscscan.com/tx/0xd3a3aead9897582ca555b7f53aec29ed9f80fc28924cc0da546fe54e242b94d3
2023-03-22 21:16:32,True,4.0306,0.01267,40.4884,0.5132,0x2d...7822,https://bscscan.com/tx/0x4d7a1e3a54c7a99dabcf11041e54f28db5780b11b06bc2a92cdda7dea80d78de
2023-03-22 21:14:23,False,4.0314,0.01261,35.2456,0.4444,0x2d...7822,https://bscscan.com/tx/0x121e450fcaa5f0d496e97967942a46cd8ea75bf628b08f107cf4a777708dcede
2023-03-22 21:13:44,False,4.0174,0.01263,22.7282,0.287,0x8b...88f6,https://bscscan.com/tx/0x604c85fd63d3c308e618ea3498fb79b0e5e25fdcea00b0de9226d6ce97953870
2023-03-22 21:05:44,False,4.0354,0.01265,55.7873,0.706,0x8b...88f6,https://bscscan.com/tx/0x4a2cdc4c490edb2a2d89ef2640a1bcfd15692e0f53196b43a375d19c96a8105e
2023-03-22 21:05:26,False,4.0478,0.01269,57.7808,0.7335,0x8b...88f6,https://bscscan.com/tx/0xa3a23360957742da4c6b9a5561cd271a10fe4f030ed02aafe02d175ab22d6664
2023-03-22 21:05:11,True,4.0613,0.01274,109.489,1.39503,0x2f...7009,https://bscscan.com/tx/0xd3f4e432486117d9df6e64eaba4e550e239aa7e82ef68e1cfb60912bc56b76b9
2023-03-22 21:04:56,True,4.0429,0.01269,35.4779,0.4502,0x2d...7822,https://bscscan.com/tx/0xf690025dded0e5e020c5ae3605c1a01adcf28855346a1b1eac17e0e653d7402e
2023-03-22 21:03:44,True,4.0107,0.01266,41.768,0.529,0x2d...7822,https://bscscan.com/tx/0x86a044916c1134f16a8293d91ec9789efdfd6e16f91ca22361919c59f59d973d
2023-03-22 21:03:35,True,4.0161,0.01262,76.9984,0.9721,0x2d...7822,https://bscscan.com/tx/0x05b4780a80053f5d4f8b9e0bb4db4e93a5db3f8e2cb9b4f832b7cc8366026dfc
2023-03-22 21:03:11,True,3.9817,0.01258,40.4267,0.5088,0x2d...7822,https://bscscan.com/tx/0xd1445bbf0afac9d75aed7b589e72a988744ea452b006fbc25765c855276b1c81
2023-03-22 21:01:47,True,3.9963,0.01257,1.911,0.024,0x2d...7822,https://bscscan.com/tx/0x9deedcaa45fea54ca069282101270537264cbca16d7d0726cde390fd3ccb540f
2023-03-22 21:01:47,True,3.9896,0.01255,61.1824,0.7679,0xed...4f31,https://bscscan.com/tx/0x751c89a9dd92879ba2529238b4433eb736b8d5b0396cb2289d659eb52c1cb340
2023-03-22 21:01:23,True,3.9527,0.01251,42.8648,0.5365,0x2d...7822,https://bscscan.com/tx/0x86ac7754c401bfa19905f9f15e10aea717f3b7fee227186a15b3eb8947bee5a1
2023-03-22 21:00:29,False,3.9536,0.01245,49.1645,0.6124,0x2d...7822,https://bscscan.com/tx/0x5c4c1f5c9a5203e7bd926874b8c46f0366c7ec8d4da92b8ad3f1b5ff22f11e86
2023-03-22 20:58:26,False,3.9481,0.01248,39.2904,0.4905,0x62...1f10,https://bscscan.com/tx/0x9acc654f44b68528e3793329b54363c0c6d158803d476c6ec314b83933bfd854
2023-03-22 20:56:02,True,3.9685,0.01254,54.7877,0.6871,0x2d...7822,https://bscscan.com/tx/0x61277a82517d11165795d50f741c885d70e24d936245466b8687e3afe223150d
2023-03-22 20:55:38,True,3.9584,0.01251,41.6958,0.5216,0x2d...7822,https://bscscan.com/tx/0x72037a5723d68e0c64ac9629a4b3d50c7fc11b9ccce68789515cbe8f0583066a
2023-03-22 20:51:59,True,3.9611,0.01249,3.17234,0.0396,0x9e...bc9a,https://bscscan.com/tx/0x1c6450c4e7b92cf87a34f060e8492705ee93852323e05c09df73281594fe3581
2023-03-22 20:51:32,False,3.9613,0.01243,4.84996,0.0603,0x2d...7822,https://bscscan.com/tx/0xc25341a21b20284ea2b1e9a6b464ba6783ee2b73862e3960ae2ff475b0b50825
2023-03-22 20:51:29,False,3.9661,0.01244,41.3804,0.5151,0x2d...7822,https://bscscan.com/tx/0xfde1b94d12cb3e16784a0657f5909370082ae6b49e34bc8dd0afddffa1bffd2b
2023-03-22 20:51:17,False,3.9566,0.01248,54.125,0.6755,0x00...78d2,https://bscscan.com/tx/0x4c559e0569a819af5ca9d88b104eda56605f6231957e6d35eaff5252e8904503
2023-03-22 20:50:17,False,3.9873,0.01251,50.8087,0.6358,0xed...4f31,https://bscscan.com/tx/0x41dd96a9a9b7b0a53dd0d359030d6520b7e272f6d7b0f3807abd31c5c4fae828
2023-03-22 20:49:26,True,3.9845,0.01257,61.032,0.7674,0xb3...55e7,https://bscscan.com/tx/0xecee01cb78dadff131debb8b5c6785a77ff4da4438d826980697a2f3d34e6bcf
2023-03-22 20:49:11,True,3.9912,0.01254,36.4865,0.4576,0x2d...7822,https://bscscan.com/tx/0xaa2562633ae8655eed2bf31074a965e99bf31e7d85db3e4cb529ad7087691b88
2023-03-22 20:48:59,True,3.9817,0.01251,53.676,0.6716,0x67...b7c1,https://bscscan.com/tx/0xfe1cac765d3c31c06a98fddf9f2660fa5530d39c81c624c123b4fd448a626905
2023-03-22 20:48:41,False,3.9575,0.01243,10.5071,0.1306,0x2d...7822,https://bscscan.com/tx/0x60ac112768444e345c67c749089216d6dfff4eae4340f3ea4036e8d97dcb97f0
2023-03-22 20:48:38,False,3.9448,0.01245,42.8911,0.5341,0x16...4027,https://bscscan.com/tx/0x6fc1bafadf28926c225cbbf95914a3c1dbe4d96a056812db0bbb425e715c05e3
2023-03-22 20:48:20,False,3.9775,0.01248,42.6283,0.532,0x2d...7822,https://bscscan.com/tx/0xee4d1347b0fee1d9c5ec06583ad8200d22910d5f75c45c3a3aee64d00573d63b
2023-03-22 20:47:32,True,3.9893,0.01255,3.06785,0.0385,0x11...94cb,https://bscscan.com/tx/0xf1ef3782cf9492c91a5d5ae6fbd50dc44ae5dbadd7bd2be96d0b532b554b072e
2023-03-22 20:47:26,False,3.9728,0.0125,35.8412,0.4482,0x2d...7822,https://bscscan.com/tx/0x4e998fe244777d65dc83963e3903879628a4e1b92c21ee57af8460c6c4382bfc
2023-03-22 20:47:11,False,4.0063,0.01254,85.3496,1.07076,0x3a...231f,https://bscscan.com/tx/0xffd8cd1b47e14f0fc8d1dc004ca9140402d3a18a7ca22bd86160d93a9700d73f
2023-03-22 20:46:56,True,4.0161,0.01263,4.90168,0.0619,0xed...54f0,https://bscscan.com/tx/0x25d1aad810d91bba5ebc823e9095d0130ef7e3ef349406e37fb9f92d90329828
2023-03-22 20:46:56,False,4.0008,0.01258,49.5305,0.6234,0x2d...7822,https://bscscan.com/tx/0xed94e0ba73bfa7b4178f20b44f26d3f5bbb4e7f260e93a0d88b24dd2cfc64040
2023-03-22 20:46:53,True,4.0344,0.01266,6.18157,0.0782,0x4e...3901,https://bscscan.com/tx/0x34ab7770b95fd7516b0585c97af1a3f53ec463afc71976fe604014ef55372d61
2023-03-22 20:46:44,False,4.0171,0.01261,32.5197,0.4101,0x2d...7822,https://bscscan.com/tx/0xa7498239cda416434a5eed97098270fd4477c63163a2847516e3955f8832b9a3
2023-03-22 20:46:29,False,4.0261,0.01263,36.864,0.4657,0x2d...7822,https://bscscan.com/tx/0x9b2abcbc854cf5d8da5018ed06c8ac2316c8cf87aa8a809e437a23526b68ee52
2023-03-22 20:46:20,False,4.0414,0.01266,63.7952,0.8081,0x00...78d2,https://bscscan.com/tx/0xd4ec17ecc49d4815a354c4421336480a759e0869c9eec070712bed91380bb335
2023-03-22 20:45:59,False,4.0563,0.0127,36.3576,0.4618,0x2d...7822,https://bscscan.com/tx/0x8916965b136902bb6b5a0d777301e46c3c224bc9d6e708c455458b3be312a0d0
2023-03-22 20:39:08,True,4.1135,0.01277,2.24856,0.0287,0xd3...7c49,https://bscscan.com/tx/0x97b10628195076125f01f8d123117e53159d06b7ff87a3d46212b1d4bf3f91ad
2023-03-22 20:38:47,False,4.0808,0.01272,36.725,0.4673,0x2d...7822,https://bscscan.com/tx/0x12de832a8d5a3d68fd461f0fbc319b3272025d0b3ca95dbe800771a05cf17167
2023-03-22 20:36:26,False,4.0988,0.01274,7.19979,0.0917,0x2d...7822,https://bscscan.com/tx/0xa7f4c94f41e2eb548f202180472b36a475ec51fe0456bcf346f5f09be9cfe78b
2023-03-22 20:36:26,False,4.1079,0.01276,74.8268,0.9554,0xa0...cc8d,https://bscscan.com/tx/0xead6c37e4019639e1669821354c970c76e40a0b017843616f3664dde6ba3e98d
2023-03-22 20:36:17,True,4.1586,0.01285,3.22229,0.0414,0x90...48cd,https://bscscan.com/tx/0x0f0551321dc3f6a72356510df18fd1d27c8b26ed1bd7d205bac50c5e6b064a6a
2023-03-22 20:36:14,True,4.1527,0.01283,49.5127,0.6356,0xed...4f31,https://bscscan.com/tx/0x059c4b50f98da7344366644bcf64b01bb3d83c28b926b868f808e49fb7ad86b4
2023-03-22 20:36:11,True,4.1411,0.0128,54.0496,0.692,0x62...fadf,https://bscscan.com/tx/0x356be210f2862b9c134c79ac6fe5e06b4fb99a278239197195191bf7f31a5946
2023-03-22 20:36:11,False,4.1496,0.01282,316.231,4.05706,0xc1...b919,https://bscscan.com/tx/0xf514ac3f5d555156d01f36e80308f4cfd54751eb6f7316e82ac6c9d09259aa5a
2023-03-22 20:35:59,False,4.1916,0.01295,39.6422,0.5134,0x2d...7822,https://bscscan.com/tx/0x49bee1473ea3d84048bdefbb95b932c87a1e73b477198ed0c1c8a37f342a6205
2023-03-22 20:34:53,False,4.2026,0.01297,36.2137,0.47,0x2d...7822,https://bscscan.com/tx/0x92369a0ca2f60012872f0e3a2b3e7d01dbad7f5d1232787a623edd33534557ad
2023-03-22 20:34:35,False,4.2068,0.01299,0.5169,0.0067,0x38...28dc,https://bscscan.com/tx/0xab376736098f3824be6453562fc72ad7613a3866450d62c50502ecce9994ccee
2023-03-22 20:32:23,False,4.2099,0.01299,0.5084,0.0066,0x2d...7822,https://bscscan.com/tx/0x7508f02ec05dc07791f9cb16af8fcafcd2f54cdef915219e4757973a7fc9dbe8
2023-03-22 20:32:20,False,4.2149,0.013,41.1344,0.535,0x2d...7822,https://bscscan.com/tx/0xfc5e6186250e40c72befff2473cd56e274239de2a8c34355246e0c0ce2715180
2023-03-22 20:31:44,False,4.2195,0.01302,4.62683,0.0602,0x2d...7822,https://bscscan.com/tx/0xb7cba773395985f5c9a4e3346f5a8d0c7b571dd93760e210da78cc8bffece874
2023-03-22 20:31:41,False,4.2265,0.01304,57.0093,0.7436,0x2d...7822,https://bscscan.com/tx/0xfe3ffe542dd7c14762b6ff6352c9ec325017fa964b0869ad7fe2154da29f3044
2023-03-22 20:31:35,False,4.2399,0.01308,51.0793,0.6682,0x62...1f10,https://bscscan.com/tx/0x527427243e4117e582c7bc9600234404ed35b1822befb2778abb113fef6ab593
2023-03-22 20:22:32,True,4.2543,0.01314,53.2601,0.7002,0x00...78d2,https://bscscan.com/tx/0x5778dd852f7c2293d44d202737c1d1184c196dea7e88178037bf42252c2856be
2023-03-22 20:22:29,False,4.2272,0.01306,2.22238,0.029,0xdd...4cd0,https://bscscan.com/tx/0x922fd005f9956a3f261619b3d6fd20ae486e5e2533ed0a0e52572a7417b3f252
2023-03-22 20:22:29,True,4.2473,0.01312,12.3886,0.1626,0x2d...7822,https://bscscan.com/tx/0xf7444c7de2f21dd13b2d3de4d0a590b8e2f716c1b1f8fb4cb1b68d86f2d73172
2023-03-22 20:22:26,True,4.2422,0.01311,31.5773,0.414,0x2d...7822,https://bscscan.com/tx/0xae149c806c342b30197e91666ef08819198d8512c47581c9349ee25831624b6c
2023-03-22 20:22:14,True,4.2361,0.01309,21.6617,0.2835,0x2d...7822,https://bscscan.com/tx/0xcca7efc1e4d34932f112e7e25d5609543cb670ddc799a7f0a9299531ea5947b0
2023-03-22 20:22:14,True,4.2361,0.01309,21.6617,0.2835,0x2d...7822,https://bscscan.com/tx/0xcca7efc1e4d34932f112e7e25d5609543cb670ddc799a7f0a9299531ea5947b0
2023-03-22 20:22:11,True,4.2295,0.01307,35.7,0.4666,0x2d...7822,https://bscscan.com/tx/0x12f7f61ce5e2f6d26367524c59abe80d86b4c1e6d24410cecc1c008c1ee8ca14
2023-03-22 20:21:53,True,4.2186,0.01303,59.3379,0.7736,0x8b...88f6,https://bscscan.com/tx/0x400724abb65b82dc809b5770e4fee746f43eaaeef81bd519be7a193451239efc
2023-03-22 20:21:47,True,4.2055,0.01299,55.7126,0.7241,0x00...78d2,https://bscscan.com/tx/0xe426d2316055fc3873897ac4330442544f4438be9944a58f7148d6d900ece8cd
2023-03-22 20:21:20,True,4.1889,0.01296,43.554,0.5645,0x2d...7822,https://bscscan.com/tx/0x0b82fd9d66069f776f3b578b8258d6c28addb5b1e868692170f2950e7d1d88fc
2023-03-22 20:21:11,False,4.1419,0.01288,5.0,0.0644,0x57...dc92,https://bscscan.com/tx/0x7b4ce997f75811d8f0fb313231f1e7050790e1d43b05d9f75e3759ff7eaf9e3c
2023-03-22 20:21:02,False,4.1428,0.01288,3.19,0.0411,0xe5...4cf7,https://bscscan.com/tx/0x69f95695b361e58ff49cbad27804d64562a3d0427d5a5b2df1f77b94663f91e4
2023-03-22 20:21:02,True,4.1614,0.01294,23.3717,0.3025,0x2d...7822,https://bscscan.com/tx/0x711bfda3c33d9192c1dfbc35b315a5730ca1e24af1ea1eaa710467caf92c91b6
2023-03-22 20:20:59,True,4.1542,0.01292,40.603,0.5246,0x2d...7822,https://bscscan.com/tx/0xb56709656a7cfe3f6bef2922d91e3a23a5572750c0c00baf55eb6f66277c65cc
2023-03-22 20:20:38,True,4.1452,0.01289,36.9444,0.4764,0x2d...7822,https://bscscan.com/tx/0x59351e3e1280f9cc84b05ba30243e1366ae1f6c5b4e4aa70987a916ce0478f11
2023-03-22 20:19:53,True,4.137,0.01286,37.7424,0.4857,0x2d...7822,https://bscscan.com/tx/0x818c4355b2eb9e646a60ef1a87961b0200ae5833b45107ff950d2ca59118029a
2023-03-22 20:19:17,True,4.1481,0.01283,49.8674,0.6402,0x2d...7822,https://bscscan.com/tx/0x8cdbb655b02655a060eb53f61d3e4400faa70b9dd640e69f877ae53f3ad4979e
2023-03-22 20:19:17,False,4.1312,0.01278,83.9723,1.07372,0xa0...b202,https://bscscan.com/tx/0x8bee8169ee115ebce653656ffef4722f33162bd66ba6e2f64b69df1bcfcb9bdd
2023-03-22 20:18:53,True,4.1357,0.01286,35.7612,0.4601,0x2d...7822,https://bscscan.com/tx/0xdb3d468d615884d0d9804e66621f0eebc9c07d2754e9fbad1792214040c18653
2023-03-22 20:18:20,True,4.1462,0.01284,39.7925,0.5109,0x2d...7822,https://bscscan.com/tx/0xe6d6b24d4cd61bef5216f1a6eaf975317b2e075e48e1ed26499f20873e5d156a
2023-03-22 20:15:38,True,4.1178,0.01281,37.907,0.4857,0x2d...7822,https://bscscan.com/tx/0x728b99bfe25c43a0746a3593a0d5acf2bfc03533b698a4ea5bf5b56384e1aae8
2023-03-22 20:15:17,True,4.1302,0.01279,9.08602,0.1162,0x2d...7822,https://bscscan.com/tx/0x5ea10286bc505cd45b885d4a7d193cae15c3feb9f14defb4010e88b1ac65d39b
2023-03-22 20:15:11,True,4.1211,0.01278,42.2099,0.5394,0x2d...7822,https://bscscan.com/tx/0x849ee8ac62e11355c8cd8697b880d6c8339e086dfbd3fcc7ce300ddcdbec02d9
2023-03-22 20:14:29,True,4.1059,0.01274,51.2562,0.6534,0x2d...7822,https://bscscan.com/tx/0xa06bbe7855b6eeda0122faef033b9922b1957d3d52f339ba2963023775c60370
2023-03-22 20:14:23,True,4.0957,0.01271,42.5855,0.5415,0x2d...7822,https://bscscan.com/tx/0x3078ca5b09438d9fbc7dd88dd80031d83b13a0d03039dfdb026397156172a763
2023-03-22 20:14:17,True,4.0874,0.01269,33.4925,0.425,0x2d...7822,https://bscscan.com/tx/0xb405af9fab6548577e5a79a51114eeb02d265bcd85dcf11e5ba2147f32c7c15c
2023-03-22 20:14:14,True,4.0759,0.01265,72.2179,0.9139,0x2d...7822,https://bscscan.com/tx/0x718b390cc173d677828eb56f0519c87b3c226c89bebec299bcff2a279b0ee5bf
2023-03-22 20:14:14,False,4.0584,0.0126,98.7009,1.24371,0xe6...82fe,https://bscscan.com/tx/0x95e171dcc432d20398f56745a515ae30f52672079df2c120c23b7f2ecfa0a72c
2023-03-22 20:14:08,True,4.0652,0.01268,34.7198,0.4404,0x2d...7822,https://bscscan.com/tx/0x4b03565bc35261e49767e2d566c9f3e50a188ee6ea97f39324d2aa9a9e78f2dd
2023-03-22 20:13:35,True,4.0615,0.01267,2.99219,0.0379,0x0e...2f4c,https://bscscan.com/tx/0xb57f1c8efe810ec206d49ae2dd0a8d0a7acca25e3aed5cae9fea8d843e34d83c
2023-03-22 20:13:02,False,4.0668,0.01261,29.6228,0.3737,0x94...34f7,https://bscscan.com/tx/0x7de5c16402e708a25668076783aa6abe398556c1b07ca8635d293fedcc1436da
2023-03-22 20:12:23,False,4.0807,0.01263,32.2325,0.4074,0x2d...7822,https://bscscan.com/tx/0xb5286efc6fa18f6dc4dae0340b77cfc84f4d04472f7fba8ca17e7332324d52d7
2023-03-22 20:12:17,False,4.0901,0.01266,53.0461,0.672,0x2d...7822,https://bscscan.com/tx/0x72d26a43ec7d89de2271715662914d1408691ebd12b6d5303dfa2877ef0e1996
2023-03-22 20:11:05,False,4.0976,0.01269,34.8235,0.4421,0x2d...7822,https://bscscan.com/tx/0x7ce219eda4b9ceb39a8e635b93702e27c4308ea1103cc15544da133d33352d27
2023-03-22 20:07:11,True,4.1197,0.01276,39.2086,0.5003,0x2d...7822,https://bscscan.com/tx/0xdd6ac1587beb6cc1c2a5d24b653c40d494d015c281942072cf123a05bb75d272
2023-03-22 20:07:05,True,4.1114,0.01273,36.3527,0.4629,0xf9...5ebf,https://bscscan.com/tx/0x7201501e9438c5eda9c804d08e418e01a2d8f43bcbf9b0f59d34cf210ab0a964
2023-03-22 20:06:02,False,4.0993,0.01267,39.9524,0.5062,0x2d...7822,https://bscscan.com/tx/0x3ae6b431e5251f371c3271d005be48c13d9b20789cb18bda3f0069ff84d0cd9f
2023-03-22 20:05:56,False,4.1067,0.01269,23.6033,0.2996,0x2d...7822,https://bscscan.com/tx/0x2862a946286cc0265da452d110f64fe8057d504a935ea1971c6be554d363db96
2023-03-22 20:05:23,False,4.1116,0.0127,2.52528,0.032,0x2d...7822,https://bscscan.com/tx/0x6a03fed8176cce09fe20d512451134eccde6c3bc5e901a46cde5af70ca4f360a
2023-03-22 20:05:23,False,4.1186,0.01272,61.2228,0.779,0x05...7eea,https://bscscan.com/tx/0x6d8e864161e5636e992155c4d4dc0ca334ff72ef00b18e253232198de12bc571
2023-03-22 20:05:11,True,4.1501,0.0128,3.96697,0.0508,0x9d...5d73,https://bscscan.com/tx/0xa003b3c4a3715980e7f5be7e98f8635b5626ef2bb599221ec90a073138428fb7
2023-03-22 20:05:08,False,4.134,0.01275,46.2192,0.5896,0x2d...7822,https://bscscan.com/tx/0x3445d26a8203a4b36364e314a066dd4da2459481eeac085b2d063c5e1566631a
2023-03-22 20:05:05,False,4.1434,0.01278,38.4855,0.4921,0x2d...7822,https://bscscan.com/tx/0xde1eb102022fb17f9d1e150370db8491a512556ef82258533c5b664993c2d4d7
2023-03-22 20:03:47,True,4.189,0.01282,114.132,1.46373,0x2d...7822,https://bscscan.com/tx/0xde6c77782130f34232910e5fa0ef5cca4ae46daa0abbeca2283f96ccb06db4ea
2023-03-22 20:03:47,True,4.1718,0.01277,39.3091,0.502,0xe8...670d,https://bscscan.com/tx/0xbbec05387c5eb24c14d5c067bae9a50b0dcf99e64de9a79aa01fcf9454ab5fe4
2023-03-22 20:03:47,False,4.1719,0.01277,226.347,2.891,0xb6...4942,https://bscscan.com/tx/0xf5932eb478a247e781db58e2bdcf2ee06ef47ba9455550439c897ffbdb259435
2023-03-22 20:02:14,False,4.1967,0.01286,43.0836,0.5542,0x2d...7822,https://bscscan.com/tx/0xf3206653f2ec15da5166e491c41bce46c23dfb8fbfc61d7faf07435633ba355b
2023-03-22 20:01:59,False,4.2063,0.01289,41.4721,0.5347,0x2d...7822,https://bscscan.com/tx/0xf683b26cd5bb15a35289a15db7e102d8b6e6a05da682c5708b4427173cd7b9e0
2023-03-22 19:58:41,False,4.2386,0.01292,34.6222,0.4473,0x2d...7822,https://bscscan.com/tx/0x4c3e397d9be22af2bbf6fd2155b13bb677077f3d87e033e1146be2f19bb25a68
2023-03-22 19:58:32,False,4.2465,0.01294,34.2801,0.4437,0x2d...7822,https://bscscan.com/tx/0x3bfe25a7329aec1b2237f2571fc34c48932c2e21936df5d85b1031c59dd59999
2023-03-22 19:57:26,False,4.2565,0.01297,36.2366,0.4699,0x2d...7822,https://bscscan.com/tx/0x9372dd495046d7cfd5fc785eb074545db7ba74993fd869900863a75c0bd643d5
2023-03-22 19:57:11,False,4.2667,0.01299,41.7948,0.5432,0x2d...7822,https://bscscan.com/tx/0x5a6f61f036b74db8b2b8e16df4862dbd276373453114c0cf53a5f7edf9313bce
2023-03-22 19:56:38,False,4.2788,0.01303,56.7489,0.7395,0x4d...74b8,https://bscscan.com/tx/0xe5a848f2dd90b03bf8296dda05c04f58ec82679df6ab721b67b2677b5cd55545
2023-03-22 19:56:32,False,4.2896,0.01306,36.2363,0.4734,0x2d...7822,https://bscscan.com/tx/0x4cf630575c06c231f85e094b667bd92b28ff94ec37a7b8fb29e0412ef8c2f59b
2023-03-22 19:56:08,False,4.303,0.01309,34.8002,0.4555,0x2d...7822,https://bscscan.com/tx/0x3c94786b54589030cd67256c3c54902422146de93a88b00fd26818e4cc82ce6c
2023-03-22 19:55:26,False,4.3162,0.01311,34.4387,0.4516,0x2d...7822,https://bscscan.com/tx/0x0687dae8069fdcffc741618d039c21a797690dd3e193297747140c8683cf830a
2023-03-22 19:55:11,False,4.299,0.01313,10.9849,0.1442,0x2d...7822,https://bscscan.com/tx/0xe506e2faf9284513d21c65366463e670cb2a784bbc08bf9cd5b5581a006a2914
2023-03-22 19:55:11,False,4.3082,0.01315,66.96,0.881,0x05...7eea,https://bscscan.com/tx/0x316809cbec6ac8cbf68696af648f312cd51b0c5c629b95dc487ba2e2b3ccedfd
2023-03-22 19:52:40,False,4.344,0.01318,1.08919,0.0143,0x2d...7822,https://bscscan.com/tx/0xb2452a671bc3f761e671477e78bbf74f3585c81bc463b0994694d849c9279226
2023-03-22 19:52:37,False,4.3485,0.01319,36.3885,0.4801,0x2d...7822,https://bscscan.com/tx/0xa919eb558f4378ab6d5d97de2f1902a865ade5fc2f58224c909cbd7cb6d88145
2023-03-22 19:52:22,False,4.3528,0.01321,0.4869,0.0064,0xbb...c106,https://bscscan.com/tx/0x4f4c725f8627c788931d8b0ddfd8c5f31d63789ba24791df39723db437226f89
2023-03-22 19:51:13,False,4.3549,0.01322,36.9343,0.4883,0x2d...7822,https://bscscan.com/tx/0x467fa7bb078f68cb566728b4192dfd322e925247db8c6e1ed2f295e77bc57ff3
2023-03-22 19:50:10,False,4.3623,0.01325,38.6435,0.512,0xda...6e1f,https://bscscan.com/tx/0x70234fcdfa06a2004a4dd952726073a6458ee13c0fa08b6a8d62a02310861a4d
2023-03-22 19:50:04,False,4.384,0.01331,142.401,1.89624,0x2d...7822,https://bscscan.com/tx/0x4fba8b4853f1a1c98ee4d226b9cc5d2e61e4956b44ac6a4279b5115b023858e5
2023-03-22 19:50:04,True,4.4179,0.01341,226.347,3.03734,0xb6...4942,https://bscscan.com/tx/0xfeec43983c05b2f252ee4ec61fe4398f3fe25aecee808e17bb35268cfcfa4ae5
2023-03-22 19:48:17,False,4.3449,0.0132,0.7247,0.0095,0xd3...7c49,https://bscscan.com/tx/0x5250a4a32f81a0cc9ce1ac11d889aba4b5e6fa97fbaa1e675a1cd1a2b15b4e97
2023-03-22 19:48:11,False,4.3493,0.01321,36.767,0.4859,0x2d...7822,https://bscscan.com/tx/0xef6b265aa9290b34cb28c8a82e6391e5f0e00eed27d0abbe94ce1504c5cf4578
2023-03-22 19:48:04,False,4.3315,0.01323,0.556,0.0073,0x2a...e55a,https://bscscan.com/tx/0xc1c6ecfe3c8956765ea2e7c70bd9fd7aecd3d74fb72aee76fa59eedf3b173eef
2023-03-22 19:47:42,True,4.374,0.01329,5.65752,0.0752,0x2d...7822,https://bscscan.com/tx/0x3d6968f26fb203a96e97cd63db136d67dad94fb7fd253d2c423dc1310e4399c7
2023-03-22 19:47:42,True,4.3678,0.01327,46.0711,0.6116,0xc3...157a,https://bscscan.com/tx/0x7b6f44222724efa2d68c67506cd6f7e1ceb0f7086d11bbfd23382e64169e70f8
2023-03-22 19:47:33,True,4.3357,0.01325,1.46244,0.0193,0x2d...7822,https://bscscan.com/tx/0xa555d86edc1226a4138fcca21fe99117240c9428ff476cc0cfe7bf7edb9ec326
2023-03-22 19:47:33,True,4.3298,0.01324,48.3417,0.64,0xf9...5ebf,https://bscscan.com/tx/0xc128e8cfa0d29a9a391df2e12c2dd3fba60df0aade115b8534fb235cf98f7649
2023-03-22 19:46:50,False,4.3221,0.01316,6.46067,0.085,0x9c...ea73,https://bscscan.com/tx/0x26b03a5164d098504329c81414d0b053b351870e9b94cd05366a900ed99e5c1d
2023-03-22 19:46:50,True,4.3396,0.01321,41.9604,0.5544,0xc3...157a,https://bscscan.com/tx/0xcc04ff16c01c695ccbd8f2a983cb472a11a28974a150e656c20fc1212b3154aa
2023-03-22 19:46:47,True,4.3239,0.01316,91.1506,1.2,0x90...7ad1,https://bscscan.com/tx/0x20e61f473bfa36ac76e7561ea92bd30de0b3b3050a0607649fe2bbf9e0687f1c
2023-03-22 19:46:43,True,4.3077,0.01311,46.912,0.6152,0xb3...55e7,https://bscscan.com/tx/0x0895424571fb49c48f03f37c765a7e56cc592d770a5446da25e993bb23fe5edc
2023-03-22 19:46:40,True,4.2662,0.01306,96.0,1.25423,0x00...78d2,https://bscscan.com/tx/0xbba13bbab4a1c8d131e2300668434858d0a001832cba8e68a842927ef5f00c7f
2023-03-22 19:46:25,True,4.2698,0.01301,58.2408,0.7577,0x05...7eea,https://bscscan.com/tx/0xa4feda7eff31d3140b1f5834fafd666eae0899e2b94af8a1ee607cfa96076201
2023-03-22 19:46:11,True,4.2347,0.01297,30.8771,0.4007,0x2d...7822,https://bscscan.com/tx/0x135e2b06e79f767cec6b3c674a29eff447447cb14133fcf7006295146255043a
2023-03-22 19:46:05,True,4.2276,0.01295,31.2328,0.4046,0x2d...7822,https://bscscan.com/tx/0x1eda5b938880361b9600448aefd13185724615f44fe320e59ca1c5118367b50a
2023-03-22 19:42:17,True,4.2263,0.01292,53.3873,0.6901,0x00...78d2,https://bscscan.com/tx/0xd306057eb0fbac21b26fe2b5d549ce211dfc958057752029e89659e04271ac2f
2023-03-22 19:42:11,True,4.1982,0.0129,5.71984,0.0738,0x2d...7822,https://bscscan.com/tx/0xb6923336876cc64155b8203bf040680603f9e89cc79a7f27b33730c444ea42ea
2023-03-22 19:42:08,True,4.1935,0.01289,35.6737,0.4599,0x2d...7822,https://bscscan.com/tx/0x7f27ac1528bab78dffdd5f83b8caf5a7a43630ead5b86da36a2e2b3de12d0567
2023-03-22 19:37:40,True,4.1679,0.01286,35.8464,0.4612,0x2d...7822,https://bscscan.com/tx/0x7cea6eeddbcec161546dbf39b5d8137dd8edb18f05a25a00c877cbfec3accf06
2023-03-22 19:37:28,True,4.1792,0.01283,57.2,0.7342,0xca...34d7,https://bscscan.com/tx/0x2d17df4fe91e044552d3f0679df58865a0682b7a5669ba9a06930f42e69f9560
2023-03-22 19:37:22,True,4.1718,0.0128,34.5648,0.4425,0x2d...7822,https://bscscan.com/tx/0x8e41c473677814be850b5efcc2e01fc2dfe93668f7b34654dbea2b6e9a8700a5
2023-03-22 19:36:52,True,4.1428,0.01277,44.1495,0.5641,0x2d...7822,https://bscscan.com/tx/0xdfefe54801b41137d953b35b3b4025747bb172b8252532968861fd0c2de7d258
2023-03-22 19:36:49,True,4.1466,0.01271,125.092,1.5911,0x2d...7822,https://bscscan.com/tx/0x970e8d9b0664e00a31685303c3b4ad9e7fc73623198d99417039534574fc751a
2023-03-22 19:36:49,False,4.1383,0.01269,236.714,3.00481,0xb6...4942,https://bscscan.com/tx/0x525aee213cd859b3884d8a993a9c7ebee72be31acf91c5058365ac1cfab1c5c6
2023-03-22 19:36:40,False,4.1691,0.01278,41.2018,0.5269,0x2d...7822,https://bscscan.com/tx/0xc3d86f2b96316e0274a9c8781d06454ad0ed3d4be5c52d239d2c1e926e1e4368
2023-03-22 19:36:19,False,4.1648,0.01282,50.9974,0.6538,0x2d...7822,https://bscscan.com/tx/0x531b651a4dddfcffd77f0509dd6ac27cfb6ed0dbc30eba52e83803014ab0a108
2023-03-22 19:35:58,False,4.2083,0.01288,122.049,1.57199,0x0e...7558,https://bscscan.com/tx/0xb09c02318d5bda48fc590facbb03b15ea395ecceb637e043e0e5d44fe7fa3cfb
2023-03-22 19:35:16,True,4.2611,0.01296,58.4991,0.7585,0x87...29ea,https://bscscan.com/tx/0x95db13a63dbaa48f48995ed6080b83b0a43913108e8503a16d194f2b7ea09180
2023-03-22 19:34:52,False,4.2125,0.01288,1.0,0.0128,0x5f...2909,https://bscscan.com/tx/0x81f601d9beb5597015f4d038398b3c700c950dcdc1e70c4779012a5e17430906
2023-03-22 19:33:58,False,4.2387,0.01289,40.4501,0.5216,0x62...1f10,https://bscscan.com/tx/0xd78c525038b9ae3653d5f6ddefd034e9b83c3e3a7717867cbe9986fd32067fcd
2023-03-22 19:33:58,False,4.2448,0.01291,13.187,0.1703,0xda...6e1f,https://bscscan.com/tx/0xd7cccd092879532d91750cc028354ec6b4baecedcc46e878ec17766ee319e036
2023-03-22 19:29:10,True,4.2468,0.01298,0.044,5.72e-05,0x2d...7822,https://bscscan.com/tx/0x74bcd152456fe8371ad5c59a7e832f8cf44dda65b5f9e28297da9571609cd224
2023-03-22 19:29:07,True,4.2647,0.01297,35.2797,0.4576,0x2d...7822,https://bscscan.com/tx/0xb42f5266eec97c58ad29e0c3be125d3734534f2df5fe4f6d215844bb574e7081
2023-03-22 19:27:31,True,4.2567,0.01294,35.5855,0.4607,0x2d...7822,https://bscscan.com/tx/0x90aab67c1a42a3263c1c224c21b88a8e67318a969124b36229963c57ec4247be
2023-03-22 19:22:31,True,4.2523,0.01292,21.1648,0.2736,0x38...89ef,https://bscscan.com/tx/0xf4b22718bda7537938b9d3a574e9bdd19a4b2ed0362a506cb9de3e05d29a3cae
2023-03-22 19:20:25,True,4.2449,0.0129,38.9449,0.5026,0x2d...7822,https://bscscan.com/tx/0x43fece26a8df7789e55bcc4195506130837d4cf1e0435205c95ff634cf0065e6
