datetime,buy_order,price_USD,price_native,amount_token,total_native,maker,etherscan_url
2023-03-28 08:07:56,True,3.7529,0.01206,53.0498,0.6397,0x2d...7822,https://bscscan.com/tx/0x83198924dd96bd0efc63ba51b899f24568fd76a639f58840c6e6835d44c5d9a9
2023-03-28 08:06:32,True,3.7424,0.01203,38.9496,0.4686,0x2d...7822,https://bscscan.com/tx/0x0a797ef60d4b0a88d7d36ca45ae5930b12385beaa7b2661291e5d567090b1ba1
2023-03-28 08:03:32,True,3.713,0.012,47.3694,0.5686,0x2d...7822,https://bscscan.com/tx/0x2c8051b4c71c91b7fea67d528bca0c9e02b5db64293a0c2c7f21bc981e315a02
2023-03-28 08:03:26,True,3.7217,0.01197,39.2961,0.4706,0x2d...7822,https://bscscan.com/tx/0xb5a365ab3008ed36de7453ea73793708cece7355e178051c50153639e59794da
2023-03-28 08:02:32,True,3.694,0.01195,36.3398,0.4343,0x2d...7822,https://bscscan.com/tx/0x3fd04735874ab2557ac97d31c200276d70d799ce269f583ed2199af4967eb3fb
2023-03-28 07:44:26,False,3.6671,0.01189,49.5037,0.5889,0xb3...55e7,https://bscscan.com/tx/0x4c91fbc0d808140a99a7c368eff92c72bc4f094ca6e8a0984c5be927c6272e73
2023-03-28 07:43:08,True,3.6876,0.01196,41.8062,0.5,0xa2...f9db,https://bscscan.com/tx/0xe484b7f9f67f0975df86c536766f168c034fecfd82b47a1c73630ffa560dfd81
2023-03-28 07:41:14,False,3.6869,0.01189,36.7505,0.4372,0x2d...7822,https://bscscan.com/tx/0xe8b0ab9bc71379efcdc0a487c4a079cdb8fd3ec6d896e184ee07cf32940683ea
2023-03-28 07:18:32,False,3.6916,0.01192,36.6457,0.4368,0x2d...7822,https://bscscan.com/tx/0x807466c57534be1a6c0afbdb6cda2e858ded3092ea6785652986fc61fb91e3e1
2023-03-28 07:10:51,False,3.6969,0.01194,36.5395,0.4364,0x2d...7822,https://bscscan.com/tx/0xfb8efa55048a90d38cd18d13e4c15c334875d44b77e6be57cfa508f30a71575e
2023-03-28 07:09:12,False,3.7041,0.01196,37.9556,0.4542,0x2d...7822,https://bscscan.com/tx/0x40333e6ecd15b0a2455554fe0777688c9cbf01cb3a8321ee0f5ceba1295d4052
2023-03-28 07:03:24,True,3.6994,0.01203,12.2718,0.1476,0x2d...7822,https://bscscan.com/tx/0xb9ab66b59b7d88408238463dea23f802ddb6fdc45a750e909aff09a52c40c9af
2023-03-28 07:03:24,True,3.693,0.01201,53.8239,0.6466,0x00...78d2,https://bscscan.com/tx/0x6b28c44efdaaa4b0f764656ab955aebce652af36c5ef5f605f90e20f2feef9c3
2023-03-28 06:59:09,True,3.6816,0.01199,8.0,0.0959,0xbe...1239,https://bscscan.com/tx/0x7c7ebd0729a93baeddeea93690e7a7b10a3272497205a02cc6239ec44f3bd067
2023-03-28 06:49:02,False,3.6808,0.01193,4.67559,0.0558,0xb9...3a63,https://bscscan.com/tx/0xdef4407b6b4d287afbf78454f50c229086c5ca22dc176ab43563c6f67d3aa697
2023-03-28 06:46:38,False,3.6666,0.01194,37.6531,0.4498,0x2d...7822,https://bscscan.com/tx/0xe853c1127ce632c49095f210463ccc1ada9f735e029950df2030f11ffff17781
2023-03-28 06:42:35,False,3.6922,0.01197,50.9424,0.61,0x2d...7822,https://bscscan.com/tx/0x83505e62c7ecc465397af6cd6cdbe651a0d3dfe784b0629b2557f22d0cd73788
2023-03-28 06:36:49,True,3.7136,0.01205,4.15,0.05,0xe5...4cf7,https://bscscan.com/tx/0x11b488e62bb7f35de4103fe1fce28aa8220a883fe2d63babe7f3d132d91afd5a
2023-03-28 06:36:46,False,3.7615,0.0122,203.357,2.48198,0xdb...8aba,https://bscscan.com/tx/0x43d58bc1ed7f79b29e376cc61adf42592e244d88ae0a19991dbb2ed1af537932
2023-03-28 06:36:46,False,3.7823,0.01227,7.36772,0.0904,0x9d...2cc0,https://bscscan.com/tx/0x0e9c6ba49cdb3587645ae0b782d0c9afd960cd7bf87db837b0736e94fd91a76c
2023-03-28 06:36:46,False,3.7928,0.0123,97.771,1.20324,0x62...2aba,https://bscscan.com/tx/0x177aba3922cffb469c31f279111c11781beb7ad0617f7ad02270c3c9e1918e96
2023-03-28 06:36:46,True,3.7687,0.01222,530.669,6.48929,0xef...5804,https://bscscan.com/tx/0x3cd41a6389f166dfaebb31310e40659588f5aa3eb2de011c314e8cd697f172e4
2023-03-28 06:36:46,False,3.701,0.012,65.994,0.7925,0x2d...7822,https://bscscan.com/tx/0x4a6470d8d084fd53b8252e232b18bf9f9fad0ff3c1a84a869332bc3762f4a303
2023-03-28 06:36:46,True,3.7215,0.01207,45.9513,0.5548,0x92...b43b,https://bscscan.com/tx/0x00702cf8062d1992a2be6742e9dbb37e43088913ba3523e7ea570293960f8343
2023-03-28 06:36:46,False,3.711,0.01204,129.613,1.56071,0x11...a5bc,https://bscscan.com/tx/0x5189caeecb52a90f421c5ef0d2ba831e2b154a671c2181ed3fc7bdec625a9f1d
2023-03-28 06:36:46,False,3.7325,0.01211,91.675,1.11027,0x0f...8280,https://bscscan.com/tx/0x525f2840782f75a948e84464a7f32dc00fcf193bc1dc757a6f06d7290969adfb
2023-03-28 06:16:38,True,3.6966,0.01204,39.9656,0.4814,0xd5...4de5,https://bscscan.com/tx/0x6095e664872787857bbdeddb7cdbda13cd297121ceda64357aed3c4758602d60
2023-03-28 06:14:06,True,3.6921,0.01203,5.96818,0.0718,0xd7...ae5f,https://bscscan.com/tx/0x75eda7480ccf23f13ae1d58d84402b3bfaa0ff2474c23308bdacb33e067bf197
2023-03-28 06:02:25,True,3.7129,0.01201,36.3122,0.4364,0x2d...7822,https://bscscan.com/tx/0x7389295b99a08e685fc3b083ba840a604f153de9acd1767c203aa56fee0dfdf2
2023-03-28 05:57:37,True,3.7105,0.01199,47.8436,0.5737,0x2d...7822,https://bscscan.com/tx/0x8096ff3cf61be6d594db11db8e0414432df910a0a2c7007ec24526605db09032
2023-03-28 05:55:13,True,3.6846,0.01196,38.3827,0.4592,0x2d...7822,https://bscscan.com/tx/0x27a1f166a8f07a04f4c9b4056a616ae7c33621d385702d4d36d27c846678d7c3
2023-03-28 05:31:58,False,3.6916,0.0119,42.15,0.5019,0x2d...7822,https://bscscan.com/tx/0x80c992229f277d08a11e3105c24ef9d8754f94dfa43bad120d144e995e61af0e
2023-03-28 05:27:37,False,3.7074,0.01193,39.1304,0.4669,0x2d...7822,https://bscscan.com/tx/0x6f70b1ba90a93a2c1df536277431da01becc23f2602bfc198267de434d5a0827
2023-03-28 05:27:13,False,3.7117,0.01194,7.0,0.0836,0xd7...ae5f,https://bscscan.com/tx/0xd191fd9ef180f87f2361c11508e42a352e3d5caea4db749ab58ea233acb7e4a3
2023-03-28 05:25:43,False,3.7129,0.01195,3.78,0.0451,0x79...d933,https://bscscan.com/tx/0x16aabffa1fcd4b06ee635ae603272ba5413e6feb1640ce6aa4257cc1e47b475d
2023-03-28 05:22:49,False,3.714,0.01195,11.837,0.1415,0x34...8793,https://bscscan.com/tx/0xe7439e9197a58fae2d0180a6670d3a6c2d62ba794035edf52935e93a97153032
2023-03-28 05:18:31,True,3.7295,0.012,58.3606,0.7003,0x19...3e79,https://bscscan.com/tx/0xb84dc1396d6937e89feaca2190fb9a439c343b84bcf3a9fd9d99e0d40b68f936
2023-03-28 05:15:47,False,3.7065,0.01192,11.0498,0.1317,0x34...8793,https://bscscan.com/tx/0x5e0e2f7f812952687cd783991ce3ea815f5a06c44d3f515aa2386ea4f8b81226
2023-03-28 05:05:35,True,3.7228,0.01197,38.5705,0.4619,0x2d...7822,https://bscscan.com/tx/0x791b3da879df0e2bc620034ebbef42ea5dafdbcd9d4cd0b13b06d6f066ba68b1
2023-03-28 05:02:41,True,3.7169,0.01195,42.6661,0.5099,0x2d...7822,https://bscscan.com/tx/0x03cc30fcbf09bcb228f1c7274895949fcb12d8810659f2a3731acc6dac48b88f
2023-03-28 05:01:29,True,3.6915,0.01192,37.5474,0.4478,0x2d...7822,https://bscscan.com/tx/0x02d23b528c80bdecf20f5839eede22f9688f2aad36c4c396a8e2dee243af730d
2023-03-28 05:00:59,True,3.6831,0.0119,36.6279,0.436,0x2d...7822,https://bscscan.com/tx/0xdbc849965db5e14da2e34e7c02448751ba037045fcacdcdc26905108e1530645
2023-03-28 04:59:44,True,3.6771,0.01187,46.3044,0.55,0x2d...7822,https://bscscan.com/tx/0xbb9458660f1a7cf3244af5830172ec90400a8dbb3c8b4185e0e3e9b066851aa8
2023-03-28 04:59:41,False,3.6573,0.01181,30.3103,0.3581,0x15...0b8c,https://bscscan.com/tx/0x33b5efac4369e8638e22009ac514f6948193187a9ebc97b05a220bbfe18da75e
2023-03-28 04:57:32,True,3.6939,0.01187,36.0796,0.4283,0x7e...e87d,https://bscscan.com/tx/0xeb8640cd7a9bc2f9d5871b06055ff8ac579ea5bc8026a00f989ec208d918c0e4
2023-03-28 04:48:38,True,3.6855,0.01184,52.9349,0.6269,0x2d...7822,https://bscscan.com/tx/0x16c7362c4ac0871e30ef3d914178fe78adf69cc3cf267ab132ea2e6a3af6b4ba
2023-03-28 04:48:38,False,3.6686,0.01179,69.6138,0.8207,0x97...2eaa,https://bscscan.com/tx/0x72ce612b0689fa338c3633ed79725464bd8e7d255cb4eb994a40eca7fb354a58
2023-03-28 03:55:14,False,3.6745,0.01182,57.8306,0.684,0x18...a4ab,https://bscscan.com/tx/0xfd94225d087d74cc5a0efcce4be6d704f0e4ab9e0b28c46b77c94f7c97b2efc8
2023-03-28 03:54:26,False,3.6817,0.01185,17.8702,0.2118,0x2d...7822,https://bscscan.com/tx/0xf0f003a1ad5d29bbab95cad0191b77c3bb75aa26636382adb0094a475e2a7564
2023-03-28 03:50:26,False,3.7074,0.01187,39.875,0.4733,0x2d...7822,https://bscscan.com/tx/0x55e5169b72a18855d8260b8b05f7d80096417629a1d83f3a20ad748fdf592b40
2023-03-28 03:48:35,False,3.6968,0.01189,44.6313,0.5309,0x2d...7822,https://bscscan.com/tx/0x0738e83460d74c698a54535e2b6aed26d283d0dc02f42fe23b6bef931aefe196
2023-03-28 03:46:32,True,3.7381,0.01196,1.70051,0.0203,0x96...2697,https://bscscan.com/tx/0xbbe31ec4379acc6965d5bc0e4b6fd5d5386719aa1075e9a101cc29700c40382b
2023-03-28 03:42:38,False,3.7046,0.01192,40.502,0.4828,0x2d...7822,https://bscscan.com/tx/0xe229f78ee2b0da81989e348de62a508203e53fc89adf9c9444be36ae9f9909d0
2023-03-28 03:41:44,False,3.7308,0.01194,36.9501,0.4413,0x2d...7822,https://bscscan.com/tx/0xf5e4bd5dd94d9662e7f5dfb2f7d5332ae0be37ed23a7f00dad96aadd11dd107d
2023-03-28 03:39:17,True,3.7285,0.01199,66.7161,0.8003,0xb6...4942,https://bscscan.com/tx/0x1d96d346bd6fc3f14ea47c0faa49846169480c375e6ce79b483402e7728718b4
2023-03-28 03:39:02,True,3.7184,0.01197,7.07126,0.0846,0x2d...7822,https://bscscan.com/tx/0xb31c0e72c1708d5093b588a22dca73a2d0cdccc9261a22cb19009ca2c1c335c1
2023-03-28 03:39:02,True,3.7086,0.01194,95.0393,1.13489,0x00...78d2,https://bscscan.com/tx/0xf139c46207ecd75324f802f5d0ef0a8e99ea06caad5c77ba341d5a9f3fb5b435
2023-03-28 03:32:17,False,3.6584,0.01185,17.241,0.2044,0x27...a6f0,https://bscscan.com/tx/0x203e413c59a1263243dd0fe711bf23932971c5cf7141d07aa5a74d2776377854
2023-03-28 03:25:14,True,3.691,0.0119,45.0715,0.5367,0x2d...7822,https://bscscan.com/tx/0xaa237f99a31f9097c3bc3d2ee838b267a647bd17cd8dd6696b40e4c585583ab4
2023-03-28 03:25:02,True,3.683,0.01188,39.1306,0.4649,0x2d...7822,https://bscscan.com/tx/0x4306bd1bfe13688478e1f9d8f4fe82d9b88ea836595a849f1680c7738eccf717
2023-03-28 03:07:01,True,3.6755,0.01185,37.892,0.4493,0x2d...7822,https://bscscan.com/tx/0x7c4adbf191a473b7e42043d85ba1221e415b0fdb44f1a65d349d765afecb4bef
2023-03-28 03:05:25,True,3.6686,0.01183,39.7822,0.4708,0x2d...7822,https://bscscan.com/tx/0xac88a5454e51e0ba4c198e85188e35dfa691ec541ee1a0e96b05f50ee1b5909c
2023-03-28 02:58:31,False,3.6621,0.01177,49.2944,0.5806,0x00...78d2,https://bscscan.com/tx/0xaace9e1ae81f940c850a15e1a7bc3e3f22cb0e90cde96ce1479686ca8ab34ddc
2023-03-28 02:55:34,False,3.6549,0.0118,50.5164,0.5965,0xca...34d7,https://bscscan.com/tx/0x2a292ead963e016593accf95e383a7c489e91f04ca3abe416f0b6cd424239db9
2023-03-28 02:53:19,False,3.6696,0.01184,52.8786,0.6261,0x3e...a7c8,https://bscscan.com/tx/0x8d0b825d860312f1c825bbb422d89a337e298a49614e3dec8706b7a41928b618
2023-03-28 02:42:58,False,3.6972,0.01185,2.95,0.0349,0xd7...ae5f,https://bscscan.com/tx/0x46647d90002a1bfa645d5c4e3499d208199f8a848eaaa19696f57a876b10cd9b
2023-03-28 02:42:04,True,3.6964,0.01191,3.2633,0.0388,0x0e...2f4c,https://bscscan.com/tx/0x36ff92dde3303a647e5ecb162d5d6d3b6010b388580c175a5c6b68c916c1f5e9
2023-03-28 02:42:01,False,3.7011,0.01187,52.398,0.6221,0x4d...74b8,https://bscscan.com/tx/0x59c59bddd5d61e026151d4db8f5db41961e88478860d6c634118a9096704330d
2023-03-28 02:41:28,False,3.6929,0.0119,55.3226,0.6586,0x00...78d2,https://bscscan.com/tx/0x465e7d2c0354269751a278915e225fd39a78cfe5c91274fafd8f6df110517c4e
2023-03-28 02:26:16,False,3.6997,0.01193,48.8026,0.5826,0x00...78d2,https://bscscan.com/tx/0x98e2157f8012aeb133224c1bed41ff0ae5a45fe81f077f33c7207602bb118a76
2023-03-28 02:26:07,True,3.7141,0.01198,110.448,1.32371,0x23...91f0,https://bscscan.com/tx/0x1de3caf2fc53f9c3568463fdf9b23fa4e18946c5c9273d6115a6e98d34d3da38
2023-03-28 02:17:43,True,3.7197,0.01194,2.15289,0.0257,0x34...8793,https://bscscan.com/tx/0xb3b45e2e91688d0168e2f957d9e9deac8c60ba6b0e30a4dcffcbdd628fef95f1
2023-03-28 02:17:22,False,3.6893,0.0119,72.6219,0.8646,0x00...78d2,https://bscscan.com/tx/0x537e5abc12e66fc314b5245c4a5fac342d0b61ce1af263ea6e3e99c8b7070359
2023-03-28 02:16:01,False,3.7185,0.01194,39.3708,0.4701,0x2d...7822,https://bscscan.com/tx/0x63dc26aafe55e45fc7a4c5f87b7e942872eb7fd377de72da0cd72f93d648e574
2023-03-28 02:13:07,True,3.7186,0.012,39.4381,0.4732,0x2d...7822,https://bscscan.com/tx/0xa11f46928aec8bc6eef5669f3a94d92b2a5abda91ab523aa91e8806d10961e70
2023-03-28 02:12:28,False,3.7248,0.01196,103.0,1.23192,0x5f...cf5d,https://bscscan.com/tx/0xc87f75effa626c3a01e19a8e8d83addff693051c869de16f04c5d905d0b81be5
2023-03-28 02:08:28,True,3.7549,0.01205,3.70944,0.0447,0x0e...2f4c,https://bscscan.com/tx/0xbf6d9911909d7217c5c59d6c461fc77b261305342f03c52d4b15ab5fa01bd67c
2023-03-28 02:08:16,False,3.7406,0.012,49.3992,0.593,0xe3...d2ff,https://bscscan.com/tx/0x54ac5bdcb765d4fa5bd3fc2a30e8b2783ffc0388b177459e6f7b6e949b3176fd
2023-03-28 02:02:31,False,3.7259,0.01202,2.15615,0.0259,0x2d...7822,https://bscscan.com/tx/0x9002678e380b5691a17bdb110287e771190d6202ee1f1278a8f380dc73b0c5a2
2023-03-28 02:02:31,False,3.7311,0.01203,51.3231,0.6178,0xe3...d2ff,https://bscscan.com/tx/0xaed502a47035dadbf8a25f21ccc1352a8def586f4fa3e19be55daebe2ce0deca
2023-03-28 02:02:13,False,3.7573,0.01205,5.98094,0.0721,0x2d...7822,https://bscscan.com/tx/0x33ae823263f4f4223184b7b0af3de601d30a46fe42d8f40e6db55ad2232fff70
2023-03-28 02:02:13,False,3.7664,0.01208,86.6531,1.04726,0x82...2196,https://bscscan.com/tx/0xcc8dc839f2f5a4315ada8ecd53ea40309a5fdd929d7fd07a0e338473b7adab11
2023-03-28 02:02:10,False,3.7804,0.01213,56.056,0.68,0x3a...231f,https://bscscan.com/tx/0xa1f1fb9ff62a757a776f3acea357b93ce8c702b0c686b5faeb9cef48de3746d3
2023-03-28 02:02:07,False,3.7958,0.01218,98.9933,1.20576,0x0f...8280,https://bscscan.com/tx/0x1b9360ce891dc662347c6e864b44f86deac93044919b8fab16cc280a015de3b7
2023-03-28 01:57:52,False,3.7897,0.01222,35.685,0.4361,0x2d...7822,https://bscscan.com/tx/0x3b34d92a406e1d49a7ff8f38f038e145cbf0b6d063c60a2862aa89dd79bf1c84
2023-03-28 01:51:40,True,3.8267,0.01228,43.863,0.5387,0x2d...7822,https://bscscan.com/tx/0x2933b8e7a5698d552e417348ca7e1b975301958eb59b9d84e06a06e19b5b40ce
2023-03-28 01:46:31,True,3.7917,0.01226,25.0,0.3064,0x81...3cb0,https://bscscan.com/tx/0x9ea4a068fb77caaf3f9f53726b203056603aa502e5c482494ae5d59174cdcb51
2023-03-28 01:43:29,False,3.7945,0.0122,54.6625,0.6673,0x00...78d2,https://bscscan.com/tx/0x94ce38fef985ff3d8f914c80f0064f2c2c6cd76e277f99b24b0bef60c803c3c3
2023-03-28 01:39:28,True,3.7845,0.01224,122.614,1.50168,0xec...631a,https://bscscan.com/tx/0x2310325cfa1668f18d3169a1ef7184b93098ad17db4a5af0e79b3991a4b3839e
2023-03-28 01:23:19,True,3.7801,0.0122,3.21585,0.0392,0x0e...2f4c,https://bscscan.com/tx/0xf4e84e6e6194e337354c9e6c8434de448fff623cc8546bf1739d189d92756936
2023-03-28 01:23:16,False,3.7664,0.01216,54.911,0.6678,0x00...78d2,https://bscscan.com/tx/0xbab9aac3cff4108fa32421078b0c9f689b72d5e918eafcc129c1f0766ee41c5a
2023-03-28 01:11:25,False,3.7545,0.01219,48.8506,0.5957,0x71...69e3,https://bscscan.com/tx/0x6e4b78060454d2631cfc4909c771af956a3715be30811b9afa44393e7d90559b
2023-03-28 01:00:22,False,3.7834,0.01223,62.1209,0.7598,0x00...78d2,https://bscscan.com/tx/0x2a87277040447f71394270f43d57946b1b77ebfd20161dd086462ef71b60dd57
2023-03-28 01:00:19,False,3.7977,0.01227,81.3237,0.9984,0xbe...77c4,https://bscscan.com/tx/0xe445b849cf134a916d3c61e505eeeba820c8589d1c0756693ecb9da46450a5d2
2023-03-28 01:00:19,True,3.8117,0.01232,131.173,1.61639,0x40...83eb,https://bscscan.com/tx/0x1c5afdc06421ee5d25b4c3ed79d27de1daac263312ca56b589a7f3870359db54
2023-03-28 01:00:19,True,3.7904,0.01225,81.3237,0.9965,0x5f...44ea,https://bscscan.com/tx/0x2ec49f23bccfca79664f75a6cddd97669b7720f2d80f06c7bcf0f8b5eb5716bc
2023-03-28 00:48:16,False,3.766,0.01217,36.7756,0.4478,0x2d...7822,https://bscscan.com/tx/0x13d041f774aea9d5fbcc897f8ce924a5963c1c699ffeea3a455087189b114696
2023-03-28 00:44:46,False,3.7729,0.0122,38.8281,0.4738,0x2d...7822,https://bscscan.com/tx/0x99763e949166c29e217f5a7a4cdb0ae80021cfc9798f7c01b8f47d73c7cc1532
2023-03-28 00:05:34,False,3.7553,0.01222,38.1825,0.4668,0x2d...7822,https://bscscan.com/tx/0xcd46dd75d3fa2560a103d8998ebdc5aa095a82c3a96311747597e89e9fe62efe
2023-03-27 23:51:49,False,3.7554,0.01225,35.4434,0.4342,0x2d...7822,https://bscscan.com/tx/0x329c4a870d46453b834ca7514d460c0cbf966ab51d3ac950e1fe7f554196e137
2023-03-27 23:51:43,True,3.7962,0.01231,24.7404,0.3047,0x7a...fe55,https://bscscan.com/tx/0x44985c9ee6b9b4b9651ccabc6e6bc4359f597cb2d235406397aeb905366d1e74
2023-03-27 23:43:00,True,3.7844,0.01229,29.3067,0.3604,0x00...986d,https://bscscan.com/tx/0x3d08512e31e52bcdb0a57e70b0ca624581739a471bfefa71b31ecb5c6e44bcfc
2023-03-27 23:42:57,False,3.7742,0.01226,117.289,1.43859,0x2c...028b,https://bscscan.com/tx/0x971aecf923731125862046b12e0e4e0deeefbf2ca5241a1539117f373c1dab82
2023-03-27 23:42:21,False,3.7704,0.01231,35.5908,0.4382,0x2d...7822,https://bscscan.com/tx/0xa3d50e1093310dc497b20832e421461416b4095649015ec365df2f6e3bb45303
2023-03-27 23:32:45,False,3.7952,0.01233,37.2862,0.46,0x2d...7822,https://bscscan.com/tx/0x6b772abf96ab8c4ae55c290ddab1788b29a2aab746c19e332a8876fd369b9178
2023-03-27 23:29:42,False,3.8028,0.01236,38.0555,0.4704,0x2d...7822,https://bscscan.com/tx/0xe9e00f73187f5587afb85d2ffec52403b7f44334865e8f15c20bab97916a510b
2023-03-27 23:27:36,True,3.8258,0.01243,2.0,0.0248,0xbe...1239,https://bscscan.com/tx/0x1b5f7a91e384484746b9fe6c6fd2b6a25e4d7b72bed0119a47e0231ad6a1b53f
2023-03-27 23:27:30,False,3.8102,0.01238,36.7007,0.4545,0x2d...7822,https://bscscan.com/tx/0x3be642a6e7fb313ba7f8849693efe65f9f2cf56d284e5b0b8f99cb479d7db3ec
2023-03-27 23:20:45,False,3.8139,0.01239,4.0,0.0496,0xbe...1239,https://bscscan.com/tx/0x64b382c3e90de3bd9203ea6acce687751819093675470dbefd27176ad4a9c8ac
2023-03-27 23:18:33,False,3.8,0.01241,48.3883,0.6008,0x2d...7822,https://bscscan.com/tx/0xf8588cb78055e34d847f3b3331c0d8ff9dbf00e8ff0bdaae2dea4e486b7119f4
2023-03-27 23:17:57,False,3.8292,0.01244,45.2953,0.5638,0x2d...7822,https://bscscan.com/tx/0xfe090ec1db0b0ecd606977767bda5b0b44b3fba9863c50a4f742c243755802df
2023-03-27 23:16:15,False,3.8187,0.01247,35.9732,0.4487,0x2d...7822,https://bscscan.com/tx/0x4f7d2f6afc7de919081665d8d2e101292c680ce408fb34b8bb5051d3e483b4ea
2023-03-27 23:12:12,True,3.8482,0.0125,138.467,1.73123,0x2d...7822,https://bscscan.com/tx/0x3da11fa2a92d5a486ef7acbb68fd7f84ce26fbf8ab2a9fe3ab3c5bcf8d382cdb
2023-03-27 23:07:39,False,3.8133,0.01239,3.66,0.0453,0xe5...4cf7,https://bscscan.com/tx/0xb468955d4e92830db6d49ba687d605de97a769bbb985295c18804233c6cf9eb4
2023-03-27 23:07:33,True,3.8282,0.01244,44.3916,0.5524,0x2d...7822,https://bscscan.com/tx/0xdd2aa469643f8538fe57e6d03a2e5429c6e580722df72c892fdc1ca1d108f31d
2023-03-27 23:07:27,True,3.8199,0.01241,37.3866,0.4642,0x2d...7822,https://bscscan.com/tx/0x7fbabda71ab85cb4d398a98642d523a7478605fbc94b9a4757fd1f8997dcb16d
2023-03-27 23:06:00,True,3.7932,0.01239,37.4073,0.4636,0x2d...7822,https://bscscan.com/tx/0x0cdfeee76c6019da66403cd11a77eb6df7f22a2009c83f65e091542d9687f502
2023-03-27 23:05:30,True,3.8066,0.01236,37.5725,0.4647,0x2d...7822,https://bscscan.com/tx/0x2e978bc3ca052afdc7f8b358d9df1a951fee20c72a790f15175320bef7472af4
2023-03-27 23:04:21,True,3.7788,0.01234,33.8003,0.4172,0x2d...7822,https://bscscan.com/tx/0x9f73dbb245f4a4d03307dddf46286ba26f63a57be85e14f7a98a9217eb919396
2023-03-27 23:02:21,True,3.7929,0.01233,10.8853,0.1342,0x2d...7822,https://bscscan.com/tx/0x08d3708a4b2e874a48c14c26ddc24a9328a73dcbd3f248abf1c4ab1eeaf2fc5f
2023-03-27 23:02:18,True,3.7873,0.01231,44.397,0.5466,0xc3...157a,https://bscscan.com/tx/0x62386004f95c05b7e3d615b983c642025918ae2f3430757173e3d9478a6c16b6
2023-03-27 23:02:12,True,3.7826,0.01229,2.74668,0.0337,0x2d...7822,https://bscscan.com/tx/0x50581d7ce6b65ff8d5b050c55c95aa876f6ab2c6e027a16c67a91efa872539f5
2023-03-27 23:02:12,True,3.7771,0.01228,52.9,0.6495,0x00...78d2,https://bscscan.com/tx/0x01561dfa8528ca5690bbe2f0e762b9f6e7ddbae07fd22caf90a5dd217396a177
2023-03-27 23:01:39,True,3.7491,0.01224,48.99,0.5999,0x2d...7822,https://bscscan.com/tx/0x1ad1e2ed4bdc01900db2e4a9c23d6b3134ede9b57df027c58a4ea3dc31a4e942
2023-03-27 22:59:36,True,3.7615,0.01221,43.2864,0.5288,0x2d...7822,https://bscscan.com/tx/0xb8e90dd5748a35b1dce4d7e33fe28edd1002ad4e55916c2df489f1015ce3e6d3
2023-03-27 22:59:33,False,3.7391,0.01214,25.0519,0.3042,0x17...f8bf,https://bscscan.com/tx/0x82ab167bbcf7702a704e093b3917d6634789e0d38ecd5b2403db73d4aa778258
2023-03-27 22:43:54,False,3.7234,0.01215,17.8179,0.2166,0x21...6f6e,https://bscscan.com/tx/0x10a3b3ce14010a56c4798c14213ffc06507a4ce89866a014d98174329b48cd4f
2023-03-27 22:38:27,False,3.7289,0.01218,53.2539,0.6489,0xe3...d2ff,https://bscscan.com/tx/0x50670269ff62e22f7a23621b7520986937a2ae43462872ef51a31769b6efa676
2023-03-27 22:24:18,False,3.7558,0.01221,35.2579,0.4306,0x2d...7822,https://bscscan.com/tx/0x81d5cdb43338e9f9410f2c93adaef48509a7c72b1e5fae54d7f0cee78fa55921
2023-03-27 22:19:36,False,3.7383,0.01222,4.83772,0.0591,0xe7...f5b7,https://bscscan.com/tx/0xfad83c6ed671ee56c4aa96acd6fec1bdaa2d3480f387c3b254b8db6321447f8d
2023-03-27 22:13:36,True,3.7754,0.01227,37.6168,0.4618,0x2d...7822,https://bscscan.com/tx/0xa6a50afa4d336bd311971939677a03fb8fcd8ac10dca75f9707b2d4d2030eb2e
2023-03-27 22:12:36,True,3.752,0.01226,10.0,0.1226,0x0f...19ae,https://bscscan.com/tx/0x27a666afdd41b8da770bd2652a138d276e04cf579327ef3b7f29448840d70cb9
2023-03-27 22:07:39,False,3.7315,0.0122,4.95207,0.0604,0x57...dc92,https://bscscan.com/tx/0x3c62fadfa62cd0e2848d5f05ac4468f2bf1b5dd254d102289b613944566557ae
2023-03-27 21:51:09,True,3.7643,0.01225,11.3792,0.1395,0x9b...2be7,https://bscscan.com/tx/0x056f821fd2cc6f64345fde87e357b065b46f6d04906aae255477478c11e7fabe
2023-03-27 21:38:18,False,3.7502,0.0122,31.9039,0.3893,0x2d...7822,https://bscscan.com/tx/0x09e578e8c38fd960a18860f36b3c80401fa64b32c5371b88762c988ee433d4f4
2023-03-27 21:34:48,False,3.7757,0.01222,41.9669,0.5131,0x2d...7822,https://bscscan.com/tx/0xb4fe6862f1615b1663227b432e247dfc8140b29acbd129c39d071517ece37f5d
2023-03-27 21:32:42,False,3.7706,0.01225,42.6435,0.5226,0x2d...7822,https://bscscan.com/tx/0x4404f4e5511ad70646067f651bc8ae9cd428c7f91de0c97fa29dbc52f087e5e9
2023-03-27 21:19:42,False,3.7836,0.01228,36.2165,0.4447,0x2d...7822,https://bscscan.com/tx/0x069fcfe0b358837d2a7918feda383683af14c171e11d67d50316c1de54b54cd5
2023-03-27 21:11:48,False,3.7892,0.0123,33.2666,0.4093,0x2d...7822,https://bscscan.com/tx/0x327d91ddc42c67963cc50b6905bd68373cf182c97fda0ef7f4d7686fb66ccc7c
2023-03-27 21:10:57,True,3.7858,0.01235,65.7051,0.8117,0xe4...003f,https://bscscan.com/tx/0x10f7f1ada2b9e818d96014cf8adfe09ecb5edd86dd934f8dd5f765075320e348
2023-03-27 21:07:06,True,3.797,0.01232,37.8903,0.4668,0x2d...7822,https://bscscan.com/tx/0xd8562b3e6cf87ba78aac8d106923447699539e3120e9f9aeb5473963e02678a6
2023-03-27 21:07:03,False,3.7782,0.01226,40.0,0.4904,0x39...e4b2,https://bscscan.com/tx/0x86eae9316e72f0c5be07c549d8be67f03db8c46e0cf5c88897a3617958432e05
2023-03-27 20:21:02,False,3.8209,0.01238,355.5,4.40435,0x2d...7822,https://bscscan.com/tx/0xaceb5e9dc7a629b0a1a63bf14c2ffd3ca39e99b693103d26133716d18c86fa76
2023-03-27 20:21:02,False,3.8663,0.01253,90.8331,1.13871,0xb2...b4d5,https://bscscan.com/tx/0x73f337da75b8713a54a2818e3b9a890add8fa8730a396fe6e9b5c4a7a1057980
2023-03-27 20:21:02,True,3.8437,0.01246,499.747,6.22844,0xfe...cfd7,https://bscscan.com/tx/0x3fddb468783e8fe2976ecdb933053e37d41bf2f4783f82b91310ff8a1b909a77
2023-03-27 20:19:17,False,3.7701,0.01223,3.7,0.0452,0xe5...4cf7,https://bscscan.com/tx/0x3d4695dceeb57bd0c547ed92d6fc08418dd6f51813a7ca8a816e087f65fab006
2023-03-27 20:19:14,True,3.7844,0.01228,49.8089,0.6119,0x2d...7822,https://bscscan.com/tx/0x1a18ead39dfb626bc42024b5b8d6e067b251d84403ccc57cefddca4e1807e87e
2023-03-27 20:17:44,True,3.7859,0.01225,36.7069,0.4499,0x2d...7822,https://bscscan.com/tx/0x42d045657ee622daf39c71471f02405044709e8a020fece0cf1ce19357de64a5
2023-03-27 20:16:05,True,3.7815,0.01224,9.23185,0.113,0x35...c197,https://bscscan.com/tx/0x0593fafa6e6b6394605dd718e3aee52851d3ec33a8e1679f728358267edf8649
2023-03-27 20:14:53,True,3.7552,0.01222,38.1015,0.4658,0x99...11db,https://bscscan.com/tx/0x4f276467c00380922ae847387a313617c74ca29596e33b45deb5c252e2a6c759
2023-03-27 20:13:14,True,3.7675,0.01221,23.5357,0.2874,0x92...d198,https://bscscan.com/tx/0xfc95e0eda8768af950e3817843b26def4f0825e74e1c8f479381245a576dc7b2
2023-03-27 20:12:32,True,3.7594,0.01218,40.1849,0.4897,0x2d...7822,https://bscscan.com/tx/0xe755ae63e66dd4bd7e943de6f1ce3591828bcff5633d8fcae86bb53397cd4ad3
2023-03-27 20:08:47,True,3.7483,0.01216,42.9219,0.5219,0x2d...7822,https://bscscan.com/tx/0x0c218514eec24abe690e865d469541b522b086a7c14103a5f17b9c991a25585f
2023-03-27 20:07:47,False,3.7272,0.01208,21.905,0.2647,0x92...d198,https://bscscan.com/tx/0x06eb97b9bf2fcaa0a7c47e49fdb2d09ac053c180f11df3ef099e91b2b760d1be
2023-03-27 20:07:47,True,3.7483,0.01215,15.8458,0.1926,0x2d...7822,https://bscscan.com/tx/0x82c323deda249d6f8d1649f4f9494e70d767835e2c2780af1e87583754d44ec2
2023-03-27 20:02:29,True,3.7256,0.01214,6.90314,0.0838,0x2d...7822,https://bscscan.com/tx/0xe99acfc86e1ccdb40619884031a33973486256831b1d29a1b91fbf78c6f879fc
2023-03-27 20:02:29,True,3.7196,0.01212,54.1114,0.6563,0x9d...6dab,https://bscscan.com/tx/0x2366a4071356379b7b70d01cef1c6ca753b6a9c959417ed43f31b08176b9a4d1
2023-03-27 20:02:26,True,3.7001,0.01206,146.933,1.77287,0x11...a5bc,https://bscscan.com/tx/0xfd2fa7f9e6dc9fa3726e4993e69e666070df20f2a28ce5de73bb98e93351b7f3
2023-03-27 20:02:26,True,3.6823,0.012,57.4172,0.6894,0xd6...f5d2,https://bscscan.com/tx/0xfed98db71e851bfcdbe2e77fd09b5d1d92fe9f2423c008831dd94093ad09d805
2023-03-27 20:02:26,False,3.6806,0.012,250.47,3.00616,0xfe...cfd7,https://bscscan.com/tx/0xee4432b8dc7a579270e26f8f6f2076fd3e8918a5b57685388fe1bf08fcb97bb7
2023-03-27 20:02:17,True,3.7358,0.01212,60.8513,0.7376,0x2d...7822,https://bscscan.com/tx/0x8b6d4c873ab02baa21e62c38bf8eb1b544308aeeef0a1d5e0e76542379f87420
2023-03-27 20:02:17,True,3.7148,0.01205,155.494,1.87424,0x11...a5bc,https://bscscan.com/tx/0x8b3bd258cbb1c993d0b299f842082cdd83bec3867b72b1d4ef92c834d27320c6
2023-03-27 20:02:17,False,3.7054,0.01202,250.47,3.01143,0xfe...cfd7,https://bscscan.com/tx/0x013ea3a94f9ee34656ee1b74e486f20744dc07138c7199d24528164e3604541a
2023-03-27 20:00:04,True,3.7451,0.01215,39.1622,0.4758,0x2d...7822,https://bscscan.com/tx/0xfd17b2bea62eb8e84d7f49cf667a636509bb8340008aeb4f324669eb93c532b9
2023-03-27 19:59:41,True,3.7406,0.01212,37.025,0.4489,0x2d...7822,https://bscscan.com/tx/0xc058966c018ab0aee916230ef7d75001395d84ee77b3dbee36dd430c07df672a
2023-03-27 19:57:05,True,3.7201,0.01204,223.902,2.69655,0xef...cab1,https://bscscan.com/tx/0x0a9c1b593ff64cea09aa748ceced4a29881fcd45615376a4096387ecbf772313
2023-03-27 19:57:02,False,3.702,0.01198,228.716,2.74111,0xe7...f829,https://bscscan.com/tx/0xb1f7888673c4a3f07ae796ad37e23c03369a942bd6b9ca096a1291680c0bee6a
2023-03-27 19:56:23,True,3.7384,0.0121,42.6717,0.5164,0x2d...7822,https://bscscan.com/tx/0x475988b7204a89cee7740ad416ef611fdddcae19d8c6fd7ccec21120c56594ef
2023-03-27 19:55:17,True,3.7318,0.01207,38.5908,0.466,0x2d...7822,https://bscscan.com/tx/0x690cac24279ce3fbe719e1bc19993a4152c5303c68070c80fb78f4390882ac8b
2023-03-27 19:53:26,True,3.7218,0.01204,50.4864,0.6083,0x2d...7822,https://bscscan.com/tx/0x0e1315e00cb9e7c3b10ffe73f3b7954e294ed42bd53a8caf0b4fd25d6486c903
2023-03-27 19:53:26,False,3.7058,0.01199,77.6983,0.9322,0xb6...4942,https://bscscan.com/tx/0x7689f2599039ba9a16953f3eb71a1e66a20333ecab59b2e5127ec2e1cf75d2c0
2023-03-27 19:44:14,True,3.7411,0.01206,42.4484,0.5123,0x2d...7822,https://bscscan.com/tx/0x238b6497036a8731e5e6aaca43a6e1a8435d6a030281da0b7584cfec51e18740
2023-03-27 19:40:41,False,3.7295,0.012,35.7534,0.4292,0xd8...7d0f,https://bscscan.com/tx/0xabff3214112d019ca513061ec8d9696725840033a05d304348c0cf7eb7d80b42
2023-03-27 19:40:26,True,3.7526,0.01208,0.8203,0.0099,0x5a...51f0,https://bscscan.com/tx/0xa873d4644ff9c69beef189a55140e4d804f8f1231bf22828676a4207b8ea7421
2023-03-27 19:35:35,False,3.7431,0.01202,19.0751,0.2293,0x2d...7822,https://bscscan.com/tx/0x15fbfa90cf0344c5b6d9fe0f4d45c24a59cd2677adb22242874e3c9ac53a5bc4
2023-03-27 19:35:11,True,3.7628,0.01208,9.32834,0.1127,0x11...ef6a,https://bscscan.com/tx/0xc7cc7592e68bc29d3a5f7825bf61e81a1ee0cdccaac175475a3b234a552c09c7
2023-03-27 19:26:14,False,3.7411,0.01203,36.8593,0.4436,0x2d...7822,https://bscscan.com/tx/0x64178e271852b1f7aafbad39424fe3eb5ccc077a40e989dffad7dc0849ea13ec
2023-03-27 19:18:23,False,3.7711,0.01205,40.8541,0.4926,0x2d...7822,https://bscscan.com/tx/0xb5726e81d3359e8ed3b7575a3561b0cf34897e89d851bf2de0bb6c9de4e970ec
2023-03-27 19:17:56,False,3.7784,0.01208,42.6625,0.5156,0x2d...7822,https://bscscan.com/tx/0xbe81daf687725cd773c4576ac652f5b984a08159267068958c1df182d2c3bec9
2023-03-27 19:17:47,True,3.7776,0.01214,50.0,0.6072,0x5a...0312,https://bscscan.com/tx/0x42c3b3523f0dd336bf900fd3ff01d34ac5a7f4f300fd494e686f35de22a028b9
2023-03-27 19:09:14,False,3.7621,0.01208,40.596,0.4904,0x2d...7822,https://bscscan.com/tx/0x92079188badc196b5537ba3ef70449332485d190a25a37171e1b6d922b3cb86d
2023-03-27 19:07:14,False,3.7937,0.0121,38.6021,0.4672,0x2d...7822,https://bscscan.com/tx/0xaeac64e4b744bb40da073d9979af07d3a0169841891f0ff73c7466f227b60708
2023-03-27 19:01:45,False,3.7927,0.01212,37.4866,0.4546,0x2d...7822,https://bscscan.com/tx/0xe22132be2d821485b336ad6d591b52593b0cee4e7d5100fbe496df085ec1a06b
2023-03-27 19:01:04,False,3.781,0.01215,36.0628,0.4382,0x2d...7822,https://bscscan.com/tx/0x1761736480773c27b1ce0a50f34055a64982d7a489443c8ff162068a78157e59
2023-03-27 19:00:39,True,3.8008,0.01221,29.5599,0.3611,0x2d...2048,https://bscscan.com/tx/0xf7389a18b5d7f4d681d254cc6806f03d1ee81909501fcb762a1199d9fad4d586
2023-03-27 18:53:21,False,3.7843,0.01216,50.9418,0.6195,0x2d...7822,https://bscscan.com/tx/0xa896b4659fa42afcbd3fc85e7b490251f5b07817b12c8789e5ac61fa91bdd352
2023-03-27 18:53:21,True,3.8044,0.01222,40.0,0.489,0x81...3cb0,https://bscscan.com/tx/0x49286f6ccd63176ebd7cb9b9b6727bf68af739d5ef1817cef2c66fcddc70f4fc
2023-03-27 18:52:54,False,3.8042,0.01216,41.2782,0.5021,0x2d...7822,https://bscscan.com/tx/0xc47dcc07fb47d385863901b080e759695531765a56925283a91ba4c1312063a4
2023-03-27 18:52:09,True,3.8084,0.01223,4.0,0.0489,0xbe...1239,https://bscscan.com/tx/0xcda1f31563077c3806d4855b1dc4ef38dae3642470204afcd9958ac4940d19d2
2023-03-27 18:42:57,False,3.812,0.01218,37.4651,0.4566,0x2d...7822,https://bscscan.com/tx/0x4bdd12631162ecce7d62eef39ff344dfef21a6c7a4de3167b129e328edd65e4c
2023-03-27 18:41:06,False,3.8179,0.01221,38.8952,0.475,0x2d...7822,https://bscscan.com/tx/0xba75894c19ccd820b358bb631f2bca6393e80ee962db61dfc8ebe9ef0d4e0bd3
2023-03-27 18:39:24,True,3.8345,0.01228,1.77602,0.0218,0x8f...9020,https://bscscan.com/tx/0x3e2dd5cf40e172dd48654ae564715e8a3ead4366d9f5e30f81e02b5a801d0e61
2023-03-27 18:38:30,False,3.8439,0.01224,65.2376,0.7988,0x2d...7822,https://bscscan.com/tx/0x924765befe6b8715b56c1f73aff177e2885093684833f8c81f584556f046da74
2023-03-27 18:38:30,True,3.8619,0.0123,77.6983,0.9558,0xb6...4942,https://bscscan.com/tx/0xa3f41d85c5b41f8ad1924fd5d11d7705457ac806de76b581b0230807b7abd393
2023-03-27 18:36:54,False,3.8388,0.01222,38.0966,0.4658,0x2d...7822,https://bscscan.com/tx/0x8cbef177f291ab3c061a4ca1bc746c75454d03c88ffd98d6a3074b32095c6b11
2023-03-27 18:31:06,False,3.8285,0.01225,37.7167,0.4621,0x2d...7822,https://bscscan.com/tx/0xb45e4dedf417174337fb4ee733f82dccc2e69be8fd7f98716adcb36fdeb7bb36
2023-03-27 18:30:42,False,3.83,0.01227,44.2402,0.5432,0x2d...7822,https://bscscan.com/tx/0x8255510fca9f39cf128965cd25e824ad61a74d91f985056855841d7555bbad72
2023-03-27 18:28:51,False,3.8533,0.0123,37.529,0.4618,0x2d...7822,https://bscscan.com/tx/0xe38e46fd63ab0390e903f1492c1c4c1e176f2232175a5f9f4a031d8171e1ed4b
2023-03-27 18:27:30,False,3.8642,0.01232,35.9002,0.4426,0x2d...7822,https://bscscan.com/tx/0x8dcb80e8da1342d33766224a90a45ebc4b75d5c2eb3fddda282a89cb954aa0f4
2023-03-27 18:25:54,False,3.8518,0.01235,39.8756,0.4926,0x2d...7822,https://bscscan.com/tx/0x5de3999995a5222fffcdf0307772b769aacd57464e4965991b3259a0a924aaae
2023-03-27 18:23:33,False,3.8853,0.01237,35.8446,0.4437,0x2d...7822,https://bscscan.com/tx/0x0062174e9857d0b124d97d0255f8b38d3cf05a785da38366718c7761f73a575d
2023-03-27 18:19:37,False,3.9019,0.01239,1.9721,0.0244,0x26...1b90,https://bscscan.com/tx/0x5f7f4ae3bdd9d1d98f3621bbf0b4d35d294948935faeda66d19d31049e4cf802
2023-03-27 18:19:11,False,3.9135,0.01242,91.6432,1.13837,0x2d...7822,https://bscscan.com/tx/0x1468d127b8c4982c37272ff14dc629d09d2aff63465a62321a0f44c48e0a6a7f
2023-03-27 18:19:08,True,3.9259,0.01246,160.685,2.00231,0x2c...470a,https://bscscan.com/tx/0x847e295ff7ecd31e800958fd6226a81a7f808e6d6530c381d79d9d52f0557bf5
2023-03-27 18:16:34,True,3.9013,0.01239,38.9565,0.4828,0x2d...7822,https://bscscan.com/tx/0xfb0abcae53c4486c4cdc598b8179a50e669d06aaacebdec32ae8fb1dece61682
2023-03-27 18:15:52,True,3.8933,0.01237,40.041,0.4952,0x2d...7822,https://bscscan.com/tx/0xcafe289d90796d7a04b3f99310291c60a04c0ebc7426477ee2462e40917ac345
2023-03-27 18:14:46,False,3.8712,0.01229,3.58816,0.0441,0xa8...ffc1,https://bscscan.com/tx/0x5275ed09456e0bcc1f493a2aaa5de045d8eaae45a8e574bcf6afc2d95ff4e742
2023-03-27 18:14:25,True,3.884,0.01233,66.1594,0.8162,0x2d...7822,https://bscscan.com/tx/0x51d30b3d17b3cf98409ac9887d4af4ce8f584a379cb34839c249ac43b9065e6a
2023-03-27 18:10:25,True,3.8655,0.01231,2.05653,0.0253,0x08...4ae2,https://bscscan.com/tx/0xc24d08e62bf8f9aa667689040e96e233d612a6fe48012a2b93a521b15c0b67db
2023-03-27 18:05:40,False,3.8635,0.01226,50.9543,0.6251,0x2d...7822,https://bscscan.com/tx/0x2b70f7a8eb24fea6276b179170ed8992a4465e2643d4e90a02e2656206d80c47
2023-03-27 18:05:40,True,3.8695,0.01228,181.414,2.22931,0x4f...afee,https://bscscan.com/tx/0xa1dbbeac2ed8b371b114670fccef06a58f2e0acd06af9e7e9e21b352144be224
2023-03-27 18:05:22,True,3.828,0.01221,40.8199,0.4986,0x2d...7822,https://bscscan.com/tx/0x687fb51f97af3b4ad1ba16374834bd73de0e8987f9ca01e67d5d352693d275e0
2023-03-27 18:04:46,False,3.8156,0.01214,3.11501,0.0378,0x90...48cd,https://bscscan.com/tx/0x1ef47f411346101e6340488e4ce67dbc7de49957ee882e552ecffd87f0a22fb5
2023-03-27 18:04:34,True,3.8264,0.01217,87.0902,1.06058,0x1f...f0b0,https://bscscan.com/tx/0xd2abc883f1bc42991c2ddaa287de0581a568d0f37e8d782f375654eae7bc7079
2023-03-27 18:03:58,True,3.795,0.01213,39.465,0.479,0x2d...7822,https://bscscan.com/tx/0x3edd6c7ae4c094cc587c731d73d5b39ce4d8b1d3895ff7004b9f8a5d643da8ed
2023-03-27 18:01:01,True,3.7924,0.01211,38.4243,0.4654,0x2d...7822,https://bscscan.com/tx/0xa117c581d827159ebee767c207ad1a28bdfa077cd0d2127aa3103b6298f0dd08
2023-03-27 18:00:28,True,3.7844,0.01208,40.5706,0.4904,0x2d...7822,https://bscscan.com/tx/0xde4e2c8209ebd1849191b1cf1d5439cd3323e91761fe6899faa1fbd061a6f00b
2023-03-27 17:59:19,True,3.7972,0.01206,36.1533,0.4361,0x2d...7822,https://bscscan.com/tx/0xcac76cc7834015af676cb9c6f03f797390600df3aad86334da974f14941d7bf4
2023-03-27 17:52:10,False,3.7613,0.01201,56.4531,0.6779,0x2d...7822,https://bscscan.com/tx/0x0f2cd62d3617b888a6401aa4a95d4c52bffb8c1215f79ff3634449e75e0e19b8
2023-03-27 17:52:10,False,3.7758,0.01205,91.675,1.10526,0x0f...8280,https://bscscan.com/tx/0xe61806d42f22c2f5b00e51c3a3be233d7c339e1e7805ff86c028709753e130e6
2023-03-27 17:52:10,True,3.7896,0.0121,162.978,1.97206,0x23...91f0,https://bscscan.com/tx/0x83a5fbe7d2089b1a3109f0cc35483b09540dffb68af0e29c6e707c3c9bba5618
2023-03-27 17:45:55,True,3.7878,0.01203,26.3998,0.3177,0x23...9da6,https://bscscan.com/tx/0xa9220b431164dec94dfe1c0315d8ce7d29fadb152e4e3dae9b7f0e0559b13d9c
2023-03-27 17:41:13,False,3.7738,0.012,119.637,1.43606,0x2d...7822,https://bscscan.com/tx/0x3be89e5a4f5a8e31d8fde0f6e9fdcea581a7860e59abc1bc03399cd48142a251
2023-03-27 17:41:13,True,3.7908,0.01205,138.68,1.67215,0x66...29a9,https://bscscan.com/tx/0xc8f3d97296a1bdd76ee430e4c40e86d9c9540216266e963bb3a980da8b4b8c55
2023-03-27 17:41:07,False,3.7628,0.01196,45.8501,0.5487,0x2d...7822,https://bscscan.com/tx/0xbff4b0863d5cf41af04cd048367fd453f2f56874080267e13a1a7d17c593fd6a
2023-03-27 17:40:34,True,3.7736,0.01202,86.359,1.03818,0x45...e039,https://bscscan.com/tx/0xf6cfd42c42e36f094a502414b1a97a0b3b575ba09b55aa473b7c9e818a12b96c
2023-03-27 17:35:14,True,3.7652,0.01195,95.7546,1.14512,0xfc...1c42,https://bscscan.com/tx/0x2d0d6bce69024a056c80c78e22ad30cf9361640d790a452b8cdf0ec1805d5ffd
2023-03-27 17:28:35,False,3.7732,0.01188,58.3249,0.6933,0x2d...7822,https://bscscan.com/tx/0x0ceed605b1599f973af59e5cf2013b1dc276aedfab4b91576afa2d8337be033f
2023-03-27 17:28:29,True,3.7976,0.01196,3.05043,0.0365,0x15...f557,https://bscscan.com/tx/0x2b2518de7c3136b32aaedf566a9b362a2a97527c216a47181c8b2cc4c66b70e0
2023-03-27 17:28:26,False,3.7838,0.01192,55.2657,0.6588,0x2d...7822,https://bscscan.com/tx/0x11677cafd3eea53a82c878a5d0e75d5d0085f110c7ffb5fdecc4f627dc40172a
2023-03-27 17:28:08,False,3.7946,0.01195,57.3705,0.6859,0x2d...7822,https://bscscan.com/tx/0xd9148d9f5adbaea9a3a8185634f1eee2f81f78ad183b23fbf0d03699b28ba7c4
2023-03-27 17:28:05,False,3.8043,0.01198,41.2303,0.4942,0xda...6e1f,https://bscscan.com/tx/0x6ded4c6653dc24e3ace22f2653f4f2624bed92691cbbff2bea878be44f0c2b7b
2023-03-27 17:27:23,False,3.8133,0.01201,50.8441,0.6109,0x56...0086,https://bscscan.com/tx/0xe5d3771b71b32de1956aff6d5fb49aac53485d1caab5d31df359df8d16bda8b2
2023-03-27 17:25:26,True,3.8376,0.01209,3.1876,0.0385,0x0e...2f4c,https://bscscan.com/tx/0xeb4810f400c09756a66b5602983e3cf15468c1173c646d478b1b1c67ee801bda
2023-03-27 17:25:14,False,3.8056,0.01205,75.6109,0.9113,0xda...6e1f,https://bscscan.com/tx/0x624e31c1a40a4e7be5aa25aeac1d2d1ffd5afd48ffc12fd75cb17bb2d38283f6
2023-03-27 17:23:29,False,3.8167,0.01208,28.9539,0.3499,0xda...6e1f,https://bscscan.com/tx/0xe02f5e93bb4a00161291a57d117bd4d3d19c4ade71f72281c616589080649b96
2023-03-27 17:22:56,False,3.8412,0.0121,23.2001,0.2807,0x52...1c7e,https://bscscan.com/tx/0x4013090a3c705541602719f028cc68866e556b8fd6d5b5c187dc4e83fbca3d0d
2023-03-27 17:22:17,False,3.8385,0.01215,153.214,1.86283,0x2d...7822,https://bscscan.com/tx/0xb02c589941868c34b19d6cbbb5615bb0f4ca73829e6ab6f27b2a80b8fc41586e
2023-03-27 17:22:17,False,3.864,0.01223,99.1123,1.21304,0x0f...8280,https://bscscan.com/tx/0xac5637a86921dcb6ef76bb8b4ea4dac9aea8eeae48229642ee56afeafd1ee536
2023-03-27 17:22:17,False,3.8748,0.01227,7.26492,0.0891,0x2c...b6d3,https://bscscan.com/tx/0x8bf7372cbd290c37c959cb1a8d586af1e219a605f4063beb749d4333ec107990
2023-03-27 17:22:17,False,3.8848,0.0123,89.8609,1.10572,0x6c...1a50,https://bscscan.com/tx/0xc1b4fdc27d8cf4a440a0aa184575772de23d80c92d0f75987f1b4e207756b5f8
2023-03-27 17:22:17,True,3.9,0.01235,513.88,6.34789,0xfe...cfd7,https://bscscan.com/tx/0xc6cb6e49038ae535e70c678fb2d7e19bf07c0b0a2a38f16de4d90ae090b67372
2023-03-27 17:21:11,True,3.8214,0.01204,57.2252,0.6894,0x71...69e3,https://bscscan.com/tx/0x2d9f37068e3f6c892e4b9c45e7a39835cb9c926f7394828b2dd7a681c2a40425
2023-03-27 17:19:17,True,3.8138,0.01201,57.5904,0.6917,0x3a...231f,https://bscscan.com/tx/0xed0874f809b052718ed9048db2ad1c285829d5ae479bf2ef8c92f2c66c3fa79e
2023-03-27 17:18:05,True,3.8127,0.01197,46.1432,0.5527,0x67...b7c1,https://bscscan.com/tx/0x99637a2960cfd62ebdd91750aa0a3380a50cc8e6b15c117024b000cc23ef32cb
2023-03-27 17:17:44,False,3.7497,0.01191,44.2032,0.5268,0x52...1c7e,https://bscscan.com/tx/0xf97f1e1dbe11164dc831fc0536e130c842eaca0dd8a624c3114d14ecb0db302a
2023-03-27 17:17:32,True,3.7671,0.01197,54.053,0.6472,0x00...78d2,https://bscscan.com/tx/0x5d558ffc3f0bb6b542b445c2894742bf4efdaaf18391a2e2bea2bbdea2502b1e
2023-03-27 17:15:55,True,3.7485,0.01194,45.4129,0.5424,0x2d...7822,https://bscscan.com/tx/0x5305e5babdcd41b4d1e05fca9867d02d53a613ec9b7db3bd68e82bdd24b34e1e
2023-03-27 17:15:10,True,3.7379,0.01191,51.4542,0.613,0x2d...7822,https://bscscan.com/tx/0x74c1464df1b74b58de16eb2cfc607f0b57b8dcc208903b098402219c85244672
2023-03-27 17:12:52,True,3.7242,0.01188,41.3014,0.4908,0x2d...7822,https://bscscan.com/tx/0x96f5000b64a2795192a5c46dc8d81d8c6a21e60931b95bf07d383f72b94c48ca
2023-03-27 17:12:19,False,3.7245,0.01183,54.4443,0.644,0xb6...4942,https://bscscan.com/tx/0xa1736e1051e255251606212dd84100253e398620e8fba2d8610b71038baf612c
2023-03-27 17:11:46,True,3.7312,0.01189,40.0821,0.4767,0x2d...7822,https://bscscan.com/tx/0x897f875a0c0d2c5c42009c01c35eeaecabed99977926d379621d0c0a0852543e
2023-03-27 17:10:37,True,3.7311,0.01186,41.7674,0.4957,0x2d...7822,https://bscscan.com/tx/0xf4013e98ef2e0bb528823ff63a1a5d12b81e979e77c61e0edb60d47d100a38e6
2023-03-27 17:10:22,True,3.721,0.01177,253.384,2.98451,0x2d...7822,https://bscscan.com/tx/0x229e96d45955305ff20ddeb4847262919622844ab4a5d0be195c4bec02d75210
2023-03-27 17:10:22,False,3.7097,0.01174,329.374,3.86779,0xfe...cfd7,https://bscscan.com/tx/0x3532680af825fd5dfe905fe21d44f47424b2a13aeae4263e4b44ffb856a58576
2023-03-27 17:10:01,False,3.727,0.01185,39.2145,0.4648,0x2d...7822,https://bscscan.com/tx/0x0c312c401a5de956275dcd6ab0eff5ead8dd32ae76ca2cd971e489ec844088f2
2023-03-27 17:08:10,False,3.7654,0.01189,76.9763,0.9152,0xda...6e1f,https://bscscan.com/tx/0x7e2f88dee5328b3af6f24ffee97b0a72f4e179c5c5e54da7e67bc99237d39d2b
2023-03-27 17:06:55,True,3.7609,0.01196,36.7789,0.4399,0x2d...7822,https://bscscan.com/tx/0xb3f500eaea126ead51b5c6fa713904771a1495d0bf8067dc9d96dcebc94041db
2023-03-27 17:06:31,True,3.77,0.01193,40.3311,0.4815,0x2d...7822,https://bscscan.com/tx/0x2f95920a42ea9bb117355d1e7072efa3963691adeebc0a818d35bd1c530c3f2d
2023-03-27 17:05:46,True,3.7638,0.01191,36.7637,0.438,0x2d...7822,https://bscscan.com/tx/0x61a3cf7c23f50b639224d5817327e3578aa6a758d123720fe76087a8d710df34
2023-03-27 17:05:19,True,3.7367,0.01188,51.8107,0.6159,0x2d...7822,https://bscscan.com/tx/0xb2a9641a0cb5532aa0fe0712a5423408632203b35ff5def83ded1c67ee73925a
2023-03-27 17:05:16,True,3.7501,0.01187,0.7543,0.0089,0xd3...7c49,https://bscscan.com/tx/0x063d89623fb676f7ffd20ae6821339b010763cbfa1065cdb080971a87065933e
2023-03-27 17:05:16,True,3.7464,0.01186,37.3921,0.4434,0x2d...7822,https://bscscan.com/tx/0x639f55c735768e580be8be51380f57c5d22cd0d87558abb0b3d5ea71fbcb1a02
2023-03-27 17:05:04,True,3.7389,0.01183,46.0,0.5443,0x2d...7822,https://bscscan.com/tx/0x0f36bf41ba60824e763daa7bc4cc4492dbb74d1edd5ab7e05fe39ae69bf6c0be
2023-03-27 17:04:49,True,3.7138,0.01178,106.891,1.25996,0x2d...7822,https://bscscan.com/tx/0x59e516039333c37e2d1294451de748103ec8bc7c2ec27fd2333d4adfebb40821
2023-03-27 17:04:49,False,3.709,0.01177,250.0,2.94299,0xfe...cfd7,https://bscscan.com/tx/0x79ed12461e004ac950676025e12d068f813befc82be17eba8f8fcf0651c30e68
2023-03-27 17:04:22,True,3.7769,0.01189,35.3453,0.4204,0x2d...7822,https://bscscan.com/tx/0xbf889c3aab3ab00dd8b26dc95a50b2b74d911fc8fad7dbddcaf199a328048918
2023-03-27 17:04:19,True,3.7721,0.01188,13.0,0.1544,0xda...b9bd,https://bscscan.com/tx/0x266394661b36711bafb3d1bef2fec10822f36d60e2de19d482f0a1cb652513da
2023-03-27 17:03:46,True,3.7477,0.01186,55.0737,0.6532,0x05...7eea,https://bscscan.com/tx/0x07a4dc168b8ef37751484f3141301a4405ba969704c9950586cb88531c1d021e
2023-03-27 17:03:40,False,3.7246,0.01178,10.0,0.1178,0xfe...cfd7,https://bscscan.com/tx/0x6c2e9caa05b06e59009531d3574c72e9d972dbcf518518553efe01d9d27b7532
2023-03-27 17:03:11,True,3.7318,0.01175,303.044,3.56309,0x91...79fe,https://bscscan.com/tx/0x36fc46f307dadf9d29865edbf77e8b02cc63afa4504949cf3f4980671d002100
2023-03-27 17:03:11,False,3.7081,0.01168,250.0,2.92074,0xfe...cfd7,https://bscscan.com/tx/0xb4f88c817e7f75245c551485d09fe0305f0e4937e5da864f38ddcc7bc7fa8b36
2023-03-27 17:02:47,True,3.7595,0.0118,28.9583,0.3419,0x2d...7822,https://bscscan.com/tx/0x6b7d2ccaa89a413a624ff94f544e676b6f72022555a3d3ab0cc08c6d6e63241f
2023-03-27 17:02:47,True,3.7499,0.01177,69.8266,0.8224,0x91...79fe,https://bscscan.com/tx/0x532c9cd6019d9a64787d9ff12f348ba0416265787d9c65868818b5998d5437a9
2023-03-27 17:02:47,True,3.7397,0.01174,35.865,0.4212,0x84...3a88,https://bscscan.com/tx/0x964ca746806e2ce74143b97f0f62b7bba108b1144afc88894fde3c398751a3cb
2023-03-27 17:02:47,False,3.7417,0.01175,250.458,2.94349,0xfe...cfd7,https://bscscan.com/tx/0x2d92cc2fa6e9147d07c3313e5f1f49d2dfdd68186d0aaad09898322634cca093
2023-03-27 17:02:35,False,3.7733,0.01185,75.6244,0.8962,0x16...4027,https://bscscan.com/tx/0x222e8809f84cc89bbe5e873d7edda9e2f66344777650eafa331bdedf67f8479d
2023-03-27 17:02:14,True,3.8021,0.01193,2.59599,0.0309,0x6c...0ab0,https://bscscan.com/tx/0x50354539906c77a82c7597fae9eae9624af82ccb8a57f51ac74f9f6ca8324ad9
2023-03-27 17:01:45,False,3.7797,0.01188,50.2037,0.5968,0x2d...7822,https://bscscan.com/tx/0x79c94e256108b8edabec6eef8280bcb9684272b311f58de393466adc72155d5f
2023-03-27 17:01:42,False,3.7885,0.01191,39.4247,0.4698,0x2d...7822,https://bscscan.com/tx/0x0dd230a1c704cb4d4dff2b01b06100bde382cace82010487d54ece87183d9a88
2023-03-27 17:01:33,False,3.7851,0.01194,51.94,0.6204,0x2d...7822,https://bscscan.com/tx/0x220feea04ae82a51a8c814be2badc3b69baf48df79bc2d38ef527a840a420f1f
2023-03-27 17:01:24,False,3.7959,0.01197,57.7731,0.692,0x2d...7822,https://bscscan.com/tx/0x9eec30bb908d0970464be31467903c556785631711e2c3e45f47b0c81a46c394
2023-03-27 17:00:27,False,3.8452,0.01202,73.6687,0.8854,0x2d...7822,https://bscscan.com/tx/0xd8df6a5a91b06cfac3c09e388fe85bac1955780a1f1551d57c951b0b82d9d991
2023-03-27 16:58:48,True,3.8736,0.01208,56.8239,0.6867,0x2d...7822,https://bscscan.com/tx/0x1bddc42d2e4368e49b38427b556e76bf2a54c297b9d000d14ba6f50ad14ef9c5
2023-03-27 16:58:09,True,3.8984,0.01205,36.715,0.4426,0x2d...7822,https://bscscan.com/tx/0x049539530e312ec185e68bf08f8e1ccb6d1bd6d2e0102fc08353f3edc21dfe3d
2023-03-27 16:58:03,True,3.8908,0.01203,38.0282,0.4575,0x2d...7822,https://bscscan.com/tx/0xc74a95d3651be581f0665272f02dc3cc2c41a9fb6a34d63ab9b3e20a0bbf0c1d
2023-03-27 16:58:00,True,3.9047,0.012,39.6036,0.4755,0x2d...7822,https://bscscan.com/tx/0x0b662635ebc20ddd189f12ef4b390d457416c7ef9b71245ef52f57a22e5b7041
2023-03-27 16:57:57,True,3.895,0.01197,55.3448,0.6629,0x2d...7822,https://bscscan.com/tx/0x7d95fbb417ca9c43529f56c2523c32020de4dcd525476ad0bf6f5d2e7589feda
2023-03-27 16:57:54,True,3.8835,0.01194,58.7998,0.7022,0x4d...74b8,https://bscscan.com/tx/0x647aa4562b203607ea82fcb7677354dd5f904a9564ecd9508bda69ca906fda1d
2023-03-27 16:41:08,True,3.8732,0.01191,40.7465,0.4853,0x2d...7822,https://bscscan.com/tx/0xb8b19a5fece64b9cc09e00f9552936983b569147929d4d1c5ad0784f6b79a254
2023-03-27 16:38:32,True,3.8627,0.01188,63.8801,0.7588,0x2d...7822,https://bscscan.com/tx/0x32e0edda8e4bf6334655db670fc24c1545241f8873c654162cfe2d8e79ae0ece
2023-03-27 16:38:32,False,3.846,0.01182,90.0,1.06457,0xa0...3af0,https://bscscan.com/tx/0xd9b3eeffca5fc86ab1777fdd11bdacc8f797dfc5c1622fac88f870a5d026d7eb
2023-03-27 16:37:20,True,3.8709,0.0119,37.0905,0.4415,0x2d...7822,https://bscscan.com/tx/0xd6809d4e8eebefd3c9a817477dc6677977fc5e97f9188e7df3d6f5f4d8578514
2023-03-27 16:34:32,False,3.8523,0.01184,38.9128,0.4609,0x2d...7822,https://bscscan.com/tx/0xeccf6d07dbbd6dae663e9209bd2185d9a98f95c5e443c06ef141deb1ffdf39fd
2023-03-27 16:28:41,True,3.8739,0.0119,39.2213,0.4669,0x2d...7822,https://bscscan.com/tx/0x6f50bf4f751f5012a6efa6d1d720a3be260c4af3d3fd05d29a490cdcf318a5e4
2023-03-27 16:27:50,True,3.8851,0.01188,41.5336,0.4934,0x2d...7822,https://bscscan.com/tx/0x9d3ad7224eafb5a6aabfa45cdcf3d0e6266d4d565c4b46a635b8cb8df8496c87
2023-03-27 16:24:02,False,3.8739,0.01182,54.341,0.6425,0x2d...7822,https://bscscan.com/tx/0xedab8926ae47cce964ae489147c7e69e1f2e49936f31aa08663b70acf63e155b
2023-03-27 16:23:53,False,3.8832,0.01185,38.1617,0.4523,0x2d...7822,https://bscscan.com/tx/0x084061a906bb65892ee483afd50ba21ab04414fe65fb53f6c02660b6c0b3b00c
2023-03-27 16:23:29,False,3.8923,0.01187,39.876,0.4735,0x2d...7822,https://bscscan.com/tx/0x20b46a7731c6ae0d0147460925390e9fe3e55f83cffbe8c5f1ff7227d76e004a
2023-03-27 16:23:11,False,3.9018,0.0119,37.2161,0.4428,0x2d...7822,https://bscscan.com/tx/0x8b03e77a973a91634695f4a613b9c3a7a9e95e683d3803503bc31b3a8ba0ac01
2023-03-27 16:13:41,False,3.9202,0.01192,54.4443,0.6494,0xb6...4942,https://bscscan.com/tx/0x60749c247a0832acd7b3563827ebdfec90acef5f9572d6e46b495e6ad9238534
2023-03-27 16:07:41,False,3.9116,0.01195,36.6929,0.4387,0x2d...7822,https://bscscan.com/tx/0xd0d569daf09d0413f56f722fc3c7bee6fcbb373f6c45e0214ac24e090cbcfc4f
2023-03-27 15:54:56,False,3.9403,0.01198,51.1952,0.6135,0x2d...7822,https://bscscan.com/tx/0x02490d753c754817c6cce6f4963bbdfc220fb53c23b0e3a26ce6aa38cc86e574
2023-03-27 15:44:50,True,3.957,0.01204,38.7842,0.4672,0x2d...7822,https://bscscan.com/tx/0xd111ba99565b05de5350fc3bdcddb8706502f69abd51d3e68f8a6a002b7bc3b9
2023-03-27 15:43:47,True,3.9577,0.01202,40.425,0.486,0x2d...7822,https://bscscan.com/tx/0x871ba4c6e0db5c4cabe27bf964b37cf4c01599f2bff87bba6e74cbf3385c3e03
2023-03-27 15:43:38,False,3.9363,0.01195,24.0004,0.287,0xac...3788,https://bscscan.com/tx/0xb090f66c5ea0468c052a9dc97154bd24c13046f6c4e489db266ec1dead3d9cfc
2023-03-27 15:41:11,False,3.9213,0.01197,39.4625,0.4726,0x2d...7822,https://bscscan.com/tx/0x7fc20afcf0cbf27cc6e1f1af3fed931d043028c462e121798c3a42188fb6cb0a
2023-03-27 15:40:56,False,3.952,0.012,48.6417,0.5839,0x2d...7822,https://bscscan.com/tx/0x95e300af31f60c732fe8803cfe134c8156d76c81bb271312828623d844c53e6a
2023-03-27 15:35:08,True,3.956,0.01207,13.6,0.1642,0x2d...7822,https://bscscan.com/tx/0x22f3118a0fad00a33b44e0051c59cfe73fa0936e954fed5f4a78789f19b5b50a
2023-03-27 15:32:44,True,3.9508,0.01206,38.3148,0.462,0x2d...7822,https://bscscan.com/tx/0xc8f5e9212ed9e16434ffe2e0e2076d40c34c6d5258772390295ddf7c22b656e8
2023-03-27 15:31:14,True,3.9273,0.01198,195.913,2.34839,0x2d...7822,https://bscscan.com/tx/0x8a5f1ea0c618891fddfee9ed3ef1c8480eb05b4882939636aaa090c69b3de1c5
2023-03-27 15:31:14,False,3.9087,0.01193,205.907,2.45649,0x65...cb0b,https://bscscan.com/tx/0xe7ca1d7d97b48c8601ad21df2cbcedf52db2b47610fbaaf4f669432fd9e17912
2023-03-27 15:31:05,True,3.9455,0.01204,37.5045,0.4516,0x2d...7822,https://bscscan.com/tx/0x741ec8d876a3d592bb1a483f2b97f913266383fc871732332ca36aa231bcade8
2023-03-27 15:30:38,False,3.9415,0.01197,3.90797,0.0467,0x0e...2f4c,https://bscscan.com/tx/0x7c36fad8461205edb59c11257d1116da599315068c98004b1553bd457972c1c6
2023-03-27 15:30:26,True,3.9284,0.01199,131.017,1.57117,0x2d...7822,https://bscscan.com/tx/0xb91f4fe6ac6dafe80a0eaeb2f9155fa7f24a004e70224afec31bf8da148892d4
2023-03-27 15:30:26,True,3.913,0.01194,39.8945,0.4765,0xd6...f5d2,https://bscscan.com/tx/0xcab6e1c248ac785d25c5ca2cbcc65fc6707b832f83bd44be1d6141ab7cb92513
2023-03-27 15:30:26,True,3.9036,0.01191,33.665,0.4011,0x04...8bf1,https://bscscan.com/tx/0x7ebe47425e03d141457a85eb57414278c45111304b97c3289d98a5b79ab2301e
2023-03-27 15:30:26,False,3.9006,0.0119,197.67,2.35371,0x65...cb0b,https://bscscan.com/tx/0x29756df5767d02c0d9c15c2ce2afb2917fa0ad7eaa7049074d99b225dadb7f80
2023-03-27 15:19:40,False,3.922,0.01197,11.5515,0.1382,0x0f...8797,https://bscscan.com/tx/0x25679464e1867ef847f799254147ae74cdcb96d4262a641aa4b2204b9d5b38a4
2023-03-27 15:15:59,False,3.9285,0.01199,47.9,0.5743,0xe3...d2ff,https://bscscan.com/tx/0x55dc944dcc5e3dad77cf5c92db870a05e773e359ab43337400fb7a0658b9e629
2023-03-27 15:14:31,False,3.9585,0.01202,52.5127,0.6313,0x7a...c707,https://bscscan.com/tx/0xe4103a660815034f35cccd70153378701536f6cf422b40d0a11a23ba93549b9b
2023-03-27 15:13:22,False,3.9496,0.01205,53.4318,0.6441,0xca...34d7,https://bscscan.com/tx/0xe3db6fb5ec82adcf51eec32e294ae9229b278a97dc6f8f44f18e6b8208f6f73f
2023-03-27 15:10:25,False,3.9595,0.01208,39.4322,0.4765,0x2d...7822,https://bscscan.com/tx/0x656d983d9caea5eac91146a2ef488d06a0ebd46139ea87a5404ac9836e7786ee
2023-03-27 15:08:58,False,3.9885,0.01211,42.5613,0.5154,0x2d...7822,https://bscscan.com/tx/0x64e785cc6ce61183191ca1a468ab2973d59837b80a10b60a30d9143377c8d58f
2023-03-27 15:08:55,True,4.0035,0.01215,90.0634,1.09481,0xc3...157a,https://bscscan.com/tx/0x1fba21b060a7c0a30d81f08e1d597510a087b9d99849d04b68d4586c8ddbf2a6
2023-03-27 15:07:01,True,3.9893,0.01211,37.4157,0.4533,0x2d...7822,https://bscscan.com/tx/0x0ebc4fca8d588ffaa7eb14e69f4b171827b31e214624c3677208858037ddaf59
2023-03-27 15:06:43,False,3.949,0.01205,29.6775,0.3576,0x17...272e,https://bscscan.com/tx/0x7e6afa911f47743acb5796d91fe5fbd8a4bb3eba50854cf5194b069363553b1d
2023-03-27 15:05:00,True,3.9877,0.01211,35.6385,0.4316,0x2d...7822,https://bscscan.com/tx/0x4f8e7994fd51a5646df0c7bd33211e13058b177f3f5eab231ddd3a92e68cfa91
2023-03-27 14:56:57,True,3.9637,0.01209,3.66248,0.0443,0x38...28dc,https://bscscan.com/tx/0x9ddee64404b9ca0ccf8d4a7c61f5d075e209e8d9b8f0457d9a16349e0278d85a
2023-03-27 14:56:42,False,3.9468,0.01204,31.3051,0.3771,0xd1...1b8d,https://bscscan.com/tx/0x8ce5e08b310aba9dfdf81b0390fcb3d24b6e33e3e7985063adcde8332a69a3dc
2023-03-27 14:56:42,False,3.9556,0.01207,53.8023,0.6495,0x67...b7c1,https://bscscan.com/tx/0x88adfa645d66f4adefda4bcfa441726466b4be7696c30ec7b1ed1b8b1356ce9c
2023-03-27 14:56:00,False,3.9855,0.0121,45.9386,0.5561,0x2d...7822,https://bscscan.com/tx/0xa247e907d80c75266f03da28b3cd8468b9f85e69d5efe52e683891a1898a8b17
2023-03-27 14:53:12,True,3.9862,0.01216,36.8955,0.4489,0x2d...7822,https://bscscan.com/tx/0xfae5d09f94949f7ae46713382487175f02ba878d4b8061cf1a842755909c6170
2023-03-27 14:53:09,True,3.972,0.01212,98.9647,1.2,0x0f...8280,https://bscscan.com/tx/0xd140752b1bb7d41cc25d7d5e08d7ffab333655d3638877f18942bad8e4a623cb
2023-03-27 14:53:09,False,3.9584,0.01208,158.25,1.91226,0x7b...c5d7,https://bscscan.com/tx/0x9e93ec3eae3874e577d0ecc309d9bf44783c363dec2e2995abfb4a52744fcded
2023-03-27 14:52:27,True,4.0138,0.01219,9.44058,0.1151,0xd1...1b8d,https://bscscan.com/tx/0xe58c0752b468af09da14baa14947ee53497bce8747895994ecc0cf6267b76b1a
2023-03-27 14:51:12,True,3.9926,0.01218,6.0596,0.0738,0xd1...1b8d,https://bscscan.com/tx/0x3eba4daf6b8f7bc5f1dd92abd8122079ea66a8128f78dd80d2991accd5536332
2023-03-27 14:48:57,False,3.9776,0.01214,50.4283,0.6122,0x7a...fe55,https://bscscan.com/tx/0xa385c06e8c987eafd71740945b790f997f08a5ee442a19ea1ea09a715cfe51a7
2023-03-27 14:46:33,False,4.0082,0.01216,37.9202,0.4614,0x2d...7822,https://bscscan.com/tx/0x30fbd66d8a9b8c3bac72065a8abdcc6b4793aa26fba03a0b75c72841c6d57cac
2023-03-27 14:41:27,False,4.0079,0.01223,155.729,1.90459,0x2d...7822,https://bscscan.com/tx/0x06ee02333f4c14e83df6255c1f9e2abc072ffebbf7a0ad0e613e9c1a326f8a62
2023-03-27 14:41:27,True,4.1054,0.01252,158.25,1.9825,0x7b...c5d7,https://bscscan.com/tx/0xab9631eea79f4e030c2ba09968c6a97bef0911832688b12b880c7d9cc275b249
2023-03-27 14:40:51,True,4.0108,0.01223,17.8179,0.218,0x21...6f6e,https://bscscan.com/tx/0xcc6b162ca64b6976506ac30667fd2c6a50fb422fa0dc00e5cc47c4e9c314daa8
2023-03-27 14:35:09,False,3.993,0.01218,46.8896,0.5711,0x2d...7822,https://bscscan.com/tx/0x459ebbcb855b49b8193ede6f5347e2757a7dc875cd806095b6ea3661112213c7
2023-03-27 14:34:15,False,4.0218,0.0122,36.3243,0.4434,0x2d...7822,https://bscscan.com/tx/0x9bb06d09332bb19d821cabe770fba32aa4a78b5e4a5ca5b9fdebe56cf2192a82
2023-03-27 14:13:36,True,4.0473,0.01227,24.7065,0.3032,0xa5...953a,https://bscscan.com/tx/0x6ff72cbab0732a34d69e9ec7b3f3f32bc8ab4a2c0f397106d002ff536f170877
2023-03-27 14:05:33,False,4.0226,0.0122,6.30893,0.077,0xab...5d8c,https://bscscan.com/tx/0x30e51b1f81ee5246afbd4a57c9dc43e89481a16de8cab5780bca8ad7a88a4acb
2023-03-27 13:41:19,False,4.0335,0.01224,116.019,1.42064,0x2d...7822,https://bscscan.com/tx/0x910cd2c960987c917836912f51e5936b1985436001869ddcdb1986e5c28b128c
2023-03-27 13:41:19,True,4.0544,0.0123,109.3,1.34531,0x2f...7009,https://bscscan.com/tx/0xfad109c424c77f5957c8c1ec52aceb1561035b151ea3e8cfc7dbd083dd4f1b77
2023-03-27 13:35:26,False,4.008,0.01222,36.1956,0.4424,0x2d...7822,https://bscscan.com/tx/0x748d2be18890fe383c3f4897bd5c51088859be8df554f4ac927b5efc6797abc5
2023-03-27 13:15:41,False,4.0284,0.01224,43.7099,0.5354,0x2d...7822,https://bscscan.com/tx/0x2f92dd39ab664102c0ec538f4021904ae79629766bd5c5d368cd72cc113a6911
2023-03-27 12:11:29,False,4.0095,0.01227,40.9222,0.5023,0x2d...7822,https://bscscan.com/tx/0x91ce3d3e0e04f57f5f5921666508b1e7dc47fc7fe2d0ee57655b9e2b3d7ffa93
2023-03-27 11:51:20,False,4.0386,0.0123,37.083,0.4561,0x2d...7822,https://bscscan.com/tx/0x3836713ecafcf9b00014694ceec0fbf26fb3f3963d21e2c828155b7be1d8eda7
2023-03-27 11:41:05,True,4.0475,0.01233,136.344,1.68125,0x2d...7822,https://bscscan.com/tx/0x9495c3bf7a7fc28abef3209647d459e2d69d8fb307e9909c96c1de383cb3c0b2
2023-03-27 11:41:05,False,4.0293,0.01227,155.223,1.90544,0x2c...470a,https://bscscan.com/tx/0xc1b6ee01f8e5a50958b3983441ed6052ff444e9e3bc80d37ee04b2537f195aea
2023-03-27 11:40:29,True,4.0624,0.01237,38.2629,0.4735,0x2d...7822,https://bscscan.com/tx/0x86c0da173ca9625852eac511cdece87b349fa7e98302228952b142e7c42318bc
2023-03-27 11:21:02,True,4.0346,0.01236,3.86456,0.0477,0x2d...7822,https://bscscan.com/tx/0xf143baf427602ef32f46c5134297b616f0ebb5e61ef3dfdb9df5edd1e8a229b3
2023-03-27 11:21:02,True,4.0286,0.01234,53.1687,0.6562,0x16...4027,https://bscscan.com/tx/0x955c1fd8b8fb022efecb39143a21a941b38c95f9b2beca4cb12c635fc89d72c7
2023-03-27 11:19:38,True,4.0142,0.0123,53.9059,0.6634,0x2d...7822,https://bscscan.com/tx/0xe51a8dab58e17a8bb2e46270f8ae8569e34c296b2811987814bbec522bf2ab2d
2023-03-27 11:08:35,False,4.0109,0.01224,43.7475,0.5356,0x2d...7822,https://bscscan.com/tx/0xe24dcd146a7a0ed40bc6d79509e7450a0e9dbebe67379f4d12db56adb8616bb2
2023-03-27 11:03:17,False,4.0196,0.01226,36.7414,0.4507,0x2d...7822,https://bscscan.com/tx/0xad3a741e3bba2661366219ee2ec90ca56ff4205a205539f44afeb476c254a451
2023-03-27 10:59:50,False,4.0063,0.01229,36.096,0.4437,0x2d...7822,https://bscscan.com/tx/0x20ec94a8607dbc40f4345393752522c89e1ac594f352ddca70c8d59a286f934d
2023-03-27 10:50:02,False,4.0102,0.0123,3.36718,0.0414,0x0e...2f4c,https://bscscan.com/tx/0x67f749fbf920ce8309dea489cd42184e5ce29aa5ec9162e78fe58c08fb6abd2b
2023-03-27 10:49:55,True,4.025,0.01235,53.1015,0.6558,0x2d...7822,https://bscscan.com/tx/0x90ae9c91783085caaf0e5e3acd72eb7a8e2280245640b406d049fbb5af65e994
2023-03-27 10:49:31,True,4.0342,0.01231,50.6042,0.6233,0x71...69e3,https://bscscan.com/tx/0x8b97a3b838bfdde44a2367752bc57b3c98aac74217fe7d2299778d590eec12d3
2023-03-27 10:49:18,True,4.0233,0.01228,51.9422,0.638,0x2d...7822,https://bscscan.com/tx/0x2d0a6773d791b6c81d8e760988786547c3af917aa1e07aa8093b986f22ce8225
2023-03-27 10:48:41,True,3.994,0.01225,36.2803,0.4446,0x2d...7822,https://bscscan.com/tx/0x1041d4ae5388ed5b2a794c11bee5c1c741a8a70633c893479243ac3ec6cbacaa
2023-03-27 10:46:31,True,3.9852,0.01222,46.4914,0.5685,0x2d...7822,https://bscscan.com/tx/0x7f6de439a5502e8a5ae00c205e3ef64e36240e078cbd85f5e3dce00845c59466
2023-03-27 10:44:15,True,3.9765,0.0122,37.113,0.4528,0x2d...7822,https://bscscan.com/tx/0xdd0e684eec1775dc7ee4c12c22b9f11e12295e9b42abe6c232ff0c6e8bfeb860
2023-03-27 10:38:22,True,3.9866,0.01217,42.0439,0.5119,0x2d...7822,https://bscscan.com/tx/0x95a952a359da98b9a5f1f97109008ec78dd053fd555533a847ea851f196404fd
2023-03-27 10:36:43,True,3.9577,0.01214,43.1283,0.5239,0x2d...7822,https://bscscan.com/tx/0x248446d94d4e1896e8a2ea72128820ca622bcab475fba81f87f3109f16490629
2023-03-27 10:36:22,True,3.9525,0.01213,8.58158,0.1041,0x2d...7822,https://bscscan.com/tx/0xcc092fe154df1e5fb49a83b567eab32ad2b517235bc76fdc553a95c402283491
2023-03-27 10:36:22,True,3.9455,0.01211,59.0624,0.7153,0x00...78d2,https://bscscan.com/tx/0x2cab284bdf5f2027eb8ecba3805cd66f0f8404e82e56b132e3a92602820758e8
2023-03-27 10:35:07,True,3.9341,0.01207,46.2068,0.558,0x2d...7822,https://bscscan.com/tx/0xa348026678b34dae0015be137068a112c0c41bee0f8a1e941dde0563fb2caf70
2023-03-27 10:33:13,True,3.9237,0.01204,49.6242,0.5978,0x2d...7822,https://bscscan.com/tx/0x42ff0c1be52d47490cb5e4a0dc4e16da7744fc3d70dcc23c548e047e544a0cbb
2023-03-27 10:31:22,True,3.9338,0.01202,40.3163,0.4845,0x2d...7822,https://bscscan.com/tx/0x5017d7b80e3861fd8f4c4e9dba6147202919ce18346940cb93bdad4ea5c7bf92
2023-03-27 10:16:04,False,3.8946,0.01196,52.213,0.6246,0x82...2196,https://bscscan.com/tx/0xe44ef6ccb97300c496982202fee26b656fa9513329e21392bb0a35cbf22f1a77
2023-03-27 10:04:46,False,3.924,0.01199,52.1684,0.6258,0x43...fe22,https://bscscan.com/tx/0x683db07bef5c09f2b82a66610ab2cd3725e11a58c54cfe7d4beae1c802ca4716
2023-03-27 09:51:49,False,3.918,0.01202,54.0325,0.6499,0x00...78d2,https://bscscan.com/tx/0xf77a4681a9b5d6814a79df48df891e40fe670c572ce916706ababbf798648ffd
2023-03-27 09:50:37,False,3.9261,0.01205,16.7662,0.202,0x2d...7822,https://bscscan.com/tx/0xe3724e7da7e64e3ecbff9b2944ecc2d9775f0d56988bd15e707ac144ad3ec4ac
2023-03-27 09:32:33,False,3.9556,0.01206,35.8694,0.4328,0x2d...7822,https://bscscan.com/tx/0xd62914cd953cb62dc797714b98b7a28f5ce751a2c4fa49331fe9a6b5b74eaa2a
2023-03-27 09:29:09,False,3.9616,0.01209,39.3486,0.4757,0x2d...7822,https://bscscan.com/tx/0x95e356436edd2157c8bb595c83bfa85725c742e38a5b6a7c22bd084a44cd6a2d
2023-03-27 08:32:30,True,3.9887,0.01215,39.0377,0.4744,0x2d...7822,https://bscscan.com/tx/0xb0407c72df5c3b39ac84de8037639ef39c5fe1db08c03c142525dd01714b0c48
2023-03-27 08:25:33,True,3.9595,0.01212,42.3494,0.5135,0x2d...7822,https://bscscan.com/tx/0x29d8301682aa2fca970a48d8e1d07a0b138ab09d6eb7a3547853826710cf90ad
2023-03-27 08:07:48,False,3.9429,0.01207,62.6947,0.7568,0x00...78d2,https://bscscan.com/tx/0x4339b16c09584d31c651fc8dd8fe0bc7cc6ef04e191b8e505d8342eb61a74f91
2023-03-27 07:54:53,False,3.9779,0.0121,36.6106,0.4431,0x2d...7822,https://bscscan.com/tx/0xd47eb966240a45e74a312bdc26ec392690c3900dd6694c89c509f31267c4ac9a
2023-03-27 07:41:17,True,3.9857,0.01216,38.6039,0.4695,0x2d...7822,https://bscscan.com/tx/0x0bcbbc0f3884f6d1e96e797a5bc7941bfc3f8ea7bf4edde9a2b0aadc1f1e7897
2023-03-27 07:39:29,False,3.9838,0.01209,19.0,0.2298,0x81...3cb0,https://bscscan.com/tx/0x0409153b0399bd385b06cfa3ea59001385729b02758db1acf0d00ca71e8cafc4
2023-03-27 07:22:20,False,3.9889,0.01211,30.0,0.3633,0x81...3cb0,https://bscscan.com/tx/0x79d59127d28692d16a39c612bfcae8755fab3ce27f9836ea666eeaeb5ab78bb4
2023-03-27 07:16:44,False,3.9751,0.01213,33.5855,0.4074,0x2d...7822,https://bscscan.com/tx/0xabb05072782f5a36f3615aabff705d52a5a45ca6b4f58ac88f6b9a66229d156f
2023-03-27 07:15:29,False,3.9824,0.01215,35.8706,0.436,0x2d...7822,https://bscscan.com/tx/0x988685a591875cee290d3b1bdf0d42cc669e5b6540d4681fb15b6466888b5255
2023-03-27 06:58:42,False,3.9902,0.01218,41.9462,0.5108,0x2d...7822,https://bscscan.com/tx/0x5f97e21a841fd43f4490c9a79cb30c691481a20da4556cc2aed48266ac1f587e
2023-03-27 06:36:15,True,4.0372,0.01226,0.0808,9.912e-05,0xd4...603d,https://bscscan.com/tx/0xf93f0b8af42e6348b5d310300ffa1e1983aa608e715de8805354280b4e26e365
2023-03-27 06:35:39,True,4.0311,0.01224,37.8332,0.4631,0x2d...7822,https://bscscan.com/tx/0xe828366f6b4f294294882ceb91408f95530d019a941aa845d3436ebcceb378d1
2023-03-27 06:31:30,True,4.0214,0.01221,42.7087,0.5217,0x2d...7822,https://bscscan.com/tx/0x8ed1cc49f40da0e03909dafe4f841aed12e9b6d562a445445d6e6de513969458
2023-03-27 06:11:20,True,3.9878,0.01219,39.4639,0.481,0x2d...7822,https://bscscan.com/tx/0x659f483188703372291641c2f3ec04b454c9f37028d44ec831bd4cf9497127de
2023-03-27 05:24:58,True,4.0058,0.01217,31.6845,0.3857,0xc5...6095,https://bscscan.com/tx/0xd290be9d1f2da409f4eb92b9d65347360917c119b52031adac8b683d2e59cfd2
2023-03-27 05:22:19,False,3.9822,0.0121,32.1646,0.3892,0xc5...6095,https://bscscan.com/tx/0xb4af2ed4dc6e6a29df06aa3ff241801d42184b41a86a53eeb00be483eb085665
2023-03-27 04:51:03,False,3.9924,0.01213,54.5026,0.6613,0x4d...74b8,https://bscscan.com/tx/0x02ae3fbba02d9ec18d6cb502acc4b24e6e12dc918d81fadc54c330468c746e31
2023-03-27 04:29:18,False,4.0041,0.01216,49.826,0.6062,0x34...7c76,https://bscscan.com/tx/0x597c578e4c713220b5df8af754074baf324f847edd00f3abc4a432cb0b99413c
2023-03-27 04:24:21,False,3.9932,0.0122,56.0448,0.6837,0x00...78d2,https://bscscan.com/tx/0x9c3f89a9533d4f74ab15fe489a21ddc1beb645a6d0d048fb560bfb16dc3f82f9
2023-03-27 04:20:15,False,4.0259,0.01223,52.4513,0.6417,0xc3...157a,https://bscscan.com/tx/0x9334bcc08fa9f2cf40811f0ae7211b64d8e21f1440e58e8eebf6876c93013c00
2023-03-27 04:17:12,False,4.1278,0.0126,187.027,2.35796,0xdb...8aba,https://bscscan.com/tx/0x854dea1b1d6d26052a0f471bbd90e18cbd30ff9167d4c35038ba05c5ec8bc161
2023-03-27 04:17:12,False,4.1609,0.0127,111.579,1.41801,0xeb...fa09,https://bscscan.com/tx/0x25f21064081433e7a09d236b7fb92ae24120d7cc412f58830352f7536b7baa1f
2023-03-27 04:17:12,True,4.1385,0.01264,500.0,6.32015,0x88...1404,https://bscscan.com/tx/0x1f176e5b346fc866a903957e6175ebf4ca7e597a8a31a7bba2afc6fb0ca05d9b
2023-03-27 04:17:12,False,4.0718,0.01243,79.3816,0.9872,0x9b...406c,https://bscscan.com/tx/0x378aac8bc94901eaabc0923dee19c79db337f88318be242cbe4468c142636e5b
2023-03-27 03:23:42,False,4.0035,0.01217,2.0,0.0243,0xde...c845,https://bscscan.com/tx/0x7be2826eda3ad2b5134fc117c661e8d37f3943411a73ba3dd96309fe764f1c99
2023-03-27 03:17:27,False,3.9945,0.01219,48.4494,0.5905,0x7a...c707,https://bscscan.com/tx/0x109c8e427d937682ce84d6ac54ae6b55b2f0585788dc34a96d6b544bb863d59b
2023-03-27 03:10:32,False,4.0253,0.01221,40.4567,0.4943,0x2d...7822,https://bscscan.com/tx/0xe7e7a33f5d7ecda518e9899e7ef64b2343e6ddceaaea0dc2ae5789bd37933285
2023-03-27 03:09:08,False,4.0343,0.01224,36.105,0.442,0x2d...7822,https://bscscan.com/tx/0x23f74a2ad027d3c6e0b7f0fb6dabf53e8da52515a51cdb4f8ad01307cd05e2ad
2023-03-27 02:59:34,False,4.0217,0.01226,36.2312,0.4444,0x2d...7822,https://bscscan.com/tx/0xa43ccda5122ad2d25aec0cae820a4613f4165a54d7a03def16ba04c5d1eb1857
2023-03-27 02:48:20,False,4.0449,0.01228,16.6687,0.2047,0x2d...7822,https://bscscan.com/tx/0x26adca30d37a29f0fc4895a6a4d1e1b70afc306a3e35d0aa09559d534f307d91
2023-03-27 02:48:20,False,4.0493,0.01229,24.9804,0.3071,0x52...1c7e,https://bscscan.com/tx/0xf08423e72f7eb35ed485631420e19eb4b2a348e2d76b014f2662b4e4cac04741
2023-03-27 02:30:09,True,4.0487,0.01235,37.8927,0.4681,0x2d...7822,https://bscscan.com/tx/0x9b93b1e791d5b183b26ff4bfe81b3ed47b6e66ceffaf25719e0f59aa0b7c9989
2023-03-27 02:02:36,False,4.0498,0.01229,44.3242,0.5449,0x2d...7822,https://bscscan.com/tx/0xa25eeb8ec2dda24df1a3941962a68dad7ab8e6135d1b908abe5251c43f43ab55
2023-03-27 01:24:18,False,4.0575,0.01232,36.559,0.4504,0x2d...7822,https://bscscan.com/tx/0x78ed0a7e486d86a9d4f9f4260ac0c3b54524c6338e9884da532fb9eda795b2f1
2023-03-27 01:06:45,True,4.0725,0.01237,48.8218,0.6043,0xca...34d7,https://bscscan.com/tx/0xd9eb0cc368b8e40eca1bc44eada0e9945c4cee2cab9e302926ae83d397f4afc9
2023-03-27 01:05:15,True,4.0426,0.01235,39.3032,0.4853,0x2d...7822,https://bscscan.com/tx/0x3ca98015461c0aefdb9a7d7f97363c4bb75be6c95e55f05a7b21795d7a0d835b
2023-03-27 00:53:15,True,4.0563,0.01232,24.671,0.3041,0x45...e039,https://bscscan.com/tx/0x4a78ea25f11bc44808ac6e2bd368a4d3176ccbb0cb1e550a18de8343c70bba6d
2023-03-27 00:47:12,True,4.0292,0.0123,38.0964,0.4689,0x2d...7822,https://bscscan.com/tx/0x44876ee9a0c80bd458d03d95f869f00ec19c7879f44cd8189f635a6badc104e9
2023-03-27 00:42:33,True,4.0416,0.01228,36.3087,0.446,0x2d...7822,https://bscscan.com/tx/0xe47069fd0a13251c52fa32df800cec4fa5fcd06cd5c44ed99e4a0bf396154edc
2023-03-27 00:28:03,True,4.0386,0.01227,4.95207,0.0607,0x57...dc92,https://bscscan.com/tx/0x4c6e9ff000818f891612b20a605cdaf17d82deace9e5a6c434c8c6a17ecab4e6
2023-03-27 00:14:15,True,4.0266,0.01225,58.7437,0.7196,0x2d...7822,https://bscscan.com/tx/0x71e6145f02cf5dc0052f00a07b08e20c636f3cfdc31c28154d72c106e0303f92
2023-03-27 00:07:30,False,3.9747,0.01217,14.3391,0.1745,0x81...8925,https://bscscan.com/tx/0xbe24be96ac6fee2824e669d108eb51523f948612e08a7bfe4be82c413d6bd222
2023-03-26 23:59:03,True,3.9867,0.01221,86.1252,1.05184,0x00...78d2,https://bscscan.com/tx/0xf1b44ed7418ca41e127485fc7dba7b4b598d2b90c95a27f83aafa981c4a24043
2023-03-26 23:55:39,False,3.9639,0.01214,48.9583,0.5943,0x2c...015a,https://bscscan.com/tx/0x9b363e0684cd5a9ac42d76a0d45e8c0a27b308027380859de4f941034d72068d
2023-03-26 23:52:48,True,3.9799,0.01218,85.992,1.04816,0xec...631a,https://bscscan.com/tx/0x72c6b1081d6834eac882a0df19bcf437a6aa8b1ed47732c96b90ec21a1ee724f
2023-03-26 23:37:53,False,3.973,0.01211,42.3512,0.513,0x00...78d2,https://bscscan.com/tx/0xd2d257029614e43d95651fc1a6f63e7b41b71fce98d712babd431e66cce00ad1
2023-03-26 23:36:44,False,3.9629,0.01214,51.8633,0.6298,0xca...34d7,https://bscscan.com/tx/0x99a82d21324b007c753e0afc29b6cf0c63df5f77adaf0bcdac360038db56f6a6
2023-03-26 23:36:29,False,3.9968,0.01218,82.375,1.00391,0x0f...8280,https://bscscan.com/tx/0x5b47e69f573604d6c6e5db80219732d7f7f3ae11632d9bd385468cc833a0569d
2023-03-26 23:36:29,True,4.0159,0.01224,91.0,1.11433,0x88...1404,https://bscscan.com/tx/0x10d896331e4d76d0fe121bfea47e6114dfbb6ffdf8f51be5a85fe7f325ce285d
2023-03-26 23:35:53,True,3.9851,0.01221,11.3074,0.138,0x00...3798,https://bscscan.com/tx/0x168d8fb5d01cb4088ea547cc51b5bddfc9c2e57bcd9a96b7bb319a73bb9cd53a
2023-03-26 23:35:50,False,4.0781,0.01249,1064.8,13.3068,0x62...8b27,https://bscscan.com/tx/0xe82fbb64c4e562faefd56a9db49a5200e49bad726fb820355f46e47285f24392
2023-03-26 23:35:50,False,4.2166,0.01292,189.102,2.44344,0xdb...8aba,https://bscscan.com/tx/0x8a1d0dd915078724705e2cfd65eac0e48756ae0a1dac8524aa9fbadd4e3a4dd8
2023-03-26 23:35:50,False,4.2579,0.01304,170.918,2.23012,0x9f...9253,https://bscscan.com/tx/0xadfe26689fa7b1e25ee1230b037e809d27e1b19cb0e623848ceed8b92ea095f8
2023-03-26 23:35:50,True,4.218,0.01292,704.101,9.10094,0x88...1404,https://bscscan.com/tx/0x0bb5bf62aebc713ff406661dbd0801dca64ba44153518c9fcca7238ce272104f
2023-03-26 23:35:50,True,4.058,0.01243,740.626,9.20992,0xc5...77c0,https://bscscan.com/tx/0x054d4d7316f5ce92025ad56ca91da1f3d63d8de4959c3ec05cd14b93f1057a91
2023-03-26 23:35:26,True,3.9785,0.01219,8.27942,0.1009,0xf3...ccae,https://bscscan.com/tx/0xae196668ddd0e130dd662d10e398a547ea594bec09db59816796922905de6af5
2023-03-26 23:35:26,False,3.979,0.01219,203.394,2.47991,0x3e...a7c8,https://bscscan.com/tx/0xd20a4a611e99ea229375a7d677bd7e32850d808f876d7b286f97715d3dceeea2
2023-03-26 23:35:23,True,4.0021,0.01226,172.406,2.1143,0x94...f076,https://bscscan.com/tx/0x73549c2d3c6ab87d4f8a4a9a2e71f3683acec5fb1963a82d4c57a525673f695e
2023-03-26 23:35:23,False,4.0644,0.01245,940.514,11.7135,0xc2...deba,https://bscscan.com/tx/0xb4d8075412e41945d35b62aff708591e9d2f2e2769b477a48f3046a244defb7f
2023-03-26 23:35:23,False,4.1781,0.0128,99.0015,1.2675,0x0f...8280,https://bscscan.com/tx/0xf2211fa66c031ec5ced86cb22c6d6213c0445b8f89b4a8ec7f09fc833ea781ba
2023-03-26 23:35:23,False,4.2012,0.01287,105.377,1.35658,0xbd...a89e,https://bscscan.com/tx/0x2b7671274a76963457c3db4cad0ae6f9596ffd881b3b950dbf9eb3241f59bbc7
2023-03-26 23:35:23,False,4.2198,0.01293,58.7192,0.7592,0xbb...dc64,https://bscscan.com/tx/0x27d32f8ff27a5c5702c683fb0b421117545c2bb732a6d04f8f02a81e77ec105f
2023-03-26 23:35:23,True,4.1939,0.01285,472.359,6.07044,0x88...1404,https://bscscan.com/tx/0x43482103a0c6c9b420451ecd84fcbd7cd8878955646cecae068f3bfb2d5556ef
2023-03-26 23:35:23,False,4.1214,0.01262,10.1863,0.1286,0x00...e226,https://bscscan.com/tx/0x0e875c75a12185b925ea129249fae6a8c915a994cfc4d43cf270e02457ac1638
2023-03-26 23:35:23,True,4.0625,0.01244,740.108,9.21336,0xb4...4462,https://bscscan.com/tx/0xb51d6121d2da0ff871f5fd71d661a5d6cef96a2ddf4b719d63904fc8a4d0bb19
2023-03-26 23:34:35,False,4.0035,0.0122,189.065,2.30782,0x00...78d2,https://bscscan.com/tx/0x933d52143630b159fdeaaa60a4786f55a7e0dee914f7844cd9f0550293c79c97
2023-03-26 23:34:32,True,4.0307,0.01229,120.916,1.486,0xb2...9539,https://bscscan.com/tx/0xcba431affc31c4a0b1911149644ad8da98ab2645cd69c3cf3b4b48125b0329cb
2023-03-26 23:34:32,False,4.0277,0.01228,282.062,3.46381,0xd4...a4ce,https://bscscan.com/tx/0x6ca79bdac679e7998f032774971c1e9ab9e9a20e5b1bd1bbd7adaf2c17f0f1a0
2023-03-26 23:34:32,False,4.0674,0.0124,90.575,1.12327,0x0f...8280,https://bscscan.com/tx/0x770812ce5b2cd2a0a5e45e5feb8c5ae3c83de128ea780f68fd63cd6a41665e4e
2023-03-26 23:34:32,False,4.0978,0.01249,189.065,2.36218,0xdb...8aba,https://bscscan.com/tx/0xf2b20c8ad48213b56a43ae8971cf1aa8804e5eed69194fd820299e788c1c9ea8
2023-03-26 23:34:32,False,4.1304,0.01259,108.601,1.36766,0x3c...0a0e,https://bscscan.com/tx/0x80fccf65761fe6f4857ca4ba00d687ea07e1e1d1056b36e71768dd88a854aa21
2023-03-26 23:34:32,True,4.1097,0.01253,484.86,6.07544,0x88...1404,https://bscscan.com/tx/0x4eaf098dd7650a3c8c78aca51ebc0df764d630f91cb652c2b94bf306a0125840
2023-03-26 23:34:32,False,4.0412,0.01232,41.0985,0.5063,0x1a...203e,https://bscscan.com/tx/0xe25a1a008302ce44ee1b7abb92dd5999ab9ee195d08ae88d07491a60de0da2be
2023-03-26 23:34:32,True,4.0357,0.0123,282.062,3.47068,0x97...5093,https://bscscan.com/tx/0xbce75aa7c667a122235752bafcf27135876ba0c2f01c82e885ad799663c1d395
2023-03-26 23:34:05,False,3.9762,0.01218,98.8768,1.20473,0x0f...8280,https://bscscan.com/tx/0x630bd2b9f87d74720a572c2eeb6ad7210d4e55bd3e2b39e3c87daf119d1843d3
2023-03-26 23:34:05,False,3.9987,0.01225,115.993,1.42128,0x2d...7822,https://bscscan.com/tx/0xa55b090b0104a7eefe65faeb94839aa9aff1e8546708398997c269c37534b528
2023-03-26 23:34:05,True,4.0048,0.01227,247.867,3.04178,0x88...1404,https://bscscan.com/tx/0xb08d774fcbd04ef835cd569cb6a8398a595d851418ca9fd5d9cfd2314fd8dfef
2023-03-26 23:23:41,True,3.9772,0.01219,1.11646,0.0136,0x2d...7822,https://bscscan.com/tx/0x6efca897c14e3fa4834d85e0d63debef0a5e992494f4f9845d7fd195eb507d33
2023-03-26 23:23:38,True,3.9719,0.01217,50.0999,0.6099,0x3a...231f,https://bscscan.com/tx/0x83a50ac104fdcb8949b7d07eecb1bd739442ee4c4ce89dfcf0033ae1e24a7ebe
2023-03-26 22:46:56,False,3.9731,0.01211,36.8623,0.4464,0x2d...7822,https://bscscan.com/tx/0xf1c4514eec4450f9f331f41ac6346ee1c23ae279d310355ec480b1d911834d34
2023-03-26 22:40:59,False,3.9649,0.01214,68.0,0.8257,0x34...62c5,https://bscscan.com/tx/0x3a38824a9b2e82c32ae9a0942eeb25411821842ef49a58b6d80bb88f349cbdcd
2023-03-26 22:31:52,False,3.9992,0.01217,37.883,0.4613,0x2d...7822,https://bscscan.com/tx/0x94ba6674821e2e79da776a33045363661e521459f748070bf5d35275762838cc
2023-03-26 22:01:12,False,3.9802,0.01218,10.3886,0.1266,0x80...1908,https://bscscan.com/tx/0x93fd13806e804f8f18656dc37831566ef1868296790de2c250be628ba1bc2630
2023-03-26 21:55:54,False,4.0075,0.0122,35.9766,0.4391,0x2d...7822,https://bscscan.com/tx/0x161a1f47b3003db5d4cf53de9d398e334fdd74d46cbe2849c54c68a1276a741a
2023-03-26 21:51:45,False,4.0115,0.01222,1.3,0.0158,0x1d...f269,https://bscscan.com/tx/0x60b7ebd42625bb37b6dce799c869ff5d1ff69876a6200c5171d39ff38ff142e4
2023-03-26 21:41:30,True,4.0308,0.01228,1.30283,0.016,0x26...d414,https://bscscan.com/tx/0x13a856313567dc3e92a67d427b77da50ae9ede9d04abd9cd98ba884e2b749d9e
2023-03-26 21:34:12,False,3.9944,0.01223,42.0365,0.5142,0x2d...7822,https://bscscan.com/tx/0x18d943eb09f66448b738252f67d4f9ab64e5b0d1ebc3e8ce3e1e0cdd5786bf5f
2023-03-26 21:19:48,True,4.0147,0.01229,36.5621,0.4495,0x2d...7822,https://bscscan.com/tx/0x5063f490cb42b8876589fd2e90a110668ed8e4c419c597dc5335b192081fd20b
2023-03-26 21:10:36,True,4.0243,0.01226,51.9879,0.6377,0x2d...7822,https://bscscan.com/tx/0x33f296cd840e8a2a5b2c8ed14a0e035e703c97ddff428db8b58c93cabce3a3c3
2023-03-26 21:10:30,True,4.0143,0.01223,41.6323,0.5094,0x2d...7822,https://bscscan.com/tx/0xa599981446e2be21e721ae9846b7aae79c10c872aea6fc650a6b380cb262a9e9
2023-03-26 21:09:27,True,4.0061,0.01221,38.0628,0.4648,0x2d...7822,https://bscscan.com/tx/0x3c2f1c1ccd97b07bf4144b440bc332fcffcaa433e6219443783261859541dcee
2023-03-26 21:02:14,True,3.9745,0.01218,44.567,0.543,0x2d...7822,https://bscscan.com/tx/0xf9ed571dbccb18f49755b666ffd17a327d329be2802c0861e0ce141e6e2a0c07
2023-03-26 20:33:23,False,3.9564,0.01212,40.2111,0.4874,0x2d...7822,https://bscscan.com/tx/0xd050f327b50a242ff93f770ec9c8778ad223331d692304d877e2a2b0a5a409ee
2023-03-26 20:20:53,False,3.9612,0.01214,36.1229,0.4387,0x2d...7822,https://bscscan.com/tx/0xf592cd50d034c21012ab2f952644de610377fda9dcb916f4b80a4d0004fec81e
2023-03-26 20:11:56,True,4.0021,0.0122,35.6969,0.4357,0x2d...7822,https://bscscan.com/tx/0xe0bcf4c3e34e10c217769de6e13b77633e185d05ff2808516ee11ff47fa7954b
2023-03-26 20:03:23,False,3.9771,0.01213,10.0,0.1213,0x8b...3883,https://bscscan.com/tx/0x9d70a457f6faca7641a4dde37e8d2055324e796c01188a884eaf68aeca2257e8
2023-03-26 19:41:56,True,3.99,0.01218,50.0785,0.6103,0x2d...7822,https://bscscan.com/tx/0x652cc48479faf435b245a99db38d519ddfade3de39c1ee204a18774ff3808713
2023-03-26 19:30:59,True,3.9653,0.01217,2.52114,0.0306,0x97...784b,https://bscscan.com/tx/0x10896fedef9829a2854c55d2ae17485b5de73bbb2b865de7890de15eedeb87af
2023-03-26 19:30:44,True,3.9646,0.01216,3.72081,0.0452,0x97...784b,https://bscscan.com/tx/0x5e9731366b5cf10e71b88556154f0906ebd735f33efa031f056f2b9202fef9eb
2023-03-26 19:22:10,False,3.9495,0.01211,36.2139,0.4388,0x2d...7822,https://bscscan.com/tx/0x44d7fb79233ca849ef408abe4bc8aa6464674ea9d025b6dd83e375b5162d9876
2023-03-26 19:16:49,True,3.994,0.01218,2.50369,0.0305,0x13...8bcd,https://bscscan.com/tx/0x8a109140ebfd18c322f20616e7bbc693891a287604152dc5167787bdd5596caa
2023-03-26 19:13:46,True,3.9696,0.01217,42.8813,0.522,0x2d...7822,https://bscscan.com/tx/0x63617cca4721eff128379b673abf2632e2a212b3967100ea29666552c57c0b92
2023-03-26 18:59:49,False,3.9655,0.01211,36.5608,0.4428,0x2d...7822,https://bscscan.com/tx/0x4583f94ac03faed59f272b184fcfe219ae7d3f777add6ff6ed43e8cbebcd4cb3
2023-03-26 18:52:41,False,3.9733,0.01213,41.3726,0.5021,0x2d...7822,https://bscscan.com/tx/0xcd19a1800a305c77d76b7ecbea22529576ab26075cb150f4951b5033abeb6cf4
2023-03-26 18:38:32,True,3.9729,0.01219,36.3258,0.4431,0x2d...7822,https://bscscan.com/tx/0xcefd4db09d8f65a2f21fed4818ca6712e8c17e96591ee607929eb4d96822896c
2023-03-26 18:10:26,True,3.9835,0.01217,37.3577,0.4548,0x2d...7822,https://bscscan.com/tx/0xdaacb27a6e29a326fb8a8ca8eac0d81e6e09e12c1346ef10204d3ed8ccc47bc9
2023-03-26 18:09:02,True,3.9756,0.01215,42.9632,0.522,0x2d...7822,https://bscscan.com/tx/0x958ca393276d077b2b273c916da09f21566fc50117ef24d12ab5d6349ec466c7
2023-03-26 17:45:32,True,3.9522,0.01213,3.22971,0.0391,0x0e...2f4c,https://bscscan.com/tx/0x551ba0fb1f686075305c5b50376fdf38ff555e43f8220edc580c0b14b28662f0
2023-03-26 17:45:26,False,3.9576,0.01209,55.0,0.665,0x97...2eaa,https://bscscan.com/tx/0xe6919ff90abee7a882b5d24e11e72a88e9230a47d49a688bdf0e594e96c92f08
2023-03-26 17:38:29,False,3.9477,0.01212,56.0377,0.6795,0x00...78d2,https://bscscan.com/tx/0x22549b9bfaa05ba37574749572aaf40868c624a483ed5630b7871fcc56da0a7b
2023-03-26 17:37:26,False,3.9782,0.01216,51.1053,0.6214,0xca...34d7,https://bscscan.com/tx/0x6777f935dbee49c6ec52cdfecde2614cb41cf8dec0b6bc46eeff234165c2c344
2023-03-26 16:52:23,False,3.9884,0.01219,52.067,0.6348,0x56...0086,https://bscscan.com/tx/0xd1477a32c4b43dacda5f25e37120db7a10ec1799c03d050d589e50371b7e7d8f
2023-03-26 16:45:02,True,3.9937,0.01226,35.0,0.429,0xeb...07e3,https://bscscan.com/tx/0x791c9160d05ab0c01564ee60efd25371c3561a1092e3e89dfd24e5221ab8cafa
2023-03-26 16:42:41,True,4.0082,0.01224,16.8885,0.2067,0x0f...2b78,https://bscscan.com/tx/0x82677bfdd054e538b83f6a088686c0485f6bfa81a90ef7cb70f4dc71f105d076
2023-03-26 16:41:50,True,3.9853,0.01223,9.01941,0.1103,0x38...28dc,https://bscscan.com/tx/0x324a28d4b012addc72829e4276d48d47e87ecd3e9ddc628041683c09565bf811
2023-03-26 16:38:23,False,3.9924,0.01219,88.1029,1.07475,0xb6...4942,https://bscscan.com/tx/0x5781b9d32a89e6b69958f9bfc4399ab1027d4814df1e568f5e41a757b98ea37c
2023-03-26 16:21:02,False,3.9954,0.01224,51.7932,0.6341,0xef...cab1,https://bscscan.com/tx/0x0d3198dc97a47a474267a677dfb1ddc22efa0c4d5e07085dfa01506aa87960a5
2023-03-26 16:20:50,False,4.0014,0.01226,4.7297,0.0579,0x77...1200,https://bscscan.com/tx/0x3c753cd5f61b22cfd90fe64124de9a1e6c759766ce433f03a82d05f88363e3b5
2023-03-26 16:17:20,False,4.0295,0.01228,55.7951,0.6852,0x7a...c707,https://bscscan.com/tx/0xb03df45d93bf7c42e6183728ae1e282b6f27ed237a4a9e93624ce25a7a876a9f
2023-03-26 16:17:05,False,4.0158,0.0123,4.7297,0.0581,0x77...1200,https://bscscan.com/tx/0xf21acc4398e0c7f53c085627fa1639d33084eaa12c133eb6e6ccef0f21cff906
2023-03-26 16:10:59,False,4.038,0.0123,15.5212,0.191,0x2d...7822,https://bscscan.com/tx/0xb07204a078f29245bc2a3885648f06814d07470bac59df695281abaacfac86c2
2023-03-26 16:10:20,False,4.0436,0.01232,39.1699,0.4827,0x2d...7822,https://bscscan.com/tx/0xcdb10ce205c7c4317f10a625567cdf0fcf55533348a4bee0e9c4a90824628668
2023-03-26 16:08:53,False,4.0522,0.01235,39.4549,0.4872,0x2d...7822,https://bscscan.com/tx/0xe576c985cf5d2d5fd0399d766fffaccfb496a9a6d281ef364d39002b6cf1be43
2023-03-26 16:05:41,False,4.0481,0.0124,111.185,1.37867,0x2d...7822,https://bscscan.com/tx/0x4b00dfe67a2130fc55c161c6d911dcc1ea5a8e035e553a4726b6a3ab782b1375
2023-03-26 16:05:41,True,4.0697,0.01246,98.7715,1.23128,0x6a...6c7e,https://bscscan.com/tx/0xdf7fed06d90b81199437cf29431de58157166cdde043d12c5606029497429531
2023-03-26 16:01:44,False,4.0659,0.01238,36.4738,0.4516,0xa0...1bac,https://bscscan.com/tx/0x7c2283b5ef4ced0c7c0fda3bff27505a28fb109809536821ab513eb33203c9d5
2023-03-26 16:00:26,True,4.0652,0.01244,41.7847,0.5199,0x2d...7822,https://bscscan.com/tx/0x84f2da5ad89a6064b1eee5400647639401259fdf28c393f62aa430798cf6ef32
2023-03-26 15:57:59,True,4.053,0.01241,34.9706,0.4342,0x2d...7822,https://bscscan.com/tx/0x0e2b0a6b9c04b33966754a1d77b86bd97406473187fd7b3a46ceb7fe0e34a187
2023-03-26 15:52:05,False,4.0326,0.01235,38.6161,0.4772,0x2d...7822,https://bscscan.com/tx/0xae074b5ea4564f5db0cd87d9691b04d1768d6b78bdd4ec3ecd0eed2ffcdc7dce
2023-03-26 15:51:08,False,4.0411,0.01238,41.7677,0.5172,0x2d...7822,https://bscscan.com/tx/0xea62a0eaa07436d71df2da41cda92bb705133305c4be58cf236c054111ea2711
2023-03-26 15:49:14,True,4.0874,0.01246,7.95336,0.0991,0xf7...940e,https://bscscan.com/tx/0xeb4c05cc0f394325ffa3a0ffe053bdb56ab3a4d48b4785c4d96626aba43c6c2e
2023-03-26 15:40:56,True,4.0833,0.01245,8.21503,0.1022,0xf8...d537,https://bscscan.com/tx/0x18f8e6cf2d04563575eaae106dc7dae426d5055176e3ca6b097e0fc0c5c429dc
2023-03-26 15:40:05,False,4.0706,0.01241,95.2788,1.18318,0x2d...7822,https://bscscan.com/tx/0xd01435e6a7d8d00fef5581f687b47a01abd02f77534b13ce6afdb8f49c6ec8d2
2023-03-26 15:40:05,True,4.0907,0.01247,97.7465,1.21982,0xb6...4942,https://bscscan.com/tx/0x9f419433cd81018d02167f80665d1566e56a1352ed49c2a4bcc96619ed543d9b
2023-03-26 15:35:48,False,4.0717,0.01243,136.981,1.70268,0x2d...7822,https://bscscan.com/tx/0x911fa3ff86caacba5385a2d87b373a0a5dd0f77249684549a897c79bb25edb46
2023-03-26 15:35:48,True,4.0901,0.01248,155.223,1.93814,0x2c...470a,https://bscscan.com/tx/0xecf8a3e5e39d7636d98172c19a57bcbc50d15775e200ffeadf7583145cce3c69
2023-03-26 15:35:12,False,4.0548,0.01238,36.0487,0.4464,0x2d...7822,https://bscscan.com/tx/0x10939bf833bf8f101c106cfe9238aba80f192c8f5582e10df092661a27f2662e
2023-03-26 15:11:10,False,4.0625,0.01241,63.2379,0.7852,0x91...79fe,https://bscscan.com/tx/0x54577f5fe2b9b5fb5191d5379b8760f5e7ccaf67173c14fcd329af321af1bcc5
2023-03-26 15:10:49,True,4.0768,0.01246,122.487,1.52617,0xea...0fa9,https://bscscan.com/tx/0x629273cf19175e97d877ff4263da080db8a126dc7b3531ebc870e52cf80f7230
2023-03-26 14:51:49,True,4.0605,0.0124,32.4727,0.4029,0x2d...7822,https://bscscan.com/tx/0xe1d3b811b405d8c9b81fed62374892567b73134cff475363f2f90b54d80b6921
2023-03-26 14:51:22,True,4.0527,0.01238,41.0111,0.5079,0x2d...7822,https://bscscan.com/tx/0xebe040e6d19020f94546af3bad5a6512c63c310d1ac9191ad4e156d92279a37f
2023-03-26 14:46:55,True,4.0454,0.01235,50.6192,0.6254,0x82...2196,https://bscscan.com/tx/0xe09d63bbf21ebb72d30a73b9851bafdb6b8c8113698b8cee2a50be60521f3da8
2023-03-26 14:46:46,True,4.0159,0.01232,36.65,0.4517,0x2d...7822,https://bscscan.com/tx/0xacf59c2be470d47d27d741a1d9424bdae257eaee3ce77e836b47204a95c26d46
2023-03-26 14:46:28,True,4.0283,0.0123,36.052,0.4435,0x2d...7822,https://bscscan.com/tx/0xf3a1d9c1e3fd2e0e659b68812c780e7dcbb757d9fc10c130a186497f0d229763
2023-03-26 14:32:37,False,4.0076,0.01223,2.94886,0.036,0x34...8793,https://bscscan.com/tx/0x642a7486d3fb34ef5f6573c56d0cd24ff3f9db1c6883ea70b7dccc0503a1e9ec
2023-03-26 14:31:25,True,4.0032,0.01227,47.476,0.5829,0x2d...7822,https://bscscan.com/tx/0xf0547bd65f70b32dc1289b49755a7032e3eeffa17d3245032c7aeebf8963f8af
2023-03-26 14:30:28,True,3.9939,0.01224,43.9497,0.5383,0x2d...7822,https://bscscan.com/tx/0xcdb395b2186ad2a40b37b78cb3931681767c438085f1420189f5e16cc73249aa
2023-03-26 14:20:25,True,4.0067,0.01222,38.5946,0.4717,0x2d...7822,https://bscscan.com/tx/0x52952e9ddc3a3c59ee6040f229a2e040fcc90349a07e2ccb2567ab650e704457
2023-03-26 14:18:43,False,3.968,0.01216,50.403,0.6131,0xb6...4942,https://bscscan.com/tx/0x2af03d950ed2eda25425ef14cf0125bf2640d545d1dac954046f1f173a5e3fc9
2023-03-26 14:18:28,True,4.0128,0.01224,4.89776,0.0599,0x49...9f87,https://bscscan.com/tx/0x98dfdc2c8e86985e1329ffedfe0804e52e17afd8da0875c153c5241b7b07aebf
2023-03-26 14:06:41,False,3.975,0.01219,39.0302,0.4757,0x2d...7822,https://bscscan.com/tx/0xa2d2ba34f547fe3a91b7af6fdf789ab29d2a7d256b60b4ffa208e34b540b887f
2023-03-26 14:04:02,True,3.9907,0.01224,49.8423,0.6104,0xb6...4942,https://bscscan.com/tx/0xb9e3fc84c541ff0309aa05066b681f40d8a43d050542080c08a9d4ddc0e11566
2023-03-26 14:01:11,True,3.9816,0.01221,41.4928,0.5069,0x2d...7822,https://bscscan.com/tx/0x7d1f97bc71ca25a27d1b95a55e77ee996399210f0b129bc2650656761b48bffa
2023-03-26 13:58:50,True,3.9904,0.01219,36.1894,0.4412,0x2d...7822,https://bscscan.com/tx/0xcf31e5fe8f5608db6931d1a9161d48cfa6389507d0ac8e0310deb90a2615909a
2023-03-26 13:58:32,True,3.9804,0.01217,36.2426,0.441,0x2d...7822,https://bscscan.com/tx/0xf93caf12030257ae4dfee0987344b5fc917c23a4d34c23e10ca52c061bdfb8a3
2023-03-26 13:39:26,False,3.9634,0.01211,41.1854,0.4988,0x2d...7822,https://bscscan.com/tx/0x5a34703287b5416a69efead296b99209b81988d450090ec929b976c36bbafe39
2023-03-26 13:35:47,False,3.954,0.01214,59.8178,0.7263,0x2d...7822,https://bscscan.com/tx/0x56cc60501961e338df960c2b76bd531b111ca11155e176026c2f5d72ec27d2a5
2023-03-26 13:35:47,True,3.9748,0.0122,50.0645,0.6111,0xac...8782,https://bscscan.com/tx/0x1f4d3324131adcb89656d2265b5d6f7244f919c56d62b032d50c03a245524471
2023-03-26 13:29:41,False,3.9543,0.01214,48.2856,0.5864,0xda...6e1f,https://bscscan.com/tx/0xfe62e8003b3ec0230987c63acb994930fb037bf8daab7e04842549bf0c7a80ff
2023-03-26 13:16:44,True,3.9725,0.01221,39.2024,0.4786,0x2d...7822,https://bscscan.com/tx/0xc19c20fd2cfae341435a4f2cd3a1c80206ac66a02820f2e38e8045f06218cfee
2023-03-26 13:13:14,True,3.9807,0.01217,65.575,0.7984,0x2d...7822,https://bscscan.com/tx/0x1f8b84c2d9cea899ef1ac7b74c8b774194c4d7364f7f673e2ae02252ea246873
2023-03-26 13:12:59,True,3.9669,0.01213,68.0606,0.8258,0x00...78d2,https://bscscan.com/tx/0xb2f4749132c5ab3473e5a0ff75e6d6577aec4c91a51a4284164d78047791eee3
2023-03-26 12:28:17,False,3.9447,0.01207,65.8352,0.7947,0x2d...7822,https://bscscan.com/tx/0xd4a20e0a0f04e93dfbb3ea4fda10c31f448a10319e881255e404361bdee78e8a
2023-03-26 12:05:14,False,3.9525,0.0121,42.1341,0.51,0x2d...7822,https://bscscan.com/tx/0xf914be67a639468bfa3fc1af7a5fcc350ff419e68b6142a6aac4833a2dc884b1
2023-03-26 11:58:17,True,3.9701,0.01216,55.0641,0.6697,0x2d...7822,https://bscscan.com/tx/0xed33d41de57c7729f592c22d3f52da5a4e3580982cff9d6f91a6cb682bfbfa4e
2023-03-26 11:56:53,True,3.9456,0.01214,13.0562,0.1586,0x4f...19d0,https://bscscan.com/tx/0xaf234e7ab53ae8ff01cf5c92237abaa7ae42e54bd4311bfff42d25e51bde1978
2023-03-26 11:49:38,False,3.9459,0.01208,39.9682,0.4831,0x2d...7822,https://bscscan.com/tx/0x992f3b80111b52a2cd81fa048d7dec5c67b193200d55c5195632b82cb6d20049
2023-03-26 11:46:44,False,3.9527,0.01211,36.1799,0.4382,0x2d...7822,https://bscscan.com/tx/0xadd0e1ff7ca937f22d5eb42d4ef3e910a52221a9bfa9b31213e85a3ff29ec255
2023-03-26 11:38:56,True,3.9578,0.01218,3.0,0.0365,0xab...5d8c,https://bscscan.com/tx/0x1549b748212cc77c40b39179d2b5a1f99c740c97ed8ecde09e2f69af750853b8
2023-03-26 11:34:59,True,3.9583,0.01218,1.47745,0.018,0x66...18c5,https://bscscan.com/tx/0x0d3a3768f4ac602f7cd2cb5817e093b6709c004dbecba8abb6302f0cacbafe8f
2023-03-26 11:34:47,False,3.963,0.01213,47.4252,0.5756,0x2d...7822,https://bscscan.com/tx/0xc88587612ed300a1ea501f6ca438c869b2f4503d74e1539c3b3ca30aa20d1983
2023-03-26 11:32:08,False,3.9516,0.01216,36.5314,0.4443,0x2d...7822,https://bscscan.com/tx/0x8b2946345b67100d37c2780bf044f00d61a49cc842dca8f42ea47580ebb87a56
2023-03-26 11:30:38,False,3.9592,0.01218,37.4256,0.4561,0x2d...7822,https://bscscan.com/tx/0x30996757943d9bb4e0497411d8db89ad47a9420710337531988b3489314c2d66
2023-03-26 11:29:56,False,3.9672,0.01221,42.6299,0.5206,0x2d...7822,https://bscscan.com/tx/0xc1dfdec2cac915963b3a675219b0df294c402c08dc27eaed44b1d075968ecb9c
2023-03-26 11:24:47,True,4.0047,0.01227,47.5755,0.5838,0x2d...7822,https://bscscan.com/tx/0xf4e98d1327195db5ac3c7feba118c41b76cd4ca7c5a178c988e1998f8b6d8941
2023-03-26 11:24:20,True,3.9947,0.01224,47.7663,0.5847,0x2d...7822,https://bscscan.com/tx/0x91e5a10b1159b456dadb314fcd26dc942723cacb27228656d588d529c21667b3
2023-03-26 11:24:14,True,3.9857,0.01221,38.3243,0.4681,0x2d...7822,https://bscscan.com/tx/0xfbec8878397ba63392858994d45aceef02c9d77a554675b053ed0ab34656949c
2023-03-26 11:23:56,True,3.957,0.01218,45.3663,0.5528,0x2d...7822,https://bscscan.com/tx/0x42094aa3c6f499d71270c7c25cd6d9d0e9d21ea598cad8d90f1e3ef0f5b41658
2023-03-26 11:14:17,True,3.9684,0.01216,37.0185,0.4501,0x2d...7822,https://bscscan.com/tx/0xf7a4fd2e709149b8475812fd9ebb3aafa36dd2179d8885d44ccf28b855e17671
2023-03-26 11:02:30,False,3.9262,0.0121,38.7259,0.4686,0x2d...7822,https://bscscan.com/tx/0xe617aaf22777d806b42460e2aaeb7002d329e98017f1cbeb3fa396e233cad927
2023-03-26 11:00:48,False,3.936,0.01213,53.4792,0.6487,0x52...1c7e,https://bscscan.com/tx/0x5938238e59a0dc7d6cdd0551f7b700822b15a17204f516fb43c472cc72a826d7
2023-03-26 10:59:18,False,3.9416,0.01214,0.3428,0.0041,0x2d...7822,https://bscscan.com/tx/0x4d58e1b26c4f894dd8f22653f7fd6f6e53bccbbda486ed259128283dfa767482
2023-03-26 10:59:18,False,3.9453,0.01215,35.9134,0.4366,0xda...6e1f,https://bscscan.com/tx/0x5ecb016e823dea026a98b52b9d5438c82fe6f15ff53e38c2ad26d30e00f71033
2023-03-26 10:51:24,True,3.9876,0.01221,38.2786,0.4677,0x2d...7822,https://bscscan.com/tx/0x33823eade0ed991e71f453bdb449d634e79316e5deeb53ab306c2cbda21caee2
2023-03-26 10:51:21,True,3.9789,0.01219,44.8793,0.5471,0x2d...7822,https://bscscan.com/tx/0x41df5cfe2054e83594d92e5031976c846dda4264897812e0101bb7d921e53873
2023-03-26 10:51:09,True,3.9696,0.01216,43.7998,0.5327,0x2d...7822,https://bscscan.com/tx/0x5e862aeecdd96ff56870122412c1618e63c9ee7b98142d04c41df37ed2acdbcb
2023-03-26 10:51:06,True,3.9559,0.01212,89.3926,1.08359,0x91...79fe,https://bscscan.com/tx/0x7dcf39385b37d78aadc92b6c060b2374988867552abcaae0041398e23231ae10
2023-03-26 10:47:36,False,3.933,0.01205,63.1153,0.7607,0xda...6e1f,https://bscscan.com/tx/0x4c37406cf74e88d9277fa9b8a94434f168f49844f9fb410e96e796607329f4ac
2023-03-26 10:46:42,False,3.9443,0.01208,48.5712,0.5871,0x2d...7822,https://bscscan.com/tx/0x35131d8a89b1de3ca0555c4fbd20763fdbc124c1f8ff66f4564e530aebf9b59d
2023-03-26 10:46:42,True,3.9589,0.01213,98.9065,1.2,0x2f...7009,https://bscscan.com/tx/0x6e31c2561576fa1f933a1f973cc400f662298362ec6bc83eca9edb4abaebd454
2023-03-26 10:40:09,True,3.9335,0.01208,38.5071,0.4655,0x2d...7822,https://bscscan.com/tx/0x32ed629fd5a349f0024e45b7f6cf502d43207cedd0d2230b48a2483bee2646ce
2023-03-26 10:39:45,True,3.924,0.01206,47.8568,0.5772,0x2d...7822,https://bscscan.com/tx/0xa270379392266fc9b84cb1da566a8919598727d453a75f6d561491ade5a99515
2023-03-26 10:39:06,True,3.8904,0.01203,44.8424,0.5395,0x2d...7822,https://bscscan.com/tx/0x23a97744ea37ff9403072b812bff0967c232f6151865121c8240adc4879441f0
2023-03-26 10:32:54,True,3.9035,0.01201,16.4601,0.1977,0xe4...6aa2,https://bscscan.com/tx/0x719b431e82267c2a557afa594b268b583072fe679f4aa7d5ee4b1b73590bd0f3
2023-03-26 10:22:51,False,3.881,0.01196,44.4184,0.5313,0x2d...7822,https://bscscan.com/tx/0x78d4e3a31e08b13dc5be02114a5e834687c3989c503f49fa9869426af580e45b
2023-03-26 10:03:03,False,3.8895,0.01198,35.0015,0.4195,0x21...b6fc,https://bscscan.com/tx/0x7dbba165337105ab046908fa2075b0a8d1854e2e59ecfc372b6f05e7858fcdfe
2023-03-26 09:54:40,False,3.8775,0.01201,44.5349,0.5349,0x2d...7822,https://bscscan.com/tx/0x63e71b5c36ab633718f10d678637f133be2b41e984222ec000bfbe875aabc338
2023-03-26 09:49:25,False,3.8853,0.01203,40.5145,0.4877,0x2d...7822,https://bscscan.com/tx/0x0719cc3666d003cf8ef206910d26d5ca50b5e3e510288924aed6ef6309563cd4
2023-03-26 09:49:22,True,3.9071,0.0121,15.805,0.1913,0xd1...1b8d,https://bscscan.com/tx/0xe2e0eeea4f70185423dc702d3962fa652252327414d4ad5fc4d153fadac183d2
2023-03-26 09:43:22,False,3.9089,0.01205,42.276,0.5096,0x2d...7822,https://bscscan.com/tx/0xbbd9502e63c690677e39225d3d59c77991431eb9b0c07d760c641f8f3c9f929f
2023-03-26 09:25:06,False,3.9128,0.01207,15.9409,0.1924,0xd1...1b8d,https://bscscan.com/tx/0xe71508bd9c36b26eb539a5c2b8dbe23d59b453f7ed408cc28441316319355881
2023-03-26 09:13:06,True,3.9127,0.01212,43.3299,0.5253,0x2d...7822,https://bscscan.com/tx/0xa38640377f75c7db8d167312b2b25b2507c215ea738430c108350a92cf128c45
2023-03-26 08:22:13,False,3.9119,0.01206,43.9346,0.53,0x2d...7822,https://bscscan.com/tx/0xeedbcc1bbf85b7eb0133845189f95ba1f9fb45f11734051e50e62d011403254b
2023-03-26 08:15:49,False,3.904,0.01209,62.4429,0.7554,0xda...6e1f,https://bscscan.com/tx/0xa15f3b8551930ee3ca9bd5dd3d73677255c8804bf760b9f11f1f939d0b345018
2023-03-26 08:12:46,False,3.9299,0.01211,1.5,0.0181,0xac...2ee5,https://bscscan.com/tx/0x6bb40192028961e193f2f4c0b8c318ffb7e7887af85ed0c087c361dafb9f49c3
2023-03-26 08:05:49,False,3.9358,0.01213,38.8837,0.4716,0x2d...7822,https://bscscan.com/tx/0x6a68b2ca2ce6a71a64468c7ee444ec016085eb5fb9195e35375ace874de1bdda
2023-03-26 08:00:22,True,3.936,0.01219,38.7183,0.472,0x2d...7822,https://bscscan.com/tx/0x180c7604a275b3b26be0baaad3ccc93bea13f492cfa6cba5251930675ebaf0d1
2023-03-26 08:00:19,True,3.9282,0.01216,37.3121,0.454,0x2d...7822,https://bscscan.com/tx/0x4d114632141418d63b4bdd90dabdd44ebc10e4ea1d90f1ba7cef3a262738ce07
2023-03-26 07:55:31,True,3.9208,0.01214,37.5762,0.4563,0x2d...7822,https://bscscan.com/tx/0x45e14faec21df475857490c5e1c478f7c5361190bccb8db62fd6858a0a778889
2023-03-26 07:54:37,True,3.9133,0.01212,36.318,0.4401,0x2d...7822,https://bscscan.com/tx/0xf0225b4d1bfae19cf8bd9bc79a2c6320bfa4aacc5e4cd1388f9912efc3ee6980
2023-03-26 06:57:43,True,3.9231,0.0121,1.0,0.0121,0x80...709a,https://bscscan.com/tx/0x5a06373724e2fb39fcbdc073ec6b9e8af0c108d3d032fd04935c1469534dd2b6
2023-03-26 06:43:40,True,3.9147,0.01209,50.0653,0.6054,0x2d...7822,https://bscscan.com/tx/0x9b072c6ef83554a68601b352e44f59190adbb276cf9e75e5f994aa98900b011f
2023-03-26 06:32:58,True,3.8843,0.01206,36.2111,0.4369,0x2d...7822,https://bscscan.com/tx/0xb1cfc30c18af4d9b7ab56492c6c2710469264075b88c805c79cec0d5f17e1e99
2023-03-26 06:07:42,False,3.8644,0.01199,3.06499,0.0367,0x68...b25b,https://bscscan.com/tx/0x4a664054e2ae87079f70ac976d78172f87284796ef9a05a96e985f09eb9368a8
2023-03-26 05:31:42,False,3.8878,0.01201,49.3778,0.593,0x00...78d2,https://bscscan.com/tx/0xe8a72962e80be9d0a442a29fbbf06b02f75d0140e10a9de3bf9f74becf87fc47
2023-03-26 05:30:36,True,3.9125,0.01208,3.78,0.0456,0x79...d933,https://bscscan.com/tx/0x717e4079dc6d981e0edefe9619cd9144dca302b32a4382c41ba39424818b8acb
2023-03-26 05:08:01,False,3.8787,0.01203,38.2186,0.46,0x2d...7822,https://bscscan.com/tx/0x76b4d144081743f161829820aa5f86f6d7b4319c26600eeccb5a9431b3bb4d49
2023-03-26 05:03:07,True,3.899,0.0121,24.7389,0.2993,0x26...37fb,https://bscscan.com/tx/0x782e8f240516cb8503d37880616bbdc06c1b6cdc8f91db736402f1c925cf3cdd
2023-03-26 05:01:49,True,3.9142,0.01208,16.9002,0.2042,0xa0...3af0,https://bscscan.com/tx/0xd9630954a0a3a86cc124ceeeafed2a90ddf544bc87af672318e86b27da23eec8
2023-03-26 04:56:28,True,3.9083,0.01207,40.1052,0.484,0x2d...7822,https://bscscan.com/tx/0x20795eb515975888e5018c1fb4dda5f4fe046f7aa81d24321dd861e4301a114c
2023-03-26 04:43:27,True,3.9052,0.01205,9.0,0.1084,0x81...3cb0,https://bscscan.com/tx/0xcc5bd8a174840079f0d25f890934dc287e94f2ceff630fad648c4d3214190ca8
2023-03-26 04:40:54,True,3.9026,0.01204,16.6453,0.2005,0x26...37fb,https://bscscan.com/tx/0xcbc9c509741525f99dab02a7c918be7eca098183cca2763eec5c2472922c05a1
2023-03-26 04:38:06,False,3.8872,0.01199,54.5216,0.6541,0x00...78d2,https://bscscan.com/tx/0x973362b79dabfda91a171b0848757e27583462eef3604a782c1e358ccea31be7
2023-03-26 04:32:15,False,3.8974,0.01203,55.419,0.6668,0xaf...847e,https://bscscan.com/tx/0x33c47d8a0223759a5795e56a6a0dbb4c49a6b905239ac4285b4ff7a812987193
2023-03-26 04:30:15,False,3.8869,0.01206,36.1531,0.436,0x2d...7822,https://bscscan.com/tx/0x2a0c1171ade1bb8e100e3b51e6d451f2bfc4e64a31948913b6da834477d95035
2023-03-26 04:28:39,False,3.9105,0.01207,3.16702,0.0382,0x90...48cd,https://bscscan.com/tx/0x0dd28e43b77938370fcc0ccd2bc291a3a53a21609dc9cf8854eaf6079285d2ea
2023-03-26 04:28:18,True,3.9265,0.01212,38.1811,0.4628,0x2d...7822,https://bscscan.com/tx/0x006db4df04bb472987ad20765373166db7a0a5842d55eba5fde30a713d07ce44
2023-03-26 04:27:21,True,3.9202,0.0121,25.4928,0.3085,0xa0...3af0,https://bscscan.com/tx/0x21f099ca1a12a59d1f5059bad816fc277006e1fc6bc41be5eb27cadf00adac40
2023-03-26 04:24:57,True,3.8972,0.01209,11.1875,0.1352,0xda...b9bd,https://bscscan.com/tx/0x5e808f573edb58ce8e26b14aab1f06abcb53a96d47b3677d676abdf6f82ea8a5
2023-03-26 04:19:27,False,3.9097,0.01206,129.09,1.55781,0xaf...847e,https://bscscan.com/tx/0xeeadfa75e0c92b587d8f31caba8d2125d51e340ea87ae6070b15abd08887a543
2023-03-26 04:19:24,False,3.9253,0.01211,148.089,1.79419,0xad...5955,https://bscscan.com/tx/0x8963101ab1a43f571ff6038d21060ba04d4309e1aa8f8ea95b14f9f71a15dda9
2023-03-26 04:19:24,False,3.9469,0.01218,62.4612,0.7609,0x32...b696,https://bscscan.com/tx/0xc74d6c342d447a6f6687d8858768295f43c64de75fa367708efd9955e3010379
2023-03-26 04:19:24,False,3.9629,0.01223,91.475,1.11889,0x0f...8280,https://bscscan.com/tx/0xeb9a1606991e7e0291df96a450245ba455e65f30b7d22a7950c30b1eace7efd1
2023-03-26 04:19:24,True,3.972,0.01226,194.228,2.38118,0x97...2eaa,https://bscscan.com/tx/0x586710c7f584071fc7753734fc828b9eaacffd31079d649424962d9c321f7a58
2023-03-26 04:19:24,True,3.9365,0.01215,148.089,1.79933,0x4b...e5c2,https://bscscan.com/tx/0x532ab27304edfb3cc5ee1ac84719d1f113e00ff03e6d2d57f77379f5d4a5f84b
2023-03-26 04:18:12,True,3.9203,0.0121,9.91417,0.1199,0xa0...3af0,https://bscscan.com/tx/0x13429eeb451f20fb8c3c7e801b3df3bbfe641eab089bba5cb46137eae4526a34
2023-03-26 04:11:42,False,3.9383,0.01215,387.138,4.70734,0xbe...77c4,https://bscscan.com/tx/0x397463359980268c8167cfe8d5d4b63239d62e6f6d77c206298cb59a23ef5a65
2023-03-26 04:11:42,True,3.9843,0.0123,133.692,1.64456,0x62...c6f2,https://bscscan.com/tx/0x23cd943e9322df89a415bd23ac65533b1e8059695d8bc99f8eae4c2c55480a51
2023-03-26 04:11:42,False,3.9517,0.0122,11.7181,0.1429,0x2d...7822,https://bscscan.com/tx/0x6e4f320666e8454f3152a9ecb13206218d77d05d7d17e33e9d88d90920e43d0f
2023-03-26 04:11:42,True,3.9327,0.01214,387.138,4.70063,0xfb...45b9,https://bscscan.com/tx/0xa5215ac33413e54526a923a3921f2ee84dfe7bc2060b20ccc79541a836abb21e
2023-03-26 03:49:54,False,3.8574,0.01197,45.3506,0.543,0x2d...7822,https://bscscan.com/tx/0x95e83993599fad0d5e0256c96b8d5a850597e9727c29db2e71bf2161c316e268
2023-03-26 03:43:57,True,3.8972,0.01203,38.4882,0.4632,0xb6...4942,https://bscscan.com/tx/0x9724c1a90d7a519c8f33c93aec7942fd8372699fb0c45a30b5fa3d3bd5565bcc
2023-03-26 03:34:00,True,3.8889,0.01202,7.03284,0.0845,0x2d...7822,https://bscscan.com/tx/0xf3cb0f152a24e25129e82b39c4c2ade307ad0abc4d46bf7f184cb7dc9c3d408b
2023-03-26 03:34:00,True,3.882,0.012,61.3663,0.7364,0x00...78d2,https://bscscan.com/tx/0x5f759b1fcaa7d0b586218deecb6ed554647691a03cf9dbee8664dee7cbfd2d4b
2023-03-26 03:32:33,True,3.8556,0.01197,7.01961,0.084,0x2d...7822,https://bscscan.com/tx/0x6c30d56af908ccc53fd64606a502faf6bc9a525e1d18a93e5d7d961e69736b4c
2023-03-26 03:32:33,True,3.8484,0.01195,65.3878,0.7818,0x00...78d2,https://bscscan.com/tx/0x4b2e50cb881270b2996bf57b5b315604d0dae1fd66f62010edff92cebcae45ae
2023-03-26 03:32:30,False,3.8281,0.01189,54.4187,0.6472,0x55...ce90,https://bscscan.com/tx/0x7d801d05c45f64cd564d481cdc3863561e38688fcbd365bf622f7a5bc42e3f4c
2023-03-26 03:24:25,True,3.869,0.01196,25.8458,0.3091,0xb5...31bd,https://bscscan.com/tx/0xde491aa7dc6b34ed1908ae508d1d7e60dd8990156cfd31a9988a72060b31375b
2023-03-26 03:21:46,True,3.8624,0.01194,36.9165,0.4408,0x2d...7822,https://bscscan.com/tx/0x179698632fae590f5ffdfadb9a8527dd0610c4690bba0e0565172357a019f245
2023-03-26 03:04:53,False,3.843,0.01188,40.4428,0.4806,0x2d...7822,https://bscscan.com/tx/0xdb358e577df16a8fdbc96ae505a3d43f111319abdfe2ee98e5c1a2a8f4ed375e
2023-03-26 03:03:53,False,3.8313,0.0119,37.9621,0.452,0x2d...7822,https://bscscan.com/tx/0x42ffb3beb95ebe4ba85a2cf3159cee1e76055549316afff9ebb168ca9db27af2
2023-03-26 03:01:59,False,3.8387,0.01193,37.1642,0.4434,0x2d...7822,https://bscscan.com/tx/0x27149fab8d9906c4e0368a125b7b376f0653b6b2cd39eca27ba13dd6d05e869c
2023-03-26 01:52:28,False,3.8672,0.01195,43.6324,0.5216,0x2d...7822,https://bscscan.com/tx/0xe94643e2a50cea64a52da2dfc47f9a5699da9c8a5b6090e16c00de1c1462a2a5
2023-03-26 01:49:49,False,3.8556,0.01198,36.1288,0.4328,0x2d...7822,https://bscscan.com/tx/0xf3507b5230e14a52ac7b1c2115aaa33666e456b84fda6a994af9810e73310395
2023-03-26 01:49:40,False,3.8626,0.012,34.2842,0.4115,0x2d...7822,https://bscscan.com/tx/0x39d9928ab8e8e227b8f5fbe702e6e44fb232191f4ad16df8801b4f6a662448f7
