datetime,buy_order,price_USD,price_native,amount_token,total_native,maker,etherscan_url
2023-03-30 20:00:24,False,4.4463,0.01412,32.0684,0.4529,0x2d...7822,https://bscscan.com/tx/0x4f567f241aab925d4465d2826dc1315025a4f185e38a3d45a22eb7a5fb13fb5a
2023-03-30 20:00:09,False,4.4553,0.01415,39.3114,0.5564,0x2d...7822,https://bscscan.com/tx/0x9d102673b228a39e9102bd6da19ffa854a85ab199eae44dbd20d0a936dbd65fd
2023-03-30 19:57:39,True,4.4781,0.01422,35.9348,0.5112,0x93...86cb,https://bscscan.com/tx/0x177105be06f149def221b646a299622e321e6a5fb54b90929864cddf34b9e467
2023-03-30 19:55:06,True,4.4454,0.01419,50.2912,0.7137,0x00...78d2,https://bscscan.com/tx/0x7fadb8cf5b6768ceeebec84e43eaa38f85834f0287be7482e77847f63c331846
2023-03-30 19:52:50,False,4.4217,0.01411,30.1058,0.4248,0x91...79fe,https://bscscan.com/tx/0xc492838724deddfaed93039849da6e6809827452e38d352c773e3ae54c301416
2023-03-30 19:50:26,False,4.4339,0.01414,45.484,0.6433,0x91...79fe,https://bscscan.com/tx/0x3b9d6db4e2013e698cf7f9b5a72f702e9d38acdd576e2ed8a12e4394f1586edb
2023-03-30 19:48:26,True,4.4569,0.01421,42.5573,0.6049,0xa0...cc8d,https://bscscan.com/tx/0x37d01a53b938d92cfb88f229e7f24ad3038e6786ccc735f0235b150f8beb8c12
2023-03-30 19:47:59,True,4.4513,0.01419,1.08076,0.0153,0x8c...638a,https://bscscan.com/tx/0x7777d8828e952bbfb78c411b7f2795c9f81f0be1a8bac92b4c81babc3d734f41
2023-03-30 19:46:20,True,4.4241,0.01411,200.926,2.83636,0x2d...7822,https://bscscan.com/tx/0x413d6c88c5c2de9d557467a5894c66d40b317003a7ac9ff3c5531c28cc982453
2023-03-30 19:46:20,True,4.3969,0.01403,33.8461,0.4748,0xd6...f5d2,https://bscscan.com/tx/0x1ae7b0e953c800f92c7a6871719017afabba8e157fcebaae6b460cf67dd130f7
2023-03-30 19:46:20,True,4.3869,0.01399,28.739,0.4022,0x93...9236,https://bscscan.com/tx/0x87f2a3de712339f931d6de77462a04d934053834d5fb54d9274c318cc236b495
2023-03-30 19:46:20,False,4.4026,0.01404,330.321,4.64027,0x0c...8513,https://bscscan.com/tx/0x3caece2c0e180508b9f03f191994d51faa2f27a0d1a0fdf9a4b80f8ebb1a4126
2023-03-30 19:46:20,False,4.4511,0.0142,56.8662,0.8076,0xdc...f6b5,https://bscscan.com/tx/0x048a41c87f53ed77a20cd60e0390600634caf3dcd7d33ab6e037a53fcb981052
2023-03-30 19:44:41,True,4.4974,0.01427,45.3716,0.6478,0x2d...7822,https://bscscan.com/tx/0x9154dfeceeb5561383b96edcc645e8d518715eb09e3067072865ad47afccf850
2023-03-30 19:44:05,True,4.4669,0.01425,18.7134,0.2667,0x2d...7822,https://bscscan.com/tx/0x7dce1492e98c1cf0f8acd6111b91149455ad65ff98bdf719e24278d7179fd0a7
2023-03-30 19:44:05,True,4.4549,0.01421,75.5898,1.07445,0x91...79fe,https://bscscan.com/tx/0x9a89ebc3c470d6743d2cfaf72dca65a148c95ffd34d9d5f36192b8890ba0b11f
2023-03-30 19:44:02,True,4.4381,0.01416,56.8662,0.8052,0xef...701e,https://bscscan.com/tx/0xdbbe0b98d6104458829f118d337f7924fa8d92d367b3c0889c9aa9974c892094
2023-03-30 19:44:02,True,4.4223,0.01411,69.0061,0.9736,0x29...af67,https://bscscan.com/tx/0xfe40c6ec316e7bdd3d0037d97901ddf29575be4fff6c36f4b4006da5f0ff7f6d
2023-03-30 19:44:02,False,4.4367,0.01415,359.044,5.0827,0x0c...8513,https://bscscan.com/tx/0x1647854d8b69e59b9061ebb46586b1526769d7ed0373f7c5d0497696597e94ef
2023-03-30 19:43:56,False,4.486,0.01431,29.2417,0.4185,0x11...a5bc,https://bscscan.com/tx/0xd2426b74770dc5328915b6ec0983592112f549275c461c45bb724159686463e3
2023-03-30 19:43:56,False,4.4943,0.01434,35.3844,0.5074,0x2d...7822,https://bscscan.com/tx/0x83b12068c672c3770b1671dbb8fd59529e540ecfc7a9076c0e94d7e4d6ea98b7
2023-03-30 19:40:05,False,4.5075,0.01438,68.7683,0.989,0xb6...4942,https://bscscan.com/tx/0xf4fd363716aa33e780bc975af684f67f3d1a7ba839a03e368e999ccf88ebc350
2023-03-30 19:39:08,True,4.5539,0.01446,37.3797,0.5408,0x2d...7822,https://bscscan.com/tx/0x92fd17fe6575b3f5a3d469fe55505790e90de2cca961cfbe8194de2d2a79a71d
2023-03-30 19:36:05,True,4.52,0.01442,56.319,0.8126,0x2d...7822,https://bscscan.com/tx/0x4f887202920f961b0824dbb3afa1bfd998ffc45696ba1f0a93cb632590837f67
2023-03-30 19:33:33,True,4.5066,0.01438,52.0401,0.7485,0x2d...7822,https://bscscan.com/tx/0x7aef0e1c6b3fc7e50f0d2a49200e779cab686d737087dd55c91886483ad9d0ac
2023-03-30 19:33:30,True,4.4962,0.01435,28.8065,0.4134,0x2d...7822,https://bscscan.com/tx/0x9bf707a89a8eb6537b667774677d2e625a1d2859c0764c47548598ec33f570c3
2023-03-30 19:33:24,True,4.4877,0.01432,37.4107,0.5358,0x2d...7822,https://bscscan.com/tx/0x64261b30e4bd2df72c35e69da708ea887a56f9e64d7ee70f4b10cc68e328bc75
2023-03-30 19:33:03,False,4.4816,0.01423,1.0,0.0142,0x30...e6e1,https://bscscan.com/tx/0x91faab4d9118b46c377ec1fd2abc6a3b19b0d222e384720fb29fba30bdad31e9
2023-03-30 19:32:21,True,4.5043,0.01428,51.3405,0.7335,0xa0...cc8d,https://bscscan.com/tx/0x6d8d67008e87c6e67ed6ec130964ebf672c5060c25ae8d90d9e9c90c1d1aebbd
2023-03-30 19:32:03,True,4.471,0.01425,33.7877,0.4815,0x2d...7822,https://bscscan.com/tx/0x2c9f18e66f5ea51a809490cfbc8cabaf84d80ea58a1358bafa79c9eb4e590c56
2023-03-30 19:32:00,True,4.4663,0.01423,3.11905,0.0444,0x15...f557,https://bscscan.com/tx/0xca2fe76c66d14c2182be95ebf9d0ba2be43526b4445b3a3b993daf9024a79b45
2023-03-30 19:31:48,False,4.4725,0.01418,42.0146,0.5959,0x2d...7822,https://bscscan.com/tx/0x6d479b0545b8a96b5201baa68ef3525032725a3e118d0a7284ed54acb3886325
2023-03-30 19:31:36,False,4.4878,0.01422,57.3493,0.8157,0x11...a5bc,https://bscscan.com/tx/0x5479f5351a7d3b236f442cdad7687f1f28082450e391a2f77df1e94a0b34c379
2023-03-30 19:31:27,False,4.4986,0.01425,26.5796,0.3789,0x2d...7822,https://bscscan.com/tx/0xb0364228f015a9456cb943df5a9f75dde514a32ef6dc6b5ee68ac1c516fa789b
2023-03-30 19:30:33,False,4.5161,0.01429,56.1667,0.8026,0x11...a5bc,https://bscscan.com/tx/0xf4b84f3acbeb65e376525da915d988b756127753960b7f8d9073e130a8d19914
2023-03-30 19:30:12,False,4.5299,0.01433,49.3558,0.7074,0xe3...d2ff,https://bscscan.com/tx/0x665c6e3147689f8f67d9d0424083720a20763dd297d823c2e6d15f8fd1b4780e
2023-03-30 19:30:06,False,4.5155,0.01436,14.5658,0.2091,0x11...a5bc,https://bscscan.com/tx/0x7bbc89cbc43babc8c680f20360f6d29720c60297695f7b4c4f87b10961fa94fa
2023-03-30 19:30:06,False,4.5244,0.01438,54.7624,0.7879,0x2d...7822,https://bscscan.com/tx/0x54698ab053ca49ca599620c52a6538ac563debb017933bfc02c5b199cec627f0
2023-03-30 19:29:48,False,4.5632,0.01443,66.2296,0.9563,0x11...a5bc,https://bscscan.com/tx/0x64b27ab6d3e99206d9c25f1126692a165f6d788ce15f9bcc270d1dda1ece1b8d
2023-03-30 19:29:48,True,4.5891,0.01452,42.897,0.6229,0x9c...0a08,https://bscscan.com/tx/0xdc3af6a01b31ed5f3d1f442d9fcc3dcd2d82f0f20a94193ae2058ad2555e52d0
2023-03-30 19:29:48,False,4.5992,0.01455,292.322,4.25426,0x2d...7822,https://bscscan.com/tx/0x12d81d78e06d45fc101b32c98d52c3158da9751498fe3661d5ee3c3c014ef9ee
2023-03-30 19:29:48,False,4.6604,0.01474,164.936,2.4323,0xdb...8aba,https://bscscan.com/tx/0xdae5f6cc8831d2213496a94902c82020805b97431953db52822175c41b701798
2023-03-30 19:29:48,False,4.6838,0.01482,7.47083,0.1107,0x13...1236,https://bscscan.com/tx/0x50f5bed057ce23139106abab6dd39f2e462586d2ab08ca819676bfaebd3c9813
2023-03-30 19:29:48,False,4.6981,0.01486,96.9004,1.44053,0xbd...a89e,https://bscscan.com/tx/0xa46968e2f0f669857320e4a896477d3ddf61c34b54b39017c85f92c99dd92f31
2023-03-30 19:29:48,True,4.6523,0.01472,606.696,8.9313,0x88...1404,https://bscscan.com/tx/0x5c8e7e1284e999e25557a25a3ea8e5d1d96c09cc4e9c33c4bd9d9ed70b119182
2023-03-30 19:27:06,False,4.5587,0.01442,78.0532,1.1259,0x91...79fe,https://bscscan.com/tx/0xc81870c77ee2a7bea9e7dc2af1ffcbdedf58986f73434bda9ce8408e26abdd5a
2023-03-30 19:26:36,True,4.5618,0.0145,55.0763,0.7989,0x2d...7822,https://bscscan.com/tx/0x0bdd22ac10b167511febdc64c246ec48f791b10918be607a00f80a2a8d567842
2023-03-30 19:26:21,True,4.5366,0.01442,137.649,1.98578,0x91...79fe,https://bscscan.com/tx/0xb487a9d16fcd657a35bc8cc168dbc3ecf2a710b4077e06f98e8221421c371796
2023-03-30 19:26:18,True,4.5148,0.01435,30.328,0.4354,0x2d...7822,https://bscscan.com/tx/0x1d03011d4c7f6f273e9ca316bc0c17504c8f1ec9806df4d4e383163a80f62fae
2023-03-30 19:26:12,False,4.4927,0.01428,34.0769,0.4868,0x2d...7822,https://bscscan.com/tx/0xdc52784564e506aeea20c376a7951c57006e71d30ef2a43a224b85d3b283f455
2023-03-30 19:25:15,False,4.5235,0.01431,29.2875,0.4191,0x2d...7822,https://bscscan.com/tx/0x6a8810577ca03d660c5abd962684549704eb37289dc5fd0c6ce418f1109ef7bd
2023-03-30 19:24:27,False,4.5087,0.01433,33.041,0.4737,0x2d...7822,https://bscscan.com/tx/0xf09bb237c97dd000e7787cc57fae824fcb993d35408f938b7d543c0dc5c64559
2023-03-30 19:23:33,False,4.5412,0.01437,42.7166,0.6138,0x2d...7822,https://bscscan.com/tx/0xba5838a3178f6b23f5ff40fa2710b79b6b697a0e5d2afef7876bb852fd8717ab
2023-03-30 19:22:15,True,4.5446,0.01445,16.2428,0.2347,0x8f...0aeb,https://bscscan.com/tx/0x4abbf4c58a2a966f0e236d4a872850ddf4b86d8f309b7f26d6419eb0ed469e6f
2023-03-30 19:20:27,False,4.5607,0.01443,150.069,2.16638,0xda...6e1f,https://bscscan.com/tx/0xa15dfb07f94bed95f22505d0ff07b2c74ed7b2030f03c83ab981330b1c533e46
2023-03-30 19:20:27,False,4.5873,0.01452,52.3827,0.7606,0x00...78d2,https://bscscan.com/tx/0x2de73f1f014ca0f8bba5f8e9448594c8ef0d8e0306cc445c1256e52b2681aefe
2023-03-30 19:20:24,False,4.595,0.01454,6.26276,0.091,0x9c...0a08,https://bscscan.com/tx/0x42d144e86668fd41fdcefa98fa08c23e184a2fac2c2e018b2550c3b63e785926
2023-03-30 19:20:24,True,4.605,0.01457,104.624,1.52501,0x82...2196,https://bscscan.com/tx/0x6daa58e15db57b5fd399752352070771bcf0e6f583fc5d84216779513b7fb2d8
2023-03-30 19:20:21,False,4.572,0.01447,28.9722,0.4192,0x53...1b3e,https://bscscan.com/tx/0x1dd21c1eadada4e4578f48aa80910d73b0fa675989775b53f3dfc559e3ae331b
2023-03-30 19:20:21,False,4.5853,0.01451,71.9045,1.04361,0xd3...1a0b,https://bscscan.com/tx/0x9972608047326723c963df56b7f433b8502fde18e3aa0f71395a595edd43c95a
2023-03-30 19:20:21,True,4.5911,0.01453,201.694,2.93103,0x52...1c7e,https://bscscan.com/tx/0xe6d1dc34d5095ab91add9a1b840ffcc425f43b7c2a5f9906e25e593dbf90552a
2023-03-30 19:20:21,True,4.5407,0.01437,182.3,2.62011,0x2d...7822,https://bscscan.com/tx/0x9b9d6b55aa3714c651dc32c92375dd19d3a3cbbb77c16e42c0f8e3658ab38eba
2023-03-30 19:20:21,True,4.5077,0.01426,71.9045,1.02596,0xfb...45b9,https://bscscan.com/tx/0x06ed9e0fc570d29547e9a585fb616505aa1b29c3d2af8ef0599441adf4f42f96
2023-03-30 19:19:57,True,4.4946,0.01422,30.2604,0.4305,0x2d...7822,https://bscscan.com/tx/0xc2dee03804fe14d07fc14a31d563fb3962fb9cca06b93b634baf69d5bd2d9649
2023-03-30 19:19:06,False,4.446,0.01414,0.6698,0.0094,0x34...8793,https://bscscan.com/tx/0xcb4142f534f04c63595bd2494b468701fcb16ec50251f474de0476d37056c8fe
2023-03-30 19:18:51,True,4.4854,0.01419,42.6213,0.6051,0x2d...7822,https://bscscan.com/tx/0x0198d6c376f535fcb2e4fae0ce8afff4a5d1d5d42723540e7cd4ec8f487ae52e
2023-03-30 19:18:42,True,4.479,0.01417,7.0,0.0992,0xcc...40d3,https://bscscan.com/tx/0xdcc58eff2f3e5b3f7da45d549cb736cd526cf1457cda9a6170dd2adc28495215
2023-03-30 19:18:06,False,4.4773,0.01417,168.181,2.38344,0x2d...7822,https://bscscan.com/tx/0x2865716ee4adead6b76ea4c7c16ffd0d745d39eede5e9ebfefef9f78444956bb
2023-03-30 19:18:06,False,4.5009,0.01424,16.7105,0.238,0x96...4df6,https://bscscan.com/tx/0x15c6f82300090dc1bcffb4c774d07c390024eca6c2184e2bb493443ad4d3fe54
2023-03-30 19:18:06,True,4.5007,0.01424,193.034,2.75,0xcc...40d3,https://bscscan.com/tx/0xda6717af87cce45a60f32adf82c6f19866a3773e744b5852641f463af53b1be7
2023-03-30 19:17:48,False,4.4369,0.01411,42.7464,0.6033,0x2d...7822,https://bscscan.com/tx/0xce61a5f1556dd6ad83d58503f7f7cea165f1b2e390db3494f823e2f9e1f613be
2023-03-30 19:17:30,False,4.4706,0.01415,47.2746,0.6689,0x2d...7822,https://bscscan.com/tx/0x38d1118ed72a7a9d4535b88113e8a43ed3d62063cde6f6cb31006232ba7c5219
2023-03-30 19:16:48,True,4.4711,0.01422,43.4048,0.6173,0x3e...a7c8,https://bscscan.com/tx/0xe4a3565cf781c56bbe530e8cf7a5a4d02bfac342ff18c24411704d88e1de82c8
2023-03-30 19:16:36,False,4.4439,0.01413,4.0,0.0565,0x40...83eb,https://bscscan.com/tx/0x3313e610db783d245a33ca15716373746bea68f057304c3bcd482a883b067219
2023-03-30 19:16:21,True,4.4634,0.01419,25.5105,0.3622,0x2d...7822,https://bscscan.com/tx/0x24461cedbf43b64321933ad29c893e1a51480cc5087fcd67be94a09cd4a84cd9
2023-03-30 19:16:00,True,4.4546,0.01417,44.3934,0.629,0x2d...7822,https://bscscan.com/tx/0x2cf1ebdf7e1c52a85d73a863db52198fb1d94785f206ec8dbee354759e9a60b1
2023-03-30 19:15:27,True,4.4721,0.01415,11.0769,0.1567,0x14...b438,https://bscscan.com/tx/0x247e2fb107d3316def7a043da238b7a79cfe695bcd773d6b9cc6abbbe79282be
2023-03-30 19:15:15,True,4.4627,0.01412,51.2,0.723,0xca...34d7,https://bscscan.com/tx/0x2bb2d42f5fe73dd4cbdb6a062fb247e3917489942d61faedf7a08634a4cf8309
2023-03-30 19:15:00,True,4.4275,0.01408,33.9728,0.4786,0x2d...7822,https://bscscan.com/tx/0xfb85a463f193f9b80f8071871443c25f725c2f3947619fb28aa48e2c8fb7f2d9
2023-03-30 19:12:18,False,4.4261,0.01402,39.8879,0.5592,0x2d...7822,https://bscscan.com/tx/0xdef01c574073ab7fb9aeccfad4f88fc780170f4ce2032866be795bab54a62813
2023-03-30 19:12:06,False,4.4123,0.01404,26.3562,0.3702,0x2d...7822,https://bscscan.com/tx/0x2c7038f3e894491dc53ad283de4caf51257c490ed96281f24980023eed6d9316
2023-03-30 19:12:06,False,4.4174,0.01406,14.2633,0.2005,0x52...1c7e,https://bscscan.com/tx/0x2f99e041a5cb2b4507b25dc67d65d407dc589cc8b5c0d5cc7b94486dc1c7853b
2023-03-30 19:11:57,False,4.4294,0.0141,80.9441,1.14141,0x91...79fe,https://bscscan.com/tx/0x6172ccdb03c55d3c61399e6e3e1fdb3e18a8f6ea9c62233e9ebede194070f228
2023-03-30 19:10:48,False,4.4687,0.01415,49.975,0.7073,0xe4...e5c8,https://bscscan.com/tx/0xa8c919843828885c1dec796ac776197d2464e3bcdd6d7edcbf0067217941a924
2023-03-30 19:10:21,True,4.4694,0.01422,44.4,0.6316,0x9d...6dab,https://bscscan.com/tx/0xe060cc241ef27d15bde0d88f0a0ffb5c36d95fcb7100087d3185b4a96689ef80
2023-03-30 19:10:00,False,4.4639,0.01413,0.4212,0.0059,0x26...1b90,https://bscscan.com/tx/0x69506f8da367ea54931bd9b75f4ca38c66cbabe8ac490817dcb21565a0c4ecd1
2023-03-30 19:09:39,False,4.4438,0.01414,16.8479,0.2383,0x93...9236,https://bscscan.com/tx/0x514f5cf8e1d8161a87433c42f6140cbae6b3d194bd3f718d26b8fc81fe0e69e3
2023-03-30 19:09:39,True,4.4441,0.01414,190.165,2.69011,0x2d...7822,https://bscscan.com/tx/0x8da7e4673a754413a91c97549222b2882033b0d9bac47aef284817a0c0ea02f5
2023-03-30 19:09:24,False,4.4203,0.014,3.07742,0.043,0x90...48cd,https://bscscan.com/tx/0xfd5453a94075f18255c8c9e265f362caddbad0c2f4e459462120b833e71eeca6
2023-03-30 19:09:18,True,4.4363,0.01405,41.7652,0.587,0xef...cab1,https://bscscan.com/tx/0x9a13c07d93ce3b2a3d0247bdc11d640be2c44838e4ea4067e330428ae0235130
2023-03-30 19:09:12,False,4.4114,0.01397,19.4222,0.2714,0x9c...0a08,https://bscscan.com/tx/0xfa614dec61e7d1d58043981cd447a361bc04b1b3e4213b7ffcf73b279214d56a
2023-03-30 19:09:12,True,4.43,0.01403,47.8139,0.671,0x2d...7822,https://bscscan.com/tx/0x525fce8055177b2067a9b72c1b61f620229e9b41b59e30682c27a323b09a3de4
2023-03-30 19:09:06,True,4.4197,0.014,34.3585,0.4811,0x2d...7822,https://bscscan.com/tx/0x93346af99ddc1d6d9ed0411e7e30154d9067ee073c758f58c5f6304e08e4bfd6
2023-03-30 19:08:33,True,4.3854,0.01396,50.4992,0.7054,0x2d...7822,https://bscscan.com/tx/0x42c803f6a696442f5fdc417d8991fd2c11490b6613feaa0bdc3d9f2279d1d57b
2023-03-30 19:08:18,True,4.3785,0.01394,2.4036,0.0335,0x2d...7822,https://bscscan.com/tx/0x80075a9c19aa046bb27058be579ac15a4d949e29f48b3c39c1532310ab3d6486
2023-03-30 19:08:18,True,4.3712,0.01392,56.6431,0.7887,0x00...78d2,https://bscscan.com/tx/0xd10753715e4aa785fb3bd35073dc5e3db3eebf9b7748101b5243cbabf8fcad0b
2023-03-30 19:08:00,False,4.3671,0.01383,10.0617,0.1392,0x7f...3696,https://bscscan.com/tx/0x82f849ca658985a88faf6fb4f4768762993fae2bbcea8324495838419b57fdee
2023-03-30 19:07:33,False,4.3675,0.01384,3.15,0.0436,0xe5...4cf7,https://bscscan.com/tx/0xed87be61a6f7b5702f7200b8d01bf1afc9d6223ccdf116753b72af450d05b584
2023-03-30 19:07:21,True,4.3883,0.0139,13.2344,0.184,0x2d...7822,https://bscscan.com/tx/0x649f4ded0e19f004aca347f783a33fb03244208288330d786561f97bb76f7812
2023-03-30 19:07:21,True,4.3855,0.01389,9.39607,0.1306,0xda...6e1f,https://bscscan.com/tx/0x31312aec918bb35eab0f44268e84fa9cfa4f4e850086f30f4ad3ef287810b076
2023-03-30 19:07:21,True,4.377,0.01387,59.4063,0.8241,0x00...78d2,https://bscscan.com/tx/0x269a277d07114a208c3ca8e12c9ff7d22813741049dd0f523f52f578a9257f41
2023-03-30 19:05:33,True,4.3691,0.01384,1.5,0.0207,0xac...2ee5,https://bscscan.com/tx/0x89ba8f6182c4fa90f6e6832b035791cc66bb9ea19846307a62bae7ae6af82490
2023-03-30 19:05:12,True,4.3471,0.01384,1.11305,0.0154,0x26...e441,https://bscscan.com/tx/0x430b720e23b1cba73df132d572294e4033cfd2a30f3e97bb881b2ea6f547c5f9
2023-03-30 19:02:09,True,4.3624,0.01382,68.7683,0.9504,0xb6...4942,https://bscscan.com/tx/0xbb885031c86f5207168e5797789b5180351fbbc25335d90343478f16fc954565
2023-03-30 18:55:30,True,4.3473,0.01377,38.2692,0.5273,0x2d...7822,https://bscscan.com/tx/0x9b7b2b07128b60fc1437604edbffb63931e8a76c2670cb01d5d252ba6afb2ca4
2023-03-30 18:54:42,True,4.3371,0.01374,44.5235,0.612,0xaf...847e,https://bscscan.com/tx/0x047d53171bb02995759dd33770b889dc3c441d271a521f4f212099ce1f3029f7
2023-03-30 18:54:27,True,4.3278,0.01371,34.1371,0.4682,0x2d...7822,https://bscscan.com/tx/0x096e688191165a1ee1261676669dff2fa72d80784df08cc1b97531d2d48c2d47
2023-03-30 18:53:12,True,4.3194,0.01369,32.8502,0.4497,0x2d...7822,https://bscscan.com/tx/0x7060546cf69c6ed141603c04882f56afacd44c58f29add9afd7497272f698d7a
2023-03-30 18:32:51,False,4.2742,0.01361,24.7015,0.3364,0x2d...7822,https://bscscan.com/tx/0xc3c6d3e2af626cecdccf00a05421d5ca9f558fc2ac61b64668fa75f541956b8e
2023-03-30 18:32:51,False,4.2856,0.01365,70.2762,0.9596,0x11...a5bc,https://bscscan.com/tx/0xe02871ecd20ecb377d13ec97701b9a0a44e2def8bd9a7af5c19f9febea991bd6
2023-03-30 18:32:51,True,4.2908,0.01367,205.938,2.8156,0xec...11b9,https://bscscan.com/tx/0xda48e791cc1234d6afe0affade8f03bafd46dc41906cc3d4b42f74031ca658bd
2023-03-30 18:31:30,True,4.262,0.01358,33.2518,0.4516,0x2d...7822,https://bscscan.com/tx/0x43ace34b8a4a01aa44b52c28ec899f2b2b310ee61a4fbc65d88efa984379b3ae
2023-03-30 18:30:36,True,4.2746,0.01355,35.2157,0.4773,0x2d...7822,https://bscscan.com/tx/0x8aec17a08bf4770c67ca3ac71605ad30934c07b07addeafde862990019ebd09d
2023-03-30 18:27:21,True,4.2425,0.01352,45.8916,0.6206,0x4d...74b8,https://bscscan.com/tx/0xf188790c9b8aa90ecede47c013b254ef94393486c78156c7c3988d737c9cfdfc
2023-03-30 18:20:24,False,4.244,0.01345,35.999,0.4843,0x2d...7822,https://bscscan.com/tx/0x9166e3084b450172054812b9764b9eb1108bd01fbf6c36e2eafffe86eccb3d62
2023-03-30 18:19:30,False,4.2345,0.01349,64.5952,0.8714,0x4d...74b8,https://bscscan.com/tx/0x0d4a5daa4d45a570a830536d37aae9a0321edb3b130eeac5f6d08079655d7a64
2023-03-30 18:19:09,False,4.2681,0.01353,39.2898,0.5315,0x2d...7822,https://bscscan.com/tx/0x67410dbadc9e423de22db6d1deab4d6f0d5d40a7b2301cd494cc8cd0952fa4eb
2023-03-30 18:12:03,False,4.258,0.01355,33.6946,0.4568,0x2d...7822,https://bscscan.com/tx/0xc217dcbad0ba31062dfedc97d3d05db1692872f5a21e8dbb1c650ccc6b9e9d61
2023-03-30 18:07:51,False,4.2882,0.01358,36.2935,0.493,0x2d...7822,https://bscscan.com/tx/0x17973d98fb98b8c365579abafca9e47bb7fe07589260a97a186bca93a33eed87
2023-03-30 18:06:18,False,4.285,0.01361,33.1189,0.4507,0x2d...7822,https://bscscan.com/tx/0x43514bf5c9e7699863d4b5dcaa256d5a10b2d0ffcb249913547c41b51e600fe8
2023-03-30 18:06:09,False,4.2941,0.01363,42.818,0.584,0x2d...7822,https://bscscan.com/tx/0xf14663a64ca76b8bd674ef8625db2a9c5176e8ed85da4bcab43f01508531de76
2023-03-30 18:05:45,False,4.3054,0.01367,40.2629,0.5504,0x2d...7822,https://bscscan.com/tx/0x7713b5647e11f3cd1f96513a0bb43f28ee882ec23deb8303bba320a98cc143bf
2023-03-30 18:00:21,True,4.352,0.01374,33.3796,0.4587,0x2d...7822,https://bscscan.com/tx/0x7a7f5cb7cdf340e01780b7b441a079e6393392a7278280010419f323b1a2fcef
2023-03-30 17:58:18,True,4.3222,0.01371,33.0067,0.4527,0x2d...7822,https://bscscan.com/tx/0xa101a5a08a3761a3b6e9c5850645e22ec3b0e71f5cb83d7d5a62287db16d8dc6
2023-03-30 17:54:45,True,4.3126,0.01368,45.2577,0.6194,0x67...b7c1,https://bscscan.com/tx/0x1f1a6f7d52c7ca095b51e2c3edc58e6fe8bc04fd429afc2788bdcea4cd88e426
2023-03-30 17:53:45,True,4.3032,0.01365,33.1907,0.4532,0x2d...7822,https://bscscan.com/tx/0x865776b493a8df3a7d108746c0abff7b10eb1cab808946cc8a84b5b4f5957644
2023-03-30 17:51:24,True,4.3163,0.01362,47.978,0.6537,0x2d...7822,https://bscscan.com/tx/0x9d323f65974942eb07acb0dd664e691e2dfa7b7ca8cb3a525ef6c5d345369bcf
2023-03-30 17:50:06,False,4.292,0.01355,28.0,0.3794,0xea...0b04,https://bscscan.com/tx/0x12a594960597bd959d32b70fc8d6e03fadb362b92128f7c647e328597c8e44af
2023-03-30 17:45:15,True,4.3173,0.01361,33.1806,0.4517,0x2d...7822,https://bscscan.com/tx/0x97563594dae6cc5f663ceebd8cbb3f34d706105fc254e2afe7052c8bd6897ff6
2023-03-30 17:43:39,True,4.3102,0.0136,6.57631,0.0894,0x2d...7822,https://bscscan.com/tx/0xdc45ce9daecd170045f3b4b253f2c73a19b26e97d3b1848f5e15c101c905e29e
2023-03-30 17:43:39,True,4.3019,0.01357,63.1382,0.857,0x00...78d2,https://bscscan.com/tx/0xd4151f09e35596f7d836390faef713656a354a6a6d711ebdc99aa852fb1c96d8
2023-03-30 17:40:39,True,4.2675,0.01353,35.6072,0.482,0x2d...7822,https://bscscan.com/tx/0xcbf8e77c4c9e6215bb0f74a57b585251b9e0e2b9e92185cee8d94d494fc6e400
2023-03-30 17:39:27,True,4.2623,0.01352,2.94884,0.0398,0x2d...7822,https://bscscan.com/tx/0xbea2a1a72aeed299b0c3901850e43be8d3d487d2eccfb0218f2abd9276d5e4a9
2023-03-30 17:39:27,True,4.2549,0.01349,60.03,0.8103,0x05...7eea,https://bscscan.com/tx/0x786497a2734bd7bfbc6ae576da28045cdf20a148abdff9a3940248be76480c86
2023-03-30 17:39:24,False,4.2349,0.01343,70.9877,0.9537,0xb6...4942,https://bscscan.com/tx/0x514e56cd25f5e06836839852f90a25edf13e52fcebb4d1e5f80e39ff68f6f293
2023-03-30 17:39:24,True,4.2639,0.01352,4.97432,0.0672,0x2d...7822,https://bscscan.com/tx/0xc7cc4af361c571749d95443cef734b20a6d41665b9ec5dbc29e23580da631c9b
2023-03-30 17:33:18,True,4.2596,0.01351,33.4423,0.4519,0x2d...7822,https://bscscan.com/tx/0x9f3891d3c7b9d2c699bc6555b0f29e35ffe2d67f278cc9d53d634ddbb794f00a
2023-03-30 17:30:54,False,4.2462,0.01346,79.1285,1.06531,0xb6...4942,https://bscscan.com/tx/0x03fd77c00e87138f9de31f2ef0b708cc7ba29ba9d0f0ee35b9cf026e3b9a1c01
2023-03-30 17:30:06,False,4.2669,0.01352,79.9186,1.08071,0x2d...7822,https://bscscan.com/tx/0x4b1f906fc78bd52802cb582c2f8988fcd1a1be5ede76e8f0ed664af86b4546ea
2023-03-30 17:30:06,True,4.2873,0.01358,88.3187,1.2,0x5b...7f5d,https://bscscan.com/tx/0xe355b12c012259532da998f9a5f61e0e2ca8834898bf948bf5a03c5729055617
2023-03-30 17:27:12,False,4.2848,0.0135,58.5633,0.791,0x2d...7822,https://bscscan.com/tx/0x4a24e853bd3eace609d21a8ab58dca25241496d8b35d09c34c0a388c2c412181
2023-03-30 17:17:10,False,4.2716,0.01354,46.9153,0.6356,0x2d...7822,https://bscscan.com/tx/0x0f7d751661a419b07c085b52968a5ec3df7965c3c58d3a2ce14c90aceb0b0159
2023-03-30 17:17:04,True,4.2939,0.01361,39.2994,0.5352,0x23...d682,https://bscscan.com/tx/0xffcd09a78ef0fbeb55f31f2fe93cc1bc8daa009c6c9e5c49aedeefd8ca3a3d3a
2023-03-30 17:14:58,False,4.2965,0.01355,43.0031,0.5827,0x2d...7822,https://bscscan.com/tx/0xc6df62b2cea64021efbcb880530285ccd7a243d28ec28957d2499ef703535319
2023-03-30 17:06:01,True,4.3193,0.01363,16.5077,0.225,0xe2...04b7,https://bscscan.com/tx/0xe4bacd0bd5cee069b7d90c2c36dd8b01e3ff96b78c9db4d1ce87b16b697c47d1
2023-03-30 17:04:37,True,4.3148,0.01361,25.0192,0.3406,0xba...f4dd,https://bscscan.com/tx/0x279125e0cad6cb8c022e6a883cf327bd266febccdd00b8714943ae1ce849c07d
2023-03-30 17:03:10,False,4.2757,0.01355,52.3949,0.7103,0x2d...7822,https://bscscan.com/tx/0x59ffa66c2125728035ef7d52e9d26f6a6f3f579b8fe192666dc0cf24670bf757
2023-03-30 17:03:10,True,4.2991,0.01363,35.7704,0.4875,0xba...f4dd,https://bscscan.com/tx/0xe939b1c307d3aad8263b9cb0decd00441db31e9b0dc26f061b55fce94e699a2e
2023-03-30 17:00:55,False,4.2944,0.01355,4.47273,0.0606,0x2d...7822,https://bscscan.com/tx/0x89d29ac5fce87bff9f4bec1ca9550524a11ee0f44603f1516f127b93898b07f6
2023-03-30 17:00:55,False,4.3107,0.0136,130.857,1.77995,0xa0...cc8d,https://bscscan.com/tx/0x0b9097c7cdf8b510e383ce6a032d47b06c902ff361250034868d5aa736c4f8d1
2023-03-30 17:00:52,True,4.3299,0.01366,150.116,2.05102,0xb6...4942,https://bscscan.com/tx/0x2f253e995461ccb317cffddcf5ed55d23a396c8b572dc2d909be874152c21011
2023-03-30 16:54:46,True,4.2886,0.01359,19.1463,0.2603,0xac...3788,https://bscscan.com/tx/0xb5b21de2cbd7a74597eeae8a6ee6d5e6b87c87d5e41081b0ae7110863ed8a00a
2023-03-30 16:51:31,True,4.2861,0.01359,2.80828,0.0381,0x6f...1a36,https://bscscan.com/tx/0x695dd29f614f34c6b3ac5a03ebb594d60b7bcdd5dc523a039312699252e814ad
2023-03-30 16:50:58,False,4.29,0.01353,36.4383,0.4931,0x2d...7822,https://bscscan.com/tx/0x38608fce3d8d8b063c5c2f3dea95a037c55d10ec6bfc3c78291cdb07731ccd23
2023-03-30 16:50:37,True,4.2931,0.01361,11.3258,0.1541,0x30...6a14,https://bscscan.com/tx/0xc852f751988d01ff31400e25e0f546b8211d678bd0ca3400ab0fba06f1165a64
2023-03-30 16:50:28,True,4.2916,0.0136,2.13528,0.029,0x34...8793,https://bscscan.com/tx/0x83155d2d1b298de96368f2423baa2894d597213ac978049cdfb4253b075a971d
2023-03-30 16:50:25,False,4.2761,0.01355,51.6141,0.6997,0x00...78d2,https://bscscan.com/tx/0x92e8d9073e73f11ac9c7c5ab7ca8acf38c4711a39bbaf361b73808ae0e3df433
2023-03-30 16:49:58,False,4.3101,0.01359,50.4014,0.6852,0x2d...7822,https://bscscan.com/tx/0x013a0ceaa2c147d44b40e9d4d9226f339b55557ea407cdf912bc5a7dd4cb1087
2023-03-30 16:49:58,True,4.3275,0.01365,85.1609,1.16257,0xdd...c9ba,https://bscscan.com/tx/0x7ca535830228e3e0b7a23cc41af9c06b1fdf8b1b55a94b56f2acaf08b4687498
2023-03-30 16:45:37,False,4.2789,0.01356,39.776,0.5396,0x2d...7822,https://bscscan.com/tx/0x69b7ba2e013a7d97b8bfc8a3907763d97d308dc9494c51d47071b2f54d13898b
2023-03-30 16:36:10,False,4.3078,0.01359,44.1298,0.6,0x2d...7822,https://bscscan.com/tx/0x456370d8c1ee839ea0c8ca37a0de85a1b929d3e41b2630ca88cd830303eeb8af
2023-03-30 16:28:35,False,4.2946,0.01362,36.5896,0.4986,0x2d...7822,https://bscscan.com/tx/0x55adc02d09f72e15686c20b61a362997fe325373a8fe4c12ae895023322aaf42
2023-03-30 16:27:56,True,4.3418,0.0137,5.0,0.0685,0x59...cfee,https://bscscan.com/tx/0xf312e862780ef762f4cda82c5b94c0f0fbd3d0322fb6c13fa0d78679f8885194
2023-03-30 16:16:53,True,4.3126,0.01368,46.1834,0.6322,0x2d...7822,https://bscscan.com/tx/0xea1d7915bd7c6aac2a3aef57a557db70a2c22ef48d3b9b78b96104c6fd8e2ddc
2023-03-30 16:16:53,True,4.2975,0.01364,79.4218,1.08342,0x11...a5bc,https://bscscan.com/tx/0x45efe6f7322eb0432453c181408971cda3ae6ce943ae399b793306a78003c77b
2023-03-30 16:16:53,False,4.2846,0.0136,151.058,2.05446,0xb6...4942,https://bscscan.com/tx/0xf93826faf57a8c44da767f48ebcfc7c06cb67173d3b9b79b6ed75677ce5dd860
2023-03-30 16:15:08,False,4.326,0.01366,7.0,0.0956,0x8b...3883,https://bscscan.com/tx/0x82ac094d7fbeab3db0502bf56fad60652bfad4de3ac74101a95b9c796ecd922f
2023-03-30 16:04:59,True,4.3369,0.01373,2.86614,0.0393,0x34...8793,https://bscscan.com/tx/0x960460d3b9edbf568964be958c973d0c8d4f3c3d8070e5178d8b30d5fd2addac
2023-03-30 16:04:44,True,4.3332,0.01371,46.5081,0.6377,0x2d...7822,https://bscscan.com/tx/0x7677eaefb9f2d072319a3f83939f2d435cf5b2c91642daed5eed4fd2ba229e46
2023-03-30 16:04:44,False,4.3242,0.01368,151.058,2.06696,0xb6...4942,https://bscscan.com/tx/0x7e31a3de9166d170a009253d9758215052f278b641b99d6a74446bc2482a1d65
2023-03-30 15:52:12,False,4.3735,0.01375,32.8965,0.4524,0x2d...7822,https://bscscan.com/tx/0xf1740c4bc156aa1410767a619f7830e76ae52780e9b681f4032230b9f648c4b4
2023-03-30 15:49:28,True,4.3954,0.01382,34.7595,0.4804,0x2d...7822,https://bscscan.com/tx/0x823e6a6893b5a0c668f41b08c6e71a07860475cc7bca7cb8d21a8d3a324ce3d3
2023-03-30 15:46:46,False,4.3721,0.01375,27.545,0.3787,0x1f...14eb,https://bscscan.com/tx/0xc5fefc3c0ae1b6dee2bd4d1453633450675b134b386bd5aaf801b5719f937236
2023-03-30 15:38:16,False,4.3575,0.01377,36.4054,0.5014,0x2d...7822,https://bscscan.com/tx/0x7332d12b1ab2af35c3938cfdc088aebcc9d09a88eee749530454bb01e1a87e67
2023-03-30 15:36:01,False,4.3668,0.0138,34.8047,0.4803,0x2d...7822,https://bscscan.com/tx/0x944441530c8e0e3f359f2dbd0a73d580fbb16e0ebbc913058eeee517ba46288d
2023-03-30 15:35:58,True,4.4124,0.01387,21.5873,0.2995,0x6d...ee51,https://bscscan.com/tx/0xe28e5c32b71957f076b8018986676b03497e3689301034afa9ccfe752e912097
2023-03-30 15:34:58,False,4.3706,0.01381,39.5881,0.5468,0x2d...7822,https://bscscan.com/tx/0xc498869672315d3ca47894b1a9e8f20df9a109f4ff28fec1349c17ee3117fb89
2023-03-30 15:31:33,False,4.4022,0.01384,32.9093,0.4555,0x2d...7822,https://bscscan.com/tx/0x31bdf2d4759d50549f3e04040546451b8e7b76120e412797a59833f4cfa2443e
2023-03-30 15:26:27,False,4.3876,0.01386,29.2494,0.4056,0x91...79fe,https://bscscan.com/tx/0x0a8c4ba117b8960b962f8a1fc114ffacd51f8cc7162ebd902727a9616bb2fbab
2023-03-30 15:21:54,False,4.3972,0.01389,53.2348,0.7399,0x91...79fe,https://bscscan.com/tx/0x953f921e62b4c132b19a254f7ab6cc04985e4be950da57f54311183618327058
2023-03-30 15:15:09,True,4.443,0.01396,54.8725,0.7664,0x00...78d2,https://bscscan.com/tx/0xfdad3f3bd091be4ecd854f48bd0f6f2c13a88a64dd654200bb9133085fc01d6e
2023-03-30 15:15:03,True,4.4301,0.01392,48.6348,0.6773,0x34...7c76,https://bscscan.com/tx/0x2bbcf2e144a96633cad16089c0856d96f7e21e6e98d91910487c368d4aee9c4e
2023-03-30 15:12:12,False,4.4092,0.01385,47.7103,0.6611,0x52...1c7e,https://bscscan.com/tx/0xf5dd97210502e20ffb92b90becd275e30a8338a3438b4dc4a2011d8a0591afb1
2023-03-30 15:08:05,False,4.3905,0.01387,1.77928,0.0246,0x34...8793,https://bscscan.com/tx/0x55d6fc82d5d5d5c0491ff1da8d330f3d4582cb3e48770fcddf75fcfb06a742ee
2023-03-30 15:02:14,False,4.4153,0.01389,47.291,0.6571,0x52...1c7e,https://bscscan.com/tx/0x5166bebd17b5fb9026e3b61bd8396a5c71ccd7a540c83c4702b3f725252476f0
2023-03-30 15:01:41,False,4.4005,0.01391,11.4654,0.1595,0x7f...3696,https://bscscan.com/tx/0x3b409d8334f7c7c74249e335640283492682db81423b6423ef9ad4c8858b33d3
2023-03-30 15:01:35,True,4.4088,0.01394,121.046,1.68807,0x52...1c7e,https://bscscan.com/tx/0x882f3749b71e13b6f04aa432a5385ab79cbad44d5d12861b375d9bdf0904af53
2023-03-30 15:01:29,True,4.3806,0.01385,106.63,1.47751,0x00...78d2,https://bscscan.com/tx/0x6436f2a5e5f682910d28413197fd91ed9816bb37f83b4af53a9df5963f12e948
2023-03-30 15:01:05,True,4.3636,0.0138,32.4027,0.4472,0x2d...7822,https://bscscan.com/tx/0x9d0882b775c829b93570f09aaed69846097a6f65b4355ac7e728564ef3281de7
2023-03-30 14:59:44,True,4.3764,0.01377,42.1895,0.5811,0x2d...7822,https://bscscan.com/tx/0x4ba8f70151e1cce610d5ab8bc3fe4aab1f4501df647c33559600e924fb29b05c
2023-03-30 14:53:59,False,4.35,0.01369,3.69593,0.0506,0x70...f192,https://bscscan.com/tx/0xd803313d2427cfd21c7a5a397c48d0f22cab4f7ed1203f0c5c90fd9ac0bb173e
2023-03-30 14:52:17,True,4.3468,0.01375,11.4396,0.1573,0xbe...24d8,https://bscscan.com/tx/0x3d0e1ceb757eb927b1171ae6b2a1eedb69834307adb6e1437b309536b751160a
2023-03-30 14:51:50,True,4.3433,0.01373,35.1519,0.4829,0x2d...7822,https://bscscan.com/tx/0x7a42f099f37960d6d97d50f23849bc17445d450f7077c6859c678ee6a3442bf3
2023-03-30 14:40:17,False,4.3415,0.01366,35.8459,0.4899,0x2d...7822,https://bscscan.com/tx/0x74dd082a31623aeaa296f890f1c244d7f3668e0286df4524fda00360964fc4bc
2023-03-30 14:39:14,False,4.3515,0.01369,42.7858,0.5861,0x2d...7822,https://bscscan.com/tx/0x63747e02a4e3dde811bc84b188ce98009b6236dc724946aed83bd5016fddccde
2023-03-30 14:39:14,True,4.376,0.01377,20.5665,0.2833,0xb5...dca2,https://bscscan.com/tx/0x945a5ca2756e1b391cb5f11d4a79ded9b341a0d3f317316376c8c097987d6ffc
2023-03-30 14:23:02,True,4.3541,0.01376,3.50968,0.0483,0x45...e039,https://bscscan.com/tx/0x1b49ad9d4a7ea245af13f6219acd04a618cada16a24b50d7131d33786845c42d
2023-03-30 14:19:01,True,4.3526,0.01376,13.617,0.1873,0x0e...b666,https://bscscan.com/tx/0xc91b6e891fc4c21bc4867b27b76c15432a020ee7a044e44dc3802b45995aa839
2023-03-30 14:04:22,False,4.3304,0.0137,33.8899,0.4642,0x2d...7822,https://bscscan.com/tx/0x0f66db533dd925186ba00c8b8afac64a3278d9cb598a97634da2eadc174be9ab
2023-03-30 14:00:19,True,4.3716,0.01376,45.0896,0.6206,0xb3...55e7,https://bscscan.com/tx/0x1e851ac0ff7536bfe6660faca78d4d4b4b124872360388cd6c5b7b0bd6f22850
2023-03-30 13:59:31,False,4.3263,0.01369,32.3009,0.4422,0x8e...6665,https://bscscan.com/tx/0x8578b452da8283d0fc2379a32834dfa5cc77aafe79eaa15ab584486eebcf5206
2023-03-30 13:51:02,False,4.3596,0.01372,67.5825,0.9278,0x81...3cb0,https://bscscan.com/tx/0xa065d11b4b143548d9779a5cdddc171f531df5d327dd38be0805456d5627065b
2023-03-30 13:47:22,False,4.3763,0.01377,56.5548,0.7791,0x52...1c7e,https://bscscan.com/tx/0x3957e94e6b60fbf0331a2243772f49eabcd41102a6b4bf02e7a30474cdaf8f17
2023-03-30 13:40:54,False,4.3749,0.01383,79.9389,1.10554,0x9f...78eb,https://bscscan.com/tx/0xf13fbceba95f07660bbd6407dd58b5d0bbac9a8961064df5867deee26a644600
2023-03-30 13:40:54,True,4.3927,0.01388,113.255,1.57265,0xb6...4942,https://bscscan.com/tx/0x183ccd3fd6285c2f16a746703f1c841930c385d238d0a97f7c6a1be7487d8881
2023-03-30 13:40:54,True,4.3689,0.01381,79.9389,1.10401,0x5f...44ea,https://bscscan.com/tx/0xfe6ee53feadd6d75775b9fd63d0486aeebb69a8143e4a765c464c3598fc6012d
2023-03-30 13:40:07,False,4.3575,0.0137,7.0,0.0959,0x2f...afdb,https://bscscan.com/tx/0xed86daf6eae8487eefd4459c35e5d4ed325798a307635d942e093fa5033c5090
2023-03-30 13:35:31,True,4.3812,0.01377,17.8657,0.2461,0x2d...7822,https://bscscan.com/tx/0x32fdefbd161491c19a0759aaff58d64b48ad6933440de8b4b8647747272b504b
2023-03-30 13:30:25,True,4.3517,0.01375,36.279,0.4991,0x2d...7822,https://bscscan.com/tx/0xcedcc12fdd96d546bf38e7b7bdf244482bd30c5b07d509ebcd69acd5d71ed701
2023-03-30 13:28:13,False,4.3272,0.01367,12.3322,0.1687,0x7f...3696,https://bscscan.com/tx/0x5a409bd1157106c34286e5f8d7712fd9cb9a044f87f19af5c268f82aa593aa15
2023-03-30 13:28:10,True,4.3702,0.01373,35.271,0.4845,0x2d...7822,https://bscscan.com/tx/0xd51e8ae4d9c419867b7883be13d12610797dae2feeda243a7f865e7874a1d460
2023-03-30 13:26:46,True,4.3376,0.01371,35.3815,0.4851,0x2d...7822,https://bscscan.com/tx/0x5b1c12754e6c6ebd2535cd400229db03caf28465d41c03d812e8ebdd342968c4
2023-03-30 13:16:22,False,4.3107,0.01363,3.65768,0.0498,0x0e...2f4c,https://bscscan.com/tx/0x691e2d0b939ae1a41cca01de9d7588f8f45e9f15e757de4d29d4c03de94bfcc4
2023-03-30 13:16:19,True,4.3278,0.01368,41.0294,0.5615,0x2d...7822,https://bscscan.com/tx/0x7d3107c55d9b506ec4249cf75676f8c64dee5b10873ec9df826cbe3a646f33cf
2023-03-30 13:16:16,True,4.3222,0.01366,5.98884,0.0818,0x2d...7822,https://bscscan.com/tx/0x2417c489e7516f0aa2b26739f56306671c72a8e5f675275488199813f2d23e16
2023-03-30 13:16:16,True,4.3155,0.01364,49.4635,0.675,0x00...78d2,https://bscscan.com/tx/0x221f4ff0b5517cb1d28075a12a1c84754d671bd83df21a7f3905418f2859dcbf
2023-03-30 13:15:19,False,4.3071,0.01355,1.444,0.0195,0x56...0f0e,https://bscscan.com/tx/0xb9426b78be5c91a0ff2107ae76a0a73a7984bc5511ecfe6743c629f76fe73179
2023-03-30 13:13:04,True,4.3306,0.01362,1.44429,0.0196,0x56...0f0e,https://bscscan.com/tx/0x45585f317c360b3d2fe2b2e3f88cc44f659256819dc51211468e53aa6271095a
2023-03-30 13:08:16,True,4.3204,0.01361,36.1906,0.4926,0x2d...7822,https://bscscan.com/tx/0x4374b0fabfb06411fd8179db15bfc4a914908c827ed5388575561cb8bbe08927
2023-03-30 12:52:40,False,4.279,0.01355,72.3662,0.9812,0x2d...7822,https://bscscan.com/tx/0x6ba3ee45fe8a5e7640bdbc853312660878a981ab1449a953d5f3bec714881162
2023-03-30 12:52:40,True,4.2966,0.01361,104.205,1.41877,0xb6...4942,https://bscscan.com/tx/0x45d2f9f035ddeae6d778060bcc568b1ba483e76509f114367dae2b4e1e6d9452
2023-03-30 12:50:03,False,4.2885,0.01352,40.3025,0.545,0x2d...7822,https://bscscan.com/tx/0x335b6a159660b68c31d590a3e4bc2288ac067b59b7ad81f1df78fb5bb293b6e4
2023-03-30 12:44:19,True,4.3104,0.01359,34.841,0.4735,0x2d...7822,https://bscscan.com/tx/0xf0243e2a1bcfa18678108cae84d32c61cef310215dc348ec4934a8c62507c47e
2023-03-30 12:42:01,True,4.2801,0.01356,38.2454,0.5188,0x2d...7822,https://bscscan.com/tx/0x59c91bb20add0a16b60ba67242d706914dd97a8ecc3be98281853a1cb3453326
2023-03-30 12:33:01,False,4.2784,0.0135,59.185,0.7993,0xda...6e1f,https://bscscan.com/tx/0x4d5b1c33b3870c866561090d821ae7f664a4da65b4a15088c206f3fa4c2ad4e6
2023-03-30 12:18:07,False,4.2665,0.01352,1.49724,0.0202,0x34...8793,https://bscscan.com/tx/0xc2b1e670590114666624ca43ce11a580e7ec544956ef1801da0aebec8cc9ddc7
2023-03-30 12:15:16,True,4.3061,0.01358,35.9941,0.4889,0x2d...7822,https://bscscan.com/tx/0xa759e9b17c49a9d1043d717ef38a1b61e6439c1f62b905218cbf752c109d7318
2023-03-30 12:13:28,True,4.2955,0.01355,33.1537,0.4494,0x2d...7822,https://bscscan.com/tx/0x2dcbbde285545441484964e87ab59442fc05e48484e9ea9e350dc52ae5934897
2023-03-30 12:10:58,True,4.2871,0.01353,36.2707,0.4907,0x2d...7822,https://bscscan.com/tx/0x4f41aa676a733724896627634e16487765a1b6bd8fefe1c77fbb5239be562d81
2023-03-30 12:09:24,True,4.2574,0.0135,33.368,0.4506,0x2d...7822,https://bscscan.com/tx/0x07bfe0f11259a55838db90c6d769849d52c607739ed45f8a92d761f70047125e
2023-03-30 11:56:30,True,4.2685,0.01348,9.18016,0.1238,0x2d...7822,https://bscscan.com/tx/0xd2ca407a442d632349378fe64ba00caa8426c3274a6dc02322b55b2070cee17d
2023-03-30 11:56:27,True,4.2617,0.01346,48.5576,0.6539,0xb3...55e7,https://bscscan.com/tx/0xc87bdb2c3b92c224ea26b8da86b58bcc94ff982190f7f3f63e13c7b588cab9e9
2023-03-30 11:56:24,False,4.2405,0.0134,49.4463,0.6625,0x01...867d,https://bscscan.com/tx/0x36754eb4fe9796bfb1c2765fbf959757b664179cb68ee915d6fd2abd6dc6723c
2023-03-30 11:56:24,True,4.253,0.01343,123.737,1.66296,0x2d...7822,https://bscscan.com/tx/0x6af77ae7166cf30ccfec0722d5c4d6d7c2e8dda2d2cb0a0bf5ead72a3ff087d7
2023-03-30 11:56:24,False,4.2317,0.01337,123.153,1.64683,0x44...49d2,https://bscscan.com/tx/0x8991bdf5e5363e8d4fa66508288c4cfc23bb68cd37b1c44c9fdf18228d82db5b
2023-03-30 11:46:55,True,4.2514,0.01346,47.1328,0.6347,0x2d...7822,https://bscscan.com/tx/0x57f4dc6ed1d4f0857ecb3bea330d58f321cbc586c7b38a0a805046df6c82e486
2023-03-30 11:30:22,True,4.2197,0.01343,33.9895,0.4567,0x2d...7822,https://bscscan.com/tx/0xd7b9133b92bd11a8faa77e96f0256d396b47cbbb6097f5bfa19459ee4ba09baf
2023-03-30 11:25:29,True,4.2121,0.01341,34.2322,0.4591,0x2d...7822,https://bscscan.com/tx/0x90047615b9e13e7da6505b3afdce227e8b79ec67c5bd3b52354970c0d890ca95
2023-03-30 11:25:29,True,4.2121,0.01341,34.2322,0.4591,0x2d...7822,https://bscscan.com/tx/0x90047615b9e13e7da6505b3afdce227e8b79ec67c5bd3b52354970c0d890ca95
2023-03-30 11:21:47,True,4.2241,0.01338,37.1377,0.4971,0x2d...7822,https://bscscan.com/tx/0x59fd4cc1a9e49b1c74218cd9f562d88b4a7bd0c97e112d4ab54948a652625ca3
2023-03-30 11:20:53,True,4.1942,0.01335,33.6178,0.4491,0x2d...7822,https://bscscan.com/tx/0xe5ad9cfe3e2fbde468b1846ffdb75a4c6694df7177753046c1daf428d2eb4331
2023-03-30 11:20:08,True,4.2108,0.01332,51.8326,0.6908,0x2d...7822,https://bscscan.com/tx/0x56f20356501c2d38dc0c6a1d372509597dc535d5d43330b622c63f1804bd16f2
2023-03-30 11:20:08,True,4.1889,0.01325,137.286,1.82018,0x11...a5bc,https://bscscan.com/tx/0x2cc8366b4eaec5f340591c44c5f2394ec4874e20f979b58b1b0fd64cd40b89d0
2023-03-30 11:20:08,True,4.159,0.01316,123.153,1.62116,0x99...4fee,https://bscscan.com/tx/0x05a5b70393d532fb6472a4353cfa7139573b0c64fac7a3d1811b52fea937e02f
2023-03-30 11:20:08,True,4.1351,0.01308,87.5897,1.14637,0xe7...7515,https://bscscan.com/tx/0x245676c0224016c94ca0990011a6867ff7df1c031f69911e8ae7893ace990ba0
2023-03-30 11:20:08,False,4.1635,0.01317,518.96,6.8389,0x2c...ebe9,https://bscscan.com/tx/0xba200e48a0fcb2ae6bc9e743ad9040f8ab52756a3e393ecc3429ba054f3927a5
2023-03-30 11:19:53,False,4.2056,0.01338,34.681,0.464,0x2d...7822,https://bscscan.com/tx/0x4e2d459224d61fa0f2379fa21e9a7405683215ca0b75f308157db32c1b17871f
2023-03-30 11:16:13,True,4.2232,0.01343,67.5825,0.9079,0x81...3cb0,https://bscscan.com/tx/0xeeec898b1135062ae5adc422e1e3aca57f82ec92a6e6128021b5752653dc6071
2023-03-30 11:00:12,False,4.2363,0.01335,35.5992,0.4754,0x2d...7822,https://bscscan.com/tx/0xcf4f5e3d10068058f7e1c8514cd5ae6356cf106f82e973548d5c3bebedc4dda1
2023-03-30 10:57:24,False,4.2439,0.01338,34.225,0.4579,0x2d...7822,https://bscscan.com/tx/0xde1ed67c4b1852e17e5902b86f417b1cd54b740cfed3092241e5fe3b3a5165ae
2023-03-30 10:43:42,False,4.2263,0.0134,33.7241,0.4521,0x2d...7822,https://bscscan.com/tx/0xb967608dd25ec0d48230a4c99e2121a5d6f072261c03dd8a594456af954f1c6e
2023-03-30 10:42:38,True,4.2489,0.01347,21.217,0.2859,0x50...8863,https://bscscan.com/tx/0x64f4eb9daadada64ccb793c34b37d843b2b9d38e3c951b21069c48efdd310768
2023-03-30 10:41:08,True,4.2419,0.01345,37.6733,0.5069,0xb9...0849,https://bscscan.com/tx/0xc989f049526e1069061a869b73fea5effb98c93a01b60b69755bed48370bab3f
2023-03-30 10:35:26,False,4.2404,0.01338,36.746,0.492,0x2d...7822,https://bscscan.com/tx/0x61adf2342c0182b0ebab2bc4f4f1cade6335aec9c9d4857ab2624c5814e11753
2023-03-30 10:35:14,True,4.2652,0.01346,9.75233,0.1313,0x4d...be5b,https://bscscan.com/tx/0x19ecb3b9c7d5f0bdf659b4bd1dca81d2e776658676fcc5a1be714cf639b3404a
2023-03-30 10:34:38,False,4.2467,0.0134,34.0194,0.4561,0x2d...7822,https://bscscan.com/tx/0x25158507147a36eee696c92445bd601c55103e568c2dcebbf04f21194004e951
2023-03-30 10:30:38,False,4.2546,0.01343,35.4727,0.4765,0x2d...7822,https://bscscan.com/tx/0x2c404d6497b98493d66b16f04b8c7ece513f036880b29bc9aef172d5485eaa34
2023-03-30 10:24:20,False,4.2418,0.01346,45.3196,0.6101,0x3e...a7c8,https://bscscan.com/tx/0x6bb9a47846e1114c87014370b2c90dd8c60cddd3a7d71b3ed397c7dc2f057642
2023-03-30 10:22:35,False,4.2711,0.01349,33.7601,0.4555,0x2d...7822,https://bscscan.com/tx/0x7184532852a6a4e7ca3313f8b85d035a5a55e283383cff91dd011116103c5461
2023-03-30 10:09:17,False,4.2755,0.01352,35.1508,0.4752,0x2d...7822,https://bscscan.com/tx/0x498ecb9e4261cf3fd96384f04c78818ef11ba0a9c91bd434cab48775a333319a
2023-03-30 10:08:32,False,4.2625,0.01354,35.7674,0.4845,0x2d...7822,https://bscscan.com/tx/0xc74ebabbf2c8f53eae701d1d7d9988bdbcbb964ae09c54d66933107b4b0fed7e
2023-03-30 09:55:16,True,4.3142,0.0136,53.8726,0.733,0x05...7eea,https://bscscan.com/tx/0x3e6bbd0b518486aa4db414366055d65069f7da346a7c9e6b7cba39ce787b3939
2023-03-30 09:55:07,True,4.3108,0.01357,35.8474,0.4865,0x2d...7822,https://bscscan.com/tx/0x0b3ee7fb0b663a44ae8fc4f614107e231663ea11b178ee7ef57aaf4e150c22c0
2023-03-30 09:54:13,True,4.2882,0.01354,39.4253,0.534,0x2d...7822,https://bscscan.com/tx/0xca1db9239f3a3b5d993b95fd714d5b1cf3d19cd21d7f929f264f2b9e3d78d5fd
2023-03-30 09:52:46,True,4.3073,0.01351,35.8966,0.4852,0x2d...7822,https://bscscan.com/tx/0x1dc4a4827e2ecd782f94be0e240fb9e324faf1216cf88a739658acc8b4133924
2023-03-30 09:51:10,True,4.2653,0.01349,33.982,0.4584,0x2d...7822,https://bscscan.com/tx/0x4ef8fc4fe5d22eab5d9be094a12bcc40b45cecef8c0936b8e7b6b378d003cdf6
2023-03-30 09:51:04,True,4.2758,0.01347,5.40595,0.0728,0xb9...4425,https://bscscan.com/tx/0xc245f84b217376380feb87ece4a70752b0466ef8138bf2565e5b60c6e075e00b
2023-03-30 09:50:58,False,4.2644,0.01344,89.3138,1.20033,0x2d...7822,https://bscscan.com/tx/0x07b870c46c807fba212b116353597867d33ff70c9456f65a48fbe4a23bdff030
2023-03-30 09:50:55,True,4.2945,0.01353,16.175,0.2189,0x27...0725,https://bscscan.com/tx/0x84f712371861a641989263fc21cbdd85ef9cfe17c90090452f47c476a32dfdad
2023-03-30 09:50:55,False,4.2764,0.01347,44.5267,0.6001,0x2d...7822,https://bscscan.com/tx/0x1b9aa3087b213ca5e33a4fbcef97dc10852e9fa131b2e6d92760e9b0a96e75c3
2023-03-30 09:50:52,False,4.2964,0.01354,123.629,1.674,0x2d...7822,https://bscscan.com/tx/0x39093bc3ae7cc08888a5b6b380e53c70479f2c395e6e3adca5b7d87ae602b323
2023-03-30 09:30:34,True,4.2581,0.01365,12.4972,0.1705,0xdc...c6dd,https://bscscan.com/tx/0x0f20709254d15f5496eb7a88401dc7b93bb8172801e5096314810da39e2a07b5
2023-03-30 09:30:13,False,4.2618,0.01359,45.9631,0.6248,0xa9...8cb3,https://bscscan.com/tx/0xbe80d89704557e38535d52f86d03f16adb607200d59e3cb0cb4aa04cf517a016
2023-03-30 09:17:59,True,4.2718,0.01367,12.8753,0.176,0x34...8793,https://bscscan.com/tx/0xce36864cbe7f65090fa7f1ddc7aa323082ad274882f48d63960d2fcec627c335
2023-03-30 09:16:32,True,4.2876,0.01365,35.4898,0.4847,0x2d...7822,https://bscscan.com/tx/0x885747bf2329ccf2de8b904b5db3bfdec5ca45316c0e3390e0616c1f58ce07d4
2023-03-30 09:16:26,False,4.2756,0.01361,114.35,1.55736,0x05...d359,https://bscscan.com/tx/0xf1cd534e8f0b90d6bc1da7dc5255fcabfb296f43ff3f9dd17e9e141f8ebbd554
2023-03-30 09:07:32,True,4.3121,0.01373,0.0108,1.486e-05,0x28...8b2c,https://bscscan.com/tx/0x452fad8f2c72d209ee34201dd89a89c6df5ed7ab956a12668a8d58da2a2b26d5
2023-03-30 09:01:23,False,4.2897,0.01367,34.5485,0.4724,0x2d...7822,https://bscscan.com/tx/0x3f85a758e1f3995539812882b02886c2192ed8015d8c4f34984c310e8766e35f
2023-03-30 08:25:50,False,4.3046,0.0137,40.6033,0.5564,0x2d...7822,https://bscscan.com/tx/0xf99fb5f9b9e0f0cf9e42658f59659343ed60eb6400dc9c6679e9da1ecb21f04e
2023-03-30 08:21:38,False,4.3091,0.01372,4.84235,0.0664,0x20...12b5,https://bscscan.com/tx/0xdca10a01bc6227a526844dcacdc91a8ae5747bb369f2ea1f1a7b3fefeeeff831
2023-03-30 08:21:23,False,4.2903,0.01373,35.7764,0.4914,0x2d...7822,https://bscscan.com/tx/0xedf6bb7e5ff9859056f73601b0ccee646da8d783a7f3b728deb6952254ba60c0
2023-03-30 08:19:59,False,4.3249,0.01376,35.5214,0.4889,0x2d...7822,https://bscscan.com/tx/0x860639b22c37ac85d3525fbcb6c9381e5eec56050bb49aa1f6b0255b346d49c8
2023-03-30 08:09:53,True,4.3462,0.01383,32.3298,0.4473,0x2d...7822,https://bscscan.com/tx/0xefa58c2b2b16e7fbf6c07b2f1bb4d7efa5e718cec81bd63ba4108c336d988c49
2023-03-30 07:48:14,False,4.3216,0.01376,33.6411,0.4631,0x2d...7822,https://bscscan.com/tx/0x536227ad00162289e70a1dfa92a03a0f8d08a43c13beb3028c359ee3e19ab526
2023-03-30 07:29:47,False,4.3113,0.01379,35.581,0.4908,0x2d...7822,https://bscscan.com/tx/0x9b9d773c8c474f30e7931194aa75e9e99c4b52e49e61d0e78ba86786590094d6
2023-03-30 07:29:17,False,4.32,0.01382,35.4555,0.49,0x2d...7822,https://bscscan.com/tx/0x27119ed146f3836506b192441c640992eee8ae24d3e16e156fe7d392aa7a5827
2023-03-30 07:24:47,False,4.3292,0.01384,32.5114,0.4502,0x2d...7822,https://bscscan.com/tx/0x4837ae5d85d32989483a84d47d6e28010228dde842e7f87db9fa964fa7217592
2023-03-30 07:11:26,True,4.348,0.0139,56.1156,0.7804,0x0e...7558,https://bscscan.com/tx/0x6c148b276c7f7e9a370a18b91dd2388241a356f69b0d2a7ed0b2f4f434667188
2023-03-30 07:11:23,True,4.3389,0.01387,18.1908,0.2524,0x2d...7822,https://bscscan.com/tx/0xa6c9d6432879372e5c8060422f368f672a4f240b30f2b2a5295262d1de85105f
2023-03-30 06:52:17,True,4.3552,0.01385,32.9067,0.456,0x2d...7822,https://bscscan.com/tx/0x2f7f6d09149dbf59e66dc1f92708b30eab598b10b0b74d543d3fab9f84f02334
2023-03-30 06:51:02,False,4.3368,0.0138,61.9725,0.8552,0xd6...e942,https://bscscan.com/tx/0x87762bed6f7d34297300131cac6226001c6e9a2df67b877911415f96d966fdf8
2023-03-30 06:44:26,False,4.3499,0.01384,46.1497,0.6388,0x91...79fe,https://bscscan.com/tx/0x08948649ae01e27d7f340c7325fc4060155802d80008f9e6a65e4c0cf06ad504
2023-03-30 06:40:35,True,4.3535,0.01392,21.9061,0.3051,0x1d...f6dc,https://bscscan.com/tx/0x98b8ad748bad6b3b12b142d05fce50025b3c4768835138a1b39015f55c86a610
2023-03-30 06:36:53,True,4.3688,0.0139,32.6222,0.4534,0x2d...7822,https://bscscan.com/tx/0x317000df7a10ce661457e34aaeddb878f9513ea1914cd986d35b5995f010f8f8
2023-03-30 06:35:47,True,4.337,0.01387,46.2245,0.6411,0x2d...7822,https://bscscan.com/tx/0x608cc9edbd219720706dd531ac00dd4da73a84bf88dfc22b9f15b799d047480c
2023-03-30 06:35:44,False,4.3153,0.0138,46.4026,0.6403,0x8e...6665,https://bscscan.com/tx/0x0099ce9499c9056debfef4891e15dfed8043e220cf590619bb740b0d7e4e3f88
2023-03-30 06:35:44,True,4.3422,0.01388,3.55198,0.0493,0x2d...7822,https://bscscan.com/tx/0xe174c3e5eefe6e0b136640b34297f3dba3c3ac761ec0d25fe2d46c99f445ec9f
2023-03-30 06:34:14,True,4.3626,0.01388,7.20349,0.1,0xa8...8a78,https://bscscan.com/tx/0x1b1c19b2cdea70fdcfc4ce9d9d750d03ddec27327625eefbf662e4d362333437
2023-03-30 06:32:10,True,4.3562,0.01386,32.7694,0.4544,0x2d...7822,https://bscscan.com/tx/0x05a54c4c10100987c7c1c15cd84cb409c4630110d793b41f1b9b5dcf76cac403
2023-03-30 06:30:25,True,4.3272,0.01384,32.5991,0.4512,0x2d...7822,https://bscscan.com/tx/0x11e9058368e04bc0c3f31c30d7c217cbf527db7cab9226fd072e33364165afe7
2023-03-30 06:25:24,True,4.3117,0.0138,72.9004,1.00604,0x00...78d2,https://bscscan.com/tx/0xdd91efb9609ef6a1f19a09da4d1cec53b73aeef0fcb6de3dd8e4ebfe259e6133
2023-03-30 06:18:54,True,4.3207,0.01376,20.5971,0.2835,0x16...1432,https://bscscan.com/tx/0xed2680f678741d47da8049af874c45080a755a92e2fc91048afac4c968824990
2023-03-30 06:16:30,False,4.2731,0.01369,16.8885,0.2312,0x0f...2b78,https://bscscan.com/tx/0xb1616879471819693581fb96801e8c91f0ddaaafe94ed2e9c075a698ab559e15
2023-03-30 06:16:09,True,4.3133,0.01375,37.7785,0.5196,0x2d...7822,https://bscscan.com/tx/0x8e88c14831e8dc8480cf669dcd88fd1a0bf26967ae02c3df76451c7ad5755a35
2023-03-30 06:13:03,True,4.2813,0.01372,38.9917,0.5351,0x2d...7822,https://bscscan.com/tx/0x869ebb7be9b305ad4de3deb6281f085a970fdd14f8a95d50d46d40fb3f3c252e
2023-03-30 05:47:36,True,4.298,0.01369,39.4895,0.5408,0x2d...7822,https://bscscan.com/tx/0xd42d6f06c865aac82d0bf82b01c5e9ea27b2e87a80de231a47f7e1c0d1d71162
2023-03-30 05:39:30,False,4.2789,0.01362,38.7267,0.5277,0x2d...7822,https://bscscan.com/tx/0xf4f56600c0c6d7c95c2a914866614f3c0b2ae39d145974c08cfd4e0694396ae1
2023-03-30 05:29:33,False,4.2756,0.01365,33.6987,0.4601,0x2d...7822,https://bscscan.com/tx/0x044baf436314f7e02d8b90b580e45157c5e02d32b2bece0e95addc885e3c2203
2023-03-30 05:28:47,False,4.2638,0.01367,33.1571,0.4535,0x2d...7822,https://bscscan.com/tx/0xb69813a988cd42040ab7c5d85a8b5aae3cf359c84e4dc9622c93bff15a2c6c54
2023-03-30 05:25:02,False,4.2941,0.0137,33.0637,0.4531,0x2d...7822,https://bscscan.com/tx/0xd43c193a19770fbd04fd4b6946f500ebfdcdef4409a05a8e1c7a36a3b8c3e7dc
2023-03-30 05:17:32,True,4.2778,0.01377,38.0428,0.5239,0x2d...7822,https://bscscan.com/tx/0x46df025fe36c7410f5d8936d66f81fcac0752031d269461dec7a755b02469cce
2023-03-30 05:13:40,False,4.2682,0.0137,32.6768,0.4476,0x2d...7822,https://bscscan.com/tx/0x3965fbb824d2214a903c922619d70625e2d3504806fff973806f718f6482c3b4
2023-03-30 05:10:43,False,4.3029,0.01372,39.6421,0.5442,0x2d...7822,https://bscscan.com/tx/0x96928527b97a8483afbe483a8949694abb18d833b92dd50d86f7be3d61d8ade1
2023-03-30 05:08:22,False,4.3172,0.01375,35.8522,0.4932,0x2d...7822,https://bscscan.com/tx/0x57a6b05872a6b1a24da9069aa0d2e0d86b7751479cd43362792b170cfc0c0780
2023-03-30 05:08:07,False,4.3096,0.01378,39.7674,0.5482,0x2d...7822,https://bscscan.com/tx/0x046546e91477b62a0347da5f60da22182a860c8dbab6577bddcbe3e6be4bdcdc
2023-03-30 04:59:43,False,4.39,0.01381,43.8892,0.6065,0x88...737f,https://bscscan.com/tx/0x5100b6dc3e3abe8a0e38b74658b5961a41e51fbfa69733c1a0d9b6958bc26650
2023-03-30 04:57:49,True,4.4131,0.01389,32.6343,0.4533,0x2d...7822,https://bscscan.com/tx/0xf59f21c5276ae44e4e8a72b62d53dbe745ee873f3b0c45fc41c2d4bea62dda38
2023-03-30 04:54:52,False,4.3696,0.01382,33.3597,0.4611,0x2d...7822,https://bscscan.com/tx/0x3b62ca805c0fb9bc8679a8cb50fd8476db7039f455f1a34ae0670045a9ee805a
2023-03-30 04:53:10,False,4.4021,0.01384,32.4018,0.4487,0x2d...7822,https://bscscan.com/tx/0x7000c3e2fee25439827e65a933f2ff44c8f10a3554b8b64463d7400674e4f9cd
2023-03-30 04:48:58,False,4.3924,0.01387,35.5377,0.4931,0x2d...7822,https://bscscan.com/tx/0xac49c672fdfaed3f3de318051da80bcb31d4df66a7a1f5063b9bd321aaea461d
2023-03-30 04:45:25,False,4.4228,0.01389,1.19297,0.0165,0x1d...f269,https://bscscan.com/tx/0xe25e9cb17de10dd1ef4049ab135adaaba2852d39a26f3e24867cc25ec759ff2b
2023-03-30 04:41:46,False,4.4271,0.01391,58.4762,0.8135,0xda...6e1f,https://bscscan.com/tx/0x0cba8891b377ccf1cf16fab8c6f93451306291877e6591c5464bca36e9dc88e6
2023-03-30 04:38:10,False,4.4027,0.01394,12.9984,0.1812,0x7f...3696,https://bscscan.com/tx/0x5c66e66c4a765e912b79b2ca3f588e15c0252f89fbdf39f59388b1091914f32b
2023-03-30 04:37:58,True,4.4247,0.01401,3.56762,0.05,0xa8...8a78,https://bscscan.com/tx/0xcbd142996a9735a9010048f1bec898778e5dfaed06aa5471485132ac7bb50d3c
2023-03-30 04:36:04,False,4.4218,0.01394,2.09376,0.0292,0xdc...c6dd,https://bscscan.com/tx/0x7ab04f915fb3aee89185aa82d9daf00cd3bd1a4852de992e40d4da760b7ccb85
2023-03-30 04:35:25,False,4.4252,0.01396,46.3166,0.6467,0x91...79fe,https://bscscan.com/tx/0x5244351a8d9134fc6f9653a0909971c57b8cc91f3600feda2538afa9230437cd
2023-03-30 04:35:19,True,4.4407,0.01401,98.8372,1.38497,0x69...3a41,https://bscscan.com/tx/0x2ebef6b7ee3ba23d79d07971e5e3e74f6852692d94bb49044260e8316f60e844
2023-03-30 04:32:22,False,4.3809,0.0139,3.03433,0.0421,0xba...b306,https://bscscan.com/tx/0x9f96b1350ff8f5fb5bc769e69a41f9f80d344a410865e55a448983d820582ea4
2023-03-30 04:32:10,True,4.4162,0.01396,27.1906,0.3797,0x2d...7822,https://bscscan.com/tx/0x3c0357bcf60a89e3b3b5661fc1ccfda91c3a7dfc1ecce807ec228ae9b2994a59
2023-03-30 04:31:46,True,4.404,0.01393,46.997,0.6549,0x91...79fe,https://bscscan.com/tx/0x310b95e9f4d451a06a6ce66dd747b9cc7292b511afb9615b9b3b476259ce4551
2023-03-30 04:26:10,True,4.3666,0.0139,39.8264,0.5536,0x2d...7822,https://bscscan.com/tx/0xf565e0b3237c6a68213f0c253fe6de5d1c0effb490b846bc2f88c81f6a5687c9
2023-03-30 04:25:31,True,4.378,0.01386,45.71,0.6339,0x2d...7822,https://bscscan.com/tx/0x1ae5ec3d7f430fc0040963889d7956a66eded3fa8fe17c934eb897c75966c1b3
2023-03-30 04:24:28,True,4.3683,0.01383,33.8739,0.4687,0x2d...7822,https://bscscan.com/tx/0x7056332178562fa6e49d5ad1aa7ca5ee810f669644587ec4854736b2cdac2c1c
2023-03-30 04:22:10,True,4.3594,0.0138,44.0076,0.6076,0x2d...7822,https://bscscan.com/tx/0xe12f2ca7acc1c3105271c3cd3001fbde10bae04117b7c6727fa3996b6b2bb986
2023-03-30 04:21:13,True,4.3455,0.01377,46.6542,0.6425,0x2d...7822,https://bscscan.com/tx/0x8c0a2a550e15c3d6fcaf272d9528df8d7f48ad07244a214178106ce88e460b05
2023-03-30 04:16:19,True,4.3104,0.01374,36.3482,0.4994,0x2d...7822,https://bscscan.com/tx/0x47c43320da49351ea83d6f9e5fe51f3c10f5e9cdaa4887c95014c31bb52af454
2023-03-30 04:05:04,True,4.3005,0.0137,44.3397,0.6078,0x2d...7822,https://bscscan.com/tx/0x456ebc520a00667ac1b53db30d02660c62c50a962d6b735d5aa1cc7a7ea26b2c
2023-03-30 03:59:22,True,4.2853,0.01366,75.0,1.02479,0xf6...d2f4,https://bscscan.com/tx/0x3da3e892508406d2fad96346752f551be8e7228351043520474949c69062cf61
2023-03-30 03:11:25,False,4.2278,0.01358,36.6893,0.4982,0x2d...7822,https://bscscan.com/tx/0x78e10074d1dc3fe0c4af0149366be8a7aa0b5512631acd0467a9c7bc2448406d
2023-03-30 03:11:16,False,4.2364,0.0136,36.5492,0.4973,0x2d...7822,https://bscscan.com/tx/0xba9005294f4282449f03d92814b9d59fc5c2984782b4521004fcbae8649f34df
2023-03-30 03:09:43,False,4.2677,0.01363,40.0766,0.5465,0x2d...7822,https://bscscan.com/tx/0xacc6431b67ae974137e540fb9d33cf4ac0774cce062763dd4a00bc1afe4a4813
2023-03-30 03:00:40,True,4.2876,0.0137,39.2033,0.5373,0x2d...7822,https://bscscan.com/tx/0x37ae72bbbfe6a92466d9370c4d0f94cadd0e1213a0eafbea126ae142c13da718
2023-03-30 02:55:22,True,4.2799,0.01367,46.7,0.6385,0x2d...7822,https://bscscan.com/tx/0x3a4fe3f0871490d5a0c1dd95c21d193e804b54a43aefccba08ef3078005dab8d
2023-03-30 02:55:22,False,4.2642,0.01362,94.2758,1.28437,0xb6...4942,https://bscscan.com/tx/0x8069b472971becf6b524efd233cb6ea96c9fd2e5b95f4d27b5c35a3ea34163b5
2023-03-30 02:53:19,False,4.275,0.01367,35.7378,0.4886,0x2d...7822,https://bscscan.com/tx/0xe51e4fce5437af70edc44a45d9065970906b8c9f09990e68cb07e50fe9b974b4
2023-03-30 02:50:31,False,4.2874,0.0137,35.5426,0.4869,0x2d...7822,https://bscscan.com/tx/0x91733631ea58c5a485a302a65b9750a76d1a1a6f301bf2e006d67a831a85b628
2023-03-30 02:48:46,False,4.3197,0.01372,33.5123,0.46,0x2d...7822,https://bscscan.com/tx/0x6bf6152f5c1ef1be7902ae419956c0e71124a7b0815de525b601bdd3479e6977
2023-03-30 02:36:58,True,4.3185,0.01379,34.3658,0.474,0x2d...7822,https://bscscan.com/tx/0x3a4873e3483f6f0ec20ddadd1b804688856e9631ccaae2eff6111bf5df247646
2023-03-30 02:33:25,False,4.2967,0.01372,34.7047,0.4763,0x2d...7822,https://bscscan.com/tx/0x3542e307a1e655b19f0a335fd2d8a84ad7a8906f55e0c6ee8eefc77b1c4beabf
2023-03-30 02:31:58,False,4.3265,0.01375,33.6038,0.4621,0x52...1c7e,https://bscscan.com/tx/0x96ea8af72c7b47155a4312161ac54266be0a1d0d127f2335b9973271d1da19e3
2023-03-30 02:22:55,True,4.3249,0.01382,37.8821,0.5235,0x2d...7822,https://bscscan.com/tx/0x60df450e944de67faed844f811c89b489c7b17ba2ca75df839c7d7f1ac8fbbfc
2023-03-30 02:21:31,True,4.316,0.01379,32.7441,0.4516,0x2d...7822,https://bscscan.com/tx/0x8f6d728ea8d32ff39571aef73d58a027d5bb29907981e9a82cf540bd457dcf91
2023-03-30 02:20:10,True,4.3329,0.01377,6.54573,0.0901,0x2d...7822,https://bscscan.com/tx/0xa491200a289b1027a6b6d519d9c223e6759aaddce7d65d886c0de75631e682c0
2023-03-30 02:20:07,True,4.3222,0.01374,81.7905,1.12408,0x00...78d2,https://bscscan.com/tx/0xe6ff93b6c658f6de1f286dc961517c5578e6c9468e35179c5381358e370346e3
2023-03-30 02:06:49,False,4.2988,0.01366,64.3512,0.8795,0x00...78d2,https://bscscan.com/tx/0x709da3f1c609635030c35d251161aa8e7e87a27e66d7b33c33b4eca2504ed284
2023-03-30 02:06:40,False,4.2901,0.0137,42.7207,0.5856,0x2d...7822,https://bscscan.com/tx/0xd052294298c0ec6f852f81c1b3e2a49980fde6159715cd5c644877c7fbeea0db
2023-03-30 02:04:49,False,4.3,0.01374,39.9323,0.5487,0x2d...7822,https://bscscan.com/tx/0x1409681cd9b5b2de312be658a25480f7d34c57ced6da89e32368c98f63bc5e07
2023-03-30 02:04:13,False,4.3304,0.01376,34.0791,0.4692,0x2d...7822,https://bscscan.com/tx/0x20ba84b4b3ba10d37c995e6e11df02e55a0eb98f89a66e55921859c73609ee84
2023-03-30 02:02:22,False,4.3176,0.01379,36.1014,0.498,0x2d...7822,https://bscscan.com/tx/0xb16a2c97f6c30ae2bfd311cbd556e466420ba26849a6324ed56feb4679c72af9
2023-03-30 01:57:16,False,4.3228,0.01381,0.9681,0.0133,0xd7...ae5f,https://bscscan.com/tx/0xefd1a822b210401e6443f3e642f1666aa62a15b2c93584f3ca651a6ee33cb67a
2023-03-30 01:55:10,False,4.3261,0.01382,36.9492,0.5108,0x2d...7822,https://bscscan.com/tx/0x1866119aae488fcdbca6c99902d5b073bc9e78e1b15b76f70a267b838e99db9c
2023-03-30 01:43:22,False,4.3567,0.01385,41.8625,0.58,0x2d...7822,https://bscscan.com/tx/0x4c2d3781f28d954eff23308a43e567bc019b8665efb027624c307dfad5a1834d
2023-03-30 01:41:28,False,4.3441,0.01388,33.2811,0.4621,0x2d...7822,https://bscscan.com/tx/0xfa47d99d40d8022940673f12196e56c0de5f6277bae9f616d1af3ebf9846041e
2023-03-30 01:41:28,True,4.3605,0.01393,77.1242,1.07493,0xea...0fa9,https://bscscan.com/tx/0x90c0adc6ec2171b3f77c88b21c642145df53336dce7729cf36e27a39c09688a4
2023-03-30 01:36:10,False,4.3518,0.01384,12.2865,0.17,0x7f...3696,https://bscscan.com/tx/0xfcafe3712059628c3c4d19281ec1bb21f67526e7fd1f1a8c10afc12d196c31cc
2023-03-30 01:35:58,True,4.3745,0.01391,4.59926,0.064,0xdf...3731,https://bscscan.com/tx/0x91b7cc961998e28f7a1b2dce8c38c2acb30f5767769acdb411e7ee3bb818cc06
2023-03-30 01:35:37,False,4.3575,0.01386,44.9394,0.6229,0xda...6e1f,https://bscscan.com/tx/0x36b8e8077199fccded3acd164c6f1e3c0d49e8a371461613e4b8e1e5477dbe09
2023-03-30 01:27:46,True,4.3565,0.01393,48.036,0.6691,0xa0...cc8d,https://bscscan.com/tx/0x1491b93bdf8d8454559dfe0b08bd58947ddf45fa3ca09a2541d0db7abfb5b6a7
2023-03-30 01:27:19,True,4.3448,0.01389,47.875,0.665,0x00...78d2,https://bscscan.com/tx/0x6946997ac4e79eb52820098b571463a09125511c501bca8aae67f23fc95c1c0d
2023-03-30 01:26:07,True,4.3333,0.01385,48.1101,0.6665,0xaf...847e,https://bscscan.com/tx/0x00b995f12ad1927a69c24bbbf25729c52fbf0f05f252c4a8a0db8c6f9df74700
2023-03-30 01:13:49,True,4.3213,0.01381,46.0943,0.6369,0x7a...c707,https://bscscan.com/tx/0x5a18f39c401caf350ed62b54236ecfd2b52c77ab990eeed4b58434217e8850b1
2023-03-30 01:04:07,True,4.3084,0.01378,49.4367,0.6813,0xaf...847e,https://bscscan.com/tx/0xe6b2d683635bff29686b3d67b0e0e26b675ddc75b4dd60e11bc3b782dcdec103
2023-03-30 00:58:28,True,4.2948,0.01374,48.5227,0.6668,0x05...7eea,https://bscscan.com/tx/0xcd59d64fb6c314d4951e66a98242093c0cc9882dd40a5a1365689aa2930864f0
2023-03-30 00:49:40,False,4.2929,0.01366,25.8458,0.3532,0xb5...31bd,https://bscscan.com/tx/0xeac701a24a5dd929fb8feb9b1f1334ca94915582f2463d5e42ff389c259cb0d6
2023-03-30 00:21:13,True,4.2913,0.01372,53.9876,0.7409,0x56...0086,https://bscscan.com/tx/0xc72947ec5b834effd5bd6efdb5666c593920ee59841149e149705424c79666e2
2023-03-30 00:21:07,True,4.2796,0.01368,43.2148,0.5914,0x9d...6dab,https://bscscan.com/tx/0x6a5e8218bdba7cb2eb514809210dd13ff395d1351346c262a5b708f83745872a
2023-03-30 00:14:43,True,4.2689,0.01365,47.2071,0.6444,0xb3...55e7,https://bscscan.com/tx/0x8cdf8b4d239f6bee23f3ec79d7b107c77b3c31181dac51d575bc536c8a4b3de9
2023-03-30 00:09:04,True,4.2738,0.01359,95.6027,1.3,0x0f...8280,https://bscscan.com/tx/0xdae97467b2c6f6b500b4480c8e92affe09b03772b7774cbd3dab0b6b622cdff3
2023-03-30 00:09:04,True,4.2577,0.01354,39.9045,0.5405,0x2d...7822,https://bscscan.com/tx/0x8b919a122b1a3c671d565089815e82722aee3b634bb5c08b5c25d3cdc5066801
2023-03-30 00:09:04,False,4.2555,0.01354,201.0,2.72148,0x5a...4142,https://bscscan.com/tx/0xe5d4bddd62a25b255ff7b40b4cad7509cd0d91f581707697e31d8c8de7a37e72
2023-03-30 00:05:04,False,4.2848,0.01363,39.6594,0.5405,0x2d...7822,https://bscscan.com/tx/0xc9d7b60a6d22431141d715bb04ee66e5550d7bfb1dfb1b90c06976f6ba9ed557
2023-03-29 23:51:10,True,4.3277,0.01369,45.7336,0.6263,0xc3...157a,https://bscscan.com/tx/0x6dd7c5c32cfce15827d051062c60b0e4a361b09243739f0f8a4bfdd9d16dce9d
2023-03-29 23:37:25,True,4.3278,0.01368,13.7356,0.1879,0x14...b438,https://bscscan.com/tx/0x0699e2b9505c64b20f8ebcd0c926d13d33a5e9ba43f737d0ab69609640110a82
2023-03-29 23:25:28,True,4.2952,0.01365,45.8362,0.6257,0xf9...5ebf,https://bscscan.com/tx/0x3d1e747d96b1e10170b13800cb07838f9f9bb5479bc9e07664dcd606ad173037
2023-03-29 23:06:40,False,4.28,0.01357,36.7607,0.4991,0xe6...ab44,https://bscscan.com/tx/0xf245783699077e8b66b731eaf69c65b5bad10087e1aed3305baf94f72387e55a
2023-03-29 22:43:46,False,4.2974,0.01361,57.6099,0.7843,0xed...4f31,https://bscscan.com/tx/0x13b7335e7eeeef94702ec5cf25438ab7ecfec543ea6d769e6a93363a7ddeffe5
2023-03-29 22:37:43,False,4.3332,0.01365,57.3957,0.7839,0x62...1f10,https://bscscan.com/tx/0x0d68da60c147baa1dde8e1643b5bc97eaf1b1f68f0dc46a7934a0214e0d59cb3
2023-03-29 22:32:07,True,4.3625,0.01375,1.0809,0.0148,0xae...d6bd,https://bscscan.com/tx/0x4ce402367f9a894feab1325c4058ffb03fe7df026a7d271cd95b5817ad6b000d
2023-03-29 21:52:57,True,4.3281,0.01372,50.4425,0.6925,0x0e...7558,https://bscscan.com/tx/0xb9d29d9eaad907e2be92c9a47dbc8136cc275dbc4abfd7b7b1858e136b198e1b
2023-03-29 21:49:54,True,4.3383,0.01369,49.451,0.677,0x56...0086,https://bscscan.com/tx/0xb370ee4afa40785c505f423692c1fba3c1186ed64df3bfa8e1277e0cb55c4788
2023-03-29 21:38:59,False,4.3151,0.01361,26.1876,0.3565,0x47...6dff,https://bscscan.com/tx/0xcb1d2f848297fc88249a9db037e704483334427cfacc0801f870630f17c72ca8
2023-03-29 21:21:35,False,4.3188,0.01362,10.0,0.1362,0x66...3035,https://bscscan.com/tx/0xb7bfd15535962f06bf515d841e898e9d0c84ed0361f97c036e889ab212fde395
2023-03-29 21:04:45,True,4.3357,0.01367,53.8528,0.7366,0x00...78d2,https://bscscan.com/tx/0x53ea5e8b67ac47507fc5f77b6e4fa9fcdc040027a5f485e23152b34dce1bb8b1
2023-03-29 21:04:18,True,4.3249,0.01364,36.2483,0.4946,0x00...78d2,https://bscscan.com/tx/0x181a9a15a94eab1cab1f7d47ed8f69345fab1ef1eb1fc7178b5ad9fbf7f25dd2
2023-03-29 20:56:42,True,4.3051,0.01358,128.149,1.74058,0x00...78d2,https://bscscan.com/tx/0xffb0b4f1c584c7e8a13bcdbd6f6a890521622b8c73707f197fbe2a1bab3675e4
2023-03-29 20:56:39,False,4.2706,0.01347,19.1366,0.2578,0xb0...2881,https://bscscan.com/tx/0xcf1d179355a36f9c61d3c64f99f01ed3a1dafaec94d586a98e6ed28dd2325390
2023-03-29 20:56:39,False,4.2874,0.01352,121.936,1.64939,0x55...6d5e,https://bscscan.com/tx/0x48397731540e8cbd5eb90bbb8f6c38ec9da1e55ea672782353dce349afc4a266
2023-03-29 20:54:46,True,4.3198,0.01362,32.746,0.4462,0xda...6e1f,https://bscscan.com/tx/0x6e4550afaf94f203d68a5705faf8dcac2d8c4ea12dd2a8b095279052fb545692
2023-03-29 20:54:46,True,4.3153,0.01361,4.40042,0.0599,0x2d...7822,https://bscscan.com/tx/0x3b212efd0d062d8f463aff2af92a26c6246c94046498826c04b5ef62f86a2202
2023-03-29 20:54:46,True,4.2889,0.01353,235.048,3.18034,0xd6...f5d2,https://bscscan.com/tx/0xc63d9092791fac7fe716cc2103691547ff3838e574816882b416b9d44b9cc0bc
2023-03-29 20:54:46,True,4.2446,0.01339,121.936,1.63283,0x66...c871,https://bscscan.com/tx/0xb39de560bbfab940d61e58d15179bf381abae708bd27dad76e85775d4b537cc1
2023-03-29 20:54:46,True,4.2193,0.01331,94.6822,1.26034,0xe7...7515,https://bscscan.com/tx/0x0d3d13369d249031b936a53e57bc17dfd06df30b42bcd659078f2d37c3488b0e
2023-03-29 20:54:46,False,4.2474,0.0134,514.991,6.90072,0xea...9991,https://bscscan.com/tx/0xe707601b401a74caada7112863b3f33464438d07eda0dbf0f02eb216da121b1e
2023-03-29 20:46:12,False,4.3149,0.01361,59.5513,0.8107,0x8b...88f6,https://bscscan.com/tx/0x3abe1721f23a06f7d0d10b59e1411ca9584bce317c15ebbc4a9ed6b97c6306ef
2023-03-29 20:19:43,False,4.3024,0.01365,59.8194,0.817,0x8b...88f6,https://bscscan.com/tx/0x6d196bcd57977eb8a2019101b3e4e2b9e319cfbd0e0cdba8b683faffa3678c7e
2023-03-29 20:11:13,False,4.338,0.0137,59.6575,0.8175,0x8b...88f6,https://bscscan.com/tx/0x286503ec934a73a929113120f2a3a10bee46fbffca741e6e642026c3aa1c815a
2023-03-29 19:57:27,False,4.3336,0.01375,58.9917,0.8111,0x62...1f10,https://bscscan.com/tx/0x76de14215466c0cbf70ecd0f857bbca517f863d01934b0aaf4d61ebe4656f9e4
2023-03-29 19:42:35,True,4.3548,0.01382,50.5589,0.6988,0x71...69e3,https://bscscan.com/tx/0x6af49e9b913d1b1a7ee5c4e1d0f8d3c25b757db7b3d47a57eaae603fc7925e04
2023-03-29 19:27:41,False,4.3261,0.01373,11.69,0.1606,0xda...b9bd,https://bscscan.com/tx/0x8dd3f2b3b439a00b0b96043947fd35d45e857f30e30fa0f38d2ecd0f5b682f8e
2023-03-29 19:21:56,True,4.3649,0.01379,44.3421,0.6116,0x34...7c76,https://bscscan.com/tx/0xeb774b00d836ffa3bcb2a18ccdee3d40556cb42babe9910f0ae3cea1cbef1d56
2023-03-29 19:15:53,False,4.3232,0.01372,48.6544,0.6679,0x91...79fe,https://bscscan.com/tx/0x423baf9178d49254811b80342788a76d6a804c0183c4c3cb7507e772c076d2d8
2023-03-29 19:15:47,True,4.3424,0.01378,68.731,0.9476,0xb6...4942,https://bscscan.com/tx/0x064ad24fb5fee654b36ac90abfe413202d4ff6a568b6170e062d0b5a64bb7e1e
2023-03-29 19:13:17,False,4.3195,0.01371,60.8189,0.8342,0x8b...88f6,https://bscscan.com/tx/0x36c4b9208470941d4e140d18e7df60ad1de27d4550a0a50237c5b1bdd736d9da
2023-03-29 19:11:50,False,4.3507,0.01374,12.5336,0.1722,0xbb...c106,https://bscscan.com/tx/0x2ad350a9048b9e85acdf0455b164b1d90f7551bbe104e3a6d1096c3dfa579115
2023-03-29 19:11:38,False,4.3527,0.01375,3.76517,0.0517,0x0e...2f4c,https://bscscan.com/tx/0x2e46226cde89f890409987154e06276609ae4eae9206409d999400fe95774dfc
2023-03-29 19:11:35,True,4.3609,0.01377,114.35,1.57542,0x05...d359,https://bscscan.com/tx/0x06ee3d7d033d5b8ffc44355fe10c0ab6b61a98394a2e13bb4acb0c753cb0f472
2023-03-29 19:08:29,True,4.3175,0.0137,63.0156,0.8638,0x00...78d2,https://bscscan.com/tx/0x3890c43dc752ed22634d48857be13bbaaceb7214df5672de270a46b066cb200d
2023-03-29 19:04:32,True,4.3249,0.01366,50.7359,0.6933,0x00...78d2,https://bscscan.com/tx/0x4dc6716a6022151174094fbfb8bee7bf84ad1867dd0f1f79889cb9a5f6ef3157
2023-03-29 19:01:14,True,4.2904,0.01362,52.5486,0.716,0xc3...157a,https://bscscan.com/tx/0xeee4480f5e17b8caa2051f3407b9ecc2f96286dc6b5220249a19cbf88bb390a0
2023-03-29 19:00:59,False,4.2712,0.01356,70.2375,0.9527,0xb6...4942,https://bscscan.com/tx/0x9ee1e185726cbd8aea0507bf6baada9a1ef0d86d7e01800c657d8d5c95572463
2023-03-29 18:45:44,True,4.3173,0.01364,49.3051,0.6725,0x00...78d2,https://bscscan.com/tx/0x69693829d8692facc5f0615135a7e8f1fcf78db217a523e9ab884828e7c65bd1
2023-03-29 18:34:29,False,4.2713,0.01355,3.51144,0.0476,0x41...b908,https://bscscan.com/tx/0x7540b27e8aaf5310d17d863e7cdbdfd5ad83f28d71f5ff14186f510e90d85ec9
2023-03-29 18:02:16,False,4.2805,0.01356,33.0343,0.4482,0x03...9fa1,https://bscscan.com/tx/0xa3803c664e260f74b7dd67fe14ae615f69ddd4fe27ba8a221449bc2801d693d1
2023-03-29 17:58:46,True,4.3046,0.01364,10.0,0.1364,0x6d...ee51,https://bscscan.com/tx/0xfac052ac9c4a1eb584cd1a273ad50b47ea94c96422e7c37656d4ff3c7eb56184
2023-03-29 17:24:06,False,4.297,0.0136,84.9049,1.15524,0x5a...6651,https://bscscan.com/tx/0xa1bd4e3055731cce1c72080696dae3fdde49f74b4a28d290d2a278fda58412b3
2023-03-29 17:22:08,False,4.2842,0.01363,0.7003,0.0095,0xfc...f9cc,https://bscscan.com/tx/0x513aecc8e2982dddf178d1a08997951b64fc6dcf9d4ddf902bdea4ba053e8862
2023-03-29 17:20:44,True,4.3193,0.01369,44.6432,0.6111,0x2c...015a,https://bscscan.com/tx/0x694a5baec642e48f94a893192abbce8be87a819b20eb1456430f7d6e703fc27c
2023-03-29 17:18:17,True,4.2873,0.01365,42.0665,0.5745,0x6d...ee51,https://bscscan.com/tx/0x9d44c3b4283e1c0851c6aa3a3570c5f9e22aabb7ae4bdfebfe0636d7e46dc7ad
2023-03-29 17:10:00,False,4.2651,0.01358,48.0,0.652,0x6e...54a1,https://bscscan.com/tx/0x66be116d6edfda81d71e95067b6e2d525351daa8fdecda314622d9d385bf96bd
2023-03-29 17:08:24,True,4.2843,0.01364,91.9354,1.25425,0x52...1c7e,https://bscscan.com/tx/0x8afcf61e3caf3be6a6babe98cc0ef7cf1b26499002af6add2a33d401be7104f3
2023-03-29 17:08:21,False,4.2613,0.01356,75.0,1.01762,0x81...3cb0,https://bscscan.com/tx/0x61138aea7c591e43521bb813e0f73ae35daad40641d365a23e612c2ab07e4319
2023-03-29 17:05:48,True,4.2876,0.01364,40.2434,0.5493,0x2d...7822,https://bscscan.com/tx/0xb6b7d0da6057d1d0f972ea854572ce50c835e1b20d4bada294f2f3209c92474e
2023-03-29 17:05:09,True,4.2991,0.01361,44.041,0.5997,0x2d...7822,https://bscscan.com/tx/0x03d5cc722f787ae0193515f7d4198f1b55546e49065c9139182499c3bdcb9d1a
2023-03-29 16:57:12,True,4.2934,0.01358,41.1503,0.559,0x2d...7822,https://bscscan.com/tx/0xecf30e1067f6c96ae844077a5d99b845bf58b6615bf2b8fb9d12399819004f46
2023-03-29 16:57:12,False,4.2722,0.01351,43.3666,0.5862,0xaa...5200,https://bscscan.com/tx/0x757c90118220cc77a9123d392d3e165b3ce688ee62374d1af2976c85e3c42ac5
2023-03-29 16:56:18,True,4.2732,0.01358,35.7622,0.4859,0x2d...7822,https://bscscan.com/tx/0x545bad5a68de1bfc0aae0ce5cb2263092f5a12d803f5e513ed64eef28a21bf68
2023-03-29 16:43:54,True,4.2709,0.01356,34.8871,0.4731,0x2d...7822,https://bscscan.com/tx/0x5374aa517eaec3bb9b603532fecc9c6f172879853e1314fb5b3c2cbd4ab79c9c
2023-03-29 16:41:06,True,4.2625,0.01353,39.2707,0.5315,0x2d...7822,https://bscscan.com/tx/0x0145de3831a9263057196ba8a712320b02b8764671183f04eb50445dc8c1c7f3
2023-03-29 16:32:18,False,4.2429,0.01347,47.2807,0.6368,0x9c...0a08,https://bscscan.com/tx/0x9a2ced8c34f06670c9f00128f78aaaa7010d36c01218fbe463e3f713ead44221
2023-03-29 16:32:18,True,4.2172,0.01338,448.155,6.0,0x8b...88f6,https://bscscan.com/tx/0x127386d1b8048ee487c9b1a2ed6ce3846607e631a87d800cfb74725a846a4f2d
2023-03-29 16:32:18,True,4.152,0.01318,117.939,1.55459,0x5a...6651,https://bscscan.com/tx/0x5f2a301aba696ef13b614d7324564c3fafbfff79f4422ef65c2c715b9e902053
2023-03-29 16:32:18,True,4.1225,0.01308,143.295,1.87538,0xfc...367b,https://bscscan.com/tx/0x281a949e55aaa915fdea1fb6801890cc0969be929de26314d8aa9ba98b580d41
2023-03-29 16:32:18,False,4.1682,0.01323,725.428,9.59915,0x9e...b865,https://bscscan.com/tx/0xc96012b85eca14451b02e24c94720e854faa1473732e97f4a9b79a956c1b2642
2023-03-29 16:27:39,False,4.29,0.01352,68.6616,0.9285,0x2d...474a,https://bscscan.com/tx/0x9c89458b0ca80c8e4bc9c061dd88f6287d1d29c47c61e6d3749c2eaa9af24cbc
2023-03-29 16:26:57,False,4.2815,0.01356,39.1372,0.5308,0x2d...7822,https://bscscan.com/tx/0xd25c44e3594f86b4c626f9de26e9b99785b0bd2fbdbf9730c0ef5b30a6242b29
2023-03-29 16:26:54,True,4.2994,0.01362,68.6616,0.9352,0x2d...474a,https://bscscan.com/tx/0x8fca4fefa602e71cb0da923fb0b841f3cf69354f0a48a6ae3ac1ecde8b687261
2023-03-29 16:25:33,False,4.2958,0.01354,34.8498,0.4718,0x2d...7822,https://bscscan.com/tx/0x8f0a1d6c2466755fa4699aa32eb90afe7fcc29499d6d7c02dd5b8c9e11e10212
2023-03-29 16:21:36,True,4.324,0.01362,2.60076,0.0354,0x1f...953a,https://bscscan.com/tx/0x2d250207d12bfd0e0e3421b67ccf74d8d908b48091116842e50ba386c53342aa
2023-03-29 16:17:39,True,4.3169,0.01361,4.0,0.0544,0xbe...1239,https://bscscan.com/tx/0xd718cd7c0a10b1a88677deb5106ba0d68cb3885d9ec827e94e7b0cd90b959b69
2023-03-29 15:46:33,False,4.2961,0.01356,36.2917,0.4921,0x2d...7822,https://bscscan.com/tx/0x6f4fa2506b0d73082ca70978537f604e29983e5659088bb492046875ed37ed35
2023-03-29 15:45:45,False,4.3044,0.01359,37.0603,0.5036,0x2d...7822,https://bscscan.com/tx/0x0489f4c9877d221acf49ac3b3e50ce87f3d7a71e2a327fcfd247101b1fd33e20
2023-03-29 15:44:48,True,4.3264,0.01365,38.7716,0.5295,0x21...1312,https://bscscan.com/tx/0xacbcfbc5a131adae43ea8389eb261cbb03ce928062a27e2472420a36f654f340
2023-03-29 15:23:36,False,4.3026,0.01358,15.0319,0.2041,0x2d...7822,https://bscscan.com/tx/0xad88b8fee5c5e836128507b6102b8c566be8f91dc536aff8276599bc4e8b31c3
2023-03-29 15:23:36,False,4.3066,0.01359,18.5004,0.2514,0x91...79fe,https://bscscan.com/tx/0x88b8edf21c90bfedd0e1c96d8c1accb2ea3148296c493b721402379a993602cb
2023-03-29 15:18:00,True,4.3105,0.01366,5.8637,0.0801,0x11...5a3c,https://bscscan.com/tx/0xf56a40d35905a4a0f9b6a1b089d37b64c6146b5638c151dd2ed9b40f3316df67
2023-03-29 14:52:37,True,4.3221,0.01365,34.7941,0.4749,0x2d...7822,https://bscscan.com/tx/0xf70e7d167f3145c54f9460c7542fb95fdfc33c879a12a3b7ab76bcff0f76d8db
2023-03-29 14:48:04,True,4.3166,0.01362,34.2513,0.4666,0x2d...7822,https://bscscan.com/tx/0x1baae875a8ebbb5c0d3a7f0de7897fb8d63e1557ae94d9cd54d3ea1468b80082
2023-03-29 14:43:01,True,4.3103,0.0136,18.5004,0.2516,0x91...79fe,https://bscscan.com/tx/0x7b88ab6e85648252372a8e9a20347dc69733856f5c0441eca37b4ad8599332d3
2023-03-29 14:43:01,True,4.3032,0.01358,41.0755,0.5578,0x2d...7822,https://bscscan.com/tx/0x6e9dbb5805415833ae58886289b230ff6b19f7a0ace489277f311bf4ed9c56c1
2023-03-29 14:43:01,False,4.2892,0.01353,104.103,1.40928,0x2f...7009,https://bscscan.com/tx/0x723a46329ecf0947b26aed97e719c211ad532d26002fb211244260795f0b1219
2023-03-29 14:28:22,True,4.3287,0.01363,33.8799,0.4618,0x2d...7822,https://bscscan.com/tx/0x26468936c6cbc7f8c92ddfaa708b09d792d1e767508ea936004a0ea4c210ca68
2023-03-29 14:27:04,True,4.3198,0.0136,32.9611,0.4484,0x2d...7822,https://bscscan.com/tx/0x943d784e2b311a1b0af6a5496d76a392d328d6d9a7799c2dcdeedf612aae3832
2023-03-29 14:26:22,True,4.2934,0.01359,6.58934,0.0895,0x2d...7822,https://bscscan.com/tx/0xa832c9c6c454942c26eb46e719c2804ca851a31dfd563404e9b6448f193fe824
2023-03-29 14:26:22,True,4.2852,0.01356,62.1262,0.8427,0x00...78d2,https://bscscan.com/tx/0xaeb150509d4fde30ca458dae6171d0db44f699ee5a1f4940dd55e535934bd534
2023-03-29 14:25:54,True,4.2949,0.01353,32.7,0.4424,0x2d...7822,https://bscscan.com/tx/0xdd9b2e057467009377007b2859a3e7b1dec9e7bea0d5ec6bbe63f021f3daf046
2023-03-29 14:11:32,False,4.2851,0.01346,33.5385,0.4515,0x2d...7822,https://bscscan.com/tx/0xe118fd882f9f508de783dcde8091f002fbed0d14d011e60e5b4dde14318854b0
2023-03-29 14:11:05,False,4.2916,0.01348,36.5147,0.4925,0x2d...7822,https://bscscan.com/tx/0xf4ee79752cc984f6484e5f57fa4cb7fc8b7291742251ea26cb97e6b7efef5292
2023-03-29 14:10:47,False,4.281,0.01352,47.3892,0.6407,0xca...34d7,https://bscscan.com/tx/0x7d75a110d130ca44d5c542d0b278e49e80b38ae75c6518c05fc28452f8761cd0
2023-03-29 14:10:11,False,4.2922,0.01355,44.5636,0.604,0x2d...7822,https://bscscan.com/tx/0x08d4ce3b490803d237634295cc2b89d2684e638780f80b0617513435034917ff
2023-03-29 14:10:05,False,4.3025,0.01358,42.0774,0.5717,0x2d...7822,https://bscscan.com/tx/0xa25c01614158ab56a366baf5fc9797745eb326a96370b7d6ba6572244b193138
2023-03-29 14:06:05,False,4.3483,0.01365,137.514,1.87781,0x2d...7822,https://bscscan.com/tx/0xc28bf5b718037a4cdf2be58f707beab1ecc57e581b18c14efef7656c37854bd0
2023-03-29 14:06:05,True,4.3728,0.01373,114.341,1.5702,0xb6...4942,https://bscscan.com/tx/0x36f44be87105bdb1a572bb9e7ec2744176be54f15aaf243362636f68c4982f88
2023-03-29 14:05:14,False,4.3142,0.01361,3.0,0.0408,0x99...11db,https://bscscan.com/tx/0x26c2596aef5f778d2d8cfbda7a407b9a4fb227366703c213f351177a567efdf6
2023-03-29 13:56:23,True,4.355,0.01367,47.412,0.6482,0x34...7c76,https://bscscan.com/tx/0x66034c37fecec128db9f4550e7547a864e4196fc85ebc333d3e4a58b6bc87e15
2023-03-29 13:44:38,False,4.3264,0.01358,3.53372,0.0479,0x86...bb13,https://bscscan.com/tx/0x1b182a430551d712cd541ae80e3f4757791bfd2bf567ae8a26b42b353fbe0ad4
2023-03-29 13:44:14,True,4.3451,0.01364,43.2972,0.5906,0xe3...d2ff,https://bscscan.com/tx/0x6e436a2828f7e9be2cd521cfed661451e50d0e282a7abc8b5e6e380f5a7ced72
2023-03-29 13:40:20,True,4.333,0.0136,46.9734,0.6391,0xa0...cc8d,https://bscscan.com/tx/0xc5147dae1a36920e582501e1dbc24c5ec0bf757ecfa95c9a53ff5c5334f2f2ed
2023-03-29 13:34:08,True,4.3214,0.01356,53.8124,0.7301,0x00...78d2,https://bscscan.com/tx/0x9f1fe77eaf8914d2b1c1636cfa60eda750f880e0df0f26840831593f881522f1
2023-03-29 13:33:44,True,4.2906,0.01354,4.96589,0.0672,0x2d...7822,https://bscscan.com/tx/0xd8ca5610629bc8786c1ff580650bc644d7e6bad46acf311bcdd16d68330cd533
2023-03-29 13:33:44,True,4.2786,0.0135,96.2333,1.3,0x0f...8280,https://bscscan.com/tx/0xacf79ae926bd35b61d74d6bc7360b211ed89cd1f03f32cb9676e9788353672e4
2023-03-29 13:33:44,False,4.2695,0.01348,200.0,2.69603,0xa6...1b74,https://bscscan.com/tx/0xc5f54ffa04c26a9fd5bb418920264a0f8b1a0b4c4a5825b05d4d4756be5eea23
2023-03-29 13:24:50,True,4.3047,0.0136,49.814,0.6776,0x00...78d2,https://bscscan.com/tx/0x2b68a242c5bfc5b2931a5d9d10fa7effa272364b37ce24022a7e9c0cded5f895
2023-03-29 13:15:35,True,4.298,0.01358,7.41654,0.1007,0x2d...7822,https://bscscan.com/tx/0xa556e54e527635a709fe20f7b2135e30d15a8d8db4e2e9df7f6ab16f4dc3de9c
2023-03-29 13:15:35,True,4.2919,0.01356,43.0541,0.5839,0x4d...74b8,https://bscscan.com/tx/0x72f8548e93616dda011d9c4a8b0156131a2e4ab44d4b3dcebcedb6acda7690e7
2023-03-29 13:07:35,True,4.291,0.01354,14.4865,0.1961,0x00...6af0,https://bscscan.com/tx/0x1a617ed3fd829d6a05b4dfd5ee42e7811f76bb548e01295f3baedc44556d8ca1
2023-03-29 13:07:20,False,4.2682,0.01347,3.10634,0.0418,0x2f...be22,https://bscscan.com/tx/0xb70ca5ed31daf48a0d7b704862bd6ab85815a32f67492757939cdc2efb186e76
2023-03-29 13:06:32,True,4.3063,0.01352,44.3458,0.5996,0x2d...7822,https://bscscan.com/tx/0xae2892a1d0130296c433a8da278b8ad7f7eb62de918bb1073581328007eae28f
2023-03-29 13:06:32,False,4.2934,0.01348,117.04,1.57789,0xb6...4942,https://bscscan.com/tx/0x49c533db435eb7f72811265b098d1e166ba695be8c51f49f055e29763852bdf3
2023-03-29 13:04:41,False,4.2936,0.01354,57.5902,0.7801,0x00...78d2,https://bscscan.com/tx/0x02143d724b6eef1d210c8c1092f9e30483c663714d8d6f8319417e0e8de1c421
2023-03-29 13:00:14,False,4.3234,0.01357,3.0,0.0407,0x0f...8976,https://bscscan.com/tx/0x3156790f3130bb88bee86330daa729382a4463cc95d18e2f5784783370e3b9fb
2023-03-29 12:57:57,True,4.3395,0.01362,49.5204,0.6744,0x2d...7822,https://bscscan.com/tx/0xd47d2b586fff7a42f40b7b343f733302470e457886ca8d71b72c795792e5e334
2023-03-29 12:57:57,False,4.3169,0.01354,41.7195,0.5652,0x12...e380,https://bscscan.com/tx/0x3ac5e1bc43a6436d65b96825dcffef4194db5da9e6fa53b3845d480181146c63
2023-03-29 12:43:39,False,4.3225,0.01357,33.3052,0.4522,0x2d...7822,https://bscscan.com/tx/0x712c73f4dd41ce1ed84fc1cbb28a12c62f2fc599b6cca94d1cbab2ad98bd0cc1
2023-03-29 12:41:00,False,4.3308,0.0136,34.8199,0.4736,0x2d...7822,https://bscscan.com/tx/0xebdf71a58a808daa5c3396ee82dc0f8bb9223ad5ce18491fa26e1463c82e545a
2023-03-29 12:19:14,False,4.3395,0.01361,1.9244,0.0262,0xb9...3b53,https://bscscan.com/tx/0x458e84ceac1edc88b78d11f4541e865cc7aebca2efcfc7a8a19e07324e5170ff
2023-03-29 12:09:14,True,4.3398,0.01368,2.0,0.0273,0xfa...4149,https://bscscan.com/tx/0x9e99fc307067d2cd3caf82e4426f1f8b35e84168e1dfea306fd9fdee81fe9dc9
2023-03-29 12:01:11,False,4.3193,0.01363,37.8751,0.5162,0x2d...7822,https://bscscan.com/tx/0xf8ebe468f76122116a34a0bd8b8485d4f1bd0629694cca670be85664eeda2bc1
2023-03-29 11:42:39,True,4.3786,0.0137,22.8379,0.3129,0xa5...953a,https://bscscan.com/tx/0xa4f97c325b497177b3acb196785f69d83a8d7c83b0f2b072ce84e8d67398de2a
2023-03-29 11:39:21,False,4.3356,0.01364,35.4662,0.4838,0x93...86cb,https://bscscan.com/tx/0x0c88061c1735bf2d6c6e7c40baff63aa2d1f068578efb8d259191bf3d829226c
2023-03-29 11:36:18,True,4.3535,0.0137,55.9967,0.7672,0x00...78d2,https://bscscan.com/tx/0xbf23776d5f736b25e0aa65fbe5b15fa49c516349dcdcaf1cb3e83e2d688a01f5
2023-03-29 11:34:45,True,4.3625,0.01366,48.8395,0.6672,0x05...7eea,https://bscscan.com/tx/0x263c9753afaec722e548e4141d026319f899a2c87d2197e828bef00a461ea4dd
2023-03-29 11:31:18,True,4.3357,0.01357,172.288,2.3393,0x00...78d2,https://bscscan.com/tx/0x8b57b3d70ec6fedbdde7073af7c61940ec793bab1a8e83a918263c8f723d9374
2023-03-29 11:31:15,False,4.3176,0.01352,202.002,2.73132,0x2c...2e87,https://bscscan.com/tx/0x736d2426ef9a0c19aec47b62f6d18500e513bbdde4151a3d8f54c810251f1676
2023-03-29 11:30:58,True,4.3361,0.01364,47.3119,0.6456,0x3a...231f,https://bscscan.com/tx/0x6087a4a2b1e429e31d7dec92b174257bba75ce8b899f554176068f20c675cfcb
2023-03-29 11:30:17,False,4.3095,0.01356,4.91395,0.0666,0x0e...2f4c,https://bscscan.com/tx/0x889a3ff353ba8cc0d3eeb980348a1bbacc8de42e439b9bbb5d3efaabc7c775d7
2023-03-29 11:29:59,True,4.3173,0.01358,119.72,1.62673,0x2d...7822,https://bscscan.com/tx/0x1748bd1ffaf8241de56d9b21fb0c0288d24107a25404556337fef6de6c0f7ad5
2023-03-29 11:29:56,True,4.2688,0.01343,306.471,4.11745,0xd6...f5d2,https://bscscan.com/tx/0xa26bcf3262d86535bafbc56a7da1ab58fa95dbb40cf9e466e112fa65d3985bb8
2023-03-29 11:29:56,True,4.2296,0.01331,9.22826,0.1228,0xe8...670d,https://bscscan.com/tx/0xd508ce041da0625f3816e7b52503b02e4f6535e4c9af0dfcdd27b53eb8e6e62b
2023-03-29 11:29:56,True,4.2254,0.01329,26.9753,0.3587,0x6f...777d,https://bscscan.com/tx/0xb9de4114f1a791e7626837d76ce89461f6d4a092d81231929df7e52a2f4f52f2
2023-03-29 11:29:56,True,4.2062,0.01323,139.131,1.84182,0x89...ec15,https://bscscan.com/tx/0xb01e4cb6e93f7dac032ac5b7e3ccc3e65da1f739631e0f3be978c4003a9b4916
2023-03-29 11:29:56,False,4.256,0.01339,745.69,9.98848,0x22...9cb9,https://bscscan.com/tx/0x71d9e5536b6823bafa00f8da597fc39a65e2dd798c485d3e1088e5921f37506a
2023-03-29 11:29:21,False,4.3708,0.01368,37.821,0.5176,0x2d...7822,https://bscscan.com/tx/0x4b6cb7ae2e65c85ca93975a2797dd74012b5c91d78e543ad4f1b6b119287bbe2
2023-03-29 11:24:19,False,4.3786,0.01371,33.1813,0.455,0x2d...7822,https://bscscan.com/tx/0x2738ecf53c5a8ef6b3f72dcae028e68edc95b3243e150729cc8bc541ddaa932a
2023-03-29 11:17:21,False,4.3658,0.01374,47.2639,0.6496,0x2d...7822,https://bscscan.com/tx/0x2cd2fa45e8c0625abc5d137f1b5aae80b2452e26ca33602de107516a1fd24fc2
2023-03-29 11:13:33,True,4.4086,0.0138,77.5349,1.0702,0x00...78d2,https://bscscan.com/tx/0xeebfe8f0f348339217897aecb5e4ceba990ffbe8a12094ca6a229e0edbd7bc88
2023-03-29 11:11:15,True,4.3678,0.01375,57.6144,0.7922,0xf9...5ebf,https://bscscan.com/tx/0x2c4021a204566a2d66511e900a288a766cd54c5f914bf6923de86013bb547342
2023-03-29 11:01:57,False,4.3637,0.01366,4.0,0.0546,0x57...dc92,https://bscscan.com/tx/0xbdd30282641c809d74bbe991b56b691a1cd04ad6a09d3bae13ba9cc06cf1f1fc
2023-03-29 10:50:21,False,4.3721,0.01367,32.2205,0.4406,0x57...f2f0,https://bscscan.com/tx/0xf12b4ca691c6443e058d0fce23a763632dfa8b2d865b3b1483f3d1442387c4b8
2023-03-29 10:50:15,True,4.3928,0.01374,42.3602,0.582,0x2d...7822,https://bscscan.com/tx/0xa85c00035fe28caf72010c73905dfa1dd6dd50591438c1817b834a2e8d2be90c
2023-03-29 10:49:48,True,4.3846,0.01371,24.0244,0.3294,0x2d...7822,https://bscscan.com/tx/0x296001a459ec54923f61daf5a37176e7783d9628548236eadf8e3d639e6c57d6
2023-03-29 10:48:45,True,4.3765,0.01369,40.696,0.5571,0x2d...7822,https://bscscan.com/tx/0x136e2b9ca6e26e381514b380abd080809a3b314251fed9c42f6f5d064251f9de
2023-03-29 10:45:23,True,4.3472,0.01367,1.64359,0.0224,0xe2...1da6,https://bscscan.com/tx/0x18f71374c68f70a10c9d33e3e19136843463c6761a8ddf16084627dc6c716fc6
2023-03-29 10:32:05,False,4.3232,0.0136,1.98925,0.027,0xef...9271,https://bscscan.com/tx/0x2a1824b5ecb13073f37ed966a79d6e58c22db50025afc21b3183fb6698892fa7
2023-03-29 10:31:08,False,4.3277,0.01362,45.5291,0.6202,0x56...0086,https://bscscan.com/tx/0x6297fbe9391421cc4deda456f56cb3e2acf622ba71cd896a2a59a34f98adfc67
2023-03-29 10:29:29,False,4.3376,0.01365,44.1798,0.6033,0x3e...a7c8,https://bscscan.com/tx/0x1c47cee25e79386aeb559e0ebd5cb1bab267240d35f166a36d8cab97231109f9
2023-03-29 10:29:26,False,4.3459,0.01368,24.4575,0.3346,0x2d...7822,https://bscscan.com/tx/0x03cc5876b35bbdd4ca1ebaa894411935258abb8d3c9a6a03f4284d3910d6552a
2023-03-29 10:27:46,True,4.3885,0.01374,34.1572,0.4696,0x2d...7822,https://bscscan.com/tx/0x977bbeedbbd969258e265e0bc879a8341d2bf2a54aae2b5b04a245846e2d1358
2023-03-29 10:27:25,True,4.3797,0.01372,37.8189,0.5189,0x2d...7822,https://bscscan.com/tx/0x8f34df5a0a682e90abe4840017147332be90f94c4080bfcd854b72d2b7ac10e7
2023-03-29 10:27:22,True,4.3704,0.01369,38.8641,0.5321,0x2d...7822,https://bscscan.com/tx/0x65d309f833264118ad48aac6dda13c9d63e82174a7549e9092663f4bfd2dac9c
2023-03-29 10:24:10,True,4.3585,0.01366,22.9435,0.3135,0x04...8730,https://bscscan.com/tx/0x3217daac426fe4af9237b6ec271b5453feb65a0d9132e7c2611d5a3de8978807
2023-03-29 10:20:28,False,4.3323,0.0136,33.3147,0.4532,0x2d...7822,https://bscscan.com/tx/0x591b0672eea089ccee75a2abe1146901106c26a584a271df3320dc53df44d5eb
2023-03-29 10:13:31,False,4.3067,0.01361,2.91623,0.0397,0x0e...2f4c,https://bscscan.com/tx/0xaccc8dba97d07cf632b67a28d31b41d43cff8958bb39ccba5ed1e95cb3300d3d
2023-03-29 10:13:19,False,4.3344,0.01363,47.621,0.6493,0x2d...7822,https://bscscan.com/tx/0x79745beeb1f6e6ff333b2d189da6669ea4176fb2bfafe8d23b8930a7b88e9b51
2023-03-29 10:13:19,True,4.348,0.01367,114.994,1.57304,0xb6...4942,https://bscscan.com/tx/0xaae924669b0f43a0d6846f9382f5c46851ece81d31badd597a76f893fe812908
2023-03-29 10:08:22,True,4.32,0.01362,35.9918,0.4902,0x2d...7822,https://bscscan.com/tx/0xaa67d1a796ab87e010dcbe89ae461ff14b4383ddd10f684e35ba6a901ec02b30
2023-03-29 10:06:07,True,4.2923,0.01359,33.5469,0.456,0x2d...7822,https://bscscan.com/tx/0x9463a67358342d2a2748f0e1c37751ac05efe57dd828f2007ee1aa4fc925229d
2023-03-29 10:05:19,True,4.2997,0.01354,88.5642,1.2,0x0f...8280,https://bscscan.com/tx/0xb5a1913d7a6880d004cf617baa04a27126d0ed8fe7e6b4710b0fa6eb93fa5e9b
2023-03-29 10:05:19,False,4.2805,0.01348,108.427,1.46259,0x54...5e5c,https://bscscan.com/tx/0x7f1a6482eaf567eee62e1964f3653f36e0a8ef33d28d085c5524187b47716c95
2023-03-29 10:05:19,True,4.288,0.01351,226.003,3.0539,0x2d...7822,https://bscscan.com/tx/0x91619836b3876f925c7f798c5f83eb99dc38419751ad090de5e7809dabba383f
2023-03-29 10:05:19,True,4.2404,0.01336,177.389,2.37042,0xdb...8aba,https://bscscan.com/tx/0x9a79be47b5dcc54c9730ee0d874dfdcd4550c096154212e4c29f16dae1dc2417
2023-03-29 10:05:19,False,4.2202,0.01329,185.649,2.46897,0xa7...ebd7,https://bscscan.com/tx/0xd27e91e4fe359ed76628ffef1cf9b9fdd74e0be622ae9c3ec4362fd00ef02a72
2023-03-29 10:05:19,False,4.2434,0.01337,13.5897,0.1817,0x00...3a3b,https://bscscan.com/tx/0xb98dca2012fe18892d504b1f20609fcf67d533674c8a513df491876a94d693cf
2023-03-29 10:05:19,False,4.2646,0.01343,167.064,2.24519,0xcd...ce02,https://bscscan.com/tx/0x7ad408ac8422574b6309c226b99aefcbfd962edb7606e4d052454f2f4526a1ac
2023-03-29 10:05:19,True,4.1814,0.01317,1070.22,14.102,0x11...a5bc,https://bscscan.com/tx/0xc2b6280964faee3493d24c09e5e12cefd585b95ac97cbc94aaa3dfc65a043bc7
2023-03-29 10:05:19,False,4.0412,0.01273,6.46208,0.0823,0xfb...0f1d,https://bscscan.com/tx/0x1a00a75b707f88a2f8dd81726b1b6fbd42e4aada48eaafd91a7b64b1185bc48f
2023-03-29 10:05:19,True,3.982,0.01254,745.69,9.35728,0x22...9cb9,https://bscscan.com/tx/0x42b8d75502044718eba56447429b4166f88f3274c10c99d24efe98d915e2bc6b
2023-03-29 10:05:19,True,3.9004,0.01229,30.3507,0.373,0x2e...fda4,https://bscscan.com/tx/0x50bd36387b9d37213790cab3e1cfdb10f2172a8907d67285b24bd28fa520db25
2023-03-29 10:05:19,True,3.8385,0.01209,578.878,7.00226,0x2e...fda4,https://bscscan.com/tx/0x50bd36387b9d37213790cab3e1cfdb10f2172a8907d67285b24bd28fa520db25
2023-03-29 10:05:19,False,4.0336,0.01271,2591.42,32.9399,0x2c...ebe9,https://bscscan.com/tx/0xa3302c000ff198277f326329fa0c28f32cf08bd7a27c415ddcb704abbf5f10f5
2023-03-29 10:02:16,False,4.3309,0.01364,40.122,0.5473,0x2d...7822,https://bscscan.com/tx/0x191d97cde2ff81cba843fd8eed1536bc3030a07005999ad5d20902e54c5f8e4e
2023-03-29 09:56:55,False,4.3393,0.01367,33.1333,0.4529,0x2d...7822,https://bscscan.com/tx/0x017c0edc29de0f258fbabe47c074559fbb5194dd1d078ebaed8e1901c6e2c241
2023-03-29 09:54:25,False,4.3265,0.01369,40.4803,0.5545,0x2d...7822,https://bscscan.com/tx/0xe31a943b5346cf4458a4a40315658772f50843b07700c628e59775d2fd12287e
2023-03-29 09:45:43,False,4.3503,0.01372,36.6484,0.5031,0x2d...7822,https://bscscan.com/tx/0xf6c41deaad9a7e207c8c9bf69209c773017ca5986c8b21e82f2332e8b2cee348
2023-03-29 09:32:28,False,4.3405,0.01375,44.5303,0.6126,0x71...69e3,https://bscscan.com/tx/0xe9bf3d2513f5124c3fcfe2475757498fd0fde70cd723642aadb377c817a45db3
2023-03-29 09:29:55,False,4.3738,0.01379,41.3493,0.5703,0x2d...7822,https://bscscan.com/tx/0x09c666c9fb3023283ff62d766b2e36d0633c3fb8861795f79afbe65bef37e431
2023-03-29 09:29:52,True,4.3981,0.01386,22.7367,0.3153,0x9a...b0b4,https://bscscan.com/tx/0xc7e1e4dfde2890dd9ec86cabc8bea0f61ffda5ee346e98486dbae80cecc45812
2023-03-29 09:29:10,False,4.3558,0.0138,37.7794,0.5215,0x2d...7822,https://bscscan.com/tx/0x47f06aab222cc5978eb78c2d90e7b5fd7bb9591c3977a3a751d449a80aa68e2e
2023-03-29 09:29:10,False,4.3696,0.01384,74.9796,1.03839,0x11...a5bc,https://bscscan.com/tx/0x8c73f135fd7ad9273b8b8b69ab0ea1c915863e9350a8fd3a8ea37168bd172ef3
2023-03-29 09:29:10,True,4.3855,0.01389,123.18,1.71213,0xd8...7c9d,https://bscscan.com/tx/0x07945f5ff1c367ec47f5054baa08a907d0ab06c5b0b6f72b4f30573065be5e13
2023-03-29 09:18:46,True,4.3649,0.01383,32.9444,0.4559,0x2d...7822,https://bscscan.com/tx/0xdd55923e5f97bda06cccf1da64b85585dc9ef65c7587fa207c0d1f20beeaa30a
2023-03-29 09:14:58,True,4.355,0.01381,41.623,0.5748,0x2d...7822,https://bscscan.com/tx/0xbf7ef920195c7ba42adc966b1715ec19f5da3371ad338decaf4a9d7793ebd3a3
2023-03-29 09:09:19,True,4.3619,0.01376,66.5366,0.916,0x2d...7822,https://bscscan.com/tx/0xc3243b15b8cb47544d87f42e0d756dcede153232d5a5233d1a93eaeb61ab16d0
2023-03-29 09:09:19,False,4.3447,0.01371,104.103,1.42763,0x2f...7009,https://bscscan.com/tx/0x19a7c72a9e8604cce434bc1be6fc6fc60dd5070fac1ec971dc85795de2ff4b10
2023-03-29 09:05:28,True,4.3559,0.01382,3.50553,0.0484,0x0e...2f4c,https://bscscan.com/tx/0xc8aeeac00618f986059d89dfcfbbd94a06e3c94e112f5e8046ede48cc11cac9a
2023-03-29 09:05:19,False,4.3663,0.01377,68.145,0.9388,0xb6...4942,https://bscscan.com/tx/0x99a32b7d69d6a59c7b94c1245241214505ca9103fe092766b5da1148ce0567f8
2023-03-29 09:03:25,False,4.3766,0.01381,33.1661,0.4582,0x2d...7822,https://bscscan.com/tx/0xdc457047817768dc1192e28a11fe1fbe7d964981247a0d36ffc7e4eb326952a2
2023-03-29 08:56:52,False,4.3809,0.01383,6.44885,0.0892,0x2d...7822,https://bscscan.com/tx/0x71b40120695c1be779bee1ed4993d06ef38f2f1b84b407cf3a8765270e9e436a
2023-03-29 08:56:52,False,4.3879,0.01385,50.6835,0.7021,0x00...78d2,https://bscscan.com/tx/0x1e8d755602fd2cf99616bf47d4dd38cad359b042bedc90c02ffc47b25bbb543e
2023-03-29 08:50:28,False,4.3997,0.01388,34.9309,0.485,0x2d...7822,https://bscscan.com/tx/0x1c0388b89dd796e4403e778e1ca0d585a7f701f26181310f27fbcf48f6d965e4
2023-03-29 08:47:34,False,4.3873,0.01391,40.2552,0.5602,0x2d...7822,https://bscscan.com/tx/0x92cddf80a4c9aafb5bbf5cf7ccca78490792f2d65fd952a93426cc2746deef4b
2023-03-29 08:38:10,True,4.4346,0.01399,13.4588,0.1883,0xbb...c106,https://bscscan.com/tx/0x97f21f5e927f02e3f8313f384d568166b0a2bb6a678ecb5642814e1445ce79ea
2023-03-29 08:37:46,False,4.3934,0.01393,40.2295,0.5607,0x2d...7822,https://bscscan.com/tx/0xd29ec458f47d425cca634c10a64c931afdea8d9120eb8b536c22efb21761fa76
2023-03-29 08:37:43,False,4.4032,0.01396,39.2839,0.5487,0x2d...7822,https://bscscan.com/tx/0x6b18106d08af0cc7903723d5096ae4d8b263a8471bc237652e9717ec25ce6fe1
2023-03-29 08:36:01,False,4.4352,0.01399,35.1911,0.4926,0x2d...7822,https://bscscan.com/tx/0x0a31412e1a8b9b322886da370419910cf33744f6787182d54ec55a3405cad975
2023-03-29 08:35:04,False,4.4221,0.01403,44.6391,0.6262,0x2d...7822,https://bscscan.com/tx/0x23a4223b8561f2737d7058bbb3d0351bda5af743f67c40d90a18affe71211318
2023-03-29 08:33:19,False,4.4528,0.01406,37.8707,0.5325,0x2d...7822,https://bscscan.com/tx/0x1656f1eb00db76b808a310fb72d30545491fa9828d8524c2605a669720f26f56
2023-03-29 08:29:37,True,4.4627,0.01412,46.7824,0.661,0x09...18f7,https://bscscan.com/tx/0x4eb589a977a9bc6b1108d0d839519f8f0bb0a0b2ad738cb16bd1f21db14abf37
2023-03-29 08:29:34,True,4.449,0.01408,62.1802,0.8758,0x11...a5bc,https://bscscan.com/tx/0xa0083b11725dc136f8963b2d83bdb92aea5c61cfd469dcea02822b1507f1267c
2023-03-29 08:29:34,True,4.4331,0.01403,64.1228,0.9,0x0f...8280,https://bscscan.com/tx/0x662045f9d9318170ede1d93e66416a9b4295d1a1229a89055fe2bd179b0393cf
2023-03-29 08:29:34,False,4.4243,0.014,170.503,2.38834,0xeb...7af8,https://bscscan.com/tx/0x49c388358f0bdbc80b3728caa00c19a53fddcde8825fd92f4f5cbc7973d07d28
2023-03-29 08:29:31,False,4.4485,0.01408,22.7,0.3197,0x9e...7039,https://bscscan.com/tx/0xd7f6d1bce96697c03a26746498952568028b2e978c75c1426e4996c288e193d5
2023-03-29 08:29:16,True,4.4676,0.01414,44.7,0.6323,0xb3...55e7,https://bscscan.com/tx/0x32abbc6f3c3b4d6f85866b0b8a11d291cc43bb299f848375cf4cf01102ba9614
2023-03-29 08:23:49,False,4.419,0.01406,37.8666,0.5326,0x94...1dea,https://bscscan.com/tx/0x3eca2edaba0ab1891f86314c47a82f2c4fad4769aef6b99821553b5c6fbde030
2023-03-29 08:19:34,False,4.4197,0.01408,0.5223,0.0073,0xbb...c106,https://bscscan.com/tx/0x9cfae3dc17c5f8f4639e091363ce1b5e481dc8f63004d53fc85f82749b5d742f
2023-03-29 08:19:12,True,4.4375,0.01414,36.5095,0.5163,0x2d...7822,https://bscscan.com/tx/0x3e0026eb8a363f1c5675d5a4eb6b3e68e63cc82afd35948e7bdabe6316c19dea
2023-03-29 08:17:13,False,4.4095,0.01406,3.3327,0.0468,0x0e...2f4c,https://bscscan.com/tx/0x8527b2fbb624179d2b4a721db1a928b52c48ca9db23cfd0a5a6619bf10de4a7d
2023-03-29 08:17:10,True,4.4264,0.01411,45.6934,0.6449,0x00...78d2,https://bscscan.com/tx/0x090e8a8c0a3e87a0b62603323bd07a72af1910598e28f602ceca20e474187f8c
2023-03-29 08:16:43,True,4.4165,0.01408,32.9675,0.4642,0x2d...7822,https://bscscan.com/tx/0x24807aadf299a6b1aff4331bc38d07aff442e2ba11fd64885d12a53ccfae857e
2023-03-29 08:15:58,True,4.4073,0.01405,35.8371,0.5037,0x2d...7822,https://bscscan.com/tx/0x57ee8f42716f3fe46b9f3942f92e0b5c58d3e22e35575eb28e69a62e7975fa01
2023-03-29 08:14:10,True,4.3915,0.014,92.8266,1.3,0x0f...8280,https://bscscan.com/tx/0xd7ead61b7e42969e2c3d281ca04a984c7254e6f6ad7a69bf756be7e102041400
2023-03-29 08:13:46,False,4.363,0.01391,39.8502,0.5544,0x2d...7822,https://bscscan.com/tx/0xb185c99c8e13b2649eb0d5bdc9733290ad9b50af5b0708a0395434c4c1ff98c4
2023-03-29 08:13:16,False,4.3736,0.01394,46.9437,0.6547,0x4d...74b8,https://bscscan.com/tx/0x9f3255b951bfb6b76875255c331ecf45eee822d84c0518654b0c45b507237ca3
2023-03-29 08:12:58,False,4.3865,0.01398,57.6342,0.8062,0x2d...7822,https://bscscan.com/tx/0xc8ca9b7ac4ee065c30d98d8d2e63d25f90168b3bcd3c08a952f6f6fd07230603
2023-03-29 08:12:46,False,4.3958,0.01401,0.3937,0.0055,0x89...3571,https://bscscan.com/tx/0x5e2349b0f38824e20a391649dcba4f53b0a605200879a4c8fabad78e94806d44
2023-03-29 08:12:28,False,4.3937,0.01401,0.3699,0.0051,0xdf...7213,https://bscscan.com/tx/0x8be07092d90fa8299ab2681e14642f40ec28a6b129057e172e1f01c9293102dc
2023-03-29 08:12:13,False,4.3809,0.01401,17.1022,0.2397,0x06...bfa4,https://bscscan.com/tx/0xc44ac661b0184468b6e2e41b349ef49df8c97b0831b945f8c3ee3a171fb5a09f
2023-03-29 08:12:13,True,4.3982,0.01407,54.7139,0.77,0x56...0086,https://bscscan.com/tx/0x03bded7ca3c0d21684a475e484cb9c84c44699695172e9a08b92fa41c58121e4
2023-03-29 08:12:10,True,4.3902,0.01404,10.5772,0.1485,0x2d...7822,https://bscscan.com/tx/0x659fcb811fc40657c9c2171ea1016b86ba6c0ed66efebde3c450717b4a7f580a
2023-03-29 08:12:10,True,4.375,0.014,111.996,1.56795,0x00...78d2,https://bscscan.com/tx/0x78658f40088b199630160b7b545eb77d0ca51a352b252c4097bc9a72b736bcd6
2023-03-29 08:12:01,False,4.3399,0.01388,3.38153,0.0469,0x0e...2f4c,https://bscscan.com/tx/0x0c9458ab235c174291e43725567eec76dbe145b7afa7e365ae85100d21ded81b
2023-03-29 08:11:58,True,4.3562,0.01394,47.6025,0.6635,0xa0...cc8d,https://bscscan.com/tx/0x1e0f2077a4e542e8f3546ee2ed404552687ce5589ed927fa8a6dbf830813f388
2023-03-29 08:11:10,True,4.3445,0.0139,48.7963,0.6783,0x00...78d2,https://bscscan.com/tx/0xb88e1aa6333522a2b5f7c5591af8b0b2e10f33a458495e772e4f0f84d3a03571
2023-03-29 08:07:58,True,4.3562,0.01387,32.9972,0.4577,0x2d...7822,https://bscscan.com/tx/0x3af858e1c4142ef429aebc5064d73898066cea0b7ab2900f4c4eb9d0b616808e
2023-03-29 08:07:04,True,4.3489,0.01384,33.0842,0.458,0x2d...7822,https://bscscan.com/tx/0x53edf164815fede6b25df9beb2775cf5bbf492947c76e440a7ad7c7151ceab3b
2023-03-29 08:06:40,True,4.3187,0.01381,36.7495,0.5078,0x2d...7822,https://bscscan.com/tx/0xbe1ce0258d8ccf6f5f79dad1541cfd32b7e4aab05800b24bfc6b598f1c65783d
2023-03-29 07:36:20,False,4.3376,0.01374,33.2909,0.4576,0x2d...7822,https://bscscan.com/tx/0x0ebfa6eafba7e4e3c0535b1a8fe564474502b93e61d66a2ecbb78639befe9eb1
2023-03-29 07:34:14,False,4.3236,0.01377,32.6961,0.4503,0x2d...7822,https://bscscan.com/tx/0x604bf311bb6f1a232d024db5bbedd84965a314336b10cce0b5cf73db8ba9a334
2023-03-29 07:29:26,False,4.3305,0.01379,30.0,0.4139,0xbe...1239,https://bscscan.com/tx/0xe720d23009bf5a8fbaa96651c5c3f7ca0169ce59c9bb37667ce26c99478a5687
2023-03-29 07:17:58,True,4.3479,0.01386,44.2118,0.6128,0x59...4241,https://bscscan.com/tx/0x2c69c29b1f5bfcbe5bbc21ec894d4f10b063dfc85240f14e5f7a8da60c6d9e9d
2023-03-29 07:16:34,False,4.343,0.01377,0.3212,0.0044,0x0f...5faf,https://bscscan.com/tx/0xc20c58c4755995def1d3a1e8cdaa4bfb94e031475d42f7baf8eb41d6edc7b82c
2023-03-29 07:15:29,True,4.3422,0.01383,12.1482,0.1681,0x5b...2326,https://bscscan.com/tx/0x7ed54ab78378c7371eba47409d42273765205d8ab74e20bfec69d20ca8093ac5
2023-03-29 07:14:05,True,4.3575,0.01382,37.0941,0.5126,0x2d...7822,https://bscscan.com/tx/0x2ad7bc9682c3f9cd7663cf08bb5ccfbc53b1732baf7af5b7459d25d5ff7080e9
2023-03-29 07:13:26,True,4.3482,0.01379,41.356,0.5703,0x2d...7822,https://bscscan.com/tx/0x8e92150cf236315e1b2203ad1bbf9bd8d1d0d4586175f1c0ec5fb2e76c89f103
2023-03-29 07:12:56,True,4.3379,0.01375,42.2282,0.5809,0x2d...7822,https://bscscan.com/tx/0x6b71d1ca6101d779810216ec0bda617da482768baf62f0c1db4f9210c1c76b47
2023-03-29 07:10:56,False,4.3147,0.01368,32.9834,0.4514,0x2d...7822,https://bscscan.com/tx/0xa735f9a0c1cb5470e1c355ff8b22c069987f4586f1e89cb483d78ba0ea48c39f
2023-03-29 07:09:02,False,4.3222,0.01371,34.3794,0.4713,0x2d...7822,https://bscscan.com/tx/0xd8716a44cdb0e8539d85c1c0775dadb14b7d0655d0dfd532f559fae132be20db
2023-03-29 07:08:14,False,4.3293,0.01373,34.705,0.4767,0x2d...7822,https://bscscan.com/tx/0x8372960b71dd399b3b457f0fadf56ebd5c51e795c632ac3889310e73ce3c07b1
2023-03-29 07:07:29,False,4.32,0.01378,76.3523,1.05217,0x2d...7822,https://bscscan.com/tx/0x9882510ef1ab45386591cd688c5939f343701292245417f3516ec476866010e5
2023-03-29 07:07:29,True,4.338,0.01383,106.016,1.46705,0xfc...3316,https://bscscan.com/tx/0xc8526269b6ee51981c2c36ff6a9704745ea4fa7975c0c59e6021d9db63a4fb8c
2023-03-29 07:00:53,True,4.3447,0.01379,18.717,0.2581,0x2d...7822,https://bscscan.com/tx/0x22d3179a3d4591b039e0086f6df11e8090d95ab69abcaa75b6d0231221cb4489
2023-03-29 07:00:05,False,4.2996,0.01371,3.49244,0.0479,0x6f...1a36,https://bscscan.com/tx/0x5af307f012039291d7510ec5fe1b3af8aa07e8f7bd69c58fc069bc61803f7b47
2023-03-29 07:00:05,True,4.3162,0.01376,45.4288,0.6254,0x2d...7822,https://bscscan.com/tx/0x1aa6f6c555aa356530593b2b2c2451fac29bffa50d4505df1f5499a4ecbaf527
2023-03-29 06:59:17,True,4.3032,0.01373,46.7857,0.6424,0x2d...7822,https://bscscan.com/tx/0x68a659cf62f890266a18bc68538fc06dc8ba7ed7f3bb4a2ead44a41840159fc0
2023-03-29 06:56:50,True,4.2934,0.0137,36.4323,0.4991,0x2d...7822,https://bscscan.com/tx/0x3351aa00f449f743594b2ecd4456b01869967445d715b3772485843d2d00c126
2023-03-29 06:45:59,True,4.3054,0.01366,47.9734,0.6557,0x67...b7c1,https://bscscan.com/tx/0xc085582ef62c530c0cf8bf07e308507051db927a70c13ad3360558432bf76ed0
2023-03-29 06:39:23,False,4.2826,0.01359,44.6091,0.6066,0x2d...7822,https://bscscan.com/tx/0xb6b4af12e94fd8d62ac936ad03f1a2ac67c68af45d49d6099eea551f229bb782
2023-03-29 06:37:26,False,4.2916,0.01362,33.6757,0.4589,0x2d...7822,https://bscscan.com/tx/0xacc41771d6cf862dc60b0ccf164738d6dd0005274db5b7d59c2f9822c267fc40
2023-03-29 06:34:59,True,4.3098,0.01368,57.9392,0.793,0xf0...62fc,https://bscscan.com/tx/0x3ae18da6870facd1385a72a6abebdd5b675be851e3547432d3357e8eaf3a7d3b
2023-03-29 06:23:02,True,4.2924,0.01365,40.425,0.5518,0x2d...7822,https://bscscan.com/tx/0x24aec6307d38665092f0c38f0641b10b08ef6249b62161feb503dc6ab7d08f27
2023-03-29 06:21:08,True,4.284,0.01362,33.567,0.4572,0x6d...ee51,https://bscscan.com/tx/0x1bcc7a923fc252bc51ce078411f23a3318101e94e02a714e1ecb66bb474dc7aa
2023-03-29 06:20:41,True,4.2573,0.0136,11.203,0.1524,0x6d...ee51,https://bscscan.com/tx/0x7202f7be8c4e7d68ed1bbf26043f5d8dac57517b5b5785351e831dcbc38f9cb0
2023-03-29 06:14:02,True,4.2804,0.0136,1.93713,0.0263,0x6d...ee51,https://bscscan.com/tx/0xca7c00fed700c45d700381fdabf8adae87362511af76d563b71bd239d03f7690
2023-03-29 06:06:22,False,4.2443,0.01354,33.4168,0.4526,0x2d...7822,https://bscscan.com/tx/0x5024650b144c86ca37c309765bac8d27ddcf9e4a8e7328cebd2e9e17b8526739
2023-03-29 06:00:21,False,4.2711,0.01357,38.2534,0.5191,0x2d...7822,https://bscscan.com/tx/0x5b2b4cb93005b43b637fba4e950dcc7931315ca5e1938aea2ef8b2a5d7b72a93
2023-03-29 06:00:03,False,4.2803,0.0136,39.6775,0.5396,0x2d...7822,https://bscscan.com/tx/0x2cc02514b6f5e3d2de053f14b4db6e41050d0145e3dce3e4cb52dbe59a8121c0
2023-03-29 05:58:03,True,4.3047,0.01367,21.3855,0.2924,0xc7...1b30,https://bscscan.com/tx/0x3487e3228016e6c4b15d0e8b80c489f672d4b07abd130723eff4941cc3e7a53d
