datetime,buy_order,price_USD,price_native,amount_token,total_native,maker,etherscan_url
2023-04-01 07:41:48,True,4.8204,0.01522,10.0,0.1522,0xbe...1239,https://bscscan.com/tx/0x584068ede89b6f53b8ad8792449aa240b7a159688f01797de2082da828733e38
2023-04-01 07:40:16,True,4.8073,0.01518,83.2087,1.26308,0x2d...7822,https://bscscan.com/tx/0xca18fb6ba4de94ac13479124fc21ee3a90acb819fffd241bc57ce426e6f54ef5
2023-04-01 07:40:16,False,4.7798,0.01509,75.0,1.13195,0x23...91f0,https://bscscan.com/tx/0x2b7af41e4e794f436484285e54127c8fc6c2553c649f8a6ce691fca6a29e88fc
2023-04-01 07:31:24,False,4.8024,0.01516,70.5,1.06912,0x49...ad0a,https://bscscan.com/tx/0xeff34af668a48ae8cd5b2adcc12ff92ef4a6f3f8535a6d350c932c9d9cd6ed4c
2023-04-01 07:27:57,False,4.8182,0.01521,31.6096,0.4808,0x2d...7822,https://bscscan.com/tx/0x8f632ced4b277acf59799cf233eb0fbe2dbb97c6a8e7c12363c2a4ef045194d6
2023-04-01 07:17:57,False,4.8225,0.01522,0.0039,5.949e-06,0x2d...7822,https://bscscan.com/tx/0x768037bdadd148c55e6f8ed232424c663df63abcf22d1bb5a3dd463acfc7abee
2023-04-01 07:17:54,False,4.828,0.01524,38.8,0.5913,0x7a...c707,https://bscscan.com/tx/0x65c207c7d4da401f66cd736f868c79e24157188fdbdbee468f1e9889eed9233c
2023-04-01 07:17:09,False,4.8388,0.01527,36.7722,0.5617,0x2d...7822,https://bscscan.com/tx/0xa2d6d59b115c290e147b7dd86b5e128bcebd64c005b03bc5daf9ab25a6d91497
2023-04-01 07:16:18,False,4.8483,0.0153,31.2407,0.4781,0x2d...7822,https://bscscan.com/tx/0x5f5f4aef746784b487ab34688cb7aae27a7108c09b852d3b82679516bded0e79
2023-04-01 06:50:57,False,4.8559,0.01534,56.2065,0.8625,0x2d...7822,https://bscscan.com/tx/0x28015e8f81ab22207e9e6b0b7ebe993cf645b1a9fa150f29674be7ad2ebea840
2023-04-01 06:50:57,True,4.8828,0.01543,38.1613,0.5888,0x65...236b,https://bscscan.com/tx/0x07cd2e542c3bfa30f0790662b97232a39788ae682016d61ec220064511742737
2023-04-01 06:39:13,False,4.8298,0.01535,31.7176,0.4869,0x2d...7822,https://bscscan.com/tx/0x28734f360bf73573f8ef475d71684b60c7fdd0828fbcf8ba644f308c5bd5e00d
2023-04-01 06:23:46,False,4.8613,0.01537,24.808,0.3814,0x2d...7822,https://bscscan.com/tx/0x8413bdd9d60138c677f6dce8ea9679cc06d07aa6d0d9ab5ce2ad047b198af67c
2023-04-01 06:19:37,False,4.8699,0.0154,38.2631,0.5894,0x2d...7822,https://bscscan.com/tx/0xcebe51eff3d72afeb18b29ff10f7637b0e0607ed3fab18e5f8bf3c39e415b8cd
2023-04-01 06:18:19,False,4.8756,0.01542,1.10553,0.017,0x34...8793,https://bscscan.com/tx/0xea6a711c3535b8a6285e6a35703df975d915e0a3ba1836d6ca5e7a3b57cb316e
2023-04-01 06:11:13,False,4.875,0.01542,2.88492,0.0445,0x89...3571,https://bscscan.com/tx/0x3aef2448050df71f684eea7d9721cb458eefc8214ca9057c854fbc5f832d3651
2023-04-01 06:10:58,True,4.8711,0.01549,29.9362,0.4637,0x2d...7822,https://bscscan.com/tx/0x639faeef7e4b4955d156a5fd59d97ed5c815eafd8021f8154e990f4aa82b20bb
2023-04-01 06:07:10,True,4.8896,0.01547,9.61238,0.1487,0x2d...7822,https://bscscan.com/tx/0x0d974d780f971fceb388a20268417f3ec7f646aa47c73a19f3915456a13fd877
2023-04-01 06:07:10,True,4.8807,0.01544,51.3828,0.7935,0x00...78d2,https://bscscan.com/tx/0x788081f0381089ba58c78041ab6efe2050f3abf3c5c8c222d54eafb7a7e38306
2023-04-01 06:03:16,False,4.8295,0.01535,13.9966,0.2148,0xdc...c6dd,https://bscscan.com/tx/0xe1219a79a3c47f485316bd072c93081d4aa7569f36891613d79ffeb5b3a2fffb
2023-04-01 06:02:58,True,4.8753,0.01541,34.7765,0.5361,0x2d...7822,https://bscscan.com/tx/0xb5721642a07f5ce9ec502a45b6fe3a079d7632fd944acd00169edf400b171f0e
2023-04-01 06:01:49,True,4.868,0.01538,30.9903,0.4768,0x2d...7822,https://bscscan.com/tx/0x5201730ca5d7e065af5de912c37ffdbe8b8ac3666110d21ec4e4eddb1b9f923e
2023-04-01 06:01:30,False,4.8169,0.0153,11.7137,0.1792,0x00...1fab,https://bscscan.com/tx/0x31a07c7b96fe4bae342233c22b148ddcf1bea81945e0e09204767a2ab4c704b3
2023-04-01 06:01:18,True,4.8392,0.01537,29.8062,0.4581,0x2d...7822,https://bscscan.com/tx/0xd30799f4a0d5add85e13fa166be6922b56cba91f4dee0d6df2fd0709fe3713fd
2023-04-01 06:00:37,True,4.8554,0.01534,30.4674,0.4674,0x2d...7822,https://bscscan.com/tx/0x537683ea994c9d4929034b2ead335fa5dd5b2d8589c2908d741bf03c97b0ecfb
2023-04-01 05:58:16,False,4.8325,0.01525,2.61073,0.0398,0x0e...2f4c,https://bscscan.com/tx/0x1aa9e589da2f6231a2b4e2e37c256a0dc72257cdfd718cbb37e1b54036f489a1
2023-04-01 05:58:07,False,4.8376,0.01526,22.1982,0.3388,0xe9...1702,https://bscscan.com/tx/0x2129a88a3ddda5f16748d6364131ec83c846911939bc718581c75d7f806e5cbc
2023-04-01 05:58:04,True,4.8504,0.0153,102.147,1.56345,0xb9...d043,https://bscscan.com/tx/0x6f8143a1e0be5ea34fe9fa4c188ae23de4d932f3241438ee11375dc9dd76154f
2023-04-01 05:57:19,True,4.8108,0.01524,30.0265,0.4577,0x2d...7822,https://bscscan.com/tx/0x0b32517641a2a68d68527277412f98353123849e9b450e397a18927a7c70fc8a
2023-04-01 05:53:43,True,4.8306,0.01523,6.19058,0.0942,0x2d...7822,https://bscscan.com/tx/0x9580034f19b310688af51549d7eb505e3f7e5fdf46fc9f65b045706e084bc4ec
2023-04-01 05:53:43,True,4.8231,0.0152,46.1722,0.7021,0x00...78d2,https://bscscan.com/tx/0x519ea48f2b18c8563f7e08d601b5e6a5d28e698c99cc9adddb5832c48f838e83
2023-04-01 05:34:08,True,4.7873,0.01516,41.827,0.6344,0xb9...d043,https://bscscan.com/tx/0x4c75f9bbeb3287aa0b20f95803fb582f34110afc36d1a1d807e6708522d2fa4f
2023-04-01 05:22:53,False,4.7693,0.01508,30.8358,0.4652,0x2d...7822,https://bscscan.com/tx/0x8a970ff3a5eed6aa4385e7a55a01aae848c2c54ec944a168d3b5b8198e49a5ec
2023-04-01 05:15:59,False,4.7764,0.0151,2.66764,0.0402,0x90...48cd,https://bscscan.com/tx/0x46e7079f39ff8cedba48817bf5d564b3a7c06ad96fbaeb3345fac33902c93d77
2023-04-01 05:15:47,False,4.789,0.01514,86.7163,1.31299,0x2d...7822,https://bscscan.com/tx/0x5a2dd18e01d9558e07bf94762663fa28b1084d52db1fbf87bbcbda63a2083dc0
2023-04-01 05:15:44,False,4.8091,0.0152,55.8893,0.8497,0x06...5f7c,https://bscscan.com/tx/0xddaef8bfb514587fe6d292bda0e684572962d2f0234fe3d5c2ebf925625ba1e2
2023-04-01 05:15:44,True,4.8091,0.0152,225.585,3.42996,0x45...e039,https://bscscan.com/tx/0xdf07bd5c0a95b883bdfb16946a5a81f56fc579e0d2d1e4b6d57a905eeeea63f5
2023-04-01 05:14:20,True,4.8003,0.01509,32.1248,0.4847,0x2d...7822,https://bscscan.com/tx/0xb2ae8907b53917716466b538ee661a6dae1be8c6b8227a7619039422ae315d04
2023-04-01 05:13:53,True,4.7674,0.01506,32.354,0.4873,0x2d...7822,https://bscscan.com/tx/0xff170891fb2143ceb36e71c08f569caf82f8802a96b5e663bf0a8b90d21b6ba6
2023-04-01 04:54:47,True,4.7622,0.01503,30.3795,0.4567,0x2d...7822,https://bscscan.com/tx/0x2a6c208a87e73f74278b5424f8d2a68101b03bf29aab90316bb1e47dad4a5547
2023-04-01 04:41:08,True,4.7524,0.015,32.3742,0.4858,0x2d...7822,https://bscscan.com/tx/0x5662f8914bda7b64b7e0ef55222f6de8705ce166a7415dd4f3a58af20f779402
2023-04-01 04:37:44,True,4.7671,0.01497,31.0125,0.4645,0x2d...7822,https://bscscan.com/tx/0x51acd47040a62cf3ce6d4f734fe2068ce69e43ae9ffc5fae83c21cf3c5f4bb09
2023-04-01 04:31:56,False,4.7223,0.0149,21.4293,0.3192,0x86...1912,https://bscscan.com/tx/0xa58323fc82c0e39de573bf1994e2911491ab3b079ea4c6d9ec2f9a6e54715441
2023-04-01 04:12:02,False,4.7547,0.01492,32.6233,0.4868,0x2d...7822,https://bscscan.com/tx/0xf8891a0dbeb13ff5b7d83cc3cc5393a169bfa4091622fcfe73ef99df84651839
2023-04-01 04:04:23,False,4.7537,0.01494,10.1109,0.151,0x34...8793,https://bscscan.com/tx/0x2cc82372bd9b6dfcfec93c89e0c49c726d31f651acf4df281dc5c1532910011e
2023-04-01 04:02:36,True,4.7646,0.01497,104.935,1.57141,0xb6...4942,https://bscscan.com/tx/0x78527b5d8c9bbbda62eee02058c632fc88f7d056237f8ed05a904e2b0515b8ce
2023-04-01 04:02:07,True,4.7213,0.01491,33.0794,0.4933,0x2d...7822,https://bscscan.com/tx/0x876f8f9449ffe3b67c8e6c8d577ab69e71fc6ab51945b8ac44e6e8f9c025422b
2023-04-01 03:51:52,True,4.732,0.01488,36.1959,0.5387,0x2d...7822,https://bscscan.com/tx/0xc042d10c545e1c836a4f62b784552814ff05b09dfc17fcfc8f916bba97f1d3bf
2023-04-01 03:48:35,True,4.699,0.01485,31.9246,0.4742,0x2d...7822,https://bscscan.com/tx/0xd2d6ef3ed03998ce2f65579903cb16741083a08facff2d2785b86b80e81d328a
2023-04-01 03:39:46,False,4.6982,0.01477,24.1001,0.3561,0xc7...58cc,https://bscscan.com/tx/0xa9b1382a0b4f048ce575726c53b80f458a1b3e15d49317976b689d9420a8c012
2023-04-01 03:12:00,False,4.6958,0.01484,120.671,1.79078,0x2d...7822,https://bscscan.com/tx/0xaae096c4ee723035be5552ca94762f5b3cf602fab5f1f5873a80de6272bbde53
2023-04-01 03:12:00,True,4.7237,0.01492,105.576,1.57609,0xd2...c838,https://bscscan.com/tx/0xd1033c7ef129cb069f48197cfe23f005c10d6152c0414755218988f2268f43e7
2023-04-01 03:08:36,False,4.7117,0.01481,33.5496,0.497,0x2d...7822,https://bscscan.com/tx/0xe2bb934d55985b0a47bbf3999f9c17829dc6268f660e085eb16ddb133a602ed5
2023-04-01 03:05:27,False,4.7202,0.01484,39.0455,0.5796,0x2d...7822,https://bscscan.com/tx/0xd856dbdfa321786cef957f89f8694d745207940a15dba941bbc4769aa6111968
2023-04-01 03:04:36,True,4.7464,0.01492,21.2579,0.3173,0x21...edc4,https://bscscan.com/tx/0xfdfc0f80c6010d5279e77d5dcb10a8cf0dd7d579f6d0fcce2c80257ef05dfde9
2023-04-01 02:47:34,False,4.7001,0.01485,32.9363,0.4894,0x2d...7822,https://bscscan.com/tx/0x266cf28667e3f1a3e809ecdee95af8ec14e0299121b22e4d4d1638390c5ab693
2023-04-01 02:41:54,False,4.7098,0.01489,38.681,0.5759,0x2d...7822,https://bscscan.com/tx/0xf338bc2a5be1abd853a8d26f5c561bc82f6b1c2ad5707fedfbb0471654f99db2
2023-04-01 02:40:57,False,4.7196,0.01492,32.8628,0.4903,0x2d...7822,https://bscscan.com/tx/0x754180914cc4767da0cc2fe66597c2e2af1b0223ee6507185669512374136753
2023-04-01 02:40:25,False,4.7303,0.01495,44.7083,0.6686,0x2d...7822,https://bscscan.com/tx/0x04417a24443a5770f077664a6b2863fd7b3fd9a537dd4c1a95921ae845cad5b1
2023-04-01 02:39:46,False,4.7515,0.01502,107.977,1.62204,0x2d...7822,https://bscscan.com/tx/0x528fc49479e80ce87acdf65477f071cb4f204174ef81614eeab6f85e203a236c
2023-04-01 02:39:46,True,4.7758,0.01509,104.173,1.57291,0xb6...4942,https://bscscan.com/tx/0x0b6aa81b26eb72e3f0efdfcde711065fc66c33880214963a07dd1a532ef6401d
2023-04-01 02:39:09,False,4.7661,0.01499,34.7447,0.5209,0x52...1c7e,https://bscscan.com/tx/0x3c58183e7d603eda3a8a81ec425502c27cbbde1d4eac668041812ef1c591e882
2023-04-01 02:30:49,True,4.7908,0.01506,32.1187,0.484,0x2d...7822,https://bscscan.com/tx/0x8fab7fe25ac7460c1b5f749e2bc363d570a42c758227781694aba9d5a99c106e
2023-04-01 02:29:58,True,4.7819,0.01504,32.1983,0.4842,0x2d...7822,https://bscscan.com/tx/0xff0a0872d069f4735635e3d5d9d796858bb9719a0775ed9c514f6bc94ca6cfb4
2023-04-01 02:29:31,True,4.7717,0.015,41.2928,0.6197,0x2d...7822,https://bscscan.com/tx/0x3365fb3475d83e93a627cc82a7eb5ac3e83d1fe1104285246c90b101824a9cf5
2023-04-01 02:27:16,True,4.7612,0.01497,30.618,0.4585,0x2d...7822,https://bscscan.com/tx/0x3ad754321d31361f43d7906fb5386ae3ed4bea31fd6f6a4417156c3031d64281
2023-04-01 02:10:12,True,4.7509,0.01494,36.2008,0.5411,0x2d...7822,https://bscscan.com/tx/0xa30fb86fd1bb1b9b226fbc9e9cd7b18fcc66e99410b411d46617cbdacf5ad9c4
2023-04-01 02:03:21,False,4.7027,0.01487,31.0251,0.4613,0x2d...7822,https://bscscan.com/tx/0x30f4903838db22892a0c34ec50ac46cfb899a3d2acf4ca8c6cd4e0a26748a886
2023-04-01 02:02:27,False,4.7351,0.01489,33.8822,0.5048,0x2d...7822,https://bscscan.com/tx/0x8204cebb22c4ae8355dc60f814b84ec7148202a1c7eefc7e269830620c6cb3b7
2023-04-01 01:47:33,True,4.7599,0.01497,34.0352,0.5096,0x2d...7822,https://bscscan.com/tx/0x00d008c9bc40662450361d5bb7c37746b3e2cfa3f488bc3398ca63bae63c2102
2023-04-01 01:44:36,True,4.7512,0.01494,31.5454,0.4714,0x2d...7822,https://bscscan.com/tx/0x33f54fc74343bd3e06fdc4a05e471b1e7b55387311ccfcac70f21e56567b69e4
2023-04-01 01:42:18,False,4.7236,0.01485,0.7375,0.0109,0xa4...c462,https://bscscan.com/tx/0xfe7c27920d9cf2691500c3b8bdc8a49d73df0efff201a0041c608e7a1dd1626f
2023-04-01 01:31:47,False,4.7385,0.0149,111.157,1.65689,0x2d...7822,https://bscscan.com/tx/0xa3d74e526d2a91db8245e3d7459214c51e84a09210b358831d2eb42c0391618a
2023-04-01 01:31:44,True,4.7627,0.01498,107.38,1.60877,0x9e...1385,https://bscscan.com/tx/0x56df5a6307d512dafd4c4febc85c359cef9db495ced7987037a15037ab133fe9
2023-04-01 01:31:44,False,4.7253,0.01486,9.04322,0.1344,0x2d...7822,https://bscscan.com/tx/0xf59e902ae439c8bb8a1856eef475ac6ea006589b323f18c0058144db830e2a3b
2023-04-01 01:10:47,False,4.7036,0.01487,9.37292,0.1394,0x7f...3696,https://bscscan.com/tx/0x1d16fcc09d54ac24999b9ca65e48edc20641da89492a0d91cc602b496afc9757
2023-04-01 01:10:11,True,4.7231,0.01493,39.863,0.5953,0x2d...7822,https://bscscan.com/tx/0x6a29ae7e847a1ecbd4c68dff425be88a1b1148b53279cff79c8904cbd863431a
2023-04-01 00:59:50,True,4.737,0.0149,30.8175,0.4592,0x2d...7822,https://bscscan.com/tx/0x1f7f3e7d7222b695089eeda447819d5f281053537307830badc45b5789bebaba
2023-04-01 00:17:46,True,4.6942,0.01487,34.6366,0.5152,0x2d...7822,https://bscscan.com/tx/0xa44493207d807c949f4cd76f6efdbe1c7b16b329afb2f4a127e5b1428ff1ebca
2023-04-01 00:12:34,True,4.7073,0.01484,31.0961,0.4616,0x2d...7822,https://bscscan.com/tx/0x7d237bbd8598adc0dcdb952b264e89d3861e3b79e5689390a1afef1636396f4f
2023-04-01 00:11:16,True,4.6969,0.01481,34.7221,0.5145,0x2d...7822,https://bscscan.com/tx/0xe4e689f01da567e47d13b46f1c1e3cbf85e865d8e79622a51df57de40dea488a
2023-04-01 00:09:37,True,4.6644,0.01478,35.0162,0.5178,0x2d...7822,https://bscscan.com/tx/0x20f09479382b67a603061defaba442aebe8d088b62427c8db9b2afa30c601232
2023-04-01 00:09:37,True,4.6515,0.01474,61.0304,0.9,0x0f...8280,https://bscscan.com/tx/0x3fc02d81b168eb3254f76daf52fb2399e81950e7b5ba59973b97d4393213cf7c
2023-04-01 00:09:37,False,4.6393,0.0147,143.04,2.10384,0x85...ced5,https://bscscan.com/tx/0x16a70329543435a1e08aff0b688e72c12c91b0dab014fcd315e0d525884f4f9b
2023-04-01 00:05:40,False,4.6795,0.01476,2.21261,0.0326,0x0d...c91f,https://bscscan.com/tx/0x5dc1df97d42217761b8406e62cee73144d6ff2e6d5b21f3a3a1243ea4c72ff78
2023-04-01 00:04:36,False,4.6868,0.01478,31.2193,0.4615,0x2d...7822,https://bscscan.com/tx/0x9c2ba96eae9363abd913e41d470a233a8f6c3ab5597cf3f1b20bcf7842343dea
2023-04-01 00:02:05,False,4.6725,0.01481,31.0535,0.4599,0x2d...7822,https://bscscan.com/tx/0x155877938b1c1cf2f89d8501d9bd5b83d01452a6f839dc1cafb70cf77a2e6aa9
2023-03-31 23:59:17,False,4.6776,0.01483,25.641,0.3804,0x2d...7822,https://bscscan.com/tx/0xdb86dbc7a24e5dbf93ff361f78f80182cdd6a62bba79efec47ad11366a626107
2023-03-31 23:59:17,False,4.694,0.01488,94.4123,1.40556,0x0f...8280,https://bscscan.com/tx/0x145a82aa3c8b704b1abfcb4646e2754a626c8025a1470ad458cf1fe68af7350d
2023-03-31 23:59:17,True,4.716,0.01495,105.013,1.57072,0x0b...f684,https://bscscan.com/tx/0x90443e4f42b5df12c710abf46b3776480e9801f02a69bd96fed77dae7b82702a
2023-03-31 23:58:29,False,4.7204,0.01488,119.821,1.78403,0x2d...7822,https://bscscan.com/tx/0xb0c4ef766a9de51121097fb5f2a9803107ccfcb90d811d65ec98e7bde64f869f
2023-03-31 23:58:29,True,4.7461,0.01497,104.927,1.57077,0x0b...f684,https://bscscan.com/tx/0x19bfe46e0dce1703dbf13cd92fa4ef8e2b2546575553f5f8c246520cccba26e3
2023-03-31 23:57:20,False,4.7013,0.0149,123.812,1.84524,0x2d...7822,https://bscscan.com/tx/0xf849b3ab83bfc851d23099e76e96772ba44802dda735226b520642fc3368e2b3
2023-03-31 23:57:20,True,4.7274,0.01498,105.254,1.57736,0x0b...f684,https://bscscan.com/tx/0x7207afd11a8999f180c7d94a08846b447c59139d9d4976fe46afd7dc22be4870
2023-03-31 23:56:50,False,4.7173,0.01488,32.9114,0.4897,0x2d...7822,https://bscscan.com/tx/0xd89d7a93a616a8830ea24059704978fdd8a24428443b82b098df8f7165d4be60
2023-03-31 23:56:50,True,4.7408,0.01495,34.5564,0.5167,0x93...86cb,https://bscscan.com/tx/0xc6c6f6767286f18136c48c26364c441952cf47cb246a2c2ba5448b35a1f3fefd
2023-03-31 23:53:17,False,4.7194,0.01488,53.5195,0.7967,0x52...1c7e,https://bscscan.com/tx/0x4faee5ab9c5cd9fd03ad1f1f7c43c525962af4897460f1063e32a55930ceeede
2023-03-31 23:53:14,True,4.7477,0.01497,21.0631,0.3154,0xb9...4291,https://bscscan.com/tx/0x233916210315f5e78ea24a27dfc8c40bfdf6eb6e905d5e4316f6f849f10f765c
2023-03-31 23:52:44,False,4.7222,0.01489,9.04908,0.1348,0x2d...7822,https://bscscan.com/tx/0x18a2fd667e830522054992747506c2edf7071de980264568fd0f57ec0e6b743f
2023-03-31 23:52:44,False,4.7364,0.01494,93.9616,1.40388,0x0f...8280,https://bscscan.com/tx/0xe4b13125522294c5f503c7403f9a34a9161417911eeb7fdacf1f74d54544bc98
2023-03-31 23:52:44,False,4.7588,0.01501,67.4261,1.01217,0x11...a5bc,https://bscscan.com/tx/0xf6012bca6a9d9da6aac11ae7c133edaee8e69bcade42fa094858f2b94d17eb99
2023-03-31 23:52:44,True,4.7627,0.01502,209.957,3.15439,0x0b...f684,https://bscscan.com/tx/0xc8a95d830e53332e46fa0aa0696c3ef53857372e49f2ba9113153926653f2912
2023-03-31 23:51:17,True,4.7256,0.0149,59.9959,0.8943,0x4d...15d9,https://bscscan.com/tx/0x5ed8ec6bd9cdb4301026b54dae1184d0d6a362a96fc236a83d5fd2d9f896718d
2023-03-31 23:49:53,True,4.7129,0.01486,32.8533,0.4883,0x2d...7822,https://bscscan.com/tx/0x0a67f128a05aed9265d565b24db8530d129519b63090617e7bf1c681f07fa7d4
2023-03-31 23:47:50,True,4.6781,0.01483,47.5225,0.7048,0x2d...7822,https://bscscan.com/tx/0xc1223021e395995e3e64f2104c075803d5097229026c3bdfff5bf476b4c78281
2023-03-31 23:44:20,True,4.6664,0.01479,36.767,0.5439,0x2d...7822,https://bscscan.com/tx/0xb36d0d697ee0a119bf98cfa24cd63831dcee6ca3a7b6ed413dafd859b91eb70b
2023-03-31 23:39:59,True,4.6802,0.01476,34.2567,0.5057,0x2d...7822,https://bscscan.com/tx/0xa2fb0f74ecf9a3219c85dcc0863e0efd49e9728eeacb2609de28062533a8f95c
2023-03-31 23:19:09,False,4.6579,0.01469,32.7104,0.4805,0x2d...7822,https://bscscan.com/tx/0x8ad1fe535fb29dfccf58950af6630285e97b11f791e7a31bf4bf6061c3889b28
2023-03-31 23:08:51,True,4.6619,0.01478,2.21261,0.0327,0x0d...c91f,https://bscscan.com/tx/0x554b8446503949bfb69854f7491b786a8b91ed679488cb0f8914ba6467376c33
2023-03-31 23:07:12,False,4.6421,0.01471,31.4823,0.4632,0x2d...7822,https://bscscan.com/tx/0x873cc8be381c5816040590fcf665dac38b84c5e6cdc4d8491290cec1fecdf6b4
2023-03-31 22:59:44,False,4.6512,0.01474,39.0261,0.5754,0x2d...7822,https://bscscan.com/tx/0xdaafaa2c4586e13b24ad82b3637c4703805fbf7b435aad834de505290396c7b7
2023-03-31 22:59:44,True,4.6689,0.0148,79.989,1.18397,0x83...08e1,https://bscscan.com/tx/0xcdfd34c965521e69934605fcc5e9f31cb2913e6377ed668e24372d69816fad64
2023-03-31 22:51:26,True,4.6815,0.01475,32.2123,0.4752,0x2d...7822,https://bscscan.com/tx/0x1e51042da3df6593e4d122a4c48cce630d5600dfe1955f395a132753334771e7
2023-03-31 22:41:20,False,4.6585,0.01468,51.382,0.7547,0xfc...4860,https://bscscan.com/tx/0x604f2ec0a54a0e64e834afa07e5162f8bbd41957dd9fe47b453b498e810eded1
2023-03-31 22:32:35,False,4.6481,0.01472,34.3129,0.5052,0x2d...7822,https://bscscan.com/tx/0x2153246183af742ec887287aea70fcbc48d5e5563ff7d061d3deda42f38d2153
2023-03-31 22:15:41,False,4.6643,0.01475,31.1884,0.4601,0x2d...7822,https://bscscan.com/tx/0x2358e5da1b3a82f98cffd4caba1038d3e9368021fc4ebd7c43ec406fc99c590f
2023-03-31 22:05:11,False,4.6973,0.01478,33.8133,0.4997,0x2d...7822,https://bscscan.com/tx/0x397f1d1e3a70fdea365199f2d586414da7d66db480afcb28b782d38d507694e3
2023-03-31 22:02:44,False,4.679,0.01479,10.3625,0.1533,0xbb...c106,https://bscscan.com/tx/0x400b24fe20ce3ff209e3fdda03afcb9030c2152e4e5cb9fa7a3cd3bc92d35237
2023-03-31 22:02:32,False,4.6852,0.01481,35.3927,0.5244,0x2d...7822,https://bscscan.com/tx/0xc92096c7ad11fcbac418430eb677af21df6546175dee41c6f3b86c8907185d45
2023-03-31 22:02:32,True,4.7014,0.01487,105.99,1.57609,0xd2...c838,https://bscscan.com/tx/0x8c05c18c21b175d67cbc4c542f5cc0574dde24c172bd79e302a01ee0b072e4b0
2023-03-31 21:58:11,True,4.7043,0.0148,32.0635,0.4746,0x2d...7822,https://bscscan.com/tx/0xa59c6fbeaf00ee1e575d3404032711fb6ec45df0e9420208171fa0bddc02aa97
2023-03-31 21:51:41,True,4.6738,0.01478,21.2902,0.3146,0x2b...e897,https://bscscan.com/tx/0x6b2958da6bd00f903e8dfd0744c5be9b84cd8b255fac2d51e149f11494aa2991
2023-03-31 21:49:38,True,4.6659,0.01475,37.6627,0.5557,0x2d...7822,https://bscscan.com/tx/0x142837ff8934b9ff731b7d80cc3dfe1c5d12d6ef8c3ad1d2fac864bb4dbb14f9
2023-03-31 21:38:46,True,4.6507,0.01471,55.392,0.8151,0x2d...7822,https://bscscan.com/tx/0x50c3b2d49d480c25ac1a2317b32d78a62e206fbdc3e0eca14c04d80fba7499cc
2023-03-31 21:38:46,False,4.6311,0.01465,100.0,1.46533,0xd2...c838,https://bscscan.com/tx/0x2b2acdc8c51e7c841a6bb98cd6ecf5d7de86040baece713cf4a295f59e658292
2023-03-31 21:33:10,False,4.6723,0.0147,0.68,0.01,0x99...07db,https://bscscan.com/tx/0x83c4a692662aa7cc9f66f8c9d2147b221a3f545e940767a071c6706875d3262b
2023-03-31 21:30:01,False,4.6505,0.01471,31.3288,0.461,0x2d...7822,https://bscscan.com/tx/0xbe383dcd98b260f7e245495bfeb96e9b69d233be82b802c58cdac0d522ae6159
2023-03-31 21:16:34,False,4.6645,0.01474,37.6144,0.5546,0x2d...7822,https://bscscan.com/tx/0x6a06ec2c6e03e6dfe96c4d128b5cbafa4c0288a7818e1265efec1fd5c9588430
2023-03-31 21:14:24,False,4.7052,0.0148,88.1335,1.30441,0x0f...8280,https://bscscan.com/tx/0x24147a6bcda18261430e8a73e3058bcb43b428b02ec013d012ff1fafcca58121
2023-03-31 21:14:24,True,4.7228,0.01485,131.323,1.9509,0xa4...429e,https://bscscan.com/tx/0xea2529e399153863655b01e5a4be78b27e10abd5a1500097f2254e223d51e805
2023-03-31 21:10:01,True,4.6932,0.01476,82.4542,1.21734,0x00...78d2,https://bscscan.com/tx/0xe8eaa63b809f88d5ca9f035c442fb0b6327530d59600004744efec3a391b7f30
2023-03-31 21:08:19,True,4.6533,0.01471,34.1306,0.5022,0x2d...7822,https://bscscan.com/tx/0x615171c56e23246f1aad28177d9483c48076cddc7150f1b495e36f8ea043769e
2023-03-31 21:05:46,False,4.6237,0.01462,4.73295,0.0692,0x7a...91c1,https://bscscan.com/tx/0x85c2828ee910842728c66afe5880e45bee9116489bf1b41ccafa3e526407ff44
2023-03-31 21:02:22,True,4.6688,0.01469,31.657,0.465,0x2d...7822,https://bscscan.com/tx/0x40a57f0b4c8e3257a8abe7e8d3345cb1db9271fc410970b376c4a78fcf04cc04
2023-03-31 21:01:43,True,4.6361,0.01466,36.1414,0.5298,0x2d...7822,https://bscscan.com/tx/0x41f5e85a96c95b7f456d842cb1f2fa2a08f3d48358f08366aeb04b63346615f2
2023-03-31 21:01:40,False,4.6096,0.01457,10.9,0.1588,0xde...7125,https://bscscan.com/tx/0xe7e2af218fffcf4e205348d8983fd9aaca69b2f1e2cadf08f62c4fb6db949185
2023-03-31 20:58:10,True,4.6339,0.01466,4.73295,0.0693,0x7a...91c1,https://bscscan.com/tx/0x0024ff094e71fe3c99994169f776dd35b3d66fe86dd74b1ac98b894150c6a8d9
2023-03-31 20:57:19,True,4.6561,0.01465,3.44432,0.0504,0x08...4ae2,https://bscscan.com/tx/0xd4ace8e5d3c93577cfdbf85b20a2ab0577d8d865f8587ab7a59e6c09fe99da7e
2023-03-31 20:52:31,False,4.6333,0.01457,9.72,0.1416,0xd2...c838,https://bscscan.com/tx/0xa5b233351fa577f9fd2b5fb7fb8073444dd1071ca3fe61a5113a45a21db38d3d
2023-03-31 20:46:07,False,4.6112,0.01458,3.0,0.0437,0x0f...8976,https://bscscan.com/tx/0x1c9fb17a0d91431bb8a0870ec076b63fdabdd1121292823ac6f5678505b0f355
2023-03-31 20:02:53,False,4.6166,0.0146,35.9348,0.5246,0x93...86cb,https://bscscan.com/tx/0x3a55c7f84947c48107d8f44f40ff4a4744a0463e1efc8f21cf142b698d123e7a
2023-03-31 19:42:29,True,4.661,0.01467,31.4138,0.461,0x2d...7822,https://bscscan.com/tx/0xe5fcfe140ba1ee4fffbee7c0c3c371c158a436e4b6ff20e3808b64aee503b272
2023-03-31 19:41:41,True,4.6239,0.01463,62.2243,0.9107,0x2d...7822,https://bscscan.com/tx/0x3497b5bd0f362e43aa9604b0e9f148d86a58dd28d0041d37a9cff44a789d3032
2023-03-31 19:41:41,False,4.6109,0.01459,137.736,2.01027,0xb6...4942,https://bscscan.com/tx/0x0508d0757c6497651715bcd8f31059f6de17bc73cb6d2e4e9896bac1b2b02c18
2023-03-31 19:21:02,False,4.6619,0.01467,40.4225,0.593,0x52...1c7e,https://bscscan.com/tx/0xcd1a7ca226d181c780a54063dc4a2bf687310c06b998f642b5ae616bc7603116
2023-03-31 19:05:26,True,4.685,0.01475,26.2562,0.3872,0x2d...7822,https://bscscan.com/tx/0x8efceef2a25932f1fd3ea0a8745a4ebcd0674ca4d9901d536b8996574dcad8fa
2023-03-31 19:05:26,True,4.6759,0.01472,40.4225,0.595,0xda...6e1f,https://bscscan.com/tx/0x97d4fc03283cc33ff7e24ffd76c65c3c1ead0acadc1f878fb2be1f4d551c9fa1
2023-03-31 19:05:26,True,4.6613,0.01467,67.4261,0.9895,0x11...a5bc,https://bscscan.com/tx/0xc078fedab0da89fab3a02d4c908e574aa435a0bac226072c100c3c2cd6faf0cd
2023-03-31 19:05:26,False,4.6475,0.01463,137.736,2.01535,0xb6...4942,https://bscscan.com/tx/0x852b962914bfe2f2203634be960d2f8d17470965401c1d8ea89b441b0ea35378
2023-03-31 18:56:29,False,4.6447,0.01469,5.938,0.0872,0xec...11b9,https://bscscan.com/tx/0xdea8005957b6bb172f9f12afcfd6d9b26a27ee2ac09972bbd184427c457e3bd5
2023-03-31 18:51:05,True,4.6865,0.01476,21.3372,0.3149,0x6a...ceec,https://bscscan.com/tx/0x26560db4397754f586ab381f29c0dbaac01e74d413f5ff83482982671c77984e
2023-03-31 18:48:29,True,4.6835,0.01474,7.79797,0.115,0x55...03de,https://bscscan.com/tx/0x3f16100ec371eced8e6deb179beb3aa94626fb6acbfaba893245c99f50d62c79
2023-03-31 18:47:20,True,4.6775,0.01472,38.2807,0.5637,0x2d...7822,https://bscscan.com/tx/0xf7fd2d446eacc49b73abd4d52798fc2dd950c30d90ecc3393261554c922e33a8
2023-03-31 18:33:04,False,4.6718,0.01471,175.87,2.58753,0x3f...573a,https://bscscan.com/tx/0xdc0dae790bbdbe87c5194d39c00c8b0fa4dacf3c718be16a26b97b65967d61b9
2023-03-31 18:33:01,False,4.707,0.01482,82.8635,1.22833,0xbf...2fab,https://bscscan.com/tx/0x4bcf4fb532286bba5203adc15327bd8e517b74ffe58808ffb777c84004c06cc9
2023-03-31 18:33:01,False,4.7314,0.0149,95.1204,1.41734,0x0f...8280,https://bscscan.com/tx/0x9980c9971011a3c148f1d6009b8617957d7b7764c5c9dc406692289720c16556
2023-03-31 18:33:01,True,4.7272,0.01488,297.04,4.42211,0xf1...57cf,https://bscscan.com/tx/0x01e88a1f75b97718f19c22396e8654c8164b26be349cf01e30c3a733bb7b7cd8
2023-03-31 18:33:01,False,4.6703,0.0147,52.958,0.7789,0x3f...573a,https://bscscan.com/tx/0xd81b60db31a0ba7a5b68ff9c3cddcd23f4d4e9b074cb63605ad577287e7680c6
2023-03-31 18:33:01,True,4.6896,0.01476,82.8635,1.2238,0xc5...77c0,https://bscscan.com/tx/0x5705e2b28d01ce61b8d87ce7741e1a2f37cf92c7f0fc6680df5ddca48fa7c615
2023-03-31 18:31:46,False,4.6571,0.01466,22.25,0.3263,0x28...6478,https://bscscan.com/tx/0x7b94d4c9088fae592b971d79796481acd9db7d055f4a06e4140b6a5389d78ee8
2023-03-31 18:24:31,False,4.6591,0.01467,7.96,0.1168,0x98...547b,https://bscscan.com/tx/0x1ad36212520c64f7adb0bab81b0ec9d92d8514bed5ece9503c71e31dcce27e6c
2023-03-31 18:22:40,False,4.6662,0.0147,35.3691,0.5199,0x8d...1b76,https://bscscan.com/tx/0x2a4c40c119836506ac77d86abcc127fed7a689aa16ed6f3caf4cd45fd768cd55
2023-03-31 18:19:31,False,4.6837,0.01476,104.795,1.54683,0xf2...bfcf,https://bscscan.com/tx/0x10db68fcb4a5f848172371c6a914dbdd114ec05cbdb745bb45b37b81d4d6c533
2023-03-31 18:19:31,False,4.72,0.01487,160.453,2.38671,0x00...78d2,https://bscscan.com/tx/0x23e25d1726b87bb59baa64b4f3ced9fd214c56212fdcb518a44797eaa9d25b43
2023-03-31 18:19:28,False,4.7552,0.01498,94.8193,1.42095,0x0f...8280,https://bscscan.com/tx/0xd64c74b475e5bd0de83d8e8fd73f1a04ff5efe92178912e0323d7524650ad957
2023-03-31 18:19:28,False,4.7773,0.01505,63.8288,0.9609,0x86...9cb2,https://bscscan.com/tx/0x0a9d9006c1457b9e7e6b22c21f6a40bd0ccc4f9a81b847350e96134fe5531476
2023-03-31 18:19:28,True,4.7522,0.01497,415.307,6.21979,0xf1...57cf,https://bscscan.com/tx/0xb15b1da55526f7a4a28535effad51870739d5f5ca9929fbc66382e101cd8c27b
2023-03-31 18:18:52,False,4.6783,0.01474,60.1025,0.8863,0x8d...1b76,https://bscscan.com/tx/0x7c07d060e3cb5e9e30fba568136cfacba29a6c03b14e36881fca40eb9bbdca18
2023-03-31 18:18:46,False,4.6961,0.0148,67.7616,1.00305,0x0f...8280,https://bscscan.com/tx/0xd43c087939e14479ccd3a12bc18ea00104a69312ae6231fa7166df39043c27ae
2023-03-31 18:18:46,True,4.7137,0.01485,111.051,1.65,0xe5...1129,https://bscscan.com/tx/0x904f67173305cf25c6b1bdbecdb48b5ac17ca0caa9db11d31bce0d1a6b0488d1
2023-03-31 18:17:49,False,4.6806,0.01475,38.3381,0.5655,0xf2...bfcf,https://bscscan.com/tx/0x5095262b9f0fa5d5a4cdd6d0e1fdd5846f79ca6e7f1d416e1b25ea7024914913
2023-03-31 18:16:16,False,4.6901,0.01478,35.6765,0.5274,0x8d...1b76,https://bscscan.com/tx/0x8b5590f719d4a63ca1955257fa2b2810588fcf454d1c3417dc82beb69a81c51f
2023-03-31 18:15:58,False,4.7045,0.01483,71.9611,1.06723,0x2d...7822,https://bscscan.com/tx/0x1947c5b1e5387cf9f25ec96f8eaf7c3ea97f3cfaf21a401d91cc4a50de79b206
2023-03-31 18:15:58,True,4.7243,0.01489,98.9245,1.47331,0x4e...06db,https://bscscan.com/tx/0x8e29a66fe01d72ea425303cbbbeaefc20f90aed74254fbd27650f5beae10cd76
2023-03-31 18:11:58,False,4.687,0.01477,5.17765,0.0765,0xe9...1702,https://bscscan.com/tx/0xe91a2c47799a41e09915affcb21ba84d40b221fe726d240b397ab06399aa99de
2023-03-31 18:11:55,False,4.6748,0.01481,77.6207,1.14988,0x3f...573a,https://bscscan.com/tx/0x76797a49f972bba778866adbc23484b6fd72817bf5939828345614963e3795f8
2023-03-31 18:11:52,False,4.6982,0.01488,93.7201,1.39532,0x21...95f3,https://bscscan.com/tx/0x01df7395c688d30c15cbc1b0c6543f1eccce0600bf9f933b7aa170f8456bc55b
2023-03-31 18:11:52,True,4.6422,0.01471,679.766,10.0,0x3f...573a,https://bscscan.com/tx/0xd81ef0d52df472f8f807ca8ffd5782236a0ebd204d43a9e076341401416e86e7
2023-03-31 18:11:52,True,4.5509,0.01442,7.05812,0.1017,0xb2...d341,https://bscscan.com/tx/0x441808e9ad380d435142ba6a60320b755d477d29e53ec10acc5e7379ea90e534
2023-03-31 18:11:52,True,4.5314,0.01436,143.364,2.05865,0x14...515d,https://bscscan.com/tx/0xcb0565168974c47a0d637c9471f73dc19290d0009fc00780751446784bb53bde
2023-03-31 18:11:52,False,4.5831,0.01452,710.098,10.3132,0x33...0a27,https://bscscan.com/tx/0xbc78e17687c95fe9cb67641bb74cb2df97eeed1585483d0bd2aec1e1041e4c63
2023-03-31 17:22:42,True,4.7464,0.01488,31.8213,0.4736,0x2d...7822,https://bscscan.com/tx/0x2ff86f6f75d6e046528f42ac74c3acce4a8da6c81096c466e3f1c06f30df04e9
2023-03-31 17:11:16,True,4.7222,0.01485,41.4067,0.6149,0x2d...7822,https://bscscan.com/tx/0x3ab5e71d13c539cd326ef74a4415218973a842b573b25424faed858743e4c555
2023-03-31 17:10:40,True,4.6823,0.01472,250.993,3.69623,0x2d...7822,https://bscscan.com/tx/0xc6f0d81e4d1dfd05cf11cb16679a1f4a599a3bd474c2c042aa7e84b04ca78d62
2023-03-31 17:10:40,True,4.6407,0.01459,58.0411,0.8471,0x44...494f,https://bscscan.com/tx/0x3c004ac1f4dba4cfc1221d18aaadff33a346455ebb5ac18460449ca77d51e2c0
2023-03-31 17:10:40,False,4.6524,0.01463,318.345,4.65812,0x67...ee88,https://bscscan.com/tx/0x89e782ef58ad06a4c165f5398760cae4c784e45bcb170483ac6cdbcda7a5ed4c
2023-03-31 17:09:22,False,4.6965,0.01476,1.0,0.0147,0xa5...d5c7,https://bscscan.com/tx/0xce73b8ec8edaf47280ea4f1ef860a758c48c08be3e9ccbad333870c8837e53fc
2023-03-31 16:57:43,False,4.7007,0.01478,31.0998,0.4597,0x2d...7822,https://bscscan.com/tx/0x7bd1e9bff8dc92bda53d5a70c512d61fc17eed59d82b51cd042c5019af8f428d
2023-03-31 16:53:20,False,4.734,0.01481,34.0862,0.5048,0x2d...7822,https://bscscan.com/tx/0x8762b463ec69fa8acb3f43357ad15ca5dbef7c205d799b4fc61e1f36077ce1d7
2023-03-31 16:51:44,False,4.77,0.01492,223.497,3.33486,0x2d...7822,https://bscscan.com/tx/0xf8af4b2e1ce7ce6614918241627ef5d6416cf65ce3fa2c42be3aceafaa758bd2
2023-03-31 16:51:44,True,4.7959,0.015,208.401,3.12648,0x64...7861,https://bscscan.com/tx/0x81340443fd611ed4221c0c994a2944b3825261c1cc5eabf3c29a3d570396f603
2023-03-31 16:51:26,False,4.7431,0.01491,172.794,2.57667,0x2d...7822,https://bscscan.com/tx/0x241149b1107122a88a13df3fd2854680314c5865c73c232df8cfadf5318a4828
2023-03-31 16:51:26,True,4.7618,0.01497,208.848,3.12655,0x64...7861,https://bscscan.com/tx/0x107b2a60b99bb4f53dd86832cafe8863144ee636702ac70692d22b9b1eaf003a
2023-03-31 16:12:14,False,4.7276,0.01481,30.9548,0.4587,0x2d...7822,https://bscscan.com/tx/0x6bacf1306d173aa75b10615b89c2804d8ce9434591727a04c9b71e280fa927f4
2023-03-31 16:04:28,False,4.7365,0.01484,34.6998,0.5151,0x2d...7822,https://bscscan.com/tx/0x971205691db1fd2d55350700d501a1300547b2c32c886ed346f66fc7db00a982
2023-03-31 16:03:19,False,4.7458,0.01487,32.6663,0.4859,0x2d...7822,https://bscscan.com/tx/0xadd69273b94e53da76d9e8fb7b897a1898f604b4ffb2d8d4b624f66301626c5e
2023-03-31 15:59:49,False,4.7617,0.01493,94.0181,1.4038,0x0f...8280,https://bscscan.com/tx/0x69ccd1a747fcc2e6087ce5b67de380ab8606df8c61ffdd22ebee32d808e497e6
2023-03-31 15:59:49,True,4.785,0.015,97.9305,1.46936,0x25...abbc,https://bscscan.com/tx/0x80f1e033b37adc91dd9200ac7a7372bef2c07b921341d84a64e021686011e6d3
2023-03-31 15:59:49,False,4.7503,0.01489,20.1778,0.3005,0x2d...7822,https://bscscan.com/tx/0xe5989db89af701c1a58ed1ca9a8ce1783bfbe1c982dc6bd2a32739834a98f5e7
2023-03-31 15:58:40,False,4.759,0.01492,39.0517,0.5826,0x2d...7822,https://bscscan.com/tx/0xbe5def147c0d70b16d43c89694cc269de8c6a0d4f10cd120044eccba7b638161
2023-03-31 15:58:40,True,4.7816,0.01499,47.7949,0.7165,0x25...abbc,https://bscscan.com/tx/0xfc38bed9d4bf9b3818059257c95260a4782ac81027edd00c997bdfd231adc16d
2023-03-31 15:47:58,False,4.7348,0.01491,41.0118,0.6116,0x2d...7822,https://bscscan.com/tx/0x4ace52593718511ed50f508de08562e3ec1cd47ea4bd4d0b6484133f031a3471
2023-03-31 15:46:58,False,4.7685,0.01494,31.0691,0.4643,0x2d...7822,https://bscscan.com/tx/0xd31baf3b7f20acbafe258172016214a2ec09a33d8011e8e0046c70d54cd6a365
2023-03-31 15:43:52,False,4.7519,0.01497,32.5817,0.4878,0x2d...7822,https://bscscan.com/tx/0xed3b38edac290a399ac94d1a7cdb856b6e00ce10242034485546c55186c218b7
2023-03-31 15:43:49,False,4.7695,0.01502,93.6019,1.40673,0x0f...8280,https://bscscan.com/tx/0x4137ed151e4dcd2bb7213b99734186894a174ce12071894993d0e0f82af7db1f
2023-03-31 15:43:49,True,4.7854,0.01507,150.385,2.26764,0x1c...06ee,https://bscscan.com/tx/0x6877b7d0c7a148a6180cc4870addfea5acaed69d5007dd5510307d5d61267de2
2023-03-31 15:39:36,True,4.7902,0.015,9.75668,0.1464,0x2d...7822,https://bscscan.com/tx/0xaf5d0db04e28044eb31064fc89e95e043ed9220300ec2bcf766e6ace529e454d
2023-03-31 15:39:36,True,4.7822,0.01498,47.5371,0.7122,0x00...78d2,https://bscscan.com/tx/0xc1485aa434a4e17879b4a01656a6ea0224a599792a34dd9ffad639b9fb482783
2023-03-31 15:36:51,False,4.754,0.0149,30.3683,0.4525,0x52...1c7e,https://bscscan.com/tx/0x41925bbc41c1c911519980576d7d2b6a1edc81816bac87edaf0ae57a805088c8
2023-03-31 15:36:51,False,4.7695,0.01494,80.4783,1.20309,0xa7...59c1,https://bscscan.com/tx/0xab55220acfc4c12209b57120ba8033ba56a2cef8f0881b8759dac4c900fbb1d6
2023-03-31 15:36:48,False,4.7938,0.01502,93.8774,1.41057,0x0f...8280,https://bscscan.com/tx/0x13b7148559c7a6c5c0733e1a4712018a1b91ef3eb46cbd47f2c7c51cd797eb45
2023-03-31 15:36:48,False,4.8096,0.01507,18.6016,0.2804,0x54...5e5c,https://bscscan.com/tx/0xe77c62f2cd8adf56cc96e98bee318de726fed6b73c8d1967c74d0002fe11715b
2023-03-31 15:36:48,False,4.816,0.01509,26.6442,0.4022,0x13...1236,https://bscscan.com/tx/0xa24e80a59965ae74668fe3201362cdd0847f535a0d41b9f63082ac2d5162ae51
2023-03-31 15:36:48,False,4.8308,0.01514,77.436,1.17249,0x20...c02d,https://bscscan.com/tx/0xd6532dd2cbb551ca0b184cd935f644889dcc505039c66d073dbb489528560e8f
2023-03-31 15:36:48,True,4.836,0.01515,210.569,3.19177,0x1c...06ee,https://bscscan.com/tx/0x22fdef3d6a8f5abd05fc708427f31f24f12834ff5783673db0d6318341f5cfdd
2023-03-31 15:36:48,True,4.7953,0.01503,77.436,1.16388,0x20...c02d,https://bscscan.com/tx/0x343524582cd00cf1cdba567a0ae1cc7b8e8ca03d1446b6b50d007a272ceea986
2023-03-31 15:36:48,False,4.7708,0.01495,73.8004,1.10358,0x2d...7822,https://bscscan.com/tx/0x1113ddd167ce1777d8c2bd057439d0b6595f0c0075cf3b15fdcf50a92db9063a
2023-03-31 15:36:48,True,4.7938,0.01502,80.4783,1.20923,0x4b...e5c2,https://bscscan.com/tx/0xd9531f06ca48029d6c07a940e1c6c39d73eda4dc990570eef941f3a60567a858
2023-03-31 15:36:21,False,4.7577,0.01491,2.38653,0.0356,0x38...28dc,https://bscscan.com/tx/0xee3299937cf56435d3a2c8288103537b2ce4588cb7b0ecaea992066166ec6c63
2023-03-31 15:33:12,True,4.7336,0.01497,50.0758,0.7496,0x0e...7558,https://bscscan.com/tx/0x52525f96173f39cee0a888f8e0e92ff1d01b9a9164f1be96bfe73515e8dfe3b0
2023-03-31 15:31:54,False,4.7273,0.01487,3.33183,0.0495,0x89...3571,https://bscscan.com/tx/0x34cceb878dfbe5ae7593315f1923f18d30ecd1aef9d6fc4c2388b0d5074a14ea
2023-03-31 15:31:45,True,4.7456,0.01493,42.371,0.6327,0x7a...c707,https://bscscan.com/tx/0xe6f68def6121fc8070e0a5268cfca53699933d6c161fe1d31524947849c43a1c
2023-03-31 15:31:39,True,4.733,0.01489,48.1354,0.7169,0x00...78d2,https://bscscan.com/tx/0x10ae918917b4176058fae04c99ccc547004327a201107e1011a5809c477183e0
2023-03-31 15:25:42,True,4.6986,0.01486,22.8568,0.3397,0xc6...0735,https://bscscan.com/tx/0xb79eab00a8e1cc74b56f9f22274ebf43e5889020d63a18f4046583bb5e459724
2023-03-31 15:17:57,True,4.6863,0.01483,47.4224,0.7033,0x00...78d2,https://bscscan.com/tx/0xa933396b675bbf35651e12fd4e8716aa9f7744a427c9344041e3f00cd0e1000c
2023-03-31 15:17:36,True,4.6762,0.0148,44.1938,0.654,0xd6...f5d2,https://bscscan.com/tx/0x7be95e8b953293b894831d1ba4db6c350a12364766499d1326b60c205362ea3f
2023-03-31 15:17:36,True,4.655,0.01473,95.0226,1.4,0x0f...8280,https://bscscan.com/tx/0x1c875b7aff344fa6f58017ffa75d2056315bf499d6098b92d897b31ae0070f78
2023-03-31 15:17:36,False,4.6392,0.01468,150.314,2.2071,0x45...e039,https://bscscan.com/tx/0xbc020d97cae698547585c1db27f65b23f91cc79f3ead29a29996c64023303e7f
2023-03-31 15:17:30,True,4.6791,0.01481,26.8346,0.3974,0x2d...7822,https://bscscan.com/tx/0x8f3e5a074a9bce2318d4ab401f874972caa9a369f64f0641bbb4fb7d6fb56990
2023-03-31 15:14:12,True,4.6934,0.01478,32.6102,0.4821,0x2d...7822,https://bscscan.com/tx/0x25b411a0aa219ad4ab56b2c79e838865e6316ae96d3f6d6aa57c4b6a5a65ddb7
2023-03-31 15:13:09,True,4.6637,0.01476,13.6139,0.201,0xdc...c6dd,https://bscscan.com/tx/0x56f8105795a96ea90163da6ab68c9b8bc650fb2bfd9504fabe795f45aef180dd
2023-03-31 15:02:33,True,4.6578,0.01474,32.2579,0.4756,0x2d...7822,https://bscscan.com/tx/0x534a804df8f7dcb77aad0533918a3c99c12448d6f74c835a470b80b40a8556ca
2023-03-31 15:02:27,False,4.6346,0.01467,50.0,0.7335,0x23...91f0,https://bscscan.com/tx/0x13e16537a8c26705b5968a89cb0f47b633f4a3c9e41b75712a4ce1aad6065c74
2023-03-31 15:02:00,True,4.6858,0.01475,34.1786,0.5044,0x2d...7822,https://bscscan.com/tx/0x85bd4e3a8b130b4720e9f11ef45afea016f06a5be9161b84dfff45745e82b5c8
2023-03-31 15:02:00,True,4.6682,0.0147,95.2144,1.4,0x0f...8280,https://bscscan.com/tx/0x354bce6c03e2889f2cf7b0ba06e072aa738086b1f5e0581bfa7b8e7e1a1acdd2
2023-03-31 15:02:00,False,4.652,0.01465,148.003,2.16864,0x25...abbc,https://bscscan.com/tx/0xfa9c0b742e9b305adf8c21d85c6d900977eaeac33f77fb46ca4915f35cecef10
2023-03-31 14:56:57,False,4.683,0.01475,100.0,1.47508,0x23...91f0,https://bscscan.com/tx/0xfbfd74483bc2f46654e727cfa7469a4e29d5d7d3243604dd34b1aecb23b6a749
2023-03-31 14:46:36,False,4.7035,0.01481,31.3139,0.4639,0x2d...7822,https://bscscan.com/tx/0x8a1e7aaca0efbc3be862df800bee9f1f88e8a447757c542bc06720855958efa1
2023-03-31 14:41:18,True,4.7088,0.01484,142.869,2.12024,0x2d...7822,https://bscscan.com/tx/0x32c902ddf598541a5db45fe237520eca955f1a1b2597da333e4fa5c6092e4883
2023-03-31 14:41:18,False,4.6857,0.01476,146.189,2.15888,0x77...3bd0,https://bscscan.com/tx/0x9e53144fa8837e5ea4e366996fc06a5df80134efbc8a393403677695dde55308
2023-03-31 14:40:45,True,4.7005,0.01489,32.2532,0.4802,0x2d...7822,https://bscscan.com/tx/0xf689059aee4a79f7649809d7b39733a28d574e822c3aa578bfbee998285b743e
2023-03-31 14:40:27,True,4.6902,0.01485,42.2782,0.6282,0x2d...7822,https://bscscan.com/tx/0x1b7b207654cf4c0364d1103f1a71f88f090d89f554bd23c7338a005058e41107
2023-03-31 14:39:27,True,4.68,0.01482,31.1554,0.4619,0x2d...7822,https://bscscan.com/tx/0xb4d118a81908507c923e1bbf26c942985e43898395bd8741cb1a7452fac599ec
2023-03-31 14:39:06,True,4.6939,0.01479,37.3529,0.5527,0x2d...7822,https://bscscan.com/tx/0xb179744842700c394a8a48a0b8fba0ffc161c1da2b772ba2fd66a770f848caf9
2023-03-31 14:31:33,False,4.6674,0.01472,41.4189,0.6099,0x2d...7822,https://bscscan.com/tx/0x1e518399ee5dbcb6488b244ca02c5635088c06bbf6379c27113ae72a830f3da8
2023-03-31 14:31:33,False,4.6859,0.01478,95.1822,1.40715,0x0f...8280,https://bscscan.com/tx/0x9e55e6960999988119a4403201ef6fe5e7a2415be3989c295a07d9e2dbfb2208
2023-03-31 14:31:33,False,4.7095,0.01485,77.5743,1.15261,0x06...928f,https://bscscan.com/tx/0x77fa0ce89f0edad841a39f73911ecc78f50cb9443393b5da6382d4842691b8de
2023-03-31 14:31:33,False,4.7268,0.01491,47.9482,0.715,0x60...ff50,https://bscscan.com/tx/0x2a987d9cb5d8fd698ff25ebec8f24bcf9b41f19afa6635cfa5fb1444c01cf21c
2023-03-31 14:31:33,True,4.719,0.01488,275.471,4.10129,0xb6...4942,https://bscscan.com/tx/0x0f213404bf919b48270b9279739ac3c533b17da6dc0904356ccb6a0d6c66e3d7
2023-03-31 14:31:33,True,4.6708,0.01473,77.5743,1.14315,0xdd...fdbe,https://bscscan.com/tx/0xa2130e15f81b93a6e4567222afa8fc6cc574660cf6ad6de705118bf79b24def4
2023-03-31 14:28:57,True,4.6286,0.01469,10.0,0.1469,0xbe...1239,https://bscscan.com/tx/0x1c6d2376e1742ba651b6f822dafef8097443e65fe3aa3ade77675031c0c18203
2023-03-31 14:26:24,False,4.6048,0.01462,5.0,0.0731,0x98...b0cb,https://bscscan.com/tx/0xb22d4a26cccdbfd9343adb8f46b4570321a28ab3f79e431f320984491301d324
2023-03-31 14:26:18,True,4.6243,0.01468,31.8236,0.4673,0x2d...7822,https://bscscan.com/tx/0xec7f57a22e45f281216488efca35af963d871917d3ac0abfea1dd7664b662568
2023-03-31 14:22:04,True,4.6433,0.01465,36.1103,0.5292,0x2d...7822,https://bscscan.com/tx/0xe49e16d953b55fb1e5a4db4c8fb6a95aec2d36de067af8e2a1610068bad406ce
2023-03-31 14:20:31,True,4.6281,0.01461,53.1841,0.7774,0x00...78d2,https://bscscan.com/tx/0x87a7cd32a25832647ce8dbe321ec3bc8b178ce24ea1dfb0d50b4cd438d5c0e81
2023-03-31 14:20:28,False,4.6095,0.01456,104.0,1.51421,0x23...91f0,https://bscscan.com/tx/0x1c3200439f2eeb674e298939fbc7ad9e1e78838be11c369ecf072bd3373a34d3
2023-03-31 14:18:34,False,4.633,0.01462,32.0619,0.4688,0x2d...7822,https://bscscan.com/tx/0xf6afe398a168b85b1e198b94c65dca876590f2db898767af314c3bcb8926c04d
2023-03-31 14:18:28,False,4.6428,0.01465,41.1884,0.6036,0x2d...7822,https://bscscan.com/tx/0xfa60146acd06e367f9192d92c5f59b9fa3eb7169dc13f363181aad9e5c850794
2023-03-31 14:18:19,False,4.6534,0.01468,36.2218,0.532,0x2d...7822,https://bscscan.com/tx/0x2f4077e89a4d97208c46e1151d0b7c35be257fa31e395f37e517e9d4f2cc864a
2023-03-31 14:17:40,True,4.6696,0.01474,104.693,1.54315,0x23...91f0,https://bscscan.com/tx/0xca103db14cb7889b9040ceef2985640531464e14055606001a91afd8d6b055c6
2023-03-31 14:16:13,True,4.6475,0.01467,35.6775,0.5234,0x2d...7822,https://bscscan.com/tx/0x9359e54f804fda7c72fc5545238473a6278579b9219b1a1e0b14ab4c5b35f861
2023-03-31 14:15:58,False,4.5994,0.01459,15.0,0.2188,0xcb...d4e5,https://bscscan.com/tx/0x5dd3522d676e8646c15de6cd98718b3660891e59db842163a598a6cce3a2fa53
2023-03-31 14:14:55,False,4.6276,0.0146,15.5435,0.2269,0xcb...d4e5,https://bscscan.com/tx/0x06e4f59918515d7e9af083c34c60b0904bbbaf7ddfb60a9f4aa649e92068a344
2023-03-31 14:13:43,True,4.6584,0.01469,0.2699,0.0039,0xb3...e9f1,https://bscscan.com/tx/0xe18a3abb66fd38fef7d4be7ff94d0f75bb383959a37582148c4dbf24f11950bd
2023-03-31 14:10:47,True,4.6516,0.01467,31.6005,0.4635,0x2d...7822,https://bscscan.com/tx/0x59dbe667a7b6da546854b0b8bac54f4ff9cb5e682568e36a0e6c8d66ebd04cd4
2023-03-31 14:08:38,True,4.6417,0.01464,37.4463,0.5482,0x2d...7822,https://bscscan.com/tx/0xa23a102f5a27a6c1803f2b8a20b775c765a1ef3ebccc9fafce2ae7ad35bbf039
2023-03-31 14:08:29,True,4.6327,0.01461,29.7284,0.4344,0x2d...7822,https://bscscan.com/tx/0x8f43d9fdf958032d542e39590eb3a6be9916821b38b72dff409f08356fee5326
2023-03-31 14:04:47,True,4.6236,0.01458,35.6797,0.5203,0x2d...7822,https://bscscan.com/tx/0xc74d028ad88265d26758ec3fadef73d3462aa13ebeb36ec527bddd5b45486f55
2023-03-31 13:46:16,False,4.6017,0.0145,30.0,0.4352,0xcb...d4e5,https://bscscan.com/tx/0xa45ca80641930fd4554f66c9b96a815d78df9222359d74f8dd19dabb71727493
2023-03-31 13:36:04,True,4.6238,0.01458,31.8248,0.464,0x2d...7822,https://bscscan.com/tx/0x7c00a410d3bf22f2b03d982c26d492deb525811720580d3932eef7b079f426cd
2023-03-31 13:30:22,False,4.6025,0.0145,34.08,0.4944,0x2d...7822,https://bscscan.com/tx/0x729549a96fec0ae7d7bd826511c56cf9adf322493d418dc120db5ea73ec7142c
2023-03-31 13:26:52,False,4.59,0.01453,37.3546,0.5431,0x2d...7822,https://bscscan.com/tx/0x481f9d70bec288d61bb4e871ec5d905ee7963f3f2425026ea10daf44418b0962
2023-03-31 13:21:43,True,4.6177,0.01462,2.66918,0.039,0x34...8793,https://bscscan.com/tx/0xe142734d5148c445ca9f634b49a8aebdb0fd9ab73bdec20bbcfc74e890584689
2023-03-31 13:21:16,False,4.6214,0.01456,31.7662,0.4627,0x2d...7822,https://bscscan.com/tx/0x704b158b70e3957a490ac75b53139e648426d79887a3552d0474e989dda9fb88
2023-03-31 13:20:46,False,4.6336,0.0146,59.7084,0.872,0x2d...7822,https://bscscan.com/tx/0x1fa45bee7f5e98f2166fab224e00af653ad87fea292a4233471841d4fece9c1f
2023-03-31 13:20:46,True,4.6593,0.01468,41.2339,0.6055,0xa9...8cb3,https://bscscan.com/tx/0x488230b311273e82ebbb3b77bcb67dfc53d7d2d6bfa0499c3c4e6cab86fb01b4
2023-03-31 13:17:37,False,4.6342,0.0146,28.668,0.4187,0x2d...7822,https://bscscan.com/tx/0x139476958bf751d928cbb5434afbd0c367541f68a4187e150386de3a99aab24c
2023-03-31 13:16:58,False,4.6423,0.01463,32.0904,0.4695,0x2d...7822,https://bscscan.com/tx/0x454c42565ae8d480269c170673c1305406eca8f9963796e9bcd179387f7ade93
2023-03-31 13:16:16,True,4.6451,0.01471,7.64966,0.1125,0x34...8793,https://bscscan.com/tx/0x03e76f58f1ed6702225d2d70de6656fff89b80b83f1c8892d9a22b13435be96d
2023-03-31 13:16:04,False,4.6483,0.01465,31.9133,0.4676,0x2d...7822,https://bscscan.com/tx/0x1dc2ee266cf029744745c2eb180dd0c45c70a16e8656b188d3f7cfa218c33920
2023-03-31 13:11:31,False,4.6638,0.0147,100.0,1.47093,0x25...abbc,https://bscscan.com/tx/0xd46501949e27154a49d6790805618966cb7f3d531377dc1588d85f2435199fcf
2023-03-31 13:11:07,False,4.6819,0.01476,34.423,0.5083,0x2d...7822,https://bscscan.com/tx/0xdbc82ab8a8045f9b232b0d8f004b26bdbb58bb94fa46a9495f9a121e6932d144
2023-03-31 13:10:11,False,4.6679,0.01479,33.5104,0.4958,0x2d...7822,https://bscscan.com/tx/0xdb2ac3e116e7926b1996f59514847ac359276f5fe8beb5ec77274f68b12a77cf
2023-03-31 13:08:53,False,4.6796,0.01482,33.6057,0.4982,0xda...6e1f,https://bscscan.com/tx/0x3240ec4b0d6f22d0d5f60d0fc395dc0258c293b1e3e1e8a6189d2ebd8f70eb8a
2023-03-31 13:08:05,True,4.7295,0.01491,9.5712,0.1427,0x2d...7822,https://bscscan.com/tx/0x8f4fda2b12fadab9b72251c3c637f62e85007a16434a9b695eac46ac9e157536
2023-03-31 13:08:05,True,4.7236,0.01489,33.6057,0.5004,0x52...1c7e,https://bscscan.com/tx/0xb54167d7df460e1d7e304b31a2dfd5af36a49af87a4e71f8c727269783bc47f4
2023-03-31 13:06:17,False,4.6782,0.01481,33.7049,0.4993,0x2d...7822,https://bscscan.com/tx/0x5a2f19518391258dc5f993faf8da23a50b9f745710ab3cb53e1d8685b065527b
2023-03-31 13:02:08,False,4.7104,0.01484,32.6438,0.4846,0x2d...7822,https://bscscan.com/tx/0xa29a5bc3885e8267312427521afc267f048a2295a13088e479eae9a99d9817da
2023-03-31 13:01:44,True,4.7103,0.01492,32.4367,0.4839,0x2d...7822,https://bscscan.com/tx/0x061ed6bca77d4b0f8560df4faef94771130b83222fcc535d3a18dba343e4357f
2023-03-31 12:50:26,False,4.7049,0.01484,31.053,0.4609,0x2d...7822,https://bscscan.com/tx/0x02e8608b8aa469a23378e24dc612f5f0053697a424b01c617bdeb38aec211511
2023-03-31 12:46:35,True,4.7108,0.01493,7.96374,0.1189,0x98...547b,https://bscscan.com/tx/0x8e8233a5a5cbca213d1488a5eed5a66f4acd0411d14e4c25e88647a569c5eaab
2023-03-31 12:45:26,False,4.7074,0.01485,3.2975,0.0489,0x2e...f345,https://bscscan.com/tx/0xa363b722bce3376b738a03e250719346ee28eee96b61ae78921a803597d25160
2023-03-31 12:42:35,True,4.7074,0.01491,27.9863,0.4174,0x5c...8e52,https://bscscan.com/tx/0x92a68ece2337b36048f8187658282eb7d13553edb1b0776dfa08b9f670532639
2023-03-31 12:41:29,True,4.7208,0.01488,44.5745,0.6634,0x43...fe22,https://bscscan.com/tx/0x8809c16826579328e9632071fd38afd7ee504176ef2de8e68ebb4e0469e69e94
2023-03-31 12:35:19,False,4.6924,0.0148,21.5298,0.3186,0x2d...7822,https://bscscan.com/tx/0xfb05d8ffae41256a9f09c0f381bc5448640c608484ff8927207147eb5639fca9
2023-03-31 12:35:19,False,4.7012,0.01482,42.6,0.6316,0x00...78d2,https://bscscan.com/tx/0x4ab68385bda8e9107bdd6405c04bf9fa160be73629b306881f6b4b42a762c27d
2023-03-31 12:32:46,False,4.7094,0.01485,29.8237,0.4431,0x2d...7822,https://bscscan.com/tx/0xab28c38f8a3dfe9ebf0ceb29ece9ea5c66fb919a324c6e51306307d4c93bfe29
2023-03-31 12:31:55,False,4.693,0.01488,30.2072,0.4496,0x2d...7822,https://bscscan.com/tx/0x941650be8f4bc2beca24a5f3d6f065439ea2afe799b64eab26ed961eb0586719
2023-03-31 12:31:37,False,4.7226,0.0149,6.77459,0.1009,0x2d...7822,https://bscscan.com/tx/0x1d9bddaa8dcc408f7c5a198d52d0c138f1a76315ab21b68cf6ec83da0fa5466a
2023-03-31 12:31:37,False,4.7331,0.01493,69.7888,1.04227,0x05...7eea,https://bscscan.com/tx/0x8924f74ebd58d949ca5902cdd81aa63f983ccce661b73f5efe47b0a4198faf2b
2023-03-31 12:31:34,False,4.7558,0.015,93.9324,1.40958,0x0f...8280,https://bscscan.com/tx/0xa26b6f69f0a967993ee47cb36708dad02d3b3bafb5c3fcb92b81dc01c57261f9
2023-03-31 12:31:34,True,4.7634,0.01503,209.72,3.15218,0xd2...c838,https://bscscan.com/tx/0xb6e2d9995537908596308983477bf8092c5068d639e71f4f03048d2e641c39ff
2023-03-31 12:30:55,True,4.7063,0.01492,32.6102,0.4866,0x2d...7822,https://bscscan.com/tx/0x24de50a640dbc9905d8962c2b2f552c09c3579bebb6a74bc5f0f2e1b50ef75b2
2023-03-31 12:30:43,True,4.7209,0.01489,33.1642,0.494,0x2d...7822,https://bscscan.com/tx/0x9c0c8987520e06a46c9d692270bbf9f882e5446ba727a15003ee3c3695ba6a34
2023-03-31 12:30:07,True,4.6844,0.01486,41.9915,0.6241,0x2d...7822,https://bscscan.com/tx/0x9cb56012798e8eadd70ec7a93d18fd1fe8b61cab3d594fc0b2336f3567eeba39
2023-03-31 12:29:28,True,4.6725,0.01482,43.9519,0.6516,0x2d...7822,https://bscscan.com/tx/0x569acb61f068866bc37a4c1fc6619fe6ffaf556aad4dc1831ca41f605f7c109b
2023-03-31 12:26:31,True,4.6618,0.01479,31.3137,0.4632,0x2d...7822,https://bscscan.com/tx/0xd982263a9baf14e963c0edf9697d7c37bbbfdec4af0b646e8cdf618051cf9ca7
2023-03-31 12:13:16,False,4.6349,0.0147,13.42,0.1973,0xd2...c838,https://bscscan.com/tx/0x3ccb008aa1181a10e563725d2d648f29bb224438ecefbb06118ef0c735f72718
2023-03-31 12:12:58,True,4.6855,0.01479,1.65333,0.0244,0x2d...7822,https://bscscan.com/tx/0x45ef6d844a89523a15a752cd7419f4ddeb8fe05d621f31070bab06d6131e39b1
2023-03-31 12:12:58,True,4.6788,0.01477,47.519,0.7018,0x34...7c76,https://bscscan.com/tx/0x629e6aecf057e9b2a7c331ca8e0695eb4723b89f9247ca9f34a206bd13cba0ff
2023-03-31 12:12:37,True,4.6678,0.01473,34.0144,0.5012,0x2d...7822,https://bscscan.com/tx/0x06704161fe9d1c4c1172e3650e19f21c059fe7e892be1a3cb4a2b81bd394c307
2023-03-31 12:11:52,True,4.6355,0.0147,33.0525,0.486,0x2d...7822,https://bscscan.com/tx/0x9fec66041abe7ec4dd3c49a71208ae8dc653948cc92271bdf3601e20dbe41ce2
2023-03-31 11:59:10,True,4.6495,0.01469,5.39554,0.0793,0xda...5c9b,https://bscscan.com/tx/0xca174866d0bb7f53fcabd20f59e6e6a399be6606a470fedb854817cb1c10da56
2023-03-31 11:54:55,True,4.6459,0.01468,0.6457,0.0094,0x0e...2518,https://bscscan.com/tx/0x049ce8b849d160cf1ea99c213eb7f87fb402f63c5b96318fe75d895f9cc58f36
2023-03-31 11:49:22,False,4.6242,0.01462,31.2679,0.4573,0x2d...7822,https://bscscan.com/tx/0x7c848762a3c1b2518187c7849776c0d1abad3c0f6592bd8aaa397797e872630a
2023-03-31 11:42:31,False,4.6414,0.01465,31.7464,0.4652,0x2d...7822,https://bscscan.com/tx/0x88a8ad87857214faa9262b705e01331dbe73a85adcc6e41c2ec9bc2205dc189c
2023-03-31 11:36:19,False,4.6454,0.01467,6.88702,0.101,0x2d...7822,https://bscscan.com/tx/0x4a2073b8b42de3bf8c200d063b77efe72ba713016d42e5cfed41a384fe6640d5
2023-03-31 11:36:19,False,4.6554,0.0147,66.806,0.9821,0x00...78d2,https://bscscan.com/tx/0xef649aaae2ba2be61b6bbfc48906d3d93a1d99f26c1a511c677d062231e8fd37
2023-03-31 11:36:16,True,4.6796,0.01477,60.3693,0.8921,0x30...409c,https://bscscan.com/tx/0x4abf353749cf91bc63c79ef6c5bb14bc3fc28bd85182fc5a9494a01c7484cd76
2023-03-31 11:36:16,False,4.6503,0.01468,16.7566,0.246,0x2d...7822,https://bscscan.com/tx/0xf9e113776d5dbfb68d04007f937267919383922728f1ee5c47b8d939d23b743c
2023-03-31 11:35:16,False,4.6336,0.0147,35.0965,0.5161,0x2d...7822,https://bscscan.com/tx/0x26d2f20755483bdb39f92881fc37fd7b089db47eac45f3bbc4a69fe6ef4aecda
2023-03-31 11:34:34,False,4.6483,0.01475,80.1063,1.18211,0x2d...7822,https://bscscan.com/tx/0x79ebeb9a456f2049135fd71300211d57b7f9bc70883d912fa2bdf93d06688582
2023-03-31 11:34:34,False,4.672,0.01483,95.0912,1.4104,0x0f...8280,https://bscscan.com/tx/0x3929d0708ff0cfa7f309f6f3f4373f529b8fe03d4c689d1bcf5941b053abf482
2023-03-31 11:34:34,True,4.6816,0.01486,213.424,3.172,0xd2...c838,https://bscscan.com/tx/0xd5fbd5640ee7e94ef2a2abf2ada591b1b3282e2a18d4faac9c4c47f6bd932d94
2023-03-31 11:30:22,False,4.6309,0.0147,34.2149,0.503,0x2d...7822,https://bscscan.com/tx/0x34d76f61f3e8103034aa9797185e8028c3cb04a7b901238dcb7766e4042198dd
2023-03-31 11:30:13,True,4.6577,0.01478,8.0,0.1183,0xbe...1239,https://bscscan.com/tx/0xcf80df7f4ec92facceb74a1566b99a37c87690f9ecde09959ec667a6636febcd
2023-03-31 11:22:46,False,4.6583,0.01471,13.1265,0.1931,0x2d...7822,https://bscscan.com/tx/0xc4a46df5c57593c369294bd0ad2f9b19bc3ea47cd5eddd427133af4eeaa99f11
2023-03-31 11:22:46,False,4.6638,0.01473,27.8512,0.4103,0x8b...88f6,https://bscscan.com/tx/0x7ac341d9ba35ad7e2e729f2fdfe9f502f3a3f2a9f20a77b869f5f41bf66aaa22
2023-03-31 11:18:04,False,4.6721,0.01476,33.3677,0.4925,0x2d...7822,https://bscscan.com/tx/0x5787956d686ff9f48c5ae95f50e27d4b7f8b1972940b0655f4dff7a0eefbbab3
2023-03-31 11:15:16,True,4.6755,0.01484,5.0,0.0742,0xbe...1239,https://bscscan.com/tx/0x1428fe5d6b22555f9f910a968f96a4684e476f41f08383042e0cce41d79747e2
2023-03-31 11:11:28,True,4.6935,0.01483,32.3651,0.48,0x2d...7822,https://bscscan.com/tx/0x3c1d79e4ed0e795d50726678695c885b145660389405d99df78902e39942027e
2023-03-31 11:05:28,False,4.6674,0.01475,35.8325,0.5288,0x2d...7822,https://bscscan.com/tx/0x3b45870ec37ccdc155af50f063d4b14fd1bd2f434953bacd9a6445f52eb17ef8
2023-03-31 10:58:07,False,4.6516,0.01479,53.5084,0.7917,0x52...1c7e,https://bscscan.com/tx/0x771b01022100169794b3a163ecedf6006312dbec9e0951d7c6f5627f01d11f2e
2023-03-31 10:49:31,True,4.6996,0.01487,45.6895,0.6796,0x82...2196,https://bscscan.com/tx/0x16c1e551d5901ba02f321e4e1abd9e2c92aa0c8386f9d24643daaf59410af20b
2023-03-31 10:47:52,True,4.6622,0.01483,42.8626,0.6359,0x3a...231f,https://bscscan.com/tx/0x227d15127febbc8edd06e4700e8719d737b9657a440008af7a6119c8e58caccc
2023-03-31 10:43:40,True,4.6482,0.01479,43.4,0.6422,0xa0...cc8d,https://bscscan.com/tx/0x6b06e74e8ef4bfcfb553adc8e4ed25c776c71731a14129b252280254316f0e1a
2023-03-31 10:38:07,False,4.6173,0.01471,28.0221,0.4124,0xda...6e1f,https://bscscan.com/tx/0x8521ff8af457d3ef213cfa2f9ff5e78f8ec131c42febdad519af4cb6389e2f27
2023-03-31 10:35:07,False,4.6231,0.01474,24.5335,0.3616,0x92...de8b,https://bscscan.com/tx/0x9012121c62c955a031a3ea84e70ce1ce644a3dc546c886f599a2ac5998b3fed0
2023-03-31 10:28:41,False,4.6322,0.01477,43.8609,0.6478,0x52...1c7e,https://bscscan.com/tx/0x71fc67d420d39bfa42fb3e99b1604f8c7ae4aefa8a1017fbc35b913c333675a3
2023-03-31 10:26:29,True,4.6853,0.01486,1.98553,0.0295,0x2e...f345,https://bscscan.com/tx/0x16aae721fb191660b2eb1e93e2cbca354f3d812174787065238ab78b21481254
2023-03-31 10:24:50,True,4.6531,0.01484,50.5405,0.75,0x00...78d2,https://bscscan.com/tx/0x1a5fdcec27b00a10eb25b3a17f66d39524ac5ac8aed78c26bd732985c5f65bb6
2023-03-31 10:24:41,True,4.6402,0.01479,44.5772,0.6596,0x0e...7558,https://bscscan.com/tx/0x22d67874ee32e13cb24f8b4bed52c41ff6adff2292b0b09e10316415c7e8d9ba
2023-03-31 10:22:41,True,4.6518,0.01476,43.7718,0.6461,0x34...7c76,https://bscscan.com/tx/0xe81bbc720dbb0b8ea1f0ba8414f31e34e6e3007b1f8340020300bcb3088083a1
2023-03-31 10:10:20,False,4.6314,0.01468,47.7981,0.702,0xda...6e1f,https://bscscan.com/tx/0xb27aa3c422ddcb0d893b68e9dc737ab2a531ebd810fc6a71035c1f326c7abc30
2023-03-31 09:59:32,True,4.6495,0.01475,59.7378,0.8815,0x00...78d2,https://bscscan.com/tx/0xcb7b4f458fd7960d2ec7ee37739542e176acd7b04baa93d1e3bf83127ee4f41f
2023-03-31 09:52:38,True,4.6056,0.01471,43.4233,0.6388,0x43...fe22,https://bscscan.com/tx/0x265881cad27282082052aa4ecef79044b63e871a8cc8026c10272320fa22ec6e
2023-03-31 09:48:50,True,4.6108,0.01467,45.3275,0.6652,0x7a...c707,https://bscscan.com/tx/0x771f7d4f7d54b74fcbf3abd8182bca0f1aa09518eeb214f751684a73a5c42f2c
2023-03-31 09:45:23,True,4.5972,0.01461,87.8391,1.28412,0x91...79fe,https://bscscan.com/tx/0x393be61493866cc3ccb2eadc765ad7390e862e2b60264981800a39a5dbefdf53
2023-03-31 09:45:23,False,4.5739,0.01454,85.4455,1.24281,0xb6...4942,https://bscscan.com/tx/0xde6394a2465c829284b004e40e2c68aefeb4146de56757eb62f042da1ddd2b17
2023-03-31 09:40:17,False,4.568,0.01458,20.0,0.2917,0x39...e4b2,https://bscscan.com/tx/0x2007e9387c72f6d2dad5084cba9a64f901da7f8501e044c34ed021fca3db8bed
2023-03-31 09:38:56,False,4.5828,0.0146,27.5541,0.4025,0x8b...88f6,https://bscscan.com/tx/0x0144cbd29c0603e12e18eaf47b2e9e670f4e91bab2a8ecd3c679b0bfa15de6fa
2023-03-31 09:27:05,False,4.6095,0.01462,6.631,0.0969,0x98...547b,https://bscscan.com/tx/0x4c3a2e7bdc89a798972cc00f19c06eef84cda8546ccbad2b57aad98ae29f4944
2023-03-31 09:24:14,False,4.5906,0.01462,2.60064,0.038,0x2d...7822,https://bscscan.com/tx/0x3c28077dc2371d329de81658abffd2e50b0ed4c48d11f73de08bba62acc2a7bd
2023-03-31 09:24:14,False,4.5916,0.01463,4.37718,0.064,0x62...1f10,https://bscscan.com/tx/0xdfcc9dd74a9a20d902097548274895938dc04162fa55a6b3e792ac62ed51cb96
2023-03-31 09:24:14,False,4.599,0.01465,51.6629,0.757,0x05...7eea,https://bscscan.com/tx/0xfae59ec1f4538442ac6bcf88851735d00e29079ba274a8fc996c673e6005c484
2023-03-31 09:16:08,True,4.6443,0.01473,32.114,0.4732,0x2d...7822,https://bscscan.com/tx/0x1764758d1d2b3195b21b22726834a926f111581904ba740782f9e2dcf556872d
2023-03-31 09:09:45,False,4.6253,0.01467,63.403,0.9304,0x62...1f10,https://bscscan.com/tx/0x25986f893534e278c3d630d01de0899258b35a392d3fc4a7d83c4bb0a87d8a4c
2023-03-31 09:04:45,False,4.6627,0.01472,47.921,0.7055,0x2c...015a,https://bscscan.com/tx/0x0c8d4681407a721ce4178da974f6a97f983b10ba81e3345d605d4896f3b2f55e
2023-03-31 08:53:18,False,4.678,0.01477,64.0831,0.9465,0xed...4f31,https://bscscan.com/tx/0xba6c2ff14f9b029c840e817369ef612072bcb726a19343e9eb587f6301adc70c
2023-03-31 08:48:27,False,4.6941,0.01482,61.1047,0.9058,0x62...1f10,https://bscscan.com/tx/0xc31f7056e60ae4c4efa881c1b5c0fa35913e1771b09ad0fdb33e1637bd62bd5b
2023-03-31 08:41:12,True,4.7208,0.01491,32.6927,0.4875,0x2d...7822,https://bscscan.com/tx/0x61692a326189b09d45993d70903d5fbebd1378595524c1e97d1005fc36b074e9
2023-03-31 08:41:02,True,4.6883,0.01488,31.3944,0.4672,0x2d...7822,https://bscscan.com/tx/0xe27912b00b1d2570b3ca4ff437e53b6daf35d12d606572fe9639657ac8817918
2023-03-31 08:40:47,True,4.7031,0.01485,32.871,0.4883,0x2d...7822,https://bscscan.com/tx/0x594225f1b07511a19ea3fe23ca7d707220bd579d229df889610e5f0e435006b3
2023-03-31 08:40:21,True,4.694,0.01482,32.5992,0.4833,0x2d...7822,https://bscscan.com/tx/0x2e70a79af8170e6509ba18329fac176cb898fa5e306864952951b856c247d7bb
2023-03-31 08:39:43,True,4.6846,0.01479,36.8711,0.5456,0x2d...7822,https://bscscan.com/tx/0x8dfaa78ea4cbd3f45df7c7ff3928c11b9e00f304abdaf9a2c924f45115933028
2023-03-31 08:32:13,False,4.6513,0.01477,144.581,2.13546,0x55...6d5e,https://bscscan.com/tx/0xa161c4981b66fd38a5a4805a771c2f119219696be9050e169e077e4a9fe799c2
2023-03-31 08:07:43,False,4.678,0.01484,24.8299,0.3685,0x00...986d,https://bscscan.com/tx/0x9322f7c6d36cc723b96db246aa48e327b0bf183cf22ef19d953869e9dbbef76e
2023-03-31 08:07:40,True,4.6556,0.01477,361.973,5.34698,0x8b...88f6,https://bscscan.com/tx/0xae5a92422225033ebeb4cfbf71877849bdeb82a52af00f084fadd51a1a11e7cc
2023-03-31 08:07:40,True,4.5983,0.01459,65.8212,0.9603,0xf3...0989,https://bscscan.com/tx/0xcbae8003d845a98760f1a00e31418119e7292ec7e65a6b139a460338a7d30225
2023-03-31 08:07:40,True,4.5705,0.0145,144.581,2.09667,0x5f...ee88,https://bscscan.com/tx/0x0aca0e84d57b39c1736f807815d0efd64fb282d67a918e4dc05e8c40523ce5fc
2023-03-31 08:07:40,False,4.6,0.01459,539.464,7.87355,0xae...8758,https://bscscan.com/tx/0xbd6d15af0f84ff0907c31c0f58eed7ec9adbb47cbe341e88c30c87194701150f
2023-03-31 08:05:07,False,4.7032,0.01485,60.0831,0.8922,0x62...1f10,https://bscscan.com/tx/0xacc278d3a818df231f5e428563241c89a8498f3e592ea12bc9b6cbea5a95e7e4
2023-03-31 07:54:25,False,4.7215,0.0149,60.436,0.9006,0x8b...88f6,https://bscscan.com/tx/0xbfe04a47ac4947e66c64fadb0b7ccb8e784e6d085b03a8b7ee105f34bda08c46
2023-03-31 07:53:13,False,4.7145,0.01493,22.4609,0.3355,0x8b...88f6,https://bscscan.com/tx/0x4d41b1d50c5ff64de8ddeca7261ec3163f1d6af971e79e878985addd6826c4d5
2023-03-31 07:43:01,True,4.7677,0.01502,0.8378,0.0125,0x0d...c520,https://bscscan.com/tx/0xb1bd804bb1cdc3b6b7813b66c9efee9865d7838e0e78ed0f15e9c83e202e0703
2023-03-31 07:40:34,True,4.7623,0.015,39.4186,0.5914,0x2d...7822,https://bscscan.com/tx/0x23541101bdb642bb5e8e85e2634bdd18a131d72e08bcfa844c317addef21fe23
2023-03-31 07:36:22,True,4.728,0.01496,41.7412,0.6248,0x71...69e3,https://bscscan.com/tx/0x22ff96f433d75bee078b3a9cc105cf6bba5379cbe2bc97911f2eb92e26585a5d
2023-03-31 07:34:19,True,4.7403,0.01493,34.4829,0.515,0x2d...7822,https://bscscan.com/tx/0x18c2c18cce9756514c690fd1b8b2b8c46be91738341fb0f6575e6996ffcf6e79
2023-03-31 07:20:10,True,4.7331,0.01491,20.0,0.2982,0xc3...ef22,https://bscscan.com/tx/0x16da873cbb653819c7b4036067ece9f3ec694f37a0f5e285550816e5fcf545f2
2023-03-31 07:18:58,True,4.6979,0.0148,234.68,3.47376,0x8b...88f6,https://bscscan.com/tx/0x5914b47a8cd8fddcdce8746855b37f622c1c8eb619de79bad944e5b441b7ce2e
2023-03-31 07:18:58,False,4.6695,0.01471,198.732,2.92391,0x43...b691,https://bscscan.com/tx/0xd68675c395daea43d8ab1c2dc077834b343471b4e09f30b64460da6fbbe9e950
2023-03-31 07:12:58,False,4.7034,0.01481,47.8149,0.7085,0x2d...7822,https://bscscan.com/tx/0xc8d4800748280cc6b644e09a2633724a2fa5d0c6a6c0e3d32753ecf3330e7912
2023-03-31 07:09:55,False,4.7148,0.01485,32.8679,0.4881,0x2d...7822,https://bscscan.com/tx/0xd4516ca08c2036dc9ce6890182b056bf37095d3d05bb8d0a24bddb5944844620
2023-03-31 07:04:25,False,4.7237,0.01488,35.4251,0.5272,0x2d...7822,https://bscscan.com/tx/0xdc34278bf5279430641758e5e228b14e637ce73492d5eb44c3dfb8d86d503713
2023-03-31 07:00:55,True,4.724,0.01495,32.5206,0.4864,0x2d...7822,https://bscscan.com/tx/0x1fbcdeab8002bb7eea9ef51ecceea009b992ad814a7de06d7bb27c95121d6fd9
2023-03-31 07:00:46,True,4.7151,0.01493,31.954,0.477,0x2d...7822,https://bscscan.com/tx/0x3e1e5ca6b61d32e830361b2d2c973d7f4e0823209bdc2933ad45c5f97c3d6c7f
2023-03-31 06:46:45,False,4.6903,0.01485,33.1089,0.4918,0x2d...7822,https://bscscan.com/tx/0x2682888dd14096a5d4a1c2d07e693c31133608bc1eb6972f0db20df9de1e5a94
2023-03-31 06:46:12,True,4.7402,0.01493,13.3472,0.1994,0xa6...b7b8,https://bscscan.com/tx/0x290df9c30645f19a509ff408babac1653598bc0bfc51e143e7fd300af61dcf2e
2023-03-31 06:40:21,True,4.7317,0.01491,36.3836,0.5427,0x2d...7822,https://bscscan.com/tx/0x6ca1a03f6418dfff399208116940ed49292e3597d44c7bd80662e49a6adfb846
2023-03-31 06:30:15,True,4.7003,0.01488,33.5703,0.4997,0x2d...7822,https://bscscan.com/tx/0x8e15ade2c43bff61db16e6fa0bd07f51e15f921fd91590b0b15818656dedf2f8
2023-03-31 06:23:54,False,4.6825,0.01481,39.4086,0.5838,0x2d...7822,https://bscscan.com/tx/0x7a46c8b1f1e30841c4fd099f52d897223395b662cafd5fef0f070c02995216f7
2023-03-31 06:22:09,True,4.7346,0.0149,2.68074,0.0399,0x0e...2f4c,https://bscscan.com/tx/0xed0f6a466b212f38bbd55187d71f71df80b021596b94095919e2b0d55bd6d4ab
2023-03-31 06:21:54,False,4.7162,0.01484,40.9251,0.6076,0x2d...7822,https://bscscan.com/tx/0x22b893cb043289c183ca9e797692ec896d42cbf49e1e97e691d5d14cca4a01d1
2023-03-31 06:16:45,False,4.7236,0.01486,3.0,0.0446,0x40...83eb,https://bscscan.com/tx/0x611c77c3c997aedb420017c57141f7dc3eb430dcb4c32d738d92126334c445a9
2023-03-31 06:16:12,False,4.7285,0.01488,31.041,0.4619,0x2d...7822,https://bscscan.com/tx/0xf52ecd45a393e94f19d0711b1815a2fa0681d2bf3be1aa46dc8f76adf4563999
2023-03-31 06:15:27,False,4.7151,0.01491,33.991,0.5068,0x2d...7822,https://bscscan.com/tx/0x146bca9a973b9b0914d1bcfe7eb08daa02a71a639fd47b0d03be0c3b80bc832b
2023-03-31 06:06:33,False,4.7291,0.01494,50.0062,0.7474,0x00...78d2,https://bscscan.com/tx/0x7b09792087691b077e3c20a8f66ee38e5f54e365519d7daead6e4c3b15b618a0
2023-03-31 06:01:09,False,4.7374,0.01497,3.65466,0.0547,0x2d...7822,https://bscscan.com/tx/0x8859b1aeb83b8d503a35f6a5e982183840e107b12e1506dbbd34c89dd52b025b
2023-03-31 06:01:06,False,4.7425,0.01498,32.4307,0.486,0x2d...7822,https://bscscan.com/tx/0x69ee4341bf2ee70851c4d7eeecc579798cf44723363a37e7eae1359478f3102f
2023-03-31 06:00:36,False,4.752,0.01501,35.9268,0.5394,0x2d...7822,https://bscscan.com/tx/0x4af2a949b488f12dfb821e030e45d3c6efd2459b9d479be88969de9098c448a5
2023-03-31 06:00:33,False,4.7625,0.01504,39.2226,0.5902,0x2d...7822,https://bscscan.com/tx/0x19ad34dbf373da1b1902c3a15b582efdc31067da2ec940d9375e78045032165d
2023-03-31 05:54:33,False,4.7767,0.01509,57.9093,0.8739,0x91...79fe,https://bscscan.com/tx/0x35282facee37b6f0b1e709200a53a33fe5d345e1bfb14a7f677a54b3f51d5f46
2023-03-31 05:38:02,False,4.7826,0.01511,8.0,0.1209,0x08...7789,https://bscscan.com/tx/0x6c5f218222c30688085234357ffb4e934c59f8b9056775295c03c996635292c0
2023-03-31 05:32:44,True,4.8225,0.01518,40.5061,0.6149,0x82...2196,https://bscscan.com/tx/0xebcf2bec099fb98c6156ab8ac81c244c7cf4415864417ea3fc9af0d7c3436e99
2023-03-31 05:28:30,False,4.792,0.01508,2.0,0.0301,0xfa...4149,https://bscscan.com/tx/0xed1d75b35ba91956d836953c758c5bbc9e93b1a685ec763abe97a2e45719f884
2023-03-31 05:24:06,False,4.7978,0.0151,42.9875,0.6495,0x52...1c7e,https://bscscan.com/tx/0x9ea63aa48095208593ded2033df7e4cde249c726f6552d01b160dee281c403f8
2023-03-31 05:19:57,False,4.8106,0.01514,42.1887,0.639,0x91...79fe,https://bscscan.com/tx/0x558afc80825cc61addef2312b72e3b314ceeb601cd57d2ddfcaef8098044313b
2023-03-31 05:16:45,False,4.7926,0.01516,1.09546,0.0166,0x1d...f269,https://bscscan.com/tx/0x9b2e7ace12a6729f53ab4260e9f1bd7d065fb68cd9a2c60f54d846369b19898f
2023-03-31 05:15:57,True,4.8354,0.01522,38.6911,0.5891,0x2d...7822,https://bscscan.com/tx/0x522dd4d108c315dc7995db5179bb7056c80cdb553211c134e10de05cc2dec4a6
2023-03-31 05:11:57,True,4.8281,0.01519,33.5672,0.51,0x2d...7822,https://bscscan.com/tx/0xc55bee43263c4d8e62b2ec84e8c8c1a169641f13d4fecb4db397fb6e2df3b976
2023-03-31 05:09:24,False,4.7853,0.01513,71.7683,1.08617,0x2d...7822,https://bscscan.com/tx/0xab329894b3f67d74077c949991617a38b5479e26b5953ab1d551c57b117c5ab7
2023-03-31 05:09:24,True,4.8047,0.01519,103.543,1.57344,0x69...3a41,https://bscscan.com/tx/0x2ad43116de66f6cc554d93900b37a1100102e2e476248c0cd4702aa38ed8eec5
2023-03-31 05:08:18,False,4.7973,0.01509,50.8796,0.7681,0x52...1c7e,https://bscscan.com/tx/0xbe8cdea79becd9d41c1fbc9189c3520153746ae5c5e85b5be39c2b4dc1bbe68e
2023-03-31 05:06:57,True,4.8218,0.01517,48.7352,0.7394,0xd8...47bd,https://bscscan.com/tx/0xc1268376995ba99656c397108bfa25a47904ea25a555500685682f6dbde899c3
2023-03-31 05:06:18,False,4.7915,0.01507,3.64359,0.0549,0x20...1680,https://bscscan.com/tx/0xcc4a01672e1d676f9e6b0873f04e23b330dd40a94ac633978371a0ddef6db043
2023-03-31 05:05:00,True,4.8094,0.01513,43.1955,0.6537,0x34...7c76,https://bscscan.com/tx/0xa8752e8ad8f01f7a4d27477be025c6d0aa3be96948475e91c8eb853aa5a823ae
2023-03-31 05:01:36,False,4.7878,0.01506,44.0805,0.6638,0x91...79fe,https://bscscan.com/tx/0xb215b263607630b9cbec056750886792245cef06bfc9600a5bee70eac37460d3
2023-03-31 04:59:36,False,4.7946,0.01508,1.08076,0.0163,0x8c...638a,https://bscscan.com/tx/0x1ca24596cd0b4044695527ef87fa5954abd4dadb6ffc463f0c7d05516e4c6090
2023-03-31 04:55:54,False,4.7719,0.01508,4.65951,0.0702,0x2f...be22,https://bscscan.com/tx/0xac4c5d1e0549a8674084897fbb7974a7d584036556e5183f3aefc3ef97c1f4c3
2023-03-31 04:53:45,False,4.779,0.0151,44.4792,0.6718,0x52...1c7e,https://bscscan.com/tx/0x2a652d29c45bf0e1a52e3f2044a2d8fd861da547a6ce07623634f276fa54702a
2023-03-31 04:49:03,True,4.8275,0.01518,39.0691,0.5931,0x2c...015a,https://bscscan.com/tx/0xf0eafe33bfdee5212f8af1b290049d54b920e241322de043738f6d8dc64e3e9e
2023-03-31 04:48:00,False,4.8042,0.0151,44.1767,0.6674,0x52...1c7e,https://bscscan.com/tx/0x6a6b4cefa587d7cffbe0d4fbe549dda2363840f911394272f03705a01b9016c0
2023-03-31 04:44:27,False,4.8112,0.01514,24.1186,0.3651,0x11...a5bc,https://bscscan.com/tx/0x3e7846a9bf407d2b937aee16f6799eb6dc09d0cf6d99ab1a6a7d614af3e77dd9
2023-03-31 04:41:09,True,4.8344,0.0152,42.4111,0.6449,0x00...78d2,https://bscscan.com/tx/0x1e0d252b35cd0d595633c8793aa01ddddcad405ec05ac8ecd5959d566f3b9e03
2023-03-31 04:37:15,False,4.8107,0.01513,54.7631,0.8289,0x11...a5bc,https://bscscan.com/tx/0xd78aaa40f48705fe70849f330f47aa4b6db77f73522c73014e95ad13852795b0
2023-03-31 04:36:33,True,4.7955,0.01509,331.352,5.0,0xda...6e1f,https://bscscan.com/tx/0x96815fb67e2097b5010e6dc4c1538014828fe0c44656484966dbf2e8fda3fd78
2023-03-31 04:36:33,False,4.7709,0.01501,327.0,4.90906,0x88...1404,https://bscscan.com/tx/0x05dfb22e13474c8f20114870f3e6b823f3c63a628f220d6b0566e2ed62530d47
2023-03-31 04:34:09,True,4.8329,0.0152,52.9698,0.8056,0x00...78d2,https://bscscan.com/tx/0x2017b89dfa1352d74c9f299dcd1818fc51ac9f022c859b8748e79b89b950cf5d
2023-03-31 04:33:21,False,4.8092,0.01513,58.2848,0.8821,0x11...a5bc,https://bscscan.com/tx/0x1ca9163d9548351ceb5051837b69d825884333e3893e77a00a62fe3a6850cecb
2023-03-31 04:31:51,True,4.8114,0.01521,48.9787,0.7452,0x00...78d2,https://bscscan.com/tx/0xfb93f9e71f5ec8753c63517127dada1df11130c6c07ce8c6eabb0600c114963c
2023-03-31 04:29:18,False,4.779,0.01511,4.0,0.0604,0x91...e7ef,https://bscscan.com/tx/0xd8d56e7899a1b2aa9a90d823ed002be91dfca07172bf4adc6a9138aea79a1f73
2023-03-31 04:28:21,False,4.7822,0.01512,2.82225,0.0426,0x89...3571,https://bscscan.com/tx/0x59f1b2321551aaa1ba8772821bfc3eb4281b3ab3f13b8f13458b16e069ebcfea
2023-03-31 04:28:03,True,4.8223,0.01517,59.458,0.9021,0x00...78d2,https://bscscan.com/tx/0xc208af30c8f229aea99d059677c45acd4a3ca55dd6aca8ec61cbcde5a19c59c3
2023-03-31 04:27:00,True,4.8127,0.01514,7.63232,0.1155,0x2d...7822,https://bscscan.com/tx/0xc243ef76ad90b3bf1e7ce878f29a4fd7f7f4eae2b556c0cbbb3d845a5a1223d4
2023-03-31 04:27:00,True,4.8052,0.01511,45.2131,0.6836,0x00...78d2,https://bscscan.com/tx/0xd6dbae24263ef2c9192db225ab566913c718b3c46e8a21e7a1ac6092bc92c54e
2023-03-31 04:25:30,True,4.7932,0.01508,39.174,0.5908,0xef...cab1,https://bscscan.com/tx/0xdea354e4211b0a45d65a20f0ceaeccf1e62dd59b96270d9c2842d71b169f9cca
2023-03-31 04:24:42,True,4.7821,0.01504,39.7953,0.5988,0xb3...55e7,https://bscscan.com/tx/0xfcc0cb8ce9d34d8d21df0f032575ffd64a04ffe101bcb99d5337ac14c75817a8
2023-03-31 04:23:03,True,4.7723,0.01501,28.6826,0.4307,0x2d...7822,https://bscscan.com/tx/0xa95d9ce683ac546ec84b604e5404ed28945e022d9f663f26412a28ecf00b3d6e
2023-03-31 04:22:06,True,4.7614,0.01498,46.8141,0.7014,0x2d...7822,https://bscscan.com/tx/0xa7f7e419e102f0a14f7bc09089c505b5344530c17174fb279995367b01201f35
2023-03-31 04:21:27,True,4.7493,0.01494,36.1274,0.54,0x2d...7822,https://bscscan.com/tx/0xcdd2e4175210b53654440f276fad531cd38e6e68de860181ef9b75da2586247f
2023-03-31 04:21:12,True,4.7388,0.01491,39.5139,0.5893,0x2d...7822,https://bscscan.com/tx/0x2477b20c81dc5b049e29591fed3f321963eef7d5bb5fb8338ea2b1de6e0aeb73
2023-03-31 04:14:03,False,4.7102,0.01483,16.1149,0.2389,0x11...a5bc,https://bscscan.com/tx/0x67d881077ec8c38ce03ea15d2e6d1287bfef399638deaa86ca2d727722bed227
2023-03-31 04:14:03,False,4.7177,0.01485,38.7844,0.5761,0x2d...7822,https://bscscan.com/tx/0xbb245059120976eb503cbdf056eef6f0d68ea966fa9553c983761b65cc9a81c7
2023-03-31 04:12:09,False,4.7007,0.01488,23.1936,0.3451,0x11...a5bc,https://bscscan.com/tx/0x7b9a3a082c3439791e5bccf5ec6ba2396bcb959dcc7c22656eef03242dc470eb
2023-03-31 04:12:09,False,4.7082,0.0149,31.6684,0.472,0x2d...7822,https://bscscan.com/tx/0xa8747d6d0f7ebda2bf3e4e9f6b9b5a847652398a8d2ea50a62ad73a2230b3257
2023-03-31 04:10:36,False,4.7449,0.01493,45.2166,0.6754,0x2d...7822,https://bscscan.com/tx/0x5e51a4282b154ad4f3d8b39ca6a0d216da6a8c72f9cfc7b657e1aefb3bb643a0
2023-03-31 04:07:42,False,4.7536,0.01496,17.7042,0.2649,0x11...a5bc,https://bscscan.com/tx/0x1986698959b3df4c04859ee08176bf6cfef6c23eba68e70f6850280181b6360b
2023-03-31 04:07:42,False,4.7615,0.01499,38.4769,0.5767,0x2d...7822,https://bscscan.com/tx/0x7c58d3f81b30e79401991f6afcf3b8652780115af35a68cff0775c0833acb24a
2023-03-31 04:03:15,True,4.7641,0.01506,41.9455,0.6318,0x34...7c76,https://bscscan.com/tx/0xf5702507ca4ae70c58bb3d263e2e6a9871b8a0baf57f8f6075b48771e249aaac
2023-03-31 04:02:15,True,4.7739,0.01501,59.2123,0.8893,0x00...78d2,https://bscscan.com/tx/0x864ddaeac31f5a771696acf81cdaeab467c9cfd81104abd6af8b6b4220ceb2df
2023-03-31 04:00:27,True,4.7595,0.01497,47.5506,0.7119,0x00...78d2,https://bscscan.com/tx/0x31245172746f2383b70c29634dae6a1dc129f7726e6a013e87c9120b49f04cc4
2023-03-31 04:00:12,False,4.7333,0.01489,30.0,0.4466,0x90...0bb0,https://bscscan.com/tx/0x1dae2f5d2b0976a95c63d34830941fe1106cf51f17a1af87dfce20329527c955
2023-03-31 03:41:44,True,4.7356,0.01496,31.8639,0.4768,0x2d...7822,https://bscscan.com/tx/0xffe50b2c4289d25550bf01723a3d5552321aa3f79ca39883374b179605386748
2023-03-31 03:41:14,False,4.7412,0.0149,68.6462,1.02317,0xe3...113b,https://bscscan.com/tx/0xea2f2d15a05ea74db41cab1a2eb641bb1ff5b1b6ff94b0cb86a85544a942027a
2023-03-31 03:40:26,False,4.7542,0.01494,27.007,0.4036,0x91...79fe,https://bscscan.com/tx/0xaa86ba7b7ac6eefca4f9095b23949272ba761aa83cf9b253d994ff2c59112c04
2023-03-31 03:40:17,False,4.7584,0.01496,2.68352,0.0401,0x0e...2f4c,https://bscscan.com/tx/0x55a556d75234dd88d21e65a5672906807265e021b87935cff783bfb65f605db1
2023-03-31 03:39:47,False,4.7591,0.01496,2.038,0.0304,0x38...28dc,https://bscscan.com/tx/0x4151c76ef0b8c31bb61bc17bf7793c060ef518319d236b4046aedf83af1542e7
2023-03-31 03:39:44,True,4.7787,0.01502,32.2805,0.4849,0x2d...7822,https://bscscan.com/tx/0xcc7ad0f9e46e09df22af5653c9c235fdb190abc666df931c220f613a026ad401
2023-03-31 03:39:32,True,4.7457,0.01499,33.8239,0.5071,0x2d...7822,https://bscscan.com/tx/0xbce2ac454f18084a548742b6450e805cc97c1f820217b2449a34dac520a39c77
2023-03-31 03:35:20,True,4.7606,0.01496,31.0195,0.4642,0x2d...7822,https://bscscan.com/tx/0xa6526f648c42beb49da7df9c964e216aa26f465104d5a5a75f68e5d07c2d0c6a
2023-03-31 03:35:11,True,4.7519,0.01493,31.5279,0.4709,0x2d...7822,https://bscscan.com/tx/0x46b006aa35724977168148441c433126bb9a9a45bbc29cb085bd01facf829b59
2023-03-31 03:27:24,False,4.7302,0.01486,38.5384,0.5729,0x2d...7822,https://bscscan.com/tx/0xa99e379686ccc9db9858edbc9b8bbcf5872b35be3cf2bbf914962dffda4ba78e
2023-03-31 03:26:15,False,4.7409,0.0149,38.8284,0.5785,0x2d...7822,https://bscscan.com/tx/0x47ad103f339b5d705def47f20faf5ea5f3d586e3de8513401175f85b7243ddd1
2023-03-31 03:26:15,True,4.7552,0.01494,107.056,1.6,0x0b...5f90,https://bscscan.com/tx/0x05bfc48188899867738cf5ab889a0e53c3416eef0c4a7d886ea897b7ac49a1ee
2023-03-31 03:23:00,True,4.7351,0.01488,41.2902,0.6144,0x2d...7822,https://bscscan.com/tx/0x876b72a7b54a41f5a26153f5e78a66bbb34d21184672610f658346c8601cecf7
2023-03-31 03:22:54,True,4.7251,0.01484,31.3707,0.4658,0x2d...7822,https://bscscan.com/tx/0x9830fe5e52861299f6f1a5940be2ded2e77d0509ddc0ebdb729f9f6ce11089da
2023-03-31 03:22:24,True,4.6923,0.01482,36.0957,0.5349,0x2d...7822,https://bscscan.com/tx/0x6f71daa36c6b1c7c4da12e9fda27cce4ac3d35ae42994f22cd032969d2e478b6
2023-03-31 03:13:45,True,4.7042,0.01478,42.5252,0.6288,0x2d...7822,https://bscscan.com/tx/0xf57c0652a44275d5bba781db4eae00d0397b1d1a4ac720b9ec9baedfc9f63882
2023-03-31 03:09:09,False,4.652,0.0147,33.4922,0.4926,0x2d...7822,https://bscscan.com/tx/0x2346ab2920089930c08c2d8c339eb699bc6fc52ff1875b5f36f7976de69b3991
2023-03-31 03:07:03,True,4.6973,0.01477,42.5768,0.6292,0xb6...4942,https://bscscan.com/tx/0x1018ed73827d14b5fd35c4da4be9013f0fde7c4d74e2ea4bc8b2de902bf3d6dd
2023-03-31 03:01:30,True,4.6782,0.01474,33.1046,0.4881,0x2d...7822,https://bscscan.com/tx/0x7dc0f8bfad2223575532c2551c06ce198552b707e05050c8620874cb18d973ed
2023-03-31 02:51:48,True,4.6651,0.01471,42.8686,0.6307,0xb6...4942,https://bscscan.com/tx/0x6a7010a207306cb744c28962eb0ff7ca197618d20cfa7ddd885a7f8b9fb7cb53
2023-03-31 02:37:36,False,4.643,0.01463,32.1371,0.4703,0x2d...7822,https://bscscan.com/tx/0x9f91fc79a2af6587e05623a8ca0418b48b7c63bd213bad0383aba4e3eb9c3fb3
2023-03-31 02:36:15,False,4.6518,0.01466,31.7387,0.4653,0x2d...7822,https://bscscan.com/tx/0x90d6c15a6a7d99ddf9ba58fe6b00312b088dce88afbd03857ea424d02c21003b
2023-03-31 02:34:39,False,4.6376,0.01469,34.3953,0.5053,0x2d...7822,https://bscscan.com/tx/0xaa08447076946d6605fc950716bbf170e4d472f524f37c9b6de2bdf507562c6b
2023-03-31 02:30:09,True,4.6598,0.01476,31.3472,0.4628,0x2d...7822,https://bscscan.com/tx/0x3006610b03211e532feadbc25921057b01d2076f8e13b23a28add4def8acb6df
2023-03-31 02:29:39,True,4.674,0.01473,31.8568,0.4695,0x2d...7822,https://bscscan.com/tx/0x26b74eb15e1e2145de5d8f1ca8458b3dec25ac51ec6f41f7bf1aa79f530a3df2
2023-03-31 02:28:12,True,4.6633,0.01471,34.0883,0.5014,0x2d...7822,https://bscscan.com/tx/0x81ce64f995a7bcc02952af7f85741ca3fdf5d5df7b9853dc6e4b0a5c58ac1678
2023-03-31 02:20:54,True,4.6572,0.01469,5.38675,0.0791,0x2d...7822,https://bscscan.com/tx/0x484ce2598347344659b76d2497961188ef61f4c421ffec52072d87159a03bec3
2023-03-31 02:20:54,True,4.646,0.01465,77.7212,1.13928,0xe3...d2ff,https://bscscan.com/tx/0xa4f052dbc9493d4331bbceae0f8aa6f36aa771ce9c33ebdf1048fdbdeb497fe3
2023-03-31 02:20:51,False,4.6276,0.0146,113.636,1.65915,0xeb...1447,https://bscscan.com/tx/0xffe13c1fd160211a723537fc27b960d20f86205a5ec2601b73b767261e9e50f9
2023-03-31 02:19:03,False,4.6493,0.01466,44.7459,0.6563,0x2d...7822,https://bscscan.com/tx/0x235bd4e847998865845b9ffb8bc071449207a962b4d9bbc6f485d3ceeae88eb0
2023-03-31 02:18:48,False,4.6596,0.0147,32.4073,0.4764,0x2d...7822,https://bscscan.com/tx/0x6cca6e88d3b634166411293e1632e84869f17578b25ea1a0cfafb087a859396b
2023-03-31 02:13:12,False,4.669,0.01473,36.989,0.5448,0x2d...7822,https://bscscan.com/tx/0xb3bd573dc31bf26ad29e82ff08ccd9c8e293b632006b082634b29c30163b5694
2023-03-31 02:11:36,False,4.6792,0.01476,36.8857,0.5444,0x2d...7822,https://bscscan.com/tx/0x29bacdaedf007abc2e82099983186d98c47e91ba36f8d14d5b0e5988ccd1c1f0
2023-03-31 02:08:57,False,4.6686,0.0148,53.3071,0.7889,0x52...1c7e,https://bscscan.com/tx/0x751d29106c5beaa3ee4f6bc56e8927d79ccecab3d12cc76cace5c059ba9b08f7
2023-03-31 02:08:00,True,4.7184,0.01488,33.3407,0.4962,0x2d...7822,https://bscscan.com/tx/0x04e41012d5b8f76b1c79e641360ce75020b63a56ad2b52a9f3a71693d5a90bbb
2023-03-31 01:59:36,True,4.6831,0.01484,45.0232,0.6685,0x2d...7822,https://bscscan.com/tx/0x343cb5d9225dd7e4d3e15d9cf61d6d9591b7f7bbb9ab65fa83f27e645317f5cd
2023-03-31 01:41:35,True,4.6714,0.01481,39.0348,0.5782,0x2d...7822,https://bscscan.com/tx/0xe8a54f992ca39d367e495c2e89bd7234c8b556fdafea392be6ddfeb2b5563196
2023-03-31 01:41:14,True,4.6816,0.01477,58.4836,0.8638,0x2d...7822,https://bscscan.com/tx/0x0ed2c707481f509ccb8840cfdd56aa43e5213254671d29571ee1000c23c402dc
2023-03-31 01:34:32,True,4.6733,0.01474,4.03607,0.0595,0x2d...7822,https://bscscan.com/tx/0x16a820c787d8031c92c479091c0fa6339a49cc1a7b0ec88565194f1f2c00da69
2023-03-31 01:34:32,True,4.6661,0.01472,49.3649,0.7267,0x00...78d2,https://bscscan.com/tx/0xf28d79d3bf7f2576a7ced0459e5677958b3e0126f24783c68e648c74ad5dc690
2023-03-31 01:23:23,False,4.6156,0.01463,20.0,0.2927,0xda...b9bd,https://bscscan.com/tx/0x284a458494768721f1a0acc1b12c3ab09c37c7e8102a8284752a427ba3a2f372
2023-03-31 01:13:35,True,4.6349,0.0147,36.9876,0.5437,0x2d...7822,https://bscscan.com/tx/0x622fc9358ffe4b72d38447702fa49cba6aab5f20a03199f963ba8412c941e72f
2023-03-31 01:11:11,True,4.6555,0.01468,2.6089,0.0383,0x2d...7822,https://bscscan.com/tx/0xd3e5d4ca6808edd5cef2f5862add0df73b18a415ac09f3befda32ca234705de4
2023-03-31 01:11:11,True,4.647,0.01465,60.5574,0.8876,0x00...78d2,https://bscscan.com/tx/0xdaae798f2285e07832e7f50595785e577e0c7484a2bf0b4aea4b749c2fe167af
2023-03-31 01:10:50,True,4.6131,0.01463,2.07888,0.0304,0x34...8793,https://bscscan.com/tx/0x6b86f5b9e1c9f37b91c51ef037efef019d0bb825544cdc75280081268bca6d6f
2023-03-31 01:10:35,True,4.6309,0.01461,38.6041,0.5641,0x2d...7822,https://bscscan.com/tx/0x703cacccf1de9e5724ffd589a171200cbd43e11c30629d56f93cea840092ce57
2023-03-31 01:10:35,True,4.6,0.01451,194.179,2.81878,0x11...a5bc,https://bscscan.com/tx/0xeaf351bdd77ea9b762b4d267e307133a72695a46d86fcfaed3e74d5ae1840273
2023-03-31 01:10:35,False,4.5867,0.01447,267.424,3.87082,0x12...4c7a,https://bscscan.com/tx/0x8ea97d5e70cf9648c6dcf40b9196a41b08cd56279aab01aeae3807900e783b03
2023-03-31 01:06:06,False,4.6003,0.01458,4.0888,0.0596,0x2d...7822,https://bscscan.com/tx/0x04195e7f10265d4922b40ecce02eb4286d09c713991d40e608f8fa330830d73f
2023-03-31 01:06:06,False,4.6135,0.01463,94.7859,1.38667,0x00...78d2,https://bscscan.com/tx/0x7a486b9dffab0ac819d0333097f3a7b33ac544ca15c0e7040fa349e1046ec8e8
2023-03-31 01:03:02,False,4.6498,0.01467,4.0,0.0586,0x40...83eb,https://bscscan.com/tx/0x9eaef27897b9772d1a40138db31bfae081f860b6501d3c2097f9dbf65e6923a7
2023-03-31 00:49:55,True,4.6812,0.01474,2.74236,0.0404,0x90...48cd,https://bscscan.com/tx/0x3b3aa9e011958b879657981b4b0b70d4b4480336071533e479910d7b9db6dac5
2023-03-31 00:49:52,False,4.6617,0.01468,31.6956,0.4654,0x2d...7822,https://bscscan.com/tx/0x3b21fb145f958b8a6d2e04acdecf92af6e419eeb072b58b07ea1a495615c375c
2023-03-31 00:49:31,False,4.647,0.01471,32.1297,0.4726,0x2d...7822,https://bscscan.com/tx/0x59d67d520f9fecb916b6f8ee5d86341f2eb963a2b10b57fe7370a9fe50fdfb15
2023-03-31 00:49:28,False,4.657,0.01474,41.4404,0.6109,0x2d...7822,https://bscscan.com/tx/0xf27daca2553b00ce804a3f41709140342051e69a463dc7197bd7eefb722fca73
2023-03-31 00:37:31,False,4.6904,0.01477,44.167,0.6527,0x2d...7822,https://bscscan.com/tx/0x16d489a31f2d2777c7dd13094237c1716eb2096386c41aa60dacedeee8d3b81d
2023-03-31 00:33:10,True,4.6894,0.01485,43.9826,0.6533,0x82...2196,https://bscscan.com/tx/0xc315b0d85280ba447f2b7174d8fd13abde2d0d622897eb9eed82b385f659d830
2023-03-31 00:32:31,True,4.703,0.01482,32.9004,0.4876,0x2d...7822,https://bscscan.com/tx/0x5da5ad3ba51bab87d29accd5c8856c839860b57657dcae61bc53ad54508e442b
2023-03-31 00:32:13,True,4.6705,0.01479,33.226,0.4914,0x2d...7822,https://bscscan.com/tx/0x7816b335dda820c83374b12fafe984a8fa8eb798bd871d81b2539247ddf6c0d9
2023-03-31 00:25:34,True,4.6895,0.01477,7.67425,0.1133,0x34...8793,https://bscscan.com/tx/0x229c503ea48d4539c9bec8c997ca5d3892f991b3b608db4583d0ddbf735e453d
2023-03-31 00:23:28,False,4.6712,0.01471,46.5701,0.6853,0x2d...7822,https://bscscan.com/tx/0xdcf2a3fa71b22bef834fc396327c9b6cacbf3f5c693fad8264af6ac1c9849ea9
2023-03-31 00:22:34,False,4.6815,0.01475,30.8722,0.4553,0x2d...7822,https://bscscan.com/tx/0xd35f5e9b2bf27d7c7c85411068150b845daf6cd5838a7fde24e4d0d717e99ee0
2023-03-31 00:20:37,False,4.686,0.01476,5.32969,0.0787,0x2d...7822,https://bscscan.com/tx/0xc26c656c6efa7374870ba43d0c2b3240e89ec7e62e9861a1c85d4e0c7484ac45
2023-03-31 00:20:37,False,4.6925,0.01478,42.4526,0.6277,0xa0...cc8d,https://bscscan.com/tx/0x1017a56cb79206fc328bf840bc36ab5db18bfb0c979b797cdb9848a54fca381a
2023-03-31 00:18:40,False,4.68,0.01482,35.0648,0.5196,0x2d...7822,https://bscscan.com/tx/0x3eaaabf967cf2cf02e01dd0475711919bd7e8711b2bebc68c6886d570c39c4bd
2023-03-31 00:15:19,False,4.6893,0.01484,33.8286,0.5023,0x2d...7822,https://bscscan.com/tx/0x85202878ac5babd702c4369deff49275bc8d627361dddd3b8d287b06f27c7b2b
2023-03-31 00:15:07,True,4.713,0.01492,32.5573,0.4859,0x2d...7822,https://bscscan.com/tx/0xed337acb22749379d8bcd4fdca7cfcd9c5259510de4336cf4378301a6369d0f1
2023-03-31 00:15:01,True,4.704,0.01489,32.5083,0.4842,0x2d...7822,https://bscscan.com/tx/0x6721b366ef97a90f9a1355caff97c19b77bb2ccb0ed6cdd4ebaece5cac5542b5
2023-03-31 00:14:10,False,4.6807,0.01482,32.9058,0.4877,0x2d...7822,https://bscscan.com/tx/0xe9c8c29b7394b28825e4ea86dd272e032ff016139ca35f7f8536b945743c8dcb
2023-03-31 00:12:22,False,4.713,0.01485,32.8034,0.4871,0x2d...7822,https://bscscan.com/tx/0x67f9627c34ce20bef7b37f95ab6b8efc98f4e95aa37ce89e9b27c9390ca27202
2023-03-31 00:10:04,False,4.6991,0.01488,39.2064,0.5834,0x2d...7822,https://bscscan.com/tx/0x7f31833e9905d29db6133fa7a91659c0a3c3e0ffbb0572afcc629c88938731bf
2023-03-31 00:08:37,True,4.7272,0.01489,176.796,2.63357,0x2d...7822,https://bscscan.com/tx/0xc91f53636b73668df3b3a01698400e580c1c15ba9a5632be3a47c3c24dcd4a41
2023-03-31 00:05:37,False,4.6885,0.01477,62.6715,0.9258,0xda...6e1f,https://bscscan.com/tx/0xca081c9cb94199f9947bb29d1b3eb9d4a21ea193d6c468e173fb70e6a350a399
2023-03-31 00:01:46,True,4.6923,0.01485,33.6728,0.5003,0x2d...7822,https://bscscan.com/tx/0x6af991120f0ad4a00fb326cc4b97320c63b2a9fefde9389725d30fb46f77df2c
2023-03-30 23:53:58,True,4.7137,0.01484,8.40742,0.1248,0x14...b438,https://bscscan.com/tx/0x09626705151e0c5856872ad9a0ebf5011122310eed9569291d2029fd3bbb6bfc
2023-03-30 23:49:52,True,4.682,0.01482,32.9954,0.489,0x2d...7822,https://bscscan.com/tx/0x31347c6b3dd4910f29bdc690a61212e4ed6579678b2474d6d4c6685c7ad65f40
2023-03-30 23:49:49,True,4.673,0.01479,32.921,0.487,0x2d...7822,https://bscscan.com/tx/0xa99af81f40ff1651ed90bc0a980554f0338f6b3e791f9246829bf0d4dbde9c6c
2023-03-30 23:49:46,False,4.6564,0.01474,100.0,1.4742,0x23...91f0,https://bscscan.com/tx/0xa323b7c3dfb535ab2e6371c1453616d538a3385111a48c8d37cc91f21c8f4b08
2023-03-30 23:49:01,False,4.6789,0.01481,46.2432,0.6849,0xda...6e1f,https://bscscan.com/tx/0xc40c0afe778ce59416dfd81f123a12481a44fcebf29eb87a6643778059d7af08
2023-03-30 23:48:37,False,4.7099,0.01483,8.96613,0.133,0x91...79fe,https://bscscan.com/tx/0xca3d25c40e1d1ee10e7bb464c9e956aec57504d86a800bc14935e41efd4b9925
2023-03-30 23:48:37,False,4.7135,0.01484,16.9555,0.2517,0x0c...8533,https://bscscan.com/tx/0x38ec8dd07a2c13d4b57dd6ba2d8200f35bff3627638791835a998a0d4f1f0233
2023-03-30 23:48:22,False,4.7364,0.01491,149.491,2.23033,0x2d...7822,https://bscscan.com/tx/0x720442279697ddae791dc3197a6b3b2ba7cec3e04a67695caea187d854ce5eda
2023-03-30 23:48:22,True,4.7502,0.01496,220.41,3.298,0x88...1404,https://bscscan.com/tx/0x8f30ecb32130e11bd153da0e638800fb5e73026ac6e38dd0b60733e8e0337ba6
2023-03-30 23:45:31,True,4.7153,0.01485,33.375,0.4957,0x2d...7822,https://bscscan.com/tx/0xcfe55d090dae5ac834821a67f90e615b48333ffdad48f70b12505ed61f23baca
2023-03-30 23:44:25,True,4.6946,0.01478,117.881,1.74315,0x91...79fe,https://bscscan.com/tx/0x89e1e51ed0557f9d1498bb60c68d4a80828099a1fd073f90aa0867357c908676
2023-03-30 23:44:25,True,4.6763,0.01473,16.9555,0.2497,0x2f...e155,https://bscscan.com/tx/0xe10ae317705b8e94faf456d210110b4a7122af2c967ba2782a984c8ba9ca0e35
2023-03-30 23:44:25,True,4.6705,0.01471,25.7455,0.3787,0x60...fff9,https://bscscan.com/tx/0x0903acfbf2e4cd2d9a31be2a37f3db281bb106c6afff98f7040f89fd3abedba6
2023-03-30 23:44:25,False,4.667,0.0147,172.536,2.53635,0xb6...4942,https://bscscan.com/tx/0x56038dcdbe88fe8f9cfde2ab89a64cefedda31c06597bb7a8e051f1c61c9b1ee
2023-03-30 23:43:04,False,4.6906,0.01477,2.54617,0.0376,0x2d...7822,https://bscscan.com/tx/0x4b2c625b14b344aa29ac333ad101e59fa7ca0d4ec58f3cd8326a7e8870ed1b90
2023-03-30 23:43:04,False,4.6968,0.01479,42.3414,0.6264,0x00...78d2,https://bscscan.com/tx/0xc688b34b6ff2ab60b636c42e56146c7ebf5ab95736da10df0a3fa6ce9a95c725
2023-03-30 23:42:01,False,4.6872,0.01483,61.5599,0.9135,0x05...7eea,https://bscscan.com/tx/0x3ab0fcb7df129b2bb3376a5601ee9a387a51d8f81488a58f33c9066317d83013
2023-03-30 23:41:52,False,4.6999,0.01488,31.8091,0.4733,0x2d...7822,https://bscscan.com/tx/0x37455898c03028f0392c6152da61620705836bef9d3b3637447f305b4d1e46d3
2023-03-30 23:40:19,False,4.7044,0.01489,2.18,0.0324,0xd7...882e,https://bscscan.com/tx/0x9ce63c6f350977d05bde4273f72a3f19550b8533804a845df5c6fe5cc125e7f5
2023-03-30 23:39:52,True,4.728,0.01496,3.0,0.0449,0xbe...1239,https://bscscan.com/tx/0x6b31d87ec75af0e49c19e8578804b9d41025a4442d50bde01a8ca43b5f55c58e
2023-03-30 23:38:28,False,4.7085,0.0149,33.9784,0.5065,0x2d...7822,https://bscscan.com/tx/0x578b81119b9a38095569453d46dd881aba76695a587cdbdcc30f0945c852ae20
2023-03-30 23:37:31,True,4.7344,0.01499,17.0272,0.2552,0xd7...9a7e,https://bscscan.com/tx/0xf7b74f4fa0b924c21d6078dc5ffe99ab7b82826a8dee9835cb346b14158d4d5a
2023-03-30 23:36:34,False,4.7343,0.01491,19.1235,0.2852,0x0c...8533,https://bscscan.com/tx/0x50087fc592769ff363ba10fa5c0a1118e3796e687456371b02ce31e7b5d22244
2023-03-30 23:34:49,False,4.7198,0.01494,49.0132,0.7325,0x2f...e155,https://bscscan.com/tx/0xa7c5c19176e52a34e558303d1464db7a2f5a8d76cd840fb9dcb54d47e7e75a5b
2023-03-30 23:33:10,False,4.7337,0.01499,51.9889,0.7792,0xda...c952,https://bscscan.com/tx/0x102371ed2303ecf0be68ebb30b5d8ad5c85570902d86d05e90ff446bc49472d8
2023-03-30 23:32:31,True,4.7875,0.01508,8.12482,0.1225,0xd7...9a7e,https://bscscan.com/tx/0xd1e0814e6db73cc524c93497fe5ba8658d6f95c01791c611cc90d6276b94633f
2023-03-30 23:32:01,True,4.7854,0.01507,7.04674,0.1062,0xd7...9a7e,https://bscscan.com/tx/0x09688543f5c49686b2d3fdf0d3f17b63729484b53b3f090ab890ad992e6df0d1
2023-03-30 23:31:34,True,4.7594,0.01507,7.55353,0.1138,0xd7...9a7e,https://bscscan.com/tx/0x598abe98355e6a4233070eb3b348402f88107e9dbe110a129058773cf9747688
2023-03-30 23:31:13,False,4.7654,0.01501,51.0932,0.7671,0x0c...8533,https://bscscan.com/tx/0x2ee451305218c20cbdabe340af0052d450fd1ec670fa9784237f841a579beeb8
2023-03-30 23:31:01,True,4.7819,0.01506,102.712,1.54759,0x6f...e0a2,https://bscscan.com/tx/0x5429d1d07f3c8c1e5422930bcd55ebb1c7bca0b945b48810c81cc1ad2e383659
2023-03-30 23:30:46,True,4.766,0.01501,11.3423,0.1703,0x2d...7822,https://bscscan.com/tx/0x3a629260f26210f5688409ab1be64b3d3c3a7267ab9d6c1397866d9cc119a340
2023-03-30 23:30:46,True,4.7579,0.01499,46.2852,0.6938,0x00...78d2,https://bscscan.com/tx/0x9fce7491e001874d75707b5051d679a7ef8e1e5b8b92df977e76aca21c976694
2023-03-30 23:30:28,True,4.7222,0.01495,39.7369,0.5942,0x2d...7822,https://bscscan.com/tx/0xf0e639c292bb66dd37bba37d4bb90c35ad77a77affb3f9134a4c814ed431d711
2023-03-30 23:30:25,True,4.7117,0.01492,36.662,0.547,0x2d...7822,https://bscscan.com/tx/0xe707bb8f4c1fb4b1c93d12cc19cb7aed85d055d7d3749634d8b0e130e1944517
2023-03-30 23:28:34,True,4.6833,0.01483,171.219,2.53927,0x0c...8533,https://bscscan.com/tx/0xd2a8b982ab468f2524d8c2a039c31330ffc01909de743e052447652511ae375a
2023-03-30 23:28:34,False,4.6601,0.01475,172.536,2.54613,0xb6...4942,https://bscscan.com/tx/0xce22bc3f41d5b4b4d60c6ca986d196c33d2f725a295aca065708427ad13dfb62
2023-03-30 23:28:28,True,4.68,0.01482,198.053,2.9351,0x2d...7822,https://bscscan.com/tx/0x9845db6e53892e31afc304c3bb803312a8bdc69a83aed3bc7bcb38abfadad8f4
2023-03-30 23:28:28,False,4.6571,0.01474,202.134,2.98098,0x30...6a14,https://bscscan.com/tx/0x5eabc21cb46a3733b7eb9013457032ba082ff7b7b53db091e381d157c07c66df
2023-03-30 23:28:04,True,4.7009,0.01488,51.3387,0.7642,0x2d...7822,https://bscscan.com/tx/0x431723c56ef9676c98ae49b899103464fc6c3f20c7119132c74d0357731ca66d
2023-03-30 23:27:58,True,4.6897,0.01485,30.9343,0.4594,0x2d...7822,https://bscscan.com/tx/0xade117d5ac21104b0f759bda2bf602062787091a8aaedce156529529e4730abb
2023-03-30 23:23:34,False,4.6898,0.01477,33.0835,0.4888,0x2d...7822,https://bscscan.com/tx/0xfb0ebac9c3d53b693f15716b2b33a5b6640d0d38bb8689e93d4da660eeeffb34
2023-03-30 23:23:01,False,4.6765,0.0148,40.3032,0.5968,0x2d...7822,https://bscscan.com/tx/0x790d6673c63a6aea27fc914383fe0da6965b9a057b7c483806db99f878440edc
2023-03-30 23:22:49,False,4.689,0.01484,51.376,0.7628,0x2d...7822,https://bscscan.com/tx/0xccaf2af270765b848c891276bfbb2b5a6010dca85f8a23b80665efac0ba9663b
2023-03-30 23:08:28,False,4.7186,0.01487,1.11819,0.0166,0x1d...f269,https://bscscan.com/tx/0xc9376c901a47faf6497a447fb86eded1e49b54388d4711e2b8ca8970c7d53b32
2023-03-30 23:08:16,True,4.7208,0.01495,1.98873,0.0297,0x51...eee2,https://bscscan.com/tx/0xc9ba701f0cad1cbe20e85a44e4e0c63da488152c806f492506104f7ce201d374
2023-03-30 23:07:25,True,4.7368,0.01492,39.8103,0.5942,0x2d...7822,https://bscscan.com/tx/0x07ff99a8a0278644a3f530efb4b14e08d9fa1b16942037c68e79874174a11752
2023-03-30 23:07:07,True,4.7265,0.01489,32.1776,0.4793,0x2d...7822,https://bscscan.com/tx/0x3000951c0d643f270f4feb0daf40306f787d97674e872e35128ca959c99ad552
2023-03-30 23:04:33,False,4.703,0.01482,32.8954,0.4875,0x2d...7822,https://bscscan.com/tx/0x22b253d67b1538a40c7ee3e0665afb458438b957fd9ddbf3874c1d1d32dee857
2023-03-30 23:03:54,False,4.6891,0.01485,38.2245,0.5677,0x2d...7822,https://bscscan.com/tx/0x80e2d0ac18b4366c43b778f23dbbfd9a782d9fbb4c5356b7e089e8987434ed4a
2023-03-30 23:03:33,False,4.7229,0.01488,33.8502,0.5038,0x2d...7822,https://bscscan.com/tx/0x0af74c12e3bec858fe77e29e2715d91f90b1e215c6d1108efb52707bb474a5b1
2023-03-30 23:00:30,True,4.7454,0.01495,38.171,0.5709,0x2d...7822,https://bscscan.com/tx/0x360443764757b4d702a630d0acdfce2d26b3aaa404138871b13810b0c16ddd69
2023-03-30 22:59:51,True,4.7356,0.01492,33.0748,0.4936,0x2d...7822,https://bscscan.com/tx/0x13dec133584604a0819b8d80909fb59dcd5b0b4e2dd4a688df5ee2022c6d9401
2023-03-30 22:55:14,False,4.7074,0.01483,4.13139,0.0613,0x0f...8976,https://bscscan.com/tx/0xdb747d6be1edb21e173c84eb34667a7873535957553147288dc62496d57e835b
2023-03-30 22:54:51,True,4.7267,0.0149,34.0681,0.5076,0x2d...7822,https://bscscan.com/tx/0xdb5f32f73d81bc153fca1766c4b22c1a27aafc37d82668aecd0a94d30fe57adc
2023-03-30 22:53:13,False,4.7024,0.01482,31.74,0.4705,0x2d...7822,https://bscscan.com/tx/0xe1b8af489e836630f840940e54496d584144bf4459f52b7864053077d7eaa42b
2023-03-30 22:53:04,False,4.7131,0.01485,46.9011,0.6968,0x09...18f7,https://bscscan.com/tx/0x950156bb12afdd717e19424c820036a98506316c38b39996dda8a914d29bf364
2023-03-30 22:51:43,True,4.7432,0.01495,1.99282,0.0298,0x34...8793,https://bscscan.com/tx/0x52cf8a087ed755c835ce4d2f1cd75ecc7db8c08f6055e93f9a4b083514438990
2023-03-30 22:51:19,False,4.7243,0.01489,36.3242,0.5409,0x2d...7822,https://bscscan.com/tx/0x15e009ed63fd8a99ec2315e3c2e32e0ffc8115319e95230d12c4b2038663d5cf
2023-03-30 22:51:04,False,4.7103,0.01492,32.7657,0.4889,0x2d...7822,https://bscscan.com/tx/0x5337cf027672e60417b494833761444ed604842a57c75dc1193d9116f5e658f5
2023-03-30 22:50:22,True,4.7378,0.01501,3.73633,0.056,0x0e...2f4c,https://bscscan.com/tx/0xd0d2fbcf05352ff5637f009b454762a05d6f49dc2c348cb3f3508f8d12bc6ac0
2023-03-30 22:50:19,False,4.7182,0.01494,33.3846,0.499,0x2d...7822,https://bscscan.com/tx/0x16cab771cd477d6362a74fc2a1680b14927c7e8f4bfde3e2a80dd7e207d02ed1
2023-03-30 22:50:16,True,4.7444,0.01503,15.2845,0.2297,0x13...1236,https://bscscan.com/tx/0xdf3c5c6e1e2aef32117076b5c0967f63059835af891402184ffe2fc34ecfb6cd
2023-03-30 22:50:13,False,4.723,0.01496,31.3689,0.4693,0x2d...7822,https://bscscan.com/tx/0x74d70bcfb3e9dbcbd29470a35759feaeabf361fb8a7aa296de3ed64420e9a141
2023-03-30 22:50:04,False,4.7342,0.01499,49.4746,0.742,0x00...78d2,https://bscscan.com/tx/0xd5d6b8159f03802fe1186000081cd5c27661db6cbac62ffdc48d46a0eab5e3f4
2023-03-30 22:48:52,False,4.7419,0.01502,6.24157,0.0937,0x2d...7822,https://bscscan.com/tx/0xdf1ad4bc979bb47aa1c7432e9d6f7ed531ae3ee5f281b6dcc63e5f0f88fa2e4c
2023-03-30 22:48:52,False,4.7488,0.01504,43.9036,0.6605,0x05...7eea,https://bscscan.com/tx/0x0e0dc39df406f06b5a16c8e71a754d2c449eb67259ce3fdf436809d02004dc63
2023-03-30 22:48:19,False,4.784,0.01508,36.8106,0.5551,0x2d...7822,https://bscscan.com/tx/0x096be5f6f10d792ed2c09f8e71fdf1518cf9d24c0b820fdd381135a7153e4fcf
2023-03-30 22:47:40,True,4.8117,0.01516,11.1764,0.1695,0xbb...c106,https://bscscan.com/tx/0x1059e92c8619a61292cade85148b5dab2fdb0709a1b55c068fcdf7963415f087
2023-03-30 22:47:28,False,4.7681,0.0151,42.0061,0.6345,0x9c...3f22,https://bscscan.com/tx/0x6b9ab667e070f8d40da63e18971be69535f70bb3748df5f74a2f4afbd11921e6
2023-03-30 22:47:25,False,4.7784,0.01513,31.803,0.4814,0x2d...7822,https://bscscan.com/tx/0x02934be4bbf4b83713922b162a99ba196299d05af25f069af5850ecac52f6c04
2023-03-30 22:46:22,True,4.8275,0.01522,3.67,0.0558,0xe5...4cf7,https://bscscan.com/tx/0x195b1ac30ef419e47f2c082fcb3efdb6e5544cba886aa65e3063c1714e94a32e
2023-03-30 22:46:13,False,4.7813,0.01516,23.9623,0.3632,0x2d...7822,https://bscscan.com/tx/0x41317008ed0fb4dae5e11bbc950fe67b98da79e3f8fcdbb0287bca99a0b8ec97
2023-03-30 22:46:13,False,4.7978,0.01521,92.6097,1.40882,0x00...78d2,https://bscscan.com/tx/0x75d21fb5241779fcbc86496bc07d465d4b44d5376bbd45815e067f5c31029838
2023-03-30 22:45:55,False,4.8407,0.01527,38.4911,0.5878,0x2d...7822,https://bscscan.com/tx/0x3c00d5c8350a0308cc11b4cb71645ec5acb2ed7bbdd1b5cc308d406c407147f9
2023-03-30 22:45:49,False,4.8513,0.0153,34.8764,0.5337,0x2d...7822,https://bscscan.com/tx/0x62d34b2faf58b4fc8d18cefe2e9664e932ad43b92d7a00e1567c7940f80626a2
2023-03-30 22:45:40,False,4.8366,0.01533,33.1548,0.5084,0x2d...7822,https://bscscan.com/tx/0x0e4938055d7c628761b9205ceaf83dc943596b2af69b8ce78e29fd9f72d52ed7
2023-03-30 22:44:49,False,4.8701,0.01536,31.2997,0.4809,0x2d...7822,https://bscscan.com/tx/0x9951ce7501f999791a0a231f45c19e11a73558bc87ddc9156f309428b08579fd
2023-03-30 22:43:57,True,4.8945,0.01544,30.6398,0.4731,0x2d...7822,https://bscscan.com/tx/0xc1bdc82d7dbab4238f28cd695be85d1a5f3fb05a309a8ba220c284714db108af
2023-03-30 22:43:42,True,4.8642,0.01542,9.73086,0.15,0x2d...7822,https://bscscan.com/tx/0xeb53e5d518665818d73fe755c4807e2a2bfa5d843b4a317d39eab1dd1f2a783d
2023-03-30 22:43:42,True,4.8509,0.01538,82.3421,1.26654,0x00...78d2,https://bscscan.com/tx/0x3aa0917e9df4d59eae79c5e690d5820bf9e00abb320dfe9f207eef2200c6cc1e
2023-03-30 22:43:27,True,4.8628,0.01534,4.29339,0.0658,0x2d...7822,https://bscscan.com/tx/0xf402992f0b6cde7acd2ca77f98f208b90d7ab412a448d11440680b35db3b842e
2023-03-30 22:43:27,True,4.8554,0.01531,47.3464,0.7252,0x00...78d2,https://bscscan.com/tx/0xe74a8ca840e4a6413dfcabea5df40868ebb37516487eda8dc6f9aad4e8af673b
2023-03-30 22:43:21,False,4.8325,0.01524,56.9997,0.869,0x0e...7558,https://bscscan.com/tx/0x56b898cdfeb9dc520133c5d604a4b20a47e6cd11ce11cfd8ab103d88213d3db7
2023-03-30 22:43:18,True,4.8567,0.01532,56.9905,0.8732,0xaf...847e,https://bscscan.com/tx/0x569069f20f6e2ef4c6683120dd1795ae023225b36a981bbb49b9ff305511bc67
2023-03-30 22:43:03,False,4.8261,0.01522,12.2989,0.1872,0x2d...7822,https://bscscan.com/tx/0xb73630d5ca9498d41acb8f96d014ea5fc558a14ff4b32a9eaf6da86d742d8113
2023-03-30 22:43:03,False,4.8391,0.01526,78.8471,1.20378,0x0f...8280,https://bscscan.com/tx/0x71c5f9545261301dba9ba51aebcc8668a85a7d9c60657e39a98883d4ea589d83
2023-03-30 22:43:00,False,4.8365,0.01533,72.0954,1.10562,0x2d...7822,https://bscscan.com/tx/0xc62cf328404721043764b26b5a6ae9e903cf5a2556814abe03d0b345e10d2e05
2023-03-30 22:42:57,False,4.8603,0.01541,93.9427,1.44776,0x05...7eea,https://bscscan.com/tx/0x8f3a8eba43ec1df99b7316569f8b3f53f934429be5bdf74bf29649ffa826e36c
2023-03-30 22:42:54,False,4.8743,0.01545,2.73652,0.0422,0x2d...7822,https://bscscan.com/tx/0xecc26eedf60df7206d9edc627885eadd0e44ecd876ce7a205fd7f4439cebfd00
2023-03-30 22:42:54,False,4.8854,0.01549,73.5907,1.13996,0x00...78d2,https://bscscan.com/tx/0x00f02c7add225569faccfaac8bd33cb10a36af43267c5f19b3c7ab0d0a20872c
2023-03-30 22:42:15,True,4.9158,0.01558,31.5622,0.4919,0x2d...7822,https://bscscan.com/tx/0x0fa187bc8b6f1ab0f9d126fb54fbfe1ee384051c1749a95e92e7d0afdd2020fe
2023-03-30 22:41:33,False,4.8956,0.01552,61.2357,0.9505,0x2d...7822,https://bscscan.com/tx/0x48fae7a6d4f01210059b2bfe1321a7b46134618fdf71dfe7ec9820c417281b0e
2023-03-30 22:41:03,True,4.9224,0.0156,45.8051,0.7149,0x00...78d2,https://bscscan.com/tx/0x9be1f6326d4583650c27214e41afd82986f44057c30c8deca8c7a6f28af050e2
2023-03-30 22:39:30,False,4.9157,0.01551,0.3855,0.0059,0xbb...c106,https://bscscan.com/tx/0xcadcd2b14c55c8ef513df084d63f7eec72990640e94b7d1619b8c87360257cb1
2023-03-30 22:38:57,False,4.8913,0.01551,0.3881,0.006,0x2a...e55a,https://bscscan.com/tx/0x3a57f2bb08e6b50c6a175af20d4b3c1981f97c72bb8e3aa918829c1121e5432b
2023-03-30 22:38:51,False,4.8918,0.01551,3.36,0.0521,0xe5...4cf7,https://bscscan.com/tx/0x6e9215718b6b7af760fa92c7c6458af25f3cc64479f7ad8060650f56173fb1dc
2023-03-30 22:38:48,True,4.9074,0.01556,64.2627,1.0,0x18...c097,https://bscscan.com/tx/0xa952cce31e18133b7c1a6ed84544b3b4724f4c907c588f7784b43dea2e56ebb5
2023-03-30 22:37:15,False,4.8981,0.01546,20.8222,0.3219,0xb4...c8b9,https://bscscan.com/tx/0x366853f49bc2bbef666d60a56dd9cf74574380d9bd0112b1609f7c12722761f1
2023-03-30 22:37:15,False,4.9054,0.01548,29.2657,0.4532,0x91...79fe,https://bscscan.com/tx/0x84fc02233eaebf919fffd455a89da6c033f1c9cff2739988faac525e783db739
2023-03-30 22:37:15,False,4.9149,0.01551,36.0648,0.5596,0xe9...1702,https://bscscan.com/tx/0xf287f9af019cc0d86eb5a26f22a7a6851100af401b5c8eab696e3628ff1f4422
2023-03-30 22:37:12,True,4.9122,0.0155,222.6,3.45208,0x3b...290a,https://bscscan.com/tx/0xcf1a95464d029592c539d99c3aea0a25b260e3d10fb2809bf306c864c12076aa
2023-03-30 22:37:12,True,4.8796,0.0154,1.52171,0.0234,0x52...1c7e,https://bscscan.com/tx/0xa0a89fb73bacf290884751c8f20fdd11fcd6f20f0dfe0d3a6a744fc9e88e7d97
2023-03-30 22:37:12,True,4.8573,0.01533,153.146,2.34844,0x00...78d2,https://bscscan.com/tx/0x233c72be583b23eac0f71b34bcb3bda202422ff5c9ff57e1d46b28ad2822c1be
2023-03-30 22:37:09,False,4.823,0.01522,100.0,1.52264,0x23...91f0,https://bscscan.com/tx/0x9f58bb6b0cda7fec2ef46950fba5b77a522c81606a268dee94795815f2242377
2023-03-30 22:37:09,True,4.8448,0.01529,150.398,2.30036,0xd6...f5d2,https://bscscan.com/tx/0xba6ab8b91e1f142986dfca547777f46f952bff697db638189ffa20345829c7fe
2023-03-30 22:37:09,True,4.8142,0.01519,46.9146,0.713,0x71...dbe6,https://bscscan.com/tx/0x0d622b0231d8a3255fd502cef3590b3a689dc8cef185065a9bd08a5f6f23f7a3
2023-03-30 22:37:09,False,4.8267,0.01523,303.74,4.62839,0x55...6d5e,https://bscscan.com/tx/0xd920693ddaa3dd7360449dced252572c7f63773c670b4d6cc7cdce762c6dec35
2023-03-30 22:36:30,True,4.8856,0.01543,47.3546,0.7307,0x00...78d2,https://bscscan.com/tx/0xdf763031fc3a8832bd40b9357a5d5f9ab36c83bd964abd82551c9563aac8514a
2023-03-30 22:36:24,False,4.8558,0.01533,10.448,0.1602,0x7f...3696,https://bscscan.com/tx/0x74a523cce5828d76a66b3b542b7e215c3b18cdaad09de24f83ee0ebd51691367
2023-03-30 22:36:15,True,4.8752,0.01539,42.1248,0.6486,0xca...34d7,https://bscscan.com/tx/0x25ca9fd2026687f1a313657bf006007218e9e6220b96c625809d2a1960e76d59
