datetime,buy_order,price_USD,price_native,amount_token,total_native,maker,etherscan_url
2023-04-03 07:29:04,True,4.9217,0.01585,8.13725,0.129,0xf8...e57b,https://bscscan.com/tx/0x9dd600ae4d19dabe960b3af1313133b222a8265e06e7e839d0b55cc1509bffc3
2023-04-03 07:05:26,False,4.898,0.01578,37.1424,0.5864,0x2d...7822,https://bscscan.com/tx/0xfed880b406d1e0f98ea9037a1053c2e02b246a6da697d2220a7559654103f956
2023-04-03 07:04:26,False,4.8841,0.01582,30.8496,0.488,0x2d...7822,https://bscscan.com/tx/0x21826e100d11bb19e2e82244a0e7bc80892572efdffbf8ee4f50f9c5f033a109
2023-04-03 06:55:01,False,4.917,0.01585,32.9151,0.5217,0x2d...7822,https://bscscan.com/tx/0xa474f4e7d1b5bb880c0b4a1eb4cef9138eab795073288e7f3d37d3b922628438
2023-04-03 06:43:23,False,4.9326,0.01589,63.7535,1.01362,0x2d...7822,https://bscscan.com/tx/0x46d2bb6a7f9a5ede5d43ff6fe92cd3387c8014bf7512aaf79ec3d29aa0d10479
2023-04-03 06:30:42,True,4.963,0.01599,29.8266,0.477,0x2d...7822,https://bscscan.com/tx/0x6b7a1a926b817707ee60ae4ca60fa1308d624b8d6b8ab24954445040f2253a9d
2023-04-03 06:30:10,True,4.9296,0.01596,29.8997,0.4773,0x2d...7822,https://bscscan.com/tx/0xd94cc7efc5c7602f859326fb8a3aee1750959e3319cbf959039ea4b9eac78244
2023-04-03 06:25:43,True,4.9432,0.01593,36.6722,0.5843,0x2d...7822,https://bscscan.com/tx/0x3bcf08b369eb05932bcba054e13e7f04cb9ad68ad0bce24e2ec1793c36aaa950
2023-04-03 06:25:19,True,4.9088,0.0159,31.4595,0.5002,0x2d...7822,https://bscscan.com/tx/0x06ce3fd1ac1e695a35b5993f93c320b938e15796f51c5d20700dbdec9cbfe8ba
2023-04-03 06:24:07,True,4.9232,0.01586,38.3783,0.6089,0x2d...7822,https://bscscan.com/tx/0xd6963b1bb5aeed26b4f05f4f27b9d2e7dd6eb17e253b06dbeea559260ef75f11
2023-04-03 06:22:36,True,4.8885,0.01583,30.1288,0.477,0x2d...7822,https://bscscan.com/tx/0x936e7aaec32ace6e6276b4618dc8d792bb2727de4b0ff1bc1ece9a42998b1e63
2023-04-03 06:10:47,False,4.8881,0.01575,19.7398,0.3109,0x86...1912,https://bscscan.com/tx/0x2af958a7eeb44513e79ba823958a8275e5ca648f343520ef2ffed6f4129c3425
2023-04-03 05:59:46,False,4.9003,0.01578,56.0189,0.8843,0x00...78d2,https://bscscan.com/tx/0xb5ff8758dbc62cee8f38a3c5bc274d22205d7a0b4932179d71dcf0d2e969ade2
2023-04-03 05:59:43,True,4.9328,0.01589,2.79153,0.0443,0x89...3571,https://bscscan.com/tx/0xf584ab8358202d83a231cf9d3562fe0c37365c1d5d4d03f41efa537a692f9185
2023-04-03 05:59:25,False,4.8896,0.01583,43.1723,0.6834,0x82...2196,https://bscscan.com/tx/0x67dcd94c2aa879e2007f6c60bc73ac868d70e4c93476bea8bddc8f0fd65d8c45
2023-04-03 05:50:46,False,4.9227,0.01587,40.334,0.6401,0x82...2196,https://bscscan.com/tx/0xdca3ed1a9be38a4a00e70f389b2bfc831d87a0408a4ac607984f1fd2c4e815a8
2023-04-03 05:50:16,True,4.9514,0.01596,15.3818,0.2455,0xf5...4e5c,https://bscscan.com/tx/0x1ce57e792fb76475f8443696a21495adb39703f34f5bd21cd2fb10b20e7d09d3
2023-04-03 05:50:16,False,4.931,0.01589,43.9685,0.6989,0x00...78d2,https://bscscan.com/tx/0x9bdd2193845a74400667e3a6039c39cac7bbaf0ccfe56ba14027f6ad82891eca
2023-04-03 05:46:25,False,4.9191,0.01593,40.833,0.6508,0x2c...015a,https://bscscan.com/tx/0xa9be93cd91895dd8835ea82b265120c1c8129a5e67399a03a2cc7eccd02a4510
2023-04-03 05:35:05,False,4.9561,0.01597,31.7373,0.5069,0x2d...7822,https://bscscan.com/tx/0x6f54947c4fb6fd64f102bafa2f2ac756bfdfd4b52b2d25acbeaf787cfc9760c5
2023-04-03 05:33:50,True,4.9859,0.01606,2.44737,0.0393,0x6f...1a36,https://bscscan.com/tx/0xc28d2a7ceeeaf5fff721ea9391c2769fe8fc589427d2b6ca5679cc327e6cf063
2023-04-03 05:33:08,False,4.9655,0.016,31.7763,0.5084,0x2d...7822,https://bscscan.com/tx/0x88fcac8adac76b35f2298c3dee3f8b0db46107ff5b33fc80b41b6999949c0052
2023-04-03 05:26:47,False,4.9764,0.01603,34.3136,0.5501,0x2d...7822,https://bscscan.com/tx/0x32fea72cd61121207b9a587e895c9292b68f42fa44b1384e6c9c17d906f7bfa6
2023-04-03 05:22:14,False,4.9873,0.01606,32.8989,0.5285,0x2d...7822,https://bscscan.com/tx/0x3b4aed8fdf1ce9be32893f393a06092ca16b0634e5dab4c40cdc5195d0af72fd
2023-04-03 05:16:19,False,4.9718,0.01609,30.7967,0.4957,0x2d...7822,https://bscscan.com/tx/0x55c59a82a8139ab02ca5507a292b81da1e907a0376b3cb313bc5e32c15ce8e73
2023-04-03 05:15:14,False,5.0055,0.01612,29.4268,0.4746,0x2d...7822,https://bscscan.com/tx/0xb7552e3704c87039de8fe9c479be14c2c002540ea38e366410d8dbe0ba0bee3c
2023-04-03 05:13:31,False,5.0149,0.01615,31.362,0.5067,0x2d...7822,https://bscscan.com/tx/0x69bbfcdd104afc499e208356a7f9e209ee64f3ffe862b5ec45bec78f3a5e75b0
2023-04-03 05:12:16,False,5.0246,0.01618,30.0469,0.4864,0x2d...7822,https://bscscan.com/tx/0x0a72f1082f121ae5feab1340e30fd336f9b2f21f0a49c50d52c68d965336c966
2023-04-03 05:11:01,False,5.0352,0.01622,37.9871,0.6162,0x2d...7822,https://bscscan.com/tx/0xe0caa2075f128c070b619e80416c41443c77bd81312dc5701bf23b3aef265c9b
2023-04-03 05:10:58,True,5.0654,0.01632,6.0,0.0979,0x5f...2909,https://bscscan.com/tx/0x811a2de40c99ac7014a0550427adddcffb496c378210b15d43ec3c56c706a259
2023-04-03 05:06:37,False,5.0201,0.01625,37.1586,0.6039,0xda...6e1f,https://bscscan.com/tx/0xbae4572aae617e2c67a0571a4da201fc9b4c65f5304d4b41c6c7e5528890ea16
2023-04-03 04:56:24,False,5.0611,0.01628,21.2579,0.3461,0x21...edc4,https://bscscan.com/tx/0xafbef0d1438308db96ee93c1aae358aca74be0d1fce1b878621320bd51ddf852
2023-04-03 04:56:15,False,5.0455,0.01631,41.1864,0.6719,0x91...79fe,https://bscscan.com/tx/0x06b496c6187fd5b8324a82901d8f5cb01aec92be876a55718580e6a28330be1c
2023-04-03 04:38:35,True,5.0964,0.0164,30.4703,0.4997,0x2d...7822,https://bscscan.com/tx/0x94362f4a2e2b2002fd8edced07b2293e1fc1af7513c4c1076d3ced917137c3d2
2023-04-03 04:37:49,True,5.0876,0.01637,29.3246,0.48,0x2d...7822,https://bscscan.com/tx/0xe8c947f3b77942b179ea6a0d325ce1814d5bb1ed89eb1f21f383ede8f7e24a73
2023-04-03 04:36:13,True,5.053,0.01634,31.7906,0.5194,0x2d...7822,https://bscscan.com/tx/0x94b06455a5408bc8fd314a1aab64f7c531a5a846b8b08e07819433a603c4fe0a
2023-04-03 04:35:10,True,5.0442,0.01631,27.1432,0.4427,0x2d...7822,https://bscscan.com/tx/0x6f01de7207bf4745a880fe39829704d206f45f80cda6ad08a8a944cca66c1d91
2023-04-03 04:34:46,True,5.0643,0.01629,5.93826,0.0967,0x2d...7822,https://bscscan.com/tx/0x63afa4d045c992d227139e3c3c2f10903ca0f60b8ce51f8d87a07c1a3db6eb87
2023-04-03 04:34:46,True,5.0564,0.01626,44.7894,0.7286,0x00...78d2,https://bscscan.com/tx/0x05425c4e897be5913624f428ec65903d688f87a1a1d12e3bda9700b4dfcad548
2023-04-03 04:31:31,True,5.0465,0.01623,19.4639,0.316,0xbb...9e9f,https://bscscan.com/tx/0x53a5d4842f91cf0c8513dded8f0527d26e3df4da6cb78607605e4af7a36964db
2023-04-03 04:29:49,False,5.0041,0.01618,72.4485,1.17237,0x2d...7822,https://bscscan.com/tx/0x0056ada99120ac78f339816a512fc8c24b7e706a896732c5f2e4541a40fc9f5f
2023-04-03 04:29:49,True,5.0257,0.01625,95.271,1.54832,0xbb...9e9f,https://bscscan.com/tx/0x13e94e28edf1585a6786d4efcbaa43fa065ff763b6467df2c2be02fcde3dd006
2023-04-03 04:27:40,True,5.0232,0.01616,85.1576,1.37632,0x91...79fe,https://bscscan.com/tx/0xba41cb99b097bd88d8360e890e37fc6d0e49e0ad887f01433bb1b4c8cb71011c
2023-04-03 04:27:37,True,5.01,0.01612,0.5369,0.0086,0x34...8793,https://bscscan.com/tx/0x4afc8559ece5644c18bfaea565c6af79da4c08e4b6529bb85c66cb62f43f8b07
2023-04-03 04:16:25,False,4.999,0.01606,57.1877,0.9188,0x2d...7822,https://bscscan.com/tx/0xbd8838ea6ab0122687cee0e738b4b00dfd3f90b64100557a920ea99071a423ae
2023-04-03 04:15:46,False,5.0124,0.01611,30.7428,0.4952,0x2d...7822,https://bscscan.com/tx/0x68647f49af1a8b99a4eefe6e295afb9bc52801eac5ac4d16cb8962ebf70dba8e
2023-04-03 04:15:13,False,5.023,0.01614,37.9211,0.6122,0x2d...7822,https://bscscan.com/tx/0x2efe71c96c8746033626230e0c090198834509f021581831ecd09b7056012e07
2023-04-03 04:13:40,False,5.0332,0.01617,31.271,0.5059,0x2d...7822,https://bscscan.com/tx/0x7f801830885d021ca7f03b318cde4800984068c65536662ce80b1c58d007a730
2023-04-03 04:12:04,False,5.043,0.0162,30.4812,0.494,0x2d...7822,https://bscscan.com/tx/0xa4f9c0e17ee9ddd776600dfa028227c2ec1a13a985f947679e971c9ccce84baf
2023-04-03 04:03:21,True,5.0495,0.01629,29.243,0.4764,0x2d...7822,https://bscscan.com/tx/0xc1286282a1d06903e1dd2205477c1792e8a03855daf95c2a31f8ac26ddd9dd84
2023-04-03 04:00:36,False,5.0487,0.0162,28.5703,0.4631,0x2d...7822,https://bscscan.com/tx/0x630500b92800a29b6f63943ffa0094191dab898c45d4bcb0f5e2a5fd8bd2d5e0
2023-04-03 03:59:30,False,5.0351,0.01624,44.5991,0.7245,0x56...0086,https://bscscan.com/tx/0x7289678d82825767960c302782fc98ebfda64e3e8f27ec130e022873f255f58b
2023-04-03 03:58:57,False,5.0694,0.01628,33.98,0.5533,0x2d...7822,https://bscscan.com/tx/0xa46e6eba4da76f8a056b3cd87382857c9875407ba288ebb56f14e0e2acac93fd
2023-04-03 03:54:19,False,5.1079,0.0164,208.669,3.42374,0x2d...7822,https://bscscan.com/tx/0x21ea689862c6ec1a535ddab72852836b4b892db4ab0c68b6c8a002bb055b3a7e
2023-04-03 03:54:19,False,5.1473,0.01653,40.6717,0.6724,0x41...2d33,https://bscscan.com/tx/0x10d56a8ebd6ae86d243223a4c8f867b6cb64b0e77e0b76a258377144b68bc684
2023-04-03 03:54:19,True,5.1394,0.0165,251.599,4.15362,0x10...4c47,https://bscscan.com/tx/0xe6d2d97cc10f08f2e2519df1ed905c410fd7b716d71cfe1956b9394fd3761001
2023-04-03 03:53:34,False,5.0783,0.01631,30.3629,0.4953,0x2d...7822,https://bscscan.com/tx/0xa5034078c1f04e66443a79f291056dd5a5c1e1cc8c11c32d4deaf38b842031ec
2023-04-03 03:53:22,False,5.059,0.01633,9.30914,0.152,0x34...8793,https://bscscan.com/tx/0x628be2b97c21c5bb859c801928694d6fcc8b9bf86f164be188744f21b373b033
2023-04-03 03:53:01,False,5.091,0.01635,32.7202,0.5351,0x2d...7822,https://bscscan.com/tx/0x7e2db7ac9a5af5692e1d48f5cf24e566edd249b07b604c7862f12b54a0969e47
2023-04-03 03:53:01,True,5.1083,0.01641,84.3886,1.38492,0x10...4c47,https://bscscan.com/tx/0xb4782871b5a819fc7cdf7f49ea899bf099f2587b9d5dd3426b2c71f3dafdddcc
2023-04-03 03:52:52,True,5.0949,0.01636,1.3313,0.0217,0x6d...c937,https://bscscan.com/tx/0xf1d595a6caf83b3d1934c4c06d59b021db06be4e64728c5ff974b6e30b8c5d7f
2023-04-03 03:50:25,True,5.044,0.01619,339.044,5.49175,0x2d...7822,https://bscscan.com/tx/0xf36de79a51335302905068b832ebedc36ba21392783c702168124f45a57cb1dc
2023-04-03 03:50:25,False,5.0198,0.01612,345.158,5.56392,0x10...4c47,https://bscscan.com/tx/0xcdc9b09a7693e38b2c5f9b70c4ca2245657b1a596ecbd7cf40a2734cc872cbcf
2023-04-03 03:49:58,False,5.0451,0.01629,2.45461,0.0399,0x6f...1a36,https://bscscan.com/tx/0x5b252ae90b8c4a0199e05d62398ea131e47d10a46bd59b28147fdd0fcecbae88
2023-04-03 03:49:37,False,5.0462,0.01629,4.97436,0.081,0xc8...8544,https://bscscan.com/tx/0xdbbf8bc6bfccebad33a2b66012f216bcbb753f1fc7380e7ec72b004398675276
2023-04-03 03:49:22,True,5.0667,0.01636,37.454,0.6127,0x2d...7822,https://bscscan.com/tx/0xc1e9b1728554102ba09a9766606ae32c774a63941eee5cca792e6c45f187f83f
2023-04-03 03:49:10,True,5.0801,0.01632,39.6721,0.6475,0x2d...7822,https://bscscan.com/tx/0xbdd535b7392dfa28f741a8d166378498086363587837fc37d0e4198eebc8f623
2023-04-03 03:48:43,True,5.0691,0.01628,30.6876,0.4998,0x2d...7822,https://bscscan.com/tx/0xdb5ba650143da34ea2638cae8733514f5367b99f117dad8b14570bce187411ce
2023-04-03 03:48:34,True,5.0348,0.01625,27.3076,0.4439,0x2d...7822,https://bscscan.com/tx/0xa2310b1004487ce125bac6b09afb531b98bc7a93f8ad3a25dff2c25f1a5374e3
2023-04-03 03:48:25,True,5.0266,0.01623,28.3217,0.4596,0x2d...7822,https://bscscan.com/tx/0xdc9e0f48b8dc45cf36e4afbdd414084a3276ebfe0b434d6e0a67b9a0cc5831ab
2023-04-03 03:48:19,True,5.0174,0.0162,30.8831,0.5003,0x2d...7822,https://bscscan.com/tx/0x852501c0bcee67b60f10684e2d030abf18592059e4301c8a19f6f13af74b65ae
2023-04-03 03:48:16,True,5.0083,0.01617,28.7593,0.465,0x2d...7822,https://bscscan.com/tx/0x589072b434054237917f70519e6a936b44686d1cece05c017aa6c184861cef81
2023-04-03 03:47:34,True,4.9976,0.01613,48.018,0.7746,0x2d...7822,https://bscscan.com/tx/0x8f8645bf5e3e4690a0e3414971e063006ec40d360269cacf1da08884d6430b7b
2023-04-03 03:47:34,False,4.9734,0.01605,53.0023,0.8509,0xb6...4942,https://bscscan.com/tx/0x3afffe0437a163e1b6ca1d799fdf0de878766c29826c83e2054db770d4b38f44
2023-04-03 03:45:49,True,5.0098,0.01616,2.37556,0.0383,0xb9...6417,https://bscscan.com/tx/0x9da1ad96c0e0da130dae2c6af5be643f1e8e255cdc1f27505b793ab6529505ea
2023-04-03 03:45:37,True,5.0237,0.01611,92.4088,1.48905,0x2d...7822,https://bscscan.com/tx/0x87872ec7dbe6ff1439aebd3c26d42883590d598318a1ae61ece1d81a4646b4f3
2023-04-03 03:45:34,True,5.0087,0.01606,5.47005,0.0878,0xd5...b618,https://bscscan.com/tx/0x6d4bb234599d1176bec73c634924acdcd743259b184bbb7425864ca110197189
2023-04-03 03:45:34,False,5.0145,0.01608,223.241,3.59066,0xb9...d043,https://bscscan.com/tx/0xe2bbc7f1f40df14261bc67e9202ce2b6c21a4945f4e704d4b268ff96c142749b
2023-04-03 03:39:31,False,5.0617,0.01621,30.4487,0.4938,0x2d...7822,https://bscscan.com/tx/0x17a79ec124493cc3391eb6734d7bfafe3306a23fbf94a706cb27f163ad43bb34
2023-04-03 03:36:58,False,5.0964,0.01624,29.7723,0.4837,0x2d...7822,https://bscscan.com/tx/0xcc1ebf8f530f18bc39166916e3c1d4ffc02e51a6b119627df8dccf6639d126b3
2023-04-03 03:35:52,False,5.0809,0.01627,29.9501,0.4875,0x2d...7822,https://bscscan.com/tx/0xc85455498a928f5f282ba1db49fda3ccd144dee7c23e6aeed19ae2a40ec2c85e
2023-04-03 03:34:19,False,5.0912,0.01631,35.0563,0.5717,0x2d...7822,https://bscscan.com/tx/0xbdf5bdb1ad933f3af73b8d06878a2914a71f5b29428be66542d16a6dabde233a
2023-04-03 03:31:28,False,5.1266,0.01634,28.5904,0.4672,0x2d...7822,https://bscscan.com/tx/0x01241394c4e83f79da2b6be5b8e31b14e54f562e43c60c5aa49cf38264bf7cc2
2023-04-03 03:31:16,False,5.1358,0.01637,29.599,0.4845,0x2d...7822,https://bscscan.com/tx/0xbf7bb39ebc7c52e6935f43656074a4b692177476c7a891421c601a1d71502467
2023-04-03 03:28:58,False,5.141,0.01638,4.95051,0.0811,0x2d...7822,https://bscscan.com/tx/0x2a302cd52691582a7a84454eb7082178f37c80fcc0df013c5a2965b47d2bb678
2023-04-03 03:28:58,False,5.1476,0.01641,36.6,0.6006,0x00...78d2,https://bscscan.com/tx/0x090eb6043ad96d8a115949c3c73933ff4a1a7ca8288c1ad4e8e77fb07f218787
2023-04-03 03:21:31,False,5.1591,0.01644,30.2915,0.4981,0x2d...7822,https://bscscan.com/tx/0x1fac0e4c44d69745cfd546be718db3a77793325da911f467eb1c15af067c8fb0
2023-04-03 03:18:29,False,5.1429,0.01647,30.3932,0.5007,0x2d...7822,https://bscscan.com/tx/0xe49a28b163998662378eaed7047bd2cd50a94fc883c1fcc1eef414d2c48f6352
2023-04-03 03:16:53,False,5.1784,0.0165,29.1841,0.4816,0x2d...7822,https://bscscan.com/tx/0x3c480aa3b41d19930cf86a15cd495ff6d2e0d6b1bbebbe2ae997965f0cfadc46
2023-04-03 03:10:14,False,5.1872,0.01653,28.6273,0.4733,0x2d...7822,https://bscscan.com/tx/0x56827cf233340ddb358aed86e440838973887d729dd0eef20af1580fbca10444
2023-04-03 03:09:20,False,5.1702,0.01656,27.5525,0.4563,0x2d...7822,https://bscscan.com/tx/0x516f2080d9a9f296015e8e0216aa8cdf9d334fd4382627fda1ae2d8c710a09f2
2023-04-03 02:59:43,True,5.1915,0.01663,46.6694,0.7764,0x00...78d2,https://bscscan.com/tx/0x4cd0f8ca1d4b622cb1de1b2b5ef42548337950a6ea2f222ac1c779a38153279f
2023-04-03 02:59:31,True,5.1795,0.01659,27.7967,0.4613,0x2d...7822,https://bscscan.com/tx/0x36d7aefa985fabd1079f907d6bd14ebc8b54cfa7f2cdc036a5b53516c53354ac
2023-04-03 02:49:00,True,5.1958,0.01656,28.1985,0.4672,0x2d...7822,https://bscscan.com/tx/0x8cdb094358e144ac39d1f39b3757fe3d0c829ebb84a4677b0b94a1710a7f1b4f
2023-04-03 02:48:42,True,5.184,0.01654,28.9,0.478,0x2d...7822,https://bscscan.com/tx/0xf74bee9027b070463de179f35eadf703abf2cef8dfbfacb27d7c2eafc4e88344
2023-04-03 02:45:18,True,5.1721,0.01651,22.7185,0.3751,0x81...8b6f,https://bscscan.com/tx/0x68f1a7f9e4ee170f400f28dc667386aa09895fd72c6fd8453e6342357145fd1d
2023-04-03 02:40:54,False,5.1563,0.01642,9.12032,0.1497,0x34...8793,https://bscscan.com/tx/0x393c5af5076506ad6fb1a75ded9bf5bcd27b90c72d328a6546d8b259cb3e5b71
2023-04-03 02:40:24,True,5.1432,0.01646,90.4416,1.48913,0x81...8b6f,https://bscscan.com/tx/0xe9b9f0800f17f013df81623b9a22c2dde4119e1767098166fc9e2ecb357aacc3
2023-04-03 02:38:42,True,5.1241,0.0164,30.6205,0.5022,0x2d...7822,https://bscscan.com/tx/0xea7cc22d2da28f964426d1f489548b8948121b1ccf03dc10519f9997c00b24a4
2023-04-03 02:36:51,False,5.12,0.0163,4.58452,0.0747,0x95...616c,https://bscscan.com/tx/0x1e24abab8910e6b6eb8ffa8820921b87bbf92577562b95ac9dabeaf79c6e1693
2023-04-03 02:36:21,True,5.1142,0.01637,40.259,0.6591,0x2d...7822,https://bscscan.com/tx/0x80837c500b35784b6d3c0b26d529beb8f80694b7eb0bbc72fdf99d1c8b51b59f
2023-04-03 02:36:12,False,5.0807,0.01626,6.3,0.1024,0x1d...f6dc,https://bscscan.com/tx/0x80b6eeaa7ce56f204af095c538ed616a0af047afd3ae8e2500018693e7f49c28
2023-04-03 02:33:06,True,5.105,0.01634,30.1806,0.4932,0x2d...7822,https://bscscan.com/tx/0xdba5582c5dd75579130a6d3f5cef16af9225a21a8078b0a508e2dc1bff752171
2023-04-03 02:30:57,True,5.0957,0.01631,28.5377,0.4655,0x2d...7822,https://bscscan.com/tx/0x539ab7a6509bcbba993458834c2d4b39ec5ab5c625f6f8ce9cee733d3b70ebea
2023-04-03 02:30:33,True,5.1123,0.01628,28.4562,0.4634,0x2d...7822,https://bscscan.com/tx/0x26dba73f6fcbb2b16f5dd3ec186ccd0454e481a94d1e07090a4213405ae5a4b2
2023-04-03 02:29:45,True,5.0784,0.01625,28.0502,0.456,0x2d...7822,https://bscscan.com/tx/0x40a023fc2947d6cfe96655a7514e6215190063192f0e86dfc47df3c54dc7e380
2023-04-03 02:26:27,True,5.0706,0.01622,29.817,0.4838,0x2d...7822,https://bscscan.com/tx/0x0093c36c3d386f703ccfbaa1ec7a2516891c45d90085c2343ea927f8685ee817
2023-04-03 02:23:23,True,5.0808,0.01618,61.502,0.9952,0x2d...7822,https://bscscan.com/tx/0xd77d00decade8a693421785304f9f2b2d3b942ad0bb77fa025f1c112fcd39213
2023-04-03 02:23:23,True,5.068,0.01614,20.9868,0.3387,0x60...fff9,https://bscscan.com/tx/0x31a930c23e0369c2fc9786fd716c7049a054fccd5d576d7702052079d0502216
2023-04-03 02:23:23,True,5.0594,0.01611,34.1284,0.5499,0x6f...777d,https://bscscan.com/tx/0x526bbe011a1929ecfe6241cdc33897dea9d6373b6bcb1ec4f62ae63789f53d3e
2023-04-03 02:23:23,False,5.0662,0.01613,240.866,3.88662,0x85...812d,https://bscscan.com/tx/0x2fd2d2c8047780664dd4a2bdeaf755b4b3accf171db0c411c522f043cf584278
2023-04-03 02:16:20,False,5.1114,0.01627,39.8522,0.6486,0x2c...015a,https://bscscan.com/tx/0xcd7d37d4844a141ea22d6fa2f3cd3af9c329c6ea545ec1ac45e0314a1ac88fa5
2023-04-03 02:07:02,False,5.0997,0.01631,38.9881,0.636,0x56...0086,https://bscscan.com/tx/0x73cd0cacccf05f6dfc0667e5adf25c221a5ec0ebe435730a6561db177284e311
2023-04-03 02:05:29,False,5.1399,0.01635,48.4593,0.7927,0x00...78d2,https://bscscan.com/tx/0xfde0444efa89af53066a07767de4e67305c3a8e61a7d84e97cfebabcde425dd0
2023-04-03 02:05:26,False,5.1723,0.01646,153.194,2.52174,0x06...928f,https://bscscan.com/tx/0x337706dc06a22a55aa2383649dbc53a4fedba0efe340a73e0447eeb007ec92ed
2023-04-03 02:05:26,False,5.2025,0.01655,35.0065,0.5796,0x2d...7822,https://bscscan.com/tx/0x476f63d24c7c6e883294924b9413bb5c7f36ce03b0e0d2b3cd37c36800defe7d
2023-04-03 02:05:26,True,5.2136,0.01659,127.556,2.11646,0xfe...c704,https://bscscan.com/tx/0x0ef71b22f238d2c9539e48bc3e8a70c3e306fe374f3e5c4cd619895f50a8334f
2023-04-03 02:05:26,True,5.1684,0.01644,153.194,2.51985,0xaf...b673,https://bscscan.com/tx/0x498ca70db77b87e6b39d6dbad28b16c37167fbbeb4668a0ec1873b86c1e0f494
2023-04-03 02:03:05,True,5.1185,0.01637,2.60111,0.0425,0x36...9f55,https://bscscan.com/tx/0x3506735e2b4afa004413b9d8cddbb1fb01ce5947944d8c161f81b6478f9ad523
2023-04-03 02:02:56,True,5.1154,0.01636,16.5846,0.2713,0xdf...7213,https://bscscan.com/tx/0xd27584e57d9bc686b98afe180890c95d50eb9f0b69029aeb5e68d72aa96649b6
2023-04-03 02:02:38,True,5.1073,0.01633,35.3385,0.5772,0x2d...7822,https://bscscan.com/tx/0x9a5fbddd97ac9f121340f65c763e4d13fd344af9c520b3d0aa0a9fea62900618
2023-04-03 02:02:35,False,5.0978,0.0163,137.313,2.2387,0xb6...4942,https://bscscan.com/tx/0x2b6cb058383ad5058480822b894805b047385fe98dd67f351fa7995c50df98f5
2023-04-03 02:00:50,False,5.1518,0.01639,34.4278,0.5642,0x2d...7822,https://bscscan.com/tx/0x5d48b0f67b7b79ca9501c3865a72d270fc9e0388ad3ababbbd650f4d3a690b20
2023-04-03 02:00:26,False,5.1616,0.01642,28.2825,0.4644,0x2d...7822,https://bscscan.com/tx/0x1d6ac089fabdabcbf7dbaa166c885bdf8e59393ea01d6fc38d40b85daac7b768
2023-04-03 02:00:14,False,5.1705,0.01645,27.892,0.4588,0x2d...7822,https://bscscan.com/tx/0xf24c3ff8c589c9df337542e8c5f5122ff6fd40916bb769ef7173f64fb338d350
2023-04-03 01:56:32,False,5.1774,0.01647,28.2793,0.466,0x2d...7822,https://bscscan.com/tx/0x72b3d4a19f894cb81e002277c0aa617f11f35bef66796c0fd79083b919612835
2023-04-03 01:49:16,False,5.2068,0.01657,163.013,2.70227,0x2d...7822,https://bscscan.com/tx/0x2dcf4f6358ddae0089059addf7b094e8fbb85240ebc9009b8bb05ff90681464d
2023-04-03 01:49:16,False,5.2462,0.0167,79.7296,1.33168,0x7f...b0fd,https://bscscan.com/tx/0x6be00843272fc800b879089f8c7de95ced65fb8701c4985d32846be819613d97
2023-04-03 01:49:16,True,5.2543,0.01672,190.316,3.18366,0xb6...4942,https://bscscan.com/tx/0x38dc176f1292e1b79e93bd3dc51635d6656d004a48487f70237c7d1ddcaee8c1
2023-04-03 01:49:16,True,5.2104,0.01658,79.7296,1.32258,0x7f...b0fd,https://bscscan.com/tx/0xc28cadf491dc56f950a411bddafa0da4f2799924453742242d1ac911a02005d3
2023-04-03 01:49:01,False,5.1778,0.01648,41.6414,0.6865,0x2d...7822,https://bscscan.com/tx/0x43b818f8a4743d1b33dd58a33e8387e828ee2a83c7ed9ab4a86b85ef76df542c
2023-04-03 01:48:49,False,5.1607,0.01652,32.1566,0.5313,0x2d...7822,https://bscscan.com/tx/0x7a586dcc8f9b0d87eff199aa1833b9ae51765df6d743d8ce32ee119fa7d9e663
2023-04-03 01:46:46,False,5.1993,0.01655,31.204,0.5166,0x2d...7822,https://bscscan.com/tx/0xfcd80dad7092f79a577ef7e9f0b11fa957e03c4a23f0cce67f40fd069d028d50
2023-04-03 01:43:43,True,5.2297,0.01665,4.698,0.0782,0x34...8793,https://bscscan.com/tx/0xa27626bde280264c4adc3a47c2342d2534a35981ce0ddb8b7da317d99f01aec4
2023-04-03 01:40:09,False,5.2108,0.01659,52.4714,0.8707,0xda...6e1f,https://bscscan.com/tx/0x3847809da3bd66865f73e2b3a7dbb1cdc68b505a12fe4485ae4473a700159489
2023-04-03 01:40:05,False,5.2203,0.01662,7.01579,0.1166,0x91...79fe,https://bscscan.com/tx/0x6c42c6ca18313a434a753513794695ea4affedf40d59e5a8f7dec58d81e1bfd7
2023-04-03 01:40:02,False,5.2248,0.01663,20.723,0.3448,0x52...1c7e,https://bscscan.com/tx/0xe63a58125988f3456d7673cf4218882a2547aac3de38206c7348bb2049b2576d
2023-04-03 01:36:45,False,5.2037,0.01665,17.46,0.2908,0x90...bf58,https://bscscan.com/tx/0xa285fa59a5df022f5f8684453f97b6e79f5cb4ffc1187d716a86963ab579ffc8
2023-04-03 01:36:45,True,5.226,0.01673,40.691,0.6807,0xb3...55e7,https://bscscan.com/tx/0x1afeabd7a0dc7d7219580171c7d16724e55c9902fedcced1201f3c5f245b8522
2023-04-03 01:36:12,True,5.2382,0.01668,40.0594,0.6685,0x3e...a7c8,https://bscscan.com/tx/0xd389aac29bd36644b9fcca263bdb7f3f1d45b377e9de59c6e473a97892f6517a
2023-04-03 01:35:57,True,5.2262,0.01665,34.349,0.5719,0x2d...7822,https://bscscan.com/tx/0xe35f65e1071850a757b338db95b36c089a4db2c2e3836bcdd274b5ab71610077
2023-04-03 01:28:48,True,5.2146,0.01662,8.36172,0.139,0x2d...7822,https://bscscan.com/tx/0x2ed16f090f075074138b1018f52a630400c5936269d9e1fbb5839a78568283c8
2023-04-03 01:28:48,True,5.2053,0.01659,48.7016,0.8083,0x05...7eea,https://bscscan.com/tx/0xf1ec7dfa9a4fdf61fb8c5524a49f0b18897668633e0c79867971091bea1438aa
2023-04-03 01:25:11,True,5.1965,0.01657,6.70897,0.1111,0x2d...7822,https://bscscan.com/tx/0xd572e81b0d358e18acc141b15d3bcfdabadad7d1af396255c29865bf464b97e8
2023-04-03 01:25:11,True,5.1872,0.01654,50.6,0.8369,0x00...78d2,https://bscscan.com/tx/0x15f9d93b356bbb86149b476eb9ae675fce3e9f2ae452ce7f66f53911c07f5380
2023-04-03 01:21:20,True,5.1451,0.01649,31.2442,0.5154,0x2d...7822,https://bscscan.com/tx/0xa20870ed4fdc1f4c4f0749858b3b1812e39bb73dde8ce22a689995aa1c00212d
2023-04-03 01:17:02,True,5.1347,0.01646,30.9004,0.5088,0x2d...7822,https://bscscan.com/tx/0x5787a7237ff58bb1479b2cf151c0de4e4feb3d12cc6e3c4d3535b12d9c5b2f17
2023-04-03 01:07:00,False,5.1302,0.01638,28.357,0.4645,0x2d...7822,https://bscscan.com/tx/0x7e7ece9fe6957e4f31e2d4fb8bad0e35cb8355f06194d4184eb6d447a0e196ed
2023-04-03 00:57:18,True,5.1582,0.01647,9.66759,0.1592,0x2d...7822,https://bscscan.com/tx/0xe79b277ff506c32cfb1e2edb77b45422d376ab88306d5114d4bdbdf57b61e07c
2023-04-03 00:57:18,True,5.1366,0.0164,142.275,2.33417,0xd6...f5d2,https://bscscan.com/tx/0x52a5b22335fcc328b59849cb6d188f030eccb9f29e2c97d76f1cdb91c66968a2
2023-04-03 00:57:18,True,5.0884,0.01625,147.484,2.39693,0xdb...8aba,https://bscscan.com/tx/0x42cddf26c59e87ad2f7ca45684881745300fd5b22cb852eefea910302b236e4b
2023-04-03 00:57:18,False,5.0913,0.01626,327.811,5.3306,0xa2...8ba3,https://bscscan.com/tx/0xa5c9b95bf8fe2b1b803056a5f7b2cc880904bb8ef1ae9dd1fb5e31cb1193c679
2023-04-03 00:57:03,True,5.1676,0.0165,5.88506,0.0971,0x2d...7822,https://bscscan.com/tx/0x19d9a0fc6d601c323ed62b03cb7d2e3fc8f030b4e4cdd0fca322f332129b832e
2023-04-03 00:57:03,True,5.1603,0.01648,40.2359,0.6631,0x00...78d2,https://bscscan.com/tx/0xa8044002078e33d65897dc61a7afd03cc9fc1d5bf02fcef403c396e7380c00d7
2023-04-03 00:54:58,True,5.1229,0.01644,32.957,0.5419,0x2d...7822,https://bscscan.com/tx/0x60ba793dc698f7b81fc29b30cc509bdc9089ae166196823d7cb16a637d74c2c8
2023-04-03 00:43:40,True,5.1372,0.0164,39.1652,0.6426,0x56...0086,https://bscscan.com/tx/0xf287c39b2819542cd721bdff36181c2767d70805cdaa5a87dcf1751a757b4f98
2023-04-03 00:42:58,True,5.1008,0.01637,26.498,0.4338,0x2d...7822,https://bscscan.com/tx/0xeeab0ec18190f9cc5d8c28bc29816aab805417336caa29d686012f0c87b0de18
2023-04-03 00:23:05,False,5.1007,0.01629,36.2566,0.5908,0x2d...7822,https://bscscan.com/tx/0xb7955d676276823c7a84d698ddc5c7bf45048f7bb9cd21466a0d522b02713d13
2023-04-03 00:21:53,False,5.0854,0.01633,30.9229,0.505,0x2d...7822,https://bscscan.com/tx/0x0eb8ac0f06283f3b3518c387a8fdeec6a3c2c0617752ab8801bb387e3c21b7fe
2023-04-03 00:16:53,False,5.131,0.01637,60.0,0.9826,0x5f...cf5d,https://bscscan.com/tx/0x8400b541f699dba156333e0778af9aae76ceaefdfb16b5bea25a4646b18755c1
2023-04-03 00:14:05,True,5.1689,0.01648,10.0,0.1648,0xf0...fc57,https://bscscan.com/tx/0x9ddcf2bc5bcc2b6c0f77e2d0e33f4e5db11d9d9a0780bc12c6c912d844f5267f
2023-04-03 00:10:14,False,5.1458,0.0164,10.0,0.164,0x20...12b5,https://bscscan.com/tx/0xcdf4b4bdea8817d419e61f889c1e53f85f5ee25e32ec1475d9f4cba351bf05ab
2023-04-02 23:56:59,True,5.1408,0.01647,28.3473,0.467,0x2d...7822,https://bscscan.com/tx/0xeaf514249c91d0cbeff7f55c6d67de4ac7ec502c85a769924a7730c6bb761279
2023-04-02 23:42:40,False,5.1425,0.01639,27.2252,0.4462,0x52...1c7e,https://bscscan.com/tx/0x6874c36c8b412c032725ba26706d12d48dbabb0d649e80c20718efea535fe635
2023-04-02 23:39:34,False,5.1517,0.01642,33.8574,0.556,0xda...c952,https://bscscan.com/tx/0x3da5accd201469e9162a92367bf6ba11d448bb0befb8040148fe152c9da10734
2023-04-02 23:28:25,True,5.1671,0.01647,100.83,1.66083,0x2d...7822,https://bscscan.com/tx/0xe98719edd0cf5818f0c91c67a388510895af8f63252692dc59debf834362ba4f
2023-04-02 23:24:37,True,5.1455,0.0164,32.7787,0.5376,0x2d...7822,https://bscscan.com/tx/0xa616639e520f8e963e6e1594091688b9b529cd7a6b7eb973cdb87fa25a7eb788
2023-04-02 23:24:14,True,5.1082,0.01636,41.1485,0.6734,0x2d...7822,https://bscscan.com/tx/0xdc55bce7e83f5b3200d3a9a4b8ec154f3706ed478ce60be75b8725bb7d47bf87
2023-04-02 23:23:38,True,5.0971,0.01633,28.5658,0.4665,0x2d...7822,https://bscscan.com/tx/0xaff2cde59e5d43ebb2c608dbdaa90faedb6021cc23b8792637e62c44bdee53aa
2023-04-02 23:22:46,True,5.0878,0.0163,30.6454,0.4995,0x2d...7822,https://bscscan.com/tx/0x5b29deea76252f23fcca435b043efea0b5a70ec3f098236d1cf8f0ad791a0010
2023-04-02 23:19:00,True,5.1023,0.01627,29.7899,0.4847,0x2d...7822,https://bscscan.com/tx/0x0a5b7c0da941088c7ccec55c0651dee63e7b5a1a272342155cfc93e5a396a125
2023-04-02 23:17:21,True,5.0714,0.01625,3.75602,0.061,0x2d...7822,https://bscscan.com/tx/0x5d637634d26e4695c16f6e66c8eda956921019d63d2cea51544dc51a8d02cd83
2023-04-02 23:17:21,True,5.0666,0.01623,27.2252,0.4421,0xda...6e1f,https://bscscan.com/tx/0x6a2dfa75026a5a66f663f000f8c6e2979aced34eddf9ec53d050decf730fa9d5
2023-04-02 23:17:21,True,5.0576,0.01621,30.9454,0.5016,0x4c...b52e,https://bscscan.com/tx/0xa767c5dcde9fd7be025ba81dd618a28f2551a95121ee10613d194cc54effd36c
2023-04-02 23:17:21,True,5.0475,0.01617,33.8574,0.5477,0x0c...8533,https://bscscan.com/tx/0x6171ca11c6c0af5fc78da1f1656abb05ab2c54714a33c64c1b2850bfa8a006e9
2023-04-02 23:17:21,True,5.0356,0.01614,43.0867,0.6954,0x62...fadf,https://bscscan.com/tx/0x1849548a099940831cd519beedbfc7fc91069919edbb2fff0ad86274ca54ec28
2023-04-02 23:17:21,False,5.0423,0.01616,249.262,4.02835,0xc7...14de,https://bscscan.com/tx/0x7791ffe0b26342d24a022094a4be0a7b0c13fccc1907eb89d76dc0acecd5affa
2023-04-02 23:13:27,False,5.1095,0.01629,19.9131,0.3244,0x2d...7822,https://bscscan.com/tx/0x7d47c4ce6c6a6e729c049b3c58d4477b48bc1459472d874ace27ee008d6761c0
2023-04-02 22:57:24,True,5.1017,0.01637,19.5737,0.3205,0x17...272e,https://bscscan.com/tx/0x64e86d11027fb3203ab01dd89cf37c469612f75dbfcbd5c1eea5c712532b47df
2023-04-02 22:57:15,True,5.1241,0.01636,0.7023,0.0114,0xa0...6ab5,https://bscscan.com/tx/0xe0a15759fdca38998f43b8f0dc92e0790f6757ac938c1ea9f49c6bf7fc40be17
2023-04-02 22:54:46,True,5.1187,0.01636,4.67227,0.0764,0xa0...6ab5,https://bscscan.com/tx/0xc0eec050e27bdfd5a4b061622711bce24f1fd3deaa9abd46b650bb0daacf40dc
2023-04-02 22:54:11,False,5.0967,0.01629,26.3817,0.4298,0x2d...7822,https://bscscan.com/tx/0x85ff51c11aa5f567fcd5b0182c37b7d6bf8ec0a1a5e9fba8687ac6a807b691f6
2023-04-02 22:52:40,False,5.0772,0.01631,20.5156,0.3347,0x2d...7822,https://bscscan.com/tx/0x90c8a119a64736b6b210cab75fd39a2af58e6b10c6f825017f99fdc62434673f
2023-04-02 22:52:40,False,5.09,0.01635,61.3084,1.00287,0x0f...8280,https://bscscan.com/tx/0xfda874f5cd5e284268bfcceb3aa20301a00866879a830770770aa51cc33a122e
2023-04-02 22:52:40,True,5.1125,0.01643,96.5308,1.586,0x19...3583,https://bscscan.com/tx/0xcc387c3e3893283a6caab51779cd97964982601968da678668df78328328fb7d
2023-04-02 22:49:51,False,5.0717,0.0163,28.6804,0.4676,0x2d...7822,https://bscscan.com/tx/0x54a967237c9b5a72962d03916d340d77f6a20a3c675ad504ea9dcf14260c149a
2023-04-02 22:48:20,False,5.0818,0.01633,37.1766,0.6074,0x2d...7822,https://bscscan.com/tx/0x4f7cc3548e6661f6dcf77666b3305f625ae057ca4df74c5ee8c149122e136631
2023-04-02 22:21:35,False,5.1113,0.01636,7.88805,0.129,0x9e...69da,https://bscscan.com/tx/0xe9f94f0f5aa68f9122b5c9f641c18bf111fecd1023453ecdbecb830d0e52c25d
2023-04-02 22:16:50,True,5.1088,0.01643,15.7336,0.2586,0x9d...2cc0,https://bscscan.com/tx/0x5affc4046c9dbb31ed52987a1e5b81d46daebb6247ee1483ff1e6fb85cca756e
2023-04-02 22:16:50,False,5.0855,0.01636,30.0545,0.4918,0x2d...7822,https://bscscan.com/tx/0x476ec7381dc7a58efabc619299d96327f23ad0579fc7f7ff3e6be519f482c465
2023-04-02 22:16:08,True,5.1154,0.01646,2.45266,0.0403,0x0e...2f4c,https://bscscan.com/tx/0x6acdb05b107d7ca2cd6a9e349cb63dbe9f12bbd3af9351146bff28c0cb8eb5d8
2023-04-02 22:16:05,False,5.0944,0.01639,31.1729,0.511,0x2d...7822,https://bscscan.com/tx/0xf14d960418c787535f3f720f3632e2cd2757ca43d6ec607e467526975dd84277
2023-04-02 22:15:29,False,5.133,0.01643,50.9366,0.8371,0x00...78d2,https://bscscan.com/tx/0x8df5269ec928d5f208da0519bee81d3ebde33f442ddba3c605ce5d5ac9b617dd
2023-04-02 22:10:29,False,5.1185,0.01647,29.0658,0.4788,0x2d...7822,https://bscscan.com/tx/0x58672669b05eb704eeff51e6c9af7b48ab9b3eca529f569d823b0aaa60963d0b
2023-04-02 22:08:32,False,5.1538,0.0165,29.3218,0.4839,0x2d...7822,https://bscscan.com/tx/0xed0cc23a10d1146c4fcb7fbbbf4a459fffb8a1ee4b6e5ee87805fa0a7ab79351
2023-04-02 22:06:44,False,5.1631,0.01653,30.0419,0.4967,0x2d...7822,https://bscscan.com/tx/0xd4dd6253441f1f34f01349ef4e7d55f02c4efe27fac1c15f62a8f3c3dd091f0d
2023-04-02 21:57:57,True,5.1917,0.01662,9.78349,0.1626,0x0e...3bdb,https://bscscan.com/tx/0x6053d5dd46931e76dab025eeddbb2688768a795fd6541b1e76bafe37649cfb12
2023-04-02 21:50:25,True,5.1832,0.0166,35.288,0.5859,0x2d...7822,https://bscscan.com/tx/0x992f78cef8bd94c354e08f0be60ea9098aba2befd93f149a72b8b237154b7614
2023-04-02 21:48:01,True,5.174,0.01657,29.166,0.4833,0x2d...7822,https://bscscan.com/tx/0x2bffe6e235429904c406f1a7ce8b8fbd647eac9226dcda466f20f6e99c5e6e7b
2023-04-02 21:45:15,True,5.168,0.01654,28.1743,0.466,0x2d...7822,https://bscscan.com/tx/0x80f6111184612637164655473b5206eb86171f95c64f913bcec8b9a682c668d1
2023-04-02 21:44:33,True,5.1334,0.01651,28.2447,0.4664,0x2d...7822,https://bscscan.com/tx/0x726ede3754659382249bd702bc069703319d7d7142f93035e2dcf6f9fbc1f8ba
2023-04-02 21:43:45,True,5.124,0.01648,31.1502,0.5134,0x2d...7822,https://bscscan.com/tx/0x0235e6489240786c7c82d8c81a840502ad4f2c0205b95fa5497a9a551a3dc653
2023-04-02 21:43:24,True,5.1189,0.01646,1.79143,0.0295,0xd3...7c49,https://bscscan.com/tx/0xf4d5998ab30130a930084c50f595b1563d2ba3768cf66382f51bd950ca2e4e29
2023-04-02 21:43:09,True,5.1189,0.01646,2.71512,0.0447,0xaa...2646,https://bscscan.com/tx/0x2488bcdba79d5a895d3cf472c0da2c1702c0f559c05061060a1b8724b959b69c
2023-04-02 21:42:57,False,5.102,0.01641,56.715,0.9306,0xb6...4942,https://bscscan.com/tx/0x5a08ddeb00bd8b5d3cfbc6b8eefa1d5e9020259cecbceb24f745b9a7ed00d56f
2023-04-02 21:42:00,False,5.1286,0.01646,42.8664,0.7056,0x2d...7822,https://bscscan.com/tx/0xffd279de4bf16c114ca53ea3b8c49a6c6b54d7fd3027818ed01da75891f48fd1
2023-04-02 21:36:06,False,5.1456,0.01648,2.50752,0.0413,0x2d...7822,https://bscscan.com/tx/0x8909ff7e8181677cf6766e5a108a6b15ec0c13ace4a6bdf1ceff1a71824ec6b7
2023-04-02 21:36:06,False,5.1524,0.0165,40.5206,0.6688,0x3e...a7c8,https://bscscan.com/tx/0x16980db0a2ea1af1d7d82502b7287153b8a79ab9e8b29d2d90c632a0cedbbf3d
2023-04-02 21:26:21,True,5.1846,0.01659,31.0173,0.5146,0x2d...7822,https://bscscan.com/tx/0xc077e2827fa8bfc1fb3d3f1ca83fe6ff71123c7e47781926b5152a28b64f83a9
2023-04-02 21:25:51,True,5.2011,0.01656,27.9583,0.463,0x2d...7822,https://bscscan.com/tx/0xc2a051896bffa12c56c5615ebc51ceadfe22a7b0cecf832268ff11aab8f546bb
2023-04-02 21:23:15,True,5.1624,0.01652,52.5856,0.8687,0x2d...7822,https://bscscan.com/tx/0x6a64aef14abbd60747e56e582909ca55f49dcabb759cf2d0dd8ce43110602d44
2023-04-02 21:23:15,False,5.1499,0.01648,135.925,2.24025,0xb6...4942,https://bscscan.com/tx/0x0d7b60606a454bd521d826e5c7253f656d02ec34ee9f362f7d614b1cb1a1aa69
2023-04-02 21:21:30,False,5.2022,0.01656,28.383,0.4701,0x2d...7822,https://bscscan.com/tx/0xe7d3fdc215573e36574f78f56238f3fe5b8831bad3f68cf89d7cc0489eb57fd7
2023-04-02 21:07:32,True,5.201,0.01664,30.7139,0.5113,0x2d...7822,https://bscscan.com/tx/0x5f4bb10e64c3ed880e7e64f0456d2ec72f611a87c407001ac2c044fba65b5712
2023-04-02 21:06:59,True,5.2195,0.01661,30.5413,0.5074,0x2d...7822,https://bscscan.com/tx/0x0dc050cdc166a4159620b20cdfbd39186cc793adad9ae1366a25c6c067d7fae5
2023-04-02 21:04:02,True,5.1864,0.01659,19.0743,0.3164,0x00...e049,https://bscscan.com/tx/0x87d7706c0e281b0658e95f8b9e2802dcc7e0cca67e11814c0cf99adbead10d14
2023-04-02 21:03:59,True,5.179,0.01656,27.246,0.4513,0x2d...7822,https://bscscan.com/tx/0xa648a2032ca2dfe0a246bb664b88de8322b02586af656ba2326186425ea32f45
2023-04-02 21:00:29,True,5.1542,0.01648,141.262,2.32801,0x94...f076,https://bscscan.com/tx/0xadd465e58dab8aace14dcdd4768e526f2adb59ce060350812f0beb1570fae137
2023-04-02 21:00:29,False,5.1579,0.01649,325.246,5.36386,0x19...ba09,https://bscscan.com/tx/0x362b85265a459d1a22fe313e8aafc289436a831853ab3bb3452866ce27116843
2023-04-02 21:00:29,False,5.2336,0.01673,144.769,2.42254,0xdb...8aba,https://bscscan.com/tx/0x9610fe153bf6ceceb56a3dd5139390b56423187c57e1e55997373b65004babcf
2023-04-02 21:00:29,False,5.3095,0.01697,314.252,5.33487,0x2d...7822,https://bscscan.com/tx/0x4850a4648c0134350182a40139c1cab6828d97395eab69751ce9b546a63a78df
2023-04-02 21:00:29,False,5.3689,0.01716,40.2358,0.6907,0x2a...154e,https://bscscan.com/tx/0x7b39b06fdeb897f7c715e0f0af2fe51d475d6a44e2d1283b046acc1f264316c1
2023-04-02 21:00:29,False,5.3823,0.0172,38.4214,0.6612,0x2c...b6d3,https://bscscan.com/tx/0x720ac2589d85e420c9366e3e81633d567b146afcc625571faffa724b488a4432
2023-04-02 21:00:29,False,5.3957,0.01725,40.124,0.6922,0x62...fadf,https://bscscan.com/tx/0x1e903be6205b34d57ff2842ffbaf90cfc2273a651d17d96cc6c2541fb24ea721
2023-04-02 21:00:29,True,5.367,0.01716,367.128,6.3,0xa4...429e,https://bscscan.com/tx/0xb77c0fff2f1daf14bf5239d0b2ed1e6e92ca4e7d2176442ede0b88a266899cc5
2023-04-02 21:00:29,True,5.2515,0.01679,325.246,5.4612,0x6a...8692,https://bscscan.com/tx/0xe2417d96d3da864dc859c51ae2cac89695601e72b250a06f00b3675388cdaf09
2023-04-02 20:56:44,True,5.197,0.01661,13.9372,0.2315,0x38...28dc,https://bscscan.com/tx/0x3c0fc52cfa897c61d557d316a88f849dd357c97e3a1d439f524bb6ef3c0d084d
2023-04-02 20:56:11,True,5.1793,0.01655,95.7953,1.58615,0x2d...7822,https://bscscan.com/tx/0x3cf39959a1d765740223946c1a27d827308e6aedb10411c1d556fed47c09ab9b
2023-04-02 20:56:11,False,5.169,0.01652,192.64,3.18332,0xb6...4942,https://bscscan.com/tx/0x865730eb5b7404645fe38f55db85f9428fd4629b9edc07ddc6880597d07c8704
2023-04-02 20:46:23,False,5.2083,0.01663,28.5328,0.4747,0x2d...7822,https://bscscan.com/tx/0x28e0ee5570d9157d09b273a0cad267f2dc4be6a2004a9b69b2db4c16f2a65598
2023-04-02 20:42:50,True,5.232,0.01671,50.0,0.8355,0xf8...c786,https://bscscan.com/tx/0x1dd088e8b815ecae3f9d92619c106500a00f20448c041c043acc6d36b918db37
2023-04-02 20:39:26,False,5.2291,0.01661,33.6054,0.5584,0x2d...7822,https://bscscan.com/tx/0xdf656ca5749721c52c6e5124c05fb7ece1d0d09e371597d7fa6342568fc9d613
2023-04-02 20:39:02,False,5.2097,0.01663,6.54876,0.1089,0x8b...3883,https://bscscan.com/tx/0xd739feeedb04d839f0fa8796b4a079ead4311238429bb9911280edcae8ebc470
2023-04-02 20:38:29,False,5.2417,0.01665,30.967,0.5158,0x2d...7822,https://bscscan.com/tx/0xab50c0c728ec7095c83fa179c758e4104d1f3e3b6d3d602548549e2c98ff863f
2023-04-02 20:30:39,False,5.2361,0.01672,87.2767,1.4593,0x2d...7822,https://bscscan.com/tx/0x9ed5641ea4aa33dd577ee25474ffa75ef0b9e5a0ff3e851d56cfa3727ea6838d
2023-04-02 20:30:39,False,5.2641,0.01681,83.9482,1.41116,0x0f...8280,https://bscscan.com/tx/0x16ecd459bd0f5abb6be1aa1668b70ca7fe65efa6658865435df704c457eecd85
2023-04-02 20:30:39,False,5.2906,0.01689,76.2616,1.28839,0x22...219e,https://bscscan.com/tx/0x749d9e80a1a15b667f7f7c42079c6bfd56774f62349eb2e009c380c677d2e57a
2023-04-02 20:30:39,True,5.2989,0.01692,185.669,3.14167,0x5a...d6a3,https://bscscan.com/tx/0x185caa96c5a126f99fdaacfc5e24cd7b812653be630f8a66c430c700f611f09d
2023-04-02 20:30:39,True,5.2556,0.01678,76.2616,1.27987,0x22...219e,https://bscscan.com/tx/0xaf0759b0f452e12d78597562492e2b7e7234753e9d76a3375aba7d09720123f5
2023-04-02 20:30:15,False,5.2492,0.01667,35.9537,0.5996,0x2d...7822,https://bscscan.com/tx/0xb47be00a822b05b8b6450898fcaf30a18420908827de21091cf8d55fb60104b7
2023-04-02 20:19:24,False,5.2625,0.01672,47.4171,0.7928,0x91...79fe,https://bscscan.com/tx/0x54aeed4a8968fe6b2badec36ae5e6fde91e969f5c7b05a02cb53cf0df049b225
2023-04-02 20:15:57,True,5.2956,0.01683,4.67698,0.0787,0x2e...ee96,https://bscscan.com/tx/0x8a4cd4c6eedcb09c57fca30bad1c5b227161f81089a71c7c5fabb2ab7f249e6b
2023-04-02 20:13:30,False,5.2711,0.01676,42.3023,0.7091,0x91...79fe,https://bscscan.com/tx/0x1e40bc02e0b0f9378f6205c68ff328c634411bae7905711df2f6bb5fcd83e77a
2023-04-02 20:12:57,True,5.3023,0.01686,11.7523,0.1981,0x2d...7822,https://bscscan.com/tx/0x3abc6cfe717e458e56b0153636237b3422c5d6439e970d03109b6ce25371ccdc
2023-04-02 20:12:57,True,5.2973,0.01684,18.4698,0.3111,0xda...6e1f,https://bscscan.com/tx/0x7bad10eea1d1d6ab68593c9817bdfcace0709c3de6f59c12d3d0489ea37eac0b
2023-04-02 20:12:54,True,5.2893,0.01682,30.1712,0.5075,0x2d...7822,https://bscscan.com/tx/0x05a68470605f9db5f38f002ddc96e2ae7ec9a80c10615f1b6b26ee7839484849
2023-04-02 20:11:18,True,5.2704,0.01676,71.2496,1.19475,0x91...79fe,https://bscscan.com/tx/0xab8ea6c522798efb11cefceb119cbf79f62bcd846558f82670746b606bc983ca
2023-04-02 20:11:18,False,5.2466,0.01669,86.5177,1.44422,0x39...335c,https://bscscan.com/tx/0x66657be9406890328681c0027442f709d12b7a902bb5a600668447a5e8be0b92
2023-04-02 20:09:00,True,5.253,0.0168,40.4341,0.6793,0x2d...7822,https://bscscan.com/tx/0x5af3892017d93d1dd0bdb01e9ab9ac2d1bf0ef78ef22e904f015e376a6a214dd
2023-04-02 20:06:54,True,5.2671,0.01676,33.4949,0.5614,0x2d...7822,https://bscscan.com/tx/0xc620e01301d3270ae7d18bc2fe0c31eca65e57666a9b4c50511aeeef852960a2
2023-04-02 20:05:00,True,5.256,0.01672,39.7323,0.6644,0x2d...7822,https://bscscan.com/tx/0xf1d3f1a68f144abc2e3ef72a3546c762e898612ac3cfc123ed5cbaa98bfc9a15
2023-04-02 20:03:03,True,5.2167,0.01668,37.8195,0.6309,0x2d...7822,https://bscscan.com/tx/0x24ef237cf299bdd30a3f022a900ccaf5ffb6fe76a1165ccdc0b03813dceeb08e
2023-04-02 20:02:03,True,5.2049,0.01664,37.3297,0.6213,0x2d...7822,https://bscscan.com/tx/0xdba907efa1f7bf70da3f9c545dea3b0ebbe160b80b1bed73792ba22bfae4ae90
2023-04-02 20:00:30,False,5.1775,0.01655,30.4347,0.5039,0x2d...7822,https://bscscan.com/tx/0xdeb7b4fe99d6935b918c8864f0f1c10257b864d29ce88b823d4336e8e6c6e307
2023-04-02 19:59:21,False,5.2123,0.01658,28.0336,0.465,0x2d...7822,https://bscscan.com/tx/0xee25f5b35ea7328fa573a1d56c15c204830946a37a54cb6971040a003d41266c
2023-04-02 19:58:24,False,5.2195,0.01661,31.7193,0.5268,0xb5...9fe5,https://bscscan.com/tx/0x38652f66b63480345bca076394fe59e33e8c64b24a37194c8ae55749821a6656
2023-04-02 19:55:36,False,5.2053,0.01665,31.5335,0.525,0x2d...7822,https://bscscan.com/tx/0xe20ac5579c9718defbf672e0f3ed101cbaf148b4801b6c75b6b4bc9650ee7eb1
2023-04-02 19:51:18,False,5.2361,0.01667,5.96364,0.0994,0x2d...7822,https://bscscan.com/tx/0x2d5e90d4615419b33e355e2455cf9bffbd62dbec05658fb455fd459f6729a38a
2023-04-02 19:51:18,False,5.2556,0.01673,112.684,1.88547,0x00...78d2,https://bscscan.com/tx/0x2688a13785096a97ad5628185146d62b33ac0a7dbcfd51fc35f970430ba62da5
2023-04-02 19:51:15,False,5.2879,0.01683,83.8947,1.4124,0x0f...8280,https://bscscan.com/tx/0x690cc538dbba1748a73902e7e73fc08151f80d33959d0eb9dcb2f7b6385509c9
2023-04-02 19:51:15,False,5.3079,0.01689,36.4832,0.6165,0x84...b415,https://bscscan.com/tx/0x04bb6b12f20e5fc1bba72580abb9e0f1d904f584cffd4e4050427e6d536900ca
2023-04-02 19:51:15,True,5.2985,0.01686,252.301,4.25611,0xf1...57cf,https://bscscan.com/tx/0x33700b9fda324961aeb964f5f1eb93dee831ae705d3ddf6875318a6a5dc67eb4
2023-04-02 19:51:15,True,5.2509,0.01671,36.4832,0.6099,0xdd...fdbe,https://bscscan.com/tx/0x05c73315bbb20ba9a465be0e98e08edcf37370d3742293b2d71e563d50b0c410
2023-04-02 19:51:03,True,5.2129,0.01668,35.881,0.5984,0x2d...7822,https://bscscan.com/tx/0xddd84fa6c4309ba9df6fdd8ce436fa87e9c6ab44aa87fac1dfcadfb37b7a6198
2023-04-02 19:50:33,True,5.233,0.01666,1.44817,0.0241,0x34...8793,https://bscscan.com/tx/0x2a67fa83a0c2b949575429eb7ccfcb8cdbb640beefdc028679b5870d653f4bfb
2023-04-02 19:49:57,True,5.2309,0.01665,12.1856,0.2029,0x38...28dc,https://bscscan.com/tx/0x6042d16cb105e88692e9a3b78838cbb4c9fdafdba189d0e7f6138844985b0c04
2023-04-02 19:49:42,True,5.2284,0.01664,2.76062,0.0459,0x0e...2f4c,https://bscscan.com/tx/0xc174684036f5423e6d1996c56dd244fd13b16d841a47a2b89df0b5c49d0cd9b6
2023-04-02 19:49:39,False,5.2156,0.0166,84.7018,1.40646,0x2f...7009,https://bscscan.com/tx/0x3bd9df602b908cc3507a9a718f52906c47af3b97419cdee3dc187e0435daf279
2023-04-02 19:47:21,False,5.2346,0.01666,31.3854,0.523,0x2d...7822,https://bscscan.com/tx/0x282f24bc9692c3f5b4c8a4e92d8fce5a4aa479f4b1401fa7f6765447dfa0681f
2023-04-02 19:44:36,False,5.2421,0.01669,19.1958,0.3204,0x2d...7822,https://bscscan.com/tx/0xfd52f074e12c8d2683bfeef6cacc8e08e16002ab58475611e36c008a39b0abcb
2023-04-02 19:44:36,False,5.2688,0.01677,143.33,2.40452,0x00...78d2,https://bscscan.com/tx/0x1118d8d58c6af8a9188ae0b742222e28040bc8ce82251e54a402a2382e0d1f9a
2023-04-02 19:44:33,True,5.2836,0.0169,52.9428,0.8951,0x44...5110,https://bscscan.com/tx/0xf948cc8abdf1d0a5d0ff3c5906299af53f1119ea432dceee6b98205c80b5e4e6
2023-04-02 19:44:33,True,5.2742,0.01687,3.52094,0.0594,0x00...c33b,https://bscscan.com/tx/0x4dd4e5e9baaba6f3fe9f9b0dd4fcf252c4fac4620befa7c446ead17c0b7f57bc
2023-04-02 19:44:33,True,5.2722,0.01687,8.85137,0.1493,0x41...0620,https://bscscan.com/tx/0xe1971f1e081fc728389d77e3150b13b93a07d40f5d4a9c74c1ef2a55a080b9d9
2023-04-02 19:44:33,False,5.2582,0.01682,83.9483,1.41256,0x0f...8280,https://bscscan.com/tx/0xfd1f757e7871bc299bfa46f02156c208a39583252620ab5a2f99fecef429625a
2023-04-02 19:44:33,True,5.2689,0.01686,178.646,3.01211,0x1e...0f31,https://bscscan.com/tx/0xf05d06572f05097612fe09deee350f277ba7820964468019bf60e2aa9e2d65ad
2023-04-02 19:44:33,False,5.3066,0.01698,563.2,9.56387,0x2d...7822,https://bscscan.com/tx/0xaadc6db1164731777dfc26c57d25d483dc5fafa6f89a4556ddb7d6c0bb5f3c09
2023-04-02 19:44:33,False,5.4259,0.01736,143.33,2.48866,0xdb...8aba,https://bscscan.com/tx/0x751ff6ce8aaacf59be96c8903eae7c8e2ff490815773327c48af27fbb983994b
2023-04-02 19:44:33,False,5.4517,0.01744,6.09439,0.1063,0x84...3a88,https://bscscan.com/tx/0xba5cf4206255d4bded796660412422fc218a0e0519c85440666b71c67e156976
2023-04-02 19:44:33,False,5.4848,0.01755,183.557,3.22174,0xa0...8478,https://bscscan.com/tx/0xa06ad9ff721d1d30bddb8275de51d27623a6f2a9e6ed7a29659719527827ad94
2023-04-02 19:44:33,True,5.3828,0.01722,935.312,16.1111,0x23...91f0,https://bscscan.com/tx/0xeb14c882864baa3eb5405e5f827ff75d9e5b2e7ef5578c51da1e0b3fc00bf203
2023-04-02 19:44:06,False,5.2049,0.01665,34.0417,0.567,0x2d...7822,https://bscscan.com/tx/0xd5cd9bb45ed0b1b763a76fed4a2f8807639c7bbaf433f6855abdd4c080ccf7e6
2023-04-02 19:40:54,True,5.2572,0.01674,32.0958,0.5373,0x2d...7822,https://bscscan.com/tx/0x66d49a69f9bc9f827c3e01c6dc74bb2ae63b7daa9021a9cff4f646e1044e24a8
2023-04-02 19:39:48,False,5.2252,0.01664,5.86846,0.0976,0x2d...7822,https://bscscan.com/tx/0x65109e510c924a7d94334f73866a8782c979e682264da8901751637e27c9780e
2023-04-02 19:39:48,False,5.2344,0.01667,50.7584,0.8463,0x00...78d2,https://bscscan.com/tx/0xb00e0764b68e87786a8fd20fe3de350865e5f531f85d6a11e234feda87e24148
2023-04-02 19:38:57,True,5.2631,0.01676,31.3596,0.5258,0x2d...7822,https://bscscan.com/tx/0x5c72abc42dce9b3ed54d825ced2125087e728a471363732a7d1a6728c149b0a8
2023-04-02 19:34:55,False,5.204,0.01666,2.49472,0.0415,0x90...48cd,https://bscscan.com/tx/0x1762e11204c1de463e6d77ae53a03ffc77fa4e3643bcc757450f4a97483b343b
2023-04-02 19:34:37,False,5.2046,0.01667,0.7206,0.012,0x34...8793,https://bscscan.com/tx/0x34dd4a272fa9f2ec0cdd4efc8aeb5a04b3fc162b70cfb00f1d420ae87d7b7a35
2023-04-02 19:34:34,False,5.2093,0.01668,28.6235,0.4776,0x2d...7822,https://bscscan.com/tx/0x73e0bd502173d8d61e5dd24364499f8f95cb9623af66dc90400dbc0b2c14968b
2023-04-02 19:34:22,True,5.2509,0.01673,95.2205,1.59354,0xb6...4942,https://bscscan.com/tx/0x3e5711fac728e6bc59db7d02b8fa6a015b92ec19f2bf24bacc85676fb1dcbf36
2023-04-02 19:34:04,True,5.2307,0.01667,28.5966,0.4767,0x2d...7822,https://bscscan.com/tx/0xc0d93b3fa77a62aee9857401fa8c6f9f0fe10dccb66e81565fe7973199d2ca77
2023-04-02 19:33:52,False,5.1744,0.01657,1.95137,0.0323,0x34...8793,https://bscscan.com/tx/0x8ca04f426cd44cfe384d587dcd545c101f87a18cf108c2c69cb8ce448c275dee
2023-04-02 19:33:31,True,5.2252,0.01665,9.67585,0.1611,0x2d...7822,https://bscscan.com/tx/0x81c00725e04971032e429dafd9439a1143c1538b31415f34de8bdc95c44b279c
2023-04-02 19:33:31,False,5.2013,0.01657,23.2867,0.386,0xb1...bb2b,https://bscscan.com/tx/0xef94e66e9192b09ed64fb484bc4770bcb9614511ea00b5adbfe146d0b699af8e
2023-04-02 19:33:31,True,5.2242,0.01665,42.3793,0.7056,0x71...69e3,https://bscscan.com/tx/0x5217fd7b2393d6864811b984c658d6574b338cbcc66a87da9e699b5b50e88ef2
2023-04-02 19:33:10,True,5.21,0.0166,46.4935,0.772,0x2d...7822,https://bscscan.com/tx/0x19c7cb3a711c7c6859309080c3dabb5dc0ba3b2ea03f40928d9d7017262e4c9a
2023-04-02 19:33:01,True,5.198,0.01656,26.9375,0.4462,0x2d...7822,https://bscscan.com/tx/0x1a063f84d0dc692f32bbf80ff3821ee663c652daec69ac349534ce24d9e448c4
2023-04-02 19:31:37,True,5.1614,0.01653,40.8659,0.6756,0x2d...7822,https://bscscan.com/tx/0xbeb0193c04d8fdfa14a3ca38159528a4db3fe39900bd9040de310a93345a8d04
2023-04-02 19:30:31,False,5.1587,0.01644,25.1919,0.4141,0x91...79fe,https://bscscan.com/tx/0xb1efc0739412b79fea56932dc714a5cc54ecc2d655350c78b5e15447783bf507
2023-04-02 19:29:31,False,5.1707,0.01647,48.19,0.7941,0x52...1c7e,https://bscscan.com/tx/0x97f876069d53d9d26993784af9118fa6021eef8eb44d07229fe22f8bea7e7fb6
2023-04-02 19:29:28,False,5.1982,0.01656,123.25,2.04182,0x11...a5bc,https://bscscan.com/tx/0xe16686a9740429c3362ba843512281181bd9de385b9ffa43f79313a423a39b2b
2023-04-02 19:29:28,True,5.2224,0.01664,134.034,2.23083,0xb6...4942,https://bscscan.com/tx/0xe8a8cf442c4762cf56c137f376a0094586f90248982c23e1f777456cedd24d02
2023-04-02 19:29:28,False,5.1762,0.01649,8.81669,0.1454,0x2d...7822,https://bscscan.com/tx/0xb3a048669951e11f454155a3ee83a9fe7a0f6f46d6528a2b09bb332e3bd7045a
2023-04-02 19:29:01,False,5.1783,0.0165,3.1262,0.0515,0x89...3571,https://bscscan.com/tx/0x8f7dc9e34ec40aef94b00dfc5e77ff0e420941cf63712e7cedff7a496016ec69
2023-04-02 19:28:43,True,5.1999,0.01656,34.1719,0.5662,0x2d...7822,https://bscscan.com/tx/0xb1d9deb84a9cca6da02e22661ae4a85e491bd32b2e6cf6a9f5709df2cba9f2c6
2023-04-02 19:28:40,True,5.1873,0.01652,44.602,0.7372,0x2d...7822,https://bscscan.com/tx/0x8d9cd836a0ccb9e6ee76efa6c840433f1e177ab7f1d1f517074729dedd6c56a5
2023-04-02 19:28:37,False,5.1564,0.01643,13.4498,0.2209,0xfe...1e0f,https://bscscan.com/tx/0x84eeab113d99bd98144bed8af182e56d694fd02867404621ee475a749ea04a1d
2023-04-02 19:28:37,True,5.1791,0.0165,33.192,0.5477,0x2d...7822,https://bscscan.com/tx/0x395595addd584a6a4940419e4f11e72e6849e542486a31f2aca846f20fc13b3c
2023-04-02 19:27:07,True,5.1728,0.01648,6.92805,0.1141,0x2d...7822,https://bscscan.com/tx/0x998c664b443953b94eb1d707405a4b87b12b6ac87a82f6a4d0d571615d4c175b
2023-04-02 19:27:07,True,5.1634,0.01645,52.0567,0.8564,0x00...78d2,https://bscscan.com/tx/0x18efabdbdd37886febc841cbef0a998f61b665885cf3c373f5c585ea2cc812ee
2023-04-02 19:25:55,True,5.1177,0.01638,73.3819,1.20267,0x91...79fe,https://bscscan.com/tx/0x202c74210e9b7181d74a9867053072f87998ffd7e2ae73f7b874a0bef91df035
2023-04-02 19:25:02,True,5.0995,0.01633,40.4605,0.6608,0x2d...7822,https://bscscan.com/tx/0x30288589d93f583444c8956dd370c2921f9e59c2e9980b89c2dc6bb65b9f88bf
2023-04-02 19:15:20,True,5.1098,0.01629,28.676,0.4673,0x2d...7822,https://bscscan.com/tx/0xdbb6889c4435f8feeb1591494b271c8af8cec73a524885d4829a5b72356687d8
2023-04-02 19:15:07,True,5.1001,0.01626,33.3307,0.5421,0x2d...7822,https://bscscan.com/tx/0x94f5d1b987f8a630196d0113cbe241a2a44281eeca9d48baff387917d1caa19a
2023-04-02 19:06:04,False,5.046,0.01618,29.7917,0.4821,0x2d...7822,https://bscscan.com/tx/0xbb3674ee5f6d5035a4b771d7e40479bf7a12a600fdd2d011cf024850ea9056ed
2023-04-02 18:58:16,False,5.0796,0.01621,30.8116,0.4995,0x2d...7822,https://bscscan.com/tx/0x0a8d241d69619df2be5b9952046d7548f743340056f21230786229736c71d041
2023-04-02 18:56:46,False,5.0639,0.01624,34.2937,0.5571,0x2d...7822,https://bscscan.com/tx/0xb7f9d9444884e74eff2c40db839b8050088a79593fa69a73f81a0214b8599fae
2023-04-02 18:55:25,False,5.0962,0.01627,16.3382,0.2658,0x11...a5bc,https://bscscan.com/tx/0xf640311d38bde907f83086cf406aabb4bb51e55cf684efea9517bb8e9a846f62
2023-04-02 18:55:25,False,5.1039,0.01629,33.2768,0.5422,0x2d...7822,https://bscscan.com/tx/0x99c80491d4e101ae202e625a89fb5daa42d506eeec3b9572ceb48fd809f7728d
2023-04-02 18:54:38,False,5.0875,0.01632,27.6239,0.451,0x2d...7822,https://bscscan.com/tx/0x78b24bcd3d5e2a3f8fffb6ad7d2dcd34821d216a008dfe1d57b52d957e899d0d
2023-04-02 18:53:10,False,5.0894,0.01633,1.69391,0.0276,0xe1...264e,https://bscscan.com/tx/0xf86c9afb593848a8ecaa78cdd30c756e87ab7d31193a46225f382440b3b73c40
2023-04-02 18:52:55,False,5.0969,0.01635,30.6265,0.5009,0x2d...7822,https://bscscan.com/tx/0xd60442fa9fd07af33416d6305549cf74e69763794a29d0edfd93b542e422804b
2023-04-02 18:52:25,False,5.1303,0.01638,18.937,0.3102,0x34...8793,https://bscscan.com/tx/0x082d6faff77b0e7dc5219a413b742e7a987c5c7630a0a1f5a3252d56d9e52995
2023-04-02 18:52:19,True,5.1436,0.01642,97.2037,1.59654,0xb6...4942,https://bscscan.com/tx/0xd84dc77735d13b52689761f16b1d35fc14f947f7e6cafd1be9fc92bd70f8c1e7
2023-04-02 18:51:49,False,5.1028,0.01629,2.06819,0.0337,0x34...8793,https://bscscan.com/tx/0xd9089be85c9b832a821b66fb8757b36a5f4aca9b710922e5552dda2f638eb6a2
2023-04-02 18:51:37,False,5.1036,0.01629,2.95784,0.0482,0x90...48cd,https://bscscan.com/tx/0xdcacfe12a7c658c3984c15d500b644cca4cf88b2e4e690e6d24536dec9b0af65
2023-04-02 18:51:34,True,5.1244,0.01636,33.4924,0.548,0x93...86cb,https://bscscan.com/tx/0xb3d0ebf190bcff63dd0cb67ad0df1af5f2c9b86b7af663cb29ce84946c7b39b1
2023-04-02 18:51:34,False,5.0961,0.01627,16.6084,0.2702,0xb1...bb2b,https://bscscan.com/tx/0xfcfc9340df8cb5284b14780fc678b82a82acb167a1c993a787b3150a4053f78e
2023-04-02 18:51:34,True,5.1162,0.01633,51.4,0.8397,0x00...78d2,https://bscscan.com/tx/0xd69dd93f354be45645abbd7d69cf1f111aa97d81c2a9341e8d93a5b14b9e549e
2023-04-02 18:50:07,True,5.1036,0.01629,29.2089,0.476,0x2d...7822,https://bscscan.com/tx/0x6ed147534d08b8c4d652ec0943301d5da6ab522cc58bf95b17d9c6fb0a1ee1bf
2023-04-02 18:46:11,False,5.0532,0.01621,34.6842,0.5625,0x2d...7822,https://bscscan.com/tx/0x031bb67b8743ca15b6a1c4b4b999339a289c1a0ed5e2392e3b0bee714bb33958
2023-04-02 18:42:57,True,5.1083,0.0163,19.6229,0.32,0xfe...9010,https://bscscan.com/tx/0x5d75ed65377066b6488270e985cc5207ff4e2b1d42f87a9ca58111bbfdc850bc
2023-04-02 18:42:36,True,5.1019,0.01627,36.5,0.5942,0x2d...7822,https://bscscan.com/tx/0xc69f2e5e1395b84d4ec1360cab6a619ee63b89ab3a41a7c9701a211c3dfd40a2
2023-04-02 18:37:09,True,5.0634,0.01624,27.951,0.4541,0x2d...7822,https://bscscan.com/tx/0x5c96f7865e8e673236e0fdca0255768b837c9cfaabdf68241fba488b368594ea
2023-04-02 18:35:27,False,5.0634,0.01616,30.371,0.491,0x2d...7822,https://bscscan.com/tx/0xa29ca82eb702e883b0075c97ddfa9421408315a0f53cca89cdeff50ac632de1c
2023-04-02 18:34:33,False,5.0763,0.01619,31.929,0.5171,0x2d...7822,https://bscscan.com/tx/0x73e6e42ecca2fd02bcf958fbb0f61acc07575c401196c71dc9010fad9f22a502
2023-04-02 18:33:54,True,5.0807,0.01629,5.68484,0.0926,0x86...1912,https://bscscan.com/tx/0x8adc5aaad91ced54ef1eee9534bc9ae0f4ba7e807538503ceed80e7482eef047
2023-04-02 18:32:12,False,5.0846,0.01621,10.2718,0.1665,0x2a...e55a,https://bscscan.com/tx/0xd2f8f2f7dc06089884b395b7c32fab51228931cf94666e65898cda6f490b513d
2023-04-02 18:31:51,True,5.0722,0.01627,58.8211,0.957,0xb6...4942,https://bscscan.com/tx/0x67753fa2651399c2a9bf63d045098018656d3a743b9fa88fab3b5c865bcf7aec
2023-04-02 18:31:27,True,5.0595,0.01622,32.3643,0.5251,0x2d...7822,https://bscscan.com/tx/0x91d12d5df68c4af9296be9928761c73820d6e5b7d7fa822e21c4230c04e43224
2023-04-02 18:31:24,True,5.0496,0.01619,32.0838,0.5195,0x2d...7822,https://bscscan.com/tx/0x9c79cb23cdaa8e4c1edb68b4e96475b82bccaaa0c3491c8da235a9a767c71719
2023-04-02 18:31:06,True,5.0636,0.01615,39.6057,0.6399,0x2d...7822,https://bscscan.com/tx/0x588e5ee17a628a7c9a87ebf73d9fbf307910ae84815df5594b5c4f97d29af0a7
2023-04-02 18:27:09,True,5.0302,0.01612,32.1836,0.5188,0x2d...7822,https://bscscan.com/tx/0x6cb289424d7a52c2f37921d8ceddb7b7e339cd3b21cc949407065c72bc4c105b
2023-04-02 18:26:24,True,5.0179,0.01609,30.1295,0.4848,0x2d...7822,https://bscscan.com/tx/0x6056aba8f409d32d207c53c106f9afe120923c7b7b248838eae3771cd3e0962e
2023-04-02 18:25:03,True,5.0149,0.01607,3.11035,0.05,0xa3...154d,https://bscscan.com/tx/0xae4bd449e69623eae88be808bbbde13558da29b86c11a7f60fccd92f5855045d
2023-04-02 18:25:00,True,5.01,0.01605,29.3531,0.4713,0x2d...7822,https://bscscan.com/tx/0xe85ed0be3630bd1b15273a2ea1d038016942e231b5303149ecf106102822b2ae
2023-04-02 18:22:03,True,5.0247,0.01602,33.0284,0.5294,0x2d...7822,https://bscscan.com/tx/0xebb8abd035f274b0456930d85977608fd8e5e1cd6b8f89fe1902cbdd2e0fb8f3
2023-04-02 18:20:54,True,5.0212,0.016,9.24714,0.148,0x2d...7822,https://bscscan.com/tx/0xced528a1e451c42dd51ddc29427549c3a685af5d7fdb6bb038d9df9e5c3feffa
2023-04-02 18:20:54,True,5.0131,0.01598,43.5559,0.6961,0x00...78d2,https://bscscan.com/tx/0x73e0229e0be47659253ac7b251123a2c50c94d9ed1325db058eda468c7e981d2
2023-04-02 18:16:04,False,4.9947,0.01592,80.0,1.27364,0x34...62c5,https://bscscan.com/tx/0x27f541b41598525b796c2c764099d291d629838f09d2eb3b6e7540b0af0ed389
2023-04-02 18:12:31,False,4.9847,0.01597,32.8245,0.5243,0x2d...7822,https://bscscan.com/tx/0xf2ec06c6b592fd1942dee115e4706b95d6db56a5294c977fb801e2b6eb24ba24
2023-04-02 18:06:48,True,5.0051,0.01604,48.2994,0.775,0x2d...7822,https://bscscan.com/tx/0x9aa00be7fe3aaa47607d448c5bd514bad9a9c4bbe6b463497bfa77f74f191eed
2023-04-02 18:05:21,True,5.0178,0.01601,29.3051,0.4691,0x2d...7822,https://bscscan.com/tx/0xee1fca811e65cfca64917b935a7dc5ec4650cd30ab8672c5ec52ffdb10e591a9
2023-04-02 18:01:18,False,4.9699,0.01593,38.6865,0.6164,0x2d...7822,https://bscscan.com/tx/0xf7720f031a88bd44b28cc5605e31f8a51f0cc33235344a16cf802ecad0d2444b
2023-04-02 18:00:45,False,4.9827,0.01597,46.2004,0.738,0x2d...7822,https://bscscan.com/tx/0xff94cbf56c9ca83dfba270b6aeef1e6998f3cad02092e36affe662aa8e07f36e
2023-04-02 17:58:42,False,5.0181,0.01601,31.2236,0.4999,0x91...79fe,https://bscscan.com/tx/0x253047011a5380ddde34e7c298d70b51f5c76992f0ca2d9dbd5297a6676fd6fa
2023-04-02 17:58:25,False,5.0229,0.01602,1.95062,0.0312,0x2a...e55a,https://bscscan.com/tx/0x8cad04d41857f5f3c73de672e042046ddddd82ad5ec3f0bdc19552541708a2f8
2023-04-02 17:58:13,True,5.0164,0.01608,44.7283,0.7196,0x0e...7558,https://bscscan.com/tx/0xd4af5b980d38c2eaa6527a0babe2b6a3b38cd555f89296cb426d78f10bb88750
2023-04-02 17:58:10,False,4.9928,0.01601,53.8606,0.8624,0xda...6e1f,https://bscscan.com/tx/0xc53bdc4fc15e2e251783e2f22c81e2c0e37b3a0234d640686661df77cea4223a
2023-04-02 17:58:07,True,5.0193,0.01609,43.6558,0.7027,0xf9...5ebf,https://bscscan.com/tx/0x59785c66c9d50e7774928578fc465cf64dd98373b668906e130ac14239c59f85
2023-04-02 17:58:03,False,5.0137,0.016,7.37754,0.118,0xa7...5ce5,https://bscscan.com/tx/0xb8dbec85d72b709a4c176567e804a98beced95783595b256014292917e72f9e8
2023-04-02 17:58:03,False,5.0185,0.01601,24.3278,0.3896,0x54...5e5c,https://bscscan.com/tx/0x2afc5ca1f78fa92370995a67b1813c9806c3043eb8a59b4451d09ad7bbb6c400
2023-04-02 17:58:03,False,5.0251,0.01603,19.0143,0.3049,0x4d...be5b,https://bscscan.com/tx/0x8a621d4bfc27883fcc1b40ae09a77803308e556b867c6026419395121359f8bf
2023-04-02 17:58:03,True,5.0241,0.01603,189.771,3.04265,0x2d...7822,https://bscscan.com/tx/0xfb0390c4bb248803754ccc9d21e13c0cc1888dfe1ff73b0a4f41a287326a2118
2023-04-02 17:58:00,True,4.9892,0.01592,39.7631,0.6331,0x52...1c7e,https://bscscan.com/tx/0xa81afc7fcc40bed02a8de9850aff2a4866b572a7eecb0c2719e021ef84e3457c
2023-04-02 17:58:00,True,4.9807,0.01589,16.3533,0.2599,0xda...6e1f,https://bscscan.com/tx/0x271126e0befebf3e56474af36192e01d4c41ae10e5573de4a58ff7e4f3cf3f72
2023-04-02 17:58:00,True,4.9767,0.01588,10.3306,0.164,0x2d...7822,https://bscscan.com/tx/0x6996421ceefe89a2348050e85499d6afca4cc307b93f8aadc86e8201437dcd63
2023-04-02 17:58:00,True,4.9676,0.01585,49.6194,0.7866,0x00...78d2,https://bscscan.com/tx/0xf83082f0d4cfc54e96efc2560e6f7475a505c28ce42578039c3723a5b10a984d
2023-04-02 17:52:02,False,4.9428,0.01577,43.1502,0.6805,0x91...79fe,https://bscscan.com/tx/0x96bc88f44073463b283d02b2a5801aea3fea3e4bfcf17b089ec86e20ad985f5f
2023-04-02 17:39:31,True,4.9706,0.01585,36.5205,0.5789,0x2d...7822,https://bscscan.com/tx/0x5436d952c163e9e4b8d5019beb4c8ac9baaed3036586f403695c2ea4a25d079d
2023-04-02 17:39:19,True,4.9351,0.01582,32.5947,0.5156,0x2d...7822,https://bscscan.com/tx/0x7af9777754e3e3e43d213bbb3f893db0b873e42c2308ba70fd16db7993466890
2023-04-02 17:39:13,True,4.926,0.01579,28.1188,0.444,0x2d...7822,https://bscscan.com/tx/0x48430b7486fe23b3e7b8599f3f654b65f526f22e569e4b2f6d796064351321e3
2023-04-02 17:32:37,True,4.9422,0.01576,30.5257,0.4811,0x2d...7822,https://bscscan.com/tx/0x137174806c3e64ed3e8023933e9eec4451f46a7a95bf780d46a6e2a262821fac
2023-04-02 17:32:19,False,4.9147,0.01567,14.8991,0.2335,0x5b...86f7,https://bscscan.com/tx/0xc3da094456d93a3a63069c0b7721924847830841586f1ceae6b1a3a488177098
2023-04-02 17:32:19,True,4.9371,0.01574,29.9489,0.4716,0x2d...7822,https://bscscan.com/tx/0x934c639fd3a50060561daa899f3d975493ad7b0bec2a56a8a43a908dca0fcda3
2023-04-02 17:27:56,True,4.9367,0.01574,1.07277,0.0168,0x6f...ffa1,https://bscscan.com/tx/0xbd5ebed373fbe94182968f0df29148554b03bd4014eb552c4e03ad2fda49ee61
2023-04-02 17:24:40,True,4.9283,0.01571,31.1147,0.489,0x2d...7822,https://bscscan.com/tx/0xf9ab744987eb718f3c32d031ee20dd467e74bf40d4bb8c894eb010947a753585
2023-04-02 17:23:07,True,4.8947,0.01568,32.4999,0.5098,0x2d...7822,https://bscscan.com/tx/0x869564cf1b19921ca4f7926c1601d8d55c94648b4c1cb04acc5c8c54591ace2c
2023-04-02 17:22:33,True,4.8895,0.01567,7.03603,0.1102,0x2d...7822,https://bscscan.com/tx/0x6dc1776db84e13fb572652af534a16068a36e800b1a153d3e960ab6efe9d9e15
2023-04-02 17:22:30,True,4.8812,0.01564,49.3342,0.7717,0x00...78d2,https://bscscan.com/tx/0x036feebe9417542cad53c66903007cc0015522737884fa71459601e0bac38930
2023-04-02 17:22:16,True,4.869,0.0156,33.5013,0.5227,0x2d...7822,https://bscscan.com/tx/0xd33fc7d0076fd9cbcd326f01fc93391b380565145caa9071b0a53d050f21276e
2023-04-02 17:20:51,True,4.8869,0.01558,8.30604,0.1294,0xbc...d9c6,https://bscscan.com/tx/0x89eb61b5b862b94fbe70f97acfbdea5f6542ef0238ebbce8b59e8ab1badaa2af
2023-04-02 17:12:31,True,4.8628,0.01557,3.06162,0.0477,0x0e...2f4c,https://bscscan.com/tx/0x1b11230e301dc25e53e98b46c446c86abca0c870c82ec217888079294ae6384b
2023-04-02 17:12:25,True,4.8801,0.01555,45.7656,0.7119,0x2d...7822,https://bscscan.com/tx/0x5f9a209f4f12154e4b2d06218df8425f5ee7b6a65d415d6b140e16527b26d8a0
2023-04-02 17:12:25,True,4.8574,0.01548,109.791,1.7,0x0f...8280,https://bscscan.com/tx/0xc4bdbc5e37ef8e5287b948f012cb39c4b6def624348c008b205d063135953ac8
2023-04-02 17:12:25,True,4.8314,0.0154,86.7125,1.33546,0xd6...f5d2,https://bscscan.com/tx/0xf43ea85d91a8a6aab5eea43ade9b2d4bb129cb3e0cbc6ed2345451980f828c7b
2023-04-02 17:12:25,True,4.8093,0.01533,50.0841,0.7678,0x62...fadf,https://bscscan.com/tx/0xc77c4f9c244de2c28676e67aecef57d58c620b1dc5250e8c51e07529b22d4a38
2023-04-02 17:12:25,False,4.8303,0.01539,362.844,5.58688,0x25...abbc,https://bscscan.com/tx/0x46b037824bfade3d3d4dfbbcf15d3985eaeecf97bff298a4a47920e4e7f681f1
2023-04-02 17:11:55,False,4.8647,0.01558,38.0452,0.5928,0x56...0086,https://bscscan.com/tx/0x3eaa608085b3b3fb780525331c67c8064f85373c0fd52145814f842e63676eee
2023-04-02 17:05:52,True,4.9215,0.01566,20.1603,0.3159,0x14...b438,https://bscscan.com/tx/0x3c2c77fc88b7eb2676f6782044324d301605920d60139ccf012f85451c15921f
2023-04-02 17:02:22,True,4.926,0.01565,20.713,0.3241,0x00...e049,https://bscscan.com/tx/0xf8b3dd73bfc991c13790b08f5d89de200b76af7bea03b093df64b603b7ff7c92
2023-04-02 17:02:19,False,4.9052,0.01558,46.8491,0.7301,0x05...7eea,https://bscscan.com/tx/0x568eacf477c3471658ad1eb8b34e0c9c37a48f4dfd4c48df84c22f94c3139e9d
2023-04-02 17:02:04,False,4.8938,0.01562,41.6843,0.6513,0x67...b7c1,https://bscscan.com/tx/0x2835a11800310010efe27def947d4e6806b301cc52be1ace3bffa1c27e75c341
2023-04-02 17:01:58,False,4.9005,0.01564,3.35951,0.0525,0x2d...7822,https://bscscan.com/tx/0x97bb0cbd87549c32e1dc85890bf5d44b56526c3f072f7780e6af90358ce6e582
2023-04-02 17:01:58,False,4.9077,0.01567,45.2183,0.7085,0x3c...40d8,https://bscscan.com/tx/0x5fcf7fe07a2a6d860b365ef41d7e10e783c8620de1b0c80b38015fded14c84f8
2023-04-02 16:32:31,True,4.9666,0.01576,1.13209,0.0178,0xef...9271,https://bscscan.com/tx/0xf63d7ac5da1c23384c6a06265307917bdbc21e2e33480a1b9ad7f76512a1a1f2
2023-04-02 16:15:16,True,4.9691,0.01576,2.57366,0.0405,0x0e...2f4c,https://bscscan.com/tx/0xce33e0887e9bf6b7883e8a91845c117ce6cbb0fc29d1f4cee099b07b6a5a5a91
2023-04-02 16:14:55,False,4.9236,0.0157,29.891,0.4693,0x2d...7822,https://bscscan.com/tx/0x4c3cb2892b59474c562ddbfc1907af81a5b39db950481c94440ed2aa590ea5cf
2023-04-02 16:10:00,False,4.9472,0.01576,101.991,1.60782,0x11...300d,https://bscscan.com/tx/0x5efc9c0306719cce143d338c2435bd10e4bc69a0246f7aa6c3e05dc982e74c35
2023-04-02 15:54:52,False,4.9846,0.0158,5.93163,0.0937,0x52...b8e1,https://bscscan.com/tx/0xb0e8c548dfee381de72cc5a394e27de869e043f3136a8a507625f155497b9779
2023-04-02 15:52:46,True,5.0149,0.0159,5.93163,0.0943,0x52...b8e1,https://bscscan.com/tx/0x69ea87f1aa424fe0bbf8d4fc81c5ded9763ba9f96077cd45a102bd3204e92b21
2023-04-02 15:37:46,True,5.0085,0.01589,1.82489,0.029,0x4b...5bf0,https://bscscan.com/tx/0xbfc8246072e23525e71bf07caa0879b6cda13b45b0359fe05fdafce10a1e21c6
2023-04-02 15:22:52,True,4.9654,0.01584,100.448,1.59131,0x45...e039,https://bscscan.com/tx/0x28cc7b6f539c83f0d5cf0c1ea7ae364388eef7696cad3491c503b7e063d5fad9
2023-04-02 15:22:07,True,4.9447,0.01577,39.267,0.6194,0x2d...7822,https://bscscan.com/tx/0x64d87bdc9c1249e35f4b4a335a9fc0c08fc24358ed33ed05191c8011d2725007
2023-04-02 15:22:07,True,4.9181,0.01569,139.588,2.19021,0x11...a5bc,https://bscscan.com/tx/0x9291bae66d9702480268d9144b20ab463d623c9dcc1be627a7faeae68c36c338
2023-04-02 15:22:07,True,4.8825,0.01557,101.991,1.58871,0x5f...ee88,https://bscscan.com/tx/0x26032524df6d511f989ce47b852adbd98bd69d232ef09ce23566fe54abd64d0e
2023-04-02 15:22:07,False,4.9033,0.01564,408.599,6.39177,0x96...2629,https://bscscan.com/tx/0x4722be39f242acc088ba7fe0ebd286a4e2f648bbdeff9fcd5e588a4caf74aa9a
2023-04-02 15:21:07,False,4.9766,0.01587,82.1104,1.30357,0x0f...8280,https://bscscan.com/tx/0x61a86ef4422adeda5126a9d10ff4b89db85b1aaa7ae9ef7d83170470bc5864d6
2023-04-02 15:21:07,False,4.9907,0.01592,11.7219,0.1866,0x2d...7822,https://bscscan.com/tx/0x0cd3dfe9dc2c38c541c718c305de01bd06ff3a1b28bff033a2e1b45e0c4dcae7
2023-04-02 15:21:07,True,4.9875,0.01591,198.114,3.15211,0x61...d7a1,https://bscscan.com/tx/0x82b0436b06a505001a248684e2f278d6d6748f4adbdfb4c52fe9d24d6b736d02
2023-04-02 15:13:46,False,4.9612,0.01573,4.21379,0.0663,0x2d...7822,https://bscscan.com/tx/0x17a1ea9670936672fe7c35bb57ccc5667b0e951c2fb330a5940fbdfbf6113f60
2023-04-02 15:13:46,False,4.9697,0.01576,52.3835,0.8258,0x05...7eea,https://bscscan.com/tx/0xc8d75ec0a33e3f1b3c1e0e5c9506166c2f2d1c7d8c4c924ede3dbcc9a7656555
2023-04-02 15:13:04,False,4.9602,0.01581,43.6221,0.6897,0x2d...7822,https://bscscan.com/tx/0x619a526d5ebd3485b2555f5febb76f6c8a8fcc0aaa8e35c9c12c1d3269deb956
2023-04-02 14:48:42,False,5.0002,0.01583,7.74229,0.1226,0x66...c9ab,https://bscscan.com/tx/0xd0f79662bdd98d647dd6f9f969a3d6bf5ed5fee7ed8b05f3dae1c30bc543fe16
2023-04-02 14:46:45,False,5.0024,0.01584,2.47994,0.0392,0xe3...db6a,https://bscscan.com/tx/0xaf79cd1265872d27e850cbc21034f43c2934070b0aa9c9b884c4857ace5baef8
2023-04-02 14:45:48,True,5.0258,0.0159,30.2287,0.4808,0x2d...7822,https://bscscan.com/tx/0xd56d6ea70f07e95660619113cd4bde16cc36d31be576ace472baef1c398c564a
2023-04-02 14:41:21,True,4.9881,0.01587,29.3291,0.4656,0x2d...7822,https://bscscan.com/tx/0xc9ed3082f1818297aa28fc26a84c06f30524845599bab18a9d4f4bd32f290d2b
2023-04-02 14:10:10,False,4.9889,0.01579,23.2269,0.3668,0x66...c9ab,https://bscscan.com/tx/0x95d3bab701569cf8abc4d7dcf3cf5914fee9b02a5906f58f7d5f1dcd68ad8903
2023-04-02 14:04:04,True,5.0158,0.01588,4.58452,0.0728,0x95...616c,https://bscscan.com/tx/0x86ea5d18050c3c52c3fd074bd1b3e36614dff1ea8b5d26e1e386b8735d86fe70
2023-04-02 13:45:52,False,4.9967,0.01582,47.726,0.7552,0xda...c952,https://bscscan.com/tx/0xdc050d173d63411bf3c932e2c736c81ab7bdde462872b77fe3fbd3102cc6c08a
2023-04-02 13:39:07,True,5.025,0.01593,8.0884,0.1288,0xe0...6a81,https://bscscan.com/tx/0xe34f49596f28c43e80a13599b9fb1d0922bf7bc0570836447632045e0cf0efd1
2023-04-02 13:33:13,False,5.0046,0.01586,50.5639,0.8021,0x2f...e155,https://bscscan.com/tx/0xf047e67e4a921a12623a826b12445a679dad9ee1416141521ac68bf890e4af79
2023-04-02 13:08:19,True,5.0105,0.01595,37.7451,0.602,0x46...3109,https://bscscan.com/tx/0xb4f774fd2751ca295addf152b6ebdc020dc73fb5122f87ee6b1c782e3dd77094
2023-04-02 13:08:19,True,4.9856,0.01587,126.439,2.00673,0x0c...8533,https://bscscan.com/tx/0x9c0118aaee5a0fe83cda89e97ccb0b86d61997e11bda104dafbb4d9183dd6c94
2023-04-02 13:08:19,False,4.9779,0.01584,240.614,3.81294,0xa0...317c,https://bscscan.com/tx/0x11a3b16486ed2f0db1563c25d8ce2fb04a170490665431142d354d9c8f9628b7
2023-04-02 13:06:10,False,5.0464,0.01598,50.3321,0.8046,0x05...7eea,https://bscscan.com/tx/0xc1e0766372658b65b3b9a3024c75e5997fcb64662c0cf47661cc559c6d4ef8a1
2023-04-02 13:03:13,False,5.0607,0.01603,40.3627,0.647,0x00...78d2,https://bscscan.com/tx/0x9682dde4d657f5d16a408f139764c4538a0e55803828018c16222956a8dec3b1
2023-04-02 12:55:28,False,5.0458,0.01607,54.9061,0.8827,0x00...78d2,https://bscscan.com/tx/0x0b308dfb81511851e47d33ab4f2298241d8371b15434f7a1a4aafe7c1f8aa7e3
2023-04-02 12:55:25,False,5.0668,0.01614,80.9763,1.30733,0x0f...8280,https://bscscan.com/tx/0xe10f5cfe1e8ad29563886cc7cfa45f4145d6483a9d5b33abdee8d0ad1d80b88e
2023-04-02 12:55:25,False,5.087,0.0162,49.2913,0.7989,0x2d...7822,https://bscscan.com/tx/0x819797a1d39589be60cd4a09464521ca0a145ae4c4d13fff9021b06c0fb3f055
2023-04-02 12:55:25,False,5.118,0.0163,148.462,2.42109,0xdb...8aba,https://bscscan.com/tx/0x9a8f8e9cee69f837c784698ffaaf129f9bdc1ca620a4ad4a03abcf6c8aceba56
2023-04-02 12:55:25,False,5.1475,0.0164,38.8265,0.6368,0xfe...9c2d,https://bscscan.com/tx/0x81a363aaa098e507821544ef28cf769cfde6ebdceed47afee69b2621971a18f8
2023-04-02 12:55:25,True,5.1195,0.01631,379.448,6.18971,0x25...abbc,https://bscscan.com/tx/0x2e88498359f7a1e466e7cce8e4bb0270ee9a07b8f1999129826a4d4668164acc
2023-04-02 12:54:28,False,5.0611,0.01604,6.0146,0.0965,0x2d...7822,https://bscscan.com/tx/0x55f221a4cbd7c5ced51211c1332ccb67b0680d73d5f72c584f2c381ac3e06f28
2023-04-02 12:54:28,False,5.0688,0.01607,43.9171,0.7057,0x00...78d2,https://bscscan.com/tx/0x0595b67888477da98cc6777367b017b24ac124423285ee508dc7c985b9c49dce
2023-04-02 12:45:28,False,5.0573,0.01611,54.4148,0.8771,0x2d...7822,https://bscscan.com/tx/0x97bc00a02991747a159957b81e71667a344d7007568dcb43d2f9ce531b2ca42b
2023-04-02 12:45:28,True,5.0767,0.01618,92.7037,1.5,0x69...5aed,https://bscscan.com/tx/0x00bb99316866937244dc2e8ca34e42d641a9f0269d24e3700d227ee45d29b1e5
2023-04-02 12:29:24,True,5.0947,0.01613,2.22295,0.0358,0x5c...ec1a,https://bscscan.com/tx/0x48c4f442320b800448c9a08bc595baa1b31e028dd7a3dc863921f83d0a78a847
2023-04-02 11:55:46,False,5.0724,0.01605,1.23413,0.0198,0x2e...f345,https://bscscan.com/tx/0xa67681e660a9c8f3afc2872c967df88dc02f6dae33d6f239aa356d5da4e65c20
2023-04-02 11:55:04,False,5.0775,0.01606,31.6765,0.509,0x2d...7822,https://bscscan.com/tx/0xa08a81ddb5bbcb552e3573814f73cb4dc36d3a4a1018affd8710a644256d47e6
2023-04-02 11:50:55,False,5.0615,0.01609,29.4665,0.4743,0x2d...7822,https://bscscan.com/tx/0x3d5a4a1b51390eeb9f37afe8f42126e6b57def6bf7707526ca641a3917888ab9
2023-04-02 11:44:58,True,5.1188,0.0162,0.6118,0.0099,0xf4...fb18,https://bscscan.com/tx/0xdf4994500b59727dae36b768fdfbdc7ff838783b4bf66ac35c3bb8dabb905d7a
2023-04-02 11:38:04,True,5.1107,0.01617,33.7707,0.5463,0x6d...25b4,https://bscscan.com/tx/0x4b9367a5390c58b35630806b37e0a47b0dba94c1e713583a46a3bced2495f58d
2023-04-02 11:31:25,True,5.0781,0.01615,13.9531,0.2253,0xc0...dd37,https://bscscan.com/tx/0x8b9d696c40d67155b00cec48e7d76cc502deb00d566b97175f39f884b4c7d582
2023-04-02 11:31:19,True,5.0779,0.01615,0.3068,0.0049,0x62...6df2,https://bscscan.com/tx/0x43ddd09a2265d0479a5bfc5a06f776e6de885d082e1becf80eac4698cf5f1533
2023-04-02 11:18:45,False,5.0502,0.01608,30.8584,0.4962,0x2d...7822,https://bscscan.com/tx/0xefba40cd2268df118ffd4f3376ee3856774366579e2d3641831b9ae13db76475
2023-04-02 11:15:57,True,5.1042,0.01617,9.49789,0.1536,0x7b...6975,https://bscscan.com/tx/0x4347899cba5b870246353ec7799d503d131b15d2a041c0c9b2fcc918efa2d601
2023-04-02 11:14:39,False,5.0899,0.01612,83.1515,1.34101,0x2d...7822,https://bscscan.com/tx/0x0105074d727aae764df6e84dba21a9c2901e4a7410e8a70a880a4b1ad5c96086
2023-04-02 11:14:39,True,5.1169,0.01621,73.7952,1.19642,0xef...b913,https://bscscan.com/tx/0xf2fb40913ba836a28adbf6cedbb130a552ebe2a6bf077de419284dff22fd1cc2
2023-04-02 10:47:23,False,5.0604,0.0161,18.1455,0.2922,0xcf...dfd8,https://bscscan.com/tx/0xdbda7ca5f384005d3c5f2442ac6584d224e30842f8d4b6839c2cc96fd41d352c
2023-04-02 10:46:05,False,5.0933,0.01612,30.3131,0.4888,0x2d...7822,https://bscscan.com/tx/0xb4e8602f169e0e25105816352b7ceacd72641b72bceba27c462390e6d9908bd2
2023-04-02 10:41:20,False,5.1048,0.01614,9.95063,0.1606,0xed...bb41,https://bscscan.com/tx/0xfd50cbf2056582680056ce771a5cc40e3f18d7fd292833371877dc4b0837e9fd
2023-04-02 10:36:06,False,5.116,0.01617,44.3265,0.7169,0x91...79fe,https://bscscan.com/tx/0x1b7a4e18c6826edc0be4c6d453ab7e3a6ce864f722ff160de4b356fb01b5b169
2023-04-02 10:33:43,False,5.1225,0.01619,1.85483,0.03,0xd3...7c49,https://bscscan.com/tx/0x6e1762df7619c0eedaed2170e80cc338e19f37baae41c33bc503e243ab72d008
2023-04-02 10:33:16,True,5.1343,0.01623,89.1736,1.44777,0x2d...7822,https://bscscan.com/tx/0xb2891d8ccdb2340e11c66045804023ce286e17dca3e7126a0292f447760b7954
2023-04-02 10:23:48,False,5.1021,0.01615,83.3491,1.3462,0x2d...7822,https://bscscan.com/tx/0xe247410dadae5570d6014d70a4910a31b4372c71ef0ba4d20e649e4bfb1cc952
2023-04-02 10:23:48,False,5.1189,0.0162,24.4431,0.396,0xca...3308,https://bscscan.com/tx/0x248fef5cbf0a218182ea00f16c6bf87533a3727a731ef4fede67aefb922b81e9
2023-04-02 10:23:48,True,5.1207,0.01621,176.352,2.85872,0xa7...3004,https://bscscan.com/tx/0x3d68682aca7885438056f8241b99eff486bf10651b803ae69b70c01927ca0cfc
2023-04-02 10:16:51,False,5.0751,0.01604,4.0,0.0641,0xbe...1239,https://bscscan.com/tx/0xe6c6a9589dd9bf372f4b3026f2902ee13939130d4119db228879b4e79b560a59
2023-04-02 10:05:06,False,5.0491,0.01604,3.0,0.0481,0x55...03de,https://bscscan.com/tx/0xe31f6252f8313d5050808298a2e7ee92d5a7392b2ea82c4d9aae24762623babe
2023-04-02 09:59:26,False,5.077,0.01606,31.352,0.5036,0x2d...7822,https://bscscan.com/tx/0x73e4e96271f0f6bfd14b26ccada0f55d764c7dd3b2980c3707ecc7afad82b6fb
2023-04-02 09:55:07,True,5.0663,0.0161,105.532,1.7,0xed...032a,https://bscscan.com/tx/0x628a413bee832e71bec8d302f363334380535a60af28fe91af43066e97ee1afd
2023-04-02 09:50:04,False,5.0247,0.01597,1.92797,0.0308,0x89...0341,https://bscscan.com/tx/0x45d575045062022699e81d70bd3e2e3515d6a6e96fec390d9c548fc5b3c2d979
2023-04-02 09:33:09,True,5.047,0.01604,30.7254,0.4929,0x2d...7822,https://bscscan.com/tx/0xe6679764369bdf0ff4dde7a8bfe3aee9dcf1fa491f6dae92f7243c448f7dcc50
2023-04-02 09:25:25,True,5.0663,0.01601,31.4136,0.503,0x2d...7822,https://bscscan.com/tx/0xbe0dade242e61ffe45eda36da7d521d008d2d969a1f2f390e8b2c17d73d64878
2023-04-02 09:11:48,False,5.0151,0.01593,30.081,0.4792,0xcb...d4e5,https://bscscan.com/tx/0x489e00f2e88acecd5acbadc7a680917cdce986a746643cdf849b66bf54c0a3fd
2023-04-02 09:10:48,False,5.0224,0.01596,34.5564,0.5516,0x93...86cb,https://bscscan.com/tx/0x45dfb433f7b7e2333e830a8bfe7d64e8a02505eacf6fdff935b81ab4f6bcce00
2023-04-02 09:02:27,False,5.0322,0.01599,29.5506,0.4726,0x2d...7822,https://bscscan.com/tx/0xd625edc8a963af1b7ba2abcf64859e46a3116c15f951485e092bc8c448b0eeb8
2023-04-02 09:01:15,False,5.0657,0.01602,31.4462,0.5039,0x2d...7822,https://bscscan.com/tx/0x27c974b4585037b76e88f20e90c027e9aaeb2234c3c4b9046404ea7b039b64d4
2023-04-02 08:56:21,False,5.076,0.01605,34.0061,0.546,0x2d...7822,https://bscscan.com/tx/0x140e12b0e7e9f92a76db644767009ef35ddca0c31396c1c2b7cf38e51147482f
2023-04-02 08:56:21,True,5.1029,0.01614,24.1701,0.3901,0x10...4c47,https://bscscan.com/tx/0x702952308ec5c12349a3911993a587901a8fd42b860d99b7cdb805d349cd4560
2023-04-02 08:54:12,False,5.0574,0.01607,59.2962,0.9533,0x2d...7822,https://bscscan.com/tx/0x0df0aef45f95460db9ed25a252eafcb5f7a5803b496d83fb2a7fce7db54875ce
2023-04-02 08:54:12,False,5.0792,0.01614,82.8373,1.33761,0x69...b79a,https://bscscan.com/tx/0xf85d5afe3e484c130a6e9afac46d422015a0700f23414fe4f10870433c65d60c
2023-04-02 08:54:12,True,5.0927,0.01619,159.999,2.59044,0x10...4c47,https://bscscan.com/tx/0x3e844af9691011c279da32a0e0e324f353e22095495dc8408474b27b9f8fde1e
2023-04-02 08:54:12,True,5.0554,0.01607,82.8373,1.33134,0x69...b79a,https://bscscan.com/tx/0xd4b65ec97dd0fc1a3805666ff3a18f27da5e4efbe415a144b524145901a1651c
2023-04-02 08:48:39,True,5.064,0.01601,30.0748,0.4817,0x2d...7822,https://bscscan.com/tx/0x4343ede1794c4c0ac2df2333e0b029e44f7a6e713b1c491b9f79e74762242f0c
2023-04-02 08:01:12,False,5.0182,0.01593,29.7223,0.4736,0x2d...7822,https://bscscan.com/tx/0xf92e68851621e0a58186af9e62358ffcb19446df2735ec4ecc71b7c60cfcc450
2023-04-02 08:00:24,False,5.0273,0.01596,31.0906,0.4964,0x2d...7822,https://bscscan.com/tx/0x7f7b5dcddbbc01abe3ebf39d0913bf0affed31f4ba0588ad10f5f8edadfb62d6
2023-04-02 07:57:24,True,5.0777,0.01604,32.9727,0.529,0x2d...7822,https://bscscan.com/tx/0xf88e8587a682d0774326d0d236e995cbb02057ec0c863e7dd0b085a935c6cdb6
2023-04-02 07:51:12,False,5.0275,0.01596,32.9334,0.5257,0x2d...7822,https://bscscan.com/tx/0x84fdb14d971d876094027a1e43767bcb4a91c8933c3dc6070279a827869bfff6
2023-04-02 07:46:24,False,5.061,0.01599,29.1372,0.466,0x2d...7822,https://bscscan.com/tx/0xab05e7e7d7722048243dd88feac40b41713acaf1b211910347af14110a897730
2023-04-02 07:45:07,False,5.073,0.01603,54.9727,0.8815,0x52...1c7e,https://bscscan.com/tx/0x233c03e36d3218da80883ba0043b4d3000ad64a1c46164aeada4b9592f195388
2023-04-02 07:45:04,True,5.1089,0.01614,3.8785,0.0626,0xee...d628,https://bscscan.com/tx/0x0b3adaecaa3d979f52fe402d5ca0aab07193aafd294ad6b5b59e8ce350dc2c15
2023-04-02 07:39:20,True,5.0982,0.01613,16.3154,0.2631,0x2d...7822,https://bscscan.com/tx/0x4d8addb6e2ab9dfa766b58ab54f479152e606429ff934d5163ab1ce775ba1e92
2023-04-02 07:39:20,True,5.0872,0.01609,54.9727,0.8848,0xda...6e1f,https://bscscan.com/tx/0x6abcd4c665f779a827ba3ff9e39faa0d3b5a7cb45a7d2e6b7ae83023e2a5ff2b
2023-04-02 07:38:50,True,5.0745,0.01605,27.8042,0.4464,0x2d...7822,https://bscscan.com/tx/0xa8211ef73833fe7738bb746b1ae46902430ac2e0e01f1d6a23bdd911f7a11dfc
2023-04-02 07:30:32,False,5.0516,0.01598,36.202,0.5785,0x2d...7822,https://bscscan.com/tx/0xbf854163a3d3de52b2b14ecb8b193f1c788171d7768b7a95ecb7b6fc86eaa485
2023-04-02 07:26:08,False,5.0587,0.01601,29.5228,0.4727,0x2d...7822,https://bscscan.com/tx/0x2ce424330446197867c2bfc016ff78a034c8c3f55b65ef78391efbc054de3860
2023-04-02 07:24:20,False,5.0673,0.01604,31.3989,0.5036,0x2d...7822,https://bscscan.com/tx/0x66b85fc943c3d799435b110790df349908561936254514d3909b2b343d4499b7
2023-04-02 07:24:02,True,5.0975,0.01613,0.9808,0.0158,0x86...1912,https://bscscan.com/tx/0xfc033c24582a521a213cb07bd7f15c8a3b983ad90f878bb7e6b225837fb056c3
2023-04-02 07:19:16,False,5.0469,0.01605,2.09269,0.0336,0x34...8793,https://bscscan.com/tx/0xf27713d71245e37404961094f652cd4593dd860955ebedaefd90415b3b88d722
2023-04-02 07:16:55,True,5.0921,0.01612,34.077,0.5493,0x2d...7822,https://bscscan.com/tx/0x7b2d79fc380c674bf8b78612205d541ed297e09ce544134cb094bd249a6dd1df
2023-04-02 07:16:55,False,5.0645,0.01603,20.0,0.3206,0x20...12b5,https://bscscan.com/tx/0xba9ac9532a61a92a5c3b7be0e224e69bbbb2de7b55e6584425c6a25060ffed53
2023-04-02 07:15:16,True,5.0912,0.01611,10.4121,0.1678,0x2d...7822,https://bscscan.com/tx/0x789ae41413c82c945b1137f2ded91779675018c89a61d55c6230b77c79009394
2023-04-02 07:15:13,True,5.0807,0.01608,58.3667,0.9388,0x00...78d2,https://bscscan.com/tx/0x209efa19dbad6d7b3af53a88a540d7cbfa02fe273cbd270d6d9bda02ac0684b6
2023-04-02 07:11:01,True,5.0664,0.01604,34.4652,0.5528,0x2d...7822,https://bscscan.com/tx/0xb621fe37575d33ab7062eb238fb58792fa6d1ee028bd23337d04b757a2b994d7
2023-04-02 06:53:22,True,5.0543,0.016,33.8141,0.5412,0x2d...7822,https://bscscan.com/tx/0x52e2da58d02731684de00231588822d3dca9138f68551f8059fff6915175fd95
2023-04-02 06:50:13,True,5.0243,0.01599,0.3379,0.0054,0x77...9ebc,https://bscscan.com/tx/0x4a520a6e3a69bd50b439936ecdb5065714d0a66a1c56a3667990a9c0241730a2
2023-04-02 06:47:58,True,5.0181,0.01597,30.7738,0.4916,0x2d...7822,https://bscscan.com/tx/0xab153b5cab11dfcbf34fb4c4c777d9bd76445bb419b620d812c9de9e851e21ca
2023-04-02 06:41:04,True,5.0339,0.01594,35.199,0.5612,0x2d...7822,https://bscscan.com/tx/0x864283e7250941a0d66c8bd9df6d840eec405c51394c9399b9181814ce99e46c
2023-04-02 06:25:24,True,4.9969,0.01591,30.9822,0.493,0x2d...7822,https://bscscan.com/tx/0x7072693ed0bd362aa5c52fa69d35c005744796fb8c464c881332f41afd477f73
2023-04-02 05:58:42,True,5.022,0.01589,0.1991,0.0031,0xa1...8b57,https://bscscan.com/tx/0x6fd1e876698212bb7ef890ca0eefa62098142821de050a69c06e78cb14ed3eb9
2023-04-02 05:58:09,True,5.0215,0.01589,4.97537,0.079,0xa1...8b57,https://bscscan.com/tx/0xf40504183bfdf3da0bac5e67e1a784e31c6a309aa34b2b016a335d0146393da8
2023-04-02 05:54:09,True,5.0146,0.01587,39.9268,0.6338,0x2d...7822,https://bscscan.com/tx/0xfb00d78bb94c7989af1f6cd4ba4d182b0ab25b635c8242efb4eaebf9f3baef6c
2023-04-02 05:53:33,True,4.9791,0.01584,27.8106,0.4405,0x2d...7822,https://bscscan.com/tx/0x683eec33ba6ce66c206efe57ed8ce2efd44ee825a70152db69197fad7a1397c2
2023-04-02 05:32:21,False,4.9803,0.01576,37.2682,0.5876,0x2d...7822,https://bscscan.com/tx/0x5eab90afd140356d0743f4e17aec098bab36b0b73dbd6bacccbf4926aa05e6f1
2023-04-02 05:32:18,True,4.999,0.01582,79.2667,1.25449,0xb9...d043,https://bscscan.com/tx/0x373ff14f14318de602b80c6a58b390865c9c25c8e922796e236d221de76215bf
2023-04-02 05:22:22,True,4.9814,0.01578,1.5667,0.0247,0x34...8793,https://bscscan.com/tx/0x5ecf8b16e7d8a456b687988ed79efee8c62038444b28712eede9d6872aba5ab7
2023-04-02 05:21:52,False,4.9408,0.01573,63.3165,0.9964,0x2d...7822,https://bscscan.com/tx/0x60ef92ee336bf46295a55748c053d0a1cfedd56e56d4fa06689ef3ad6c418eba
2023-04-02 05:21:31,True,4.9996,0.01584,2.65616,0.042,0x89...3571,https://bscscan.com/tx/0x247ac137177cafd32ebe4beae7c1e6670c0772c28eda6157ef42df97ad9f17da
2023-04-02 05:21:25,False,4.9786,0.01577,29.2691,0.4618,0x2d...7822,https://bscscan.com/tx/0x1f238e29feecbd468db25d39b0bf4d6a6a539518acbe55cf6661c669e7f43dc0
2023-04-02 05:13:37,False,4.9853,0.0158,29.2993,0.4631,0x2d...7822,https://bscscan.com/tx/0x5ef6a2ae6eb515b022006f3f24ccddf881516086adeef0d28a555a32e3cbddf6
2023-04-02 05:11:25,False,4.9954,0.01583,34.805,0.5512,0x2d...7822,https://bscscan.com/tx/0x26961c89ccc8fa4657b66c73b9fc8f985be75d212737b35ff5cbe92ca21a9099
2023-04-02 05:10:31,False,5.0048,0.01586,30.5217,0.4843,0x2d...7822,https://bscscan.com/tx/0x9a2644e5fe5d6fd10c2716495d3c8d66278978db56242fc88e53378c9c211193
2023-04-02 05:07:34,False,5.0136,0.01589,33.5989,0.5341,0x2d...7822,https://bscscan.com/tx/0xea4e41ba0280aba26a00df2ed942bb1324a29e0a8fb8adff3324c3cad1425588
2023-04-02 05:02:31,True,5.0352,0.01596,70.5113,1.12543,0x00...78d2,https://bscscan.com/tx/0x0058294ff8ff0407b3e14da9b6d3adab095887ee8ef0dde8122e21f7cc5d8395
2023-04-02 05:02:19,True,5.0205,0.01591,26.5277,0.4221,0x2d...7822,https://bscscan.com/tx/0x64d6c418783de2b17036a30db4b320777818590f32fc84f79634feae45ff4d8f
2023-04-02 05:02:13,True,4.9871,0.01588,29.197,0.4638,0x2d...7822,https://bscscan.com/tx/0xaffaaba82496fd560a0c22302f194fa7f3b8dbd9b79c0dd16e151b14ddad27d5
2023-04-02 04:53:57,True,5.0096,0.01587,0.4827,0.0076,0xdf...7213,https://bscscan.com/tx/0xb5ecddb35b1027a360db74f4de4cae638be8cab72a0d7bfde6505c010a580610
2023-04-02 04:53:12,False,4.9685,0.01582,59.0836,0.9348,0xef...cab1,https://bscscan.com/tx/0xdbef17dca534ac03978a9cc5815f7874fb4e861536591041e85cd4cf648272e7
2023-04-02 04:47:18,True,5.0239,0.01592,14.9824,0.2385,0x54...5e5c,https://bscscan.com/tx/0xb4a828e2928953a22ab799ce96d337c095318312d65b75a5011d11598d64febd
2023-04-02 04:47:18,False,4.9973,0.01583,5.2415,0.083,0x2d...7822,https://bscscan.com/tx/0x2010d975442084fcd57ec9dc38cee1cd8339d23530577136e8ccd324ccf074e0
2023-04-02 04:47:18,False,5.0136,0.01589,103.159,1.63921,0x9d...6dab,https://bscscan.com/tx/0x7e430e59607da66a4ffd217e42edad8202bfb2b86d7199318be11e2cfa11b37f
2023-04-02 04:47:15,False,5.0779,0.01609,317.696,5.11279,0xfd...7446,https://bscscan.com/tx/0x0e7a77ef60e345171dcf83c42a8b24dfbac7536840519ed79386d9982c923d0c
2023-04-02 04:47:15,True,5.1375,0.01628,96.4212,1.56994,0x05...79a9,https://bscscan.com/tx/0x3c176f1f7d1e478a345102ff68c80f0b01ae9c52e5d66ce624bdb0aa05c8b3e5
2023-04-02 04:47:15,True,5.0735,0.01607,317.696,5.10832,0xfd...7446,https://bscscan.com/tx/0x25a422c3a8277022ae9a3cf4c6478406a26954395a05baacb188f95c0650991f
2023-04-02 04:46:07,True,5.0252,0.01592,0.6844,0.0109,0x34...8793,https://bscscan.com/tx/0xbb04aaf7ddd0fe70257a2d59cf01a71b4669eeebc1f0bb23d2a8dfe156e3c33f
2023-04-02 04:41:56,False,5.0043,0.01586,29.9767,0.4754,0x2d...7822,https://bscscan.com/tx/0x23d46a5dc8a8338a0c60f260b26eca58c339c69afcb9c2c6925b9204046fe6a1
2023-04-02 04:40:41,False,4.9929,0.01589,47.1312,0.7492,0x2d...7822,https://bscscan.com/tx/0xe8a2c906de2abae7f83ff619498dfb6c7ed8c76ec389a09ba15391c1479103dd
2023-04-02 04:35:32,False,5.0003,0.01593,29.0636,0.463,0x2d...7822,https://bscscan.com/tx/0xca06cdb1cc082549195de56377c0607596b52fcb5e8e7e5e4f1b3d01112482b3
2023-04-02 04:29:17,True,5.0243,0.016,45.0432,0.7209,0x2d...7822,https://bscscan.com/tx/0x41518886b30bebca9f672495d3eeb244f299eadbfeac01ce3ff91c600c0b4cbe
2023-04-02 04:27:29,False,5.0174,0.0159,2.10771,0.0335,0x66...87a6,https://bscscan.com/tx/0x0b984c4bc27da99bcb7f2b4243ec1a0c8e114f4458f742d01aae8e914a137a1d
2023-04-02 04:10:35,False,4.9957,0.01592,29.7198,0.4731,0x2d...7822,https://bscscan.com/tx/0x489c9d6a610d54a177a95119dabf62b2498b2af43a4cc8fb7dadad06f2a390dc
2023-04-02 04:06:23,True,5.0504,0.01601,2.5079,0.0401,0x90...48cd,https://bscscan.com/tx/0x01485b2a75c80607363c1288e7d234cf5a36507a666b9f291a438daa5ccaec6c
2023-04-02 04:06:08,False,5.0051,0.01594,29.8607,0.4761,0x2d...7822,https://bscscan.com/tx/0x9a3d4d4005a237e97f6b5cd410b938f67d0cbecfca3ce369bc042d8794108b81
2023-04-02 04:00:28,False,5.0177,0.01597,30.1148,0.481,0x2d...7822,https://bscscan.com/tx/0x1d42713d43901eb9c78d8f207b7df209c19c035c7473bd2ef11e2b55369d1f39
2023-04-02 04:00:09,True,5.0449,0.01606,16.7062,0.2683,0x4d...be5b,https://bscscan.com/tx/0x0dcc132a4f944b1662a706da4ba8de272a862c92102a7c994b06a33990950bf2
2023-04-02 04:00:06,False,5.0216,0.01598,29.4706,0.4711,0x2d...7822,https://bscscan.com/tx/0xc137df79d01202c0d49e8e91f4baf5819499479711a2398df385011c324ab79b
2023-04-02 03:55:03,False,5.0373,0.01604,87.2814,1.40035,0x2d...7822,https://bscscan.com/tx/0x1858c09eab9432a692b85fde2b1cd21b2f5b7ac2835976451627aa01c67f5b22
2023-04-02 03:55:03,True,5.0635,0.01612,80.4611,1.29765,0x10...4c47,https://bscscan.com/tx/0xfcca6b59640a1b6c6e4546313a7d38868d17361f7df9f7434104c89edf522cc4
2023-04-02 03:54:45,False,5.0388,0.01604,67.5867,1.08415,0x2d...7822,https://bscscan.com/tx/0xf70225c8e5dbdd5bf505cbb3c46379a7c20eb9da7f77ef0de8dc5466c64aa0b8
2023-04-02 03:54:45,True,5.0621,0.01611,80.5275,1.2977,0x10...4c47,https://bscscan.com/tx/0xd1baf6fd8b0a5d18d0a9485fb0d34ffeb5d9109d347793c2b914573adc1c1ccc
2023-04-02 03:54:00,False,5.0541,0.016,28.4271,0.4551,0x2d...7822,https://bscscan.com/tx/0x78850e6aa542b003a468678eb9ffa7e89b0e49e86fc420702b446c93a32a134c
2023-04-02 03:51:33,False,5.0631,0.01603,29.3967,0.4714,0x2d...7822,https://bscscan.com/tx/0x03bc1bd8a01ca7f9f278cc6371fa8b68dd07d2901caf91fd058a5a25a8fa7a6b
2023-04-02 03:41:00,False,5.0442,0.01605,9.54854,0.1533,0x2d...7822,https://bscscan.com/tx/0xe7adf37fb03ac1ef78f6352401d9d469b60531d1abd8997ecf948329ea5b3ca8
2023-04-02 03:40:57,False,5.0492,0.01607,23.2115,0.373,0x91...79fe,https://bscscan.com/tx/0x43048af6c06c102b49502cb81c00e3bfa9f4dd9f87124fecfefa2798ab627565
2023-04-02 03:29:54,False,5.0575,0.0161,46.1116,0.7426,0x91...79fe,https://bscscan.com/tx/0x5392814754f4037904dcb5d097fc54b4e030a46c45e1861f88874c98e42119e8
2023-04-02 03:27:05,False,5.0703,0.01614,42.6465,0.6887,0xda...6e1f,https://bscscan.com/tx/0xeb81e6394990fc7ad564c5ed4b99e1bbe4c06d40d093593dda583146434d31f2
2023-04-02 03:22:38,False,5.1065,0.01619,41.0355,0.6643,0xda...6e1f,https://bscscan.com/tx/0xe35c98ae37b6899e620224eb1ec3d552dc8b50d69aeb3a4c7a498147c4538ca3
2023-04-02 03:19:08,False,5.0932,0.01623,43.0549,0.6988,0x5f...f54b,https://bscscan.com/tx/0xf55a07d2a1b6b091cc2c9d0801e853d6ccc43b3cb89a7e6b3347c9533082b162
2023-04-02 03:15:08,False,5.1051,0.01627,40.7301,0.6627,0x52...1c7e,https://bscscan.com/tx/0x1474672cc2e9038b5e7cedeee3da705296739df75e856785a430a97d1e1be684
2023-04-02 03:08:03,True,5.1468,0.01632,102.436,1.67212,0x91...79fe,https://bscscan.com/tx/0xe830e84ee1d0c788a124bb914a58181dbfd7d5a682d2f3ac6a6e8e2befa44be7
2023-04-02 03:08:00,True,5.1135,0.01621,110.988,1.8,0x0f...8280,https://bscscan.com/tx/0x142174f5361701af747f412f97bf432c2113c4e1f02c6fdd6843dacea833d2f1
2023-04-02 03:08:00,True,5.0735,0.01609,148.249,2.3855,0xdb...8aba,https://bscscan.com/tx/0x9634cd47e61d659f385a58186d84d7d26d4c2f75e98cb9b39d6488fd2c378e29
2023-04-02 03:08:00,False,5.0728,0.01608,325.437,5.23597,0xcd...5ebe,https://bscscan.com/tx/0x596e84210bc9c97d001a433481bb7edd235c7841aa36258b7d387357b68e0a3c
2023-04-02 03:01:00,True,5.1361,0.01627,133.945,2.17944,0xda...6e1f,https://bscscan.com/tx/0x79ef014c1a751d1c25415a1c65405a1e2762999df55d8e493e0a3e29fe1d621d
2023-04-02 03:01:00,False,5.1044,0.01617,95.1729,1.53902,0x40...83eb,https://bscscan.com/tx/0x3e2aa5a78dd3a92d6287750c441fcc44092acec175a4a89774326f4cc643a248
2023-04-02 03:00:26,True,5.1401,0.01628,28.9124,0.4708,0x2d...7822,https://bscscan.com/tx/0xea0e37df2488272820d87c7ef201380d62000205a570cda2df8696c42c902243
2023-04-02 02:55:09,True,5.1305,0.01625,29.0532,0.4722,0x2d...7822,https://bscscan.com/tx/0x7e0b31100205a30ad6cf2525d2f4bd52b7e8e025721728f2ca3f10ab8036557a
2023-04-02 02:47:53,False,5.1123,0.01619,72.8719,1.18025,0xb6...4942,https://bscscan.com/tx/0x8ac883cbfe7061f41f5f59748ed19f78da4873ad6a0e823df682875fe3f5dbe2
2023-04-02 02:22:08,False,5.1098,0.01627,78.0006,1.26911,0xd2...c838,https://bscscan.com/tx/0x67fef9b75806af49f881101ccd12f70d88b1e2507b703e3dcab1ec079d7343bb
2023-04-02 02:18:05,False,5.1523,0.01632,29.9018,0.4881,0x2d...7822,https://bscscan.com/tx/0x3b03e06266694bb93c0f15bf1384ba7c07c596ae4ef520da760a3efdc6cf6fde
2023-04-02 02:17:29,False,5.1628,0.01635,37.044,0.6059,0x2d...7822,https://bscscan.com/tx/0x2cf7f035d9c5c8e2d58afcbb5380d9840c4d8a93653e55697219800bac0af8cc
2023-04-02 02:16:29,False,5.174,0.01639,33.3161,0.5461,0x2d...7822,https://bscscan.com/tx/0x3cb04bba47ec279cf978e13b993a1b67e3e8af610158a0e89784beab50ca84ba
2023-04-02 02:09:05,False,5.1906,0.01642,29.8571,0.4903,0x2d...7822,https://bscscan.com/tx/0x37e9ad358528780f2fdbbe54bb735abcbe09ae7c52944ea35c92c6aea01868d8
2023-04-02 02:08:01,False,5.1999,0.01645,28.4236,0.4676,0x2d...7822,https://bscscan.com/tx/0xbdc5d0c40308affd42e81020e6ae6641f68a298ffc79068a4708e2f7da7e4820
2023-04-02 02:06:52,False,5.1846,0.01648,33.7147,0.5557,0x2d...7822,https://bscscan.com/tx/0x168c226f7f6dccc4877a7c475d9745838646052a642b7f249e67f96b58b0fa4c
2023-04-02 02:04:49,True,5.2352,0.01656,44.5994,0.7386,0x3e...a7c8,https://bscscan.com/tx/0xd558c53335563dfe9943ea3e6f6e8998f9ef009556639ec9917c29a5dd16b1cd
2023-04-02 02:04:46,True,5.2201,0.01651,49.4903,0.8172,0x00...78d2,https://bscscan.com/tx/0x73ed22eee84d08aebf68775fca4cde0f0a334c3840da716934d3ae80be7ec7f3
2023-04-02 02:04:13,True,5.1801,0.01647,38.4,0.6324,0xf9...5ebf,https://bscscan.com/tx/0xf8fb1142b161c7a65dc92b786718e6795b2ff7fecb3ffed53c012fc12dc33e77
2023-04-02 02:00:04,True,5.1974,0.01645,0.4252,0.007,0xab...db5a,https://bscscan.com/tx/0xa1658561d420f105d8efeb1b75a6b244b57b397e3585211ac8144f71130c1306
2023-04-02 01:41:00,True,5.165,0.01642,45.2209,0.7428,0x00...78d2,https://bscscan.com/tx/0x4042c4c6a0cbe0b7b8760aff46db3c141bb36f6a8dc35aa8084bf65ab036bd71
2023-04-02 01:40:45,False,5.1459,0.01636,87.7352,1.43591,0x77...6554,https://bscscan.com/tx/0x507c3e71b4969415c4f9d26bdc91427dfcf11bd76ba29ebcfe4a5f3c757bdd49
2023-04-02 01:40:42,False,5.1674,0.01643,49.1353,0.8075,0x62...1f10,https://bscscan.com/tx/0xbe791fdd7e82c89f64f1fbb93a17a8345c50c0162dc1782061da5439d60b3bb1
2023-04-02 01:26:51,True,5.1952,0.01652,39.0435,0.645,0x3a...231f,https://bscscan.com/tx/0x752ce9581de9f3cf22e3d5fa3472924387627bc43714640e90e019c0b76041f7
2023-04-02 01:10:08,False,5.1921,0.01644,48.6587,0.8001,0x52...1c7e,https://bscscan.com/tx/0x9ae33c0bd6ae19959a899cb600762290b18f3504823a4c170354a2d80665fa37
2023-04-02 01:04:17,True,5.192,0.01653,43.8195,0.7243,0x71...69e3,https://bscscan.com/tx/0xddec88c32510a71878abe9bbbe5b52d55d62ae264742fe1067ebbc2429625828
2023-04-02 01:03:14,True,5.1783,0.01648,45.5726,0.7512,0x82...2196,https://bscscan.com/tx/0xc227da407493692ebccdd411d9a682915d69850f948ec0260ca8e43a821f7886
2023-04-02 01:01:32,True,5.1912,0.01644,38.4,0.6313,0x00...78d2,https://bscscan.com/tx/0x525ffbfa87205063736ee56111f9af037a1f2ff14795eb1492475705b8ac912a
2023-04-02 00:55:31,True,5.1685,0.01637,118.129,1.934,0xd6...f5d2,https://bscscan.com/tx/0xc8bd134cd65cd7804fdb326b53460a4912d576bf0ae0d65814f4f9b3f8479280
2023-04-02 00:55:31,True,5.1463,0.0163,6.71549,0.1094,0x5b...86f7,https://bscscan.com/tx/0xc05f2895f31a29b243663e2e320e1bedff92d4ce6ef9938b7e39e86b83604ef9
2023-04-02 00:55:31,True,5.1315,0.01625,87.7352,1.42613,0x77...100d,https://bscscan.com/tx/0x5ac62c11f03eea033de2d3272e9a9860e0fa1fff08c33008375dcf8cbe8bfaf6
2023-04-02 00:55:31,True,5.1068,0.01617,71.8774,1.16271,0xb8...a5aa,https://bscscan.com/tx/0x0b388e6b1b55d8d0d79c77e118ada65caed05201633606c8973a3d6198ac9d5d
2023-04-02 00:55:31,False,5.1276,0.01624,369.975,6.00924,0xa2...8ba3,https://bscscan.com/tx/0x4596074e075968b484db6427097d9bb041193a616723f46cce7f5dd7b7ed0b86
2023-04-02 00:51:49,False,5.1683,0.01645,59.0332,0.9714,0x62...1f10,https://bscscan.com/tx/0x0c811f7028f06b99c47d48337e68330e832ea26ac3acb5575c8d682b6c6de66f
2023-04-02 00:39:37,False,5.1841,0.0165,45.0,0.7428,0xbe...1239,https://bscscan.com/tx/0x31ede2b8b6e0868c33f2dbe88bbe6ad8408a9fca7a88253faa338e91575f25ee
2023-04-02 00:36:25,True,5.2416,0.0166,10.081,0.1674,0xcb...d4e5,https://bscscan.com/tx/0xeb17d634eb999f5202c6e45aefde2883f607ea29a65f37917bfc090559f28c13
2023-04-02 00:30:10,True,5.2365,0.01659,19.285,0.32,0x3a...6fa8,https://bscscan.com/tx/0xc34d16729f84b61533eadfcfce64b505edb7d78e7b3c55eb387ba1f7c60d446b
2023-04-02 00:28:19,True,5.2026,0.01656,40.5718,0.6719,0x71...69e3,https://bscscan.com/tx/0x411322bc330217500952f67e5dfcc0ed75f72ffb4af53ea74bebc4365a534eb8
2023-04-02 00:22:46,True,5.1901,0.01652,37.1787,0.6143,0xb3...55e7,https://bscscan.com/tx/0x2d5a0ef09cbaff52be0f64c5bcb54d9e19ac94bac91f256253f2d2d525b5076a
2023-04-02 00:22:25,False,5.1602,0.01643,27.9863,0.4599,0x5c...8e52,https://bscscan.com/tx/0x52e636186ca6a749d713906b6a58c7921875d33a3183a4fb229ddf47056d8b24
2023-04-02 00:22:01,True,5.1809,0.01649,76.9869,1.26981,0x00...78d2,https://bscscan.com/tx/0xb8df94f194b785bbf9dc81b90423c9d3c2d457ac66316a9c01e36e185f631c7f
2023-04-02 00:21:58,True,5.1643,0.01644,27.709,0.4555,0x5b...86f7,https://bscscan.com/tx/0x0d77d878353c23454d2b775774d09d109e906a46b2fb2977cae194aeae94b1bf
2023-04-02 00:21:58,False,5.1687,0.01645,219.04,3.60434,0xa4...429e,https://bscscan.com/tx/0xb4c633febca8b4b633b2cc108b814beb93b056ded53f73e97803eed6f20fd3c4
2023-04-02 00:20:58,True,5.2548,0.01664,7.87436,0.131,0x67...f51d,https://bscscan.com/tx/0x3f8a58809a17fe0f7e3e8247d452a393ea050b7d55f713c7d540f7887eb9c01b
2023-04-02 00:13:03,True,5.2277,0.01664,0.4863,0.008,0xff...4674,https://bscscan.com/tx/0x7a353f1e5e447c485650bdc0f310462eb033dff980b1588d9f2abd72c0488090
2023-04-02 00:12:45,False,5.2017,0.01655,1.49609,0.0247,0x59...2083,https://bscscan.com/tx/0xa4fd0facb34aeac3f6302655c0df5c3e9e912a7719040fac41e9b1ed969db03e
2023-04-02 00:12:42,True,5.2267,0.01663,8.44287,0.1404,0x9b...2be7,https://bscscan.com/tx/0x090da1c26a567e16053d6fbbff527dd743dcc0463fbfd033f4d9f4bd239ff68e
2023-04-02 00:12:00,True,5.2192,0.01661,40.8847,0.6791,0xc1...b919,https://bscscan.com/tx/0x6898e0b74c0d33ef5ef795a38eeeb1ea9a34a9525550d2a489769f519aeeb3de
2023-04-02 00:11:27,True,5.2116,0.01658,6.85211,0.1136,0x34...8793,https://bscscan.com/tx/0xdf17fbaed46ff9f3de451c1daf4c17839a0bbf729f5abebcb4617a33d77a487a
2023-04-02 00:09:48,True,5.2039,0.01656,39.0318,0.6465,0xca...34d7,https://bscscan.com/tx/0x516b551aa361b839f1fe9d085e21556268bf37d73e7eb24fd8a495cd576062e6
2023-04-02 00:09:45,False,5.185,0.0165,100.0,1.65044,0x9d...5911,https://bscscan.com/tx/0x2cb0fad518dbd07b886a8b319bd0b2fb6533e95ee3ca1e24f18f0e1880b22ec2
2023-04-02 00:03:17,False,5.207,0.01657,24.5566,0.407,0xda...6e1f,https://bscscan.com/tx/0x26ae44fe38ae4be7c96980a9ac6c813b17815ceab4a6e941e5509e6c89db52b1
2023-04-02 00:01:30,True,5.2535,0.01663,63.169,1.05107,0x2d...7822,https://bscscan.com/tx/0x60cec08bbdefebd2f6ff0d061353a6d1416eeabef00499d551b94d50a4b49357
2023-04-02 00:01:30,False,5.2269,0.01655,60.8,1.00653,0x0c...f600,https://bscscan.com/tx/0x4a31315656c7e17d310123d28d13a6912e1987b4f2c4dd4ca996069836d74b51
2023-04-01 23:56:41,True,5.2223,0.01665,29.7593,0.4956,0x2d...7822,https://bscscan.com/tx/0xf969f8d8de729f9029987df0d0ad71019ef7878000c8d552c6a7cb09e2ad7ee1
2023-04-01 23:53:59,False,5.2191,0.01656,8.66946,0.1435,0x6b...9094,https://bscscan.com/tx/0xb80fbada78910915b8a079894d2d4f41fd77a65786aacfcc0573ce0c8b1c6729
2023-04-01 23:52:17,False,5.201,0.01658,39.0317,0.6473,0x52...1c7e,https://bscscan.com/tx/0x56fe9f5c30d50a59ab5591b6dedc9726ef39e94c1dc492c6ee8377d154c0e17b
2023-04-01 23:40:47,False,5.2131,0.01662,40.9631,0.681,0x91...79fe,https://bscscan.com/tx/0xb83b6dc7e49c0608118fd03348e6fa7874ef07cefb4e68007fd725fd6cb7e46f
2023-04-01 23:37:08,True,5.2405,0.01671,33.9177,0.5668,0x2d...7822,https://bscscan.com/tx/0xf49ab69075195aad3086d448b3d39d6c23b170b2f6e645cad7503029cc6bec59
2023-04-01 23:33:47,True,5.2563,0.01667,29.6422,0.4944,0x2d...7822,https://bscscan.com/tx/0x9640c0fac2800921ec06dbfacd3a90848529471b438bd6639d18f9ae6ec46b4a
2023-04-01 23:33:29,True,5.2138,0.01662,72.1723,1.2,0x0f...8280,https://bscscan.com/tx/0x3b1a627bfe63081bad742135908bc4aa56b96a5ddde09662e4175fa0cdc874f1
2023-04-01 23:33:29,False,5.1947,0.01656,115.503,1.91341,0xb6...4942,https://bscscan.com/tx/0x625cf3b6e224d9b8a4a30ce5f9c622f8d6dd4a1e687ec9f775134efb5e69e42c
2023-04-01 23:30:17,True,5.2558,0.01667,59.9028,0.999,0x2d...7822,https://bscscan.com/tx/0xae0c0f7863d1c41b2b6bfd22b66106ce01dfb0eafa9c52089d7d5e92ee2f3cce
2023-04-01 23:30:14,False,5.2326,0.0166,78.8563,1.3093,0x41...7ca0,https://bscscan.com/tx/0xd784e6ee01bc7fc8f706afa344fac24c553ea6b94cab6cb44f43ae11524cd01c
2023-04-01 23:27:50,True,5.2444,0.01672,4.53823,0.0759,0x2d...7822,https://bscscan.com/tx/0x9048c05f9ec5e211905b0e68a68d6e6725db2a713ec54d3cc645be9d2149ec6a
2023-04-01 23:27:50,True,5.2262,0.01666,107.997,1.8,0x0f...8280,https://bscscan.com/tx/0x5748aa33dea6997575e258a902a795b552150fe15f6b4229cdc49793998a2e45
2023-04-01 23:27:50,True,5.2047,0.01659,26.7516,0.444,0x96...4df6,https://bscscan.com/tx/0x697f07744d68e62c1342c6289d8052722e9e2fc7e081b0f948ab47889a23f496
2023-04-01 23:27:50,True,5.1478,0.01641,332.6,5.46026,0x93...fdf0,https://bscscan.com/tx/0x4276bff592988f0ce2d717a820821d420d38c00cbc881bfcc8c06d63e046204d
2023-04-01 23:27:50,False,5.1035,0.01627,213.625,3.47687,0x9d...5911,https://bscscan.com/tx/0x7905cdc7d14b0517cb5727fe08c215eeac056aa283b91c3ef6d3689cd7282767
2023-04-01 23:27:50,False,5.189,0.01654,329.961,5.46026,0x93...fdf0,https://bscscan.com/tx/0xa4b3c3ea5436b6ea475cf94888e879cac1484609124f5b3827bbeb241a6f39e6
2023-04-01 23:19:23,False,5.2722,0.01673,40.0583,0.6704,0xda...6e1f,https://bscscan.com/tx/0x632576bd7973f46cd5c733982cb2648642fff760489e4eb7f7d4bc12b5e83ad6
2023-04-01 23:16:41,False,5.2689,0.01681,108.832,1.82991,0x2d...7822,https://bscscan.com/tx/0xd4df3c97083e5edc761b76706ffe2d18c9c6e1a1aaa0595ac12594311458759f
2023-04-01 23:16:41,True,5.2947,0.01689,112.754,1.90511,0xb6...4942,https://bscscan.com/tx/0x1c639cb0b3d9424a0ec47c76d19614d8bf0b6b7fd49dc626a478ce3d2af13140
2023-04-01 23:16:08,True,5.2895,0.01679,75.6207,1.27027,0xb6...4942,https://bscscan.com/tx/0x91dfc344bf76771e2d32d7aaae1eb377b8513435d245119e0992317971854b48
2023-04-01 23:14:27,True,5.272,0.01674,31.6822,0.5304,0x2d...7822,https://bscscan.com/tx/0xf2e467ba93735c9bcd77044c0586755101440e0009e55209a5dc84725ecb8c13
2023-04-01 23:04:32,True,5.2582,0.01667,104.352,1.7398,0x2d...7822,https://bscscan.com/tx/0x0fc480198d6e8962bf5a87d588565a7b480dbe5a1b22ed2cb3614dda0ab86932
2023-04-01 23:04:32,False,5.2387,0.01661,145.725,2.42055,0x25...abbc,https://bscscan.com/tx/0x77d773e91e59bf284c69ff3d6eec8a01d457e8b0338f4f6b0acd7e2252496407
2023-04-01 23:01:59,True,5.2529,0.01673,59.6102,0.9977,0x2d...7822,https://bscscan.com/tx/0xd8210df5451b63b540b919bce8bd6aa0a11540de5bd9e4ee9982ff398ad1dd8f
2023-04-01 23:01:50,True,5.2382,0.01669,31.8489,0.5315,0x2d...7822,https://bscscan.com/tx/0xa3ffda2ad386aa24619945d324bec070452a5d4c588847b08b749e94ce178997
2023-04-01 23:01:32,True,5.2584,0.01667,6.95922,0.116,0x2d...7822,https://bscscan.com/tx/0x5a6a604e814b2b7964b5863c0cf8fed2de55cd53e7cafe92ae22590487b37e7c
2023-04-01 23:01:32,True,5.2491,0.01664,50.3064,0.8371,0x05...7eea,https://bscscan.com/tx/0xf4469286bad472d3110c19f5204fd83d0332e987e425a0bbf49a2acf319f6fc1
2023-04-01 22:57:11,True,5.2254,0.01656,96.78,1.60329,0xda...6e1f,https://bscscan.com/tx/0x22631f189d99b9adfd3e9a1ebe98ef80ad04fb4abf6fae257010b71d7d002e31
2023-04-01 22:57:11,False,5.1994,0.01648,97.413,1.60575,0xb6...4942,https://bscscan.com/tx/0xb4a4d784e522b82a23f9d0482e2067d82259393822fc45bf9b2dbef597de2987
2023-04-01 22:55:08,True,5.2123,0.0166,20.7442,0.3444,0x2d...7822,https://bscscan.com/tx/0x299f058fedb2ca0f30f303caabb105631159ad2c01e6c98d7a1cb5120f77ff3c
2023-04-01 22:55:08,True,5.1974,0.01655,72.4725,1.2,0x0f...8280,https://bscscan.com/tx/0x5f3e3509ce205951aaa1b48514f27252ba15ac848d07833ed8430c2b64b336e4
