datetime,buy_order,price_USD,price_native,amount_token,total_native,maker,etherscan_url
2023-03-30 08:25:50,False,4.3046,0.0137,40.6033,0.5564,0x2d...7822,https://bscscan.com/tx/0xf99fb5f9b9e0f0cf9e42658f59659343ed60eb6400dc9c6679e9da1ecb21f04e
2023-03-30 08:21:38,False,4.3091,0.01372,4.84235,0.0664,0x20...12b5,https://bscscan.com/tx/0xdca10a01bc6227a526844dcacdc91a8ae5747bb369f2ea1f1a7b3fefeeeff831
2023-03-30 08:21:23,False,4.2903,0.01373,35.7764,0.4914,0x2d...7822,https://bscscan.com/tx/0xedf6bb7e5ff9859056f73601b0ccee646da8d783a7f3b728deb6952254ba60c0
2023-03-30 08:19:59,False,4.3249,0.01376,35.5214,0.4889,0x2d...7822,https://bscscan.com/tx/0x860639b22c37ac85d3525fbcb6c9381e5eec56050bb49aa1f6b0255b346d49c8
2023-03-30 08:09:53,True,4.3462,0.01383,32.3298,0.4473,0x2d...7822,https://bscscan.com/tx/0xefa58c2b2b16e7fbf6c07b2f1bb4d7efa5e718cec81bd63ba4108c336d988c49
2023-03-30 07:48:14,False,4.3216,0.01376,33.6411,0.4631,0x2d...7822,https://bscscan.com/tx/0x536227ad00162289e70a1dfa92a03a0f8d08a43c13beb3028c359ee3e19ab526
2023-03-30 07:29:47,False,4.3113,0.01379,35.581,0.4908,0x2d...7822,https://bscscan.com/tx/0x9b9d773c8c474f30e7931194aa75e9e99c4b52e49e61d0e78ba86786590094d6
2023-03-30 07:29:17,False,4.32,0.01382,35.4555,0.49,0x2d...7822,https://bscscan.com/tx/0x27119ed146f3836506b192441c640992eee8ae24d3e16e156fe7d392aa7a5827
2023-03-30 07:24:47,False,4.3292,0.01384,32.5114,0.4502,0x2d...7822,https://bscscan.com/tx/0x4837ae5d85d32989483a84d47d6e28010228dde842e7f87db9fa964fa7217592
2023-03-30 07:11:26,True,4.348,0.0139,56.1156,0.7804,0x0e...7558,https://bscscan.com/tx/0x6c148b276c7f7e9a370a18b91dd2388241a356f69b0d2a7ed0b2f4f434667188
2023-03-30 07:11:23,True,4.3389,0.01387,18.1908,0.2524,0x2d...7822,https://bscscan.com/tx/0xa6c9d6432879372e5c8060422f368f672a4f240b30f2b2a5295262d1de85105f
2023-03-30 06:52:17,True,4.3552,0.01385,32.9067,0.456,0x2d...7822,https://bscscan.com/tx/0x2f7f6d09149dbf59e66dc1f92708b30eab598b10b0b74d543d3fab9f84f02334
2023-03-30 06:51:02,False,4.3368,0.0138,61.9725,0.8552,0xd6...e942,https://bscscan.com/tx/0x87762bed6f7d34297300131cac6226001c6e9a2df67b877911415f96d966fdf8
2023-03-30 06:44:26,False,4.3499,0.01384,46.1497,0.6388,0x91...79fe,https://bscscan.com/tx/0x08948649ae01e27d7f340c7325fc4060155802d80008f9e6a65e4c0cf06ad504
2023-03-30 06:40:35,True,4.3535,0.01392,21.9061,0.3051,0x1d...f6dc,https://bscscan.com/tx/0x98b8ad748bad6b3b12b142d05fce50025b3c4768835138a1b39015f55c86a610
2023-03-30 06:36:53,True,4.3688,0.0139,32.6222,0.4534,0x2d...7822,https://bscscan.com/tx/0x317000df7a10ce661457e34aaeddb878f9513ea1914cd986d35b5995f010f8f8
2023-03-30 06:35:47,True,4.337,0.01387,46.2245,0.6411,0x2d...7822,https://bscscan.com/tx/0x608cc9edbd219720706dd531ac00dd4da73a84bf88dfc22b9f15b799d047480c
2023-03-30 06:35:44,False,4.3153,0.0138,46.4026,0.6403,0x8e...6665,https://bscscan.com/tx/0x0099ce9499c9056debfef4891e15dfed8043e220cf590619bb740b0d7e4e3f88
2023-03-30 06:35:44,True,4.3422,0.01388,3.55198,0.0493,0x2d...7822,https://bscscan.com/tx/0xe174c3e5eefe6e0b136640b34297f3dba3c3ac761ec0d25fe2d46c99f445ec9f
2023-03-30 06:34:14,True,4.3626,0.01388,7.20349,0.1,0xa8...8a78,https://bscscan.com/tx/0x1b1c19b2cdea70fdcfc4ce9d9d750d03ddec27327625eefbf662e4d362333437
2023-03-30 06:32:10,True,4.3562,0.01386,32.7694,0.4544,0x2d...7822,https://bscscan.com/tx/0x05a54c4c10100987c7c1c15cd84cb409c4630110d793b41f1b9b5dcf76cac403
2023-03-30 06:30:25,True,4.3272,0.01384,32.5991,0.4512,0x2d...7822,https://bscscan.com/tx/0x11e9058368e04bc0c3f31c30d7c217cbf527db7cab9226fd072e33364165afe7
2023-03-30 06:25:24,True,4.3117,0.0138,72.9004,1.00604,0x00...78d2,https://bscscan.com/tx/0xdd91efb9609ef6a1f19a09da4d1cec53b73aeef0fcb6de3dd8e4ebfe259e6133
2023-03-30 06:18:54,True,4.3207,0.01376,20.5971,0.2835,0x16...1432,https://bscscan.com/tx/0xed2680f678741d47da8049af874c45080a755a92e2fc91048afac4c968824990
2023-03-30 06:16:30,False,4.2731,0.01369,16.8885,0.2312,0x0f...2b78,https://bscscan.com/tx/0xb1616879471819693581fb96801e8c91f0ddaaafe94ed2e9c075a698ab559e15
2023-03-30 06:16:09,True,4.3133,0.01375,37.7785,0.5196,0x2d...7822,https://bscscan.com/tx/0x8e88c14831e8dc8480cf669dcd88fd1a0bf26967ae02c3df76451c7ad5755a35
2023-03-30 06:13:03,True,4.2813,0.01372,38.9917,0.5351,0x2d...7822,https://bscscan.com/tx/0x869ebb7be9b305ad4de3deb6281f085a970fdd14f8a95d50d46d40fb3f3c252e
2023-03-30 05:47:36,True,4.298,0.01369,39.4895,0.5408,0x2d...7822,https://bscscan.com/tx/0xd42d6f06c865aac82d0bf82b01c5e9ea27b2e87a80de231a47f7e1c0d1d71162
2023-03-30 05:39:30,False,4.2789,0.01362,38.7267,0.5277,0x2d...7822,https://bscscan.com/tx/0xf4f56600c0c6d7c95c2a914866614f3c0b2ae39d145974c08cfd4e0694396ae1
2023-03-30 05:29:33,False,4.2756,0.01365,33.6987,0.4601,0x2d...7822,https://bscscan.com/tx/0x044baf436314f7e02d8b90b580e45157c5e02d32b2bece0e95addc885e3c2203
2023-03-30 05:28:47,False,4.2638,0.01367,33.1571,0.4535,0x2d...7822,https://bscscan.com/tx/0xb69813a988cd42040ab7c5d85a8b5aae3cf359c84e4dc9622c93bff15a2c6c54
2023-03-30 05:25:02,False,4.2941,0.0137,33.0637,0.4531,0x2d...7822,https://bscscan.com/tx/0xd43c193a19770fbd04fd4b6946f500ebfdcdef4409a05a8e1c7a36a3b8c3e7dc
2023-03-30 05:17:32,True,4.2778,0.01377,38.0428,0.5239,0x2d...7822,https://bscscan.com/tx/0x46df025fe36c7410f5d8936d66f81fcac0752031d269461dec7a755b02469cce
2023-03-30 05:13:40,False,4.2682,0.0137,32.6768,0.4476,0x2d...7822,https://bscscan.com/tx/0x3965fbb824d2214a903c922619d70625e2d3504806fff973806f718f6482c3b4
2023-03-30 05:10:43,False,4.3029,0.01372,39.6421,0.5442,0x2d...7822,https://bscscan.com/tx/0x96928527b97a8483afbe483a8949694abb18d833b92dd50d86f7be3d61d8ade1
2023-03-30 05:08:22,False,4.3172,0.01375,35.8522,0.4932,0x2d...7822,https://bscscan.com/tx/0x57a6b05872a6b1a24da9069aa0d2e0d86b7751479cd43362792b170cfc0c0780
2023-03-30 05:08:07,False,4.3096,0.01378,39.7674,0.5482,0x2d...7822,https://bscscan.com/tx/0x046546e91477b62a0347da5f60da22182a860c8dbab6577bddcbe3e6be4bdcdc
2023-03-30 04:59:43,False,4.39,0.01381,43.8892,0.6065,0x88...737f,https://bscscan.com/tx/0x5100b6dc3e3abe8a0e38b74658b5961a41e51fbfa69733c1a0d9b6958bc26650
2023-03-30 04:57:49,True,4.4131,0.01389,32.6343,0.4533,0x2d...7822,https://bscscan.com/tx/0xf59f21c5276ae44e4e8a72b62d53dbe745ee873f3b0c45fc41c2d4bea62dda38
2023-03-30 04:54:52,False,4.3696,0.01382,33.3597,0.4611,0x2d...7822,https://bscscan.com/tx/0x3b62ca805c0fb9bc8679a8cb50fd8476db7039f455f1a34ae0670045a9ee805a
2023-03-30 04:53:10,False,4.4021,0.01384,32.4018,0.4487,0x2d...7822,https://bscscan.com/tx/0x7000c3e2fee25439827e65a933f2ff44c8f10a3554b8b64463d7400674e4f9cd
2023-03-30 04:48:58,False,4.3924,0.01387,35.5377,0.4931,0x2d...7822,https://bscscan.com/tx/0xac49c672fdfaed3f3de318051da80bcb31d4df66a7a1f5063b9bd321aaea461d
2023-03-30 04:45:25,False,4.4228,0.01389,1.19297,0.0165,0x1d...f269,https://bscscan.com/tx/0xe25e9cb17de10dd1ef4049ab135adaaba2852d39a26f3e24867cc25ec759ff2b
2023-03-30 04:41:46,False,4.4271,0.01391,58.4762,0.8135,0xda...6e1f,https://bscscan.com/tx/0x0cba8891b377ccf1cf16fab8c6f93451306291877e6591c5464bca36e9dc88e6
2023-03-30 04:38:10,False,4.4027,0.01394,12.9984,0.1812,0x7f...3696,https://bscscan.com/tx/0x5c66e66c4a765e912b79b2ca3f588e15c0252f89fbdf39f59388b1091914f32b
2023-03-30 04:37:58,True,4.4247,0.01401,3.56762,0.05,0xa8...8a78,https://bscscan.com/tx/0xcbd142996a9735a9010048f1bec898778e5dfaed06aa5471485132ac7bb50d3c
2023-03-30 04:36:04,False,4.4218,0.01394,2.09376,0.0292,0xdc...c6dd,https://bscscan.com/tx/0x7ab04f915fb3aee89185aa82d9daf00cd3bd1a4852de992e40d4da760b7ccb85
2023-03-30 04:35:25,False,4.4252,0.01396,46.3166,0.6467,0x91...79fe,https://bscscan.com/tx/0x5244351a8d9134fc6f9653a0909971c57b8cc91f3600feda2538afa9230437cd
2023-03-30 04:35:19,True,4.4407,0.01401,98.8372,1.38497,0x69...3a41,https://bscscan.com/tx/0x2ebef6b7ee3ba23d79d07971e5e3e74f6852692d94bb49044260e8316f60e844
2023-03-30 04:32:22,False,4.3809,0.0139,3.03433,0.0421,0xba...b306,https://bscscan.com/tx/0x9f96b1350ff8f5fb5bc769e69a41f9f80d344a410865e55a448983d820582ea4
2023-03-30 04:32:10,True,4.4162,0.01396,27.1906,0.3797,0x2d...7822,https://bscscan.com/tx/0x3c0357bcf60a89e3b3b5661fc1ccfda91c3a7dfc1ecce807ec228ae9b2994a59
2023-03-30 04:31:46,True,4.404,0.01393,46.997,0.6549,0x91...79fe,https://bscscan.com/tx/0x310b95e9f4d451a06a6ce66dd747b9cc7292b511afb9615b9b3b476259ce4551
2023-03-30 04:26:10,True,4.3666,0.0139,39.8264,0.5536,0x2d...7822,https://bscscan.com/tx/0xf565e0b3237c6a68213f0c253fe6de5d1c0effb490b846bc2f88c81f6a5687c9
2023-03-30 04:25:31,True,4.378,0.01386,45.71,0.6339,0x2d...7822,https://bscscan.com/tx/0x1ae5ec3d7f430fc0040963889d7956a66eded3fa8fe17c934eb897c75966c1b3
2023-03-30 04:24:28,True,4.3683,0.01383,33.8739,0.4687,0x2d...7822,https://bscscan.com/tx/0x7056332178562fa6e49d5ad1aa7ca5ee810f669644587ec4854736b2cdac2c1c
2023-03-30 04:22:10,True,4.3594,0.0138,44.0076,0.6076,0x2d...7822,https://bscscan.com/tx/0xe12f2ca7acc1c3105271c3cd3001fbde10bae04117b7c6727fa3996b6b2bb986
2023-03-30 04:21:13,True,4.3455,0.01377,46.6542,0.6425,0x2d...7822,https://bscscan.com/tx/0x8c0a2a550e15c3d6fcaf272d9528df8d7f48ad07244a214178106ce88e460b05
2023-03-30 04:16:19,True,4.3104,0.01374,36.3482,0.4994,0x2d...7822,https://bscscan.com/tx/0x47c43320da49351ea83d6f9e5fe51f3c10f5e9cdaa4887c95014c31bb52af454
2023-03-30 04:05:04,True,4.3005,0.0137,44.3397,0.6078,0x2d...7822,https://bscscan.com/tx/0x456ebc520a00667ac1b53db30d02660c62c50a962d6b735d5aa1cc7a7ea26b2c
2023-03-30 03:59:22,True,4.2853,0.01366,75.0,1.02479,0xf6...d2f4,https://bscscan.com/tx/0x3da3e892508406d2fad96346752f551be8e7228351043520474949c69062cf61
2023-03-30 03:11:25,False,4.2278,0.01358,36.6893,0.4982,0x2d...7822,https://bscscan.com/tx/0x78e10074d1dc3fe0c4af0149366be8a7aa0b5512631acd0467a9c7bc2448406d
2023-03-30 03:11:16,False,4.2364,0.0136,36.5492,0.4973,0x2d...7822,https://bscscan.com/tx/0xba9005294f4282449f03d92814b9d59fc5c2984782b4521004fcbae8649f34df
2023-03-30 03:09:43,False,4.2677,0.01363,40.0766,0.5465,0x2d...7822,https://bscscan.com/tx/0xacc6431b67ae974137e540fb9d33cf4ac0774cce062763dd4a00bc1afe4a4813
2023-03-30 03:00:40,True,4.2876,0.0137,39.2033,0.5373,0x2d...7822,https://bscscan.com/tx/0x37ae72bbbfe6a92466d9370c4d0f94cadd0e1213a0eafbea126ae142c13da718
2023-03-30 02:55:22,True,4.2799,0.01367,46.7,0.6385,0x2d...7822,https://bscscan.com/tx/0x3a4fe3f0871490d5a0c1dd95c21d193e804b54a43aefccba08ef3078005dab8d
2023-03-30 02:55:22,False,4.2642,0.01362,94.2758,1.28437,0xb6...4942,https://bscscan.com/tx/0x8069b472971becf6b524efd233cb6ea96c9fd2e5b95f4d27b5c35a3ea34163b5
2023-03-30 02:53:19,False,4.275,0.01367,35.7378,0.4886,0x2d...7822,https://bscscan.com/tx/0xe51e4fce5437af70edc44a45d9065970906b8c9f09990e68cb07e50fe9b974b4
2023-03-30 02:50:31,False,4.2874,0.0137,35.5426,0.4869,0x2d...7822,https://bscscan.com/tx/0x91733631ea58c5a485a302a65b9750a76d1a1a6f301bf2e006d67a831a85b628
2023-03-30 02:48:46,False,4.3197,0.01372,33.5123,0.46,0x2d...7822,https://bscscan.com/tx/0x6bf6152f5c1ef1be7902ae419956c0e71124a7b0815de525b601bdd3479e6977
2023-03-30 02:36:58,True,4.3185,0.01379,34.3658,0.474,0x2d...7822,https://bscscan.com/tx/0x3a4873e3483f6f0ec20ddadd1b804688856e9631ccaae2eff6111bf5df247646
2023-03-30 02:33:25,False,4.2967,0.01372,34.7047,0.4763,0x2d...7822,https://bscscan.com/tx/0x3542e307a1e655b19f0a335fd2d8a84ad7a8906f55e0c6ee8eefc77b1c4beabf
2023-03-30 02:31:58,False,4.3265,0.01375,33.6038,0.4621,0x52...1c7e,https://bscscan.com/tx/0x96ea8af72c7b47155a4312161ac54266be0a1d0d127f2335b9973271d1da19e3
2023-03-30 02:22:55,True,4.3249,0.01382,37.8821,0.5235,0x2d...7822,https://bscscan.com/tx/0x60df450e944de67faed844f811c89b489c7b17ba2ca75df839c7d7f1ac8fbbfc
2023-03-30 02:21:31,True,4.316,0.01379,32.7441,0.4516,0x2d...7822,https://bscscan.com/tx/0x8f6d728ea8d32ff39571aef73d58a027d5bb29907981e9a82cf540bd457dcf91
2023-03-30 02:20:10,True,4.3329,0.01377,6.54573,0.0901,0x2d...7822,https://bscscan.com/tx/0xa491200a289b1027a6b6d519d9c223e6759aaddce7d65d886c0de75631e682c0
2023-03-30 02:20:07,True,4.3222,0.01374,81.7905,1.12408,0x00...78d2,https://bscscan.com/tx/0xe6ff93b6c658f6de1f286dc961517c5578e6c9468e35179c5381358e370346e3
2023-03-30 02:06:49,False,4.2988,0.01366,64.3512,0.8795,0x00...78d2,https://bscscan.com/tx/0x709da3f1c609635030c35d251161aa8e7e87a27e66d7b33c33b4eca2504ed284
2023-03-30 02:06:40,False,4.2901,0.0137,42.7207,0.5856,0x2d...7822,https://bscscan.com/tx/0xd052294298c0ec6f852f81c1b3e2a49980fde6159715cd5c644877c7fbeea0db
2023-03-30 02:04:49,False,4.3,0.01374,39.9323,0.5487,0x2d...7822,https://bscscan.com/tx/0x1409681cd9b5b2de312be658a25480f7d34c57ced6da89e32368c98f63bc5e07
2023-03-30 02:04:13,False,4.3304,0.01376,34.0791,0.4692,0x2d...7822,https://bscscan.com/tx/0x20ba84b4b3ba10d37c995e6e11df02e55a0eb98f89a66e55921859c73609ee84
2023-03-30 02:02:22,False,4.3176,0.01379,36.1014,0.498,0x2d...7822,https://bscscan.com/tx/0xb16a2c97f6c30ae2bfd311cbd556e466420ba26849a6324ed56feb4679c72af9
2023-03-30 01:57:16,False,4.3228,0.01381,0.9681,0.0133,0xd7...ae5f,https://bscscan.com/tx/0xefd1a822b210401e6443f3e642f1666aa62a15b2c93584f3ca651a6ee33cb67a
2023-03-30 01:55:10,False,4.3261,0.01382,36.9492,0.5108,0x2d...7822,https://bscscan.com/tx/0x1866119aae488fcdbca6c99902d5b073bc9e78e1b15b76f70a267b838e99db9c
2023-03-30 01:43:22,False,4.3567,0.01385,41.8625,0.58,0x2d...7822,https://bscscan.com/tx/0x4c2d3781f28d954eff23308a43e567bc019b8665efb027624c307dfad5a1834d
2023-03-30 01:41:28,False,4.3441,0.01388,33.2811,0.4621,0x2d...7822,https://bscscan.com/tx/0xfa47d99d40d8022940673f12196e56c0de5f6277bae9f616d1af3ebf9846041e
2023-03-30 01:41:28,True,4.3605,0.01393,77.1242,1.07493,0xea...0fa9,https://bscscan.com/tx/0x90c0adc6ec2171b3f77c88b21c642145df53336dce7729cf36e27a39c09688a4
2023-03-30 01:36:10,False,4.3518,0.01384,12.2865,0.17,0x7f...3696,https://bscscan.com/tx/0xfcafe3712059628c3c4d19281ec1bb21f67526e7fd1f1a8c10afc12d196c31cc
2023-03-30 01:35:58,True,4.3745,0.01391,4.59926,0.064,0xdf...3731,https://bscscan.com/tx/0x91b7cc961998e28f7a1b2dce8c38c2acb30f5767769acdb411e7ee3bb818cc06
2023-03-30 01:35:37,False,4.3575,0.01386,44.9394,0.6229,0xda...6e1f,https://bscscan.com/tx/0x36b8e8077199fccded3acd164c6f1e3c0d49e8a371461613e4b8e1e5477dbe09
2023-03-30 01:27:46,True,4.3565,0.01393,48.036,0.6691,0xa0...cc8d,https://bscscan.com/tx/0x1491b93bdf8d8454559dfe0b08bd58947ddf45fa3ca09a2541d0db7abfb5b6a7
2023-03-30 01:27:19,True,4.3448,0.01389,47.875,0.665,0x00...78d2,https://bscscan.com/tx/0x6946997ac4e79eb52820098b571463a09125511c501bca8aae67f23fc95c1c0d
2023-03-30 01:26:07,True,4.3333,0.01385,48.1101,0.6665,0xaf...847e,https://bscscan.com/tx/0x00b995f12ad1927a69c24bbbf25729c52fbf0f05f252c4a8a0db8c6f9df74700
2023-03-30 01:13:49,True,4.3213,0.01381,46.0943,0.6369,0x7a...c707,https://bscscan.com/tx/0x5a18f39c401caf350ed62b54236ecfd2b52c77ab990eeed4b58434217e8850b1
2023-03-30 01:04:07,True,4.3084,0.01378,49.4367,0.6813,0xaf...847e,https://bscscan.com/tx/0xe6b2d683635bff29686b3d67b0e0e26b675ddc75b4dd60e11bc3b782dcdec103
2023-03-30 00:58:28,True,4.2948,0.01374,48.5227,0.6668,0x05...7eea,https://bscscan.com/tx/0xcd59d64fb6c314d4951e66a98242093c0cc9882dd40a5a1365689aa2930864f0
2023-03-30 00:49:40,False,4.2929,0.01366,25.8458,0.3532,0xb5...31bd,https://bscscan.com/tx/0xeac701a24a5dd929fb8feb9b1f1334ca94915582f2463d5e42ff389c259cb0d6
2023-03-30 00:21:13,True,4.2913,0.01372,53.9876,0.7409,0x56...0086,https://bscscan.com/tx/0xc72947ec5b834effd5bd6efdb5666c593920ee59841149e149705424c79666e2
2023-03-30 00:21:07,True,4.2796,0.01368,43.2148,0.5914,0x9d...6dab,https://bscscan.com/tx/0x6a5e8218bdba7cb2eb514809210dd13ff395d1351346c262a5b708f83745872a
2023-03-30 00:14:43,True,4.2689,0.01365,47.2071,0.6444,0xb3...55e7,https://bscscan.com/tx/0x8cdf8b4d239f6bee23f3ec79d7b107c77b3c31181dac51d575bc536c8a4b3de9
2023-03-30 00:09:04,True,4.2738,0.01359,95.6027,1.3,0x0f...8280,https://bscscan.com/tx/0xdae97467b2c6f6b500b4480c8e92affe09b03772b7774cbd3dab0b6b622cdff3
2023-03-30 00:09:04,True,4.2577,0.01354,39.9045,0.5405,0x2d...7822,https://bscscan.com/tx/0x8b919a122b1a3c671d565089815e82722aee3b634bb5c08b5c25d3cdc5066801
2023-03-30 00:09:04,False,4.2555,0.01354,201.0,2.72148,0x5a...4142,https://bscscan.com/tx/0xe5d4bddd62a25b255ff7b40b4cad7509cd0d91f581707697e31d8c8de7a37e72
2023-03-30 00:05:04,False,4.2848,0.01363,39.6594,0.5405,0x2d...7822,https://bscscan.com/tx/0xc9d7b60a6d22431141d715bb04ee66e5550d7bfb1dfb1b90c06976f6ba9ed557
2023-03-29 23:51:10,True,4.3277,0.01369,45.7336,0.6263,0xc3...157a,https://bscscan.com/tx/0x6dd7c5c32cfce15827d051062c60b0e4a361b09243739f0f8a4bfdd9d16dce9d
2023-03-29 23:37:25,True,4.3278,0.01368,13.7356,0.1879,0x14...b438,https://bscscan.com/tx/0x0699e2b9505c64b20f8ebcd0c926d13d33a5e9ba43f737d0ab69609640110a82
2023-03-29 23:25:28,True,4.2952,0.01365,45.8362,0.6257,0xf9...5ebf,https://bscscan.com/tx/0x3d1e747d96b1e10170b13800cb07838f9f9bb5479bc9e07664dcd606ad173037
2023-03-29 23:06:40,False,4.28,0.01357,36.7607,0.4991,0xe6...ab44,https://bscscan.com/tx/0xf245783699077e8b66b731eaf69c65b5bad10087e1aed3305baf94f72387e55a
2023-03-29 22:43:46,False,4.2974,0.01361,57.6099,0.7843,0xed...4f31,https://bscscan.com/tx/0x13b7335e7eeeef94702ec5cf25438ab7ecfec543ea6d769e6a93363a7ddeffe5
2023-03-29 22:37:43,False,4.3332,0.01365,57.3957,0.7839,0x62...1f10,https://bscscan.com/tx/0x0d68da60c147baa1dde8e1643b5bc97eaf1b1f68f0dc46a7934a0214e0d59cb3
2023-03-29 22:32:07,True,4.3625,0.01375,1.0809,0.0148,0xae...d6bd,https://bscscan.com/tx/0x4ce402367f9a894feab1325c4058ffb03fe7df026a7d271cd95b5817ad6b000d
2023-03-29 21:52:57,True,4.3281,0.01372,50.4425,0.6925,0x0e...7558,https://bscscan.com/tx/0xb9d29d9eaad907e2be92c9a47dbc8136cc275dbc4abfd7b7b1858e136b198e1b
2023-03-29 21:49:54,True,4.3383,0.01369,49.451,0.677,0x56...0086,https://bscscan.com/tx/0xb370ee4afa40785c505f423692c1fba3c1186ed64df3bfa8e1277e0cb55c4788
2023-03-29 21:38:59,False,4.3151,0.01361,26.1876,0.3565,0x47...6dff,https://bscscan.com/tx/0xcb1d2f848297fc88249a9db037e704483334427cfacc0801f870630f17c72ca8
2023-03-29 21:21:35,False,4.3188,0.01362,10.0,0.1362,0x66...3035,https://bscscan.com/tx/0xb7bfd15535962f06bf515d841e898e9d0c84ed0361f97c036e889ab212fde395
2023-03-29 21:04:45,True,4.3357,0.01367,53.8528,0.7366,0x00...78d2,https://bscscan.com/tx/0x53ea5e8b67ac47507fc5f77b6e4fa9fcdc040027a5f485e23152b34dce1bb8b1
2023-03-29 21:04:18,True,4.3249,0.01364,36.2483,0.4946,0x00...78d2,https://bscscan.com/tx/0x181a9a15a94eab1cab1f7d47ed8f69345fab1ef1eb1fc7178b5ad9fbf7f25dd2
2023-03-29 20:56:42,True,4.3051,0.01358,128.149,1.74058,0x00...78d2,https://bscscan.com/tx/0xffb0b4f1c584c7e8a13bcdbd6f6a890521622b8c73707f197fbe2a1bab3675e4
2023-03-29 20:56:39,False,4.2706,0.01347,19.1366,0.2578,0xb0...2881,https://bscscan.com/tx/0xcf1d179355a36f9c61d3c64f99f01ed3a1dafaec94d586a98e6ed28dd2325390
2023-03-29 20:56:39,False,4.2874,0.01352,121.936,1.64939,0x55...6d5e,https://bscscan.com/tx/0x48397731540e8cbd5eb90bbb8f6c38ec9da1e55ea672782353dce349afc4a266
2023-03-29 20:54:46,True,4.3198,0.01362,32.746,0.4462,0xda...6e1f,https://bscscan.com/tx/0x6e4550afaf94f203d68a5705faf8dcac2d8c4ea12dd2a8b095279052fb545692
2023-03-29 20:54:46,True,4.3153,0.01361,4.40042,0.0599,0x2d...7822,https://bscscan.com/tx/0x3b212efd0d062d8f463aff2af92a26c6246c94046498826c04b5ef62f86a2202
2023-03-29 20:54:46,True,4.2889,0.01353,235.048,3.18034,0xd6...f5d2,https://bscscan.com/tx/0xc63d9092791fac7fe716cc2103691547ff3838e574816882b416b9d44b9cc0bc
2023-03-29 20:54:46,True,4.2446,0.01339,121.936,1.63283,0x66...c871,https://bscscan.com/tx/0xb39de560bbfab940d61e58d15179bf381abae708bd27dad76e85775d4b537cc1
2023-03-29 20:54:46,True,4.2193,0.01331,94.6822,1.26034,0xe7...7515,https://bscscan.com/tx/0x0d3d13369d249031b936a53e57bc17dfd06df30b42bcd659078f2d37c3488b0e
2023-03-29 20:54:46,False,4.2474,0.0134,514.991,6.90072,0xea...9991,https://bscscan.com/tx/0xe707601b401a74caada7112863b3f33464438d07eda0dbf0f02eb216da121b1e
2023-03-29 20:46:12,False,4.3149,0.01361,59.5513,0.8107,0x8b...88f6,https://bscscan.com/tx/0x3abe1721f23a06f7d0d10b59e1411ca9584bce317c15ebbc4a9ed6b97c6306ef
2023-03-29 20:19:43,False,4.3024,0.01365,59.8194,0.817,0x8b...88f6,https://bscscan.com/tx/0x6d196bcd57977eb8a2019101b3e4e2b9e319cfbd0e0cdba8b683faffa3678c7e
2023-03-29 20:11:13,False,4.338,0.0137,59.6575,0.8175,0x8b...88f6,https://bscscan.com/tx/0x286503ec934a73a929113120f2a3a10bee46fbffca741e6e642026c3aa1c815a
2023-03-29 19:57:27,False,4.3336,0.01375,58.9917,0.8111,0x62...1f10,https://bscscan.com/tx/0x76de14215466c0cbf70ecd0f857bbca517f863d01934b0aaf4d61ebe4656f9e4
2023-03-29 19:42:35,True,4.3548,0.01382,50.5589,0.6988,0x71...69e3,https://bscscan.com/tx/0x6af49e9b913d1b1a7ee5c4e1d0f8d3c25b757db7b3d47a57eaae603fc7925e04
2023-03-29 19:27:41,False,4.3261,0.01373,11.69,0.1606,0xda...b9bd,https://bscscan.com/tx/0x8dd3f2b3b439a00b0b96043947fd35d45e857f30e30fa0f38d2ecd0f5b682f8e
2023-03-29 19:21:56,True,4.3649,0.01379,44.3421,0.6116,0x34...7c76,https://bscscan.com/tx/0xeb774b00d836ffa3bcb2a18ccdee3d40556cb42babe9910f0ae3cea1cbef1d56
2023-03-29 19:15:53,False,4.3232,0.01372,48.6544,0.6679,0x91...79fe,https://bscscan.com/tx/0x423baf9178d49254811b80342788a76d6a804c0183c4c3cb7507e772c076d2d8
2023-03-29 19:15:47,True,4.3424,0.01378,68.731,0.9476,0xb6...4942,https://bscscan.com/tx/0x064ad24fb5fee654b36ac90abfe413202d4ff6a568b6170e062d0b5a64bb7e1e
2023-03-29 19:13:17,False,4.3195,0.01371,60.8189,0.8342,0x8b...88f6,https://bscscan.com/tx/0x36c4b9208470941d4e140d18e7df60ad1de27d4550a0a50237c5b1bdd736d9da
2023-03-29 19:11:50,False,4.3507,0.01374,12.5336,0.1722,0xbb...c106,https://bscscan.com/tx/0x2ad350a9048b9e85acdf0455b164b1d90f7551bbe104e3a6d1096c3dfa579115
2023-03-29 19:11:38,False,4.3527,0.01375,3.76517,0.0517,0x0e...2f4c,https://bscscan.com/tx/0x2e46226cde89f890409987154e06276609ae4eae9206409d999400fe95774dfc
2023-03-29 19:11:35,True,4.3609,0.01377,114.35,1.57542,0x05...d359,https://bscscan.com/tx/0x06ee3d7d033d5b8ffc44355fe10c0ab6b61a98394a2e13bb4acb0c753cb0f472
2023-03-29 19:08:29,True,4.3175,0.0137,63.0156,0.8638,0x00...78d2,https://bscscan.com/tx/0x3890c43dc752ed22634d48857be13bbaaceb7214df5672de270a46b066cb200d
2023-03-29 19:04:32,True,4.3249,0.01366,50.7359,0.6933,0x00...78d2,https://bscscan.com/tx/0x4dc6716a6022151174094fbfb8bee7bf84ad1867dd0f1f79889cb9a5f6ef3157
2023-03-29 19:01:14,True,4.2904,0.01362,52.5486,0.716,0xc3...157a,https://bscscan.com/tx/0xeee4480f5e17b8caa2051f3407b9ecc2f96286dc6b5220249a19cbf88bb390a0
2023-03-29 19:00:59,False,4.2712,0.01356,70.2375,0.9527,0xb6...4942,https://bscscan.com/tx/0x9ee1e185726cbd8aea0507bf6baada9a1ef0d86d7e01800c657d8d5c95572463
2023-03-29 18:45:44,True,4.3173,0.01364,49.3051,0.6725,0x00...78d2,https://bscscan.com/tx/0x69693829d8692facc5f0615135a7e8f1fcf78db217a523e9ab884828e7c65bd1
2023-03-29 18:34:29,False,4.2713,0.01355,3.51144,0.0476,0x41...b908,https://bscscan.com/tx/0x7540b27e8aaf5310d17d863e7cdbdfd5ad83f28d71f5ff14186f510e90d85ec9
2023-03-29 18:02:16,False,4.2805,0.01356,33.0343,0.4482,0x03...9fa1,https://bscscan.com/tx/0xa3803c664e260f74b7dd67fe14ae615f69ddd4fe27ba8a221449bc2801d693d1
2023-03-29 17:58:46,True,4.3046,0.01364,10.0,0.1364,0x6d...ee51,https://bscscan.com/tx/0xfac052ac9c4a1eb584cd1a273ad50b47ea94c96422e7c37656d4ff3c7eb56184
2023-03-29 17:24:06,False,4.297,0.0136,84.9049,1.15524,0x5a...6651,https://bscscan.com/tx/0xa1bd4e3055731cce1c72080696dae3fdde49f74b4a28d290d2a278fda58412b3
2023-03-29 17:22:08,False,4.2842,0.01363,0.7003,0.0095,0xfc...f9cc,https://bscscan.com/tx/0x513aecc8e2982dddf178d1a08997951b64fc6dcf9d4ddf902bdea4ba053e8862
2023-03-29 17:20:44,True,4.3193,0.01369,44.6432,0.6111,0x2c...015a,https://bscscan.com/tx/0x694a5baec642e48f94a893192abbce8be87a819b20eb1456430f7d6e703fc27c
2023-03-29 17:18:17,True,4.2873,0.01365,42.0665,0.5745,0x6d...ee51,https://bscscan.com/tx/0x9d44c3b4283e1c0851c6aa3a3570c5f9e22aabb7ae4bdfebfe0636d7e46dc7ad
2023-03-29 17:10:00,False,4.2651,0.01358,48.0,0.652,0x6e...54a1,https://bscscan.com/tx/0x66be116d6edfda81d71e95067b6e2d525351daa8fdecda314622d9d385bf96bd
2023-03-29 17:08:24,True,4.2843,0.01364,91.9354,1.25425,0x52...1c7e,https://bscscan.com/tx/0x8afcf61e3caf3be6a6babe98cc0ef7cf1b26499002af6add2a33d401be7104f3
2023-03-29 17:08:21,False,4.2613,0.01356,75.0,1.01762,0x81...3cb0,https://bscscan.com/tx/0x61138aea7c591e43521bb813e0f73ae35daad40641d365a23e612c2ab07e4319
2023-03-29 17:05:48,True,4.2876,0.01364,40.2434,0.5493,0x2d...7822,https://bscscan.com/tx/0xb6b7d0da6057d1d0f972ea854572ce50c835e1b20d4bada294f2f3209c92474e
2023-03-29 17:05:09,True,4.2991,0.01361,44.041,0.5997,0x2d...7822,https://bscscan.com/tx/0x03d5cc722f787ae0193515f7d4198f1b55546e49065c9139182499c3bdcb9d1a
2023-03-29 16:57:12,True,4.2934,0.01358,41.1503,0.559,0x2d...7822,https://bscscan.com/tx/0xecf30e1067f6c96ae844077a5d99b845bf58b6615bf2b8fb9d12399819004f46
2023-03-29 16:57:12,False,4.2722,0.01351,43.3666,0.5862,0xaa...5200,https://bscscan.com/tx/0x757c90118220cc77a9123d392d3e165b3ce688ee62374d1af2976c85e3c42ac5
2023-03-29 16:56:18,True,4.2732,0.01358,35.7622,0.4859,0x2d...7822,https://bscscan.com/tx/0x545bad5a68de1bfc0aae0ce5cb2263092f5a12d803f5e513ed64eef28a21bf68
2023-03-29 16:43:54,True,4.2709,0.01356,34.8871,0.4731,0x2d...7822,https://bscscan.com/tx/0x5374aa517eaec3bb9b603532fecc9c6f172879853e1314fb5b3c2cbd4ab79c9c
2023-03-29 16:41:06,True,4.2625,0.01353,39.2707,0.5315,0x2d...7822,https://bscscan.com/tx/0x0145de3831a9263057196ba8a712320b02b8764671183f04eb50445dc8c1c7f3
2023-03-29 16:32:18,False,4.2429,0.01347,47.2807,0.6368,0x9c...0a08,https://bscscan.com/tx/0x9a2ced8c34f06670c9f00128f78aaaa7010d36c01218fbe463e3f713ead44221
2023-03-29 16:32:18,True,4.2172,0.01338,448.155,6.0,0x8b...88f6,https://bscscan.com/tx/0x127386d1b8048ee487c9b1a2ed6ce3846607e631a87d800cfb74725a846a4f2d
2023-03-29 16:32:18,True,4.152,0.01318,117.939,1.55459,0x5a...6651,https://bscscan.com/tx/0x5f2a301aba696ef13b614d7324564c3fafbfff79f4422ef65c2c715b9e902053
2023-03-29 16:32:18,True,4.1225,0.01308,143.295,1.87538,0xfc...367b,https://bscscan.com/tx/0x281a949e55aaa915fdea1fb6801890cc0969be929de26314d8aa9ba98b580d41
2023-03-29 16:32:18,False,4.1682,0.01323,725.428,9.59915,0x9e...b865,https://bscscan.com/tx/0xc96012b85eca14451b02e24c94720e854faa1473732e97f4a9b79a956c1b2642
2023-03-29 16:26:57,False,4.2815,0.01356,39.1372,0.5308,0x2d...7822,https://bscscan.com/tx/0xd25c44e3594f86b4c626f9de26e9b99785b0bd2fbdbf9730c0ef5b30a6242b29
2023-03-29 16:25:33,False,4.2958,0.01354,34.8498,0.4718,0x2d...7822,https://bscscan.com/tx/0x8f0a1d6c2466755fa4699aa32eb90afe7fcc29499d6d7c02dd5b8c9e11e10212
2023-03-29 16:21:36,True,4.324,0.01362,2.60076,0.0354,0x1f...953a,https://bscscan.com/tx/0x2d250207d12bfd0e0e3421b67ccf74d8d908b48091116842e50ba386c53342aa
2023-03-29 16:17:39,True,4.3169,0.01361,4.0,0.0544,0xbe...1239,https://bscscan.com/tx/0xd718cd7c0a10b1a88677deb5106ba0d68cb3885d9ec827e94e7b0cd90b959b69
2023-03-29 15:46:33,False,4.2961,0.01356,36.2917,0.4921,0x2d...7822,https://bscscan.com/tx/0x6f4fa2506b0d73082ca70978537f604e29983e5659088bb492046875ed37ed35
2023-03-29 15:45:45,False,4.3044,0.01359,37.0603,0.5036,0x2d...7822,https://bscscan.com/tx/0x0489f4c9877d221acf49ac3b3e50ce87f3d7a71e2a327fcfd247101b1fd33e20
2023-03-29 15:44:48,True,4.3264,0.01365,38.7716,0.5295,0x21...1312,https://bscscan.com/tx/0xacbcfbc5a131adae43ea8389eb261cbb03ce928062a27e2472420a36f654f340
2023-03-29 15:23:36,False,4.3026,0.01358,15.0319,0.2041,0x2d...7822,https://bscscan.com/tx/0xad88b8fee5c5e836128507b6102b8c566be8f91dc536aff8276599bc4e8b31c3
2023-03-29 15:23:36,False,4.3066,0.01359,18.5004,0.2514,0x91...79fe,https://bscscan.com/tx/0x88b8edf21c90bfedd0e1c96d8c1accb2ea3148296c493b721402379a993602cb
2023-03-29 15:18:00,True,4.3105,0.01366,5.8637,0.0801,0x11...5a3c,https://bscscan.com/tx/0xf56a40d35905a4a0f9b6a1b089d37b64c6146b5638c151dd2ed9b40f3316df67
2023-03-29 14:52:37,True,4.3221,0.01365,34.7941,0.4749,0x2d...7822,https://bscscan.com/tx/0xf70e7d167f3145c54f9460c7542fb95fdfc33c879a12a3b7ab76bcff0f76d8db
2023-03-29 14:48:04,True,4.3166,0.01362,34.2513,0.4666,0x2d...7822,https://bscscan.com/tx/0x1baae875a8ebbb5c0d3a7f0de7897fb8d63e1557ae94d9cd54d3ea1468b80082
2023-03-29 14:43:01,True,4.3103,0.0136,18.5004,0.2516,0x91...79fe,https://bscscan.com/tx/0x7b88ab6e85648252372a8e9a20347dc69733856f5c0441eca37b4ad8599332d3
2023-03-29 14:43:01,True,4.3032,0.01358,41.0755,0.5578,0x2d...7822,https://bscscan.com/tx/0x6e9dbb5805415833ae58886289b230ff6b19f7a0ace489277f311bf4ed9c56c1
2023-03-29 14:43:01,False,4.2892,0.01353,104.103,1.40928,0x2f...7009,https://bscscan.com/tx/0x723a46329ecf0947b26aed97e719c211ad532d26002fb211244260795f0b1219
2023-03-29 14:28:22,True,4.3287,0.01363,33.8799,0.4618,0x2d...7822,https://bscscan.com/tx/0x26468936c6cbc7f8c92ddfaa708b09d792d1e767508ea936004a0ea4c210ca68
2023-03-29 14:27:04,True,4.3198,0.0136,32.9611,0.4484,0x2d...7822,https://bscscan.com/tx/0x943d784e2b311a1b0af6a5496d76a392d328d6d9a7799c2dcdeedf612aae3832
2023-03-29 14:26:22,True,4.2934,0.01359,6.58934,0.0895,0x2d...7822,https://bscscan.com/tx/0xa832c9c6c454942c26eb46e719c2804ca851a31dfd563404e9b6448f193fe824
2023-03-29 14:26:22,True,4.2852,0.01356,62.1262,0.8427,0x00...78d2,https://bscscan.com/tx/0xaeb150509d4fde30ca458dae6171d0db44f699ee5a1f4940dd55e535934bd534
2023-03-29 14:25:54,True,4.2949,0.01353,32.7,0.4424,0x2d...7822,https://bscscan.com/tx/0xdd9b2e057467009377007b2859a3e7b1dec9e7bea0d5ec6bbe63f021f3daf046
2023-03-29 14:11:32,False,4.2851,0.01346,33.5385,0.4515,0x2d...7822,https://bscscan.com/tx/0xe118fd882f9f508de783dcde8091f002fbed0d14d011e60e5b4dde14318854b0
2023-03-29 14:11:05,False,4.2916,0.01348,36.5147,0.4925,0x2d...7822,https://bscscan.com/tx/0xf4ee79752cc984f6484e5f57fa4cb7fc8b7291742251ea26cb97e6b7efef5292
2023-03-29 14:10:47,False,4.281,0.01352,47.3892,0.6407,0xca...34d7,https://bscscan.com/tx/0x7d75a110d130ca44d5c542d0b278e49e80b38ae75c6518c05fc28452f8761cd0
2023-03-29 14:10:11,False,4.2922,0.01355,44.5636,0.604,0x2d...7822,https://bscscan.com/tx/0x08d4ce3b490803d237634295cc2b89d2684e638780f80b0617513435034917ff
2023-03-29 14:10:05,False,4.3025,0.01358,42.0774,0.5717,0x2d...7822,https://bscscan.com/tx/0xa25c01614158ab56a366baf5fc9797745eb326a96370b7d6ba6572244b193138
2023-03-29 14:06:05,False,4.3483,0.01365,137.514,1.87781,0x2d...7822,https://bscscan.com/tx/0xc28bf5b718037a4cdf2be58f707beab1ecc57e581b18c14efef7656c37854bd0
2023-03-29 14:06:05,True,4.3728,0.01373,114.341,1.5702,0xb6...4942,https://bscscan.com/tx/0x36f44be87105bdb1a572bb9e7ec2744176be54f15aaf243362636f68c4982f88
2023-03-29 14:05:14,False,4.3142,0.01361,3.0,0.0408,0x99...11db,https://bscscan.com/tx/0x26c2596aef5f778d2d8cfbda7a407b9a4fb227366703c213f351177a567efdf6
2023-03-29 13:56:23,True,4.355,0.01367,47.412,0.6482,0x34...7c76,https://bscscan.com/tx/0x66034c37fecec128db9f4550e7547a864e4196fc85ebc333d3e4a58b6bc87e15
2023-03-29 13:44:38,False,4.3264,0.01358,3.53372,0.0479,0x86...bb13,https://bscscan.com/tx/0x1b182a430551d712cd541ae80e3f4757791bfd2bf567ae8a26b42b353fbe0ad4
2023-03-29 13:44:14,True,4.3451,0.01364,43.2972,0.5906,0xe3...d2ff,https://bscscan.com/tx/0x6e436a2828f7e9be2cd521cfed661451e50d0e282a7abc8b5e6e380f5a7ced72
2023-03-29 13:40:20,True,4.333,0.0136,46.9734,0.6391,0xa0...cc8d,https://bscscan.com/tx/0xc5147dae1a36920e582501e1dbc24c5ec0bf757ecfa95c9a53ff5c5334f2f2ed
2023-03-29 13:34:08,True,4.3214,0.01356,53.8124,0.7301,0x00...78d2,https://bscscan.com/tx/0x9f1fe77eaf8914d2b1c1636cfa60eda750f880e0df0f26840831593f881522f1
2023-03-29 13:33:44,True,4.2906,0.01354,4.96589,0.0672,0x2d...7822,https://bscscan.com/tx/0xd8ca5610629bc8786c1ff580650bc644d7e6bad46acf311bcdd16d68330cd533
2023-03-29 13:33:44,True,4.2786,0.0135,96.2333,1.3,0x0f...8280,https://bscscan.com/tx/0xacf79ae926bd35b61d74d6bc7360b211ed89cd1f03f32cb9676e9788353672e4
2023-03-29 13:33:44,False,4.2695,0.01348,200.0,2.69603,0xa6...1b74,https://bscscan.com/tx/0xc5f54ffa04c26a9fd5bb418920264a0f8b1a0b4c4a5825b05d4d4756be5eea23
2023-03-29 13:24:50,True,4.3047,0.0136,49.814,0.6776,0x00...78d2,https://bscscan.com/tx/0x2b68a242c5bfc5b2931a5d9d10fa7effa272364b37ce24022a7e9c0cded5f895
2023-03-29 13:15:35,True,4.298,0.01358,7.41654,0.1007,0x2d...7822,https://bscscan.com/tx/0xa556e54e527635a709fe20f7b2135e30d15a8d8db4e2e9df7f6ab16f4dc3de9c
2023-03-29 13:15:35,True,4.2919,0.01356,43.0541,0.5839,0x4d...74b8,https://bscscan.com/tx/0x72f8548e93616dda011d9c4a8b0156131a2e4ab44d4b3dcebcedb6acda7690e7
2023-03-29 13:07:35,True,4.291,0.01354,14.4865,0.1961,0x00...6af0,https://bscscan.com/tx/0x1a617ed3fd829d6a05b4dfd5ee42e7811f76bb548e01295f3baedc44556d8ca1
2023-03-29 13:07:20,False,4.2682,0.01347,3.10634,0.0418,0x2f...be22,https://bscscan.com/tx/0xb70ca5ed31daf48a0d7b704862bd6ab85815a32f67492757939cdc2efb186e76
2023-03-29 13:06:32,True,4.3063,0.01352,44.3458,0.5996,0x2d...7822,https://bscscan.com/tx/0xae2892a1d0130296c433a8da278b8ad7f7eb62de918bb1073581328007eae28f
2023-03-29 13:06:32,False,4.2934,0.01348,117.04,1.57789,0xb6...4942,https://bscscan.com/tx/0x49c533db435eb7f72811265b098d1e166ba695be8c51f49f055e29763852bdf3
2023-03-29 13:04:41,False,4.2936,0.01354,57.5902,0.7801,0x00...78d2,https://bscscan.com/tx/0x02143d724b6eef1d210c8c1092f9e30483c663714d8d6f8319417e0e8de1c421
2023-03-29 13:00:14,False,4.3234,0.01357,3.0,0.0407,0x0f...8976,https://bscscan.com/tx/0x3156790f3130bb88bee86330daa729382a4463cc95d18e2f5784783370e3b9fb
2023-03-29 12:57:57,True,4.3395,0.01362,49.5204,0.6744,0x2d...7822,https://bscscan.com/tx/0xd47d2b586fff7a42f40b7b343f733302470e457886ca8d71b72c795792e5e334
2023-03-29 12:57:57,False,4.3169,0.01354,41.7195,0.5652,0x12...e380,https://bscscan.com/tx/0x3ac5e1bc43a6436d65b96825dcffef4194db5da9e6fa53b3845d480181146c63
2023-03-29 12:43:39,False,4.3225,0.01357,33.3052,0.4522,0x2d...7822,https://bscscan.com/tx/0x712c73f4dd41ce1ed84fc1cbb28a12c62f2fc599b6cca94d1cbab2ad98bd0cc1
2023-03-29 12:41:00,False,4.3308,0.0136,34.8199,0.4736,0x2d...7822,https://bscscan.com/tx/0xebdf71a58a808daa5c3396ee82dc0f8bb9223ad5ce18491fa26e1463c82e545a
2023-03-29 12:19:14,False,4.3395,0.01361,1.9244,0.0262,0xb9...3b53,https://bscscan.com/tx/0x458e84ceac1edc88b78d11f4541e865cc7aebca2efcfc7a8a19e07324e5170ff
2023-03-29 12:09:14,True,4.3398,0.01368,2.0,0.0273,0xfa...4149,https://bscscan.com/tx/0x9e99fc307067d2cd3caf82e4426f1f8b35e84168e1dfea306fd9fdee81fe9dc9
2023-03-29 12:01:11,False,4.3193,0.01363,37.8751,0.5162,0x2d...7822,https://bscscan.com/tx/0xf8ebe468f76122116a34a0bd8b8485d4f1bd0629694cca670be85664eeda2bc1
2023-03-29 11:42:39,True,4.3786,0.0137,22.8379,0.3129,0xa5...953a,https://bscscan.com/tx/0xa4f97c325b497177b3acb196785f69d83a8d7c83b0f2b072ce84e8d67398de2a
2023-03-29 11:39:21,False,4.3356,0.01364,35.4662,0.4838,0x93...86cb,https://bscscan.com/tx/0x0c88061c1735bf2d6c6e7c40baff63aa2d1f068578efb8d259191bf3d829226c
2023-03-29 11:36:18,True,4.3535,0.0137,55.9967,0.7672,0x00...78d2,https://bscscan.com/tx/0xbf23776d5f736b25e0aa65fbe5b15fa49c516349dcdcaf1cb3e83e2d688a01f5
2023-03-29 11:34:45,True,4.3625,0.01366,48.8395,0.6672,0x05...7eea,https://bscscan.com/tx/0x263c9753afaec722e548e4141d026319f899a2c87d2197e828bef00a461ea4dd
2023-03-29 11:31:18,True,4.3357,0.01357,172.288,2.3393,0x00...78d2,https://bscscan.com/tx/0x8b57b3d70ec6fedbdde7073af7c61940ec793bab1a8e83a918263c8f723d9374
2023-03-29 11:31:15,False,4.3176,0.01352,202.002,2.73132,0x2c...2e87,https://bscscan.com/tx/0x736d2426ef9a0c19aec47b62f6d18500e513bbdde4151a3d8f54c810251f1676
2023-03-29 11:30:58,True,4.3361,0.01364,47.3119,0.6456,0x3a...231f,https://bscscan.com/tx/0x6087a4a2b1e429e31d7dec92b174257bba75ce8b899f554176068f20c675cfcb
2023-03-29 11:30:17,False,4.3095,0.01356,4.91395,0.0666,0x0e...2f4c,https://bscscan.com/tx/0x889a3ff353ba8cc0d3eeb980348a1bbacc8de42e439b9bbb5d3efaabc7c775d7
2023-03-29 11:29:59,True,4.3173,0.01358,119.72,1.62673,0x2d...7822,https://bscscan.com/tx/0x1748bd1ffaf8241de56d9b21fb0c0288d24107a25404556337fef6de6c0f7ad5
2023-03-29 11:29:56,True,4.2688,0.01343,306.471,4.11745,0xd6...f5d2,https://bscscan.com/tx/0xa26bcf3262d86535bafbc56a7da1ab58fa95dbb40cf9e466e112fa65d3985bb8
2023-03-29 11:29:56,True,4.2296,0.01331,9.22826,0.1228,0xe8...670d,https://bscscan.com/tx/0xd508ce041da0625f3816e7b52503b02e4f6535e4c9af0dfcdd27b53eb8e6e62b
2023-03-29 11:29:56,True,4.2254,0.01329,26.9753,0.3587,0x6f...777d,https://bscscan.com/tx/0xb9de4114f1a791e7626837d76ce89461f6d4a092d81231929df7e52a2f4f52f2
2023-03-29 11:29:56,True,4.2062,0.01323,139.131,1.84182,0x89...ec15,https://bscscan.com/tx/0xb01e4cb6e93f7dac032ac5b7e3ccc3e65da1f739631e0f3be978c4003a9b4916
2023-03-29 11:29:56,False,4.256,0.01339,745.69,9.98848,0x22...9cb9,https://bscscan.com/tx/0x71d9e5536b6823bafa00f8da597fc39a65e2dd798c485d3e1088e5921f37506a
2023-03-29 11:29:21,False,4.3708,0.01368,37.821,0.5176,0x2d...7822,https://bscscan.com/tx/0x4b6cb7ae2e65c85ca93975a2797dd74012b5c91d78e543ad4f1b6b119287bbe2
2023-03-29 11:24:19,False,4.3786,0.01371,33.1813,0.455,0x2d...7822,https://bscscan.com/tx/0x2738ecf53c5a8ef6b3f72dcae028e68edc95b3243e150729cc8bc541ddaa932a
2023-03-29 11:17:21,False,4.3658,0.01374,47.2639,0.6496,0x2d...7822,https://bscscan.com/tx/0x2cd2fa45e8c0625abc5d137f1b5aae80b2452e26ca33602de107516a1fd24fc2
2023-03-29 11:13:33,True,4.4086,0.0138,77.5349,1.0702,0x00...78d2,https://bscscan.com/tx/0xeebfe8f0f348339217897aecb5e4ceba990ffbe8a12094ca6a229e0edbd7bc88
2023-03-29 11:11:15,True,4.3678,0.01375,57.6144,0.7922,0xf9...5ebf,https://bscscan.com/tx/0x2c4021a204566a2d66511e900a288a766cd54c5f914bf6923de86013bb547342
2023-03-29 11:01:57,False,4.3637,0.01366,4.0,0.0546,0x57...dc92,https://bscscan.com/tx/0xbdd30282641c809d74bbe991b56b691a1cd04ad6a09d3bae13ba9cc06cf1f1fc
2023-03-29 10:50:21,False,4.3721,0.01367,32.2205,0.4406,0x57...f2f0,https://bscscan.com/tx/0xf12b4ca691c6443e058d0fce23a763632dfa8b2d865b3b1483f3d1442387c4b8
2023-03-29 10:50:15,True,4.3928,0.01374,42.3602,0.582,0x2d...7822,https://bscscan.com/tx/0xa85c00035fe28caf72010c73905dfa1dd6dd50591438c1817b834a2e8d2be90c
2023-03-29 10:49:48,True,4.3846,0.01371,24.0244,0.3294,0x2d...7822,https://bscscan.com/tx/0x296001a459ec54923f61daf5a37176e7783d9628548236eadf8e3d639e6c57d6
2023-03-29 10:48:45,True,4.3765,0.01369,40.696,0.5571,0x2d...7822,https://bscscan.com/tx/0x136e2b9ca6e26e381514b380abd080809a3b314251fed9c42f6f5d064251f9de
2023-03-29 10:45:23,True,4.3472,0.01367,1.64359,0.0224,0xe2...1da6,https://bscscan.com/tx/0x18f71374c68f70a10c9d33e3e19136843463c6761a8ddf16084627dc6c716fc6
2023-03-29 10:32:05,False,4.3232,0.0136,1.98925,0.027,0xef...9271,https://bscscan.com/tx/0x2a1824b5ecb13073f37ed966a79d6e58c22db50025afc21b3183fb6698892fa7
2023-03-29 10:31:08,False,4.3277,0.01362,45.5291,0.6202,0x56...0086,https://bscscan.com/tx/0x6297fbe9391421cc4deda456f56cb3e2acf622ba71cd896a2a59a34f98adfc67
2023-03-29 10:29:29,False,4.3376,0.01365,44.1798,0.6033,0x3e...a7c8,https://bscscan.com/tx/0x1c47cee25e79386aeb559e0ebd5cb1bab267240d35f166a36d8cab97231109f9
2023-03-29 10:29:26,False,4.3459,0.01368,24.4575,0.3346,0x2d...7822,https://bscscan.com/tx/0x03cc5876b35bbdd4ca1ebaa894411935258abb8d3c9a6a03f4284d3910d6552a
2023-03-29 10:27:46,True,4.3885,0.01374,34.1572,0.4696,0x2d...7822,https://bscscan.com/tx/0x977bbeedbbd969258e265e0bc879a8341d2bf2a54aae2b5b04a245846e2d1358
2023-03-29 10:27:25,True,4.3797,0.01372,37.8189,0.5189,0x2d...7822,https://bscscan.com/tx/0x8f34df5a0a682e90abe4840017147332be90f94c4080bfcd854b72d2b7ac10e7
2023-03-29 10:27:22,True,4.3704,0.01369,38.8641,0.5321,0x2d...7822,https://bscscan.com/tx/0x65d309f833264118ad48aac6dda13c9d63e82174a7549e9092663f4bfd2dac9c
2023-03-29 10:24:10,True,4.3585,0.01366,22.9435,0.3135,0x04...8730,https://bscscan.com/tx/0x3217daac426fe4af9237b6ec271b5453feb65a0d9132e7c2611d5a3de8978807
2023-03-29 10:20:28,False,4.3323,0.0136,33.3147,0.4532,0x2d...7822,https://bscscan.com/tx/0x591b0672eea089ccee75a2abe1146901106c26a584a271df3320dc53df44d5eb
2023-03-29 10:13:31,False,4.3067,0.01361,2.91623,0.0397,0x0e...2f4c,https://bscscan.com/tx/0xaccc8dba97d07cf632b67a28d31b41d43cff8958bb39ccba5ed1e95cb3300d3d
2023-03-29 10:13:19,False,4.3344,0.01363,47.621,0.6493,0x2d...7822,https://bscscan.com/tx/0x79745beeb1f6e6ff333b2d189da6669ea4176fb2bfafe8d23b8930a7b88e9b51
2023-03-29 10:13:19,True,4.348,0.01367,114.994,1.57304,0xb6...4942,https://bscscan.com/tx/0xaae924669b0f43a0d6846f9382f5c46851ece81d31badd597a76f893fe812908
2023-03-29 10:08:22,True,4.32,0.01362,35.9918,0.4902,0x2d...7822,https://bscscan.com/tx/0xaa67d1a796ab87e010dcbe89ae461ff14b4383ddd10f684e35ba6a901ec02b30
2023-03-29 10:06:07,True,4.2923,0.01359,33.5469,0.456,0x2d...7822,https://bscscan.com/tx/0x9463a67358342d2a2748f0e1c37751ac05efe57dd828f2007ee1aa4fc925229d
2023-03-29 10:05:19,True,4.2997,0.01354,88.5642,1.2,0x0f...8280,https://bscscan.com/tx/0xb5a1913d7a6880d004cf617baa04a27126d0ed8fe7e6b4710b0fa6eb93fa5e9b
2023-03-29 10:05:19,False,4.2805,0.01348,108.427,1.46259,0x54...5e5c,https://bscscan.com/tx/0x7f1a6482eaf567eee62e1964f3653f36e0a8ef33d28d085c5524187b47716c95
2023-03-29 10:05:19,True,4.288,0.01351,226.003,3.0539,0x2d...7822,https://bscscan.com/tx/0x91619836b3876f925c7f798c5f83eb99dc38419751ad090de5e7809dabba383f
2023-03-29 10:05:19,True,4.2404,0.01336,177.389,2.37042,0xdb...8aba,https://bscscan.com/tx/0x9a79be47b5dcc54c9730ee0d874dfdcd4550c096154212e4c29f16dae1dc2417
2023-03-29 10:05:19,False,4.2202,0.01329,185.649,2.46897,0xa7...ebd7,https://bscscan.com/tx/0xd27e91e4fe359ed76628ffef1cf9b9fdd74e0be622ae9c3ec4362fd00ef02a72
2023-03-29 10:05:19,False,4.2434,0.01337,13.5897,0.1817,0x00...3a3b,https://bscscan.com/tx/0xb98dca2012fe18892d504b1f20609fcf67d533674c8a513df491876a94d693cf
2023-03-29 10:05:19,False,4.2646,0.01343,167.064,2.24519,0xcd...ce02,https://bscscan.com/tx/0x7ad408ac8422574b6309c226b99aefcbfd962edb7606e4d052454f2f4526a1ac
2023-03-29 10:05:19,True,4.1814,0.01317,1070.22,14.102,0x11...a5bc,https://bscscan.com/tx/0xc2b6280964faee3493d24c09e5e12cefd585b95ac97cbc94aaa3dfc65a043bc7
2023-03-29 10:05:19,False,4.0412,0.01273,6.46208,0.0823,0xfb...0f1d,https://bscscan.com/tx/0x1a00a75b707f88a2f8dd81726b1b6fbd42e4aada48eaafd91a7b64b1185bc48f
2023-03-29 10:05:19,True,3.982,0.01254,745.69,9.35728,0x22...9cb9,https://bscscan.com/tx/0x42b8d75502044718eba56447429b4166f88f3274c10c99d24efe98d915e2bc6b
2023-03-29 10:05:19,True,3.9004,0.01229,30.3507,0.373,0x2e...fda4,https://bscscan.com/tx/0x50bd36387b9d37213790cab3e1cfdb10f2172a8907d67285b24bd28fa520db25
2023-03-29 10:05:19,True,3.8385,0.01209,578.878,7.00226,0x2e...fda4,https://bscscan.com/tx/0x50bd36387b9d37213790cab3e1cfdb10f2172a8907d67285b24bd28fa520db25
2023-03-29 10:05:19,False,4.0336,0.01271,2591.42,32.9399,0x2c...ebe9,https://bscscan.com/tx/0xa3302c000ff198277f326329fa0c28f32cf08bd7a27c415ddcb704abbf5f10f5
2023-03-29 10:02:16,False,4.3309,0.01364,40.122,0.5473,0x2d...7822,https://bscscan.com/tx/0x191d97cde2ff81cba843fd8eed1536bc3030a07005999ad5d20902e54c5f8e4e
2023-03-29 09:56:55,False,4.3393,0.01367,33.1333,0.4529,0x2d...7822,https://bscscan.com/tx/0x017c0edc29de0f258fbabe47c074559fbb5194dd1d078ebaed8e1901c6e2c241
2023-03-29 09:54:25,False,4.3265,0.01369,40.4803,0.5545,0x2d...7822,https://bscscan.com/tx/0xe31a943b5346cf4458a4a40315658772f50843b07700c628e59775d2fd12287e
2023-03-29 09:45:43,False,4.3503,0.01372,36.6484,0.5031,0x2d...7822,https://bscscan.com/tx/0xf6c41deaad9a7e207c8c9bf69209c773017ca5986c8b21e82f2332e8b2cee348
2023-03-29 09:32:28,False,4.3405,0.01375,44.5303,0.6126,0x71...69e3,https://bscscan.com/tx/0xe9bf3d2513f5124c3fcfe2475757498fd0fde70cd723642aadb377c817a45db3
2023-03-29 09:29:55,False,4.3738,0.01379,41.3493,0.5703,0x2d...7822,https://bscscan.com/tx/0x09c666c9fb3023283ff62d766b2e36d0633c3fb8861795f79afbe65bef37e431
2023-03-29 09:29:52,True,4.3981,0.01386,22.7367,0.3153,0x9a...b0b4,https://bscscan.com/tx/0xc7e1e4dfde2890dd9ec86cabc8bea0f61ffda5ee346e98486dbae80cecc45812
2023-03-29 09:29:10,False,4.3558,0.0138,37.7794,0.5215,0x2d...7822,https://bscscan.com/tx/0x47f06aab222cc5978eb78c2d90e7b5fd7bb9591c3977a3a751d449a80aa68e2e
2023-03-29 09:29:10,False,4.3696,0.01384,74.9796,1.03839,0x11...a5bc,https://bscscan.com/tx/0x8c73f135fd7ad9273b8b8b69ab0ea1c915863e9350a8fd3a8ea37168bd172ef3
2023-03-29 09:29:10,True,4.3855,0.01389,123.18,1.71213,0xd8...7c9d,https://bscscan.com/tx/0x07945f5ff1c367ec47f5054baa08a907d0ab06c5b0b6f72b4f30573065be5e13
2023-03-29 09:18:46,True,4.3649,0.01383,32.9444,0.4559,0x2d...7822,https://bscscan.com/tx/0xdd55923e5f97bda06cccf1da64b85585dc9ef65c7587fa207c0d1f20beeaa30a
2023-03-29 09:14:58,True,4.355,0.01381,41.623,0.5748,0x2d...7822,https://bscscan.com/tx/0xbf7ef920195c7ba42adc966b1715ec19f5da3371ad338decaf4a9d7793ebd3a3
2023-03-29 09:09:19,True,4.3619,0.01376,66.5366,0.916,0x2d...7822,https://bscscan.com/tx/0xc3243b15b8cb47544d87f42e0d756dcede153232d5a5233d1a93eaeb61ab16d0
2023-03-29 09:09:19,False,4.3447,0.01371,104.103,1.42763,0x2f...7009,https://bscscan.com/tx/0x19a7c72a9e8604cce434bc1be6fc6fc60dd5070fac1ec971dc85795de2ff4b10
2023-03-29 09:05:28,True,4.3559,0.01382,3.50553,0.0484,0x0e...2f4c,https://bscscan.com/tx/0xc8aeeac00618f986059d89dfcfbbd94a06e3c94e112f5e8046ede48cc11cac9a
2023-03-29 09:05:19,False,4.3663,0.01377,68.145,0.9388,0xb6...4942,https://bscscan.com/tx/0x99a32b7d69d6a59c7b94c1245241214505ca9103fe092766b5da1148ce0567f8
2023-03-29 09:03:25,False,4.3766,0.01381,33.1661,0.4582,0x2d...7822,https://bscscan.com/tx/0xdc457047817768dc1192e28a11fe1fbe7d964981247a0d36ffc7e4eb326952a2
2023-03-29 08:56:52,False,4.3809,0.01383,6.44885,0.0892,0x2d...7822,https://bscscan.com/tx/0x71b40120695c1be779bee1ed4993d06ef38f2f1b84b407cf3a8765270e9e436a
2023-03-29 08:56:52,False,4.3879,0.01385,50.6835,0.7021,0x00...78d2,https://bscscan.com/tx/0x1e8d755602fd2cf99616bf47d4dd38cad359b042bedc90c02ffc47b25bbb543e
2023-03-29 08:50:28,False,4.3997,0.01388,34.9309,0.485,0x2d...7822,https://bscscan.com/tx/0x1c0388b89dd796e4403e778e1ca0d585a7f701f26181310f27fbcf48f6d965e4
2023-03-29 08:47:34,False,4.3873,0.01391,40.2552,0.5602,0x2d...7822,https://bscscan.com/tx/0x92cddf80a4c9aafb5bbf5cf7ccca78490792f2d65fd952a93426cc2746deef4b
2023-03-29 08:38:10,True,4.4346,0.01399,13.4588,0.1883,0xbb...c106,https://bscscan.com/tx/0x97f21f5e927f02e3f8313f384d568166b0a2bb6a678ecb5642814e1445ce79ea
2023-03-29 08:37:46,False,4.3934,0.01393,40.2295,0.5607,0x2d...7822,https://bscscan.com/tx/0xd29ec458f47d425cca634c10a64c931afdea8d9120eb8b536c22efb21761fa76
2023-03-29 08:37:43,False,4.4032,0.01396,39.2839,0.5487,0x2d...7822,https://bscscan.com/tx/0x6b18106d08af0cc7903723d5096ae4d8b263a8471bc237652e9717ec25ce6fe1
2023-03-29 08:36:01,False,4.4352,0.01399,35.1911,0.4926,0x2d...7822,https://bscscan.com/tx/0x0a31412e1a8b9b322886da370419910cf33744f6787182d54ec55a3405cad975
2023-03-29 08:35:04,False,4.4221,0.01403,44.6391,0.6262,0x2d...7822,https://bscscan.com/tx/0x23a4223b8561f2737d7058bbb3d0351bda5af743f67c40d90a18affe71211318
2023-03-29 08:33:19,False,4.4528,0.01406,37.8707,0.5325,0x2d...7822,https://bscscan.com/tx/0x1656f1eb00db76b808a310fb72d30545491fa9828d8524c2605a669720f26f56
2023-03-29 08:29:37,True,4.4627,0.01412,46.7824,0.661,0x09...18f7,https://bscscan.com/tx/0x4eb589a977a9bc6b1108d0d839519f8f0bb0a0b2ad738cb16bd1f21db14abf37
2023-03-29 08:29:34,True,4.449,0.01408,62.1802,0.8758,0x11...a5bc,https://bscscan.com/tx/0xa0083b11725dc136f8963b2d83bdb92aea5c61cfd469dcea02822b1507f1267c
2023-03-29 08:29:34,True,4.4331,0.01403,64.1228,0.9,0x0f...8280,https://bscscan.com/tx/0x662045f9d9318170ede1d93e66416a9b4295d1a1229a89055fe2bd179b0393cf
2023-03-29 08:29:34,False,4.4243,0.014,170.503,2.38834,0xeb...7af8,https://bscscan.com/tx/0x49c388358f0bdbc80b3728caa00c19a53fddcde8825fd92f4f5cbc7973d07d28
2023-03-29 09:03:25,False,4.3766,0.01381,33.1661,0.4582,0x2d...7822,https://bscscan.com/tx/0xdc457047817768dc1192e28a11fe1fbe7d964981247a0d36ffc7e4eb326952a2
2023-03-29 08:56:52,False,4.3809,0.01383,6.44885,0.0892,0x2d...7822,https://bscscan.com/tx/0x71b40120695c1be779bee1ed4993d06ef38f2f1b84b407cf3a8765270e9e436a
2023-03-29 08:56:52,False,4.3879,0.01385,50.6835,0.7021,0x00...78d2,https://bscscan.com/tx/0x1e8d755602fd2cf99616bf47d4dd38cad359b042bedc90c02ffc47b25bbb543e
2023-03-29 08:50:28,False,4.3997,0.01388,34.9309,0.485,0x2d...7822,https://bscscan.com/tx/0x1c0388b89dd796e4403e778e1ca0d585a7f701f26181310f27fbcf48f6d965e4
2023-03-29 08:47:34,False,4.3873,0.01391,40.2552,0.5602,0x2d...7822,https://bscscan.com/tx/0x92cddf80a4c9aafb5bbf5cf7ccca78490792f2d65fd952a93426cc2746deef4b
2023-03-29 08:38:10,True,4.4346,0.01399,13.4588,0.1883,0xbb...c106,https://bscscan.com/tx/0x97f21f5e927f02e3f8313f384d568166b0a2bb6a678ecb5642814e1445ce79ea
2023-03-29 08:37:46,False,4.3934,0.01393,40.2295,0.5607,0x2d...7822,https://bscscan.com/tx/0xd29ec458f47d425cca634c10a64c931afdea8d9120eb8b536c22efb21761fa76
2023-03-29 08:37:43,False,4.4032,0.01396,39.2839,0.5487,0x2d...7822,https://bscscan.com/tx/0x6b18106d08af0cc7903723d5096ae4d8b263a8471bc237652e9717ec25ce6fe1
2023-03-29 08:36:01,False,4.4352,0.01399,35.1911,0.4926,0x2d...7822,https://bscscan.com/tx/0x0a31412e1a8b9b322886da370419910cf33744f6787182d54ec55a3405cad975
2023-03-29 08:35:04,False,4.4221,0.01403,44.6391,0.6262,0x2d...7822,https://bscscan.com/tx/0x23a4223b8561f2737d7058bbb3d0351bda5af743f67c40d90a18affe71211318
2023-03-29 08:33:19,False,4.4528,0.01406,37.8707,0.5325,0x2d...7822,https://bscscan.com/tx/0x1656f1eb00db76b808a310fb72d30545491fa9828d8524c2605a669720f26f56
2023-03-29 08:29:37,True,4.4627,0.01412,46.7824,0.661,0x09...18f7,https://bscscan.com/tx/0x4eb589a977a9bc6b1108d0d839519f8f0bb0a0b2ad738cb16bd1f21db14abf37
2023-03-29 08:29:34,True,4.449,0.01408,62.1802,0.8758,0x11...a5bc,https://bscscan.com/tx/0xa0083b11725dc136f8963b2d83bdb92aea5c61cfd469dcea02822b1507f1267c
2023-03-29 08:29:34,True,4.4331,0.01403,64.1228,0.9,0x0f...8280,https://bscscan.com/tx/0x662045f9d9318170ede1d93e66416a9b4295d1a1229a89055fe2bd179b0393cf
2023-03-29 08:29:34,False,4.4243,0.014,170.503,2.38834,0xeb...7af8,https://bscscan.com/tx/0x49c388358f0bdbc80b3728caa00c19a53fddcde8825fd92f4f5cbc7973d07d28
2023-03-29 09:03:25,False,4.3766,0.01381,33.1661,0.4582,0x2d...7822,https://bscscan.com/tx/0xdc457047817768dc1192e28a11fe1fbe7d964981247a0d36ffc7e4eb326952a2
2023-03-29 08:56:52,False,4.3809,0.01383,6.44885,0.0892,0x2d...7822,https://bscscan.com/tx/0x71b40120695c1be779bee1ed4993d06ef38f2f1b84b407cf3a8765270e9e436a
2023-03-29 08:56:52,False,4.3879,0.01385,50.6835,0.7021,0x00...78d2,https://bscscan.com/tx/0x1e8d755602fd2cf99616bf47d4dd38cad359b042bedc90c02ffc47b25bbb543e
2023-03-29 08:50:28,False,4.3997,0.01388,34.9309,0.485,0x2d...7822,https://bscscan.com/tx/0x1c0388b89dd796e4403e778e1ca0d585a7f701f26181310f27fbcf48f6d965e4
2023-03-29 08:47:34,False,4.3873,0.01391,40.2552,0.5602,0x2d...7822,https://bscscan.com/tx/0x92cddf80a4c9aafb5bbf5cf7ccca78490792f2d65fd952a93426cc2746deef4b
2023-03-29 08:38:10,True,4.4346,0.01399,13.4588,0.1883,0xbb...c106,https://bscscan.com/tx/0x97f21f5e927f02e3f8313f384d568166b0a2bb6a678ecb5642814e1445ce79ea
2023-03-29 08:37:46,False,4.3934,0.01393,40.2295,0.5607,0x2d...7822,https://bscscan.com/tx/0xd29ec458f47d425cca634c10a64c931afdea8d9120eb8b536c22efb21761fa76
2023-03-29 08:37:43,False,4.4032,0.01396,39.2839,0.5487,0x2d...7822,https://bscscan.com/tx/0x6b18106d08af0cc7903723d5096ae4d8b263a8471bc237652e9717ec25ce6fe1
2023-03-29 08:36:01,False,4.4352,0.01399,35.1911,0.4926,0x2d...7822,https://bscscan.com/tx/0x0a31412e1a8b9b322886da370419910cf33744f6787182d54ec55a3405cad975
2023-03-29 08:35:04,False,4.4221,0.01403,44.6391,0.6262,0x2d...7822,https://bscscan.com/tx/0x23a4223b8561f2737d7058bbb3d0351bda5af743f67c40d90a18affe71211318
2023-03-29 08:33:19,False,4.4528,0.01406,37.8707,0.5325,0x2d...7822,https://bscscan.com/tx/0x1656f1eb00db76b808a310fb72d30545491fa9828d8524c2605a669720f26f56
2023-03-29 08:29:37,True,4.4627,0.01412,46.7824,0.661,0x09...18f7,https://bscscan.com/tx/0x4eb589a977a9bc6b1108d0d839519f8f0bb0a0b2ad738cb16bd1f21db14abf37
2023-03-29 08:29:34,True,4.449,0.01408,62.1802,0.8758,0x11...a5bc,https://bscscan.com/tx/0xa0083b11725dc136f8963b2d83bdb92aea5c61cfd469dcea02822b1507f1267c
2023-03-29 08:29:34,True,4.4331,0.01403,64.1228,0.9,0x0f...8280,https://bscscan.com/tx/0x662045f9d9318170ede1d93e66416a9b4295d1a1229a89055fe2bd179b0393cf
2023-03-29 08:29:34,False,4.4243,0.014,170.503,2.38834,0xeb...7af8,https://bscscan.com/tx/0x49c388358f0bdbc80b3728caa00c19a53fddcde8825fd92f4f5cbc7973d07d28
2023-03-29 09:03:25,False,4.3766,0.01381,33.1661,0.4582,0x2d...7822,https://bscscan.com/tx/0xdc457047817768dc1192e28a11fe1fbe7d964981247a0d36ffc7e4eb326952a2
2023-03-29 08:56:52,False,4.3809,0.01383,6.44885,0.0892,0x2d...7822,https://bscscan.com/tx/0x71b40120695c1be779bee1ed4993d06ef38f2f1b84b407cf3a8765270e9e436a
2023-03-29 08:56:52,False,4.3879,0.01385,50.6835,0.7021,0x00...78d2,https://bscscan.com/tx/0x1e8d755602fd2cf99616bf47d4dd38cad359b042bedc90c02ffc47b25bbb543e
2023-03-29 08:50:28,False,4.3997,0.01388,34.9309,0.485,0x2d...7822,https://bscscan.com/tx/0x1c0388b89dd796e4403e778e1ca0d585a7f701f26181310f27fbcf48f6d965e4
2023-03-29 08:47:34,False,4.3873,0.01391,40.2552,0.5602,0x2d...7822,https://bscscan.com/tx/0x92cddf80a4c9aafb5bbf5cf7ccca78490792f2d65fd952a93426cc2746deef4b
2023-03-29 08:38:10,True,4.4346,0.01399,13.4588,0.1883,0xbb...c106,https://bscscan.com/tx/0x97f21f5e927f02e3f8313f384d568166b0a2bb6a678ecb5642814e1445ce79ea
2023-03-29 08:37:46,False,4.3934,0.01393,40.2295,0.5607,0x2d...7822,https://bscscan.com/tx/0xd29ec458f47d425cca634c10a64c931afdea8d9120eb8b536c22efb21761fa76
2023-03-29 08:37:43,False,4.4032,0.01396,39.2839,0.5487,0x2d...7822,https://bscscan.com/tx/0x6b18106d08af0cc7903723d5096ae4d8b263a8471bc237652e9717ec25ce6fe1
2023-03-29 08:36:01,False,4.4352,0.01399,35.1911,0.4926,0x2d...7822,https://bscscan.com/tx/0x0a31412e1a8b9b322886da370419910cf33744f6787182d54ec55a3405cad975
2023-03-29 08:35:04,False,4.4221,0.01403,44.6391,0.6262,0x2d...7822,https://bscscan.com/tx/0x23a4223b8561f2737d7058bbb3d0351bda5af743f67c40d90a18affe71211318
2023-03-29 08:33:19,False,4.4528,0.01406,37.8707,0.5325,0x2d...7822,https://bscscan.com/tx/0x1656f1eb00db76b808a310fb72d30545491fa9828d8524c2605a669720f26f56
2023-03-29 08:29:37,True,4.4627,0.01412,46.7824,0.661,0x09...18f7,https://bscscan.com/tx/0x4eb589a977a9bc6b1108d0d839519f8f0bb0a0b2ad738cb16bd1f21db14abf37
2023-03-29 08:29:34,True,4.449,0.01408,62.1802,0.8758,0x11...a5bc,https://bscscan.com/tx/0xa0083b11725dc136f8963b2d83bdb92aea5c61cfd469dcea02822b1507f1267c
2023-03-29 08:29:34,True,4.4331,0.01403,64.1228,0.9,0x0f...8280,https://bscscan.com/tx/0x662045f9d9318170ede1d93e66416a9b4295d1a1229a89055fe2bd179b0393cf
2023-03-29 08:29:34,False,4.4243,0.014,170.503,2.38834,0xeb...7af8,https://bscscan.com/tx/0x49c388358f0bdbc80b3728caa00c19a53fddcde8825fd92f4f5cbc7973d07d28
2023-03-29 09:03:25,False,4.3766,0.01381,33.1661,0.4582,0x2d...7822,https://bscscan.com/tx/0xdc457047817768dc1192e28a11fe1fbe7d964981247a0d36ffc7e4eb326952a2
2023-03-29 08:56:52,False,4.3809,0.01383,6.44885,0.0892,0x2d...7822,https://bscscan.com/tx/0x71b40120695c1be779bee1ed4993d06ef38f2f1b84b407cf3a8765270e9e436a
2023-03-29 08:56:52,False,4.3879,0.01385,50.6835,0.7021,0x00...78d2,https://bscscan.com/tx/0x1e8d755602fd2cf99616bf47d4dd38cad359b042bedc90c02ffc47b25bbb543e
2023-03-29 08:50:28,False,4.3997,0.01388,34.9309,0.485,0x2d...7822,https://bscscan.com/tx/0x1c0388b89dd796e4403e778e1ca0d585a7f701f26181310f27fbcf48f6d965e4
2023-03-29 08:47:34,False,4.3873,0.01391,40.2552,0.5602,0x2d...7822,https://bscscan.com/tx/0x92cddf80a4c9aafb5bbf5cf7ccca78490792f2d65fd952a93426cc2746deef4b
2023-03-29 08:38:10,True,4.4346,0.01399,13.4588,0.1883,0xbb...c106,https://bscscan.com/tx/0x97f21f5e927f02e3f8313f384d568166b0a2bb6a678ecb5642814e1445ce79ea
2023-03-29 08:37:46,False,4.3934,0.01393,40.2295,0.5607,0x2d...7822,https://bscscan.com/tx/0xd29ec458f47d425cca634c10a64c931afdea8d9120eb8b536c22efb21761fa76
2023-03-29 08:37:43,False,4.4032,0.01396,39.2839,0.5487,0x2d...7822,https://bscscan.com/tx/0x6b18106d08af0cc7903723d5096ae4d8b263a8471bc237652e9717ec25ce6fe1
2023-03-29 08:36:01,False,4.4352,0.01399,35.1911,0.4926,0x2d...7822,https://bscscan.com/tx/0x0a31412e1a8b9b322886da370419910cf33744f6787182d54ec55a3405cad975
2023-03-29 08:35:04,False,4.4221,0.01403,44.6391,0.6262,0x2d...7822,https://bscscan.com/tx/0x23a4223b8561f2737d7058bbb3d0351bda5af743f67c40d90a18affe71211318
2023-03-29 08:33:19,False,4.4528,0.01406,37.8707,0.5325,0x2d...7822,https://bscscan.com/tx/0x1656f1eb00db76b808a310fb72d30545491fa9828d8524c2605a669720f26f56
2023-03-29 08:29:37,True,4.4627,0.01412,46.7824,0.661,0x09...18f7,https://bscscan.com/tx/0x4eb589a977a9bc6b1108d0d839519f8f0bb0a0b2ad738cb16bd1f21db14abf37
2023-03-29 08:29:34,True,4.449,0.01408,62.1802,0.8758,0x11...a5bc,https://bscscan.com/tx/0xa0083b11725dc136f8963b2d83bdb92aea5c61cfd469dcea02822b1507f1267c
2023-03-29 08:29:34,True,4.4331,0.01403,64.1228,0.9,0x0f...8280,https://bscscan.com/tx/0x662045f9d9318170ede1d93e66416a9b4295d1a1229a89055fe2bd179b0393cf
2023-03-29 08:29:34,False,4.4243,0.014,170.503,2.38834,0xeb...7af8,https://bscscan.com/tx/0x49c388358f0bdbc80b3728caa00c19a53fddcde8825fd92f4f5cbc7973d07d28
2023-03-29 09:03:25,False,4.3766,0.01381,33.1661,0.4582,0x2d...7822,https://bscscan.com/tx/0xdc457047817768dc1192e28a11fe1fbe7d964981247a0d36ffc7e4eb326952a2
2023-03-29 08:56:52,False,4.3809,0.01383,6.44885,0.0892,0x2d...7822,https://bscscan.com/tx/0x71b40120695c1be779bee1ed4993d06ef38f2f1b84b407cf3a8765270e9e436a
2023-03-29 08:56:52,False,4.3879,0.01385,50.6835,0.7021,0x00...78d2,https://bscscan.com/tx/0x1e8d755602fd2cf99616bf47d4dd38cad359b042bedc90c02ffc47b25bbb543e
2023-03-29 08:50:28,False,4.3997,0.01388,34.9309,0.485,0x2d...7822,https://bscscan.com/tx/0x1c0388b89dd796e4403e778e1ca0d585a7f701f26181310f27fbcf48f6d965e4
2023-03-29 08:47:34,False,4.3873,0.01391,40.2552,0.5602,0x2d...7822,https://bscscan.com/tx/0x92cddf80a4c9aafb5bbf5cf7ccca78490792f2d65fd952a93426cc2746deef4b
2023-03-29 08:38:10,True,4.4346,0.01399,13.4588,0.1883,0xbb...c106,https://bscscan.com/tx/0x97f21f5e927f02e3f8313f384d568166b0a2bb6a678ecb5642814e1445ce79ea
2023-03-29 08:37:46,False,4.3934,0.01393,40.2295,0.5607,0x2d...7822,https://bscscan.com/tx/0xd29ec458f47d425cca634c10a64c931afdea8d9120eb8b536c22efb21761fa76
2023-03-29 08:37:43,False,4.4032,0.01396,39.2839,0.5487,0x2d...7822,https://bscscan.com/tx/0x6b18106d08af0cc7903723d5096ae4d8b263a8471bc237652e9717ec25ce6fe1
2023-03-29 08:36:01,False,4.4352,0.01399,35.1911,0.4926,0x2d...7822,https://bscscan.com/tx/0x0a31412e1a8b9b322886da370419910cf33744f6787182d54ec55a3405cad975
2023-03-29 08:35:04,False,4.4221,0.01403,44.6391,0.6262,0x2d...7822,https://bscscan.com/tx/0x23a4223b8561f2737d7058bbb3d0351bda5af743f67c40d90a18affe71211318
2023-03-29 08:33:19,False,4.4528,0.01406,37.8707,0.5325,0x2d...7822,https://bscscan.com/tx/0x1656f1eb00db76b808a310fb72d30545491fa9828d8524c2605a669720f26f56
2023-03-29 08:29:37,True,4.4627,0.01412,46.7824,0.661,0x09...18f7,https://bscscan.com/tx/0x4eb589a977a9bc6b1108d0d839519f8f0bb0a0b2ad738cb16bd1f21db14abf37
2023-03-29 08:29:34,True,4.449,0.01408,62.1802,0.8758,0x11...a5bc,https://bscscan.com/tx/0xa0083b11725dc136f8963b2d83bdb92aea5c61cfd469dcea02822b1507f1267c
2023-03-29 08:29:34,True,4.4331,0.01403,64.1228,0.9,0x0f...8280,https://bscscan.com/tx/0x662045f9d9318170ede1d93e66416a9b4295d1a1229a89055fe2bd179b0393cf
2023-03-29 08:29:34,False,4.4243,0.014,170.503,2.38834,0xeb...7af8,https://bscscan.com/tx/0x49c388358f0bdbc80b3728caa00c19a53fddcde8825fd92f4f5cbc7973d07d28
2023-03-29 09:03:25,False,4.3766,0.01381,33.1661,0.4582,0x2d...7822,https://bscscan.com/tx/0xdc457047817768dc1192e28a11fe1fbe7d964981247a0d36ffc7e4eb326952a2
2023-03-29 08:56:52,False,4.3809,0.01383,6.44885,0.0892,0x2d...7822,https://bscscan.com/tx/0x71b40120695c1be779bee1ed4993d06ef38f2f1b84b407cf3a8765270e9e436a
2023-03-29 08:56:52,False,4.3879,0.01385,50.6835,0.7021,0x00...78d2,https://bscscan.com/tx/0x1e8d755602fd2cf99616bf47d4dd38cad359b042bedc90c02ffc47b25bbb543e
2023-03-29 08:50:28,False,4.3997,0.01388,34.9309,0.485,0x2d...7822,https://bscscan.com/tx/0x1c0388b89dd796e4403e778e1ca0d585a7f701f26181310f27fbcf48f6d965e4
2023-03-29 08:47:34,False,4.3873,0.01391,40.2552,0.5602,0x2d...7822,https://bscscan.com/tx/0x92cddf80a4c9aafb5bbf5cf7ccca78490792f2d65fd952a93426cc2746deef4b
2023-03-29 08:38:10,True,4.4346,0.01399,13.4588,0.1883,0xbb...c106,https://bscscan.com/tx/0x97f21f5e927f02e3f8313f384d568166b0a2bb6a678ecb5642814e1445ce79ea
2023-03-29 08:37:46,False,4.3934,0.01393,40.2295,0.5607,0x2d...7822,https://bscscan.com/tx/0xd29ec458f47d425cca634c10a64c931afdea8d9120eb8b536c22efb21761fa76
2023-03-29 08:37:43,False,4.4032,0.01396,39.2839,0.5487,0x2d...7822,https://bscscan.com/tx/0x6b18106d08af0cc7903723d5096ae4d8b263a8471bc237652e9717ec25ce6fe1
2023-03-29 08:36:01,False,4.4352,0.01399,35.1911,0.4926,0x2d...7822,https://bscscan.com/tx/0x0a31412e1a8b9b322886da370419910cf33744f6787182d54ec55a3405cad975
2023-03-29 08:35:04,False,4.4221,0.01403,44.6391,0.6262,0x2d...7822,https://bscscan.com/tx/0x23a4223b8561f2737d7058bbb3d0351bda5af743f67c40d90a18affe71211318
2023-03-29 08:33:19,False,4.4528,0.01406,37.8707,0.5325,0x2d...7822,https://bscscan.com/tx/0x1656f1eb00db76b808a310fb72d30545491fa9828d8524c2605a669720f26f56
2023-03-29 08:29:37,True,4.4627,0.01412,46.7824,0.661,0x09...18f7,https://bscscan.com/tx/0x4eb589a977a9bc6b1108d0d839519f8f0bb0a0b2ad738cb16bd1f21db14abf37
2023-03-29 08:29:34,True,4.449,0.01408,62.1802,0.8758,0x11...a5bc,https://bscscan.com/tx/0xa0083b11725dc136f8963b2d83bdb92aea5c61cfd469dcea02822b1507f1267c
2023-03-29 08:29:34,True,4.4331,0.01403,64.1228,0.9,0x0f...8280,https://bscscan.com/tx/0x662045f9d9318170ede1d93e66416a9b4295d1a1229a89055fe2bd179b0393cf
2023-03-29 08:29:34,False,4.4243,0.014,170.503,2.38834,0xeb...7af8,https://bscscan.com/tx/0x49c388358f0bdbc80b3728caa00c19a53fddcde8825fd92f4f5cbc7973d07d28
2023-03-29 09:03:25,False,4.3766,0.01381,33.1661,0.4582,0x2d...7822,https://bscscan.com/tx/0xdc457047817768dc1192e28a11fe1fbe7d964981247a0d36ffc7e4eb326952a2
2023-03-29 08:56:52,False,4.3809,0.01383,6.44885,0.0892,0x2d...7822,https://bscscan.com/tx/0x71b40120695c1be779bee1ed4993d06ef38f2f1b84b407cf3a8765270e9e436a
2023-03-29 08:56:52,False,4.3879,0.01385,50.6835,0.7021,0x00...78d2,https://bscscan.com/tx/0x1e8d755602fd2cf99616bf47d4dd38cad359b042bedc90c02ffc47b25bbb543e
2023-03-29 08:50:28,False,4.3997,0.01388,34.9309,0.485,0x2d...7822,https://bscscan.com/tx/0x1c0388b89dd796e4403e778e1ca0d585a7f701f26181310f27fbcf48f6d965e4
2023-03-29 08:47:34,False,4.3873,0.01391,40.2552,0.5602,0x2d...7822,https://bscscan.com/tx/0x92cddf80a4c9aafb5bbf5cf7ccca78490792f2d65fd952a93426cc2746deef4b
2023-03-29 08:38:10,True,4.4346,0.01399,13.4588,0.1883,0xbb...c106,https://bscscan.com/tx/0x97f21f5e927f02e3f8313f384d568166b0a2bb6a678ecb5642814e1445ce79ea
2023-03-29 08:37:46,False,4.3934,0.01393,40.2295,0.5607,0x2d...7822,https://bscscan.com/tx/0xd29ec458f47d425cca634c10a64c931afdea8d9120eb8b536c22efb21761fa76
2023-03-29 08:37:43,False,4.4032,0.01396,39.2839,0.5487,0x2d...7822,https://bscscan.com/tx/0x6b18106d08af0cc7903723d5096ae4d8b263a8471bc237652e9717ec25ce6fe1
2023-03-29 08:36:01,False,4.4352,0.01399,35.1911,0.4926,0x2d...7822,https://bscscan.com/tx/0x0a31412e1a8b9b322886da370419910cf33744f6787182d54ec55a3405cad975
2023-03-29 08:35:04,False,4.4221,0.01403,44.6391,0.6262,0x2d...7822,https://bscscan.com/tx/0x23a4223b8561f2737d7058bbb3d0351bda5af743f67c40d90a18affe71211318
2023-03-29 08:33:19,False,4.4528,0.01406,37.8707,0.5325,0x2d...7822,https://bscscan.com/tx/0x1656f1eb00db76b808a310fb72d30545491fa9828d8524c2605a669720f26f56
2023-03-29 08:29:37,True,4.4627,0.01412,46.7824,0.661,0x09...18f7,https://bscscan.com/tx/0x4eb589a977a9bc6b1108d0d839519f8f0bb0a0b2ad738cb16bd1f21db14abf37
2023-03-29 08:29:34,True,4.449,0.01408,62.1802,0.8758,0x11...a5bc,https://bscscan.com/tx/0xa0083b11725dc136f8963b2d83bdb92aea5c61cfd469dcea02822b1507f1267c
2023-03-29 08:29:34,True,4.4331,0.01403,64.1228,0.9,0x0f...8280,https://bscscan.com/tx/0x662045f9d9318170ede1d93e66416a9b4295d1a1229a89055fe2bd179b0393cf
2023-03-29 08:29:34,False,4.4243,0.014,170.503,2.38834,0xeb...7af8,https://bscscan.com/tx/0x49c388358f0bdbc80b3728caa00c19a53fddcde8825fd92f4f5cbc7973d07d28
2023-03-29 09:03:25,False,4.3766,0.01381,33.1661,0.4582,0x2d...7822,https://bscscan.com/tx/0xdc457047817768dc1192e28a11fe1fbe7d964981247a0d36ffc7e4eb326952a2
2023-03-29 08:56:52,False,4.3809,0.01383,6.44885,0.0892,0x2d...7822,https://bscscan.com/tx/0x71b40120695c1be779bee1ed4993d06ef38f2f1b84b407cf3a8765270e9e436a
2023-03-29 08:56:52,False,4.3879,0.01385,50.6835,0.7021,0x00...78d2,https://bscscan.com/tx/0x1e8d755602fd2cf99616bf47d4dd38cad359b042bedc90c02ffc47b25bbb543e
2023-03-29 08:50:28,False,4.3997,0.01388,34.9309,0.485,0x2d...7822,https://bscscan.com/tx/0x1c0388b89dd796e4403e778e1ca0d585a7f701f26181310f27fbcf48f6d965e4
2023-03-29 08:47:34,False,4.3873,0.01391,40.2552,0.5602,0x2d...7822,https://bscscan.com/tx/0x92cddf80a4c9aafb5bbf5cf7ccca78490792f2d65fd952a93426cc2746deef4b
2023-03-29 08:38:10,True,4.4346,0.01399,13.4588,0.1883,0xbb...c106,https://bscscan.com/tx/0x97f21f5e927f02e3f8313f384d568166b0a2bb6a678ecb5642814e1445ce79ea
2023-03-29 08:37:46,False,4.3934,0.01393,40.2295,0.5607,0x2d...7822,https://bscscan.com/tx/0xd29ec458f47d425cca634c10a64c931afdea8d9120eb8b536c22efb21761fa76
2023-03-29 08:37:43,False,4.4032,0.01396,39.2839,0.5487,0x2d...7822,https://bscscan.com/tx/0x6b18106d08af0cc7903723d5096ae4d8b263a8471bc237652e9717ec25ce6fe1
2023-03-29 08:36:01,False,4.4352,0.01399,35.1911,0.4926,0x2d...7822,https://bscscan.com/tx/0x0a31412e1a8b9b322886da370419910cf33744f6787182d54ec55a3405cad975
2023-03-29 08:35:04,False,4.4221,0.01403,44.6391,0.6262,0x2d...7822,https://bscscan.com/tx/0x23a4223b8561f2737d7058bbb3d0351bda5af743f67c40d90a18affe71211318
2023-03-29 08:33:19,False,4.4528,0.01406,37.8707,0.5325,0x2d...7822,https://bscscan.com/tx/0x1656f1eb00db76b808a310fb72d30545491fa9828d8524c2605a669720f26f56
2023-03-29 08:29:37,True,4.4627,0.01412,46.7824,0.661,0x09...18f7,https://bscscan.com/tx/0x4eb589a977a9bc6b1108d0d839519f8f0bb0a0b2ad738cb16bd1f21db14abf37
2023-03-29 08:29:34,True,4.449,0.01408,62.1802,0.8758,0x11...a5bc,https://bscscan.com/tx/0xa0083b11725dc136f8963b2d83bdb92aea5c61cfd469dcea02822b1507f1267c
2023-03-29 08:29:34,True,4.4331,0.01403,64.1228,0.9,0x0f...8280,https://bscscan.com/tx/0x662045f9d9318170ede1d93e66416a9b4295d1a1229a89055fe2bd179b0393cf
2023-03-29 08:29:34,False,4.4243,0.014,170.503,2.38834,0xeb...7af8,https://bscscan.com/tx/0x49c388358f0bdbc80b3728caa00c19a53fddcde8825fd92f4f5cbc7973d07d28
2023-03-29 09:03:25,False,4.3766,0.01381,33.1661,0.4582,0x2d...7822,https://bscscan.com/tx/0xdc457047817768dc1192e28a11fe1fbe7d964981247a0d36ffc7e4eb326952a2
2023-03-29 08:56:52,False,4.3809,0.01383,6.44885,0.0892,0x2d...7822,https://bscscan.com/tx/0x71b40120695c1be779bee1ed4993d06ef38f2f1b84b407cf3a8765270e9e436a
2023-03-29 08:56:52,False,4.3879,0.01385,50.6835,0.7021,0x00...78d2,https://bscscan.com/tx/0x1e8d755602fd2cf99616bf47d4dd38cad359b042bedc90c02ffc47b25bbb543e
2023-03-29 08:50:28,False,4.3997,0.01388,34.9309,0.485,0x2d...7822,https://bscscan.com/tx/0x1c0388b89dd796e4403e778e1ca0d585a7f701f26181310f27fbcf48f6d965e4
2023-03-29 08:47:34,False,4.3873,0.01391,40.2552,0.5602,0x2d...7822,https://bscscan.com/tx/0x92cddf80a4c9aafb5bbf5cf7ccca78490792f2d65fd952a93426cc2746deef4b
2023-03-29 08:38:10,True,4.4346,0.01399,13.4588,0.1883,0xbb...c106,https://bscscan.com/tx/0x97f21f5e927f02e3f8313f384d568166b0a2bb6a678ecb5642814e1445ce79ea
2023-03-29 08:37:46,False,4.3934,0.01393,40.2295,0.5607,0x2d...7822,https://bscscan.com/tx/0xd29ec458f47d425cca634c10a64c931afdea8d9120eb8b536c22efb21761fa76
2023-03-29 08:37:43,False,4.4032,0.01396,39.2839,0.5487,0x2d...7822,https://bscscan.com/tx/0x6b18106d08af0cc7903723d5096ae4d8b263a8471bc237652e9717ec25ce6fe1
2023-03-29 08:36:01,False,4.4352,0.01399,35.1911,0.4926,0x2d...7822,https://bscscan.com/tx/0x0a31412e1a8b9b322886da370419910cf33744f6787182d54ec55a3405cad975
2023-03-29 08:35:04,False,4.4221,0.01403,44.6391,0.6262,0x2d...7822,https://bscscan.com/tx/0x23a4223b8561f2737d7058bbb3d0351bda5af743f67c40d90a18affe71211318
2023-03-29 08:33:19,False,4.4528,0.01406,37.8707,0.5325,0x2d...7822,https://bscscan.com/tx/0x1656f1eb00db76b808a310fb72d30545491fa9828d8524c2605a669720f26f56
2023-03-29 08:29:37,True,4.4627,0.01412,46.7824,0.661,0x09...18f7,https://bscscan.com/tx/0x4eb589a977a9bc6b1108d0d839519f8f0bb0a0b2ad738cb16bd1f21db14abf37
2023-03-29 08:29:34,True,4.449,0.01408,62.1802,0.8758,0x11...a5bc,https://bscscan.com/tx/0xa0083b11725dc136f8963b2d83bdb92aea5c61cfd469dcea02822b1507f1267c
2023-03-29 08:29:34,True,4.4331,0.01403,64.1228,0.9,0x0f...8280,https://bscscan.com/tx/0x662045f9d9318170ede1d93e66416a9b4295d1a1229a89055fe2bd179b0393cf
2023-03-29 08:29:34,False,4.4243,0.014,170.503,2.38834,0xeb...7af8,https://bscscan.com/tx/0x49c388358f0bdbc80b3728caa00c19a53fddcde8825fd92f4f5cbc7973d07d28
2023-03-29 09:03:25,False,4.3766,0.01381,33.1661,0.4582,0x2d...7822,https://bscscan.com/tx/0xdc457047817768dc1192e28a11fe1fbe7d964981247a0d36ffc7e4eb326952a2
2023-03-29 08:56:52,False,4.3809,0.01383,6.44885,0.0892,0x2d...7822,https://bscscan.com/tx/0x71b40120695c1be779bee1ed4993d06ef38f2f1b84b407cf3a8765270e9e436a
2023-03-29 08:56:52,False,4.3879,0.01385,50.6835,0.7021,0x00...78d2,https://bscscan.com/tx/0x1e8d755602fd2cf99616bf47d4dd38cad359b042bedc90c02ffc47b25bbb543e
2023-03-29 08:50:28,False,4.3997,0.01388,34.9309,0.485,0x2d...7822,https://bscscan.com/tx/0x1c0388b89dd796e4403e778e1ca0d585a7f701f26181310f27fbcf48f6d965e4
2023-03-29 08:47:34,False,4.3873,0.01391,40.2552,0.5602,0x2d...7822,https://bscscan.com/tx/0x92cddf80a4c9aafb5bbf5cf7ccca78490792f2d65fd952a93426cc2746deef4b
2023-03-29 08:38:10,True,4.4346,0.01399,13.4588,0.1883,0xbb...c106,https://bscscan.com/tx/0x97f21f5e927f02e3f8313f384d568166b0a2bb6a678ecb5642814e1445ce79ea
2023-03-29 08:37:46,False,4.3934,0.01393,40.2295,0.5607,0x2d...7822,https://bscscan.com/tx/0xd29ec458f47d425cca634c10a64c931afdea8d9120eb8b536c22efb21761fa76
2023-03-29 08:37:43,False,4.4032,0.01396,39.2839,0.5487,0x2d...7822,https://bscscan.com/tx/0x6b18106d08af0cc7903723d5096ae4d8b263a8471bc237652e9717ec25ce6fe1
2023-03-29 08:36:01,False,4.4352,0.01399,35.1911,0.4926,0x2d...7822,https://bscscan.com/tx/0x0a31412e1a8b9b322886da370419910cf33744f6787182d54ec55a3405cad975
2023-03-29 08:35:04,False,4.4221,0.01403,44.6391,0.6262,0x2d...7822,https://bscscan.com/tx/0x23a4223b8561f2737d7058bbb3d0351bda5af743f67c40d90a18affe71211318
2023-03-29 08:33:19,False,4.4528,0.01406,37.8707,0.5325,0x2d...7822,https://bscscan.com/tx/0x1656f1eb00db76b808a310fb72d30545491fa9828d8524c2605a669720f26f56
2023-03-29 08:29:37,True,4.4627,0.01412,46.7824,0.661,0x09...18f7,https://bscscan.com/tx/0x4eb589a977a9bc6b1108d0d839519f8f0bb0a0b2ad738cb16bd1f21db14abf37
2023-03-29 08:29:34,True,4.449,0.01408,62.1802,0.8758,0x11...a5bc,https://bscscan.com/tx/0xa0083b11725dc136f8963b2d83bdb92aea5c61cfd469dcea02822b1507f1267c
2023-03-29 08:29:34,True,4.4331,0.01403,64.1228,0.9,0x0f...8280,https://bscscan.com/tx/0x662045f9d9318170ede1d93e66416a9b4295d1a1229a89055fe2bd179b0393cf
2023-03-29 08:29:34,False,4.4243,0.014,170.503,2.38834,0xeb...7af8,https://bscscan.com/tx/0x49c388358f0bdbc80b3728caa00c19a53fddcde8825fd92f4f5cbc7973d07d28
2023-03-29 09:03:25,False,4.3766,0.01381,33.1661,0.4582,0x2d...7822,https://bscscan.com/tx/0xdc457047817768dc1192e28a11fe1fbe7d964981247a0d36ffc7e4eb326952a2
2023-03-29 08:56:52,False,4.3809,0.01383,6.44885,0.0892,0x2d...7822,https://bscscan.com/tx/0x71b40120695c1be779bee1ed4993d06ef38f2f1b84b407cf3a8765270e9e436a
2023-03-29 08:56:52,False,4.3879,0.01385,50.6835,0.7021,0x00...78d2,https://bscscan.com/tx/0x1e8d755602fd2cf99616bf47d4dd38cad359b042bedc90c02ffc47b25bbb543e
2023-03-29 08:50:28,False,4.3997,0.01388,34.9309,0.485,0x2d...7822,https://bscscan.com/tx/0x1c0388b89dd796e4403e778e1ca0d585a7f701f26181310f27fbcf48f6d965e4
2023-03-29 08:47:34,False,4.3873,0.01391,40.2552,0.5602,0x2d...7822,https://bscscan.com/tx/0x92cddf80a4c9aafb5bbf5cf7ccca78490792f2d65fd952a93426cc2746deef4b
2023-03-29 08:38:10,True,4.4346,0.01399,13.4588,0.1883,0xbb...c106,https://bscscan.com/tx/0x97f21f5e927f02e3f8313f384d568166b0a2bb6a678ecb5642814e1445ce79ea
2023-03-29 08:37:46,False,4.3934,0.01393,40.2295,0.5607,0x2d...7822,https://bscscan.com/tx/0xd29ec458f47d425cca634c10a64c931afdea8d9120eb8b536c22efb21761fa76
2023-03-29 08:37:43,False,4.4032,0.01396,39.2839,0.5487,0x2d...7822,https://bscscan.com/tx/0x6b18106d08af0cc7903723d5096ae4d8b263a8471bc237652e9717ec25ce6fe1
2023-03-29 08:36:01,False,4.4352,0.01399,35.1911,0.4926,0x2d...7822,https://bscscan.com/tx/0x0a31412e1a8b9b322886da370419910cf33744f6787182d54ec55a3405cad975
2023-03-29 08:35:04,False,4.4221,0.01403,44.6391,0.6262,0x2d...7822,https://bscscan.com/tx/0x23a4223b8561f2737d7058bbb3d0351bda5af743f67c40d90a18affe71211318
2023-03-29 08:33:19,False,4.4528,0.01406,37.8707,0.5325,0x2d...7822,https://bscscan.com/tx/0x1656f1eb00db76b808a310fb72d30545491fa9828d8524c2605a669720f26f56
2023-03-29 08:29:37,True,4.4627,0.01412,46.7824,0.661,0x09...18f7,https://bscscan.com/tx/0x4eb589a977a9bc6b1108d0d839519f8f0bb0a0b2ad738cb16bd1f21db14abf37
2023-03-29 08:29:34,True,4.449,0.01408,62.1802,0.8758,0x11...a5bc,https://bscscan.com/tx/0xa0083b11725dc136f8963b2d83bdb92aea5c61cfd469dcea02822b1507f1267c
2023-03-29 08:29:34,True,4.4331,0.01403,64.1228,0.9,0x0f...8280,https://bscscan.com/tx/0x662045f9d9318170ede1d93e66416a9b4295d1a1229a89055fe2bd179b0393cf
2023-03-29 08:29:34,False,4.4243,0.014,170.503,2.38834,0xeb...7af8,https://bscscan.com/tx/0x49c388358f0bdbc80b3728caa00c19a53fddcde8825fd92f4f5cbc7973d07d28
2023-03-29 09:03:25,False,4.3766,0.01381,33.1661,0.4582,0x2d...7822,https://bscscan.com/tx/0xdc457047817768dc1192e28a11fe1fbe7d964981247a0d36ffc7e4eb326952a2
2023-03-29 08:56:52,False,4.3809,0.01383,6.44885,0.0892,0x2d...7822,https://bscscan.com/tx/0x71b40120695c1be779bee1ed4993d06ef38f2f1b84b407cf3a8765270e9e436a
2023-03-29 08:56:52,False,4.3879,0.01385,50.6835,0.7021,0x00...78d2,https://bscscan.com/tx/0x1e8d755602fd2cf99616bf47d4dd38cad359b042bedc90c02ffc47b25bbb543e
2023-03-29 08:50:28,False,4.3997,0.01388,34.9309,0.485,0x2d...7822,https://bscscan.com/tx/0x1c0388b89dd796e4403e778e1ca0d585a7f701f26181310f27fbcf48f6d965e4
2023-03-29 08:47:34,False,4.3873,0.01391,40.2552,0.5602,0x2d...7822,https://bscscan.com/tx/0x92cddf80a4c9aafb5bbf5cf7ccca78490792f2d65fd952a93426cc2746deef4b
2023-03-29 08:38:10,True,4.4346,0.01399,13.4588,0.1883,0xbb...c106,https://bscscan.com/tx/0x97f21f5e927f02e3f8313f384d568166b0a2bb6a678ecb5642814e1445ce79ea
2023-03-29 08:37:46,False,4.3934,0.01393,40.2295,0.5607,0x2d...7822,https://bscscan.com/tx/0xd29ec458f47d425cca634c10a64c931afdea8d9120eb8b536c22efb21761fa76
2023-03-29 08:37:43,False,4.4032,0.01396,39.2839,0.5487,0x2d...7822,https://bscscan.com/tx/0x6b18106d08af0cc7903723d5096ae4d8b263a8471bc237652e9717ec25ce6fe1
2023-03-29 08:36:01,False,4.4352,0.01399,35.1911,0.4926,0x2d...7822,https://bscscan.com/tx/0x0a31412e1a8b9b322886da370419910cf33744f6787182d54ec55a3405cad975
2023-03-29 08:35:04,False,4.4221,0.01403,44.6391,0.6262,0x2d...7822,https://bscscan.com/tx/0x23a4223b8561f2737d7058bbb3d0351bda5af743f67c40d90a18affe71211318
2023-03-29 08:33:19,False,4.4528,0.01406,37.8707,0.5325,0x2d...7822,https://bscscan.com/tx/0x1656f1eb00db76b808a310fb72d30545491fa9828d8524c2605a669720f26f56
2023-03-29 08:29:37,True,4.4627,0.01412,46.7824,0.661,0x09...18f7,https://bscscan.com/tx/0x4eb589a977a9bc6b1108d0d839519f8f0bb0a0b2ad738cb16bd1f21db14abf37
2023-03-29 08:29:34,True,4.449,0.01408,62.1802,0.8758,0x11...a5bc,https://bscscan.com/tx/0xa0083b11725dc136f8963b2d83bdb92aea5c61cfd469dcea02822b1507f1267c
2023-03-29 08:29:34,True,4.4331,0.01403,64.1228,0.9,0x0f...8280,https://bscscan.com/tx/0x662045f9d9318170ede1d93e66416a9b4295d1a1229a89055fe2bd179b0393cf
2023-03-29 08:29:34,False,4.4243,0.014,170.503,2.38834,0xeb...7af8,https://bscscan.com/tx/0x49c388358f0bdbc80b3728caa00c19a53fddcde8825fd92f4f5cbc7973d07d28
2023-03-29 09:03:25,False,4.3766,0.01381,33.1661,0.4582,0x2d...7822,https://bscscan.com/tx/0xdc457047817768dc1192e28a11fe1fbe7d964981247a0d36ffc7e4eb326952a2
2023-03-29 08:56:52,False,4.3809,0.01383,6.44885,0.0892,0x2d...7822,https://bscscan.com/tx/0x71b40120695c1be779bee1ed4993d06ef38f2f1b84b407cf3a8765270e9e436a
2023-03-29 08:56:52,False,4.3879,0.01385,50.6835,0.7021,0x00...78d2,https://bscscan.com/tx/0x1e8d755602fd2cf99616bf47d4dd38cad359b042bedc90c02ffc47b25bbb543e
2023-03-29 08:50:28,False,4.3997,0.01388,34.9309,0.485,0x2d...7822,https://bscscan.com/tx/0x1c0388b89dd796e4403e778e1ca0d585a7f701f26181310f27fbcf48f6d965e4
2023-03-29 08:47:34,False,4.3873,0.01391,40.2552,0.5602,0x2d...7822,https://bscscan.com/tx/0x92cddf80a4c9aafb5bbf5cf7ccca78490792f2d65fd952a93426cc2746deef4b
2023-03-29 08:38:10,True,4.4346,0.01399,13.4588,0.1883,0xbb...c106,https://bscscan.com/tx/0x97f21f5e927f02e3f8313f384d568166b0a2bb6a678ecb5642814e1445ce79ea
2023-03-29 08:37:46,False,4.3934,0.01393,40.2295,0.5607,0x2d...7822,https://bscscan.com/tx/0xd29ec458f47d425cca634c10a64c931afdea8d9120eb8b536c22efb21761fa76
2023-03-29 08:37:43,False,4.4032,0.01396,39.2839,0.5487,0x2d...7822,https://bscscan.com/tx/0x6b18106d08af0cc7903723d5096ae4d8b263a8471bc237652e9717ec25ce6fe1
2023-03-29 08:36:01,False,4.4352,0.01399,35.1911,0.4926,0x2d...7822,https://bscscan.com/tx/0x0a31412e1a8b9b322886da370419910cf33744f6787182d54ec55a3405cad975
2023-03-29 08:35:04,False,4.4221,0.01403,44.6391,0.6262,0x2d...7822,https://bscscan.com/tx/0x23a4223b8561f2737d7058bbb3d0351bda5af743f67c40d90a18affe71211318
2023-03-29 08:33:19,False,4.4528,0.01406,37.8707,0.5325,0x2d...7822,https://bscscan.com/tx/0x1656f1eb00db76b808a310fb72d30545491fa9828d8524c2605a669720f26f56
2023-03-29 08:29:37,True,4.4627,0.01412,46.7824,0.661,0x09...18f7,https://bscscan.com/tx/0x4eb589a977a9bc6b1108d0d839519f8f0bb0a0b2ad738cb16bd1f21db14abf37
2023-03-29 08:29:34,True,4.449,0.01408,62.1802,0.8758,0x11...a5bc,https://bscscan.com/tx/0xa0083b11725dc136f8963b2d83bdb92aea5c61cfd469dcea02822b1507f1267c
2023-03-29 08:29:34,True,4.4331,0.01403,64.1228,0.9,0x0f...8280,https://bscscan.com/tx/0x662045f9d9318170ede1d93e66416a9b4295d1a1229a89055fe2bd179b0393cf
2023-03-29 08:29:34,False,4.4243,0.014,170.503,2.38834,0xeb...7af8,https://bscscan.com/tx/0x49c388358f0bdbc80b3728caa00c19a53fddcde8825fd92f4f5cbc7973d07d28
2023-03-29 09:03:25,False,4.3766,0.01381,33.1661,0.4582,0x2d...7822,https://bscscan.com/tx/0xdc457047817768dc1192e28a11fe1fbe7d964981247a0d36ffc7e4eb326952a2
2023-03-29 08:56:52,False,4.3809,0.01383,6.44885,0.0892,0x2d...7822,https://bscscan.com/tx/0x71b40120695c1be779bee1ed4993d06ef38f2f1b84b407cf3a8765270e9e436a
2023-03-29 08:56:52,False,4.3879,0.01385,50.6835,0.7021,0x00...78d2,https://bscscan.com/tx/0x1e8d755602fd2cf99616bf47d4dd38cad359b042bedc90c02ffc47b25bbb543e
2023-03-29 08:50:28,False,4.3997,0.01388,34.9309,0.485,0x2d...7822,https://bscscan.com/tx/0x1c0388b89dd796e4403e778e1ca0d585a7f701f26181310f27fbcf48f6d965e4
2023-03-29 08:47:34,False,4.3873,0.01391,40.2552,0.5602,0x2d...7822,https://bscscan.com/tx/0x92cddf80a4c9aafb5bbf5cf7ccca78490792f2d65fd952a93426cc2746deef4b
2023-03-29 08:38:10,True,4.4346,0.01399,13.4588,0.1883,0xbb...c106,https://bscscan.com/tx/0x97f21f5e927f02e3f8313f384d568166b0a2bb6a678ecb5642814e1445ce79ea
2023-03-29 08:37:46,False,4.3934,0.01393,40.2295,0.5607,0x2d...7822,https://bscscan.com/tx/0xd29ec458f47d425cca634c10a64c931afdea8d9120eb8b536c22efb21761fa76
2023-03-29 08:37:43,False,4.4032,0.01396,39.2839,0.5487,0x2d...7822,https://bscscan.com/tx/0x6b18106d08af0cc7903723d5096ae4d8b263a8471bc237652e9717ec25ce6fe1
2023-03-29 08:36:01,False,4.4352,0.01399,35.1911,0.4926,0x2d...7822,https://bscscan.com/tx/0x0a31412e1a8b9b322886da370419910cf33744f6787182d54ec55a3405cad975
2023-03-29 08:35:04,False,4.4221,0.01403,44.6391,0.6262,0x2d...7822,https://bscscan.com/tx/0x23a4223b8561f2737d7058bbb3d0351bda5af743f67c40d90a18affe71211318
2023-03-29 08:33:19,False,4.4528,0.01406,37.8707,0.5325,0x2d...7822,https://bscscan.com/tx/0x1656f1eb00db76b808a310fb72d30545491fa9828d8524c2605a669720f26f56
2023-03-29 08:29:37,True,4.4627,0.01412,46.7824,0.661,0x09...18f7,https://bscscan.com/tx/0x4eb589a977a9bc6b1108d0d839519f8f0bb0a0b2ad738cb16bd1f21db14abf37
2023-03-29 08:29:34,True,4.449,0.01408,62.1802,0.8758,0x11...a5bc,https://bscscan.com/tx/0xa0083b11725dc136f8963b2d83bdb92aea5c61cfd469dcea02822b1507f1267c
2023-03-29 08:29:34,True,4.4331,0.01403,64.1228,0.9,0x0f...8280,https://bscscan.com/tx/0x662045f9d9318170ede1d93e66416a9b4295d1a1229a89055fe2bd179b0393cf
2023-03-29 08:29:34,False,4.4243,0.014,170.503,2.38834,0xeb...7af8,https://bscscan.com/tx/0x49c388358f0bdbc80b3728caa00c19a53fddcde8825fd92f4f5cbc7973d07d28
2023-03-29 09:03:25,False,4.3766,0.01381,33.1661,0.4582,0x2d...7822,https://bscscan.com/tx/0xdc457047817768dc1192e28a11fe1fbe7d964981247a0d36ffc7e4eb326952a2
2023-03-29 08:56:52,False,4.3809,0.01383,6.44885,0.0892,0x2d...7822,https://bscscan.com/tx/0x71b40120695c1be779bee1ed4993d06ef38f2f1b84b407cf3a8765270e9e436a
2023-03-29 08:56:52,False,4.3879,0.01385,50.6835,0.7021,0x00...78d2,https://bscscan.com/tx/0x1e8d755602fd2cf99616bf47d4dd38cad359b042bedc90c02ffc47b25bbb543e
2023-03-29 08:50:28,False,4.3997,0.01388,34.9309,0.485,0x2d...7822,https://bscscan.com/tx/0x1c0388b89dd796e4403e778e1ca0d585a7f701f26181310f27fbcf48f6d965e4
2023-03-29 08:47:34,False,4.3873,0.01391,40.2552,0.5602,0x2d...7822,https://bscscan.com/tx/0x92cddf80a4c9aafb5bbf5cf7ccca78490792f2d65fd952a93426cc2746deef4b
2023-03-29 08:38:10,True,4.4346,0.01399,13.4588,0.1883,0xbb...c106,https://bscscan.com/tx/0x97f21f5e927f02e3f8313f384d568166b0a2bb6a678ecb5642814e1445ce79ea
2023-03-29 08:37:46,False,4.3934,0.01393,40.2295,0.5607,0x2d...7822,https://bscscan.com/tx/0xd29ec458f47d425cca634c10a64c931afdea8d9120eb8b536c22efb21761fa76
2023-03-29 08:37:43,False,4.4032,0.01396,39.2839,0.5487,0x2d...7822,https://bscscan.com/tx/0x6b18106d08af0cc7903723d5096ae4d8b263a8471bc237652e9717ec25ce6fe1
2023-03-29 08:36:01,False,4.4352,0.01399,35.1911,0.4926,0x2d...7822,https://bscscan.com/tx/0x0a31412e1a8b9b322886da370419910cf33744f6787182d54ec55a3405cad975
2023-03-29 08:35:04,False,4.4221,0.01403,44.6391,0.6262,0x2d...7822,https://bscscan.com/tx/0x23a4223b8561f2737d7058bbb3d0351bda5af743f67c40d90a18affe71211318
2023-03-29 08:33:19,False,4.4528,0.01406,37.8707,0.5325,0x2d...7822,https://bscscan.com/tx/0x1656f1eb00db76b808a310fb72d30545491fa9828d8524c2605a669720f26f56
2023-03-29 08:29:37,True,4.4627,0.01412,46.7824,0.661,0x09...18f7,https://bscscan.com/tx/0x4eb589a977a9bc6b1108d0d839519f8f0bb0a0b2ad738cb16bd1f21db14abf37
2023-03-29 08:29:34,True,4.449,0.01408,62.1802,0.8758,0x11...a5bc,https://bscscan.com/tx/0xa0083b11725dc136f8963b2d83bdb92aea5c61cfd469dcea02822b1507f1267c
2023-03-29 08:29:34,True,4.4331,0.01403,64.1228,0.9,0x0f...8280,https://bscscan.com/tx/0x662045f9d9318170ede1d93e66416a9b4295d1a1229a89055fe2bd179b0393cf
2023-03-29 08:29:34,False,4.4243,0.014,170.503,2.38834,0xeb...7af8,https://bscscan.com/tx/0x49c388358f0bdbc80b3728caa00c19a53fddcde8825fd92f4f5cbc7973d07d28
2023-03-29 09:03:25,False,4.3766,0.01381,33.1661,0.4582,0x2d...7822,https://bscscan.com/tx/0xdc457047817768dc1192e28a11fe1fbe7d964981247a0d36ffc7e4eb326952a2
2023-03-29 08:56:52,False,4.3809,0.01383,6.44885,0.0892,0x2d...7822,https://bscscan.com/tx/0x71b40120695c1be779bee1ed4993d06ef38f2f1b84b407cf3a8765270e9e436a
2023-03-29 08:56:52,False,4.3879,0.01385,50.6835,0.7021,0x00...78d2,https://bscscan.com/tx/0x1e8d755602fd2cf99616bf47d4dd38cad359b042bedc90c02ffc47b25bbb543e
2023-03-29 08:50:28,False,4.3997,0.01388,34.9309,0.485,0x2d...7822,https://bscscan.com/tx/0x1c0388b89dd796e4403e778e1ca0d585a7f701f26181310f27fbcf48f6d965e4
2023-03-29 08:47:34,False,4.3873,0.01391,40.2552,0.5602,0x2d...7822,https://bscscan.com/tx/0x92cddf80a4c9aafb5bbf5cf7ccca78490792f2d65fd952a93426cc2746deef4b
2023-03-29 08:38:10,True,4.4346,0.01399,13.4588,0.1883,0xbb...c106,https://bscscan.com/tx/0x97f21f5e927f02e3f8313f384d568166b0a2bb6a678ecb5642814e1445ce79ea
2023-03-29 08:37:46,False,4.3934,0.01393,40.2295,0.5607,0x2d...7822,https://bscscan.com/tx/0xd29ec458f47d425cca634c10a64c931afdea8d9120eb8b536c22efb21761fa76
2023-03-29 08:37:43,False,4.4032,0.01396,39.2839,0.5487,0x2d...7822,https://bscscan.com/tx/0x6b18106d08af0cc7903723d5096ae4d8b263a8471bc237652e9717ec25ce6fe1
2023-03-29 08:36:01,False,4.4352,0.01399,35.1911,0.4926,0x2d...7822,https://bscscan.com/tx/0x0a31412e1a8b9b322886da370419910cf33744f6787182d54ec55a3405cad975
2023-03-29 08:35:04,False,4.4221,0.01403,44.6391,0.6262,0x2d...7822,https://bscscan.com/tx/0x23a4223b8561f2737d7058bbb3d0351bda5af743f67c40d90a18affe71211318
2023-03-29 08:33:19,False,4.4528,0.01406,37.8707,0.5325,0x2d...7822,https://bscscan.com/tx/0x1656f1eb00db76b808a310fb72d30545491fa9828d8524c2605a669720f26f56
2023-03-29 08:29:37,True,4.4627,0.01412,46.7824,0.661,0x09...18f7,https://bscscan.com/tx/0x4eb589a977a9bc6b1108d0d839519f8f0bb0a0b2ad738cb16bd1f21db14abf37
2023-03-29 08:29:34,True,4.449,0.01408,62.1802,0.8758,0x11...a5bc,https://bscscan.com/tx/0xa0083b11725dc136f8963b2d83bdb92aea5c61cfd469dcea02822b1507f1267c
2023-03-29 08:29:34,True,4.4331,0.01403,64.1228,0.9,0x0f...8280,https://bscscan.com/tx/0x662045f9d9318170ede1d93e66416a9b4295d1a1229a89055fe2bd179b0393cf
2023-03-29 08:29:34,False,4.4243,0.014,170.503,2.38834,0xeb...7af8,https://bscscan.com/tx/0x49c388358f0bdbc80b3728caa00c19a53fddcde8825fd92f4f5cbc7973d07d28
2023-03-29 09:03:25,False,4.3766,0.01381,33.1661,0.4582,0x2d...7822,https://bscscan.com/tx/0xdc457047817768dc1192e28a11fe1fbe7d964981247a0d36ffc7e4eb326952a2
2023-03-29 08:56:52,False,4.3809,0.01383,6.44885,0.0892,0x2d...7822,https://bscscan.com/tx/0x71b40120695c1be779bee1ed4993d06ef38f2f1b84b407cf3a8765270e9e436a
2023-03-29 08:56:52,False,4.3879,0.01385,50.6835,0.7021,0x00...78d2,https://bscscan.com/tx/0x1e8d755602fd2cf99616bf47d4dd38cad359b042bedc90c02ffc47b25bbb543e
2023-03-29 08:50:28,False,4.3997,0.01388,34.9309,0.485,0x2d...7822,https://bscscan.com/tx/0x1c0388b89dd796e4403e778e1ca0d585a7f701f26181310f27fbcf48f6d965e4
2023-03-29 08:47:34,False,4.3873,0.01391,40.2552,0.5602,0x2d...7822,https://bscscan.com/tx/0x92cddf80a4c9aafb5bbf5cf7ccca78490792f2d65fd952a93426cc2746deef4b
2023-03-29 08:38:10,True,4.4346,0.01399,13.4588,0.1883,0xbb...c106,https://bscscan.com/tx/0x97f21f5e927f02e3f8313f384d568166b0a2bb6a678ecb5642814e1445ce79ea
2023-03-29 08:37:46,False,4.3934,0.01393,40.2295,0.5607,0x2d...7822,https://bscscan.com/tx/0xd29ec458f47d425cca634c10a64c931afdea8d9120eb8b536c22efb21761fa76
2023-03-29 08:37:43,False,4.4032,0.01396,39.2839,0.5487,0x2d...7822,https://bscscan.com/tx/0x6b18106d08af0cc7903723d5096ae4d8b263a8471bc237652e9717ec25ce6fe1
2023-03-29 08:36:01,False,4.4352,0.01399,35.1911,0.4926,0x2d...7822,https://bscscan.com/tx/0x0a31412e1a8b9b322886da370419910cf33744f6787182d54ec55a3405cad975
2023-03-29 08:35:04,False,4.4221,0.01403,44.6391,0.6262,0x2d...7822,https://bscscan.com/tx/0x23a4223b8561f2737d7058bbb3d0351bda5af743f67c40d90a18affe71211318
2023-03-29 08:33:19,False,4.4528,0.01406,37.8707,0.5325,0x2d...7822,https://bscscan.com/tx/0x1656f1eb00db76b808a310fb72d30545491fa9828d8524c2605a669720f26f56
2023-03-29 08:29:37,True,4.4627,0.01412,46.7824,0.661,0x09...18f7,https://bscscan.com/tx/0x4eb589a977a9bc6b1108d0d839519f8f0bb0a0b2ad738cb16bd1f21db14abf37
2023-03-29 08:29:34,True,4.449,0.01408,62.1802,0.8758,0x11...a5bc,https://bscscan.com/tx/0xa0083b11725dc136f8963b2d83bdb92aea5c61cfd469dcea02822b1507f1267c
2023-03-29 08:29:34,True,4.4331,0.01403,64.1228,0.9,0x0f...8280,https://bscscan.com/tx/0x662045f9d9318170ede1d93e66416a9b4295d1a1229a89055fe2bd179b0393cf
2023-03-29 08:29:34,False,4.4243,0.014,170.503,2.38834,0xeb...7af8,https://bscscan.com/tx/0x49c388358f0bdbc80b3728caa00c19a53fddcde8825fd92f4f5cbc7973d07d28
2023-03-29 09:03:25,False,4.3766,0.01381,33.1661,0.4582,0x2d...7822,https://bscscan.com/tx/0xdc457047817768dc1192e28a11fe1fbe7d964981247a0d36ffc7e4eb326952a2
2023-03-29 08:56:52,False,4.3809,0.01383,6.44885,0.0892,0x2d...7822,https://bscscan.com/tx/0x71b40120695c1be779bee1ed4993d06ef38f2f1b84b407cf3a8765270e9e436a
2023-03-29 08:56:52,False,4.3879,0.01385,50.6835,0.7021,0x00...78d2,https://bscscan.com/tx/0x1e8d755602fd2cf99616bf47d4dd38cad359b042bedc90c02ffc47b25bbb543e
2023-03-29 08:50:28,False,4.3997,0.01388,34.9309,0.485,0x2d...7822,https://bscscan.com/tx/0x1c0388b89dd796e4403e778e1ca0d585a7f701f26181310f27fbcf48f6d965e4
2023-03-29 08:47:34,False,4.3873,0.01391,40.2552,0.5602,0x2d...7822,https://bscscan.com/tx/0x92cddf80a4c9aafb5bbf5cf7ccca78490792f2d65fd952a93426cc2746deef4b
2023-03-29 08:38:10,True,4.4346,0.01399,13.4588,0.1883,0xbb...c106,https://bscscan.com/tx/0x97f21f5e927f02e3f8313f384d568166b0a2bb6a678ecb5642814e1445ce79ea
2023-03-29 08:37:46,False,4.3934,0.01393,40.2295,0.5607,0x2d...7822,https://bscscan.com/tx/0xd29ec458f47d425cca634c10a64c931afdea8d9120eb8b536c22efb21761fa76
2023-03-29 08:37:43,False,4.4032,0.01396,39.2839,0.5487,0x2d...7822,https://bscscan.com/tx/0x6b18106d08af0cc7903723d5096ae4d8b263a8471bc237652e9717ec25ce6fe1
2023-03-29 08:36:01,False,4.4352,0.01399,35.1911,0.4926,0x2d...7822,https://bscscan.com/tx/0x0a31412e1a8b9b322886da370419910cf33744f6787182d54ec55a3405cad975
2023-03-29 08:35:04,False,4.4221,0.01403,44.6391,0.6262,0x2d...7822,https://bscscan.com/tx/0x23a4223b8561f2737d7058bbb3d0351bda5af743f67c40d90a18affe71211318
2023-03-29 08:33:19,False,4.4528,0.01406,37.8707,0.5325,0x2d...7822,https://bscscan.com/tx/0x1656f1eb00db76b808a310fb72d30545491fa9828d8524c2605a669720f26f56
2023-03-29 08:29:37,True,4.4627,0.01412,46.7824,0.661,0x09...18f7,https://bscscan.com/tx/0x4eb589a977a9bc6b1108d0d839519f8f0bb0a0b2ad738cb16bd1f21db14abf37
2023-03-29 08:29:34,True,4.449,0.01408,62.1802,0.8758,0x11...a5bc,https://bscscan.com/tx/0xa0083b11725dc136f8963b2d83bdb92aea5c61cfd469dcea02822b1507f1267c
2023-03-29 08:29:34,True,4.4331,0.01403,64.1228,0.9,0x0f...8280,https://bscscan.com/tx/0x662045f9d9318170ede1d93e66416a9b4295d1a1229a89055fe2bd179b0393cf
2023-03-29 08:29:34,False,4.4243,0.014,170.503,2.38834,0xeb...7af8,https://bscscan.com/tx/0x49c388358f0bdbc80b3728caa00c19a53fddcde8825fd92f4f5cbc7973d07d28
2023-03-29 09:03:25,False,4.3766,0.01381,33.1661,0.4582,0x2d...7822,https://bscscan.com/tx/0xdc457047817768dc1192e28a11fe1fbe7d964981247a0d36ffc7e4eb326952a2
2023-03-29 08:56:52,False,4.3809,0.01383,6.44885,0.0892,0x2d...7822,https://bscscan.com/tx/0x71b40120695c1be779bee1ed4993d06ef38f2f1b84b407cf3a8765270e9e436a
2023-03-29 08:56:52,False,4.3879,0.01385,50.6835,0.7021,0x00...78d2,https://bscscan.com/tx/0x1e8d755602fd2cf99616bf47d4dd38cad359b042bedc90c02ffc47b25bbb543e
2023-03-29 08:50:28,False,4.3997,0.01388,34.9309,0.485,0x2d...7822,https://bscscan.com/tx/0x1c0388b89dd796e4403e778e1ca0d585a7f701f26181310f27fbcf48f6d965e4
2023-03-29 08:47:34,False,4.3873,0.01391,40.2552,0.5602,0x2d...7822,https://bscscan.com/tx/0x92cddf80a4c9aafb5bbf5cf7ccca78490792f2d65fd952a93426cc2746deef4b
2023-03-29 08:38:10,True,4.4346,0.01399,13.4588,0.1883,0xbb...c106,https://bscscan.com/tx/0x97f21f5e927f02e3f8313f384d568166b0a2bb6a678ecb5642814e1445ce79ea
2023-03-29 08:37:46,False,4.3934,0.01393,40.2295,0.5607,0x2d...7822,https://bscscan.com/tx/0xd29ec458f47d425cca634c10a64c931afdea8d9120eb8b536c22efb21761fa76
2023-03-29 08:37:43,False,4.4032,0.01396,39.2839,0.5487,0x2d...7822,https://bscscan.com/tx/0x6b18106d08af0cc7903723d5096ae4d8b263a8471bc237652e9717ec25ce6fe1
2023-03-29 08:36:01,False,4.4352,0.01399,35.1911,0.4926,0x2d...7822,https://bscscan.com/tx/0x0a31412e1a8b9b322886da370419910cf33744f6787182d54ec55a3405cad975
2023-03-29 08:35:04,False,4.4221,0.01403,44.6391,0.6262,0x2d...7822,https://bscscan.com/tx/0x23a4223b8561f2737d7058bbb3d0351bda5af743f67c40d90a18affe71211318
2023-03-29 08:33:19,False,4.4528,0.01406,37.8707,0.5325,0x2d...7822,https://bscscan.com/tx/0x1656f1eb00db76b808a310fb72d30545491fa9828d8524c2605a669720f26f56
2023-03-29 08:29:37,True,4.4627,0.01412,46.7824,0.661,0x09...18f7,https://bscscan.com/tx/0x4eb589a977a9bc6b1108d0d839519f8f0bb0a0b2ad738cb16bd1f21db14abf37
2023-03-29 08:29:34,True,4.449,0.01408,62.1802,0.8758,0x11...a5bc,https://bscscan.com/tx/0xa0083b11725dc136f8963b2d83bdb92aea5c61cfd469dcea02822b1507f1267c
2023-03-29 08:29:34,True,4.4331,0.01403,64.1228,0.9,0x0f...8280,https://bscscan.com/tx/0x662045f9d9318170ede1d93e66416a9b4295d1a1229a89055fe2bd179b0393cf
2023-03-29 08:29:34,False,4.4243,0.014,170.503,2.38834,0xeb...7af8,https://bscscan.com/tx/0x49c388358f0bdbc80b3728caa00c19a53fddcde8825fd92f4f5cbc7973d07d28
2023-03-29 09:03:25,False,4.3766,0.01381,33.1661,0.4582,0x2d...7822,https://bscscan.com/tx/0xdc457047817768dc1192e28a11fe1fbe7d964981247a0d36ffc7e4eb326952a2
2023-03-29 08:56:52,False,4.3809,0.01383,6.44885,0.0892,0x2d...7822,https://bscscan.com/tx/0x71b40120695c1be779bee1ed4993d06ef38f2f1b84b407cf3a8765270e9e436a
2023-03-29 08:56:52,False,4.3879,0.01385,50.6835,0.7021,0x00...78d2,https://bscscan.com/tx/0x1e8d755602fd2cf99616bf47d4dd38cad359b042bedc90c02ffc47b25bbb543e
2023-03-29 08:50:28,False,4.3997,0.01388,34.9309,0.485,0x2d...7822,https://bscscan.com/tx/0x1c0388b89dd796e4403e778e1ca0d585a7f701f26181310f27fbcf48f6d965e4
2023-03-29 08:47:34,False,4.3873,0.01391,40.2552,0.5602,0x2d...7822,https://bscscan.com/tx/0x92cddf80a4c9aafb5bbf5cf7ccca78490792f2d65fd952a93426cc2746deef4b
2023-03-29 08:38:10,True,4.4346,0.01399,13.4588,0.1883,0xbb...c106,https://bscscan.com/tx/0x97f21f5e927f02e3f8313f384d568166b0a2bb6a678ecb5642814e1445ce79ea
2023-03-29 08:37:46,False,4.3934,0.01393,40.2295,0.5607,0x2d...7822,https://bscscan.com/tx/0xd29ec458f47d425cca634c10a64c931afdea8d9120eb8b536c22efb21761fa76
2023-03-29 08:37:43,False,4.4032,0.01396,39.2839,0.5487,0x2d...7822,https://bscscan.com/tx/0x6b18106d08af0cc7903723d5096ae4d8b263a8471bc237652e9717ec25ce6fe1
2023-03-29 08:36:01,False,4.4352,0.01399,35.1911,0.4926,0x2d...7822,https://bscscan.com/tx/0x0a31412e1a8b9b322886da370419910cf33744f6787182d54ec55a3405cad975
2023-03-29 08:35:04,False,4.4221,0.01403,44.6391,0.6262,0x2d...7822,https://bscscan.com/tx/0x23a4223b8561f2737d7058bbb3d0351bda5af743f67c40d90a18affe71211318
2023-03-29 08:33:19,False,4.4528,0.01406,37.8707,0.5325,0x2d...7822,https://bscscan.com/tx/0x1656f1eb00db76b808a310fb72d30545491fa9828d8524c2605a669720f26f56
2023-03-29 08:29:37,True,4.4627,0.01412,46.7824,0.661,0x09...18f7,https://bscscan.com/tx/0x4eb589a977a9bc6b1108d0d839519f8f0bb0a0b2ad738cb16bd1f21db14abf37
2023-03-29 08:29:34,True,4.449,0.01408,62.1802,0.8758,0x11...a5bc,https://bscscan.com/tx/0xa0083b11725dc136f8963b2d83bdb92aea5c61cfd469dcea02822b1507f1267c
2023-03-29 08:29:34,True,4.4331,0.01403,64.1228,0.9,0x0f...8280,https://bscscan.com/tx/0x662045f9d9318170ede1d93e66416a9b4295d1a1229a89055fe2bd179b0393cf
2023-03-29 08:29:34,False,4.4243,0.014,170.503,2.38834,0xeb...7af8,https://bscscan.com/tx/0x49c388358f0bdbc80b3728caa00c19a53fddcde8825fd92f4f5cbc7973d07d28
2023-03-29 09:03:25,False,4.3766,0.01381,33.1661,0.4582,0x2d...7822,https://bscscan.com/tx/0xdc457047817768dc1192e28a11fe1fbe7d964981247a0d36ffc7e4eb326952a2
2023-03-29 08:56:52,False,4.3809,0.01383,6.44885,0.0892,0x2d...7822,https://bscscan.com/tx/0x71b40120695c1be779bee1ed4993d06ef38f2f1b84b407cf3a8765270e9e436a
2023-03-29 08:56:52,False,4.3879,0.01385,50.6835,0.7021,0x00...78d2,https://bscscan.com/tx/0x1e8d755602fd2cf99616bf47d4dd38cad359b042bedc90c02ffc47b25bbb543e
2023-03-29 08:50:28,False,4.3997,0.01388,34.9309,0.485,0x2d...7822,https://bscscan.com/tx/0x1c0388b89dd796e4403e778e1ca0d585a7f701f26181310f27fbcf48f6d965e4
2023-03-29 08:47:34,False,4.3873,0.01391,40.2552,0.5602,0x2d...7822,https://bscscan.com/tx/0x92cddf80a4c9aafb5bbf5cf7ccca78490792f2d65fd952a93426cc2746deef4b
2023-03-29 08:38:10,True,4.4346,0.01399,13.4588,0.1883,0xbb...c106,https://bscscan.com/tx/0x97f21f5e927f02e3f8313f384d568166b0a2bb6a678ecb5642814e1445ce79ea
2023-03-29 08:37:46,False,4.3934,0.01393,40.2295,0.5607,0x2d...7822,https://bscscan.com/tx/0xd29ec458f47d425cca634c10a64c931afdea8d9120eb8b536c22efb21761fa76
2023-03-29 08:37:43,False,4.4032,0.01396,39.2839,0.5487,0x2d...7822,https://bscscan.com/tx/0x6b18106d08af0cc7903723d5096ae4d8b263a8471bc237652e9717ec25ce6fe1
2023-03-29 08:36:01,False,4.4352,0.01399,35.1911,0.4926,0x2d...7822,https://bscscan.com/tx/0x0a31412e1a8b9b322886da370419910cf33744f6787182d54ec55a3405cad975
2023-03-29 08:35:04,False,4.4221,0.01403,44.6391,0.6262,0x2d...7822,https://bscscan.com/tx/0x23a4223b8561f2737d7058bbb3d0351bda5af743f67c40d90a18affe71211318
2023-03-29 08:33:19,False,4.4528,0.01406,37.8707,0.5325,0x2d...7822,https://bscscan.com/tx/0x1656f1eb00db76b808a310fb72d30545491fa9828d8524c2605a669720f26f56
2023-03-29 08:29:37,True,4.4627,0.01412,46.7824,0.661,0x09...18f7,https://bscscan.com/tx/0x4eb589a977a9bc6b1108d0d839519f8f0bb0a0b2ad738cb16bd1f21db14abf37
2023-03-29 08:29:34,True,4.449,0.01408,62.1802,0.8758,0x11...a5bc,https://bscscan.com/tx/0xa0083b11725dc136f8963b2d83bdb92aea5c61cfd469dcea02822b1507f1267c
2023-03-29 08:29:34,True,4.4331,0.01403,64.1228,0.9,0x0f...8280,https://bscscan.com/tx/0x662045f9d9318170ede1d93e66416a9b4295d1a1229a89055fe2bd179b0393cf
2023-03-29 08:29:34,False,4.4243,0.014,170.503,2.38834,0xeb...7af8,https://bscscan.com/tx/0x49c388358f0bdbc80b3728caa00c19a53fddcde8825fd92f4f5cbc7973d07d28
2023-03-29 09:03:25,False,4.3766,0.01381,33.1661,0.4582,0x2d...7822,https://bscscan.com/tx/0xdc457047817768dc1192e28a11fe1fbe7d964981247a0d36ffc7e4eb326952a2
2023-03-29 08:56:52,False,4.3809,0.01383,6.44885,0.0892,0x2d...7822,https://bscscan.com/tx/0x71b40120695c1be779bee1ed4993d06ef38f2f1b84b407cf3a8765270e9e436a
2023-03-29 08:56:52,False,4.3879,0.01385,50.6835,0.7021,0x00...78d2,https://bscscan.com/tx/0x1e8d755602fd2cf99616bf47d4dd38cad359b042bedc90c02ffc47b25bbb543e
2023-03-29 08:50:28,False,4.3997,0.01388,34.9309,0.485,0x2d...7822,https://bscscan.com/tx/0x1c0388b89dd796e4403e778e1ca0d585a7f701f26181310f27fbcf48f6d965e4
2023-03-29 08:47:34,False,4.3873,0.01391,40.2552,0.5602,0x2d...7822,https://bscscan.com/tx/0x92cddf80a4c9aafb5bbf5cf7ccca78490792f2d65fd952a93426cc2746deef4b
2023-03-29 08:38:10,True,4.4346,0.01399,13.4588,0.1883,0xbb...c106,https://bscscan.com/tx/0x97f21f5e927f02e3f8313f384d568166b0a2bb6a678ecb5642814e1445ce79ea
2023-03-29 08:37:46,False,4.3934,0.01393,40.2295,0.5607,0x2d...7822,https://bscscan.com/tx/0xd29ec458f47d425cca634c10a64c931afdea8d9120eb8b536c22efb21761fa76
2023-03-29 08:37:43,False,4.4032,0.01396,39.2839,0.5487,0x2d...7822,https://bscscan.com/tx/0x6b18106d08af0cc7903723d5096ae4d8b263a8471bc237652e9717ec25ce6fe1
2023-03-29 08:36:01,False,4.4352,0.01399,35.1911,0.4926,0x2d...7822,https://bscscan.com/tx/0x0a31412e1a8b9b322886da370419910cf33744f6787182d54ec55a3405cad975
2023-03-29 08:35:04,False,4.4221,0.01403,44.6391,0.6262,0x2d...7822,https://bscscan.com/tx/0x23a4223b8561f2737d7058bbb3d0351bda5af743f67c40d90a18affe71211318
2023-03-29 08:33:19,False,4.4528,0.01406,37.8707,0.5325,0x2d...7822,https://bscscan.com/tx/0x1656f1eb00db76b808a310fb72d30545491fa9828d8524c2605a669720f26f56
2023-03-29 08:29:37,True,4.4627,0.01412,46.7824,0.661,0x09...18f7,https://bscscan.com/tx/0x4eb589a977a9bc6b1108d0d839519f8f0bb0a0b2ad738cb16bd1f21db14abf37
2023-03-29 08:29:34,True,4.449,0.01408,62.1802,0.8758,0x11...a5bc,https://bscscan.com/tx/0xa0083b11725dc136f8963b2d83bdb92aea5c61cfd469dcea02822b1507f1267c
2023-03-29 08:29:34,True,4.4331,0.01403,64.1228,0.9,0x0f...8280,https://bscscan.com/tx/0x662045f9d9318170ede1d93e66416a9b4295d1a1229a89055fe2bd179b0393cf
2023-03-29 08:29:34,False,4.4243,0.014,170.503,2.38834,0xeb...7af8,https://bscscan.com/tx/0x49c388358f0bdbc80b3728caa00c19a53fddcde8825fd92f4f5cbc7973d07d28
2023-03-29 09:03:25,False,4.3766,0.01381,33.1661,0.4582,0x2d...7822,https://bscscan.com/tx/0xdc457047817768dc1192e28a11fe1fbe7d964981247a0d36ffc7e4eb326952a2
2023-03-29 08:56:52,False,4.3809,0.01383,6.44885,0.0892,0x2d...7822,https://bscscan.com/tx/0x71b40120695c1be779bee1ed4993d06ef38f2f1b84b407cf3a8765270e9e436a
2023-03-29 08:56:52,False,4.3879,0.01385,50.6835,0.7021,0x00...78d2,https://bscscan.com/tx/0x1e8d755602fd2cf99616bf47d4dd38cad359b042bedc90c02ffc47b25bbb543e
2023-03-29 08:50:28,False,4.3997,0.01388,34.9309,0.485,0x2d...7822,https://bscscan.com/tx/0x1c0388b89dd796e4403e778e1ca0d585a7f701f26181310f27fbcf48f6d965e4
2023-03-29 08:47:34,False,4.3873,0.01391,40.2552,0.5602,0x2d...7822,https://bscscan.com/tx/0x92cddf80a4c9aafb5bbf5cf7ccca78490792f2d65fd952a93426cc2746deef4b
