datetime,buy_order,price_USD,price_native,amount_token,total_native,maker,etherscan_url
2023-03-23 07:42:35,False,0.4331,0.0002474,206.8,0.0511,0xd0...9915,https://etherscan.io/tx/0x49f39c898a6e6f77592af69e4b738b169db188af405a52c8626914fed9c93b62
2023-03-23 07:41:47,True,0.4323,0.000247,11522.1,2.84597,0x46...3381,https://etherscan.io/tx/0xdc83cd94d36d8d76801fcc4cfe48f71206f335c4ae9af529553070269773cc35
2023-03-23 07:36:47,False,0.4272,0.0002438,1410.0,0.3438,0xe9...e78a,https://etherscan.io/tx/0x2e4337096b84578661d44f170ce7e02f28463c262f5c86f0315fa8f1cd583da0
2023-03-23 07:36:11,False,0.4289,0.0002448,4700.66,1.15096,0x21...6d15,https://etherscan.io/tx/0xcea6dbfe2e86b1b9203becdac4e2679ddc49472992592d4df92f799ec001f91a
2023-03-23 07:24:59,False,0.4304,0.0002456,184.708,0.0453,0x05...703e,https://etherscan.io/tx/0x13ccf51aecc9dfc593e3e7ea6da943f375f061d1ececb6fbdd5e46964f912dd2
2023-03-23 07:12:35,False,0.4304,0.0002461,2978.01,0.7331,0x18...8bd4,https://etherscan.io/tx/0xcd4aceb21296a112742b1c8c860650612bca665d8665cb9db9e4f200aa15ce41
2023-03-23 07:06:59,False,0.4331,0.0002474,4700.0,1.16315,0x92...8bc9,https://etherscan.io/tx/0x33c5a73e71d745755c782df1a9573c5222266c3d9d8564e55bff3fafb84745e1
2023-03-23 06:51:11,False,0.4334,0.0002483,396.349,0.0984,0x4e...3ebc,https://etherscan.io/tx/0xdb639794bda0805ae6d1963db72f48424e07945a0693a0af4ec03d958239c381
2023-03-23 06:48:47,True,0.4354,0.0002494,2404.89,0.6,0xd6...ef96,https://etherscan.io/tx/0x4eb525d561eb5f62e44ed337a3db095585fe53b3d4dbd15ccc6db5c808df1b7d
2023-03-23 06:42:59,True,0.4342,0.0002488,1406.51,0.35,0xe5...5842,https://etherscan.io/tx/0xeeb8e322bcbe17931ad8b253e066ada018972487f61af6ddb40e3290e561deef
2023-03-23 06:40:11,True,0.4321,0.0002477,4842.91,1.2,0x24...ca87,https://etherscan.io/tx/0x9f8966b206af8455c1e4d6369a35f526f2168cebbb3682b26bf85e3551dd429e
2023-03-23 06:39:23,True,0.4306,0.0002469,231.79,0.0572,0x82...4913,https://etherscan.io/tx/0x764070455188513a029d98b965b54328288056737e5daf2345d4bfe2a5d4c214
2023-03-23 06:37:35,True,0.4307,0.0002468,16.4386,0.004,0x38...06c9,https://etherscan.io/tx/0xbe61acbe85af8ead101a0a84c430193f6646cb1829d57c532c2244a2baa4d8e0
2023-03-23 06:36:35,False,0.4287,0.0002455,963.509,0.2366,0x21...e511,https://etherscan.io/tx/0xfbd499674da0e5571ee8a0814f3b248eabd05da2ebfad30e2415f9a3d0d301ed
2023-03-23 06:34:35,True,0.4313,0.000247,907.89,0.2243,0x21...563f,https://etherscan.io/tx/0x6b688c7461046bba6f08f73de6f3be2e92bd8b273c8ea06e4a0558e8d8ca61ed
2023-03-23 06:32:59,False,0.427,0.0002457,1874.54,0.4606,0xb2...2eba,https://etherscan.io/tx/0xad8a28b7be558d4389f6a3d0c2fe51e70f4634fb0c202778c13f9e2676b683f6
2023-03-23 06:29:35,True,0.4287,0.0002467,4457.36,1.1,0x55...fc79,https://etherscan.io/tx/0x9996c668b84f00e2e2a2f3a17409edc1a478113e8d2a8e4c0e787ad10fce3dba
2023-03-23 06:25:35,True,0.4265,0.0002456,2475.33,0.608,0x01...a535,https://etherscan.io/tx/0x554a64cb1b0d3964644d73bb4b2ccfe4144e734864bff556c689963c33389a61
2023-03-23 06:23:47,True,0.4254,0.0002452,18.5722,0.0045,0x81...6bc5,https://etherscan.io/tx/0xdfbbbd1532bdface17aeeb3518f8a8a59a41e6c43b3161a8565c41ce445c7f0a
2023-03-23 06:23:47,True,0.4254,0.0002452,25.5092,0.0062,0xc9...ec84,https://etherscan.io/tx/0x5b149fe4e7f7d778eef1dc1ff6f2007dc65088d4f0604ecd001864365cf4486e
2023-03-23 06:19:11,False,0.4238,0.0002444,4123.78,1.0079,0x21...6d15,https://etherscan.io/tx/0xcd663bf40540c545a4bc84ebf9b96d8116ee4772a87ab2c9d34f15e189a9a1f7
2023-03-23 06:14:11,False,0.4251,0.0002452,1033.06,0.2533,0x92...8bc9,https://etherscan.io/tx/0x3fdfec221507b1dfca285d3565385e06001b3a889721682298957257a5797b82
2023-03-23 06:03:59,True,0.4277,0.0002469,25.6712,0.0063,0x07...a134,https://etherscan.io/tx/0x798dc55aec81ac3cce0234d85fbeb583f50f0d4d74fe27e641a7f7e665bff773
2023-03-23 06:02:47,True,0.4232,0.0002444,14689.3,3.59097,0xec...4ae3,https://etherscan.io/tx/0x1015fc3759a95432a5e302a7b9efda39dc54dc406af765a79f39b540c1f3fdfc
2023-03-23 05:57:23,True,0.4171,0.0002407,8309.13,2.0,0xc9...e8b0,https://etherscan.io/tx/0x271c415ec2e8d33a8a9cf15eef1683245b4d3a716aa3856d3efd0acf0808ceec
2023-03-23 05:56:23,True,0.4127,0.0002379,9015.43,2.14498,0x87...bc60,https://etherscan.io/tx/0x5efbd322ea85418b3ad8ffcbe020f2e0f5af1fa06c047aaab8baf7bf6229c4b8
2023-03-23 05:55:59,False,0.4105,0.0002365,9400.0,2.22366,0x3b...9e95,https://etherscan.io/tx/0xcc1535d1f2ae4f69f7a9f641521075349f2c8f0c22a4027a5a02f883d167861e
2023-03-23 05:55:23,True,0.4145,0.0002387,4819.79,1.15051,0xfc...60cd,https://etherscan.io/tx/0x500c5db4e2078fb067fb51b6df329db737fba56d2390fa26301a7e27f9692221
2023-03-23 05:54:59,True,0.4107,0.0002364,9729.92,2.30015,0xec...4ae3,https://etherscan.io/tx/0x17cd5920a3337cb5bcb178c08181d24226bf3bb7262bd22c0a2c05381466eb2b
2023-03-23 05:54:35,True,0.4052,0.0002332,10262.2,2.39404,0xd1...4001,https://etherscan.io/tx/0xd7f7105661e7f011dd4d9818ea16169eb25d1ba98fa2e9eb584b1aafb7a61dac
2023-03-23 05:54:23,False,0.4133,0.0002379,48881.3,11.6325,0x3b...9e95,https://etherscan.io/tx/0xc926e5ee7be98614b3a90a40f716b292b2ffbdfa76985f6c197f67ade98dd7c5
2023-03-23 05:53:23,True,0.4295,0.0002472,334.478,0.0827,0x86...8d66,https://etherscan.io/tx/0xd7d1833264ecd41f6ed1aeab84d6a739889f4d568c5d70791f0d2a9db9163062
2023-03-23 05:46:59,True,0.4268,0.0002456,9359.97,2.29936,0xec...4ae3,https://etherscan.io/tx/0x813b7db8c8a29c8eaa430687aa3f5b5d333730e884cd13044bc8ba6eeeab0e34
2023-03-23 05:46:23,False,0.4217,0.0002428,1522.8,0.3698,0x6d...899c,https://etherscan.io/tx/0x5d809f2c534ba472c14ebe52e54f994be65c352b8f40d1c39376948cc0781349
2023-03-23 05:41:23,False,0.423,0.0002433,1397.01,0.34,0x95...e4d4,https://etherscan.io/tx/0x4efe65202ac6cb3df20ddd4258e549ca02421cec9c75e841946ad02ebcf64f58
2023-03-23 05:32:35,False,0.4235,0.0002437,661.742,0.1612,0xeb...ed0c,https://etherscan.io/tx/0xf832c369a60946314db9dedd6e64720e650b6ea69f0533e37cb1f680a5f81280
2023-03-23 05:32:35,True,0.4254,0.0002447,3054.23,0.7476,0x3b...667c,https://etherscan.io/tx/0x999e0746e7920546375daeb6462504cac70db21b9a1a8b5b3e46bb52fcc33e84
2023-03-23 05:31:47,True,0.4245,0.0002442,28.2805,0.0069,0x85...fdc3,https://etherscan.io/tx/0x24a15df99c60c93c47f74f494b9746d0d05fb7829f0314ca50f4379417bef0e7
2023-03-23 05:31:47,True,0.4245,0.0002442,32.3785,0.0079,0x05...5212,https://etherscan.io/tx/0xbcd4d10174703bed4cfbddc2aa07887031e501b570e2a1552f8f5352629d3ca3
2023-03-23 05:29:59,False,0.4229,0.0002433,3584.77,0.8724,0xff...219d,https://etherscan.io/tx/0x7e9cc392005124601b9be246127e2b1004bc141c711930eeeaec1e7d0223d5e3
2023-03-23 05:21:35,True,0.4265,0.0002454,24.4121,0.0059,0xa2...61e4,https://etherscan.io/tx/0x2106271127ec35b3c5c4f3afab543cd48a3619fad322453088e33dc920016196
2023-03-23 05:20:23,True,0.4263,0.0002454,236.353,0.058,0x0e...0dbe,https://etherscan.io/tx/0x5675cc6b3bc122d340187c924a3f128f7b7bab14b816fd7a113af79b5b086588
2023-03-23 05:14:47,False,0.4243,0.0002442,2444.0,0.597,0xa4...7b21,https://etherscan.io/tx/0x2cbab675ffd461dff648236b6370c965ef15bec6614b65b6c550979f11dddbbd
2023-03-23 05:14:11,True,0.4275,0.0002461,22.6682,0.0055,0xf2...4a13,https://etherscan.io/tx/0xe86f09b52bcb480583e45bd36cf02495468675e41411cffc3e9680e680f12e7e
2023-03-23 05:12:11,True,0.4275,0.0002461,5.91157,0.0014,0x20...3557,https://etherscan.io/tx/0x5d09494783d82d236abedfff782ac798e4e9eb7a1f4c538bd2845ba457494883
2023-03-23 05:11:59,True,0.4275,0.0002461,26.007,0.0064,0x57...786a,https://etherscan.io/tx/0xc0aeb0af3be2522b4f83caad562836257939b2123beaeb8a80f855e0ed452dcc
2023-03-23 05:11:59,True,0.4275,0.0002461,29.5914,0.0072,0x00...f243,https://etherscan.io/tx/0x26182d8b77f671ec03baac95feccc2bfaee392d7270fb8040aef02743edb7aae
2023-03-23 05:11:59,True,0.4275,0.0002461,34.6673,0.0085,0x00...f243,https://etherscan.io/tx/0x26182d8b77f671ec03baac95feccc2bfaee392d7270fb8040aef02743edb7aae
2023-03-23 05:11:59,True,0.4275,0.0002461,41.184,0.0101,0x00...f243,https://etherscan.io/tx/0x26182d8b77f671ec03baac95feccc2bfaee392d7270fb8040aef02743edb7aae
2023-03-23 05:11:59,True,0.4274,0.0002461,49.7465,0.0122,0x00...f243,https://etherscan.io/tx/0x26182d8b77f671ec03baac95feccc2bfaee392d7270fb8040aef02743edb7aae
2023-03-23 05:11:23,True,0.4274,0.000246,24.1361,0.0059,0x98...e84b,https://etherscan.io/tx/0xb2f743248d76c281816331bcc41e73340f45d062a1448c7b839fd38abcdc7f23
2023-03-23 05:03:23,False,0.4253,0.0002449,1842.39,0.4512,0x8a...4bb4,https://etherscan.io/tx/0x5b3d5de3fc3f6f1f0be9df2a196d1b3ec4bdbc3243c9ea371643d567b1381458
2023-03-23 05:03:11,True,0.4284,0.0002467,7.51484,0.0018,0x2c...984c,https://etherscan.io/tx/0xa29792f72f03c1da6c0697a188bb948e300c29d7681ae2b2158ccedab296fce4
2023-03-23 05:02:47,True,0.4284,0.0002467,18.6826,0.0046,0x3d...62ed,https://etherscan.io/tx/0x841c29b334ad707b3dee176a3f3247719dcf66e532af4c4ba0f4e01fc96ea659
2023-03-23 05:01:59,False,0.4265,0.0002456,2316.45,0.5689,0x2b...cad7,https://etherscan.io/tx/0xde647d400d7178427afc5a2e089af7e666d3570502dbdb7a2bc3d6bf215001a1
2023-03-23 05:00:35,False,0.4274,0.000246,587.5,0.1445,0x7e...547c,https://etherscan.io/tx/0x4db4045b0ddf93cb97c0169131b1c986240be7932d12cbf7ac1b37c3af87e39b
2023-03-23 04:46:47,True,0.4303,0.0002474,1083.42,0.2681,0x97...86b2,https://etherscan.io/tx/0xfa4964283ddc11168c199a7851bd2cb1d5f9f593d6f17839d08c05ded319f2de
2023-03-23 04:46:47,False,0.4288,0.0002466,4700.71,1.15925,0x86...3c0e,https://etherscan.io/tx/0x67e94a4a23b2b8569b6b09d40d2752a02287583dd970131d2cf38d1254f89e11
2023-03-23 04:41:47,False,0.4309,0.0002478,2761.93,0.6845,0x95...fba9,https://etherscan.io/tx/0xfcd83f167b7b76cf03e932e069fa2769aaf01c27c9d0ee98cfa65472eec476b2
2023-03-23 04:41:23,True,0.4343,0.0002498,160.127,0.04,0x02...7bcd,https://etherscan.io/tx/0xf9b9e0ef1aa8f608f57ffd1a77107915f8272d12c57ee741c36bf057af42332b
2023-03-23 04:38:59,False,0.4318,0.0002483,235.281,0.0584,0x0e...7b2b,https://etherscan.io/tx/0xb01aa82d6de00874f498982a5a3fec8dec6f28d561f0c2442a0475743d40f55c
2023-03-23 04:37:59,False,0.4327,0.0002488,3009.03,0.7488,0x18...8bd4,https://etherscan.io/tx/0xba67f025d6f78ce536164b02e6ee679fc55c131b91e012bf683bcc7870e2dbba
2023-03-23 04:29:47,True,0.4357,0.0002508,458.525,0.115,0x13...c722,https://etherscan.io/tx/0xe108104e03ee21cc15e70815b8a55ade938d44596d0ba3272480b9a22f03f0d6
2023-03-23 04:27:35,False,0.4333,0.0002492,376.0,0.0937,0x58...6b07,https://etherscan.io/tx/0x36e5ccebe3e996605df5e08d0715aeaff848bc0413f29140c0c9b8dc3d7d1f88
2023-03-23 04:10:59,True,0.4365,0.0002508,171.665,0.043,0xab...fe1d,https://etherscan.io/tx/0x1a52e875a86c8fb386e4bd57fe9fe9801914a452f0872753a89d2a3b271f1db6
2023-03-23 04:10:47,True,0.4361,0.0002506,1142.96,0.2864,0xa1...b28b,https://etherscan.io/tx/0xaea6a8325fe031d7756ab88f0a5117d65b2f3b721b95bd40f3074e9f8c9e93ce
2023-03-23 04:05:23,True,0.4353,0.0002503,119.457,0.0299,0x08...a577,https://etherscan.io/tx/0x0380a9a100882ccfd37bfbbfd6e44433489351060b828d6f7cc02afd06e53869
2023-03-23 04:04:23,True,0.4352,0.0002503,287.64,0.072,0x16...98a5,https://etherscan.io/tx/0x94dc220ffb5902527f82d95b5802ee8f4d267d89232f6d6309c3e3696cb0f268
2023-03-23 04:02:47,False,0.4328,0.0002489,940.0,0.2339,0x5d...5601,https://etherscan.io/tx/0x73aee6195e12370224b1571a52734adf88fc105b3a262a507f6775f88c96b890
2023-03-23 04:00:23,False,0.4332,0.0002491,377.889,0.0941,0x21...e511,https://etherscan.io/tx/0xd1402bddb7de48e464e84925f49edaa79daa57189392c05e11d100f5d313bdc2
2023-03-23 04:00:23,True,0.4352,0.0002503,2242.52,0.5613,0x97...86b2,https://etherscan.io/tx/0xe208f59cf13c9483b45c119a3bd148665efea4b5e9a54ca5e070335a796c72c4
2023-03-23 03:56:35,True,0.434,0.0002498,800.613,0.2,0x79...7aab,https://etherscan.io/tx/0x0b832061f04ed335c11a3f8b09d22297b031cf62198ad6c7e98d6c5b9eb3edde
2023-03-23 03:55:11,True,0.4303,0.0002476,12115.5,3.0,0x42...5e7a,https://etherscan.io/tx/0x7aff7ad16522b3c1ab1f653e4dcc329a2748c446553f215e8cce97eb0cc35f5b
2023-03-23 03:53:59,True,0.4261,0.0002452,2038.77,0.5,0xb2...dbfe,https://etherscan.io/tx/0x97e5e9439d5e21b44755d4b9c4a757edbd90205c38f9d69b19c5a7bbc2a6c2fe
2023-03-23 03:53:47,True,0.4253,0.0002447,706.727,0.173,0x78...ebd7,https://etherscan.io/tx/0xdfd0b0eb52dbb8cbb85eaac9cccc1a8623e3a2e26c6ee96117db0ed5c5baccab
2023-03-23 03:53:23,True,0.4248,0.0002445,974.092,0.2381,0x62...a14a,https://etherscan.io/tx/0x3e6492b8136178385479559f41e5529b769c900f65394f4eee0ce5e2f6bfd134
2023-03-23 03:49:47,True,0.4244,0.0002443,200.0,0.0488,0x5f...b464,https://etherscan.io/tx/0xe5f0a98ede9fca8d9460fdecf7f06d71329940f43a77788732718b8dfcdb3860
2023-03-23 03:48:59,False,0.4224,0.0002431,1880.0,0.457,0x03...5dae,https://etherscan.io/tx/0x3542dcd0e45aedd5d1a9a41bcb4246bb1c0711b7f5d627f8a732c9eb2d8dd08d
2023-03-23 03:48:59,True,0.4249,0.0002445,2151.0,0.526,0x7c...5dab,https://etherscan.io/tx/0x31d7765d33ad0e56a94997e1ce66569bcdac7328995aead5532812a53ea38c9e
2023-03-23 03:45:59,False,0.423,0.0002435,4700.0,1.14447,0x12...ac1c,https://etherscan.io/tx/0xa7a59be6d917708c12016a552f69357639161e3a39b0583774037af3257b7780
2023-03-23 03:42:23,False,0.4243,0.0002443,191.76,0.0468,0x01...3d64,https://etherscan.io/tx/0xbadf70ed3f8295e333c352e4c30ce034ab3de1837a33d7fb3ef328376321726b
2023-03-23 03:41:23,False,0.4262,0.0002453,6139.27,1.50633,0x5e...4974,https://etherscan.io/tx/0x626cd49434df0d26221ea1be1c4490c32a941ae7846d0b64986ad101683c4921
2023-03-23 03:40:47,False,0.4284,0.0002466,1752.16,0.4322,0x5d...5601,https://etherscan.io/tx/0x48c85d55af0d4579c3ac20e3a7a0ca5b498621636587019d6f1944ce8fde1231
2023-03-23 03:30:47,False,0.4286,0.000247,673.603,0.1664,0x69...9a65,https://etherscan.io/tx/0x0bfcb5989e2e45291e0050ed6d365ec0a88d71d29734be7b613836b33ffd2f33
2023-03-23 03:30:47,False,0.4321,0.000249,11075.1,2.75854,0x69...9a65,https://etherscan.io/tx/0x0bfcb5989e2e45291e0050ed6d365ec0a88d71d29734be7b613836b33ffd2f33
2023-03-23 03:29:47,False,0.4469,0.0002576,37601.5,9.68678,0x92...5f5b,https://etherscan.io/tx/0x44daa4acf96a09ee63546b9e360c8577744f522310422fec997424acd74a6bf8
2023-03-23 03:26:59,True,0.4614,0.0002659,218.064,0.058,0x03...b827,https://etherscan.io/tx/0xcfda4d4ba88f973a8c52f2d1d1021aa9274501508d78d720d4093fb766a38627
2023-03-23 03:23:23,False,0.4586,0.0002644,463.081,0.1224,0x69...9a65,https://etherscan.io/tx/0x66e3f7a1072e6ab7959818de59e4e444384cbe086c38cfefec5d744006fd1cd3
2023-03-23 03:23:11,True,0.4614,0.000266,323.419,0.086,0xb8...464c,https://etherscan.io/tx/0x3a8f832b42af1693d398376bee989c45541a7d674465dbd148f0178c7ddcbca0
2023-03-23 03:20:59,False,0.4597,0.0002651,3760.63,0.9969,0x16...04a9,https://etherscan.io/tx/0x2499c144176d6c88b127037c2a062acebe18e4df3b46547a2bd1aa823420a889
2023-03-23 03:20:11,False,0.4612,0.0002659,658.0,0.1749,0x58...6b07,https://etherscan.io/tx/0x8274ad10c3faecda0a8e01e2b4ea7eac484323d68732f0822e05e88412760c25
2023-03-23 03:08:35,False,0.4606,0.0002661,345.675,0.0919,0x27...239c,https://etherscan.io/tx/0xb549e266905d58babecb9330e7b5318d399588e5306d7961f03ed46beb006c1c
2023-03-23 03:05:11,True,0.4486,0.0002593,46099.0,11.9536,0x92...8bc9,https://etherscan.io/tx/0x83d058e314670d95cc6792b8311fc1d0a52f2f91156783644f38ff079e899c48
2023-03-23 02:48:47,False,0.4329,0.0002496,150.4,0.0375,0xd0...e48e,https://etherscan.io/tx/0x25439b8999d2999b4730af02537c0d5fefcbe6d9563ee90fbd50425d165ba0e8
2023-03-23 02:36:23,False,0.4333,0.0002497,660.152,0.1648,0xda...f1e8,https://etherscan.io/tx/0x7afcff97d87dcea9771846839eb8c3a4b34d5b03ea3f460c3257f70b8a5216cf
2023-03-23 02:35:11,True,0.4361,0.0002513,113.302,0.0284,0x58...1b23,https://etherscan.io/tx/0x091bf35de7bd53e806c1ce8e0f92997919e0dcaf53b4670978cffa08f51ee463
2023-03-23 02:34:35,True,0.4348,0.0002506,3989.36,1.0,0xc9...e8b0,https://etherscan.io/tx/0x86cbac48fe6503a860b4710e31d8cecfef821938a8e119bea0a1480e28e7c9f4
2023-03-23 02:26:23,True,0.4331,0.0002498,1000.75,0.25,0xb4...7cbf,https://etherscan.io/tx/0x5f8bfc35ee804209a2f327b524b5620547499d9f54b0ff01a003c12fbefd12b7
2023-03-23 02:25:23,True,0.4323,0.0002493,1879.34,0.4685,0x4d...d65f,https://etherscan.io/tx/0xa3fb8537c4141f66827e410a26392b0d97da7ddbce574bae312cd06378557e00
2023-03-23 02:19:59,False,0.4299,0.000248,2896.23,0.7182,0x80...9c97,https://etherscan.io/tx/0x61be12a6b34ab0fd8a169baa024b75376e25f02bae1c48b4c9fd7dda8e891040
2023-03-23 02:18:59,False,0.4304,0.0002485,58.6965,0.0145,0x38...a494,https://etherscan.io/tx/0xf491bb158be8b92e497a9e130da6f297cf23a62e9b58671795c7f656657c652f
2023-03-23 02:15:47,False,0.4309,0.0002485,282.0,0.07,0x33...8bcf,https://etherscan.io/tx/0x741bc6e4dfdb0c274ff27be6a840cb401716f2869bd156b32bbefd70475f8c77
2023-03-23 02:12:23,False,0.4338,0.0002502,9400.0,2.35199,0x92...5f5b,https://etherscan.io/tx/0xd07e7715596d8b73638524fd25ef072f8892396f32487e2b02815e8cb11ac4ec
2023-03-23 02:06:47,False,0.4394,0.000253,7238.0,1.83183,0x92...5f5b,https://etherscan.io/tx/0x91903282a65520d4e362404a69a2b02edff355f32e4dc0de23be08840fb42798
2023-03-23 02:02:59,False,0.442,0.0002545,940.0,0.2392,0xb5...513b,https://etherscan.io/tx/0x540386dad5a2ee92fd36721672db2ab93d9d2facb3860b03349952887ab6c975
2023-03-23 01:52:23,False,0.4484,0.000258,18800.0,4.85105,0x92...5f5b,https://etherscan.io/tx/0x46c7e0143a70df8635057040ac9c74d471fd43bdf0e5b9dd95ea6268c63c2d98
2023-03-23 01:48:11,True,0.4568,0.0002627,1545.0,0.4058,0x5a...d476,https://etherscan.io/tx/0xcd7fbe7363baeb100f94fa0648a4cb7d89fceb17f283538588035eb2bcf3bfcf
2023-03-23 01:45:35,True,0.4569,0.0002624,10.0,0.0026,0xb0...aaee,https://etherscan.io/tx/0x0aebe3d7169b168ad5bd039f0719ceebce677c082640d3e790656adeb971c4e9
2023-03-23 01:44:47,False,0.4552,0.0002613,2820.0,0.737,0x7c...b172,https://etherscan.io/tx/0x919602a75e121e6f41f9b65ec900207caa24052c9e92b72e6ed135d6b2a0c35a
2023-03-23 01:41:47,False,0.4586,0.000263,6183.46,1.62642,0x80...6761,https://etherscan.io/tx/0x381bcf79416b83c15b8624e43a835b374c66c907f4d977fa15dc6fe56a6843ca
2023-03-23 01:40:35,True,0.4624,0.0002653,2152.26,0.5711,0x91...9855,https://etherscan.io/tx/0x287d955073630019c45f02c2190416392cec066147cfc137e6d2d7b61fe079e2
2023-03-23 01:39:23,False,0.4593,0.0002637,1929.57,0.5088,0xf1...b342,https://etherscan.io/tx/0xd5597e80b0f75d0cde267d9e137e01a8c164228dbf8add3b49db12a395a8c8e7
2023-03-23 01:30:59,False,0.4606,0.0002644,1880.0,0.4971,0x90...584c,https://etherscan.io/tx/0x747ec3c2a3cec6ee0cf190ced0e940fa470b80c78545d477a237267751b75de3
2023-03-23 01:30:59,False,0.4618,0.0002651,1880.0,0.4984,0x90...584c,https://etherscan.io/tx/0x37b0b142ca41e60a21680ffa72c7c10c80706fc008ccf9beaed32aab9f055f42
2023-03-23 01:26:59,False,0.4636,0.000266,2928.29,0.779,0x87...f0d9,https://etherscan.io/tx/0x7d6c1426e21b61625c28e7ff98642404778dcc6a40e595dd9ee5147b33a5ca09
2023-03-23 01:25:11,False,0.4653,0.0002671,3011.85,0.8046,0x80...9c97,https://etherscan.io/tx/0x72e031481eca2b0e398b290b05ef344470f02a88b8eb83d607d61528bc72c635
2023-03-23 01:24:11,True,0.4633,0.000266,17473.3,4.64846,0x0b...c9b2,https://etherscan.io/tx/0xe6668088ebca6f0d214b1612a3e220a743440a859221450964d80157aa18a1e6
2023-03-23 01:20:23,False,0.4546,0.0002612,402.486,0.1051,0x03...569a,https://etherscan.io/tx/0x442e1ae400b744835e758d5fc7cca592b46d7a1897fdc62f50820c89c1370a02
2023-03-23 01:20:23,True,0.4562,0.0002622,3813.58,1.0,0xff...219d,https://etherscan.io/tx/0xcd647b5cf614329d53c8a6eac516a39f0433151eb385c4219395db13cf568ccd
2023-03-23 01:17:35,True,0.4533,0.000261,2624.7,0.6851,0x0e...426c,https://etherscan.io/tx/0x6344dbf1ffd8ddfb474b859b4cfb486897de71712752eb9b797e885a9590c998
2023-03-23 01:14:59,True,0.4493,0.0002591,7717.14,2.0,0x5b...5091,https://etherscan.io/tx/0xc480ba6e64d6a971bd0117ad251efd49c65089842372fb5eb6206db5352dff93
2023-03-23 01:13:11,False,0.4438,0.0002562,188.307,0.0482,0x55...d589,https://etherscan.io/tx/0xd49625605f86bb3e6bd260eb989383085e2ef3ed0a2020c4d0a022cb55909986
2023-03-23 01:12:11,False,0.4439,0.0002563,256.62,0.0657,0xed...9b54,https://etherscan.io/tx/0x6abdd87468e2ddc5818eab6e32fc39d90fa4a39d96085e9bda22162a50b0cb68
2023-03-23 01:09:47,False,0.4452,0.0002569,3197.03,0.8215,0x80...9c97,https://etherscan.io/tx/0x727ca799fe51e3fa92f207ac18f652ac58c37430ba8810fa27b980b925799490
2023-03-23 01:09:35,False,0.4468,0.0002578,1880.0,0.4847,0x86...3c0e,https://etherscan.io/tx/0x1ce8ac108a5cea79e6cce07abaac21c0837203414721fa31ed473422e811b909
2023-03-23 01:08:59,False,0.4475,0.0002582,282.0,0.0728,0x55...d589,https://etherscan.io/tx/0x971e1100a98496ab0d39b049421c07e1b4f202969d7521a5742256db085ece7e
2023-03-23 01:04:35,True,0.4496,0.0002594,2138.95,0.555,0xda...a620,https://etherscan.io/tx/0x9f35522e611419cf7fedc9f50451664fc8048b48871a44f072c240157f27f824
2023-03-23 00:58:23,True,0.4487,0.0002588,1144.28,0.2962,0xa4...a20b,https://etherscan.io/tx/0x28d08210ac51a1e68b4b6ed933576194405face0d917d7ab38e0d9849e78e475
2023-03-23 00:57:23,False,0.4469,0.0002578,4136.0,1.06654,0x74...cd61,https://etherscan.io/tx/0x6fef48e304bb20ae32d990164b267afc71ab517da6e3ade98a654a9a09502247
2023-03-23 00:56:35,False,0.4504,0.0002598,6580.0,1.70948,0x6c...ac7f,https://etherscan.io/tx/0xff42f8bbe6db6c974032c1f86d1c9f49f918516aaccfd925b7d9165009ef5313
2023-03-23 00:53:59,True,0.4551,0.0002625,106.648,0.028,0xce...ce15,https://etherscan.io/tx/0xdc839dd5856179f84e7fa0861e173e2381feba28b099920a7bd9beb7d8d989ea
2023-03-23 00:50:47,True,0.4547,0.0002623,1105.5,0.29,0x7a...9a7f,https://etherscan.io/tx/0x9e90f1ce4dcd8a5404f3f1195297df5e5497613a5462fd89de4ccdce54735df3
2023-03-23 00:45:11,True,0.4545,0.000262,250.052,0.0655,0x3e...50b1,https://etherscan.io/tx/0xce6bf1b463f178e9011bb2c0d002bf571cfb65e5eac1302527ee97298e3a7fb0
2023-03-23 00:40:47,False,0.4472,0.0002579,2820.0,0.7274,0x86...3c0e,https://etherscan.io/tx/0xda68f8fa9ec23f5c30f7a704aecd17199f20cc430d256c96185c496c2b02fa2f
2023-03-23 00:40:35,False,0.4495,0.0002593,4700.0,1.2188,0xbb...f481,https://etherscan.io/tx/0x3b4ec0e89a2912db02619ac36cb970b32a4a6b5bf99d040cc8c40f8bd144f520
2023-03-23 00:34:47,True,0.4526,0.0002612,2679.47,0.7,0xb4...7cbf,https://etherscan.io/tx/0x0776e10b743bb5e4d504edbc64b15d3d8846f0719e172ebb81cddb653e3355f0
2023-03-23 00:30:11,True,0.4517,0.0002607,325.793,0.0849,0x90...80fa,https://etherscan.io/tx/0xa0cff98bb096d4e043618bab462a0feaf3a587fd23df2c7bac834c067dd38ad6
2023-03-23 00:25:59,True,0.4477,0.0002586,11160.3,2.88625,0x06...b2c4,https://etherscan.io/tx/0x81bd9d360d574ae948c127468e19361641c2da9d0e661f637631495f527679b3
2023-03-23 00:24:23,True,0.4433,0.0002562,2374.51,0.6083,0x5c...2554,https://etherscan.io/tx/0x496aa25892c36c2d381856c421ee8d6046c2eb6e308efad02050d6a940590497
2023-03-23 00:21:23,True,0.442,0.0002552,2938.23,0.75,0x95...fba9,https://etherscan.io/tx/0x0dfd093bddd3a2d855192f60d552d78152d2d1347b78c1c24735a568a9e26c97
2023-03-23 00:20:11,False,0.4385,0.0002532,346.288,0.0877,0xbf...b63c,https://etherscan.io/tx/0x13b44fed6fb74d2be04cceb3d3ee6dcba1b1cbb8214651c0635adb6f472a866f
2023-03-23 00:19:35,False,0.439,0.0002535,1316.0,0.3336,0xed...9b54,https://etherscan.io/tx/0x5aa9e302c3bb956ba1c1f74cefb50833221b7cbfc5a0c96188f9718967370b58
2023-03-23 00:19:23,True,0.4374,0.0002526,15169.1,3.83274,0x08...d26f,https://etherscan.io/tx/0xd0d94a0a82763bae6da0fc2fb0989420053d655bc61f2f35716f57406a8bcd99
2023-03-23 00:11:35,False,0.4302,0.0002486,573.4,0.1425,0x9e...e4f7,https://etherscan.io/tx/0xe3ed71f737c9cae49bd1c5b2f1fbe60ac66ec9a4688186551cc035974061166a
2023-03-23 00:09:35,False,0.4301,0.0002487,188.0,0.0467,0xd0...e48e,https://etherscan.io/tx/0xdaed37f4d6abced3bfde431b59215ead58c73bf6da097c3c1b4b074a1fcd4173
2023-03-23 00:09:23,True,0.4283,0.0002477,14933.2,3.7,0x25...ab52,https://etherscan.io/tx/0xed99c390f0c10574370c06b2e365cc73ebc623805ff05b06812cf52ec61e3ad4
2023-03-23 00:06:47,True,0.4238,0.0002451,825.499,0.2023,0xea...cfd9,https://etherscan.io/tx/0xbda30ecf75563bf1a1685ddaef595fff3e6e7d9630c51ffa9d2fd87a2a30c82b
2023-03-23 00:06:23,True,0.4233,0.0002448,716.599,0.1754,0xa4...ffa0,https://etherscan.io/tx/0x2197a2f1811a6424f01c596348bfae5d335c6e78306fb6f389da226e281ba910
2023-03-22 23:55:59,False,0.4205,0.0002437,2717.63,0.6623,0xc1...ba31,https://etherscan.io/tx/0xa3822c55b823b90ff31ecc12c879e080ff14dff2fde4637889ef97f96a00c090
2023-03-22 23:55:47,False,0.4213,0.0002442,384.46,0.0939,0xde...da75,https://etherscan.io/tx/0x8526d3efa5344c54990ae16a324c4085e86c41d3012ccf21298fd8551e6bd9fe
2023-03-22 23:42:35,False,0.4207,0.0002447,2443.02,0.5978,0xeb...aa21,https://etherscan.io/tx/0xc67f12febd808925f41db023dad01210b8cb1f9dc19396fe310c8df9d0be6d4a
2023-03-22 23:42:35,False,0.422,0.0002454,2068.18,0.5076,0xb1...f036,https://etherscan.io/tx/0x363c4f06069adae455b79ede455122f164eb8216cf650ed14eb6b9e7177c894c
2023-03-22 23:40:47,False,0.4238,0.0002466,4700.0,1.159,0x06...b2c4,https://etherscan.io/tx/0x3febf9aac501633a10bda4840c6b5812e9fa7713f73d67996499460f7a8e0c49
2023-03-22 23:38:35,True,0.4279,0.0002488,116.39,0.0289,0xf5...046d,https://etherscan.io/tx/0x2badc61e90eec2f09ee2c1771c0e79aa575c9aff88df2ee91631bab25328585e
2023-03-22 23:30:11,False,0.4263,0.0002475,1274.51,0.3155,0x43...3d18,https://etherscan.io/tx/0x445f17be62cbbcf31bfae2f12e71c3a23683c64e0c0a8325819e2a2d6dd7da0e
2023-03-22 23:22:11,True,0.4287,0.000249,1394.22,0.3472,0x56...6ad2,https://etherscan.io/tx/0xacc8e0b967c4a391ea598420d21e3136175b3d58b35078b045e1c7ebcba194c4
2023-03-22 23:14:47,False,0.4258,0.0002476,1880.0,0.4655,0xe4...e4d6,https://etherscan.io/tx/0xa2b32a2b3af71833a87b803b393248645f94c9fb0232f131301744ee16c3b568
2023-03-22 23:14:11,True,0.4286,0.0002493,758.119,0.189,0x75...103c,https://etherscan.io/tx/0x32eab26baff5293257a50ebfd6cd22700c0b5fbeb01e6c9c1cfdbf203c8c5c41
2023-03-22 23:11:59,False,0.4271,0.0002479,1414.74,0.3507,0x46...bca9,https://etherscan.io/tx/0x36a7b8dcdb4293afe443b53b6c30bfa3433713a74de3d3a4b2ecb506b264f23e
2023-03-22 23:09:35,True,0.4302,0.0002496,300.078,0.0749,0xa6...b723,https://etherscan.io/tx/0x41dd23edf6a8fd415df71188b1500f6a1fc97598118aa97a637d4629d8e6e75e
2023-03-22 23:08:47,False,0.4283,0.0002484,2350.0,0.5838,0xe2...79fc,https://etherscan.io/tx/0x3b774a87e72b7c96bb338f64ec4f97440a9a38fc23844921eb1686bbd70f8465
2023-03-22 23:04:11,False,0.43,0.0002498,5589.19,1.39622,0xbf...50ba,https://etherscan.io/tx/0x5337c61f35df61cc5d4f043f01e2ffb10a20ef644ffc5410707cf2a814a466f3
2023-03-22 23:03:23,True,0.432,0.000251,6936.59,1.74161,0x3c...54d9,https://etherscan.io/tx/0xd784de51807d65e7579f48941375f0da36392a7f848e0ef95b1c48d0ab614ab8
2023-03-22 22:58:23,True,0.4293,0.0002495,1897.63,0.4735,0xf3...788d,https://etherscan.io/tx/0x476ad34efaf53d22e7b42f3f27201a8c89b493700d526c0b9da1c8bc610770af
2023-03-22 22:56:47,True,0.4283,0.0002489,1606.66,0.4,0x7f...5875,https://etherscan.io/tx/0x272f651abe4dd993baad83a179ee9a53110dcfc69b7572322d6583c1922a5253
2023-03-22 22:55:59,True,0.4262,0.0002477,5634.21,1.3958,0x5a...320a,https://etherscan.io/tx/0xd37b2daec4441a50269ecdf10f10f028791682988d40a8a822a981afdb921867
2023-03-22 22:55:11,False,0.4219,0.0002453,463.982,0.1138,0x67...546f,https://etherscan.io/tx/0x825b5f8d12f6d1f34cdab449bbdd02ef3d8f4cb501d8cb37aa14b11c0f05b09a
2023-03-22 22:54:59,True,0.4243,0.0002467,1140.86,0.2815,0xd1...4001,https://etherscan.io/tx/0x1634619527cebf672e193afaefdd9e806dc2947456598313f9507c59a9b77ef6
2023-03-22 22:51:11,True,0.4245,0.0002464,689.808,0.17,0x80...00fa,https://etherscan.io/tx/0xc9e285550bf2e6e23f255ab85526abd947734917d06a483dd10712aa0805ade5
2023-03-22 22:47:35,True,0.4241,0.0002461,1075.09,0.2646,0x9d...60d6,https://etherscan.io/tx/0x8dd507d27b6513b85ac3f7fc5638ddfc5e244cc36983dd722772dff1a50eb7b1
2023-03-22 22:41:23,True,0.4235,0.0002458,587.013,0.1443,0x5b...ccb4,https://etherscan.io/tx/0xe8da7ea01d4caea501860ed53f113795720fad8ad1f41dafb2d835d97b1e83ff
2023-03-22 22:40:59,False,0.422,0.0002449,3760.0,0.9209,0x7c...b172,https://etherscan.io/tx/0x5686f94ba346b8465dc7f45e1ed2e2e9010eeecb7b42d4b40cc19a255f10249a
2023-03-22 22:39:59,True,0.4248,0.0002465,3083.04,0.76,0x63...80f0,https://etherscan.io/tx/0x0fc5675840b82c8a3db95bd5eceb755227d2c58780cc32ab5bae1313b4c7acab
2023-03-22 22:39:47,False,0.4216,0.0002446,705.0,0.1724,0xef...5a95,https://etherscan.io/tx/0xc5370da75d81eddebc8612d6356ca637bfe67f62aed79a9542c7a6aa6aab994e
2023-03-22 22:38:47,False,0.4236,0.0002455,4917.14,1.20753,0xac...9b64,https://etherscan.io/tx/0x624c230cb55ffc64c69698a91a68d631d44b275d1bcd1837f82edff454c6b2cf
2023-03-22 22:31:23,False,0.4275,0.0002473,5534.78,1.3689,0xdb...7693,https://etherscan.io/tx/0x418b0435e80b225ad073aecdcce7c57e6b5970b13a5c165b991ff348766cb445
2023-03-22 22:26:59,False,0.4294,0.0002483,485.403,0.1205,0x4a...bcfc,https://etherscan.io/tx/0x1b5b4de40d635c5d360c6fc86f3d79cb38ed58edd3a817c41de606c0cd37db7b
2023-03-22 22:20:23,False,0.4315,0.0002487,2068.0,0.5144,0x5d...0aec,https://etherscan.io/tx/0x11875ae59c435068b5c8c0fe5a1a399870ca9b48b36a0c382470f85cfae72ede
2023-03-22 22:19:47,False,0.4351,0.0002508,10141.3,2.54413,0xf4...44b9,https://etherscan.io/tx/0xc16559a5db23becf4248b9fd58536187362683134bee408b9631102f7a31832c
2023-03-22 22:17:47,True,0.4405,0.0002541,196.77,0.05,0x72...8c46,https://etherscan.io/tx/0x470030d07c064b22474713c00f617ac1a070e74ee422016895cdf5f2174a223e
2023-03-22 22:17:11,False,0.4394,0.0002534,5170.0,1.31034,0x16...0988,https://etherscan.io/tx/0x1807cef2d04c04a1157f38861e104b08f27cc0f8f1f09db5b2990866dc39576b
2023-03-22 22:15:47,False,0.4433,0.0002552,5152.91,1.31535,0x8d...17e7,https://etherscan.io/tx/0x8443c4f4402dbbc01b79274d3e7879f90f4634004111eff10622c50171eb8c7e
2023-03-22 22:14:59,True,0.447,0.0002573,1942.73,0.5,0x08...3df6,https://etherscan.io/tx/0x9ff5b45dd244167d78d5d4035a0ad574469162bc1f02552130eceb0edb6aa27e
2023-03-22 22:10:47,False,0.4453,0.0002564,5538.78,1.42052,0x08...3df6,https://etherscan.io/tx/0x796072addfd900d1e9d18f3f1a6d4b2d1cf714d7ca8c4a731f5cb344ea309a94
2023-03-22 22:09:35,False,0.4474,0.0002576,1134.89,0.2924,0x7a...9a7f,https://etherscan.io/tx/0x4a905d8924387237076a8896c4955b4ad0b232a0c426e911f0c4066ff32759ac
2023-03-22 22:08:23,True,0.4497,0.000259,1885.67,0.4885,0x8f...a613,https://etherscan.io/tx/0xe5737ebece489a7f038724afd2536a91d11c58213d9ff2e05f12830af632bd1f
2023-03-22 22:08:23,False,0.4478,0.000258,4700.0,1.21272,0x00...3661,https://etherscan.io/tx/0x32bdf8210406018a98b51b53cf87d466348e4b5a70881898e11cbe8ba108d6dc
2023-03-22 22:06:11,True,0.4505,0.0002603,230.166,0.0599,0x26...6242,https://etherscan.io/tx/0x12fd79736f9e4897e5e70a4a40e85bf58642c764e6bb2e6ae68ff35101ff7cc8
2023-03-22 22:05:47,True,0.4501,0.0002603,211.288,0.055,0x0f...eb2f,https://etherscan.io/tx/0x598b9370a99ad01b515ade4f43ad7d7b49bf7da4d5262eb4f4cede46c6b459c6
2023-03-22 22:05:11,True,0.45,0.0002602,249.88,0.065,0xe0...455b,https://etherscan.io/tx/0x7be067ea8fb6aab068b6247413c78f26122535ca7295229cd7bdeb212a57ca49
2023-03-22 22:02:35,True,0.4493,0.00026,584.059,0.1519,0x2f...056f,https://etherscan.io/tx/0x3110534c4ede2641eafede11c8eee84566b3452c1a66a772e25bd69566f8c848
2023-03-22 22:01:23,True,0.4497,0.0002599,384.768,0.1,0x5b...c897,https://etherscan.io/tx/0x9886971230cea3154bbd0b01daf69430a79ab2538a08c22580df8ed0f8faf66d
2023-03-22 21:59:47,True,0.4459,0.0002577,11640.1,3.0,0x00...7291,https://etherscan.io/tx/0xdc0924570f0f1508865af30575f8c797f9f2787aeba31a17290a4ad3a97fb0ca
2023-03-22 21:50:47,True,0.4373,0.0002527,16657.6,4.21,0x38...9d7d,https://etherscan.io/tx/0xb7bb5e552839c42ce99293fa1d1e6840ca4de8a4ccbbe4be9438e41a3c80b189
2023-03-22 21:47:59,False,0.435,0.0002516,18800.0,4.73,0x06...b2c4,https://etherscan.io/tx/0xf227f9b30305d778f2f982b451b1eda4081c0eb98b2f461fb8ea2d82a5f0265f
2023-03-22 21:47:11,False,0.4415,0.0002553,2632.0,0.672,0xe9...8b98,https://etherscan.io/tx/0x233aa280328437fc2b5b5031762f8b754cb4228486adde7bef9921758d95cbbe
2023-03-22 21:44:47,True,0.4368,0.0002533,22869.7,5.79294,0x0f...498a,https://etherscan.io/tx/0x587adc6bad253c449bc0a01e7ad0753218b83c70c215dc8b970d6f1d5f775db6
2023-03-22 21:43:35,True,0.4299,0.0002493,100.0,0.0249,0x57...8f67,https://etherscan.io/tx/0xd36c0aa5c4d3912c10feceb98cda630972d60edf731200086e1115f00a99e6b5
2023-03-22 21:43:35,True,0.4267,0.0002474,10812.6,2.67591,0x97...0896,https://etherscan.io/tx/0x2e9cb4bb828e7a74e0a354b43742f4dabf27e0dc1d3afee9fbfc5d4b557553b5
2023-03-22 21:41:59,True,0.4231,0.0002455,488.629,0.12,0x1e...a7b6,https://etherscan.io/tx/0x6ea8f285f4324c03ae430dc9ff8bcf7eb53b4308cfd3215c44ed10b1882ca4a4
2023-03-22 21:35:11,True,0.4229,0.0002453,706.881,0.1734,0x5e...7f63,https://etherscan.io/tx/0xc8161aa5ae812989d3395995a79fe9fe203e9666a644b019897ec734444329d4
2023-03-22 21:34:47,True,0.422,0.000245,1637.43,0.4011,0xd1...4001,https://etherscan.io/tx/0xfdf9d3e187aa45f889dc8aefd719216cf987dc92353e21ff1aeee74977d5b09f
2023-03-22 21:33:59,True,0.4202,0.0002441,3554.05,0.8676,0x36...2dd2,https://etherscan.io/tx/0x1ebf501a307a67c41d1919d29d37e14645a52fa69ef6b4b4792c2383fd6014be
2023-03-22 21:32:59,True,0.4179,0.000243,2879.75,0.7,0xd6...ef96,https://etherscan.io/tx/0x1310409e208397257e00edd2c606aae0decdfad9db85bee5c3318a7d808f3f3b
2023-03-22 21:31:11,False,0.4149,0.0002411,102.46,0.0247,0x83...e295,https://etherscan.io/tx/0x879e3fbf7e5883e171861c9efb5795514520f33b6b35ebfe50326f0264a1f5bb
2023-03-22 21:30:11,False,0.4152,0.0002412,131.6,0.0317,0x83...e295,https://etherscan.io/tx/0xe8767b5d79a6dff84e84f149e7fc233173e394ee431b448249b3d13a7772fa22
2023-03-22 21:28:47,True,0.4171,0.0002424,1736.82,0.421,0xc5...8e9e,https://etherscan.io/tx/0x8e92846d01ed4e444e9f2315af0e1e0966142d33d43463ce7fa9566e2b278a26
2023-03-22 21:21:11,False,0.4146,0.000241,2350.0,0.5664,0x8c...a374,https://etherscan.io/tx/0xba87d5cd0a775e2cd4bb7d7031abb899d46c5240eb5cf223e9d240be99c27e0c
2023-03-22 21:20:23,False,0.4165,0.0002415,940.0,0.227,0xe9...e78a,https://etherscan.io/tx/0x93e40c9543b81888354236fbf4e913e4a1d6677b06654c95e5f6eaf13deef182
2023-03-22 21:18:59,True,0.4199,0.0002431,164.5,0.04,0x49...4ec2,https://etherscan.io/tx/0x960f6fb06c69fd4ca4589559bc6d5f104592812554bb96d038a2d0fff4b1e456
2023-03-22 21:17:47,True,0.4199,0.000243,823.05,0.2,0x80...4bef,https://etherscan.io/tx/0x2468f3a7ce7f0d72ac33a3785cec4c01652c576df4d3c871138b11d7434b7f06
2023-03-22 21:15:59,False,0.4154,0.0002418,2820.0,0.682,0x84...e705,https://etherscan.io/tx/0xe6e4d72a2592869e9442d18da164af331be5789cb5e8f7d8b07d2151defec52f
2023-03-22 21:13:47,True,0.4158,0.0002417,12496.4,3.02091,0x18...41ff,https://etherscan.io/tx/0x8ad72ea973278ce621789c0a6004f40dbedbdd7aba161395c93ec99698c929fb
2023-03-22 21:13:35,False,0.4104,0.0002387,2688.95,0.6418,0x43...af8d,https://etherscan.io/tx/0x5a659f7a11165b9b23b9bbc029a696360801245aee29eb977e14cd54be0f851c
2023-03-22 21:13:23,True,0.4134,0.0002404,1000.0,0.2404,0x56...6fad,https://etherscan.io/tx/0x99358960c6d87d7fbcbc68e4a3d93816bcaa204ebf8410135055449facb34577
2023-03-22 21:13:23,True,0.4104,0.0002387,9717.38,2.31956,0xec...4ae3,https://etherscan.io/tx/0x87d204c921b8a9434d3679b3c29a88f4f307f14f74b0476f593a6c993954fa34
2023-03-22 21:12:47,True,0.4064,0.0002365,3624.96,0.8576,0xd1...4001,https://etherscan.io/tx/0xdca6baeecdf94b50379b9b3bde376a9d1931ab99a2e54c6798f2788bd7675be5
2023-03-22 21:12:23,False,0.4055,0.0002358,7990.0,1.88446,0x7c...b172,https://etherscan.io/tx/0x74d4683c24e578cc36a700417e1a7f19302fa2343b1e4a5504f6d3060768e76b
2023-03-22 21:11:59,True,0.4096,0.0002382,1880.48,0.448,0x62...9e77,https://etherscan.io/tx/0x06433097431b1f5d5d748e864037134217af41c29dd7f8fcc0b6ade28774b72b
2023-03-22 21:11:59,True,0.4071,0.0002366,8453.09,2.0,0x00...7291,https://etherscan.io/tx/0x5df5a2abe37f4467939b43190c69f9991c4ad6bceb724c5a8b228930ca1f7ac0
2023-03-22 21:11:11,False,0.4042,0.000235,7708.0,1.81188,0x7c...b172,https://etherscan.io/tx/0xc883024b53ecc687f888f88ad846dadb814578c34328d117db230d5938e1e9c5
2023-03-22 21:10:35,True,0.4071,0.0002365,7351.8,1.73893,0xec...4ae3,https://etherscan.io/tx/0xc4f517eac5ab8f00fefbe642a1b3f6f6a779e121cbccc692f08e50198958d06a
2023-03-22 21:10:11,False,0.4048,0.0002351,7708.0,1.81269,0x7c...b172,https://etherscan.io/tx/0xe4eb03537ec0c0334165c871a13f526c378172c45507c9a30ddf63510c9812a3
2023-03-22 21:10:11,True,0.4087,0.0002374,2302.86,0.5467,0xd1...4001,https://etherscan.io/tx/0x430125f00c319cee046db7e80c0b244dd0be79654dc8e1cb2c1b4716e4101c8c
2023-03-22 21:09:47,True,0.408,0.0002367,2112.06,0.5,0x21...e50d,https://etherscan.io/tx/0x4a959ad101b07964b3d2ba2653bf309b8c68a36c3db5a9f1c7c5ba477efd2e73
2023-03-22 21:09:35,True,0.4048,0.0002349,9140.1,2.14766,0xd1...4001,https://etherscan.io/tx/0xd634eed563c1215eabb81eb35cb8aa2fee851be1628dff650da75d1e8fc0b8ee
2023-03-22 21:09:23,False,0.4125,0.0002395,47000.0,11.2609,0x84...e705,https://etherscan.io/tx/0x4db55859d1d26c6c5720dbe94b5119368f2a6b149742015a74797913948dea60
2023-03-22 21:08:59,False,0.4272,0.0002481,5427.18,1.34687,0xca...2ce0,https://etherscan.io/tx/0xb3df2366fcced7c40048c095e8920f6aba5544f97037897f27774e6a92337506
2023-03-22 21:07:47,True,0.4292,0.0002499,3600.39,0.9,0xb4...8b66,https://etherscan.io/tx/0xe8420ca044f7f5e33a3a00bc5c271ffb7178da6c0a40ec627ec732124e77278b
2023-03-22 21:07:47,True,0.4258,0.0002479,8064.88,2.0,0x01...f48b,https://etherscan.io/tx/0x8e9d45ea87a7027abe2ded4cbd3bd6894ba094b33789e543d8975fc2cd352903
2023-03-22 21:07:11,True,0.4234,0.0002466,150.0,0.0369,0x12...68c0,https://etherscan.io/tx/0xa115e21dbc7fa089598d35c85dd4e5de9185f668a24ef0a1797fb99a79839c05
2023-03-22 21:06:23,False,0.4216,0.0002451,384.46,0.0942,0x5b...9489,https://etherscan.io/tx/0xfc8aadff09580a861d726e9c53b32ea3f5167597fb0b89b3770d9036c141900f
2023-03-22 21:05:35,True,0.4221,0.0002453,8151.75,2.0,0x00...7291,https://etherscan.io/tx/0xef6040ec44aca1821d602da49a351e88bbcedf00560da94ceff9eab47f44cb55
2023-03-22 21:05:35,True,0.4196,0.0002439,409.958,0.1,0x5b...9489,https://etherscan.io/tx/0xe93f083533a6fa65647dd267d9ddd340203b2bba308963b8ec45cd517983a9cb
2023-03-22 21:04:11,False,0.4189,0.0002432,5264.0,1.28054,0x74...cd61,https://etherscan.io/tx/0x2658944f611f5a54300cbf7b3b77dd36956d1b24c986e43de9ab242b5e67c5b9
2023-03-22 21:03:47,False,0.4204,0.0002442,940.0,0.2296,0xdc...603e,https://etherscan.io/tx/0xb2a88a372980638a4fab8b1579c4d8a9953c975f7703005262dc1a4494f83acf
2023-03-22 21:03:35,False,0.421,0.0002446,1242.64,0.304,0x85...38e4,https://etherscan.io/tx/0x81d4a1acf57b82ad058ee79f43d5828cbd130374e428c03a217e835cda8b625b
2023-03-22 21:03:11,False,0.4225,0.0002457,5571.87,1.36946,0x0b...0110,https://etherscan.io/tx/0x08b113210f2e9aa17ed1bc954b25874629c2294a44c91811103c07220001d885
2023-03-22 21:02:11,False,0.4271,0.000248,8082.55,2.0051,0x87...857f,https://etherscan.io/tx/0x2c10d5856c7029bf1f01b959b873159e903cc47b610adc331d4d34bf6a8fe2a5
2023-03-22 21:01:23,False,0.4302,0.0002502,4700.0,1.17619,0x0c...d0d0,https://etherscan.io/tx/0x60c64a101320ef43f0a465f221f7db063ce7354be76578c5876f5a1ac6fe0989
2023-03-22 20:59:47,False,0.4328,0.0002518,4700.0,1.1838,0x8c...a374,https://etherscan.io/tx/0xebaf1ca9a0a6196db3aed7fcf1e1a891ac0cdcb76774861e2f4c082bebecad9a
2023-03-22 20:59:47,False,0.4374,0.0002545,10692.9,2.72201,0x8c...a374,https://etherscan.io/tx/0xebaf1ca9a0a6196db3aed7fcf1e1a891ac0cdcb76774861e2f4c082bebecad9a
2023-03-22 20:55:23,False,0.4481,0.0002608,24269.9,6.33071,0x57...ce8d,https://etherscan.io/tx/0x41fa1b48135c6875d842bae30ba8e8b85d7792f815471a1239d1baba915feed2
2023-03-22 20:48:11,False,0.4571,0.0002661,4700.0,1.25109,0x8c...a374,https://etherscan.io/tx/0x96862cc5c380c2fd870f3eb45f777a5ffb2c9b64dadd6a4f6e1c6095b94bb558
2023-03-22 20:46:35,False,0.4627,0.0002683,6580.0,1.76558,0x73...e779,https://etherscan.io/tx/0x345f141ff982973597487370dd94d2fd0fe61d99f0dbdc610934e394e25960c9
2023-03-22 20:45:23,False,0.4671,0.0002698,1184.63,0.3196,0xed...5a6c,https://etherscan.io/tx/0xfeee525fe21486984a9216ba61c3f7f966d5b6e9fd9d373b92f67d252c5a9da8
2023-03-22 20:44:11,False,0.469,0.0002702,1275.58,0.3447,0x48...c4c9,https://etherscan.io/tx/0x67213af1faadd0a7df80ed72a25235326c65025104007e76dae65dd18f550911
2023-03-22 20:39:23,False,0.4705,0.0002707,1063.56,0.2879,0x3b...8413,https://etherscan.io/tx/0xf19d6a7a7dd679136427e4a303400e03ca06c7b447a89edb7b1d2eb4cd0c15e2
2023-03-22 20:37:11,True,0.4735,0.0002723,1324.3,0.3606,0xb9...8fed,https://etherscan.io/tx/0x7285cc69f8a48cb9b8f4bdbefc51e64cea2d6c6c7865f3de3344aba98d03990e
2023-03-22 20:36:59,False,0.4706,0.0002706,1052.54,0.2848,0x9e...5cc6,https://etherscan.io/tx/0x7d698c72339598113b2ed9060a8aeaadfa87f970a1281265a710060b254d6dba
2023-03-22 20:36:35,False,0.4722,0.0002709,694.66,0.1882,0x58...6b07,https://etherscan.io/tx/0xa3646fc73a293b48cd4285ddf5c20f92955aaf6a5ccb4043d33a28ae676f4b6c
2023-03-22 20:35:47,True,0.4756,0.0002726,366.758,0.1,0x58...6b07,https://etherscan.io/tx/0xc3291f371934e69a4d8de9ba1366e847da572e90068252fdc754569f82ce1af9
2023-03-22 20:13:23,True,0.4695,0.0002699,13539.3,3.6552,0xb9...8fed,https://etherscan.io/tx/0x08abb83e9e6d66368959f85cff95e10069fe290e119098f6a120296cecb22d5c
2023-03-22 20:03:59,True,0.4666,0.0002656,9033.32,2.4,0xa9...a12d,https://etherscan.io/tx/0xafeb296764226bf18d6fb6cfb1095ed4852554f3802ae4cddc01656a70decb4f
2023-03-22 20:00:59,True,0.4671,0.0002639,173.195,0.0457,0xe1...aca8,https://etherscan.io/tx/0xc374597afabc93f2edd1dbbd5fcc1aaa1f65de9d2770b73edb2ef9e7b32dbec1
2023-03-22 19:58:59,False,0.4662,0.0002632,4700.93,1.23738,0x0c...d0d0,https://etherscan.io/tx/0x18838f4f2b799d067584e0ec8d94e3b8e78177fe807b9875a07c185afac78bce
2023-03-22 19:54:23,True,0.4733,0.0002645,6081.27,1.60877,0x25...6c67,https://etherscan.io/tx/0x6c5387e5c09b0eca3dc12829745e29585cb7f3266c661b098ff9e3e97bfe15a4
2023-03-22 19:50:47,False,0.4696,0.0002619,357.2,0.0935,0x6d...899c,https://etherscan.io/tx/0x4fc1507f8f19c829134e0c2cf78047b46181483d2569afcb1999deff48b4501c
2023-03-22 19:48:59,True,0.4715,0.0002629,3367.28,0.8853,0x5d...2cbb,https://etherscan.io/tx/0xefad8e7b3aa7a544a4559561e792a7cba018993859d5b24d6a65f3281b2c6845
2023-03-22 19:45:59,False,0.4647,0.0002609,940.0,0.2452,0x86...3c0e,https://etherscan.io/tx/0x3b18e0b1a7f58f9c1531ce072a85473d702684bb91bab137495886069858e2bb
2023-03-22 19:43:59,True,0.4663,0.0002624,1071.75,0.2812,0xc5...edd2,https://etherscan.io/tx/0xefb64de3cc68dd7f1e6eb8be6466d654518e96c2e3cb4fd5594e5b2572a28609
2023-03-22 19:35:23,True,0.4663,0.0002622,228.823,0.06,0x7b...4d1c,https://etherscan.io/tx/0xdf97eb8e72b45dd5c848498a9064a584d7fae093568309372a8cdcb6cc293e3a
2023-03-22 19:34:35,True,0.4671,0.0002621,381.535,0.1,0x5b...c897,https://etherscan.io/tx/0x6472fe9a5d7f4d81e9ff05782fac0b4cfa61fb61dd38562bd3c471957f42c589
2023-03-22 19:33:23,True,0.4666,0.0002619,426.146,0.1116,0x98...1122,https://etherscan.io/tx/0x01810fecbd438f0a9c2270dece5ad49da77d6c5ae21cf4d561b862eab01fe944
2023-03-22 19:26:11,True,0.4595,0.0002576,23272.2,5.99638,0xbf...9a66,https://etherscan.io/tx/0x4fc95b36cf11c90706d76ba51dadb759d2729e422ffb813b33b5a70abc6036fe
2023-03-22 19:19:11,False,0.4497,0.0002521,658.0,0.1659,0x9e...5cc6,https://etherscan.io/tx/0xd5abe21f290946e30556fbe21a85c9d4a591223fd015bbe70964716b85157d7a
2023-03-22 19:18:59,False,0.4505,0.0002525,1880.0,0.4748,0x29...a828,https://etherscan.io/tx/0x6e0cf669386177ddb9c63ba323d89c0e7caf4df589673d476e48dd1c23103b24
2023-03-22 19:17:23,True,0.4536,0.0002543,275.187,0.07,0x75...79e3,https://etherscan.io/tx/0x1f8073d7172591c498c3f63fef7b70a1a136919d3000383d2ec10b7b91bdaf5c
2023-03-22 19:02:23,True,0.4509,0.0002536,3661.87,0.9289,0xd1...4001,https://etherscan.io/tx/0x9c1e2e65cd89a72c8eac88a20cafb435b9489d3ca76fd77c9df53b46822a2115
2023-03-22 18:56:23,False,0.4489,0.0002516,711.333,0.179,0x99...ea1e,https://etherscan.io/tx/0x014d3168482096cfbb7572e42e152a2574b47f3d52f6ec75671418638c9d5d30
2023-03-22 18:54:23,False,0.4516,0.000253,7520.0,1.90318,0x79...83cd,https://etherscan.io/tx/0x33348252d8d3b3018a0eb80842e13a634fc3c08be74b6516838323db6ba9d76d
2023-03-22 18:53:47,False,0.4541,0.0002545,883.6,0.2249,0x86...3c0e,https://etherscan.io/tx/0x7dd7363f14f7c52417679697b0c6c8be3819a74982130ef0081852c7b22194a0
2023-03-22 18:47:59,False,0.4534,0.0002548,526.4,0.1341,0xdf...1c46,https://etherscan.io/tx/0x51db55bdbb5f7e0db51a941936fa7d1fe3ac0e9bc4812418926a41de3eed714d
2023-03-22 18:46:47,True,0.4561,0.0002561,1527.71,0.3913,0xfd...6e38,https://etherscan.io/tx/0xed6d1c1fc9e8220ab200e7e742be1a6acb59f6be0c359aeb5f9230d2e58213b0
2023-03-22 18:41:11,True,0.4545,0.0002549,5165.92,1.31716,0x30...b2b2,https://etherscan.io/tx/0xf83c738bb4c4872f2157534e9d89b1edcf57b6c4713d49860272eb7fd0ad0c31
2023-03-22 18:39:47,False,0.4502,0.0002525,245.581,0.062,0x5e...f39c,https://etherscan.io/tx/0x13fd5cd86e7b3ff24ad2a1863acec1bc899d03f6aacb2b83c2f088b0426f6df2
2023-03-22 18:32:11,True,0.4533,0.0002538,1812.23,0.46,0x7e...68ed,https://etherscan.io/tx/0x90831868b4caf35d9eebb1637885f8fde6d077ff96545c670dac9f7b237577d7
2023-03-22 18:23:35,False,0.4492,0.000252,424.717,0.107,0x89...c7fd,https://etherscan.io/tx/0xd10fc79025703c5238c34caa37b0eff8817d3e253a9799a1f208020255295913
2023-03-22 18:16:35,False,0.4514,0.0002523,940.0,0.2371,0xa2...4c7e,https://etherscan.io/tx/0x7d108aa9ee97fd92198eee6adfda176a5941f689755ab127e0f0cf5a2c19848f
2023-03-22 18:15:11,False,0.4536,0.0002526,777.15,0.1963,0x6d...899c,https://etherscan.io/tx/0x4e09ed3448dfa7b29a931ac7cdd4ecbe3d8ca977476b0676332af0833911a0e9
2023-03-22 17:54:23,False,0.4603,0.0002552,14457.2,3.6907,0xa7...8055,https://etherscan.io/tx/0x0530b9d6b536163f5452a5d6ee03102d02d6db8c3064aed48e3163943a6becec
2023-03-22 17:53:59,False,0.4658,0.0002582,2005.69,0.5178,0x2f...97fa,https://etherscan.io/tx/0x43e5f3238fce2d74b6ba1bacf918e7fe656c829b0bdcbd97a22defa26bdbae48
2023-03-22 17:48:35,True,0.4692,0.0002599,874.156,0.2272,0x2b...09ea,https://etherscan.io/tx/0x95e1ee5cec2934d5a30aa758a7af828804943cedd419e4b5796fdeecafc7b72d
2023-03-22 17:45:47,False,0.4663,0.0002584,874.2,0.2259,0xc5...1f52,https://etherscan.io/tx/0x5982666080d05ac5d73a1ef0376334a00640b4fad00187c283c10b9ff1e3f176
2023-03-22 17:37:47,False,0.4666,0.0002587,752.0,0.1945,0xbb...c6de,https://etherscan.io/tx/0x08e4af882e787bf4d58dfd694869ec29d67926c5cdf35a03885d5a0fad0bc1b6
2023-03-22 17:36:47,True,0.4697,0.0002603,384.129,0.1,0x97...0026,https://etherscan.io/tx/0xdacb1bc550cd19d0145e078992f489559ddf22862301fb848455b74c8c6f1a10
2023-03-22 17:25:47,True,0.4689,0.00026,1072.02,0.2787,0x79...883e,https://etherscan.io/tx/0x73496c27363440e41166dc7791c96386b33dffbc7678ad117dd9bc42c40874bf
2023-03-22 17:21:47,False,0.4659,0.0002585,1201.24,0.3105,0x53...a75c,https://etherscan.io/tx/0x3c9daa70a0fc51560b80be41b3bdad7b710ba81ba21001b14b567baa8e53c969
2023-03-22 17:18:23,False,0.4663,0.000259,1692.0,0.4383,0x9e...5cc6,https://etherscan.io/tx/0x33ededa107bb6953ebc1a24314c036a791f195483fb5b12ef550dbfcc1c7c614
2023-03-22 17:14:23,False,0.4674,0.0002595,940.0,0.2439,0x45...6248,https://etherscan.io/tx/0xf3889509ea719cd954ef0b79b50e98e130e63a8ef30cd06275153fea0695edcd
2023-03-22 17:05:11,True,0.4705,0.0002603,5000.01,1.30175,0x4d...8b8e,https://etherscan.io/tx/0xa2c37eac7da8bc564cbcea5adaeb558d315c9924dec5457066b20a9f48e972c7
2023-03-22 16:59:23,True,0.4677,0.0002591,1500.0,0.3887,0x2e...7627,https://etherscan.io/tx/0xc6677087ff44b057f0389516dd36ab5199ec63ac4930eb476497e9ee7f105b6c
2023-03-22 16:57:11,True,0.4662,0.0002582,3872.93,1.0,0x56...44ce,https://etherscan.io/tx/0x830d7ea169da2ec420701f367710e3d912ac34ce4e4ee5dc826406ecf141f973
2023-03-22 16:55:11,True,0.4652,0.0002574,97.0908,0.025,0x6a...c1b5,https://etherscan.io/tx/0x5a4555184e1f194f0c7888ff6c44d3417e4dd8713843f704d6c0f74ef124377e
2023-03-22 16:54:35,True,0.4654,0.0002574,367.739,0.0946,0x27...239c,https://etherscan.io/tx/0xbb7980bf54ed3463ed81206fc07290a9853021dbe86412718218752a6e077c44
2023-03-22 16:52:23,True,0.464,0.000257,1750.78,0.45,0xc8...a369,https://etherscan.io/tx/0x648f6b2e1179f8cda8ca3023aae298a09525958f2ce32f52d33b522d54da4e54
2023-03-22 16:52:11,False,0.4623,0.000256,4960.2,1.27011,0x04...8287,https://etherscan.io/tx/0xd0711c0a797b7f583a660432b1116762300001f305314b371a398ce336e9b664
2023-03-22 16:49:59,True,0.4652,0.0002582,1084.04,0.28,0x1b...fcdb,https://etherscan.io/tx/0xbfb3eb5115c10fa21b1b4635c89509d9c5547d8521b71fcf2968d705916ee1aa
2023-03-22 16:49:47,False,0.4626,0.0002568,1363.0,0.35,0x23...d3e4,https://etherscan.io/tx/0x59309b5c3abb61bd3e2379d476afd84a32dcf23f4cde2bbe37d4815e62c573d6
2023-03-22 16:48:47,False,0.4636,0.000257,282.0,0.0725,0xe9...e78a,https://etherscan.io/tx/0x05d4601cc8e9b7906e66afa02f529320e47bc45b53bf25fa8f72967e32038f61
2023-03-22 16:45:11,True,0.4682,0.0002585,580.082,0.15,0xc8...a369,https://etherscan.io/tx/0x378038e1339027a13249d695d76ad0f64fa895963ad6ab0114790b14a1db8d84
2023-03-22 16:42:47,False,0.4667,0.0002578,5264.0,1.35746,0x74...cd61,https://etherscan.io/tx/0x3df3c0536127c58697b0e42d70b21e090becb89f8aec62ead1a9f51b117d5ee3
2023-03-22 16:32:11,False,0.4695,0.0002589,509.617,0.1319,0x3a...760d,https://etherscan.io/tx/0x1ebc4d79b233d9bcfa9030739b316b9ced77c2c1dd81babdd8264f4e2415744b
2023-03-22 16:27:59,True,0.4724,0.0002603,998.53,0.26,0x22...7dc2,https://etherscan.io/tx/0x8a50bca57f99c0137a926279cdee66ecb452adad1ef69fdd136fe6c2ab028208
2023-03-22 16:25:35,True,0.4723,0.0002599,1346.38,0.35,0x22...7dc2,https://etherscan.io/tx/0xdeed4b65ae30041292e798c762b2af9c4f97872a64164539a1c4b89463e8ceb3
2023-03-22 16:18:23,False,0.469,0.0002583,1081.0,0.2792,0xef...5a95,https://etherscan.io/tx/0xd8969753ef0d0cecf062f9c11881d2b1df35fdbed31e03d7dc7f24361af5b5d6
2023-03-22 16:14:59,True,0.4706,0.0002598,1457.45,0.3787,0xd1...4001,https://etherscan.io/tx/0x713d4a197455af5720f1c56626f710aea2e569e2d9b478ab12db5b3722cdfe9f
2023-03-22 16:14:47,True,0.4701,0.0002595,96.3178,0.025,0x9f...ebda,https://etherscan.io/tx/0x3610f36f68fd4c5cd789c5dd98776e353c8ce3435002d051ccb883ee6bdbd4c3
2023-03-22 16:14:47,True,0.4694,0.0002591,1923.29,0.4985,0x5d...2cbb,https://etherscan.io/tx/0xf3e24b70e5a318f3037d0e2fc73394bc45a9e59aab656b7e2456e848b583bc9f
2023-03-22 16:14:11,False,0.4681,0.0002584,6377.29,1.64815,0xfc...23d7,https://etherscan.io/tx/0x55b5f2c8e4bd2d8395678b7f9e441eeb2d8d55bd5d6477b6682744bec5f31c60
2023-03-22 16:13:23,True,0.4729,0.000261,380.268,0.0992,0x85...c9e3,https://etherscan.io/tx/0xe5d0c6e5cf218ad26e45361baa1335439369228e73e162a9a5b7793ad772bf97
2023-03-22 16:12:11,False,0.4764,0.0002629,18800.0,4.94262,0x2e...832c,https://etherscan.io/tx/0x5e4abb5ba6f8a79301fdb041b4593f31ddaf0f9e18096dd904f97b0558c8a369
2023-03-22 16:10:35,True,0.484,0.0002668,6352.77,1.6949,0x5d...2cbb,https://etherscan.io/tx/0x6d8e509417dfd9e8587d833309438c4dd9a0c1535a401a1ccb6881195dc64290
2023-03-22 16:10:23,False,0.4821,0.0002657,9400.0,2.49826,0x06...b2c4,https://etherscan.io/tx/0x4c5b0b875d365ca5501c2bb21662e0023edc44da6f793b4e69c5235f2be4385c
2023-03-22 16:09:47,False,0.4864,0.000268,2820.0,0.7559,0x5d...2cbb,https://etherscan.io/tx/0xfb72101d3a6f2f709da0c6ab4820366736207e7cdf8e1d563e11d0a362f05ce4
2023-03-22 16:06:47,True,0.4886,0.00027,740.498,0.2,0x42...e3fd,https://etherscan.io/tx/0xfc8381ccc956743afe9001c973d7d0d4455df653a49fd1cb9c89f137caca1f6c
2023-03-22 15:59:59,True,0.4859,0.0002698,403.422,0.1088,0xf7...581a,https://etherscan.io/tx/0x2e3926fe48c422ea3e7e56dc0c16628709828b8ac00a5d7fd2eba4964b61b1a6
2023-03-22 15:56:23,True,0.4852,0.0002696,507.0,0.1367,0x58...6a6c,https://etherscan.io/tx/0xdde6aa8c194c8d2b799a719e61848328b32f19da54bdb1c7432185f5a881fe81
2023-03-22 15:55:35,True,0.4854,0.0002692,1857.07,0.5,0x2e...7498,https://etherscan.io/tx/0x91ec6189e54a664a7f5dcc19c1c8a837be5fb14d0c2624c0261551e2025ced06
2023-03-22 15:50:23,False,0.4851,0.0002673,616.029,0.1647,0x21...6b77,https://etherscan.io/tx/0x27325119d188b81de2812ebe0d8e5506ea116e3dc7b62dec48d76ee5227a7e49
2023-03-22 15:50:23,False,0.4867,0.0002683,4211.31,1.12994,0xd6...ef96,https://etherscan.io/tx/0x2c5f9ea9ad820557127ae32292b26bfd0969132494af78501f021db89fe05048
2023-03-22 15:45:11,False,0.4876,0.0002703,6407.94,1.73236,0x06...b2c4,https://etherscan.io/tx/0x31afb8ce59f37ff93a7b467e7e03d48a31083f937dc8e660b72f643580774c91
2023-03-22 15:43:35,True,0.4921,0.0002731,345.35,0.0943,0xb8...dba7,https://etherscan.io/tx/0x3fa046c376cbc9def3640869667db58f73461459b9918bd644f71de7973cf3d6
2023-03-22 15:43:35,False,0.4891,0.0002715,260.803,0.0708,0xdb...a1e5,https://etherscan.io/tx/0x7f6d0ab6bf69c47df04828bb7f07f34910857a61311e5b5bd01d2f176d2ffb29
2023-03-22 15:38:35,False,0.4893,0.0002716,687.14,0.1866,0xc3...ec1f,https://etherscan.io/tx/0xe63b4e2a07970ed5f033a03eeeb0fb4c8c9d1d537748bd95303f9f0f1e2298ef
2023-03-22 15:37:59,True,0.4925,0.0002733,731.774,0.2,0xc3...ec1f,https://etherscan.io/tx/0xdf0b1862a6f90a9a4c2213b5b3d5bac1c56973dab0638ea80713efbfa4d3b0f2
2023-03-22 15:35:59,True,0.4904,0.0002723,4250.0,1.15743,0x63...80f0,https://etherscan.io/tx/0x56c523a4fc6e924f71f610b8f52aea65c330279c0f7751d990e3ce54a8d60eea
2023-03-22 15:35:59,True,0.4888,0.0002714,407.057,0.1104,0xa7...8b4f,https://etherscan.io/tx/0x34c5233f6b25b79b487438ce9cd18f7835f7ff61cfc0dcff0132b8c9ea8b639e
2023-03-22 15:35:23,True,0.4889,0.0002713,258.014,0.07,0x3c...3c58,https://etherscan.io/tx/0xbce131a48ef0f8c387b246b34cf2ed22ecfc8af6876bede71de1a764e9eda437
2023-03-22 15:34:47,True,0.4873,0.0002703,4500.0,1.21672,0xd9...1beb,https://etherscan.io/tx/0xe181057d796ffeb7c0f5ba84e69749ce103538bf24799568092c93c1629e5189
2023-03-22 15:32:47,True,0.4863,0.0002693,1039.66,0.28,0x78...6170,https://etherscan.io/tx/0x4892ec5609c6882efc143cd50b201a5ed186d153bb4f87857a543706f1016a28
2023-03-22 15:29:23,True,0.4836,0.0002684,3292.19,0.8839,0xc1...12bc,https://etherscan.io/tx/0x28da3437d102ad130681622c3cddf413199e0ba2dd71f9b20aa6fc5f12daa7f1
2023-03-22 15:27:23,True,0.482,0.0002678,167.945,0.0449,0x1f...e48e,https://etherscan.io/tx/0xd58a19625a4c0fe6f9d165e1748d44993e391dd38d45aee4a8ce9f61feea153a
2023-03-22 15:26:35,True,0.4817,0.0002676,747.216,0.2,0x29...fac3,https://etherscan.io/tx/0xb69417f170325109ee7ed8d1477b5b79a9be8fe5530b48d3c879603990eaeb6e
2023-03-22 15:21:11,True,0.4792,0.0002661,7515.99,2.0,0x00...7291,https://etherscan.io/tx/0x8191b24412df646d5fd4239b8dbb99f69df000acb68611ecd49495eecf680cf0
2023-03-22 15:18:59,True,0.4764,0.0002646,390.0,0.1032,0x28...af0e,https://etherscan.io/tx/0x8c5a7f545e5cd68060f06e473b5b4224a595c4242670ffb74713e7d14cd4f94f
2023-03-22 15:18:23,False,0.4735,0.000263,470.0,0.1236,0xb9...a991,https://etherscan.io/tx/0x6a20ee62d5eafc98965a9d7635e4dd6da1cad8ed6660b3246b213032f4cae8c6
2023-03-22 15:16:59,False,0.474,0.0002632,752.0,0.1979,0xa2...4c7e,https://etherscan.io/tx/0x55729d342ce9a89551ad51abd5748291dbdc4175af602017430a7d423c9c913a
2023-03-22 15:16:23,False,0.4743,0.0002635,940.0,0.2477,0xe9...e78a,https://etherscan.io/tx/0x5b0c5329498a0436b2be66437af3478f8e11f65762a316486fd2b80f61c80c07
2023-03-22 15:10:23,False,0.4781,0.0002655,9400.0,2.4959,0x17...ca47,https://etherscan.io/tx/0x585076642c6394a071adf79ab5f385399688213dc237287e6ededbb6372928e8
2023-03-22 15:09:59,True,0.4834,0.0002685,2067.19,0.555,0xef...5804,https://etherscan.io/tx/0x98fec2837aab640df6dc721ecf288456bbe210caff61edf7f580972e22fec2ce
2023-03-22 15:09:47,True,0.4823,0.0002679,1079.56,0.2892,0xa6...4377,https://etherscan.io/tx/0xa7b35f24c027aa45d1bfd85a6bb0678e007cda317a269dc517bbf4134bc2bf63
2023-03-22 15:05:23,True,0.4814,0.0002676,455.218,0.1218,0xe2...e536,https://etherscan.io/tx/0x83ca8937187101c44817c82988d7a27abda2ab5290e348e48f06330e705a5c05
2023-03-22 15:00:59,False,0.4812,0.0002675,8671.4,2.32016,0x26...a290,https://etherscan.io/tx/0xbf5c7e8ecf4eff21ded61b7932450d4313ac31454386218aab53472e982ef14a
2023-03-22 14:57:59,True,0.4871,0.0002707,554.063,0.15,0x42...e3fd,https://etherscan.io/tx/0xbdae354cb8af970e237f3f8c4ec672d7930791726e591a95e0eab0918bdd1a84
2023-03-22 14:55:11,True,0.4866,0.0002704,739.432,0.2,0x42...e3fd,https://etherscan.io/tx/0xa022d37ab2ef95d519a9106135a1aedd0845f2190f6d761851c05af4e4f4e22f
2023-03-22 14:54:59,True,0.4863,0.0002703,44.3907,0.012,0x6f...e1cb,https://etherscan.io/tx/0xe432e09ff46347bb755017de5a6ee7ea5a559ef9cd94e2d989bd197ea9b7ae11
2023-03-22 14:52:35,False,0.4838,0.0002688,940.0,0.2527,0xa1...f5ed,https://etherscan.io/tx/0xf998026086073317d25a79d30eb4dda7b8dd9f7855c0e6f18c300e9f9e11fd59
2023-03-22 14:49:11,False,0.4879,0.0002712,11166.4,3.02847,0x75...cb88,https://etherscan.io/tx/0x872c49b38cae2f26e2271562447a027bd3bb8c80208bdb692d0aac1603210160
2023-03-22 14:43:47,True,0.4926,0.0002735,7310.25,2.0,0x00...7291,https://etherscan.io/tx/0x6631ff2c7b5774c7b707a357c6b0b254e901333ba42283cb4db6afab64b8c025
2023-03-22 14:39:23,False,0.4947,0.0002742,18800.0,5.15514,0x17...ca47,https://etherscan.io/tx/0xa7625a09bb5e2cefd5b9c5e64c9b71dccb30b991a8701e120a105452200bcde3
2023-03-22 14:37:59,True,0.5038,0.0002794,536.684,0.15,0x5c...bd92,https://etherscan.io/tx/0xb61177a42c07e6f8698035b8e9e646ba323eabcf6ae8aca41fbb541da2bd1c0e
2023-03-22 14:33:35,True,0.5015,0.0002785,3948.49,1.1,0x29...fac3,https://etherscan.io/tx/0xa1094ea33a7e5c8d4bd582534f207365f7d203dfd159e0b6bc3085681ded7a47
2023-03-22 14:31:11,False,0.4983,0.0002766,2602.01,0.7198,0xdb...d71d,https://etherscan.io/tx/0xac73623583dec0d3aa2ff56969fee7544eac3c350ee37c095d75d84c8e3129e2
2023-03-22 14:30:47,False,0.4999,0.0002775,1886.61,0.5236,0x48...716c,https://etherscan.io/tx/0x9619c38940cbe02ae6ae43746ad169e6521bf002175b5816834cd58c4b06e6da
2023-03-22 14:30:23,False,0.5009,0.0002781,911.8,0.2535,0x16...04a9,https://etherscan.io/tx/0x37b468d4546fc23617110946b893c9ebe22719c264a498041fe754a3e2d76992
2023-03-22 14:29:59,True,0.5043,0.0002799,25.2386,0.007,0xc3...53d1,https://etherscan.io/tx/0x6cf4657c4345c2a5fa9820ecdf2419cc28d4ecc4a4db8be74512c6e71a78c708
2023-03-22 14:27:23,False,0.502,0.0002789,3291.03,0.918,0xc1...ba31,https://etherscan.io/tx/0xf8511bda923e799f0953f0ae781885f8be9651da3af9c9841a360cf88caa3226
2023-03-22 14:26:35,False,0.5029,0.0002797,568.322,0.1589,0xa1...f5ed,https://etherscan.io/tx/0x26e0fa9c23aff03c10772b8d32739c4fd5ff97cfa9a0dc255340c9b579edcb32
2023-03-22 14:19:23,False,0.5066,0.0002817,9400.0,2.64856,0xc4...6a82,https://etherscan.io/tx/0x1089a04ca0fc28cc9668d11f914ab841065f16b7c29f8c0e8420886312c45fed
2023-03-22 14:15:59,False,0.5132,0.0002856,9569.86,2.73401,0x29...84fe,https://etherscan.io/tx/0xea56e780d79a14db3a962cefacb657cbc1d89c4ba48d0606c7b7eead61c3ae9c
2023-03-22 14:15:23,False,0.5189,0.0002889,6034.67,1.7439,0x62...ea8b,https://etherscan.io/tx/0xcf147450569e5426c44fe1fcb6d477a5b748519cf665c88dec3e5fd93fcc841a
2023-03-22 14:14:47,False,0.5224,0.0002909,3067.31,0.8923,0x18...8bd4,https://etherscan.io/tx/0x4099fe32da424fa98bd3399ea4ab8fc11440030157cd8c8a345cf944d32b774a
2023-03-22 14:14:35,False,0.5249,0.0002923,3345.71,0.9779,0xaf...1024,https://etherscan.io/tx/0xb26e42f27758913bc27df272ddff6233489600be8d331c6f4715b23468db63cb
2023-03-22 14:10:59,True,0.5288,0.0002947,135.699,0.04,0x48...84e5,https://etherscan.io/tx/0xfb251b593d7e38132bb8a88ea03da95d746bdfff633b571a1cc59127597489f2
2023-03-22 14:07:47,True,0.5282,0.0002943,1766.59,0.52,0xb0...029b,https://etherscan.io/tx/0x04c70e10b82ea9c0c669535ebc4e2b7191a731c802f95bf0448ce74d3d2e8c02
2023-03-22 14:07:23,True,0.5271,0.0002936,1357.9,0.3987,0x38...6924,https://etherscan.io/tx/0xda2e4769d8c79e0c00aa8659ea51be7616efd6fa6e830ea59c8744493e7d4793
2023-03-22 13:49:59,True,0.5269,0.0002933,163.633,0.048,0x52...40c0,https://etherscan.io/tx/0x24df4254b5cccab9646af6474b9d6f219cd33c78306c2a9c2015c642951e7cac
2023-03-22 13:46:59,False,0.5248,0.0002924,3986.02,1.16555,0xad...662f,https://etherscan.io/tx/0xd182d340e506cd787824844eba719a83d5a573da403aed0b0b4ff7d69772dc82
2023-03-22 13:45:23,True,0.5291,0.0002946,1696.82,0.5,0x42...e3fd,https://etherscan.io/tx/0x182fc207840ac2ff1b731c913c9653e8e247df15815d6e47c0ef742edd92a81a
2023-03-22 13:42:47,True,0.5285,0.0002939,1701.11,0.5,0x42...e3fd,https://etherscan.io/tx/0x344c2521e200834181bd782bd4b35ed44fa8ec1a66e63397ba7edd8b81289745
2023-03-22 13:42:11,True,0.5266,0.0002928,3415.17,1.0,0x42...e3fd,https://etherscan.io/tx/0x614a4fd4be7469d0585c9e0a7a758de5169f07329ea54ea66e654ee0fc01ede4
2023-03-22 13:31:47,True,0.5251,0.000292,100.0,0.0292,0x57...8f67,https://etherscan.io/tx/0xd4a2eed4d7a1c58f0da10346049680a1ee6e79e2422f564d05e1cedcdab52a5a
2023-03-22 13:27:47,True,0.5249,0.0002919,428.177,0.125,0x03...569a,https://etherscan.io/tx/0xa87ca0b978eed8ddeac6a541d6fcd77cd3c0fa7be942053d27c34a48b2c6f010
2023-03-22 13:26:59,True,0.5242,0.0002914,1887.21,0.55,0x3e...a1c8,https://etherscan.io/tx/0xa130440a132a2a6fd5572f3708f2348f3eaaceb94aac6b0abda9c8da22eefafe
2023-03-22 13:15:59,False,0.5195,0.0002898,2820.93,0.8177,0x81...7cda,https://etherscan.io/tx/0xdaebe1f94d9a4458570a270c790ed5a2956aa4735c41205886e52faf8224ae70
2023-03-22 13:14:47,True,0.5236,0.0002922,191.966,0.056,0xe4...95ca,https://etherscan.io/tx/0xd3308ab2c84d54db4da420f440594ffdbf19f9e273887c7e83ef1ff1b6731e73
2023-03-22 13:14:11,False,0.5213,0.0002909,2350.01,0.6836,0xb1...49e9,https://etherscan.io/tx/0xad0051a9892b41f1ba1678d2c3f20d3e248c986257cfe495115350fa9c1e0c36
2023-03-22 13:10:47,False,0.5229,0.0002919,2352.51,0.6867,0x07...d38c,https://etherscan.io/tx/0xc0e0a8a589c2848183e2bb96ee7f0d60c3ac9e6ce012a3a71e0c82c2beda4f74
2023-03-22 13:09:47,True,0.5262,0.0002941,160.77,0.0472,0x8d...b353,https://etherscan.io/tx/0x29f901dec200ddff04d688f53404f9a02222cdbed7bb8b62633fc6927c8a2a09
2023-03-22 13:07:23,False,0.5226,0.0002927,1830.36,0.5358,0xb1...f036,https://etherscan.io/tx/0x05be2dfdc3530e9dbaf1781ad003aa74f8a7f2b95944e60cb1cc23a0228672e9
2023-03-22 13:04:11,False,0.5248,0.000294,3986.02,1.17202,0xad...662f,https://etherscan.io/tx/0x905ae0049b1c8f1abc14f54753c37b6461594e2058fd27e2c3d92e69888e79e4
2023-03-22 12:57:11,True,0.5285,0.0002962,2025.44,0.6,0x11...ed37,https://etherscan.io/tx/0x4828968ba5cbb7da3cb42a5f5610318d20b9e77621a1bac0d90906559d4f922d
2023-03-22 12:52:11,False,0.5261,0.0002948,3986.02,1.17543,0x04...c309,https://etherscan.io/tx/0x2edd19d63df479f9f3a5f16347a7278ebdf355db77360c3fe408dc6404195336
2023-03-22 12:49:11,False,0.528,0.0002958,169.2,0.05,0x00...09a1,https://etherscan.io/tx/0x1ed70e2d5dced4a927773e8f3c736ca2dd07fc1faa7d176284a1819efe6ab130
2023-03-22 12:47:23,False,0.5282,0.0002959,282.0,0.0834,0xd0...e48e,https://etherscan.io/tx/0xb06285565c34947e046e3910462860fc7f0a593f44e8d279ae84aa3d7d48aed9
2023-03-22 12:45:35,True,0.5317,0.0002977,55.7674,0.0166,0xda...1bbd,https://etherscan.io/tx/0x8aebc244a422f42162c770290216a385811a3523bfc3eb1c26e61f91b04e1e6d
2023-03-22 12:44:59,True,0.5316,0.0002977,100.0,0.0297,0x9a...f837,https://etherscan.io/tx/0x6c6b54e8deaa44b980fae516994bea9f287d8eb6b8e38c18611e1461013d46ee
2023-03-22 12:41:59,True,0.5319,0.0002976,294.534,0.0876,0x8d...7255,https://etherscan.io/tx/0x35767086a3951bec1b20a66d089ea37ea70d13043d3a401d8e26617ce56d792d
2023-03-22 12:39:59,False,0.5328,0.000298,10340.0,3.08198,0x8d...bba6,https://etherscan.io/tx/0x6b0a7ec7b88c6220d5fd48bc0ec3f67e922e18e34fa2e942515f8cea7772f6bb
2023-03-22 12:36:11,True,0.5394,0.0003014,3300.89,0.995,0x90...be02,https://etherscan.io/tx/0xd1c7cd892a1cfa4ae107bb4a213424f3196839d980770a1a1929cd6b351e4c6e
2023-03-22 12:36:11,False,0.5353,0.0002991,940.0,0.2811,0x24...ff8c,https://etherscan.io/tx/0x29559b6da21ce75c0f1787011783fb8ef95ae12d353e4da4a329fee480d40f3c
2023-03-22 12:34:23,False,0.5367,0.0002999,2977.07,0.893,0x49...f683,https://etherscan.io/tx/0x0b18fcf1232dfabebcf5aa5aa49048c40c608adc9033922b47cfe8724f275849
2023-03-22 12:33:35,False,0.538,0.0003006,191.489,0.0575,0x24...ff8c,https://etherscan.io/tx/0x50783a5fa928884c3348927cbaaa8abb48d658c14c2d83cbe1f34b8c4d975142
2023-03-22 12:25:35,False,0.5387,0.0003009,940.0,0.2828,0xfb...c066,https://etherscan.io/tx/0xb89e1e43072e80bc240bc0bb13b2b500d612ed128fb579180a91f1833d8e3e86
2023-03-22 12:24:23,True,0.5416,0.0003025,1990.71,0.6022,0x13...d402,https://etherscan.io/tx/0xc0a183beef5230b8485279e60f725d80251d7076fdbb25f8e8e44a0c25e29ae9
2023-03-22 12:22:11,True,0.5406,0.000302,231.777,0.07,0x02...4031,https://etherscan.io/tx/0xf295061ef8de4c09d9966de31e5849a41c4e1ff6b646602fa9d21f2df32d13ac
2023-03-22 12:19:23,False,0.5413,0.0003022,9400.0,2.84152,0xca...21da,https://etherscan.io/tx/0xbd05711ccfb516bd2523d607d3a463ee511ad35a030e6d1296357f543ab25f69
2023-03-22 12:17:47,True,0.5484,0.0003062,91.4291,0.028,0x6b...1aee,https://etherscan.io/tx/0x3a91b0220407fa86627961cf32d4428b99a2a59e42f71ec96a3f447c6bdaf7ee
2023-03-22 12:16:11,True,0.5484,0.0003062,75.112,0.023,0x6b...1aee,https://etherscan.io/tx/0x9601177b8bc0985dba25e535cc2824a69eab6cfb70ffc2f4078a3b17440881bc
2023-03-22 12:11:35,True,0.5453,0.0003045,6952.73,2.11769,0x93...f549,https://etherscan.io/tx/0x228fa0de57b20d3e469d4dabf6504279a138aadbbbde04812b7b2d1e0170bb42
2023-03-22 12:11:23,False,0.5395,0.0003012,188.0,0.0566,0xe5...0434,https://etherscan.io/tx/0x53b2d5da58cb84b4c91c2d7cf6227ff9186114d90f3563b37c232c0f2740676b
2023-03-22 12:10:47,False,0.5402,0.0003016,1504.0,0.4536,0x3f...a24e,https://etherscan.io/tx/0x1e8998555da699e11476ad2afa4c66f903a2f42433f97175fbe88dc02a1fb3a5
2023-03-22 12:10:23,True,0.5415,0.0003022,6654.53,2.01127,0x32...e2c0,https://etherscan.io/tx/0xdc624d27fdd80935958dd31a14a9e23065ce762401ea243e6dc725a1032639f2
2023-03-22 12:09:35,False,0.5357,0.0002989,277.876,0.083,0xb8...dba7,https://etherscan.io/tx/0x0b57ba847d4a859feea539eb13a2485d54de713a6ec9e0f6bc59dab7f9c8cbeb
2023-03-22 12:04:47,True,0.5389,0.0003008,13.4029,0.004,0x60...8482,https://etherscan.io/tx/0xb293f06b65869494ea670696461ef4958b53307e6295744fc8a5c116769cac43
2023-03-22 12:03:23,False,0.5359,0.0002994,1573.13,0.471,0x77...4247,https://etherscan.io/tx/0xceac6c76bf4a8f08b387c54c9ae541c0de8faa11a97cb47495335cd302d253a9
2023-03-22 11:58:35,True,0.5397,0.0003015,47.3159,0.0142,0x02...6ccb,https://etherscan.io/tx/0xa6f2b9d08f503f83a6b272c661ab1e9d1ea765192435bc3dc74c383fdf9c394a
2023-03-22 11:56:11,True,0.5394,0.0003014,256.86,0.0774,0x53...c5ce,https://etherscan.io/tx/0xa4711279b7694d17fbfa16f0e63774096dfd8bbd9e57377f97d62b924e1449b5
2023-03-22 11:55:11,True,0.5392,0.0003013,199.086,0.06,0x02...6ccb,https://etherscan.io/tx/0xde6059e5357464c7e3ae1e567361f28212ccce115b2155cd60cccccbedf07164
2023-03-22 11:46:47,False,0.5356,0.0002996,589.735,0.1767,0xa1...9d91,https://etherscan.io/tx/0xc90ba15110e7f30e9c5b1646569a5692eed25083633be5799141609d993e980b
2023-03-22 11:46:23,False,0.5376,0.0003007,4392.53,1.32121,0xd9...1beb,https://etherscan.io/tx/0xadeef3baa229d6c246a7ac2e32e7c36ed69cb8b96b749410c3d6299779f8b506
2023-03-22 11:45:59,False,0.5396,0.0003019,564.0,0.1702,0xa1...9d91,https://etherscan.io/tx/0x1999914e2407a5a05aef46a5712a0ed6f351caea300c429b381175e92e91132b
2023-03-22 11:43:23,False,0.5397,0.0003022,874.2,0.2642,0x18...fa40,https://etherscan.io/tx/0x33397461d7381df2ba46168fada916c3562322696e17d187bc42850e932e04e0
2023-03-22 11:39:11,True,0.5437,0.0003039,1318.01,0.4006,0x95...e4d4,https://etherscan.io/tx/0x4e7a099c18d4a40532958c1bd4a7be024129faba177e88fd12a739b61088e444
2023-03-22 11:33:35,False,0.5409,0.000302,855.868,0.2584,0x3d...492f,https://etherscan.io/tx/0x61f747c25f39290b4ca0329c19c8ea6c2d160348966ad7c9445dc98c59f75d2f
2023-03-22 11:29:35,True,0.5445,0.0003039,327.997,0.0997,0xd4...ac55,https://etherscan.io/tx/0x180df81d8178712d94ad0579d325f07482d82c8bef981057015c98507168ce15
2023-03-22 11:28:11,True,0.5444,0.0003038,197.468,0.06,0x14...5ad2,https://etherscan.io/tx/0x46af227248bdec8af378678a4954acd6cf295f60b4be183cad347e6bcee5179c
2023-03-22 11:27:11,True,0.5444,0.0003037,168.172,0.051,0x95...e4d4,https://etherscan.io/tx/0x55c6ac928e36633b9844543a06ef95c7edd6ce5ef69e8fcfcfc9ab3ef3c3dd4e
2023-03-22 11:22:47,False,0.5408,0.0003019,61.1,0.0184,0x1c...e904,https://etherscan.io/tx/0x6aa4ffe6a2842278326e5a0747830880ef3d723982184ca92d27e6f8dbe14fda
2023-03-22 11:21:59,True,0.544,0.0003037,65.8466,0.02,0x1c...e904,https://etherscan.io/tx/0x60f6af4dba86d7dc4c7eec91d342adddaef09affb51ae91fc88ee145e3cfa795
2023-03-22 11:20:47,False,0.5404,0.0003019,364.598,0.1101,0xa6...2a40,https://etherscan.io/tx/0xd3f699c5567dad68bfe388df66143673c40bd6223dd67756e4b601d4a28df6ae
2023-03-22 11:08:59,False,0.5408,0.0003023,1019.9,0.3083,0x7a...8ddf,https://etherscan.io/tx/0x25276ee13c617a1df376b055279a3098e46c5bd68bfd6ee9d64da81cf6a31b2f
2023-03-22 11:07:35,False,0.5416,0.0003027,935.08,0.283,0x67...45c4,https://etherscan.io/tx/0x5e2b50e06b3930e30f40e9dfe6cd8b452ecc8ee0a4f4ac7aaea78fb390c4d140
2023-03-22 11:02:47,True,0.5449,0.0003047,214.284,0.0653,0xb9...4aa3,https://etherscan.io/tx/0x5de58164b6ce4d235e27f7546f00ea84b3faa3528bc24e61eddf9647d26d2990
2023-03-22 11:01:59,False,0.5444,0.0003046,7914.8,2.4115,0xa9...a12d,https://etherscan.io/tx/0x3c334c8f98ebf0ccbfd06b9a49d4dc30800aea42fa459fb32a6b39845207df6a
2023-03-22 10:58:35,False,0.548,0.0003067,1080.16,0.3313,0x82...0e2d,https://etherscan.io/tx/0xae951d624669460795e5e3655447adb2d65a1df8859cae489602e41a9ec2e242
2023-03-22 10:57:59,True,0.5514,0.0003086,909.307,0.2806,0xbf...50ba,https://etherscan.io/tx/0xba29129257c15f1463b1b531c7999b3d56a2cf97e49967ed72310967b9238d8f
2023-03-22 10:56:47,True,0.5509,0.0003083,324.297,0.1,0x6a...8880,https://etherscan.io/tx/0x0193b8d0dc576b5ff9cb085ccd0fdd67ba62c3016a3e30368b3354a68d165f08
2023-03-22 10:46:59,True,0.5508,0.0003082,345.907,0.1066,0xc3...3287,https://etherscan.io/tx/0x6319b66626fdc52d39c4bf0fdbcb97e7584f90514b807344f3cf00bd73e9f40d
2023-03-22 10:45:35,False,0.5497,0.0003075,5640.0,1.73482,0x83...9904,https://etherscan.io/tx/0x3c0730029193e6e7f0a3cb5660bc0bc96a6f137acaf3c95fafe980e2087da08b
2023-03-22 10:44:47,False,0.5523,0.000309,587.5,0.1815,0x7e...547c,https://etherscan.io/tx/0x106b042b38003de833347a4950481c6b8e81bf6620d3a7d1cf3b56e78bf1844e
2023-03-22 10:43:47,False,0.5528,0.0003093,668.495,0.2068,0xbc...a4c8,https://etherscan.io/tx/0x9bd485e3921144da1ce51c2cc210aec8dd12a7f7b8fa8a9f3f1fa0fecc67afd2
2023-03-22 10:43:11,False,0.5534,0.0003096,667.815,0.2068,0xa7...cc85,https://etherscan.io/tx/0xd57e1aa633af9ca6071f92e544d99940c839222a8c050ffb63f2ac91f2d017ed
2023-03-22 10:40:35,False,0.5546,0.0003099,423.0,0.1311,0x2e...a5a8,https://etherscan.io/tx/0xf2bb2c020387f47042f32ed8c47b0d289bb4277330a44a1b82ed851e68ecf55d
2023-03-22 10:39:11,True,0.5552,0.0003102,6994.55,2.16988,0x14...4b9f,https://etherscan.io/tx/0x5d9dd3a7b4865077ca3fbe971ab54d7c8232ba15c06f7b417029bfb5408d387d
2023-03-22 10:37:59,True,0.552,0.0003085,162.055,0.05,0x4e...08eb,https://etherscan.io/tx/0xc6d6d1fa913bb78bf457a91922e228a88ad645956fd2a8c9bff6909a689b29da
2023-03-22 10:36:35,True,0.5517,0.0003083,648.621,0.2,0x4e...08eb,https://etherscan.io/tx/0x90892d96f1cb6f8464441ed331fe55d9cac71fc6dbe47cdad4f9e1912de31ed4
2023-03-22 10:31:47,True,0.5507,0.0003079,1136.63,0.35,0x84...7270,https://etherscan.io/tx/0x11ab7d2202b5e372d92af2d44d70ac4defe5c5261121fa991d37f2d4ff4db2cc
2023-03-22 10:26:59,False,0.5469,0.0003062,1704.29,0.5218,0x88...6efc,https://etherscan.io/tx/0x44148cf39126b9edd4120a2ea987c7705dc339615718741877ad13040fc9d179
2023-03-22 10:26:23,True,0.5509,0.0003084,32.3228,0.0099,0x2c...38e1,https://etherscan.io/tx/0xdd3eb13f9200882cb4351d8d95c002c54a0612ea23beab8e3342210ab0dda17d
2023-03-22 10:25:59,True,0.5511,0.0003083,358.421,0.1105,0xde...d3af,https://etherscan.io/tx/0x264cc3648855ac9838a69bdd791354599790531025511f7632d1c3d12e68a080
2023-03-22 10:24:11,True,0.5503,0.0003079,1363.84,0.42,0x03...5dae,https://etherscan.io/tx/0x959d2abc63f3f291dffcad566bada35de51ac6f00e087f98ea6196ba391d2c9e
2023-03-22 10:21:11,True,0.5486,0.0003073,1301.52,0.4,0x7b...8efe,https://etherscan.io/tx/0x26e5e7d9a91766701adb154c4c3df95423f77e9a5b03bdfd02d21120d88bf09d
2023-03-22 10:19:59,True,0.5477,0.000307,26.562,0.0081,0xd1...9eef,https://etherscan.io/tx/0x6f40f67f2e618ff8cb43066ec13b41236f55e6420a66cd3b529eee77b07299d3
2023-03-22 10:18:59,False,0.5453,0.0003056,2050.38,0.6267,0x54...f44f,https://etherscan.io/tx/0x0175498fbce410c7b1ff3ef39f4b08f39120c8a0e1c4c871fd656b743665fe16
2023-03-22 10:18:35,False,0.5465,0.0003063,846.0,0.2591,0xd6...ac6a,https://etherscan.io/tx/0x15a30444b51f88d6a73c8c3c5afe11fa23fbf507f2e7447a655fcb1a37b90da7
2023-03-22 10:17:47,False,0.5493,0.000308,6580.0,2.02703,0xd6...ac6a,https://etherscan.io/tx/0xbf32677aefdd2e635f41fbfe822d907fc05500dc42bfec5692b8fc3055d9d346
2023-03-22 10:16:35,True,0.5553,0.0003114,169.056,0.0526,0xfd...6949,https://etherscan.io/tx/0x4a720893d72b1b25efdb9e8fdee7bde1dc4d871ecea0332e81bfc9475f8d4ce6
2023-03-22 10:16:11,True,0.5556,0.0003113,32.115,0.01,0x4b...52f0,https://etherscan.io/tx/0xf394e37772c85d75a8877a5d9535a1ddddf03db2650583e2ceaa4ccca5d87473
2023-03-22 10:14:35,False,0.553,0.0003096,752.0,0.2328,0x84...0f14,https://etherscan.io/tx/0x7734bd11279a9359b616cde3a27a3f9e21cb293689903e8904835e0b4b3c5504
2023-03-22 10:11:59,True,0.5559,0.0003113,1605.92,0.5,0x3c...549e,https://etherscan.io/tx/0xd34c075edcbb6ace046fadb4f0124343352434315254e920556d7dfa45d9c0c4
2023-03-22 10:08:59,False,0.5521,0.0003093,835.876,0.2585,0xe5...22f8,https://etherscan.io/tx/0xe30cd164c0a7acdd66f29985eff67aa73d09ac3bd5f4595a3e2cfe37029cbf66
2023-03-22 10:08:47,False,0.554,0.0003103,3695.91,1.14711,0x63...80f0,https://etherscan.io/tx/0xa07973163c64d2c4fc4430c9d43db36bf31fa4bd672eb8d608ba0421d48dfa1e
2023-03-22 10:05:59,True,0.5588,0.0003129,639.037,0.2,0x76...98c9,https://etherscan.io/tx/0xa04ee887a33b8ec4d0a1cfebcffdd275903b5af1f4606cbdff5a351a691a95be
2023-03-22 10:03:11,True,0.5516,0.0003089,16182.3,5.0,0xd2...7ce0,https://etherscan.io/tx/0x25be27719c955190d24559b696fe5f6ce1f072ec41b792c0e460d5035496f662
2023-03-22 10:00:35,True,0.5448,0.0003052,18.7758,0.0057,0x2f...2e66,https://etherscan.io/tx/0x53dd9f088c34b58aa0312b67e07b6b3a0069c40f5fa1cb7c9370fb91364fa8c8
2023-03-22 09:58:35,False,0.5431,0.0003042,3753.8,1.142,0x2a...556d,https://etherscan.io/tx/0xac3d5126029bb3cd1bdbdec6f94496335732dfe40b013e9a06b543d886cf21b7
2023-03-22 09:58:23,False,0.5453,0.0003055,1858.61,0.5678,0x8e...6868,https://etherscan.io/tx/0x285e73976ee090065f03043e8c1871fcf26ca705fb950b00a059f4608f331ff4
2023-03-22 09:57:47,False,0.5505,0.0003085,11140.3,3.43746,0xec...4ae3,https://etherscan.io/tx/0x912869a0ff5b3cdfb5210de3387266a29508b195275e7b5708cabc6e82450861
2023-03-22 09:56:11,False,0.5561,0.0003115,1515.97,0.4722,0xc2...0b9b,https://etherscan.io/tx/0xe65b6a620f774c42bb98a6f0fce6b18b34d94c0ec12d11825cbb642e4cdbd8bf
2023-03-22 09:55:35,False,0.5578,0.0003123,1915.11,0.5982,0x8e...6868,https://etherscan.io/tx/0x8da2cbb09e2a50b0ce32ec6e72890ade1b5b2d8cdf5436c5753e29e5625661f8
2023-03-22 09:55:23,True,0.5551,0.0003108,16084.5,5.0,0xd2...7ce0,https://etherscan.io/tx/0xc04c630ffb92142c765962cd183806fe25b5d56f19f744fd6e09b8ef6f2d75e5
2023-03-22 09:54:11,True,0.5417,0.0003032,16487.3,5.0,0xd2...7ce0,https://etherscan.io/tx/0x79640470d1fc3b35785a058063a9d58e40ee85cd9aabbced1936ea6899b751e2
2023-03-22 09:52:47,True,0.5288,0.0002957,16905.5,5.0,0xd2...7ce0,https://etherscan.io/tx/0xdde13af4a304685f28625f121f9207fc58476d907a4e33ba43894ac2e7dfbb17
2023-03-22 09:52:11,True,0.5158,0.0002883,17339.7,5.0,0xd2...7ce0,https://etherscan.io/tx/0xc4c32950b11770a3c92c3c6a06ffa93b2265d381dc721ae9cb6f4ef85786a199
2023-03-22 09:50:59,False,0.5071,0.0002834,2080.77,0.5897,0xec...a58c,https://etherscan.io/tx/0x7084e81cdeee33127890bba21be8a319a53311c87662c9dafd09a697461d95a8
2023-03-22 09:48:11,True,0.5101,0.0002851,2268.87,0.6468,0x21...192e,https://etherscan.io/tx/0xdc48a9bdd609cecb718c372ec776ce519c2a70f7d3ee6768819270d6e062198b
2023-03-22 09:29:35,True,0.5081,0.0002838,3522.48,1.0,0x56...44ce,https://etherscan.io/tx/0xa5eb2262b73bb2906a3137e54dcfb6c321c5763bf891844a7061d8e1ed4590e5
2023-03-22 09:29:11,True,0.5068,0.0002831,176.6,0.05,0xae...64a9,https://etherscan.io/tx/0x50a84e03c2a434b2a217adca96c28de268e9565e3eab312807354a6d50f52c86
2023-03-22 09:27:59,True,0.506,0.0002825,2419.74,0.6838,0x90...584c,https://etherscan.io/tx/0xa66a7164519be2fe4f7f4bd5f1871b91fd40067a8afe265a65ec94f4f301337b
2023-03-22 09:25:23,True,0.5049,0.0002818,1030.23,0.2904,0x7b...a639,https://etherscan.io/tx/0x4359b1e0f97af53d5c127058ee4a43ca14ae22c4e674bd6f32b3dd7c2c65380b
2023-03-22 09:23:11,True,0.5041,0.0002814,991.306,0.279,0x7a...8ddf,https://etherscan.io/tx/0xe4333cb4e17710f5078570d62134bc4bb0596b7190837f1764ceef803e0dd24e
2023-03-22 09:23:11,False,0.5043,0.0002816,10008.4,2.81862,0xd1...1522,https://etherscan.io/tx/0x7a96996ba0903aec26095c7d5b9368ab34dc5421300aa61f1fd2740ed58a92ad
2023-03-22 09:22:23,False,0.5088,0.000284,1962.32,0.5574,0x8e...6868,https://etherscan.io/tx/0xd9f571c95093844ba760037cbfeb592837fddad00c6f588710fdd2d9efaf4db7
2023-03-22 09:22:11,True,0.5123,0.000286,634.173,0.1814,0x90...584c,https://etherscan.io/tx/0xfc14e27d5e6b216f99ef634445bdac6663ac163e0cf47c0e510afb4a4ec28506
2023-03-22 09:20:59,True,0.5119,0.0002858,614.238,0.1755,0x7d...227e,https://etherscan.io/tx/0x90f0cab09a1667582536dada95a26e3ee432326dde6c216b1cc0970190b42e47
2023-03-22 09:20:11,True,0.5113,0.0002854,1001.52,0.2859,0x90...584c,https://etherscan.io/tx/0xd1ea72d1c80b9798315da7952d236d19df1d8e6dbeacb447d59456d71db265e7
2023-03-22 09:16:11,True,0.5104,0.000285,1164.81,0.332,0x1b...c680,https://etherscan.io/tx/0xad241da74cd64f13e2ce07178242a3fcbafb7d0211498eab4bcc91a4321c1606
2023-03-22 09:14:59,True,0.5069,0.0002829,8814.03,2.49397,0x44...fb06,https://etherscan.io/tx/0x22c2f59a3639d8d33ea44329778586414e6b616f43612359de4857ba345b466c
2023-03-22 09:10:59,True,0.5036,0.000281,320.194,0.09,0x90...584c,https://etherscan.io/tx/0x48c13f52afa541387eaa6679868ab53f54281844c5eb7f793a16a037a258449f
2023-03-22 09:10:23,True,0.5007,0.0002793,8050.93,2.24925,0x9e...8d30,https://etherscan.io/tx/0xf5c2a28f97d66aacd732a309c5208b846fdeb675fc110ba573ee19be4e9e375d
2023-03-22 09:03:11,True,0.4966,0.0002773,2181.26,0.6049,0x54...f44f,https://etherscan.io/tx/0xafef4bf0a4cde79416a1316a148531f93cd2a28a8c41823d14044ba0b9084e53
2023-03-22 08:57:59,False,0.493,0.0002752,188.0,0.0517,0xa2...4c7e,https://etherscan.io/tx/0x81c6c5c7794fbee5f138b9a4c0a36363cb25115245fcfa2e111fbeeaa4c3d7b9
2023-03-22 08:55:47,True,0.4966,0.0002769,180.557,0.05,0x9e...e4f7,https://etherscan.io/tx/0xdf1302a933ff3a7bd29cadddf844bfb919ee358dc32a15d9e95e63d2a5e224cc
2023-03-22 08:55:11,True,0.4893,0.0002728,20424.6,5.57302,0x0f...498a,https://etherscan.io/tx/0x3740d175d4b8a68d2f09fe19837634d67056b58e7ee820df29f67dfddaf18eae
2023-03-22 08:41:23,False,0.4785,0.0002673,470.0,0.1256,0x6d...b828,https://etherscan.io/tx/0xaa8721d08da28f6b4ab492d5ef6907516cf3ef67cbe2794cb77fe40c24652e27
2023-03-22 08:40:23,False,0.4793,0.0002678,1963.66,0.5259,0x57...fe4b,https://etherscan.io/tx/0x8dd6b0778ac9abe7fac88be6a3f4cd03a39dd2d4ffc9e580a646d968de614a18
2023-03-22 08:37:47,False,0.4807,0.0002685,1648.76,0.4427,0x67...e93e,https://etherscan.io/tx/0x98566ac20c926a725404788b6dcf12551f9278c2ccbbcd32cbfa64615d767e5e
2023-03-22 08:37:35,False,0.4818,0.0002691,1806.68,0.4863,0xc4...de63,https://etherscan.io/tx/0x25b8494c4472e330278c4495d1969e504fc51ea095772076dc161a2ee0c47d98
2023-03-22 08:35:11,True,0.4845,0.0002708,1500.0,0.4063,0x2e...7627,https://etherscan.io/tx/0x9059a0bfd76af4724fe06b85479e55383fbd4cc70ce6aaec4b1660dabdaca145
2023-03-22 08:29:23,True,0.4855,0.0002705,182.051,0.0492,0xc6...2650,https://etherscan.io/tx/0xc70c6d1f6a6d5f267014822499e0bdadf047ade098f8e86ef90287f045be408b
2023-03-22 08:25:47,False,0.4848,0.00027,5966.2,1.6111,0xa2...2a20,https://etherscan.io/tx/0xeedbbf64ad1019b14b2302ab730ba48cad63be42d669da9f6c0664485bce6ade
2023-03-22 08:20:23,True,0.4754,0.0002648,42045.4,11.1352,0xab...4c1b,https://etherscan.io/tx/0xd9db8474b5aa6b87c9c11d5f8e091d5b4df42496a3672d4a5802115cfc7637fc
2023-03-22 08:18:47,False,0.4593,0.0002558,1772.06,0.4534,0xdd...7b0a,https://etherscan.io/tx/0x3cb64f4da6105c05857c6a4be5abe21f5b018870f925da5f4c4872d08ae54766
2023-03-22 08:18:23,False,0.4604,0.0002564,1539.96,0.3949,0x7d...9481,https://etherscan.io/tx/0x6c7a70dda2f517d0e3944bc7c54649dd485ec4653c59f6e2bd47089d6e199f7a
2023-03-22 08:12:23,False,0.4613,0.0002569,909.756,0.2337,0x7f...5875,https://etherscan.io/tx/0xd66b5c127b9b040778e6cd76a73c698eca3c71ef17d2807f5101ba8857f7b950
2023-03-22 08:05:59,True,0.4639,0.0002582,2300.0,0.5939,0x9b...ea98,https://etherscan.io/tx/0x08917923f124fbcc5617a93ec66ec583d982f50538b6cff98568be3ae2d46422
2023-03-22 08:03:59,False,0.4639,0.0002582,10993.3,2.83899,0x12...ac1c,https://etherscan.io/tx/0x1e3d754ddd588b1a4e48ecc323de6ba8f4e5b51888e5825dea46e85779a970c1
2023-03-22 08:03:11,True,0.4691,0.0002611,3522.86,0.92,0x9e...8d30,https://etherscan.io/tx/0xfdec04887ed3c720655fa58f0ee9498c1dc30e8783b429b5b254f64ceddaf493
2023-03-22 07:57:23,False,0.4669,0.0002598,4700.0,1.22106,0x00...f3fb,https://etherscan.io/tx/0x2cca0f4a9694655db7a929804e689ae283413ccaca06b4d02c7c14f723bef2c3
2023-03-22 07:55:59,True,0.4708,0.0002619,1527.04,0.4,0x44...da25,https://etherscan.io/tx/0x55026db7f17fd15b69b0289bdbc7419c52dce845ed7c886e833d3d8dd54b17f5
2023-03-22 07:50:47,False,0.4682,0.0002605,2350.0,0.6122,0x74...cd61,https://etherscan.io/tx/0x315d4b672de3a533091edc70cdd0345db71adef53d8bd2740656d01cf1557f1e
2023-03-22 07:42:47,False,0.4696,0.0002612,1356.87,0.3544,0x7a...b2eb,https://etherscan.io/tx/0x1fd525857c27d81ade4bda9e15719d3a87798573a3764cda23435a737843bb5b
2023-03-22 07:42:23,True,0.4729,0.000263,26.1055,0.0068,0x23...f077,https://etherscan.io/tx/0x00c8d929e16a8596163465c2a4f848945187194f50a513a895a10febbc896ee7
2023-03-22 07:40:59,True,0.4728,0.0002628,1056.83,0.2777,0x0f...df87,https://etherscan.io/tx/0xff8a5cb1bbfa7fe301fff0e0006ee3d90d095bf7fb5b4a286faa51b32f6a83b5
2023-03-22 07:36:47,True,0.4724,0.0002625,342.776,0.09,0xbe...208c,https://etherscan.io/tx/0x28d53d7b4279145bdc413e94da30c4e973ac97f99f2d1bac5d7fd0bcb4e29638
2023-03-22 07:32:47,False,0.4703,0.0002615,3230.4,0.8448,0x95...fba9,https://etherscan.io/tx/0x3792822abd37aa28a1e10b20d4618156035060ecdc303088f3dfab012013b379
2023-03-22 07:29:47,False,0.4723,0.0002624,1972.67,0.5177,0xc8...2ad1,https://etherscan.io/tx/0x2afbc86a4c04dd1d1bc5c08da4d2e8ed945ed3ed2c67aa50919cd66cd99c6b09
2023-03-22 07:16:59,False,0.4762,0.0002645,9400.0,2.48713,0x44...fb06,https://etherscan.io/tx/0x0793c5c2724b1699a300f0f0ec5d3104d2ceaf399248ff40709bbf31c5d66c6c
2023-03-22 07:14:35,False,0.4811,0.0002674,5987.83,1.60163,0x25...6c67,https://etherscan.io/tx/0xf62fe80085479db134523e29f58ccbd77862bc4d3dd2822313cefeec0c1c0176
2023-03-22 07:10:35,False,0.4847,0.0002694,4492.18,1.21055,0x70...9093,https://etherscan.io/tx/0x53c0145ae24f9d72e6ad3d7c29b2a397f59b3d5eb360e9d74ac03f4483f75a07
2023-03-22 07:08:59,True,0.4897,0.0002718,504.283,0.1371,0xe6...e5cc,https://etherscan.io/tx/0xe7c0666ee48dd40ddb92a96eb15a7616eb6a11402602b17c347e6782871c5daa
2023-03-22 06:52:59,True,0.4899,0.0002717,368.051,0.1,0x1f...d27d,https://etherscan.io/tx/0x7484b42f43c793cccaa61878eccb88e21b415d6bba1fbe305b9bcad4dc8b29a9
2023-03-22 06:49:11,True,0.4897,0.0002716,132.546,0.036,0x33...35bf,https://etherscan.io/tx/0x4542827385395c610900b1ed7dd20bb1d43bed83e80c26c1c2b58215caca327f
2023-03-22 06:39:59,True,0.4894,0.0002712,1636.8,0.444,0xda...a620,https://etherscan.io/tx/0x2555e5d93b168accca129876e9320fe4ef16efe17796e916aa17cc5c592887fa
2023-03-22 06:38:11,True,0.4889,0.0002708,258.403,0.07,0xa4...e092,https://etherscan.io/tx/0x011b296e04d4a8d0c36d54818a01638ac5f7aef131dde31938a459af0cd738db
2023-03-22 06:36:35,True,0.4889,0.0002707,398.378,0.1078,0x58...b4b6,https://etherscan.io/tx/0x80985737e20a8144dc8fa87ba5430971f2a2e6ce40039ccaf6183d1d194e84fe
2023-03-22 06:31:35,False,0.4862,0.0002692,940.0,0.253,0xee...8d0a,https://etherscan.io/tx/0x9c87c14c58f2134aff1ae5e61cf25afc50cb8ed76c643dd5558e975de026a071
2023-03-22 06:30:47,False,0.4866,0.0002694,94.0,0.0253,0xef...afe4,https://etherscan.io/tx/0x68b474be167ecb6eb805eb06b26862befcf812d9a6b471894ff87e34e43d995f
2023-03-22 06:29:47,False,0.487,0.0002696,1136.83,0.3065,0x03...2f92,https://etherscan.io/tx/0x94344b5bca5bc4e0a2c7617376166c72ab6834fd0b5a43dc6d1cce51bab772d1
2023-03-22 06:29:23,False,0.4876,0.0002699,349.68,0.0944,0x58...6b07,https://etherscan.io/tx/0x9a5968b26b85dd904c7926ed1a6dc4c715467818c1c1fc83ac69c500ff60d602
2023-03-22 06:27:35,True,0.4898,0.0002711,2425.74,0.6578,0x38...067c,https://etherscan.io/tx/0xd6795e550059098ec393c639983b213f3b439f4af9365a067ddd490466b4cc0a
2023-03-22 06:26:35,False,0.4896,0.0002711,10589.3,2.87128,0x12...4196,https://etherscan.io/tx/0xf6942c73123eba49c49da61cc3111c1c1cafc87589e4835cd0628166004be341
2023-03-22 06:25:35,True,0.4955,0.0002745,1639.2,0.45,0xdb...e23e,https://etherscan.io/tx/0xf9181c60b8be6c4488b29808b2ac8cc9c18e56ef80828c351826ba6049093873
2023-03-22 06:24:23,True,0.4938,0.0002735,3436.6,0.94,0x95...fba9,https://etherscan.io/tx/0x7cf021c621df6d6c5303c23712e4cd8e7710eb614f58b1a9b74f00a9de77bdab
2023-03-22 06:23:47,True,0.4874,0.0002699,14815.6,4.0,0x25...ab52,https://etherscan.io/tx/0x731b3f8c2fecffa3a3b6126b5626ff409ddf3dd7da7f9d69754383de1bbe7141
2023-03-22 06:20:35,True,0.482,0.000267,749.026,0.2,0x83...e295,https://etherscan.io/tx/0x9e012ec252dc7832bc09325671d948392ee4e064649935906c60546abce9345a
2023-03-22 06:03:23,False,0.479,0.0002657,2427.49,0.645,0x02...5ae2,https://etherscan.io/tx/0x91c7ecf5aef1631ab25bab220b307b1f365ffc6260cea1905028e8c764a8c2ca
2023-03-22 06:01:59,True,0.4826,0.0002677,300.0,0.0803,0x33...8bcf,https://etherscan.io/tx/0x4a579269feb27cacf187e433e64981e5d26a48aeafbf87b720d30c1746118ed7
2023-03-22 06:01:11,False,0.482,0.0002674,7101.7,1.89911,0x35...a04c,https://etherscan.io/tx/0x28219ea17468f6c9dccf7a01ca691f7f820b91dd3de507d178d8256e173dabc1
2023-03-22 05:54:23,True,0.486,0.0002703,214.542,0.058,0xa6...69ef,https://etherscan.io/tx/0x9548e177467f7e846b394422e6405ec20048b3afee761171cd8e5f0f009e2bf4
2023-03-22 05:49:23,True,0.4859,0.0002702,62.586,0.0169,0xa1...fd1b,https://etherscan.io/tx/0x8194c6f9472ebabcd7355174b5bd7c03a8ed7a580e32338b3db2beed0f7d0374
2023-03-22 05:47:35,True,0.4858,0.0002702,370.088,0.1,0x0c...e035,https://etherscan.io/tx/0x89b41a6f037f768732b4492d253f8645336137190abbe9fdc6ba5cdba7dd1b6a
2023-03-22 05:47:35,True,0.4856,0.0002701,185.117,0.05,0x75...6345,https://etherscan.io/tx/0xa70722b4ad3a6fc9a435e0655fde1858cdb3603cd6d06aaae9f5a6026f4c30ad
2023-03-22 05:47:23,True,0.4842,0.0002693,3712.64,1.0,0xc9...e8b0,https://etherscan.io/tx/0x163791adb6df6a93010622cc509b35d495d2d672a053d210fa831749463df8d7
2023-03-22 05:45:59,False,0.4801,0.000267,186.12,0.0497,0x56...a787,https://etherscan.io/tx/0x36b7a19defcc2501ccb8735148475f8224e5fc6f709edd335575213fc4959cd4
2023-03-22 05:45:23,True,0.483,0.0002686,372.245,0.1,0x26...a517,https://etherscan.io/tx/0x0daa958d85514096a156345f82011a7c2f7b396a6ebef6641821ba2f931fff07
2023-03-22 05:44:35,False,0.4941,0.0002747,39863.9,10.9518,0xb9...35e0,https://etherscan.io/tx/0xfd759a98b94a1ddc8b0b64e273822572fae58403ecfd774963898692821dae08
2023-03-22 05:44:35,True,0.5115,0.0002843,175.828,0.05,0x32...2e04,https://etherscan.io/tx/0x78d7721efa80b0d8e4698bfb5901e08bad882d38c8dc94f87bf9ff886f603fac
2023-03-22 05:43:59,True,0.5113,0.0002842,527.756,0.15,0x26...a517,https://etherscan.io/tx/0x090d4ce90eb9f3a599b4c08465c3aeca616d88fede6cf356e6b25ed96e122dd6
2023-03-22 05:43:47,True,0.511,0.000284,352.064,0.1,0xf5...b1d5,https://etherscan.io/tx/0x5e6f976360dd5e8da60bba51ab7d2216c47891a8f19a1d61ec4668d2a32e5ba7
2023-03-22 05:43:35,True,0.5107,0.0002838,352.245,0.1,0x26...a517,https://etherscan.io/tx/0x31910c3574e776fc276050e92cd1a882db8738b3ba7075c4cbeff232b9da41d2
2023-03-22 05:43:23,False,0.5107,0.0002838,8560.6,2.43029,0x33...85fd,https://etherscan.io/tx/0x3359d23c046bfd65fe6f7b662549060f2f9ea08bbf0496995af7f8f23c21c13f
2023-03-22 05:42:35,False,0.5146,0.000286,1877.38,0.537,0x3d...af36,https://etherscan.io/tx/0x684ea9650f61c34f1781b5353fca7ad5bccc3088524b22a91c7e3f6db7b221ff
2023-03-22 05:37:11,True,0.5175,0.0002879,995.903,0.2867,0xf9...5573,https://etherscan.io/tx/0x8f82d2ba53d97c5e6e288c8e36993f3da2d48e08f045ae9dfb18767dbe8e0996
2023-03-22 05:36:47,False,0.5142,0.0002861,329.259,0.0942,0x2f...9804,https://etherscan.io/tx/0x9393b653b21c46b93f723b554be46c5add1659045aa09a2c1c6305ba1e55d207
2023-03-22 05:33:47,True,0.5159,0.0002871,3482.32,1.0,0xc9...e8b0,https://etherscan.io/tx/0x63013ecd9f2f6b0e18692409eeed4a4f710a37daee5402055dc1d39660eea093
2023-03-22 05:30:35,False,0.5125,0.000285,1692.0,0.4823,0xae...a889,https://etherscan.io/tx/0x9624bede49b6024831c6b9adafb8bd4ea7733648460d20fc562f78c210810dc7
2023-03-22 05:28:59,True,0.5161,0.0002871,118.418,0.034,0x43...3d18,https://etherscan.io/tx/0x45967fd613536fc569634ee43fa911d06b1a599bceaf38afadc201a40dc061d9
2023-03-22 05:28:23,True,0.516,0.000287,348.408,0.1,0x26...a517,https://etherscan.io/tx/0xe9b896473fbfa33abb886989fd551b0c6e45e5164df35c4867fb99f79c672de0
2023-03-22 05:27:35,False,0.5129,0.0002853,328.922,0.0938,0xfa...efef,https://etherscan.io/tx/0x3f644535082b6c5209caafd337f76871040a1babb2a04d2bbabd6897607369d1
2023-03-22 05:27:23,True,0.5159,0.0002869,452.979,0.13,0x26...a517,https://etherscan.io/tx/0x5e61d500fb57db4ac5acc0319c00a2739095e795a8ec28c7add608e2de3e45c9
2023-03-22 05:26:59,True,0.5157,0.0002868,348.651,0.1,0xe9...4d24,https://etherscan.io/tx/0x929d024a92f0b728f4669a55e48b5c8ba055285204513c68c05e07aff1c2589d
2023-03-22 05:26:35,True,0.5155,0.0002867,122.07,0.035,0x26...a517,https://etherscan.io/tx/0xf5d916430b2df8b3295b4fbf252f9df1af13fb1b3d54e4601c2a7f408d6cbbf6
2023-03-22 05:26:23,True,0.5155,0.0002866,348.892,0.1,0xfc...0414,https://etherscan.io/tx/0x523beee598b80ca5ef1812b94ca87461c58a2391d3ae380d697a2c041260a9ac
2023-03-22 05:26:11,True,0.5153,0.0002865,174.513,0.05,0x81...2bc3,https://etherscan.io/tx/0x9bcfc1687cfe02efd9caa83d969dbaa413773c11d32bf78b46654afc79f2742c
2023-03-22 05:25:59,True,0.5152,0.0002864,174.558,0.05,0x81...2bc3,https://etherscan.io/tx/0xe0d447b0a1d3adc49c02412b3d6df052fef6e209b4fba2ad895b3efa2d04c9e9
2023-03-22 05:25:59,False,0.5121,0.0002847,329.091,0.0937,0x34...b12e,https://etherscan.io/tx/0x1f06f0b7560d12ab48e2b6cf51935203801013f65c1e150c8ccd31bdc1688c04
2023-03-22 05:25:11,True,0.5151,0.0002863,698.342,0.2,0x58...6b07,https://etherscan.io/tx/0x8fab90ee215799c7523d94c43ac3dc8d657be763d2e1b9759c06311bdf8ce28e
2023-03-22 05:24:11,True,0.5146,0.0002861,699.058,0.2,0xfc...0414,https://etherscan.io/tx/0xb38b0acc5c48176c08c533cfb4bc386a41896e71c3655ac336950281d14f4b6d
2023-03-22 05:23:35,True,0.5142,0.0002858,368.996,0.1054,0xa5...ab04,https://etherscan.io/tx/0x980659048491eabe355fa5a9ec416c594a5c3f3e57af7dea5fa2be843754f01c
2023-03-22 05:23:11,False,0.5124,0.0002848,3760.0,1.07111,0x00...f3fb,https://etherscan.io/tx/0x6cb8e4511234982b80f55836cadd7a018dbeac0eea3051aaec374a4c5f013a16
2023-03-22 05:22:23,True,0.5165,0.0002871,1044.73,0.3,0xfc...0414,https://etherscan.io/tx/0x058fa42f88e8ca4877536a085fde069794cab46203b15f7c979002d3cf21d053
2023-03-22 05:22:11,True,0.516,0.0002868,261.434,0.075,0x8b...3822,https://etherscan.io/tx/0x342c42e018c53e849281b0fc46c41a75335129df4a2a74cb626b5d36d63e921d
2023-03-22 05:22:11,True,0.5158,0.0002867,348.735,0.1,0x31...e726,https://etherscan.io/tx/0xd68601688c129683c962ad232672605270f5d6e47dd22d2d8a464f0fc0e6a441
2023-03-22 05:21:11,True,0.5155,0.0002866,348.914,0.1,0x31...e726,https://etherscan.io/tx/0x038a15a4572a54af76fc00144fe978c7d7056f86c596cb135674e32f03803b30
2023-03-22 05:20:59,True,0.5154,0.0002864,349.093,0.1,0x57...27f6,https://etherscan.io/tx/0xe758c79202e67fd1c937561c9fc57232c9305bb657e34b81be5b34e7b557477d
2023-03-22 05:20:59,True,0.5152,0.0002863,174.613,0.05,0x57...27f6,https://etherscan.io/tx/0x6bc9ec31b8be6217e050645d0fe2463e19250f5a6e69aa4b4d98807c33fd8299
2023-03-22 05:20:59,True,0.515,0.0002862,174.658,0.05,0x57...27f6,https://etherscan.io/tx/0x2b77ba7938b6a38403b6294742fb83c7f3cd3e4634f15b3960ce06d2e9429874
2023-03-22 05:20:47,True,0.5146,0.000286,908.945,0.26,0xfc...0414,https://etherscan.io/tx/0xfa00446c7a835b422c57e30d25609dde446218a4ad902a3c6e9dfcb421413a15
2023-03-22 05:20:11,True,0.5142,0.0002857,349.917,0.1,0xfa...efef,https://etherscan.io/tx/0xb09841947e1e516a27bcab66cd160148804419732a128339d954fc10e3a7f363
2023-03-22 05:20:11,True,0.5139,0.0002856,350.096,0.1,0x34...b12e,https://etherscan.io/tx/0x10283a8bd41f79d8efc19f6d8c62646c079d99bb16b0da22acb78541a1b29dc1
2023-03-22 05:20:11,True,0.5136,0.0002854,350.276,0.1,0x2f...9804,https://etherscan.io/tx/0xd2ce015aec4f5978b157323dadd791bc90a59d4ac0154b96e0b9d38de2836478
2023-03-22 05:20:11,True,0.5126,0.0002849,2456.98,0.7,0x65...1793,https://etherscan.io/tx/0xb590c81a0150fceff86d784fd88a9d931d229985e41aa1704d929973aa37c6ac
2023-03-22 05:19:11,True,0.5114,0.0002843,351.719,0.1,0x26...a517,https://etherscan.io/tx/0x0c4765bf5900cf72c4888c82678b137fe8c1ab01576eb12a88eb120fbca7c5d4
2023-03-22 05:18:47,True,0.5107,0.0002841,703.98,0.2,0xeb...ed0c,https://etherscan.io/tx/0x640aae86164b065a5af1509c2d8ce3dfade8f7b09c2545d5ff5ed87f29e0854b
2023-03-22 05:18:35,True,0.5103,0.0002839,176.108,0.05,0x57...27f6,https://etherscan.io/tx/0x2553a2cbc9cb1b680615eb0dccb1d6c47442b1c5a92c1611cd1a034a2d7f2e39
2023-03-22 05:18:35,True,0.5102,0.0002838,176.154,0.05,0x57...27f6,https://etherscan.io/tx/0x98e3812157b8011555dc328c18988ddbd2ad53e0bb0dfd85dfcf1e05efe3c13b
2023-03-22 05:18:23,True,0.5099,0.0002836,705.068,0.2,0x0e...8c79,https://etherscan.io/tx/0x367a6177b9384f69da0dcf0005c786fc252f07ee6dccc4a18164954cd2235703
2023-03-22 05:18:11,True,0.5095,0.0002834,176.38,0.05,0x32...76ff,https://etherscan.io/tx/0x4fdd14ac325ac6b3cc4deddf4531ed67dcd36e3c8d4c89691a66dc8f83924275
2023-03-22 05:18:11,True,0.5094,0.0002834,176.426,0.05,0x57...27f6,https://etherscan.io/tx/0x0e809dbd34faafc5429ddd7024528c523709fe1f6b97227397fa01fe52eb7eef
2023-03-22 05:18:11,True,0.5092,0.0002832,423.608,0.12,0x26...a517,https://etherscan.io/tx/0x148bdee271c83b129e87aa456939ba750c181ae9b386567285653611b986e480
2023-03-22 05:17:47,True,0.5083,0.0002827,1956.23,0.5532,0x54...e16b,https://etherscan.io/tx/0x7d1a0cc7f7fbb0fd8e0dfd79e78fa76bb71a7d7b0806a82ee84e95ed5e4c8368
2023-03-22 05:17:47,True,0.507,0.000282,1503.74,0.4241,0xdc...603e,https://etherscan.io/tx/0x66635298bb035f93e59848bdbe2989707362bbd101b073ca8d6947c37d0995be
2023-03-22 05:17:23,True,0.5058,0.0002814,1776.8,0.5,0x30...b2b2,https://etherscan.io/tx/0xfb642ac82620acd7baa3615e91b1ccd89091eb4574b359b23897110298e3eb81
2023-03-22 05:17:23,True,0.505,0.0002809,533.936,0.15,0x43...3d18,https://etherscan.io/tx/0xf17afea1f98e956b3d43452748579f5034466e78e1a00e7db91b5be2ea31a229
2023-03-22 05:17:23,True,0.5046,0.0002807,356.187,0.1,0x7d...66d0,https://etherscan.io/tx/0x448697ea32ea1c2f518de3b3c5a34c9d1b430d80bf589ccce0facb37681c6d26
2023-03-22 05:17:11,True,0.5044,0.0002806,249.441,0.07,0x22...7336,https://etherscan.io/tx/0xc0132d85a7e926dbb071ec2ae8d89681e16150ffeec86214571320dc414f5a2c
2023-03-22 05:16:59,True,0.5042,0.0002805,356.501,0.1,0xe9...4d24,https://etherscan.io/tx/0x5ebf090793f01111ca8463b98b13d2235b6ea1ef7122165f7d8733a5498ec74f
2023-03-22 05:16:47,True,0.504,0.0002803,213.989,0.06,0x36...bffc,https://etherscan.io/tx/0x768f1abbc757a2c5e9ede9948c6c5be63577e75d16c1b2a37937cdb28535fd98
2023-03-22 05:16:35,True,0.5039,0.0002803,178.375,0.05,0x31...e726,https://etherscan.io/tx/0x57a3f51abeaf0b0c5c2017b7315ba091c2725eb0812d4f22f4da4bc260100784
2023-03-22 05:16:35,True,0.5038,0.0002802,142.733,0.04,0x0e...8c79,https://etherscan.io/tx/0x34d85d7e07dab5ec9c5ecdd5beeb0b242f95c5f45a00a6acf550d9f0e2a6be06
2023-03-22 05:16:23,True,0.5036,0.0002801,356.963,0.1,0x35...7201,https://etherscan.io/tx/0x126b6812d62b19f5a5cc1f116ab505589c1e2d10771b0ff01ace723459e6c9a3
2023-03-22 05:16:23,True,0.5033,0.0002799,464.328,0.13,0xc7...c5a7,https://etherscan.io/tx/0x98127bf03b54109e5c5f9108826b2525363a5d517a4ea2bb80af199ab04b1abc
2023-03-22 05:15:35,True,0.503,0.0002797,464.641,0.13,0xc7...c5a7,https://etherscan.io/tx/0xee865f4ae36df70d5fa0f0cf8c7df8021c3fd6778b19bf68d139bf3e4f146cc6
2023-03-22 05:15:23,True,0.5023,0.0002794,1431.63,0.4,0xd5...9e8d,https://etherscan.io/tx/0x17bd23803a6591df54bc7f9829665ca5e7a8481d341291acedb6a8a6062fd1f6
2023-03-22 05:15:23,True,0.5016,0.000279,358.373,0.1,0xf5...b1d5,https://etherscan.io/tx/0x9482395ae363ae90b388a2691a806a5fcdd81d49f94d98b0b23f690e9473aced
2023-03-22 05:14:59,True,0.5012,0.0002788,717.304,0.2,0x26...a517,https://etherscan.io/tx/0x620b0426e6fcc7ca595067941818990b7b30f859bb996662005fca89654cb157
2023-03-22 05:14:35,True,0.5008,0.0002786,358.931,0.1,0x43...3d18,https://etherscan.io/tx/0xf522880ee4d934c2a624d8dc01b41e412463cfbc1f2048b7681cb7bc5639e95e
2023-03-22 05:13:59,False,0.4983,0.0002772,1762.32,0.4885,0x16...78a9,https://etherscan.io/tx/0xe86ea1d97d0b4b52194eba39cc4f7a2b8c759064dc2b68f7e8975787a095d1f2
2023-03-22 05:12:35,False,0.5,0.0002781,2823.48,0.7853,0xf6...b397,https://etherscan.io/tx/0x3248791b7288772b6119f1702573f83d649e40d605c029635d6b59025c849a89
2023-03-22 05:11:47,False,0.5017,0.0002791,1984.34,0.5538,0x9e...41e3,https://etherscan.io/tx/0x60d2ea379c25874b6304e073baf90a17ad60542356861aa7fddb23ee107ee3cc
2023-03-22 05:10:59,False,0.5047,0.0002807,6001.56,1.68482,0x8d...7220,https://etherscan.io/tx/0xf7681098ee1a6949efc1d4d0febcf399c8558f4cd0f73a7566c78d6e1119fe7f
2023-03-22 05:07:59,False,0.5076,0.0002823,1876.31,0.5297,0x50...be22,https://etherscan.io/tx/0x72a22d9c6dd7641ba3b481a64cae1fea8f8f495fe3df8e7c9f9c99fcf0d0defd
2023-03-22 05:07:59,False,0.5121,0.0002848,10237.9,2.91632,0x50...be22,https://etherscan.io/tx/0x72a22d9c6dd7641ba3b481a64cae1fea8f8f495fe3df8e7c9f9c99fcf0d0defd
2023-03-22 05:07:23,False,0.5177,0.000288,4798.7,1.38208,0x7e...eb59,https://etherscan.io/tx/0x91146b3ec4606cb8bd4b7cfc2789014325c76fbeca172d1c031b98df82c3687d
2023-03-22 05:06:35,False,0.5222,0.0002904,6684.06,1.94147,0x91...d525,https://etherscan.io/tx/0x993c30308ba276212192c5e1ca8f6dca3f4a7efd6b0478570c7b1d12db74be8f
2023-03-22 05:06:35,False,0.5254,0.0002923,1833.09,0.5358,0x18...8bd4,https://etherscan.io/tx/0x5a7684055eba3eb8fea8d7c0bd5aa6ee6778cb19942684d18f783e6245320ceb
2023-03-22 05:04:59,True,0.5288,0.000294,1932.0,0.568,0x5c...2053,https://etherscan.io/tx/0xa73bdc02fef59580b72e0d963635621bed64c38d9b7e2d9dbd3576913552a1b2
2023-03-22 05:04:47,False,0.5256,0.0002922,1784.64,0.5215,0xa1...b28b,https://etherscan.io/tx/0xa7ce70d1a075eabd23a546c4b048e52fcd85f4781e27930caefa53f739a62ba2
2023-03-22 05:04:47,False,0.5264,0.0002927,470.0,0.1375,0xe0...9759,https://etherscan.io/tx/0xdb2f997cfc234a146be0f53e04c665b2b0e4fb560e5ddce0c03846ff39e798da
2023-03-22 05:04:35,True,0.5298,0.0002946,1.87827,5.533e-05,0x61...0f8a,https://etherscan.io/tx/0x13b0de88760b265e58c7f609fd57eec301ef466873b33d043701290da82272a2
2023-03-22 05:01:47,True,0.5296,0.0002945,339.0,0.0998,0x5c...2053,https://etherscan.io/tx/0xad9e8cd72d5074932521f643d67586fe1cac1da37d6d6e3e3efd91b402730e81
2023-03-22 04:59:59,True,0.53,0.0002944,186.389,0.0548,0x33...7fef,https://etherscan.io/tx/0xc484eab973cd34013093f3e92468e871a430507d6ebd3aa4f8e022a4bbb561e6
2023-03-22 04:59:47,True,0.5298,0.0002943,215.65,0.0634,0x9b...9c7d,https://etherscan.io/tx/0xfa23e6dd7551fb3fe68b6801e60a595704d7d6f57daa726a440ddf898cf24b5c
2023-03-22 04:59:35,True,0.5288,0.0002937,2451.2,0.72,0x5e...78ff,https://etherscan.io/tx/0x4e79f59432394fe2bcfcde552a6f23e70e4703bbb0a290ce35cd3ed8b3f7dd70
2023-03-22 04:58:35,True,0.5277,0.0002931,187.611,0.055,0xd1...e1b4,https://etherscan.io/tx/0xb5152764243539dcdcdaad798bd02fcc6b9265e1a738d4eba613cc4718c5c95a
2023-03-22 04:58:11,True,0.5272,0.0002928,1227.4,0.3594,0x03...2f92,https://etherscan.io/tx/0xd27adb93cf8a93add1966eac04597125e8d5c5427b1a752be87daa20fb4ac44b
2023-03-22 04:56:35,True,0.5263,0.0002923,886.684,0.2592,0xf9...5573,https://etherscan.io/tx/0xa77af18f4c446e993ae600ce8ce6d44fd451d3af995f401e504e4781c5c30445
2023-03-22 04:55:47,False,0.5228,0.0002904,94.0,0.0273,0xfb...9193,https://etherscan.io/tx/0xdcdc0165fb4fe0bbb049761069dbff7bd7e883182abd93705527c0410ff0b418
2023-03-22 04:54:47,True,0.526,0.0002922,85.5512,0.025,0xd9...6ffc,https://etherscan.io/tx/0x3667a0564b10646106c86ee307f5ba10e4427b5d382fb474e4a4553f6df8eca2
2023-03-22 04:50:59,False,0.5233,0.0002906,705.0,0.2048,0x99...ea1e,https://etherscan.io/tx/0xbf96a0952106c4b686be66f3ed17fd14b0cd44153e90a134a512a872d2168d2f
2023-03-22 04:49:35,True,0.5265,0.0002923,625.913,0.183,0xf4...90b2,https://etherscan.io/tx/0xb6e2e842994f008a11eba5bc8c3ab84ba1cfef199d64e88df5bae5077c97b909
2023-03-22 04:37:47,True,0.5248,0.0002913,4118.81,1.2,0x5b...0263,https://etherscan.io/tx/0xb0762f15f1e66a48d050a92dcdbc5dc196984a78dd1261d81e222b447d63a2d2
2023-03-22 04:31:11,False,0.5213,0.0002891,1880.0,0.5435,0xa5...75dc,https://etherscan.io/tx/0x5c010731a1cb82fe9f8e390644ded84c38783279d807dd37ba205e0059b55c62
2023-03-22 04:30:11,True,0.5254,0.0002911,341.929,0.0995,0x4d...7003,https://etherscan.io/tx/0x7bb386520e6fff373d381dd93284e6ec4e4beec4e664af2970faea0066d9e456
