datetime,buy_order,price_USD,price_native,amount_token,total_native,maker,etherscan_url
2023-03-22 07:42:23,True,0.4729,0.000263,26.1055,0.0068,0x23...f077,https://etherscan.io/tx/0x00c8d929e16a8596163465c2a4f848945187194f50a513a895a10febbc896ee7
2023-03-22 07:40:59,True,0.4728,0.0002628,1056.83,0.2777,0x0f...df87,https://etherscan.io/tx/0xff8a5cb1bbfa7fe301fff0e0006ee3d90d095bf7fb5b4a286faa51b32f6a83b5
2023-03-22 07:36:47,True,0.4724,0.0002625,342.776,0.09,0xbe...208c,https://etherscan.io/tx/0x28d53d7b4279145bdc413e94da30c4e973ac97f99f2d1bac5d7fd0bcb4e29638
2023-03-22 07:32:47,False,0.4703,0.0002615,3230.4,0.8448,0x95...fba9,https://etherscan.io/tx/0x3792822abd37aa28a1e10b20d4618156035060ecdc303088f3dfab012013b379
2023-03-22 07:29:47,False,0.4723,0.0002624,1972.67,0.5177,0xc8...2ad1,https://etherscan.io/tx/0x2afbc86a4c04dd1d1bc5c08da4d2e8ed945ed3ed2c67aa50919cd66cd99c6b09
2023-03-22 07:16:59,False,0.4762,0.0002645,9400.0,2.48713,0x44...fb06,https://etherscan.io/tx/0x0793c5c2724b1699a300f0f0ec5d3104d2ceaf399248ff40709bbf31c5d66c6c
2023-03-22 07:14:35,False,0.4811,0.0002674,5987.83,1.60163,0x25...6c67,https://etherscan.io/tx/0xf62fe80085479db134523e29f58ccbd77862bc4d3dd2822313cefeec0c1c0176
2023-03-22 07:10:35,False,0.4847,0.0002694,4492.18,1.21055,0x70...9093,https://etherscan.io/tx/0x53c0145ae24f9d72e6ad3d7c29b2a397f59b3d5eb360e9d74ac03f4483f75a07
2023-03-22 07:08:59,True,0.4897,0.0002718,504.283,0.1371,0xe6...e5cc,https://etherscan.io/tx/0xe7c0666ee48dd40ddb92a96eb15a7616eb6a11402602b17c347e6782871c5daa
2023-03-22 06:52:59,True,0.4899,0.0002717,368.051,0.1,0x1f...d27d,https://etherscan.io/tx/0x7484b42f43c793cccaa61878eccb88e21b415d6bba1fbe305b9bcad4dc8b29a9
2023-03-22 06:49:11,True,0.4897,0.0002716,132.546,0.036,0x33...35bf,https://etherscan.io/tx/0x4542827385395c610900b1ed7dd20bb1d43bed83e80c26c1c2b58215caca327f
2023-03-22 06:39:59,True,0.4894,0.0002712,1636.8,0.444,0xda...a620,https://etherscan.io/tx/0x2555e5d93b168accca129876e9320fe4ef16efe17796e916aa17cc5c592887fa
2023-03-22 06:38:11,True,0.4889,0.0002708,258.403,0.07,0xa4...e092,https://etherscan.io/tx/0x011b296e04d4a8d0c36d54818a01638ac5f7aef131dde31938a459af0cd738db
2023-03-22 06:36:35,True,0.4889,0.0002707,398.378,0.1078,0x58...b4b6,https://etherscan.io/tx/0x80985737e20a8144dc8fa87ba5430971f2a2e6ce40039ccaf6183d1d194e84fe
2023-03-22 06:31:35,False,0.4862,0.0002692,940.0,0.253,0xee...8d0a,https://etherscan.io/tx/0x9c87c14c58f2134aff1ae5e61cf25afc50cb8ed76c643dd5558e975de026a071
2023-03-22 06:30:47,False,0.4866,0.0002694,94.0,0.0253,0xef...afe4,https://etherscan.io/tx/0x68b474be167ecb6eb805eb06b26862befcf812d9a6b471894ff87e34e43d995f
2023-03-22 06:29:47,False,0.487,0.0002696,1136.83,0.3065,0x03...2f92,https://etherscan.io/tx/0x94344b5bca5bc4e0a2c7617376166c72ab6834fd0b5a43dc6d1cce51bab772d1
2023-03-22 06:29:23,False,0.4876,0.0002699,349.68,0.0944,0x58...6b07,https://etherscan.io/tx/0x9a5968b26b85dd904c7926ed1a6dc4c715467818c1c1fc83ac69c500ff60d602
2023-03-22 06:27:35,True,0.4898,0.0002711,2425.74,0.6578,0x38...067c,https://etherscan.io/tx/0xd6795e550059098ec393c639983b213f3b439f4af9365a067ddd490466b4cc0a
2023-03-22 06:26:35,False,0.4896,0.0002711,10589.3,2.87128,0x12...4196,https://etherscan.io/tx/0xf6942c73123eba49c49da61cc3111c1c1cafc87589e4835cd0628166004be341
2023-03-22 06:25:35,True,0.4955,0.0002745,1639.2,0.45,0xdb...e23e,https://etherscan.io/tx/0xf9181c60b8be6c4488b29808b2ac8cc9c18e56ef80828c351826ba6049093873
2023-03-22 06:24:23,True,0.4938,0.0002735,3436.6,0.94,0x95...fba9,https://etherscan.io/tx/0x7cf021c621df6d6c5303c23712e4cd8e7710eb614f58b1a9b74f00a9de77bdab
2023-03-22 06:23:47,True,0.4874,0.0002699,14815.6,4.0,0x25...ab52,https://etherscan.io/tx/0x731b3f8c2fecffa3a3b6126b5626ff409ddf3dd7da7f9d69754383de1bbe7141
2023-03-22 06:20:35,True,0.482,0.000267,749.026,0.2,0x83...e295,https://etherscan.io/tx/0x9e012ec252dc7832bc09325671d948392ee4e064649935906c60546abce9345a
2023-03-22 06:03:23,False,0.479,0.0002657,2427.49,0.645,0x02...5ae2,https://etherscan.io/tx/0x91c7ecf5aef1631ab25bab220b307b1f365ffc6260cea1905028e8c764a8c2ca
2023-03-22 06:01:59,True,0.4826,0.0002677,300.0,0.0803,0x33...8bcf,https://etherscan.io/tx/0x4a579269feb27cacf187e433e64981e5d26a48aeafbf87b720d30c1746118ed7
2023-03-22 06:01:11,False,0.482,0.0002674,7101.7,1.89911,0x35...a04c,https://etherscan.io/tx/0x28219ea17468f6c9dccf7a01ca691f7f820b91dd3de507d178d8256e173dabc1
2023-03-22 05:54:23,True,0.486,0.0002703,214.542,0.058,0xa6...69ef,https://etherscan.io/tx/0x9548e177467f7e846b394422e6405ec20048b3afee761171cd8e5f0f009e2bf4
2023-03-22 05:49:23,True,0.4859,0.0002702,62.586,0.0169,0xa1...fd1b,https://etherscan.io/tx/0x8194c6f9472ebabcd7355174b5bd7c03a8ed7a580e32338b3db2beed0f7d0374
2023-03-22 05:47:35,True,0.4858,0.0002702,370.088,0.1,0x0c...e035,https://etherscan.io/tx/0x89b41a6f037f768732b4492d253f8645336137190abbe9fdc6ba5cdba7dd1b6a
2023-03-22 05:47:35,True,0.4856,0.0002701,185.117,0.05,0x75...6345,https://etherscan.io/tx/0xa70722b4ad3a6fc9a435e0655fde1858cdb3603cd6d06aaae9f5a6026f4c30ad
2023-03-22 05:47:23,True,0.4842,0.0002693,3712.64,1.0,0xc9...e8b0,https://etherscan.io/tx/0x163791adb6df6a93010622cc509b35d495d2d672a053d210fa831749463df8d7
2023-03-22 05:45:59,False,0.4801,0.000267,186.12,0.0497,0x56...a787,https://etherscan.io/tx/0x36b7a19defcc2501ccb8735148475f8224e5fc6f709edd335575213fc4959cd4
2023-03-22 05:45:23,True,0.483,0.0002686,372.245,0.1,0x26...a517,https://etherscan.io/tx/0x0daa958d85514096a156345f82011a7c2f7b396a6ebef6641821ba2f931fff07
2023-03-22 05:44:35,False,0.4941,0.0002747,39863.9,10.9518,0xb9...35e0,https://etherscan.io/tx/0xfd759a98b94a1ddc8b0b64e273822572fae58403ecfd774963898692821dae08
2023-03-22 05:44:35,True,0.5115,0.0002843,175.828,0.05,0x32...2e04,https://etherscan.io/tx/0x78d7721efa80b0d8e4698bfb5901e08bad882d38c8dc94f87bf9ff886f603fac
2023-03-22 05:43:59,True,0.5113,0.0002842,527.756,0.15,0x26...a517,https://etherscan.io/tx/0x090d4ce90eb9f3a599b4c08465c3aeca616d88fede6cf356e6b25ed96e122dd6
2023-03-22 05:43:47,True,0.511,0.000284,352.064,0.1,0xf5...b1d5,https://etherscan.io/tx/0x5e6f976360dd5e8da60bba51ab7d2216c47891a8f19a1d61ec4668d2a32e5ba7
2023-03-22 05:43:35,True,0.5107,0.0002838,352.245,0.1,0x26...a517,https://etherscan.io/tx/0x31910c3574e776fc276050e92cd1a882db8738b3ba7075c4cbeff232b9da41d2
2023-03-22 05:43:23,False,0.5107,0.0002838,8560.6,2.43029,0x33...85fd,https://etherscan.io/tx/0x3359d23c046bfd65fe6f7b662549060f2f9ea08bbf0496995af7f8f23c21c13f
2023-03-22 05:42:35,False,0.5146,0.000286,1877.38,0.537,0x3d...af36,https://etherscan.io/tx/0x684ea9650f61c34f1781b5353fca7ad5bccc3088524b22a91c7e3f6db7b221ff
2023-03-22 05:37:11,True,0.5175,0.0002879,995.903,0.2867,0xf9...5573,https://etherscan.io/tx/0x8f82d2ba53d97c5e6e288c8e36993f3da2d48e08f045ae9dfb18767dbe8e0996
2023-03-22 05:36:47,False,0.5142,0.0002861,329.259,0.0942,0x2f...9804,https://etherscan.io/tx/0x9393b653b21c46b93f723b554be46c5add1659045aa09a2c1c6305ba1e55d207
2023-03-22 05:33:47,True,0.5159,0.0002871,3482.32,1.0,0xc9...e8b0,https://etherscan.io/tx/0x63013ecd9f2f6b0e18692409eeed4a4f710a37daee5402055dc1d39660eea093
2023-03-22 05:30:35,False,0.5125,0.000285,1692.0,0.4823,0xae...a889,https://etherscan.io/tx/0x9624bede49b6024831c6b9adafb8bd4ea7733648460d20fc562f78c210810dc7
2023-03-22 05:28:59,True,0.5161,0.0002871,118.418,0.034,0x43...3d18,https://etherscan.io/tx/0x45967fd613536fc569634ee43fa911d06b1a599bceaf38afadc201a40dc061d9
2023-03-22 05:28:23,True,0.516,0.000287,348.408,0.1,0x26...a517,https://etherscan.io/tx/0xe9b896473fbfa33abb886989fd551b0c6e45e5164df35c4867fb99f79c672de0
2023-03-22 05:27:35,False,0.5129,0.0002853,328.922,0.0938,0xfa...efef,https://etherscan.io/tx/0x3f644535082b6c5209caafd337f76871040a1babb2a04d2bbabd6897607369d1
2023-03-22 05:27:23,True,0.5159,0.0002869,452.979,0.13,0x26...a517,https://etherscan.io/tx/0x5e61d500fb57db4ac5acc0319c00a2739095e795a8ec28c7add608e2de3e45c9
2023-03-22 05:26:59,True,0.5157,0.0002868,348.651,0.1,0xe9...4d24,https://etherscan.io/tx/0x929d024a92f0b728f4669a55e48b5c8ba055285204513c68c05e07aff1c2589d
2023-03-22 05:26:35,True,0.5155,0.0002867,122.07,0.035,0x26...a517,https://etherscan.io/tx/0xf5d916430b2df8b3295b4fbf252f9df1af13fb1b3d54e4601c2a7f408d6cbbf6
2023-03-22 05:26:23,True,0.5155,0.0002866,348.892,0.1,0xfc...0414,https://etherscan.io/tx/0x523beee598b80ca5ef1812b94ca87461c58a2391d3ae380d697a2c041260a9ac
2023-03-22 05:26:11,True,0.5153,0.0002865,174.513,0.05,0x81...2bc3,https://etherscan.io/tx/0x9bcfc1687cfe02efd9caa83d969dbaa413773c11d32bf78b46654afc79f2742c
2023-03-22 05:25:59,True,0.5152,0.0002864,174.558,0.05,0x81...2bc3,https://etherscan.io/tx/0xe0d447b0a1d3adc49c02412b3d6df052fef6e209b4fba2ad895b3efa2d04c9e9
2023-03-22 05:25:59,False,0.5121,0.0002847,329.091,0.0937,0x34...b12e,https://etherscan.io/tx/0x1f06f0b7560d12ab48e2b6cf51935203801013f65c1e150c8ccd31bdc1688c04
2023-03-22 05:25:11,True,0.5151,0.0002863,698.342,0.2,0x58...6b07,https://etherscan.io/tx/0x8fab90ee215799c7523d94c43ac3dc8d657be763d2e1b9759c06311bdf8ce28e
2023-03-22 05:24:11,True,0.5146,0.0002861,699.058,0.2,0xfc...0414,https://etherscan.io/tx/0xb38b0acc5c48176c08c533cfb4bc386a41896e71c3655ac336950281d14f4b6d
2023-03-22 05:23:35,True,0.5142,0.0002858,368.996,0.1054,0xa5...ab04,https://etherscan.io/tx/0x980659048491eabe355fa5a9ec416c594a5c3f3e57af7dea5fa2be843754f01c
2023-03-22 05:23:11,False,0.5124,0.0002848,3760.0,1.07111,0x00...f3fb,https://etherscan.io/tx/0x6cb8e4511234982b80f55836cadd7a018dbeac0eea3051aaec374a4c5f013a16
2023-03-22 05:22:23,True,0.5165,0.0002871,1044.73,0.3,0xfc...0414,https://etherscan.io/tx/0x058fa42f88e8ca4877536a085fde069794cab46203b15f7c979002d3cf21d053
2023-03-22 05:22:11,True,0.516,0.0002868,261.434,0.075,0x8b...3822,https://etherscan.io/tx/0x342c42e018c53e849281b0fc46c41a75335129df4a2a74cb626b5d36d63e921d
2023-03-22 05:22:11,True,0.5158,0.0002867,348.735,0.1,0x31...e726,https://etherscan.io/tx/0xd68601688c129683c962ad232672605270f5d6e47dd22d2d8a464f0fc0e6a441
2023-03-22 05:21:11,True,0.5155,0.0002866,348.914,0.1,0x31...e726,https://etherscan.io/tx/0x038a15a4572a54af76fc00144fe978c7d7056f86c596cb135674e32f03803b30
2023-03-22 05:20:59,True,0.5154,0.0002864,349.093,0.1,0x57...27f6,https://etherscan.io/tx/0xe758c79202e67fd1c937561c9fc57232c9305bb657e34b81be5b34e7b557477d
2023-03-22 05:20:59,True,0.5152,0.0002863,174.613,0.05,0x57...27f6,https://etherscan.io/tx/0x6bc9ec31b8be6217e050645d0fe2463e19250f5a6e69aa4b4d98807c33fd8299
2023-03-22 05:20:59,True,0.515,0.0002862,174.658,0.05,0x57...27f6,https://etherscan.io/tx/0x2b77ba7938b6a38403b6294742fb83c7f3cd3e4634f15b3960ce06d2e9429874
2023-03-22 05:20:47,True,0.5146,0.000286,908.945,0.26,0xfc...0414,https://etherscan.io/tx/0xfa00446c7a835b422c57e30d25609dde446218a4ad902a3c6e9dfcb421413a15
2023-03-22 05:20:11,True,0.5142,0.0002857,349.917,0.1,0xfa...efef,https://etherscan.io/tx/0xb09841947e1e516a27bcab66cd160148804419732a128339d954fc10e3a7f363
2023-03-22 05:20:11,True,0.5139,0.0002856,350.096,0.1,0x34...b12e,https://etherscan.io/tx/0x10283a8bd41f79d8efc19f6d8c62646c079d99bb16b0da22acb78541a1b29dc1
2023-03-22 05:20:11,True,0.5136,0.0002854,350.276,0.1,0x2f...9804,https://etherscan.io/tx/0xd2ce015aec4f5978b157323dadd791bc90a59d4ac0154b96e0b9d38de2836478
2023-03-22 05:20:11,True,0.5126,0.0002849,2456.98,0.7,0x65...1793,https://etherscan.io/tx/0xb590c81a0150fceff86d784fd88a9d931d229985e41aa1704d929973aa37c6ac
2023-03-22 05:19:11,True,0.5114,0.0002843,351.719,0.1,0x26...a517,https://etherscan.io/tx/0x0c4765bf5900cf72c4888c82678b137fe8c1ab01576eb12a88eb120fbca7c5d4
2023-03-22 05:18:47,True,0.5107,0.0002841,703.98,0.2,0xeb...ed0c,https://etherscan.io/tx/0x640aae86164b065a5af1509c2d8ce3dfade8f7b09c2545d5ff5ed87f29e0854b
2023-03-22 05:18:35,True,0.5103,0.0002839,176.108,0.05,0x57...27f6,https://etherscan.io/tx/0x2553a2cbc9cb1b680615eb0dccb1d6c47442b1c5a92c1611cd1a034a2d7f2e39
2023-03-22 05:18:35,True,0.5102,0.0002838,176.154,0.05,0x57...27f6,https://etherscan.io/tx/0x98e3812157b8011555dc328c18988ddbd2ad53e0bb0dfd85dfcf1e05efe3c13b
2023-03-22 05:18:23,True,0.5099,0.0002836,705.068,0.2,0x0e...8c79,https://etherscan.io/tx/0x367a6177b9384f69da0dcf0005c786fc252f07ee6dccc4a18164954cd2235703
2023-03-22 05:18:11,True,0.5095,0.0002834,176.38,0.05,0x32...76ff,https://etherscan.io/tx/0x4fdd14ac325ac6b3cc4deddf4531ed67dcd36e3c8d4c89691a66dc8f83924275
2023-03-22 05:18:11,True,0.5094,0.0002834,176.426,0.05,0x57...27f6,https://etherscan.io/tx/0x0e809dbd34faafc5429ddd7024528c523709fe1f6b97227397fa01fe52eb7eef
2023-03-22 05:18:11,True,0.5092,0.0002832,423.608,0.12,0x26...a517,https://etherscan.io/tx/0x148bdee271c83b129e87aa456939ba750c181ae9b386567285653611b986e480
2023-03-22 05:17:47,True,0.5083,0.0002827,1956.23,0.5532,0x54...e16b,https://etherscan.io/tx/0x7d1a0cc7f7fbb0fd8e0dfd79e78fa76bb71a7d7b0806a82ee84e95ed5e4c8368
2023-03-22 05:17:47,True,0.507,0.000282,1503.74,0.4241,0xdc...603e,https://etherscan.io/tx/0x66635298bb035f93e59848bdbe2989707362bbd101b073ca8d6947c37d0995be
2023-03-22 05:17:23,True,0.5058,0.0002814,1776.8,0.5,0x30...b2b2,https://etherscan.io/tx/0xfb642ac82620acd7baa3615e91b1ccd89091eb4574b359b23897110298e3eb81
2023-03-22 05:17:23,True,0.505,0.0002809,533.936,0.15,0x43...3d18,https://etherscan.io/tx/0xf17afea1f98e956b3d43452748579f5034466e78e1a00e7db91b5be2ea31a229
2023-03-22 05:17:23,True,0.5046,0.0002807,356.187,0.1,0x7d...66d0,https://etherscan.io/tx/0x448697ea32ea1c2f518de3b3c5a34c9d1b430d80bf589ccce0facb37681c6d26
2023-03-22 05:17:11,True,0.5044,0.0002806,249.441,0.07,0x22...7336,https://etherscan.io/tx/0xc0132d85a7e926dbb071ec2ae8d89681e16150ffeec86214571320dc414f5a2c
2023-03-22 05:16:59,True,0.5042,0.0002805,356.501,0.1,0xe9...4d24,https://etherscan.io/tx/0x5ebf090793f01111ca8463b98b13d2235b6ea1ef7122165f7d8733a5498ec74f
2023-03-22 05:16:47,True,0.504,0.0002803,213.989,0.06,0x36...bffc,https://etherscan.io/tx/0x768f1abbc757a2c5e9ede9948c6c5be63577e75d16c1b2a37937cdb28535fd98
2023-03-22 05:16:35,True,0.5039,0.0002803,178.375,0.05,0x31...e726,https://etherscan.io/tx/0x57a3f51abeaf0b0c5c2017b7315ba091c2725eb0812d4f22f4da4bc260100784
2023-03-22 05:16:35,True,0.5038,0.0002802,142.733,0.04,0x0e...8c79,https://etherscan.io/tx/0x34d85d7e07dab5ec9c5ecdd5beeb0b242f95c5f45a00a6acf550d9f0e2a6be06
2023-03-22 05:16:23,True,0.5036,0.0002801,356.963,0.1,0x35...7201,https://etherscan.io/tx/0x126b6812d62b19f5a5cc1f116ab505589c1e2d10771b0ff01ace723459e6c9a3
2023-03-22 05:16:23,True,0.5033,0.0002799,464.328,0.13,0xc7...c5a7,https://etherscan.io/tx/0x98127bf03b54109e5c5f9108826b2525363a5d517a4ea2bb80af199ab04b1abc
2023-03-22 05:15:35,True,0.503,0.0002797,464.641,0.13,0xc7...c5a7,https://etherscan.io/tx/0xee865f4ae36df70d5fa0f0cf8c7df8021c3fd6778b19bf68d139bf3e4f146cc6
2023-03-22 05:15:23,True,0.5023,0.0002794,1431.63,0.4,0xd5...9e8d,https://etherscan.io/tx/0x17bd23803a6591df54bc7f9829665ca5e7a8481d341291acedb6a8a6062fd1f6
2023-03-22 05:15:23,True,0.5016,0.000279,358.373,0.1,0xf5...b1d5,https://etherscan.io/tx/0x9482395ae363ae90b388a2691a806a5fcdd81d49f94d98b0b23f690e9473aced
2023-03-22 05:14:59,True,0.5012,0.0002788,717.304,0.2,0x26...a517,https://etherscan.io/tx/0x620b0426e6fcc7ca595067941818990b7b30f859bb996662005fca89654cb157
2023-03-22 05:14:35,True,0.5008,0.0002786,358.931,0.1,0x43...3d18,https://etherscan.io/tx/0xf522880ee4d934c2a624d8dc01b41e412463cfbc1f2048b7681cb7bc5639e95e
2023-03-22 05:13:59,False,0.4983,0.0002772,1762.32,0.4885,0x16...78a9,https://etherscan.io/tx/0xe86ea1d97d0b4b52194eba39cc4f7a2b8c759064dc2b68f7e8975787a095d1f2
2023-03-22 05:12:35,False,0.5,0.0002781,2823.48,0.7853,0xf6...b397,https://etherscan.io/tx/0x3248791b7288772b6119f1702573f83d649e40d605c029635d6b59025c849a89
2023-03-22 05:11:47,False,0.5017,0.0002791,1984.34,0.5538,0x9e...41e3,https://etherscan.io/tx/0x60d2ea379c25874b6304e073baf90a17ad60542356861aa7fddb23ee107ee3cc
2023-03-22 05:10:59,False,0.5047,0.0002807,6001.56,1.68482,0x8d...7220,https://etherscan.io/tx/0xf7681098ee1a6949efc1d4d0febcf399c8558f4cd0f73a7566c78d6e1119fe7f
2023-03-22 05:07:59,False,0.5076,0.0002823,1876.31,0.5297,0x50...be22,https://etherscan.io/tx/0x72a22d9c6dd7641ba3b481a64cae1fea8f8f495fe3df8e7c9f9c99fcf0d0defd
2023-03-22 05:07:59,False,0.5121,0.0002848,10237.9,2.91632,0x50...be22,https://etherscan.io/tx/0x72a22d9c6dd7641ba3b481a64cae1fea8f8f495fe3df8e7c9f9c99fcf0d0defd
2023-03-22 05:07:23,False,0.5177,0.000288,4798.7,1.38208,0x7e...eb59,https://etherscan.io/tx/0x91146b3ec4606cb8bd4b7cfc2789014325c76fbeca172d1c031b98df82c3687d
2023-03-22 05:06:35,False,0.5222,0.0002904,6684.06,1.94147,0x91...d525,https://etherscan.io/tx/0x993c30308ba276212192c5e1ca8f6dca3f4a7efd6b0478570c7b1d12db74be8f
2023-03-22 05:06:35,False,0.5254,0.0002923,1833.09,0.5358,0x18...8bd4,https://etherscan.io/tx/0x5a7684055eba3eb8fea8d7c0bd5aa6ee6778cb19942684d18f783e6245320ceb
2023-03-22 05:04:59,True,0.5288,0.000294,1932.0,0.568,0x5c...2053,https://etherscan.io/tx/0xa73bdc02fef59580b72e0d963635621bed64c38d9b7e2d9dbd3576913552a1b2
2023-03-22 05:04:47,False,0.5256,0.0002922,1784.64,0.5215,0xa1...b28b,https://etherscan.io/tx/0xa7ce70d1a075eabd23a546c4b048e52fcd85f4781e27930caefa53f739a62ba2
2023-03-22 05:04:47,False,0.5264,0.0002927,470.0,0.1375,0xe0...9759,https://etherscan.io/tx/0xdb2f997cfc234a146be0f53e04c665b2b0e4fb560e5ddce0c03846ff39e798da
2023-03-22 05:04:35,True,0.5298,0.0002946,1.87827,5.533e-05,0x61...0f8a,https://etherscan.io/tx/0x13b0de88760b265e58c7f609fd57eec301ef466873b33d043701290da82272a2
2023-03-22 05:01:47,True,0.5296,0.0002945,339.0,0.0998,0x5c...2053,https://etherscan.io/tx/0xad9e8cd72d5074932521f643d67586fe1cac1da37d6d6e3e3efd91b402730e81
2023-03-22 04:59:59,True,0.53,0.0002944,186.389,0.0548,0x33...7fef,https://etherscan.io/tx/0xc484eab973cd34013093f3e92468e871a430507d6ebd3aa4f8e022a4bbb561e6
2023-03-22 04:59:47,True,0.5298,0.0002943,215.65,0.0634,0x9b...9c7d,https://etherscan.io/tx/0xfa23e6dd7551fb3fe68b6801e60a595704d7d6f57daa726a440ddf898cf24b5c
2023-03-22 04:59:35,True,0.5288,0.0002937,2451.2,0.72,0x5e...78ff,https://etherscan.io/tx/0x4e79f59432394fe2bcfcde552a6f23e70e4703bbb0a290ce35cd3ed8b3f7dd70
2023-03-22 04:58:35,True,0.5277,0.0002931,187.611,0.055,0xd1...e1b4,https://etherscan.io/tx/0xb5152764243539dcdcdaad798bd02fcc6b9265e1a738d4eba613cc4718c5c95a
2023-03-22 04:58:11,True,0.5272,0.0002928,1227.4,0.3594,0x03...2f92,https://etherscan.io/tx/0xd27adb93cf8a93add1966eac04597125e8d5c5427b1a752be87daa20fb4ac44b
2023-03-22 04:56:35,True,0.5263,0.0002923,886.684,0.2592,0xf9...5573,https://etherscan.io/tx/0xa77af18f4c446e993ae600ce8ce6d44fd451d3af995f401e504e4781c5c30445
2023-03-22 04:55:47,False,0.5228,0.0002904,94.0,0.0273,0xfb...9193,https://etherscan.io/tx/0xdcdc0165fb4fe0bbb049761069dbff7bd7e883182abd93705527c0410ff0b418
2023-03-22 04:54:47,True,0.526,0.0002922,85.5512,0.025,0xd9...6ffc,https://etherscan.io/tx/0x3667a0564b10646106c86ee307f5ba10e4427b5d382fb474e4a4553f6df8eca2
2023-03-22 04:50:59,False,0.5233,0.0002906,705.0,0.2048,0x99...ea1e,https://etherscan.io/tx/0xbf96a0952106c4b686be66f3ed17fd14b0cd44153e90a134a512a872d2168d2f
2023-03-22 04:49:35,True,0.5265,0.0002923,625.913,0.183,0xf4...90b2,https://etherscan.io/tx/0xb6e2e842994f008a11eba5bc8c3ab84ba1cfef199d64e88df5bae5077c97b909
2023-03-22 04:37:47,True,0.5248,0.0002913,4118.81,1.2,0x5b...0263,https://etherscan.io/tx/0xb0762f15f1e66a48d050a92dcdbc5dc196984a78dd1261d81e222b447d63a2d2
2023-03-22 04:31:11,False,0.5213,0.0002891,1880.0,0.5435,0xa5...75dc,https://etherscan.io/tx/0x5c010731a1cb82fe9f8e390644ded84c38783279d807dd37ba205e0059b55c62
2023-03-22 04:30:11,True,0.5254,0.0002911,341.929,0.0995,0x4d...7003,https://etherscan.io/tx/0x7bb386520e6fff373d381dd93284e6ec4e4beec4e664af2970faea0066d9e456
2023-03-22 04:25:35,False,0.5234,0.0002899,2445.03,0.7088,0xc1...ba31,https://etherscan.io/tx/0x99e6d7c8e528577f61d032a7c397a4b2f3e5c7114e9a203845f128a867281e48
2023-03-22 04:21:59,True,0.5268,0.0002921,189.754,0.0554,0x9f...a50c,https://etherscan.io/tx/0x935bfa30f661cea579e464cbac1c52def0d1eb1bca1ebfe34caf39adc80756e9
2023-03-22 04:15:11,False,0.5235,0.0002904,277.354,0.0805,0x7b...4d1c,https://etherscan.io/tx/0x40c27fcdf6ab5c6560de5618480eca7081115ca645c14dcd31e0d5f65846d7da
2023-03-22 04:15:11,True,0.5267,0.0002922,18.9765,0.0055,0x87...8554,https://etherscan.io/tx/0xa26d4d7e54aefd3aea03dcf0568560891c7d6921edaf7e71af1d0fe1d6339f24
2023-03-22 04:14:47,True,0.5258,0.0002919,1000.0,0.2919,0x04...1595,https://etherscan.io/tx/0x6f5eadc6d5926ed3a99dd415d98dfbc0a982bd0b7c97e2ed6dd7fc48ffe351fd
2023-03-22 04:14:35,True,0.5253,0.0002916,445.704,0.13,0x71...57e2,https://etherscan.io/tx/0x992e3b695fb618d76bb92e7fd06871ef7bdb28757903cc9b9440a313db644dd2
2023-03-22 04:11:35,True,0.5232,0.0002915,2.0,5.831e-05,0x59...50ad,https://etherscan.io/tx/0xd86a3ef8d223fd29249ef58c3963261ce4d8c228bf8b9d57b885a8c8cb98b941
2023-03-22 04:10:35,False,0.521,0.0002903,2413.07,0.7006,0x18...8bd4,https://etherscan.io/tx/0x7ed0b4c37e12a7c7509426eefda2f7962e6bd1eecb89d5255f8a09bd12fde04f
2023-03-22 04:10:35,False,0.5221,0.0002909,470.0,0.1367,0xe3...57c2,https://etherscan.io/tx/0xbae4a9ff5ff9320c360cff8615661b61e7d66eb61a6d02ec57c0a2bd8d7fce61
2023-03-22 04:08:59,False,0.5232,0.0002919,3961.16,1.15636,0xc0...f96d,https://etherscan.io/tx/0xd763377b3cc1c7cc61cb440e5abc49df27d60fc6ada2eaada12f669a9491dae8
2023-03-22 04:06:35,False,0.5258,0.0002934,3102.0,0.9103,0x7c...b172,https://etherscan.io/tx/0x04c0f02a9efe810a9611a7c45b653803f53416ffd74779dceaad7a11afc79b1a
2023-03-22 04:06:35,False,0.5285,0.0002949,3769.06,1.11173,0x59...50ad,https://etherscan.io/tx/0x536f24345cd6ea5c8120d03548c6a423095cf7b077a93812a201af5a8317f3da
2023-03-22 04:05:35,False,0.5336,0.0002978,9400.0,2.80007,0x5d...2cbb,https://etherscan.io/tx/0x179379e2764e955c6c9f9e85da0df0ef879f339eb8fad067eda695f432d56a51
2023-03-22 04:03:59,False,0.5396,0.0003006,3128.88,0.9408,0xb4...8b66,https://etherscan.io/tx/0x0eaba08230e4d9558e090426bb14f4517e873cc68066dc3191392768669a1e2f
2023-03-22 04:03:11,False,0.5413,0.0003015,857.28,0.2585,0xe4...e4d6,https://etherscan.io/tx/0x2614a1a10f01d83ed5229f76a2765ae08a6a63f44c09e1d1806c28da925525ab
2023-03-22 04:03:11,True,0.5444,0.0003033,1333.02,0.4043,0xc5...8e9e,https://etherscan.io/tx/0xdd035a58216066a4516e7ee16b4cda3147c80d01921042676b7595c16f513c74
2023-03-22 03:59:11,False,0.541,0.0003013,672.62,0.2026,0xc9...de5f,https://etherscan.io/tx/0x01a2e46b5901ad7d6da076b82dfe1568c42cabeb5c15f97553f1d5d89fb815d7
2023-03-22 03:58:23,True,0.5439,0.0003029,1633.78,0.4949,0x01...7653,https://etherscan.io/tx/0xcd4c4c771416c3da6cf4004052dcd097dc5906a1c252e547e247762aba8f79e3
2023-03-22 03:56:47,False,0.5411,0.0003013,2785.31,0.8394,0x18...8bd4,https://etherscan.io/tx/0x9c780a7d16f6cbf6fe2809d5dcb582d76c456a196c64180d0c7f729d49c164f5
2023-03-22 03:55:59,True,0.5457,0.0003038,57.4917,0.0174,0x2e...1242,https://etherscan.io/tx/0x0959f2e7ae7466db30c2e8a9811c728a2bc8d90feabd0873ba4752f70b89d2d1
2023-03-22 03:55:59,False,0.5425,0.000302,270.883,0.0818,0x0c...8eee,https://etherscan.io/tx/0x791185839a7e640deabf4cfbb5f47d59e08482a7abb32b6ec955a2075fc28ba1
2023-03-22 03:55:47,False,0.5433,0.0003024,1504.0,0.4548,0xb8...fc7a,https://etherscan.io/tx/0xc47c0dc145c1955f87916a185283ec12534c4eda9b3d38ca67b28ffcc4b0de43
2023-03-22 03:54:11,False,0.5448,0.0003033,2350.0,0.7128,0xb5...f55b,https://etherscan.io/tx/0x9c50d38f756859eca26f9c9b05350bd512dd3555b643075ea1f25b203c3e0f40
2023-03-22 03:52:47,True,0.548,0.000305,2690.46,0.8207,0xe2...056c,https://etherscan.io/tx/0x19ccf54201a3e0d16f82a21ccb74d9b76f6597657d2bab9b3ed69104a2a46e1a
2023-03-22 03:52:11,True,0.5468,0.0003044,62.443,0.019,0x38...a494,https://etherscan.io/tx/0x9212f71691acc7a2ee80ba50272f90116922f9fc2e2416ecea20382ebebb3077
2023-03-22 03:50:11,True,0.546,0.0003039,1991.0,0.6051,0xfc...1234,https://etherscan.io/tx/0xf9b0170403c1a3bb32c789173aff7d7cfc9c4af7d53e29eb0dd2b0acd0a805a3
2023-03-22 03:49:23,False,0.5421,0.0003018,547.756,0.1653,0x18...96f5,https://etherscan.io/tx/0x458e659b2086368201978a7d8a9f54c8c5086c04cd0535d4e9b6658cfd19a5a8
2023-03-22 03:47:11,True,0.5452,0.0003036,515.0,0.1563,0x7c...3343,https://etherscan.io/tx/0x7dfdb6a6c99d3188235dac78360bf9ed9b1df94055c623441c9281010be137fe
2023-03-22 03:46:35,True,0.5442,0.0003031,1847.59,0.56,0x4d...07b6,https://etherscan.io/tx/0x16ff5443d3bb5ce82ca91c5e27d61d96c025776c6a439987056b0763d96eaf7c
2023-03-22 03:43:47,False,0.5402,0.0003009,318.66,0.0959,0x33...8bcf,https://etherscan.io/tx/0x47c41487008342d1a0b5dc7d329383bf748c71099d6bbdbd42984179f0d1020b
2023-03-22 03:41:47,True,0.5433,0.0003025,1090.65,0.33,0x1a...8ad0,https://etherscan.io/tx/0x338a04575c63247637accc5e2d0cb6f601cc283d8cb8fdedc2f97000ef6e8eaf
2023-03-22 03:38:59,False,0.5401,0.0003008,1410.0,0.4241,0xdc...603e,https://etherscan.io/tx/0xcb920a295588e6f76f6d8aea7ae7c14ace09c70be307624e69d12c7e5a151a1c
2023-03-22 03:38:11,False,0.5417,0.0003017,2628.33,0.793,0x80...9c97,https://etherscan.io/tx/0xbc01fe51582ea13db98b5ed9ee49b0cbfa97d8590640634958d8097a3405b9ad
2023-03-22 03:36:11,False,0.543,0.0003024,564.0,0.1706,0xe3...57c2,https://etherscan.io/tx/0xcbbabaed78b08830afcf6f552ff5724417f65b4a4536f5d1b0410afcfad31b74
2023-03-22 03:36:11,True,0.5465,0.0003044,100.0,0.0304,0x12...68c0,https://etherscan.io/tx/0x2e92ce3b73e750efb061716f9cf5de7e6ed9eba55df9ba48b0f81ad7f14124f2
2023-03-22 03:33:47,False,0.5441,0.000303,2264.95,0.6864,0x58...82e1,https://etherscan.io/tx/0x5340234e62adb29532b1f1d53b450fcc96d1720c1a2e81aed00140091df1aa21
2023-03-22 03:32:35,False,0.5464,0.0003043,3102.0,0.9439,0xad...4ef4,https://etherscan.io/tx/0xe141c4d2f9067c29426e79ad86eb0a407463524a0d798a35e803ef003f7adfe5
2023-03-22 03:27:11,False,0.5481,0.0003051,470.691,0.1436,0x2c...288f,https://etherscan.io/tx/0x2a96e648837ca366541cd7347dc3b2d36cb5903976603c5e2629159089d12158
2023-03-22 03:26:35,True,0.5512,0.0003068,1010.29,0.31,0x0b...9e52,https://etherscan.io/tx/0x049a6e2357bfe30870f14d95c50b67a30aaddc09df75738fe4b707b111da76b4
2023-03-22 03:24:11,True,0.5503,0.0003063,1305.9,0.4,0xda...a620,https://etherscan.io/tx/0xf3f4c9caf8b534a188ae3d70a6efefe9e84d06e243438e4c254c719f64cd967f
2023-03-22 03:22:23,True,0.5498,0.0003059,130.732,0.04,0xb5...64c6,https://etherscan.io/tx/0x7ab1f66b62e8474e9b754acd2fc9056886b54158f42f556d66bd0f2f78028bb7
2023-03-22 03:21:59,True,0.5493,0.0003056,1472.52,0.45,0xdf...bb8b,https://etherscan.io/tx/0xcebcf823f12e2802ec45145ddedbca4f3a9b7d1a8560d6e0ebd738e2bc7bf327
2023-03-22 03:19:23,True,0.5485,0.0003052,229.355,0.07,0xdf...50ac,https://etherscan.io/tx/0xd00fb695120fb181e674558caa5c7ab65fb6324fe995d4cbb2bd54dbd0dfde3f
2023-03-22 03:16:59,False,0.546,0.0003037,1821.24,0.5531,0xd5...2a9b,https://etherscan.io/tx/0xfc796595ac39bbf765de818561f43abeea5270acac95e31e1e145b64e43224c4
2023-03-22 03:16:47,True,0.5499,0.0003059,409.491,0.1252,0xde...da75,https://etherscan.io/tx/0xdc6ea94b49d00e9fa2a36a5d17c5f6806c244ea39465266f35a9f526ebf1d5f4
2023-03-22 03:16:23,True,0.5493,0.0003055,981.757,0.3,0xa7...0269,https://etherscan.io/tx/0x0cae66207198a74c41fa343caea4184a9fd513c3b3bd54153837052d7580a6a2
2023-03-22 03:11:23,True,0.5485,0.0003053,32.7504,0.01,0x91...d525,https://etherscan.io/tx/0x06cc8f9ce9ca2242b6d0ee4e435dd3461bf8931d88a553531d1cc6ac84fcfd37
2023-03-22 03:10:47,True,0.5477,0.0003051,655.35,0.2,0x21...6b77,https://etherscan.io/tx/0x97d0bce9233dd3d942138af62a26d6113d262ebc106b02e82213e31fadb0290d
2023-03-22 03:10:47,False,0.5442,0.0003032,138.984,0.0421,0x6e...d5ce,https://etherscan.io/tx/0xebec9b6c370cde459ac6273e91afee9609fc35eb028d2938cc65146edac13f44
2023-03-22 03:09:35,True,0.547,0.0003047,1626.94,0.4957,0x82...412c,https://etherscan.io/tx/0xc452b8abadec193e942b6a4326666807d150a991db0236f21129df3a3c0ebef2
2023-03-22 03:08:11,True,0.5451,0.0003038,2101.06,0.6384,0x82...412c,https://etherscan.io/tx/0x253f8772040a2c42ed27db0ca0d767304e2266414732b21fd124c49e00896eeb
2023-03-22 03:07:59,True,0.5438,0.0003031,989.607,0.3,0xdf...bb8b,https://etherscan.io/tx/0xc575c6c8a9dc0ed9e95fbad00bd53b5cb474fd69126fa5e8de00c2a1df56b560
2023-03-22 03:06:23,True,0.5429,0.0003027,660.56,0.2,0x92...c249,https://etherscan.io/tx/0xae6a6a98688e228fcdf881b30950ca6f3c61fcd0c4ba3769aba9844b7a2321bb
2023-03-22 03:05:35,True,0.5426,0.0003026,116.177,0.0351,0x29...a419,https://etherscan.io/tx/0xb231ba02f6bb2b5ea58e3b8445cf580ac92f3c7dd6f1f77bf8f68d2e3817a156
2023-03-22 03:02:23,True,0.5424,0.0003025,285.795,0.0864,0x0b...36f3,https://etherscan.io/tx/0xfd60a8c4e0d693f7af79bae2d6bdb737321d1ee2a93278b39d81d7a4badef950
2023-03-22 03:01:23,True,0.5421,0.0003023,506.08,0.153,0xcb...03dd,https://etherscan.io/tx/0xff29f550b4949176a0dbe0610f861f04a956ff96c7c7e7fb1b7581f596697a49
2023-03-22 02:58:35,True,0.5416,0.000302,662.125,0.2,0xb8...7a0c,https://etherscan.io/tx/0x9b9e995c9190bc69b9f897c228dce0c14de6043ae4c97c41ba82c5a108d5f46e
2023-03-22 02:58:35,False,0.5389,0.0003005,2015.99,0.6059,0x9b...ea98,https://etherscan.io/tx/0x352522347a6b216d6beea01f9269618031d32414c483294f8441717c57e32b56
2023-03-22 02:49:59,False,0.54,0.0003011,655.359,0.1973,0x82...5336,https://etherscan.io/tx/0xf7518ba954cd6a3b97d88b7dd3d076215c91ccb78c51ac71422a267b0a53e15a
2023-03-22 02:46:59,True,0.5415,0.0003023,3508.49,1.06069,0x8b...cb05,https://etherscan.io/tx/0xdec7cbe3c3a719f88bcc2bee1448e977ef52e4e3ea026792d4d942bd48f3ec96
2023-03-22 02:46:11,False,0.5378,0.0003001,1880.0,0.5642,0x65...1793,https://etherscan.io/tx/0x3808779b5ab3e51b242cd8fcba97443b69709c6b89b29706459435b78cfcfed7
2023-03-22 02:45:59,False,0.5391,0.0003008,1410.0,0.4242,0x65...1793,https://etherscan.io/tx/0xb2d8faa88905c59917e6acb481ffeb4b4f4c9d0755e5ff892e34ecfcc89d1f47
2023-03-22 02:45:47,False,0.5407,0.0003017,2514.78,0.7589,0x12...b028,https://etherscan.io/tx/0xc1729a46e47f1bfc98f0d726a18a9dbe3d6e37c93fa192b117db06bad8e3ed0c
2023-03-22 02:44:59,True,0.5443,0.0003039,1000.0,0.3039,0x4b...2cc4,https://etherscan.io/tx/0xb4dd9fbedf08bec7350ebde932660e92c54f2751349e19a659fef783357faea9
2023-03-22 02:43:23,True,0.5423,0.000303,2754.62,0.8348,0x0e...0514,https://etherscan.io/tx/0x0415093d90abf64d2728401615df4a5b5fdb6dc57c73c9fba23e14c3011fad9c
2023-03-22 02:42:11,True,0.5411,0.0003023,277.792,0.084,0xc4...2ffd,https://etherscan.io/tx/0xf7d3979a524a9b73699be5b9dfdbdd86c2c83daf74a2b1bb231b67abe4d5c447
2023-03-22 02:40:47,True,0.5408,0.0003021,816.008,0.2465,0xc6...7e68,https://etherscan.io/tx/0x332e9251a00923744a6130e6ddadabd69ac0980c508c92b079e16b580f52f8e3
2023-03-22 02:40:23,True,0.5398,0.0003015,1657.98,0.5,0xf7...8b5c,https://etherscan.io/tx/0x3272495a19523b88cc51c0622e0f274ccb19b7c446d884ee1c55d73e5b98c019
2023-03-22 02:39:35,True,0.539,0.0003011,244.274,0.0735,0x29...a419,https://etherscan.io/tx/0xe80cf74ad1535b52fede11be10bc30801e827a64701f5349fcdf2de4f2594f90
2023-03-22 02:38:35,False,0.5399,0.0003016,10256.3,3.09338,0xc9...c1f9,https://etherscan.io/tx/0x674351b57f9876680be54337f0d0f4b021d15b2e8ad249607e5ad4c03441e67d
2023-03-22 02:37:23,False,0.5447,0.0003043,1598.93,0.4865,0xb5...3d2f,https://etherscan.io/tx/0xace23934b1157d752c947ed81cb4783e29a380361400d9b8ded3d092baa053f7
2023-03-22 02:36:47,False,0.5461,0.0003051,1888.81,0.5763,0x48...716c,https://etherscan.io/tx/0x6db1546ad200d76f0bd1a1d1c0c3ab261e1142cd06068d70d59661e8008efe92
2023-03-22 02:35:47,False,0.5532,0.000309,15040.0,4.64856,0x8d...bba6,https://etherscan.io/tx/0x38c28cddb5f5f165177b6835743ee5a2e61c64429c68a7c2211ab1871c4eb381
2023-03-22 02:30:23,True,0.5626,0.000314,2111.11,0.6629,0x38...0edb,https://etherscan.io/tx/0xcd6527470d3a22f57906cf0ad974e4503a39dae9e381c7a48ea793ea705e2ca9
2023-03-22 02:28:47,True,0.5609,0.0003132,888.194,0.2782,0x6f...b4f9,https://etherscan.io/tx/0xb98d111fd5d2ee523cd93100c3d627376f62b58cf2322c6d0935acc3a074783b
2023-03-22 02:28:35,False,0.5582,0.0003118,2820.0,0.8794,0x44...5e0e,https://etherscan.io/tx/0x4bc3c862c1e83125d52603467c2e6f8de0f088a398d1a8660d3600a9e1ee7085
2023-03-22 02:28:23,True,0.5622,0.0003141,1341.2,0.4212,0x66...1bc4,https://etherscan.io/tx/0xb9d2abf51cae3c01ee48cec180e9590e4856c0299ba0952069629ffc1dc75f85
2023-03-22 02:27:11,False,0.5595,0.0003125,2820.0,0.8814,0x44...5e0e,https://etherscan.io/tx/0xb3b59641d370fab535d8d758e61932e133190e1c98aec4f36d0d4ebc0e8d9079
2023-03-22 02:26:35,True,0.5639,0.000315,303.512,0.0956,0x5d...7bd1,https://etherscan.io/tx/0xed05829d99418e6ce18b8994694214ba1347e61a38a8d3b1c4a12acb34de863a
2023-03-22 02:26:23,False,0.562,0.0003142,4569.46,1.43579,0xff...2b35,https://etherscan.io/tx/0x77ec2b70e6b9c53f1b30ce61835eaaaa3d1310b327488e21df835ab1d318c49a
2023-03-22 02:24:59,True,0.5632,0.0003152,8000.0,2.52214,0x6b...dfcd,https://etherscan.io/tx/0x8f0d45508d022e62da033aae786972936f885389075552c80f4a55cf30b75173
2023-03-22 02:24:47,True,0.5597,0.0003133,127.672,0.04,0x1b...243b,https://etherscan.io/tx/0xbae825f8b09d434aa82e14127d9745d054911d87f4e6246bbbc794060b89ee12
2023-03-22 02:19:59,True,0.5592,0.0003132,100.0,0.0313,0x68...8581,https://etherscan.io/tx/0x5d98f5eb5d39b09133cc00c48fc952afb82b38e83e40a630cef1bfe9799567fe
2023-03-22 02:19:59,True,0.5584,0.0003128,1758.3,0.55,0xd6...ef96,https://etherscan.io/tx/0x3270e763df0ea6838daf6cb712191738b40654ff52db451ff7de2d447433aae8
2023-03-22 02:19:23,True,0.5576,0.0003123,288.174,0.09,0x0c...8eee,https://etherscan.io/tx/0x4265a22c35d98dd440f2ff8fd53ae0792fc4fb8e67b0f981be1659bef9dffeaf
2023-03-22 02:17:35,True,0.5566,0.0003114,3210.53,1.0,0xc1...5189,https://etherscan.io/tx/0xc08d8c5adc27b1aec85e36040cd3bb8b213e7fdaf935b1900fa4965c628ece1d
2023-03-22 02:15:35,False,0.5521,0.0003089,312.934,0.0966,0x0c...8eee,https://etherscan.io/tx/0x8131075141f4aab3fd7f5076fde3b7c9558576ee577d1b16c643b45001677c7e
2023-03-22 02:12:23,True,0.5558,0.0003106,769.974,0.2392,0xb1...a36b,https://etherscan.io/tx/0x36bd57d2320a935729794e00d50809e3a56a0945d49147793e34b1eb1169d9a7
2023-03-22 02:12:11,False,0.5523,0.0003086,235.0,0.0725,0xf8...0a3c,https://etherscan.io/tx/0x6330ab9dbae41dcaf1693370cc2bd64b15faf03b9fb938b9ee32c081a8f4e83c
2023-03-22 02:11:35,True,0.5531,0.000309,6470.92,2.0,0xc9...e8b0,https://etherscan.io/tx/0xa2ea7d532d3a06fb0532fa14e672d636648e3b4cafd81ecc5e8ba52b49bbaa22
2023-03-22 02:09:47,True,0.5485,0.0003064,4567.85,1.4,0x32...a876,https://etherscan.io/tx/0x297cb8a493e2ff0e82e204d2af2465b20268854a6ed43ed9eef5e737ae20e370
2023-03-22 02:07:59,True,0.5465,0.0003052,687.914,0.21,0xdb...8367,https://etherscan.io/tx/0xf7b284a0dc68199c7a877db7d560fbfbe6699185b8724372ada95aedadc0f3ee
2023-03-22 02:07:47,False,0.5468,0.0003054,9408.36,2.87386,0xab...fd36,https://etherscan.io/tx/0x387fafeca23d532464ad61a913c202f1c84737bee10f29815b14969cbf413dde
2023-03-22 02:05:47,True,0.5536,0.0003094,135.301,0.0418,0x29...a419,https://etherscan.io/tx/0xe2e0dd3299666b6f9d072c69cca43232483a069af28fbd4a813a2ceb4a7bcff4
2023-03-22 02:05:35,True,0.5529,0.000309,1553.08,0.48,0xfe...26bc,https://etherscan.io/tx/0x5934b6565448c2e583cd068bd09febd5f0646d6202b23791e60ebaf614a9d380
2023-03-22 02:05:11,True,0.5508,0.0003082,1946.53,0.6,0x9d...c79d,https://etherscan.io/tx/0x3be7ce56d9d6f2377aba09118d3771040d73749b12fb26fe8abc476d690623e8
2023-03-22 02:03:35,True,0.5483,0.000307,3093.84,0.95,0x32...a876,https://etherscan.io/tx/0x1bce16fcad0fbfe33ef849b6beee68b1ef990a792ce558e59c0571d50928bdfa
2023-03-22 02:02:59,True,0.5465,0.0003059,1619.88,0.4956,0x29...ad05,https://etherscan.io/tx/0x7f9aab44e73e71318ba6a6546bd1a7735b08ce327a91079c82a8fe881216c37b
2023-03-22 01:59:11,False,0.5439,0.0003043,2504.25,0.7621,0xc1...ba31,https://etherscan.io/tx/0x9ddc33669d25093482ca935276fb7fae09db54e1861f20033e66c753feab913d
2023-03-22 01:58:47,False,0.5461,0.0003055,2833.25,0.8657,0x80...9c97,https://etherscan.io/tx/0x56b46907bc2533b2e898f389add9becc7d975f7faf40b7d392546e60c463708e
2023-03-22 01:57:35,False,0.5476,0.0003064,732.549,0.2244,0xf5...9221,https://etherscan.io/tx/0xb5f017fc1dd00eb18a3a0813182e5821b79ebfb10fb43c2d2f05bb1e390763c8
2023-03-22 01:57:23,False,0.5484,0.0003068,1410.0,0.4327,0x65...1793,https://etherscan.io/tx/0xcc655d422ac7d22e760fbf7312171b88d1e4ad65fed5a80e538e435c7e016428
2023-03-22 01:53:47,True,0.5522,0.0003089,493.598,0.1525,0x67...546f,https://etherscan.io/tx/0xe8b34fe7b3a064af581049ef046dc16fb519aa447ef52aa2100df6884b5d1189
2023-03-22 01:52:59,False,0.5539,0.0003098,12196.6,3.77933,0x39...c6eb,https://etherscan.io/tx/0xcc656140173bac7d364ea8aae2cc96b5ae66800af85680e95a76ba9c1e07eda0
2023-03-22 01:52:59,True,0.5623,0.0003145,403.038,0.1267,0x8d...7255,https://etherscan.io/tx/0x6af9aebad31d03229599d8a9b0ba364107044022414fa999f37d412b2459624d
2023-03-22 01:52:47,True,0.561,0.0003138,2684.74,0.8424,0x36...2dd2,https://etherscan.io/tx/0xbc16eed6e66c768c3bfc1000dc5140045475143d00b9e0f4092c4ece2bd9e5ee
2023-03-22 01:51:35,False,0.5573,0.0003117,1946.09,0.6066,0xf1...b342,https://etherscan.io/tx/0x4395aa83c4c72e9de4aa7b3be3ea96d3c4e451c00c0af26937b67c08ae4f761e
2023-03-22 01:51:11,True,0.561,0.0003139,732.681,0.23,0x16...98a5,https://etherscan.io/tx/0xe76b30536561e8ad60cf67713f881f17e67a482a7475542345d57a601d0457b4
2023-03-22 01:49:23,True,0.5594,0.0003131,2554.9,0.8,0x0b...9e52,https://etherscan.io/tx/0xd1798da64d6451cce22e3f4a738d2242e49dc5d310f1c40a0a89840e909693b6
2023-03-22 01:48:59,True,0.5574,0.000312,2083.25,0.65,0x7d...e621,https://etherscan.io/tx/0x9a01cf3a945d15b9bc2f5a950beb08729ed174ba11c20a49389d71cdd505c1b4
2023-03-22 01:47:23,True,0.5562,0.0003113,681.266,0.2121,0x76...a41f,https://etherscan.io/tx/0x5caea22bfdfaee0ca818cb7c5bf09731e4964af528e8f71399c7f65ea7ac67a9
2023-03-22 01:47:11,True,0.5558,0.0003111,183.087,0.0569,0xbd...b401,https://etherscan.io/tx/0xa9c2b27ec7dcf84c035736e439c20ceda2ba131a172b8714642eb02df902c53f
2023-03-22 01:47:11,True,0.5548,0.0003105,2229.39,0.6923,0x4d...b7cb,https://etherscan.io/tx/0xbae80f3f00f9f1f83fdd09926ee41aab9fa5493908c3bbfccaadea71a1e6559a
2023-03-22 01:46:23,True,0.5536,0.00031,16.4494,0.0051,0xbb...1f5b,https://etherscan.io/tx/0xdeee8e7c0cf3623ddb870ca0a07ffc41055d121b71f08e77ec8a29c331e7a2fe
2023-03-22 01:46:23,False,0.553,0.0003096,6392.0,1.97953,0x7c...b172,https://etherscan.io/tx/0x93ebd0008ed780a828c39bb4ea25b6fa02f46d205eb3959431b2454c431da0f9
2023-03-22 01:46:11,True,0.558,0.0003124,2560.31,0.8,0x57...ce8d,https://etherscan.io/tx/0x76eb53759aa5cb050eb7ce3b9c5f7056d3dd57485bc9cf0a1cc7d25a726203eb
2023-03-22 01:45:35,True,0.5557,0.0003116,876.008,0.273,0xfd...6811,https://etherscan.io/tx/0x2e2678ffac9f0e7e4841dc96353c7665275dd7730dec023b25d3e3e70731107a
2023-03-22 01:40:23,False,0.5533,0.00031,1970.14,0.6108,0x1a...5d82,https://etherscan.io/tx/0xe96ca5e3ba4783323eae9d044b7851c884d7cde6cc7d7d0c3437428163d11607
2023-03-22 01:40:11,False,0.5543,0.0003105,286.296,0.0889,0x83...cb8d,https://etherscan.io/tx/0x8a52c5cb7c9f41a04c761f4710e5a0483e918fb7e4207561f771e6d7220586bb
2023-03-22 01:36:11,True,0.5575,0.0003118,2865.37,0.8934,0x7d...e621,https://etherscan.io/tx/0x2d4646598630c2f1535080bff82e3e1d9b219f58bbc84bccc1ec4f774fc73981
2023-03-22 01:33:11,True,0.5566,0.0003103,3205.78,0.995,0x90...be02,https://etherscan.io/tx/0xca3a500eb24a3fdf99129acb363279a3ec8c69da8fc7a8e545d2afd90fc77826
2023-03-22 01:32:23,True,0.5553,0.0003095,443.511,0.1372,0xe6...10ed,https://etherscan.io/tx/0x1b348217b899501c0054d5166220bc3258154d61e86168b17d0de2e75c328964
2023-03-22 01:30:59,False,0.5528,0.0003077,940.0,0.2893,0xee...8d0a,https://etherscan.io/tx/0xa2dba606542777ccce41f6fd27ceb6c74256980e15d70ac57b03763299c2a75f
2023-03-22 01:30:11,False,0.555,0.0003086,2833.25,0.8745,0x80...9c97,https://etherscan.io/tx/0x620773f1f78b33e6e11adb0a97801c846edcc71ff0216d6890d18cfeda11f6cc
2023-03-22 01:30:11,False,0.5607,0.0003118,10646.0,3.3201,0x80...9c97,https://etherscan.io/tx/0x620773f1f78b33e6e11adb0a97801c846edcc71ff0216d6890d18cfeda11f6cc
2023-03-22 01:28:59,True,0.5682,0.0003159,1329.18,0.42,0x9f...ee75,https://etherscan.io/tx/0x886edcce08edebb547a097297535cf814f586f62cf16b2f88adee985b1c3afa7
2023-03-22 01:28:59,False,0.5704,0.0003172,14100.0,4.47269,0xfb...8746,https://etherscan.io/tx/0x670ece45977b177b355478fd3164b4337465bcfbe980da3c4816bdce5e95572a
2023-03-22 01:28:59,True,0.5799,0.0003225,403.086,0.13,0xc4...9d52,https://etherscan.io/tx/0x5c928492323204ea8e9acc5e673b51974ed75243e2bba0641ac767d428289b6e
2023-03-22 01:28:35,False,0.5764,0.0003205,188.0,0.0602,0x55...ce90,https://etherscan.io/tx/0xb73411d37f6d8ce42e823d65dea5f69a8ea1cd3de848738145232df06cff7835
2023-03-22 01:27:47,False,0.5765,0.0003206,188.0,0.0602,0x55...ce90,https://etherscan.io/tx/0x8798c51e17f7c6ca17948caf00e463b1103fd9f29293cffe4d049de4bce435bc
2023-03-22 01:27:35,True,0.5668,0.0003152,30009.6,9.4596,0xca...21da,https://etherscan.io/tx/0xe5ac6571b6d2b4b937131dfc8069ece6aae53f46ee6a8f22a44a0edca2421b80
2023-03-22 01:27:11,True,0.5535,0.0003078,795.863,0.245,0x0b...9e52,https://etherscan.io/tx/0xb920f8828390901489e69aa786b145b37cfe6206b7e848407273808d08a9a7aa
2023-03-22 01:26:47,False,0.5506,0.0003062,1880.0,0.5757,0x4b...2cc4,https://etherscan.io/tx/0x925b5f8042cd827396c8ac14a73229bda23419ffc9589782f17e3fdb5343e485
2023-03-22 01:26:47,True,0.5546,0.0003084,292.427,0.0902,0x7b...4d1c,https://etherscan.io/tx/0x6f22519d8cf465e583e21397db2ee9238e586660fb2ec7270700132dc6fc9644
2023-03-22 01:25:35,True,0.5531,0.0003076,3250.61,1.0,0xc2...bf25,https://etherscan.io/tx/0xe2db7d5afbf0282d76074b1a7094ad38df9688d75d570516443677a108230a0d
2023-03-22 01:25:11,True,0.5517,0.0003068,86.7302,0.0266,0xe8...85f9,https://etherscan.io/tx/0x70f887f7f1994c290df7464790c6fd42b7c6acbee40c4848bf36e2eaa076fbe5
2023-03-22 01:24:47,False,0.5488,0.0003052,940.0,0.2869,0x29...fac3,https://etherscan.io/tx/0x9e0704b2fc6d4b339533e0dcbfe804e23f19a5a279af00c26c769f46fa5114d8
2023-03-22 01:23:11,True,0.5498,0.0003057,6376.97,1.95,0xe9...8b98,https://etherscan.io/tx/0x92fa83f8cb5ba84e9c924ea71ebafef782c5fa672d930271695b9b37624805cc
2023-03-22 01:20:11,True,0.5471,0.0003042,262.938,0.08,0xe3...57c2,https://etherscan.io/tx/0xec6712f0212ca011a9dfd4570785840f91f809919a05feb765643e47b1edc572
2023-03-22 01:20:11,False,0.5444,0.0003027,1806.68,0.547,0x41...1d11,https://etherscan.io/tx/0x260c6ee2db1dde74633ea503347a5f5de01fef0a224059a9cd19d56f01e5d664
2023-03-22 01:19:11,True,0.5488,0.0003049,368.54,0.1123,0x3c...fb44,https://etherscan.io/tx/0xf719fc151664dddcc54edc28a92a062d6ee292d3d8048c763cd3f25d61e32ae3
2023-03-22 01:17:59,True,0.5483,0.0003045,1211.81,0.369,0x58...df67,https://etherscan.io/tx/0xbfee5d66ca9ebf7540bf89e5720761751190d5ae60541bd6cd3320d5dfbc330c
2023-03-22 01:15:59,True,0.5476,0.0003041,493.126,0.15,0x9a...7841,https://etherscan.io/tx/0xc9839dcaaf77cc7507da93819ae475b04b346d6f73bda07e3b298906b6365723
2023-03-22 01:14:23,True,0.545,0.0003026,6012.76,1.82,0xcb...03dd,https://etherscan.io/tx/0xb19cc18cf405b0728cf27a507bd041bacc12bcb95e365eb5ada47b5818af5a08
2023-03-22 01:13:35,True,0.5423,0.0003012,431.358,0.1299,0xe9...8b98,https://etherscan.io/tx/0x07217c482acd43396bd2bdb4d3350a8f420c48a0159dea1915b3d523cf213787
2023-03-22 01:11:35,False,0.5399,0.0002998,2350.0,0.7046,0xd6...ef96,https://etherscan.io/tx/0x9556e71a6a96ca11e4e87c8aa2d5054124b6c5d7921a8def4ecb856006f0c3aa
2023-03-22 01:11:23,True,0.5393,0.0002994,12000.0,3.59372,0x5a...3bd4,https://etherscan.io/tx/0x79d6adff771e2ae859ffcf192297fc724e81c1dc666d631fc62f51c1d29aea21
2023-03-22 01:10:35,True,0.5344,0.0002967,158.276,0.0469,0x5d...cdcf,https://etherscan.io/tx/0x1c8b7b4bc083ab8721b5ee52b5ac6bd9864bac151883b422c32cbaade3f9106c
2023-03-22 01:07:47,True,0.5336,0.0002963,1903.47,0.564,0x61...b5ed,https://etherscan.io/tx/0x2ea85f01b99d2b03b72980944a2b406cfe0403af180b436e6e0f5cc662439f8f
2023-03-22 01:07:35,False,0.53,0.0002943,1057.5,0.3112,0xd8...7622,https://etherscan.io/tx/0x10ddf89c6c77d86b3802e8b558bf8a7218688a003a2852a09c63a90d0bb5c2eb
2023-03-22 01:05:47,False,0.5325,0.0002956,4689.83,1.38635,0xe6...80ff,https://etherscan.io/tx/0x3b07de3804afbddfcd9874c5c974037f921f8058bd125a9d8e3960a905802e37
2023-03-22 01:03:59,False,0.5357,0.0002972,2833.25,0.8422,0x80...9c97,https://etherscan.io/tx/0x533f98bb9b129d5ab0516f589a78ac11c3be7c8465fc7f985acf79137be6ab2c
2023-03-22 01:03:23,False,0.5412,0.0003003,11017.7,3.30954,0xc9...c1f9,https://etherscan.io/tx/0xae2d2abcf058df2f116f719fddbefd437bac0c4cfafc8b2a7bd0f011d59d4c58
2023-03-22 01:02:47,False,0.5469,0.0003035,2962.97,0.8994,0x49...f683,https://etherscan.io/tx/0xb5cf07bb3f81fe4f8bb102b9100140849713be518b9cf2884f2fee7e293ca8c7
2023-03-22 01:02:47,False,0.5492,0.0003048,2551.09,0.7776,0xa4...cc49,https://etherscan.io/tx/0xa127bba8e939fe97846b1b67a66772dd10c5898ffbe388906d6ee3be6b46f032
2023-03-22 00:59:47,False,0.5519,0.000306,2802.14,0.8576,0xa7...0e24,https://etherscan.io/tx/0x595e20e720b27ff39f4b5f4692b71551f64b3240e13ea24055b17375f10e2874
2023-03-22 00:58:23,True,0.5538,0.0003069,7078.75,2.17252,0x5c...9e10,https://etherscan.io/tx/0xc4b406ddcd10c7762e301860ae5acf3857942b3de44cb37117548d93ef36bcdd
2023-03-22 00:57:47,True,0.5506,0.0003051,497.189,0.1517,0xae...a889,https://etherscan.io/tx/0xeb1323999a367ba4fae9fcfae9afc6b0afb9e180edd1482208d64b29126d4446
2023-03-22 00:56:23,True,0.5496,0.0003046,1798.4,0.5478,0xb8...615b,https://etherscan.io/tx/0xc111276fb5312369c58bab8186375569f2945ee76dace0f7d6f3e9ec5aa80287
2023-03-22 00:51:59,False,0.5446,0.0003024,141.0,0.0426,0x5e...6928,https://etherscan.io/tx/0xa23cdd69d19b3f51be7d08c264c0a3c930043743582420a294fcbef6f192d23b
2023-03-22 00:51:11,True,0.5476,0.000304,855.062,0.26,0xdb...e23e,https://etherscan.io/tx/0x792614c7304d75a019e3408d771a7f544f88bd95cabbc0c7534d9a800a06630e
2023-03-22 00:51:11,True,0.5471,0.0003038,326.284,0.0991,0x86...5d32,https://etherscan.io/tx/0x742e6eee614e3b6accfb7dcb75e32025055e14510c7d295f0515992e1186a406
2023-03-22 00:49:35,True,0.5467,0.0003036,250.0,0.0759,0xf4...909a,https://etherscan.io/tx/0x4133d0a4a2dd27d7b39486e264464dcacae1d4bb0e97b2b1860c1f57e83ebe81
2023-03-22 00:49:35,False,0.5433,0.0003018,82.344,0.0248,0x23...4244,https://etherscan.io/tx/0x39186e25c25341236366d76bba5d542ec759cdd1ad48fdcc0b586552303a4cd0
2023-03-22 00:47:59,True,0.5458,0.0003035,445.249,0.1351,0xa8...8485,https://etherscan.io/tx/0xbdf4277a97e289f3454e43ee45997427de672243b59f812bbd99b5e398860a0b
2023-03-22 00:47:47,True,0.5454,0.0003032,659.429,0.2,0xbb...2495,https://etherscan.io/tx/0x57d4753922643cd4df6b70630095bb38cdaec8f5beb4a75ba422b1a732ff1eed
2023-03-22 00:47:23,True,0.5437,0.0003023,3472.82,1.05,0xb9...b889,https://etherscan.io/tx/0x93f3eaa2f265b2dc3d9669e572e48977879886fcc13e1e38b2077c8c50e5c06f
2023-03-22 00:45:59,False,0.5396,0.0002998,545.2,0.1634,0x6c...84d0,https://etherscan.io/tx/0xcde158dd7fe756fec0e8b1995024fdd3edb91c3d400355f6ea706d699f5b2c2b
2023-03-22 00:45:59,True,0.5426,0.0003015,994.766,0.3,0x67...45c4,https://etherscan.io/tx/0x94ba859adc9a4ae4f7c140280bb95c3416f66ceaaf825df416db8b24f214cd4d
2023-03-22 00:44:11,False,0.5388,0.0002997,752.0,0.2253,0x74...b1c9,https://etherscan.io/tx/0x0c09427ccfcfe6cf99a04ec05835c369324b656ab8c3cf217eeb711abbc179a1
2023-03-22 00:44:11,True,0.5421,0.0003015,718.06,0.2165,0x6c...8f4c,https://etherscan.io/tx/0xf617b4652f2d31ebdd6bf4c9a340fc7d135a2c34dcfc1924db9b1d6955c7ad4d
2023-03-22 00:42:59,True,0.5415,0.0003012,697.191,0.21,0x82...5336,https://etherscan.io/tx/0x297e8a079baf33377bb6f0813d8b73380799bf9be392a02d2202607f48717069
2023-03-22 00:40:59,False,0.5383,0.0002994,874.2,0.2617,0x55...ef8f,https://etherscan.io/tx/0xad23cc79e391e51b19dde2c884b603fd2f781fcd670167a8412d484386b216dd
2023-03-22 00:40:47,True,0.5419,0.0003014,2.63066,7.93e-05,0x7b...4d1c,https://etherscan.io/tx/0x9619d3c3bb5e31aef81df956d1cb67ced27d62cfa43ca96ce5ae5ef79d51bfe3
2023-03-22 00:38:59,True,0.5415,0.0003012,929.51,0.28,0x9e...e4f7,https://etherscan.io/tx/0x0ac521aa958effb39700b46bc6a7b590b39a5cf9b10822bc9d4fdc77a93e157f
2023-03-22 00:38:11,True,0.5411,0.000301,1.8464,5.558e-05,0x9f...5302,https://etherscan.io/tx/0x0d939b69386b120c49bb23c6dcaeee96889bf2ee9eaee8e4c1e96b5bed3e2b7a
2023-03-22 00:38:11,False,0.5417,0.0003013,9400.0,2.83267,0x0c...d0d0,https://etherscan.io/tx/0x8b0822f89d27e753734d0e1888719d2d20bfcfddd53ba7fdb29ab7ce52b767fe
2023-03-22 00:37:47,True,0.5488,0.0003052,97.2839,0.0297,0x52...8696,https://etherscan.io/tx/0x828309ceb16a80a2a618b3aefc0f4badf54bf51ad3e01a52c3697b03856312a4
2023-03-22 00:36:59,False,0.5465,0.0003039,2345.39,0.7129,0x18...8bd4,https://etherscan.io/tx/0xb26051384cbcd6fe75d7747e4ad2ba217fcebd83c5d5ff5f5566ca373743a5ba
2023-03-22 00:36:35,False,0.5482,0.0003049,1820.3,0.555,0x8a...4bb4,https://etherscan.io/tx/0xd81715fcbafe78b13952ce57b71b85bbcd9a6720b497b3144d6a2de20b9833b7
2023-03-22 00:36:35,True,0.552,0.000307,500.0,0.1535,0xf4...909a,https://etherscan.io/tx/0xb1c175ff74bef6a391008cf21aed70083662128780dc3a0f21a28de25316c15d
2023-03-22 00:35:47,False,0.5492,0.0003055,1598.0,0.4881,0x41...801f,https://etherscan.io/tx/0x610c69c9f116089358e29d083c63b7a96c928dbe8251f2d40c31d5c1d3b3c24e
2023-03-22 00:35:11,True,0.5529,0.0003075,542.146,0.1667,0x3a...760d,https://etherscan.io/tx/0x171cc502fe631fc4f039dcc9b75b4fcdc0616e7cf6c3ea4a73ad5a05ad8963a1
2023-03-22 00:33:35,False,0.5502,0.0003062,2650.89,0.8117,0x49...f683,https://etherscan.io/tx/0x79b58c9d85768a6daae11ce35b805fcdaea003d770d57a4a033de00ee6fec400
2023-03-22 00:33:35,False,0.5553,0.000309,9400.0,2.90516,0x0c...d0d0,https://etherscan.io/tx/0x5c42a28e8b12f7b6e45b6bffcf502fb225aa3dc622f0311e1b8acfe9065f08fb
2023-03-22 00:32:11,True,0.563,0.0003131,79.8373,0.025,0xbf...54ef,https://etherscan.io/tx/0x6dae3bb425a9f0c77150b1edf705459747fa699d86503e395575a2594683e017
2023-03-22 00:31:47,True,0.5629,0.0003131,63.8769,0.02,0xc8...2ad1,https://etherscan.io/tx/0x90b007179c2b878aa84b8e18ee2da912ca8f07b9ff61531671ef60c198983dd7
2023-03-22 00:31:23,True,0.556,0.0003092,16168.5,5.0,0x56...44ce,https://etherscan.io/tx/0xd007804aad06361b39b7ffb6510653d25eb10f036b568684339c968fedf64e1f
2023-03-22 00:30:35,True,0.549,0.0003054,153.424,0.0468,0xc9...20a0,https://etherscan.io/tx/0xc551c180af4e27395046a42e150b0966c076d15a26a944b5f739417ebf807eaa
2023-03-22 00:29:47,False,0.5586,0.0003107,30481.8,9.47152,0xca...21da,https://etherscan.io/tx/0x96a149ceeae52836e0ee8d7cb67c7c5badceb7a21306a7f1065aef73f099a3e4
2023-03-22 00:29:23,True,0.5743,0.0003194,2034.71,0.65,0xc8...2ad1,https://etherscan.io/tx/0x840a7e61290177f2574d5de0e1af6b8bfe89bdd3a0ff84f0b549cbd364f62c10
2023-03-22 00:29:11,False,0.5724,0.0003184,5609.93,1.78634,0x25...ab52,https://etherscan.io/tx/0x62beb12fd27fe712552f9d2bd7093257dbec14f57d9b1808f367eded0dbc1b58
2023-03-22 00:27:47,False,0.5754,0.0003201,1255.19,0.4018,0xbc...a4c8,https://etherscan.io/tx/0x8a2685dc3e3fbeb872bc762c75bc02c23d0346669ac5df9b4a6c91df725c7f65
2023-03-22 00:27:47,False,0.5768,0.0003209,1880.0,0.6032,0x6f...9a66,https://etherscan.io/tx/0xec8c6ef0868d4e306a8675173d7c9d871ddee84d67dc99734b940f47d0d3a0f1
2023-03-22 00:27:35,False,0.5787,0.0003219,2492.03,0.8024,0x80...9c97,https://etherscan.io/tx/0x12205412c424d005b3584cfd2df7312e13c8a86e69fa3c9e9a49164cb06dde51
2023-03-22 00:27:35,False,0.5863,0.0003262,14100.0,4.59953,0xfb...8746,https://etherscan.io/tx/0x84142be2cf02af85a095d0454ebff7d88d4ade6ef0138ed0d9bf418d411f1ee4
2023-03-22 00:27:23,False,0.5928,0.00033,929.63,0.3068,0x3d...492f,https://etherscan.io/tx/0x1c7c7f8f8b95634b5d2d7d1236e5f21ee05d7b532ec2e1d0e14a9c82d895b625
2023-03-22 00:27:11,False,0.596,0.0003318,5922.0,1.96529,0x35...7201,https://etherscan.io/tx/0x32a7beee5d043e2f0bff67e2a52de9bf790b5f01be87cebf752df510e4f22b39
2023-03-22 00:27:11,False,0.5992,0.0003336,949.326,0.3167,0xa7...cc85,https://etherscan.io/tx/0x6e303ba846deb8af2c10617ef0b6fbedc449fc1378fa83417d23532e7bdc499e
2023-03-22 00:26:59,True,0.597,0.0003324,13236.0,4.4,0x5e...206d,https://etherscan.io/tx/0x6bf2cf27b63936f46a9a10fef279fab9ed10a68e992fa381a612863d78cf400b
2023-03-22 00:26:59,True,0.5908,0.0003289,12.1593,0.004,0xf3...7151,https://etherscan.io/tx/0xa0747d6b7b5f9c9ca0b3ec58aca0d40cff31b0223888658cf0baae7255c4bc8e
2023-03-22 00:26:47,False,0.5878,0.0003273,1309.51,0.4286,0xdb...d71d,https://etherscan.io/tx/0x85323db852ab300976d30fa0512599042ad4e7542c19ac7dd63d38066cc4b51f
2023-03-22 00:25:47,False,0.5893,0.0003279,1231.4,0.4038,0x44...da25,https://etherscan.io/tx/0x9124ea7231c25a426418b806ef1be42b235ae9b66a0d44b2756c66e8a6dfbda7
2023-03-22 00:25:23,False,0.5934,0.0003302,7549.39,2.49329,0x01...bc10,https://etherscan.io/tx/0xffd3b40259af142e9e13fb0d8173a9772c3895db6120a087b7e44f04e7a5b918
2023-03-22 00:25:23,True,0.5882,0.0003273,26433.8,8.65339,0xb9...35e0,https://etherscan.io/tx/0x9dc5446e73bd821921f5bfd53d3692fd55e5fc12b3db86ae2a56d29ef63b8117
2023-03-22 00:24:47,True,0.5691,0.0003167,15974.6,5.05935,0xb9...35e0,https://etherscan.io/tx/0x4f17903114aba351e17b6e68be89a7e15e9768c87aa2531a16ebc93a0c8f6934
2023-03-22 00:24:23,True,0.562,0.0003127,206.457,0.0645,0xd6...77bb,https://etherscan.io/tx/0xc174485f3edb5f212d1ec7ff9d3dd25b6c29f72b884d5e1c3c6d7bdaf7b8ce18
2023-03-22 00:24:11,True,0.5578,0.0003104,9664.02,3.0,0x5e...206d,https://etherscan.io/tx/0xced9d90351f6163368a1e81bc25b08f156e9dc09e9bad085412a3da915f017de
2023-03-22 00:22:47,True,0.5534,0.0003079,715.553,0.2203,0xc9...de5f,https://etherscan.io/tx/0x39da28ff5ff0d7cd5647ce867249acba680be8e1b25087b7c4b213822933c547
2023-03-22 00:21:47,True,0.5527,0.0003076,910.275,0.28,0x4d...720c,https://etherscan.io/tx/0x013d04258b001a5ac7c55fc7eff9de0b5f9068285fa6e23ab0583b0c9949380a
2023-03-22 00:21:11,True,0.5522,0.0003072,456.438,0.1402,0x4b...0206,https://etherscan.io/tx/0x8937a6000554d03f94a3a8bc8d56d83e0d3e577278e35f5aca5e40e2b468810d
2023-03-22 00:20:47,False,0.5547,0.0003086,14100.0,4.35179,0xfb...8746,https://etherscan.io/tx/0x47361bacb14070d011323c8e02ede94299b20dbe19ad37dcbf00dd2c4062f5f5
2023-03-22 00:20:47,False,0.565,0.0003143,10037.0,3.15552,0xfb...8746,https://etherscan.io/tx/0x47361bacb14070d011323c8e02ede94299b20dbe19ad37dcbf00dd2c4062f5f5
2023-03-22 00:19:47,True,0.5718,0.000318,2936.44,0.9338,0xb7...8c18,https://etherscan.io/tx/0x36f4880d8ffe37860886f179b52714207557c626c088e43a659e370b9bfb4bd7
2023-03-22 00:19:23,True,0.5647,0.0003145,11316.0,3.55923,0x87...abae,https://etherscan.io/tx/0x07b392815e49eb2ab7067617b6d06d7f639d35d0d152ce0762b6a17eb81988a3
2023-03-22 00:19:11,False,0.5578,0.0003106,3133.02,0.9733,0xc9...ec2b,https://etherscan.io/tx/0xf95fc5c1e786b6d010bae5a94511927bad475c877c54e69ba8a57556a458b350
2023-03-22 00:18:47,True,0.5623,0.0003131,510.882,0.16,0x28...0d37,https://etherscan.io/tx/0x64bf518987dca22cd7f9af03083dc8741246378f007a3d159300e7b049c2b1e4
2023-03-22 00:18:11,True,0.5614,0.0003126,1599.09,0.5,0x2e...db2e,https://etherscan.io/tx/0x76982d2d7a9cd3914288201078102d533e09f38351beded7c3574dde4716feef
2023-03-22 00:18:11,True,0.5605,0.0003121,473.117,0.1477,0xee...5be6,https://etherscan.io/tx/0x69c72d9a0728b3e79ca5047be7d709bf2a0f5ae412eaeefb9fe57b24a6f1c721
2023-03-22 00:17:59,False,0.5578,0.0003106,1984.34,0.6164,0x9e...41e3,https://etherscan.io/tx/0xcf2a0daf71460d31c000816856a98ea1beecc1b0f4e123bcbda42b21ea9f1790
2023-03-22 00:16:11,True,0.561,0.0003128,639.258,0.2,0xf6...fffb,https://etherscan.io/tx/0xabdc01322bfcb8ce6b0a291f7abbc8385517cf4db6894222c1e9f1b668f2a38e
2023-03-22 00:16:11,False,0.5575,0.0003108,225.6,0.0701,0xca...490d,https://etherscan.io/tx/0xc55b6c5023e42e7b9185c59cdd38c1d8239a77e9cf147cfcbaa6063f5b546987
2023-03-22 00:15:35,False,0.5578,0.000311,420.171,0.1306,0x50...d13c,https://etherscan.io/tx/0x004b86abbe20a9630468a7f746fa05f3c98f3e869da7780f2b3f8f904afd87b1
2023-03-22 00:14:59,True,0.5609,0.0003127,959.117,0.3,0xa7...0269,https://etherscan.io/tx/0xdfa722079e1b0bfce6483a6d20455dfc2ed0a1c96790d39e87e3f88708dba5e8
2023-03-22 00:14:23,True,0.5601,0.0003123,800.343,0.25,0x35...fe2c,https://etherscan.io/tx/0x9ea2ef20bef15724e7ae1b9ba54773664acbf9b2ba296ac8355374a445407546
2023-03-22 00:14:23,True,0.5584,0.0003114,3211.23,1.0,0xc5...74f4,https://etherscan.io/tx/0x219f931e42d7d4be4e4c4cfb52d447582ef2c33919d2a472c12e052cb9494a4a
2023-03-22 00:14:11,True,0.5564,0.0003102,1676.1,0.52,0x8c...dc03,https://etherscan.io/tx/0x785aea52097b9c2ededfda9d633ce35f8d02f8850e72a99cbbc45353298aec35
2023-03-22 00:13:59,False,0.553,0.0003083,1504.0,0.4637,0x37...bcac,https://etherscan.io/tx/0x1ec8c15b1abc7add693170ca10d5eb1baf8ae8e3b65346d73a35672d486a04e9
2023-03-22 00:12:59,True,0.5569,0.0003104,322.79,0.1002,0xb1...b8a8,https://etherscan.io/tx/0x4bc4663382d207adfcec51f66cd1264128f10d72168bdb583f304c5c3bfbcb3b
2023-03-22 00:12:47,False,0.5538,0.0003087,894.88,0.2763,0x4b...5371,https://etherscan.io/tx/0xc4ddfbbe0cd9307555dd7e61136128c7328daddb0a4991ab8fbfa11cbcd2ddee
2023-03-22 00:12:23,False,0.5561,0.00031,4700.0,1.45738,0xb4...2f7e,https://etherscan.io/tx/0xcc5c6517fd7b3f5bcda1ccdccb264f4c4b2c02cd59e17aa176d7180eab13ee0e
2023-03-22 00:12:23,True,0.5615,0.000313,83.773,0.0262,0xbb...61f1,https://etherscan.io/tx/0x08996b57f059f97f1548ca702bc58ef7ec653b0e49b4460eba183005b9c3bf6e
2023-03-22 00:12:11,True,0.5587,0.0003114,6420.7,2.0,0x57...ce8d,https://etherscan.io/tx/0xda14b198be3058522f7553145f623af226725cc67982b4244548ad56870fb7cc
2023-03-22 00:10:59,True,0.5559,0.0003099,176.698,0.0547,0x03...b827,https://etherscan.io/tx/0x4b2fb2241aa9d68d40f83403fe24d5e0abe7fdf13952c47385db7702ddda2f7e
2023-03-22 00:07:35,True,0.5486,0.000306,16336.8,5.0,0x3c...9508,https://etherscan.io/tx/0x245bcd6c056836fcf6662ed6b781e5395006f51894e1354741364629956983bf
2023-03-22 00:06:23,True,0.5378,0.0003,10000.0,3.00025,0x17...ca47,https://etherscan.io/tx/0x5cdbeaa8a6edf1b62de762d7c89f9c9b2ceacb93321aded7e115e6d37f19532e
2023-03-22 00:04:11,True,0.5332,0.0002976,600.0,0.1785,0xea...93aa,https://etherscan.io/tx/0xd65d6a43b03426ff487701374d87a1800ca46d22fc5fba0a35a389ed46c4844c
2023-03-22 00:03:47,False,0.5305,0.0002961,1857.05,0.5499,0x33...cbb0,https://etherscan.io/tx/0x3b9eb375258d0f94bf3301d49908a94322d74dce584f173d1b69ad08b9d0757e
2023-03-22 00:02:35,False,0.5325,0.0002969,1880.0,0.5583,0x65...1793,https://etherscan.io/tx/0x996d75e502e89d8a18f9f3fd4b517f610375c7728f29fe33a5a59739f19311ec
2023-03-22 00:01:23,False,0.5333,0.0002974,329.0,0.0978,0x17...858a,https://etherscan.io/tx/0x72f8b3f2387bb9c6af3123e93dcbca81e4f7a9c94ec0fe2a0d4e4d6f52d1d2e6
2023-03-22 00:00:35,False,0.5336,0.0002976,376.0,0.1119,0x2c...288f,https://etherscan.io/tx/0x80778e22551c30c0449ff9a8fc33cbfb7d088db22e5fab524e2f814e8db4b770
2023-03-22 00:00:35,True,0.5343,0.0002979,6711.59,2.0,0x57...ce8d,https://etherscan.io/tx/0x773756256f346706221a3250258319d688fdfc1bcea27c9f5ca59b6ebc7fbcd2
2023-03-21 23:56:59,True,0.5311,0.0002962,1012.57,0.3,0x9f...9f7b,https://etherscan.io/tx/0xd2ebf457632d26779ac4f0f96066f836625bf130fc2b9683061a68cfc981b880
2023-03-21 23:56:23,False,0.5286,0.0002948,2714.5,0.8004,0x6a...bc80,https://etherscan.io/tx/0x7c7b3c8489fae5f88a63b431ddc11d315c4a0f53b986612896f39613857a61d0
2023-03-21 23:56:11,False,0.53,0.0002956,940.0,0.2779,0xac...f7c7,https://etherscan.io/tx/0xc696d8c418f8cca52ce073536e98efca8d3fa7f778517d3ece22f499b95d6b59
2023-03-21 23:56:11,False,0.5312,0.0002963,1880.0,0.557,0x84...c025,https://etherscan.io/tx/0xba107ae2a6331bd5667e73003a1f46356c443ea024523f494f342ceb2d685134
2023-03-21 23:55:59,True,0.5311,0.0002962,10126.5,3.0,0x57...ce8d,https://etherscan.io/tx/0xe6c1b30af04792d3677dd96b3923bd5999ff2c8bc8931c87acaf273cc8afd2de
2023-03-21 23:53:59,False,0.5237,0.0002924,940.0,0.2749,0xe5...e858,https://etherscan.io/tx/0xe1f63c7b2d2babd21f9de938a8b3db8d4f8e3fde79fc95acab52cac4b5ec04df
2023-03-21 23:53:47,False,0.5249,0.0002931,2033.22,0.5959,0xc1...ba31,https://etherscan.io/tx/0x342a2dd23da5b4c4f64c1d5a51b3cafc661edb5712238fb36a1bd7d24b41781d
2023-03-21 23:53:23,False,0.5293,0.0002956,9365.35,2.76857,0xec...4ae3,https://etherscan.io/tx/0x2f2eb1375bccab8ef37bfe673261fa1cad94d87b66c1b9e4d4f997d1e818c410
2023-03-21 23:52:47,False,0.5335,0.0002979,1113.9,0.3318,0x7a...8ddf,https://etherscan.io/tx/0x14f1f6ef70c331c7ae93a00671381ad9fdb7b49efaa6977318bd3922c85ddc5e
2023-03-21 23:51:23,True,0.5364,0.0002995,1835.97,0.55,0xcc...329c,https://etherscan.io/tx/0x7960037db35755da33ef6a0ae6f5d1876c716864374d489b9117a2fc25dbb513
2023-03-21 23:50:59,False,0.5333,0.0002978,2172.58,0.6471,0x3b...667c,https://etherscan.io/tx/0xae01d476f15a595f0dc93a64d296dd810620f7ddad8c7187daf8367ceb54cf3c
2023-03-21 23:50:35,False,0.534,0.0002983,188.0,0.056,0xa5...d421,https://etherscan.io/tx/0xb7114b2ac6165781c9a95631b46e4719ea6ea61eb6b5ece01fe56c1124ff5011
2023-03-21 23:49:59,False,0.5344,0.0002986,1112.32,0.3322,0xda...6af2,https://etherscan.io/tx/0xaff62dc65c17fc36271de0eb64f0c0c87cdae29e79c96a91d11ddd961864b6fb
2023-03-21 23:49:35,False,0.5355,0.0002992,1566.04,0.4686,0xde...c351,https://etherscan.io/tx/0xd903e38e6c9a1bd23da118f210e69408fb55d7b3429a2a5062927ceafe7ab697
2023-03-21 23:49:11,False,0.5363,0.0003,1670.38,0.5011,0x84...c025,https://etherscan.io/tx/0xf32d6d373195999e9632672da9a0fc66517020516728a1b4b532821678135bc1
2023-03-21 23:48:23,False,0.5377,0.0003008,1880.0,0.5655,0xbe...91a7,https://etherscan.io/tx/0x06c862a902d9af6861dfee2287d3b658164447f0c0cf570e3244323daaf476ca
2023-03-21 23:47:59,False,0.5411,0.0003029,7520.0,2.27813,0x71...a25e,https://etherscan.io/tx/0x85e7bde8e340af65ea80566a93705a4004a1df32f8a14a0af4654ea5c12cf63b
2023-03-21 23:47:23,True,0.542,0.0003034,13181.4,4.0,0x2c...1373,https://etherscan.io/tx/0xf22c41cb3e661de4d11f232e782b7fc662cc438bda6d4560360c5631a5eb20b2
2023-03-21 23:41:59,True,0.5368,0.0003003,497.934,0.1495,0xe1...e6bb,https://etherscan.io/tx/0x3779677996684721f62fd8a51164d784550328aa15a3b46f248e8b9470252c0a
2023-03-21 23:41:23,True,0.527,0.0002949,23941.4,7.0606,0x5f...eada,https://etherscan.io/tx/0x5c64a7785830ba3c9794daa509d77c69083ba0eabe21522c199b827cc624e72c
2023-03-21 23:41:23,True,0.5177,0.0002896,174.524,0.0505,0xf0...7feb,https://etherscan.io/tx/0x619da4fe52853e289128a3e3fea4b0596ce85ce7e039f95591c76677d5960c3c
2023-03-21 23:41:23,True,0.5162,0.0002888,3775.24,1.09038,0x6e...4816,https://etherscan.io/tx/0x9db9de737934d9848073750937dadf5cbe94500b012a59a4fd7a6cc462bd2e39
2023-03-21 23:40:59,True,0.5146,0.0002879,228.51,0.0658,0x53...9254,https://etherscan.io/tx/0x57f0385f0bd25f3ab3cdb5705d6566d8901e0255d67775b5fba0b68f5cb00c26
2023-03-21 23:39:47,False,0.5116,0.0002863,521.7,0.1493,0x58...6a6c,https://etherscan.io/tx/0xb0e57ac250b74f01ed4bc85569d3716fbff02af38c241e45104aa0fc3a084231
2023-03-21 23:38:23,False,0.5126,0.0002866,928.89,0.2662,0x73...25e3,https://etherscan.io/tx/0x45a16bcb0e913a7d7cd751fce7f74249eb4f43935d62cd80c3462564c9944d87
2023-03-21 23:38:11,True,0.507,0.0002835,24021.3,6.81029,0x5f...eada,https://etherscan.io/tx/0xe7e323733d14bb00c120548c997797346191dc2fafddd6b8b138877555641130
2023-03-21 23:36:35,False,0.496,0.0002769,188.0,0.052,0xa0...22d1,https://etherscan.io/tx/0x4f3078f771cbbdf0645bd2ab01e504cd89e16936aa4c566ac4bbfbaa5466f5d8
2023-03-21 23:35:47,True,0.4987,0.0002784,1067.99,0.2973,0xfd...9f5f,https://etherscan.io/tx/0x99e671860f2e30ee4953d9cc4ed2b3b7b70e803e45403c45f4149d62605a029b
2023-03-21 23:35:35,True,0.497,0.0002775,3514.0,0.9752,0x23...c8ce,https://etherscan.io/tx/0xe07bf0453667825d50ac26bd742d8804c78c26ed5000d4c6489c8c390cd71b6f
2023-03-21 23:35:11,True,0.4954,0.0002766,997.349,0.2758,0xb8...b10c,https://etherscan.io/tx/0x0560dfc549465dc5fdf6e68f1a00e4f6d04a9c696298701f16b4a1704e2a7850
2023-03-21 23:27:23,False,0.4977,0.0002777,14813.1,4.11404,0x88...e3b6,https://etherscan.io/tx/0x01749afb2918ba9aad6b2a9442a4ac431f481e99626e83361d16658a8764d0ec
2023-03-21 23:27:11,True,0.5048,0.0002816,3497.38,0.9851,0x8f...76c0,https://etherscan.io/tx/0xa4e7bc82cb1496bd20bddc0986164bc2a926d0c9fb25fa0840e496df1b430025
2023-03-21 23:26:35,False,0.5006,0.0002793,263.2,0.0735,0x2c...288f,https://etherscan.io/tx/0x62f5834165e16c133a7b8ed0ec9d315d7c26ced9467c0518e1da145a29d108fc
2023-03-21 23:16:23,True,0.5037,0.000281,99.623,0.028,0x98...f081,https://etherscan.io/tx/0xd443791f1950c502fac89a8ff3ace06005b1ba2aecd22023c4a05dc361fa9644
2023-03-21 23:15:59,True,0.5026,0.0002802,3888.05,1.08961,0xf6...531c,https://etherscan.io/tx/0xc75102b22d5b79476b7e7ae21292cf646fbbd54d8b989c6d671870d0564d63eb
2023-03-21 23:11:11,True,0.5008,0.0002792,1074.35,0.3,0xa7...0269,https://etherscan.io/tx/0x8dea2eaa61be898f43453752c2ca26562ec802b4ced6945506b2468151d6d5c5
2023-03-21 23:10:59,True,0.5003,0.0002789,358.489,0.1,0xe5...855f,https://etherscan.io/tx/0xba0b78389d021a465152f264e782dfab4aa90ca847b87529363cd2347261bed3
2023-03-21 23:10:11,True,0.5,0.0002786,988.925,0.2755,0x5d...2d3f,https://etherscan.io/tx/0x9b30cfa6f541795a2b2626c167cc3fbd6c73b98cf6e99f6408b80680d556a827
2023-03-21 23:09:47,False,0.5032,0.0002804,18080.8,5.07121,0xb9...35e0,https://etherscan.io/tx/0xaa2a187be587b6bc1f6ec49ae29335ec00bdc218d2e3594e056823b99887a664
2023-03-21 23:06:35,True,0.5126,0.0002858,108.39,0.0309,0x03...ed99,https://etherscan.io/tx/0x0eb0386076f30e26fe84bfade310cde09c61fd7c13bab35c592460487fca9256
2023-03-21 23:05:35,False,0.5098,0.0002843,940.0,0.2672,0x2e...db2e,https://etherscan.io/tx/0x261348bfbbd5d93a24ceca4fa5054fddf1157930c5f6888ed3433a42fa665e99
2023-03-21 22:57:35,False,0.5142,0.0002865,9400.0,2.69311,0x60...c70c,https://etherscan.io/tx/0x4641af65d079a4fe9dfd575ce95bdc79e255294b8ec91d5b824444cdb43eb530
2023-03-21 22:56:59,False,0.5227,0.0002912,13028.5,3.79501,0x39...c6eb,https://etherscan.io/tx/0xf9c97c1170bfdf0e55dcf36516dc742628829ab8228f9f42881c15127cb1df07
2023-03-21 22:56:47,False,0.5282,0.0002943,940.0,0.2766,0x2e...db2e,https://etherscan.io/tx/0xcb87ec1c306dcef13d7263f649c93c65e07d29384d3dbac25627ead0641a4ec7
2023-03-21 22:56:35,True,0.529,0.0002948,6784.35,2.0,0xfc...23d7,https://etherscan.io/tx/0xd683f4b5a8ef18f91631e2da85748fb26cb54a1d2d981a4cc6d69bd3916d500e
2023-03-21 22:53:35,False,0.523,0.0002916,449.732,0.1311,0x56...6ad2,https://etherscan.io/tx/0x31bca8dd6befd68c5fc0f0e1d73a60eff948401b58004bea99f6154f31438cd1
2023-03-21 22:52:35,False,0.5232,0.0002917,159.8,0.0466,0x06...ab0b,https://etherscan.io/tx/0xb9f6cf8d66cb090d2d11f6517961c070544feaf650655abce91ec43aae0bea40
2023-03-21 22:50:23,True,0.5234,0.0002918,7880.38,2.3,0xd5...f31e,https://etherscan.io/tx/0xad6466fd9ebdfa3f9854d302adc9b90a93d3b70360eee40b5e1ec8516beb067d
2023-03-21 22:50:23,False,0.5203,0.0002901,7956.16,2.30833,0x60...c70c,https://etherscan.io/tx/0x049ff6b816bf5ed86faf59099443e0a9c6d70355016f65e5db8697d37330db36
2023-03-21 22:50:23,False,0.5239,0.0002921,1410.0,0.4119,0x6c...ac7f,https://etherscan.io/tx/0xd7c7c5e8f581d1fc9d8932a28196dd83517ead3113481b55718c002e130d01b7
2023-03-21 22:48:47,True,0.5274,0.0002941,151.427,0.0445,0x1f...9c29,https://etherscan.io/tx/0x6e2a5c44289e76d11332fb111442c6b48156606a5d3d4417241c27c9a90cd369
2023-03-21 22:48:47,False,0.5251,0.0002929,2351.03,0.6886,0x49...f683,https://etherscan.io/tx/0xfab84b049258381feac0599ade7ae8a3fe4651be027c8d644b11e0d375919d7d
2023-03-21 22:46:11,False,0.5252,0.0002936,1295.55,0.3804,0xec...13a3,https://etherscan.io/tx/0xef555bd52a58b2792edde1ce6904b8ddf6319c99cf754bf462166e6365ecfaf3
2023-03-21 22:43:59,True,0.5285,0.0002957,164.253,0.0485,0x2b...4055,https://etherscan.io/tx/0x5b91aa350be09f4aebd1dfaa0bad39f963a9a52d39a6fd99456bdd5d07729eeb
2023-03-21 22:42:47,True,0.5285,0.0002956,66.3652,0.0196,0x50...9ab7,https://etherscan.io/tx/0xbe98f2e31e1897b411916a2a2cc539fac02adafd0392871afd1515a8b68e1598
2023-03-21 22:41:59,False,0.5254,0.0002939,235.0,0.069,0xce...1c02,https://etherscan.io/tx/0x64d075bd8bc0cfb456cc222f07d9302716445b2720e4f01898bae6b5c51d72eb
2023-03-21 22:37:59,False,0.5313,0.0002976,16450.0,4.89594,0xe2...79fc,https://etherscan.io/tx/0xdb3a517197701d3a971da610315ed68759a08697d330625cf789101f7e7bd83e
2023-03-21 22:36:35,False,0.5408,0.0003028,6611.25,2.00202,0xcc...9439,https://etherscan.io/tx/0x88fbaf09346a0f3c9e54de2c98833b6499791de4f9ec7c3538582dd5382dad3e
2023-03-21 22:34:59,True,0.539,0.0003011,21900.6,6.59539,0xa5...669a,https://etherscan.io/tx/0x7321b88bc8689c8037a234d688d48482a5cf6ed42f43373e081a1c0355bcbe27
2023-03-21 22:34:11,False,0.5273,0.0002944,170.14,0.0501,0xac...f7c7,https://etherscan.io/tx/0x5fc817ecda71de651d3d1a44253c65cc21bd9cde2703358ee9e0d0bbfa04598f
2023-03-21 22:32:11,True,0.5304,0.0002958,1900.0,0.5621,0x90...584c,https://etherscan.io/tx/0x88133a263ce49510cdefb3ed8ee3962c73ccd4be204c9229fad19b5cf676066a
2023-03-21 22:30:35,True,0.5218,0.0002911,19903.6,5.79466,0xa5...669a,https://etherscan.io/tx/0xcccd0549129b03df6c5438cf87983cbdc31f61eb4fed0d2b0014ac8a4457284b
2023-03-21 22:22:11,True,0.5137,0.0002865,1395.73,0.4,0x21...e50d,https://etherscan.io/tx/0x69d04096ec5302da58fce9cf7aa681292d957d4a44255e8bc08300c1d9f72af3
2023-03-21 22:20:35,False,0.5094,0.0002846,207.533,0.059,0x49...1b17,https://etherscan.io/tx/0x3a213d06576807d9e7ade864fcfe2c399fc5cb03d0220d25afc2b47030b0e21d
2023-03-21 22:19:47,True,0.5124,0.0002863,139.688,0.04,0x1f...d302,https://etherscan.io/tx/0x7f5d0f6b4122f6b9894984c753377211d6c4c6c6d4848d80fae7e23c987112b2
2023-03-21 22:19:11,False,0.5098,0.0002849,1410.0,0.4017,0x65...1793,https://etherscan.io/tx/0x3dd5f599d79b5e3ef5a5548b3ad61716635ece32c3e8012f8e598d9d4883f71c
2023-03-21 22:18:47,True,0.5123,0.0002864,2444.14,0.7,0x87...48c7,https://etherscan.io/tx/0x47ecdb48c02880830d48e57e457b108e6afd5e86c2c66a574783af41e641baed
2023-03-21 22:18:47,False,0.5089,0.0002844,1410.0,0.4011,0x65...1793,https://etherscan.io/tx/0xd5bf3ee118a89cdfe6380c4a434f9a18ffffd7f91f0202042aa22e406cba996f
2023-03-21 22:16:47,False,0.5108,0.0002851,2029.55,0.5788,0xdb...d71d,https://etherscan.io/tx/0xcf10ccb92853420def8c4656ba2fa624a346e45f23f3358c5d4d630daa5ce155
2023-03-21 22:14:59,True,0.5141,0.000287,1521.13,0.4365,0x15...eb3c,https://etherscan.io/tx/0x8ea79e2fd19296a3ee9623a3086d09c6d1f1804d6864598511e75dcc748a9a05
2023-03-21 22:10:35,False,0.511,0.000285,470.0,0.1339,0xa6...bb97,https://etherscan.io/tx/0x654985887853dbf472e8771effb27484d6d6e72006eb2a2b9549ecaa1f1ecb11
2023-03-21 22:09:23,True,0.5149,0.0002868,260.693,0.0747,0xfd...b64c,https://etherscan.io/tx/0x2b66c38aca67c1852bf268497a54993f53057df35a88e1f29a436c064fa7f991
2023-03-21 22:08:35,True,0.5153,0.0002866,486.993,0.1396,0x13...2062,https://etherscan.io/tx/0x4f4e725f29dbe1f38af8302e3632ba65594f2ce108d997ffbc652456488b0653
2023-03-21 22:07:59,True,0.5138,0.0002858,3498.51,1.0,0x85...e19a,https://etherscan.io/tx/0xe935766fe80ee4f4225372eddbd9ec4d8ec24ed6aa26b39d58af9e565ce14694
2023-03-21 22:07:47,True,0.5124,0.0002849,524.748,0.1495,0x5e...4974,https://etherscan.io/tx/0x5555f284052f777217abe81c6e5d3a6c0aaef8b975729e0220fffa5caa566376
2023-03-21 22:05:59,True,0.5087,0.0002829,9341.1,2.64302,0xbf...9a66,https://etherscan.io/tx/0x402be360be72fa214a9439423b39eb3e34ea3313537a67b4aff89384945a6890
2023-03-21 21:58:35,False,0.503,0.0002796,1546.51,0.4324,0xec...d95c,https://etherscan.io/tx/0x9dd54db98624fcf621adb315951ad042ddb886d3a93b778006246688dfb65a20
2023-03-21 21:54:35,True,0.5059,0.0002814,1036.31,0.2916,0x0b...e688,https://etherscan.io/tx/0x0df363284cc2766b3bb3b0c7bc934e5775e9dbca38cb0c15d749fe859a782f93
2023-03-21 21:54:35,False,0.5028,0.0002797,940.0,0.2629,0xc6...2650,https://etherscan.io/tx/0xf8b1a4f6399506265ff07ba742ad37ed5738e77eedc738060377b81ede30c869
2023-03-21 21:49:47,False,0.5027,0.00028,639.2,0.179,0x27...3c7e,https://etherscan.io/tx/0x278a701f5584876ca271fa4192a47b7de4feded9017d787865738a2e2643c1ab
2023-03-21 21:49:47,False,0.5067,0.0002822,10124.2,2.85775,0x27...3c7e,https://etherscan.io/tx/0x278a701f5584876ca271fa4192a47b7de4feded9017d787865738a2e2643c1ab
2023-03-21 21:45:11,False,0.5167,0.0002872,13796.6,3.96326,0x99...1c45,https://etherscan.io/tx/0x8aebb87a0647f22f2b71cb6c8f76463bdb86bfa6032eb723867a95266236c31e
2023-03-21 21:44:35,False,0.5225,0.0002904,1175.0,0.3412,0x7e...547c,https://etherscan.io/tx/0xbab9dcf3fc4865a626fea872b0e9a3d66664fc203a262f3f1f13549c760e6583
2023-03-21 21:41:59,True,0.5185,0.0002883,19234.8,5.54584,0xb9...35e0,https://etherscan.io/tx/0x131b954ae796a0225a4a5a4f1b9045b7b99f23d9702dd3e023be1b494b432a9c
2023-03-21 21:41:11,True,0.5106,0.000284,985.692,0.28,0x78...6170,https://etherscan.io/tx/0x3dbe0b0017f7617a2443185aa7d864dfca2476b91a1357c5760e09d0eac65a7d
2023-03-21 21:40:23,False,0.5073,0.0002822,346.86,0.0978,0x58...6a6c,https://etherscan.io/tx/0x3371f0b9a3e55b7f0d50c1584777ddabe3112324db2f1a14a64e1381dedfc946
2023-03-21 21:37:23,True,0.5109,0.0002838,528.367,0.15,0xb4...6c85,https://etherscan.io/tx/0x578517f82f6b37fe3c7fc00e0180d02baf43fbcd5546c549bb242cd6c57c75c0
2023-03-21 21:36:59,True,0.5104,0.0002836,705.125,0.2,0xf4...066c,https://etherscan.io/tx/0xe9f6930ea263c5ded7457cdfb63832ce52a12f45e94ecae6b4a59e0f94756771
2023-03-21 21:32:47,True,0.5093,0.0002832,1000.0,0.2832,0xce...4019,https://etherscan.io/tx/0x5c3311eb9a0efa18bd0faa0de46e9b3322f4089596e8494a7008a612b9a94d53
2023-03-21 21:31:47,True,0.5081,0.000283,353.351,0.1,0x4e...08eb,https://etherscan.io/tx/0xac29fbb47e65117e68154469f807e4694d9d04e6b40d634597f9ad64e381bde7
2023-03-21 21:31:23,True,0.5074,0.0002828,194.421,0.055,0xb5...0baf,https://etherscan.io/tx/0x8214be5e77b43d90cb8bfe5bc9aef3ed1166faa3bdcdea9146dde5354f6a7590
2023-03-21 21:27:47,True,0.5027,0.0002806,10509.7,2.95,0xa1...a40d,https://etherscan.io/tx/0x622a07cca584ce46b5ed346e55ad657b2775c7bfae819f16dae6585b43d47342
2023-03-21 21:25:59,True,0.4989,0.0002785,96.6694,0.0269,0x7b...55d7,https://etherscan.io/tx/0xe810a1593160916d2055d572ec8f6b2f23ba2bddb937b38e088be1d98a6b0062
2023-03-21 21:25:47,False,0.4964,0.0002771,1606.03,0.4451,0x4d...b7cb,https://etherscan.io/tx/0xc955c33c548343a94e36fe384c4965e43b5660d5a8716662a5908ce1231b279a
2023-03-21 21:22:59,True,0.4994,0.0002789,1075.46,0.3,0xf0...71e1,https://etherscan.io/tx/0xc6042f87a7f1e826c67130c5ce149f2f3d9a15c08370b41780b2971b12169c28
2023-03-21 21:22:59,False,0.4968,0.0002774,2036.98,0.5652,0xad...4ef4,https://etherscan.io/tx/0xe9ee3bd3b924f675764c9de757ec3e1d117d92340b0590c83f5811386b7e37f7
2023-03-21 21:20:35,False,0.4991,0.0002787,4194.28,1.16906,0x36...59a7,https://etherscan.io/tx/0x2613e267b65b57db9388d585d7fa49b9f58afc3db76f428984f5ba45f5c92d13
2023-03-21 21:14:23,False,0.5018,0.0002801,2632.0,0.7372,0xad...4ef4,https://etherscan.io/tx/0x43e303002ab4be05d900b8a52903d7367efac363b866eb2961ffaf7b4901d834
2023-03-21 21:12:59,True,0.5005,0.0002793,14677.3,4.1,0x99...1c45,https://etherscan.io/tx/0xcd95d85cb356512b3c397224c7a4e4f11383f2abc51400c24a96288322401cc1
2023-03-21 21:12:59,True,0.4952,0.0002763,19.99,0.0055,0x25...7f2c,https://etherscan.io/tx/0xcc82790b303bb4c37f448a1dfd45aa9d6e5d7da55357836ca44fd0968a9409c7
2023-03-21 21:12:23,False,0.4937,0.0002755,4256.59,1.17299,0xa1...8838,https://etherscan.io/tx/0x5d7bd1264f5809335a18ee667e40f7bc39bb28372fc8bef2e113abbbbd1192ad
2023-03-21 21:09:23,True,0.4982,0.000278,17.9806,0.005,0xb4...6c85,https://etherscan.io/tx/0x20d292b769536ec903b49d7f1cb2e4fa6c5d26905bb9bca3dbc07c7125822f91
2023-03-21 21:06:59,True,0.4979,0.000278,359.71,0.1,0x93...2a29,https://etherscan.io/tx/0xb0c2d8131117d024d316e4eb19c41db4274e22d5bb441695dcd7a46aa1977831
2023-03-21 21:03:11,True,0.4969,0.0002775,1999.8,0.555,0x3c...9a63,https://etherscan.io/tx/0x0b44154c6713a986b5fdef83d5795f0596ff8fcfba3c969dd8fee7c4553778f7
2023-03-21 20:59:23,True,0.4967,0.000277,304.264,0.0843,0x7f...eb11,https://etherscan.io/tx/0xe5ec156b577473189a63334bd3ea108d815ef76b72c7e0d219cacf1b250f9195
2023-03-21 20:58:47,True,0.4964,0.0002768,776.596,0.215,0x17...dce9,https://etherscan.io/tx/0x7fd3b7f62e26d1f1f578a6a262e3c8291f7cf96ebc8e1888bb28ce998d4749cd
2023-03-21 20:58:11,True,0.4954,0.0002763,1881.89,0.52,0xe4...e4d6,https://etherscan.io/tx/0xb0975c00c41a46921de635c1c048785922bbf9459fd3e856f01817bc18e29035
2023-03-21 20:57:23,True,0.491,0.0002738,10496.5,2.87464,0x40...9f12,https://etherscan.io/tx/0x56ed13057e4d17d671f8def9b2ac73a981dac691ab56400641bc311bf51b5b9b
2023-03-21 20:57:23,True,0.4873,0.0002718,66.2251,0.018,0xef...ee60,https://etherscan.io/tx/0x2b07b5fd3c68613c731d648e7a2132070ad7578190c7b25806d7f734f70b1848
2023-03-21 20:50:23,True,0.4869,0.0002713,2026.58,0.55,0xed...bbe9,https://etherscan.io/tx/0xa45fc9e3c41104bd105943243eb4688437202beea340eeeb4dad76af18de2a64
2023-03-21 20:49:11,True,0.4862,0.0002709,147.855,0.04,0x6e...d5ce,https://etherscan.io/tx/0xa866662d213d74cac9d9319c59dc2d3d99e6ce56a02101dd5dfdaca758b2cb30
2023-03-21 20:48:35,True,0.4826,0.0002689,10354.0,2.78471,0x40...9f12,https://etherscan.io/tx/0x2f3c62e79057861666a9bb3ee4c6d1fb4dfaf374e08ebf8a71e401d68ec83905
2023-03-21 20:44:35,False,0.4767,0.0002653,40.42,0.0107,0x41...cd26,https://etherscan.io/tx/0x730c0c1964e81745e5fbb61305a706f8109d832743c8d67c015781cd3a3ad37f
2023-03-21 20:39:23,False,0.4761,0.0002654,147.58,0.0391,0x99...2289,https://etherscan.io/tx/0xea2b6fa4f9cefb1e99b8753b2299cff55fb6dcb6e875d05796b216861b0da253
2023-03-21 20:25:35,True,0.4777,0.0002666,1874.81,0.5,0x16...78a9,https://etherscan.io/tx/0x2d9a5e5ab0e6c446df8a692563fb89cf7b64d2ce44154426cc00bab0aea45250
2023-03-21 20:24:23,False,0.4748,0.0002651,1880.0,0.4983,0x74...cd61,https://etherscan.io/tx/0x209650edbb65034c34b7f9595aae10263256675e50dba5e0d03904efd5d023ac
2023-03-21 20:23:59,True,0.4782,0.0002669,332.827,0.0888,0x8d...cc5e,https://etherscan.io/tx/0x07a48c0ad241d6c638b343cf6b4bc9e87c134a69977cda5930f25ea5c23754b7
2023-03-21 20:23:23,True,0.4773,0.0002665,1991.0,0.5306,0x7c...5dab,https://etherscan.io/tx/0x033c88c0a144f623202d1fb1132e19039b5c614dc28a36de68b5777913341fa4
2023-03-21 20:21:11,False,0.4741,0.0002649,1994.96,0.5285,0x26...2fd5,https://etherscan.io/tx/0x2ef304feffc3604d91b55ec637c98de434de6d1aa37647127c1d4d66b76e6907
2023-03-21 20:13:47,True,0.4778,0.0002665,1955.72,0.5213,0x53...36df,https://etherscan.io/tx/0x53243135b5d991813e7f066de08ab94991433dd691f8dbc7bafac35238d6af56
2023-03-21 20:08:59,False,0.4749,0.0002649,1880.47,0.4982,0x1a...8ad0,https://etherscan.io/tx/0x247b98014d123b1d0f61de6c649b632564de8e6912203cdfbe8849ad5103c4aa
2023-03-21 20:08:35,True,0.4781,0.0002668,337.297,0.09,0xf9...fae6,https://etherscan.io/tx/0x46b50670283a2a97ef4a83c74e9bfbffb2fadd1d45de6ddaf1bc2ba84c5ee4de
2023-03-21 20:08:23,True,0.478,0.0002667,86.2239,0.023,0xe8...b0a1,https://etherscan.io/tx/0x7b6d238f911f9210a1cc1da16fb7322ac3b547de5e87cf877d5839bc3ed0b261
2023-03-21 20:08:11,True,0.4776,0.0002666,393.765,0.105,0xbf...34ff,https://etherscan.io/tx/0x75332bec113101e5559e0a00e34d900e650a7b096e9cf1b52d71a8d65d1a31af
2023-03-21 19:59:35,False,0.4737,0.000265,106.22,0.0281,0xf2...57cb,https://etherscan.io/tx/0xee9a1207040f5ac76c9bc2e575fe5ec85d8ad5c3774a6b3ac7accbb1cd89d4c2
2023-03-21 19:57:35,True,0.4756,0.0002662,2122.3,0.565,0x26...2fd5,https://etherscan.io/tx/0xf76fad9e5a8ded26c7860aa4b23c4c7a6c8f026903a05e74cd49ead85f789f69
2023-03-21 19:55:59,False,0.4723,0.0002646,2360.43,0.6247,0xc1...ba31,https://etherscan.io/tx/0xa4a9a8e6f5e5cddb28d337a2249027ed03ee9df7ebd94e328696ab3231401271
2023-03-21 19:51:23,True,0.4756,0.0002664,1137.1,0.303,0xda...a620,https://etherscan.io/tx/0x14f376aed803cb10f1d1cc7de5d324a7efba655429478af5e527bcb10da56c84
2023-03-21 19:50:23,True,0.4751,0.000266,1075.39,0.2861,0xea...d7d5,https://etherscan.io/tx/0x4916e5f23e4d4772f656ef4d6c04d9ab34328dfb1c10d61e6143626a64a65d32
2023-03-21 19:50:23,False,0.4744,0.0002657,7681.68,2.04121,0xf2...57cb,https://etherscan.io/tx/0x9c9a525bab7381f168545325ec310ee4f1963755f024c209ce77fdce1fa3a72a
2023-03-21 19:50:11,False,0.4773,0.0002673,752.104,0.201,0x94...5d5d,https://etherscan.io/tx/0x471b6320185723536c0c80eaa9c3b9e8213726447095f45caa31e8a446ff9661
2023-03-21 19:49:11,False,0.4772,0.0002676,822.914,0.2202,0x82...5336,https://etherscan.io/tx/0x557fe755cb7e5da0f9f1d7c2f414a9dae2a8e989d13a7fca211860a99aef2200
2023-03-21 19:48:23,True,0.4799,0.000269,2007.45,0.54,0x5e...78ff,https://etherscan.io/tx/0x1a85065b706a09f71f3bcc07ae477e1687e3481ec4b0a341dde4b93159843419
2023-03-21 19:42:59,True,0.4779,0.0002682,1901.21,0.51,0xd6...75e6,https://etherscan.io/tx/0xa165cfe75a606ee0a47c2f2b7dbace4c864b87f0542030aa33370b66fc66830e
2023-03-21 19:40:59,True,0.4779,0.0002678,373.388,0.1,0xa6...69ef,https://etherscan.io/tx/0xb6915f98473ef357aa7f01bf5e0f9adb1bca69e37b83d3e40474f5a10f371d1a
2023-03-21 19:37:59,False,0.4773,0.000267,4893.68,1.30695,0xc1...ed0d,https://etherscan.io/tx/0x0d0017057a2defeac3e7faa7d4ebfdd512c996da745cfb249ff49efd5d7a721d
2023-03-21 19:36:11,False,0.4812,0.0002693,7050.0,1.89891,0xf2...57cb,https://etherscan.io/tx/0x57d38c67c9eb5a68fba42a0810d7d46d1240cb4996179ed8951d4f040bcf096b
2023-03-21 19:34:23,False,0.4861,0.000272,7050.0,1.91813,0xf2...57cb,https://etherscan.io/tx/0x648fc1bbc4624936296b4c8e7639ec3deef58373b0440bfc0af35e69a6c8f024
2023-03-21 19:32:35,True,0.4911,0.000275,508.789,0.1399,0x1b...25a9,https://etherscan.io/tx/0xa390618f6edbbe5304b3752bc12964aba5156ee16c2770405b710f2d29206d89
2023-03-21 19:29:23,True,0.4886,0.0002743,2551.09,0.7,0xa2...f636,https://etherscan.io/tx/0x51cd85ab5dd7ce49706e254f584910b21a908112213b6f9a53747ae47f29c604
2023-03-21 19:27:23,False,0.4856,0.0002725,1410.0,0.3842,0x3f...1fab,https://etherscan.io/tx/0x47e4794253444992950b88db278d24476ef73709b1a0af91a3a579b8ebb9ce29
2023-03-21 19:23:35,False,0.4852,0.000273,1434.44,0.3917,0x48...c4c9,https://etherscan.io/tx/0x5d8b32689ca0bb51b13af8bc488f236d0d978fbdd1afd0d06b6b9e8e67059180
2023-03-21 19:22:59,False,0.4888,0.0002747,7050.0,1.93702,0xf2...57cb,https://etherscan.io/tx/0x62acc3fd59531319421a116faea744119d6266cc5cc16e9931d58ea7a9f1d155
2023-03-21 19:22:59,True,0.4921,0.0002766,5964.88,1.65,0x6a...c911,https://etherscan.io/tx/0x21bbea38d1f859773d2b6d3152090c06fc2f0c9ddafd0686e060b0e796247ea7
2023-03-21 19:22:59,False,0.4877,0.0002741,1880.0,0.5154,0x84...c025,https://etherscan.io/tx/0x690de0ea45f533ad5d666ec2b2ab19457638f1e2ebcebc082cdff162ef7e72a8
2023-03-21 19:16:35,False,0.4931,0.0002758,6580.0,1.81496,0xa4...9b83,https://etherscan.io/tx/0xf78a5cf212c23294f5b3a6afc143e2adaa74223f42fea70ff25c59cee6f31f55
2023-03-21 19:15:47,True,0.4963,0.000278,3956.66,1.1,0x04...bdee,https://etherscan.io/tx/0x1237e901eaf162c1ccba00c15282df2ce18b281a125c3accaf22064fe8b6fcdf
2023-03-21 19:15:23,False,0.4924,0.0002756,235.0,0.0647,0x25...0509,https://etherscan.io/tx/0xb2c3a79a991b2bc0fe166ecf49ee3565c1fa12d3621f1c48ce6f92c378cb0e60
2023-03-21 19:14:47,False,0.4923,0.0002757,658.0,0.1814,0xa2...4c7e,https://etherscan.io/tx/0x56178f08c00d1c5480b14edb05f7b57163c3efb74b41eea782e3e5d35851821a
2023-03-21 19:12:35,False,0.4942,0.0002762,1880.0,0.5194,0x6f...9a66,https://etherscan.io/tx/0xfb8f17bdb85450a706d49c048abc60a10a2e8c5b1f57eca90c5a9c0a3dd48212
2023-03-21 19:10:47,True,0.4973,0.0002778,2159.1,0.6,0xda...a620,https://etherscan.io/tx/0xb688eb7c06e822b396c936a43d69a8c9aa0f013097112668e2353954de90920c
2023-03-21 19:10:23,False,0.4938,0.0002759,798.784,0.2204,0x83...f17f,https://etherscan.io/tx/0x0ed53b3c3642fb5ce5cd14d4fd2dee65439c5f6d44fa932439bc5401288d8535
2023-03-21 19:09:35,True,0.4971,0.0002777,218.0,0.0605,0x72...3f4f,https://etherscan.io/tx/0x55c204c28e8d60c3460f87d8fc7edc02279d4900817b88e81bca2175528e2686
2023-03-21 19:03:23,True,0.4961,0.0002776,198.517,0.0551,0x04...8993,https://etherscan.io/tx/0xa338a2fd8c935bc7491e2221fa4f113cfa08b4f16533ecf2971a56e71c6d4f43
2023-03-21 19:01:11,True,0.4966,0.0002774,648.688,0.18,0xd6...77bb,https://etherscan.io/tx/0x175b65514c53499ee5c357984e484d3d948c15101276def1650013a7a92477cf
2023-03-21 18:58:47,False,0.498,0.0002779,11231.5,3.12175,0x0a...6a78,https://etherscan.io/tx/0x4f36e470357bb8851e6c7e101e4118096c9aa82214435ee7cafee17875e2490b
2023-03-21 18:56:59,True,0.5045,0.0002812,3023.97,0.8505,0x20...33b1,https://etherscan.io/tx/0xb92f60030cfec4f31d81fca7756a96450d178088c6bc64139da5f36f985cee86
2023-03-21 18:52:47,True,0.5033,0.0002805,396.195,0.1111,0x01...ac30,https://etherscan.io/tx/0x8aa3a6c145568af33b2ff3d8179b5d91e0afe1870a2f73233d7c50ec230e0135
2023-03-21 18:50:59,True,0.5018,0.0002804,83.4188,0.0234,0x8d...cc5e,https://etherscan.io/tx/0x5226f96e3e7ba7cdef0785d697ffbb6e011670ed15d387c04e0a96fe355963ab
2023-03-21 18:50:35,True,0.5015,0.0002802,891.955,0.25,0xb4...7cbf,https://etherscan.io/tx/0x457eb1c656a7c2ae11fdb71c10926a23d7cae5bfa6c0938a9668d389aa04bd69
2023-03-21 18:50:35,True,0.5011,0.00028,357.106,0.1,0xd6...77bb,https://etherscan.io/tx/0x19e6d015820eb4f4bb3c7f3b66279c22b644cc3faf5b7d33b87d1316f69d5f3f
2023-03-21 18:47:11,False,0.4985,0.0002783,103.4,0.0287,0xa2...4c7e,https://etherscan.io/tx/0xa0d33a1bc76e0bb2572bea3890a28bf9f85dc26fa21bba9d65be792b8ac61a50
2023-03-21 18:43:59,True,0.5023,0.0002799,151.271,0.0423,0xbb...61f1,https://etherscan.io/tx/0xabb0d9aa03065c864b374f6b230a08184218dd177bd58d8fcbbade0a774ebca4
2023-03-21 18:42:59,True,0.502,0.0002799,178.635,0.05,0x0f...eb2f,https://etherscan.io/tx/0x0e923b2632b0d885f655214a64bcedc614a93c81b889b32ff9d0074ed87141e4
2023-03-21 18:41:35,False,0.4996,0.0002784,1290.42,0.3593,0x88...7627,https://etherscan.io/tx/0x2d8acaff2b8bd1a56bab4600f55730a0dcca5b7641ca3548da55725d310570e2
2023-03-21 18:38:35,True,0.5045,0.0002799,1982.26,0.555,0xda...a620,https://etherscan.io/tx/0x2a7e1575275f6b75747986f36abc59da53cb2aee31896b8baec754a4d2dd7e33
2023-03-21 18:38:35,True,0.5037,0.0002795,286.201,0.08,0xd6...77bb,https://etherscan.io/tx/0x071dace1ccc164fbf98544fdc6d5ed26f9e14a7d32491acc0fe9280c854a43ba
2023-03-21 18:37:35,False,0.5023,0.000279,5965.43,1.66434,0xd0...7954,https://etherscan.io/tx/0xbf1336315fde277afe3f8661806517079e6a4028f94d7e8d5e7d2575815db868
2023-03-21 18:36:35,True,0.501,0.000278,19173.1,5.33016,0xbf...9a66,https://etherscan.io/tx/0xa0ab9e27351f77d7f891e15ec80fa1b886789df6611d35714e0e7d5cce7a5395
2023-03-21 18:35:35,True,0.4943,0.0002741,375.773,0.103,0x0f...eb2f,https://etherscan.io/tx/0x794efb4831fafd408ad7577e9a2ed40d53173f281da19253796a7c8c3014a84f
2023-03-21 18:34:23,True,0.494,0.0002739,190.823,0.0522,0xd6...77bb,https://etherscan.io/tx/0xdaca302590deb0c66365ca87908e6a406589c53211e8791b65fa4d0ac0519f5f
2023-03-21 18:33:35,True,0.4933,0.0002738,730.437,0.2,0x29...7917,https://etherscan.io/tx/0x79be9d22bc97296dcd37bd7e3846c8c4cc93cba78a35cc1a055deaf3a38898ef
2023-03-21 18:32:23,True,0.4926,0.0002735,421.164,0.1152,0xd6...77bb,https://etherscan.io/tx/0xfffae092fff633445784d9de59dd617c8be37f8463131b5720ce8d9786464d2c
2023-03-21 18:32:11,False,0.4906,0.0002724,3008.0,0.8195,0x44...5e0e,https://etherscan.io/tx/0x038b474dc149bda9f303f911e7422ce956d1c030c04425df527afb91eca2231f
2023-03-21 18:30:59,False,0.4934,0.0002736,3290.0,0.9004,0x44...5e0e,https://etherscan.io/tx/0xfec0ba0fcf1cec66c6b1835f3b99fc9f610e1a6fb92bbfbb10fe12e79d625639
2023-03-21 18:27:59,True,0.4976,0.0002755,2100.74,0.5788,0xd3...d0bf,https://etherscan.io/tx/0x125156fd02714b620dd4f841bac68f51544c2ab9cfe0db8ae6e07a17efe0366f
2023-03-21 18:24:23,False,0.495,0.0002738,1647.6,0.4511,0x73...3bb4,https://etherscan.io/tx/0xbb0974cf21873a8bbcadd517968cf4680f5fed80594e30a0c42b24223990b690
2023-03-21 18:22:59,False,0.4957,0.0002741,235.0,0.0644,0xf8...0a3c,https://etherscan.io/tx/0x9460d3e6587eecec8d9341971b20526d9beb6e1bc54fd50c80f5f66ffb22fa68
2023-03-21 18:19:35,False,0.502,0.000278,18800.0,5.22649,0x9e...48bd,https://etherscan.io/tx/0xad0e60e1320b53ef7b33cb978ac8431eff017850af735790a655f56dfdd0006c
2023-03-21 18:17:35,False,0.5101,0.0002824,3267.06,0.9228,0x95...fba9,https://etherscan.io/tx/0x6b6f68d15a45252fb40ee075dcce65eaf384e2c6e6fa2008b9268f7853a18edf
2023-03-21 18:14:47,False,0.5126,0.0002835,2013.48,0.5709,0x1a...8ad0,https://etherscan.io/tx/0xafaf9e2835d8400fccf05c5a7a3f96afb02f9edde5bea240dd737347dc97e961
2023-03-21 18:09:35,False,0.5121,0.0002843,1587.09,0.4512,0xb2...2eba,https://etherscan.io/tx/0xce02c1e942ba23b275409a4403b8fe351559aa105cd1a42870393a6ed1b031ca
2023-03-21 18:08:59,False,0.5129,0.0002847,470.0,0.1338,0x58...71c6,https://etherscan.io/tx/0xe568d9320c5926cf1428b8d7b67f03bc26738d1b92c353a4a38babfe856f1670
2023-03-21 18:07:47,True,0.5156,0.0002865,273.751,0.0784,0x8a...7f88,https://etherscan.io/tx/0x2f91703f46c0bcae18fc9804882de8aefd79a5a7265e27da78b10bf053556b36
2023-03-21 18:05:47,True,0.5156,0.0002847,7907.27,2.25193,0x88...e3b6,https://etherscan.io/tx/0x53c66cab927859a02c882a0e449329690df9bd78d04a014cb4a0a99cef34686c
2023-03-21 18:04:35,False,0.5104,0.0002815,444.832,0.1252,0x55...ce90,https://etherscan.io/tx/0x1460d910fe68b576443dc50587e307f977ad1e9312ff63514d12a2601a4afc3a
2023-03-21 18:01:47,True,0.5135,0.0002831,706.249,0.2,0x08...c2fb,https://etherscan.io/tx/0xd8d85b6b9f53cfd718b4606bd6226ed92e809cfad2d172f8645e05a87c19c1f5
2023-03-21 18:01:47,True,0.5123,0.0002825,2477.63,0.7,0xfe...26bc,https://etherscan.io/tx/0xf6226e2306ba0bafef17c3a02578fbdf77af009c41d0e16ac1dbf5cb828b1c66
2023-03-21 17:59:59,False,0.5087,0.0002807,1850.86,0.5195,0xe4...e4d6,https://etherscan.io/tx/0x756cac0c15b396664a2bcf5064fc38c6a197d9c1c01afbedbd73b95a5d5ff2b6
2023-03-21 17:59:59,False,0.5101,0.0002814,1855.61,0.5222,0x3e...b3b4,https://etherscan.io/tx/0x99899955fdd3aba08fd436a24867b769d013a1c108a44c79e5687b454c0353ed
2023-03-21 17:59:47,False,0.511,0.0002819,470.0,0.1325,0xf8...0a3c,https://etherscan.io/tx/0xeaadd87962664a378b31d021eb5e04f5f16d7826aad67ee1e5b8a9ad1c4116a5
2023-03-21 17:59:35,False,0.5128,0.0002824,1850.86,0.5227,0xe4...e4d6,https://etherscan.io/tx/0x5c0e595798adc1a30743f768646011d3bb8512b7ae305858016e1de09d1e7298
2023-03-21 17:58:23,False,0.5135,0.0002828,316.878,0.0896,0x8b...edd8,https://etherscan.io/tx/0xd5ff054ee9ad22d7b383537ea9a0462d807305404527cd752976c4c63de86cef
2023-03-21 17:57:47,True,0.5165,0.0002845,348.338,0.0991,0x84...b54f,https://etherscan.io/tx/0xd9da6ed500caee29b9674c2dc99b60b5c9f0743916f86961cd025179210c42b2
2023-03-21 17:56:35,False,0.5169,0.0002847,9324.64,2.65501,0x6f...3fab,https://etherscan.io/tx/0x8556c1be8a7b43d8cefd61e0dfc04959259d1fa68337971ae595d1cec139974f
2023-03-21 17:55:59,True,0.5234,0.0002883,345.154,0.0995,0xc4...229f,https://etherscan.io/tx/0xaa44d3e2e8d659e3c00a383ed6667b2a1d03dca7d46c64ee45b362000593e259
2023-03-21 17:55:11,False,0.5205,0.0002867,959.137,0.275,0x04...c3f4,https://etherscan.io/tx/0x0f36f8c7f1490010c339767cbc703a8e1a8133d4f9c20bc962478299a1144037
2023-03-21 17:55:11,False,0.5249,0.0002891,10549.7,3.05081,0x22...6a78,https://etherscan.io/tx/0x03b07f306c1ffb950c8b11ea1a2399f8262753b858908ebae4a984d4ab4e9d53
2023-03-21 17:55:11,True,0.5321,0.0002931,321.252,0.0941,0x22...6a78,https://etherscan.io/tx/0x03b07f306c1ffb950c8b11ea1a2399f8262753b858908ebae4a984d4ab4e9d53
2023-03-21 17:54:11,False,0.5375,0.0002962,22602.2,6.69648,0xdc...f1dc,https://etherscan.io/tx/0x72363daae88a17098e999f96982cdd1fb3d59d2c4b1e28de191068379f0a4009
2023-03-21 17:49:47,True,0.5454,0.0003009,9636.62,2.9,0x46...d1aa,https://etherscan.io/tx/0x1d7ebcc104bc2f46b887199b75c6bf2d2bcc8c1b3fcace75800d5eb6458541c1
2023-03-21 17:48:23,True,0.5407,0.0002987,200.0,0.0597,0x18...ab8b,https://etherscan.io/tx/0x5de60683f53acb13c96738364dce0baaa798fb5f009a45a7c385c3a0ab1db2c6
2023-03-21 17:48:11,False,0.5374,0.0002969,188.0,0.0558,0x93...6b0c,https://etherscan.io/tx/0x9200cc0a294c0b2145ee632c8ae63b161c3021e6b178029c8f8606f60bd24aac
2023-03-21 17:46:59,True,0.5395,0.0002982,2481.56,0.74,0x59...7ee6,https://etherscan.io/tx/0x8532dedd30a087d8df2f81e846cab88044d549e06ef94647b51ae2b8d41ca808
2023-03-21 17:43:59,False,0.5382,0.0002964,2637.21,0.7818,0x3a...fe88,https://etherscan.io/tx/0x4654d8df26605c157ada71ab798e9dbee28546c14f17f5fb965400b05f15075d
2023-03-21 17:41:23,False,0.5389,0.0002973,1510.38,0.4491,0xb2...2eba,https://etherscan.io/tx/0x4985384a8cee56170eefa26c81d13af464aa7c2ff168f68b1314483611b9e049
2023-03-21 17:41:23,False,0.5408,0.0002984,3102.0,0.9256,0x37...bcac,https://etherscan.io/tx/0xc6859d4d4faec86a012eb319252b82d221c206f2169edc9ebf425d403faebbf0
2023-03-21 17:40:47,False,0.5417,0.0002993,940.0,0.2813,0x6d...899c,https://etherscan.io/tx/0x8363457f00e15058106a6c69c2085947563d01933ea821ccdd174fd709672e21
2023-03-21 17:39:59,False,0.5435,0.0002996,356.063,0.1066,0x34...8e7e,https://etherscan.io/tx/0xeb610a2b9a7fd6e33de40d7342e4ee3012609272f27979f4e559750cd9262fd5
2023-03-21 17:39:23,True,0.5493,0.0003013,663.72,0.2,0x44...da25,https://etherscan.io/tx/0x991b0e7156de55171d4f426960735aff750026fc62f919fd60b27ca7f864183e
2023-03-21 17:36:11,False,0.5446,0.0002997,1817.71,0.5449,0x78...6170,https://etherscan.io/tx/0xa3b27e3a922eb338d197a53478091a29f4440cffb5143100546063da70c28091
2023-03-21 17:35:59,False,0.5458,0.0003004,1190.8,0.3577,0xe2...ce89,https://etherscan.io/tx/0x2bc9d7acf976237b74e2c695d1a5137673f9d530fa5596a120c69a7f4540605b
2023-03-21 17:35:35,True,0.5488,0.000302,1986.14,0.6,0xe6...0123,https://etherscan.io/tx/0x7335a7e6270c44ad139799cfdcd087c05febf4e27f30c33d933e0958c1af3b15
2023-03-21 17:34:35,True,0.5472,0.0003008,3323.51,1.0,0x70...8f67,https://etherscan.io/tx/0xc21060141efe38e44bd1a0199e5110bd9848ce7e0040cade2d6e5e7ecfbe2734
2023-03-21 17:33:35,True,0.5452,0.0003,283.266,0.085,0xc4...2ffd,https://etherscan.io/tx/0xb9a3078024dfd9a1f7ad21537d6371ada672d0e2b6475a29477291ea4def9527
2023-03-21 17:33:35,False,0.5426,0.0002988,2820.0,0.8427,0xfb...8746,https://etherscan.io/tx/0x60754a44f54cdb3aa154f0d49ca86b1f573e4eba0901e57fa5212ce5915bbdad
2023-03-21 17:31:23,False,0.5471,0.0003013,8079.02,2.43427,0x7c...dd4a,https://etherscan.io/tx/0xc385e33c85070f12b1779f962553cb2a3036d163abd207a1167f39a86c12498a
2023-03-21 17:30:11,True,0.5534,0.0003046,1383.57,0.4215,0xea...ea36,https://etherscan.io/tx/0xbeddc6fa5bd6acc171bc360da2965a0a1bd137f52a9ecd6ce61d65e00c501ae7
2023-03-21 17:29:47,True,0.5525,0.0003041,756.183,0.23,0x75...103c,https://etherscan.io/tx/0x4514d967e4023209d380fdb9d70f68768c18b18edf3a0782355f1ca64409b0b9
2023-03-21 17:27:11,False,0.5516,0.0003036,6580.0,1.99818,0xba...cadf,https://etherscan.io/tx/0xb2423f824300be25bbb884a1f27e3de33cba5ee41f1287f0c4d5f0dfa079e472
2023-03-21 17:26:35,True,0.5537,0.0003048,9513.88,2.9,0x5a...3bd4,https://etherscan.io/tx/0x3a4246569141bb7fd6efdc206a6b16cf12e0ffe1c99f71807c8e0ef9b7788ed0
2023-03-21 17:26:35,False,0.5477,0.0003015,3102.0,0.9353,0xdb...4243,https://etherscan.io/tx/0xbd88e55d9af3afd031f321e42ba0900518891b50a235e6b9a404e83ff511b855
2023-03-21 17:26:23,False,0.5491,0.0003022,198.34,0.0599,0xa1...b28b,https://etherscan.io/tx/0x87651de8a8e309170f5717fe23f7d8316e103ad88056e29af69ec224d1814351
2023-03-21 17:26:23,True,0.5514,0.0003035,2470.59,0.75,0xee...bb85,https://etherscan.io/tx/0x1ff49230ca3aa08f83c7b5eda04967e09189249b1a22fea07e7f8984f4d771a7
2023-03-21 17:25:35,True,0.5503,0.0003029,138.626,0.042,0x14...4064,https://etherscan.io/tx/0x2bc317abe62b2044da9ad0dd55e5db109943d7e9abf622be87098ed9206ebd79
2023-03-21 17:25:11,True,0.5491,0.0003022,2928.88,0.8853,0x88...e3b6,https://etherscan.io/tx/0x5e55e212c16a855653bf5f811c532efd8c9ce7680b17843c378b3808d40aa3e3
2023-03-21 17:23:11,True,0.5476,0.0003013,995.426,0.3,0x85...10b5,https://etherscan.io/tx/0xbb98051078ed7ef213fd20546937bba14ec377499ef4812d82fdcadd49537ee7
2023-03-21 17:22:59,False,0.5447,0.0002998,2360.43,0.7078,0xc1...ba31,https://etherscan.io/tx/0x3d3325a1f3deb8565dc6d92eb0b8a428b2586fe8c15222310c766fd294d660f0
2023-03-21 17:22:47,False,0.5483,0.0003018,6230.52,1.88056,0x30...b2b2,https://etherscan.io/tx/0xa9575d74df58b596f2d4c3abb945c9c88a37b8468a0c15702e37bc2d6447354f
2023-03-21 17:22:35,True,0.5538,0.0003049,770.744,0.235,0x17...dce9,https://etherscan.io/tx/0xb8acf3b68ab1648dfee533af7e42fbcd0a3d60b3206717b36b4846f36a210ae1
2023-03-21 17:22:23,False,0.5505,0.000303,702.475,0.2128,0x5a...7ca5,https://etherscan.io/tx/0xb850ae27dd1fb42293a7dc9fc26096cc1f4f8fadbbebad28d3b1a3cc4d7f4919
2023-03-21 17:21:59,False,0.5516,0.0003036,1770.11,0.5374,0xdb...d71d,https://etherscan.io/tx/0x8db6d5e4a0e8222589b4ca31ee6209957ae53f74d8dbf68de74c083ad7c9bca0
2023-03-21 17:21:47,True,0.5536,0.0003047,4922.5,1.5,0x88...e3b6,https://etherscan.io/tx/0x24f1a7dfafcb0b1b7a6b504c1f1e93dbd2835a77b133cdc9e554979e14bdfe8f
2023-03-21 17:21:47,False,0.5494,0.0003024,2934.46,0.8875,0xa3...f600,https://etherscan.io/tx/0xde26170e65c53bedc99aaac2ce2647f11be7f0eb7e1caf5783ede96a201d5da8
2023-03-21 17:21:23,True,0.551,0.0003033,7000.0,2.12328,0x73...e779,https://etherscan.io/tx/0x8c05c09acf1788ec67514fb52b42d9a95729b7671aefb97ca5f1605532b15af4
2023-03-21 17:20:47,True,0.5481,0.0003015,636.517,0.1919,0x87...90bc,https://etherscan.io/tx/0x3a3376b569497aa7d5725bb1defec1f186e16d7322af0e8b456523c60c3c83a4
2023-03-21 17:19:23,True,0.5468,0.0003009,2264.28,0.6813,0x3c...4650,https://etherscan.io/tx/0x11342297f1c3298848c2a20cb1905e86e9837070061fcfa9fb7b8c936f060bae
2023-03-21 17:16:11,True,0.5445,0.0003003,399.574,0.12,0x6d...3591,https://etherscan.io/tx/0xea52da94b4a1278f177a743a6c8d86b277779d2400b304278c979bbbda1ab006
2023-03-21 17:15:59,False,0.5418,0.0002987,1569.8,0.469,0x35...4daa,https://etherscan.io/tx/0x020e274171d8926feeee9cb4caecc62764511981e93bf020c5eb3a078e97cb23
2023-03-21 17:14:35,False,0.5433,0.0002992,611.0,0.1828,0x4b...851d,https://etherscan.io/tx/0x7871deff61319c5aadb382d7be6054c8bb44e82a5409008f4dab43732be7a7ff
2023-03-21 17:14:23,True,0.5428,0.0002989,9919.82,2.96579,0x6f...3fab,https://etherscan.io/tx/0x16fe1e4197099c1ee1e803754b5ff7e9600ccb8cef1c24f3127dd3c7719fa100
2023-03-21 17:14:11,True,0.5384,0.0002965,775.487,0.23,0x08...c2fb,https://etherscan.io/tx/0x6d3a3f4ad0b261be955521939d99c6af4c73a77f67fc348a19e104e677e482d8
2023-03-21 17:13:47,True,0.5371,0.0002958,2535.03,0.75,0xb4...7cbf,https://etherscan.io/tx/0xf97f36f14adbdff43eff5972a233ac0fabd61288f1c091623b6b3756acb49748
2023-03-21 17:12:47,False,0.5342,0.0002941,2841.71,0.8358,0xc1...ba31,https://etherscan.io/tx/0x46edff8f3d88e7334cc5b1ce3e2956dc3b34de401d32b2ea945edc3991016f33
2023-03-21 17:11:59,True,0.5382,0.0002963,944.865,0.28,0x16...6e68,https://etherscan.io/tx/0x9f561a0a817f671871a896b5503bc94a13096f059673bf0dcc89dda3f4fb02f9
2023-03-21 17:11:23,False,0.5386,0.0002967,10837.6,3.21613,0x94...6967,https://etherscan.io/tx/0x160ae4abffe39a3ebff0d2f16c55c442cdb3ab95b8d41b4c065a5ebd28a4f52d
2023-03-21 17:10:59,False,0.5483,0.000302,12860.2,3.88495,0x9d...15dc,https://etherscan.io/tx/0xe4f247c560a3c0f024b7f1572fae334dacf9e2f33a3ef7c0433a348818003121
2023-03-21 17:10:47,True,0.5563,0.0003065,1516.22,0.4647,0xcc...f816,https://etherscan.io/tx/0x8c205a360b31db82baa7c66e3bd90a6a27db8dad8f179be1ca2ecf2711efb8cf
2023-03-21 17:10:35,False,0.5536,0.000305,2912.21,0.8882,0x18...8bd4,https://etherscan.io/tx/0x315dcd0236b0b45b6a6965bd4778d74753a002d6ff0e561b0f9f7b27f86d4c55
2023-03-21 17:09:47,False,0.5563,0.0003066,4000.56,1.22662,0xaf...1024,https://etherscan.io/tx/0x6a10f30919ce55c0004c2c4d205b72f6a2080dc5f4a775d452b1db92c4f02035
2023-03-21 17:09:11,True,0.5569,0.0003074,8199.41,2.52106,0x91...31ab,https://etherscan.io/tx/0x9d12f87625b3e1a6f80278e00b47202f054b0aa0c4bb6b8a6e733b79240e563d
2023-03-21 17:08:59,True,0.5507,0.000304,6578.15,2.0,0x80...6761,https://etherscan.io/tx/0x170b7bb304d5706c4a9fdb09486db2dcfc564df634e73045d3b1c389b067ae41
2023-03-21 17:08:59,False,0.5501,0.0003037,13031.6,3.95772,0x9d...15dc,https://etherscan.io/tx/0x9d1f6bd54feeddea19c891fca6b76c550bbfdcbb6fcfa922e723ea25bde872f0
2023-03-21 17:08:35,True,0.5576,0.000308,2142.5,0.66,0x1a...8ad0,https://etherscan.io/tx/0x186981e29e84ee17d018c68a23f76be9d7e3e73081cdadc1e7c927dea0461a87
2023-03-21 17:07:47,False,0.555,0.0003063,2789.07,0.8544,0x80...9c97,https://etherscan.io/tx/0x8f40a65116738a3427eb24acd2939201a7e7812d7a091a3b80d7169dce6d187f
2023-03-21 17:07:23,True,0.5593,0.0003087,534.675,0.165,0x8c...3c51,https://etherscan.io/tx/0x38f35f045eefa24f5f7f5a9f6aa1307b78dd53b6d8cc3e713dca7f991b04c7f2
2023-03-21 17:07:11,True,0.5589,0.0003085,324.12,0.1,0xe0...7ac0,https://etherscan.io/tx/0x0e87d682a7ea1a367dc0e21240aa2d269def2eb4e191eaf97175e174cc55fa10
2023-03-21 17:06:35,True,0.5512,0.0003042,18129.2,5.5156,0x0f...498a,https://etherscan.io/tx/0x8dda6dff2340c57ad4e94235b4d03d13c6a93451369a46dd0f3b43819efddc21
2023-03-21 17:06:35,True,0.5403,0.0002982,8383.35,2.5,0x10...7b6b,https://etherscan.io/tx/0xcbe24cfe31d4f136a180da1991b1159ccf951f8c9c81208b603e2c588a90ad33
2023-03-21 17:06:11,True,0.5367,0.0002962,508.778,0.1507,0xc4...229f,https://etherscan.io/tx/0xcbfe03e03a9cb553502045e02d67616d5fd0c32e5b8d40e8c8da9a0a3d766527
2023-03-21 17:05:59,True,0.5362,0.0002959,675.747,0.2,0x25...702c,https://etherscan.io/tx/0xa9de9a7273e2de9a3e5e560bd4f84ac7a9357434864431df785940c6ef0c49e7
2023-03-21 17:05:11,True,0.5348,0.0002949,3966.85,1.17,0x04...8c09,https://etherscan.io/tx/0x568852566f0b2fb13a6b86ac4108fc018fa1698b15a9f63a5c6d3c72b071e29d
