datetime,buy_order,price_USD,price_native,amount_token,total_native,maker,etherscan_url
2023-03-30 19:42:23,False,0.4177,0.0002362,1880.0,0.4441,0xf5...0fd7,https://etherscan.io/tx/0x8348ea494e09dcd61f15227c1cd87e46c76aea0cb6a491b731c8e841db4b4b77
2023-03-30 19:34:47,False,0.4199,0.0002372,4481.08,1.063,0x9f...d0b1,https://etherscan.io/tx/0x4bf6b281e05ee6af6b9bdef1483cc5c1463d604e4a7c484dcebbc1e3c84d3d8f
2023-03-30 19:33:11,False,0.4221,0.0002385,3962.95,0.9453,0x16...7c7a,https://etherscan.io/tx/0xb1e09d4167578b4d02fe83b1bfb5ab6f70a728ab265e368c1657fc5204851184
2023-03-30 19:26:47,False,0.4278,0.0002399,4846.67,1.16291,0xa1...8838,https://etherscan.io/tx/0x91d1d90eb97337f9accefa9450341defce7e4e383dcaf123959df94158abefb2
2023-03-30 19:24:11,False,0.4294,0.0002408,734.141,0.1768,0xe4...f854,https://etherscan.io/tx/0x99279d3e05b57fb5a7057d6820d19ba3b437d140eb00913fcef0afa068594054
2023-03-30 19:19:23,False,0.4315,0.000242,6689.98,1.61913,0x3e...a779,https://etherscan.io/tx/0xc0376612726acb0d7c3005e11a254f487eaf85f152173e94724b98ce364f37d0
2023-03-30 19:18:35,True,0.435,0.0002436,5569.47,1.35704,0x39...6402,https://etherscan.io/tx/0xb710a9324aee830ec720d5a40e3cdae727b5ef7c5a4d192dcd56b9216b1351d8
2023-03-30 19:16:23,True,0.4332,0.0002426,628.321,0.1524,0xcc...5c4f,https://etherscan.io/tx/0x154d9036dcbe0803d0636076656fecd5ad11cb7b36dbe84417ae19f0f33346af
2023-03-30 19:15:47,True,0.433,0.0002425,69.9127,0.0169,0x25...09d1,https://etherscan.io/tx/0x18a576ba5f3482deb1865a49ae5cb2cac4a36bd2874f13a3ec14ff64754335c8
2023-03-30 19:13:23,False,0.431,0.0002412,940.0,0.2267,0xd6...b5b9,https://etherscan.io/tx/0xddf0b9993417383077f1a5aaf52e0a398087c656d028bb14fa9f14359d78989b
2023-03-30 19:11:35,False,0.4315,0.0002415,1265.73,0.3057,0xe1...b3f7,https://etherscan.io/tx/0xb2bac89ccec43e7bbde7f1c89e953cbff4abcccf624eedf699760ebf5143dab5
2023-03-30 19:11:35,True,0.4336,0.0002427,3296.17,0.8,0x4a...0ccf,https://etherscan.io/tx/0x3a7edb0f2ff43b08274e91074c4b042010e57de848123112830add01bdc45cc8
2023-03-30 19:07:23,False,0.4304,0.0002409,1455.37,0.3506,0xd1...45bd,https://etherscan.io/tx/0x433dee10206721bd922d9e83c57e990dd3155ba2254be8eca322cc2afda1e752
2023-03-30 19:04:23,True,0.4329,0.0002423,1650.33,0.4,0x6f...2667,https://etherscan.io/tx/0x2cc3573061409714b087d81bb6be902392eaef692fa0fae6f3dcc0d77ee4f325
2023-03-30 19:03:59,True,0.4324,0.000242,289.181,0.07,0x20...b63f,https://etherscan.io/tx/0xedc436bed37ab4a6c0715dc37ad7163e8b1afa97733e49c9714f460a6a3b72b1
2023-03-30 19:03:23,True,0.4321,0.000242,132.234,0.032,0xb6...7c0b,https://etherscan.io/tx/0xc1ea5a3b8f44d8272f51a3e55ac64449c42b23d6f210b8c8cd7c33e831577a5c
2023-03-30 19:02:23,True,0.4314,0.0002417,1654.89,0.4,0x4c...94ad,https://etherscan.io/tx/0x02f6ff2216e96a3d779df103bd21dd7bbe9fbcd0e386cbf73db95c3767327788
2023-03-30 18:40:23,True,0.4315,0.0002414,239.736,0.0578,0x30...3cd1,https://etherscan.io/tx/0x8e41c3d1f7e9ad65a9be7ea5ded067702076027b50ee3e1f2f6af460dd6c4960
2023-03-30 18:39:35,True,0.4303,0.0002407,4071.25,0.98,0x4c...94ad,https://etherscan.io/tx/0xc4f0efab54735feb61142dbfe5d4215607da170ab97fbc1cb5bc2deccf0afe1b
2023-03-30 18:32:11,True,0.4292,0.00024,62.486,0.015,0x24...0f04,https://etherscan.io/tx/0x41ad1d3321259e2a5a8cc77274119695109ba8cb03ef90f36c0d6a57af7a9813
2023-03-30 18:31:47,True,0.4291,0.00024,285.594,0.0685,0x8c...1b14,https://etherscan.io/tx/0xd29f0bc669a5d11532b0117423587f377ff69a2da6706264b9eb019194b2a929
2023-03-30 18:30:59,True,0.4285,0.0002396,1668.84,0.4,0x80...00fa,https://etherscan.io/tx/0xbdb573146dc631f38a1fdb9b263a0ec9f3a3fbfe9d76d41adb954bde82d7a1f7
2023-03-30 18:30:47,True,0.4254,0.0002381,8399.95,2.0,0x63...ed4f,https://etherscan.io/tx/0xcce89663f6e77efa5a0c2a7aa2e191195d8eea372e23713534592d5552e29272
2023-03-30 18:26:59,True,0.4227,0.0002367,350.0,0.0828,0x86...b47a,https://etherscan.io/tx/0x00bc527b4d28c87f57d98b9f5dc48d2f59cd0dbfcd1b60a46b68624d78c8061d
2023-03-30 18:25:11,True,0.4221,0.0002364,1162.83,0.275,0xf4...1173,https://etherscan.io/tx/0xebe86739c9d90efd7c0d9611ee3e215e904dd6fa9b2bfa8f0042fcf9eab65b36
2023-03-30 18:22:23,True,0.4218,0.0002361,1270.58,0.3,0x42...97f8,https://etherscan.io/tx/0x0ffd86301f503a271cdc561d42ed48af9a737a9ca3303ee518cbf82fdb851b82
2023-03-30 18:20:35,True,0.4181,0.0002346,8525.16,2.0,0x6e...57f7,https://etherscan.io/tx/0x130bcdc423ded319e7b17595acec19103ad8bf348f80bc375297e825b1681b28
2023-03-30 18:18:59,False,0.4138,0.0002319,329.0,0.0763,0x6e...7e5b,https://etherscan.io/tx/0xe0c024160d189cb2a851a905dddfb4a5616e051e6976a97f8d0db4c617658506
2023-03-30 18:16:11,False,0.4143,0.0002324,2819.99,0.6554,0x4d...0d04,https://etherscan.io/tx/0xb3753cf3bac46b0635cad7c224de5026acec9eb5d70a157665b8223ce82b74ab
2023-03-30 18:03:23,True,0.4184,0.000234,1182.23,0.2767,0x22...4252,https://etherscan.io/tx/0xea040686ac824e5ef7b4cda38440405aad727f2129b25ceb83aa2aac6b1df079
2023-03-30 18:01:35,True,0.4167,0.000233,5793.8,1.35,0xba...3dff,https://etherscan.io/tx/0x7028b9f5b5ddbc2b046901f730e18fe9d71a82cb1ff75561e86e314e79360e58
2023-03-30 17:56:59,False,0.413,0.000231,1880.0,0.4343,0xf5...0fd7,https://etherscan.io/tx/0xe2894fd7314792f1183d49ba2789c467d2081eef57f3c357ffdf51132ea0da95
2023-03-30 17:56:35,True,0.4154,0.0002323,2397.69,0.557,0x01...a2e5,https://etherscan.io/tx/0xd74a3eb2784ad0ec4125707afac09c6d6cb620bd72df31d4a59e7709e7cc1503
2023-03-30 17:52:47,False,0.4118,0.0002306,470.0,0.1084,0xb4...8b66,https://etherscan.io/tx/0x1243f727da5261f4a8ea2517d5b5ef01ff6584005d6ea348969560f077cb79b7
2023-03-30 17:51:47,False,0.4126,0.0002309,1354.06,0.3126,0x1f...492e,https://etherscan.io/tx/0x309e47312324d102c57f46b2c16898afa58b038de4a95cf5a749599e5198941e
2023-03-30 17:49:23,False,0.414,0.0002315,2548.49,0.59,0x77...dab2,https://etherscan.io/tx/0xbb4783dd00239e61d92dbe9d475975f951333ce5f6231938d21e83babe80f5e9
2023-03-30 17:47:23,False,0.4156,0.0002322,2350.0,0.5457,0x5a...faaa,https://etherscan.io/tx/0xa0c0aa7da935a78a37fc447896056339e07e7db4332d6e975b17e81099969de8
2023-03-30 17:45:47,True,0.4185,0.0002338,1030.0,0.2408,0x5d...5601,https://etherscan.io/tx/0x222444c017ad092e006f121c0e9833b1207b3a84977ae8827d1e87c108ffe408
2023-03-30 17:42:47,False,0.4159,0.0002324,806.624,0.1874,0x94...5d5d,https://etherscan.io/tx/0x6a373444c8290161aab043f999c60fde216f5ad9ddb3ac0abdba1e7849f4c146
2023-03-30 17:42:11,False,0.4165,0.0002328,1880.0,0.4377,0x50...2370,https://etherscan.io/tx/0x2bc04bc448928fa2c125771c1e717a470a5883fbe33517678b86550c06b2a53f
2023-03-30 17:42:11,False,0.4171,0.0002331,276.399,0.0644,0x20...9109,https://etherscan.io/tx/0xb7b2d30dcbfd8b8aee9ff5448bef1959d0aa42076abb4d2105b52e14343cc0eb
2023-03-30 17:41:35,False,0.4172,0.0002332,140.06,0.0326,0x6e...7e5b,https://etherscan.io/tx/0xaff2a4d35b2d5974ae1c34508f20f230323ed8802f672d22cc902ae8a6ba349e
2023-03-30 17:41:23,False,0.4173,0.0002333,401.926,0.0937,0xb4...8b66,https://etherscan.io/tx/0x945ed671a80e6902efe99cbb11f8cc931e8f07c9cbe9cdbff160244c941c3232
2023-03-30 17:41:11,False,0.4179,0.0002336,1880.0,0.4392,0x8d...cbc1,https://etherscan.io/tx/0xc35da6bae203b5a0cd44c0e348b03f7eb576c875e48023e24bc95eccf98c8bbc
2023-03-30 17:40:23,True,0.4209,0.0002353,189.333,0.0445,0xc5...3b17,https://etherscan.io/tx/0xaa1706e55909a537b8f64cbd961e26e01b37998ebe74e1944e8ecc0b217e86e9
2023-03-30 17:38:23,False,0.419,0.000234,1139.1,0.2666,0x58...df67,https://etherscan.io/tx/0xbb40fce2821ed00a86383cad78dc0d1a53b4e6c8e97ed179023df41fbdc507f5
2023-03-30 17:35:47,True,0.4213,0.0002355,849.233,0.2,0x7d...9e8a,https://etherscan.io/tx/0xeb56f19c2765009b51bf22129be12bbe34a0d3623d0c62e38b5976cb62e04de4
2023-03-30 17:29:59,False,0.4185,0.000234,470.0,0.11,0xb4...8b66,https://etherscan.io/tx/0xde5a00a5734ccf0a9b6d9e8bc91bfe94ec7e4a7a413f4da9f4a9805481861d46
2023-03-30 17:28:47,False,0.419,0.0002342,765.734,0.1793,0xfa...e20d,https://etherscan.io/tx/0xf287866315e5c61aef4257b9af815c352967f6cdc7faed3c30088ee76454c0c6
2023-03-30 17:28:23,False,0.4192,0.0002344,765.734,0.1795,0x9f...d16e,https://etherscan.io/tx/0x5bad44e0ce33b68b360b8545dad2afeafc7077602783c734ca166bda471b3f9d
2023-03-30 17:27:47,False,0.4197,0.0002347,765.734,0.1797,0xcc...e2cf,https://etherscan.io/tx/0x93189ca9a15a5d0f93b6528ae801126ad81e2d6e503e350a230ca3561ba6b13f
2023-03-30 17:22:35,False,0.4214,0.000235,1269.94,0.2984,0x95...b1ed,https://etherscan.io/tx/0xa4fd4faf221ffda50545ce200c98afd3ce434413fa7faafc36fbfdd3d5437bad
2023-03-30 17:18:35,False,0.4256,0.0002374,14100.0,3.34744,0x96...317e,https://etherscan.io/tx/0x9a3040717926a63f3caa35047bd9851a54bf81a3e6df4c8b74c3a9fd45b77088
2023-03-30 17:17:59,True,0.4318,0.0002409,954.704,0.23,0x87...8846,https://etherscan.io/tx/0xfaf6b9afc3073298d3cc8c790cb44dd3d50eff51afa763d7aa611a4d59814709
2023-03-30 17:08:59,False,0.4308,0.00024,4700.0,1.12831,0x2e...ebed,https://etherscan.io/tx/0x33632a379d0bbfbb0786d4222b406ee07e7ddac0b4b52762f1535796945dec18
2023-03-30 17:00:59,True,0.4341,0.0002419,2108.09,0.51,0xb8...615b,https://etherscan.io/tx/0x2708d1bc0d5f7072c4cae38c7ef3b168098ff71f144f6b1b07b2147ce7494a8c
2023-03-30 17:00:47,False,0.4322,0.0002408,4700.0,1.13219,0x2e...ebed,https://etherscan.io/tx/0x0e587efd024c91637c7b9741da167bf60981b93d89166d365dea2e06dd563573
2023-03-30 16:57:35,True,0.4358,0.000243,455.508,0.1107,0x37...0f21,https://etherscan.io/tx/0xca987350fc8b918645cdfd8025f8a769cd4def51952118af7a6a9492db080bc2
2023-03-30 16:51:59,True,0.4356,0.0002427,1198.38,0.2909,0xa2...f636,https://etherscan.io/tx/0xcb641ec103eef97045f11ad4b20dfb9243a32711210a3ea321a65aa3d94d99ba
2023-03-30 16:39:23,True,0.4345,0.0002424,824.98,0.2,0x59...a9c7,https://etherscan.io/tx/0xcba6c89842c81a07c23e23fbfce246b15308e7e8c100f1c28c2ef5d9f055b635
2023-03-30 16:36:59,True,0.4339,0.0002422,107.314,0.026,0x67...4be3,https://etherscan.io/tx/0xf2266bc468661838d60930ccfed2e3eb20f893d9ff825ed31711b0bf2b99d968
2023-03-30 16:36:35,True,0.4332,0.0002419,2066.31,0.4999,0x4c...94ad,https://etherscan.io/tx/0x067ca73b08b1dafac14ba180bf4a47dd1ae84e95273403af6e53f3a62de7a3a4
2023-03-30 16:30:59,False,0.4315,0.0002402,517.0,0.1242,0x5d...a8fb,https://etherscan.io/tx/0xff1af8c47889721c232cfa87990f5853fb2383a5041343deb106b0822c741edf
2023-03-30 16:30:59,False,0.4315,0.0002402,517.0,0.1242,0x5d...a8fb,https://etherscan.io/tx/0xff1af8c47889721c232cfa87990f5853fb2383a5041343deb106b0822c741edf
2023-03-30 16:30:11,True,0.4334,0.0002416,729.231,0.1762,0x0b...b5e4,https://etherscan.io/tx/0xca4cd7335db04c36a2d8732af677543cdaa5bf93f45a5c867a00192a8a298be1
2023-03-30 16:27:23,False,0.4309,0.0002401,185.995,0.0446,0x89...e2a3,https://etherscan.io/tx/0xeab90f6372b62b8a836bd023e6204f025a47d6802f31ccafb23b63f98baeece8
2023-03-30 16:26:59,False,0.4316,0.0002404,1954.81,0.47,0xac...d10f,https://etherscan.io/tx/0x224712eb5237955176a22a0e575d7fa60a929d5f986ab12d44254d0787bd96c6
2023-03-30 16:25:23,True,0.4341,0.000242,1148.62,0.278,0x27...3c7e,https://etherscan.io/tx/0x159d2c97abf0cbcacbb46ec84acc9314e05fe06c26801ff590a8578c5418b27d
2023-03-30 16:24:59,True,0.4338,0.0002418,82.7021,0.02,0xd2...7f55,https://etherscan.io/tx/0x36b2854f065605b66c34566f0a5accc8e9c51e09ef59ae62cf79e3dff0958722
2023-03-30 16:23:59,False,0.4318,0.0002404,670.706,0.1612,0x90...f94e,https://etherscan.io/tx/0x980887e0a0f2c42caabb34c21378a74ff75c2e8a49010c73dcbb40fba4c4e4bd
2023-03-30 16:23:35,True,0.4341,0.0002417,1769.58,0.4277,0x67...50bd,https://etherscan.io/tx/0x74f2c987d50326fc2a87c02d73e80227f4cc03a1273d451803c02762cf0531c1
2023-03-30 16:17:59,True,0.4317,0.0002409,3278.85,0.79,0x4c...94ad,https://etherscan.io/tx/0x674a44b36f8a28a403f6f3cced3fb2e46553bb106bb27110ea14e9c2add20c9d
2023-03-30 16:15:35,True,0.4303,0.0002402,1374.17,0.33,0x4e...5a08,https://etherscan.io/tx/0xb564fc8d4a7926064b0eeb02aa2b0c51aa76e17045ae58f1de2540f315a9b756
2023-03-30 16:13:59,True,0.429,0.0002398,836.414,0.2006,0x22...c311,https://etherscan.io/tx/0xfbe21c7341808c800b029ab33b98d86a946b36566d67e9a48b0399d527a1567b
2023-03-30 16:12:59,True,0.428,0.0002393,2088.73,0.5,0x2e...28c0,https://etherscan.io/tx/0xacb3e9622c7ff679a855965398ba10a108129d4ad7d8aa3a34d3b1380f124a11
2023-03-30 16:10:59,True,0.4287,0.000239,125.784,0.03,0x36...cfdb,https://etherscan.io/tx/0x5ef88f9d8e7b7a49cf2e9331d6a4747a9947ad082cec4c67b1d6e4401d3bc0d8
2023-03-30 16:10:23,False,0.4263,0.0002376,470.0,0.1117,0x1c...3651,https://etherscan.io/tx/0x4fc9cd697221ad09d68079c9fbdfb6caf177a5af3682eb9f21968ebbe40b2f4c
2023-03-30 16:10:11,True,0.4264,0.0002377,9255.38,2.2,0x4c...94ad,https://etherscan.io/tx/0x94e85c985c33238e84e4025eac2060d0cdf1ed797e860107fcf75b2572ee19c1
2023-03-30 16:07:23,False,0.4224,0.0002356,5011.32,1.18074,0x6f...9799,https://etherscan.io/tx/0x72536ca103a2468d520f02f2691bc3f60037ce9991f6353b567d6c0232602532
2023-03-30 16:04:11,True,0.4264,0.0002376,1168.07,0.2775,0xc3...e2f4,https://etherscan.io/tx/0x3807d310bdadd0d7178d770121822785b32aad66ec99859dfffdb469dbf4b138
2023-03-30 16:03:59,False,0.424,0.0002363,1880.0,0.4442,0x2e...ebed,https://etherscan.io/tx/0x4ebf262fc2ef4682bf226605e01144de155b75f87a533b6c7a5160f9f19c26a2
2023-03-30 15:57:35,True,0.4279,0.0002379,449.302,0.1069,0x72...8c46,https://etherscan.io/tx/0x5ba763d7357ad7722cb3c165f29d1bb44f7900fe82674855ab849ff6130938e5
2023-03-30 15:54:11,False,0.425,0.0002366,1034.0,0.2446,0x2e...ebed,https://etherscan.io/tx/0x738e44ee5d84e5798a174446d3b9ac7ae508a5ed702bae40f41d33dca2afebb8
2023-03-30 15:51:47,True,0.4287,0.0002381,327.499,0.078,0x96...fc05,https://etherscan.io/tx/0x1428e42de9f9812a7877e11ac3c41e7e685ad3eb67a45ef769ebde9aecb3df39
2023-03-30 15:50:11,True,0.4284,0.0002379,929.135,0.2211,0xe4...e4d6,https://etherscan.io/tx/0xab1f9e9f40c11e3a83ec51e480ca322e50a74450123dc2de11e86eb886f42990
2023-03-30 15:45:59,False,0.426,0.0002366,1880.0,0.4449,0xb1...49e9,https://etherscan.io/tx/0xcb40fd1ade64bdf41cd194413d74e90c57265ec7797a2f3f63049feb3a550c25
2023-03-30 15:45:11,True,0.429,0.0002383,299.224,0.0713,0x6e...7e5b,https://etherscan.io/tx/0xff5fe0c1d5df478f170ce5025533d1786d98cab2ea2a692e58cb4c2d3439fa88
2023-03-30 15:44:47,False,0.4269,0.0002371,1880.0,0.4459,0x2e...ebed,https://etherscan.io/tx/0x8c289b186b79474f09cd9ce0c4967084fb05dab66b52e42fcf082240ca7b2c84
2023-03-30 15:40:59,True,0.4296,0.0002387,837.594,0.2,0x2c...5dec,https://etherscan.io/tx/0x314b138dc8f5bf910753a4141c12cc188e983be690074c051127cfac91d620dd
2023-03-30 15:28:47,True,0.4297,0.0002385,445.559,0.1063,0xf1...1c73,https://etherscan.io/tx/0x522a0b4f46082a0274b7ee1ab7b4fec75a788f103f1a5c08451c1641f2706e25
2023-03-30 15:26:11,True,0.4297,0.0002384,241.195,0.0575,0xfc...3ef5,https://etherscan.io/tx/0x8d9afa153229d425d708f2a446792ca9ce68720a4f6dbf257be35a213268ce13
2023-03-30 15:21:23,False,0.4277,0.0002371,1175.0,0.2786,0x49...382c,https://etherscan.io/tx/0x38f67ee75f18a64a3f3a59a1adca8185c251b278bad0d6b5ad925573354f8331
2023-03-30 15:19:11,True,0.428,0.0002373,9057.36,2.15,0xa7...d7b4,https://etherscan.io/tx/0xc907ace344cb092957994f5e732bfc18eb464487292b9d70b39177900dc633c9
2023-03-30 15:16:47,True,0.4231,0.0002346,8523.4,2.0,0x1d...0150,https://etherscan.io/tx/0xa7323af94fdbd6054126f6e32e8fe3c0bf966e49b076b2788150b56938d2680a
2023-03-30 15:12:11,False,0.419,0.0002324,3596.83,0.8362,0x9f...d0b1,https://etherscan.io/tx/0x1da08fe94d2704a25e76b3b76e224af6bc4a0d34613228d19d69bd5eca346dc9
2023-03-30 15:05:47,True,0.4223,0.0002341,1858.08,0.435,0x70...7881,https://etherscan.io/tx/0x3a7aa7722ac6304c2443dcad31676e25f816121804280d8f185d1c880113864d
2023-03-30 14:57:59,True,0.4217,0.0002337,641.65,0.15,0x84...96da,https://etherscan.io/tx/0xb6d1ecf9179711e17568b1e4b2e6bd39e0b77ff94d7db121e18d3520383737dd
2023-03-30 14:56:47,True,0.4179,0.0002317,12947.3,3.0,0x1d...0150,https://etherscan.io/tx/0x1b563f63cc82ee5d9580514e7157d673d9f95b9e04fc3e0211c369a1a86964b4
2023-03-30 14:56:11,False,0.4126,0.0002287,2286.81,0.523,0xdf...b66c,https://etherscan.io/tx/0x43773f249645d3b5917bb21bd3b30780666cafaeeb648f129f17807f9a8bcc55
2023-03-30 14:55:35,False,0.4132,0.000229,47.0,0.0107,0x6e...7e5b,https://etherscan.io/tx/0x3148ce3977bbae73dba92887761ae9b10d39b75b408c91f4493be1925ddae09d
2023-03-30 14:53:47,True,0.4155,0.0002303,651.146,0.15,0xd6...e758,https://etherscan.io/tx/0x62b790d986b21fed9fce1fcd6b5a6e924dd2af1000cbac4a7f4ded85913219a4
2023-03-30 14:50:11,False,0.4135,0.0002292,2116.35,0.485,0x6e...3e9a,https://etherscan.io/tx/0xab69cc43bbf996fc9875edd2082cdfd7db1c15af8cf8a1164ef145f6de972fd2
2023-03-30 14:49:35,True,0.4164,0.0002307,1021.57,0.2357,0x19...a85e,https://etherscan.io/tx/0x56efdb2ea312a0bd8d442fbd4e57df766370c9c47958957b146f3814d4ed2b73
2023-03-30 14:47:11,True,0.4114,0.0002281,16658.0,3.8,0xca...0594,https://etherscan.io/tx/0xaf3946136e93de6c0ee6075969288abae9c20c622eeb8ab9d240375878f3fbd8
2023-03-30 14:36:59,True,0.4046,0.0002243,8913.01,2.0,0x56...44ce,https://etherscan.io/tx/0x2d492057fe9543cb83e2df7f515f61454fc7b2935e82be28d7ec00ed5b3de970
2023-03-30 14:33:11,True,0.4016,0.000223,346.51,0.0772,0x72...3973,https://etherscan.io/tx/0xcbb0c673d07623bd34ceaef0f7b6dc8e47ec2dc85b11b384bedf664bec9a12b4
2023-03-30 14:31:47,False,0.3998,0.000222,2425.0,0.5384,0x81...7cda,https://etherscan.io/tx/0x354522a8547bb4744fc9988cf9abb8d8dba45725468531200e89c178774508c8
2023-03-30 14:30:11,False,0.4004,0.0002225,970.0,0.2158,0x1a...8ad0,https://etherscan.io/tx/0xd9b877e95bf7abc94209f492967b0e95652abbe844d0cbd417dd0599510df033
2023-03-30 14:23:23,True,0.4026,0.0002236,2240.0,0.501,0x20...6195,https://etherscan.io/tx/0x34539b9442502dad4010f6a73418ae05603ecfe864c38d8d846779c488baf081
2023-03-30 14:20:47,False,0.4036,0.0002241,15245.2,3.41779,0x28...1a6b,https://etherscan.io/tx/0x558a6933493a408dcd8d3a54292cf5c6389a8e99e8a083ac225c95907aaf85a8
2023-03-30 14:20:35,False,0.4078,0.0002265,1057.3,0.2395,0x1a...8ad0,https://etherscan.io/tx/0x7cf2f6f54b93b665710f0b6facd6ab3b1b8b12ded8f3f1321f76532d0274e499
2023-03-30 14:15:59,True,0.4105,0.000228,127.17,0.029,0x8c...dc03,https://etherscan.io/tx/0x50d9badd3d72e944c78b5e9125e34971b6fd825b017f4fbae2ec1df39e30ae9f
2023-03-30 14:15:59,True,0.4102,0.0002278,1009.33,0.23,0x22...04e7,https://etherscan.io/tx/0x2ff555b2ec17d6a31af6637ed6597578ffe228b1282da2324218a84b8fbe68ad
2023-03-30 14:14:59,True,0.4096,0.0002275,1538.47,0.35,0x22...3588,https://etherscan.io/tx/0x136bdaf93b87ac67817c8558eb8d1f7cbca4ecd4aea2f70743bcb5e688d37cc4
2023-03-30 14:10:23,False,0.407,0.000226,644.672,0.1457,0xb4...8b66,https://etherscan.io/tx/0x6f9923711723dc2cda53607b793f0a127be95daedd86db59adb06bbe8000e167
2023-03-30 14:10:23,True,0.4092,0.0002272,1320.03,0.3,0xdc...e228,https://etherscan.io/tx/0xaea8b410a2f8e1229a4fae8bb4b2bafaffcf756004a53fc1ae6d346e98945b63
2023-03-30 14:06:23,False,0.4069,0.0002257,221.958,0.0501,0x7b...4d1c,https://etherscan.io/tx/0x77f452b4634fd3da89919504cf1adbb512c7d11b31fbbd2c9ebeaef53a62d69c
2023-03-30 14:04:11,False,0.4072,0.0002257,0.194,4.38e-06,0xb4...8b66,https://etherscan.io/tx/0x711bba0e5c1c0d52f6d9288dedcc80991313afb443110ef4f35c805256f0f51a
2023-03-30 14:00:23,False,0.4076,0.0002258,320.163,0.0723,0x81...eadb,https://etherscan.io/tx/0x25baf899e10c1033b78960f1eeb178d380512273b0b75d0c243b9d07dfe25576
2023-03-30 13:59:59,True,0.4102,0.0002272,44.0089,0.01,0x37...8441,https://etherscan.io/tx/0x9e45663efd38d1b5bb63812fcaf4f17099764f4d546975bc04f5dc7ded2f551e
2023-03-30 13:58:35,False,0.4079,0.0002259,733.672,0.1657,0x5e...4a87,https://etherscan.io/tx/0xd975719c82f038af2d9a6a9f62b5bd63a1bcf7e56c0bd4296369b062969a793f
2023-03-30 13:53:35,True,0.4098,0.0002272,1236.84,0.281,0x25...a645,https://etherscan.io/tx/0x5db8643b4221a900242f8c887f2e604e698ea02d33d15931a6ed19394f9c1b8d
2023-03-30 13:47:23,False,0.4143,0.0002294,25220.0,5.78642,0x29...fac3,https://etherscan.io/tx/0x1e1d83c808ab9370c84858e87423fb2d449650016cc648a1371fe79507143c20
2023-03-30 13:44:47,False,0.4212,0.0002333,970.0,0.2263,0x1a...8ad0,https://etherscan.io/tx/0x037aec30d77965169e164287558eacd22b59cf88b82868a41954870566d23a10
2023-03-30 13:36:11,False,0.4217,0.0002337,1385.79,0.3238,0x2b...e16e,https://etherscan.io/tx/0xce4e080cff28fb96ed50e1be9a2d131ca80d36eed4c8dd736f132efc13693420
2023-03-30 13:22:47,True,0.4244,0.0002353,255.0,0.06,0x79...e4e3,https://etherscan.io/tx/0x5d117582e0153e08e8a0c25622223b4e54a04b6bd335ac965341add087defd0a
2023-03-30 13:12:23,False,0.4222,0.0002341,1988.49,0.4656,0xb1...f036,https://etherscan.io/tx/0x6ccc60a2b5c606745bb276288b651223256d270ec7985f502340112c4980da7c
2023-03-30 13:11:59,True,0.4252,0.0002357,1151.36,0.2713,0xed...a35e,https://etherscan.io/tx/0xd48d7cde945c194a00546cf43d9d62460d1f7c7a608c93b489425b69aeeb041b
2023-03-30 13:10:47,True,0.4245,0.0002353,1196.64,0.2816,0x0c...9013,https://etherscan.io/tx/0x527f11b8981a4106f9c7e3c489718cd69b4793d73f046c1479257a7c6095fb97
2023-03-30 13:10:35,False,0.4223,0.0002341,2425.0,0.5677,0xcf...3224,https://etherscan.io/tx/0x3ecc5e97ff149dff43b01c0b89ce352b12fbe732dbb136d62054964e20dfb1c7
2023-03-30 13:08:23,True,0.4254,0.0002358,640.305,0.1509,0x3e...5b78,https://etherscan.io/tx/0x75102b2e0404742d8cf281c8ecae7ae8b287d666addb3b1835d9e5b597a7eb08
2023-03-30 13:04:23,False,0.424,0.0002349,4379.66,1.02907,0xc7...0549,https://etherscan.io/tx/0x3bd9d13a3ddd40692fc69b7f48cd17813dfd4a0d75b407dd4012534077872661
2023-03-30 12:58:59,False,0.4255,0.0002357,735.998,0.1735,0xe6...e050,https://etherscan.io/tx/0xb60266ce664d725921edb3ab3106d3568f24b872b0d2794f9a503bd3f6c5bd6d
2023-03-30 12:57:35,False,0.4251,0.0002359,735.998,0.1736,0xb8...f62b,https://etherscan.io/tx/0xcfb0ed7cab5d5f1f241c50e583df8aa13d117b2c28289ba451fcc78a2151f52c
2023-03-30 12:55:11,True,0.4272,0.0002373,1426.5,0.3385,0x5f...35bd,https://etherscan.io/tx/0xc1a61ad02caa6931d0e62edc4a0da859e3e15b4395cb9ac974236be461fe2784
2023-03-30 12:43:59,True,0.4255,0.0002363,4654.76,1.10014,0xc7...0549,https://etherscan.io/tx/0x243c2d200baf2f1048b483477dc05ce6b1e3b2abaf5daa94ec22307726bd6f50
2023-03-30 12:40:35,False,0.4244,0.0002357,10075.2,2.37544,0x59...bcba,https://etherscan.io/tx/0x624b54424fefea9a98f070b452b9399d199b67fa08cebb045dad5cb835e378f2
2023-03-30 12:39:11,True,0.4294,0.0002386,733.289,0.175,0x9f...ebda,https://etherscan.io/tx/0xbdbe2792a51026b78d6ca80385a5b05e722c13802c8695c6dc94edebacdcce57
2023-03-30 12:38:59,False,0.4277,0.0002377,3838.64,0.9124,0x30...52d4,https://etherscan.io/tx/0x3c0d16d114e295d68f2b81b926640b4f4af1c3c018ac0cfb0c5518b49ab72f91
2023-03-30 12:36:11,True,0.4312,0.0002396,675.75,0.1619,0x31...e4e9,https://etherscan.io/tx/0xe01ba7dae7637555031c5a2b35eb628eac317df8171e9d5c875991220627c1e1
2023-03-30 12:32:35,True,0.4296,0.0002386,5867.47,1.4,0x34...4884,https://etherscan.io/tx/0x326654cacbc784bee17c5ded8a92dd2ff65a18025b967ed4c8c2450a54c0ad3e
2023-03-30 12:25:11,True,0.4278,0.0002376,50.4626,0.0119,0xb5...83a7,https://etherscan.io/tx/0xeee6af46292ddd5a480913cd4583697d1919f1e2d82f01bfad20c3e23ca5ffc8
2023-03-30 12:22:35,True,0.4279,0.0002375,547.186,0.13,0x51...e331,https://etherscan.io/tx/0x7e23806bd213f509b45ce926aa7eda98f41a10d21ca61a8917ae59470c91f3f9
2023-03-30 12:08:47,True,0.4271,0.0002373,1044.63,0.2479,0x4e...08eb,https://etherscan.io/tx/0x18ada380c2aa4a5fb218b7a81e6c0197c4804c0016e07ee870bc2ad1ef04edef
2023-03-30 12:07:59,True,0.4268,0.0002371,210.851,0.05,0xc1...4122,https://etherscan.io/tx/0x88cf8485b5aecbdaf366d2d878430d44544c0e13b5f4b4741808e8370b8339f7
2023-03-30 12:02:47,True,0.4266,0.0002369,1139.61,0.27,0x62...71fa,https://etherscan.io/tx/0xabafe4f9f675b676e1fd2e61e55ef93d57e3b09e4b42e7f0a8ba4a02cf80c92b
2023-03-30 11:54:59,True,0.4258,0.0002367,178.552,0.0422,0xdc...bb7b,https://etherscan.io/tx/0xeb047d11bd1653fff262540a7be4e0f742a0164c8bc9c8ea1625296f41b348fc
2023-03-30 11:54:35,False,0.4235,0.0002354,970.0,0.2283,0xc2...c2fa,https://etherscan.io/tx/0x54a556959bd2006d9f662ea9960bacc0fa97d5b86e2f3390e71f054aec3f9733
2023-03-30 11:47:59,True,0.4259,0.0002369,290.041,0.0687,0xbe...6a07,https://etherscan.io/tx/0xde0194bbda0c00b5eb7eca5e26827acc1947f755943c976d06fe1507327a5084
2023-03-30 11:37:11,True,0.4255,0.0002368,84.4283,0.02,0xff...0e7b,https://etherscan.io/tx/0xe10563198df54ccd0089eb138b0d4a36a6c513c8b63d4ad399da769282a140f0
2023-03-30 11:33:35,True,0.4251,0.0002366,1690.54,0.4,0xbe...612e,https://etherscan.io/tx/0x0ae50e4adae1807dca1161c0a319fc745cd520c91308718944ecb04ceede60d9
2023-03-30 11:31:11,True,0.4244,0.0002361,1164.43,0.275,0xc6...7355,https://etherscan.io/tx/0x3c9e55f5a70e5590db9bbf03a5a05b3b8d23285b66db96329a619377a4a15dbe
2023-03-30 11:26:47,False,0.4224,0.0002353,4722.93,1.11131,0xac...9b64,https://etherscan.io/tx/0xcbbdd2f5843f55e6c92f669a6657272db8d7101a12606012abeb8a77a300d3ac
2023-03-30 11:19:59,False,0.4242,0.0002361,533.5,0.1259,0x5d...a8fb,https://etherscan.io/tx/0x59caae08fc5550e9cdbaf2659437d49ee61df33bc87fd98a596c6c8979e86ded
2023-03-30 11:16:11,True,0.4267,0.0002375,673.642,0.16,0xe5...6367,https://etherscan.io/tx/0x22499c805a56ae4e931392b18a9228297039b00e894ceceaa48d6138eeda56de
2023-03-30 11:13:59,True,0.427,0.0002373,429.759,0.102,0xe9...d956,https://etherscan.io/tx/0xc06cd4596abaca5feaf413cc02febb81e9d07f2fae4feb55ffa522f09c43ec9c
2023-03-30 11:12:59,True,0.4264,0.0002369,1898.91,0.45,0x27...3c7e,https://etherscan.io/tx/0xc29a1281b53e78d2f339fe007250299980b9be6057e8d0ed0f983ef1210a1798
2023-03-30 11:12:35,True,0.4257,0.0002366,507.179,0.12,0xdc...bb7b,https://etherscan.io/tx/0xee16fcf87139849917229b469bbb9368e976010dae469d2748089595c928e3c7
2023-03-30 11:10:59,True,0.4251,0.0002362,1693.05,0.4,0x27...3c7e,https://etherscan.io/tx/0x2eb70159a1afc776284ec4182afecef7d2b41d844d2809160d502c01e735b3c1
2023-03-30 11:10:59,True,0.424,0.0002356,2358.29,0.5556,0x0a...66ac,https://etherscan.io/tx/0x445b2f41a0c2d5d9fef229c3cde245231fc2a537d908987c5f1e4d64c55f925e
2023-03-30 11:09:35,False,0.4287,0.0002383,28815.9,6.86856,0xe9...602f,https://etherscan.io/tx/0x7ff2a01426602dbbedc17ce1e8634f7666af8493892126855b1958d9898ec1f1
2023-03-30 11:06:23,True,0.4386,0.0002438,3280.51,0.8,0xed...ed4f,https://etherscan.io/tx/0x91485e608e6061b305ae2f6d175c7dbef974009a1c1b7609a22db735d8dae386
2023-03-30 10:57:35,False,0.437,0.0002426,4776.94,1.15911,0x04...8287,https://etherscan.io/tx/0xab882a69074a3001e1cd6fbf26e6ea9cf6a234f4be8cd478b12565af12112b1b
2023-03-30 10:54:59,True,0.441,0.0002448,322.151,0.0788,0x74...80b7,https://etherscan.io/tx/0xc288a4fd001df566a06a75198ddad8484b2825937183ee5ae45b35ec1e988a17
2023-03-30 10:54:11,True,0.4394,0.0002441,4000.0,0.9765,0x9c...6ab7,https://etherscan.io/tx/0x61713c052cdc4f6cddec175b572346dc5d7557d468bc6988ab6210650caa5fd8
2023-03-30 10:50:23,False,0.4358,0.0002421,970.0,0.2349,0x23...d3e4,https://etherscan.io/tx/0xf8b1afdd00eb61bab94bcaa00dd81f12684f48a0e875b0681e15f3de19b66cde
2023-03-30 10:47:47,False,0.4367,0.0002427,2348.97,0.5701,0x85...818d,https://etherscan.io/tx/0x8f52c1da5c34555c7a306ff00c2c8382653714d2a4fe6e7a57064d4b63d8bc24
2023-03-30 10:46:23,False,0.438,0.0002434,1980.89,0.4821,0x41...801f,https://etherscan.io/tx/0x811e385b415f70e360a31b9e4068ea350fd37076f9bbab21322a6d7ab9a1cca8
2023-03-30 10:35:59,False,0.4397,0.0002438,806.887,0.1967,0x7e...8081,https://etherscan.io/tx/0x29e0c009855a9b1fb7ae1ff4f3c190e8d066d7d7264bc98ffe97095018c9a7c8
2023-03-30 10:34:47,False,0.4409,0.0002443,2357.1,0.576,0x20...6195,https://etherscan.io/tx/0xd92d271ca6ba4a6ce99704ea156248e72d13fd8fc0bba1ac38a74cefdbb4ce0a
2023-03-30 10:24:47,False,0.4421,0.0002448,386.545,0.0946,0xf8...31b6,https://etherscan.io/tx/0x8840f690fd24193b98067c2fd1032829fcd9fc6bde5da6e63fff32081f0aca14
2023-03-30 10:20:35,False,0.4424,0.0002449,223.06,0.0546,0xe9...d956,https://etherscan.io/tx/0x9b740047db5b3f12742fd3e6dbad0dcf02f118f312abe34c6634fef7099a21eb
2023-03-30 10:16:59,False,0.4429,0.0002451,970.0,0.2377,0xc2...c2fa,https://etherscan.io/tx/0x83ab88be92787ca9cc7d169a3fbba2aaad751d0b2292b9fa2ed9b5b754ff80d5
2023-03-30 10:16:11,False,0.4438,0.0002456,1913.91,0.47,0xdb...d71d,https://etherscan.io/tx/0x634abd5f798b9d388ef3d48d6a8fd6cf354dc0491da0014d7d33f3b9f3d97781
2023-03-30 10:16:11,False,0.4454,0.0002465,3550.2,0.8751,0x27...3c7e,https://etherscan.io/tx/0xf67703e87f5cb94004deeb3b462df9cd7361b197b0be976df7dc9401c9e7cffe
2023-03-30 10:15:23,True,0.4488,0.0002483,1129.32,0.2805,0x17...c44c,https://etherscan.io/tx/0x7ff88eb9d000c2be5a23236a89e8fbc4ceac22472e8c2115da672966d835bb3b
2023-03-30 10:12:11,False,0.4456,0.0002468,776.0,0.1915,0x44...fb06,https://etherscan.io/tx/0xb2c77f7109ad980b525d0633cf741e8cef1d9a15cc77d34a54379bd16d0f7d54
2023-03-30 10:11:35,False,0.4473,0.0002476,4192.03,1.03825,0xec...9718,https://etherscan.io/tx/0x281a5c545fc3fd7cfbc209e426df3d4a3cd45ff31391a8a4c06cd667d4ebc7fe
2023-03-30 10:10:47,False,0.4494,0.0002488,2613.28,0.6502,0x80...9c97,https://etherscan.io/tx/0x32a55b24cdc13c5d0d7a08cbf5cdd1c31e5d4a87e8a2d48aef9989f3b87db68f
2023-03-30 10:10:47,False,0.4507,0.0002495,1657.73,0.4136,0xe4...e4d6,https://etherscan.io/tx/0xe833c58d288160a47ef9847dce44e2565783d6e3a60ccee9da8129e6fa5d70b8
2023-03-30 10:08:35,False,0.4541,0.0002514,9409.0,2.36555,0xb8...5f1b,https://etherscan.io/tx/0x5a79dc0a277f508115feb3c28e8745527b3ad694a74d9b7bce8366bbf2fc4f77
2023-03-30 10:07:35,False,0.4578,0.0002535,2808.25,0.7119,0x49...f683,https://etherscan.io/tx/0x74aded9889a855927c555ac24fe4283907e18e83229bccf5a23f6a8bfaacf8c1
2023-03-30 10:06:47,False,0.4588,0.000254,454.37,0.1154,0x5f...e05d,https://etherscan.io/tx/0x7430a843e9bcf6e9d280d753ec6ad9bc7e75a0b8a9009f68abeea099a06a8564
2023-03-30 10:06:35,False,0.4622,0.0002557,9086.97,2.32388,0x25...ab52,https://etherscan.io/tx/0x02d12a2c65fd1dcd5e7bf4a348ad7c582918dc1cfddb3c677b54fad717c3622d
2023-03-30 10:05:35,True,0.4679,0.0002588,65.67,0.017,0x59...d7f1,https://etherscan.io/tx/0x8ab5a1832577989fd86322f958e7a7f22511cdcf664e43d0895933695f4a11aa
2023-03-30 10:05:35,False,0.4657,0.0002576,1882.54,0.485,0xd6...ef96,https://etherscan.io/tx/0xc2cc4bf4fe79c1ae0d4c8dd321746ec8de03246f4b00c4250f48d1791ae6e01d
2023-03-30 10:05:35,False,0.4663,0.0002579,25.6173,0.0066,0x05...5212,https://etherscan.io/tx/0x2db6efd6d5682d7fde5d2326e8b3c9c65cbd61f758c7176d63b905b36b3393d0
2023-03-30 10:05:35,True,0.4679,0.0002588,65.67,0.017,0x59...d7f1,https://etherscan.io/tx/0x8ab5a1832577989fd86322f958e7a7f22511cdcf664e43d0895933695f4a11aa
2023-03-30 10:05:35,False,0.4657,0.0002576,1882.54,0.485,0xd6...ef96,https://etherscan.io/tx/0xc2cc4bf4fe79c1ae0d4c8dd321746ec8de03246f4b00c4250f48d1791ae6e01d
2023-03-30 10:05:35,False,0.4663,0.0002579,25.6173,0.0066,0x05...5212,https://etherscan.io/tx/0x2db6efd6d5682d7fde5d2326e8b3c9c65cbd61f758c7176d63b905b36b3393d0
2023-03-30 10:05:11,False,0.4671,0.0002584,2425.0,0.6266,0xd2...a542,https://etherscan.io/tx/0x401025a9cb70314898928f1515b1d1d4b3c99a3be60e02090b963e7d99b9bf7e
2023-03-30 10:04:35,False,0.4685,0.0002592,2022.4,0.5242,0x36...973a,https://etherscan.io/tx/0x694fae7fc4c165346ef915cdfb75f16d2ca556df4f2e745f685c2eda29267f97
2023-03-30 10:04:35,False,0.4684,0.0002592,2022.4,0.5242,0x36...973a,https://etherscan.io/tx/0x694fae7fc4c165346ef915cdfb75f16d2ca556df4f2e745f685c2eda29267f97
2023-03-30 10:03:35,True,0.4637,0.0002566,25328.3,6.5,0xd6...d6a0,https://etherscan.io/tx/0x747f932755fbf67cd7aede71913d2bd709ed81b775665dd5e7f7e75fad72ba49
2023-03-30 10:00:47,True,0.4476,0.0002477,26642.6,6.6,0xd6...d6a0,https://etherscan.io/tx/0x4ff451c962634832ea23857df5256722bd28ac0472b07445aa5433e0bc8132e4
2023-03-30 10:00:23,False,0.4372,0.0002419,484.03,0.1171,0xf6...fffb,https://etherscan.io/tx/0x5afed4affed6c7f737a66fdfdfbb8178fd835aef8f002a9489b5abf81368a032
2023-03-30 09:59:23,True,0.4398,0.0002434,410.825,0.1,0xf8...31b6,https://etherscan.io/tx/0x9f9f54450d7ee2f9c4eb796ddaef8334aee7e2a61ed04f5ee2e95d0f13bffbcf
2023-03-30 09:58:35,True,0.4266,0.000236,46175.5,10.9,0xd6...d6a0,https://etherscan.io/tx/0xa2dc8cc87ca82cc659af489a69b917ae9213bdd28c7a14ba3b3adfd45cf92f6e
2023-03-30 09:55:35,True,0.4095,0.0002265,17023.6,3.85589,0x3f...c06b,https://etherscan.io/tx/0x111aeff1220e894c0525f8d8b814d731de1a57fcd4ae5eca6c549b0fa6fb95b6
2023-03-30 09:54:59,False,0.403,0.0002229,1894.41,0.4223,0x34...ec30,https://etherscan.io/tx/0xa2d11dc35f67ef78c3b6b0605192e7735304ea0d8fb684ab8109cfdec206961e
2023-03-30 09:53:23,False,0.4041,0.0002235,2283.38,0.5104,0xa3...204d,https://etherscan.io/tx/0x99445de27b6c03d3b6aab87f89325763c8a1556a0f9aa002dd566d163e75a1e1
2023-03-30 09:52:35,True,0.4063,0.0002247,3515.36,0.79,0x8f...20df,https://etherscan.io/tx/0x2fe67202c31b78733d2ebbc6579ebd5bb5839cd0359a21eff0d3372ecafb5e4b
2023-03-30 09:48:59,False,0.4023,0.0002229,218.25,0.0486,0x74...cd61,https://etherscan.io/tx/0x8c8b07f3595e01c4f15956470b758900402026cff32abb9fa205aac82cb0b9f4
2023-03-30 09:41:11,True,0.4055,0.0002242,133.77,0.03,0xff...2d5b,https://etherscan.io/tx/0xc5b0185687ddd623e8ede659441b789321a82b0ed28bdebb6976a1b3ce52b4ab
2023-03-30 09:33:47,False,0.4015,0.0002233,2853.66,0.6372,0x28...ba86,https://etherscan.io/tx/0x1d3743c4274542ff2727783dabd29c2b3d18352a30b5b208e7ec9066100dffbf
2023-03-30 09:28:47,False,0.4031,0.0002241,2910.0,0.6522,0x74...cd61,https://etherscan.io/tx/0xe766a99173d860b50107e4393c3cb1b7ae3a33790ba4812149bb4f39041ee29f
2023-03-30 09:22:23,True,0.4029,0.0002241,12350.9,2.76813,0xa2...f96b,https://etherscan.io/tx/0x0facbc7ea7bbacc65cc988010f8124d1f0ecbf9735cca4883dbb091c247925c5
2023-03-30 09:22:11,False,0.4023,0.0002238,19400.2,4.34167,0x58...c2ff,https://etherscan.io/tx/0xcf907e05426128c5cf7afd667d95e0c97d774767b80e0427c0a51cd8a333cd43
2023-03-30 09:19:59,True,0.4093,0.0002279,351.027,0.08,0xd3...0b9a,https://etherscan.io/tx/0x8dedb027883531e35a9bbc596903363dd73af7ab46a89cd998175b2255c35553
2023-03-30 09:15:59,False,0.407,0.0002266,1412.37,0.3201,0xd6...3821,https://etherscan.io/tx/0xc424eea10a79e6907ac052b68010a3a4e5b03bd5dfba79b6df5bb67504a273e5
2023-03-30 09:11:23,True,0.4024,0.0002241,28417.9,6.36958,0xba...0383,https://etherscan.io/tx/0xae679b4f2675c37ea88b81264b5db1211a6e96efe2e0825d6336ac538e3c122b
2023-03-30 09:05:35,True,0.3951,0.0002199,909.203,0.2,0xa0...c405,https://etherscan.io/tx/0xdb1f434bc8af23b1178b45e763ef28f32fdcb76cc1a440d3ec73013466f70597
2023-03-30 08:59:59,False,0.3949,0.0002198,9698.77,2.13257,0x8c...3de5,https://etherscan.io/tx/0x6b04cd8c34b7e6342cdb060868061bc5a9c5a090113f0c9feab1ef9a252dc517
2023-03-30 08:55:35,False,0.3978,0.0002214,1794.5,0.3974,0x81...7cda,https://etherscan.io/tx/0x354262aefe51383b2bb7b1c876264dcd85523310d82dae15c45def500bcae974
2023-03-30 08:54:47,True,0.4005,0.0002229,762.431,0.17,0x9f...ebda,https://etherscan.io/tx/0x3bba42436bdeca64a6a405a0d214eac00e307229e5bf4f286d99ffa8089c3e6b
2023-03-30 08:52:47,False,0.4003,0.0002229,10021.0,2.23421,0x87...cd30,https://etherscan.io/tx/0xffebc6d35a993b670d28dcd626c01acd2beb8d5c97794d961195fbc349c7a6c1
2023-03-30 08:52:47,True,0.405,0.0002255,1218.35,0.2748,0x87...cd30,https://etherscan.io/tx/0xffebc6d35a993b670d28dcd626c01acd2beb8d5c97794d961195fbc349c7a6c1
2023-03-30 08:28:35,True,0.4043,0.0002252,984.956,0.2218,0xed...a35e,https://etherscan.io/tx/0xefac4c6ec4c3a8cc21d201c472be211ae2ebb24fc5b57b54a096edb659ba5063
2023-03-30 08:26:11,True,0.4036,0.0002247,2670.0,0.5999,0x61...4d87,https://etherscan.io/tx/0x79315d86546ab3fcf240083aa8192be483cab44fca86e46be34c42414cfb4b09
2023-03-30 08:17:23,True,0.4034,0.0002241,1067.38,0.2392,0x62...e4f0,https://etherscan.io/tx/0x6dd126495c1cde741afb49c55acab70f13331a0c2a393a6bb7a72203775a8c95
2023-03-30 07:53:59,False,0.3998,0.0002226,108.575,0.0241,0x0c...2f06,https://etherscan.io/tx/0x9e27ace1b714e6f7cc3719cd15636cc6061b1fad620f668e3b4b7f118d9bd691
2023-03-30 07:53:35,False,0.4,0.0002227,481.12,0.1071,0xe7...3066,https://etherscan.io/tx/0x5f08b49b26ea7f26eb7720eeca3985cd308845b8bf5953f137e9c300d2042715
2023-03-30 07:49:59,True,0.4022,0.0002241,446.178,0.1,0x0f...36ba,https://etherscan.io/tx/0x358ef594136739a162e20db6304314e85ddc8763efa8d824bf4c4fbbb86aa475
2023-03-30 07:46:47,False,0.4006,0.0002232,3589.0,0.8011,0xd6...b5b9,https://etherscan.io/tx/0xa7fa0e249476ce462bb39c35de502f7d5eba0dffaab2f2bac1cb1e971c1cc82f
2023-03-30 07:39:47,True,0.4025,0.0002244,4455.34,1.0,0xec...9718,https://etherscan.io/tx/0xfaeec90a1ef2cb8e8bd08e6df06ef15e2b5580dbc7d932e666a571edc7d14556
2023-03-30 07:38:59,True,0.4012,0.0002237,745.114,0.1666,0x67...9fb7,https://etherscan.io/tx/0x3ea89211634d9d8e614f2271784c397796838fceed1d47a636461afd417583c3
2023-03-30 07:27:11,True,0.4006,0.0002235,115.0,0.0257,0xc3...2c8d,https://etherscan.io/tx/0x1c002cdb28e11bdc9d73d9bd3d4dbefc13510e0ffed3f5cc41d2111e0883d9b1
2023-03-30 07:24:47,False,0.399,0.0002224,1901.42,0.423,0x99...04de,https://etherscan.io/tx/0x6cd847a092e4c4edb58359d7910026117ca73c6a88b170a76ab68c750d0db7e5
2023-03-30 07:22:11,True,0.4016,0.0002239,1116.34,0.25,0x4a...a3b1,https://etherscan.io/tx/0x704c28c131860c22973eac343670938002299ccc80a6a52dd2658b3fabf12d59
2023-03-30 07:15:23,False,0.3991,0.0002225,746.9,0.1662,0xf3...c256,https://etherscan.io/tx/0x3f37991a468042e80a2dc10b76c640c5d5d83e30727ecbac08a184e3a28f2c35
2023-03-30 07:14:23,False,0.3996,0.0002228,1067.0,0.2377,0x5c...1941,https://etherscan.io/tx/0xec545a7127b5af955c97efd4ff524d34b49ae1dd3c04433a9a42e43c31eadcec
2023-03-30 07:14:11,True,0.402,0.0002241,1002.73,0.2247,0x4e...3ebc,https://etherscan.io/tx/0x4e4c7e0e81f130d45335bd62b771e287aa07b5cc98252cddd560a78b2cb800ee
2023-03-30 07:13:35,False,0.3992,0.0002227,322.728,0.0718,0x7a...f45b,https://etherscan.io/tx/0xa27f693180b0005d88dd15760c8fd49ce95e388c1e7f4f0ebce42c3fda813908
2023-03-30 07:12:11,True,0.4002,0.0002232,5763.95,1.287,0xc6...e631,https://etherscan.io/tx/0xc488aa5c3f7fa084fd7b1a2ae31576af9fa6b81367bfb20353b1195fb9099844
2023-03-30 07:11:23,False,0.3973,0.0002215,3017.77,0.6686,0x80...9c97,https://etherscan.io/tx/0x5acb1fe1bedc11da5a97505b6ffdc4f02be633430b8a68d370ade4ea50823bce
2023-03-30 07:09:23,False,0.3988,0.0002225,3657.27,0.8137,0x9f...d0b1,https://etherscan.io/tx/0xb88e843c45c0f42097bd7cff8acd5e3e9d383fbb2f2ec0c789b54bde17e3f81f
2023-03-30 07:08:59,False,0.4003,0.0002233,2182.5,0.4874,0xb7...9c63,https://etherscan.io/tx/0x37d9878a4f28e3a69645c9e378ef7a92136dab090e005db20a1366befded679a
2023-03-30 07:07:59,False,0.4009,0.0002237,388.0,0.0868,0x51...fbcc,https://etherscan.io/tx/0xfbce7bf53c18bfe2ab187959bf819537568a85f887c7609401a4f71e6fc3b3da
2023-03-30 07:05:35,False,0.4013,0.0002238,755.479,0.1691,0xb0...3341,https://etherscan.io/tx/0xad6049247ec360ee56774a2622ad6d4c39b3f749ca14101b974f8f07015b0fcf
2023-03-30 07:03:59,False,0.4025,0.0002243,2263.01,0.5075,0xa3...204d,https://etherscan.io/tx/0xb6a86a90e3682899c4e0116d21b78fe235ebbd4b0a446a443ef5e401bd4e08fb
2023-03-30 07:03:47,False,0.4036,0.0002247,970.0,0.218,0x1f...4ba7,https://etherscan.io/tx/0x2e627e307cfc577d8ee227f5322fc86d1ffc72e99a041c0577981445eecef4e6
2023-03-30 06:59:47,True,0.4066,0.0002261,615.699,0.1392,0xca...f986,https://etherscan.io/tx/0x690574687ce95770b36596bbe774a83e1bb8970f3df68abf911faac9b4609996
2023-03-30 06:55:23,True,0.4065,0.000226,91.0594,0.0205,0xa5...d7b0,https://etherscan.io/tx/0xbf5f1838a0ea6df9b578821c36268d00b0ba841a36f37e65b4e0ead447b1e0be
2023-03-30 06:52:47,False,0.4039,0.0002248,1077.67,0.2423,0xe8...ec20,https://etherscan.io/tx/0xe92ba348e51d970362f74bb4f0d1a3fa638c9fa2bf0fbe7f75f97a8c0064448f
2023-03-30 06:48:59,False,0.4053,0.0002257,4850.0,1.09472,0xfe...2ff9,https://etherscan.io/tx/0x98501b660e0722f861779dd85f84e6c29357264eb7f26def9f8162ffce741fa9
2023-03-30 06:47:47,False,0.4071,0.0002267,2002.33,0.4539,0xd5...2a9b,https://etherscan.io/tx/0x4bb85729acf9f6db03db919355ab8775f85105f3acc83a158f669d4337c4d49a
2023-03-30 06:45:11,False,0.408,0.0002271,891.119,0.2024,0x63...40b8,https://etherscan.io/tx/0x91fc1af03dd2b956b985e01b77eea949aab4e465cf729adbdbcb25eeefdb743a
2023-03-30 06:40:11,False,0.4086,0.0002274,970.0,0.2205,0xa5...75dc,https://etherscan.io/tx/0xdb4e89b6e234b3e46f339cb3c882c29643b5b9ad8594f2abd0c6a3a251c15505
2023-03-30 06:37:59,True,0.411,0.0002287,1092.84,0.25,0x8c...774d,https://etherscan.io/tx/0xb1981d6c93aeeb2a60e53d2194e80020779ff03aab853a40cd79493379c393b0
2023-03-30 06:35:35,True,0.4102,0.0002284,1182.01,0.27,0x8c...774d,https://etherscan.io/tx/0xbffa28d18de20517d683889e1aa008f69fb22be1f0d8730da623840b4567cbd6
2023-03-30 06:33:47,False,0.4079,0.0002271,1770.25,0.4021,0xa3...204d,https://etherscan.io/tx/0xb91e1c3cbf5ec3c99d6dbe71b8de3970e9d92857f4cb23de98cb559cbf04ad6a
2023-03-30 06:31:59,True,0.4108,0.0002287,393.506,0.09,0x4c...aaf9,https://etherscan.io/tx/0x8332ccb5bdca952ccdaa5d5272b94a3d764860ee47f5a7e549cde32d2f82abf7
2023-03-30 06:22:59,True,0.4092,0.0002283,2002.84,0.4573,0x7a...828a,https://etherscan.io/tx/0xac3ba870396de2334e9275a44740b5a9ec9d195fceb7005704686e7da3844627
2023-03-30 06:20:35,False,0.4067,0.000227,2263.01,0.5137,0x34...ec30,https://etherscan.io/tx/0xe4eb34291f7abbeb3813b347bba46ded742c77cc2a526b7a7c277583708ede0e
2023-03-30 06:20:11,False,0.4076,0.0002275,1207.65,0.2747,0x8c...774d,https://etherscan.io/tx/0x44b5ef7e0d38f51b50a80c941d01a50180c989dbc9f8edd6f604799acab66711
2023-03-30 06:16:23,False,0.4086,0.0002284,4850.0,1.10789,0xfe...2ff9,https://etherscan.io/tx/0xcf76ea124905d4d8a7d6a3076dfb9f7e2a1a6682847b4d47c473576aa407e6a8
2023-03-30 06:13:23,False,0.4106,0.0002295,2425.0,0.5565,0x5b...086e,https://etherscan.io/tx/0x0264d231efea42c0a43386902eeed228b7277e098a19caddfcf333612dc8a05a
2023-03-30 06:13:23,False,0.4118,0.0002302,2251.37,0.5182,0x34...ec30,https://etherscan.io/tx/0x9c45ab2c2e9b185f131428f00a2a0c591ec2261cfbd10f59107c84fe8c37fa3e
2023-03-30 06:12:11,True,0.4142,0.0002317,1422.3,0.3295,0x37...63ae,https://etherscan.io/tx/0xc2fa2d52f90666faba81a9f76d93b0d81b0b0b217a52ce1e8f95d1b91d89e3f7
2023-03-30 06:11:59,True,0.4138,0.0002314,108.692,0.0251,0x32...1b77,https://etherscan.io/tx/0x204dc561d5bd6122da23f3743d2862dcb21b37cc48fd2eb6f89bdcf979f65b4b
2023-03-30 06:08:47,False,0.4116,0.0002301,147.125,0.0338,0xc6...8fb4,https://etherscan.io/tx/0x313175c2447a63cd29abe74d0da1e4b3cb2e13ac959eedf548d426e7eadcb04e
2023-03-30 06:07:47,False,0.4121,0.0002305,3017.67,0.6958,0x9e...41e3,https://etherscan.io/tx/0xc4accebdd21aa0e4f5215f2662b4d84dbae021253e3a61a4984dc45df15d6181
2023-03-30 06:05:11,False,0.4133,0.0002312,1321.19,0.3055,0x1b...c680,https://etherscan.io/tx/0x16ada727b03a65c5f4fff64937c81215fa20318477f3bcba937cbc876bf0aec4
2023-03-30 06:02:59,False,0.4145,0.0002319,3200.03,0.7421,0x58...aca1,https://etherscan.io/tx/0xaa2c4fbf2fa2d5ccd05566d1ac37b51b515afd14fb04488e0c17f45f92c14aed
2023-03-30 06:02:11,True,0.4177,0.0002337,427.836,0.1,0x8c...774d,https://etherscan.io/tx/0xcf231b10e5d44e0b008598f7cfb2f9eee26174d63300bc5303d93f88b02b02fd
2023-03-30 06:01:35,True,0.4174,0.0002335,856.392,0.2,0x8c...774d,https://etherscan.io/tx/0x29b155cc6945f74b976206eaf6abb53dfafaefbc219c1e3f022ef257dc441ea1
2023-03-30 06:00:47,False,0.4187,0.0002342,14467.9,3.3887,0x3f...c06b,https://etherscan.io/tx/0x3ecdbe45d5bee44842d992780e57787e12a8076a0c8feb23dacadd64de3f9ba5
2023-03-30 06:00:23,True,0.4216,0.0002358,12717.7,3.0,0x4a...4728,https://etherscan.io/tx/0x50a06b184a62dc77528899dd756f766b401a8eaaf9623fdf27f2b7c8c5e50015
2023-03-30 06:00:23,False,0.4163,0.0002329,2425.0,0.5647,0xe5...e858,https://etherscan.io/tx/0xbe9e8ab8d53fbb2e5dfdfb8e4e8f401f64142b63bd34a8202cbc3d7348372ac1
2023-03-30 05:59:11,False,0.4187,0.0002339,4731.82,1.10721,0xc2...0b9b,https://etherscan.io/tx/0xee8445c14f92a0009c012abee95f9cbbd149a051ebf1dea530e464ff67d3f016
2023-03-30 05:58:47,False,0.4202,0.000235,1940.0,0.4559,0xee...8d0a,https://etherscan.io/tx/0x074640717f54e66901e8397939bae14a959a2388213e0d517cf4d0dc00bdf1d1
2023-03-30 05:58:11,False,0.4224,0.0002362,5842.21,1.38007,0xad...662f,https://etherscan.io/tx/0x5df053b823441024a9d661a5e7cf0971cc692d783cc4f28b38ecc13c88774acb
2023-03-30 05:57:35,False,0.4259,0.0002381,6652.11,1.58439,0x00...f243,https://etherscan.io/tx/0x78cc7de1e3921c2923123fb5497253618984799496e2e15cb40e4adb4e8b0a2c
2023-03-30 05:57:35,True,0.4113,0.00023,69558.3,16.0,0x5d...8111,https://etherscan.io/tx/0x04a2e3a24448f623ce638edbb69548ff8212c4612a434dcdaf718755c701523f
2023-03-30 05:57:35,True,0.3914,0.0002188,7069.94,1.54756,0x00...f243,https://etherscan.io/tx/0x5818223ba57897a2d003ce2cf9c047fb5f73c27925dca1aa9c578a5e40cb4481
2023-03-30 05:54:35,True,0.3899,0.0002179,137.679,0.03,0xe8...b0a1,https://etherscan.io/tx/0x0958f9c7b5b12aec3a657efddcb4158876a51971d8cdff2ec6293ab2045a07b4
2023-03-30 05:53:47,False,0.3881,0.0002169,2425.0,0.526,0x5b...086e,https://etherscan.io/tx/0xf8bb9f608c950a51fed9321879c599d1b00f5c1de41758cf6ea5885296dbe330
2023-03-30 05:51:59,False,0.3893,0.0002175,2502.59,0.5445,0xc3...c070,https://etherscan.io/tx/0x0f97eb171f06639ca8a71274e3be72eb62089b91c5d6800e99d85ac116111d8b
2023-03-30 05:51:23,True,0.39,0.0002179,9175.65,2.0,0xa2...5f16,https://etherscan.io/tx/0x8072df38458e6d2894ca68fe0bfbd6d075f5b00867dbaff1b9ce8bbeb35c6744
2023-03-30 05:50:11,True,0.3872,0.0002163,2495.74,0.54,0x2c...9539,https://etherscan.io/tx/0x6cabc5b9e19a8b953eb100d298f9babbacb4281ae022864ade721228ed469212
2023-03-30 05:47:11,True,0.3863,0.000216,196.388,0.0424,0xeb...07e3,https://etherscan.io/tx/0x1921a140bf8a7b4c8ffc075a73b406bb203c80773a4954c71f8159b59a7d332b
2023-03-30 05:44:59,False,0.3836,0.0002148,1283.15,0.2756,0xb1...c316,https://etherscan.io/tx/0xf02ded7e1f9f79dfb24eabb42d4569b262d8c4c3477f41243001c95ea53f488a
2023-03-30 05:42:59,True,0.386,0.0002162,661.97,0.1431,0x03...d4ef,https://etherscan.io/tx/0x325432932147738816067b48ff7edd9c81a811796b04b293a59d363f66f67b88
2023-03-30 05:42:59,False,0.3841,0.0002151,2272.71,0.4889,0x34...ec30,https://etherscan.io/tx/0xbd09060afae196cfd985a269b21f03edff9d4d863cad5df6d76b04f5aa17d48e
2023-03-30 05:42:23,False,0.3852,0.0002157,2272.71,0.4903,0xa3...204d,https://etherscan.io/tx/0x5aed311f906f113cb29d897732948fc79a2c184ee86a0f7183e09ce46551f46f
2023-03-30 05:33:11,True,0.3882,0.0002172,636.062,0.1382,0x0e...840e,https://etherscan.io/tx/0x24fd96ec9cfd01c97f98c72c8e19936062668b5685a49f736e86d866a10fde96
2023-03-30 05:32:59,False,0.3861,0.0002161,1940.0,0.4193,0xee...8d0a,https://etherscan.io/tx/0xde47284d43e01410f7348c2e592ab97c4c7cd5320cfe95cd1faed7142eddee44
2023-03-30 05:31:23,False,0.3859,0.0002165,1004.47,0.2175,0xdf...157f,https://etherscan.io/tx/0x8aade446eab222f87b3747789fc021a9733044b591f0d785d51073f2b6ee9fa3
2023-03-30 05:28:47,False,0.387,0.0002168,1004.47,0.2178,0xd5...5958,https://etherscan.io/tx/0xa209c8475fecd26be2581beb1f3c1237cd3ec180bfc9869707fb7b938ac1a6bd
2023-03-30 05:28:23,False,0.3877,0.0002172,1940.0,0.4214,0xe5...e858,https://etherscan.io/tx/0xc8997ffc79f292c1fd8a01c76e769c2aca70d479c3cbbf3b04fe71fbfe42404b
2023-03-30 05:21:59,False,0.3888,0.0002176,833.99,0.1815,0x99...8cb7,https://etherscan.io/tx/0xdd109ad542fd797a6555dc764af40fb5631d4ccbf931cb022f6b871d985f528a
2023-03-30 05:17:35,False,0.3889,0.0002178,1008.8,0.2198,0x1f...4ba7,https://etherscan.io/tx/0xc41bfe7f3cbc7f6c4a313d352e64504e8fbd7a82ee851ecb96efd3eab37c2a81
2023-03-30 05:12:35,True,0.3893,0.000219,1765.18,0.3867,0x16...d819,https://etherscan.io/tx/0xead29b036e25752b97ab58cbac269dca8b7e332f6990d2187b365ab9f79f516c
2023-03-30 05:12:23,False,0.388,0.0002183,6172.45,1.34799,0xdc...79c6,https://etherscan.io/tx/0x77e6060d52e0d8d679634ead2dfed3f910e2c26cd422a01d639c7976ce64e8f0
2023-03-30 05:12:11,False,0.3895,0.0002192,170.957,0.0374,0xaf...2fe1,https://etherscan.io/tx/0x9c71b31b038997242437d0cdafbe2173ee498d2be723b8b4224fe0a5df3c204f
2023-03-30 05:10:35,False,0.3914,0.0002194,1209.59,0.2654,0x56...a3c2,https://etherscan.io/tx/0x3de918bf070c9d2ce6d9643313b2fc09dc4ee6b27f838ab1e54bbd68009fb491
2023-03-30 05:08:35,False,0.3918,0.0002196,478.21,0.105,0x3a...51d0,https://etherscan.io/tx/0xe36dea75ecf62e709d6283ae8a51a01edb42b6ccb94dbe10c0a9d0be3a39532b
2023-03-30 05:06:35,False,0.3981,0.0002199,1023.35,0.225,0x49...bd3d,https://etherscan.io/tx/0x19d0a147d02739d9960a1646edea78dbd22b0525ac084bb60c785399f7e36acb
2023-03-30 05:05:23,False,0.3994,0.0002201,583.653,0.1284,0xa8...41e9,https://etherscan.io/tx/0x81f871473cbc526bb28a9a079e9522d4bd477ddacfd731c8a919357bbbb66ada
2023-03-30 05:05:23,True,0.4007,0.0002208,4853.0,1.07179,0xb9...8fed,https://etherscan.io/tx/0x02fdbf35e3ab57a06314ffd7b493765f319b82938b5677f62d03df9e3cf0976d
2023-03-30 05:00:11,True,0.4001,0.0002201,396.052,0.0871,0x3e...6493,https://etherscan.io/tx/0x7a545eb59f271c8e1cd234c4c90c29fa0307a6cacee5a4201210e1fffc52e70c
2023-03-30 04:58:11,True,0.3998,0.0002199,621.918,0.1368,0x28...622b,https://etherscan.io/tx/0x9f8095b51ee620e46f1dca17fd29111f4534ff660b0df1a891ee9e999a95136f
2023-03-30 04:56:23,False,0.3976,0.0002186,674.407,0.1474,0xaa...6657,https://etherscan.io/tx/0xe33d85415cb05562738224e7dac572882c725d06cec181bb3ab953051f9a9d89
2023-03-30 04:55:23,False,0.3979,0.0002188,674.407,0.1475,0x9d...2358,https://etherscan.io/tx/0xa9e0f4a756a4e9e768b8879f8e4e4c8567f49ef4a3bd96e55314e179c758f596
2023-03-30 04:48:23,True,0.3999,0.0002196,4352.47,0.956,0x9d...2358,https://etherscan.io/tx/0x441c704936a85df5d80a993895f0ea8a79e0b50e14e21dcaf234a43cef156bda
2023-03-30 04:43:59,True,0.397,0.0002176,10107.8,2.2,0x27...1645,https://etherscan.io/tx/0x67ea95649add93cda4f25e0b53351bdd8166ad1554ac77dabded7887297eeb52
2023-03-30 04:41:59,False,0.393,0.000215,298.818,0.0642,0xa2...e577,https://etherscan.io/tx/0x1fcfc6f11fbd8d3f4b08e96dc08eb97c47ac2aed2ac441f6a0ea848c16060763
2023-03-30 04:39:59,False,0.3927,0.0002151,583.653,0.1255,0x93...308e,https://etherscan.io/tx/0xf35173cd30e3f101ed88381633bf164d83c1db44777ddb29f8bdf90a22ae3d53
2023-03-30 04:32:11,True,0.3935,0.0002164,462.009,0.1,0x28...b488,https://etherscan.io/tx/0x6db51eae477f750f251c0b95e89b5d27139af09074ab8cc5f58d1b5ccba240a3
2023-03-30 04:31:11,False,0.3923,0.000216,6790.0,1.4667,0x83...9904,https://etherscan.io/tx/0x0c09d14f3feb555caf7494cf508919ee66830c2bc6c64b7b14521ac6a2bf2646
2023-03-30 04:30:11,False,0.3941,0.0002173,2799.41,0.6083,0x83...9904,https://etherscan.io/tx/0x4b01b1e975bd1d2895a5f32cf1afb2347fd93e9b98db0b8d6291574c726d9289
2023-03-30 04:30:11,False,0.3948,0.0002177,160.639,0.0349,0x1f...19fc,https://etherscan.io/tx/0xeadb5b62fb7d38aeedc8df515da1ddb0d01deed79786e260fd113c64349aa76a
2023-03-30 04:29:11,True,0.3971,0.0002189,461.201,0.101,0x1d...4d56,https://etherscan.io/tx/0xd2e4c02133af0f386ae5aeba9843138064e136a9e4fd9d0d3e0de1acb96f4796
2023-03-30 04:28:59,True,0.3968,0.0002188,755.471,0.1653,0xa6...9412,https://etherscan.io/tx/0x18276505b836fd66862ef2837f3146ffafc82ee304aa8041b8d5ec6155a3a475
2023-03-30 04:21:47,True,0.3966,0.0002186,594.591,0.13,0x9b...c0f8,https://etherscan.io/tx/0xded2a5a34820104a584ffacd6299549a5b29e247942990c2851ee1be352bda55
2023-03-30 04:14:23,False,0.3896,0.0002172,193.03,0.0419,0x5c...f81a,https://etherscan.io/tx/0x9e9bfefcb1df415f73adb53374e623b37731336c3fe842091018c95f3a492b59
2023-03-30 04:13:35,False,0.3897,0.0002173,399.698,0.0868,0xa6...1169,https://etherscan.io/tx/0x79660586e7becc87142b0f5f037a923b59b6685e61e1d13456dc037ebae68ae5
2023-03-30 04:12:59,False,0.39,0.0002174,527.7,0.1147,0x46...b9a6,https://etherscan.io/tx/0x66e0144db0e6e2549a4818963c9a5a7a10e6a350f47a643c19bd8b652bd52bf1
2023-03-30 04:10:35,False,0.3973,0.0002216,29100.0,6.44956,0x58...c2ff,https://etherscan.io/tx/0xb4b6c439b2f9b1f8752d4f4874398382d8d0fab3d56f538c48c72782cfcb60a4
2023-03-30 04:08:11,False,0.4053,0.0002261,2720.95,0.6154,0xc1...ba31,https://etherscan.io/tx/0x57c96cdd37ab04f3bea90515f19ab1dbc1240be03855dc68f2d08f79c159aa80
2023-03-30 04:07:59,True,0.4083,0.0002278,501.59,0.1142,0x75...266c,https://etherscan.io/tx/0xa80dee30e4c6171214d5f9b87ca2a28a7bfb014b45c850fdcf2db1eb4b62a49f
2023-03-30 04:07:23,True,0.4071,0.0002272,3988.51,0.9062,0xed...df4d,https://etherscan.io/tx/0xf09fef27e99e3ceea009237396478a5a5c27817d669ac6a33e1a9151c3da1e34
2023-03-30 04:07:11,False,0.4043,0.0002256,2345.5,0.5291,0x02...36e7,https://etherscan.io/tx/0x874cc20ab22cc57fac49f8db8ef8ddef1db9aafddbde085d02cb62c6f82de4a5
2023-03-30 04:07:11,False,0.4054,0.0002262,1970.31,0.4457,0xb3...d99e,https://etherscan.io/tx/0x24e3548abd74935f33b8f845a25dfa6e470826cb114fc363a22f72217022ac1a
2023-03-30 04:05:47,False,0.4065,0.0002268,2383.39,0.5407,0x18...8bd4,https://etherscan.io/tx/0xa1ca37d7dbf6bf6d308834d3aa65f8c7e3ca6619ce2b73db4c3dd2a7c1498878
2023-03-30 04:05:47,False,0.4098,0.0002287,10247.7,2.34396,0x18...8bd4,https://etherscan.io/tx/0xa1ca37d7dbf6bf6d308834d3aa65f8c7e3ca6619ce2b73db4c3dd2a7c1498878
2023-03-30 04:03:23,True,0.4019,0.0002243,49467.0,11.1,0x10...4184,https://etherscan.io/tx/0x2f186775865c39d1f4ae45c5f39717221e1ac01978280317218278e5766edb1e
2023-03-30 04:01:35,True,0.3894,0.0002172,1150.83,0.25,0x9b...c0f8,https://etherscan.io/tx/0x52840e7dba01662edfb772a33566b51139e6130ff00916938e821cb9fea5b0cd
2023-03-30 03:55:11,True,0.3878,0.0002163,5125.7,1.10908,0x4f...6fb0,https://etherscan.io/tx/0xd1253304cc132e93e517cb0ac11e507c650898e01cb9b9518fe4037242f98129
2023-03-30 03:51:23,False,0.3845,0.0002147,2425.0,0.5206,0x5a...c799,https://etherscan.io/tx/0xc6c80d30ffca255e8e4016ea40250ba65d26f1645ca3a601123706e63a12c435
2023-03-30 03:47:47,False,0.3851,0.000215,196.356,0.0422,0xc9...ec84,https://etherscan.io/tx/0xacf580e5b856f6518de071c2522c09a6930b3d30cc830fbd6d8f7b893664380f
2023-03-30 03:42:11,True,0.3856,0.0002157,4803.01,1.03618,0x57...68b9,https://etherscan.io/tx/0x3f73dbd21b610f14495e87ffb1ffbf32e868b6ae1c2c35ce6a6653cd1f11ea14
2023-03-30 03:37:47,False,0.3835,0.000214,2026.34,0.4337,0xec...d95c,https://etherscan.io/tx/0x58164a41040868a5104e0b1e316f8631938d45f05bfb4405f6a44daf691558fc
2023-03-30 03:26:11,False,0.3842,0.0002146,2425.0,0.5205,0x69...706a,https://etherscan.io/tx/0xbb729627070d3826b2593567a6d3370607ae2454b64ad56c04435a9e86a3c2cd
2023-03-30 03:24:59,False,0.3855,0.0002153,2702.58,0.582,0xd6...ef96,https://etherscan.io/tx/0xb67a33518237c62c883d6d3535b0d9a0020b6e012d46c6cc04d86ee887e2e7a7
2023-03-30 03:22:47,True,0.3868,0.0002163,5137.1,1.11128,0x05...5212,https://etherscan.io/tx/0xd7dcf46b950ac0d5904c7d50509ac39b2227937cec78a56bbac5805add884001
2023-03-30 03:15:23,True,0.3837,0.0002149,4697.24,1.00986,0x38...8f16,https://etherscan.io/tx/0xb1a29def9c18a370234ac494e008c70f5d5c012d60bffe889057ff0cc58015b7
2023-03-30 03:14:23,True,0.3825,0.0002143,388.111,0.0831,0xcc...be6f,https://etherscan.io/tx/0x69eb7f1208e6e0bbf8d34f73b18ba4efa0825752e80a7022ebf502fa86592122
2023-03-30 03:11:35,True,0.3799,0.000213,9085.33,1.93553,0x73...9f95,https://etherscan.io/tx/0x711993495eb06a725070ca985fdf611472d151062ed630c0920de8e8ab0954fa
2023-03-30 03:07:47,False,0.3765,0.0002106,757.57,0.1595,0x9c...6ab7,https://etherscan.io/tx/0xfe668b418c741fbd2568e4dcc4fd97c0e631b0f37edd54d529d6b3e342bc6fc4
2023-03-30 03:00:47,False,0.3768,0.0002109,1006.86,0.2123,0x89...5edb,https://etherscan.io/tx/0xd2510e40494442d0b70541e76a202673f84df3cbf282d9fcce9251ace6d23de0
2023-03-30 02:57:23,True,0.3764,0.0002109,10191.7,2.15,0x83...9904,https://etherscan.io/tx/0x6d9c74564b4fe7d6a55c7a703274eb0621f8a9d707205c7f4aa8c7d2bcfd906a
2023-03-30 02:56:47,True,0.3737,0.0002095,533.373,0.1117,0x1e...b198,https://etherscan.io/tx/0xd1a28af88d402bbde42c32e3c7a3fa0a0d301e4c53919983b42c3732f05cee72
2023-03-30 02:56:35,True,0.3731,0.0002092,2076.47,0.4344,0xcb...1f4f,https://etherscan.io/tx/0x65aa4f6fe4ccff2b120194c6febd2b86786a9d8919bcf2fd7116328d558dbaa7
2023-03-30 02:55:35,True,0.3723,0.0002089,268.055,0.056,0xad...4246,https://etherscan.io/tx/0x569d381854f4527025c4b209ba094a3f575234159adf7c1c5e15225da8338efd
2023-03-30 02:46:23,True,0.3746,0.0002088,478.892,0.1,0x26...0314,https://etherscan.io/tx/0xe01f7ff3b0bacfa9a393d695c86fc94096610bea64f2eead017cb778776f9414
2023-03-30 02:43:35,False,0.3736,0.000208,4180.95,0.8698,0x7f...8bd1,https://etherscan.io/tx/0xdc7e6a28d5617c32ed7fd91addc39e7a69ecbb81351869d59d2adb8403082157
2023-03-30 02:40:23,True,0.3766,0.0002097,493.009,0.1034,0x5e...4974,https://etherscan.io/tx/0x77e317fd3235480176cfca7e54b02337696e229a4b9c2a868395375e1c80f58d
2023-03-30 02:40:11,False,0.3746,0.0002086,1723.69,0.3596,0x84...c025,https://etherscan.io/tx/0x4bf91e79b3ccd2caf5d875f3a0a58290a45d9085d0458fa3ebd5555d23d51c97
2023-03-30 02:28:35,False,0.3757,0.000209,970.0,0.2027,0x58...6b07,https://etherscan.io/tx/0xdffa532c4ed011ee47e1586dcf8cccb63cff322304aa280901cf4262ce080146
2023-03-30 02:26:11,False,0.3766,0.0002095,2763.63,0.579,0x18...8bd4,https://etherscan.io/tx/0x189780c57dd79ccda48597c38465824bbf8019919748c4996253a281c43b7fba
2023-03-30 02:25:23,True,0.3792,0.0002109,1281.37,0.2703,0x67...8ee8,https://etherscan.io/tx/0x1f28bd7d10bad19e3c53e6f1dd79ac694957687442720907d44441c4ef5e138f
2023-03-30 02:24:59,False,0.3767,0.0002096,741.102,0.1553,0xa6...bb97,https://etherscan.io/tx/0xbe89b224fe0df8ef489acf83d2c187ea0e9dcdf92b68115b42e7d9fe1aedb420
2023-03-30 02:19:59,False,0.3783,0.0002104,5326.56,1.12081,0xa3...f039,https://etherscan.io/tx/0x6d2ca37260a48680768a717569f7a7ec19394230b644897175e7d9f28c4cfe87
2023-03-30 02:18:59,False,0.3794,0.0002112,917.62,0.1938,0x15...a5a6,https://etherscan.io/tx/0x2b7c8eea3ca53b70ab6b47540b342e590dbc7070e3a27ad2b2dd46f0ac4efccb
2023-03-30 02:09:47,True,0.3811,0.0002125,539.322,0.1146,0x0a...5a63,https://etherscan.io/tx/0x823230137c3cc3e00a03b33071fede840ca7b6b28885ab2dcf750395f1d0db46
2023-03-30 02:08:35,False,0.3799,0.0002119,5849.2,1.23996,0x25...d8fe,https://etherscan.io/tx/0x0a525fb7a29327b6e09ebc4fa27d8808fce9c4f9ee38a4b7c7efb1b884d5919d
2023-03-30 01:46:11,False,0.3817,0.0002129,1272.57,0.2709,0x25...e216,https://etherscan.io/tx/0x1081593be5a7ee566992deeccee551daad57928cb27407a19f50eeb6d9fe837a
2023-03-30 01:45:23,True,0.3836,0.000214,2616.42,0.56,0x9e...6742,https://etherscan.io/tx/0x868358344b160d30bde4052a271c6c98073a5cc0d7b9555b77dd768eb8764738
2023-03-30 01:42:35,False,0.3815,0.0002127,2383.27,0.5069,0x65...1793,https://etherscan.io/tx/0xfdb2f238b5123ed2bc538f37ebb30f5db35ab4e7c1ff82266a63640969ff5e74
2023-03-30 01:36:47,True,0.3844,0.0002141,1401.01,0.3,0xa7...0269,https://etherscan.io/tx/0xfe8928843e4b611c2d38cc848a090ad1b6939f355718554c3151c57120dcb45c
2023-03-30 01:30:47,True,0.383,0.0002133,4687.87,1.0,0xf6...cf02,https://etherscan.io/tx/0x8743e602adac148d97fa595ae87beb34f002aae01eecf671860a9bc16ccb9d81
2023-03-30 01:25:11,False,0.3798,0.0002115,1212.5,0.2565,0xd6...b5b9,https://etherscan.io/tx/0x86380fc5fc3ad3d5f57ed8e519be96919a576ad04ff6821277b1340a04f153ac
2023-03-30 01:24:23,False,0.3811,0.0002122,3574.56,0.7585,0x81...2bc3,https://etherscan.io/tx/0x08beb5cde954c651f10e07582a10abb2e1fc25ef9e9bf2259c71d739816630de
2023-03-30 01:19:35,True,0.3839,0.0002137,1676.74,0.3583,0xc8...594f,https://etherscan.io/tx/0xe713ef0cbdb8c942f8a57b0ef3de68478dd48b5669d0342e900249aae78b5c5f
2023-03-30 01:18:35,True,0.3835,0.0002134,417.292,0.089,0x82...f8d8,https://etherscan.io/tx/0xc3fae6b9ebbe35e893daa1c0b485eae01b0c88896ca0daf4a54c5b3c1202f141
2023-03-30 01:18:11,False,0.3811,0.0002121,261.359,0.0554,0x55...ce90,https://etherscan.io/tx/0xc71dac2b473bc0165dd71cd78ea4cc4d2ed8c1d4a69bc7df5b661716d8205b28
2023-03-30 01:13:11,False,0.3816,0.0002125,2573.51,0.5469,0xdb...d71d,https://etherscan.io/tx/0x16d4b1ad48a62a016fcb0d9f6c803b31c557ad12670c86c2a49f90bfa1ced37b
2023-03-30 01:11:59,False,0.3821,0.0002129,776.62,0.1654,0x4e...390e,https://etherscan.io/tx/0x818054c517b41c02129f1398de4c568a898ccafb37794f76aa5054975ce07849
2023-03-30 01:07:23,False,0.3825,0.0002132,1455.0,0.3103,0xa1...f5ed,https://etherscan.io/tx/0x609377d89b5fedeabb95926df6784f560e6cbde6b9b4df21fecc57b9282f6583
2023-03-30 00:59:47,False,0.3823,0.0002135,485.0,0.1035,0xa6...bb97,https://etherscan.io/tx/0xa43991a4547934cc2d7c93382649ad397b1fb4519b163e00453ac62307274a95
2023-03-30 00:58:23,True,0.3846,0.0002148,500.0,0.1074,0x59...2116,https://etherscan.io/tx/0xae1c532d5c6737b64159731356d508cdd7fdb5844984ad687e964dc9be168b98
2023-03-30 00:56:59,True,0.3832,0.0002141,4670.09,1.0,0x8e...6868,https://etherscan.io/tx/0x8d7e104110ff562d68968a0c98e0ce02fd03ffa10b04f6bcc41fe0b10c508b70
2023-03-30 00:54:59,False,0.3806,0.0002126,3288.64,0.6993,0x32...76ff,https://etherscan.io/tx/0xe4b704a5cf4c2fccc0db17435f24c2535f68b136b7cf5d56ae930c425af40b73
2023-03-30 00:54:47,True,0.3835,0.0002142,707.374,0.1515,0xda...cb6a,https://etherscan.io/tx/0xcbaf0002cb215a8f0bc675f483e581d0a0babd71e9b7f254465ab1c55c37b905
2023-03-30 00:54:23,True,0.3833,0.0002141,186.77,0.04,0x24...0f04,https://etherscan.io/tx/0x9e15af66b473577a054ae302979955e313536b53245fe48809b0f7479e711496
2023-03-30 00:52:47,False,0.381,0.0002129,511.761,0.1089,0xb5...64c6,https://etherscan.io/tx/0xb3312649d05554233d4a394405b146a2912baf0c7c5c3d745eb97e6e5bf6d7eb
2023-03-30 00:49:59,False,0.3819,0.0002134,3530.41,0.7536,0xb3...e62c,https://etherscan.io/tx/0xc46937cfe96942f20efad76d95634b7921d03a93822f4798cb73e477a3b16f19
2023-03-30 00:48:47,False,0.3834,0.0002143,2799.61,0.6,0x67...546f,https://etherscan.io/tx/0x7aaf5d7dc57cd00bf7037628e2c613be8d45656cb95f8df2da449b62a986a8fd
2023-03-30 00:46:35,False,0.3847,0.000215,2366.8,0.5088,0xb7...c863,https://etherscan.io/tx/0x5abb70bcc49394bc2ef324c5e792c9e1c419346fa9ae37b7b8a3d90c85077c72
2023-03-30 00:44:35,False,0.386,0.0002156,2360.01,0.5089,0xa3...204d,https://etherscan.io/tx/0xbb7d3d43233ff52a7f9ce7ae574ce924174331d6575a90d46980a4f9b742429a
2023-03-30 00:44:11,False,0.3872,0.0002163,2466.71,0.5335,0x34...ec30,https://etherscan.io/tx/0xa38ece4605e41ea9db5a75eb9ea7e2ee95faf9a548992dd876e789b641ae4baf
2023-03-30 00:42:23,False,0.3902,0.000218,9829.67,2.14284,0x4b...49cd,https://etherscan.io/tx/0x05b1b027a3da0959b228d2670e5760cfd1ec4f4bc867f99cd9e59f8174389639
2023-03-30 00:39:23,False,0.3931,0.0002194,663.04,0.1455,0xd6...ef96,https://etherscan.io/tx/0x2d59d838150a3bf9271cca49519f5c3aa7b6b238d591d1da0faeee8b86acef95
2023-03-30 00:38:23,True,0.3955,0.0002207,480.138,0.106,0xf2...818c,https://etherscan.io/tx/0x40ef1b91e593576cc5b57818db2f749f994b7b238e4dea43f395378c3b355d51
2023-03-30 00:37:35,False,0.3931,0.0002194,485.0,0.1064,0xc2...c2fa,https://etherscan.io/tx/0x1cfc3f62f3ca3cf64ebcf76b262a288fe47aee40156246d8991b7626aed9d765
2023-03-30 00:33:11,True,0.3952,0.0002205,2213.99,0.4883,0x9b...c8b5,https://etherscan.io/tx/0x8393e9754456b54a048a18c6265e2533f4e47884e5174cdb28aa4813a03d3d74
2023-03-30 00:28:11,False,0.3922,0.000219,970.0,0.2124,0xc4...6a82,https://etherscan.io/tx/0xce48f24db4712ff600d0befee74051a86f6b6ccfeae4c0224a02ee8dffd480b3
2023-03-30 00:24:59,True,0.3947,0.0002204,635.141,0.14,0x84...110c,https://etherscan.io/tx/0xf5f7f441252ff07cda1c93fad8a129f2423408549417e1735fc3de593d34a85e
2023-03-30 00:23:59,False,0.3923,0.000219,242.5,0.0531,0x58...71c6,https://etherscan.io/tx/0x2dba2fb932c1558ab79159387957025e96abf8e4c93b673478f7bdfddf624a19
2023-03-30 00:22:59,False,0.3927,0.0002194,2425.0,0.532,0xd6...b5b9,https://etherscan.io/tx/0x37c8604172be163e382a181c6219ff0f363b11b97eec41f564aeaaea1bfba7e1
2023-03-30 00:21:59,True,0.3951,0.0002209,1310.64,0.2895,0x86...7fa5,https://etherscan.io/tx/0x4d3f5b3e5a217ccff3d4bc438861ea49a41f411a60a27ae88462f70f8e68540c
2023-03-30 00:19:59,True,0.3925,0.0002194,9114.18,2.0,0x27...1645,https://etherscan.io/tx/0x6382e934baef60a633bf16391a2ec7285878828b2545e1e21fa515f7856d8e7d
2023-03-30 00:18:59,True,0.3895,0.0002178,2545.57,0.5544,0xfa...bd0e,https://etherscan.io/tx/0x27536d1f2c9f1c235c149ca86545ec73ec2f83f7253692e7f4c3cc8e4f56103f
2023-03-30 00:18:47,False,0.3871,0.0002164,2236.82,0.4842,0xec...d95c,https://etherscan.io/tx/0x43dd65d9218ff2ac661a9c72ebdeac3d290a040b98522b72ab8ace45bef30ac3
2023-03-30 00:03:47,True,0.3897,0.0002179,1000.0,0.2179,0xb9...ec9f,https://etherscan.io/tx/0x5bb58dd5050218233fda9816365b15ed4d6f8a3c4e8e173b2ad4af8b7c607be1
2023-03-30 00:02:47,True,0.3897,0.0002178,1.161,2.528e-05,0x59...2116,https://etherscan.io/tx/0xd9e8bf949c048d3b5681d5a85bb44140fea41d34f41c56956310c7033d1df2cf
2023-03-30 00:02:35,False,0.3897,0.0002177,9331.3,2.03226,0x9c...535a,https://etherscan.io/tx/0x9e78e6f861e5ef20121dd8440e54362cead3ba56f45bf191d99006e76b283748
2023-03-30 00:01:35,True,0.3955,0.0002203,453.858,0.1,0x34...ed8b,https://etherscan.io/tx/0x938a5f6f49796409273f78d466acf1133312a983de783581c7c7ed57709c7bff
2023-03-30 00:01:23,True,0.3953,0.0002201,590.408,0.13,0xb9...ec9f,https://etherscan.io/tx/0x10745572d39a43a98305e01934f34308bbfb066b6b5dcb5319cc9f1b6c1cfec5
2023-03-30 00:00:11,True,0.3945,0.0002197,2274.94,0.5,0x8e...6868,https://etherscan.io/tx/0x4e910524bbc59b981accdad4c359fe501c19393566c780ccdc4b7800e95df09c
2023-03-29 23:58:11,True,0.3942,0.000219,2868.1,0.6283,0x53...f8de,https://etherscan.io/tx/0x1e5125ab038ba6f665bc5f088623b48ae5d80969ea962fea93805ed71167815c
2023-03-29 23:56:23,True,0.3929,0.0002183,2534.16,0.5532,0xc2...9817,https://etherscan.io/tx/0xa48de881f68eee264fee619c3e24d09869fc77dab7ad031d070992ac5027b1b3
2023-03-29 23:54:35,False,0.39,0.0002167,754.66,0.1635,0x98...69c1,https://etherscan.io/tx/0xde984b1814622b092146129dfeb03396042f316be571e95cb0b3d6c5e0a11b1d
2023-03-29 23:54:35,False,0.3904,0.0002169,776.0,0.1683,0xa2...4c7e,https://etherscan.io/tx/0x3e0fd1fac00c63e2aaa049d58ec84a66a8ecb815ae7306d88e7ddcf9f98932e2
2023-03-29 23:52:59,True,0.3926,0.0002182,916.311,0.2,0x98...69c1,https://etherscan.io/tx/0xff00b568ddd3da570038c578d4a1eef48cdf49c495e56724891f5956608af78a
2023-03-29 23:52:47,True,0.3921,0.000218,917.374,0.2,0x98...69c1,https://etherscan.io/tx/0x9db041e02630a1b7ec2ccf74307a78716c3d964d2d8c23591438e43691fecbc0
2023-03-29 23:52:23,True,0.3919,0.0002178,50.0,0.0108,0x1f...2f17,https://etherscan.io/tx/0x53e47a22ad300101657ddd41d755062385a4e4e11f9ecf95205e9176e6fa0ee7
2023-03-29 23:49:47,True,0.3915,0.0002177,1210.75,0.2635,0x07...4379,https://etherscan.io/tx/0x9d069c272cef6c7befde2e77ff5a2c601497b8fc79b4f64be4d3b6eae25ef431
2023-03-29 23:48:47,False,0.3891,0.0002163,970.0,0.2098,0xc2...c2fa,https://etherscan.io/tx/0xd564bce2d3a5fd8f6effb71b0a0605aa2475d25043ae90655823d9e48b06837d
2023-03-29 23:47:59,True,0.3901,0.0002169,5991.25,1.3,0xcd...6758,https://etherscan.io/tx/0x95c98c34bc191e3fd79e3d51a6413a0e61b1b02ef184b7e266a81c84aeb6aec6
2023-03-29 23:47:23,True,0.3891,0.0002161,462.743,0.1,0xcd...6758,https://etherscan.io/tx/0x879218656095b9b3a0d5281dd6b7f0315c427fd3939dd5ea4e28127c02bb5977
2023-03-29 23:46:23,True,0.389,0.000216,277.775,0.06,0x67...77f7,https://etherscan.io/tx/0x89eaade206301856e39ae205e9703b3b89f1ce6ce04ad96cb2fcd92f11169a75
2023-03-29 23:45:47,True,0.3886,0.0002157,1390.34,0.3,0xa7...0269,https://etherscan.io/tx/0x4965ab0f5a9b19638ff6c0445ae5982c4b5a88c0b273caa1f799d52ff0e1331e
2023-03-29 23:45:11,False,0.3866,0.0002146,2910.0,0.6247,0xef...5a95,https://etherscan.io/tx/0xb324c80850df114ab91d44ab98f4b7f2488ea8010eec736b52b88d95e74c2984
2023-03-29 23:44:11,False,0.3881,0.0002154,2619.0,0.5642,0x54...1ff0,https://etherscan.io/tx/0x0672a5d8107fae60daf98c0a5f1374570873ca1fc5655b14752cd6a72a7676f6
2023-03-29 23:35:59,False,0.3905,0.0002164,4482.37,0.9699,0xdd...8e23,https://etherscan.io/tx/0x3765b2b424986295e0e6038a2442241aba3292cf10731c85ef746898cb7ea045
2023-03-29 23:34:47,True,0.3937,0.0002181,1145.94,0.25,0x0f...0bc0,https://etherscan.io/tx/0x8ac1809774ab55b7929b9768889414e460425d21ca73cb141ff493364622f251
2023-03-29 23:32:47,False,0.3914,0.0002169,1455.0,0.3155,0xa4...fd20,https://etherscan.io/tx/0xed39c49474970d9f4721d845f87f5d6fa5721354b2dc687c7023d291a21f9946
2023-03-29 23:27:59,True,0.3937,0.0002182,1457.98,0.3181,0x27...5a79,https://etherscan.io/tx/0x595ec496c5501e320300b314933a9cd6cbaee2107a7275c6c4ec87222fdbd497
2023-03-29 23:26:47,True,0.3931,0.0002178,849.077,0.185,0x07...3bc0,https://etherscan.io/tx/0xa47768134c3b30e56f6c0cbf4cf1e4bc376062cccd5863470ba621b0d40b83e4
2023-03-29 23:25:59,True,0.3927,0.0002176,607.99,0.1323,0x0c...c436,https://etherscan.io/tx/0x51c5d7f15dde9237c114fc2b41c09deecbab968164445082680963a45410b0ce
2023-03-29 23:25:47,False,0.3903,0.0002163,407.503,0.0881,0x6f...c156,https://etherscan.io/tx/0x101dbbae46706133873519d27946cdf3049e731f487f3d249dea8099fd682d39
2023-03-29 23:19:11,True,0.3915,0.0002173,2543.55,0.5528,0xe9...17c9,https://etherscan.io/tx/0x489ed9b5fa805f1ef4486da7f9a00ebb7547e8fee1488215e96b44b426e4c35a
2023-03-29 23:17:35,True,0.3908,0.0002169,318.017,0.069,0x3e...6493,https://etherscan.io/tx/0x9fb5d18661df2c438d9d2875a1fef9201f44178a529506301a8a6048b2044168
2023-03-29 23:14:35,False,0.3886,0.0002157,991.421,0.2139,0x2e...7627,https://etherscan.io/tx/0x2bbc5d8f66c5b990593d70ea0434e301f2a6d398310b24bd60df4fe2da74898f
2023-03-29 23:14:11,False,0.3918,0.0002176,12795.1,2.78488,0x5a...3bd4,https://etherscan.io/tx/0xdc608bf3350839a032bd6eaf86cca3ec87ba9d8cb9a041ad7a5e5aac0ddb1e57
2023-03-29 23:12:59,True,0.397,0.0002206,953.593,0.2103,0xfd...919c,https://etherscan.io/tx/0x162a7d07edd4da6933c4906acf951bcc6b329d98d8902136594f227f1e74daac
2023-03-29 23:12:59,False,0.3976,0.0002209,12859.2,2.8413,0xf4...f8d9,https://etherscan.io/tx/0x0691fcd5bf150993acf1be2ddacc7aa366f3816359033a4cb84d83363909f1b4
2023-03-29 23:12:23,False,0.4019,0.0002233,3978.94,0.8886,0x5b...ba4e,https://etherscan.io/tx/0x6edbd3a2068ec73cbfe0b94568fc594ff09838cad289c87338d2fa7e6ea1496c
2023-03-29 23:04:35,False,0.4038,0.000224,970.0,0.2173,0x58...6b07,https://etherscan.io/tx/0x1db9245c0c657af5a306d123e1773fe59c462a960c0295bb161c464db6f288aa
2023-03-29 23:02:35,False,0.4054,0.0002248,4314.56,0.9699,0x7e...eb59,https://etherscan.io/tx/0x9710637f5deff4fbdca051d80cf813e68486f44cc2dff15247c22d3f63cd3522
2023-03-29 22:59:59,True,0.4084,0.0002264,2207.83,0.5,0xde...ece0,https://etherscan.io/tx/0x4b51456306279996b4659e92c476795309a6fb5eacaa43530551b1ba115c3911
2023-03-29 22:54:47,True,0.4073,0.0002257,2461.27,0.5557,0xa4...3638,https://etherscan.io/tx/0x69225e0d2e7e315b82a762d52aa8681e5a468c0043d4585712b23c730af75ae3
2023-03-29 22:48:59,True,0.4061,0.0002252,1109.79,0.25,0x2c...9b3d,https://etherscan.io/tx/0x48c17df09808a69800c3360d075064862e6a325394135bf1da157da72c4fd2bc
2023-03-29 22:47:11,True,0.4053,0.0002247,2224.33,0.5,0xfa...d1e6,https://etherscan.io/tx/0x311612423023f215976785a977ddd76dbf1e8fef35e35a86141ec68689a4f6b9
2023-03-29 22:45:35,True,0.4041,0.000224,2588.21,0.58,0x2e...ebed,https://etherscan.io/tx/0x7b229ff026119f9f418ca2e9022b1a9caa7dc2d528cea88f21344709c4532314
2023-03-29 22:43:59,False,0.4015,0.0002226,1552.97,0.3457,0x9e...e4f7,https://etherscan.io/tx/0x87089d4fa3675f79ece3d7f2b15fb02e2c35f6717960ee18cd6ef028c3e0fbea
2023-03-29 22:43:59,True,0.4043,0.0002241,212.322,0.0475,0xac...d8bb,https://etherscan.io/tx/0x1ada4fd13b756f7afb42b77d0b02055a3fcf60481cad5501e0839afa9d50b8b5
2023-03-29 22:43:23,True,0.4041,0.000224,446.346,0.1,0x6c...4609,https://etherscan.io/tx/0x91dfec47bb32e81fcc69d8c6419ab7409548b9b476398d3a8f62ffaefaca3f94
2023-03-29 22:39:35,False,0.4031,0.0002231,3550.2,0.7922,0xfe...2ff9,https://etherscan.io/tx/0x035a4f7c408494d568614c5c52df4766daf33a845353e2663e32cd631e87b68b
2023-03-29 22:37:59,True,0.4067,0.0002249,287.473,0.0646,0xf5...62b3,https://etherscan.io/tx/0x36c6614b9a72c2f4a05e03d3522e3a51c0fe38f430d37103785a052325f899f3
2023-03-29 22:36:59,False,0.4065,0.0002248,8944.45,2.01122,0xeb...aa21,https://etherscan.io/tx/0xec70704b7955024a97119f12071be01591aeb99bf403dcf3a6497393a149c9b6
2023-03-29 22:36:35,True,0.4114,0.0002274,280.0,0.0636,0x0f...eb2f,https://etherscan.io/tx/0x038368d1e68ec7fe17596c35b573fb74eefc9fc3ee1a6e04899b50a748117c70
2023-03-29 22:36:35,True,0.4112,0.0002273,293.649,0.0667,0x04...abaf,https://etherscan.io/tx/0x8fba26b9eee32126094f8ac1156a357dc66c25417129ff3ed6dfa3bf47608e72
2023-03-29 22:35:59,True,0.411,0.0002272,681.934,0.1549,0xf4...bcc5,https://etherscan.io/tx/0x4bbb975655a25c04814effd80a8a730a98df53cf9e88611afb61f88332e8675d
2023-03-29 22:34:59,False,0.4086,0.0002258,97.0,0.0219,0xa2...4c7e,https://etherscan.io/tx/0xc8ea18b1077d6d3eb1e709621185213cb457950eeb899e596a1572304ad11cdb
2023-03-29 22:32:35,False,0.4094,0.0002263,3319.85,0.7512,0x5d...0c34,https://etherscan.io/tx/0x84a56011dec787d1935f388cf48786ec78ab9904470a7a51572a22833aff9ad4
2023-03-29 22:29:11,False,0.4116,0.0002277,6706.71,1.52757,0xf0...d4f0,https://etherscan.io/tx/0xae9c790bf49fd2055d4a1230b5317fcdbf18e26078f4475eae7ca025ae0641c1
2023-03-29 22:29:11,False,0.4162,0.0002302,10274.7,2.36618,0x75...cb88,https://etherscan.io/tx/0x69f97c3b97991eb3ade9c2ded1caa4eca335f1ef2598f4043d09f3246384ca3f
2023-03-29 22:27:35,True,0.4213,0.0002332,171.523,0.04,0xbc...d632,https://etherscan.io/tx/0xbc7dcaf1387bddebfb6feebcf6818201538528645d4d61d20615032ef3ae1bd4
2023-03-29 22:27:35,True,0.4211,0.0002331,471.888,0.11,0xc5...bcc1,https://etherscan.io/tx/0x53f6f53bd1ede682d83a79ce4cc71e4ab4e0aa46780d2e5683b95d6fc3347c43
2023-03-29 22:26:35,True,0.4203,0.0002326,2521.74,0.5866,0x8d...4f01,https://etherscan.io/tx/0x1f7954d842907b710754dec00b106c24900c260fca1e489629c6b2272ba70360
2023-03-29 22:26:23,False,0.4189,0.0002318,6547.51,1.51814,0x25...ab52,https://etherscan.io/tx/0xcbf594174cc3cebb2dfd42f94d526520f620b223e13f37db9a4ab4bfbff08ea3
2023-03-29 22:26:11,True,0.4212,0.0002331,7033.21,1.64003,0x6b...2f09,https://etherscan.io/tx/0xfb31fb6b8df51582f63dc6c18d9c8c23c6238d2e502153242cb9237a66ca7252
2023-03-29 22:25:23,False,0.4172,0.0002309,1616.99,0.3734,0x02...36e7,https://etherscan.io/tx/0x2189fecc798c2ca088ed0e1434c230acea581113996bdc7c20df282ccecd8c2d
2023-03-29 22:25:23,True,0.4201,0.0002325,257.993,0.06,0xd5...6236,https://etherscan.io/tx/0xf85c1542083f361ae1192a338d378d369405afb9d105f0a1a406974aa0b83a5f
2023-03-29 22:24:47,True,0.4186,0.0002317,5178.22,1.2,0x4a...a503,https://etherscan.io/tx/0xf657f489e1a7ac6fd898cfa276478b3b169a0e6a010ca46f3fb19acb14220d0e
2023-03-29 22:22:47,True,0.4118,0.000228,19847.3,4.52537,0x18...a8cf,https://etherscan.io/tx/0xc74722177fc59c39bb075c78e73cc550ef41d49f427b26d4c91ef752fac5421b
2023-03-29 22:18:35,True,0.4066,0.000225,200.339,0.045,0x5d...572a,https://etherscan.io/tx/0x2f20b4f140a59d9590382ee2278fc6896a0fcdd5799adfb091afb31cac3400c3
2023-03-29 22:17:23,True,0.4058,0.0002246,2893.68,0.65,0x5d...8b62,https://etherscan.io/tx/0xa8a586a2fcac089591dc12a70ab926e509dfcc1b27d8b2ce908817135b378d34
2023-03-29 22:14:59,False,0.4028,0.0002229,721.269,0.1608,0xae...a889,https://etherscan.io/tx/0xba5902f74aebad560b01617c1d7101a71862f52fca0907c4ec382873ab9b957c
2023-03-29 22:14:35,True,0.4053,0.0002243,267.404,0.06,0x82...4c1c,https://etherscan.io/tx/0xcb058442535561046e9d588fd1fd8d67bdf96b1d8751c76b9e1a7a30b0e7a516
2023-03-29 22:10:35,True,0.4047,0.0002241,1584.0,0.355,0xb2...cb0f,https://etherscan.io/tx/0xd3ed666ba4a4bcb34fbca2e9ae5c6802c9980d4e792657884e20f6181b65f895
2023-03-29 22:08:47,True,0.4042,0.0002238,493.024,0.1103,0xf9...6292,https://etherscan.io/tx/0x26b133059184230987a5ec3fad3bb93fd78e5dfb498b2f9709c160526e68a332
2023-03-29 22:06:35,True,0.4029,0.0002227,6733.05,1.5,0x51...ee5b,https://etherscan.io/tx/0xe8eeaf8f4682661e9cbf40a1758aa07475120b66f45f6123916ad56780c98670
2023-03-29 22:04:35,True,0.4006,0.0002217,450.934,0.1,0xda...22e0,https://etherscan.io/tx/0xdbc40a43ed96f1a62b03f75411696e7c80dd77a09a28ec68c03f7651823ce456
2023-03-29 22:03:35,True,0.4004,0.0002216,676.888,0.15,0xda...22e0,https://etherscan.io/tx/0x155e6330123c1351bcc202e434302a1a68dd023c10a12ab2e44543fe6844d765
2023-03-29 22:02:47,True,0.4,0.0002214,677.473,0.15,0xda...22e0,https://etherscan.io/tx/0x4c9a02c64854a0016924ec788e5d8923e4f202e129d4375fd31227911eb11b12
2023-03-29 22:02:35,False,0.3977,0.00022,219.747,0.0483,0x2d...78d2,https://etherscan.io/tx/0xe9a4e388ce94a2793a44d22c2b2c6fae2e90834014d985c57911571ca8e3bbfa
2023-03-29 22:01:35,True,0.4003,0.0002213,451.848,0.1,0xda...22e0,https://etherscan.io/tx/0x2ce5151b3518e171e971b4688786a637ac1a0745a3684199a67070ba579377c3
2023-03-29 21:58:35,False,0.3982,0.0002199,213.4,0.0469,0xd3...7993,https://etherscan.io/tx/0x1e5d128ebb362cdeccc5a1bcdc95824c670e31650332fb4f29dac638f8ffa4a6
2023-03-29 21:56:35,False,0.3988,0.0002204,3233.01,0.7126,0x02...36e7,https://etherscan.io/tx/0xbf7d1f0c77a2e479e7f0f74c02bc24b7a311ec3b4ea168dd7a34971892b1fa6f
2023-03-29 21:56:23,True,0.4018,0.000222,900.519,0.2,0xda...e89c,https://etherscan.io/tx/0x343fd4403ffc032cef8ae30417989445962bcd0b66041cb30988de2cd98cd41b
2023-03-29 21:54:35,True,0.3907,0.0002159,43527.1,9.4,0xe1...0a77,https://etherscan.io/tx/0x76d0ca8b378b4293931ce6c4657b518c6df12eb49dfe462e680032cc50c8900d
2023-03-29 21:54:11,True,0.3799,0.0002099,1190.64,0.25,0x37...141e,https://etherscan.io/tx/0x73579161794f06046b7c8091354d6d81a9ea55a06f858b5e0602610a174463fd
2023-03-29 21:53:11,True,0.3797,0.0002098,47.662,0.01,0x81...e708,https://etherscan.io/tx/0x0734db194de4ce23e827e550414b6e9085da1bd1f6363842edf17990f2d2cca2
2023-03-29 21:52:11,True,0.3785,0.0002094,2654.46,0.556,0x81...e708,https://etherscan.io/tx/0x0bf73178b49875dc31069ab6e0f2ea78c1fbcfc9f3a7e1867d8c5b4cb9a7cd15
2023-03-29 21:51:59,False,0.3759,0.000208,1445.3,0.3006,0x7d...c48c,https://etherscan.io/tx/0x672ef714891d1a394cef19ef5c7dc1c5900bf251df065366ab3d7612f486e884
2023-03-29 21:50:47,False,0.3768,0.0002085,2425.0,0.5057,0xd6...b5b9,https://etherscan.io/tx/0xa6928b93cfa7bd87a60f4f0ce53a47af9846b2857a345a813b5ee3e5edfa969f
2023-03-29 21:49:59,False,0.3774,0.0002089,291.0,0.0607,0xcb...baa6,https://etherscan.io/tx/0x977965f00483c92398311b6f944feb46019418f0d4365f5b9f4690a88ae32ac0
2023-03-29 21:48:47,False,0.3772,0.0002089,242.5,0.0506,0x58...71c6,https://etherscan.io/tx/0x8a63e5e96b963e81fed59f2128ea4763333ecb70a7c3b0d3c078e89973205c4c
2023-03-29 21:47:47,True,0.3794,0.0002101,597.971,0.1256,0x35...81dd,https://etherscan.io/tx/0x0f505d80fcd3c920fe4cb23d3ee8f4b27d7bbe7583f06510e6e64be8ef85ed2c
2023-03-29 21:47:23,True,0.379,0.0002099,1000.0,0.2099,0x1f...492e,https://etherscan.io/tx/0x537115b4ae20d5d1e21b2d6e30d75a1df3e9068eb603713f4097fd603470e63b
2023-03-29 21:42:47,True,0.378,0.0002095,2004.01,0.42,0xee...7b5c,https://etherscan.io/tx/0x58a5147ddfb4f9a4bbbbbeb84bac2ab55c582ae0a25c4af54531b2521e2287a8
2023-03-29 21:41:23,True,0.3775,0.0002092,695.694,0.1455,0x38...f9b2,https://etherscan.io/tx/0x92e8e40dd8924938a7687f8e4335cc9495e8bf1501a9a2bd69ed2054b1204976
2023-03-29 21:41:11,False,0.3756,0.0002082,2425.0,0.5048,0xd6...b5b9,https://etherscan.io/tx/0x169fd14dca12cf62c0ceb3462a2dccd1b82c4f5255c6e4320401f495dd02d590
2023-03-29 21:38:47,False,0.3769,0.0002089,3267.99,0.6827,0x5d...0c34,https://etherscan.io/tx/0x8c4586135a7b010007e3b64260fcb5d3d7436aa06011338952a1f259156299a9
2023-03-29 21:32:47,True,0.3798,0.0002104,1224.28,0.2576,0x21...6459,https://etherscan.io/tx/0xc90dfa2f52950b37d469a197447cda8f6c4b578cc4907ce3db9ef58282c84aa8
2023-03-29 21:28:23,True,0.3795,0.0002102,39.1091,0.0082,0xa5...d7b0,https://etherscan.io/tx/0x2240f9ba15885528b172404ca86a45288c199412927bc5814f679c09cc28293c
2023-03-29 21:27:47,True,0.379,0.0002099,2238.15,0.47,0x85...e19a,https://etherscan.io/tx/0xd4aebf0a5403c53644e2bd2568307eca13134c6e94c139001b77b802cdb2b3bb
2023-03-29 21:26:35,False,0.3764,0.0002085,485.0,0.1011,0xa6...bb97,https://etherscan.io/tx/0xda3240c570ca26dc7edbfe7ed38e5f2c32557dd2b680c122b0f6624a1ddc9f2b
2023-03-29 21:25:35,True,0.3787,0.0002098,166.819,0.035,0xa6...bb97,https://etherscan.io/tx/0x6e91d9c3ee4bdf467900f3092532e68c6c41667aaea7ee7f7bc6397be63f8d21
2023-03-29 21:24:59,False,0.3763,0.0002085,242.5,0.0505,0xa6...bb97,https://etherscan.io/tx/0x60c0210e3c689ce9353f7ad48edfe72ad3509daa60ffb8aa72fd5f680af7292f
2023-03-29 21:23:11,True,0.3784,0.0002097,500.0,0.1048,0xe5...a6a3,https://etherscan.io/tx/0x20aba621f70eb936477c3c499b059b6ce7201bf0feca74f1f6f24db0754a8541
2023-03-29 21:22:47,True,0.3782,0.0002096,300.463,0.063,0x92...64bf,https://etherscan.io/tx/0xc20498d44eb1be8eb81b4f93293b1fa01f0550ef6e144cbadb1af91fd4052d99
2023-03-29 21:20:23,False,0.3768,0.0002088,3880.0,0.8104,0xd6...b5b9,https://etherscan.io/tx/0x05cfdd863f07056429b44217b7483800667f1b8631e58b0356dcecf228f3ec6d
2023-03-29 21:18:47,False,0.3778,0.0002094,457.482,0.0958,0xa6...bb97,https://etherscan.io/tx/0x0bb34ac16a0101d83b5a5fc97d24852124089f7b1ecb0ea8794491cb5b225023
2023-03-29 21:17:59,False,0.3802,0.0002108,9848.52,2.07604,0x17...18f5,https://etherscan.io/tx/0x8cfdfffd0b158ef32b6a9ed86ca3463d2849bc647b10c9d8943ec27167159e4a
2023-03-29 21:12:23,True,0.3842,0.000213,2163.29,0.4609,0xbf...9888,https://etherscan.io/tx/0x976cc6e6d247f3c97ca687c341c67410bb2019510798f5d16958412de6c7eda3
2023-03-29 21:11:47,True,0.3837,0.0002127,140.995,0.03,0x28...8db7,https://etherscan.io/tx/0x00867b69c6fb5dd57eb6bce703b1e222c84aab77e475a06efd355235eb02af0e
2023-03-29 21:11:11,False,0.3816,0.0002116,1455.19,0.308,0x81...7cda,https://etherscan.io/tx/0xb871c6ae5625f711d97b0e4dd9a3d4f4648549f848223b7ea1d092ceb26715a4
2023-03-29 21:09:47,False,0.3842,0.0002131,9649.5,2.05678,0x88...8b02,https://etherscan.io/tx/0x83a1cddd9a4f5b0f895a67da702b30e398ca6cdda26eb909ee66191549e35f43
2023-03-29 21:09:11,True,0.3887,0.0002156,695.618,0.15,0x2b...abf2,https://etherscan.io/tx/0x79128ae4f4fa3769958470f47f3f863f8d83303db9c3aa06578fa5265e9284d7
2023-03-29 21:07:11,False,0.3869,0.0002145,2289.2,0.4911,0xed...5a6c,https://etherscan.io/tx/0x831e4c54d034f8aed91677ec1da35537e05a4371382f7accdcb90a5d7e46d124
2023-03-29 21:04:23,False,0.3879,0.0002151,1710.11,0.3678,0xe9...c743,https://etherscan.io/tx/0x4c951a1904ced3025de34eb43ca02798a679320587c16f23bdc01212a1cd15e9
2023-03-29 21:03:59,True,0.3901,0.0002163,2190.11,0.4737,0x4d...483d,https://etherscan.io/tx/0x67c22b51d5228fbc474fcb57a9eef1c0b484c69a6c05c4b41b0b53f9fb3a904c
2023-03-29 20:55:59,True,0.3888,0.0002155,3572.36,0.77,0xef...5a95,https://etherscan.io/tx/0xfeaf941ad89897f1065706e3b7cfe2ad4a3fe9d6eb789fbc6a48e66033e1205d
2023-03-29 20:55:11,False,0.3862,0.000214,2195.33,0.4699,0xf2...6ebb,https://etherscan.io/tx/0x1519fe4b0e9507aa1d4a06c8615d1b887872c165566135642c342b84b2ac939a
2023-03-29 20:52:35,True,0.3889,0.0002156,127.362,0.0274,0xbf...f143,https://etherscan.io/tx/0xe3a0ad27db6bfddf4df05920dcbf43b89bd64c8cdd5ef40bcae42cbc086e4db8
2023-03-29 20:51:35,True,0.386,0.000214,12000.0,2.56801,0xd6...d6a0,https://etherscan.io/tx/0xff719876919ec86f98f2ecfacd18266672b3bc15eb2e41f81674578de28bf04b
2023-03-29 20:50:11,True,0.3821,0.0002119,3651.14,0.7737,0xf2...148d,https://etherscan.io/tx/0xfdcb1979c2faa761dee4db5ba412dd9606a5e0461e7165d7381bf6901e74b414
2023-03-29 20:49:11,True,0.381,0.0002114,236.515,0.05,0xf7...fc5d,https://etherscan.io/tx/0x7579ceaf7337e78fca30f36ab54edf4b00538073fffa7ba1f9e6d761a440a730
2023-03-29 20:48:59,True,0.3809,0.0002113,355.222,0.075,0x79...4617,https://etherscan.io/tx/0x4af9ff47c96f17fb81cf24969581c980d9b12499011b18509dde09fba56b3ed9
2023-03-29 20:48:47,True,0.3803,0.0002109,2370.05,0.5,0x85...43eb,https://etherscan.io/tx/0x31bb613152e415e5aa82849a27ace0882ce10c3c75f3ac08ce425dba34f6d898
2023-03-29 20:44:47,True,0.379,0.0002102,2844.74,0.5982,0x3a...71e4,https://etherscan.io/tx/0x6189824014a9b18d7111e8e677b4930a2b449c73540880cc8f42fa90e9ca310a
2023-03-29 20:44:23,False,0.3768,0.000209,2888.55,0.6037,0xb4...6ac8,https://etherscan.io/tx/0xc92e311c0c72c4151d1b6ab8d0765de0d44258bf18ac1607d3b7d575c08fcb57
2023-03-29 20:43:47,False,0.378,0.0002097,2425.0,0.5085,0xad...4ef4,https://etherscan.io/tx/0xd917d1e5cf7f23adf37124851486400304d63e3d82a5cf77cabdde74c84b5f0f
2023-03-29 20:42:59,True,0.3804,0.0002111,1302.52,0.275,0x78...eb3f,https://etherscan.io/tx/0x70891851a0ba25f74a1f56e4c750ae1285aa638644f5a79795d7ee4ee64f564a
2023-03-29 20:40:59,True,0.38,0.0002107,1328.38,0.28,0x40...4cee,https://etherscan.io/tx/0xd31721ccf6c30e31f68e6b7e71f923630a8123f75afd3eab51f447d335846e0f
2023-03-29 20:39:23,True,0.3792,0.0002103,1903.31,0.4003,0xfe...cfd7,https://etherscan.io/tx/0x13cf948f02ae0329aafbe231bece823d3c1a14932fe8100dd4ec27ede3b66fa5
2023-03-29 20:36:59,True,0.3786,0.00021,714.224,0.15,0x96...1ffa,https://etherscan.io/tx/0xfe737984b87b38235dbe5dd820ec4f9d2a2ac214cc959fbacb21bba9c17436d3
2023-03-29 20:36:11,False,0.3767,0.0002089,2231.0,0.4661,0xef...5a95,https://etherscan.io/tx/0x4924188797439a0c2f0fbfd5550e6190898ffc8099bf5d8f1103b473d5045a81
2023-03-29 20:33:35,False,0.3771,0.0002093,679.0,0.1421,0x5e...6928,https://etherscan.io/tx/0x444cb531ed6e046a09a45bd8e74e7dc1af101cb21282762dd6dd62f0c0b31a73
2023-03-29 20:32:59,True,0.3794,0.0002106,343.945,0.0724,0x71...e65d,https://etherscan.io/tx/0xab26c5529c4c098583251fc2383a6774ee5a62017a29f6a8e24f3ec2631f65ae
2023-03-29 20:31:59,True,0.3784,0.0002102,2330.14,0.49,0x1e...e3b0,https://etherscan.io/tx/0x90aaa0b341b8d1219402d0bdd8b45e3eeb1a4b14295ed64dff5cd7988a455af5
2023-03-29 20:31:47,True,0.3776,0.0002098,785.897,0.1649,0xc4...aa70,https://etherscan.io/tx/0x4b0bdc3c749818b9ab65adf3f74b9241ca78b3eb46f51ae0586fa0ad28f6eac5
2023-03-29 20:31:11,True,0.3768,0.0002094,2386.99,0.5,0x5a...c799,https://etherscan.io/tx/0xd69133b80a78fe84550a72895cf0c9de298841719fbd3049a4b78c0161345b9b
2023-03-29 20:31:11,True,0.3762,0.000209,556.208,0.1163,0xce...6994,https://etherscan.io/tx/0x63c180ecd8b5678764e2520b85643049c1449260881da71f6b75592b05892229
2023-03-29 20:30:59,True,0.376,0.0002089,232.696,0.0486,0x4f...ae9b,https://etherscan.io/tx/0x4397dff64237825c78e380b5208c99e0624e709bf562a25dbc4dc557d44e5d9e
2023-03-29 20:30:35,True,0.3722,0.0002068,16087.0,3.32825,0x5a...9f25,https://etherscan.io/tx/0x5ddabe97dd832dff3bdb2b77a79ccc6975af7862e6d54de8fd9e2dd2097db439
2023-03-29 20:25:47,True,0.3675,0.0002042,4896.26,1.0,0xfb...e2d1,https://etherscan.io/tx/0x0b8194b6629d2acb05c8f3a66e0420c1c7d125c3b6256241121af5fef772cdac
2023-03-29 20:19:35,False,0.3641,0.0002026,1670.43,0.3384,0xdb...a9ef,https://etherscan.io/tx/0x905604daafff943f10a32928e5fcc2cf5c8032cb40e900886421fe90bada0d61
2023-03-29 20:12:11,True,0.3662,0.0002037,2454.16,0.5,0x1c...a0c8,https://etherscan.io/tx/0xbaff61c67cb7d64b005e996a3d252fb7cc36837a7148f74ec1c238ad52e0b793
2023-03-29 20:07:23,False,0.364,0.0002024,2060.28,0.4171,0x59...a9c7,https://etherscan.io/tx/0x7e9c820e6c28cf668bf4a3ecb8a7c27df2e7737867914cd0ee8bfe2097e902ea
2023-03-29 20:04:11,True,0.3665,0.0002038,588.613,0.12,0xec...3437,https://etherscan.io/tx/0x5077d5fbd5928da05687dc2bebc8796b02cd987665c2e15aaacd772a0d979976
2023-03-29 19:58:59,False,0.3651,0.0002031,4686.9,0.9521,0x6c...ac7f,https://etherscan.io/tx/0xcf2ba5f239e7dec730aaac501fe46fac0a3f87a3966fdb122ddfd1caa010bf5f
2023-03-29 19:56:35,True,0.368,0.0002047,1562.73,0.32,0x2e...ebed,https://etherscan.io/tx/0x1a2bcdf701df7fe132bca76445cd2a701ca2ebf953c7e6d7bfe19246562690b2
2023-03-29 19:56:11,False,0.3662,0.0002037,3373.86,0.6874,0xb3...d99e,https://etherscan.io/tx/0x16d23063b11269f30e3d87c2f9619f812fa65341d8a590b284c0ea24da12b9aa
2023-03-29 19:55:23,True,0.3691,0.0002053,584.38,0.12,0xcb...89ee,https://etherscan.io/tx/0x66a9f2650b6bcf889fc633f0c20303427cbfb85137218988982b90e718b6d9cf
2023-03-29 19:53:35,True,0.3688,0.0002052,220.0,0.0451,0x38...74ab,https://etherscan.io/tx/0xce27d256675250b734ea2a04fabdfaa6ef4e64b8ba388b41fe6a325258d61fb8
2023-03-29 19:47:35,False,0.3714,0.0002067,21709.6,4.4882,0x96...317e,https://etherscan.io/tx/0x9f06727598805095290a66afa7b64634e891975e4dee6478361ae4d0fa4df6b6
2023-03-29 19:47:11,True,0.3786,0.0002107,28.466,0.006,0x42...51a7,https://etherscan.io/tx/0x5b32ca8a61ba2197c95c8fd3ed78cef63c80e15ad355f6b07b8223ae30407f22
2023-03-29 19:46:47,False,0.3788,0.0002108,10282.0,2.16804,0x15...b004,https://etherscan.io/tx/0x62eca5700e2dd967bbb1e7bd8e68249b0744f9351b8905d825b3f62a0fc2c1ca
2023-03-29 19:41:59,False,0.3822,0.0002125,2439.56,0.5184,0x8f...3952,https://etherscan.io/tx/0xcd748957726bb1b2a68bcf180ff5978454d1e853a54c6284d44885e6db963e76
2023-03-29 19:38:35,True,0.3844,0.0002138,2104.2,0.45,0x78...eb3f,https://etherscan.io/tx/0x2b49b7b7ed9ca79d25fd91fb9b0dc974859b640da09fb78c7ff1817d867806b6
2023-03-29 19:36:23,False,0.3822,0.0002125,2190.25,0.4656,0xb1...f036,https://etherscan.io/tx/0xfb2342bda37f42f8cc292116aed11c887af52f12061a01533d2335c01ca6ec18
2023-03-29 19:32:11,False,0.3843,0.0002133,3395.0,0.7242,0xd6...b5b9,https://etherscan.io/tx/0x9b3ef9aae5bc6b2c613edd0feb5704d9e780e555430a5c0624572b42ece109b2
2023-03-29 19:28:59,False,0.3864,0.0002143,3914.27,0.8388,0xcd...d9e1,https://etherscan.io/tx/0x56d65fc9aacfcce897be82646a1741ac8a637b286104443952a8eba745e4bab3
2023-03-29 19:26:47,False,0.3873,0.000215,1358.0,0.292,0xee...bb85,https://etherscan.io/tx/0x97304801e7cf1bfc4487c3e4e58c42783695687d68d6e392ae558bf157728ff6
2023-03-29 19:24:59,True,0.3886,0.0002157,5757.53,1.242,0xc2...8350,https://etherscan.io/tx/0x8a626a14958a2a79f821f912d005a4928d5a45f79e31e22065bc5bad70686fbc
2023-03-29 19:23:35,True,0.3869,0.0002147,1094.09,0.235,0x0e...fb4d,https://etherscan.io/tx/0x089f245b9e42f31b5f1227caf69897a3e7559421ce9ad4abb7e06f75b4841efa
2023-03-29 19:16:11,False,0.3847,0.0002136,2279.5,0.487,0x95...03e8,https://etherscan.io/tx/0x49fe8dc333551237fa0c2c227a9aaf46e5ad1aa14c6e021dbd7fffdaa5bec208
2023-03-29 19:14:59,True,0.3873,0.0002152,355.0,0.0764,0x1c...1b05,https://etherscan.io/tx/0xbb9d2e797e5778150a648f71fedcc45aa449a977d0097c37cbb5c5ca0240641d
2023-03-29 19:14:35,False,0.385,0.0002139,259.999,0.0556,0xfe...d4f5,https://etherscan.io/tx/0xcb80b949dba841ea59be178d637aa21ac07e28eb987ced310c13f57f811b4291
2023-03-29 19:08:47,True,0.3869,0.000215,1337.13,0.2875,0x3e...f0a0,https://etherscan.io/tx/0x280185e33f5e51515b563949525304b4c0c9e8f3b109023848b26f0877f83bfb
2023-03-29 19:08:23,True,0.3857,0.0002145,2581.98,0.5538,0x7c...325a,https://etherscan.io/tx/0xb01bfcd6e0e5094762b5621d8249972edaecc55ef4e5a5576597f6871732cd76
2023-03-29 19:06:35,False,0.3827,0.0002129,582.0,0.1239,0xa2...4c7e,https://etherscan.io/tx/0x68caaca3b803a3837fbd794015b0df7f258781b63c2aefd0f89c2ee02d8d5b94
2023-03-29 19:05:11,False,0.3865,0.0002151,15265.8,3.28372,0x10...08a8,https://etherscan.io/tx/0xe2809895af364ad03f4b8539e5a1e1225ba1788a69daa0293bed3b36f2d09054
2023-03-29 18:59:47,True,0.3914,0.0002182,1775.35,0.3874,0xdb...a9ef,https://etherscan.io/tx/0xfb545b67c399a786d4c418efe22f8de3490470752a5ce96b4fcfbc1b718b934d
2023-03-29 18:56:11,True,0.3922,0.0002178,755.657,0.1646,0x6c...d00e,https://etherscan.io/tx/0xee9c4f18dfcab337bc7f615872a88573eb886bfa65c77830b1f08dd9c85243eb
2023-03-29 18:55:47,False,0.3898,0.0002165,618.598,0.1339,0x68...c31f,https://etherscan.io/tx/0x1fa5b1055baf34e2ed21f87fa317d7e9fa4a9c53f6ca5c0da587a7a4f9f7d1c2
2023-03-29 18:55:11,True,0.392,0.0002178,1147.86,0.25,0x09...2b1f,https://etherscan.io/tx/0x3fd031aea25903a86b1389c8d422be5490f9657682d12c819dfdee37d2d1b80c
2023-03-29 18:52:11,True,0.3906,0.0002171,3609.25,0.7837,0x06...6656,https://etherscan.io/tx/0x78abb37ec244917591c5162d45390f253cb7b0b0f149578515f4287b12e9fed8
2023-03-29 18:50:47,True,0.3892,0.0002165,923.695,0.2,0x09...2b1f,https://etherscan.io/tx/0xce10ee53bc6bd4b87ec45111ac4a683e3914b8e043d62bed178d81bda327d1a5
2023-03-29 18:45:59,True,0.3892,0.0002163,40.0,0.0086,0x13...11b2,https://etherscan.io/tx/0xc94d26cb506d437e837aabe78ea09944aec6f588f31ff0675ae4ca8500cc4478
2023-03-29 18:45:35,False,0.3874,0.0002153,2083.59,0.4487,0xf2...6ebb,https://etherscan.io/tx/0xb37eb52dbdb9df7f60c24eee9db15356ddd314fbf56218a60fd3e0a7dbb8ec5b
2023-03-29 18:45:11,True,0.3899,0.0002167,1384.0,0.3,0x09...2b1f,https://etherscan.io/tx/0xf362557249e35dd288f84083a5fc33c0d99e1c17e9d07a24f316eedc70543709
2023-03-29 18:43:59,True,0.3893,0.0002164,1000.0,0.2164,0x13...11b2,https://etherscan.io/tx/0xe93b0d94767cb591377396bced0da85228c703bc1c1cd1142fe0ef7b048a323f
2023-03-29 18:43:47,True,0.3887,0.0002161,1388.17,0.3,0xe1...b3f7,https://etherscan.io/tx/0xaa4777bfd1c3197c2a5b476dd083803f0655ab11be0b26c16475c1741699b81e
2023-03-29 18:39:35,True,0.3889,0.0002157,1390.6,0.3,0xa7...0269,https://etherscan.io/tx/0xf097e463055095bafc65c2afff58fff5ef0a21d202d7313f156f9dc7423ba0c3
2023-03-29 18:35:11,True,0.3886,0.0002155,139.194,0.03,0xf8...082b,https://etherscan.io/tx/0x5995205b0fccc42334c89cd78d6222f4e131b5de8c1807856c5624a913feba76
2023-03-29 18:26:47,False,0.3859,0.0002143,1129.81,0.2422,0xc8...7e0d,https://etherscan.io/tx/0x611b12b5c60902fad288640199561b86f02b3001733435e3bac591054fac7d14
2023-03-29 18:26:47,False,0.3887,0.0002158,10039.4,2.16733,0xc8...7e0d,https://etherscan.io/tx/0x611b12b5c60902fad288640199561b86f02b3001733435e3bac591054fac7d14
2023-03-29 18:26:11,True,0.3933,0.0002184,503.456,0.11,0xce...7357,https://etherscan.io/tx/0x07986b74f34da8854600206400fbfce076328913a1d117038d8c2a3545f4986a
2023-03-29 18:24:23,False,0.3911,0.0002172,1212.5,0.2634,0x1c...3651,https://etherscan.io/tx/0x119354ea4b56a1ad5c676279150c0e43eda46794bd4d87dd23b47ae8710c546c
2023-03-29 18:19:59,True,0.3935,0.0002185,1452.71,0.3174,0x13...a603,https://etherscan.io/tx/0x11e2d26fbdac2beed8a026523cd3fa210a880ec9d7a5425ca1b2fddf262401f1
2023-03-29 18:19:47,True,0.393,0.0002183,343.141,0.0749,0x7d...9e8a,https://etherscan.io/tx/0x5c7aa51ff46060b85189be597b9ca3f43bbac6bdeb8761057659f17cbfc1f92c
2023-03-29 18:18:59,False,0.394,0.0002188,13391.4,2.93008,0xd2...c815,https://etherscan.io/tx/0x8a60e41b0aaf6ad143d71c9b17c201d1323e35bed09026425327d336c3930301
2023-03-29 18:17:23,True,0.3998,0.0002217,1434.43,0.3181,0x30...079c,https://etherscan.io/tx/0x741aa3e1b5a135d08b9319da96a5a3259f502fb1395611acf52481a07d057322
2023-03-29 18:15:59,False,0.404,0.0002241,26996.6,6.05037,0x18...a8cf,https://etherscan.io/tx/0xfd02655230f9700098f98801b6032e8f7c47f0f701a4b234be69f04f00a18e50
2023-03-29 18:15:11,False,0.4119,0.0002285,3248.75,0.7423,0xc0...f8d5,https://etherscan.io/tx/0xbc964c0c7345a6825b135f9069d4b872f707b30ba38cd4390be5702e1b615c32
2023-03-29 18:14:47,True,0.4046,0.0002245,40088.3,9.0,0xb6...18eb,https://etherscan.io/tx/0x6e2f05db211e61e28d4ea615c7e1277c2d8ea221e25006926310eae2a095d359
2023-03-29 18:14:35,False,0.3922,0.0002176,887.763,0.1931,0x44...da25,https://etherscan.io/tx/0x8846ae168fb345893b9758232f394d10f9e2e388dc0f5af4cd8d78a099eb53c5
2023-03-29 18:12:11,False,0.3931,0.0002182,3345.09,0.7299,0xf2...6ebb,https://etherscan.io/tx/0x51642fc3efa0f52605f248da9ae87b546e994cab25bbd5344d6e2371afe8c72f
2023-03-29 18:10:11,True,0.3948,0.000219,6848.45,1.5,0x2e...ebed,https://etherscan.io/tx/0xe16c6f6c27b270c8649220c3aaf8516d27504347f2931fda0e76110ee7e2dbe9
2023-03-29 18:09:11,False,0.3911,0.0002169,1164.0,0.2525,0x5c...1941,https://etherscan.io/tx/0xa1bbc846440a4792ca63ae1172ee54d2e339e400593f16f952acb26b757e58c5
2023-03-29 18:04:23,True,0.3943,0.0002182,1263.77,0.2757,0x34...bada,https://etherscan.io/tx/0x46d8302022acafe72db95236bf4f4602dca380c24bf84ff804be59d488645498
2023-03-29 18:04:23,True,0.3938,0.0002179,601.006,0.131,0xc4...8efa,https://etherscan.io/tx/0x8317481a416af6bef3deacc8a75fe658609ffb1ffb79bd3c78b6585f53d78531
2023-03-29 18:03:59,False,0.3913,0.0002166,291.0,0.063,0x63...c596,https://etherscan.io/tx/0x69f2f7ab91d06165233294c241b30b41af006d9608fb874d07d4caaef53f8f23
2023-03-29 18:03:47,True,0.3934,0.0002177,1354.59,0.295,0x30...079c,https://etherscan.io/tx/0x70b0536b218f5a8bbf8d5a83ac0d61f42d4162858678b343f0b0ea97bfda704c
2023-03-29 18:03:35,True,0.3924,0.0002171,2992.9,0.65,0x85...818d,https://etherscan.io/tx/0x7a4e0dcefb6339f1aeedb49c568d4e9191114faa87569a0bad56f445b0b66ede
2023-03-29 18:01:35,True,0.3918,0.0002167,184.548,0.04,0x25...702c,https://etherscan.io/tx/0x9e37807afca69474108cf293ac2adce4ad2b567c80e06620f54bc9adc8f4b2ef
2023-03-29 18:01:23,True,0.3916,0.0002166,461.559,0.1,0x30...079c,https://etherscan.io/tx/0x5f5914b93fbcf080d2ee04f22474ae302be5dc019a412289bd9d07b027a2f1c6
2023-03-29 17:59:59,True,0.3914,0.0002165,461.828,0.1,0x15...950c,https://etherscan.io/tx/0xd202f1c9816e0302fa03987ec965c89ed460d4fa482d19527ff05ad6991f0bfa
2023-03-29 17:59:35,True,0.3905,0.000216,2994.55,0.647,0xc2...8350,https://etherscan.io/tx/0xe3a0143db289505664ef154a6bf58aa70f23df8a46fe526751ad950a4d3772b4
2023-03-29 17:59:35,False,0.3877,0.0002144,970.0,0.208,0x47...976e,https://etherscan.io/tx/0x70779add5e1a33d2f8c903e79f40288d993563d9c3f4a8e11d1ad93a2cd4ac17
2023-03-29 17:53:35,True,0.3887,0.0002152,5128.18,1.10368,0xbe...b1df,https://etherscan.io/tx/0xb0b6bcad8da97654ff423b2e72bf7598b4cae63a719ff8fefebd0090ab79c197
2023-03-29 17:49:47,True,0.3874,0.0002142,1866.75,0.4,0x07...5dbf,https://etherscan.io/tx/0x31232c18d09a8434e4e707efffa01ee2a088e205204c12a3a35cbdb5d5be05e6
2023-03-29 17:48:23,False,0.3905,0.000216,24085.0,5.20239,0xcc...a13f,https://etherscan.io/tx/0x58635934817e34e4313069a931cd3d1396c7492f1adf76e4af2179e7803c4751
2023-03-29 17:48:23,False,0.397,0.0002195,1940.0,0.4259,0x83...010f,https://etherscan.io/tx/0xcc7b087df896331b1952520fbe1228127b34e9569e9b2220a5697292e0cc7b9a
2023-03-29 17:48:11,False,0.3983,0.0002203,3289.44,0.7246,0xf6...f1d0,https://etherscan.io/tx/0xbd730bee0a9b88433bc9d71f49068959ce2413b5c689def180effcdadfc1426d
2023-03-29 17:48:11,False,0.4011,0.0002218,7571.19,1.67954,0xc5...fd4a,https://etherscan.io/tx/0xb4c66ba1c9ead1d1231d0e712dced950033d670003c1ee0227646acc6746f658
2023-03-29 17:46:35,False,0.4032,0.000223,727.5,0.1622,0x23...3244,https://etherscan.io/tx/0xad4f546f702b6b8e3165a9fd1d03de42e86c920ab5a942423bd0b16f56b656d1
2023-03-29 17:45:47,False,0.404,0.0002235,2910.0,0.6504,0x02...36e7,https://etherscan.io/tx/0x1471cc260ab3f59dee587826d41e459ca7c57ed87ad89d2d267a0cc285d80963
2023-03-29 17:44:47,False,0.4068,0.000225,7802.92,1.75625,0xf6...f1d0,https://etherscan.io/tx/0xa85d17743df785f0e6484ab969d410dc7046369d0f3a1f0742aea24443f27716
2023-03-29 17:44:47,True,0.4041,0.0002235,27506.1,6.15,0xd6...d6a0,https://etherscan.io/tx/0xa5e2abef78b1d6a4385f1a3baa7c42ceacb8855dbc99431bf080a8e661fe9fa9
2023-03-29 17:42:35,False,0.3955,0.0002188,3393.87,0.7427,0xf6...f1d0,https://etherscan.io/tx/0xce2245129845879c6a8a451855e102a0d84dd45319da79499d3b9905ea671c62
2023-03-29 17:41:47,True,0.3924,0.0002171,25429.4,5.52102,0x67...c408,https://etherscan.io/tx/0xaf233489071c39df5fe4dbafbc471ed173ed3ff67820705472c26c108687bb11
2023-03-29 17:40:47,False,0.3847,0.0002128,3399.21,0.7234,0x02...36e7,https://etherscan.io/tx/0x58a0a20ed0aef5564de046e763b2b7a095eb1cc431216f795b770692081f4872
2023-03-29 17:39:47,False,0.3856,0.0002132,75.66,0.0161,0xbe...3a05,https://etherscan.io/tx/0x4e9e490e6b1c95662285e5e39fbd03820e0d66f9310e61ae87fa4c4f41ade103
2023-03-29 17:37:47,True,0.3864,0.0002138,5167.81,1.10536,0x06...f551,https://etherscan.io/tx/0x9bed95016169952b17fc87ac090dd695834dffb3484f031ab41c37111284b905
2023-03-29 17:37:11,True,0.3845,0.0002128,2597.57,0.5529,0x3c...4c03,https://etherscan.io/tx/0xb840ef9db7dc7829d6e4b3fba85b2cd998510b1f1b423fca259ae9f8bfe3f80d
2023-03-29 17:36:47,True,0.3833,0.0002121,2608.7,0.5534,0x3c...4c03,https://etherscan.io/tx/0x8c4c05104eb088c9511793c79eca36285297e9b9f9aa8ea486e67fa5767ba484
2023-03-29 17:36:35,True,0.3821,0.0002114,2617.64,0.5535,0x3c...4c03,https://etherscan.io/tx/0x5941e3bd7bf67d25ecad68564e5cc451069d6699fc83821228b07552d7947690
2023-03-29 17:35:59,True,0.3808,0.0002107,2625.28,0.5533,0x3c...4c03,https://etherscan.io/tx/0xe783deab01c3b6c482947f8ddbf8dd05fb755c8b9b8b2b61aadefa4f53f7ffb5
2023-03-29 17:35:23,False,0.3784,0.0002094,1906.44,0.3992,0x2b...f63c,https://etherscan.io/tx/0x1068678672ad60614b3758544913b3378062bc3276df12f71dd5fea48e60de09
2023-03-29 17:32:59,True,0.3803,0.0002109,237.07,0.05,0xe9...d956,https://etherscan.io/tx/0x5605314633e9f779c0536dded2888c19d22f6c297b22d31f9425e031294e7dbd
2023-03-29 17:32:11,True,0.3801,0.0002107,1314.63,0.277,0x90...7659,https://etherscan.io/tx/0xa50e72f50ed0d029b6541cad0fa750fa2bceb0839425e0998b9fb40d27418449
2023-03-29 17:31:23,True,0.3795,0.0002104,1000.0,0.2104,0xb5...c2b8,https://etherscan.io/tx/0xe47d0664a6ad7a75b6e969347999ca754505de608451ba5e4aaa8c6d2b158d77
2023-03-29 17:30:59,False,0.3772,0.0002091,959.052,0.2005,0xcf...34a9,https://etherscan.io/tx/0xf9bd22101d1eceefabc9bb72dfa29a8096d5e45deba8c3eab464b6c01f641872
2023-03-29 17:30:11,False,0.3794,0.0002104,8927.51,1.87858,0xf6...f1d0,https://etherscan.io/tx/0x3abeafc9c4a95b42133480c417a305fc455fe50021b2f3a992897f5fb3be7ed1
2023-03-29 17:30:11,True,0.3766,0.0002088,30544.7,6.38,0xd6...d6a0,https://etherscan.io/tx/0x0398a1cbea08118aac150979a17a8c552069fb2e8c5e4301eb2dc239b376366e
2023-03-29 17:29:47,False,0.3677,0.0002039,1557.74,0.3176,0x63...c596,https://etherscan.io/tx/0x480a06d77e3893b9f4cafe60511b5d32f5dad53620c1418c3a02ace171d5a3fe
2023-03-29 17:28:59,True,0.3702,0.0002053,192.627,0.0395,0x54...fb8e,https://etherscan.io/tx/0x13db8a7f636af2584131654924e98f7236f9faa8f80d71bea7309db7d0714a21
2023-03-29 17:27:47,False,0.3693,0.0002049,6889.35,1.41193,0xf6...f1d0,https://etherscan.io/tx/0x44c109ed206761fa2f930c53884be9f40921be9d8c7fe566e96f93680ad0b8dc
2023-03-29 17:27:47,True,0.3666,0.0002034,28956.0,5.89,0xd6...d6a0,https://etherscan.io/tx/0x436e1e1246bcc0907f18473946dcc5c96bfaeec56092dac5799b71ae13aba9e5
