datetime,buy_order,price_USD,price_native,amount_token,total_native,maker,etherscan_url
2023-03-21 07:52:47,True,0.4649,0.0002667,236.19,0.063,0x2f...df92,https://etherscan.io/tx/0xd8be5645cd3f2d51a5d892b3f8fb6a18c670a399efe05f225024fabf405d0cda
2023-03-21 07:51:47,True,0.4645,0.0002664,1088.25,0.29,0x99...04de,https://etherscan.io/tx/0xaa747f5bea4ca146fda95aa5b4cae1678cf71885accbc5488cfe6ce1da604cfd
2023-03-21 07:48:47,False,0.4633,0.0002657,5898.26,1.56772,0x82...0e2d,https://etherscan.io/tx/0x324103280e70166dac7aa8455b023088a18732357999af6260c0335ffb2d7e2d
2023-03-21 07:47:47,True,0.4673,0.0002681,2126.01,0.57,0xbf...eb5c,https://etherscan.io/tx/0xd8705d63ee9870381ce88627056474ef269d3360a848ba5ccc8531c0daa15b63
2023-03-21 07:43:23,True,0.4664,0.0002676,465.014,0.1244,0x44...11ea,https://etherscan.io/tx/0x7595dac76810345552080d76e750c09e9ff63193eedc93e0f76b21b2410e13a1
2023-03-21 07:42:35,True,0.4653,0.0002667,4284.83,1.14281,0x44...0883,https://etherscan.io/tx/0xaa6e05b41e87d58975f2da6cd5102ebd616983976061479f557edf2d087c2885
2023-03-21 07:42:35,False,0.4624,0.000265,4111.12,1.08978,0x17...ca47,https://etherscan.io/tx/0xe298c6f1e6d812533a6ff72205c47c70494601d19d899caae2dca6c3def0b488
2023-03-21 07:36:47,True,0.4655,0.0002672,1309.85,0.35,0x76...9606,https://etherscan.io/tx/0xd399e0d6bb351f1016e471232a7bf2086e402b69e9e1a885a0f8fb08b4e4bb08
2023-03-21 07:35:59,True,0.4647,0.0002668,374.692,0.1,0x3b...1f75,https://etherscan.io/tx/0xc47f25d137bf1e34dc3e8e5097426ea44b03d1bb235d014d3e50d1ec5356878e
2023-03-21 07:34:11,True,0.4631,0.0002663,2662.3,0.709,0x02...5ae2,https://etherscan.io/tx/0xc568ec06f2da75f167beb0de9b594665dde4ad92c4c503b36dd595d0c839507e
2023-03-21 07:33:59,True,0.4611,0.0002651,3583.08,0.95,0x95...fba9,https://etherscan.io/tx/0xc7cfcb7c60cc4f8f65ee39f890ad61a6d4fbd74c617c6a68b232a682cb048f3f
2023-03-21 07:33:23,False,0.4581,0.0002634,3100.22,0.8167,0x49...f683,https://etherscan.io/tx/0x04f6b2893e87ee3d6861585479f371943d06a202d26f6f0d43989fb96894897f
2023-03-21 07:26:47,False,0.4599,0.0002643,1678.43,0.4436,0x61...451b,https://etherscan.io/tx/0xf36c0fa995d44d42f5a1c288ad7ae82e005b9dde4d5a16ada5fcb0afb03bf2e4
2023-03-21 07:20:47,True,0.4611,0.0002651,5651.36,1.49868,0x8d...17e7,https://etherscan.io/tx/0x9aa1d715746829877bcfcfa7434527a252f3b600feed489aadc274277f80eed1
2023-03-21 07:17:23,True,0.4588,0.000264,563.152,0.1486,0x68...d822,https://etherscan.io/tx/0xf5233dbedec4af63e83f6e9f5c25811d80637be894c943f42790537ce2009b71
2023-03-21 07:11:59,True,0.4571,0.0002631,4311.93,1.13455,0x81...54e0,https://etherscan.io/tx/0x64107ac87ad1043bfa403740e30058273a938d1d6cfc73734814f7734f4a7c03
2023-03-21 07:08:35,True,0.4548,0.0002618,2737.49,0.7167,0x82...f729,https://etherscan.io/tx/0xffe354315268ab200298f4cbe768bcf5ca50c9157d50e6f315634b8cc8d30671
2023-03-21 07:07:23,True,0.4537,0.0002612,610.0,0.1593,0x13...d4d9,https://etherscan.io/tx/0x6fdabb3deaa64ec3529986ee348f59333101376c24711280341378c9d84bf67d
2023-03-21 07:04:11,False,0.451,0.0002596,388.0,0.1007,0x2a...d28b,https://etherscan.io/tx/0xa712a688182a09ff91a8b0e9be2405f3bba2eeb63ed2c066cfbc38f5bf9f1034
2023-03-21 07:02:23,False,0.4517,0.0002597,252.2,0.0655,0xac...1d7a,https://etherscan.io/tx/0xc14be65fc95335f38734bcb94605fddbf72ac54b0ecf20463ddb3f19bf979ea8
2023-03-21 07:01:35,False,0.4553,0.0002616,10521.3,2.75334,0x05...1673,https://etherscan.io/tx/0x1c91a4983cf27aff6e06689c1ac3380398dd11b04cb8317083261c4fb33d3eb1
2023-03-21 07:00:47,True,0.4614,0.0002651,161.356,0.0427,0xda...cb6a,https://etherscan.io/tx/0x9a0c5f4240534d64714d048014e65d54f627875dc7d2b6df25110b87dbeb0bc2
2023-03-21 06:59:35,True,0.4582,0.0002633,9874.06,2.6,0xa7...8055,https://etherscan.io/tx/0x1c96fd2bd7b85406dbd582884415e60208f44ef11f7891f606a1677fa969d721
2023-03-21 06:59:35,True,0.4549,0.0002614,222.655,0.0582,0x58...061e,https://etherscan.io/tx/0xb61b8f6af6b125f1530e4888931d792e2b9e5140d378d0b673bd95a3343374b4
2023-03-21 06:58:23,True,0.4522,0.00026,7692.29,2.0,0x17...ca47,https://etherscan.io/tx/0x48a1844c1d7bc6684feb021e473f9ab71fe7257d28ee8909ea7f37ee636e5392
2023-03-21 06:57:35,True,0.4475,0.0002573,6986.34,1.7979,0x17...ca47,https://etherscan.io/tx/0x83362e1ffb66f5247164d1aee5bfbe29d35bf08ba62d49473a5ee8c0d49a755b
2023-03-21 06:55:47,False,0.4428,0.0002546,291.0,0.074,0x2a...d28b,https://etherscan.io/tx/0x8407ce23bab39b00de7680b21fe61a22e568307051ead322b931de6cbf7793f8
2023-03-21 06:47:59,False,0.4425,0.0002547,485.0,0.1235,0x2a...d28b,https://etherscan.io/tx/0x5c94167bb905a44c44f137c5062f4785ff89cfa9a5a35d1239b8290bf22a5729
2023-03-21 06:47:11,False,0.443,0.000255,1077.34,0.2747,0xc1...c991,https://etherscan.io/tx/0x9dfa8cfdc59d8e97ffebe4a00e9dc0588b1df7974fcba8d346ee76ee8d5ba57b
2023-03-21 06:44:47,True,0.4445,0.0002558,5225.6,1.33683,0x53...f8de,https://etherscan.io/tx/0x63418330e2cbe987c847c6686c6a1249d0f1998c47ea4fd41e6f2e4e700d43b2
2023-03-21 06:43:47,True,0.442,0.0002543,3145.39,0.8,0x68...654c,https://etherscan.io/tx/0x0ee1804234ea536fdbb2296b9b7ebf3c9a47a64659b2534d50d10b65c109a86e
2023-03-21 06:40:59,True,0.4414,0.0002536,591.29,0.15,0x9e...e4f7,https://etherscan.io/tx/0x24d423bf79f0973061296001472611dcbebf98b6674c5920612da745f0b6645f
2023-03-21 06:40:23,True,0.441,0.0002534,812.828,0.206,0xae...2481,https://etherscan.io/tx/0x4edce4f6d5e56cb50fe4fa37c0aad074d5f1afda7d793444ca235102459a6acc
2023-03-21 06:37:11,True,0.4404,0.0002532,225.767,0.0571,0x3e...3ee9,https://etherscan.io/tx/0xc0e45b28eca6e3ce8f0229a3884b6277f4377dab05e17929c72ca5e209d06cd5
2023-03-21 06:16:47,False,0.4406,0.0002524,4411.2,1.11368,0xbd...3db4,https://etherscan.io/tx/0x9b2264f9845e1ccbd69e921c199adc2ef16cbb54496487e932af173f2b2b7d9f
2023-03-21 06:13:23,True,0.4389,0.0002513,19437.7,4.88599,0x53...f8de,https://etherscan.io/tx/0x481a34f16bc1702a2c7fc06dc14483ec7b9601438888ed1c59c416612d636557
2023-03-21 06:13:23,True,0.4329,0.0002479,648.449,0.1607,0xa3...ffbc,https://etherscan.io/tx/0x3b36acba494510a588e18f10bca935dc6021d2421d87a2e5b15e46ecd0a6d7e4
2023-03-21 06:08:59,False,0.4313,0.0002473,6264.32,1.54967,0x07...8326,https://etherscan.io/tx/0x3c4353f27b5d4bd3ecb8a4366dd2d4feb0ae66c7aaaf2da9502739b75f412db4
2023-03-21 06:06:59,True,0.4357,0.0002498,381.795,0.0954,0xe3...57c2,https://etherscan.io/tx/0xb0212bd7a68b15782fc2d0197db2a21373926d46f8b24fa86a4703e58a60ab44
2023-03-21 06:06:23,False,0.4341,0.0002489,3742.45,0.9316,0x5c...13a3,https://etherscan.io/tx/0x631ac3395349aeee7bb59dbfbaba1d395c3c2688df527c5f53d78ef6cb2481b5
2023-03-21 06:05:47,False,0.4362,0.00025,2845.7,0.7116,0xfe...6b8a,https://etherscan.io/tx/0x24d4f756bb25e704a516dfff0ae75a24a67ae5631e0168260cd889a5ed78f25f
2023-03-21 05:59:23,True,0.4406,0.0002517,1792.08,0.4511,0x74...46e7,https://etherscan.io/tx/0x2de1b0858051820237bf6264d3a8540b4d67a20705687281d416ac19c1945fde
2023-03-21 05:57:23,False,0.4377,0.0002501,1164.0,0.2911,0xd1...6822,https://etherscan.io/tx/0x08fe9b43be6f9931b760e30bc7d7f5d83997a044bf92a9a4269056c4d0f42319
2023-03-21 05:55:11,True,0.4404,0.0002518,341.246,0.0859,0x37...f1bf,https://etherscan.io/tx/0x946bba316b7b4c1f62d9aaf43f488c109fa6f1d37282747060474a4c3404473d
2023-03-21 05:54:23,True,0.4401,0.0002517,89.7905,0.0226,0x29...5722,https://etherscan.io/tx/0xd2bbb9d96cc9d0d285b5c9212c37c5e2d1035d1be5065b41b63fd3298e4dda09
2023-03-21 05:51:59,True,0.44,0.0002516,350.0,0.088,0x33...8bcf,https://etherscan.io/tx/0xf2bda40b786015eea1315bcf541fb5963cadd081116401e2fceff18a01b41579
2023-03-21 05:47:59,True,0.4394,0.0002513,1193.42,0.3,0xab...3faf,https://etherscan.io/tx/0x1ad07c624acf550cb8d21833863978565001be3395a32c1881e51ebb785b2b8b
2023-03-21 05:47:47,False,0.4377,0.0002503,4194.29,1.05021,0x95...fba9,https://etherscan.io/tx/0xd173027e8a32a2ec5283a422a34c8b303fa365ae0900e67a4fb008d310265342
2023-03-21 05:47:23,True,0.4404,0.0002519,3969.28,1.0,0xab...3faf,https://etherscan.io/tx/0xc23e813dfa4337fca3f69ed1e174552a8440bb691de8ebcebcd6b035e7099b34
2023-03-21 05:32:59,True,0.4392,0.0002509,1593.81,0.4,0xae...a889,https://etherscan.io/tx/0x768d0992af31d576b4cdf4123e459a151b54eab24b61a7c992b61e45e8a2027c
2023-03-21 05:32:59,True,0.4386,0.0002506,168.913,0.0423,0xf9...9752,https://etherscan.io/tx/0x8103f71343663f8302b82f30165409e6caabdf3075de02b521c9d45dfe854615
2023-03-21 05:31:35,True,0.435,0.0002485,12069.1,3.0,0x74...cd61,https://etherscan.io/tx/0xa6202150f0757e76e47bfef81dbdb588aa53ae9e82095cc40052d8287c7605d2
2023-03-21 05:28:35,True,0.4314,0.0002464,178.504,0.044,0xc6...27eb,https://etherscan.io/tx/0x2beae6578ee28385aa8c920cb09878f69aa0c5cc1411b4f273724f09e1861ffb
2023-03-21 05:25:59,True,0.4315,0.0002464,259.0,0.0638,0xf3...9d33,https://etherscan.io/tx/0xd2734b35d0daa5cfa8cff1d61085af18e036a0ffe66ffacfe4d9e1be11aa8953
2023-03-21 05:18:35,True,0.43,0.0002459,2439.36,0.6,0x95...fba9,https://etherscan.io/tx/0x64b7b23c3bb92104a8326a99d51601ff5a76b6535404b67ca01b1456c2bdf238
2023-03-21 05:13:23,True,0.4286,0.0002452,2039.02,0.5,0x21...879d,https://etherscan.io/tx/0xe401aa7b8ff5f45e840a26a4e0ff86f405a0eddf11c9ecf6b66c0fd881f57b35
2023-03-21 05:12:35,False,0.4265,0.0002439,3450.37,0.8418,0xbf...efc3,https://etherscan.io/tx/0x779527e196dddac5d040f669d97739090a8f95b0ea839436bf72f19f6fc145da
2023-03-21 05:12:23,True,0.4299,0.0002459,550.0,0.1352,0x36...59a7,https://etherscan.io/tx/0x3f542fc157e6d65061879f00eef8462e2a341afd27c405cc1af3e2fe7b5c4de4
2023-03-21 05:11:23,False,0.4277,0.0002446,1937.66,0.4741,0xd5...2a9b,https://etherscan.io/tx/0xd35b807c2c6a8d79bd1f10a76d29905f6aa36e1e14fdc6e1a152c61f24399e5c
2023-03-21 05:06:23,False,0.4283,0.000245,374.47,0.0917,0x33...8bcf,https://etherscan.io/tx/0xecc404caff4ca32162045be06f2c7a3d55bbad7cd458e6f9430ab5595bcd1906
2023-03-21 05:06:11,False,0.4285,0.0002452,384.812,0.0943,0x49...f955,https://etherscan.io/tx/0xea8d86f1d43c7434dfff50e6c268018a8e53a9435586ba5c539c3fad194f59e0
2023-03-21 05:05:59,True,0.4312,0.0002467,7.1139,0.0017,0x68...0813,https://etherscan.io/tx/0x84814f020099ca4292adf850d1d484b0eaf70816a5d35d55c4a0846051e540d2
2023-03-21 05:03:59,False,0.4348,0.0002491,22806.6,5.68206,0x17...ca47,https://etherscan.io/tx/0x95c779bd7deb70cb6bc9cc01e14da2faab05e15bf97022eb2a4e0a46cc30efb2
2023-03-21 05:03:11,False,0.4448,0.0002548,10197.2,2.59894,0x17...18f5,https://etherscan.io/tx/0x9bb5fd3d2cc832f9f0dc4d25145fd90de970b4e40f43afa540fbe36dc48c8fd5
2023-03-21 05:02:59,True,0.4506,0.0002581,236.379,0.061,0x37...f1bf,https://etherscan.io/tx/0xdad935d10defc3ff1f0e3a4e06307164e96cc63ea57bd418a28a30a4c4804b67
2023-03-21 05:00:35,False,0.4485,0.000257,2374.65,0.6103,0x1a...5d82,https://etherscan.io/tx/0xb23678cfb1cfc73885c703fb80a5035d0b551e3bf2705aef6370a206ae43ee71
2023-03-21 05:00:11,False,0.4495,0.0002576,970.0,0.2498,0xc1...c991,https://etherscan.io/tx/0x51c3040c8ef6ae37298f9739ed65d6b2fabfa60b5f8a5c56ec57456ab3ec81ed
2023-03-21 04:55:23,False,0.4501,0.000258,1372.71,0.3542,0x76...9606,https://etherscan.io/tx/0x5d160a6732ab97eadf5bc20ef6627b9a305d01cfbc4d52d520e8c90975fef91b
2023-03-21 04:49:47,False,0.4518,0.0002589,3751.16,0.9714,0x79...4713,https://etherscan.io/tx/0x7cbd7ec11db5a1a7ff04dd970db00dc3949026047eae132592be0422dd0a15a9
2023-03-21 04:49:11,False,0.4539,0.00026,2421.22,0.6297,0xdb...d71d,https://etherscan.io/tx/0x63303d7b9482c8247975bb11a39fcd37e69e35f6aa683706a0d5a38886707063
2023-03-21 04:48:11,True,0.4572,0.000262,381.638,0.1,0x72...bac2,https://etherscan.io/tx/0xda9552f45ea0a8bfbd8daa0828ccce32717084a866cad2a21a87e723ec350dfb
2023-03-21 04:47:11,True,0.4569,0.0002618,523.56,0.1371,0x7d...227e,https://etherscan.io/tx/0x5ab01987def812a3dfe1fe00b039b051822206b4fa7a11c4a310c07c70954819
2023-03-21 04:47:11,False,0.4541,0.0002602,235.378,0.0612,0xd7...4be5,https://etherscan.io/tx/0x6ff5f05a52a4d62dd1cc2f0d6d6d671ca509c61eca85790bc70f91e7734ba78d
2023-03-21 04:46:35,False,0.4557,0.0002611,4850.48,1.26681,0x5d...2cbb,https://etherscan.io/tx/0xc1e8b41c7d10a7c2d0aa6884e17c6bf0075a2c56fa30ff7fd63c3e118b799172
2023-03-21 04:46:35,False,0.4605,0.0002639,10141.2,2.67679,0x5d...2cbb,https://etherscan.io/tx/0xc1e8b41c7d10a7c2d0aa6884e17c6bf0075a2c56fa30ff7fd63c3e118b799172
2023-03-21 04:45:11,True,0.4665,0.0002673,374.004,0.1,0x49...bd3d,https://etherscan.io/tx/0x9bc05849eb0f2b8188fdc75352cbc0423292fdc79a359269f616bca22ef1f262
2023-03-21 04:44:23,False,0.4651,0.0002665,4585.19,1.22228,0x5d...a63f,https://etherscan.io/tx/0x6fd928c99f1b81a568660c16bd244da974f885b018a015382f4057bd784814d5
2023-03-21 04:43:47,False,0.4674,0.0002678,2346.53,0.6286,0x80...9c97,https://etherscan.io/tx/0xd21d3b81beead805d1c58009648f88b6d6fd13fa5d0088803e3a7c450074c1fd
2023-03-21 04:43:47,True,0.471,0.0002699,100.698,0.0271,0x68...0813,https://etherscan.io/tx/0x5089977ba0513ac76d1f87099be10219a81f91a863ff05196052ccd0b0881786
2023-03-21 04:39:59,False,0.471,0.0002699,8812.51,2.37933,0x16...4f4d,https://etherscan.io/tx/0x846e6688beb40bf3da0a2715f05e1fd4546fabcd1039d2f27068c91a70326054
2023-03-21 04:38:23,True,0.4766,0.0002732,477.506,0.1304,0x03...4de8,https://etherscan.io/tx/0xbc38974fdbe4de13cc943dc5b3b88e9cef8fcffcb55ea9ada91ced88f7e33566
2023-03-21 04:37:11,False,0.476,0.0002729,7081.01,1.93239,0x25...ab52,https://etherscan.io/tx/0x5f4d681cce1bba90ff6b9cbaeaa836da15b369c338e5df23978d31ab8fab2687
2023-03-21 04:35:23,True,0.4811,0.0002758,610.183,0.1683,0x93...191b,https://etherscan.io/tx/0xae0edc8e9032c599528b78b66bb6bf8708f540a302ed7e45d77b2fd4b824d988
2023-03-21 04:33:35,True,0.4806,0.0002755,624.154,0.172,0xa7...c187,https://etherscan.io/tx/0x13732d4fb0676d1dbfa2cf1c42d3e7245457a51bf984359d250368a0ac7fd856
2023-03-21 04:32:23,True,0.4787,0.0002744,5101.35,1.4,0x43...71c3,https://etherscan.io/tx/0x060e7b88b4003bd21a111f29d298a333fc6a4a54f640c89e214a534ee79a127e
2023-03-21 04:31:11,False,0.4749,0.0002722,2425.0,0.6602,0xcf...3224,https://etherscan.io/tx/0x242400ab9da8a5f5bfd67dc9c4aef93965cc6620a1a8c5b0aa06ee1322d124f6
2023-03-21 04:29:35,True,0.4784,0.0002742,629.664,0.1726,0x5c...8fe0,https://etherscan.io/tx/0x0738dcf385e6ed858685bc27b9f7be7f3df6a84ec69230fa83bb370c45eb618e
2023-03-21 04:28:59,False,0.4758,0.0002727,1254.01,0.342,0x1b...c680,https://etherscan.io/tx/0x0b2b629a7623e656e1b4d0b2bf1c81ae3a5f7540b06a94b5c6c32e44affbe0e6
2023-03-21 04:26:35,False,0.4769,0.0002733,1987.13,0.5432,0xb2...2eba,https://etherscan.io/tx/0x9da41f836decc23b8cd8b8273191a7cf3f8d964612a6af467b29fa35681e1745
2023-03-21 04:24:35,True,0.4803,0.0002753,492.419,0.1355,0x5c...8fe0,https://etherscan.io/tx/0x7229f7ea01c3475b4d0f6b84f7dc71a82b763c9a35cf45a8e6f46773baf23302
2023-03-21 04:22:35,True,0.4802,0.000275,636.162,0.175,0x5c...8fe0,https://etherscan.io/tx/0xf92c3604ac9f7c5512bfa6fbb20ec0dff9325f02d087e659ee7e6a6d085a57a3
2023-03-21 04:20:59,True,0.48,0.0002748,692.597,0.1903,0x7c...9d1f,https://etherscan.io/tx/0x3268d0f5a286a9d1776cf5c04e3008f4091a5db5d83aeb4b058185401333f8c9
2023-03-21 04:19:11,False,0.4777,0.0002736,3053.23,0.8355,0xd0...75de,https://etherscan.io/tx/0x75ba99de2862a831a6a90bc4e4b03a9268e8a6fe9d58171bd6cf679b7138297e
2023-03-21 04:18:23,False,0.4797,0.0002747,2710.28,0.7447,0x49...f683,https://etherscan.io/tx/0xcfe1323115e9f910a906430a890c815947f754b6657455d06766813b4f163311
2023-03-21 04:12:59,False,0.482,0.0002753,194.0,0.0534,0xfa...b920,https://etherscan.io/tx/0xa1f69750068d462dfbb5c54ebdf233501e64f98311b14363c5ac4531b1c455a2
2023-03-21 04:12:23,False,0.4829,0.0002758,2357.2,0.6502,0xc1...ba31,https://etherscan.io/tx/0xa3a2e682f18844e5eecc4e79743689110707bccf064fe85c63aa09309413f2fa
2023-03-21 04:12:11,True,0.4865,0.0002779,430.47,0.1196,0x5c...8fe0,https://etherscan.io/tx/0xb6f7b00c4a7d984b69e6762c75bcecc84b3e64810e8cde0a63fda86b6e268513
2023-03-21 04:11:47,False,0.4855,0.0002773,6014.0,1.66814,0xfa...b920,https://etherscan.io/tx/0xf68ffab511e1761e316c645c458b0597847cc86fae62c4a1b8d01db5f878eb32
2023-03-21 04:11:35,True,0.4903,0.0002801,713.984,0.2,0x49...bd3d,https://etherscan.io/tx/0x874fb63ec6bc95576a922cd0b271fcc76eb00ab7674798c535ba8662ab32f428
2023-03-21 04:10:35,False,0.4878,0.0002786,1964.76,0.5475,0x29...84fe,https://etherscan.io/tx/0x79c7b7b2d47c91f26b164597091c2f87c0ad0b8d4630560d94e1e70c633fecea
2023-03-21 04:10:11,False,0.4903,0.00028,4850.0,1.35839,0x9d...6743,https://etherscan.io/tx/0x03981c93030d136d2f72bdcd3b4e33fef4725f9fc589793a2b98f70ac4cd26e9
2023-03-21 04:09:11,True,0.495,0.0002826,353.745,0.1,0x5d...5601,https://etherscan.io/tx/0x6ad45e97d56f461a59892564c4ecc5bc6074c730efd02388fa00aa985a6d3342
2023-03-21 04:08:11,False,0.4921,0.000281,501.162,0.1408,0x05...6371,https://etherscan.io/tx/0x02577bc650a5cb0c5225f104d81f68e25c5808acd245ac46f7a1a60935d562af
2023-03-21 04:06:47,True,0.4941,0.0002824,2018.38,0.57,0x95...fba9,https://etherscan.io/tx/0x886dee21810f35cbd65d2793d7c3c075acb1aa41979d126800193489bd457381
2023-03-21 04:06:47,False,0.4905,0.0002803,194.0,0.0543,0x5e...4974,https://etherscan.io/tx/0x7b5e3f24d7a482421177278f4a2208a896cdd34a7dc83681dc731007e6fe3a50
2023-03-21 04:05:59,True,0.4895,0.0002798,10719.1,3.0,0xa7...8055,https://etherscan.io/tx/0xea18601a652cde99992632145b15cd18ad00694da4a244bfb03f131533baac61
2023-03-21 04:05:47,True,0.4849,0.0002772,2163.97,0.6,0x26...330b,https://etherscan.io/tx/0x3fa83b75b1e61017aadf52900444332d0e03fc27c35bae8c26cae1c6c6571716
2023-03-21 04:04:23,True,0.484,0.0002767,202.815,0.0561,0x5c...8fe0,https://etherscan.io/tx/0xd5bc01eb0c8b835bc10843af3eb887079d15572b16395e812fd78ccb5b000e85
2023-03-21 04:03:47,True,0.4789,0.0002738,14447.6,3.957,0x7e...f373,https://etherscan.io/tx/0x7bbee5297c5bacbba31a153d62e562890b51b397623b9cc3624370ad9168d641
2023-03-21 04:02:59,True,0.4738,0.0002709,587.929,0.1592,0x65...2686,https://etherscan.io/tx/0xcdaf1de9ff50326e21e511871192cb49daa5d260aef7a4b626e93bd2c758f678
2023-03-21 04:02:11,True,0.4729,0.0002703,2255.99,0.61,0x68...654c,https://etherscan.io/tx/0x08c8341b8bf1cdf29fde927a4f6250e710a96f0901811b06c690f3eb8dd1716b
2023-03-21 04:01:35,False,0.4712,0.0002694,5657.63,1.52431,0x55...ce90,https://etherscan.io/tx/0x586862cf36a5426a144b0f920282a035fc47c38fc0c3998bd5ee6db1a4151d8e
2023-03-21 04:01:11,True,0.4758,0.000272,402.331,0.1094,0xe2...a929,https://etherscan.io/tx/0xb2b88520c14c6f2f87c3f23b98d4511f7e10230d0b67d3c0ec3031099526913e
2023-03-21 04:01:11,True,0.4755,0.0002718,490.267,0.1333,0xab...3faf,https://etherscan.io/tx/0x5ecdf5cbf57522ac7cae070befebf24b0604b41ab6fb63929b72743338b99b89
2023-03-21 04:00:59,True,0.4751,0.0002716,657.737,0.1786,0x5c...8fe0,https://etherscan.io/tx/0x3691ecf0a0e45288246a95b452ff69b897ac41cf0a8046f9a16c78d70fc373f5
2023-03-21 03:59:35,True,0.4711,0.0002693,11491.7,3.09494,0x06...b2c4,https://etherscan.io/tx/0x401de829062c129b0fbf163b2006baeee46080ef341d723fc93ffb0b7d1198b8
2023-03-21 03:58:23,True,0.4658,0.0002663,4243.05,1.13,0x27...3c7e,https://etherscan.io/tx/0xb576cb3fba364c8f95128f15cafb17afc393afb2ab65b47763d459fa0bf0e9dd
2023-03-21 03:58:11,True,0.4639,0.0002652,1508.1,0.4,0xbf...d893,https://etherscan.io/tx/0x340b53a0d2d1ae042115ecd67d6ceaa50dd2161a43bddb98ba526d18de6f8ee6
2023-03-21 03:57:23,True,0.4626,0.0002644,2684.84,0.71,0xac...f7c7,https://etherscan.io/tx/0xf02b11c26f1b5d3b1a73e2c57dfa9b709719dd2984173161b18947291f807c77
2023-03-21 03:56:59,False,0.4607,0.0002633,5529.0,1.4563,0x15...b004,https://etherscan.io/tx/0xdb88f41dfe8b26c3849e4f56e5330b4ce77be38bc5f80ffcea180fbd684de294
2023-03-21 03:56:23,False,0.4631,0.0002647,1975.22,0.523,0xa3...f600,https://etherscan.io/tx/0xcb5b0975c2dfc2a6a2ea8e43c6cd264a18c508b2224bee2721d17afa7f2a5db6
2023-03-21 03:56:11,True,0.466,0.0002664,1876.84,0.5,0xb7...13f6,https://etherscan.io/tx/0xe35eac990e8d1b2db007166a0b280e10e6628298a57909398f648b7ed458786c
2023-03-21 03:55:59,True,0.4651,0.0002659,676.873,0.18,0x5c...8fe0,https://etherscan.io/tx/0x39d3b9c02c439a3e4409a08dbc0af8141b5df7aa4e351c339361fdec5c86aaa3
2023-03-21 03:54:35,False,0.4635,0.0002649,4103.1,1.08721,0x27...3c7e,https://etherscan.io/tx/0xf881a67219e4fedb42dddd35e8ceb1f57b5193a042729ab1893643771b44e04b
2023-03-21 03:53:11,False,0.4658,0.0002661,2224.71,0.5921,0xa4...9e00,https://etherscan.io/tx/0x5fbd69532b808111de03d0c316a6aa280b746ff07f8c196e175358a4ebbd357a
2023-03-21 03:49:23,False,0.4679,0.0002671,2846.08,0.7602,0x49...f683,https://etherscan.io/tx/0x962f9ff941c418471998d5591210f04430a34d4d59f65532b3b761c2a1c7ba19
2023-03-21 03:48:47,False,0.4703,0.0002685,4365.0,1.172,0xbd...3db4,https://etherscan.io/tx/0xe5bb94fe33f0c04df6cb885cab7047b42efa86648e04718d29068cee147237a0
2023-03-21 03:48:35,True,0.4734,0.0002702,3484.09,0.9416,0x33...bf5b,https://etherscan.io/tx/0xb1bd3ed356331e7597456e28193a348a6024cbdf1b7b895f6dfc3283453a678a
2023-03-21 03:47:11,False,0.4706,0.0002685,2737.44,0.735,0x18...8bd4,https://etherscan.io/tx/0x70db714cc238427e21b3573c5ee893dd416e2738a5edc5caba7f8786a783a968
2023-03-21 03:46:47,False,0.4721,0.0002694,1940.0,0.5226,0x65...1793,https://etherscan.io/tx/0xd4aa3f9e2fe9baa7c00a3d8a79a88315e8f55a3dd67254a4acb3eb64c39237c6
2023-03-21 03:46:23,False,0.4731,0.0002699,970.0,0.2618,0x65...1793,https://etherscan.io/tx/0x91afa9f8d04817098502a12f4408795e6d33ace872b1c8f537e954b6568beb07
2023-03-21 03:46:23,True,0.4761,0.0002717,490.621,0.1333,0xab...3faf,https://etherscan.io/tx/0x4d86e9415af261df8a0f3c66b4b257a8baf7b7860ba1362d5d210e63f5069cfa
2023-03-21 03:45:47,False,0.4773,0.0002723,12287.9,3.34685,0x71...6e3e,https://etherscan.io/tx/0xb7fe80e86038a6092aa4ccd0ddfaff083f2b8c9521fd9645224149f119f1bc26
2023-03-21 03:45:35,False,0.4841,0.0002762,7438.27,2.05492,0x18...8c3d,https://etherscan.io/tx/0xe9651d9b11c6023089986e7b6d563b7255ee8a90425c9e7856b44ddb31dedea6
2023-03-21 03:44:59,True,0.4894,0.0002792,795.738,0.2222,0xab...3faf,https://etherscan.io/tx/0x6e0a3215c1f0d3fc7f34b72ae4d342d294f9b501ebb17aacaf6f58abb2e868b7
2023-03-21 03:43:47,True,0.4877,0.0002783,3940.66,1.0967,0x17...5c3a,https://etherscan.io/tx/0x802694692427bc5b02fb69ad226a2283debacc0332d5ef269ef65cc20eb6293f
2023-03-21 03:43:11,True,0.4861,0.0002773,721.072,0.2,0xab...3faf,https://etherscan.io/tx/0xf65c4658abed7627452a7c0f27c9d9902dab8f71f02141f2815aa9d73c39b082
2023-03-21 03:42:59,False,0.4846,0.0002765,4850.0,1.34117,0x00...3661,https://etherscan.io/tx/0xa6632f243f06b308679048963e81edddfc4dbed062a2e99f87a56226f60a22cb
2023-03-21 03:42:47,True,0.4889,0.0002789,896.089,0.25,0xab...3faf,https://etherscan.io/tx/0x919d7166153cbfa9a927901fbea8b19283e76692da695a297fe29201cc2a42e2
2023-03-21 03:42:11,False,0.4866,0.0002776,2657.5,0.7379,0x5b...ba4e,https://etherscan.io/tx/0x28d77f92662b63b9a89745728c895536f03e28549e46ca100ccc5137faed3144
2023-03-21 03:41:59,True,0.4901,0.0002796,1072.71,0.3,0xab...3faf,https://etherscan.io/tx/0x5f4c7c9c5ddc556cb8d734b92046d6531a3ec847be99bd68b2aa8c08d936fbf4
2023-03-21 03:41:35,True,0.4893,0.0002792,1074.38,0.3,0xab...3faf,https://etherscan.io/tx/0xe1e2ec171662946fdfa7eb8d441b287559ca2fe73092188426755942e8c85690
2023-03-21 03:40:59,True,0.4886,0.0002787,1076.06,0.3,0xab...3faf,https://etherscan.io/tx/0x40e82b9120935f2d0843901bd3707095a7d078d7e3d374c665dafa39aee525e3
2023-03-21 03:39:35,True,0.4878,0.0002783,1007.59,0.2804,0xe2...a929,https://etherscan.io/tx/0x5592b18bcdec844ddaef7910b09ee8127f797f56f49958eecb2305586c43f185
2023-03-21 03:38:59,True,0.4861,0.0002773,4001.98,1.11,0xa2...fa91,https://etherscan.io/tx/0x9b92c4be2b800299c6e786eda4840f240a1852e5a55cb1852e024d4aea4d117d
2023-03-21 03:38:59,True,0.4847,0.0002765,137.415,0.038,0x7e...f373,https://etherscan.io/tx/0xc5ba3f9d9af951573d3df8068b4b58a32dbc0fa786673fdedf7c1075b5a710d6
2023-03-21 03:37:11,False,0.4831,0.0002756,3880.0,1.06941,0x1d...9572,https://etherscan.io/tx/0x243636a69508bdd468fd1ff5ce8380ac0c3e9ee5386639d588dc0ad6dac62628
2023-03-21 03:36:47,False,0.4856,0.000277,3259.74,0.9031,0x06...e716,https://etherscan.io/tx/0xdb669488714447ae11f16666639dd98ae8da50ee1afe1bbeb0cd072232ec1a90
2023-03-21 03:35:59,False,0.4876,0.0002782,2476.51,0.6889,0x49...f683,https://etherscan.io/tx/0x91a9990a3e24d5444379d79c71cc352d0cc4d762fef12186812755ada3ec0ac4
2023-03-21 03:34:59,False,0.4906,0.0002799,5954.6,1.66678,0x84...050b,https://etherscan.io/tx/0x80a9550470111abea8a6d737485b2d7bc1c8b28be29054ecef5a456fec175a34
2023-03-21 03:34:47,True,0.4951,0.0002824,1663.85,0.47,0x78...3be2,https://etherscan.io/tx/0xf87043bf22c090ffff5daf885dc88dd6d5402f39f6a7fca3dcb988ce972e3082
2023-03-21 03:34:47,True,0.4944,0.000282,261.0,0.0736,0xdd...aa1b,https://etherscan.io/tx/0x3ad759c07e799b7e48e1f5d61cc32f1f7bde7c87d673364b71297d23442a10d6
2023-03-21 03:34:47,True,0.491,0.0002801,9171.0,2.56924,0x7c...5dab,https://etherscan.io/tx/0x15b9ef0f6106f03d085107e41b662a805a645633616aea5ddc5bd433950cf183
2023-03-21 03:33:59,True,0.4877,0.0002782,49.3525,0.0137,0xd8...0430,https://etherscan.io/tx/0x5ac6efbc0fe893664590d93899964981ac78821a7d81a50048b04bab16c93192
2023-03-21 03:33:47,True,0.4876,0.0002781,366.352,0.1019,0x78...3be2,https://etherscan.io/tx/0x144b2d12507ef1eb5261aa75c9f8a1fc20ba74f2f72adc6b0fd9475173e13620
2023-03-21 03:32:35,True,0.4869,0.0002778,1275.15,0.3543,0x15...09e8,https://etherscan.io/tx/0x58158b2e4ed3bfa45d092943d1f5233df4ded8785eafe99d4d03ab780e474ed4
2023-03-21 03:32:35,True,0.485,0.0002767,4050.0,1.121,0x36...59a7,https://etherscan.io/tx/0xef5bd80badbe253439471447274bd891de51ce8130e6bf181740d068e5ff1550
2023-03-21 03:32:35,False,0.4834,0.0002758,7767.4,2.14283,0xff...2b35,https://etherscan.io/tx/0x587bb4d9795bab8fc3380775e62888e0619ace8a01c35a9ca5b9fe6bc2b7c944
2023-03-21 03:31:59,False,0.4884,0.0002787,6402.0,1.78436,0xc6...fac8,https://etherscan.io/tx/0x73508bc0d7b13aecbcc4b1e00c8c03037b85254d6a2a53a51754ae72295bd270
2023-03-21 03:31:47,True,0.4935,0.0002816,431.179,0.1214,0x78...3be2,https://etherscan.io/tx/0xea5393d58fb611297c90f7f085fe04dc2d9775b9456bff0a7f56ec9d08677626
2023-03-21 03:31:23,False,0.4908,0.0002802,2054.34,0.5757,0x25...702c,https://etherscan.io/tx/0x9d8d34e9e35dbcc984dc2ea2befec5d16dc62871a5557f3788d945a76714e131
2023-03-21 03:30:47,True,0.494,0.000282,1401.98,0.3954,0x78...3be2,https://etherscan.io/tx/0xf28378161bd3e7ac5f2d6b650aa42ab20db6dd7341fc3a0777f6b7e2526da5f1
2023-03-21 03:30:35,True,0.4897,0.0002796,10729.7,3.0,0xa7...8055,https://etherscan.io/tx/0xf501860420cee9809403deb20763bc4435f987c04c91c29894a559b88beceb6a
2023-03-21 03:30:11,True,0.485,0.0002769,2364.45,0.6548,0xa4...9e00,https://etherscan.io/tx/0xe33cd56bc4d6b17d00f91ab5964a44dc67930f044b96a88a92527e83ccec48db
2023-03-21 03:30:11,False,0.4847,0.0002767,9676.7,2.67811,0xff...2b35,https://etherscan.io/tx/0x91acdbf663a802e91aa23e0df606dca7fa45a098d6612cdc373ab9739beeb917
2023-03-21 03:28:59,True,0.4898,0.0002796,3683.46,1.03,0x09...f9f0,https://etherscan.io/tx/0x3779b66886b9bb508ed537a537a3d92501ba6cddf1846a7e3bdc4e8f5a1bc7e9
2023-03-21 03:28:59,True,0.4877,0.0002784,2038.1,0.5675,0x78...3be2,https://etherscan.io/tx/0x6d23b9fbb7d20d6434eff6b9b10011c468cc9b8a74c007ff7cca4b02dcc39163
2023-03-21 03:28:59,True,0.4866,0.0002778,1070.31,0.2973,0x20...c41b,https://etherscan.io/tx/0x9c05c89a4c18de25dacb6a26657e12b392170c573d8c20702e6fad187f88eb23
2023-03-21 03:28:11,False,0.4865,0.0002777,8740.46,2.4274,0xe5...22f8,https://etherscan.io/tx/0x07f9492e962d6695c924a7111d57e725a3d4bddb21c3fba241f2bd7ec1f23b50
2023-03-21 03:28:11,True,0.4919,0.0002808,1761.35,0.4946,0x3e...e961,https://etherscan.io/tx/0xdb549d44aa1ea2380ab84aeba89716ba373e959ead88783ed11ac194cf558c40
2023-03-21 03:27:59,False,0.4884,0.0002788,251.23,0.07,0xdb...5fa1,https://etherscan.io/tx/0x1473cf517ac9c60da8d7ccc073e5944316d0d863440f4e2a85827f0896ef18b5
2023-03-21 03:27:11,True,0.4877,0.0002784,10417.6,2.9006,0x78...3be2,https://etherscan.io/tx/0x336003180b83b072d2a68684fdcf2914d7e18c01d090903325b693aba8f9e60f
2023-03-21 03:26:23,True,0.4816,0.000275,6321.0,1.73877,0x7c...5dab,https://etherscan.io/tx/0x29cbf354f7b9481228bc58ed0f4117d4272a7260b563eee4363735630774326d
2023-03-21 03:25:35,True,0.4779,0.000273,3989.52,1.08931,0x11...6a07,https://etherscan.io/tx/0x12c8108ae7f05a2c401f698686651a76003c04915b114363a23ff825ada630de
2023-03-21 03:25:23,True,0.4751,0.0002714,4297.18,1.16635,0x78...3be2,https://etherscan.io/tx/0x67741a90809d6576b5adbc092b9e91c5db1f24046778672239c76dc288559415
2023-03-21 03:24:11,True,0.4729,0.0002702,1938.21,0.5237,0x77...dab2,https://etherscan.io/tx/0x01f4172978c75993800aa967dcdc7cb3c9ae1b9d3e33d50c38a75719c2f6c18e
2023-03-21 03:23:47,True,0.4674,0.000267,14619.1,3.90397,0x78...3be2,https://etherscan.io/tx/0xf203d41cc1ebe5448d48da2968f3243c68c4573707bbec71e9e3ff1614956c39
2023-03-21 03:23:23,True,0.4622,0.0002642,451.922,0.1194,0x7e...f373,https://etherscan.io/tx/0x519b25ff5fb327f307d9f992a1805c2e9774e834996b7085acfe075f8eb505db
2023-03-21 03:21:35,True,0.4618,0.0002639,1200.0,0.3166,0xa0...d9ff,https://etherscan.io/tx/0xde9c2584b2a3be03722c91148f43167fee3af8ba5607a567f14383f973895748
2023-03-21 03:21:11,True,0.4613,0.0002636,156.0,0.0411,0xdd...aa1b,https://etherscan.io/tx/0xa1b4d0d62b1ffbca5f3bb50bdbc2e0e559b0562a688e409359cc03b92fcec76f
2023-03-21 03:21:11,False,0.4593,0.0002625,2556.82,0.6711,0xb2...2eba,https://etherscan.io/tx/0xf2b95c2f696da4acf4888bc0a780ddbccaddf8f284e5f6c1bda0ddecdd47d389
2023-03-21 03:21:11,False,0.4635,0.0002649,10280.1,2.72325,0xb2...2eba,https://etherscan.io/tx/0xf2b95c2f696da4acf4888bc0a780ddbccaddf8f284e5f6c1bda0ddecdd47d389
2023-03-21 03:21:11,True,0.4691,0.000268,1865.05,0.5,0x80...31cc,https://etherscan.io/tx/0xeb6fe99af40f10b276fce96e2510571b30bc7c0b8a60f28984af6a1dfc39d76e
2023-03-21 03:20:35,True,0.4677,0.0002672,2431.99,0.65,0x8d...7220,https://etherscan.io/tx/0x7587812aa3ff6abcc4763a9a83cd8c14d34f7eb41140884362377f36d7d98beb
2023-03-21 03:20:23,False,0.4663,0.0002664,6399.54,1.70497,0x12...4196,https://etherscan.io/tx/0x0556d157c087540d0cfa22d8d6375e2cbb5b897cb72e0ab3809588046081bd64
2023-03-21 03:20:11,False,0.4685,0.0002677,401.361,0.1074,0x81...3619,https://etherscan.io/tx/0x3167141edb971ca7778d3fdb9ec2932e4a1fc08cee305f6ed71445a8b3902bf5
2023-03-21 03:19:59,True,0.4685,0.0002676,8973.34,2.402,0xb9...8fed,https://etherscan.io/tx/0x2f5da1056bc6d80d469cceafa194aaaf69c1780d23e5bd7f78baba8ac4467410
2023-03-21 03:19:35,True,0.4653,0.0002658,600.0,0.1595,0x4b...2cc4,https://etherscan.io/tx/0xc1397da34e6b5e192adc84726c855f66d416921505491ac27211a2f8cdc35dcf
2023-03-21 03:19:23,False,0.4633,0.0002649,4094.55,1.08477,0x36...2e50,https://etherscan.io/tx/0xf4f83d612b3848923b4b75fd4a96a3b03f418072bc5d35e29ac3252b3d71863e
2023-03-21 03:19:23,False,0.4666,0.0002668,5820.0,1.55278,0x12...4196,https://etherscan.io/tx/0x7f27cf56cd692306825445a7835909bec90c15cac369aed5c5ce81aa34ef5611
2023-03-21 03:19:11,True,0.471,0.0002693,928.193,0.25,0x7c...1166,https://etherscan.io/tx/0x2dd0b170c9b305c48c181730b05fa393a35e1448e3b4191b807caebf23f64511
2023-03-21 03:18:47,False,0.469,0.0002681,3331.58,0.8934,0x7d...e621,https://etherscan.io/tx/0xd4d372bbadfd75e983d8d3fe77057b73f17f64dd9f68e787efb7d273f44ccecf
2023-03-21 03:18:23,True,0.466,0.0002666,19876.6,5.3,0xb9...a991,https://etherscan.io/tx/0x42be057b42036dbf93a1b28eda928cc6333fa6346caa1e277b82a4b870ee7061
2023-03-21 03:18:11,False,0.4573,0.0002617,1955.7,0.5118,0xce...d083,https://etherscan.io/tx/0xec65bcda7b95a171a7c730a96413fe99ea9a3e18abbf6683f74a9174673b47fb
2023-03-21 03:17:59,False,0.459,0.0002626,3175.88,0.8341,0x49...f683,https://etherscan.io/tx/0xc47ac6e55b8257cf1212215b425808db25851b0b11811b6ebf9183c56cb06632
2023-03-21 03:17:47,False,0.4648,0.0002659,14484.9,3.85237,0xef...afe4,https://etherscan.io/tx/0x1a5230befd96709f139d9e3feb8cf935536bd78fdd61b69f3fd7e884948d0c36
2023-03-21 03:17:23,False,0.4704,0.0002691,2105.0,0.5664,0xdb...d71d,https://etherscan.io/tx/0xd63218578aa0c74c834e892f765e70f9957f21eac578c823e3f55302cf1ea46c
2023-03-21 03:16:47,False,0.4716,0.0002697,970.0,0.2616,0xee...8d0a,https://etherscan.io/tx/0x3008a538d2846a510078d0797674bdcbf49549f7d9e0bdaf93add21a9c517b3c
2023-03-21 03:16:35,False,0.472,0.0002699,226.4,0.0611,0x19...0b2a,https://etherscan.io/tx/0x2c8a44904829c290236146959dda65d7922d089a5048f7e380d31214c445938c
2023-03-21 03:16:35,False,0.4723,0.0002701,658.336,0.1778,0x6e...ace9,https://etherscan.io/tx/0xd3c9ab4baf9c0c08e33ee949153042c0a42c61a7679f2fd6a2750df515cb9b3d
2023-03-21 03:15:35,False,0.4742,0.0002713,5960.32,1.61753,0xa3...f600,https://etherscan.io/tx/0x34f45899703eb367a9b7fc2f707d070a80277df76b864923f6430796abe99411
2023-03-21 03:15:11,False,0.4793,0.0002743,8933.8,2.4506,0xf4...f8d9,https://etherscan.io/tx/0x53048babb417c5f4b2a19a4dce147123e62f52a2a0fcdb0eaf5f96a3374ee2bf
2023-03-21 03:15:11,True,0.4852,0.0002776,467.638,0.1298,0x89...bfb9,https://etherscan.io/tx/0x6cc7fde07ee95f663359c984494edac81500b0f73aaf5b60fa681113d3e6dafc
2023-03-21 03:14:59,False,0.4857,0.0002779,10312.2,2.86642,0xff...2b35,https://etherscan.io/tx/0x3ee0f1bee6d7ef05a1f829b2941b27efb1bba47c0da2faa65c4d23367c603d31
2023-03-21 03:14:47,False,0.4901,0.0002804,1879.94,0.5271,0x77...dab2,https://etherscan.io/tx/0xce63fede3d39015539b952c73a61c6686d2f3b11cd185cbb3418730818fd49d1
2023-03-21 03:14:35,False,0.4927,0.0002819,5550.15,1.56491,0x29...84fe,https://etherscan.io/tx/0x51426b9ee66ba213e226da3710dc7e41d84402c807f5133e3b16aa16aeaa50d3
2023-03-21 03:14:23,False,0.4958,0.0002836,2519.01,0.7144,0x6f...4963,https://etherscan.io/tx/0xd432693eddbcea315b384b800d98432a65ba390f21d1f405135890cda40873ea
2023-03-21 03:14:11,True,0.4975,0.0002846,5973.1,1.7,0x09...f9f0,https://etherscan.io/tx/0xea65e21ebf01016d9e4167a1bd9839ffa7b6aa5678c6ff531b67dd2041d969a5
2023-03-21 03:13:59,False,0.4948,0.000283,6790.0,1.92207,0x35...7201,https://etherscan.io/tx/0x742cc8969246374b303daf340e53719723fda4de22fc6cc5089b205b4d35d85c
2023-03-21 03:12:59,True,0.5006,0.000286,524.317,0.15,0xa7...0269,https://etherscan.io/tx/0x53cc502c88156c1d904d185d08a3d01521b484c7245d2c61a6ce6bc210e40211
2023-03-21 03:12:47,True,0.4998,0.0002856,1750.65,0.5,0x91...cbce,https://etherscan.io/tx/0x33a1eb2001a87abf6191c3bbc1e7d0af2911afd9188ac3115485c2dc5144cbf5
2023-03-21 03:12:47,True,0.4991,0.0002852,87.6508,0.025,0xd8...4de9,https://etherscan.io/tx/0xb2f9156ca5dc968e90d4667d2f2410b7ffe9073b1352b39924552a26ecc49fdb
2023-03-21 03:12:11,True,0.4988,0.0002849,1234.1,0.3516,0x8c...e42c,https://etherscan.io/tx/0xd98971fdc73c92bb06db5460539798d7241429af99790f1d1dabac2721003a31
2023-03-21 03:11:59,True,0.4976,0.0002842,2005.14,0.57,0x68...654c,https://etherscan.io/tx/0x41730065f493f014404bd78d235f124d4980ea8a271a72bb7aef40be343dd090
2023-03-21 03:11:11,False,0.4941,0.0002822,433.309,0.1223,0x4a...6f2d,https://etherscan.io/tx/0x7aecf4113afe9231a238c2b7617d762286f6372dd6047e54458e118be0e9e186
2023-03-21 03:11:11,True,0.4857,0.0002774,32109.5,8.91,0x0b...9de2,https://etherscan.io/tx/0x5e92e6ef4c112ba2a9b589139bd21841dccab494cf04a958928160881b7cbbb7
2023-03-21 03:10:47,True,0.4747,0.0002711,51.9405,0.014,0x25...c6d9,https://etherscan.io/tx/0xeee1e546a5f0900f70e32f6bcca83c55683b999606404165679ca408da53cfd0
2023-03-21 03:10:23,False,0.4722,0.0002697,1174.51,0.3167,0xa3...f600,https://etherscan.io/tx/0x5273fc6e2f73613a58c8d66e321f817a155eebda415fbd95d3284d44dc6b7744
2023-03-21 03:09:47,True,0.4752,0.0002713,921.255,0.25,0x17...ca47,https://etherscan.io/tx/0x558251b78ba037b4589a18959ec32c02a66afe0d46d162e4d249bab15f19e9e5
2023-03-21 03:09:35,True,0.4748,0.0002711,161.0,0.0436,0x86...b47a,https://etherscan.io/tx/0x878ed14ba0cc36f9617ffc7733f808b69f6875c1219a6d03b9ea3a6ebe287e32
2023-03-21 03:09:35,True,0.4739,0.0002706,2677.23,0.7244,0x6f...4963,https://etherscan.io/tx/0xc721f85d4528a3ea127ef890268e2f6db43949b5933144b4b9478db090860240
2023-03-21 03:08:59,True,0.471,0.0002689,5760.26,1.5494,0xcf...50ab,https://etherscan.io/tx/0x06a36854fd3d97f1f5c30cb286ea0169348d180fa6ab665a952532dfd67bc59d
2023-03-21 03:08:23,True,0.469,0.0002677,747.004,0.2,0xab...2c66,https://etherscan.io/tx/0xa7c7075ffb983040b26661aacb47186bc53c0f93bbcf81375ccde5b7e3bf487c
2023-03-21 03:07:59,True,0.4683,0.0002673,1200.0,0.3208,0x8c...e42c,https://etherscan.io/tx/0xd5c38d8d76ad011a0a0a3a6ae745c82535076320576a1f80c1a407bea8eb2996
2023-03-21 03:07:59,True,0.4646,0.0002652,10000.0,2.65248,0xaa...4d41,https://etherscan.io/tx/0x9bcc5081d8aa746b5e26631d386dd62d474710e5db137f6f1745941047cce9b2
2023-03-21 03:07:35,True,0.4612,0.0002633,379.785,0.1,0xbf...b63c,https://etherscan.io/tx/0x84891dbdef1459586cc21db0382882a9c94702691d83fb119b6ad932ba16fca0
2023-03-21 03:07:35,True,0.461,0.0002631,246.193,0.0648,0x8d...b076,https://etherscan.io/tx/0x2545023b5ad21b016eb149abcab2cdcbf230804371caec8d1a1008b9d87dd904
2023-03-21 03:06:35,True,0.4598,0.0002624,3810.42,1.0,0x80...31cc,https://etherscan.io/tx/0x0947bc639b976b3cf4f0bd3919fe49da2d077d4aae8058214deb2666283c7022
2023-03-21 03:06:23,True,0.458,0.0002613,1912.9,0.5,0xf0...7d2a,https://etherscan.io/tx/0x39849823f51b7cbb65d8d96387ba8b24db36e6cbbd78f9f85e9f383d9e2b166d
2023-03-21 03:05:59,True,0.4561,0.0002603,3841.31,1.0,0xe6...80ff,https://etherscan.io/tx/0xd0c036830e84d8f69b41698469e5f3e4636fb435a08b5996153b1d69db8311a6
2023-03-21 03:05:47,True,0.4544,0.0002593,1404.9,0.3643,0x58...82e1,https://etherscan.io/tx/0x0e6ccd2e656ef8b0df2ce0451d1eeabd2d63b1f657f3a81fcb56ef050e27fe0a
2023-03-21 03:04:47,True,0.4532,0.0002586,2629.14,0.68,0x86...cc69,https://etherscan.io/tx/0x49630f7a72723718a804844e85393d893f9d601b91c3e29191085d839913b7e9
2023-03-21 03:04:11,True,0.4402,0.0002512,39405.7,9.9,0x0b...9de2,https://etherscan.io/tx/0xd333eff6164f83f3a7b65477e869b6007c25b4b662b3ed6616ba3f234c9674b9
2023-03-21 03:02:47,True,0.4284,0.0002444,130.0,0.0317,0x86...b47a,https://etherscan.io/tx/0xf81f644e47c6dcf3c2956bc46bbf31fc3f2024b0379ba003d28c9edb91fd07e7
2023-03-21 03:01:23,True,0.4281,0.0002443,941.442,0.23,0x8f...2f6e,https://etherscan.io/tx/0xc478d1e6ad3cc0ea66bf5b3ae18de09b88ead902eaa4b18ebe49e68f1f0df345
2023-03-21 02:57:47,True,0.4278,0.0002439,1024.68,0.25,0x8c...3dc8,https://etherscan.io/tx/0x5f901e14618a2f3c70173800fa5f9bf7f5e3583ede9e1e8bb58cc5e1da2eccb9
2023-03-21 02:56:47,True,0.4271,0.0002436,1231.5,0.3,0x1b...6e53,https://etherscan.io/tx/0x185427608ffcaf0c9d64768664e0ba7257c882b6ad46e0af0c090d09199f55d3
2023-03-21 02:56:35,True,0.4267,0.0002433,270.0,0.0657,0x4b...2cc4,https://etherscan.io/tx/0x71a2bbbb72dac3a7eefdc8e54a1de8b0b8198483f75ada382414e085d05ca405
2023-03-21 02:56:11,True,0.4261,0.0002429,1998.03,0.4854,0x77...dab2,https://etherscan.io/tx/0xd1ff634fa62024a821428abe367a48281bafe8e191d0d6518b121726ed37558a
2023-03-21 02:55:23,True,0.4253,0.0002424,1030.99,0.25,0x8c...bab5,https://etherscan.io/tx/0xf633c882cc7c2ebb5538164507d084b3e916ddf414c54f750147d1d71a2658fd
2023-03-21 02:54:47,False,0.4233,0.0002413,2910.0,0.7023,0x08...4bde,https://etherscan.io/tx/0x6ab81d168b5404e610d1c4fdcc3b1570fe345af0e6c2acc4375beb54669e174c
2023-03-21 02:54:35,True,0.4239,0.0002417,9578.31,2.31505,0x67...7053,https://etherscan.io/tx/0x7cbb043f3eea056cd6d1d604e6e15513a20e04352796d52d6e9bdf7921e26df1
2023-03-21 02:53:11,True,0.4207,0.0002399,1458.93,0.35,0x76...9606,https://etherscan.io/tx/0xdfc686465ecfe4741d86cb209777ae992840ce7f1b34fb01ecacc9784bf507d9
2023-03-21 02:52:23,True,0.4203,0.0002396,196.674,0.0471,0xda...cb6a,https://etherscan.io/tx/0x73b445b856394374190bee0b9585b7b0068f719eea1c995b48fa70ffd9354ca0
2023-03-21 02:51:11,False,0.4186,0.0002387,3880.0,0.9265,0x1d...9572,https://etherscan.io/tx/0x7aff5d573db602d36778b5d23c7a9b140cb31645ea5cb93f6a31a731922c8c40
2023-03-21 02:49:35,True,0.4211,0.0002402,4053.43,0.9736,0x63...80f0,https://etherscan.io/tx/0xb907f0c9e9a78e2d41a3a0a50e92004d374390a84ddbd7c41cbf89c29e5fd1ce
2023-03-21 02:48:47,False,0.4199,0.0002393,7636.55,1.82771,0x12...4196,https://etherscan.io/tx/0x5e2a7072a0c25c33969df420edc3ca4b386b9eed997c39690af6005b85b5a3ad
2023-03-21 02:48:35,True,0.4242,0.0002418,1219.92,0.295,0xda...6af2,https://etherscan.io/tx/0xd7de43d91ace8e6f34a856c48dae49c59824f2422a3c98333b58b15ec73aa20b
2023-03-21 02:48:35,True,0.4227,0.0002409,4150.37,1.0,0x1c...cc30,https://etherscan.io/tx/0x537ec68473560894e20b38194646453b366cc87367cffc0c9de5c3e0c475f77a
2023-03-21 02:48:11,False,0.4209,0.0002399,6790.0,1.6291,0x12...4196,https://etherscan.io/tx/0xb3002684d542ba927891e0a18ac3c430f29c7bbd5e0fc8c50516d0ac124c2491
2023-03-21 02:44:35,True,0.4243,0.000242,2573.21,0.6228,0xda...cb6a,https://etherscan.io/tx/0xcbcec2f6e1d9578f892eabf91036cbdd7f35283c8d385a9b8fc69dbd8b4503fc
2023-03-21 02:41:59,True,0.422,0.0002409,4150.11,1.0,0x8d...7220,https://etherscan.io/tx/0x92323c7f235295e307aaccad888a54d437ba59e17b04bc75e92315fc2ad92adb
2023-03-21 02:37:47,True,0.4197,0.0002402,416.291,0.1,0x65...55a7,https://etherscan.io/tx/0xfe8e90eb95844d89199c0adc5107a31b9b73fa0e083c159ea4603656569bbf66
2023-03-21 02:37:23,True,0.4193,0.0002401,250.0,0.06,0xa8...1448,https://etherscan.io/tx/0xf729a748c00c5e30e36ff0e13eee461ec878d053d5b1cf00c0b75a3d84f65531
2023-03-21 02:34:23,True,0.4182,0.0002399,958.682,0.23,0x7d...198e,https://etherscan.io/tx/0x34c8a4ce18ba884ede973a7c03b5275996162bd9b3bff67ea9480ca0b6870ce3
2023-03-21 02:32:35,True,0.4148,0.0002379,11000.0,2.6179,0x06...b2c4,https://etherscan.io/tx/0x3c92d7ac85570a71965dd402be75eb2a3c3968c15e44590f3d31a1178db9f06c
2023-03-21 02:32:35,True,0.4117,0.0002362,277.757,0.0656,0x58...061e,https://etherscan.io/tx/0x9706c1464e52fd2867d04a2d9a6377ace2c7798ebbfb8891b4a2adb99e3e8340
2023-03-21 02:31:35,False,0.4117,0.0002362,9351.53,2.20897,0x12...4196,https://etherscan.io/tx/0xd125711c5d8d503b62d7487f4198c526cac67a750e5efaca964909e80bab04ee
2023-03-21 02:31:23,True,0.4168,0.0002391,45.6514,0.0109,0x45...e6bf,https://etherscan.io/tx/0x9f25ee55cc8cfe17e60458753b95a3d030863a0ee096508845d55800f2b6714c
2023-03-21 02:30:59,True,0.4169,0.0002389,871.217,0.2082,0xef...1606,https://etherscan.io/tx/0x405d785d5be6a5cea4838ab1b55f5d986a47c658101a2e72240fcb0fa5feb116
2023-03-21 02:30:47,False,0.4147,0.0002377,2143.28,0.5095,0xe5...22f8,https://etherscan.io/tx/0x32d27f2aaf1c587c2442db44f7f25dea648e11dabf00d52cb9fbdc8880fba48e
2023-03-21 02:30:47,True,0.4175,0.0002393,1044.49,0.25,0xca...2ce0,https://etherscan.io/tx/0xc273e31dd3e8273b8f1127a3446e44a77adb4214da4dc3da63204e7f5657a386
2023-03-21 02:28:47,True,0.4173,0.000239,580.628,0.1388,0xca...0b7b,https://etherscan.io/tx/0xd9d4ee848ff66b267d8a054b638d40fadb312fb20cfa3278e7f565a430a7b3a6
2023-03-21 02:28:23,True,0.417,0.0002389,418.532,0.1,0xf8...0a3c,https://etherscan.io/tx/0x6416cdc2f7b4a5a583c765cd107ebcbe58a05e921c1ed129e93e0caf6fb03acc
2023-03-21 02:27:23,True,0.413,0.0002364,15226.0,3.6,0x9c...9436,https://etherscan.io/tx/0x17622c63906fca7cf394bcc2e645ef71575a9eda5d075557c8f74fed01a812b3
2023-03-21 02:27:23,False,0.4091,0.0002342,10188.7,2.38648,0x82...f729,https://etherscan.io/tx/0x9ce873e02d91a72bc7987df63df3fcca6f73b7c56a00c8a551b4d4c17285d7fe
2023-03-21 02:25:47,True,0.413,0.0002365,4184.66,0.99,0x51...ee5b,https://etherscan.io/tx/0xe04257afdc6a57f5833f64a8590883fc4757e6454b53ea84b153f290cfe89532
2023-03-21 02:25:35,True,0.4116,0.0002357,1060.45,0.25,0xc4...27a9,https://etherscan.io/tx/0x2aca6e8e758b9ffb62d00a68f2c45077168612036221f856116833f59e4ecd7d
2023-03-21 02:25:23,True,0.4031,0.0002309,30316.1,7.0,0xf5...b906,https://etherscan.io/tx/0xc409076a520b06c095c3c7898155def0bd9f2d3f5a8002047d9d0ccffde09e2d
2023-03-21 02:24:59,True,0.3948,0.0002261,1253.22,0.2834,0xe4...e4d6,https://etherscan.io/tx/0x7e73d78e3d2ad396c67fa67e12408ab0c59141202a0b1a103c1b5ae908468ab7
2023-03-21 02:23:59,True,0.3944,0.0002259,347.226,0.0784,0xd3...4ac7,https://etherscan.io/tx/0xd5c34581f202465df13d4576d0584505c197018a93b3d31e959f047dc8e322e0
2023-03-21 02:22:47,True,0.393,0.0002252,4396.06,0.99,0x51...ee5b,https://etherscan.io/tx/0x6ece61766c73f3ebc99af72f42b89c8f979c9d71d0dcc390fd19dbb37e5bde0f
2023-03-21 02:21:59,True,0.3896,0.0002232,8958.55,2.0,0x9e...2baf,https://etherscan.io/tx/0xc43d9bdba66a067c5da06613ec0714e1fba5ca16cd0072e5abb8f2995de78335
2023-03-21 02:21:11,True,0.387,0.0002217,1285.11,0.285,0x68...11c5,https://etherscan.io/tx/0x738c5afa8ec81cdbe7384680906d475f3ec7ff57ab19edd20eb2c01cc3e3ed91
2023-03-21 02:21:11,True,0.3862,0.0002213,1943.0,0.43,0xb7...04d1,https://etherscan.io/tx/0x667acb79b32cab1c860faf64fdfe51058fba92a4f7a5894754d89f570874d3ed
2023-03-21 02:20:23,True,0.3855,0.0002209,905.389,0.2,0x58...6b07,https://etherscan.io/tx/0x6162b668ad83794e97797713541bfeca6d77ceee95540f58ddaaf758c0631b23
2023-03-21 02:18:59,True,0.3853,0.0002207,284.374,0.0627,0xb0...1f2c,https://etherscan.io/tx/0xb00ac5983f17055589296fc8a67adae98a0b472c26c64d63868b67f2ab0500a6
2023-03-21 02:17:59,True,0.3849,0.0002205,1315.18,0.29,0xfa...f5b1,https://etherscan.io/tx/0x05ac1a5f88c60ad5df4cd2d2a4426673d8fc30f823d65c794df050440aa151d8
2023-03-21 02:17:59,True,0.3842,0.0002201,1287.0,0.2833,0xe4...e4d6,https://etherscan.io/tx/0x814f6c806e2c68c76c0919fd511e3f3fdae0ed79fe9a5bd85a30fba4fdf69b0e
2023-03-21 02:16:59,True,0.3828,0.0002193,4514.19,0.99,0x51...ee5b,https://etherscan.io/tx/0x2e6dd8572f53f8371b5919c7eaa2cc884f07368cb8b0f271493ddf8dece52c4d
2023-03-21 02:16:23,True,0.3803,0.0002181,3667.09,0.8,0xbf...efc3,https://etherscan.io/tx/0x01f2dd43cd2519ff94bc256bcc54746299b21690109c65d37b7c51134caad05b
2023-03-21 02:15:35,True,0.3737,0.0002144,23317.8,5.0,0x17...ca47,https://etherscan.io/tx/0x5593800826e7dffa4019b1365e09c38be0aac148ef08995c8ad14c1d890e8bfc
2023-03-21 02:15:35,True,0.366,0.00021,9494.96,1.994,0xf4...f8d9,https://etherscan.io/tx/0xb8ad017973d55a1b0dcf0aa7a38ecb40cfc471fba44dc2259456785fca7b9346
2023-03-21 02:14:35,True,0.3633,0.0002086,958.643,0.2,0x62...53cf,https://etherscan.io/tx/0x4751596f5397b2a4be8cf35cc3a24b4b16601ec2eb9793f438a1782eb282045d
2023-03-21 02:13:59,True,0.3624,0.0002081,2581.94,0.5374,0xe4...e4d6,https://etherscan.io/tx/0x9fe9c17dbb8c3dbdfacade17706cf1ca53044fa0f6b8ed31d757d0eb3a89a5e2
2023-03-21 02:13:11,True,0.3614,0.0002072,4777.87,0.99,0x51...ee5b,https://etherscan.io/tx/0x7c5a826d6b403154346ea7f363b459e649a32fc3c0aa8e707c4c81db7009eded
2023-03-21 02:12:11,True,0.3605,0.0002065,532.641,0.11,0x05...6371,https://etherscan.io/tx/0xf5ec1f4f80a815eae92710080123d6712f958d129e66d9e373bc4cf09fdbc7ac
2023-03-21 02:10:47,True,0.3593,0.0002058,4809.81,0.99,0x51...ee5b,https://etherscan.io/tx/0x473e2ccf3a7ff2c4338c3418969f655146edf2cba033bb6f4db253d95b15ff07
2023-03-21 02:05:23,True,0.3582,0.0002051,146.203,0.03,0x8f...12a3,https://etherscan.io/tx/0xbe6cfd139cf02813c018d4ef374b15bb149d821d75274fc2a1cfe6928e0e189c
2023-03-21 01:50:47,True,0.3592,0.0002048,2782.94,0.57,0xf0...7d2a,https://etherscan.io/tx/0x740bce9f07661b4d25ef787b6260cd6002cb8b746f9b9f860e3273f3e32103c1
2023-03-21 01:48:23,True,0.3586,0.0002044,286.112,0.0584,0x61...ffc9,https://etherscan.io/tx/0xf5a1e2e77a245ea7096d4ad22530aba43c495037449e047b04713f8e04dd4cfb
2023-03-21 01:41:23,True,0.3559,0.0002037,4779.8,0.974,0x82...f729,https://etherscan.io/tx/0x7b1e7d6ee5c5c377dbee4f6a4c86803b34ab1231e6bc52a6852a68bc427d2b99
2023-03-21 01:39:47,True,0.3545,0.000203,1477.86,0.3,0xa1...8838,https://etherscan.io/tx/0xcdb8d973495b40e3272455e4b027bc3469ed34291f6369bea8ca04e9f2d3ed20
2023-03-21 01:39:35,False,0.3524,0.0002017,1590.8,0.321,0x06...b2c4,https://etherscan.io/tx/0x36c9b4b7351a7194375aeb81a62fc5dace5e71a64523b261d5f2137d45e44b0b
2023-03-21 01:37:47,True,0.3542,0.0002031,344.546,0.07,0xd8...4890,https://etherscan.io/tx/0x220f995268a87fbcd00265ff20d7efe2b64e4eabf637224768093581a61b353a
2023-03-21 01:36:35,False,0.3518,0.0002019,485.0,0.0979,0x85...b23b,https://etherscan.io/tx/0xfa5005b97866a0dee23daafb5fd5d5ea726460abd3b55e64b02c8f33d6ead5cb
2023-03-21 01:36:23,False,0.352,0.000202,256.108,0.0517,0xaf...1945,https://etherscan.io/tx/0x389aafd1902522ccfbaa2a3e0992a5cdaf3d27331111efbc13dc7fa4ed52a929
2023-03-21 01:28:47,False,0.3522,0.0002021,679.0,0.1372,0xe9...e78a,https://etherscan.io/tx/0x97b2ea6a9f6307d80f7b9adad855a9f19c324b71bb7f35fbb071de7c514ae1ad
2023-03-21 01:17:35,False,0.3507,0.0002022,220.955,0.0447,0xf2...818c,https://etherscan.io/tx/0x287f85d5d1f0a7a63bbebc42e969f98a3000f275bdb2d01d6b46878d036cda9e
2023-03-21 01:14:11,True,0.3528,0.0002034,402.979,0.082,0x22...2853,https://etherscan.io/tx/0xc161c659ebdc8ee251b716c56f70918636953326d869c76dc7c08c756e418230
2023-03-21 01:13:11,True,0.3522,0.0002033,972.649,0.1977,0x04...addb,https://etherscan.io/tx/0x57452eac0d43122330013381a8bee6a6107bbbb9508705502703fbacb0b2a0d3
2023-03-21 01:11:47,True,0.3511,0.0002029,2058.73,0.4177,0x5f...a7c5,https://etherscan.io/tx/0xbe819b9e08205ddbf040cfbe87e901485bdd102b2410d7c01fdea8c6059a514d
2023-03-21 00:58:23,True,0.3503,0.0002024,2000.0,0.4048,0x56...6fad,https://etherscan.io/tx/0x8439ee121c913ab074393b2a632a0cdf4e0ab99631c2824e415cfa76053419fa
2023-03-21 00:57:47,False,0.3478,0.000201,873.0,0.1755,0x56...8f82,https://etherscan.io/tx/0xafb12a069f3609d7d41d7673c9049611a5d72daef604290fe788ea86cb663611
2023-03-21 00:56:47,True,0.3499,0.0002023,667.316,0.135,0xf5...9221,https://etherscan.io/tx/0xbbab0503f5b744bcd834536b3b71b526c6ffadcf77cc97149b8c96154d9bd8c6
2023-03-21 00:55:47,True,0.3497,0.0002021,267.8,0.0541,0xa2...33f2,https://etherscan.io/tx/0xfd1edff9dad40c6afb09a3604a8ca96f955b4e88c7790bd7a6b4034940d97f89
2023-03-21 00:51:59,True,0.3489,0.000202,1039.49,0.21,0x2a...d326,https://etherscan.io/tx/0x235235b34f5b52130652df97ecd5b6e2226f1da2aaf6af1ce1d4ff28e30bd63a
2023-03-21 00:49:47,False,0.3469,0.0002007,253.524,0.0508,0x5b...6e58,https://etherscan.io/tx/0x5fc97090998b2e22251d7585657b6cd1e50b3b4a727431ceaa442372120f511d
2023-03-21 00:47:59,True,0.3457,0.0002003,12999.8,2.60441,0x12...4196,https://etherscan.io/tx/0x462692319b589ffd1c75d09572c1618bb7cfdb9aeb9bfcfc51e64a52a6d9d31e
2023-03-21 00:46:47,True,0.3429,0.0001987,145.358,0.0288,0x12...4196,https://etherscan.io/tx/0x252995da89e8b009120549e988ae3404f9202add7237a99ad9477ed8f5946a00
2023-03-21 00:46:23,False,0.348,0.0002017,33826.1,6.82274,0x6e...2059,https://etherscan.io/tx/0xddc691273299dd67678671f05d5897a7b2a5ab40803695e1c96e147b58818464
2023-03-21 00:27:11,True,0.3584,0.000207,1497.56,0.31,0x73...25e3,https://etherscan.io/tx/0x47f9487ec41d108d73f4ba076641167b1b6ee660a1f74a57c727209ecd5f582a
2023-03-21 00:27:11,True,0.3579,0.0002067,507.875,0.105,0xa4...ffa0,https://etherscan.io/tx/0x576613bed77cbf53a496f850e4ce7fedcfb3f69bcc8a3e0cdb1e9bfb3d18293f
2023-03-21 00:24:11,True,0.3579,0.0002065,681.84,0.1408,0x6e...68e6,https://etherscan.io/tx/0xfa8a1530a7182376139bac8f0efa83e22425378b456f9d9d454ac2b016479a76
2023-03-21 00:15:59,False,0.3573,0.0002057,3865.45,0.7953,0x58...6c07,https://etherscan.io/tx/0xfb7a109b5123db5f2540679ccbc231358711604c4847fe38f9a117b5be0285a0
2023-03-21 00:15:59,True,0.3603,0.0002074,180.742,0.0375,0xd3...1e79,https://etherscan.io/tx/0x7bb404feeb3f9b9d2f92dd910d8d5f66fb6f604b2c69e15b5f67336e93c82edd
2023-03-21 00:11:59,False,0.3598,0.0002062,517.495,0.1067,0xe9...4c94,https://etherscan.io/tx/0x3cee0657e120533fbc8aa1ed39f6c7a5569beea8f1192714922d6afdfef7ad71
2023-03-21 00:08:59,False,0.3609,0.0002069,4678.31,0.9681,0xad...4ef4,https://etherscan.io/tx/0xed2daaffee3c7e9ec030a314feac3b96a983eb7adfc48072314cfc5c7993d95d
2023-03-20 23:54:23,False,0.3629,0.0002076,485.0,0.1007,0x58...71c6,https://etherscan.io/tx/0xb169ab84939eda0d78a2e9f4a381e6168412b6130c3ad6d39a8143d6ab6018f5
2023-03-20 23:53:59,False,0.3635,0.0002079,1940.0,0.4034,0xd0...9915,https://etherscan.io/tx/0x693328b49917d00327f5684c39befc22057924d980c8c5750d79f3b34ada66a8
2023-03-20 23:53:35,False,0.364,0.0002082,485.0,0.101,0x7c...fec3,https://etherscan.io/tx/0x24c539b5adc36b7d305682ac9aafa481251af3e18de19cb1ced0b355642897b2
2023-03-20 23:53:23,True,0.3635,0.000208,12000.0,2.49597,0x06...b2c4,https://etherscan.io/tx/0x0e237ff05f56f8723d00e3f918f00bba28ae660f9769ec51b17bbf1b3c3d732a
2023-03-20 23:53:23,True,0.3596,0.0002057,5000.0,1.02897,0x82...b5fc,https://etherscan.io/tx/0x044e8af6ea5ba3bd587189e190bf06dc420264770d476def1dd30c329365f702
2023-03-20 23:48:59,True,0.3585,0.0002051,160.0,0.0328,0xdd...aa1b,https://etherscan.io/tx/0x569b4a137afeac1f7897d1ba0cf2739ef346ac575650c3048870b2650865337a
2023-03-20 23:44:59,True,0.359,0.0002049,1170.95,0.24,0x81...7cda,https://etherscan.io/tx/0x173018222172c8ae8e40a1ab58650dcc99684dc6181eb2f3b10af9c61a5ad712
2023-03-20 23:43:35,True,0.3539,0.0002023,19770.9,4.0,0xc7...ddb4,https://etherscan.io/tx/0x02b090652f59d898c25272267787559a07dfc24754eef90714fe4b1dbcc9a653
2023-03-20 23:40:35,False,0.3474,0.0001987,823.136,0.1636,0x79...ff64,https://etherscan.io/tx/0x0d267be656bcac5db77614bea8267004bb239859a9c10108d8f120ac59c27ef7
2023-03-20 23:39:59,False,0.3478,0.0001989,970.0,0.193,0x56...8f82,https://etherscan.io/tx/0xf7085dcfaad0dade9475ccd7d9f02546d0fee8966f910dc53ec4485cd8004272
2023-03-20 23:38:23,False,0.3485,0.0001994,2483.2,0.4951,0xf2...57cb,https://etherscan.io/tx/0xfea6bba6a32e25b741bcc582a729a7af7fb4513056e52e01c3631ad71da8d1d1
2023-03-20 23:32:23,False,0.3575,0.0002046,38800.0,7.93847,0x06...b2c4,https://etherscan.io/tx/0x71f7893d775aa693328187972064074dfdc281e1dd3aec0b705154b316bafc6e
2023-03-20 23:29:23,False,0.3677,0.0002104,6353.84,1.3371,0x97...86b2,https://etherscan.io/tx/0xfb3d472a27d5a2789d542d0a7d901ca415a44aea05e0ec21cef4a6793ccc8aa8
2023-03-20 23:23:59,True,0.3713,0.0002123,1884.09,0.4,0x81...7cda,https://etherscan.io/tx/0xf7344dcbd6f6eae918abc4b883bc56cc8f3be5cf241327a73b8d3cbe7d7467d3
2023-03-20 23:17:59,False,0.3687,0.0002109,1358.0,0.2864,0x79...d0c7,https://etherscan.io/tx/0x9e8a754455e5f28ab8d31523e33badce34244206842e97f3b74ca261ccb74aca
2023-03-20 23:15:11,False,0.371,0.0002123,9136.43,1.94032,0x85...acae,https://etherscan.io/tx/0xc9891ee9c7ebf8aa19d94dc158734868c198e844110fd4b3742df65714e3e0fb
2023-03-20 23:12:11,False,0.3738,0.0002136,485.0,0.1036,0x58...71c6,https://etherscan.io/tx/0xc98581640d6d63bf7d7242c9b2014ebbdf50522450750fde97c2dfad55ce288c
2023-03-20 23:11:11,False,0.3741,0.0002138,485.0,0.1036,0x7c...fec3,https://etherscan.io/tx/0x2e4bc9af792da21565432e49077b11f78a0746cac4f30557c02c5714fd6b74b5
2023-03-20 23:09:47,False,0.3766,0.0002152,9700.0,2.08743,0x42...11e1,https://etherscan.io/tx/0x1cf39424fdedf32bd96d836b424189e2c4dc28f38a28d2fd993027185ac9748a
2023-03-20 23:05:11,True,0.3797,0.0002167,7611.49,1.65,0x81...7cda,https://etherscan.io/tx/0xff2c1e00d02127a79e4c914d950531a00a525515c6901e5f31aa5d5f715813df
2023-03-20 23:01:59,False,0.3762,0.0002145,1115.5,0.2393,0x5d...0aec,https://etherscan.io/tx/0x03403a0e260e376a45e7113032f0e5074ff7fdc1bac82459c7645010ebb40295
2023-03-20 22:56:23,False,0.3771,0.0002151,2910.0,0.626,0xe9...e78a,https://etherscan.io/tx/0xe69298a5930a14a065ba363139bc615de96dfe9f183336410243ab65431a2645
2023-03-20 22:56:23,True,0.3801,0.0002167,294.135,0.0637,0x98...b337,https://etherscan.io/tx/0x650b1bea7358c989c4cb94e7228711765cd85d2babbf14c0d096cf23313e9687
2023-03-20 22:51:35,False,0.379,0.0002161,4850.0,1.04821,0x06...b2c4,https://etherscan.io/tx/0x0ab39e459d4ddc66af7a97f0c9c45c2e27416a1aeb51da5fdac25627dbfe6578
2023-03-20 22:45:47,True,0.3816,0.0002177,2295.88,0.5,0x59...ace2,https://etherscan.io/tx/0x778293a851a5cb3b379f57882c28637969622bcaaa12cd6eb3e5cca07ca1b429
2023-03-20 22:45:47,True,0.3809,0.0002174,300.0,0.0652,0x58...b4e0,https://etherscan.io/tx/0x90207d63f29d6ec2fcf26a548ec17c9934b393d98810f4fda760e7180d8eef40
2023-03-20 22:45:47,False,0.3787,0.0002161,485.0,0.1048,0xe9...e78a,https://etherscan.io/tx/0x7ac2ccb80596701d6eccafec320ba6db13a89b1a863767cce4ff6a2cd17cd12d
2023-03-20 22:44:35,False,0.3806,0.0002168,4462.0,0.9674,0x15...b004,https://etherscan.io/tx/0x76e3bfff7cadeb2fe7116eda7511ce3ee429ae7b65722c84def2a16ce40a6622
2023-03-20 22:39:47,False,0.3822,0.0002176,1487.47,0.3237,0x71...9fc5,https://etherscan.io/tx/0x9468c9fce1f3268a0f297abcd09b97152f014d76bf87c41d3abc381d9553de01
2023-03-20 22:35:23,False,0.3827,0.0002179,696.46,0.1518,0x03...569a,https://etherscan.io/tx/0xa93e920d8736c467925b811a66dbb59d7872375d1532fe0a3d707811c3593c35
2023-03-20 22:23:47,True,0.3815,0.0002171,16120.5,3.5,0x2c...33a6,https://etherscan.io/tx/0x7794981f3c56a15137fe91df28347dbcbefdbc6ca0deba642c6c6042dd8227ef
2023-03-20 22:23:23,False,0.3754,0.0002136,63.05,0.0134,0xa2...59f5,https://etherscan.io/tx/0xe65459ec29a2e9d123686fb74c2aa4a7acff1ee5fb88aaef746c8487adb00d2e
2023-03-20 22:22:23,False,0.3754,0.0002136,22.6752,0.0048,0x1c...5286,https://etherscan.io/tx/0x3a530f64e2b81b33d5ccefa7462aeff201065e64ef3acd8eb61e94901f898c83
2023-03-20 22:16:47,True,0.3758,0.0002138,7450.94,1.59368,0x32...e2c0,https://etherscan.io/tx/0xea84b5d0d9cefc5a4a73cc7f61cff106787eb994f50afdfa5229f86f354b78a4
2023-03-20 22:16:47,True,0.3738,0.0002127,940.065,0.2,0x11...92ea,https://etherscan.io/tx/0x7bf59b773df463ab90101becf67ad74597518895e2d068c5f4ce5bb37f7100ee
2023-03-20 22:14:11,False,0.3715,0.0002114,776.0,0.164,0x79...d0c7,https://etherscan.io/tx/0x161852c9409f078f25d7bade0070401ebd46a9f524e7f897ee994a78c98e2a63
2023-03-20 22:14:11,False,0.3745,0.0002131,11561.6,2.46403,0x79...d0c7,https://etherscan.io/tx/0x161852c9409f078f25d7bade0070401ebd46a9f524e7f897ee994a78c98e2a63
2023-03-20 22:09:23,True,0.3757,0.0002135,17827.8,3.80705,0xf2...57cb,https://etherscan.io/tx/0x9c25c2c362412ad32a7f7125b2d7688e8ce026003c69eb41e099a2e913055ad9
2023-03-20 22:07:23,True,0.3693,0.0002098,9529.58,2.0,0x00...7291,https://etherscan.io/tx/0xea05d5990c76f0c99c1e718f9168720785b8d9174b62e861454af61d8aa54d0a
2023-03-20 22:00:59,True,0.3662,0.0002083,2400.36,0.5,0x9b...c0f8,https://etherscan.io/tx/0x7f602f51eba6d70489a3d70bd03a00ce2bf5b439d4f7b2267269fb27a05d1dde
2023-03-20 22:00:35,True,0.3656,0.0002079,200.0,0.0415,0x4b...2cc4,https://etherscan.io/tx/0x344d4b15aa54a39dbc5417a5c9a6685d12885051eef1a79b2af773eb955fa5a2
2023-03-20 21:58:59,True,0.3654,0.0002078,1000.0,0.2078,0xb2...18c6,https://etherscan.io/tx/0xefbbf329e9aa26a59bed2836625eb60a6748b624781cbb625902cda4faaa6b19
2023-03-20 21:57:59,False,0.3767,0.0002142,58200.0,12.469,0x96...317e,https://etherscan.io/tx/0x8b468fa8ec5e2931ff80856371c9c4d778e734db6ba33ce0976433dda2ce991d
2023-03-20 21:54:59,False,0.391,0.0002224,970.0,0.2157,0x4b...2cc4,https://etherscan.io/tx/0x24aab2535b14ff8260909e71115c545967842e459930338777e4b264cfdcd218
2023-03-20 21:44:23,True,0.3926,0.0002237,1264.51,0.2829,0xd0...56c3,https://etherscan.io/tx/0x4f205edac2531586418667c51118d98a516d23a7b44ca8086486a33fe7df013d
2023-03-20 21:42:59,False,0.3935,0.0002243,14194.7,3.18401,0xb9...35e0,https://etherscan.io/tx/0x57ffe55b1f7bda415673346d7986645e46c16ccf19aa7c189c6caabe3bdf6c35
2023-03-20 21:41:59,False,0.3974,0.0002264,582.0,0.1318,0x2a...d28b,https://etherscan.io/tx/0xb7d512e61bcde924ebc01b0b2819ae62d3ec0a88ee47e26e314f4cf8edc945b8
2023-03-20 21:36:59,False,0.3985,0.0002269,2263.01,0.5134,0x84...c025,https://etherscan.io/tx/0x65ba4250e038b6274c612845e515d47e9601ed28e4c77bbe4b39bda322d19a67
2023-03-20 21:36:23,False,0.3997,0.0002275,2263.01,0.515,0x84...c025,https://etherscan.io/tx/0xf6f458ae96256de65eae15e021ccd5f58c2e556dd360901f0c27fdbfaef11b8a
2023-03-20 21:29:35,False,0.4016,0.0002286,4850.0,1.10893,0x06...b2c4,https://etherscan.io/tx/0x1bd5e2a141ce8156c3b6b4cd3db24d10ccb83de3d09125bee9517d3991f8f325
2023-03-20 21:28:23,True,0.4033,0.0002296,7359.38,1.69,0x24...1bc9,https://etherscan.io/tx/0x3986197741cb396eb0452de1b37fdcec6cc8a2b2361e0fea23047ba1a7932642
2023-03-20 21:24:59,True,0.4001,0.0002277,4960.86,1.13,0xf2...57cb,https://etherscan.io/tx/0x1ff7cfa8b4cc48ba23b71c62a862c0f22c0104546911cc6c938394112ea33b15
2023-03-20 21:24:47,False,0.3981,0.0002266,6292.6,1.42601,0xd6...75e6,https://etherscan.io/tx/0x08bf4bf7365c786bfc4f8bcb51d0926a20dae8235d2627a5f043deba6519ea35
2023-03-20 21:23:11,True,0.4018,0.0002289,174.751,0.04,0x44...cb2d,https://etherscan.io/tx/0x5535625fc1e5fdf569dc745c9b96cdf45defcc8fa471bf59ef0376c9f3e859a8
2023-03-20 21:21:11,False,0.3996,0.0002277,1344.75,0.3062,0x44...ff0f,https://etherscan.io/tx/0x71989af0f914d42689c6b5b75e938a3d4c6503f625085cca240999e7ec383c98
2023-03-20 21:18:47,True,0.4015,0.0002287,3466.63,0.793,0x08...3df6,https://etherscan.io/tx/0x1f578a44e97bd4c2b8aced5b4c1a60961ed687cc6ae21c6880a0be1d2f1addbb
2023-03-20 21:15:35,True,0.4004,0.000228,1082.18,0.2468,0x86...8d66,https://etherscan.io/tx/0x061ae73a6cf01c891f7d60b475707dccd5a23861ce2df3df6703c7f8de4d92e6
2023-03-20 21:15:35,False,0.3978,0.0002266,474.432,0.1075,0x32...a389,https://etherscan.io/tx/0xe02e3b6e180dd8461bb44374ff00a4fffa95b1843e2cccdf3a09eac1140c1608
2023-03-20 21:13:47,False,0.3974,0.0002268,1331.34,0.302,0x97...0026,https://etherscan.io/tx/0x0c8ef4063f3b3af122efb937eda214bbbf3c61c75d77f307a360e11fcf3954b6
2023-03-20 21:13:11,True,0.399,0.000228,2607.92,0.5947,0x08...3df6,https://etherscan.io/tx/0xc6dabb7eca46a3deef6d05cec814069ac80cb079212714becc1ac8719050eb76
2023-03-20 21:11:59,False,0.3986,0.0002277,9705.88,2.21052,0x81...7cda,https://etherscan.io/tx/0x897c88b219b43cca1546625453b2a8f31d17924d39017a7401bbf255eadd088f
2023-03-20 20:55:35,True,0.4041,0.0002305,473.129,0.109,0xed...e4a3,https://etherscan.io/tx/0x3c57a16a821edeb2c916919b5863a500d5f02d3cb7173330641d18a3e431e848
2023-03-20 20:51:47,True,0.4041,0.0002303,486.48,0.112,0xdc...5d19,https://etherscan.io/tx/0x46e296461c133931b4767ab2d92695833f1fc4af18bb35c162dc851ba518fe23
2023-03-20 20:42:23,True,0.4023,0.0002299,2482.54,0.5707,0xac...fb0e,https://etherscan.io/tx/0x5bd4af548c7cc57ab59739c0ef38acdc29fc44f4bc48dbd719ff7775581178dd
2023-03-20 20:42:11,True,0.401,0.0002291,2490.77,0.5708,0xac...fb0e,https://etherscan.io/tx/0x9fbce39edf361b87e80e66230a85828ff4d53df50e90844252da518b4a0e8130
2023-03-20 20:36:59,True,0.3957,0.0002265,15141.7,3.43,0xf2...57cb,https://etherscan.io/tx/0x85c75c6fca407f26cff25c156eb1c292e4a71e5593ea0dddc1fe19182efe4923
2023-03-20 20:34:47,True,0.3905,0.0002238,2903.49,0.65,0x9b...c0f8,https://etherscan.io/tx/0xac6b638e9a0dd8c6386fee93524e9111978daf1b31f4407fcc2576472c15d907
2023-03-20 20:25:59,True,0.3882,0.0002225,5930.3,1.32,0xf2...57cb,https://etherscan.io/tx/0x32f9867ddfb5430cbbece99ec012395bcd09f8ba5d7f25ceb2059fffc80fb001
2023-03-20 20:18:11,False,0.3871,0.0002205,958.579,0.2114,0x37...5a82,https://etherscan.io/tx/0x33d9655f32c6da2ee95cc487bd9eb9fed1b41355bba2ea71568c4a8a85c98ba6
2023-03-20 20:17:11,True,0.3869,0.0002204,11069.8,2.44,0xf2...57cb,https://etherscan.io/tx/0xd2a373c547becf7cd03b914c97e624bc71d0ea3fb50dff1b29401024a1897504
2023-03-20 20:16:35,False,0.3829,0.0002182,4850.0,1.05837,0x96...f722,https://etherscan.io/tx/0xa822d18cbab34f6a0fb6448bafe30749ffe121856a269af11468360e07a5ce3d
2023-03-20 20:14:47,True,0.3862,0.0002198,2580.2,0.5672,0x44...0883,https://etherscan.io/tx/0x72ecb389e5660091e011a7bb01dc05ffbd6b2491c4ef2f8c0eec969110ef80ed
2023-03-20 20:14:11,False,0.3835,0.0002183,1066.03,0.2327,0x11...92ea,https://etherscan.io/tx/0x3f24ee56d1b50986b0750a2e640e5e82daa2c658e315803b223b564f811cc859
2023-03-20 20:12:11,False,0.3843,0.0002185,601.4,0.1314,0x49...d2e7,https://etherscan.io/tx/0x2afbf2c49402de3ab08f53395de643a0953126b761e30e809017df6319fc4bef
2023-03-20 20:08:47,True,0.387,0.0002199,250.086,0.055,0x58...061e,https://etherscan.io/tx/0xa184fac3e4ed5af40d87c271b411baacbb8c240c3cee9d2a478db37f5c51b6af
2023-03-20 20:01:23,True,0.3871,0.0002195,2277.23,0.5,0x62...53cf,https://etherscan.io/tx/0x75a54c47555556c3b7c7fc1d90f5529d7a13a9dbf30cee4e3a5981673d29d971
2023-03-20 19:57:47,True,0.3862,0.000219,1415.24,0.31,0x88...7627,https://etherscan.io/tx/0xb76000df6599711545784ae8a484b937b7d90372a799e548a0f8e8c70ec30ba5
2023-03-20 19:57:11,True,0.3858,0.0002188,251.361,0.055,0x49...16bb,https://etherscan.io/tx/0x6c5dd734a8901fa3df71ca9ce216b82ef8f963c53fa660f110803c72b491a3bd
2023-03-20 19:55:11,False,0.384,0.0002178,2670.27,0.5816,0x8c...e42c,https://etherscan.io/tx/0x783b1672488f2400a51aacb50ca3e736d937acd01bbd1bceb02fff9a0df5911d
2023-03-20 19:55:11,True,0.3847,0.0002182,9256.71,2.02,0x85...f693,https://etherscan.io/tx/0x56ad4555aa93f450e380e46c32f973e7056f64bcf223937d10880aeb93d168e4
2023-03-20 19:53:47,True,0.3826,0.0002168,500.0,0.1084,0x04...5347,https://etherscan.io/tx/0x84478cec223ddae19050f7c9d0a647dfd4f4d757e01687ba5491f437b9db133c
2023-03-20 19:53:11,False,0.3809,0.0002158,2910.47,0.6283,0x96...4874,https://etherscan.io/tx/0x251da34fecbbf7d40436deee9aa8476861455bbdb2e8c33bf772a66abb3cbbd4
2023-03-20 19:52:47,True,0.3803,0.0002155,14718.4,3.17263,0xf2...57cb,https://etherscan.io/tx/0xbd6dd680889ec16346175efe9fd720e230b88904091c2b69827ce661614475b3
2023-03-20 19:51:59,True,0.3767,0.0002135,316.308,0.0675,0xff...5dcd,https://etherscan.io/tx/0x80a3ce775f0eb04d99452ccb0fb6d57f8c5cb3de013e47bfa3046fcdfba67097
2023-03-20 19:47:35,True,0.3763,0.0002134,217.847,0.0464,0x10...e9a5,https://etherscan.io/tx/0xdb4ab184994792d92da5b0a09bb1303f60f0db91ad8aa8761987cfbb387d956d
2023-03-20 19:43:23,True,0.3751,0.0002133,468.756,0.1,0xca...a676,https://etherscan.io/tx/0x3b0b119db1d46bf3420477e7c1db65b1b420271ad452fb8c672b72f02af8bb38
2023-03-20 19:42:35,True,0.3746,0.000213,1991.83,0.4242,0xda...44f0,https://etherscan.io/tx/0x891de28aa95735e4dd6f550ae229b1781608ef3da3ee214216095516c8e2cba7
2023-03-20 19:42:11,True,0.3735,0.0002123,2589.72,0.55,0x4b...851d,https://etherscan.io/tx/0x6e09cdd5b306409bd6fc242bb83b4308a05620ef7f952fb0ac64238717fdd873
2023-03-20 19:38:47,False,0.3705,0.0002108,582.0,0.1227,0xd0...e48e,https://etherscan.io/tx/0x76e0428d83c6686c9748d77a69680a37a5d3ceb4f33468097ba30788e8b18ec5
2023-03-20 19:33:23,True,0.3725,0.0002115,4664.89,0.9869,0xbe...670e,https://etherscan.io/tx/0x3224efc98fc4c76fc8b2930e1dfebb8ebde0668de101f680b0db997f7ae872d4
2023-03-20 19:31:47,True,0.3704,0.0002104,4051.77,0.8524,0xf5...e520,https://etherscan.io/tx/0x8cb3902074c1ea7c3c4a4f765193ee66d1a9de9c4c1d768721e846fd5983385d
2023-03-20 19:21:23,False,0.3659,0.0002087,970.877,0.2026,0xa4...02f3,https://etherscan.io/tx/0x566490774f54a7bb980a08661fcd57583ec176f173821c42cdf5f10f7ee7a25e
2023-03-20 19:20:59,True,0.3688,0.00021,397.887,0.0835,0x0b...6827,https://etherscan.io/tx/0x42bff317dd1ff556525ae1f440d5f990fa884835af3f6941b32e062ae4e3e23e
2023-03-20 19:20:35,False,0.3676,0.0002093,4850.0,1.01555,0x96...f722,https://etherscan.io/tx/0x922f4b48919bd1c4a20b4b7477eeb41b2eaa2163a1d46c44fc923323ce2133c1
2023-03-20 19:20:23,True,0.3705,0.000211,2149.15,0.4534,0x50...a635,https://etherscan.io/tx/0x616154b87c72bc0c625792aa1ba523eac56c02bffdc25cc43fcdc8f522634642
2023-03-20 19:13:59,True,0.3684,0.00021,5144.09,1.08046,0xf5...e520,https://etherscan.io/tx/0xe2eff0a4ca37c3263dc90c1d4dafe6d2c8a047991eb22d75f5e979db1859b59f
2023-03-20 19:09:47,False,0.3662,0.0002091,7983.1,1.66971,0x96...f722,https://etherscan.io/tx/0xe3d2da8f48907fa45c6521bf15feafd532431477cdd272704a69aa5c14e72281
2023-03-20 19:04:47,True,0.3697,0.0002113,1079.14,0.228,0x58...82e1,https://etherscan.io/tx/0x0a7bd92fe1a80c8f9e22ba5abc6892de0fa630f3e29079a710d7fc59a65edd3a
2023-03-20 19:04:23,True,0.3691,0.0002109,1516.7,0.32,0xed...9b54,https://etherscan.io/tx/0x90420473f120e70ae8c32571927e0b90d8ebc473c40bd363291b1bcfc6b05005
2023-03-20 19:03:47,True,0.3683,0.0002107,305.4,0.0643,0x19...4ddb,https://etherscan.io/tx/0xb7d2e8f7a66e5908ec807f165d3a9713b3d55761ea7d07909c6b7bdc7700f023
2023-03-20 19:02:11,True,0.3648,0.0002089,12998.5,2.71645,0x14...eb07,https://etherscan.io/tx/0xc65faf9408d28f578c36a55c6f999469ae5808f98d0839c9a6f103443cb3f997
2023-03-20 19:02:11,True,0.3581,0.0002051,16573.6,3.4,0x8c...638f,https://etherscan.io/tx/0x1ac78bce460d10ca31b4547f6180b5399ac2bfb7716a6a74f6b12e95d238d2fe
2023-03-20 19:01:35,True,0.3512,0.0002011,14912.5,3.0,0x8c...638f,https://etherscan.io/tx/0x613fc03b267a564160aeb5c641a0a79580987904c6f08ba38cfa40c5161546d0
2023-03-20 19:01:11,False,0.3465,0.0001984,2522.0,0.5004,0xcf...d9b7,https://etherscan.io/tx/0xf14c70649d6d7bb74dd0c888d40017a5b21a0658188cfbea33d71067435e8632
2023-03-20 18:56:59,False,0.3476,0.0001988,885.781,0.1761,0x0b...c0aa,https://etherscan.io/tx/0x37b0e76e7010e9c8be23ebf112638b42e42a671354d924aa695c2d0da69e4cae
2023-03-20 18:54:59,True,0.3513,0.0002001,299.804,0.06,0xf6...6da7,https://etherscan.io/tx/0x34111e897849d9f6cb058115cca671650d2a7b2f22386acd4f0533c2fb61b800
2023-03-20 18:53:35,True,0.3514,0.0001999,1250.38,0.25,0x87...643f,https://etherscan.io/tx/0xf584678772bef1d4265cbbd9ec5e0f6ada594a7f2307c18b583c70d0e6806626
2023-03-20 18:48:11,True,0.3487,0.000198,14601.6,2.89116,0x9f...e8bd,https://etherscan.io/tx/0x8d1cde78f07ae99b104b8fc412132e5f8cb97911d386cadbb07ecc77f90c3a5c
2023-03-20 18:45:35,False,0.3438,0.0001954,3250.47,0.6353,0x5d...2cbb,https://etherscan.io/tx/0x7fb767a16b5d5cd1747f26444265951b0445e0d0f27ac3866df732a57287e31f
2023-03-20 18:44:35,True,0.3459,0.0001969,761.698,0.15,0x7e...f1b9,https://etherscan.io/tx/0x304977439145949e14a32f46aee4efe26329322623ba144114dce5d190b3278c
2023-03-20 18:43:11,False,0.3435,0.0001957,455.02,0.089,0xbf...b526,https://etherscan.io/tx/0xc15ad09d0a19a3555cc3f82b82d60daa0453879d5b9ac185dfb36b6285a28215
2023-03-20 18:42:47,True,0.3455,0.0001968,1016.14,0.2,0x25...702c,https://etherscan.io/tx/0x85ae07bb64bebbccc0a7bd935235f65a05f6f0d39feda12a1f25fad87f743b23
2023-03-20 18:40:23,True,0.345,0.0001964,2029.95,0.3988,0xdc...e228,https://etherscan.io/tx/0x090f1805a7d654cb308950b8b56eed6f62bd03067f9b716d2804622894fd879b
2023-03-20 18:31:59,True,0.3443,0.0001958,2911.0,0.5701,0x7c...5dab,https://etherscan.io/tx/0x75c27143bccc0146ed3e27101cbecb5b94d2a793e1ed6212a8bed689efcc97c0
2023-03-20 18:23:23,True,0.3434,0.0001953,1279.64,0.25,0xd1...6822,https://etherscan.io/tx/0x00a92f13d8c0040e89ca5062e5472c5ff9ef3a3dcb397c0a85a0355538ddc37c
2023-03-20 18:22:47,False,0.3414,0.0001941,1187.56,0.2306,0x4e...e865,https://etherscan.io/tx/0xdaf3970dbc6f86b897bad74613659a0a8cf507f348618a760c09ca764a26a0f0
2023-03-20 18:21:47,True,0.3433,0.0001952,1991.19,0.3888,0x87...4403,https://etherscan.io/tx/0xbd054933be1bf826bc2a30f23d8165a48ed031f78c6b7c496fb9cbd5c24683b5
2023-03-20 18:18:59,True,0.343,0.0001948,1185.13,0.2309,0xf5...e520,https://etherscan.io/tx/0x212dfdf9c99219613f5f12f8c0a9b9931e11a4ac012951df46f26df1e28777c0
2023-03-20 18:16:23,True,0.3424,0.0001945,1464.77,0.285,0xd6...75e6,https://etherscan.io/tx/0xb8a8c03a56851de30f26b1919b008e7c5f6139c44351b78891d7f5578974d5ff
2023-03-20 18:16:23,True,0.342,0.0001943,514.573,0.1,0x97...0026,https://etherscan.io/tx/0xcd811d0d3c62fd5e079e10d911834d21c17afe72d683cb01495fe16356111ccc
2023-03-20 18:09:47,False,0.3413,0.0001941,9088.32,1.76478,0x6f...3490,https://etherscan.io/tx/0x24dfbc30e8c593dc588a0ae9e93b73a4e35e88587dcf799ca0f366680fc604f4
2023-03-20 18:03:23,True,0.3423,0.0001959,4355.63,0.8533,0x31...9eba,https://etherscan.io/tx/0xba75b7cdb1775dd829c79e11cc528667efd3f24f5f3c8bd338cfc5c67fe114ea
2023-03-20 18:01:59,True,0.342,0.0001953,260.007,0.0507,0x62...7756,https://etherscan.io/tx/0xb4ca1c36c702ea50fb935692c527047a4c5a550a35249a1d0221aac985193099
2023-03-20 17:59:47,True,0.3422,0.0001952,1024.56,0.2,0x25...702c,https://etherscan.io/tx/0x735e2098191ecd3bf1e05276dfb71731e86464f30590ea5e19425789bb6f0173
2023-03-20 17:59:23,False,0.341,0.0001945,4950.2,0.9628,0xfe...26bc,https://etherscan.io/tx/0xa428a84b24ee4fd24276426c7030dd975e5d60b97ee353c9b1763db14b9f85a3
2023-03-20 17:59:23,False,0.3441,0.0001963,10219.5,2.00616,0xfe...26bc,https://etherscan.io/tx/0xa428a84b24ee4fd24276426c7030dd975e5d60b97ee353c9b1763db14b9f85a3
2023-03-20 17:58:23,True,0.3469,0.0001982,4305.13,0.8532,0x31...9eba,https://etherscan.io/tx/0xbbdb8855ad60015fb02d10af1ffd55e849e9c1defffdf128a9e5d20386ef8c1d
2023-03-20 17:55:23,True,0.3472,0.0001975,857.871,0.1694,0xd7...56a6,https://etherscan.io/tx/0xd390a83e6a300aa6b66c10e6f957e8e7f39cc10f03683c542a678aa709a78421
2023-03-20 17:53:23,True,0.3464,0.0001969,4321.17,0.851,0x31...9eba,https://etherscan.io/tx/0x76d64ecd489eeec5cd6a29f1fcd1d5a4d8c2b246ac019cbe5426c1fe7c5c3a18
2023-03-20 17:53:11,False,0.3484,0.000198,23280.0,4.61093,0x33...6497,https://etherscan.io/tx/0x249e242bf03dfee69bc110449867e5e99fe572044c504fde329acc4b4196bf14
2023-03-20 17:51:47,False,0.354,0.0002012,2410.63,0.485,0xb2...2eba,https://etherscan.io/tx/0x785d79c74999092bedbb8bd2987e1314c6a61cec808b2ea873674e748fed85f4
2023-03-20 17:51:11,False,0.3546,0.0002016,1365.35,0.2753,0x95...fba9,https://etherscan.io/tx/0x35ed8836fb254aa7756ab63ec1910a98563ce2fd062b27165b7abb9b67d2c966
2023-03-20 17:50:23,False,0.355,0.0002019,1096.1,0.2213,0x70...bfd6,https://etherscan.io/tx/0xb98335b8082212c36716cf8b0cf68b209561c91d44d22b2c62cd80c99eddf0be
2023-03-20 17:50:11,False,0.3564,0.0002027,5357.31,1.08643,0xe4...e4d6,https://etherscan.io/tx/0x8996627b31fa91b922289777f32de7af537478c29c94108e006c304ae6f0973f
2023-03-20 17:48:47,False,0.3592,0.000204,4850.0,0.9898,0x99...ea1e,https://etherscan.io/tx/0x6a5f06c81a8b118107ac8684007f5397e984d6ff14c864a39566480d5e007f03
2023-03-20 17:48:47,False,0.3614,0.0002053,4850.0,0.9958,0x99...ea1e,https://etherscan.io/tx/0x2db25f092a5e165ce38e4417f27f666466a42000b014b3e20e9b68eaf56d237c
2023-03-20 17:37:23,True,0.3647,0.000207,965.911,0.2,0x2c...f1ab,https://etherscan.io/tx/0x0517d825cded7f3f374fe9b773aa7fad5d923e6865c6515580363696a6228b4d
2023-03-20 17:32:35,True,0.3646,0.0002069,7.41583,0.0015,0x00...4af5,https://etherscan.io/tx/0x384ce459b0f3ccd3da953e67ab034df98f7d66e4f6258662af791131a49b9c6b
2023-03-20 17:32:11,True,0.3648,0.0002069,136.166,0.0281,0x3d...9eb6,https://etherscan.io/tx/0x63da5fb96fbe68f6b383dbfcc1e2520f0fe975c14761bbebb5b4ad56c08e51b3
2023-03-20 17:27:59,True,0.3621,0.0002066,1887.24,0.39,0xd7...88a3,https://etherscan.io/tx/0x96f90bdb7281f0200d7afe16be77fc894ecf4a9270e63cdc22b27abf61e5a24b
2023-03-20 17:27:23,False,0.361,0.000206,6726.26,1.38586,0x7f...8bd1,https://etherscan.io/tx/0x6cfd8c6835b5157b0cc9f2056ef43183a8fe3df2f391ad018d7a37b5bd145970
2023-03-20 17:20:47,True,0.3648,0.0002081,144.139,0.03,0xfe...bfba,https://etherscan.io/tx/0x72c0dccad1782f1f6b87fbe34c86a3a82901f14a3b005692dc1fb6854368195d
2023-03-20 17:20:47,True,0.3648,0.0002081,2.24861,4.679e-05,0xc0...ce84,https://etherscan.io/tx/0xeac34716c55b1cba941d9dee08be787b884329fb9c65a2382d10ea8b888e8377
2023-03-20 17:18:35,True,0.3662,0.000208,271.773,0.0565,0x01...1ccf,https://etherscan.io/tx/0x92e26d1c9a1aeb3d2de8070fa6c34045311a3f304e6e2863d56008c2901653cf
2023-03-20 17:14:47,True,0.3657,0.000208,1.10146,2.291e-05,0xa7...76cd,https://etherscan.io/tx/0x2db9729cb5d98649b62d8724139a6f7254ab3af34ca22f1de7409a2184675e37
2023-03-20 17:13:59,True,0.3651,0.0002077,2093.12,0.4348,0xdb...9734,https://etherscan.io/tx/0xa23cc963116e38d53aa1109630754bd791ef519d194de817af5b3dc7641bc550
2023-03-20 17:12:47,True,0.3655,0.0002073,1010.0,0.2094,0x1a...e444,https://etherscan.io/tx/0x2673b198faa8b3c6d0b9f881a75df165e3a514733d810456d9c1b49f3a606348
2023-03-20 17:09:59,True,0.3649,0.000207,1311.53,0.2715,0xd6...75e6,https://etherscan.io/tx/0x4537db0bef5d9aa7700cf3796bbd092bda667deec1056f9ee4a10985682fdc1c
2023-03-20 17:06:47,True,0.3654,0.0002067,1370.0,0.2832,0x5f...0bde,https://etherscan.io/tx/0x5d29f34cc87871efe9f50d70cd9296ca0b6d58d85cdcc6f3431ca2e252d1cd94
2023-03-20 17:05:59,True,0.365,0.0002064,513.62,0.106,0x65...2686,https://etherscan.io/tx/0xf323556bc000ec289be434851f564dc262b10788f95906d564c1b00dded859a0
2023-03-20 17:04:59,True,0.3638,0.0002058,4109.53,0.846,0x31...9eba,https://etherscan.io/tx/0x688a9738ad29b8db6125102d3e5c639baa4c256f8aa7f7dc541ebbcbd7847038
2023-03-20 17:03:23,False,0.3617,0.0002049,6790.0,1.39184,0x09...f9f0,https://etherscan.io/tx/0xbcc37941e9e3c81418bc33b71f636c5292e1d1fe5c48ebad954a25c3071929a5
2023-03-20 16:59:59,True,0.3641,0.0002065,4113.85,0.8497,0x31...9eba,https://etherscan.io/tx/0x3cb1b01865a1634ed0dcc9f74ba69cb9bbcfdd73e811c0845752a9c6d6173437
2023-03-20 16:50:23,True,0.3636,0.0002055,4122.76,0.8472,0x31...9eba,https://etherscan.io/tx/0x66f0d08c034a159e8d555c87a9efc005059f19254e3a26aa21ff8aea0ef16e01
2023-03-20 16:47:35,True,0.3624,0.0002049,488.021,0.1,0x97...0026,https://etherscan.io/tx/0xd8f87fc557a48f4a72df82d853180cb284225e849e02856941e1d24a426afea3
2023-03-20 16:44:59,True,0.3613,0.0002043,4144.16,0.8467,0x31...9eba,https://etherscan.io/tx/0xe1055909087ca8d1ead08723b41890994e779923ea5bb322bdf98414d259fbbf
2023-03-20 16:44:47,False,0.3618,0.0002045,15909.4,3.25494,0xab...4c1b,https://etherscan.io/tx/0xbb861e9bbb2e48f2b69801f092b0eb7b97b01e1644bca824522e6ac34fec9ce3
2023-03-20 16:38:23,False,0.365,0.0002068,1455.0,0.3009,0xc6...133b,https://etherscan.io/tx/0x55d254f00497fee916684e19efa6dad76b7e98352defbf4e2b3a1cc80e8285ab
2023-03-20 16:37:11,True,0.3672,0.0002077,4002.0,0.8313,0x67...50bd,https://etherscan.io/tx/0xdb9f5cb3681196a265dfb64f4cdd2a78a9fab9be58150fc1867407b018f53ca3
2023-03-20 16:35:47,True,0.3661,0.000207,1088.09,0.2253,0x67...50bd,https://etherscan.io/tx/0x64a9b81d32ae776af0323e6975a988330361a0746afb29a34f19a73f36eed1d7
2023-03-20 16:35:11,True,0.3655,0.0002067,1451.12,0.3,0x95...fba9,https://etherscan.io/tx/0xdd96b03af72d42b218c2deae6a4585285885a1c32c31c33ada67ccc76dacac94
2023-03-20 16:34:47,True,0.3644,0.0002061,2901.42,0.5982,0xed...783f,https://etherscan.io/tx/0x4c9cd93c7aa8d3098be87c76c0cbcdcded3c8d89cfa9ab1e8ceef475c41e5081
2023-03-20 16:33:11,True,0.364,0.0002054,2433.22,0.5,0xdc...603e,https://etherscan.io/tx/0x462962aca3af7442f8f057685eacf47e76e6312f32d2a847856c0c79b2f46f5a
2023-03-20 16:28:11,False,0.361,0.0002041,1329.78,0.2714,0x98...c6f2,https://etherscan.io/tx/0x98b3a635587a8d902bff0ffceca284bdd184a0dbb09b31f10d7fb67bff7e7d4d
2023-03-20 16:27:35,False,0.3628,0.0002051,6790.0,1.393,0x09...f9f0,https://etherscan.io/tx/0x5c7c1a8acd5f81cb237f6832d15dee40eb87d2831b9d0161860ef764a59d023b
2023-03-20 16:26:23,True,0.3659,0.000207,1980.6,0.41,0x14...0c69,https://etherscan.io/tx/0xa447962f0125f5697867b8c9b3ad13fd816d3766996f1c2e01c7a1c7ff92a0d9
2023-03-20 16:25:35,True,0.3654,0.0002067,241.872,0.05,0xa9...89c1,https://etherscan.io/tx/0xd935924760d76380161be902618e1865597ab59dc3ca179bdc8a7e3a7906007c
2023-03-20 16:22:11,True,0.3655,0.0002066,241.946,0.05,0x62...7756,https://etherscan.io/tx/0x1449593ab735cc8c419aed92253584de1c86e40d499642eef971dcf0877c9e56
2023-03-20 16:19:47,False,0.3636,0.0002058,3783.0,0.7788,0xfe...26bc,https://etherscan.io/tx/0x457b9b30350c4258b1bf7ba2d15cf6b90389acbd6b4951db8d9816b4ad367e5f
2023-03-20 16:17:47,False,0.3653,0.0002068,3880.0,0.8026,0xfe...26bc,https://etherscan.io/tx/0x7f72ea6521a5cd351bbc1c3a99ccc5e0398d6b6ce106b36191a2b6fa0b5587b3
2023-03-20 16:15:59,True,0.3686,0.0002084,1103.26,0.23,0x73...25e3,https://etherscan.io/tx/0x38a251e7aa4cc111bb7cdbbf73bc59af58d04376b147a2919cf6c42c6b765591
2023-03-20 16:14:47,True,0.3672,0.0002077,4079.59,0.8477,0x31...9eba,https://etherscan.io/tx/0xdeb5c9159e4d91bf93bc2c196d45b27683c92b8fc990c81dac9c1cbc641eb3c5
2023-03-20 16:14:11,False,0.3645,0.0002064,2910.0,0.6006,0xef...5a95,https://etherscan.io/tx/0x7d9d42ea23d4e572030d7d8d6ddd956108b3b0dd2837d22dca1d16775eaa9fcd
2023-03-20 16:09:47,True,0.367,0.0002074,4087.8,0.8481,0x31...9eba,https://etherscan.io/tx/0xb0ac8727e69343e1965ca3a4aa1bf10e182135a49192eae35b6a27744db6008c
2023-03-20 16:09:35,False,0.3688,0.0002085,21526.4,4.48879,0x01...f48b,https://etherscan.io/tx/0x9f1cb16560063997d8fa9e8eed2d7d5f346017bce73392219044d840f852b57e
2023-03-20 16:03:11,False,0.375,0.0002114,875.6,0.1851,0x8b...a468,https://etherscan.io/tx/0xfbec7312351f61d5e1316654f2862342279af0f21dbb1b660c5f5ae1c55b19b5
2023-03-20 16:02:47,False,0.3792,0.0002137,15727.5,3.36146,0x99...2d0c,https://etherscan.io/tx/0x2e0336847b35db0551b52d5e2419a7394d38046620575417690359d7055c3ffc
2023-03-20 15:56:59,False,0.3822,0.0002159,485.0,0.1047,0xa6...bb97,https://etherscan.io/tx/0xd85ce593486d619862ab9dcded21bc331959714d4243f3baf9f9628c41097c2b
2023-03-20 15:50:59,False,0.3812,0.000216,194.0,0.0419,0xd0...e48e,https://etherscan.io/tx/0x724698961538caf750671328070e650551a59b2b7f75bf412b1a4b3e4c60ef34
2023-03-20 15:49:23,False,0.3834,0.0002174,9720.54,2.11346,0xac...70a5,https://etherscan.io/tx/0x3c787f63aa3289d9eba044df844ff427e52464861ebd4fb4480ffcd66d009bc4
2023-03-20 15:46:23,False,0.3861,0.0002188,242.5,0.053,0xca...89a0,https://etherscan.io/tx/0x2d45efcaa7a752e3732770a62d06dd192aeb95214857285b2cbbc1189336ad21
2023-03-20 15:44:59,True,0.3873,0.0002194,5142.83,1.12854,0x44...0883,https://etherscan.io/tx/0xd341f1b428df051f45fc09e831e6cfc88f0057dc43380123b62031a321d58ec5
2023-03-20 15:39:35,False,0.3858,0.000218,4449.39,0.97,0xdc...603e,https://etherscan.io/tx/0xed2faad00812f230ca97054d5b40319b04d34548c81649295f1a44e7d0458759
2023-03-20 15:25:35,True,0.3882,0.0002199,1.08933,2.396e-05,0xf8...6b2a,https://etherscan.io/tx/0x47b6f8a802a8010602ce29de5424f38f033877ae545c585d9e5068f94b8bb68d
2023-03-20 15:16:23,True,0.3884,0.0002199,0.8605,1.892e-05,0xc0...ce84,https://etherscan.io/tx/0x2d5516c529a67acd16e010514c8614272281d35f069036c0f6f3e26e98f02b97
2023-03-20 15:15:47,False,0.3865,0.000219,2619.0,0.5736,0xcf...d9b7,https://etherscan.io/tx/0xb604d296fea475acffcb1fb3c750940d454b38baf78bccbbd5507019144e60ee
2023-03-20 15:13:47,True,0.3885,0.0002205,1089.6,0.2403,0x62...7756,https://etherscan.io/tx/0x128b1f5f041bce814a0b435a4bee70387a597ad1736801f0ab5a3c570c92bb95
2023-03-20 15:12:59,False,0.3865,0.0002194,2231.0,0.4894,0xcf...d9b7,https://etherscan.io/tx/0xd563ac9fde581b567a34d518ada5ab60bb2b27283e72bcabd864347d65e442ab
2023-03-20 15:10:11,True,0.3896,0.0002207,1811.78,0.4,0x27...3c7e,https://etherscan.io/tx/0x54a7fdc8a108b98d45503bc7293459ee4cbca66c7d36d4ff097194fa34095281
2023-03-20 15:06:47,False,0.3879,0.0002195,2328.0,0.511,0xcf...d9b7,https://etherscan.io/tx/0x9a2cde3b86b55473043fdfa0516ad509fbf4d6986af4f32fd75cc778ce3229bd
2023-03-20 15:00:59,True,0.3895,0.0002211,226.091,0.05,0xd6...77bb,https://etherscan.io/tx/0xfe604b9206c6b8a79afe39617fe400a17236028de713ca1b3d41f2d3c5f96bda
2023-03-20 14:58:47,False,0.3868,0.0002198,242.5,0.0533,0xca...89a0,https://etherscan.io/tx/0x38893e67d8164263e5f81581631fa6528dd74c5a2244d5db5a372ac393d34730
2023-03-20 14:58:23,True,0.3892,0.0002211,2.19536,4.855e-05,0x93...1dfd,https://etherscan.io/tx/0x8573bacbcacdad9e3c01277c8b751ee46a549273f64adb9a926bc09d4a1e2ea0
2023-03-20 14:58:23,False,0.3872,0.00022,1029.35,0.2264,0x92...c249,https://etherscan.io/tx/0x92cadc615a42a735657c27138ba15bbcf108b00cf1b05da3b930fd3ffb4275e2
2023-03-20 14:45:23,True,0.3895,0.0002214,541.999,0.12,0x72...8c46,https://etherscan.io/tx/0xcb174f45126e5e5b607b411aaae931a9240857041ac683d37ef279b2660a7ed3
2023-03-20 14:42:35,True,0.3897,0.0002213,1.16422,2.576e-05,0x15...91ba,https://etherscan.io/tx/0x994297f54962f91edfbd5fc7a89da613195d9a544070d7b4008bba8a21cb8ea6
2023-03-20 14:42:23,True,0.3897,0.0002213,0.6893,1.525e-05,0x30...e8c2,https://etherscan.io/tx/0x5bdcce200d9319fb0c982e4ec3cf8f8a2c1ed0538293a4da1dcb36adaf10e07f
2023-03-20 14:38:47,True,0.3887,0.0002213,37.9903,0.0084,0x09...62ec,https://etherscan.io/tx/0x9f04049d55772852f92b71f6ad6f6876c032f36dba4c523e6851a33a65dceda4
2023-03-20 14:38:35,True,0.3883,0.0002211,1500.0,0.3316,0x5a...d476,https://etherscan.io/tx/0x6f03e12a5376a9ba64514c36157b1f9e04da6dce51f28746fc6f070f35454ba7
2023-03-20 14:36:59,True,0.3882,0.0002208,520.811,0.115,0x05...5191,https://etherscan.io/tx/0xfc93c7f68ebf539338f2ca88055254bc0218a9c01328637a4aa63ae3208f3532
2023-03-20 14:36:59,True,0.3878,0.0002205,1123.49,0.2478,0xb5...d29a,https://etherscan.io/tx/0xc4418a6ab5610ae5629851398e22a44f623dc77d4839a090abf0a225392e4f9f
2023-03-20 14:33:47,True,0.3902,0.0002198,4094.04,0.9,0x2a...c718,https://etherscan.io/tx/0x2a5c4e5f54673594c630a8f048e63c5d7195620a9220ac8e81cc173062b59a69
2023-03-20 14:31:59,True,0.3883,0.0002192,18.7278,0.0041,0xc0...ce84,https://etherscan.io/tx/0x3abbd7acefd9cca4fc35e5843fe7593b96b8a88c5a4505397a8ffc24d3afbea6
2023-03-20 14:30:23,True,0.3886,0.0002191,821.429,0.18,0xb4...ee8c,https://etherscan.io/tx/0x1d1b29f9fe303862e704527d90f7a2f2b654a95709f8336d44ae86ea3321a519
2023-03-20 14:19:23,False,0.3865,0.0002178,679.0,0.1478,0xe2...3ab9,https://etherscan.io/tx/0x802cc08ea509a8c5c75f7866addc20d25e9df6e2347fd2f94f8c1ae25339401a
2023-03-20 14:15:35,True,0.3886,0.0002188,2767.94,0.6056,0x7d...0388,https://etherscan.io/tx/0x60eec092a0464d32ac7772711eb668930a92a7108c80c81523abdf636ae86847
2023-03-20 14:12:23,False,0.386,0.0002172,684.446,0.1486,0x7e...00e9,https://etherscan.io/tx/0x592778fed34e5abbd7adc494e7f6a093e084274259b34123dbbcbcbd6d9d980c
2023-03-20 14:11:23,False,0.3858,0.0002173,78.4106,0.017,0x5b...f3ea,https://etherscan.io/tx/0x2eb3b76b70f08d47dec0afcc77177e93fdf343f834422c827c40971863f1f466
2023-03-20 14:10:23,False,0.3865,0.0002176,2134.0,0.4644,0xcf...d9b7,https://etherscan.io/tx/0xffc1ac1b33f641bab4af2df182259b1bbba885bccc9f52d651ea15f40220d60f
2023-03-20 13:59:47,True,0.3905,0.0002191,409.678,0.0897,0xcc...d22f,https://etherscan.io/tx/0x4aa14c0e29c5ceb4fa36e577d6985f87de7efc28e8493fad4e1a36e29cdc83a8
2023-03-20 13:57:47,True,0.3897,0.0002187,2546.12,0.557,0x27...3c7e,https://etherscan.io/tx/0x56311b7a155bc775354b85bf062f363efe56bc96e24d156751894495ccaf65cb
2023-03-20 13:55:47,True,0.3889,0.0002183,687.098,0.15,0xda...f62c,https://etherscan.io/tx/0x535d08fc5a5fc264c7a8c76aa1036b6c21e700ea60c56cb68c57dae11a4e9393
2023-03-20 13:53:59,True,0.3878,0.000218,1289.0,0.281,0xc1...5a6c,https://etherscan.io/tx/0x1fd8edc6fefa665d278c9f25242bd9ae22597cc043f0b8f9f418a6e8558e59cd
2023-03-20 13:53:59,True,0.3878,0.000218,1289.0,0.281,0xc1...5a6c,https://etherscan.io/tx/0x1fd8edc6fefa665d278c9f25242bd9ae22597cc043f0b8f9f418a6e8558e59cd
2023-03-20 13:49:23,False,0.3853,0.0002166,475.3,0.1029,0xd0...e48e,https://etherscan.io/tx/0xbe9f7fa8993f643eded2a95656b2aeedda065172d4bd47bea95d1b365da87e32
2023-03-20 13:45:47,True,0.3876,0.0002179,157.939,0.0344,0x35...4489,https://etherscan.io/tx/0x91d751b167c87f2b2fa965a8ed64459e83d12947a8ed9e501704797bdd02f6f6
2023-03-20 13:36:59,False,0.3858,0.0002167,679.0,0.1471,0x7e...00e9,https://etherscan.io/tx/0xbb83c089a3d081d2d8f4c7d10d9e7647ce48728e317f505068c0b4c613776e1a
2023-03-20 13:34:35,True,0.3878,0.0002178,2295.6,0.5,0xfe...26bc,https://etherscan.io/tx/0x094c4e69bf84ed28c4f61b9b9aeb493c522bece22d095ec5061952afd359d74b
2023-03-20 13:32:35,True,0.3864,0.0002169,3871.92,0.84,0x01...2ce4,https://etherscan.io/tx/0xe21123e9fb1cd63db44a1ea0beef5fd65650cf7c0a159a60cade31b212106856
2023-03-20 13:27:23,True,0.385,0.0002162,883.533,0.1911,0x83...06b1,https://etherscan.io/tx/0x3c6c8158a7d478acda0e8cca330fde9cce8d1497165479f3db95abea34132694
2023-03-20 13:22:59,True,0.384,0.0002159,1300.0,0.2807,0x5f...0bde,https://etherscan.io/tx/0xa0b9a85d1c4526de010209b9f3e1abcef9a8acf68fc76316e8b7773176840d35
2023-03-20 13:18:47,False,0.3805,0.0002146,970.0,0.2082,0xb7...c863,https://etherscan.io/tx/0xa45b8d6920a2ef2bff103dec1175892be361cd87f1b64d5e19793782a82d20d5
2023-03-20 13:18:11,False,0.3811,0.0002149,1455.0,0.3127,0xb7...c863,https://etherscan.io/tx/0xd89655915f2a45cbc7fc5fc7236a98b49fdf245da1007bbdcd6f550ec3c7131e
2023-03-20 13:17:11,False,0.3828,0.0002158,4666.15,1.00706,0x5c...bef4,https://etherscan.io/tx/0x94da29dd436b8451d9e6bf7e2ea9f08ff22d3b396664e7c03e591328233d33a1
2023-03-20 13:15:59,True,0.3862,0.0002177,304.813,0.0663,0x21...7c1f,https://etherscan.io/tx/0x8133330687acbd07cebf51a07fe87c36501eb64d10f421e48c135f1ef3757ef3
2023-03-20 13:15:11,False,0.3838,0.0002163,97.0,0.0209,0xf8...0a3c,https://etherscan.io/tx/0x60e085b6ef88095c0f1f741cfa6aaecdd4d882c35a1a6512f8f444a76232d3bf
2023-03-20 13:13:47,False,0.3857,0.0002174,7349.46,1.59802,0x4e...5925,https://etherscan.io/tx/0x56c34a04fce06a7ccfe72755f8f28f2cc9c85055183234677e46f9e941fa663d
2023-03-20 13:12:35,False,0.3875,0.0002184,194.0,0.0423,0xf8...0a3c,https://etherscan.io/tx/0x7a18258d98ad9a6b8960f69db66b08572fe9fcd786391925bbf22094d4eab6cf
2023-03-20 13:10:23,True,0.3902,0.0002198,136.479,0.03,0x7e...00e9,https://etherscan.io/tx/0x20c4aa8417ee78f637308f05188db4dc76d6fc56814ac9cedf65edf81d1ed0bc
2023-03-20 12:59:47,False,0.3888,0.0002185,316.642,0.0691,0xdd...2ffc,https://etherscan.io/tx/0xdb6557159c2f99feae857bf0f873ba944182ac37c061aa295358c45c92f36186
2023-03-20 12:59:47,True,0.3909,0.0002197,1198.3,0.2632,0xc0...e189,https://etherscan.io/tx/0x0cb8d7e1de018b8d9f37cc3e7f9e32244aa0964aa5267ad279ee67474fbfdcff
2023-03-20 12:48:23,False,0.3871,0.0002185,2425.0,0.53,0xcf...3224,https://etherscan.io/tx/0xcfc72991b6078ab7967191993f52a9a1c4fac665143eb76b1c87821f6b8ab217
2023-03-20 12:45:23,True,0.3922,0.0002201,363.341,0.08,0x19...f609,https://etherscan.io/tx/0x19d50cbddc504e09c2f754c67ccfc27c5f93a33ce9d8f7a015f69e18ddbeb840
2023-03-20 12:45:11,True,0.3912,0.0002195,3794.04,0.8331,0xd4...626f,https://etherscan.io/tx/0x9f73b4524568358484a3c20cae44b783aa3f3ee2f96934fdb6beb0b705608d21
2023-03-20 12:39:47,False,0.3883,0.0002178,733.282,0.1597,0xbc...a4c8,https://etherscan.io/tx/0x29ef76c3e528061ebc0abbfe1b21a0d5133e6d128d436ac3f01058afd5f24ccb
2023-03-20 12:39:35,False,0.3887,0.000218,752.426,0.164,0x20...375a,https://etherscan.io/tx/0x3e6ad1e0dc70fdfe386df3fc82217372ad21ed69448e9f5f7aa428c09a250f82
2023-03-20 12:39:35,False,0.3891,0.0002182,733.282,0.16,0x3d...492f,https://etherscan.io/tx/0xe26c1f75b1540c4a48c595363f71a1512f7e8a64b0919a0332f865730811944b
2023-03-20 12:39:23,False,0.3894,0.0002184,732.591,0.16,0xa7...cc85,https://etherscan.io/tx/0x6148563feff7648be11ed66eb4cf348eee01e58c4c5b0128f227bdf9822dbca9
2023-03-20 12:38:59,False,0.3903,0.0002189,2910.0,0.6372,0x1a...8ad0,https://etherscan.io/tx/0xe3f2eeded3d5ea5e6dd9dba3773dd11b2c8f0ca02609aff07bd198c57e4958f1
2023-03-20 12:37:35,False,0.3923,0.00022,4947.0,1.0888,0x9c...9436,https://etherscan.io/tx/0x827338149c9bf242d1944b3b75d2bea822ff9e5b0328cb3e0390110bf7820113
2023-03-20 12:27:47,True,0.3963,0.0002221,4.0632,9.025e-05,0xc0...ce84,https://etherscan.io/tx/0xdd06338daf8fcc4f77b58280f8ba6aef36b2b9da8e1cf8c812176455e98826ba
2023-03-20 12:27:11,False,0.3947,0.0002212,3032.34,0.6708,0xc7...0549,https://etherscan.io/tx/0x18dd26b8dbc3601849e13bc3060aa4c11fb02c8e1007e0899870e7aae26dc787
2023-03-20 12:18:23,False,0.3948,0.0002216,41.1016,0.0091,0xfb...5623,https://etherscan.io/tx/0x1fe6de62fd77deaec808d5ed9b6263cf1dc85cb9c4494df0061d3ae040ca6279
2023-03-20 12:11:23,True,0.3947,0.0002219,7596.59,1.68579,0xb9...35e0,https://etherscan.io/tx/0xc5066ecc13d08aaa9ed8a1c5efe7a114226d024d4ba0f4a084245fdd697163fb
2023-03-20 12:08:11,True,0.3924,0.0002208,76.988,0.017,0x07...87c3,https://etherscan.io/tx/0x98276f17c0d7c4486a833fc763e795d00d3c9cb5f69107e1a486b84658603154
2023-03-20 11:50:11,True,0.3924,0.0002207,702.304,0.155,0x7c...1166,https://etherscan.io/tx/0xaa10d39f7b1b1c8e9ab9a2c659dcc587584441f24a261c21af6004ac6b91dbac
2023-03-20 11:48:11,False,0.3901,0.0002194,1261.0,0.2767,0xac...f7c7,https://etherscan.io/tx/0x23596c4899f02675263c8f1501911a833cada492c9b8079163741b3f2c83e799
2023-03-20 11:39:35,False,0.3914,0.0002201,3424.1,0.7537,0x09...2b1f,https://etherscan.io/tx/0x307cc6be9e83fa2462e13913a385ef74711a2c4a572b00b24fc2c77e758d0a57
2023-03-20 11:35:35,False,0.3927,0.0002207,970.0,0.2141,0x09...f9f0,https://etherscan.io/tx/0xd99c99d12598cb03defc13ff39e02cd6ec6b1f87831604494e7a0b18f5950688
2023-03-20 11:33:47,True,0.3953,0.0002222,0.0026,5.788e-08,0xc0...ce84,https://etherscan.io/tx/0x60f350470a37e97d7d00fdebe9902d027b16565be67a1dae06a4d6a88ba23188
2023-03-20 11:33:23,False,0.3942,0.0002216,5141.0,1.13939,0x79...d0c7,https://etherscan.io/tx/0xc967ca664fc446e8af8f4b61c0984053d59e5343683d68ffb4fe2a94e83f2d14
2023-03-20 11:31:11,False,0.3954,0.0002224,485.0,0.1078,0x58...71c6,https://etherscan.io/tx/0x886f50bdd71aebbb54d8aa633e7a1473b026ebcbc4a63a1b0d2c26fa6853e84d
2023-03-20 11:26:23,False,0.3946,0.0002225,291.0,0.0647,0xff...e501,https://etherscan.io/tx/0x5f59fbf3db956dc124dec7a6f05a644b2cdeaecf366088e78043678a12b951ae
2023-03-20 11:25:47,False,0.3946,0.0002227,977.296,0.2176,0xd8...70b8,https://etherscan.io/tx/0xc2303c70475563a80cd4f30ec9a3b1aa8a5ccded4975bc3b5d29f6b2aab943e8
2023-03-20 11:21:11,True,0.3932,0.0002219,15770.6,3.5,0xc5...27ae,https://etherscan.io/tx/0xb14530b3362918cc13cec718b04ce22ae1781284d226a46d80624b72de6c499c
2023-03-20 11:17:23,False,0.3883,0.0002192,6073.17,1.33134,0xcf...e58c,https://etherscan.io/tx/0x79742c1de95cb27608b1bf9f3c508b956e8ec6b65ea8bc52c8b76048579f9820
2023-03-20 11:14:35,False,0.3898,0.0002203,2075.09,0.4572,0x8d...123c,https://etherscan.io/tx/0xb2ea9cc053579f98c8bfc466657322bd144a5f52b131bd451141a4f070d22b9c
2023-03-20 11:14:35,False,0.3929,0.0002221,10022.4,2.22607,0x8d...123c,https://etherscan.io/tx/0xb2ea9cc053579f98c8bfc466657322bd144a5f52b131bd451141a4f070d22b9c
2023-03-20 11:13:59,True,0.399,0.0002247,1000.0,0.2247,0x3b...a913,https://etherscan.io/tx/0x123de1117b318f8f17352f62423993213a7cdf46a85870965589e93a04c49c4d
2023-03-20 11:06:59,False,0.4,0.0002246,9700.0,2.17947,0x5b...086e,https://etherscan.io/tx/0x343a8891027b9fd4d6dedf2c86cbd2395b1cfe11d94aea1589e46dd380ab36bd
2023-03-20 11:06:35,True,0.4027,0.0002263,7449.88,1.6864,0xea...8c2c,https://etherscan.io/tx/0x1b61ae5bcc66b35318cd4ad0fce9120eaea1f00e2cf1633d385e983eaf9970e8
2023-03-20 11:06:11,True,0.4007,0.0002252,88.523,0.0199,0x84...f4c8,https://etherscan.io/tx/0x456ef15ce9464ae3472c8ae9465442da0566ac458dbfc9a64306e58378f3ae0c
2023-03-20 10:48:47,False,0.3981,0.0002239,135.234,0.0302,0xcd...7a88,https://etherscan.io/tx/0xa4311cbf8f03aa46f7221d657b59aca894de29b1dc4b0b37fa55645bbddd51f0
2023-03-20 10:48:11,False,0.3992,0.0002244,3801.55,0.8534,0xf6...4cef,https://etherscan.io/tx/0xfe500e741cb741f1a4016153cd746ff0705a5dde7a1dca5e38107ca95d3f8ec1
2023-03-20 10:47:11,True,0.4018,0.0002259,3098.17,0.7,0xcd...f363,https://etherscan.io/tx/0xc029090a439791c6c601b80b8986c66578399893025e1f7aaedb6a0d9b6f0cdd
2023-03-20 10:46:47,True,0.4003,0.0002251,2484.02,0.5591,0xff...9b27,https://etherscan.io/tx/0xccc639fbc07a02a73a1c12013f0470d61328504a235140d10c24fcb929ace607
2023-03-20 10:24:35,False,0.3979,0.0002234,431.65,0.0964,0xd0...e48e,https://etherscan.io/tx/0x10df44adea45f9f69e45f30bfbb2c43c68700113c018aff702024267ea8ba80d
2023-03-20 10:22:47,True,0.3999,0.0002247,746.157,0.1677,0x37...8441,https://etherscan.io/tx/0x99650bc3d7d0b0c8792a12ad3eb54db67d6c8ec4162113ea6d719beda6aa1e86
2023-03-20 10:22:35,True,0.3996,0.0002246,267.118,0.06,0x7e...00e9,https://etherscan.io/tx/0xc3117147689f1d5f0e5fe30bdde344c8a5d4a2cea9b33b3a59c71cde947ed9b6
2023-03-20 10:20:11,True,0.3985,0.0002236,6248.86,1.39766,0xf5...e520,https://etherscan.io/tx/0xc9d6fa7bcf592c63c7d992d4409d4f4b2190c76e053b2510a74f87897943f194
2023-03-20 10:03:35,False,0.3986,0.0002228,9699.99,2.16143,0x81...7cda,https://etherscan.io/tx/0x26cae967d9e61fa11afa517944fd2c2065c5279c59e9d8c99f97388e72091155
2023-03-20 10:02:47,False,0.4013,0.0002243,970.0,0.2176,0x33...6497,https://etherscan.io/tx/0x50929ad9a7dc8a583c6eca431ce9410e6d6f31c2091afd839843019f70ebc095
2023-03-20 10:01:11,True,0.4038,0.0002258,494.299,0.1116,0x3e...3ee9,https://etherscan.io/tx/0x97b8bec5a46d7881b9175410251a43d56a38583f3886af77fbff3de8436930c2
2023-03-20 09:57:59,True,0.4031,0.0002255,928.302,0.2094,0x1a...d062,https://etherscan.io/tx/0x5be92ef754122bacfc8476ce3feb8f24c6b5101d9ae72c2c3c36ce7175c2c6f8
2023-03-20 09:50:35,False,0.4005,0.0002245,2909.99,0.6533,0x81...7cda,https://etherscan.io/tx/0x6f9ec552bf269e1dc3f74b429a2ed059442d90d1e83823957ffb6392ec49f76f
2023-03-20 09:49:59,False,0.4041,0.0002264,10187.2,2.30705,0x3a...b955,https://etherscan.io/tx/0x0ab9420143be803565637fc903333317628d6f82e2f986f5ad751db106bb4005
2023-03-20 09:38:47,True,0.4112,0.0002293,130.813,0.03,0x1a...d062,https://etherscan.io/tx/0x33f952d79448c8faa947b48226bf8d3f8c3d7d8f5067c67b05bb46f3b55154d2
2023-03-20 09:37:23,True,0.4113,0.0002292,174.452,0.04,0x1a...d062,https://etherscan.io/tx/0x524e3da18e062dd2869640e01d0422e99bcdd0310c822e12335da184cfc1a17b
2023-03-20 09:23:11,True,0.4084,0.000229,1530.0,0.3504,0x8c...0435,https://etherscan.io/tx/0xc341f1007392b637c8c10613f58d382d8310cefc413f9318680ce17297645615
2023-03-20 09:19:11,False,0.4055,0.0002276,1207.57,0.2748,0xde...a115,https://etherscan.io/tx/0xdf9e14394812cb7da6fe81dd831f3dd533a7472532303bf34a428ec8999e43ac
2023-03-20 09:15:59,False,0.4075,0.000228,1823.6,0.4159,0xb5...d239,https://etherscan.io/tx/0x1919598a62e62286e1d4f47e1ebb58f7dbe8fefbec76d6ffd50e9ee9ad354720
2023-03-20 09:14:35,False,0.4084,0.0002283,48.5,0.011,0xba...aa98,https://etherscan.io/tx/0xa96d06587ad3ef87ff5c316367ab1de03536c269cd6faff9223c0ec48e1f88e5
2023-03-20 09:03:59,True,0.4132,0.0002297,43.1498,0.0099,0xd1...66c5,https://etherscan.io/tx/0x0bba1614a6092a222e90785772fc0e115032c345143c4833509d428ab8ade416
2023-03-20 09:02:59,True,0.4128,0.0002295,1045.49,0.24,0x7e...00e9,https://etherscan.io/tx/0xf30bf7308eb82f152b61176b952c6ec31214dbcd367ccfde5c14b74264f0b2e0
2023-03-20 09:01:23,True,0.4116,0.0002293,121.995,0.0279,0xd8...70b8,https://etherscan.io/tx/0xf618d3e457697ff15c65e96d0d20e4441bd6558141c38f53bfb40bb2d0b450d5
2023-03-20 08:58:23,True,0.4105,0.0002292,959.789,0.22,0xbf...50ba,https://etherscan.io/tx/0x329eb3240492b084629d64feadffc511eb37adc259e6374ea4bc88f3eaa70167
2023-03-20 08:56:11,True,0.4097,0.0002287,2185.87,0.5,0x90...64e7,https://etherscan.io/tx/0x100b07f4deeb7d08c8f60d385d403a708239c110699d427e8677c0b54843ed37
2023-03-20 08:51:35,True,0.4079,0.0002284,87.5656,0.02,0x2c...1963,https://etherscan.io/tx/0x41543bddd668791397cbbe37b4e73b13402ab759137fdc3d829a528880a73c6d
2023-03-20 08:51:23,False,0.4056,0.000227,485.0,0.1101,0xe9...e78a,https://etherscan.io/tx/0xbbd3102d27664a2935d44e624084b6732024ddeadc586e01d9a6117f6f156e86
2023-03-20 08:50:47,True,0.4065,0.0002277,5000.0,1.13891,0xf0...667e,https://etherscan.io/tx/0x6418610873ea009f7834a1f5a9a320b39dd821836cc4129b30c02e5674858d06
2023-03-20 08:48:47,True,0.4048,0.0002268,1234.29,0.28,0x27...3c7e,https://etherscan.io/tx/0x08fdb8cde73c361a249ea76ebb8a37be78205b74c8f4fead373e54cea1c5b55d
2023-03-20 08:43:11,False,0.4021,0.0002254,970.122,0.2187,0xe1...e6bb,https://etherscan.io/tx/0x8bff2da69670965f173454516851edcd68bc7a78a968a9edf65ce5c635d4f1b8
2023-03-20 08:20:23,True,0.4013,0.0002269,37.2917,0.0084,0x48...f0aa,https://etherscan.io/tx/0x7e9a5de75847256faf20abf33043b7f2f719c4519f32f474687ae391bf507b90
2023-03-20 08:14:47,True,0.4014,0.0002267,1244.27,0.2821,0xe5...1ec1,https://etherscan.io/tx/0xf7b6d2c5e867c10bb52c174e64066e9af50b196370da1cb0258d64ed7b153ec7
2023-03-20 08:13:47,True,0.4008,0.0002263,1276.59,0.289,0x8d...9049,https://etherscan.io/tx/0xe59656a9560e86c8b2e7b860d7d6bed765504664b889de65f87f2ed5054c9139
2023-03-20 07:49:59,True,0.3962,0.0002258,2511.11,0.567,0x49...f79f,https://etherscan.io/tx/0xd9ebc6f7887ba331d9ad0ed065301d86650072d4359981c5d0e28d828e7dce5f
2023-03-20 07:48:23,True,0.3956,0.0002254,99.7062,0.0224,0x2c...b7e1,https://etherscan.io/tx/0xd513c64bec4007349b8adef52dd69234038a37e6958350db27af8a3caf628b52
