datetime,buy_order,price_USD,price_native,amount_token,total_native,maker,etherscan_url
2023-03-27 07:46:11,False,0.3403,0.0001932,1864.34,0.3603,0x67...e93e,https://etherscan.io/tx/0x03e1dd59433a6ad3fb15a356aaee0ddba5019a5955a9d227f8e46dddf4e5923b
2023-03-27 07:44:11,True,0.3426,0.0001945,742.448,0.1444,0x20...4528,https://etherscan.io/tx/0xc857bfa044ac0a331c66b4815be2ff983059df5c7284c83e31c1679d1cc8d1fa
2023-03-27 07:34:47,True,0.342,0.0001943,1620.85,0.3149,0x55...3820,https://etherscan.io/tx/0x203c0094e7068943f91130ebcd04d0f0ff49c843dfe844d6a6244fe8653ba73b
2023-03-27 07:33:59,False,0.34,0.0001931,1874.04,0.362,0x67...e93e,https://etherscan.io/tx/0x3033153772ecd8a53a8c03e322a8e4eb404a4d2285beb072ebbf684f2bc4e761
2023-03-27 07:33:35,True,0.3416,0.000194,3895.02,0.756,0x18...f4ba,https://etherscan.io/tx/0x7b176cc65e430e3e69603a0f76045be6f6c7890478de659e49e44898e68ebce4
2023-03-27 07:31:11,False,0.3391,0.0001926,1455.0,0.2803,0x2d...6775,https://etherscan.io/tx/0x018cf52bc11c1e955278bdc651dda48a4d85387176ca5d178e288b62593390cb
2023-03-27 07:28:47,True,0.3413,0.0001939,464.097,0.09,0x27...db1b,https://etherscan.io/tx/0x7ce17bc4bd5f8b07a9ec518fc58f8d5502b324185eedd028dca544090c4b27c2
2023-03-27 07:25:47,False,0.3396,0.0001928,1509.19,0.2911,0xa7...c999,https://etherscan.io/tx/0xb5d269d3b9754cb98b4c1ee68ff866dba96e2c3ea666d5389c12e8923b617248
2023-03-27 06:58:59,True,0.341,0.0001931,8928.28,1.72481,0xb3...e0ac,https://etherscan.io/tx/0x3e7266537f7dd24d7956a20a7ba0cbedf2834a283ef235e7c9afd68216336272
2023-03-27 06:55:11,True,0.3365,0.0001906,13640.8,2.6,0x2e...db2e,https://etherscan.io/tx/0x1c1e8d2c17c8eb21510792f36e1e23b6b15d84a801d76163fc42b1826d04eeec
2023-03-27 06:54:35,True,0.3336,0.0001889,784.827,0.1483,0xa4...e699,https://etherscan.io/tx/0x1c1e82b295199027ce3736dea6e8ba2a84e670e065ce7d80ad6d00e3b3a632b2
2023-03-27 06:51:47,True,0.3323,0.0001882,5896.83,1.11,0x91...0971,https://etherscan.io/tx/0x11193cb7db70370034ff78c4fb4e07d2ad87147b782fb4823d7ab752f2ac87ab
2023-03-27 06:18:23,True,0.3308,0.0001873,2247.44,0.421,0x14...cdc3,https://etherscan.io/tx/0x70ff02c5084f6b14285547c4edbf818e7b605b3641b57fcf72612429216db099
2023-03-27 06:11:35,False,0.329,0.0001863,3528.96,0.6576,0xdb...d71d,https://etherscan.io/tx/0x0bc207b3dd5cbe23550814f87d5b0b3fc231b17d0d8c52950d327cd5c62b2ff4
2023-03-27 06:03:23,False,0.3299,0.0001869,1743.27,0.3258,0xa1...9d91,https://etherscan.io/tx/0x177d5943aed2701a3ece42a5a6899153518561e2d2e98d75b358a5604dae5461
2023-03-27 05:58:35,False,0.3362,0.0001903,29100.0,5.5403,0x83...9904,https://etherscan.io/tx/0xb10c8ccd41f6e3c45bb63ba8c13b9b3f53660576954e9a82a28b929cead32fcf
2023-03-27 05:29:23,False,0.3418,0.0001937,679.956,0.1317,0x2c...4930,https://etherscan.io/tx/0xda84313c64760aeeb06e213cd1bcbf568ccfd9d8ec0aa9f8a0254d77bcfe601e
2023-03-27 05:27:35,False,0.3425,0.0001941,2609.74,0.5067,0xe2...056c,https://etherscan.io/tx/0x32afa928b58a677d93dc64a292b7337e8f8fec5aee9e98b0ff6f5fd2ca54ca79
2023-03-27 05:13:47,False,0.3437,0.0001948,3078.88,0.5998,0xbf...bd89,https://etherscan.io/tx/0x7f3ffc65d2d098be3759a61f77b72597ea01fd97f3d2a6ebcb3efcb5001ddc98
2023-03-27 05:13:11,True,0.338,0.0001915,41510.0,7.95172,0x78...3be2,https://etherscan.io/tx/0x836d6509657623b929d141f35ff73bb66da96e810e6fa997a4bfa3aecedbf583
2023-03-27 05:10:59,True,0.3296,0.0001868,535.238,0.1,0x27...3c7e,https://etherscan.io/tx/0x100ba5707d6a81d2efefb63c9b2a0fd00e281c69cf58ace2e291f8fa63d6d3c0
2023-03-27 05:03:11,False,0.3279,0.0001858,1778.98,0.3306,0xa3...204d,https://etherscan.io/tx/0xb1fe6ab986c967413aaca3b653482b1969fd2981842fcbd4bfc2c2ef23552220
2023-03-27 05:01:59,True,0.3301,0.0001871,534.458,0.1,0x9e...e4f7,https://etherscan.io/tx/0x69a9c4a92ed36a5de663ebac4e5cdb04204a596c19ca3bcd17ad9adb7cefc029
2023-03-27 04:57:35,False,0.3283,0.000186,1196.98,0.2227,0x67...e93e,https://etherscan.io/tx/0x45e441fe9932bf2a57580c4d444dd4462f78b056db40fd79e44430207d9c1625
2023-03-27 04:49:23,True,0.3303,0.0001872,160.178,0.03,0x22...2853,https://etherscan.io/tx/0x24f73985f31afd9a6bbbfa28ba187df79993e38257d73300baf34f0e85709ee4
2023-03-27 04:48:11,True,0.3293,0.0001866,5356.63,1.0,0x58...6b07,https://etherscan.io/tx/0x1a2a38c0c411954ce3e677ae049cc4c756ea3f4fec6dfd968f28f6f875635885
2023-03-27 04:46:35,False,0.3265,0.0001851,1455.0,0.2693,0xad...4ef4,https://etherscan.io/tx/0x4afac20f2ce8386c3103397b2168075876eeab68bde833c6af3179f583b6928c
2023-03-27 04:32:35,True,0.328,0.0001861,2686.41,0.5,0x73...a4d2,https://etherscan.io/tx/0x3fe3f43509f8811ced0e3eb93a517daacd4b8375878715822f0d28f969ba054c
2023-03-27 04:26:23,False,0.3299,0.000187,21344.2,3.99251,0x29...fac3,https://etherscan.io/tx/0x571f55aa67db4d51c15d2c7eed8a4dce737705948d32fc945893742c98602eee
2023-03-27 04:25:59,False,0.3342,0.0001894,569.398,0.1078,0xc6...133b,https://etherscan.io/tx/0x45348305a194b538845c9e54a0a7f29a6102aece9c32e7255b83e3a68f110bea
2023-03-27 04:18:23,False,0.3341,0.0001895,361.81,0.0685,0x2c...4930,https://etherscan.io/tx/0x5e5a8f7567bca2dfedea42bd4be39b7301433449a0566a6cfc014737ca570163
2023-03-27 04:14:35,False,0.3347,0.0001898,2365.83,0.4492,0x34...ec30,https://etherscan.io/tx/0xe76a495685d6121c76376674e9d0d783c1cd177f5557d882eb3bd1e28dfa1d85
2023-03-27 04:13:59,False,0.3353,0.0001903,1894.41,0.3606,0xc4...de63,https://etherscan.io/tx/0x8fe2ea7765078bdad58195c5a41f1bfef885e8a804542c9585e7638fcfd38d6d
2023-03-27 04:11:47,True,0.3324,0.0001886,27213.0,5.13427,0xec...4ae3,https://etherscan.io/tx/0x1d0536a4f9d49275431799d50acbafe4aaf6f61d97e796c4cce79c12c4a768ef
2023-03-27 04:11:23,False,0.3258,0.0001849,3686.0,0.6817,0xe5...4a85,https://etherscan.io/tx/0x812b50bc3c32c682e7e9f8b20deb5b1e85f2d966319c5e9c01ee250482b58b1b
2023-03-27 04:11:23,False,0.3285,0.0001864,10195.6,1.90112,0xe5...4a85,https://etherscan.io/tx/0x812b50bc3c32c682e7e9f8b20deb5b1e85f2d966319c5e9c01ee250482b58b1b
2023-03-27 04:10:35,False,0.3343,0.0001897,19400.0,3.68127,0x60...015b,https://etherscan.io/tx/0x3233847504abae82614f2a87531fbf236800ecbf3056c5def00c6072fc8be6f0
2023-03-27 04:00:11,False,0.3389,0.0001921,1358.4,0.2609,0xe5...4a85,https://etherscan.io/tx/0xefd3ea3a2688bcc60a0a26b76b4cff98f1399228ec50a34ef29af5077b53392e
2023-03-27 03:50:47,True,0.3404,0.000193,3600.0,0.6948,0x1c...c4f2,https://etherscan.io/tx/0x2e52c12e09d5661bc6b56c5968ccdf0de19ccbeffc5b4c7fc244f47ee75f69c9
2023-03-27 03:49:59,False,0.3384,0.0001918,3391.22,0.6505,0xc1...ba31,https://etherscan.io/tx/0xbbd5af3167edb33f7e457d51ccee35e7c6aaa153ba372f38eab4358eee21a0b2
2023-03-27 03:49:59,False,0.3393,0.0001923,1383.26,0.266,0x17...ed92,https://etherscan.io/tx/0x909b43b8270965862627e7cd1cd084e7bd48bb34799d9a376443165756cef45d
2023-03-27 03:49:23,False,0.3405,0.0001929,3920.84,0.7566,0x18...8bd4,https://etherscan.io/tx/0x21f45bd42d02378c4cf6485b32fb468ab21185ac31d570b775aa753f2107d6b7
2023-03-27 03:48:47,True,0.3431,0.0001944,1543.08,0.3,0xad...4ef4,https://etherscan.io/tx/0x6552e8b27cc3fa125332b5d4649be9a9b2698b915954b2c1232e55fa3b160423
2023-03-27 03:43:35,False,0.341,0.0001931,970.0,0.1873,0x5d...5601,https://etherscan.io/tx/0x4bcaceba268bda446fa23277f00b81ecc7fc7ad2620cb7a76b77a9e8035cf088
2023-03-27 03:37:23,False,0.3426,0.0001939,5529.0,1.07229,0xad...4ef4,https://etherscan.io/tx/0xa44265dbb28c7f3d535e7502ed3a5d561fec4cf209e4b86e20127c186b7f377e
2023-03-27 03:35:59,False,0.3442,0.0001946,853.6,0.1661,0x5d...5601,https://etherscan.io/tx/0x61ddb4b72c2dee566322f924078bfbbf9c50f0a7b7fed7e2319edc88e5369111
2023-03-27 03:35:59,False,0.3444,0.0001948,242.815,0.0473,0xbc...904a,https://etherscan.io/tx/0x3386104bf3b2c7205cd5adffc31c3ab571437185a743d653d4909655db032ee0
2023-03-27 03:35:23,True,0.3465,0.0001959,527.195,0.1033,0xbb...08d0,https://etherscan.io/tx/0xad9305cee4abbffc655b71b0c84143addaabbdaa970877c569aa0fc9f845488c
2023-03-27 03:26:11,True,0.3462,0.0001958,509.12,0.0997,0x55...5eb1,https://etherscan.io/tx/0xf3e0a39c7d6c3c2dfb128666ca0e73e5b9bc259ac0d1259f32969a5ae5a75581
2023-03-27 03:21:47,True,0.3461,0.0001957,50.9292,0.0099,0x55...5eb1,https://etherscan.io/tx/0x055b5ef38186416677773eec41965aa7f5e77df2f9e8a5cfcb1b74b1f6dd0126
2023-03-27 03:21:11,True,0.3458,0.0001955,1533.94,0.3,0x2b...9775,https://etherscan.io/tx/0xb19dddbe0b26ae60f1fafa9bc79e9b15b1b98dfdc5b9d74be6cd77f78acb2102
2023-03-27 03:01:47,False,0.3463,0.0001946,3686.0,0.7175,0xad...4ef4,https://etherscan.io/tx/0x8a798486d022daa87f2a77531bfd1fc836eaf1a0fe1780b10ee9174fcd4ab2bd
2023-03-27 02:58:59,False,0.3478,0.0001954,3395.0,0.6636,0xad...4ef4,https://etherscan.io/tx/0x174e753c29164b2be1227de47a861d520f0f4d3b9f207279fe815ac60baeb225
2023-03-27 02:45:59,False,0.3485,0.000196,1171.71,0.2296,0x5e...4ac3,https://etherscan.io/tx/0xd9605fd6da634a26a5a7b02eda9a81dc58170f517f3e0ac1c2d5d10df172d0e8
2023-03-27 02:44:23,False,0.3495,0.0001965,3481.75,0.6844,0x2f...0b32,https://etherscan.io/tx/0x1d13c81e389c642bb07bf075b1e6c904d98ce5c44586f19adb3f4c216df2d112
2023-03-27 02:43:59,False,0.3502,0.000197,610.125,0.1202,0xa3...ffbc,https://etherscan.io/tx/0xfaceea2be11248924004dc7a095768bea27a13cb9d2f188d1f8123abbb3f946c
2023-03-27 02:43:59,False,0.3509,0.0001974,2425.0,0.4787,0xcf...3224,https://etherscan.io/tx/0x8e182d099bce86122aa21f07e2ca20e882a0479f2fe79bc0af894335df25df97
2023-03-27 02:40:35,True,0.3531,0.0001986,2013.49,0.4,0x27...3c7e,https://etherscan.io/tx/0xdcfe4795f73e5d33112e5e96e1415568418fdd2ac26a5b40fb96a1b1bf997ee5
2023-03-27 02:35:59,False,0.3521,0.0001983,9700.0,1.92442,0xe9...8b98,https://etherscan.io/tx/0xda1873abd360d86c03dfd515036ccc3624cdcaea8dc4e467e8f4149139e7dfae
2023-03-27 02:29:59,True,0.3569,0.0002007,322.855,0.0648,0x89...9afd,https://etherscan.io/tx/0x77b500bfca758b7be2e0585e67595dcd9a508debb9e406b3d6d09a762f1056d7
2023-03-27 02:25:47,True,0.3557,0.0002005,1398.92,0.2805,0x9b...a8a5,https://etherscan.io/tx/0x45797d0b29d4d617ab95c3dc82716af47c2ff85cb80f6b01cad42c6ac3911563
2023-03-27 02:24:23,False,0.3538,0.0001994,2336.73,0.466,0xb1...f036,https://etherscan.io/tx/0x7d5767f77ecf474e16795ecfa66ba9f6d8f230e14115f82157304a8398588b51
2023-03-27 02:23:47,True,0.3563,0.0002008,319.214,0.0641,0xa2...0d5d,https://etherscan.io/tx/0x01f8552eff2d6b6602c5e4b7c4aacb78e973c3ca62d78e749e49285d13a17b18
2023-03-27 02:22:59,False,0.358,0.0002017,17376.9,3.50608,0x42...254f,https://etherscan.io/tx/0x7c3ceeb8419372413b91547fb4e5f74b011abb13f3d0f06383f994ce1fbe9fa7
2023-03-27 02:19:11,True,0.3637,0.0002051,146.25,0.03,0xde...d163,https://etherscan.io/tx/0x5198dae4203b6f74bb174839ad516f88e39a0c468afc7772fe199d5b44c26580
2023-03-27 02:17:59,False,0.3622,0.0002042,2910.0,0.5943,0xff...d187,https://etherscan.io/tx/0x3044cee5bac7a652983eae0c62106ddc5d4303fc4ec2823be2b8ca92ee9aaec5
2023-03-27 02:15:35,False,0.363,0.0002047,1066.2,0.2183,0xed...9b54,https://etherscan.io/tx/0xb811c2cb17b5699df19f187ae0c9bcd532de63eba0bb7f9db9226cc948e0c440
2023-03-27 02:06:11,False,0.3637,0.000205,996.886,0.2043,0x0c...2f06,https://etherscan.io/tx/0xd7000f6bb4bcddeb4806a026c46fbee8741c7a7483e7e9153c00c5fb947aa873
2023-03-27 02:05:23,True,0.3659,0.0002063,555.773,0.1146,0x68...d2b1,https://etherscan.io/tx/0x769e6fe824a19e59c21d94d2e3b3b4254dc27cb8503b86558780433b852c813a
2023-03-27 02:04:59,False,0.3637,0.000205,402.075,0.0824,0x55...ce90,https://etherscan.io/tx/0xd6f4bfaa573700ed20800a087d6085673d9fef17abeff04a7738d6a495dbd2b5
2023-03-27 01:59:11,False,0.3643,0.0002054,2572.23,0.5283,0xf1...b342,https://etherscan.io/tx/0x4fac39af22151fae9aa6a9164b48f941d4b150350d691d7a8d57316ad56337c1
2023-03-27 01:53:35,False,0.3674,0.000207,10365.3,2.14637,0x10...eee0,https://etherscan.io/tx/0x15e4ea9191d71412d813707de0a0a08c9e9bbb04d48f9aaa3f35924f4b675da0
2023-03-27 01:52:23,False,0.37,0.0002085,970.0,0.2022,0xcd...3426,https://etherscan.io/tx/0x69782e49f887992f6459583da13620b3a9dce8dbb0a5a667e5bd2830b7b2e183
2023-03-27 01:51:47,False,0.3717,0.0002094,6353.54,1.33096,0xa1...c837,https://etherscan.io/tx/0x3431fbcb6889c7c6217f63fa376718534571e7c4885e513b5b37b3e42bc00182
2023-03-27 01:47:23,False,0.3774,0.0002122,14550.0,3.08813,0x83...9904,https://etherscan.io/tx/0x6e280b483d46dce8f69abe10b9c84896bd8655442e74cca399933a727d4b1bad
2023-03-27 01:44:23,True,0.3817,0.0002146,5822.49,1.25,0x2c...33a6,https://etherscan.io/tx/0xa40a4d2fe30a1139f165be1cf9397097eef21a64fd08ed2e7a30f170c2c1cde2
2023-03-27 01:42:47,True,0.3805,0.0002138,303.939,0.065,0x83...38bd,https://etherscan.io/tx/0x891da53ac2315510ad3819f505bc265aaee8f78770386f4e86febcb62826b781
2023-03-27 01:37:47,True,0.3804,0.0002137,452.9,0.0968,0xca...21da,https://etherscan.io/tx/0xb63e921d2d48c9fc1ca8ceaf395fd9f781b06f37351e3aa27a306a05ff95d5fa
2023-03-27 01:37:35,True,0.38,0.0002135,1299.28,0.2774,0x31...1c65,https://etherscan.io/tx/0xb7eb3bdeadc3e6d6cac25c1cf7e5c8b4a5699177e7fffc9d5b8fba04a6af0bb0
2023-03-27 01:37:23,True,0.3787,0.0002127,4229.71,0.9,0xaf...4f52,https://etherscan.io/tx/0x86fdac5397604e9233dfbddfb02b63ecb09ffd7b75984d1558776c892d64a54b
2023-03-27 01:36:11,True,0.3771,0.000212,1178.91,0.25,0xd8...ae0a,https://etherscan.io/tx/0xce831b6fb7b58395383add737aa3110b78a59dbfb40675e71e433e6c0f929811
2023-03-27 01:35:59,True,0.3766,0.0002117,1086.14,0.23,0x7e...01bc,https://etherscan.io/tx/0x87de019f7e4f4d46159e8b4270542d8edc4f48ead067c472e08023c0810aed3f
2023-03-27 01:32:11,True,0.3755,0.0002113,2366.28,0.5,0x22...2853,https://etherscan.io/tx/0x1d2495e7f5a811f71c45d49542803720e27b3619cdadf3d389d85f697d27301a
2023-03-27 01:31:35,True,0.3732,0.00021,7523.78,1.58,0x08...8ebd,https://etherscan.io/tx/0xb778e2a9c95d614bd2605a094c2cf9582a3e3a0ae92e785f77b0c817aac37e73
2023-03-27 01:29:23,True,0.3701,0.0002082,5761.71,1.2,0x24...ca87,https://etherscan.io/tx/0x8ffff748cda7c5100aaec24e94e9fcc29c6b8e0a92083f184bad4197a7d022ac
2023-03-27 01:28:59,True,0.3685,0.0002073,1133.17,0.235,0xed...9b54,https://etherscan.io/tx/0x73a8552a6c6a09bc31e22e2a3bf015e500778be79baadfeefac5ad03e1302f5e
2023-03-27 01:27:35,True,0.3656,0.0002056,12154.4,2.5,0x08...8ebd,https://etherscan.io/tx/0xbb51b5fc26dbbc67e475e5faf90484c8d2ba49fc183d08893c2a9c2cd5f2163f
2023-03-27 01:26:59,True,0.3627,0.000204,612.521,0.125,0x04...9a95,https://etherscan.io/tx/0xddf34d3f520978057ad2fdfdcc6228e206d0cdca55dacd8464c239ffb03cf31c
2023-03-27 01:24:11,True,0.3624,0.0002038,980.995,0.2,0x97...6e32,https://etherscan.io/tx/0x2b44e3d91b7f1b50a53a7236a220405d86e03829bd129663971477e4c48f126d
2023-03-27 01:20:59,True,0.3619,0.0002034,2310.0,0.47,0xb7...22bd,https://etherscan.io/tx/0x8bf0c99423f88922fe3f97f5637f89f184a1d6b34751b6d62bfcd87698eaa50e
2023-03-27 01:16:59,True,0.3603,0.0002027,3745.11,0.7591,0x5c...f6f5,https://etherscan.io/tx/0xb9d34a1828c28f7f5d8a982158d81fc9e984139e5dc6ff2f971d5c1595e277af
2023-03-27 01:15:47,True,0.3583,0.0002015,5361.25,1.08073,0xe5...4a85,https://etherscan.io/tx/0x6b63ef954e3fda4151ff7b24e53b325675a92208edbd753a9154f4658fe9b799
2023-03-27 01:14:59,True,0.357,0.0002008,788.105,0.1582,0x6b...b590,https://etherscan.io/tx/0xca4a6848112efcbb2c1f3ed184efb2f35d30b4abd865e6e9d6031ed92959a5f1
2023-03-27 01:12:35,True,0.3561,0.0002003,3494.7,0.7,0xd6...b5b9,https://etherscan.io/tx/0xe3b2cb216afacc3227583fdc77690a447d903105ab62a05fe1809ff81787bc6a
2023-03-27 01:10:23,True,0.354,0.000199,6752.62,1.34417,0xa1...c837,https://etherscan.io/tx/0xbeec5a645cde9f3e7a337904374d12d2945bfd34fb2c86b67a2575e122d4eb7d
2023-03-27 01:09:59,True,0.3524,0.0001981,1009.47,0.2,0x9c...6ab7,https://etherscan.io/tx/0xd507c1d05f5ef63554f2f416733351a75a22c8ddd0ef0db0774d0ef8656f930d
2023-03-27 01:07:59,True,0.3518,0.0001978,1000.0,0.1978,0x5d...5601,https://etherscan.io/tx/0xb76a3bf57c1b793f854fa16d111d5a850e6d2c063aa89e883902c24138339478
2023-03-27 01:06:59,True,0.3511,0.0001973,3100.0,0.6119,0xa6...ffc3,https://etherscan.io/tx/0x7733ecc88875425e656ea90b385004515297e9a162a3622fd262fc31cc2ebfa6
2023-03-27 01:05:35,True,0.3494,0.0001965,4150.55,0.8157,0x2c...cb08,https://etherscan.io/tx/0x4da768591248f0313889d221fbcf0cbcecc6dc257e36fb6b7012dfc8d7313d98
2023-03-27 01:03:23,True,0.348,0.0001958,1563.62,0.3062,0xa4...df35,https://etherscan.io/tx/0x0839a7b9cba02baaaa5c57bbbd168c10fbb9265701942701b07ee804a51c83d3
2023-03-27 00:59:11,False,0.3457,0.0001946,1386.65,0.2699,0x0f...bb7c,https://etherscan.io/tx/0x7b9b60d3abfa80b77804f2bacf6a7e7192358544b70bcc9f30fe26b454e60074
2023-03-27 00:53:59,True,0.347,0.0001956,2580.58,0.505,0x07...4ada,https://etherscan.io/tx/0x368b50cf3bcd109ab5dc6105ca343fd48bd974468165428d111036bb0b73fc3b
2023-03-27 00:51:35,True,0.3463,0.0001952,1010.79,0.1973,0x5b...086e,https://etherscan.io/tx/0xe56a1e8ec47e50ec4f047010207a049f7988f5e156aecd63c15a530b36e0ec40
2023-03-27 00:49:59,True,0.3445,0.0001942,7722.07,1.5,0x5b...086e,https://etherscan.io/tx/0x045f3719abc32476f5f07bfffa61354e80b902a479412a79eaeaba77033008b0
2023-03-27 00:49:59,True,0.3427,0.0001932,646.238,0.1249,0x7b...973f,https://etherscan.io/tx/0xb949e63a114788b04ad13fd8592e955215d09ab346e0b57666f6a2c54835924c
2023-03-27 00:45:11,True,0.3419,0.000193,1725.36,0.333,0xf5...f33c,https://etherscan.io/tx/0x451b70022a467d29ae548ee6e04ceeee0009b54c78d4f32773aeb6067d1429ac
2023-03-27 00:44:11,True,0.3413,0.0001925,2597.33,0.5,0x42...db37,https://etherscan.io/tx/0x6e545ec70ac38d7b214574c0d72e0835e2ef467bfa91aada28f85b996a68e0e5
2023-03-27 00:43:23,True,0.3395,0.0001914,6266.64,1.2,0x73...25e3,https://etherscan.io/tx/0x2acf474dc8996d9ed96587a47ff408e8e374d042474eee9f174ac425466ea45b
2023-03-27 00:41:59,True,0.338,0.0001907,239.682,0.0457,0xa4...4bb3,https://etherscan.io/tx/0x384c640c2056e63501ab5a09476c510c07759ef6ffe6bc54968cfdb709deb0c1
2023-03-27 00:40:23,True,0.3317,0.0001873,30128.0,5.64489,0xcc...a13f,https://etherscan.io/tx/0x80aca8d3ff259f1e50028872ab9406584ed7dfb8a8410e02a90d7e006fa93fb8
2023-03-27 00:38:23,True,0.3256,0.0001838,1758.95,0.3234,0xd1...4001,https://etherscan.io/tx/0x2fc0e1784f2a53aa61498b12acc12b8f06675d6a8159c775ae07b26cd3508573
2023-03-27 00:35:11,True,0.3249,0.0001835,1860.31,0.3413,0xd1...4001,https://etherscan.io/tx/0x0b3c6937c584d5f702f395438c3602c225dda5e274c666f71cf1b57ca5b66de0
2023-03-27 00:32:23,True,0.3251,0.0001832,383.617,0.0703,0x4d...720c,https://etherscan.io/tx/0x976c14637b4afc24f7e09b4cee7ec268df6a925c2c6b05fac7df2dacf98d184c
2023-03-27 00:31:11,True,0.3245,0.0001829,2600.7,0.4757,0xd1...4001,https://etherscan.io/tx/0xd75a94f09a69d73927bcc3e7917277c6de648c68c6ac7ae6618a86563ee3c6a2
2023-03-27 00:27:35,True,0.3242,0.0001826,339.542,0.062,0xd1...82a3,https://etherscan.io/tx/0xc21b000f9e0994a81e42f4120d441618e8be58bd04bd40b9d3b4c35b8b0185c0
2023-03-27 00:27:35,True,0.3233,0.0001821,4478.81,0.8156,0xd1...4001,https://etherscan.io/tx/0x2fb414386c6e8163e9de2569327375e3ffa64e0ba735a4615df6e8bc6fa2c0de
2023-03-27 00:25:35,True,0.3222,0.0001814,2011.88,0.365,0xee...9e83,https://etherscan.io/tx/0xf3286fb6610b160dc4e891819f8c5a87748c3483cf7d8502c72337f16cf29639
2023-03-27 00:24:47,True,0.3191,0.0001797,14512.7,2.60801,0xd1...4001,https://etherscan.io/tx/0x6e7b95894ab8e2c324abb55283e03d1f3804354f29ec834ec65e7eae88d46580
2023-03-27 00:23:59,False,0.3156,0.0001777,5849.1,1.0396,0x25...d8fe,https://etherscan.io/tx/0x994a1ac625dff69da1fab02389c8af2fd756ba4b2eb13cd9811b1984764c150e
2023-03-27 00:23:11,True,0.3183,0.0001793,836.482,0.15,0x9b...c0f8,https://etherscan.io/tx/0x2c59393cebbccd694cff4216149c48e7fd96e75289f560d3b1f5268a40b86ee0
2023-03-27 00:17:11,True,0.3155,0.0001782,9499.24,1.69332,0x17...18f5,https://etherscan.io/tx/0x4ebd8c449ed24a34fa0f61f6647db5607ec0e092c5d178914a9bd9970d52c237
2023-03-27 00:12:47,True,0.312,0.0001766,5942.7,1.05,0xaf...4f52,https://etherscan.io/tx/0xb602d34a34c945f1dfc12aee8d5c80da7d49ba7ec2b849dccac2969868cb4f8f
2023-03-27 00:10:59,True,0.3106,0.0001757,3414.03,0.6,0x94...191a,https://etherscan.io/tx/0x07c74a442e3e8910f8f2c0898c2e2338235abfdf816f10f976d9b0d13e5b03f2
2023-03-27 00:09:11,True,0.3091,0.0001751,2855.21,0.5,0x9b...c0f8,https://etherscan.io/tx/0x5f1e42351a5b946340f978b9a293012dc959edf994fc21b398099c2b2c84043d
2023-03-27 00:06:23,True,0.3078,0.0001744,4006.11,0.6988,0xfa...bfc4,https://etherscan.io/tx/0x089a855774fced4dbe6fd9277926c30ab89fa1bab285c7e527e59eda6ee6d36b
2023-03-27 00:04:47,False,0.3054,0.0001732,2425.0,0.4201,0xad...4ef4,https://etherscan.io/tx/0x306b0b7ea419450df05652449f108c192b5a1e0c2fec4ae9731d516f319874d4
2023-03-26 23:52:59,False,0.3063,0.0001739,4850.0,0.8436,0x8e...304a,https://etherscan.io/tx/0x8207b7ee5e89c4a1172c262a0489afab69c2b543e77adac1ba756f7b73b39715
2023-03-26 23:50:47,False,0.3074,0.0001745,1552.0,0.2709,0x8e...304a,https://etherscan.io/tx/0x75cc5eb2615c1ed17d087cc01b1bfb21d95d1b6af81cf7873d3439b520cf7507
2023-03-26 23:50:11,False,0.3094,0.0001758,10795.8,1.89813,0x12...541b,https://etherscan.io/tx/0xe2ad4b6bfd991f3620f288bd23c0f06a249beac8143f463d0c265a8f3c056f8b
2023-03-26 23:46:11,True,0.3073,0.0001745,33970.8,5.93,0x9f...d0b1,https://etherscan.io/tx/0x5ec87e78c9a584dcbfc50e68ca2dc550bf1534d3870627123734063de6a569e3
2023-03-26 23:44:11,True,0.3013,0.0001712,310.0,0.053,0x76...6353,https://etherscan.io/tx/0xe54a01c3f46d3bbdf02bbeec04fc11835dda3bd89620037573a52501290d4568
2023-03-26 23:44:11,True,0.3011,0.0001711,584.417,0.1,0x51...404e,https://etherscan.io/tx/0x4ad67c81da357dd5765caf959be78487d1b5ced37086d12bf9c1fb0d58037405
2023-03-26 23:43:47,True,0.3008,0.0001709,1404.17,0.24,0x1b...c680,https://etherscan.io/tx/0xb31949c37cd841495083e02c07000e5ff0ca9e8eb48562a44f823190b91a5576
2023-03-26 23:43:23,True,0.3005,0.0001707,585.727,0.1,0xd9...2450,https://etherscan.io/tx/0x4b898f0f661514b1f305a755000a1d3f574e2ecb6f3f26f0bf4a286bb69c1db2
2023-03-26 23:42:47,True,0.3001,0.0001705,1759.5,0.3,0x9c...6ab7,https://etherscan.io/tx/0xeb81ce4f1e00b3f782c38c3209ee923817d942cd1290420b70c6abbb96ef6fc1
2023-03-26 23:41:59,True,0.298,0.0001693,10000.0,1.69382,0xb8...5f1b,https://etherscan.io/tx/0x760147ad3305374b8efd109440a1734bfaa8213e836e49bde350c004143cabfa
2023-03-26 23:40:23,True,0.2961,0.0001683,1000.0,0.1683,0x85...818d,https://etherscan.io/tx/0x58a81de56c2a9db9432470aa1ce7272e85454203ce557bf6eed8d69c70e2f0a4
2023-03-26 23:39:35,False,0.2948,0.0001675,3424.01,0.5737,0x2f...97fa,https://etherscan.io/tx/0xac1f434de77079fc7a3612001b7229f8468bd53a1482f0a7b6f903a3fe4d6bd2
2023-03-26 23:38:59,True,0.2968,0.0001687,2074.74,0.35,0x3e...8ef5,https://etherscan.io/tx/0xd6d0dca6f62b8a63eeec5bdf639ac2fd78907d741a302250c4fbc455bb79be58
2023-03-26 23:36:11,True,0.296,0.0001681,3368.87,0.5665,0x8e...6868,https://etherscan.io/tx/0x858bf321639956549923d0066d6bb8489a72931c2744f9999505b935237a21f0
2023-03-26 23:32:23,True,0.2946,0.0001674,4254.23,0.7124,0xd1...4001,https://etherscan.io/tx/0x58243ce0c951829d1a32ab79b896c67fdd428aa2b9ca06033e4c1459738f9b89
2023-03-26 23:32:11,False,0.2968,0.0001687,28137.5,4.74709,0xf3...9aa6,https://etherscan.io/tx/0x5b45ee4868ae76c8695cd8ec7030665b0ba0e120c7619b7d2f7756f799d9e7bf
2023-03-26 23:30:59,False,0.3056,0.0001737,24081.6,4.18402,0x8c...638f,https://etherscan.io/tx/0xb5dae7de29358a321597b483afb9e0994ede66363c9e3bd52d44c29820c564ff
2023-03-26 23:28:35,True,0.3105,0.0001766,5661.96,1.0,0x10...eee0,https://etherscan.io/tx/0xadda3dffb57e30996b24d743aa667bf710f83a3e3c4b77ef85ee9b1183bdce7d
2023-03-26 23:28:35,False,0.308,0.0001751,1778.32,0.3115,0xb3...e62c,https://etherscan.io/tx/0x52f7213f9dcec9cb6c899dcc8f62a24752dee8e5dab15d72d9d2373467df696a
2023-03-26 23:24:35,True,0.3099,0.0001762,1366.15,0.2408,0x5e...4f23,https://etherscan.io/tx/0x4bc1bb20522d4d7d4f8f5355b5caecd649d73c3202cfb83eef2ff98ccfeb40ff
2023-03-26 23:23:47,True,0.3091,0.0001757,3356.25,0.59,0x5d...2cbb,https://etherscan.io/tx/0x9b6a89a443ae6a3b6602b521f37a020cd4db6f49eb13ad99a912e2143a5d141f
2023-03-26 23:21:59,True,0.3085,0.0001753,1026.5,0.18,0xd9...7cd7,https://etherscan.io/tx/0x6f9fb3abd9fed9a1c99f5806f1a0a1461177868be5268610928ef94ab4983cf9
2023-03-26 23:21:35,True,0.3079,0.0001749,2609.37,0.4566,0xd1...4001,https://etherscan.io/tx/0xe2a33efa8cf70046b917669aa2b4a3c9019e71a5cc5f054036af2697f84c8192
2023-03-26 23:19:23,True,0.3048,0.0001731,16352.2,2.83085,0x91...af0e,https://etherscan.io/tx/0x98c7b1935632414f4251048253684951879b9c0f8f272bc398a94be97cf5765f
2023-03-26 23:18:59,True,0.3017,0.0001713,1643.8,0.2816,0xd1...4001,https://etherscan.io/tx/0xf5950afe35e5b219ae8839ce073ee2a47b0b8ffed1bc82ff8784e3f9e9fe3b9e
2023-03-26 23:18:47,True,0.2992,0.0001699,13360.9,2.27036,0xd1...4001,https://etherscan.io/tx/0xb2e3ed59b5e671911ee2b059f0bb5d4cda77da63d3097764dc1d6ca40db44d78
2023-03-26 23:18:47,True,0.2965,0.0001684,2718.77,0.4578,0xd1...4001,https://etherscan.io/tx/0x9413d0435f5c2f9df60d2efc1bfb3fc0d2911536605d0667f561015bd1a5ca1b
2023-03-26 23:18:35,False,0.3081,0.0001749,80510.0,14.0886,0x42...254f,https://etherscan.io/tx/0x329f7de8e09458ec7610063de97bceceb6e2d31db1d6e0a8b3359b91fc5b076c
2023-03-26 23:17:23,False,0.3225,0.0001832,123.842,0.0226,0x1b...243b,https://etherscan.io/tx/0x2f07645492b02c507c93a64d1eb926b929af46b8890547a0d41ac97572f1200d
2023-03-26 23:16:11,False,0.3229,0.0001834,2115.27,0.388,0xb1...f036,https://etherscan.io/tx/0xeafe61e74eed6e10d05dd8cf3e996b15bebdbf3c4c6f009de64f0b21204da324
2023-03-26 23:06:59,False,0.3235,0.0001839,2381.35,0.4379,0x34...ec30,https://etherscan.io/tx/0x35ca00032546bb0e9e9dc780ad735864cd91e4975d092267e62a586b67c9486b
2023-03-26 23:05:47,False,0.3243,0.0001843,1844.94,0.3401,0xc4...de63,https://etherscan.io/tx/0xd4bacc077d89e0e5e7d9a70202d4d08dffaf679583261f047e0bd4c053160e03
2023-03-26 22:59:23,False,0.326,0.0001854,7604.85,1.40996,0xfa...b920,https://etherscan.io/tx/0x32a308c2fde149b81fbbcca602086164e82382ad81355e42208b4b6c7dda8000
2023-03-26 22:54:11,True,0.3279,0.0001867,5354.42,1.0,0x10...eee0,https://etherscan.io/tx/0xf81949f44f152b9501be99667bf7badfff53e590f6da703e4045f0b964b21732
2023-03-26 22:54:11,False,0.3267,0.000186,8978.93,1.67043,0xa6...fee2,https://etherscan.io/tx/0xa918400ee6a98c435ac11fee81b3d8e2335fa66741c75bd8b47e98d53fcb39e4
2023-03-26 22:52:11,False,0.3286,0.0001872,2044.21,0.3827,0x58...b4e0,https://etherscan.io/tx/0xf0a0a249f835d3e69bade9d7dba62ef13e1a83358ef2c4021dba2de2531aff9e
2023-03-26 22:51:35,False,0.3292,0.0001875,970.0,0.1819,0x58...b4e0,https://etherscan.io/tx/0xaef0eea3ce84ae235c514590413d32c2ea9912e40c7b3bc5b66d420dfdf744a5
2023-03-26 22:50:35,True,0.3312,0.0001887,903.537,0.1705,0x13...2062,https://etherscan.io/tx/0xc41269c0d809c3463229bfa844dd46629f8fa97747c8b9977fd21c05786e563d
2023-03-26 22:48:11,False,0.3297,0.0001875,485.0,0.0909,0xa1...f5ed,https://etherscan.io/tx/0x83dd1e8138ccba4850e7bd175d262d11a3bfe5b550f523da9920f0aef1cc781f
2023-03-26 22:43:11,False,0.3311,0.0001884,7401.1,1.39449,0x2e...db2e,https://etherscan.io/tx/0x2568dd44c3e0e48339193a6eb706d41b8dacb2f41ed835ba677052e71a341aad
2023-03-26 22:41:35,False,0.3331,0.0001895,2263.01,0.4288,0x34...ec30,https://etherscan.io/tx/0x1e583523e3eb7c61f98b4dc8fd7ab54ccdcb752176b4939bb5285a8d13dd2fba
2023-03-26 22:41:11,True,0.3355,0.0001908,151.931,0.029,0x62...4256,https://etherscan.io/tx/0x5b38887338d3cf0618f556148fe9d046145d34354cea4672ec51fefa8d5cf710
2023-03-26 22:38:59,True,0.3348,0.0001904,3675.66,0.7,0x24...8cf4,https://etherscan.io/tx/0x92ffa8cbe063d9a518c8562130f4a86ef721130f492d9f6c17ef33d61d7966ea
2023-03-26 22:38:47,False,0.3322,0.000189,970.0,0.1833,0xa1...f5ed,https://etherscan.io/tx/0xd16abec3d4c894778bb7d9b4b464da40028e564ca0b59129675ff78d37fd7963
2023-03-26 22:38:35,False,0.3329,0.0001893,2273.68,0.4305,0xa3...204d,https://etherscan.io/tx/0x4e5be57270015a65d60d915b9260b79e14c1ea5e11c571eb801f142e50f19ce8
2023-03-26 22:35:47,False,0.3343,0.0001899,2910.0,0.5527,0x2e...db2e,https://etherscan.io/tx/0x39ce0788769a34300b08495ee2c0ff4bbae823a213f8f9ae227af030ef895ccf
2023-03-26 22:32:47,False,0.3364,0.0001904,1875.98,0.3573,0xc4...de63,https://etherscan.io/tx/0xad53eeab3393202763620673d74e66d96b1b049842b30a0a5a805c2105d31697
2023-03-26 22:32:23,False,0.3373,0.000191,2845.01,0.5434,0x67...e93e,https://etherscan.io/tx/0x4842e5f4924837bf78db1ac867f01e20b5ccde5edb93c549f646f144bd3b752c
2023-03-26 22:28:35,True,0.3398,0.0001922,1820.19,0.35,0x80...97c2,https://etherscan.io/tx/0x0e6744b953d2e26fb5947a708bd4d5c141471d26858f90658f68e4ac2b86d1e8
2023-03-26 22:22:59,False,0.3379,0.0001911,1940.0,0.3708,0xa1...f5ed,https://etherscan.io/tx/0x5ea6d0afaba761628227e84f48fd3e0cc078c1eb2958fe0168a81bcfa4a8bb8f
2023-03-26 22:18:23,True,0.3399,0.0001921,2861.69,0.55,0xc5...ee62,https://etherscan.io/tx/0x175ef9259f16a0ca3edd9283f2905587acd3bbbf56960b44608f7c32c53a449c
2023-03-26 22:18:11,False,0.3375,0.0001908,987.954,0.1885,0x97...a958,https://etherscan.io/tx/0xb93c8f751d07fd7752c89138d6a8ac016e1042e2da86742fa1319d4567af5e05
2023-03-26 22:17:35,False,0.3378,0.000191,529.849,0.1012,0xd5...06c8,https://etherscan.io/tx/0x52039b3dd9d7fbff515de033ca913f3e70252c37d2c7b64b7d4553676ee87a4f
2023-03-26 22:11:47,False,0.338,0.0001913,2478.97,0.4743,0x9b...ea98,https://etherscan.io/tx/0xb3cfffbca9f64f8914b881355b48003bc34a705c10b6fb338faf4c1d25f06bf6
2023-03-26 22:01:47,True,0.3403,0.0001927,488.078,0.094,0x9d...60d6,https://etherscan.io/tx/0xc6671c046adecb5c2c4fc8134d728b5881f8fa3b39ab66ec7e9e761b7c465e9a
2023-03-26 21:52:11,False,0.3383,0.0001915,485.0,0.0929,0xc6...133b,https://etherscan.io/tx/0x32f7cac69993c56e01336c2db07c327271302633d6c73a2666e5de98a3edb212
2023-03-26 21:43:23,True,0.3394,0.0001923,4160.13,0.8,0xcd...d9e1,https://etherscan.io/tx/0xa7bc1da5f22a8a88338f0328d2b5b9ccd102497287cbd387bbcb499846984b5e
2023-03-26 21:37:35,False,0.3381,0.0001915,7436.71,1.42431,0x81...7cda,https://etherscan.io/tx/0x9ec72d40004e1cd28e9e1b0bfa64efbe29431d81b1cb7c61ee1ffa8444212b8e
2023-03-26 21:36:47,True,0.3416,0.0001935,300.0,0.058,0x88...5a90,https://etherscan.io/tx/0xab3b86961081f9101766bb081dca95468b3f9a98caf5c1961ca2a0acec6ca7a8
2023-03-26 21:36:35,True,0.341,0.0001931,2588.48,0.5,0x7a...7063,https://etherscan.io/tx/0x523e1726080f5b22ace8cd3bce27f076cfa241bfcb68e8706c07035be504b958
2023-03-26 21:33:35,False,0.3385,0.0001918,870.138,0.1669,0xdf...50ac,https://etherscan.io/tx/0xb0f07cd354fc2f2f922d6011c2f9b10a7cbe59b95b7a7c62a5b728e68c3c5c4a
2023-03-26 21:33:11,False,0.3388,0.0001919,485.0,0.0931,0xe9...e78a,https://etherscan.io/tx/0xbebc9bb37c7ee762d41fbe789dc8eab573a69c66d72839fcc45a967d4d83e8f4
2023-03-26 21:30:59,False,0.3396,0.0001923,2910.0,0.5597,0xff...d187,https://etherscan.io/tx/0x25b16b975b38a52324825c92476c4bd61fe584004044e7d071312f4cc5fea940
2023-03-26 21:27:23,False,0.3403,0.0001927,485.0,0.0934,0xe9...e78a,https://etherscan.io/tx/0x19bec8d4c9dccb0406b59f7d63e289af9508fb01dc86c4d2951f614f357b5edc
2023-03-26 21:24:35,False,0.3409,0.0001929,1351.07,0.2607,0xe9...e78a,https://etherscan.io/tx/0x06817164ee434aa624de8a0e2b7b2f3328770a0f4ea80923c57c36ce2c6836aa
2023-03-26 21:17:35,True,0.3427,0.000194,2001.57,0.3883,0x61...8b2d,https://etherscan.io/tx/0xd1b4154663a50207a0ab5c0be96cc87535fe435c37960c7cb54153be06d76a0c
2023-03-26 21:16:23,False,0.3403,0.0001927,485.0,0.0934,0x28...23fe,https://etherscan.io/tx/0x72f2ce9e2f4aed1a6e1d1121634ef40364287454458286fdc09f9bb8980500cc
2023-03-26 21:15:59,False,0.3408,0.0001929,1940.0,0.3743,0x6a...636d,https://etherscan.io/tx/0x5dba41400cccfd7b05f931d6ffbfbdafea3626729a1d74ac2fa4384cfab90370
2023-03-26 21:10:35,True,0.3431,0.0001943,273.867,0.0532,0x58...1b23,https://etherscan.io/tx/0xa144e0150c66d390eeecc9541bf0d6c789d41d5a13d51166c90502b4e5e262b7
2023-03-26 21:03:11,True,0.3429,0.0001942,290.01,0.0563,0x00...4072,https://etherscan.io/tx/0x770e5d8c2fa84dd0d1f9cad3e4beeacb1bfeac5d6e5918273b71148252f0931a
2023-03-26 21:02:47,True,0.3412,0.0001933,7717.73,1.49218,0x2c...33a6,https://etherscan.io/tx/0xda6ab87baf539bfc79d27f38a836d4f78b6e8ca70e160dbbf0ea9381b696ef1b
2023-03-26 21:01:23,True,0.3396,0.0001924,292.783,0.0563,0x00...4072,https://etherscan.io/tx/0x70b5acf74d8f26060e86eee1a022d03f4a92a4874760d7ce78df035c317201f0
2023-03-26 21:00:59,False,0.3383,0.0001916,3880.0,0.7437,0xd6...b5b9,https://etherscan.io/tx/0x5693f77724574c8e98b7fb95a72a9b779c70b888985f7014547336fce7d0ded9
2023-03-26 21:00:35,True,0.3411,0.0001932,291.536,0.0563,0x00...4072,https://etherscan.io/tx/0xe8b6c758345a2bdef59a2618405cf5ffa2b017faa5f4358e07da6085a968e526
2023-03-26 20:56:59,True,0.3407,0.000193,1463.33,0.2824,0x67...0d39,https://etherscan.io/tx/0xb1f0ba54fe363d18133d0d705c5e4b325d1c6fc480870713a0c3ae0dadc2f142
2023-03-26 20:50:59,False,0.3403,0.0001928,10137.7,1.95541,0x24...78df,https://etherscan.io/tx/0xd265fbb71b18abd0cd876de34012d50edbccbd8abbda3c08e328109dfade1263
2023-03-26 20:48:23,False,0.3434,0.0001946,4850.0,0.9439,0x9c...9436,https://etherscan.io/tx/0x46c348f9d76b8d25fcb3c631b00411903ba59ec95128530f72a3da783250f57a
2023-03-26 20:44:35,False,0.3447,0.0001952,822.679,0.1606,0x42...a241,https://etherscan.io/tx/0xf2edb9fb771a8a6458f660be33ca83db118aee5691124ec3d8ea2c6f3e80a7bf
2023-03-26 20:42:59,True,0.3363,0.0001905,52489.0,10.0,0x42...254f,https://etherscan.io/tx/0xd0a8d7c347031b268f8cb673101e71794f6e3b4ea34499953926a188607a52e9
2023-03-26 20:41:59,False,0.3242,0.0001836,980.811,0.1801,0x40...d61f,https://etherscan.io/tx/0x879978f21afa8beb7cc6db58e5cfc51254a20c44135c8d6aae1f1e186224b3dc
2023-03-26 20:38:11,False,0.3246,0.0001839,1552.0,0.2854,0xdf...50ac,https://etherscan.io/tx/0x95e865835f7090b4de6c204b8f61ae338f6acf439e439caeb95e4d66539633b1
2023-03-26 20:34:59,False,0.3252,0.0001842,858.978,0.1582,0xd6...fdaa,https://etherscan.io/tx/0x279becbe2bf4e9b5909c8ba014af49735b8194c1bfbf2acafd2ae586dddd0338
2023-03-26 20:32:59,True,0.3269,0.000185,3047.1,0.5639,0x4f...4e87,https://etherscan.io/tx/0x90c1f23c30a0c574766e22d829a6d97d5b8e8dd411d6202118b6a3374dae978f
2023-03-26 20:18:35,True,0.3257,0.0001842,4645.68,0.8559,0x66...c810,https://etherscan.io/tx/0x5f67eb8a7a691a239b094b1b8460842a7c34a2c59ceadc492e801370046dbbf1
2023-03-26 20:18:23,False,0.3231,0.0001827,751.375,0.1372,0xfd...0f3a,https://etherscan.io/tx/0x49ba2bdd61f68ff36d41adba1c141b294a62fb3c82a874d3147cd2e0beccf7a4
2023-03-26 20:13:59,True,0.3253,0.0001838,924.884,0.17,0xc9...ea1f,https://etherscan.io/tx/0x1d32ac77e346cf181a4db7dae5878803867126aaba91dfcbe26dce6818bd2c5c
2023-03-26 20:11:47,True,0.3245,0.0001835,1852.77,0.34,0xa1...9d91,https://etherscan.io/tx/0xb55424ba89b0d8f0b9c78c770116747614dddfb3f7e68eaa5db807dfecf11d92
2023-03-26 20:09:35,False,0.3223,0.0001824,2425.0,0.4424,0xcf...3224,https://etherscan.io/tx/0x37cf904e90a20f6b3559e6379b93524c7a174e8e3737c15541842ca24cbcfe9f
2023-03-26 20:01:35,False,0.3241,0.0001834,6907.37,1.26727,0x97...248d,https://etherscan.io/tx/0xe8ff1d77a5200ec3c8827f16d67ea61bb21da5e74c1cbdb1d44499dd4ceef7d1
2023-03-26 19:59:59,False,0.326,0.0001846,3637.5,0.6714,0xc4...2ffd,https://etherscan.io/tx/0x283255adcc65c5f9a5a49f64bb8fa0c1ab08aeb2b640b85c007ed563842e564c
2023-03-26 19:57:47,False,0.3268,0.000185,177.607,0.0328,0x8e...32f1,https://etherscan.io/tx/0xe834d8816fad8bde0cd26b2e18f55343519d317add3a586fa2540202e70b05a7
2023-03-26 19:53:11,False,0.3269,0.0001851,669.114,0.1238,0x80...00fa,https://etherscan.io/tx/0x6ce297c287b1e1d09e81395ddde9035701a126429fab2e4bb1dec5c135f233a4
2023-03-26 19:52:11,False,0.3271,0.0001852,414.179,0.0767,0x48...9642,https://etherscan.io/tx/0x23018786d25d47600e67f3ef7b026bcf0aa6e24bc55145228306878925d6f50d
2023-03-26 19:50:11,True,0.3284,0.000186,3213.09,0.5977,0x8c...8978,https://etherscan.io/tx/0x23962e61bfdb6a5b2ddd944d16f79250573f32045c5af6dc79e914d755c54e7b
2023-03-26 19:49:59,True,0.3269,0.0001851,4673.0,0.8653,0x33...6d70,https://etherscan.io/tx/0x2b4ce770b1cc952f72c24ec73df1c13524d3d7e552c13640738f4213aad34512
2023-03-26 19:40:35,False,0.3246,0.0001837,1940.0,0.3565,0x9c...6ab7,https://etherscan.io/tx/0x47c32c2cb15b1d28e25830bf8d478908a83098b6b6d2eec9362d12bfe1c47ad4
2023-03-26 19:37:47,True,0.3269,0.000185,374.17,0.0692,0x3a...92da,https://etherscan.io/tx/0x73e0530f6c24e95e364a67585fca1131a08ee4405574ab5f9d4d4a38d71e3c6f
2023-03-26 19:32:11,True,0.3262,0.0001849,594.792,0.11,0x5f...96c3,https://etherscan.io/tx/0xde700ae6566770bda8a8d435a148ebcc2e8acf5779f947009ef718cd332785c1
2023-03-26 19:25:11,True,0.3249,0.0001842,5588.28,1.02976,0x2c...33a6,https://etherscan.io/tx/0x3baea696eef51d575379066a6f412fb3e76a9ae0863d1d6db2d486e79ad34609
2023-03-26 19:25:11,False,0.3238,0.0001836,9597.18,1.76201,0x97...248d,https://etherscan.io/tx/0x80d5f821f123f43ad06435699fa9be3f81a6d65458e2f9ac3a46ca20191fc311
2023-03-26 19:23:47,False,0.3283,0.0001864,16292.3,3.03698,0x50...ec2c,https://etherscan.io/tx/0x94b0ca6d05e43fd8c59596f04290cd483f7343e70ca45cb92c705fe181fdf734
2023-03-26 19:23:47,False,0.3318,0.0001884,1940.0,0.3655,0x9c...6ab7,https://etherscan.io/tx/0xedf94218f0bbe6896d487934b21ef8c7b1b47b54465158d695794e53e67ee368
2023-03-26 19:22:11,True,0.3342,0.0001897,158.104,0.03,0x19...9870,https://etherscan.io/tx/0x89117613325dee016afe44a2c5e84ae2e43163f29513adc0d2f5a7d4d601b6bf
2023-03-26 19:21:35,True,0.3335,0.0001893,3281.59,0.6214,0x36...973a,https://etherscan.io/tx/0x39c6837179e0a2dd1bcf1ea15083b500bc051f9887fe2a2c23fcde0fd27241e0
2023-03-26 19:20:23,False,0.3309,0.0001878,124.976,0.0234,0x40...7de5,https://etherscan.io/tx/0x47600cdc34fe86516b49f79b03b5e8c5aa4613341a59fba0722e28e4cebf37f5
2023-03-26 19:09:47,False,0.3307,0.0001879,938.702,0.1764,0x9e...99f2,https://etherscan.io/tx/0xcb6d67bee0d160c3821958f9f99d4dec0ef81ec645e0c3fbd8938290f2372828
2023-03-26 19:00:47,True,0.332,0.0001888,3385.27,0.6393,0x10...bb47,https://etherscan.io/tx/0x912ca16db6287da6304d50c61a67c2ea7d1cac7bb48297b461459b76e780525e
2023-03-26 18:56:59,False,0.3306,0.0001878,4850.0,0.9112,0x45...6248,https://etherscan.io/tx/0x3e9667a4fb0f0e0f6ea7c84469afedf4b7c24cb8bc7fdcce85d3a0d4008e2cd6
2023-03-26 18:54:35,True,0.3337,0.0001894,1002.93,0.19,0x10...bb47,https://etherscan.io/tx/0x9aebdcb399c8859ff6cd3422aecff1284a56954bc58b4fe55f02e83b3652b61a
2023-03-26 18:46:59,False,0.3323,0.0001885,2910.0,0.5486,0x0b...9e52,https://etherscan.io/tx/0x23e92161409b40f315f425a11fb911cce03842dea179de8d5d9ec9423e3e79bf
2023-03-26 18:45:35,True,0.3348,0.0001899,526.524,0.1,0x9b...5058,https://etherscan.io/tx/0x4d04162969bc0e89406d4c9ec26cff0c51c865be5ce7f567d382261dfa2b7110
2023-03-26 18:42:11,True,0.3333,0.0001891,6344.09,1.2,0x6b...afd6,https://etherscan.io/tx/0x8d3912bbfc020817e35a080b2e5fdaa14c82acfbd82fc1c6d1489220e8096941
2023-03-26 18:40:23,False,0.331,0.0001878,4986.77,0.9368,0xbd...14b2,https://etherscan.io/tx/0xfcb9c01f84a93c95733277509fc6fd0570999cd22b3e4e02184dcdd3c3e52b5a
2023-03-26 18:39:47,True,0.3335,0.0001892,2641.87,0.5,0xa1...8838,https://etherscan.io/tx/0x52843cf8eb77d9752ed2c3e76eddbfa5f7aad30111277653fe50377ffea1c4d3
2023-03-26 18:36:59,False,0.3322,0.0001884,5820.0,1.09696,0xd6...b5b9,https://etherscan.io/tx/0x2de53573fdeac1b3833a7754e614b52de25ace3f2f7d1b03d5eb9a1f19ec314c
2023-03-26 18:36:11,False,0.3338,0.0001894,2450.01,0.464,0xec...d95c,https://etherscan.io/tx/0x14a3eaefe43ba7324eff1497182ec631c69182f2a138a2b3817f54d14bac1b4e
2023-03-26 18:32:59,False,0.3345,0.0001897,242.5,0.046,0x87...90bc,https://etherscan.io/tx/0x9a8ef0f42c664d58c9088f2fbac3177e3f68d1643a934355af3bfa99a49c0723
2023-03-26 18:32:47,True,0.3348,0.0001898,8807.88,1.67245,0x1e...050d,https://etherscan.io/tx/0x4a445bc0d36a021b4d3111185e4f808bb6509b33c94c86b751bd7cbe2a95cc24
2023-03-26 18:29:35,True,0.3324,0.0001885,2969.87,0.56,0x5d...a8fb,https://etherscan.io/tx/0x983b8259b1ce60a06f8ac9a53c02a9adba6613475d651bf136b2a4a318ab1a5a
2023-03-26 18:28:11,False,0.3314,0.000188,8289.03,1.55852,0x24...87ac,https://etherscan.io/tx/0xece17d22470d31e00f51ff4ceebd89c35bb274ba62a246adc3ba958c5a0ccf8a
2023-03-26 18:25:47,False,0.334,0.0001894,4850.0,0.919,0xd6...b5b9,https://etherscan.io/tx/0x9b7a8543e2956f44b7bcf05b8d2ddf3a978ae742657fed6ba0f9d24fb304ce0d
2023-03-26 18:25:35,True,0.3369,0.0001911,416.262,0.0795,0x2e...43fd,https://etherscan.io/tx/0x0cd2a56ad7dd52f74a2a1964a98194d9f87ae7c8107186878590899fbb7343ad
2023-03-26 18:24:35,False,0.3353,0.0001902,2848.76,0.542,0x48...716c,https://etherscan.io/tx/0x71a93265cff877e602f537c987aff006901f9141777a1c723d88d5f5bbc42615
2023-03-26 18:24:35,False,0.3361,0.0001907,997.271,0.1901,0x88...5354,https://etherscan.io/tx/0xe83615a3187996ee2766143f87a4a2abb32fc8e66c0b8e1612943738f7c6efdb
2023-03-26 18:24:11,False,0.3366,0.0001909,1303.12,0.2488,0x55...3820,https://etherscan.io/tx/0xbc581fdf00ef7bde7b0d81236cbfdfedd51a55dbec1dc661b1dc6270ecb7204f
2023-03-26 18:22:59,True,0.3358,0.0001905,14835.7,2.82718,0xec...4ae3,https://etherscan.io/tx/0x71e2e97ad86dd9f019562d414232270a66dd79058a22030db5afd8169cfd31ec
2023-03-26 18:22:23,False,0.3324,0.0001886,7890.52,1.48849,0xa6...2f69,https://etherscan.io/tx/0x2ae80177af9ca853eb63ff50847d8b9c715ec6f9bd7ed0583c76a2b9dfb90d5e
2023-03-26 18:21:11,False,0.335,0.0001901,5141.0,0.9773,0xd6...b5b9,https://etherscan.io/tx/0x263bcedc6f281cc3f27a4602fef079be5f8d521c79e72ccfd9aa4d04ef9511cb
2023-03-26 18:18:35,False,0.3367,0.000191,2877.86,0.5497,0xf1...b342,https://etherscan.io/tx/0x9ec713f49dd1ea5cbf7ac523669314ab9d1c363dedc7dc027582cdced3da1ee0
2023-03-26 18:18:35,True,0.3382,0.0001918,5211.21,1.0,0x78...fc3f,https://etherscan.io/tx/0x8c1f822300fc04b5418cc1dd0b067707501c2a450de6a336075ad6677acb3224
2023-03-26 18:16:59,False,0.3358,0.0001904,2334.79,0.4445,0xa9...85e7,https://etherscan.io/tx/0x7aafde4bca54aacb6f4a3a06ce338b0f2ab0d838dfa8fa380c4306beadf75336
2023-03-26 17:57:59,True,0.338,0.0001916,337.668,0.0647,0xff...5dcd,https://etherscan.io/tx/0xf0cda9fa8b3d597e857d5c9b39b42c806e1f205c213113ffe5305b89fef73e36
2023-03-26 17:43:59,False,0.3363,0.0001906,1455.0,0.2774,0x09...2b1f,https://etherscan.io/tx/0xfb1078c35576eb427ad14668ea291f304953789f83dd96aefa73a5ec8de65535
2023-03-26 17:43:35,True,0.3369,0.0001909,8645.8,1.65119,0x1e...050d,https://etherscan.io/tx/0x52b3c3ccda185f4c88dbd9bc89b9c0289eb8c942b7e28614266fb07cd11a5cba
2023-03-26 17:42:47,False,0.3344,0.0001895,6360.29,1.20578,0x97...248d,https://etherscan.io/tx/0xefced96ec4d32261028d782d574437cfff79af2e5035199da5869ee81ae70824
2023-03-26 17:40:47,False,0.3363,0.0001906,3395.0,0.6473,0x08...c15e,https://etherscan.io/tx/0x7d7037116431affaec3be0fec16e0abead17700529d3c71c89bea2d856f0a6fc
2023-03-26 17:37:47,False,0.3383,0.0001917,6070.26,1.16402,0x97...248d,https://etherscan.io/tx/0x8a92cd79dc80d87a14ee19878a3bea1ba3d64ad5ce40aff450890a9a667c0163
2023-03-26 17:29:11,True,0.342,0.0001935,516.655,0.1,0x44...4f77,https://etherscan.io/tx/0x5ff5e84c1be65eac1c4da5c3d99d1739a8bad383253658c2dbeb6160501acc1a
2023-03-26 17:27:47,False,0.3405,0.0001927,3298.0,0.6355,0x9c...9436,https://etherscan.io/tx/0x60a2ebe8da2849271304a3667bcae627442a1e89d529e4db23e21e807d34f3a3
2023-03-26 17:27:23,True,0.3422,0.0001937,4323.04,0.8376,0xe9...2b6b,https://etherscan.io/tx/0x1b2933af85853705543eb3f89b9614c841b4c77f3920f6c6faac6079553331ae
2023-03-26 17:18:47,False,0.341,0.0001929,7275.0,1.4036,0xda...44f0,https://etherscan.io/tx/0xac55ca4d5776511bdd78f42bc393c261c9a2b898a038f21fcebfa0a23ee31f7a
2023-03-26 17:17:59,True,0.3445,0.0001948,769.814,0.15,0x5b...e83f,https://etherscan.io/tx/0xe0d4e02428146b1cbe507e7a3378d566993931b9b76fc193118a618080869691
2023-03-26 17:17:11,False,0.3423,0.0001936,485.0,0.0939,0x49...4ec2,https://etherscan.io/tx/0xecd65bf38579ad37bfcdc7ed4314bfd249a4aadb585767bec2f8f9b2a9ccc89e
2023-03-26 17:15:23,False,0.3427,0.0001939,2134.05,0.4139,0xc6...2650,https://etherscan.io/tx/0xaf5d5a39260dbf949e438f5fbe20732887e04821542bd30d8099919e8af4a279
2023-03-26 17:09:11,True,0.3447,0.000195,2460.32,0.4799,0xf9...5573,https://etherscan.io/tx/0x1abf4d094147bd7bcac1551477899d610adf7b59633e2161aafc84391683ff2c
2023-03-26 17:09:11,False,0.3433,0.0001943,5723.0,1.11197,0x9c...9436,https://etherscan.io/tx/0xfab1c74b745854022db2695715cd9550e9bdf5b9208748bf1ac68aea833d0c1a
2023-03-26 17:05:23,True,0.3461,0.0001961,37.5531,0.0073,0xd6...ba5e,https://etherscan.io/tx/0xfd3b1d9fe4eb75150a1c6b92f8a9aecc755f0a9d89af7aa2ab41ad2e80239a4c
2023-03-26 17:03:59,False,0.3452,0.0001955,5286.16,1.03386,0x77...b82e,https://etherscan.io/tx/0xd9c8a110214bd7054e3e125252b0c7f602a389684ab65ba3e762ef7a642a4016
2023-03-26 17:02:11,False,0.3466,0.0001966,3880.78,0.7632,0x5d...a8fb,https://etherscan.io/tx/0x05f3a74c2cc7b03cb661018801c80d4806cd8b65c319aaf5aacd8d09c081704e
2023-03-26 16:55:47,True,0.3488,0.0001983,7.09287,0.0014,0x74...62de,https://etherscan.io/tx/0x22666eca6f56601d3159f888f401128cbc20358db71e394709039c7cafe12a0d
2023-03-26 16:52:47,True,0.3486,0.0001983,48.4191,0.0096,0x06...f242,https://etherscan.io/tx/0x4608d409158ddc9711aaa14aafb9eadb516824dab921411f37e6703a8e0d1922
2023-03-26 16:51:23,False,0.3486,0.0001977,5267.1,1.04152,0x29...fac3,https://etherscan.io/tx/0xb0b39a9a33672a14a34fff3083cea6462ddcf10d20bd262be7ad1bde7e606952
2023-03-26 16:44:59,False,0.3519,0.0001989,4886.96,0.9723,0xb7...8a4c,https://etherscan.io/tx/0x4bb76ac8dd0ffa57f0cc111e709c07d6d1ee376320fd54d2c9eb6baaca3cd7b1
2023-03-26 16:40:59,True,0.3537,0.0002002,4068.76,0.8148,0xb7...8a4c,https://etherscan.io/tx/0xe70876d2162a153711a67b5da08e71987e499ced2ea665a84c7e0c16e28081d3
2023-03-26 16:37:47,True,0.354,0.0001997,28.4492,0.0056,0xc9...bc6c,https://etherscan.io/tx/0x69a9c6954c74b6c103d79e6d09538aae839c5973ff432cbf7fbaf72798056af8
2023-03-26 16:23:11,True,0.3559,0.0001995,1804.18,0.36,0x78...ebd7,https://etherscan.io/tx/0x76efa8b26de2ba745e7e64304baede279fcbc82997a622b0ccedbd44455e9335
2023-03-26 16:20:35,True,0.3555,0.0001993,8.58281,0.0017,0x07...abd1,https://etherscan.io/tx/0xe75ee7eb4bc03aa50cac52a48037209ff0cb6deaf0b3b00c108b8086ad03c1ae
2023-03-26 16:20:11,True,0.3556,0.0001992,228.814,0.0456,0x69...b985,https://etherscan.io/tx/0x503e41298c46500dca4ad7f0b69455c8dcd16dd7847278fd2ee1a286a9d732f8
2023-03-26 16:16:11,True,0.3562,0.0001992,316.16,0.0629,0xb0...35d9,https://etherscan.io/tx/0xe496859a291c7174c6c1eb7ca3578a2a3d2a3bf6b835a2ab5cc34d41c10d49b7
2023-03-26 16:15:59,True,0.3562,0.0001991,27.6306,0.0055,0xc9...f264,https://etherscan.io/tx/0x766aae3943f2dc3d0f0194baed05db19f6a6c20fc44e0f4b986d6128f68eaa11
2023-03-26 16:14:35,True,0.3536,0.0001978,10949.7,2.16649,0x2c...33a6,https://etherscan.io/tx/0x813d3ec0eb306622efb517703ceb931e7e4bf3c8dab9ba2a260c1268107da26f
2023-03-26 16:07:23,True,0.352,0.0001964,708.833,0.1392,0xdb...87d9,https://etherscan.io/tx/0x671a8690bd189c2cc11c49f1c61c078652a80fb22c3394061cea508c3475087b
2023-03-26 16:06:23,True,0.3518,0.0001963,28.5836,0.0056,0x48...1f82,https://etherscan.io/tx/0x4c998c8c70610a4b0cd42d3944e7fb2bba858585207de4a29c0756c8b2fb5bce
2023-03-26 16:06:11,False,0.35,0.0001953,1552.0,0.3032,0x7d...2d88,https://etherscan.io/tx/0xe72ee375565667d717d68153bcbc89b209cc04c3de20c7d6069986240b8c834c
2023-03-26 16:04:23,True,0.3524,0.0001967,120.667,0.0237,0xe2...8392,https://etherscan.io/tx/0xd9e8a9d4d6fcb5423f9b92e412391c0e558aa9c3f168f1d13382f30c4ddbb5be
2023-03-26 16:04:23,False,0.3525,0.0001967,10122.5,1.99149,0x0d...92fe,https://etherscan.io/tx/0x39e392e85573e11d1ea3a09ea6d612a77b5f0326f4b3f16f99d3c3c25ecbb5ca
2023-03-26 16:03:11,True,0.3554,0.0001982,7567.21,1.5,0x55...812c,https://etherscan.io/tx/0x0fa43e169b45f9c4f8001211e27a3e4c83af9cce8d487acb0fbff70e74ef8a80
2023-03-26 15:54:11,False,0.3516,0.0001962,1065.81,0.2091,0xe6...10ed,https://etherscan.io/tx/0xefc38c3efcf62cb9b6a53e9db9835c444c85a8396f3c11ddfce0b0375aa1614c
2023-03-26 15:49:11,True,0.3535,0.0001975,54.5069,0.0107,0x0d...c9e5,https://etherscan.io/tx/0x980901e626897ef9600a40250109eca3d3b13be334e7de6f03de0d7b1d3d9c5a
2023-03-26 15:47:11,True,0.3534,0.0001975,31.1637,0.0061,0x0d...c9e5,https://etherscan.io/tx/0x2f1fd5b4139cb07898759399b0a0f30746b89c2c52f812e627bf7b99758e7fc3
2023-03-26 15:46:35,True,0.3533,0.0001975,20.0539,0.0039,0xe2...8392,https://etherscan.io/tx/0xfdd2f85547fb0b974e4ccd6b12e0ed383830ac41161407151683fe485dfd17a9
2023-03-26 15:45:11,False,0.352,0.0001966,2754.8,0.5418,0x27...3c7e,https://etherscan.io/tx/0x0ca532cbdcec163f39c2594698a1abcebb1aadfa2e7d2764c5110901138cb14b
2023-03-26 15:43:35,False,0.353,0.0001973,2910.0,0.5743,0x24...1bc9,https://etherscan.io/tx/0x20ffbfaa0b4581b6e98cfb42c957eac6ded243d529d8df66e076bdb6a56b7006
2023-03-26 15:41:35,True,0.356,0.0001989,45.7545,0.0091,0x9a...be85,https://etherscan.io/tx/0xe93fded30fbf08747caee5a21d04f381ab0467ddda4d467309841f3e3fb4f310
2023-03-26 15:40:47,False,0.3547,0.0001982,4850.0,0.9616,0x14...eb07,https://etherscan.io/tx/0x861211ec0ad890f8ba0ea4ffd733e9995bacff0e8ac4cfc4890034c06fb86c6b
2023-03-26 15:40:23,True,0.3578,0.0002,33.485,0.0067,0x65...e93d,https://etherscan.io/tx/0xd8d5ded921ecedf051411415a96ec2b5427a38c1b1e3f8807f2fe3229274f653
2023-03-26 15:39:47,True,0.3583,0.0002,5.26052,0.001,0xb9...6a62,https://etherscan.io/tx/0xd8ca58ba247ddb55fc2b2d89a3cefe34420a33d8d920b0a45f0e4f346248b36e
2023-03-26 15:36:35,True,0.3553,0.0002,25.8256,0.0051,0x09...2b1f,https://etherscan.io/tx/0xccd1c0e9e63ff7913b138ee639ac215fb609c57fa4c751029030d25599f11f4b
2023-03-26 15:35:23,True,0.3551,0.0002,197.952,0.0396,0x00...f243,https://etherscan.io/tx/0xc873ed20c239fc74ed429078c7da7ff42e542e048b084a4dca03c7b49b1e12a6
2023-03-26 15:34:59,True,0.3547,0.0001998,1366.45,0.273,0x1b...fcdb,https://etherscan.io/tx/0x414c118bfd28fc70e9fff5dacc41290b37382c1c8077b469776e96c2a60b05c8
2023-03-26 15:32:47,True,0.3546,0.0001996,5.11414,0.001,0x3d...e1da,https://etherscan.io/tx/0xb2b6ab873b01a944cecaa4c179cfee9f1aabf11425f449606ea0449754f5b4c4
2023-03-26 15:27:35,True,0.3545,0.0001996,11.6869,0.0023,0x7f...313a,https://etherscan.io/tx/0x4d6640648f93695a33ae158e29f74515bc0fa33b63b3ceea32119c1f1b623c20
2023-03-26 15:26:11,True,0.3545,0.0001996,100.285,0.02,0xdb...9126,https://etherscan.io/tx/0x70a0f01e1ac0916f3c6946cbe937422825318ba8aabbc3141536d0add8315177
2023-03-26 15:24:47,True,0.3525,0.0001985,8812.8,1.75,0x75...5d97,https://etherscan.io/tx/0xfb9a3350bda713b5775026300a589458ad3e7651ce7fdbaba5815ff9521aad46
2023-03-26 15:22:47,True,0.3506,0.0001975,5.85111,0.0011,0x77...1039,https://etherscan.io/tx/0xd5352e04a2a99e8d03904bc0efae78994dd456e97dd2a698ba9a6a28d800fd47
2023-03-26 15:22:23,False,0.3487,0.0001964,955.236,0.1876,0x43...d808,https://etherscan.io/tx/0xfc557693d542c298834c7e95311ebd3afb7cc049a6381874825c58b5e4be09e2
2023-03-26 15:21:47,True,0.3512,0.0001977,20.0068,0.0039,0xc7...bafe,https://etherscan.io/tx/0xc705db59deef5495c2c5910bad4d9be54a09ffba49e1eb1c530315153695510f
2023-03-26 15:21:23,True,0.3512,0.0001977,35.379,0.007,0x5c...a6db,https://etherscan.io/tx/0x4add4923cbc3c1492aba2849835525430b1e51ac1837ef4bbaebc355201c3af8
2023-03-26 15:20:47,False,0.3492,0.0001966,524.88,0.1032,0x68...4902,https://etherscan.io/tx/0xd7abab3e4c18a67be5d36c2afede4399adf8bf1ff8baef33ef61b9ca4bc36434
2023-03-26 15:20:47,False,0.3495,0.0001967,1029.2,0.2025,0xbd...eed6,https://etherscan.io/tx/0x431922e63384e4600fad08bbf9bd792110507e7cb25de94f539278069d08dd3e
2023-03-26 15:16:59,True,0.3513,0.000198,144.314,0.0285,0x03...a93a,https://etherscan.io/tx/0x66e5f0d4b2addb2b3a9601a11985975094a8fda39e03e48056c5831840b170a2
2023-03-26 15:16:47,True,0.3512,0.000198,9.87434,0.0019,0x06...6ad3,https://etherscan.io/tx/0x5cb38c45f81504172cde842760e78d49d2fd9279a766a20c795a8db1128a2487
2023-03-26 15:16:23,True,0.3512,0.000198,25.1005,0.0049,0x0c...2f06,https://etherscan.io/tx/0xcb2b9bc86b66a3f3ff9c3e7cb3c743998d83a1aa5ed81191a0a41f6c337e5a48
2023-03-26 15:16:11,True,0.3512,0.000198,29.1725,0.0057,0x48...7a79,https://etherscan.io/tx/0xc49e45187c355d8a15707d947f88490687135fd666791d6d55ff0cd5db457b5e
2023-03-26 15:16:11,True,0.3512,0.000198,9.47604,0.0018,0x8c...a7e9,https://etherscan.io/tx/0x38feb28f279fdadd6dc8f67f0e9b6400a8da27fdab848a9831bf1b55a2bc5cf3
2023-03-26 15:15:11,True,0.3512,0.000198,100.911,0.0199,0x94...3698,https://etherscan.io/tx/0x4e1796fda92a02f66ac50c76ad86a4a2984acadc41013c0ae066756c2fe11b3b
2023-03-26 15:14:11,True,0.3512,0.000198,16.106,0.0031,0xeb...eaae,https://etherscan.io/tx/0x6f7f2e42eecca2ddaf1e3dff73f1518c0850822d72e923926729f9ea02150640
2023-03-26 15:13:47,True,0.3511,0.000198,99.8226,0.0197,0x62...9058,https://etherscan.io/tx/0x55439424111025efe34601c7c2e179de976226d6ce31d02e927cecdff21440c9
2023-03-26 15:09:59,True,0.3512,0.0001979,121.404,0.024,0x9d...bfd0,https://etherscan.io/tx/0x5792c910df31c72a8e644e2d356172515ba250b188d17c8aefc8555ff2935f1e
2023-03-26 15:07:47,False,0.3492,0.0001968,485.0,0.0954,0x58...71c6,https://etherscan.io/tx/0x5151f15ada4cabde9a966fa17e00e0ddf63deb0c8c74759626b3147e93e7e0d9
2023-03-26 15:06:59,False,0.3505,0.0001975,5645.4,1.11538,0xcb...f23c,https://etherscan.io/tx/0x3aad0864bca3aab7ac2702109bdbfe93a263b61f5061c60a8da619ec82a76a4a
2023-03-26 15:05:47,True,0.3539,0.0001994,182.108,0.0363,0x81...8ce4,https://etherscan.io/tx/0xb942ecbba629215d1173d12de57d4c3467ae75529761cd63620fcbbea7c72013
2023-03-26 15:05:35,True,0.3538,0.0001994,20.6686,0.0041,0xea...046f,https://etherscan.io/tx/0x917d218db06a4743ecbde6898766f7c893a3289fe64b3d1b6a0fda7fd76c0eed
2023-03-26 15:04:23,True,0.3538,0.0001993,24.1217,0.0048,0x06...5a7f,https://etherscan.io/tx/0x92849996c24a08c2c9afd17959e590814e2f189d96b68742344b12a9f1ed520e
2023-03-26 15:02:59,True,0.354,0.0001993,2.16223,4.311e-05,0xff...4471,https://etherscan.io/tx/0xbd0efe31131e6266cde8bb78206269bd883e81bbf03b1a1b830770352bc4b903
2023-03-26 15:01:59,True,0.354,0.0001993,23.148,0.0046,0xeb...2f15,https://etherscan.io/tx/0x6bd9286a77a8418572d87c9af0f223a11f91777270c29ba04f19378b8e653ef4
2023-03-26 15:00:11,True,0.3538,0.0001993,21.2107,0.0042,0xf9...3be3,https://etherscan.io/tx/0x2b4113a1fb5331c8a09fdd8573741465dc7ced828717804de1eeaeb5a6a277eb
2023-03-26 14:58:47,True,0.3537,0.0001993,192.196,0.0383,0x00...f243,https://etherscan.io/tx/0x12f5af5ecfada69818238166953c39599420e29f20f44235ac9ff5193c676a8a
2023-03-26 14:56:47,False,0.3521,0.0001984,2404.94,0.4772,0xc7...2689,https://etherscan.io/tx/0xe6004afe62f136ab291f93fbccd18616a64d6bd1aff8d829ca73f8c6f8b9e5a4
2023-03-26 14:46:35,True,0.3545,0.0001999,2.50445,5.006e-05,0x2a...e421,https://etherscan.io/tx/0x7a09fe015ca6a939d781ae7b36cf973c16d17fdabbcdb4a9a55cce72de5db8f9
2023-03-26 14:43:11,True,0.3531,0.000199,7083.57,1.41,0xc5...708d,https://etherscan.io/tx/0x9831bf7679061e0af75f5cf6bf89035b3d40501347ff3074d6d102b0d8e64330
2023-03-26 14:40:35,True,0.3513,0.0001982,11.9958,0.0023,0xda...091f,https://etherscan.io/tx/0x098b312e8311656d38c17aaa1540da4e8bc2b50bc05c340cf1c0dd79fb0b7ac9
2023-03-26 14:36:47,True,0.3516,0.0001981,320.0,0.0634,0xbf...789f,https://etherscan.io/tx/0xd2e72052c5fcb30c8b34f37befb5607c3739120343ec01a064920e243d812b6c
2023-03-26 14:34:47,False,0.3501,0.0001972,3016.78,0.5951,0xa1...9d91,https://etherscan.io/tx/0xf027ebeec84201e89c0eac809a040c88cfbbe67471625a5b1686fe1e45ae8333
2023-03-26 14:34:35,False,0.3509,0.0001977,970.0,0.1918,0x10...e9a5,https://etherscan.io/tx/0xece52b0323485dcf8142629a3905684346acbe54f75ca3b7fa72a1f25dc8899b
2023-03-26 14:25:11,True,0.3532,0.000199,42.9277,0.0085,0x1e...9d8f,https://etherscan.io/tx/0x35fefe2d5d27cb379f0ce317d30b75d7ce5381f3deaf4fa15370df3f47837643
2023-03-26 14:24:11,True,0.3531,0.000199,14.9284,0.0029,0x65...e93d,https://etherscan.io/tx/0xcde80b8a9c720542df87c40809333606f4871472bf63870a1f65299282e83036
2023-03-26 14:21:59,False,0.3514,0.000198,1778.32,0.3522,0xb3...e62c,https://etherscan.io/tx/0x0020cd44a914d4822616cbe8a5e66a4073aa1b4e715ce55f149439e00516e0a5
2023-03-26 14:16:59,True,0.3538,0.0001994,0.0043,8.746e-08,0x8d...f52c,https://etherscan.io/tx/0xd0841ab4756f83f253e5ef3ce3887b3b13d8a6630ac25bd3f055461fe5acc417
2023-03-26 14:13:23,True,0.3542,0.0001994,0.0246,4.909e-07,0x8d...f52c,https://etherscan.io/tx/0xb651408cfc7d95787f8b1892ed434381656f5756a458562ee1f95b4adbbc7943
2023-03-26 14:13:11,True,0.354,0.0001994,499.92,0.0997,0x8c...638f,https://etherscan.io/tx/0xec1921c54ca9f41f1272e22897a1d74f3e6852f1321506faadc8d09c45ff8d58
2023-03-26 14:12:23,True,0.3539,0.0001993,5.49065,0.001,0xfa...8288,https://etherscan.io/tx/0x90cda61ceffffe853fa0c9c0246fcea08c8594cd7aec57ebd2f7dda76bb47ef0
2023-03-26 14:06:11,True,0.3546,0.0001993,31.5255,0.0062,0xe1...6d66,https://etherscan.io/tx/0x69a8b6acc70a26e2721e572512cfaa2b2b45911941bfc3c2203c79b312dc885c
2023-03-26 13:59:35,False,0.3526,0.0001982,603.848,0.1197,0x8c...8a21,https://etherscan.io/tx/0x30c6a04a271a5155b980dcaef1ce8d4737f2c3b9f4d6b91a72f0ae1a40d7aeed
2023-03-26 13:58:59,False,0.3533,0.0001984,727.5,0.1443,0xed...8c3d,https://etherscan.io/tx/0x90b3bf19ec3141a94fef3c56a13bdddbe8c064dd7f61de4097f756baddfccdae
2023-03-26 13:52:59,True,0.3527,0.000199,5023.23,1.0,0x63...ce37,https://etherscan.io/tx/0xd2ee687089bac7ce7783334e540159e8d987d6510ce0f110fea8c83c3c92e455
2023-03-26 13:52:23,True,0.3499,0.0001974,8355.84,1.65,0xc6...811f,https://etherscan.io/tx/0x4d421db9247a0e0356b6e4921f1f42bf8f9a142fb7f95e86089e3be291d1f604
2023-03-26 13:52:23,False,0.3461,0.0001953,276.054,0.0539,0xf6...dff9,https://etherscan.io/tx/0xf9054aadef4e483ee7ce2d267620103d6779e1d5ddfac80996a21bf2da0640e1
2023-03-26 13:46:23,False,0.3461,0.0001954,485.544,0.0948,0x1a...d062,https://etherscan.io/tx/0xf9be759be965f1f3e9327f9e87a295bee73adcf64d5de89caf0d9b2d3c24f372
2023-03-26 13:44:47,False,0.346,0.0001955,679.0,0.1327,0xf8...0a3c,https://etherscan.io/tx/0xf46cabe7a8919b0f59845f8ba0482cc2427e8bdc4a6e730bbdbeeb51c9ee0388
2023-03-26 13:42:11,True,0.3469,0.0001962,5000.0,0.9811,0x77...4247,https://etherscan.io/tx/0x807caeef13cdea8588009eb71d2c752441ca4276a43b9111cdad3f55ec0f0d06
2023-03-26 13:37:35,True,0.346,0.0001956,279.785,0.0547,0xbd...1786,https://etherscan.io/tx/0x2b0fd2c2dffc06ab66f0205aa97aedce0e8e3241fc2952562102445c222d8fa2
2023-03-26 13:37:11,True,0.3459,0.0001955,10.8077,0.0021,0x13...59e9,https://etherscan.io/tx/0xc877511c82498d282dc140a634c013f57958b1d8f6e74e36b8e2599a52f7686f
2023-03-26 13:33:35,False,0.344,0.0001944,107.653,0.0209,0x65...0769,https://etherscan.io/tx/0x2602476712536a93f2fba8a474c756e14d82b8c04c6cfa1a8586c84674d774b9
2023-03-26 13:30:47,False,0.3444,0.0001946,1940.0,0.3776,0xc9...ec2b,https://etherscan.io/tx/0x9916ae14f9a2d6551637f3cee49f18aa725e42f571e61a5f77d40cdf32cd802a
2023-03-26 13:29:59,False,0.3448,0.0001949,291.0,0.0567,0xf8...0a3c,https://etherscan.io/tx/0xe936888f80a2dc8d186c848723264c188a07e2b8cf57370a548585c5b8176799
2023-03-26 13:28:23,False,0.3456,0.000195,788.44,0.1537,0xf8...0a3c,https://etherscan.io/tx/0x904f972949a653d8ee002238d3e2f7a2552a77fcb45dd1695a7a858e456de052
2023-03-26 13:22:35,True,0.3477,0.0001961,1310.0,0.2569,0x82...b5fc,https://etherscan.io/tx/0x61ceb11b52b37c250559a5527df2d76d8ea34bd44b3d7b61e7c82dc94fbd13b8
2023-03-26 13:22:35,True,0.3474,0.0001959,24.6024,0.0048,0x7b...f61c,https://etherscan.io/tx/0xa45d736e720258339a0902a254b1aab54fd3d9ba0e27e1287fc5df1bca9372c3
2023-03-26 13:20:23,True,0.3473,0.0001959,150.094,0.0294,0x09...2b1f,https://etherscan.io/tx/0x86627354769cff4711dc7c6fb8b47e92ddc29e7685d5c9eab193e78cd677dc35
2023-03-26 13:19:11,True,0.3458,0.0001951,7175.78,1.4,0x21...e50d,https://etherscan.io/tx/0x453f73b17a0a28ac0a32091b802c53c1001615c39d640a6b278db960ff74ebff
2023-03-26 13:08:11,False,0.3423,0.0001932,1455.0,0.2812,0xd0...9915,https://etherscan.io/tx/0xaf153101c63d42588f0ba2444b365ae7db05ad1f825564023548dc1db4739140
2023-03-26 13:05:35,True,0.344,0.0001943,2195.58,0.4267,0x6f...01f5,https://etherscan.io/tx/0x36ce1ee5eece64ef6fe417dced9c0978a39e4af7d6d99f1ae81a6412e19eb6a0
2023-03-26 12:57:59,True,0.3437,0.000194,4.88798,9.486e-05,0x4d...1817,https://etherscan.io/tx/0xa5d2fcce50966086e51c70ea1ae4e57339e4e03f768820ffbed7608f5e890a35
2023-03-26 12:48:35,True,0.3437,0.000194,65.0,0.0126,0x6c...188e,https://etherscan.io/tx/0x26bbe8a3d859f054533429a8ac10c7deef11b0b4ec360f8f1949fc04c15841e5
2023-03-26 12:46:23,True,0.343,0.0001938,2050.0,0.3973,0x6c...188e,https://etherscan.io/tx/0x9c33f160ff6eb1ff8affb735e1e743c6e10d727b17151507eb5d104c9666694f
2023-03-26 12:35:59,False,0.3402,0.0001925,745.352,0.1435,0x69...9a65,https://etherscan.io/tx/0xae8540d5f477c36ebb5f5f5709c91b0259d2b8680cb5af6b8dcf7433e7c731c7
2023-03-26 12:32:47,True,0.3424,0.0001936,1451.94,0.281,0x9e...c535,https://etherscan.io/tx/0x8f2a77eef0b582329b02cb4814fcd6e3d15e45aa66de812c631dfbd40a7a76f1
2023-03-26 12:32:23,True,0.3421,0.0001934,14.3768,0.0027,0x3b...af17,https://etherscan.io/tx/0xa9f005fbc38021db74375a48e5df23230c1886747bd0f5b655eb7fb39dd69336
2023-03-26 12:26:35,True,0.3422,0.0001933,382.66,0.074,0xda...cb6a,https://etherscan.io/tx/0xf7dbb209a751a9fa303ab91dd1d53e8263a53697c215fa59cbc47212430b4ed3
2023-03-26 12:25:47,True,0.3423,0.0001933,13.9816,0.0027,0x43...eac0,https://etherscan.io/tx/0x9c3fda0df05b02859ebb9ee38cadb758f4b7f4a9383fadf3a1b10289b3fae8cf
2023-03-26 12:22:11,True,0.3424,0.0001933,14.8231,0.0028,0xc5...f507,https://etherscan.io/tx/0xf26a74379108ac65552358b4a2f8f29ab91cabe754db718100e67366a8bbe202
2023-03-26 12:18:59,True,0.3424,0.0001933,2.19361,4.24e-05,0x68...654c,https://etherscan.io/tx/0x2c7491bfc31275acaf2504a13d37b91f5557ceea0424b3479f2c622d9fcabb17
2023-03-26 12:16:47,True,0.3426,0.0001932,580.716,0.1122,0x95...2640,https://etherscan.io/tx/0xb174d60dce04b48ffc72312a96c85b918fa00491d7a6c3b8505bf50cad2ef566
2023-03-26 12:15:35,True,0.3425,0.0001932,3.11925,6.026e-05,0xc3...9125,https://etherscan.io/tx/0xa204ec7ed7d4c35dcb98ab7e50926a542ffb4b5a1ee49fb5ba912e2cb2cb7972
2023-03-26 12:12:11,False,0.3436,0.0001937,14554.6,2.81959,0x91...0971,https://etherscan.io/tx/0xcbaadc96ea0c9b33449e078d031b81eed4eb1347c1955fccfee96f62ca0ee3e0
2023-03-26 12:11:47,True,0.3487,0.0001965,97.6058,0.0191,0x70...b1e9,https://etherscan.io/tx/0x80083357faa0f71630abe2da4e6f8139eeea92dfd47f19e638b2673b6800a179
2023-03-26 12:04:35,True,0.3486,0.0001965,197.401,0.0388,0x86...b47a,https://etherscan.io/tx/0xf2639f704c3b068e07320c6d3d6c7e1db5d267d4523453c7ca0e233275357bf1
2023-03-26 11:54:23,True,0.3483,0.0001964,763.605,0.15,0x83...f17f,https://etherscan.io/tx/0xa943db64595eb3adca3f866635c1d88f4745f8bfa4944f16b43b8dddc8453791
2023-03-26 11:33:11,True,0.3481,0.0001962,570.917,0.112,0xc8...9f7a,https://etherscan.io/tx/0x8790cfc39690e6184557f03a1d084bf73c40c3adb00d2022659df36bb25ba955
2023-03-26 11:29:47,True,0.3486,0.0001961,203.887,0.04,0x6d...2f11,https://etherscan.io/tx/0x249ebe290a68ec0a63b3714a2eb8a5db6ae5b5a7e467cf3cbda49eba1ce2aae0
2023-03-26 11:28:47,False,0.3468,0.0001951,1455.0,0.2839,0xd0...9915,https://etherscan.io/tx/0x1aa24a5045642868b45158e1ba3588d36995e940934e39d5b7be68121dcf91ba
2023-03-26 11:25:35,False,0.3477,0.0001957,3344.66,0.6546,0xc1...ba31,https://etherscan.io/tx/0x590ceb40a459534cb3ba8f1a2e86c8b3f2eba6fd2be166d355e1bba8584fce5b
2023-03-26 11:03:47,True,0.35,0.0001972,200.183,0.0394,0x84...0c81,https://etherscan.io/tx/0x98a89866f90754838c824b221049bc053d31f37cd7d53f58ef16c72d89e02925
2023-03-26 10:55:11,True,0.3506,0.0001972,50.698,0.01,0x68...4902,https://etherscan.io/tx/0x23a88b8b9011c9a7fce85e52fbe53608f43114cfe61001c213b315c5d87ee626
2023-03-26 10:54:11,True,0.3511,0.0001971,507.151,0.1,0x68...4902,https://etherscan.io/tx/0x25b04826df932f1da6f84815e7ee77d7535313f65ee4536678be08b1a78dd264
2023-03-26 10:53:23,True,0.3511,0.000197,1015.24,0.2,0x43...d808,https://etherscan.io/tx/0xf6238fb1511436d7d039315ebe2696c09760a721890c9eb8217dab7af274c036
2023-03-26 10:45:23,True,0.3498,0.0001968,21.3619,0.0042,0x63...ce37,https://etherscan.io/tx/0x57c2bc9a226c71de6fbbb46f3c6bc9b4540b1f68f9b6814821e65072265208b3
2023-03-26 10:44:35,True,0.3495,0.0001968,30.4196,0.0059,0xfc...e704,https://etherscan.io/tx/0x998689c8b5e2b1408119890adf093157482afeeb2f21198fb061c994d3bc26d3
2023-03-26 10:34:47,False,0.3426,0.0001957,190.581,0.0373,0xfe...78ee,https://etherscan.io/tx/0x0e29633cc488ca5e28a28ccefc1bfa6ccd8ec851165db6d2b032dee741a3a412
2023-03-26 10:26:35,True,0.3448,0.0001967,1172.95,0.2308,0x4f...988f,https://etherscan.io/tx/0x6ce4ad22de4aa7d7212a26b69c5cc34d424230a2f7d4957c2e8be6fa8602e6a6
2023-03-26 10:24:23,False,0.3427,0.0001955,1190.24,0.2328,0x57...27f6,https://etherscan.io/tx/0xabc32ad00c724cf38d58c3c0ae3e3d768832b8cf54d482b3a31a1c9d333bf689
2023-03-26 10:22:11,True,0.345,0.0001969,54.6377,0.0107,0x4d...be2b,https://etherscan.io/tx/0xb038db99edf661bcb3820c1918f6fbd82d4614562f13d279fc436b7b43d7c508
2023-03-26 10:21:23,True,0.3449,0.0001968,300.0,0.059,0x04...5347,https://etherscan.io/tx/0x1d8f736b09ea30c5351324b7896f6724e6b854c4e0e43b8071b825812903fdb6
2023-03-26 10:20:59,True,0.3449,0.0001968,1.28262,2.524e-05,0xf2...b1b4,https://etherscan.io/tx/0x4e32b469d627ea6b42c5c67cd25d981c3b5e4ee4b85c423e1eb6db26da051aea
2023-03-26 10:19:11,True,0.3449,0.0001968,7.99484,0.0015,0x03...8bf2,https://etherscan.io/tx/0x05c0aada5682fae6996e52a06850ac29fb5ce9483baf0f0243b3d3450da7c7b8
2023-03-26 10:19:11,True,0.3449,0.0001968,3.53674,6.961e-05,0x09...2b1f,https://etherscan.io/tx/0x6c54bf7c572cb243096e9e258baca9aab8d558c32bb3453b207d41266abaa852
2023-03-26 10:18:11,True,0.3449,0.0001968,149.629,0.0294,0x1a...5079,https://etherscan.io/tx/0x848f4ebcda35f8080f8a2d428debf33649557b530cffd65c8e715d186dbb139c
2023-03-26 10:09:59,False,0.343,0.0001958,1558.46,0.3051,0x7f...5875,https://etherscan.io/tx/0x100c63b13faed6f7a52ab4717335264946b6d6e5671e7b387686672c0bd8ae22
2023-03-26 10:00:23,False,0.3439,0.0001962,2457.01,0.4822,0xa3...204d,https://etherscan.io/tx/0x170effe603ba3c72f5b86ef9ba2ca4f398a035c0b6b053fcba5340b3f8c36078
2023-03-26 09:59:59,False,0.3449,0.0001968,2748.01,0.541,0x67...e93e,https://etherscan.io/tx/0x474ab8a40da07f90ab5cd80a49e235b92754d8d839793758329b52b4dc2a49ee
2023-03-26 09:58:59,True,0.3414,0.0001948,29761.9,5.8,0xc5...27ae,https://etherscan.io/tx/0x01d6c3d7f3e6416da0bc5e439ff45afb0c2276b90a1fb7049ba51b023086cd53
2023-03-26 09:58:35,True,0.3351,0.0001912,1537.92,0.2941,0xa1...9d91,https://etherscan.io/tx/0x02ec8817d7a41dd682e8ce5418f5dd73a2f69ab7cc935ff38f7dddf6b8737f7d
2023-03-26 09:58:35,True,0.3338,0.0001905,4618.12,0.88,0x6b...54c4,https://etherscan.io/tx/0xb20c68f1497634a9137403b06e38f6367e33631d8dc293aa860177aa6b5b56b2
2023-03-26 09:58:35,True,0.3329,0.00019,7.78331,0.0014,0xb1...4aa9,https://etherscan.io/tx/0x69f3f74d860b47848cd5a754ab202351a872587279ce85faf2e311985e7f5ea4
2023-03-26 09:57:59,True,0.3329,0.00019,14.131,0.0026,0xd9...5d7c,https://etherscan.io/tx/0x8c3676758796aa3aef95f39d40220bf008ead038effadcf92ab377cb807e1096
2023-03-26 09:56:47,True,0.33,0.0001883,14865.0,2.8,0xc8...7161,https://etherscan.io/tx/0x03e768310bd11b0d36b9c348a3ee34276d1a61fd07e92fbddeb65c7841ea0ddc
2023-03-26 09:56:11,True,0.3269,0.0001865,1381.64,0.2577,0xc1...0d82,https://etherscan.io/tx/0xdde721da4cc2412fd3fc63c941a1237fa734ba73ebc8116d2c525227c09dff19
2023-03-26 09:55:59,True,0.326,0.000186,3000.0,0.5582,0x82...0e2d,https://etherscan.io/tx/0x2f35c26fd9969139a22744f4b60c47931bb6e0e4930eac7916c6bb7336a3f68d
2023-03-26 09:55:11,False,0.3239,0.0001848,2263.01,0.4184,0xa3...204d,https://etherscan.io/tx/0x8b23d3952ad7dc6c54158e41288780647069ba5d1a8bc4da3fb6a43ab66208fd
2023-03-26 09:53:59,True,0.3263,0.0001862,14.6253,0.0027,0x92...8bc9,https://etherscan.io/tx/0x95c30b7e0719373c277dff79cc7f0bc382659e9490c2904887f21e19d4f45853
2023-03-26 09:50:35,True,0.3261,0.0001861,1100.0,0.2047,0x2e...43fd,https://etherscan.io/tx/0xc65d31b055628f26fa013384fa2ff5c68f99c9230f47b91dcf4d4126b62ff6d1
2023-03-26 09:49:23,False,0.3244,0.0001851,2748.01,0.5089,0x34...ec30,https://etherscan.io/tx/0x44937137bd7a141aee2f792a9bfb359c4676a991b2d19abced25caf9082e068a
2023-03-26 09:48:47,False,0.3254,0.0001857,2279.5,0.4233,0x67...e93e,https://etherscan.io/tx/0x58d2f52db21c52a1989e44dabddf5f3f4629e8ed415e09e33bacd8ea0320c41e
2023-03-26 09:45:35,False,0.3267,0.0001864,4365.0,0.8139,0xe9...e78a,https://etherscan.io/tx/0xd6f648ee54cebc8d384ee7d17332228c16d74a1fc70002fd919df32135635d1b
2023-03-26 09:45:23,True,0.3294,0.000188,335.049,0.063,0xd5...094d,https://etherscan.io/tx/0x43e94cc3057d7395039e74e853974d833fee61e00eb0601e1c447e76ff7dbc26
2023-03-26 09:40:47,True,0.3295,0.0001879,2.78944,5.243e-05,0xf8...e9e6,https://etherscan.io/tx/0x7e90fa5e6fe8ad8632ce01c8ee8d09bba7f8eb622791079d6299ce43150628ac
2023-03-26 09:37:35,True,0.3278,0.000187,8810.18,1.64768,0xfc...60cd,https://etherscan.io/tx/0xb85a9544302b541eed75f8a5ffa970d52fae8deeb6513ebb98ff4ca347905912
2023-03-26 09:35:47,True,0.3261,0.000186,6.2094,0.0011,0xe4...9520,https://etherscan.io/tx/0x722362b9b140599dccfdb8b9fffa532e48c5fc4f44adad042a12c7c01957cd7d
2023-03-26 09:32:47,False,0.3243,0.0001849,485.0,0.0897,0x10...e9a5,https://etherscan.io/tx/0x62e2c9d26316cf9163178ff637c5235cf96eb57287b7e14bafb5dab685fcf113
2023-03-26 09:31:23,True,0.3261,0.0001859,2000.0,0.3718,0x82...0e2d,https://etherscan.io/tx/0x651c5aed7967a14bc9d5e9c63982e5d4399b3a607c70e198b51713a5189d1c04
2023-03-26 09:29:35,True,0.3258,0.0001857,79.1193,0.0146,0xe9...2af0,https://etherscan.io/tx/0x36c237c6e9abaef174bdbbb7a35b27c158af975d175d4fd62d7d95f6a3215d1f
2023-03-26 09:24:59,False,0.3239,0.0001848,2093.26,0.3868,0xc4...de63,https://etherscan.io/tx/0x0a21a2a0b918f0256bd7e1344cd46ddb9887874758560ed94628b51d320ce633
2023-03-26 09:22:59,True,0.326,0.0001859,1505.42,0.28,0xae...f736,https://etherscan.io/tx/0xeb0f6729f6e7fe56c78b95635405d24dd379f3b04fff78300bbb642b12e3af80
2023-03-26 09:19:23,True,0.3256,0.0001858,0.6788,1.261e-05,0x61...04b9,https://etherscan.io/tx/0xcdfb5ca585d47c3915f4ab6d9a7fe8f4b770a169cbfe95897c1a0d70390fd635
2023-03-26 09:12:35,True,0.325,0.0001854,3775.24,0.7,0xda...44f0,https://etherscan.io/tx/0x5c2e5bf13b1879c248ee4d3f962ee734b88777f92dc02c8d243fbdce09cff589
2023-03-26 09:12:35,False,0.3224,0.0001839,368.6,0.0678,0x7d...2d88,https://etherscan.io/tx/0xa2b57e8b62d662b2523f57f367545737643de92c6fc6879da3205774094ca478
2023-03-26 09:00:11,False,0.3224,0.0001841,1503.5,0.2768,0x5c...2554,https://etherscan.io/tx/0x3f30384ba9de619d68bed71ef1377ce38ef05958d0f267c79025108d2b51a998
2023-03-26 08:55:11,True,0.3247,0.0001854,30.7635,0.0057,0xf8...861e,https://etherscan.io/tx/0xa96f55f5ae4cd16b52b8d9348b4ffe276e6914407b9e0aa1ba772fbc75cbe54d
2023-03-26 08:51:59,True,0.3245,0.0001853,870.766,0.1613,0x3a...92da,https://etherscan.io/tx/0x79165074b103fe7b9d4359273464d88e5556070a9f0899ec97b00c4b4851453d
2023-03-26 08:51:23,True,0.3243,0.0001851,351.009,0.065,0xb7...c863,https://etherscan.io/tx/0x51565ff8d975d4ac1d312330e06ee974d66432b157a2aace4884fcceb658e43f
2023-03-26 08:50:47,True,0.3239,0.0001849,1740.13,0.3218,0xb8...0a69,https://etherscan.io/tx/0xaaa8d914469e0dbd27bac2adc6e8879d0b1bddd4d383cb5254bc3d4a11e2834a
2023-03-26 08:49:59,True,0.3232,0.0001845,1892.54,0.3492,0xb8...0a69,https://etherscan.io/tx/0xa6bd8fb66ed4f0732cf3c42afc50a371d0fab756331eb4298f5db10169efc097
2023-03-26 08:48:47,True,0.3228,0.0001843,271.257,0.05,0x5d...15a3,https://etherscan.io/tx/0x221c9ee88ba277704a19eeb2ddc10d5f4e808be6105fe5ec838e1ca8b222ff2f
2023-03-26 08:44:11,True,0.3228,0.0001843,1.14151,2.103e-05,0xc1...2e2b,https://etherscan.io/tx/0x2999319d71b405e9fdd6cc34747e964ca84fdab132a8d1f54de490a1945f3c90
2023-03-26 08:36:59,True,0.3226,0.0001842,880.799,0.1622,0x8d...b076,https://etherscan.io/tx/0x842f6a5f8a51dabd94c7c15ece4a583b5cbd46971a97cd3a6c65e743b53522e3
2023-03-26 08:30:59,True,0.3225,0.0001841,27.8832,0.0051,0x52...6d56,https://etherscan.io/tx/0x778ac6fcdf5071c0fbcf82ef7e0a6c9442a0cf915ee6669469280eabba46661c
2023-03-26 08:22:59,True,0.3226,0.000184,301.15,0.0554,0x3a...92da,https://etherscan.io/tx/0x95a95cdbb9a49cb89102029383256eb1ce445f877c1d87869cf290143aa3bf9a
2023-03-26 08:19:35,True,0.3224,0.0001839,576.629,0.106,0x8a...b215,https://etherscan.io/tx/0x5dcf37c89b5d0763c6f823367ad62b7f0b8924aece58daea122ad97951c64928
2023-03-26 08:15:23,False,0.3205,0.0001828,405.46,0.0741,0x62...a0a0,https://etherscan.io/tx/0x15b92d2164eb0a0a8e4c69519f30353310d63b45f351b48ecd5864d1b8f01c31
2023-03-26 08:11:35,False,0.3209,0.0001831,1940.0,0.3552,0x3c...df4a,https://etherscan.io/tx/0x33c5d94fd3e504cdce69367cf866774f7160ec41a18bad9a1b87ea2b685a8348
2023-03-26 08:10:23,True,0.3226,0.0001841,2715.56,0.5,0xe2...ce89,https://etherscan.io/tx/0x0127c6f461a12ca87f0c60e3bd7c52faeeb7bc0aa08866b4e4ee6083c6036913
2023-03-26 08:08:59,False,0.3227,0.0001841,12707.0,2.3393,0x91...0971,https://etherscan.io/tx/0xf5cbfb6a423b2ec85b295dc0e844e4a193b7473af019d1fc1df04077bbdbcc6f
2023-03-26 08:06:35,False,0.326,0.0001859,4645.04,0.8638,0x95...fba9,https://etherscan.io/tx/0x250231886b812b27e8e3eb0adfcaf22fa9d1a6c99733f52bfd719688640dde81
2023-03-26 08:04:35,False,0.3278,0.0001869,4098.75,0.7661,0x25...a645,https://etherscan.io/tx/0xf697f5245d41f91209797de08b52efdac1751f472efb21e1837685cceb4633b6
2023-03-26 08:01:35,True,0.3306,0.0001885,8.97008,0.0016,0xee...75af,https://etherscan.io/tx/0x3b566d26e111dbf17df3b5129d94f8e39df73e6dade66e85edf7041d53d70587
2023-03-26 08:00:59,True,0.3305,0.0001885,11.6726,0.0022,0x9a...be85,https://etherscan.io/tx/0x31aece3e168b7b384e23b3fef5867136ae5bfcae766da1b29a49343a69174bef
2023-03-26 07:54:35,True,0.3304,0.0001885,2.51372,4.738e-05,0x70...c12a,https://etherscan.io/tx/0x3d41d96a986a1e188eacec017b72bfb6885b3a762924e4716497f41145e9bcb9
2023-03-26 07:53:59,True,0.3303,0.0001885,8.09865,0.0015,0x1a...5093,https://etherscan.io/tx/0x9af2062cc53b40b0e06a77a2ed343714de67108c9d125d83527f04a2fbd7a010
2023-03-26 07:53:23,False,0.3302,0.0001884,9700.0,1.82802,0xe9...8b98,https://etherscan.io/tx/0xdc847588796d9cd59f0debdac1d6ac744d4bccd92f453fa04b559ebc7836fb9c
2023-03-26 07:53:11,True,0.3341,0.0001906,4.15423,7.921e-05,0x32...36ec,https://etherscan.io/tx/0x7bdb24f9eb48b944a8923d973235fd3ce21a51e54879ce2a4910dc59ca4fe8af
2023-03-26 07:51:35,True,0.3341,0.0001906,7.61581,0.0014,0xac...d810,https://etherscan.io/tx/0x4334334632f2b0586d0f6e6734e86a9eae3ed8337d5e9f39d20087af929951ef
2023-03-26 07:51:11,True,0.3328,0.0001899,6575.98,1.249,0xca...2ce0,https://etherscan.io/tx/0x227cb0eeb0ae041ea7fd1a8953ed03a75ae9e62de4e6fcd4515b77be337d58cd
2023-03-26 07:50:59,True,0.3315,0.0001891,4.48225,8.48e-05,0x44...fa79,https://etherscan.io/tx/0xb9554afaf9065c820e678e86417fd36972a31e073af4b3568718dc3f98e39487
2023-03-26 07:49:11,True,0.331,0.000189,1587.17,0.3,0xa7...0269,https://etherscan.io/tx/0x5356b2943bb494a662db3a107b5fd935aa861bc7b0b23bc8255e16429f45ee61
2023-03-26 07:47:35,True,0.3308,0.0001888,86.7183,0.0163,0xe9...e78a,https://etherscan.io/tx/0x674fb64fd159ccc706bd1b134a30822f2fe463338d62ef4e876ad09a125a05da
2023-03-26 07:45:11,False,0.3293,0.0001882,5238.0,0.9861,0x29...fac3,https://etherscan.io/tx/0xd048ae681e749aaa5826fd5be1a30d37389a55eb0e3d817c85524930016fe12e
2023-03-26 07:38:23,False,0.3302,0.000189,1768.31,0.3343,0xc4...de63,https://etherscan.io/tx/0xaaf5b4eeb904ab308a55e1cf9cfe72bd55540b941afeb87dbc0dc05b1f0dac22
2023-03-26 07:38:11,True,0.3326,0.0001903,3.58847,6.832e-05,0x6b...f1d4,https://etherscan.io/tx/0xbfd928e93d59584bdaeb4586e50a710b58ef3b2274816c2b79e4e647825554eb
2023-03-26 07:38:11,False,0.3312,0.0001895,3030.28,0.5745,0x34...ec30,https://etherscan.io/tx/0x017316c0e3345d48da861ee358e2e86fde4bd67883e33892eebcd58eb031b506
2023-03-26 07:34:23,True,0.3338,0.000191,52.0713,0.0099,0x5e...3fb2,https://etherscan.io/tx/0x9c822ec4b5bf80f881f0ba500a88d7a81718c022982c60de68ce97fd822f9dbd
2023-03-26 07:32:35,True,0.3337,0.000191,104.684,0.02,0xbb...d030,https://etherscan.io/tx/0x0c3285a9bd937ace899dcf2255d8c2b07002a1ea6fde7a337d9d4387a1adeb9a
2023-03-26 07:26:35,True,0.3338,0.000191,39.1139,0.0074,0x7b...dc7f,https://etherscan.io/tx/0xd5fcd294b98f3bfd90d29bc94677d5344579498cda4637c185beb07693653d2d
2023-03-26 07:25:47,True,0.3335,0.0001908,1489.35,0.2842,0xd7...a5e0,https://etherscan.io/tx/0xb8e9b5dc3d2f55c9010f1f82cfe8b9e4302a92ede1beb5e9155cb01ecafc05bc
2023-03-26 07:25:11,True,0.3328,0.0001903,2987.45,0.5686,0x36...647b,https://etherscan.io/tx/0xe27463a9735af5726ce9efaa061c76809d63c6892e99d88a47f6730a26df26b7
2023-03-26 07:23:59,True,0.3321,0.0001899,231.605,0.044,0xb9...6930,https://etherscan.io/tx/0x5429d2f898ac34f11828988e87d4fd8359a05b8fe908a0a691678e32ce338cf8
2023-03-26 07:23:35,True,0.3315,0.0001896,2999.1,0.5687,0xc0...86b4,https://etherscan.io/tx/0xbce46ad554ac306b10ba986b320e13057fba71718c344f0a4748255527907378
2023-03-26 07:21:59,True,0.3257,0.0001863,26835.4,5.0,0x13...401a,https://etherscan.io/tx/0xd1851e02dd7232b47d26a6a1d77160e128ffb98422d288f275150ce62b20609e
2023-03-26 07:18:23,True,0.3206,0.0001833,312.938,0.0573,0x96...14a8,https://etherscan.io/tx/0xbc76768dee950c006687a605718b091a4aa38c71617425e7f63d437ab8ace14f
2023-03-26 07:15:11,False,0.319,0.0001824,2368.55,0.4322,0x7e...01bc,https://etherscan.io/tx/0xa6270bf2016d53ff26ef156cae2f7aa4c4b1422e0f14dc96ca93f7a2e877437c
2023-03-26 07:13:35,True,0.3213,0.0001838,308.761,0.0567,0xfc...60cd,https://etherscan.io/tx/0xfa0d06e827b911856df53484fcf310a48b98869454eedc4f1a487f6991aee3c9
2023-03-26 07:08:59,True,0.3212,0.0001837,45.9136,0.0084,0x65...a05f,https://etherscan.io/tx/0xd8d9ac297c9d60b257671b954be8f458049b2a0aa529d930bc54c552f1380564
2023-03-26 07:08:11,False,0.3197,0.0001829,2174.02,0.3976,0xe8...d7ad,https://etherscan.io/tx/0x60367cf9a16d15d4ebec1a096c6db7d93531774764363ae7306ba0db712a84d0
2023-03-26 07:06:35,True,0.3218,0.0001841,1086.25,0.2,0x93...1fa9,https://etherscan.io/tx/0x13f18cb94b484fb55582300b9c7a293430cf2ebaa966f0d9ef05a0a9020cf202
2023-03-26 07:04:47,True,0.3211,0.0001837,2776.19,0.51,0x6a...636d,https://etherscan.io/tx/0x960099051538683aad9e4899af4fdb15884aa46fffa3edd8ed4ba6c3a15a0ad1
2023-03-26 07:04:11,True,0.3205,0.0001834,109.81,0.0201,0x02...8731,https://etherscan.io/tx/0xb6795e31a834c12be176903555cad8052176fd473001e1d22e7aeb654443515f
2023-03-26 06:59:23,True,0.3202,0.0001832,958.0,0.1755,0xe7...7205,https://etherscan.io/tx/0xb5cf2eeedffc79a0055ffd03084881771dce9bed3f2b5ab2b7bbc3c34e524629
2023-03-26 06:57:47,True,0.32,0.0001831,58.5174,0.0107,0x1c...3af5,https://etherscan.io/tx/0xfcc0213b1322de1c470bae98fd56b4744d605870e43be68b661f82d22843a204
2023-03-26 06:56:11,True,0.3199,0.0001831,144.588,0.0264,0xa5...ba37,https://etherscan.io/tx/0x3d31169ba5b67090fc526a5ae952c0ec9d1f160731f97ce8bd60a5d7b02e1583
2023-03-26 06:49:59,True,0.32,0.0001831,8.58464,0.0015,0x48...08ea,https://etherscan.io/tx/0x8d5ec6bc832c0fb2e59dcd539d11a9b12d8c3ee8ae4072116bf83ab30ac682ac
2023-03-26 06:41:47,True,0.3197,0.0001829,1639.71,0.3,0x63...ce37,https://etherscan.io/tx/0x6cce4f2feb042b6c059f1397c02fb746eaf873a9a24378aea358cf8c8bc4134e
2023-03-26 06:40:59,True,0.3184,0.0001822,5488.42,1.0,0x59...a9c7,https://etherscan.io/tx/0xfd063d119b26d22cefff92cea7f8a2edd159f97bb7a41a6081ec30f47d5d187e
2023-03-26 06:38:11,False,0.3174,0.0001816,10470.7,1.90186,0xcc...a13f,https://etherscan.io/tx/0x91d5328a6f58d6a212f342922d94f72723cd53fc85b8e6e1b8392c77518e9017
2023-03-26 06:38:11,True,0.3177,0.0001817,19320.1,3.51218,0xcc...a13f,https://etherscan.io/tx/0x91d5328a6f58d6a212f342922d94f72723cd53fc85b8e6e1b8392c77518e9017
2023-03-26 06:36:35,True,0.3141,0.0001797,14.5238,0.0026,0x77...3632,https://etherscan.io/tx/0xa5da9756b96920a654911c5131ee221469373240cff00e477745596a1a42b94e
2023-03-26 06:35:11,True,0.3141,0.0001797,7.63709,0.0013,0xad...dd6b,https://etherscan.io/tx/0xc2666d96fd194dd22d22a00bffe38c103eb29190400f5d90cfd8bee78cbba0eb
2023-03-26 06:31:11,True,0.3142,0.0001797,7.43126,0.0013,0xa0...6e00,https://etherscan.io/tx/0x4d820e5bcf93904c57382e97ac801b2af0c139401d4c3b965b2d89ef28a32398
2023-03-26 06:30:47,True,0.3142,0.0001797,111.268,0.02,0xa6...6014,https://etherscan.io/tx/0x51c1307d46c6fbdf70ede9efe1cd361c150af52c524243f8f589022890d09705
2023-03-26 06:27:59,True,0.3126,0.0001788,8386.14,1.5,0xa6...2f69,https://etherscan.io/tx/0xf32ed35a609dcf506d088a2efca9ae015a90bbf9acf11e6905fa622262abaf1f
2023-03-26 06:26:23,True,0.3111,0.000178,8.65817,0.0015,0x87...8c39,https://etherscan.io/tx/0x64db2558b3d47b7d0d2cb6317684090735a11f2ff75ec6ed677aae7d9a9c7e93
2023-03-26 06:24:35,True,0.3112,0.0001779,168.552,0.03,0x33...25fe,https://etherscan.io/tx/0x0cf06a34742193b05046126c3bda4b5c471d6def6dadd700d70b5600d2748023
2023-03-26 06:24:35,True,0.3111,0.0001779,500.0,0.0889,0x83...0da2,https://etherscan.io/tx/0x153fff64e1170cc717b899e0465da93c9c210d5a146bb55e28ee15e1b7e13c9e
2023-03-26 06:20:35,True,0.3108,0.0001777,1125.16,0.2,0xb7...8a4c,https://etherscan.io/tx/0xcca2e04776f7f578811fcfb7ef8f1256b70ac1b2163daed5e14aa7404bb89cad
2023-03-26 06:19:35,False,0.3091,0.0001767,2186.38,0.3865,0xc4...de63,https://etherscan.io/tx/0x50b7ba8ddeedc5a1feb931fbb223da0aca464306034d12a010cddb93bd82ef23
2023-03-26 06:19:11,False,0.3099,0.0001772,2378.44,0.4216,0xa3...204d,https://etherscan.io/tx/0x76fb4aacc5af01f243d6ae0050b4eb57b75eafca250b955f46f31cfcc1941b4e
2023-03-26 06:18:47,True,0.3112,0.0001779,5618.2,1.0,0x77...b82e,https://etherscan.io/tx/0xce23066fa77e004fcc231913631bf760f8f6a0dcabcfa38cf1243874f0c2df90
2023-03-26 06:18:35,False,0.3084,0.0001763,54.2343,0.0095,0xc2...3801,https://etherscan.io/tx/0xf1b6575fd36746d6d6702a3c4c17258980d688a02075a63601db63c8f4489425
2023-03-26 06:16:35,False,0.3086,0.0001765,1546.24,0.2729,0xb4...ee8c,https://etherscan.io/tx/0x5a86457dab4d01155e3cd297a98762742557f00d05bf9e6ce471ff5c449da3d3
2023-03-26 06:13:11,True,0.3096,0.000177,6418.02,1.13658,0xe7...556d,https://etherscan.io/tx/0x1ea0ee9d06da89c0918453b093dcd0705e1c3277b3b499e26a6aa1e6b09f536e
2023-03-26 06:11:47,True,0.3085,0.0001764,2.0188,3.562e-05,0xbd...e335,https://etherscan.io/tx/0xe5775086a255f56b0d5c290412124aa3930097a376498d15b7041e53d333ef4e
2023-03-26 06:10:23,False,0.3069,0.0001755,1455.0,0.2554,0x1c...3651,https://etherscan.io/tx/0xd7a6b75306644a86451dda67ceb4b5b559bebbccafe2684c2223991924e5a541
2023-03-26 06:04:59,True,0.3091,0.0001767,17.7599,0.0031,0x1a...5079,https://etherscan.io/tx/0x2c60db23afe7c303c9cb0f7e5d0c4e9dc5ae2f4d90cfc20d5627f09bca84f5e0
2023-03-26 06:04:35,True,0.3091,0.0001767,13.9835,0.0024,0xfa...c273,https://etherscan.io/tx/0x621ae874945235dd067fa88d83b938280cbe9c2ca4695b67d912f597020e03b7
2023-03-26 06:04:23,True,0.3091,0.0001767,1.20276,2.125e-05,0xf9...8125,https://etherscan.io/tx/0xd24181b74510222f55d2213aff79ce489a447add61d0b422e46db7e868b16727
2023-03-26 06:02:35,True,0.3091,0.0001767,9.06353,0.0016,0xf3...6fb5,https://etherscan.io/tx/0x996c0de82f2c2854984dde1b614a19433ea7445a5e64759ca7896cdb9b2c38fd
2023-03-26 05:59:11,True,0.3082,0.0001762,4936.8,0.87,0x95...fba9,https://etherscan.io/tx/0x7a293c042c935424483fe8dbe3e442cbf89c8e8bf5fcb65b0f87ccb2d3541306
2023-03-26 05:57:11,True,0.3075,0.0001757,19.225,0.0033,0xfa...f748,https://etherscan.io/tx/0xc7c4f89fa69ac71467df7f6efee2c6a116ca229ba0e472504e795b4463c9c441
2023-03-26 05:53:11,True,0.3076,0.0001757,13.9585,0.0024,0xeb...eaae,https://etherscan.io/tx/0xec02a7c23cb452e2c782aa2ecc55cce8096f6ad7bef0c494692c9c744c5f9d06
2023-03-26 05:50:23,False,0.3057,0.0001746,100.868,0.0176,0x36...2179,https://etherscan.io/tx/0xa2a8f245a29c4ca3559825199d5f37259c7b2fa49c6996937900801900fc3207
2023-03-26 05:50:11,False,0.307,0.0001754,7270.74,1.27543,0x14...0c69,https://etherscan.io/tx/0x4d5a81c69cdcefd391d62e066004974f664c43c162f082aa865df87831d53df5
2023-03-26 05:49:59,True,0.3101,0.0001772,11.6897,0.002,0xdb...5f78,https://etherscan.io/tx/0x56d0f8c8f515138df91f59dbf7933746e81599294bd057bdab70320a117bad38
2023-03-26 05:49:23,True,0.3101,0.0001772,23.4038,0.0041,0x9c...f07e,https://etherscan.io/tx/0xab9019a33b078072b075f5c048bb7a0eae5451957f0332092f7fdc138af5c191
2023-03-26 05:48:35,False,0.3088,0.0001764,2716.0,0.4791,0x7d...044d,https://etherscan.io/tx/0xe7a8e188855009e94235c637b176a950152f9eb96d4116239c6c169c5b667932
2023-03-26 05:47:59,True,0.3111,0.0001777,33.4556,0.0059,0x29...70d8,https://etherscan.io/tx/0x06b46d3cdd8c5396b5f56da6d3b88a4545bd245e5cdf05919ff4c539b1f73658
2023-03-26 05:44:47,True,0.3109,0.0001777,337.624,0.06,0x5d...15a3,https://etherscan.io/tx/0x5506ae4b83e482973fbea2ead1f227bd939715a4821c408f7f1856d8d211f00e
2023-03-26 05:44:23,False,0.3099,0.0001771,4850.0,0.8589,0xb9...8fed,https://etherscan.io/tx/0xca3879546928b1ad4c1556869b171fdc25abea56c61e22aaefeb93944848fcb7
2023-03-26 05:43:47,True,0.3109,0.0001776,9605.67,1.70678,0xfc...60cd,https://etherscan.io/tx/0x8f98bcc3d00eb493ec62a44ffebd98a0de09d34c2e436ac1f9395bea8138eae0
2023-03-26 05:43:11,True,0.3091,0.0001766,566.088,0.1,0x9b...c0f8,https://etherscan.io/tx/0x082c98d6a027a7ddca498e678e4bd238e3269184c7444e00acdd22b9be0d32dd
2023-03-26 05:42:59,True,0.3087,0.0001764,1383.04,0.244,0xd1...4001,https://etherscan.io/tx/0x37843f06b106e67930a92c23723f3fcef433a511fc66cb8e4cb35fdc3a26fe1d
2023-03-26 05:41:59,True,0.3083,0.0001761,1214.34,0.2139,0xd1...4001,https://etherscan.io/tx/0xa8b2733e9a13dc72761f4c5d137215cac7e2771ed68798e68d90e183ec196f6b
2023-03-26 05:40:59,True,0.3073,0.0001756,4505.04,0.7911,0x01...7653,https://etherscan.io/tx/0x4df3c9f13936d4b6d77c819fea006c425e7fa80c29d81bbb386949404baf0312
2023-03-26 05:39:47,True,0.3063,0.0001751,62.7249,0.0109,0x77...3632,https://etherscan.io/tx/0x54f39f19bbdc691c0a0350975ff79a11685d66f155c9db84d632d71b42ffe82f
2023-03-26 05:39:47,True,0.3057,0.0001747,3647.63,0.6375,0xd1...4001,https://etherscan.io/tx/0xdb088fc0d2dd25db69f8d2754db48ea41c771fcde6e1f3c4fd4aef558785c62d
2023-03-26 05:39:35,False,0.3119,0.0001783,48691.0,8.68237,0x77...6a8c,https://etherscan.io/tx/0x570d12474a73d5839ff7aa4f3ee654a042dc185d77e0e08520fade52dab26df2
2023-03-26 05:34:11,False,0.3216,0.0001837,3880.0,0.7131,0xe9...8b98,https://etherscan.io/tx/0x0e1bcb5423620b7505fbb9261d4076769420a9e61e99cafa29709de15521f7b3
2023-03-26 05:31:47,True,0.3241,0.0001851,1728.52,0.32,0x73...25e3,https://etherscan.io/tx/0xd88617e3d740c215921ccafc9b9cc2a68560bd8afcc19a59dfac8060ab0efeda
2023-03-26 05:31:35,False,0.3228,0.0001843,4850.0,0.8941,0xe2...f48a,https://etherscan.io/tx/0xa943bd5b34f2829648d4e5a53eb00953a19e96fac9ff2f27995feb421b1fb1a6
2023-03-26 05:29:35,True,0.3257,0.0001859,537.821,0.1,0x9e...0d28,https://etherscan.io/tx/0x01d8ec74461ec0994abcb43c1e55bb827e80a8d5c07992444bee86aadd01abcb
2023-03-26 05:26:35,True,0.325,0.0001854,4314.85,0.8,0x7a...8e21,https://etherscan.io/tx/0x3df6312e076bcc7f95139fa4715cd7995d57852231dc2ebc4d779cbe0de5a115
2023-03-26 05:25:23,True,0.3241,0.0001849,9.33481,0.0017,0x77...3632,https://etherscan.io/tx/0x8067263e9e148c0da3dee3b353fccbec700d0a66d7cd287f3123cd631c9cc0e9
2023-03-26 05:24:59,True,0.3233,0.0001844,4336.83,0.8,0x29...fac3,https://etherscan.io/tx/0xf90c0a00966c4ee4e44df396f0d30a03154cb0a4d3637c54a9c096b2688087e9
2023-03-26 05:24:23,True,0.3219,0.0001837,2721.72,0.5,0x6b...f1d4,https://etherscan.io/tx/0x2a219db52269559167e6fa40ec637b4966d5847bb287ff9490c14ccc05677d88
2023-03-26 05:22:11,True,0.3215,0.0001834,54.4936,0.0099,0x2e...bcf0,https://etherscan.io/tx/0x78f4153e59487454d3a2aa066a5a9ee27ecd93965ca94963c476d12de196c438
2023-03-26 05:21:11,True,0.3197,0.0001824,9464.95,1.72636,0xfc...60cd,https://etherscan.io/tx/0xc1e6cf606cbb4391bbbf9981db0b62270ced7e87a9804f14406fb76d5a623b9c
2023-03-26 05:16:23,True,0.318,0.0001813,160.0,0.029,0x12...68c0,https://etherscan.io/tx/0x26e3e8d8514acebfa3b6bd904e37c1ddbb556bcafcba4da1c3ffca88be42a046
2023-03-26 05:15:35,True,0.3176,0.0001812,985.523,0.1786,0xd1...4001,https://etherscan.io/tx/0x09ad3f063acc57c96d3b22a87bfd85c7080a2ee7d530f4378fefbfc6d759753f
2023-03-26 05:15:23,False,0.3159,0.0001802,1940.0,0.3497,0x13...d732,https://etherscan.io/tx/0xfdab3047fd8f9d2b0ad82159ab4e4f3baa6edaa2fda37b0c937ade6497fbf443
2023-03-26 05:15:23,True,0.3181,0.0001815,154.232,0.028,0x39...72f6,https://etherscan.io/tx/0x156627b530a935807471f33d7a2d47e9515259af2e9bed7649d34f49493ade00
2023-03-26 05:13:11,True,0.3179,0.0001815,192.829,0.035,0x8e...32f1,https://etherscan.io/tx/0xd43bf51b52d1f3abdd3b1a031beed57aac95d15c9e220c86dbb2d68900e076b6
2023-03-26 05:09:47,True,0.3177,0.0001813,1103.82,0.2002,0xd1...4001,https://etherscan.io/tx/0xf6effbb2cefe519ba2f4b2ba37d59e44aaee093557e329d4c6398cc439e023cc
2023-03-26 05:09:35,False,0.3165,0.0001806,4850.0,0.8762,0xb9...8fed,https://etherscan.io/tx/0x40b322e4b74fa256de2f4db39de449bac21783b9bf4a2b9741fe076ab8f01f9b
2023-03-26 05:09:11,True,0.3193,0.0001822,23.4255,0.0042,0x0d...9bad,https://etherscan.io/tx/0xf9f349db3368ae2d00ddd0f431f612b20f6a676a4b74953942bf419fc4d69534
2023-03-26 05:08:23,True,0.3191,0.0001821,823.342,0.15,0x9b...c0f8,https://etherscan.io/tx/0xe136cf49ad7b3f8b1e20c6fed3efc9d4fd7e4a7f1c7e13f448b1ca0ce949579c
2023-03-26 05:05:47,True,0.319,0.0001819,983.44,0.1789,0xd1...4001,https://etherscan.io/tx/0x609705a2b735b784ec8d5081f79c5ae81aa2cf8d1868f6e319c582c6a21c67a2
2023-03-26 05:05:11,True,0.3186,0.0001817,1233.73,0.2242,0xd1...4001,https://etherscan.io/tx/0x0d49600a0c2876d05feed9bc5f5e093c4c371c01f03032ebda64a1d520d7fa67
2023-03-26 05:04:59,False,0.3173,0.000181,4850.0,0.878,0xb5...d239,https://etherscan.io/tx/0x6b2b6cd1a31cb5530245643aea578b7dfd49f7a98cd071d94bf2f787b38d21ba
2023-03-26 05:03:11,False,0.319,0.000182,4479.57,0.8154,0x7a...8e21,https://etherscan.io/tx/0x1ae94aed4339223498467709ee25f4c64a40b1f7ae61bbf950416aa2017792d3
2023-03-26 05:01:35,False,0.3217,0.0001835,9700.0,1.78038,0xe2...f48a,https://etherscan.io/tx/0xe39a71e752611f055ca3bae5902d06d0df7abe1888e43b71327789c2aed46223
2023-03-26 04:59:47,False,0.3255,0.0001857,10407.4,1.93284,0x6d...899c,https://etherscan.io/tx/0xcf411066009d7f4e0c7ece9ab313b73dcb4e2bf09ba1dba5a9564a2387486349
2023-03-26 04:59:23,False,0.3281,0.0001872,3104.0,0.581,0x03...5dae,https://etherscan.io/tx/0x21f0f0682938ed67eb963cb2c02246c2d577932dc11f8aa7f0003ca50f7e1b6b
2023-03-26 04:58:35,False,0.3289,0.0001876,970.0,0.182,0xd6...ac6a,https://etherscan.io/tx/0x2274c8b7c45703a993bc2df5f89cf4efee395ceff93b013f9a8dbb851f944487
2023-03-26 04:58:23,True,0.331,0.0001888,1.91592,3.618e-05,0x6b...f1d4,https://etherscan.io/tx/0xbcfc31009dd35ead8811f299595b4dd1998a699ea9301212dc175ae09898112b
2023-03-26 04:57:59,True,0.3307,0.0001887,1059.5,0.2,0x0c...2f06,https://etherscan.io/tx/0xd9fa1930d0cd00631478704a4717e093f6753d10e80a9597535516ae945d49aa
2023-03-26 04:57:47,True,0.3305,0.0001886,2.31916,4.375e-05,0x9d...6e19,https://etherscan.io/tx/0x13553aa43577b3c55de94518e3ae02391a29c27f377b70dc0561b20b9ecea518
2023-03-26 04:57:47,True,0.3305,0.0001886,1.83273,3.457e-05,0xaf...02cf,https://etherscan.io/tx/0x18f3cc83b0524701659c7be7491c67ac0af374ecbc32129a217709cf07533828
2023-03-26 04:57:23,False,0.3289,0.0001877,1940.0,0.3642,0xa5...75dc,https://etherscan.io/tx/0x4b0554d5ca074bd49e9bf651d9862fd3a225b0d441a786ca63186d517621dfdf
2023-03-26 04:56:59,False,0.3297,0.0001881,1940.0,0.365,0xa5...75dc,https://etherscan.io/tx/0x8ecef643d31373e82b10492e5fcfbffa8e4c53bb4e07c08428e3ef5a3058a76b
2023-03-26 04:54:59,True,0.332,0.0001895,17.7436,0.0033,0xb8...464c,https://etherscan.io/tx/0x3104cc494d086a9106b70746a3fb3aeee47ee857db309083219432cc80a5ec1d
2023-03-26 04:53:23,True,0.332,0.0001895,2.0539,3.892e-05,0xe1...6d66,https://etherscan.io/tx/0xb37e188a17ecff3c6cdbff1bfaa7c7c200ea42c4e7da17461128126270e8c295
2023-03-26 04:52:59,True,0.332,0.0001895,6.26133,0.0011,0x21...7a57,https://etherscan.io/tx/0xfc43b4a3ee35b195bb755ab256fce367c733bc01c8b1eae4884ce7ab1c139c25
2023-03-26 04:51:23,True,0.332,0.0001895,8.09678,0.0015,0x93...4398,https://etherscan.io/tx/0xdf8d95a244df2f1b1d76f25663d641754267c637245627820b0f90094897f7f6
2023-03-26 04:49:59,True,0.332,0.0001895,44.393,0.0084,0x55...ce90,https://etherscan.io/tx/0xb7a40c73397c0be997bc473c5e77c85e5d9057a7df979338a282f06b4df3ec60
2023-03-26 04:43:35,True,0.3321,0.0001894,45.991,0.0087,0x4b...5371,https://etherscan.io/tx/0xa5cbbc5c369ae20961a77f92448d0c2da5ba4a400ec80ee51a0cc4d773d252c0
2023-03-26 04:40:23,True,0.3321,0.0001894,11.9774,0.0022,0x30...5db6,https://etherscan.io/tx/0xfdded3643a9ba6c7a095339cab1b55fecf73b91c7994fd9d0d766aa9f333d334
2023-03-26 04:39:35,True,0.3321,0.0001894,19.5322,0.0037,0x72...d78c,https://etherscan.io/tx/0x83507a9bd1bbf20f138d2d667807badcc6fc48b6ebda8bc42d9d2dc2acb19566
2023-03-26 04:37:35,True,0.3321,0.0001894,14.2685,0.0027,0x5c...cb43,https://etherscan.io/tx/0x4672984071d728e705808c5c6424d85707611bef5fe71f018dcdb37711371e18
2023-03-26 04:36:11,False,0.3303,0.0001884,970.0,0.1828,0x5c...cb43,https://etherscan.io/tx/0x09a0b5c81b54f33cdf7fc10eb53aaadfcc14034444e41e390dc0c4d9a6de77af
2023-03-26 04:34:59,False,0.3304,0.0001886,679.0,0.128,0xc6...133b,https://etherscan.io/tx/0x6cc968393c4ab1e540793a0512e3eff6157e576afcb0ae504e0420be304e8def
2023-03-26 04:34:23,True,0.3325,0.0001898,115.73,0.0219,0x55...4b74,https://etherscan.io/tx/0x4103e4bd6579265e468b86899db10e453cd88b423f13d141344d09912746ec1a
2023-03-26 04:34:23,True,0.3324,0.0001897,316.146,0.06,0xa9...8c3e,https://etherscan.io/tx/0xd8d876b771f992e1d1a5a6839fc963e7e01ccbc15d636cd1472927051555377c
2023-03-26 04:33:35,True,0.3323,0.0001897,263.546,0.05,0x9b...ea98,https://etherscan.io/tx/0x3764e955805bd4bfe4cbda26fcd7df12f6d77b647655cc15276225c042c41f0d
2023-03-26 04:32:35,True,0.3319,0.0001894,1794.3,0.34,0xac...f7c7,https://etherscan.io/tx/0x4f315fd6deb5d0edadbf952bcb6884ca58e7abf5a3a10b6dbfb0f50f45ccc6dc
2023-03-26 04:28:23,True,0.3315,0.0001892,26.6788,0.005,0x1b...257e,https://etherscan.io/tx/0x6535431db08b04263c00a1a8fb52702d5a1c6612ec07a4742a84838cd763ddfc
2023-03-26 04:26:59,True,0.3315,0.0001892,17.8393,0.0033,0x0d...c9e5,https://etherscan.io/tx/0x7258a644cc8df7d3d598dfd4157f8aa4430a4b51b114b7ef7b8a501df07bf8ee
2023-03-26 04:25:35,False,0.33,0.0001883,2224.21,0.419,0x37...fd0d,https://etherscan.io/tx/0x5a374cf190e17b43fec87b17ac663daf21e9d448f988215c20354b9495abc2ec
2023-03-26 04:25:11,True,0.3324,0.0001897,6.35583,0.0012,0xfa...c273,https://etherscan.io/tx/0xba09bdc066b3a79ae7df86111b855d2abe030f64bd49ea5fe452921bd62c6ea9
2023-03-26 04:24:23,False,0.3307,0.0001888,1746.0,0.3297,0x6d...899c,https://etherscan.io/tx/0xc5888f5d0d546f0e1c3749bb6016efd133ea1aeb3c48bfb017b89d926146993f
2023-03-26 04:23:11,False,0.3316,0.0001893,2910.0,0.551,0xa5...75dc,https://etherscan.io/tx/0x21793cec070f577a5bee0e1406e1c5dac256400096ac1a99b6327256a8c3c5ec
2023-03-26 04:21:47,True,0.3342,0.0001908,24.6578,0.0047,0x80...c0a1,https://etherscan.io/tx/0x1a7f889d7f02c56ba796af9a8058d38497c3ec0a187e073f2ababb574c51e385
2023-03-26 04:20:59,True,0.3339,0.0001906,1521.14,0.29,0xac...f7c7,https://etherscan.io/tx/0x120597262af1325ec6eab41ca5c03d4bc953fb4dbb437abb8ebdf3ba4bec01b7
2023-03-26 04:20:59,True,0.3336,0.0001904,43.3222,0.0082,0x24...9ae3,https://etherscan.io/tx/0xa7c7070cdd98a733c5e4028754fe585ecb2bfa9d1afb5364340ac56598252eab
2023-03-26 04:16:23,True,0.3335,0.0001904,4.17956,7.96e-05,0xcf...f2e4,https://etherscan.io/tx/0x11f2a34b181f21651e65f27dae767b1208ef3e973b07cb13af1b013dc09edb4c
2023-03-26 04:13:59,False,0.3318,0.0001895,1828.17,0.3464,0xb7...04d1,https://etherscan.io/tx/0x527503695f7e45acda710a756ffdbfa645c20fa82ded9fce85613b1600cb2fa2
2023-03-26 04:13:11,False,0.3324,0.0001898,970.0,0.1841,0x14...0c69,https://etherscan.io/tx/0x5e72976c512f8c3efb198f5d03608d395650be30d9f0b298ee0d166d34e560e6
2023-03-26 04:12:59,True,0.3346,0.000191,35.2896,0.0067,0x93...4494,https://etherscan.io/tx/0x102509ac8743277be8d530f4df2cd3c5f84b0ccccaca344337eef085770e7ac3
2023-03-26 04:12:23,True,0.3346,0.000191,15.0439,0.0028,0xba...2805,https://etherscan.io/tx/0x1e71ee08faea7e0548cb79b77de09e27b48f3be81701f3688922cf577b34a1d4
2023-03-26 04:11:59,True,0.3346,0.000191,105.659,0.0201,0x93...4494,https://etherscan.io/tx/0xf66fff4717cb11e1c58dd9448041a04f6f2eed4ce54b8000c620fc6ce6026671
2023-03-26 04:10:23,False,0.3326,0.0001899,291.0,0.0552,0xa0...d9ff,https://etherscan.io/tx/0xa3414bb2d54a26fc9a32040bdf178cc173d98a479dd08ff25348f28daa0203c4
2023-03-26 04:09:35,True,0.334,0.0001907,3577.06,0.6822,0x18...a8cf,https://etherscan.io/tx/0x3937d0fd840b1ba6f7716a376991df715c735b8c92d3d415cc3d627a067b9587
2023-03-26 04:06:59,False,0.3328,0.00019,7275.0,1.38222,0x18...a8cf,https://etherscan.io/tx/0x8dfc86ef330a3c0f9fdd2e474e1726fa5434cc637b6556d74427d092e1a27738
2023-03-26 04:04:59,True,0.3363,0.0001919,15.6105,0.003,0x54...5056,https://etherscan.io/tx/0x5edf2ce44746b38bf2ea322b1341f8d64ad01744e014aa0c65481399b270400d
2023-03-26 04:03:59,True,0.3362,0.0001919,150.208,0.0288,0x9e...99f2,https://etherscan.io/tx/0xf6ddb85377ba2f1d93ea546cfb7f4424592ad024628e441493124235e34795c5
2023-03-26 04:01:35,True,0.3361,0.0001919,8.57309,0.0016,0xba...2805,https://etherscan.io/tx/0x750fe0ea51197781e2158ec48d727e2b2757028f1e94f15c905137bc960dccfc
2023-03-26 04:00:59,True,0.336,0.0001919,22.404,0.0043,0x28...fbd1,https://etherscan.io/tx/0x37bfa4ce25e8afbed628286fa00facfc6d9bf5c8599fca2d59e5326551127525
2023-03-26 04:00:23,True,0.336,0.0001919,18.4232,0.0035,0x90...5bbb,https://etherscan.io/tx/0x513f0c7f2aef13343e744a3544dbcbfaa5fac49ce6a4e68acb51432d634be530
2023-03-26 03:58:35,True,0.336,0.0001919,40.2866,0.0077,0xc7...bafe,https://etherscan.io/tx/0xe6a4c7a1d7d376ae2b64bf51b246a91daec4827bf382c66468010088c7c4e978
2023-03-26 03:57:23,True,0.336,0.0001919,26.6191,0.0051,0x25...10b7,https://etherscan.io/tx/0xb0de6921959951bca620776bbe9c739f9a88384282b341b938ccd3413faf2617
2023-03-26 03:56:11,True,0.336,0.0001919,49.9809,0.0095,0xcc...0645,https://etherscan.io/tx/0xb271803e5103ac143604ebeb9d5a637018c25719f4fbc32ff6b88309c25baa7f
2023-03-26 03:55:35,True,0.3359,0.0001918,28.2623,0.0054,0xda...b228,https://etherscan.io/tx/0xfa0bc70ed2b110714550cdc5562121b8cab60871d879d37c676f4d7baac6384d
2023-03-26 03:55:11,True,0.3356,0.0001916,1710.65,0.3279,0x37...c73b,https://etherscan.io/tx/0x81853985525bb09581ff6317459c0df677834bb4d89a9ac7c793ffacf89b5910
2023-03-26 03:54:47,True,0.3353,0.0001914,139.311,0.0266,0x1b...257e,https://etherscan.io/tx/0xb6be53610147deed7429428a86276d16d62cba89350d8276140ff25616f4fccf
2023-03-26 03:54:47,False,0.3335,0.0001904,1455.0,0.2771,0x6d...899c,https://etherscan.io/tx/0xd13685abe444638a0e182db0d8a48dc21323934910585772a1b8ba01e6a15c26
2023-03-26 03:52:23,True,0.3358,0.0001917,69.6189,0.0133,0x98...de4c,https://etherscan.io/tx/0xfc45acfdfe5c78fb3c97ebe384db9be0cc5c892721d40accea60904470cf4f36
2023-03-26 03:51:11,True,0.3328,0.00019,14957.7,2.84314,0xec...4ae3,https://etherscan.io/tx/0xf1adad218776cb07f500c81da99e992c4ea51d21f83c95036365ff65907c6eec
2023-03-26 03:50:59,False,0.3298,0.0001883,9700.0,1.82699,0xb9...8fed,https://etherscan.io/tx/0xd9e63b29eebd90404cf923519afa264fd1380285abd8306c2acefa559e1a1c0d
2023-03-26 03:50:47,True,0.3336,0.0001905,11.38,0.0021,0x55...0135,https://etherscan.io/tx/0xd64a715f778de77865fa9f637c2e8130923ddcac432ca945e9c5751cc1d1d65b
2023-03-26 03:50:11,True,0.3337,0.0001905,42.0026,0.008,0x07...b259,https://etherscan.io/tx/0xc91d49537fb7ac44f271182583a38c6566aa0fec6cec242f475f5f1f2b540d69
2023-03-26 03:49:11,True,0.3338,0.0001905,6.55854,0.0012,0xbb...7254,https://etherscan.io/tx/0x26cd63f44f79c13c799c8e5740885e52ce5a8131b3be312b57b3278b5de15094
2023-03-26 03:48:59,True,0.3337,0.0001905,139.918,0.0266,0x4d...8815,https://etherscan.io/tx/0x42f025e4563e604ccb7da2e3a1a84a40e054143d8b1988f2062b5d917003d046
2023-03-26 03:47:47,True,0.3329,0.0001899,4895.41,0.93,0xac...f7c7,https://etherscan.io/tx/0xad2ba041c5dace0ef31f055eefd62e5d031c9005e03d80a8b2b6cf54c688f999
2023-03-26 03:47:35,False,0.3309,0.0001888,4850.0,0.9158,0xb9...8fed,https://etherscan.io/tx/0xf6c68cc6d34ece07165f6d71d58472f21700bbf4e20863765dfaca1eeaa8f5d2
2023-03-26 03:47:35,False,0.3335,0.0001903,8351.03,1.58934,0xb9...8fed,https://etherscan.io/tx/0x111d90ec1642b0d9bde60377a32d829b76e3c4f71d38d5265b90387341d4328f
2023-03-26 03:46:35,True,0.3374,0.0001924,103.14,0.0198,0x05...afde,https://etherscan.io/tx/0x3a4f53f98421aece3fcc73d6755490bd77f916fcc1166faf04dfa6a0c3dc68ac
2023-03-26 03:42:35,True,0.3375,0.0001923,40.2385,0.0077,0xec...51e0,https://etherscan.io/tx/0xf580d43e5d2d829b6470e9a2f313ed5678952f56eba73d630abf3d050994a8b1
2023-03-26 03:41:59,True,0.337,0.0001923,11.6058,0.0022,0x81...27bf,https://etherscan.io/tx/0x091ec3ce5bd821a5b984877b45d856628401993efca719db643647c625d4d85e
2023-03-26 03:41:35,True,0.3369,0.0001923,4.42821,8.518e-05,0xee...2be5,https://etherscan.io/tx/0x415ec70860b0902a4f6adb4e837d5c64cc4f8bd0d4e4b0194845eabbb1f8f2c5
2023-03-26 03:40:23,True,0.3369,0.0001923,26.4735,0.005,0x05...8e07,https://etherscan.io/tx/0x74492cabac5fa07b60056046b96de82d0dd5fca9e4b89f41a18869356a58a32c
2023-03-26 03:40:11,True,0.3365,0.0001921,1560.93,0.3,0xac...f7c7,https://etherscan.io/tx/0x162ea8c61467dbd8dadb1f8f8e3e0b889787e50b7990f05d999e9e1dbcf3e549
2023-03-26 03:39:47,True,0.3362,0.000192,41.5283,0.0079,0x05...8e07,https://etherscan.io/tx/0x2679e67d2105fdd565cdcfba07a379d39f60d84773e1948fbabf8051ea45ac16
2023-03-26 03:38:59,True,0.3362,0.000192,16.9628,0.0032,0x0a...9fde,https://etherscan.io/tx/0x2de6725de7a04f472764c769e5d968b24bb5a64712849f8766a2a41d5c48b729
