datetime,buy_order,price_USD,price_native,amount_token,total_native,maker,etherscan_url
2023-03-25 19:37:47,False,0.3611,0.0002073,194.0,0.0402,0x0f...eb2f,https://etherscan.io/tx/0x8934dd95cd56e65a1870f99e3152aac8e171b8b9c78ce907c7e5310e7d0e0fda
2023-03-25 19:35:23,True,0.3631,0.0002086,19.0793,0.0039,0x7b...3da8,https://etherscan.io/tx/0xa6ca6bfb8cc5d98cbd9ef94d95cf93a61be87ade46f3c2db8411398425a1570c
2023-03-25 19:31:47,False,0.3625,0.0002078,3298.0,0.6854,0xd5...06c8,https://etherscan.io/tx/0xc801cd44043ba30193fdfe160ab2a1cc9621832f1bbd443399cc4fb7d539870a
2023-03-25 19:27:11,True,0.3656,0.0002095,11.3705,0.0023,0xbb...7254,https://etherscan.io/tx/0x4285019b290ece3972846b7b7b25e0e7ad7de2a5f5efd338c2e9f4330c76ded4
2023-03-25 19:25:59,False,0.3656,0.0002095,10280.1,2.1546,0x85...eac6,https://etherscan.io/tx/0xd0bab31f59923b180da1e88faed414011abdd65b3174027cb6e6af0504e9a7c4
2023-03-25 19:25:59,True,0.3701,0.0002122,28.3441,0.006,0x85...eac6,https://etherscan.io/tx/0xd0bab31f59923b180da1e88faed414011abdd65b3174027cb6e6af0504e9a7c4
2023-03-25 19:21:35,False,0.3704,0.0002123,10670.0,2.26576,0xec...78b9,https://etherscan.io/tx/0x5caf7b61b4cc39cb9ab8fb352396a4d130a70fa7fd630d21bac50666f87fe01a
2023-03-25 19:18:23,True,0.3751,0.000215,31.1086,0.0066,0x09...a0b4,https://etherscan.io/tx/0x5421e319c8371684fbb59c352f95403468e3a5c797a6e27e08b09924479408e0
2023-03-25 19:15:23,True,0.3751,0.000215,11.2754,0.0024,0x89...2f24,https://etherscan.io/tx/0x2bca9695f0469aed55e1b94098dde52c9c24dc767d061fc5a557acffe576cf3e
2023-03-25 19:14:11,True,0.3752,0.000215,146.544,0.0315,0x6f...1640,https://etherscan.io/tx/0x081c1cc15726fb1427cfa4c319f67ed811007dc01cf4a323624656897c22d003
2023-03-25 19:11:59,True,0.3745,0.0002146,3028.89,0.65,0xd0...9915,https://etherscan.io/tx/0xc442139d67d2a1fe3f19beb491ba3d5ddc6dde0e6406b38c9b7945ddc70d3791
2023-03-25 19:10:11,False,0.3717,0.000213,737.2,0.157,0x5d...a8fb,https://etherscan.io/tx/0xb85f0159a3007f6d6ee032a8256452daef50f08404a6f19d06fd995ff1904922
2023-03-25 19:00:23,False,0.3723,0.0002133,1909.53,0.4074,0xb1...f036,https://etherscan.io/tx/0x70d39e1230f01f5dfe254c27771f2fa11ab31f127e2529547a1d9fdf0677e537
2023-03-25 18:59:23,True,0.3746,0.0002146,1658.0,0.3559,0x67...ac72,https://etherscan.io/tx/0x9eeb3bba5a195ca6e12f05031b6304614333a18cee2d97573a7d9bdde4dd82bd
2023-03-25 18:57:35,False,0.3724,0.0002134,1940.0,0.414,0xd0...9915,https://etherscan.io/tx/0x959a12f39597329e4669f1e2ace8ef4d0cb95f9b5522406aa39d23ffc931558b
2023-03-25 18:42:11,False,0.3727,0.0002137,485.0,0.1036,0x3a...adb4,https://etherscan.io/tx/0x1b4bc1d7eb1fe7e98f770fc8e8ee0ce6d1656c5d2a6fcce38f22d373a8fc9860
2023-03-25 18:32:35,True,0.3747,0.0002151,22.3464,0.0048,0x8c...a7e9,https://etherscan.io/tx/0xdadb4222beab05dcc10c7eb5c9196fac042ad93d8a388759639685611fd2c9b4
2023-03-25 18:27:11,False,0.3738,0.0002138,388.0,0.0829,0xc2...e50f,https://etherscan.io/tx/0x7b21418d4a0c76a22ba17df396260eeff02233fbd5dac404d3038773db4d5b65
2023-03-25 18:26:59,False,0.3742,0.0002141,1455.0,0.3115,0x38...1e68,https://etherscan.io/tx/0xc4725ee7b6ed34381f6962fd581d71af698a98afef1e4a1688f396cd1665de8f
2023-03-25 18:21:47,False,0.3752,0.0002146,2153.4,0.4621,0xad...4ef4,https://etherscan.io/tx/0x56b9bd8e57d6f31c4d531de6115683180177682ae415ffc1c6d9353b27b37208
2023-03-25 18:14:11,False,0.3768,0.0002149,485.025,0.1042,0x83...e295,https://etherscan.io/tx/0xf2e9543ec27d9c87146d77a7e92ff98e863a5e0746c9012f3429f1a9605110a6
2023-03-25 18:12:11,True,0.3748,0.0002137,18710.3,4.0,0x38...9d7d,https://etherscan.io/tx/0x7a75b672500381dbec1d2220c728abaa0edca24d1a69158fea04143780abba25
2023-03-25 18:07:11,False,0.3693,0.0002106,4433.36,0.9336,0xcd...f363,https://etherscan.io/tx/0x174b2e2bfad89bbef404e3ac9bd9dd319c12f96df16d5a5a7f09b72ee1d625c6
2023-03-25 18:04:11,True,0.3722,0.0002122,1568.91,0.333,0x47...9b06,https://etherscan.io/tx/0x753e6c23457f652feb37af29d44c4d09d7abebf8734a0ed540b0f32cfdb0bbb7
2023-03-25 18:02:35,True,0.3719,0.000212,3.34691,7.096e-05,0x9b...dc41,https://etherscan.io/tx/0x8ca7cf436fd85b5735ef0a41e97a5676ab6cb75f537d3877b3d39dd28da1eed1
2023-03-25 17:58:35,True,0.3719,0.000212,20.4816,0.0043,0xad...b5f0,https://etherscan.io/tx/0x098ef393f033f0064128f5b3b08185147729fdb195f5aa7de9d97cf29e0d230b
2023-03-25 17:53:23,True,0.3716,0.000212,3.60154,7.636e-05,0x76...d547,https://etherscan.io/tx/0xb6891cc2a68948cb0f9372bfea4d981c77e449da85c4e7a6ef19d5d04cca9202
2023-03-25 17:52:35,False,0.3698,0.0002109,1526.47,0.322,0xa1...e757,https://etherscan.io/tx/0x63c9ecc5ce766d5aeda4bdf2a28a31f38428d9606535580d724e3dee63ed15b8
2023-03-25 17:36:47,False,0.373,0.0002125,10379.0,2.20606,0x86...cc69,https://etherscan.io/tx/0xb21cfd379ac252f596641882162b9794557af552c31c4df5a0278f3d5d0510a8
2023-03-25 17:36:23,True,0.3777,0.0002152,13.6453,0.0029,0xc0...f000,https://etherscan.io/tx/0x2fd6c762d24430533370ba521f87e712ad82982caf695c5fa89d77e7beed52c2
2023-03-25 17:33:35,False,0.3761,0.0002141,1584.98,0.3394,0xad...4ef4,https://etherscan.io/tx/0x07e40a2e44a54eb0c5c4865cdd261b2cd47c46bd18ce6635f3141c15819f3aa4
2023-03-25 17:31:59,True,0.3786,0.0002156,58.8869,0.0127,0x24...e0a3,https://etherscan.io/tx/0xb3a1c7ccf3ee5f07020ea447438e86b4226b61bec1133d33be330d4188602837
2023-03-25 17:28:47,False,0.3764,0.0002144,775.247,0.1662,0xc8...b043,https://etherscan.io/tx/0x1450186e39c6461a06f3d99b4461b9a1c84fafc1b63268c0fb343f498c938f99
2023-03-25 17:19:59,True,0.3783,0.0002157,1034.05,0.223,0xab...5c2a,https://etherscan.io/tx/0x266afa60c71cfd0e77998d384d3eb378d301db1e553219de50490497eee85e6f
2023-03-25 17:17:35,False,0.3762,0.0002145,1636.39,0.351,0xad...4ef4,https://etherscan.io/tx/0x7f1e6d394df6386c759681b9581565c40622f19ce00370e10028971e54cdd280
2023-03-25 17:16:59,True,0.3791,0.000216,16.0647,0.0034,0xa1...565b,https://etherscan.io/tx/0x1215e7ccd433bb0407bdb1093ab46ee62f0a261f012e9e37f9cb9fc4a6faa2fe
2023-03-25 17:16:47,True,0.3791,0.000216,9.45549,0.002,0x61...410f,https://etherscan.io/tx/0x775eaa16a9424e125de1f2bbb98f492c838fccdeaef60d8a093b2f3490c43521
2023-03-25 17:15:59,True,0.3791,0.0002159,105.88,0.0228,0xb5...af7b,https://etherscan.io/tx/0x920b0bcb0fc6fda6066287f849c3038552a2eb896e11f109d4b75d75c0aeffc0
2023-03-25 17:15:35,False,0.3784,0.0002156,6994.79,1.50835,0x81...0c3f,https://etherscan.io/tx/0x2b98bb8bc4628e0697a601e1e81a231e43a2bf6adaf1c692e3e64dccfac5e55e
2023-03-25 17:14:11,True,0.3824,0.0002178,38.1856,0.0083,0x61...410f,https://etherscan.io/tx/0xb8d91a46bd56b447a31ca378e4fb3307733be10754a6d375b54a971eefcbf4c6
2023-03-25 17:06:23,True,0.3826,0.0002178,128.092,0.0279,0x61...410f,https://etherscan.io/tx/0x791b85935dc744a3d055fea2e6be29b8f91fed1d5e90f7144ec22adda9985682
2023-03-25 17:02:59,False,0.3807,0.0002169,2648.1,0.5744,0x6a...636d,https://etherscan.io/tx/0x5d952301ffdab4242503d509e01a54be005fe77601d821362356a821287253a6
2023-03-25 17:00:11,True,0.3832,0.0002182,2574.9,0.5619,0x48...620d,https://etherscan.io/tx/0xe43fcb1ae453b50b68c44dfc18b5483555e4e830b942d7db314c5ca213644cc5
2023-03-25 16:57:59,False,0.381,0.0002167,1202.8,0.2606,0x1f...1be6,https://etherscan.io/tx/0x4271d52bfa5516f53ce6e21b6b59cbc852f9be412bfd22312c58208ad7f42846
2023-03-25 16:56:35,False,0.3817,0.000217,878.265,0.1906,0xc9...f264,https://etherscan.io/tx/0xe927389f32c0ca9e0a870aef6b0ba768627840ad2b9fe2468070e1ffe98b002b
2023-03-25 16:53:47,True,0.3841,0.0002184,366.305,0.08,0x95...03e8,https://etherscan.io/tx/0xeb7b61cb64f79c79ccec46d1dbe70d071ac6e6a891d603ebe2d9c6f7bf6e9521
2023-03-25 16:49:59,False,0.3826,0.0002172,1778.32,0.3864,0xb3...e62c,https://etherscan.io/tx/0x8a083166c45922cd79318e8031b985fbbd8205524eb30845a6f6957d753d6982
2023-03-25 16:44:47,False,0.3819,0.0002177,1905.68,0.415,0x0e...7b2b,https://etherscan.io/tx/0xb6d880f7a6c217d8ed6bcc16068f576172253b4db5d53aaae0816d2886739430
2023-03-25 16:44:23,False,0.3829,0.0002183,2425.0,0.5296,0x3a...8155,https://etherscan.io/tx/0xc31e0aa043ce1ed238d62a7983a10c87488db7c2f528621569f98e35d9982239
2023-03-25 16:42:35,True,0.3868,0.0002206,23.9806,0.0052,0x01...8648,https://etherscan.io/tx/0x286ef97e9c930d326897963982692ddfde210fa7754b1c0e6fce205355c2df4a
2023-03-25 16:42:35,False,0.384,0.000219,2072.71,0.4539,0xd5...2a9b,https://etherscan.io/tx/0x0f0bfb4c53e92f5d8518099b08a00c9b46042b6e16e574fc0cd044e75885b872
2023-03-25 16:41:11,False,0.3845,0.0002193,485.0,0.1064,0x3a...8155,https://etherscan.io/tx/0xf26bdd4d7aba9601b9762da5f55d09a6fb63a93826836d0fbd306306107204fd
2023-03-25 16:40:11,True,0.3864,0.0002206,516.153,0.1139,0x35...a7b4,https://etherscan.io/tx/0x7e0df71bd2676399c027e623d6cb235398a72717b5484379a7ff2dff4c8d6092
2023-03-25 16:39:23,True,0.3861,0.0002205,516.502,0.1139,0x35...a7b4,https://etherscan.io/tx/0xf57d9eea98de1fe4dc738946a86e016ea0e3df0f6bc1a10f0592b9e90dec66e3
2023-03-25 16:38:47,True,0.3859,0.0002204,408.323,0.09,0x2c...0ba5,https://etherscan.io/tx/0x33347e43d6d9897ac3e9dc422b59752e7e16b9cb43afc953b8dbf99d70778374
2023-03-25 16:22:35,False,0.3828,0.0002191,1067.0,0.2338,0x3a...8155,https://etherscan.io/tx/0xe77b1490dbf794abf98c3975f34e42bce68b45d868609043b8e31af26175943a
2023-03-25 16:18:47,False,0.3834,0.0002196,2015.48,0.4426,0x0c...c856,https://etherscan.io/tx/0x516d2ed1e606342a23d5ca67187d903ce29e18ee340eba4469f2bc7aae9e5a13
2023-03-25 16:11:11,True,0.3869,0.0002212,3.68919,8.161e-05,0xd3...26de,https://etherscan.io/tx/0x59c9fcd57c334b04c8a260f96854c25375a8887c0c7dd24e7cbb0a0d91d34416
2023-03-25 16:10:11,True,0.3869,0.0002212,7.21383,0.0016,0xc9...f264,https://etherscan.io/tx/0xde1038fd063a53196c4955fea1ed28c5b5bdf343185aa5295ab87db2f4530bc0
2023-03-25 16:05:23,True,0.3863,0.0002208,2716.93,0.6,0x89...5edb,https://etherscan.io/tx/0x15ab72ebe3ae88571f2c60e747f67358b92e6e4fbdf090be90c6382d6e6d6852
2023-03-25 16:04:35,True,0.3856,0.0002204,34.1347,0.0075,0x60...3da2,https://etherscan.io/tx/0xe66d3dd388f7c786caba1b5492e833229702158c8ccc7459e20a060e6d4c8664
2023-03-25 15:58:23,True,0.3856,0.0002204,19.754,0.0043,0x24...e0a3,https://etherscan.io/tx/0x9f520bc2ceb8d0ae7e4ba935b711943c79e96053c7f7363461129ec170451081
2023-03-25 15:57:59,True,0.3856,0.0002204,3.11009,6.855e-05,0x96...b4eb,https://etherscan.io/tx/0x8c9fc347834249317f8c7106d1bc7bcba183e0d0f26cc5a11efa39af8a787126
2023-03-25 15:56:11,True,0.3859,0.0002203,558.181,0.123,0x5f...96c3,https://etherscan.io/tx/0x485b57fdf37ac21787891a62dab06e36e15633f5d615e011d3c8970b796ac224
2023-03-25 15:56:11,True,0.3857,0.0002202,26.974,0.0059,0x6f...bf37,https://etherscan.io/tx/0x81243c0a4c9765ab71d7361a5a59583094f03339cc5112d0dc44d4d49a4c4dca
2023-03-25 15:51:11,True,0.3854,0.00022,1475.19,0.3246,0x61...ed9c,https://etherscan.io/tx/0x51097b2ba64938db0342c4d938ed89f1688344358e1b82e262cadad89bee6453
2023-03-25 15:50:59,False,0.3829,0.0002186,506.541,0.1107,0x55...ce90,https://etherscan.io/tx/0x6fa3038eb9a20139942deadd06fac3068a1da667b6744964aa66c5924e90b7d5
2023-03-25 15:38:59,True,0.3855,0.0002199,13.155,0.0028,0xbb...7254,https://etherscan.io/tx/0x7af04492008fb40608ca05c8fd6179ba592285bb9b0f8bafb9efed4fd7ba0f40
2023-03-25 15:37:47,True,0.3855,0.0002199,57.7839,0.0127,0x59...3525,https://etherscan.io/tx/0xa1168047055c9bef8a35b01bec08e00954ab0cb413d4b83a24d310959d6d6506
2023-03-25 15:37:23,True,0.3848,0.0002195,2641.88,0.58,0x61...ed9c,https://etherscan.io/tx/0x11c458c6415fbe6d4cfd2c0364b87792cbe133be23c340b68cddd43089bb3fe5
2023-03-25 15:30:23,False,0.3826,0.0002182,2463.36,0.5375,0xf1...b342,https://etherscan.io/tx/0xba63ddbe5d0bd4b1063adcc0689aabc81b4e58d4facf8933398964e9392f4957
2023-03-25 15:23:23,False,0.3828,0.0002185,242.5,0.053,0xe0...2c13,https://etherscan.io/tx/0xa0e9447d89475abccf75511508ff9f9b8945cf3f0eb9a6eb8f114063e7353979
2023-03-25 15:22:59,False,0.3829,0.0002186,310.751,0.0679,0xc6...fe90,https://etherscan.io/tx/0x1b032dfbf4681a90b62f601e4b6e060be973764617f252e5240e505caaa84ccc
2023-03-25 15:21:59,True,0.3852,0.0002199,295.491,0.065,0x27...3c7e,https://etherscan.io/tx/0x1f60786d96c738ff8293a9e8c07520b867a1652906ee82f44c878c282af4ceb8
2023-03-25 15:17:47,False,0.3835,0.0002189,2307.59,0.5052,0x48...716c,https://etherscan.io/tx/0x0ee5d29b7e8fc69301035de4f7954b5303a07d292809cc024297ad0a1a627131
2023-03-25 15:14:11,False,0.3842,0.0002193,606.045,0.1329,0x03...4329,https://etherscan.io/tx/0x5aa634e486ecc0038352449907f06baa9904c449a2894467bb921ae48ec4b7e2
2023-03-25 15:11:23,False,0.3862,0.0002199,3901.44,0.8582,0xb7...04e6,https://etherscan.io/tx/0xcf7f33893fc717abd28587b686c142ec8fb3bcfd8a19c1234998a80dc392525e
2023-03-25 15:08:47,False,0.3873,0.0002207,1578.46,0.3484,0xa6...1e9f,https://etherscan.io/tx/0x7b38788b95592632f775b41ace9630f15b8954088e34e6f533ed6dd0d20af52b
2023-03-25 15:07:35,False,0.3889,0.0002216,4850.0,1.07506,0xd0...9915,https://etherscan.io/tx/0xa80f650efa10290104390485dd943e252b109105983f89c4451e37000ea7ac5b
2023-03-25 15:05:47,True,0.3924,0.0002236,110.0,0.0246,0x12...68c0,https://etherscan.io/tx/0x96cc499f41103d18ffd6e97e2c622dc7b394eb590af5b9e87dbef525c6d575d5
2023-03-25 15:02:35,False,0.3925,0.0002237,9700.0,2.17006,0x14...eb07,https://etherscan.io/tx/0x3a615e081dcd0a4e650e9ca23dd4abe9723e3aa96ede520887608934d9461d62
2023-03-25 14:50:47,False,0.3945,0.0002254,1940.0,0.4372,0xd0...9915,https://etherscan.io/tx/0x11c96d25a5ab19694964185dfd75aac8a51e58f14836805dc596a37f88657507
2023-03-25 14:48:11,False,0.3962,0.0002258,1261.0,0.2848,0xb7...04e6,https://etherscan.io/tx/0x52aca054f4ad0fd0db1d9685e79e0a244d3fd01eb96448c26239b907770a3663
2023-03-25 14:48:11,True,0.3989,0.0002274,20.3722,0.0046,0x98...c5ab,https://etherscan.io/tx/0xb5ba31d952b82a7ad424385f121f206a9b81b0be96e999fa86f07f8539dc5307
2023-03-25 14:45:11,True,0.3986,0.0002274,26.3844,0.006,0x5f...dfef,https://etherscan.io/tx/0xb3b4d28339acc8a8f75313b1f450741a8d23b0d74164fb3355e3c7725848344c
2023-03-25 14:41:47,False,0.3994,0.0002279,12983.0,2.95964,0x14...eb07,https://etherscan.io/tx/0x7bd91f5032c6bbb4104c5476c1b06dbd7ea677d414b63395611dc1be2e9d6710
2023-03-25 14:39:59,True,0.4052,0.0002312,302.724,0.07,0x4a...821f,https://etherscan.io/tx/0x9b33822f7a85701d6fe03cb5a609e01bf9f968507585d30ef3f9b2ec3c839f28
2023-03-25 14:38:11,False,0.4037,0.00023,1679.67,0.3864,0xb3...e62c,https://etherscan.io/tx/0x63badee8e99b2cf1b3f73023f755d0b886d50b1a2e48e30b511ea1100adffa1b
2023-03-25 14:37:35,True,0.4067,0.0002316,12.6465,0.0029,0xf0...7a42,https://etherscan.io/tx/0xfd2a9ef9c9a966a0a2ae698e589798ffc73e0722510542f6aa7f5e4a4aeeb5fa
2023-03-25 14:34:47,False,0.4057,0.0002321,11892.0,2.76029,0x14...eb07,https://etherscan.io/tx/0x208fdd98c6885bcf6f7b7ecf09369610a4459158090fae777ed5ee0735e27a9c
2023-03-25 14:34:11,False,0.4089,0.0002339,242.5,0.0567,0xbf...54ef,https://etherscan.io/tx/0x718685957fa42807a6059ccba672d2cc2b1c3a4c127e4548bfe19d05ec31a0a0
2023-03-25 14:32:47,True,0.4087,0.0002339,9403.39,2.2,0xda...44f0,https://etherscan.io/tx/0x799948a0698959639ba164c5d90a76729d8cefff6c8c9cf793ac5125e8f94b88
2023-03-25 14:27:23,True,0.4053,0.0002324,664.643,0.1544,0x9a...58ee,https://etherscan.io/tx/0xb12096ef0a7704a1213415fc10108824569f948d66526a3ea61991277046b9f4
2023-03-25 14:22:23,True,0.4041,0.0002319,2155.34,0.5,0xba...4d4b,https://etherscan.io/tx/0xf6f6fa3dc0b57acb80385d1a6a101d1d2fd571a87d38b9da3840d597e8896594
2023-03-25 14:22:11,False,0.4014,0.0002304,944.87,0.2177,0x62...a14a,https://etherscan.io/tx/0x6925491a463da5bdb10f48fb1a38e236a87fe5fc7a86bdde2d584fed41bd9fb1
2023-03-25 14:20:11,True,0.404,0.0002319,81.2249,0.0188,0x23...2f7c,https://etherscan.io/tx/0x69466cd18314229f1c22f31760997c5504f32c411311d873f8e361bd8309f8c7
2023-03-25 14:16:11,False,0.402,0.0002307,1519.78,0.3507,0xad...662f,https://etherscan.io/tx/0xb12c6e158ac6c20372d81a4469289ee513b8cefa19c871b9e37509a604406e07
2023-03-25 14:11:59,True,0.4047,0.0002323,344.344,0.08,0xd7...88a3,https://etherscan.io/tx/0xc23f9b3f08481a0170c93a0754750ea07f19c6f10bceffe3b78587a97a9e541d
2023-03-25 14:10:11,True,0.4046,0.0002322,429.865,0.0998,0x8e...e90f,https://etherscan.io/tx/0xd7539e5446e6eb6000c3d517d2f9ad200b3238ffe260d713ef7fe37414463ec0
2023-03-25 14:09:47,True,0.4035,0.0002316,3358.85,0.778,0x45...3f24,https://etherscan.io/tx/0xeaae973a5cb49ab34a232b34b107d35399037812fb47f19911e9f94e27f1c462
2023-03-25 14:08:59,False,0.4002,0.0002297,139.41,0.032,0xd0...e48e,https://etherscan.io/tx/0x2eb55a0af6764bbab222c3fac168d568162878900cc4568cde2e95386b6df7c9
2023-03-25 14:08:35,True,0.4024,0.0002309,1212.23,0.28,0x45...3f24,https://etherscan.io/tx/0xcf6bf836f3fc642fffe628442c009de27709eb4de0f41115633371019fb4a5e9
2023-03-25 14:04:59,False,0.4003,0.0002296,1351.21,0.3102,0x90...be02,https://etherscan.io/tx/0x29bb0ca4ea12ecabcacbd921b5582c0a86dafd70e65b977e5a4f80c6e6539def
2023-03-25 14:00:47,True,0.402,0.0002305,4337.5,1.0,0x45...3f24,https://etherscan.io/tx/0x2388c861f9c02ed685061e5f4c93aa55330ff407114e3aed0c83811d74484e6c
2023-03-25 13:51:35,True,0.3999,0.0002294,3012.9,0.6912,0x9f...6640,https://etherscan.io/tx/0x86854865fa927b849fcb925dbf49059285d7b70e049cfa6f908da722b97769c9
2023-03-25 13:51:11,True,0.399,0.0002289,436.822,0.1,0xfd...c140,https://etherscan.io/tx/0x57b92709242a6d6d4cee0adc10bb5cbd056339d898e7314f829041c1efa111a0
2023-03-25 13:47:59,True,0.3988,0.0002287,1093.14,0.25,0x72...8c46,https://etherscan.io/tx/0x23318b689fb3a9f942f49fde3e6dbdfbf512ba0eea4ebc2f90349f1ae0371be6
2023-03-25 13:46:11,False,0.3964,0.0002272,853.363,0.1939,0x36...a5ac,https://etherscan.io/tx/0x54ca1e9425d59ab9b08192636bb6ef36d95d5e558551802f812971486219bd0c
2023-03-25 13:45:11,True,0.3977,0.0002281,4383.35,1.0,0x45...3f24,https://etherscan.io/tx/0x6ff3bbaa7dee1a312cfe3f633376ccdc98579703c4c2b3687bef6bf040259ab8
2023-03-25 13:42:23,True,0.3953,0.0002268,4408.49,1.0,0x45...3f24,https://etherscan.io/tx/0xb7f74b2b54c817cefb9ba2a50c43196d7a67275c94fe3abd0e4ac4784ccd399d
2023-03-25 13:40:59,True,0.393,0.0002255,4433.84,1.0,0x45...3f24,https://etherscan.io/tx/0xd4e01196d5aff5f732a764ec7a2c542dd3626095e0c3000ae56eea75809b724d
2023-03-25 13:40:11,False,0.3897,0.0002236,970.0,0.2169,0x1a...8ad0,https://etherscan.io/tx/0x4a2e22943bfd86780fa35b72e08902e081d848592fcf543fff2b705875591bfd
2023-03-25 13:39:59,True,0.3923,0.0002251,327.774,0.0737,0x45...2eed,https://etherscan.io/tx/0x68a56626d7b06fcb794e0e90d479e93faf7a047d585f48eb653e70c283605972
2023-03-25 13:24:59,False,0.3907,0.000224,2425.0,0.5434,0xcf...3224,https://etherscan.io/tx/0xbeb27a4cbdcd4257509b11dbf6fbdc205d2e48d70a67a1afa0f38c80575211e2
2023-03-25 13:21:35,False,0.3924,0.0002249,3304.89,0.7433,0x49...f683,https://etherscan.io/tx/0x653638701c78e3d9bfe9248ff9b80b99506ec74f527dc99d9614d964122d580d
2023-03-25 13:20:47,False,0.3935,0.0002254,485.0,0.1093,0x5d...a8fb,https://etherscan.io/tx/0x74a53c6f0272303068dab23055c4aa9906afd4b759356ce6ff63e8dc903ae983
2023-03-25 13:17:47,False,0.3937,0.0002256,970.0,0.2189,0xcd...3426,https://etherscan.io/tx/0xdd27f78ceead5136912c709a8765a10b445e015d257b6de493df7824e4c0275e
2023-03-25 13:17:35,True,0.3963,0.0002271,41.856,0.0095,0xf0...7a42,https://etherscan.io/tx/0x8cc6ee511b51557f7aabd9c3d77e60e05b0b2fb782be22930b803ddf9eff9d19
2023-03-25 13:12:23,False,0.3947,0.0002264,4332.74,0.9811,0x77...4247,https://etherscan.io/tx/0xe6dc8c3967d2e15599ba1419cb061fd260ad584e843a08f13ec00e32f5fedd82
2023-03-25 13:07:11,True,0.3959,0.0002269,10190.9,2.31271,0x77...4247,https://etherscan.io/tx/0xa95c2217b59d882429dd8fe30b3a44031135b3fae812b994b99d7893be158ebe
2023-03-25 13:05:11,False,0.3929,0.0002252,7760.28,1.74779,0xac...f7c7,https://etherscan.io/tx/0x0722c8f1cebe8b6d1d92027b3404d4675729ff27dac93ee7c6c589e4963365a5
2023-03-25 13:00:59,False,0.3949,0.0002263,98.6338,0.0223,0x1d...19d5,https://etherscan.io/tx/0x9cd9034bd2c2b3de1f09f7055a476e964fc2efb5652a997bf0097c0c040e0e09
2023-03-25 13:00:11,True,0.3973,0.0002277,3.79908,8.652e-05,0x6f...3fab,https://etherscan.io/tx/0x6beceb1999d098e60497a99e86e2861d9fe55d0505bac703b0c06688312d11a7
2023-03-25 12:58:59,True,0.3971,0.0002276,644.112,0.1466,0x03...4329,https://etherscan.io/tx/0xaea6d0d8a44410af51e3b44baa082b65d7049a1dad9049e215814404772d1da7
2023-03-25 12:54:11,True,0.3968,0.0002275,3.41318,7.766e-05,0x08...f9ee,https://etherscan.io/tx/0xe08d20308d9b981294d6be4c4d592ed06bcceaec59c768213f98593a2d2801e8
2023-03-25 12:51:11,True,0.396,0.0002271,2605.39,0.5918,0xc2...9609,https://etherscan.io/tx/0x5e3e672fc370e9f60afd9f4b737e788af02251c5e2bce56af851fa705cb73e28
2023-03-25 12:47:47,True,0.3952,0.0002267,1.60099,3.63e-05,0x92...fe9e,https://etherscan.io/tx/0x3830e57e42fec1e018195c37874e95cef023abc4d3888134e854310c985f8d21
2023-03-25 12:43:35,True,0.3955,0.0002263,2866.02,0.6487,0xfc...30df,https://etherscan.io/tx/0x126fabf2b91c1941fb02f595702a337b6d3821d3e22536fff82e40b828fe7441
2023-03-25 12:36:11,True,0.3948,0.0002259,221.326,0.05,0xa7...3f40,https://etherscan.io/tx/0x51ddd521d4a0d24bfac6a1dde6bf7a59309e5eaa48724c5c15939a2412a5488b
2023-03-25 12:35:23,True,0.3948,0.0002258,7.32631,0.0016,0x53...a994,https://etherscan.io/tx/0xffe9157a5e0afa0455f7f7a5b45ca430961eec6c981621cc1a86326c99690711
2023-03-25 12:29:11,True,0.3944,0.0002258,543.979,0.1228,0xda...cb6a,https://etherscan.io/tx/0x42aeab36cf5dcd8aef0761e893ae59669f233883f776fca5f27d435aa12ac165
2023-03-25 12:25:59,False,0.3928,0.0002249,3686.0,0.8289,0x03...5dae,https://etherscan.io/tx/0xd4c5b7594c236a92af5e0c7b44846384064f02781455907c3106f77dbd06cd63
2023-03-25 12:25:11,True,0.3961,0.0002267,23.1458,0.0052,0x09...2b1f,https://etherscan.io/tx/0xc8daeadfe53d551de5b2c81aafaad7df7395ebb855c53874ceafb5a2fa92031b
2023-03-25 12:19:47,True,0.3958,0.0002266,1178.0,0.2669,0xca...21da,https://etherscan.io/tx/0xec9a6c483effc92d03bb5f2c9681f7f4dd8c5b2d3a6c30d7830fe805158370ff
2023-03-25 12:18:35,True,0.3949,0.0002261,1879.0,0.4249,0xca...21da,https://etherscan.io/tx/0x8c7bd1ebf82c5b77058ce708ea1f831527246167b606faf2d6cf9d1f17a66bf3
2023-03-25 12:17:59,False,0.3921,0.0002245,156.17,0.035,0xbf...54ef,https://etherscan.io/tx/0x06dce980e781bd9f028ecc7cb2f808ee2631606a2ce768933ef14b2ed5accff3
2023-03-25 12:16:23,True,0.3943,0.0002258,761.006,0.1718,0x8e...b4e8,https://etherscan.io/tx/0x6536eb7fb32ffb332bf994440677c44fd5cd7f0e2894490bc7a897008586cea5
2023-03-25 12:07:35,True,0.3942,0.0002256,342.993,0.0774,0x95...7776,https://etherscan.io/tx/0x156a0a314e269a4cbe4bc2706ebcf5cbcec40f769bbfcfffecf8f47059ebf272
2023-03-25 12:05:47,True,0.3905,0.0002235,14563.6,3.255,0x91...0971,https://etherscan.io/tx/0xe5809a91eea76ef0f2d51d3168ffe0bdd1416af9df109f7eeab78e93171e0bba
2023-03-25 12:05:47,False,0.385,0.0002203,1649.0,0.3633,0xb7...04e6,https://etherscan.io/tx/0x3eb71ef9b69f2e93c5d9eeb71856d6dee9b99d661b151554d565fe8618e93607
2023-03-25 12:03:47,True,0.3877,0.0002218,4.55617,0.001,0x7f...3cc0,https://etherscan.io/tx/0x7adb6ab213acaf99f65b2d023cfb48ddfd9c5796e472fd71d01395aed8b7bc11
2023-03-25 11:53:11,False,0.3861,0.0002208,1940.0,0.4284,0x32...a876,https://etherscan.io/tx/0x4dcabbf39b21d218eee02044f1cf6934952e4eda1c7690b12fbf397b56493e6e
2023-03-25 11:52:35,False,0.387,0.0002213,1611.17,0.3566,0x32...a876,https://etherscan.io/tx/0xffe8a912201c02832e819de63d64eb82512e9f082f2bdf252ad80a7249d25026
2023-03-25 11:51:47,False,0.3876,0.0002217,970.0,0.215,0x32...a876,https://etherscan.io/tx/0x06cc6b405466b95b29003342a851df638ecd536b01b2caa0fd02eb0ebfcd3837
2023-03-25 11:34:35,True,0.3889,0.0002231,2.34324,5.229e-05,0x5b...ee97,https://etherscan.io/tx/0x5ff29e5e0035b0a4486f7f8ca02189936c3ee185ee1c93878d59242d8d47e6d6
2023-03-25 11:30:59,False,0.3868,0.0002219,970.0,0.2153,0xd0...9915,https://etherscan.io/tx/0x9fd71358bbd2d28b6e146fddb4ee0f6464a104a1d8cf356f49609bece3ab5f46
2023-03-25 11:10:35,True,0.3903,0.0002233,931.038,0.2079,0x55...3820,https://etherscan.io/tx/0x42bb686fc9ec17c3294fe78ed5534b20f33b368a9fad1b0fdd85494fda3cfcd7
2023-03-25 11:06:23,False,0.3881,0.0002219,970.0,0.2153,0x9e...e4f7,https://etherscan.io/tx/0x71f06302be3025c94356073e9cd6b34da346a3dc50823159d15c9c2495e36558
2023-03-25 10:53:23,True,0.3899,0.0002234,9.8949,0.0022,0x9a...6d4a,https://etherscan.io/tx/0xe33092152d350c30d7f7bb5ad59e8e09411a7229e4f785e76b3704a09f821688
2023-03-25 10:47:11,True,0.3892,0.0002231,2025.38,0.452,0x0e...7b2b,https://etherscan.io/tx/0xad26032bbb303b83c95f32d81a50632a044cd74ad4e8f067bf2719f85302ba5c
2023-03-25 10:45:11,True,0.3886,0.0002228,356.36,0.0794,0x71...e65d,https://etherscan.io/tx/0xc9cd1b72569744ba3aa450ac630f6392ea2823de6285d1644a2ed41ec692cc37
2023-03-25 10:40:59,True,0.3876,0.0002224,2517.82,0.56,0x73...69cd,https://etherscan.io/tx/0x01ae215281f496cb4cf29c05be97848aa5c1252d8b928bf97bfdd638e0a0bda9
2023-03-25 10:38:23,True,0.387,0.000222,45.0352,0.01,0x73...69cd,https://etherscan.io/tx/0x0570db9c332cb0e61d46d51974452150864febcec03242dace36d246a448940c
2023-03-25 10:29:11,True,0.3868,0.000222,8.47766,0.0018,0x8c...967d,https://etherscan.io/tx/0x3daa6092909d2a203a5a1336b6f72548b3189dd8e1a1d1a11dcf257a90b1bd4e
2023-03-25 10:24:59,True,0.3868,0.000222,0.6853,1.521e-05,0x8a...b4b6,https://etherscan.io/tx/0xa6181de07a4765e81b08c95b6b789771bb13cccb3f0dbe0a2e40dc16de6de46f
2023-03-25 10:20:35,True,0.3868,0.000222,1.52289,3.381e-05,0x92...50ab,https://etherscan.io/tx/0x7fe5cd01f4cfd4d1ffa22c11c5abff36583ba4444f9e8f6990ce5749f591f52d
2023-03-25 10:06:11,True,0.387,0.0002219,1000.0,0.2219,0x49...f4e1,https://etherscan.io/tx/0xe580b1dc21f4e924d519b0dde453527eb7a4be0931be71ae4e508dd799927f8f
2023-03-25 10:04:23,True,0.3867,0.0002217,164.948,0.0365,0x5d...a8fb,https://etherscan.io/tx/0x6f804fc9f2e7bd17206453d460eb86a088f400f8a37f5831a4555f5f9db4fb9d
2023-03-25 10:03:47,True,0.3866,0.0002216,180.439,0.04,0xbf...366a,https://etherscan.io/tx/0xea23a6b8dbd9f255cb36d01eadf6098a9b407dcdc388315685fbeda07db0d275
2023-03-25 09:57:11,True,0.3866,0.0002216,25.2323,0.0055,0xfa...3022,https://etherscan.io/tx/0xca03732fa9dd0dc6abbf59080237e5827dbf9c5ded1389acaf937382595e1a25
2023-03-25 09:53:47,False,0.3849,0.0002207,3304.89,0.7296,0x80...9c97,https://etherscan.io/tx/0xd30f7e0e2bcea1a3cdaba77352175a69d937899d7b4c554e71331236b04d8dae
2023-03-25 09:52:59,True,0.3873,0.0002221,3151.19,0.7,0x23...40d8,https://etherscan.io/tx/0xf8e3828a4e0f46f914af385bc4e8d8cd1a8d167058e4f589f76221f973000a0a
2023-03-25 09:46:11,True,0.3859,0.0002216,11.2819,0.0025,0x92...0478,https://etherscan.io/tx/0xfbc87b905bac933bf9eef518f34b14a5971eb13d82172d07f4cf0b0b6ed6917a
2023-03-25 09:43:11,False,0.3836,0.0002204,727.5,0.1603,0x15...eb3c,https://etherscan.io/tx/0x629e564bbb16083d894cda08c9bbe7af7fba80a14a628cd45c8b2739f1dfb412
2023-03-25 09:37:35,True,0.3857,0.0002218,450.799,0.1,0xdb...087f,https://etherscan.io/tx/0x6c1218325813bc1b06cf8c170d43230b4e242bb179727b4d558d6a807867aae4
2023-03-25 09:31:23,True,0.3821,0.0002192,17695.1,3.88,0xc8...7161,https://etherscan.io/tx/0x7c3f3a705c196be4ac63bc299b781bdb0f7b366cd91de93d210028b05d1e930f
2023-03-25 09:23:11,True,0.3762,0.0002154,10000.0,2.15439,0x91...0971,https://etherscan.io/tx/0xc20a19f764b550b66c3c4d2af93add1546de31d7c396f60e94cfb59e412dfa6d
2023-03-25 09:13:11,True,0.3736,0.0002137,2640.0,0.5642,0xdc...4324,https://etherscan.io/tx/0xc372fc467fbb18418290b838822196c10673ffc46ee582a0c0d9e65be494f8ef
2023-03-25 09:11:23,False,0.371,0.0002122,1283.31,0.2724,0xc4...de63,https://etherscan.io/tx/0x4e7e37269ffcbea2c90f61db7c57b2ec2fb030667e511d9fb0db19bfa05e8806
2023-03-25 09:10:59,False,0.3718,0.0002126,1874.04,0.3985,0x67...e93e,https://etherscan.io/tx/0x8268b6339e3d59515067cc93993fe868baf9bc37cf0115a6cc10e57428dd11c8
2023-03-25 09:10:47,True,0.3744,0.0002142,3.54157,7.586e-05,0x24...e0a3,https://etherscan.io/tx/0xcfea1d5566b3acd8f908d7c64cc2e22d7e981fd4aead5e3dbee88ed8c5daa190
2023-03-25 09:09:47,True,0.3739,0.0002139,2000.0,0.4279,0x15...2eae,https://etherscan.io/tx/0xd37d6c0abd794f252fefd6e9a59827028dd95e212428d99055388852dd084548
2023-03-25 09:06:11,True,0.3734,0.0002136,87.2373,0.0186,0x09...a0b4,https://etherscan.io/tx/0xeebe8b09fa453ea03173a7f54886c29c24026ea58753ee85f5eb150f1af3fa2e
2023-03-25 08:55:23,False,0.372,0.0002126,2134.0,0.4538,0x29...a828,https://etherscan.io/tx/0x6a58c96a2ee94c3675293216f33363abdc3e3d010e7ebec0cda00cc30c8e2738
2023-03-25 08:52:47,True,0.3747,0.0002141,934.13,0.2,0x61...a4d1,https://etherscan.io/tx/0xe44372159df5ca1a9a55ec7fe0680158ab03f5299d29dc2e43214e76c5553a02
2023-03-25 08:50:11,False,0.3725,0.0002127,325.92,0.0693,0x5d...a8fb,https://etherscan.io/tx/0xa4f3c3e7db53f7f9e7d94e833f96e3303dcb2022f78286b58c4c33ae93481b37
2023-03-25 08:44:59,True,0.3748,0.0002139,527.985,0.1129,0x18...edcd,https://etherscan.io/tx/0xd0d4c37afb9e74e67343d3370f2afe53a25bf919885f32f953bf2a49f402f047
2023-03-25 08:43:23,True,0.3723,0.0002126,9877.9,2.1,0x77...4247,https://etherscan.io/tx/0x9dfcda5963bbe7b5b58b5d54c7ce3b76e2bc85f23ac48a854599f9da1f84a850
2023-03-25 08:40:59,True,0.3698,0.0002112,14.4301,0.003,0xc9...e76d,https://etherscan.io/tx/0x6722c393fcfbd8f7ffc7666381e81018678194dafa7d276529e032e9e8f7106b
2023-03-25 08:32:11,True,0.3699,0.0002112,2.14582,4.533e-05,0xf1...6fa5,https://etherscan.io/tx/0x7a3b7eb7ced03f47d6d7c4b4805375d5f8440cec4d5682959247dd7bd9085a09
2023-03-25 08:30:23,True,0.3699,0.0002112,4.89257,0.001,0x89...d0ea,https://etherscan.io/tx/0xd0cc7e1572f1bfe2449dc396c42a3580c35aec435f898f9afcc6edebf78f14b9
2023-03-25 08:29:47,False,0.3702,0.0002113,10401.0,2.19863,0xda...44f0,https://etherscan.io/tx/0x7e0ad7f6db0e3bf9f1ed78ecfb91d747712e6aa23e88ca19a59ea0e426c49b4e
2023-03-25 08:29:47,True,0.3748,0.000214,30.1289,0.0064,0xda...44f0,https://etherscan.io/tx/0x7e0ad7f6db0e3bf9f1ed78ecfb91d747712e6aa23e88ca19a59ea0e426c49b4e
2023-03-25 08:24:11,False,0.3758,0.0002148,15115.4,3.24685,0x01...3d64,https://etherscan.io/tx/0xeab73a0e250b31837b6696f4b0d736e88431140a8fd5a375b3b665e04c45c98a
2023-03-25 08:17:47,True,0.3815,0.0002181,458.492,0.1,0xf8...d956,https://etherscan.io/tx/0xfb55d952ed16e56961000f9482625ef241bba06ed1492479f2ee27ea5fcc6a64
2023-03-25 08:15:35,False,0.3791,0.0002167,242.5,0.0525,0x33...8bcf,https://etherscan.io/tx/0x149d958f1c5f0eeac84b38c8107e886be07e56d230ab401bccb40d351f995276
2023-03-25 08:14:23,True,0.3814,0.0002181,16.2385,0.0035,0xab...f64c,https://etherscan.io/tx/0xc4e4bc3043dc44702a5f3b7da55927f914ed9bad37fdf67880b25c961c8a0bd4
2023-03-25 08:10:59,False,0.3809,0.0002178,7822.94,1.70448,0x01...f48b,https://etherscan.io/tx/0x2cef287c654f83d55c0f3e17ec764e8bf9093ceb0767c730f84f8a05b4d25041
2023-03-25 08:09:47,False,0.3862,0.0002209,13776.4,3.04338,0xb6...18eb,https://etherscan.io/tx/0xe67e1fac6a6a782540905b31c7eefb6da222c5eabeae9ac090dcf35cb9e4b060
2023-03-25 08:09:35,True,0.392,0.0002242,3.16527,7.096e-05,0xab...f64c,https://etherscan.io/tx/0x1e3e4b3f874e2354376fa1dc4d1f186d94b5e0c98e67e1a9c9f02d911db98e6b
2023-03-25 08:03:23,True,0.3913,0.0002238,2669.12,0.5974,0xc2...66af,https://etherscan.io/tx/0xa0ee567c7912f9ed1861daeeff286f1f9407c4631dfcba298a87b9aeac839f68
2023-03-25 08:02:23,False,0.389,0.0002225,2845.98,0.6332,0x67...e93e,https://etherscan.io/tx/0xc7b1ac5ba364c876d756ad4a351dbf6424c9d5d0b1aad511ac217bfb293d5f37
2023-03-25 08:02:11,False,0.3902,0.0002232,1940.97,0.4332,0xc4...de63,https://etherscan.io/tx/0x7f045d132dfb4a38580a87829fda046a8083f5686a31c5896146298f5d229021
2023-03-25 07:59:11,False,0.391,0.0002235,427.007,0.0954,0xf9...49bf,https://etherscan.io/tx/0x7b5c00a0212348b6dd735412455a84d2eb7076053d569d16d6cb8b12432ffc3b
2023-03-25 07:44:47,True,0.3935,0.0002249,307.456,0.0691,0x48...624b,https://etherscan.io/tx/0x842d80f324bc52475d11f7b4d148ac41928e468450b8bd82f0884615b37c8476
2023-03-25 07:37:59,False,0.3908,0.0002237,1394.86,0.312,0x55...3820,https://etherscan.io/tx/0x622132b9471d418e066b4324382555f315b38c1c76412630632f9d4d2ce63c57
2023-03-25 07:35:35,True,0.393,0.0002249,2100.0,0.4724,0x60...6b91,https://etherscan.io/tx/0x743d177a7c68cc1ed98ad321d4f978fe95779f7f13b520944c97866ee9e95bda
2023-03-25 07:33:59,True,0.3923,0.0002246,11.045,0.0024,0x8d...b7f8,https://etherscan.io/tx/0xc742c05d8b592bd636192ded31abfee6ccaf17c7803def179ec7577d15149991
2023-03-25 07:28:35,True,0.392,0.0002244,1332.57,0.2991,0x9d...56c9,https://etherscan.io/tx/0x824c71b3cdeec7bd8d2bd8260359b9d44140f2acb9a9da9c665b050cde105a80
2023-03-25 07:23:35,True,0.3913,0.0002242,62.8369,0.014,0x67...57a2,https://etherscan.io/tx/0xd723e3afbf34e8d0a03c3210fb86462461b9a5d3e7710d57561bba8e42661abd
2023-03-25 07:20:47,False,0.3896,0.0002233,2813.0,0.6281,0x3b...5a8a,https://etherscan.io/tx/0x190f8d319a07364063a9a38e4f02c83dafd48f7275d931932054c2898e46698b
2023-03-25 07:11:59,False,0.3909,0.0002238,970.0,0.2171,0xa1...f5ed,https://etherscan.io/tx/0x943bba319aa591f43263f522931a53fad2826984f2359a78398e797e9e3c9326
2023-03-25 06:50:59,False,0.3913,0.0002241,970.0,0.2174,0x15...eb3c,https://etherscan.io/tx/0x15899013510fe42002ff130f81dbd2b03196907530e856ca31246fe0d7fa3d11
2023-03-25 06:46:47,True,0.3941,0.0002256,40.0006,0.009,0x4a...bcfc,https://etherscan.io/tx/0x54c1a87f21ed7bf831717db82909e25f578e1123d3901fd7cc64a392f77f028c
2023-03-25 06:44:11,True,0.3939,0.0002254,798.57,0.18,0xfd...0f3a,https://etherscan.io/tx/0x4802f0fdfc38b0d1b7b3048243f46756291e9bd41ea6b923cb75a6312f2c2f70
2023-03-25 06:40:35,True,0.3943,0.0002253,9.23457,0.002,0x7b...3da8,https://etherscan.io/tx/0x8779840daf9b67693f2f68165259acd2fd5d7248d12e6768342fa00e84f942e3
2023-03-25 06:37:47,False,0.3926,0.000224,397.656,0.0891,0xd5...f25a,https://etherscan.io/tx/0x343804fa8dc4ee56a9c54540de2f5f2a7674ef72d2b288de14d739787fb85011
2023-03-25 06:36:59,True,0.395,0.0002254,0.3053,6.885e-06,0x8a...b4b6,https://etherscan.io/tx/0xfae554ee7a7d4468e989890977d9aafffea8f622d5a28cea38f5c9fce46dc1c5
2023-03-25 06:34:59,True,0.3936,0.0002244,7112.84,1.59651,0x29...fac3,https://etherscan.io/tx/0xf82d07fca2b31784381b127757c4f708c6d7ef985dc1d72a9060cf9c6ae794d6
2023-03-25 06:25:47,True,0.3917,0.0002233,289.448,0.0646,0xa0...7f06,https://etherscan.io/tx/0x8c4da31c621212ba6155f319d4e98390229fbab59626bbedc46cfe7ef1f96532
2023-03-25 06:22:59,True,0.3916,0.0002233,11.823,0.0026,0x05...9e29,https://etherscan.io/tx/0x9bc8f25e00b9e9241b689eccbd997e7dd4261fafdc96dcc03ad3e69d982a610c
2023-03-25 06:15:11,True,0.3914,0.0002233,40.2984,0.009,0x02...f1e8,https://etherscan.io/tx/0xe9109c474171733fe6f562c5e44234042ce215c102b5d88e7f2edcc46777eacb
2023-03-25 06:14:59,False,0.3912,0.0002232,8442.63,1.88442,0x68...654c,https://etherscan.io/tx/0x56a7e1f750221e395dd8c8ab4aaea8647ea588d0ab8b4f249dbc0736b97b7ad0
2023-03-25 06:08:47,True,0.3956,0.0002257,3.58651,8.097e-05,0xa1...f297,https://etherscan.io/tx/0x013b4111a28910fb02005f9bc6f3adfff9acddae19c2e9fe07a457f4b263b54c
2023-03-25 06:08:11,True,0.3934,0.0002244,8972.93,2.01409,0x68...654c,https://etherscan.io/tx/0x6a980090e637bdd16b166d5a46457ef617b0b32612225510c8032874ecf82646
2023-03-25 06:07:11,False,0.391,0.0002231,8892.0,1.98386,0x68...654c,https://etherscan.io/tx/0xb370f4c753115b3adcd442c67322e3f66eb4a0fc33dac56c85961dbf6d91f339
2023-03-25 05:57:23,True,0.3955,0.0002257,2.53452,5.721e-05,0xce...27ed,https://etherscan.io/tx/0xb9f4425e3378bd27a05a87e6240cf33516043c373f92b95bc38771c4a6f39ada
2023-03-25 05:56:23,True,0.3955,0.0002257,3.19837,7.219e-05,0x2a...66f7,https://etherscan.io/tx/0xfa60fee712dd198d3ceae7943af2f2ef1a185c71277df6596cbed83942cf6f40
2023-03-25 05:56:23,False,0.3936,0.0002246,1884.71,0.4234,0xc4...de63,https://etherscan.io/tx/0xc82fd7ac7d5c299bc8cd3fa813932c0b40b5891a2f674a9981243b162db44295
2023-03-25 05:56:11,False,0.3947,0.0002252,2251.37,0.5071,0x67...e93e,https://etherscan.io/tx/0xf908824aee65c38162faa04f20026d9307d27d92b37af82159a1bd573b291f07
2023-03-25 05:53:47,False,0.3958,0.0002259,2670.41,0.6034,0xa3...204d,https://etherscan.io/tx/0x3740084f5849494d87cf936db9f0cc9e0781bf310a9356e50441230303435db3
2023-03-25 05:53:11,False,0.3973,0.0002267,2865.48,0.6498,0x18...8bd4,https://etherscan.io/tx/0x13c11c1ffcfc0d6ad965c362f92541a3c217fcca7d73289d551f487667718cda
2023-03-25 05:52:23,True,0.4004,0.0002285,10.0275,0.0022,0x52...c661,https://etherscan.io/tx/0x425bd5dd30d4eaa4f66f86ec1928d1629870d19ff045f4c6e9f5d272bf9d3810
2023-03-25 05:51:59,False,0.3986,0.0002275,2242.64,0.5103,0x34...ec30,https://etherscan.io/tx/0x961e903303b0d31da25e358ab128b3db04cd77374e3475a330bb571d2227f29d
2023-03-25 05:50:35,False,0.4008,0.0002287,5960.33,1.36351,0xf8...a8fb,https://etherscan.io/tx/0x8beb50af8801e5934e4ad2679c98a75bf57775e43deb0cc7d1efeb0b1ed853a2
2023-03-25 05:43:23,True,0.4056,0.000231,181.811,0.042,0xbf...f354,https://etherscan.io/tx/0xe0c804e7b1dc438ffd5ae970f278291064717b10052eb740dd2a838d379614ae
2023-03-25 05:42:47,False,0.4034,0.0002297,983.523,0.2259,0xf9...5573,https://etherscan.io/tx/0x7b363572eaf6a1ed19d0c8b05fa47d1094a933e343e80b933d61fa07c871f48b
2023-03-25 05:42:11,True,0.4061,0.0002312,1.0067,2.328e-05,0x03...f3a1,https://etherscan.io/tx/0xe20d46c8c63a773c55d1e43b6d1e82400647a4829bcc7f2f04109efde653d883
2023-03-25 05:38:23,True,0.406,0.0002312,164.301,0.038,0x1d...0616,https://etherscan.io/tx/0x90f5cb34de027093cb7458176578e94ca3ec80cb4481c946ce75ae3ed3bb47fd
2023-03-25 05:30:23,True,0.4064,0.0002312,14.0701,0.0032,0xb8...626f,https://etherscan.io/tx/0x9336177f4b44b67a40806b0d53b71fa85fa379980bbdcf678d04d6037c727c78
2023-03-25 05:28:47,False,0.4042,0.0002299,897.25,0.2063,0x42...f7da,https://etherscan.io/tx/0x516a6e0193c10ffcaa629c07e28513ad373146da909e2fd97f0b0aff256eed17
2023-03-25 05:28:35,True,0.4068,0.0002314,86.3987,0.02,0x1f...1eb0,https://etherscan.io/tx/0x821dc3f6114df2b2d6f162114c5f423655549eb491033ec5b8ab8373b1229d21
2023-03-25 05:24:35,False,0.4039,0.0002301,266.75,0.0613,0x90...d05b,https://etherscan.io/tx/0xca0a83c853202d4c23f6994ec1731cc23f4f320954f92422c169a8ac630adede
2023-03-25 05:22:47,False,0.404,0.0002302,266.75,0.0614,0x9f...4f6f,https://etherscan.io/tx/0xb69a04363ff06cb29f3ed9cca77277d512cbf0ae3b505ecf572e9a59b7393d1d
2023-03-25 05:17:35,True,0.4059,0.0002313,2161.65,0.5,0xc1...6fde,https://etherscan.io/tx/0x963391d75dc87d82367c7525af22693f66b6222eb861bef3742e2fc23bb1259e
2023-03-25 05:17:23,True,0.4055,0.0002309,33.0194,0.0076,0x03...f3a1,https://etherscan.io/tx/0x48996faff963a9ae9400df3450b398859980356626cad4d17ddfb170ad66b6e2
2023-03-25 05:12:11,False,0.4054,0.0002309,8701.89,2.00926,0x12...4196,https://etherscan.io/tx/0xe13a2698aa85f3fe4aa8924cff6275fc87e745b6be1895943afcc9dd1ac299f7
2023-03-25 05:11:59,True,0.4092,0.000233,3519.53,0.8203,0xf9...5573,https://etherscan.io/tx/0x6cc4ef75c2d7f1acd9eb578320f873230af90e350efbb625b65a5880b561f15d
2023-03-25 05:08:47,False,0.4063,0.0002314,1802.44,0.4171,0xb2...2eba,https://etherscan.io/tx/0x433773d6f05dd5685f323421f6ab6b279bfa58a68eacf570d9d662eeba7ba68c
2023-03-25 05:06:59,False,0.4068,0.0002317,315.352,0.073,0x08...a577,https://etherscan.io/tx/0xca6a7774bd0239cbec35a967c2d746e1f58ab43ea83867faf94df1a4fe329d67
2023-03-25 05:03:11,True,0.4094,0.0002331,307.301,0.0716,0x61...ca95,https://etherscan.io/tx/0x3ec3ef192759986d8210f7a1d2fec6beabf22269afb8b3b37a0dfa49308dd978
2023-03-25 05:02:47,False,0.408,0.0002323,4462.0,1.03686,0xa4...7b21,https://etherscan.io/tx/0x4b14a8e06c158524b736f1aec1e470e18ec66e975e205f81cf6e65c0135d0598
2023-03-25 05:02:23,True,0.409,0.0002329,9873.79,2.3,0xbe...2e79,https://etherscan.io/tx/0x937ddc093738eeeb6ee15c3071810b2134e0042f631dd9ca3e1a10dca60c481f
2023-03-25 05:02:11,True,0.4064,0.0002314,19.503,0.0045,0xd4...ca5e,https://etherscan.io/tx/0x8fda645f280d93cbf77f7c0c9382dff94858bb4d760b1f4f5e81bb3a2a3f153e
2023-03-25 04:56:35,False,0.405,0.0002307,4365.0,1.00701,0xe0...9759,https://etherscan.io/tx/0xe69ea16d025f24504f1bf19a8e65eb612a7a7f8b3db334cabfa254217cf9b123
2023-03-25 04:54:11,True,0.4086,0.0002327,5.09581,0.0011,0xa3...fd2a,https://etherscan.io/tx/0xd233f0d3b679940a2b48bb909153c4c72738221d2ee9e5f7f28f7fd52709d942
2023-03-25 04:50:47,False,0.407,0.0002319,3618.71,0.8392,0xe5...22f8,https://etherscan.io/tx/0xd12fd83920a7c19cfaa1dcf71482b3c8455f64a681e5cca5d02af7a9710081de
2023-03-25 04:49:59,True,0.4104,0.0002338,243.773,0.057,0xd6...1c23,https://etherscan.io/tx/0xd0ec837ea9c51c89a2a10aba5dca193b827dc5877e3ec3d524ce1ff9c8449107
2023-03-25 04:49:35,True,0.4103,0.0002337,4.19027,9.796e-05,0x20...09c1,https://etherscan.io/tx/0x3e77df5d9b0b5bbfa82d67925df77180265dff84f70054827a4cac4e76bdcd5d
2023-03-25 04:47:23,True,0.4102,0.0002336,770.329,0.18,0x34...6251,https://etherscan.io/tx/0x13771b39f6ea3f5a1b18ee2eee1db5f32fa8bf18fb0f4dbf5b6f1535928e243a
2023-03-25 04:44:47,False,0.408,0.0002323,970.0,0.2253,0xee...8d0a,https://etherscan.io/tx/0x5be235170bd4b6d4f55be58273ee717be58a447d139f92be9edc95d5bc6346da
2023-03-25 04:43:35,False,0.4114,0.0002342,11846.9,2.77541,0xec...4ae3,https://etherscan.io/tx/0x55a5574c21ea04b5f5cc3370574603944e51e73cfa6fd94d6bb0547c33694fe9
2023-03-25 04:42:47,False,0.415,0.0002363,1455.0,0.3438,0xe5...e858,https://etherscan.io/tx/0x6d0b21f0365891cafb78ff2709db89a3d6ba7df9b96f152198551267ca4adf4f
2023-03-25 04:42:35,True,0.4177,0.0002379,502.876,0.1196,0x27...ca10,https://etherscan.io/tx/0x641f680e15a7e9dadb077284add480c4d5655b0d1b007356bbf63088564c8255
2023-03-25 04:40:23,False,0.4156,0.0002366,1649.0,0.3902,0xad...4ef4,https://etherscan.io/tx/0xcf446a93303122972629b36d92671849f8621aa826a5e2535879b3979f81d163
2023-03-25 04:40:11,True,0.4173,0.0002376,4629.25,1.1,0x29...fac3,https://etherscan.io/tx/0xcf3d169df54c694d2e0a606caa44fa8178c6b174dd3fda28902598f9d61c4a46
2023-03-25 04:38:59,True,0.416,0.0002368,188.904,0.0447,0xf6...6da7,https://etherscan.io/tx/0xa86d0d813e29906d084e7d12b3f9c50d77b6e1ad2c23a6ca0bf3f2f44d505d63
2023-03-25 04:37:11,True,0.4155,0.0002365,1507.49,0.3566,0x77...6a8c,https://etherscan.io/tx/0x246834d5b4bab0829155218de5af66cb9d62055c5317240e3eda7be864f50965
2023-03-25 04:36:11,False,0.4132,0.0002351,1519.78,0.3574,0x0d...08e4,https://etherscan.io/tx/0xddb5e0b1342f806cc6f568d9ecdd8e093baf6971c4b35f5d0ff972aaebdd8207
2023-03-25 04:35:23,True,0.4028,0.0002291,50241.9,11.5144,0x77...6a8c,https://etherscan.io/tx/0x811ee1028e05b3d602592f9819ff98445a48f300fc03a9707a3d461badd2b647
2023-03-25 04:34:47,True,0.3888,0.0002212,4142.97,0.9164,0xb0...7317,https://etherscan.io/tx/0xa0037b321718599d409ccd7bb034173e39876599defbd51b9232f474f7d578b2
2023-03-25 04:34:23,True,0.3877,0.0002206,4.41996,9.751e-05,0x7b...3da8,https://etherscan.io/tx/0x49f705415f62b0adca2388f8aa7395718915bf57687a6eeee5a58613ccc27689
2023-03-25 04:32:35,True,0.3874,0.0002204,1224.8,0.27,0x70...9284,https://etherscan.io/tx/0x2f01d9d49d50d2a02c05bff2d229987475b145083b7fa73136640386b7aa7696
2023-03-25 04:29:47,True,0.387,0.0002202,385.813,0.0849,0x27...ca10,https://etherscan.io/tx/0x1de5d9e2e22931eed6ed9e600f22e3ade1fc594748b70ff804d81e0ec54535b9
2023-03-25 04:29:47,False,0.3849,0.000219,1358.0,0.2974,0xad...4ef4,https://etherscan.io/tx/0x85ca4a11d9a7582629a8041758c0da8698aaef875eed71d7b4cb18f60e1f2714
2023-03-25 04:24:47,True,0.3875,0.0002205,36.7303,0.0081,0x7b...3da8,https://etherscan.io/tx/0xf060b892b1f53ea0d0a29f9a3f1fa70dfb793860405010aa6363319885437b5d
2023-03-25 04:20:59,True,0.387,0.0002202,2200.0,0.4844,0xd5...8f96,https://etherscan.io/tx/0xe091c548f2d41bf98cf501cafc2ae14876e5032663ea7cbffb23f186b5082a7c
2023-03-25 04:17:11,False,0.3871,0.0002202,11843.8,2.60876,0xec...4ae3,https://etherscan.io/tx/0xd794545a884d97d445519ba49070fbbec0cf92414646b98d1f1e553aa857719d
2023-03-25 04:14:11,True,0.392,0.000223,1299.94,0.29,0xbd...e335,https://etherscan.io/tx/0x81b02691cba32c43a73017ca31b0f9538b21ecb971cf1b86b8840319118c4539
2023-03-25 04:12:11,True,0.3911,0.0002226,1485.87,0.3308,0x5c...2554,https://etherscan.io/tx/0x5de660dd6bad66b64ec66f234f93c144c6f059cac9fd9b85c16e56c4cb5355a4
2023-03-25 04:08:47,True,0.3907,0.0002223,1124.54,0.25,0x61...a4d1,https://etherscan.io/tx/0xa6cb8bca24b48d7c81ab74c6eb00935faeb97b2fa1bfe92e8803626f04315c94
2023-03-25 04:06:23,True,0.3907,0.0002221,6.25821,0.0013,0xa4...119d,https://etherscan.io/tx/0xb1eebdffe9a2f8cb75ed98216cdb529c7782247b4d957e5cc7b7bcdcd4ca2b05
2023-03-25 04:02:11,True,0.3907,0.0002221,32.3092,0.0071,0x0f...f3c0,https://etherscan.io/tx/0xa5b01c0b537ad146e1c129805e5e438cd495407873b9ed3649b8110c3a239730
2023-03-25 03:59:59,False,0.3886,0.0002209,1082.12,0.2391,0x87...d16e,https://etherscan.io/tx/0x8f124d14058a8287f8502f29c9b34f85c874b0d41af0448b68869560a2387ccf
2023-03-25 03:58:23,True,0.3911,0.0002223,547.439,0.1217,0x2f...97fa,https://etherscan.io/tx/0x11e1394c7240c6768406487793f5198f74978b539e35966342454a10f98617a1
2023-03-25 03:57:59,False,0.3891,0.0002212,2104.41,0.4656,0xb1...f036,https://etherscan.io/tx/0x2262eae0356d12da6662f43bdf71395a9964541c447ec4113fb9014ea1661248
2023-03-25 03:55:47,True,0.392,0.0002228,5.63586,0.0012,0x25...ab52,https://etherscan.io/tx/0x76755fede01df34b20ad81a5773cb4ccf9918edefe3ac7b0f7346c432415f5df
2023-03-25 03:54:35,False,0.3902,0.0002218,2185.41,0.4848,0xad...4ef4,https://etherscan.io/tx/0x3ec84d23e6ed298eacd26004bfab64571ae42557c138b192d73a50ab22a809f0
2023-03-25 03:53:59,False,0.3917,0.0002227,3835.48,0.8542,0x49...f683,https://etherscan.io/tx/0x872a156491a0ee220147fec3135a5301cad24806de083baf1c71aa8a913c611b
2023-03-25 03:52:11,False,0.3937,0.0002238,4113.24,0.9208,0xad...662f,https://etherscan.io/tx/0x98d91a3d113d43e135b72d77725173d27b84d6765b9f4daf07fcfc6341ab5ae0
2023-03-25 03:51:35,True,0.3826,0.0002175,58497.3,12.7267,0x76...66b3,https://etherscan.io/tx/0xe182edb950f38dc8bfd4b9faeb5f84226a94e7a2ded9eb8a8ac38d542412e893
2023-03-25 03:49:35,True,0.3686,0.0002096,63.2957,0.0132,0x00...f243,https://etherscan.io/tx/0x422fc9d04e7a8a5e93a660f4f8350d44f7f76859a41c8e12d645a5900fb04bfa
2023-03-25 03:49:11,True,0.3686,0.0002096,4.66316,9.774e-05,0x22...c146,https://etherscan.io/tx/0xee43df430964749ff1281e2baee27159793d341f0a25cab4e62186a95fcd19e8
2023-03-25 03:46:23,False,0.3673,0.0002088,3641.48,0.7604,0x80...9c97,https://etherscan.io/tx/0xd9b2c3775acfb399dc47277105307d54439006fcd02b4173b6c286f35eaff67f
2023-03-25 03:44:47,False,0.3697,0.0002102,7113.06,1.4954,0x63...80f0,https://etherscan.io/tx/0xc10f028669bc17452a5fb77f24be37147e4b9e211f383f6e1e7c5f0e9033a886
2023-03-25 03:42:35,False,0.3715,0.0002111,49.47,0.0104,0x92...4cff,https://etherscan.io/tx/0xd6776019a80655d31117e12d5450e8de745dabf74d57ada2595e3946ba8c4917
2023-03-25 03:42:23,True,0.3737,0.0002124,6.44414,0.0013,0x7b...3da8,https://etherscan.io/tx/0xe49aa5d57a8c904471c1a01e832a779d8c52e0433572390e402563b0d3d19be5
2023-03-25 03:38:35,True,0.3739,0.0002124,10.8482,0.0023,0x93...0000,https://etherscan.io/tx/0x99270a099746ea0c2a923a4c4a303b301b0826e3f7a958e077b6f6063138ba1e
2023-03-25 03:35:59,True,0.374,0.0002124,21.0178,0.0044,0x12...b177,https://etherscan.io/tx/0xd5b18bd8c7da741e630f24f1bea689c8dbace96c4a77b934cf12db6b12fbc659
2023-03-25 03:33:59,False,0.3717,0.0002112,245.628,0.0518,0xe3...2dda,https://etherscan.io/tx/0x44f298ede46dfb8d0bb51f0119750a24c082d98a28509314783cc599f5e69531
2023-03-25 03:32:23,True,0.3732,0.000212,3537.1,0.75,0x61...a4d1,https://etherscan.io/tx/0x78a85823b9fd75b6dde3ac9caa14e1553ce2f9c8bc9b4692b31e167742c0cdd8
2023-03-25 03:23:35,True,0.3717,0.0002115,45.8287,0.0097,0x4a...4798,https://etherscan.io/tx/0x5cea9ff72e657ec528614243c97fbbce965cfe195abc84d40a3f8be55b1708e0
2023-03-25 03:18:11,False,0.37,0.0002107,3458.88,0.7289,0x5b...ba4e,https://etherscan.io/tx/0x795908970279a3f93bacae74656de7ff40308caad5e620153e128cc89e6dafaf
2023-03-25 03:18:11,False,0.3732,0.0002125,10035.1,2.13288,0x5b...ba4e,https://etherscan.io/tx/0x795908970279a3f93bacae74656de7ff40308caad5e620153e128cc89e6dafaf
2023-03-25 03:14:35,False,0.3765,0.0002145,4850.0,1.04053,0x21...a034,https://etherscan.io/tx/0xf3fc4b6a797a2c4d39c30cbb5e1a899eeb55f81219ca8014007abf076ef4deda
2023-03-25 03:14:23,False,0.3781,0.0002154,1940.0,0.418,0x6f...9a66,https://etherscan.io/tx/0xa6a04e0e38fccf72518e1612c1728c6b67a988e6a62fb3335a454be6d98bc933
2023-03-25 03:11:47,True,0.3802,0.0002168,1522.01,0.33,0xb7...04e6,https://etherscan.io/tx/0x75766c42fc2c14c579a5975443b8105f88bc84f99a480337fe2996740b7df554
2023-03-25 03:04:35,False,0.3775,0.0002153,132.422,0.0285,0x87...90bc,https://etherscan.io/tx/0xf3f1c38b947fd3167e3ca1ee80568e69af8b8290c61e2085c3b7789f203cdb44
2023-03-25 03:03:23,True,0.3798,0.0002166,19.778,0.0042,0x1e...6f62,https://etherscan.io/tx/0xa3b5467e0306d1945178999ac98e114bc89721e084cfb0bcf2dff09b248bc9db
2023-03-25 03:02:23,False,0.3779,0.0002155,1455.0,0.3136,0x86...3c0e,https://etherscan.io/tx/0x8af2a2ec1134e2b40f253e80547789765e3aa52068332a3166241723bc8b35ad
2023-03-25 02:58:23,False,0.3783,0.0002158,970.0,0.2094,0x86...3c0e,https://etherscan.io/tx/0x5e98292478896e7a16e2e30c02e6ac300bc86c92fb051ed644167ac3fa717e33
2023-03-25 02:57:35,True,0.3772,0.0002152,14941.1,3.2162,0x49...5da7,https://etherscan.io/tx/0x9bf01b47ec1809ea602247c87bd45c1c668700cca610628ed9582685d8daf443
2023-03-25 02:57:23,False,0.3718,0.0002121,1567.52,0.3325,0x0b...9e52,https://etherscan.io/tx/0xb35d6067e80ebf8913c97d00ce49ab53b970ee8bb3023ea0c13b69eba5598a02
2023-03-25 02:57:11,True,0.3737,0.0002132,2719.3,0.58,0xad...4ef4,https://etherscan.io/tx/0xc71501974633507a9b940bdc2a8eb2a65eaa53c5c8e2ad198936c2dd26b52f76
2023-03-25 02:56:59,True,0.373,0.0002129,136.209,0.029,0x22...2853,https://etherscan.io/tx/0x4899667341003542d53d7f733bcaaf21595297f837e28d9c1f4f3339382b6617
2023-03-25 02:55:47,True,0.3708,0.0002116,9450.52,2.0,0x68...654c,https://etherscan.io/tx/0x7edac8257c8bf525413dc6691daa2ce2c4f95b8eb826245d47c65ae4492247a7
2023-03-25 02:53:47,True,0.3662,0.000209,10165.2,2.125,0xa2...838d,https://etherscan.io/tx/0xd27d23d26142d61cf3614c4e2de77dd470ccf86f0212c1b9726503ca131d47c7
2023-03-25 02:53:35,True,0.3639,0.0002077,17.1729,0.0035,0x25...10b7,https://etherscan.io/tx/0xa27a0058a8aec92252e7842e7d6942af615166e6dac8e1740eb6ecc51d30426a
2023-03-25 02:53:23,True,0.3636,0.0002075,1369.14,0.2841,0xf4...b3d8,https://etherscan.io/tx/0xfda97d19eb18a8b47e81a88300f21654174d75460cd2879753d09b138fc91b31
2023-03-25 02:51:23,True,0.3633,0.0002073,230.0,0.0476,0x6a...576d,https://etherscan.io/tx/0xbd2fbcc67215bb3a77e11e07acc3f9da8049a55d4eaf4208d65f2425f0f802e9
2023-03-25 02:50:11,True,0.3624,0.0002068,3359.45,0.695,0xa2...838d,https://etherscan.io/tx/0xc00e11134d5c1956c2c1a223c926bb2b70e3c9403dde5f66d0e1e2246cb9c6de
2023-03-25 02:43:59,True,0.3595,0.0002053,8512.96,1.74825,0xf3...891d,https://etherscan.io/tx/0x7d7f5d40fcdc82559a8db3807e7926961fed0211c943d10556189eac5fcffb68
2023-03-25 02:42:11,True,0.3571,0.000204,2021.74,0.4125,0xa2...838d,https://etherscan.io/tx/0xf6d83a37dcec38142f4fd8afeb87d11617aeeaf307b6410b1edcea768c269bfd
2023-03-25 02:41:23,True,0.3565,0.0002037,360.0,0.0733,0x28...af0e,https://etherscan.io/tx/0x8c460ff46dd4dbfe846f58072c2cf03c6e4b25a7e39a198ea00fc9935169acd8
2023-03-25 02:41:23,True,0.3554,0.0002031,4606.14,0.9355,0xf3...891d,https://etherscan.io/tx/0xa1b617a7d5693d1de6237e85f7f3d7596fc720c7ad905a5f81642a6249d8abb0
2023-03-25 02:40:11,False,0.3533,0.0002015,1746.0,0.3518,0x55...fc79,https://etherscan.io/tx/0xa9a44be942cf116ce77c9f21c6e53b0858d9a67d365d2becc8691cdc0ed50702
2023-03-25 02:37:23,True,0.3552,0.0002025,3085.09,0.625,0xa2...838d,https://etherscan.io/tx/0x0f8b266508390354abb02213ca87ae4e4c353e5063a78f146c7387dffa9084a4
2023-03-25 02:37:11,True,0.3545,0.0002022,5.52092,0.0011,0x56...90af,https://etherscan.io/tx/0x5f14d50757590ac5d8e34c59dc296eb876e9a1ef1bfc1c8db939869522c348bd
2023-03-25 02:33:35,True,0.3545,0.0002021,70.2295,0.0142,0xbd...b401,https://etherscan.io/tx/0xb997f23bb95ab86a0d921a7857ee3bbc6517f118fae526ab54e245012febf25b
2023-03-25 02:31:47,True,0.3544,0.0002021,93.4221,0.0188,0xf6...ec13,https://etherscan.io/tx/0xd0493e1f7bf84f1a96336de1e2782836fcd7d90ede83e69c7545b5946ac2388d
2023-03-25 02:31:35,False,0.3528,0.0002012,2644.22,0.5322,0x86...3c0e,https://etherscan.io/tx/0x1c1b54497c4f4675618f592fe7f1cfb0de0fcff4ce3bc804e75ca064dc3c09b2
2023-03-25 02:28:59,True,0.3554,0.0002027,200.0,0.0405,0x5f...b464,https://etherscan.io/tx/0xce25dc133eea6be7819aaea4ade09357a8921ddbef1cad32cd6d9e3493231bb8
2023-03-25 02:09:59,True,0.356,0.0002027,22.0072,0.0044,0x2f...9fa6,https://etherscan.io/tx/0xecdb29c1f380473ec7365ddc1f38721c45e1bb1b33ae13fea22c5017e36bc370
2023-03-25 02:08:59,True,0.3555,0.0002024,2370.76,0.48,0x14...0c69,https://etherscan.io/tx/0x4cb8600ed530d9de9cb9b1225b993fe26a59a0c8c7f3154b6641abbf7d4a1d9d
2023-03-25 01:57:47,True,0.3548,0.000202,1000.0,0.202,0x04...c4f8,https://etherscan.io/tx/0x0116620ce6a1e813330ed48effa5a99c05e2c73a20e419a0906de539853c1651
2023-03-25 01:55:47,True,0.3544,0.0002019,70.9975,0.0143,0x4c...2008,https://etherscan.io/tx/0xd8a647d23c334bbed0b33999fd43536cf986e8af71527419bc7aa06274526baa
2023-03-25 01:53:35,True,0.3535,0.0002013,4220.75,0.85,0xa2...838d,https://etherscan.io/tx/0xc8bd54d7fce789ec6dbef85ac27193bdc996dd4edeb6a76d236f4054ea9b0f81
2023-03-25 01:51:59,True,0.3524,0.0002006,1402.75,0.2815,0x4d...6917,https://etherscan.io/tx/0xe75565e21aee62cc55c6f0dd9553b79b51895305a69d88d19a08449ce81af8e9
2023-03-25 01:48:23,True,0.3519,0.0002004,1000.0,0.2004,0xc4...76a1,https://etherscan.io/tx/0x4dc60e38841c5ebfe4dd0ee0587fe061a1843d01e2dc675827a154fd702ea096
2023-03-25 01:42:47,True,0.3517,0.0002002,11.4977,0.0023,0xc8...ef2f,https://etherscan.io/tx/0x5000a23886b69fa4d0554cbfb026df26ca31d0c2e7882047f01e142986d39d89
2023-03-25 01:42:11,True,0.3517,0.0002002,4.83553,9.684e-05,0x31...0ec0,https://etherscan.io/tx/0xc0b6647750723abc6a531f25f11b7fee08c0aa08ca5dba5d235ce4bfbfbcd988
2023-03-25 01:37:23,True,0.3513,0.0002,2011.03,0.4022,0x87...857f,https://etherscan.io/tx/0xc0ab154790ae31c05e71aef0c748fee5a886f5a3224eff5e8d79388d29627b89
2023-03-25 01:36:59,False,0.349,0.0001987,1264.15,0.2512,0xed...5a6c,https://etherscan.io/tx/0x420ffe2197ac733bf8b3c42f69d1fa07cef2945b42af3d4b35e979a91b75488c
2023-03-25 01:36:47,True,0.3514,0.0002,9.98689,0.002,0xed...5a6c,https://etherscan.io/tx/0xdf5024885e13dc18f6610bdae2d9c043f348a4d40796c4ca5c7b2c43dc6e26e6
2023-03-25 01:34:23,True,0.3514,0.0002,1.99269,3.987e-05,0x55...5e28,https://etherscan.io/tx/0xfaf04b16b5f0f78fd530183cb4accc5b7a52626cac061754074b983ccc2ffc24
2023-03-25 01:29:47,True,0.3506,0.0002,0.0013,2.775e-08,0x2a...66f7,https://etherscan.io/tx/0xa5e807e23b43049bd6a230aabcbe934acced268a028f3c79f8a2160aa98d9906
2023-03-25 01:23:11,True,0.3503,0.0002,29.3423,0.0058,0x65...fbad,https://etherscan.io/tx/0xdb1765627b5c7648193f0bf943da67358c4622d34aac2e1908458ceb2d1b8bbb
2023-03-25 01:20:47,False,0.3483,0.0001989,679.0,0.1351,0x55...ce90,https://etherscan.io/tx/0xe3882bb2eb9c2df1324e9b349e3acf330f144c9daaa590c67a945bf43d59ae77
2023-03-25 01:16:35,True,0.3502,0.0001999,2555.85,0.511,0xa6...b723,https://etherscan.io/tx/0x5a09bc613cfb910f14d7d0227b6c201440756b2b486195a6b25d8087217f90e3
2023-03-25 01:15:23,True,0.3493,0.0001996,90.9559,0.0181,0xa1...565b,https://etherscan.io/tx/0xc1fc52233b1349e68a2d58060834de1170646b8c35afc34553479d9d9a61c7ee
2023-03-25 01:11:47,True,0.349,0.0001996,2.50155,4.993e-05,0xd5...50e6,https://etherscan.io/tx/0xc69f1b753c0735c9b7351cbcd0bbb30b86140145a75878228ae6a7961a1781db
2023-03-25 01:10:59,True,0.3485,0.0001992,2885.84,0.575,0xe4...e4d6,https://etherscan.io/tx/0x742bda65a8280129e8ee9db2977e28cd5b33e480cca6536306ab0a6f5f438778
2023-03-25 01:09:11,False,0.3461,0.0001978,970.0,0.1918,0x15...eb3c,https://etherscan.io/tx/0xf27dcdb7cfefd315a603370d082c37d24bec4abe93852c89b3e9c512fb5e938a
2023-03-25 01:05:59,True,0.348,0.0001989,1507.91,0.3,0x9c...aacf,https://etherscan.io/tx/0x82f7aaaf5f4ebfe0d0b5769f6a229885a2beb85d74e095020ce81714ed5e0a9a
2023-03-25 01:05:11,True,0.3477,0.0001987,147.521,0.0293,0x04...67e1,https://etherscan.io/tx/0xdf0da45df14af0cc1fe0751fcb621f61c57c7359e7253d7693017f60300aba5c
2023-03-25 01:04:59,True,0.3476,0.0001987,33.8824,0.0067,0x65...fbad,https://etherscan.io/tx/0x6ad271e2ec9a76c1fcafd5256712fbcbf788b8e91bc56692ac39e8d8c942f1c3
2023-03-25 01:02:47,True,0.3477,0.0001987,0.5282,1.049e-05,0xa1...565b,https://etherscan.io/tx/0x3de15414215faa0ab0af599b6f26234718c0fffe840d15af9ab403151e8af52f
2023-03-25 01:01:59,True,0.3473,0.0001986,962.858,0.1912,0x2e...30a0,https://etherscan.io/tx/0xa57645a77b17510125a5403d42383bba2ecf1ee18979b71f46e0affb1a1ba77a
2023-03-25 01:00:35,True,0.347,0.0001984,277.136,0.055,0xe6...10ed,https://etherscan.io/tx/0x4ca5a58f8e83932761d8223a43c5bec51693b470a091d472479ebaae8bb42f26
2023-03-25 00:59:47,True,0.347,0.0001984,47.0483,0.0093,0x65...fbad,https://etherscan.io/tx/0x11db10dc402924ae2c341317269d8fcb5e9123eee9df0998e9eebc3753c882f8
2023-03-25 00:58:59,True,0.3453,0.0001974,8100.0,1.59927,0x03...a4d2,https://etherscan.io/tx/0x378079dc262601c8a4f5002656fad96e72d7e0dc661dbb01469ce35b2832dc54
2023-03-25 00:58:23,True,0.3434,0.0001963,945.817,0.1857,0x5e...4f23,https://etherscan.io/tx/0x766841bc88b0723b264c6457b4361ab4f8a23327de01c09dc6ae98ecdace4de2
2023-03-25 00:53:59,True,0.3429,0.0001962,50.9568,0.01,0x63...718b,https://etherscan.io/tx/0x1a8c7e8d16d8a27b7099f5192fe24753c83c69815382ea9fa35b59bfd267e031
2023-03-25 00:51:47,False,0.341,0.0001951,970.0,0.1893,0x14...0c69,https://etherscan.io/tx/0x21942130df1f1bd13b171dce1d7e992bb8edbdefb5a9cc11156d4100f29b700f
2023-03-25 00:50:23,True,0.3433,0.0001963,814.784,0.16,0xd9...2450,https://etherscan.io/tx/0x065f43be5e85a9b00bbbcdbfbad87eb097c5b8649603f394345856d36c04388b
2023-03-25 00:47:11,True,0.3421,0.0001956,5500.0,1.07593,0x03...a4d2,https://etherscan.io/tx/0xe98dc6bf2022592b3e5d8379a04e73f74b0af3c916549c9b685d733437c7a3ee
2023-03-25 00:46:11,True,0.3409,0.0001949,14.1803,0.0027,0xde...0388,https://etherscan.io/tx/0x54abec7f38659c572e718020578694b4093a7a219e4f7e8e098d02596aba2578
2023-03-25 00:44:35,True,0.341,0.0001949,30.5765,0.0059,0x9e...cd47,https://etherscan.io/tx/0xd503b8cfd175f28978186ad57726821d7cd19c3e79c12c4a4916db228e6334e0
2023-03-25 00:35:47,True,0.3412,0.0001949,5.60366,0.001,0x14...0c69,https://etherscan.io/tx/0x1ad1f35c62d5d2751e65e5b725b792f5679712725a870c4e05636a60c39dfb32
2023-03-25 00:34:23,True,0.3412,0.0001949,3.24229,6.321e-05,0x06...3773,https://etherscan.io/tx/0xbba53bf1a92a7d788469514b34ae50d09e922f0b72e2f53a8c6aea9eb410dc28
2023-03-25 00:32:35,True,0.3403,0.0001945,3598.21,0.7,0xe0...d76d,https://etherscan.io/tx/0x70f30a8a07bd708e328650c8d9854e3c7164a573a9ba0afe64365f438611d2e8
2023-03-25 00:29:11,True,0.3393,0.0001939,1753.33,0.34,0xef...aeec,https://etherscan.io/tx/0x605e45babf3cceffaafdede3fcbe55069a34758683ac4bfd458587758d0c3881
2023-03-25 00:29:11,True,0.339,0.0001937,6.04515,0.0011,0x04...ce58,https://etherscan.io/tx/0x58efce8f549550fe4379070471c63cfd7ed6c80ce5e695de07e3de31a3e68e62
2023-03-25 00:25:11,True,0.3394,0.0001937,92.3236,0.0178,0x0c...2f06,https://etherscan.io/tx/0xb90d3a19cc168b1d756dcda1bd69a01b950371d9f91009cbf32d34aa0d511932
2023-03-25 00:22:47,False,0.3386,0.0001934,7485.63,1.4477,0x5b...5091,https://etherscan.io/tx/0xa0425c3f0cdebb80c0493fec2c36b2b05a445ee800c09e0d9e0d1c09f0b060b4
2023-03-25 00:20:35,True,0.3412,0.0001954,6.2387,0.0012,0x7c...b172,https://etherscan.io/tx/0xc1743f9892f8cdbcd6717d974b21847bf949487a728f11bb0f0ac2beffdb3453
2023-03-25 00:20:23,True,0.3412,0.0001954,9.38858,0.0018,0x88...b5bd,https://etherscan.io/tx/0x7095e6af14b102830821db31847f1980c4a32009f01bef5d12a055aee8eabfbb
2023-03-25 00:19:35,False,0.3402,0.0001948,4850.0,0.9449,0xb9...8fed,https://etherscan.io/tx/0x4605b6df7da7ccdcbde763f4eb8291f15199540704164ea35c0cc16e847f119e
2023-03-25 00:19:11,True,0.3432,0.0001965,24.2136,0.0047,0xfe...9778,https://etherscan.io/tx/0xaf4b02b3406a788298b52d4351fc4c0b1a8ca3f68afb08b9933995b6bc327a7b
2023-03-25 00:18:59,False,0.3418,0.0001957,2841.34,0.5561,0x34...b07e,https://etherscan.io/tx/0xc5d2629b8d4398062fd319630b164a07970c6115d9be6185df66e789b4d5113d
2023-03-25 00:16:59,True,0.3443,0.0001972,3.64347,7.186e-05,0x7c...b172,https://etherscan.io/tx/0x153242e44d791fcab312e0625e8e2d745c8ed5e56cdfee545d1039fa2c220316
2023-03-25 00:13:59,False,0.3428,0.0001964,2910.0,0.5715,0xa5...75dc,https://etherscan.io/tx/0x57116545a32390c94d91da59bd31819804d5c3d35588377810d36302889a530d
2023-03-25 00:10:59,False,0.3434,0.0001969,1503.5,0.296,0xc6...9570,https://etherscan.io/tx/0x4654a90489bbcbfa20a52682703b88827701e94a98fea7c7203f5fc8e074b6af
2023-03-25 00:10:11,True,0.3458,0.0001983,54.1308,0.0107,0x4c...2008,https://etherscan.io/tx/0xe95d0c402a0d7f635c445e8dd6bcb993098b2f8467ece9adcdf3d9fa5d7239f2
2023-03-25 00:06:59,True,0.3459,0.0001982,387.246,0.0767,0x18...41ff,https://etherscan.io/tx/0xde170a5959063f12df5c34545aaaa416266ac3cd1184847b266e35deb561cf44
2023-03-25 00:05:59,True,0.3457,0.0001981,48.3384,0.0095,0x24...e0a3,https://etherscan.io/tx/0x84548b9f475bfab04b9e9122f7a4da6937b80db907528f58c6a48a070f69cbd8
2023-03-25 00:03:47,True,0.3456,0.0001981,248.0,0.0491,0x63...0c83,https://etherscan.io/tx/0x8ce204096dbd7214dcb202c7f069e723bc5c8e6af6d93b7a86d4fd4f964c9e69
2023-03-25 00:03:35,True,0.3455,0.0001981,43.0261,0.0085,0x92...4cff,https://etherscan.io/tx/0x78dc845da5ab81d4077d0ca2be94443fa5ffd26279f4c1c3407e112bf9c51604
2023-03-25 00:02:35,False,0.3435,0.0001969,485.0,0.0955,0x15...eb3c,https://etherscan.io/tx/0x6fae977c222bb5c3fd557354e0697cfc8c8d8c28f174ae0f85f27a0e43e3aefe
2023-03-24 23:53:11,False,0.3435,0.000197,291.0,0.0573,0x0e...4908,https://etherscan.io/tx/0x0875b956a51384a84fac5a36fd624940778ea21e4bf46549e889d55140845b92
2023-03-24 23:47:35,True,0.3461,0.0001983,16.586,0.0032,0x9e...2baf,https://etherscan.io/tx/0x931cab18b187f038c24404e274cb71b425cc9c46d49eb20e75fd8268fe41286f
2023-03-24 23:45:47,False,0.3442,0.0001974,2813.0,0.5554,0x97...248d,https://etherscan.io/tx/0x609565d9bee65268a9fb7d160b19450745746bec083126b5f161d1b86eb40869
2023-03-24 23:44:59,True,0.3468,0.0001989,52.0,0.0103,0x53...5693,https://etherscan.io/tx/0x09805e564c23c93604a2bab43f22c03733355272a502bdb638b0b1ce35cd55fe
2023-03-24 23:44:23,True,0.3474,0.0001989,201.068,0.04,0x26...6242,https://etherscan.io/tx/0x634c339be942fde675c586aab908647e19d01f37a8dc02807145896e2fd37863
2023-03-24 23:43:35,True,0.3467,0.0001985,2870.58,0.57,0xb0...aaee,https://etherscan.io/tx/0x7b33784e61ad13a5e4011b007985d1249431b1bf419eab63e663dd1d7b56a8b0
2023-03-24 23:42:59,True,0.3461,0.0001982,100.904,0.02,0x29...6deb,https://etherscan.io/tx/0x189a7001a40799f95e78641ba9199533193e1b13640cf033d9de83f8c24580a4
2023-03-24 23:42:35,False,0.344,0.000197,97.0,0.0191,0x15...eb3c,https://etherscan.io/tx/0xc5d5d99d838fa65b93e088b7b2b1754bbd2dd9cf27ab1fccc1d647adcd1ea120
2023-03-24 23:41:47,True,0.3462,0.0001982,7.41654,0.0014,0x4f...d164,https://etherscan.io/tx/0xee890cf4235d2aa09bcd7202c59c4044a55cc5c0e3007b1dd9108ae1d9632653
2023-03-24 23:41:35,False,0.3442,0.000197,324.183,0.0638,0xd8...4890,https://etherscan.io/tx/0x3889de79dfca5e8ab7d67a4a3c8114a4d1eb0906240d92ec5807f058272cc26c
2023-03-24 23:37:59,False,0.3463,0.0001982,9314.48,1.84639,0x0d...99a9,https://etherscan.io/tx/0x82d2b28cd7723431fb7c5b5d718117ba4d49bc6e9b5182edee768dc601fe2865
2023-03-24 23:36:35,True,0.3498,0.0002002,2277.98,0.4562,0xd2...d8c0,https://etherscan.io/tx/0xe89bca6ebb84c8c89b120a90251323157b23adbcfa6e490f82677790ac1ec7f2
2023-03-24 23:34:35,True,0.3493,0.0001999,283.001,0.0565,0x58...1b23,https://etherscan.io/tx/0xf9822889a8bd9179310ce60b16d723fdf85c3b1bc65d6ea877830efd32f68bc3
2023-03-24 23:31:11,True,0.3493,0.0001999,39.3402,0.0078,0xf2...cbb2,https://etherscan.io/tx/0xac342fac1cefb0ba7c240aa1e1f5c59216433800f9cf5b3f89753663aaf9d16d
2023-03-24 23:18:35,False,0.3473,0.0001989,1455.0,0.2893,0xb7...04e6,https://etherscan.io/tx/0x7367f0bd869892d177ed1732ed9ab47fed9f030ff3420e88d976eeb14f72e444
2023-03-24 23:14:47,True,0.3498,0.0002002,15.6854,0.0031,0xbb...7254,https://etherscan.io/tx/0xcc825f0123484c30ba16782563f66c58e0cc53fc7281f1dff0eb80471f751ff3
2023-03-24 23:14:35,True,0.3498,0.0002002,1.41785,2.839e-05,0xd8...d51f,https://etherscan.io/tx/0x75df7c9ffe74bc77410c6fd21aeed64fa04069aa689696477d00a65a85ff84f6
2023-03-24 23:12:47,True,0.3489,0.0001999,2750.96,0.55,0x86...3c0e,https://etherscan.io/tx/0xaa135a886c93c4dcf211fb7b78dfb7bd06419a676baf90d56388de7c2e073170
2023-03-24 23:10:23,True,0.3481,0.0001996,4.90691,9.793e-05,0xc5...cfff,https://etherscan.io/tx/0xbc1bae54e9d3568fe055913c11eec80f8aa1dbae212550ec2e5faa28800a4915
2023-03-24 23:08:59,True,0.3479,0.0001995,8.78993,0.0017,0x87...e3e4,https://etherscan.io/tx/0x0986f96b357e4a54aad7798b6ff486689ece8da8219010d641e9e262b1ebe692
2023-03-24 23:05:47,True,0.3482,0.0001994,877.758,0.1751,0xd8...0430,https://etherscan.io/tx/0x236afb25b37b6eb890994321c01833baf703b95210cd95e4a2d30b3a2c68db56
2023-03-24 22:59:35,False,0.3463,0.0001984,2425.0,0.4813,0xcf...3224,https://etherscan.io/tx/0xf704f75a645d62e8ae343cbc5379d31fd6c1b35b435aaee186af9a31024fb8db
2023-03-24 22:51:47,True,0.3487,0.0001999,30.0263,0.006,0xd5...50e6,https://etherscan.io/tx/0x5dddb161b8bbe134b667ccd2b6c64772c0ba2e2636c50a699032fa644dc5a2b6
2023-03-24 22:48:11,True,0.3485,0.0001998,750.493,0.15,0x9b...c0f8,https://etherscan.io/tx/0x983351dc29deea818e8aa42d141949108cbd7538f21c84b0e251772ae7fb1ff0
2023-03-24 22:46:59,False,0.3474,0.0001991,4850.0,0.9659,0x57...2046,https://etherscan.io/tx/0x4b18d98a752b22f25376bbc9220782469c127bc6087351a0970e25e1912480ef
2023-03-24 22:46:59,True,0.3499,0.0002006,2856.6,0.573,0x02...36e7,https://etherscan.io/tx/0x2a277cbcc0398fd3f80d1d00658104f639484e0560e5f2c95b4303665edd0464
2023-03-24 22:45:23,True,0.3489,0.0002001,624.426,0.125,0xb7...c863,https://etherscan.io/tx/0xdfafa2951094d9c63b3d3845cf5c1a679e2db847a695bf690d1d6cfbf7c6213f
2023-03-24 22:44:59,False,0.3468,0.0001989,584.92,0.1163,0x21...e511,https://etherscan.io/tx/0x20be8b18997bd09ab82f5ab2bc5a5b0ea414d9b182e1ea108eb7877f470decec
2023-03-24 22:43:11,False,0.3466,0.0001992,1828.27,0.3643,0xd9...b14a,https://etherscan.io/tx/0x66cd7f898bcc8935e9c91455d6f2ee962c1d72c46b139ec01e1cf79723c5ca82
2023-03-24 22:36:47,True,0.3465,0.0002,4997.89,1.0,0x00...7291,https://etherscan.io/tx/0x8c12e9f8fcfda71ea513bd23fdd04822e8e21a57ceb020e3546abdabeacf085c
2023-03-24 22:35:11,True,0.3449,0.0001993,1296.76,0.2584,0x66...8fca,https://etherscan.io/tx/0x0664134a6e3d811cfa9d4dd9d71bcb75b51db5f15bc4f61be5eb7b8059ad0462
2023-03-24 22:34:35,False,0.3429,0.000198,388.0,0.0768,0xd5...f25a,https://etherscan.io/tx/0x96d5a7ebe61690dc186fab4792f26a0fda1d785000737ffdc31aa09e66a5bfe8
2023-03-24 22:33:59,False,0.3435,0.0001982,1552.0,0.3076,0xb7...04e6,https://etherscan.io/tx/0x507c99ca74b559c52eede6cc87acb6a8f8256c284c4378e4427372a22fbf4624
2023-03-24 22:33:23,False,0.3441,0.0001984,437.532,0.0868,0x44...11ea,https://etherscan.io/tx/0xdb52af87a230c75a23e7872220396077838e9351eeb2355f4b244cab3ed5b04f
2023-03-24 22:28:59,True,0.3452,0.0001993,3260.75,0.65,0x21...e50d,https://etherscan.io/tx/0xf0702c22f68672b46c143cdc13e69fab165d88d5ef30e311537c968370ad305a
2023-03-24 22:24:23,True,0.3453,0.0001989,20.0459,0.0039,0x92...4cff,https://etherscan.io/tx/0xc73507e9ef5a079eb15efddddb746be1557adfef373a53ca4b67e0a6959d3471
2023-03-24 22:19:23,False,0.3448,0.0001979,1818.75,0.36,0xd9...b14a,https://etherscan.io/tx/0xec7d0784849cf144b768bff5435dae1d42ef3f5beccdafc0df3295bddc75359d
2023-03-24 22:18:11,False,0.3453,0.0001982,436.742,0.0865,0xf0...c5fd,https://etherscan.io/tx/0x530d6b9bc19dac315c9a678717079bf71d5a507b04d2418bd863120108a46f6f
2023-03-24 22:17:59,True,0.3474,0.0001994,95.4154,0.019,0x94...0695,https://etherscan.io/tx/0xd3ece10a23daf38f85c5a8b31bf948c02c0850abced495b978cbefe4b0a4ddb0
2023-03-24 22:13:11,True,0.3469,0.0001994,122.389,0.0244,0xed...a01d,https://etherscan.io/tx/0x21cdd842c0e6e6b2e21df86d47d450dcbaddb815195ac06599371168d999c5d7
2023-03-24 22:11:47,True,0.3466,0.0001994,5.27045,0.001,0x0d...c9e5,https://etherscan.io/tx/0x9ea52ebe3d16a90d42a1171f69ebe74fdbd352144351a28f5d8f12029a22d1f0
2023-03-24 22:10:59,True,0.3466,0.0001993,750.0,0.1495,0x22...2853,https://etherscan.io/tx/0x9685065a2ee3bbae43d1af2fe1d587e8a0a5533ba9a48ab9df14af2420a4a5d4
2023-03-24 22:09:47,True,0.3466,0.000199,2009.99,0.4,0x9b...c0f8,https://etherscan.io/tx/0x5a82a02504d22d135af045fb956761e97ef69fed89db600947bdd84ceb0ffc07
2023-03-24 22:04:47,False,0.3455,0.0001977,1455.0,0.2877,0xb7...04e6,https://etherscan.io/tx/0xca8db07e665ee71ae72d3111a3530238a24942e5bea61ed503df27e483484ecd
2023-03-24 22:00:47,True,0.3466,0.0001983,6619.08,1.31266,0x91...af0e,https://etherscan.io/tx/0xd7cbd60982c4ae5125a51becf1bdd6f591f0c833aaa9c0429bbe2241bef31fae
2023-03-24 21:59:59,False,0.3544,0.0002026,51193.5,10.3726,0x5a...3bd4,https://etherscan.io/tx/0x60db9dc5e5c8146b495a80c43c9cece4053529b8e7e8deab474a33f52a76a87d
2023-03-24 21:56:35,True,0.3681,0.0002103,10.0872,0.0021,0xf5...6540,https://etherscan.io/tx/0x284bc7923412e56994baef37e15295023688bb5cb67dff2bdd06b39840cebbe6
2023-03-24 21:55:59,False,0.3665,0.0002094,2511.62,0.5259,0x21...256b,https://etherscan.io/tx/0x453018f6ef44e6b328bd03d03f2928ee5bedbcabe5ded3bd961f0874da58c06e
2023-03-24 21:55:23,False,0.3673,0.0002099,1455.0,0.3054,0xad...4ef4,https://etherscan.io/tx/0x9c67023b42681c7ab3999a530e28757dba61c1b84f40b781b53dac15c9b0bd45
2023-03-24 21:48:35,True,0.3685,0.0002113,41.2174,0.0087,0x5c...8fe0,https://etherscan.io/tx/0xf50182e7b82a0a8fdf78acf726631daa59a9ff11a181ec54aa6b241fbf25fdc5
2023-03-24 21:46:35,False,0.3677,0.0002108,5451.4,1.14928,0xf3...9aa6,https://etherscan.io/tx/0xcc4681ec474f907e57006ece788180b9ec79c3ca09f329737bfbc9411dd1944e
2023-03-24 21:46:23,True,0.3708,0.0002127,240.371,0.0511,0x88...5a90,https://etherscan.io/tx/0x147f1fef13c83eb01feae8d2e78701939ca7021627f2ff73c4b513a469a0f47a
2023-03-24 21:46:23,False,0.3695,0.000212,3880.0,0.8225,0x57...2046,https://etherscan.io/tx/0xcede048269c0bfe8b2e8f853ead0120e1bbcb9ac7ac10c29e78419559fccae47
2023-03-24 21:43:35,False,0.3706,0.0002127,2051.44,0.4365,0xc1...f7fa,https://etherscan.io/tx/0xa1f02147e8fd75f6e32a750399c84208e24b8e89d16174ef32e34431c9ce05f1
2023-03-24 21:36:47,False,0.373,0.000213,194.0,0.0413,0xd5...f25a,https://etherscan.io/tx/0x25d204cb246380ab5328af7e914eb36754a0914bb294aef989e4f6302d357008
2023-03-24 21:33:59,False,0.373,0.0002133,1369.97,0.2922,0x86...28a5,https://etherscan.io/tx/0xdfe63b817ce43e3f24bc9815b1e8a4b573a71fa15ba04658eabcbef0972cbaa3
2023-03-24 21:33:59,True,0.3756,0.0002147,5.88646,0.0012,0xbb...62bb,https://etherscan.io/tx/0xeaff6f49024e9321830f5e6864abdf71dd1f800ddf7938178e867d2591adeda7
2023-03-24 21:32:11,True,0.3759,0.0002144,2697.29,0.5783,0x55...e234,https://etherscan.io/tx/0x3f00bf25c0b4cf9969e1bfac839585a49272aef40ae3b2ceefcaa81eee9dc238
2023-03-24 21:28:59,False,0.3741,0.000213,1940.0,0.4132,0x7e...c24e,https://etherscan.io/tx/0xbdb6d66c5e9de068ff30db4d424b1cfbd5a9cd7ec092a002914c5d1be10e14bc
2023-03-24 21:28:59,True,0.3768,0.0002145,0.6079,1.304e-05,0xfe...b046,https://etherscan.io/tx/0x7ed0871eec7912baa2d149354719a227a9594d9601d0efb25e21bd53403cf261
2023-03-24 21:25:11,True,0.3777,0.0002145,400.923,0.086,0x22...2853,https://etherscan.io/tx/0x3d10cc7daf629bc9e627b761055cb9244e3b937c6f26f94285690c89d247195d
2023-03-24 21:22:35,False,0.3756,0.0002133,1067.0,0.2276,0xd5...f25a,https://etherscan.io/tx/0xea72b9820b55152671f66535c9128cf2c0d173111daf3fa8726c39464f2bdb6b
2023-03-24 21:21:47,True,0.3779,0.0002147,1.98365,4.259e-05,0x83...354e,https://etherscan.io/tx/0xa8009ebfa752b8da7144046d44eccb6d4f1e5a48cb849dec03e6d01a9e2e5edc
2023-03-24 21:17:47,True,0.3778,0.0002147,49.2016,0.0105,0x06...f242,https://etherscan.io/tx/0xb798a8ab76ec2d6c8a5109796815ff46db48ec3ab32016aa62cf379f4e293c55
2023-03-24 21:12:11,True,0.3773,0.0002147,9.03426,0.0019,0xef...de60,https://etherscan.io/tx/0xacf66663b27172d0de136efd909aa6fdab8410bbdcddb4dd26d58d083c962e5a
2023-03-24 21:07:23,True,0.3779,0.0002147,3.81122,8.183e-05,0x7c...cd59,https://etherscan.io/tx/0xbb2bf319cd8d4f76ac1c3a47fd5533ee35fdcfafe7c5e27e5939b4c476e106d3
2023-03-24 21:06:35,True,0.3777,0.0002146,559.06,0.12,0xe9...f2fc,https://etherscan.io/tx/0xe76ace30bda27ffe3759ca1df2d39d9f1a8a49dd5f5e0d63a1954376e750b081
2023-03-24 21:03:59,True,0.3781,0.0002145,4.71274,0.001,0x0f...051a,https://etherscan.io/tx/0xf36c9f368a1c9eeea1b22772bea091133495371feabac78a82c636f9ea1862ea
2023-03-24 21:01:59,True,0.377,0.0002139,4674.29,1.0,0x6d...899c,https://etherscan.io/tx/0xa4fa83884accd86e504a1e98b205ca6466c18013493d03010040b024753a084b
2023-03-24 21:01:23,True,0.3759,0.0002133,1.68966,3.604e-05,0x7c...cd59,https://etherscan.io/tx/0x1d66da617980d4ecf01a9b710d5a6687164f4de606347268ae6fa076d3ef18cf
2023-03-24 20:59:59,True,0.3759,0.0002133,10.0791,0.0021,0x59...95d7,https://etherscan.io/tx/0x14c4a3a0b5e2c891fedda7c3957d249a49083e65180e2a1075eb4ba383d4932a
2023-03-24 20:54:59,False,0.3744,0.0002126,4365.0,0.928,0xad...4ef4,https://etherscan.io/tx/0xc8d6b53768d429dc7c482767823a9a74ad948bdc5be07247c0b72c1ecb5bbc22
2023-03-24 20:53:11,False,0.3757,0.0002132,302.542,0.0645,0xf5...9d5f,https://etherscan.io/tx/0x46d76aa557c23829bbcf000cdcd58dec17f934c0110be7dcfae3336fca4d5e51
2023-03-24 20:52:23,True,0.3781,0.0002145,3.21325,6.894e-05,0x55...d49e,https://etherscan.io/tx/0x17a81b44fe498f472f8b7634238e142b77c66438a6422f373755071a144cb30b
2023-03-24 20:51:59,False,0.3763,0.0002135,1940.0,0.4142,0xfd...bfb4,https://etherscan.io/tx/0xf8ea04566190f677a08386bafcdb356685aa69378aac8cbf269018ff1f5d9702
2023-03-24 20:48:47,True,0.3789,0.000215,8.0942,0.0017,0xce...27ed,https://etherscan.io/tx/0x2f95fa5e82ec5d7391ade7b0c0b7fe8b79ac4e8df8019175f6b8312ca33c7b33
2023-03-24 20:48:11,True,0.379,0.000215,0.9315,2.003e-05,0xe0...72a3,https://etherscan.io/tx/0x28b5cda904116795e8cdf715cd3873833a2867fd2e9767d7c3cc921633d6c360
2023-03-24 20:37:23,True,0.3797,0.000215,5.72981,0.0012,0xba...92f6,https://etherscan.io/tx/0x0daf997a3ada6f2d467b46fb4680224bc213eeae716a6ee01d82524987601bec
2023-03-24 20:36:59,True,0.3797,0.000215,25.8077,0.0055,0xc8...ef2f,https://etherscan.io/tx/0x0743b36370bf5406425afd9e307ff5d36d14751d7ea3ed5002907b7fffbf2b5d
2023-03-24 20:34:11,True,0.3791,0.000215,400.0,0.086,0x03...1c16,https://etherscan.io/tx/0x9712dabd492d275263c9eb256142a9b2a3b7828631284b5550ae44432ebef39d
2023-03-24 20:29:11,True,0.3779,0.0002143,4665.67,1.0,0x59...a9c7,https://etherscan.io/tx/0x2f673ceefbddb49e3369b1df67cf1cdfae64691b44f4f1b310d3c47a80c3a81f
2023-03-24 20:28:59,False,0.3752,0.0002127,2425.0,0.5159,0xe9...e78a,https://etherscan.io/tx/0x920759b284b8f731be5e660bae1e3ecda1e2de532bd35dcd7ad54357654e6d20
2023-03-24 20:28:11,True,0.3756,0.000213,9385.72,2.0,0x00...7291,https://etherscan.io/tx/0x93860dbfa431fa459043b16029c278f8ab592413a46ef4f667f27118dc97c62b
2023-03-24 20:26:47,True,0.3734,0.0002118,132.409,0.028,0x3c...a61b,https://etherscan.io/tx/0x90e6f188ca92775e25135905dcc1dabdd8bef46e780c49968c2e3fe2417d8e59
2023-03-24 20:25:59,True,0.3733,0.0002118,20.0577,0.0042,0x24...e0a3,https://etherscan.io/tx/0xf117720adc0de48ba5972f03e2340bb5d88781d29cecb5b7189bb41cc8bad4b5
2023-03-24 20:24:47,True,0.3731,0.0002116,944.871,0.2,0x2c...f1ab,https://etherscan.io/tx/0xcef5afcf468e903bc333c1ddc40fa608a35a1d62354f1f8faa4c2270153a64ea
2023-03-24 20:23:11,True,0.3713,0.0002104,8077.76,1.70017,0x91...af0e,https://etherscan.io/tx/0x5e64fd233c5ddbf06b288420b7fccc48645d0259a5fdcaa011256f10868ae634
2023-03-24 20:22:11,True,0.3687,0.0002093,477.663,0.1,0x2f...e46d,https://etherscan.io/tx/0x02c80e73528e94869d638f263ea3d8bf5de12973152fb8f14649f21c9ff6c3bf
2023-03-24 20:14:59,True,0.3676,0.0002092,262.198,0.0548,0xb7...04e6,https://etherscan.io/tx/0x79316438f2a49bc14bca4c3602e7445947a290cc79ef9708e5550631395cfe56
2023-03-24 20:14:11,True,0.3659,0.0002083,7013.07,1.46088,0xb7...04e6,https://etherscan.io/tx/0xce4aad9fc06933253a196a29e702d63fcba0c9773c14992009f839e252fb6060
2023-03-24 20:11:59,True,0.3642,0.0002073,726.603,0.1506,0x13...31e7,https://etherscan.io/tx/0x2430c2c06d5a5fb080bc2d80062ba3684ec244ac6f1c63df87347b86f9ee3402
2023-03-24 20:05:47,False,0.3614,0.000206,388.0,0.0799,0xd0...e48e,https://etherscan.io/tx/0xe03f6448f12ea9ab52fb403d0715d68d99d4dac9f0d6376ce7e3f767beb21788
2023-03-24 20:00:47,True,0.3641,0.0002073,49.4675,0.0102,0xc8...3bc2,https://etherscan.io/tx/0x9d76fac8d488548449239c183e9981eb88ae0f5f2ec333b9d787425fbcbd07f4
2023-03-24 19:56:47,False,0.3634,0.0002061,825.277,0.1701,0x9e...498c,https://etherscan.io/tx/0xd00ab46b41e78000f7da773141f87a53e232067ee7eb33f9be5edaecd42b0102
2023-03-24 19:56:47,False,0.3659,0.0002075,10083.3,2.093,0x9e...498c,https://etherscan.io/tx/0xd00ab46b41e78000f7da773141f87a53e232067ee7eb33f9be5edaecd42b0102
2023-03-24 19:51:47,True,0.3669,0.0002099,1357.44,0.285,0x16...6e32,https://etherscan.io/tx/0x5520d5a8635341d422986d643f98241ca85053b3c61085718ab398d3cad47dbf
2023-03-24 19:42:35,True,0.3653,0.0002091,4781.26,1.0,0x4a...b395,https://etherscan.io/tx/0xb3c5dcc243a5218e80dceeaa7f2262780590b0f713bc8261b55b5f080fbed959
2023-03-24 19:37:11,True,0.3629,0.0002085,14.9518,0.0031,0x0c...6f26,https://etherscan.io/tx/0x29bb899c81fecb0dccffcb0466fca747c1fa17911020401dcc2460a965f3cedb
2023-03-24 19:36:59,True,0.3619,0.0002079,4279.5,0.89,0x86...59c4,https://etherscan.io/tx/0xf059bbe88e061af5252ee66b9f836d5aabaf7d69bcdcd9c32ad066d55de9a938
2023-03-24 19:36:47,True,0.3607,0.0002072,1206.21,0.25,0x9c...6ab7,https://etherscan.io/tx/0x7fb128ce3b1caa4a78e3ea72a4abe52f27e0e218600853eb581eea8c7ad0d21d
2023-03-24 19:36:35,True,0.3605,0.000207,144.867,0.03,0x9b...5058,https://etherscan.io/tx/0x86a0c57bcc6567c7d71d011e3376cb659db0222b4414e13ff0411cb639e04aac
2023-03-24 19:36:11,False,0.3589,0.0002061,2826.68,0.5828,0x93...0000,https://etherscan.io/tx/0x130f51c530ef7b644a5f0b0c04223b184977308ba88f81befad9336846b1496a
2023-03-24 19:35:11,True,0.362,0.0002077,10.6585,0.0022,0x91...ec5e,https://etherscan.io/tx/0xff0609f4a9d8a648dabe800f260fd64f932b9e4f24b4707417588a6e9ab68d99
2023-03-24 19:34:23,False,0.3598,0.0002066,485.0,0.1002,0xe9...e78a,https://etherscan.io/tx/0x9ddbe9485c7c1ce37ac03b4c7b171e20834f5a2337bbba0cfd20a107cc8fc0ad
2023-03-24 19:33:59,True,0.3585,0.0002058,15839.0,3.26102,0x9f...e8bd,https://etherscan.io/tx/0x17d599c6397f8e72983ded48a819877ff37a3fbd7f36cb64ead50b48fabd5f7c
2023-03-24 19:32:23,True,0.3542,0.0002032,4919.76,1.0,0x44...5e0e,https://etherscan.io/tx/0x15147b1f9e26cd8e6f8f24054b3cde58739cad040af305d388961cc4f831ad97
2023-03-24 19:32:23,True,0.3525,0.0002022,3004.23,0.6076,0x93...0000,https://etherscan.io/tx/0xa3ed885bc42c2543aba26a190127ccb794d6a1924c9caa928917812942dc0e48
2023-03-24 19:30:11,True,0.3518,0.0002019,8.42889,0.0017,0xc0...ecb2,https://etherscan.io/tx/0x837a8a87d615a92ae51e0330bf421903f4e14a2fd05e6683f6b6c97919260fc0
2023-03-24 19:27:35,True,0.3508,0.0002016,1834.65,0.37,0x83...9904,https://etherscan.io/tx/0x13e2edc05e64747d52160a1ca8bcd813aafa175546abdc02a530d7e5b5adaf06
2023-03-24 19:27:23,False,0.3515,0.0002021,15229.0,3.07812,0x7b...c131,https://etherscan.io/tx/0x35bb49e3a663866537f3ee499579a180c17e962964f41937f2decb2bf73dfacd
2023-03-24 19:26:59,True,0.3569,0.0002052,137.115,0.0281,0xb0...c761,https://etherscan.io/tx/0x646d846defb05c74fc9e385254942ce36abfd6158461969e21bfab68616c67f7
2023-03-24 19:22:47,True,0.3568,0.000205,1387.08,0.2844,0xd9...7cd7,https://etherscan.io/tx/0x1a951bfe582425b0760e94ba8cfaab1612c28996cd8c0f53d09f5a38793efa20
2023-03-24 19:22:23,True,0.3563,0.0002047,537.13,0.11,0x40...0c50,https://etherscan.io/tx/0xb72ce0f446012716084c537ad726a84ac73128406d20e549f8584796184a7aa7
2023-03-24 19:22:11,True,0.3516,0.000202,21269.5,4.29785,0xef...8f29,https://etherscan.io/tx/0x5c70faa4c7cc98580fff669a311b09142007a5a7ac8791f7172688de63c31662
2023-03-24 19:19:59,True,0.3472,0.0001994,61.2652,0.0122,0x7d...1e4a,https://etherscan.io/tx/0x9100de859e536ed4c06349a90b86e807d654c05b2de27bf050c87bc90afe3962
2023-03-24 19:17:11,True,0.3465,0.0001989,3769.25,0.75,0xef...8f29,https://etherscan.io/tx/0xcc85668539ec60c30bfae3c922a2ec5c11e2f48eb059232e7d06d75b7a66954f
2023-03-24 19:16:47,True,0.3457,0.0001984,289.131,0.0573,0xd5...f25a,https://etherscan.io/tx/0x51e776cca32ed39be07b7b9c94975a9ed68d4c29c4870922d05d2534844793bb
2023-03-24 19:14:59,True,0.3453,0.0001982,1513.08,0.3,0xd1...6822,https://etherscan.io/tx/0x1c331a534d2d40d07100da49a2581d5c01c368d953c1bf87872eedf6f214de2b
2023-03-24 19:08:47,True,0.3442,0.000198,132.479,0.0262,0x25...09d1,https://etherscan.io/tx/0x3c4dc5f5ea5dd386a188a38fcc1253b276d2750d7e66c5485f69fc454f615884
2023-03-24 19:07:35,True,0.344,0.0001979,555.583,0.11,0xb1...3461,https://etherscan.io/tx/0x878c0c94f06551a347fa80bb396740f67377f2d59b2aef929e13e3141cab7621
2023-03-24 19:07:35,True,0.3432,0.0001975,2908.88,0.5747,0xfd...6e38,https://etherscan.io/tx/0x4e018b0fd33221a2ca5b737dc2387d8f2d464e2cb92722d213ffbf2460469e16
2023-03-24 19:06:23,True,0.3423,0.0001968,3487.5,0.6863,0xcb...89c5,https://etherscan.io/tx/0xed0c0f2e690d3bccae1437f97dc462f223c57d48e6c742e76f6d8fb60dc44608
2023-03-24 19:04:11,False,0.3432,0.0001971,15895.7,3.13322,0xe4...aa1b,https://etherscan.io/tx/0x2b61e62e290df9a67a920a704fd9b98064adb445d480c6883a339d38245c8a19
2023-03-24 19:00:11,True,0.3478,0.0002002,25.2174,0.005,0x9c...6ab7,https://etherscan.io/tx/0x50b201ae45f68276568adcf290b55ce7a5de0535fa50ec9962e8cc74ff1108f7
2023-03-24 18:55:47,True,0.3474,0.0002002,36.5912,0.0073,0x95...357b,https://etherscan.io/tx/0xfaa51b3df043b20592442ccdb9e264b38db4df4b6255c5722fbe39b72c2ee330
2023-03-24 18:55:23,True,0.3469,0.0001998,2501.33,0.5,0x76...7c84,https://etherscan.io/tx/0xff477ec2b6ec628ac655be526df6c4f7ae338a3f6892fbb2ab0b01ff146702fc
2023-03-24 18:54:47,True,0.3459,0.0001992,2508.98,0.5,0x9b...c0f8,https://etherscan.io/tx/0xb42aefea754d1b400845702ddbd18cf46837ef8482290d05772f50a237774b13
2023-03-24 18:53:59,True,0.3443,0.0001989,502.716,0.1,0x5d...15a3,https://etherscan.io/tx/0x226e9ee244886a6a8bdcbeb3bf15e749c45b494f004d7e1a9501c95e9b433222
2023-03-24 18:53:35,True,0.3423,0.0001978,8809.69,1.74253,0x24...87ac,https://etherscan.io/tx/0xe0e7339da2fd924bdbc85a83c692b041c28242b8334e16d7de69d72a294e533e
2023-03-24 18:53:35,True,0.3402,0.0001965,1267.85,0.2492,0x7c...fab4,https://etherscan.io/tx/0x6f729231ef2e85227b939651cfa96bca95443a17ecdc7f986993bb6c8e6907bc
2023-03-24 18:52:47,True,0.3395,0.0001962,1269.3,0.2491,0x2b...09ea,https://etherscan.io/tx/0x23e14509d95943b037f247783d0e56c58f59cecf42d00adcccb48862e76707b4
2023-03-24 18:50:23,True,0.3393,0.0001961,0.6818,1.337e-05,0x64...d0ed,https://etherscan.io/tx/0xb72a16d6e1ed74bfefcdcc80f804b06e8594d37b3e87a1c5584e17a1b130b2f6
2023-03-24 18:49:47,False,0.3531,0.0002036,70810.0,14.4218,0x68...0925,https://etherscan.io/tx/0xbbb995a57e0875321f4c3e937188840585651fff270aced6bef0055ec8f9a0e9
2023-03-24 18:47:35,False,0.3705,0.000213,2311.51,0.4924,0xec...78b9,https://etherscan.io/tx/0xac73fc32928b5d05328b953a9ee961c097ccebaebdbeb45d2972ad13a32c1b01
2023-03-24 18:40:47,False,0.3724,0.0002136,2233.93,0.4772,0x0e...7b2b,https://etherscan.io/tx/0x4cb75603176a5b9b94067a82ff1f694290eadcc73ff2a24b121a5102d848f0d2
2023-03-24 18:39:11,False,0.3749,0.0002151,8499.0,1.82823,0x70...aaec,https://etherscan.io/tx/0x6be55a1ac8ab4bb0a9f59344c6ca7f82877383fb29f1140bff2fc7dd31f4dc37
2023-03-24 18:37:59,False,0.3771,0.0002164,970.0,0.2099,0x0e...7b2b,https://etherscan.io/tx/0x5b24b7a064aa31fdf604aed0a6fe1008861ff44b33b3e56fdd3aa4eb5978c665
2023-03-24 18:28:11,False,0.3788,0.0002172,5092.5,1.1063,0x97...248d,https://etherscan.io/tx/0x9c0503eb74252bdfe8bd14006687d864018d7e03321bb4ad7dc68b874fb25a31
2023-03-24 18:24:35,True,0.3817,0.0002192,25.6227,0.0056,0x5c...8fe0,https://etherscan.io/tx/0x687018fc674e16628c92763041fc091b1ccfe6bb09f8b9aac07ca06f7ea4f315
2023-03-24 18:23:11,True,0.3845,0.0002192,318.377,0.0697,0xbf...02cf,https://etherscan.io/tx/0x4f0941fadac992a0a52516c662c782de630f4b6378e06e802a1295a87343e42d
2023-03-24 18:21:59,True,0.3845,0.0002191,228.504,0.05,0x8d...cc5e,https://etherscan.io/tx/0x656c32a02d5966a45c5d133bf97953b2c83a609b6c8fb492816b73f9aac7fef2
2023-03-24 18:19:11,False,0.3817,0.0002178,436.5,0.095,0xe9...e78a,https://etherscan.io/tx/0x4306165e17d031425f052887ca2aad871fe1549afdee9d0a36ab4834fed28621
2023-03-24 18:16:47,False,0.3838,0.0002182,2692.04,0.5876,0x44...ff0f,https://etherscan.io/tx/0xc2f5414c06e0a59a82c0d53e941dc76a4f45f124a6498601037fe2c6a12d587f
2023-03-24 18:14:47,True,0.3864,0.0002199,386.507,0.085,0xba...4de0,https://etherscan.io/tx/0x7cd593a430e0cffe156e2cd80ec810c780cc19579674cc7c5bbcc18907efcad8
2023-03-24 18:12:23,False,0.3847,0.0002187,1552.0,0.3395,0xd0...9915,https://etherscan.io/tx/0xad1f29de077513f58d086f25d76930435c9e28cf65cf2c479b89428bd7f814d5
2023-03-24 18:10:23,True,0.3877,0.0002202,36.9698,0.0081,0xba...1d58,https://etherscan.io/tx/0x87a9413107d79812920eb21a87572b7c79ee1e2c2aa0c12b1e430f2b5c7d0989
2023-03-24 17:43:23,True,0.3878,0.0002199,2637.35,0.58,0x86...3c0e,https://etherscan.io/tx/0x3ab1fdfcee407bfdc2f0c2e51e0e23f30ed48f97cf523e4d95439310fe2c0c0d
2023-03-24 17:39:23,False,0.3847,0.0002183,950.474,0.2075,0xd7...9a93,https://etherscan.io/tx/0x2a76cdf11d2092416623172e1d0637be9a64b4850699c5b530e6a9e1de0f4b79
2023-03-24 17:38:47,False,0.385,0.0002185,266.75,0.0582,0x84...1753,https://etherscan.io/tx/0x571f7a82451e8759dcad86f8c59989feadcbf7458339cb601094221039b6ec6a
2023-03-24 17:37:23,True,0.3872,0.0002197,711.673,0.1564,0xd8...0430,https://etherscan.io/tx/0x0012b4b68bcc3f96cbb255c7daaff6dcb3abcdceba63fcf0f6be5e05a64152de
2023-03-24 17:36:35,True,0.387,0.0002196,55.793,0.0122,0xc5...3d67,https://etherscan.io/tx/0x606c38e0ce00dda988a904d4e381e16feb238303a19b6bc68d76462d868af747
2023-03-24 17:31:11,True,0.3879,0.0002196,16.9282,0.0037,0x80...ecb3,https://etherscan.io/tx/0x5f41c181415f3d63fd0d81c035f56428939d0b6e0b8ccc8107eea62b96698b77
2023-03-24 17:26:35,True,0.3881,0.0002196,13.7717,0.003,0xf3...d936,https://etherscan.io/tx/0x06cee9a33cd94e4312df231820e87bfb5a41a3914bcdef1d2a80ef94996c319b
2023-03-24 17:22:11,True,0.3876,0.0002196,30.9867,0.0068,0x0a...e399,https://etherscan.io/tx/0x2bc75c8fa31a36a5de0b6738383fe1e2f076bd35c461c8e238d39492f243d0c1
2023-03-24 17:20:23,True,0.387,0.0002193,1960.07,0.43,0xe2...daef,https://etherscan.io/tx/0xeeede83b2ec47d8c30493986ee2d12a6cb9591f96eb3e06c2ccb02076f5ccc7d
2023-03-24 17:19:47,True,0.3865,0.000219,185.085,0.0405,0xf5...62b3,https://etherscan.io/tx/0xf1df8d0e9f267fffd0a8199862a818039ab474ba207821e9bc2537b1c971ea75
2023-03-24 17:16:23,True,0.3868,0.000219,26.9975,0.0059,0x9d...5060,https://etherscan.io/tx/0xab5bbc4f428a463e8c676c0879af281daa6f1fc1298d8aec674ae49c92d17df5
2023-03-24 17:10:47,True,0.3862,0.000219,255.696,0.056,0x3d...fced,https://etherscan.io/tx/0xda4c6cb87e923446ce622c9acf47cf0adeeb3d273cf9425d5a7eacabd4bcd40b
2023-03-24 17:07:11,True,0.386,0.0002188,913.881,0.2,0x26...e069,https://etherscan.io/tx/0x3d2b530564a43c79a9bf2c25632e3c16ab1cc5bcb2da436c1296e2f8896eb4c4
2023-03-24 17:06:23,True,0.386,0.0002187,28.6448,0.0062,0xdf...d7f3,https://etherscan.io/tx/0xcb13310232bd4e511bef039377c7fc9fcddd0e3fa82d71abaa307dca67b0daab
2023-03-24 17:02:59,True,0.3867,0.0002187,4.21425,9.217e-05,0x24...e0a3,https://etherscan.io/tx/0x575fd88118e40939dac366a7ddac8316bbd65f6bc477f8c57599f7656a11baa4
2023-03-24 17:01:11,True,0.3864,0.0002187,3.47336,7.596e-05,0xc0...2cee,https://etherscan.io/tx/0x730424cc1036ff0c361075770e928eee31b3c8a71bfde1284441a0fb28b2d47c
2023-03-24 16:59:47,True,0.3864,0.0002187,2.75023,6.014e-05,0x09...a0b4,https://etherscan.io/tx/0x8c3184d4f6dfc7779799b0721c4f5af5281334091656de3c287998c5c356b714
2023-03-24 16:58:35,True,0.3864,0.0002187,54.8972,0.012,0x7b...34db,https://etherscan.io/tx/0x1c433e635096106889c79a41cedb79162a886a209b77654e15f341bbde0ded5c
2023-03-24 16:51:11,False,0.3844,0.0002176,1843.0,0.4011,0xb7...04e6,https://etherscan.io/tx/0x9c761469947923eb146fbd863211493c7e687ad3099d136f0fc114c2ec86a154
2023-03-24 16:50:59,True,0.3871,0.0002191,172.469,0.0378,0xb0...236c,https://etherscan.io/tx/0x474d773eb00673dff1c82a4309cf6821b700631f6ec046b4bc106f82abdb97a8
2023-03-24 16:48:47,False,0.385,0.000218,1748.38,0.3813,0x58...82e1,https://etherscan.io/tx/0xe9966a13fada178a1699d6744f99d6bdf01304b91202afa7d379674b6b49fdc8
2023-03-24 16:46:23,True,0.387,0.0002191,3650.72,0.8,0x29...fac3,https://etherscan.io/tx/0xf27c193b23039e9fc9c457280b46b8da4f5c0b0abcd751cd788773c86452f645
2023-03-24 16:39:59,True,0.3855,0.0002186,154.925,0.0338,0x64...d0ed,https://etherscan.io/tx/0x0d551c22aa8643cd2d105cfa0e73222f655651783559782c57530e60b1bb4631
2023-03-24 16:38:59,True,0.3842,0.0002182,2162.36,0.472,0xb7...04e6,https://etherscan.io/tx/0xabab43d3258d694c8cfa8a41256f5c4557cc464604d86a2363b4505a27ac97eb
2023-03-24 16:37:59,False,0.3821,0.0002168,970.0,0.2103,0xa9...a12d,https://etherscan.io/tx/0x7b8d89ab4841c5ee16bd24f061b4ca14c483132b818f195ecd2651acdf40638a
2023-03-24 16:33:23,False,0.3845,0.0002182,9700.0,2.11741,0x30...228c,https://etherscan.io/tx/0xd3d0949bfba8f3a64d2e500d78b428cf8d8416d490ab9bb94024b54057a439e7
2023-03-24 16:29:11,False,0.388,0.0002201,3395.0,0.7473,0x24...1bc9,https://etherscan.io/tx/0x6fe2552c0196739ed72dd14bcac5364338d6af991e97f57f15a8f0543f7605cf
2023-03-24 16:28:11,True,0.3905,0.0002215,2617.86,0.58,0x50...7b84,https://etherscan.io/tx/0x0482f51fdebfc58527793993156095e55d170e5a9054395774c1a7f66f27f298
2023-03-24 16:24:35,False,0.3886,0.0002206,5820.0,1.28437,0x86...cc69,https://etherscan.io/tx/0x0c372da11596127cc5cff35017c4ea56ca72f2b7b5eff7d112eb12c5f2bc9ab4
2023-03-24 16:22:59,True,0.3908,0.000222,5765.39,1.28,0x24...1bc9,https://etherscan.io/tx/0x56499fdbb41589fbcfec5dd3556b41a2d26ef57d7fd0f00da24367ffc43c7eaa
2023-03-24 16:11:35,False,0.386,0.00022,1129.87,0.2486,0x1b...c680,https://etherscan.io/tx/0xca6db1cb8e0281e726902a8e8334508450f0956badbd9b78fd9ab67681b22a7b
2023-03-24 16:09:59,True,0.3889,0.0002215,12.8971,0.0028,0xbc...8e76,https://etherscan.io/tx/0x6b0f2c0f6295b407fb096f25da821ccc56398e1c7b26c8de7b7e7458c34cdab7
2023-03-24 16:09:11,False,0.3867,0.0002202,679.0,0.1495,0xb7...04e6,https://etherscan.io/tx/0xe4b256a7df1ec47ff506b7a8368fbad34f4b971115205960ca9d113dcb6a2bf8
2023-03-24 16:08:35,True,0.3892,0.0002217,1.14011,2.527e-05,0xec...51e0,https://etherscan.io/tx/0x2adf6da7c6225d5f999a8f122879010bc058e4d47b7da9ebf1d070a8e716dc84
2023-03-24 16:06:35,True,0.3908,0.0002217,20.3934,0.0045,0x1a...4181,https://etherscan.io/tx/0xbb166ff45a38b4a0dcc93f1881a59010663809b9b4661c548f4f631f1e25feab
2023-03-24 16:04:35,True,0.39,0.0002216,394.959,0.0875,0xec...78b9,https://etherscan.io/tx/0x25ebc5a4670af72b3f07ce49c6c0e3f751814e4627de989c1d1f9b4ec15997f3
2023-03-24 16:03:47,True,0.3899,0.0002215,22.7984,0.005,0x5b...d377,https://etherscan.io/tx/0xcc0ec14da322235b8bba6252d7fd8a6f382c65aabef73967381c2124925ee0f3
2023-03-24 15:56:47,True,0.391,0.0002213,1807.33,0.4,0x21...e50d,https://etherscan.io/tx/0x8c56af85c54d7f09646288de05f00cff3593faec0141c70000874348275358ca
2023-03-24 15:54:59,False,0.3881,0.0002198,679.0,0.1492,0xb7...04e6,https://etherscan.io/tx/0x5fc013f4de217c532a021ca7088fed7337210e0e29a1092263a9f2e23c85f0dd
2023-03-24 15:48:35,False,0.3913,0.0002217,12572.5,2.78755,0x7c...b172,https://etherscan.io/tx/0x2e24f8a9fa071a05c43ec961cf196f1a56b64630dfe9b539cce7af9fa3066eba
2023-03-24 15:45:35,True,0.3971,0.0002248,10.5248,0.0023,0x96...7434,https://etherscan.io/tx/0x1900f3cb2a01e73898bb4671c6c456328cf893d7d3b7d39be45b95ff6a755d27
2023-03-24 15:44:23,True,0.3972,0.0002248,6.6227,0.0014,0x96...f722,https://etherscan.io/tx/0x7081cb301723c7bb67987098476d223aecf2acaec8d8a9ea27b79eeda684f4cf
2023-03-24 15:42:59,True,0.3971,0.0002248,266.883,0.06,0x86...9588,https://etherscan.io/tx/0xb5bb3e506f8ba31773d6726cf87b2ca22b3662bd677e29143f5b7cdc58abbcb0
2023-03-24 15:41:35,True,0.3967,0.0002245,1781.58,0.4,0xe9...1e27,https://etherscan.io/tx/0x9988d48cf7c0978c0603ec44934801084505e6bd3d6e3fbc9fcec32b9389f00e
2023-03-24 15:41:23,True,0.3962,0.0002242,200.016,0.0448,0x5f...b464,https://etherscan.io/tx/0x368ef59425e094a7e4b4ef85a6d85223631d747e4482b8bef70973c901b2429f
2023-03-24 15:38:11,True,0.3967,0.0002239,2000.0,0.4478,0x5d...5601,https://etherscan.io/tx/0x1e6219a00be2719d32cc1465a2ef93604ce7321290b8a158187a704828d731af
2023-03-24 15:37:11,True,0.396,0.0002235,657.454,0.1469,0x50...fc91,https://etherscan.io/tx/0x86466fb8742890baa396ed126061f988a346604e6c0f4a08778ce49aa2468b6a
2023-03-24 15:35:59,True,0.3967,0.0002234,11.8731,0.0026,0xe4...9520,https://etherscan.io/tx/0xf2ebbeb1b248bfa822d325938aea7faee8738e0ed3a0f85adf3ed0ca7523a1e0
2023-03-24 15:35:11,False,0.3955,0.0002226,4113.24,0.9159,0x04...cf18,https://etherscan.io/tx/0x630e92a18d5edcc379cfa53d494aa586c7e9b5c5e4225c9b908c6564bd6dc68c
2023-03-24 15:34:59,True,0.3987,0.0002245,757.21,0.17,0x03...5dae,https://etherscan.io/tx/0x912d506521d993009b77af52741a860eb212f0a25c1ca3fce41ba8c019c99bbb
2023-03-24 15:34:23,True,0.3989,0.0002244,20.7523,0.0046,0xa5...ba37,https://etherscan.io/tx/0xb4de69c2ecd1e75513ef093415dfa6500d0eb40dd45f8d2b03b97b1a91962724
2023-03-24 15:33:59,True,0.3954,0.0002223,13939.8,3.1,0x03...5dae,https://etherscan.io/tx/0x10511fdd984d15076927b3141dd97f561aef8ffd3f417a790de1a18de06a7139
2023-03-24 15:33:59,False,0.3906,0.0002197,4548.33,0.9993,0x97...248d,https://etherscan.io/tx/0x52677c3c1fcf309c7d18b9fa2517482acff7a66f2c9670ace1de6092759e08b4
2023-03-24 15:31:59,False,0.3916,0.0002203,4.54736,0.001,0x97...248d,https://etherscan.io/tx/0xf928188607c3549d251068131c5dc85b8ca4f7d4993f0fdd5009e02b8013fa41
2023-03-24 15:30:47,True,0.3931,0.0002214,1806.42,0.4,0x9b...c0f8,https://etherscan.io/tx/0x0d5150c99c6a4421a0ddd001ba53a0142a51a9d2a7e7c50e61326b6f57eb88e1
2023-03-24 15:25:23,True,0.3912,0.0002211,179.124,0.0396,0x8d...7255,https://etherscan.io/tx/0x8dc5f1ff5ff3e182170efb1f78abcd118e6c34e037f2fb7f66e6632c6527e9d6
2023-03-24 15:24:35,True,0.3909,0.0002211,28.2596,0.0062,0x97...ad87,https://etherscan.io/tx/0x96f060969ab4ec68915c3d3f975da535168b9dab198419f1244ebe1577ccb852
2023-03-24 15:23:23,True,0.3911,0.0002211,62.9121,0.0139,0x9a...fb68,https://etherscan.io/tx/0x6017df9d96261b7da5131cdb527daad486342365bba1f160fe5bddc051b77f7d
2023-03-24 15:10:35,True,0.3896,0.000221,80.1482,0.0177,0x9a...fb68,https://etherscan.io/tx/0xf7af9c8444369933e17566fd0e48a2ff8bb6b4bd879083a7a965db41da09043b
2023-03-24 15:10:11,False,0.3876,0.00022,1940.0,0.4268,0x73...25e3,https://etherscan.io/tx/0x9dbf2f2904b3dab2f00cfbf3bcca8f8ec6aa3b39c4ede51b7022ad66487ec117
2023-03-24 15:03:11,True,0.3895,0.0002214,1354.81,0.3,0xbf...2a77,https://etherscan.io/tx/0x819bdb85735909ae94106e39ae01dd7d769ca33de49a8ad6c653924da155f848
2023-03-24 15:02:47,True,0.3889,0.000221,1357.17,0.3,0xbf...2a77,https://etherscan.io/tx/0xc093330c36c4a9573d1c2bdac4ca6641302a7ab968dfe405815b76bfc6071ba6
2023-03-24 15:02:35,True,0.3882,0.0002206,1359.54,0.3,0xbf...2a77,https://etherscan.io/tx/0x438d2d4a552d5ec6ba80673475f7c76b9e761f265a0739cfbfa378db66a99e99
2023-03-24 15:01:47,True,0.388,0.0002204,12.8851,0.0028,0x95...95b4,https://etherscan.io/tx/0x611527b0bc6cfae816f64ea00d0878aa5533884c58f7ba7a13fcacc27a199270
2023-03-24 15:01:11,True,0.3884,0.0002204,226.824,0.05,0x20...4f89,https://etherscan.io/tx/0x19d90f59e41be09c7852bbb5c6f58eafcbe7701d205fa4d1058a945aadbfdfb4
2023-03-24 15:01:11,True,0.3883,0.0002204,24.2857,0.0053,0xf5...6540,https://etherscan.io/tx/0xa83543edb2edbc7473339493829ae9ec666509d76c234f6c517c3cdfd905af60
2023-03-24 14:59:47,False,0.387,0.0002191,679.0,0.1488,0xb7...04e6,https://etherscan.io/tx/0x111b662907ea2ab5f03b0bcb9f5df65da0757ee4e089236de262812ceb7066bc
2023-03-24 14:56:35,False,0.3882,0.0002198,3880.0,0.8528,0xd0...9915,https://etherscan.io/tx/0xe2b05a8a3a40e1f41429e0a384172cb97cf91ba63c87486679f21970dbe4212f
2023-03-24 14:54:59,True,0.3912,0.0002216,4.86503,0.001,0x24...9472,https://etherscan.io/tx/0x1567e8a44b13329bec8de9feed958b77498279ccfa17203914894f8078ea02bb
2023-03-24 14:51:35,False,0.3875,0.0002204,740.946,0.1633,0x24...4b23,https://etherscan.io/tx/0x44e0092242ea156063a705f6a2ad8cefb87be50e77f5eb2fbeed50982e5fefc4
2023-03-24 14:50:35,True,0.3893,0.0002218,34.2871,0.0076,0x94...191a,https://etherscan.io/tx/0xc768f2fb886144f9214bfaf5ef4b9d12d813769daaf6a975ac83fd2f8c5df92d
2023-03-24 14:45:23,False,0.3891,0.0002211,4333.96,0.9585,0xad...4ef4,https://etherscan.io/tx/0x15daf8d61da368141e6a045e58e328fd8e8cc62cc6c345dd2b6785682dc3413f
2023-03-24 14:44:47,False,0.3928,0.0002232,10162.2,2.26868,0x22...b7dc,https://etherscan.io/tx/0xe2edc5d8d56db373d58670d5886b84aedab3c6197f1e7dc66341d655143d239c
2023-03-24 14:44:47,True,0.3977,0.000226,32.6625,0.0073,0x22...b7dc,https://etherscan.io/tx/0xe2edc5d8d56db373d58670d5886b84aedab3c6197f1e7dc66341d655143d239c
2023-03-24 14:43:11,True,0.3925,0.0002234,17900.4,4.0,0x02...36e7,https://etherscan.io/tx/0xb9352a269882afb4c4651d4ab5928bdd515d6eca3e9bb5d1f67dae913d0ed4ec
2023-03-24 14:34:59,False,0.3899,0.0002201,4404.77,0.9699,0xad...4ef4,https://etherscan.io/tx/0x2bdcab555b4ae90d8ebf8cabb657e9b98450f7b0d5e521a0fb243a5ed41503d4
2023-03-24 14:32:11,False,0.3928,0.0002218,6940.9,1.53952,0x08...c2fb,https://etherscan.io/tx/0xdc3028f92cc63fb6bb8c90d314ca742a882f4adffe4f8fc488c07497f79e2a94
2023-03-24 14:29:11,True,0.3964,0.0002239,1339.63,0.3,0xa7...0269,https://etherscan.io/tx/0xb4470f11740af61c2c0f9c4e077850cf649fb3654e4c2f245e1c92fee29a2c6a
2023-03-24 14:23:11,True,0.3946,0.0002237,200.25,0.0448,0x59...37f7,https://etherscan.io/tx/0x267ed1baa4d6debc3d44424dd92e75312c7ca9db1a3e7cc2f7ff2eaa0ac3ea3c
2023-03-24 14:14:59,True,0.3958,0.0002236,389.026,0.087,0x1a...731c,https://etherscan.io/tx/0xb795424ec7ae9446e32c7488b427feb4b301b67dbc1e5f0ed952476da9a9fb75
2023-03-24 14:14:59,True,0.3957,0.0002235,15.2799,0.0034,0xbe...ed9f,https://etherscan.io/tx/0x92ac2052a0823b17fccfd8835f35d95512e84019de17478f4b28aceab29f6038
2023-03-24 14:14:59,True,0.3957,0.0002235,4.47879,0.001,0xef...96c7,https://etherscan.io/tx/0xeb6196777782a0fed0854ffc097e05dd75ee106445f23df44000c2de715afa19
2023-03-24 14:13:23,True,0.3958,0.0002235,43.7533,0.0097,0x4f...4cb7,https://etherscan.io/tx/0x51c129bf49f9ef8dd8c2b5cb7408e8589a0de42babb0b3804b1c600c3bbcddb3
2023-03-24 14:09:11,False,0.3958,0.0002236,9879.67,2.20954,0x7c...5dab,https://etherscan.io/tx/0x484834f37b0b1974108d55d6aaa5b90aba7d5922286c81a31946200429dfea19
2023-03-24 14:08:35,True,0.4005,0.0002263,441.763,0.1,0xf3...bccd,https://etherscan.io/tx/0xaa6486b37ec87f04256b55d6a2dbc0b73f9998dc07c84bdbc057bf06730d1d5b
2023-03-24 14:06:11,False,0.3987,0.000225,970.0,0.2183,0x73...25e3,https://etherscan.io/tx/0xb4676ff0f5b961e08f31ec1464ff4ca3425587cd939cc78040f371acbf9f2004
2023-03-24 13:57:47,False,0.4008,0.0002261,6136.45,1.38762,0x43...01a7,https://etherscan.io/tx/0xf8aa3ca2401e697f646cdfe7714d22363e3c22f3fa234d99b462edb9616d93f4
2023-03-24 13:54:59,True,0.4048,0.0002283,69.4055,0.0158,0x95...95b4,https://etherscan.io/tx/0x8a740dcc1fa53229449b222978c6fc7f7ae976f99bd63d79ede05aa3408c0c26
2023-03-24 13:53:11,True,0.4051,0.0002283,11.2419,0.0025,0x2a...2a4e,https://etherscan.io/tx/0x9c12fa22e498f5ceb6806fc9d6c4b0a5b94040a57980c60a6d0c0a887fb61935
2023-03-24 13:52:35,True,0.4052,0.0002283,9.19966,0.0021,0x73...9158,https://etherscan.io/tx/0xefc136b2f08f6ff78f4c034add267f3f8a422c4fe249b4d52ec9c6328b4381d5
2023-03-24 13:50:47,True,0.4054,0.0002283,4.44578,0.001,0x4f...4cb7,https://etherscan.io/tx/0xf8bb80636aca962d0f8bea77e395b22335871134cd52e015382b547ebf361ef1
2023-03-24 13:49:47,True,0.4049,0.0002282,739.624,0.1688,0x5e...7f63,https://etherscan.io/tx/0xbc6161539b4b928b735f4bb0fd508cca5449eb1e4e05316e689b7ec4c952121c
2023-03-24 13:47:47,True,0.405,0.0002281,23.6638,0.0054,0x97...ad87,https://etherscan.io/tx/0x1995d1247c104863a2b7cc7f24e7fffaeae004a9fcfa84726c6b9b2d75a3f80d
2023-03-24 13:45:47,True,0.4047,0.000228,437.133,0.0997,0x58...23ad,https://etherscan.io/tx/0xa090d72d9f6c3a1f543344ef74efeea48c2cb18814120ac5afc52d45dcdfdebf
2023-03-24 13:44:59,False,0.4027,0.000227,3030.79,0.6882,0xfd...bf70,https://etherscan.io/tx/0x73ad30b730b151e2907669e5e06f29c87bb2c4d5065d99650f25fd5e25e16302
2023-03-24 13:42:23,True,0.4049,0.0002286,1613.67,0.369,0xcd...f363,https://etherscan.io/tx/0x56445f773694798d8194629253cd98a2d4864aeb2d52c32f912d7607d99215f1
2023-03-24 13:39:11,False,0.403,0.000227,116.903,0.0265,0xe3...4acd,https://etherscan.io/tx/0x44dd421b8263523c30838b922a170f6c85afe992e45a0296d487d29dd4b88e75
2023-03-24 13:38:47,True,0.4056,0.0002284,437.827,0.1,0x42...7ce1,https://etherscan.io/tx/0x0efd3912f1c64dfad4625a0c536851512eff33b68324bdd3e55f8b422c615be8
2023-03-24 13:36:47,False,0.4043,0.0002288,12855.4,2.9424,0x60...c70c,https://etherscan.io/tx/0x793a7794cecbd5fe9b3c17431111d8ea8b518b2bba72e05744f1e28ea034ea2d
2023-03-24 13:32:11,True,0.4103,0.0002322,6.1114,0.0014,0x24...3cbe,https://etherscan.io/tx/0xb238ce924bceb1d932f071c07fd078760907566ed57a84378b30611bf6c14bd5
2023-03-24 13:31:47,False,0.4091,0.0002311,2425.0,0.5606,0x77...4247,https://etherscan.io/tx/0x8dc9158cb7b42435b7b9ca7da2951d1c32861ad03aa610e380cd6b7bc92d2efa
