datetime,buy_order,price_USD,price_native,amount_token,total_native,maker,etherscan_url
2023-03-21 20:08:59,False,0.4749,0.0002649,1880.47,0.4982,0x1a...8ad0,https://etherscan.io/tx/0x247b98014d123b1d0f61de6c649b632564de8e6912203cdfbe8849ad5103c4aa
2023-03-21 20:08:35,True,0.4781,0.0002668,337.297,0.09,0xf9...fae6,https://etherscan.io/tx/0x46b50670283a2a97ef4a83c74e9bfbffb2fadd1d45de6ddaf1bc2ba84c5ee4de
2023-03-21 20:08:23,True,0.478,0.0002667,86.2239,0.023,0xe8...b0a1,https://etherscan.io/tx/0x7b6d238f911f9210a1cc1da16fb7322ac3b547de5e87cf877d5839bc3ed0b261
2023-03-21 20:08:11,True,0.4776,0.0002666,393.765,0.105,0xbf...34ff,https://etherscan.io/tx/0x75332bec113101e5559e0a00e34d900e650a7b096e9cf1b52d71a8d65d1a31af
2023-03-21 19:59:35,False,0.4737,0.000265,106.22,0.0281,0xf2...57cb,https://etherscan.io/tx/0xee9a1207040f5ac76c9bc2e575fe5ec85d8ad5c3774a6b3ac7accbb1cd89d4c2
2023-03-21 19:57:35,True,0.4756,0.0002662,2122.3,0.565,0x26...2fd5,https://etherscan.io/tx/0xf76fad9e5a8ded26c7860aa4b23c4c7a6c8f026903a05e74cd49ead85f789f69
2023-03-21 19:55:59,False,0.4723,0.0002646,2360.43,0.6247,0xc1...ba31,https://etherscan.io/tx/0xa4a9a8e6f5e5cddb28d337a2249027ed03ee9df7ebd94e328696ab3231401271
2023-03-21 19:51:23,True,0.4756,0.0002664,1137.1,0.303,0xda...a620,https://etherscan.io/tx/0x14f376aed803cb10f1d1cc7de5d324a7efba655429478af5e527bcb10da56c84
2023-03-21 19:50:23,True,0.4751,0.000266,1075.39,0.2861,0xea...d7d5,https://etherscan.io/tx/0x4916e5f23e4d4772f656ef4d6c04d9ab34328dfb1c10d61e6143626a64a65d32
2023-03-21 19:50:23,False,0.4744,0.0002657,7681.68,2.04121,0xf2...57cb,https://etherscan.io/tx/0x9c9a525bab7381f168545325ec310ee4f1963755f024c209ce77fdce1fa3a72a
2023-03-21 19:50:11,False,0.4773,0.0002673,752.104,0.201,0x94...5d5d,https://etherscan.io/tx/0x471b6320185723536c0c80eaa9c3b9e8213726447095f45caa31e8a446ff9661
2023-03-21 19:49:11,False,0.4772,0.0002676,822.914,0.2202,0x82...5336,https://etherscan.io/tx/0x557fe755cb7e5da0f9f1d7c2f414a9dae2a8e989d13a7fca211860a99aef2200
2023-03-21 19:48:23,True,0.4799,0.000269,2007.45,0.54,0x5e...78ff,https://etherscan.io/tx/0x1a85065b706a09f71f3bcc07ae477e1687e3481ec4b0a341dde4b93159843419
2023-03-21 19:42:59,True,0.4779,0.0002682,1901.21,0.51,0xd6...75e6,https://etherscan.io/tx/0xa165cfe75a606ee0a47c2f2b7dbace4c864b87f0542030aa33370b66fc66830e
2023-03-21 19:40:59,True,0.4779,0.0002678,373.388,0.1,0xa6...69ef,https://etherscan.io/tx/0xb6915f98473ef357aa7f01bf5e0f9adb1bca69e37b83d3e40474f5a10f371d1a
2023-03-21 19:37:59,False,0.4773,0.000267,4893.68,1.30695,0xc1...ed0d,https://etherscan.io/tx/0x0d0017057a2defeac3e7faa7d4ebfdd512c996da745cfb249ff49efd5d7a721d
2023-03-21 19:36:11,False,0.4812,0.0002693,7050.0,1.89891,0xf2...57cb,https://etherscan.io/tx/0x57d38c67c9eb5a68fba42a0810d7d46d1240cb4996179ed8951d4f040bcf096b
2023-03-21 19:34:23,False,0.4861,0.000272,7050.0,1.91813,0xf2...57cb,https://etherscan.io/tx/0x648fc1bbc4624936296b4c8e7639ec3deef58373b0440bfc0af35e69a6c8f024
2023-03-21 19:32:35,True,0.4911,0.000275,508.789,0.1399,0x1b...25a9,https://etherscan.io/tx/0xa390618f6edbbe5304b3752bc12964aba5156ee16c2770405b710f2d29206d89
2023-03-21 19:29:23,True,0.4886,0.0002743,2551.09,0.7,0xa2...f636,https://etherscan.io/tx/0x51cd85ab5dd7ce49706e254f584910b21a908112213b6f9a53747ae47f29c604
2023-03-21 19:27:23,False,0.4856,0.0002725,1410.0,0.3842,0x3f...1fab,https://etherscan.io/tx/0x47e4794253444992950b88db278d24476ef73709b1a0af91a3a579b8ebb9ce29
2023-03-21 19:23:35,False,0.4852,0.000273,1434.44,0.3917,0x48...c4c9,https://etherscan.io/tx/0x5d8b32689ca0bb51b13af8bc488f236d0d978fbdd1afd0d06b6b9e8e67059180
2023-03-21 19:22:59,False,0.4888,0.0002747,7050.0,1.93702,0xf2...57cb,https://etherscan.io/tx/0x62acc3fd59531319421a116faea744119d6266cc5cc16e9931d58ea7a9f1d155
2023-03-21 19:22:59,True,0.4921,0.0002766,5964.88,1.65,0x6a...c911,https://etherscan.io/tx/0x21bbea38d1f859773d2b6d3152090c06fc2f0c9ddafd0686e060b0e796247ea7
2023-03-21 19:22:59,False,0.4877,0.0002741,1880.0,0.5154,0x84...c025,https://etherscan.io/tx/0x690de0ea45f533ad5d666ec2b2ab19457638f1e2ebcebc082cdff162ef7e72a8
2023-03-21 19:16:35,False,0.4931,0.0002758,6580.0,1.81496,0xa4...9b83,https://etherscan.io/tx/0xf78a5cf212c23294f5b3a6afc143e2adaa74223f42fea70ff25c59cee6f31f55
2023-03-21 19:15:47,True,0.4963,0.000278,3956.66,1.1,0x04...bdee,https://etherscan.io/tx/0x1237e901eaf162c1ccba00c15282df2ce18b281a125c3accaf22064fe8b6fcdf
2023-03-21 19:15:23,False,0.4924,0.0002756,235.0,0.0647,0x25...0509,https://etherscan.io/tx/0xb2c3a79a991b2bc0fe166ecf49ee3565c1fa12d3621f1c48ce6f92c378cb0e60
2023-03-21 19:14:47,False,0.4923,0.0002757,658.0,0.1814,0xa2...4c7e,https://etherscan.io/tx/0x56178f08c00d1c5480b14edb05f7b57163c3efb74b41eea782e3e5d35851821a
2023-03-21 19:12:35,False,0.4942,0.0002762,1880.0,0.5194,0x6f...9a66,https://etherscan.io/tx/0xfb8f17bdb85450a706d49c048abc60a10a2e8c5b1f57eca90c5a9c0a3dd48212
2023-03-21 19:10:47,True,0.4973,0.0002778,2159.1,0.6,0xda...a620,https://etherscan.io/tx/0xb688eb7c06e822b396c936a43d69a8c9aa0f013097112668e2353954de90920c
2023-03-21 19:10:23,False,0.4938,0.0002759,798.784,0.2204,0x83...f17f,https://etherscan.io/tx/0x0ed53b3c3642fb5ce5cd14d4fd2dee65439c5f6d44fa932439bc5401288d8535
2023-03-21 19:09:35,True,0.4971,0.0002777,218.0,0.0605,0x72...3f4f,https://etherscan.io/tx/0x55c204c28e8d60c3460f87d8fc7edc02279d4900817b88e81bca2175528e2686
2023-03-21 19:03:23,True,0.4961,0.0002776,198.517,0.0551,0x04...8993,https://etherscan.io/tx/0xa338a2fd8c935bc7491e2221fa4f113cfa08b4f16533ecf2971a56e71c6d4f43
2023-03-21 19:01:11,True,0.4966,0.0002774,648.688,0.18,0xd6...77bb,https://etherscan.io/tx/0x175b65514c53499ee5c357984e484d3d948c15101276def1650013a7a92477cf
2023-03-21 18:58:47,False,0.498,0.0002779,11231.5,3.12175,0x0a...6a78,https://etherscan.io/tx/0x4f36e470357bb8851e6c7e101e4118096c9aa82214435ee7cafee17875e2490b
2023-03-21 18:56:59,True,0.5045,0.0002812,3023.97,0.8505,0x20...33b1,https://etherscan.io/tx/0xb92f60030cfec4f31d81fca7756a96450d178088c6bc64139da5f36f985cee86
2023-03-21 18:52:47,True,0.5033,0.0002805,396.195,0.1111,0x01...ac30,https://etherscan.io/tx/0x8aa3a6c145568af33b2ff3d8179b5d91e0afe1870a2f73233d7c50ec230e0135
2023-03-21 18:50:59,True,0.5018,0.0002804,83.4188,0.0234,0x8d...cc5e,https://etherscan.io/tx/0x5226f96e3e7ba7cdef0785d697ffbb6e011670ed15d387c04e0a96fe355963ab
2023-03-21 18:50:35,True,0.5015,0.0002802,891.955,0.25,0xb4...7cbf,https://etherscan.io/tx/0x457eb1c656a7c2ae11fdb71c10926a23d7cae5bfa6c0938a9668d389aa04bd69
2023-03-21 18:50:35,True,0.5011,0.00028,357.106,0.1,0xd6...77bb,https://etherscan.io/tx/0x19e6d015820eb4f4bb3c7f3b66279c22b644cc3faf5b7d33b87d1316f69d5f3f
2023-03-21 18:47:11,False,0.4985,0.0002783,103.4,0.0287,0xa2...4c7e,https://etherscan.io/tx/0xa0d33a1bc76e0bb2572bea3890a28bf9f85dc26fa21bba9d65be792b8ac61a50
2023-03-21 18:43:59,True,0.5023,0.0002799,151.271,0.0423,0xbb...61f1,https://etherscan.io/tx/0xabb0d9aa03065c864b374f6b230a08184218dd177bd58d8fcbbade0a774ebca4
2023-03-21 18:42:59,True,0.502,0.0002799,178.635,0.05,0x0f...eb2f,https://etherscan.io/tx/0x0e923b2632b0d885f655214a64bcedc614a93c81b889b32ff9d0074ed87141e4
2023-03-21 18:41:35,False,0.4996,0.0002784,1290.42,0.3593,0x88...7627,https://etherscan.io/tx/0x2d8acaff2b8bd1a56bab4600f55730a0dcca5b7641ca3548da55725d310570e2
2023-03-21 18:38:35,True,0.5045,0.0002799,1982.26,0.555,0xda...a620,https://etherscan.io/tx/0x2a7e1575275f6b75747986f36abc59da53cb2aee31896b8baec754a4d2dd7e33
2023-03-21 18:38:35,True,0.5037,0.0002795,286.201,0.08,0xd6...77bb,https://etherscan.io/tx/0x071dace1ccc164fbf98544fdc6d5ed26f9e14a7d32491acc0fe9280c854a43ba
2023-03-21 18:37:35,False,0.5023,0.000279,5965.43,1.66434,0xd0...7954,https://etherscan.io/tx/0xbf1336315fde277afe3f8661806517079e6a4028f94d7e8d5e7d2575815db868
2023-03-21 18:36:35,True,0.501,0.000278,19173.1,5.33016,0xbf...9a66,https://etherscan.io/tx/0xa0ab9e27351f77d7f891e15ec80fa1b886789df6611d35714e0e7d5cce7a5395
2023-03-21 18:35:35,True,0.4943,0.0002741,375.773,0.103,0x0f...eb2f,https://etherscan.io/tx/0x794efb4831fafd408ad7577e9a2ed40d53173f281da19253796a7c8c3014a84f
2023-03-21 18:34:23,True,0.494,0.0002739,190.823,0.0522,0xd6...77bb,https://etherscan.io/tx/0xdaca302590deb0c66365ca87908e6a406589c53211e8791b65fa4d0ac0519f5f
2023-03-21 18:33:35,True,0.4933,0.0002738,730.437,0.2,0x29...7917,https://etherscan.io/tx/0x79be9d22bc97296dcd37bd7e3846c8c4cc93cba78a35cc1a055deaf3a38898ef
2023-03-21 18:32:23,True,0.4926,0.0002735,421.164,0.1152,0xd6...77bb,https://etherscan.io/tx/0xfffae092fff633445784d9de59dd617c8be37f8463131b5720ce8d9786464d2c
2023-03-21 18:32:11,False,0.4906,0.0002724,3008.0,0.8195,0x44...5e0e,https://etherscan.io/tx/0x038b474dc149bda9f303f911e7422ce956d1c030c04425df527afb91eca2231f
2023-03-21 18:30:59,False,0.4934,0.0002736,3290.0,0.9004,0x44...5e0e,https://etherscan.io/tx/0xfec0ba0fcf1cec66c6b1835f3b99fc9f610e1a6fb92bbfbb10fe12e79d625639
2023-03-21 18:27:59,True,0.4976,0.0002755,2100.74,0.5788,0xd3...d0bf,https://etherscan.io/tx/0x125156fd02714b620dd4f841bac68f51544c2ab9cfe0db8ae6e07a17efe0366f
2023-03-21 18:24:23,False,0.495,0.0002738,1647.6,0.4511,0x73...3bb4,https://etherscan.io/tx/0xbb0974cf21873a8bbcadd517968cf4680f5fed80594e30a0c42b24223990b690
2023-03-21 18:22:59,False,0.4957,0.0002741,235.0,0.0644,0xf8...0a3c,https://etherscan.io/tx/0x9460d3e6587eecec8d9341971b20526d9beb6e1bc54fd50c80f5f66ffb22fa68
2023-03-21 18:19:35,False,0.502,0.000278,18800.0,5.22649,0x9e...48bd,https://etherscan.io/tx/0xad0e60e1320b53ef7b33cb978ac8431eff017850af735790a655f56dfdd0006c
2023-03-21 18:17:35,False,0.5101,0.0002824,3267.06,0.9228,0x95...fba9,https://etherscan.io/tx/0x6b6f68d15a45252fb40ee075dcce65eaf384e2c6e6fa2008b9268f7853a18edf
2023-03-21 18:14:47,False,0.5126,0.0002835,2013.48,0.5709,0x1a...8ad0,https://etherscan.io/tx/0xafaf9e2835d8400fccf05c5a7a3f96afb02f9edde5bea240dd737347dc97e961
2023-03-21 18:09:35,False,0.5121,0.0002843,1587.09,0.4512,0xb2...2eba,https://etherscan.io/tx/0xce02c1e942ba23b275409a4403b8fe351559aa105cd1a42870393a6ed1b031ca
2023-03-21 18:08:59,False,0.5129,0.0002847,470.0,0.1338,0x58...71c6,https://etherscan.io/tx/0xe568d9320c5926cf1428b8d7b67f03bc26738d1b92c353a4a38babfe856f1670
2023-03-21 18:07:47,True,0.5156,0.0002865,273.751,0.0784,0x8a...7f88,https://etherscan.io/tx/0x2f91703f46c0bcae18fc9804882de8aefd79a5a7265e27da78b10bf053556b36
2023-03-21 18:05:47,True,0.5156,0.0002847,7907.27,2.25193,0x88...e3b6,https://etherscan.io/tx/0x53c66cab927859a02c882a0e449329690df9bd78d04a014cb4a0a99cef34686c
2023-03-21 18:04:35,False,0.5104,0.0002815,444.832,0.1252,0x55...ce90,https://etherscan.io/tx/0x1460d910fe68b576443dc50587e307f977ad1e9312ff63514d12a2601a4afc3a
2023-03-21 18:01:47,True,0.5135,0.0002831,706.249,0.2,0x08...c2fb,https://etherscan.io/tx/0xd8d85b6b9f53cfd718b4606bd6226ed92e809cfad2d172f8645e05a87c19c1f5
2023-03-21 18:01:47,True,0.5123,0.0002825,2477.63,0.7,0xfe...26bc,https://etherscan.io/tx/0xf6226e2306ba0bafef17c3a02578fbdf77af009c41d0e16ac1dbf5cb828b1c66
2023-03-21 17:59:59,False,0.5087,0.0002807,1850.86,0.5195,0xe4...e4d6,https://etherscan.io/tx/0x756cac0c15b396664a2bcf5064fc38c6a197d9c1c01afbedbd73b95a5d5ff2b6
2023-03-21 17:59:59,False,0.5101,0.0002814,1855.61,0.5222,0x3e...b3b4,https://etherscan.io/tx/0x99899955fdd3aba08fd436a24867b769d013a1c108a44c79e5687b454c0353ed
2023-03-21 17:59:47,False,0.511,0.0002819,470.0,0.1325,0xf8...0a3c,https://etherscan.io/tx/0xeaadd87962664a378b31d021eb5e04f5f16d7826aad67ee1e5b8a9ad1c4116a5
2023-03-21 17:59:35,False,0.5128,0.0002824,1850.86,0.5227,0xe4...e4d6,https://etherscan.io/tx/0x5c0e595798adc1a30743f768646011d3bb8512b7ae305858016e1de09d1e7298
2023-03-21 17:58:23,False,0.5135,0.0002828,316.878,0.0896,0x8b...edd8,https://etherscan.io/tx/0xd5ff054ee9ad22d7b383537ea9a0462d807305404527cd752976c4c63de86cef
2023-03-21 17:57:47,True,0.5165,0.0002845,348.338,0.0991,0x84...b54f,https://etherscan.io/tx/0xd9da6ed500caee29b9674c2dc99b60b5c9f0743916f86961cd025179210c42b2
2023-03-21 17:56:35,False,0.5169,0.0002847,9324.64,2.65501,0x6f...3fab,https://etherscan.io/tx/0x8556c1be8a7b43d8cefd61e0dfc04959259d1fa68337971ae595d1cec139974f
2023-03-21 17:55:59,True,0.5234,0.0002883,345.154,0.0995,0xc4...229f,https://etherscan.io/tx/0xaa44d3e2e8d659e3c00a383ed6667b2a1d03dca7d46c64ee45b362000593e259
2023-03-21 17:55:11,False,0.5205,0.0002867,959.137,0.275,0x04...c3f4,https://etherscan.io/tx/0x0f36f8c7f1490010c339767cbc703a8e1a8133d4f9c20bc962478299a1144037
2023-03-21 17:55:11,False,0.5249,0.0002891,10549.7,3.05081,0x22...6a78,https://etherscan.io/tx/0x03b07f306c1ffb950c8b11ea1a2399f8262753b858908ebae4a984d4ab4e9d53
2023-03-21 17:55:11,True,0.5321,0.0002931,321.252,0.0941,0x22...6a78,https://etherscan.io/tx/0x03b07f306c1ffb950c8b11ea1a2399f8262753b858908ebae4a984d4ab4e9d53
2023-03-21 17:54:11,False,0.5375,0.0002962,22602.2,6.69648,0xdc...f1dc,https://etherscan.io/tx/0x72363daae88a17098e999f96982cdd1fb3d59d2c4b1e28de191068379f0a4009
2023-03-21 17:49:47,True,0.5454,0.0003009,9636.62,2.9,0x46...d1aa,https://etherscan.io/tx/0x1d7ebcc104bc2f46b887199b75c6bf2d2bcc8c1b3fcace75800d5eb6458541c1
2023-03-21 17:48:23,True,0.5407,0.0002987,200.0,0.0597,0x18...ab8b,https://etherscan.io/tx/0x5de60683f53acb13c96738364dce0baaa798fb5f009a45a7c385c3a0ab1db2c6
2023-03-21 17:48:11,False,0.5374,0.0002969,188.0,0.0558,0x93...6b0c,https://etherscan.io/tx/0x9200cc0a294c0b2145ee632c8ae63b161c3021e6b178029c8f8606f60bd24aac
2023-03-21 17:46:59,True,0.5395,0.0002982,2481.56,0.74,0x59...7ee6,https://etherscan.io/tx/0x8532dedd30a087d8df2f81e846cab88044d549e06ef94647b51ae2b8d41ca808
2023-03-21 17:43:59,False,0.5382,0.0002964,2637.21,0.7818,0x3a...fe88,https://etherscan.io/tx/0x4654d8df26605c157ada71ab798e9dbee28546c14f17f5fb965400b05f15075d
2023-03-21 17:41:23,False,0.5389,0.0002973,1510.38,0.4491,0xb2...2eba,https://etherscan.io/tx/0x4985384a8cee56170eefa26c81d13af464aa7c2ff168f68b1314483611b9e049
2023-03-21 17:41:23,False,0.5408,0.0002984,3102.0,0.9256,0x37...bcac,https://etherscan.io/tx/0xc6859d4d4faec86a012eb319252b82d221c206f2169edc9ebf425d403faebbf0
2023-03-21 17:40:47,False,0.5417,0.0002993,940.0,0.2813,0x6d...899c,https://etherscan.io/tx/0x8363457f00e15058106a6c69c2085947563d01933ea821ccdd174fd709672e21
2023-03-21 17:39:59,False,0.5435,0.0002996,356.063,0.1066,0x34...8e7e,https://etherscan.io/tx/0xeb610a2b9a7fd6e33de40d7342e4ee3012609272f27979f4e559750cd9262fd5
2023-03-21 17:39:23,True,0.5493,0.0003013,663.72,0.2,0x44...da25,https://etherscan.io/tx/0x991b0e7156de55171d4f426960735aff750026fc62f919fd60b27ca7f864183e
2023-03-21 17:36:11,False,0.5446,0.0002997,1817.71,0.5449,0x78...6170,https://etherscan.io/tx/0xa3b27e3a922eb338d197a53478091a29f4440cffb5143100546063da70c28091
2023-03-21 17:35:59,False,0.5458,0.0003004,1190.8,0.3577,0xe2...ce89,https://etherscan.io/tx/0x2bc9d7acf976237b74e2c695d1a5137673f9d530fa5596a120c69a7f4540605b
2023-03-21 17:35:35,True,0.5488,0.000302,1986.14,0.6,0xe6...0123,https://etherscan.io/tx/0x7335a7e6270c44ad139799cfdcd087c05febf4e27f30c33d933e0958c1af3b15
2023-03-21 17:34:35,True,0.5472,0.0003008,3323.51,1.0,0x70...8f67,https://etherscan.io/tx/0xc21060141efe38e44bd1a0199e5110bd9848ce7e0040cade2d6e5e7ecfbe2734
2023-03-21 17:33:35,True,0.5452,0.0003,283.266,0.085,0xc4...2ffd,https://etherscan.io/tx/0xb9a3078024dfd9a1f7ad21537d6371ada672d0e2b6475a29477291ea4def9527
2023-03-21 17:33:35,False,0.5426,0.0002988,2820.0,0.8427,0xfb...8746,https://etherscan.io/tx/0x60754a44f54cdb3aa154f0d49ca86b1f573e4eba0901e57fa5212ce5915bbdad
2023-03-21 17:31:23,False,0.5471,0.0003013,8079.02,2.43427,0x7c...dd4a,https://etherscan.io/tx/0xc385e33c85070f12b1779f962553cb2a3036d163abd207a1167f39a86c12498a
2023-03-21 17:30:11,True,0.5534,0.0003046,1383.57,0.4215,0xea...ea36,https://etherscan.io/tx/0xbeddc6fa5bd6acc171bc360da2965a0a1bd137f52a9ecd6ce61d65e00c501ae7
2023-03-21 17:29:47,True,0.5525,0.0003041,756.183,0.23,0x75...103c,https://etherscan.io/tx/0x4514d967e4023209d380fdb9d70f68768c18b18edf3a0782355f1ca64409b0b9
2023-03-21 17:27:11,False,0.5516,0.0003036,6580.0,1.99818,0xba...cadf,https://etherscan.io/tx/0xb2423f824300be25bbb884a1f27e3de33cba5ee41f1287f0c4d5f0dfa079e472
2023-03-21 17:26:35,True,0.5537,0.0003048,9513.88,2.9,0x5a...3bd4,https://etherscan.io/tx/0x3a4246569141bb7fd6efdc206a6b16cf12e0ffe1c99f71807c8e0ef9b7788ed0
2023-03-21 17:26:35,False,0.5477,0.0003015,3102.0,0.9353,0xdb...4243,https://etherscan.io/tx/0xbd88e55d9af3afd031f321e42ba0900518891b50a235e6b9a404e83ff511b855
2023-03-21 17:26:23,False,0.5491,0.0003022,198.34,0.0599,0xa1...b28b,https://etherscan.io/tx/0x87651de8a8e309170f5717fe23f7d8316e103ad88056e29af69ec224d1814351
2023-03-21 17:26:23,True,0.5514,0.0003035,2470.59,0.75,0xee...bb85,https://etherscan.io/tx/0x1ff49230ca3aa08f83c7b5eda04967e09189249b1a22fea07e7f8984f4d771a7
2023-03-21 17:25:35,True,0.5503,0.0003029,138.626,0.042,0x14...4064,https://etherscan.io/tx/0x2bc317abe62b2044da9ad0dd55e5db109943d7e9abf622be87098ed9206ebd79
2023-03-21 17:25:11,True,0.5491,0.0003022,2928.88,0.8853,0x88...e3b6,https://etherscan.io/tx/0x5e55e212c16a855653bf5f811c532efd8c9ce7680b17843c378b3808d40aa3e3
2023-03-21 17:23:11,True,0.5476,0.0003013,995.426,0.3,0x85...10b5,https://etherscan.io/tx/0xbb98051078ed7ef213fd20546937bba14ec377499ef4812d82fdcadd49537ee7
2023-03-21 17:22:59,False,0.5447,0.0002998,2360.43,0.7078,0xc1...ba31,https://etherscan.io/tx/0x3d3325a1f3deb8565dc6d92eb0b8a428b2586fe8c15222310c766fd294d660f0
2023-03-21 17:22:47,False,0.5483,0.0003018,6230.52,1.88056,0x30...b2b2,https://etherscan.io/tx/0xa9575d74df58b596f2d4c3abb945c9c88a37b8468a0c15702e37bc2d6447354f
2023-03-21 17:22:35,True,0.5538,0.0003049,770.744,0.235,0x17...dce9,https://etherscan.io/tx/0xb8acf3b68ab1648dfee533af7e42fbcd0a3d60b3206717b36b4846f36a210ae1
2023-03-21 17:22:23,False,0.5505,0.000303,702.475,0.2128,0x5a...7ca5,https://etherscan.io/tx/0xb850ae27dd1fb42293a7dc9fc26096cc1f4f8fadbbebad28d3b1a3cc4d7f4919
2023-03-21 17:21:59,False,0.5516,0.0003036,1770.11,0.5374,0xdb...d71d,https://etherscan.io/tx/0x8db6d5e4a0e8222589b4ca31ee6209957ae53f74d8dbf68de74c083ad7c9bca0
2023-03-21 17:21:47,True,0.5536,0.0003047,4922.5,1.5,0x88...e3b6,https://etherscan.io/tx/0x24f1a7dfafcb0b1b7a6b504c1f1e93dbd2835a77b133cdc9e554979e14bdfe8f
2023-03-21 17:21:47,False,0.5494,0.0003024,2934.46,0.8875,0xa3...f600,https://etherscan.io/tx/0xde26170e65c53bedc99aaac2ce2647f11be7f0eb7e1caf5783ede96a201d5da8
2023-03-21 17:21:23,True,0.551,0.0003033,7000.0,2.12328,0x73...e779,https://etherscan.io/tx/0x8c05c09acf1788ec67514fb52b42d9a95729b7671aefb97ca5f1605532b15af4
2023-03-21 17:20:47,True,0.5481,0.0003015,636.517,0.1919,0x87...90bc,https://etherscan.io/tx/0x3a3376b569497aa7d5725bb1defec1f186e16d7322af0e8b456523c60c3c83a4
2023-03-21 17:19:23,True,0.5468,0.0003009,2264.28,0.6813,0x3c...4650,https://etherscan.io/tx/0x11342297f1c3298848c2a20cb1905e86e9837070061fcfa9fb7b8c936f060bae
2023-03-21 17:16:11,True,0.5445,0.0003003,399.574,0.12,0x6d...3591,https://etherscan.io/tx/0xea52da94b4a1278f177a743a6c8d86b277779d2400b304278c979bbbda1ab006
2023-03-21 17:15:59,False,0.5418,0.0002987,1569.8,0.469,0x35...4daa,https://etherscan.io/tx/0x020e274171d8926feeee9cb4caecc62764511981e93bf020c5eb3a078e97cb23
2023-03-21 17:14:35,False,0.5433,0.0002992,611.0,0.1828,0x4b...851d,https://etherscan.io/tx/0x7871deff61319c5aadb382d7be6054c8bb44e82a5409008f4dab43732be7a7ff
2023-03-21 17:14:23,True,0.5428,0.0002989,9919.82,2.96579,0x6f...3fab,https://etherscan.io/tx/0x16fe1e4197099c1ee1e803754b5ff7e9600ccb8cef1c24f3127dd3c7719fa100
2023-03-21 17:14:11,True,0.5384,0.0002965,775.487,0.23,0x08...c2fb,https://etherscan.io/tx/0x6d3a3f4ad0b261be955521939d99c6af4c73a77f67fc348a19e104e677e482d8
2023-03-21 17:13:47,True,0.5371,0.0002958,2535.03,0.75,0xb4...7cbf,https://etherscan.io/tx/0xf97f36f14adbdff43eff5972a233ac0fabd61288f1c091623b6b3756acb49748
2023-03-21 17:12:47,False,0.5342,0.0002941,2841.71,0.8358,0xc1...ba31,https://etherscan.io/tx/0x46edff8f3d88e7334cc5b1ce3e2956dc3b34de401d32b2ea945edc3991016f33
2023-03-21 17:11:59,True,0.5382,0.0002963,944.865,0.28,0x16...6e68,https://etherscan.io/tx/0x9f561a0a817f671871a896b5503bc94a13096f059673bf0dcc89dda3f4fb02f9
2023-03-21 17:11:23,False,0.5386,0.0002967,10837.6,3.21613,0x94...6967,https://etherscan.io/tx/0x160ae4abffe39a3ebff0d2f16c55c442cdb3ab95b8d41b4c065a5ebd28a4f52d
2023-03-21 17:10:59,False,0.5483,0.000302,12860.2,3.88495,0x9d...15dc,https://etherscan.io/tx/0xe4f247c560a3c0f024b7f1572fae334dacf9e2f33a3ef7c0433a348818003121
2023-03-21 17:10:47,True,0.5563,0.0003065,1516.22,0.4647,0xcc...f816,https://etherscan.io/tx/0x8c205a360b31db82baa7c66e3bd90a6a27db8dad8f179be1ca2ecf2711efb8cf
2023-03-21 17:10:35,False,0.5536,0.000305,2912.21,0.8882,0x18...8bd4,https://etherscan.io/tx/0x315dcd0236b0b45b6a6965bd4778d74753a002d6ff0e561b0f9f7b27f86d4c55
2023-03-21 17:09:47,False,0.5563,0.0003066,4000.56,1.22662,0xaf...1024,https://etherscan.io/tx/0x6a10f30919ce55c0004c2c4d205b72f6a2080dc5f4a775d452b1db92c4f02035
2023-03-21 17:09:11,True,0.5569,0.0003074,8199.41,2.52106,0x91...31ab,https://etherscan.io/tx/0x9d12f87625b3e1a6f80278e00b47202f054b0aa0c4bb6b8a6e733b79240e563d
2023-03-21 17:08:59,True,0.5507,0.000304,6578.15,2.0,0x80...6761,https://etherscan.io/tx/0x170b7bb304d5706c4a9fdb09486db2dcfc564df634e73045d3b1c389b067ae41
2023-03-21 17:08:59,False,0.5501,0.0003037,13031.6,3.95772,0x9d...15dc,https://etherscan.io/tx/0x9d1f6bd54feeddea19c891fca6b76c550bbfdcbb6fcfa922e723ea25bde872f0
2023-03-21 17:08:35,True,0.5576,0.000308,2142.5,0.66,0x1a...8ad0,https://etherscan.io/tx/0x186981e29e84ee17d018c68a23f76be9d7e3e73081cdadc1e7c927dea0461a87
2023-03-21 17:07:47,False,0.555,0.0003063,2789.07,0.8544,0x80...9c97,https://etherscan.io/tx/0x8f40a65116738a3427eb24acd2939201a7e7812d7a091a3b80d7169dce6d187f
2023-03-21 17:07:23,True,0.5593,0.0003087,534.675,0.165,0x8c...3c51,https://etherscan.io/tx/0x38f35f045eefa24f5f7f5a9f6aa1307b78dd53b6d8cc3e713dca7f991b04c7f2
2023-03-21 17:07:11,True,0.5589,0.0003085,324.12,0.1,0xe0...7ac0,https://etherscan.io/tx/0x0e87d682a7ea1a367dc0e21240aa2d269def2eb4e191eaf97175e174cc55fa10
2023-03-21 17:06:35,True,0.5512,0.0003042,18129.2,5.5156,0x0f...498a,https://etherscan.io/tx/0x8dda6dff2340c57ad4e94235b4d03d13c6a93451369a46dd0f3b43819efddc21
2023-03-21 17:06:35,True,0.5403,0.0002982,8383.35,2.5,0x10...7b6b,https://etherscan.io/tx/0xcbe24cfe31d4f136a180da1991b1159ccf951f8c9c81208b603e2c588a90ad33
2023-03-21 17:06:11,True,0.5367,0.0002962,508.778,0.1507,0xc4...229f,https://etherscan.io/tx/0xcbfe03e03a9cb553502045e02d67616d5fd0c32e5b8d40e8c8da9a0a3d766527
2023-03-21 17:05:59,True,0.5362,0.0002959,675.747,0.2,0x25...702c,https://etherscan.io/tx/0xa9de9a7273e2de9a3e5e560bd4f84ac7a9357434864431df785940c6ef0c49e7
2023-03-21 17:05:11,True,0.5348,0.0002949,3966.85,1.17,0x04...8c09,https://etherscan.io/tx/0x568852566f0b2fb13a6b86ac4108fc018fa1698b15a9f63a5c6d3c72b071e29d
2023-03-21 17:04:47,False,0.5314,0.0002929,3005.27,0.8804,0x49...f683,https://etherscan.io/tx/0x1cf7d0827729437f8abfa700cee826af989844a11d3e65b19e695064446c2cee
2023-03-21 17:03:23,False,0.5341,0.0002944,3848.36,1.13321,0xc6...27b0,https://etherscan.io/tx/0x3739d05a29a861b564d09bc31cd5e8dfd52a619f3d623f7cb5cc287b6909ee7f
2023-03-21 17:02:59,False,0.5368,0.0002959,2909.39,0.861,0x80...9c97,https://etherscan.io/tx/0x95ba257b8f1d52e44422a865fff03a57b58d00b1f1c9b300442d41cc65a94439
2023-03-21 17:00:47,False,0.5385,0.0002969,1481.65,0.4399,0x20...c09c,https://etherscan.io/tx/0x190e243926fe12cd9cbefe9350bc6277d874f309142dd3fbb2cc35543583d442
2023-03-21 16:59:59,False,0.5397,0.0002974,940.0,0.2796,0xef...cb95,https://etherscan.io/tx/0x6eaf06dcdd056b79bb37d6278b9445906fb5ecc47971d835c7f708f0bc975898
2023-03-21 16:59:11,True,0.5422,0.000299,2023.28,0.6049,0xd6...3821,https://etherscan.io/tx/0x772cadf862b2da29ed3bf6b0a48d6b309e7f4f64e828c619e3277177e9c9471a
2023-03-21 16:58:35,True,0.5396,0.0002975,4490.22,1.33609,0x0f...498a,https://etherscan.io/tx/0x19ba96444f5b5f0463977ec81514d2332d13fddf611053ffbd815542957a086c
2023-03-21 16:58:11,True,0.5369,0.0002961,2000.0,0.5922,0xdb...9734,https://etherscan.io/tx/0xb98fe9431d4fc13e75b131c072a8457f5b8416f556d3594c5846e4f021b81c70
2023-03-21 16:57:35,True,0.5361,0.0002956,175.893,0.052,0xbf...34ff,https://etherscan.io/tx/0x281c8f648504bf306b2db0c14b9c03b8b2148386f1968d54443866003fc10692
2023-03-21 16:57:11,True,0.535,0.000295,2474.17,0.73,0xca...2ce0,https://etherscan.io/tx/0x87ecc3409f0838a07103066b5561cfde90b55865c40ea4c636d038dcb9e6e17d
2023-03-21 16:56:35,False,0.5314,0.0002928,470.0,0.1376,0x61...391b,https://etherscan.io/tx/0x3d32caa6e6a6c36bae9132f9253679577eae5c701db142105c9d7d1e02d9b15e
2023-03-21 16:56:35,True,0.5321,0.0002932,6820.87,2.0,0x51...ee5b,https://etherscan.io/tx/0xcce80367e5afb69924550a49376f3013378646828ed3d8e1cf7a48d08b891986
2023-03-21 16:56:23,False,0.5274,0.0002906,3102.0,0.9016,0x7d...c48c,https://etherscan.io/tx/0x0604f8fee3e2524462b0b34c88827686d729318235041233c1c628760a271008
2023-03-21 16:56:23,False,0.5312,0.0002927,6580.01,1.92633,0x25...ab52,https://etherscan.io/tx/0x67bd821f0300ac5e06ef3808b19bef0d3f1eade5790dc4c2b9126182634b6bd4
2023-03-21 16:55:11,True,0.5377,0.0002959,175.722,0.052,0x6f...ecc1,https://etherscan.io/tx/0xb9d5aed371e54bbac764effb7f4df449412a591c178613039663f3445837891f
2023-03-21 16:54:59,False,0.5408,0.0002975,15652.1,4.65783,0x2a...556d,https://etherscan.io/tx/0x5b0abeca8200fd749d0e294077d1b568f76d16832c2cf751b9d7fad56bb87b06
2023-03-21 16:54:11,True,0.5501,0.0003027,875.441,0.265,0x82...5336,https://etherscan.io/tx/0xf9c5f5aa55fc14cbbf5a3e494111b971fee6d7f87e3609fef6f4fd23a12497dc
2023-03-21 16:53:47,False,0.5481,0.0003015,3788.84,1.14254,0xaf...1024,https://etherscan.io/tx/0x9c51d29f3c44420a2d884ea652d8f6ac8123f06cf19db1df393e6c85f393f821
2023-03-21 16:53:11,True,0.5523,0.0003038,1645.5,0.5,0x59...ace2,https://etherscan.io/tx/0x950895bc501ce5a30b397bf5e9e93d93e3c49e4d77b4222c3010532324684a96
2023-03-21 16:53:11,False,0.5491,0.0003021,1959.6,0.592,0x50...a635,https://etherscan.io/tx/0x817ad8586b4a3077c49f0b0cbbc164467246ef0523e9954efb33780007eff37c
2023-03-21 16:52:59,False,0.5497,0.0003027,846.0,0.2561,0xa6...4377,https://etherscan.io/tx/0x357857e4defdefe6387b8f5eeafa351db3b8e14284989ddf9ece13e92c7a77a7
2023-03-21 16:51:11,True,0.5488,0.0003024,10000.0,3.02473,0x17...ca47,https://etherscan.io/tx/0x90e21f605c483af03c6420a0473deb6cb7e18651c7717cc6acba2128651fe74e
2023-03-21 16:50:47,True,0.5321,0.0002932,31370.9,9.2,0xc5...27ae,https://etherscan.io/tx/0xa24487dadd6221680d7cf8bb142b7ff87e94e6ab8a685c5ee82d6055709e4172
2023-03-21 16:50:35,False,0.5168,0.0002848,119.123,0.0339,0x75...2b7f,https://etherscan.io/tx/0x9d749a103002cf2066ac89e935cf07c10107b015c2d4b0ff05ecfda0a23506cb
2023-03-21 16:50:35,False,0.5207,0.0002869,10046.9,2.88307,0x75...2b7f,https://etherscan.io/tx/0x9d749a103002cf2066ac89e935cf07c10107b015c2d4b0ff05ecfda0a23506cb
2023-03-21 16:49:11,False,0.5251,0.0002892,752.112,0.2175,0xb4...cb80,https://etherscan.io/tx/0x0a4ccafc9354eba19b19b9965bb4685f296675a5a0892c808cc4f37eaeee0604
2023-03-21 16:47:59,True,0.5162,0.0002844,31637.6,9.0,0xc5...27ae,https://etherscan.io/tx/0x24f2e3d766df2554e198c63e389ed6ad4024169b95cee033830711e41f61c6ec
2023-03-21 16:44:35,True,0.5017,0.0002768,5417.62,1.5,0x40...cb06,https://etherscan.io/tx/0xd98b17ffc74720f1bd2507daf5d34717de055dfb45b0a717d10dbf0a92524a27
2023-03-21 16:43:11,True,0.4996,0.0002756,504.183,0.139,0x17...dce9,https://etherscan.io/tx/0x0dd2ba57cba7237b1327d2daaf65505635e97939763b2531ecfe8d8f8bf27fd7
2023-03-21 16:42:47,False,0.4964,0.0002739,141.0,0.0386,0x02...c8b4,https://etherscan.io/tx/0xe8cdfe595e3fd5e68589e9b4891bd5ce52a50b3bc39998ccbe22092c5ba35e15
2023-03-21 16:41:59,False,0.4965,0.000274,235.0,0.0644,0xdb...5fa1,https://etherscan.io/tx/0x681b2617cb1eaae10300fd337fa446fefb5214dd06d516d0b5fb11d6e84b5f06
2023-03-21 16:41:59,True,0.4995,0.0002756,395.409,0.109,0x23...8413,https://etherscan.io/tx/0x9282f633b53c6c96a49a72fcb0de51d7f3e95a6b01f01a1919591e04f03ce2b3
2023-03-21 16:41:47,True,0.4987,0.0002752,1634.82,0.45,0xd2...c815,https://etherscan.io/tx/0xf9de5caac4b13f3f17e87ce1ccc2fa6ff8e29b6a95e7fe37d33d70a6ceda7fbc
2023-03-21 16:41:47,True,0.4976,0.0002746,1456.41,0.4,0xc5...27ae,https://etherscan.io/tx/0x32bf4688c0dd353ab9e98aa603e3f06b6b2320a7c07ffa96dfcb1e5fd0ffb8f7
2023-03-21 16:41:11,True,0.4968,0.0002739,2000.0,0.5479,0x1a...8ad0,https://etherscan.io/tx/0x0bd3d1b2943356590492cff52d40eb9db6241f86b9f796900d814cf280cd4360
2023-03-21 16:37:23,True,0.4953,0.0002732,1830.08,0.5,0xc5...27ae,https://etherscan.io/tx/0xab10f712cdb14101b56a85576a68fbba4ec463846f0ea977724aa5a021657306
2023-03-21 16:37:11,True,0.4946,0.0002728,273.855,0.0747,0x86...b47a,https://etherscan.io/tx/0x01041c4c26766b40adcd3ebd64176c207bef263f2d1c93f5b17054304474ec32
2023-03-21 16:35:59,True,0.4945,0.0002727,114.49,0.0312,0x16...51ff,https://etherscan.io/tx/0x8f8f1242e420ee7a6fcc69fb5cd3dc28fb07ce4638ad7e710e59d025fc07793d
2023-03-21 16:35:47,False,0.4933,0.000272,5170.0,1.40663,0x0b...db08,https://etherscan.io/tx/0x425a286806f7437b52842fa2c69236a82b43a1d34837e2db7a07584f9a023c73
2023-03-21 16:34:47,False,0.4959,0.0002734,1988.18,0.5437,0x8a...4bb4,https://etherscan.io/tx/0xe9abdcd3c501aca483551258b987d7f712e4124243c6db4f424551c92c508f67
2023-03-21 16:34:35,False,0.4973,0.0002742,1968.13,0.5397,0xf1...b342,https://etherscan.io/tx/0x25df91c13a20bbc6a3c652e9fcb3748106b2799ebe6df7749825f87e1f599b7f
2023-03-21 16:34:23,True,0.501,0.0002762,36.1938,0.01,0xb4...3cb3,https://etherscan.io/tx/0xe477a45dcf8b646c8efc2e6bff6ff1dfcaf83049f4cab210c808d012b479f79b
2023-03-21 16:33:59,False,0.4995,0.0002754,4104.85,1.13065,0x09...f9f0,https://etherscan.io/tx/0x1ef9d40caabc8305e0875ecac17620b79b6d92ac3612167b59da49b840b79fc4
2023-03-21 16:33:47,False,0.5016,0.0002766,1786.0,0.494,0x25...702c,https://etherscan.io/tx/0x2a042fbcaedcaf137fa00a25def67065eb9a741078955082b58109d70f1322e7
2023-03-21 16:31:35,False,0.5026,0.0002777,3760.0,1.04426,0x09...f9f0,https://etherscan.io/tx/0x48ebdb0acd34fcdd354747f764cdede4688b126f1621cf903eebae22a5fd44b0
2023-03-21 16:30:35,True,0.5064,0.00028,464.172,0.13,0xd2...c815,https://etherscan.io/tx/0x258111db764dd0f3f612005cda07956313a2c4e7f3fcd9283ca00b1d7abc3d07
2023-03-21 16:28:35,True,0.5061,0.0002799,196.475,0.055,0xfe...78ee,https://etherscan.io/tx/0x04c3aabe47e6dcb738625155d478176ae83e094ea3109d349b024283b6dbc59e
2023-03-21 16:26:35,False,0.5034,0.0002784,940.0,0.2617,0x09...f9f0,https://etherscan.io/tx/0xe95f28cb18da8df92e097b3dcf73ccf7a46b7f953c226ddbea83532ee2ab2789
2023-03-21 16:24:47,False,0.5038,0.0002786,288.432,0.0803,0xff...e501,https://etherscan.io/tx/0x388ee5e825ba7c422389e98c0fdc03f0732dca15ef5cd236fe2a41cb9a278976
2023-03-21 16:20:59,True,0.5053,0.0002789,7170.1,2.0,0x87...abae,https://etherscan.io/tx/0xfb4ec5ff5968b124ba1a9f7b4e86a6c30073deb57adc3b5c29a0bfd1f3abffaa
2023-03-21 16:19:23,False,0.4996,0.0002759,777.858,0.2146,0xe2...a0d2,https://etherscan.io/tx/0x97132e72fe72a2a93d2d3c2b102bcda82031349671736b4acb6d10cb6d528466
2023-03-21 16:18:47,True,0.5015,0.000277,3572.92,0.99,0x2c...4930,https://etherscan.io/tx/0x0f525eb9ba7058a24e5097c9a30a9eaf74a85c6fe202da57c1e1838f863c28fb
2023-03-21 16:18:35,True,0.4994,0.0002759,2276.74,0.6281,0xe6...f006,https://etherscan.io/tx/0x2e1bf4c670f4d147e860d5014a1fdee6e35132209ba06b74ad5fff47434ba512
2023-03-21 16:16:59,False,0.4967,0.0002743,2805.34,0.7696,0x18...8bd4,https://etherscan.io/tx/0xa4dec3f97546b1f8fc550f97a5dfb0875743e43825d7a247ed10b0a36ed618a2
2023-03-21 16:15:59,True,0.5001,0.0002761,1978.78,0.5465,0x42...e3fd,https://etherscan.io/tx/0x54b9b0389f69be083e511898e594870c3d8b384e694a4a5521d77255fc3edc17
2023-03-21 16:15:59,False,0.4972,0.0002746,2431.01,0.6676,0x3c...9a63,https://etherscan.io/tx/0x34c5272cdc2ff0de711ec74ca798b289c48311dd301d7662066feda00022ee93
2023-03-21 16:15:23,True,0.5003,0.0002765,993.645,0.2748,0xc8...a329,https://etherscan.io/tx/0x5ead0b562e2c0b7cf9e8f5ee8fd3fa632e82dbdad23a0b79b92f4e8e11c21df4
2023-03-21 16:15:23,True,0.4995,0.0002761,1267.63,0.35,0xfe...26bc,https://etherscan.io/tx/0x74280680cb7d09a801f7f75667cd2eb15a385542448237dc9b59a3edc7f748a8
2023-03-21 16:11:11,True,0.499,0.0002758,261.057,0.072,0xe3...2dda,https://etherscan.io/tx/0x2211817f9439adc904864459fdb12c58f1616bac1e5506106631a51479874594
2023-03-21 16:10:59,True,0.4963,0.0002743,7107.94,1.95,0x21...e50d,https://etherscan.io/tx/0x9d2a2510d858bb4aba6bb718a532b44244bdbefbd540fc2765d26f0aee6f4773
2023-03-21 16:09:35,True,0.4935,0.0002728,626.11,0.1708,0xcb...baa6,https://etherscan.io/tx/0x84dc0d952e2ddf61061f7a5df2c2f111bccf8295e3d79fe1ef0d47a48038d4e7
2023-03-21 16:06:35,True,0.4927,0.0002725,917.368,0.25,0x62...21f0,https://etherscan.io/tx/0x3731e9ac83703dfb092566a03e54061ce88907a901115f22b3f0baeec5c58fae
2023-03-21 16:03:59,True,0.4938,0.0002733,496.622,0.1357,0x97...fde5,https://etherscan.io/tx/0x054929f88e6587c271f9fd9f15e60feb7208cfc73faafe4c2c414c1e85f9d3dd
2023-03-21 16:03:47,False,0.4912,0.0002721,2699.61,0.7347,0xc1...ba31,https://etherscan.io/tx/0x82a54c71f5b2c715e3f071a1543668f2fb1d62adec8543ab367b8d2f2929f61d
2023-03-21 16:03:11,False,0.4923,0.0002727,485.0,0.1323,0xa6...bb97,https://etherscan.io/tx/0x07ecfd6cb78af7d9a802967c7af04abcb4fb6f3701de9f92657bd83ca7e9f3d1
2023-03-21 16:02:35,False,0.4977,0.0002756,13729.5,3.78391,0x39...c6eb,https://etherscan.io/tx/0xfa370e062150e43eeb9c04031a6748d100ed402e744cce9a305d98524b4ee401
2023-03-21 16:01:35,False,0.5043,0.0002793,4712.99,1.31633,0x24...ca87,https://etherscan.io/tx/0x91daaa9205680208955ac96178cd4b44a9442ca952ffe92ab3530ed1d38c644a
2023-03-21 16:01:23,False,0.5082,0.0002814,5758.45,1.62063,0xb5...3208,https://etherscan.io/tx/0xaff9735c25670fa8179382aca63306a97d4d64b1e6ea5429504d50fe63a476db
2023-03-21 16:00:59,True,0.513,0.0002841,678.725,0.1928,0xdd...b4c2,https://etherscan.io/tx/0xcbef8e1b97ba2ef36ac40ad8661f380ad8a0de29448cb6584c02533bc3d69462
2023-03-21 16:00:59,True,0.512,0.0002836,2115.67,0.6,0x0a...aee7,https://etherscan.io/tx/0x38b7392dcbec50a66745d07d4694ee50b15d106698b61dab88768933cd342db0
2023-03-21 16:00:59,False,0.5099,0.0002824,4848.67,1.36957,0xd8...a294,https://etherscan.io/tx/0xd9a07fd2a02b31171f0e820477732d360509df383710fe7f32498ec1cf235b5d
2023-03-21 15:59:47,False,0.5159,0.0002858,11230.9,3.20997,0xe5...22f8,https://etherscan.io/tx/0xff41dde2f5220d496db302e42d8bac9d3af448c55e8847537e94ca7ceae95ea7
2023-03-21 15:59:11,False,0.5209,0.0002885,1802.05,0.52,0x76...50ae,https://etherscan.io/tx/0x76ebf54b4c56b64274a58f4f2e98f091f7c43fcb16a6e1659e0ee545774544a0
2023-03-21 15:58:11,False,0.5225,0.0002891,1104.83,0.3195,0x9e...e4f7,https://etherscan.io/tx/0x4bcb396044df161e25143d030ae2a53b418ccd9f61a0160b5daeb2c51ddf0863
2023-03-21 15:57:59,True,0.5257,0.0002909,987.453,0.2873,0xc8...a329,https://etherscan.io/tx/0xfb030a8d2414f5df3f52789adf116dcedabe8f392c4b3d50e0dc54b36e2c2593
2023-03-21 15:57:35,True,0.5245,0.0002903,1920.51,0.5575,0x02...b270,https://etherscan.io/tx/0xb4101ce50b621a10acf05bd43e975f85e491cc158e7684fac5ab7ad90583db9f
2023-03-21 15:56:23,False,0.5217,0.0002885,1680.97,0.485,0x6e...3e9a,https://etherscan.io/tx/0x92956eaf2694baf0b648e5a45f23f14b778013f01ebd2906bb3064d1b293fde0
2023-03-21 15:55:35,True,0.5249,0.0002904,1033.02,0.3,0x7b...5afe,https://etherscan.io/tx/0xe61a39c11dda249a7bb94ecb3750f6bf68d2cf125543e4a1263c2abc18cae0a0
2023-03-21 15:54:59,False,0.5221,0.0002888,1952.13,0.5639,0x48...716c,https://etherscan.io/tx/0xb4de4d690370c441dd24c5f850fb66e92cda811798dacb98c1b223d59d06054e
2023-03-21 15:54:59,True,0.5242,0.00029,4711.85,1.36649,0x97...b5c8,https://etherscan.io/tx/0xa6a759aa4f1c7e39cfae6113e6756f827a927699b60ef88d67a2b18129369881
2023-03-21 15:54:23,False,0.5213,0.0002884,5532.0,1.5957,0x8c...42e1,https://etherscan.io/tx/0x0fab94da02413c12c6c9c0a6783ed19e6f2aa9567694171bb345604b1f8e5fda
2023-03-21 15:54:11,True,0.5267,0.0002913,99.1536,0.0288,0xf3...94b2,https://etherscan.io/tx/0xe126102f6bbc607286d94735e08032cde1b241edb1259053f08994e17ed4f77e
2023-03-21 15:53:35,False,0.526,0.0002909,6374.8,1.8548,0xe5...22f8,https://etherscan.io/tx/0xc397cba80b55e7d1e7ec9323a79e8a4e616f1c49381dfeaf7854d6e641bdc3e6
2023-03-21 15:52:47,False,0.5286,0.0002927,1752.83,0.513,0x0c...70d7,https://etherscan.io/tx/0x81c15d63e6d448e650730b801907be0fc0fa43805f0c77bd48a4746825940d2c
2023-03-21 15:52:35,True,0.5323,0.0002947,465.893,0.1373,0xf3...94b2,https://etherscan.io/tx/0x842a1baf40ee56703fda776fe3f19c64b164c95823322a7dc89bc74f90ba2121
2023-03-21 15:50:47,True,0.5306,0.000293,7371.3,2.16013,0x34...4d2e,https://etherscan.io/tx/0x93f4a6e23b362faa728d4a45085436683248b3d79537aad2ba1d540dd7fb51c4
2023-03-21 15:50:47,True,0.5275,0.0002913,343.205,0.1,0x0c...8eee,https://etherscan.io/tx/0x28094242438a327b05a5e153516ae5afdf4c2664328bdb57f60739c0368d4a35
2023-03-21 15:49:47,False,0.5255,0.0002899,1823.67,0.5287,0x77...dab2,https://etherscan.io/tx/0x741a856d99a26d158c4605983aa4fbc1b35032d1b53047cbf408efe632de95b6
2023-03-21 15:49:35,True,0.5275,0.000291,4732.43,1.37742,0x42...e3fd,https://etherscan.io/tx/0x24a8a7058a043753a6c428186bb5b4d0dc3b2764982faa9edffd67c272528d15
2023-03-21 15:49:23,False,0.5234,0.0002887,2146.44,0.6198,0x6e...72bd,https://etherscan.io/tx/0x75ecd21d5ad57e5f3b37e7008beff0072ea36c2ac7829b71cb96e65d99dd659c
2023-03-21 15:48:59,True,0.5267,0.0002906,1601.12,0.4653,0xd6...65f5,https://etherscan.io/tx/0x8bde4dd94c7885f464dc77728d609a7d2676e6a666210e04d9b3c1fbb776b461
2023-03-21 15:48:23,True,0.5255,0.0002899,1552.05,0.45,0xea...ea36,https://etherscan.io/tx/0x0cb1473284f2565d1d0667c950ba8d6e54e3c116cf85f13c9f02a5eb18dbcd78
2023-03-21 15:47:47,True,0.5249,0.0002895,106.42,0.0308,0x6e...7e5b,https://etherscan.io/tx/0xf64504a5003ac2e226bc5ca3279767f26fff9dd2c2d29f4423e7197552b082d0
2023-03-21 15:46:59,True,0.5241,0.0002889,2844.73,0.8219,0x7f...ac6a,https://etherscan.io/tx/0x588775d801539d9dd1602aa1e39311d8ad2f29380cd3466eed14a466f90e53da
2023-03-21 15:43:11,True,0.522,0.0002881,765.217,0.2205,0x5e...7f63,https://etherscan.io/tx/0xb9cae5942daa8786f44983a4b175789468795e7a5ebe184e7b5b6e894e85a911
2023-03-21 15:43:11,True,0.5213,0.0002878,1042.42,0.3,0x40...d61f,https://etherscan.io/tx/0x184bd284778df421569fb9b45b9a52598a4a5101a12fd259c259967b93cd1241
2023-03-21 15:43:11,True,0.5198,0.0002869,2892.31,0.83,0x3a...fe88,https://etherscan.io/tx/0x1a1fd0a259bfd03ee2362eca556d1217759a82e5ab59dd0494243c6214748167
2023-03-21 15:42:11,True,0.5161,0.0002848,7206.18,2.05266,0xac...70a5,https://etherscan.io/tx/0x569837de281cc30c6e174565ef55d927a643ff6dba167ae1e195647fec80d831
2023-03-21 15:41:35,True,0.5128,0.0002829,2120.83,0.6,0x25...702c,https://etherscan.io/tx/0x151ccabb0979fcea4492c63fcfda6b48327cca9e7b392786a298c7a7c89668f4
2023-03-21 15:41:23,False,0.5112,0.0002821,6663.12,1.87999,0x97...4025,https://etherscan.io/tx/0xc45ee3eae6c15e97f369b36de1b0eef3da82704f3a4173e635c9345f65d6b93b
2023-03-21 15:40:59,True,0.515,0.0002842,4674.24,1.32868,0x42...e3fd,https://etherscan.io/tx/0x8f3726fffec5c8a57fc3423c67396decaee997a7d550814af4d70af35f04c657
2023-03-21 15:40:11,True,0.5119,0.0002826,3207.08,0.9063,0xd1...4001,https://etherscan.io/tx/0x7b50fb8a4e02b659818ad15a1a8553a4827bfe96dbcc6df920147cac15897b51
2023-03-21 15:39:59,False,0.5096,0.0002813,5086.41,1.43088,0xaf...1024,https://etherscan.io/tx/0x03c3cdfd9ecdc0d184558b50c8e0bf151e04fecf1406494511de598fcb50be0c
2023-03-21 15:39:23,True,0.5142,0.0002838,1000.0,0.2838,0x3b...8413,https://etherscan.io/tx/0x0e93607de7fc7dbcaca1345597e83fd049410124fbc2d526cf50c8dcbf667ee9
2023-03-21 15:38:47,True,0.5126,0.0002826,4598.67,1.3,0x08...c2fb,https://etherscan.io/tx/0x1d021d8a1c9d318948cb450464a547daafebb7a1b8ed55981a9f8dba5e6c25c5
2023-03-21 15:37:11,False,0.5066,0.0002805,2171.94,0.6092,0x25...702c,https://etherscan.io/tx/0x612b2b831ef4acb61f20e068b8b40b9e89753ada0859dc0cc87eff4952a5717a
2023-03-21 15:36:47,False,0.508,0.0002812,1455.0,0.4092,0x23...d3e4,https://etherscan.io/tx/0x0e1812644745611e6f0a31a4fc7ec3b8d2ada7e16faef90c710b4cb5bb8a5728
2023-03-21 15:36:35,False,0.5088,0.000282,2342.65,0.6606,0xdb...d71d,https://etherscan.io/tx/0xf2948424e92bb7adc0ac5ac9a0f644f38ae45a57cca4d90b1136d30837955c1d
2023-03-21 15:36:23,True,0.512,0.0002838,1761.56,0.5,0x33...6497,https://etherscan.io/tx/0xd359896327ecbb1c027429752d345ee41a0b6e22ae2b9db7cb3c2efcaf6812ac
2023-03-21 15:36:23,False,0.5085,0.0002819,590.785,0.1665,0x2f...056f,https://etherscan.io/tx/0xee71179b6cf7f31ad1f3a6b4eaa75974c44707d4a161da7335f9830e2dd23dd2
2023-03-21 15:35:47,False,0.5096,0.0002824,1940.0,0.5478,0xde...870e,https://etherscan.io/tx/0xe844dbc2d1de61532028ea65e1c999cfa770d2f2f2b484670a562df5fd848e63
2023-03-21 15:35:11,True,0.5101,0.0002826,8843.67,2.5,0x33...6497,https://etherscan.io/tx/0x59198484ec59b832ecae76b3613b5d0f33e6c5091da7a8b2ac5d8c91dff55b69
2023-03-21 15:34:59,True,0.5057,0.0002802,2949.05,0.8265,0x43...af8d,https://etherscan.io/tx/0xdea10191c84c4a93099c184dd353e7270e017c6fa38ef1ae15fd4164e0a2093e
2023-03-21 15:34:35,True,0.5044,0.0002792,1969.44,0.55,0xbc...f13a,https://etherscan.io/tx/0xd5efe12153ca3501ca84a822bc158487dbe7ffe8d119fdf5d5da7ed005289ef4
2023-03-21 15:34:23,False,0.5018,0.0002778,3069.18,0.8526,0x49...f683,https://etherscan.io/tx/0xe0419402dd591167258c16fa8cfe9367c598172a944cb519fc4e1b343a06ac98
2023-03-21 15:33:35,True,0.5056,0.0002798,1250.64,0.35,0x08...c2fb,https://etherscan.io/tx/0x8bbf4e515894ccd946c0c09e32adecb5056f5c2d089efc35434b4118492638d9
2023-03-21 15:33:11,True,0.4946,0.0002737,29220.5,8.0,0x5a...3bd4,https://etherscan.io/tx/0x76efe9a0f847b70c18de66f1e04669f279444d1917bf5e1640a39f4e78d63e9d
2023-03-21 15:32:35,False,0.4819,0.0002666,970.0,0.2586,0xe5...e858,https://etherscan.io/tx/0x97b9005b35ee8f88dff0761db26254ccb651658bb67ecf0f120643bc07fe8ff4
2023-03-21 15:32:23,False,0.4834,0.0002675,3451.36,0.9232,0x18...8bd4,https://etherscan.io/tx/0x740c2411d6974a4c85107e196634d45d707f87cf13d9dcd8b1f8dafba3281964
2023-03-21 15:28:59,True,0.4868,0.0002696,556.216,0.15,0xef...5a95,https://etherscan.io/tx/0xb35fb50e86930dcdd2238113024edd327d78b552f785be89a8ed8d2cf56ec14c
2023-03-21 15:28:35,True,0.4859,0.0002693,928.009,0.25,0xa7...0269,https://etherscan.io/tx/0x28e96ff7245a29ce51600dcd7e2e101d83615dcb408bcd9154d0f2adb10b9175
2023-03-21 15:27:35,True,0.4824,0.0002679,6718.16,1.8,0xef...5a95,https://etherscan.io/tx/0x85d99ce4b345af8f6f9ff3b4fc96480c5a091e421e989172cf5abbd880bc7afe
2023-03-21 15:27:11,True,0.4771,0.0002649,9032.84,2.39329,0x70...aaec,https://etherscan.io/tx/0x0a62a963b14e3b96ce5f94c8ab329e741db5bd6b516fccb9eeaad2daa54401e9
2023-03-21 15:25:35,True,0.4752,0.000263,1048.94,0.2759,0xea...726b,https://etherscan.io/tx/0xc4a1d54fe0c70f627da363cc12831180119e68dbd5a45ddc4e6cafd407a57703
2023-03-21 15:25:35,True,0.4737,0.0002622,3677.58,0.9642,0x5d...caaf,https://etherscan.io/tx/0x0992a95c803e8965e4c97e362ff7a4a732f33dd670e8eb74414a4a672e892de2
2023-03-21 15:25:23,True,0.4721,0.0002613,1052.43,0.275,0xea...726b,https://etherscan.io/tx/0x1a5777b553139b8258289bded0eae21fb48ec3a9b7142e71f0068bf9385c5bcb
2023-03-21 15:25:23,True,0.4717,0.0002611,146.616,0.0382,0xc0...e189,https://etherscan.io/tx/0xf9e69e6b288009d7f76347524fb05ea13e41b3482b00fdff7779bbcb1a7dfd63
2023-03-21 15:24:59,True,0.4714,0.0002608,1054.24,0.275,0xea...726b,https://etherscan.io/tx/0x03ab3781d6c9e42b610e133b78f55a75b90c65e74e83ff01504a3de56cb79545
2023-03-21 15:24:23,True,0.4721,0.0002605,959.615,0.25,0x35...15d5,https://etherscan.io/tx/0x1b9cd2af2a572b9e795586f77c377f8e599fa6197a6f7e4d58a2e41aa31103a6
2023-03-21 15:24:11,True,0.471,0.0002599,2308.36,0.6,0x25...702c,https://etherscan.io/tx/0x3ebfa4701dc45ec4a085384d6d50619259c9f1b12cb491d454bb4c4bcc98c2f0
2023-03-21 15:23:23,True,0.4686,0.0002585,5027.19,1.3,0xdf...8bcf,https://etherscan.io/tx/0x609646d987e4e97403177a847b5de03ac271727c59aedc976c4ebe9fe0062f73
2023-03-21 15:22:59,True,0.467,0.0002576,194.059,0.05,0x1d...0d3f,https://etherscan.io/tx/0xe5fb5ff188c4478eec2926e4303ae17787bc45da49bcd66bd293ebea48c3c115
2023-03-21 15:22:47,True,0.4664,0.0002574,776.762,0.2,0x5d...5601,https://etherscan.io/tx/0xa701903f6f058b0ec46f6a5c9346f406ae34b0057a5f0f2940def7b02f976d6b
2023-03-21 15:21:23,False,0.464,0.0002559,582.0,0.1489,0xa2...4c7e,https://etherscan.io/tx/0x1625038c97d1031724b67049bc65e27eae7e33fce745f8bcc4982b2beb7d3fcc
2023-03-21 15:21:11,True,0.4667,0.0002573,971.351,0.25,0x5a...c799,https://etherscan.io/tx/0x720594ddb2f086f27d4e362d6c9bbd0f6351699973709ee1559ff861382f2dc0
2023-03-21 15:20:35,True,0.4656,0.0002567,2562.7,0.6579,0xd3...6e2b,https://etherscan.io/tx/0xadd71d7143bd71fb5e02860a87f8fb786c6d56392728be180037bdedac0b0717
2023-03-21 15:20:11,True,0.4641,0.0002559,1953.62,0.5,0x5a...c799,https://etherscan.io/tx/0x444c6c933dcbae2c78f22fa8a9ac6896a5dd6392654732e83e6933b771d5f2b6
2023-03-21 15:18:47,False,0.4614,0.0002544,2473.5,0.6294,0xd6...3821,https://etherscan.io/tx/0x57ffd89ece3ab46201b2154d2d4a77b655f5d64e463195b5d061124e601cbcb4
2023-03-21 15:16:59,True,0.464,0.0002564,116.984,0.03,0x23...8413,https://etherscan.io/tx/0x8f73bd7fee726dce02ecf3715c62acc2f70342350bca4c476b46e3119575aae6
2023-03-21 15:15:35,False,0.4623,0.0002553,2425.0,0.6191,0xcf...3224,https://etherscan.io/tx/0xdc74c506644e2fd3f28f7bcc72bd2f0840b65a9b457f0e1266f5ca9de3242199
2023-03-21 15:13:23,False,0.4644,0.000256,1940.0,0.4968,0xf1...93f3,https://etherscan.io/tx/0xfe6337f8af57667e5b561d8be553bba46faff2b3f8cfc52fefe55c1e3210493f
2023-03-21 15:10:59,False,0.4663,0.0002567,1915.98,0.4919,0x29...84fe,https://etherscan.io/tx/0x8928641b69428c3c84e8d36ae882fc3f8b448aae5f3f4eff715e6b43fe2d34e6
2023-03-21 15:10:23,False,0.4685,0.0002582,6221.51,1.60668,0xd6...75e6,https://etherscan.io/tx/0xdaaefdd73ea79a2398bb1176663f08aa61aee7d1c8232ce2c367d852def18e92
2023-03-21 15:09:59,False,0.4716,0.0002596,1791.89,0.4653,0xe5...22f8,https://etherscan.io/tx/0x74f6ed01a682946f384f0ba4d0c62edffe81a4aa7bf048197ab085f2cbb74a1b
2023-03-21 15:07:47,False,0.4725,0.0002601,554.84,0.1443,0xe1...e6bb,https://etherscan.io/tx/0xe4ee64372d927738d3458182559c4749980341037edeac6c980372cbd4f1daa3
2023-03-21 15:06:35,False,0.4748,0.0002613,6111.98,1.59733,0x25...ab52,https://etherscan.io/tx/0xa1b7610e4580651837337775b68a320e3192c3a09087b06c23adf093d69ff7f3
2023-03-21 15:06:35,False,0.4802,0.0002643,10032.5,2.65197,0x25...ab52,https://etherscan.io/tx/0xa1b7610e4580651837337775b68a320e3192c3a09087b06c23adf093d69ff7f3
2023-03-21 15:03:11,False,0.4883,0.0002669,4075.89,1.08821,0xd6...75e6,https://etherscan.io/tx/0xf01c7a2b8580ce5a4db4e5e3b049615f7c8ccb70957cac8532f91fc29447b592
2023-03-21 15:02:11,False,0.4913,0.000268,1746.0,0.468,0x37...bcac,https://etherscan.io/tx/0x2d01c8409000464f5d6473d8212dc439eb6b4de5b257133152ad0fc791b66331
2023-03-21 15:01:47,True,0.493,0.0002692,4053.38,1.09143,0x74...b19b,https://etherscan.io/tx/0xf535ce8942d2608ac38d6a14bd8e008dd0da9ffde97b4025bfba4142cb50fd53
2023-03-21 15:00:47,False,0.4859,0.0002672,1746.0,0.4665,0xde...870e,https://etherscan.io/tx/0x9b7e060a6bc314a2468f6092543ceb99de76a584c623b9ccef838a3c699d81f5
2023-03-21 15:00:11,False,0.4882,0.0002684,4737.17,1.27168,0xaf...1024,https://etherscan.io/tx/0x96e2bdca37b07b93372c5c84fa4d04703b8f8a1be2d1953d24123916d43d2126
2023-03-21 14:59:47,False,0.4911,0.00027,3799.01,1.02606,0xc2...0b9b,https://etherscan.io/tx/0x9f204b712732a4864958fac24a041d30b45aeda9b6bbf401f74106efd456afb1
2023-03-21 14:59:23,True,0.4916,0.0002703,11099.0,3.0,0x28...0741,https://etherscan.io/tx/0x204fd066d0f79c97485c5e251613546498e05f366f144f480e280c48cee0604b
2023-03-21 14:58:47,False,0.4854,0.0002668,1738.73,0.464,0xec...d95c,https://etherscan.io/tx/0x4223ade96cd5af5eae8ee055ff261c849e76d95816c3e9c62aeb3c0cf09fc8c4
2023-03-21 14:56:59,True,0.4808,0.0002645,22680.5,6.0,0x28...0741,https://etherscan.io/tx/0xc982a21974efaffe2061829ee92d1901f7d41fc156453a83a26b3afe08a0d132
2023-03-21 14:56:59,True,0.4668,0.0002568,19468.0,5.0,0x28...0741,https://etherscan.io/tx/0x81941ef296f12518b9a0f6c9f72f47cfcf377daa5d98ac2b9dc2937cb506f655
2023-03-21 14:47:23,False,0.4556,0.000252,1006.76,0.2537,0x4b...2cc4,https://etherscan.io/tx/0xa62699bc342ac621872af8413e2ebd695e4284067f8120bf23450213c5b91ea3
2023-03-21 14:47:11,True,0.4575,0.0002533,2157.83,0.5466,0x4e...be6e,https://etherscan.io/tx/0xe0dd2ec25f8e466ca2f4a917b49311c5ec66e28b1f868de2c9910f165359b3bd
2023-03-21 14:40:59,True,0.4536,0.0002509,11957.1,3.0,0x87...abae,https://etherscan.io/tx/0xee81d09663d1211b663331e8fa3be04d284d44270778c25fef84ec67d13732f1
2023-03-21 14:36:23,True,0.4502,0.0002476,7147.84,1.77,0xb9...8fed,https://etherscan.io/tx/0x032a2dda8b1d011203e2ffa008570ad2d6c530b4b7badb9350eea1af2df8686a
2023-03-21 14:35:11,False,0.4461,0.0002452,1940.0,0.4758,0x14...eb07,https://etherscan.io/tx/0xf431627089df3af88243c8e2d634a47802ccd1646d0d09f64ff74e9d4ecdfe2b
2023-03-21 14:33:59,True,0.4477,0.0002466,2594.92,0.64,0x42...db37,https://etherscan.io/tx/0x33227bfbf0b7bd0cb9dafdc823fc26db41430362662f0d08c1005329a1595ffe
2023-03-21 14:29:59,True,0.4455,0.0002458,2237.37,0.55,0x87...857f,https://etherscan.io/tx/0xf4429fd6d0f5ca086e26e928bbd08dec0b44aa5336dfa7411861f30259ee6487
2023-03-21 14:26:23,True,0.4437,0.0002451,1758.12,0.431,0xd9...ad32,https://etherscan.io/tx/0xeba23de82c75699f0420fc42607ad1ab36688260592b32690e98aa1bef978e17
2023-03-21 14:25:35,True,0.4421,0.000244,4917.11,1.2,0xb6...23bd,https://etherscan.io/tx/0x32cb353417332471c7573c984d427e723582322815d2875440fda122a3d54d76
2023-03-21 14:21:35,False,0.4389,0.0002423,3354.36,0.8128,0xc1...ba31,https://etherscan.io/tx/0xbc51dc3cc617b7cbafbeff5c32e01f2949739dfe4103b19e6b2189798895f4bc
2023-03-21 14:18:47,True,0.4349,0.0002404,23704.4,5.7,0xe4...24a7,https://etherscan.io/tx/0x608aa63c89c6883f8fe1928453661ffcfaf5da1a707175c8f143eea9866da8d1
2023-03-21 14:16:11,True,0.426,0.0002353,8473.54,1.994,0x15...fccd,https://etherscan.io/tx/0xba7a87712715088ec4baf5eb41071aa5ea024fd23510665802bd30edd85f498e
2023-03-21 14:13:35,True,0.4234,0.0002338,812.416,0.19,0xed...9b54,https://etherscan.io/tx/0x9e022e97e80867baf7ec7d1bfbf46d5aa58fd9d007f22221b426d1fff9d18716
2023-03-21 14:12:35,True,0.4239,0.0002336,342.332,0.08,0xfa...f5b1,https://etherscan.io/tx/0xbf4da54b2ad1828af0b546e1f7992c368c077cf505f8d140942ec49903a9d4f5
2023-03-21 14:10:59,False,0.4215,0.0002324,1067.0,0.2479,0xa2...4c7e,https://etherscan.io/tx/0xd9668157214c580021e6ff3d503577866b62073e19f07ca126e1f08b4fdca4a0
2023-03-21 14:07:47,True,0.424,0.0002337,1711.58,0.4,0xf6...fffb,https://etherscan.io/tx/0xe6fc2a2ff7180f60066d3c50d50c861c25378f6624be166e40db0318b8c29f56
2023-03-21 14:04:23,True,0.4226,0.0002334,236.757,0.0552,0x62...7756,https://etherscan.io/tx/0xeb8057421a571563b593d6a31c32eca4774378e4f9fbd469b6ce89f7850213dd
2023-03-21 14:03:59,True,0.4196,0.0002319,9053.01,2.1,0x6a...636d,https://etherscan.io/tx/0x81146fbccfe3534a2a5e87d663ad7427dea362b9551a1270e780527b3c91c2f9
2023-03-21 14:00:35,True,0.4166,0.0002303,1302.17,0.3,0xe6...80ff,https://etherscan.io/tx/0xd2cb13dceb5ee71b11e9e72d86e7bbe61ea250138caf048c27b5b4ff418abb8d
2023-03-21 13:53:59,True,0.4145,0.0002299,1304.41,0.3,0xea...ea36,https://etherscan.io/tx/0xaeff281247b7f4d47a2a301f0303556de7a4fe7825829d73ed32f2bc50e173f0
2023-03-21 13:51:59,True,0.4122,0.0002291,4364.3,1.0,0x1c...cc30,https://etherscan.io/tx/0xa3a04695ece243bf0e7265014b343837ba7a2b6f6b0bcfdb4efba4a60fe354e4
2023-03-21 13:50:11,True,0.4103,0.0002284,399.866,0.0913,0xa6...2a40,https://etherscan.io/tx/0x7158e2747e32d49fb93e6dc3c20dab8c1c5ceddf79b72c2ce3f06d0fa7054af8
2023-03-21 13:48:35,True,0.4087,0.0002279,2632.03,0.6,0x2b...09ea,https://etherscan.io/tx/0x25af1661ad2fa7bfce9d7d92e50dbdfb09c258764d60f052218240313acb2e45
2023-03-21 13:45:11,False,0.417,0.0002336,48500.0,11.3307,0x5a...3bd4,https://etherscan.io/tx/0x2241d23bd545472371f4a3d4c68dbfc321b80bc76a17740f2a912724eef9e8a8
2023-03-21 13:44:35,True,0.4333,0.0002427,71.2162,0.0172,0xcd...8b8d,https://etherscan.io/tx/0xc16bd7d29052617e77a621d5c17ab69b2bc85b20447b9e90b64803d9da925a4e
2023-03-21 13:39:35,True,0.4303,0.0002426,234.902,0.057,0xfe...8cb9,https://etherscan.io/tx/0x9fda6013ff3e015c0104701dd693992642af7e5af4773da31c5496d26492fb76
2023-03-21 13:37:59,False,0.4277,0.0002413,1067.0,0.2575,0xa2...4c7e,https://etherscan.io/tx/0x5b8d7c9ec48c8d201b3e00938ec9b1ed9f3080c87a4d1cfd8840581572600411
2023-03-21 13:31:11,False,0.4266,0.0002415,242.5,0.0585,0xc6...133b,https://etherscan.io/tx/0x6f8f7be8e46539daf8f1a5f393144d908a2a3ecc17cc013a846519aaba5ffbb8
2023-03-21 13:27:23,False,0.4268,0.0002421,3274.82,0.7929,0x49...f683,https://etherscan.io/tx/0xce623f8b7e9d96e8440e689618c286c36ef5ecefd95503171322ed90e6a69bd6
2023-03-21 13:26:47,True,0.4299,0.0002441,116.74,0.0285,0x67...57a2,https://etherscan.io/tx/0x8c35d146b5e4fde440824f32ea50b783a2a6fdd99f1109acc15101a55359cca8
2023-03-21 13:23:47,False,0.4277,0.0002431,2910.0,0.7074,0xc1...9ee2,https://etherscan.io/tx/0xee8847075f880604ba0f136c8d997423f28eb974ec13531f40f5f90a85835a41
2023-03-21 13:23:11,True,0.431,0.0002449,462.387,0.1132,0x7f...75a5,https://etherscan.io/tx/0x5fa8b164663730e3c13b71037aaf26adc6dcf84a1131e8a1d04020f276eb2cd3
2023-03-21 13:20:11,True,0.4312,0.0002448,156.692,0.0383,0xb5...1158,https://etherscan.io/tx/0x1c3fe60897af848b7d8aa880801cec4004b0c540a47a67077a453d0a768765d8
2023-03-21 13:16:23,False,0.429,0.0002434,398.582,0.097,0x55...ce90,https://etherscan.io/tx/0xa248b5d53a436c2a9ff54a7ac389e86b32a17b92f472f1cb08f4b4cad6c2f9ab
2023-03-21 13:13:47,False,0.4289,0.0002435,102.797,0.025,0xf8...0a3c,https://etherscan.io/tx/0x3c549c7afd50bcb1b8ce9ff3cfbee53dc58684cce1c9ad83b271aff0dc4351a4
2023-03-21 13:11:11,True,0.4305,0.0002446,2220.0,0.5431,0xe9...f2fc,https://etherscan.io/tx/0x7b61476252dd6ba4e5d61ab70eb5c95e08f90ddd7ea8d29933a0ebb2eb017f1f
2023-03-21 13:11:11,True,0.4298,0.0002442,126.918,0.031,0x88...b224,https://etherscan.io/tx/0x1bc697a84805fb6cf7140eeb13214f939823fd533d7aab62c1e062a279cb13e8
2023-03-21 13:01:11,False,0.4283,0.000243,1983.18,0.4821,0x86...860f,https://etherscan.io/tx/0x1b25e8812ae5bd17c427fe3d7b38d33cce487448a1fde1c57530b6e6d3e0e3a6
2023-03-21 12:54:47,True,0.4315,0.0002447,612.781,0.15,0xed...1503,https://etherscan.io/tx/0x85e740e75f67189d7ee75ec0bbb92a745db5816f65cd29ff06b42504fc86e2bb
2023-03-21 12:51:23,True,0.4309,0.0002446,121.0,0.0296,0xe6...12d6,https://etherscan.io/tx/0x2ceb1b3239f83ab32b59134812ec0981c1df4ea49c77221bb8116d3fdab26b2f
2023-03-21 12:49:59,False,0.4285,0.0002433,996.19,0.2424,0xed...9b54,https://etherscan.io/tx/0x66658dea330d0811236cf0de22dc7a955826d191b06adf937df161caafee8134
2023-03-21 12:48:23,False,0.4297,0.0002441,3880.0,0.9473,0x44...5e0e,https://etherscan.io/tx/0x65927cd066f212941b54813dd6e154f66fcead6ebd5618c31bf706ac7247a34c
2023-03-21 12:46:35,False,0.4318,0.0002452,2910.0,0.7137,0x44...5e0e,https://etherscan.io/tx/0xd22d9da0e664d01e1963d6b130ccf677acc623f9ed98c912605e0fee35c145e0
2023-03-21 12:42:11,True,0.4345,0.0002471,572.969,0.1416,0xcd...51c9,https://etherscan.io/tx/0x57b580b016ce4227e66aa4ef672ac79907ed504384fae22258b00ec306a16e98
2023-03-21 12:36:59,False,0.4321,0.000246,3074.03,0.7564,0x80...9c97,https://etherscan.io/tx/0x94c66767b0654ccd671510a2406a79f041be0ae27cac951b7ba96fcb52d637fe
2023-03-21 12:32:11,False,0.4343,0.0002472,3589.0,0.8872,0xfb...8746,https://etherscan.io/tx/0x7d3c19ac0e774cc0b4d6a830c642d5b62284c4c7dca34a07069013235aa21858
2023-03-21 12:28:59,False,0.4354,0.0002478,235.71,0.0584,0x2c...288f,https://etherscan.io/tx/0xb5097984f55fc2a0fc60cf66262a720a44382986b22a472f226be456b7fd6e3a
2023-03-21 12:28:11,True,0.4379,0.0002492,681.979,0.17,0x53...783a,https://etherscan.io/tx/0x8ccb374739d485cf957d8ac81770a42baf7d44c850509a38e7be787fe6679162
2023-03-21 12:23:35,False,0.436,0.0002482,3477.55,0.8633,0x18...8bd4,https://etherscan.io/tx/0xee02ac60fe803c2a1a2644f535683d019b1a0363b5054efa5229f6c4960552e0
2023-03-21 12:19:47,False,0.4386,0.0002498,5820.0,1.45411,0xe3...8a95,https://etherscan.io/tx/0x6c52e700e7681d0e00767fae61c44fad6dc3d530fa3b40464bcf772c2da78588
2023-03-21 12:16:35,False,0.4406,0.000251,1245.48,0.3126,0xf5...e520,https://etherscan.io/tx/0xef2d7b38182dd5e24d840e3939cf5c9c9511d2b890177bb3b805c5601a868faa
2023-03-21 12:14:47,False,0.441,0.0002512,82.4706,0.0207,0xd8...4de9,https://etherscan.io/tx/0x2f4dd9f508b90092ec3c42936abbc6bc9cb01f5e3286544f5c94e5ebc78e0a25
2023-03-21 12:11:35,False,0.4419,0.0002516,1780.92,0.4481,0x1a...8ad0,https://etherscan.io/tx/0x3efdedaa0ce60c18bd527ff191edd586e702e266935d53171fcb10f93d1a4df2
2023-03-21 12:06:23,True,0.4456,0.0002534,118.38,0.03,0x72...8485,https://etherscan.io/tx/0x99140ade6a719aaee882a1a6639d2a924cc95e0fbbc931791f0e6138f7eb39d7
2023-03-21 11:57:11,True,0.445,0.0002532,1000.0,0.2532,0x67...132c,https://etherscan.io/tx/0x2208dcb80e8ae1e57b9cec5e241e08a5274638463eb3e396b26789008cd48455
2023-03-21 11:57:11,True,0.4446,0.0002529,553.462,0.14,0xfa...bb71,https://etherscan.io/tx/0x1b3821ca17e83a294a9635b2eef79a705105e39430279e48cd3a31bdc1ecb654
2023-03-21 11:57:11,True,0.4443,0.0002528,299.268,0.0756,0x1a...a318,https://etherscan.io/tx/0xf381b5ab8c5b288500426d613a7b6f05755ad67a5d3817ca88f18870b86a2739
2023-03-21 11:56:59,True,0.4436,0.0002524,1862.93,0.4702,0x0c...70d7,https://etherscan.io/tx/0xd4eda0d4a48f4c86e053aa3bccc1087cb602106552f5cceec3890fd2c753cece
2023-03-21 11:52:59,False,0.4435,0.0002524,10534.8,2.65924,0xd4...1a19,https://etherscan.io/tx/0x95cbc47b30d4972d74b8fa92eff473b386d5ca30db882c485a6728c5dadbb98a
2023-03-21 11:49:11,True,0.4495,0.0002557,568.134,0.1452,0xb7...c1af,https://etherscan.io/tx/0x7146afea218bddf0126aaaaded21aa070ce8f34e3d5800539052b11baf143d32
2023-03-21 11:44:59,True,0.4495,0.0002553,1138.58,0.2907,0xb8...2e45,https://etherscan.io/tx/0xf74183810164a0e01e2f166e64f7e6cebd722e759712ed7b2ce0869537d83aa3
2023-03-21 11:39:59,False,0.4461,0.0002537,329.8,0.0836,0x81...7cda,https://etherscan.io/tx/0x2ea3fa3f624bb94d26dc25941c7d2a06308face24c261b821c7706be499596a5
2023-03-21 11:38:47,True,0.4488,0.0002552,352.601,0.09,0xf5...0553,https://etherscan.io/tx/0xb952e9361a594d54c225137c800ce89c00e53f380ad80ae4110f18eb852a9be4
2023-03-21 11:37:35,True,0.4482,0.0002549,1302.2,0.332,0x59...75cf,https://etherscan.io/tx/0x7cba53be4d48be005324925a5464dcc0887f6ea13d863ca656c8fb3fd1cfda1e
2023-03-21 11:37:35,False,0.446,0.0002537,2910.0,0.7382,0x68...654c,https://etherscan.io/tx/0x6ab74de458a8ee70a77af1d7c23ed89eb35c77f087621a31b22d59c2e4a6ea6a
2023-03-21 11:35:47,True,0.4492,0.0002554,1467.77,0.375,0x2c...288f,https://etherscan.io/tx/0x119177b5d744030a04a13da64aa90dbc7f5224a989b1a74154a717f87d9be2f0
2023-03-21 11:35:35,True,0.4484,0.000255,1097.89,0.28,0xed...9b54,https://etherscan.io/tx/0x52e589c57548a57cbd6bfde90577f93a72b4abf0ddc25735068a5e1b15be7ccc
2023-03-21 11:34:11,True,0.448,0.0002547,313.99,0.08,0x83...cb8d,https://etherscan.io/tx/0x6f983965bfd5b6c676548d8b0239a0a7486cc046b018e2824aa3cd389e79081d
2023-03-21 11:33:23,False,0.4458,0.0002535,1940.28,0.4919,0x1a...8ad0,https://etherscan.io/tx/0x285c470ee38e53be04e5643f33448435a9d1ce853c6ed46fd926d5d90ee65cc9
2023-03-21 11:32:47,True,0.4494,0.0002553,489.566,0.125,0xed...9b54,https://etherscan.io/tx/0xcf331a515edbf2086eacab2d0b87e54002048b5e11495e0402b067c6910ca995
2023-03-21 11:31:35,True,0.4491,0.0002551,391.892,0.1,0xa4...e092,https://etherscan.io/tx/0x3391280f6a48c29fce5f7a11083933893bab2235cd8d693991a3c8e81c0410cb
2023-03-21 11:30:11,True,0.4484,0.0002549,1098.44,0.28,0x9e...e4f7,https://etherscan.io/tx/0xb7ca9e44d32629bd9db49d73dbbfd460fd6e7ab2a2abf45354bd802e31671de5
2023-03-21 11:25:11,False,0.4468,0.0002533,973.998,0.2467,0xac...1d7a,https://etherscan.io/tx/0x19c07e1e6413454375fcdd3c82541b7da8e9e0d0a4e7d3a3fb4b5ac5aaf8e6ec
2023-03-21 11:08:11,False,0.4446,0.0002542,4030.69,1.02476,0xa9...7bcc,https://etherscan.io/tx/0x60f0cadb59abcf0b9c15e81df4f5e0c55e2f2f9bb3f43ba8b211e3d3ac5d2916
2023-03-21 11:06:11,True,0.4439,0.000254,13777.0,3.5,0x2d...4950,https://etherscan.io/tx/0x0902165e768b907d0b4c333891832180bb7d1e2c469ab05851016a5608507961
2023-03-21 11:03:47,False,0.4374,0.0002502,485.0,0.1213,0xac...1d7a,https://etherscan.io/tx/0xeb02560828d920d23f7c8aec63c8ea40ad80163a0fa7b8cb9f801e7fa329c25d
2023-03-21 10:59:11,False,0.4374,0.0002503,485.0,0.1214,0xac...1d7a,https://etherscan.io/tx/0x7219d17f7ac96af91d9fc1f0131286949b66f308dc1eea5f8beb47eb577a062e
2023-03-21 10:53:59,True,0.4392,0.0002518,605.463,0.1525,0x7e...69c1,https://etherscan.io/tx/0x40bcb4b751e70cf75661982c0bc1b3430d3d52a32f025b7bbd54f483fa419638
2023-03-21 10:52:11,False,0.4371,0.0002503,768.124,0.1923,0x8f...baf1,https://etherscan.io/tx/0xee8f38ff0648aade70582fbc8954a8f5859da3a540e34a24018caa6b4ec60f95
2023-03-21 10:47:11,True,0.4407,0.0002515,2911.51,0.7323,0xf6...531c,https://etherscan.io/tx/0x27d1887f7a063faa5f651ab7397426d01436d8eac48c7e9122bcec5d4e9e2ed9
2023-03-21 10:37:59,True,0.4358,0.0002509,258.991,0.065,0xa4...e092,https://etherscan.io/tx/0x69ce2ba64bdbf8216b15eec34f12b98c11f1cb725c3fcbd7bda52fc07de64e87
2023-03-21 10:37:59,True,0.4357,0.0002509,100.0,0.025,0xe2...eea0,https://etherscan.io/tx/0x80e6fc942c12178e86e4fd40d9ade0b4f95bee4e5c3a11783409340db1e13c76
2023-03-21 10:37:23,True,0.4355,0.0002507,677.893,0.17,0xf9...ff7e,https://etherscan.io/tx/0x4fb1da875bf68d04a752c7b0bfcef24539717e28f796067504d0c4be51503eea
2023-03-21 10:36:23,True,0.4328,0.0002493,7700.43,1.92,0xad...e988,https://etherscan.io/tx/0x2d8ecfa0bd88a86419df6efe3bcf1a0322cf272267a59e660dbd8c5623534e08
2023-03-21 10:35:35,True,0.4282,0.0002467,7776.99,1.91865,0x70...bfd6,https://etherscan.io/tx/0xf77f683d2660e22b5b05454a01a1dbc427ce2d09926c3bd1c219bf9063428309
2023-03-21 10:22:59,True,0.4259,0.0002453,244.536,0.06,0xa4...e092,https://etherscan.io/tx/0xc5f2c729a393b5ab8277f4857ab914e0b25bf9de178b28ba332f79954adef0a7
2023-03-21 10:21:59,True,0.4258,0.0002451,1164.81,0.2855,0x57...1f0f,https://etherscan.io/tx/0xdb4e8d03641821776498cfb8613ebbff1d54b77b875d260f03124f9cf27e144e
2023-03-21 10:15:11,False,0.4261,0.0002451,10225.6,2.50699,0x12...4196,https://etherscan.io/tx/0xa897fb10ba0520c87670fd56b9eb70fcdb453f29e4479e7664c6d3cc2c14f64d
2023-03-21 10:15:11,True,0.4294,0.000247,7679.71,1.89739,0x12...4196,https://etherscan.io/tx/0xa897fb10ba0520c87670fd56b9eb70fcdb453f29e4479e7664c6d3cc2c14f64d
2023-03-21 10:10:35,False,0.4249,0.0002444,873.0,0.2134,0x38...13b6,https://etherscan.io/tx/0x727235cf8e400ff855704917a3ca54439ba34bf71144a3100a61008fd416a2f9
2023-03-21 10:07:47,False,0.4258,0.000245,2730.65,0.6691,0x80...9c97,https://etherscan.io/tx/0x48fe1ad9bd50f9f716f7c92a1791ceac4b2878587e390e9c17aa0ce9f13c6bc7
2023-03-21 09:59:11,False,0.4267,0.0002457,1175.63,0.2888,0xbd...2ae5,https://etherscan.io/tx/0xaa82b7df6ad29a66245bca486c8b40abd09ad6da6da7f781ac32982aa17bc036
2023-03-21 09:53:47,False,0.4278,0.0002461,1212.5,0.2984,0xc6...2650,https://etherscan.io/tx/0x3a01987ec84f17a359c15aa9895cf6c28cc3836282b79dbb9a9b52094908e83c
2023-03-21 09:48:35,True,0.4294,0.0002476,1090.46,0.27,0xb7...04e6,https://etherscan.io/tx/0xdd33e4764b711300c3500bff10f9b18a261d792cd21ae85203307f402903544c
2023-03-21 09:46:11,False,0.4281,0.0002467,4536.59,1.11918,0xca...ebb6,https://etherscan.io/tx/0xbda8c26b61192f23c14d95b7bc005622b36bd527e70469d697615bdc11f70496
2023-03-21 09:43:59,False,0.4294,0.0002476,997.16,0.2469,0xc4...27a9,https://etherscan.io/tx/0x760761dfa2a8f1e91c0fb6c405cadb8ead8b59d20f70d5cf0382f18c6a8a21b9
2023-03-21 09:39:47,False,0.4302,0.0002481,2215.58,0.5498,0x18...8bd4,https://etherscan.io/tx/0x532ce0293f2f8a02761abc52c2b99a54b0893ba558e9d2868315793463c757e9
2023-03-21 09:38:47,True,0.4319,0.000249,6000.0,1.49415,0xcb...f23c,https://etherscan.io/tx/0x887c73c7a175680714be0427149fe710e5d48507807e53780d7a4b674f01bdb9
2023-03-21 09:37:59,True,0.4298,0.0002478,1077.0,0.2669,0x15...9c08,https://etherscan.io/tx/0x779466170e70feb946cf8ffda15a4d86250ef0031b4fd0aa130e9c160070a723
2023-03-21 09:37:59,True,0.4295,0.0002476,86.3242,0.0213,0x83...06b1,https://etherscan.io/tx/0xfb9bd0723c3b2fe4445f11fd54ea776dd9671bceeb225ade993ee353b8de1280
2023-03-21 09:36:11,True,0.4298,0.0002475,600.741,0.1486,0x18...96f5,https://etherscan.io/tx/0x9df1600e2fbb24e0abfeb5ca5a8809016ce494f48fab356d7184e88534ae9f64
2023-03-21 09:35:11,False,0.4279,0.0002463,2712.22,0.6682,0xc1...ba31,https://etherscan.io/tx/0x2a605a683e0242d3f5d528022dcfa2cff334fdf5a4825130e3e30626ba8dcb5a
2023-03-21 09:33:11,True,0.4312,0.0002481,1209.11,0.3,0x80...4bef,https://etherscan.io/tx/0xb5c00f9a351b6e995363609b6f2b3973210fc8a645cda81e1665fd7786046933
2023-03-21 09:29:23,True,0.4288,0.0002478,581.083,0.144,0x27...3c7e,https://etherscan.io/tx/0xbe17acd561472f797ed1bf01fde7581f16c85bd0b2cd6f1e1e229411556ea31b
2023-03-21 09:26:59,False,0.4264,0.0002466,2569.63,0.6338,0xdb...d71d,https://etherscan.io/tx/0x8f4f7ac0e6a76ac419374d1802c32b39df53cf32824d9b9e597f592c2d6df052
2023-03-21 09:26:47,False,0.4273,0.0002472,589.737,0.1457,0xd4...7f0a,https://etherscan.io/tx/0xe2662d198f0ba5acdcecc1a13b9933a41dacfb73edf67f106520ec178c14f411
2023-03-21 09:22:35,False,0.4284,0.0002476,2290.25,0.5672,0x8c...e42c,https://etherscan.io/tx/0x170071848e7c93c20710a41353936b21eb88f065473696235f620239009f4941
2023-03-21 09:12:59,True,0.4319,0.0002494,663.607,0.1655,0xe2...daef,https://etherscan.io/tx/0xac1da50528ef7de6b9b3a7558b4a235df9cc611057bb6f8ce1925dfe825d6caa
2023-03-21 09:12:11,False,0.4331,0.0002501,13174.5,3.295,0x12...4196,https://etherscan.io/tx/0xe35ee7d7a8d3155bd6dc39293e0088a4059f5e41c4025c351b58298c1a2bf7cf
2023-03-21 09:03:11,False,0.4372,0.0002527,2236.92,0.5654,0x18...8bd4,https://etherscan.io/tx/0x9a69fcb790bf17433e55da39eb5eab242f9761c3393834ab046638b70906ce71
2023-03-21 08:57:47,False,0.4397,0.000254,5312.77,1.34994,0xd6...75e6,https://etherscan.io/tx/0x6771b9ac8860dd1d77731de51b5fadd101bf682006a59af6566de1739f9deed3
2023-03-21 08:56:59,True,0.4421,0.0002555,5737.52,1.46619,0x69...050b,https://etherscan.io/tx/0x0d12c28783d5b8939a7cc6fcdd5debe4a2a0183c669416aab649528dfd0447ae
2023-03-21 08:52:35,False,0.4392,0.0002537,4058.81,1.02979,0x68...654c,https://etherscan.io/tx/0xfd1b9c0c4d4871c6fbdaf8927fda7a3700ebd108208a8f44313397bb3df79af4
2023-03-21 08:47:35,True,0.4422,0.0002554,2739.98,0.7,0xc5...27ae,https://etherscan.io/tx/0x6b21c36de3e6a4334ec56a6552e9c0214238e12cc5a2931a89723e048c8e84dc
2023-03-21 08:34:35,True,0.4407,0.0002547,1491.8,0.38,0x73...25e3,https://etherscan.io/tx/0xb92f33fc9dff59c501bc5d116d2b00b9080c35370488f0b781bb49dc86866a4e
2023-03-21 08:29:11,False,0.4382,0.0002535,3608.5,0.915,0x18...8bd4,https://etherscan.io/tx/0x83ced2df9e71009573da463e041271f2562715b124d6ae8fb57a7b12198264d8
2023-03-21 08:29:11,False,0.4397,0.0002544,1330.69,0.3385,0x56...6ad2,https://etherscan.io/tx/0x7dbdd00a27ea13d59d24f8461f07de419f127e24bf1d8d8fd50e53830f7fe9af
2023-03-21 08:23:59,True,0.4416,0.0002561,109.293,0.028,0xeb...92bc,https://etherscan.io/tx/0x1a282ddf9f3e937a391f4346a9a28c628213766d9bdd03f8ab3852bb829e509f
2023-03-21 08:18:35,False,0.4392,0.0002548,1232.44,0.314,0x76...9606,https://etherscan.io/tx/0xe4e5c52eba012395f78079547e8a2e324ad3b25d905a24d5c0f6434b57f0043a
2023-03-21 08:15:47,False,0.4459,0.0002593,23613.7,6.12378,0x42...d7b3,https://etherscan.io/tx/0x36f71adf1d5af105e8ba776b176542c82fe1ef7698d76a06181e77f12bbbdbae
2023-03-21 08:15:11,False,0.4545,0.0002644,4026.88,1.06471,0x07...1daa,https://etherscan.io/tx/0x8171497ff57582bee5d7c7e1ee8b9b5de85936acbb28bd49614f6b5d974cbbbc
2023-03-21 08:12:11,False,0.4584,0.0002657,3186.55,0.8468,0x80...9c97,https://etherscan.io/tx/0x97da88ad38dbea1743a41df2762feb526ec652414cc3c24cf6beaf9d3bcca495
2023-03-21 08:09:35,True,0.4624,0.0002676,1868.44,0.5,0xfd...9b38,https://etherscan.io/tx/0xd7b49f67cf622362b85e1e82be5d872c8bdd26463eb6ffa8ada25615d7870a0a
2023-03-21 08:03:23,True,0.4644,0.000267,1235.89,0.33,0xa9...95f6,https://etherscan.io/tx/0x3c23ff42bd1c7c9dde1e1bf28f285fd32236f1912674a02f99a09dbfb98a69b4
2023-03-21 07:52:47,True,0.4649,0.0002667,236.19,0.063,0x2f...df92,https://etherscan.io/tx/0xd8be5645cd3f2d51a5d892b3f8fb6a18c670a399efe05f225024fabf405d0cda
2023-03-21 07:51:47,True,0.4645,0.0002664,1088.25,0.29,0x99...04de,https://etherscan.io/tx/0xaa747f5bea4ca146fda95aa5b4cae1678cf71885accbc5488cfe6ce1da604cfd
2023-03-21 07:48:47,False,0.4633,0.0002657,5898.26,1.56772,0x82...0e2d,https://etherscan.io/tx/0x324103280e70166dac7aa8455b023088a18732357999af6260c0335ffb2d7e2d
2023-03-21 07:47:47,True,0.4673,0.0002681,2126.01,0.57,0xbf...eb5c,https://etherscan.io/tx/0xd8705d63ee9870381ce88627056474ef269d3360a848ba5ccc8531c0daa15b63
2023-03-21 07:43:23,True,0.4664,0.0002676,465.014,0.1244,0x44...11ea,https://etherscan.io/tx/0x7595dac76810345552080d76e750c09e9ff63193eedc93e0f76b21b2410e13a1
2023-03-21 07:42:35,True,0.4653,0.0002667,4284.83,1.14281,0x44...0883,https://etherscan.io/tx/0xaa6e05b41e87d58975f2da6cd5102ebd616983976061479f557edf2d087c2885
2023-03-21 07:42:35,False,0.4624,0.000265,4111.12,1.08978,0x17...ca47,https://etherscan.io/tx/0xe298c6f1e6d812533a6ff72205c47c70494601d19d899caae2dca6c3def0b488
2023-03-21 07:36:47,True,0.4655,0.0002672,1309.85,0.35,0x76...9606,https://etherscan.io/tx/0xd399e0d6bb351f1016e471232a7bf2086e402b69e9e1a885a0f8fb08b4e4bb08
2023-03-21 07:35:59,True,0.4647,0.0002668,374.692,0.1,0x3b...1f75,https://etherscan.io/tx/0xc47f25d137bf1e34dc3e8e5097426ea44b03d1bb235d014d3e50d1ec5356878e
2023-03-21 07:34:11,True,0.4631,0.0002663,2662.3,0.709,0x02...5ae2,https://etherscan.io/tx/0xc568ec06f2da75f167beb0de9b594665dde4ad92c4c503b36dd595d0c839507e
2023-03-21 07:33:59,True,0.4611,0.0002651,3583.08,0.95,0x95...fba9,https://etherscan.io/tx/0xc7cfcb7c60cc4f8f65ee39f890ad61a6d4fbd74c617c6a68b232a682cb048f3f
2023-03-21 07:33:23,False,0.4581,0.0002634,3100.22,0.8167,0x49...f683,https://etherscan.io/tx/0x04f6b2893e87ee3d6861585479f371943d06a202d26f6f0d43989fb96894897f
2023-03-21 07:26:47,False,0.4599,0.0002643,1678.43,0.4436,0x61...451b,https://etherscan.io/tx/0xf36c0fa995d44d42f5a1c288ad7ae82e005b9dde4d5a16ada5fcb0afb03bf2e4
2023-03-21 07:20:47,True,0.4611,0.0002651,5651.36,1.49868,0x8d...17e7,https://etherscan.io/tx/0x9aa1d715746829877bcfcfa7434527a252f3b600feed489aadc274277f80eed1
2023-03-21 07:17:23,True,0.4588,0.000264,563.152,0.1486,0x68...d822,https://etherscan.io/tx/0xf5233dbedec4af63e83f6e9f5c25811d80637be894c943f42790537ce2009b71
2023-03-21 07:11:59,True,0.4571,0.0002631,4311.93,1.13455,0x81...54e0,https://etherscan.io/tx/0x64107ac87ad1043bfa403740e30058273a938d1d6cfc73734814f7734f4a7c03
2023-03-21 07:08:35,True,0.4548,0.0002618,2737.49,0.7167,0x82...f729,https://etherscan.io/tx/0xffe354315268ab200298f4cbe768bcf5ca50c9157d50e6f315634b8cc8d30671
2023-03-21 07:07:23,True,0.4537,0.0002612,610.0,0.1593,0x13...d4d9,https://etherscan.io/tx/0x6fdabb3deaa64ec3529986ee348f59333101376c24711280341378c9d84bf67d
2023-03-21 07:04:11,False,0.451,0.0002596,388.0,0.1007,0x2a...d28b,https://etherscan.io/tx/0xa712a688182a09ff91a8b0e9be2405f3bba2eeb63ed2c066cfbc38f5bf9f1034
2023-03-21 07:02:23,False,0.4517,0.0002597,252.2,0.0655,0xac...1d7a,https://etherscan.io/tx/0xc14be65fc95335f38734bcb94605fddbf72ac54b0ecf20463ddb3f19bf979ea8
2023-03-21 07:01:35,False,0.4553,0.0002616,10521.3,2.75334,0x05...1673,https://etherscan.io/tx/0x1c91a4983cf27aff6e06689c1ac3380398dd11b04cb8317083261c4fb33d3eb1
2023-03-21 07:00:47,True,0.4614,0.0002651,161.356,0.0427,0xda...cb6a,https://etherscan.io/tx/0x9a0c5f4240534d64714d048014e65d54f627875dc7d2b6df25110b87dbeb0bc2
2023-03-21 06:59:35,True,0.4582,0.0002633,9874.06,2.6,0xa7...8055,https://etherscan.io/tx/0x1c96fd2bd7b85406dbd582884415e60208f44ef11f7891f606a1677fa969d721
2023-03-21 06:59:35,True,0.4549,0.0002614,222.655,0.0582,0x58...061e,https://etherscan.io/tx/0xb61b8f6af6b125f1530e4888931d792e2b9e5140d378d0b673bd95a3343374b4
2023-03-21 06:58:23,True,0.4522,0.00026,7692.29,2.0,0x17...ca47,https://etherscan.io/tx/0x48a1844c1d7bc6684feb021e473f9ab71fe7257d28ee8909ea7f37ee636e5392
2023-03-21 06:57:35,True,0.4475,0.0002573,6986.34,1.7979,0x17...ca47,https://etherscan.io/tx/0x83362e1ffb66f5247164d1aee5bfbe29d35bf08ba62d49473a5ee8c0d49a755b
2023-03-21 06:55:47,False,0.4428,0.0002546,291.0,0.074,0x2a...d28b,https://etherscan.io/tx/0x8407ce23bab39b00de7680b21fe61a22e568307051ead322b931de6cbf7793f8
2023-03-21 06:47:59,False,0.4425,0.0002547,485.0,0.1235,0x2a...d28b,https://etherscan.io/tx/0x5c94167bb905a44c44f137c5062f4785ff89cfa9a5a35d1239b8290bf22a5729
2023-03-21 06:47:11,False,0.443,0.000255,1077.34,0.2747,0xc1...c991,https://etherscan.io/tx/0x9dfa8cfdc59d8e97ffebe4a00e9dc0588b1df7974fcba8d346ee76ee8d5ba57b
2023-03-21 06:44:47,True,0.4445,0.0002558,5225.6,1.33683,0x53...f8de,https://etherscan.io/tx/0x63418330e2cbe987c847c6686c6a1249d0f1998c47ea4fd41e6f2e4e700d43b2
2023-03-21 06:43:47,True,0.442,0.0002543,3145.39,0.8,0x68...654c,https://etherscan.io/tx/0x0ee1804234ea536fdbb2296b9b7ebf3c9a47a64659b2534d50d10b65c109a86e
2023-03-21 06:40:59,True,0.4414,0.0002536,591.29,0.15,0x9e...e4f7,https://etherscan.io/tx/0x24d423bf79f0973061296001472611dcbebf98b6674c5920612da745f0b6645f
2023-03-21 06:40:23,True,0.441,0.0002534,812.828,0.206,0xae...2481,https://etherscan.io/tx/0x4edce4f6d5e56cb50fe4fa37c0aad074d5f1afda7d793444ca235102459a6acc
2023-03-21 06:37:11,True,0.4404,0.0002532,225.767,0.0571,0x3e...3ee9,https://etherscan.io/tx/0xc0e45b28eca6e3ce8f0229a3884b6277f4377dab05e17929c72ca5e209d06cd5
2023-03-21 06:16:47,False,0.4406,0.0002524,4411.2,1.11368,0xbd...3db4,https://etherscan.io/tx/0x9b2264f9845e1ccbd69e921c199adc2ef16cbb54496487e932af173f2b2b7d9f
2023-03-21 06:13:23,True,0.4389,0.0002513,19437.7,4.88599,0x53...f8de,https://etherscan.io/tx/0x481a34f16bc1702a2c7fc06dc14483ec7b9601438888ed1c59c416612d636557
2023-03-21 06:13:23,True,0.4329,0.0002479,648.449,0.1607,0xa3...ffbc,https://etherscan.io/tx/0x3b36acba494510a588e18f10bca935dc6021d2421d87a2e5b15e46ecd0a6d7e4
2023-03-21 06:08:59,False,0.4313,0.0002473,6264.32,1.54967,0x07...8326,https://etherscan.io/tx/0x3c4353f27b5d4bd3ecb8a4366dd2d4feb0ae66c7aaaf2da9502739b75f412db4
2023-03-21 06:06:59,True,0.4357,0.0002498,381.795,0.0954,0xe3...57c2,https://etherscan.io/tx/0xb0212bd7a68b15782fc2d0197db2a21373926d46f8b24fa86a4703e58a60ab44
2023-03-21 06:06:23,False,0.4341,0.0002489,3742.45,0.9316,0x5c...13a3,https://etherscan.io/tx/0x631ac3395349aeee7bb59dbfbaba1d395c3c2688df527c5f53d78ef6cb2481b5
2023-03-21 06:05:47,False,0.4362,0.00025,2845.7,0.7116,0xfe...6b8a,https://etherscan.io/tx/0x24d4f756bb25e704a516dfff0ae75a24a67ae5631e0168260cd889a5ed78f25f
2023-03-21 05:59:23,True,0.4406,0.0002517,1792.08,0.4511,0x74...46e7,https://etherscan.io/tx/0x2de1b0858051820237bf6264d3a8540b4d67a20705687281d416ac19c1945fde
2023-03-21 05:57:23,False,0.4377,0.0002501,1164.0,0.2911,0xd1...6822,https://etherscan.io/tx/0x08fe9b43be6f9931b760e30bc7d7f5d83997a044bf92a9a4269056c4d0f42319
2023-03-21 05:55:11,True,0.4404,0.0002518,341.246,0.0859,0x37...f1bf,https://etherscan.io/tx/0x946bba316b7b4c1f62d9aaf43f488c109fa6f1d37282747060474a4c3404473d
2023-03-21 05:54:23,True,0.4401,0.0002517,89.7905,0.0226,0x29...5722,https://etherscan.io/tx/0xd2bbb9d96cc9d0d285b5c9212c37c5e2d1035d1be5065b41b63fd3298e4dda09
2023-03-21 05:51:59,True,0.44,0.0002516,350.0,0.088,0x33...8bcf,https://etherscan.io/tx/0xf2bda40b786015eea1315bcf541fb5963cadd081116401e2fceff18a01b41579
2023-03-21 05:47:59,True,0.4394,0.0002513,1193.42,0.3,0xab...3faf,https://etherscan.io/tx/0x1ad07c624acf550cb8d21833863978565001be3395a32c1881e51ebb785b2b8b
2023-03-21 05:47:47,False,0.4377,0.0002503,4194.29,1.05021,0x95...fba9,https://etherscan.io/tx/0xd173027e8a32a2ec5283a422a34c8b303fa365ae0900e67a4fb008d310265342
2023-03-21 05:47:23,True,0.4404,0.0002519,3969.28,1.0,0xab...3faf,https://etherscan.io/tx/0xc23e813dfa4337fca3f69ed1e174552a8440bb691de8ebcebcd6b035e7099b34
2023-03-21 05:32:59,True,0.4392,0.0002509,1593.81,0.4,0xae...a889,https://etherscan.io/tx/0x768d0992af31d576b4cdf4123e459a151b54eab24b61a7c992b61e45e8a2027c
2023-03-21 05:32:59,True,0.4386,0.0002506,168.913,0.0423,0xf9...9752,https://etherscan.io/tx/0x8103f71343663f8302b82f30165409e6caabdf3075de02b521c9d45dfe854615
2023-03-21 05:31:35,True,0.435,0.0002485,12069.1,3.0,0x74...cd61,https://etherscan.io/tx/0xa6202150f0757e76e47bfef81dbdb588aa53ae9e82095cc40052d8287c7605d2
2023-03-21 05:28:35,True,0.4314,0.0002464,178.504,0.044,0xc6...27eb,https://etherscan.io/tx/0x2beae6578ee28385aa8c920cb09878f69aa0c5cc1411b4f273724f09e1861ffb
2023-03-21 05:25:59,True,0.4315,0.0002464,259.0,0.0638,0xf3...9d33,https://etherscan.io/tx/0xd2734b35d0daa5cfa8cff1d61085af18e036a0ffe66ffacfe4d9e1be11aa8953
2023-03-21 05:18:35,True,0.43,0.0002459,2439.36,0.6,0x95...fba9,https://etherscan.io/tx/0x64b7b23c3bb92104a8326a99d51601ff5a76b6535404b67ca01b1456c2bdf238
2023-03-21 05:13:23,True,0.4286,0.0002452,2039.02,0.5,0x21...879d,https://etherscan.io/tx/0xe401aa7b8ff5f45e840a26a4e0ff86f405a0eddf11c9ecf6b66c0fd881f57b35
2023-03-21 05:12:35,False,0.4265,0.0002439,3450.37,0.8418,0xbf...efc3,https://etherscan.io/tx/0x779527e196dddac5d040f669d97739090a8f95b0ea839436bf72f19f6fc145da
2023-03-21 05:12:23,True,0.4299,0.0002459,550.0,0.1352,0x36...59a7,https://etherscan.io/tx/0x3f542fc157e6d65061879f00eef8462e2a341afd27c405cc1af3e2fe7b5c4de4
2023-03-21 05:11:23,False,0.4277,0.0002446,1937.66,0.4741,0xd5...2a9b,https://etherscan.io/tx/0xd35b807c2c6a8d79bd1f10a76d29905f6aa36e1e14fdc6e1a152c61f24399e5c
2023-03-21 05:06:23,False,0.4283,0.000245,374.47,0.0917,0x33...8bcf,https://etherscan.io/tx/0xecc404caff4ca32162045be06f2c7a3d55bbad7cd458e6f9430ab5595bcd1906
2023-03-21 05:06:11,False,0.4285,0.0002452,384.812,0.0943,0x49...f955,https://etherscan.io/tx/0xea8d86f1d43c7434dfff50e6c268018a8e53a9435586ba5c539c3fad194f59e0
2023-03-21 05:05:59,True,0.4312,0.0002467,7.1139,0.0017,0x68...0813,https://etherscan.io/tx/0x84814f020099ca4292adf850d1d484b0eaf70816a5d35d55c4a0846051e540d2
2023-03-21 05:03:59,False,0.4348,0.0002491,22806.6,5.68206,0x17...ca47,https://etherscan.io/tx/0x95c779bd7deb70cb6bc9cc01e14da2faab05e15bf97022eb2a4e0a46cc30efb2
2023-03-21 05:03:11,False,0.4448,0.0002548,10197.2,2.59894,0x17...18f5,https://etherscan.io/tx/0x9bb5fd3d2cc832f9f0dc4d25145fd90de970b4e40f43afa540fbe36dc48c8fd5
2023-03-21 05:02:59,True,0.4506,0.0002581,236.379,0.061,0x37...f1bf,https://etherscan.io/tx/0xdad935d10defc3ff1f0e3a4e06307164e96cc63ea57bd418a28a30a4c4804b67
2023-03-21 05:00:35,False,0.4485,0.000257,2374.65,0.6103,0x1a...5d82,https://etherscan.io/tx/0xb23678cfb1cfc73885c703fb80a5035d0b551e3bf2705aef6370a206ae43ee71
2023-03-21 05:00:11,False,0.4495,0.0002576,970.0,0.2498,0xc1...c991,https://etherscan.io/tx/0x51c3040c8ef6ae37298f9739ed65d6b2fabfa60b5f8a5c56ec57456ab3ec81ed
2023-03-21 04:55:23,False,0.4501,0.000258,1372.71,0.3542,0x76...9606,https://etherscan.io/tx/0x5d160a6732ab97eadf5bc20ef6627b9a305d01cfbc4d52d520e8c90975fef91b
2023-03-21 04:49:47,False,0.4518,0.0002589,3751.16,0.9714,0x79...4713,https://etherscan.io/tx/0x7cbd7ec11db5a1a7ff04dd970db00dc3949026047eae132592be0422dd0a15a9
2023-03-21 04:49:11,False,0.4539,0.00026,2421.22,0.6297,0xdb...d71d,https://etherscan.io/tx/0x63303d7b9482c8247975bb11a39fcd37e69e35f6aa683706a0d5a38886707063
2023-03-21 04:48:11,True,0.4572,0.000262,381.638,0.1,0x72...bac2,https://etherscan.io/tx/0xda9552f45ea0a8bfbd8daa0828ccce32717084a866cad2a21a87e723ec350dfb
2023-03-21 04:47:11,True,0.4569,0.0002618,523.56,0.1371,0x7d...227e,https://etherscan.io/tx/0x5ab01987def812a3dfe1fe00b039b051822206b4fa7a11c4a310c07c70954819
2023-03-21 04:47:11,False,0.4541,0.0002602,235.378,0.0612,0xd7...4be5,https://etherscan.io/tx/0x6ff5f05a52a4d62dd1cc2f0d6d6d671ca509c61eca85790bc70f91e7734ba78d
2023-03-21 04:46:35,False,0.4557,0.0002611,4850.48,1.26681,0x5d...2cbb,https://etherscan.io/tx/0xc1e8b41c7d10a7c2d0aa6884e17c6bf0075a2c56fa30ff7fd63c3e118b799172
2023-03-21 04:46:35,False,0.4605,0.0002639,10141.2,2.67679,0x5d...2cbb,https://etherscan.io/tx/0xc1e8b41c7d10a7c2d0aa6884e17c6bf0075a2c56fa30ff7fd63c3e118b799172
2023-03-21 04:45:11,True,0.4665,0.0002673,374.004,0.1,0x49...bd3d,https://etherscan.io/tx/0x9bc05849eb0f2b8188fdc75352cbc0423292fdc79a359269f616bca22ef1f262
2023-03-21 04:44:23,False,0.4651,0.0002665,4585.19,1.22228,0x5d...a63f,https://etherscan.io/tx/0x6fd928c99f1b81a568660c16bd244da974f885b018a015382f4057bd784814d5
2023-03-21 04:43:47,False,0.4674,0.0002678,2346.53,0.6286,0x80...9c97,https://etherscan.io/tx/0xd21d3b81beead805d1c58009648f88b6d6fd13fa5d0088803e3a7c450074c1fd
2023-03-21 04:43:47,True,0.471,0.0002699,100.698,0.0271,0x68...0813,https://etherscan.io/tx/0x5089977ba0513ac76d1f87099be10219a81f91a863ff05196052ccd0b0881786
2023-03-21 04:39:59,False,0.471,0.0002699,8812.51,2.37933,0x16...4f4d,https://etherscan.io/tx/0x846e6688beb40bf3da0a2715f05e1fd4546fabcd1039d2f27068c91a70326054
2023-03-21 04:38:23,True,0.4766,0.0002732,477.506,0.1304,0x03...4de8,https://etherscan.io/tx/0xbc38974fdbe4de13cc943dc5b3b88e9cef8fcffcb55ea9ada91ced88f7e33566
2023-03-21 04:37:11,False,0.476,0.0002729,7081.01,1.93239,0x25...ab52,https://etherscan.io/tx/0x5f4d681cce1bba90ff6b9cbaeaa836da15b369c338e5df23978d31ab8fab2687
2023-03-21 04:35:23,True,0.4811,0.0002758,610.183,0.1683,0x93...191b,https://etherscan.io/tx/0xae0edc8e9032c599528b78b66bb6bf8708f540a302ed7e45d77b2fd4b824d988
2023-03-21 04:33:35,True,0.4806,0.0002755,624.154,0.172,0xa7...c187,https://etherscan.io/tx/0x13732d4fb0676d1dbfa2cf1c42d3e7245457a51bf984359d250368a0ac7fd856
2023-03-21 04:32:23,True,0.4787,0.0002744,5101.35,1.4,0x43...71c3,https://etherscan.io/tx/0x060e7b88b4003bd21a111f29d298a333fc6a4a54f640c89e214a534ee79a127e
2023-03-21 04:31:11,False,0.4749,0.0002722,2425.0,0.6602,0xcf...3224,https://etherscan.io/tx/0x242400ab9da8a5f5bfd67dc9c4aef93965cc6620a1a8c5b0aa06ee1322d124f6
2023-03-21 04:29:35,True,0.4784,0.0002742,629.664,0.1726,0x5c...8fe0,https://etherscan.io/tx/0x0738dcf385e6ed858685bc27b9f7be7f3df6a84ec69230fa83bb370c45eb618e
2023-03-21 04:28:59,False,0.4758,0.0002727,1254.01,0.342,0x1b...c680,https://etherscan.io/tx/0x0b2b629a7623e656e1b4d0b2bf1c81ae3a5f7540b06a94b5c6c32e44affbe0e6
2023-03-21 04:26:35,False,0.4769,0.0002733,1987.13,0.5432,0xb2...2eba,https://etherscan.io/tx/0x9da41f836decc23b8cd8b8273191a7cf3f8d964612a6af467b29fa35681e1745
2023-03-21 04:24:35,True,0.4803,0.0002753,492.419,0.1355,0x5c...8fe0,https://etherscan.io/tx/0x7229f7ea01c3475b4d0f6b84f7dc71a82b763c9a35cf45a8e6f46773baf23302
2023-03-21 04:22:35,True,0.4802,0.000275,636.162,0.175,0x5c...8fe0,https://etherscan.io/tx/0xf92c3604ac9f7c5512bfa6fbb20ec0dff9325f02d087e659ee7e6a6d085a57a3
2023-03-21 04:20:59,True,0.48,0.0002748,692.597,0.1903,0x7c...9d1f,https://etherscan.io/tx/0x3268d0f5a286a9d1776cf5c04e3008f4091a5db5d83aeb4b058185401333f8c9
2023-03-21 04:19:11,False,0.4777,0.0002736,3053.23,0.8355,0xd0...75de,https://etherscan.io/tx/0x75ba99de2862a831a6a90bc4e4b03a9268e8a6fe9d58171bd6cf679b7138297e
2023-03-21 04:18:23,False,0.4797,0.0002747,2710.28,0.7447,0x49...f683,https://etherscan.io/tx/0xcfe1323115e9f910a906430a890c815947f754b6657455d06766813b4f163311
2023-03-21 04:12:59,False,0.482,0.0002753,194.0,0.0534,0xfa...b920,https://etherscan.io/tx/0xa1f69750068d462dfbb5c54ebdf233501e64f98311b14363c5ac4531b1c455a2
2023-03-21 04:12:23,False,0.4829,0.0002758,2357.2,0.6502,0xc1...ba31,https://etherscan.io/tx/0xa3a2e682f18844e5eecc4e79743689110707bccf064fe85c63aa09309413f2fa
2023-03-21 04:12:11,True,0.4865,0.0002779,430.47,0.1196,0x5c...8fe0,https://etherscan.io/tx/0xb6f7b00c4a7d984b69e6762c75bcecc84b3e64810e8cde0a63fda86b6e268513
2023-03-21 04:11:47,False,0.4855,0.0002773,6014.0,1.66814,0xfa...b920,https://etherscan.io/tx/0xf68ffab511e1761e316c645c458b0597847cc86fae62c4a1b8d01db5f878eb32
2023-03-21 04:11:35,True,0.4903,0.0002801,713.984,0.2,0x49...bd3d,https://etherscan.io/tx/0x874fb63ec6bc95576a922cd0b271fcc76eb00ab7674798c535ba8662ab32f428
2023-03-21 04:10:35,False,0.4878,0.0002786,1964.76,0.5475,0x29...84fe,https://etherscan.io/tx/0x79c7b7b2d47c91f26b164597091c2f87c0ad0b8d4630560d94e1e70c633fecea
2023-03-21 04:10:11,False,0.4903,0.00028,4850.0,1.35839,0x9d...6743,https://etherscan.io/tx/0x03981c93030d136d2f72bdcd3b4e33fef4725f9fc589793a2b98f70ac4cd26e9
2023-03-21 04:09:11,True,0.495,0.0002826,353.745,0.1,0x5d...5601,https://etherscan.io/tx/0x6ad45e97d56f461a59892564c4ecc5bc6074c730efd02388fa00aa985a6d3342
2023-03-21 04:08:11,False,0.4921,0.000281,501.162,0.1408,0x05...6371,https://etherscan.io/tx/0x02577bc650a5cb0c5225f104d81f68e25c5808acd245ac46f7a1a60935d562af
2023-03-21 04:06:47,True,0.4941,0.0002824,2018.38,0.57,0x95...fba9,https://etherscan.io/tx/0x886dee21810f35cbd65d2793d7c3c075acb1aa41979d126800193489bd457381
2023-03-21 04:06:47,False,0.4905,0.0002803,194.0,0.0543,0x5e...4974,https://etherscan.io/tx/0x7b5e3f24d7a482421177278f4a2208a896cdd34a7dc83681dc731007e6fe3a50
2023-03-21 04:05:59,True,0.4895,0.0002798,10719.1,3.0,0xa7...8055,https://etherscan.io/tx/0xea18601a652cde99992632145b15cd18ad00694da4a244bfb03f131533baac61
2023-03-21 04:05:47,True,0.4849,0.0002772,2163.97,0.6,0x26...330b,https://etherscan.io/tx/0x3fa83b75b1e61017aadf52900444332d0e03fc27c35bae8c26cae1c6c6571716
2023-03-21 04:04:23,True,0.484,0.0002767,202.815,0.0561,0x5c...8fe0,https://etherscan.io/tx/0xd5bc01eb0c8b835bc10843af3eb887079d15572b16395e812fd78ccb5b000e85
2023-03-21 04:03:47,True,0.4789,0.0002738,14447.6,3.957,0x7e...f373,https://etherscan.io/tx/0x7bbee5297c5bacbba31a153d62e562890b51b397623b9cc3624370ad9168d641
2023-03-21 04:02:59,True,0.4738,0.0002709,587.929,0.1592,0x65...2686,https://etherscan.io/tx/0xcdaf1de9ff50326e21e511871192cb49daa5d260aef7a4b626e93bd2c758f678
2023-03-21 04:02:11,True,0.4729,0.0002703,2255.99,0.61,0x68...654c,https://etherscan.io/tx/0x08c8341b8bf1cdf29fde927a4f6250e710a96f0901811b06c690f3eb8dd1716b
2023-03-21 04:01:35,False,0.4712,0.0002694,5657.63,1.52431,0x55...ce90,https://etherscan.io/tx/0x586862cf36a5426a144b0f920282a035fc47c38fc0c3998bd5ee6db1a4151d8e
2023-03-21 04:01:11,True,0.4758,0.000272,402.331,0.1094,0xe2...a929,https://etherscan.io/tx/0xb2b88520c14c6f2f87c3f23b98d4511f7e10230d0b67d3c0ec3031099526913e
2023-03-21 04:01:11,True,0.4755,0.0002718,490.267,0.1333,0xab...3faf,https://etherscan.io/tx/0x5ecdf5cbf57522ac7cae070befebf24b0604b41ab6fb63929b72743338b99b89
2023-03-21 04:00:59,True,0.4751,0.0002716,657.737,0.1786,0x5c...8fe0,https://etherscan.io/tx/0x3691ecf0a0e45288246a95b452ff69b897ac41cf0a8046f9a16c78d70fc373f5
2023-03-21 03:59:35,True,0.4711,0.0002693,11491.7,3.09494,0x06...b2c4,https://etherscan.io/tx/0x401de829062c129b0fbf163b2006baeee46080ef341d723fc93ffb0b7d1198b8
2023-03-21 03:58:23,True,0.4658,0.0002663,4243.05,1.13,0x27...3c7e,https://etherscan.io/tx/0xb576cb3fba364c8f95128f15cafb17afc393afb2ab65b47763d459fa0bf0e9dd
2023-03-21 03:58:11,True,0.4639,0.0002652,1508.1,0.4,0xbf...d893,https://etherscan.io/tx/0x340b53a0d2d1ae042115ecd67d6ceaa50dd2161a43bddb98ba526d18de6f8ee6
2023-03-21 03:57:23,True,0.4626,0.0002644,2684.84,0.71,0xac...f7c7,https://etherscan.io/tx/0xf02b11c26f1b5d3b1a73e2c57dfa9b709719dd2984173161b18947291f807c77
2023-03-21 03:56:59,False,0.4607,0.0002633,5529.0,1.4563,0x15...b004,https://etherscan.io/tx/0xdb88f41dfe8b26c3849e4f56e5330b4ce77be38bc5f80ffcea180fbd684de294
2023-03-21 03:56:23,False,0.4631,0.0002647,1975.22,0.523,0xa3...f600,https://etherscan.io/tx/0xcb5b0975c2dfc2a6a2ea8e43c6cd264a18c508b2224bee2721d17afa7f2a5db6
2023-03-21 03:56:11,True,0.466,0.0002664,1876.84,0.5,0xb7...13f6,https://etherscan.io/tx/0xe35eac990e8d1b2db007166a0b280e10e6628298a57909398f648b7ed458786c
2023-03-21 03:55:59,True,0.4651,0.0002659,676.873,0.18,0x5c...8fe0,https://etherscan.io/tx/0x39d3b9c02c439a3e4409a08dbc0af8141b5df7aa4e351c339361fdec5c86aaa3
2023-03-21 03:54:35,False,0.4635,0.0002649,4103.1,1.08721,0x27...3c7e,https://etherscan.io/tx/0xf881a67219e4fedb42dddd35e8ceb1f57b5193a042729ab1893643771b44e04b
2023-03-21 03:53:11,False,0.4658,0.0002661,2224.71,0.5921,0xa4...9e00,https://etherscan.io/tx/0x5fbd69532b808111de03d0c316a6aa280b746ff07f8c196e175358a4ebbd357a
2023-03-21 03:49:23,False,0.4679,0.0002671,2846.08,0.7602,0x49...f683,https://etherscan.io/tx/0x962f9ff941c418471998d5591210f04430a34d4d59f65532b3b761c2a1c7ba19
2023-03-21 03:48:47,False,0.4703,0.0002685,4365.0,1.172,0xbd...3db4,https://etherscan.io/tx/0xe5bb94fe33f0c04df6cb885cab7047b42efa86648e04718d29068cee147237a0
2023-03-21 03:48:35,True,0.4734,0.0002702,3484.09,0.9416,0x33...bf5b,https://etherscan.io/tx/0xb1bd3ed356331e7597456e28193a348a6024cbdf1b7b895f6dfc3283453a678a
2023-03-21 03:47:11,False,0.4706,0.0002685,2737.44,0.735,0x18...8bd4,https://etherscan.io/tx/0x70db714cc238427e21b3573c5ee893dd416e2738a5edc5caba7f8786a783a968
2023-03-21 03:46:47,False,0.4721,0.0002694,1940.0,0.5226,0x65...1793,https://etherscan.io/tx/0xd4aa3f9e2fe9baa7c00a3d8a79a88315e8f55a3dd67254a4acb3eb64c39237c6
2023-03-21 03:46:23,False,0.4731,0.0002699,970.0,0.2618,0x65...1793,https://etherscan.io/tx/0x91afa9f8d04817098502a12f4408795e6d33ace872b1c8f537e954b6568beb07
2023-03-21 03:46:23,True,0.4761,0.0002717,490.621,0.1333,0xab...3faf,https://etherscan.io/tx/0x4d86e9415af261df8a0f3c66b4b257a8baf7b7860ba1362d5d210e63f5069cfa
2023-03-21 03:45:47,False,0.4773,0.0002723,12287.9,3.34685,0x71...6e3e,https://etherscan.io/tx/0xb7fe80e86038a6092aa4ccd0ddfaff083f2b8c9521fd9645224149f119f1bc26
2023-03-21 03:45:35,False,0.4841,0.0002762,7438.27,2.05492,0x18...8c3d,https://etherscan.io/tx/0xe9651d9b11c6023089986e7b6d563b7255ee8a90425c9e7856b44ddb31dedea6
2023-03-21 03:44:59,True,0.4894,0.0002792,795.738,0.2222,0xab...3faf,https://etherscan.io/tx/0x6e0a3215c1f0d3fc7f34b72ae4d342d294f9b501ebb17aacaf6f58abb2e868b7
2023-03-21 03:43:47,True,0.4877,0.0002783,3940.66,1.0967,0x17...5c3a,https://etherscan.io/tx/0x802694692427bc5b02fb69ad226a2283debacc0332d5ef269ef65cc20eb6293f
2023-03-21 03:43:11,True,0.4861,0.0002773,721.072,0.2,0xab...3faf,https://etherscan.io/tx/0xf65c4658abed7627452a7c0f27c9d9902dab8f71f02141f2815aa9d73c39b082
2023-03-21 03:42:59,False,0.4846,0.0002765,4850.0,1.34117,0x00...3661,https://etherscan.io/tx/0xa6632f243f06b308679048963e81edddfc4dbed062a2e99f87a56226f60a22cb
2023-03-21 03:42:47,True,0.4889,0.0002789,896.089,0.25,0xab...3faf,https://etherscan.io/tx/0x919d7166153cbfa9a927901fbea8b19283e76692da695a297fe29201cc2a42e2
2023-03-21 03:42:11,False,0.4866,0.0002776,2657.5,0.7379,0x5b...ba4e,https://etherscan.io/tx/0x28d77f92662b63b9a89745728c895536f03e28549e46ca100ccc5137faed3144
2023-03-21 03:41:59,True,0.4901,0.0002796,1072.71,0.3,0xab...3faf,https://etherscan.io/tx/0x5f4c7c9c5ddc556cb8d734b92046d6531a3ec847be99bd68b2aa8c08d936fbf4
2023-03-21 03:41:35,True,0.4893,0.0002792,1074.38,0.3,0xab...3faf,https://etherscan.io/tx/0xe1e2ec171662946fdfa7eb8d441b287559ca2fe73092188426755942e8c85690
2023-03-21 03:40:59,True,0.4886,0.0002787,1076.06,0.3,0xab...3faf,https://etherscan.io/tx/0x40e82b9120935f2d0843901bd3707095a7d078d7e3d374c665dafa39aee525e3
2023-03-21 03:39:35,True,0.4878,0.0002783,1007.59,0.2804,0xe2...a929,https://etherscan.io/tx/0x5592b18bcdec844ddaef7910b09ee8127f797f56f49958eecb2305586c43f185
2023-03-21 03:38:59,True,0.4861,0.0002773,4001.98,1.11,0xa2...fa91,https://etherscan.io/tx/0x9b92c4be2b800299c6e786eda4840f240a1852e5a55cb1852e024d4aea4d117d
2023-03-21 03:38:59,True,0.4847,0.0002765,137.415,0.038,0x7e...f373,https://etherscan.io/tx/0xc5ba3f9d9af951573d3df8068b4b58a32dbc0fa786673fdedf7c1075b5a710d6
2023-03-21 03:37:11,False,0.4831,0.0002756,3880.0,1.06941,0x1d...9572,https://etherscan.io/tx/0x243636a69508bdd468fd1ff5ce8380ac0c3e9ee5386639d588dc0ad6dac62628
2023-03-21 03:36:47,False,0.4856,0.000277,3259.74,0.9031,0x06...e716,https://etherscan.io/tx/0xdb669488714447ae11f16666639dd98ae8da50ee1afe1bbeb0cd072232ec1a90
2023-03-21 03:35:59,False,0.4876,0.0002782,2476.51,0.6889,0x49...f683,https://etherscan.io/tx/0x91a9990a3e24d5444379d79c71cc352d0cc4d762fef12186812755ada3ec0ac4
2023-03-21 03:34:59,False,0.4906,0.0002799,5954.6,1.66678,0x84...050b,https://etherscan.io/tx/0x80a9550470111abea8a6d737485b2d7bc1c8b28be29054ecef5a456fec175a34
2023-03-21 03:34:47,True,0.4951,0.0002824,1663.85,0.47,0x78...3be2,https://etherscan.io/tx/0xf87043bf22c090ffff5daf885dc88dd6d5402f39f6a7fca3dcb988ce972e3082
2023-03-21 03:34:47,True,0.4944,0.000282,261.0,0.0736,0xdd...aa1b,https://etherscan.io/tx/0x3ad759c07e799b7e48e1f5d61cc32f1f7bde7c87d673364b71297d23442a10d6
2023-03-21 03:34:47,True,0.491,0.0002801,9171.0,2.56924,0x7c...5dab,https://etherscan.io/tx/0x15b9ef0f6106f03d085107e41b662a805a645633616aea5ddc5bd433950cf183
2023-03-21 03:33:59,True,0.4877,0.0002782,49.3525,0.0137,0xd8...0430,https://etherscan.io/tx/0x5ac6efbc0fe893664590d93899964981ac78821a7d81a50048b04bab16c93192
2023-03-21 03:33:47,True,0.4876,0.0002781,366.352,0.1019,0x78...3be2,https://etherscan.io/tx/0x144b2d12507ef1eb5261aa75c9f8a1fc20ba74f2f72adc6b0fd9475173e13620
2023-03-21 03:32:35,True,0.4869,0.0002778,1275.15,0.3543,0x15...09e8,https://etherscan.io/tx/0x58158b2e4ed3bfa45d092943d1f5233df4ded8785eafe99d4d03ab780e474ed4
2023-03-21 03:32:35,True,0.485,0.0002767,4050.0,1.121,0x36...59a7,https://etherscan.io/tx/0xef5bd80badbe253439471447274bd891de51ce8130e6bf181740d068e5ff1550
2023-03-21 03:32:35,False,0.4834,0.0002758,7767.4,2.14283,0xff...2b35,https://etherscan.io/tx/0x587bb4d9795bab8fc3380775e62888e0619ace8a01c35a9ca5b9fe6bc2b7c944
2023-03-21 03:31:59,False,0.4884,0.0002787,6402.0,1.78436,0xc6...fac8,https://etherscan.io/tx/0x73508bc0d7b13aecbcc4b1e00c8c03037b85254d6a2a53a51754ae72295bd270
2023-03-21 03:31:47,True,0.4935,0.0002816,431.179,0.1214,0x78...3be2,https://etherscan.io/tx/0xea5393d58fb611297c90f7f085fe04dc2d9775b9456bff0a7f56ec9d08677626
2023-03-21 03:31:23,False,0.4908,0.0002802,2054.34,0.5757,0x25...702c,https://etherscan.io/tx/0x9d8d34e9e35dbcc984dc2ea2befec5d16dc62871a5557f3788d945a76714e131
2023-03-21 03:30:47,True,0.494,0.000282,1401.98,0.3954,0x78...3be2,https://etherscan.io/tx/0xf28378161bd3e7ac5f2d6b650aa42ab20db6dd7341fc3a0777f6b7e2526da5f1
2023-03-21 03:30:35,True,0.4897,0.0002796,10729.7,3.0,0xa7...8055,https://etherscan.io/tx/0xf501860420cee9809403deb20763bc4435f987c04c91c29894a559b88beceb6a
2023-03-21 03:30:11,True,0.485,0.0002769,2364.45,0.6548,0xa4...9e00,https://etherscan.io/tx/0xe33cd56bc4d6b17d00f91ab5964a44dc67930f044b96a88a92527e83ccec48db
2023-03-21 03:30:11,False,0.4847,0.0002767,9676.7,2.67811,0xff...2b35,https://etherscan.io/tx/0x91acdbf663a802e91aa23e0df606dca7fa45a098d6612cdc373ab9739beeb917
2023-03-21 03:28:59,True,0.4898,0.0002796,3683.46,1.03,0x09...f9f0,https://etherscan.io/tx/0x3779b66886b9bb508ed537a537a3d92501ba6cddf1846a7e3bdc4e8f5a1bc7e9
2023-03-21 03:28:59,True,0.4877,0.0002784,2038.1,0.5675,0x78...3be2,https://etherscan.io/tx/0x6d23b9fbb7d20d6434eff6b9b10011c468cc9b8a74c007ff7cca4b02dcc39163
2023-03-21 03:28:59,True,0.4866,0.0002778,1070.31,0.2973,0x20...c41b,https://etherscan.io/tx/0x9c05c89a4c18de25dacb6a26657e12b392170c573d8c20702e6fad187f88eb23
2023-03-21 03:28:11,False,0.4865,0.0002777,8740.46,2.4274,0xe5...22f8,https://etherscan.io/tx/0x07f9492e962d6695c924a7111d57e725a3d4bddb21c3fba241f2bd7ec1f23b50
2023-03-21 03:28:11,True,0.4919,0.0002808,1761.35,0.4946,0x3e...e961,https://etherscan.io/tx/0xdb549d44aa1ea2380ab84aeba89716ba373e959ead88783ed11ac194cf558c40
2023-03-21 03:27:59,False,0.4884,0.0002788,251.23,0.07,0xdb...5fa1,https://etherscan.io/tx/0x1473cf517ac9c60da8d7ccc073e5944316d0d863440f4e2a85827f0896ef18b5
2023-03-21 03:27:11,True,0.4877,0.0002784,10417.6,2.9006,0x78...3be2,https://etherscan.io/tx/0x336003180b83b072d2a68684fdcf2914d7e18c01d090903325b693aba8f9e60f
2023-03-21 03:26:23,True,0.4816,0.000275,6321.0,1.73877,0x7c...5dab,https://etherscan.io/tx/0x29cbf354f7b9481228bc58ed0f4117d4272a7260b563eee4363735630774326d
2023-03-21 03:25:35,True,0.4779,0.000273,3989.52,1.08931,0x11...6a07,https://etherscan.io/tx/0x12c8108ae7f05a2c401f698686651a76003c04915b114363a23ff825ada630de
2023-03-21 03:25:23,True,0.4751,0.0002714,4297.18,1.16635,0x78...3be2,https://etherscan.io/tx/0x67741a90809d6576b5adbc092b9e91c5db1f24046778672239c76dc288559415
2023-03-21 03:24:11,True,0.4729,0.0002702,1938.21,0.5237,0x77...dab2,https://etherscan.io/tx/0x01f4172978c75993800aa967dcdc7cb3c9ae1b9d3e33d50c38a75719c2f6c18e
2023-03-21 03:23:47,True,0.4674,0.000267,14619.1,3.90397,0x78...3be2,https://etherscan.io/tx/0xf203d41cc1ebe5448d48da2968f3243c68c4573707bbec71e9e3ff1614956c39
2023-03-21 03:23:23,True,0.4622,0.0002642,451.922,0.1194,0x7e...f373,https://etherscan.io/tx/0x519b25ff5fb327f307d9f992a1805c2e9774e834996b7085acfe075f8eb505db
2023-03-21 03:21:35,True,0.4618,0.0002639,1200.0,0.3166,0xa0...d9ff,https://etherscan.io/tx/0xde9c2584b2a3be03722c91148f43167fee3af8ba5607a567f14383f973895748
2023-03-21 03:21:11,True,0.4613,0.0002636,156.0,0.0411,0xdd...aa1b,https://etherscan.io/tx/0xa1b4d0d62b1ffbca5f3bb50bdbc2e0e559b0562a688e409359cc03b92fcec76f
2023-03-21 03:21:11,False,0.4593,0.0002625,2556.82,0.6711,0xb2...2eba,https://etherscan.io/tx/0xf2b95c2f696da4acf4888bc0a780ddbccaddf8f284e5f6c1bda0ddecdd47d389
2023-03-21 03:21:11,False,0.4635,0.0002649,10280.1,2.72325,0xb2...2eba,https://etherscan.io/tx/0xf2b95c2f696da4acf4888bc0a780ddbccaddf8f284e5f6c1bda0ddecdd47d389
2023-03-21 03:21:11,True,0.4691,0.000268,1865.05,0.5,0x80...31cc,https://etherscan.io/tx/0xeb6fe99af40f10b276fce96e2510571b30bc7c0b8a60f28984af6a1dfc39d76e
2023-03-21 03:20:35,True,0.4677,0.0002672,2431.99,0.65,0x8d...7220,https://etherscan.io/tx/0x7587812aa3ff6abcc4763a9a83cd8c14d34f7eb41140884362377f36d7d98beb
2023-03-21 03:20:23,False,0.4663,0.0002664,6399.54,1.70497,0x12...4196,https://etherscan.io/tx/0x0556d157c087540d0cfa22d8d6375e2cbb5b897cb72e0ab3809588046081bd64
2023-03-21 03:20:11,False,0.4685,0.0002677,401.361,0.1074,0x81...3619,https://etherscan.io/tx/0x3167141edb971ca7778d3fdb9ec2932e4a1fc08cee305f6ed71445a8b3902bf5
2023-03-21 03:19:59,True,0.4685,0.0002676,8973.34,2.402,0xb9...8fed,https://etherscan.io/tx/0x2f5da1056bc6d80d469cceafa194aaaf69c1780d23e5bd7f78baba8ac4467410
2023-03-21 03:19:35,True,0.4653,0.0002658,600.0,0.1595,0x4b...2cc4,https://etherscan.io/tx/0xc1397da34e6b5e192adc84726c855f66d416921505491ac27211a2f8cdc35dcf
2023-03-21 03:19:23,False,0.4633,0.0002649,4094.55,1.08477,0x36...2e50,https://etherscan.io/tx/0xf4f83d612b3848923b4b75fd4a96a3b03f418072bc5d35e29ac3252b3d71863e
2023-03-21 03:19:23,False,0.4666,0.0002668,5820.0,1.55278,0x12...4196,https://etherscan.io/tx/0x7f27cf56cd692306825445a7835909bec90c15cac369aed5c5ce81aa34ef5611
2023-03-21 03:19:11,True,0.471,0.0002693,928.193,0.25,0x7c...1166,https://etherscan.io/tx/0x2dd0b170c9b305c48c181730b05fa393a35e1448e3b4191b807caebf23f64511
2023-03-21 03:18:47,False,0.469,0.0002681,3331.58,0.8934,0x7d...e621,https://etherscan.io/tx/0xd4d372bbadfd75e983d8d3fe77057b73f17f64dd9f68e787efb7d273f44ccecf
2023-03-21 03:18:23,True,0.466,0.0002666,19876.6,5.3,0xb9...a991,https://etherscan.io/tx/0x42be057b42036dbf93a1b28eda928cc6333fa6346caa1e277b82a4b870ee7061
2023-03-21 03:18:11,False,0.4573,0.0002617,1955.7,0.5118,0xce...d083,https://etherscan.io/tx/0xec65bcda7b95a171a7c730a96413fe99ea9a3e18abbf6683f74a9174673b47fb
2023-03-21 03:17:59,False,0.459,0.0002626,3175.88,0.8341,0x49...f683,https://etherscan.io/tx/0xc47ac6e55b8257cf1212215b425808db25851b0b11811b6ebf9183c56cb06632
2023-03-21 03:17:47,False,0.4648,0.0002659,14484.9,3.85237,0xef...afe4,https://etherscan.io/tx/0x1a5230befd96709f139d9e3feb8cf935536bd78fdd61b69f3fd7e884948d0c36
2023-03-21 03:17:23,False,0.4704,0.0002691,2105.0,0.5664,0xdb...d71d,https://etherscan.io/tx/0xd63218578aa0c74c834e892f765e70f9957f21eac578c823e3f55302cf1ea46c
2023-03-21 03:16:47,False,0.4716,0.0002697,970.0,0.2616,0xee...8d0a,https://etherscan.io/tx/0x3008a538d2846a510078d0797674bdcbf49549f7d9e0bdaf93add21a9c517b3c
2023-03-21 03:16:35,False,0.472,0.0002699,226.4,0.0611,0x19...0b2a,https://etherscan.io/tx/0x2c8a44904829c290236146959dda65d7922d089a5048f7e380d31214c445938c
2023-03-21 03:16:35,False,0.4723,0.0002701,658.336,0.1778,0x6e...ace9,https://etherscan.io/tx/0xd3c9ab4baf9c0c08e33ee949153042c0a42c61a7679f2fd6a2750df515cb9b3d
2023-03-21 03:15:35,False,0.4742,0.0002713,5960.32,1.61753,0xa3...f600,https://etherscan.io/tx/0x34f45899703eb367a9b7fc2f707d070a80277df76b864923f6430796abe99411
2023-03-21 03:15:11,False,0.4793,0.0002743,8933.8,2.4506,0xf4...f8d9,https://etherscan.io/tx/0x53048babb417c5f4b2a19a4dce147123e62f52a2a0fcdb0eaf5f96a3374ee2bf
2023-03-21 03:15:11,True,0.4852,0.0002776,467.638,0.1298,0x89...bfb9,https://etherscan.io/tx/0x6cc7fde07ee95f663359c984494edac81500b0f73aaf5b60fa681113d3e6dafc
