datetime,buy_order,price_USD,price_native,amount_token,total_native,maker,etherscan_url
2023-04-03 07:14:11,True,0.368,0.0002072,6273.68,1.3,0x13...94e4,https://etherscan.io/tx/0xa5f2a728d40d6c9054599bded668ebf55b9e1480e1a4d4417562eef6637cdd77
2023-04-03 07:10:23,True,0.3661,0.0002061,1940.1,0.4,0x77...0f76,https://etherscan.io/tx/0xcde9279bbce6a92a5e46776f67e50995887848584064f5e095ddbd759a5bea26
2023-04-03 07:06:59,True,0.3656,0.0002059,264.956,0.0545,0xfc...97d3,https://etherscan.io/tx/0x829aa7e3e161e14ef87b6a1f27c6ca91bf796b192494334278b58452006cf472
2023-04-03 06:59:23,True,0.3649,0.0002055,2334.97,0.48,0x4c...94ad,https://etherscan.io/tx/0xd630eba3ed294917857c0d9fdd6bf4dda506e3c13dc254561910ce073db17157
2023-04-03 06:58:47,False,0.3623,0.0002041,970.645,0.1981,0x9e...e4f7,https://etherscan.io/tx/0x368c98f6e1a718df2116d7ab7ebf37dd399425112d1e3c4186508fb83400d4d1
2023-04-03 06:54:59,False,0.3657,0.000206,13998.2,2.88431,0x7b...6a0c,https://etherscan.io/tx/0x400e6f4836f0cb01c438feeb6440c2ea9e4c71fc6d76699a7d22edd40e83de2b
2023-04-03 06:28:35,False,0.3689,0.0002078,77.9897,0.0162,0x5b...7888,https://etherscan.io/tx/0x2792066696ab1444b554c5d2290ad0e9d3625f71c494479e7d2a9b779e766d45
2023-04-03 06:28:11,False,0.3698,0.0002083,4306.8,0.8974,0x10...653e,https://etherscan.io/tx/0x8703b23a168568c58572ae4c9be244547e13889bee01bd8e9cf9cee52c037d8c
2023-04-03 06:18:23,True,0.3731,0.00021,904.4,0.19,0xfe...26bc,https://etherscan.io/tx/0x74062f771f86a893e5ab751105745e770e45eb01325266230a00a9a97300e668
2023-04-03 06:14:11,False,0.3712,0.0002088,1317.74,0.2752,0xd9...2450,https://etherscan.io/tx/0xa80e81c953c7a069065be2925e9e5239a075857977816ab15017988a4b59fe03
2023-04-03 06:01:47,True,0.3738,0.0002102,133.565,0.028,0xc3...674b,https://etherscan.io/tx/0x7556716b57a2d529a10aef05270fdd8879714013cf73a9f784aa42861c141a96
2023-04-03 05:49:23,False,0.3716,0.0002091,743.02,0.1553,0x23...3244,https://etherscan.io/tx/0xe2669c361459579f681b8f416253a8e36482623c2cdbc7b10952f9c5844757c3
2023-04-03 05:41:47,False,0.3717,0.0002092,663.416,0.1388,0x9e...7c99,https://etherscan.io/tx/0xe0e92fb78143533368b12a854f5dc8f1d516b01097335950870d0eca6b9b34a3
2023-04-03 04:58:47,True,0.3736,0.0002104,1335.18,0.281,0xe5...2db0,https://etherscan.io/tx/0x86f55c8b038eef4c0d0e9d17bcd8783211fee7a067201e96ce9745ee03c9a181
2023-04-03 04:39:47,True,0.3734,0.0002102,85.6003,0.018,0x30...acf5,https://etherscan.io/tx/0x0d87f14ad3ea64856a11a19fb7ba3f7aad7ccb5231248281b6c6f0ab5da1074a
2023-04-03 04:32:11,False,0.3712,0.0002091,1373.92,0.2874,0xd6...ef96,https://etherscan.io/tx/0xa4fc9c3c0a07e507c01b10a9409c3453bb399c23a3686f1e4e8e7757dee46ffe
2023-04-03 04:32:11,False,0.3738,0.0002106,10073.5,2.12222,0xd6...ef96,https://etherscan.io/tx/0xa4fc9c3c0a07e507c01b10a9409c3453bb399c23a3686f1e4e8e7757dee46ffe
2023-04-03 04:29:47,False,0.3774,0.0002125,4245.81,0.9024,0x48...3c1c,https://etherscan.io/tx/0x9754a6830a4b026cc01bccb3260160d4ea7c9cc2287021c8cc431d206b46c56c
2023-04-03 04:20:23,False,0.3786,0.0002132,1304.43,0.2782,0x04...f9d0,https://etherscan.io/tx/0x359575991b0df03671177a282f0ee5f4958bf67e83bad776229749ba992daa68
2023-04-03 04:12:11,False,0.3799,0.0002142,5645.02,1.20923,0x95...8a52,https://etherscan.io/tx/0x4cc61ee07973040a9eea4eebc1d5b72048c89fb6acfe653d0fdae768997d10dd
2023-04-03 04:07:47,False,0.3814,0.0002153,2512.93,0.541,0xd1...d92d,https://etherscan.io/tx/0x12c20636cf695561a2e3db6100b23e7121c927209504db0410b4f5239e7b0db7
2023-04-03 04:06:11,True,0.384,0.0002169,116.887,0.0253,0x80...44cc,https://etherscan.io/tx/0x9fc7c857ece554d96146b2c97d2ec40cc5d1a04326de32a013e48e4a5187c243
2023-04-03 03:59:47,False,0.3828,0.0002162,4703.02,1.01702,0xf5...dbe7,https://etherscan.io/tx/0xfba5b57456ee09670473b230bb5c47d846d53139a8736691036cec5a9b7552e1
2023-04-03 03:49:59,False,0.3838,0.0002171,1940.12,0.4213,0x1a...8ad0,https://etherscan.io/tx/0x296aa1cf00bf5e618a96f451a75afcacfa8841d461abc210606c5ecf6b459416
2023-04-03 03:48:47,False,0.3838,0.0002174,508.675,0.1106,0x9a...545f,https://etherscan.io/tx/0x615cf0765a27598f3521c96ff6667576d84086fd3fc652a3594f98c4d7696021
2023-04-03 03:45:47,False,0.3856,0.0002181,4365.0,0.9522,0x95...7e9a,https://etherscan.io/tx/0x93b8ec025f95679ffc0cc1aca8d86cf408c2a5a51dcaddd954d1c9b8dc6f71fd
2023-04-03 03:37:11,False,0.3909,0.000219,2339.6,0.5125,0xef...f24c,https://etherscan.io/tx/0x90e86c8cad65fbbe649a98ffb1af1f8adc4a948b67ae36d890b86b0ebf0e85bf
2023-04-03 03:24:35,False,0.3922,0.0002194,185.408,0.0406,0xbd...8d1e,https://etherscan.io/tx/0xe3060f52bed60742de60ea107066099842dc5739de4353438c2081e8fc2eaa75
2023-04-03 03:23:11,False,0.3945,0.0002207,9290.12,2.05077,0xd5...11e1,https://etherscan.io/tx/0xdf33ec621403b1a9f34c9285548d6a8df1e12b830f09124fc31eb64ee86b0dc0
2023-04-03 03:21:35,False,0.3975,0.0002222,1302.52,0.2894,0x46...a333,https://etherscan.io/tx/0x099fba67f73cb63719b5105af70178f3379b4efe9fba5c54ed8b3e89e37807d0
2023-04-03 03:16:23,False,0.3979,0.0002225,920.53,0.2048,0x1a...8ad0,https://etherscan.io/tx/0x3e4384c19efedb11bbdcfa6cc699723cba21a54fc83c49dd76c555ea329ffb92
2023-04-03 03:16:11,True,0.4003,0.0002238,1123.48,0.2515,0x57...0b2b,https://etherscan.io/tx/0xce7b2c49c7c555628db247d53baa06f33f536786eec91487c89c1ff7d3f802e0
2023-04-03 03:15:11,False,0.3976,0.0002223,56.26,0.0125,0x2b...4abf,https://etherscan.io/tx/0x41bd3806466d7aee53ec925a18924eaddc0233391cf2b6782e532c775e5c5fa0
2023-04-03 03:13:35,True,0.4003,0.0002236,192.233,0.043,0x36...5b81,https://etherscan.io/tx/0x6521d4c87c357e7ab916a399998e5aea0baf60545e6adb3966965b48916e9917
2023-04-03 03:12:59,False,0.3982,0.0002225,1302.83,0.2898,0x1f...a9fc,https://etherscan.io/tx/0x67571593bb06a0b18ebc2443b867ae4a567ab640b32380f8572aa4e6fa01c57f
2023-04-03 03:12:59,True,0.4008,0.0002239,745.071,0.1668,0x42...c29d,https://etherscan.io/tx/0xd5463d59a31015f9d1f7547dc7ffd9c38d059415c62cd795f18a713cb3916712
2023-04-03 03:12:23,True,0.4003,0.0002237,745.797,0.1668,0x42...c29d,https://etherscan.io/tx/0xe23ba63c7be6bef3d7ea0e29955a31d8ce05c05912af19589ba2509715a03c12
2023-04-03 03:08:47,False,0.399,0.0002228,3812.67,0.8494,0x38...7c14,https://etherscan.io/tx/0x9b5b3263b583ebe12241674651f33536608c341828202eb77227f97e0fa65471
2023-04-03 03:07:47,False,0.4007,0.0002236,2164.03,0.484,0xac...08fd,https://etherscan.io/tx/0x99b5581fe2f16ae78942483d89c3d3f2c9103b6e6fe2307c2b334b8a643b4e95
2023-04-03 03:02:59,False,0.4031,0.000225,7323.51,1.64791,0x25...ab52,https://etherscan.io/tx/0x90652c49a360893e7267693d4c517118eac07620257de99d0666557e6bb31c4a
2023-04-03 03:00:23,False,0.4048,0.0002261,621.498,0.1405,0x58...7a36,https://etherscan.io/tx/0xed7fec9e1f3a35ad348663a40593936adca4fcc0694137ed50be435a99f6968c
2023-04-03 02:54:47,False,0.4059,0.0002268,4365.0,0.9903,0x41...51f7,https://etherscan.io/tx/0xce374fa9dbefc56b86b38674c4b4dec2f8681c0c2caad4a9ff2b5c48f6393913
2023-04-03 02:52:47,True,0.4093,0.0002288,611.88,0.14,0xc3...c50a,https://etherscan.io/tx/0x9eb45bcd002d8429b39148a09427314947cba42c15b80a5b083ef5fc6a4c8b3d
2023-04-03 02:46:35,False,0.4065,0.0002273,121.25,0.0275,0xa2...59f5,https://etherscan.io/tx/0x2698fcd8253043d79811941d52432936f7f7a86e2087ecf6a7aaee9219355d21
2023-04-03 02:45:35,True,0.4088,0.0002286,612.267,0.14,0xc3...c50a,https://etherscan.io/tx/0xd94ff6af5756bf6024c8d597e255fc181a1fbb177e7fa75b58266795b3288d86
2023-04-03 02:44:35,True,0.4086,0.0002285,218.784,0.05,0xe4...1106,https://etherscan.io/tx/0x3d372ec58887dd1effe494b258231e104586ed3a1a9b160946dcc1bc02f1dd6b
2023-04-03 02:43:59,True,0.4085,0.0002284,218.846,0.05,0xe4...1106,https://etherscan.io/tx/0xa46165d422929958479186739127bf20860fc53a62bc7dd5a92d7a9a81d3caf3
2023-04-03 02:40:35,True,0.4071,0.0002277,4892.79,1.11419,0x06...f551,https://etherscan.io/tx/0xfbd4a85f55530f14cf213f388534cef5d6294dbb2e0c22a6947f8568d20b2d96
2023-04-03 02:38:59,False,0.4046,0.0002259,2259.47,0.5105,0x99...8cb7,https://etherscan.io/tx/0xdcef7604b45dcd8e4b791cd30d28f6289080823054aae0aee3d95ce04cc4cd9a
2023-04-03 02:37:23,True,0.4077,0.0002276,225.529,0.0513,0xc3...b181,https://etherscan.io/tx/0x42c2441ca4bc117f15d671343f146d27ad9a7aa9f4135b63414211da2b11ad6f
2023-04-03 02:36:23,False,0.4071,0.0002272,7059.29,1.60433,0xe5...2db0,https://etherscan.io/tx/0xe6cfa4fa70334075e82a2182bcd56709432be12f628f083323860d4df538b280
2023-04-03 02:35:59,False,0.4105,0.0002291,5820.0,1.33369,0xe5...2db0,https://etherscan.io/tx/0x5d6d53c9463697e6a2b5ddbb94e512adc3ef4952bdf50a208cda3049a0cb6e18
2023-04-03 02:34:23,False,0.4125,0.0002302,1773.97,0.4085,0x09...2098,https://etherscan.io/tx/0xdbc623063cb6a8040f6337a5ac249966a3cccd6c682503a844be6efdeb740fac
2023-04-03 02:31:11,True,0.4155,0.0002317,1013.88,0.235,0x1a...8ad0,https://etherscan.io/tx/0x7d168d34990026e490e0596a7b136e1ed3f7a646f2c4e3fedb0ccda1f9ccb103
2023-04-03 02:30:11,False,0.413,0.0002304,1267.77,0.2921,0x57...ebe4,https://etherscan.io/tx/0xb6533e87eed914d847ac3105c06fb12c4d4f8cb00efdd2e721a021e56f19b7bc
2023-04-03 02:29:11,True,0.4155,0.0002319,375.086,0.087,0x03...7707,https://etherscan.io/tx/0x5f6ce45a3ad2ed3e55defed30a879b0288916142773f0de78d9f6030d91b3127
2023-04-03 02:23:59,False,0.4134,0.0002305,465.183,0.1072,0xb3...2d16,https://etherscan.io/tx/0xfafa7076dbc4c9ddb4208d535b39cf4fb58738fd6532bbcf8b9fb48cfa9a5df5
2023-04-03 02:22:47,False,0.4146,0.0002312,3991.14,0.9229,0x67...6f07,https://etherscan.io/tx/0xd8acdb373c0e99f6aa710023790cf09b79cdbe5d0264095143e6a1bd1b38e1a5
2023-04-03 02:18:35,True,0.4176,0.0002329,2146.7,0.5,0x2f...22b6,https://etherscan.io/tx/0x0bb4dfdfc04dda25deb4ee5d916f0dde7eca06d4e4462c13c2eb168f237d961a
2023-04-03 02:14:35,True,0.4137,0.0002306,12968.1,2.991,0x2b...6f3f,https://etherscan.io/tx/0x35ccaf6554e78f3d62fa22c1b39887b2e5829c8a48d68696d37943d1d44e8a6a
2023-04-03 02:13:11,False,0.4091,0.000228,4977.73,1.13532,0xc5...fd4a,https://etherscan.io/tx/0x35065b2412edb3eb93d9b150c07349685e022f435255fef4d0ded3873a3e311e
2023-04-03 02:03:11,False,0.4113,0.0002292,3248.75,0.7449,0xd4...f911,https://etherscan.io/tx/0x9a586e8f7950e173eefe51a98ad1a7ce373262d7c9266b33507cfa93e0555917
2023-04-03 02:02:59,True,0.4146,0.0002311,303.551,0.0701,0x59...37f7,https://etherscan.io/tx/0xe19073a951bc350e61c91bed9b3eef0e368853b540090647467fc5a7fd48adf7
2023-04-03 02:02:23,True,0.4046,0.0002255,37594.9,8.48,0x7e...f373,https://etherscan.io/tx/0x1e8052251784a7e1275c5c59b7dc59eca44e909ed9fadf0afd14a032354b6adc
2023-04-03 01:58:47,False,0.3928,0.0002189,265.78,0.0581,0x50...b71a,https://etherscan.io/tx/0xb6ccab2266c3375a769f0f55633d0a5f85554e43c857309ac048a2702699aefa
2023-04-03 01:56:35,True,0.3952,0.0002202,227.017,0.05,0xff...795f,https://etherscan.io/tx/0x76b86fc2cd05d88694278c5317e3a32d9fff6c041293ba29d3a1094b5d3d3210
2023-04-03 01:49:35,True,0.3949,0.0002201,512.282,0.1127,0x90...72ea,https://etherscan.io/tx/0x6cf86e3c365d958de33570027e282efacccc3951a25d656447f8a9eac0584b85
2023-04-03 01:48:11,True,0.3948,0.00022,27.264,0.006,0x7a...8242,https://etherscan.io/tx/0x9167e88b3b045ea3fba98900b54202ae1d18186437d432645dbd905c93aa056d
2023-04-03 01:43:23,True,0.3944,0.0002199,863.848,0.19,0xe8...5f16,https://etherscan.io/tx/0x2b600075ab3c8ac218c889f099b746562a1723fa82629ec0afeea98efa5b6891
2023-04-03 01:41:47,False,0.3921,0.0002186,970.0,0.212,0x9e...e4f7,https://etherscan.io/tx/0x1d4c4a09da09138cb0e4755ff53898f4caecc46f63bb3031d7f93e182e248a9b
2023-04-03 01:24:59,False,0.3921,0.0002188,242.5,0.053,0xf3...9d33,https://etherscan.io/tx/0x1b9e39420456216cb07ac4747b3af5adbc130bfbdd1bda376b6233259b734e09
2023-04-03 01:04:11,True,0.3944,0.0002199,1909.99,0.42,0x5e...1ceb,https://etherscan.io/tx/0x53cafc1673a144956dc9f7c4c19b177c51052001cc6818feae4d84f702e9ad0a
2023-04-03 01:02:23,True,0.3928,0.000219,4566.24,1.0,0x96...e872,https://etherscan.io/tx/0xf025379a28fe383bfd342be70e00fe376999eda266ba32272a6d0e4b33006b30
2023-04-03 00:59:35,False,0.3891,0.000217,214.103,0.0464,0x8b...3822,https://etherscan.io/tx/0x818c31333db92579d88621f74cad429526bfa3be04978d252fbd22a22c1a4b63
2023-04-03 00:57:23,True,0.3914,0.0002184,17.1683,0.0037,0x3a...4f35,https://etherscan.io/tx/0xa85818d6148e890e279318109f785c05eb651163cb5a7e5b12f91f8ad53fe6b5
2023-04-03 00:57:11,False,0.3901,0.0002177,4365.0,0.9503,0xb5...f55b,https://etherscan.io/tx/0x8bcee1e16089e45b0173acae0cc40ba4a1d0644e54bd1f4550a6b1bfef254e70
2023-04-03 00:56:35,False,0.3932,0.0002194,8309.02,1.82351,0x97...248d,https://etherscan.io/tx/0x355c99ab0979d271e4d62a2fa885a69b2b62d6a680a858e3dfa25b8e13bb5e73
2023-04-03 00:56:11,False,0.3954,0.0002206,242.5,0.0535,0xf3...9d33,https://etherscan.io/tx/0x6dcbcd3d43c4a58124039f40a356d5c986da4d78fb633c6897c2848675960ed8
2023-04-03 00:49:35,False,0.3943,0.0002208,1360.62,0.3005,0xe2...29a9,https://etherscan.io/tx/0x47c50bf2987e2310f4937b223ceee73683a156aa8d97f5bb7bafe74d18d15676
2023-04-03 00:40:11,True,0.3967,0.0002222,1034.88,0.23,0x79...4905,https://etherscan.io/tx/0xf6fe0894bf99a460cdb27759c08c1af480412de2c78562a7fd64ebd48c76cbf1
2023-04-03 00:39:11,False,0.399,0.0002235,19384.5,4.33283,0x97...248d,https://etherscan.io/tx/0xaa373f4fc4bf055d4ccf3b36d5dd681c15e2edfa38f0adc35549a94bee42776b
2023-04-03 00:37:47,False,0.4049,0.0002269,4548.88,1.0324,0x30...52d4,https://etherscan.io/tx/0x32259c900ae9a11fe1e3cdc68fc56c9e69738b411ce0ddbb79b5a5bd409688a0
2023-04-03 00:31:59,False,0.4092,0.000229,9700.0,2.22181,0xcc...a13f,https://etherscan.io/tx/0x8f14dcdb7434782e2ced611c4e40bab67a1e53bba386b62ba3de8b598ec6f14e
2023-04-03 00:29:11,False,0.4121,0.0002307,1519.78,0.3506,0xc5...fd4a,https://etherscan.io/tx/0xa82a3be0d4d16ed2f669558db0bc3ab0906774d72eecb5c3b080bcd77e7d7538
2023-04-03 00:28:11,False,0.4127,0.0002309,246.882,0.057,0x90...f190,https://etherscan.io/tx/0xb266a8ec72f1e58a274fa2c7fe555ceda754fe6504704d4da1f01ecae4c03f07
2023-04-03 00:28:11,True,0.4081,0.0002284,26909.1,6.14624,0x4e...2df5,https://etherscan.io/tx/0xebfdaa8c7ed309e164d813986d34a1f92c3202ad7d2e47dc2ccf0f57947e5a37
2023-04-03 00:27:11,False,0.3998,0.0002238,4977.73,1.11428,0xd4...f911,https://etherscan.io/tx/0x9975e9253de64a591fc732726ac245ba49f0033d0af256b75d99bbb9023d3d4c
2023-04-03 00:26:11,False,0.4009,0.0002246,847.77,0.1904,0x6b...dfcd,https://etherscan.io/tx/0x0aef0dc68f94570a1be27c62d7d43653fce5a551ee3802f364e708196de4560f
2023-04-03 00:26:11,True,0.3972,0.0002225,25092.0,5.58489,0x4e...2df5,https://etherscan.io/tx/0x56faa2f145621951d36a7ba631bb2c6624a5db6653a024e9d37ceadfd9ee1b2e
2023-04-03 00:17:59,False,0.3884,0.0002178,1021.57,0.2225,0xd6...ac54,https://etherscan.io/tx/0xd1a24c440deda4d3abe49aa7867edf1e51712d7feb777f93d748843e767a5114
2023-04-03 00:16:23,False,0.3892,0.0002183,2233.19,0.4875,0x9b...7cff,https://etherscan.io/tx/0x90641e80f0574b2189e6d979baa02fc91df856b1adfe7f4f00a4e899733aa45f
2023-04-03 00:13:47,True,0.3914,0.0002196,2276.44,0.5,0x4c...94ad,https://etherscan.io/tx/0x264eb3824cac735bbd23500e3e585704e939d571cac823abe372b0151533e34e
2023-04-03 00:10:47,False,0.39,0.0002187,5138.35,1.12386,0x10...eee0,https://etherscan.io/tx/0x4f77c63cb2b53f3aca5a10210078df4cfe1a140d8a202da02084e5a4faa19670
2023-04-03 00:09:59,False,0.3935,0.0002207,9077.0,2.00326,0x30...209c,https://etherscan.io/tx/0xf72e9e1d1fdc511a9d416e3dcc0b9f4ec1a17974eb6e60187bf650751c61409c
2023-04-03 00:08:47,False,0.3962,0.0002222,1881.8,0.4182,0x04...c4f8,https://etherscan.io/tx/0x45b97bdfd7450290e02bc03899461422167ebfa17d1ef4873f102f1dffcd16da
2023-04-03 00:08:11,False,0.3968,0.0002226,697.43,0.1552,0x22...2853,https://etherscan.io/tx/0x89ec4f95996eb3cf0de94659c340fa872b98896e8098f140fa4e73d5f83a83c8
2023-04-03 00:06:11,False,0.4015,0.000225,16331.2,3.67513,0x2a...556d,https://etherscan.io/tx/0xde19df3f66210102572ee949de02da7ef97b25275e476ff0d5ef068804c4a718
2023-04-03 00:05:59,False,0.4061,0.0002276,1455.0,0.3311,0xc2...c2fa,https://etherscan.io/tx/0xbab433c03dee1082db894cf40c7e295204d42d0da4bf1d31d4da3f03cf84e560
2023-04-03 00:04:11,False,0.4075,0.0002283,3248.75,0.7416,0xd4...f911,https://etherscan.io/tx/0x830219d65c584c7aa307d77f92cde56c08d6a58cee4dbb7264f0c5b21e1bf8a7
2023-04-03 00:03:59,False,0.4108,0.0002301,9080.49,2.08968,0xcc...a13f,https://etherscan.io/tx/0xeda7993fd63c6a24015cf815422162c0a41459007af6379fdf92d89d56cfbdf0
2023-04-03 00:03:11,False,0.4134,0.0002317,1519.78,0.3521,0xad...662f,https://etherscan.io/tx/0xece028e036c54020e307349c0157d2b56518ee6920a0f3b4e3d077d9281d2bd1
2023-04-03 00:02:11,False,0.4149,0.0002324,3221.08,0.7486,0xae...ae13,https://etherscan.io/tx/0x32665124c7999e998b103ed2a90c76422b82ee785a5482f88a6fe645a1ef66f5
2023-04-03 00:02:11,False,0.4195,0.0002349,13495.8,3.17124,0xae...ae13,https://etherscan.io/tx/0x32665124c7999e998b103ed2a90c76422b82ee785a5482f88a6fe645a1ef66f5
2023-04-03 00:02:11,True,0.3892,0.000218,142173.0,31.0,0xf6...fe1e,https://etherscan.io/tx/0x0dc12e4c914fd9f4768c8132f1838dc6d40e7beb42d2b20801c705add2ec2ed0
2023-04-03 00:02:11,True,0.3552,0.0001989,3423.41,0.6812,0xae...ae13,https://etherscan.io/tx/0x1c41b922b614773532fd46d7a4b8d0b48dd91a39f1f1ea9dd50e2e7341811a0a
2023-04-02 23:58:23,False,0.3533,0.0001978,3395.0,0.6715,0xe1...2067,https://etherscan.io/tx/0xef6ed048d5086a2cafc3f007dc8f1d3650523f66d7d066c33bc9e84432134a7d
2023-04-02 23:52:35,True,0.3549,0.0001988,4525.96,0.9,0xdb...e23e,https://etherscan.io/tx/0xec64214efb84d06151acb22f000799567acbef95a08af07b9519e65d8b7a7af5
2023-04-02 23:46:59,True,0.3507,0.0001959,19960.1,3.9114,0xcc...a13f,https://etherscan.io/tx/0xdaa9ac2182e872033f82b5b8fe43bee6a092e662a38a02bc90ddb5301a450054
2023-04-02 23:46:11,False,0.3465,0.0001936,9700.0,1.87788,0xcc...a13f,https://etherscan.io/tx/0xd3996d84c073b956c6e03b95a3d031c9cda30b2c68a262273575071f708c05ff
2023-04-02 23:41:11,False,0.3488,0.0001947,264.187,0.0514,0x3e...77fc,https://etherscan.io/tx/0xfa27b988434185ff18cb6659ae47c93bf2fac7cf8cdcc6554fa0a1c07b5369c0
2023-04-02 23:31:59,True,0.3503,0.0001956,2279.09,0.4459,0x95...8a52,https://etherscan.io/tx/0x074ec1c37679dd68d8cb704fb3a72a7bdf1503a303f2ac6d2d8b63bb90c3bbde
2023-04-02 23:26:59,True,0.3488,0.000195,2858.96,0.5577,0xaf...fec7,https://etherscan.io/tx/0x45d83c618c7654f4666a12ddc178b0a5542916778305fc0e7fca998e283d90d8
2023-04-02 23:22:35,True,0.3479,0.0001944,2358.22,0.4586,0x78...63fb,https://etherscan.io/tx/0xa4fd384feecb2697151e966cc440f99fce5db06001490e6c9ce4c325faa6e2cd
2023-04-02 23:17:35,True,0.3476,0.0001941,574.551,0.1115,0x6f...91b9,https://etherscan.io/tx/0xdabaf438c95fd44da790a4c93828804cf55fefcd8057729bf1718289f7ff18e2
2023-04-02 23:14:59,False,0.3465,0.0001935,5388.35,1.0428,0x10...653e,https://etherscan.io/tx/0xe7285ef03d114703756df8ade8e6a0981014317633fc3332a980ec819b06b021
2023-04-02 23:11:47,False,0.3478,0.0001942,1023.38,0.1988,0xb7...9c63,https://etherscan.io/tx/0x6837ad8e18a3b8763e1a078153a54520bb3582e1f3821d75af1f1d883edfdac7
2023-04-02 22:57:23,True,0.3491,0.0001952,2663.33,0.52,0x42...db37,https://etherscan.io/tx/0xd22847cdf3ccaf6f1ae13f5e69301d09144b123de19d18cf0991b3b755987552
2023-04-02 22:52:35,True,0.348,0.0001948,1026.61,0.2,0x6d...e833,https://etherscan.io/tx/0xa18a2d0dcf106ecd5014594a5e4157dbddd8573978517ca41b8a98117fcfc3e6
2023-04-02 22:39:47,False,0.3462,0.0001938,2910.0,0.5641,0x5d...0aec,https://etherscan.io/tx/0x98e482c8c2dfa656e809e8a8579387be8b72cd8ad44e9899c6db7a564073ded0
2023-04-02 22:35:59,False,0.3471,0.0001943,1257.93,0.2444,0xef...a953,https://etherscan.io/tx/0x773bd6a36c5c1213ece316a5d66abf036e600a656fae3ff55c10a23ee33778d0
2023-04-02 22:30:59,False,0.3473,0.0001946,970.0,0.1887,0x55...ce90,https://etherscan.io/tx/0x7f4cc03e367fdd074a6301049f939cc9a14ebece6d733a2d3831dc4776241f3a
2023-04-02 22:21:59,True,0.349,0.0001958,500.0,0.0979,0x82...b5fc,https://etherscan.io/tx/0x8ac6bd599498dc3c6d6f7a1f148e75b821f0dcb7c5fd75fef839b3140403569e
2023-04-02 22:11:47,False,0.3466,0.0001946,767.493,0.1494,0x47...63d0,https://etherscan.io/tx/0xca59b1836d5c72a2b798bb6014b47340113cf7164f71b52ede611e68b8784c57
2023-04-02 22:06:59,False,0.3471,0.0001949,1508.35,0.294,0xd8...0430,https://etherscan.io/tx/0x23a73e696ec3b70c8d7bd0afa2db01ac646e7a06cad40296fe617b475ffb5636
2023-04-02 22:05:47,False,0.3477,0.0001952,1267.65,0.2475,0x58...82e1,https://etherscan.io/tx/0xbe00865a7e6caba6495615c443e01e7557bef6b9acff239e7aa2b61801a550a7
2023-04-02 22:05:47,True,0.35,0.0001965,487.179,0.0957,0x7b...9fac,https://etherscan.io/tx/0xb207ae67b04e3b2924afcaa0ea80cf29615a5947f4a7b04c7f2f28f438fad00b
2023-04-02 22:05:35,False,0.3479,0.0001953,485.0,0.0947,0x1c...3651,https://etherscan.io/tx/0x636f0083f821460311ee980f2ad7b9acca56edf9e528a7eb76b89bdde2a1ec89
2023-04-02 22:01:35,True,0.3487,0.000196,5102.02,1.0,0x21...e50d,https://etherscan.io/tx/0xb986fd222bdfabd1d4a8196d29a1013762133b80901490f147e9ff50cc0353ee
2023-04-02 21:52:11,True,0.3478,0.0001953,820.0,0.1601,0xec...2b94,https://etherscan.io/tx/0x76c9c206f8c3d895b13ec564bcc096408a54678e1ea718650e0bdd18edcd271d
2023-04-02 21:44:59,True,0.3469,0.0001951,307.411,0.06,0xd5...6236,https://etherscan.io/tx/0x9cd650124d04be87a4505f9aee37749b16296ab709bb4b8bf7b4ab3f43fd8bd1
2023-04-02 21:36:47,True,0.3488,0.000195,998.695,0.1947,0xae...d200,https://etherscan.io/tx/0x2fdbe0950ec3fc0b7d9a1c7c626f050395d4b7bc5c9bfe2e8b7c5895c2a26d22
2023-04-02 21:33:47,True,0.3489,0.0001948,402.981,0.0785,0x02...eb70,https://etherscan.io/tx/0x477002d352582f26545e9bb0bb33f4059798778758b0626d14889a8ebfd8bc6d
2023-04-02 21:30:59,True,0.3489,0.0001944,3085.47,0.6,0x02...eb70,https://etherscan.io/tx/0xd134ab4965a5bc74e4792976a78080019b2632bb2d9d8ffbcb5d52b49c37fc30
2023-04-02 21:28:11,True,0.3483,0.0001941,40.4539,0.0078,0xae...d200,https://etherscan.io/tx/0x64002b4a8f07d992d70281e6cfa1a9af24319c757f0820fef761654ee9296777
2023-04-02 21:14:47,True,0.3482,0.000194,721.608,0.14,0xb8...41fb,https://etherscan.io/tx/0x6f973bbb892111b8166d5b4702b166396d7c9fd3aef870ae58f5311075727dc3
2023-04-02 21:07:23,False,0.3485,0.0001938,9700.02,1.88066,0xf7...534d,https://etherscan.io/tx/0xf02e02121cd85014efff9a250e84e2e9f38f2f1173981e5703ea8b1e4510d330
2023-04-02 20:55:47,False,0.3512,0.0001952,1987.52,0.388,0xb2...2eba,https://etherscan.io/tx/0x070ae2ef25528faaa1450738a4fe89e36b21241b3ad7352cc2ad5d6a7dbc347b
2023-04-02 20:51:47,False,0.3518,0.0001955,466.57,0.0912,0x92...71cc,https://etherscan.io/tx/0x63c6a3868d4a71894804b9fd7c9b999f26973fa91d0f129741abed6af31b6eab
2023-04-02 20:51:35,False,0.352,0.0001956,485.0,0.0948,0xa4...7ed3,https://etherscan.io/tx/0x01428b950498a81983cb6d8c537076d4609c892ca1bc89d11a803b1636328e6d
2023-04-02 20:38:59,True,0.3544,0.0001968,342.701,0.0674,0x66...c0c5,https://etherscan.io/tx/0xa69b4c32230fa63d152377e5dd0434affdae7bbb384ab2d0a71d34b1fb44a354
2023-04-02 20:36:35,True,0.3543,0.0001967,262.68,0.0516,0x9b...5e4d,https://etherscan.io/tx/0xebed4ea42e3c87209384b304a5f2fe77002a6740d9c989e3026850ba3fbf4b1c
2023-04-02 20:35:35,False,0.3522,0.0001956,539.32,0.1054,0xc8...d8d3,https://etherscan.io/tx/0x5d859a6057774bddf09897cebffbe0d91e84337a7a6584f085da28301a8782ec
2023-04-02 20:34:59,False,0.3533,0.0001962,4850.0,0.9517,0xf7...534d,https://etherscan.io/tx/0xeef484dca25aace5c1ba679bfddc4542d6f32532262eb5441ad0a717b5940c89
2023-04-02 20:32:59,False,0.355,0.0001973,4633.14,0.9143,0x37...fd0d,https://etherscan.io/tx/0x4f8edbe3d60936348d1372b8240f1f3fcda19ff80764ba0ff6d0feaa85184df4
2023-04-02 20:25:23,False,0.3574,0.0001985,5696.18,1.13115,0x0e...9098,https://etherscan.io/tx/0x3397dbe1eae0a78a32febd1c30a5c55fd2912f5a4331410d7781379ecb7708af
2023-04-02 20:24:59,False,0.3597,0.0001998,4850.0,0.9692,0xf7...534d,https://etherscan.io/tx/0x9f575a568b7209a9e6f451c97e98961ab14bb3fd5d1f725cc4168cb7a3d82205
2023-04-02 20:24:59,True,0.3618,0.000201,4974.36,1.0,0xe0...75c7,https://etherscan.io/tx/0xad3bbf66f9d206c1675037eff3f31e1d8835fe2a6009b1e2f68f479a13e25878
2023-04-02 20:19:11,False,0.3605,0.0002002,8549.12,1.71204,0x0e...9098,https://etherscan.io/tx/0xf810b837f9385c012fd3df4bd1f6023a2e7e1ed8fdf1371d587bb05004afa833
2023-04-02 20:14:11,True,0.3631,0.0002015,7836.14,1.57935,0x3d...1695,https://etherscan.io/tx/0x95904011e5589ab59274b6160a3e372527a6993e0062cd443bce9e4aa77ea108
2023-04-02 20:11:23,False,0.3605,0.0002001,6305.0,1.26197,0xf7...534d,https://etherscan.io/tx/0xc46abb1177a140c350e6dacc83b1631521b371aeebd4ac904a2bab88d52c5609
2023-04-02 20:10:47,True,0.3638,0.0002019,1485.56,0.3,0xb5...8e70,https://etherscan.io/tx/0xb63e3642dcd9c11dc244671e934a682ef20a4a2e0fd7b46e3d07cab8684a2320
2023-04-02 20:09:47,True,0.3624,0.0002011,4971.26,1.0,0x5a...d43e,https://etherscan.io/tx/0xaee1ae36ddfd087fd72e0427d4567592c4081257b3903675418de362aa74e57a
2023-04-02 20:09:35,True,0.3583,0.0001989,13670.5,2.71917,0x3d...1695,https://etherscan.io/tx/0xae675ff8f85e00d9677f3f4737971c4148f4ef1108095b0b7b85f089fb65f65e
2023-04-02 20:07:11,True,0.3554,0.0001972,33.4315,0.0066,0x3d...1695,https://etherscan.io/tx/0x7278a7885789bdf6d99c1e2a6246d95bdfa07bc64cc835ff8b9620ee3b379b32
2023-04-02 20:05:11,True,0.3552,0.0001971,995.342,0.1962,0x1a...8ad0,https://etherscan.io/tx/0x946c5d567a077d6e2cbf0684b50116fec9490efbb0c4eb9fed57e82dc3ff7028
2023-04-02 19:57:59,False,0.3532,0.0001959,965.651,0.1892,0x38...49ef,https://etherscan.io/tx/0x0643790d739963e89a49387895fc3bdec6a9648caa0761af1e4b0bb1408122ed
2023-04-02 19:55:47,True,0.3554,0.0001972,329.569,0.065,0x39...7ed4,https://etherscan.io/tx/0xe2b584dc82f5ff7b8e075559b08f6a679cb295987308ab061ea1e84d8b9d952a
2023-04-02 19:52:47,False,0.3535,0.0001961,970.0,0.1902,0x13...d732,https://etherscan.io/tx/0xf566750d210d6057d544cbee6ba7697379ac34a008fd2b4f6f561fdba328c293
2023-04-02 19:32:59,True,0.3547,0.0001974,151.976,0.03,0xc6...f6b6,https://etherscan.io/tx/0x6f20f2d5b580b94b7a87935bc6ae97b063137cad1fc1470f89dfba8ebce1741c
2023-04-02 19:26:23,False,0.3526,0.0001962,641.249,0.1258,0x54...6eb7,https://etherscan.io/tx/0x2662371c2dcf4bdc1b1496381ff7f45cd254f9f3732465bfdaaf24d7cff2becf
2023-04-02 19:15:35,True,0.3545,0.0001973,1266.58,0.25,0x21...563f,https://etherscan.io/tx/0xdf08e1f736704bc91a0a6a51df236b21280a937f270e419091c4741f82ab0dea
2023-04-02 19:15:11,False,0.3528,0.0001964,3395.0,0.6669,0xf7...534d,https://etherscan.io/tx/0x6476dfc1d257c08642b1507a1580fd4febd87b6ac403ec702dc5c0990a450835
2023-04-02 19:08:35,True,0.3555,0.0001979,551.316,0.1091,0x84...4214,https://etherscan.io/tx/0xdaa66b3d61c684e5f5bf5a64e1cf5858f8a3fb8a95769ab51913b6c4757935ba
2023-04-02 19:07:35,True,0.3552,0.0001978,192.034,0.038,0xad...ada3,https://etherscan.io/tx/0xb44ee41ef10f3ae8d8683acac88bc99331e4d3c70918581054e343db58945e90
2023-04-02 18:42:11,False,0.3563,0.0001987,17559.5,3.49019,0xa4...b5c7,https://etherscan.io/tx/0xb9c15864d90cb2e4cf6925f18d8a7cb93a772b9c6b3d299955a33ad6c2cd6c12
2023-04-02 18:35:47,False,0.3608,0.0002011,2037.0,0.4096,0xad...4ef4,https://etherscan.io/tx/0xeba7215246962bba0feeb1febb50190153f2359265a12f6cf8079587a32e72a8
2023-04-02 18:35:11,False,0.3618,0.0002016,2425.0,0.489,0xcf...3224,https://etherscan.io/tx/0xf46adaf126341ab95d479cb01a7e99cfd085545162a2888e6df9052bff4b9337
2023-04-02 18:33:35,False,0.3634,0.0002025,4548.74,0.9212,0x67...6f07,https://etherscan.io/tx/0xf33119b2ee7d9a4a2ef6d3154b0a58a0b1352af34a636ba9a6d773d47776e7ad
2023-04-02 18:13:59,True,0.3669,0.0002042,500.3,0.1021,0x3a...dc09,https://etherscan.io/tx/0x330c55a5e90b0b9645ce60c2b9dd6540d5d75b7fc6534eec3df34113319bc82f
2023-04-02 18:08:59,True,0.3642,0.0002026,12232.0,2.47897,0xa5...669a,https://etherscan.io/tx/0xecc83e5e3b0e150571a7ea077fc6c539c121d24b9359e9eb3a6adb9d1ba4dbb6
2023-04-02 18:08:23,False,0.3598,0.0002002,2367.73,0.4741,0xec...d95c,https://etherscan.io/tx/0xfc3d20286e9b288dd7ce60c6c3a6ccff26e498448817b533bd8b1fd368b859d6
2023-04-02 17:59:23,False,0.3612,0.000201,4216.19,0.8476,0xcb...baa6,https://etherscan.io/tx/0x37733bbdb48c3fbd67f4776648d66742661e45b31287e5f6c242bcacc1074881
2023-04-02 17:56:47,True,0.3626,0.0002019,7086.13,1.43071,0xe2...ac2d,https://etherscan.io/tx/0x0337c20b5b2013968242e5af8a49490656cf9fddf33f9fb8519b1abfda844817
2023-04-02 17:55:47,False,0.359,0.0001998,450.317,0.09,0xd8...2f45,https://etherscan.io/tx/0x58569b8cc72a6263425eeb43f1d666c8d585491bc1cfc807a5e632d36f42ff94
2023-04-02 17:55:11,False,0.3593,0.0002,1086.97,0.2174,0x77...4247,https://etherscan.io/tx/0xadbf41c0696e23024df08bf148437d7ec6c97ef85d8b2d382826193490f800eb
2023-04-02 17:48:35,True,0.3615,0.0002013,745.079,0.15,0x05...d1d0,https://etherscan.io/tx/0xe164a4d2c19f98264544167675de8b228e86a429afdfa330a0ab4e7595a53bd4
2023-04-02 17:41:11,True,0.3594,0.0002001,9100.04,1.82116,0xa5...669a,https://etherscan.io/tx/0xba42f2399115a139d205a6151e0754457aab98249a5c6044668c506c3ea42eae
2023-04-02 17:40:47,False,0.3559,0.0001981,2910.0,0.5767,0xd8...0430,https://etherscan.io/tx/0xa12c0924a1f6e49f8f4a098faba869549db910566678148a68dd13964b4eee3d
2023-04-02 17:32:23,False,0.3587,0.0001999,11650.5,2.32935,0x3f...c06b,https://etherscan.io/tx/0x737bbacf8c9201cf6a0c837b71da9453c1b7b05c3fd7ecd75d0878ae7ad14385
2023-04-02 17:26:35,True,0.3633,0.0002024,1256.67,0.2543,0x63...fd97,https://etherscan.io/tx/0x59825a1b41871a6fb1fc6e8f9042b1260fea5ef900cd2e8ae2b8e9dabd03558d
2023-04-02 17:23:11,False,0.3614,0.0002014,3104.0,0.6251,0x5e...1ceb,https://etherscan.io/tx/0xafb65a51488d9fe04f924c25315e890eb4a3f9f33e1c754df346cc32b5384e9e
2023-04-02 17:21:11,True,0.3642,0.0002029,246.332,0.05,0x7b...5cdb,https://etherscan.io/tx/0x778bed432e07dee77c57e385ae943d4a61adf80fc0c87b75edcf86e722b3cc71
2023-04-02 17:18:11,False,0.3615,0.0002019,1455.0,0.2937,0xc2...c2fa,https://etherscan.io/tx/0xb9e10e5d332de5b9bd294dae526371920f2c44724c832ab6e458efd86f039920
2023-04-02 17:14:11,False,0.3654,0.0002036,12394.8,2.52384,0xf4...f8d9,https://etherscan.io/tx/0xd7e7a242517da34ecbce53804816727910d1c9b82da880a4b867f6722fd10b24
2023-04-02 17:13:35,False,0.3688,0.0002054,2192.2,0.4503,0x5e...1ceb,https://etherscan.io/tx/0xefa14f7401b5d44d959c8567b09fe34192c2954d815e4c596d0a3c2b14d4f1cd
2023-04-02 17:12:35,False,0.3725,0.0002074,13951.8,2.89478,0x3f...c06b,https://etherscan.io/tx/0x30403ed20718d35be3113645ec810a4df1393141e31b30f4bf8fd4d3e8e56b16
2023-04-02 17:07:47,False,0.3775,0.0002097,3298.01,0.6915,0x25...ab52,https://etherscan.io/tx/0x3626c0d5ff09ff742c34dc248f1741bde136dd20a1655295759d3a18e9bb2daa
2023-04-02 17:07:11,False,0.3785,0.0002102,970.0,0.2039,0x13...d732,https://etherscan.io/tx/0x1c22c0737aa4d9326d51454edc54d35554a9229a8aea5cbf7860f2389ee368b1
2023-04-02 17:07:11,True,0.3809,0.0002115,500.0,0.1057,0xd6...d6a0,https://etherscan.io/tx/0x762e9a0cbb03ad70424e2232ef4d9830eda5e1adbbbecef6164e9628d4f7e9ad
2023-04-02 17:07:11,False,0.3812,0.0002117,11628.6,2.46257,0xcc...a13f,https://etherscan.io/tx/0x392c902843b9ad662b98ddf05f520ce8c3d9a5d6c30139ae0864e96e03e1514a
2023-04-02 17:07:11,False,0.3866,0.0002147,10725.4,2.30314,0xcc...a13f,https://etherscan.io/tx/0x392c902843b9ad662b98ddf05f520ce8c3d9a5d6c30139ae0864e96e03e1514a
2023-04-02 17:06:35,True,0.3863,0.0002145,22000.0,4.71922,0xd6...d6a0,https://etherscan.io/tx/0x03f00377baa67970427e79032fcedd59b4618841390e26f7c8f1b659627735f6
2023-04-02 17:05:23,True,0.3746,0.000208,27426.3,5.70579,0xd6...d6a0,https://etherscan.io/tx/0xc6b383e0d86275a40fccf1392d65c4d45325280c79fa6c9e8ff8daf9a2277466
2023-04-02 17:03:11,True,0.3645,0.0002019,21482.6,4.33765,0xd6...d6a0,https://etherscan.io/tx/0xe9672ef402d6b43bc5d2419bc014d99d8c4530f0c840514f2a7e2ba739633340
2023-04-02 17:02:35,True,0.359,0.0001989,3418.87,0.68,0x4c...94ad,https://etherscan.io/tx/0x80158a9a1233e1b02f6024ad936150036370b5b41bcee0f186af3fa2a62cc977
2023-04-02 17:00:23,True,0.3535,0.0001949,30266.2,5.9,0xd6...d6a0,https://etherscan.io/tx/0xf4a116b43b77df8f46c84264a44d58094f7e4da5821774fbd8426a2947ee2e87
2023-04-02 16:59:35,False,0.3453,0.0001903,485.0,0.0923,0x13...d732,https://etherscan.io/tx/0xb199cf8167ad05073b7b94455add192ef3b0d7392f74c2de5b12ab324141565e
2023-04-02 16:57:35,True,0.3427,0.0001888,24201.1,4.57076,0x26...9510,https://etherscan.io/tx/0x08cefc924958378ece584a253d6426c1fe267316bc7156b5f6d30264fc787780
2023-04-02 16:49:47,False,0.3365,0.0001853,2657.84,0.4927,0xb7...9c63,https://etherscan.io/tx/0x3d6012158770c23fb9b1e9c3bb087766272864d49d7764cf307bd4b8abba6f53
2023-04-02 16:38:47,True,0.339,0.0001867,188.796,0.0352,0xaa...8307,https://etherscan.io/tx/0xf1e6c042da5445d0a78e3498a0ebf64c262d63a8c354b4fe6a21cdb29a68e0a6
2023-04-02 16:36:47,False,0.3369,0.0001856,9.7,0.0018,0x16...dd98,https://etherscan.io/tx/0x525d6e100da78f284521af9af474e92c233fe2f700a57be0b78e17587c409222
2023-04-02 16:36:23,False,0.3373,0.0001857,1521.65,0.2827,0x94...c7c2,https://etherscan.io/tx/0x7adf1d4e4a4579cccd9dbbd90c43ad6edf93b27d514e3ec98783953c6f4c948f
2023-04-02 16:34:59,False,0.338,0.0001861,1940.0,0.3611,0xac...f7c7,https://etherscan.io/tx/0xcfd19149c87f7c16d7356b0ba58940111f503b38f55923df9344a8f6e0c7caaa
2023-04-02 16:32:23,False,0.3383,0.0001864,380.737,0.0709,0x9d...013c,https://etherscan.io/tx/0x9a813b08cebe67d87fceb53034c6fecc55788fd5846fc2abc653636c951d0a14
2023-04-02 16:26:59,False,0.3388,0.0001866,2050.16,0.3827,0x5b...36ff,https://etherscan.io/tx/0xc54756c6fcadc1369df8b157c795127970dd63cc148b115e4aba5a4dff0acac0
2023-04-02 16:25:47,False,0.3396,0.0001871,2435.85,0.4559,0xb1...f036,https://etherscan.io/tx/0xb14db46847bded338734698f5b14994ad4f2da61517feb7b382494be510ab018
2023-04-02 16:16:59,False,0.3403,0.0001877,3121.56,0.5861,0x49...b3d4,https://etherscan.io/tx/0xcdbdbefca26f84e673d39a6422e042848141185b30397cc0a4b6d3e132527f66
2023-04-02 16:15:23,False,0.3413,0.0001882,1455.0,0.2739,0x13...d732,https://etherscan.io/tx/0x24176d868efa8b56617b6581025c9c35c6b041e93042df8c469557374b447557
2023-04-02 16:11:11,False,0.3419,0.0001884,274.863,0.0518,0x5b...0b88,https://etherscan.io/tx/0x8d776c98a0386a6b91e362ea56e88daa8a5768ba8a30940356c4a3330bf29693
2023-04-02 16:08:35,True,0.3438,0.0001895,990.031,0.1876,0x72...3973,https://etherscan.io/tx/0xd35e7ca5f42135759d24ecc03ec7d3f4861dec242973ace5f3d6007104a9e9fb
2023-04-02 15:59:11,True,0.3431,0.0001893,1056.51,0.2,0xc4...9d52,https://etherscan.io/tx/0x54b8124c557dce633d759a378093ac1194fa1ce57469ac1fac08879e03c08c5b
2023-04-02 15:58:23,False,0.3425,0.000189,8621.13,1.62945,0x8c...a374,https://etherscan.io/tx/0x8298103b67b00c11f6b151e6622fe4a3f49189c74cdbcd0adf30fb2bb54bf305
2023-04-02 15:51:11,False,0.3453,0.0001901,1455.0,0.2766,0x27...3c7e,https://etherscan.io/tx/0x6298a29b7ad9709f6af4e129c4b35313b3afb63bc8285bd55fa0a330cdc192bf
2023-04-02 15:50:35,True,0.3476,0.0001913,470.262,0.09,0x8a...bb9a,https://etherscan.io/tx/0x7b7f790a16640814f853beb9cc53a81860998f35bf2b0bf6601fef3faa1f9ab1
2023-04-02 15:42:59,False,0.3464,0.0001907,4850.0,0.925,0x88...b097,https://etherscan.io/tx/0x686cea195a64d6a46cd140a1bdd268329bd1efea19ab9d983f8f4ba369458c02
2023-04-02 15:31:11,True,0.3482,0.0001922,1435.54,0.276,0xfb...4ba3,https://etherscan.io/tx/0xad770174f4b4b9cad2d758d87f4a5adb9971f6fcc8538a5e3112c5203699bde7
2023-04-02 15:22:47,False,0.3453,0.0001909,388.0,0.0741,0x24...8cf4,https://etherscan.io/tx/0x589cfee56c506562b03eeb36dba7f0ae35cb9e710d1c1032d37c4451b91cfd29
2023-04-02 14:25:23,True,0.3404,0.0001875,41421.2,7.77,0x5d...2cbb,https://etherscan.io/tx/0xfb082e271c6fc6a94b8e16e162c9f49ae4a5fac8c47cab0297599128dbc3f77c
2023-04-02 14:16:23,True,0.3323,0.0001829,1585.23,0.29,0x72...8a2c,https://etherscan.io/tx/0xbe0e7bb4452af617cd82a79b60e4f2a803da6b9165867df0751e1086d33ef53e
2023-04-02 14:13:35,True,0.3318,0.0001827,602.053,0.11,0xd6...7ab9,https://etherscan.io/tx/0xc35cea149d6843ff5b5358acd99f0ed50d993cd392b75e9599066949f2cb6f7b
2023-04-02 14:09:11,True,0.3311,0.0001823,3291.31,0.6,0x21...e50d,https://etherscan.io/tx/0x0b6c05681e81ab59b0fe982d424451c10609d6203cc2f2a078f2539a4a6d13c9
2023-04-02 14:06:23,True,0.327,0.0001802,16109.0,2.90412,0xdd...4b01,https://etherscan.io/tx/0x146f01f8f7b5c530f05d935d9344288518b810aa57dc68240bd2f1c8f9e610fa
2023-04-02 14:04:11,True,0.3246,0.0001786,167.964,0.03,0x72...ccbc,https://etherscan.io/tx/0xb3d4bf3212e832a2f412318fa09b85112c1fd5f0234af363b6843b7c929fd183
2023-04-02 14:03:59,True,0.324,0.0001782,3074.15,0.548,0x29...84fe,https://etherscan.io/tx/0x5b34efd4b2c9b7d578d0cd2a34ae6e01bc62bf4154256c0f3a473bc4aebc47ef
2023-04-02 13:59:35,False,0.3221,0.0001771,2909.23,0.5155,0x7b...f61c,https://etherscan.io/tx/0x8384200927948c89936e4bbf3fd17591e4d1b1775fba0954ec1bdf51e360203b
2023-04-02 13:59:23,False,0.3227,0.0001775,351.144,0.0623,0x18...9fc0,https://etherscan.io/tx/0xfa5004b17862481d95f373c1002a51f8ae29eda2181707c24e1c04861c9ed6e0
2023-04-02 13:54:35,True,0.3246,0.0001785,952.215,0.17,0xef...6d80,https://etherscan.io/tx/0x8fb2865274ddbd8c40473c1e35b641b375532a76c3e2e420b1901686f32f3bcd
2023-04-02 13:52:47,True,0.3243,0.0001783,448.459,0.08,0x99...b31a,https://etherscan.io/tx/0x839a7e5dcebe122b0cdf63f4cfd90ff45bb701eae8a7ac7df44bd4a95994470f
2023-04-02 13:52:35,True,0.3242,0.0001783,364.542,0.065,0xd5...f25a,https://etherscan.io/tx/0xe72fa9496dafcedbabc2c486dad4baa3f6f321e0b5726147d40044df59a21717
2023-04-02 13:52:35,True,0.324,0.0001782,339.019,0.0604,0x8a...56c7,https://etherscan.io/tx/0xb7f0c3cd78cb1cfb9acfaa3ef3a915261e679e947498698339f74d4b0ed49ae3
2023-04-02 13:52:11,False,0.3226,0.0001774,2946.85,0.5228,0xdc...b027,https://etherscan.io/tx/0x6d941187d69e2f05a1b1a4b51d5d58f188a7174acc7b402d682dd44f8a9b6502
2023-04-02 13:47:59,True,0.3248,0.0001787,900.0,0.1608,0x29...7b72,https://etherscan.io/tx/0x90674eee669c3549380e982f950b6dff0271ea2f9f4b738fd613e2b46106e052
2023-04-02 13:42:59,False,0.3233,0.0001778,2910.59,0.5176,0xca...b9ec,https://etherscan.io/tx/0xa9882868462d60f42a161f44885e930eebc9fb23ee474808aa56f68749d9574e
2023-04-02 13:42:35,True,0.3257,0.0001791,393.518,0.0705,0xd5...f25a,https://etherscan.io/tx/0x140c87ff80eb13cf542499a1a52a7f5d68b73a4514f83150f01200ab5c9529cb
2023-04-02 13:40:11,True,0.3233,0.0001778,12359.0,2.19829,0xcc...a13f,https://etherscan.io/tx/0x8bc87ed31b75f9bc094c5d7736ea7b98ae8e6e5ceb05e1e5944bcecd43899769
2023-04-02 13:38:59,False,0.33,0.0001815,58200.0,10.5661,0x4b...49cd,https://etherscan.io/tx/0x0dafddbcfe0cfb9a5bbc66d5a7c9cd94536e205d9747f11ed621889a1576f539
2023-04-02 13:23:23,True,0.3425,0.0001885,3183.1,0.6,0x5b...c248,https://etherscan.io/tx/0xd6c93e677ca9f827800daaa78bf055426745a70b4d769a06081e773d535aae34
2023-04-02 13:20:59,True,0.3417,0.000188,701.876,0.132,0x4f...55bb,https://etherscan.io/tx/0xef6d87b6819735efa2b3d0d2cd10524485108ce66bae68b776256ac39d7bb93f
2023-04-02 13:20:59,True,0.3416,0.0001879,132.996,0.025,0x39...d838,https://etherscan.io/tx/0x4790d18ffbd1173367f49a790c8dbc5b5a8b3b1504d3dd723b56df53d6e87360
2023-04-02 13:06:11,True,0.341,0.0001878,1457.56,0.2737,0xcf...eb1c,https://etherscan.io/tx/0x3cae79e6ab42afb583b57859163320e83180b7ebf85f9797029f08ef1e09a1b8
2023-04-02 13:05:11,True,0.3404,0.0001874,1460.03,0.2737,0xcf...eb1c,https://etherscan.io/tx/0x92c669bfe1eabbbefd91eb382612da7bcbb2c56c3053d086644d8f4c6640c053
2023-04-02 12:57:59,True,0.34,0.000187,2927.7,0.5474,0x85...813f,https://etherscan.io/tx/0x77c951fb100cb67751eba6e46a8303e2ad41750e1725347112e5f7aa66c782cf
2023-04-02 12:54:59,True,0.3393,0.0001866,276.027,0.0515,0x28...23fe,https://etherscan.io/tx/0x4977aaf228ea9a8041f2ea5b698813e9dbde19abc3659e9cb903fb45923a5f4c
2023-04-02 12:49:11,False,0.3395,0.0001867,11429.5,2.13442,0x8c...a374,https://etherscan.io/tx/0x8f5edc7a28497dd1c0e0f8215991a2097c08d57d60e4dda52b86f5a6794a6e60
2023-04-02 12:25:35,True,0.3437,0.0001888,2250.01,0.4249,0x9c...f07e,https://etherscan.io/tx/0x1b057a7aff87e3b8f47a95bba2580788c552f1cf7c8c2c8ea5e1975f78cade55
2023-04-02 12:15:23,False,0.3425,0.0001882,6790.66,1.27831,0x74...cd61,https://etherscan.io/tx/0xc514073cf2e1d7ec739e3bd833a4499953629cb9efa33625785e1647b82f91f6
2023-04-02 12:01:11,False,0.3454,0.0001895,4967.56,0.9415,0x52...41dc,https://etherscan.io/tx/0xe7da61cfe8a4101b484f68256bad896d5e73da3c311a0fd25a200014ee9def91
2023-04-02 11:44:35,True,0.3479,0.0001911,1046.42,0.2,0x01...967d,https://etherscan.io/tx/0xb11ce82087a408278d105290e116a815a3639d292f22c6635c39c2aac8ab6e47
2023-04-02 11:43:59,False,0.3458,0.0001899,970.0,0.1842,0x9e...e4f7,https://etherscan.io/tx/0x5a77f83a3b730d9a1f362adb5ffb5991b7bf9843f6ff8bbc3dcebf00c386c5c7
2023-04-02 11:35:47,False,0.3462,0.0001902,1386.13,0.2636,0x30...d334,https://etherscan.io/tx/0x6744f30c62e4ee0d9112380d6fc5a8e694aade1ff7d85ed52d566d7824dbded6
2023-04-02 11:34:11,True,0.3485,0.0001915,287.194,0.055,0x98...f081,https://etherscan.io/tx/0xa0be63c060ece2708930597b53954ec891869aaf817321a3cf274b2791b57cfc
2023-04-02 11:33:23,False,0.3465,0.0001903,471.589,0.0897,0x94...c9bd,https://etherscan.io/tx/0x48c6dbf28c46d1be7aa39ec87386cbea8b5008241a0a8dbf35d14920b6c87c1c
2023-04-02 11:33:23,False,0.3488,0.0001916,10764.2,2.06297,0x94...c9bd,https://etherscan.io/tx/0x48c6dbf28c46d1be7aa39ec87386cbea8b5008241a0a8dbf35d14920b6c87c1c
2023-04-02 11:25:47,True,0.3531,0.000194,154.626,0.03,0xb7...5c71,https://etherscan.io/tx/0xbb6cee5c3beaec598356fc414eaec426d7abedef8dd0ca89cace03937e30b475
2023-04-02 11:09:47,True,0.3525,0.0001939,379.62,0.0736,0x9e...7c99,https://etherscan.io/tx/0x03eaab50d8212d80cfb98c57d4ae589a1c061c2488679e200930b969a17120c6
2023-04-02 11:03:47,True,0.352,0.0001937,1548.53,0.3,0xe5...ee58,https://etherscan.io/tx/0xecf2380ff267c7247cda77b0d9f078ead6d59e385015e3584ac275de15f78f95
2023-04-02 11:02:59,True,0.3517,0.0001935,128.103,0.0247,0x54...f984,https://etherscan.io/tx/0x8c0591d3e5510f4e8e9f6a2c7af4fdc48447b05ae1df23e03fc1b5c3df056390
2023-04-02 11:00:23,True,0.3516,0.0001934,325.466,0.0629,0x9e...7c99,https://etherscan.io/tx/0xd4bb094a7edf26044cc94043b6042c437083f311681ab45fc0056dad97cc5d97
2023-04-02 10:55:23,True,0.3457,0.0001902,28776.8,5.47327,0xf1...83c8,https://etherscan.io/tx/0xced13063eabddf8823b914c7986de8c7a07d058c848b997c7f7dcda55b8426ba
2023-04-02 10:48:47,False,0.3399,0.0001869,9705.86,1.81446,0x24...1bc9,https://etherscan.io/tx/0xbf9250cba767b72b242966126132edb2e68dff7710a5358cde02aeae0439ebf2
2023-04-02 10:45:11,True,0.3436,0.0001889,1448.85,0.2738,0x5f...35bd,https://etherscan.io/tx/0x86414dd7d0aa89b868266402b62d85779768d29737adbf8d1120d632dc37f56f
2023-04-02 10:39:11,False,0.3422,0.0001881,4471.7,0.8414,0x24...1bc9,https://etherscan.io/tx/0xc19962485c8b11e86e7f54a1129e4cd312c54b01e3978745849c719a519c7d42
2023-04-02 10:34:11,False,0.3433,0.0001888,1433.66,0.2707,0xd5...1567,https://etherscan.io/tx/0x37023a36bb62619bab10f1dd2a343657821f60439aeeede4939ea0525218bb89
2023-04-02 10:28:59,False,0.3437,0.0001891,970.0,0.1834,0x1a...8ad0,https://etherscan.io/tx/0x3a106ad86c6f3ae982d96b8070ee91b85798f8489d71f2b18df3bbe4444ccbab
2023-04-02 10:22:59,True,0.346,0.0001903,289.0,0.055,0x37...a712,https://etherscan.io/tx/0x23890f465b3da572060c597cb0d995dfb09814278f8241b3596ce8756dc6d4e7
2023-04-02 10:14:23,True,0.3459,0.0001902,247.004,0.0469,0xe9...d956,https://etherscan.io/tx/0xfa3584d02597d5aa161f8384adb43cd63b5a85b1f8259e79a9a00caf83770fbe
2023-04-02 10:04:23,True,0.3462,0.0001901,388.0,0.0737,0x47...7567,https://etherscan.io/tx/0xa1356dc20c8dc52672ee1661fd1ec1c778b76eca089096f84236c1af1f03feca
2023-04-02 09:47:59,True,0.3463,0.0001901,121.302,0.023,0x4f...f79f,https://etherscan.io/tx/0xb688b5a9864dde7196bef026e3c0a9617f1aa49b6abf4f16c748a363367d944f
2023-04-02 09:25:35,True,0.3446,0.000189,9521.33,1.8,0x22...cdd0,https://etherscan.io/tx/0x8455b24cfd61186cfb9a4610ed6fc3168918e89ec3f7369be880cf6271504d25
2023-04-02 09:20:59,False,0.3416,0.0001873,4314.51,0.8083,0x09...09ae,https://etherscan.io/tx/0x4e66613ad2a4b1debe04f6defa7961df470a369e561f307890bfc277fc7fef24
2023-04-02 09:20:47,True,0.3424,0.0001877,10651.2,2.0,0x90...be02,https://etherscan.io/tx/0xb9b9225ec595ee0953f90d4038dc823ec7216c78854b26d6890db2adfafb52c5
2023-04-02 09:19:47,True,0.3399,0.0001864,1126.09,0.21,0x16...45c3,https://etherscan.io/tx/0xe6318c45774f9285e2d818b34317bdf463008d3516aa3f794e77d9621e9efb17
2023-04-02 09:19:35,False,0.3379,0.0001853,1318.09,0.2443,0x86...9588,https://etherscan.io/tx/0x0a46459df5c8428b10e07b49a20041ca43cf90a787766f3a859d4356a70040dd
2023-04-02 09:10:11,False,0.3388,0.0001859,3880.43,0.7215,0x29...fac3,https://etherscan.io/tx/0xfff418730bd6983d5e1443faae5662bcb1fe9babf13cea17598e0c9cc9545716
2023-04-02 09:09:59,True,0.3414,0.0001873,1139.3,0.2134,0x94...3e9f,https://etherscan.io/tx/0x8a8efde3e7cdcf5b21e60efe4a5db27108f9e03d43bcb34d22d3ee81aa5358e7
2023-04-02 09:07:11,True,0.3406,0.0001869,2674.47,0.5,0x1b...3682,https://etherscan.io/tx/0xd537bc918dd5807c589a0b072f1b795a997e66b9fd9f4d3cdc0306ed286c3e65
2023-04-02 08:56:59,True,0.3403,0.0001865,880.863,0.1643,0x22...6cd2,https://etherscan.io/tx/0x415ae541201a5eb182fa6c93c636a3e9e2689778bfb6157c873735765cda15fe
2023-04-02 08:47:59,False,0.3389,0.000186,6039.34,1.12336,0x7d...ffcd,https://etherscan.io/tx/0xf9d78ce61aff5cf3d3b6980cc32a9526b1edf3b45cc951a72fa3f0e0a4c2cfdc
2023-04-02 08:45:23,False,0.341,0.0001871,4850.0,0.9078,0x82...11ce,https://etherscan.io/tx/0xd93690c5893817f450ba3159a6e3beba0d8f017e17541dc5f78777b0297571f9
2023-04-02 08:44:59,False,0.3427,0.0001882,4850.0,0.913,0x82...11ce,https://etherscan.io/tx/0xfc8855135ebdb15d8ff68d6e2808ff1f2a75daba838c49f2b65c88eb2c5b62d6
2023-04-02 08:40:59,True,0.3453,0.0001897,1446.08,0.2744,0xe2...29a9,https://etherscan.io/tx/0x80675d908ae5dbdfdf699fbc050f36860ff2cb4467f6a6642b254348017b15fe
2023-04-02 08:34:59,False,0.343,0.0001885,291.0,0.0548,0x33...8bcf,https://etherscan.io/tx/0x350769ab9eb243afa5ce279968c4df28770433832380c191b2ec94edace6aaba
2023-04-02 08:34:23,False,0.3434,0.0001887,1552.0,0.2928,0x5c...72b5,https://etherscan.io/tx/0xaa44a85c1712cd4d744941dc771ae33bbcf75ae6c4197becbb82384aa5c0c777
2023-04-02 08:26:11,False,0.3447,0.0001894,4850.0,0.9186,0x82...11ce,https://etherscan.io/tx/0xd993a819d08842eed8c4d6f091eb1d2bda23f6bcab9f1b9e6a8937e74c1808f4
2023-04-02 08:25:35,False,0.3466,0.0001905,4850.0,0.9239,0x82...11ce,https://etherscan.io/tx/0x27b9dd510b50332c5a92e780b0f3b21bbca06f5c646be821a5aad2cbcc3d1351
2023-04-02 08:07:47,True,0.3492,0.0001918,3170.66,0.6082,0x72...17b2,https://etherscan.io/tx/0x684869afd1193453db101072a636720697ac161a277cd7dd2f814a8781323540
2023-04-02 08:00:11,True,0.3485,0.0001914,383.975,0.0735,0x4e...2668,https://etherscan.io/tx/0x9a5c34bbebec7239c526a688552518482f13aeab49ce8dfc821fea833b392aeb
2023-04-02 07:50:35,False,0.3467,0.0001904,1868.22,0.3558,0x7a...828a,https://etherscan.io/tx/0xadb8cd68ea1aa271ed2f20b1fc7014500c692b38d841df185c567bbf82f877cc
2023-04-02 07:43:35,True,0.349,0.0001917,991.139,0.19,0x44...da25,https://etherscan.io/tx/0xbc81d6092bea9b786f5d9ba39e224d5ebb0eef378fd8a47345f1c5f91fed67d6
2023-04-02 07:42:23,False,0.3474,0.0001908,3492.0,0.6663,0x91...0971,https://etherscan.io/tx/0x351ca9d78ae6c7aadd6301158c55ed40a0484dc2c729d0487b08fcd718ec0ffa
2023-04-02 07:31:11,True,0.3487,0.000192,2848.41,0.547,0x16...98a5,https://etherscan.io/tx/0x801c576c09c0b8b20b94d3dc5cbbc5537a3576e7bf56e44ac1a3a3160c838034
2023-04-02 07:31:11,False,0.3465,0.0001908,2288.13,0.4366,0xb1...f036,https://etherscan.io/tx/0xdffd01dcca7953d83ad06c3c9189c8429b0adccdb350576caae69afe2c14173b
2023-04-02 07:23:59,False,0.3471,0.0001911,485.0,0.0927,0xfa...b02c,https://etherscan.io/tx/0x129e5a49ba00bb0b7bfc7bfd95ec7ca71f3d0554f81f7883ed3be0bc23e43a06
2023-04-02 07:17:23,True,0.3485,0.0001919,3516.02,0.6749,0x42...cf65,https://etherscan.io/tx/0xe36ff87acbdcb342bdab57794487610887574ceec982abd01e274e3f45b58068
2023-04-02 07:04:59,False,0.3474,0.0001913,8555.75,1.63738,0x02...d87c,https://etherscan.io/tx/0xe173f502c2f68e51499aab32a73919b3c0e83153a4ec424dc26ee167074c2978
2023-04-02 07:03:59,False,0.3496,0.0001925,1940.0,0.3735,0x1a...8ad0,https://etherscan.io/tx/0x8ade05ac20763d55610a864972f89fb21484793ee773e26959a9230c0321dc2c
2023-04-02 07:02:47,True,0.352,0.0001939,231.684,0.0449,0x8f...0448,https://etherscan.io/tx/0xdb712296d6528adedf0f6f3b72aa83ce710d56bc5c8f63c5f8c30290f2d12e24
2023-04-02 07:00:47,True,0.3519,0.0001938,40.0,0.0077,0x83...0714,https://etherscan.io/tx/0x293f51f92bc42dca60516cc45b67caaaec8549a6ccf14bf7588ac2c04c5e6cfc
2023-04-02 06:56:23,True,0.3519,0.0001938,169.306,0.0328,0xf8...1ad5,https://etherscan.io/tx/0xc391d7c8c418960bcb9488a66385493478b6347bd6d1fc2a65e8514e1b463297
2023-04-02 06:48:11,False,0.3499,0.0001927,168.0,0.0323,0xe1...aca8,https://etherscan.io/tx/0xdd02937209ca6175f6ab30432fa26808555197af2c023d1e5d1ada340f17bd97
2023-04-02 06:47:11,True,0.3519,0.0001938,774.003,0.15,0x9b...c0f8,https://etherscan.io/tx/0x8cad163df0473bcc5b777593247d14193aaabe55bcae8be35606f24b6ae4dc50
2023-04-02 06:43:35,True,0.3511,0.0001933,3103.15,0.6,0xaf...ca21,https://etherscan.io/tx/0xcc5e03ee8d9437259de2b4e8d5942c60f663e9f41048296f266eca1b773ac8a1
2023-04-02 06:37:11,True,0.3504,0.0001929,362.779,0.07,0x76...7502,https://etherscan.io/tx/0xd1b8572ef0b45833f9a94fda19d18a2ef9d62c433d8c779b1d19031cd06461a9
2023-04-02 06:33:23,True,0.3483,0.0001917,9853.0,1.88972,0x76...7502,https://etherscan.io/tx/0x3f06119286cff7ee297f31d0150489e89f04aefd590667dcb104557af1d6d9e2
2023-04-02 06:18:47,False,0.3446,0.0001896,1163.03,0.2205,0x1a...8ad0,https://etherscan.io/tx/0xf8782353655bc154048b0f8d5310e0e9031ea79bccec4edd444981d1aac1ba7a
2023-04-02 06:11:11,False,0.3451,0.0001899,1455.0,0.2763,0x27...3c7e,https://etherscan.io/tx/0x3cf39b59f406d410b7aaabc6fa28694a4ad7de9c2e1f7d8069db09530a679d80
2023-04-02 06:02:59,True,0.3465,0.0001906,5184.04,0.9885,0x16...98a5,https://etherscan.io/tx/0xaae94d220e0c7940a11aade33441c5eb620f365ae789cf69cccbfbaa0bed7eca
2023-04-02 06:01:47,False,0.3443,0.0001894,4704.5,0.8914,0x92...8bc9,https://etherscan.io/tx/0x2d9308805ca3c3f4c34d1edaad78a4ee2ab82a149fad24088cc9308221529dd7
2023-04-02 06:01:23,True,0.3468,0.0001908,2466.35,0.4707,0xbe...612e,https://etherscan.io/tx/0x98992d3e78046aa4ce6d99eef36a2da0362801b4ec0a01d54d9f61084f17089d
2023-04-02 05:52:47,True,0.3461,0.0001904,1312.65,0.25,0x53...6faf,https://etherscan.io/tx/0xa6344457e066c06861db6108bef695b0bd2b8d0853b02052bdb6c3646191a748
2023-04-02 05:49:35,False,0.3439,0.0001892,582.0,0.1101,0xd6...ac6a,https://etherscan.io/tx/0xf2ea7f86ece97bb643308b784b639a8c7f12dc47c9e7fc53254a8fb1e0ba57f8
2023-04-02 05:43:23,True,0.3454,0.00019,3297.5,0.6267,0x1a...8ad0,https://etherscan.io/tx/0x6ba2b0c51ade21a28b1b044cf4ba4d7063db446b337c57d177ec0b004cd5ff0c
2023-04-02 05:31:59,False,0.3427,0.0001887,1376.58,0.2597,0xb9...023f,https://etherscan.io/tx/0xae9dbaf78f79578ed080120b95bd77a3c5408b8a8d7720128f07ffeb4804195a
2023-04-02 05:13:23,False,0.3433,0.0001892,3356.2,0.6351,0xfc...a44e,https://etherscan.io/tx/0x13504214065221be719722ca79594eda580a95d7d754d66ea9dc54c455d1cfa3
2023-04-02 04:58:11,False,0.3441,0.0001897,981.605,0.1862,0x25...702c,https://etherscan.io/tx/0x7a5e6bdc39eeeb7d20a049262ed0f1a89a46028eca0d00ec9011cfc1c6f2e08f
2023-04-02 04:57:47,False,0.3446,0.00019,1455.0,0.2764,0x27...3c7e,https://etherscan.io/tx/0x551d0ef185c0567f52a413e28eee38e57267d21fca24f8455514fdfe3469d3e6
2023-04-02 04:54:47,True,0.3464,0.0001909,2775.01,0.53,0x1e...f933,https://etherscan.io/tx/0xa849fdfbb8d2767ebf8ef99022c3e5e24d62b9b9a00823a2c789524101f3841f
2023-04-02 04:41:11,True,0.3431,0.0001892,13173.4,2.4925,0xf4...f8d9,https://etherscan.io/tx/0xbd2405d3b9a820bc51466738290064e220fcbc4250bc8f52cf4dbfb19df4581a
2023-04-02 04:37:47,False,0.3389,0.0001869,2539.42,0.4746,0x2c...6d1e,https://etherscan.io/tx/0x05a3bc405482af24a09c5ed741cd407ede55dee3df42ccf9f6ba440cc6a44853
2023-04-02 04:34:35,True,0.3405,0.0001877,5000.0,0.9387,0x92...8bc9,https://etherscan.io/tx/0x348301caad9f835c9a74f154de4b87166ce4546b29f0558b7faab87ac7dad5d4
2023-04-02 04:32:11,True,0.3393,0.0001871,350.0,0.0655,0xbf...1d22,https://etherscan.io/tx/0x049df830a02cb200fa2e2e57bcef83665d97ad637c3ed5048b83674c372d4ed2
2023-04-02 04:25:47,True,0.3378,0.0001864,5952.19,1.11,0x3f...1510,https://etherscan.io/tx/0x26f61236de0e09781ebbc48fba2706c69266e2ba05fe5768b8807b8c77f46fef
2023-04-02 04:22:35,True,0.3362,0.0001856,1885.4,0.35,0x09...2098,https://etherscan.io/tx/0xedbc395a0aa8eb97eaa48058d7e004c5f456e404fdd2e3c6b2106687d619b87b
2023-04-02 04:15:23,False,0.3347,0.0001846,2885.37,0.5327,0xac...08fd,https://etherscan.io/tx/0x65c3be9a0df019d3541fa7860aa9497b19355970573348fbba6b7b2a2f7e8ad1
2023-04-02 04:09:23,False,0.3353,0.0001849,242.5,0.0448,0x99...8cb7,https://etherscan.io/tx/0x5e295e3563f33b278b3e468bdbec94acad7333a779cbb68821ccfd2a428a9b44
2023-04-02 04:00:11,True,0.3373,0.000186,294.769,0.0548,0xdb...87d9,https://etherscan.io/tx/0x66139f8cb7cb75fa41a77ccc5a9a4113e0af2b7281038461ca75c59d2c7fcb12
2023-04-02 03:53:59,False,0.3361,0.0001852,2910.0,0.539,0x27...3c7e,https://etherscan.io/tx/0x3ae93354b9ad87e8ba4a05935ca2ff4027b0521dd6cf164119ed745b742d47f7
2023-04-02 03:53:47,False,0.3369,0.0001857,1306.59,0.2426,0xd6...ac6a,https://etherscan.io/tx/0x76373d32e76bb76c0951db349045f937d0d10319e0e950b9cd448bc78ad64dbe
2023-04-02 03:53:23,True,0.3391,0.0001869,535.047,0.1,0x9b...c0f8,https://etherscan.io/tx/0xe24dbd0baf7c0ca01ad5c035c2763fdca0f89e38b3a9a28c0e116f3e79e1d129
2023-04-02 03:52:47,True,0.3372,0.0001858,9093.16,1.69,0x02...d87c,https://etherscan.io/tx/0xed6519046c012893f353b86d7a64bbf90ed05b14e60095c5d40cc4ec7a04e73a
2023-04-02 03:51:47,True,0.3348,0.0001845,3170.13,0.585,0xf4...00f7,https://etherscan.io/tx/0x5455ed3a646548241f78cffb71e90d7366487e24816a980f953567508b1ea602
2023-04-02 03:51:11,True,0.3339,0.000184,1439.88,0.265,0x52...a6c2,https://etherscan.io/tx/0xe48308046787d234ea1138346f76462aeac69cca91ec04fdedbee9d02dfc39cd
2023-04-02 03:50:59,True,0.3334,0.0001837,1274.95,0.2342,0x2e...db2e,https://etherscan.io/tx/0x35f2166f4d64d1bf203bfbb80251ad2e98b6d13c79c3df1e22de258943746f7f
2023-04-02 03:50:23,False,0.3317,0.0001828,2916.79,0.5332,0x26...2fd5,https://etherscan.io/tx/0x590f5b035c42ccbd8cad7a09f43df3674a7f8d3151d196cae47d23c3fc6bc1af
2023-04-02 03:46:59,True,0.3342,0.0001841,760.223,0.14,0x22...2853,https://etherscan.io/tx/0x64d94f624514ed8221c723b415a96c0582fc373b9d4477ecb97440a14433c0da
2023-04-02 03:43:11,True,0.3339,0.0001838,1799.17,0.3308,0x55...e234,https://etherscan.io/tx/0x06f3bf2ead3bc285836b7ca34e615263fbfcac28a55744da4a2c0815f847918b
2023-04-02 03:41:23,True,0.3325,0.0001831,5461.1,1.0,0x10...eee0,https://etherscan.io/tx/0x6b9a67c95a48b0b3c0798f672f4508b02854449af43e46e8765d23979446e3f8
2023-04-02 03:40:23,True,0.3306,0.000182,4393.78,0.8,0x2d...e42e,https://etherscan.io/tx/0xe79c5e9a27be64caf755bb22ee046fc65d1c35ef817a39eb56a3eca4e2847ea8
2023-04-02 03:40:23,False,0.3288,0.000181,5357.31,0.9701,0xfc...a44e,https://etherscan.io/tx/0x3f3abc056e96e87d3be88edaf30fac6d295c91c7b4c0f5535bfc3700dbc32bb7
2023-04-02 03:38:35,False,0.33,0.0001818,1471.9,0.2675,0xe5...5ed2,https://etherscan.io/tx/0xe47ff0e0a0a94aa02b7bb74124e2d609ac4a079077716a096df12aa04bf30f80
2023-04-02 03:38:11,False,0.3308,0.0001822,2425.0,0.4418,0xd6...b5b9,https://etherscan.io/tx/0xd5d409112842c77dfdebd8eba2a9a0d31a3acc8eb2704dc41e2436e6548702c0
2023-04-02 03:37:11,False,0.3318,0.0001827,2868.55,0.5242,0x70...7881,https://etherscan.io/tx/0x0c95d73aad538fef930e3c77f48f5fd865d4029c8676e7092ea3abf780177b4a
2023-04-02 03:27:59,False,0.3368,0.0001856,23896.5,4.4359,0x1d...0150,https://etherscan.io/tx/0xc4cfa5cf11bf9c242af03cb140ec61a096e7e121833b9e07a037ad340bc465eb
2023-04-02 03:24:59,True,0.3413,0.000188,11678.5,2.19632,0x3f...c06b,https://etherscan.io/tx/0x51640aba067c33b6b4bce33a5d23c2e527ab5fa8fe4dcecac2ca16abb66e171c
2023-04-02 03:24:35,True,0.3386,0.0001866,1500.35,0.28,0x90...1639,https://etherscan.io/tx/0xa8ee1f1adc4c9a9c53a6daedfe475317b5c21369697d9203461c715cb5a0f17c
2023-04-02 03:23:35,False,0.3412,0.000188,24735.0,4.65141,0xe6...171a,https://etherscan.io/tx/0x260e39a0913d246ba638cde17ccf390ead0960d4434a01330866134c758cf89d
2023-04-02 03:22:23,True,0.3471,0.0001912,5740.92,1.09817,0x79...d355,https://etherscan.io/tx/0x89b8df9fa46638c6be08c4117462c69a4e1e665af02b163e8a9ded53c47ebec5
2023-04-02 03:19:47,True,0.3449,0.00019,4908.72,0.9331,0x0e...9098,https://etherscan.io/tx/0x8238613097c4d7d13790ed1d3be06f7c80e8c4287f2200634dadad58a5333637
2023-04-02 03:14:59,False,0.3423,0.0001886,2425.0,0.4575,0xd6...b5b9,https://etherscan.io/tx/0x9b51032825b92c71b310d16a1b3e64307c5cf3c9f4dcc033f4d12abb625d9e38
2023-04-02 03:14:47,True,0.3447,0.00019,331.355,0.0629,0x07...3cb4,https://etherscan.io/tx/0x0da14569e6361ecf5563093537479cea1e9c44cd9f25decfeb1c4f1fded47871
2023-04-02 03:12:59,True,0.3447,0.00019,105.265,0.02,0x50...3242,https://etherscan.io/tx/0xcd058e58e0c8c9d4a140cb2bdef34e684c124dc1f207522f57970ea200f3fcb9
2023-04-02 03:11:47,True,0.3445,0.0001899,789.903,0.15,0xfa...ba94,https://etherscan.io/tx/0x32824c1bacf2614e5cf9b9a0dcde12ecfa9722f4ccc5a507abed3422e936882d
2023-04-02 03:02:23,True,0.3442,0.0001897,375.773,0.0713,0x18...69d7,https://etherscan.io/tx/0x992ee12f2f6e3545848c08522133c9ac7c469e21f38fd8a21ecbe80f0cf3ed11
2023-04-02 02:53:59,True,0.3438,0.0001896,790.987,0.15,0x9b...c0f8,https://etherscan.io/tx/0x2d51f0b4dd214b9919853c4d7025050b5bdd9d81273335ab622963a57178a1ce
2023-04-02 02:49:47,False,0.3434,0.0001892,7760.0,1.46877,0x46...f5aa,https://etherscan.io/tx/0x01b87b4311770f300c50b3172b0fda75257da8a299eaf505c7c8033d8eabc393
2023-04-02 02:49:47,False,0.3471,0.0001913,10443.4,1.99798,0x46...f5aa,https://etherscan.io/tx/0x01b87b4311770f300c50b3172b0fda75257da8a299eaf505c7c8033d8eabc393
2023-04-02 02:44:47,True,0.3518,0.0001936,258.228,0.05,0x8a...aaad,https://etherscan.io/tx/0x1498bc12be7b293612c31c18deba7a26eb1d015f0e317dde7030cfff822acc75
2023-04-02 02:43:59,False,0.3547,0.0001952,23895.0,4.66439,0x1d...0150,https://etherscan.io/tx/0xeec5e36dcf8fb2c9a3a0232c5efba2dd2429cb7cd982b0fc635d9a0b3ee96cf2
2023-04-02 02:27:47,False,0.3609,0.000198,782.04,0.1549,0x23...c734,https://etherscan.io/tx/0x93df7ffbbd9c84d79bcee22dcacadfc009ef2d5c849a32eb722d51fde255e86a
2023-04-02 02:25:11,True,0.3632,0.0001993,200.645,0.04,0x50...3242,https://etherscan.io/tx/0x1789b194255ed098a7bf46e1b0aa9f9e81deb7ce995540e3d3d89a322b02b6bf
2023-04-02 02:24:35,True,0.3628,0.0001991,1370.7,0.273,0x1b...58dd,https://etherscan.io/tx/0x7abcf97e2d418419ddfbfd38642e01904ff9506429a4e62bed5e09dfe82ba474
2023-04-02 02:24:11,True,0.3618,0.0001986,3272.7,0.65,0x45...3f24,https://etherscan.io/tx/0x9391d845496df6a398c7b2193b938d52e59b13759a0f1138f4a754632f0ebd1f
2023-04-02 02:16:59,False,0.361,0.0001981,9700.0,1.92243,0x42...11e1,https://etherscan.io/tx/0x43019b6667e52145e39b1c57c9f08db5bc5d0d2a5f448464c3fc93234ff9ffaa
2023-04-02 02:08:35,False,0.3631,0.0001994,454.736,0.0906,0xa4...1463,https://etherscan.io/tx/0x461173f7732d89b66752de7a58e4256b26545768e0305d5740b39372468c5c02
2023-04-02 02:05:11,False,0.3637,0.0001997,2425.0,0.4843,0xcf...3224,https://etherscan.io/tx/0x94880db7a6a904503ea27d11a11421b2db7ab8da6903d8838a2210e977f8e60a
2023-04-02 02:04:59,False,0.3643,0.0002001,566.48,0.1133,0x27...ca10,https://etherscan.io/tx/0xa7eb47a8786f2843bc388c9781e4e9ebe9852b01cab53c0db93ef209e17dbcd2
2023-04-02 02:04:23,False,0.365,0.0002004,2425.0,0.4861,0xd6...b5b9,https://etherscan.io/tx/0x3cb85b005d73492866b30950f3b41c9dd7ae3e7f8c8da4d9512883056c5d0319
2023-04-02 02:04:11,False,0.3661,0.000201,2608.43,0.5245,0x23...c734,https://etherscan.io/tx/0x6c57aae3e60470e79d35a7abece2bfd42bab7afb401df56b6f6c3114c2fcb9b3
2023-04-02 02:03:59,False,0.3667,0.0002014,325.449,0.0655,0x5c...f6f5,https://etherscan.io/tx/0xf58a08e027d7085a8354bacc10e294f1a842b778fb50649aa1584079a25a99d4
2023-04-02 01:57:35,True,0.369,0.0002026,243.0,0.0492,0x03...a93a,https://etherscan.io/tx/0x5895ae5120c2410a0738ce13fb657d2b80e14e56ef093a25a620794a81491543
2023-04-02 01:52:47,False,0.3669,0.0002014,436.5,0.0879,0xb9...b910,https://etherscan.io/tx/0x9506b926e701201bca801442e764230d0cb2da0e4ac07ae516cb54a8318b2186
2023-04-02 01:48:23,False,0.3697,0.000203,12156.0,2.46795,0x4c...94ad,https://etherscan.io/tx/0x04014d6933d4939f566712c11b03786c4b3a538a734ec83cf2c12ce471861cb8
2023-04-02 01:42:47,False,0.3725,0.0002045,108.142,0.0221,0xb0...fa80,https://etherscan.io/tx/0x16f8b19a08634c1ef21c1f9c549b6af4e99482b52a3860e18e316b6086f8a670
2023-04-02 01:38:59,False,0.3732,0.0002048,2359.79,0.4834,0x6e...3e9a,https://etherscan.io/tx/0x5d8fc5adbb67b4d51e62a14dbd67d4d6c1afa6c7a630b9c1fde463aead078b41
2023-04-02 01:38:59,False,0.3743,0.0002054,2737.35,0.5624,0x25...ab52,https://etherscan.io/tx/0x23ed467725206e0cfc960ee27606c7103b5a57a1a6f9fd4862847d7af9a069c9
2023-04-02 01:31:47,True,0.3767,0.0002067,2418.19,0.5,0x9b...c0f8,https://etherscan.io/tx/0x85b4d6b90a29ffd87d3aa142f38e103d3c06e63d8f74c3507a3415f9ac69c3a6
2023-04-02 01:26:59,False,0.3747,0.0002056,3093.51,0.636,0x77...dab2,https://etherscan.io/tx/0xd521b90cfdb6f3a82fcb95f732a89b7232b65ce2b1348dca238cce63e7181a78
2023-04-02 01:21:35,False,0.376,0.0002061,986.392,0.2033,0xe6...3a45,https://etherscan.io/tx/0xc8d34034e0a1ef2c37bdec06395ad8bd0ff82d2a9785585334072cb5fca755a8
2023-04-02 01:17:35,False,0.3761,0.0002062,194.0,0.04,0x54...2d9b,https://etherscan.io/tx/0x6481631ac74672027822e6cfffd68488a61f476470bf0d8828b71fc439482e86
2023-04-02 00:52:23,True,0.3773,0.0002068,5289.67,1.09427,0x45...b6aa,https://etherscan.io/tx/0xeb0cea4dda45afdd6abdf4fa549d16e819e1182da566c03ad6d4d0ec21ca45c0
2023-04-02 00:52:23,True,0.3761,0.0002061,85.0101,0.0175,0xd7...1818,https://etherscan.io/tx/0x2a9606876e0cb11ca9ef216bc52f1278a6333f403b606c003d4d11643a272446
2023-04-02 00:48:23,False,0.3741,0.0002051,1455.0,0.2984,0x38...1e68,https://etherscan.io/tx/0x69c06b1eb92f7b9ff022dc8d721efb7d4337ba0b40b9a971353bd6ce5a64b7e4
2023-04-02 00:37:23,True,0.3767,0.0002065,52.0,0.0107,0x6c...e41e,https://etherscan.io/tx/0xc0ba45c53be53de1d026ecdf84a11e83205a63824b44d76527c3286b03dfc3f2
2023-04-02 00:31:23,False,0.3745,0.0002053,514.1,0.1055,0xf3...c256,https://etherscan.io/tx/0x8a609223d6de0fc06019ab5aa0939ee36017de4f25d3ad946d933c709a67c0b3
2023-04-02 00:21:11,True,0.3761,0.0002065,1065.24,0.22,0x9c...fc03,https://etherscan.io/tx/0xdc74bd45d6fa8606f0aac3c14e8bdd9620aa1064a0671c599f69e2a5c709649a
2023-04-02 00:19:35,False,0.3737,0.0002052,388.0,0.0796,0x27...ca10,https://etherscan.io/tx/0x146d8234f0462cf2007ab37ae31a91ab25d539bec2037ebe73010694600d9ca0
2023-04-02 00:13:47,False,0.3738,0.0002053,459.829,0.0944,0x6e...7e5b,https://etherscan.io/tx/0x65d774506a2c96773ff2aa37fff0cb2de6f533f4d2fd5d9334c685a8687c2294
2023-04-02 00:12:47,False,0.3741,0.0002055,1042.34,0.2142,0x69...9a65,https://etherscan.io/tx/0x73385867244bdb074e305554e06ed0ea6c956d5aec4227617b38f2f116ca4c12
2023-04-02 00:12:11,False,0.3749,0.0002059,2352.25,0.4843,0xe5...f1b8,https://etherscan.io/tx/0xcde14dedee5838f22b97f4ec913d7a5d3db8aaf0d59dc7c501cbfffd6018eeb9
2023-04-02 00:12:11,True,0.3775,0.0002073,940.454,0.195,0xa9...a12d,https://etherscan.io/tx/0x813399a13c82817c6e7d3073933f1e746cede945d3bd3a54b3b0985d57f63389
2023-04-02 00:11:47,False,0.375,0.000206,118.34,0.0243,0x0f...eb2f,https://etherscan.io/tx/0x8174a27abbbd7d3d872502f408eed90e89ee5fd1985611a31a54bca87c8e2882
2023-04-02 00:10:59,True,0.3766,0.0002068,3190.7,0.66,0xa3...45ce,https://etherscan.io/tx/0x3e63d08c63e449e8d4e09b06dc1b2797c206afbe1fa9a160b64fcac3ea787af6
2023-04-02 00:00:59,True,0.3756,0.0002063,488.712,0.1008,0x6e...7e5b,https://etherscan.io/tx/0x5c17c5ecb2025b9c9bb853805b6f7389cfd201420e515a51b429def2bf8d5c16
2023-04-01 23:58:47,True,0.3747,0.0002058,4133.22,0.8506,0x5b...ba4e,https://etherscan.io/tx/0xb4d5df92572fe1ef43163bc70858fcf34e85942b6af24a04bc726ebcd35ad545
2023-04-01 23:54:47,True,0.3713,0.000204,10000.0,2.04032,0x26...9510,https://etherscan.io/tx/0x41482e6cf11fc49d694d27c554b25db27530be44fc4e059965ef35f746081900
2023-04-01 23:54:23,True,0.369,0.0002027,596.884,0.121,0xee...7a08,https://etherscan.io/tx/0xa7348e9abbcb56872b8e25a023288c1b00a0e19827a9871369ae2a209ef163fb
2023-04-01 23:48:47,True,0.3688,0.0002025,540.626,0.1095,0x9a...545f,https://etherscan.io/tx/0x64aa0b54f0373912b75dfd27f4de1fae9c2f3868c9b887007d7c8c28ff29a57a
2023-04-01 23:45:23,False,0.3676,0.0002019,4885.01,0.9862,0xb0...3801,https://etherscan.io/tx/0xfd4577bd61ac82dac4a7166adf8fbbc1238cc3598de7ecc232dc4484959e73df
2023-04-01 23:40:35,True,0.3676,0.0002018,15000.0,3.02803,0x26...9510,https://etherscan.io/tx/0x143f0360bddd9ab53b1bc8d24933a9a657b8719513e3b093d6437743287fe2f1
2023-04-01 23:39:23,True,0.363,0.0001993,5591.78,1.11483,0xb4...ba8d,https://etherscan.io/tx/0xcf601bc2fcbf445d0dd634b98f476fb5addb32e558c42b4842428d4c7819be44
2023-04-01 23:35:11,False,0.3599,0.0001976,1084.83,0.2144,0x5f...96c3,https://etherscan.io/tx/0x608b0a2802ff3134a0666a1be0b5cb40c18af9d926bfcfe764f9853ca899559b
2023-04-01 23:34:59,False,0.3602,0.0001978,414.734,0.082,0xbf...54ef,https://etherscan.io/tx/0x8c4d12fc8dd0093f62030f9d22f2daa14b5e305b6654b5b3c4b9cbb06dd9a9e7
2023-04-01 23:33:59,True,0.3621,0.0001988,1651.42,0.3284,0x69...41af,https://etherscan.io/tx/0x25bbb1ff828d4976d46f34d94a7e97f055e6e8706538357f0af1f3c067c52f32
2023-04-01 23:33:35,False,0.3601,0.0001977,2425.0,0.4795,0xb7...c863,https://etherscan.io/tx/0x5d46f1d19a078e472b8d91bdd2171bcc7bbb73487a8044dfc68eb3e2f8f953a0
2023-04-01 23:25:47,True,0.3625,0.0001991,522.836,0.1041,0xbb...08d0,https://etherscan.io/tx/0x016bb9bdbdcca3d89af78d88f1c27c1ea537b266be1d4e0f1d59894da940e2b5
2023-04-01 23:25:11,False,0.3608,0.0001982,2699.33,0.5351,0xb7...c863,https://etherscan.io/tx/0x59c11f0bec819c3fd9697e738dbd19906ef3c3135eafa673ac7983b0632d008d
2023-04-01 23:24:35,True,0.3626,0.0001992,4235.76,0.8439,0x81...8a9c,https://etherscan.io/tx/0x322f9bb51d98f0c7e2d6b248d9f975c4cc3aa44000b196f9da210fa9e99f1c13
2023-04-01 23:22:23,True,0.3618,0.0001987,100.637,0.02,0x0d...2115,https://etherscan.io/tx/0x7693bed4962e3bd6be4d86ea3e1d2eb6fdc1a0019a3fa20e13f96504c4928fe9
2023-04-01 23:22:11,True,0.3616,0.0001985,1107.81,0.22,0x9c...fc03,https://etherscan.io/tx/0x35189b5e08a554fe8863064efec00dd8880f920da89df5c68f26c4dfe6d69741
2023-04-01 23:18:59,True,0.3612,0.0001984,303.268,0.0601,0xc2...9314,https://etherscan.io/tx/0xf970ab14ab7e7536a090b9c65b59617db5f905249e458f72ef143b91c4f18e54
2023-04-01 23:15:47,False,0.3593,0.0001974,1754.06,0.3462,0x84...0c81,https://etherscan.io/tx/0x2c5c718f31e4c9c0fb9b9f9d7e601867880fb4fd2655f51750beccbf2718c5cd
2023-04-01 23:12:11,False,0.3598,0.0001976,679.808,0.1343,0xb9...1453,https://etherscan.io/tx/0xe598db37ed84c3c22355f3bb873783d0b2067ac1b4f6994bcffcc9cfd1873af2
2023-04-01 23:11:11,False,0.3607,0.0001981,3298.0,0.6535,0xf5...0fd7,https://etherscan.io/tx/0x630df220654fde8d11a8acfe2a364351f2edf085ed3c4ef9af8268cf8f7a757b
2023-04-01 23:06:23,True,0.3613,0.0001988,7500.0,1.49141,0x26...9510,https://etherscan.io/tx/0x2a927b57a3098be9fc8bf2230961aa06285095981c6ea46d6f998f10eb20b7df
2023-04-01 22:55:47,True,0.3596,0.0001978,705.392,0.1395,0x8d...3360,https://etherscan.io/tx/0xf7f91968f8ecfd79877c59b7f53e6ae83d3c9e25bfc025d582d010d7cde37e1d
2023-04-01 22:54:47,False,0.3574,0.0001966,493.72,0.0971,0x6b...dfcd,https://etherscan.io/tx/0xe72866ad1432d344bf06e04f9bb5b3afeadcec4a029080b3cdceee7fd0222778
2023-04-01 22:52:11,False,0.3578,0.0001967,470.45,0.0925,0xb7...22bd,https://etherscan.io/tx/0x17f89027ec0641b9ed5ddb23ad22c7d365c35889e64cf704ad5491a987c5e626
2023-04-01 22:48:23,True,0.3601,0.0001979,503.636,0.0997,0x16...45f2,https://etherscan.io/tx/0x02f1421183a3f866755fc61cf81561360e95f0e5640719aeff6eb1c11adefd6c
2023-04-01 22:47:35,False,0.3578,0.0001967,135.928,0.0267,0x60...2384,https://etherscan.io/tx/0xb01ed1156981e1a3b104b11d271b081f5a8781d915dda4989d5471fe3827050f
2023-04-01 22:46:23,False,0.3583,0.0001969,1843.0,0.363,0xc3...29b4,https://etherscan.io/tx/0x92ed608ddd9eb8663d7a581c8b3ced8edca435d70cf3c3024b53c3509a0adab4
2023-04-01 22:45:59,True,0.3605,0.0001982,1349.21,0.2674,0xcc...178e,https://etherscan.io/tx/0x9a5785999147197b2ba206b1ce5e4909b8068070ff274b3b77cc1576b18149d9
2023-04-01 22:43:35,True,0.3602,0.000198,226.665,0.0448,0x6e...b651,https://etherscan.io/tx/0x3b57e1aaaaf3d35c7c796eb0ed02a5a6c49bc011246b54c22c10428211bcb856
2023-04-01 22:38:47,False,0.3597,0.0001975,970.0,0.1915,0x03...5dae,https://etherscan.io/tx/0x79dc8b9b0987c2723c55c493b3ef78a0623a0c1978468fed404d31f30d1f02ff
2023-04-01 22:38:11,False,0.3603,0.0001977,1272.87,0.2517,0x7a...159f,https://etherscan.io/tx/0x0da25c2f5f28d02867c59c4e3019658d03be738ec7fd70e53fba64130ded015c
2023-04-01 22:38:11,False,0.3606,0.0001979,71.191,0.014,0x74...80b7,https://etherscan.io/tx/0x9def8edf43e6b56ab4c5705e87fa302ec6b8c690af5fcaaf4acce39ae80b9dbe
2023-04-01 22:36:35,False,0.3614,0.0001981,2156.31,0.4273,0xb7...c863,https://etherscan.io/tx/0x27642fd311d8de71ea8f0daba67595f8cabf24deac2e4f63a9e7a76728e95b9a
2023-04-01 22:28:59,True,0.3617,0.000199,4748.96,0.9453,0x24...1bc9,https://etherscan.io/tx/0x7da49b81af6889eb890a69123b799799a17ef815815eee97cc9685cfb3b2ffdb
2023-04-01 22:27:59,False,0.3595,0.0001978,4850.44,0.9598,0xc4...b8bd,https://etherscan.io/tx/0xf63c25f7f67aacd112d5f88f2cb25c9eabd7c4dbe017b141733b96def5f7640e
2023-04-01 22:19:59,False,0.3609,0.0001986,1189.42,0.2362,0x28...c860,https://etherscan.io/tx/0x4f0ff9713f01cdcceccd9f16b36ed27f2db48b2449b71085505ad44787f60ed0
2023-04-01 22:19:23,False,0.3614,0.0001989,1358.0,0.2701,0x83...5990,https://etherscan.io/tx/0x753622fff973c9b42f18845c3035b72dbfc2976a545ed29704662ca1e7849f81
2023-04-01 22:16:59,True,0.3637,0.0002001,1218.91,0.2439,0x9f...d90c,https://etherscan.io/tx/0xd13a836fbf23fa9d8b7ebed1280573773482a682cd6a5b257e34259889f48a02
2023-04-01 22:16:35,True,0.3632,0.0001999,583.237,0.1165,0x3c...acdf,https://etherscan.io/tx/0x5b3af9dd0fcc531d744dee61a66274f459b9240c746d41fad293ab017ba8d544
2023-04-01 22:15:11,False,0.3618,0.0001991,3880.0,0.7725,0xa5...75dc,https://etherscan.io/tx/0xf2addd5bb89df4ad341bff6c2bca0219d59355821382b6538ba95f73f506c011
2023-04-01 22:09:11,False,0.3632,0.0001998,2509.12,0.5015,0xb7...9c63,https://etherscan.io/tx/0x0d1b4c533c1c89d7215a7fd2d699c832feb9f2499e4cd3c11569f9877354846d
2023-04-01 22:07:47,False,0.364,0.0002003,1358.0,0.272,0x5c...72b5,https://etherscan.io/tx/0x20d2fb0e0654c361f9989472c66ab3346853e12a1765b785e539f80cac4d4d2a
2023-04-01 22:06:47,True,0.3658,0.0002013,3100.0,0.6241,0x26...2fd5,https://etherscan.io/tx/0x8b532fed7b379b95b0b8a36633012bb3e94a5ce02a7768aff6186a19c6d9e5df
2023-04-01 22:02:11,True,0.3641,0.0002008,985.871,0.198,0x3a...2fca,https://etherscan.io/tx/0xbbb0e6bdfba390568a6d525b3d7a0f489ff76c29739b53ac9cb6dd353af72b44
2023-04-01 22:00:11,False,0.3626,0.0001999,3880.0,0.7759,0xa5...75dc,https://etherscan.io/tx/0x122cc7eb2b14288e16c2de8950d16f08e487d3225989ba7948c57b5078ca7f45
2023-04-01 21:58:59,False,0.3641,0.0002007,2666.54,0.5353,0x60...2384,https://etherscan.io/tx/0x3efc13ab544a320ab7ef477f90f8901c332497abf448d30abec26b9fb5121c77
2023-04-01 21:41:23,False,0.3646,0.0002011,582.0,0.117,0x55...3820,https://etherscan.io/tx/0xed532ededfc4b1abd963431ee6e78292d7bea606a2cb778469683a898ecbe94a
2023-04-01 21:39:47,False,0.3652,0.0002014,1746.0,0.3517,0x5c...72b5,https://etherscan.io/tx/0x8d510b5f07abc81c6092f4a5138c50adc50a3ba4e3899fb21aeae51137614ef3
2023-04-01 21:37:23,True,0.367,0.0002024,3705.01,0.75,0x5b...c248,https://etherscan.io/tx/0x181195b5d9468d599584b5625da19ba4704ccaeac11f0f5ad35036fe0527ae65
2023-04-01 21:35:47,True,0.3659,0.0002018,990.821,0.2,0x35...fc75,https://etherscan.io/tx/0x75b6f9381fd58993d3e37bd0941e12a243f9db9d2541892a574b27f1891f08e9
2023-04-01 21:30:35,True,0.3657,0.0002016,396.662,0.08,0x3e...6493,https://etherscan.io/tx/0x723fa3d4d1448a1e82e5b65d7a6b98db00aa0822d0b222cc25ef3862a1917fe4
2023-04-01 21:28:23,True,0.3641,0.0002009,5972.94,1.2,0x5b...c248,https://etherscan.io/tx/0x57ead2a1e1da78f1c41501115f3fc42702bdb596464ba14e6a250850c6feb0d6
2023-04-01 21:22:11,False,0.3605,0.0001989,97.0,0.0193,0xd6...ac6a,https://etherscan.io/tx/0xa23e2ca5881ee3d7842b7e11173c25a8a1784e3f61ee35a4f99bbcc1ba9b9fef
2023-04-01 21:17:11,True,0.3633,0.0002001,134.878,0.027,0xa7...3f40,https://etherscan.io/tx/0xe7d3d402287d7b0f29e7fb44d0e2e9c5a410fb08ddaefd29c633554c3de50117
2023-04-01 21:16:11,True,0.361,0.0001989,10052.1,2.0,0x2d...e42e,https://etherscan.io/tx/0x72d9051f8ac9ccb2e89868b33c8ad0f4345ffeb85a0618112db08b39cc130c4a
2023-04-01 21:10:23,False,0.3571,0.0001968,1863.69,0.3667,0x69...9a65,https://etherscan.io/tx/0x509bbefc99d709acb5efc76cd4f46380a8c6d92094a4e7d011b6ebd1cffc739e
2023-04-01 20:40:59,False,0.3572,0.000197,48.717,0.0096,0x6e...7e5b,https://etherscan.io/tx/0xb6b86eb84deb66a29e0941dd7f56cbb395b1befd3d482f47bf6e36fe5a12563d
2023-04-01 20:24:47,False,0.3587,0.0001977,5820.0,1.15074,0xc4...b8bd,https://etherscan.io/tx/0x7249d68bc26d806d806edd51e799f800461136e23ae1955e7853c4979678cfcd
2023-04-01 20:14:59,True,0.3618,0.0001992,2751.68,0.5483,0x0e...9098,https://etherscan.io/tx/0xe9e083b9d48c9eddfa035f3c4d51e8e9d6feb4a545403bbede076b2518b3344d
2023-04-01 20:12:35,False,0.3613,0.0001989,10185.0,2.02655,0x57...2046,https://etherscan.io/tx/0x5a1ac8f0e0fa417a21d58ebb425976fd5d485f039d72cb14bcda7fd74dd8518c
2023-04-01 20:12:35,True,0.3652,0.0002011,2343.32,0.4712,0x02...eb70,https://etherscan.io/tx/0x1ed8b4f5cafc8533d2c95b527ed5855c344a0ca524ae1f87e03f916a53d51da2
2023-04-01 20:11:23,True,0.3631,0.0001999,7000.58,1.4,0x02...eb70,https://etherscan.io/tx/0x88098b38b900660415e8694c3d41015665284eaf5d707ae3bf3b367b0ff73219
2023-04-01 20:02:35,False,0.3599,0.0001982,2202.77,0.4366,0xb2...2eba,https://etherscan.io/tx/0x4df5ae36bda3f1889b85966e5e4c445639a036d2ac26bb1ecf7356cb67b2624e
2023-04-01 20:00:47,False,0.3608,0.0001987,2425.0,0.482,0x24...1bc9,https://etherscan.io/tx/0x779a86aebd897b05760eaf253603b4ac7ad8faceecced62ccf4dd59d6fa98723
2023-04-01 19:48:47,False,0.362,0.0001992,1253.81,0.2497,0x9d...56c9,https://etherscan.io/tx/0xaf0203bfb75e22fdee7ae08f1643ffa28196b99f0326d4ae0da80886561f3e15
2023-04-01 19:45:23,True,0.3645,0.0002005,85.7963,0.0172,0xa5...191d,https://etherscan.io/tx/0x9aa7d9f15c685e151c8f7737adef8ffe1e17f1ceebfaa1ebb441b7fb271b5358
2023-04-01 19:42:11,False,0.3621,0.0001993,130.95,0.0261,0xa2...59f5,https://etherscan.io/tx/0xd24e0f3868a310e3210696f26b517bf0b06fe5d27dc9b4060977687ac69b9ed3
2023-04-01 19:40:11,True,0.3637,0.0002001,3491.49,0.6988,0xb6...96d9,https://etherscan.io/tx/0xffcdf889a986db0380a8f0b9524a0fa47bc5b910107c69022858d738f7617f7b
2023-04-01 19:34:47,False,0.3609,0.0001985,475.3,0.0943,0x4d...df58,https://etherscan.io/tx/0x67c8fd54c731346f2c97247c48cf55b1cb3dbadcccb58a31a2bd030e3042851f
2023-04-01 19:34:23,False,0.3615,0.0001989,2553.83,0.508,0xac...08fd,https://etherscan.io/tx/0xdd7279007f42ea43e330d2e9212035f8379ccbf1ece5439dfb4cc558ab0115ed
2023-04-01 19:32:59,False,0.3626,0.0001995,2425.0,0.4838,0x73...25e3,https://etherscan.io/tx/0xb44219f973ba29ab3e952e05707ed608a44608ccd975cab8e8e643947f7f41fc
2023-04-01 19:28:47,True,0.3651,0.0002009,597.114,0.12,0x93...11d3,https://etherscan.io/tx/0xe0097549d8ef1f52d2fc3ab60e940b4559a840335677707fb6a96e1677a73613
2023-04-01 19:23:59,True,0.3645,0.0002007,1366.92,0.2743,0xed...91e6,https://etherscan.io/tx/0x74e992b7d1356914791f91dd619a0ec1dacbf2b0f06e2b64ceadc2981a75a302
2023-04-01 19:23:35,False,0.3621,0.0001994,669.3,0.1334,0x27...1c5c,https://etherscan.io/tx/0x00f54e7b7747639448aaa4aa5b1d3191f05a782f25650ee2e7d22dd555a14eea
2023-04-01 19:20:11,False,0.363,0.0001998,2425.0,0.4845,0x24...1bc9,https://etherscan.io/tx/0xe205a365f60a7445242efcc7806b544b4a1af2c3ff1d54a4c07c04780057cfdc
2023-04-01 19:16:23,False,0.3637,0.0002001,717.473,0.1436,0x33...4ad7,https://etherscan.io/tx/0x4f4b319effdb580b03f17d0bbaf899aa5ab3656da03a6656bc31e916ce64a2c0
2023-04-01 19:15:11,False,0.3644,0.0002005,2273.28,0.4559,0xb1...f036,https://etherscan.io/tx/0x2938358e57e53c9d4ab900bb6774137428da28a1fc19c2c3d49da14393d7ca95
2023-04-01 19:08:47,True,0.3668,0.0002019,495.096,0.1,0x93...11d3,https://etherscan.io/tx/0xec522fc8d8c393bd67ac91d3a5cf5cf29dfa69d3c9654fe732fb77792d5dcd21
2023-04-01 18:58:23,True,0.3658,0.0002017,1586.31,0.32,0xa4...2240,https://etherscan.io/tx/0xfd4795501fb219cfe844bc2a23c3b78e98297a11a75d7365743629fc1c4c2eef
2023-04-01 18:57:23,True,0.3652,0.0002013,1299.54,0.2616,0x5d...2d3f,https://etherscan.io/tx/0x67088512f9b9a996c252f2f0535a229f50c8523a1d4b525042d0429b7f4f4ca3
2023-04-01 18:51:47,False,0.3646,0.0002002,1940.0,0.3884,0xa5...75dc,https://etherscan.io/tx/0xfa7a1bd9e27e8597ef937d51302e82db1c31cd66b142f7d3ce60b3cce58fe42e
2023-04-01 18:51:47,True,0.3662,0.000201,4924.16,0.9901,0x37...fd0d,https://etherscan.io/tx/0x7243d8cac366159ec74ae30c3fea3e01c39f7a77089611b4e79eb9e5c6bc31cc
2023-04-01 18:48:47,True,0.3649,0.0002004,748.511,0.15,0x3a...2fca,https://etherscan.io/tx/0x1dc01ee1ddbff997a23f7ee258b8b8a252cab1cfcf6b1773d4b3c5d09e6249b6
2023-04-01 18:47:47,False,0.3626,0.0001991,203.7,0.0405,0x67...50bd,https://etherscan.io/tx/0x8aeace3cd9a4e5b7dc05795dcaf003fea086017a461c3d610ed26b022c1d504d
2023-04-01 18:46:47,False,0.3627,0.0001992,741.154,0.1476,0x67...50bd,https://etherscan.io/tx/0xdf1b4bdb9c3623bcd2cc72f0767c2c87c8cf4d74dafeb2e2d16fa190f7e13adf
2023-04-01 18:45:35,True,0.365,0.0002004,687.219,0.1377,0x8a...56c7,https://etherscan.io/tx/0x7ca499f7747e056cc2a756b21223f77bd1d4ac3a7becad211cc643eb41572761
2023-04-01 18:44:47,False,0.363,0.0001994,1940.0,0.3868,0x2f...97fa,https://etherscan.io/tx/0xd05a5c865cad2ce7182339544c35257083fe0499875fee1f37a93c383d466f7d
2023-04-01 18:44:47,True,0.3655,0.0002007,676.769,0.1358,0x8a...56c7,https://etherscan.io/tx/0x5b510feaee4425394cb62960c58560f6d20e628f03f4a609991e1a4dbfe9f32f
2023-04-01 18:39:35,True,0.3653,0.0002006,558.308,0.112,0x21...b374,https://etherscan.io/tx/0xa945935a3288854f457ec635140288201379ea22b980c70a49863b5d6946d673
2023-04-01 18:35:47,False,0.3637,0.0001996,2910.0,0.581,0xa5...75dc,https://etherscan.io/tx/0x902472775cab83eebf985f2f5153995732f178d98bb7288d1358848b180240d8
2023-04-01 18:24:59,True,0.3668,0.0002012,262.087,0.0527,0xbe...6a07,https://etherscan.io/tx/0x6a142781b1a3aa8ffe9d6b01e63fde1b0b71a97471ec8e7996abdfd6b09c86c5
2023-04-01 18:16:59,True,0.3667,0.0002011,230.295,0.0463,0x82...1cbb,https://etherscan.io/tx/0xc63866b4029e5d83e675f532438aaa92306e490e82829dc96b95b26270d37ec5
2023-04-01 18:14:47,False,0.3653,0.0002005,4837.39,0.9699,0xfc...a44e,https://etherscan.io/tx/0xe3354312f40e1eb03cc94cf7884bd02a371611bd15b9ee06a40e60ee8c4f7b22
2023-04-01 18:12:11,True,0.3673,0.0002017,4460.83,0.9,0x21...e50d,https://etherscan.io/tx/0xa81388e3194f12c546f6c4ff5ff8a0f381640f9d0d21660cd77823dccfd445c8
2023-04-01 18:12:11,False,0.3642,0.0002,186.24,0.0372,0x17...272e,https://etherscan.io/tx/0x4bc84e97f0a566d35344bf01702bedbe92fcb4c855c1f1b5a2f1dd839e22dff3
2023-04-01 17:53:47,True,0.3604,0.000198,26500.0,5.24894,0xd3...f1d6,https://etherscan.io/tx/0xa4ab48dc1508bad5e07c2c33cfae6c98aa9559632137926ef4a732570ec2a2c6
2023-04-01 17:53:35,True,0.3547,0.0001949,333.131,0.0649,0xe4...87cc,https://etherscan.io/tx/0x0d4659fe3cdcebf730ccd4af03dde74d2e27b57ddd4397a6ea3349992a1cb266
2023-04-01 17:53:23,False,0.3534,0.0001942,4445.37,0.8633,0x2f...97fa,https://etherscan.io/tx/0xbe89e3b42148b451f0fcb9d28895ebcbca5ba576112719e3fdd33768803f865c
2023-04-01 17:52:47,False,0.3547,0.0001949,1940.0,0.3782,0xad...4ef4,https://etherscan.io/tx/0xcd3903f2824a25e8711b1e6ca4fad49ebc5982f8264f0e9302241f8aad76b917
2023-04-01 17:52:47,False,0.3575,0.0001964,11098.2,2.18064,0xad...4ef4,https://etherscan.io/tx/0xcd3903f2824a25e8711b1e6ca4fad49ebc5982f8264f0e9302241f8aad76b917
2023-04-01 17:46:23,True,0.3567,0.000196,25000.0,4.90072,0xd3...f1d6,https://etherscan.io/tx/0xd46179c49d7e0b12c9d6fe295abe8582ebae2236071cc93c9289dc27c2b73ee4
2023-04-01 17:28:59,False,0.3523,0.0001936,14637.3,2.83448,0x97...248d,https://etherscan.io/tx/0x1e861404f24eedf0a33212d0d39e82d63da34056fcaf853f2a8e8f6b4e2554ae
2023-04-01 17:26:11,True,0.3558,0.0001956,7660.0,1.49842,0x97...248d,https://etherscan.io/tx/0xc96d745d74205cc26fb3387d04b3e2abb59b971b57c81d86bbba98fd35b2a942
2023-04-01 17:23:59,False,0.3521,0.0001936,475.99,0.0921,0x79...7afb,https://etherscan.io/tx/0xc4c72cb9c7b983b60cf5118026eaab0889fa2f540ae63c42c0a9eb60672f0eba
2023-04-01 17:21:11,False,0.3554,0.0001954,14925.4,2.91646,0x97...248d,https://etherscan.io/tx/0xa6627244cc6e82f9d09beac2e27615646f60be897d6a5bfbf931234b8a7adcdc
2023-04-01 17:17:59,False,0.359,0.0001972,983.511,0.194,0x6a...5c54,https://etherscan.io/tx/0xa2f5557fe67ed6996b1f782b4a477e9c5362d279e52754205409845214fc1f64
2023-04-01 17:17:47,False,0.3593,0.0001974,679.0,0.134,0xc8...3deb,https://etherscan.io/tx/0xd999ebf7d7ee010523f15d638553140d0406e847fe4c3337c724a1d06168f678
2023-04-01 17:17:11,True,0.3614,0.0001985,1378.89,0.2738,0x4a...dca1,https://etherscan.io/tx/0x0d914ae5e674b5adcc0bfe0861d204368b8d84cdcb78457869819fc3b6708880
2023-04-01 17:08:35,False,0.3588,0.0001974,1618.78,0.3195,0x80...00fa,https://etherscan.io/tx/0xa5187d5b086cdf17fff38f48f511f8e3efac6e0353171db30f4668f997ef4d30
2023-04-01 16:50:11,False,0.3591,0.0001976,485.0,0.0958,0x26...5d48,https://etherscan.io/tx/0x8a8fc79caaf3d1f6200fe864e7ff3035dbbc34712d9407aefc523dd3605847ab
2023-04-01 16:32:59,False,0.3641,0.0002,19418.0,3.88455,0x0b...c9b2,https://etherscan.io/tx/0xf96911bd46831161e2b8b95edabcf14870a39b9ecfc6d94f215e1cf387ceaa44
2023-04-01 16:31:47,False,0.3693,0.0002028,3814.04,0.7737,0xc6...2650,https://etherscan.io/tx/0xce9000937665779de67ebd55ce5d1ac985a0aceeb466bc2e9fd379ab317a1ba9
2023-04-01 16:09:11,True,0.3731,0.0002045,488.972,0.1,0xf2...4917,https://etherscan.io/tx/0xea6534776d7e507f514a2e8c83e8a7085b732060b197ab4bf806884c4469a817
2023-04-01 16:07:59,True,0.3727,0.0002043,1125.75,0.23,0xab...f05b,https://etherscan.io/tx/0x3d6dbd2b5d9f03212529ffbda4c423ea41836c045e48b9ee4e4922006e3673e4
2023-04-01 16:02:11,False,0.3705,0.000203,1164.0,0.2364,0x55...3820,https://etherscan.io/tx/0xf629914110ba21aa565e633c39cc5bb3e87cf22efe407abd2960802717572691
2023-04-01 16:02:11,True,0.3727,0.0002042,1468.61,0.3,0xa7...0269,https://etherscan.io/tx/0x530f7f56b51a64d90c5cf2e5e19a71055c0c2235bf60b973fd06f50d8ab9a959
2023-04-01 15:58:11,True,0.3723,0.000204,142.694,0.0291,0xe9...bc59,https://etherscan.io/tx/0x84824b5093384d794250e1a92a4b70383380f0bde23ad0f9758b4266f1c3259b
2023-04-01 15:51:23,True,0.3701,0.0002028,9860.24,2.0,0x5b...5091,https://etherscan.io/tx/0x9b621f09156e53824bb003a37105a4e11118de3dce0d32e70844d49862b1c29e
2023-04-01 15:51:11,False,0.3658,0.0002004,582.0,0.1166,0xc8...3deb,https://etherscan.io/tx/0x777ff643223c21ee1797bb9699bd2be055019af1ba34674f636494de2931653b
2023-04-01 15:43:59,False,0.3667,0.0002009,3435.36,0.6904,0xf2...148d,https://etherscan.io/tx/0x4c73ad91417e4c905bd81900fd1b146d8b3ac3ebc7d618d75a9bd90f81780b8b
2023-04-01 15:40:47,False,0.3676,0.0002014,424.431,0.0855,0x4d...f2bc,https://etherscan.io/tx/0x776de8c953d6bdea20ccfa91890a365ef50a72b67bfa623cc1dcddbe54fc74dc
2023-04-01 15:31:47,False,0.3699,0.0002026,9700.0,1.9661,0x5d...2cbb,https://etherscan.io/tx/0xe381715de45109e9c11eb07d66e7a360f24de750274ed971cfe4d9d68147d5cc
2023-04-01 15:29:11,False,0.3724,0.000204,901.875,0.1839,0xae...0f4d,https://etherscan.io/tx/0x1dd674046ce5b5ea8ef58dbad8eeb19afa52c246662398603e65fa42c813a85c
2023-04-01 15:28:47,True,0.3742,0.0002049,2927.2,0.6,0x7f...c15d,https://etherscan.io/tx/0x1e3c8175c7e184d6922c470739318aa59eb06c869f6fd7fda4cfa89aa4e4c6c0
2023-04-01 15:27:59,True,0.3733,0.0002045,733.437,0.15,0xdf...bc61,https://etherscan.io/tx/0xf8f7609db49e0234a94ecfd70bbb29699b305c6c08a3f2db6bba3536ac82f616
2023-04-01 15:24:47,True,0.3731,0.0002044,35.2215,0.0072,0x3a...4f35,https://etherscan.io/tx/0xf0423fd0df0c736385578f03fe892b2d24b8f7cdcf43fc5980997c28a2f9c325
2023-04-01 15:23:59,True,0.373,0.0002043,422.562,0.0863,0xe9...bc59,https://etherscan.io/tx/0xf0473ffdcad39b07670bffb61c4fd6081cb568feae33a35f98af38cb34af5d8d
2023-04-01 15:23:35,False,0.371,0.0002033,1844.12,0.3749,0x55...3820,https://etherscan.io/tx/0x1f438274633a32cb695ede093a8c85ff80d858b4d411f25319b1f4b64e01e42a
2023-04-01 15:22:47,True,0.3726,0.0002041,5340.44,1.09,0xd2...ecee,https://etherscan.io/tx/0x992971e653b96c13fdd2c18c23ad1157d40f20389a8ecb3097b969a6086b8d94
2023-04-01 15:19:23,True,0.3712,0.0002033,535.912,0.1089,0x9e...0a0c,https://etherscan.io/tx/0x502b921455727cc9be6712fd9dc467e39ee20c39669b1cb52165884bfd3a130a
2023-04-01 15:17:59,False,0.3697,0.0002025,3557.71,0.7205,0x42...7ea8,https://etherscan.io/tx/0x690365e474b21f738a16a30edee088e81e172de7e9acc50558efe5a098c55d20
2023-04-01 15:16:23,False,0.3773,0.0002066,29100.0,6.01289,0xeb...aa21,https://etherscan.io/tx/0x530490380cd73773a9c3e95631505de250df9021cb133121298357473f6746cc
2023-04-01 15:12:23,False,0.3841,0.0002104,492.76,0.1036,0x46...a333,https://etherscan.io/tx/0x76d4445292163c9b76cfccfe20ca74e628b1d905e7952a31d58ab8bd27ff0967
2023-04-01 15:12:23,False,0.3848,0.0002107,2425.0,0.5111,0xcf...3224,https://etherscan.io/tx/0x361956ff1a34aa9ab2b62793bcc9c4a2ceecd800930ad14646c826aa373b5bff
2023-04-01 15:12:23,True,0.3877,0.0002123,235.46,0.05,0xbc...8983,https://etherscan.io/tx/0x49d01b189551f49034615ce9ac6addfe133e84afd92e4788d045eff3b454bd0e
2023-04-01 15:03:23,True,0.3876,0.0002123,84.7825,0.018,0x41...e1a6,https://etherscan.io/tx/0xea002049d4c2cefef2e206d9e5fb86419399d1e08cc91ee5f70ee69b6e8e1806
2023-04-01 14:50:11,False,0.3853,0.0002111,943.473,0.1992,0x4e...3ebc,https://etherscan.io/tx/0x2416f53cbfb8bd900d8c004b6ea57040d05b3972672fedde8080b6aeadd5cea3
2023-04-01 14:45:47,False,0.3862,0.0002116,2910.0,0.6159,0x04...8287,https://etherscan.io/tx/0x2e951e2e6a05a67214b60ed5d7b42509544221d30b035ec555d8d7480c03ec02
2023-04-01 14:40:47,False,0.3875,0.0002123,2425.85,0.5151,0x5b...086e,https://etherscan.io/tx/0xcd68bba03a2689653a74cb4835e0aad5c7fd15ac8213971122e44b11894ebf93
2023-04-01 14:28:11,False,0.3916,0.0002145,14243.5,3.05644,0xfa...b920,https://etherscan.io/tx/0x0de24d3768b610a98c50c86b585dd49a5a023a75594547146b11a2f6d4cb8aad
2023-04-01 14:15:23,True,0.397,0.0002176,1378.56,0.3,0x2e...bc66,https://etherscan.io/tx/0xb18509dedccaa9228c2053e439586f411571e135487fb3ffd073eeae6f5d778f
2023-04-01 14:07:23,False,0.3947,0.0002164,2560.8,0.5543,0x27...3c7e,https://etherscan.io/tx/0x0a786f41fbb519f658c52db6fb310929f754bf937c2cb2832854d366b228aacc
2023-04-01 14:03:47,True,0.3973,0.0002178,1858.87,0.405,0xab...f05b,https://etherscan.io/tx/0x02c255582b941c91c8847a8e3add589ebf8ea3b34f946504733a8edddb7baa61
2023-04-01 13:59:35,True,0.3968,0.0002176,137.867,0.03,0xed...4d28,https://etherscan.io/tx/0x70ec54dbfa3a38c7959a08e4639d8af66f3cd048673ad96cfcf9e655c05b5ba3
2023-04-01 13:57:23,True,0.3967,0.0002175,187.85,0.0408,0xed...4d28,https://etherscan.io/tx/0xa0d3b9c4d3cc2cde6d6eac7cb0e9a0b3e7cb00d5fa8c7d442b39c180fe3abf93
2023-04-01 13:32:47,True,0.3948,0.0002162,9712.97,2.1,0x80...7627,https://etherscan.io/tx/0xad001c504157bc62ed985311516219d4e7329ecce25ab5f4dbb5b3ef45e49365
2023-04-01 13:32:35,True,0.3908,0.000214,6541.59,1.4,0xd6...d6a0,https://etherscan.io/tx/0x154ceabc70146d985efd0f6b73e15757333e3d9c8a38f832debfe2c4b7441b25
2023-04-01 13:32:23,False,0.3875,0.0002121,2425.0,0.5145,0x5a...faaa,https://etherscan.io/tx/0x5a77edf5e322035e1875eefdb1fb8ab4cd1c2aca91ed01144f830392e5777d8c
2023-04-01 13:32:23,True,0.3901,0.0002136,1021.12,0.2181,0xed...a35e,https://etherscan.io/tx/0x2f78683b4a7a60a0b528facaddfd695d88226aa2ea5379126aba3e51b80a007f
2023-04-01 13:28:35,False,0.3879,0.0002124,1352.37,0.2872,0x1a...c6e0,https://etherscan.io/tx/0x1a475a9ca00bc6fb77f9d97fa635ae960e0edfd98a5b3c14c78bfd51a028c4e1
2023-04-01 13:22:47,False,0.3888,0.0002128,1940.0,0.4129,0x1a...8ad0,https://etherscan.io/tx/0x10b3dc66109761371eb1c8efa687f7b058143288869542602e2331fc3aa4825f
2023-04-01 13:21:47,True,0.3917,0.0002143,46.6447,0.01,0xfb...71d3,https://etherscan.io/tx/0xdad4c4dfcec51655b860abf838afec20c4d4386a9ae0d481b93659f9f3494b65
2023-04-01 13:20:35,True,0.3914,0.0002142,968.0,0.2073,0xfb...71d3,https://etherscan.io/tx/0xc8d36fd96a5c17c6838e56f90cf974c5dfa910ac88f5d71b3e5964a23599d904
2023-04-01 13:17:47,False,0.3894,0.0002131,2328.0,0.4962,0x75...103c,https://etherscan.io/tx/0x79a2a53ebe3bd965e54f98dc9de6f20f390f8cd6bff40ce2897c5406129cf4c6
2023-04-01 13:16:23,True,0.3922,0.0002146,533.372,0.1145,0x62...ae72,https://etherscan.io/tx/0x321cd608ec9eae0a04e5b0a179a30592c422d06097f3975357a9ce7da9d5d7dd
2023-04-01 13:12:59,True,0.392,0.0002145,107.707,0.0231,0x44...93a1,https://etherscan.io/tx/0xbbe7546038885464ff55174e66795ba9e62c92672462678bce3f4b0c9e0a13a0
2023-04-01 13:12:35,True,0.3919,0.0002145,512.815,0.11,0xc1...a26c,https://etherscan.io/tx/0xc9748f2e85bae2dfc3866a52df1e645a166ca1bab64932f3bafbcdaa976fe5a3
2023-04-01 13:00:35,True,0.3914,0.0002142,1035.96,0.222,0xe3...2e2f,https://etherscan.io/tx/0x13b5900b3838d828c3a05dba9b0760b3369a9deed41f73185a00d9eee6379d4d
2023-04-01 12:59:59,True,0.391,0.000214,513.809,0.11,0x4d...df58,https://etherscan.io/tx/0xd373fd3296571f665372908c9db27bb545a14416af0253f89843f15318711348
2023-04-01 12:59:47,False,0.3904,0.0002137,7742.43,1.65509,0x25...a645,https://etherscan.io/tx/0x889c2824e3fd2d8be85783892c876bae08ef61f5bc282902cd6dcbcfdde2fef3
2023-04-01 12:55:23,True,0.3942,0.0002159,1137.03,0.2455,0xef...152b,https://etherscan.io/tx/0x062c58d4baddbab565372381793e0794ced5640202632ff03a932cb25a52bfe2
2023-04-01 12:44:59,True,0.3932,0.0002156,758.201,0.1635,0xa1...c2f2,https://etherscan.io/tx/0x75adcf1ae5d9b2fae5b00f2f25756b4847701f77c39f8574a3f209b60365cd80
2023-04-01 12:42:47,True,0.3928,0.0002154,1259.04,0.2712,0xe1...65d2,https://etherscan.io/tx/0x01331c5e15a3db0b6b7f273eebce1d25a065bde39ddc187dcaedda29e3934e45
2023-04-01 12:37:59,True,0.3923,0.0002151,479.426,0.1031,0x8b...ac62,https://etherscan.io/tx/0x18b4289e4cdd5764763cdce5c9c28691560deeb176c270f3692ce6d0167ece88
2023-04-01 12:31:11,False,0.3899,0.0002138,245.669,0.0525,0x33...9b18,https://etherscan.io/tx/0x6dc113e9a3de373f85a097a9229929b2a60c8d98c2b13a90dd3a2b9db4b3e9f2
2023-04-01 12:23:35,False,0.3901,0.0002139,449.11,0.096,0xc7...27df,https://etherscan.io/tx/0x45efe726330f3104f55728db8624d1b43c5c0144c4b64dd58f1195b1e97df57a
2023-04-01 12:23:23,False,0.3903,0.000214,450.08,0.0963,0x81...c8f1,https://etherscan.io/tx/0xbcf76d586b37772646d2f465394c9d474b2926fcee3dd7d3eddaa5478362b472
2023-04-01 12:10:35,True,0.3922,0.000215,2913.3,0.6264,0x1d...dee5,https://etherscan.io/tx/0x0a76dc8d2a0252bf6111c8d743a311268153890fc4b13919bd3fc870b4fdecf7
2023-04-01 12:10:23,True,0.3893,0.0002134,9051.22,1.93179,0x44...fb06,https://etherscan.io/tx/0x6be1f52357db47d81d110e952926ba680a03d9382ab4f79eb724d119c0954012
2023-04-01 12:08:23,False,0.3848,0.0002109,271.6,0.0573,0x74...cd61,https://etherscan.io/tx/0x9d1f4dc4e6c9ef67b52f4b71b998fe7ea9deabca4848ea4879dd466371fc797b
2023-04-01 12:06:35,True,0.3842,0.0002106,12965.0,2.73041,0x3f...c06b,https://etherscan.io/tx/0xc484cb30faffbaaf8e442edb4ee4994607908bb563cc15e235361bb5e1a4b7cc
2023-04-01 12:03:59,False,0.3799,0.0002081,3880.0,0.8076,0xb5...f55b,https://etherscan.io/tx/0x645af785271a455d96141d6af5fa8cedde690f0c0841a2677dd8efbb0371b242
2023-04-01 12:02:11,True,0.381,0.0002087,8671.52,1.81057,0x79...d355,https://etherscan.io/tx/0xe8b9c26166ed4ff13790a3cb8e0770f6ffa7d769319251a74c35e2c0cc472fd0
2023-04-01 11:52:59,False,0.3772,0.0002066,1940.0,0.4009,0x88...22e7,https://etherscan.io/tx/0x7d6e7ef97e871d794d1df47192337c50a2358fe05f11f4187707da982f2e9c69
2023-04-01 11:46:35,True,0.3802,0.0002081,408.598,0.085,0x3a...2fca,https://etherscan.io/tx/0xa16991532abcd61bf21fb753778578f3819798c9093de0a519100229dd525164
2023-04-01 11:42:59,True,0.38,0.0002079,656.237,0.1364,0x02...7f66,https://etherscan.io/tx/0x394aeb56b69da1419b9347a8a3fde0184bd3a15c8bae9fef058867c21ce7dc3f
2023-04-01 11:33:47,True,0.3796,0.0002078,250.402,0.052,0xb1...ab3a,https://etherscan.io/tx/0x2dac47c237bcaef992cccdc03f361758d3b78a50d41e66cd234156356c5c3ffe
2023-04-01 11:28:35,True,0.379,0.0002075,2409.27,0.5,0x8e...6868,https://etherscan.io/tx/0x5b235a00be16d3f1312d54d65549feb2d51c70716f265b7a9c8481660d036176
2023-04-01 11:16:59,False,0.3762,0.0002061,1262.48,0.2602,0x7b...8efe,https://etherscan.io/tx/0xf4c066507fa5ea2edc7ca5bbfe3d1d1adee91e4900e3a7c4835231244c7a3c23
2023-04-01 11:16:35,False,0.3774,0.0002067,3847.85,0.7957,0x04...8c09,https://etherscan.io/tx/0xebbe3f48ad872975f3a6a3698ae6787fcbf74f506109166824a309a9c9cb9ce0
2023-04-01 11:14:59,False,0.3784,0.0002073,436.5,0.0905,0xd3...7993,https://etherscan.io/tx/0x0653f9b8fe3a004d7d2d77ae2fbbc0dd5c0fa84c1705658e5f59d9226ad07091
2023-04-01 11:14:35,False,0.3787,0.0002075,1039.84,0.2157,0x1a...8ad0,https://etherscan.io/tx/0x59019414c69096ac2e839cc31b592f306b259cac072fdd09fa896635f779c205
2023-04-01 11:09:35,True,0.3809,0.0002087,1437.31,0.3,0x1a...c6e0,https://etherscan.io/tx/0xd621a339f01158a765f57bf8c8fb40d1eee529015a0567080cd94cf5b3276b7a
2023-04-01 11:03:59,False,0.3782,0.0002073,92.7669,0.0192,0xcf...6af7,https://etherscan.io/tx/0x698c93127aeb09e834bf14104aa329a7a067f59b0d9c5022de56d52827d7f504
2023-04-01 11:02:23,True,0.3803,0.0002085,479.615,0.1,0x8b...1a28,https://etherscan.io/tx/0xde4ec4b485269174f0c64ea026b4c4dc316541daadc304c1d28bffeff4eea223
2023-04-01 11:00:23,True,0.3804,0.0002084,95.9571,0.02,0xe0...15ef,https://etherscan.io/tx/0xfc637bcabc638f11877d5e43de3dd4c36586594189431e33d6a0fd9f2611ed41
2023-04-01 10:59:11,True,0.38,0.0002082,1159.26,0.2414,0x86...7fa5,https://etherscan.io/tx/0xe5df233b73023952395f5a58d2233abdc7bceceadf98bd873eec242ba275fe69
2023-04-01 10:58:23,True,0.3798,0.0002081,58.5751,0.0121,0x62...ae72,https://etherscan.io/tx/0x490e1c8e280b16b27371dafc81e3b34aed8834ea37bdc2c3ed2c3ec0b41b0f38
2023-04-01 10:58:23,True,0.3798,0.000208,57.6662,0.012,0x8f...cc7b,https://etherscan.io/tx/0x1a175d31d1461c41064486415b64f67eefec2416e5b228671d4d25bc3061f68f
2023-04-01 10:53:23,False,0.3787,0.0002074,4850.0,1.00618,0x24...1bc9,https://etherscan.io/tx/0xeffcb1dcfaa7fcc033a7fbd42702bb5f06ace9c298f7fc98ab3dce121d5fae5a
2023-04-01 10:51:11,True,0.3821,0.0002092,477.851,0.1,0x81...c8f1,https://etherscan.io/tx/0xb5e7ff689a75e52243b470652565944b8f368df584d1a703d9ebcfc9669d17f7
2023-04-01 10:51:11,True,0.3819,0.0002091,478.133,0.1,0xc7...27df,https://etherscan.io/tx/0x4d5f6c24b696b54dcb70f591c0a8d42fafe97813f38535682ab68675cd42c501
2023-04-01 10:51:11,True,0.3816,0.000209,478.416,0.1,0x65...1793,https://etherscan.io/tx/0x35976e68a3fdfa84113d3abdc4f6bcde225e75a97de0a01bb74c5549e163f031
2023-04-01 10:48:23,True,0.3816,0.0002089,67.0008,0.014,0xe0...15ef,https://etherscan.io/tx/0xfe417f299bdd55b5dbd4b1572ccf529cdcf36904e3c54a1ae8d5a925a6d7f7e9
2023-04-01 10:48:11,True,0.3815,0.0002089,57.4336,0.012,0xe0...15ef,https://etherscan.io/tx/0x198851303aaef34af80b6cc68727633cd6299ad781ec4dcbd7190c9701b42e57
2023-04-01 10:47:59,True,0.3815,0.0002089,57.4377,0.012,0xe0...15ef,https://etherscan.io/tx/0x787ee38f246c1b7e507d0c20dfb4ccc65e092068df66ce644603e7a0657443af
2023-04-01 10:47:47,True,0.3815,0.0002089,57.4418,0.012,0xe0...15ef,https://etherscan.io/tx/0x6032f328a1b407b8788e1c03c5396213b359276285f253fc50da92e4fcd7c6fc
2023-04-01 10:47:35,True,0.3814,0.0002088,47.8713,0.01,0xe0...15ef,https://etherscan.io/tx/0x7ba478633f9e611324b91342936f346a86a71c893a272ea66b95c912970d7733
2023-04-01 10:27:35,False,0.3785,0.0002077,923.253,0.1918,0xaa...9123,https://etherscan.io/tx/0xae01351e7aecf30e43d5770d0c424a3bac1cd1c035b80ca69ee4fb7c78fa0c35
2023-04-01 10:16:35,False,0.3794,0.000208,970.97,0.2019,0x13...1b81,https://etherscan.io/tx/0x3f46ff04bdd216cfa7351b0718113c39ab132c8580c2e8b050d6d8d66cfa5620
2023-04-01 10:11:59,False,0.3822,0.0002096,11697.0,2.45208,0x15...878d,https://etherscan.io/tx/0x259301f93d2ca97f487281f2154debe4dd43f6e94a51871fc45ca392f28b972e
2023-04-01 10:09:35,False,0.3856,0.0002114,2567.69,0.543,0xdb...d71d,https://etherscan.io/tx/0x54962424ad359e156fc3ebb7485f8200811682b7eca6f0586da57b59d1a65be8
2023-04-01 10:01:47,True,0.3887,0.000213,79.777,0.017,0x48...f0aa,https://etherscan.io/tx/0x9ceb1fecee511c040294c56ae41c96cc039e1773abe96ef18fc953582f244907
2023-04-01 09:55:23,False,0.3867,0.0002119,1358.0,0.2878,0x84...c24d,https://etherscan.io/tx/0x0079be26f55bfdfbd3a744f1278d66d496194100a6849f0bf2a4a8a6d85a4b54
2023-04-01 09:38:11,False,0.389,0.0002133,8977.35,1.91539,0x44...fb06,https://etherscan.io/tx/0xcc49d275cd6700309d5bbbb55cc18c42403097bb3f45a9179b8cf8ca2872018e
2023-04-01 09:24:47,False,0.3937,0.0002161,11716.6,2.53244,0xa6...cf3c,https://etherscan.io/tx/0xb32e2c659e56424840150b6d01cf123b9ce2e6bb8843e413903e86ff54fe601a
2023-04-01 09:14:47,True,0.3991,0.000219,149.349,0.0327,0xd5...d15a,https://etherscan.io/tx/0x3126e8c55820df26c7acc6d7dfac04380d2b3871c9a86423be82c57c2a22574e
2023-04-01 09:14:47,False,0.397,0.0002178,1296.89,0.2825,0x23...42ea,https://etherscan.io/tx/0xf28a1f0df3a9f9e451235a0eebed78716a4fbd1b8ff25ceaa7807756df90d3d5
2023-04-01 09:13:35,False,0.3975,0.0002181,970.0,0.2116,0x83...010f,https://etherscan.io/tx/0x0859494c4a4b5d8ded53c77fe58f84b75b6e355497887e651fa2137b2a34fe34
2023-04-01 09:10:11,True,0.4001,0.0002195,318.778,0.07,0xcc...9955,https://etherscan.io/tx/0x7cf38a682a39d02337f8b96a280da5a9925cb73d93218b988a6612b0b248de2d
2023-04-01 08:42:23,True,0.3985,0.0002192,1824.06,0.4,0xd6...3821,https://etherscan.io/tx/0xa87660407bc2c5ae89ace8a9f5e0414e07bb0ab86118abbbad31f1b88bb6ef6f
2023-04-01 08:37:59,True,0.3978,0.000219,46.3131,0.0101,0x76...499b,https://etherscan.io/tx/0x99f7bd59a42574c3c72c6682ab4460665a313bc9cdf72857c11dd22cb35ee96f
2023-04-01 08:30:35,True,0.3979,0.0002188,1370.89,0.3,0x1a...c131,https://etherscan.io/tx/0x14a8cbc288a64d24b447bbfb42c1ea8217ff49e3e258d721cc162ff466aad478
2023-04-01 08:29:23,True,0.3976,0.0002183,1831.56,0.4,0xfe...26bc,https://etherscan.io/tx/0xdac733fdae86787a9c2c1aa57ef03db1622cb17876b58c05665c1e3a38cf8dad
2023-04-01 08:08:47,True,0.398,0.0002181,119.198,0.026,0xff...0e7b,https://etherscan.io/tx/0x9aaea5afbecf372803f54409790822103c2dd93372d79ce6e0acf06747bc353d
2023-04-01 08:08:35,True,0.3975,0.0002178,1795.97,0.3912,0x99...0589,https://etherscan.io/tx/0xfc5b295aa1a3667e885fc2eff076cd8f9be1a23d7c969ece7de8b49c2a90c8e9
2023-04-01 08:08:11,True,0.3967,0.0002174,1265.53,0.2751,0xe2...ad14,https://etherscan.io/tx/0xb01ef7b09453b7d0c04de360c8dae434890f390ce857b7f72a73a977ce7423f9
2023-04-01 08:06:35,True,0.3963,0.0002172,460.393,0.1,0x75...6ca9,https://etherscan.io/tx/0xf50d061520ee5ac1b6a39a25bc7ce89e59280adbcad62d0130269fd6b7aacb12
2023-04-01 07:59:11,True,0.3961,0.0002171,216.038,0.0469,0x6c...ed96,https://etherscan.io/tx/0x170a5fe31df3a23915dc3a8c70ca56ef9c80ca2717ff81cb2d1b7924e3921168
2023-04-01 07:52:11,True,0.3938,0.000216,7537.63,1.62856,0xd6...2cc3,https://etherscan.io/tx/0xdb5c0b0e3af483d993f35dca6d2934798cfbe72c6f22c5f96ff714cc773a1b7b
2023-04-01 07:51:11,True,0.3919,0.000215,63.0912,0.0135,0x9d...410b,https://etherscan.io/tx/0x7dee60a3d75cbfe07afb8d360c22be3a01450f7bcc7837814c0f8d8c61c395c9
2023-04-01 07:47:47,True,0.3916,0.0002148,1059.36,0.2276,0xd6...2cc3,https://etherscan.io/tx/0x9abbdd1b36309581bfc0ad8144210876ee3eb76876af3d1ca0007d92d2c99a8d
2023-04-01 07:44:59,True,0.3912,0.0002146,419.228,0.09,0xa6...69ef,https://etherscan.io/tx/0xe9ff58f7be1ae6448019dba3ec1f64f0d0d0e82df2faee400517e343cf149d3f
2023-04-01 07:41:23,True,0.3908,0.0002145,891.023,0.1911,0x5d...634e,https://etherscan.io/tx/0x01341d75745d6ded29ad650e125e79ce50dd12641afbfb6cc0d61c78fba1c697
2023-04-01 07:30:23,True,0.3894,0.0002137,4664.09,0.997,0xbe...b116,https://etherscan.io/tx/0x161595243e6fd9dd3b55919dde0276f5f202a396a394d787bda00350f91ad759
2023-04-01 07:29:59,True,0.3882,0.000213,626.011,0.1333,0x99...0589,https://etherscan.io/tx/0xaa6c0ab8e6a9d9bfed1779194e932a5f90f7978d10d89d9dac6e24b07d674eac
2023-04-01 07:20:35,False,0.3867,0.0002119,1940.0,0.4111,0x6f...9a66,https://etherscan.io/tx/0xbe509b01352ec83960cef7db1521b13b3ce142121d6ef4ed4523b6bb11682d96
2023-04-01 07:20:35,False,0.3897,0.0002135,10128.5,2.16302,0x6f...9a66,https://etherscan.io/tx/0xbe509b01352ec83960cef7db1521b13b3ce142121d6ef4ed4523b6bb11682d96
2023-04-01 07:20:11,True,0.3938,0.0002158,2687.18,0.58,0x74...cd61,https://etherscan.io/tx/0x62982129b8da384a5f058ef208474facfae24f5d35c2b9bbc622f0777fdc7210
2023-04-01 07:19:59,True,0.3931,0.0002154,236.742,0.051,0xf6...966c,https://etherscan.io/tx/0xa6b2e3d556a7fd761770c006f9fc4506fb15ecf7d3963d25347be0dcab9150a3
2023-04-01 07:19:35,False,0.3919,0.0002147,4850.0,1.04165,0xe4...2b91,https://etherscan.io/tx/0xc0163fa3910cb8f016c8d35a4be46dcbd80605af2fccb2e1ab2906abfa30d686
2023-04-01 07:18:35,True,0.3942,0.000216,5000.0,1.08022,0xaa...6a53,https://etherscan.io/tx/0x74c17951ffecafcd30e4bcc2d08a5ec0472c446dc7622201027383eb215c70c2
2023-04-01 07:16:59,True,0.3919,0.0002148,4194.55,0.901,0x74...cd61,https://etherscan.io/tx/0x13a23509f2e7bfe7472486e15bc55b2ae59560e52b20a70c101f267bc62be8ad
