datetime,buy_order,price_USD,price_native,amount_token,total_native,maker,etherscan_url
2023-04-01 07:30:23,True,0.3894,0.0002137,4664.09,0.997,0xbe...b116,https://etherscan.io/tx/0x161595243e6fd9dd3b55919dde0276f5f202a396a394d787bda00350f91ad759
2023-04-01 07:29:59,True,0.3882,0.000213,626.011,0.1333,0x99...0589,https://etherscan.io/tx/0xaa6c0ab8e6a9d9bfed1779194e932a5f90f7978d10d89d9dac6e24b07d674eac
2023-04-01 07:20:35,False,0.3867,0.0002119,1940.0,0.4111,0x6f...9a66,https://etherscan.io/tx/0xbe509b01352ec83960cef7db1521b13b3ce142121d6ef4ed4523b6bb11682d96
2023-04-01 07:20:35,False,0.3897,0.0002135,10128.5,2.16302,0x6f...9a66,https://etherscan.io/tx/0xbe509b01352ec83960cef7db1521b13b3ce142121d6ef4ed4523b6bb11682d96
2023-04-01 07:20:11,True,0.3938,0.0002158,2687.18,0.58,0x74...cd61,https://etherscan.io/tx/0x62982129b8da384a5f058ef208474facfae24f5d35c2b9bbc622f0777fdc7210
2023-04-01 07:19:59,True,0.3931,0.0002154,236.742,0.051,0xf6...966c,https://etherscan.io/tx/0xa6b2e3d556a7fd761770c006f9fc4506fb15ecf7d3963d25347be0dcab9150a3
2023-04-01 07:19:35,False,0.3919,0.0002147,4850.0,1.04165,0xe4...2b91,https://etherscan.io/tx/0xc0163fa3910cb8f016c8d35a4be46dcbd80605af2fccb2e1ab2906abfa30d686
2023-04-01 07:18:35,True,0.3942,0.000216,5000.0,1.08022,0xaa...6a53,https://etherscan.io/tx/0x74c17951ffecafcd30e4bcc2d08a5ec0472c446dc7622201027383eb215c70c2
2023-04-01 07:16:59,True,0.3919,0.0002148,4194.55,0.901,0x74...cd61,https://etherscan.io/tx/0x13a23509f2e7bfe7472486e15bc55b2ae59560e52b20a70c101f267bc62be8ad
2023-04-01 07:16:23,True,0.3906,0.0002139,1869.25,0.4,0x19...5562,https://etherscan.io/tx/0x98ece288b49fcb0c87917851c8db2f3a9ce8b0ae982712c702f17d5f5885cd94
2023-04-01 07:15:23,True,0.3901,0.0002137,163.767,0.035,0x10...004d,https://etherscan.io/tx/0x62495022df2b86b16b3a9899d1e77c0868031ef83e34480962fe928a405283d6
2023-04-01 07:14:47,False,0.3877,0.0002124,182.36,0.0387,0xd6...ac6a,https://etherscan.io/tx/0x1d57568cacd313dffea2257e822dd183d287d4227d1d9511a83fbc673019320c
2023-04-01 07:13:11,False,0.389,0.0002131,5117.44,1.09076,0x94...fd9c,https://etherscan.io/tx/0xc6d85f9ebf3dc108321534ae7d84f486275e77beebbf1baebb6b73af085a2961
2023-04-01 07:07:59,False,0.3917,0.0002144,4850.0,1.04021,0xd6...b5b9,https://etherscan.io/tx/0xc99ec5de36d6425885cec4ce70eef5e3fde51925b42a384f278b7c99fa509c32
2023-04-01 07:06:47,False,0.3938,0.0002156,3549.18,0.7652,0x0e...9098,https://etherscan.io/tx/0x9cb700cc4e27fb83f9d15e63999c42904e5e4bb5d1d1d6f651df12ae083205a1
2023-04-01 07:05:23,True,0.3969,0.0002172,925.0,0.2009,0x60...22b1,https://etherscan.io/tx/0xe350826d3f5f8a745d6f0e7ab4db213660ac9a705739dfe5bb249b1483127e68
2023-04-01 07:04:35,False,0.3948,0.0002161,2043.79,0.4416,0xd6...ac6a,https://etherscan.io/tx/0xdb647795881a02cf0e8c56818ff77f2d27495544d173c01a2a0361e9ae7e3fb0
2023-04-01 07:04:35,True,0.3951,0.0002163,10000.0,2.16328,0xd3...f1d6,https://etherscan.io/tx/0x4b1a489888ad0d4c1a37caeb4a229b19f895feba583e02cde2132afc47fb02bc
2023-04-01 07:04:23,False,0.3904,0.0002137,387.587,0.0828,0x6d...3591,https://etherscan.io/tx/0x5eb728b8bd5c5cd1bacee9416cdfe579fecb030be702bcbafe5f2048d54e8466
2023-04-01 07:02:23,False,0.391,0.000214,1940.0,0.4152,0xe5...e858,https://etherscan.io/tx/0x67569a137049f53d7ba4aef5522b1c167b2c75ed2020a1796f3af7d1fdcfade0
2023-04-01 06:58:59,False,0.3921,0.0002145,1455.0,0.3121,0xee...8d0a,https://etherscan.io/tx/0x06b845991d5de378587b90facd9dc5b32d6f9e70d58ddccfc10428fd00fc4b6f
2023-04-01 06:57:11,False,0.3928,0.0002149,1519.78,0.3266,0x0d...08e4,https://etherscan.io/tx/0x8074a39f2398e19ab7da5ca8d1ff3a352385b01ebbeedc7908f4fb1b339cbb39
2023-04-01 06:56:47,False,0.3949,0.000216,6980.12,1.50809,0x0e...9098,https://etherscan.io/tx/0x5c2bd6e4aabc071a2bcf118e8b6004a2379e9a30c937dbeef24e17bc15af641d
2023-04-01 06:56:47,False,0.3982,0.0002178,6145.84,1.33885,0x4a...468f,https://etherscan.io/tx/0x9f3b2f3c5d6ea73d015719d7ff656ba0fc4262cb1c25910ee50e9d6eed06bd2c
2023-04-01 06:56:35,True,0.3904,0.0002135,47500.0,10.1447,0x60...22b1,https://etherscan.io/tx/0x18ca03621a93bf088f4fe1b7adec883b54c8ec1e808a6cbdaedfc05df3477bfd
2023-04-01 06:51:59,True,0.3677,0.0002011,50000.0,10.0573,0x60...22b1,https://etherscan.io/tx/0x6a20f594aa284a9d0b776fee52a460cfa900106e12fa795e6d51d8a650662780
2023-04-01 06:51:11,True,0.3553,0.0001944,6531.88,1.26977,0x4a...468f,https://etherscan.io/tx/0x3714ad84993fa2e47aaee1f726c578cc8f6cd1cd3237a6d49eb2a362770295c0
2023-04-01 06:50:59,True,0.3528,0.000193,5245.74,1.01263,0x25...339d,https://etherscan.io/tx/0xe4af2faae7bd2b3998727fee1e5afb01d136d5c7e2ce943eea0dce68ba50bc9f
2023-04-01 06:46:59,True,0.3514,0.0001923,779.825,0.15,0x19...5562,https://etherscan.io/tx/0x312f2268be73f0b39375bd5adfc9dcae3a4284ade3b4878797aacbe5460965b5
2023-04-01 06:46:23,False,0.3492,0.0001911,264.829,0.0506,0x21...3447,https://etherscan.io/tx/0xf918c0bd9c307481c472ed2bcc7b94718d1689faf4ac7e5b99d4f5cb53abe6f0
2023-04-01 06:38:59,True,0.3504,0.000192,2864.64,0.55,0xd2...1d0b,https://etherscan.io/tx/0xab41a74faab1d3f707c1fa2784061cf26e4d83946c92d7ac48ee2d1cadee2ec2
2023-04-01 06:19:47,False,0.3483,0.0001907,1749.51,0.3336,0x26...560c,https://etherscan.io/tx/0x157d6b79450c158b9f7be02abaf44f4adc44ace72e1e5e7cc4fa048d90e7eef0
2023-04-01 06:11:59,True,0.3506,0.000192,596.635,0.1145,0x88...355a,https://etherscan.io/tx/0xe61839eab9e88bd039d923d7a10f6fbacbb25a5d21196557a8762b623f8286b2
2023-04-01 06:11:11,True,0.3504,0.0001919,286.609,0.055,0x16...f629,https://etherscan.io/tx/0x853f488fa936b6c89713725c2f1b8fee50c49cb0b1b9cc107b6206034419354e
2023-04-01 06:06:59,True,0.349,0.0001912,5699.32,1.08983,0xd3...f1d6,https://etherscan.io/tx/0x833bfc07ad345e9387079c28a392617517f9322da08899feaf57a3246c52a559
2023-04-01 05:58:11,False,0.3479,0.0001905,9546.81,1.81875,0xe6...8ce2,https://etherscan.io/tx/0x982d9529b5d3e6f5dc61b9e9ff59c345e8bbb157dfdc53b7242d07fa17879f87
2023-04-01 05:56:11,True,0.3516,0.0001925,1713.92,0.33,0x59...75cf,https://etherscan.io/tx/0x68077a3cac8201314f2fc96e589980f37f19979291307e756cf609e7968b2ca5
2023-04-01 05:37:59,True,0.3513,0.0001923,425.092,0.0817,0x7e...ed82,https://etherscan.io/tx/0xbf7153c54136e8831843f3e8ad8e1bf32846904b39a830e9e4978ee126ad437e
2023-04-01 05:32:35,True,0.3508,0.000192,2065.87,0.3966,0xe4...ce2e,https://etherscan.io/tx/0xfe21578e3d891e2b9c6b5b6fbd45df4112f3869b2b1cdf58992bf98d1462673e
2023-04-01 05:25:23,True,0.3503,0.0001917,101.71,0.0195,0x05...ed48,https://etherscan.io/tx/0x0fb9ee3103a54a04b6e303efd734a64e94fe2b6059acba9347fb2866b8764113
2023-04-01 05:22:47,False,0.3506,0.0001919,11692.6,2.24419,0x95...fba9,https://etherscan.io/tx/0x0a202ab9aa1425964001be8845826089221d80699e2641dcb94f6638c9b7cc01
2023-04-01 05:18:23,False,0.3534,0.0001933,929.983,0.1798,0x27...31d7,https://etherscan.io/tx/0xa436a36ecf2567b78805b74c6f301115edf0657b62701a2b01997eb9e61064f8
2023-04-01 05:15:23,False,0.3538,0.0001935,546.485,0.1057,0x27...31d7,https://etherscan.io/tx/0xc5107e9dee9acfcfca6d457e815c85f09493162af83632fc8bd8f39164c4ea69
2023-04-01 05:14:23,False,0.354,0.0001936,485.0,0.0939,0x24...8cf4,https://etherscan.io/tx/0xd390c60cce08be07e53397e49cb9971c12a271b03d461679c3176d818af12444
2023-04-01 05:12:23,True,0.3562,0.0001947,1138.17,0.2216,0xda...7ac9,https://etherscan.io/tx/0x8c8a7cb7a9ff1841402b2b0dd70fa1abcb5db38d9c4274944012467dbb77613b
2023-04-01 05:11:11,False,0.3536,0.0001934,150.774,0.0291,0x27...31d7,https://etherscan.io/tx/0x71a79abb0bbeb116287e87f22aea7ecb2ac77cd77732205a702c7796f2665585
2023-04-01 05:08:35,True,0.3557,0.0001945,1182.43,0.23,0x9d...2690,https://etherscan.io/tx/0x1126bc307039356b7cbbff74d762e1d9aa3f63add5e578d0a82c8b69ea5c7c34
2023-04-01 04:53:35,True,0.3548,0.0001941,2163.52,0.42,0x9d...2690,https://etherscan.io/tx/0xc2b4033718f51aa1ab5270799e6ac1e9486efd8a914996ec7cd58c9ad3b05030
2023-04-01 04:45:59,True,0.3538,0.0001937,1032.21,0.2,0x13...1b81,https://etherscan.io/tx/0x80ed7ce688d79e166d4dc51185cb7a86d055baf3f811c5c2dca8655656b5e71f
2023-04-01 04:35:59,True,0.3525,0.0001929,5925.97,1.14348,0x4f...6fb0,https://etherscan.io/tx/0x61da9ee78d232da3ccea23aec676e358445934c36fb39642f3a2106d98d9d547
2023-04-01 04:34:35,False,0.3497,0.0001912,1105.8,0.2114,0xca...2ce0,https://etherscan.io/tx/0x70790a32b97f28400d47122c1f6f5a8c2c60c39dc2731b7fa51bb7929918af51
2023-04-01 04:23:35,True,0.3522,0.0001925,258.954,0.0498,0x14...cdaa,https://etherscan.io/tx/0xac15a76ee03c962a190ba352510609a96b80d08c7edc5ee96e1bba8dac030c16
2023-04-01 04:21:59,True,0.3517,0.0001922,2120.81,0.4076,0x1a...8ad0,https://etherscan.io/tx/0x9bb5c3f1774f7b57191f9cba191e39ff4aba6580c0c7105be135a3f293facda3
2023-04-01 04:21:11,False,0.3492,0.0001908,300.349,0.0573,0xa2...0d5d,https://etherscan.io/tx/0x8931537f7ff5da78dbdfc303150724ff8a44386a2a9572f301113ff9fca00d74
2023-04-01 04:15:23,False,0.3502,0.0001909,485.0,0.0926,0x15...eb3c,https://etherscan.io/tx/0xe9a0e0b08f6d89656d46dccd8e798f519ea9cb82ce84da306f0deb557b4211b5
2023-04-01 03:59:59,True,0.352,0.0001921,161.33,0.031,0x29...a419,https://etherscan.io/tx/0x7e301700dea815ace574695e567dfc0bacb547ca612d2cec3834880959c8bbcf
2023-04-01 03:59:47,True,0.3518,0.000192,1000.0,0.192,0x5d...5601,https://etherscan.io/tx/0xbdf0324b5bd6cf66a562719793170f2877f9022f20d88e38e9d28c958b169aae
2023-04-01 03:57:23,True,0.3455,0.0001889,26462.9,5.0,0xca...1ffa,https://etherscan.io/tx/0xe9d966647bda452abe5921fc9b8d2e8fe767ff06022c3f66b7d1715f2d3b2af6
2023-04-01 03:52:47,False,0.3386,0.0001851,1940.0,0.3591,0xad...4ef4,https://etherscan.io/tx/0xe5c9c5e8d676c2f2a238757a767af6f348f14412d6ea59778f7017cbbdc41a00
2023-04-01 03:36:35,False,0.3387,0.0001853,451.762,0.0837,0xf2...818c,https://etherscan.io/tx/0xb0fcd30034c7cda6bacab9b72192dfca226726b0bdbb8c8f5c5ad957eb47d51c
2023-04-01 03:35:47,True,0.3407,0.0001864,589.849,0.11,0x52...d5eb,https://etherscan.io/tx/0x9fa697865b001616b14ec5d0aab2a94c3cdb44ac4ba302f673e3024fbd346d49
2023-04-01 03:24:59,True,0.3377,0.000185,12427.0,2.3,0x95...fba9,https://etherscan.io/tx/0x14fc846912ee6311f0b29843b2e3e8f860d2d6ef6fad5c42c5c4b3268c009283
2023-04-01 03:20:35,True,0.3347,0.0001835,1852.32,0.34,0x9d...2690,https://etherscan.io/tx/0x8047986fe73d6730d0cef00a4b54c5e1c90e31cad415bc1161fa6587b4aeb1ca
2023-04-01 03:19:11,False,0.3328,0.0001825,2550.99,0.4656,0xb2...2eba,https://etherscan.io/tx/0xb25d01024d0fbf074cd11706b50111e9faeafef7c7184e4b5a147a3871c45c37
2023-04-01 03:15:35,True,0.3353,0.0001838,353.53,0.065,0x8b...ac62,https://etherscan.io/tx/0x4ef73474133c0b7b9fcb3ab35043e404da1a28adfb0f85ffd35199f46b35803e
2023-04-01 03:05:11,True,0.3335,0.0001829,8198.85,1.5,0x25...a645,https://etherscan.io/tx/0xd954255161a103a8ec1cfcb19b313002ff91af329d18141e0a5c3e5b8f4b6fc1
2023-04-01 02:59:11,True,0.3313,0.0001819,1316.35,0.2395,0x86...7fa5,https://etherscan.io/tx/0xbc0fffa8d59d6248046265e7626beaa0f9c60c21b06a4bb5719666311ef4d8ae
2023-04-01 02:48:11,False,0.3296,0.000181,2811.06,0.5088,0x29...fac3,https://etherscan.io/tx/0x3dcfff1472be0cd33cb4fbbe675e7a7b2ad27f353fac22c2434053d995130b5a
2023-04-01 02:45:11,True,0.3321,0.0001823,208.883,0.0381,0x0c...bf0c,https://etherscan.io/tx/0xaa47d38b2a828d2ab57aa959c805996305e2b776fb6817eb826899a55bb6804c
2023-04-01 02:44:59,True,0.332,0.0001823,329.087,0.06,0x0e...9a7c,https://etherscan.io/tx/0xbe764a5c90d92015545f96e8c8d180eba1c68808ce65bfb8e587412e9fb0e738
2023-04-01 02:34:23,False,0.3311,0.0001815,3589.0,0.6516,0xfa...d0e2,https://etherscan.io/tx/0xe2344f8544dd5ffdb7211ceec80b840bcd2a56b6034286a6a8a2cc01f453ec63
2023-04-01 02:32:47,True,0.3337,0.0001829,513.693,0.094,0x0e...9a7c,https://etherscan.io/tx/0x14eb6eb3d999171feea05e726864195c45a45ccdd4f9c8aa406e67ac70f29b92
2023-04-01 02:32:11,True,0.3333,0.0001826,2991.88,0.5463,0xfd...6e38,https://etherscan.io/tx/0x180ff84064782b2a63a006ac6d29f65df34897b6499edcd8b90ef58625cec926
2023-04-01 02:31:23,False,0.3312,0.0001815,2758.44,0.5006,0xac...08fd,https://etherscan.io/tx/0x03e5b919d54180dcae3827956a53bef61ce843b25eccf07cd19a1b10bb1b2a4f
2023-04-01 02:26:11,True,0.3335,0.0001828,546.97,0.1,0x9b...c0f8,https://etherscan.io/tx/0x30e2003625b0827e0adfe1a8263513dca50f70698b379e102d40a030407b52ef
2023-04-01 02:25:35,False,0.3316,0.0001817,659.6,0.1198,0xdf...1c46,https://etherscan.io/tx/0x88230ee386d5f37aeee76bd3e7534bbb58f1a19404c396c5c011fd39117022e0
2023-04-01 02:21:11,False,0.3321,0.0001818,485.485,0.0882,0xca...89a0,https://etherscan.io/tx/0xf8ee742d82e0d5bf5f3b221ff8fb5ce7d312ea7038881f94d087a9550b28140a
2023-04-01 02:14:59,True,0.3335,0.0001829,601.272,0.11,0xa8...d20d,https://etherscan.io/tx/0xa5946c2d8674bb00a9f4c90cca33d65f23a14f9047bdbc08338f3e1c88cacca5
2023-04-01 01:58:47,True,0.3332,0.0001828,31.598,0.0057,0xce...49d0,https://etherscan.io/tx/0x66213de4cb6856b32aaf60a75c08455f1f6d928ece4fafbb121a4bb5b6d0dcd5
2023-04-01 01:58:35,False,0.3337,0.0001831,12732.2,2.33158,0x22...cdd0,https://etherscan.io/tx/0x0b9be5882fbb8713db12eaf5763a6d3e81735dfebdb4cd12bd9628c26e161001
2023-04-01 01:47:47,True,0.3381,0.0001855,800.0,0.1484,0xcb...6709,https://etherscan.io/tx/0x6bb08318265476af3503b0003043e8cf1de09f64d38e404b8833985170a2b2f6
2023-04-01 01:44:23,True,0.3378,0.0001852,1517.61,0.2811,0xbe...3708,https://etherscan.io/tx/0x21d8e8e4fca49c0cef82a9bb5cdda467c8d2ca5e2fdcd4b14338ff0470967a52
2023-04-01 01:41:35,True,0.3356,0.0001841,9130.7,1.68105,0xd3...f1d6,https://etherscan.io/tx/0xc70b737badddb3fce20d3033cb62843a86114d4fb7855379407f8a75eea02f87
2023-04-01 01:41:23,True,0.3332,0.0001827,3287.83,0.6009,0x77...dab2,https://etherscan.io/tx/0x96a44296e9ebf8534a6e02d8fded9705f28bfe339249a6845c6421516f94e4cb
2023-04-01 01:37:35,False,0.331,0.0001814,689.907,0.1251,0x1d...a181,https://etherscan.io/tx/0x410767cc55e10093e2c1010efbebee81195874bf94d25ee37aec7232379e0060
2023-04-01 01:35:35,True,0.333,0.0001825,602.655,0.11,0xa0...e8f9,https://etherscan.io/tx/0x871fa2deaf32f9591b5c0ba9980b8853b5f196a8c23335abefb45897af417d7a
2023-04-01 01:32:23,True,0.333,0.0001824,149.644,0.0273,0x74...186d,https://etherscan.io/tx/0x56c17ddc334a42015d008908346ab5437ead27d636844dda6f7ba554c363021c
2023-04-01 01:30:59,True,0.3328,0.0001823,640.406,0.1167,0x2b...9775,https://etherscan.io/tx/0x7ebf2e507edb9402029cdcfa4ce613e9791346fc62f7b51b56538161fbf99c39
2023-04-01 01:29:23,False,0.3311,0.0001814,1940.0,0.3519,0xad...4ef4,https://etherscan.io/tx/0x4e191c54f3b6012649067f01153b4dc6536da3efa392bc75037199733b30494e
2023-04-01 01:25:35,True,0.3331,0.0001825,1145.65,0.2091,0xd0...75de,https://etherscan.io/tx/0x218ee73d106f6ca47f853ddde0081ff47af3abb248b34b344edc87a07b17b49c
2023-04-01 01:21:35,True,0.3328,0.0001824,164.433,0.03,0x07...2b82,https://etherscan.io/tx/0x259f2ae32b68a9f330082cd88214959c646227fe842909b6f9be6d3ecd432cd0
2023-04-01 01:20:47,False,0.3329,0.0001824,10464.3,1.90905,0x82...0e2d,https://etherscan.io/tx/0x6970c3a45ec039cebb148e4155bd4804ccd4e1231bd23afa3336e5c1cd20c7f7
2023-04-01 01:20:11,True,0.3349,0.0001835,10000.0,1.83577,0x82...0e2d,https://etherscan.io/tx/0xd3992ae576037658cd85fffff7acadb4b7846c5470886a43ca46e36c173b0d34
2023-04-01 01:17:11,True,0.3325,0.0001822,2743.79,0.5,0x8e...6868,https://etherscan.io/tx/0xddb10f21bcea9ffe014332cf39d27d647351d96c36253f51a60338c9534d7cf9
2023-04-01 01:15:11,True,0.3308,0.0001813,5427.72,0.9844,0xd1...4001,https://etherscan.io/tx/0xe253c7122c32f51600eac06d1b0e918eb805b4492272fcdd67a83bdadbf8b5ba
2023-04-01 01:15:11,True,0.3266,0.000179,16827.3,3.01336,0xd1...4001,https://etherscan.io/tx/0xffc07f760f1f8fe2738334635c7f9ba76df9cfdbfba631eed3841da8317acb4e
2023-04-01 01:14:59,False,0.3364,0.0001844,77600.0,14.3119,0x60...015b,https://etherscan.io/tx/0xfbbf02d5c1cc5a3493ec4f5dd22b49117d44d2d60ba4af90deb0e9ce51d68a5a
2023-04-01 01:13:59,False,0.354,0.0001939,9021.0,1.74965,0xe8...6011,https://etherscan.io/tx/0xabfacd02f0a373c29df511f17627de4f87621eb9c2852b440ef54f5a419e2e53
2023-04-01 01:12:11,False,0.3601,0.0001973,19578.7,3.86294,0xaf...4f52,https://etherscan.io/tx/0xbb419fd5bf12493453f519d57dd7c892dc14eb7a67277eee59df2d102f1e3adb
2023-04-01 01:04:35,True,0.3663,0.0002007,747.22,0.15,0xc0...28f3,https://etherscan.io/tx/0x51e1023f115f7b78ecf35a6db8090fc1350bb6b2c61bfdb00949d79bb2a5864e
2023-04-01 01:01:11,False,0.3647,0.0001996,1940.0,0.3873,0xad...4ef4,https://etherscan.io/tx/0x85c303dbab360a8ac6cc048d3d888fac8d98dea19263c0b887a5250c449f7a09
2023-04-01 01:00:47,False,0.3652,0.0001999,161.879,0.0323,0x4e...c2b4,https://etherscan.io/tx/0x91035e76d16063e9e92808bf6f8679c5c9a2f810fee8a743eb9cf575da2bdb36
2023-04-01 00:58:35,True,0.366,0.0002003,6815.23,1.36533,0xe5...2db0,https://etherscan.io/tx/0x87b8c8ae859a9d924e50ba5c73fe5e42ad2d72068b12fa182a1350fd6e79fe6f
2023-04-01 00:57:35,True,0.363,0.0001986,6873.04,1.36558,0xe5...2db0,https://etherscan.io/tx/0x56ace1de9dea69b6e3f9003ba8469db85fd55b21a45bd1358715a8f6dc0caa01
2023-04-01 00:57:23,True,0.3614,0.0001978,252.734,0.05,0x22...94f2,https://etherscan.io/tx/0xeaea1186e1ce339842b118483ebf2ddd04a63469abee8d5c4dfd5e635fc88107
2023-04-01 00:56:11,False,0.3596,0.0001968,1871.13,0.3683,0xe4...e4d6,https://etherscan.io/tx/0xe0b5f3e8e48cbe458f7d15eb17a163df2005fc03eaad1f618c119c2f2175aa2e
2023-04-01 00:54:11,False,0.3605,0.0001972,1455.0,0.2869,0xc2...c2fa,https://etherscan.io/tx/0x342925744b16338e6a114c9227a41359473873a099891069c90b1ee7a7004cb9
2023-04-01 00:53:23,False,0.3613,0.0001977,2483.98,0.491,0xdc...4324,https://etherscan.io/tx/0x1f0dee2822e9cd308ecb7f9806092a21b86c1badcdb7472466052da476693ea4
2023-04-01 00:51:47,False,0.362,0.0001981,1020.46,0.2021,0xea...5aa7,https://etherscan.io/tx/0x3f1082105cdd3370803fc84120bc23396ad52b89eb14c40a5780a48d74554a36
2023-04-01 00:47:59,False,0.3629,0.0001985,2427.91,0.482,0x07...4ada,https://etherscan.io/tx/0xcc6294babd3d5d7feb66c32066cbecbdb365d6df21445acddc7bf06ada68fc06
2023-04-01 00:45:23,False,0.3635,0.0001988,597.628,0.1188,0x94...5d5d,https://etherscan.io/tx/0x2f5728088277846a60ee5de797fd2b78cd057b8b1665c48c3d7683a49aa82186
2023-04-01 00:34:59,True,0.3644,0.0001995,5011.06,1.0,0x3f...7fb3,https://etherscan.io/tx/0xfd97c1c57d6ec011b923eb5562f181201b78ba52e0b1cc48fd2e7fd3fb7dc35e
2023-04-01 00:10:23,True,0.3625,0.0001986,2516.93,0.5,0x9b...c0f8,https://etherscan.io/tx/0xebfc1950c464bf9aa1a60b70763d3b62687d36dd98ce26df73dec18dd30cb368
2023-04-01 00:04:35,True,0.3615,0.0001983,252.112,0.05,0x95...c437,https://etherscan.io/tx/0xca79caba0d7618fab268674a2234125f14f3412206c321247ec84c681a95ffea
2023-04-01 00:04:11,False,0.3604,0.0001976,4850.0,0.9587,0xd6...b5b9,https://etherscan.io/tx/0x7a4dd62b96debd960c51a825944890dc88f5e634d44cafb2b8a9fa4110066de1
2023-04-01 00:00:23,True,0.3633,0.0001991,2344.77,0.467,0x9a...7f34,https://etherscan.io/tx/0xfb9d056cbf0e25b5a7d4692e419af68a053ad0cdab26ac4b50b11be8e0b4fd47
2023-03-31 23:54:35,False,0.3617,0.0001982,4849.03,0.9614,0xe4...2b91,https://etherscan.io/tx/0xef6bc3b24a2965e89f723ac968269d3f614917f33ee91af1be10060388059c01
2023-03-31 23:46:59,False,0.3639,0.0001993,4184.59,0.8342,0x25...ab52,https://etherscan.io/tx/0x74bebc818060dadd6b6c6502416d8de458d14290fdad902f4adcc0e1828abf94
2023-03-31 23:42:11,True,0.3665,0.0002009,920.607,0.185,0x81...08c8,https://etherscan.io/tx/0xe62a180acfaf9575963935fb34aec0545b0616cd79fdc21f9c95890c9ede8588
2023-03-31 23:26:35,False,0.3654,0.0002006,8342.0,1.67383,0xfa...d0e2,https://etherscan.io/tx/0xa78570029736b139f5df3ee36522453f33513e64b8e562c4db95c2712928dbd5
2023-03-31 23:26:11,False,0.3674,0.0002017,406.167,0.0819,0xf2...d232,https://etherscan.io/tx/0x5ae5036f3372416558dbc6109cba074381d5a33785749e535984721a91ad66dd
2023-03-31 23:21:11,True,0.3687,0.0002028,1084.56,0.22,0xea...5aa7,https://etherscan.io/tx/0x7851d1bd50180258c28c675cca838a56af4767c57771a33d0081db2222012144
2023-03-31 23:15:11,True,0.3675,0.0002021,4650.23,0.94,0x1d...0150,https://etherscan.io/tx/0x2b8931a655bc8781179955591a857e4b447a59af314f4e87ab174c13424a24f5
2023-03-31 23:12:23,False,0.3644,0.0002004,485.0,0.0972,0x24...8cf4,https://etherscan.io/tx/0xe309a6e75ac138174ab067700054f370f8352d871db8fa3d5011a7968daae138
2023-03-31 23:10:35,True,0.3662,0.0002013,2482.8,0.5,0x4c...94ad,https://etherscan.io/tx/0x4930e1030f93be0de28fc20a41701d2dd71d0530ade991f71862d1d6bf09fd15
2023-03-31 23:06:11,False,0.3633,0.0001999,485.0,0.0969,0xd9...7cd7,https://etherscan.io/tx/0xe82db079dcfcd87ee19717f5953146d6beac74c8c1bce70e947ee33f2eadf505
2023-03-31 23:05:59,True,0.3655,0.0002011,817.067,0.1643,0x6e...7cda,https://etherscan.io/tx/0x6274b4825a0d828693960db9c730d4a7180a8bc1a3df09a6bcb1a9362017ed95
2023-03-31 23:02:47,True,0.3653,0.0002009,212.515,0.0427,0xfe...cfd7,https://etherscan.io/tx/0x40fd63c330960a24c9666c1099a886c4e2f12117f164c17101d8b4b28f713ece
2023-03-31 23:02:23,True,0.3639,0.0002001,6244.02,1.25,0x4c...94ad,https://etherscan.io/tx/0x6374a9e0fd70fa649cb0e4cfa72593ab9cc8e0cf4a1c6ea4cb13e811f160d188
2023-03-31 22:50:59,True,0.364,0.0001993,702.269,0.14,0x84...0c81,https://etherscan.io/tx/0x99e68e63696856a7fdc492529d070864196a1f98f7638017ab3034c9879bea1e
2023-03-31 22:45:47,True,0.3634,0.0001992,36.8217,0.0073,0xb6...b399,https://etherscan.io/tx/0xf139b512c29d395c2239b17521c9acec60e90a18e9d9a1f2ddf4472a17e1f870
2023-03-31 22:38:35,True,0.3633,0.0001991,822.523,0.1638,0x91...87d4,https://etherscan.io/tx/0x2e3904932b2bc3e3fa3b9d9d39cf04a6914c37fe4eb5cf4b43f5d8580dc3aa97
2023-03-31 22:30:35,True,0.3623,0.0001989,1005.32,0.2,0xc9...7618,https://etherscan.io/tx/0x43da7d8729dde91915631917902323cda52d8f9452f0da207ac32d7894a0de24
2023-03-31 22:29:35,False,0.3602,0.0001978,1410.0,0.2789,0x65...1793,https://etherscan.io/tx/0x4abb0724982c33ed3ecbbaf04307f9af5aced45f84fb973c48b9ab84ee8c4073
2023-03-31 22:29:35,False,0.3608,0.0001981,1410.0,0.2793,0x65...1793,https://etherscan.io/tx/0xdc10797e8cbed12593699d6fda09fe73a93ae4a74c39c6613af3e563e93e1b18
2023-03-31 22:27:23,False,0.3621,0.0001988,4512.0,0.8971,0xe4...2b91,https://etherscan.io/tx/0xb80476cfdd58922428d02e2f4cee403e03be2f086495c7022a283eb9f7ac8125
2023-03-31 22:10:59,False,0.3645,0.0001996,2364.69,0.4721,0xb7...9c63,https://etherscan.io/tx/0xcc2284965331c93e41b896c528db9b495fc43f81a65465440d073c00630752b0
2023-03-31 22:09:47,True,0.3668,0.0002009,1500.0,0.3014,0x45...bcd2,https://etherscan.io/tx/0x98fc09a085d0422873d09a96f6873c4acf42689b64c24045e499db67be103451
2023-03-31 22:09:47,False,0.3648,0.0001998,2264.57,0.4526,0xec...d95c,https://etherscan.io/tx/0xd0a45bb6cabc183655dfa1efc503565206bbdeb2845fc4503f25e313004526dc
2023-03-31 22:06:47,True,0.3675,0.0002012,844.761,0.17,0xa1...9d91,https://etherscan.io/tx/0x7efde68732c912460dd03ad161ae046d32f4c3ed047759506114a562f702b99c
2023-03-31 22:03:11,True,0.3673,0.0002011,215.319,0.0433,0xeb...33eb,https://etherscan.io/tx/0x02c0aa2ab92185cdbf7665df58a4186759897c25cea911de350710110b41f678
2023-03-31 21:56:11,True,0.3676,0.0002009,995.205,0.2,0xb3...d692,https://etherscan.io/tx/0x60fc90c9b10fcbdde2f4d91c36d1a8c5f5a2c50003774e1a251732e22f019f82
2023-03-31 21:54:11,True,0.3669,0.0002007,533.38,0.107,0xeb...e1a9,https://etherscan.io/tx/0x41010bde62dbcbd93dca92fb33bfdd9b52325be101d58f72e9c62bda042cd549
2023-03-31 21:52:23,False,0.3655,0.0002,4512.0,0.9026,0x94...191a,https://etherscan.io/tx/0x0746b1639ac215d32ba266c2ea20888b5de7e19857e701276f1f5b3ec4331d27
2023-03-31 21:47:35,False,0.3678,0.0002011,4700.0,0.9455,0x88...b097,https://etherscan.io/tx/0x6f7afec2048891240d09551d20cf3455b2bb91155bdc4593fa3b616679c324d6
2023-03-31 21:46:47,False,0.3692,0.0002018,885.48,0.1787,0x11...92ea,https://etherscan.io/tx/0x68600aff9f311c9c04c5393a6aaa6700c66acabfc0c778f04827554e259ccbff
2023-03-31 21:29:59,True,0.3702,0.000203,1099.19,0.2231,0x70...7881,https://etherscan.io/tx/0x34a242164b0123d9e4a4acbd27267c17d0db1fad46d973e3cd825c02afa5649b
2023-03-31 21:11:23,True,0.369,0.0002025,2640.97,0.535,0x89...50b8,https://etherscan.io/tx/0x04d03c770a409018494430854525332b9fa076d3f7846791e84fce733d6b6e08
2023-03-31 21:10:59,True,0.3682,0.0002021,1236.97,0.25,0x18...789d,https://etherscan.io/tx/0x005391880e079015b327b51c4f3a760d19b59e90f3a6407f35ccf1f7f32f5515
2023-03-31 21:08:35,True,0.3674,0.0002018,1015.7,0.205,0xed...b7f5,https://etherscan.io/tx/0xf47905254e587b42d70ab35691efe4e61f5bb1556b29632c0554a9f4e0153d6d
2023-03-31 21:05:59,True,0.3665,0.0002011,4972.67,1.0,0x4c...94ad,https://etherscan.io/tx/0xa830e628465ae34b7a467d0963b2c615c72914d553489cabc242aacb28f2c073
2023-03-31 21:05:11,True,0.3638,0.0001995,7515.56,1.5,0x00...7291,https://etherscan.io/tx/0x18fdf3f536133b3123fe8f85c964e6f1fd1f21c0bf586f705d5339327cea7f0a
2023-03-31 21:04:47,False,0.3604,0.0001976,940.0,0.1857,0x84...c025,https://etherscan.io/tx/0x95367b57500111f177c4817084548e802a6bd59140a21394da0e7e90581fecaa
2023-03-31 21:04:11,False,0.3611,0.000198,2538.0,0.5025,0xa4...7b21,https://etherscan.io/tx/0x781896c0ae43f7cf48d76e283ebbd0d2dabe7fbaf1ce40b3581c2be5b3e17312
2023-03-31 21:00:11,True,0.3626,0.0001988,5605.03,1.11452,0xe6...1bea,https://etherscan.io/tx/0x465f136029c1e4470238f68bbdadbf9660a66feea3e81ab4582196e7abd7cc78
2023-03-31 20:57:35,True,0.361,0.0001979,1515.21,0.3,0xa7...0269,https://etherscan.io/tx/0x300e18fcd7f79e8ffc6f11d344d9c8225e0b4cfa52295f67a84d8108a505ca14
2023-03-31 20:52:23,True,0.3599,0.0001972,5070.73,1.0,0x2c...cc13,https://etherscan.io/tx/0x6deb03a16099889b34d692a42e4222b430a851c1d60468d69198b5b3f152ad2b
2023-03-31 20:41:59,False,0.3564,0.0001955,902.06,0.1763,0xb9...16f4,https://etherscan.io/tx/0xe53461f50b844eda27f1f3aaf839659495c99938ab62c09347a1753013f88f45
2023-03-31 20:35:35,False,0.3571,0.0001958,1410.0,0.276,0xd0...9915,https://etherscan.io/tx/0x2520a37962332789ddcb84cce370d91b3ffd2dc6571fbb7774cb6fe5a93d92b8
2023-03-31 20:17:59,False,0.3576,0.000196,940.0,0.1843,0x34...6afa,https://etherscan.io/tx/0x5f5cb87fcaf520b28f7bc2d92b6ee7875f9a7fba6f958d5d4eb9986bc909e9c9
2023-03-31 20:10:35,False,0.3582,0.0001963,940.0,0.1845,0x5a...3bd4,https://etherscan.io/tx/0x409d90351331f2756ad3acb78d28c3320f4db24536785d0732cd0bfa508e0cdb
2023-03-31 20:08:35,True,0.3585,0.0001965,9258.38,1.81933,0x79...83cd,https://etherscan.io/tx/0xcdf84aee7c28d3acec5aee82721b9b6d81c7cef7218b925722e8e0030d524938
2023-03-31 20:07:35,True,0.3562,0.0001952,1693.42,0.3305,0x96...61f4,https://etherscan.io/tx/0x04a6a14ef365219829534364c1eacd062514765596d0b532ebff6d7d14df2ec8
2023-03-31 20:04:23,True,0.3542,0.0001942,7052.13,1.36958,0xa4...2240,https://etherscan.io/tx/0x945bd2145d07ebaacfb88625bb4740b56c845498eff749edca475a9b5264d8f4
2023-03-31 20:02:59,True,0.3525,0.0001932,1397.27,0.27,0x0e...b29b,https://etherscan.io/tx/0xfb2b56351f857635e22aa908fbe439e5bdf778ee9738e948b087ab7a37da798b
2023-03-31 20:00:35,False,0.3502,0.000192,685.26,0.1315,0xd9...7cd7,https://etherscan.io/tx/0x4bc4b880c01fa9822d775cb2cdd547634a06c15e33cae0a1107b5c3f6e1b720e
2023-03-31 19:56:11,False,0.3501,0.000192,178.371,0.0342,0xf7...3456,https://etherscan.io/tx/0xdf17e26c6f972b19554dfbb19cd9ca3ea1f934adc74ff79cd9ad59cc9b0dafeb
2023-03-31 19:55:47,True,0.3521,0.0001932,481.326,0.093,0x92...71cc,https://etherscan.io/tx/0x73cdf4df764ed7a269dab7ca91cc8f1f1e934e67fcfa230e4d27d9674d171a36
2023-03-31 19:53:47,True,0.3522,0.000193,1030.0,0.1988,0x5f...b464,https://etherscan.io/tx/0x6ba72af8556529b24d5efad059a8787cdc2edc7642ea5c9a0c098644b62bcc2f
2023-03-31 19:50:59,True,0.3518,0.0001928,777.864,0.15,0xd6...e758,https://etherscan.io/tx/0x44e95c9908ae356e94460be4625337f7d9541ea7c7d2f7d1b76987e39c1a1b8c
2023-03-31 19:46:11,True,0.3517,0.0001927,129.18,0.0249,0x0e...b29b,https://etherscan.io/tx/0xc40ec0218613f06312e061d01cf1deeac4eba2f28b1590a77f7d52b8ea3d9897
2023-03-31 19:45:23,False,0.3496,0.0001915,126.917,0.0243,0xf8...082b,https://etherscan.io/tx/0xa81d4ee584ff69a58507fc3c57482aec2fe78704f8be9ecbeb1ab7185c45102b
2023-03-31 19:43:11,False,0.3506,0.0001919,2820.0,0.5411,0x2e...ef86,https://etherscan.io/tx/0x13938a02d77b9cbd352379bfe4846094dc420e86169fa6b4a2f4918ccd08018a
2023-03-31 19:36:23,False,0.3519,0.0001924,1880.0,0.3618,0x73...25e3,https://etherscan.io/tx/0x0808d27f1a0b290091d2ca9a7631b01de883f2a5a9dad9face604bbd6d693ceb
2023-03-31 19:35:23,True,0.3543,0.0001937,300.0,0.0581,0x09...f5e5,https://etherscan.io/tx/0x19037160333dad48c41cc89582704808023aba756e77d26524c37a7fec2a7b37
2023-03-31 19:34:47,False,0.3526,0.0001928,2102.0,0.4053,0x26...a290,https://etherscan.io/tx/0xef7bc5dfe8aaad3e97f8a660617b26b5090eb30bb636f9265fc2e7f6b7d6d8a2
2023-03-31 19:28:47,True,0.355,0.0001942,308.957,0.06,0x15...bc2a,https://etherscan.io/tx/0x6c358007d67eed36f2d85acdbba7b108bab98f5383bdad16f605fed2591524b1
2023-03-31 19:19:11,True,0.3546,0.0001939,1679.76,0.3258,0x95...b1ed,https://etherscan.io/tx/0x7e65443d334f7a8995f41d5de4772323288e7b8e84661fceda15c0bddae30b98
2023-03-31 19:17:11,True,0.3545,0.0001937,230.586,0.0446,0x3b...110f,https://etherscan.io/tx/0x0ce641605d6acb6a7e25fcb2d1687a85369d47324ba745c13ad0b9f26f1be321
2023-03-31 19:11:47,False,0.3526,0.0001926,863.143,0.1663,0x60...57c6,https://etherscan.io/tx/0x7a6e0a694f8f38a0eecb2f24549dcdac6986b606cb175dd11d7a7acdf797107f
2023-03-31 19:11:35,True,0.3545,0.0001937,1858.46,0.36,0x2f...9f4a,https://etherscan.io/tx/0x15f2a11e1e626445893d4347754423e111483640bb7a32c86ba69e0c28f6f559
2023-03-31 19:09:47,True,0.3539,0.0001934,356.674,0.069,0x3e...6493,https://etherscan.io/tx/0xb1099f86d9a5a8bac942d44fa47ebe59d97cfe79d8f5160d82d97ee8374bc1d1
2023-03-31 19:09:35,True,0.3526,0.0001927,5741.72,1.10674,0x79...d355,https://etherscan.io/tx/0x5fa0e7d4a801599123a7dd99ed7e37b6f8f146e80c6964eb31b9e58bc14ad992
2023-03-31 19:05:59,False,0.35,0.0001913,3760.0,0.7195,0xad...4ef4,https://etherscan.io/tx/0xf6d43bdbf52d78f50bda4f9f9bac6c64a6259a38ea9f4a4595905c6ed89d7ce7
2023-03-31 19:05:47,False,0.3509,0.0001918,470.0,0.0901,0x60...57c6,https://etherscan.io/tx/0x452e9049413b4b0103c23d6e2829b83715eb92b2cc193941fa8f28b5ca1915a6
2023-03-31 19:01:59,False,0.3516,0.0001922,2911.26,0.5596,0x26...d75b,https://etherscan.io/tx/0x9e689665787ab0b6347b04aeb124c3519f21018a3641c9d70f69419939c08486
2023-03-31 19:01:35,False,0.3527,0.0001928,2350.0,0.4531,0xcf...3224,https://etherscan.io/tx/0xe713eec6ffedd219e63717f6877e00783efc14ac51d21f69efd1e3078ec5c13c
2023-03-31 18:57:23,False,0.3535,0.0001931,611.0,0.118,0x60...57c6,https://etherscan.io/tx/0xc51f1b5ac23e22bb3184a61f6221125c3163583378eff3d16ac585aa281fbe2a
2023-03-31 18:54:47,True,0.3554,0.0001943,244.362,0.0475,0xf3...0ea6,https://etherscan.io/tx/0xfa3df076e1e29445f120bc124249e5d6d429a63df149f8c99a5e7bc4e4940b0f
2023-03-31 18:51:35,False,0.3535,0.0001932,709.987,0.1372,0x73...25e3,https://etherscan.io/tx/0xc165f1bb69a97ed9b41838ba9e96f1199965216e325e25365841abc241e279a9
2023-03-31 18:48:23,True,0.3544,0.0001939,5156.69,1.0,0x2f...9f4a,https://etherscan.io/tx/0x566af96b9d24c15fa3d808dc75133a31d3fd5af0f5c03aa22df9113055cc23ed
2023-03-31 18:46:35,False,0.3509,0.0001922,493.604,0.0948,0x94...5d5d,https://etherscan.io/tx/0xceb42cd436582eaf213c6409414ec5ad91cc41f56fca8b11604dba6a4b9c6c06
2023-03-31 18:42:11,True,0.3532,0.0001934,258.514,0.05,0x50...3242,https://etherscan.io/tx/0x2410c76053cb34d1c5bc7c1314ea2f4d3a5f9dd4ce797f5cacdd73fa1af3107c
2023-03-31 18:36:23,True,0.3514,0.0001927,5686.35,1.09594,0x48...3ca5,https://etherscan.io/tx/0x674744383cb9d947c48c67bd126c257aa1aad5f5197f007fbbc807618d4dab0c
2023-03-31 18:33:47,False,0.3482,0.0001909,460.6,0.0879,0xac...f7c7,https://etherscan.io/tx/0x88af6df940e05006012dd6bc5bfadeaddb2c6216a47dedb6d8c10eb6893f141e
2023-03-31 18:33:35,True,0.3503,0.0001921,312.253,0.06,0x3c...a61b,https://etherscan.io/tx/0xb1706037ec71f24368f9be2b8d9b6caba4603f1253e690442e49b3827a802c0f
2023-03-31 18:29:23,False,0.3488,0.000191,940.0,0.1796,0x1c...3651,https://etherscan.io/tx/0x71b7a9ced9b246fd783065978f41b53c4a37645d6fd1563c122fe5b41007eb5d
2023-03-31 18:29:11,False,0.35,0.0001917,4700.0,0.901,0xe2...79fc,https://etherscan.io/tx/0xf86fb974996122c9635b44c20a9d06d2e3b7d4d412864d61f1ecfec517306598
2023-03-31 18:28:59,False,0.3512,0.0001924,1410.0,0.2712,0xac...f7c7,https://etherscan.io/tx/0xb48a26493c46a86c67e86458ab6bb727bd1bb366e11694b882a393fbf690c2e5
2023-03-31 18:26:11,False,0.3523,0.0001927,1880.0,0.3624,0xd0...9915,https://etherscan.io/tx/0x9910ecf12d31b092854a0e302294d136022fd98100f07bb4cc946879f52ef04e
2023-03-31 18:24:35,True,0.3532,0.0001934,6229.23,1.20498,0x5a...9f25,https://etherscan.io/tx/0xef23375a28e8cf737d4544794c780c50b28e9685cd2899d21301a107cb337363
2023-03-31 18:23:23,True,0.3519,0.0001924,2180.04,0.4196,0x4c...eb2b,https://etherscan.io/tx/0xb9b670d598bb17d7727dce11d45ab6e6d4079ba939d4d686165d126257160e97
2023-03-31 18:13:47,True,0.351,0.0001917,4270.59,0.8188,0x77...4247,https://etherscan.io/tx/0x56f7747cd687f9f899e7144dcb67e687008f5fe437774b32fa5f3533b20fd0ef
2023-03-31 18:12:59,True,0.3501,0.0001912,310.0,0.0592,0x35...fe2c,https://etherscan.io/tx/0xa30e65885986d0dd64cbc4e259e2ad19f0cc15653aa40f56143acec1bde136e5
2023-03-31 18:12:11,True,0.35,0.0001911,162.158,0.031,0x4e...3d88,https://etherscan.io/tx/0x828af5f8ac8406b58e8c65954fd5f78ac8966e64d616231af39df7f9400632a9
2023-03-31 18:08:23,False,0.35,0.0001911,10110.6,1.93263,0x0d...92fe,https://etherscan.io/tx/0x52580d88af89e015d968019d4d4db464104dd682bd04b46673d6c778a323dc45
2023-03-31 18:05:59,True,0.3522,0.000192,12079.0,2.32,0xa6...cf3c,https://etherscan.io/tx/0x713afcd7971cf9574f30c47b9ec5db926ff5feeb8a8ad496b42908c3f8890eb7
2023-03-31 18:01:47,True,0.3483,0.0001904,2625.96,0.5,0xa1...8838,https://etherscan.io/tx/0x468c0a006dceaba0263370e393b92bf967c2487f065617d088e7cb4d58c54d41
2023-03-31 17:59:47,True,0.3477,0.00019,310.668,0.059,0x48...0c1b,https://etherscan.io/tx/0x00931e4e506ab481000cf800f6f0396fb79e0e303870ec1c9334e4fe915582ab
2023-03-31 17:58:59,True,0.3466,0.0001894,5278.36,1.0,0x24...87ac,https://etherscan.io/tx/0xfab12e3d17fd1c4b1ef78fe8285de75b5cf3d86e90ae77712f68a09381a48033
2023-03-31 17:56:47,False,0.3441,0.0001881,3654.72,0.6875,0xca...b9ec,https://etherscan.io/tx/0xfdc27d50f3b1960933bcd6c55988a32a66915e81f18cdec260ea06276865607e
2023-03-31 17:54:47,False,0.345,0.0001886,1175.0,0.2216,0x5b...4174,https://etherscan.io/tx/0x2408629a3b7bc1af0faa8e1fb2e95d82e3988493008ab1274db64da41bc949ce
2023-03-31 17:54:35,True,0.3471,0.0001897,1580.93,0.3,0x4f...7618,https://etherscan.io/tx/0x8a1a7abadaf4d558eb4c984dbc03fb834294b1e0fcf4bbd124dbca5c94a2b16f
2023-03-31 17:43:35,True,0.3454,0.0001889,5784.85,1.093,0xfa...b920,https://etherscan.io/tx/0x0a267a6a6a51f3c99fd0d6135f768e0773d4a6622cb290f570bb0b2888dbda62
2023-03-31 17:41:35,True,0.3419,0.000187,11652.1,2.1792,0x3f...c06b,https://etherscan.io/tx/0xeaf97878a73157fc34c4c0787703fc5743fbd5eaf3e011b1d516c60d454faf77
2023-03-31 17:38:59,True,0.3398,0.0001857,538.515,0.1,0xeb...f0bf,https://etherscan.io/tx/0x0c8a9709fa1332e645d105f17d39c77e9ef79bbb708c00fda4dafd6f3034adf2
2023-03-31 17:38:23,True,0.3365,0.0001838,16334.0,3.0036,0xd1...4001,https://etherscan.io/tx/0x15ec4ceb4ab9141b955e370ad01873054aff6d9158595cdf26c0aad254482e16
2023-03-31 17:38:11,False,0.3477,0.00019,81609.0,15.5053,0x2d...6117,https://etherscan.io/tx/0x3e08dcc671f91af63820150f2b193348302a7053017cdacd91b430cedd6af356
2023-03-31 17:31:11,False,0.3653,0.0001996,2418.37,0.4827,0xd5...2a9b,https://etherscan.io/tx/0x846a8f1e22ff783172c9992dcb75c4641112b34f7242265e4eb12d7df7fbd674
2023-03-31 17:30:47,True,0.3679,0.000201,681.445,0.137,0x62...7756,https://etherscan.io/tx/0xd9d92edffa535a6e844d4ac4a9bff22ecf2db0e40d357f13d7de92b50d0843b2
2023-03-31 17:27:35,False,0.3658,0.0001999,1410.0,0.2819,0x6a...636d,https://etherscan.io/tx/0xcdaace176a5100312c46da8d456113acc597c60e2c6a38640705f00643965903
2023-03-31 17:26:11,True,0.3679,0.0002009,2988.33,0.6004,0x95...8a52,https://etherscan.io/tx/0x9eb9621822a3086c22062c54d1ec1fda0b3d730aed8afaacb86a04d4e11b58d6
2023-03-31 17:25:35,False,0.3651,0.0001994,343.971,0.0685,0x95...d2f5,https://etherscan.io/tx/0xb53cd6d23c744807f4b2b319bce8e8d5b29ce0d06e5b61b4c45717d495e5c6a8
2023-03-31 17:23:23,False,0.3653,0.0001995,987.0,0.1969,0x23...d3e4,https://etherscan.io/tx/0x8f16594ee0bb44714a226c498585c4f0722137596664e6f0a74efc24ebea4aa5
2023-03-31 17:23:11,False,0.3656,0.0001997,470.0,0.0938,0x1c...3651,https://etherscan.io/tx/0xd102d74a20ee358cf50ac5a6fb9946d6f87c90916b5a769c45b15f6af992e19e
2023-03-31 17:13:11,False,0.3679,0.0002001,2843.01,0.569,0x5f...eada,https://etherscan.io/tx/0x8160b3a4232f55064c36b11cbe332cc4dbfd2a91976d04baeb05518d4123574b
2023-03-31 17:12:59,True,0.3705,0.0002015,1141.07,0.23,0x22...2853,https://etherscan.io/tx/0x2ce32de2dce948c905c29de809796dc71cf2162b4efa6586887d71c7fe7e78a0
2023-03-31 17:12:47,False,0.3687,0.0002005,2836.97,0.5689,0x5f...eada,https://etherscan.io/tx/0x9c0e38540cebc87e3193853a40dcc6fb21a677c3308dbffd577421cc3d6ce24a
2023-03-31 17:11:23,True,0.3704,0.0002014,5360.83,1.08,0xe1...139a,https://etherscan.io/tx/0x7c13b23b2d25a8b46567d783862713eec350494faa6c3841aad9ac05ccf01e3d
2023-03-31 17:11:11,True,0.369,0.0002006,1146.17,0.23,0x4b...09db,https://etherscan.io/tx/0xfac8b3ea0c6947d9b0870f770b788ea5f50d3f1ff222683f8b83553ef7f0d789
2023-03-31 17:06:23,True,0.368,0.0002,3898.89,0.78,0x4c...94ad,https://etherscan.io/tx/0x4398fc73f309c1bf5261f25d47a94529a504a30f06a17c28a101deee893c104d
2023-03-31 17:02:11,False,0.3657,0.000199,5144.55,1.02381,0xe4...2b91,https://etherscan.io/tx/0xc8ec31d3ec4052fc414524ef76a9fb4530e51390404a339663ed2a6584b5b260
2023-03-31 16:59:35,True,0.369,0.0002007,416.161,0.0835,0x3f...6ce6,https://etherscan.io/tx/0x5ac51267db37a691ffdd87d46bb24797573cb5aec4313c4c75c3af3503bf3ea7
2023-03-31 16:55:47,False,0.3668,0.0001995,288.016,0.0574,0xfc...ed8a,https://etherscan.io/tx/0xc1373ab61cb18641c368c1a43e5396e662310676d19f27cc77abde578a3fff94
2023-03-31 16:52:47,True,0.3692,0.0002005,2161.45,0.4334,0x47...18f7,https://etherscan.io/tx/0x30329f80e6a07f1302be91d04a1407e102d74f44f9a58f3d361fdf2fb4f1f52b
2023-03-31 16:51:59,True,0.3687,0.0002002,197.754,0.0396,0xa6...b1d2,https://etherscan.io/tx/0x0d25697419361659326886b31ea40e27015534911ec0630403464f93743ee14a
2023-03-31 16:51:35,False,0.3669,0.0001992,1974.0,0.3933,0x85...8e2e,https://etherscan.io/tx/0x46bdb3068ab56478babdbb0781f0bbe99348437a4c2803d0cd25189f63190e52
2023-03-31 16:44:23,True,0.3687,0.0002002,3995.66,0.8,0xd6...ef96,https://etherscan.io/tx/0xeb1e1ddfade14ccb7b9da60c7cdd918889027fc0a90695e447cdb61091ee6ad5
2023-03-31 16:43:23,False,0.366,0.0001987,1418.46,0.2818,0xad...4ef4,https://etherscan.io/tx/0xb4402838a1c4106eba91d640c4d98617d4191cf3c6f13ca5f7d110788f8279ab
2023-03-31 16:34:47,True,0.3663,0.0001994,4988.13,0.995,0x1d...0150,https://etherscan.io/tx/0xd6b6ca4d706aa047e48dcd655d0c622032d805bae7aceef7fc007927b1ed28a4
2023-03-31 16:31:23,True,0.3642,0.0001985,3022.48,0.6,0xef...5a95,https://etherscan.io/tx/0xd494e3535d790a8d42a7122915bb9d516d5b93820e11ecdf6845906cbc46b0fd
2023-03-31 16:28:59,False,0.3638,0.000198,9400.0,1.86199,0x82...11ce,https://etherscan.io/tx/0xd589e889eb4273a08b899ea63a90595884230401e299d3d2a21fac253587b04a
2023-03-31 16:27:23,False,0.3669,0.0001997,4700.0,0.9389,0x24...1bc9,https://etherscan.io/tx/0xdc70dd9df9ccb557b6e0a60c8a2cdac7b3fb47990b335ef845b5465798bb2b5d
2023-03-31 16:25:35,False,0.3692,0.0002008,3814.05,0.7658,0x37...9acd,https://etherscan.io/tx/0xcb745b12a309af329c3d50c709f94ab16548b673134f166eca88426d7f854ef3
2023-03-31 16:23:47,True,0.3709,0.0002012,9937.27,2.0,0xf5...b786,https://etherscan.io/tx/0xfbe90a44bf2909cdbd2418f7ed36f256c53bec20a50102335c289e05e4c33491
2023-03-31 16:13:47,True,0.3657,0.0001998,1363.27,0.2725,0xdf...525c,https://etherscan.io/tx/0xb7a030290057ef1145c4c9730d572b97fd6a39cd03bad85b67593febf81db812
2023-03-31 16:11:35,True,0.3649,0.0001993,2763.19,0.5509,0xc6...40a2,https://etherscan.io/tx/0xb3e403760144fb09b7d43459709f386fd3ce8493780769541b005a6caf3d55fe
2023-03-31 16:06:59,True,0.3638,0.000199,452.247,0.09,0x05...5191,https://etherscan.io/tx/0x7542a8d68e5c20f40db36e3a70628d2ef5d6f6ce4f43f77703cf50013518fdc7
2023-03-31 15:46:23,True,0.3639,0.0001988,1072.31,0.2132,0xe5...5842,https://etherscan.io/tx/0x1b172ada1418f035d54a0e54743f4b74340d70c8d9702c21c2bea8d57ae16fa1
2023-03-31 15:39:11,True,0.3646,0.0001985,1032.37,0.205,0xfb...71d3,https://etherscan.io/tx/0x085c1438c766fe311c0094a7e46e8420956d1ba08bb966323dbf585560f45a7d
2023-03-31 15:33:35,False,0.3643,0.0001995,18800.0,3.75087,0xeb...aa21,https://etherscan.io/tx/0x1e8171bb679407676e60e820930d59806c1d09a2f7c3d82ad68dd5605f10a310
2023-03-31 15:29:35,False,0.3677,0.0002021,2820.0,0.57,0x04...bff8,https://etherscan.io/tx/0xf0f17439b81d633352aeacd6cf02a90f38d79400018f67ce080769434cc120ea
2023-03-31 15:26:59,True,0.3702,0.0002034,1686.97,0.3432,0xe2...28c1,https://etherscan.io/tx/0x1933da6892c65546a6929740e371280dfa2ffdf7ccad77f5d08003b793660c12
2023-03-31 15:11:35,True,0.3673,0.0002031,861.321,0.175,0x8b...ac62,https://etherscan.io/tx/0x4f365b39f35198a53e8bfdf6d76466498270b8ed9395995058c4fd0f94026d4f
2023-03-31 15:08:59,False,0.3653,0.0002021,2561.5,0.5178,0xac...08fd,https://etherscan.io/tx/0x8f36f0b267d7da6f1866b53f67f91bfddb7c5fc87a495f7762cb59240cc889c1
2023-03-31 15:08:23,False,0.3668,0.0002031,5031.4,1.0219,0x10...eee0,https://etherscan.io/tx/0x705556ac0555ad45180161e209c9e3bd09e210145e006947726bfdeb3e79733f
2023-03-31 15:05:11,False,0.369,0.0002043,4700.0,0.9602,0xc2...8350,https://etherscan.io/tx/0x830ab913990a5989d395533ee59075f52b267593f1a5ce6cc1b628129d55436f
2023-03-31 14:59:59,True,0.3704,0.0002051,8062.58,1.6538,0x3f...c06b,https://etherscan.io/tx/0x54898f56aa04869434c0f92597d2bbfee53e104623cdfcdd915445adae44fe09
2023-03-31 14:51:23,True,0.3682,0.0002039,1348.41,0.275,0x1b...58dd,https://etherscan.io/tx/0xb6f3fab87671238f2bff13d0f02b1c79db10344fb279f43a5b29178cedaf7bac
2023-03-31 14:49:23,True,0.3677,0.0002037,244.668,0.0498,0x52...cceb,https://etherscan.io/tx/0x8b125540bc8c4610f2713f7dba2b2493e237834411d8392486ada8dab6113925
2023-03-31 14:45:35,False,0.3685,0.0002037,10244.5,2.08747,0x08...603e,https://etherscan.io/tx/0x13e9c87ea67cdd0e1eaa2bc260d819ccc01ee1139c771f849c4a2e21953f7a75
2023-03-31 14:45:35,True,0.3727,0.0002061,1266.25,0.261,0x08...603e,https://etherscan.io/tx/0x13e9c87ea67cdd0e1eaa2bc260d819ccc01ee1139c771f849c4a2e21953f7a75
2023-03-31 14:42:23,True,0.3691,0.0002038,16677.4,3.4,0x42...459e,https://etherscan.io/tx/0x8ed05454537cf494b2f739dc96c8bc796f5188f50f1c1c35ad1c90de80babca2
2023-03-31 14:39:11,True,0.3644,0.0002017,198.233,0.04,0x3d...fced,https://etherscan.io/tx/0x068a9c015a30927a76422dc3d42efce6e9383f9bcbc26b2cb5238ea1df2a2bbe
2023-03-31 14:38:11,True,0.3642,0.0002016,821.946,0.1657,0xed...a35e,https://etherscan.io/tx/0xad67ef0c9abae23ee180fbc5723805968778fe694225cbb387bbf44a4ee95ab7
2023-03-31 14:36:59,False,0.3629,0.0002009,4700.0,0.9443,0x24...1bc9,https://etherscan.io/tx/0x945f9f261a1cc8e3d427ff6cbff48d983c9ffb6dbb466366dd67f19ef683d54c
2023-03-31 14:35:35,False,0.364,0.0002015,470.0,0.0947,0xb4...8b66,https://etherscan.io/tx/0xaa682abf1c60fa9ed4b48746ff2984a4f41f7f97631f4ebe1dec1fb3be176a6a
2023-03-31 14:34:47,True,0.3654,0.0002022,4895.65,0.99,0x1d...0150,https://etherscan.io/tx/0x82baf224850a1d65f97829f917b70c4affff99feadf0877f90128071f0581ca2
2023-03-31 14:34:35,True,0.3633,0.0002015,992.563,0.2,0xbe...2d22,https://etherscan.io/tx/0xb52918fd6998f04e15d8e3af498b848ced725df7b51816f9c24deecbbdc6fd96
2023-03-31 14:33:35,True,0.3625,0.0002009,3682.91,0.74,0x91...0971,https://etherscan.io/tx/0x49ea11c47b3ff690bc5ab9a668edd336c8fcb436cd24e537f30a6c899c3ca86d
2023-03-31 14:32:11,True,0.3589,0.000199,12058.7,2.4,0x15...878d,https://etherscan.io/tx/0x0295067e202df50c130bd913d0dcb122db3d7508ccb6049be4a645f1a9b8281d
2023-03-31 14:31:47,True,0.3566,0.0001973,1677.57,0.3311,0x16...3f81,https://etherscan.io/tx/0x078f51d266620a10140c7b124895d74e7fffea0b3927641003617091b4471017
2023-03-31 14:31:47,True,0.3559,0.000197,1400.56,0.2759,0xba...45ae,https://etherscan.io/tx/0xca7e7ad5af416c6a962458f437ec0045730a8611633d69309b950678b861c072
2023-03-31 14:27:47,True,0.3525,0.0001965,2543.8,0.5,0x4e...46dc,https://etherscan.io/tx/0xadfa89c84359f429728d9434db4cdc8c9cf2b0db8d7c559809d9644ceb4be51e
2023-03-31 14:26:23,True,0.3509,0.0001956,4809.83,0.9412,0x4e...46dc,https://etherscan.io/tx/0x9c2a29a6a04a847af249f16143032e6eb3d538297befd67584b9596341a008fa
2023-03-31 14:17:11,True,0.3498,0.0001951,304.465,0.0594,0x68...4e90,https://etherscan.io/tx/0x9549a8e9f76311d0d03d48aa2928461bb7db55d47a3eb664075d0b1bfc23d0db
2023-03-31 14:16:59,True,0.3497,0.000195,152.859,0.0298,0xc4...8f99,https://etherscan.io/tx/0x7a59da3240b3c7db69c2410ee38dd2c79a9693f8f50b401ce47533e569aefb1a
2023-03-31 14:13:23,False,0.3489,0.0001946,6580.0,1.2806,0xd0...9915,https://etherscan.io/tx/0x7dcf32427a536ac51a3f04b59ff025d8924d0284fc3c17f3391201c59cfab3cf
2023-03-31 14:09:23,True,0.3524,0.0001965,424.254,0.0833,0x2e...db2e,https://etherscan.io/tx/0x66b9c176b1bb4d8cbab5a18d2e4baa0c991ded2ac43a724fc8ae1736acb27942
2023-03-31 13:51:47,False,0.3505,0.0001953,470.0,0.0918,0x1c...3651,https://etherscan.io/tx/0xead6da02670e2641ea8208d50475deee9ebc1833cdc7e0d59c43ba17665b7211
2023-03-31 13:39:47,True,0.3518,0.0001962,2547.48,0.5,0x9b...c0f8,https://etherscan.io/tx/0x63dec402712f21d02af862c9cd7543b8a60868e84c7f5345b1b3747b65c3aee5
2023-03-31 13:35:47,True,0.3508,0.0001958,764.504,0.1497,0x3b...8659,https://etherscan.io/tx/0x8d44290b4932da2bc5633c16f932623ad4e3b1ae4a5ee70854bfba6c248ccf71
2023-03-31 13:35:35,True,0.3505,0.0001957,516.008,0.101,0xe9...d956,https://etherscan.io/tx/0x50e18348691e8191e48324a93413a7de36af50fe81b6d8fcea7f490b7c90e81c
2023-03-31 13:31:23,False,0.3487,0.0001947,2350.0,0.4577,0xcf...3224,https://etherscan.io/tx/0xafa5c6922c8245927e544b7d0a24592f4950c8cfe63e802fd2c9e40c323902de
2023-03-31 13:30:23,False,0.3495,0.0001952,1269.0,0.2477,0xc5...1f52,https://etherscan.io/tx/0x424aab4f80473ca3cb64b697d25a9d10766c56117ad9a89a600d9a8452a11daf
2023-03-31 13:29:47,True,0.3518,0.0001964,261.798,0.0514,0x3b...8659,https://etherscan.io/tx/0xc9ef78387f3d933f037bf1f79bafe066948e669b5eb4bf871e758d5df80bb396
2023-03-31 13:29:11,True,0.3509,0.000196,3816.95,0.7481,0x99...763a,https://etherscan.io/tx/0x092ff17f87ae93a2c724d05b50b843e3b8c08d95feebf447b70f994ef4306786
2023-03-31 13:18:59,False,0.3493,0.0001946,1880.0,0.3658,0xd0...9915,https://etherscan.io/tx/0x38c2eb917a78682654575d3773df4341220be92aed43c4510c6d43451b774131
2023-03-31 13:18:59,False,0.3498,0.0001948,470.0,0.0915,0x1c...3651,https://etherscan.io/tx/0x3e234a1429040b44e841b19ca92ebd799efe9a9fa4d36bdfd5d41b0647b14c50
2023-03-31 13:17:59,False,0.3499,0.000195,581.067,0.1133,0xe5...6788,https://etherscan.io/tx/0x636606ac11730938103855c38517fd596c876d081d67af76d8ebf701ea76c30c
2023-03-31 13:12:47,True,0.351,0.0001958,3574.56,0.7,0x90...37b5,https://etherscan.io/tx/0xdcaff0b856384f3a71bec97dcbdbafd33fe81790369b5d8fb0219d2b38cbef6f
2023-03-31 13:08:59,False,0.3492,0.0001947,4728.63,0.921,0x2e...ebed,https://etherscan.io/tx/0xa1363dd1938dd6052dbc87c84d0bbacffc759ab9f7525514f39c266c64d690b7
2023-03-31 13:06:47,True,0.352,0.0001963,1492.06,0.2929,0xfa...1bd4,https://etherscan.io/tx/0xd6676afd20d2ebe20aeaf5af62fb5e576bf59828b01c454e46f6ffba35590830
2023-03-31 12:57:59,False,0.3501,0.0001952,2350.0,0.4588,0x5c...1941,https://etherscan.io/tx/0x6014876f08489425c9adbc57638aa87e96d8a2e8fa103542009f49d63c1f0263
2023-03-31 12:51:47,True,0.3528,0.0001966,231.17,0.0454,0xd5...a4bd,https://etherscan.io/tx/0x1c1f085afec6588b8251ad5187b3d8f61f450493d00b64fe472c4f391b9c2612
2023-03-31 12:40:59,True,0.3524,0.000196,4904.36,0.9616,0xb9...8fed,https://etherscan.io/tx/0x2814b1911e4ef90da57960798c572fe368a980c055b2006beadb5faba2e0759c
2023-03-31 12:36:35,True,0.3505,0.0001949,4689.57,0.9143,0x30...52d4,https://etherscan.io/tx/0x28f4bb1d68ec9872ea080714e771d19270a0dd34f51079ef63b28d03f635186c
2023-03-31 12:35:59,False,0.3477,0.0001934,1269.0,0.2454,0x18...fa40,https://etherscan.io/tx/0x4cd3bd75cd7a6741d6b12f3c186d19f23cb6fcf9a15b5de6f9fb21faa55513e1
2023-03-31 12:31:23,True,0.3494,0.0001946,513.734,0.1,0x29...af5d,https://etherscan.io/tx/0xb8e3878120c5cc28f62b00cb3dc463fab369f9cb1bf8f20f2b7049f336fed1d0
2023-03-31 12:29:35,True,0.3491,0.0001945,771.191,0.15,0xee...5be6,https://etherscan.io/tx/0x09aa40b7f9c090c4cc7175bb079629d6a940f92307ad70e42a302540b2182dd0
2023-03-31 12:21:47,True,0.3484,0.0001944,25.6608,0.0049,0x8c...9ac6,https://etherscan.io/tx/0x8f655069b95631579bcbf94eccdb4760a3c9f34a64152fd28b9882f42be3c4ff
2023-03-31 12:20:23,True,0.3482,0.0001943,781.936,0.1519,0x8c...9ac6,https://etherscan.io/tx/0xc545c468321bf7d6b72e59c02de80a9f1d9641b885e1363050d6b8550b265ee4
2023-03-31 12:16:23,True,0.3424,0.0001912,26144.6,5.0,0xc5...27ae,https://etherscan.io/tx/0xfd690aa2398f213ce005763e7ed1f0fee7cf75ce72e3a65a613937ea78bd6632
2023-03-31 12:16:23,True,0.3348,0.000187,11931.7,2.23128,0x67...c408,https://etherscan.io/tx/0xd1a92a6c7af56ca45506b7085a83dacc878dafa16afaae5740f2d3e304ecab19
2023-03-31 12:08:11,True,0.3316,0.0001853,3593.17,0.6658,0x79...d355,https://etherscan.io/tx/0xd194f7938b0f06abb3523f53729c5f8b664001b028f4b141a4850b8982b3e188
2023-03-31 12:06:11,False,0.3313,0.0001851,12182.2,2.25531,0x84...24cf,https://etherscan.io/tx/0xc9c5dc3976ac960d8ccafe97a7c4ca2d83c58eb6f5d692f020ebf304fcc28fab
2023-03-31 12:02:23,True,0.3353,0.0001874,1360.57,0.255,0x1a...c131,https://etherscan.io/tx/0x602d33fd0bbfc372b0e5d50cea8bd7828b14c845ed353f5f8b8b4390f27df595
2023-03-31 11:54:59,True,0.3349,0.0001872,299.082,0.056,0xef...2c32,https://etherscan.io/tx/0x0e15f08d1b5608e9cb7cf81314a2f6584c15e39c7fc81d9ea8444e82bb100076
2023-03-31 11:54:11,True,0.3343,0.0001868,3648.91,0.6816,0x05...e272,https://etherscan.io/tx/0xccbbff09b770ad4a5e1f9cbd2068ad49102ac3ca61eb75af9fb12e0fb925cc5d
2023-03-31 11:53:59,False,0.3325,0.0001858,4700.0,0.8732,0x87...ead0,https://etherscan.io/tx/0x8af2c5653a2704552aaa687d9cac8f0c544b30dfd06102eb7fca3f7cfc502093
2023-03-31 11:52:11,True,0.3354,0.0001874,96.0392,0.018,0x4a...deb7,https://etherscan.io/tx/0xfbd16f3b0b6b8821a1ef13b14aaf7638cd61e757b89ff2e78bf9c58f04a88240
2023-03-31 11:48:35,True,0.3343,0.0001868,5352.55,1.0,0x10...eee0,https://etherscan.io/tx/0x2956e1bf71eda0ced408e72c475178283b765a184611b6c6a8fcbbfc8739348d
2023-03-31 11:45:47,True,0.3331,0.0001862,373.481,0.0695,0xdb...87d9,https://etherscan.io/tx/0x07b501b0312a683d2db22e64113c01351bf4655ffff6b5d3ae22f0b96801ccc4
2023-03-31 11:45:11,True,0.3329,0.0001861,537.799,0.1,0x98...b337,https://etherscan.io/tx/0xce65e3c2bac833900fb5e7ae8b754fd58ae34d46667ba031bae9a95aa21a7938
2023-03-31 11:42:47,False,0.3316,0.0001854,4700.0,0.8715,0xaf...4f52,https://etherscan.io/tx/0x2aae49051c1ad5f21749ea952d03d75ac121b17536000276392666c1b741d0c0
2023-03-31 11:41:47,True,0.3344,0.000187,625.979,0.117,0x60...57c6,https://etherscan.io/tx/0xb820fdbf592924b00a5dfa6cdd0e682f26d9b700819aafeded55e2052154d604
2023-03-31 11:40:11,False,0.3332,0.0001861,3008.0,0.5599,0x20...a1aa,https://etherscan.io/tx/0x4758d8d5e185fd2706904cadf3754e1b6129e8d0d22f5449d254db429f9694f6
2023-03-31 11:35:11,False,0.3344,0.0001866,1691.41,0.3157,0x98...1122,https://etherscan.io/tx/0x5a2d52bd2968806b49c169335aaee27bbd27cbbe9e3f524e1fa74a3859bf6e64
2023-03-31 11:33:11,True,0.3362,0.0001876,3037.99,0.57,0xdc...b027,https://etherscan.io/tx/0x9058669e897b08258f0c7a5a9315c721ad9c577a880b813168783ecd9d16adce
2023-03-31 11:26:11,True,0.3336,0.0001862,9478.13,1.76536,0x79...d355,https://etherscan.io/tx/0x49b1f65a04e5b8a91dc0ab891cc0270e89bb9c8bcabcdcf4897f98295a62544f
2023-03-31 11:24:11,False,0.3343,0.0001866,23500.0,4.38674,0x96...317e,https://etherscan.io/tx/0xd1e05a342e80dff93916feb3d3d9b845376de304c0551a49fdc77c0d8eebc185
2023-03-31 11:24:11,True,0.3404,0.00019,2999.21,0.57,0x7b...f61c,https://etherscan.io/tx/0x93e618ff1253e22b53541ae2be3af7e4dcc495f42cfc7e55f57f3daf0bcdacd3
2023-03-31 11:22:59,False,0.3385,0.0001889,2923.4,0.5522,0xe1...f7f3,https://etherscan.io/tx/0xe454c40b97a8067892621835259e2bb6117f0919fd044ebd8dc955528aa61d22
2023-03-31 11:19:35,True,0.3411,0.0001902,1023.0,0.1946,0xed...a35e,https://etherscan.io/tx/0x21936216da60c1eb920348d4bb9aabc052ac43561f095db914a96e3787051791
2023-03-31 11:18:23,True,0.3398,0.0001895,5275.71,1.0,0x94...fd9c,https://etherscan.io/tx/0x0c4dfb438a481a7f8c5ee52a56aa3133fe0b3f0aae4eea64102d8cbb8c236e8c
2023-03-31 11:13:47,False,0.3369,0.0001882,3424.68,0.6445,0x12...1e02,https://etherscan.io/tx/0x46c476507ec7f5ac41bd998c63c82968b027366ecad3b3d70f77144ec4216ce1
2023-03-31 11:12:59,True,0.3395,0.0001896,527.252,0.1,0xde...ece0,https://etherscan.io/tx/0x875c2ee94a4fb2d361cf1e07cdf7567afac1208e8dcf06fd54af290cdea6bf90
2023-03-31 11:12:59,False,0.3378,0.0001887,2350.0,0.4435,0xcf...3224,https://etherscan.io/tx/0xf1b329a8c803512880bd588554af0a90b629addf6e967396cd0ab0705d8237ee
2023-03-31 11:12:35,True,0.3397,0.0001897,3218.11,0.6106,0x49...b3d4,https://etherscan.io/tx/0x629450e9142758cdf2a33facc1347fbbede1c387db31b90fcd520ac3e0ce7a01
2023-03-31 11:11:35,True,0.3372,0.0001884,8875.94,1.67243,0x79...d355,https://etherscan.io/tx/0x564b96beca9775bcd8f89348a7a5a5a284d83f43d22feffae53560e2f4ece86f
2023-03-31 11:08:23,True,0.3353,0.0001873,533.655,0.1,0x80...4bef,https://etherscan.io/tx/0x8aa6eada0e15d9f6c6b1f66161aec706d638c1ae42e462b8ab5dad39fa2ad6e1
2023-03-31 11:07:23,False,0.335,0.0001871,8513.92,1.59327,0xa7...d7b4,https://etherscan.io/tx/0xec7e2f8345f4b32f3503a0c7e4e8600bd9e547dcf15ed1220c7fe6bf216cff11
2023-03-31 11:06:47,True,0.3386,0.0001891,740.267,0.14,0xac...f7c7,https://etherscan.io/tx/0x89f08adca4a02c71e811b5a7d6829eca5881924ec722dd435d85b5150ce38edb
2023-03-31 11:05:59,False,0.3411,0.0001905,23500.0,4.47757,0x96...317e,https://etherscan.io/tx/0x9a0a63caf477bae2ead5527f212ac5d1cdbabe02c775fa078f57b37a0460f4f0
2023-03-31 10:57:59,False,0.3463,0.0001933,1410.0,0.2726,0x74...cd61,https://etherscan.io/tx/0x2d25594a012cf71ac013b22999d6dfa5cd3f66d1625e609c8fe471144bf3cb01
2023-03-31 10:56:59,False,0.3495,0.0001951,14100.0,2.75169,0x96...317e,https://etherscan.io/tx/0x5d8478e8bb6296cde1207ca18d86da0ba711576a1d228a218258d7a428f31624
2023-03-31 10:45:23,True,0.3539,0.0001978,1442.26,0.2853,0x60...57c6,https://etherscan.io/tx/0x22dd7df260ef77f9c0cfebb8aee17294de7ab5b760ba12becdde824b702ab506
2023-03-31 10:20:35,False,0.3537,0.0001972,6805.09,1.34243,0xda...cb6a,https://etherscan.io/tx/0x892a2033e21ae20813181f30288546478c8b4acd893a0cca6059ef0ec7609a60
2023-03-31 10:15:59,False,0.3559,0.0001983,1880.37,0.3728,0x2e...492b,https://etherscan.io/tx/0x82e2273f53743c065984d3a22c5411e2a515a2f1c2791f84acc8c2cd7976f4e5
2023-03-31 10:02:11,True,0.3584,0.0001997,150.224,0.03,0x50...46fa,https://etherscan.io/tx/0x6a0b97fa4baf12af25811bbc7b7b78688e0ebdd29fc393d8c03e71c041fab7b2
2023-03-31 10:00:35,True,0.3582,0.0001996,701.405,0.14,0x97...9956,https://etherscan.io/tx/0x04edd91927f32e03983f7e07a66d48f25bee43a5115c3f5f09ea76e2f3eeccfe
2023-03-31 09:51:23,True,0.3568,0.0001995,150.378,0.03,0x50...46fa,https://etherscan.io/tx/0xfde3fdb409ef83b3bfc29b410cc705cd47e0b23923b902ccfdfbccd685a79a02
2023-03-31 09:40:47,False,0.3537,0.0001983,470.0,0.0932,0x1c...3651,https://etherscan.io/tx/0x32dba4528aacd6da32f4cc4ad2786727af65ad1049435cb2e43c375abdd8c8f3
2023-03-31 09:39:59,False,0.3543,0.0001984,159.565,0.0316,0x69...9eb4,https://etherscan.io/tx/0x5adf911b9e59ee821305d1f36ba51d012b982785d520a5815d97d578a583270d
2023-03-31 09:38:59,False,0.3544,0.0001985,658.0,0.1306,0x3c...df4a,https://etherscan.io/tx/0x5cd024d3c8a52a0e4c8d31b721f49eb006dc9a26d25ae60b709b81585b56ffdc
2023-03-31 09:37:23,True,0.3566,0.0001995,2010.98,0.4012,0xfa...bfc4,https://etherscan.io/tx/0x409d4648ddb9fbd59ea5fbd4bde98f0e782b9a831777f99adf9887b1969c3b75
2023-03-31 09:27:11,False,0.354,0.0001982,1422.31,0.282,0xd6...ef96,https://etherscan.io/tx/0x11ad86836493136a7f9b7429db167db7ca96f67ceb35cf2e907c83fa04186f26
2023-03-31 09:26:59,False,0.3553,0.000199,4700.0,0.9353,0xaf...4f52,https://etherscan.io/tx/0x57373ba9b3152b27b5f9cd58ed8fef036ef963c740a69253a560708a4c585408
2023-03-31 09:25:23,False,0.3563,0.0001996,940.0,0.1877,0x13...d732,https://etherscan.io/tx/0x07267669071ff645927dd87f53cf0da5a22b4c944896bd7357ab68a286b68211
2023-03-31 09:00:11,False,0.3594,0.0002,1880.0,0.376,0x19...32c6,https://etherscan.io/tx/0xb8a401aa755d7fb1dd70b26f413633767c887a90a1a10c362a9548f63170964a
2023-03-31 08:51:59,True,0.3623,0.0002014,148.922,0.03,0x09...7e7b,https://etherscan.io/tx/0xac7d53ef672b49b3727c05fe4fe03fb8b878b158a805025ea7aaf1038c2a4419
2023-03-31 08:42:11,False,0.3612,0.0002009,5640.0,1.13313,0x2e...ef86,https://etherscan.io/tx/0x942ea1b5eb96f73efb1cf15a7061444acd2ac3ca95b92e42080f73464cced0c4
2023-03-31 08:35:23,False,0.3629,0.0002019,2820.0,0.5694,0x9e...e4f7,https://etherscan.io/tx/0x1f9315dd57346e63ebd663889dfebd7a481f739cdfb774a4f4a9cd22d4857224
2023-03-31 08:35:23,False,0.3658,0.0002035,10143.5,2.06468,0x9e...e4f7,https://etherscan.io/tx/0x1f9315dd57346e63ebd663889dfebd7a481f739cdfb774a4f4a9cd22d4857224
2023-03-31 08:32:35,True,0.3701,0.0002059,806.892,0.1661,0xed...a35e,https://etherscan.io/tx/0x5cec7147792dc6515b02f0dd8e575caf07a03d648c1bb9bd4c44d67b015c9714
2023-03-31 08:29:11,False,0.3683,0.0002049,2632.0,0.5393,0xe0...9759,https://etherscan.io/tx/0x4628ac67ff06eef6e335f0fe6727b9a1e6d79184a155319a9d8d1de6ef0ad21c
2023-03-31 08:28:47,False,0.369,0.0002053,470.0,0.0965,0x1c...3651,https://etherscan.io/tx/0x2533805fbd58472dedbed13af682eee602f8f60e1b2480f6ba66493802bc1975
2023-03-31 08:25:11,False,0.37,0.0002059,4093.09,0.8427,0xbf...2a77,https://etherscan.io/tx/0x58be3b944faa2ba9521e642f12a728279ac66b53634a7ac349ea03be0f5347e8
2023-03-31 08:18:23,False,0.3709,0.0002064,371.303,0.0766,0x97...fde5,https://etherscan.io/tx/0x0c389ad3df48c648b1012aef85a2ae98e20d34abb23165d381593342eb4512bb
2023-03-31 08:10:35,True,0.3731,0.0002077,279.812,0.0581,0x3c...a61b,https://etherscan.io/tx/0xfd5e4af160d2d9a44922c7d4f7d1579510a460147634e8a85c55bd95d88f7af5
2023-03-31 08:06:23,True,0.373,0.0002076,306.4,0.0636,0xfc...ed8a,https://etherscan.io/tx/0x6d44ce5cf883c472f8ca7dddc476977e2ad56aa45139863872d12898e74a254a
2023-03-31 08:03:35,False,0.3767,0.0002097,25920.8,5.43579,0xba...0383,https://etherscan.io/tx/0x75a7d1427976a282c05ea9f60805ebef49bca82fb0d49d449906a99ec703d26e
2023-03-31 08:02:11,False,0.3832,0.0002133,1982.73,0.423,0xac...d10f,https://etherscan.io/tx/0xde5cacfc9237cf7640af643db1abad18b9ef25be9535936d267534a8316075f8
2023-03-31 07:58:11,True,0.3804,0.0002117,23539.1,4.98515,0xb9...77a2,https://etherscan.io/tx/0x4f190e3b859c7aa6f51476688e878cda140df6902b5ce06b847b8f6e7bf6d8c1
2023-03-31 07:50:11,False,0.3739,0.0002075,470.539,0.0976,0x56...a3c2,https://etherscan.io/tx/0x736da1b00cc12c6202fa6a973a81e447240cc1b4f1b7d49cd89e5626621b1db6
2023-03-31 07:42:11,True,0.3765,0.0002087,429.887,0.0897,0x0c...c436,https://etherscan.io/tx/0x7693fc68d675f3241af414b722adce290c8f771a5efdbd4fc85fc17ed7497682
2023-03-31 07:25:59,True,0.3752,0.0002081,4323.6,0.9,0xf1...a810,https://etherscan.io/tx/0x94aa5933d7ae166902904e6923eab4f8c089efc182a69f583ff95a9da8f8fb76
2023-03-31 06:53:11,False,0.3724,0.0002064,282.0,0.0582,0x6e...7e5b,https://etherscan.io/tx/0xbf8a0481265cd8ef35ee35e7d184c7711b99450133e4456fbbedff21894135b7
2023-03-31 06:43:23,False,0.3739,0.0002072,6580.0,1.36386,0xe9...eb89,https://etherscan.io/tx/0x2213b4c207f7cc168dc100895e2f37bf9fcdc9c56d0722f63f0b5403fc7123ec
2023-03-31 06:39:59,False,0.3753,0.0002081,470.0,0.0978,0xca...89a0,https://etherscan.io/tx/0x5db81b016356b8edaf89dce7011b75a660085ae6a98b13f4d4cc417959f46a0e
2023-03-31 06:20:47,False,0.3762,0.0002088,5000.85,1.04457,0xe4...2b91,https://etherscan.io/tx/0xf84845fd118e1fc7da3615b438a17e6faa7416c036dd2be718da75e803b37672
2023-03-31 06:04:47,True,0.3799,0.0002107,500.0,0.1053,0xef...a819,https://etherscan.io/tx/0xda083bbf439cc67f6395fe35da1c808f90f08b1cd14e93ee4215e472e3dd1368
2023-03-31 06:01:47,False,0.3778,0.0002094,470.0,0.0984,0x58...6b07,https://etherscan.io/tx/0x72e5f608075296acad31cdc38ff1f3d87b335b6904dd70bee6de3ef135f6acfd
2023-03-31 05:51:35,False,0.3781,0.0002095,94.0,0.0197,0x90...8715,https://etherscan.io/tx/0xc03a1fb5762d867d25588a8715304c6d5130030a98f59492cf9f692ec2191ccc
2023-03-31 05:51:35,False,0.3784,0.0002096,1100.49,0.2307,0x25...a645,https://etherscan.io/tx/0x65fb897d035870f563fcd1f738bf5f96d414223274742fc7bce93851e1900591
2023-03-31 05:49:23,True,0.3807,0.000211,657.329,0.1387,0x23...3f15,https://etherscan.io/tx/0x3a71a1f64556bf6ad091f77b116bd8b937680f4c42468d85ad07988c19bac2a0
2023-03-31 05:46:35,False,0.3788,0.0002097,952.492,0.1998,0x4e...08eb,https://etherscan.io/tx/0x6ded1d15270146987128a30021bf39728e20b7244ce19a8055eed5002d16b269
2023-03-31 05:41:23,False,0.3791,0.0002099,352.937,0.0741,0x08...fd68,https://etherscan.io/tx/0x24cbb7910eb7db188124a23f1250ce9f3eead4c99c20a8a13d343e606b9b66a4
2023-03-31 05:37:35,True,0.3809,0.0002109,2617.96,0.5521,0x2c...6d1e,https://etherscan.io/tx/0xc50c6d4e355b2385bdddb803d8e490fc1a9c3be5b8adfbda4e4fd7494ed7cfee
2023-03-31 05:28:35,False,0.3783,0.0002096,2593.83,0.5438,0x3a...71e4,https://etherscan.io/tx/0xf459eb1e1a39faeb5ef70ab0351b68799e504ab5294565bd047024137d8a72fe
2023-03-31 05:19:35,False,0.3792,0.0002102,2256.0,0.4743,0xd6...ac6a,https://etherscan.io/tx/0x2179b4bd251193165187fd7f14cfd0331c7cae68e33951a3daaea710d5004549
2023-03-31 05:15:23,True,0.3816,0.0002116,1304.71,0.2761,0xc3...c50a,https://etherscan.io/tx/0xf513094a61ce53fd44438bcc5067469b6f8d86b1fc71c7e18654edf6696e3cdc
2023-03-31 05:06:23,True,0.3809,0.0002113,1306.86,0.2761,0x58...82e1,https://etherscan.io/tx/0xd9a908d1fba42f7a855c7d0d09e30d352f7d595615c7be4fdde3e807e10bc4d6
2023-03-31 05:02:35,True,0.3803,0.0002109,1297.17,0.2736,0xfc...8c07,https://etherscan.io/tx/0x1f95c12265d6c6f96516504d7e2684dc374d0a3f9eaf77c864bf178f73bddc50
2023-03-31 04:59:23,False,0.3782,0.0002098,2071.27,0.4346,0x21...3447,https://etherscan.io/tx/0x9928c0739bad520116fb3646f1ce2cb781206bdec0d4284b29977e92d732de80
2023-03-31 04:59:11,False,0.3787,0.0002101,158.86,0.0333,0x16...6e32,https://etherscan.io/tx/0x27a7564dda9b6d09a1cfe051287b2af3f394c3f56338fe05c2be66e4ac7273a4
2023-03-31 04:59:11,True,0.3804,0.000211,2626.8,0.5544,0xfc...8c07,https://etherscan.io/tx/0x97b02318d36d8acf6e683ea2b41b8f9d27b966d8765d2b933155834465621bb7
2023-03-31 04:51:47,False,0.3782,0.0002096,1649.5,0.3458,0x6c...8f4c,https://etherscan.io/tx/0x3044fe52091065a6b7baea10af8ff860744bf17fbf13493d3c46bc77f1cf7dda
2023-03-31 04:48:23,True,0.3806,0.000211,947.785,0.2,0xba...9d1c,https://etherscan.io/tx/0xfb8ee178c433003aae3b55c06e254c057f7b6da0960cdbf4262741d66c35563f
2023-03-31 04:45:35,False,0.3784,0.0002098,1880.0,0.3945,0x1a...8ad0,https://etherscan.io/tx/0xb95598fbbf399063ab3750c490a28783af86164dd497f3b87b9c3495c28b0971
2023-03-31 04:44:35,True,0.3812,0.0002113,473.207,0.1,0xde...ece0,https://etherscan.io/tx/0x0ee7a66b5603a234ca93b5105efc68b026e004a2bf1ca80de153faa6a88016f3
2023-03-31 04:42:23,False,0.3789,0.00021,188.0,0.0394,0x4b...09db,https://etherscan.io/tx/0x4fb5847fa0955ef5a0b8a0778f5037337fe6767eb60c0c3eae65189c57f619ac
2023-03-31 04:36:23,True,0.3808,0.0002113,75.7213,0.016,0xd1...a52d,https://etherscan.io/tx/0x460f8f29f286edd20c313d59231755b58e0d08031b97ea03f1d92d0bef6d2dc3
2023-03-31 04:10:11,False,0.3793,0.0002104,3139.13,0.6605,0x5a...d476,https://etherscan.io/tx/0x63b977777ae4403a01c37eb1f816d8daaba1c245ac0e4c63aa53e503dc56efee
2023-03-31 03:42:47,True,0.3826,0.0002119,943.437,0.2,0x9b...c0f8,https://etherscan.io/tx/0xf50622a3f1b64505e58d6c5edc5f635f7993426b90735ff93b83ef36946e9738
2023-03-31 03:33:47,False,0.3808,0.0002107,1410.0,0.2972,0x63...c596,https://etherscan.io/tx/0x5879e39ddfbb1fdae6306d4174b5d9448aefc3a2b67bab9961d1dbfa5872038f
2023-03-31 03:30:47,False,0.3823,0.000211,748.379,0.1579,0x0d...2105,https://etherscan.io/tx/0xe1aa719b85e15b49b2d865eadd2d1e2b68c5851e5e4010a873471d665596153f
2023-03-31 03:25:59,True,0.3844,0.0002122,1413.44,0.3,0xa7...0269,https://etherscan.io/tx/0x0e011bb60f50e571711f380bb14d091ef049d780007423fbb57985540f50fbd8
2023-03-31 03:23:11,False,0.3827,0.0002112,3296.63,0.6963,0xb1...c108,https://etherscan.io/tx/0xbf5921a529c77413b6de4b1cd4491e4a4c33ce80a263795c2d1782e5a6c1d9c5
2023-03-31 03:13:23,False,0.385,0.0002122,4700.0,0.9977,0x8f...ed90,https://etherscan.io/tx/0x374bd81d156dab0a0a636bc36eef3f67edce3d432d0bdd1d6b2e4a37f821bf31
2023-03-31 03:07:35,False,0.3863,0.0002129,529.22,0.1127,0xb3...2d16,https://etherscan.io/tx/0x333cc89999f2ddf394d6170511e478a1a05efe130d58366ac1dfd421f5dad51c
2023-03-31 03:06:11,True,0.3877,0.0002138,3507.06,0.75,0xb1...c108,https://etherscan.io/tx/0x386a4eab330e9e19eb9395bd977efa67de6a033085fd56a9af43f5dc3b29757d
2023-03-31 02:57:59,False,0.3838,0.0002123,1880.0,0.3992,0x1a...8ad0,https://etherscan.io/tx/0xb251e1d62e69916fdb1eaef6a1abf03fb1ff232aa3db4a316f5f3b336c539f78
2023-03-31 02:57:47,False,0.3844,0.0002126,652.328,0.1387,0x6a...636d,https://etherscan.io/tx/0x460c02c71c0af22732bc440dd11c16c0c3c1a08b3873e369afcfe4f4bbbfef31
2023-03-31 02:55:47,False,0.3845,0.0002128,212.91,0.0453,0x33...8bcf,https://etherscan.io/tx/0x169dc5c677957461430549952dd280776946ec01c39b958785bfa2921158ac14
2023-03-31 02:49:11,True,0.3853,0.0002139,934.611,0.2,0xfb...6eaa,https://etherscan.io/tx/0x8e7952f51fcd4ae41c1f0c16d5a8f756b3f1b860407fcb2bd9c08466ab8e98e1
2023-03-31 02:37:47,False,0.3839,0.0002132,4700.0,1.0021,0x87...ead0,https://etherscan.io/tx/0x6f8e4be9a88c588a8acd54d26a02d4bd0520354f60b4bc68484b5a84de9e6148
2023-03-31 02:37:47,True,0.387,0.0002149,1370.14,0.2945,0x1b...c680,https://etherscan.io/tx/0xa4f70b57af0b547c37b73d20cbcc9406a7682e053f683e4e87866b3cd5f19f32
2023-03-31 02:37:47,False,0.3854,0.000214,4309.32,0.9224,0x9d...bfd0,https://etherscan.io/tx/0xbab361e8b450dc141b3869bb16a273241bb53efdacbaf378ecab63dbabaeea28
2023-03-31 02:37:35,True,0.3888,0.0002158,220.0,0.0475,0xbd...8d1e,https://etherscan.io/tx/0x1a73c8fc84ad71de4279fc6730d2a29a6b8dc1c899693ea2296d63a074fd770e
2023-03-31 02:28:59,True,0.383,0.0002134,18229.1,3.89029,0x3f...c06b,https://etherscan.io/tx/0x181acdbc61e4ad6fb8aae133d7458d5325eaa9e08f728e5828a1ecb1428dae1d
2023-03-31 02:28:35,False,0.3768,0.00021,2451.35,0.5149,0x21...3447,https://etherscan.io/tx/0x5a43df4ffd9f201cd7bbb1a76830d87f111b8c7a86b1c9814da5597d0946e6f6
2023-03-31 02:20:47,False,0.3787,0.0002115,8845.39,1.87111,0x63...66e7,https://etherscan.io/tx/0xcea432e9732e5b4526ee2c158238dbb6d12d0d487cd114f32b73e6e4c98717bf
2023-03-31 02:10:59,False,0.3819,0.0002127,532.131,0.1132,0x73...9f95,https://etherscan.io/tx/0xa7ca2672c373481cbe8579c93d2e4fc566a1a2eb2aff758405428f85146287bb
2023-03-31 02:05:23,True,0.3821,0.0002127,10427.0,2.21817,0x3f...c06b,https://etherscan.io/tx/0x9fcadce43f0e8ad2ae4b7e354e7cc3056c4571d794c6a20f4d7a6f53bfa75f3d
2023-03-31 02:02:59,False,0.3769,0.0002102,940.0,0.1976,0x2e...ef86,https://etherscan.io/tx/0xfd11412e31fc4bf4e90874247533d4b1b0e967ec96f6dac77b83aa03bb719b63
2023-03-31 01:59:59,True,0.3794,0.0002116,32.1052,0.0067,0x5f...ced8,https://etherscan.io/tx/0x26cfc34cb8f43ee83018c5fc02db2e310f89d8b2b23f2ce5e3c698ef8cce4f14
2023-03-31 01:54:59,True,0.3778,0.0002109,4739.97,1.0,0x1d...0150,https://etherscan.io/tx/0xdf78f677f28f08a2fd7526d62e0ecca735ef586a73b2fdc2e04a194187c4f65f
2023-03-31 01:52:35,True,0.3765,0.0002102,883.014,0.1856,0xd8...f1e6,https://etherscan.io/tx/0x779ee3fb08dc6b2ce87bfd6d5751c7f186d4c2fa7437465405da75f162332db1
2023-03-31 01:50:35,False,0.3744,0.000209,1410.0,0.2947,0xbb...f481,https://etherscan.io/tx/0x82aeb24b86a4149dc24b908037fd87b296d60bad5e7f37450546b27261e9fe85
2023-03-31 01:43:35,True,0.3763,0.0002101,2551.0,0.5361,0x7c...5dab,https://etherscan.io/tx/0x75be4938239e6ca6008e8ddb5cfcb1681f4b335bfa86e0026ff63ea69c32c492
2023-03-31 01:35:35,False,0.3747,0.0002091,4700.0,0.9831,0x82...11ce,https://etherscan.io/tx/0xd8f4bd32e35e520dba41da57d32d0168192330f5be8a59838c1901a64ca0e518
2023-03-31 01:34:11,False,0.3764,0.0002101,2790.95,0.5865,0x49...f683,https://etherscan.io/tx/0xbc0a0786cd6d19a144e2c08f53c2f3050a68c9421d1eae087a8a9979f7f09439
2023-03-31 01:31:59,True,0.379,0.0002117,283.364,0.06,0x5b...0b88,https://etherscan.io/tx/0x52f6add85c0cc60cc6018b6ce3a64ed2cebf35ac9496684794db9de53adef1cd
2023-03-31 01:29:35,False,0.3775,0.000211,4700.0,0.9919,0x82...11ce,https://etherscan.io/tx/0x19923e7b66eb72cf30f437f7f2d443fb851074c93907d9a6da14df153e0a2533
2023-03-31 01:29:35,False,0.3793,0.000212,2820.0,0.5979,0x4b...49cd,https://etherscan.io/tx/0xe297ee844f9a010008725f5ede90cd975a25a8d0ff1ebb23385caf9709aab232
2023-03-31 01:28:35,False,0.381,0.0002129,4335.9,0.9235,0x67...6f07,https://etherscan.io/tx/0x84b1975c75d8010319fcce692da32dfc36e227b5ea50aedec07c4b06f2336e0f
2023-03-31 01:25:47,True,0.383,0.000214,6073.7,1.3,0x4c...94ad,https://etherscan.io/tx/0xcc771475f5643570af421a6e504d03002f219ac1352990ca44208a415d4351b4
2023-03-31 01:22:47,False,0.3793,0.0002119,201.924,0.0428,0x74...e3f5,https://etherscan.io/tx/0x19133a2de544a86771c69e69d2221058a41aff0ba9bfe78bb61be43c79cdc072
2023-03-31 01:17:47,False,0.3799,0.0002126,4696.0,0.9984,0x1d...dddd,https://etherscan.io/tx/0xf492d9a75ab3075dbe67dc178d125c39396dadcbed2b96494e9000213c85b22d
2023-03-31 01:15:47,False,0.3808,0.0002132,64.2468,0.0137,0x68...41a4,https://etherscan.io/tx/0xfe8b24dae72c863370c86342ee27e307627e43459d34dde3fcfc3bb258af1dc0
2023-03-31 01:11:47,False,0.3818,0.0002138,4700.0,1.0053,0x82...11ce,https://etherscan.io/tx/0x35ddb32f6e54ba5b546e8757d117eade3e2df0fa02d47e50e058ec653e354081
2023-03-31 01:10:59,False,0.3841,0.0002151,4700.0,1.01124,0x82...11ce,https://etherscan.io/tx/0x044c7b158cc9785265cd450e68c8d781e4d2350870bab237810ebb023ff50011
2023-03-31 01:02:35,False,0.3853,0.0002161,2350.0,0.5078,0xd6...b5b9,https://etherscan.io/tx/0x7752e51f5b14348528773629afe088f92dc1c7a2e9cafb245998b2f9188f6806
2023-03-31 01:00:59,True,0.3876,0.0002174,2299.71,0.5,0x9b...c0f8,https://etherscan.io/tx/0xf8e85e3ff4ad1c1202ed58a8c0e6741ad9ea0a5ae62784903a1058f2c7420723
2023-03-31 00:54:23,False,0.3856,0.000216,1880.0,0.4061,0xf8...0a3c,https://etherscan.io/tx/0x73f8bd7caaf78c9992714d46476ea0b9f5d32de21598fbd4dbb97191eb788844
2023-03-31 00:44:23,True,0.39,0.0002175,213.646,0.0464,0x7a...f1c4,https://etherscan.io/tx/0xaa749bbd95a5d7089ee606aa47b8d2922261eb7c2011540dc285cbcfb7d3b205
2023-03-31 00:41:47,False,0.3876,0.0002162,188.0,0.0406,0xa2...59f5,https://etherscan.io/tx/0x48d1a5cae805fcb48729d7c393f2dcd793d666ad8a3b9ebd3c9344621d58c18e
2023-03-31 00:36:23,False,0.3878,0.0002163,64.5246,0.0139,0x66...d15f,https://etherscan.io/tx/0xfe096bc62c0ad64f9f3346573781ea52f7d345c2247e6257090960ecc9826a11
2023-03-31 00:33:23,False,0.3889,0.0002168,3760.0,0.8153,0x0e...d463,https://etherscan.io/tx/0xab533df446e82ce06bd41b0ffe6502f8f8c023dd1a1a99e4fd41bc519a2e84c1
2023-03-31 00:32:11,False,0.39,0.0002174,546.317,0.1187,0x55...ce90,https://etherscan.io/tx/0xfce36c1a3697705ca42b8e21b1d638bc9f4d603f4aea7f6dbd505c635369f26b
2023-03-31 00:29:47,True,0.3923,0.0002187,762.182,0.1666,0x43...ca99,https://etherscan.io/tx/0xa1d9cb539604eae0d929e7dd4f22952b55b22854d5fba4eb8cc44ee6b1373cc1
2023-03-31 00:18:59,False,0.39,0.0002173,601.6,0.1307,0xef...5a95,https://etherscan.io/tx/0xb6866aaa6fd186b4bbbc2817caf6ead3fb68bbc843eb20769286c5cff4e93c81
2023-03-31 00:10:35,True,0.3922,0.0002187,45.7119,0.01,0x23...70e4,https://etherscan.io/tx/0x3c2bc8351884c1c2a9ab3c018f4aaf5938b8b9da023e6ae1a3432336c96f9f29
2023-03-30 23:55:59,True,0.3913,0.0002185,1342.77,0.2934,0x9c...7eda,https://etherscan.io/tx/0xb84c034437a0d8b27112f548dac2bdefa7b98615016acf3165ea3811cca30bdb
2023-03-30 23:50:35,False,0.3891,0.0002174,2526.25,0.5492,0xb7...9c63,https://etherscan.io/tx/0xbb4518881f66708e29a6d94b0711e058d2cc47410222d3ba1b78ba43207c77dc
2023-03-30 23:44:35,False,0.3905,0.0002179,940.0,0.2048,0x43...fc04,https://etherscan.io/tx/0x959a1f23213ff986543d0aef7b075fd69caac0e3c9039e34b79c7b60c76ba88d
2023-03-30 23:43:47,True,0.3923,0.0002189,3014.77,0.66,0x1a...8ad0,https://etherscan.io/tx/0x608a4c57d9f47a6f33d9ada9ceeca000675533db8a844ecf151c48d2098812d6
2023-03-30 23:43:23,False,0.3893,0.0002172,376.0,0.0816,0x4b...09db,https://etherscan.io/tx/0xcacc1aab8e908a8078e4fc62986de3ee57a1745c1913a21ffef358dde052fdd0
2023-03-30 23:39:23,True,0.3914,0.0002184,1465.16,0.32,0xf1...a810,https://etherscan.io/tx/0xcb55ce236f32579e39ffc36fa1ede46dc13c86623d7481c38d09f6187c4e8c2e
2023-03-30 23:38:59,True,0.3907,0.000218,1467.88,0.32,0xf1...a810,https://etherscan.io/tx/0x28ea14313e5ac3525320dd5015e6b59f7704ab8516dbcbc1332bed7f601489cd
2023-03-30 23:37:59,True,0.39,0.0002176,1286.63,0.28,0x56...6ff2,https://etherscan.io/tx/0x7c7f12f6da78d876103cec030d2611f0040a05afdf8d0a97321e94cd9991f7d8
2023-03-30 23:35:59,False,0.3876,0.0002162,940.0,0.2033,0xf8...0a3c,https://etherscan.io/tx/0xd9187e783fae3bbbf1e791c92266a05ecbb5c2f9a8c31d6411a360fd8245a98e
2023-03-30 23:35:47,True,0.39,0.0002176,767.022,0.1669,0xed...a35e,https://etherscan.io/tx/0xc36f1c4ee6cd23a91679d9a2c1a3cb5b9b5334093dabb8e8c5da464cb760d111
2023-03-30 23:29:59,True,0.3893,0.0002171,2302.26,0.5,0x9b...7cff,https://etherscan.io/tx/0xbdb1c6a5797369d2f098b904db6ab463ac61878cfb8ce278c2c90372d143659f
2023-03-30 23:24:11,True,0.3887,0.0002167,630.655,0.1367,0xb1...c505,https://etherscan.io/tx/0xe0b0f85c4556499364a26ca233aff194820d2cfc0b7045c173d75592e18c2622
2023-03-30 23:21:59,True,0.3885,0.0002166,461.62,0.1,0xa8...4022,https://etherscan.io/tx/0x9c213a26a855d5905e1b796f40f4d08aa6b230de0c78d644d5e9785eebb3865a
2023-03-30 23:21:47,True,0.3882,0.0002164,646.72,0.14,0x58...7a36,https://etherscan.io/tx/0x292923dd64d92dc9a8e252a9411968b2e7a6a1ff2a2ee17857cd46b2698832d1
2023-03-30 23:19:35,True,0.3883,0.0002163,50.836,0.011,0x5f...dfef,https://etherscan.io/tx/0x350f0ff664fabe7d17c226717b32ef9aced717894b80ea9c476f8b4e223280ca
2023-03-30 23:19:35,True,0.3882,0.0002163,193.636,0.0418,0x80...c8e9,https://etherscan.io/tx/0x8a7fb2f59ad318676a0c10b7e2a7c1de69f8882c0c28727c897ca3c2a7e31e47
2023-03-30 23:16:59,True,0.3881,0.0002162,231.17,0.05,0x3c...a61b,https://etherscan.io/tx/0x4cfb46dc4507b6a9b6adbc46e256880bfbc5aa7f5618d91bb6386b1c0d348c2e
2023-03-30 23:14:59,True,0.3868,0.0002155,5102.83,1.1,0xad...4ef4,https://etherscan.io/tx/0x0972471244457d46524c47fde88e824ed6521c863608c5c3305b5a464171afd3
2023-03-30 23:13:35,True,0.3844,0.0002142,4620.63,0.99,0x1d...0150,https://etherscan.io/tx/0xcca2e12f1717c1692b920480616a2c26e8259f524b6b7d8485741dbe899b3118
2023-03-30 23:08:47,False,0.3821,0.0002129,4700.0,1.00102,0x6c...600b,https://etherscan.io/tx/0x0d389cbc6c82bdf7398a921ecc5516cb75d0175f6285e202af90d796892ae2ea
2023-03-30 23:04:23,True,0.3824,0.0002128,14984.1,3.19,0xc6...b3ab,https://etherscan.io/tx/0xd1229a63a65f130a4f00f30c00dc2c44a9be001fb6ec15027ab58c6d7757e6ea
2023-03-30 23:03:59,True,0.3789,0.0002108,352.27,0.0742,0x7f...1e40,https://etherscan.io/tx/0x870655af29b418fc5cb7b42547cfd7757ca50593a9ec148e313a44672254829c
2023-03-30 22:52:59,False,0.3764,0.0002096,726.437,0.1523,0x7f...2cd8,https://etherscan.io/tx/0x285d6223171615066c56d4e06e8a68caee4e48ea82b09e6a1ddcab620e2261d6
2023-03-30 22:47:11,False,0.3774,0.0002099,1815.57,0.3812,0x87...4403,https://etherscan.io/tx/0x180829607101a114b8c6c4ab8e96980eda6dada98083be148a7c24a0d0a62d9d
2023-03-30 22:46:47,False,0.3777,0.0002102,470.0,0.0988,0x1c...3651,https://etherscan.io/tx/0xd618d5feb539930328ffdae91368ec8c162512b17e2615d50b6f314ce1af9863
2023-03-30 22:43:11,False,0.3778,0.0002104,1119.54,0.2356,0x9d...bfd0,https://etherscan.io/tx/0x7d1da777fab31b2eac42080a002c82c541dda915e01ee2af7d12e99229c8f73f
2023-03-30 22:42:47,True,0.3797,0.0002115,2632.86,0.557,0xfa...b920,https://etherscan.io/tx/0x8f11d96563852f7948b4d94c0167e281f9c44604186845c5fb54250670696686
2023-03-30 22:41:35,False,0.3769,0.00021,404.2,0.0848,0x19...32c6,https://etherscan.io/tx/0xdffca9f36bae4756f94f4c328a6ec56c34fa7edac424f243a4975a5549145bf1
2023-03-30 22:41:35,False,0.3796,0.0002115,11042.7,2.33555,0x19...32c6,https://etherscan.io/tx/0xdffca9f36bae4756f94f4c328a6ec56c34fa7edac424f243a4975a5549145bf1
2023-03-30 22:40:23,True,0.3844,0.0002141,466.902,0.1,0x0e...fb43,https://etherscan.io/tx/0x2bb3b6f5229a743c0591110abb50dda444dd740aaefa92be4a071500bf0f3ebe
2023-03-30 22:39:47,True,0.384,0.0002139,960.867,0.2056,0xe4...ce2e,https://etherscan.io/tx/0xcda9279e789778f0eb606e82518916f6d0725e393de565d9d23b0a0be65196dc
2023-03-30 22:36:59,True,0.3803,0.0002123,11254.4,2.39,0xac...f7c7,https://etherscan.io/tx/0xbdedc253a76ea2e620b7bd6a101c4baa334099afb1b1b16c1b58068556013937
2023-03-30 22:36:11,False,0.3877,0.000217,54847.3,11.9017,0x65...2761,https://etherscan.io/tx/0x7b90422e4a973e79b1b593c3b1c9b06cfd497e7cee9bf252236c4fd49d30d74d
2023-03-30 22:33:35,False,0.4027,0.0002255,6110.0,1.37781,0x0e...fb43,https://etherscan.io/tx/0xbe8a9b66042fab4c472f5ad36bef99dd62ed9cae62947f95bca633350f914c36
2023-03-30 22:31:23,False,0.4044,0.0002264,282.0,0.0638,0x4b...09db,https://etherscan.io/tx/0x5409c55411cd785d113fb1b75f2c73b8742fa303953c8bdccebbf778d558abed
2023-03-30 22:30:23,False,0.4046,0.0002267,1996.94,0.4528,0x4d...483d,https://etherscan.io/tx/0xed1586ba0f6beea63c48196438fa7c119fe01d07374d6c1d00f1da201924ba9f
2023-03-30 22:23:35,False,0.4093,0.0002297,18042.2,4.14477,0x21...faa4,https://etherscan.io/tx/0xe7b42fbab5a5a014e133120dfaafd7a7aa410fb3dd191271328122ec545fe073
2023-03-30 22:21:47,False,0.414,0.0002325,658.0,0.153,0xa2...4c7e,https://etherscan.io/tx/0xdea367604733bd8bc6b9636a4089be5456b5fbe7f665860c006f1df827335d25
2023-03-30 22:15:23,False,0.4143,0.0002327,470.61,0.1095,0x4b...09db,https://etherscan.io/tx/0xe3622a3e866a9a5e83c2cdbf564e728125e4ef74854de08fb75e3a94b5c41b0b
2023-03-30 22:14:47,False,0.4147,0.0002329,1174.07,0.2735,0x81...7cda,https://etherscan.io/tx/0x67515f3f2e234053fc6350cbce0c112edbf7170b43c7fb79fdc7611ebeb10ebe
2023-03-30 22:12:59,True,0.4173,0.0002344,355.522,0.0833,0x0c...dc42,https://etherscan.io/tx/0x88fa7fad14044989e95db36ffb0196056cf698148bf825c2435c6c23d5734ef3
2023-03-30 22:09:47,False,0.4159,0.0002335,3212.07,0.75,0xc1...ba31,https://etherscan.io/tx/0x8922ded9e9e82aa1f7c46963fbb6c8bcfa44ff91b3bddaa1e6ed87e3fde9d477
2023-03-30 22:07:35,False,0.4178,0.0002346,4517.16,1.06014,0x9f...d0b1,https://etherscan.io/tx/0xd4f6a838c09465ced6cf853dc8933290601b790149b54551fab4c91238c511b8
2023-03-30 22:05:59,False,0.4197,0.0002357,2251.39,0.5307,0x18...8bd4,https://etherscan.io/tx/0x74200b066a8ad847a90dd6babff0346b945dc75ec91eff3210fc59e772210b01
2023-03-30 22:05:35,False,0.4212,0.0002365,3280.14,0.776,0xc2...8350,https://etherscan.io/tx/0x5f428c8ae65236e2918dd7be25791188e66a574d2ec095468eb1166802eef8a4
2023-03-30 22:05:23,False,0.4223,0.0002372,752.0,0.1783,0x48...3c1c,https://etherscan.io/tx/0xc383c1ae37291e0cce541fdf8db8174672aca49a0c910d096b9099deadb34363
2023-03-30 22:04:35,False,0.4231,0.0002376,2031.4,0.4827,0xd5...2a9b,https://etherscan.io/tx/0x2c351b104345d6ce1f1700603cb3ef709ae8b4d292ed371e85aca9c5e31a7ad3
2023-03-30 22:02:59,False,0.4243,0.0002383,2350.0,0.5601,0xd6...b5b9,https://etherscan.io/tx/0xa51b38b87412f313cda46300c0326aa66ccb5f630526b7d4d86df63f5bf9f75c
2023-03-30 22:00:35,False,0.4253,0.0002388,742.6,0.1773,0x1c...3651,https://etherscan.io/tx/0x0deec87d3cf764ec1a1deba1123486f24fca077658fb44309132d7335aeab621
2023-03-30 21:59:35,False,0.4259,0.0002391,1175.93,0.2812,0x81...7cda,https://etherscan.io/tx/0xd3b739df810c4fe6edaff65eadda3f09e1320b91ccf0ee4a86a0c552c2a16659
2023-03-30 21:59:23,True,0.4289,0.0002407,165.193,0.0397,0x21...6d15,https://etherscan.io/tx/0xe58f117ef4ba1d166b60725364a657bdff50ad6227ad6636d0afa9567e0e4f7e
2023-03-30 21:58:35,True,0.4235,0.0002377,18628.3,4.42925,0x4e...2df5,https://etherscan.io/tx/0x2c8166da8e1eb980413ed546fabd09a8ed46ee39151fd5b2b0ac62d75d4146ae
2023-03-30 21:57:23,False,0.4161,0.0002336,1182.52,0.2762,0x66...8fca,https://etherscan.io/tx/0xcee6ec5caa890bc018b06fd81636d26ca89d990d1452d465b82e50bbe221fe0d
2023-03-30 21:56:35,False,0.4168,0.000234,1410.0,0.33,0xd6...b5b9,https://etherscan.io/tx/0x86b84c05eae953b9f30a15a35a0dd5da0ad4b34ddb94dcb76db6a2f6940448f2
2023-03-30 21:53:59,True,0.4197,0.0002356,103.775,0.0244,0x93...2cb7,https://etherscan.io/tx/0x2b4704688a20d4116f018f9fdbbee081f4a48d0ed8103018844374e9c3011fe0
2023-03-30 21:53:47,False,0.4179,0.0002346,2623.54,0.6155,0x2e...d0d6,https://etherscan.io/tx/0x5a7b379f50c0f85dcbdfd8eb24418d0af1e846b08a3e103677fbfa7ecd38f48c
2023-03-30 21:46:47,False,0.4191,0.0002355,3054.15,0.7192,0x49...f683,https://etherscan.io/tx/0x9155e97364e88e2f802f61984c4a5fb8f4c909f51b4d0a658cb2c2a56f8b2dcf
2023-03-30 21:45:47,True,0.4218,0.0002369,2954.39,0.7,0x6b...3a9b,https://etherscan.io/tx/0xb48017f69f5aa60fc00ced4c33f3c8678b3b9e644717730d19cea7317a88cc37
2023-03-30 21:45:47,False,0.4192,0.0002354,2574.75,0.6062,0x18...8bd4,https://etherscan.io/tx/0x984ee28db57cc032389246d76c02d8719e2b23b98b24df4744a513417d62ded9
2023-03-30 21:37:59,False,0.421,0.0002365,4751.58,1.1242,0x78...fc3f,https://etherscan.io/tx/0x2ee9cc11e42883ee246e0733e605f780dbb657b836743e90651f6a77b8e5f919
2023-03-30 21:36:59,True,0.4242,0.0002383,2352.13,0.5607,0x46...7345,https://etherscan.io/tx/0x3f471ffe35dd6cdc57291ac1a494312b6e5ad85f4c74f88ea0b17c18c8db67d7
2023-03-30 21:36:11,False,0.4223,0.0002371,3356.37,0.7958,0x9f...d0b1,https://etherscan.io/tx/0x4fd93c893511a0b5c96e4b43e87b363eab6c0857627f11f321f2f98b6fc7c378
2023-03-30 21:28:23,False,0.4247,0.0002383,4451.64,1.06104,0x9f...d0b1,https://etherscan.io/tx/0x6feedca18244b73b70837bdcafb70bc7547a23eaff26a36f332527db9ff56d40
2023-03-30 21:23:11,False,0.4261,0.0002395,3148.28,0.7541,0xff...e833,https://etherscan.io/tx/0x25f5d7ee96615a7731dfbb3c9cb03daede6fc0f8b18df60496f2860393e06f03
2023-03-30 21:22:23,True,0.4288,0.0002411,2322.02,0.5598,0xa8...4022,https://etherscan.io/tx/0x4e00c03759e194b718b6c8e6a87aa5adc2ce551f9341fde557e24bf7b67ace54
2023-03-30 21:22:23,False,0.4287,0.000241,11025.6,2.65794,0xd3...f1d6,https://etherscan.io/tx/0x463bbd31672cfa2c3e4ec48d3e0cf2728d22e09dcdf409827fbde3c43d7dd31f
2023-03-30 21:20:11,False,0.4318,0.0002429,470.0,0.1141,0x1c...3651,https://etherscan.io/tx/0x21b361c8b7967f1887d5324ee6c59faafe114c7b665840e0997f9992bd7356a8
2023-03-30 21:16:23,False,0.4323,0.0002432,1410.0,0.3429,0x65...1793,https://etherscan.io/tx/0x93e94d3ad5dc98277f7279137048590c4d1227be63b1d62b27ebe803b56f0fb8
2023-03-30 21:15:59,False,0.4333,0.0002437,1880.0,0.4582,0x65...1793,https://etherscan.io/tx/0x867cbd00e487e6e70035ae322ad83902b86fd8bd0bce0701b27283fd7711efe5
2023-03-30 21:08:11,False,0.4336,0.0002441,263.61,0.0643,0x17...58e5,https://etherscan.io/tx/0x0316bc7f5b320e2d23fd07b9ebd012aa6e473b0e5ddb9c76043deaddbd794132
2023-03-30 20:57:47,True,0.4362,0.0002454,800.0,0.1963,0xb5...c2b8,https://etherscan.io/tx/0x0092c3e165c41d70178f79df3902e3cdde9ff5e3b227f0bdbdcf62e480a39bc1
2023-03-30 20:55:47,True,0.435,0.000245,1836.34,0.45,0x6b...3a9b,https://etherscan.io/tx/0x851e89ff0d8da9b8d588a58ab7737d893b95a7833c951194992e5ac67890fb25
2023-03-30 20:50:59,False,0.4321,0.0002434,960.064,0.2337,0x4b...691b,https://etherscan.io/tx/0x96f4a0c2202b90c02322616187ff5eae8cfbc5e436797414532b08264776ca71
2023-03-30 20:44:59,True,0.431,0.0002429,13182.0,3.20215,0x4e...2df5,https://etherscan.io/tx/0xc95f972562e2f8b53dcc77908ccb36235428e8b3a882867de7053295321777c5
2023-03-30 20:44:35,False,0.4247,0.0002393,77.08,0.0184,0xdf...d7f3,https://etherscan.io/tx/0xecdd91177f6690c6dcc20e371b8321c286a76c10a61197976a3b94fb587f288b
2023-03-30 20:43:35,True,0.4268,0.0002406,914.102,0.22,0x77...c353,https://etherscan.io/tx/0x36c9a901677402d851766263beff278361575b5c8871115e3893224845b90dc7
2023-03-30 20:35:47,False,0.4241,0.0002391,188.0,0.0449,0xd6...ac6a,https://etherscan.io/tx/0x4544fa1eee23a9dd13fd57ea44e9d0bbcb708ac2aa916174610cda2f59f11cfd
2023-03-30 20:33:47,False,0.425,0.0002397,3924.5,0.9409,0xd6...ac6a,https://etherscan.io/tx/0x7cf664a5ba63ede8082317ca486b882ed4f87a02e23ff7ef13928390c324fffe
2023-03-30 20:32:23,True,0.4281,0.0002416,1200.09,0.29,0x44...27be,https://etherscan.io/tx/0x39a722ee53bcce6630c8c38ee387f6abce90d654fe58a3d0f7128b4ea2dce27a
2023-03-30 20:31:35,True,0.4248,0.0002398,10003.8,2.39949,0x4e...46dc,https://etherscan.io/tx/0xb38c904ae2e1b2d3e4025a4c3597ff2de3386f4719d641eb2e6e982577471b68
2023-03-30 20:23:35,True,0.4186,0.0002364,11935.0,2.82155,0xd3...f1d6,https://etherscan.io/tx/0xbfb0983460950146cbd78d389db86f38e743d7a24ba915a30140a43baa916621
2023-03-30 20:23:23,False,0.413,0.0002332,337.366,0.0786,0x73...ad00,https://etherscan.io/tx/0x0e242f571abb0e3e553bf955f188430c6faf4db95d21b1a0027759e434d9bb19
2023-03-30 20:22:23,True,0.4139,0.0002337,6034.27,1.41046,0x6d...6c81,https://etherscan.io/tx/0x305c821378bda0c30fcfb4e606ec311bd15e39c25f982962895d245c8f7581c5
2023-03-30 20:16:35,True,0.411,0.0002322,4043.78,0.939,0x1d...0150,https://etherscan.io/tx/0xcc7af7cece051f54441e01c1554d4ea8ed5a8523dd9654f64a16fe5088db7f2e
2023-03-30 20:13:47,True,0.4094,0.0002313,1945.49,0.45,0xef...5a95,https://etherscan.io/tx/0x20b6e1ce6abcd0a43aceecb194be0a69d865069a7374e994b4f176b6992ed433
2023-03-30 20:06:47,True,0.4058,0.0002291,12315.5,2.82239,0xd3...f1d6,https://etherscan.io/tx/0x959accfaef5faf6c7fef0a134f026c7e919fb60c5ed9e91e7340d6deb8a7cc6c
2023-03-30 20:05:35,True,0.4023,0.0002271,1320.64,0.3,0xa7...0269,https://etherscan.io/tx/0x0766f82b7229aa47037a88567314932c135ae28ece1f02eca945e3f24ad50269
2023-03-30 20:02:47,True,0.4014,0.0002268,611.558,0.1387,0x51...5723,https://etherscan.io/tx/0x9bfbb4f72f38905de1aa55b41ce7fa305fce8ec42c3235c6dcd6884aa03e11fb
2023-03-30 20:01:35,True,0.4005,0.0002264,2488.29,0.5634,0xc8...8373,https://etherscan.io/tx/0x35dc415d4677a242885bb082c3831b15a19c11f80b3449858d5bf5573ecf44d1
2023-03-30 20:01:23,True,0.3992,0.0002257,2496.46,0.5634,0xc8...8373,https://etherscan.io/tx/0x065a18c5242a400fa538c5a1689c8cbc97236ea8a486664711857f8279495500
2023-03-30 20:00:59,True,0.3983,0.0002252,959.638,0.2161,0xb9...16f4,https://etherscan.io/tx/0xe0e9a0cd4047a0db07f53ed158b174c5b47f67c86e31c38185b0b5275e500c50
2023-03-30 19:58:35,False,0.396,0.0002238,774.56,0.1733,0x59...a9c7,https://etherscan.io/tx/0xb1122698662cc0ba3628f2978d1031bad3c338d63fe664b127659709b7c3d084
2023-03-30 19:57:11,True,0.3981,0.0002252,177.572,0.04,0x92...97ad,https://etherscan.io/tx/0x7dc2b0c01d2da2048390c6cbb2196ece6a6c4fbb290b8df46dda61f67bf8dca9
2023-03-30 19:56:47,True,0.3977,0.0002249,1672.81,0.3763,0x77...d7ee,https://etherscan.io/tx/0xe7308641408141ff329a7cf793237e47b09eb255ace62beea4fd314bf2b28ad2
2023-03-30 19:56:47,False,0.4004,0.0002264,21244.9,4.8117,0xa4...b5c7,https://etherscan.io/tx/0xefb1aafad7f01e2e80d46e134961e71f2d76ef72d3d2cf88a4e37408b0e6ba40
2023-03-30 19:56:47,False,0.4088,0.0002312,11075.7,2.56143,0xa4...b5c7,https://etherscan.io/tx/0xefb1aafad7f01e2e80d46e134961e71f2d76ef72d3d2cf88a4e37408b0e6ba40
2023-03-30 19:55:59,False,0.4174,0.0002361,20680.9,4.88337,0xa4...b5c7,https://etherscan.io/tx/0x853891517ca6dd116c9bb9215af29db63e383b324824ec6f39145c688615a38f
2023-03-30 19:52:23,False,0.4236,0.0002394,431.845,0.1033,0xb4...8b66,https://etherscan.io/tx/0x5106f5b71be2f82361790594d34eff74e93a54dd4c7f4de4a5935343682472b3
2023-03-30 19:48:11,False,0.4254,0.0002406,7337.03,1.76576,0xff...e833,https://etherscan.io/tx/0xe25d4f0ec751c48575fbe6ea9a665057e5de02ba230c1fcebf7fe66b403f5470
2023-03-30 19:47:35,True,0.4247,0.0002403,18627.2,4.47617,0x83...0bce,https://etherscan.io/tx/0x40871bf4cfbfd50800f3ece02c11074e78d9627cad4d68f7d55d809919832ac8
2023-03-30 19:42:23,False,0.4177,0.0002362,1880.0,0.4441,0xf5...0fd7,https://etherscan.io/tx/0x8348ea494e09dcd61f15227c1cd87e46c76aea0cb6a491b731c8e841db4b4b77
2023-03-30 19:34:47,False,0.4199,0.0002372,4481.08,1.063,0x9f...d0b1,https://etherscan.io/tx/0x4bf6b281e05ee6af6b9bdef1483cc5c1463d604e4a7c484dcebbc1e3c84d3d8f
2023-03-30 19:33:11,False,0.4221,0.0002385,3962.95,0.9453,0x16...7c7a,https://etherscan.io/tx/0xb1e09d4167578b4d02fe83b1bfb5ab6f70a728ab265e368c1657fc5204851184
2023-03-30 19:26:47,False,0.4278,0.0002399,4846.67,1.16291,0xa1...8838,https://etherscan.io/tx/0x91d1d90eb97337f9accefa9450341defce7e4e383dcaf123959df94158abefb2
2023-03-30 19:24:11,False,0.4294,0.0002408,734.141,0.1768,0xe4...f854,https://etherscan.io/tx/0x99279d3e05b57fb5a7057d6820d19ba3b437d140eb00913fcef0afa068594054
2023-03-30 19:19:23,False,0.4315,0.000242,6689.98,1.61913,0x3e...a779,https://etherscan.io/tx/0xc0376612726acb0d7c3005e11a254f487eaf85f152173e94724b98ce364f37d0
2023-03-30 19:18:35,True,0.435,0.0002436,5569.47,1.35704,0x39...6402,https://etherscan.io/tx/0xb710a9324aee830ec720d5a40e3cdae727b5ef7c5a4d192dcd56b9216b1351d8
2023-03-30 19:16:23,True,0.4332,0.0002426,628.321,0.1524,0xcc...5c4f,https://etherscan.io/tx/0x154d9036dcbe0803d0636076656fecd5ad11cb7b36dbe84417ae19f0f33346af
2023-03-30 19:15:47,True,0.433,0.0002425,69.9127,0.0169,0x25...09d1,https://etherscan.io/tx/0x18a576ba5f3482deb1865a49ae5cb2cac4a36bd2874f13a3ec14ff64754335c8
2023-03-30 19:13:23,False,0.431,0.0002412,940.0,0.2267,0xd6...b5b9,https://etherscan.io/tx/0xddf0b9993417383077f1a5aaf52e0a398087c656d028bb14fa9f14359d78989b
2023-03-30 19:11:35,False,0.4315,0.0002415,1265.73,0.3057,0xe1...b3f7,https://etherscan.io/tx/0xb2bac89ccec43e7bbde7f1c89e953cbff4abcccf624eedf699760ebf5143dab5
2023-03-30 19:11:35,True,0.4336,0.0002427,3296.17,0.8,0x4a...0ccf,https://etherscan.io/tx/0x3a7edb0f2ff43b08274e91074c4b042010e57de848123112830add01bdc45cc8
2023-03-30 19:07:23,False,0.4304,0.0002409,1455.37,0.3506,0xd1...45bd,https://etherscan.io/tx/0x433dee10206721bd922d9e83c57e990dd3155ba2254be8eca322cc2afda1e752
2023-03-30 19:04:23,True,0.4329,0.0002423,1650.33,0.4,0x6f...2667,https://etherscan.io/tx/0x2cc3573061409714b087d81bb6be902392eaef692fa0fae6f3dcc0d77ee4f325
2023-03-30 19:03:59,True,0.4324,0.000242,289.181,0.07,0x20...b63f,https://etherscan.io/tx/0xedc436bed37ab4a6c0715dc37ad7163e8b1afa97733e49c9714f460a6a3b72b1
2023-03-30 19:03:23,True,0.4321,0.000242,132.234,0.032,0xb6...7c0b,https://etherscan.io/tx/0xc1ea5a3b8f44d8272f51a3e55ac64449c42b23d6f210b8c8cd7c33e831577a5c
2023-03-30 19:02:23,True,0.4314,0.0002417,1654.89,0.4,0x4c...94ad,https://etherscan.io/tx/0x02f6ff2216e96a3d779df103bd21dd7bbe9fbcd0e386cbf73db95c3767327788
2023-03-30 18:40:23,True,0.4315,0.0002414,239.736,0.0578,0x30...3cd1,https://etherscan.io/tx/0x8e41c3d1f7e9ad65a9be7ea5ded067702076027b50ee3e1f2f6af460dd6c4960
2023-03-30 18:39:35,True,0.4303,0.0002407,4071.25,0.98,0x4c...94ad,https://etherscan.io/tx/0xc4f0efab54735feb61142dbfe5d4215607da170ab97fbc1cb5bc2deccf0afe1b
2023-03-30 18:32:11,True,0.4292,0.00024,62.486,0.015,0x24...0f04,https://etherscan.io/tx/0x41ad1d3321259e2a5a8cc77274119695109ba8cb03ef90f36c0d6a57af7a9813
2023-03-30 18:31:47,True,0.4291,0.00024,285.594,0.0685,0x8c...1b14,https://etherscan.io/tx/0xd29f0bc669a5d11532b0117423587f377ff69a2da6706264b9eb019194b2a929
2023-03-30 18:30:59,True,0.4285,0.0002396,1668.84,0.4,0x80...00fa,https://etherscan.io/tx/0xbdb573146dc631f38a1fdb9b263a0ec9f3a3fbfe9d76d41adb954bde82d7a1f7
2023-03-30 18:30:47,True,0.4254,0.0002381,8399.95,2.0,0x63...ed4f,https://etherscan.io/tx/0xcce89663f6e77efa5a0c2a7aa2e191195d8eea372e23713534592d5552e29272
2023-03-30 18:26:59,True,0.4227,0.0002367,350.0,0.0828,0x86...b47a,https://etherscan.io/tx/0x00bc527b4d28c87f57d98b9f5dc48d2f59cd0dbfcd1b60a46b68624d78c8061d
2023-03-30 18:25:11,True,0.4221,0.0002364,1162.83,0.275,0xf4...1173,https://etherscan.io/tx/0xebe86739c9d90efd7c0d9611ee3e215e904dd6fa9b2bfa8f0042fcf9eab65b36
2023-03-30 18:22:23,True,0.4218,0.0002361,1270.58,0.3,0x42...97f8,https://etherscan.io/tx/0x0ffd86301f503a271cdc561d42ed48af9a737a9ca3303ee518cbf82fdb851b82
2023-03-30 18:20:35,True,0.4181,0.0002346,8525.16,2.0,0x6e...57f7,https://etherscan.io/tx/0x130bcdc423ded319e7b17595acec19103ad8bf348f80bc375297e825b1681b28
2023-03-30 18:18:59,False,0.4138,0.0002319,329.0,0.0763,0x6e...7e5b,https://etherscan.io/tx/0xe0c024160d189cb2a851a905dddfb4a5616e051e6976a97f8d0db4c617658506
2023-03-30 18:16:11,False,0.4143,0.0002324,2819.99,0.6554,0x4d...0d04,https://etherscan.io/tx/0xb3753cf3bac46b0635cad7c224de5026acec9eb5d70a157665b8223ce82b74ab
2023-03-30 18:03:23,True,0.4184,0.000234,1182.23,0.2767,0x22...4252,https://etherscan.io/tx/0xea040686ac824e5ef7b4cda38440405aad727f2129b25ceb83aa2aac6b1df079
2023-03-30 18:01:35,True,0.4167,0.000233,5793.8,1.35,0xba...3dff,https://etherscan.io/tx/0x7028b9f5b5ddbc2b046901f730e18fe9d71a82cb1ff75561e86e314e79360e58
2023-03-30 17:56:59,False,0.413,0.000231,1880.0,0.4343,0xf5...0fd7,https://etherscan.io/tx/0xe2894fd7314792f1183d49ba2789c467d2081eef57f3c357ffdf51132ea0da95
2023-03-30 17:56:35,True,0.4154,0.0002323,2397.69,0.557,0x01...a2e5,https://etherscan.io/tx/0xd74a3eb2784ad0ec4125707afac09c6d6cb620bd72df31d4a59e7709e7cc1503
2023-03-30 17:52:47,False,0.4118,0.0002306,470.0,0.1084,0xb4...8b66,https://etherscan.io/tx/0x1243f727da5261f4a8ea2517d5b5ef01ff6584005d6ea348969560f077cb79b7
2023-03-30 17:51:47,False,0.4126,0.0002309,1354.06,0.3126,0x1f...492e,https://etherscan.io/tx/0x309e47312324d102c57f46b2c16898afa58b038de4a95cf5a749599e5198941e
2023-03-30 17:49:23,False,0.414,0.0002315,2548.49,0.59,0x77...dab2,https://etherscan.io/tx/0xbb4783dd00239e61d92dbe9d475975f951333ce5f6231938d21e83babe80f5e9
2023-03-30 17:47:23,False,0.4156,0.0002322,2350.0,0.5457,0x5a...faaa,https://etherscan.io/tx/0xa0c0aa7da935a78a37fc447896056339e07e7db4332d6e975b17e81099969de8
2023-03-30 17:45:47,True,0.4185,0.0002338,1030.0,0.2408,0x5d...5601,https://etherscan.io/tx/0x222444c017ad092e006f121c0e9833b1207b3a84977ae8827d1e87c108ffe408
2023-03-30 17:42:47,False,0.4159,0.0002324,806.624,0.1874,0x94...5d5d,https://etherscan.io/tx/0x6a373444c8290161aab043f999c60fde216f5ad9ddb3ac0abdba1e7849f4c146
2023-03-30 17:42:11,False,0.4165,0.0002328,1880.0,0.4377,0x50...2370,https://etherscan.io/tx/0x2bc04bc448928fa2c125771c1e717a470a5883fbe33517678b86550c06b2a53f
2023-03-30 17:42:11,False,0.4171,0.0002331,276.399,0.0644,0x20...9109,https://etherscan.io/tx/0xb7b2d30dcbfd8b8aee9ff5448bef1959d0aa42076abb4d2105b52e14343cc0eb
2023-03-30 17:41:35,False,0.4172,0.0002332,140.06,0.0326,0x6e...7e5b,https://etherscan.io/tx/0xaff2a4d35b2d5974ae1c34508f20f230323ed8802f672d22cc902ae8a6ba349e
2023-03-30 17:41:23,False,0.4173,0.0002333,401.926,0.0937,0xb4...8b66,https://etherscan.io/tx/0x945ed671a80e6902efe99cbb11f8cc931e8f07c9cbe9cdbff160244c941c3232
2023-03-30 17:41:11,False,0.4179,0.0002336,1880.0,0.4392,0x8d...cbc1,https://etherscan.io/tx/0xc35da6bae203b5a0cd44c0e348b03f7eb576c875e48023e24bc95eccf98c8bbc
2023-03-30 17:40:23,True,0.4209,0.0002353,189.333,0.0445,0xc5...3b17,https://etherscan.io/tx/0xaa1706e55909a537b8f64cbd961e26e01b37998ebe74e1944e8ecc0b217e86e9
2023-03-30 17:38:23,False,0.419,0.000234,1139.1,0.2666,0x58...df67,https://etherscan.io/tx/0xbb40fce2821ed00a86383cad78dc0d1a53b4e6c8e97ed179023df41fbdc507f5
2023-03-30 17:35:47,True,0.4213,0.0002355,849.233,0.2,0x7d...9e8a,https://etherscan.io/tx/0xeb56f19c2765009b51bf22129be12bbe34a0d3623d0c62e38b5976cb62e04de4
2023-03-30 17:29:59,False,0.4185,0.000234,470.0,0.11,0xb4...8b66,https://etherscan.io/tx/0xde5a00a5734ccf0a9b6d9e8bc91bfe94ec7e4a7a413f4da9f4a9805481861d46
2023-03-30 17:28:47,False,0.419,0.0002342,765.734,0.1793,0xfa...e20d,https://etherscan.io/tx/0xf287866315e5c61aef4257b9af815c352967f6cdc7faed3c30088ee76454c0c6
2023-03-30 17:28:23,False,0.4192,0.0002344,765.734,0.1795,0x9f...d16e,https://etherscan.io/tx/0x5bad44e0ce33b68b360b8545dad2afeafc7077602783c734ca166bda471b3f9d
2023-03-30 17:27:47,False,0.4197,0.0002347,765.734,0.1797,0xcc...e2cf,https://etherscan.io/tx/0x93189ca9a15a5d0f93b6528ae801126ad81e2d6e503e350a230ca3561ba6b13f
2023-03-30 17:22:35,False,0.4214,0.000235,1269.94,0.2984,0x95...b1ed,https://etherscan.io/tx/0xa4fd4faf221ffda50545ce200c98afd3ce434413fa7faafc36fbfdd3d5437bad
2023-03-30 17:18:35,False,0.4256,0.0002374,14100.0,3.34744,0x96...317e,https://etherscan.io/tx/0x9a3040717926a63f3caa35047bd9851a54bf81a3e6df4c8b74c3a9fd45b77088
2023-03-30 17:17:59,True,0.4318,0.0002409,954.704,0.23,0x87...8846,https://etherscan.io/tx/0xfaf6b9afc3073298d3cc8c790cb44dd3d50eff51afa763d7aa611a4d59814709
2023-03-30 17:08:59,False,0.4308,0.00024,4700.0,1.12831,0x2e...ebed,https://etherscan.io/tx/0x33632a379d0bbfbb0786d4222b406ee07e7ddac0b4b52762f1535796945dec18
2023-03-30 17:00:59,True,0.4341,0.0002419,2108.09,0.51,0xb8...615b,https://etherscan.io/tx/0x2708d1bc0d5f7072c4cae38c7ef3b168098ff71f144f6b1b07b2147ce7494a8c
2023-03-30 17:00:47,False,0.4322,0.0002408,4700.0,1.13219,0x2e...ebed,https://etherscan.io/tx/0x0e587efd024c91637c7b9741da167bf60981b93d89166d365dea2e06dd563573
2023-03-30 16:57:35,True,0.4358,0.000243,455.508,0.1107,0x37...0f21,https://etherscan.io/tx/0xca987350fc8b918645cdfd8025f8a769cd4def51952118af7a6a9492db080bc2
2023-03-30 16:51:59,True,0.4356,0.0002427,1198.38,0.2909,0xa2...f636,https://etherscan.io/tx/0xcb641ec103eef97045f11ad4b20dfb9243a32711210a3ea321a65aa3d94d99ba
2023-03-30 16:39:23,True,0.4345,0.0002424,824.98,0.2,0x59...a9c7,https://etherscan.io/tx/0xcba6c89842c81a07c23e23fbfce246b15308e7e8c100f1c28c2ef5d9f055b635
2023-03-30 16:36:59,True,0.4339,0.0002422,107.314,0.026,0x67...4be3,https://etherscan.io/tx/0xf2266bc468661838d60930ccfed2e3eb20f893d9ff825ed31711b0bf2b99d968
2023-03-30 16:36:35,True,0.4332,0.0002419,2066.31,0.4999,0x4c...94ad,https://etherscan.io/tx/0x067ca73b08b1dafac14ba180bf4a47dd1ae84e95273403af6e53f3a62de7a3a4
2023-03-30 16:30:59,False,0.4315,0.0002402,517.0,0.1242,0x5d...a8fb,https://etherscan.io/tx/0xff1af8c47889721c232cfa87990f5853fb2383a5041343deb106b0822c741edf
2023-03-30 16:30:59,False,0.4315,0.0002402,517.0,0.1242,0x5d...a8fb,https://etherscan.io/tx/0xff1af8c47889721c232cfa87990f5853fb2383a5041343deb106b0822c741edf
2023-03-30 16:30:11,True,0.4334,0.0002416,729.231,0.1762,0x0b...b5e4,https://etherscan.io/tx/0xca4cd7335db04c36a2d8732af677543cdaa5bf93f45a5c867a00192a8a298be1
2023-03-30 16:27:23,False,0.4309,0.0002401,185.995,0.0446,0x89...e2a3,https://etherscan.io/tx/0xeab90f6372b62b8a836bd023e6204f025a47d6802f31ccafb23b63f98baeece8
2023-03-30 16:26:59,False,0.4316,0.0002404,1954.81,0.47,0xac...d10f,https://etherscan.io/tx/0x224712eb5237955176a22a0e575d7fa60a929d5f986ab12d44254d0787bd96c6
2023-03-30 16:25:23,True,0.4341,0.000242,1148.62,0.278,0x27...3c7e,https://etherscan.io/tx/0x159d2c97abf0cbcacbb46ec84acc9314e05fe06c26801ff590a8578c5418b27d
2023-03-30 16:24:59,True,0.4338,0.0002418,82.7021,0.02,0xd2...7f55,https://etherscan.io/tx/0x36b2854f065605b66c34566f0a5accc8e9c51e09ef59ae62cf79e3dff0958722
2023-03-30 16:23:59,False,0.4318,0.0002404,670.706,0.1612,0x90...f94e,https://etherscan.io/tx/0x980887e0a0f2c42caabb34c21378a74ff75c2e8a49010c73dcbb40fba4c4e4bd
2023-03-30 16:23:35,True,0.4341,0.0002417,1769.58,0.4277,0x67...50bd,https://etherscan.io/tx/0x74f2c987d50326fc2a87c02d73e80227f4cc03a1273d451803c02762cf0531c1
2023-03-30 16:17:59,True,0.4317,0.0002409,3278.85,0.79,0x4c...94ad,https://etherscan.io/tx/0x674a44b36f8a28a403f6f3cced3fb2e46553bb106bb27110ea14e9c2add20c9d
2023-03-30 16:15:35,True,0.4303,0.0002402,1374.17,0.33,0x4e...5a08,https://etherscan.io/tx/0xb564fc8d4a7926064b0eeb02aa2b0c51aa76e17045ae58f1de2540f315a9b756
2023-03-30 16:13:59,True,0.429,0.0002398,836.414,0.2006,0x22...c311,https://etherscan.io/tx/0xfbe21c7341808c800b029ab33b98d86a946b36566d67e9a48b0399d527a1567b
2023-03-30 16:12:59,True,0.428,0.0002393,2088.73,0.5,0x2e...28c0,https://etherscan.io/tx/0xacb3e9622c7ff679a855965398ba10a108129d4ad7d8aa3a34d3b1380f124a11
2023-03-30 16:10:59,True,0.4287,0.000239,125.784,0.03,0x36...cfdb,https://etherscan.io/tx/0x5ef88f9d8e7b7a49cf2e9331d6a4747a9947ad082cec4c67b1d6e4401d3bc0d8
2023-03-30 16:10:23,False,0.4263,0.0002376,470.0,0.1117,0x1c...3651,https://etherscan.io/tx/0x4fc9cd697221ad09d68079c9fbdfb6caf177a5af3682eb9f21968ebbe40b2f4c
2023-03-30 16:10:11,True,0.4264,0.0002377,9255.38,2.2,0x4c...94ad,https://etherscan.io/tx/0x94e85c985c33238e84e4025eac2060d0cdf1ed797e860107fcf75b2572ee19c1
2023-03-30 16:07:23,False,0.4224,0.0002356,5011.32,1.18074,0x6f...9799,https://etherscan.io/tx/0x72536ca103a2468d520f02f2691bc3f60037ce9991f6353b567d6c0232602532
2023-03-30 16:04:11,True,0.4264,0.0002376,1168.07,0.2775,0xc3...e2f4,https://etherscan.io/tx/0x3807d310bdadd0d7178d770121822785b32aad66ec99859dfffdb469dbf4b138
2023-03-30 16:03:59,False,0.424,0.0002363,1880.0,0.4442,0x2e...ebed,https://etherscan.io/tx/0x4ebf262fc2ef4682bf226605e01144de155b75f87a533b6c7a5160f9f19c26a2
2023-03-30 15:57:35,True,0.4279,0.0002379,449.302,0.1069,0x72...8c46,https://etherscan.io/tx/0x5ba763d7357ad7722cb3c165f29d1bb44f7900fe82674855ab849ff6130938e5
2023-03-30 15:54:11,False,0.425,0.0002366,1034.0,0.2446,0x2e...ebed,https://etherscan.io/tx/0x738e44ee5d84e5798a174446d3b9ac7ae508a5ed702bae40f41d33dca2afebb8
