datetime,buy_order,price_USD,price_native,amount_token,total_native,maker,etherscan_url
2023-03-24 07:38:23,False,0.387,0.0002135,1095.97,0.234,0x57...1f0f,https://etherscan.io/tx/0x003c17959dad346eb902c1b25d08a279e70814412ed9abbb6717a1680371fcef
2023-03-24 07:32:59,True,0.3895,0.0002148,465.363,0.1,0x3b...1f75,https://etherscan.io/tx/0x8e72f61cd4b03be3d1ad8757bc1fabfb3fde7d338de5017438a44a91ab1613d0
2023-03-24 07:31:23,True,0.389,0.0002145,1864.2,0.4,0xd5...f25a,https://etherscan.io/tx/0xb1eb053b038803d1ff973b79a174fe15e9ea02c6a5fec93ab1a00b6c252922d0
2023-03-24 07:30:23,True,0.3857,0.0002127,11751.8,2.5,0xd0...9915,https://etherscan.io/tx/0x65411f6c2480c0b445b12b56fc0db57623a80cf83dc1b2087351de7a16d00186
2023-03-24 07:25:23,True,0.3823,0.000211,947.686,0.2,0x95...6424,https://etherscan.io/tx/0xd0f1bd6c91f09663ac3dd3e645b02469c85ef8bb3336d60596c00250a56dccf4
2023-03-24 07:15:47,False,0.3821,0.0002109,9700.0,2.04605,0x40...b45b,https://etherscan.io/tx/0x5238837facae5c8efc97d13c659c8c31d880c5aab87046cbf6919952c8df7d44
2023-03-24 07:09:59,False,0.3844,0.0002122,373.45,0.0792,0x8f...a613,https://etherscan.io/tx/0xb638258a3a3e6c75d675c7709312bcc416d477f2c800a9ba66dbf7d3e96b4f25
2023-03-24 07:09:59,True,0.3858,0.000213,4224.77,0.9,0x21...e50d,https://etherscan.io/tx/0x75af9046259cf0920b0fc069c9670fadacf656b80c59990442119cb726ad3afa
2023-03-24 06:55:11,True,0.3845,0.0002123,903.667,0.1918,0x63...fd97,https://etherscan.io/tx/0x557104da3e99c8acdb701ca25a200f98b8c29916c99570643ada5b391777e56c
2023-03-24 06:52:59,True,0.3842,0.0002121,494.92,0.105,0xb7...04e6,https://etherscan.io/tx/0x2aaaa4413fd614af1040ac345359924d4d112ccbcc85312254f9ecc44e21ce89
2023-03-24 06:50:11,True,0.3839,0.000212,471.639,0.1,0x5a...a069,https://etherscan.io/tx/0xfdd41a15862e30f0cfcb8c21fdb2e5b1ac8498177f15ef7ffdca98b1bfad5201
2023-03-24 06:40:35,True,0.3838,0.0002119,4.35756,9.236e-05,0x63...6870,https://etherscan.io/tx/0x5b78d6338d8082557180728cb5c451dd7a6a5a086e9a628ad3beda7773e00dcb
2023-03-24 06:40:11,False,0.3816,0.0002107,485.0,0.1022,0xe9...e78a,https://etherscan.io/tx/0x2e7b27dcb936db22e454ff621f4900fc0e275fc30ae7c3c8110f68deb87514cf
2023-03-24 06:39:23,True,0.384,0.000212,10.3747,0.0022,0xe9...98aa,https://etherscan.io/tx/0x4fc23e2022aaf218d5963a85b717e6e5aad5f22df9097232c18b48ff4fe6971d
2023-03-24 06:29:35,True,0.3836,0.000212,8.64547,0.0018,0x80...ecb3,https://etherscan.io/tx/0xb316e2c4bb7c87742876321f27ccfc4a8f34d854984ba3fcc849773dbeffe06c
2023-03-24 06:29:11,False,0.3841,0.0002123,11826.2,2.51181,0x10...7b6b,https://etherscan.io/tx/0xf7b3b571c3d187317c4855960c7fa76a07c7cb73a75036ca3275d7dbfc1c5092
2023-03-24 06:24:23,True,0.3874,0.0002141,7936.91,1.7,0xd0...9915,https://etherscan.io/tx/0x4767fe4f8aed6be53c02b35eb145f2a15a782406905fa66df63f6dede88d6d42
2023-03-24 06:15:47,True,0.3852,0.0002131,13.137,0.0028,0x94...e1af,https://etherscan.io/tx/0x000eebca13b325137e6fac5f0329c95027a11edf080388f019af166c273fe158
2023-03-24 06:12:23,True,0.3852,0.0002131,26.2261,0.0055,0xd6...e83e,https://etherscan.io/tx/0x4cf0ae44b635247c6c7602b72b57d04bf09427d3bbff56f4670c2840ec78aa61
2023-03-24 06:07:47,False,0.3848,0.0002131,9647.85,2.05621,0x87...abae,https://etherscan.io/tx/0x6758fefe958e7e72bcca20e033615d9abf551a7b66e248fcea24576e83b1d696
2023-03-24 05:59:59,True,0.3893,0.0002157,12.0933,0.0026,0x29...ea01,https://etherscan.io/tx/0x4dd9052ba1ae50add9e63335c4d7d5c21dd61c9867811f3afb52a9bf8e3d85fd
2023-03-24 05:57:35,True,0.3892,0.0002157,15.0624,0.0032,0x3e...db43,https://etherscan.io/tx/0x4328ff2e683c0af7ffbbcc0b777ea56d2add4c527879ea9f1dba12fbb9a409f7
2023-03-24 05:44:59,True,0.3896,0.0002155,1020.55,0.22,0xbf...789f,https://etherscan.io/tx/0x1b0efd0edbfce83788494eeb2149ad9ad992f16fd9e1428886938959fea51b68
2023-03-24 05:37:35,True,0.3898,0.0002153,464.323,0.1,0x97...05ba,https://etherscan.io/tx/0x02acb1af86996dd0a2ac669a5106c88846b87b1ef4f8c3361695349b0cd2e8e9
2023-03-24 05:36:47,True,0.3894,0.0002151,1162.01,0.25,0xf1...0638,https://etherscan.io/tx/0xa34c5a7d81ec56b8a4671d6b1496d291c55a048bf68d07180b5175c6c5a090c5
2023-03-24 05:33:35,False,0.3874,0.0002138,970.0,0.2074,0x4e...08eb,https://etherscan.io/tx/0x70334c9a50d5b0b14d70ef171c426a4de041a47fe8b3ac3d900ffe890572497b
2023-03-24 05:30:47,False,0.3879,0.000214,533.5,0.1141,0xe9...e78a,https://etherscan.io/tx/0x635a473d96e25601298b15908d82a2f1f99207e7816c74100f20c8b2bb65784e
2023-03-24 05:29:11,True,0.3905,0.0002154,4.39603,9.468e-05,0x58...82e1,https://etherscan.io/tx/0x23203cb48d4784cd5612f4bbaf09fd616d1cdef73ac7f898257d1dbddeb2d011
2023-03-24 05:28:23,True,0.3905,0.0002153,11.3199,0.0024,0x8f...38c0,https://etherscan.io/tx/0xeba606335073ec0377677df7a9d52e26ef81b85031a6dc869efaa82b4fc29848
2023-03-24 05:26:47,True,0.3905,0.0002153,13.6586,0.0029,0xef...de60,https://etherscan.io/tx/0xd2c6f46f4a662877bba32f8413174ed22e685c1bf3503ef53821f9ed40e8e8c5
2023-03-24 05:26:23,True,0.3902,0.0002152,1394.07,0.3,0x1f...d952,https://etherscan.io/tx/0xde6d04eed1b4cbce5c22e13ec6669e1e8fa86f4d606fe9793915c13be92b75d5
2023-03-24 05:24:23,True,0.3898,0.000215,0.6753,1.451e-05,0xeb...eaae,https://etherscan.io/tx/0xff034b7d27aa3eec74d21e24014e326e11501442125d25f3de416760b09cfe06
2023-03-24 05:24:23,False,0.3876,0.0002137,250.274,0.0535,0x3c...3c58,https://etherscan.io/tx/0x04abe7cc99e28ffd1dd04c8f59af8910b610d5c43a833638428c36f62d64a791
2023-03-24 05:19:35,False,0.3876,0.0002138,126.81,0.0271,0xb5...64c6,https://etherscan.io/tx/0xbbe038ec9a0fc5690175efc9a94fd81f7b2277ac48bd32fe0a3dfe621eaca88e
2023-03-24 05:17:59,True,0.3895,0.0002148,1796.65,0.386,0x2f...97fa,https://etherscan.io/tx/0x667ecc3df6bfe40e4db962623aaf7df5396e0f8c39cd64170e9bc45182b35c2c
2023-03-24 05:13:47,True,0.388,0.000214,4157.77,0.89,0xad...4ef4,https://etherscan.io/tx/0x2ef8df2a3be103d31a73f5e3af7f7d0444ea705b45d1ade10e253865d42c8dc6
2023-03-24 05:13:23,True,0.3871,0.0002135,1.75132,3.738e-05,0x79...dac6,https://etherscan.io/tx/0xfadb9ae76696362d736ba2a013c604f7b76a035e23db9b0e191254c9081c2b47
2023-03-24 05:12:35,True,0.381,0.0002101,25510.8,5.36,0xad...4ef4,https://etherscan.io/tx/0xac2ca5a363318345c501ee7cca66c562671d125f40398d0261205eb4fc0aa585
2023-03-24 05:06:35,True,0.3734,0.0002059,6686.88,1.377,0xfa...b920,https://etherscan.io/tx/0xfd6df1882ec5e739a9bd553e41991795e48ce8b21ed7653e211704eb848d26d8
2023-03-24 05:05:47,True,0.3718,0.000205,9.42372,0.0019,0xfa...bb71,https://etherscan.io/tx/0xc8b362d2c0434b033a4a8d20d758393a3038a4aa4875024d208dfdef7b6c9cf5
2023-03-24 05:01:11,True,0.371,0.0002047,2295.13,0.47,0xad...4ef4,https://etherscan.io/tx/0x5e9f39ab78e02f44a5db08eab067f6c0d8a85b20f75a4815fa3f563dd9d90ccc
2023-03-24 05:00:35,False,0.369,0.0002037,3464.89,0.7058,0x95...fba9,https://etherscan.io/tx/0x45daac029f3b3e6d8726c3fd2944eea84f02118bb3b18f2b23c5a5acfcfc9a9c
2023-03-24 04:59:23,False,0.3715,0.000205,6947.43,1.42434,0x17...ca47,https://etherscan.io/tx/0x440f7255bee11025c40cfcced9f5aa11bb431638ff9318bc4c6039e8ac253e34
2023-03-24 04:58:35,True,0.3751,0.000207,482.91,0.1,0x5f...e05d,https://etherscan.io/tx/0x51f31124d34109be9e527034bacbdb92e467711148e11fed38a7e762e092d891
2023-03-24 04:55:47,True,0.375,0.000207,38.3899,0.0079,0x90...5bbb,https://etherscan.io/tx/0x1d6531db02565ebdee7bbb297d4f8d57661471d5ec533145811ac995065bcf2a
2023-03-24 04:54:23,False,0.3728,0.0002057,227.551,0.0468,0x3e...a80b,https://etherscan.io/tx/0x89a91496fc75d185537d1c0b780abdcb7749b378a3fcdf4d6deaf8132e69c9ec
2023-03-24 04:51:35,True,0.3749,0.0002068,1724.6,0.3567,0xef...efeb,https://etherscan.io/tx/0x2848ae8a3b916c52f705d259a0c1fafb757c01831610af1bc57fef61c09fe50a
2023-03-24 04:42:59,True,0.3744,0.0002066,68.7026,0.0141,0x88...f99f,https://etherscan.io/tx/0x22367c60bec7cfbf37170ac26fd5bcd9029289566423b4074fec622dc2c4d4ec
2023-03-24 04:35:47,True,0.3731,0.0002059,4854.81,1.0,0x6d...899c,https://etherscan.io/tx/0xaba99f6260bcb34467f882c44c493fc1fb5315a4f2df131980359945fd6d92c5
2023-03-24 04:35:35,True,0.3719,0.0002053,500.245,0.1027,0xb5...86c9,https://etherscan.io/tx/0xfa4883338c2987985fa926dedee524ded8379c4cd87413490020dc92bdf8c9c0
2023-03-24 04:33:23,True,0.371,0.0002048,3324.24,0.6808,0xb3...7944,https://etherscan.io/tx/0x2ca0ae29637b8842cf74a15ae192eb2c6682e90f436d021a7c3f319af14e6564
2023-03-24 04:32:11,True,0.3703,0.0002043,3.4144,6.978e-05,0x99...809d,https://etherscan.io/tx/0x5bcb8d772bd9ac6409e4241c3d097d9fd83396fae624ce1dd3130e8f2a60b638
2023-03-24 04:29:47,True,0.37,0.0002043,538.357,0.11,0x78...21e2,https://etherscan.io/tx/0x414b71e2bb8ac9a44ba0b875f96067c0e1d9de20edabe6d3bb091c5b66edcd36
2023-03-24 04:27:47,True,0.3671,0.0002027,11800.1,2.3928,0xf4...f8d9,https://etherscan.io/tx/0xc29186c45f589cc48d11fc55d2b99917ba44deb8446449a02536fcb36f7d9b71
2023-03-24 04:27:11,True,0.3645,0.0002013,2.50941,5.051e-05,0x66...0161,https://etherscan.io/tx/0x787d465ca0173fe9066c409a30187c0b4446cc1e3fb087cd77b2b9b37f3b7802
2023-03-24 04:26:23,True,0.3614,0.0001996,13778.9,2.7506,0xdd...5769,https://etherscan.io/tx/0x1d9a070e0c25bb4ac426b792136c38110a302a4845c25737dfd38000591f8733
2023-03-24 04:26:11,True,0.3581,0.0001977,1390.38,0.275,0xda...a620,https://etherscan.io/tx/0x0dcbeb28dea40fc34b0e975759c4c98726b2bd2c09f17cc16f130ac2f6ad2b61
2023-03-24 04:25:59,True,0.3577,0.0001976,11.933,0.0023,0xf1...5edb,https://etherscan.io/tx/0xbcda34f0bd696c6e9dab564316b5dd73a0e0334a06418576e8195a7f347934e0
2023-03-24 04:24:47,True,0.3576,0.0001975,516.272,0.1019,0x8d...6a35,https://etherscan.io/tx/0x3f6408424bae395765b5204bf310740062ed39bdfc5c74eeec0d6e4acd6118ac
2023-03-24 04:20:59,True,0.3568,0.0001971,2535.63,0.5,0x6d...899c,https://etherscan.io/tx/0x2425f8d1594757e78c79aa16907a23e54987304c96dcf3d7b477be4d26abf460
2023-03-24 04:17:35,True,0.3559,0.0001967,1245.31,0.245,0x5e...4ac3,https://etherscan.io/tx/0x91aed101fc7280b64db8dc285e28e4624748a0ca9b61cfd13127f174ebbb7f18
2023-03-24 04:17:35,False,0.3542,0.0001957,3104.0,0.6077,0xca...b9ec,https://etherscan.io/tx/0xfc000034f7c6cd833239a321f971089e324734ef97c657c82c9b97432667f737
2023-03-24 04:14:47,True,0.3568,0.0001972,420.725,0.083,0xc4...2ffd,https://etherscan.io/tx/0x4607d0158910a1eb446bd0c638654ee695e3d67764fc9a98d0e848bd14eda5ea
2023-03-24 04:14:47,False,0.3549,0.0001962,1358.54,0.2665,0x69...9a65,https://etherscan.io/tx/0x130f439992948e31c7c10332f076331d58c7e0a3418432c67a80adcb902bd341
2023-03-24 04:14:11,True,0.3573,0.0001975,393.406,0.0777,0x58...6a6c,https://etherscan.io/tx/0xf5afe900f2e194f8a26b604fbadaff03a025e7a5a53742b587b629bb405aeef3
2023-03-24 04:13:47,True,0.3572,0.0001974,4.93782,9.75e-05,0x25...10b7,https://etherscan.io/tx/0x5cb04b02e3a8e52bdf3840a9a597d97ab6b093c447b9fe4faacb5ef012665d1e
2023-03-24 04:12:47,True,0.3573,0.0001973,795.0,0.1569,0x5d...15a3,https://etherscan.io/tx/0x7a2cc150e362bdfc2949dfe3c1aed52a880e84495489f17f72e87842229ade0d
2023-03-24 04:12:35,True,0.357,0.0001972,250.0,0.0493,0x33...8bcf,https://etherscan.io/tx/0x7c3b16dd591cb5e7a6a2ae23a22d4dbeac90518654e700262cc0c495302380a4
2023-03-24 04:11:23,True,0.3568,0.000197,1395.66,0.275,0xfa...b920,https://etherscan.io/tx/0x440ab6b4b642fe8cdafde86d7235ca033bfb10b29c229bc93bc20fb262f4feb8
2023-03-24 04:09:47,True,0.3565,0.0001968,333.0,0.0655,0x58...6a6c,https://etherscan.io/tx/0x1e1ede46b9c8d3deaf722bd12dcde3b0d561efaa5b40ad477eac2fad94b0c302
2023-03-24 04:09:23,True,0.3559,0.0001964,2795.0,0.5491,0x77...dab2,https://etherscan.io/tx/0x6afc027f1a712dd1d90ad87b5a85e9b002bbf5a26513127c29e2ac96f443378b
2023-03-24 04:08:47,True,0.3549,0.000196,738.074,0.1446,0xb1...c316,https://etherscan.io/tx/0x5a20b87442f14d6bfce71bc72111d80c56b94288c8400626ff56616bd68ad3a9
2023-03-24 04:06:59,True,0.3539,0.0001955,3682.53,0.72,0x95...fba9,https://etherscan.io/tx/0x0c86cc7e7d5225fb82eb75b7fda5b6289151cf59966d747e9f61e6fc3a596563
2023-03-24 04:05:59,True,0.3519,0.0001944,5652.19,1.0989,0xf7...65b1,https://etherscan.io/tx/0xde3239f3dc376aa4e60707935d60021562ea5d7f9319da34d8c7efa625807097
2023-03-24 04:05:59,True,0.3507,0.0001937,24.5379,0.0047,0xf5...6540,https://etherscan.io/tx/0x9d3f3d8537e6fabceff8d8a9181a54af588c12da83d1b2c5df7ff8ec2c3f57cd
2023-03-24 04:05:35,True,0.3507,0.0001937,6.82164,0.0013,0xf0...2082,https://etherscan.io/tx/0xa2381bbb0c21e41f77d379dc378d1bb166f8d5f0274b6dc3f0f3bea6d888abcf
2023-03-24 04:05:11,True,0.3486,0.0001925,10000.0,1.92593,0x29...8a1f,https://etherscan.io/tx/0x4c0f446642c4b72f138226f0a8dd1dd9f3f544166c2340023c83457fa95c5d6f
2023-03-24 04:04:59,True,0.3465,0.0001914,150.0,0.0287,0x12...68c0,https://etherscan.io/tx/0x3491ea9107faf4aa8a7b6359331519e1c5b3b678563f067f157c95d925851354
2023-03-24 04:03:35,True,0.3465,0.0001914,6.35943,0.0012,0x9b...f624,https://etherscan.io/tx/0xd17199901a7e13573f59e39e3448bdf37c487eff176eb077ea37c6824429f3e0
2023-03-24 04:03:11,False,0.3466,0.0001915,10825.5,2.07306,0x06...b2c4,https://etherscan.io/tx/0x0688b15d455ae5e39eeb27672115c2d43c6a1bbe4e384bb3100775502e8d3515
2023-03-24 04:02:47,True,0.351,0.0001939,12.487,0.0024,0x9b...f624,https://etherscan.io/tx/0x260439ec754b606e4ce765570087f2d6615718a605c96bebaa1b6bf7782cc029
2023-03-24 04:01:59,True,0.3508,0.0001938,600.0,0.1163,0x5c...9bcf,https://etherscan.io/tx/0xbf48d4a518f2a9b626335f38952caeb5dcc708beb2bf6474117bb0d205fb0989
2023-03-24 03:59:35,True,0.3505,0.0001936,1000.01,0.1936,0xb3...34b7,https://etherscan.io/tx/0x929ce39a5a5382093402aacbbefd9146d02cfe2d8199c8da4259f52e78af36b9
2023-03-24 03:57:35,True,0.3503,0.0001935,6.89584,0.0013,0xe2...5a9c,https://etherscan.io/tx/0x809156a88e7f279a51324e6195b6b336d5cc6b74389be5708ef6a4e5b1ba0d5c
2023-03-24 03:55:11,True,0.3504,0.0001935,10.6653,0.002,0x82...d80b,https://etherscan.io/tx/0x791cfa1c4ee91dd43766455398febb8493e187241660e4da9e89da19fbe4df1b
2023-03-24 03:54:59,True,0.3503,0.0001934,400.0,0.0773,0x58...6a6c,https://etherscan.io/tx/0x9bbd55f9219cc3effe4c0ee54fb92373ba379b759f90fd37bb4be6640ca793f1
2023-03-24 03:54:35,True,0.3502,0.0001934,10.0979,0.0019,0x48...7a79,https://etherscan.io/tx/0xf673252316a7815083a7594afdb361e68286533128869b4267f15e1fc70ec648
2023-03-24 03:53:47,True,0.3503,0.0001934,206.823,0.04,0xa6...6014,https://etherscan.io/tx/0x45485757bd1bea0e255b9512f9fc5e1c5528be0f3247322d7e883926ccb1dcd0
2023-03-24 03:53:35,True,0.3502,0.0001933,375.448,0.0725,0xc3...c592,https://etherscan.io/tx/0x6e9cadbcbb49ec7632357f8d5d507c38105a45ed1f63d0996a3d31fee7a5f5e2
2023-03-24 03:52:59,True,0.3498,0.0001931,1294.39,0.25,0x0b...9e52,https://etherscan.io/tx/0xedb3482a7b403652285ad5c58686ee3f7d0dada65c937542da0a6ad62c70b8f9
2023-03-24 03:52:35,True,0.349,0.0001926,2594.84,0.5,0xa1...8838,https://etherscan.io/tx/0xb006b6c2995ce731441c071b47fadf11324e9ab9da9113a3295283831508d35e
2023-03-24 03:52:23,True,0.3484,0.0001923,3.5764,6.88e-05,0x3a...aec9,https://etherscan.io/tx/0x2a7b7820916e4a53fa17ed2a0b1d520a38d6f950a96fe3ef8a531098f15f6ad6
2023-03-24 03:51:47,True,0.3486,0.0001923,12.3859,0.0023,0xc3...dae0,https://etherscan.io/tx/0xac499e20f556a539b0462847cdd9c8a09e30698482c3d1bc90f6ac556bd9dc5e
2023-03-24 03:50:59,False,0.347,0.0001914,1663.55,0.3184,0x90...584c,https://etherscan.io/tx/0x42c2045885388ae4fec7fdbbb7abdbb9d57e8920dee4e2e4b80bec1b711b2f27
2023-03-24 03:48:23,False,0.3482,0.0001918,2172.83,0.4168,0xac...d8d5,https://etherscan.io/tx/0x02789eaf3affea43cd4ff3049f7574b71addcd75b6295a962b59e5bd4c324942
2023-03-24 03:45:35,True,0.3506,0.0001932,127.9,0.0247,0xf1...5edb,https://etherscan.io/tx/0x89f837ec596b1a124b131ac56275744c1f37e7854c7210a3c7f1133b285408b7
2023-03-24 03:44:59,False,0.3489,0.0001923,2133.88,0.4104,0x1a...5d82,https://etherscan.io/tx/0x8cbe79f00ea642544ee564cd08fa86bc2bb9b6867d5442824fbc9baf67cba648
2023-03-24 03:43:47,False,0.3499,0.0001929,2816.01,0.5432,0xdb...d71d,https://etherscan.io/tx/0x18623688e7b81b903381c5225d3c934180f60bf504e687d4403209accb7add79
2023-03-24 03:41:47,False,0.3517,0.0001939,5927.78,1.14951,0xc9...f264,https://etherscan.io/tx/0x9bf606b324ae90eeb1e61362c6fb633c32e1681a3b0dc3095a595f29df14fab9
2023-03-24 03:34:47,True,0.3555,0.0001957,751.8,0.1471,0xaf...37ce,https://etherscan.io/tx/0xe8157e2b0b8a8a7535112b5357d7ddc2ecaab759a944653768b5a6d9c87aac5f
2023-03-24 03:34:23,False,0.3551,0.0001955,9247.89,1.8082,0xf9...5573,https://etherscan.io/tx/0x3ab4d79072b329780909613883502a372d5ffd05884adbc494a929c4e6ec31e8
2023-03-24 03:23:23,False,0.3575,0.0001968,2114.63,0.4163,0xed...9b54,https://etherscan.io/tx/0x873922a5f10558ef0d6eb64a646bb80ab175906687a0d4ee16e78b5e9faa425a
2023-03-24 03:22:35,True,0.3601,0.0001982,433.773,0.086,0xd5...094d,https://etherscan.io/tx/0x907499f4361a6242e8f1bd4183fae229dad31443d9a470fdb8d502f044891c26
2023-03-24 03:21:47,False,0.3601,0.0001982,10205.6,2.02325,0x7c...f84e,https://etherscan.io/tx/0x57c10fa05f3d7a29f4bdd5b7398b90f0209874b74bc6a77502b5870559cf6b2d
2023-03-24 03:21:47,True,0.3645,0.0002006,35.5355,0.0071,0x7c...f84e,https://etherscan.io/tx/0x57c10fa05f3d7a29f4bdd5b7398b90f0209874b74bc6a77502b5870559cf6b2d
2023-03-24 03:18:47,True,0.3632,0.0002,4998.43,1.0,0xf5...dbe7,https://etherscan.io/tx/0xbd839ec94ff5d85e1a2a8a2baff12ee059d42dbe2b880f8c4d1bd5d26f630574
2023-03-24 03:17:47,True,0.3611,0.0001988,4625.64,0.92,0x20...96b1,https://etherscan.io/tx/0x9cb570aa47f72655597b8aec1072e3c127e5080f622102e0d785d0956945d8dd
2023-03-24 03:15:59,True,0.3602,0.0001983,33.7584,0.0067,0x35...1dce,https://etherscan.io/tx/0x35c7508cf9d1698bc9606bc41f33860c08089edc92e06580c6bdfb1487920690
2023-03-24 03:15:11,False,0.3583,0.0001972,970.0,0.1913,0x14...0c69,https://etherscan.io/tx/0xbdb85afda6ad35ca3140b12ee57569ffd8bc33a551575b6c48ffc9775ed70821
2023-03-24 03:13:35,True,0.3601,0.0001982,2774.66,0.55,0xd6...ef96,https://etherscan.io/tx/0x308a7822bd9bd1cdea3b9bf4ab794dfd014487ece3ce1b466f6bc58f0fad00d8
2023-03-24 03:10:23,True,0.3594,0.0001978,32.3833,0.0064,0x98...e740,https://etherscan.io/tx/0x91e93a3fa84cee95d29f3f538718c642c98b11df3049ef67ed11b8ce41281c1c
2023-03-24 03:10:11,False,0.3604,0.0001984,14550.0,2.88742,0x7c...b172,https://etherscan.io/tx/0xd70f1a3c46c1f7e4eafbf855719d44079abfb38f487686f1ce2fd0b39d8d0592
2023-03-24 03:08:23,False,0.3637,0.0002002,436.5,0.0874,0xed...9b54,https://etherscan.io/tx/0x4554115e1239707bd6e4fb7a41b460b42b93d438bd65fdb065f6a84efaf3cc1a
2023-03-24 03:01:59,True,0.3656,0.0002015,68.6455,0.0138,0x00...f243,https://etherscan.io/tx/0x9e28cd12c7d5e079ca256a84aaff3aa97467af27002a1e509ed4badfda73760d
2023-03-24 02:58:23,True,0.3659,0.0002015,45.7322,0.0092,0x3e...347b,https://etherscan.io/tx/0x5dc5a007cef5619ecc3334553b03a114e44c34160efc115b3ee1b79150349a66
2023-03-24 02:53:35,True,0.3657,0.0002013,1042.87,0.21,0x1f...d952,https://etherscan.io/tx/0xf7d2a4fba113bd45322d4cbb3f78f24fa3e81707a7b552baf08464f6c0ad2fe8
2023-03-24 02:52:59,True,0.3654,0.0002012,17.8754,0.0036,0x82...2467,https://etherscan.io/tx/0x2b1177e7b644113d3b93082a7ecf03317e7a8078455c2ae579917b252e2338fe
2023-03-24 02:52:47,False,0.3633,0.0002,494.7,0.0989,0xed...9b54,https://etherscan.io/tx/0x8df5e729fb59b28edb96d7df08d1a611c8c106260ee6e5d3f072c35a50de4b28
2023-03-24 02:52:11,True,0.3656,0.0002013,43.3756,0.0087,0xf3...d936,https://etherscan.io/tx/0xf331ab30c0fb7b8fd5fabf6193cdd68b58d944e88de60267aaa0369283396fc0
2023-03-24 02:51:47,True,0.3654,0.0002012,966.152,0.1944,0x4b...5371,https://etherscan.io/tx/0xd716f1ee7ae3f542659c6e7b6c8d2c5945eefc748517a319450867090d053a92
2023-03-24 02:50:59,False,0.3635,0.0002002,2430.12,0.4865,0x48...716c,https://etherscan.io/tx/0xe5acbbbf998d454a42f33eeea59c1ff896bff50eb4c8dfafa2669a3b7f150dd4
2023-03-24 02:50:11,True,0.3661,0.0002016,407.956,0.0822,0xa1...b28b,https://etherscan.io/tx/0xfc0c8b80ab50f74dd3eec78e2fed2a9a98f20c2419b7e756aab5b3a83439709d
2023-03-24 02:47:47,True,0.3663,0.0002016,7.21162,0.0014,0xf1...5edb,https://etherscan.io/tx/0x48780c4cab3f0e0d83456058612d1ec791368ef61cf26fc998095a1ba2118593
2023-03-24 02:46:23,True,0.3663,0.0002016,7.46729,0.0015,0x7b...3da8,https://etherscan.io/tx/0x9e6c700efb0b02d8601f3f51e3542245cc1bff2497aebf6aa54153ffc77f1b58
2023-03-24 02:45:35,False,0.3649,0.0002008,3766.61,0.7565,0x80...9c97,https://etherscan.io/tx/0x12e5cdd7fb4625797e844bfbf8d15556f76cd331579f5c94747e32f2a22e9f4f
2023-03-24 02:44:59,True,0.368,0.0002025,6.67023,0.0013,0xfe...1f60,https://etherscan.io/tx/0x5cae2a2fae74c6b7189cd403ebf1da58ee87650e01fa311389082e4f45aa7b11
2023-03-24 02:44:47,False,0.3664,0.0002016,2910.0,0.5868,0x2e...7627,https://etherscan.io/tx/0x05626a0662fa2d084cc0ba7f585688b156c71d66f3a0e3ee3e2c62cdde1d5eac
2023-03-24 02:44:35,False,0.3678,0.0002024,3114.67,0.6304,0xed...9b54,https://etherscan.io/tx/0xceeddf9d9a81922f656d21dbdbd324a3c47179f5a3826b290b4be5e58c1bf26e
2023-03-24 02:44:11,True,0.3705,0.000204,40.4936,0.0082,0xf1...5edb,https://etherscan.io/tx/0x60af89ea46dcfe347e30cd9a08e06b251899c7100c387ec5f90aaaff677aa431
2023-03-24 02:43:35,False,0.3694,0.0002036,6323.27,1.2874,0xcb...03dd,https://etherscan.io/tx/0x0acc99b3e2d661a30fb79c9f2fe1c60306a6d5726eecaeeb79dbd1b3ae84346d
2023-03-24 02:42:35,True,0.373,0.0002056,23.327,0.0048,0x5e...5913,https://etherscan.io/tx/0x3be283938affef36a45f9128daebc0a6315534e24f6b2db69779f011cb5201a8
2023-03-24 02:34:47,True,0.3729,0.0002056,4.51764,9.289e-05,0xa5...ba37,https://etherscan.io/tx/0x1fbd764e6613b8175beb24d6131d23ebe7f5fd6e0aa26cab1317917a102db753
2023-03-24 02:33:11,True,0.3727,0.0002056,4.28816,8.817e-05,0xc7...eac6,https://etherscan.io/tx/0xce8e47df477842af42bcda3f3df1107aaab5741afbf3d8d148dfc1ee8121be41
2023-03-24 02:32:59,True,0.3725,0.0002054,1340.03,0.2753,0xf4...7e94,https://etherscan.io/tx/0x6aeb7883d3a2a04ca4fdc144397b8f48431075788210009118ecf5ea5ab30395
2023-03-24 02:32:35,True,0.3722,0.0002052,33.3884,0.0068,0x97...11e0,https://etherscan.io/tx/0xd3a506fd2dd5c38f6f4f3fdc474d9f5d6131b9bd2285bd564026242a47eadb63
2023-03-24 02:32:23,False,0.3717,0.0002049,7278.02,1.49169,0xa7...8055,https://etherscan.io/tx/0x44e3b9ace34cf5fdb29294aa6ad1b617af43dec9ec2cde6b3138134ace422c06
2023-03-24 02:30:23,True,0.3751,0.0002069,1062.88,0.22,0x45...9354,https://etherscan.io/tx/0xd0a143011739b9b090dc25efe1024dfd5d7afbb29b5a32b7ae5e84135587b666
2023-03-24 02:29:47,True,0.3749,0.0002068,96.405,0.0199,0x08...a577,https://etherscan.io/tx/0xf69f69b3e6ae68cafc3c6a0126b92581e3f0d239611f2161a95a6fc254a723cb
2023-03-24 02:29:23,True,0.3748,0.0002068,150.0,0.031,0xc6...f963,https://etherscan.io/tx/0x1441a8d2bd19e6335aa84c1020f5a8312d644566c07cbe881e317c136aa7e4b3
2023-03-24 02:27:23,True,0.3748,0.0002067,2.90323,6.003e-05,0x22...b7dc,https://etherscan.io/tx/0x3d89f6ded5abb5fa3a556e0ffddb373676969cf4cfad46971b6cfd4caca20d17
2023-03-24 02:27:23,True,0.3748,0.0002067,31.0453,0.0064,0x07...9999,https://etherscan.io/tx/0xc7c3a5ab69a656641c93a457e8a05a48981d4c6ebb0f531a9d39cb7a439260f6
2023-03-24 02:26:47,True,0.3747,0.0002067,241.844,0.05,0x3e...a80b,https://etherscan.io/tx/0x680b090dcb123636fc8f710b6d31948b08d84d142f3f6857dddbea3201a10ff0
2023-03-24 02:26:11,False,0.3733,0.0002059,3678.74,0.7576,0x41...aced,https://etherscan.io/tx/0x903b757e83cf00447fdd9972d03faf1f293487c2b4850871face6d873a4fbcec
2023-03-24 02:25:23,True,0.376,0.0002075,819.067,0.17,0xf3...cb46,https://etherscan.io/tx/0xd315c04763c44c84e828256eef0c8248edc3e28e78411bd37a2a5d5c3198ffa0
2023-03-24 02:25:23,True,0.3757,0.0002074,305.535,0.0633,0x3e...a779,https://etherscan.io/tx/0xb0aea5e92d6a8464c45eef584e38ded6eab8e06a748b96900133d6f83647c1df
2023-03-24 02:24:59,False,0.3736,0.0002062,867.457,0.1789,0x03...4329,https://etherscan.io/tx/0x0261318e749b5ca8e2806435e62fbf19cefea5def53e79f20abcb4d26a3efc98
2023-03-24 02:22:23,True,0.376,0.0002075,20.6686,0.0042,0xd3...26de,https://etherscan.io/tx/0x7c11f2ee10db430b44bd76a91b001fdaf5b7fe1ec3bffc396f1a86c2043b4aae
2023-03-24 02:18:35,True,0.3754,0.0002074,1304.25,0.2705,0x30...52d4,https://etherscan.io/tx/0x13549bcfea7c1e566f0fa9688702794b59c5f1e18055ba36b8e03827af0ffb01
2023-03-24 02:17:59,False,0.3731,0.0002061,970.0,0.1999,0x5d...5601,https://etherscan.io/tx/0x3fada083f344732e307400648faea613e3bbdf775dd83adab1852de15513b687
2023-03-24 02:16:35,True,0.3753,0.0002074,530.297,0.11,0x5b...11bf,https://etherscan.io/tx/0x34cbe013a05e5dea2fc617d1b8fb3cdb11d754943a9ef5ce07716dd12f41e7ae
2023-03-24 02:15:11,True,0.3752,0.0002073,266.606,0.0552,0x0e...426c,https://etherscan.io/tx/0x09cd6a7ca2474493d0407445d81f27aa7ac1df3308eb405fc35ad751c7a6fcdb
2023-03-24 02:13:47,True,0.3751,0.0002072,10.7548,0.0022,0x9e...2b76,https://etherscan.io/tx/0x1c9e2fe1bbe5ae576852c2fffef3db47b701ee22b6059637b9e63ec4acb92898
2023-03-24 02:13:23,True,0.375,0.0002072,30.8091,0.0063,0xe6...80ff,https://etherscan.io/tx/0x63591de4df9c0677d9dca377cedfa85fde919de05e6d48ca9111dcd43d7360c7
2023-03-24 02:12:11,True,0.3742,0.0002069,2899.82,0.6,0xf8...0a3c,https://etherscan.io/tx/0x25527a0d606ab84eb7859367000824cf1a53ae90b7253bcfb3a4307b663c86e5
2023-03-24 02:10:35,True,0.3725,0.0002059,4856.36,1.0,0x07...1daa,https://etherscan.io/tx/0xaa3fa5968613045f221dab0af664da936a77ab56a269d8d0564c40d536200764
2023-03-24 02:09:35,True,0.3708,0.000205,2341.47,0.48,0xf1...93f3,https://etherscan.io/tx/0x2400dc03f71dc670e9ca7e0251be336997f405dc4649dca5394d781035fbf07c
2023-03-24 02:08:47,True,0.37,0.0002047,28.1272,0.0057,0x99...e655,https://etherscan.io/tx/0x49952eaa50928d4558a7de0dfeefa07a09e2232f249399abcf0acc27081bc35a
2023-03-24 02:07:11,True,0.3701,0.0002046,61.0522,0.0125,0x1c...3af5,https://etherscan.io/tx/0xac298ca92ec8ceb3360e2af7b4f6ef1579a8d160c0839f075198da62993d156b
2023-03-24 02:06:59,True,0.3646,0.0002015,24916.6,5.02248,0xa5...669a,https://etherscan.io/tx/0x8f7b24818dcef006d00eee56aa5fac6d3a8870f025dc7b880e86ff8e317ec726
2023-03-24 02:06:47,True,0.359,0.0001985,188.921,0.0375,0x92...71cc,https://etherscan.io/tx/0x47049706613e1d97338dae16f2f334b5a08f2ea49a56a69dfe7bb7d77c6541a8
2023-03-24 02:05:59,True,0.3588,0.0001982,1512.94,0.3,0x79...7aab,https://etherscan.io/tx/0xf9643622a13673d9eb9f405b488d7a28005c3574cc68d1d630f4b8e3f56becb2
2023-03-24 02:05:35,True,0.3583,0.0001979,1010.18,0.2,0xd7...9a93,https://etherscan.io/tx/0x3642db9e4cb8401f34efc307b959f316366da2a945a86c4b1c2a4a0da514e5a9
2023-03-24 02:05:11,True,0.3575,0.0001975,2530.88,0.5,0x76...7c84,https://etherscan.io/tx/0xbb70e8a6c61589964125dc70bbe94380e27a2aa5331bf515891d91c165f478f7
2023-03-24 02:03:35,True,0.3553,0.0001963,7383.82,1.45,0x17...ca47,https://etherscan.io/tx/0xdb3605914a95ce1e72a7969cd19d842997d65ce2523dbfe694baf1a12abdeaba
2023-03-24 02:03:11,True,0.3525,0.0001948,5661.34,1.10302,0x8e...6868,https://etherscan.io/tx/0xfa0fbc024c0c62d256d903119c9f9eb9b42aed169946a4603ffe43931194ca7d
2023-03-24 02:02:11,True,0.3505,0.0001937,4037.2,0.782,0xed...9b54,https://etherscan.io/tx/0x6b601929197d72e860b7a26ecad0e40672de1777b4265131ab168dcacb875ead
2023-03-24 02:01:47,True,0.3497,0.0001932,28.2482,0.0054,0x60...15bb,https://etherscan.io/tx/0x7dcff31bb66fe65e3581c9d029b8fe060ecbc989b44109c4ba25b1b43090ce60
2023-03-24 02:01:47,True,0.349,0.0001928,3676.14,0.7087,0x5b...ba4e,https://etherscan.io/tx/0x71e4eba54304600486e6d2f9f5c63b5c19f948a931fb7b768918c0e43e390443
2023-03-24 02:01:47,True,0.3472,0.0001918,4988.6,0.9568,0xd1...4001,https://etherscan.io/tx/0x5c9d1fb07412bcaccd422bf1e82b95443f842907d126c156fda1b5b7a9086b7a
2023-03-24 02:01:35,False,0.3561,0.0001966,56066.0,11.026,0xe2...e24b,https://etherscan.io/tx/0x74425dcd8100dc1b34c7984ab73bc3fe13d4a3902dddde588e82b312ef01dac3
2023-03-24 02:00:35,True,0.3704,0.0002045,941.075,0.1925,0x27...3c7e,https://etherscan.io/tx/0x19a60ec65fa200f5e8479341f3c0a9580f11a4e70b0c1136d522942cddac9449
2023-03-24 01:59:47,False,0.3681,0.0002033,776.0,0.1577,0xf3...f59f,https://etherscan.io/tx/0xbdaf768a1c62986dd98a402bc746050909a8aa6ca0da4902d966ccc1b3173b73
2023-03-24 01:58:47,False,0.3703,0.0002044,8052.02,1.646,0xeb...aa21,https://etherscan.io/tx/0xecead78d5d29d0e813ba18529833ce28e567083ef1b687ca67e5eadc38161dc6
2023-03-24 01:57:23,True,0.3743,0.0002066,398.398,0.0823,0xe6...10ed,https://etherscan.io/tx/0x3dd6ab382838fa37a6877608c6f2f4f6416197d2dfadcfc2046a7a3de88242e4
2023-03-24 01:57:11,True,0.3742,0.0002065,5.31581,0.0011,0x34...7f3e,https://etherscan.io/tx/0x28f179c1e5388b6788c532c1e32bd00d89e355486512aa28111111fce6ae6cb2
2023-03-24 01:56:59,True,0.3742,0.0002065,54.0408,0.0111,0x60...15bb,https://etherscan.io/tx/0xc4b4dc806f6c6619ad0a761eb1592b43d76a1e7a7c9bd3f7f949973d6a6bf952
2023-03-24 01:54:23,False,0.373,0.0002059,5102.5,1.05098,0xfe...26bc,https://etherscan.io/tx/0xd835c5f8f884b05c8a912423846f258efd5b905841bb3d19654cfe5a1830d12b
2023-03-24 01:53:11,True,0.3765,0.0002078,4.92913,0.001,0x24...9472,https://etherscan.io/tx/0xec6dd85b00d18a71714ff5b31a522ab99e937dfa47748edcc565e19dc157c1e4
2023-03-24 01:52:59,True,0.3765,0.0002078,45.5653,0.0094,0xfe...1f60,https://etherscan.io/tx/0x4aa10756fc704e768281a58934d32876b6dfc7baae86d4c36180ac83227a296e
2023-03-24 01:52:35,True,0.3769,0.0002077,962.776,0.2,0x97...0026,https://etherscan.io/tx/0x7a9da341852ef89e7708ebd1bfc75b90798c9a107d793c1e2cedc76e4f0862fd
2023-03-24 01:51:23,True,0.3768,0.0002076,21.8479,0.0045,0x22...b7dc,https://etherscan.io/tx/0xb996e396f9265f5f9b6b2efb03b89a23476899c4654b39b6c8e178de5a207c3d
2023-03-24 01:50:23,True,0.3765,0.0002074,1190.66,0.247,0x62...9e77,https://etherscan.io/tx/0x864ec45a06550863c6956995a9099794c2cee5c72af34a79126547426a750278
2023-03-24 01:49:59,True,0.3763,0.0002072,5.30509,0.0011,0x2b...bfa1,https://etherscan.io/tx/0x394b387650c7302fa391c185113416b7d31d792c6dd2b13899900b4b10e7f689
2023-03-24 01:49:11,True,0.3759,0.000207,1690.2,0.35,0x47...9b06,https://etherscan.io/tx/0x91707f423a368166072edc0e69fb42484769afeb7780fdadb8457ef380ca40dd
2023-03-24 01:49:11,False,0.3734,0.0002057,953.834,0.1962,0x11...8d3b,https://etherscan.io/tx/0x051c5e567504632e9fdafd4f554ed9bdfd176d849e922228d4d2e5d05b0b31cc
2023-03-24 01:48:47,True,0.3747,0.0002064,5307.57,1.09559,0x05...1673,https://etherscan.io/tx/0x91cfd9f4fd303489f3ccf350cfb21419e511229f0536540e45b532150cdf6d79
2023-03-24 01:47:35,True,0.3735,0.0002057,5.14932,0.001,0x06...3773,https://etherscan.io/tx/0x9025dc64f1c9099980a2fb7101e0394ddc52ea8499ba6f0e9bf21a81e42ac347
2023-03-24 01:47:11,True,0.3735,0.0002057,63.1886,0.013,0x97...b223,https://etherscan.io/tx/0xfc197d66a4875228b99604e2bb053eb7bc4402088c84830091e70487dbac12b9
2023-03-24 01:46:59,True,0.3735,0.0002057,7.0487,0.0014,0x31...772e,https://etherscan.io/tx/0xfb7bf1797a20dd586893f1ab85e23b81bd3c0a4ade173d48081261d83a882cca
2023-03-24 01:46:59,True,0.3734,0.0002056,534.876,0.11,0xaa...79a4,https://etherscan.io/tx/0x85a0dbc428e647cfaabaef1d87a47d51c587625dd0d6a484a9ecc5db4f30f6a6
2023-03-24 01:43:59,False,0.3738,0.0002058,11857.2,2.44099,0xb4...7cbf,https://etherscan.io/tx/0xd2d58525289c380eab6f5e629aeb598fc716422d706a9ca3a212b44332d958c7
2023-03-24 01:43:11,True,0.3789,0.0002086,7.24945,0.0015,0x14...0c69,https://etherscan.io/tx/0x7ac1083f4ea3bfb3e2a31d75880cd1ba257c6cc12928a36dfe66260792b9f2ab
2023-03-24 01:42:35,True,0.3789,0.0002086,14.2477,0.0029,0x66...0161,https://etherscan.io/tx/0x0d313ac82d915d83cc2f8151fd213108a7024ce19fa4cf86e9e2d6c1f2b21b77
2023-03-24 01:40:11,False,0.3772,0.0002076,2425.0,0.5036,0x60...c70c,https://etherscan.io/tx/0x1ae21cb97f07b33d3f70bdc49b05b557d00ab43e4667dcffe49d0f3f11037074
2023-03-24 01:39:59,False,0.3782,0.0002083,2286.29,0.4762,0x20...d01e,https://etherscan.io/tx/0xd9edb121c9960b351ebaa55d10878b546facb3e28d9e2fa3f41b1be1e8952619
2023-03-24 01:36:59,True,0.3811,0.0002098,127.248,0.0267,0x02...6ccb,https://etherscan.io/tx/0x944b42148fcd957951b1c4c0f59ce7e1ea866c41fc9d4b14b6e78a35ddf834ae
2023-03-24 01:36:11,True,0.3807,0.0002097,505.888,0.1061,0x79...7afb,https://etherscan.io/tx/0xf14456747b89f6c537381b9a998d288cf9e4f168a7a0b42b77047f881cbf7ab9
2023-03-24 01:34:35,True,0.3807,0.0002096,7.89542,0.0016,0xa5...ba37,https://etherscan.io/tx/0x10bb392bf702bfcca0560425f1baf1d6efbf060654df4fa8ad1d8d97764b3527
2023-03-24 01:34:23,True,0.3807,0.0002096,5.66496,0.0011,0x22...9911,https://etherscan.io/tx/0x9bdb9c2f22842dbc203b7bec0c6aa0812f4a6759cf0fa8ed7691db283659df01
2023-03-24 01:33:23,True,0.3802,0.0002093,2388.09,0.5,0x37...1154,https://etherscan.io/tx/0x1c8980a1bf706595dc0356427964adaecfb037f91f3fa7b12ca4e8fbedbf86d2
2023-03-24 01:30:59,True,0.3791,0.0002087,2095.87,0.4375,0xf0...6135,https://etherscan.io/tx/0xdaa1cd4e8cfaa3882dd76126eb0416c8612d136a039dcddba00db1f51994561d
2023-03-24 01:30:35,True,0.3786,0.0002085,27.0365,0.0056,0x28...d2ee,https://etherscan.io/tx/0xc03ac6857333d626cf94af0e3cd6db4c005c326991c9c38ee62c15b9d4246500
2023-03-24 01:25:59,True,0.379,0.0002085,34.0388,0.0071,0x63...1335,https://etherscan.io/tx/0x008ca85a93a497d6387b1c83a965526b288e758400defc0f21ec5132dbc4ec42
2023-03-24 01:25:11,True,0.3788,0.0002085,3.5396,7.379e-05,0x9a...4a02,https://etherscan.io/tx/0xf577dbc73578d1d7a72e9c8b935f2e2e4560eb4d5a239eaec69d1e60a65ecb7d
2023-03-24 01:24:35,True,0.3788,0.0002085,6.34246,0.0013,0x78...b05b,https://etherscan.io/tx/0x379f49f67d4bce0f18129e4325a4206b99615c4aef871d370ed173d10ff39abb
2023-03-24 01:23:23,False,0.3771,0.0002075,2425.0,0.5033,0x8c...a374,https://etherscan.io/tx/0xd9f9dbf67b9094dd9e99c95368e2318fc7a2460de0d17b9bd4506db7c17db7af
2023-03-24 01:23:11,True,0.3799,0.0002091,0.2766,5.785e-06,0x35...1dce,https://etherscan.io/tx/0xabc8d89432988b573204bdd04ddb916249ce916847aa68ac57bdb24da4b33c00
2023-03-24 01:23:11,True,0.3799,0.000209,305.616,0.0639,0x58...6a6c,https://etherscan.io/tx/0x80e0671d295aad49bf2d6b2169467eab9d62b62f1757356999fed3456eced577
2023-03-24 01:22:47,True,0.3797,0.000209,9.50495,0.0019,0x44...c33f,https://etherscan.io/tx/0x884c58f122ff310a95338426980906610fbc133640a4ab55c833ea3fb4446de2
2023-03-24 01:22:23,True,0.3796,0.000209,23.0847,0.0048,0x6e...8aca,https://etherscan.io/tx/0xeff0591975a0321a305093673048bd47372b0f2f257fdad526577d8738bfd246
2023-03-24 01:22:23,True,0.3796,0.000209,12.5285,0.0026,0xef...96c7,https://etherscan.io/tx/0x9b00bedcbc45672fd42e98fde7d57da3dbdf9cd57c332f26ee3ac6c11e912d8d
2023-03-24 01:20:35,True,0.3786,0.0002085,3950.0,0.8236,0x07...d38c,https://etherscan.io/tx/0xa2d3680acec8ee4e866ec74079ae244c96bff35245bba34056fe7777ca68c3b2
2023-03-24 01:20:23,True,0.3777,0.0002079,240.413,0.05,0x0d...e9ed,https://etherscan.io/tx/0xe8cd3692246cd68e325f38948b0f1960ad6730aa537e4280e80810061ed8fcbd
2023-03-24 01:20:11,True,0.3776,0.0002079,1.80827,3.76e-05,0x7c...cfd0,https://etherscan.io/tx/0x213e3d6c48e3a406d9f3cdcd5d57d322c71649cf704f0b7ec96db563dc27c6e3
2023-03-24 01:19:11,True,0.3774,0.0002079,7.28809,0.0015,0x97...11e0,https://etherscan.io/tx/0x456c39081e81ae63bf781cd404e231f6554a25015363e92768322bd288f5c269
2023-03-24 01:16:59,True,0.3771,0.0002078,1059.77,0.2202,0x2b...fef9,https://etherscan.io/tx/0x541eb6a7a1f15379cbf5f905dba554e07749b5a83c34fb7198e37be566947583
2023-03-24 01:16:35,True,0.3766,0.0002075,1204.75,0.25,0xf7...8b5c,https://etherscan.io/tx/0x3b2d771e742b11254276d285626a20f59ca4bac0b635adbf8d2cae61419cc749
2023-03-24 01:16:35,True,0.3752,0.0002067,4837.16,1.0,0xef...5a95,https://etherscan.io/tx/0x23bcda44d9ea25f8916fbe886eb98c12cf78640de7390e88bef1cb017b480bc0
2023-03-24 01:16:23,True,0.374,0.000206,244.842,0.0504,0x84...ba2e,https://etherscan.io/tx/0x15743425f837a78c2fbea34f2a3a6f7ed54a2ee904651c56a8a250eb29b34275
2023-03-24 01:15:59,True,0.374,0.000206,15.6097,0.0032,0x95...357b,https://etherscan.io/tx/0x95c17a83e08a4f29cb4af4feb15f59a6037c35598d4c9a35c2cc4ca6affe3889
2023-03-24 01:14:35,True,0.3739,0.000206,1.58007,3.255e-05,0x11...7fd9,https://etherscan.io/tx/0xd75296722178c7905c5d960cf0c229ab285c42dab2eb62c71a990ff585d00de6
2023-03-24 01:14:35,True,0.3738,0.0002059,653.126,0.1345,0x78...6170,https://etherscan.io/tx/0xde1296ba3c537b06df84ec61696cbde91ed2a99ed928e963fb57a888be2827a8
2023-03-24 01:14:11,True,0.3736,0.0002058,150.0,0.0308,0x57...8f67,https://etherscan.io/tx/0xacd34264f9c4038cec01c44a662a1a9896c0c38252b7a119721c537209f5f51a
2023-03-24 01:13:59,True,0.3735,0.0002058,13.9838,0.0028,0x36...a467,https://etherscan.io/tx/0xd2b63aa581862104911f58afb678ad1c99e989dd0218d1a0ece6bb4ae5142a75
2023-03-24 01:13:11,True,0.3733,0.0002057,1000.0,0.2057,0x5c...9bcf,https://etherscan.io/tx/0x72e86535e47ed8e185950f33ae19ad8307d4e273a5d6a1f95b13f46f8f307cb9
2023-03-24 01:12:59,False,0.3735,0.0002058,11348.0,2.33537,0xeb...aa21,https://etherscan.io/tx/0xf7c5e60cfc7c24bc0a0cc3d138b2e020080e17754cfd0aa635806846423e83b7
2023-03-24 01:12:11,True,0.3784,0.0002084,15.5523,0.0032,0x0c...3765,https://etherscan.io/tx/0xd9365b21d957f91d1d06bf505dfe40bd78c567ab1335e170b2280afbfe210829
2023-03-24 01:11:23,True,0.3772,0.0002078,5001.0,1.03942,0x92...2027,https://etherscan.io/tx/0x9172a13ae66f6a6ff1015a65a844f44cbd4f4bc0b3373d6db4ba7aed6115feea
2023-03-24 01:10:47,True,0.376,0.0002071,32.1648,0.0066,0x5a...dcaf,https://etherscan.io/tx/0xba58c80a06e42e02263f154fd1af8b389d9868419ca5993811d6b49403914db6
2023-03-24 01:09:35,False,0.3748,0.0002065,4462.0,0.9214,0xf3...be49,https://etherscan.io/tx/0xe3c7a594b98e060a0424fd7020fe29451e129aace473b8ed2a4843e24813ee3c
2023-03-24 01:09:35,True,0.3768,0.0002076,5288.66,1.09821,0x12...4196,https://etherscan.io/tx/0x9fdc6aa30dd6f6f5912d54da9901a7d2dfa39e47594c7c6dcd0988c26d4a84dc
2023-03-24 01:09:23,False,0.3738,0.0002059,1746.0,0.3596,0x14...0c69,https://etherscan.io/tx/0xe5bef700363babc62cbb57a55f4560526952828f8c893c08cdcb0bb189cb1272
2023-03-24 01:08:59,True,0.3759,0.0002071,2003.26,0.415,0x47...9b06,https://etherscan.io/tx/0x8337ef55da1a093dc84c9a07ba06ef83c996a56da914b85eec8012c12a4e1b19
2023-03-24 01:08:23,False,0.3738,0.000206,2910.0,0.5995,0xbe...91a7,https://etherscan.io/tx/0xffd6b1e746744e247f6ae4a9fe8e1f1656be6864cb2dbbb4772d757b78b719c3
2023-03-24 01:06:47,True,0.3767,0.0002076,3.54776,7.366e-05,0x31...772e,https://etherscan.io/tx/0x8885966bed4c36266f37d3b2a548fa31a9f95c4bcc058cb79b362d2f0ff02cd7
2023-03-24 01:06:47,True,0.3767,0.0002076,15.2296,0.0031,0xf4...8584,https://etherscan.io/tx/0x156050bcaa9e2524360d8badf56c91bbff5509ef639542c5b02170ca322b5b67
2023-03-24 01:06:11,True,0.3766,0.0002075,476.911,0.099,0x77...9107,https://etherscan.io/tx/0xf8d87a5b6877d9d915199abff766c7e0b52082d195f24317602e89657bff4abf
2023-03-24 01:05:35,True,0.3765,0.0002075,12.0407,0.0025,0xf0...2082,https://etherscan.io/tx/0x12cc4c8d6c14ce37154651056e0d17a7a3f2b60a0b119c9f21c670681b7b52a9
2023-03-24 01:04:47,True,0.3758,0.0002071,2993.22,0.62,0xfa...f5b1,https://etherscan.io/tx/0x497a67738baf60ce8f0070cde46a064fa8cd7f48180652350447dc61c8936a2c
2023-03-24 01:04:23,True,0.3751,0.0002067,99.0838,0.0204,0xdc...5781,https://etherscan.io/tx/0x5fce080cfef6379d7bb19c82aa0b01a8fa58f51b18bb3b162dd2a367c95ac5d6
2023-03-24 01:03:35,True,0.3749,0.0002065,1062.55,0.2195,0x56...6ad2,https://etherscan.io/tx/0x44a87a5db1ac604daed8d54080e6464f69436e56ed39754af116774ab7f91132
2023-03-24 01:01:59,False,0.3726,0.0002053,970.0,0.1991,0xa4...fd20,https://etherscan.io/tx/0x3cc65cbdff1cb7077d480fe1230d03c5abc091a1c724673c5627d317264f7ca5
2023-03-24 01:00:47,True,0.375,0.0002067,1.06409,2.199e-05,0x27...9c8e,https://etherscan.io/tx/0xc880631d802c4382a8977b2f2c4c366a4e95439ada4d51643a9257028573ea58
2023-03-24 01:00:47,True,0.375,0.0002067,8.55528,0.0017,0xd0...2f38,https://etherscan.io/tx/0xb1de9f187bf03ae759de1b7ad49779832aacd119e131878a135c90a9fc0c9f55
2023-03-24 01:00:47,True,0.375,0.0002066,45.3817,0.0093,0xbe...59ea,https://etherscan.io/tx/0xe46643f05d299fd75c8c286668a8212c0158b5f4e757ddf65fc2dadb11754b69
2023-03-24 01:00:35,True,0.375,0.0002066,16.5407,0.0034,0xbe...b83b,https://etherscan.io/tx/0xea407029938f54ada0312353b027344fa983992a84a3ccc3f72c93be3a279859
2023-03-24 01:00:23,True,0.375,0.0002066,48.8124,0.01,0xc5...f507,https://etherscan.io/tx/0x53a972c1b3af865a1632fc1eb9c1e5cf3e45494e55f85b98f3d109d2e76b4a8d
2023-03-24 00:59:59,True,0.375,0.0002066,23.8474,0.0049,0xe9...3878,https://etherscan.io/tx/0xf639f23fcfc1fd9d4aa6010dfa7fd23960f9f2e254a858a10e59e66e1cb6725f
2023-03-24 00:57:23,False,0.3772,0.0002079,19400.0,4.03379,0xeb...aa21,https://etherscan.io/tx/0xbf653e0a7cb5307188fcae729914eefc881ad1904262046e4853b62e3d71430c
2023-03-24 00:54:23,True,0.3844,0.0002117,18.6764,0.0039,0x14...b054,https://etherscan.io/tx/0x0efd3c32e0501721dfca48cb155ad4603642d9944006d986f92511ce42f29909
2023-03-24 00:53:59,True,0.3844,0.0002117,3.9407,8.343e-05,0x95...357b,https://etherscan.io/tx/0x14dde256b43084e5ee48b6cce6ddb80889d4872b77952e7bdd614d5d7ed4f22f
2023-03-24 00:52:47,True,0.3844,0.0002117,1.62153,3.433e-05,0xe2...bdb5,https://etherscan.io/tx/0x02552f772e6af63f60574ab116d8603bbedb8d240501e0a46e71bb7c697eba2c
2023-03-24 00:51:59,False,0.3869,0.000213,19400.0,4.133,0xeb...aa21,https://etherscan.io/tx/0x3a578572d8809992639b9cbe00189dcbcc69cfc133900193c876b81f314c49dc
2023-03-24 00:50:59,True,0.3938,0.0002169,2.23866,4.856e-05,0x17...d8bb,https://etherscan.io/tx/0x013b85e79f0178e1418ab5b0e872c26f6e1d9411728d67607784303387ceec49
2023-03-24 00:50:35,True,0.3937,0.0002169,6.73115,0.0014,0xf6...d4ba,https://etherscan.io/tx/0x93b26a6bf5fac56f6799231d5e2002afdcb6d4cf1e3ec58136e72aeaca7c837d
2023-03-24 00:49:47,True,0.3937,0.0002169,3.33571,7.237e-05,0x9b...f624,https://etherscan.io/tx/0x5d5c01218fb96045d60f410adfbe19fc9f64cc0c2878cf3989bf965a75708b14
2023-03-24 00:49:23,True,0.3937,0.0002169,11.9685,0.0026,0x52...fb3b,https://etherscan.io/tx/0xaece70e6fcf08ad869c52a435d1a5a3e0a3c94538a6040ab5753df59af713f34
2023-03-24 00:48:35,False,0.3916,0.0002158,1115.09,0.2406,0x3a...27b7,https://etherscan.io/tx/0x2d4feb0b1cd5b43b30d39205c6595b26e6a894d33f4b91620773dd1e21bb74de
2023-03-24 00:48:35,False,0.3944,0.0002173,10148.9,2.206,0x3a...27b7,https://etherscan.io/tx/0x2d4feb0b1cd5b43b30d39205c6595b26e6a894d33f4b91620773dd1e21bb74de
2023-03-24 00:43:59,False,0.3993,0.0002197,7085.74,1.55722,0x79...4a53,https://etherscan.io/tx/0xfd6c783b2c6aba815e383b888aa1a53f8a8f80bfd586e1867f27ef54a66009a6
2023-03-24 00:39:11,True,0.4035,0.0002221,11.1159,0.0024,0x4b...5371,https://etherscan.io/tx/0xe9a1cf0e0f57cfa8ff1c4f12a035becad88e39b5e65bf785329da2764a2ba39b
2023-03-24 00:38:47,True,0.4035,0.000222,62.9692,0.0139,0xaf...94ec,https://etherscan.io/tx/0x517437d5632409b0222b4436bfbf6d47182a18a01c31b71d2060c10bd5b78dea
2023-03-24 00:29:47,True,0.4035,0.000222,1.80368,4.005e-05,0x5b...9291,https://etherscan.io/tx/0x96b74d6a91b1806da9afec53bf4872e44e18dc44d2728b640bc614e91bd79ad1
2023-03-24 00:29:23,True,0.4035,0.000222,78.5406,0.0174,0xe9...106d,https://etherscan.io/tx/0x2c45bd91ffec57bb0103dcb51ddb77d52f04d85924a9efb9d264af3f2ffaefd1
2023-03-24 00:23:35,False,0.4009,0.0002208,640.743,0.1414,0x92...c249,https://etherscan.io/tx/0x7eb9359d4ddbb80227430f131e9fadcbdc8ace8a9ea0733ca3a5900ae4c2a4a1
2023-03-24 00:23:11,True,0.4035,0.0002222,46.0863,0.0102,0xee...75af,https://etherscan.io/tx/0x312764b139e63fbad466e8aa410ff6dc951b505036bd71f81fe759e68f6085aa
2023-03-24 00:22:11,False,0.4016,0.0002211,1972.98,0.4363,0x34...ec30,https://etherscan.io/tx/0xff1025b6f66cee6719c635dde6c7306d016f8f5ab4619cb434d4d6e73491c26a
2023-03-24 00:19:47,True,0.4045,0.0002227,4.03363,8.986e-05,0x53...4464,https://etherscan.io/tx/0xaa7c209734da327fdd04be14442d30b2489aa6c1da1d3cff6536fbc9c2fa733c
2023-03-24 00:18:35,True,0.4049,0.0002227,184.186,0.041,0xbc...8983,https://etherscan.io/tx/0xb5a3e6c6e8da7c454197fc522b3cc55e827c7333dc7148678053621be23fc40b
2023-03-24 00:17:59,True,0.4049,0.0002227,18.0699,0.004,0x9d...e685,https://etherscan.io/tx/0xd102199fd7e001804f33a2cdb4ab5cdadd850d750b793314272f612ea401062d
2023-03-24 00:17:11,True,0.4048,0.0002227,5.95805,0.0013,0x0d...c9e5,https://etherscan.io/tx/0xa7b0b7e9adaf31946308f057d1d07c14b9b0e72c13f3b3ab0edc3d75e305143c
2023-03-24 00:15:47,True,0.4037,0.0002227,49.2639,0.0109,0x65...a05f,https://etherscan.io/tx/0xb589a08b98dfd4b20a0cfd8ce29807c0fed5382d4bbb0bce9590048121c86152
2023-03-24 00:15:47,False,0.4016,0.0002215,1455.0,0.3224,0xe9...e78a,https://etherscan.io/tx/0xbab8ed9dbe971496371f5c9506f485972bb1fa47cfa197c889baf9e93426e6f1
2023-03-24 00:13:11,True,0.4024,0.000222,7828.64,1.738,0x7c...f0c5,https://etherscan.io/tx/0x39d6db88669f72c71daabd97b062144a955b98609ec4db1c85e06a1c0c112814
2023-03-24 00:12:47,True,0.4004,0.0002208,12.2917,0.0027,0x56...90af,https://etherscan.io/tx/0x1ecae14c3872c1123c527c737bc8df12a9557e70714ac073d052488c20586b46
2023-03-24 00:11:59,True,0.4004,0.0002208,19.4197,0.0042,0x99...e655,https://etherscan.io/tx/0x207e218ce7faacb50283d6a4969d6d4fc356be32cfc51cd9759a91da8c2f7d0a
2023-03-24 00:09:35,True,0.3998,0.0002208,4.76068,0.001,0x0d...c9e5,https://etherscan.io/tx/0x35e9ff359ea3bda09d1d1c594894091f284248313baf1c3f1e1e01681115ad85
2023-03-24 00:09:11,True,0.3998,0.0002208,26.7133,0.0059,0x0d...c9e5,https://etherscan.io/tx/0xe9c965d0ab43876e6cd1b582c7dce6caa32035eb86b4027419c77f118d0e52e8
2023-03-24 00:08:47,True,0.3997,0.0002208,114.51,0.0252,0x00...f243,https://etherscan.io/tx/0x082d18efaaaaebe67051ea56e53fd3c4ee2969ffb9f441f62517faac6af465e0
2023-03-24 00:08:47,True,0.3997,0.0002208,12.1769,0.0026,0x4f...15d2,https://etherscan.io/tx/0x21dbe6d3afa0b1c4dd708a73dfee550812cfe826d3a6eb3e6ddda72d80c55cca
2023-03-24 00:07:23,True,0.3997,0.0002208,3.47819,7.681e-05,0x78...f03b,https://etherscan.io/tx/0xbc9d51edde806ab4c1a9038ad6076c0814dcd8942eec08ec503a8a8c6fee8488
2023-03-24 00:05:59,True,0.3997,0.0002208,62.858,0.0138,0xf1...fa0d,https://etherscan.io/tx/0xabbb5b10092a88c99c506b7b49941dbc617d4d1c473a7c404f0a1dce2f9a67a6
2023-03-24 00:03:35,True,0.3985,0.0002203,3256.32,0.7175,0xfd...6e38,https://etherscan.io/tx/0x0d82e04fb707b25f901c3dbb25197020be54cdd03b45c6a0991bd6ef4f7d249a
2023-03-24 00:00:59,True,0.3973,0.0002197,1004.82,0.2208,0xfb...0611,https://etherscan.io/tx/0xfe6a6187e2531910c019f7478762c88915e683c95d5ddb539dc6eb4e5ef9637b
2023-03-23 23:59:59,True,0.3971,0.0002196,17.7406,0.0039,0x33...fa00,https://etherscan.io/tx/0xfa748c1e386254108e987233b209b41745af50f813cfccc50f96a1c202fca909
2023-03-23 23:59:23,True,0.3971,0.0002196,12.3815,0.0027,0x1b...0181,https://etherscan.io/tx/0x96bceceab3279ba53722bca90d42212a3a4b72f47439b9dd7e00b386173f9f7c
2023-03-23 23:58:35,True,0.397,0.0002195,264.32,0.058,0x55...d49e,https://etherscan.io/tx/0x9778120582d1489ed98061c335044e201d001b3fc09d31aeb6bbf526e09c88f4
2023-03-23 23:56:59,False,0.3958,0.0002188,4753.0,1.04034,0xf3...be49,https://etherscan.io/tx/0xe61ebbbc1ad5b221340ade870ae9216e555f8f189cb6053823ace9cb03a89f3b
2023-03-23 23:55:23,True,0.3993,0.0002208,10.2386,0.0022,0x71...3a1b,https://etherscan.io/tx/0xd7d39c36287832e770f708e6b7a2fb43417e715968f1be04df99e13bac951c72
2023-03-23 23:54:59,True,0.3993,0.0002208,38.0615,0.0084,0x06...3773,https://etherscan.io/tx/0xc5cf3156483680514df262610943061054eb6eae848a65d37da676210926aff3
2023-03-23 23:54:23,True,0.3993,0.0002208,91.0156,0.0201,0x95...a52d,https://etherscan.io/tx/0x55f3f6b89790948e62757f6b077dd11c7766e219968b37c5112434d5b4825bf4
2023-03-23 23:53:35,True,0.3989,0.0002206,1143.47,0.2523,0x74...46e7,https://etherscan.io/tx/0x1bf19383d72896172b0160024c4dd5f6683588e281e7db0609a2b681ae4aa1e8
2023-03-23 23:53:23,False,0.3971,0.0002196,3395.0,0.7457,0x2c...4930,https://etherscan.io/tx/0xaf8a837f9bd5010b2d908288b1a2984b45bbefadcc5522079b209fad98494346
2023-03-23 23:52:23,True,0.4004,0.0002214,2.83946,6.288e-05,0xe1...f75e,https://etherscan.io/tx/0x33501128cfdeacfcf5da05baaca6edfce04fb1c223b9c77278e1ca8ba8255905
2023-03-23 23:52:11,True,0.4004,0.0002214,16.3523,0.0036,0xe8...0bfa,https://etherscan.io/tx/0x479da80e777ec9aced8172a312f0dfe71d8758e53877403ad1f83aacef6eb7e0
2023-03-23 23:51:47,True,0.4,0.0002214,51.626,0.0114,0x24...e0a3,https://etherscan.io/tx/0x8aa3fbee03b2224bcfa7fcc61ae7e7127caca0f7a33c38a84d310f3b160210e4
2023-03-23 23:51:35,False,0.3995,0.0002211,7275.0,1.60889,0xa7...8055,https://etherscan.io/tx/0x39f91662ef13e07c58008e917b3f64ac645c428e5969ee5baf04f80571127b97
2023-03-23 23:51:35,True,0.4037,0.0002234,263.994,0.059,0x3b...667c,https://etherscan.io/tx/0xade864cfffbadf4dfa51418d63a2319b083646fb0df23a977d2b670a08a58f3c
2023-03-23 23:49:35,True,0.4034,0.0002234,214.657,0.0479,0x3b...667c,https://etherscan.io/tx/0x116de20c404089c07baf7bc895f545e45df6a604bafa363cf00e310d5673ed42
2023-03-23 23:46:59,True,0.4037,0.0002232,1344.11,0.3,0x3b...667c,https://etherscan.io/tx/0xfa61a291130dfc9d5378dbe678e719aca5d82b3f14d9454b311432ef2d74a41b
2023-03-23 23:46:59,True,0.4033,0.0002229,104.633,0.0233,0xf0...2082,https://etherscan.io/tx/0x7cf59bc487cda490bdd5c0db64dcabc45d3bccef77000e04e92c7a0cdc4afa57
2023-03-23 23:45:35,False,0.4011,0.0002217,970.747,0.2152,0xe3...57c2,https://etherscan.io/tx/0x9a445e1878f5263e43f15d8dd4fe235ac9d81045f266cd2d922dab6ce825a1b1
2023-03-23 23:45:23,False,0.402,0.0002222,2659.74,0.5912,0x0e...7b2b,https://etherscan.io/tx/0x0cfe34163e44aef7d85026446c116738ded0edcdf55ace0b4af49b1c9aad0e93
2023-03-23 23:44:35,True,0.4026,0.0002227,8979.81,2.0,0x3b...667c,https://etherscan.io/tx/0xb3bf11353379a056a4ad90d39a735a08d0358a49970642a0299cf9d6c2a78421
2023-03-23 23:44:11,False,0.3983,0.0002203,1922.54,0.4237,0xc4...de63,https://etherscan.io/tx/0x9f679ddf0ad86e656aba35ff7a3f0ec252629fa2a4eaba32ae93e236cf99c1f0
2023-03-23 23:43:47,False,0.3993,0.0002209,2058.34,0.4547,0x67...e93e,https://etherscan.io/tx/0x721f17d92366f9824a541216d8f5ced7354a156a288b48aa910b0a4a381e8d1f
2023-03-23 23:42:47,True,0.4023,0.0002225,59.2019,0.0131,0xca...5348,https://etherscan.io/tx/0xe6f3a56a6d0618e6b8953f3323bd28640fd43a64bfdc0b28c3dcba3e61682184
2023-03-23 23:41:59,True,0.4022,0.0002225,24.2873,0.0054,0xbe...59ea,https://etherscan.io/tx/0x11943e1f59481ffa16adb01631cb81cd09868976a92aabf85ca2c233004ccf9d
2023-03-23 23:40:47,True,0.4023,0.0002225,5.84564,0.0013,0xbb...94a1,https://etherscan.io/tx/0x05c946d169c5adb09c057f89f2cb42294d78ff8a7f91e31562361e7fdb63a068
2023-03-23 23:40:35,True,0.4023,0.0002225,16.9893,0.0037,0x66...2fdf,https://etherscan.io/tx/0x50edd6aa0e558b86903a3a4277ad5e34a87125f5a735f749c234b91257432d28
2023-03-23 23:39:35,True,0.402,0.0002225,12.6353,0.0028,0x4f...4cb7,https://etherscan.io/tx/0xb65f94235cd3acdd37fd24a6c2f4d21dc55bb0cc0b434335930b6f945cba297c
2023-03-23 23:38:59,True,0.402,0.0002225,8.03478,0.0017,0x52...67cc,https://etherscan.io/tx/0xe57db7e217cdeab9ba1eefcb5ca415c6691a6e1a5ceb7bb9fba19697b69ae97d
2023-03-23 23:37:23,True,0.3956,0.0002189,25116.0,5.5,0x3b...667c,https://etherscan.io/tx/0x68f99cba5db2ba0aa473b91c308aea358c8c958a3127f0dae2f24c7873ef3185
2023-03-23 23:35:23,True,0.3894,0.0002154,464.175,0.1,0xf0...c5fd,https://etherscan.io/tx/0x18fe66ab60ecf9defbaa1838a1557cd605ad67a1736e887d47f10ecf2069f931
2023-03-23 23:34:11,True,0.3893,0.0002153,10.3737,0.0022,0x09...cff2,https://etherscan.io/tx/0x59188b2ab32948dbb031665efdd77c7ebfbcdb7a41b8f733faa5fb1e3cea1a40
2023-03-23 23:33:23,True,0.3893,0.0002153,60.4187,0.013,0x9c...38ce,https://etherscan.io/tx/0x554d3c3ae80587b2d9b7dcde584fd9cf28e69049429122906390f3496944ca7b
2023-03-23 23:32:47,True,0.3884,0.0002152,1158.25,0.2492,0x5d...2cbb,https://etherscan.io/tx/0xa1d87a1266a1f5ffecd6a759d1112217729b843d8537da5ae9e3b65511468be0
2023-03-23 23:31:11,True,0.3881,0.0002149,324.615,0.0697,0x18...41ff,https://etherscan.io/tx/0xcb77f91d39c788922ce07e1db03ce57e855656f293e359f71905033a9ce3997a
2023-03-23 23:29:59,True,0.388,0.0002149,27.0368,0.0058,0xed...5a6c,https://etherscan.io/tx/0x80dfc6523366e75d745f846b2b34a927a74a9c740bb3d40d985b5637da46ace5
2023-03-23 23:28:47,True,0.3871,0.0002145,3272.27,0.7018,0xbf...bd89,https://etherscan.io/tx/0xf3538f208cf22eabbc65257cfa8a616d50070a2275a8a38fc2616c5376914da3
2023-03-23 23:26:47,True,0.3867,0.000214,10.5339,0.0022,0xbb...62bb,https://etherscan.io/tx/0xac4d657ad85f2a8ea63fd5d121544e58ad6ec05588d2496626a3383e397e569e
2023-03-23 23:25:23,True,0.3882,0.000214,51.8234,0.011,0x65...a05f,https://etherscan.io/tx/0x2dcacc92042f1d750c3cf67625f1b851ee4f811ad628714a04628e49ca9f3d6c
2023-03-23 23:24:23,True,0.388,0.0002139,467.349,0.1,0x93...6b0c,https://etherscan.io/tx/0xb7349ddeaa25d74adf2dbe33f9d07c780172c3e8a484d2c6da9274084035a6b5
2023-03-23 23:20:47,True,0.3873,0.0002138,701.543,0.15,0xa6...bb97,https://etherscan.io/tx/0xd3efd1e9405efc5513fdadd00a81784194fafdd50fd4831f352eca696878c10f
2023-03-23 23:19:47,True,0.3871,0.0002136,520.0,0.1111,0xef...8f29,https://etherscan.io/tx/0x7b1140ed8bbe4dfce2d961b0a500b829c5f749a323f4ab8b7fd953656d1b37d6
2023-03-23 23:19:35,True,0.3869,0.0002135,4.44987,9.503e-05,0xc7...13f9,https://etherscan.io/tx/0x267d5c87e95764ee0a9b77df3275c4011e36e3b149c78abdc6d16f9993ac7384
2023-03-23 23:18:23,True,0.3869,0.0002135,13.5218,0.0028,0xbe...3393,https://etherscan.io/tx/0x8ef88f9add14f4ccba4a61d7d24c05317fbb69261ad948c039485ce628fd05f1
2023-03-23 23:18:11,False,0.3862,0.0002131,6391.06,1.36228,0x77...4247,https://etherscan.io/tx/0x30b8b610c1df7b500d037292ba55093eb409e4df56ba1a901aecb3eddfc111e7
2023-03-23 23:18:11,True,0.39,0.0002152,184.621,0.0397,0x61...04b9,https://etherscan.io/tx/0x06be534023a8cbd975aebd7fc5674845837db865d9311ce09ef5dd9992e0ba1a
2023-03-23 23:17:47,True,0.39,0.0002152,83.6266,0.018,0xdb...99bb,https://etherscan.io/tx/0xbccd6e8b3b2f90911a4c7feca42e1477410ba8a720734891bfa2c0490cc8b11b
2023-03-23 23:16:35,True,0.3897,0.0002152,9.33084,0.002,0xbe...59ea,https://etherscan.io/tx/0x0c5721ebece43b82e1088663d83d921b31ab64ca8ae9bc0501a370ba2f09f06f
2023-03-23 23:16:23,True,0.3885,0.0002145,4935.01,1.05884,0xb9...8fed,https://etherscan.io/tx/0x8f1e53f73669f143d61a6878d6a39ebb5ae2f10931d5872efd4b39a9f566fadd
2023-03-23 23:16:11,True,0.3873,0.0002138,14.4999,0.0031,0xc0...ecb2,https://etherscan.io/tx/0x4bd0368a717b707aba019d833b90cb0cd7eeb3fd62c42a2182f2f4194eaf7011
2023-03-23 23:15:23,True,0.3873,0.0002138,1.94349,4.156e-05,0x43...3184,https://etherscan.io/tx/0x1d3f1a7862022e6f4efaf71b208724994832d7209c310e07589c4d3da5b21c98
2023-03-23 23:15:11,True,0.3873,0.0002138,24.1036,0.0051,0x50...4649,https://etherscan.io/tx/0x294d5ff4cf3344398e6d5b6b5f8ada41775075027d98960f6c15893cdd60d54a
2023-03-23 23:14:59,True,0.3873,0.0002138,2.56189,5.479e-05,0xd7...d754,https://etherscan.io/tx/0xc9b5c3f6539efff79a7da4ed276f0ae692e3cad2d6d204901f56e361357eaa31
2023-03-23 23:14:47,True,0.3873,0.0002138,12.0206,0.0025,0x8d...bbc2,https://etherscan.io/tx/0x0045aa1de02c56f2a923fb3cfc4c3e2f0657d8e56e9c04a1361471dfae96b1d5
2023-03-23 23:14:23,True,0.3873,0.0002138,27.0607,0.0057,0x1c...3af5,https://etherscan.io/tx/0x3535f42b611e21155e5dec78c2c76b6f97b8509bcd998a0198db958ba60e4f94
2023-03-23 23:13:59,False,0.3911,0.0002159,24959.1,5.39083,0x80...31cc,https://etherscan.io/tx/0x77edd5f969e5581ec0c74fb8c59f59d3e99258253e168dc4a981fe2364364860
2023-03-23 23:08:11,True,0.3999,0.0002207,3.71106,8.192e-05,0x24...e0a3,https://etherscan.io/tx/0x9e892a75cbba2b33d8a9490909edcac49360f58c11bd78fc34dc22c189b90b97
2023-03-23 23:07:47,True,0.3999,0.0002207,25.0489,0.0055,0xfe...b046,https://etherscan.io/tx/0x50ed7b3e392bee8b24ab107e96b5ac4be2ccab60076b96fa7f2d586f8d2dcd3e
2023-03-23 23:07:23,True,0.3999,0.0002207,41.3196,0.0091,0x05...8dea,https://etherscan.io/tx/0xa6d423cc08d8c4b6f67e4ab791ce529dbd83f7402249c6821b903018e6ec7bc7
2023-03-23 23:06:35,True,0.4,0.0002207,29.8155,0.0065,0xe1...6d66,https://etherscan.io/tx/0xf395c814ab6816a0fb79bfb55f249c617253227f5490e7a116ec2e44bc23547b
2023-03-23 22:59:35,True,0.4003,0.0002207,14.1842,0.0031,0x2f...7143,https://etherscan.io/tx/0x350a1224b8b9a553b34a57f694700540b57ea606fa34517746e6f15756c6463f
2023-03-23 22:58:23,True,0.4003,0.0002207,20.9209,0.0046,0xe4...081b,https://etherscan.io/tx/0xfb2d4589b610a716611c0c4ef27629761d20f784572187aa68cd00f1ef88685f
2023-03-23 22:57:35,True,0.4006,0.0002207,12.8505,0.0028,0x14...b054,https://etherscan.io/tx/0x31dc5ef0c11a213007c0d8f93c411b3a8b5ade0a638b225c4027b7a2ba3f81cd
2023-03-23 22:55:59,True,0.4001,0.0002207,7.83586,0.0017,0x42...0b1f,https://etherscan.io/tx/0xa184926db912704e17ec33cedfb664165c289a146f47a67bb051dd35a36a05b7
2023-03-23 22:55:35,True,0.4001,0.0002207,9.05969,0.002,0xf4...8584,https://etherscan.io/tx/0x8c6503750d228fb916be1cb22b68e3d6b8b8d7b45cec67deb6a5951e82561f9b
2023-03-23 22:55:11,True,0.4002,0.0002207,27.4767,0.006,0xd7...d754,https://etherscan.io/tx/0x15297930fe23a9bb78744f886d84195f8fb53311e0829fad8992466fb375eb67
2023-03-23 22:54:47,True,0.4002,0.0002207,4.41819,9.75e-05,0x81...7cda,https://etherscan.io/tx/0xde2c1de38d66af18ffb892d5acdea99d2b233cd72e2715e550baca45e0204ceb
2023-03-23 22:54:47,True,0.4002,0.0002207,12.2771,0.0027,0xc4...7cc5,https://etherscan.io/tx/0xedb3296a6c5cbefd2247b0652499db6e7ffac8460b4a697536767e15a71a0fa1
2023-03-23 22:54:47,True,0.4001,0.0002206,26.5684,0.0058,0x4e...360f,https://etherscan.io/tx/0x0186a76144c027488e49543eb8d393808383b8cef3078978ca5b3d78f1d81a35
2023-03-23 22:50:59,True,0.4003,0.0002206,46.3714,0.0102,0x97...ad87,https://etherscan.io/tx/0xe6633e1be743ef9514829d3c91a8ddbe9f43b44f36b93fce6af22699767bddc2
2023-03-23 22:50:59,False,0.398,0.0002194,565.51,0.124,0x58...6a6c,https://etherscan.io/tx/0x3a7c4daa8b2421f19acccf5a2065e70fab2c03c23e8c3251786459f54c580b77
2023-03-23 22:49:59,True,0.3999,0.0002208,118.243,0.0261,0x2b...bfa1,https://etherscan.io/tx/0x93c7da0624d1f22f87ad012297a4a0604b90897e61555589452209ac07054ccf
2023-03-23 22:44:59,True,0.3997,0.0002208,19.3926,0.0042,0x4f...4cb7,https://etherscan.io/tx/0xf9ee6e439f34930c6bdeb81657232fb58af346fdef6b6fa641df7adbb37a75c0
2023-03-23 22:43:23,False,0.3988,0.0002203,5820.0,1.28213,0x01...3d64,https://etherscan.io/tx/0x4f136dc0e2ee5697d199bc77bf14b71a79fddb7d22c13da864fdc8fa8f73d923
2023-03-23 22:42:47,True,0.4024,0.0002222,1124.65,0.25,0x44...da25,https://etherscan.io/tx/0x4c3e34ab908d9963c66a46762729d858f47d804aa02edabb746aacd75afd7b2c
2023-03-23 22:42:35,True,0.402,0.0002221,30.2246,0.0067,0x32...7d0e,https://etherscan.io/tx/0x6cc36c52651d07456d664b1574ce6487b5798520c0fdd9889a8737a32ce0ebf9
2023-03-23 22:41:35,True,0.4014,0.0002218,1858.2,0.4122,0x58...82e1,https://etherscan.io/tx/0x3d15c221ff5e3abcafb543f5bdbd1ca2354f7156776a666f13fd5932d13a5573
2023-03-23 22:37:23,False,0.3986,0.0002203,342.329,0.0754,0xbc...7417,https://etherscan.io/tx/0x07db08f99d7c0a5db2d1fa5b3ff3ed0cc9ffa7eebb65b0d7aaef0eb28ceb7915
2023-03-23 22:37:11,False,0.399,0.0002205,970.0,0.2138,0x0e...7b2b,https://etherscan.io/tx/0xed6b66d280cf5a531436777c091c26f147352aa7b73dff7aa2e58c184978d424
2023-03-23 22:35:23,True,0.4019,0.0002219,18.4626,0.0041,0x9e...9384,https://etherscan.io/tx/0xc2a0436ee4641708b83447ad9df16ad4e09dc0da0f8fa56573059dfb2c59f525
2023-03-23 22:34:47,True,0.4018,0.0002218,450.665,0.1,0xd3...7993,https://etherscan.io/tx/0x7d4bdbca63623c398535aaed71716639f4486b9e2701a9929da2bce9408c993c
2023-03-23 22:34:23,True,0.4017,0.0002218,5.17713,0.0011,0xee...75af,https://etherscan.io/tx/0x617349a7a3ff50cbeeb657f6260f083651552a37f6b481cfffc1ec1cd0b9a079
2023-03-23 22:33:11,True,0.4017,0.0002218,11.1831,0.0024,0x55...d49e,https://etherscan.io/tx/0x1107fbb20c70808b68b2a0aa7e6647377c689f04a4433027e05426cb2ba4ba00
2023-03-23 22:32:47,True,0.4017,0.0002218,28.0066,0.0062,0x22...b7dc,https://etherscan.io/tx/0xa2f0e63256fe39c454e67ed7ffba56bad9424ed56386565e0b2e9df19653ffe9
2023-03-23 22:32:11,True,0.4017,0.0002218,47.8119,0.0106,0x4f...4cb7,https://etherscan.io/tx/0x9650bd0db2ecd671c910c6fb168fc784c5b3bef5faed942ea9fab24b39a0b7dd
2023-03-23 22:30:35,True,0.4016,0.0002218,12.8646,0.0028,0x55...d49e,https://etherscan.io/tx/0xb1b9162679eedbe4689aa626d1fd29d3c0b84c464259ce963d375ec359a3e4d9
2023-03-23 22:29:47,True,0.4014,0.0002217,114.378,0.0253,0x2e...52f2,https://etherscan.io/tx/0xd1574e40bf3859efcfb912ac4c53b32d38464e0e1fce71d9e24e79237d5c963e
2023-03-23 22:28:59,True,0.4007,0.0002213,2609.38,0.5777,0xc6...b3ab,https://etherscan.io/tx/0x2013a3cc91a7ec5beca4b8ebd814426a41d1cc22d0e4ee1482d65ef7fe0a1248
2023-03-23 22:25:47,True,0.3994,0.0002208,1494.49,0.33,0x6a...636d,https://etherscan.io/tx/0x1422b578beb26974d1ae45b439590b1d17f4921da8b277549fb08b26dd415c6f
2023-03-23 22:25:35,True,0.399,0.0002205,41.7247,0.0092,0x8e...4bcd,https://etherscan.io/tx/0x541ddc8c7ee147031638b7a016ce6dc402cff102a65be7edd706d0903bb9ddaa
2023-03-23 22:25:23,True,0.399,0.0002205,2.17376,4.795e-05,0xef...de60,https://etherscan.io/tx/0x1aacb026093ac71acad685326129fb5065c06cb7c269d833c3eefab96180bdfd
2023-03-23 22:24:47,True,0.399,0.0002205,13.9603,0.003,0xa7...b69b,https://etherscan.io/tx/0xee6be0a7a4edb051fdea54c987d57cea68edddea95a445bee75b99898d1a0b69
2023-03-23 22:23:11,True,0.3988,0.0002205,82.0314,0.018,0xb0...5d95,https://etherscan.io/tx/0x9a43820b0f8f091eeec2b5b3e12c88363cca1b14c38dab8fcad9f3c0a1b307d1
2023-03-23 22:22:35,True,0.3986,0.0002204,800.0,0.1763,0x5d...15a3,https://etherscan.io/tx/0xca9026442322cff3f0bc6736fed59cbe4ba1d4f85842a032447ccdae6a13b71c
2023-03-23 22:15:47,False,0.3993,0.0002202,8875.52,1.95498,0x34...4d2e,https://etherscan.io/tx/0x8c55100eb3050e5921eacbca6f14cdf34d3aaa99a304079eafded277449d295f
2023-03-23 22:15:23,False,0.4018,0.0002216,970.0,0.215,0x2e...ef86,https://etherscan.io/tx/0x1cf37f87f284e1c1aec9451927f95802804620286e8bb074cd212397183abac6
2023-03-23 22:13:59,True,0.4046,0.0002231,13.1431,0.0029,0x31...1b7c,https://etherscan.io/tx/0xb8af897e7148bcde763993113ab38214edea05e28b79c10833f73eb3cb9c2e08
2023-03-23 22:12:59,True,0.4046,0.0002231,224.115,0.05,0xb4...7cbf,https://etherscan.io/tx/0xcaac67117f87ade0cef36d16746ad52862f1c785c27f84eff5b3c90ce7d6c1c0
2023-03-23 22:12:59,True,0.4045,0.000223,25.078,0.0055,0x2f...4269,https://etherscan.io/tx/0x0b5528c1d35b3579f9324e3e806ec419e4033e4f7940b0d34d7c761945165384
2023-03-23 22:12:35,False,0.4021,0.0002217,82.45,0.0182,0xa2...59f5,https://etherscan.io/tx/0xa9a7fb38eb13175dfd0e2eb1c7b102ee222254824134abd53b3bb79f202618c3
2023-03-23 22:11:23,True,0.4044,0.000223,605.389,0.135,0x03...4329,https://etherscan.io/tx/0xb4b511f7915b4cf2047118fed7f0d4f28a48fee4ff6c33b2dee9e7fa0dd0b30f
2023-03-23 22:11:11,True,0.4041,0.0002229,98.9388,0.022,0xbe...59ea,https://etherscan.io/tx/0xabb47db1c3d20f00b8a6af80b8a2347a1c1b4df7da34889d8245e549bcc5026a
2023-03-23 22:07:11,False,0.4019,0.0002218,2098.88,0.4656,0xb1...f036,https://etherscan.io/tx/0xf9c631f0a14b5a6f72810afe9b63f8624f7fa2832798614f6b69f7ab0bef97e9
2023-03-23 22:04:47,True,0.4043,0.0002231,2018.18,0.4504,0xf6...7f10,https://etherscan.io/tx/0xca9a2115fff21b4c6192f5866d1f57ebc04a1fe40f079194ceac090a7bc56a1f
2023-03-23 22:03:23,True,0.4041,0.0002229,23.7037,0.0052,0x94...191a,https://etherscan.io/tx/0x8474cf9016b9011728328fa75f14baf2c861426b82337cc12fc3c549397988b0
2023-03-23 22:01:23,True,0.4044,0.0002228,34.2171,0.0076,0xcf...f2e4,https://etherscan.io/tx/0x54e41000ca2a0e20264d7a1cfcf32e4557bfa17dd5bcfd89d1559de7bca4f7b7
2023-03-23 21:57:35,True,0.4036,0.0002228,1.95469,4.356e-05,0x8f...03de,https://etherscan.io/tx/0xddd26f31bda3e3dd85635199e6a1317c7a04820c94c091c99212d435a08b7ca5
2023-03-23 21:57:35,True,0.4036,0.0002228,12.1992,0.0027,0xb4...8e3b,https://etherscan.io/tx/0x92dfcf24606fc8e2be5827b5913b0a64a619e87aaf1d92783c2290a88472e614
2023-03-23 21:56:35,True,0.4036,0.0002228,6.41943,0.0014,0x6b...05f9,https://etherscan.io/tx/0xd1fc9dfba024cccd72170086869a0b150157f0e07c7d9dbc8b9d43c80a7b120a
2023-03-23 21:54:59,True,0.4036,0.0002228,24.6912,0.0055,0x32...7d0e,https://etherscan.io/tx/0x1bb091a25058d555e25da094f28402c652513f6bfb67f95067b1688f2a2b11bf
2023-03-23 21:52:11,True,0.4039,0.0002228,29.8723,0.0066,0x17...2425,https://etherscan.io/tx/0x321f6915066aa662dd98fd29ef7220259da01bcd00d0696d9e14f5cb4a88c4e7
2023-03-23 21:51:11,True,0.4037,0.0002228,8.9569,0.002,0x4f...15d2,https://etherscan.io/tx/0x3155cf236fed5e9116a9429f4a1e820536382aa7274882d99db66c10a44388a3
2023-03-23 21:50:47,True,0.4037,0.0002228,4.90377,0.001,0xc0...f000,https://etherscan.io/tx/0x60dd78c412d7882f86fa1de583c14300b2e892247293f3e5c7baa8e82316a95e
2023-03-23 21:50:47,True,0.4037,0.0002228,4.40678,9.82e-05,0x9d...e685,https://etherscan.io/tx/0x091a7491a5d694fcf0a8eb0e2296570c8274c994e98a224ffb53991c00253172
2023-03-23 21:50:11,True,0.4037,0.0002228,4.54903,0.001,0x9a...fb68,https://etherscan.io/tx/0x4baf1b4d51fe0ea123da7a0a16bbfad218d7ea5739b6ee694e8b7431a0fd5ceb
2023-03-23 21:49:59,False,0.4046,0.0002233,12697.3,2.83594,0x8e...9674,https://etherscan.io/tx/0x9363f93286d223199d161669f37c29a73a54a5bacc4d67dcc60f04e40f09c87d
2023-03-23 21:49:47,True,0.4104,0.0002265,34.6455,0.0078,0xd5...50e6,https://etherscan.io/tx/0x1bb48b0e7064665e6057d625b758d2eda825719661bf4b39938f54f040941761
2023-03-23 21:47:47,True,0.411,0.0002265,72.8323,0.0165,0x85...eac6,https://etherscan.io/tx/0xf35299a53d1328e9b1431b06213833bbde49dab40a4a93d19351f4230922549e
2023-03-23 21:45:23,True,0.4111,0.0002265,60.5983,0.0137,0xe2...bdb5,https://etherscan.io/tx/0x721dde6d99ececa3b3081fcf927f5dcc981396818724b319d92dbdfcd8091ddd
2023-03-23 21:45:11,True,0.411,0.0002264,450.0,0.1018,0x5d...15a3,https://etherscan.io/tx/0x01f04f67a73f7a37fcb3ecbb69da0730703f72157ac8a1c6cae9815a7a77adfb
2023-03-23 21:44:47,True,0.4108,0.0002263,198.822,0.045,0x3e...15e3,https://etherscan.io/tx/0xb07e7ca519e31d84342894fa6f5821a68d1a7c64c1d957745f50490839769e1d
2023-03-23 21:39:11,False,0.4077,0.000225,345.742,0.0777,0x49...3ffe,https://etherscan.io/tx/0x0acae2cd5b9187bfa2f6f52d0b18db4eff2f00890873ac76cc94c7b5ed9613e3
2023-03-23 21:34:59,True,0.4104,0.0002264,8.5445,0.0019,0x68...b406,https://etherscan.io/tx/0x3056c7a2b92d04268fade27803f0458039629737cc225cd02bf767839210b297
2023-03-23 21:34:35,True,0.4102,0.0002264,26.9035,0.006,0xfb...78bf,https://etherscan.io/tx/0xb3a9f2d6f382bdf44bf1f86d87e749f7322f1b29ea45dbbaff813d336671a973
2023-03-23 21:33:59,True,0.41,0.0002263,141.359,0.032,0xda...eb0e,https://etherscan.io/tx/0xc8f7eb43ab8768392e86e27f938464dc2a784db1a29aa4e6aaa0d8af8930ab58
2023-03-23 21:33:11,True,0.4098,0.0002263,14.4803,0.0032,0xf0...2082,https://etherscan.io/tx/0x6ddb808a61b422a5aa5de7680aaa5ed48cb7b191f65593342027a4ad12914d27
2023-03-23 21:32:47,True,0.4098,0.0002263,43.3461,0.0098,0x2b...bfa1,https://etherscan.io/tx/0x6365ce09009ec30d4eaccc1f53be80dcce0863d805120dd4fd8ea1611bf15da1
2023-03-23 21:28:59,True,0.4088,0.0002258,3542.72,0.8,0x77...4247,https://etherscan.io/tx/0x5fd87c43e35d678205430829fe1347a5a1edb9a0a6a3c486374a06ad0c25f9d7
2023-03-23 21:25:47,False,0.4058,0.0002244,3226.16,0.724,0x97...86b2,https://etherscan.io/tx/0x5dc5433350b7d05123a88da3a4d52b73accb98224b0a8765b45e5c7aa47299d1
2023-03-23 21:24:23,False,0.4067,0.0002249,514.1,0.1156,0x22...2853,https://etherscan.io/tx/0xe32dba3554da2ddc1b7942bfb92ba5fa369d2f1e94db5d68079dd84184c8b161
2023-03-23 21:23:59,True,0.4093,0.0002263,9.51033,0.0021,0x24...9ae3,https://etherscan.io/tx/0x0b4a9eeca964a75e5b5c9fb6ae567d0d6f93caa866d2b144016e7205d182d553
2023-03-23 21:22:59,True,0.4086,0.000226,2116.81,0.4785,0xde...c6a1,https://etherscan.io/tx/0x4549f809be108ccf07df8f57d68a295388c8704bba3551409a9154400a9fc73f
2023-03-23 21:22:47,False,0.4058,0.0002245,940.9,0.2112,0x87...d1dc,https://etherscan.io/tx/0xef5a0602ffd9d96babe0fc38742fa23c51f22330c0bd01eab9546c834272b7d1
2023-03-23 21:22:47,True,0.4085,0.000226,36.6852,0.0082,0xdf...d7f3,https://etherscan.io/tx/0x87945bfed81e17c9f1f438fefe06c14948436904f807fe2b66a5f1dcd1121997
2023-03-23 21:21:35,True,0.4086,0.000226,3.45049,7.799e-05,0x83...09b1,https://etherscan.io/tx/0x4a86a799015dc6861cbd9de30e6a4b883373a29a0dadcb0ba617979827bda680
2023-03-23 21:20:11,True,0.4092,0.000226,6.38894,0.0014,0x8c...1010,https://etherscan.io/tx/0x8e6b2617d31538cdf47e772b6e587d0795bb85f93a5673be955c44ebb3108491
2023-03-23 21:19:35,True,0.4092,0.000226,33.3403,0.0075,0x2a...d325,https://etherscan.io/tx/0x1edaf4e2b7f2c47ad6301acf75f419f2a15ea75f8e6b553eb903de64ee5dd2b2
2023-03-23 21:19:11,True,0.4092,0.000226,2.99936,6.779e-05,0x95...887c,https://etherscan.io/tx/0x41d00c05f7d978583b85c66f303db412ff240c44d4d1feb6aaabafef8a7b644b
2023-03-23 21:18:47,True,0.4092,0.000226,5.32855,0.0012,0x11...7fd9,https://etherscan.io/tx/0xb7d39d81cb22742e44d5c6dd8dab45584792901f3fa64fd0f61a4cb372f5723a
2023-03-23 21:18:47,True,0.4092,0.000226,6.66137,0.0015,0x2a...d325,https://etherscan.io/tx/0xc846884cf05114cb90d4801af92898a71391157dcc1786827a3f85bce4b64c35
2023-03-23 21:17:59,True,0.4094,0.000226,38.7469,0.0087,0xf4...8584,https://etherscan.io/tx/0xfbdf8b397beb309cd05e3b7705fb51e15724f7448e1af8a569123994ba521eb2
2023-03-23 21:14:11,True,0.4096,0.000226,36.6785,0.0082,0xf1...3974,https://etherscan.io/tx/0x6b29a32edddf3af253776e7e49ce024cf86192b3f101e1edd78a9333bb75efa3
2023-03-23 21:13:59,False,0.4097,0.000226,9700.0,2.19279,0x00...f3fb,https://etherscan.io/tx/0xec6432ec202825d9adec902d21b1f199947e48f11545ca383ea3af744e6b71c3
2023-03-23 21:13:47,True,0.4144,0.0002286,1311.98,0.3,0xa7...0269,https://etherscan.io/tx/0x0338cf2a514d8b10e65c65e9acd666905d7d9318795228ce4c000a12628b4f59
2023-03-23 21:12:59,True,0.4132,0.000228,2658.09,0.6062,0x09...c7db,https://etherscan.io/tx/0xa06ecf74ffda718b518c9a7d24f9ccb1ca7a3e2e078c11814665179dbb9402fc
2023-03-23 21:12:59,True,0.4124,0.0002276,0.9497,2.162e-05,0x2b...bfa1,https://etherscan.io/tx/0x17fe3ad25dca5cb79efaf111f8f09849bfee93f25c63fa8a37d7999da94305b0
2023-03-23 21:12:59,True,0.4124,0.0002276,43.2079,0.0098,0x11...7fd9,https://etherscan.io/tx/0x17c87db4010fe1e58a584e5b3b515a4837c5e19f59821fbf8c40e57b7144fbf7
2023-03-23 21:08:35,True,0.4119,0.0002276,89.1045,0.0202,0x25...09d1,https://etherscan.io/tx/0x2e12646e57d38951c8acaa08d2e39bb55b94a69c5a654d131fec7779d0e39f02
2023-03-23 21:06:23,True,0.4132,0.0002276,2.33215,5.308e-05,0x3f...001a,https://etherscan.io/tx/0x723284fdbd4007b0ea3a3064220d3b953e455e9f8c27619c48ca55a9c6405da3
2023-03-23 21:05:59,True,0.4132,0.0002276,39.4971,0.0089,0xaa...e78b,https://etherscan.io/tx/0x4c30407c027e461d1c0cbe2de24b2308e826d1a4dcf8e57b22d8e0b9321ae7b4
2023-03-23 21:02:11,True,0.4135,0.0002275,440.806,0.1003,0xc3...f994,https://etherscan.io/tx/0xd4ed425dd59b828187cc003aff9e01738150c1cfa64caeafae1e40dbe8a40750
2023-03-23 20:59:59,True,0.414,0.0002274,7.13555,0.0016,0x64...f23f,https://etherscan.io/tx/0xf96223ffaecd16c328ad854479af9e994479199b22cea164509c3c0ead3b0190
2023-03-23 20:58:47,True,0.4106,0.0002255,13301.9,3.0,0xe9...602f,https://etherscan.io/tx/0x3e3d03106ed8257e6e2886d981f428ab313eabcf738570c4edb9a5ba5acdfe2d
2023-03-23 20:58:35,False,0.4075,0.0002237,9978.47,2.23214,0x33...6497,https://etherscan.io/tx/0x11162fb822869b0ec34baff650e5724173b1535d9c32ae21cca10f4d8ecfc951
2023-03-23 20:58:23,True,0.4126,0.0002265,9.44503,0.0021,0x37...d376,https://etherscan.io/tx/0x3e674bd8ac72728fb29063cda180f76cf71b591a706b9a876ff2847452f61b54
2023-03-23 20:58:11,True,0.409,0.0002245,13360.6,3.0,0x84...24cf,https://etherscan.io/tx/0x8fb07a658fce64664ebaa5a41536091540019b65d0eac6afa6b41a0446dc9439
2023-03-23 20:57:23,True,0.4053,0.0002226,23.6697,0.0052,0x4b...7a43,https://etherscan.io/tx/0x0e184b9841b08767e107ca90de37a9ef8d2feb5059a3fbd33f06d13f31f849d7
2023-03-23 20:56:11,True,0.4051,0.0002226,26.4856,0.0059,0x51...3ffa,https://etherscan.io/tx/0xbbd3d3df79e3aeca5ceae7581485d211698659bbe32a7b962a93e63ecaf9dcc0
2023-03-23 20:55:11,True,0.405,0.0002225,449.377,0.1,0x9b...5058,https://etherscan.io/tx/0x455804bdbe0128ab77b53927935a06983a1448b33183cc6b9ad35bafacd07b24
2023-03-23 20:53:59,False,0.4025,0.0002211,164.9,0.0364,0x99...2289,https://etherscan.io/tx/0x2a5f1c1ac910b50b1408242b84764c638db0959139e9d5ec4c30c45f6e115f13
2023-03-23 20:53:47,True,0.4048,0.0002224,674.411,0.15,0xcc...f18b,https://etherscan.io/tx/0x5e8ad6ba24d2114b89dc2661923b339a4a203c6e7999404094503130d62f65f7
2023-03-23 20:52:59,True,0.404,0.0002223,6.85711,0.0015,0x4a...0e14,https://etherscan.io/tx/0xae02063c3c479eb2fcf0dde8589bd7ef337e4517d08460ffd0997ede41809db8
2023-03-23 20:52:47,True,0.404,0.0002223,51.1758,0.0113,0x6e...2fed,https://etherscan.io/tx/0x0bcea4dd2d35a332c51a34c2662c4504ba90f33b37d05c00713f38b2a5a6c7c0
2023-03-23 20:50:11,True,0.4029,0.0002223,3.20114,7.116e-05,0x22...b7dc,https://etherscan.io/tx/0x99d2aa373b8a07d256fde4d18bd4a92c585d1bff84f98cf3f15f25e132a950e5
2023-03-23 20:49:59,False,0.4007,0.0002211,961.27,0.2125,0xfc...1234,https://etherscan.io/tx/0xe56b35ab7812053e0105974082547228081751028c8c20a543ee04ab63aaa146
2023-03-23 20:49:35,True,0.4032,0.0002225,8.93712,0.0019,0x9c...8e8e,https://etherscan.io/tx/0x5e2bbebbbce687be3130cb4d8365ddc8037c59bf7fa69eefd5d0d8ac24f2054d
2023-03-23 20:48:35,True,0.403,0.0002225,24.8628,0.0055,0x9a...fb68,https://etherscan.io/tx/0x9810b7ccf457b15599cb63621b5220e6950c5394ef5fdbd1c3816e70cb783343
2023-03-23 20:47:47,True,0.4026,0.0002225,449.433,0.1,0x97...0026,https://etherscan.io/tx/0x86fbce4bb6a63adb54523ad9e6a8b2b04927418c2914698a25d2da87d70ab6a0
2023-03-23 20:46:47,True,0.4024,0.0002224,126.499,0.0281,0x00...f243,https://etherscan.io/tx/0x5f26754f70c468cbde3f7a477b926345eac14ff840f3f4d6bde99bf04c79fbd8
2023-03-23 20:46:35,True,0.4012,0.0002217,4495.89,0.997,0x18...41ff,https://etherscan.io/tx/0xae0e66126175ea6dac89434d29833847b5785e94aa2e674267153a15685a60dc
2023-03-23 20:42:23,True,0.3991,0.0002211,39.0078,0.0086,0x4a...48d1,https://etherscan.io/tx/0xe03193025bd01a4005e89db1bdc2e9bfe01182d0eff7966dec7cb29f9c4e5b62
2023-03-23 20:41:47,False,0.4068,0.0002254,38800.0,8.74536,0x92...8bc9,https://etherscan.io/tx/0xf7305b6eee08a921d723679b30af1c9e48b4f6ad771c79548b9a8e6ab821388d
2023-03-23 20:40:23,True,0.42,0.0002325,24.041,0.0055,0x80...4050,https://etherscan.io/tx/0x8968a7233dc6a20b24ae176cfe860326d35d6b7fe77f9ffcb00b31b697fda345
2023-03-23 20:39:47,True,0.4197,0.0002324,172.047,0.04,0x4e...c2b4,https://etherscan.io/tx/0x9cc2e62a5e5ed59aa6cea856f49542cdf7a35d2e854fb99255ab7a12b5dd3fda
2023-03-23 20:38:35,True,0.4197,0.0002324,84.5246,0.0196,0x78...f03b,https://etherscan.io/tx/0x3bcdecbb03877fb2fa726476042208cc1e340c5baf92ad0cbb202b067dd452f9
2023-03-23 20:35:59,True,0.4187,0.0002324,5.26062,0.0012,0x24...9472,https://etherscan.io/tx/0x64879e7bf6ee713bf017c706429329459af0c50f6846351e07969cf08ae89ba2
2023-03-23 20:34:35,True,0.4187,0.0002324,16.6775,0.0038,0xa7...c187,https://etherscan.io/tx/0x8cecce9addccdb17cbdc1f45c2b8358023a36982296f98ed9299df74b6f7b2de
2023-03-23 20:34:35,False,0.4162,0.000231,159.106,0.0367,0x4e...08eb,https://etherscan.io/tx/0x097920010f0c31679e014eab984d9917fde735278fbd76ceb9e3068410fbedfa
2023-03-23 20:34:23,False,0.4164,0.0002311,225.816,0.0521,0x89...49b3,https://etherscan.io/tx/0x40f82d5ae8c7d08c0420f997a4301a02fb96f2b0e6bdffd5f4aba3a59069f4bf
2023-03-23 20:32:11,True,0.4188,0.0002325,70.6419,0.0164,0xca...c16c,https://etherscan.io/tx/0x2bf3754084b48c1144ca246818b7b593a4cc58b2d7eb0aabdc1b93723063c989
2023-03-23 20:31:23,True,0.4181,0.0002323,1075.89,0.25,0x2b...09ea,https://etherscan.io/tx/0x369ebc75d01ad954d3345f9c8ce36cce818ae9ea1cdeb1d12e509d01dfb61e7e
2023-03-23 20:30:23,True,0.418,0.0002322,4.54077,0.001,0x5f...ee49,https://etherscan.io/tx/0x6d1e81f1b497940e4a1c68f53b9bfbf4bc7ed572059a20950b70fd487f6d35aa
2023-03-23 20:29:59,True,0.418,0.0002322,4.83077,0.0011,0xea...e538,https://etherscan.io/tx/0x81330e2e1221a330f5f63b8e8f39fc0a9c6ff539688fcf90abbd71978fdc83e1
2023-03-23 20:29:47,True,0.418,0.0002322,20.5051,0.0047,0x66...0161,https://etherscan.io/tx/0x2c4f4e12502d7ebc8769564487c35a3dd167a82c2f11b6e4e3d7af0fe708fbda
2023-03-23 20:29:11,True,0.418,0.0002321,6.20164,0.0014,0xcb...0000,https://etherscan.io/tx/0x602e1aece006c9782c820230e37885fc23c4e74d0febda41e0703d98f7710c28
2023-03-23 20:28:47,True,0.418,0.0002321,4.4528,0.001,0x93...a03d,https://etherscan.io/tx/0x4dc10bd1336eb158fceb8f04001964b1eb19ec3737d2a8d3891e211ff3c8ed00
2023-03-23 20:28:23,True,0.4181,0.0002321,100.636,0.0233,0x9c...8e8e,https://etherscan.io/tx/0x89ec4157bcd6b0245a3ec16eb33a313722d01148e06b0f2e72537596dcff7faf
2023-03-23 20:27:59,True,0.4178,0.0002321,258.488,0.06,0xa2...8d63,https://etherscan.io/tx/0xd6557f1b91201860295a590345a8056edc574663f26ec8a7cdc311135baeae57
2023-03-23 20:27:59,True,0.4176,0.000232,431.009,0.1,0x62...a0a0,https://etherscan.io/tx/0x241592e1c4432496e9c9dd850a723ec556e98a17a590c76d918ef421e63b169e
2023-03-23 20:27:59,True,0.4166,0.0002314,3336.86,0.7722,0x9a...b27b,https://etherscan.io/tx/0xdea40b815050087e1c31a79b1e3f4c6de2d9cd87ab1c3b9f00c4a51488953683
2023-03-23 20:27:59,True,0.4156,0.0002309,95.6911,0.0221,0x79...cf46,https://etherscan.io/tx/0xda606d66f6637a3fe377f11aed01ae338ae5ae097e4fe7ac5b566db91ff5e82a
2023-03-23 20:26:23,True,0.4159,0.0002309,44.5298,0.0102,0xeb...6c75,https://etherscan.io/tx/0xc5724c9e4e09c2fa1073fae8e603b57ee78b3a06e33b53cbf645ec07a2302296
2023-03-23 20:24:59,True,0.4118,0.0002289,13105.2,3.0,0x25...ab52,https://etherscan.io/tx/0xe4ba238dccee40c51037af9c2c1e9bf70c0dbf02def1467ba702a2f04db4b3e2
2023-03-23 20:24:35,True,0.4085,0.0002269,36.1716,0.0082,0x32...51fc,https://etherscan.io/tx/0xcd37d9e55b1aafd30bcfd8338ba82f3300beb03f38959310370c30909d7fb1d7
2023-03-23 20:24:11,True,0.408,0.0002267,1709.6,0.3875,0xb0...cb21,https://etherscan.io/tx/0xb6cbec888b4a97fa0326882e2b1c74929e8c70141e4e3202633e09c5106d4d57
2023-03-23 20:23:11,True,0.4069,0.0002264,60.1939,0.0136,0xca...076b,https://etherscan.io/tx/0xbf5b60bd68ef9f57553dd18d7ef57ecfa73f208da1d9c24892ee0cdf179d297a
2023-03-23 20:23:11,True,0.4063,0.0002261,2000.0,0.4522,0x82...b5fc,https://etherscan.io/tx/0xa2d1fdeb43f91575fa00ed97c1f40aebc8ddc7943bef0ec9aab39b0eb0b2a7be
2023-03-23 20:22:59,True,0.4046,0.0002253,3459.94,0.7796,0x36...2dd2,https://etherscan.io/tx/0xf3e26fc75523437d5e5e4cbca69ca46eb89cc8a3b96018667d3e8b1fbc0382ef
2023-03-23 20:22:11,True,0.4042,0.0002248,27.0542,0.006,0x5e...4440,https://etherscan.io/tx/0x53b1120d4c832a9cb3a7af3a6c99e3b8eb1c68bbb1761f634d59629f1f62eb47
2023-03-23 20:22:11,True,0.4042,0.0002248,43.5205,0.0097,0x65...df25,https://etherscan.io/tx/0x04351ccad59a81b54e562d96364de84d4f2e2d88ca9caf518382b0081cfac320
2023-03-23 20:21:59,True,0.4034,0.0002243,3208.55,0.7198,0x3b...667c,https://etherscan.io/tx/0x41b84734e021dd9b7c66d05fe154e4775c84e126be8505f86001f424b0341e14
2023-03-23 20:21:35,True,0.4025,0.0002238,11.0163,0.0024,0xcc...61a1,https://etherscan.io/tx/0x66e56ea159ec891f49fc069f38c955780344f856ef0a9d90da75ff4680cbfb75
2023-03-23 20:21:23,True,0.4027,0.0002238,75.0414,0.0168,0x8f...03de,https://etherscan.io/tx/0x4c932f1fc16a6f0733ae27bae906ce68911e2e74c294038da3351e9ee9622552
2023-03-23 20:21:23,True,0.4025,0.0002237,893.956,0.2,0x9c...6ab7,https://etherscan.io/tx/0x5f2362d97ba347b4d8d97b2b00290d74f205632f8a2014b5b42d3b8a27ed5767
2023-03-23 20:20:35,True,0.4025,0.0002235,19.9543,0.0044,0x1b...0181,https://etherscan.io/tx/0x647e2c843b1b7341d0c3548192f51d9f16f272acb4fc0ea9d68cece769f2e902
2023-03-23 20:20:35,True,0.4025,0.0002235,23.6458,0.0052,0x86...6834,https://etherscan.io/tx/0x67e7df89eda7a32eb254cd563fe8cc7959d6d1a78543eb2a8fd00902d7d65748
2023-03-23 20:19:47,True,0.4027,0.0002235,20.9958,0.0046,0xd7...d754,https://etherscan.io/tx/0xfdab1bcd00a7b0e6c0f044dde1d30f94b05c28f77e79f4f76141a3b536f3ed93
2023-03-23 20:19:35,True,0.403,0.0002235,13.8463,0.0031,0x86...6834,https://etherscan.io/tx/0x1fadade1e0e76d700fa2c7065b473a1f4b7edf52d3c44dc110127ffa1a841fd6
2023-03-23 20:19:23,True,0.403,0.0002235,30.1408,0.0067,0x16...9a1b,https://etherscan.io/tx/0x3eeed7a376e41ff2b7fab05bbaf6a8e71778dd6a0e417c23dc3ceba664cd14ad
2023-03-23 20:18:59,True,0.403,0.0002235,9.54195,0.0021,0x86...6834,https://etherscan.io/tx/0x294a52941a71bc28d37a0e2f76813f730156e5a9d683ba8703e7bc387daf59ca
2023-03-23 20:17:59,False,0.4005,0.0002223,907.359,0.2017,0xcd...0660,https://etherscan.io/tx/0x33156231490df7041b46a87f6382f557432f36af266a8df0ab419cdd04639341
2023-03-23 20:17:35,True,0.4022,0.0002233,3168.57,0.7077,0xc3...f003,https://etherscan.io/tx/0xecc82b6612ba4b3a98a9e6cdffce4441acdb6cbf11269af6cc5548e4db793636
2023-03-23 20:17:23,True,0.4013,0.0002228,350.0,0.078,0x33...8bcf,https://etherscan.io/tx/0x2612e8fa4e6894cb4e11f90f33f6ab5e1e24cf67fbf460209ce08b4465d70986
2023-03-23 20:17:11,True,0.4012,0.0002227,132.137,0.0294,0x7f...ac6a,https://etherscan.io/tx/0xc3220bfc6f642a8b76c5e86037977a77beac680d6faf9d231e9b8b75421b3a14
2023-03-23 20:16:35,True,0.3991,0.0002214,9030.27,2.0,0x00...7291,https://etherscan.io/tx/0xc8302d2c775691e0ad5bbd3771d7d7353b42712c519fb33ee1ee8384597191a7
2023-03-23 20:16:11,True,0.3964,0.00022,1363.62,0.3,0xa6...bb97,https://etherscan.io/tx/0x529b42537ead608d6f6959fd2a730d8216c6230e5f5df6a00ec94dc84987ad2d
2023-03-23 20:15:47,True,0.3961,0.0002198,4.9772,0.001,0xcd...cabf,https://etherscan.io/tx/0xc1574016c84b637a9103b617fe01cd729afe33ff327879bfd0bb2fc3dcbec595
2023-03-23 20:15:47,False,0.3943,0.0002188,2425.0,0.5306,0x7f...ac6a,https://etherscan.io/tx/0x4aa98d9433e7ff1ba0a42034dd760b2fcf2e23593343d29c8eaf874633a7a9a8
2023-03-23 20:15:23,True,0.3967,0.0002201,2448.44,0.539,0xda...cb6a,https://etherscan.io/tx/0xed3c5e16f5e1f04ad21d4037cc556aa919de6e178a530ba3f85773b648b2c252
2023-03-23 20:15:23,True,0.3961,0.0002198,11.7785,0.0025,0xbd...654f,https://etherscan.io/tx/0xce03d3c79a355ee01621854938fdcd9250813dc82223e0f24b89a6197fcf7a25
2023-03-23 20:14:47,False,0.3959,0.0002199,10593.3,2.33023,0x95...887c,https://etherscan.io/tx/0x9b6667f4ae063d9ca45810b86b62724e89cbb533cea22b8788654ed1e8700168
2023-03-23 20:14:47,True,0.401,0.0002227,81.0073,0.018,0x95...887c,https://etherscan.io/tx/0x9b6667f4ae063d9ca45810b86b62724e89cbb533cea22b8788654ed1e8700168
2023-03-23 20:13:59,True,0.4003,0.0002224,2489.62,0.5537,0x29...6737,https://etherscan.io/tx/0x60461a64ef8241387cf1e1572a4fc287854c15f2e9262dc5d12dc9216c273c18
2023-03-23 20:12:47,False,0.4139,0.0002298,61628.1,14.1652,0x78...3be2,https://etherscan.io/tx/0x1291ecae6bb2528fcf2dab3ca4af9a842ea62433a470a7c0b40b3b3f3d90500b
2023-03-23 20:09:47,True,0.4329,0.0002407,20.7445,0.0049,0x8c...a7e9,https://etherscan.io/tx/0xbfa5802f0ccf5987169cccfd7bed10d601cc47bf20abbe9a617e85c54d93a6ef
2023-03-23 20:09:35,True,0.4328,0.0002407,26.4533,0.0063,0xe1...6d66,https://etherscan.io/tx/0xa8b06e24a6ab743b57d8a6315ce858e25481ec867e690c1270d0b01ec83d3392
2023-03-23 20:07:47,True,0.4324,0.0002407,28.7898,0.0069,0x59...5b88,https://etherscan.io/tx/0xa559b4238e81ff8f699d09fe53e624c17d5f115e8dce676daec4fad36af06ed5
2023-03-23 20:06:59,True,0.4321,0.0002407,155.383,0.0374,0x62...7756,https://etherscan.io/tx/0x9b6c753500cba1cb9eb7aa9a6c5e660a2e23fabf2099ef30abb7876829523cfa
2023-03-23 20:04:59,True,0.4326,0.0002406,25.2176,0.006,0x9e...9384,https://etherscan.io/tx/0x6245463fe0c5258a2379bb5043c302ae42a406ec6be109bfddc58a72d3747677
2023-03-23 20:04:11,True,0.4335,0.0002406,146.846,0.0353,0x80...4050,https://etherscan.io/tx/0xb0c4a52be8ced1cd6d5bfa5dac248cae0b0b57bcee8f2d189caa08315ed8697e
2023-03-23 20:03:23,False,0.4304,0.0002392,512.172,0.1225,0x58...6b07,https://etherscan.io/tx/0x7734b109d1363e6de53cb1f411a5e116d483a535a2ad0b2d309b7a7a06ab3311
2023-03-23 20:01:59,True,0.4344,0.0002407,73.6409,0.0177,0x24...454e,https://etherscan.io/tx/0xd3e3524abbe053ce14307bcd2edae4dce8dce9698987b0db48b64af4528bf2f0
2023-03-23 19:59:59,True,0.4334,0.0002407,20.035,0.0048,0xa1...f297,https://etherscan.io/tx/0xa8cef1cb3047b0b0006212795a1c1eeac8cba3658596fe5385ae2e2e7966ffd6
2023-03-23 19:59:23,True,0.4334,0.0002407,48.657,0.0117,0xca...076b,https://etherscan.io/tx/0xfc524311011a1c8fb3e8716ed2e2bef2d241524525ee87e258541ffa39e1ac4d
2023-03-23 19:57:59,True,0.4327,0.0002407,102.59,0.0247,0xc4...27a9,https://etherscan.io/tx/0x26f352caa4ddd571d58af82dca41c65ecfcd74ca7658507919cd2beb2fce68d6
2023-03-23 19:54:47,True,0.4348,0.0002407,13.9645,0.0033,0xc0...78a9,https://etherscan.io/tx/0x7f2caeda96d970c30f5df056121a1e2e4355a011b048a3b7253cadf64e6901f3
2023-03-23 19:54:47,True,0.4348,0.0002407,16.973,0.004,0xf0...2082,https://etherscan.io/tx/0x4e63228c74cb812623a6d4a006b758b8fa86fbd175df1060901924cbc688a93a
2023-03-23 19:54:23,True,0.4348,0.0002406,114.039,0.0274,0x9a...fb68,https://etherscan.io/tx/0x145925c99f361920f1d2f87167fee1300406cb66bc4fb3585f2b74c47b0d2931
2023-03-23 19:50:35,True,0.4344,0.0002406,70.0987,0.0168,0xeb...eaae,https://etherscan.io/tx/0xcc634fdb8cfc0155cc403e2de963fc4461d7da1e7d5466775b6a0e810520537d
2023-03-23 19:49:35,True,0.4349,0.0002406,19.3208,0.0046,0x15...36e3,https://etherscan.io/tx/0x179fb8e730223e0a503c2fd75cfc73f4a4695dfaae0cccd4e108b8e5f933e1af
2023-03-23 19:48:11,False,0.4385,0.0002424,20176.0,4.89201,0x40...9f12,https://etherscan.io/tx/0x433c5e1277f556b387998bff54aaa83363b54dd16e4dcf17593a0c09697949cc
2023-03-23 19:46:47,True,0.4487,0.0002472,31.4967,0.0077,0x66...2fdf,https://etherscan.io/tx/0xf2e5e53bcac1b65142b0d6ea5bcb87c4f23f16b0e1331fe689a97f9674661c7e
2023-03-23 19:46:47,True,0.4486,0.0002472,49.6676,0.0122,0x4f...4cb7,https://etherscan.io/tx/0x80d2148371c2974e193add12a3ff189e612eed8634cc35a876f22b2b8d95239e
2023-03-23 19:46:35,False,0.4462,0.0002459,970.0,0.2385,0x09...2b1f,https://etherscan.io/tx/0xf2603cf5f4f7481e0b49ee330b9726f84a3b96caccec637afb6f2daf0a50f91a
2023-03-23 19:44:23,True,0.4491,0.0002475,64.551,0.0159,0xa5...ba37,https://etherscan.io/tx/0xa677caba9df31321992edce6648ced71bbf978dc4effb213e21d793687bd58ce
2023-03-23 19:43:11,True,0.4497,0.0002475,49.2389,0.0121,0xef...c373,https://etherscan.io/tx/0x72343d822320f1c110cd57af52f4bc29ebd2917b97c0900209d1b63b1a115beb
2023-03-23 19:39:47,True,0.4504,0.0002475,58.8483,0.0145,0xd0...578e,https://etherscan.io/tx/0x2e21eb6e2a844d22889f32c3c96c39d55f598a577b9b3e2a1e3e36054f775c8d
2023-03-23 19:37:23,True,0.4504,0.0002474,78.8946,0.0195,0xa5...ba37,https://etherscan.io/tx/0x9fa42753f457a036e62269b14fd97b90fab7575b7ef84fdc2af11a8c83b3cd18
2023-03-23 19:36:11,True,0.4504,0.0002474,38.2148,0.0094,0xd7...d754,https://etherscan.io/tx/0xf930ffb4384222163dbf216004dea10a378120803b1c59e04dae5a87f9dccc0d
2023-03-23 19:35:59,True,0.4503,0.0002474,17.1836,0.0042,0x12...8ed2,https://etherscan.io/tx/0x38afe165646824789868a7e0f577a2196df9f4cf77765ea7229f37de5bd2c727
2023-03-23 19:35:35,True,0.4501,0.0002474,99.1258,0.0245,0x69...cf38,https://etherscan.io/tx/0x1f6e2d267d1c073bd424e654f4d42f43999ae3ec8581e4339036ed9bd7db6e82
2023-03-23 19:32:23,False,0.4479,0.0002462,1880.0,0.4629,0x29...a828,https://etherscan.io/tx/0xca1ceadcfaa8ef19507b0640575fcf3e0d34ff1368bbcae07fc100b9a7048bd6
2023-03-23 19:31:11,True,0.4507,0.0002477,2018.48,0.5,0x27...3c7e,https://etherscan.io/tx/0x73804179d3ecf3c1dc0f50159ec1d5291a7362a0f63d35886f36085518e73e60
2023-03-23 19:30:59,True,0.4476,0.0002459,8319.76,2.04648,0xac...5703,https://etherscan.io/tx/0x5851f5bd1c7ef4055de26d84688b2657131b3c0c6b299e13251a2ec61de5c9c4
2023-03-23 19:29:47,False,0.4453,0.0002444,8023.84,1.96147,0xc1...c991,https://etherscan.io/tx/0x47d1c9c7d99ffd30072d14646110f6e7550f347bcecca7816869b42b09fce1e5
2023-03-23 19:27:59,True,0.4501,0.0002472,23.347,0.0057,0xc0...eb2d,https://etherscan.io/tx/0x292308ffdeffcd8931d5e5e590d2d31c813f4c25f8fdfeb12222246da644c285
2023-03-23 19:27:35,True,0.4501,0.0002472,5.34648,0.0013,0x3c...69a0,https://etherscan.io/tx/0xa2a1945854ce05da2d11f4bf73f020c2c0b17727ed7ce41bdb608e289a21e940
2023-03-23 19:26:59,True,0.4494,0.000247,1335.87,0.33,0xed...9b54,https://etherscan.io/tx/0x3a1b802a2cbf30a36205b91618abc8dfc88daef32a9c44819af3079527d03492
2023-03-23 19:26:35,False,0.4465,0.0002454,705.0,0.173,0xda...44f0,https://etherscan.io/tx/0x9912514251a7014b225b3523ea64d6218839f3040d81ba68e233a6223d6b600f
2023-03-23 19:26:35,True,0.4495,0.000247,2.0813,5.141e-05,0xbe...ed9f,https://etherscan.io/tx/0xa81c814bb86eb9d3175a98a9fa609570f73cdd3dd33858cf4b700e8a69831f7c
2023-03-23 19:26:35,True,0.4494,0.000247,9.11194,0.0022,0xb5...c85d,https://etherscan.io/tx/0x19bb2c69bbe77ce7ae1f0107e2d615dda529dadbc11b025996157ebe9c2360bd
2023-03-23 19:26:23,True,0.4494,0.000247,129.851,0.032,0x3f...001a,https://etherscan.io/tx/0xefff6cc59d225098dcc03f8dc35dd7fc3f16c17dadf6cf4c451df3bdff768f30
2023-03-23 19:23:47,True,0.4501,0.0002469,404.979,0.1,0xbf...2a77,https://etherscan.io/tx/0xadd0bcddbf32db5545cafb6eb3db79b57bab38d8f7471f403bb23078151f6b51
2023-03-23 19:21:35,True,0.4509,0.0002468,40.715,0.01,0xe7...47d6,https://etherscan.io/tx/0x4c8a3ff21beb4f829408a9136bf2741498e66915b3b2f6e4fbe348d6ba5b2e63
2023-03-23 19:19:59,True,0.4503,0.0002465,2028.36,0.5,0x27...3c7e,https://etherscan.io/tx/0x98f6527828ec97a0c3c35c9bc17dd68d4b40c1a51c2237969d656b62ae980154
2023-03-23 19:19:35,False,0.4475,0.0002448,752.0,0.1841,0xb7...04e6,https://etherscan.io/tx/0x2db71725cacf382b80affc1e41d4241839e6b8e03478c1d9e0dc8f8bed8ebb28
2023-03-23 19:17:35,True,0.4505,0.0002463,218.523,0.0538,0x54...f0ae,https://etherscan.io/tx/0xfba060c7c57a75197cb7f1e85e19da4a5e2d1383c4ad32c238e45bdcdf5cda4c
2023-03-23 19:16:23,True,0.4503,0.0002462,609.157,0.15,0x17...ed92,https://etherscan.io/tx/0x17068ca3bc67e4ffb1ab2ac3b88ca4ce499e65601006125225edb18f670efb6b
2023-03-23 19:14:59,True,0.4501,0.0002461,14.5118,0.0035,0xf4...1937,https://etherscan.io/tx/0x29109c52a807e1e76bab649a99b2623f644fbdb0613c5e2ebe34080958f64c6f
2023-03-23 19:14:35,True,0.4501,0.0002461,219.12,0.0539,0x54...f0ae,https://etherscan.io/tx/0xb938cb9c401c0093cfb46957e639b74c7c379b5429ebec9ef41c3b66e477ee6c
2023-03-23 19:13:59,True,0.45,0.000246,12.6392,0.0031,0x9e...9384,https://etherscan.io/tx/0x195180fb89d7469eaa95900af9c2ad2266e8002747c0ebd0d27f40a8cfb61bf8
2023-03-23 19:13:47,True,0.449,0.0002455,3340.11,0.82,0x5d...caaf,https://etherscan.io/tx/0x52b31939fb14813cefe69e88162b3d95a532bf1a08901f98d158694f25287328
2023-03-23 19:13:47,True,0.448,0.0002449,11.0731,0.0027,0x2b...bfa1,https://etherscan.io/tx/0xdf9d09c2d218f9195445319a8b9de38c8a13cacf8a8f170f27f9795997c51fb5
2023-03-23 19:13:47,True,0.448,0.0002449,0.6483,1.588e-05,0xc3...70a5,https://etherscan.io/tx/0xd018943b27655e35b7a2e32082317d9ef796a88b196fbcbb13eb55a69b34a2f3
2023-03-23 19:13:47,True,0.448,0.0002449,23.0126,0.0056,0x11...7fd9,https://etherscan.io/tx/0x7b055a8ce26dd57701803a868cf594291fd2f8dfcc83bd4608245dbccdeaefc0
2023-03-23 19:12:11,True,0.447,0.0002449,23.2287,0.0056,0xa5...ba37,https://etherscan.io/tx/0x89880a95a537064ec834c857e868185906aa3789e519fd8784a6ec57e186e543
2023-03-23 19:10:47,True,0.4468,0.0002449,34.8175,0.0085,0x11...7fd9,https://etherscan.io/tx/0x8dce7b1889de30e64f131a1e2699e9a2cbc7615273bac68068ffb009a844f70d
2023-03-23 19:06:47,False,0.4446,0.0002436,1118.6,0.2725,0x5d...15a3,https://etherscan.io/tx/0x7d2cf31bfc9083467d3398d3961368c59cbfe1f07c9ef97ba3bff1018c55e043
2023-03-23 19:05:35,True,0.4476,0.0002452,45.982,0.0112,0xcc...61a1,https://etherscan.io/tx/0x491ce90c672ffc108972ea22f8310bd9289f7a950c2973bf0f386f6e350548c6
2023-03-23 19:04:35,True,0.4476,0.0002452,15.4917,0.0038,0x2a...8361,https://etherscan.io/tx/0x008d65cd43bed41674c7f8692d0cf41a523e602448131b42df10fbb5e24794c5
2023-03-23 19:04:35,True,0.4476,0.0002452,4.46795,0.0011,0x4b...4bc8,https://etherscan.io/tx/0x44b2d049108db713f490d8545ffb95e0e6154a45e03d656c233218b940034274
2023-03-23 19:04:23,True,0.4476,0.0002452,9.62233,0.0023,0x22...b7dc,https://etherscan.io/tx/0xdfee39258cd37c0956d3490c12588896d0f24dfc94f929744fa3584eba8b564d
2023-03-23 19:04:11,True,0.4476,0.0002452,11.7609,0.0028,0x88...f99f,https://etherscan.io/tx/0x7c9161df6d96c5c7ad2dc2a49d70ca4a2a68ea501ad7aa53fd97c7941d95c993
2023-03-23 19:03:59,True,0.4476,0.0002452,124.834,0.0306,0xf2...4591,https://etherscan.io/tx/0xdaa17a6e7856718b0dd95eef730f19876fb660f74c906bdc8dfaeb888fa12be1
2023-03-23 18:59:11,True,0.4477,0.0002451,525.439,0.1288,0xbc...b97c,https://etherscan.io/tx/0x3cdfe97e7da297f438c602c7618cda3b10f70b860c6131b39575138ec453973f
2023-03-23 18:58:59,True,0.4458,0.0002441,5594.37,1.36567,0xaf...fec7,https://etherscan.io/tx/0x68ba827a30b0aed7cf24bd190f4840915a1acd4be3fb6201da03001f1ac34972
2023-03-23 18:56:35,True,0.4436,0.0002431,34.5711,0.0084,0x11...7fd9,https://etherscan.io/tx/0x64d0746c55950b128887d1628de51d809151460490802846a741ef819c0184de
2023-03-23 18:55:23,True,0.4436,0.0002431,4.41759,0.001,0x74...cc1a,https://etherscan.io/tx/0xf8583438040b2ff3413fcea3750ec0ee3fb4c0a78f9bb609e1323eda519d3f81
2023-03-23 18:55:23,True,0.4436,0.0002431,28.6643,0.0069,0x07...1143,https://etherscan.io/tx/0x594c4c007c216c1949b3b895db9b95c6ba73315e524865854f85e73ca852a589
2023-03-23 18:54:47,True,0.4443,0.0002431,6.40095,0.0015,0x95...8aaf,https://etherscan.io/tx/0x9d712407d3d3eb0f4785afa01b7a5ec1171ae22a42747dbf2f4cabc9075b63ba
2023-03-23 18:53:59,True,0.4437,0.0002431,9.71177,0.0023,0xe6...f043,https://etherscan.io/tx/0x9556feff722a9a3f9c8567b08daff0b1d3e7241dd0d20ef2e2d1842cde8b32ad
2023-03-23 18:53:11,True,0.4436,0.0002431,26.9052,0.0065,0x88...f99f,https://etherscan.io/tx/0x70cbd0ee0d349e1b13bbe8df4d5b66b5ffc1636d4d1bfe054cd44d7638f5fa6d
2023-03-23 18:52:35,True,0.4439,0.0002431,5.06536,0.0012,0x9b...f624,https://etherscan.io/tx/0x6da8ca8f9ff359272394bcc920d9a67de5a7d9d48c3924b0c521d5b5d53436f8
2023-03-23 18:51:59,True,0.444,0.0002431,5.30318,0.0012,0xfd...455a,https://etherscan.io/tx/0x1798ef67a6fb76b6854927a44e59877676003d459ea0cfd009a33ddbf90e000f
2023-03-23 18:51:59,True,0.444,0.0002431,5.44559,0.0013,0xfd...455a,https://etherscan.io/tx/0x75a879fa24a2a39fc2b0da3fb38e6003ea5ca49a6eac91b836764281c24f5ff9
2023-03-23 18:51:59,True,0.444,0.0002431,5.59382,0.0013,0xfd...455a,https://etherscan.io/tx/0xd6f0132f951bbecbfcc44f3a44c0429b741c3d455c23e84451b5c03b3b48421a
2023-03-23 18:51:59,True,0.444,0.0002431,24.3388,0.0059,0xfd...455a,https://etherscan.io/tx/0xc8cb3af6c9afc395c8bfdc9beccb2de1f58eb870f53a013ddc392eb773484696
2023-03-23 18:50:23,True,0.4442,0.0002431,24.4201,0.0059,0xb5...4602,https://etherscan.io/tx/0xd1ac068028cd4a8a0be4a83587838a19c2c9741827f10eff309dff02189a0d35
2023-03-23 18:49:47,True,0.4442,0.0002431,33.1055,0.008,0xb0...5d95,https://etherscan.io/tx/0xce0e32616db820a3c7748e463b6fd8321097d68ec22727fdbf389c5d3098b97d
2023-03-23 18:47:59,True,0.4441,0.0002431,55.7896,0.0135,0xca...076b,https://etherscan.io/tx/0x06a431412b21fbce3412770f12c84510c3879b458b32c77c74e0e3104c51c07f
2023-03-23 18:45:23,True,0.4442,0.0002431,43.8838,0.0106,0x88...f99f,https://etherscan.io/tx/0xb9bd90bea874692869d8a31f0bd073f443bb14a00023e6566e9dc005ca03253c
2023-03-23 18:44:59,True,0.4441,0.000243,79.5784,0.0193,0x00...f243,https://etherscan.io/tx/0xf0b0e4c9ce19115850b271147c6c0dc0b3bde000a5a421535c5fe3baef30cb83
2023-03-23 18:44:59,True,0.4441,0.000243,14.9487,0.0036,0xde...fe72,https://etherscan.io/tx/0xb072fcfdebbe6ea14dc0b5a71126b102e6da4dcd5769106cb0e45349525cf8ca
2023-03-23 18:44:59,True,0.4441,0.000243,131.554,0.0319,0x55...ce90,https://etherscan.io/tx/0x61cdad546572568392da080fd1846efad4e473eb54ed75cdb3e83ee25cd88ebf
2023-03-23 18:43:35,True,0.444,0.000243,114.401,0.0278,0x00...f243,https://etherscan.io/tx/0xb575127c3a50d9c2f734357c771f6ad40b5f089f0c07db9f2e0a3a3e437358ad
2023-03-23 18:42:23,True,0.444,0.0002429,1.13319,2.753e-05,0xeb...6c75,https://etherscan.io/tx/0x6ecf918fef66f8a2a0cd0c858840e44344b9d73819c95aae30127e4114a5a28c
2023-03-23 18:41:35,True,0.4434,0.0002429,5.88962,0.0014,0x07...9999,https://etherscan.io/tx/0xc6812bb125fd486f1a143e325dfc28a9eb25d7f76aa649baf434b25ca17fdd68
2023-03-23 18:40:23,True,0.4417,0.0002424,3010.48,0.73,0xb7...04e6,https://etherscan.io/tx/0x28bea875bf45799dc1c6696accd20fd02393a31d2606018987665662faaa89f7
2023-03-23 18:39:59,True,0.4409,0.0002419,27.215,0.0065,0x42...0b1f,https://etherscan.io/tx/0xe746a5fc7e6cb6cafe409bbe5d2bb5c806ae24efb343c354c6d624d9ed56b568
2023-03-23 18:38:11,True,0.4411,0.0002419,17.4059,0.0042,0x68...b406,https://etherscan.io/tx/0xd213d4f8a3b52199a922f82435f4d220f497dbbadb89fd91db95235148afb721
2023-03-23 18:37:35,True,0.4411,0.0002419,5.22351,0.0012,0x4f...d164,https://etherscan.io/tx/0x2241804f9137be2f6299c4280948285586f33b8806cd9e16ae97d140dff1a3f3
2023-03-23 18:37:35,True,0.4411,0.0002419,25.0915,0.006,0x17...96be,https://etherscan.io/tx/0x96295e1badd8a73783fa0c1778764ef338a76f856e238106e9de62b23a8c0e71
2023-03-23 18:36:47,True,0.4404,0.0002419,16.0246,0.0038,0xc0...ce84,https://etherscan.io/tx/0xf13410318b0d15a8b19241efc21c39fd8bde0ad2d07ad2d73859dd50edc0bde1
2023-03-23 18:35:59,True,0.4407,0.0002419,15.264,0.0036,0x64...f23f,https://etherscan.io/tx/0x0287dbce8e42d511ce88fef82ba9623fcb49a16ade4510f7d1ab09a9529f25f3
2023-03-23 18:34:35,True,0.4405,0.0002419,7.18541,0.0017,0xe4...4c8f,https://etherscan.io/tx/0xf1f2ad0d1dc03fe81215ab65cd35fa87e1c90952d6cd38c9b0944a44ba337fef
2023-03-23 18:34:23,True,0.4405,0.0002419,2.73171,6.609e-05,0xce...546f,https://etherscan.io/tx/0xa8dfc5ff608610ea2e07dd51f0ecffd218c11a9c54058bd95060b75fb950f8ab
2023-03-23 18:34:11,True,0.4405,0.0002419,10.355,0.0025,0x4f...d164,https://etherscan.io/tx/0xc3e1f0df5d12da9cf4ab4ab3bc7dc4c5d9e0da4b7fa244caf01e24c6dc767cf8
2023-03-23 18:33:59,True,0.4371,0.00024,12083.3,2.9,0xb3...ffd8,https://etherscan.io/tx/0x52ecad8ccde7b5a76d3a39d6653bb1ec569d095e4eb74e64a0573d92625c2694
2023-03-23 18:33:59,True,0.4336,0.000238,4.37802,0.001,0xf2...4591,https://etherscan.io/tx/0x8f461f90c6be08e588db52b4ee2ff4b110ee3e8297e78ad12eade3f804e2ce1a
2023-03-23 18:33:47,True,0.4329,0.0002377,2103.19,0.5,0x7c...b172,https://etherscan.io/tx/0x2fc66b658058da03ca857599f38ab3ba15930a199f8a75d632adbccacb86ed05
2023-03-23 18:33:23,True,0.4324,0.0002374,33.0095,0.0078,0x9c...8e8e,https://etherscan.io/tx/0x9e151e9ecaafaac022e38099083276c641e37d8c62bbee3bb8b7aff5081c2644
2023-03-23 18:32:59,True,0.4324,0.0002373,6.00564,0.0014,0xb9...2b16,https://etherscan.io/tx/0x67ce5edbc4b2f6b6d8c2e6d34097dd56548c6e9543ecec18548a1c32386d10ad
2023-03-23 18:32:59,True,0.4324,0.0002373,24.1398,0.0057,0xc0...ce84,https://etherscan.io/tx/0xc744049dbb637cbc95869462aee9af4cf6e92bd3d62641f309fb455174645bb9
2023-03-23 18:31:59,True,0.4323,0.0002373,32.2205,0.0076,0xc0...ce84,https://etherscan.io/tx/0x9fe90e555492e62355e7c7835141a870660f9ba7c31ab1aba04a7a8a4dcfbb4c
2023-03-23 18:30:35,True,0.432,0.0002373,13.3743,0.0031,0xc0...ce84,https://etherscan.io/tx/0xa075efe3907c0cd2040bf3b7499932ca93ab40bdc4f289984b3d15c30b175d90
2023-03-23 18:30:11,True,0.4315,0.0002373,32.6172,0.0077,0x06...3773,https://etherscan.io/tx/0x2cf706a4642f0147659328cb069127f2c12962b8aa02412489c2c49912f780fe
2023-03-23 18:29:23,True,0.4318,0.0002373,12.0032,0.0028,0x3c...0912,https://etherscan.io/tx/0xb01eca622524c0ee3c389858aa7dfee672455e484d5b3f3d8c3e5ef79cb79d18
2023-03-23 18:29:11,True,0.4318,0.0002373,11.4256,0.0027,0xd4...c185,https://etherscan.io/tx/0x4df5c9cceb290a086144a3bfc24f111fbc03a5ae62a3e8cce1a34bf8d9d40ae8
2023-03-23 18:28:47,True,0.4318,0.0002373,4.94851,0.0011,0xc0...ce84,https://etherscan.io/tx/0x2fdb566bcc291eabe6d0e0715e14c210976313146fc723cb803ab79c1bf77ad5
2023-03-23 18:28:23,True,0.4315,0.0002373,58.5821,0.0139,0xc0...ce84,https://etherscan.io/tx/0xfb07392572db1f1424f0bc0a42ce57900865918b59b3bea0446d3dc0f3825de3
2023-03-23 18:23:35,True,0.4329,0.0002373,10.9204,0.0025,0x64...f23f,https://etherscan.io/tx/0xe891deff10d0cdd3618e0d7f4fbed2ff43a524abb3932a306a87d6f6fff5876c
2023-03-23 18:23:23,True,0.4329,0.0002373,60.0377,0.0142,0x64...f23f,https://etherscan.io/tx/0x8689776a7c9b330815c6baac937e1b3c0e928b9e6e370297358f52ae1487c7cc
2023-03-23 18:22:35,False,0.4305,0.0002359,658.0,0.1552,0xb7...04e6,https://etherscan.io/tx/0x3e7d2e11f6e386b0bf2dfe86ec028496b9baa117c7034c06d1ebec95d1e43f2a
2023-03-23 18:22:11,True,0.4329,0.0002375,76.6897,0.0182,0x00...f243,https://etherscan.io/tx/0x95e40f5cc42adda9b6d1e9a612afed38ec97f012f65cf406cf686b743130ef01
2023-03-23 18:22:11,True,0.4329,0.0002374,33.9342,0.008,0x41...3dda,https://etherscan.io/tx/0x56f80a56bc53ad0ab21f3452c4b9350657be4978558f967185ff1e717d14157c
2023-03-23 18:21:35,True,0.4328,0.0002374,48.8538,0.0116,0x8e...5bb2,https://etherscan.io/tx/0x0f58712c3129c6dfe3e036d776e84359ff00ece96397df877226cf8d98eba3fb
2023-03-23 18:21:11,True,0.4328,0.0002374,17.518,0.0041,0x65...df25,https://etherscan.io/tx/0xf2811c7fb3e611977d68a6558073071328337bab332e49d16a7492ce0f64d41e
2023-03-23 18:19:35,True,0.4327,0.0002374,19.1797,0.0045,0xb5...4602,https://etherscan.io/tx/0xa4159a4bc538ecf6c9cc02b63d54aa905551fb08d767f93a54757853adf0d0e1
2023-03-23 18:19:11,True,0.4326,0.0002374,4.60619,0.001,0x01...14a2,https://etherscan.io/tx/0x7a8c3a8d97157fa2f7165376531edfb2251667b14da92c547b4a15de041093ce
2023-03-23 18:18:35,True,0.4326,0.0002374,1.259,2.989e-05,0xc0...ce84,https://etherscan.io/tx/0x86def3fd78b80103914a33743d26b6747d2b9822bb2b1dd03b00125e2a9d202b
2023-03-23 18:18:35,True,0.4326,0.0002374,35.3214,0.0083,0x13...f458,https://etherscan.io/tx/0xfa59455d58a9d31d224d48717cc6b19a511b7805adf3af61c7bcd62bac62d8a8
2023-03-23 18:17:23,True,0.4315,0.0002369,3000.0,0.7108,0xa1...c32c,https://etherscan.io/tx/0x8dc857e69cfc576dc523531fc316c835642bdf01a47d3369990b9301ce2c4440
2023-03-23 18:17:11,True,0.4306,0.0002364,133.494,0.0315,0xcc...2f3c,https://etherscan.io/tx/0x75c7035d721cf0bd253431e65d04046dc542ba0eb2b5c5620300a1a501b9f09c
