datetime,buy_order,price_USD,price_native,amount_token,total_native,maker,etherscan_url
2023-03-26 07:45:11,False,0.3293,0.0001882,5238.0,0.9861,0x29...fac3,https://etherscan.io/tx/0xd048ae681e749aaa5826fd5be1a30d37389a55eb0e3d817c85524930016fe12e
2023-03-26 07:38:23,False,0.3302,0.000189,1768.31,0.3343,0xc4...de63,https://etherscan.io/tx/0xaaf5b4eeb904ab308a55e1cf9cfe72bd55540b941afeb87dbc0dc05b1f0dac22
2023-03-26 07:38:11,True,0.3326,0.0001903,3.58847,6.832e-05,0x6b...f1d4,https://etherscan.io/tx/0xbfd928e93d59584bdaeb4586e50a710b58ef3b2274816c2b79e4e647825554eb
2023-03-26 07:38:11,False,0.3312,0.0001895,3030.28,0.5745,0x34...ec30,https://etherscan.io/tx/0x017316c0e3345d48da861ee358e2e86fde4bd67883e33892eebcd58eb031b506
2023-03-26 07:34:23,True,0.3338,0.000191,52.0713,0.0099,0x5e...3fb2,https://etherscan.io/tx/0x9c822ec4b5bf80f881f0ba500a88d7a81718c022982c60de68ce97fd822f9dbd
2023-03-26 07:32:35,True,0.3337,0.000191,104.684,0.02,0xbb...d030,https://etherscan.io/tx/0x0c3285a9bd937ace899dcf2255d8c2b07002a1ea6fde7a337d9d4387a1adeb9a
2023-03-26 07:26:35,True,0.3338,0.000191,39.1139,0.0074,0x7b...dc7f,https://etherscan.io/tx/0xd5fcd294b98f3bfd90d29bc94677d5344579498cda4637c185beb07693653d2d
2023-03-26 07:25:47,True,0.3335,0.0001908,1489.35,0.2842,0xd7...a5e0,https://etherscan.io/tx/0xb8e9b5dc3d2f55c9010f1f82cfe8b9e4302a92ede1beb5e9155cb01ecafc05bc
2023-03-26 07:25:11,True,0.3328,0.0001903,2987.45,0.5686,0x36...647b,https://etherscan.io/tx/0xe27463a9735af5726ce9efaa061c76809d63c6892e99d88a47f6730a26df26b7
2023-03-26 07:23:59,True,0.3321,0.0001899,231.605,0.044,0xb9...6930,https://etherscan.io/tx/0x5429d2f898ac34f11828988e87d4fd8359a05b8fe908a0a691678e32ce338cf8
2023-03-26 07:23:35,True,0.3315,0.0001896,2999.1,0.5687,0xc0...86b4,https://etherscan.io/tx/0xbce46ad554ac306b10ba986b320e13057fba71718c344f0a4748255527907378
2023-03-26 07:21:59,True,0.3257,0.0001863,26835.4,5.0,0x13...401a,https://etherscan.io/tx/0xd1851e02dd7232b47d26a6a1d77160e128ffb98422d288f275150ce62b20609e
2023-03-26 07:18:23,True,0.3206,0.0001833,312.938,0.0573,0x96...14a8,https://etherscan.io/tx/0xbc76768dee950c006687a605718b091a4aa38c71617425e7f63d437ab8ace14f
2023-03-26 07:15:11,False,0.319,0.0001824,2368.55,0.4322,0x7e...01bc,https://etherscan.io/tx/0xa6270bf2016d53ff26ef156cae2f7aa4c4b1422e0f14dc96ca93f7a2e877437c
2023-03-26 07:13:35,True,0.3213,0.0001838,308.761,0.0567,0xfc...60cd,https://etherscan.io/tx/0xfa0d06e827b911856df53484fcf310a48b98869454eedc4f1a487f6991aee3c9
2023-03-26 07:08:59,True,0.3212,0.0001837,45.9136,0.0084,0x65...a05f,https://etherscan.io/tx/0xd8d9ac297c9d60b257671b954be8f458049b2a0aa529d930bc54c552f1380564
2023-03-26 07:08:11,False,0.3197,0.0001829,2174.02,0.3976,0xe8...d7ad,https://etherscan.io/tx/0x60367cf9a16d15d4ebec1a096c6db7d93531774764363ae7306ba0db712a84d0
2023-03-26 07:06:35,True,0.3218,0.0001841,1086.25,0.2,0x93...1fa9,https://etherscan.io/tx/0x13f18cb94b484fb55582300b9c7a293430cf2ebaa966f0d9ef05a0a9020cf202
2023-03-26 07:04:47,True,0.3211,0.0001837,2776.19,0.51,0x6a...636d,https://etherscan.io/tx/0x960099051538683aad9e4899af4fdb15884aa46fffa3edd8ed4ba6c3a15a0ad1
2023-03-26 07:04:11,True,0.3205,0.0001834,109.81,0.0201,0x02...8731,https://etherscan.io/tx/0xb6795e31a834c12be176903555cad8052176fd473001e1d22e7aeb654443515f
2023-03-26 06:59:23,True,0.3202,0.0001832,958.0,0.1755,0xe7...7205,https://etherscan.io/tx/0xb5cf2eeedffc79a0055ffd03084881771dce9bed3f2b5ab2b7bbc3c34e524629
2023-03-26 06:57:47,True,0.32,0.0001831,58.5174,0.0107,0x1c...3af5,https://etherscan.io/tx/0xfcc0213b1322de1c470bae98fd56b4744d605870e43be68b661f82d22843a204
2023-03-26 06:56:11,True,0.3199,0.0001831,144.588,0.0264,0xa5...ba37,https://etherscan.io/tx/0x3d31169ba5b67090fc526a5ae952c0ec9d1f160731f97ce8bd60a5d7b02e1583
2023-03-26 06:49:59,True,0.32,0.0001831,8.58464,0.0015,0x48...08ea,https://etherscan.io/tx/0x8d5ec6bc832c0fb2e59dcd539d11a9b12d8c3ee8ae4072116bf83ab30ac682ac
2023-03-26 06:41:47,True,0.3197,0.0001829,1639.71,0.3,0x63...ce37,https://etherscan.io/tx/0x6cce4f2feb042b6c059f1397c02fb746eaf873a9a24378aea358cf8c8bc4134e
2023-03-26 06:40:59,True,0.3184,0.0001822,5488.42,1.0,0x59...a9c7,https://etherscan.io/tx/0xfd063d119b26d22cefff92cea7f8a2edd159f97bb7a41a6081ec30f47d5d187e
2023-03-26 06:38:11,False,0.3174,0.0001816,10470.7,1.90186,0xcc...a13f,https://etherscan.io/tx/0x91d5328a6f58d6a212f342922d94f72723cd53fc85b8e6e1b8392c77518e9017
2023-03-26 06:38:11,True,0.3177,0.0001817,19320.1,3.51218,0xcc...a13f,https://etherscan.io/tx/0x91d5328a6f58d6a212f342922d94f72723cd53fc85b8e6e1b8392c77518e9017
2023-03-26 06:36:35,True,0.3141,0.0001797,14.5238,0.0026,0x77...3632,https://etherscan.io/tx/0xa5da9756b96920a654911c5131ee221469373240cff00e477745596a1a42b94e
2023-03-26 06:35:11,True,0.3141,0.0001797,7.63709,0.0013,0xad...dd6b,https://etherscan.io/tx/0xc2666d96fd194dd22d22a00bffe38c103eb29190400f5d90cfd8bee78cbba0eb
2023-03-26 06:31:11,True,0.3142,0.0001797,7.43126,0.0013,0xa0...6e00,https://etherscan.io/tx/0x4d820e5bcf93904c57382e97ac801b2af0c139401d4c3b965b2d89ef28a32398
2023-03-26 06:30:47,True,0.3142,0.0001797,111.268,0.02,0xa6...6014,https://etherscan.io/tx/0x51c1307d46c6fbdf70ede9efe1cd361c150af52c524243f8f589022890d09705
2023-03-26 06:27:59,True,0.3126,0.0001788,8386.14,1.5,0xa6...2f69,https://etherscan.io/tx/0xf32ed35a609dcf506d088a2efca9ae015a90bbf9acf11e6905fa622262abaf1f
2023-03-26 06:26:23,True,0.3111,0.000178,8.65817,0.0015,0x87...8c39,https://etherscan.io/tx/0x64db2558b3d47b7d0d2cb6317684090735a11f2ff75ec6ed677aae7d9a9c7e93
2023-03-26 06:24:35,True,0.3112,0.0001779,168.552,0.03,0x33...25fe,https://etherscan.io/tx/0x0cf06a34742193b05046126c3bda4b5c471d6def6dadd700d70b5600d2748023
2023-03-26 06:24:35,True,0.3111,0.0001779,500.0,0.0889,0x83...0da2,https://etherscan.io/tx/0x153fff64e1170cc717b899e0465da93c9c210d5a146bb55e28ee15e1b7e13c9e
2023-03-26 06:20:35,True,0.3108,0.0001777,1125.16,0.2,0xb7...8a4c,https://etherscan.io/tx/0xcca2e04776f7f578811fcfb7ef8f1256b70ac1b2163daed5e14aa7404bb89cad
2023-03-26 06:19:35,False,0.3091,0.0001767,2186.38,0.3865,0xc4...de63,https://etherscan.io/tx/0x50b7ba8ddeedc5a1feb931fbb223da0aca464306034d12a010cddb93bd82ef23
2023-03-26 06:19:11,False,0.3099,0.0001772,2378.44,0.4216,0xa3...204d,https://etherscan.io/tx/0x76fb4aacc5af01f243d6ae0050b4eb57b75eafca250b955f46f31cfcc1941b4e
2023-03-26 06:18:47,True,0.3112,0.0001779,5618.2,1.0,0x77...b82e,https://etherscan.io/tx/0xce23066fa77e004fcc231913631bf760f8f6a0dcabcfa38cf1243874f0c2df90
2023-03-26 06:18:35,False,0.3084,0.0001763,54.2343,0.0095,0xc2...3801,https://etherscan.io/tx/0xf1b6575fd36746d6d6702a3c4c17258980d688a02075a63601db63c8f4489425
2023-03-26 06:16:35,False,0.3086,0.0001765,1546.24,0.2729,0xb4...ee8c,https://etherscan.io/tx/0x5a86457dab4d01155e3cd297a98762742557f00d05bf9e6ce471ff5c449da3d3
2023-03-26 06:13:11,True,0.3096,0.000177,6418.02,1.13658,0xe7...556d,https://etherscan.io/tx/0x1ea0ee9d06da89c0918453b093dcd0705e1c3277b3b499e26a6aa1e6b09f536e
2023-03-26 06:11:47,True,0.3085,0.0001764,2.0188,3.562e-05,0xbd...e335,https://etherscan.io/tx/0xe5775086a255f56b0d5c290412124aa3930097a376498d15b7041e53d333ef4e
2023-03-26 06:10:23,False,0.3069,0.0001755,1455.0,0.2554,0x1c...3651,https://etherscan.io/tx/0xd7a6b75306644a86451dda67ceb4b5b559bebbccafe2684c2223991924e5a541
2023-03-26 06:04:59,True,0.3091,0.0001767,17.7599,0.0031,0x1a...5079,https://etherscan.io/tx/0x2c60db23afe7c303c9cb0f7e5d0c4e9dc5ae2f4d90cfc20d5627f09bca84f5e0
2023-03-26 06:04:35,True,0.3091,0.0001767,13.9835,0.0024,0xfa...c273,https://etherscan.io/tx/0x621ae874945235dd067fa88d83b938280cbe9c2ca4695b67d912f597020e03b7
2023-03-26 06:04:23,True,0.3091,0.0001767,1.20276,2.125e-05,0xf9...8125,https://etherscan.io/tx/0xd24181b74510222f55d2213aff79ce489a447add61d0b422e46db7e868b16727
2023-03-26 06:02:35,True,0.3091,0.0001767,9.06353,0.0016,0xf3...6fb5,https://etherscan.io/tx/0x996c0de82f2c2854984dde1b614a19433ea7445a5e64759ca7896cdb9b2c38fd
2023-03-26 05:59:11,True,0.3082,0.0001762,4936.8,0.87,0x95...fba9,https://etherscan.io/tx/0x7a293c042c935424483fe8dbe3e442cbf89c8e8bf5fcb65b0f87ccb2d3541306
2023-03-26 05:57:11,True,0.3075,0.0001757,19.225,0.0033,0xfa...f748,https://etherscan.io/tx/0xc7c4f89fa69ac71467df7f6efee2c6a116ca229ba0e472504e795b4463c9c441
2023-03-26 05:53:11,True,0.3076,0.0001757,13.9585,0.0024,0xeb...eaae,https://etherscan.io/tx/0xec02a7c23cb452e2c782aa2ecc55cce8096f6ad7bef0c494692c9c744c5f9d06
2023-03-26 05:50:23,False,0.3057,0.0001746,100.868,0.0176,0x36...2179,https://etherscan.io/tx/0xa2a8f245a29c4ca3559825199d5f37259c7b2fa49c6996937900801900fc3207
2023-03-26 05:50:11,False,0.307,0.0001754,7270.74,1.27543,0x14...0c69,https://etherscan.io/tx/0x4d5a81c69cdcefd391d62e066004974f664c43c162f082aa865df87831d53df5
2023-03-26 05:49:59,True,0.3101,0.0001772,11.6897,0.002,0xdb...5f78,https://etherscan.io/tx/0x56d0f8c8f515138df91f59dbf7933746e81599294bd057bdab70320a117bad38
2023-03-26 05:49:23,True,0.3101,0.0001772,23.4038,0.0041,0x9c...f07e,https://etherscan.io/tx/0xab9019a33b078072b075f5c048bb7a0eae5451957f0332092f7fdc138af5c191
2023-03-26 05:48:35,False,0.3088,0.0001764,2716.0,0.4791,0x7d...044d,https://etherscan.io/tx/0xe7a8e188855009e94235c637b176a950152f9eb96d4116239c6c169c5b667932
2023-03-26 05:47:59,True,0.3111,0.0001777,33.4556,0.0059,0x29...70d8,https://etherscan.io/tx/0x06b46d3cdd8c5396b5f56da6d3b88a4545bd245e5cdf05919ff4c539b1f73658
2023-03-26 05:44:47,True,0.3109,0.0001777,337.624,0.06,0x5d...15a3,https://etherscan.io/tx/0x5506ae4b83e482973fbea2ead1f227bd939715a4821c408f7f1856d8d211f00e
2023-03-26 05:44:23,False,0.3099,0.0001771,4850.0,0.8589,0xb9...8fed,https://etherscan.io/tx/0xca3879546928b1ad4c1556869b171fdc25abea56c61e22aaefeb93944848fcb7
2023-03-26 05:43:47,True,0.3109,0.0001776,9605.67,1.70678,0xfc...60cd,https://etherscan.io/tx/0x8f98bcc3d00eb493ec62a44ffebd98a0de09d34c2e436ac1f9395bea8138eae0
2023-03-26 05:43:11,True,0.3091,0.0001766,566.088,0.1,0x9b...c0f8,https://etherscan.io/tx/0x082c98d6a027a7ddca498e678e4bd238e3269184c7444e00acdd22b9be0d32dd
2023-03-26 05:42:59,True,0.3087,0.0001764,1383.04,0.244,0xd1...4001,https://etherscan.io/tx/0x37843f06b106e67930a92c23723f3fcef433a511fc66cb8e4cb35fdc3a26fe1d
2023-03-26 05:41:59,True,0.3083,0.0001761,1214.34,0.2139,0xd1...4001,https://etherscan.io/tx/0xa8b2733e9a13dc72761f4c5d137215cac7e2771ed68798e68d90e183ec196f6b
2023-03-26 05:40:59,True,0.3073,0.0001756,4505.04,0.7911,0x01...7653,https://etherscan.io/tx/0x4df3c9f13936d4b6d77c819fea006c425e7fa80c29d81bbb386949404baf0312
2023-03-26 05:39:47,True,0.3063,0.0001751,62.7249,0.0109,0x77...3632,https://etherscan.io/tx/0x54f39f19bbdc691c0a0350975ff79a11685d66f155c9db84d632d71b42ffe82f
2023-03-26 05:39:47,True,0.3057,0.0001747,3647.63,0.6375,0xd1...4001,https://etherscan.io/tx/0xdb088fc0d2dd25db69f8d2754db48ea41c771fcde6e1f3c4fd4aef558785c62d
2023-03-26 05:39:35,False,0.3119,0.0001783,48691.0,8.68237,0x77...6a8c,https://etherscan.io/tx/0x570d12474a73d5839ff7aa4f3ee654a042dc185d77e0e08520fade52dab26df2
2023-03-26 05:34:11,False,0.3216,0.0001837,3880.0,0.7131,0xe9...8b98,https://etherscan.io/tx/0x0e1bcb5423620b7505fbb9261d4076769420a9e61e99cafa29709de15521f7b3
2023-03-26 05:31:47,True,0.3241,0.0001851,1728.52,0.32,0x73...25e3,https://etherscan.io/tx/0xd88617e3d740c215921ccafc9b9cc2a68560bd8afcc19a59dfac8060ab0efeda
2023-03-26 05:31:35,False,0.3228,0.0001843,4850.0,0.8941,0xe2...f48a,https://etherscan.io/tx/0xa943bd5b34f2829648d4e5a53eb00953a19e96fac9ff2f27995feb421b1fb1a6
2023-03-26 05:29:35,True,0.3257,0.0001859,537.821,0.1,0x9e...0d28,https://etherscan.io/tx/0x01d8ec74461ec0994abcb43c1e55bb827e80a8d5c07992444bee86aadd01abcb
2023-03-26 05:26:35,True,0.325,0.0001854,4314.85,0.8,0x7a...8e21,https://etherscan.io/tx/0x3df6312e076bcc7f95139fa4715cd7995d57852231dc2ebc4d779cbe0de5a115
2023-03-26 05:25:23,True,0.3241,0.0001849,9.33481,0.0017,0x77...3632,https://etherscan.io/tx/0x8067263e9e148c0da3dee3b353fccbec700d0a66d7cd287f3123cd631c9cc0e9
2023-03-26 05:24:59,True,0.3233,0.0001844,4336.83,0.8,0x29...fac3,https://etherscan.io/tx/0xf90c0a00966c4ee4e44df396f0d30a03154cb0a4d3637c54a9c096b2688087e9
2023-03-26 05:24:23,True,0.3219,0.0001837,2721.72,0.5,0x6b...f1d4,https://etherscan.io/tx/0x2a219db52269559167e6fa40ec637b4966d5847bb287ff9490c14ccc05677d88
2023-03-26 05:22:11,True,0.3215,0.0001834,54.4936,0.0099,0x2e...bcf0,https://etherscan.io/tx/0x78f4153e59487454d3a2aa066a5a9ee27ecd93965ca94963c476d12de196c438
2023-03-26 05:21:11,True,0.3197,0.0001824,9464.95,1.72636,0xfc...60cd,https://etherscan.io/tx/0xc1e6cf606cbb4391bbbf9981db0b62270ced7e87a9804f14406fb76d5a623b9c
2023-03-26 05:16:23,True,0.318,0.0001813,160.0,0.029,0x12...68c0,https://etherscan.io/tx/0x26e3e8d8514acebfa3b6bd904e37c1ddbb556bcafcba4da1c3ffca88be42a046
2023-03-26 05:15:35,True,0.3176,0.0001812,985.523,0.1786,0xd1...4001,https://etherscan.io/tx/0x09ad3f063acc57c96d3b22a87bfd85c7080a2ee7d530f4378fefbfc6d759753f
2023-03-26 05:15:23,False,0.3159,0.0001802,1940.0,0.3497,0x13...d732,https://etherscan.io/tx/0xfdab3047fd8f9d2b0ad82159ab4e4f3baa6edaa2fda37b0c937ade6497fbf443
2023-03-26 05:15:23,True,0.3181,0.0001815,154.232,0.028,0x39...72f6,https://etherscan.io/tx/0x156627b530a935807471f33d7a2d47e9515259af2e9bed7649d34f49493ade00
2023-03-26 05:13:11,True,0.3179,0.0001815,192.829,0.035,0x8e...32f1,https://etherscan.io/tx/0xd43bf51b52d1f3abdd3b1a031beed57aac95d15c9e220c86dbb2d68900e076b6
2023-03-26 05:09:47,True,0.3177,0.0001813,1103.82,0.2002,0xd1...4001,https://etherscan.io/tx/0xf6effbb2cefe519ba2f4b2ba37d59e44aaee093557e329d4c6398cc439e023cc
2023-03-26 05:09:35,False,0.3165,0.0001806,4850.0,0.8762,0xb9...8fed,https://etherscan.io/tx/0x40b322e4b74fa256de2f4db39de449bac21783b9bf4a2b9741fe076ab8f01f9b
2023-03-26 05:09:11,True,0.3193,0.0001822,23.4255,0.0042,0x0d...9bad,https://etherscan.io/tx/0xf9f349db3368ae2d00ddd0f431f612b20f6a676a4b74953942bf419fc4d69534
2023-03-26 05:08:23,True,0.3191,0.0001821,823.342,0.15,0x9b...c0f8,https://etherscan.io/tx/0xe136cf49ad7b3f8b1e20c6fed3efc9d4fd7e4a7f1c7e13f448b1ca0ce949579c
2023-03-26 05:05:47,True,0.319,0.0001819,983.44,0.1789,0xd1...4001,https://etherscan.io/tx/0x609705a2b735b784ec8d5081f79c5ae81aa2cf8d1868f6e319c582c6a21c67a2
2023-03-26 05:05:11,True,0.3186,0.0001817,1233.73,0.2242,0xd1...4001,https://etherscan.io/tx/0x0d49600a0c2876d05feed9bc5f5e093c4c371c01f03032ebda64a1d520d7fa67
2023-03-26 05:04:59,False,0.3173,0.000181,4850.0,0.878,0xb5...d239,https://etherscan.io/tx/0x6b2b6cd1a31cb5530245643aea578b7dfd49f7a98cd071d94bf2f787b38d21ba
2023-03-26 05:03:11,False,0.319,0.000182,4479.57,0.8154,0x7a...8e21,https://etherscan.io/tx/0x1ae94aed4339223498467709ee25f4c64a40b1f7ae61bbf950416aa2017792d3
2023-03-26 05:01:35,False,0.3217,0.0001835,9700.0,1.78038,0xe2...f48a,https://etherscan.io/tx/0xe39a71e752611f055ca3bae5902d06d0df7abe1888e43b71327789c2aed46223
2023-03-26 04:59:47,False,0.3255,0.0001857,10407.4,1.93284,0x6d...899c,https://etherscan.io/tx/0xcf411066009d7f4e0c7ece9ab313b73dcb4e2bf09ba1dba5a9564a2387486349
2023-03-26 04:59:23,False,0.3281,0.0001872,3104.0,0.581,0x03...5dae,https://etherscan.io/tx/0x21f0f0682938ed67eb963cb2c02246c2d577932dc11f8aa7f0003ca50f7e1b6b
2023-03-26 04:58:35,False,0.3289,0.0001876,970.0,0.182,0xd6...ac6a,https://etherscan.io/tx/0x2274c8b7c45703a993bc2df5f89cf4efee395ceff93b013f9a8dbb851f944487
2023-03-26 04:58:23,True,0.331,0.0001888,1.91592,3.618e-05,0x6b...f1d4,https://etherscan.io/tx/0xbcfc31009dd35ead8811f299595b4dd1998a699ea9301212dc175ae09898112b
2023-03-26 04:57:59,True,0.3307,0.0001887,1059.5,0.2,0x0c...2f06,https://etherscan.io/tx/0xd9fa1930d0cd00631478704a4717e093f6753d10e80a9597535516ae945d49aa
2023-03-26 04:57:47,True,0.3305,0.0001886,2.31916,4.375e-05,0x9d...6e19,https://etherscan.io/tx/0x13553aa43577b3c55de94518e3ae02391a29c27f377b70dc0561b20b9ecea518
2023-03-26 04:57:47,True,0.3305,0.0001886,1.83273,3.457e-05,0xaf...02cf,https://etherscan.io/tx/0x18f3cc83b0524701659c7be7491c67ac0af374ecbc32129a217709cf07533828
2023-03-26 04:57:23,False,0.3289,0.0001877,1940.0,0.3642,0xa5...75dc,https://etherscan.io/tx/0x4b0554d5ca074bd49e9bf651d9862fd3a225b0d441a786ca63186d517621dfdf
2023-03-26 04:56:59,False,0.3297,0.0001881,1940.0,0.365,0xa5...75dc,https://etherscan.io/tx/0x8ecef643d31373e82b10492e5fcfbffa8e4c53bb4e07c08428e3ef5a3058a76b
2023-03-26 04:54:59,True,0.332,0.0001895,17.7436,0.0033,0xb8...464c,https://etherscan.io/tx/0x3104cc494d086a9106b70746a3fb3aeee47ee857db309083219432cc80a5ec1d
2023-03-26 04:53:23,True,0.332,0.0001895,2.0539,3.892e-05,0xe1...6d66,https://etherscan.io/tx/0xb37e188a17ecff3c6cdbff1bfaa7c7c200ea42c4e7da17461128126270e8c295
2023-03-26 04:52:59,True,0.332,0.0001895,6.26133,0.0011,0x21...7a57,https://etherscan.io/tx/0xfc43b4a3ee35b195bb755ab256fce367c733bc01c8b1eae4884ce7ab1c139c25
2023-03-26 04:51:23,True,0.332,0.0001895,8.09678,0.0015,0x93...4398,https://etherscan.io/tx/0xdf8d95a244df2f1b1d76f25663d641754267c637245627820b0f90094897f7f6
2023-03-26 04:49:59,True,0.332,0.0001895,44.393,0.0084,0x55...ce90,https://etherscan.io/tx/0xb7a40c73397c0be997bc473c5e77c85e5d9057a7df979338a282f06b4df3ec60
2023-03-26 04:43:35,True,0.3321,0.0001894,45.991,0.0087,0x4b...5371,https://etherscan.io/tx/0xa5cbbc5c369ae20961a77f92448d0c2da5ba4a400ec80ee51a0cc4d773d252c0
2023-03-26 04:40:23,True,0.3321,0.0001894,11.9774,0.0022,0x30...5db6,https://etherscan.io/tx/0xfdded3643a9ba6c7a095339cab1b55fecf73b91c7994fd9d0d766aa9f333d334
2023-03-26 04:39:35,True,0.3321,0.0001894,19.5322,0.0037,0x72...d78c,https://etherscan.io/tx/0x83507a9bd1bbf20f138d2d667807badcc6fc48b6ebda8bc42d9d2dc2acb19566
2023-03-26 04:37:35,True,0.3321,0.0001894,14.2685,0.0027,0x5c...cb43,https://etherscan.io/tx/0x4672984071d728e705808c5c6424d85707611bef5fe71f018dcdb37711371e18
2023-03-26 04:36:11,False,0.3303,0.0001884,970.0,0.1828,0x5c...cb43,https://etherscan.io/tx/0x09a0b5c81b54f33cdf7fc10eb53aaadfcc14034444e41e390dc0c4d9a6de77af
2023-03-26 04:34:59,False,0.3304,0.0001886,679.0,0.128,0xc6...133b,https://etherscan.io/tx/0x6cc968393c4ab1e540793a0512e3eff6157e576afcb0ae504e0420be304e8def
2023-03-26 04:34:23,True,0.3325,0.0001898,115.73,0.0219,0x55...4b74,https://etherscan.io/tx/0x4103e4bd6579265e468b86899db10e453cd88b423f13d141344d09912746ec1a
2023-03-26 04:34:23,True,0.3324,0.0001897,316.146,0.06,0xa9...8c3e,https://etherscan.io/tx/0xd8d876b771f992e1d1a5a6839fc963e7e01ccbc15d636cd1472927051555377c
2023-03-26 04:33:35,True,0.3323,0.0001897,263.546,0.05,0x9b...ea98,https://etherscan.io/tx/0x3764e955805bd4bfe4cbda26fcd7df12f6d77b647655cc15276225c042c41f0d
2023-03-26 04:32:35,True,0.3319,0.0001894,1794.3,0.34,0xac...f7c7,https://etherscan.io/tx/0x4f315fd6deb5d0edadbf952bcb6884ca58e7abf5a3a10b6dbfb0f50f45ccc6dc
2023-03-26 04:28:23,True,0.3315,0.0001892,26.6788,0.005,0x1b...257e,https://etherscan.io/tx/0x6535431db08b04263c00a1a8fb52702d5a1c6612ec07a4742a84838cd763ddfc
2023-03-26 04:26:59,True,0.3315,0.0001892,17.8393,0.0033,0x0d...c9e5,https://etherscan.io/tx/0x7258a644cc8df7d3d598dfd4157f8aa4430a4b51b114b7ef7b8a501df07bf8ee
2023-03-26 04:25:35,False,0.33,0.0001883,2224.21,0.419,0x37...fd0d,https://etherscan.io/tx/0x5a374cf190e17b43fec87b17ac663daf21e9d448f988215c20354b9495abc2ec
2023-03-26 04:25:11,True,0.3324,0.0001897,6.35583,0.0012,0xfa...c273,https://etherscan.io/tx/0xba09bdc066b3a79ae7df86111b855d2abe030f64bd49ea5fe452921bd62c6ea9
2023-03-26 04:24:23,False,0.3307,0.0001888,1746.0,0.3297,0x6d...899c,https://etherscan.io/tx/0xc5888f5d0d546f0e1c3749bb6016efd133ea1aeb3c48bfb017b89d926146993f
2023-03-26 04:23:11,False,0.3316,0.0001893,2910.0,0.551,0xa5...75dc,https://etherscan.io/tx/0x21793cec070f577a5bee0e1406e1c5dac256400096ac1a99b6327256a8c3c5ec
2023-03-26 04:21:47,True,0.3342,0.0001908,24.6578,0.0047,0x80...c0a1,https://etherscan.io/tx/0x1a7f889d7f02c56ba796af9a8058d38497c3ec0a187e073f2ababb574c51e385
2023-03-26 04:20:59,True,0.3339,0.0001906,1521.14,0.29,0xac...f7c7,https://etherscan.io/tx/0x120597262af1325ec6eab41ca5c03d4bc953fb4dbb437abb8ebdf3ba4bec01b7
2023-03-26 04:20:59,True,0.3336,0.0001904,43.3222,0.0082,0x24...9ae3,https://etherscan.io/tx/0xa7c7070cdd98a733c5e4028754fe585ecb2bfa9d1afb5364340ac56598252eab
2023-03-26 04:16:23,True,0.3335,0.0001904,4.17956,7.96e-05,0xcf...f2e4,https://etherscan.io/tx/0x11f2a34b181f21651e65f27dae767b1208ef3e973b07cb13af1b013dc09edb4c
2023-03-26 04:13:59,False,0.3318,0.0001895,1828.17,0.3464,0xb7...04d1,https://etherscan.io/tx/0x527503695f7e45acda710a756ffdbfa645c20fa82ded9fce85613b1600cb2fa2
2023-03-26 04:13:11,False,0.3324,0.0001898,970.0,0.1841,0x14...0c69,https://etherscan.io/tx/0x5e72976c512f8c3efb198f5d03608d395650be30d9f0b298ee0d166d34e560e6
2023-03-26 04:12:59,True,0.3346,0.000191,35.2896,0.0067,0x93...4494,https://etherscan.io/tx/0x102509ac8743277be8d530f4df2cd3c5f84b0ccccaca344337eef085770e7ac3
2023-03-26 04:12:23,True,0.3346,0.000191,15.0439,0.0028,0xba...2805,https://etherscan.io/tx/0x1e71ee08faea7e0548cb79b77de09e27b48f3be81701f3688922cf577b34a1d4
2023-03-26 04:11:59,True,0.3346,0.000191,105.659,0.0201,0x93...4494,https://etherscan.io/tx/0xf66fff4717cb11e1c58dd9448041a04f6f2eed4ce54b8000c620fc6ce6026671
2023-03-26 04:10:23,False,0.3326,0.0001899,291.0,0.0552,0xa0...d9ff,https://etherscan.io/tx/0xa3414bb2d54a26fc9a32040bdf178cc173d98a479dd08ff25348f28daa0203c4
2023-03-26 04:09:35,True,0.334,0.0001907,3577.06,0.6822,0x18...a8cf,https://etherscan.io/tx/0x3937d0fd840b1ba6f7716a376991df715c735b8c92d3d415cc3d627a067b9587
2023-03-26 04:06:59,False,0.3328,0.00019,7275.0,1.38222,0x18...a8cf,https://etherscan.io/tx/0x8dfc86ef330a3c0f9fdd2e474e1726fa5434cc637b6556d74427d092e1a27738
2023-03-26 04:04:59,True,0.3363,0.0001919,15.6105,0.003,0x54...5056,https://etherscan.io/tx/0x5edf2ce44746b38bf2ea322b1341f8d64ad01744e014aa0c65481399b270400d
2023-03-26 04:03:59,True,0.3362,0.0001919,150.208,0.0288,0x9e...99f2,https://etherscan.io/tx/0xf6ddb85377ba2f1d93ea546cfb7f4424592ad024628e441493124235e34795c5
2023-03-26 04:01:35,True,0.3361,0.0001919,8.57309,0.0016,0xba...2805,https://etherscan.io/tx/0x750fe0ea51197781e2158ec48d727e2b2757028f1e94f15c905137bc960dccfc
2023-03-26 04:00:59,True,0.336,0.0001919,22.404,0.0043,0x28...fbd1,https://etherscan.io/tx/0x37bfa4ce25e8afbed628286fa00facfc6d9bf5c8599fca2d59e5326551127525
2023-03-26 04:00:23,True,0.336,0.0001919,18.4232,0.0035,0x90...5bbb,https://etherscan.io/tx/0x513f0c7f2aef13343e744a3544dbcbfaa5fac49ce6a4e68acb51432d634be530
2023-03-26 03:58:35,True,0.336,0.0001919,40.2866,0.0077,0xc7...bafe,https://etherscan.io/tx/0xe6a4c7a1d7d376ae2b64bf51b246a91daec4827bf382c66468010088c7c4e978
2023-03-26 03:57:23,True,0.336,0.0001919,26.6191,0.0051,0x25...10b7,https://etherscan.io/tx/0xb0de6921959951bca620776bbe9c739f9a88384282b341b938ccd3413faf2617
2023-03-26 03:56:11,True,0.336,0.0001919,49.9809,0.0095,0xcc...0645,https://etherscan.io/tx/0xb271803e5103ac143604ebeb9d5a637018c25719f4fbc32ff6b88309c25baa7f
2023-03-26 03:55:35,True,0.3359,0.0001918,28.2623,0.0054,0xda...b228,https://etherscan.io/tx/0xfa0bc70ed2b110714550cdc5562121b8cab60871d879d37c676f4d7baac6384d
2023-03-26 03:55:11,True,0.3356,0.0001916,1710.65,0.3279,0x37...c73b,https://etherscan.io/tx/0x81853985525bb09581ff6317459c0df677834bb4d89a9ac7c793ffacf89b5910
2023-03-26 03:54:47,True,0.3353,0.0001914,139.311,0.0266,0x1b...257e,https://etherscan.io/tx/0xb6be53610147deed7429428a86276d16d62cba89350d8276140ff25616f4fccf
2023-03-26 03:54:47,False,0.3335,0.0001904,1455.0,0.2771,0x6d...899c,https://etherscan.io/tx/0xd13685abe444638a0e182db0d8a48dc21323934910585772a1b8ba01e6a15c26
2023-03-26 03:52:23,True,0.3358,0.0001917,69.6189,0.0133,0x98...de4c,https://etherscan.io/tx/0xfc45acfdfe5c78fb3c97ebe384db9be0cc5c892721d40accea60904470cf4f36
2023-03-26 03:51:11,True,0.3328,0.00019,14957.7,2.84314,0xec...4ae3,https://etherscan.io/tx/0xf1adad218776cb07f500c81da99e992c4ea51d21f83c95036365ff65907c6eec
2023-03-26 03:50:59,False,0.3298,0.0001883,9700.0,1.82699,0xb9...8fed,https://etherscan.io/tx/0xd9e63b29eebd90404cf923519afa264fd1380285abd8306c2acefa559e1a1c0d
2023-03-26 03:50:47,True,0.3336,0.0001905,11.38,0.0021,0x55...0135,https://etherscan.io/tx/0xd64a715f778de77865fa9f637c2e8130923ddcac432ca945e9c5751cc1d1d65b
2023-03-26 03:50:11,True,0.3337,0.0001905,42.0026,0.008,0x07...b259,https://etherscan.io/tx/0xc91d49537fb7ac44f271182583a38c6566aa0fec6cec242f475f5f1f2b540d69
2023-03-26 03:49:11,True,0.3338,0.0001905,6.55854,0.0012,0xbb...7254,https://etherscan.io/tx/0x26cd63f44f79c13c799c8e5740885e52ce5a8131b3be312b57b3278b5de15094
2023-03-26 03:48:59,True,0.3337,0.0001905,139.918,0.0266,0x4d...8815,https://etherscan.io/tx/0x42f025e4563e604ccb7da2e3a1a84a40e054143d8b1988f2062b5d917003d046
2023-03-26 03:47:47,True,0.3329,0.0001899,4895.41,0.93,0xac...f7c7,https://etherscan.io/tx/0xad2ba041c5dace0ef31f055eefd62e5d031c9005e03d80a8b2b6cf54c688f999
2023-03-26 03:47:35,False,0.3309,0.0001888,4850.0,0.9158,0xb9...8fed,https://etherscan.io/tx/0xf6c68cc6d34ece07165f6d71d58472f21700bbf4e20863765dfaca1eeaa8f5d2
2023-03-26 03:47:35,False,0.3335,0.0001903,8351.03,1.58934,0xb9...8fed,https://etherscan.io/tx/0x111d90ec1642b0d9bde60377a32d829b76e3c4f71d38d5265b90387341d4328f
2023-03-26 03:46:35,True,0.3374,0.0001924,103.14,0.0198,0x05...afde,https://etherscan.io/tx/0x3a4f53f98421aece3fcc73d6755490bd77f916fcc1166faf04dfa6a0c3dc68ac
2023-03-26 03:42:35,True,0.3375,0.0001923,40.2385,0.0077,0xec...51e0,https://etherscan.io/tx/0xf580d43e5d2d829b6470e9a2f313ed5678952f56eba73d630abf3d050994a8b1
2023-03-26 03:41:59,True,0.337,0.0001923,11.6058,0.0022,0x81...27bf,https://etherscan.io/tx/0x091ec3ce5bd821a5b984877b45d856628401993efca719db643647c625d4d85e
2023-03-26 03:41:35,True,0.3369,0.0001923,4.42821,8.518e-05,0xee...2be5,https://etherscan.io/tx/0x415ec70860b0902a4f6adb4e837d5c64cc4f8bd0d4e4b0194845eabbb1f8f2c5
2023-03-26 03:40:23,True,0.3369,0.0001923,26.4735,0.005,0x05...8e07,https://etherscan.io/tx/0x74492cabac5fa07b60056046b96de82d0dd5fca9e4b89f41a18869356a58a32c
2023-03-26 03:40:11,True,0.3365,0.0001921,1560.93,0.3,0xac...f7c7,https://etherscan.io/tx/0x162ea8c61467dbd8dadb1f8f8e3e0b889787e50b7990f05d999e9e1dbcf3e549
2023-03-26 03:39:47,True,0.3362,0.000192,41.5283,0.0079,0x05...8e07,https://etherscan.io/tx/0x2679e67d2105fdd565cdcfba07a379d39f60d84773e1948fbabf8051ea45ac16
2023-03-26 03:38:59,True,0.3362,0.000192,16.9628,0.0032,0x0a...9fde,https://etherscan.io/tx/0x2de6725de7a04f472764c769e5d968b24bb5a64712849f8766a2a41d5c48b729
2023-03-26 03:37:23,True,0.3362,0.0001919,307.347,0.059,0x5d...15a3,https://etherscan.io/tx/0xd6260264c8d3b1545087ac2bb0cc3d7ae400c27975e24e02d05826a24f48c3dc
2023-03-26 03:36:59,True,0.3361,0.0001919,26.5545,0.0051,0x05...8e07,https://etherscan.io/tx/0x35bf6485aa6c386e8b6cd4ac9e95d91afc939c3d16a8dedb123d763bf8fc8af6
2023-03-26 03:36:11,True,0.3364,0.0001919,101.679,0.0195,0x05...8e07,https://etherscan.io/tx/0xbd9bcaa2d74702641eb87056434d669de2c326bdd1f673ccceacf6f6fe4ecaa1
2023-03-26 03:34:35,False,0.3344,0.0001908,970.0,0.1851,0x22...2853,https://etherscan.io/tx/0x1d98b981ddf6603130f3470ba6e694325e27accd31b9b07dfeb3cd2abb065db6
2023-03-26 03:33:47,False,0.3345,0.000191,539.811,0.1031,0xd6...2760,https://etherscan.io/tx/0xaff46e305264fac484a865d1c69a7f7b1118aff288e061ec93566f7d4ccdfbae
2023-03-26 03:32:35,True,0.3366,0.0001922,11.7963,0.0022,0xef...d6aa,https://etherscan.io/tx/0xafc89ddaaa743c04be623939f0b1a1f1e018494aa7231d49ea902ae682bc241b
2023-03-26 03:30:47,False,0.335,0.0001912,1657.26,0.317,0x3e...e961,https://etherscan.io/tx/0xe97d0c3838a1d8f6bc8d6ccbcde94ca48ebb7a37fc39d031e7e62bc51b542558
2023-03-26 03:30:23,True,0.3372,0.0001925,659.966,0.127,0xef...152b,https://etherscan.io/tx/0xf8f97cc90a445ef44ff46923e93c78597e71deb1903f634777bc4ef43fed0c99
2023-03-26 03:30:11,True,0.337,0.0001924,15.1014,0.0029,0x48...9f1f,https://etherscan.io/tx/0x2cb35282bf6f59e513845711b7ca6c3dd2471ae9689f05500d5302aed72be6fc
2023-03-26 03:29:47,True,0.337,0.0001924,69.3762,0.0133,0x06...5a7f,https://etherscan.io/tx/0xbe7ddaa20ba010d07a6a30033dd4737d5bf5abe2f9a957a50b943850838bbded
2023-03-26 03:29:11,True,0.337,0.0001924,11.2086,0.0021,0x34...3d4d,https://etherscan.io/tx/0xcc76cf4b520159d78db2fbf98bc864939d605907e48109f75d3ca308981dc94b
2023-03-26 03:28:35,True,0.337,0.0001924,3.82627,7.363e-05,0x4b...1d94,https://etherscan.io/tx/0x1e73d46a3b5f400ae537ab0f11a9ae0cef015a59aa084dd3f5ca850b3cdb139d
2023-03-26 03:28:11,True,0.337,0.0001924,3.18716,6.133e-05,0x5c...cb43,https://etherscan.io/tx/0xd22604b517deffc519f2ca75a162b45c8e255c3c3ebb0c18e854d5c8e20c02d8
2023-03-26 03:27:47,True,0.3368,0.0001923,779.796,0.15,0xb7...c863,https://etherscan.io/tx/0xf3a0bb1421837a37502fa8df1fcf761f1648ff794ff184458a551f2f19a200e1
2023-03-26 03:26:59,True,0.3366,0.0001922,132.168,0.0254,0xfe...549b,https://etherscan.io/tx/0x831a07b9c8a774e67ab1d5d7078522915cb154856f1ee0980f3264b0435ed811
2023-03-26 03:26:23,False,0.335,0.0001913,2019.54,0.3863,0xb3...e62c,https://etherscan.io/tx/0xdadbf5870bd3854b3e56ab86997965782a1a20fdd2d8f6a1ade43a3f012e410d
2023-03-26 03:24:23,True,0.3362,0.0001921,5205.56,1.0,0x05...2d66,https://etherscan.io/tx/0x64a5a57144d7cfcfd0ddd1d2badecefcb7b4390da477df670bca684073d083ae
2023-03-26 03:17:11,False,0.3363,0.0001923,17334.5,3.33421,0xa4...b5c7,https://etherscan.io/tx/0xadd58059bb26c57d173520a84a1f5d975afad492ab2e4a27cf9f719b2eeeae92
2023-03-26 03:17:11,True,0.3419,0.0001955,30.745,0.006,0x48...1f82,https://etherscan.io/tx/0xae0f1b9405f61303038f84558f98e887313833221dabcf6cfcc039e9ca76d2d2
2023-03-26 03:16:47,False,0.3428,0.000196,14173.3,2.77809,0xa4...b5c7,https://etherscan.io/tx/0x2c7a1f0a4a87bb8536ea615e604cd6b6793066ede2923f9ec8d8e85f06e2cf62
2023-03-26 03:16:23,True,0.3478,0.0001988,50.0798,0.0099,0x90...f190,https://etherscan.io/tx/0x4e0dd9e5a440fbd35f318c556c94d8aecf7484254e46edcf29845a0715ea190f
2023-03-26 03:14:35,True,0.3479,0.0001988,10.7564,0.0021,0x95...95b4,https://etherscan.io/tx/0xff2c896cc70be75570b1c5e485ce7fb1b06591335b607c8b9c4c2dd06c424118
2023-03-26 03:08:35,True,0.3481,0.0001988,3.28612,6.534e-05,0x66...2c58,https://etherscan.io/tx/0xff39c75c3f8cba9266ae61c7aeea4d375b1004d69ad291a4ff371dbbe4673731
2023-03-26 03:04:11,True,0.3479,0.0001988,2.28463,4.543e-05,0xfa...c273,https://etherscan.io/tx/0x9fed5e1570cd4b90a4967e2faeb5b2debd5ffb69cc1578780331c25361bdc99a
2023-03-26 03:02:11,True,0.3483,0.0001988,1.15158,2.29e-05,0xfa...c273,https://etherscan.io/tx/0x99ad438c82dc61f634fe4124ea8f928cf33f7729a5f8a94e3d8aec309f250eef
2023-03-26 01:57:11,True,0.3486,0.0001988,7.89529,0.0015,0x04...e1bc,https://etherscan.io/tx/0x2055bac9729526fedf4d13b39dfe45a594f2e9919e79f25074ce7fc442e77b3e
2023-03-26 01:52:59,True,0.3488,0.0001988,12.4721,0.0024,0xe2...eb7d,https://etherscan.io/tx/0xe86935ec56e32da5f92512264e9697e3520b825fade03c818446526e5caa3a5a
2023-03-26 01:43:35,False,0.3461,0.0001977,970.0,0.1918,0x9e...e4f7,https://etherscan.io/tx/0xdf1ce3eb8023b721a4d30705ef60c4d38537d01ff5289a7a15cf12ae9defcf06
2023-03-26 01:43:35,False,0.3485,0.0001991,10010.8,1.99326,0x9e...e4f7,https://etherscan.io/tx/0xdf1ce3eb8023b721a4d30705ef60c4d38537d01ff5289a7a15cf12ae9defcf06
2023-03-26 01:42:11,False,0.35,0.0002004,712.95,0.1428,0x18...a8cf,https://etherscan.io/tx/0x8b90558c177d567fab71c118cfc38c3af4d39e5ea6a79b828d6509235126d787
2023-03-26 01:41:35,True,0.352,0.0002017,13.0129,0.0026,0x8a...b4b6,https://etherscan.io/tx/0xd132d5d995217a0f88952670b1258e96d03818ce843b03ec80fcb876a9e5ae6b
2023-03-26 01:34:47,False,0.3498,0.0002008,2910.0,0.5844,0x53...f8de,https://etherscan.io/tx/0xe081bb6670ef132bd3d69507666d501724a52ae568e1ae7dc5f8288b32cd6cb6
2023-03-26 01:32:23,True,0.3522,0.0002024,91.1213,0.0184,0x65...fbad,https://etherscan.io/tx/0xad0884dc2d338e55bcc26e722bb45077ccb894ba268b2547291b4f76a647fea6
2023-03-26 01:30:47,True,0.3518,0.0002022,1483.56,0.3,0xaf...7354,https://etherscan.io/tx/0xe5d84e5bf63a9823588a6e2894b6d06f776b3889d5cc75db7992df00817a6040
2023-03-26 01:22:35,True,0.3515,0.000202,212.309,0.0428,0x90...f190,https://etherscan.io/tx/0x137d0824bf3ad7e6bcea720286c09185ab9e687342ae47ffb4776ae2286adb70
2023-03-26 01:22:23,True,0.3512,0.0002018,990.796,0.2,0x9b...c0f8,https://etherscan.io/tx/0xb5ffb8bff9d503bcc4d2493a96c92cbcbe6cbd089ce228e18385e7722db6a3c7
2023-03-26 01:19:11,True,0.351,0.0002017,2.94458,5.94e-05,0x54...5056,https://etherscan.io/tx/0xe576b8d49972408741dcfbb1bc41cb986997ff97767b2eee8a2331696dcb4da2
2023-03-26 01:18:35,True,0.351,0.0002017,7.27943,0.0014,0xd2...2ff4,https://etherscan.io/tx/0xf5dd08224eb9972337847b01ddde8df191e5f4f9009fdbdd240ad73832a6f34e
2023-03-26 01:17:47,True,0.3503,0.0002012,4255.1,0.8561,0x22...38d4,https://etherscan.io/tx/0xc164c4699875bff26057df01a9f5589cd8e39f8a46bfe9737a0b3e4532d84f41
2023-03-26 01:17:23,True,0.3495,0.0002006,153.532,0.0308,0xa3...fe47,https://etherscan.io/tx/0xfd4069a6c3ca2ad205c412166f80eb4eb3c3a2da12aa597fc8daf29873f82374
2023-03-26 01:15:35,True,0.3496,0.0002006,7.69607,0.0015,0x5c...a311,https://etherscan.io/tx/0x99371a7d40235827aac83e7ab4e69224cfa3fa1e8f4bbd96835c6aeadbb47fdc
2023-03-26 01:15:35,True,0.3496,0.0002006,6.07173,0.0012,0xac...d810,https://etherscan.io/tx/0x3741b090139e33137baec88a406f867d0a61b6622ec068983fbc9ed6146554ad
2023-03-26 01:13:59,True,0.3475,0.0001994,9542.92,1.90364,0xa6...fee2,https://etherscan.io/tx/0x0c381193516ee927149077a001564efc036dd4e3c4a88a07bfb35a20484c52bb
2023-03-26 01:13:59,True,0.3455,0.0001983,1.86432,3.697e-05,0xeb...2f15,https://etherscan.io/tx/0x16216c22f877ea0bed67b4b7faac322743089390eb48bf5b4df9bacf24c6ec09
2023-03-26 01:12:35,True,0.3455,0.0001983,100.849,0.02,0xa6...6014,https://etherscan.io/tx/0x8d82858289377b4e3a5bdce6f1738da06ba4c887eabc52e9ae66d04ecd0ad57d
2023-03-26 01:12:11,True,0.3455,0.0001983,13.1977,0.0026,0x4b...5371,https://etherscan.io/tx/0xa93337db599259e8ecbb28f8338a15fcd3b9e1e9cc93de079bbbd19b67d4ba66
2023-03-26 01:10:35,True,0.3453,0.0001981,882.974,0.175,0xd7...88a3,https://etherscan.io/tx/0x836d016973199c6dd814ca0be087c78ef49f1b884b5ee1e8210c41ceab4e65e5
2023-03-26 01:08:23,True,0.3452,0.000198,146.413,0.029,0x4f...98ee,https://etherscan.io/tx/0xddd33cc974d781f86ec827edb073102484965987ce47f693ae342c0e0fd813b3
2023-03-26 01:07:35,True,0.3452,0.000198,33.5735,0.0066,0xa5...1975,https://etherscan.io/tx/0x5edfa625a3bfd265b574325beac6f4ac96358219c2caa9c1c57de3ada6c2acb8
2023-03-26 01:07:11,True,0.3446,0.0001977,2897.84,0.5728,0x2d...d7ce,https://etherscan.io/tx/0x54fabaa1643b280a620751ac00dcd9825ba07fec142594ee8b26c1ef33bb8936
2023-03-26 00:56:47,True,0.3434,0.0001973,20.9181,0.0041,0xf9...6683,https://etherscan.io/tx/0x711db2585af7388c37e3ac1ca6b27c09df408035f7878920ac089a2f81e97a3c
2023-03-26 00:56:47,True,0.3428,0.000197,2882.28,0.5678,0xec...e174,https://etherscan.io/tx/0xbc12caa57468dab49deeca3693347cf8b6e41d0f6b6d039e22b1092a038db272
2023-03-26 00:56:23,True,0.3423,0.0001966,8.08877,0.0015,0xe9...2e71,https://etherscan.io/tx/0xefb96e3786391480875e8c3132ed51124cd29e98482f551185e425c4a4c13ced
2023-03-26 00:56:11,True,0.3423,0.0001966,24.4331,0.0048,0x85...eac6,https://etherscan.io/tx/0xa2a1aa45a261b3e0b253c30d1efa792e83cd0aa58dd0071f3ec138be0152d3c6
2023-03-26 00:55:35,True,0.3423,0.0001966,16.2532,0.0032,0x92...32c9,https://etherscan.io/tx/0x689399abb1ba7c7cdcd808f27cc4c1c5ccc6d8e3cd4522e19fc19e9e827ad7e9
2023-03-26 00:54:59,True,0.3422,0.0001966,29.4762,0.0058,0xee...2be5,https://etherscan.io/tx/0x893e9ec09231e0824eb657afeccfa84974ad61b0ab516d7655f6ab374ed5767d
2023-03-26 00:52:59,True,0.3422,0.0001966,128.457,0.0252,0x71...bdf1,https://etherscan.io/tx/0xa623bb2244bb0864aa2ba9f1908da24d1a6b2fbff3afa1b228bd7ee61cb925d4
2023-03-26 00:49:47,True,0.342,0.0001964,1165.16,0.2289,0x95...8a52,https://etherscan.io/tx/0x635bc86b498fbb849ad4c34d17289d81f9721975976110e38432004a51d429ab
2023-03-26 00:49:47,True,0.3417,0.0001963,39.0398,0.0076,0x48...7a79,https://etherscan.io/tx/0x76e60d43095ff62716ed2799bc8c7c43952e6a725045acf55da893636e386958
2023-03-26 00:46:23,True,0.3417,0.0001963,140.376,0.0275,0x09...9341,https://etherscan.io/tx/0x46edc2102342ca690afd176d9a1c10878761ee39a6b2c5a5edd6723c078c058b
2023-03-26 00:44:23,True,0.3414,0.0001961,1230.77,0.2414,0xcd...f363,https://etherscan.io/tx/0xf72e58c914af605d07b336f3a8b269c00ad2f9cc75bd9b4cd3f9be591aa963b6
2023-03-26 00:40:35,True,0.3408,0.0001959,612.476,0.12,0x27...3c7e,https://etherscan.io/tx/0x8899f553a78cfc925cdc9d9f14d6b7d11cf4510cb02c3f4b073d24dc00f6fcea
2023-03-26 00:39:59,True,0.3405,0.0001957,766.231,0.15,0xb7...c863,https://etherscan.io/tx/0x767364f9e83189155b55194fde51f906ecedb0ea1cac624c3e6d8cbd53122d15
2023-03-26 00:39:35,True,0.3403,0.0001956,281.129,0.055,0x15...eb3c,https://etherscan.io/tx/0x2262aeab890538aa391af1731b4d33ec2c23a8473b863b02fb7ca3afda6268d4
2023-03-26 00:38:59,True,0.3366,0.0001935,17686.2,3.423,0x64...0f48,https://etherscan.io/tx/0x8ccec868d1dcb10457bb25e3f6c4c30d025780e25c8313d5bf3f48c58868a366
2023-03-26 00:38:59,True,0.3328,0.0001913,1500.0,0.287,0x5f...0bde,https://etherscan.io/tx/0x1ebebfde69570d210ef42f1c259d86e8553fdd75ffe240a5c470cf0ea2dc5cdf
2023-03-26 00:37:59,True,0.3315,0.0001905,5247.6,1.0,0x6f...c887,https://etherscan.io/tx/0x6a8e68b6ce15f218d59c1d20339c7dc34f173632c3533d6e2a5bd8bcc53e0589
2023-03-26 00:37:11,False,0.3286,0.0001889,970.0,0.1832,0x14...0c69,https://etherscan.io/tx/0xf9a8da943ff17abfa2d650688a56421811d6845e68399143df95d561b95188fa
2023-03-26 00:33:23,False,0.3302,0.0001898,7469.0,1.41829,0xe2...f48a,https://etherscan.io/tx/0x0e122eb7917cbfa0c56bf87084d2a983371e532550384ee3bc9dafa3917e6bde
2023-03-26 00:29:23,False,0.3331,0.0001915,7090.7,1.35818,0xe2...f48a,https://etherscan.io/tx/0xd37a2a909c0b617d6380087a52d34a8c55efb6dae00a7f17b100afe7972ac1da
2023-03-26 00:24:11,True,0.3364,0.0001935,10.3298,0.002,0x6f...1640,https://etherscan.io/tx/0xa8ec9df655df00c3a317144a608fdc786de7fe2a784445f9ddccbc62ad1218f8
2023-03-26 00:17:23,True,0.3361,0.0001935,4.13801,8.007e-05,0x8a...b4b6,https://etherscan.io/tx/0x5c676d957b763d431489a0c617edf8526d0b9486f6593dd769f682827e23538b
2023-03-26 00:16:47,True,0.3361,0.0001935,10.9957,0.0021,0x4f...8184,https://etherscan.io/tx/0xbc88ec5272f6b3ada723ea41966e16caa5769fb7f4d902986ed31fd1e285efb4
2023-03-26 00:16:11,True,0.3361,0.0001935,4.36122,8.439e-05,0x65...a05f,https://etherscan.io/tx/0x1bc5904bff8bd15627afbcf7d0e1d4a83bc286792d3070e9155e8019529ae33d
2023-03-26 00:15:47,True,0.3361,0.0001935,72.7293,0.014,0xb4...4828,https://etherscan.io/tx/0xfbfeac2a561f5755f4416213955f4665fc184d7f830134de9c4927a9e896dfcd
2023-03-26 00:13:47,True,0.3359,0.0001934,125.0,0.0241,0x2e...b8e4,https://etherscan.io/tx/0x8be8ba3106776f369b5b1a1719b8beedc73af6a72043e8e813b1e98f99f24f30
2023-03-26 00:12:47,True,0.3342,0.0001925,8293.72,1.59656,0xa5...c5db,https://etherscan.io/tx/0x475b5800274e6f550950c47ffd885c1a3cb586e12201f331b0e11b18ab9c20db
2023-03-26 00:04:59,False,0.3309,0.0001905,1455.0,0.2772,0x9e...e4f7,https://etherscan.io/tx/0x2034a8220d62198263bc9b557197bfd05dc5e7b8a2b183cb4ce7a505d31dcaaa
2023-03-26 00:00:59,True,0.3315,0.0001908,8906.74,1.7,0x25...ab52,https://etherscan.io/tx/0xae49a0ab441ab85f8ddcb28d6d73f245cd7f5ca15e7baec53ed602fc4cc529c1
2023-03-26 00:00:47,True,0.3296,0.0001897,1054.08,0.2,0x57...4fd8,https://etherscan.io/tx/0x5401da880337b3c64f3f8a4174c05a59b464f0455c407c33a0c40d9032471f20
2023-03-26 00:00:47,True,0.3294,0.0001896,3.9078,7.41e-05,0xa3...e7f3,https://etherscan.io/tx/0x28c8eda36a1281b3a5f87a9744f944c577c57ffd69e0683ba40c9316a2a42f9f
2023-03-25 23:57:35,True,0.3295,0.0001896,4.96875,9.421e-05,0x48...9f1f,https://etherscan.io/tx/0xbb44937f2c9cd5c200f257a1e633e926ef7e816b6eaabb7acb71253cb5f72a12
2023-03-25 23:56:59,True,0.3295,0.0001896,149.977,0.0284,0x96...8b75,https://etherscan.io/tx/0xcda25bad52ad50a2b5edefcb2cfdec24374bc6a597fc4b3df70056a68072139f
2023-03-25 23:53:23,True,0.3294,0.0001895,1.97411,3.742e-05,0x35...8a39,https://etherscan.io/tx/0x8fb0bac695078b85feff78fa66e826ce60ab3eb2e4feebce876aa2326d17afa4
2023-03-25 23:52:35,False,0.3287,0.0001891,6014.0,1.13739,0x8c...638f,https://etherscan.io/tx/0x61714ac17e3f6e1321f73989a422d233ac28b7baefd2049544c48e896e79574e
2023-03-25 23:49:47,True,0.3317,0.0001907,2061.86,0.3932,0xdb...9734,https://etherscan.io/tx/0x53932e085fb11adf6c9558eb19129039f77bfc3a6f951ec2c40e0898b85a49da
2023-03-25 23:47:59,True,0.3311,0.0001903,1050.67,0.2,0xee...5be6,https://etherscan.io/tx/0x610162eaf401c083ad071f2fdfd7c889113a0f31a0d0885c431940e5386ba8c3
2023-03-25 23:47:23,True,0.3308,0.0001902,6.75085,0.0012,0xfe...549b,https://etherscan.io/tx/0x6254e679df3cca94c7e6aac3296dbe5d63324923347acf680e1eeec9969eae68
2023-03-25 23:45:11,False,0.3314,0.0001906,13941.8,2.65831,0x97...248d,https://etherscan.io/tx/0x4a8c382af3987cc69c6e7457b70cc8a35fdc413931cb96201d7aa3999dfc314c
2023-03-25 23:42:47,True,0.3361,0.0001934,17.0823,0.0033,0x05...8dea,https://etherscan.io/tx/0x3e8bd986f2aadac6fb68a58d1a9083250af85a660743ed8ecaf86db32e089eea
2023-03-25 23:38:23,True,0.3362,0.0001934,13.7081,0.0026,0x47...989c,https://etherscan.io/tx/0x6cc5a04d11529f79645fcdb3deebabccd3ec46135b2d1db802fb52d1ad7ec937
2023-03-25 23:38:11,False,0.3342,0.0001922,349.185,0.0671,0x48...bfae,https://etherscan.io/tx/0x0557c36c239bf6fc67be227e40478c2116eca04552a7aa0ae13621b28c0788b8
2023-03-25 23:35:35,True,0.3359,0.0001932,2500.0,0.483,0xe5...f1b8,https://etherscan.io/tx/0x5761a27dd605d8be3e97fee0953139d657afc4fbb9099b31a6e0f864299a08dc
2023-03-25 23:32:59,True,0.3351,0.0001928,1000.0,0.1928,0x5d...5601,https://etherscan.io/tx/0xd0e1c047dead537c4c03a7ee6040af057d1eea65612b9fa8944df69059d77d9d
2023-03-25 23:31:35,True,0.3349,0.0001926,6.02249,0.0011,0xc7...bafe,https://etherscan.io/tx/0x17e618ef9fe46866a3cb45e3c667f483a44c468c38ccff48263d43751df588a0
2023-03-25 23:31:35,True,0.3348,0.0001925,970.386,0.1868,0xef...efeb,https://etherscan.io/tx/0x816882f10fd848cc08ba332d004ae4fcc9415d3e6d62f7df998bad929f6a30ee
2023-03-25 23:30:11,True,0.3298,0.0001897,23936.1,4.54155,0x94...fd9c,https://etherscan.io/tx/0x58ddb8c8a768d067903d354f3bf728ae88b810e7c036e32089ecb39065d626e9
2023-03-25 23:29:47,False,0.3235,0.000186,1293.2,0.2406,0x88...f3ef,https://etherscan.io/tx/0xff82d4c32dc9b234dd138d20ad7b13c1259d27ab6d39b0c7228b16c346096b8f
2023-03-25 23:29:47,False,0.3238,0.0001862,456.266,0.0849,0xc4...229f,https://etherscan.io/tx/0xb55de2eb5385f31a6654c1522b73cee4ec0897b6a90f6df1c9359ed0ec36e37d
2023-03-25 23:27:47,True,0.3258,0.0001874,77.8587,0.0145,0xcf...e58c,https://etherscan.io/tx/0xa815a9d633fd26a6802116b44db2e245ea3d27bbc5c620c3e7178f48067daa4f
2023-03-25 23:27:23,True,0.3258,0.0001874,100.0,0.0187,0x5a...d476,https://etherscan.io/tx/0xfa24fe8362a9619c83a1f2ae9cfe74ca1f135333e351c600459ee773685bcaba
2023-03-25 23:26:23,True,0.3258,0.0001873,250.0,0.0468,0x5a...d476,https://etherscan.io/tx/0x997545da7c621486a58a0669024b03b652fb681dc87bfb4834b4c167fac4f444
2023-03-25 23:23:59,False,0.3243,0.0001864,1746.0,0.3255,0xe4...e4d6,https://etherscan.io/tx/0xf9ff6aa4bfff5c06337b83a7712244b2298b082878a5562db662800092902747
2023-03-25 23:22:59,False,0.3252,0.0001869,2910.0,0.5439,0x49...d2e7,https://etherscan.io/tx/0x6c9a13f7107defa1f52dcda47c15acaaffbe33d6527fc9ca60e4271c6a7bf5ad
2023-03-25 23:20:35,False,0.3283,0.0001886,12796.2,2.41442,0x03...a4d2,https://etherscan.io/tx/0x6d75ab9c94058227a78fd77963f41a9fb7d6b3ce2244ef7d7cb65f72f2b52067
2023-03-25 23:18:23,False,0.3322,0.0001907,5820.0,1.11031,0xe4...e4d6,https://etherscan.io/tx/0x746ca77d3516a92262122ba8875c733ace1a2f481357b56d4a7cb4263d31b3ea
2023-03-25 23:18:23,True,0.3353,0.0001925,27.7933,0.0053,0x12...e910,https://etherscan.io/tx/0xadb2912a65c2fce7260a1d896ee843bb7dbd36a165a2a72c3d40aeeb943d1bd7
2023-03-25 23:18:11,True,0.3353,0.0001925,1.74998,3.37e-05,0x76...06de,https://etherscan.io/tx/0x16f96fefe2148700a50f9f99c598892a37b4ed8ccc23c069b545b6d01ca9e82d
2023-03-25 23:17:35,False,0.3334,0.0001914,227.501,0.0435,0x79...cf46,https://etherscan.io/tx/0xbe3be78d775204c7f1d26477a3420f5bbda7a16c23d761c5b2ef96dc182a127a
2023-03-25 23:16:59,False,0.3337,0.0001917,2425.0,0.465,0xcf...3224,https://etherscan.io/tx/0xe664441c41b6cb773135040c2f26dfc1a7b9748246b1cc7eb45b7b92e40f4675
2023-03-25 23:16:47,True,0.3362,0.0001931,60.1928,0.0116,0xd5...50e6,https://etherscan.io/tx/0x77f067f6e1d8fbf23a000d016ddafd57dc8ee3a62c238d403d507323ec84bd36
2023-03-25 23:15:11,True,0.3357,0.0001928,2990.25,0.5766,0x29...6737,https://etherscan.io/tx/0xc9b804e364d05397b463ea958e43a7a923e7f46e77897845990072f0cdc8ef40
2023-03-25 23:13:47,False,0.3343,0.0001924,9700.0,1.86678,0xad...4ef4,https://etherscan.io/tx/0x6745265ce32ec8eebfd5f7e75b347ec582f58becd5a035f1c3a7fc8f2bfda5c4
2023-03-25 23:13:23,True,0.3383,0.0001947,16.6665,0.0032,0x25...10b7,https://etherscan.io/tx/0x7b51037f7ebb9571786b8c6de930c51193627d384eb699a4532e847c9c48b4ba
2023-03-25 23:12:11,False,0.3447,0.0001984,40784.0,8.0926,0xab...4c1b,https://etherscan.io/tx/0x512751cd81f47d4f73d0fe1b9506068db236d948312e08d51834e24c7b204d5d
2023-03-25 23:09:47,True,0.3544,0.000204,4410.4,0.9,0x91...0971,https://etherscan.io/tx/0x4ea447378990528989c59d784fb041337adf8d57b758ebc09fbba8049c9d2063
2023-03-25 23:09:23,False,0.3514,0.0002023,440.001,0.089,0x89...bfb9,https://etherscan.io/tx/0xc93e80a88c1a271ec3df5f0945c876dbfdd45f08ea757ed6f70a9c7edacad115
2023-03-25 23:08:35,True,0.3534,0.0002035,245.592,0.05,0x18...41ff,https://etherscan.io/tx/0x194ab35bc952cb5edfaaa5ac9593f472947dc6f64e73fa747f0d5e151cea309a
2023-03-25 23:07:59,True,0.3532,0.0002035,8.3803,0.0017,0x86...6b3f,https://etherscan.io/tx/0x6bd9b2d113fc8eb805af8d90adddf4cefc5e9120339c238ae3b09c174c76c64f
2023-03-25 23:06:11,False,0.3511,0.0002024,1210.5,0.2451,0xd6...e758,https://etherscan.io/tx/0xc526b3c97bfec4d8a74eddcf8dd9f861fd28628bb389957c5abc2c4d3ae5931b
2023-03-25 23:05:47,False,0.3514,0.0002026,135.497,0.0274,0x1f...d302,https://etherscan.io/tx/0x3d95d4ddc6e326dbdfffdad16084ca07774aeefc4f46828cb438243977946c18
2023-03-25 23:03:59,True,0.3531,0.0002037,1374.43,0.28,0x88...f3ef,https://etherscan.io/tx/0xb404086d5407059a6e49124ec655c49d0a5ddf9b2b0ca290284e10dc101f4c28
2023-03-25 23:01:47,False,0.3513,0.0002028,4013.88,0.8141,0x5c...9bcf,https://etherscan.io/tx/0x115eb8d11718664887467b0675694891f1954a6b2abd8613597b09e74e6ca323
2023-03-25 23:00:35,False,0.3561,0.0002056,17935.9,3.68759,0x28...4a1c,https://etherscan.io/tx/0xc43487142b57a4d3bd4b8cd174e51153674c5bf5d371e58ce5460d5fd59857bb
2023-03-25 22:58:47,True,0.3622,0.0002091,0.0063,1.318e-07,0xa5...1975,https://etherscan.io/tx/0xd7168920829abb19309a4c03922263d970998c5a153f1995c4372fb29ace825f
2023-03-25 22:57:35,False,0.3604,0.0002081,1864.33,0.388,0xb2...2eba,https://etherscan.io/tx/0x4bf00972f0f4bd3db663a79d86d6e5e9089bf17973c2316c4ab6e332acee4327
2023-03-25 22:55:59,True,0.3623,0.0002092,3000.0,0.6277,0xa1...a40d,https://etherscan.io/tx/0x8612a6ba9b5a09e511ff1f63a8798fe759d1ce44f31ba2873989fc282e232326
2023-03-25 22:53:59,True,0.3616,0.0002088,37.4279,0.0078,0xcf...e58c,https://etherscan.io/tx/0x249df1450fb2791e3989d5d3f3911514a6d946a6776fb7647ca7bc8453f14de7
2023-03-25 22:38:11,True,0.362,0.0002087,478.995,0.1,0x5a...a069,https://etherscan.io/tx/0x46203d56094e60371802e544ebd145b77733588bb13190720a46d2cdab38596d
2023-03-25 22:34:59,True,0.3621,0.0002087,2.77576,5.793e-05,0x48...9f1f,https://etherscan.io/tx/0x37d28bd3afb95eb289520b49c05b6f7c5b41591c0c2a99bdc83e41a16c35c393
2023-03-25 22:34:11,True,0.3621,0.0002087,84.6562,0.0176,0x8c...967d,https://etherscan.io/tx/0x796d60e21594c62815c110db33ab3a0d09387d8cedeec661f4c9b7c9e4157290
2023-03-25 22:22:59,False,0.36,0.0002075,727.5,0.1509,0x6d...899c,https://etherscan.io/tx/0xf2a38acb11b245fd2e87acfc60552332222f563d8c7c05584c846e278675bfcc
2023-03-25 22:21:59,True,0.3617,0.0002085,2760.45,0.5755,0x99...3683,https://etherscan.io/tx/0xca50188ca12257d49429b88c28009afb7eb7e6863676930d066d4bba502a489a
2023-03-25 22:21:47,True,0.3611,0.0002081,11.5543,0.0024,0x27...9c8e,https://etherscan.io/tx/0xb6493545f95ab306531e2322a4910561f576784da482252052f1f5813455de40
2023-03-25 22:21:35,True,0.3611,0.0002081,3.1728,6.604e-05,0xd7...caa6,https://etherscan.io/tx/0x12f35cba90f7241c7e285ac029353de20a39db6685f38707874cc2893f0c8d2b
2023-03-25 22:20:35,True,0.3611,0.0002081,67.7667,0.0141,0x85...eac6,https://etherscan.io/tx/0x2221c78f85772c59d5f2e76893f323d8059555d7c7cc384585e8faf632ed47d0
2023-03-25 22:16:35,True,0.3613,0.0002081,36.9111,0.0076,0x81...27bf,https://etherscan.io/tx/0xe38a5aaf1cf0960bb517989e0622d7498704e5efa049a1a29987d45d0abb6c6f
2023-03-25 22:07:11,False,0.359,0.0002071,2328.0,0.4823,0x6d...899c,https://etherscan.io/tx/0xf3c31dd276a98295f66d9545869f0b18eaba25e85b4e979c1569d80a081c0dde
2023-03-25 22:06:23,True,0.3617,0.0002087,39.296,0.0082,0xe9...e21b,https://etherscan.io/tx/0x65aa916e87e8c7cd484b4038e92d3f6d8d5f05e8da55fff5f54099045968ffd2
2023-03-25 22:05:35,False,0.3594,0.0002074,135.8,0.0281,0xa2...b326,https://etherscan.io/tx/0xd6a0a5037a7b7561a54f7a6faac0fab4024c7816a779e909916f2b4e10fcd32b
2023-03-25 22:00:11,True,0.3612,0.0002087,10.4159,0.0021,0x65...fbad,https://etherscan.io/tx/0xa761becde60337e5a0bace71946c7b3b68351baa53b1077e2d4e2c084b4d763e
2023-03-25 21:59:47,True,0.3612,0.0002087,94.349,0.0196,0xb3...1f64,https://etherscan.io/tx/0x8320dea4c53db4aa8bf630b3d0d94c26e17dcc7437de5e4e93fdac1c27ed0b62
2023-03-25 21:53:59,True,0.3613,0.0002087,1.73988,3.631e-05,0x24...e0a3,https://etherscan.io/tx/0xebf6f4b6a9769d20d0eb458b92afeb7efb5dfb63bc71127284383a4108ba2b24
2023-03-25 21:52:59,False,0.3592,0.0002075,485.0,0.1006,0xa6...bb97,https://etherscan.io/tx/0x969d9260124050f20e6f507786c8fa04c08711d84edae91e4cc369509a916cf4
2023-03-25 21:51:47,True,0.3617,0.0002088,5.98575,0.0012,0x9e...99f2,https://etherscan.io/tx/0xcf720b93e25f1894dde23706de1aad886948856457b1fb94140027005dc497fd
2023-03-25 21:50:47,True,0.3619,0.0002088,4.03966,8.436e-05,0x53...3491,https://etherscan.io/tx/0x7cb22f07550cf0e5272698484110bb51fab778e4f450a63b342ba6ab4ca94ffb
2023-03-25 21:49:47,True,0.3619,0.0002088,20.8081,0.0043,0xc9...f264,https://etherscan.io/tx/0xe521aac0746075bdeada55e24869870c8df6ffde333b5974345125e3e0bb0727
2023-03-25 21:48:23,True,0.3615,0.0002088,12.2341,0.0025,0x59...75cf,https://etherscan.io/tx/0x99d2b72787bd4b0c9f88f19576d83b5f6d9d77e9c14a55cc6252ced3ca2077d8
2023-03-25 21:47:59,True,0.3613,0.0002087,622.726,0.13,0x59...75cf,https://etherscan.io/tx/0xc85031401dbfa601e9116e11945bbde3f26f828364f705dbe1b02c339d86cb97
2023-03-25 21:47:47,False,0.359,0.0002074,142.687,0.0296,0xa2...b326,https://etherscan.io/tx/0xb8ed6660410c3c4180d2b9b4778101feef41355d2db878619d19b9043950286a
2023-03-25 21:43:35,True,0.361,0.0002087,19.0487,0.0039,0x68...b406,https://etherscan.io/tx/0xab3c3cd9d5955f2edbdca34def104e03c2bdc6347222ce6e0eb7cf623170ba01
2023-03-25 21:42:35,True,0.361,0.0002087,3.78822,7.906e-05,0xf1...96a5,https://etherscan.io/tx/0x6e67b9147d6513383bff29639b82d819399df4bf32e7d00246ed0f8c94314d25
2023-03-25 21:42:11,True,0.361,0.0002087,34.0917,0.0071,0x30...e2e4,https://etherscan.io/tx/0xb05e9dbc4cc51f813de37b3ab81896c16a6c6eccfd81bea5ad474ae1206bcad7
2023-03-25 21:41:47,False,0.3595,0.0002078,2910.0,0.6047,0xa2...1c4b,https://etherscan.io/tx/0xbe8ec24a7336b7a5b6c7e30d65ce2ab400d6d5cf959edd2fdea736d957cbdd92
2023-03-25 21:38:11,True,0.3617,0.0002094,29.838,0.0062,0x97...11e0,https://etherscan.io/tx/0x3a0caa95c60fac8437ba5be3f7ff41f1ef60b219fd04ffcc26715927efb86ebd
2023-03-25 21:35:47,True,0.3612,0.0002094,5.64922,0.0011,0xb9...6a62,https://etherscan.io/tx/0xf0206ed6abbd06173d3d221c9447f5731039ddd13df9c4cde4bebbeb70793132
2023-03-25 21:35:23,True,0.3612,0.0002094,23.666,0.0049,0x09...a0b4,https://etherscan.io/tx/0x2e03d3afc202bed8a0d93178fb60be1d14ca193e82af01ae37e765f9fe69c326
2023-03-25 21:33:47,False,0.3591,0.0002082,485.0,0.101,0x5c...cb43,https://etherscan.io/tx/0xb59b28b3594a4f2d0f0638bb97c4ac7d8a1c40c0408cd61d029428a76781e2b0
2023-03-25 21:31:47,True,0.3613,0.0002095,100.659,0.021,0x65...fbad,https://etherscan.io/tx/0x91bdd30e36c4f78a77a8af415da1ee0e176cfe2488dd93f5c40a9fa7c08d5535
2023-03-25 21:31:11,True,0.3614,0.0002094,405.75,0.085,0x96...fc05,https://etherscan.io/tx/0xc980f2ccee9c774c598cabaca48eccaab6dc74c47925559da0d250e01493b627
2023-03-25 21:30:35,True,0.3613,0.0002094,57.8917,0.0121,0x0e...cba3,https://etherscan.io/tx/0x9728292941c1ad9084aa81369a2963986cc33d6ad08e19995ac3df184d5e274f
2023-03-25 21:30:23,True,0.3612,0.0002093,278.659,0.0583,0xf6...86a4,https://etherscan.io/tx/0xfafb1bae83d402bf15bacef0f64fbd4b66fcfb5c3560e76530f26b75ad1333a8
2023-03-25 21:28:47,True,0.3606,0.000209,2492.41,0.5209,0xaf...fec7,https://etherscan.io/tx/0x6ea66f02789e0f011d79516f81471b046069731b04dc6766abac9ae63a1ef983
2023-03-25 21:28:47,True,0.36,0.0002086,35.0112,0.0073,0xec...51e0,https://etherscan.io/tx/0x269996724618266d3a2ee57a46aa2dc6f2f011d369ef8d0041c0319d18ad199b
2023-03-25 21:28:35,True,0.36,0.0002086,28.0826,0.0058,0x89...2f24,https://etherscan.io/tx/0x0d54cb23c304d553be3af7b2fb262b5017ee83f08d7308d4905c1af4a970d89d
2023-03-25 21:25:47,True,0.3595,0.0002086,1.58937,3.316e-05,0xdb...b51b,https://etherscan.io/tx/0x77dfaef6696bb0ba03f17547b0bd5cd46b6f776faed635b21d93fdf4e318888f
2023-03-25 21:24:47,True,0.3597,0.0002086,65.9683,0.0137,0x68...34a7,https://etherscan.io/tx/0x9ab634c844c35ba526f233d3a7ff77ac775a58eba848ae73b0f1e03715ea3b0f
2023-03-25 21:20:59,True,0.3591,0.0002083,2784.41,0.58,0xda...44f0,https://etherscan.io/tx/0xb1bdee5f4d6e15305270047426414d00efb31c17ddd53aec90ebfa84675f023f
2023-03-25 21:20:59,True,0.3563,0.0002067,9675.97,2.0,0x44...5e0e,https://etherscan.io/tx/0x692229ba1cebb9b767d527f0a097884f4552fb41c08681913d37e90edece49c9
2023-03-25 21:20:47,True,0.3542,0.0002054,54.2975,0.0111,0xdf...ab0a,https://etherscan.io/tx/0x52704297881ec988889d4bef529ed205fefe6befb637b2d67b8fc745eae04f0d
2023-03-25 21:20:23,True,0.3526,0.0002045,7334.18,1.5,0xb1...8ee7,https://etherscan.io/tx/0xd38d0a7a8c217b4383613e3a9643280e6a526a32176f29b5c338d3606d20c1db
2023-03-25 21:13:59,False,0.3483,0.0002024,454.93,0.092,0x5c...cb43,https://etherscan.io/tx/0x87117bf9842706e8fce3cfe46f800dfc79abedeed3bdf2670abbfea40adda4ef
2023-03-25 21:13:47,False,0.3488,0.0002027,1905.9,0.3863,0xb3...e62c,https://etherscan.io/tx/0x0ab5a075118ab3d62d551b4d90ac48b62f2c8a91eb0a31c73949fca41554fab3
2023-03-25 21:13:11,False,0.3494,0.000203,505.37,0.1026,0x16...6e32,https://etherscan.io/tx/0x73a1d4fa8406ba306843aab09027c3faf2cd84a3af3fbab59a210f8c7c2e1646
2023-03-25 21:13:11,True,0.3516,0.0002043,11.0101,0.0022,0x3a...aec9,https://etherscan.io/tx/0xf71415aa673a2d1d6d92f9d6f1be936a31c4af730d08c4e7e5ea6f2f431a2c2b
2023-03-25 21:12:35,False,0.3498,0.0002032,954.685,0.194,0xa6...bb97,https://etherscan.io/tx/0x7ff96d5f024873dff3b0850e08988e99fef77452e9d4301a8664ed0fddf391dc
2023-03-25 21:07:59,False,0.3499,0.0002035,1355.04,0.2757,0xed...9b54,https://etherscan.io/tx/0x9a4ae362153b5f2433ece5334823f9e47608a62c789307b9cdfbd87f14271787
2023-03-25 21:00:47,False,0.3501,0.0002039,2047.96,0.4176,0xd5...8f96,https://etherscan.io/tx/0xae67d31c15b7b312beab8310b06d70983e8f8c3bb540a1ec1c97e224cd5d5bf6
2023-03-25 20:57:35,False,0.3519,0.0002047,4741.36,0.9709,0x1d...dddd,https://etherscan.io/tx/0x4b6d4b9f0d30052462bcb2726369e0455edf597f47c22525ed2bbfae53e1ed54
2023-03-25 20:56:35,False,0.3539,0.0002059,4390.22,0.9041,0x59...a9c7,https://etherscan.io/tx/0xb7eda423a45f5ae22c055c8b6ed92eddb644607cfca91b827cccc1f25ac7d4bc
2023-03-25 20:56:11,True,0.3567,0.0002077,250.347,0.052,0x68...9110,https://etherscan.io/tx/0x4978340b6160391c65acc15c060b0228a150f1074a00d1f6027ae54a06caf71a
2023-03-25 20:48:47,True,0.358,0.0002076,76.1862,0.0158,0x52...acec,https://etherscan.io/tx/0xe92b21fb3a00efb26870d8b31950d8041f5c7911a2627f73b4ee8217ece057f1
2023-03-25 20:41:23,False,0.3574,0.000207,4850.0,1.00414,0xe0...9759,https://etherscan.io/tx/0xbc34e361a0f0a2fa63cf0af2677aaca096cc7eabccc3c90b4ffe6b634c55a990
2023-03-25 20:37:59,True,0.3609,0.0002088,464.0,0.0969,0x8d...8006,https://etherscan.io/tx/0x677df35d54dd385d5f54f51c2d615dd5f629f1d02dacd18efaab7c5dd410c1c0
2023-03-25 20:21:59,True,0.3608,0.0002087,9.19452,0.0019,0x60...3da2,https://etherscan.io/tx/0x967588c13167e3f2e7d1252940aecace7f7fb37df82d692e92b577932d3f713b
2023-03-25 20:21:47,False,0.3587,0.0002075,242.5,0.0503,0x87...90bc,https://etherscan.io/tx/0xbb6e4fad8cf22de91f99768f06a76394541921985a4476f977de03acc5808870
2023-03-25 20:20:59,True,0.3609,0.0002088,21.6052,0.0045,0xa9...ef04,https://etherscan.io/tx/0xc23091bf1700f3fdf9befa5c11063fffe0b8eb8234a7459b6d8f527f069190ff
2023-03-25 20:19:23,True,0.3608,0.0002088,11.427,0.0023,0x56...90af,https://etherscan.io/tx/0x7e6aa0418446ac7a1205d641eef3125bb1aeff1e17d2c4de9b38edcd9d764758
2023-03-25 20:18:23,True,0.3602,0.0002085,2023.2,0.422,0x0a...30d6,https://etherscan.io/tx/0x5abe104d9c1a14dcb6600cc53130bd2d73bca2c2641bb1937a737570cacf1da1
2023-03-25 20:18:23,True,0.3597,0.0002082,273.666,0.057,0x98...f081,https://etherscan.io/tx/0xd15a00d6ca407eceeba370b6deee9a25080fd94b11dbd715b077e85284b3566c
2023-03-25 20:17:23,True,0.3594,0.0002082,10.3251,0.0021,0xa9...ef04,https://etherscan.io/tx/0x59ee0cae0cc019d4a3c017efefb8edc471a66ba9c5a0215193b771f07f3d2d83
2023-03-25 20:16:35,True,0.359,0.000208,1682.47,0.35,0x9b...c0f8,https://etherscan.io/tx/0xa07958e6b407e14b22b7808cb175b2b8f648262a28d5ab413c67a2383e726ef2
2023-03-25 20:16:23,True,0.3586,0.0002078,11.3995,0.0023,0xdb...b51b,https://etherscan.io/tx/0x886f850ab5c59b71a7f57786d049136a227bc69416e7b6ed99beb72e849318a9
2023-03-25 20:12:23,False,0.3564,0.0002066,468.51,0.0968,0xed...9b54,https://etherscan.io/tx/0x3af7c96d4ac947863b6a96edd71b4e34cb3ba260f74efd62bbfd14dcfd5ced41
2023-03-25 20:07:11,True,0.3592,0.0002079,4.69955,9.771e-05,0xe0...72a3,https://etherscan.io/tx/0x9bdc85350ccff67c58610b5834baefe62717e94fce02323523927d711005b2ee
2023-03-25 20:01:23,False,0.3589,0.0002067,679.0,0.1404,0xe2...3ab9,https://etherscan.io/tx/0xccd983fe890bb4fd4ae05e5a6940164f87f901d53d91073c3c7e4df7a62d4075
2023-03-25 20:00:35,True,0.3612,0.0002081,17.078,0.0035,0x41...3634,https://etherscan.io/tx/0xdc72bcd97e5035c29553ea57c52cd64e3d188e374b5893106bf3ae9657712891
2023-03-25 19:58:35,False,0.3604,0.0002068,96.4293,0.0199,0x6e...7e5b,https://etherscan.io/tx/0xe2de745920f337c37f6b69b2dc267959a16926e16ad263dedd9e2eea6c899097
2023-03-25 19:58:23,True,0.3626,0.0002081,13.0018,0.0027,0x61...410f,https://etherscan.io/tx/0x69f1a5a2e233ceced9b422c3885f83ba95496c77aa87451bb79ee907b1a97dd8
2023-03-25 19:57:23,True,0.3627,0.0002081,25.083,0.0052,0x87...fc8c,https://etherscan.io/tx/0x2d7774fe82a12f01cc0bf02a93db0203e5b6b7b7003e21ee3c9a102b5416844c
2023-03-25 19:53:47,False,0.3605,0.0002069,468.51,0.0969,0xed...9b54,https://etherscan.io/tx/0x92656e2a41179e04668875c439e05ce56df131c7cf8b79d878020d8ddc15fd1b
2023-03-25 19:51:59,False,0.3608,0.0002071,873.0,0.1808,0xd0...9915,https://etherscan.io/tx/0xdea67a06cfb0875c7d8fcc66f27b1561506b00db8ad411ea3342d17329c00775
2023-03-25 19:51:11,True,0.3632,0.0002084,54.826,0.0114,0x87...fc8c,https://etherscan.io/tx/0xa898f6cc66c6cd7b19db78fc70da3cadee4eb542d4f111dd37ebf3cf9ba4ae07
2023-03-25 19:47:11,False,0.3614,0.0002072,607.918,0.126,0x16...6e32,https://etherscan.io/tx/0x675c8067a67a3933d54c1208d2c449310fcbe5e00520fbc9a16cdf737fe10ec1
2023-03-25 19:37:47,False,0.3611,0.0002073,194.0,0.0402,0x0f...eb2f,https://etherscan.io/tx/0x8934dd95cd56e65a1870f99e3152aac8e171b8b9c78ce907c7e5310e7d0e0fda
2023-03-25 19:35:23,True,0.3631,0.0002086,19.0793,0.0039,0x7b...3da8,https://etherscan.io/tx/0xa6ca6bfb8cc5d98cbd9ef94d95cf93a61be87ade46f3c2db8411398425a1570c
2023-03-25 19:31:47,False,0.3625,0.0002078,3298.0,0.6854,0xd5...06c8,https://etherscan.io/tx/0xc801cd44043ba30193fdfe160ab2a1cc9621832f1bbd443399cc4fb7d539870a
2023-03-25 19:27:11,True,0.3656,0.0002095,11.3705,0.0023,0xbb...7254,https://etherscan.io/tx/0x4285019b290ece3972846b7b7b25e0e7ad7de2a5f5efd338c2e9f4330c76ded4
2023-03-25 19:25:59,False,0.3656,0.0002095,10280.1,2.1546,0x85...eac6,https://etherscan.io/tx/0xd0bab31f59923b180da1e88faed414011abdd65b3174027cb6e6af0504e9a7c4
2023-03-25 19:25:59,True,0.3701,0.0002122,28.3441,0.006,0x85...eac6,https://etherscan.io/tx/0xd0bab31f59923b180da1e88faed414011abdd65b3174027cb6e6af0504e9a7c4
2023-03-25 19:21:35,False,0.3704,0.0002123,10670.0,2.26576,0xec...78b9,https://etherscan.io/tx/0x5caf7b61b4cc39cb9ab8fb352396a4d130a70fa7fd630d21bac50666f87fe01a
2023-03-25 19:18:23,True,0.3751,0.000215,31.1086,0.0066,0x09...a0b4,https://etherscan.io/tx/0x5421e319c8371684fbb59c352f95403468e3a5c797a6e27e08b09924479408e0
2023-03-25 19:15:23,True,0.3751,0.000215,11.2754,0.0024,0x89...2f24,https://etherscan.io/tx/0x2bca9695f0469aed55e1b94098dde52c9c24dc767d061fc5a557acffe576cf3e
2023-03-25 19:14:11,True,0.3752,0.000215,146.544,0.0315,0x6f...1640,https://etherscan.io/tx/0x081c1cc15726fb1427cfa4c319f67ed811007dc01cf4a323624656897c22d003
2023-03-25 19:11:59,True,0.3745,0.0002146,3028.89,0.65,0xd0...9915,https://etherscan.io/tx/0xc442139d67d2a1fe3f19beb491ba3d5ddc6dde0e6406b38c9b7945ddc70d3791
2023-03-25 19:10:11,False,0.3717,0.000213,737.2,0.157,0x5d...a8fb,https://etherscan.io/tx/0xb85f0159a3007f6d6ee032a8256452daef50f08404a6f19d06fd995ff1904922
2023-03-25 19:00:23,False,0.3723,0.0002133,1909.53,0.4074,0xb1...f036,https://etherscan.io/tx/0x70d39e1230f01f5dfe254c27771f2fa11ab31f127e2529547a1d9fdf0677e537
2023-03-25 18:59:23,True,0.3746,0.0002146,1658.0,0.3559,0x67...ac72,https://etherscan.io/tx/0x9eeb3bba5a195ca6e12f05031b6304614333a18cee2d97573a7d9bdde4dd82bd
2023-03-25 18:57:35,False,0.3724,0.0002134,1940.0,0.414,0xd0...9915,https://etherscan.io/tx/0x959a12f39597329e4669f1e2ace8ef4d0cb95f9b5522406aa39d23ffc931558b
2023-03-25 18:42:11,False,0.3727,0.0002137,485.0,0.1036,0x3a...adb4,https://etherscan.io/tx/0x1b4bc1d7eb1fe7e98f770fc8e8ee0ce6d1656c5d2a6fcce38f22d373a8fc9860
2023-03-25 18:32:35,True,0.3747,0.0002151,22.3464,0.0048,0x8c...a7e9,https://etherscan.io/tx/0xdadb4222beab05dcc10c7eb5c9196fac042ad93d8a388759639685611fd2c9b4
2023-03-25 18:27:11,False,0.3738,0.0002138,388.0,0.0829,0xc2...e50f,https://etherscan.io/tx/0x7b21418d4a0c76a22ba17df396260eeff02233fbd5dac404d3038773db4d5b65
2023-03-25 18:26:59,False,0.3742,0.0002141,1455.0,0.3115,0x38...1e68,https://etherscan.io/tx/0xc4725ee7b6ed34381f6962fd581d71af698a98afef1e4a1688f396cd1665de8f
2023-03-25 18:21:47,False,0.3752,0.0002146,2153.4,0.4621,0xad...4ef4,https://etherscan.io/tx/0x56b9bd8e57d6f31c4d531de6115683180177682ae415ffc1c6d9353b27b37208
2023-03-25 18:14:11,False,0.3768,0.0002149,485.025,0.1042,0x83...e295,https://etherscan.io/tx/0xf2e9543ec27d9c87146d77a7e92ff98e863a5e0746c9012f3429f1a9605110a6
2023-03-25 18:12:11,True,0.3748,0.0002137,18710.3,4.0,0x38...9d7d,https://etherscan.io/tx/0x7a75b672500381dbec1d2220c728abaa0edca24d1a69158fea04143780abba25
2023-03-25 18:07:11,False,0.3693,0.0002106,4433.36,0.9336,0xcd...f363,https://etherscan.io/tx/0x174b2e2bfad89bbef404e3ac9bd9dd319c12f96df16d5a5a7f09b72ee1d625c6
2023-03-25 18:04:11,True,0.3722,0.0002122,1568.91,0.333,0x47...9b06,https://etherscan.io/tx/0x753e6c23457f652feb37af29d44c4d09d7abebf8734a0ed540b0f32cfdb0bbb7
2023-03-25 18:02:35,True,0.3719,0.000212,3.34691,7.096e-05,0x9b...dc41,https://etherscan.io/tx/0x8ca7cf436fd85b5735ef0a41e97a5676ab6cb75f537d3877b3d39dd28da1eed1
2023-03-25 17:58:35,True,0.3719,0.000212,20.4816,0.0043,0xad...b5f0,https://etherscan.io/tx/0x098ef393f033f0064128f5b3b08185147729fdb195f5aa7de9d97cf29e0d230b
2023-03-25 17:53:23,True,0.3716,0.000212,3.60154,7.636e-05,0x76...d547,https://etherscan.io/tx/0xb6891cc2a68948cb0f9372bfea4d981c77e449da85c4e7a6ef19d5d04cca9202
2023-03-25 17:52:35,False,0.3698,0.0002109,1526.47,0.322,0xa1...e757,https://etherscan.io/tx/0x63c9ecc5ce766d5aeda4bdf2a28a31f38428d9606535580d724e3dee63ed15b8
2023-03-25 17:36:47,False,0.373,0.0002125,10379.0,2.20606,0x86...cc69,https://etherscan.io/tx/0xb21cfd379ac252f596641882162b9794557af552c31c4df5a0278f3d5d0510a8
2023-03-25 17:36:23,True,0.3777,0.0002152,13.6453,0.0029,0xc0...f000,https://etherscan.io/tx/0x2fd6c762d24430533370ba521f87e712ad82982caf695c5fa89d77e7beed52c2
2023-03-25 17:33:35,False,0.3761,0.0002141,1584.98,0.3394,0xad...4ef4,https://etherscan.io/tx/0x07e40a2e44a54eb0c5c4865cdd261b2cd47c46bd18ce6635f3141c15819f3aa4
2023-03-25 17:31:59,True,0.3786,0.0002156,58.8869,0.0127,0x24...e0a3,https://etherscan.io/tx/0xb3a1c7ccf3ee5f07020ea447438e86b4226b61bec1133d33be330d4188602837
2023-03-25 17:28:47,False,0.3764,0.0002144,775.247,0.1662,0xc8...b043,https://etherscan.io/tx/0x1450186e39c6461a06f3d99b4461b9a1c84fafc1b63268c0fb343f498c938f99
2023-03-25 17:19:59,True,0.3783,0.0002157,1034.05,0.223,0xab...5c2a,https://etherscan.io/tx/0x266afa60c71cfd0e77998d384d3eb378d301db1e553219de50490497eee85e6f
2023-03-25 17:17:35,False,0.3762,0.0002145,1636.39,0.351,0xad...4ef4,https://etherscan.io/tx/0x7f1e6d394df6386c759681b9581565c40622f19ce00370e10028971e54cdd280
2023-03-25 17:16:59,True,0.3791,0.000216,16.0647,0.0034,0xa1...565b,https://etherscan.io/tx/0x1215e7ccd433bb0407bdb1093ab46ee62f0a261f012e9e37f9cb9fc4a6faa2fe
2023-03-25 17:16:47,True,0.3791,0.000216,9.45549,0.002,0x61...410f,https://etherscan.io/tx/0x775eaa16a9424e125de1f2bbb98f492c838fccdeaef60d8a093b2f3490c43521
2023-03-25 17:15:59,True,0.3791,0.0002159,105.88,0.0228,0xb5...af7b,https://etherscan.io/tx/0x920b0bcb0fc6fda6066287f849c3038552a2eb896e11f109d4b75d75c0aeffc0
2023-03-25 17:15:35,False,0.3784,0.0002156,6994.79,1.50835,0x81...0c3f,https://etherscan.io/tx/0x2b98bb8bc4628e0697a601e1e81a231e43a2bf6adaf1c692e3e64dccfac5e55e
2023-03-25 17:14:11,True,0.3824,0.0002178,38.1856,0.0083,0x61...410f,https://etherscan.io/tx/0xb8d91a46bd56b447a31ca378e4fb3307733be10754a6d375b54a971eefcbf4c6
2023-03-25 17:06:23,True,0.3826,0.0002178,128.092,0.0279,0x61...410f,https://etherscan.io/tx/0x791b85935dc744a3d055fea2e6be29b8f91fed1d5e90f7144ec22adda9985682
2023-03-25 17:02:59,False,0.3807,0.0002169,2648.1,0.5744,0x6a...636d,https://etherscan.io/tx/0x5d952301ffdab4242503d509e01a54be005fe77601d821362356a821287253a6
2023-03-25 17:00:11,True,0.3832,0.0002182,2574.9,0.5619,0x48...620d,https://etherscan.io/tx/0xe43fcb1ae453b50b68c44dfc18b5483555e4e830b942d7db314c5ca213644cc5
2023-03-25 16:57:59,False,0.381,0.0002167,1202.8,0.2606,0x1f...1be6,https://etherscan.io/tx/0x4271d52bfa5516f53ce6e21b6b59cbc852f9be412bfd22312c58208ad7f42846
2023-03-25 16:56:35,False,0.3817,0.000217,878.265,0.1906,0xc9...f264,https://etherscan.io/tx/0xe927389f32c0ca9e0a870aef6b0ba768627840ad2b9fe2468070e1ffe98b002b
2023-03-25 16:53:47,True,0.3841,0.0002184,366.305,0.08,0x95...03e8,https://etherscan.io/tx/0xeb7b61cb64f79c79ccec46d1dbe70d071ac6e6a891d603ebe2d9c6f7bf6e9521
2023-03-25 16:49:59,False,0.3826,0.0002172,1778.32,0.3864,0xb3...e62c,https://etherscan.io/tx/0x8a083166c45922cd79318e8031b985fbbd8205524eb30845a6f6957d753d6982
2023-03-25 16:44:47,False,0.3819,0.0002177,1905.68,0.415,0x0e...7b2b,https://etherscan.io/tx/0xb6d880f7a6c217d8ed6bcc16068f576172253b4db5d53aaae0816d2886739430
2023-03-25 16:44:23,False,0.3829,0.0002183,2425.0,0.5296,0x3a...8155,https://etherscan.io/tx/0xc31e0aa043ce1ed238d62a7983a10c87488db7c2f528621569f98e35d9982239
2023-03-25 16:42:35,False,0.384,0.000219,2072.71,0.4539,0xd5...2a9b,https://etherscan.io/tx/0x0f0bfb4c53e92f5d8518099b08a00c9b46042b6e16e574fc0cd044e75885b872
2023-03-25 16:42:35,True,0.3868,0.0002206,23.9806,0.0052,0x01...8648,https://etherscan.io/tx/0x286ef97e9c930d326897963982692ddfde210fa7754b1c0e6fce205355c2df4a
2023-03-25 16:41:11,False,0.3845,0.0002193,485.0,0.1064,0x3a...8155,https://etherscan.io/tx/0xf26bdd4d7aba9601b9762da5f55d09a6fb63a93826836d0fbd306306107204fd
2023-03-25 16:40:11,True,0.3864,0.0002206,516.153,0.1139,0x35...a7b4,https://etherscan.io/tx/0x7e0df71bd2676399c027e623d6cb235398a72717b5484379a7ff2dff4c8d6092
2023-03-25 16:39:23,True,0.3861,0.0002205,516.502,0.1139,0x35...a7b4,https://etherscan.io/tx/0xf57d9eea98de1fe4dc738946a86e016ea0e3df0f6bc1a10f0592b9e90dec66e3
2023-03-25 16:38:47,True,0.3859,0.0002204,408.323,0.09,0x2c...0ba5,https://etherscan.io/tx/0x33347e43d6d9897ac3e9dc422b59752e7e16b9cb43afc953b8dbf99d70778374
2023-03-25 16:22:35,False,0.3828,0.0002191,1067.0,0.2338,0x3a...8155,https://etherscan.io/tx/0xe77b1490dbf794abf98c3975f34e42bce68b45d868609043b8e31af26175943a
2023-03-25 16:18:47,False,0.3834,0.0002196,2015.48,0.4426,0x0c...c856,https://etherscan.io/tx/0x516d2ed1e606342a23d5ca67187d903ce29e18ee340eba4469f2bc7aae9e5a13
2023-03-25 16:11:11,True,0.3869,0.0002212,3.68919,8.161e-05,0xd3...26de,https://etherscan.io/tx/0x59c9fcd57c334b04c8a260f96854c25375a8887c0c7dd24e7cbb0a0d91d34416
2023-03-25 16:10:11,True,0.3869,0.0002212,7.21383,0.0016,0xc9...f264,https://etherscan.io/tx/0xde1038fd063a53196c4955fea1ed28c5b5bdf343185aa5295ab87db2f4530bc0
2023-03-25 16:05:23,True,0.3863,0.0002208,2716.93,0.6,0x89...5edb,https://etherscan.io/tx/0x15ab72ebe3ae88571f2c60e747f67358b92e6e4fbdf090be90c6382d6e6d6852
2023-03-25 16:04:35,True,0.3856,0.0002204,34.1347,0.0075,0x60...3da2,https://etherscan.io/tx/0xe66d3dd388f7c786caba1b5492e833229702158c8ccc7459e20a060e6d4c8664
2023-03-25 15:58:23,True,0.3856,0.0002204,19.754,0.0043,0x24...e0a3,https://etherscan.io/tx/0x9f520bc2ceb8d0ae7e4ba935b711943c79e96053c7f7363461129ec170451081
2023-03-25 15:57:59,True,0.3856,0.0002204,3.11009,6.855e-05,0x96...b4eb,https://etherscan.io/tx/0x8c9fc347834249317f8c7106d1bc7bcba183e0d0f26cc5a11efa39af8a787126
2023-03-25 15:56:11,True,0.3859,0.0002203,558.181,0.123,0x5f...96c3,https://etherscan.io/tx/0x485b57fdf37ac21787891a62dab06e36e15633f5d615e011d3c8970b796ac224
2023-03-25 15:56:11,True,0.3857,0.0002202,26.974,0.0059,0x6f...bf37,https://etherscan.io/tx/0x81243c0a4c9765ab71d7361a5a59583094f03339cc5112d0dc44d4d49a4c4dca
2023-03-25 15:51:11,True,0.3854,0.00022,1475.19,0.3246,0x61...ed9c,https://etherscan.io/tx/0x51097b2ba64938db0342c4d938ed89f1688344358e1b82e262cadad89bee6453
2023-03-25 15:50:59,False,0.3829,0.0002186,506.541,0.1107,0x55...ce90,https://etherscan.io/tx/0x6fa3038eb9a20139942deadd06fac3068a1da667b6744964aa66c5924e90b7d5
2023-03-25 15:38:59,True,0.3855,0.0002199,13.155,0.0028,0xbb...7254,https://etherscan.io/tx/0x7af04492008fb40608ca05c8fd6179ba592285bb9b0f8bafb9efed4fd7ba0f40
2023-03-25 15:37:47,True,0.3855,0.0002199,57.7839,0.0127,0x59...3525,https://etherscan.io/tx/0xa1168047055c9bef8a35b01bec08e00954ab0cb413d4b83a24d310959d6d6506
2023-03-25 15:37:23,True,0.3848,0.0002195,2641.88,0.58,0x61...ed9c,https://etherscan.io/tx/0x11c458c6415fbe6d4cfd2c0364b87792cbe133be23c340b68cddd43089bb3fe5
2023-03-25 15:30:23,False,0.3826,0.0002182,2463.36,0.5375,0xf1...b342,https://etherscan.io/tx/0xba63ddbe5d0bd4b1063adcc0689aabc81b4e58d4facf8933398964e9392f4957
2023-03-25 15:23:23,False,0.3828,0.0002185,242.5,0.053,0xe0...2c13,https://etherscan.io/tx/0xa0e9447d89475abccf75511508ff9f9b8945cf3f0eb9a6eb8f114063e7353979
2023-03-25 15:22:59,False,0.3829,0.0002186,310.751,0.0679,0xc6...fe90,https://etherscan.io/tx/0x1b032dfbf4681a90b62f601e4b6e060be973764617f252e5240e505caaa84ccc
2023-03-25 15:21:59,True,0.3852,0.0002199,295.491,0.065,0x27...3c7e,https://etherscan.io/tx/0x1f60786d96c738ff8293a9e8c07520b867a1652906ee82f44c878c282af4ceb8
2023-03-25 15:17:47,False,0.3835,0.0002189,2307.59,0.5052,0x48...716c,https://etherscan.io/tx/0x0ee5d29b7e8fc69301035de4f7954b5303a07d292809cc024297ad0a1a627131
2023-03-25 15:14:11,False,0.3842,0.0002193,606.045,0.1329,0x03...4329,https://etherscan.io/tx/0x5aa634e486ecc0038352449907f06baa9904c449a2894467bb921ae48ec4b7e2
2023-03-25 15:11:23,False,0.3862,0.0002199,3901.44,0.8582,0xb7...04e6,https://etherscan.io/tx/0xcf7f33893fc717abd28587b686c142ec8fb3bcfd8a19c1234998a80dc392525e
2023-03-25 15:08:47,False,0.3873,0.0002207,1578.46,0.3484,0xa6...1e9f,https://etherscan.io/tx/0x7b38788b95592632f775b41ace9630f15b8954088e34e6f533ed6dd0d20af52b
2023-03-25 15:07:35,False,0.3889,0.0002216,4850.0,1.07506,0xd0...9915,https://etherscan.io/tx/0xa80f650efa10290104390485dd943e252b109105983f89c4451e37000ea7ac5b
2023-03-25 15:05:47,True,0.3924,0.0002236,110.0,0.0246,0x12...68c0,https://etherscan.io/tx/0x96cc499f41103d18ffd6e97e2c622dc7b394eb590af5b9e87dbef525c6d575d5
2023-03-25 15:02:35,False,0.3925,0.0002237,9700.0,2.17006,0x14...eb07,https://etherscan.io/tx/0x3a615e081dcd0a4e650e9ca23dd4abe9723e3aa96ede520887608934d9461d62
2023-03-25 14:50:47,False,0.3945,0.0002254,1940.0,0.4372,0xd0...9915,https://etherscan.io/tx/0x11c96d25a5ab19694964185dfd75aac8a51e58f14836805dc596a37f88657507
2023-03-25 14:48:11,False,0.3962,0.0002258,1261.0,0.2848,0xb7...04e6,https://etherscan.io/tx/0x52aca054f4ad0fd0db1d9685e79e0a244d3fd01eb96448c26239b907770a3663
2023-03-25 14:48:11,True,0.3989,0.0002274,20.3722,0.0046,0x98...c5ab,https://etherscan.io/tx/0xb5ba31d952b82a7ad424385f121f206a9b81b0be96e999fa86f07f8539dc5307
2023-03-25 14:45:11,True,0.3986,0.0002274,26.3844,0.006,0x5f...dfef,https://etherscan.io/tx/0xb3b4d28339acc8a8f75313b1f450741a8d23b0d74164fb3355e3c7725848344c
2023-03-25 14:41:47,False,0.3994,0.0002279,12983.0,2.95964,0x14...eb07,https://etherscan.io/tx/0x7bd91f5032c6bbb4104c5476c1b06dbd7ea677d414b63395611dc1be2e9d6710
2023-03-25 14:39:59,True,0.4052,0.0002312,302.724,0.07,0x4a...821f,https://etherscan.io/tx/0x9b33822f7a85701d6fe03cb5a609e01bf9f968507585d30ef3f9b2ec3c839f28
2023-03-25 14:38:11,False,0.4037,0.00023,1679.67,0.3864,0xb3...e62c,https://etherscan.io/tx/0x63badee8e99b2cf1b3f73023f755d0b886d50b1a2e48e30b511ea1100adffa1b
2023-03-25 14:37:35,True,0.4067,0.0002316,12.6465,0.0029,0xf0...7a42,https://etherscan.io/tx/0xfd2a9ef9c9a966a0a2ae698e589798ffc73e0722510542f6aa7f5e4a4aeeb5fa
2023-03-25 14:34:47,False,0.4057,0.0002321,11892.0,2.76029,0x14...eb07,https://etherscan.io/tx/0x208fdd98c6885bcf6f7b7ecf09369610a4459158090fae777ed5ee0735e27a9c
2023-03-25 14:34:11,False,0.4089,0.0002339,242.5,0.0567,0xbf...54ef,https://etherscan.io/tx/0x718685957fa42807a6059ccba672d2cc2b1c3a4c127e4548bfe19d05ec31a0a0
2023-03-25 14:32:47,True,0.4087,0.0002339,9403.39,2.2,0xda...44f0,https://etherscan.io/tx/0x799948a0698959639ba164c5d90a76729d8cefff6c8c9cf793ac5125e8f94b88
2023-03-25 14:27:23,True,0.4053,0.0002324,664.643,0.1544,0x9a...58ee,https://etherscan.io/tx/0xb12096ef0a7704a1213415fc10108824569f948d66526a3ea61991277046b9f4
2023-03-25 14:22:23,True,0.4041,0.0002319,2155.34,0.5,0xba...4d4b,https://etherscan.io/tx/0xf6f6fa3dc0b57acb80385d1a6a101d1d2fd571a87d38b9da3840d597e8896594
2023-03-25 14:22:11,False,0.4014,0.0002304,944.87,0.2177,0x62...a14a,https://etherscan.io/tx/0x6925491a463da5bdb10f48fb1a38e236a87fe5fc7a86bdde2d584fed41bd9fb1
2023-03-25 14:20:11,True,0.404,0.0002319,81.2249,0.0188,0x23...2f7c,https://etherscan.io/tx/0x69466cd18314229f1c22f31760997c5504f32c411311d873f8e361bd8309f8c7
2023-03-25 14:16:11,False,0.402,0.0002307,1519.78,0.3507,0xad...662f,https://etherscan.io/tx/0xb12c6e158ac6c20372d81a4469289ee513b8cefa19c871b9e37509a604406e07
2023-03-25 14:11:59,True,0.4047,0.0002323,344.344,0.08,0xd7...88a3,https://etherscan.io/tx/0xc23f9b3f08481a0170c93a0754750ea07f19c6f10bceffe3b78587a97a9e541d
2023-03-25 14:10:11,True,0.4046,0.0002322,429.865,0.0998,0x8e...e90f,https://etherscan.io/tx/0xd7539e5446e6eb6000c3d517d2f9ad200b3238ffe260d713ef7fe37414463ec0
2023-03-25 14:09:47,True,0.4035,0.0002316,3358.85,0.778,0x45...3f24,https://etherscan.io/tx/0xeaae973a5cb49ab34a232b34b107d35399037812fb47f19911e9f94e27f1c462
2023-03-25 14:08:59,False,0.4002,0.0002297,139.41,0.032,0xd0...e48e,https://etherscan.io/tx/0x2eb55a0af6764bbab222c3fac168d568162878900cc4568cde2e95386b6df7c9
2023-03-25 14:08:35,True,0.4024,0.0002309,1212.23,0.28,0x45...3f24,https://etherscan.io/tx/0xcf6bf836f3fc642fffe628442c009de27709eb4de0f41115633371019fb4a5e9
2023-03-25 14:04:59,False,0.4003,0.0002296,1351.21,0.3102,0x90...be02,https://etherscan.io/tx/0x29bb0ca4ea12ecabcacbd921b5582c0a86dafd70e65b977e5a4f80c6e6539def
2023-03-25 14:00:47,True,0.402,0.0002305,4337.5,1.0,0x45...3f24,https://etherscan.io/tx/0x2388c861f9c02ed685061e5f4c93aa55330ff407114e3aed0c83811d74484e6c
2023-03-25 13:51:35,True,0.3999,0.0002294,3012.9,0.6912,0x9f...6640,https://etherscan.io/tx/0x86854865fa927b849fcb925dbf49059285d7b70e049cfa6f908da722b97769c9
2023-03-25 13:51:11,True,0.399,0.0002289,436.822,0.1,0xfd...c140,https://etherscan.io/tx/0x57b92709242a6d6d4cee0adc10bb5cbd056339d898e7314f829041c1efa111a0
2023-03-25 13:47:59,True,0.3988,0.0002287,1093.14,0.25,0x72...8c46,https://etherscan.io/tx/0x23318b689fb3a9f942f49fde3e6dbdfbf512ba0eea4ebc2f90349f1ae0371be6
2023-03-25 13:46:11,False,0.3964,0.0002272,853.363,0.1939,0x36...a5ac,https://etherscan.io/tx/0x54ca1e9425d59ab9b08192636bb6ef36d95d5e558551802f812971486219bd0c
2023-03-25 13:45:11,True,0.3977,0.0002281,4383.35,1.0,0x45...3f24,https://etherscan.io/tx/0x6ff3bbaa7dee1a312cfe3f633376ccdc98579703c4c2b3687bef6bf040259ab8
2023-03-25 13:42:23,True,0.3953,0.0002268,4408.49,1.0,0x45...3f24,https://etherscan.io/tx/0xb7f74b2b54c817cefb9ba2a50c43196d7a67275c94fe3abd0e4ac4784ccd399d
2023-03-25 13:40:59,True,0.393,0.0002255,4433.84,1.0,0x45...3f24,https://etherscan.io/tx/0xd4e01196d5aff5f732a764ec7a2c542dd3626095e0c3000ae56eea75809b724d
2023-03-25 13:40:11,False,0.3897,0.0002236,970.0,0.2169,0x1a...8ad0,https://etherscan.io/tx/0x4a2e22943bfd86780fa35b72e08902e081d848592fcf543fff2b705875591bfd
2023-03-25 13:39:59,True,0.3923,0.0002251,327.774,0.0737,0x45...2eed,https://etherscan.io/tx/0x68a56626d7b06fcb794e0e90d479e93faf7a047d585f48eb653e70c283605972
2023-03-25 13:24:59,False,0.3907,0.000224,2425.0,0.5434,0xcf...3224,https://etherscan.io/tx/0xbeb27a4cbdcd4257509b11dbf6fbdc205d2e48d70a67a1afa0f38c80575211e2
2023-03-25 13:21:35,False,0.3924,0.0002249,3304.89,0.7433,0x49...f683,https://etherscan.io/tx/0x653638701c78e3d9bfe9248ff9b80b99506ec74f527dc99d9614d964122d580d
2023-03-25 13:20:47,False,0.3935,0.0002254,485.0,0.1093,0x5d...a8fb,https://etherscan.io/tx/0x74a53c6f0272303068dab23055c4aa9906afd4b759356ce6ff63e8dc903ae983
2023-03-25 13:17:47,False,0.3937,0.0002256,970.0,0.2189,0xcd...3426,https://etherscan.io/tx/0xdd27f78ceead5136912c709a8765a10b445e015d257b6de493df7824e4c0275e
2023-03-25 13:17:35,True,0.3963,0.0002271,41.856,0.0095,0xf0...7a42,https://etherscan.io/tx/0x8cc6ee511b51557f7aabd9c3d77e60e05b0b2fb782be22930b803ddf9eff9d19
2023-03-25 13:12:23,False,0.3947,0.0002264,4332.74,0.9811,0x77...4247,https://etherscan.io/tx/0xe6dc8c3967d2e15599ba1419cb061fd260ad584e843a08f13ec00e32f5fedd82
2023-03-25 13:07:11,True,0.3959,0.0002269,10190.9,2.31271,0x77...4247,https://etherscan.io/tx/0xa95c2217b59d882429dd8fe30b3a44031135b3fae812b994b99d7893be158ebe
2023-03-25 13:05:11,False,0.3929,0.0002252,7760.28,1.74779,0xac...f7c7,https://etherscan.io/tx/0x0722c8f1cebe8b6d1d92027b3404d4675729ff27dac93ee7c6c589e4963365a5
2023-03-25 13:00:59,False,0.3949,0.0002263,98.6338,0.0223,0x1d...19d5,https://etherscan.io/tx/0x9cd9034bd2c2b3de1f09f7055a476e964fc2efb5652a997bf0097c0c040e0e09
2023-03-25 13:00:11,True,0.3973,0.0002277,3.79908,8.652e-05,0x6f...3fab,https://etherscan.io/tx/0x6beceb1999d098e60497a99e86e2861d9fe55d0505bac703b0c06688312d11a7
2023-03-25 12:58:59,True,0.3971,0.0002276,644.112,0.1466,0x03...4329,https://etherscan.io/tx/0xaea6d0d8a44410af51e3b44baa082b65d7049a1dad9049e215814404772d1da7
2023-03-25 12:54:11,True,0.3968,0.0002275,3.41318,7.766e-05,0x08...f9ee,https://etherscan.io/tx/0xe08d20308d9b981294d6be4c4d592ed06bcceaec59c768213f98593a2d2801e8
2023-03-25 12:51:11,True,0.396,0.0002271,2605.39,0.5918,0xc2...9609,https://etherscan.io/tx/0x5e3e672fc370e9f60afd9f4b737e788af02251c5e2bce56af851fa705cb73e28
2023-03-25 12:47:47,True,0.3952,0.0002267,1.60099,3.63e-05,0x92...fe9e,https://etherscan.io/tx/0x3830e57e42fec1e018195c37874e95cef023abc4d3888134e854310c985f8d21
2023-03-25 12:43:35,True,0.3955,0.0002263,2866.02,0.6487,0xfc...30df,https://etherscan.io/tx/0x126fabf2b91c1941fb02f595702a337b6d3821d3e22536fff82e40b828fe7441
2023-03-25 12:36:11,True,0.3948,0.0002259,221.326,0.05,0xa7...3f40,https://etherscan.io/tx/0x51ddd521d4a0d24bfac6a1dde6bf7a59309e5eaa48724c5c15939a2412a5488b
2023-03-25 12:35:23,True,0.3948,0.0002258,7.32631,0.0016,0x53...a994,https://etherscan.io/tx/0xffe9157a5e0afa0455f7f7a5b45ca430961eec6c981621cc1a86326c99690711
2023-03-25 12:29:11,True,0.3944,0.0002258,543.979,0.1228,0xda...cb6a,https://etherscan.io/tx/0x42aeab36cf5dcd8aef0761e893ae59669f233883f776fca5f27d435aa12ac165
2023-03-25 12:25:59,False,0.3928,0.0002249,3686.0,0.8289,0x03...5dae,https://etherscan.io/tx/0xd4c5b7594c236a92af5e0c7b44846384064f02781455907c3106f77dbd06cd63
2023-03-25 12:25:11,True,0.3961,0.0002267,23.1458,0.0052,0x09...2b1f,https://etherscan.io/tx/0xc8daeadfe53d551de5b2c81aafaad7df7395ebb855c53874ceafb5a2fa92031b
2023-03-25 12:19:47,True,0.3958,0.0002266,1178.0,0.2669,0xca...21da,https://etherscan.io/tx/0xec9a6c483effc92d03bb5f2c9681f7f4dd8c5b2d3a6c30d7830fe805158370ff
2023-03-25 12:18:35,True,0.3949,0.0002261,1879.0,0.4249,0xca...21da,https://etherscan.io/tx/0x8c7bd1ebf82c5b77058ce708ea1f831527246167b606faf2d6cf9d1f17a66bf3
2023-03-25 12:17:59,False,0.3921,0.0002245,156.17,0.035,0xbf...54ef,https://etherscan.io/tx/0x06dce980e781bd9f028ecc7cb2f808ee2631606a2ce768933ef14b2ed5accff3
2023-03-25 12:16:23,True,0.3943,0.0002258,761.006,0.1718,0x8e...b4e8,https://etherscan.io/tx/0x6536eb7fb32ffb332bf994440677c44fd5cd7f0e2894490bc7a897008586cea5
2023-03-25 12:07:35,True,0.3942,0.0002256,342.993,0.0774,0x95...7776,https://etherscan.io/tx/0x156a0a314e269a4cbe4bc2706ebcf5cbcec40f769bbfcfffecf8f47059ebf272
2023-03-25 12:05:47,True,0.3905,0.0002235,14563.6,3.255,0x91...0971,https://etherscan.io/tx/0xe5809a91eea76ef0f2d51d3168ffe0bdd1416af9df109f7eeab78e93171e0bba
2023-03-25 12:05:47,False,0.385,0.0002203,1649.0,0.3633,0xb7...04e6,https://etherscan.io/tx/0x3eb71ef9b69f2e93c5d9eeb71856d6dee9b99d661b151554d565fe8618e93607
2023-03-25 12:03:47,True,0.3877,0.0002218,4.55617,0.001,0x7f...3cc0,https://etherscan.io/tx/0x7adb6ab213acaf99f65b2d023cfb48ddfd9c5796e472fd71d01395aed8b7bc11
2023-03-25 11:53:11,False,0.3861,0.0002208,1940.0,0.4284,0x32...a876,https://etherscan.io/tx/0x4dcabbf39b21d218eee02044f1cf6934952e4eda1c7690b12fbf397b56493e6e
2023-03-25 11:52:35,False,0.387,0.0002213,1611.17,0.3566,0x32...a876,https://etherscan.io/tx/0xffe8a912201c02832e819de63d64eb82512e9f082f2bdf252ad80a7249d25026
2023-03-25 11:51:47,False,0.3876,0.0002217,970.0,0.215,0x32...a876,https://etherscan.io/tx/0x06cc6b405466b95b29003342a851df638ecd536b01b2caa0fd02eb0ebfcd3837
2023-03-25 11:34:35,True,0.3889,0.0002231,2.34324,5.229e-05,0x5b...ee97,https://etherscan.io/tx/0x5ff29e5e0035b0a4486f7f8ca02189936c3ee185ee1c93878d59242d8d47e6d6
2023-03-25 11:30:59,False,0.3868,0.0002219,970.0,0.2153,0xd0...9915,https://etherscan.io/tx/0x9fd71358bbd2d28b6e146fddb4ee0f6464a104a1d8cf356f49609bece3ab5f46
2023-03-25 11:10:35,True,0.3903,0.0002233,931.038,0.2079,0x55...3820,https://etherscan.io/tx/0x42bb686fc9ec17c3294fe78ed5534b20f33b368a9fad1b0fdd85494fda3cfcd7
2023-03-25 11:06:23,False,0.3881,0.0002219,970.0,0.2153,0x9e...e4f7,https://etherscan.io/tx/0x71f06302be3025c94356073e9cd6b34da346a3dc50823159d15c9c2495e36558
2023-03-25 10:53:23,True,0.3899,0.0002234,9.8949,0.0022,0x9a...6d4a,https://etherscan.io/tx/0xe33092152d350c30d7f7bb5ad59e8e09411a7229e4f785e76b3704a09f821688
2023-03-25 10:47:11,True,0.3892,0.0002231,2025.38,0.452,0x0e...7b2b,https://etherscan.io/tx/0xad26032bbb303b83c95f32d81a50632a044cd74ad4e8f067bf2719f85302ba5c
2023-03-25 10:45:11,True,0.3886,0.0002228,356.36,0.0794,0x71...e65d,https://etherscan.io/tx/0xc9cd1b72569744ba3aa450ac630f6392ea2823de6285d1644a2ed41ec692cc37
2023-03-25 10:40:59,True,0.3876,0.0002224,2517.82,0.56,0x73...69cd,https://etherscan.io/tx/0x01ae215281f496cb4cf29c05be97848aa5c1252d8b928bf97bfdd638e0a0bda9
2023-03-25 10:38:23,True,0.387,0.000222,45.0352,0.01,0x73...69cd,https://etherscan.io/tx/0x0570db9c332cb0e61d46d51974452150864febcec03242dace36d246a448940c
2023-03-25 10:29:11,True,0.3868,0.000222,8.47766,0.0018,0x8c...967d,https://etherscan.io/tx/0x3daa6092909d2a203a5a1336b6f72548b3189dd8e1a1d1a11dcf257a90b1bd4e
2023-03-25 10:24:59,True,0.3868,0.000222,0.6853,1.521e-05,0x8a...b4b6,https://etherscan.io/tx/0xa6181de07a4765e81b08c95b6b789771bb13cccb3f0dbe0a2e40dc16de6de46f
2023-03-25 10:20:35,True,0.3868,0.000222,1.52289,3.381e-05,0x92...50ab,https://etherscan.io/tx/0x7fe5cd01f4cfd4d1ffa22c11c5abff36583ba4444f9e8f6990ce5749f591f52d
2023-03-25 10:06:11,True,0.387,0.0002219,1000.0,0.2219,0x49...f4e1,https://etherscan.io/tx/0xe580b1dc21f4e924d519b0dde453527eb7a4be0931be71ae4e508dd799927f8f
2023-03-25 10:04:23,True,0.3867,0.0002217,164.948,0.0365,0x5d...a8fb,https://etherscan.io/tx/0x6f804fc9f2e7bd17206453d460eb86a088f400f8a37f5831a4555f5f9db4fb9d
2023-03-25 10:03:47,True,0.3866,0.0002216,180.439,0.04,0xbf...366a,https://etherscan.io/tx/0xea23a6b8dbd9f255cb36d01eadf6098a9b407dcdc388315685fbeda07db0d275
2023-03-25 09:57:11,True,0.3866,0.0002216,25.2323,0.0055,0xfa...3022,https://etherscan.io/tx/0xca03732fa9dd0dc6abbf59080237e5827dbf9c5ded1389acaf937382595e1a25
2023-03-25 09:53:47,False,0.3849,0.0002207,3304.89,0.7296,0x80...9c97,https://etherscan.io/tx/0xd30f7e0e2bcea1a3cdaba77352175a69d937899d7b4c554e71331236b04d8dae
2023-03-25 09:52:59,True,0.3873,0.0002221,3151.19,0.7,0x23...40d8,https://etherscan.io/tx/0xf8e3828a4e0f46f914af385bc4e8d8cd1a8d167058e4f589f76221f973000a0a
2023-03-25 09:46:11,True,0.3859,0.0002216,11.2819,0.0025,0x92...0478,https://etherscan.io/tx/0xfbc87b905bac933bf9eef518f34b14a5971eb13d82172d07f4cf0b0b6ed6917a
2023-03-25 09:43:11,False,0.3836,0.0002204,727.5,0.1603,0x15...eb3c,https://etherscan.io/tx/0x629e564bbb16083d894cda08c9bbe7af7fba80a14a628cd45c8b2739f1dfb412
2023-03-25 09:37:35,True,0.3857,0.0002218,450.799,0.1,0xdb...087f,https://etherscan.io/tx/0x6c1218325813bc1b06cf8c170d43230b4e242bb179727b4d558d6a807867aae4
2023-03-25 09:31:23,True,0.3821,0.0002192,17695.1,3.88,0xc8...7161,https://etherscan.io/tx/0x7c3f3a705c196be4ac63bc299b781bdb0f7b366cd91de93d210028b05d1e930f
2023-03-25 09:23:11,True,0.3762,0.0002154,10000.0,2.15439,0x91...0971,https://etherscan.io/tx/0xc20a19f764b550b66c3c4d2af93add1546de31d7c396f60e94cfb59e412dfa6d
2023-03-25 09:13:11,True,0.3736,0.0002137,2640.0,0.5642,0xdc...4324,https://etherscan.io/tx/0xc372fc467fbb18418290b838822196c10673ffc46ee582a0c0d9e65be494f8ef
2023-03-25 09:11:23,False,0.371,0.0002122,1283.31,0.2724,0xc4...de63,https://etherscan.io/tx/0x4e7e37269ffcbea2c90f61db7c57b2ec2fb030667e511d9fb0db19bfa05e8806
2023-03-25 09:10:59,False,0.3718,0.0002126,1874.04,0.3985,0x67...e93e,https://etherscan.io/tx/0x8268b6339e3d59515067cc93993fe868baf9bc37cf0115a6cc10e57428dd11c8
2023-03-25 09:10:47,True,0.3744,0.0002142,3.54157,7.586e-05,0x24...e0a3,https://etherscan.io/tx/0xcfea1d5566b3acd8f908d7c64cc2e22d7e981fd4aead5e3dbee88ed8c5daa190
2023-03-25 09:09:47,True,0.3739,0.0002139,2000.0,0.4279,0x15...2eae,https://etherscan.io/tx/0xd37d6c0abd794f252fefd6e9a59827028dd95e212428d99055388852dd084548
2023-03-25 09:06:11,True,0.3734,0.0002136,87.2373,0.0186,0x09...a0b4,https://etherscan.io/tx/0xeebe8b09fa453ea03173a7f54886c29c24026ea58753ee85f5eb150f1af3fa2e
2023-03-25 08:55:23,False,0.372,0.0002126,2134.0,0.4538,0x29...a828,https://etherscan.io/tx/0x6a58c96a2ee94c3675293216f33363abdc3e3d010e7ebec0cda00cc30c8e2738
2023-03-25 08:52:47,True,0.3747,0.0002141,934.13,0.2,0x61...a4d1,https://etherscan.io/tx/0xe44372159df5ca1a9a55ec7fe0680158ab03f5299d29dc2e43214e76c5553a02
2023-03-25 08:50:11,False,0.3725,0.0002127,325.92,0.0693,0x5d...a8fb,https://etherscan.io/tx/0xa4f3c3e7db53f7f9e7d94e833f96e3303dcb2022f78286b58c4c33ae93481b37
2023-03-25 08:44:59,True,0.3748,0.0002139,527.985,0.1129,0x18...edcd,https://etherscan.io/tx/0xd0d4c37afb9e74e67343d3370f2afe53a25bf919885f32f953bf2a49f402f047
2023-03-25 08:43:23,True,0.3723,0.0002126,9877.9,2.1,0x77...4247,https://etherscan.io/tx/0x9dfcda5963bbe7b5b58b5d54c7ce3b76e2bc85f23ac48a854599f9da1f84a850
2023-03-25 08:40:59,True,0.3698,0.0002112,14.4301,0.003,0xc9...e76d,https://etherscan.io/tx/0x6722c393fcfbd8f7ffc7666381e81018678194dafa7d276529e032e9e8f7106b
2023-03-25 08:32:11,True,0.3699,0.0002112,2.14582,4.533e-05,0xf1...6fa5,https://etherscan.io/tx/0x7a3b7eb7ced03f47d6d7c4b4805375d5f8440cec4d5682959247dd7bd9085a09
2023-03-25 08:30:23,True,0.3699,0.0002112,4.89257,0.001,0x89...d0ea,https://etherscan.io/tx/0xd0cc7e1572f1bfe2449dc396c42a3580c35aec435f898f9afcc6edebf78f14b9
2023-03-25 08:29:47,False,0.3702,0.0002113,10401.0,2.19863,0xda...44f0,https://etherscan.io/tx/0x7e0ad7f6db0e3bf9f1ed78ecfb91d747712e6aa23e88ca19a59ea0e426c49b4e
2023-03-25 08:29:47,True,0.3748,0.000214,30.1289,0.0064,0xda...44f0,https://etherscan.io/tx/0x7e0ad7f6db0e3bf9f1ed78ecfb91d747712e6aa23e88ca19a59ea0e426c49b4e
2023-03-25 08:24:11,False,0.3758,0.0002148,15115.4,3.24685,0x01...3d64,https://etherscan.io/tx/0xeab73a0e250b31837b6696f4b0d736e88431140a8fd5a375b3b665e04c45c98a
2023-03-25 08:17:47,True,0.3815,0.0002181,458.492,0.1,0xf8...d956,https://etherscan.io/tx/0xfb55d952ed16e56961000f9482625ef241bba06ed1492479f2ee27ea5fcc6a64
2023-03-25 08:15:35,False,0.3791,0.0002167,242.5,0.0525,0x33...8bcf,https://etherscan.io/tx/0x149d958f1c5f0eeac84b38c8107e886be07e56d230ab401bccb40d351f995276
2023-03-25 08:14:23,True,0.3814,0.0002181,16.2385,0.0035,0xab...f64c,https://etherscan.io/tx/0xc4e4bc3043dc44702a5f3b7da55927f914ed9bad37fdf67880b25c961c8a0bd4
2023-03-25 08:10:59,False,0.3809,0.0002178,7822.94,1.70448,0x01...f48b,https://etherscan.io/tx/0x2cef287c654f83d55c0f3e17ec764e8bf9093ceb0767c730f84f8a05b4d25041
2023-03-25 08:09:47,False,0.3862,0.0002209,13776.4,3.04338,0xb6...18eb,https://etherscan.io/tx/0xe67e1fac6a6a782540905b31c7eefb6da222c5eabeae9ac090dcf35cb9e4b060
2023-03-25 08:09:35,True,0.392,0.0002242,3.16527,7.096e-05,0xab...f64c,https://etherscan.io/tx/0x1e3e4b3f874e2354376fa1dc4d1f186d94b5e0c98e67e1a9c9f02d911db98e6b
2023-03-25 08:03:23,True,0.3913,0.0002238,2669.12,0.5974,0xc2...66af,https://etherscan.io/tx/0xa0ee567c7912f9ed1861daeeff286f1f9407c4631dfcba298a87b9aeac839f68
2023-03-25 08:02:23,False,0.389,0.0002225,2845.98,0.6332,0x67...e93e,https://etherscan.io/tx/0xc7b1ac5ba364c876d756ad4a351dbf6424c9d5d0b1aad511ac217bfb293d5f37
2023-03-25 08:02:11,False,0.3902,0.0002232,1940.97,0.4332,0xc4...de63,https://etherscan.io/tx/0x7f045d132dfb4a38580a87829fda046a8083f5686a31c5896146298f5d229021
2023-03-25 07:59:11,False,0.391,0.0002235,427.007,0.0954,0xf9...49bf,https://etherscan.io/tx/0x7b5c00a0212348b6dd735412455a84d2eb7076053d569d16d6cb8b12432ffc3b
2023-03-25 07:44:47,True,0.3935,0.0002249,307.456,0.0691,0x48...624b,https://etherscan.io/tx/0x842d80f324bc52475d11f7b4d148ac41928e468450b8bd82f0884615b37c8476
2023-03-25 07:37:59,False,0.3908,0.0002237,1394.86,0.312,0x55...3820,https://etherscan.io/tx/0x622132b9471d418e066b4324382555f315b38c1c76412630632f9d4d2ce63c57
2023-03-25 07:35:35,True,0.393,0.0002249,2100.0,0.4724,0x60...6b91,https://etherscan.io/tx/0x743d177a7c68cc1ed98ad321d4f978fe95779f7f13b520944c97866ee9e95bda
2023-03-25 07:33:59,True,0.3923,0.0002246,11.045,0.0024,0x8d...b7f8,https://etherscan.io/tx/0xc742c05d8b592bd636192ded31abfee6ccaf17c7803def179ec7577d15149991
2023-03-25 07:28:35,True,0.392,0.0002244,1332.57,0.2991,0x9d...56c9,https://etherscan.io/tx/0x824c71b3cdeec7bd8d2bd8260359b9d44140f2acb9a9da9c665b050cde105a80
2023-03-25 07:23:35,True,0.3913,0.0002242,62.8369,0.014,0x67...57a2,https://etherscan.io/tx/0xd723e3afbf34e8d0a03c3210fb86462461b9a5d3e7710d57561bba8e42661abd
2023-03-25 07:20:47,False,0.3896,0.0002233,2813.0,0.6281,0x3b...5a8a,https://etherscan.io/tx/0x190f8d319a07364063a9a38e4f02c83dafd48f7275d931932054c2898e46698b
2023-03-25 07:11:59,False,0.3909,0.0002238,970.0,0.2171,0xa1...f5ed,https://etherscan.io/tx/0x943bba319aa591f43263f522931a53fad2826984f2359a78398e797e9e3c9326
2023-03-25 06:50:59,False,0.3913,0.0002241,970.0,0.2174,0x15...eb3c,https://etherscan.io/tx/0x15899013510fe42002ff130f81dbd2b03196907530e856ca31246fe0d7fa3d11
2023-03-25 06:46:47,True,0.3941,0.0002256,40.0006,0.009,0x4a...bcfc,https://etherscan.io/tx/0x54c1a87f21ed7bf831717db82909e25f578e1123d3901fd7cc64a392f77f028c
2023-03-25 06:44:11,True,0.3939,0.0002254,798.57,0.18,0xfd...0f3a,https://etherscan.io/tx/0x4802f0fdfc38b0d1b7b3048243f46756291e9bd41ea6b923cb75a6312f2c2f70
2023-03-25 06:40:35,True,0.3943,0.0002253,9.23457,0.002,0x7b...3da8,https://etherscan.io/tx/0x8779840daf9b67693f2f68165259acd2fd5d7248d12e6768342fa00e84f942e3
2023-03-25 06:37:47,False,0.3926,0.000224,397.656,0.0891,0xd5...f25a,https://etherscan.io/tx/0x343804fa8dc4ee56a9c54540de2f5f2a7674ef72d2b288de14d739787fb85011
2023-03-25 06:36:59,True,0.395,0.0002254,0.3053,6.885e-06,0x8a...b4b6,https://etherscan.io/tx/0xfae554ee7a7d4468e989890977d9aafffea8f622d5a28cea38f5c9fce46dc1c5
2023-03-25 06:34:59,True,0.3936,0.0002244,7112.84,1.59651,0x29...fac3,https://etherscan.io/tx/0xf82d07fca2b31784381b127757c4f708c6d7ef985dc1d72a9060cf9c6ae794d6
2023-03-25 06:25:47,True,0.3917,0.0002233,289.448,0.0646,0xa0...7f06,https://etherscan.io/tx/0x8c4da31c621212ba6155f319d4e98390229fbab59626bbedc46cfe7ef1f96532
2023-03-25 06:22:59,True,0.3916,0.0002233,11.823,0.0026,0x05...9e29,https://etherscan.io/tx/0x9bc8f25e00b9e9241b689eccbd997e7dd4261fafdc96dcc03ad3e69d982a610c
2023-03-25 06:15:11,True,0.3914,0.0002233,40.2984,0.009,0x02...f1e8,https://etherscan.io/tx/0xe9109c474171733fe6f562c5e44234042ce215c102b5d88e7f2edcc46777eacb
2023-03-25 06:14:59,False,0.3912,0.0002232,8442.63,1.88442,0x68...654c,https://etherscan.io/tx/0x56a7e1f750221e395dd8c8ab4aaea8647ea588d0ab8b4f249dbc0736b97b7ad0
2023-03-25 06:08:47,True,0.3956,0.0002257,3.58651,8.097e-05,0xa1...f297,https://etherscan.io/tx/0x013b4111a28910fb02005f9bc6f3adfff9acddae19c2e9fe07a457f4b263b54c
2023-03-25 06:08:11,True,0.3934,0.0002244,8972.93,2.01409,0x68...654c,https://etherscan.io/tx/0x6a980090e637bdd16b166d5a46457ef617b0b32612225510c8032874ecf82646
2023-03-25 06:07:11,False,0.391,0.0002231,8892.0,1.98386,0x68...654c,https://etherscan.io/tx/0xb370f4c753115b3adcd442c67322e3f66eb4a0fc33dac56c85961dbf6d91f339
2023-03-25 05:57:23,True,0.3955,0.0002257,2.53452,5.721e-05,0xce...27ed,https://etherscan.io/tx/0xb9f4425e3378bd27a05a87e6240cf33516043c373f92b95bc38771c4a6f39ada
2023-03-25 05:56:23,True,0.3955,0.0002257,3.19837,7.219e-05,0x2a...66f7,https://etherscan.io/tx/0xfa60fee712dd198d3ceae7943af2f2ef1a185c71277df6596cbed83942cf6f40
2023-03-25 05:56:23,False,0.3936,0.0002246,1884.71,0.4234,0xc4...de63,https://etherscan.io/tx/0xc82fd7ac7d5c299bc8cd3fa813932c0b40b5891a2f674a9981243b162db44295
2023-03-25 05:56:11,False,0.3947,0.0002252,2251.37,0.5071,0x67...e93e,https://etherscan.io/tx/0xf908824aee65c38162faa04f20026d9307d27d92b37af82159a1bd573b291f07
2023-03-25 05:53:47,False,0.3958,0.0002259,2670.41,0.6034,0xa3...204d,https://etherscan.io/tx/0x3740084f5849494d87cf936db9f0cc9e0781bf310a9356e50441230303435db3
2023-03-25 05:53:11,False,0.3973,0.0002267,2865.48,0.6498,0x18...8bd4,https://etherscan.io/tx/0x13c11c1ffcfc0d6ad965c362f92541a3c217fcca7d73289d551f487667718cda
2023-03-25 05:52:23,True,0.4004,0.0002285,10.0275,0.0022,0x52...c661,https://etherscan.io/tx/0x425bd5dd30d4eaa4f66f86ec1928d1629870d19ff045f4c6e9f5d272bf9d3810
2023-03-25 05:51:59,False,0.3986,0.0002275,2242.64,0.5103,0x34...ec30,https://etherscan.io/tx/0x961e903303b0d31da25e358ab128b3db04cd77374e3475a330bb571d2227f29d
2023-03-25 05:50:35,False,0.4008,0.0002287,5960.33,1.36351,0xf8...a8fb,https://etherscan.io/tx/0x8beb50af8801e5934e4ad2679c98a75bf57775e43deb0cc7d1efeb0b1ed853a2
2023-03-25 05:43:23,True,0.4056,0.000231,181.811,0.042,0xbf...f354,https://etherscan.io/tx/0xe0c804e7b1dc438ffd5ae970f278291064717b10052eb740dd2a838d379614ae
2023-03-25 05:42:47,False,0.4034,0.0002297,983.523,0.2259,0xf9...5573,https://etherscan.io/tx/0x7b363572eaf6a1ed19d0c8b05fa47d1094a933e343e80b933d61fa07c871f48b
2023-03-25 05:42:11,True,0.4061,0.0002312,1.0067,2.328e-05,0x03...f3a1,https://etherscan.io/tx/0xe20d46c8c63a773c55d1e43b6d1e82400647a4829bcc7f2f04109efde653d883
2023-03-25 05:38:23,True,0.406,0.0002312,164.301,0.038,0x1d...0616,https://etherscan.io/tx/0x90f5cb34de027093cb7458176578e94ca3ec80cb4481c946ce75ae3ed3bb47fd
2023-03-25 05:30:23,True,0.4064,0.0002312,14.0701,0.0032,0xb8...626f,https://etherscan.io/tx/0x9336177f4b44b67a40806b0d53b71fa85fa379980bbdcf678d04d6037c727c78
2023-03-25 05:28:47,False,0.4042,0.0002299,897.25,0.2063,0x42...f7da,https://etherscan.io/tx/0x516a6e0193c10ffcaa629c07e28513ad373146da909e2fd97f0b0aff256eed17
2023-03-25 05:28:35,True,0.4068,0.0002314,86.3987,0.02,0x1f...1eb0,https://etherscan.io/tx/0x821dc3f6114df2b2d6f162114c5f423655549eb491033ec5b8ab8373b1229d21
2023-03-25 05:24:35,False,0.4039,0.0002301,266.75,0.0613,0x90...d05b,https://etherscan.io/tx/0xca0a83c853202d4c23f6994ec1731cc23f4f320954f92422c169a8ac630adede
2023-03-25 05:22:47,False,0.404,0.0002302,266.75,0.0614,0x9f...4f6f,https://etherscan.io/tx/0xb69a04363ff06cb29f3ed9cca77277d512cbf0ae3b505ecf572e9a59b7393d1d
2023-03-25 05:17:35,True,0.4059,0.0002313,2161.65,0.5,0xc1...6fde,https://etherscan.io/tx/0x963391d75dc87d82367c7525af22693f66b6222eb861bef3742e2fc23bb1259e
2023-03-25 05:17:23,True,0.4055,0.0002309,33.0194,0.0076,0x03...f3a1,https://etherscan.io/tx/0x48996faff963a9ae9400df3450b398859980356626cad4d17ddfb170ad66b6e2
2023-03-25 05:12:11,False,0.4054,0.0002309,8701.89,2.00926,0x12...4196,https://etherscan.io/tx/0xe13a2698aa85f3fe4aa8924cff6275fc87e745b6be1895943afcc9dd1ac299f7
2023-03-25 05:11:59,True,0.4092,0.000233,3519.53,0.8203,0xf9...5573,https://etherscan.io/tx/0x6cc4ef75c2d7f1acd9eb578320f873230af90e350efbb625b65a5880b561f15d
2023-03-25 05:08:47,False,0.4063,0.0002314,1802.44,0.4171,0xb2...2eba,https://etherscan.io/tx/0x433773d6f05dd5685f323421f6ab6b279bfa58a68eacf570d9d662eeba7ba68c
2023-03-25 05:06:59,False,0.4068,0.0002317,315.352,0.073,0x08...a577,https://etherscan.io/tx/0xca6a7774bd0239cbec35a967c2d746e1f58ab43ea83867faf94df1a4fe329d67
2023-03-25 05:03:11,True,0.4094,0.0002331,307.301,0.0716,0x61...ca95,https://etherscan.io/tx/0x3ec3ef192759986d8210f7a1d2fec6beabf22269afb8b3b37a0dfa49308dd978
2023-03-25 05:02:47,False,0.408,0.0002323,4462.0,1.03686,0xa4...7b21,https://etherscan.io/tx/0x4b14a8e06c158524b736f1aec1e470e18ec66e975e205f81cf6e65c0135d0598
2023-03-25 05:02:23,True,0.409,0.0002329,9873.79,2.3,0xbe...2e79,https://etherscan.io/tx/0x937ddc093738eeeb6ee15c3071810b2134e0042f631dd9ca3e1a10dca60c481f
2023-03-25 05:02:11,True,0.4064,0.0002314,19.503,0.0045,0xd4...ca5e,https://etherscan.io/tx/0x8fda645f280d93cbf77f7c0c9382dff94858bb4d760b1f4f5e81bb3a2a3f153e
2023-03-25 04:56:35,False,0.405,0.0002307,4365.0,1.00701,0xe0...9759,https://etherscan.io/tx/0xe69ea16d025f24504f1bf19a8e65eb612a7a7f8b3db334cabfa254217cf9b123
2023-03-25 04:54:11,True,0.4086,0.0002327,5.09581,0.0011,0xa3...fd2a,https://etherscan.io/tx/0xd233f0d3b679940a2b48bb909153c4c72738221d2ee9e5f7f28f7fd52709d942
2023-03-25 04:50:47,False,0.407,0.0002319,3618.71,0.8392,0xe5...22f8,https://etherscan.io/tx/0xd12fd83920a7c19cfaa1dcf71482b3c8455f64a681e5cca5d02af7a9710081de
2023-03-25 04:49:59,True,0.4104,0.0002338,243.773,0.057,0xd6...1c23,https://etherscan.io/tx/0xd0ec837ea9c51c89a2a10aba5dca193b827dc5877e3ec3d524ce1ff9c8449107
2023-03-25 04:49:35,True,0.4103,0.0002337,4.19027,9.796e-05,0x20...09c1,https://etherscan.io/tx/0x3e77df5d9b0b5bbfa82d67925df77180265dff84f70054827a4cac4e76bdcd5d
2023-03-25 04:47:23,True,0.4102,0.0002336,770.329,0.18,0x34...6251,https://etherscan.io/tx/0x13771b39f6ea3f5a1b18ee2eee1db5f32fa8bf18fb0f4dbf5b6f1535928e243a
2023-03-25 04:44:47,False,0.408,0.0002323,970.0,0.2253,0xee...8d0a,https://etherscan.io/tx/0x5be235170bd4b6d4f55be58273ee717be58a447d139f92be9edc95d5bc6346da
2023-03-25 04:43:35,False,0.4114,0.0002342,11846.9,2.77541,0xec...4ae3,https://etherscan.io/tx/0x55a5574c21ea04b5f5cc3370574603944e51e73cfa6fd94d6bb0547c33694fe9
2023-03-25 04:42:47,False,0.415,0.0002363,1455.0,0.3438,0xe5...e858,https://etherscan.io/tx/0x6d0b21f0365891cafb78ff2709db89a3d6ba7df9b96f152198551267ca4adf4f
2023-03-25 04:42:35,True,0.4177,0.0002379,502.876,0.1196,0x27...ca10,https://etherscan.io/tx/0x641f680e15a7e9dadb077284add480c4d5655b0d1b007356bbf63088564c8255
2023-03-25 04:40:23,False,0.4156,0.0002366,1649.0,0.3902,0xad...4ef4,https://etherscan.io/tx/0xcf446a93303122972629b36d92671849f8621aa826a5e2535879b3979f81d163
2023-03-25 04:40:11,True,0.4173,0.0002376,4629.25,1.1,0x29...fac3,https://etherscan.io/tx/0xcf3d169df54c694d2e0a606caa44fa8178c6b174dd3fda28902598f9d61c4a46
2023-03-25 04:38:59,True,0.416,0.0002368,188.904,0.0447,0xf6...6da7,https://etherscan.io/tx/0xa86d0d813e29906d084e7d12b3f9c50d77b6e1ad2c23a6ca0bf3f2f44d505d63
