datetime,buy_order,price_USD,price_native,amount_token,total_native,maker,etherscan_url
2023-03-29 07:50:11,False,0.3202,0.0001791,9700.0,1.73728,0x54...dafd,https://etherscan.io/tx/0x47ff4a90c9eb7371812ce9a0bc012c78e3fb235e049251282d27b283280f9e4b
2023-03-29 07:48:59,False,0.3225,0.0001803,2635.39,0.4753,0xb1...f036,https://etherscan.io/tx/0x55ef7b94a81b97742b37df6fa2867889798ac8c7696e66307a81d258e505c5c2
2023-03-29 07:15:23,False,0.3252,0.0001817,10412.3,1.89235,0x3f...c06b,https://etherscan.io/tx/0xfdbeeb0133f30eb8e4a1c250e8fdf5ef69059d3492a79979f5cf0c75f6ed191b
2023-03-29 07:14:47,False,0.3273,0.0001828,485.0,0.0887,0x23...3244,https://etherscan.io/tx/0x4bb69293d400ae3c2601fe41d3547902f83dbe8238a38d37ec056f3669b242df
2023-03-29 07:13:47,False,0.3276,0.000183,951.57,0.1741,0x1a...8ad0,https://etherscan.io/tx/0xc4518e510c362bd2826e3d5651eebadd4ce6be02a9eb35f96032bbbf960fac46
2023-03-29 07:13:11,False,0.3284,0.0001834,2619.0,0.4803,0x3a...6d03,https://etherscan.io/tx/0x2b03c4d1d64353694f010270b7b2b9e3b939217b1d3b7cf7d6fbe8368634f2d8
2023-03-29 07:12:59,True,0.3306,0.0001846,1619.97,0.2991,0xcb...8be8,https://etherscan.io/tx/0x9b985ae6f12563bb28ee2d557fdd7ebe7dc4b6578c9c76c9b7e52a456cc3cc84
2023-03-29 07:12:35,True,0.3201,0.0001788,54135.7,9.68,0x2d...6117,https://etherscan.io/tx/0x21f7fa40de8db22ffe3e6925f0d8fbe2212a994f2be633e0eb6d8ae169cc2082
2023-03-29 07:11:59,True,0.3102,0.0001731,1604.83,0.2779,0x27...ca10,https://etherscan.io/tx/0x5974414e3276d93a7f49196e66ecaac7a1b275d8c4514b4d26bdc1f8600f4a6e
2023-03-29 07:10:23,True,0.3059,0.0001707,23422.5,4.0,0x2d...6117,https://etherscan.io/tx/0x790d0768945d9d3b4fa3a36c8828dc527deaaeef84bfb0693750d9c46ad95be8
2023-03-29 07:08:47,True,0.3002,0.0001674,11944.9,2.0,0x2d...6117,https://etherscan.io/tx/0xd5dae646d888f96f48aa764d646acef5b9c041940bf5204035570c684d4d1472
2023-03-29 07:02:23,True,0.2979,0.0001662,1057.63,0.1758,0x2f...97fa,https://etherscan.io/tx/0xd911525f29a11a1483f91e016473220ac72ee50170790fe193977119dd642c60
2023-03-29 06:55:23,False,0.2957,0.0001652,970.0,0.1602,0x23...3244,https://etherscan.io/tx/0xa29fac71df894082e8c7eb30b3397c6186ba267a3898a6f1c240bcb18e2a13aa
2023-03-29 06:50:59,False,0.2976,0.0001663,11661.7,1.94039,0x30...5b45,https://etherscan.io/tx/0x5768ee9820ebda5a2f6cae91063b8c45bbde7d71eb8eaf83c7f0c28bde59f3ea
2023-03-29 06:50:59,False,0.2997,0.0001675,824.5,0.1381,0x5b...c897,https://etherscan.io/tx/0x3d7c6eddb47a85f687c236e40144d366dc444afb299624d13c95c4c7593bc943
2023-03-29 06:43:11,True,0.3017,0.0001686,320.287,0.054,0x16...98a5,https://etherscan.io/tx/0xb4de223250e1afc44760e5b0fc5a13fda4cb19bf7953f9f8d88d5a93732e1d83
2023-03-29 06:41:35,False,0.3004,0.0001676,509.25,0.0853,0x58...6b07,https://etherscan.io/tx/0x306fb90a5bbfd2974680672f993566f142333d0fcfbd2f63c57cbe4ff965d6fd
2023-03-29 06:40:59,True,0.3021,0.0001685,1067.85,0.18,0x2b...3c24,https://etherscan.io/tx/0xd024c16e3f3b8423bf8f04844bf32e9d34b0d11d1f698281538f601021c6ff50
2023-03-29 06:40:47,True,0.3015,0.0001682,2114.02,0.3557,0x12...b226,https://etherscan.io/tx/0x83ce0ca33cea5aa538c68c0ce885c188d14b73b286eab4258f22b3eb6d31d6d5
2023-03-29 06:39:47,False,0.2995,0.0001671,627.168,0.1048,0xc4...2ffd,https://etherscan.io/tx/0x8e004dc309d886cfd9109d824c69ef17ba6587d124c432c282ffd808e42ec93b
2023-03-29 06:35:47,True,0.3017,0.0001681,594.783,0.1,0x05...5511,https://etherscan.io/tx/0xd6b20e8e4f9dbca7535b23a190eece4a2fbb94b2e9ffd46d6b9eefa9298e6d6b
2023-03-29 06:34:47,True,0.3016,0.0001679,1030.93,0.1731,0xdb...9734,https://etherscan.io/tx/0x3b0bcf173f965c3eadee9ad477b3bf68714177e0afd8300a0d44198f06f87fde
2023-03-29 06:32:11,True,0.2999,0.0001678,299.621,0.0502,0xac...2f3e,https://etherscan.io/tx/0x8b7862afabce4d65c07cf14c16363c7ed8f08d5fd8cfe1338f85df3222a28c7c
2023-03-29 06:27:23,True,0.2958,0.0001656,23889.4,3.95661,0xcd...5dc7,https://etherscan.io/tx/0x3585fd2aadebe047394a1a010c65bee6a85d70deb26ada7e0b974ab2f5d24c9b
2023-03-29 06:25:11,True,0.2918,0.0001633,734.443,0.12,0x6f...5baa,https://etherscan.io/tx/0xf1469b1012e6f1d8c7e7b3e07601b0fb18c879f18c1f359a5c0dce1add7ef487
2023-03-29 06:20:35,False,0.2893,0.0001624,727.5,0.1181,0xd8...0430,https://etherscan.io/tx/0x16ba83c819066cc39aef9fefe1a2599300f56f6cc222c68cdf62e16e422bc522
2023-03-29 06:13:47,True,0.2905,0.0001633,1224.41,0.2,0xf8...1634,https://etherscan.io/tx/0xb0751e0397f88b2ebe25164ae89384b689a5564aa6e7b7ca331173a8e84f1334
2023-03-29 06:05:59,True,0.2899,0.000163,1839.71,0.3,0x97...86b2,https://etherscan.io/tx/0x8d05e6782bf2ae203f3d4026f9b0b9393cca45be4919af2def71b6eaaeddcf33
2023-03-29 06:04:11,True,0.2895,0.0001628,312.292,0.0508,0x04...c0d1,https://etherscan.io/tx/0xf3b2f1e722d28f9a5d7da914f678143d34b4d6c64c2a9ad1debc23321c72f6f9
2023-03-29 06:03:59,True,0.2893,0.0001628,429.946,0.07,0x27...3c7e,https://etherscan.io/tx/0x73dc73ff397dd5da6aef51fc2aeb95dd850c02187467baf62e4b2997afed45db
2023-03-29 06:03:23,True,0.2891,0.0001626,1229.53,0.2,0x9e...e4f7,https://etherscan.io/tx/0x6ecce1c0d6fc757c042f2d42971a8a54e5ee247b7904d02232dead426c883964
2023-03-29 05:58:59,True,0.2886,0.0001623,2370.19,0.3847,0x1c...5469,https://etherscan.io/tx/0x927574d70e4ac97a2a4fb6c33eaebb51a2c6fe859a47ddb4e314f1613aaa23de
2023-03-29 05:58:47,True,0.2879,0.0001619,2006.72,0.325,0xf5...f33c,https://etherscan.io/tx/0xcedc8d8bebc757f787a72ba1f3241e6c5b52b10b660f796edf6047e189c846c1
2023-03-29 05:57:35,True,0.2875,0.0001617,370.953,0.06,0x08...c99f,https://etherscan.io/tx/0xdd32e44ce42863a22a87fb0849fa233953cf30a15a6572103eac984a18df53e0
2023-03-29 05:56:59,True,0.2872,0.0001615,1788.62,0.2889,0x56...6ad2,https://etherscan.io/tx/0x0f89b303ddc7d1d3fbbb252d3fa003b6db5a68f23932755847f98a6224d3bb28
2023-03-29 05:54:59,True,0.285,0.0001604,10467.1,1.67977,0x17...18f5,https://etherscan.io/tx/0x10ee3863ab589a6803c886c14d60be4682a065d97e267e9937009f696aaf0685
2023-03-29 05:53:35,False,0.2818,0.0001586,218.481,0.0346,0x68...8581,https://etherscan.io/tx/0x6888b23bc9ed22c8f40764857056980785c2d32d545f846b9366585a29afebd2
2023-03-29 05:51:47,True,0.2779,0.0001564,36972.2,5.785,0xb5...0fba,https://etherscan.io/tx/0x6dd9f52273c7eb7c6c852df5375495c49d63f4dea62403a37f37f8128e5c109b
2023-03-29 05:50:11,False,0.2736,0.000154,19400.0,2.98889,0x83...9904,https://etherscan.io/tx/0x7cb8dbb84d867d9bc7c967b1206ebbb72b0a61f99a7fcec4b734b5c183f66bf5
2023-03-29 05:47:59,True,0.2782,0.0001565,1150.12,0.18,0xac...5703,https://etherscan.io/tx/0x44cedf1986918cfe5f14bc2af20f651c2a5607bd37f458771390b6a7c019b03e
2023-03-29 05:47:11,True,0.2778,0.0001563,1074.49,0.1679,0x27...ca10,https://etherscan.io/tx/0x18abff2a952e28134c900559bd77c2aa20703662862eeb2e00e53cb6cc55423e
2023-03-29 05:46:35,True,0.2771,0.0001558,4105.59,0.64,0x2e...db2e,https://etherscan.io/tx/0xc9f2f687ad85588d2c258d8e592ba5a0181c434db99b58dd4087cc8d4751f61c
2023-03-29 05:43:59,True,0.2763,0.0001555,539.5,0.0838,0x27...ca10,https://etherscan.io/tx/0x7d7a3dc3742e53bea1dc9f170b131455618f8672312bad273c3c8acafff947ce
2023-03-29 05:43:11,False,0.2772,0.0001559,17507.4,2.73082,0x30...b2b2,https://etherscan.io/tx/0xc9c1590f41d2a60e956577136fdd365f519bc3dab0e4a56eccedc3e142df17ec
2023-03-29 05:42:35,True,0.2814,0.0001583,557.319,0.0882,0xac...5703,https://etherscan.io/tx/0x82d22286379ab69a659570aa9ea8db436354424f11af386667cefdfd5d90acd1
2023-03-29 05:41:35,True,0.2808,0.0001579,3798.0,0.6,0xd6...ef96,https://etherscan.io/tx/0x5eeceb18c3fd6f8554df128746a80d137453462fea219915c35917f48aa1f303
2023-03-29 05:40:59,True,0.28,0.0001575,1360.9,0.2144,0xfb...c658,https://etherscan.io/tx/0x1632ffb99209691b4a5c7bdeee1eba9b8fe83c59037afbbe6a0521d2ca32e497
2023-03-29 05:39:47,True,0.2795,0.0001572,1653.06,0.26,0xda...a620,https://etherscan.io/tx/0xe94b17b30709f57634b47b6424666950c3b58d1ce7ac3a3f0b9de9024b5a37d3
2023-03-29 05:39:11,False,0.2781,0.0001564,3091.78,0.4837,0x30...e43c,https://etherscan.io/tx/0x6c726e6a8b5e167e6f020263ed527748549d461040d5e97f1088ae8d1b97f483
2023-03-29 05:39:11,True,0.277,0.0001558,21837.7,3.40298,0xeb...aa21,https://etherscan.io/tx/0x589e33a15cb3c56242a3d6b4bd0738820d32797e55394e713ff71dd752fd9b6b
2023-03-29 05:38:11,False,0.2723,0.0001531,750.177,0.1149,0x4b...09db,https://etherscan.io/tx/0x52c0145af72c7ebe0327dd26b16306d33c5435eb6a6f7bc065bc7d72adcb633b
2023-03-29 05:37:11,True,0.2739,0.0001541,551.595,0.085,0x16...45c3,https://etherscan.io/tx/0x5f50c0edb5dd209dda0775e2660e556bdd24284b886fe240a36685b5eb42f5f5
2023-03-29 05:36:23,True,0.2712,0.0001525,18368.9,2.80234,0x3f...c06b,https://etherscan.io/tx/0xa73ad4a42aad9f1a1518ce3d45014570d857f8f2ef6f66235187da9bffd87cb5
2023-03-29 05:36:11,True,0.2681,0.0001508,3014.92,0.4547,0xd1...4001,https://etherscan.io/tx/0x0287bc4d55eae4e12e27195e41a7bb26e46a0fdc5379dce8bf638f156a4f72b2
2023-03-29 05:35:59,False,0.2679,0.0001507,12739.3,1.91995,0x30...b2b2,https://etherscan.io/tx/0xe0d4155d241156181ded0bbc43a35cf73a855b726078e58a3438fa73dfca4b5b
2023-03-29 05:35:59,False,0.2711,0.0001525,10033.1,1.53039,0x30...b2b2,https://etherscan.io/tx/0xe0d4155d241156181ded0bbc43a35cf73a855b726078e58a3438fa73dfca4b5b
2023-03-29 05:33:59,False,0.2752,0.0001548,17710.2,2.74162,0xdb...8a95,https://etherscan.io/tx/0x8d8e44f0431fda805fa9a47fcb03edd73a6554918fa39b93de05a84cd8bc3215
2023-03-29 05:31:59,True,0.2794,0.0001571,636.288,0.1,0xe6...fbdd,https://etherscan.io/tx/0x02b0a603c6c4d4bce5d62dc354816c06159442aa7068a9ac00a74304df9ce662
2023-03-29 05:30:59,True,0.2775,0.000156,12147.6,1.89608,0x2c...cb08,https://etherscan.io/tx/0x1bd062902c516d3b85e75b84b214d809513159553c58213b0063701cecdec283
2023-03-29 05:29:47,True,0.2753,0.0001548,2591.41,0.4013,0xd1...4001,https://etherscan.io/tx/0xf41ccb78ff5a7a39308f4102763635a23801c13e01e54c9db6b70ec14f9485e7
2023-03-29 05:29:35,False,0.277,0.0001558,25185.4,3.92416,0xc9...e8b0,https://etherscan.io/tx/0x4f34417f50cbb37de9ef3e6842ff10d4dfba1cc6b913a89c24d8211af322f29b
2023-03-29 05:28:11,False,0.2817,0.0001584,6111.0,0.9682,0x2d...6775,https://etherscan.io/tx/0x7fd83b16db5ea5cae01190d12a1bb750a19a6aacc7b82c7874e21575ecf188b2
2023-03-29 05:25:11,False,0.2857,0.0001606,19400.0,3.11678,0x83...9904,https://etherscan.io/tx/0x5ac65228883e14879d5799a7ea68e767e682927fed728ab58108e44bc80de0e6
2023-03-29 05:23:47,True,0.2906,0.0001633,459.284,0.075,0x55...7033,https://etherscan.io/tx/0xf59573d4fc8e86d9e72f47e10a99aa8eee3fc3aa9951b5f1edd03cc48541b2d6
2023-03-29 05:17:23,True,0.29,0.000163,2760.57,0.45,0x29...fac3,https://etherscan.io/tx/0xa476bdc364d3be0afb01194defe80f639c5e6de576c9d7039c28e319ec23a9e2
2023-03-29 05:15:23,True,0.289,0.0001624,3940.58,0.64,0x91...0971,https://etherscan.io/tx/0x2678aa0d8a6bdd27fe695c198d57314e74226b7556d06f2decb203e494757f60
2023-03-29 05:14:35,True,0.2864,0.000161,12111.0,1.94983,0x9e...41e3,https://etherscan.io/tx/0x7d39a8b60880d8db1c133f72583c43ecd10864747120004a13cf7c010af9e1e1
2023-03-29 05:13:35,True,0.2841,0.0001596,3131.49,0.5,0x76...7c84,https://etherscan.io/tx/0x682850939c4c6fa3c9ca488805ca81fab1d1d48303330b817ad77d2594796c37
2023-03-29 05:12:23,False,0.2823,0.0001586,2813.0,0.4463,0x2c...ad1f,https://etherscan.io/tx/0x82cccb10fcece2ba445c541b3ed7d358ff6e32e6168ab94c6020d6678f802dd1
2023-03-29 05:11:47,True,0.2834,0.0001592,7028.66,1.11949,0x29...84fe,https://etherscan.io/tx/0x5cd1cb56826d0c90f7045964ccc89e183e931169ddadf9f1136bbb0b00f327f6
2023-03-29 05:11:11,True,0.2821,0.0001585,1261.33,0.2,0x34...5674,https://etherscan.io/tx/0x5687a92cbe5f9e298571e98c48b2414d4d2b7de174113580f0956dcef095c116
2023-03-29 05:09:59,False,0.2887,0.0001622,54137.6,8.78346,0x2e...d0d6,https://etherscan.io/tx/0x51ec1863a8613bcf413a93c7e225097ace8112729f96caa650e1b2c1eb2cdb34
2023-03-29 05:08:35,False,0.3007,0.0001689,19400.0,3.27724,0x83...9904,https://etherscan.io/tx/0xbecc4eeb747af214683a036cbce06451ed589fc5f119bac7c0c59d09feeb7fc3
2023-03-29 05:02:35,True,0.304,0.0001708,9917.41,1.69429,0x9c...535a,https://etherscan.io/tx/0x53a3df65d2278dd603e07b8e9d16eddba417b2e0c4ee101c51e5a8b26ff92ac0
2023-03-29 05:01:47,False,0.3006,0.000169,1455.0,0.2459,0xad...4ef4,https://etherscan.io/tx/0xed65369446a5ce926550b8b024ee0435e7234f943f895f27cf7e3f944270a420
2023-03-29 04:55:47,False,0.3044,0.000171,20222.4,3.45973,0x83...9904,https://etherscan.io/tx/0x84e6eaffc637b0944fbf86241ad82adb7412b9ac467b5e2cdcde68af4982bb12
2023-03-29 04:48:23,True,0.3079,0.0001729,11564.5,2.0,0x74...6ebb,https://etherscan.io/tx/0x9e5c66f4f47cfb227f9945b06b9801878035a48cede44526d9c578c8e9d28e6b
2023-03-29 04:41:47,False,0.3047,0.000171,2910.0,0.4978,0xa5...75dc,https://etherscan.io/tx/0x391d5728a3d513e61e36139fdc9b33c48f791d7050c20a6fdf553cc4ff5e1902
2023-03-29 04:34:35,True,0.3064,0.0001719,4228.87,0.7272,0x5b...ba4e,https://etherscan.io/tx/0x3e3abe80985facfa46d1d9c701b6e5b1ccd4db5f0fbbac02f1788446e0d2b287
2023-03-29 04:29:59,False,0.3039,0.0001706,776.97,0.1325,0xfe...d4f5,https://etherscan.io/tx/0x120d37410fd38fe7d48961cd1d1ad59631806faabe5a9a08ac361e64d298879e
2023-03-29 04:28:35,True,0.3055,0.0001715,1630.78,0.2797,0xc0...86b4,https://etherscan.io/tx/0xc74b78dc2e308723c5c23fccb005af95d767f1708e280f8653e2b5c710901b0e
2023-03-29 04:28:35,True,0.3052,0.0001713,175.048,0.03,0x8e...e90f,https://etherscan.io/tx/0xeebe94bd8161b17a9c0745c21d8d6a1c8ab2fe58a94a955e9ba680c464120490
2023-03-29 04:27:35,True,0.302,0.0001696,17680.7,3.0,0x02...cce2,https://etherscan.io/tx/0xc7f33e3cac3224cd992a5cffffe5f883555d37265f1a7236238d81fa1f6e2f2f
2023-03-29 04:24:59,False,0.2974,0.0001672,2425.0,0.4055,0xe0...9759,https://etherscan.io/tx/0xa0464546c03e645488a15054bc824ea9f351ee50218b2bfec993925f93fd9f44
2023-03-29 04:24:23,False,0.2979,0.0001675,970.251,0.1625,0x27...db1b,https://etherscan.io/tx/0xfc659981da71a61e04eec5cb48c26d92a6eeb0fbf685b85a6ec2c514155f3e0b
2023-03-29 04:19:11,True,0.2997,0.0001686,200.248,0.0337,0xb9...6930,https://etherscan.io/tx/0x35b76b5e0fc1cfb2a5301ca373264a724d963479456a1e89698886c80cf5050c
2023-03-29 04:15:59,True,0.2996,0.0001685,510.208,0.086,0x10...9633,https://etherscan.io/tx/0xa9d908f4bbe1bbfc004cdadd5935539e8ab8d6df9c6612288499a3f0b38749c7
2023-03-29 04:14:23,True,0.2986,0.0001679,5954.0,0.9999,0x9d...bfd0,https://etherscan.io/tx/0x5875c3167685c2c957a992379f9b213f8fb1a5741fc4750af92af7d3239c98ee
2023-03-29 04:13:47,True,0.2975,0.0001672,1135.73,0.19,0xfa...f5b1,https://etherscan.io/tx/0xc8fa2187c9a582e7e6ddc98c1f365de7791ae6a50aeb05ebcb2d06d4266336b5
2023-03-29 04:09:47,True,0.2968,0.0001669,2395.71,0.4,0xa6...bb97,https://etherscan.io/tx/0x9fc447ce42ba80285803ebaac70f40027a1ac2faf5307269b906ce5f75beb01d
2023-03-29 04:08:47,False,0.2948,0.0001658,1551.03,0.2573,0x59...a9c7,https://etherscan.io/tx/0x2c9c2931f130b70109b80e6af7f3b230ea727c8c36801a52b680eb7db643bc39
2023-03-29 04:05:35,True,0.2949,0.0001659,12054.1,2.0,0x94...fd9c,https://etherscan.io/tx/0xe0def17f0f5e2af97d7163b6ec7c782a6e157b223509c4d1af741a906d87b2f7
2023-03-29 03:59:35,False,0.2943,0.0001656,19400.0,3.21261,0x83...9904,https://etherscan.io/tx/0xe65722ccfba686946bb43f0f2f71cfef1e273217dff8e5fd4f1cb4fa028fc3bd
2023-03-29 03:58:23,True,0.2992,0.0001683,498.597,0.0839,0xdb...87d9,https://etherscan.io/tx/0xbc29d06400fe7d936255896bc3e487f6006756e07ddc760d9438b2a9f6d40690
2023-03-29 03:56:59,False,0.2977,0.0001675,2328.97,0.3901,0xd6...ac6a,https://etherscan.io/tx/0xb36651e5a803b7864286ce09e896eb5a3d5e6a3c524ef49169e7e7107a7a994f
2023-03-29 03:56:47,True,0.2994,0.0001684,2968.2,0.5,0x5d...2cbb,https://etherscan.io/tx/0x04c0b650623a64e4fa4697754f3bb11696fb68d5f3ee6f53b4da513a26c9f58a
2023-03-29 03:56:35,True,0.2985,0.0001679,1997.29,0.3355,0x21...879d,https://etherscan.io/tx/0x27dfb9b0948ef20520e651f330214cb624a4b9742ccaa697c11d797891c2f4f1
2023-03-29 03:55:23,True,0.2967,0.0001669,9177.88,1.53223,0x10...eee0,https://etherscan.io/tx/0xe9bb9e1a9932df35974a9dd2aef8de098156747ec5391b3969063844b5bcf130
2023-03-29 03:51:11,True,0.2946,0.0001657,3395.87,0.563,0xfa...b920,https://etherscan.io/tx/0xe64071c2d2dd59b2cedf56ed55d22cbdaf2e316f8c1d9cea52764313f64cc1ea
2023-03-29 03:48:35,False,0.2943,0.0001654,10993.7,1.81936,0x3f...c06b,https://etherscan.io/tx/0x79a436df704126da6643adc16634a7dddb9f04fb4b109bbea8dc20d426303110
2023-03-29 03:48:35,True,0.2951,0.0001659,16882.2,2.80147,0x3f...c06b,https://etherscan.io/tx/0x79a436df704126da6643adc16634a7dddb9f04fb4b109bbea8dc20d426303110
2023-03-29 03:48:11,False,0.2959,0.0001664,32957.5,5.48517,0x0b...9de2,https://etherscan.io/tx/0x27d49ab19b7c43cc5627e8bc6ab0314e3827acfc5fccdf7971a07c12cef45c12
2023-03-29 03:46:23,True,0.3033,0.0001704,1000.0,0.1704,0x04...c4f8,https://etherscan.io/tx/0xec2be25325fd5f4902bc0377b12201b2a637f0de044d50e36fe3d98972c3500c
2023-03-29 03:42:11,True,0.3031,0.0001702,293.608,0.05,0x21...3447,https://etherscan.io/tx/0xf9040ad437d222efa7c0535cc1d8240918f8eb87d12bb8e5aed0f0c486ff02cf
2023-03-29 03:37:59,False,0.303,0.0001702,10670.0,1.8167,0x21...3447,https://etherscan.io/tx/0x038417d56ea7c11586b199c501d936c0a570b0d9dcd8dc20e7bed6164d416307
2023-03-29 03:34:47,True,0.3065,0.000172,2723.57,0.4685,0xf5...dd4c,https://etherscan.io/tx/0x1349f10cf4be434fe351fdfb2b66bf5a7947fd69d313471803df730df0be7f4f
2023-03-29 03:34:11,False,0.3063,0.0001718,11689.5,2.00926,0x0b...9de2,https://etherscan.io/tx/0x9478320d806768e4058838c97636681e840b40fda0845f0c1f0f5c4e41b3a2dd
2023-03-29 03:33:59,False,0.3104,0.0001741,11689.5,2.03596,0x0b...9de2,https://etherscan.io/tx/0xdf3b82c22bf8f2d2c3c560a6eb22332f9d5f07e477ae01567aad1c8bd9bf648f
2023-03-29 03:26:35,False,0.3129,0.0001754,776.0,0.1361,0xfe...d4f5,https://etherscan.io/tx/0x2700471eac2ac93fa0643e4bdf2d265c939a389a121a228f03ddfe0fb6162c68
2023-03-29 03:25:11,False,0.3135,0.0001757,2910.0,0.5115,0x29...fac3,https://etherscan.io/tx/0xe58989697617c90e31070e8c2a7f204de3dc2bb5b553c06999ef1b025d3923ed
2023-03-29 03:23:35,False,0.316,0.0001771,10952.3,1.94041,0x0b...9de2,https://etherscan.io/tx/0x5bb6f7f87f9cf2997c63a46a4b115839b0a743a8fc2d4a66382eb151079ddd60
2023-03-29 03:20:11,True,0.3204,0.0001793,413.97,0.0742,0xfc...26f0,https://etherscan.io/tx/0x5b1ba0220c4fce3bf80587afb032f57756c33e684c0ef5be6c518b8219068341
2023-03-29 03:19:11,False,0.3181,0.0001782,776.0,0.1383,0x4b...09db,https://etherscan.io/tx/0x91ddddb31c4c5c18bf241fcd5bfba01c5118f98956ae8e54f4573f8b136561d0
2023-03-29 03:12:35,True,0.3192,0.0001794,111.472,0.02,0x2b...4abf,https://etherscan.io/tx/0x8df7fccc8bc8702ac17664010d93cab26379818ca78b6995568d1bc205616933
2023-03-29 03:04:11,False,0.3175,0.0001786,2895.55,0.5172,0xc1...ba31,https://etherscan.io/tx/0xaa61668872b224376dfae4b8809bfd63bef51322458e954d99d01aea57c937c9
2023-03-29 03:03:59,False,0.318,0.000179,1067.0,0.191,0xab...4a53,https://etherscan.io/tx/0xb352f94e5ffbb4becf5b8d70108db380072107113ff780a5d9a740c349b3a38f
2023-03-29 03:03:35,False,0.3183,0.0001792,571.837,0.1024,0xe2...ad14,https://etherscan.io/tx/0x6ba4025b0183e009f5ff08685ef6ae8610150c9a18164ff4fd8c3dec5ba97a9d
2023-03-29 03:02:59,True,0.3203,0.0001803,277.295,0.05,0xd9...06e0,https://etherscan.io/tx/0xa2960984f0e51dadbfddac38ff1f10e252ecf094b16f85890c134c68085394f5
2023-03-29 02:58:11,False,0.3219,0.0001813,20407.9,3.70065,0xf8...a8fb,https://etherscan.io/tx/0xd15a8d99c2a65ae1408572883c0f08c41454ba7c1525a1fdc66c303f7e7082e5
2023-03-29 02:42:35,True,0.3277,0.0001845,286.119,0.0528,0x69...b985,https://etherscan.io/tx/0x72518850e2c05abe6ff85f87c7a1218182de8bf6c320d8afef57b0e9aeac908c
2023-03-29 02:33:23,False,0.3259,0.0001835,1395.83,0.2562,0xaf...7354,https://etherscan.io/tx/0xd83bf88b636e405b453726e6a2cdc075a35a436e761c1b5a87b508231cbe5920
2023-03-29 02:27:23,True,0.3271,0.0001841,5988.65,1.103,0x4f...6fb0,https://etherscan.io/tx/0x5a6b715957bccc4ef96494280ea6709623772ec07feb1d5e3e67fdf07deeb172
2023-03-29 02:24:35,False,0.3245,0.0001827,3001.45,0.5485,0x53...f8de,https://etherscan.io/tx/0x51ebf7a5162961111c435d32ce93730a8b7b9c9a5e7e32f6ba9b6bbe1f425628
2023-03-29 02:20:59,False,0.3249,0.0001831,358.9,0.0657,0x58...6b07,https://etherscan.io/tx/0x16be2b3de88eb0fff2418300950e00c247b37416cb643a9443852b2935b8cc9d
2023-03-29 02:16:59,False,0.3251,0.0001832,679.0,0.1244,0xd8...0430,https://etherscan.io/tx/0x394d3a929d2942dc4e9cf6501ff218b151ca68ba0237cc11c4854fa9798cf822
2023-03-29 02:09:47,False,0.3256,0.0001835,2263.01,0.4153,0xc4...de63,https://etherscan.io/tx/0xe1f6dcc63279920dd5634a38e450b28ded79a1dd97998168b340caf0abb8447a
2023-03-29 02:09:23,False,0.3264,0.000184,2273.68,0.4184,0x67...e93e,https://etherscan.io/tx/0xda8741628a735a64d4c680e0c418b673990857f83c48d44a8afeb1dedd073984
2023-03-29 02:07:11,False,0.3271,0.0001844,1424.93,0.2627,0xad...e988,https://etherscan.io/tx/0xad0ae150e4ee8eb7782a20bd86a7d5c22785875af6576bb5ca5c986508082f75
2023-03-29 02:04:35,True,0.329,0.0001855,1347.4,0.25,0x57...ebe4,https://etherscan.io/tx/0x3fbc54394ee07712ad2ccc6a525a055e8f27f57b6cb98bfcf496b75171996ae6
2023-03-29 01:57:11,False,0.3271,0.0001843,970.0,0.1788,0x9c...6ab7,https://etherscan.io/tx/0x5319e6622c04200812fb7752eab73521050ae2dfabbb1d8a814128c7316ad9f3
2023-03-29 01:56:47,False,0.3275,0.0001846,970.0,0.179,0xd8...0430,https://etherscan.io/tx/0x8b86d10bb178fc07e1e75a48ba49cfc13ade3b8e0ffc6bf0f332f7bc8d0ba10d
2023-03-29 01:56:35,False,0.3305,0.0001863,14933.2,2.78249,0xbf...d893,https://etherscan.io/tx/0xf1efb1cf133c3c958ebc813052515a94791e6476efd709228f283b161395b5f9
2023-03-29 01:54:23,False,0.3339,0.0001882,2134.0,0.4016,0x54...1ff0,https://etherscan.io/tx/0x5faa0e833e6c6ad69b386a4f55377acca33b6b0dbcd9b656ef5686b6d2181e8f
2023-03-29 01:53:47,False,0.3349,0.0001887,3072.09,0.5799,0xdb...d71d,https://etherscan.io/tx/0x788a2539eb4f4cce0a7dfc46521f26add31b0aa95ced5d00ef036bdcee4131b5
2023-03-29 01:52:35,False,0.336,0.0001893,2407.34,0.4559,0xc1...f7fa,https://etherscan.io/tx/0x1e8928914136585e08d9d242dca8e1b553419d81af2f73b07630c935a6c7b3e2
2023-03-29 01:44:23,True,0.3351,0.000189,15871.2,3.0,0xbf...d893,https://etherscan.io/tx/0xaf32c173952a7401b972d8c0715655f180fe90755df962ce1c762a7e47865310
2023-03-29 01:42:59,False,0.33,0.0001861,436.5,0.0812,0xd6...ac6a,https://etherscan.io/tx/0xc2479b81e54d2b4917998cc504d0efd12a705633121d403a2dc83b3d3d46f7a0
2023-03-29 01:42:23,False,0.3318,0.0001871,8439.0,1.57946,0x83...1b05,https://etherscan.io/tx/0x18e90a4aa1cad38f20da459cd47d3aa6f969b72b3af3ef1b6baec72a491ed710
2023-03-29 01:40:35,False,0.3341,0.0001883,2425.0,0.4567,0xad...4ef4,https://etherscan.io/tx/0x627c7f48a8cc5409defd9f8861b31f2e4189b83e8d234f245d13129afed318ea
2023-03-29 01:39:23,False,0.3347,0.0001886,485.805,0.0916,0xd6...ac6a,https://etherscan.io/tx/0xd15055b8e53711a870200ade1c9a9459d9dddd773213586b3454fff3b76d9839
2023-03-29 01:36:23,False,0.3352,0.0001887,485.0,0.0915,0xd6...ac6a,https://etherscan.io/tx/0x234536d1f16afaabeccc725cec8de51a4520235a3c25ca8386ce95e4eb35a4b8
2023-03-29 01:28:35,False,0.3355,0.0001889,1283.18,0.2425,0xbe...91a7,https://etherscan.io/tx/0xa6b6ea4d3d7407ceadc650eee9fdc390a8cd4ea8ab17cfaf1ef2ed6ec6247540
2023-03-29 01:24:23,True,0.3371,0.0001901,1209.67,0.23,0x4b...09db,https://etherscan.io/tx/0x873bdfbd7d3be14be087f8e5fec9d831e3c8f43dce32305c0a7cf9398108c7d3
2023-03-29 01:20:23,False,0.3349,0.0001888,291.314,0.055,0x99...2289,https://etherscan.io/tx/0x226d77d17e100419ad9dd54c0775a9f68c5a61dcd73157e97b44599be7e8543e
2023-03-29 01:18:59,True,0.3367,0.0001899,1052.93,0.2,0x4b...691b,https://etherscan.io/tx/0xfeb8efa15d3dc18a092e4c5b7b2b3a5483a69087b2079c1e41c32087304825f6
2023-03-29 01:14:59,False,0.3348,0.0001887,485.0,0.0915,0xd6...ac6a,https://etherscan.io/tx/0xb3862e5f07d3169518d9d36bbacdc4986927c542b95a15d1f6b65eba206ccb15
2023-03-29 01:08:59,False,0.3353,0.0001888,257.05,0.0485,0xd6...ac6a,https://etherscan.io/tx/0x1d9f29042af2e869c6579941554178bb158ccb2d8c33e42096dd3599b5169477
2023-03-29 01:07:23,True,0.3368,0.0001897,2500.0,0.4742,0x03...a4d2,https://etherscan.io/tx/0xa11245229fdf13c7f203356fb151ae1edf9e95a3316601083ddf61ad5e4e9b0e
2023-03-29 01:02:47,False,0.3336,0.0001884,989.334,0.1864,0x2c...6f14,https://etherscan.io/tx/0xd1575c172c31c883436e4dc1fe41d5bd545a3722b1ba2ad8a1ac81070358f6a8
2023-03-29 01:00:23,False,0.3356,0.0001896,10230.6,1.94036,0x30...b2b2,https://etherscan.io/tx/0x6da06b8a7a946af0f9a27f10fa5c8ab07c3e91285318c1358325e772cb5829be
2023-03-29 00:47:11,True,0.3393,0.0001919,312.62,0.06,0xb1...858a,https://etherscan.io/tx/0x7cdb555a333807a1a538b40528c154067f16bdff57039477f8e8fbaf382a90af
2023-03-29 00:30:59,False,0.3387,0.0001912,4365.0,0.8347,0x3a...6d03,https://etherscan.io/tx/0xe5fb674d95a3ab0f03155b0400c69778345a2b641b0f56baa4d0cd992bf08f5d
2023-03-29 00:29:47,True,0.3357,0.0001895,29544.6,5.6,0xee...09ae,https://etherscan.io/tx/0x62d414ff93e1e57b9a3a31113e2992c917cfbdd8b37432a452ee27740df7f06e
2023-03-29 00:26:35,False,0.3282,0.0001853,1994.15,0.3696,0x7e...c24e,https://etherscan.io/tx/0x865fe8ca1a8296a28a66ec1a7f7c35e0fcb3a221837ffe3d8224374c8c7bdb78
2023-03-29 00:11:23,True,0.3302,0.0001865,1179.16,0.22,0xe9...769d,https://etherscan.io/tx/0x860c5a948d15540b16b2cbad01ba6e7e260ee25495b6fcfd05106c84e719e5a7
2023-03-29 00:10:35,False,0.3283,0.0001853,485.0,0.0899,0x7c...3a17,https://etherscan.io/tx/0x050018ac9589950aaed9802191ccd6224ad398f8ef25555acc87b5b5c4f3c42e
2023-03-29 00:07:11,False,0.3288,0.0001856,2004.65,0.3721,0x59...ecc9,https://etherscan.io/tx/0x6d5fd5af63601cfc0d93841a55f9719b7f1a06f1b1e8ff661a59ceb836e4d977
2023-03-29 00:00:23,False,0.3287,0.0001859,275.48,0.0512,0x92...71cc,https://etherscan.io/tx/0xb9764e67ac2b1d18671a7ff66bebc1f50c00db6accf6479e61b7cb13621a0e4d
2023-03-28 23:59:59,False,0.3288,0.0001859,217.45,0.0404,0xa6...6014,https://etherscan.io/tx/0x4140512930d7585f142498f1dbeaef297e693a48577a3bd4a0a16a641031cb52
2023-03-28 23:48:35,True,0.3261,0.0001841,27151.0,5.0,0x55...6e64,https://etherscan.io/tx/0x4ab49dea5f4762a6411a78842d11181bcb030c10ae55da14ac2d74c56425abf6
2023-03-28 23:36:47,False,0.3198,0.0001804,2425.0,0.4375,0xcf...3224,https://etherscan.io/tx/0xa26315b813051ceb87e209cc786c046d0605f6d496e2ecfefadf940de38fcf53
2023-03-28 23:32:47,False,0.3209,0.000181,3395.0,0.6146,0x8e...304a,https://etherscan.io/tx/0x6cef4075156c7903a5ca99c7002401d76213210e2a5758d01d757ce549af67b1
2023-03-28 23:11:23,False,0.3239,0.0001827,12798.7,2.33901,0xa5...2393,https://etherscan.io/tx/0xcf8da41cb15aa5a8dfb0ff834db8ccee993eced79b2ecc388211332476ed39b1
2023-03-28 23:06:23,True,0.3285,0.0001851,847.084,0.1568,0xc4...76a1,https://etherscan.io/tx/0x9f9aed0148190f5fb259cacd0178514fd43845039861d16830efd65f50f6783c
2023-03-28 23:02:59,True,0.3281,0.0001849,919.215,0.17,0xc4...76a1,https://etherscan.io/tx/0x0393a3ccf54810b78f8068fec02f1b1cc12756255f94be6e86a6569c6aba90bf
2023-03-28 23:00:47,True,0.3278,0.0001848,367.962,0.068,0xbe...208c,https://etherscan.io/tx/0xe4599c8fe6800dab6f79c7d653250ce280ed42fd6455876ac0d35776e3b39b89
2023-03-28 23:00:23,True,0.3277,0.0001847,433.099,0.08,0x6f...c156,https://etherscan.io/tx/0x8fdd490c85b8c7f052d11c88592231d067356ef6995148fcd3b8d26b4b463956
2023-03-28 23:00:11,True,0.3273,0.0001845,1354.85,0.25,0x73...9dec,https://etherscan.io/tx/0xe0a774281fb700934d94d5112e588f0babf33b3b9b8a6dd61562ee7aff3b13dc
2023-03-28 22:56:59,False,0.3255,0.0001834,2027.96,0.3721,0xba...4d4b,https://etherscan.io/tx/0x5d6ff5faa696b7889df4fcbd1ee99ab1056ed4afdc95ca79fd8cf0a4156b660d
2023-03-28 22:52:23,False,0.3271,0.0001844,7081.0,1.30621,0xd6...b5b9,https://etherscan.io/tx/0x8de50e4fa37355f4ab4f5858f74606348a3042b20056a0b45d31c78b9b2337dc
2023-03-28 22:50:35,True,0.3301,0.0001862,903.598,0.1682,0x15...9c08,https://etherscan.io/tx/0xe6050d967ac9e8fa7b73a5c6407feaa9feba6a4e8d45ad837f5cb25c995cc243
2023-03-28 22:48:35,False,0.3292,0.0001853,2910.0,0.5393,0x54...1ff0,https://etherscan.io/tx/0x6a1acb99329d4dd6ab6629203c5bf205bdd2986eb5c3676449ab9b4589b95f5e
2023-03-28 22:45:47,True,0.3312,0.0001863,3755.95,0.7,0x12...1e02,https://etherscan.io/tx/0x7a3d0ee04f5bff32307e1a72dc36754e10f5eb60a6fec3b3ccf1a558dcf32afe
2023-03-28 22:33:59,False,0.33,0.0001853,4852.64,0.8995,0x44...c9d1,https://etherscan.io/tx/0x0708181e443460924c6efa7b27ca246d432c761608152c2116e0daeb83a6434a
2023-03-28 22:31:23,True,0.333,0.000187,39.7026,0.0074,0x71...937c,https://etherscan.io/tx/0x55f16a2ab77f81b723e7401c0e0e7519c0405db2ee96a2e233c1fe2948a4615d
2023-03-28 22:30:59,True,0.3327,0.0001867,2094.69,0.3912,0x12...b226,https://etherscan.io/tx/0xbd79a051b07f2cb21957eb4490f7937105fe51062b1e7402022a7181a326b5c8
2023-03-28 22:20:35,False,0.3302,0.0001854,194.0,0.0359,0x4b...09db,https://etherscan.io/tx/0xfd42531a5c838c9b7f96eef8293a0b323ae79f4f3973f2241205bd3735411a74
2023-03-28 22:11:35,True,0.3319,0.0001862,3329.22,0.62,0x58...b4e0,https://etherscan.io/tx/0x3e7ab62e8f7a95cf1b37675ea590b3f1d6ab14839faa7d63a59d73a9c5f2f7f2
2023-03-28 22:04:11,True,0.3291,0.0001844,13602.7,2.50829,0xa5...2393,https://etherscan.io/tx/0x4a2534345cfceb1ed585be384876ad29162e52e714e9ab4b51100a397bb0a6cd
2023-03-28 22:01:23,True,0.3264,0.0001825,3285.99,0.6,0x30...e43c,https://etherscan.io/tx/0x8006f9fa03d0c439f05261ea3765a54966494c88177e6fb707e0c2556d299ed6
2023-03-28 21:57:47,False,0.3239,0.0001813,2111.74,0.383,0x4e...153c,https://etherscan.io/tx/0x61708b4c72bc23a284712ca250af6ad7e220d1f830bbdbb268da0ad2a1ecdeb8
2023-03-28 21:54:47,False,0.3256,0.000182,4365.0,0.7946,0x3a...6d03,https://etherscan.io/tx/0x0c4e75249290e49932e9b221fa0d44e15a8fffff63455db1ac51c638d92d7065
2023-03-28 21:54:47,False,0.3283,0.0001835,10008.3,1.83737,0x3a...6d03,https://etherscan.io/tx/0x0c4e75249290e49932e9b221fa0d44e15a8fffff63455db1ac51c638d92d7065
2023-03-28 21:48:59,True,0.3292,0.0001854,3032.91,0.5624,0x28...ba86,https://etherscan.io/tx/0xf009e534b01c76db13dc6e84e77cfb1ac61f22e07bacd435121f003ce26f3b34
2023-03-28 21:47:47,False,0.3265,0.0001841,970.0,0.1785,0xd0...9915,https://etherscan.io/tx/0x8427d22716f2ea7e53bb78009ee26a3d8bdfd3edf96128fcb683c22f0132b79a
2023-03-28 21:33:23,False,0.3267,0.0001844,2208.87,0.4074,0xb2...2eba,https://etherscan.io/tx/0xefdfe90d84f5f6814a71a5da47c91b7ce1809ec002d87a5b1eb5909eab1ca2c8
2023-03-28 21:32:35,False,0.3279,0.000185,3395.0,0.6282,0x04...8287,https://etherscan.io/tx/0x3ca295b992424edea296c251332dd44f7d7e0803c679fc7f4c4ecce5b3ff9d14
2023-03-28 21:27:59,False,0.3285,0.0001854,567.175,0.1052,0x87...90bc,https://etherscan.io/tx/0x4a6cc3996482a65473b154b6bea4130adf483bc750ca559fe53c960cc4016195
2023-03-28 21:21:23,False,0.3285,0.0001855,411.28,0.0763,0xea...7d7a,https://etherscan.io/tx/0xeb4426d59b9e5a541e98793175b28eb4da52384b0e6fe65288587b77b286ecda
2023-03-28 21:16:11,True,0.3309,0.0001866,803.592,0.15,0xbd...e335,https://etherscan.io/tx/0x596905ba3cd5de7f63a5f204faf663a3559159ed8e5d12244f1ae3cfd5df80da
2023-03-28 21:14:23,True,0.3304,0.0001864,1610.1,0.3001,0x92...2027,https://etherscan.io/tx/0x015bda00fbca5952495d3600acae193524c09712e5bc05b6de2784e64ff613ef
2023-03-28 21:13:23,False,0.3282,0.0001851,324.216,0.06,0x26...0f74,https://etherscan.io/tx/0x380aeb12f5f81211a6cde8489b63929972bc5bc6618d91bf0d6c2a9656890de2
2023-03-28 21:02:23,False,0.3299,0.0001854,2063.99,0.3826,0xfe...91c7,https://etherscan.io/tx/0x0a7ae5b7993339c9ec68fd0cae54eff5dc5c8a5d85842dbd7ba882ca51d53bfc
2023-03-28 20:59:47,True,0.3315,0.0001865,1512.51,0.2822,0xfa...b920,https://etherscan.io/tx/0xf5e5ffd38a30aaaf8e581fca540d7efc9dda2559ccb2561e3b13d0e8578a92bd
2023-03-28 20:52:35,True,0.3281,0.0001853,10000.0,1.85324,0x03...a4d2,https://etherscan.io/tx/0xb68a87971af20b66352c12caa482e19e1021bef9eed3836e58921ef9ffa399b2
2023-03-28 20:36:23,False,0.3189,0.0001832,582.0,0.1066,0x4b...09db,https://etherscan.io/tx/0xada0651919be27f122c4d8bcee26dafb6e7219b37956294f2f681903ad3105c9
2023-03-28 20:27:59,False,0.3193,0.0001835,2198.98,0.4035,0xec...d95c,https://etherscan.io/tx/0x88f037a3a2f076e8732f3bbfb68e6d34fc52141d62c85f43a2c2888f280bf6db
2023-03-28 20:26:23,True,0.3216,0.0001848,200.0,0.0369,0x5f...b464,https://etherscan.io/tx/0xe95de916ee19762d5367ffe698bb54cef282340fd30a21c21d4954540b6590ad
2023-03-28 20:20:47,False,0.3195,0.0001838,1289.86,0.2371,0xd6...77bb,https://etherscan.io/tx/0x9d43d3534b4b318077fc201eccd79c26661b678f75885a8fd56e86176644357b
2023-03-28 20:20:35,False,0.32,0.0001841,1588.86,0.2925,0xfc...2d41,https://etherscan.io/tx/0xde015b43b1351dd6c2b5197e15b643894d59dff103b0075eb904b1efc3c5fa04
2023-03-28 20:15:47,False,0.3203,0.0001844,1455.0,0.2684,0xc6...2650,https://etherscan.io/tx/0x777ed0f83e7cc4597f2366a3a46b4eda55c8a760977a519f1ff4a79b034110de
2023-03-28 20:15:47,False,0.3208,0.0001847,924.861,0.1708,0xbb...c6de,https://etherscan.io/tx/0xe2b7df6ea0a7cc5ff2c25d6b4f132bcfd07206a939c4d6b22886cb458b0cee50
2023-03-28 20:15:47,True,0.3229,0.0001859,76.6901,0.0142,0xc0...1c87,https://etherscan.io/tx/0x0509218585de31e4d4d40fdd21f081a811a3b1036151ed31f88c5857220e47b6
2023-03-28 20:15:23,True,0.3226,0.0001858,1000.0,0.1858,0x5d...5601,https://etherscan.io/tx/0xf6e580c0951b913fa4290fe50a045621416cc8077b799874975a35cb1449a805
2023-03-28 20:13:11,False,0.3206,0.0001846,503.423,0.0929,0xa6...bb97,https://etherscan.io/tx/0x3fcd16410b45889d1a919fb3acc8d18574dc4b5c49abda482d84b24ed85c8462
2023-03-28 19:59:47,False,0.3216,0.0001852,5480.5,1.01549,0xd6...b5b9,https://etherscan.io/tx/0x44e87eab0e044dcf7be699f9826ab604323a09a05fb3c431ef6a9945a68c3e1a
2023-03-28 19:57:59,True,0.3242,0.0001869,534.915,0.1,0x3b...1f75,https://etherscan.io/tx/0x310ee2496919b8e5a65ce9e887953be5947d7293e8d40289809178e30c590b56
2023-03-28 19:50:23,True,0.3242,0.0001868,98.9244,0.0184,0x77...92ac,https://etherscan.io/tx/0x36bfc425782c48b37f74c44a13d4a750b8787648645312a99e59fc096d57e7ac
2023-03-28 19:39:35,True,0.3235,0.0001867,1446.12,0.27,0x89...5edb,https://etherscan.io/tx/0x4974691930800dd0910266a32114107eef471ef0f313297c295f1d1a0c3b1460
2023-03-28 19:35:23,True,0.3212,0.0001855,8930.27,1.65724,0x2e...db2e,https://etherscan.io/tx/0xf815f9287d365a31e869728806c40799f8bae3b12311db6c477bd96be05d182e
2023-03-28 19:33:35,True,0.318,0.0001834,10474.6,1.92196,0x30...b2b2,https://etherscan.io/tx/0x1c192b9e704c45d00c445ad58723bfe2738c9be4ebde5f26e978fadfa48c5783
2023-03-28 19:24:23,True,0.3154,0.0001822,1576.91,0.2873,0x59...8f2a,https://etherscan.io/tx/0xa20173546eacba7badf2822b5a56b91b79959f7eb6aa8157b67a2621399d164b
2023-03-28 19:21:11,False,0.3138,0.0001811,2307.84,0.4181,0x3c...b4ff,https://etherscan.io/tx/0x242f4639f0bcc33165651da05655f90f78be03fc123fe40f76792492a7179873
2023-03-28 19:18:47,True,0.3155,0.0001819,5496.07,1.0,0x6f...9799,https://etherscan.io/tx/0xa14e519852f390fa6460cc70a1fd2f1d82150d4e066738d7b18b85aa3a64dc3d
2023-03-28 19:09:23,True,0.3151,0.0001812,1390.54,0.252,0xbd...7571,https://etherscan.io/tx/0xc8fbce5179caba00d6ab8f74a395b09c1eeb703cfb28a0840661ebd2504d7cc1
2023-03-28 19:05:59,False,0.3125,0.0001801,970.0,0.1746,0xd6...77bb,https://etherscan.io/tx/0x57f8addc79639e3a99f703a654376bf9ba2c27f8bacfabd18f42bcb6f983d97b
2023-03-28 19:05:47,False,0.3131,0.0001804,2595.47,0.4684,0x3f...1fab,https://etherscan.io/tx/0x0c377152e598b4dba41ccae48bdbd91ca8d06378ab8efc245e56dfd0e4e1f293
2023-03-28 19:05:35,True,0.3128,0.0001802,15608.0,2.81249,0xdd...5769,https://etherscan.io/tx/0xe386604a40ff149a179a6d25a836f4ee41f9f224ca29f6043825fba0b3d95b98
2023-03-28 19:04:35,True,0.3098,0.0001784,952.451,0.17,0x11...92ea,https://etherscan.io/tx/0x677f092a2acd8e16c570d618a0bb4faaac7f093a2eb8bb24dc5903d2cca75c66
2023-03-28 19:03:35,False,0.3086,0.0001778,4850.0,0.8624,0x44...c9d1,https://etherscan.io/tx/0x32c3da9cb4998cde64a9e3ea1ba67051cb1fce7bd5f8a7b2b4f1c296e0a45c75
2023-03-28 19:01:11,False,0.3115,0.0001796,12610.0,2.26486,0xd6...b5b9,https://etherscan.io/tx/0xa7761bbe0e034d755317170b5959c92e65409c4f3af208a39f623353b0cadbd7
2023-03-28 19:00:23,True,0.3151,0.0001817,2861.82,0.52,0xd6...ef96,https://etherscan.io/tx/0x2048de18aaa682ece2181b36516f631319f27efa8ded54a4b14d374cef295399
2023-03-28 18:57:11,False,0.3138,0.0001809,6305.0,1.14104,0x8e...304a,https://etherscan.io/tx/0x9d08a5bede1cb0738235e9b34ff61f778f01eb14507619e8d4ee107d8ce728c9
2023-03-28 18:49:47,True,0.3175,0.0001827,3.55327,6.492e-05,0x39...503e,https://etherscan.io/tx/0x08310282e103f8ebad53db94baeaaa78845fc63278da01034e3d241fa4be99c8
2023-03-28 18:46:47,False,0.3161,0.0001819,2910.0,0.5294,0x3f...1fab,https://etherscan.io/tx/0xe0a5df8d53583242c0483392c63f96ee4f1fba1e94dbf48e781d72686cdd1cda
2023-03-28 18:42:35,True,0.3185,0.0001833,338.228,0.062,0x2b...9775,https://etherscan.io/tx/0x8e5bc651a6bb254a282dc1cb660e9ab9fe485efb47ba60863587a16008391ce4
2023-03-28 18:37:59,True,0.3183,0.0001831,1365.18,0.25,0xef...5a95,https://etherscan.io/tx/0xecda1d3812568497baf4ce0b9023067a7f02e9595b8e2e9f9082f646d858130e
2023-03-28 18:34:59,True,0.3172,0.0001826,3138.6,0.5732,0xaf...fec7,https://etherscan.io/tx/0x139ee644999689a15f04c27c6a4afe3677f2cf01db64206ccf29536889899959
2023-03-28 18:30:11,False,0.3149,0.0001813,688.835,0.1248,0x4b...09db,https://etherscan.io/tx/0x98a4cfad6d76ac343b9f3ef1f9fb19e6f774dbc8ac9b0c44d9699ce30dd2b570
2023-03-28 18:23:11,False,0.3153,0.0001815,1701.35,0.3088,0x97...0026,https://etherscan.io/tx/0xea7ff4d7ecf35f0d6fa4d88df1b497c133ce2d4faed062bda9923708faeef590
2023-03-28 18:20:11,False,0.3156,0.0001818,679.0,0.1234,0x4b...09db,https://etherscan.io/tx/0x7c167069b89b919391690b34ca0aab777dfa04ad8ddbb2396fc22e6f26f0809c
2023-03-28 18:18:35,False,0.3163,0.0001821,2492.45,0.4539,0xd5...2a9b,https://etherscan.io/tx/0xdc54e99d30dd1ea7c535bd08abd6ae63bb1562aefd3bdbbc3e5d6a46a6624c4c
2023-03-28 18:15:23,False,0.3218,0.0001848,23280.0,4.30433,0x7d...bce2,https://etherscan.io/tx/0xcec5f46fd7bd73bf9b3a2f1a75ee9b1c4247dfb8c9a0ff29ab171d125cac7d86
2023-03-28 18:06:11,True,0.3282,0.0001883,1587.81,0.2991,0x78...6351,https://etherscan.io/tx/0x4d4cbf02c63eca05d49ad7849eda7f930dfc79ae0772f5f35ca0cf5b3b0d6dc0
2023-03-28 18:05:11,False,0.3266,0.0001873,2064.53,0.3866,0x7d...bce2,https://etherscan.io/tx/0x5f5338a8702923583e57c15d87b55d6c89c9be1a029d7d04666f14ea39737364
2023-03-28 17:59:11,True,0.3286,0.0001886,21.8623,0.0041,0x39...503e,https://etherscan.io/tx/0x2929cb69aa3afd9813e4d75b426073877a34eb9f33dc6fd5e4429359c1c3a713
2023-03-28 17:54:23,True,0.3283,0.0001886,344.626,0.065,0xeb...92bc,https://etherscan.io/tx/0xec6468f5a3f5da0208c2667470de89ac02fda8e75250f714df28a06ad02b2b77
2023-03-28 17:53:47,True,0.3267,0.0001876,7992.05,1.5,0x21...e673,https://etherscan.io/tx/0x35dc5e069d9213eb0e514f58c9891ce066e7049567f70b9f593bd62a7097b95a
2023-03-28 17:51:59,False,0.3233,0.0001857,630.5,0.1171,0x44...fb06,https://etherscan.io/tx/0x23eec67e318c3ed6fa246f35e983619363d0262599addedd36f999091637912b
2023-03-28 17:46:47,True,0.3256,0.0001867,1595.54,0.298,0x5d...a8fb,https://etherscan.io/tx/0x5c5449731471500d776f6ca4e720795880548ac0672f59e9f31f80a6448fdc6c
2023-03-28 17:44:59,True,0.3251,0.0001864,1609.27,0.3,0x5d...a8fb,https://etherscan.io/tx/0x491985da72fd0fde9eaf0f8671e9eb88575e97c4de651a6233489d59d1edaedd
2023-03-28 17:44:23,True,0.324,0.0001858,3928.61,0.73,0xef...5a95,https://etherscan.io/tx/0xb86a5b225ecfc5551f593eeeed57507b6cedbec3a5caa79ab2353fb672f2a088
2023-03-28 17:43:11,True,0.3231,0.0001852,1000.0,0.1852,0x5f...0bde,https://etherscan.io/tx/0x11b2a163b4dd134468fcf0ee15c31d98218049f8ac3538fa219b303d06ce6ff3
2023-03-28 17:42:35,True,0.3178,0.0001822,27435.1,5.0,0xc5...27ae,https://etherscan.io/tx/0x9bc99c14749201f017fcaf14053419f3f84a4fa9fa0be3fdbd72db3efc679c06
2023-03-28 17:40:59,True,0.3124,0.0001791,2568.21,0.46,0xef...5a95,https://etherscan.io/tx/0xb852d8d7a3677dfd3e1e65fa24b64873f223f0943729585d648d0e21d13ada13
2023-03-28 17:38:47,True,0.3117,0.0001787,1342.32,0.2398,0x00...4072,https://etherscan.io/tx/0x98095ade9dcef45d738db5b6ec1381404a0fb53516cca9aced84e2ed570425d0
2023-03-28 17:37:47,True,0.3113,0.0001785,616.794,0.1101,0x7b...973f,https://etherscan.io/tx/0xa233ec3dc62ef63fd98b4090ffcd6566a5f28b3231ba1d98bda5afcb6647cd89
2023-03-28 17:37:47,True,0.3112,0.0001784,0.5603,1e-05,0x96...f022,https://etherscan.io/tx/0x10f94e0649bf9fb703530f2dff092c786b6c0a727b2cec12abdfd50fb4351008
2023-03-28 17:37:35,True,0.3107,0.0001781,2694.02,0.48,0xef...5a95,https://etherscan.io/tx/0x81f390ad3f9c113ddb7f2b7dcad44cddda1cc2bb0ae10bf460de34b1972b9bbd
2023-03-28 17:36:35,True,0.3097,0.0001776,2758.75,0.49,0x9f...d0b1,https://etherscan.io/tx/0x3097f21bcf93887666f4165fa4d2c6dc0777f534e577831e9a0f15e14d01d09c
2023-03-28 17:36:35,True,0.3092,0.0001773,79.9441,0.0141,0xf6...d58b,https://etherscan.io/tx/0x84d25ce805a476d5ce188a9cd35c302d00703315e49464238f7dd01d0115acd8
2023-03-28 17:36:23,False,0.3074,0.0001762,277.096,0.0488,0xdb...d3af,https://etherscan.io/tx/0xbe54781c12c7573ae3cf815e19e31bde9d3bb1737851475f60a6def85f80b384
2023-03-28 17:35:59,True,0.3091,0.0001772,929.301,0.1647,0x00...4072,https://etherscan.io/tx/0x528df086dc3e4feec51bb79af2ca80eab07cd5ee3d64af6c76c7c277db7b1a19
2023-03-28 17:34:47,False,0.3075,0.0001763,2436.32,0.4297,0x8e...8e0a,https://etherscan.io/tx/0x20bc88897729fbc8576bb9a80d2e7d311b5692a22358aae66525b5e0544e5a4e
2023-03-28 17:32:23,False,0.3162,0.0001815,47473.2,8.61834,0x78...3be2,https://etherscan.io/tx/0x193ba28271d1695af5ad5782b4e3c23acadfd10db7bf66eb26be09ecbe11fe19
2023-03-28 17:32:11,False,0.3252,0.0001866,485.0,0.0905,0xca...89a0,https://etherscan.io/tx/0xe2d5570a72b9d08618b750165c5d27228eaa10f2d179b34f4d67f8bb9a62f4e2
2023-03-28 17:26:47,False,0.3249,0.0001867,716.717,0.1338,0xf8...c445,https://etherscan.io/tx/0x7735a07a9d705fb49c1ba59d807b43a5dab4e7f6ea30210fdaa64c2611e3dcbe
2023-03-28 17:16:47,False,0.3253,0.0001868,367.348,0.0686,0xef...fe45,https://etherscan.io/tx/0x21606d692d9fc9adcb02d4a7ec24aa8161bd2c4a999055ccb76813eaf658abde
2023-03-28 17:05:23,False,0.3257,0.0001869,485.0,0.0906,0x1c...3651,https://etherscan.io/tx/0x46836a11ad8246edd1c067dde115f94197f1ccf6efbbd7d783584bc6c568570c
2023-03-28 17:01:47,True,0.3222,0.0001852,26995.5,5.0,0x43...836c,https://etherscan.io/tx/0xec89de9996dbd3330169214e6e112d071b43be079d5ff30b7580ffc2e2b17df2
2023-03-28 16:41:23,True,0.3169,0.0001822,768.214,0.14,0x8d...0e35,https://etherscan.io/tx/0x2fa9ea4168cea7f8b4b5d10d176097c00d0d2a778e2d068c6f92bca4dab1873b
2023-03-28 16:40:23,True,0.3164,0.0001819,1648.48,0.3,0x59...a9c7,https://etherscan.io/tx/0x6447f59cefbb42825f33f8b6f9361f5d2da0ebc36b71e9f04b5249e995116f24
2023-03-28 16:39:35,False,0.3149,0.0001811,3680.6,0.6665,0xd1...e1b4,https://etherscan.io/tx/0x49a77cf937540f50218015b213c49cce5c1be48786f83f926424e2a794401fdc
2023-03-28 16:24:47,False,0.3169,0.0001817,2778.08,0.505,0x84...c025,https://etherscan.io/tx/0x3b239c06b0b3ae186a627418e5c2f9154edc5bb77d5682fe672d89b7110d9f81
2023-03-28 16:23:47,False,0.3178,0.0001823,2425.0,0.4421,0xad...4ef4,https://etherscan.io/tx/0x01c427e317ac9a23e28c9822eb822a53f039635035d3b82e47f2dd93136a04cb
2023-03-28 16:18:11,False,0.3193,0.0001828,2716.0,0.4967,0x2c...ad1f,https://etherscan.io/tx/0x1f601dccbc211067f1049bb165ad0f433a04d76adbb9d6f829ca60ee08a65996
2023-03-28 16:15:23,True,0.3215,0.000184,1667.44,0.3069,0x3d...8a64,https://etherscan.io/tx/0x2ac6d8c1b9b50728a8e587f8f71489814c9c7c083c1abd0a5ddf7cde2d702941
2023-03-28 16:15:11,True,0.3211,0.0001838,543.905,0.1,0xb5...64c6,https://etherscan.io/tx/0x595a1f4fc8bf8c86517e54783e2d95ec8d58ffd61399d532990b6bfd1891e97e
2023-03-28 16:14:35,True,0.3208,0.0001836,1088.85,0.2,0xc4...0afc,https://etherscan.io/tx/0xb79cebfdf377af89a69a644451525de1d100683070281d3a4fbe80d5ae8cd0d6
2023-03-28 16:12:11,False,0.3205,0.0001832,7571.19,1.38758,0xb1...e0de,https://etherscan.io/tx/0x76b550e1c695ae288b685868aeb3f3bb8e214d004d58f79dc4e9aa5caa227f67
2023-03-28 16:11:35,True,0.3235,0.000185,1551.73,0.2871,0xfa...b920,https://etherscan.io/tx/0x559afc76c518231c2a77d03d23e54fe6f17527229bdcd2d481124096238a26e8
2023-03-28 16:07:23,False,0.3221,0.0001843,5131.3,0.9456,0x67...50bd,https://etherscan.io/tx/0x62f13e59c809d7e342dca67d987dd4c54eedd428ca801408081d4e159a5ca666
2023-03-28 16:07:23,False,0.3251,0.000186,10569.1,1.9658,0x67...50bd,https://etherscan.io/tx/0x62f13e59c809d7e342dca67d987dd4c54eedd428ca801408081d4e159a5ca666
2023-03-28 16:03:59,False,0.3375,0.000194,60604.0,11.7612,0xf3...1db2,https://etherscan.io/tx/0x030538ee35d0d01c3898ec20531c2cbadb3917624508a9e92b142e8532807f9b
2023-03-28 15:57:23,False,0.3566,0.0002048,28977.6,5.93575,0xcd...5dc7,https://etherscan.io/tx/0xbf34453526261c7daea1719582ec4753a29491f80f1a9ef0b4bb477ea944feda
2023-03-28 15:55:59,False,0.3637,0.0002087,1940.0,0.405,0x47...976e,https://etherscan.io/tx/0x00942dfde408ecd29d6114567b76e724a5a94e46507a950cc6eb8bfc2d21c375
2023-03-28 15:48:11,False,0.3634,0.000209,337.064,0.0704,0x3b...2a65,https://etherscan.io/tx/0x8b355e0a44d5c5a02865ae6639fb1cd3e4cdfe1ecf0b9ace718e32c35b6228a3
2023-03-28 15:42:47,True,0.3644,0.0002098,3859.73,0.81,0x71...937c,https://etherscan.io/tx/0x9f9772fe12e9a6f3f608d59b5591d468cebac7ef869aae6655babc963d94ca87
2023-03-28 15:32:23,False,0.362,0.0002086,3813.47,0.7954,0x69...9a65,https://etherscan.io/tx/0xf41c26c8bbb737cf7f000f152d5ed088f608e36e00433a3612ae0bd122a4a242
2023-03-28 15:30:35,False,0.364,0.0002097,4850.0,1.01715,0x1d...dddd,https://etherscan.io/tx/0xdd1232c85f210fcc690fd8dd2eb23968f802955c527281f725b56db162bc7784
2023-03-28 15:28:35,False,0.3649,0.0002105,1455.0,0.3063,0xad...4ef4,https://etherscan.io/tx/0x96d530173ab45a7148eeccf41f1a27cc8ba276d795e85b07cf251c7d014192a3
2023-03-28 15:26:47,False,0.3659,0.0002111,2913.56,0.6151,0xa1...4d04,https://etherscan.io/tx/0x7785b392a31147c05b51524ccc8b3062c16b3a1828efe12a700f4ba11dfdf94e
2023-03-28 15:24:35,False,0.3668,0.0002117,1952.12,0.4133,0x3e...8ef5,https://etherscan.io/tx/0xc3d4c69e720538263bc236dbc5cd5b98b1f27f049272e4f13595ec3e294b46b7
2023-03-28 15:22:47,False,0.3673,0.000212,311.847,0.0661,0x4b...2cc4,https://etherscan.io/tx/0xda8d73b40e694a49570d2f4e910322b4472b03393a9af70f37345b9ba6512fa2
2023-03-28 15:22:11,True,0.3692,0.0002131,1501.08,0.32,0xd6...3821,https://etherscan.io/tx/0xaad22c5c22b7df99edbeb0691d705a9e8518e4ebd39167ac20c2c7b9a59b2025
2023-03-28 15:21:35,False,0.3668,0.0002117,654.255,0.1385,0x55...ce90,https://etherscan.io/tx/0xb8ca472dcc1f83cb97ab25455fead919139fa98747ff593357c5b8f16fe5d863
2023-03-28 15:09:35,False,0.3681,0.0002119,485.0,0.1027,0x1c...3651,https://etherscan.io/tx/0xd159ba4cf5de63e55e23c973b8d4d3103b37617c2b61804127d5cb005f2ff202
2023-03-28 15:07:59,True,0.37,0.0002131,1401.0,0.2985,0x7c...5dab,https://etherscan.io/tx/0x8905b6ed6e9c1ea3041e2dcae99188c6130d573fc1fa4616a53fef453d9101fb
2023-03-28 15:00:35,False,0.3681,0.0002119,2688.14,0.5698,0x29...84fe,https://etherscan.io/tx/0x54bf295a77322fa9d9bed8148b998d4e8356dd13e2ffa68f078577c89bbb5e54
2023-03-28 14:57:35,False,0.369,0.0002125,1455.0,0.3092,0xb9...a991,https://etherscan.io/tx/0x265ef2aafbb635c58af70883083b128e6d6426fdb350ea5cff27626e7138477f
2023-03-28 14:54:47,True,0.3684,0.0002121,13667.0,2.9,0xf4...f8d9,https://etherscan.io/tx/0x685f1621a4258ff7a59af4fbf377962d48045d98b83ae8dfa55f85e017fcd888
2023-03-28 14:51:23,False,0.3643,0.0002094,2711.94,0.5681,0xec...e174,https://etherscan.io/tx/0xd283862eb7bfc9eeb543a58f803a2d150d814dcf484d818f5e9ba7f1f5005cff
2023-03-28 14:50:47,True,0.3658,0.0002101,7137.4,1.5,0x8c...3de5,https://etherscan.io/tx/0x7891346032435120edd1347cb9c6b25066069fad87ef5e7ebd4480dec4d99b0d
2023-03-28 14:49:11,True,0.3635,0.0002089,2534.94,0.5295,0x69...aa3f,https://etherscan.io/tx/0x2a32afb34e2184c0c9ae824c22ec0a20846a1536dd2eeea3c4f7a82734bcea61
2023-03-28 14:48:23,True,0.3554,0.0002041,35127.0,7.17013,0xd6...d6a0,https://etherscan.io/tx/0xbce0b9800ffe8ef76ab52e8164a83013f41dc977ce0a87f4391c00cba82b2bb8
2023-03-28 14:45:35,False,0.3449,0.000199,3520.87,0.7006,0x50...22b0,https://etherscan.io/tx/0x59bac2327635c74f1124e755043cc297464f8306f45b6e700830dedcdab31f53
2023-03-28 14:44:47,True,0.3434,0.0001982,19896.2,3.94396,0x08...7809,https://etherscan.io/tx/0x5b455d737719ff1dfd94b35fd7f235f1fadb776be9916973bf1396a62b772546
2023-03-28 14:40:23,False,0.3384,0.000195,2910.0,0.5675,0x74...cd61,https://etherscan.io/tx/0xe0098ad9a1e01a78809f3de02bc25e1812890b67521a4001f203f1e1fb2b641d
2023-03-28 14:37:23,True,0.3331,0.000192,39015.4,7.49204,0xd6...d6a0,https://etherscan.io/tx/0xcc29a7bf7a1b0e05f9c86aeccf34b8e645748b532a538a0ff7ff4ce1ca84fb99
2023-03-28 14:36:35,True,0.3239,0.0001865,9646.34,1.79969,0xea...d6d1,https://etherscan.io/tx/0x23451a64de6a966b2af0f4651a5dcca94671da6907b388701b15c9fa30588216
2023-03-28 14:36:11,True,0.321,0.0001849,5407.43,1.0,0xd6...d6a0,https://etherscan.io/tx/0xee10342ac047b2aa7b7414de9d693f8f7bd0043e813b33a57bc311072cd00188
2023-03-28 14:17:59,True,0.3214,0.0001842,496.837,0.0915,0xab...5c2a,https://etherscan.io/tx/0xad87dd69feee4db3a49da451eb2453d8014e64d691b78dac12b307c0c261af15
2023-03-28 14:16:11,True,0.3214,0.0001842,380.02,0.07,0x5c...3728,https://etherscan.io/tx/0xe6df26ba5a3c24f917d33fe1b7f3e2e34ee1b1445f1f248f0b77ed9b6e7cb8dc
2023-03-28 13:56:59,True,0.3207,0.0001835,5447.32,1.0,0x76...7c84,https://etherscan.io/tx/0xed95b6a7a66baf95622db3e33f0802ea84019f958e2c64fa9008b08be4171952
2023-03-28 13:53:47,True,0.3197,0.0001828,1814.45,0.3316,0x74...46e7,https://etherscan.io/tx/0xd509a8526a4665a392de802f3b060e330edc3566534cc837fb4ff2aef37a4df5
2023-03-28 13:52:47,True,0.3194,0.0001825,547.786,0.1,0x9b...c0f8,https://etherscan.io/tx/0x06f4213ea77b500691d51fe4235d7bf6b422202260801b7544433dd21c9566dd
2023-03-28 13:51:35,True,0.3188,0.0001819,4945.81,0.9,0xc1...c991,https://etherscan.io/tx/0xc08d940705a80c568c2429623f5f4d3d28e5a33b1f6e629411245c2c4f0e5f20
2023-03-28 13:51:11,True,0.3164,0.0001811,2612.69,0.4733,0x0d...2da8,https://etherscan.io/tx/0xf531878e92eeb851cf2d8facbc42d54993d75d0e6228fc29f8090c9f8ddb9d10
2023-03-28 13:49:47,False,0.3134,0.0001799,834.2,0.15,0xfc...ed8a,https://etherscan.io/tx/0xd3fed04381f4f800a7da7cb627920355bc934d8b4d12f251e2964727cf456ee6
2023-03-28 13:42:59,False,0.3151,0.0001816,16005.0,2.90766,0x22...b7dc,https://etherscan.io/tx/0x34b5a17a14fff3ccfba860408aa7782d84333fb167c53e79ec330b5349a4d01e
2023-03-28 13:41:59,True,0.3193,0.0001842,2073.36,0.382,0xa9...a12d,https://etherscan.io/tx/0x048ff521a7f25ea536e43ba1a5f72343852751d46f8cf10df1f528dadd459cb8
2023-03-28 13:38:47,True,0.3187,0.0001839,837.274,0.154,0x9b...c0f8,https://etherscan.io/tx/0x2754210b0ad1c97bba0d61f3a390f1e8f6dd4c132d6e4e406cbc97c9163d1d18
2023-03-28 13:35:11,True,0.318,0.0001837,1123.66,0.2064,0xda...7ac9,https://etherscan.io/tx/0x366f6a0cb662c0a908189310433d6acd154f64d9a02a38fde4f3126c207a765e
2023-03-28 13:34:59,False,0.3161,0.0001825,650.651,0.1187,0x2e...43fd,https://etherscan.io/tx/0xb6c1131a59c3060a57149d2ed5721dee14b672137872283582203574ed6e7060
2023-03-28 13:34:59,False,0.3171,0.0001831,4850.0,0.8883,0x82...11ce,https://etherscan.io/tx/0x8e9c202bcfc92b5f55923432e6ce1c0932ee5213ae1a12376f5db9c8d501151a
2023-03-28 13:25:23,False,0.3191,0.0001841,4850.0,0.8933,0x82...11ce,https://etherscan.io/tx/0x773c25b7db366b8ebce1455e74bdc2114ad6a48d4b5eb40640928c55c56f3df6
2023-03-28 13:24:23,True,0.3216,0.0001855,2626.36,0.4872,0xcd...f363,https://etherscan.io/tx/0x38d52a96fe007d36e50c9c2ed338e5a43e67fb863a590f52dea7b3b3e9db7954
2023-03-28 13:22:47,True,0.3207,0.0001852,458.987,0.085,0x58...1b23,https://etherscan.io/tx/0x4ceb5e94f7cc4e3fa097a389754d5f3f1994951538ba5a722fc6c0e5b6cd9487
2023-03-28 13:19:23,True,0.3186,0.0001847,3788.98,0.7,0xf8...b483,https://etherscan.io/tx/0x6954cd4c3123451cd3b4b30f579a6156c5bf63009a598be7d24bf9d89482762f
2023-03-28 13:16:23,False,0.3157,0.0001832,485.0,0.0888,0x1c...3651,https://etherscan.io/tx/0xbdcf843a732f2d403fce50734959352fb773c4edfdaeefed9599af757f4fbf03
2023-03-28 13:03:11,True,0.3154,0.0001835,8171.42,1.5,0x10...eee0,https://etherscan.io/tx/0x695fd3c0e7dfcff7ce351e1d230d1e0d3ae88ac63effd6a32915bc27b8092295
2023-03-28 13:01:23,True,0.3135,0.0001824,1917.87,0.35,0xa4...fd20,https://etherscan.io/tx/0x5032c8e7ae1e28532adf0a96e6b82c56aec40dc596991eb4fc3455fa1411c73e
2023-03-28 13:01:23,False,0.3143,0.0001829,16936.2,3.09921,0x28...4a1c,https://etherscan.io/tx/0x8a5bc1b85484046c95a068c55a9d560457594a481e92c241a40102e25b99d661
2023-03-28 12:56:35,False,0.3176,0.0001852,4398.95,0.815,0x67...50bd,https://etherscan.io/tx/0x1b9fb19ae098e4734f5bee2b6851de457f43936cad30f325d2d70b9dac029387
2023-03-28 12:56:35,False,0.3204,0.0001868,10276.7,1.9205,0x67...50bd,https://etherscan.io/tx/0x1b9fb19ae098e4734f5bee2b6851de457f43936cad30f325d2d70b9dac029387
2023-03-28 12:11:47,False,0.3274,0.0001903,21078.1,4.01272,0x60...2384,https://etherscan.io/tx/0x64280d22d8a70f4cb9fdb62d3dadb221afda5ced20f7f7d15e26ac9d390b6168
2023-03-28 12:07:23,False,0.3318,0.0001928,970.0,0.187,0x13...d732,https://etherscan.io/tx/0xf4de504beaaf14469a0f3e10275e65f660384fe746212c9d72d650b544e101c1
2023-03-28 12:03:11,False,0.3324,0.0001933,3294.22,0.6369,0x49...f683,https://etherscan.io/tx/0x93689dae099d08345cd844c806275170a4775e61f2792a9c2d5985003645f5d6
2023-03-28 11:58:23,False,0.3341,0.0001943,4850.0,0.9424,0x82...11ce,https://etherscan.io/tx/0x00e7ff0258d2af641875c1d2c6d03e8da87fb4e6e5458f611e2431e248bc0744
2023-03-28 11:56:59,False,0.3352,0.0001949,485.0,0.0945,0xc6...2650,https://etherscan.io/tx/0x6170fb16fa370d3e19324e3e539716d439e3d610b766ae3a8e4028125ca81eb2
2023-03-28 11:56:35,True,0.3352,0.0001949,10258.5,2.0,0x94...fd9c,https://etherscan.io/tx/0xe92dd9274b9d5d8dc5946ff1080fef35dcbca37cb20ae8131c072e607d8dcaac
2023-03-28 11:54:35,True,0.3312,0.0001926,9393.72,1.81,0xc6...811f,https://etherscan.io/tx/0xcac80cf4a86a03eaa86bbe8263e9bb6fad783e126165381bf1cb1321fa721cf4
2023-03-28 11:52:35,False,0.3276,0.0001906,1454.71,0.2773,0x3a...92da,https://etherscan.io/tx/0x8c13b5e8f5e9a353b678db6f46944fad4aa0b6b3c6e73d77cc75f263ccfa20c3
2023-03-28 11:49:59,False,0.3288,0.0001913,4850.0,0.928,0x82...11ce,https://etherscan.io/tx/0xb39bc0dd8df21ad3f957b29ca8dc7ed13e27673c3cc4506f7bc0a6ff660b78f4
2023-03-28 11:40:11,False,0.3308,0.0001919,623.71,0.1197,0x27...db1b,https://etherscan.io/tx/0xd1a87a9459d4f62a1850e81289ad4a1302482fa7f9e3f07e280f58f892aa9180
2023-03-28 11:34:35,False,0.3311,0.000192,485.0,0.0931,0x1c...3651,https://etherscan.io/tx/0x6e05bda63b8282be303faecb58fc0d05f9216ab8cff9d5f51ada9f0751e95877
2023-03-28 11:33:11,False,0.3312,0.0001921,300.484,0.0577,0xfc...ed8a,https://etherscan.io/tx/0x7e031b90450161254e97d475ef47587a9d5db4f00cc6720846e9dd3ce97a1876
2023-03-28 11:23:23,True,0.3331,0.0001932,828.371,0.1601,0xac...af53,https://etherscan.io/tx/0x223b944d06673b1b6ababd85a440020daa79d7cd51bb3abd525a77c6b4731eb7
2023-03-28 11:11:47,False,0.3336,0.0001931,9700.0,1.87346,0x8e...304a,https://etherscan.io/tx/0x654b0af38491577dadd832f823191009d199ff0ed2759fbe8637347b6d28014e
2023-03-28 11:09:23,False,0.3361,0.0001945,2781.05,0.5411,0xe3...57c2,https://etherscan.io/tx/0x38715a46c5a98ae854dcc0cb2485531a46594e96e77b16461285fc3a7635be95
2023-03-28 10:45:35,True,0.3378,0.0001957,2955.73,0.5785,0xe3...57c2,https://etherscan.io/tx/0x3b22fe5c335b5b08166cb6d6afdd87c75c248849cb4a480aa9f6b2f8b523779e
2023-03-28 10:39:11,True,0.3352,0.0001946,6680.17,1.3,0x10...eee0,https://etherscan.io/tx/0xf4c4fe89526e9c791b33b68b9539a072c0fe17f1b048b111181fc09077d4ec5f
2023-03-28 10:32:35,False,0.3324,0.0001929,2425.0,0.4679,0xb5...d239,https://etherscan.io/tx/0x80d20ffe8d61068c4e1aca7ff0bd0b8b413688a61506b099a6764828119956d2
2023-03-28 10:27:59,True,0.3344,0.000194,2576.11,0.5,0xeb...c944,https://etherscan.io/tx/0xf0b183b667458b866b77fad2f392f228207ceccaafdafb0517aa9854562f09b8
2023-03-28 10:05:59,False,0.3326,0.0001928,1940.0,0.3741,0x74...cd61,https://etherscan.io/tx/0x5b1a4b50ca9f502794e4d67bbe09581d4e18682a4d6d1f52c5c360210c1ca21a
2023-03-28 10:00:59,True,0.3342,0.0001938,3593.46,0.6965,0x1d...4e47,https://etherscan.io/tx/0x68ce749dba19b992ae55b88683d8281762030a6c509e71544552f74e31b9b824
2023-03-28 09:48:11,True,0.3345,0.0001933,386.0,0.0746,0xef...efeb,https://etherscan.io/tx/0xd6247c7ef636a7fe55617b7a2e43e89e169d9d0c66a0bd9534ba4cc6fc317d3f
2023-03-28 09:47:11,True,0.334,0.000193,2330.99,0.45,0x21...e50d,https://etherscan.io/tx/0xa9b4fa5b4f0cdc672dbe72f5f6fdfbeffd8ee29b0c92eb1739ca489b534e1a21
2023-03-28 09:35:59,False,0.3325,0.0001924,7079.01,1.36228,0x63...f1ad,https://etherscan.io/tx/0x29f2c81870db3c62a1911e58a88607d29e73ade5bcbe1c1dec60c458c3cc6ea4
2023-03-28 09:27:47,True,0.3358,0.0001943,744.849,0.1447,0x8d...7255,https://etherscan.io/tx/0xabb7ea61088e0f9392809af47855e3cad58ef2eec410a01c5791268b7acb161c
2023-03-28 09:26:47,False,0.3346,0.0001936,5009.28,0.97,0x30...b2b2,https://etherscan.io/tx/0xc22487dc6103831b47c16b267b68ed2928fc59b8ff19889b5b03c3e3d6f3d63f
2023-03-28 09:24:23,False,0.3357,0.0001942,485.0,0.0942,0x5a...9699,https://etherscan.io/tx/0x6c9d69dba4a474cfce86affb6c5e8982692db3357c968f3c93c5b84788ea2bf3
2023-03-28 09:21:47,True,0.3373,0.0001951,2812.61,0.549,0x33...cbb0,https://etherscan.io/tx/0xe803cf237f2b39d546b11dad18857f2816c86027632141631804c4b5cf4cb03a
2023-03-28 09:06:11,False,0.3365,0.0001942,4993.33,0.97,0x30...b2b2,https://etherscan.io/tx/0xac088b6021ec89cc817c53533a2c9b5f83c7875b379119910e47dcbf82028a94
2023-03-28 09:01:59,False,0.3403,0.0001965,13882.4,2.72783,0x41...3036,https://etherscan.io/tx/0x86d5611035f34d03ac12a70e224374a27af2a600ebe35072a83eb027e583bffe
2023-03-28 08:51:47,True,0.3449,0.0001993,312.988,0.0623,0x92...64bf,https://etherscan.io/tx/0x20044042878206150b7f83658825917eb171d25dcb8bc6bc7ee1aa1b8ba15a86
2023-03-28 08:27:59,True,0.3437,0.0001982,8088.75,1.60389,0x2d...6775,https://etherscan.io/tx/0xc0510c73580ef7ddeafffddf7ee7dcb1bb9bca640523c63925792f1589c3f8ee
2023-03-28 08:26:11,False,0.34,0.0001962,970.0,0.1903,0x13...d732,https://etherscan.io/tx/0x5537b17475a2a63aa11cff1beb7e6438d2b04bfe627a8feaaadbbdaa2396a80d
2023-03-28 08:12:47,False,0.3405,0.0001965,1865.31,0.3667,0xa3...204d,https://etherscan.io/tx/0xb64e87e07858fb5442a40961d9f5900e07e7b9faa1acd6b60861963007f514ee
2023-03-28 08:03:23,False,0.341,0.0001973,4171.0,0.8229,0xdd...a06a,https://etherscan.io/tx/0x9769544a820434f43f942f84c76f7d9da2d19aa6c25abb45f74c06a1f02750a3
2023-03-28 07:51:59,False,0.3427,0.0001995,14550.0,2.90359,0x58...c2ff,https://etherscan.io/tx/0x5561c078a45e4f9135f6338a39baf27d79b293114bac790e41e23de3ef38e3ba
2023-03-28 07:44:23,False,0.3462,0.0002016,2391.99,0.4822,0xfa...7bab,https://etherscan.io/tx/0xd2e895b7e5155419ac01a7c320b7675a6c6fb43d8b4100ed33ad29249f4e947a
2023-03-28 07:34:35,False,0.3471,0.0002022,2910.0,0.5886,0x29...fac3,https://etherscan.io/tx/0x4af2f28df01f5583454e8c3672081e2af58a382f59f7cd8477dfdbc730ee8d06
2023-03-28 07:30:59,False,0.3479,0.0002026,194.0,0.0393,0x99...2289,https://etherscan.io/tx/0x75e994001f93fd03c6d9828f419fe7c4772adebcf286380c8c9f38c9fee30ee5
2023-03-28 07:30:47,False,0.3488,0.0002031,3812.13,0.7744,0x82...11ce,https://etherscan.io/tx/0xd6c01c9822b43a805ddff9e04547c225f9a1306213b8cca1e6605bc6d887b86d
2023-03-28 07:29:23,False,0.3497,0.0002036,291.0,0.0592,0x33...8bcf,https://etherscan.io/tx/0x4bc148255b565c5fb8d267b145c063595160e913b20b2d041542dad43353b81f
2023-03-28 07:23:23,False,0.3503,0.0002039,1902.65,0.388,0xb1...f036,https://etherscan.io/tx/0xdd9073fd61a38a2ab9028e895b72b6717dc822c92e69ffbe1e82b23e44925baa
2023-03-28 07:13:35,False,0.3509,0.0002044,1940.0,0.3965,0x94...191a,https://etherscan.io/tx/0x48b0b4ebbc775d8d90bd3d456ba430acd5bb7eeca0e6e5b82f168a1bb11362d9
2023-03-28 07:10:11,False,0.3517,0.0002048,1403.59,0.2875,0x16...45c3,https://etherscan.io/tx/0x07765559bb6b7bcaefd9e26614ce30a3fac3145d1d2c1ca8c1109ba250fab8bd
2023-03-28 07:08:47,False,0.3534,0.0002056,4717.94,0.97,0x30...b2b2,https://etherscan.io/tx/0x724e701a68be55cd359fbf2e95051b627abff72ad022669c54983519c75356c4
2023-03-28 07:07:59,False,0.3575,0.000208,13978.9,2.90775,0x3f...c06b,https://etherscan.io/tx/0x7fc4d9c32d044948d948601d397917f3a844188a01f41c0c463b0f650654b1b8
2023-03-28 07:04:11,True,0.3619,0.0002105,4000.0,0.8422,0x82...11ce,https://etherscan.io/tx/0x8f3afa35b7539739bdc9ba7225e4cd2ffb735466c4ea19fd626408f08dd2a541
2023-03-28 06:47:47,True,0.3596,0.0002099,471.497,0.099,0x38...4fa2,https://etherscan.io/tx/0xd6a0f1b4755837bf4ba1f511bb26a2aecd7fe75a28fecb3097ffc17485b0fe50
2023-03-28 06:45:47,True,0.3523,0.0002055,33937.8,6.97626,0xe1...c4eb,https://etherscan.io/tx/0xb527c81f936c4f020f0d5afd8b9e78ba4a4d17548f56042d15d0ae5c9b373341
2023-03-28 06:32:47,True,0.3448,0.0002011,994.072,0.2,0x4b...5385,https://etherscan.io/tx/0xf9ffe0393555436515c7bb3e3097efc59baaeacf4bd157657d4142abcb5a1068
2023-03-28 06:24:23,False,0.3433,0.0002004,4839.39,0.97,0x30...b2b2,https://etherscan.io/tx/0x5978c0bb9e70441c92d1bb6d643c51386c953d0c52ba96220e095cffc73fccaa
2023-03-28 06:20:11,False,0.3443,0.000201,388.0,0.078,0x82...7ab4,https://etherscan.io/tx/0xa9618009b5034fbe90ed565feb592040384b7d45da2548ac7a463f2598edef36
2023-03-28 06:13:11,False,0.3445,0.0002013,1865.31,0.3756,0xc4...de63,https://etherscan.io/tx/0x0f24aae28a31078ce46233f39d853027365f784845490483f828ebc57d5d703f
2023-03-28 05:59:59,True,0.3465,0.0002025,2465.36,0.4992,0xe4...739d,https://etherscan.io/tx/0x30856f9dbb19ed1f713afe92590fa1a83eeb07100f80f014d86ebf4cbdef776a
2023-03-28 05:59:35,False,0.3444,0.0002013,2560.87,0.5155,0x6b...f1d4,https://etherscan.io/tx/0xe9b3d0b16d496c0898067c0afb965e366ee6f73704d05a474d5969aa0f8f2ea9
2023-03-28 05:57:23,False,0.3463,0.0002023,5820.0,1.17762,0x63...f1ad,https://etherscan.io/tx/0x22d7f85f128af5016630ded94789677fb8328faa76b656514171c7875342c3bc
2023-03-28 05:53:11,False,0.3476,0.0002031,576.321,0.117,0x04...9a95,https://etherscan.io/tx/0x571030933c58871642b53250b281e65fb80f65dabc21682b28e93f9b55e9ce49
2023-03-28 05:11:59,False,0.3481,0.0002035,2383.29,0.485,0x15...a5a6,https://etherscan.io/tx/0xf73d4b6ed30a4da7bbf4d31cdcffa00dfa6a71f9dbdacdfe3b9b0017e200a828
2023-03-28 05:10:47,False,0.3499,0.0002041,2910.0,0.5941,0xa5...75dc,https://etherscan.io/tx/0xf658c321d46d51a7e056b89add9d7e6a42cb9df9a6d4cb71f6f8d69e939dfaa4
2023-03-28 05:10:11,False,0.3542,0.0002066,16874.4,3.48748,0x75...5d97,https://etherscan.io/tx/0x1355a0837ce6dcea73c71f864c7336c9d40ab1a3e506099a9e63f9cc804ca7fd
2023-03-28 05:08:59,True,0.3599,0.0002099,952.524,0.2,0x15...a5a6,https://etherscan.io/tx/0x3165992763122b07305b26ffbdfa1685a681a521637b48831f781c68a221f862
2023-03-28 05:03:23,False,0.3573,0.0002086,291.0,0.0607,0xd4...00fa,https://etherscan.io/tx/0xeefa9a8510c1d37dbe78c46bb81204abdba8c6cc5880f5df23cba088622ef896
2023-03-28 04:57:47,False,0.3575,0.0002087,814.8,0.1701,0x8e...b4e8,https://etherscan.io/tx/0x334d7cca9ab5701a5f1bb6ddc52ea2206cc422653af05d0439fb8ca30ef9224b
2023-03-28 04:55:35,True,0.3598,0.0002101,79.1061,0.0166,0x32...5908,https://etherscan.io/tx/0xdaa7360cb370d749117c8fe9468034b04bcd58b701b920a869a0673e0be7bbd3
2023-03-28 04:46:59,False,0.3581,0.0002091,2360.01,0.4936,0xc4...de63,https://etherscan.io/tx/0x209733416605b0a8d587e94b1bd32b8150641deddc1cee9bcdef3723fd17c98f
2023-03-28 04:41:59,False,0.3597,0.0002101,4835.45,1.01592,0x67...50bd,https://etherscan.io/tx/0xfadc95a08d7dc4238ad49895a6ba6f347c1010c8bd8c7aa3f7652c4ec9b3ff4b
2023-03-28 04:38:59,False,0.3616,0.0002112,3582.31,0.7566,0x18...8bd4,https://etherscan.io/tx/0x9e7bcd22d7471228ffb2180d872f1fdd10fea0e585f7e0ef79890fced99b9483
2023-03-28 04:35:59,False,0.3645,0.0002129,9700.0,2.0658,0xe2...79fc,https://etherscan.io/tx/0x76cde8cb1fb32ba0e2603dbfd9225bdea416ef982f5dc4f97bac382aaf1de92e
2023-03-28 04:28:23,False,0.3682,0.0002148,4514.6,0.97,0x30...b2b2,https://etherscan.io/tx/0x6711b5797b88a0ded1ce2f7cdd7f9397456bf6454b1170ce41cf247a021c89ea
2023-03-28 04:27:35,True,0.3707,0.0002163,3073.51,0.665,0x1a...8ad0,https://etherscan.io/tx/0x81f382b834097de12eff94685a8e326e43d345d26158532bfc9026edb6df2207
2023-03-28 04:27:35,False,0.3683,0.0002149,1940.0,0.4169,0xad...4ef4,https://etherscan.io/tx/0xf5f39820f1765f7ea2605c8ab62b29bdb891dd18d57ef085ac47c492146dc52b
2023-03-28 04:26:47,True,0.3709,0.0002164,351.159,0.076,0x73...98ba,https://etherscan.io/tx/0x0a425714730bc361269c1ff68e4d98e12beb64b2c5cc7bed4d2d2c5c10cac9be
2023-03-28 04:24:35,False,0.3691,0.0002151,679.0,0.1461,0xdd...a06a,https://etherscan.io/tx/0xd107e1a1424054499f1fb7992430e03cfa70af8890a65266f67f5d075b81c716
2023-03-28 04:12:35,False,0.37,0.0002155,2328.0,0.5018,0xad...4ef4,https://etherscan.io/tx/0x51fb811a4e3bcff9b34f25c786cb5ead52b12eee93d18f15764f73cdbf7292bf
2023-03-28 04:07:35,False,0.371,0.0002159,444.752,0.096,0x71...ca5a,https://etherscan.io/tx/0x54b85af345bea41a0cc7c6d8cee16fb8f2f210eec44eaf4336bce15b9c742292
2023-03-28 04:02:59,False,0.3713,0.0002162,1455.0,0.3146,0xad...4ef4,https://etherscan.io/tx/0xc492b04a51de1d6fde1f2c327a7c4fc023332f027d3691931818aae1e4d87daa
2023-03-28 04:01:35,False,0.3751,0.0002184,14550.0,3.17815,0xe2...f48a,https://etherscan.io/tx/0x7ebcf00e55201c95de82fd00e12c5bcb9a37b075695399c118d9f3f68478d431
2023-03-28 03:58:35,False,0.3792,0.0002207,2418.61,0.534,0x10...bfc7,https://etherscan.io/tx/0x30a042814d687924d59cfd6f02477a0b1bb0ecaf2b292edb5196a88c9c85e3da
2023-03-28 03:56:23,False,0.3806,0.0002216,3473.83,0.7699,0x5b...ba4e,https://etherscan.io/tx/0x2576022df62214f7db0fe9ddb35d82ab3b14539d91a5e2e8c186d1f1adc39553
2023-03-28 03:56:11,False,0.3824,0.0002226,3664.83,0.8159,0x18...f4ba,https://etherscan.io/tx/0xc0de563e7a8bacebbaa7c8d5f280a4006fa5a43d9d35f2167177ae67eda3a5de
2023-03-28 03:53:11,False,0.3836,0.0002232,857.629,0.1915,0xd6...ef96,https://etherscan.io/tx/0x330752d6dce268856fe8e02da7e06a28392e705fd7d9549d29a27556c0575942
2023-03-28 03:53:11,False,0.3863,0.0002248,10085.1,2.26785,0xd6...ef96,https://etherscan.io/tx/0x330752d6dce268856fe8e02da7e06a28392e705fd7d9549d29a27556c0575942
2023-03-28 03:52:59,True,0.3872,0.0002254,15526.2,3.5,0x4b...49cd,https://etherscan.io/tx/0x182a03d36f85e794f00246dac269a47702b2894c79bd72f01ad1a532d7fcf959
2023-03-28 03:52:35,True,0.3822,0.0002225,4697.9,1.04533,0x2f...97fa,https://etherscan.io/tx/0x2c7cf9157a5e0670e3128e1a8e6c27caf663c401eb6b89dc25cfc06916abf17c
2023-03-28 03:49:59,False,0.3798,0.0002208,2619.0,0.5784,0x54...1ff0,https://etherscan.io/tx/0x39ede827a78713e7b95170bbadb84a16698d9e3f3071f489e123b0551e1ba2af
2023-03-28 03:49:59,True,0.3717,0.0002161,46260.5,10.0,0x47...8e39,https://etherscan.io/tx/0x5972867960cb203d66d25c534f53df88d64595fcbc04ce5c583f12b409742947
2023-03-28 03:48:11,False,0.3594,0.0002088,1392.92,0.2909,0xad...4ef4,https://etherscan.io/tx/0x24df80e9fa0e560fd6fc47e20df55a3e1a82a45f1657dd2e8bd0646756d35e13
2023-03-28 03:44:11,False,0.3607,0.0002098,5820.0,1.22112,0x38...5f9e,https://etherscan.io/tx/0x825d26edc831cc6b9d47c8b62ab7d04eb8e2468e664cb8f2397328282e822fc7
2023-03-28 03:35:11,False,0.3613,0.0002108,1933.11,0.4075,0xb2...2eba,https://etherscan.io/tx/0xf0a323f9f1b83bfcd1878e91509df612b24fd85e6896fd15b471f39e4933e941
2023-03-28 03:30:11,False,0.3616,0.0002113,2243.03,0.4741,0xec...d95c,https://etherscan.io/tx/0x5aa99817460f7d2be3a57303c7010e977b8a7e97dcffe847042db8fccd43da03
2023-03-28 03:28:47,False,0.3635,0.0002124,5820.0,1.23646,0x3a...6d03,https://etherscan.io/tx/0x6b4376fc1dd354502628b3d56e25d3138e9a882b5a6ee5581ef764c274f769dc
2023-03-28 03:23:11,True,0.3614,0.0002117,20499.1,4.34116,0x4b...49cd,https://etherscan.io/tx/0x23db00ddc0be276b9b56a03332a0b59e42758cea3b21c4823d47058db8324f34
2023-03-28 03:19:35,True,0.3568,0.0002089,1106.11,0.2311,0x3e...6493,https://etherscan.io/tx/0xa9d368b66618b64926949f6e596361187f2ae5ba7e7fda60434d5622a9a39877
2023-03-28 03:16:11,False,0.356,0.0002087,9295.26,1.94034,0x30...b2b2,https://etherscan.io/tx/0xc0455051f35dd3c69a868e49b598631d3de1695e00346e7cc8467c9c3a3211d3
2023-03-28 02:59:11,False,0.3589,0.0002101,1787.71,0.3757,0xa3...204d,https://etherscan.io/tx/0x959c0a6264d542b3fb982ea12c0f4712ab53eb46b890b5bcd8f9f5479fb255b1
2023-03-28 02:58:11,False,0.3599,0.0002106,1381.79,0.291,0xd6...ef96,https://etherscan.io/tx/0x82a46536097d610ce74d3bdb8d6098631fe071e681663b8453884373a12917f3
2023-03-28 02:45:23,False,0.3611,0.0002108,161.498,0.034,0x2c...a88e,https://etherscan.io/tx/0xe83bff039ac079cac867afb5be951b87ee87869962fa1a02c84f6962a3a564ce
2023-03-28 02:44:11,False,0.3625,0.0002116,5842.21,1.2362,0xb1...e0de,https://etherscan.io/tx/0xb1b0325154fbeb92d1a454c7f58030d93cb1eee79962c5ca7674758036c6991a
2023-03-28 02:43:59,False,0.3645,0.0002127,3120.23,0.6639,0x07...d38c,https://etherscan.io/tx/0x620cb32ee489f9469a74fc4407672fdc0a00a5f621782d0fd1886542ed430b61
2023-03-28 02:42:11,False,0.3666,0.0002139,5842.21,1.25016,0x76...2946,https://etherscan.io/tx/0x3246d60596a355e8b88c98381daf6ce31b2fbe242c39ca3bb6a313440f36b9ba
2023-03-28 02:41:47,True,0.3611,0.0002108,39370.3,8.3,0x4b...49cd,https://etherscan.io/tx/0x4430ad9051d0412f6663800b7b24e8f331c6a48400dd5d83eca6aa2d6aa12aeb
2023-03-28 02:41:11,False,0.3509,0.0002048,2713.19,0.5557,0x18...8bd4,https://etherscan.io/tx/0x91c03511392b482051b85a5feb2d04b49b5636c78a0fddf45b68da1477e8b643
2023-03-28 02:39:23,False,0.3524,0.0002058,5382.45,1.10795,0xc6...9570,https://etherscan.io/tx/0x1515c9cce3a44edbde6845ba41ad4275b35c10413a8bf8a34fed12bbb0353b74
2023-03-28 02:29:11,False,0.3551,0.0002071,4683.5,0.97,0x30...b2b2,https://etherscan.io/tx/0x5a57533b18ae78167ce93f1f4a12e3b786c45177784869a60639da24269aefac
2023-03-28 02:26:59,True,0.3496,0.000204,39215.0,8.0,0xeb...aa21,https://etherscan.io/tx/0x41ba482fe356787aacfe9cd969d7e3e43b08b2be77e856b7bd1e2a905eeb26c5
2023-03-28 02:05:47,False,0.34,0.0001982,1923.51,0.3812,0x34...ec30,https://etherscan.io/tx/0xb8596840488102b376d28a4236c1e8732f97c9fb238c19525490e568327dd208
2023-03-28 02:04:59,False,0.3414,0.000199,4874.42,0.97,0x30...b2b2,https://etherscan.io/tx/0xfb527dce4aff961c9a8fb7fe0b0977a59ae9adbb9e8c1b5bf54456884de2e067
2023-03-28 01:50:47,False,0.3429,0.0002,3249.6,0.6499,0x49...f683,https://etherscan.io/tx/0x85978fe22367ecfe1c07de5d4ed8167f3c741df79f802c699d319a71ba3004f8
2023-03-28 01:41:23,False,0.3437,0.0002005,940.9,0.1886,0x5b...086e,https://etherscan.io/tx/0xa96d8ce09cdec0313eba7b8726efe646fb06b67927c25a22d51619336e5d4ca3
2023-03-28 01:40:35,True,0.3455,0.0002015,2068.76,0.417,0xf5...dd4c,https://etherscan.io/tx/0xa0b98004f6543c1bef5942723b3572deb28320a44c5f89dcdf02c30f71e2f569
2023-03-28 01:29:35,False,0.3475,0.0002029,22521.4,4.56959,0x94...fd9c,https://etherscan.io/tx/0x49bfb8fe842af91942515ed35e2943127f239cbec4632fa7e8497a3dbb80e465
2023-03-28 01:25:59,True,0.3542,0.0002068,1000.0,0.2068,0x65...fbad,https://etherscan.io/tx/0x11de9d449a6a9171092c970098bd446071d53c1fd38d9c611b04200df3204e6f
2023-03-28 01:23:47,True,0.3537,0.0002066,237.098,0.049,0xab...86c7,https://etherscan.io/tx/0x41349a128f19b67a5da8e86a9f95a7d98d8f114c66e0db08fd42e4f714807bd8
2023-03-28 01:23:35,False,0.3521,0.0002056,2330.91,0.4794,0x34...ec30,https://etherscan.io/tx/0x00931d8c6d5a703a91637576b8650c0f73fcf9dd7172d4617b347ad16098fd5c
2023-03-28 01:14:35,False,0.3532,0.0002063,2844.04,0.5868,0xa3...204d,https://etherscan.io/tx/0x54576639ef9655bbe5f149532d64f4667ba36840a69ab36e712ada9c8f070b88
2023-03-28 01:09:23,True,0.3518,0.0002057,17057.0,3.51,0x0b...c9b2,https://etherscan.io/tx/0xef028cffca295b29e4cda6a89fb024c65eae8807d3731cf6bc99bbebaf6bcd26
2023-03-28 01:01:35,False,0.3466,0.0002028,3768.55,0.7645,0x49...f683,https://etherscan.io/tx/0xdb34358e78fd2a68e81a543607600232cb6ddb102606d642d30644b266a2b7ac
2023-03-28 00:59:47,True,0.3483,0.0002037,6805.83,1.38648,0x81...8a7a,https://etherscan.io/tx/0xae80dbe0a3b3cbb28c4e1d3a41df848fd03df94a5b801af390eca21ef3beb26a
2023-03-28 00:57:59,False,0.345,0.0002018,1152.41,0.2325,0x70...9284,https://etherscan.io/tx/0x8292a899aad824736d5d8e073729b191330d78fdfa79b5f93a6bb4a8339f0594
2023-03-28 00:40:11,False,0.3483,0.0002037,14811.8,3.01845,0xcc...c887,https://etherscan.io/tx/0xb3e078b8f95deb46b4daf135579a08f2cdfce2924c99f520a920874c8a90e815
2023-03-28 00:39:35,True,0.353,0.0002065,2905.4,0.6,0xb6...23bd,https://etherscan.io/tx/0x5475e939b2c8f928368b1d7181ae1ff893efff60e839bacd990bd40069ee7ec6
2023-03-28 00:38:23,True,0.3523,0.000206,565.244,0.1164,0xae...dc80,https://etherscan.io/tx/0x129d0114d656e8c97718ac0318bdcb01a4a6d946a5b3401f394042d7fa40c02a
2023-03-28 00:29:11,False,0.3513,0.0002054,5164.28,1.06083,0x59...a9c7,https://etherscan.io/tx/0x82b2db3c44f19bd3e647431297dcec7b545e10217b948b25860e9d1e239718dc
2023-03-28 00:27:23,True,0.3542,0.0002071,1448.5,0.3,0x0c...c436,https://etherscan.io/tx/0x4202994fc5fd06415bcce97c56d78d5a6d7c2d9fd9ad8b29f43e55bc215c5b2c
2023-03-28 00:11:47,True,0.3546,0.0002069,214.395,0.0443,0xbc...8983,https://etherscan.io/tx/0xb66536e41c5f59630e8979e202b394e49b3dab037c1a8373acd94a9a9f91e410
2023-03-28 00:10:59,False,0.3528,0.0002061,4248.7,0.876,0xc1...ba31,https://etherscan.io/tx/0xbbed8676e054564684d473e45dd68a93f7055c619355c34ced6535459ff252d1
2023-03-28 00:09:47,False,0.3538,0.0002067,504.4,0.1043,0x1c...3651,https://etherscan.io/tx/0x730bec89aa1fc5383b9b8ea1b8389b997e9ba1edb2a17a7d794e52c0e04dd776
2023-03-28 00:05:47,False,0.3545,0.0002072,2716.0,0.5627,0x48...716c,https://etherscan.io/tx/0x4b7ede834d0b9bde4ac79f7db0431fee2ffedf7effde2ed2ee61ec8751385c90
2023-03-28 00:05:23,False,0.3553,0.0002076,1018.98,0.2116,0xed...8c3d,https://etherscan.io/tx/0xd348dd1ed4363b0ca9a714a91e4d10adca860b498c0b2ed2b3de7001da07d6e6
2023-03-28 00:01:59,False,0.356,0.0002079,970.0,0.2017,0xef...5a95,https://etherscan.io/tx/0x4652220e3405206a88ad3c1e0390b8a976d8fbb619384515fe9464443450c6c9
2023-03-28 00:01:59,False,0.3585,0.0002093,10037.1,2.10147,0xef...5a95,https://etherscan.io/tx/0x4652220e3405206a88ad3c1e0390b8a976d8fbb619384515fe9464443450c6c9
2023-03-27 23:53:35,False,0.3616,0.0002114,5820.0,1.23063,0x1d...9572,https://etherscan.io/tx/0x51545dbbfa75577753e13dd75f98c0e2d0716454dfcfba677d9d95cd3c4ec21b
2023-03-27 23:53:11,True,0.3651,0.0002134,151.773,0.0324,0x9d...6f48,https://etherscan.io/tx/0x7f080bffd6b2519faef64f327f461d883fecd4364d706bc652ab55fc37cd81ed
2023-03-27 23:51:11,True,0.3647,0.0002133,1125.15,0.24,0x8d...7255,https://etherscan.io/tx/0x9e9f769a12fee0d9b07809dfa216f6a62b4b70768edc12edb4b62dac55f4cc51
2023-03-27 23:42:47,True,0.3639,0.000213,602.801,0.1284,0x87...90bc,https://etherscan.io/tx/0xa34b0842996af285e0c113151629acc2cfd6fa14ad9cba01d2370e81991d58bd
2023-03-27 23:42:23,False,0.367,0.0002148,23280.0,5.0017,0xef...8f29,https://etherscan.io/tx/0x2226ce2c9add131df57c527a0fd1edb47bb51e193109f303773f8cd8d41fd42a
2023-03-27 23:37:59,True,0.3714,0.0002172,15005.4,3.26,0x28...9454,https://etherscan.io/tx/0xee0b8bfefe2042d894b7a451a28bf32fe5135186112549446ce217b38cfbaaec
2023-03-27 23:21:23,True,0.3669,0.0002147,3692.03,0.7926,0x5b...ba4e,https://etherscan.io/tx/0x7aaeb8a86f76e3ca111fb59deba374fe34a3f5c3cecd6d7879bbfadd9c3cc238
2023-03-27 23:18:47,False,0.3643,0.0002132,2092.96,0.4462,0xb1...f036,https://etherscan.io/tx/0x58a20c53db7bab3ddf0927d57148fef919d2e15ab9b20b06ab0b0d3914c6ba46
2023-03-27 23:17:59,False,0.368,0.0002153,13470.6,2.90029,0xf4...f8d9,https://etherscan.io/tx/0xe0ef0e3278dfca3de0bb273dd8a5f73cb6988cf67477dcbc048b8181b2ee0321
2023-03-27 23:07:23,False,0.3722,0.0002175,2883.02,0.6271,0xa6...ffc3,https://etherscan.io/tx/0x0d76109e0192f2251c1dd0ca3ab0214236be1258d072acbf6a1333273fda2ecf
2023-03-27 23:06:23,True,0.3744,0.0002192,220.271,0.0482,0x8d...cc5e,https://etherscan.io/tx/0x89037c78b7edb9e2b15b3983ee72d95d834cf8777df8520babc29f8f4dab9c31
2023-03-27 23:06:23,True,0.3742,0.0002191,238.357,0.0522,0xc7...a34b,https://etherscan.io/tx/0xfc82ab0a34808c290fe1cdc44ab47978bd6d755260693e34c0a9148473a5c286
2023-03-27 23:05:35,False,0.3728,0.0002184,4734.8,1.03438,0x76...7c84,https://etherscan.io/tx/0x38975471b4ad053f8c36a8cf2d016c1309bdcc5673a56b259ed635c667f88a00
2023-03-27 23:03:23,False,0.3753,0.0002199,5760.91,1.26698,0x76...98d3,https://etherscan.io/tx/0xcf56be4e7d8ce4725e1d4421b3c03eda59d5f339f9fb8005e69d8658e782a445
2023-03-27 23:02:11,False,0.3772,0.000221,2069.98,0.4575,0xc5...ba47,https://etherscan.io/tx/0x9bc13238d9d8961b84ea34fe740cd5d370de9356fdc3bfe6d2f0c695385a20b7
2023-03-27 23:01:35,False,0.3779,0.0002214,843.9,0.1868,0xa8...4ac1,https://etherscan.io/tx/0xae3171890dd873b3be7ef2aae39fb46317a24b8bb1288906f6bc655f0e26d7c5
2023-03-27 23:00:47,True,0.3802,0.0002227,897.802,0.2,0xa8...4ac1,https://etherscan.io/tx/0xc23c692e813d3b95cb79cfb8500549546fb63aab883bf08c159876b6baf568c1
2023-03-27 23:00:11,False,0.3795,0.0002224,7803.56,1.73563,0x9c...535a,https://etherscan.io/tx/0x93150a2dff51b49e5ccc33f58c99a376de4aeae700ec772d60246c7bbc8aede4
2023-03-27 22:53:23,True,0.381,0.0002235,8945.12,2.0,0x78...3be2,https://etherscan.io/tx/0x2cac929a98bed782777fdb723dc03bd1d5a489128fbbca08d006132fc78b808d
2023-03-27 22:52:35,True,0.3787,0.0002221,900.181,0.2,0x4c...be81,https://etherscan.io/tx/0xe316ef2267f8775cc1cc9c45914a4cc2c71a42c7b0d22ccfbcdce841e3830e6f
2023-03-27 22:48:23,False,0.3772,0.0002212,3945.58,0.873,0x30...b2b2,https://etherscan.io/tx/0xfe5354beee869d8064d04573243ad6f7150fa5f2de6b354248369e7df0d31ce3
2023-03-27 22:47:35,True,0.3801,0.000223,1000.0,0.223,0x17...d926,https://etherscan.io/tx/0xac3a8871518c733b4c0782a7507aeafb5fac8ac37ec3e1a401e1181fd15e6cb1
2023-03-27 22:45:11,True,0.3798,0.0002228,440.784,0.0982,0xbf...54ef,https://etherscan.io/tx/0x24be254f23f72505dc7f2d2b0e99a5cea1ba60bab4b2d44924cca90d7daef936
2023-03-27 22:43:23,True,0.3794,0.0002224,2382.88,0.53,0x03...569a,https://etherscan.io/tx/0x136612df122f6a260d7e579aacbc107f3afce3c5683297fe9836ebe663f72548
2023-03-27 22:41:23,True,0.3786,0.0002219,901.093,0.2,0x80...4bef,https://etherscan.io/tx/0xdefd260aac25ba86535c0882c9c1d7a0c90034ad4b5ad5601e625865a46c62b7
2023-03-27 22:39:23,True,0.3782,0.0002217,496.044,0.11,0xac...2f3e,https://etherscan.io/tx/0x218bc5bcec496685cf3305090267f398ccdeb326a09e3f876dad0eb35397ad55
2023-03-27 22:34:47,True,0.3718,0.0002177,28104.4,6.12006,0xd6...d6a0,https://etherscan.io/tx/0x7bbca234b36fe6e4c198fab7d84b430fae7bc3bc0cb38b83a7721a50cd52aeaa
2023-03-27 22:27:35,True,0.361,0.0002118,15577.6,3.3,0xec...78b9,https://etherscan.io/tx/0x2e8ad908059c15aabec8972aecc6f509e16c219328d0b725017963f2ec134d16
2023-03-27 22:21:11,False,0.3556,0.0002086,929.778,0.194,0xd6...ef96,https://etherscan.io/tx/0x2da97814004ccdf3b548fb0d9adac0e32ef51da557b1526c41694e92b04bc93d
2023-03-27 22:15:11,True,0.3573,0.0002097,2111.96,0.443,0x95...03e8,https://etherscan.io/tx/0x984773af50ba82318d0434d410974e059b7e44e6754b6d918a58b03d86eda7ed
2023-03-27 22:12:35,False,0.3545,0.0002084,1746.0,0.3639,0x5d...0aec,https://etherscan.io/tx/0x574b586fd381416cf1691f28307b7d817adf6bae42accc15c676dc544b61ac1c
2023-03-27 21:59:47,False,0.3553,0.0002087,242.5,0.0506,0x6e...9217,https://etherscan.io/tx/0x6bf5b61f464b17af1560c2dacf4392fae6e6e58681f6c24d96fb4ff392da9eff
2023-03-27 21:59:11,False,0.3559,0.000209,2522.0,0.5272,0xf1...b342,https://etherscan.io/tx/0x74894bbec15ee28bca886edac8fd32ea0fcd9205d36f6e79128eb6dbc83a204c
2023-03-27 21:59:11,True,0.3578,0.0002102,3364.02,0.7071,0x9f...6640,https://etherscan.io/tx/0x32ddbb58bf1c8f35dedb6240882717c25d220af9bdf5295972e609323f896037
2023-03-27 21:58:35,False,0.3556,0.0002086,778.803,0.1624,0x14...5239,https://etherscan.io/tx/0x8e80c739dd14a7b782863728e788a86110dc2f9d46f428bf4449c11a68f99b4b
2023-03-27 21:57:11,False,0.3578,0.0002096,7129.5,1.49472,0x21...3447,https://etherscan.io/tx/0xbec51a5dbb36412530bc44a61536847481a03fa0bf15dbacbdfefa3e59a33fd7
2023-03-27 21:52:11,True,0.357,0.0002091,20507.2,4.28939,0xda...b228,https://etherscan.io/tx/0xb8e964d5b7a939d8f2e627d9fc71fb7e350b76c410a92e62e092431c6a29cbb3
2023-03-27 21:51:23,True,0.3523,0.0002063,981.245,0.2025,0xaa...9123,https://etherscan.io/tx/0x63d77b5bb52d09fa7c0ed9e713dc2b0e8bb149387870c6e68838a2e8d38639b0
2023-03-27 21:49:47,True,0.3484,0.0002041,17120.8,3.49451,0xda...b228,https://etherscan.io/tx/0xc547cfc454976a71a38a81c8eadb44d4f9c04a53d46975c9d22bf8fb98447566
2023-03-27 21:43:11,True,0.345,0.0002018,1414.03,0.2853,0x6e...b651,https://etherscan.io/tx/0x979699d0b44d773718f48eaa50f23ce6778502b14714784e7067ab87b8d5a268
2023-03-27 21:36:59,True,0.3454,0.0002015,932.609,0.1879,0x99...04de,https://etherscan.io/tx/0xd92bb4201bf0ef9aba3df4ac57aa6aee8e29fe3c1d00c03cd9618cdbe5c20a3a
2023-03-27 21:36:23,True,0.3452,0.0002013,397.315,0.08,0xb7...22bd,https://etherscan.io/tx/0xb50e2d4633f3f3291baf0dc276d40c7d855fb1ec2a6b18ab0b340a303041e071
2023-03-27 21:35:47,True,0.3452,0.0002012,412.418,0.083,0x40...0c50,https://etherscan.io/tx/0x73a59d588019f42e4a3d90edd9b62b1a0a4a35ea4f2800aa0f2d5ee4d97c73ff
2023-03-27 21:34:11,True,0.3449,0.000201,1492.4,0.3,0x16...45c3,https://etherscan.io/tx/0xd91ee755f959f1479894d3401197e87b47336ac7e9be4093af5e3ccad0f190c4
2023-03-27 21:32:47,True,0.3447,0.0002007,413.377,0.083,0x29...b45c,https://etherscan.io/tx/0x53de3938e3d53efffa668aef38a9dc0b0f265581d3126725d5fde8b5b86cd063
2023-03-27 21:30:59,True,0.3437,0.0002001,4996.88,1.0,0x57...2046,https://etherscan.io/tx/0x8927fe0b655aa87b9d937660cc23070522afd95922790524d89f3442d1dc0bcd
2023-03-27 21:29:11,True,0.3426,0.0001995,105.26,0.021,0xd1...d420,https://etherscan.io/tx/0x0073c747c5dd675a1c7a05899d26517523ec001abdf218fc1cb7144239540fde
2023-03-27 21:26:35,True,0.3418,0.0001992,2200.0,0.4383,0xc5...ba47,https://etherscan.io/tx/0xc92159e29ca481c1e7b8846a25fb92351be49bf95a58fb5683e5c2b42349187f
2023-03-27 21:25:47,True,0.3403,0.0001984,4637.03,0.92,0xbe...91a7,https://etherscan.io/tx/0x51e2a15ef99e7eea5b97d6097c6c97fda10044a9ec8062f94615fae51bb20702
2023-03-27 21:25:47,True,0.3393,0.0001978,202.201,0.04,0xd1...d420,https://etherscan.io/tx/0xbc7c370767bb458c47b4eed38768f128f011445348abcfee11348f6fca076d42
2023-03-27 21:24:35,True,0.3391,0.0001976,1021.87,0.202,0xe4...d0b3,https://etherscan.io/tx/0xdd3f93d11d2a7c8b4c82627459616d01a0270d34f4ef67a8a088c3b1df11a67c
2023-03-27 21:14:59,True,0.3385,0.0001974,947.115,0.187,0x16...45c3,https://etherscan.io/tx/0xc5c6acc0a3b167de54b3c37e7505432aef4984252da9b3aaed8d03b741fbe8a5
2023-03-27 21:12:59,True,0.3381,0.0001971,1217.14,0.24,0xac...f7c7,https://etherscan.io/tx/0x104be25b6ae26e481301a399f16e28c9522778f39eb30449557a22b3515055ca
2023-03-27 21:11:59,False,0.3363,0.0001961,2211.8,0.4337,0xd5...2a9b,https://etherscan.io/tx/0x064f303dc567f9171b4030c17df481ddc8cff268a6c9e8f5b62c166fee32cb48
2023-03-27 20:54:23,True,0.3387,0.0001973,2128.62,0.42,0xd3...e7a8,https://etherscan.io/tx/0x6ae1429a1178fefbcb6bc21782d7a277b30476c0179ce864e7951913a03f2118
2023-03-27 20:52:59,False,0.3383,0.000197,9700.0,1.91117,0xe2...79fc,https://etherscan.io/tx/0x8d51176acd6f51968a93b17f4192912afc517ec3dc34e069cd16d093d653d1b3
2023-03-27 20:52:11,True,0.3422,0.0001993,450.174,0.0897,0xfd...b64c,https://etherscan.io/tx/0xee70f372e6ae7b6d2a062b6c706a3fc3597115aacffc0fe60f9542e2e297c2a7
2023-03-27 20:43:47,False,0.3401,0.0001981,194.0,0.0384,0x7e...8081,https://etherscan.io/tx/0x30d39d3d001d1e596fedc4471792eae3caed53b797735bdd9b6a8c9e4d9c5844
2023-03-27 20:43:23,False,0.3403,0.0001983,1466.64,0.2908,0x94...191a,https://etherscan.io/tx/0xc677ef5c16dc3ef7986227093af7038b956653a6ac666a27dd80c85cd89538f1
2023-03-27 20:42:11,False,0.3413,0.000199,4855.79,0.9665,0x21...a034,https://etherscan.io/tx/0x1c2c754cd7360364bae73ca9352665b34590b71815d31214b63073ffec1cbe10
2023-03-27 20:40:23,True,0.3437,0.0002005,2193.63,0.44,0xfe...91c7,https://etherscan.io/tx/0x9ff8c10b58a52f33cdfe4bc9eb5c99321f255b45ab668f66b10748d60f774d28
2023-03-27 20:38:11,True,0.3402,0.0001985,14600.0,2.89879,0x3e...cbd3,https://etherscan.io/tx/0xf3ba5eb12e0804faf00c7b06ec79fd0941abdabc4edff178b6b753b902cd4006
2023-03-27 20:35:23,True,0.3371,0.0001967,762.539,0.15,0x33...4ad7,https://etherscan.io/tx/0xa6396053dabb64aacb08507a437774b225f335003d6887a0aa4df3f5ab9ba019
2023-03-27 20:27:35,True,0.3321,0.0001937,24515.7,4.75,0xc5...fc9b,https://etherscan.io/tx/0xb10ab3970a4cae42be3581ae2f3a1545296b4ce796d9a80a7b66377c57f22781
2023-03-27 20:22:23,True,0.3272,0.0001908,576.99,0.1101,0x87...4fe6,https://etherscan.io/tx/0x42aa521bcd40e02e6d0d59da975185ba9b10c89b39161e5bc00e7c887c31ea75
2023-03-27 20:15:35,True,0.3261,0.0001904,3150.45,0.6,0x4a...b395,https://etherscan.io/tx/0x7fe9c457ff3e3b7ffc44ee9376a84ebb7a4d6414921cbd44df97ac0125b96af9
2023-03-27 20:14:11,False,0.3247,0.0001896,5968.18,1.13172,0x34...5ff8,https://etherscan.io/tx/0x6029f672e14dc5f292ebc4af926f9c51b5bdfc32ed0333a64150326e13255961
2023-03-27 20:12:59,True,0.3249,0.0001897,14754.4,2.8,0x41...3036,https://etherscan.io/tx/0xee3077802402a0bab26947ee7af39e34e1d12b9db5945f5267b56884def35a35
2023-03-27 20:05:47,True,0.3208,0.000188,1142.61,0.2148,0xcd...f363,https://etherscan.io/tx/0x9096dd9e6a36e6d65f95478914061a3c548bb7f0606acae550b840ad194133b3
2023-03-27 20:00:47,True,0.3203,0.0001876,1971.71,0.37,0xaa...285d,https://etherscan.io/tx/0xae4f9ff3c828f5012a2fdbb8e66337444f30004d55d57f8fa24f53c9e028fb74
2023-03-27 19:59:35,True,0.3197,0.0001872,1334.83,0.25,0x3f...7985,https://etherscan.io/tx/0xa3bf20baf0656bbe95f4c2eddf69e65587653da274dc7a8729230a19058d358e
2023-03-27 19:58:47,True,0.3194,0.000187,801.907,0.15,0x9b...c0f8,https://etherscan.io/tx/0x766d291cebfe40b711812f900dfc3fc2d090a0a62553cb9c51021c0cefe7934b
2023-03-27 19:57:35,False,0.3177,0.000186,1552.0,0.2887,0xad...4ef4,https://etherscan.io/tx/0x0cc611ccba59f6bc90aef9064b24b63babb95068f6298f888c05543060aa31ab
2023-03-27 19:50:47,True,0.3201,0.000187,2673.62,0.5,0xa1...8838,https://etherscan.io/tx/0x18bc1d3f5970e26da72e8637fb4ef35f3083f9777a963e244ac1570282404e35
2023-03-27 19:48:11,True,0.3197,0.0001867,206.897,0.0386,0xc0...e189,https://etherscan.io/tx/0x3d67097c5948268f30015d8374f51119c287a036e080c96d2acff0302ee6f2ce
2023-03-27 19:44:23,True,0.3188,0.0001863,2682.7,0.5,0x51...5723,https://etherscan.io/tx/0x95167bb102d731d1107baaa7a37953b7bd5bbb33e3dc832ea095cddce2575ece
2023-03-27 19:43:35,False,0.3185,0.0001861,10518.5,1.95769,0x12...574c,https://etherscan.io/tx/0x7d3ca7a531ccc8121b897f81c50602f62ce16cd4c82156c9f750c843e539be0d
2023-03-27 19:36:23,False,0.3254,0.0001899,24250.0,4.60707,0x42...254f,https://etherscan.io/tx/0x7def496290f5eed28e241e933a022e4cfc546eca01d5a128d0b68c0171060653
2023-03-27 19:36:11,True,0.3323,0.0001938,61.8934,0.012,0x76...b976,https://etherscan.io/tx/0x29f9fece3381bd277ccad79a0ebf498dfc0cd81f5cd800e62d7cd27a72d77db5
2023-03-27 19:34:11,False,0.3302,0.0001927,514.1,0.0991,0xd5...a63c,https://etherscan.io/tx/0x3c73b76e5088656d996b459616bb0123014dca2ca7426fbeaf2bdad496591060
2023-03-27 19:04:11,False,0.3317,0.000193,2019.54,0.3899,0xb3...e62c,https://etherscan.io/tx/0x776b57db673c4830842cd65e58d48f2beb090d1d078ec4a5aec50b5e8205076a
2023-03-27 18:51:23,True,0.3338,0.0001943,771.715,0.15,0xef...5a95,https://etherscan.io/tx/0x93dcc51b676c7574ea42bae13effd8427a54a64f632aa748ea5a1e4fce56aae0
2023-03-27 18:45:35,False,0.3317,0.0001931,243.312,0.0469,0xbf...54ef,https://etherscan.io/tx/0xe559aa1302dd358e1fa3a6c68587ce9e6716faf8d7a3ab006734aea17d36022a
2023-03-27 18:45:35,True,0.3338,0.0001943,25.7286,0.005,0x79...40a0,https://etherscan.io/tx/0x794c6a9a3e0ced0194ac55f2bec4b2456b6c88b4d521b3a8493caa3117e94762
2023-03-27 18:42:59,False,0.3368,0.000196,24250.0,4.75331,0x42...254f,https://etherscan.io/tx/0xfda61df8f4b9f709df1a766e2c306ba7e29f37e56f58be6068e20b2abd625979
2023-03-27 18:42:11,True,0.344,0.0001999,1250.4,0.25,0x9b...c0f8,https://etherscan.io/tx/0x9fda0e59be8cf01a1c11f13f0cbcd693d0f2c4a36ff1a600cfb40b41d8323bcc
2023-03-27 18:40:47,True,0.343,0.0001993,3511.25,0.7,0x63...c596,https://etherscan.io/tx/0xf07008401fd5a8abf672bd0689f87d0ad11fb8aa3516aca101a705b5f9c927c2
2023-03-27 18:34:35,False,0.3406,0.0001978,485.0,0.0959,0x5a...9699,https://etherscan.io/tx/0x8d4123717fa703736021417e94b75c60cfa715631e755d77477bdc31e84160dc
2023-03-27 18:33:11,True,0.3396,0.0001972,15210.7,3.0,0xb9...cfcc,https://etherscan.io/tx/0xc35426b88b793e8c5776d2b448ca3ff9334a9920be30cdd8892396f1ac3e9dc2
2023-03-27 18:14:23,False,0.335,0.0001945,2619.0,0.5095,0x48...716c,https://etherscan.io/tx/0x38083b312c31f0680353af0831485eeebf97446676b348dc5bc478bf150e8177
2023-03-27 18:13:23,True,0.3373,0.0001958,1327.29,0.26,0xf3...cab2,https://etherscan.io/tx/0xd7cd9b4a512025e18aa98d5c53bc2ae6d64af7e3e7a7eb8a690124b162e142b9
2023-03-27 17:52:47,False,0.3341,0.0001951,4850.0,0.9463,0xbe...91a7,https://etherscan.io/tx/0x750300a6ec3994e60478c5703b363685494174c1b5f692269e5a1c0912df2c85
2023-03-27 17:51:47,True,0.336,0.0001964,4007.27,0.787,0x87...857f,https://etherscan.io/tx/0x88f493ec7dd64b0fcf9e49b3dd1ba5ec76ca79e67974fba8986302314012c7c5
2023-03-27 17:38:59,True,0.3345,0.0001958,517.79,0.1014,0xcf...925b,https://etherscan.io/tx/0x9f1eea3f6ce4afa026718a22fd8b5bf4a18daae1a1512293c594920290838a0e
2023-03-27 17:34:59,False,0.334,0.0001954,6790.0,1.32696,0x58...c2ff,https://etherscan.io/tx/0x1ab2b276f7db1aaabbda03b1665e8dad5c9d8accf1cb219b2ad8af7c5b23e022
2023-03-27 17:34:35,False,0.3354,0.0001962,436.5,0.0856,0xe2...3ab9,https://etherscan.io/tx/0xa154ff744e7f38eb163e99e399034cc1d5fecaf47af19e3abe8cf276da736267
2023-03-27 17:22:35,False,0.3357,0.0001966,2910.0,0.5723,0x2e...db2e,https://etherscan.io/tx/0x0ae669daaa04906a0ac2bfa0ca1db97aca93737ae857e9a172bd461b090eeb5a
2023-03-27 17:21:59,False,0.3373,0.0001976,4850.43,0.9584,0x37...fd0d,https://etherscan.io/tx/0xe0011378bc5655d7da354a0eb570e034a084a3d48b5fef75d9cb06c7cd9a3e57
2023-03-27 17:20:47,True,0.3372,0.0001979,12126.5,2.4,0xd4...40b3,https://etherscan.io/tx/0x925f19e2e3d7bbae71438be937256d3bf5801a84e47efb0bddcf41902f432ad6
2023-03-27 17:17:11,False,0.3328,0.0001955,2282.31,0.4463,0xc1...f7fa,https://etherscan.io/tx/0x0a0133e831c9226229a831381aed63899bcde2b2049a5a61012702c5445dc02d
2023-03-27 17:13:11,True,0.3336,0.0001969,761.735,0.15,0xf8...c445,https://etherscan.io/tx/0x48c2a6ceceee785d0f260024df85c332057272804324c760254dd999fdf0b793
2023-03-27 17:11:11,False,0.3313,0.0001959,2910.0,0.5703,0x2e...db2e,https://etherscan.io/tx/0x4f1b50be6a295d5ad6cba00f9829bc741e4648bc60966dba05f505e26f27835a
2023-03-27 16:57:47,True,0.3436,0.0001975,151.898,0.03,0x89...5ddc,https://etherscan.io/tx/0xb9cdb31ee7eaed0c5a7f27fe5e0463cb1190d7532f3868ff60aab161b4f4a544
2023-03-27 16:56:23,True,0.3431,0.0001974,366.107,0.0722,0x0c...c436,https://etherscan.io/tx/0x84afc9b7bd8cf470077246310fac50f957c0d5727e44ac7f81dbd0361d2ae42a
2023-03-27 16:49:11,True,0.3433,0.0001972,1419.69,0.28,0xff...8642,https://etherscan.io/tx/0x111489639d01388a538fa094df53d0a61ad7c13e52d99d1f2ed3aba234bb4ef1
2023-03-27 16:43:11,False,0.3409,0.0001961,1927.98,0.378,0xed...9b54,https://etherscan.io/tx/0x490a52a0df039fde06e0433d3baa944285b4735806c2d273b9ceb0c9c419cebf
2023-03-27 16:40:35,True,0.3428,0.0001973,1736.12,0.3425,0xff...5dcd,https://etherscan.io/tx/0xaf2117ab4c9d2ecfc32b41238c8d767de999d45f319fad1dab6402074e83dda6
2023-03-27 16:31:59,False,0.3407,0.0001966,5702.55,1.1211,0xf0...667e,https://etherscan.io/tx/0x6f6fcec2c26827eb566ee2f23d223dbeb065068bbef5923ea81f4f44d7b81ee0
2023-03-27 15:56:47,True,0.3474,0.0001977,5661.14,1.11967,0xa3...f039,https://etherscan.io/tx/0x273b84ce25f3816b5e87155f664fc70e50b0f4659347e1caa1ef865bdcedaa7c
2023-03-27 15:51:11,False,0.3453,0.0001959,384.191,0.0752,0x2c...0ba5,https://etherscan.io/tx/0xe96df23a327f1518973a7574b54cf0200e410ab7e042b00316f831c09a9a7e47
2023-03-27 15:50:35,True,0.3472,0.000197,887.907,0.175,0x95...03e8,https://etherscan.io/tx/0x6459595a66f4d78459ed09cc384000cea623f12a38ec30ba91c61251fddc98d4
2023-03-27 15:39:35,False,0.344,0.0001962,3867.64,0.759,0xaf...b8a0,https://etherscan.io/tx/0xdcd24f69a532712ae1879debbb431c7dd3833f409918867d3f542cfa9fe90085
2023-03-27 15:37:11,True,0.3441,0.0001961,14784.6,2.9,0xf8...b12e,https://etherscan.io/tx/0x3ef42054bb86a7228c6862932e027e873ed66e88f5fc806ab44e998444ed7eb2
2023-03-27 15:33:23,False,0.3395,0.0001933,612.246,0.1183,0xef...fe45,https://etherscan.io/tx/0x62073ef195973142f8c451bf5c7f4246a3e868160af18c9ff3aba42bfcccdf2b
2023-03-27 15:20:35,True,0.3406,0.0001941,3244.43,0.63,0x27...3c7e,https://etherscan.io/tx/0xb45245c056bb1bf43e7e223b7449665b4c2937d3cf6d301ff078f456b26c5299
2023-03-27 15:17:47,False,0.3382,0.0001929,2313.15,0.4462,0xb1...f036,https://etherscan.io/tx/0x9916614963b8a1ffb6204cf24aad5ad0db17e203c9f283e10e19ec28b971194e
2023-03-27 15:10:59,True,0.3407,0.0001943,77.3974,0.015,0x12...34f3,https://etherscan.io/tx/0x823a43f7ddcb5ce9428171494aa6a76bc9eaf3a727a82e40368b06738145de3d
2023-03-27 14:57:23,False,0.3392,0.0001934,2177.88,0.4212,0xe5...e7f2,https://etherscan.io/tx/0x68b9f9ddb48115b5ff2bfeab0f2abff15438b5c889fbe57bdfa21159f537ac58
2023-03-27 14:54:23,False,0.3404,0.0001939,2512.3,0.4872,0x29...fac3,https://etherscan.io/tx/0x8b2726604c1d20e17da6db2c17fed590da0cd9cf326df1952edfd3d4abf484d0
2023-03-27 14:47:59,True,0.3415,0.0001943,8800.34,1.71065,0x79...d355,https://etherscan.io/tx/0xe605ebdda777e0628350f11b26cd94b7bad625cb800627e54d9b8b48a29251fb
2023-03-27 14:47:23,False,0.3417,0.0001943,18818.0,3.658,0x2e...832c,https://etherscan.io/tx/0x9cd5efd551ca41eef940956309254ea7ed452e3f791cd344cf94a35dbd1c3fce
2023-03-27 14:43:59,False,0.3464,0.0001968,1940.0,0.3818,0x1e...010f,https://etherscan.io/tx/0x78529f860fd3604dfa8e1791b6257d25bfd3d0b739dd7f2f120e5ba5546c26dc
2023-03-27 14:43:35,True,0.3488,0.0001982,307.804,0.061,0xe8...e733,https://etherscan.io/tx/0x6d6cfe2c1cf894a1972c5b8d5f4f6f297f705fbac5a1e2f5276c5ff3bca91021
2023-03-27 14:43:23,False,0.3487,0.0001981,9700.0,1.92195,0xe2...79fc,https://etherscan.io/tx/0xbbe6cef9c202f6e75cd0e5f883e4c25fb1c223bf7ffb82b83205286e6ac9ba92
2023-03-27 14:37:59,False,0.3513,0.0001995,2020.53,0.4032,0x07...3bc0,https://etherscan.io/tx/0xdfb8bd6599d184b4e7a6237f7bc42fa14ad5ed070a63e8986ed3d7745cc0cbd5
2023-03-27 14:36:59,False,0.352,0.0002,1939.32,0.3879,0xa7...c999,https://etherscan.io/tx/0x27235b49cb770477a6cadbcff7e6f3544344e8efc01f5bdd8fb14ea2a06fb49d
2023-03-27 14:30:47,True,0.3551,0.0002013,700.0,0.1409,0x5f...0bde,https://etherscan.io/tx/0xece05678d8675bf1551e868e3a92c5be35d796cb5a9d5c469eaad904d7b4793e
2023-03-27 14:24:59,False,0.354,0.0002007,5480.5,1.10029,0x20...a1aa,https://etherscan.io/tx/0x9abb4d76a68ce6511dbc81ae4f48e3d478588b9fc32a222b12d78f223ba76aaa
2023-03-27 14:23:35,False,0.3553,0.0002014,144.138,0.029,0x79...e1f0,https://etherscan.io/tx/0xcd45b2b6e6aeca5c48173e78d714fdc75cfbdc0a5b64ab3a8603a55a280be046
2023-03-27 14:23:11,False,0.3554,0.0002015,292.394,0.0589,0xfd...bb0d,https://etherscan.io/tx/0xe7309002265b339d4088fef31964c5d56445cc93dbd9a920a3f50054cac51ff8
2023-03-27 14:11:35,False,0.3559,0.0002016,963.677,0.1943,0x63...0c83,https://etherscan.io/tx/0x8ab3082031f5c0b2e54451b35407205d2d1fe876b42a041447b04c960b9a0959
2023-03-27 14:09:47,True,0.3568,0.0002021,6672.68,1.34901,0xb8...0a69,https://etherscan.io/tx/0xd52d15d36d61c5a1fd14b54040ec862241727e91a6e4f7e5d6cbadc415190126
2023-03-27 14:02:59,False,0.3534,0.0002001,166.421,0.0333,0x72...fada,https://etherscan.io/tx/0xfdcbd030f55ee79aa8b8178a98644652f37cc52798c23028e2d9c16dd97c2fbe
2023-03-27 13:51:11,False,0.3539,0.0002005,3278.7,0.6576,0xc1...ba31,https://etherscan.io/tx/0x4a0ea072126d1bb9072a369e3f9f4c12227fea7930aad3bcb56beb32b849c4a8
2023-03-27 13:45:35,False,0.3559,0.0002016,5044.0,1.01688,0x64...9304,https://etherscan.io/tx/0x109b13fc7fecb07edff6fbd6149b51e5a79206a1573e1aed843e9062bd3662ac
2023-03-27 13:38:23,False,0.3602,0.0002039,13517.0,2.75626,0xb5...9276,https://etherscan.io/tx/0x32c7e5f897b7546b67bdd07434364f005089cf87628be612dcdec06a843a600d
2023-03-27 13:37:23,False,0.3639,0.000206,3169.09,0.6528,0x18...8bd4,https://etherscan.io/tx/0x9455dd56c29bc44e61e6ddd41bd2c8122b8c1c73c75dbbe1e95c81df2434faf7
2023-03-27 13:33:47,False,0.3649,0.0002065,970.0,0.2003,0x58...71c6,https://etherscan.io/tx/0x655392550c847eb5faff9f388df6147a65502cc0c00bf602daa05268c8d99df2
2023-03-27 13:31:35,False,0.3653,0.0002067,970.0,0.2005,0x7c...fec3,https://etherscan.io/tx/0xdc54ff3ba573e152d1fe68e51ffe58be0fd08fbf829487caf55d17de8667e221
2023-03-27 13:27:35,False,0.3661,0.0002071,1455.81,0.3014,0x5c...cb43,https://etherscan.io/tx/0x15486a0f92fac6b74f3cfd882c06ce93fad033ca12b0bc30ec04b86800916908
2023-03-27 13:26:35,False,0.3673,0.0002078,4109.99,0.8541,0x80...9c97,https://etherscan.io/tx/0xa1cbdd570087b435aa0184829367fa3a0e2bbbb59c9b46ea418701d629811c00
2023-03-27 13:26:23,True,0.3703,0.0002094,795.312,0.1666,0x60...5af4,https://etherscan.io/tx/0xaf43a1938f8d52c1c2ad73c1c6394d4a4d5b8653b3a1128281fa5b2fad296e5a
2023-03-27 13:15:47,True,0.3697,0.0002092,1290.5,0.27,0xfc...a44e,https://etherscan.io/tx/0x884c15e41d2d8ce9c2a2ea9add2fbbd61c8170bfa875541987f51445ea19a0cb
2023-03-27 13:14:59,True,0.3693,0.0002088,1444.95,0.3018,0x60...5af4,https://etherscan.io/tx/0x3da92b09d8aadeddb78430e9848c934ebe0f56dfdc57dc2b74dc015d8bd913ef
2023-03-27 13:14:23,True,0.3687,0.0002085,900.0,0.1877,0x85...818d,https://etherscan.io/tx/0x29ab402d7eaf79a1b8e74ab858388b5f9550d87018a65605d8fab1c570ff4883
2023-03-27 13:13:11,True,0.364,0.0002057,20896.9,4.3,0x50...75bb,https://etherscan.io/tx/0x1445c8a2d072c358badc64e45e37a8376821400c98000d41f78f4237e8bd99e6
2023-03-27 13:12:35,False,0.3584,0.0002026,5694.39,1.15385,0x90...be02,https://etherscan.io/tx/0x617daff4c6c6378cd97f142f25d5a168bd24fe3f337595e0e56e85f78fee76c8
2023-03-27 13:07:47,False,0.3592,0.0002034,873.108,0.1776,0x94...5d5d,https://etherscan.io/tx/0x9b9e13b1946f9dc41c3ebb579d16a4b53a8ec6ac6a40e5c6d4e4e808e932fb03
2023-03-27 13:06:59,True,0.3607,0.0002043,3597.16,0.735,0x7f...8bd1,https://etherscan.io/tx/0x1686c236106dc928ff8c524ac28f6547d23c68f0d1b7ca70fb8d8c4b423f7320
2023-03-27 13:06:11,True,0.3594,0.0002037,1349.17,0.2748,0xc7...a34b,https://etherscan.io/tx/0x691df0832782234cf47506b5c8b75764894f0561b163812f2750ef1d5ca40669
2023-03-27 13:02:23,True,0.359,0.0002035,290.852,0.0591,0x10...e9a5,https://etherscan.io/tx/0x6975c7e4f98ac07819230981ea6b05a9da4e06c376f11be9c5fe5388c2de5679
2023-03-27 12:51:59,True,0.3591,0.0002034,278.093,0.0565,0x43...3629,https://etherscan.io/tx/0x6ec13495357816af51f2d85281d5d5c73e425caf1070f7996d65168604552f99
2023-03-27 12:43:35,False,0.3576,0.0002026,3915.99,0.7936,0x49...f683,https://etherscan.io/tx/0x2f21e6d747224b458aaba08d787110205652f26a418ec41ed55d0cafd12659d6
2023-03-27 12:35:35,True,0.3597,0.0002042,831.563,0.1698,0x60...5af4,https://etherscan.io/tx/0xa92f5b9bf441ebfee7e7cba45d818e1dec9dc3dc5bf17c84e1468381e702d079
2023-03-27 12:33:11,True,0.3572,0.0002028,10748.2,2.18,0x91...0971,https://etherscan.io/tx/0xff5df01dab0e853a79e212275693c37bd401501ba2ac709cef0ca3bcfdf2962d
2023-03-27 12:26:59,True,0.3548,0.0002013,993.174,0.2,0x62...7756,https://etherscan.io/tx/0xa0aef3aed54fdd15046894e93d2a1ecc69fa64fb76c35225998dcb78f4eb150b
2023-03-27 12:24:35,True,0.3544,0.0002011,718.104,0.1444,0x60...5af4,https://etherscan.io/tx/0x66087c2d02be3ca0c528c2121d00e16ec10e4f70b0eadf67acf77cc6ff5c559a
2023-03-27 12:23:23,True,0.354,0.0002009,1420.0,0.2852,0x5f...0bde,https://etherscan.io/tx/0x36d590ff4b4bb00dff76cb16852c12d9881749124d69591406b5c1a971a623a3
2023-03-27 12:17:23,False,0.3518,0.0001996,614.01,0.1225,0x8e...b4e8,https://etherscan.io/tx/0x537c015777c17b14e1b8efbe90e56d46007b2acc6e4693df6b9d5d3d22787617
2023-03-27 12:17:11,False,0.3524,0.0001999,2231.0,0.446,0x29...a828,https://etherscan.io/tx/0x58b3d627817f1ef3c0fff8e2d387a71154bc3c66deb7d52a95e8ebc39b739030
2023-03-27 12:13:23,False,0.3533,0.0002004,1786.86,0.3581,0xce...d056,https://etherscan.io/tx/0xf32572359baf968b9196edb775120dca9c162ef60ffc6fa580745ed16139457e
2023-03-27 12:05:11,True,0.3557,0.0002016,1615.15,0.3257,0x7d...1c58,https://etherscan.io/tx/0xd8ced62ceecb2bbda268d0abaa8dda3890a269a7cb8409e3addf39fa836cd574
2023-03-27 12:03:59,True,0.3552,0.0002013,670.302,0.1349,0x60...5af4,https://etherscan.io/tx/0x5780e717fecdec938b43770e302f02cbd4de4df969b9835fd67b06439faed8b5
2023-03-27 12:03:23,True,0.355,0.0002013,27.8789,0.0056,0xc7...a34b,https://etherscan.io/tx/0x95335e3eb6743cfac6838a18807a6dc7ca648b33b332568e64853fbba59f641e
2023-03-27 12:02:59,True,0.3548,0.0002011,894.705,0.18,0x7b...9a7e,https://etherscan.io/tx/0x2910059adffd357d0a041146634e6791a220813b08b152659cabe7d8874dc1b3
2023-03-27 11:45:47,True,0.354,0.000201,497.48,0.1,0x97...7e9b,https://etherscan.io/tx/0x151ec7db6004d306ccd73e3e897895a4499c3f8b088a7914023712f0ffb2083c
2023-03-27 11:43:35,True,0.3537,0.0002008,846.41,0.17,0x7f...8bd1,https://etherscan.io/tx/0xa8faca5c76bcb6dbf569cdb71cca7090b118fc8ad9af83239f3c7b9b1735fd7f
2023-03-27 11:39:35,False,0.3522,0.0002,4183.08,0.8368,0x17...5c3a,https://etherscan.io/tx/0xbc89b084759ab16d0892369c42a38f1bc662bd15270a2f6626ff1b15d8948b2b
2023-03-27 11:33:23,True,0.3513,0.0001995,18000.0,3.59229,0x28...4a1c,https://etherscan.io/tx/0x718cdac00b3fe593854f38b8c07bc506e18b02ec30c18784ae3da52a831f85b6
2023-03-27 11:29:23,False,0.3479,0.0001974,10183.4,2.01057,0x3a...1182,https://etherscan.io/tx/0x56569eabc6c52c153ca788ed34360c9e4ed6b814e40c69923da26bae37135761
