datetime,buy_order,price_USD,price_native,amount_token,total_native,maker,etherscan_url
2023-03-20 19:57:47,True,0.3862,0.000219,1415.24,0.31,0x88...7627,https://etherscan.io/tx/0xb76000df6599711545784ae8a484b937b7d90372a799e548a0f8e8c70ec30ba5
2023-03-20 19:57:11,True,0.3858,0.0002188,251.361,0.055,0x49...16bb,https://etherscan.io/tx/0x6c5dd734a8901fa3df71ca9ce216b82ef8f963c53fa660f110803c72b491a3bd
2023-03-20 19:55:11,False,0.384,0.0002178,2670.27,0.5816,0x8c...e42c,https://etherscan.io/tx/0x783b1672488f2400a51aacb50ca3e736d937acd01bbd1bceb02fff9a0df5911d
2023-03-20 19:55:11,True,0.3847,0.0002182,9256.71,2.02,0x85...f693,https://etherscan.io/tx/0x56ad4555aa93f450e380e46c32f973e7056f64bcf223937d10880aeb93d168e4
2023-03-20 19:53:47,True,0.3826,0.0002168,500.0,0.1084,0x04...5347,https://etherscan.io/tx/0x84478cec223ddae19050f7c9d0a647dfd4f4d757e01687ba5491f437b9db133c
2023-03-20 19:53:11,False,0.3809,0.0002158,2910.47,0.6283,0x96...4874,https://etherscan.io/tx/0x251da34fecbbf7d40436deee9aa8476861455bbdb2e8c33bf772a66abb3cbbd4
2023-03-20 19:52:47,True,0.3803,0.0002155,14718.4,3.17263,0xf2...57cb,https://etherscan.io/tx/0xbd6dd680889ec16346175efe9fd720e230b88904091c2b69827ce661614475b3
2023-03-20 19:51:59,True,0.3767,0.0002135,316.308,0.0675,0xff...5dcd,https://etherscan.io/tx/0x80a3ce775f0eb04d99452ccb0fb6d57f8c5cb3de013e47bfa3046fcdfba67097
2023-03-20 19:47:35,True,0.3763,0.0002134,217.847,0.0464,0x10...e9a5,https://etherscan.io/tx/0xdb4ab184994792d92da5b0a09bb1303f60f0db91ad8aa8761987cfbb387d956d
2023-03-20 19:43:23,True,0.3751,0.0002133,468.756,0.1,0xca...a676,https://etherscan.io/tx/0x3b0b119db1d46bf3420477e7c1db65b1b420271ad452fb8c672b72f02af8bb38
2023-03-20 19:42:35,True,0.3746,0.000213,1991.83,0.4242,0xda...44f0,https://etherscan.io/tx/0x891de28aa95735e4dd6f550ae229b1781608ef3da3ee214216095516c8e2cba7
2023-03-20 19:42:11,True,0.3735,0.0002123,2589.72,0.55,0x4b...851d,https://etherscan.io/tx/0x6e09cdd5b306409bd6fc242bb83b4308a05620ef7f952fb0ac64238717fdd873
2023-03-20 19:38:47,False,0.3705,0.0002108,582.0,0.1227,0xd0...e48e,https://etherscan.io/tx/0x76e0428d83c6686c9748d77a69680a37a5d3ceb4f33468097ba30788e8b18ec5
2023-03-20 19:33:23,True,0.3725,0.0002115,4664.89,0.9869,0xbe...670e,https://etherscan.io/tx/0x3224efc98fc4c76fc8b2930e1dfebb8ebde0668de101f680b0db997f7ae872d4
2023-03-20 19:31:47,True,0.3704,0.0002104,4051.77,0.8524,0xf5...e520,https://etherscan.io/tx/0x8cb3902074c1ea7c3c4a4f765193ee66d1a9de9c4c1d768721e846fd5983385d
2023-03-20 19:21:23,False,0.3659,0.0002087,970.877,0.2026,0xa4...02f3,https://etherscan.io/tx/0x566490774f54a7bb980a08661fcd57583ec176f173821c42cdf5f10f7ee7a25e
2023-03-20 19:20:59,True,0.3688,0.00021,397.887,0.0835,0x0b...6827,https://etherscan.io/tx/0x42bff317dd1ff556525ae1f440d5f990fa884835af3f6941b32e062ae4e3e23e
2023-03-20 19:20:35,False,0.3676,0.0002093,4850.0,1.01555,0x96...f722,https://etherscan.io/tx/0x922f4b48919bd1c4a20b4b7477eeb41b2eaa2163a1d46c44fc923323ce2133c1
2023-03-20 19:20:23,True,0.3705,0.000211,2149.15,0.4534,0x50...a635,https://etherscan.io/tx/0x616154b87c72bc0c625792aa1ba523eac56c02bffdc25cc43fcdc8f522634642
2023-03-20 19:13:59,True,0.3684,0.00021,5144.09,1.08046,0xf5...e520,https://etherscan.io/tx/0xe2eff0a4ca37c3263dc90c1d4dafe6d2c8a047991eb22d75f5e979db1859b59f
2023-03-20 19:09:47,False,0.3662,0.0002091,7983.1,1.66971,0x96...f722,https://etherscan.io/tx/0xe3d2da8f48907fa45c6521bf15feafd532431477cdd272704a69aa5c14e72281
2023-03-20 19:04:47,True,0.3697,0.0002113,1079.14,0.228,0x58...82e1,https://etherscan.io/tx/0x0a7bd92fe1a80c8f9e22ba5abc6892de0fa630f3e29079a710d7fc59a65edd3a
2023-03-20 19:04:23,True,0.3691,0.0002109,1516.7,0.32,0xed...9b54,https://etherscan.io/tx/0x90420473f120e70ae8c32571927e0b90d8ebc473c40bd363291b1bcfc6b05005
2023-03-20 19:03:47,True,0.3683,0.0002107,305.4,0.0643,0x19...4ddb,https://etherscan.io/tx/0xb7d2e8f7a66e5908ec807f165d3a9713b3d55761ea7d07909c6b7bdc7700f023
2023-03-20 19:02:11,True,0.3648,0.0002089,12998.5,2.71645,0x14...eb07,https://etherscan.io/tx/0xc65faf9408d28f578c36a55c6f999469ae5808f98d0839c9a6f103443cb3f997
2023-03-20 19:02:11,True,0.3581,0.0002051,16573.6,3.4,0x8c...638f,https://etherscan.io/tx/0x1ac78bce460d10ca31b4547f6180b5399ac2bfb7716a6a74f6b12e95d238d2fe
2023-03-20 19:01:35,True,0.3512,0.0002011,14912.5,3.0,0x8c...638f,https://etherscan.io/tx/0x613fc03b267a564160aeb5c641a0a79580987904c6f08ba38cfa40c5161546d0
2023-03-20 19:01:11,False,0.3465,0.0001984,2522.0,0.5004,0xcf...d9b7,https://etherscan.io/tx/0xf14c70649d6d7bb74dd0c888d40017a5b21a0658188cfbea33d71067435e8632
2023-03-20 18:56:59,False,0.3476,0.0001988,885.781,0.1761,0x0b...c0aa,https://etherscan.io/tx/0x37b0e76e7010e9c8be23ebf112638b42e42a671354d924aa695c2d0da69e4cae
2023-03-20 18:54:59,True,0.3513,0.0002001,299.804,0.06,0xf6...6da7,https://etherscan.io/tx/0x34111e897849d9f6cb058115cca671650d2a7b2f22386acd4f0533c2fb61b800
2023-03-20 18:53:35,True,0.3514,0.0001999,1250.38,0.25,0x87...643f,https://etherscan.io/tx/0xf584678772bef1d4265cbbd9ec5e0f6ada594a7f2307c18b583c70d0e6806626
2023-03-20 18:48:11,True,0.3487,0.000198,14601.6,2.89116,0x9f...e8bd,https://etherscan.io/tx/0x8d1cde78f07ae99b104b8fc412132e5f8cb97911d386cadbb07ecc77f90c3a5c
2023-03-20 18:45:35,False,0.3438,0.0001954,3250.47,0.6353,0x5d...2cbb,https://etherscan.io/tx/0x7fb767a16b5d5cd1747f26444265951b0445e0d0f27ac3866df732a57287e31f
2023-03-20 18:44:35,True,0.3459,0.0001969,761.698,0.15,0x7e...f1b9,https://etherscan.io/tx/0x304977439145949e14a32f46aee4efe26329322623ba144114dce5d190b3278c
2023-03-20 18:43:11,False,0.3435,0.0001957,455.02,0.089,0xbf...b526,https://etherscan.io/tx/0xc15ad09d0a19a3555cc3f82b82d60daa0453879d5b9ac185dfb36b6285a28215
2023-03-20 18:42:47,True,0.3455,0.0001968,1016.14,0.2,0x25...702c,https://etherscan.io/tx/0x85ae07bb64bebbccc0a7bd935235f65a05f6f0d39feda12a1f25fad87f743b23
2023-03-20 18:40:23,True,0.345,0.0001964,2029.95,0.3988,0xdc...e228,https://etherscan.io/tx/0x090f1805a7d654cb308950b8b56eed6f62bd03067f9b716d2804622894fd879b
2023-03-20 18:31:59,True,0.3443,0.0001958,2911.0,0.5701,0x7c...5dab,https://etherscan.io/tx/0x75c27143bccc0146ed3e27101cbecb5b94d2a793e1ed6212a8bed689efcc97c0
2023-03-20 18:23:23,True,0.3434,0.0001953,1279.64,0.25,0xd1...6822,https://etherscan.io/tx/0x00a92f13d8c0040e89ca5062e5472c5ff9ef3a3dcb397c0a85a0355538ddc37c
2023-03-20 18:22:47,False,0.3414,0.0001941,1187.56,0.2306,0x4e...e865,https://etherscan.io/tx/0xdaf3970dbc6f86b897bad74613659a0a8cf507f348618a760c09ca764a26a0f0
2023-03-20 18:21:47,True,0.3433,0.0001952,1991.19,0.3888,0x87...4403,https://etherscan.io/tx/0xbd054933be1bf826bc2a30f23d8165a48ed031f78c6b7c496fb9cbd5c24683b5
2023-03-20 18:18:59,True,0.343,0.0001948,1185.13,0.2309,0xf5...e520,https://etherscan.io/tx/0x212dfdf9c99219613f5f12f8c0a9b9931e11a4ac012951df46f26df1e28777c0
2023-03-20 18:16:23,True,0.3424,0.0001945,1464.77,0.285,0xd6...75e6,https://etherscan.io/tx/0xb8a8c03a56851de30f26b1919b008e7c5f6139c44351b78891d7f5578974d5ff
2023-03-20 18:16:23,True,0.342,0.0001943,514.573,0.1,0x97...0026,https://etherscan.io/tx/0xcd811d0d3c62fd5e079e10d911834d21c17afe72d683cb01495fe16356111ccc
2023-03-20 18:09:47,False,0.3413,0.0001941,9088.32,1.76478,0x6f...3490,https://etherscan.io/tx/0x24dfbc30e8c593dc588a0ae9e93b73a4e35e88587dcf799ca0f366680fc604f4
2023-03-20 18:03:23,True,0.3423,0.0001959,4355.63,0.8533,0x31...9eba,https://etherscan.io/tx/0xba75b7cdb1775dd829c79e11cc528667efd3f24f5f3c8bd338cfc5c67fe114ea
2023-03-20 18:01:59,True,0.342,0.0001953,260.007,0.0507,0x62...7756,https://etherscan.io/tx/0xb4ca1c36c702ea50fb935692c527047a4c5a550a35249a1d0221aac985193099
2023-03-20 17:59:47,True,0.3422,0.0001952,1024.56,0.2,0x25...702c,https://etherscan.io/tx/0x735e2098191ecd3bf1e05276dfb71731e86464f30590ea5e19425789bb6f0173
2023-03-20 17:59:23,False,0.341,0.0001945,4950.2,0.9628,0xfe...26bc,https://etherscan.io/tx/0xa428a84b24ee4fd24276426c7030dd975e5d60b97ee353c9b1763db14b9f85a3
2023-03-20 17:59:23,False,0.3441,0.0001963,10219.5,2.00616,0xfe...26bc,https://etherscan.io/tx/0xa428a84b24ee4fd24276426c7030dd975e5d60b97ee353c9b1763db14b9f85a3
2023-03-20 17:58:23,True,0.3469,0.0001982,4305.13,0.8532,0x31...9eba,https://etherscan.io/tx/0xbbdb8855ad60015fb02d10af1ffd55e849e9c1defffdf128a9e5d20386ef8c1d
2023-03-20 17:55:23,True,0.3472,0.0001975,857.871,0.1694,0xd7...56a6,https://etherscan.io/tx/0xd390a83e6a300aa6b66c10e6f957e8e7f39cc10f03683c542a678aa709a78421
2023-03-20 17:53:23,True,0.3464,0.0001969,4321.17,0.851,0x31...9eba,https://etherscan.io/tx/0x76d64ecd489eeec5cd6a29f1fcd1d5a4d8c2b246ac019cbe5426c1fe7c5c3a18
2023-03-20 17:53:11,False,0.3484,0.000198,23280.0,4.61093,0x33...6497,https://etherscan.io/tx/0x249e242bf03dfee69bc110449867e5e99fe572044c504fde329acc4b4196bf14
2023-03-20 17:51:47,False,0.354,0.0002012,2410.63,0.485,0xb2...2eba,https://etherscan.io/tx/0x785d79c74999092bedbb8bd2987e1314c6a61cec808b2ea873674e748fed85f4
2023-03-20 17:51:11,False,0.3546,0.0002016,1365.35,0.2753,0x95...fba9,https://etherscan.io/tx/0x35ed8836fb254aa7756ab63ec1910a98563ce2fd062b27165b7abb9b67d2c966
2023-03-20 17:50:23,False,0.355,0.0002019,1096.1,0.2213,0x70...bfd6,https://etherscan.io/tx/0xb98335b8082212c36716cf8b0cf68b209561c91d44d22b2c62cd80c99eddf0be
2023-03-20 17:50:11,False,0.3564,0.0002027,5357.31,1.08643,0xe4...e4d6,https://etherscan.io/tx/0x8996627b31fa91b922289777f32de7af537478c29c94108e006c304ae6f0973f
2023-03-20 17:48:47,False,0.3592,0.000204,4850.0,0.9898,0x99...ea1e,https://etherscan.io/tx/0x6a5f06c81a8b118107ac8684007f5397e984d6ff14c864a39566480d5e007f03
2023-03-20 17:48:47,False,0.3614,0.0002053,4850.0,0.9958,0x99...ea1e,https://etherscan.io/tx/0x2db25f092a5e165ce38e4417f27f666466a42000b014b3e20e9b68eaf56d237c
2023-03-20 17:37:23,True,0.3647,0.000207,965.911,0.2,0x2c...f1ab,https://etherscan.io/tx/0x0517d825cded7f3f374fe9b773aa7fad5d923e6865c6515580363696a6228b4d
2023-03-20 17:32:35,True,0.3646,0.0002069,7.41583,0.0015,0x00...4af5,https://etherscan.io/tx/0x384ce459b0f3ccd3da953e67ab034df98f7d66e4f6258662af791131a49b9c6b
2023-03-20 17:32:11,True,0.3648,0.0002069,136.166,0.0281,0x3d...9eb6,https://etherscan.io/tx/0x63da5fb96fbe68f6b383dbfcc1e2520f0fe975c14761bbebb5b4ad56c08e51b3
2023-03-20 17:27:59,True,0.3621,0.0002066,1887.24,0.39,0xd7...88a3,https://etherscan.io/tx/0x96f90bdb7281f0200d7afe16be77fc894ecf4a9270e63cdc22b27abf61e5a24b
2023-03-20 17:27:23,False,0.361,0.000206,6726.26,1.38586,0x7f...8bd1,https://etherscan.io/tx/0x6cfd8c6835b5157b0cc9f2056ef43183a8fe3df2f391ad018d7a37b5bd145970
2023-03-20 17:20:47,True,0.3648,0.0002081,144.139,0.03,0xfe...bfba,https://etherscan.io/tx/0x72c0dccad1782f1f6b87fbe34c86a3a82901f14a3b005692dc1fb6854368195d
2023-03-20 17:20:47,True,0.3648,0.0002081,2.24861,4.679e-05,0xc0...ce84,https://etherscan.io/tx/0xeac34716c55b1cba941d9dee08be787b884329fb9c65a2382d10ea8b888e8377
2023-03-20 17:18:35,True,0.3662,0.000208,271.773,0.0565,0x01...1ccf,https://etherscan.io/tx/0x92e26d1c9a1aeb3d2de8070fa6c34045311a3f304e6e2863d56008c2901653cf
2023-03-20 17:14:47,True,0.3657,0.000208,1.10146,2.291e-05,0xa7...76cd,https://etherscan.io/tx/0x2db9729cb5d98649b62d8724139a6f7254ab3af34ca22f1de7409a2184675e37
2023-03-20 17:13:59,True,0.3651,0.0002077,2093.12,0.4348,0xdb...9734,https://etherscan.io/tx/0xa23cc963116e38d53aa1109630754bd791ef519d194de817af5b3dc7641bc550
2023-03-20 17:12:47,True,0.3655,0.0002073,1010.0,0.2094,0x1a...e444,https://etherscan.io/tx/0x2673b198faa8b3c6d0b9f881a75df165e3a514733d810456d9c1b49f3a606348
2023-03-20 17:09:59,True,0.3649,0.000207,1311.53,0.2715,0xd6...75e6,https://etherscan.io/tx/0x4537db0bef5d9aa7700cf3796bbd092bda667deec1056f9ee4a10985682fdc1c
2023-03-20 17:06:47,True,0.3654,0.0002067,1370.0,0.2832,0x5f...0bde,https://etherscan.io/tx/0x5d29f34cc87871efe9f50d70cd9296ca0b6d58d85cdcc6f3431ca2e252d1cd94
2023-03-20 17:05:59,True,0.365,0.0002064,513.62,0.106,0x65...2686,https://etherscan.io/tx/0xf323556bc000ec289be434851f564dc262b10788f95906d564c1b00dded859a0
2023-03-20 17:04:59,True,0.3638,0.0002058,4109.53,0.846,0x31...9eba,https://etherscan.io/tx/0x688a9738ad29b8db6125102d3e5c639baa4c256f8aa7f7dc541ebbcbd7847038
2023-03-20 17:03:23,False,0.3617,0.0002049,6790.0,1.39184,0x09...f9f0,https://etherscan.io/tx/0xbcc37941e9e3c81418bc33b71f636c5292e1d1fe5c48ebad954a25c3071929a5
2023-03-20 16:59:59,True,0.3641,0.0002065,4113.85,0.8497,0x31...9eba,https://etherscan.io/tx/0x3cb1b01865a1634ed0dcc9f74ba69cb9bbcfdd73e811c0845752a9c6d6173437
2023-03-20 16:50:23,True,0.3636,0.0002055,4122.76,0.8472,0x31...9eba,https://etherscan.io/tx/0x66f0d08c034a159e8d555c87a9efc005059f19254e3a26aa21ff8aea0ef16e01
2023-03-20 16:47:35,True,0.3624,0.0002049,488.021,0.1,0x97...0026,https://etherscan.io/tx/0xd8f87fc557a48f4a72df82d853180cb284225e849e02856941e1d24a426afea3
2023-03-20 16:44:59,True,0.3613,0.0002043,4144.16,0.8467,0x31...9eba,https://etherscan.io/tx/0xe1055909087ca8d1ead08723b41890994e779923ea5bb322bdf98414d259fbbf
2023-03-20 16:44:47,False,0.3618,0.0002045,15909.4,3.25494,0xab...4c1b,https://etherscan.io/tx/0xbb861e9bbb2e48f2b69801f092b0eb7b97b01e1644bca824522e6ac34fec9ce3
2023-03-20 16:38:23,False,0.365,0.0002068,1455.0,0.3009,0xc6...133b,https://etherscan.io/tx/0x55d254f00497fee916684e19efa6dad76b7e98352defbf4e2b3a1cc80e8285ab
2023-03-20 16:37:11,True,0.3672,0.0002077,4002.0,0.8313,0x67...50bd,https://etherscan.io/tx/0xdb9f5cb3681196a265dfb64f4cdd2a78a9fab9be58150fc1867407b018f53ca3
2023-03-20 16:35:47,True,0.3661,0.000207,1088.09,0.2253,0x67...50bd,https://etherscan.io/tx/0x64a9b81d32ae776af0323e6975a988330361a0746afb29a34f19a73f36eed1d7
2023-03-20 16:35:11,True,0.3655,0.0002067,1451.12,0.3,0x95...fba9,https://etherscan.io/tx/0xdd96b03af72d42b218c2deae6a4585285885a1c32c31c33ada67ccc76dacac94
2023-03-20 16:34:47,True,0.3644,0.0002061,2901.42,0.5982,0xed...783f,https://etherscan.io/tx/0x4c9cd93c7aa8d3098be87c76c0cbcdcded3c8d89cfa9ab1e8ceef475c41e5081
2023-03-20 16:33:11,True,0.364,0.0002054,2433.22,0.5,0xdc...603e,https://etherscan.io/tx/0x462962aca3af7442f8f057685eacf47e76e6312f32d2a847856c0c79b2f46f5a
2023-03-20 16:28:11,False,0.361,0.0002041,1329.78,0.2714,0x98...c6f2,https://etherscan.io/tx/0x98b3a635587a8d902bff0ffceca284bdd184a0dbb09b31f10d7fb67bff7e7d4d
2023-03-20 16:27:35,False,0.3628,0.0002051,6790.0,1.393,0x09...f9f0,https://etherscan.io/tx/0x5c7c1a8acd5f81cb237f6832d15dee40eb87d2831b9d0161860ef764a59d023b
2023-03-20 16:26:23,True,0.3659,0.000207,1980.6,0.41,0x14...0c69,https://etherscan.io/tx/0xa447962f0125f5697867b8c9b3ad13fd816d3766996f1c2e01c7a1c7ff92a0d9
2023-03-20 16:25:35,True,0.3654,0.0002067,241.872,0.05,0xa9...89c1,https://etherscan.io/tx/0xd935924760d76380161be902618e1865597ab59dc3ca179bdc8a7e3a7906007c
2023-03-20 16:22:11,True,0.3655,0.0002066,241.946,0.05,0x62...7756,https://etherscan.io/tx/0x1449593ab735cc8c419aed92253584de1c86e40d499642eef971dcf0877c9e56
2023-03-20 16:19:47,False,0.3636,0.0002058,3783.0,0.7788,0xfe...26bc,https://etherscan.io/tx/0x457b9b30350c4258b1bf7ba2d15cf6b90389acbd6b4951db8d9816b4ad367e5f
2023-03-20 16:17:47,False,0.3653,0.0002068,3880.0,0.8026,0xfe...26bc,https://etherscan.io/tx/0x7f72ea6521a5cd351bbc1c3a99ccc5e0398d6b6ce106b36191a2b6fa0b5587b3
2023-03-20 16:15:59,True,0.3686,0.0002084,1103.26,0.23,0x73...25e3,https://etherscan.io/tx/0x38a251e7aa4cc111bb7cdbbf73bc59af58d04376b147a2919cf6c42c6b765591
2023-03-20 16:14:47,True,0.3672,0.0002077,4079.59,0.8477,0x31...9eba,https://etherscan.io/tx/0xdeb5c9159e4d91bf93bc2c196d45b27683c92b8fc990c81dac9c1cbc641eb3c5
2023-03-20 16:14:11,False,0.3645,0.0002064,2910.0,0.6006,0xef...5a95,https://etherscan.io/tx/0x7d9d42ea23d4e572030d7d8d6ddd956108b3b0dd2837d22dca1d16775eaa9fcd
2023-03-20 16:09:47,True,0.367,0.0002074,4087.8,0.8481,0x31...9eba,https://etherscan.io/tx/0xb0ac8727e69343e1965ca3a4aa1bf10e182135a49192eae35b6a27744db6008c
2023-03-20 16:09:35,False,0.3688,0.0002085,21526.4,4.48879,0x01...f48b,https://etherscan.io/tx/0x9f1cb16560063997d8fa9e8eed2d7d5f346017bce73392219044d840f852b57e
2023-03-20 16:03:11,False,0.375,0.0002114,875.6,0.1851,0x8b...a468,https://etherscan.io/tx/0xfbec7312351f61d5e1316654f2862342279af0f21dbb1b660c5f5ae1c55b19b5
2023-03-20 16:02:47,False,0.3792,0.0002137,15727.5,3.36146,0x99...2d0c,https://etherscan.io/tx/0x2e0336847b35db0551b52d5e2419a7394d38046620575417690359d7055c3ffc
2023-03-20 15:56:59,False,0.3822,0.0002159,485.0,0.1047,0xa6...bb97,https://etherscan.io/tx/0xd85ce593486d619862ab9dcded21bc331959714d4243f3baf9f9628c41097c2b
2023-03-20 15:50:59,False,0.3812,0.000216,194.0,0.0419,0xd0...e48e,https://etherscan.io/tx/0x724698961538caf750671328070e650551a59b2b7f75bf412b1a4b3e4c60ef34
2023-03-20 15:49:23,False,0.3834,0.0002174,9720.54,2.11346,0xac...70a5,https://etherscan.io/tx/0x3c787f63aa3289d9eba044df844ff427e52464861ebd4fb4480ffcd66d009bc4
2023-03-20 15:46:23,False,0.3861,0.0002188,242.5,0.053,0xca...89a0,https://etherscan.io/tx/0x2d45efcaa7a752e3732770a62d06dd192aeb95214857285b2cbbc1189336ad21
2023-03-20 15:44:59,True,0.3873,0.0002194,5142.83,1.12854,0x44...0883,https://etherscan.io/tx/0xd341f1b428df051f45fc09e831e6cfc88f0057dc43380123b62031a321d58ec5
2023-03-20 15:39:35,False,0.3858,0.000218,4449.39,0.97,0xdc...603e,https://etherscan.io/tx/0xed2faad00812f230ca97054d5b40319b04d34548c81649295f1a44e7d0458759
2023-03-20 15:25:35,True,0.3882,0.0002199,1.08933,2.396e-05,0xf8...6b2a,https://etherscan.io/tx/0x47b6f8a802a8010602ce29de5424f38f033877ae545c585d9e5068f94b8bb68d
2023-03-20 15:16:23,True,0.3884,0.0002199,0.8605,1.892e-05,0xc0...ce84,https://etherscan.io/tx/0x2d5516c529a67acd16e010514c8614272281d35f069036c0f6f3e26e98f02b97
2023-03-20 15:15:47,False,0.3865,0.000219,2619.0,0.5736,0xcf...d9b7,https://etherscan.io/tx/0xb604d296fea475acffcb1fb3c750940d454b38baf78bccbbd5507019144e60ee
2023-03-20 15:13:47,True,0.3885,0.0002205,1089.6,0.2403,0x62...7756,https://etherscan.io/tx/0x128b1f5f041bce814a0b435a4bee70387a597ad1736801f0ab5a3c570c92bb95
2023-03-20 15:12:59,False,0.3865,0.0002194,2231.0,0.4894,0xcf...d9b7,https://etherscan.io/tx/0xd563ac9fde581b567a34d518ada5ab60bb2b27283e72bcabd864347d65e442ab
2023-03-20 15:10:11,True,0.3896,0.0002207,1811.78,0.4,0x27...3c7e,https://etherscan.io/tx/0x54a7fdc8a108b98d45503bc7293459ee4cbca66c7d36d4ff097194fa34095281
2023-03-20 15:06:47,False,0.3879,0.0002195,2328.0,0.511,0xcf...d9b7,https://etherscan.io/tx/0x9a2cde3b86b55473043fdfa0516ad509fbf4d6986af4f32fd75cc778ce3229bd
2023-03-20 15:00:59,True,0.3895,0.0002211,226.091,0.05,0xd6...77bb,https://etherscan.io/tx/0xfe604b9206c6b8a79afe39617fe400a17236028de713ca1b3d41f2d3c5f96bda
2023-03-20 14:58:47,False,0.3868,0.0002198,242.5,0.0533,0xca...89a0,https://etherscan.io/tx/0x38893e67d8164263e5f81581631fa6528dd74c5a2244d5db5a372ac393d34730
2023-03-20 14:58:23,True,0.3892,0.0002211,2.19536,4.855e-05,0x93...1dfd,https://etherscan.io/tx/0x8573bacbcacdad9e3c01277c8b751ee46a549273f64adb9a926bc09d4a1e2ea0
2023-03-20 14:58:23,False,0.3872,0.00022,1029.35,0.2264,0x92...c249,https://etherscan.io/tx/0x92cadc615a42a735657c27138ba15bbcf108b00cf1b05da3b930fd3ffb4275e2
2023-03-20 14:45:23,True,0.3895,0.0002214,541.999,0.12,0x72...8c46,https://etherscan.io/tx/0xcb174f45126e5e5b607b411aaae931a9240857041ac683d37ef279b2660a7ed3
2023-03-20 14:42:35,True,0.3897,0.0002213,1.16422,2.576e-05,0x15...91ba,https://etherscan.io/tx/0x994297f54962f91edfbd5fc7a89da613195d9a544070d7b4008bba8a21cb8ea6
2023-03-20 14:42:23,True,0.3897,0.0002213,0.6893,1.525e-05,0x30...e8c2,https://etherscan.io/tx/0x5bdcce200d9319fb0c982e4ec3cf8f8a2c1ed0538293a4da1dcb36adaf10e07f
2023-03-20 14:38:47,True,0.3887,0.0002213,37.9903,0.0084,0x09...62ec,https://etherscan.io/tx/0x9f04049d55772852f92b71f6ad6f6876c032f36dba4c523e6851a33a65dceda4
2023-03-20 14:38:35,True,0.3883,0.0002211,1500.0,0.3316,0x5a...d476,https://etherscan.io/tx/0x6f03e12a5376a9ba64514c36157b1f9e04da6dce51f28746fc6f070f35454ba7
2023-03-20 14:36:59,True,0.3882,0.0002208,520.811,0.115,0x05...5191,https://etherscan.io/tx/0xfc93c7f68ebf539338f2ca88055254bc0218a9c01328637a4aa63ae3208f3532
2023-03-20 14:36:59,True,0.3878,0.0002205,1123.49,0.2478,0xb5...d29a,https://etherscan.io/tx/0xc4418a6ab5610ae5629851398e22a44f623dc77d4839a090abf0a225392e4f9f
2023-03-20 14:33:47,True,0.3902,0.0002198,4094.04,0.9,0x2a...c718,https://etherscan.io/tx/0x2a5c4e5f54673594c630a8f048e63c5d7195620a9220ac8e81cc173062b59a69
2023-03-20 14:31:59,True,0.3883,0.0002192,18.7278,0.0041,0xc0...ce84,https://etherscan.io/tx/0x3abbd7acefd9cca4fc35e5843fe7593b96b8a88c5a4505397a8ffc24d3afbea6
2023-03-20 14:30:23,True,0.3886,0.0002191,821.429,0.18,0xb4...ee8c,https://etherscan.io/tx/0x1d1b29f9fe303862e704527d90f7a2f2b654a95709f8336d44ae86ea3321a519
2023-03-20 14:19:23,False,0.3865,0.0002178,679.0,0.1478,0xe2...3ab9,https://etherscan.io/tx/0x802cc08ea509a8c5c75f7866addc20d25e9df6e2347fd2f94f8c1ae25339401a
2023-03-20 14:15:35,True,0.3886,0.0002188,2767.94,0.6056,0x7d...0388,https://etherscan.io/tx/0x60eec092a0464d32ac7772711eb668930a92a7108c80c81523abdf636ae86847
2023-03-20 14:12:23,False,0.386,0.0002172,684.446,0.1486,0x7e...00e9,https://etherscan.io/tx/0x592778fed34e5abbd7adc494e7f6a093e084274259b34123dbbcbcbd6d9d980c
2023-03-20 14:11:23,False,0.3858,0.0002173,78.4106,0.017,0x5b...f3ea,https://etherscan.io/tx/0x2eb3b76b70f08d47dec0afcc77177e93fdf343f834422c827c40971863f1f466
2023-03-20 14:10:23,False,0.3865,0.0002176,2134.0,0.4644,0xcf...d9b7,https://etherscan.io/tx/0xffc1ac1b33f641bab4af2df182259b1bbba885bccc9f52d651ea15f40220d60f
2023-03-20 13:59:47,True,0.3905,0.0002191,409.678,0.0897,0xcc...d22f,https://etherscan.io/tx/0x4aa14c0e29c5ceb4fa36e577d6985f87de7efc28e8493fad4e1a36e29cdc83a8
2023-03-20 13:57:47,True,0.3897,0.0002187,2546.12,0.557,0x27...3c7e,https://etherscan.io/tx/0x56311b7a155bc775354b85bf062f363efe56bc96e24d156751894495ccaf65cb
2023-03-20 13:55:47,True,0.3889,0.0002183,687.098,0.15,0xda...f62c,https://etherscan.io/tx/0x535d08fc5a5fc264c7a8c76aa1036b6c21e700ea60c56cb68c57dae11a4e9393
2023-03-20 13:53:59,True,0.3878,0.000218,1289.0,0.281,0xc1...5a6c,https://etherscan.io/tx/0x1fd8edc6fefa665d278c9f25242bd9ae22597cc043f0b8f9f418a6e8558e59cd
2023-03-20 13:53:59,True,0.3878,0.000218,1289.0,0.281,0xc1...5a6c,https://etherscan.io/tx/0x1fd8edc6fefa665d278c9f25242bd9ae22597cc043f0b8f9f418a6e8558e59cd
2023-03-20 13:49:23,False,0.3853,0.0002166,475.3,0.1029,0xd0...e48e,https://etherscan.io/tx/0xbe9f7fa8993f643eded2a95656b2aeedda065172d4bd47bea95d1b365da87e32
2023-03-20 13:45:47,True,0.3876,0.0002179,157.939,0.0344,0x35...4489,https://etherscan.io/tx/0x91d751b167c87f2b2fa965a8ed64459e83d12947a8ed9e501704797bdd02f6f6
2023-03-20 13:36:59,False,0.3858,0.0002167,679.0,0.1471,0x7e...00e9,https://etherscan.io/tx/0xbb83c089a3d081d2d8f4c7d10d9e7647ce48728e317f505068c0b4c613776e1a
2023-03-20 13:34:35,True,0.3878,0.0002178,2295.6,0.5,0xfe...26bc,https://etherscan.io/tx/0x094c4e69bf84ed28c4f61b9b9aeb493c522bece22d095ec5061952afd359d74b
2023-03-20 13:32:35,True,0.3864,0.0002169,3871.92,0.84,0x01...2ce4,https://etherscan.io/tx/0xe21123e9fb1cd63db44a1ea0beef5fd65650cf7c0a159a60cade31b212106856
2023-03-20 13:27:23,True,0.385,0.0002162,883.533,0.1911,0x83...06b1,https://etherscan.io/tx/0x3c6c8158a7d478acda0e8cca330fde9cce8d1497165479f3db95abea34132694
2023-03-20 13:22:59,True,0.384,0.0002159,1300.0,0.2807,0x5f...0bde,https://etherscan.io/tx/0xa0b9a85d1c4526de010209b9f3e1abcef9a8acf68fc76316e8b7773176840d35
2023-03-20 13:18:47,False,0.3805,0.0002146,970.0,0.2082,0xb7...c863,https://etherscan.io/tx/0xa45b8d6920a2ef2bff103dec1175892be361cd87f1b64d5e19793782a82d20d5
2023-03-20 13:18:11,False,0.3811,0.0002149,1455.0,0.3127,0xb7...c863,https://etherscan.io/tx/0xd89655915f2a45cbc7fc5fc7236a98b49fdf245da1007bbdcd6f550ec3c7131e
2023-03-20 13:17:11,False,0.3828,0.0002158,4666.15,1.00706,0x5c...bef4,https://etherscan.io/tx/0x94da29dd436b8451d9e6bf7e2ea9f08ff22d3b396664e7c03e591328233d33a1
2023-03-20 13:15:59,True,0.3862,0.0002177,304.813,0.0663,0x21...7c1f,https://etherscan.io/tx/0x8133330687acbd07cebf51a07fe87c36501eb64d10f421e48c135f1ef3757ef3
2023-03-20 13:15:11,False,0.3838,0.0002163,97.0,0.0209,0xf8...0a3c,https://etherscan.io/tx/0x60e085b6ef88095c0f1f741cfa6aaecdd4d882c35a1a6512f8f444a76232d3bf
2023-03-20 13:13:47,False,0.3857,0.0002174,7349.46,1.59802,0x4e...5925,https://etherscan.io/tx/0x56c34a04fce06a7ccfe72755f8f28f2cc9c85055183234677e46f9e941fa663d
2023-03-20 13:12:35,False,0.3875,0.0002184,194.0,0.0423,0xf8...0a3c,https://etherscan.io/tx/0x7a18258d98ad9a6b8960f69db66b08572fe9fcd786391925bbf22094d4eab6cf
2023-03-20 13:10:23,True,0.3902,0.0002198,136.479,0.03,0x7e...00e9,https://etherscan.io/tx/0x20c4aa8417ee78f637308f05188db4dc76d6fc56814ac9cedf65edf81d1ed0bc
2023-03-20 12:59:47,False,0.3888,0.0002185,316.642,0.0691,0xdd...2ffc,https://etherscan.io/tx/0xdb6557159c2f99feae857bf0f873ba944182ac37c061aa295358c45c92f36186
2023-03-20 12:59:47,True,0.3909,0.0002197,1198.3,0.2632,0xc0...e189,https://etherscan.io/tx/0x0cb8d7e1de018b8d9f37cc3e7f9e32244aa0964aa5267ad279ee67474fbfdcff
2023-03-20 12:48:23,False,0.3871,0.0002185,2425.0,0.53,0xcf...3224,https://etherscan.io/tx/0xcfc72991b6078ab7967191993f52a9a1c4fac665143eb76b1c87821f6b8ab217
2023-03-20 12:45:23,True,0.3922,0.0002201,363.341,0.08,0x19...f609,https://etherscan.io/tx/0x19d50cbddc504e09c2f754c67ccfc27c5f93a33ce9d8f7a015f69e18ddbeb840
2023-03-20 12:45:11,True,0.3912,0.0002195,3794.04,0.8331,0xd4...626f,https://etherscan.io/tx/0x9f73b4524568358484a3c20cae44b783aa3f3ee2f96934fdb6beb0b705608d21
2023-03-20 12:39:47,False,0.3883,0.0002178,733.282,0.1597,0xbc...a4c8,https://etherscan.io/tx/0x29ef76c3e528061ebc0abbfe1b21a0d5133e6d128d436ac3f01058afd5f24ccb
2023-03-20 12:39:35,False,0.3887,0.000218,752.426,0.164,0x20...375a,https://etherscan.io/tx/0x3e6ad1e0dc70fdfe386df3fc82217372ad21ed69448e9f5f7aa428c09a250f82
2023-03-20 12:39:35,False,0.3891,0.0002182,733.282,0.16,0x3d...492f,https://etherscan.io/tx/0xe26c1f75b1540c4a48c595363f71a1512f7e8a64b0919a0332f865730811944b
2023-03-20 12:39:23,False,0.3894,0.0002184,732.591,0.16,0xa7...cc85,https://etherscan.io/tx/0x6148563feff7648be11ed66eb4cf348eee01e58c4c5b0128f227bdf9822dbca9
2023-03-20 12:38:59,False,0.3903,0.0002189,2910.0,0.6372,0x1a...8ad0,https://etherscan.io/tx/0xe3f2eeded3d5ea5e6dd9dba3773dd11b2c8f0ca02609aff07bd198c57e4958f1
2023-03-20 12:37:35,False,0.3923,0.00022,4947.0,1.0888,0x9c...9436,https://etherscan.io/tx/0x827338149c9bf242d1944b3b75d2bea822ff9e5b0328cb3e0390110bf7820113
2023-03-20 12:27:47,True,0.3963,0.0002221,4.0632,9.025e-05,0xc0...ce84,https://etherscan.io/tx/0xdd06338daf8fcc4f77b58280f8ba6aef36b2b9da8e1cf8c812176455e98826ba
2023-03-20 12:27:11,False,0.3947,0.0002212,3032.34,0.6708,0xc7...0549,https://etherscan.io/tx/0x18dd26b8dbc3601849e13bc3060aa4c11fb02c8e1007e0899870e7aae26dc787
2023-03-20 12:18:23,False,0.3948,0.0002216,41.1016,0.0091,0xfb...5623,https://etherscan.io/tx/0x1fe6de62fd77deaec808d5ed9b6263cf1dc85cb9c4494df0061d3ae040ca6279
2023-03-20 12:11:23,True,0.3947,0.0002219,7596.59,1.68579,0xb9...35e0,https://etherscan.io/tx/0xc5066ecc13d08aaa9ed8a1c5efe7a114226d024d4ba0f4a084245fdd697163fb
2023-03-20 12:08:11,True,0.3924,0.0002208,76.988,0.017,0x07...87c3,https://etherscan.io/tx/0x98276f17c0d7c4486a833fc763e795d00d3c9cb5f69107e1a486b84658603154
2023-03-20 11:50:11,True,0.3924,0.0002207,702.304,0.155,0x7c...1166,https://etherscan.io/tx/0xaa10d39f7b1b1c8e9ab9a2c659dcc587584441f24a261c21af6004ac6b91dbac
2023-03-20 11:48:11,False,0.3901,0.0002194,1261.0,0.2767,0xac...f7c7,https://etherscan.io/tx/0x23596c4899f02675263c8f1501911a833cada492c9b8079163741b3f2c83e799
2023-03-20 11:39:35,False,0.3914,0.0002201,3424.1,0.7537,0x09...2b1f,https://etherscan.io/tx/0x307cc6be9e83fa2462e13913a385ef74711a2c4a572b00b24fc2c77e758d0a57
2023-03-20 11:35:35,False,0.3927,0.0002207,970.0,0.2141,0x09...f9f0,https://etherscan.io/tx/0xd99c99d12598cb03defc13ff39e02cd6ec6b1f87831604494e7a0b18f5950688
2023-03-20 11:33:47,True,0.3953,0.0002222,0.0026,5.788e-08,0xc0...ce84,https://etherscan.io/tx/0x60f350470a37e97d7d00fdebe9902d027b16565be67a1dae06a4d6a88ba23188
2023-03-20 11:33:23,False,0.3942,0.0002216,5141.0,1.13939,0x79...d0c7,https://etherscan.io/tx/0xc967ca664fc446e8af8f4b61c0984053d59e5343683d68ffb4fe2a94e83f2d14
2023-03-20 11:31:11,False,0.3954,0.0002224,485.0,0.1078,0x58...71c6,https://etherscan.io/tx/0x886f50bdd71aebbb54d8aa633e7a1473b026ebcbc4a63a1b0d2c26fa6853e84d
2023-03-20 11:26:23,False,0.3946,0.0002225,291.0,0.0647,0xff...e501,https://etherscan.io/tx/0x5f59fbf3db956dc124dec7a6f05a644b2cdeaecf366088e78043678a12b951ae
2023-03-20 11:25:47,False,0.3946,0.0002227,977.296,0.2176,0xd8...70b8,https://etherscan.io/tx/0xc2303c70475563a80cd4f30ec9a3b1aa8a5ccded4975bc3b5d29f6b2aab943e8
2023-03-20 11:21:11,True,0.3932,0.0002219,15770.6,3.5,0xc5...27ae,https://etherscan.io/tx/0xb14530b3362918cc13cec718b04ce22ae1781284d226a46d80624b72de6c499c
2023-03-20 11:17:23,False,0.3883,0.0002192,6073.17,1.33134,0xcf...e58c,https://etherscan.io/tx/0x79742c1de95cb27608b1bf9f3c508b956e8ec6b65ea8bc52c8b76048579f9820
2023-03-20 11:14:35,False,0.3898,0.0002203,2075.09,0.4572,0x8d...123c,https://etherscan.io/tx/0xb2ea9cc053579f98c8bfc466657322bd144a5f52b131bd451141a4f070d22b9c
2023-03-20 11:14:35,False,0.3929,0.0002221,10022.4,2.22607,0x8d...123c,https://etherscan.io/tx/0xb2ea9cc053579f98c8bfc466657322bd144a5f52b131bd451141a4f070d22b9c
2023-03-20 11:13:59,True,0.399,0.0002247,1000.0,0.2247,0x3b...a913,https://etherscan.io/tx/0x123de1117b318f8f17352f62423993213a7cdf46a85870965589e93a04c49c4d
2023-03-20 11:06:59,False,0.4,0.0002246,9700.0,2.17947,0x5b...086e,https://etherscan.io/tx/0x343a8891027b9fd4d6dedf2c86cbd2395b1cfe11d94aea1589e46dd380ab36bd
2023-03-20 11:06:35,True,0.4027,0.0002263,7449.88,1.6864,0xea...8c2c,https://etherscan.io/tx/0x1b61ae5bcc66b35318cd4ad0fce9120eaea1f00e2cf1633d385e983eaf9970e8
2023-03-20 11:06:11,True,0.4007,0.0002252,88.523,0.0199,0x84...f4c8,https://etherscan.io/tx/0x456ef15ce9464ae3472c8ae9465442da0566ac458dbfc9a64306e58378f3ae0c
2023-03-20 10:48:47,False,0.3981,0.0002239,135.234,0.0302,0xcd...7a88,https://etherscan.io/tx/0xa4311cbf8f03aa46f7221d657b59aca894de29b1dc4b0b37fa55645bbddd51f0
2023-03-20 10:48:11,False,0.3992,0.0002244,3801.55,0.8534,0xf6...4cef,https://etherscan.io/tx/0xfe500e741cb741f1a4016153cd746ff0705a5dde7a1dca5e38107ca95d3f8ec1
2023-03-20 10:47:11,True,0.4018,0.0002259,3098.17,0.7,0xcd...f363,https://etherscan.io/tx/0xc029090a439791c6c601b80b8986c66578399893025e1f7aaedb6a0d9b6f0cdd
2023-03-20 10:46:47,True,0.4003,0.0002251,2484.02,0.5591,0xff...9b27,https://etherscan.io/tx/0xccc639fbc07a02a73a1c12013f0470d61328504a235140d10c24fcb929ace607
2023-03-20 10:24:35,False,0.3979,0.0002234,431.65,0.0964,0xd0...e48e,https://etherscan.io/tx/0x10df44adea45f9f69e45f30bfbb2c43c68700113c018aff702024267ea8ba80d
2023-03-20 10:22:47,True,0.3999,0.0002247,746.157,0.1677,0x37...8441,https://etherscan.io/tx/0x99650bc3d7d0b0c8792a12ad3eb54db67d6c8ec4162113ea6d719beda6aa1e86
2023-03-20 10:22:35,True,0.3996,0.0002246,267.118,0.06,0x7e...00e9,https://etherscan.io/tx/0xc3117147689f1d5f0e5fe30bdde344c8a5d4a2cea9b33b3a59c71cde947ed9b6
2023-03-20 10:20:11,True,0.3985,0.0002236,6248.86,1.39766,0xf5...e520,https://etherscan.io/tx/0xc9d6fa7bcf592c63c7d992d4409d4f4b2190c76e053b2510a74f87897943f194
2023-03-20 10:03:35,False,0.3986,0.0002228,9699.99,2.16143,0x81...7cda,https://etherscan.io/tx/0x26cae967d9e61fa11afa517944fd2c2065c5279c59e9d8c99f97388e72091155
2023-03-20 10:02:47,False,0.4013,0.0002243,970.0,0.2176,0x33...6497,https://etherscan.io/tx/0x50929ad9a7dc8a583c6eca431ce9410e6d6f31c2091afd839843019f70ebc095
2023-03-20 10:01:11,True,0.4038,0.0002258,494.299,0.1116,0x3e...3ee9,https://etherscan.io/tx/0x97b8bec5a46d7881b9175410251a43d56a38583f3886af77fbff3de8436930c2
2023-03-20 09:57:59,True,0.4031,0.0002255,928.302,0.2094,0x1a...d062,https://etherscan.io/tx/0x5be92ef754122bacfc8476ce3feb8f24c6b5101d9ae72c2c3c36ce7175c2c6f8
2023-03-20 09:50:35,False,0.4005,0.0002245,2909.99,0.6533,0x81...7cda,https://etherscan.io/tx/0x6f9ec552bf269e1dc3f74b429a2ed059442d90d1e83823957ffb6392ec49f76f
2023-03-20 09:49:59,False,0.4041,0.0002264,10187.2,2.30705,0x3a...b955,https://etherscan.io/tx/0x0ab9420143be803565637fc903333317628d6f82e2f986f5ad751db106bb4005
2023-03-20 09:38:47,True,0.4112,0.0002293,130.813,0.03,0x1a...d062,https://etherscan.io/tx/0x33f952d79448c8faa947b48226bf8d3f8c3d7d8f5067c67b05bb46f3b55154d2
2023-03-20 09:37:23,True,0.4113,0.0002292,174.452,0.04,0x1a...d062,https://etherscan.io/tx/0x524e3da18e062dd2869640e01d0422e99bcdd0310c822e12335da184cfc1a17b
2023-03-20 09:23:11,True,0.4084,0.000229,1530.0,0.3504,0x8c...0435,https://etherscan.io/tx/0xc341f1007392b637c8c10613f58d382d8310cefc413f9318680ce17297645615
2023-03-20 09:19:11,False,0.4055,0.0002276,1207.57,0.2748,0xde...a115,https://etherscan.io/tx/0xdf9e14394812cb7da6fe81dd831f3dd533a7472532303bf34a428ec8999e43ac
2023-03-20 09:15:59,False,0.4075,0.000228,1823.6,0.4159,0xb5...d239,https://etherscan.io/tx/0x1919598a62e62286e1d4f47e1ebb58f7dbe8fefbec76d6ffd50e9ee9ad354720
2023-03-20 09:14:35,False,0.4084,0.0002283,48.5,0.011,0xba...aa98,https://etherscan.io/tx/0xa96d06587ad3ef87ff5c316367ab1de03536c269cd6faff9223c0ec48e1f88e5
2023-03-20 09:03:59,True,0.4132,0.0002297,43.1498,0.0099,0xd1...66c5,https://etherscan.io/tx/0x0bba1614a6092a222e90785772fc0e115032c345143c4833509d428ab8ade416
2023-03-20 09:02:59,True,0.4128,0.0002295,1045.49,0.24,0x7e...00e9,https://etherscan.io/tx/0xf30bf7308eb82f152b61176b952c6ec31214dbcd367ccfde5c14b74264f0b2e0
2023-03-20 09:01:23,True,0.4116,0.0002293,121.995,0.0279,0xd8...70b8,https://etherscan.io/tx/0xf618d3e457697ff15c65e96d0d20e4441bd6558141c38f53bfb40bb2d0b450d5
2023-03-20 08:58:23,True,0.4105,0.0002292,959.789,0.22,0xbf...50ba,https://etherscan.io/tx/0x329eb3240492b084629d64feadffc511eb37adc259e6374ea4bc88f3eaa70167
2023-03-20 08:56:11,True,0.4097,0.0002287,2185.87,0.5,0x90...64e7,https://etherscan.io/tx/0x100b07f4deeb7d08c8f60d385d403a708239c110699d427e8677c0b54843ed37
2023-03-20 08:51:35,True,0.4079,0.0002284,87.5656,0.02,0x2c...1963,https://etherscan.io/tx/0x41543bddd668791397cbbe37b4e73b13402ab759137fdc3d829a528880a73c6d
2023-03-20 08:51:23,False,0.4056,0.000227,485.0,0.1101,0xe9...e78a,https://etherscan.io/tx/0xbbd3102d27664a2935d44e624084b6732024ddeadc586e01d9a6117f6f156e86
2023-03-20 08:50:47,True,0.4065,0.0002277,5000.0,1.13891,0xf0...667e,https://etherscan.io/tx/0x6418610873ea009f7834a1f5a9a320b39dd821836cc4129b30c02e5674858d06
2023-03-20 08:48:47,True,0.4048,0.0002268,1234.29,0.28,0x27...3c7e,https://etherscan.io/tx/0x08fdb8cde73c361a249ea76ebb8a37be78205b74c8f4fead373e54cea1c5b55d
2023-03-20 08:43:11,False,0.4021,0.0002254,970.122,0.2187,0xe1...e6bb,https://etherscan.io/tx/0x8bff2da69670965f173454516851edcd68bc7a78a968a9edf65ce5c635d4f1b8
2023-03-20 08:20:23,True,0.4013,0.0002269,37.2917,0.0084,0x48...f0aa,https://etherscan.io/tx/0x7e9a5de75847256faf20abf33043b7f2f719c4519f32f474687ae391bf507b90
2023-03-20 08:14:47,True,0.4014,0.0002267,1244.27,0.2821,0xe5...1ec1,https://etherscan.io/tx/0xf7b6d2c5e867c10bb52c174e64066e9af50b196370da1cb0258d64ed7b153ec7
2023-03-20 08:13:47,True,0.4008,0.0002263,1276.59,0.289,0x8d...9049,https://etherscan.io/tx/0xe59656a9560e86c8b2e7b860d7d6bed765504664b889de65f87f2ed5054c9139
2023-03-20 07:49:59,True,0.3962,0.0002258,2511.11,0.567,0x49...f79f,https://etherscan.io/tx/0xd9ebc6f7887ba331d9ad0ed065301d86650072d4359981c5d0e28d828e7dce5f
2023-03-20 07:48:23,True,0.3956,0.0002254,99.7062,0.0224,0x2c...b7e1,https://etherscan.io/tx/0xd513c64bec4007349b8adef52dd69234038a37e6958350db27af8a3caf628b52
2023-03-20 07:46:23,True,0.3955,0.0002253,496.232,0.1118,0x92...bb52,https://etherscan.io/tx/0xbf143ddbfa396b556052ad7ab0bcab204a823d4261e8177b8eeb83c16ef21de9
2023-03-20 07:38:23,True,0.3959,0.0002252,171.715,0.0386,0x92...bb52,https://etherscan.io/tx/0x0aa62e3a2672c00e6c92e6be6d5b6f3a818a1bf01cfc392f5f4bf930c225483f
2023-03-20 07:37:35,False,0.3937,0.0002239,485.0,0.1086,0x8e...0251,https://etherscan.io/tx/0x7e2d8443e442c0d23d3d4a840087e41a24afa50414fbcae69b4f49a773bdcedb
2023-03-20 07:33:35,True,0.3965,0.0002252,501.122,0.1129,0x7d...227e,https://etherscan.io/tx/0xc5856c55380bcef6bc21bb4e7b814630610f84f595421b4710f06493e06a6ef5
2023-03-20 07:25:59,False,0.3948,0.000224,1243.01,0.2785,0xdf...df71,https://etherscan.io/tx/0x3857bf5d453f8272a622cd279b7586d1863847c698f9a85dbf0b1b16daa7a929
2023-03-20 07:12:35,False,0.3977,0.0002256,9700.0,2.18895,0xe9...eb89,https://etherscan.io/tx/0x9d38983ad3cce48c542c5113bb3647ccf975b7b493a2e4ee85f876fcfced3e47
2023-03-20 07:09:59,False,0.4006,0.0002273,1865.31,0.4241,0x34...ec30,https://etherscan.io/tx/0x2e32f25797f92ceccdb3cb5b2895e9ea8b3bcf2c1b5711f856a7c5fe2cbda649
2023-03-20 06:23:23,False,0.3997,0.0002279,1618.46,0.3688,0xe6...268a,https://etherscan.io/tx/0xa3d38924bf3ed01d01f409b1c55fc55a912870faf4a9bbab9cef617760382a36
2023-03-20 06:20:47,True,0.4024,0.0002293,1465.72,0.336,0x7e...f373,https://etherscan.io/tx/0xe9e21d2049574385a23b525658fcc22fcddffbff06f323214642f5d28f262789
2023-03-20 06:02:11,True,0.4009,0.0002289,1092.14,0.25,0x20...4528,https://etherscan.io/tx/0xdfb7aa95a6cae498a53ed8b06bde4418c905f07485e1a3f7105d504dd90b70b2
2023-03-20 05:49:23,True,0.4004,0.0002286,872.216,0.1994,0x07...bb69,https://etherscan.io/tx/0x3b4d572e018a3f9e3d8b540cdc0f7008be1f341c02214498858199e2d2d8a7d9
2023-03-20 05:47:35,True,0.3993,0.000228,2630.59,0.6,0xfe...26bc,https://etherscan.io/tx/0xec78b2d06f249668f70a97f5f79984d3724db5329929b1de6e9b984ae97a9b09
2023-03-20 05:44:11,True,0.3987,0.0002276,65.8813,0.015,0xb6...c4f0,https://etherscan.io/tx/0xa46c7707199d395a76d09fb58925a9917704d23b5401084bab14c20a470d6fd7
2023-03-20 05:37:47,False,0.3969,0.0002265,1716.9,0.3889,0x96...f722,https://etherscan.io/tx/0x4a46bd6f88fbcfa458835d1cadf19230e6f093e626693960a12caeeaca763c53
2023-03-20 05:34:11,True,0.3997,0.000228,874.353,0.1994,0x42...a241,https://etherscan.io/tx/0x8e46c54014e964f4bd10b8c465bb7ea37c240610c2e43e04364a619c6735e1bc
2023-03-20 05:33:23,True,0.3996,0.0002279,78.978,0.018,0x28...8335,https://etherscan.io/tx/0xf99dfd0794d3c42204ca43efc24a11c3b490c76591e8ef3033783ef76023dfc3
2023-03-20 05:30:11,True,0.3981,0.000227,5553.8,1.26109,0x21...6d15,https://etherscan.io/tx/0x761188d6964523ca79c33f0f626409a6e3944a21a0bdcc471b3eed9b74088349
2023-03-20 05:26:23,False,0.3947,0.000225,1278.07,0.2876,0xd7...9a93,https://etherscan.io/tx/0x08effed3599baf63960485d2e37e1163dbc74f451962fbaaf10c9a859652c4d1
2023-03-20 05:18:23,False,0.396,0.0002259,4850.0,1.09601,0xd6...b5b9,https://etherscan.io/tx/0x7e8e9c23766983533b39ee80817e7d9f833c43ed0128e81339f3adaade8f4ab8
2023-03-20 05:17:23,False,0.3978,0.000227,2425.0,0.5506,0xcf...d9b7,https://etherscan.io/tx/0x2bac78dbbeba2677aed831c66e79379bd7abcdd74b3a02a062fc4a8b61bdace2
2023-03-20 05:02:47,True,0.3982,0.0002287,151.927,0.0347,0x75...0bfd,https://etherscan.io/tx/0x0b0a022c897167745179fa638402070c5b1e2f89b6308e357a937ae9cc4166f1
2023-03-20 05:00:11,True,0.4053,0.0002314,51412.4,11.9,0x29...6deb,https://etherscan.io/tx/0xed6c64e447d9985dfbc2110a457369acbe2aa9c268e6adff7280c922e452b976
2023-03-20 04:56:11,True,0.3716,0.0002128,4040.71,0.86,0x31...9eba,https://etherscan.io/tx/0x4836d7872393065bdbebbbd31126132d504bdbd24a69f1743dc942bcbe058dfb
2023-03-20 04:55:23,False,0.3696,0.0002116,4850.0,1.02658,0xd6...b5b9,https://etherscan.io/tx/0xf8b19d822604c8055d184a98e17efe6d6b1e9775c6b7ce098eea76a57d190207
2023-03-20 04:53:47,False,0.3711,0.0002123,450.971,0.0957,0xcb...91cb,https://etherscan.io/tx/0x57863aa69dd6c0e64512338cb7b89eafecdc9d621723e7e402d0f74fa96060df
2023-03-20 04:39:47,True,0.3745,0.0002136,277.085,0.0592,0x58...1b23,https://etherscan.io/tx/0x6726985f921d1164105f9c20aae4fbf68b83282592d91a6c43aba7b0ed683bc6
2023-03-20 04:38:11,True,0.3736,0.0002132,2651.02,0.5654,0xa8...0bf9,https://etherscan.io/tx/0x2ec40bd4ac5c1c35c85b19a7823f8974b47ea01de39f9d97383dbbf0a8fc79fd
2023-03-20 04:35:47,False,0.37,0.0002117,970.0,0.2054,0x38...1e68,https://etherscan.io/tx/0x74487f389a6e080d40a13d12554b5635efa03c73f3160c2be7b00de836e70da5
2023-03-20 04:31:35,True,0.3718,0.0002126,4042.31,0.8595,0x31...9eba,https://etherscan.io/tx/0x36d398db79e84e5167545f51dabd69fe9c7e96336d9bddeb34799f9fafcc3df9
2023-03-20 04:28:59,False,0.3701,0.0002111,2425.0,0.512,0xb5...f55b,https://etherscan.io/tx/0x8c420cf2d1b0c1950ee9ce8cbaa9411bad95f3abd928233dbaf8c7e9b560e716
2023-03-20 04:19:59,False,0.3727,0.0002114,164.9,0.0348,0xa2...59f5,https://etherscan.io/tx/0xadab68f176bede61306cea19fecb729d67e1dae0b8a734749740976c075adf13
2023-03-20 04:17:47,False,0.3733,0.0002116,776.0,0.1642,0x14...0c69,https://etherscan.io/tx/0xe4af9ae1101b0bf157a4684f7fe37ea1f0c2d5bacb372912d7651cf4b22d1aae
2023-03-20 03:35:23,True,0.3767,0.0002124,3989.47,0.8476,0x31...9eba,https://etherscan.io/tx/0x0116faf0885db70be82727b324b7a99a281a752fd090c2dcdcedc0dbb2bbc16f
2023-03-20 03:32:59,False,0.3737,0.0002107,782.613,0.1649,0xed...9b54,https://etherscan.io/tx/0xfc6a6f28d6922d6910ef75857c58465f1d996a0fce452dbd6e7de6fe1e7f08fe
2023-03-20 03:30:11,True,0.3762,0.000212,791.57,0.1678,0x6c...c127,https://etherscan.io/tx/0xdc8f780c335e8ec70cfd5b0b7474702e72e9cb5eacbaaaaf18222a8f62290d99
2023-03-20 03:27:59,False,0.3741,0.0002106,71.8924,0.0151,0xb9...b080,https://etherscan.io/tx/0x18713aafa2139802609a3ba789731db85da855315f80c625579bb63563791c1e
2023-03-20 03:24:47,True,0.376,0.0002117,1180.47,0.25,0x6d...899c,https://etherscan.io/tx/0xbca136a3b36e3580937618c5b99234b3e78946b552fb209f8c4c4751fdbc74d8
2023-03-20 03:17:23,False,0.3747,0.0002107,3298.0,0.6952,0x83...9904,https://etherscan.io/tx/0xac6a71f72430d2896ece5e11c54d976236cd694bcad1e8e47b61f747e93e66a1
2023-03-20 03:15:47,False,0.3757,0.0002113,796.577,0.1683,0x21...879d,https://etherscan.io/tx/0x774689f9079a47a3723e471ae7d61124ca87ac7ef39e25fe3a13f3af5bfa0ae2
2023-03-20 03:12:59,False,0.3759,0.0002115,727.5,0.1539,0x21...7c1f,https://etherscan.io/tx/0xf79da5d22e8030fece6a95f616ef85996a2350a575d1b004ef7950eeb6a9ff58
2023-03-20 03:02:47,False,0.3761,0.0002119,1940.02,0.4111,0xd9...008c,https://etherscan.io/tx/0xbeddb839256fc2da3eeec82050be4bb94c3d132c15b9f282314b64d1e8699358
2023-03-20 02:53:59,True,0.378,0.0002132,1707.92,0.3641,0x20...fcf7,https://etherscan.io/tx/0x5d05da083ea2edda0b8a82b14ef5b9fa01be56cad9802b199fa3955d1808f0b1
2023-03-20 02:53:59,False,0.376,0.0002121,2951.1,0.6259,0x1c...3af5,https://etherscan.io/tx/0xe67d3b449ddb6bff25e0dcabd5f4a8c3f9a832aaaa440194d634f8dd68b31e1e
2023-03-20 02:50:59,False,0.3778,0.0002125,485.0,0.103,0xa6...bb97,https://etherscan.io/tx/0x20c0f81ebd50161b1079df42951b51941e712e977a0615b7242eeba52701d3c2
2023-03-20 02:49:23,False,0.3782,0.0002127,970.0,0.2063,0xf8...0a3c,https://etherscan.io/tx/0x0ee5acb5c77f36016f57b0672b57c6474aff3cf5a695d4caa537e32be2944a15
2023-03-20 02:46:35,False,0.381,0.0002144,11155.0,2.3918,0x99...ea1e,https://etherscan.io/tx/0xdb8c89bd2a88f3f5026b389c63896c4e25d8f9d57f77bb5601412ffc3c64b047
2023-03-20 02:36:11,True,0.3859,0.000217,1428.27,0.31,0x3d...75d1,https://etherscan.io/tx/0xb475deab79e7d09753a0d2d7327581da12dc429a1ef78b06317b8638a3123997
2023-03-20 02:36:11,False,0.3833,0.0002155,130.95,0.0282,0xa2...59f5,https://etherscan.io/tx/0x177f333b36f588aeb62225d849f5190e7c03188a154ddbe07ce2fff5dc085308
2023-03-20 02:32:47,True,0.3851,0.0002165,2601.22,0.5632,0xe4...e4d6,https://etherscan.io/tx/0xc555c33c9b4932807d0e574be8d91042a5dd3c82415b3967845f7e9a1c0dac72
2023-03-20 02:28:23,True,0.3844,0.0002161,28.3059,0.0061,0x15...bdb8,https://etherscan.io/tx/0x440d44cf6a1dacd01dff007e0e5c8cd9e327dbf295d8f50c080f77b422859d8f
2023-03-20 02:20:35,True,0.3831,0.0002157,2839.84,0.6127,0x41...b84b,https://etherscan.io/tx/0xe0a6aba646014e32fb79b9e9a845ddb234f8e9b223be9fcf57bd3e08af00ed80
2023-03-20 02:15:35,True,0.3827,0.0002153,193.951,0.0417,0xd8...e144,https://etherscan.io/tx/0x5f1187207d05a3d3662ea51af2dd17dd22b3bd486353fda4c54e7d8e64080102
2023-03-20 02:12:23,True,0.3817,0.0002152,252.292,0.0543,0x0e...0dbe,https://etherscan.io/tx/0x8d19a01a8066833e86a1a8a655ced01a987784ecf6e8bae3bacd88972134b637
2023-03-20 02:10:35,True,0.3811,0.000215,1397.3,0.3005,0x86...7fa5,https://etherscan.io/tx/0x843f1d688290fb9e3b82cb6c5ba37c9a5df2236b09a9209f9f6c1fca3bfbb1b6
2023-03-20 02:08:23,True,0.3796,0.0002141,5180.52,1.10942,0x82...412c,https://etherscan.io/tx/0x0bb01f24941e639c22c5fb79b88a8aff47063d12d8344b07d32015f4c25feb77
2023-03-20 02:00:23,False,0.3757,0.0002121,158.247,0.0335,0x9f...c4cd,https://etherscan.io/tx/0xf49e9c821a68d33beba06b478a9398965c3fb4f15653a51a74c12d8ebb729f5a
2023-03-20 01:51:23,False,0.3771,0.0002127,3966.33,0.8438,0xad...4ef4,https://etherscan.io/tx/0x5a384a8879878e3f8b89a93df31fd874ec9dd9064930c94b23b7e6795b881f25
2023-03-20 01:47:35,True,0.3808,0.0002145,26.3687,0.0056,0x3d...75d1,https://etherscan.io/tx/0x42ea0e75fd2dfc1c90c2fd858d68cccd036d088f3816386339b7326d91f747ea
2023-03-20 01:46:59,True,0.3809,0.0002145,187.878,0.0403,0x45...c4bd,https://etherscan.io/tx/0x4c6680061d2b2c9b8a227eaae39a14ec572da5596d77aab489292385a1b3cb26
2023-03-20 01:43:23,True,0.3809,0.0002144,495.871,0.1063,0x86...7fa5,https://etherscan.io/tx/0x1535c7565ffd7dec67f34a7675cd1b97a0060e57302dfa5fe36f10a14983bb14
2023-03-20 01:31:11,False,0.38,0.0002137,4559.0,0.9743,0x5e...78ff,https://etherscan.io/tx/0x49df4ce74efa06a042f89de1b5108e51be3bd9093bca7318115f1fbcd8868a1c
2023-03-20 01:30:47,True,0.3834,0.0002156,41.7404,0.009,0x6c...25e3,https://etherscan.io/tx/0xf3da750d7590e61cfb2184040ae88244e0984e1778025160b5c7388a52da04a7
2023-03-20 01:30:11,False,0.3817,0.0002145,1940.0,0.4163,0xcf...d9b7,https://etherscan.io/tx/0x7902e69cc52374d0008cd7e8fe49fdd702b629fa808ca2d2c705b321e8ddbee6
2023-03-20 01:28:47,False,0.3824,0.0002149,541.26,0.1163,0xed...9b54,https://etherscan.io/tx/0x770ce48b81d6a559f472887379a4978f97061c972056ae6d3d7035907c250a19
2023-03-20 01:25:59,False,0.3828,0.0002152,1843.0,0.3967,0x1c...3af5,https://etherscan.io/tx/0x66a8a6d37eb24f970aa58165acbac900eb0d89ddf9878e1bc3feba50d5e88c99
2023-03-20 01:21:35,True,0.3853,0.0002166,1015.39,0.22,0x5c...9bcf,https://etherscan.io/tx/0xbfb5213d29f2c120360072d50cc601c655803c0966fcf06c8a7e38ff3daa5a20
2023-03-20 01:15:23,False,0.3839,0.0002158,4365.0,0.9421,0xe4...2b91,https://etherscan.io/tx/0xdd1486e30ff484e32e71b85aec3efab7e6f3f436e0667a12085b2e5da4e73acd
2023-03-20 01:15:23,False,0.3875,0.0002178,10058.1,2.19106,0xe4...2b91,https://etherscan.io/tx/0xdd1486e30ff484e32e71b85aec3efab7e6f3f436e0667a12085b2e5da4e73acd
2023-03-20 01:14:47,False,0.3908,0.0002197,3395.0,0.746,0xe4...2b91,https://etherscan.io/tx/0x7d0cbde17a27c70c30b857314a0c14d2516270737ad20c7aee63738a94fd6223
2023-03-20 01:12:47,False,0.391,0.0002203,944.787,0.2081,0xff...ed77,https://etherscan.io/tx/0x207ce47d7176e2c46f9a9db3fef9d9ade41a8139355a5e16c7d054bbdb740870
2023-03-20 01:12:35,True,0.3934,0.0002217,667.0,0.1478,0x50...d13c,https://etherscan.io/tx/0x36a7446029e6a76976ab51515e86f2adb3a9cda524d7b543f233dbe2b5c34b48
2023-03-20 01:08:11,True,0.393,0.0002216,158.188,0.035,0x86...7fa5,https://etherscan.io/tx/0x20ff069c625c650a6f8f1a9d914d44f5748b1370f9548f10ce23ea2bbe31a876
2023-03-20 00:59:59,True,0.3938,0.0002212,2078.61,0.4599,0xbe...dd84,https://etherscan.io/tx/0xcc31c24078f828a0cc5259a92176710bc1713420ea9d3a7bdd6e2167f08f8286
2023-03-20 00:59:47,False,0.391,0.0002196,242.5,0.0532,0xf8...0a3c,https://etherscan.io/tx/0x53da0432ce7b9dcb6ae79d4a4de16ff87ac03a41bc708dc7c7832ab36a127b99
2023-03-20 00:57:47,True,0.3927,0.0002208,1358.35,0.3,0xd7...9a93,https://etherscan.io/tx/0x9104b2cde8c1425cb09313ecc9eca112d9ab272edf991e1b2b3615cc6a84aadc
2023-03-20 00:54:11,True,0.3934,0.0002205,1145.52,0.2525,0x55...e234,https://etherscan.io/tx/0xa5811cb78261ecebbedb55a1f74b35310c37de30784ad32ebd2b4ee04a53148d
2023-03-20 00:43:47,True,0.3967,0.0002202,317.763,0.07,0x54...6bfb,https://etherscan.io/tx/0xfa8f95251748c392a2d3dd099e763f79d5cc243d5c992514d985638d9dbbeb45
2023-03-20 00:41:35,True,0.3949,0.0002191,7558.3,1.65656,0x53...f8de,https://etherscan.io/tx/0xdd413acb180fe190e21c4c8e7a863c59caf5ebaa1122875d4b4eeb318baed129
2023-03-20 00:39:59,True,0.392,0.0002174,4466.75,0.9714,0x1c...ea39,https://etherscan.io/tx/0xfd61dedc6f99347c30eebaeea8f04c7edec4a53880ed14cf9702b460cf8687cb
2023-03-20 00:32:35,False,0.3908,0.0002162,5024.6,1.0866,0x9c...9436,https://etherscan.io/tx/0x01a20236419eaf7c2f12e3aa4acf78d487650ce98dc010eb760566bd86809e63
2023-03-20 00:29:23,True,0.3943,0.0002181,550.0,0.12,0xe9...4c94,https://etherscan.io/tx/0xa7b01a7a5fb65a7657854fd5cc6b5475a8e51f3683ebe1bf43021cc7d22677f2
2023-03-20 00:28:47,True,0.3938,0.0002179,1039.46,0.2265,0x31...9eba,https://etherscan.io/tx/0x4137e4ec7b78fa31769f47dc1a7e4a4d4d6bd1b293ffa29e78bf973a2741a206
2023-03-20 00:27:47,True,0.3934,0.0002177,700.45,0.1525,0x3b...8f71,https://etherscan.io/tx/0x5a20f0424902a1a1173868c7a67999e00fd9fbfa2cc862ac0029d9753b555014
2023-03-20 00:25:11,True,0.3933,0.0002175,204.019,0.0443,0x5d...9304,https://etherscan.io/tx/0xda7eace54d7030269ec537c19b920695e3de4b1b0b6dfe5df6770735a1d0a401
2023-03-20 00:25:11,False,0.3921,0.0002169,5141.0,1.11546,0x9c...9436,https://etherscan.io/tx/0xfccd3313887f22c5c42f25fee88d67cb0a6054fa3295e33b7621da3d97d4f725
2023-03-20 00:23:35,False,0.3941,0.0002181,2910.0,0.6346,0xd0...9915,https://etherscan.io/tx/0x2c06ce6ba0aec89ef852b233c4616ac29372388be4f6f8f369e2bb9787cfe692
2023-03-20 00:21:23,False,0.395,0.0002185,339.5,0.0742,0xe9...e78a,https://etherscan.io/tx/0x70b8f5f542cbc3284abc689c60c7db22a58325319747a4073d94398b84a86a2e
2023-03-20 00:17:35,True,0.3962,0.0002197,1050.0,0.2307,0x89...95f7,https://etherscan.io/tx/0x8b0afedfcc38acea7eb4aed68b94dd93de4017ad818ccf430a04dcd7563b028b
2023-03-20 00:15:47,False,0.3937,0.0002183,291.0,0.0635,0xe9...e78a,https://etherscan.io/tx/0xfebd32accc10a61045e70b0af650f34e08a81ab44ee10165b00d3f316c20a88d
2023-03-20 00:14:47,True,0.3955,0.0002193,2511.05,0.5507,0xc5...209b,https://etherscan.io/tx/0x71f881307a70ecd8635a89a35e542bb205afc0aa479fc3494fa23c3a94e89c73
2023-03-20 00:13:47,False,0.3937,0.0002183,4976.1,1.08668,0x9c...9436,https://etherscan.io/tx/0xa6f0fde6be66469ba067b86fd2d85fd4f98a5b40c851970e06e727c46096c5dc
2023-03-20 00:10:59,False,0.3964,0.0002197,4371.57,0.9604,0x01...3d64,https://etherscan.io/tx/0x8012e3665b08a3a87f6624fb828df2135a6838ae6a919a06f79e6a4d9daa4eba
2023-03-20 00:09:47,False,0.3975,0.0002203,205.316,0.0452,0x51...000e,https://etherscan.io/tx/0xe6e441711c7f99424de03efbe53d73e6b2faf3a5b551f9f6a551b0c29baba864
2023-03-20 00:07:59,False,0.398,0.0002204,339.5,0.0748,0xe9...e78a,https://etherscan.io/tx/0x81bc982afde45d514c0809099ffc7e8d5b5a048f1b730f716c1cb07cb7a4d5f8
2023-03-20 00:07:23,True,0.3985,0.0002207,7489.7,1.6532,0xb9...35e0,https://etherscan.io/tx/0x16ae9ed9436c6d5390149f76348dbb687518c786fc5e76bd8ca62ddfe26365b7
2023-03-20 00:07:11,False,0.3957,0.0002192,6208.0,1.36095,0xe1...bc3c,https://etherscan.io/tx/0xe1b7605d24a003e87c475c781ec006788903adb8f71a9a08c2358f7f88080c78
2023-03-20 00:06:35,False,0.3987,0.0002207,4365.0,0.9634,0x10...bfc7,https://etherscan.io/tx/0xab5d8dc3596b2976265e2cabc02c0c5f2c30fb60fbe4f5bf1d10d51617fabdc1
2023-03-20 00:06:11,False,0.3999,0.0002213,291.0,0.0644,0xe1...75e1,https://etherscan.io/tx/0xe68977ec08a208ee27292a4c89aa4183e42b102e2c843c47707590489cc75499
2023-03-20 00:03:47,False,0.4006,0.0002218,2910.0,0.6456,0xd0...9915,https://etherscan.io/tx/0x4e29eb7eaaa320b6cfac191f75604bbdfcbcfee93d2275d83f4e3e2835a46240
2023-03-20 00:02:11,False,0.4017,0.0002226,2425.0,0.5398,0x79...d0c7,https://etherscan.io/tx/0x44c8a663fc24c5283b8e125488dce8cd9acf45639117e16ac3bffe61115e6383
2023-03-19 23:57:47,False,0.4036,0.0002236,4600.61,1.02891,0xdc...eb78,https://etherscan.io/tx/0xb49db42b6d79885e642c0d2fbcd853c544a054676394c67f3e0fc1510c7b8929
2023-03-19 23:56:47,False,0.4059,0.0002249,4268.0,0.96,0x79...d0c7,https://etherscan.io/tx/0x698d05c75dfe041d98ed6dd72150eb646aac1f6d88b583c7c371f00f6cf77368
2023-03-19 23:51:23,False,0.4077,0.0002258,2134.0,0.482,0x79...d0c7,https://etherscan.io/tx/0xcebdf7ddfa105209dccd8b7e6bc104c8ef68da3e567142f8b88fe67c83304ea4
2023-03-19 23:50:35,False,0.4083,0.0002262,485.0,0.1097,0xa6...bb97,https://etherscan.io/tx/0x91a50981d2a0e688247673acc6a06207b717b448d72f82f1431f15d315141347
2023-03-19 23:48:47,False,0.4086,0.0002264,749.954,0.1698,0x42...ec43,https://etherscan.io/tx/0x0108f644f65903a905ad245e236d48519266a9ca888f61535ca8c1c306402f04
2023-03-19 23:47:59,True,0.411,0.0002277,1100.0,0.2505,0x86...7fa5,https://etherscan.io/tx/0x42de4b0febade8489361d185160afab32bb1bb9dd2119efe08388be73aab56e2
2023-03-19 23:38:35,False,0.408,0.0002266,2657.4,0.6022,0xd0...663d,https://etherscan.io/tx/0xb78608a9addeb3b17081f9a7ad3b1b2869a3f621173b8f5651aa871fb011853e
2023-03-19 23:38:11,True,0.4106,0.0002281,2016.67,0.46,0x4f...7618,https://etherscan.io/tx/0x53ca5b12a295c2566c2be77bb4929035765797a2e68a297eda13b60be2db9192
2023-03-19 23:31:23,False,0.4075,0.0002265,970.0,0.2197,0x99...ea1e,https://etherscan.io/tx/0xb5fe5092faaf54ac2d8e681f0239e7e13c8d0639aad8e2ee2290d2622606a6c1
2023-03-19 23:21:47,True,0.4098,0.0002277,2410.26,0.5488,0x56...1e60,https://etherscan.io/tx/0x2a7278e43343ef34366e55870197127e0c39eda14591cfe0aa445947cd46d4d8
2023-03-19 23:18:47,False,0.4073,0.0002264,2704.59,0.6123,0xc0...d5e9,https://etherscan.io/tx/0xb7c7df2291d8defe26fe24ead9fb5b38e1741071f873d33225c2cd7bfb10b02f
2023-03-19 23:18:47,False,0.4089,0.0002272,3233.01,0.7348,0xad...4ef4,https://etherscan.io/tx/0x16007fa551f5c567ded288dcbda7d08d969d645529ba0b6490f2a9590eed7c1c
2023-03-19 23:14:59,False,0.41,0.0002279,885.28,0.2017,0xa7...cc85,https://etherscan.io/tx/0x427975541e48a825acb2cc7149447f64c9e5d0ca711f33cb2937b0dc7efd4cdf
2023-03-19 23:08:59,True,0.412,0.0002294,5.313e-05,1.219e-08,0xc0...ce84,https://etherscan.io/tx/0x0064146df634b5cde2d98202686ea6d56efd25efb3f4378585698dad1cf2ce3a
2023-03-19 23:07:47,True,0.4117,0.0002292,959.585,0.22,0xd0...e48e,https://etherscan.io/tx/0x14a189e7dc2b76a780ca55ec1fba3bf000c65e10ff7bbb26dcc1b9b7b73e380d
2023-03-19 23:03:35,False,0.4085,0.0002283,4232.11,0.9665,0xad...4ef4,https://etherscan.io/tx/0x3a76c50ae950e8c740e7a3873fcbe462e3febb7a7eb4dd89e9543b6ef7d8d7c7
2023-03-19 23:02:59,True,0.4121,0.0002304,1.25963,2.902e-05,0xc0...ce84,https://etherscan.io/tx/0x5080a611a4d44bbb70a5d8fe9f6ed480b95ac1ef6fe12fd63ad4c2070fbef4fd
2023-03-19 23:02:35,False,0.4108,0.0002293,2446.34,0.5611,0xe4...e4d6,https://etherscan.io/tx/0xae442d085a5ed0c659e249b440d348131d1affe6594813cbe6bf551502d0684f
2023-03-19 23:02:11,False,0.4116,0.0002298,261.9,0.0601,0xff...e501,https://etherscan.io/tx/0x99b3bab302945705bde2cc32f154d065fdfc1afe9ccc291c6e15487ace42c5bf
2023-03-19 22:59:35,False,0.4132,0.0002304,4167.15,0.9604,0x01...3d64,https://etherscan.io/tx/0x9f16e164b4f7623b2335bbfe31834bea0a7de44d36430ea81eed5af9d66cb7da
2023-03-19 22:58:47,True,0.4174,0.0002325,0.0545,1.267e-06,0xc0...ce84,https://etherscan.io/tx/0x49f770c17fbf8152b1d9ce499c07a900513406113836f950909859947e3f5818
2023-03-19 22:55:11,False,0.4149,0.0002312,838.458,0.1938,0xbb...9f98,https://etherscan.io/tx/0x1ecd9d248c7c671e4e100eacbdf1507bf7b0c415de7eaf4d92a4a1c4ad9547cf
2023-03-19 22:55:11,True,0.4176,0.0002327,1.24669,2.901e-05,0x95...8dc1,https://etherscan.io/tx/0xd5cd3d71b3646f83d3d9c80808eee4ea92a61145891d952e18cb94431f76b029
2023-03-19 22:53:59,True,0.4171,0.0002327,302.422,0.0703,0xd3...d0bf,https://etherscan.io/tx/0x0db63cc85df0ef7b25909324ea58081762c53d661ac95e2528ebf5957051b884
2023-03-19 22:53:47,True,0.417,0.0002326,0.6471,1.505e-05,0xc0...ce84,https://etherscan.io/tx/0x286b28f15b0358a1ea1cb65c102cbf21d8324b2174c010305625213a10e5ec9e
2023-03-19 22:49:47,False,0.4201,0.0002332,12955.3,3.02225,0xbe...4cee,https://etherscan.io/tx/0x2cfc9c1ab5a267c52c6cbc97e36bc081dd46b8bdc6f0c0f1cc4118a319362ddc
2023-03-19 22:47:59,False,0.424,0.0002354,836.57,0.1969,0xf1...6052,https://etherscan.io/tx/0x6dc9ccc7e96d0d02bc84e8b7242e23320076a83b4b6d423db34d0d88bd5131ee
2023-03-19 22:41:47,False,0.4236,0.0002356,291.0,0.0685,0x5e...f39c,https://etherscan.io/tx/0xf0204f48ea1e03f24cb037acd434437eacc3c1532ad38f36210ebdae420d2d7d
2023-03-19 22:39:23,False,0.4246,0.000236,2425.0,0.5723,0xcf...d9b7,https://etherscan.io/tx/0x61f3c2fb8cdb83901d6b0d80b54872c1c0307491578d489d5247ac721ab7a35e
2023-03-19 22:37:23,False,0.4271,0.0002371,4453.64,1.0561,0x09...bc27,https://etherscan.io/tx/0x23cd6f0b66cfcca48cf7a5f7663395529f1e14e5d4f9d628736a3e94005596cf
2023-03-19 22:36:59,True,0.4308,0.0002392,231.245,0.0553,0x76...49b5,https://etherscan.io/tx/0x48313e2e4022394d360e45b6e94298292d361b10a8eae6fb16e7bacb2cc2e855
2023-03-19 22:35:23,True,0.4316,0.0002391,250.88,0.06,0xf1...ba96,https://etherscan.io/tx/0x74b2d8b8fc229a3cbe38b86439c74f9751bff3ecc405c56b3b685ea0f3a4291a
2023-03-19 22:35:23,True,0.4315,0.000239,209.132,0.05,0x58...6b07,https://etherscan.io/tx/0xfbcc80ac89acd83f32d53f4ae72ea1a6ac0adeb16e053058cc4b6ef764a58a61
2023-03-19 22:35:23,True,0.431,0.0002387,1675.18,0.4,0xfe...26bc,https://etherscan.io/tx/0x62181914e5b82f5b2bddf15e1a676af20b731a683ebdd97be8ff2b3fd9eff466
2023-03-19 22:34:47,True,0.4303,0.0002384,461.337,0.11,0x3c...a61b,https://etherscan.io/tx/0x88903147afaa213b2d0e8125346820304c67a8686c01a64b4e872725e95868bd
2023-03-19 22:29:59,True,0.4292,0.0002376,4632.2,1.10071,0x58...2159,https://etherscan.io/tx/0x960ab45c78cfd95c8a1b3da0f0717d27292e34d26a03aad2c0aea34bdc1cade9
2023-03-19 22:27:59,True,0.4276,0.0002367,844.774,0.2,0xd3...34cb,https://etherscan.io/tx/0x312bf6f9268bbdd313d2d558aea1aacabf3ed9a483de22ec4c76ccefaacb1a4f
2023-03-19 22:25:11,True,0.4272,0.0002365,700.0,0.1655,0x35...2c33,https://etherscan.io/tx/0x689e83020ab363ddbd37f63bdaab6577ce76365f4bd43a50a68cc78820f1f465
2023-03-19 22:24:11,True,0.4263,0.0002359,2542.47,0.6,0x44...a29c,https://etherscan.io/tx/0x951bcc27e09b22d2496f3efaa666c08fe8b38cd69aaf6dc81e53436561f2e0d3
2023-03-19 22:23:23,True,0.4225,0.0002338,10827.1,2.53238,0x3a...b955,https://etherscan.io/tx/0xe625281629f9e95e7f3e80345a1a0a9c66c1a6aecab215eeb1a12ddda8e62c21
2023-03-19 22:20:11,False,0.4176,0.000231,1358.0,0.3137,0xa4...7b21,https://etherscan.io/tx/0x80416b9bcecdfe43ec7448b698015e74fa0ef01b696d7d3f290d9f767e564eee
2023-03-19 22:12:59,True,0.4193,0.0002321,3101.41,0.72,0x3c...903f,https://etherscan.io/tx/0xc6670c00fb6798c2a2540de966f0ba87ba3b98bc0334dfd4e34d7b7692e0a6e9
2023-03-19 22:12:47,False,0.416,0.0002303,436.5,0.1005,0x55...ce90,https://etherscan.io/tx/0x24b499d0ac3cbd6fc5004824363e02e7136d8a83e71dbc8ab11c6f8bdad5f09f
2023-03-19 22:08:47,False,0.4197,0.0002323,12299.6,2.85737,0xf2...57cb,https://etherscan.io/tx/0xbf3e4c90ef765559942ea0f8c0b9b966e7517b486c02e2d2f3df7bb77842886d
2023-03-19 22:07:35,True,0.4242,0.0002352,2550.72,0.6,0xab...824a,https://etherscan.io/tx/0x378a9c75d0be9c5040aa18b3c2c7ffc8979ba87d0903c8ec2419565e1dc14316
2023-03-19 22:06:11,False,0.4223,0.0002341,4641.45,1.08677,0xbe...91a7,https://etherscan.io/tx/0x50dd8eef1b165ad1ad1e095d6c375c63288e044392c66b29178907eb8fbda8da
2023-03-19 22:05:35,True,0.4257,0.0002362,169.306,0.04,0x51...000e,https://etherscan.io/tx/0x5e62212221d8302ac83411cd09a23b73a5084f73a6d7d44c98f13bda88f596a4
2023-03-19 21:59:47,True,0.4236,0.0002359,1625.42,0.3835,0x7d...c32c,https://etherscan.io/tx/0x40187dfe1b6a2046f00bf01508f3b981b3ede5628abf70b5b6dbb407d94cc261
2023-03-19 21:55:59,True,0.4224,0.0002355,1000.0,0.2355,0xde...8a92,https://etherscan.io/tx/0x064f83f7e7302e0b063bc6c00e204bde9b85cc08b33bcdb277db17d6e422db82
2023-03-19 21:50:59,True,0.4224,0.0002352,1275.5,0.3,0x7d...c32c,https://etherscan.io/tx/0x5735633b64a5ab44d37bed3b4b48475060c278a54627ef4f3d0d589f68b0488f
2023-03-19 21:47:11,False,0.4196,0.0002338,1455.0,0.3402,0xa5...ab04,https://etherscan.io/tx/0x4b203d7c49ea3b61198a16846f2f8325c64b2239f205c37954e7ca07dd76d2ed
2023-03-19 21:46:35,False,0.4216,0.000235,6548.54,1.5394,0x98...43e1,https://etherscan.io/tx/0xea760289c31433aba7ff308145882ca2ef9b3a5d2edac56a43ce9bd003237855
2023-03-19 21:45:23,True,0.4267,0.0002375,19.2378,0.0045,0x63...5ebc,https://etherscan.io/tx/0x923d320335726753c7bd3b850d03c068971896e258602e90e0c653fd3afbd6ed
2023-03-19 21:45:23,True,0.4266,0.0002374,421.133,0.1,0xd4...9629,https://etherscan.io/tx/0xe390c5e1e6dec770e01fd5a58ff4e45cd167824bc295ff4d0e9b3a36d0d6820a
2023-03-19 21:39:11,False,0.4248,0.000236,376.718,0.0889,0xdb...8367,https://etherscan.io/tx/0x5f3398f0d5f210beb6acc21a68ff89101c7ad6797035a33429f3550480fe15bb
2023-03-19 21:38:47,False,0.4271,0.0002364,2171.6,0.5134,0xfc...6e8e,https://etherscan.io/tx/0xea2c091c8e6ca161dfdc57b575d7af4d27b33716fe29c4dcd1201113af244231
2023-03-19 21:37:59,True,0.4306,0.000238,1016.35,0.2419,0xc1...524f,https://etherscan.io/tx/0x3504f385af53d7c2b8b72beb43267d4ec1b58d5588143315a47332a8f92ff67a
2023-03-19 21:35:47,True,0.4265,0.0002354,15504.4,3.65,0x29...6deb,https://etherscan.io/tx/0xac75da60bb5c1e3e86811cd2fe9437190649d219811f59b293931f4c2c301a91
2023-03-19 21:34:59,False,0.4201,0.0002318,1924.28,0.4462,0x36...2e50,https://etherscan.io/tx/0xa319d98f84d4fabac46dfb8168a325bf4afd9ab72f2705f8bbdfe5e1352632ca
2023-03-19 21:33:35,False,0.4234,0.0002335,8890.23,2.07649,0x6c...1a24,https://etherscan.io/tx/0x43337b5bbf2e41125876a353980e54e17951e24f1b544754364ca87dfd03042c
2023-03-19 21:32:23,True,0.4278,0.000236,2224.0,0.5249,0x05...5a97,https://etherscan.io/tx/0x206e3cbe044d3d6d26301bf786b9c6c46fc939b4e6299f0d09bcbe8e035e28f4
2023-03-19 21:30:23,True,0.4264,0.0002354,1699.23,0.4,0x93...5571,https://etherscan.io/tx/0x1cc7d0f8f8b9ad930d7bd95ec113d7e573f1c75f1fbb565562fd21c12f2fdb05
2023-03-19 21:25:35,True,0.426,0.000235,425.412,0.1,0xc4...2ffd,https://etherscan.io/tx/0x6fbf81ab3226509d530c9533d90ef7ce4be7a5b7d25dd0953bfe12444dbec68e
2023-03-19 21:18:23,False,0.4248,0.0002338,1940.0,0.4537,0xa2...1c4b,https://etherscan.io/tx/0x2634ac275747fe579aceee834546647533b7c77ccf2e0e35cf8347b9063d349c
2023-03-19 21:17:35,False,0.4249,0.0002343,829.35,0.1943,0x5e...78ff,https://etherscan.io/tx/0xba2aeb27d5ab4b4105134eb6f69e2b44c80e8bc0c9128daeb408af5cdfe8b22c
2023-03-19 21:05:35,False,0.4295,0.000235,3851.56,0.9053,0xa3...f600,https://etherscan.io/tx/0x1e2dfaa8a10a21d9e23d922c07eaa45d2fe2467d4040ebed9f347ecdcc5a11ac
2023-03-19 21:03:23,False,0.4302,0.0002359,1940.0,0.4577,0xe1...bc3c,https://etherscan.io/tx/0x1479e0038163ae181f2710d1829e0d91b728ef8a1f15378846e55199b21cfb5f
2023-03-19 20:53:35,False,0.4318,0.0002368,3609.71,0.8549,0x49...b3d4,https://etherscan.io/tx/0xc363738620aa368618407254eb64304013ca23cf1acb987abc3c44a546ad790f
2023-03-19 20:50:59,False,0.436,0.0002394,12234.6,2.92892,0xcc...a13f,https://etherscan.io/tx/0x61cea1f03da506bc42c0cb188c96856b176e07e57e392299cc51f6ff897d7548
2023-03-19 20:42:59,False,0.4424,0.0002424,6208.1,1.50483,0x88...e3b6,https://etherscan.io/tx/0xc0a5ad40897657cc5bdeb6b1fa28d0a30cd90f347b652d60a341a783c13f68f3
2023-03-19 20:35:47,True,0.4494,0.0002448,6.44235,0.0015,0xc0...ce84,https://etherscan.io/tx/0x3f8a17da555b5e92907d337a52f3588d37011f85a8d0f1074ac61f2309c1dbb8
2023-03-19 20:33:11,True,0.4498,0.0002448,7.92901,0.0019,0xc0...ce84,https://etherscan.io/tx/0x61a863692b5b68b1cbeb561ee01ce4c3d5e481f4636a45ab198aaab4a8fc6c01
2023-03-19 20:29:59,False,0.4463,0.0002438,2716.0,0.6623,0x94...191a,https://etherscan.io/tx/0x4b16d0e84ca45d07451f5d4e406dbec719d59aa2fbb9ca89141a3824fa0f5885
2023-03-19 20:28:59,True,0.4493,0.0002455,1751.56,0.43,0xc6...b3ab,https://etherscan.io/tx/0x11e7c657475237ff4407eec86eb8107ddcd60667d01bbe66731f82418cc597a6
2023-03-19 20:28:47,False,0.4463,0.0002438,516.149,0.1258,0x2f...f24f,https://etherscan.io/tx/0x0b801cbda2217e6047e8a2c9617429b32d0f6a264af36400e64304f2e4679c4c
2023-03-19 20:28:23,True,0.4491,0.0002453,48.9064,0.012,0x51...000e,https://etherscan.io/tx/0xd836c805a4ac9da876c755a36234ae867dd00664ed6bc63c82359f1e1fe86dfe
2023-03-19 20:25:23,False,0.4468,0.0002445,3977.0,0.9725,0x15...b004,https://etherscan.io/tx/0x8db79276ea6faa448f1ae2a394ff98bf02544c6b1ebb3d11c0d21850cd16fc07
2023-03-19 20:23:47,True,0.4507,0.0002466,221.176,0.0545,0x41...31a2,https://etherscan.io/tx/0x302fbc5c1871f74403f2c6bf161ae441be672aa80bbe2513e779e451e6baea46
2023-03-19 20:23:47,False,0.4494,0.0002459,4704.5,1.15698,0x36...59a7,https://etherscan.io/tx/0x7344ab7fa215a782fa7c18adc83c5227645052731afe954239204a1250eb4572
2023-03-19 20:23:11,True,0.4519,0.000247,6666.0,1.64701,0x72...9843,https://etherscan.io/tx/0x6e50d9a2de3ca32065270c67567f03907c1730c4323ad59a8bb77e7dc5e61448
2023-03-19 20:21:23,False,0.4483,0.0002446,1018.5,0.2491,0xfe...6b8a,https://etherscan.io/tx/0x0b30f03dff405db2539d0bc035e679b1618e200b181dbddbb52aab0377a79d9e
2023-03-19 20:11:47,True,0.4504,0.0002461,751.522,0.185,0x11...863c,https://etherscan.io/tx/0xb2d19b2260affe41617c9e20f67df3b80481a09a8525a7c9ed177492f9f18b39
2023-03-19 20:01:23,True,0.4478,0.000246,200.0,0.0492,0xdd...aa1b,https://etherscan.io/tx/0xf05f45eb1f852b4d7e1675855dcff4958bdc80ba76c27c69e8e4cbcc53d05a8f
2023-03-19 19:59:11,False,0.4449,0.0002445,119.003,0.0291,0xdc...0dc5,https://etherscan.io/tx/0x9d25d387184656cecd3a9998d5f8c979ed6207c28a424051c8cb8ecf0d521794
2023-03-19 19:54:47,True,0.4455,0.0002453,4076.16,1.0,0x61...ab7d,https://etherscan.io/tx/0xedfecb0bd26711fa7b97ca5fe2c14108c35e108ac4e87cafebcf8c98e3e591e4
2023-03-19 19:54:23,True,0.4443,0.0002446,100.0,0.0244,0x0c...e1cb,https://etherscan.io/tx/0x949c1a32b69ff5c43def3bdba3f54b3cc34684173d6648b2f0beda289d52631b
2023-03-19 19:53:47,False,0.4418,0.0002432,746.496,0.1816,0x7e...8081,https://etherscan.io/tx/0x7bf67995e829c8357490733d789640fdc2ea986271048e06120949325f98eb5e
2023-03-19 19:51:11,False,0.4427,0.0002441,4704.5,1.14874,0xda...cb6a,https://etherscan.io/tx/0x71a1b6daac46335cdd0e39babd174a42a526da741d6fb4e1cbac1e7f5efec624
2023-03-19 19:50:35,True,0.4467,0.0002464,202.919,0.05,0x1d...791d,https://etherscan.io/tx/0xca501c821028134bd9b83238bdc7c6658b07c34eb33fda571b3e05b9bab7b120
2023-03-19 19:50:23,True,0.4462,0.000246,1650.61,0.4062,0x5c...9bcf,https://etherscan.io/tx/0xc9714e761a4314e755789ba2714432f62e0807219edc61a9743dd7801af528f1
2023-03-19 19:49:59,False,0.4442,0.0002449,3884.6,0.9516,0xc7...8695,https://etherscan.io/tx/0xf33ebd771ea941992b65aa3c0ea13c0d82d1f0f82523f652a71296bf5a2468e0
2023-03-19 19:49:47,True,0.4486,0.0002469,888.777,0.2195,0x3a...2172,https://etherscan.io/tx/0x4a25001661bb292804b9e0699711c32f07eefb9a6373846437276fd4eec19bc0
2023-03-19 19:48:59,True,0.4483,0.0002465,1335.45,0.3293,0x14...b5fe,https://etherscan.io/tx/0x21e1ea37bc9711141d0f52a49de829377b489561a3489144b0a004e3ca7005d0
2023-03-19 19:41:23,False,0.4452,0.000245,660.851,0.1619,0x55...ce90,https://etherscan.io/tx/0xbf0f6f7d42d6aece5f2a315a11579800d3fe0dc7165faeeb992d26aefdd2ff32
2023-03-19 19:41:11,True,0.4479,0.0002464,648.848,0.1599,0xad...e0bc,https://etherscan.io/tx/0x42f267ef9a37215f3962543f66cb20f8fe4179ed1d28ce0b14b7cc593eb025c1
2023-03-19 19:37:47,False,0.4451,0.0002449,194.0,0.0475,0xd0...e48e,https://etherscan.io/tx/0x6893aa131f897ae1bbd50d23e2a596d2d6fab3325bf17e83193262d523a87cfd
2023-03-19 19:35:59,False,0.4457,0.000245,776.0,0.1901,0xa6...bb97,https://etherscan.io/tx/0x72f6f71d8935d433622c698497896d9d3f806f90bc4f99158742bec7310437e3
2023-03-19 19:34:11,False,0.4454,0.0002452,133.86,0.0328,0xb9...1453,https://etherscan.io/tx/0x6bff9993c96bb27c15fdd2be248231311f46b474bdb22e6770415c89e435e821
2023-03-19 19:31:11,False,0.4458,0.0002456,2086.23,0.5124,0x6a...8baf,https://etherscan.io/tx/0xb2aa50d59929f9f02d334f24327a5270932432b79f753c0e716f2367e155c967
2023-03-19 19:30:47,True,0.4456,0.0002455,11196.5,2.74941,0xd4...1a19,https://etherscan.io/tx/0x8e21edef20aa91e677e46a9e399cba0d43f04d857eaa0160a85923ee0adc68a8
2023-03-19 19:28:59,False,0.4415,0.0002433,6984.0,1.69981,0x5e...78ff,https://etherscan.io/tx/0xafc13a14bc24b3d8002fbd8991cce77f473b45f3b39bf7287e3dc150a9f12856
2023-03-19 19:23:23,False,0.4447,0.0002451,3689.98,0.9046,0x80...9c97,https://etherscan.io/tx/0x1fba8d5e30a409ecb58ef6768b16eacea63a7f1a463c16061da93a54f4b8854a
2023-03-19 19:23:23,False,0.4489,0.0002474,10055.1,2.48845,0x80...9c97,https://etherscan.io/tx/0x1fba8d5e30a409ecb58ef6768b16eacea63a7f1a463c16061da93a54f4b8854a
2023-03-19 19:21:47,True,0.4543,0.0002506,39.8904,0.01,0x95...c437,https://etherscan.io/tx/0xf4baa8e5e45d6601da507de686b273aec02dc89d048b08b6d35566431df2abbe
2023-03-19 19:20:47,False,0.4533,0.0002501,5545.5,1.38712,0x25...ab52,https://etherscan.io/tx/0xf75b2f4ee33f208f0f60114bca7bbdc21bb0b3801ae9e4416286b3a73b3e2329
2023-03-19 19:18:35,True,0.4556,0.0002518,4332.01,1.091,0xfe...26bc,https://etherscan.io/tx/0xc909b95d009596634c080f2f889dc94ffb2f0d6b6164ae12e92eab706220fac2
2023-03-19 19:17:23,True,0.4542,0.000251,398.366,0.1,0xb6...245f,https://etherscan.io/tx/0x412dd751e54426709f4bc133f052f53ed6675060d7d7b1deb7ab863294c944e6
2023-03-19 19:15:23,True,0.4542,0.0002509,79.6995,0.02,0x67...6237,https://etherscan.io/tx/0xd8cb2aaf89e3d75860daefe785ab4e07d90b9399809530545829c82667010b9a
2023-03-19 19:15:11,False,0.4518,0.0002496,1164.0,0.2905,0xa6...bb97,https://etherscan.io/tx/0x7b42076a7bc0c35ca09c4a1e250b5cf9b5478d338949d05a211b954c09aa27b9
2023-03-19 19:13:35,True,0.4539,0.0002509,2418.25,0.6067,0x87...abae,https://etherscan.io/tx/0x5e7228686e323ac782bb5fc38ae156419830bc9a2ea50512c7338ad09b2296d9
2023-03-19 19:05:59,False,0.4503,0.000249,485.0,0.1208,0xd0...663d,https://etherscan.io/tx/0xf4944b3fa22837affc89707c8a8a176faf7594d9fd790851ae3a3151f98383fe
2023-03-19 19:05:11,True,0.4525,0.0002503,1997.48,0.5,0xa7...0269,https://etherscan.io/tx/0x949374a2129799211d059026a64ace43933baf5b2da6e1e7759c6df3e7ae88d3
2023-03-19 19:03:35,True,0.4508,0.0002495,2472.09,0.6169,0xfe...26bc,https://etherscan.io/tx/0xc68ea01bfecf8dbe08ca611498a792bdd0dbcbd9b751f68503b182f0175f40df
2023-03-19 19:01:59,False,0.4482,0.0002479,2034.18,0.5044,0x1a...5d82,https://etherscan.io/tx/0x088b949f048c8e0aba47220719fe8c8e45443df2b52ce64715320a24c335c74d
2023-03-19 19:01:23,True,0.452,0.0002497,420.428,0.105,0xc4...2ffd,https://etherscan.io/tx/0x2b4bbac3f46870c4ae4a475cf213873ac475064fd6647d89826a385cd39be2d5
2023-03-19 18:56:47,True,0.4515,0.0002494,1317.53,0.3286,0x34...5674,https://etherscan.io/tx/0x8cdecc24198fa35032d472e337e8eeaea59d706f04c6fe867161eb33d56f8ad1
2023-03-19 18:51:11,False,0.4501,0.0002485,4839.33,1.20284,0xac...9b64,https://etherscan.io/tx/0xe65acf3dc8cd2cfdfc27d89286e4b7efb91576b0160abb3e7bd1b56bf452db34
2023-03-19 18:46:47,True,0.4482,0.000247,22191.0,5.48321,0x14...c5ca,https://etherscan.io/tx/0x84bd95eb6f8f85e909893ade23ce11d5760fbc8bce2024abea13852ba63bf12e
2023-03-19 18:44:59,False,0.4387,0.0002419,105.73,0.0255,0x65...0769,https://etherscan.io/tx/0x2f1e0514378a8bd6606cedf33ea3b6e0cb746beb90ce8afc77cc45a1b64b92e5
2023-03-19 18:43:59,True,0.4405,0.0002429,2566.9,0.6237,0xd3...f023,https://etherscan.io/tx/0x39e307fd51941e23a08af730d43a8f5c4f101eba0ba5e5282cc03f1f5ccdf860
2023-03-19 18:43:23,True,0.4384,0.0002418,4413.06,1.06721,0x87...abae,https://etherscan.io/tx/0xa4aafde293edd32fd11623391c41e302e07b11545398e84ebdebdef9301d908f
2023-03-19 18:41:35,True,0.4373,0.000241,207.405,0.05,0x73...89d2,https://etherscan.io/tx/0xf93dcf35d9993b5c8971f98e1325f94af3161defec614f39074c85b8c640a0f5
2023-03-19 18:39:47,True,0.4371,0.000241,273.511,0.0659,0xbf...789f,https://etherscan.io/tx/0x712bc06f39050cdcd01cdd1bdbce3ca476ca77c151ef8aea757e6a16bd8aecd8
2023-03-19 18:33:23,False,0.4339,0.0002399,2425.0,0.5817,0x51...5723,https://etherscan.io/tx/0x0c9213ebd852f7ee0531344c747504638313683b3f054ee3caafcc71e203d65f
2023-03-19 18:33:11,True,0.437,0.0002416,827.795,0.2,0x27...3c7e,https://etherscan.io/tx/0xd421f6c822352c215e09f6310648b75b260cee46031c6aca716d03bbbf9220e7
2023-03-19 18:31:59,True,0.4361,0.0002412,1232.55,0.2973,0x17...d926,https://etherscan.io/tx/0x41374db1799548174c74729e7316d369eb6a93a557a7bd429fe83600e5ee915a
2023-03-19 18:29:59,True,0.4353,0.0002406,2451.51,0.59,0xb7...04e6,https://etherscan.io/tx/0x37c5bab0275b5ae6d36315d1c2afd58be0283786be28cea873c59c65bae373c6
2023-03-19 18:29:35,False,0.4333,0.0002395,4299.04,1.02973,0xcf...d9b7,https://etherscan.io/tx/0xf1f13c5670740c75963191da91f4ae376f42b482890cce130cd1f7470b92b1bc
2023-03-19 18:27:23,True,0.4369,0.0002414,1657.03,0.4,0x6d...899c,https://etherscan.io/tx/0x4d24e90049b7e9a4bec33b5f3cedf06ff4f81da29fd5d6cb407df4620d471589
2023-03-19 18:26:47,True,0.4365,0.000241,669.363,0.1613,0x50...35e7,https://etherscan.io/tx/0x8d31ca54c41ee2390d9160698d58a8176ac1a128c5871b9e14c4ac89b53fcd99
2023-03-19 18:19:23,True,0.4343,0.0002392,10000.0,2.39286,0x51...ee5b,https://etherscan.io/tx/0x3622d2787ad9c2babf8f889f360ed8c0dcbb3b2cc2b0b9bdd52d123047022a3c
2023-03-19 18:17:35,False,0.4324,0.0002378,9700.0,2.3067,0x06...b2c4,https://etherscan.io/tx/0x7deb809d86663a9543620aa3250be2116a4cfaa0aea42a0ade351db44f92bbd6
2023-03-19 18:12:23,True,0.4374,0.0002405,1454.92,0.35,0x26...ff09,https://etherscan.io/tx/0x2cd4ff1d86c89d03144bf3994d8b9d79358f42c0ae44a6d9ae0ed32633125012
2023-03-19 18:11:35,True,0.435,0.0002392,6687.74,1.6,0x26...ff09,https://etherscan.io/tx/0x8266a9efdcfa2cd0a36def9b2f8ef41754b359084c6d6778667b829a96b88330
2023-03-19 18:11:35,True,0.4329,0.0002381,376.846,0.0897,0xd0...494a,https://etherscan.io/tx/0x07a804425e6f79173d3753586544b064ca982d4c733d3986917b8909298e0ae4
2023-03-19 18:10:35,False,0.4309,0.0002369,2251.36,0.5335,0xac...d10f,https://etherscan.io/tx/0xfd7dd21aaac04bc6006b86c4569e1e39f9cf8b73e37a3ddc7a69eb67f34cac49
2023-03-19 18:09:59,True,0.4338,0.0002387,65.5476,0.0156,0x05...703e,https://etherscan.io/tx/0x95e281db7f490a5b0a3bf92dd5ec51e461a96b49f6030f06924f5d23c7b4a5a6
2023-03-19 18:09:11,True,0.4329,0.000238,4200.4,1.0,0x6d...899c,https://etherscan.io/tx/0x6f88adb55a3b75b2793999062843151c7f88ec211b50cdca947a2657efad9394
2023-03-19 18:08:47,False,0.4293,0.000236,728.588,0.172,0xb7...04e6,https://etherscan.io/tx/0x7fce59068cb789087be06be41c8809220a100c59473ba247a1ddefd9736707ae
2023-03-19 18:07:47,True,0.4295,0.0002373,2107.06,0.5,0x11...390d,https://etherscan.io/tx/0x5631e582df24c57e9d89ca58ad2734066c6c5fcbfdbe670937be59c362dd4d27
2023-03-19 17:58:35,False,0.4279,0.0002356,485.0,0.1142,0xcd...cfad,https://etherscan.io/tx/0xbb490ae825d1e5b903e1c528e4193c14e7183480bc907a81e1167464a5e05f74
2023-03-19 17:52:47,False,0.431,0.0002358,969.03,0.2285,0x11...390d,https://etherscan.io/tx/0x453ee2780e5562b8ee67671100e38f1b06ceb4d00878a6d8a1f61c701e5ddcaa
2023-03-19 17:52:11,False,0.4315,0.0002361,679.0,0.1603,0xa8...78b1,https://etherscan.io/tx/0x27a934c0acc7cfe9a8d97e73dc6275268ddf6027121de959e4c936bd669775ef
2023-03-19 17:50:35,False,0.4318,0.0002363,940.9,0.2224,0x8d...123c,https://etherscan.io/tx/0x77cdf99a89d510ec51b9ed81da3bfc9a84b7ace295f11c792d6b23560b9fe960
2023-03-19 17:40:59,False,0.43,0.0002366,1105.03,0.2615,0xa9...37ff,https://etherscan.io/tx/0xd124b1ea16dd4db8b4db976b49c6736dbb67783918850cdb7e7021c5a8a5ebf4
2023-03-19 17:30:23,True,0.429,0.0002382,168.635,0.0401,0x1a...699d,https://etherscan.io/tx/0x6b7369b9d8cc21dcf9f3caf4195cb71dffb27b529d25cd04419dfeb5f6a7bb9b
2023-03-19 17:28:59,True,0.427,0.0002372,6026.76,1.43,0x26...ff09,https://etherscan.io/tx/0x3eb41413bdc5da5a20bc160c5fb1aaa053f86430b8bf9449ad71fdf51b70ef5d
2023-03-19 17:23:35,False,0.423,0.0002349,97.5515,0.0229,0x52...def9,https://etherscan.io/tx/0xee87b94cf00c441ce9e9069abf515f1cbfb9242cf2fd831ddd6d7a95d4e437bc
2023-03-19 17:22:23,False,0.4269,0.0002372,14550.0,3.45189,0x88...e3b6,https://etherscan.io/tx/0xa4f6b6c8134ae83df737c1ce1ede65703115319eba67fd064bee0d8033e0098a
2023-03-19 17:21:23,False,0.4314,0.0002396,485.0,0.1162,0xa6...bb97,https://etherscan.io/tx/0x3317f19bdd370c834937dad510dd9f4fb96d0905e4c549d4c578ebe91cc38b0a
2023-03-19 17:17:35,False,0.4311,0.0002397,390.042,0.0935,0x28...d782,https://etherscan.io/tx/0xb81831c219ac4935e97b7e6a4cc456ffe3848fa8be44c3b1a5e69ab3af85d761
2023-03-19 17:15:35,True,0.4333,0.0002412,414.542,0.1,0x28...d782,https://etherscan.io/tx/0x897ba85dd20a88a5dc7754bb74ab5a3b90f0dd4c9095e4397c463cc549c06451
2023-03-19 17:04:35,True,0.4336,0.000241,871.296,0.21,0xac...f7c7,https://etherscan.io/tx/0x84bd5c5b3e50c4378a51372e5719f224f120b0acc8a667b02f4e8279f23395f5
2023-03-19 17:00:35,False,0.4299,0.0002394,291.0,0.0696,0xa6...4377,https://etherscan.io/tx/0x807773159079a80c50c2d67bd0ef18900d32c3a894ae0a00f49696e8dc7b71a4
2023-03-19 16:51:47,True,0.4324,0.0002407,1200.0,0.2889,0x52...ec6e,https://etherscan.io/tx/0x8841ed4f238aa0e0d7a53a64c00dfde9a3895946c68f5d57d809b3e53bbb131d
2023-03-19 16:51:35,True,0.4316,0.0002403,1747.83,0.42,0x12...ac1c,https://etherscan.io/tx/0x646d90843ad23aa17e542b65ab67e1be14ed6ceb8c66dcf9921f752337ee6b2f
2023-03-19 16:51:35,False,0.43,0.0002394,5145.85,1.23195,0xc0...f96d,https://etherscan.io/tx/0x789b0262ade65570a5788d8cb254853ad746fb1a9eed294965e9ed995c06a61d
2023-03-19 16:50:35,False,0.4315,0.0002402,230.911,0.0554,0xfb...43bc,https://etherscan.io/tx/0x542e0ef1853d56713c1ac4377fc643c1ec89ced7c8c8400d4676281f66948f6e
2023-03-19 16:46:47,False,0.4307,0.0002404,727.5,0.1749,0xb7...04e6,https://etherscan.io/tx/0x689e30d891c20c33e3b958c73b3dc75551cd4fedda423f0f28ad60b3ab5dc449
2023-03-19 16:42:59,False,0.4317,0.0002408,1794.5,0.4321,0xcf...d9b7,https://etherscan.io/tx/0xc67403af7bfffc1684c6b70b1f66192bea3ae1d20689391a2041c98778467f71
2023-03-19 16:40:23,False,0.4329,0.0002413,1212.5,0.2926,0xaf...5f5b,https://etherscan.io/tx/0x1f4289220334c9bdb2737c61b7d2584701714a7b7a17c13c331b710b70cce3a5
2023-03-19 16:37:35,True,0.4359,0.0002428,1102.27,0.2676,0x01...e143,https://etherscan.io/tx/0xdb0f1914476e14b24757d9e718b47754752798b6bc2acca1d194aa8b5fcdbcf6
2023-03-19 16:24:47,True,0.4335,0.0002424,1113.68,0.27,0x10...e1d9,https://etherscan.io/tx/0x129a7cfc8fee0c4612d11bd2f56c971283c2766310cc6c04840768e33f6684dc
2023-03-19 16:19:47,True,0.4279,0.0002385,23059.0,5.5,0xc8...7161,https://etherscan.io/tx/0x4e31a1a35372a7c18025b59e372a0983aa61c346ce59189ac2a34a0133704288
2023-03-19 16:16:59,False,0.4191,0.0002335,582.97,0.1361,0xed...8c3d,https://etherscan.io/tx/0x77c36472c7f0531e984fdbe0049a7ed7c534ba206dcdfff20c8e95b9903ae76c
2023-03-19 16:13:59,True,0.4206,0.0002348,1055.13,0.2478,0x01...e143,https://etherscan.io/tx/0xab01ddd62850ba3c769e8c5e66108ad3d858ef721011877a742b6e9bb53cfd41
2023-03-19 16:08:35,False,0.4201,0.0002335,1765.4,0.4123,0xcf...d9b7,https://etherscan.io/tx/0x4356e6fcff7840527eb1500f35a70a29b64300d0c49a5f3b254df9c4743f33b4
2023-03-19 16:03:59,True,0.4209,0.0002349,1744.84,0.41,0x79...e03d,https://etherscan.io/tx/0x29d100694b810e84c93bece13513d74b3dfb73949f86432d586561dc017ef8d4
2023-03-19 15:59:59,True,0.4191,0.0002345,1000.0,0.2345,0x6b...37f2,https://etherscan.io/tx/0x3958adba567eacd371e6ecca1229f6270a6b0d60b32c7bb40d2430dae151233b
2023-03-19 15:59:23,False,0.4161,0.000233,679.0,0.1582,0xb7...04e6,https://etherscan.io/tx/0x1f5787f3c9ffa04a98fab8edf94fb2887084db644354d29ff0c5f6e537c56247
2023-03-19 15:58:47,False,0.4165,0.0002333,1212.5,0.2829,0x49...382c,https://etherscan.io/tx/0x6b091dd048860f891f2f4e5b44fcb460b68798038d9ca8ce8166609fafa351f7
2023-03-19 15:50:59,True,0.4198,0.0002349,63.8371,0.015,0x91...bda7,https://etherscan.io/tx/0x6f3998681c1dd933ff70d3ed84cce0be8432b1dbe55a1d70877b1d2c77de2143
2023-03-19 15:44:35,False,0.4175,0.0002337,1058.03,0.2472,0x47...b998,https://etherscan.io/tx/0x0e84d31700409ab8410376b2f70d28399e019db0fe6712dfe33a58ef32e2a3ab
2023-03-19 15:41:35,False,0.4188,0.0002345,4088.59,0.9588,0x01...3d64,https://etherscan.io/tx/0xdb401568fd94439aa58d5141eafe4ce42df49ad51bc539232a6f3cdcef75bfef
2023-03-19 15:41:35,False,0.4203,0.0002353,1212.5,0.2853,0x49...382c,https://etherscan.io/tx/0xd1e1571286956bd9851907722dc51ffa08101bed7fa975a78bf11dc4e72490d4
2023-03-19 15:36:23,True,0.4228,0.0002369,422.119,0.1,0x4b...09db,https://etherscan.io/tx/0x029b48ecf21afa40b796479596552817b0db285fed4cf231719f95fadfb22435
2023-03-19 15:34:23,False,0.4205,0.0002354,98.8006,0.0232,0x39...181f,https://etherscan.io/tx/0x80f259c859edafa28582649b187f750be49728bf154a676b2469b029317969f2
2023-03-19 15:31:35,False,0.4212,0.0002355,623.71,0.1469,0x44...f4f1,https://etherscan.io/tx/0xaaf918bf66658019de07a5d13282c47a2f2022d47dd6217893747edde4d990f7
2023-03-19 15:29:59,True,0.4229,0.0002369,668.533,0.1584,0x84...eb12,https://etherscan.io/tx/0x8e111cff7d8deb8eec0a06c18a865ff3956000800b6210cc2bcb76a50d331556
2023-03-19 15:28:47,True,0.4222,0.0002368,126.674,0.03,0x04...67e1,https://etherscan.io/tx/0x346fb2aaad919a274d28e6a691b179ceeac0ce903c0633c8d622cb6883f57a7f
2023-03-19 15:26:11,True,0.4215,0.0002368,31.0,0.0073,0x3e...14c4,https://etherscan.io/tx/0xeacf888f357f5e135c558a632d091b658f72dc096b2dac762ee2bf9ea5db5c04
2023-03-19 15:22:11,False,0.4214,0.0002367,8621.36,2.04109,0xbd...3db4,https://etherscan.io/tx/0xa8045fc77514681c90fc74ef18249cb2035e174aa15cae8963a142f90e296405
2023-03-19 15:19:35,False,0.4252,0.0002388,4704.5,1.1238,0xc5...ba47,https://etherscan.io/tx/0xf72886cb9efec1581cb6185160b9384417c7cb4c837466d1882acd5d07f68963
2023-03-19 15:17:35,False,0.4273,0.0002404,4850.96,1.16628,0x81...7cda,https://etherscan.io/tx/0xed6ee2be0ccdaf1d2559b96ecf0c6ad618b65028c526d68f17d52d28614f306a
2023-03-19 15:15:47,True,0.4313,0.0002425,618.396,0.15,0x5e...7f63,https://etherscan.io/tx/0xf1d2cadc20c00633ca591a5832909c12a2b6489c0dfc593e332087681ca11498
2023-03-19 15:14:23,False,0.4292,0.0002413,1940.0,0.4681,0xcf...3224,https://etherscan.io/tx/0x2a26bf20a875433f28b538c55ff4cd0cdbce8054a4ae98bced62acd9532d2c19
2023-03-19 15:13:11,False,0.4298,0.0002416,77.6357,0.0187,0x26...b14a,https://etherscan.io/tx/0xc10fe188c8c48457a5fc8d6b5288b5deb086756a347ea25e99d85b7e371e7de0
2023-03-19 15:10:59,False,0.4299,0.0002417,485.0,0.1172,0x37...141e,https://etherscan.io/tx/0xf0e7c1ece56aead6d6bc3a8089452ecd6df1d5de07661f5d264de6f2752793cb
2023-03-19 15:10:11,True,0.4323,0.000243,1234.16,0.3,0xd0...e48e,https://etherscan.io/tx/0x8caefc7e82aec53261a95d6faa9543e37472f272d4a9e3a1d44277a8804a46d0
2023-03-19 15:07:47,True,0.4316,0.0002428,45.2918,0.011,0xaf...a8c3,https://etherscan.io/tx/0xfe6a0037edfe8cb2e0b5817c741e845da1c1a54af2fedef3946ce6a5e8b852f8
2023-03-19 15:07:35,True,0.4313,0.0002426,1174.44,0.285,0xa9...37ff,https://etherscan.io/tx/0x68a9fd46cb413760cdb7356a9c2654877e6a4dce485aca19996c34211c9dd3a8
2023-03-19 15:07:35,False,0.4289,0.0002413,1940.0,0.4682,0x90...c324,https://etherscan.io/tx/0x059554a3fd7fbbaafc6362b823d836b62501e2f30341915818edf2796d654047
2023-03-19 14:52:47,True,0.4316,0.000243,689.381,0.1675,0xb9...bdef,https://etherscan.io/tx/0x06840e714eb12f91d97a435a673a89474a4f136e19a415bf476eb23f478752f2
2023-03-19 14:52:35,False,0.4293,0.0002417,1666.37,0.4027,0xe5...22f8,https://etherscan.io/tx/0x69d99937d7c9fc84259aa41ea49a4e517014fb08ad88218fe7808e30dc5d8bc3
2023-03-19 14:48:35,False,0.4304,0.0002423,1940.0,0.47,0xcf...d9b7,https://etherscan.io/tx/0xd3ca554c4206f462f0145fd778dd3a4697add78a354b9843d67b3efed9e511cf
2023-03-19 14:46:11,False,0.4324,0.0002434,4850.0,1.18058,0x5f...0c09,https://etherscan.io/tx/0xb37c1d7e8732c18e88f041093852fa71d67b79b4e691e068093d9b4715917660
2023-03-19 14:43:35,False,0.4344,0.0002445,1980.03,0.4842,0xec...d95c,https://etherscan.io/tx/0x67b0edee8d1b6484fe48574afa89bb8c230a24d0d750937ec881e2e5de02d086
2023-03-19 14:38:23,False,0.4353,0.0002451,1600.5,0.3923,0xd5...9e8d,https://etherscan.io/tx/0x4113aa589768dc46960a79b667545991eeee9fe97bf971963d41c118c9c8ecf9
2023-03-19 14:36:23,True,0.4396,0.0002468,121.519,0.03,0x26...a555,https://etherscan.io/tx/0xeb685542b5e60cdee378262bd19925c346d81e511f125d5998815192f88dd1df
2023-03-19 14:34:59,False,0.4379,0.0002459,3509.56,0.8632,0x18...8bd4,https://etherscan.io/tx/0xca0c62958ad07127461c4c97fbd2a2cb9ee71821cc7703cac317982ea199b636
2023-03-19 14:34:23,True,0.4415,0.0002479,483.948,0.12,0xa7...e8e4,https://etherscan.io/tx/0x8764687f20cd47e120ff528fec5da594a4f1ce0b773471c21389a52c791a1a1d
2023-03-19 14:34:11,False,0.4393,0.0002467,1940.0,0.4786,0x94...8014,https://etherscan.io/tx/0x59d0af59bf237c4eca429a21ac361961dbf323a594d42e3d99cc0cb512f586a4
2023-03-19 14:29:11,True,0.4423,0.0002485,164.984,0.041,0xf4...b044,https://etherscan.io/tx/0x21b6afdf8664e2d97019d951f6c025433113c052718028cf361fb66cef04942a
2023-03-19 14:26:59,False,0.4403,0.0002474,2425.0,0.5999,0xb7...c863,https://etherscan.io/tx/0x59a211321dfda49be54efac344d56dbd70529e2d3de4c70f9d7d5697bdc55bf2
2023-03-19 14:24:23,True,0.4432,0.0002489,2294.45,0.5711,0x26...4e83,https://etherscan.io/tx/0x6bd673aa81b8428733996dc2b64b3ee9fc29a8885fd492fa09f3301e439e08f4
2023-03-19 14:22:23,True,0.4384,0.0002463,12932.4,3.18565,0x29...fac3,https://etherscan.io/tx/0xef41e75d838b10144e26752188c414986eaf0482963a44beb0f0b7666bf9e373
2023-03-19 14:17:35,True,0.4342,0.000244,486.733,0.1188,0x84...eb12,https://etherscan.io/tx/0x560a2bdeb55c3fe2b1fcff8d30240b7ff4b2bd33896373008a281432ae526512
2023-03-19 14:16:35,False,0.4317,0.0002427,1455.0,0.3532,0xa6...bb97,https://etherscan.io/tx/0x5f02a8e99306776c39bbd6faf142f7f2c076120b0fe464e7917801e9a6299315
2023-03-19 14:14:11,False,0.433,0.0002435,3463.97,0.8438,0x80...9c97,https://etherscan.io/tx/0x13a1c54e92e54f61804018ed8d939229219a03dcafed21563c31928ab5ba0c7a
2023-03-19 14:12:11,True,0.4363,0.0002455,330.127,0.081,0x55...3820,https://etherscan.io/tx/0x982a64ff2231fa9234b495445c691d4e773586b6934b9c060b2c218489991ee6
2023-03-19 14:07:23,True,0.4373,0.0002454,228.115,0.056,0x18...7b05,https://etherscan.io/tx/0xd44faa69f87daf7711d1af303e57b2232eb907e98a2dd17d4ec08a55a3696aa3
2023-03-19 14:00:23,True,0.4349,0.0002438,9439.89,2.30217,0x88...e3b6,https://etherscan.io/tx/0xcac51ae4e92ea50ca9d926e59c364ea0ab74fb2b5997e9769435f8d41408ef3a
2023-03-19 13:54:23,False,0.4308,0.0002415,4450.36,1.07518,0xc9...ec2b,https://etherscan.io/tx/0xa3801850e1d5f88c2acbaf011d8c51c220fb59b139f9bc5db484d559121993c3
2023-03-19 13:53:23,True,0.4333,0.0002429,5000.0,1.21477,0xc5...ba47,https://etherscan.io/tx/0x4b7223f6c9e99d02a7e6517446ddac1569861a757735c5823620d58123452981
2023-03-19 13:52:47,True,0.4304,0.0002413,4889.58,1.18,0xdc...eb78,https://etherscan.io/tx/0x624f9501cdefeb6f96e55dc06de18480c38fa066755d733c209f1d2007458c2b
2023-03-19 13:41:47,True,0.429,0.0002404,415.861,0.1,0xc9...a835,https://etherscan.io/tx/0x7d0b1ad631a993790a8a345ea5e8b548c734be4f9433f0086ff817c1571f2bb7
2023-03-19 13:27:23,True,0.4288,0.0002403,266.274,0.064,0x5d...9304,https://etherscan.io/tx/0x1c1bb9ebdeda83cc97b8cb06e03d1730ce5e02d52853b370c88cbaa75c3cd294
2023-03-19 13:24:35,True,0.428,0.0002399,2350.0,0.5638,0xca...065d,https://etherscan.io/tx/0xa6815fb507659cc911724c729e4c5b6fe06fe384a7f4da3af5853de351bff6bc
2023-03-19 13:22:35,True,0.4275,0.0002395,220.0,0.0526,0x5c...8fe0,https://etherscan.io/tx/0xa04caefe757ffa2ed9b50a7a19169f1a0bb298eb15e4ef7ee6b3c91c7627b207
2023-03-19 13:16:47,True,0.4283,0.0002392,1224.1,0.2929,0xa8...8485,https://etherscan.io/tx/0x8fe0ba15515e687ec5d4593c8c48869c6df6c82a58f92de5ff837ef41d87e6c9
2023-03-19 13:13:35,False,0.4259,0.0002379,1940.0,0.4616,0x96...f722,https://etherscan.io/tx/0x518cca29739ac7a0f0a1db55a4f3123282241bbacda36a3c68f3dff7c8bd5301
2023-03-19 13:07:23,True,0.4245,0.0002376,12622.1,3.0,0x88...e3b6,https://etherscan.io/tx/0xff4fa93f7dbd853a3567f345e6d9dd4a388c4e02a26aa31244a92b058f1b7e47
2023-03-19 13:06:35,True,0.4194,0.000235,4296.0,1.00955,0x9a...58ee,https://etherscan.io/tx/0x0aa4e78a13db576a63d65000bb7b0024c9075e138bc54e6c7d8c8eb7a9476e1c
2023-03-19 13:04:59,True,0.417,0.0002336,4279.81,1.0,0x07...1daa,https://etherscan.io/tx/0xa48a377794a567bb636e0a4e0de8fb05c64f11b567ad30490d70ce026cd5acf0
2023-03-19 13:01:47,True,0.4159,0.0002329,429.325,0.1,0xc4...229f,https://etherscan.io/tx/0x5fec4db359ee5a3c693d3f00ec7772dbbadeb7eac81c8497a1448b1ad2b6b159
2023-03-19 12:57:47,True,0.4153,0.0002328,236.233,0.055,0x45...be88,https://etherscan.io/tx/0x62505e84128b68a6fabf606d223eee409d07e477dc6e48f936e718926ef9ffee
2023-03-19 12:54:47,True,0.4148,0.0002326,666.743,0.1551,0x31...9eba,https://etherscan.io/tx/0x103da6517816d9ae13a6131b7d31e40e04f140d6a2eadf929425034d4f7cdf74
2023-03-19 12:47:35,False,0.411,0.0002312,678.389,0.1569,0x96...f722,https://etherscan.io/tx/0x2554f5fdedad458a904b505e9713689ddd3a4771fddec47bebca55be6f8ca3e0
2023-03-19 12:45:11,True,0.4135,0.0002327,257.791,0.06,0x17...18e1,https://etherscan.io/tx/0x7b08d4e1681771fdc57698c1d50bf1983467d50a7b38064a853abec710072292
2023-03-19 12:42:35,False,0.4109,0.0002313,97.0,0.0224,0x39...181f,https://etherscan.io/tx/0x305884e5fa042adb183dc0f8f0a8554183f8d5b690c50c9cdf72e1a12f4de747
2023-03-19 12:41:11,False,0.4119,0.0002319,3880.0,0.8999,0xe4...2b91,https://etherscan.io/tx/0x36ab8a4ebc74c4e67620c821d9fcf0a87f153213fe8522e04fde075865e0214b
2023-03-19 12:36:11,True,0.4152,0.0002339,75.0,0.0175,0x32...f5b8,https://etherscan.io/tx/0xf7d00daa5967ef2022564a70f8008cf3608109f372ac3bdfd5c51d2e9245387e
2023-03-19 12:17:47,True,0.4132,0.0002331,5000.0,1.16569,0x36...59a7,https://etherscan.io/tx/0x242de1688782572f7c98af4c5481672869639cd4dbdf4709d28574b9bbc0e562
2023-03-19 12:07:23,True,0.4098,0.0002317,4000.0,0.9269,0xb5...d239,https://etherscan.io/tx/0xa6d333a06f3e040af19a5f10e541c675687b960d2485809e6e406e818ec1fdea
2023-03-19 12:06:47,True,0.4087,0.0002311,169.193,0.0391,0xa2...9001,https://etherscan.io/tx/0xe9df212ebe58257907a032f3f2512199c558d0aecda2d0b921c4bce082ba217f
2023-03-19 12:06:11,True,0.4091,0.000231,213.482,0.0493,0xa2...9001,https://etherscan.io/tx/0xc7cca9fa4b03c04aa73e2fb3f06c1655ebbc2e7c728ada754b7d60081987682c
2023-03-19 11:45:47,False,0.4086,0.00023,2910.0,0.6695,0xd0...663d,https://etherscan.io/tx/0x22b1d33e15b866294bfd7f0f28f1c950de19cc6423a36a97a7bd89207d325b8e
2023-03-19 11:44:35,True,0.41,0.0002308,7148.75,1.65,0x7f...8bd1,https://etherscan.io/tx/0x31bc03915432e763eaa1fccfde1a12d8621385021dd752feb43c984d6993d23b
2023-03-19 11:26:47,False,0.4061,0.0002287,2427.73,0.5552,0x85...ccf4,https://etherscan.io/tx/0xa370c4b7fb2d511f52036ca8461b5fa1518214c933341c07b62b3fc0379216f2
2023-03-19 11:26:35,False,0.4077,0.0002295,3290.34,0.7553,0x49...f683,https://etherscan.io/tx/0x7da19cd2d7a1a4051aa4f554579eaf765beafa78a107b670856fcb5b26dfc681
2023-03-19 11:26:35,False,0.4113,0.0002316,10059.6,2.32999,0x49...f683,https://etherscan.io/tx/0x7da19cd2d7a1a4051aa4f554579eaf765beafa78a107b670856fcb5b26dfc681
2023-03-19 11:14:47,False,0.4146,0.0002335,2425.0,0.5663,0x1c...3af5,https://etherscan.io/tx/0x336505c5212dd65d64b0882af771424f368b103bec657ee19b856a64fef3cea1
2023-03-19 11:12:35,True,0.4177,0.0002353,203.716,0.0479,0xec...2b94,https://etherscan.io/tx/0xbfae6b95306fde2f2e504dc485ce725f14b7b0ab2b94a0e92bb4667ae59db8dd
2023-03-19 11:11:23,True,0.4173,0.000235,1195.47,0.281,0x37...8441,https://etherscan.io/tx/0x359686be4feb3c790bb4988d2d23c99d956fe8963e579545d28155ac7326a6c3
2023-03-19 11:07:47,True,0.4164,0.0002343,3808.0,0.8922,0xec...2b94,https://etherscan.io/tx/0x3aa957a93feb5f25935c2a297e860317a304f1d98124c4e8963af1ccc8a5fd38
2023-03-19 11:05:35,True,0.4148,0.0002333,2142.54,0.5,0x81...7cda,https://etherscan.io/tx/0x86d78bed75713c2dfdb873ebca149217683611a6f378f5de8d7e8b8937266d51
2023-03-19 11:04:47,False,0.4143,0.0002331,9700.0,2.26148,0x5b...086e,https://etherscan.io/tx/0x7819a44f95e8551792e5cf83aa9c1017e79b6f5a3d9181d4c0225cabbe28eb88
2023-03-19 11:00:47,True,0.4196,0.000236,87.0853,0.0205,0xb4...db2f,https://etherscan.io/tx/0x562fc235a25966ce98520c5bad862100e7e86fc463d9b48565214f8e2ab61ae3
2023-03-19 10:45:47,False,0.417,0.0002347,970.0,0.2277,0xd0...e48e,https://etherscan.io/tx/0x097d30da4d5935d530f97778a4f1ca4e410348321a0778620639d9f14c51af19
2023-03-19 10:44:11,False,0.4172,0.0002349,82.4592,0.0193,0x42...c9e6,https://etherscan.io/tx/0x2159d95419c737dc155a92f13d6f9d6cc1920fae407169e4d4896fded0e73435
2023-03-19 10:39:11,True,0.4191,0.0002362,846.612,0.2,0x21...879d,https://etherscan.io/tx/0xed7f4cd645dba3edc0cda832d304f121f3a4e2f91ff0a5a0563d05eedde08e12
2023-03-19 10:34:35,False,0.4166,0.0002349,1940.0,0.4558,0xcf...d9b7,https://etherscan.io/tx/0x16b87e9b7b7d50a8cafee0c4c78c5760e88307f56efdddc0df9a9ed255871bcb
2023-03-19 10:26:59,True,0.419,0.0002365,845.377,0.2,0x8e...de35,https://etherscan.io/tx/0xe7e8a2c95dbb58938e3fa9d82d87b7b7f49f31ba86ab93425d54aad308b14937
2023-03-19 10:02:47,True,0.4191,0.0002364,170.296,0.0402,0xd3...1e79,https://etherscan.io/tx/0x42ebd9884bc86f625a9d11a3dda4d285c466483b1e09442965e86a8dfd4dc171
2023-03-19 10:00:23,False,0.4171,0.0002353,2179.58,0.5129,0xe2...8c3b,https://etherscan.io/tx/0x1ea15fd365647021d616f9028ba1690619168d65e3383ca5eaba686397c5177a
2023-03-19 09:45:59,False,0.4189,0.0002357,504.4,0.1189,0xd0...e48e,https://etherscan.io/tx/0x3ee7925f81534a80066aed9232774820d32bbff2de265352904d40cfcf7717d1
2023-03-19 09:34:23,False,0.4207,0.0002366,4905.43,1.16063,0xdc...eb78,https://etherscan.io/tx/0x87ec48e2d5a3f88f7ed3df44fb9248fc58a85baa13490f577dbd854ee1acee2e
2023-03-19 09:28:59,True,0.4242,0.0002387,502.662,0.12,0x77...9107,https://etherscan.io/tx/0x3e9a892c157a84bade476911c312a8fab6ce51b709ca26a10e34665f849af398
2023-03-19 09:22:59,True,0.424,0.0002386,200.0,0.0477,0x5f...b464,https://etherscan.io/tx/0xede500c96d5c02df600e5fdc967562352996b5702986ec54c8dfb7a9d753d2f9
2023-03-19 09:21:23,False,0.4218,0.0002375,2425.0,0.576,0xcf...3224,https://etherscan.io/tx/0xd7b8fd5d41fe4dff348e665ebc43b33bd4a02e5cdad589ef58459614b6c300b2
2023-03-19 09:18:23,False,0.4214,0.000238,444.26,0.1057,0x9e...e4f7,https://etherscan.io/tx/0x66a5f26fb8a05d3e557cccf883e57bf47be82f68c1766ff13b27949858c65cd5
2023-03-19 09:16:11,False,0.4214,0.0002381,253.629,0.0603,0xdd...e542,https://etherscan.io/tx/0xa4fa512515ee842fbc581ad97072da28d0717c7d25b799ac1df6b3f390bbda7f
2023-03-19 09:14:59,True,0.4239,0.0002395,50.0,0.0119,0x1c...3651,https://etherscan.io/tx/0x2c977b4a42ab3a1c1304ad0327d54dc607f81469789cf239228dc7d6750783f4
2023-03-19 09:14:47,False,0.4241,0.0002397,9700.0,2.32513,0x06...b2c4,https://etherscan.io/tx/0x407ce39c81bec001c479539d55e76f4af9d610b529d2dbd4ac98a9c08b8a13cd
2023-03-19 09:08:47,True,0.428,0.0002414,8077.75,1.95,0x1a...8ad0,https://etherscan.io/tx/0x48586a6cafcc616ceac28275dc1a4efc0cee0f716a1b512e81b3e91e878f0866
2023-03-19 09:02:11,False,0.4262,0.0002403,10369.8,2.49218,0xb9...35e0,https://etherscan.io/tx/0x042eb6aa84c00b4c90e0e19b8b73b7ab92d828584870f6b61c1eab3a9f458a1b
2023-03-19 08:59:11,True,0.431,0.000243,2378.05,0.578,0xd6...3821,https://etherscan.io/tx/0x8eca3a70757343e96119978e9d6923a5eedfc0e529ae5c5b23602c031702bc3a
2023-03-19 08:47:11,False,0.4277,0.0002413,398.67,0.0962,0x5c...13a3,https://etherscan.io/tx/0xa3ce48a480cea2e2b14d1561bc0f3806a9dfebd48abe103d93cf6c6d0e07c1df
2023-03-19 08:39:47,False,0.4292,0.0002421,4850.14,1.17454,0x9c...51f9,https://etherscan.io/tx/0x44b8f6c7a3cd27fd94a0f843e8e395212e4217da377f2420cf555958e39bf9ec
2023-03-19 08:34:11,False,0.431,0.0002431,1164.0,0.283,0x56...8f82,https://etherscan.io/tx/0x3573ae7e9711fd6f824af1f74e857329d8193ed8caeafe11eed52248d2a41a83
2023-03-19 08:33:23,False,0.4321,0.0002439,3425.17,0.8354,0x88...7627,https://etherscan.io/tx/0x567a64cfb2d84b95f90695bc67296ccbbfde40bc1d54a28557f4837d3e11e781
2023-03-19 08:30:11,False,0.4332,0.0002448,1940.0,0.4749,0x88...7627,https://etherscan.io/tx/0x6682e8a1359ac7f4537e87f61afa375ac92f27f9aa5bbfb699b3d19a7744fb7b
2023-03-19 08:29:23,False,0.4388,0.0002479,16621.1,4.12124,0x07...dda8,https://etherscan.io/tx/0xbaa4834f2a0d0c72fe48e3a6e43bc62b571c7e50493c9bb405f3e14ffa13face
2023-03-19 08:28:47,True,0.4437,0.0002507,9034.32,2.26522,0x07...dda8,https://etherscan.io/tx/0x01a43e210b43e774dddd7316249cebbf3e195603df5ef92c91e06b844d351e88
2023-03-19 08:28:47,True,0.4409,0.0002491,60.2004,0.015,0x6b...6b26,https://etherscan.io/tx/0xecb2eea5aed6893518c57cd8f8b08485f36e2c8cc5905ab3deca07f5636a63cb
2023-03-19 08:27:23,False,0.4389,0.0002479,1846.05,0.4577,0x4b...2cc4,https://etherscan.io/tx/0x4241c52b86a7c1e2ab2dc3e7ec99dde7fb127e00b5f9e6371731a9f8b1cef04e
2023-03-19 08:25:59,True,0.4408,0.000249,4417.13,1.1,0xce...672c,https://etherscan.io/tx/0xf566ae6f10f2a4b86d2d2917552b284ff388689197718f417751e1a36909f432
2023-03-19 08:25:47,False,0.4377,0.0002472,2910.0,0.7195,0xd1...45bd,https://etherscan.io/tx/0xf2ed9cf273a7e528e8f6b9de4c8bc4cf9b718d638740ba0d28042c899c36669a
2023-03-19 08:25:35,False,0.4396,0.0002483,3280.64,0.8147,0x18...8bd4,https://etherscan.io/tx/0x5d7ab448e04a39c2c7d4f5b6d1bc64becb573d1800841b8d6f2ba7bf4ffe5a49
2023-03-19 08:22:11,False,0.4406,0.0002489,96.3695,0.0239,0x23...97e3,https://etherscan.io/tx/0x642a6ad138192f7571c2c4dc58f86c8ee6adced2a1ea6e7e19692f1325f8aaab
2023-03-19 08:18:47,True,0.4362,0.0002465,22771.1,5.61417,0x48...7147,https://etherscan.io/tx/0x16c9807affe710a974bc45563abbb801601cfc9fa7027982b23578e6dbb629c4
2023-03-19 08:12:47,True,0.4278,0.0002427,123.6,0.03,0xd9...92ae,https://etherscan.io/tx/0xa0f753742ea5ee055b9a708f5f27d9c4b7d9091e195af573dd9ab9d5bf0e18ab
2023-03-19 08:12:35,False,0.426,0.0002417,2910.0,0.7034,0xd1...45bd,https://etherscan.io/tx/0x7cae7f452588cc9c71d805f5974a08dcd8b0a3d6ca973083c1c324d671a01b06
2023-03-19 07:59:35,False,0.429,0.0002424,1512.03,0.3665,0x5e...369b,https://etherscan.io/tx/0xa735f33333b9fba03efc2bdda0c350b7cb0d226280348158201151058d818d82
2023-03-19 07:53:35,True,0.4261,0.0002407,20768.8,5.0,0x42...d7b3,https://etherscan.io/tx/0x629570c8246148b4d834a634b35453c2685eeb54ade8330b2ff903eaa0e0a503
2023-03-19 07:41:59,False,0.4185,0.000236,592.67,0.1399,0xc9...f264,https://etherscan.io/tx/0xcb9c091197f10173fba3fd81d51bb2d064c2121f2f883a60026cb41f981cb042
2023-03-19 07:41:59,True,0.4118,0.0002323,33769.7,7.84458,0x84...d0f1,https://etherscan.io/tx/0x1bcc9892f3924cf8d3845187c316b258d9c1f392ac7e1f9f004a62befcb67f65
2023-03-19 07:32:35,False,0.4015,0.0002265,5174.95,1.17241,0x36...59a7,https://etherscan.io/tx/0xa142cff46c1958ed4fd85580f7f484dd00905ea273504f2fd5ba1238e3513ee1
2023-03-19 07:25:59,True,0.4043,0.000228,4337.96,0.9892,0xb8...0a69,https://etherscan.io/tx/0xef9825c2925f0d1b8bec9bbca49daf74a6e0c1f8da0b634e646dce7dff153a2c
2023-03-19 07:24:11,True,0.4028,0.000227,2647.55,0.6009,0xaf...5f5b,https://etherscan.io/tx/0xee1763dd950d60ef279f9ac750bcaabfc3e01d92e2442f3de757f5b35c33a380
2023-03-19 07:17:59,True,0.4026,0.0002265,441.43,0.1,0x37...8441,https://etherscan.io/tx/0xd6a2ab1be20954631fe767aeafc5a9e6d9c8d43897e168cd853be5133b615b43
2023-03-19 06:53:35,False,0.4008,0.0002254,2151.46,0.485,0x3d...6443,https://etherscan.io/tx/0xa9843334057af4b0f19a8b7bbedaddaff2f346feeea957b4a4d54a2ae8868c43
2023-03-19 06:47:47,True,0.4037,0.000227,132.106,0.03,0xdc...eb78,https://etherscan.io/tx/0xcae923cdc6a0fc1fcdc1973c04e0916db17aaeea9f2492c0658b65d8febf8dd8
2023-03-19 06:46:11,True,0.4028,0.0002263,5081.44,1.15,0xdc...eb78,https://etherscan.io/tx/0x12362cf78ad6f8597ab6f7ccdccfb9bbfcf46b9532f41d9d9129cc4fb239ecf8
2023-03-19 06:41:47,False,0.3998,0.0002245,2073.96,0.4656,0xdb...d71d,https://etherscan.io/tx/0x5f3f0833366c50972d5d065e090b7f5a661f934f4963698880d6f920f959c7a2
2023-03-19 06:37:35,False,0.401,0.0002251,2463.92,0.5548,0xd5...2a9b,https://etherscan.io/tx/0x0aebaa87c5bc4330cb79eacefd9896fbb5a984fd478bb27128f2f0642ed65f19
2023-03-19 06:32:11,True,0.403,0.0002264,2874.47,0.651,0xc0...d5e9,https://etherscan.io/tx/0x7780749fa78740d87249c0846ad04dec05a7b1a80df160eb30a58f33765a8edc
2023-03-19 06:12:11,True,0.4018,0.0002259,721.0,0.1629,0x96...f722,https://etherscan.io/tx/0xeb0f9e64fc2da1e0be4dae4e3dd5878fac54c29afef9dddb3e774721ac609edf
2023-03-19 06:09:59,False,0.3997,0.0002247,1697.5,0.3814,0x7e...547c,https://etherscan.io/tx/0x5687801a6f52d8b45981403c58fd4a1c39649a8c872eff09a9456d45f42034c7
2023-03-19 06:04:23,True,0.4022,0.0002263,49.4851,0.0112,0xd8...21fc,https://etherscan.io/tx/0xd1630086c634227411e9947e91dc4ffa4dc4b13e1ea682652fccc580a514c20e
2023-03-19 05:46:47,False,0.4003,0.000225,398.67,0.0897,0xc9...f264,https://etherscan.io/tx/0x74ce1360a62bd86923dd33c42711caf647d1d69f7af369629310520acbfd23c4
2023-03-19 05:42:11,True,0.4005,0.0002251,8660.52,1.95,0x74...cd61,https://etherscan.io/tx/0x77537132c9d27c68cb53325a62197fa209839642ae36363d0d9687b12a38cc7d
2023-03-19 05:40:11,True,0.3979,0.0002236,1625.86,0.3636,0xa1...a40d,https://etherscan.io/tx/0x9994863b677ee900d96ee3b777bce1d990b864fa0c74615fcd89d030de6c628f
2023-03-19 05:39:47,True,0.3973,0.0002233,537.307,0.12,0xa1...a40d,https://etherscan.io/tx/0x07db31b2a88447219a86e61cbaf614c46557cf5ed4967b5be9e4b15076920794
2023-03-19 05:37:47,True,0.3965,0.0002228,2557.36,0.57,0xf6...33c2,https://etherscan.io/tx/0x163dbb48796237e9cdf4f3633ac8ac15950a28809c6fda7440f62a3c334d6a32
