datetime,buy_order,price_USD,price_native,amount_token,total_native,maker,etherscan_url
2023-03-23 20:09:47,True,0.4329,0.0002407,20.7445,0.0049,0x8c...a7e9,https://etherscan.io/tx/0xbfa5802f0ccf5987169cccfd7bed10d601cc47bf20abbe9a617e85c54d93a6ef
2023-03-23 20:09:35,True,0.4328,0.0002407,26.4533,0.0063,0xe1...6d66,https://etherscan.io/tx/0xa8b06e24a6ab743b57d8a6315ce858e25481ec867e690c1270d0b01ec83d3392
2023-03-23 20:07:47,True,0.4324,0.0002407,28.7898,0.0069,0x59...5b88,https://etherscan.io/tx/0xa559b4238e81ff8f699d09fe53e624c17d5f115e8dce676daec4fad36af06ed5
2023-03-23 20:06:59,True,0.4321,0.0002407,155.383,0.0374,0x62...7756,https://etherscan.io/tx/0x9b6c753500cba1cb9eb7aa9a6c5e660a2e23fabf2099ef30abb7876829523cfa
2023-03-23 20:04:59,True,0.4326,0.0002406,25.2176,0.006,0x9e...9384,https://etherscan.io/tx/0x6245463fe0c5258a2379bb5043c302ae42a406ec6be109bfddc58a72d3747677
2023-03-23 20:04:11,True,0.4335,0.0002406,146.846,0.0353,0x80...4050,https://etherscan.io/tx/0xb0c4a52be8ced1cd6d5bfa5dac248cae0b0b57bcee8f2d189caa08315ed8697e
2023-03-23 20:03:23,False,0.4304,0.0002392,512.172,0.1225,0x58...6b07,https://etherscan.io/tx/0x7734b109d1363e6de53cb1f411a5e116d483a535a2ad0b2d309b7a7a06ab3311
2023-03-23 20:01:59,True,0.4344,0.0002407,73.6409,0.0177,0x24...454e,https://etherscan.io/tx/0xd3e3524abbe053ce14307bcd2edae4dce8dce9698987b0db48b64af4528bf2f0
2023-03-23 19:59:59,True,0.4334,0.0002407,20.035,0.0048,0xa1...f297,https://etherscan.io/tx/0xa8cef1cb3047b0b0006212795a1c1eeac8cba3658596fe5385ae2e2e7966ffd6
2023-03-23 19:59:23,True,0.4334,0.0002407,48.657,0.0117,0xca...076b,https://etherscan.io/tx/0xfc524311011a1c8fb3e8716ed2e2bef2d241524525ee87e258541ffa39e1ac4d
2023-03-23 19:57:59,True,0.4327,0.0002407,102.59,0.0247,0xc4...27a9,https://etherscan.io/tx/0x26f352caa4ddd571d58af82dca41c65ecfcd74ca7658507919cd2beb2fce68d6
2023-03-23 19:54:47,True,0.4348,0.0002407,13.9645,0.0033,0xc0...78a9,https://etherscan.io/tx/0x7f2caeda96d970c30f5df056121a1e2e4355a011b048a3b7253cadf64e6901f3
2023-03-23 19:54:47,True,0.4348,0.0002407,16.973,0.004,0xf0...2082,https://etherscan.io/tx/0x4e63228c74cb812623a6d4a006b758b8fa86fbd175df1060901924cbc688a93a
2023-03-23 19:54:23,True,0.4348,0.0002406,114.039,0.0274,0x9a...fb68,https://etherscan.io/tx/0x145925c99f361920f1d2f87167fee1300406cb66bc4fb3585f2b74c47b0d2931
2023-03-23 19:50:35,True,0.4344,0.0002406,70.0987,0.0168,0xeb...eaae,https://etherscan.io/tx/0xcc634fdb8cfc0155cc403e2de963fc4461d7da1e7d5466775b6a0e810520537d
2023-03-23 19:49:35,True,0.4349,0.0002406,19.3208,0.0046,0x15...36e3,https://etherscan.io/tx/0x179fb8e730223e0a503c2fd75cfc73f4a4695dfaae0cccd4e108b8e5f933e1af
2023-03-23 19:48:11,False,0.4385,0.0002424,20176.0,4.89201,0x40...9f12,https://etherscan.io/tx/0x433c5e1277f556b387998bff54aaa83363b54dd16e4dcf17593a0c09697949cc
2023-03-23 19:46:47,True,0.4487,0.0002472,31.4967,0.0077,0x66...2fdf,https://etherscan.io/tx/0xf2e5e53bcac1b65142b0d6ea5bcb87c4f23f16b0e1331fe689a97f9674661c7e
2023-03-23 19:46:47,True,0.4486,0.0002472,49.6676,0.0122,0x4f...4cb7,https://etherscan.io/tx/0x80d2148371c2974e193add12a3ff189e612eed8634cc35a876f22b2b8d95239e
2023-03-23 19:46:35,False,0.4462,0.0002459,970.0,0.2385,0x09...2b1f,https://etherscan.io/tx/0xf2603cf5f4f7481e0b49ee330b9726f84a3b96caccec637afb6f2daf0a50f91a
2023-03-23 19:44:23,True,0.4491,0.0002475,64.551,0.0159,0xa5...ba37,https://etherscan.io/tx/0xa677caba9df31321992edce6648ced71bbf978dc4effb213e21d793687bd58ce
2023-03-23 19:43:11,True,0.4497,0.0002475,49.2389,0.0121,0xef...c373,https://etherscan.io/tx/0x72343d822320f1c110cd57af52f4bc29ebd2917b97c0900209d1b63b1a115beb
2023-03-23 19:39:47,True,0.4504,0.0002475,58.8483,0.0145,0xd0...578e,https://etherscan.io/tx/0x2e21eb6e2a844d22889f32c3c96c39d55f598a577b9b3e2a1e3e36054f775c8d
2023-03-23 19:37:23,True,0.4504,0.0002474,78.8946,0.0195,0xa5...ba37,https://etherscan.io/tx/0x9fa42753f457a036e62269b14fd97b90fab7575b7ef84fdc2af11a8c83b3cd18
2023-03-23 19:36:11,True,0.4504,0.0002474,38.2148,0.0094,0xd7...d754,https://etherscan.io/tx/0xf930ffb4384222163dbf216004dea10a378120803b1c59e04dae5a87f9dccc0d
2023-03-23 19:35:59,True,0.4503,0.0002474,17.1836,0.0042,0x12...8ed2,https://etherscan.io/tx/0x38afe165646824789868a7e0f577a2196df9f4cf77765ea7229f37de5bd2c727
2023-03-23 19:35:35,True,0.4501,0.0002474,99.1258,0.0245,0x69...cf38,https://etherscan.io/tx/0x1f6e2d267d1c073bd424e654f4d42f43999ae3ec8581e4339036ed9bd7db6e82
2023-03-23 19:32:23,False,0.4479,0.0002462,1880.0,0.4629,0x29...a828,https://etherscan.io/tx/0xca1ceadcfaa8ef19507b0640575fcf3e0d34ff1368bbcae07fc100b9a7048bd6
2023-03-23 19:31:11,True,0.4507,0.0002477,2018.48,0.5,0x27...3c7e,https://etherscan.io/tx/0x73804179d3ecf3c1dc0f50159ec1d5291a7362a0f63d35886f36085518e73e60
2023-03-23 19:30:59,True,0.4476,0.0002459,8319.76,2.04648,0xac...5703,https://etherscan.io/tx/0x5851f5bd1c7ef4055de26d84688b2657131b3c0c6b299e13251a2ec61de5c9c4
2023-03-23 19:29:47,False,0.4453,0.0002444,8023.84,1.96147,0xc1...c991,https://etherscan.io/tx/0x47d1c9c7d99ffd30072d14646110f6e7550f347bcecca7816869b42b09fce1e5
2023-03-23 19:27:59,True,0.4501,0.0002472,23.347,0.0057,0xc0...eb2d,https://etherscan.io/tx/0x292308ffdeffcd8931d5e5e590d2d31c813f4c25f8fdfeb12222246da644c285
2023-03-23 19:27:35,True,0.4501,0.0002472,5.34648,0.0013,0x3c...69a0,https://etherscan.io/tx/0xa2a1945854ce05da2d11f4bf73f020c2c0b17727ed7ce41bdb608e289a21e940
2023-03-23 19:26:59,True,0.4494,0.000247,1335.87,0.33,0xed...9b54,https://etherscan.io/tx/0x3a1b802a2cbf30a36205b91618abc8dfc88daef32a9c44819af3079527d03492
2023-03-23 19:26:35,False,0.4465,0.0002454,705.0,0.173,0xda...44f0,https://etherscan.io/tx/0x9912514251a7014b225b3523ea64d6218839f3040d81ba68e233a6223d6b600f
2023-03-23 19:26:35,True,0.4495,0.000247,2.0813,5.141e-05,0xbe...ed9f,https://etherscan.io/tx/0xa81c814bb86eb9d3175a98a9fa609570f73cdd3dd33858cf4b700e8a69831f7c
2023-03-23 19:26:35,True,0.4494,0.000247,9.11194,0.0022,0xb5...c85d,https://etherscan.io/tx/0x19bb2c69bbe77ce7ae1f0107e2d615dda529dadbc11b025996157ebe9c2360bd
2023-03-23 19:26:23,True,0.4494,0.000247,129.851,0.032,0x3f...001a,https://etherscan.io/tx/0xefff6cc59d225098dcc03f8dc35dd7fc3f16c17dadf6cf4c451df3bdff768f30
2023-03-23 19:23:47,True,0.4501,0.0002469,404.979,0.1,0xbf...2a77,https://etherscan.io/tx/0xadd0bcddbf32db5545cafb6eb3db79b57bab38d8f7471f403bb23078151f6b51
2023-03-23 19:21:35,True,0.4509,0.0002468,40.715,0.01,0xe7...47d6,https://etherscan.io/tx/0x4c8a3ff21beb4f829408a9136bf2741498e66915b3b2f6e4fbe348d6ba5b2e63
2023-03-23 19:19:59,True,0.4503,0.0002465,2028.36,0.5,0x27...3c7e,https://etherscan.io/tx/0x98f6527828ec97a0c3c35c9bc17dd68d4b40c1a51c2237969d656b62ae980154
2023-03-23 19:19:35,False,0.4475,0.0002448,752.0,0.1841,0xb7...04e6,https://etherscan.io/tx/0x2db71725cacf382b80affc1e41d4241839e6b8e03478c1d9e0dc8f8bed8ebb28
2023-03-23 19:17:35,True,0.4505,0.0002463,218.523,0.0538,0x54...f0ae,https://etherscan.io/tx/0xfba060c7c57a75197cb7f1e85e19da4a5e2d1383c4ad32c238e45bdcdf5cda4c
2023-03-23 19:16:23,True,0.4503,0.0002462,609.157,0.15,0x17...ed92,https://etherscan.io/tx/0x17068ca3bc67e4ffb1ab2ac3b88ca4ce499e65601006125225edb18f670efb6b
2023-03-23 19:14:59,True,0.4501,0.0002461,14.5118,0.0035,0xf4...1937,https://etherscan.io/tx/0x29109c52a807e1e76bab649a99b2623f644fbdb0613c5e2ebe34080958f64c6f
2023-03-23 19:14:35,True,0.4501,0.0002461,219.12,0.0539,0x54...f0ae,https://etherscan.io/tx/0xb938cb9c401c0093cfb46957e639b74c7c379b5429ebec9ef41c3b66e477ee6c
2023-03-23 19:13:59,True,0.45,0.000246,12.6392,0.0031,0x9e...9384,https://etherscan.io/tx/0x195180fb89d7469eaa95900af9c2ad2266e8002747c0ebd0d27f40a8cfb61bf8
2023-03-23 19:13:47,True,0.449,0.0002455,3340.11,0.82,0x5d...caaf,https://etherscan.io/tx/0x52b31939fb14813cefe69e88162b3d95a532bf1a08901f98d158694f25287328
2023-03-23 19:13:47,True,0.448,0.0002449,11.0731,0.0027,0x2b...bfa1,https://etherscan.io/tx/0xdf9d09c2d218f9195445319a8b9de38c8a13cacf8a8f170f27f9795997c51fb5
2023-03-23 19:13:47,True,0.448,0.0002449,0.6483,1.588e-05,0xc3...70a5,https://etherscan.io/tx/0xd018943b27655e35b7a2e32082317d9ef796a88b196fbcbb13eb55a69b34a2f3
2023-03-23 19:13:47,True,0.448,0.0002449,23.0126,0.0056,0x11...7fd9,https://etherscan.io/tx/0x7b055a8ce26dd57701803a868cf594291fd2f8dfcc83bd4608245dbccdeaefc0
2023-03-23 19:12:11,True,0.447,0.0002449,23.2287,0.0056,0xa5...ba37,https://etherscan.io/tx/0x89880a95a537064ec834c857e868185906aa3789e519fd8784a6ec57e186e543
2023-03-23 19:10:47,True,0.4468,0.0002449,34.8175,0.0085,0x11...7fd9,https://etherscan.io/tx/0x8dce7b1889de30e64f131a1e2699e9a2cbc7615273bac68068ffb009a844f70d
2023-03-23 19:06:47,False,0.4446,0.0002436,1118.6,0.2725,0x5d...15a3,https://etherscan.io/tx/0x7d2cf31bfc9083467d3398d3961368c59cbfe1f07c9ef97ba3bff1018c55e043
2023-03-23 19:05:35,True,0.4476,0.0002452,45.982,0.0112,0xcc...61a1,https://etherscan.io/tx/0x491ce90c672ffc108972ea22f8310bd9289f7a950c2973bf0f386f6e350548c6
2023-03-23 19:04:35,True,0.4476,0.0002452,15.4917,0.0038,0x2a...8361,https://etherscan.io/tx/0x008d65cd43bed41674c7f8692d0cf41a523e602448131b42df10fbb5e24794c5
2023-03-23 19:04:35,True,0.4476,0.0002452,4.46795,0.0011,0x4b...4bc8,https://etherscan.io/tx/0x44b2d049108db713f490d8545ffb95e0e6154a45e03d656c233218b940034274
2023-03-23 19:04:23,True,0.4476,0.0002452,9.62233,0.0023,0x22...b7dc,https://etherscan.io/tx/0xdfee39258cd37c0956d3490c12588896d0f24dfc94f929744fa3584eba8b564d
2023-03-23 19:04:11,True,0.4476,0.0002452,11.7609,0.0028,0x88...f99f,https://etherscan.io/tx/0x7c9161df6d96c5c7ad2dc2a49d70ca4a2a68ea501ad7aa53fd97c7941d95c993
2023-03-23 19:03:59,True,0.4476,0.0002452,124.834,0.0306,0xf2...4591,https://etherscan.io/tx/0xdaa17a6e7856718b0dd95eef730f19876fb660f74c906bdc8dfaeb888fa12be1
2023-03-23 18:59:11,True,0.4477,0.0002451,525.439,0.1288,0xbc...b97c,https://etherscan.io/tx/0x3cdfe97e7da297f438c602c7618cda3b10f70b860c6131b39575138ec453973f
2023-03-23 18:58:59,True,0.4458,0.0002441,5594.37,1.36567,0xaf...fec7,https://etherscan.io/tx/0x68ba827a30b0aed7cf24bd190f4840915a1acd4be3fb6201da03001f1ac34972
2023-03-23 18:56:35,True,0.4436,0.0002431,34.5711,0.0084,0x11...7fd9,https://etherscan.io/tx/0x64d0746c55950b128887d1628de51d809151460490802846a741ef819c0184de
2023-03-23 18:55:23,True,0.4436,0.0002431,4.41759,0.001,0x74...cc1a,https://etherscan.io/tx/0xf8583438040b2ff3413fcea3750ec0ee3fb4c0a78f9bb609e1323eda519d3f81
2023-03-23 18:55:23,True,0.4436,0.0002431,28.6643,0.0069,0x07...1143,https://etherscan.io/tx/0x594c4c007c216c1949b3b895db9b95c6ba73315e524865854f85e73ca852a589
2023-03-23 18:54:47,True,0.4443,0.0002431,6.40095,0.0015,0x95...8aaf,https://etherscan.io/tx/0x9d712407d3d3eb0f4785afa01b7a5ec1171ae22a42747dbf2f4cabc9075b63ba
2023-03-23 18:53:59,True,0.4437,0.0002431,9.71177,0.0023,0xe6...f043,https://etherscan.io/tx/0x9556feff722a9a3f9c8567b08daff0b1d3e7241dd0d20ef2e2d1842cde8b32ad
2023-03-23 18:53:11,True,0.4436,0.0002431,26.9052,0.0065,0x88...f99f,https://etherscan.io/tx/0x70cbd0ee0d349e1b13bbe8df4d5b66b5ffc1636d4d1bfe054cd44d7638f5fa6d
2023-03-23 18:52:35,True,0.4439,0.0002431,5.06536,0.0012,0x9b...f624,https://etherscan.io/tx/0x6da8ca8f9ff359272394bcc920d9a67de5a7d9d48c3924b0c521d5b5d53436f8
2023-03-23 18:51:59,True,0.444,0.0002431,5.30318,0.0012,0xfd...455a,https://etherscan.io/tx/0x1798ef67a6fb76b6854927a44e59877676003d459ea0cfd009a33ddbf90e000f
2023-03-23 18:51:59,True,0.444,0.0002431,5.44559,0.0013,0xfd...455a,https://etherscan.io/tx/0x75a879fa24a2a39fc2b0da3fb38e6003ea5ca49a6eac91b836764281c24f5ff9
2023-03-23 18:51:59,True,0.444,0.0002431,5.59382,0.0013,0xfd...455a,https://etherscan.io/tx/0xd6f0132f951bbecbfcc44f3a44c0429b741c3d455c23e84451b5c03b3b48421a
2023-03-23 18:51:59,True,0.444,0.0002431,24.3388,0.0059,0xfd...455a,https://etherscan.io/tx/0xc8cb3af6c9afc395c8bfdc9beccb2de1f58eb870f53a013ddc392eb773484696
2023-03-23 18:50:23,True,0.4442,0.0002431,24.4201,0.0059,0xb5...4602,https://etherscan.io/tx/0xd1ac068028cd4a8a0be4a83587838a19c2c9741827f10eff309dff02189a0d35
2023-03-23 18:49:47,True,0.4442,0.0002431,33.1055,0.008,0xb0...5d95,https://etherscan.io/tx/0xce0e32616db820a3c7748e463b6fd8321097d68ec22727fdbf389c5d3098b97d
2023-03-23 18:47:59,True,0.4441,0.0002431,55.7896,0.0135,0xca...076b,https://etherscan.io/tx/0x06a431412b21fbce3412770f12c84510c3879b458b32c77c74e0e3104c51c07f
2023-03-23 18:45:23,True,0.4442,0.0002431,43.8838,0.0106,0x88...f99f,https://etherscan.io/tx/0xb9bd90bea874692869d8a31f0bd073f443bb14a00023e6566e9dc005ca03253c
2023-03-23 18:44:59,True,0.4441,0.000243,79.5784,0.0193,0x00...f243,https://etherscan.io/tx/0xf0b0e4c9ce19115850b271147c6c0dc0b3bde000a5a421535c5fe3baef30cb83
2023-03-23 18:44:59,True,0.4441,0.000243,14.9487,0.0036,0xde...fe72,https://etherscan.io/tx/0xb072fcfdebbe6ea14dc0b5a71126b102e6da4dcd5769106cb0e45349525cf8ca
2023-03-23 18:44:59,True,0.4441,0.000243,131.554,0.0319,0x55...ce90,https://etherscan.io/tx/0x61cdad546572568392da080fd1846efad4e473eb54ed75cdb3e83ee25cd88ebf
2023-03-23 18:43:35,True,0.444,0.000243,114.401,0.0278,0x00...f243,https://etherscan.io/tx/0xb575127c3a50d9c2f734357c771f6ad40b5f089f0c07db9f2e0a3a3e437358ad
2023-03-23 18:42:23,True,0.444,0.0002429,1.13319,2.753e-05,0xeb...6c75,https://etherscan.io/tx/0x6ecf918fef66f8a2a0cd0c858840e44344b9d73819c95aae30127e4114a5a28c
2023-03-23 18:41:35,True,0.4434,0.0002429,5.88962,0.0014,0x07...9999,https://etherscan.io/tx/0xc6812bb125fd486f1a143e325dfc28a9eb25d7f76aa649baf434b25ca17fdd68
2023-03-23 18:40:23,True,0.4417,0.0002424,3010.48,0.73,0xb7...04e6,https://etherscan.io/tx/0x28bea875bf45799dc1c6696accd20fd02393a31d2606018987665662faaa89f7
2023-03-23 18:39:59,True,0.4409,0.0002419,27.215,0.0065,0x42...0b1f,https://etherscan.io/tx/0xe746a5fc7e6cb6cafe409bbe5d2bb5c806ae24efb343c354c6d624d9ed56b568
2023-03-23 18:38:11,True,0.4411,0.0002419,17.4059,0.0042,0x68...b406,https://etherscan.io/tx/0xd213d4f8a3b52199a922f82435f4d220f497dbbadb89fd91db95235148afb721
2023-03-23 18:37:35,True,0.4411,0.0002419,5.22351,0.0012,0x4f...d164,https://etherscan.io/tx/0x2241804f9137be2f6299c4280948285586f33b8806cd9e16ae97d140dff1a3f3
2023-03-23 18:37:35,True,0.4411,0.0002419,25.0915,0.006,0x17...96be,https://etherscan.io/tx/0x96295e1badd8a73783fa0c1778764ef338a76f856e238106e9de62b23a8c0e71
2023-03-23 18:36:47,True,0.4404,0.0002419,16.0246,0.0038,0xc0...ce84,https://etherscan.io/tx/0xf13410318b0d15a8b19241efc21c39fd8bde0ad2d07ad2d73859dd50edc0bde1
2023-03-23 18:35:59,True,0.4407,0.0002419,15.264,0.0036,0x64...f23f,https://etherscan.io/tx/0x0287dbce8e42d511ce88fef82ba9623fcb49a16ade4510f7d1ab09a9529f25f3
2023-03-23 18:34:35,True,0.4405,0.0002419,7.18541,0.0017,0xe4...4c8f,https://etherscan.io/tx/0xf1f2ad0d1dc03fe81215ab65cd35fa87e1c90952d6cd38c9b0944a44ba337fef
2023-03-23 18:34:23,True,0.4405,0.0002419,2.73171,6.609e-05,0xce...546f,https://etherscan.io/tx/0xa8dfc5ff608610ea2e07dd51f0ecffd218c11a9c54058bd95060b75fb950f8ab
2023-03-23 18:34:11,True,0.4405,0.0002419,10.355,0.0025,0x4f...d164,https://etherscan.io/tx/0xc3e1f0df5d12da9cf4ab4ab3bc7dc4c5d9e0da4b7fa244caf01e24c6dc767cf8
2023-03-23 18:33:59,True,0.4371,0.00024,12083.3,2.9,0xb3...ffd8,https://etherscan.io/tx/0x52ecad8ccde7b5a76d3a39d6653bb1ec569d095e4eb74e64a0573d92625c2694
2023-03-23 18:33:59,True,0.4336,0.000238,4.37802,0.001,0xf2...4591,https://etherscan.io/tx/0x8f461f90c6be08e588db52b4ee2ff4b110ee3e8297e78ad12eade3f804e2ce1a
2023-03-23 18:33:47,True,0.4329,0.0002377,2103.19,0.5,0x7c...b172,https://etherscan.io/tx/0x2fc66b658058da03ca857599f38ab3ba15930a199f8a75d632adbccacb86ed05
2023-03-23 18:33:23,True,0.4324,0.0002374,33.0095,0.0078,0x9c...8e8e,https://etherscan.io/tx/0x9e151e9ecaafaac022e38099083276c641e37d8c62bbee3bb8b7aff5081c2644
2023-03-23 18:32:59,True,0.4324,0.0002373,6.00564,0.0014,0xb9...2b16,https://etherscan.io/tx/0x67ce5edbc4b2f6b6d8c2e6d34097dd56548c6e9543ecec18548a1c32386d10ad
2023-03-23 18:32:59,True,0.4324,0.0002373,24.1398,0.0057,0xc0...ce84,https://etherscan.io/tx/0xc744049dbb637cbc95869462aee9af4cf6e92bd3d62641f309fb455174645bb9
2023-03-23 18:31:59,True,0.4323,0.0002373,32.2205,0.0076,0xc0...ce84,https://etherscan.io/tx/0x9fe90e555492e62355e7c7835141a870660f9ba7c31ab1aba04a7a8a4dcfbb4c
2023-03-23 18:30:35,True,0.432,0.0002373,13.3743,0.0031,0xc0...ce84,https://etherscan.io/tx/0xa075efe3907c0cd2040bf3b7499932ca93ab40bdc4f289984b3d15c30b175d90
2023-03-23 18:30:11,True,0.4315,0.0002373,32.6172,0.0077,0x06...3773,https://etherscan.io/tx/0x2cf706a4642f0147659328cb069127f2c12962b8aa02412489c2c49912f780fe
2023-03-23 18:29:23,True,0.4318,0.0002373,12.0032,0.0028,0x3c...0912,https://etherscan.io/tx/0xb01eca622524c0ee3c389858aa7dfee672455e484d5b3f3d8c3e5ef79cb79d18
2023-03-23 18:29:11,True,0.4318,0.0002373,11.4256,0.0027,0xd4...c185,https://etherscan.io/tx/0x4df5c9cceb290a086144a3bfc24f111fbc03a5ae62a3e8cce1a34bf8d9d40ae8
2023-03-23 18:28:47,True,0.4318,0.0002373,4.94851,0.0011,0xc0...ce84,https://etherscan.io/tx/0x2fdb566bcc291eabe6d0e0715e14c210976313146fc723cb803ab79c1bf77ad5
2023-03-23 18:28:23,True,0.4315,0.0002373,58.5821,0.0139,0xc0...ce84,https://etherscan.io/tx/0xfb07392572db1f1424f0bc0a42ce57900865918b59b3bea0446d3dc0f3825de3
2023-03-23 18:23:35,True,0.4329,0.0002373,10.9204,0.0025,0x64...f23f,https://etherscan.io/tx/0xe891deff10d0cdd3618e0d7f4fbed2ff43a524abb3932a306a87d6f6fff5876c
2023-03-23 18:23:23,True,0.4329,0.0002373,60.0377,0.0142,0x64...f23f,https://etherscan.io/tx/0x8689776a7c9b330815c6baac937e1b3c0e928b9e6e370297358f52ae1487c7cc
2023-03-23 18:22:35,False,0.4305,0.0002359,658.0,0.1552,0xb7...04e6,https://etherscan.io/tx/0x3e7d2e11f6e386b0bf2dfe86ec028496b9baa117c7034c06d1ebec95d1e43f2a
2023-03-23 18:22:11,True,0.4329,0.0002375,76.6897,0.0182,0x00...f243,https://etherscan.io/tx/0x95e40f5cc42adda9b6d1e9a612afed38ec97f012f65cf406cf686b743130ef01
2023-03-23 18:22:11,True,0.4329,0.0002374,33.9342,0.008,0x41...3dda,https://etherscan.io/tx/0x56f80a56bc53ad0ab21f3452c4b9350657be4978558f967185ff1e717d14157c
2023-03-23 18:21:35,True,0.4328,0.0002374,48.8538,0.0116,0x8e...5bb2,https://etherscan.io/tx/0x0f58712c3129c6dfe3e036d776e84359ff00ece96397df877226cf8d98eba3fb
2023-03-23 18:21:11,True,0.4328,0.0002374,17.518,0.0041,0x65...df25,https://etherscan.io/tx/0xf2811c7fb3e611977d68a6558073071328337bab332e49d16a7492ce0f64d41e
2023-03-23 18:19:35,True,0.4327,0.0002374,19.1797,0.0045,0xb5...4602,https://etherscan.io/tx/0xa4159a4bc538ecf6c9cc02b63d54aa905551fb08d767f93a54757853adf0d0e1
2023-03-23 18:19:11,True,0.4326,0.0002374,4.60619,0.001,0x01...14a2,https://etherscan.io/tx/0x7a8c3a8d97157fa2f7165376531edfb2251667b14da92c547b4a15de041093ce
2023-03-23 18:18:35,True,0.4326,0.0002374,1.259,2.989e-05,0xc0...ce84,https://etherscan.io/tx/0x86def3fd78b80103914a33743d26b6747d2b9822bb2b1dd03b00125e2a9d202b
2023-03-23 18:18:35,True,0.4326,0.0002374,35.3214,0.0083,0x13...f458,https://etherscan.io/tx/0xfa59455d58a9d31d224d48717cc6b19a511b7805adf3af61c7bcd62bac62d8a8
2023-03-23 18:17:23,True,0.4315,0.0002369,3000.0,0.7108,0xa1...c32c,https://etherscan.io/tx/0x8dc857e69cfc576dc523531fc316c835642bdf01a47d3369990b9301ce2c4440
2023-03-23 18:17:11,True,0.4306,0.0002364,133.494,0.0315,0xcc...2f3c,https://etherscan.io/tx/0x75c7035d721cf0bd253431e65d04046dc542ba0eb2b5c5620300a1a501b9f09c
2023-03-23 18:17:11,True,0.4306,0.0002364,6.17605,0.0014,0xb5...c9d1,https://etherscan.io/tx/0xadf608e9c0745e33331a8350f2a75459949448c76530b2ac57d8060cc1f73c03
2023-03-23 18:16:47,True,0.4305,0.0002364,63.9051,0.0151,0xc0...ce84,https://etherscan.io/tx/0x90c4b760d0154ec5d64943441d6fb720a4b553c88f26932890b20f39b4792957
2023-03-23 18:15:47,True,0.431,0.0002364,31.6435,0.0074,0x93...0000,https://etherscan.io/tx/0x2ada1d905bc655e0dbec5737d1ce34eca2c2808cf929298a78262181826dccbc
2023-03-23 18:15:23,True,0.4309,0.0002364,28.7123,0.0067,0x16...9a1b,https://etherscan.io/tx/0xa48e8c8d5c9a9d72e533000daaec994a189c2c8b85eb73f452bbf6f983a20bb5
2023-03-23 18:15:11,True,0.431,0.0002364,22.6204,0.0053,0xb8...fb00,https://etherscan.io/tx/0xad89dde3ef07d91bef418b4ad40937ed7e72b35cd8d4b46969566dd40cea1977
2023-03-23 18:14:23,True,0.4312,0.0002364,5.61072,0.0013,0x57...e4ae,https://etherscan.io/tx/0xd2a16d2450780b2a19d7a58ee01946e248721f68dd9817b9209da7e5c4130c00
2023-03-23 18:14:23,True,0.4312,0.0002364,1.96058,4.634e-05,0x93...0000,https://etherscan.io/tx/0x71cda7347879cb8c6989cd5793f491759b24459b3374a4f72b01e29d88e76874
2023-03-23 18:14:23,True,0.4312,0.0002364,17.8441,0.0042,0xcd...0d15,https://etherscan.io/tx/0x4725ebca7657f2857c2f7eff7e720c2817c23c6114ac38178f3ef744b093b913
2023-03-23 18:13:59,True,0.4309,0.0002363,5.67676,0.0013,0xc6...9630,https://etherscan.io/tx/0x6130a98624f5af879bff2f161fe1eb58d376635b892117a245fa707468110c82
2023-03-23 18:13:47,True,0.4306,0.0002363,4.99677,0.0011,0xc0...ce84,https://etherscan.io/tx/0x188db7ea93e5e6059b27376a2393be922383e795ea1c1cbad7686980e37c3a0f
2023-03-23 18:13:47,True,0.4306,0.0002363,2.23458,5.282e-05,0xaa...372a,https://etherscan.io/tx/0x8539e6dc7c354eef17f388a0a31b7fdf7ca1642d15f1187ba7deacd5653bb28b
2023-03-23 18:13:35,True,0.4301,0.0002363,6.90771,0.0016,0xef...f184,https://etherscan.io/tx/0xdc1ea58d2adfd49ac4842b7db3bd9214e02a9d9150ade4ed691e72faa1291e41
2023-03-23 18:12:59,True,0.4299,0.0002363,15.88,0.0037,0xc0...ce84,https://etherscan.io/tx/0x176e61cebb2fcc91d5769a2aa622027e9472029afd99bb620cc41d9efd5f6e24
2023-03-23 18:12:47,True,0.4298,0.0002363,423.16,0.1,0xe1...0fcc,https://etherscan.io/tx/0x981cfe60f3b6b6ec63304ed43d0c8b3dbb112cd905f671be224a2e182cc64494
2023-03-23 18:12:23,True,0.4303,0.0002362,17.6519,0.0041,0xc0...ce84,https://etherscan.io/tx/0x74cf1e956f87adf8c5bbaa9d4a4b38db8a1eb27504319fbf5b8ecc23298d60f0
2023-03-23 18:11:23,True,0.431,0.0002362,16.6249,0.0039,0xb5...4602,https://etherscan.io/tx/0x21c028ec57673b7a56d147b659a0a5993ab4d2084a74185f64d321b59968a97c
2023-03-23 18:11:23,True,0.431,0.0002362,8.46698,0.002,0xc0...ce84,https://etherscan.io/tx/0xb044cbc7fd89f3886152fa0b32dfd2e384d59b188a4714774ad8e50038662873
2023-03-23 18:11:11,True,0.431,0.0002362,34.9325,0.0082,0xb0...c761,https://etherscan.io/tx/0xbc5f8cb0687e3f79b0fe74d3a6f12258ef480c29baf44e92ae578632f837ba22
2023-03-23 18:10:47,True,0.4309,0.0002361,635.253,0.15,0xb4...7cbf,https://etherscan.io/tx/0x0ca402f459a8140f16242ba76b558147b57ab350cf151df20e9ab2c6462ad174
2023-03-23 18:10:47,True,0.4234,0.000232,25858.2,6.0,0x7c...b172,https://etherscan.io/tx/0x5351babc34f9b34d7c708bea0b6d6ab8e72cf888a489f1fc85991d8db130cc9d
2023-03-23 18:10:35,True,0.4163,0.0002281,41.6529,0.0095,0x8d...7220,https://etherscan.io/tx/0xc71e5663d18cb919ea6e051120c432a68e751a8efd107740d823c37d57d38eab
2023-03-23 18:09:47,True,0.4163,0.0002281,86.2397,0.0196,0xda...264b,https://etherscan.io/tx/0x6dee91d664bd17956e281d244f1cdb069182d79e08634cd1b5b543f0c1eb7c21
2023-03-23 18:09:11,True,0.4172,0.000228,0.8279,1.888e-05,0xd2...19ad,https://etherscan.io/tx/0x30ff994e84a402508cb6db22b79e23d5ea465a0b33139cdb032e1ae354a3ed72
2023-03-23 18:08:59,True,0.4172,0.000228,0.8272,1.886e-05,0x7f...26fc,https://etherscan.io/tx/0x2fee1bd7a2a2a9252b2f84a0bb384cf792787b68a7dc732741090d4e0fc41b70
2023-03-23 18:08:59,True,0.4172,0.000228,4.23966,9.669e-05,0x94...3698,https://etherscan.io/tx/0x2cb0654b42b0e663f064df5505471354ae7b66d2d5b00139c9879eccd2c0af73
2023-03-23 18:08:59,True,0.4172,0.000228,30.088,0.0068,0x95...357b,https://etherscan.io/tx/0xd2c9023a89288101aec4cde838ab861034eabd08be3d3e963c43a3a800ce6e20
2023-03-23 18:08:35,True,0.4172,0.000228,3.11158,7.096e-05,0xda...264b,https://etherscan.io/tx/0x12abdbf05c82b700423770ecc8cb4f1c52b05d6aa4e942bcb75e6ecdc5108725
2023-03-23 18:08:11,True,0.4172,0.000228,39.938,0.0091,0x0c...222a,https://etherscan.io/tx/0xb6e5f4c3cf0b459719453cbac6da8f7161c2dd5525e2167b0287b5531cecca9e
2023-03-23 18:07:35,True,0.4165,0.0002277,2000.01,0.4555,0x6d...0202,https://etherscan.io/tx/0x0116a769528e667f61dda5961d8d6c5e7362b0967162ae4dd53caeb985f53d4e
2023-03-23 18:07:23,True,0.4163,0.0002274,6.98965,0.0015,0x21...6647,https://etherscan.io/tx/0xe418d1c943bca8df49bfc0502fc513f3965c2839b67524aedb6244c50a0ec412
2023-03-23 18:07:11,True,0.4163,0.0002274,9.69412,0.0022,0xe4...e81a,https://etherscan.io/tx/0x1676cfd75ab473d146db320a287b9052db54367239dd1fa67d0b9e03afe1997b
2023-03-23 18:07:11,True,0.4163,0.0002274,23.4216,0.0053,0xb5...c9d1,https://etherscan.io/tx/0x84c51dc966e5cbdfed96e1f26c258bae30ae0b72cf7bf0c082b25d2a7f99e418
2023-03-23 18:07:11,True,0.4163,0.0002274,20.804,0.0047,0x86...6834,https://etherscan.io/tx/0x04fe5c40bb442dda220d083877958c2cde955caf688967248a8522c02250ef6b
2023-03-23 18:06:47,True,0.4163,0.0002274,13.6431,0.0031,0x33...7852,https://etherscan.io/tx/0x675f1f69c1ac3608a166ef6a4776ab9ec54cf7b01f3178a4ce8372468f5778ac
2023-03-23 18:06:35,True,0.4163,0.0002274,19.0862,0.0043,0xe1...6d66,https://etherscan.io/tx/0x9a3028533ee7163b13f8c7af46e8108bf85401d56c373f26d29261150e4c1f07
2023-03-23 18:06:11,False,0.4241,0.0002315,36189.9,8.37912,0x7c...b172,https://etherscan.io/tx/0xb4a7f42fa41b18ac833f5593a0b9abd46ddb2fd705b0bf5e86fb4e589812f3f9
2023-03-23 18:05:59,True,0.4369,0.0002385,88.8672,0.0212,0x42...eb5c,https://etherscan.io/tx/0x949a6b599de78a1459d19e44e27330203d6ff3acccfa6669973ca525c545c5f8
2023-03-23 18:05:11,False,0.4341,0.0002372,787.72,0.1868,0x38...b362,https://etherscan.io/tx/0x9a4f9a75339fb99a5bcc6e900332060376df9474dea2885a0278762cfe68033a
2023-03-23 18:04:47,True,0.4365,0.0002387,7.06576,0.0016,0xf3...b638,https://etherscan.io/tx/0x8f2250bbbe0cff1e708b0d4bf44e49e40d78716a0f1ece5ca7b6e3116072b913
2023-03-23 18:04:35,True,0.4365,0.0002387,131.317,0.0313,0x5b...d377,https://etherscan.io/tx/0x3c395254e0774b5d3a2a30e83b8f231f0fba07d070acf48c04be71b0d9edd7aa
2023-03-23 18:04:23,True,0.4362,0.0002385,838.307,0.2,0x38...b362,https://etherscan.io/tx/0x8ed2449bd691bee219ffaa20253ab455c6702280467fcef79fd34c5cc4197d76
2023-03-23 18:04:23,True,0.4359,0.0002384,154.828,0.0369,0xcc...2f3c,https://etherscan.io/tx/0xcb0d0545406cf99008476f2d6063344c3363695141ecaac6bfd8a5aa9a026af5
2023-03-23 18:03:59,True,0.436,0.0002383,49.5078,0.0118,0x47...6c65,https://etherscan.io/tx/0x39d866453be6f6809f9c706c3dec97b4ae441dec38c06ed079a16d638b7f647c
2023-03-23 18:03:59,True,0.436,0.0002383,43.2166,0.0103,0xdf...5cf7,https://etherscan.io/tx/0x268f1b79ac26edb25b8dbbbcc77d3b48c0d5d148974e208faa0d158fb9555df2
2023-03-23 18:03:23,True,0.436,0.0002383,42.7775,0.0102,0xc4...446b,https://etherscan.io/tx/0x4c39840db32ab52b0c5de0155153bc7387a12351b9c148a5c8ca12e8a4d7c2ae
2023-03-23 18:02:47,True,0.4359,0.0002383,113.583,0.027,0x00...f243,https://etherscan.io/tx/0x52c2b2f73b3de646cc545176e1e66f54a60f8fee9090e75ef5708e0da12eadd0
2023-03-23 18:02:35,True,0.4359,0.0002383,4.07415,9.709e-05,0x69...cf38,https://etherscan.io/tx/0xc74a8060c51d8b7ed2a934912227acf6f4c15eb4105a8ab264a18e2e6b78f929
2023-03-23 18:02:23,True,0.4359,0.0002383,25.2568,0.006,0x9b...f624,https://etherscan.io/tx/0xb108b08550680808f35242a1324cbd26cf2f38d6dcf1f431ea2e931eb15e8472
2023-03-23 18:02:11,True,0.4359,0.0002383,7.41195,0.0017,0xaf...4534,https://etherscan.io/tx/0xf2c1db9b24fa7abe30420618c4898f95b538d06827477407514882e192794a53
2023-03-23 18:01:47,True,0.4358,0.0002383,18.0677,0.0043,0xc0...ce84,https://etherscan.io/tx/0x1ac28bc822a4e8fcd6b8425df02305fe8d8c4a3075b6676df6b23fe7a607ba8e
2023-03-23 18:01:47,True,0.4358,0.0002382,36.4276,0.0086,0xed...555b,https://etherscan.io/tx/0xe05eefe6e42f913cd129c682fe09cdbeaefc041c4cceae5f0dae93b34e16b46a
2023-03-23 18:01:23,False,0.4333,0.0002369,408.9,0.0968,0xb7...04e6,https://etherscan.io/tx/0x40acf9b316cde72f7dec17b019e2661364125dd0e68a44f9b79207e1ac3285de
2023-03-23 18:00:35,True,0.4361,0.0002384,17.5751,0.0041,0xc0...ce84,https://etherscan.io/tx/0x73c74483f6b28c2dc337690f9e20e4743127931fc2004f2645b7e15f04fb0e12
2023-03-23 18:00:35,True,0.436,0.0002384,34.759,0.0082,0xc4...27a9,https://etherscan.io/tx/0x17ed57e82559378d73e7bcc53086e5a6f5f0b49203370151df89e25d1e0c77e3
2023-03-23 18:00:23,True,0.436,0.0002384,9.30897,0.0022,0xf5...b906,https://etherscan.io/tx/0x0b8610253683567d3b10a7e4e303912048fc4d4e2b315ab2ba771954e8612e8b
2023-03-23 18:00:11,True,0.436,0.0002383,23.5986,0.0056,0x42...eb5c,https://etherscan.io/tx/0x09a2a822d2c560af1e49b35a65623250b21585ed706c46f02be01c8cd57797c5
2023-03-23 17:59:47,True,0.4359,0.0002383,75.6332,0.018,0xc4...7cc5,https://etherscan.io/tx/0xdde30126a95dd55c8f5123640ae7364fc04e041dc1ba7e3c03eca044bbedf5b7
2023-03-23 17:58:35,True,0.4359,0.0002383,14.8901,0.0035,0xbb...d40c,https://etherscan.io/tx/0x5b5b43c70e0a33af11f48001e031d6501448f87f989fd2ca0dc76691ed144113
2023-03-23 17:57:59,True,0.4359,0.0002383,50.4541,0.012,0xf5...6540,https://etherscan.io/tx/0x88477ebe01c39bf1f11d7fe4a64dbbfb9cc7e0a25c738f1926760d832c306609
2023-03-23 17:57:11,True,0.4359,0.0002383,96.3631,0.0229,0x00...f243,https://etherscan.io/tx/0x9c9e87041dd2350121b6f167502eb98ed25ac18ffb9d0633eaaa57e1f6c26f10
2023-03-23 17:57:11,True,0.4358,0.0002383,9.38938,0.0022,0x8e...5bb2,https://etherscan.io/tx/0x8fa381fd301d50c03f06ea2c1f4ef35dd1af02aedda5697bd691d257e9539bb3
2023-03-23 17:56:59,True,0.4358,0.0002383,4.48307,0.001,0xde...fe72,https://etherscan.io/tx/0x676a8fd831efa9af9422091c193c3e5b85c6399136bf3a67c34a81cdff5e9510
2023-03-23 17:56:59,True,0.4358,0.0002383,19.6852,0.0046,0x3f...001a,https://etherscan.io/tx/0xd3f3232755312dada49e37e43492aa0c28580a519f6ea4a4e5f1187239b9d90e
2023-03-23 17:56:47,True,0.4358,0.0002382,64.2368,0.0153,0x00...f243,https://etherscan.io/tx/0x532a45b27b3ad8a37d6b8a97d160a4dc4c7e9eee0360ed765778cb55f163fdc5
2023-03-23 17:56:47,True,0.4358,0.0002382,9.10975,0.0021,0xce...546f,https://etherscan.io/tx/0x06c37948abd69450aa90680bc7a2dc34c1305f1970f1e2f209e3e0bd88b35c7a
2023-03-23 17:56:47,True,0.4358,0.0002382,15.2074,0.0036,0x42...eb5c,https://etherscan.io/tx/0xe443594b6abb86b7c5dd12c4604455d2af3dbbff80a0a15b842acc1820dd095c
2023-03-23 17:56:11,False,0.4333,0.0002369,338.127,0.0801,0x93...2a29,https://etherscan.io/tx/0xd5bf142caecbba52b343207015184991ddf5c0aa84f6236bc3a03a8a544368d0
2023-03-23 17:55:47,True,0.4359,0.0002383,28.2332,0.0067,0x59...5b88,https://etherscan.io/tx/0xb34a8c9c6c26b97d2dde216d81dc18ce27118e37fdf153b9fe48615bfc02932f
2023-03-23 17:55:47,True,0.4358,0.0002383,4.56105,0.001,0x38...b362,https://etherscan.io/tx/0x6c6cfcc88b6a890f76acb3bb5297894641603fb80fed6b37c3de4ab1d7e41349
2023-03-23 17:55:35,True,0.4358,0.0002383,28.7584,0.0068,0x3f...001a,https://etherscan.io/tx/0x4fc90d12571a80c2e0cd2ff966125762879be2ae6e12adda5c97ff2f259e33ec
2023-03-23 17:55:11,True,0.4358,0.0002383,54.4719,0.0129,0x26...50af,https://etherscan.io/tx/0x0cc11e8599f4652d541cffbde0f90fed517839d729f11d8b779bd17e0fd56945
2023-03-23 17:54:47,True,0.4358,0.0002383,130.355,0.031,0xe0...d1d3,https://etherscan.io/tx/0x7d67f8d6f80b35cc9ebaab4852b893c43f3fed14b083a9a6d6d5fb362a9fdc84
2023-03-23 17:53:59,False,0.4327,0.0002369,468.058,0.1109,0xe1...e6bb,https://etherscan.io/tx/0x2d90d6a25ba5982182c33940ba8bf79bb477fe73c4b8324799c8a272a5c09cd0
2023-03-23 17:53:59,True,0.4335,0.0002373,6803.71,1.615,0x9d...b913,https://etherscan.io/tx/0xe21b13d6dbdb08924480df14b4d8e1f3ee5fd65108b34475662c745622dfc18e
2023-03-23 17:52:35,True,0.4311,0.0002362,33.7231,0.0079,0x5b...d377,https://etherscan.io/tx/0x2d7492e9f40f06400b64863facf38d692563d807c4f161ad6958a90bc7e0e500
2023-03-23 17:52:11,True,0.4311,0.0002362,2.00804,4.744e-05,0x7b...1aa5,https://etherscan.io/tx/0x1b62cc56c097b823e336b4fc4b57f9a1aad7b727a254027a63a846d6b140c346
2023-03-23 17:51:59,True,0.4311,0.0002362,32.8643,0.0077,0xc0...ce84,https://etherscan.io/tx/0x70c4b96515f6b2039a3e87a7c4c17720895ae984623ba3a1e68bd9672e1c3f4e
2023-03-23 17:51:23,True,0.431,0.0002362,1.11043,2.623e-05,0x5e...4440,https://etherscan.io/tx/0x5880b756395c86e880e34672b5873912ddd13d62f9b159c4f6de65774b7ddee2
2023-03-23 17:50:35,True,0.4311,0.0002362,4.53379,0.001,0x5b...d377,https://etherscan.io/tx/0x18e2471d24f23202e1f39e9cb3732b18dd4365d10bb614cece3dab85bef06af4
2023-03-23 17:49:59,True,0.4312,0.0002362,2.32982,5.504e-05,0xc0...ce84,https://etherscan.io/tx/0xd6b6a02b7b1cba6936c9e6983218bb8a5dc5f866f0bdece94e3ab1f9b43a3cb4
2023-03-23 17:49:59,True,0.4312,0.0002362,2.38736,5.64e-05,0xc0...ce84,https://etherscan.io/tx/0xd6b6a02b7b1cba6936c9e6983218bb8a5dc5f866f0bdece94e3ab1f9b43a3cb4
2023-03-23 17:49:59,True,0.4312,0.0002362,2.44705,5.781e-05,0xc0...ce84,https://etherscan.io/tx/0xd6b6a02b7b1cba6936c9e6983218bb8a5dc5f866f0bdece94e3ab1f9b43a3cb4
2023-03-23 17:49:59,True,0.4312,0.0002362,2.509,5.928e-05,0xc0...ce84,https://etherscan.io/tx/0xd6b6a02b7b1cba6936c9e6983218bb8a5dc5f866f0bdece94e3ab1f9b43a3cb4
2023-03-23 17:49:59,True,0.4312,0.0002362,40.6974,0.0096,0xc0...ce84,https://etherscan.io/tx/0xd6b6a02b7b1cba6936c9e6983218bb8a5dc5f866f0bdece94e3ab1f9b43a3cb4
2023-03-23 17:48:59,True,0.4313,0.0002362,66.2248,0.0156,0x00...4af5,https://etherscan.io/tx/0x38422b6d2cda2cec58ae8a4ad255c37898e4f85db71e382ba4b3f37bd7b6316a
2023-03-23 17:48:47,True,0.4313,0.0002362,26.1295,0.0061,0x24...9ae3,https://etherscan.io/tx/0xb87b1e117076359833bef45141d37a388a08affc2640cba6be4b95d2cbca9ddd
2023-03-23 17:48:23,True,0.4313,0.0002362,9.02838,0.0021,0x4b...4bc8,https://etherscan.io/tx/0x2fca833a2445c02996d3eb26c3d85bd22601f1bc537d198f9bb90a30772f9da8
2023-03-23 17:48:11,True,0.4313,0.0002362,48.4157,0.0114,0xef...fb72,https://etherscan.io/tx/0xd0fe0b117c6e7ef69d7f0957f2d5ebaeffe3e997adc9521a0ee3aecdd0d34237
2023-03-23 17:47:35,True,0.4312,0.0002362,5.72832,0.0013,0x42...eb5c,https://etherscan.io/tx/0xf2f80bff8526b03666a8e5dc60e55e629d862470870396bdc1feba3262dd35e1
2023-03-23 17:47:35,True,0.4312,0.0002362,2.44199,5.768e-05,0x21...6647,https://etherscan.io/tx/0x1a3d7145c156fe70311d252b57a2e96c7351d8a0893e64df71149a8e153467a6
2023-03-23 17:47:23,True,0.4312,0.0002362,2.50428,5.915e-05,0xc0...ce84,https://etherscan.io/tx/0x4233291a5197b0aced02ad8d5c5b4551f47a72b2fd4f187b46b5e3fdd2c1b917
2023-03-23 17:47:23,True,0.4312,0.0002362,2.56899,6.068e-05,0xc0...ce84,https://etherscan.io/tx/0x4233291a5197b0aced02ad8d5c5b4551f47a72b2fd4f187b46b5e3fdd2c1b917
2023-03-23 17:47:23,True,0.4312,0.0002362,2.63624,6.226e-05,0xc0...ce84,https://etherscan.io/tx/0x4233291a5197b0aced02ad8d5c5b4551f47a72b2fd4f187b46b5e3fdd2c1b917
2023-03-23 17:47:23,True,0.4312,0.0002362,2.70616,6.392e-05,0xc0...ce84,https://etherscan.io/tx/0x4233291a5197b0aced02ad8d5c5b4551f47a72b2fd4f187b46b5e3fdd2c1b917
2023-03-23 17:47:23,True,0.4312,0.0002362,29.1567,0.0068,0xc0...ce84,https://etherscan.io/tx/0x4233291a5197b0aced02ad8d5c5b4551f47a72b2fd4f187b46b5e3fdd2c1b917
2023-03-23 17:46:11,True,0.4312,0.0002362,1.48016,3.496e-05,0x9b...f624,https://etherscan.io/tx/0x96710205fed6a1a7eb3330f50a4e8a325d5b72c838507d545280ef11df241086
2023-03-23 17:45:59,True,0.4312,0.0002361,12.9485,0.003,0x2a...d325,https://etherscan.io/tx/0x4019e77ab08db3182f8718eda294be14d73f1594e6fa484f19b4c9a5d3b1d576
2023-03-23 17:45:59,True,0.4312,0.0002361,6.25474,0.0014,0x42...eb5c,https://etherscan.io/tx/0x7914b2fd908353535067b416efd7690d095dde2e0696144ab79d80b6550d427e
2023-03-23 17:45:59,True,0.4312,0.0002361,44.721,0.0105,0x21...6647,https://etherscan.io/tx/0x6d6695fed41c67a5c57d87042780953d0170f052f200da028cc90f544e05875c
2023-03-23 17:45:11,True,0.4314,0.0002361,2.16797,5.12e-05,0xc0...ce84,https://etherscan.io/tx/0x17f51c92ae8d6e9e7880c20b4055ac56a65e6c907c69251290a0d0b5607ac04d
2023-03-23 17:45:11,True,0.4313,0.0002361,108.256,0.0255,0xc0...ce84,https://etherscan.io/tx/0x17f51c92ae8d6e9e7880c20b4055ac56a65e6c907c69251290a0d0b5607ac04d
2023-03-23 17:43:23,True,0.4307,0.0002361,25.3362,0.0059,0x00...4af5,https://etherscan.io/tx/0x40d94534c6c1ffefe7b1d09199a4489e4c3edb2169352348e88510d30af6b1d3
2023-03-23 17:43:23,True,0.4307,0.0002361,32.1681,0.0076,0x00...4af5,https://etherscan.io/tx/0x40d94534c6c1ffefe7b1d09199a4489e4c3edb2169352348e88510d30af6b1d3
2023-03-23 17:43:23,True,0.4306,0.000236,208.028,0.0491,0x00...4af5,https://etherscan.io/tx/0x40d94534c6c1ffefe7b1d09199a4489e4c3edb2169352348e88510d30af6b1d3
2023-03-23 17:42:11,True,0.4305,0.000236,18.1687,0.0042,0xd7...caa6,https://etherscan.io/tx/0x97f5be868e83d7bcf66458f1e9c984e8a5f13f922e2fd421c32363097eb1b59a
2023-03-23 17:41:59,True,0.4304,0.000236,66.4787,0.0156,0xe3...aca4,https://etherscan.io/tx/0xe7ca87d2972f0e5438fa17a61b49ce2ad5be98bdb654e4553fbfa4cc9390ed08
2023-03-23 17:38:59,True,0.4306,0.000236,6.59065,0.0015,0x24...9ae3,https://etherscan.io/tx/0xc1c6410473f6e5362e79d7ed1c1b81de92b651cbbb4d528dfabc349a6e5e5600
2023-03-23 17:38:35,True,0.4306,0.000236,0.6092,1.437e-05,0x24...9ae3,https://etherscan.io/tx/0x1b290c433e7a01304c808f9fca964213bd0f92889a08ed996f0b36e139383ca5
2023-03-23 17:38:23,True,0.4306,0.0002359,377.579,0.0891,0x24...9ae3,https://etherscan.io/tx/0x7db134d738928a6aaee0d68203d9c6dec6ac2044bd07c9d027b024704d50a6cb
2023-03-23 17:37:59,True,0.4302,0.0002357,1060.47,0.25,0xb4...7cbf,https://etherscan.io/tx/0x4931973062dc52370b61c0f6bb6c5c230216e6c0632278eda5e94373d5440bea
2023-03-23 17:36:35,False,0.4279,0.0002344,1880.0,0.4407,0x27...3c7e,https://etherscan.io/tx/0x4822d60754255a255f33ce828bae8712693c4d5fcbfb8d5e56ddeecc33352afe
2023-03-23 17:29:11,False,0.4291,0.0002348,634.909,0.1491,0x70...1e03,https://etherscan.io/tx/0x72efafcd3625beca035e0c07f0747dffa3499cfef054fb6ebdc0d8f7800b5d0e
2023-03-23 17:25:59,False,0.4297,0.0002356,4662.4,1.09883,0x04...8287,https://etherscan.io/tx/0xe92f5c098538ee206e95474d0bcb5293e5ca0becee7d669a59040d0c66f3cc4d
2023-03-23 17:24:59,False,0.4321,0.0002366,1707.12,0.404,0x8a...4bb4,https://etherscan.io/tx/0xe352a4a78236dcd48f31c24177404ef8a223f3a28ab811224107b59f9b6cc234
2023-03-23 17:24:47,False,0.4329,0.000237,376.0,0.0891,0x90...584c,https://etherscan.io/tx/0x38477062c216ad0da94871e6eea450ca4e139c6aea46f630da290034f0147292
2023-03-23 17:10:23,True,0.4375,0.0002384,503.327,0.12,0x39...6255,https://etherscan.io/tx/0x8dc1f0028e3721beea7aa3d3240b4d89e70ab8d1c4aad0ec763d59c0d2716acf
2023-03-23 17:06:47,False,0.4343,0.0002372,1902.36,0.4512,0x8a...4bb4,https://etherscan.io/tx/0x89af5f7962e2b694a6ba969d1534a78e6606d917dbcb54d92e61faca5b475cfd
2023-03-23 17:05:23,True,0.4373,0.0002385,2507.78,0.5982,0x5e...4974,https://etherscan.io/tx/0x0d60f93237b36dba8f01e6277b07b24b1f5df3aa09588ff83a055695c7f75283
2023-03-23 16:43:47,True,0.437,0.000238,700.0,0.1666,0x86...b47a,https://etherscan.io/tx/0x0049fafeedb091a8d57f3e8e373b1a01571c8768dedd3d55394c86860f7fcd0f
2023-03-23 16:40:23,True,0.4373,0.0002375,2441.8,0.58,0x7e...01bc,https://etherscan.io/tx/0xce21a99fb33424ec05810bf07e984e47c44f399f5a73f6b62d24bae668b05426
2023-03-23 16:28:47,True,0.4297,0.0002338,21385.0,5.0,0xc5...27ae,https://etherscan.io/tx/0xa3b679b33afc86f549f52f6cd54fa984a671d554c186d24af35307337a7ab5a3
2023-03-23 16:23:11,True,0.4233,0.0002303,1484.95,0.3419,0xe2...28c1,https://etherscan.io/tx/0x2192b4d1f567170aa42983346436a233cfe8c7c8954b3d84717d5f270c75b518
2023-03-23 16:21:59,False,0.4213,0.0002291,2820.0,0.6461,0x27...3c7e,https://etherscan.io/tx/0x90b563dc0c83b6799ce915955de7e1a184c9cbbe5038dc0c7aae60582c556fa7
2023-03-23 16:17:59,True,0.4266,0.0002304,3472.12,0.8,0x9c...6ab7,https://etherscan.io/tx/0x67e4606440bc04b7470bb5de9b06d698d3ba003ca9c64eee59f5c36416f9c357
2023-03-23 16:17:35,True,0.4241,0.0002292,4362.51,1.0,0xf8...d014,https://etherscan.io/tx/0x692cf1ce6be634e3bb932908c0f5c410116a3f62efe7208a2ef9cf71b1c56e01
2023-03-23 16:12:35,True,0.4178,0.0002282,2453.92,0.56,0xd0...75de,https://etherscan.io/tx/0xd153af838c013891c2551099b07126879fc5b5e60b1e53d2722bd0f1200676c1
2023-03-23 16:11:59,False,0.4137,0.0002265,592.2,0.1341,0x38...5f9e,https://etherscan.io/tx/0xe07ac89926b939eac3a8c838427489f2d21050d3e0893b763c3801008749dc32
2023-03-23 16:10:11,False,0.4153,0.0002283,11585.8,2.64592,0xfa...b920,https://etherscan.io/tx/0x0d0e027cf43df188502bf5d06721e699e67e220d0a3993a0862d7c4d390d093f
2023-03-23 16:09:23,True,0.4198,0.0002306,5834.72,1.34554,0xd8...a294,https://etherscan.io/tx/0x36c2a6fe75d4960d9362c0521d00ddca774e9ab73f723ebd84291c24649f726c
2023-03-23 15:56:23,False,0.407,0.0002292,5631.93,1.29082,0x65...2686,https://etherscan.io/tx/0x76a4452a320a32910020c11964f6398a40c00093f134e7a484dc31c71370b2f3
2023-03-23 15:54:47,False,0.4119,0.0002323,15040.0,3.49437,0xc5...fc9b,https://etherscan.io/tx/0x7f9a1140d3593076a772f397dfa251a6489696632ce65f7bded8bf80cff31103
2023-03-23 15:54:11,False,0.4204,0.0002375,18210.1,4.32527,0x11...d743,https://etherscan.io/tx/0x828703ce3adc01b3fbbb55c748c7f7050248a2c88345f4dedfe17dc39e53b493
2023-03-23 15:53:35,False,0.4277,0.0002416,7381.03,1.78336,0x40...429d,https://etherscan.io/tx/0x120d9f140daa38572db77e641292f95d6a61d68f53e1d890457d181ea1ba8e10
2023-03-23 15:45:23,True,0.4272,0.000244,1229.13,0.3,0xb4...7cbf,https://etherscan.io/tx/0xbd925b65f6f84de6ec0bb9929ce2e4c404b50f3e5b65cec80669d2dd19d48a54
2023-03-23 15:38:23,True,0.426,0.0002438,205.054,0.05,0x8b...53ab,https://etherscan.io/tx/0x99afbd7b22bf6e17f90158eff9cad0ad03607411f1fc0ea98f2edced55439f57
2023-03-23 15:37:47,False,0.4265,0.0002441,11036.6,2.69471,0x12...574c,https://etherscan.io/tx/0x3741ea1059f25129d15327dcfce2dd594e347a7f5280942259fb2d094cab9db1
2023-03-23 15:36:59,False,0.4349,0.000249,17860.0,4.44727,0x11...d743,https://etherscan.io/tx/0xae84ec13abee3664de1b1bc2c84411239b1b3a9afeee5d2cb787014527cbb4bf
2023-03-23 15:25:11,True,0.4422,0.0002532,1974.48,0.5,0xb4...7cbf,https://etherscan.io/tx/0x76ee44fbd83cecdcf0e8100753c7faf443c32a2ec4fc382e275bee0b31b8fbc1
2023-03-23 15:23:23,True,0.4415,0.0002526,1583.46,0.4,0x4c...a260,https://etherscan.io/tx/0x234ae9ad235fab44e60e2e409d9bb1a3cf404bc5d2465383df9e5eadedc3613d
2023-03-23 15:20:59,True,0.4413,0.0002523,241.298,0.0608,0xdb...2363,https://etherscan.io/tx/0x4ee44b5a6b30abd82d9627ee89de0ecdf9d7b93a9f63719ce7e8b20ac1b144ef
2023-03-23 15:19:59,False,0.4394,0.0002511,2068.0,0.5192,0x6c...ac7f,https://etherscan.io/tx/0x996f0c3ace17f4b340b5668860a180fa11c0f94b42ab87299ffd87e3b17a3202
2023-03-23 15:07:11,False,0.439,0.0002515,658.0,0.1655,0xa4...fd20,https://etherscan.io/tx/0xf0e23c160ee794414a684ce5ede331a59fa7bf9db21eb63e4b9a29b6076a5490
2023-03-23 15:06:35,False,0.4394,0.0002517,655.787,0.1651,0xd2...b58c,https://etherscan.io/tx/0x508deffe4b14ef9f3b741a37d300675104808099b2b3b9b3b6351b19c165c696
2023-03-23 15:05:35,False,0.4399,0.000252,940.0,0.2369,0xa2...4c7e,https://etherscan.io/tx/0x866faf9af5198fff2d1b33dd076d72082a336087eb8a744a6386a5ef03956fb7
2023-03-23 15:05:35,False,0.4404,0.0002524,940.0,0.2372,0xa2...4c7e,https://etherscan.io/tx/0xec6b5298bff385f057241010bb60d1ffd60e9ad4e0d256225960c15dca31f738
2023-03-23 15:01:35,False,0.4417,0.0002527,1312.68,0.3318,0xcc...ba72,https://etherscan.io/tx/0x30c78dbeb8ac608b9061bc79a2eb897e6a4dec9be33ddbd17a02b9b0a4707fe3
2023-03-23 14:58:11,False,0.4429,0.0002535,3297.98,0.8363,0x8b...cb05,https://etherscan.io/tx/0x145f64aceb282a3d7396ef0ac4dcba1a17cecfd214e651c7c35296960d1427c0
2023-03-23 14:56:11,False,0.4452,0.0002546,2879.31,0.7332,0x18...8bd4,https://etherscan.io/tx/0xab4da2022134c297a6b1f068ce84faa44674946af69292789fc87c8b52485c40
2023-03-23 14:50:47,True,0.4469,0.0002563,2236.17,0.5731,0x26...a290,https://etherscan.io/tx/0xb743117b288dfc936ae2221ab927636259899fec41bcd9d175fe1e285555e909
2023-03-23 14:50:11,True,0.4455,0.0002555,2152.28,0.55,0x77...4247,https://etherscan.io/tx/0xe46c18ca2595c1b1b987f6edb2f37f131633a6919a418538af9e3c58a01124d4
2023-03-23 14:49:23,False,0.4422,0.0002536,4.7,0.0011,0x20...3557,https://etherscan.io/tx/0xd0e39105cc0e1a6b9bdb1e3cbf70c5c87a3f475ee16d3fca73572552e6313434
2023-03-23 14:46:59,False,0.444,0.0002542,3306.07,0.8404,0x80...9c97,https://etherscan.io/tx/0x913e84c124ceaea230b3a18b44cb8e4b53de7113c7c9441fa9eda137ea916f2f
2023-03-23 14:41:11,False,0.4524,0.000259,23500.0,6.08661,0x11...d743,https://etherscan.io/tx/0xe7df52937d43e2506b444bb173a67bc704e552e478c51971cbfa0ff787321f2c
2023-03-23 14:37:59,True,0.4624,0.0002646,1214.13,0.3213,0x05...d01c,https://etherscan.io/tx/0x6e251a3d31168cda77ee916107b78e5fafa6b20d9c2fed393d5363f511f72a60
2023-03-23 14:37:35,False,0.4608,0.0002636,4552.34,1.20029,0x24...ca87,https://etherscan.io/tx/0x15bcca0ca53367ebf71d2eef02a68ba74dbdf84e0821ec5bd39c2d3bac58dfa5
2023-03-23 14:28:11,False,0.4625,0.0002648,1739.37,0.4606,0xb2...2eba,https://etherscan.io/tx/0x5f628caa0700b31722a99594d8ad6d94df2563cef3646d83c296370c2f726243
2023-03-23 14:21:47,True,0.4665,0.0002667,112.135,0.0299,0x08...a577,https://etherscan.io/tx/0x3b343dca9659b6fb9cadfd6770578ba66bec6c473abbbc83800f1386581dd55c
2023-03-23 14:20:35,False,0.4632,0.0002652,676.795,0.1795,0x9f...041f,https://etherscan.io/tx/0x7e4e5bce86cd08556b22ff5bf9650b9f2c858e744894ec833df987290d66fe06
2023-03-23 14:11:23,True,0.4662,0.0002666,1668.85,0.445,0xce...7357,https://etherscan.io/tx/0x71132c2604a769b626b1205c969e33e9e72bac5602162e1688017d22a6b2e80b
2023-03-23 14:07:59,False,0.4708,0.0002692,23500.0,6.3262,0x11...d743,https://etherscan.io/tx/0x86f2d0d9704b27c0c8783854268541c8bd2854c6be25c2bebb088887082fa399
2023-03-23 14:01:11,False,0.4797,0.0002739,940.0,0.2574,0x73...25e3,https://etherscan.io/tx/0x9506b3d41495b30b14907d2b89c9e798702b5c6ecc9944f4c57c0072141c2466
2023-03-23 14:00:47,False,0.4804,0.0002742,940.0,0.2578,0x73...25e3,https://etherscan.io/tx/0xe750d91aa8ccd1e590391d72cae66e2cfdb63dc6ae3d63d00c6eac5fb25c1243
2023-03-23 13:53:23,False,0.4809,0.0002745,249.1,0.0683,0x0f...eb2f,https://etherscan.io/tx/0xf6104b5caafc9a58616cdc957631d4dd3f8e0d0a7dafad060991748393666b98
2023-03-23 13:51:59,False,0.4815,0.0002748,1692.0,0.4651,0x3f...a24e,https://etherscan.io/tx/0x0dfc5c8253b5eec25d6db71fd5a90067c65a6f1b0f252ad995d03665895bcb70
2023-03-23 13:49:11,True,0.4851,0.0002768,307.058,0.085,0x03...4329,https://etherscan.io/tx/0xb175758832ffd226e324b11a1a3ef1fec1e5278ff48743c3426c97cb16aa2995
2023-03-23 13:39:59,False,0.4831,0.0002757,3334.27,0.9194,0x49...f683,https://etherscan.io/tx/0x04ee430e952f5c2eb1dcdb7dc0f7a50ca8cc32ad37c8e71ae1fea0bff9fb154a
2023-03-23 13:37:11,False,0.4862,0.0002775,5712.52,1.58559,0x25...6c67,https://etherscan.io/tx/0x3e59347a96899938915375af6bf4dc0060c5f3c7c5089ace14065cd947d3d862
2023-03-23 13:36:35,False,0.4888,0.0002788,610.06,0.1701,0xed...8c3d,https://etherscan.io/tx/0x00f1c677a4a25fdda39a4a4a950db1dbbf932183d4a1c20fb85ba6195640c059
2023-03-23 13:30:35,True,0.4917,0.0002806,21.3804,0.006,0x64...54f2,https://etherscan.io/tx/0xbaa2100961a965ef04c2f27e8b4da9a55c97e5d33c7bfab1551c06a65e91cc0c
2023-03-23 13:28:11,False,0.4897,0.0002793,1880.0,0.5251,0xde...870e,https://etherscan.io/tx/0x064259dca374037e405e4df9b4486bf4916932e4221373d3cad90da207b1f117
2023-03-23 13:26:11,True,0.4937,0.0002813,290.098,0.0816,0xee...7a08,https://etherscan.io/tx/0xe13abd514aa0faacb7203123106ebd291d5b84a817f6fd8e1837e3303bf699e1
2023-03-23 13:23:11,False,0.4922,0.0002804,3986.02,1.11767,0xd4...f911,https://etherscan.io/tx/0x33a642975e9a7f0b5244e88988d14bea3ce78375ad1638181542f6fdf9ceab56
2023-03-23 13:22:11,True,0.4964,0.0002827,693.827,0.1961,0x6e...cb05,https://etherscan.io/tx/0xee349b53a7bd83ce7b4495d7ff24a91a9bf9a6dffacc634ee34d8aa781892848
2023-03-23 13:14:11,True,0.4964,0.0002825,194.639,0.055,0x23...712e,https://etherscan.io/tx/0x339156e66938b05e7e7d33981ccfe5acab9580b9cf047322a08895a356904ce2
2023-03-23 13:08:35,False,0.4933,0.0002808,144.133,0.0404,0x83...25e0,https://etherscan.io/tx/0x93c77afd8b002cb98d44210e54e2a35e7be109c90361fafb54ba73dbf08e52e8
2023-03-23 13:06:11,False,0.493,0.0002812,1472.77,0.4141,0xad...662f,https://etherscan.io/tx/0x25eaf01c153d4014d62a90c1dcf69e95b6d4416098109b6c8ff45ba06be80841
2023-03-23 13:03:59,True,0.4963,0.0002829,1024.78,0.29,0x6d...4dcf,https://etherscan.io/tx/0x17f2242762700e3a364fc5858fd0889251fe4c1a180463b084eb8f0896bb09bc
2023-03-23 13:03:47,False,0.494,0.0002816,2869.83,0.8083,0x25...ab52,https://etherscan.io/tx/0xe2a566c65ab19708f42a017db7b502198f06dc48425c2796f4ca1ce10b52b7c7
2023-03-23 12:58:59,True,0.4965,0.000283,4302.95,1.21803,0xf1...0be0,https://etherscan.io/tx/0xb15f06ab3c8aea4c09c11b96dad21c9fcbc2c32351627739f7890005135eba56
2023-03-23 12:57:23,True,0.4952,0.000282,594.473,0.1676,0x99...9c2d,https://etherscan.io/tx/0x53b54db277087e3a6ed91dbe345d3df7a606f4d2731629ff5d43394c31225f56
2023-03-23 12:52:35,True,0.4859,0.0002775,21615.7,6.0,0xc5...27ae,https://etherscan.io/tx/0x5a6c46c7d770f045a4efdddb56e502f24f71a74eb00ace45f1f759216537801e
2023-03-23 12:51:23,False,0.4775,0.0002728,6202.13,1.69233,0x25...ab52,https://etherscan.io/tx/0x172337283998c2d45a1fd507371ea9fb5b5bad5ee4fd83da607b1fb170c05a61
2023-03-23 12:48:59,True,0.4821,0.0002755,1016.25,0.28,0x73...9911,https://etherscan.io/tx/0x3b9f4e03f05660627b28a229caefbf5ff751b64df8b42dbab15e7349e9ddaa3a
2023-03-23 12:48:11,True,0.4816,0.0002752,545.028,0.15,0x85...754f,https://etherscan.io/tx/0x3d4c7628e21663637d45c13ad24580598bac5b2f01693427e67cddcc5fa6f63f
2023-03-23 12:46:47,True,0.4809,0.0002749,909.328,0.25,0x26...d75b,https://etherscan.io/tx/0xd4114a60e28e00d1a085972699140c77ca761f57b06d50ff6cba1fcf4938495b
2023-03-23 12:45:47,True,0.48,0.0002745,1202.13,0.33,0x21...e50d,https://etherscan.io/tx/0xc129a450d62b2554bd5a25b0e0f13719f542767335d738e92688a4ab677eb727
2023-03-23 12:44:35,False,0.4766,0.0002726,188.625,0.0514,0x0c...1f6d,https://etherscan.io/tx/0x91bc95679f91dd72cfe202068e2efeef754f29a496c8471ad8a90f9db8a34de9
2023-03-23 12:36:59,True,0.468,0.0002676,35011.5,9.37,0x7b...b154,https://etherscan.io/tx/0xfc083cc064e4232715526a761b674eb7e39094bca0eaad1069c0ae88100466d0
2023-03-23 12:24:23,True,0.4552,0.0002606,2195.53,0.5723,0x1e...050d,https://etherscan.io/tx/0x6e7930e49dfc62c0b54a0e691960e93cb6a741d520768bf3be21885389359bfe
2023-03-23 12:23:23,True,0.4522,0.000259,7097.93,1.83838,0xfc...60cd,https://etherscan.io/tx/0xcd86ff215e06a0e7cf3e0c842435cae30eabd686b5e673f4cfaea0298cac06eb
2023-03-23 12:23:11,False,0.4474,0.0002562,517.0,0.1324,0xff...d187,https://etherscan.io/tx/0xd41f56657296df0fb6f747e76e4712be8d6d915d809ea9768b0cfea2f27ecceb
2023-03-23 12:16:35,True,0.4439,0.000254,21846.1,5.55,0x7b...b154,https://etherscan.io/tx/0xbf39751a347186231c7a804caf9e157da1ddaa805d5a9ff68fcab9b5423ed05a
2023-03-23 12:07:23,False,0.4357,0.0002492,2819.99,0.7028,0x81...7cda,https://etherscan.io/tx/0x4931f3d6b370771f1e1231c3efdebc2719d1b312648e59c3fef3b5379b0d82bb
2023-03-23 12:03:11,False,0.4401,0.0002513,9400.1,2.36259,0x10...7b6b,https://etherscan.io/tx/0x2723b951695b1cff51e185d760d85cbc74e6e94c5115b2700c5d1c4ff6fe13b2
2023-03-23 11:56:59,False,0.4506,0.0002572,24185.5,6.22165,0x75...5d97,https://etherscan.io/tx/0xa58a5dca97bb6fd5c6de268eaea7a9460c07374ead68216336be32c6d1eced12
2023-03-23 11:55:35,False,0.4594,0.0002622,3760.0,0.9861,0x03...5dae,https://etherscan.io/tx/0xe8cf4d0b251b5b5069ee05bfe2a06ef075f99d301cfc639b7f646c6d339b134d
2023-03-23 11:53:47,True,0.4635,0.0002644,423.47,0.112,0xef...72c7,https://etherscan.io/tx/0xf89834154a27f9e490947f2a9649a4ccb314243b6a3fcc7253dfa98daeaa1329
2023-03-23 11:33:47,False,0.4608,0.000263,1019.83,0.2682,0x54...d3c5,https://etherscan.io/tx/0x5043a9df1eaa9c0f51ceb83b3f697d4191c7646cd66390b4a7855160415f7f32
2023-03-23 11:33:23,True,0.4636,0.0002645,1073.23,0.2839,0x4f...988f,https://etherscan.io/tx/0x7c8c34abeb526188ced0f6cffc20e4eaec7035d07f373960a9d94d40ae891d64
2023-03-23 11:28:47,True,0.462,0.0002636,3792.51,1.0,0x41...aced,https://etherscan.io/tx/0x5ff4a28ff08c1d3f149f426c77eca55c8dfb3c4641b6f7eaee695763b328ee5e
2023-03-23 11:27:35,True,0.4602,0.0002626,1618.3,0.425,0xa1...9d91,https://etherscan.io/tx/0x54eb83fbd75d166dc86087908f4811b1b791866b607117abd92feb05282fb047
2023-03-23 11:24:35,False,0.4584,0.0002616,4455.6,1.16569,0xac...9b64,https://etherscan.io/tx/0x342a250aee57d9eb436fbf0081cec4fa3f4500a91eb1d090de8ae107818ee729
2023-03-23 11:20:35,True,0.4624,0.0002638,757.917,0.2,0x93...1fa9,https://etherscan.io/tx/0x4c935f016c8fe8871948703b090ef34fd69502156dedef7ac19d219be5d9b514
2023-03-23 11:19:23,True,0.4611,0.0002629,4183.04,1.1,0x42...db37,https://etherscan.io/tx/0x09f104ec939e25b5319c3edfa5e794ac2d60361f2d37115668dc2a9d8b8e650f
2023-03-23 11:18:11,True,0.4599,0.0002621,229.706,0.0602,0x84...49ec,https://etherscan.io/tx/0xfb3107cc7821ca9e6279ce4fd8ac6662cafd230ae9f543373480ff283f6cc57c
2023-03-23 11:17:23,True,0.4599,0.000262,396.021,0.1037,0x76...42f1,https://etherscan.io/tx/0x67eefa77abf496bc01ca34a555f5bcd1328b36743d55cf1b06f05af9a11232c0
2023-03-23 11:16:59,True,0.4596,0.0002618,763.862,0.2,0x24...4b23,https://etherscan.io/tx/0xf7a43fcad5ab4737f080381508e6396416f75e1c5bb122c0707ecd3cc4a0daf6
2023-03-23 11:09:11,True,0.4578,0.0002609,4215.91,1.1,0x16...7c7a,https://etherscan.io/tx/0xff232ae16e9eca7577d3ef75a6af7d975624f809ea4507c25d208722bd0fc80b
2023-03-23 11:06:59,True,0.4564,0.0002601,192.222,0.05,0x88...1ef4,https://etherscan.io/tx/0xa9b2143d4491f94aba8edb47a2dccf34062a59dc745589157d48afbd881e0782
2023-03-23 11:02:23,True,0.4559,0.0002598,1539.64,0.4,0x62...53cf,https://etherscan.io/tx/0xdf81815cbea1ade5d543c3717689343559a994c7c6e72856a314394d1f2a66e7
2023-03-23 10:56:59,True,0.4541,0.0002588,3863.62,1.0,0x3c...9508,https://etherscan.io/tx/0x9fc8d26ea74fce4342ae249308b9b1729787ec6c65f61a037e447f296baebf44
2023-03-23 10:49:23,True,0.4515,0.0002578,1396.0,0.36,0xea...4949,https://etherscan.io/tx/0x9ffaa13e7bbe8b10b65a47a7da27a15d5dca6e5cfe695d527ec1571a15bab9f0
2023-03-23 10:44:35,True,0.4511,0.0002576,0.0569,1.467e-06,0x4f...988f,https://etherscan.io/tx/0xc4e4f97d976fdaa7a946cdbf4d242e60777ff234c833f32d6b60dbbd6c8a3cf9
2023-03-23 10:33:23,True,0.4498,0.0002569,3892.04,1.0,0xdb...e23e,https://etherscan.io/tx/0xa09103329f00f95c9f12316222a32ce774f38b55c24ffad603b5b2edb7cc48e6
2023-03-23 10:30:23,False,0.4465,0.000255,1880.0,0.4794,0x54...d3c5,https://etherscan.io/tx/0x2a8f82f1f5bf9259821d67ebec97ed3539de31031f2995dd37a288fd28252d95
2023-03-23 10:29:59,False,0.4472,0.0002554,556.365,0.1421,0x93...191b,https://etherscan.io/tx/0xf2c245b0dbf1c34bfec3094f377dbf2e3faad457332d22e845421c7f8ff72aec
2023-03-23 10:28:47,True,0.4499,0.0002569,739.37,0.19,0x69...450e,https://etherscan.io/tx/0x534f9ae6845467105c5d15b624013fa41e8997862dbb906ed8f25d334869ba12
2023-03-23 10:10:11,False,0.448,0.0002559,3515.6,0.8997,0xd9...b14a,https://etherscan.io/tx/0x9506f818675559bc9e3b5cf416cc1341d6dd46f09a48f90bfa7875c499009aaf
2023-03-23 10:08:47,True,0.4517,0.000258,379.802,0.098,0x7f...75a5,https://etherscan.io/tx/0x33c44192a9d69f8db4387324fab2bb5998e0e0caea1c71744fb1ef0d977b5e1b
2023-03-23 10:07:11,True,0.4367,0.0002494,48906.5,12.2007,0xd6...d6a0,https://etherscan.io/tx/0x67f38da863f800ff084d4630dec07ed1379aaa480235cd7e04ec70c1c8985656
2023-03-23 10:05:59,False,0.4205,0.0002402,2581.11,0.6201,0x13...d574,https://etherscan.io/tx/0x090079899dcc53f4cf270ab7374b78cb379b32524932dc79b09fbc66a9b9c7e8
2023-03-23 10:03:23,False,0.4216,0.0002406,103.4,0.0248,0x2d...6775,https://etherscan.io/tx/0x2dd0f561beea85f7a639c692ea7c5468465da858791815ecaf4485b99b97a030
2023-03-23 09:53:11,False,0.4248,0.0002424,10953.3,2.65604,0x02...e91a,https://etherscan.io/tx/0x88cae18a641be8f4bff0ddedd547e8102d0e625e4cf023e8c76b7110f3f7ec16
2023-03-23 09:51:23,False,0.4377,0.0002498,32900.7,8.22021,0x12...ac1c,https://etherscan.io/tx/0x0d85d6ea3f05416198dd84cae9159d247767ff4503e8b5e10cf7a87aebc4f25c
2023-03-23 09:44:11,True,0.4493,0.0002567,1660.65,0.4264,0x84...5c8c,https://etherscan.io/tx/0xb48ba5e0be8b64ea90445d0dc1f97bc30edc4566cc7ab3f03b75edfc1e2c31b0
2023-03-23 09:42:23,True,0.4474,0.0002558,3579.54,0.9157,0x7d...8ea1,https://etherscan.io/tx/0xf4cb3829305be4c144e3d72f8902900a0f74e6bc886945a7053f7b813e0eae6b
2023-03-23 09:37:11,False,0.4442,0.000254,2109.26,0.5358,0xb2...2eba,https://etherscan.io/tx/0xfe1a441e6d63b8bc381505ff4bb1252f4809ba79846e6a71159ed3cd196fe526
2023-03-23 09:34:23,True,0.4475,0.0002558,644.416,0.1648,0xa4...ffa0,https://etherscan.io/tx/0x80c20590b604fdf39dd9bb6e248d12506fa022e0b922f2fddf9ce258d0a0f38a
2023-03-23 09:33:11,False,0.4451,0.0002543,744.153,0.1892,0x97...fde5,https://etherscan.io/tx/0x1f60b339fb65bd346fd88f15fcc48de72ff96ce76734478b1e38d0bdda8a5cee
2023-03-23 09:28:23,False,0.4463,0.0002549,3071.07,0.7831,0x18...8bd4,https://etherscan.io/tx/0x9d23441f7f200049014a10e0db9e5037f098781da579f093bc76daa0628631bb
2023-03-23 09:22:35,False,0.4474,0.0002555,150.994,0.0385,0x90...584c,https://etherscan.io/tx/0x118f83db7880f46990a0a78ef3f86c1987e3e1db6ee477858c5aa1bd6adb568b
2023-03-23 09:21:59,True,0.4429,0.0002529,23719.3,6.0,0xc5...27ae,https://etherscan.io/tx/0x29e0593ca4e45e206f69810840605b642b794bb27ae95496fa5566dac0006aa4
2023-03-23 09:20:47,True,0.4357,0.0002488,208.188,0.0518,0x63...a5bf,https://etherscan.io/tx/0x7645e524767c2272f0b40998f1ebdad202ebf780a61f6b0a4307e780420066c3
2023-03-23 09:10:47,False,0.4345,0.0002474,940.0,0.2326,0xd0...9915,https://etherscan.io/tx/0x2af29ea88c61b13b4d965f8d21001a802e9505e2b55c7d892dd77a7a4666c2ae
2023-03-23 09:10:11,False,0.4351,0.0002478,1249.43,0.3096,0x9f...ee75,https://etherscan.io/tx/0x1ab5ed26dde47985ceaf4b37ce08591da290934d5bf7b23afc5ee9c7a191e62b
2023-03-23 09:06:23,False,0.4354,0.0002485,3071.07,0.7633,0x80...9c97,https://etherscan.io/tx/0x6fb23cf6bbf8d36f9e2ecf8a7e26ca1d59e81db1ce49fdf89b406bbd05e4446b
2023-03-23 09:04:35,True,0.4387,0.0002504,1124.47,0.2815,0x84...96da,https://etherscan.io/tx/0x584642d5bef5c9a34a1ec24e734dfd3e2e990ee4d7c41f28bf1ee776bc9716c7
2023-03-23 08:59:11,False,0.4353,0.0002488,752.0,0.1871,0xb9...5170,https://etherscan.io/tx/0xa78f5102f98e412c18ab2109162ff6461ae1964b92309a30252ee802bc6d3209
2023-03-23 08:56:35,False,0.4355,0.0002491,980.42,0.2442,0xe3...57c2,https://etherscan.io/tx/0x15342a00c3dc30ec1dacb1cd912690ce2139e6212c58529dc6fcbc96b26511ac
2023-03-23 08:43:47,True,0.4372,0.0002501,3998.25,1.0,0x12...b028,https://etherscan.io/tx/0x33f48c14194981fba6f4bcdeeeb22e38075d959fe5ac423296609c3f32c79e1e
2023-03-23 08:37:11,True,0.4357,0.0002494,116.276,0.029,0xa6...69ef,https://etherscan.io/tx/0xf587014a83e2263296ceb2353c8281aa577c88fa4fe895f28cd6929196b98939
2023-03-23 08:32:35,False,0.4331,0.0002479,265.089,0.0657,0x21...e511,https://etherscan.io/tx/0xdae347778bdf62f1d95c0199c9b8a87f79a801e6b8a20e2dfb5b4b3d138b1ed1
2023-03-23 08:16:11,True,0.4358,0.0002493,570.634,0.1423,0x4a...6995,https://etherscan.io/tx/0xe86d66bb3faa549f22a04e68d3a7af2007d6cd18f9a048b90dad7ff4b9faa81a
2023-03-23 08:13:11,False,0.4338,0.0002481,1807.62,0.4484,0xc4...de63,https://etherscan.io/tx/0x67e14851595899684b814b54e2c5829a87c518d79c04f6c8d4e1580672fd7bba
2023-03-23 08:10:47,False,0.4348,0.0002484,187.06,0.0464,0x9f...041f,https://etherscan.io/tx/0xbdfc4340ee05b585cc3782aa43dfed332e49390664eb2cf058effefcbf7b9ee4
2023-03-23 07:58:35,True,0.437,0.0002497,1256.14,0.3137,0x2f...97fa,https://etherscan.io/tx/0xfe47313dde14d5e567bb9112818eefdeccaa70bf6d6f7b518f6e8959ec768c26
2023-03-23 07:58:35,False,0.4341,0.0002481,425.82,0.1056,0xe3...50d1,https://etherscan.io/tx/0xa601759da082a98865d8583ee47c14af1a821a2ed61b17c00887670ce7801c01
2023-03-23 07:54:59,True,0.4362,0.0002492,2300.0,0.5733,0xa4...2e54,https://etherscan.io/tx/0x45afdbd937280fda0d11a39ef5737d96efc619ee9aee88f25d4092a513627efb
2023-03-23 07:50:11,True,0.4357,0.0002488,52.2329,0.013,0x3b...dd1f,https://etherscan.io/tx/0xe9bb6ab99dc1aaa1e2bc1867d4fd10f2570465e719b15916d3f8aea5a81ec751
2023-03-23 07:42:35,False,0.4331,0.0002474,206.8,0.0511,0xd0...9915,https://etherscan.io/tx/0x49f39c898a6e6f77592af69e4b738b169db188af405a52c8626914fed9c93b62
2023-03-23 07:41:47,True,0.4323,0.000247,11522.1,2.84597,0x46...3381,https://etherscan.io/tx/0xdc83cd94d36d8d76801fcc4cfe48f71206f335c4ae9af529553070269773cc35
2023-03-23 07:36:47,False,0.4272,0.0002438,1410.0,0.3438,0xe9...e78a,https://etherscan.io/tx/0x2e4337096b84578661d44f170ce7e02f28463c262f5c86f0315fa8f1cd583da0
2023-03-23 07:36:11,False,0.4289,0.0002448,4700.66,1.15096,0x21...6d15,https://etherscan.io/tx/0xcea6dbfe2e86b1b9203becdac4e2679ddc49472992592d4df92f799ec001f91a
2023-03-23 07:24:59,False,0.4304,0.0002456,184.708,0.0453,0x05...703e,https://etherscan.io/tx/0x13ccf51aecc9dfc593e3e7ea6da943f375f061d1ececb6fbdd5e46964f912dd2
2023-03-23 07:12:35,False,0.4304,0.0002461,2978.01,0.7331,0x18...8bd4,https://etherscan.io/tx/0xcd4aceb21296a112742b1c8c860650612bca665d8665cb9db9e4f200aa15ce41
2023-03-23 07:06:59,False,0.4331,0.0002474,4700.0,1.16315,0x92...8bc9,https://etherscan.io/tx/0x33c5a73e71d745755c782df1a9573c5222266c3d9d8564e55bff3fafb84745e1
2023-03-23 06:51:11,False,0.4334,0.0002483,396.349,0.0984,0x4e...3ebc,https://etherscan.io/tx/0xdb639794bda0805ae6d1963db72f48424e07945a0693a0af4ec03d958239c381
2023-03-23 06:48:47,True,0.4354,0.0002494,2404.89,0.6,0xd6...ef96,https://etherscan.io/tx/0x4eb525d561eb5f62e44ed337a3db095585fe53b3d4dbd15ccc6db5c808df1b7d
2023-03-23 06:42:59,True,0.4342,0.0002488,1406.51,0.35,0xe5...5842,https://etherscan.io/tx/0xeeb8e322bcbe17931ad8b253e066ada018972487f61af6ddb40e3290e561deef
2023-03-23 06:40:11,True,0.4321,0.0002477,4842.91,1.2,0x24...ca87,https://etherscan.io/tx/0x9f8966b206af8455c1e4d6369a35f526f2168cebbb3682b26bf85e3551dd429e
2023-03-23 06:39:23,True,0.4306,0.0002469,231.79,0.0572,0x82...4913,https://etherscan.io/tx/0x764070455188513a029d98b965b54328288056737e5daf2345d4bfe2a5d4c214
2023-03-23 06:37:35,True,0.4307,0.0002468,16.4386,0.004,0x38...06c9,https://etherscan.io/tx/0xbe61acbe85af8ead101a0a84c430193f6646cb1829d57c532c2244a2baa4d8e0
2023-03-23 06:36:35,False,0.4287,0.0002455,963.509,0.2366,0x21...e511,https://etherscan.io/tx/0xfbd499674da0e5571ee8a0814f3b248eabd05da2ebfad30e2415f9a3d0d301ed
2023-03-23 06:34:35,True,0.4313,0.000247,907.89,0.2243,0x21...563f,https://etherscan.io/tx/0x6b688c7461046bba6f08f73de6f3be2e92bd8b273c8ea06e4a0558e8d8ca61ed
2023-03-23 06:32:59,False,0.427,0.0002457,1874.54,0.4606,0xb2...2eba,https://etherscan.io/tx/0xad8a28b7be558d4389f6a3d0c2fe51e70f4634fb0c202778c13f9e2676b683f6
2023-03-23 06:29:35,True,0.4287,0.0002467,4457.36,1.1,0x55...fc79,https://etherscan.io/tx/0x9996c668b84f00e2e2a2f3a17409edc1a478113e8d2a8e4c0e787ad10fce3dba
2023-03-23 06:25:35,True,0.4265,0.0002456,2475.33,0.608,0x01...a535,https://etherscan.io/tx/0x554a64cb1b0d3964644d73bb4b2ccfe4144e734864bff556c689963c33389a61
2023-03-23 06:23:47,True,0.4254,0.0002452,18.5722,0.0045,0x81...6bc5,https://etherscan.io/tx/0xdfbbbd1532bdface17aeeb3518f8a8a59a41e6c43b3161a8565c41ce445c7f0a
2023-03-23 06:23:47,True,0.4254,0.0002452,25.5092,0.0062,0xc9...ec84,https://etherscan.io/tx/0x5b149fe4e7f7d778eef1dc1ff6f2007dc65088d4f0604ecd001864365cf4486e
2023-03-23 06:19:11,False,0.4238,0.0002444,4123.78,1.0079,0x21...6d15,https://etherscan.io/tx/0xcd663bf40540c545a4bc84ebf9b96d8116ee4772a87ab2c9d34f15e189a9a1f7
2023-03-23 06:14:11,False,0.4251,0.0002452,1033.06,0.2533,0x92...8bc9,https://etherscan.io/tx/0x3fdfec221507b1dfca285d3565385e06001b3a889721682298957257a5797b82
2023-03-23 06:03:59,True,0.4277,0.0002469,25.6712,0.0063,0x07...a134,https://etherscan.io/tx/0x798dc55aec81ac3cce0234d85fbeb583f50f0d4d74fe27e641a7f7e665bff773
2023-03-23 06:02:47,True,0.4232,0.0002444,14689.3,3.59097,0xec...4ae3,https://etherscan.io/tx/0x1015fc3759a95432a5e302a7b9efda39dc54dc406af765a79f39b540c1f3fdfc
2023-03-23 05:57:23,True,0.4171,0.0002407,8309.13,2.0,0xc9...e8b0,https://etherscan.io/tx/0x271c415ec2e8d33a8a9cf15eef1683245b4d3a716aa3856d3efd0acf0808ceec
2023-03-23 05:56:23,True,0.4127,0.0002379,9015.43,2.14498,0x87...bc60,https://etherscan.io/tx/0x5efbd322ea85418b3ad8ffcbe020f2e0f5af1fa06c047aaab8baf7bf6229c4b8
2023-03-23 05:55:59,False,0.4105,0.0002365,9400.0,2.22366,0x3b...9e95,https://etherscan.io/tx/0xcc1535d1f2ae4f69f7a9f641521075349f2c8f0c22a4027a5a02f883d167861e
2023-03-23 05:55:23,True,0.4145,0.0002387,4819.79,1.15051,0xfc...60cd,https://etherscan.io/tx/0x500c5db4e2078fb067fb51b6df329db737fba56d2390fa26301a7e27f9692221
2023-03-23 05:54:59,True,0.4107,0.0002364,9729.92,2.30015,0xec...4ae3,https://etherscan.io/tx/0x17cd5920a3337cb5bcb178c08181d24226bf3bb7262bd22c0a2c05381466eb2b
2023-03-23 05:54:35,True,0.4052,0.0002332,10262.2,2.39404,0xd1...4001,https://etherscan.io/tx/0xd7f7105661e7f011dd4d9818ea16169eb25d1ba98fa2e9eb584b1aafb7a61dac
2023-03-23 05:54:23,False,0.4133,0.0002379,48881.3,11.6325,0x3b...9e95,https://etherscan.io/tx/0xc926e5ee7be98614b3a90a40f716b292b2ffbdfa76985f6c197f67ade98dd7c5
2023-03-23 05:53:23,True,0.4295,0.0002472,334.478,0.0827,0x86...8d66,https://etherscan.io/tx/0xd7d1833264ecd41f6ed1aeab84d6a739889f4d568c5d70791f0d2a9db9163062
2023-03-23 05:46:59,True,0.4268,0.0002456,9359.97,2.29936,0xec...4ae3,https://etherscan.io/tx/0x813b7db8c8a29c8eaa430687aa3f5b5d333730e884cd13044bc8ba6eeeab0e34
2023-03-23 05:46:23,False,0.4217,0.0002428,1522.8,0.3698,0x6d...899c,https://etherscan.io/tx/0x5d809f2c534ba472c14ebe52e54f994be65c352b8f40d1c39376948cc0781349
2023-03-23 05:41:23,False,0.423,0.0002433,1397.01,0.34,0x95...e4d4,https://etherscan.io/tx/0x4efe65202ac6cb3df20ddd4258e549ca02421cec9c75e841946ad02ebcf64f58
2023-03-23 05:32:35,False,0.4235,0.0002437,661.742,0.1612,0xeb...ed0c,https://etherscan.io/tx/0xf832c369a60946314db9dedd6e64720e650b6ea69f0533e37cb1f680a5f81280
2023-03-23 05:32:35,True,0.4254,0.0002447,3054.23,0.7476,0x3b...667c,https://etherscan.io/tx/0x999e0746e7920546375daeb6462504cac70db21b9a1a8b5b3e46bb52fcc33e84
2023-03-23 05:31:47,True,0.4245,0.0002442,28.2805,0.0069,0x85...fdc3,https://etherscan.io/tx/0x24a15df99c60c93c47f74f494b9746d0d05fb7829f0314ca50f4379417bef0e7
2023-03-23 05:31:47,True,0.4245,0.0002442,32.3785,0.0079,0x05...5212,https://etherscan.io/tx/0xbcd4d10174703bed4cfbddc2aa07887031e501b570e2a1552f8f5352629d3ca3
2023-03-23 05:29:59,False,0.4229,0.0002433,3584.77,0.8724,0xff...219d,https://etherscan.io/tx/0x7e9cc392005124601b9be246127e2b1004bc141c711930eeeaec1e7d0223d5e3
2023-03-23 05:21:35,True,0.4265,0.0002454,24.4121,0.0059,0xa2...61e4,https://etherscan.io/tx/0x2106271127ec35b3c5c4f3afab543cd48a3619fad322453088e33dc920016196
2023-03-23 05:20:23,True,0.4263,0.0002454,236.353,0.058,0x0e...0dbe,https://etherscan.io/tx/0x5675cc6b3bc122d340187c924a3f128f7b7bab14b816fd7a113af79b5b086588
2023-03-23 05:14:47,False,0.4243,0.0002442,2444.0,0.597,0xa4...7b21,https://etherscan.io/tx/0x2cbab675ffd461dff648236b6370c965ef15bec6614b65b6c550979f11dddbbd
2023-03-23 05:14:11,True,0.4275,0.0002461,22.6682,0.0055,0xf2...4a13,https://etherscan.io/tx/0xe86f09b52bcb480583e45bd36cf02495468675e41411cffc3e9680e680f12e7e
2023-03-23 05:12:11,True,0.4275,0.0002461,5.91157,0.0014,0x20...3557,https://etherscan.io/tx/0x5d09494783d82d236abedfff782ac798e4e9eb7a1f4c538bd2845ba457494883
2023-03-23 05:11:59,True,0.4275,0.0002461,26.007,0.0064,0x57...786a,https://etherscan.io/tx/0xc0aeb0af3be2522b4f83caad562836257939b2123beaeb8a80f855e0ed452dcc
2023-03-23 05:11:59,True,0.4275,0.0002461,29.5914,0.0072,0x00...f243,https://etherscan.io/tx/0x26182d8b77f671ec03baac95feccc2bfaee392d7270fb8040aef02743edb7aae
2023-03-23 05:11:59,True,0.4275,0.0002461,34.6673,0.0085,0x00...f243,https://etherscan.io/tx/0x26182d8b77f671ec03baac95feccc2bfaee392d7270fb8040aef02743edb7aae
2023-03-23 05:11:59,True,0.4275,0.0002461,41.184,0.0101,0x00...f243,https://etherscan.io/tx/0x26182d8b77f671ec03baac95feccc2bfaee392d7270fb8040aef02743edb7aae
2023-03-23 05:11:59,True,0.4274,0.0002461,49.7465,0.0122,0x00...f243,https://etherscan.io/tx/0x26182d8b77f671ec03baac95feccc2bfaee392d7270fb8040aef02743edb7aae
2023-03-23 05:11:23,True,0.4274,0.000246,24.1361,0.0059,0x98...e84b,https://etherscan.io/tx/0xb2f743248d76c281816331bcc41e73340f45d062a1448c7b839fd38abcdc7f23
2023-03-23 05:03:23,False,0.4253,0.0002449,1842.39,0.4512,0x8a...4bb4,https://etherscan.io/tx/0x5b3d5de3fc3f6f1f0be9df2a196d1b3ec4bdbc3243c9ea371643d567b1381458
2023-03-23 05:03:11,True,0.4284,0.0002467,7.51484,0.0018,0x2c...984c,https://etherscan.io/tx/0xa29792f72f03c1da6c0697a188bb948e300c29d7681ae2b2158ccedab296fce4
2023-03-23 05:02:47,True,0.4284,0.0002467,18.6826,0.0046,0x3d...62ed,https://etherscan.io/tx/0x841c29b334ad707b3dee176a3f3247719dcf66e532af4c4ba0f4e01fc96ea659
2023-03-23 05:01:59,False,0.4265,0.0002456,2316.45,0.5689,0x2b...cad7,https://etherscan.io/tx/0xde647d400d7178427afc5a2e089af7e666d3570502dbdb7a2bc3d6bf215001a1
2023-03-23 05:00:35,False,0.4274,0.000246,587.5,0.1445,0x7e...547c,https://etherscan.io/tx/0x4db4045b0ddf93cb97c0169131b1c986240be7932d12cbf7ac1b37c3af87e39b
2023-03-23 04:46:47,True,0.4303,0.0002474,1083.42,0.2681,0x97...86b2,https://etherscan.io/tx/0xfa4964283ddc11168c199a7851bd2cb1d5f9f593d6f17839d08c05ded319f2de
2023-03-23 04:46:47,False,0.4288,0.0002466,4700.71,1.15925,0x86...3c0e,https://etherscan.io/tx/0x67e94a4a23b2b8569b6b09d40d2752a02287583dd970131d2cf38d1254f89e11
2023-03-23 04:41:47,False,0.4309,0.0002478,2761.93,0.6845,0x95...fba9,https://etherscan.io/tx/0xfcd83f167b7b76cf03e932e069fa2769aaf01c27c9d0ee98cfa65472eec476b2
2023-03-23 04:41:23,True,0.4343,0.0002498,160.127,0.04,0x02...7bcd,https://etherscan.io/tx/0xf9b9e0ef1aa8f608f57ffd1a77107915f8272d12c57ee741c36bf057af42332b
2023-03-23 04:38:59,False,0.4318,0.0002483,235.281,0.0584,0x0e...7b2b,https://etherscan.io/tx/0xb01aa82d6de00874f498982a5a3fec8dec6f28d561f0c2442a0475743d40f55c
2023-03-23 04:37:59,False,0.4327,0.0002488,3009.03,0.7488,0x18...8bd4,https://etherscan.io/tx/0xba67f025d6f78ce536164b02e6ee679fc55c131b91e012bf683bcc7870e2dbba
2023-03-23 04:29:47,True,0.4357,0.0002508,458.525,0.115,0x13...c722,https://etherscan.io/tx/0xe108104e03ee21cc15e70815b8a55ade938d44596d0ba3272480b9a22f03f0d6
2023-03-23 04:27:35,False,0.4333,0.0002492,376.0,0.0937,0x58...6b07,https://etherscan.io/tx/0x36e5ccebe3e996605df5e08d0715aeaff848bc0413f29140c0c9b8dc3d7d1f88
2023-03-23 04:10:59,True,0.4365,0.0002508,171.665,0.043,0xab...fe1d,https://etherscan.io/tx/0x1a52e875a86c8fb386e4bd57fe9fe9801914a452f0872753a89d2a3b271f1db6
2023-03-23 04:10:47,True,0.4361,0.0002506,1142.96,0.2864,0xa1...b28b,https://etherscan.io/tx/0xaea6a8325fe031d7756ab88f0a5117d65b2f3b721b95bd40f3074e9f8c9e93ce
2023-03-23 04:05:23,True,0.4353,0.0002503,119.457,0.0299,0x08...a577,https://etherscan.io/tx/0x0380a9a100882ccfd37bfbbfd6e44433489351060b828d6f7cc02afd06e53869
2023-03-23 04:04:23,True,0.4352,0.0002503,287.64,0.072,0x16...98a5,https://etherscan.io/tx/0x94dc220ffb5902527f82d95b5802ee8f4d267d89232f6d6309c3e3696cb0f268
2023-03-23 04:02:47,False,0.4328,0.0002489,940.0,0.2339,0x5d...5601,https://etherscan.io/tx/0x73aee6195e12370224b1571a52734adf88fc105b3a262a507f6775f88c96b890
2023-03-23 04:00:23,False,0.4332,0.0002491,377.889,0.0941,0x21...e511,https://etherscan.io/tx/0xd1402bddb7de48e464e84925f49edaa79daa57189392c05e11d100f5d313bdc2
2023-03-23 04:00:23,True,0.4352,0.0002503,2242.52,0.5613,0x97...86b2,https://etherscan.io/tx/0xe208f59cf13c9483b45c119a3bd148665efea4b5e9a54ca5e070335a796c72c4
2023-03-23 03:56:35,True,0.434,0.0002498,800.613,0.2,0x79...7aab,https://etherscan.io/tx/0x0b832061f04ed335c11a3f8b09d22297b031cf62198ad6c7e98d6c5b9eb3edde
2023-03-23 03:55:11,True,0.4303,0.0002476,12115.5,3.0,0x42...5e7a,https://etherscan.io/tx/0x7aff7ad16522b3c1ab1f653e4dcc329a2748c446553f215e8cce97eb0cc35f5b
2023-03-23 03:53:59,True,0.4261,0.0002452,2038.77,0.5,0xb2...dbfe,https://etherscan.io/tx/0x97e5e9439d5e21b44755d4b9c4a757edbd90205c38f9d69b19c5a7bbc2a6c2fe
2023-03-23 03:53:47,True,0.4253,0.0002447,706.727,0.173,0x78...ebd7,https://etherscan.io/tx/0xdfd0b0eb52dbb8cbb85eaac9cccc1a8623e3a2e26c6ee96117db0ed5c5baccab
2023-03-23 03:53:23,True,0.4248,0.0002445,974.092,0.2381,0x62...a14a,https://etherscan.io/tx/0x3e6492b8136178385479559f41e5529b769c900f65394f4eee0ce5e2f6bfd134
2023-03-23 03:49:47,True,0.4244,0.0002443,200.0,0.0488,0x5f...b464,https://etherscan.io/tx/0xe5f0a98ede9fca8d9460fdecf7f06d71329940f43a77788732718b8dfcdb3860
2023-03-23 03:48:59,False,0.4224,0.0002431,1880.0,0.457,0x03...5dae,https://etherscan.io/tx/0x3542dcd0e45aedd5d1a9a41bcb4246bb1c0711b7f5d627f8a732c9eb2d8dd08d
2023-03-23 03:48:59,True,0.4249,0.0002445,2151.0,0.526,0x7c...5dab,https://etherscan.io/tx/0x31d7765d33ad0e56a94997e1ce66569bcdac7328995aead5532812a53ea38c9e
2023-03-23 03:45:59,False,0.423,0.0002435,4700.0,1.14447,0x12...ac1c,https://etherscan.io/tx/0xa7a59be6d917708c12016a552f69357639161e3a39b0583774037af3257b7780
2023-03-23 03:42:23,False,0.4243,0.0002443,191.76,0.0468,0x01...3d64,https://etherscan.io/tx/0xbadf70ed3f8295e333c352e4c30ce034ab3de1837a33d7fb3ef328376321726b
2023-03-23 03:41:23,False,0.4262,0.0002453,6139.27,1.50633,0x5e...4974,https://etherscan.io/tx/0x626cd49434df0d26221ea1be1c4490c32a941ae7846d0b64986ad101683c4921
2023-03-23 03:40:47,False,0.4284,0.0002466,1752.16,0.4322,0x5d...5601,https://etherscan.io/tx/0x48c85d55af0d4579c3ac20e3a7a0ca5b498621636587019d6f1944ce8fde1231
2023-03-23 03:30:47,False,0.4286,0.000247,673.603,0.1664,0x69...9a65,https://etherscan.io/tx/0x0bfcb5989e2e45291e0050ed6d365ec0a88d71d29734be7b613836b33ffd2f33
2023-03-23 03:30:47,False,0.4321,0.000249,11075.1,2.75854,0x69...9a65,https://etherscan.io/tx/0x0bfcb5989e2e45291e0050ed6d365ec0a88d71d29734be7b613836b33ffd2f33
2023-03-23 03:29:47,False,0.4469,0.0002576,37601.5,9.68678,0x92...5f5b,https://etherscan.io/tx/0x44daa4acf96a09ee63546b9e360c8577744f522310422fec997424acd74a6bf8
2023-03-23 03:26:59,True,0.4614,0.0002659,218.064,0.058,0x03...b827,https://etherscan.io/tx/0xcfda4d4ba88f973a8c52f2d1d1021aa9274501508d78d720d4093fb766a38627
2023-03-23 03:23:23,False,0.4586,0.0002644,463.081,0.1224,0x69...9a65,https://etherscan.io/tx/0x66e3f7a1072e6ab7959818de59e4e444384cbe086c38cfefec5d744006fd1cd3
2023-03-23 03:23:11,True,0.4614,0.000266,323.419,0.086,0xb8...464c,https://etherscan.io/tx/0x3a8f832b42af1693d398376bee989c45541a7d674465dbd148f0178c7ddcbca0
2023-03-23 03:20:59,False,0.4597,0.0002651,3760.63,0.9969,0x16...04a9,https://etherscan.io/tx/0x2499c144176d6c88b127037c2a062acebe18e4df3b46547a2bd1aa823420a889
2023-03-23 03:20:11,False,0.4612,0.0002659,658.0,0.1749,0x58...6b07,https://etherscan.io/tx/0x8274ad10c3faecda0a8e01e2b4ea7eac484323d68732f0822e05e88412760c25
2023-03-23 03:08:35,False,0.4606,0.0002661,345.675,0.0919,0x27...239c,https://etherscan.io/tx/0xb549e266905d58babecb9330e7b5318d399588e5306d7961f03ed46beb006c1c
2023-03-23 03:05:11,True,0.4486,0.0002593,46099.0,11.9536,0x92...8bc9,https://etherscan.io/tx/0x83d058e314670d95cc6792b8311fc1d0a52f2f91156783644f38ff079e899c48
2023-03-23 02:48:47,False,0.4329,0.0002496,150.4,0.0375,0xd0...e48e,https://etherscan.io/tx/0x25439b8999d2999b4730af02537c0d5fefcbe6d9563ee90fbd50425d165ba0e8
2023-03-23 02:36:23,False,0.4333,0.0002497,660.152,0.1648,0xda...f1e8,https://etherscan.io/tx/0x7afcff97d87dcea9771846839eb8c3a4b34d5b03ea3f460c3257f70b8a5216cf
2023-03-23 02:35:11,True,0.4361,0.0002513,113.302,0.0284,0x58...1b23,https://etherscan.io/tx/0x091bf35de7bd53e806c1ce8e0f92997919e0dcaf53b4670978cffa08f51ee463
2023-03-23 02:34:35,True,0.4348,0.0002506,3989.36,1.0,0xc9...e8b0,https://etherscan.io/tx/0x86cbac48fe6503a860b4710e31d8cecfef821938a8e119bea0a1480e28e7c9f4
2023-03-23 02:26:23,True,0.4331,0.0002498,1000.75,0.25,0xb4...7cbf,https://etherscan.io/tx/0x5f8bfc35ee804209a2f327b524b5620547499d9f54b0ff01a003c12fbefd12b7
2023-03-23 02:25:23,True,0.4323,0.0002493,1879.34,0.4685,0x4d...d65f,https://etherscan.io/tx/0xa3fb8537c4141f66827e410a26392b0d97da7ddbce574bae312cd06378557e00
2023-03-23 02:19:59,False,0.4299,0.000248,2896.23,0.7182,0x80...9c97,https://etherscan.io/tx/0x61be12a6b34ab0fd8a169baa024b75376e25f02bae1c48b4c9fd7dda8e891040
2023-03-23 02:18:59,False,0.4304,0.0002485,58.6965,0.0145,0x38...a494,https://etherscan.io/tx/0xf491bb158be8b92e497a9e130da6f297cf23a62e9b58671795c7f656657c652f
2023-03-23 02:15:47,False,0.4309,0.0002485,282.0,0.07,0x33...8bcf,https://etherscan.io/tx/0x741bc6e4dfdb0c274ff27be6a840cb401716f2869bd156b32bbefd70475f8c77
2023-03-23 02:12:23,False,0.4338,0.0002502,9400.0,2.35199,0x92...5f5b,https://etherscan.io/tx/0xd07e7715596d8b73638524fd25ef072f8892396f32487e2b02815e8cb11ac4ec
2023-03-23 02:06:47,False,0.4394,0.000253,7238.0,1.83183,0x92...5f5b,https://etherscan.io/tx/0x91903282a65520d4e362404a69a2b02edff355f32e4dc0de23be08840fb42798
2023-03-23 02:02:59,False,0.442,0.0002545,940.0,0.2392,0xb5...513b,https://etherscan.io/tx/0x540386dad5a2ee92fd36721672db2ab93d9d2facb3860b03349952887ab6c975
2023-03-23 01:52:23,False,0.4484,0.000258,18800.0,4.85105,0x92...5f5b,https://etherscan.io/tx/0x46c7e0143a70df8635057040ac9c74d471fd43bdf0e5b9dd95ea6268c63c2d98
2023-03-23 01:48:11,True,0.4568,0.0002627,1545.0,0.4058,0x5a...d476,https://etherscan.io/tx/0xcd7fbe7363baeb100f94fa0648a4cb7d89fceb17f283538588035eb2bcf3bfcf
2023-03-23 01:45:35,True,0.4569,0.0002624,10.0,0.0026,0xb0...aaee,https://etherscan.io/tx/0x0aebe3d7169b168ad5bd039f0719ceebce677c082640d3e790656adeb971c4e9
2023-03-23 01:44:47,False,0.4552,0.0002613,2820.0,0.737,0x7c...b172,https://etherscan.io/tx/0x919602a75e121e6f41f9b65ec900207caa24052c9e92b72e6ed135d6b2a0c35a
2023-03-23 01:41:47,False,0.4586,0.000263,6183.46,1.62642,0x80...6761,https://etherscan.io/tx/0x381bcf79416b83c15b8624e43a835b374c66c907f4d977fa15dc6fe56a6843ca
2023-03-23 01:40:35,True,0.4624,0.0002653,2152.26,0.5711,0x91...9855,https://etherscan.io/tx/0x287d955073630019c45f02c2190416392cec066147cfc137e6d2d7b61fe079e2
2023-03-23 01:39:23,False,0.4593,0.0002637,1929.57,0.5088,0xf1...b342,https://etherscan.io/tx/0xd5597e80b0f75d0cde267d9e137e01a8c164228dbf8add3b49db12a395a8c8e7
2023-03-23 01:30:59,False,0.4606,0.0002644,1880.0,0.4971,0x90...584c,https://etherscan.io/tx/0x747ec3c2a3cec6ee0cf190ced0e940fa470b80c78545d477a237267751b75de3
2023-03-23 01:30:59,False,0.4618,0.0002651,1880.0,0.4984,0x90...584c,https://etherscan.io/tx/0x37b0b142ca41e60a21680ffa72c7c10c80706fc008ccf9beaed32aab9f055f42
2023-03-23 01:26:59,False,0.4636,0.000266,2928.29,0.779,0x87...f0d9,https://etherscan.io/tx/0x7d6c1426e21b61625c28e7ff98642404778dcc6a40e595dd9ee5147b33a5ca09
2023-03-23 01:25:11,False,0.4653,0.0002671,3011.85,0.8046,0x80...9c97,https://etherscan.io/tx/0x72e031481eca2b0e398b290b05ef344470f02a88b8eb83d607d61528bc72c635
2023-03-23 01:24:11,True,0.4633,0.000266,17473.3,4.64846,0x0b...c9b2,https://etherscan.io/tx/0xe6668088ebca6f0d214b1612a3e220a743440a859221450964d80157aa18a1e6
2023-03-23 01:20:23,False,0.4546,0.0002612,402.486,0.1051,0x03...569a,https://etherscan.io/tx/0x442e1ae400b744835e758d5fc7cca592b46d7a1897fdc62f50820c89c1370a02
2023-03-23 01:20:23,True,0.4562,0.0002622,3813.58,1.0,0xff...219d,https://etherscan.io/tx/0xcd647b5cf614329d53c8a6eac516a39f0433151eb385c4219395db13cf568ccd
2023-03-23 01:17:35,True,0.4533,0.000261,2624.7,0.6851,0x0e...426c,https://etherscan.io/tx/0x6344dbf1ffd8ddfb474b859b4cfb486897de71712752eb9b797e885a9590c998
2023-03-23 01:14:59,True,0.4493,0.0002591,7717.14,2.0,0x5b...5091,https://etherscan.io/tx/0xc480ba6e64d6a971bd0117ad251efd49c65089842372fb5eb6206db5352dff93
2023-03-23 01:13:11,False,0.4438,0.0002562,188.307,0.0482,0x55...d589,https://etherscan.io/tx/0xd49625605f86bb3e6bd260eb989383085e2ef3ed0a2020c4d0a022cb55909986
2023-03-23 01:12:11,False,0.4439,0.0002563,256.62,0.0657,0xed...9b54,https://etherscan.io/tx/0x6abdd87468e2ddc5818eab6e32fc39d90fa4a39d96085e9bda22162a50b0cb68
2023-03-23 01:09:47,False,0.4452,0.0002569,3197.03,0.8215,0x80...9c97,https://etherscan.io/tx/0x727ca799fe51e3fa92f207ac18f652ac58c37430ba8810fa27b980b925799490
2023-03-23 01:09:35,False,0.4468,0.0002578,1880.0,0.4847,0x86...3c0e,https://etherscan.io/tx/0x1ce8ac108a5cea79e6cce07abaac21c0837203414721fa31ed473422e811b909
2023-03-23 01:08:59,False,0.4475,0.0002582,282.0,0.0728,0x55...d589,https://etherscan.io/tx/0x971e1100a98496ab0d39b049421c07e1b4f202969d7521a5742256db085ece7e
2023-03-23 01:04:35,True,0.4496,0.0002594,2138.95,0.555,0xda...a620,https://etherscan.io/tx/0x9f35522e611419cf7fedc9f50451664fc8048b48871a44f072c240157f27f824
2023-03-23 00:58:23,True,0.4487,0.0002588,1144.28,0.2962,0xa4...a20b,https://etherscan.io/tx/0x28d08210ac51a1e68b4b6ed933576194405face0d917d7ab38e0d9849e78e475
2023-03-23 00:57:23,False,0.4469,0.0002578,4136.0,1.06654,0x74...cd61,https://etherscan.io/tx/0x6fef48e304bb20ae32d990164b267afc71ab517da6e3ade98a654a9a09502247
2023-03-23 00:56:35,False,0.4504,0.0002598,6580.0,1.70948,0x6c...ac7f,https://etherscan.io/tx/0xff42f8bbe6db6c974032c1f86d1c9f49f918516aaccfd925b7d9165009ef5313
2023-03-23 00:53:59,True,0.4551,0.0002625,106.648,0.028,0xce...ce15,https://etherscan.io/tx/0xdc839dd5856179f84e7fa0861e173e2381feba28b099920a7bd9beb7d8d989ea
2023-03-23 00:50:47,True,0.4547,0.0002623,1105.5,0.29,0x7a...9a7f,https://etherscan.io/tx/0x9e90f1ce4dcd8a5404f3f1195297df5e5497613a5462fd89de4ccdce54735df3
2023-03-23 00:45:11,True,0.4545,0.000262,250.052,0.0655,0x3e...50b1,https://etherscan.io/tx/0xce6bf1b463f178e9011bb2c0d002bf571cfb65e5eac1302527ee97298e3a7fb0
2023-03-23 00:40:47,False,0.4472,0.0002579,2820.0,0.7274,0x86...3c0e,https://etherscan.io/tx/0xda68f8fa9ec23f5c30f7a704aecd17199f20cc430d256c96185c496c2b02fa2f
2023-03-23 00:40:35,False,0.4495,0.0002593,4700.0,1.2188,0xbb...f481,https://etherscan.io/tx/0x3b4ec0e89a2912db02619ac36cb970b32a4a6b5bf99d040cc8c40f8bd144f520
2023-03-23 00:34:47,True,0.4526,0.0002612,2679.47,0.7,0xb4...7cbf,https://etherscan.io/tx/0x0776e10b743bb5e4d504edbc64b15d3d8846f0719e172ebb81cddb653e3355f0
2023-03-23 00:30:11,True,0.4517,0.0002607,325.793,0.0849,0x90...80fa,https://etherscan.io/tx/0xa0cff98bb096d4e043618bab462a0feaf3a587fd23df2c7bac834c067dd38ad6
2023-03-23 00:25:59,True,0.4477,0.0002586,11160.3,2.88625,0x06...b2c4,https://etherscan.io/tx/0x81bd9d360d574ae948c127468e19361641c2da9d0e661f637631495f527679b3
2023-03-23 00:24:23,True,0.4433,0.0002562,2374.51,0.6083,0x5c...2554,https://etherscan.io/tx/0x496aa25892c36c2d381856c421ee8d6046c2eb6e308efad02050d6a940590497
2023-03-23 00:21:23,True,0.442,0.0002552,2938.23,0.75,0x95...fba9,https://etherscan.io/tx/0x0dfd093bddd3a2d855192f60d552d78152d2d1347b78c1c24735a568a9e26c97
2023-03-23 00:20:11,False,0.4385,0.0002532,346.288,0.0877,0xbf...b63c,https://etherscan.io/tx/0x13b44fed6fb74d2be04cceb3d3ee6dcba1b1cbb8214651c0635adb6f472a866f
2023-03-23 00:19:35,False,0.439,0.0002535,1316.0,0.3336,0xed...9b54,https://etherscan.io/tx/0x5aa9e302c3bb956ba1c1f74cefb50833221b7cbfc5a0c96188f9718967370b58
2023-03-23 00:19:23,True,0.4374,0.0002526,15169.1,3.83274,0x08...d26f,https://etherscan.io/tx/0xd0d94a0a82763bae6da0fc2fb0989420053d655bc61f2f35716f57406a8bcd99
2023-03-23 00:11:35,False,0.4302,0.0002486,573.4,0.1425,0x9e...e4f7,https://etherscan.io/tx/0xe3ed71f737c9cae49bd1c5b2f1fbe60ac66ec9a4688186551cc035974061166a
2023-03-23 00:09:35,False,0.4301,0.0002487,188.0,0.0467,0xd0...e48e,https://etherscan.io/tx/0xdaed37f4d6abced3bfde431b59215ead58c73bf6da097c3c1b4b074a1fcd4173
2023-03-23 00:09:23,True,0.4283,0.0002477,14933.2,3.7,0x25...ab52,https://etherscan.io/tx/0xed99c390f0c10574370c06b2e365cc73ebc623805ff05b06812cf52ec61e3ad4
2023-03-23 00:06:47,True,0.4238,0.0002451,825.499,0.2023,0xea...cfd9,https://etherscan.io/tx/0xbda30ecf75563bf1a1685ddaef595fff3e6e7d9630c51ffa9d2fd87a2a30c82b
2023-03-23 00:06:23,True,0.4233,0.0002448,716.599,0.1754,0xa4...ffa0,https://etherscan.io/tx/0x2197a2f1811a6424f01c596348bfae5d335c6e78306fb6f389da226e281ba910
2023-03-22 23:55:59,False,0.4205,0.0002437,2717.63,0.6623,0xc1...ba31,https://etherscan.io/tx/0xa3822c55b823b90ff31ecc12c879e080ff14dff2fde4637889ef97f96a00c090
2023-03-22 23:55:47,False,0.4213,0.0002442,384.46,0.0939,0xde...da75,https://etherscan.io/tx/0x8526d3efa5344c54990ae16a324c4085e86c41d3012ccf21298fd8551e6bd9fe
2023-03-22 23:42:35,False,0.4207,0.0002447,2443.02,0.5978,0xeb...aa21,https://etherscan.io/tx/0xc67f12febd808925f41db023dad01210b8cb1f9dc19396fe310c8df9d0be6d4a
2023-03-22 23:42:35,False,0.422,0.0002454,2068.18,0.5076,0xb1...f036,https://etherscan.io/tx/0x363c4f06069adae455b79ede455122f164eb8216cf650ed14eb6b9e7177c894c
2023-03-22 23:40:47,False,0.4238,0.0002466,4700.0,1.159,0x06...b2c4,https://etherscan.io/tx/0x3febf9aac501633a10bda4840c6b5812e9fa7713f73d67996499460f7a8e0c49
2023-03-22 23:38:35,True,0.4279,0.0002488,116.39,0.0289,0xf5...046d,https://etherscan.io/tx/0x2badc61e90eec2f09ee2c1771c0e79aa575c9aff88df2ee91631bab25328585e
2023-03-22 23:30:11,False,0.4263,0.0002475,1274.51,0.3155,0x43...3d18,https://etherscan.io/tx/0x445f17be62cbbcf31bfae2f12e71c3a23683c64e0c0a8325819e2a2d6dd7da0e
2023-03-22 23:22:11,True,0.4287,0.000249,1394.22,0.3472,0x56...6ad2,https://etherscan.io/tx/0xacc8e0b967c4a391ea598420d21e3136175b3d58b35078b045e1c7ebcba194c4
2023-03-22 23:14:47,False,0.4258,0.0002476,1880.0,0.4655,0xe4...e4d6,https://etherscan.io/tx/0xa2b32a2b3af71833a87b803b393248645f94c9fb0232f131301744ee16c3b568
2023-03-22 23:14:11,True,0.4286,0.0002493,758.119,0.189,0x75...103c,https://etherscan.io/tx/0x32eab26baff5293257a50ebfd6cd22700c0b5fbeb01e6c9c1cfdbf203c8c5c41
2023-03-22 23:11:59,False,0.4271,0.0002479,1414.74,0.3507,0x46...bca9,https://etherscan.io/tx/0x36a7b8dcdb4293afe443b53b6c30bfa3433713a74de3d3a4b2ecb506b264f23e
2023-03-22 23:09:35,True,0.4302,0.0002496,300.078,0.0749,0xa6...b723,https://etherscan.io/tx/0x41dd23edf6a8fd415df71188b1500f6a1fc97598118aa97a637d4629d8e6e75e
2023-03-22 23:08:47,False,0.4283,0.0002484,2350.0,0.5838,0xe2...79fc,https://etherscan.io/tx/0x3b774a87e72b7c96bb338f64ec4f97440a9a38fc23844921eb1686bbd70f8465
2023-03-22 23:04:11,False,0.43,0.0002498,5589.19,1.39622,0xbf...50ba,https://etherscan.io/tx/0x5337c61f35df61cc5d4f043f01e2ffb10a20ef644ffc5410707cf2a814a466f3
2023-03-22 23:03:23,True,0.432,0.000251,6936.59,1.74161,0x3c...54d9,https://etherscan.io/tx/0xd784de51807d65e7579f48941375f0da36392a7f848e0ef95b1c48d0ab614ab8
2023-03-22 22:58:23,True,0.4293,0.0002495,1897.63,0.4735,0xf3...788d,https://etherscan.io/tx/0x476ad34efaf53d22e7b42f3f27201a8c89b493700d526c0b9da1c8bc610770af
2023-03-22 22:56:47,True,0.4283,0.0002489,1606.66,0.4,0x7f...5875,https://etherscan.io/tx/0x272f651abe4dd993baad83a179ee9a53110dcfc69b7572322d6583c1922a5253
2023-03-22 22:55:59,True,0.4262,0.0002477,5634.21,1.3958,0x5a...320a,https://etherscan.io/tx/0xd37b2daec4441a50269ecdf10f10f028791682988d40a8a822a981afdb921867
2023-03-22 22:55:11,False,0.4219,0.0002453,463.982,0.1138,0x67...546f,https://etherscan.io/tx/0x825b5f8d12f6d1f34cdab449bbdd02ef3d8f4cb501d8cb37aa14b11c0f05b09a
2023-03-22 22:54:59,True,0.4243,0.0002467,1140.86,0.2815,0xd1...4001,https://etherscan.io/tx/0x1634619527cebf672e193afaefdd9e806dc2947456598313f9507c59a9b77ef6
2023-03-22 22:51:11,True,0.4245,0.0002464,689.808,0.17,0x80...00fa,https://etherscan.io/tx/0xc9e285550bf2e6e23f255ab85526abd947734917d06a483dd10712aa0805ade5
2023-03-22 22:47:35,True,0.4241,0.0002461,1075.09,0.2646,0x9d...60d6,https://etherscan.io/tx/0x8dd507d27b6513b85ac3f7fc5638ddfc5e244cc36983dd722772dff1a50eb7b1
2023-03-22 22:41:23,True,0.4235,0.0002458,587.013,0.1443,0x5b...ccb4,https://etherscan.io/tx/0xe8da7ea01d4caea501860ed53f113795720fad8ad1f41dafb2d835d97b1e83ff
2023-03-22 22:40:59,False,0.422,0.0002449,3760.0,0.9209,0x7c...b172,https://etherscan.io/tx/0x5686f94ba346b8465dc7f45e1ed2e2e9010eeecb7b42d4b40cc19a255f10249a
2023-03-22 22:39:59,True,0.4248,0.0002465,3083.04,0.76,0x63...80f0,https://etherscan.io/tx/0x0fc5675840b82c8a3db95bd5eceb755227d2c58780cc32ab5bae1313b4c7acab
2023-03-22 22:39:47,False,0.4216,0.0002446,705.0,0.1724,0xef...5a95,https://etherscan.io/tx/0xc5370da75d81eddebc8612d6356ca637bfe67f62aed79a9542c7a6aa6aab994e
2023-03-22 22:38:47,False,0.4236,0.0002455,4917.14,1.20753,0xac...9b64,https://etherscan.io/tx/0x624c230cb55ffc64c69698a91a68d631d44b275d1bcd1837f82edff454c6b2cf
2023-03-22 22:31:23,False,0.4275,0.0002473,5534.78,1.3689,0xdb...7693,https://etherscan.io/tx/0x418b0435e80b225ad073aecdcce7c57e6b5970b13a5c165b991ff348766cb445
2023-03-22 22:26:59,False,0.4294,0.0002483,485.403,0.1205,0x4a...bcfc,https://etherscan.io/tx/0x1b5b4de40d635c5d360c6fc86f3d79cb38ed58edd3a817c41de606c0cd37db7b
2023-03-22 22:20:23,False,0.4315,0.0002487,2068.0,0.5144,0x5d...0aec,https://etherscan.io/tx/0x11875ae59c435068b5c8c0fe5a1a399870ca9b48b36a0c382470f85cfae72ede
2023-03-22 22:19:47,False,0.4351,0.0002508,10141.3,2.54413,0xf4...44b9,https://etherscan.io/tx/0xc16559a5db23becf4248b9fd58536187362683134bee408b9631102f7a31832c
2023-03-22 22:17:47,True,0.4405,0.0002541,196.77,0.05,0x72...8c46,https://etherscan.io/tx/0x470030d07c064b22474713c00f617ac1a070e74ee422016895cdf5f2174a223e
2023-03-22 22:17:11,False,0.4394,0.0002534,5170.0,1.31034,0x16...0988,https://etherscan.io/tx/0x1807cef2d04c04a1157f38861e104b08f27cc0f8f1f09db5b2990866dc39576b
2023-03-22 22:15:47,False,0.4433,0.0002552,5152.91,1.31535,0x8d...17e7,https://etherscan.io/tx/0x8443c4f4402dbbc01b79274d3e7879f90f4634004111eff10622c50171eb8c7e
2023-03-22 22:14:59,True,0.447,0.0002573,1942.73,0.5,0x08...3df6,https://etherscan.io/tx/0x9ff5b45dd244167d78d5d4035a0ad574469162bc1f02552130eceb0edb6aa27e
2023-03-22 22:10:47,False,0.4453,0.0002564,5538.78,1.42052,0x08...3df6,https://etherscan.io/tx/0x796072addfd900d1e9d18f3f1a6d4b2d1cf714d7ca8c4a731f5cb344ea309a94
2023-03-22 22:09:35,False,0.4474,0.0002576,1134.89,0.2924,0x7a...9a7f,https://etherscan.io/tx/0x4a905d8924387237076a8896c4955b4ad0b232a0c426e911f0c4066ff32759ac
2023-03-22 22:08:23,True,0.4497,0.000259,1885.67,0.4885,0x8f...a613,https://etherscan.io/tx/0xe5737ebece489a7f038724afd2536a91d11c58213d9ff2e05f12830af632bd1f
2023-03-22 22:08:23,False,0.4478,0.000258,4700.0,1.21272,0x00...3661,https://etherscan.io/tx/0x32bdf8210406018a98b51b53cf87d466348e4b5a70881898e11cbe8ba108d6dc
2023-03-22 22:06:11,True,0.4505,0.0002603,230.166,0.0599,0x26...6242,https://etherscan.io/tx/0x12fd79736f9e4897e5e70a4a40e85bf58642c764e6bb2e6ae68ff35101ff7cc8
2023-03-22 22:05:47,True,0.4501,0.0002603,211.288,0.055,0x0f...eb2f,https://etherscan.io/tx/0x598b9370a99ad01b515ade4f43ad7d7b49bf7da4d5262eb4f4cede46c6b459c6
2023-03-22 22:05:11,True,0.45,0.0002602,249.88,0.065,0xe0...455b,https://etherscan.io/tx/0x7be067ea8fb6aab068b6247413c78f26122535ca7295229cd7bdeb212a57ca49
2023-03-22 22:02:35,True,0.4493,0.00026,584.059,0.1519,0x2f...056f,https://etherscan.io/tx/0x3110534c4ede2641eafede11c8eee84566b3452c1a66a772e25bd69566f8c848
2023-03-22 22:01:23,True,0.4497,0.0002599,384.768,0.1,0x5b...c897,https://etherscan.io/tx/0x9886971230cea3154bbd0b01daf69430a79ab2538a08c22580df8ed0f8faf66d
2023-03-22 21:59:47,True,0.4459,0.0002577,11640.1,3.0,0x00...7291,https://etherscan.io/tx/0xdc0924570f0f1508865af30575f8c797f9f2787aeba31a17290a4ad3a97fb0ca
2023-03-22 21:50:47,True,0.4373,0.0002527,16657.6,4.21,0x38...9d7d,https://etherscan.io/tx/0xb7bb5e552839c42ce99293fa1d1e6840ca4de8a4ccbbe4be9438e41a3c80b189
2023-03-22 21:47:59,False,0.435,0.0002516,18800.0,4.73,0x06...b2c4,https://etherscan.io/tx/0xf227f9b30305d778f2f982b451b1eda4081c0eb98b2f461fb8ea2d82a5f0265f
2023-03-22 21:47:11,False,0.4415,0.0002553,2632.0,0.672,0xe9...8b98,https://etherscan.io/tx/0x233aa280328437fc2b5b5031762f8b754cb4228486adde7bef9921758d95cbbe
2023-03-22 21:44:47,True,0.4368,0.0002533,22869.7,5.79294,0x0f...498a,https://etherscan.io/tx/0x587adc6bad253c449bc0a01e7ad0753218b83c70c215dc8b970d6f1d5f775db6
2023-03-22 21:43:35,True,0.4299,0.0002493,100.0,0.0249,0x57...8f67,https://etherscan.io/tx/0xd36c0aa5c4d3912c10feceb98cda630972d60edf731200086e1115f00a99e6b5
2023-03-22 21:43:35,True,0.4267,0.0002474,10812.6,2.67591,0x97...0896,https://etherscan.io/tx/0x2e9cb4bb828e7a74e0a354b43742f4dabf27e0dc1d3afee9fbfc5d4b557553b5
2023-03-22 21:41:59,True,0.4231,0.0002455,488.629,0.12,0x1e...a7b6,https://etherscan.io/tx/0x6ea8f285f4324c03ae430dc9ff8bcf7eb53b4308cfd3215c44ed10b1882ca4a4
2023-03-22 21:35:11,True,0.4229,0.0002453,706.881,0.1734,0x5e...7f63,https://etherscan.io/tx/0xc8161aa5ae812989d3395995a79fe9fe203e9666a644b019897ec734444329d4
2023-03-22 21:34:47,True,0.422,0.000245,1637.43,0.4011,0xd1...4001,https://etherscan.io/tx/0xfdf9d3e187aa45f889dc8aefd719216cf987dc92353e21ff1aeee74977d5b09f
2023-03-22 21:33:59,True,0.4202,0.0002441,3554.05,0.8676,0x36...2dd2,https://etherscan.io/tx/0x1ebf501a307a67c41d1919d29d37e14645a52fa69ef6b4b4792c2383fd6014be
2023-03-22 21:32:59,True,0.4179,0.000243,2879.75,0.7,0xd6...ef96,https://etherscan.io/tx/0x1310409e208397257e00edd2c606aae0decdfad9db85bee5c3318a7d808f3f3b
2023-03-22 21:31:11,False,0.4149,0.0002411,102.46,0.0247,0x83...e295,https://etherscan.io/tx/0x879e3fbf7e5883e171861c9efb5795514520f33b6b35ebfe50326f0264a1f5bb
2023-03-22 21:30:11,False,0.4152,0.0002412,131.6,0.0317,0x83...e295,https://etherscan.io/tx/0xe8767b5d79a6dff84e84f149e7fc233173e394ee431b448249b3d13a7772fa22
2023-03-22 21:28:47,True,0.4171,0.0002424,1736.82,0.421,0xc5...8e9e,https://etherscan.io/tx/0x8e92846d01ed4e444e9f2315af0e1e0966142d33d43463ce7fa9566e2b278a26
2023-03-22 21:21:11,False,0.4146,0.000241,2350.0,0.5664,0x8c...a374,https://etherscan.io/tx/0xba87d5cd0a775e2cd4bb7d7031abb899d46c5240eb5cf223e9d240be99c27e0c
2023-03-22 21:20:23,False,0.4165,0.0002415,940.0,0.227,0xe9...e78a,https://etherscan.io/tx/0x93e40c9543b81888354236fbf4e913e4a1d6677b06654c95e5f6eaf13deef182
2023-03-22 21:18:59,True,0.4199,0.0002431,164.5,0.04,0x49...4ec2,https://etherscan.io/tx/0x960f6fb06c69fd4ca4589559bc6d5f104592812554bb96d038a2d0fff4b1e456
2023-03-22 21:17:47,True,0.4199,0.000243,823.05,0.2,0x80...4bef,https://etherscan.io/tx/0x2468f3a7ce7f0d72ac33a3785cec4c01652c576df4d3c871138b11d7434b7f06
2023-03-22 21:15:59,False,0.4154,0.0002418,2820.0,0.682,0x84...e705,https://etherscan.io/tx/0xe6e4d72a2592869e9442d18da164af331be5789cb5e8f7d8b07d2151defec52f
2023-03-22 21:13:47,True,0.4158,0.0002417,12496.4,3.02091,0x18...41ff,https://etherscan.io/tx/0x8ad72ea973278ce621789c0a6004f40dbedbdd7aba161395c93ec99698c929fb
2023-03-22 21:13:35,False,0.4104,0.0002387,2688.95,0.6418,0x43...af8d,https://etherscan.io/tx/0x5a659f7a11165b9b23b9bbc029a696360801245aee29eb977e14cd54be0f851c
2023-03-22 21:13:23,True,0.4134,0.0002404,1000.0,0.2404,0x56...6fad,https://etherscan.io/tx/0x99358960c6d87d7fbcbc68e4a3d93816bcaa204ebf8410135055449facb34577
2023-03-22 21:13:23,True,0.4104,0.0002387,9717.38,2.31956,0xec...4ae3,https://etherscan.io/tx/0x87d204c921b8a9434d3679b3c29a88f4f307f14f74b0476f593a6c993954fa34
2023-03-22 21:12:47,True,0.4064,0.0002365,3624.96,0.8576,0xd1...4001,https://etherscan.io/tx/0xdca6baeecdf94b50379b9b3bde376a9d1931ab99a2e54c6798f2788bd7675be5
2023-03-22 21:12:23,False,0.4055,0.0002358,7990.0,1.88446,0x7c...b172,https://etherscan.io/tx/0x74d4683c24e578cc36a700417e1a7f19302fa2343b1e4a5504f6d3060768e76b
2023-03-22 21:11:59,True,0.4096,0.0002382,1880.48,0.448,0x62...9e77,https://etherscan.io/tx/0x06433097431b1f5d5d748e864037134217af41c29dd7f8fcc0b6ade28774b72b
2023-03-22 21:11:59,True,0.4071,0.0002366,8453.09,2.0,0x00...7291,https://etherscan.io/tx/0x5df5a2abe37f4467939b43190c69f9991c4ad6bceb724c5a8b228930ca1f7ac0
2023-03-22 21:11:11,False,0.4042,0.000235,7708.0,1.81188,0x7c...b172,https://etherscan.io/tx/0xc883024b53ecc687f888f88ad846dadb814578c34328d117db230d5938e1e9c5
2023-03-22 21:10:35,True,0.4071,0.0002365,7351.8,1.73893,0xec...4ae3,https://etherscan.io/tx/0xc4f517eac5ab8f00fefbe642a1b3f6f6a779e121cbccc692f08e50198958d06a
2023-03-22 21:10:11,False,0.4048,0.0002351,7708.0,1.81269,0x7c...b172,https://etherscan.io/tx/0xe4eb03537ec0c0334165c871a13f526c378172c45507c9a30ddf63510c9812a3
2023-03-22 21:10:11,True,0.4087,0.0002374,2302.86,0.5467,0xd1...4001,https://etherscan.io/tx/0x430125f00c319cee046db7e80c0b244dd0be79654dc8e1cb2c1b4716e4101c8c
2023-03-22 21:09:47,True,0.408,0.0002367,2112.06,0.5,0x21...e50d,https://etherscan.io/tx/0x4a959ad101b07964b3d2ba2653bf309b8c68a36c3db5a9f1c7c5ba477efd2e73
2023-03-22 21:09:35,True,0.4048,0.0002349,9140.1,2.14766,0xd1...4001,https://etherscan.io/tx/0xd634eed563c1215eabb81eb35cb8aa2fee851be1628dff650da75d1e8fc0b8ee
2023-03-22 21:09:23,False,0.4125,0.0002395,47000.0,11.2609,0x84...e705,https://etherscan.io/tx/0x4db55859d1d26c6c5720dbe94b5119368f2a6b149742015a74797913948dea60
2023-03-22 21:08:59,False,0.4272,0.0002481,5427.18,1.34687,0xca...2ce0,https://etherscan.io/tx/0xb3df2366fcced7c40048c095e8920f6aba5544f97037897f27774e6a92337506
2023-03-22 21:07:47,True,0.4292,0.0002499,3600.39,0.9,0xb4...8b66,https://etherscan.io/tx/0xe8420ca044f7f5e33a3a00bc5c271ffb7178da6c0a40ec627ec732124e77278b
2023-03-22 21:07:47,True,0.4258,0.0002479,8064.88,2.0,0x01...f48b,https://etherscan.io/tx/0x8e9d45ea87a7027abe2ded4cbd3bd6894ba094b33789e543d8975fc2cd352903
2023-03-22 21:07:11,True,0.4234,0.0002466,150.0,0.0369,0x12...68c0,https://etherscan.io/tx/0xa115e21dbc7fa089598d35c85dd4e5de9185f668a24ef0a1797fb99a79839c05
2023-03-22 21:06:23,False,0.4216,0.0002451,384.46,0.0942,0x5b...9489,https://etherscan.io/tx/0xfc8aadff09580a861d726e9c53b32ea3f5167597fb0b89b3770d9036c141900f
2023-03-22 21:05:35,True,0.4221,0.0002453,8151.75,2.0,0x00...7291,https://etherscan.io/tx/0xef6040ec44aca1821d602da49a351e88bbcedf00560da94ceff9eab47f44cb55
2023-03-22 21:05:35,True,0.4196,0.0002439,409.958,0.1,0x5b...9489,https://etherscan.io/tx/0xe93f083533a6fa65647dd267d9ddd340203b2bba308963b8ec45cd517983a9cb
2023-03-22 21:04:11,False,0.4189,0.0002432,5264.0,1.28054,0x74...cd61,https://etherscan.io/tx/0x2658944f611f5a54300cbf7b3b77dd36956d1b24c986e43de9ab242b5e67c5b9
2023-03-22 21:03:47,False,0.4204,0.0002442,940.0,0.2296,0xdc...603e,https://etherscan.io/tx/0xb2a88a372980638a4fab8b1579c4d8a9953c975f7703005262dc1a4494f83acf
2023-03-22 21:03:35,False,0.421,0.0002446,1242.64,0.304,0x85...38e4,https://etherscan.io/tx/0x81d4a1acf57b82ad058ee79f43d5828cbd130374e428c03a217e835cda8b625b
2023-03-22 21:03:11,False,0.4225,0.0002457,5571.87,1.36946,0x0b...0110,https://etherscan.io/tx/0x08b113210f2e9aa17ed1bc954b25874629c2294a44c91811103c07220001d885
2023-03-22 21:02:11,False,0.4271,0.000248,8082.55,2.0051,0x87...857f,https://etherscan.io/tx/0x2c10d5856c7029bf1f01b959b873159e903cc47b610adc331d4d34bf6a8fe2a5
2023-03-22 21:01:23,False,0.4302,0.0002502,4700.0,1.17619,0x0c...d0d0,https://etherscan.io/tx/0x60c64a101320ef43f0a465f221f7db063ce7354be76578c5876f5a1ac6fe0989
2023-03-22 20:59:47,False,0.4328,0.0002518,4700.0,1.1838,0x8c...a374,https://etherscan.io/tx/0xebaf1ca9a0a6196db3aed7fcf1e1a891ac0cdcb76774861e2f4c082bebecad9a
2023-03-22 20:59:47,False,0.4374,0.0002545,10692.9,2.72201,0x8c...a374,https://etherscan.io/tx/0xebaf1ca9a0a6196db3aed7fcf1e1a891ac0cdcb76774861e2f4c082bebecad9a
2023-03-22 20:55:23,False,0.4481,0.0002608,24269.9,6.33071,0x57...ce8d,https://etherscan.io/tx/0x41fa1b48135c6875d842bae30ba8e8b85d7792f815471a1239d1baba915feed2
2023-03-22 20:48:11,False,0.4571,0.0002661,4700.0,1.25109,0x8c...a374,https://etherscan.io/tx/0x96862cc5c380c2fd870f3eb45f777a5ffb2c9b64dadd6a4f6e1c6095b94bb558
2023-03-22 20:46:35,False,0.4627,0.0002683,6580.0,1.76558,0x73...e779,https://etherscan.io/tx/0x345f141ff982973597487370dd94d2fd0fe61d99f0dbdc610934e394e25960c9
2023-03-22 20:45:23,False,0.4671,0.0002698,1184.63,0.3196,0xed...5a6c,https://etherscan.io/tx/0xfeee525fe21486984a9216ba61c3f7f966d5b6e9fd9d373b92f67d252c5a9da8
2023-03-22 20:44:11,False,0.469,0.0002702,1275.58,0.3447,0x48...c4c9,https://etherscan.io/tx/0x67213af1faadd0a7df80ed72a25235326c65025104007e76dae65dd18f550911
2023-03-22 20:39:23,False,0.4705,0.0002707,1063.56,0.2879,0x3b...8413,https://etherscan.io/tx/0xf19d6a7a7dd679136427e4a303400e03ca06c7b447a89edb7b1d2eb4cd0c15e2
2023-03-22 20:37:11,True,0.4735,0.0002723,1324.3,0.3606,0xb9...8fed,https://etherscan.io/tx/0x7285cc69f8a48cb9b8f4bdbefc51e64cea2d6c6c7865f3de3344aba98d03990e
2023-03-22 20:36:59,False,0.4706,0.0002706,1052.54,0.2848,0x9e...5cc6,https://etherscan.io/tx/0x7d698c72339598113b2ed9060a8aeaadfa87f970a1281265a710060b254d6dba
2023-03-22 20:36:35,False,0.4722,0.0002709,694.66,0.1882,0x58...6b07,https://etherscan.io/tx/0xa3646fc73a293b48cd4285ddf5c20f92955aaf6a5ccb4043d33a28ae676f4b6c
2023-03-22 20:35:47,True,0.4756,0.0002726,366.758,0.1,0x58...6b07,https://etherscan.io/tx/0xc3291f371934e69a4d8de9ba1366e847da572e90068252fdc754569f82ce1af9
2023-03-22 20:13:23,True,0.4695,0.0002699,13539.3,3.6552,0xb9...8fed,https://etherscan.io/tx/0x08abb83e9e6d66368959f85cff95e10069fe290e119098f6a120296cecb22d5c
2023-03-22 20:03:59,True,0.4666,0.0002656,9033.32,2.4,0xa9...a12d,https://etherscan.io/tx/0xafeb296764226bf18d6fb6cfb1095ed4852554f3802ae4cddc01656a70decb4f
2023-03-22 20:00:59,True,0.4671,0.0002639,173.195,0.0457,0xe1...aca8,https://etherscan.io/tx/0xc374597afabc93f2edd1dbbd5fcc1aaa1f65de9d2770b73edb2ef9e7b32dbec1
2023-03-22 19:58:59,False,0.4662,0.0002632,4700.93,1.23738,0x0c...d0d0,https://etherscan.io/tx/0x18838f4f2b799d067584e0ec8d94e3b8e78177fe807b9875a07c185afac78bce
2023-03-22 19:54:23,True,0.4733,0.0002645,6081.27,1.60877,0x25...6c67,https://etherscan.io/tx/0x6c5387e5c09b0eca3dc12829745e29585cb7f3266c661b098ff9e3e97bfe15a4
