datetime,buy_order,price_USD,price_native,amount_token,total_native,maker,etherscan_url
2023-04-03 08:09:12,True,0.465,0.001498,644.226,0.9653,0x70...8487,https://bscscan.com/tx/0x342c1d0e3b2fa8f1334b39bbf8c7841e8bb0e317aeaeea70d551f309e3b018d1
2023-04-03 07:58:14,False,0.4607,0.001491,330.0,0.492,0xbf...4e84,https://bscscan.com/tx/0x5970159ca22ef4a7a6e230bd5d574d9a1a761a9b12cdfdb3f4d050920acafe85
2023-04-03 07:57:56,False,0.4631,0.001491,30.9985,0.0462,0xbf...4e84,https://bscscan.com/tx/0xa5b99aefb135bf75f78d244b8f247f2f6387d49e929a69d72dab0ea255ad2b78
2023-04-03 07:54:20,True,0.4654,0.001498,644.539,0.9658,0x70...8487,https://bscscan.com/tx/0x82e232b921cb55edd1565265b36b2accbe150ff7d01e1052de366dee91dc5407
2023-04-03 07:51:17,False,0.463,0.001491,828.997,1.23602,0x32...8f4d,https://bscscan.com/tx/0x1b7fe69dc78425cf4f4ebbf49661298ce6957454f45994fab7eefaccfe0e42b7
2023-04-03 07:38:13,True,0.4628,0.001498,644.593,0.9659,0x70...8487,https://bscscan.com/tx/0xcbf4af4f128e350ff90ca65b9c3fde610b2e1c3cb573f4ccf1ef1ba7595dc70b
2023-04-03 07:32:19,True,0.4628,0.001498,2335.99,3.5,0x8b...88f6,https://bscscan.com/tx/0x642772101a10cdf580052cc42592aa3bb468b0643410398e7ed5cee4e2010180
2023-04-03 07:32:19,True,0.4627,0.001498,2336.42,3.5,0xda...c952,https://bscscan.com/tx/0x92a3af5c6a90a049d64dad73b1079084bfc89c3fe85804494d88f67aeba718fa
2023-04-03 07:32:13,True,0.4626,0.001497,2336.85,3.5,0xed...4f31,https://bscscan.com/tx/0xc3d3a6683702d04a5245f1fa1ca9e23c802a492a5b6656428b7b5c2724bab7f4
2023-04-03 07:32:13,True,0.4625,0.001497,2337.28,3.5,0x0c...8533,https://bscscan.com/tx/0x02c85e10ea4f01bc14bc6beecc0a44a311283b3d8c1f472046d50037aed2bb49
2023-04-03 07:32:10,True,0.4648,0.001497,494.5,0.7404,0xd3...ec6f,https://bscscan.com/tx/0xb352c788eadab60dfc92e1d7f1edf10ff17a281b5fb92277998b0107841b925b
2023-04-03 07:32:07,True,0.4648,0.001497,494.5,0.7403,0xd3...ec6f,https://bscscan.com/tx/0x2e62525d9ba34fd493826c6e0ff5136b8a291251b34cb118f2a4a0fe239ba46c
2023-04-03 07:32:04,True,0.4648,0.001497,494.5,0.7403,0xd3...ec6f,https://bscscan.com/tx/0xd7deda2a9bdb22844f871d94c71e809a3532f7ff64b23aea6369b8636245b58a
2023-04-03 07:32:01,True,0.4648,0.001497,494.5,0.7403,0xd3...ec6f,https://bscscan.com/tx/0xa36079747c011dfc1c895e43174b5ef02b13165a6a41e898c68dfe6911acaa03
2023-04-03 07:31:58,True,0.4647,0.001497,494.5,0.7403,0xd3...ec6f,https://bscscan.com/tx/0xb2212dceaf0272f50807df12ec5551a909adaae1640e307f77c6a65f8e6169e5
2023-04-03 07:31:55,True,0.4647,0.001497,494.5,0.7402,0xd3...ec6f,https://bscscan.com/tx/0x9e2caddf2b9c0587c04c103b7f879e0e57cfef12d834b866a68c97a2c60b51c3
2023-04-03 07:31:49,True,0.4647,0.001497,494.5,0.7402,0xd3...ec6f,https://bscscan.com/tx/0x09fe1b552032a517cb00e1359c84bd479a0835554b0ae04fcd1b51bfe76d819b
2023-04-03 07:31:43,True,0.4647,0.001496,494.5,0.7402,0xd3...ec6f,https://bscscan.com/tx/0x49d6abd04c5c0f2c434a6259586737fa83999047a9e7e512b7e6f4168777204b
2023-04-03 07:31:37,True,0.4623,0.001496,494.5,0.7401,0xd3...ec6f,https://bscscan.com/tx/0x0f6bee1b51e208c763d65da12074c1139d38ddc5e4c88cb2d87bb877466c391e
2023-04-03 07:31:31,True,0.4623,0.001496,494.5,0.7401,0xd3...ec6f,https://bscscan.com/tx/0xd6f8312f4f435807ef12d50ef9b3bb54555692b358be42d3abcda8e94e8691bb
2023-04-03 07:31:25,True,0.4646,0.001496,494.5,0.7401,0xd3...ec6f,https://bscscan.com/tx/0xcd2d3678f9c88b51ddd824a4fa66942dbc9aa9402b42582d5b1369fb98e575a2
2023-04-03 07:31:22,True,0.4646,0.001496,494.5,0.7401,0xd3...ec6f,https://bscscan.com/tx/0x8cf2c7a3023a96922f139deb6a8fba182f8601f1303a45e1d3ae685ad1129e0a
2023-04-03 07:31:19,True,0.4646,0.001496,494.5,0.74,0xd3...ec6f,https://bscscan.com/tx/0x34ec4135bed52477d170d2bd90638c6ccc6d1185411706ea6bbcbe90eb0ed4f4
2023-04-03 07:31:16,True,0.4646,0.001496,494.5,0.74,0xd3...ec6f,https://bscscan.com/tx/0x4539203f0403dcd10211f302be633b8f02f9c21307635673376194e982b655f9
2023-04-03 07:31:13,True,0.4646,0.001496,494.5,0.74,0xd3...ec6f,https://bscscan.com/tx/0xf8e664a5b83a5ee19ee1f788548d4148ba18da3ef5206e5e77d8add66d260309
2023-04-03 07:31:10,True,0.4622,0.001496,494.5,0.7399,0xd3...ec6f,https://bscscan.com/tx/0x2cc9d40f3f54b57561624f4bf3c1f21e09a902e8f2e85c8b19861f24a062ee62
2023-04-03 07:31:07,True,0.4622,0.001496,494.5,0.7399,0xd3...ec6f,https://bscscan.com/tx/0xc5e8ca97deabacd65b761ceb3bc035860c67181ae46b6948d64f19dea647ae3d
2023-04-03 07:31:04,True,0.4622,0.001496,494.5,0.7399,0xd3...ec6f,https://bscscan.com/tx/0x1c87d3636ade38cf8e645ebede24c4b7443b067c543ff93beb65f3d9f1743929
2023-04-03 07:28:55,False,0.4598,0.001488,57.24,0.0852,0x82...2658,https://bscscan.com/tx/0xeb2f0ce64344b57654eec9cf45678c3104132a4711e01a9d01fa7a4b9b44aa5e
2023-04-03 07:28:31,False,0.4598,0.001488,8.12846,0.0121,0xe6...96ea,https://bscscan.com/tx/0x9857b2da648dedd170448f17b9b27467ec239d2bb685ff13f534200acace1891
2023-04-03 07:28:28,False,0.4596,0.001488,35.0073,0.052,0xa3...06d4,https://bscscan.com/tx/0xc9c136dd3c77ebe369185cc4d1df024423c3d5a7fa4e82c92819f8f8a7710403
2023-04-03 07:24:13,False,0.4621,0.001488,43.3774,0.0645,0xea...eb34,https://bscscan.com/tx/0xf6e7dc94a35c8e1b7a2cf5b56a024f5fb492a076ec3c1fc4e7289194e0de25bf
2023-04-03 07:23:10,True,0.4621,0.001496,645.81,0.9663,0x70...8487,https://bscscan.com/tx/0x19634fd099231fb54aa697e85c07b9a07fc52583b80ce07d3735cd9e86f37240
2023-04-03 07:23:07,False,0.4598,0.001488,122.165,0.1818,0x89...fa67,https://bscscan.com/tx/0x2541f110a73fab9d70406761a8ad41fb4a1102c8326ac0ce8404c9e143930377
2023-04-03 07:17:58,False,0.462,0.001488,13.5687,0.0202,0x08...c0af,https://bscscan.com/tx/0x73929afddda51bd3b3a1d4e9adf2d7dc3b7b50a2e6430ad1276134b961f03c9e
2023-04-03 07:12:45,False,0.4595,0.001488,76.8269,0.1143,0x37...1b56,https://bscscan.com/tx/0xafd14d8aa66f6adf943bb7f4d2190b0a767cacdcf724e682378a2e426df0d623
2023-04-03 07:12:24,False,0.4618,0.001488,20.0,0.0297,0x37...1b56,https://bscscan.com/tx/0xcf0000e7b85a3ba96cb61f60935fa752a8d60e91adef383c65358a2518b43e2b
2023-04-03 07:08:17,True,0.4641,0.001496,645.377,0.9656,0x70...8487,https://bscscan.com/tx/0x8d1584ec786ece5637222f0e61adf73ca890c8ffaf1680361c38aacaadc51acc
2023-04-03 07:07:53,True,0.4618,0.001496,43.0265,0.0643,0x7b...ae28,https://bscscan.com/tx/0xad3a86a25c7231e7515654b9d0b0e07570347629b01617f199592517d23bcf4f
2023-04-03 06:57:09,False,0.4595,0.001488,30.4433,0.0453,0xb8...7e50,https://bscscan.com/tx/0x33fd2dfc2dc77d4bb81b6722bd9a3b346c000b81fcd6bbe9dcf652065c72dd54
2023-04-03 06:56:04,False,0.4618,0.001488,60.6034,0.0902,0xe3...43c3,https://bscscan.com/tx/0x13d019036890995ac58f5af66027008e7c664681a461a95a9689fd170af1d39b
2023-04-03 06:52:10,True,0.464,0.001496,646.084,0.9666,0x70...8487,https://bscscan.com/tx/0x9c046522746a02824c3f565d14d66561e6e153af843bc9011f6043e0bf241602
2023-04-03 06:37:11,True,0.462,0.001496,646.216,0.9667,0x70...8487,https://bscscan.com/tx/0x3511f2f0319d5c6710fe8852177404206eb74c0baf53c02360d78229ac3e98b2
2023-04-03 06:33:49,True,0.4642,0.001496,140.0,0.2094,0xb8...7e50,https://bscscan.com/tx/0x17d79d1d773cf2b450d6e9b050c153196128245702f484f204f24d02c753cc30
2023-04-03 06:25:31,False,0.4595,0.001488,11.8676,0.0176,0x4d...b7ad,https://bscscan.com/tx/0x40dc26423a661212c0675897c091beac7832bbc7d557e5a833cecc1dbbf5edf9
2023-04-03 06:23:11,True,0.4641,0.001496,871.1,1.30313,0xd3...ec6f,https://bscscan.com/tx/0x4a93e7714b4f485d2769992bdf5cff56420f0b403d6c899d88d3bce4b23dcc3e
2023-04-03 06:22:31,True,0.4641,0.001495,744.2,1.11322,0xd3...ec6f,https://bscscan.com/tx/0x52d4cbaa546ee17192fe9002cf9e88f31aee37ed53fe2e78ab267b3b79b431a8
2023-04-03 06:22:28,True,0.4641,0.001495,744.2,1.11316,0xd3...ec6f,https://bscscan.com/tx/0xbbeeed69983b278df61c112061d1b1e8cef5ab4b9f485102a057dcdb4f81d059
2023-04-03 06:22:25,True,0.464,0.001495,744.2,1.11309,0xd3...ec6f,https://bscscan.com/tx/0xa929c666f74db04b96215637ca9521ed595ac358a64ac07632087220236bc711
2023-04-03 06:22:22,True,0.464,0.001495,744.2,1.11303,0xd3...ec6f,https://bscscan.com/tx/0x58b891801991db575266ae6c08c90addc1e386f304bde0bb314b2d0875e41506
2023-04-03 06:22:19,True,0.464,0.001495,744.2,1.11296,0xd3...ec6f,https://bscscan.com/tx/0x3a4faa9b5b197b60b054d439e3eee4e0c54030fe2e024215527005c447f1e27f
2023-04-03 06:22:16,True,0.4616,0.001495,691.2,1.03364,0xd3...ec6f,https://bscscan.com/tx/0xfb05f75d0e7d9c9d8e6d313364749351584f7fddbeea29f84e48105d2aa42b6c
2023-04-03 06:21:12,True,0.4618,0.001495,646.325,0.9664,0x70...8487,https://bscscan.com/tx/0xccfa5b15a6bfb58d4f6f9d28773637c5d2a140084d849217eb6109c230bbe3a9
2023-04-03 06:19:05,False,0.4594,0.001488,3799.45,5.65385,0x28...b7fa,https://bscscan.com/tx/0x9daf3989ed5234ac4b677edee2879c28c6ae5aa8709214a76d8504430032c309
2023-04-03 06:17:35,False,0.4594,0.001488,1043.33,1.55285,0xa8...fe1d,https://bscscan.com/tx/0xb5d0bf46015db0239e92f6cb95e99a99794746e98b569808d94ddf17bf96a81d
2023-04-03 06:16:20,True,0.4618,0.001495,215.353,0.3221,0x82...9d96,https://bscscan.com/tx/0xfe450be9f83fce2c6114dffdf0489a23fa23ba159ba206425ddf59e5e27c0db0
2023-04-03 06:06:10,True,0.4619,0.001495,646.01,0.9663,0x70...8487,https://bscscan.com/tx/0xc5159cd76f7f93f3177780b462fb6cea2463ab9c0fb78a40141e5002e76bcef1
2023-04-03 06:03:25,True,0.4619,0.001495,59.4301,0.0888,0x2c...c9c5,https://bscscan.com/tx/0xb7a1325c1a07a136ee6aea666912d8eccdf0fd503a9f0cd4af60379d4d4345ff
2023-04-03 05:56:28,True,0.4617,0.001495,3343.19,5.0,0x0c...8533,https://bscscan.com/tx/0xf46c499685fe2a91aa6b1dfe6bd13c7953f1cb5e919b520a93326e4b6bf2726e
2023-04-03 05:56:28,True,0.4616,0.001495,3344.07,5.0,0xed...4f31,https://bscscan.com/tx/0x0f07f6ce3812ed12fd03e33eefa68a9f0e8c7d32df2534115dbb5b2082e0541b
2023-04-03 05:56:25,False,0.4592,0.001487,895.0,1.33138,0x6b...ebe7,https://bscscan.com/tx/0xad2c9b06c99c6f914ada02a894e4fe3bf8dd01ed8cd49ba31b9d20a1a910fbab
2023-04-03 05:55:37,True,0.4615,0.001495,2341.21,3.5,0x62...1f10,https://bscscan.com/tx/0x872d3bccd3ad10d689c555ea34a4988c9df16b047f97123d0c38b0e751093698
2023-04-03 05:55:37,True,0.4614,0.001494,3345.33,5.0,0x2f...e155,https://bscscan.com/tx/0x4cf88c2618d716bc1eb89690421259fcda2bf41d861669568be734c1faaa2790
2023-04-03 05:50:13,True,0.4635,0.001494,646.31,0.9658,0x70...8487,https://bscscan.com/tx/0x7c337480a63ed62d6bd761913833b25ba8aad53229c23e69b4fe4ed5ee7d49cd
2023-04-03 05:35:11,True,0.4613,0.001494,646.656,0.9663,0x70...8487,https://bscscan.com/tx/0xc451c5c08212770902e0c4209f314d37277466cd2d6435cb1aaa5b3ded51f5df
2023-04-03 05:25:29,False,0.4614,0.001486,67.2579,0.1,0x03...ab79,https://bscscan.com/tx/0xeae2e0732309dbc796eb61fff7a1e6bc0cfe634451ea61a97d2249ffc2ed37e2
2023-04-03 05:20:09,True,0.4638,0.001494,17.6485,0.0263,0x26...b9bd,https://bscscan.com/tx/0x7e6d7bd65472304884bf578b19beda79ea763dd34f22def2e6ff9289f13b0a32
2023-04-03 05:19:39,False,0.4592,0.001486,67.2576,0.1,0x36...29fb,https://bscscan.com/tx/0x78dd302ef79d24fbe14f8f997d42778503d365db99fba9c169532636b8608bef
2023-04-03 05:19:09,True,0.4614,0.001494,646.689,0.9663,0x70...8487,https://bscscan.com/tx/0x5bd0a853fc82da0422487948147b094d8d01f58594605f53ebc5f21766dcb31b
2023-04-03 05:18:21,False,0.4591,0.001486,651.266,0.9682,0x8c...0a8b,https://bscscan.com/tx/0x214099866e1c96e70dc74397dca6ace25067c3247de14166b13bb48174ed400f
2023-04-03 05:17:12,True,0.4615,0.001494,171.669,0.2565,0xec...9221,https://bscscan.com/tx/0x77e89ed8a0e6d5e694ed0e858daf57d4d409b9883a0b4d79829b7e0909a4bf9a
2023-04-03 05:16:03,False,0.4591,0.001486,67.2581,0.1,0xbe...a2b7,https://bscscan.com/tx/0x543b663ac1bbe6187f1d328122884cf21fcb1383241faf2959922b1690469bd9
2023-04-03 05:15:26,True,0.4638,0.001494,14.0536,0.021,0x6b...9fdb,https://bscscan.com/tx/0xd88afa79c6df1a45abf101f3bed4b9e13d8047a88a385e3b3f222b17a08f7bba
2023-04-03 05:14:35,False,0.4614,0.001486,67.2579,0.1,0x99...fa11,https://bscscan.com/tx/0x5a29a92163b5a7eee7a83e3b7eea6b1e76614e6c8dbefa2faf433ab0dcfc5eca
2023-04-03 05:12:49,False,0.4589,0.001486,2179.98,3.24151,0x91...79fe,https://bscscan.com/tx/0x0586d4425a79c05d8759e5dceb20ca6b0ae7640643f57520d53e386fc151f02c
2023-04-03 05:03:13,True,0.4635,0.001494,645.796,0.9651,0x70...8487,https://bscscan.com/tx/0x33a2546c0dfa78dac170e8724358949ee0c67d5c9e77fabb840f76c47b0b661e
2023-04-03 05:00:02,True,0.4636,0.001494,1690.69,2.5265,0x35...aca7,https://bscscan.com/tx/0x9142def57e2c66aaf30e978d7745bd8edfad9b95ec74651c7381438278d88914
2023-04-03 04:53:12,False,0.4623,0.001486,49.4343,0.0735,0xc6...cdc6,https://bscscan.com/tx/0x0f28fdbf62e403c2fc17a5b1c1e6cbd9786dc86139eb5ce124569eb1070ec3c3
2023-04-03 04:47:18,True,0.4643,0.001494,645.489,0.9645,0x70...8487,https://bscscan.com/tx/0x2c31e1638e23cd7012129d2a1a9896fb4c3502d7157e87eb4c2591d209002617
2023-04-03 04:43:30,True,0.4619,0.001494,704.161,1.05212,0x2c...015a,https://bscscan.com/tx/0x8fd104a248860782d585126af018c1dc9b0801ff424fa83e8b8a585ff38f5871
2023-04-03 04:43:30,True,0.4619,0.001494,704.2,1.05212,0xd3...ec6f,https://bscscan.com/tx/0x69c41079c96f7e387f292c74fada81f5dc7dcb34c7700f16592acdc24e8eb1ee
2023-04-03 04:42:30,True,0.4617,0.001493,6768.4,10.1095,0xd3...ec6f,https://bscscan.com/tx/0xbfda92105239908de033e7f8a28d69978855e0d45a48a19e11f5c333b0506548
2023-04-03 04:42:27,True,0.4616,0.001493,2310.98,3.45051,0xd3...ec6f,https://bscscan.com/tx/0x20764dfcca6b9b47d30961275e6d5eebb26ae2af43d27d73a5a9f61205c4583e
2023-04-03 04:42:27,True,0.4615,0.001492,2344.55,3.5,0x2f...e155,https://bscscan.com/tx/0x14970a49572c1ab8a21a788474d9806d9728efff23824e29caefc05ff5a7fe4c
2023-04-03 04:41:48,True,0.4638,0.001492,1184.3,1.7677,0xd3...ec6f,https://bscscan.com/tx/0xb5dcfd9bf7c03e662b5a3cf0397fe257bf8220132ad568624e72f3f17d9e9ed6
2023-04-03 04:41:45,False,0.4614,0.001485,1368.34,2.03222,0x2c...9509,https://bscscan.com/tx/0x297389f97dd39a71de9359740b49e5e4529f68ff3be96c8546c370fbc9598cd1
2023-04-03 04:40:33,False,0.4591,0.001485,29.0,0.043,0x2f...7d1f,https://bscscan.com/tx/0xd21f7a22d39ecf5dda26ee5e97bfd6d8b11304acbbf8feef82d1364059caf879
2023-04-03 04:39:24,True,0.4614,0.001492,1184.3,1.76773,0xd3...ec6f,https://bscscan.com/tx/0x8c70d46e5324b687853a502cb280f4fd4787284327dac00575de8ffa72cddf48
2023-04-03 04:39:21,True,0.4637,0.001492,1184.3,1.76757,0xd3...ec6f,https://bscscan.com/tx/0x4c4b6a3812a88bf318e7c1d10616c2ae08ceca92ea6885fee6939cfa56510cfc
2023-04-03 04:39:18,True,0.4637,0.001492,1184.3,1.7674,0xd3...ec6f,https://bscscan.com/tx/0x4d7d05105ee859956853618a007a2890ac2b4f8c21c769a5f6b533ba6b821555
2023-04-03 04:39:15,True,0.4636,0.001492,1184.3,1.76724,0xd3...ec6f,https://bscscan.com/tx/0xcaa09e35a59aa3182cb1dd194db183e122038f6c2b2ece387e7ab8c5a67353b0
2023-04-03 04:36:49,True,0.4613,0.001491,3842.5,5.73273,0xd3...ec6f,https://bscscan.com/tx/0x830200a7b25198a24ac4dbb6db91e3e7ded50ed225fb1b8374da0ff29991a120
2023-04-03 04:36:46,True,0.4612,0.001491,2346.53,3.5,0x3f...573a,https://bscscan.com/tx/0x12c84e0cab8093c3a804458a871b3bf912dd628ad024086d7e238f2373d5130a
2023-04-03 04:36:46,True,0.4611,0.001491,2346.96,3.5,0x52...1c7e,https://bscscan.com/tx/0xd119be860055d1924d78d8fb2c404b2aea73738cf879c3aed05685a930609fc1
2023-04-03 04:36:46,True,0.4611,0.001491,100.756,0.1502,0xd3...ec6f,https://bscscan.com/tx/0x06b8ba046bfe4041fc91befc14baf0c1eb3a6b0ec2fbd72e840add6c56d0d05f
2023-04-03 04:36:46,True,0.461,0.00149,3725.4,5.55428,0x00...78d2,https://bscscan.com/tx/0xe2036b0f6455e8010d767e20710233ef18fa7d9e890dead38916e3f86439fb6e
2023-04-03 04:36:43,True,0.4609,0.00149,480.65,0.7164,0x62...1f10,https://bscscan.com/tx/0xfb9c7dd730cb65763c0e7c2fbf94ac86eeb443a18032c2509b6856e80d73f512
2023-04-03 04:36:43,True,0.4609,0.00149,2348.19,3.5,0x2f...e155,https://bscscan.com/tx/0x18db441240b6ea0038b043c000957bc29c95c5971a51be64f9c27a2a2fdf6b0e
2023-04-03 04:36:31,False,0.4585,0.001482,139.58,0.2069,0x72...f5cb,https://bscscan.com/tx/0x90ebe391a79d3e3e8044b2c3549039d3d1ee0568270db6a806a8cd28369b4155
2023-04-03 04:36:19,False,0.4585,0.001482,14.1416,0.0209,0x0b...483a,https://bscscan.com/tx/0x0fbc24d4dd58a462ea7dada22c9958102c2d99d5bfa9cad70bd5ba8ee2a2f193
2023-04-03 04:32:10,True,0.4632,0.00149,646.819,0.9639,0x70...8487,https://bscscan.com/tx/0x69cbe49057fb0eab651f7a81d88a1b748e55b73502f01f71b4fa80241d7f9359
2023-04-03 04:30:40,True,0.4607,0.00149,3514.5,5.23699,0xd3...ec6f,https://bscscan.com/tx/0xe7355fa0ba19a117fdb35da9e332bdfa383a017ee89593c176bbbcbcde6ea78e
2023-04-03 04:30:22,True,0.4606,0.001489,3514.5,5.23554,0xd3...ec6f,https://bscscan.com/tx/0xcb479ff5fefb1026c78c90bd40da60329dada8f1dd136444c21aef590836f9b5
2023-04-03 04:25:52,True,0.4606,0.001489,454.582,0.677,0xa8...2099,https://bscscan.com/tx/0x5d26e9dfb90ac0f4950568414abacd58d31edb1bdec11011e602c13dd97d9a15
2023-04-03 04:25:34,True,0.4628,0.001489,989.4,1.47359,0xd3...ec6f,https://bscscan.com/tx/0xf5f339cac70c8d3d68922f82d7af183adbf7b070ed9a8ac101b0c6f46da2c329
2023-04-03 04:25:31,True,0.4628,0.001489,989.4,1.47348,0xd3...ec6f,https://bscscan.com/tx/0xf50eb9ac7c30512417ff2620111a0ddc7a227230cfe2baa6eaa75bb981355f1b
2023-04-03 04:25:28,True,0.4627,0.001489,989.4,1.47336,0xd3...ec6f,https://bscscan.com/tx/0xb7cb03f836c6aae7992624529e7db7ab04117daa16f88ad0f8ce72083000bd0e
2023-04-03 04:25:10,True,0.4627,0.001489,989.4,1.47325,0xd3...ec6f,https://bscscan.com/tx/0x7a18dae781f8d715ef0b1699dcb01b06dbaf7600aaf62503db0468cb0bc97d58
2023-04-03 04:25:07,True,0.4627,0.001488,989.4,1.47314,0xd3...ec6f,https://bscscan.com/tx/0xdbc75e45d4b3c61ca4667d0e8cd74f3e0070f815c483ed28204e3d46363905a2
2023-04-03 04:20:40,True,0.4628,0.001488,16.1826,0.024,0xf9...4495,https://bscscan.com/tx/0x1e71536be01ff07207553d0be6c9f2ce5e3b7c97ccd23f462abbd9c1d86ea20e
2023-04-03 04:17:13,True,0.4629,0.001488,646.902,0.9631,0x70...8487,https://bscscan.com/tx/0x861aa226f638580342d8abfab65fde8aef6ddd19a0f1d494871fb3eb5a34587f
2023-04-03 04:14:34,False,0.4609,0.001481,111.95,0.1658,0xcc...6650,https://bscscan.com/tx/0xfc750a19b70b386a3832ac87aa504fd65cf1b1be6fa112bbb261adbeb175ab46
2023-04-03 04:06:04,False,0.459,0.001481,111.0,0.1644,0xcc...6650,https://bscscan.com/tx/0xd00ebfc617674f2ebb7911475cdc97f9b089d78d33ebb79a4e96706ba9532c78
2023-04-03 04:01:12,True,0.4615,0.001488,647.102,0.9633,0x70...8487,https://bscscan.com/tx/0xe9f4f2c2b416b61fb5b307108a72fab6af78a4cfd26d2981c7323d35e444d764
2023-04-03 03:58:54,False,0.4611,0.001481,3046.4,4.51317,0x00...78d2,https://bscscan.com/tx/0x690feff46be07445d1a297a30e8a7dab929f9451db9fe9426f9171bcef19f232
2023-04-03 03:58:51,False,0.4613,0.001481,4356.59,6.45606,0x00...78d2,https://bscscan.com/tx/0x47fd941fcd14e0f46d0776da822419cc8e436184277d2df6e81c0fcadb6616d8
2023-04-03 03:57:45,False,0.4591,0.001482,20.0,0.0296,0xc9...e850,https://bscscan.com/tx/0x1e4f29e173ae932a20627c264a2a6c627b9896cee86a9647a04492175992685f
2023-04-03 03:56:36,False,0.4592,0.001482,4353.25,6.45332,0x00...78d2,https://bscscan.com/tx/0xe9617ca97196f034f6a7e5728ae116416efe7063d106de8a23ae7fa3225da7e9
2023-04-03 03:55:35,False,0.4593,0.001482,1531.5,2.27084,0x00...78d2,https://bscscan.com/tx/0x8e8c99315403ebede08d696e405b94ba2d70edb1e4eb91aa9d269064f884ddf2
2023-04-03 03:49:46,False,0.4614,0.001482,315.6,0.4679,0xaf...847e,https://bscscan.com/tx/0x39c698ae1dbd1077c0417ca3cb9b98074058e569c2c58bbf90f8735efccf667a
2023-04-03 03:49:40,False,0.4615,0.001482,750.4,1.11279,0x00...78d2,https://bscscan.com/tx/0x7651474b62bb3a6edd4c9d0c20dee691efb9c7f3c2c267d72ac084bc958594cf
2023-04-03 03:49:37,False,0.4616,0.001483,4361.34,6.46884,0x00...78d2,https://bscscan.com/tx/0x559e16fb7c4b08dea0a78115a64f71c0f0d1df080ccf03734a2688901c2084e2
2023-04-03 03:46:22,False,0.462,0.001483,29.8656,0.0443,0x6f...7b02,https://bscscan.com/tx/0xb48f263e54cf37f4a6069f06c3f3eb036823fa36b77fcfb4be9ca19eaf4e690d
2023-04-03 03:46:10,True,0.462,0.00149,645.366,0.9621,0x70...8487,https://bscscan.com/tx/0xda7e5d70076fb44ac4ef774a07c266d605d1dfd3a304763e851718328b91e5ac
2023-04-03 03:46:04,False,0.4597,0.001483,651.1,0.9658,0xf9...5ebf,https://bscscan.com/tx/0xda70eb04496d40cef16b34be63e7e38e4e849d92c68f82ed04e734d89bcdae8f
2023-04-03 03:45:43,False,0.46,0.001483,1402.1,2.0801,0x2c...015a,https://bscscan.com/tx/0x5c653fde94da82e6e376eb65f48c694a4888442a45713bc89e62f12cca03e4e2
2023-04-03 03:45:40,False,0.46,0.001483,1624.5,2.41032,0x71...69e3,https://bscscan.com/tx/0x2c552817fb894145c14dc35a04579cfc2fbb9f2bd001cb2222b11297389ba2ac
2023-04-03 03:44:13,False,0.4604,0.001483,1013.51,1.50394,0xb0...ff7c,https://bscscan.com/tx/0x691e30e87ca7ce72ca47d28b7148ae254fb2bc9eccf8af555f2fd4d47e466f6f
2023-04-03 03:44:10,False,0.4604,0.001484,938.11,1.39216,0x32...069d,https://bscscan.com/tx/0xbe68aad0248ddc61dba689bcbd9b049edfda3ba03ba732bdda83d1055aabf594
2023-04-03 03:44:01,False,0.4628,0.001484,4257.97,6.32013,0x00...78d2,https://bscscan.com/tx/0x793c4e4b05905a2568d3350719742605b4bfce65a57206bc065fb2df45260620
2023-04-03 03:43:52,False,0.4633,0.001484,4372.29,6.49201,0xdb...8aba,https://bscscan.com/tx/0xa3eef22ea4f07f450cb656812d09249f54003021f83686268e45cf0afbb16057
2023-04-03 03:43:52,False,0.4634,0.001485,3290.0,4.88649,0x83...6678,https://bscscan.com/tx/0x508ac97a2c4d9cbf63aac28166fdd4a331b2ed506a8dc3054b23d5c1c5335c26
2023-04-03 03:43:52,False,0.4635,0.001485,3388.4,5.03396,0xef...cab1,https://bscscan.com/tx/0xcda9438bf67a4dba4a3dbb7c30257c51af8400dc93559d9fecdf71734709efea
2023-04-03 03:43:16,False,0.4649,0.001486,6205.4,9.22249,0xd8...bcda,https://bscscan.com/tx/0x8ce1964e75f4e4f8e6ff266cbc532decbb2cf6491260d3f5aa32b6996716b398
2023-04-03 03:43:16,False,0.465,0.001486,3428.9,5.09797,0xc3...157a,https://bscscan.com/tx/0x153d76144280b7d921a08191e80518402cfc1f02deaa6c5811af6ee0cbe0e970
2023-04-03 03:43:13,False,0.4652,0.001487,3041.5,4.52314,0x09...18f7,https://bscscan.com/tx/0x218b45db55aaaec685e3d99b4ac00a5154129a900fc8006d33e99a107b6675fc
2023-04-03 03:39:28,False,0.4642,0.001487,985.0,1.46507,0x56...0086,https://bscscan.com/tx/0x7e4518d4acac65d69d4dd92318f1da432cb725bd3f9f832c02c3b8a569a7f403
2023-04-03 03:30:14,True,0.4666,0.001494,639.377,0.9557,0x70...8487,https://bscscan.com/tx/0xdfc79d378d3b8e7b5b21ddc5e9fed124104794bdc4368d276ac108200439fe56
2023-04-03 03:26:31,True,0.469,0.001494,100.347,0.15,0xc9...8f2f,https://bscscan.com/tx/0x9280ab81c8da4274b72d344d9da8bbac83dc0a2127deffe801eb98986b39c757
2023-04-03 03:19:19,False,0.4667,0.001487,4306.39,6.40618,0x00...78d2,https://bscscan.com/tx/0x760c38b08c36ed13dd6b7bd8e705806fff781d7bac7ee54de53987cfea4170a1
2023-04-03 03:19:13,False,0.4668,0.001488,4297.14,6.39458,0x00...78d2,https://bscscan.com/tx/0xc243eb7fc114501cf074de9815e511d3023a8db3daad04ef692794dddf5f3935
2023-04-03 03:18:50,False,0.4649,0.001489,14408.4,21.4569,0xd3...ec6f,https://bscscan.com/tx/0xf4d46a74f0ee079b8a9ee784a9b970086f7932774911a45505ded65dbe036239
2023-04-03 03:14:11,True,0.4698,0.001497,638.249,0.9557,0x70...8487,https://bscscan.com/tx/0x405ecb43a22d2fff4345015a900a7e14a80043f2d7512086c984f7378c130170
2023-04-03 03:10:32,True,0.4697,0.001497,13.69,0.0205,0x06...84bb,https://bscscan.com/tx/0xade6b5bd3f686cd0bfbbb936013029e8f8a9a41f20c32ee8315ca5d59a00d7ab
2023-04-03 03:01:25,True,0.4696,0.001497,27.1964,0.0407,0x7a...3929,https://bscscan.com/tx/0xc7edf4d6b9fd1ad12c3ada160afaafa70e121d8dcb18aeb1200f59e6b27d1068
2023-04-03 02:58:17,True,0.4671,0.001497,638.091,0.9554,0x70...8487,https://bscscan.com/tx/0xbacc3fd0219590b3aea90e6d95b54266500e17c82958490a73276b9039af02fe
2023-04-03 02:52:06,False,0.4668,0.001489,5.0,0.0074,0x4b...9677,https://bscscan.com/tx/0x0d455437786854e41a7aef2e7397585c5e583b7960994ad1967429d661500ac0
2023-04-03 02:51:15,False,0.4669,0.00149,3373.5,5.02679,0xca...34d7,https://bscscan.com/tx/0x53b64d5d333990749e4fa0708d03b53b8a3a6f459709d0a4d0add06aed0161aa
2023-04-03 02:51:01,False,0.467,0.00149,217.841,0.3246,0xab...a224,https://bscscan.com/tx/0xe9a00ae62ff18f97d5a18e4255bb86b86d667e4445506a83119c1fc4a9d124c7
2023-04-03 02:46:03,False,0.4668,0.00149,1402.54,2.09033,0xd3...ec6f,https://bscscan.com/tx/0x4bf9ba1a137b7952da5027ea6eeb628163db19a4c1709bca9c98ebfe029c1c90
2023-04-03 02:45:54,False,0.4668,0.00149,488.635,0.7283,0xd3...ec6f,https://bscscan.com/tx/0xd3a5a99341c4b369a99d2315b3debb90088bccb897af2d73b93892c0d4036b44
2023-04-03 02:45:51,False,0.4668,0.00149,488.616,0.7283,0xd3...ec6f,https://bscscan.com/tx/0x18aa98b591b64243acef8258ff6d34ff6dbc6f3ac1339506320973852b753137
2023-04-03 02:45:48,False,0.4669,0.00149,2908.38,4.33568,0xd3...ec6f,https://bscscan.com/tx/0x6dc7dd01ed27af74585d44ccb21d42a6e408cf1b666366242993cc2305871357
2023-04-03 02:43:42,False,0.4668,0.001491,488.642,0.7285,0xd3...ec6f,https://bscscan.com/tx/0x51914b29f954e4749276a4a9be8bc14c815a341c32d1136a101acdbbab55ccda
2023-04-03 02:43:39,False,0.4668,0.001491,488.623,0.7285,0xd3...ec6f,https://bscscan.com/tx/0xf01da9ac0445060daf00bc97eb3705040385ccc099de265e95a70d8ea2acaacb
2023-04-03 02:43:36,False,0.4668,0.001491,488.604,0.7285,0xd3...ec6f,https://bscscan.com/tx/0x2995a29548ade1e6fdcf01122c594d7e87d199dceb19606a63daa43bfbf5f92f
2023-04-03 02:40:21,False,0.4657,0.001491,268.094,0.3997,0xc8...a813,https://bscscan.com/tx/0x461a034b08507d98ac8d7387206843d852f2441f6449d5cc13222820c9218851
2023-04-03 02:36:36,False,0.4678,0.00149,6.68976,0.0099,0x66...78d0,https://bscscan.com/tx/0x9ebbb745f5aa80dc05058f74be5d9cfe29d8ec56074eea64d7ea7229e9e4bb98
2023-04-03 02:34:09,False,0.4681,0.001491,656.303,0.9786,0x0b...56ac,https://bscscan.com/tx/0xb2942ff8341177d6012e27d6abae66390d50d4e023e2891bcff4136dd68d8ef6
2023-04-03 02:29:48,False,0.4658,0.001491,2156.95,3.21672,0x98...5cc4,https://bscscan.com/tx/0x3db3c9d6a44c275980d3e950c1e16d69c5959e6bd83000f2ef583ffdd00c10af
2023-04-03 02:29:48,False,0.4659,0.001491,695.53,1.03738,0xd3...ec6f,https://bscscan.com/tx/0x2d9fbed156157fbc0998e40ddf1282567c67ee7b0f6a2e7a4a0b7276e404a2c7
2023-04-03 02:24:18,False,0.4683,0.001491,823.814,1.22879,0xd3...ec6f,https://bscscan.com/tx/0x08e23d925423237323d6c85c25439a233e4f543244f1cf79a93ec356f3aead8b
2023-04-03 02:24:15,False,0.4684,0.001491,3326.46,4.96252,0x98...5cc4,https://bscscan.com/tx/0xc785f292121032c1e56d808298cfae460e18650bb2b3fc7371fddc3554ec0292
2023-04-03 02:24:15,False,0.4685,0.001492,1463.22,2.18329,0xd3...ec6f,https://bscscan.com/tx/0x339bce0f924b61e9f90e597414d07fcc93ea44eee5debb0ab77510d525e4e6bc
2023-04-03 02:23:38,False,0.4685,0.001492,2339.49,3.49131,0x8b...88f6,https://bscscan.com/tx/0x2883985525b7cfcf9997fe22f25eb60e0718bf314bac547b5e42ef02c3370a8e
2023-04-03 02:23:38,False,0.4687,0.001492,4009.56,5.9851,0x2f...e155,https://bscscan.com/tx/0xe8a06e6d50d4f8e5ce1a1ec643fa863cd3baa0f1749fb972d0cea77b80ad3acc
2023-04-03 02:22:02,False,0.4664,0.001492,31.5672,0.0471,0x7e...ff25,https://bscscan.com/tx/0xa8d0a764acea84ed612adf3fedf8711f20c8b56e56d56ddffb8bce27440ced5a
2023-04-03 01:57:53,True,0.4714,0.0015,848.7,1.27338,0xd3...ec6f,https://bscscan.com/tx/0xc91d51dfa3b75a9879bdbf550564e2f464387baeba8805ea73ca9e5fdb3b7fea
2023-04-03 01:44:28,True,0.4688,0.0015,17.5104,0.0262,0xd3...ec6f,https://bscscan.com/tx/0xa73069ac6e317ed64bb702ea5f9ec4923ccb92a6a685cea1a7b1cdae56bd2e63
2023-04-03 01:44:28,True,0.4685,0.001499,14016.1,21.0173,0x67...b7c1,https://bscscan.com/tx/0xeb1978c606586ee80b9769aad11202d9406ffb897c9e83234ecdf8da8543069f
2023-04-03 01:42:59,False,0.4682,0.001491,1.0,0.0014,0xae...1d81,https://bscscan.com/tx/0x469c76dcf5de411c0b98c3bfb35b9f5179c083801daaea2dc999b1b9010bc517
2023-04-03 01:42:23,False,0.4682,0.001491,5.56754,0.0083,0x2a...6bb6,https://bscscan.com/tx/0x79747b2faf37eabd80492f911c23531aa63b42f4d095cf7164899e0bf876776a
2023-04-03 01:41:22,True,0.4682,0.001498,2557.8,3.83294,0xd3...ec6f,https://bscscan.com/tx/0xfab47c23cea2eb122c0b56f9baaf79c7f62aa2d6cbd1d2e59fdff88c2423647d
2023-04-03 01:40:56,True,0.4704,0.001498,2766.2,4.14437,0xd3...ec6f,https://bscscan.com/tx/0x3b855983dde49ec14e4d58b73b22eaedea7c7962bef0ed63f780afa93334a5ab
2023-04-03 01:40:37,True,0.468,0.001497,2870.2,4.29923,0xd3...ec6f,https://bscscan.com/tx/0x9e0704c0a5c9df430d1c4c0362664d5bcd49a974763b2b2a72a881f6ffb77853
2023-04-03 01:38:12,True,0.47,0.001497,3170.45,4.74784,0xd3...ec6f,https://bscscan.com/tx/0xdf892c66b9552b6b180de53ec90af14d4b394dbc608863302fc4c0fbb6e4157d
2023-04-03 01:37:15,False,0.4677,0.001489,12.2899,0.0183,0x91...a97e,https://bscscan.com/tx/0x2f582ba52d45a537d572fec7fe721d107218bb76aa9db4179973495a378f37e7
2023-04-03 01:37:09,True,0.47,0.001497,903.9,1.3534,0xd3...ec6f,https://bscscan.com/tx/0xe5a0cabff04d5f33f55bd369a80793e13f59e38ccf81f0d38e5bbec997738a57
2023-04-03 01:37:03,True,0.4676,0.001497,903.9,1.3533,0xd3...ec6f,https://bscscan.com/tx/0x1ca6c629b89d6623149f7b6eea9ebf1e3f14faf01ff1524182ef538ca6eebf1c
2023-04-03 01:37:00,True,0.4676,0.001497,939.0,1.40575,0xd3...ec6f,https://bscscan.com/tx/0x42979d59bb4438495b08fd7dc74c49c251080dce18d84a9041d50e79b4d449bd
2023-04-03 01:36:54,True,0.4676,0.001497,939.0,1.40565,0xd3...ec6f,https://bscscan.com/tx/0x717fd035b383c619db41be19692a7d17529d2c5dd2e8e93580c9177d5663312e
2023-04-03 01:36:48,True,0.4675,0.001496,939.0,1.40554,0xd3...ec6f,https://bscscan.com/tx/0xa67cc035233b92a9f921156e25068b7663affb0e0f9d174949029327699b33bc
2023-04-03 01:36:45,True,0.4675,0.001496,647.6,0.9693,0xd3...ec6f,https://bscscan.com/tx/0xe95c0832ff49735c3c5ae8987a1dbd61022f83f9089f365331bb0b4e1b0600f6
2023-04-03 01:36:42,True,0.4675,0.001496,527.6,0.7896,0xd3...ec6f,https://bscscan.com/tx/0x6b7d2f724c4e01531b69189f73662d692df100559339b8119bd051f13ca65599
2023-04-03 01:34:00,False,0.4674,0.001489,20.0,0.0297,0x91...a97e,https://bscscan.com/tx/0xed4cdfa24fd4a20134050a12a91c2407cdff04abe1c5c51a4bb1916dcc91b40b
2023-04-03 01:28:32,True,0.4692,0.001496,4009.56,6.0,0xda...c952,https://bscscan.com/tx/0x906c5e82f3b6078b21fc5be243a5c5c783d3787117eaad1bbb486dc9d555a53c
2023-04-03 01:28:32,True,0.4691,0.001496,2339.49,3.5,0x62...1f10,https://bscscan.com/tx/0xb8d0464127f622cd516ef76669382c0dbeee42f02fcc584cc55a7fac2ddd5eab
2023-04-03 01:28:04,True,0.4667,0.001495,534.0,0.7988,0xf9...5ebf,https://bscscan.com/tx/0xaf3e05c97c81d856dfcf95d2ae2c388be3c20cc72d2891c1598f660224e11c33
2023-04-03 01:26:58,True,0.4667,0.001495,582.412,0.8711,0xb3...55e7,https://bscscan.com/tx/0x46f34da3c7572c9263944caf3e93c2a7da39d57a6eedb9d728ef6055c57b49f1
2023-04-03 01:26:58,True,0.4666,0.001495,1921.6,2.87408,0xd3...ec6f,https://bscscan.com/tx/0x8e92daddc65ccd1341d54b24258c117cd12e55d15dc3a7e4056eacc077c1bdb6
2023-04-03 01:26:44,True,0.4689,0.001495,5479.77,8.19353,0xfc...535e,https://bscscan.com/tx/0x0e92b5ae649df36d633d11fe100b02ec739d8d94ef25886303cc85d0c6fece61
2023-04-03 01:26:44,True,0.4687,0.001494,4023.33,6.01356,0xd3...ec6f,https://bscscan.com/tx/0x32fb5fd4a179968eb4206f32b7ed2f90f0bbb80fd175407bcbec1d8511bdfdbb
2023-04-03 01:25:20,True,0.4686,0.001494,640.029,0.9564,0x70...8487,https://bscscan.com/tx/0xce1c137b339a232d79e5cb2051772199ba8ec6689057f81edd3f0481c661524b
2023-04-03 01:14:17,True,0.4682,0.001494,41.9071,0.0626,0x2c...c9c5,https://bscscan.com/tx/0x57e381f055d5a116883509001ccb5f5206a642a812a8131a23102c82e4658579
2023-04-03 01:10:44,False,0.4634,0.001486,680.634,1.01206,0x12...ef40,https://bscscan.com/tx/0x89c3c0a079d1d37625052daf3120fbafacedc95011ed457ff028334d18f420ab
2023-04-03 01:10:17,True,0.468,0.001494,640.714,0.9574,0x70...8487,https://bscscan.com/tx/0x70ab64eae49733623445faeb5f444385f721803e8b6edd8066ba315377d206a9
2023-04-03 00:56:59,True,0.4653,0.001493,9712.32,14.5082,0xda...5a45,https://bscscan.com/tx/0xc5704b98b754bb14375248fdf51aca39c3c6a6933c87de8b4f264802c0e5612b
2023-04-03 00:56:44,False,0.4628,0.001485,31.6702,0.047,0xcf...cea8,https://bscscan.com/tx/0xc5ba14bacd1ab456401e1393066b94a37249f5696cb8d8449fcaf629e5eea678
2023-04-03 00:55:58,False,0.4651,0.001485,5.0,0.0074,0xcf...cea8,https://bscscan.com/tx/0x54c7e8fd7588c1652e43de7b95dfc6b60fc013ee9b82b3acdec4664a75905f43
2023-04-03 00:55:25,True,0.4651,0.001493,641.155,0.9573,0x70...8487,https://bscscan.com/tx/0xe3b7bb1ac7750f4c46f4ed3ca219bf952e192a4ca487a92a995a2acb19704ee1
2023-04-03 00:53:03,False,0.4628,0.001485,30.4,0.0451,0x55...8243,https://bscscan.com/tx/0x4b6f78d47f3d5740c8158ae35232357cba3bef8f170a1705d50f0b8311a25014
2023-04-03 00:39:17,True,0.4675,0.001493,641.016,0.9571,0x70...8487,https://bscscan.com/tx/0x8684b5b31a329216d549426fec597c09878b21ee3f3a940d7d59a02d56050e76
2023-04-03 00:36:50,False,0.4651,0.001485,589.1,0.8752,0x00...78d2,https://bscscan.com/tx/0xaaf3f5e350b0147054e94cf707446d06dbb8498be8f63a85d1f79c5c6157f392
2023-04-03 00:30:35,False,0.4628,0.001485,10.0963,0.015,0x8d...1017,https://bscscan.com/tx/0xbc59493cbca3b812c291bb69fbfdeeb402ed46c0c6f239616c0216d7e0211836
2023-04-03 00:28:59,False,0.4628,0.001485,864.16,1.28392,0xaf...c7ad,https://bscscan.com/tx/0x3e96bb091347495bf7b58c81d0249556837714a5a9f588840e66a5baff01384b
2023-04-03 00:25:59,False,0.465,0.001485,81.81,0.1215,0x70...785b,https://bscscan.com/tx/0x5a2cae70d7d5b8973737ff2a51ff750d146dc26398c2ed92d4bde6a6ed01136d
2023-04-03 00:25:59,False,0.465,0.001485,654.48,0.9724,0x70...785b,https://bscscan.com/tx/0x5a2cae70d7d5b8973737ff2a51ff750d146dc26398c2ed92d4bde6a6ed01136d
2023-04-03 00:25:11,False,0.4651,0.001486,3272.5,4.86316,0x00...78d2,https://bscscan.com/tx/0x6efa5b298342c4e7fc5a6595f283d6536f5dc9924b3d633271775a06c961cefa
2023-04-03 00:24:35,True,0.4675,0.001493,818.108,1.22198,0x70...785b,https://bscscan.com/tx/0xd5f0ed5a5fe110ac80132f13b9e8d9c21d327fdb399dd675bdcc2d8fb3ee2379
2023-04-03 00:24:02,True,0.4674,0.001493,60.8948,0.0909,0xf0...74d5,https://bscscan.com/tx/0x4e5a9eef523ba20a72c175650d3e9b51704f36ca1ac7a2a8d4dbe2592f2a3a51
2023-04-03 00:23:11,True,0.4674,0.001493,641.016,0.9574,0x70...8487,https://bscscan.com/tx/0x76e72052f3ae740eacc872f7327ebdbb66808a72615963005342b1935b29322e
2023-04-03 00:08:56,False,0.4663,0.001486,1280.0,1.90228,0xbb...162f,https://bscscan.com/tx/0xfda92cd5e9f6ed37c3bee9704c27e2f03a7962fc24da1093b4a8b54331a45d8a
2023-04-03 00:07:50,False,0.4661,0.001486,15.0,0.0222,0xea...bf7f,https://bscscan.com/tx/0x223c8c820057fb468f5fc083f10566ff7b26eee9d47c1d03304f87e63913fd9f
2023-04-03 00:07:11,True,0.4683,0.001493,640.342,0.9564,0x70...8487,https://bscscan.com/tx/0x8c0db8e88f47b5bdb386e235b0eda62869882e6dfd402c3a863f7fa9f93be525
2023-04-03 00:00:59,False,0.466,0.001486,4314.3,6.41282,0x00...78d2,https://bscscan.com/tx/0x339d74f4f396958bad1c05392d903d274e61b6ff6435d474790e02f9bc00a7c7
2023-04-03 00:00:59,True,0.4686,0.001494,3.9786,0.0059,0xbd...9220,https://bscscan.com/tx/0x206f75634882c06b9ef8fa3cda32430bc3bf4b349e314cae3ffda2f3ac37923d
2023-04-03 00:00:56,False,0.4661,0.001486,4314.3,6.41499,0x00...78d2,https://bscscan.com/tx/0x5f851d7a53e2a5d52bbc059610ce8a78ab40dffb3356a32ad2044ab349b756d1
2023-04-02 23:59:56,False,0.4639,0.001487,4096.68,6.09342,0x00...78d2,https://bscscan.com/tx/0x7f25e6295fd95b9ecbf9c19cbb73f2462b6cc46ba5b35e1133f8e626581f636d
2023-04-02 23:58:23,False,0.464,0.001487,4306.39,6.40745,0x00...78d2,https://bscscan.com/tx/0x70987065d7159dbff45c95522c441620af3540fabde8aa90f9be8e98873ddd61
2023-04-02 23:52:10,True,0.4668,0.001495,639.356,0.9562,0x70...8487,https://bscscan.com/tx/0xe09fda5c02a07db6f27a0d560b6d35ca92d20a423745d669f9a74fb660368ee7
2023-04-02 23:47:37,False,0.4668,0.001488,1197.0,1.7813,0xf9...5ebf,https://bscscan.com/tx/0xccaefa72212d59e543a2ab86a656ae8702ef78d4da06d2e0d4d9a7c73530499c
2023-04-02 23:47:37,False,0.4668,0.001488,429.6,0.6393,0x00...78d2,https://bscscan.com/tx/0xf5b375b816221cfe4f6828a2c057be8f8e1a9372a87b4ab6c666951bf4531127
2023-04-02 23:47:34,False,0.4668,0.001488,767.4,1.14213,0x00...78d2,https://bscscan.com/tx/0x434a4936fbee64e3857def3426fe2691ae20fde4082f080f1296de9cc926cd64
2023-04-02 23:42:46,False,0.4669,0.001488,14.0,0.0208,0x2e...25ab,https://bscscan.com/tx/0x0d6fc1c4e210fc9ea62dcf834eec56b8dadc6e7ce482be4aa921066d2393b4c7
2023-04-02 23:36:10,True,0.4669,0.001495,639.174,0.956,0x70...8487,https://bscscan.com/tx/0xeefe3fd7d023132a89ec44a268a31b6197ae252d7390df91449137121b72a9ef
2023-04-02 23:35:55,False,0.4646,0.001488,2054.8,3.05836,0x43...fe22,https://bscscan.com/tx/0x7201c9d0a8830a670e6ecba2bc2459f38e896f5fde2ed6e9f71dd3d0fcccaeab
2023-04-02 23:35:52,False,0.4646,0.001488,3088.48,4.59781,0x34...7c76,https://bscscan.com/tx/0x8dee094a1844a7380c53098b08eeb18fa3fa3b47448bfef992b9e7d5a852f6ea
2023-04-02 23:35:52,False,0.4647,0.001489,2399.29,3.57258,0x00...78d2,https://bscscan.com/tx/0x9c16908a1804feea02b2f56b2ec25704f534348c68b0400deed7a26052cc322d
2023-04-02 23:35:19,True,0.4671,0.001496,146.694,0.2195,0x8b...61c8,https://bscscan.com/tx/0xd6fecf11937b88981ecf59ca3b669a36e86cdb58c51940236797843fe28b471f
2023-04-02 23:32:31,False,0.4647,0.001489,36.7923,0.0547,0x91...ea43,https://bscscan.com/tx/0x1d91640bc449edc37a288e16b0ea22045d739323374d3cfd827b8ffc4f0b954c
2023-04-02 23:23:30,True,0.4671,0.001496,33.4761,0.0501,0xd5...23a8,https://bscscan.com/tx/0x468e2aa6ae5d4acd247e5bd02a6d792ac3b3640b8e856e2efe35d4b51cc96fbb
2023-04-02 23:21:18,True,0.4671,0.001496,639.149,0.9565,0x70...8487,https://bscscan.com/tx/0x623725e9e99d7d11059e538cd2c9b4db160bc177ba2841e43311d600293eefa5
2023-04-02 23:20:00,False,0.4646,0.001489,1236.9,1.84192,0x7a...c707,https://bscscan.com/tx/0x76f610294fd5a356d64d06f3929ed6d21d728e5b5a6629039064ca04ac07dc2c
2023-04-02 23:17:09,False,0.4646,0.001489,1601.7,2.38542,0x4d...74b8,https://bscscan.com/tx/0xea71c0a79322ea02910519078cc1b2d9123171eb4db8bc4dfbc89ed30f59121a
2023-04-02 23:17:09,False,0.4647,0.001489,834.581,1.24306,0xd3...ec6f,https://bscscan.com/tx/0xc5e11f2945e6786dcaedf78f9d6505a7a3c1c395918b9192232ba07f857b9f3f
2023-04-02 23:14:51,False,0.467,0.001489,23.0625,0.0343,0x8b...f2b8,https://bscscan.com/tx/0x9d7bc68969d7c82fc683eb78ac9709567ad2f47b8aca21e69c5ca4228cebee93
2023-04-02 23:14:33,False,0.4647,0.001489,68.1179,0.1014,0xc1...1793,https://bscscan.com/tx/0x0cd32ee980a6ff5dd06380c3aa243cfde97a0a7bfbdad898c93d6d6ecdf115a2
2023-04-02 23:12:09,True,0.4694,0.001497,24.3204,0.0364,0x1c...8f68,https://bscscan.com/tx/0xb598bc296f119a23e8ef709bf6e461ed5162a84c5638fa38b38c679c7b4bed98
2023-04-02 23:09:27,False,0.467,0.001489,678.352,1.01044,0xd3...ec6f,https://bscscan.com/tx/0x136070af5ae46f482e70d49f5888551a522cc56ae26763fdb1b522840a68edce
2023-04-02 23:09:24,False,0.467,0.001489,678.316,1.01044,0xd3...ec6f,https://bscscan.com/tx/0xec5df053f8ec8d1319a0dd44b7dd7c5ec313ed37316a041d0c1f3127d436d5d2
2023-04-02 23:09:21,False,0.4647,0.001489,628.727,0.9366,0xd3...ec6f,https://bscscan.com/tx/0x23a9e1a4da3129e0d45d861bf948ed72fb4cef96ef3a24624668295f394af8d7
2023-04-02 23:07:27,False,0.467,0.001489,16.0034,0.0238,0x91...016c,https://bscscan.com/tx/0x32d1ea07bdee1101c5050792c96a6d5d7926ff41623a55ade39f33960496af11
2023-04-02 23:06:57,True,0.4696,0.001498,6.61731,0.0099,0xbd...9220,https://bscscan.com/tx/0x318cf48d988e2df5e6d47e38ccf60bda3f35f6bcae809492ed1b062f64255690
2023-04-02 23:06:09,True,0.4694,0.001497,639.51,0.9574,0x70...8487,https://bscscan.com/tx/0xa993360d6356fe178746d7c7fa97d660d320d9bb99e8ec51cd03cb835aaad378
2023-04-02 23:05:12,False,0.4647,0.001489,437.144,0.6512,0xd3...ec6f,https://bscscan.com/tx/0x51b567820c002fed0f1604602c2bc1cefcbd060ed8d7817d45e042cdc94089da
2023-04-02 23:05:06,False,0.4671,0.001489,203.393,0.303,0x9a...a4d2,https://bscscan.com/tx/0xd41cb8b46de65b9d84784d4841151c80ad4ac16072205681dc756d5b2dd5c769
2023-04-02 23:05:06,False,0.4671,0.001489,437.122,0.6512,0xd3...ec6f,https://bscscan.com/tx/0xea53f20c9d58c84d608a3d62b77816b4878fc33862b73922557d11b63abe0b42
2023-04-02 23:03:30,False,0.4641,0.001489,6.0,0.0089,0xe3...d785,https://bscscan.com/tx/0x8faab9009f9576d6e759463e6b5441daa541b69e9006d14237b02614a26a30dc
2023-04-02 23:03:18,False,0.4665,0.001489,796.71,1.18697,0xd3...ec6f,https://bscscan.com/tx/0xa8423ebaa3e3a6552de968cae2b78d9ce89e2d495499bd50ea5bb41f6039c2de
2023-04-02 23:02:54,False,0.4666,0.00149,1259.04,1.87591,0xd3...ec6f,https://bscscan.com/tx/0x6d8904807997b1cd365d7aa3726d05a660c694ff2f6690a0f52f53a47c9e6cf8
2023-04-02 23:00:03,True,0.4688,0.001497,126.477,0.1894,0x3c...cfd2,https://bscscan.com/tx/0x19f026d46f46da88eb040a38fbbbd6ef4e5b98dd60040d093e75a83115a9c04c
2023-04-02 22:53:59,True,0.4684,0.001497,213.405,0.3195,0x1e...a32f,https://bscscan.com/tx/0x4b2458a790c1a4f0dff28c0967e69123679f97453906ecaff42dc684139dd5ec
2023-04-02 22:53:25,False,0.4659,0.00149,108.578,0.1617,0xf7...3f4a,https://bscscan.com/tx/0x44f749d48856ba411398ba07c9d1772c8e8445ace1e1169df88598ba7ae79134
2023-04-02 22:52:20,True,0.4683,0.001497,40.4459,0.0605,0x02...2d77,https://bscscan.com/tx/0xbcb20e02cd84ff9314ca6729de39165fa4c63402f6283263648116e4a3b22f14
2023-04-02 22:51:48,False,0.4659,0.00149,82.3738,0.1227,0x65...6098,https://bscscan.com/tx/0xfe67135a3b9703bfa7604c96bb83c6d941d98373d4ae0033e54d5e8f06038d44
2023-04-02 22:50:13,True,0.4681,0.001497,640.503,0.9591,0x70...8487,https://bscscan.com/tx/0x859033b3d0e8b5ce58ff68aea573c8929d88865d3c144de455f2f341e8eeee8c
2023-04-02 22:41:21,True,0.4681,0.001497,1006.15,1.50656,0xe2...bc07,https://bscscan.com/tx/0x301d3cac0fb7880cd8b24d67c6dee3f72853d80a6ecde276df7dea5b9c4a704f
2023-04-02 22:35:21,True,0.4657,0.001497,640.826,0.9594,0x70...8487,https://bscscan.com/tx/0xd2c1b32d5f427d5744338305e2bbbc8c132077810c0c0d3086630354a97f99ec
2023-04-02 22:33:18,False,0.4633,0.001489,11.3717,0.0169,0x9f...3fb5,https://bscscan.com/tx/0x425a1807c273deb7f2971cd3d6d8c7735a1d24113a94596260f8b97f81a9dd6c
2023-04-02 22:33:03,False,0.4657,0.001489,20.2848,0.0302,0x72...9f2e,https://bscscan.com/tx/0xb402d3b200ad8be9fe6b345c2fd498e49dd03e9181c427db925adf0badc468d6
2023-04-02 22:32:15,True,0.468,0.001497,22.0,0.0329,0x7a...0805,https://bscscan.com/tx/0x9c72d44f90f31b96f340de17e49fd6d43c6f3281042a97920cecaf07d605bf7c
2023-04-02 22:19:11,True,0.4676,0.001497,640.484,0.9589,0x70...8487,https://bscscan.com/tx/0x642ac44c0ca6cad30d7ee37238268a2b2bf4ddc649018bd9305f27efeddff31c
2023-04-02 22:15:29,False,0.4652,0.001489,256.736,0.3824,0xd3...ec6f,https://bscscan.com/tx/0x875ed75728db0241fb08c1cfe3ed432e51fd33fb1714905d305665d74198a870
2023-04-02 22:15:23,False,0.4629,0.001489,256.731,0.3824,0xd3...ec6f,https://bscscan.com/tx/0x0c695575c93ec7b8ac8e1ffea311286e502eab66f1cbef1bd62b2d84b80b299f
2023-04-02 22:15:17,False,0.4629,0.001489,256.725,0.3824,0xd3...ec6f,https://bscscan.com/tx/0xb02e058678e9319b50ec2e486e5cf2d1044864b66667dccca58f8a3a93262552
2023-04-02 22:15:14,False,0.4629,0.001489,256.72,0.3824,0xd3...ec6f,https://bscscan.com/tx/0x89c9098247a029b622f641b7abc5690be496d7bb22fbd62fb5ed1cd3c4394680
2023-04-02 22:15:08,False,0.4629,0.001489,256.715,0.3824,0xd3...ec6f,https://bscscan.com/tx/0xfc51459121cfaf46e6108820ad213d0f1b513cc8a85f04a4578dbb0acc91d096
2023-04-02 22:15:05,False,0.4629,0.001489,256.71,0.3824,0xd3...ec6f,https://bscscan.com/tx/0x9b065117654f6b352905a3b65f8c3450141441dbe0c78a45676adafce6ade18d
2023-04-02 22:15:02,False,0.4629,0.001489,256.705,0.3824,0xd3...ec6f,https://bscscan.com/tx/0x532734f02f09889c2b850d370b23fd4a39628ea130ec492864349721a6a09b45
2023-04-02 22:14:59,False,0.4629,0.001489,256.7,0.3824,0xd3...ec6f,https://bscscan.com/tx/0xbc74761cb11c631c9cf4688ffef4b6e9f65a49155dba4ffdeee36b22c4485818
2023-04-02 22:14:56,False,0.4653,0.001489,256.694,0.3824,0xd3...ec6f,https://bscscan.com/tx/0x59754ffd30988e739755bffbebf3694410f9263a1d4feac6eea15c0fb3467661
2023-04-02 22:14:53,False,0.4653,0.00149,256.689,0.3824,0xd3...ec6f,https://bscscan.com/tx/0x51c8062f7c54ca62c6a58f722120f237cc00cf0601af20e02835761b04b68fc8
2023-04-02 22:14:50,False,0.4653,0.00149,256.684,0.3824,0xd3...ec6f,https://bscscan.com/tx/0xa246806d8553bb1ef07d68f697f47e17698a6141f249561adf650d19bea8ae7f
2023-04-02 22:14:44,False,0.4653,0.00149,256.746,0.3825,0xd3...ec6f,https://bscscan.com/tx/0x98db649f733fe52d9e37006a0fb1ca4603f4faa5ff0f93a78fe1fcaa52058ddf
2023-04-02 22:14:41,False,0.4653,0.00149,256.74,0.3825,0xd3...ec6f,https://bscscan.com/tx/0x5588b0381cefdd909edbe9ea1b6e867e6b15e4c6d2fa4be0236e7d686fc37f7e
2023-04-02 22:14:38,False,0.4653,0.00149,256.735,0.3825,0xd3...ec6f,https://bscscan.com/tx/0x6a5f672246b3f97231fdf1f7ed71da2481f7b44cfb79c9751ffea925c833bf7a
2023-04-02 22:14:35,False,0.4653,0.00149,256.73,0.3825,0xd3...ec6f,https://bscscan.com/tx/0x2517edd774cf3a7b52064c339df0d59478fe0818657a3481793cb85ab4c8fe0a
2023-04-02 22:14:32,False,0.4653,0.00149,256.725,0.3825,0xd3...ec6f,https://bscscan.com/tx/0xee1311c4b978ceec8a515b2a7d91b2d2dbf8c9c99f746755234d1d342a34b80a
2023-04-02 22:14:29,False,0.4653,0.00149,256.72,0.3825,0xd3...ec6f,https://bscscan.com/tx/0x6492b2b9b4172d4b74db02650f3cf0c31c85319bbfba6b9e1e03a3c9391dbda9
2023-04-02 22:14:26,False,0.463,0.00149,256.715,0.3825,0xd3...ec6f,https://bscscan.com/tx/0xad129e4c9accb62a01de1a1799e27d08eed9275b6e0f3c2a080caf8a2e03fb8c
2023-04-02 22:14:23,False,0.463,0.00149,256.709,0.3825,0xd3...ec6f,https://bscscan.com/tx/0x379f5ef135b9c73a108a7acb0f96343116648eed4c856c93726eec645ca05efe
2023-04-02 22:14:20,False,0.463,0.00149,256.704,0.3825,0xd3...ec6f,https://bscscan.com/tx/0xa0a979bb6e52a42c2ad80aee10bdb7cae47058b8c86c333c5397a0be5d98b2d6
2023-04-02 22:14:14,False,0.463,0.00149,256.699,0.3825,0xd3...ec6f,https://bscscan.com/tx/0xa98646adb056c6cde26b9804ba5dfd089e7a109f634fe852f0d79985422c0f7c
2023-04-02 22:14:11,False,0.463,0.00149,256.694,0.3825,0xd3...ec6f,https://bscscan.com/tx/0x6138200dee29b120f8e54bfe38d85b90b06792a8a572f056bbb1af16d72992a4
2023-04-02 22:07:56,False,0.463,0.00149,15.0,0.0223,0x50...1b11,https://bscscan.com/tx/0xf97b7be23b150ec6df4702649c705dad63aa9167560c38001fd87b4134d31c05
2023-04-02 22:03:57,False,0.4653,0.00149,198.947,0.2965,0x12...f2c9,https://bscscan.com/tx/0xbabca7d2923d85da948c69256963a19efb17085a3dce2aa39de694737fbb52e2
2023-04-02 22:03:51,False,0.4653,0.00149,2028.64,3.02362,0xd3...ec6f,https://bscscan.com/tx/0xbe1c6c45b99b7bc863e6894578f83852492a58a0394f52ae67ad2ece8929c859
2023-04-02 22:03:36,False,0.4631,0.00149,2028.84,3.02441,0xd3...ec6f,https://bscscan.com/tx/0xeb7eb3ebaa37add4b9f0853299d6f86492310f2f00fd8ffe34be95f66d4a84e5
2023-04-02 22:03:33,False,0.4631,0.00149,2028.52,3.02441,0xd3...ec6f,https://bscscan.com/tx/0x52a221d7b8af638ea331ce96f854464611b5de1099749f28139bb767829a0a52
2023-04-02 22:03:24,False,0.4632,0.001491,2028.85,3.02538,0xd3...ec6f,https://bscscan.com/tx/0x26aedafed32b371e487807c90928e94d996529da7907099f8b143555a6bb58ed
2023-04-02 22:03:18,True,0.4655,0.001498,640.309,0.9596,0x70...8487,https://bscscan.com/tx/0x0c9706431063adf87899c0d3739ab77e032931127c7d44123e6688daa935a2bf
2023-04-02 22:03:06,False,0.4656,0.001491,2028.74,3.02556,0xd3...ec6f,https://bscscan.com/tx/0x0fa4143305e573b2ad6a46cb043f695daa91e8d805eab68adb2df779bdc7db40
2023-04-02 22:02:12,True,0.4656,0.001498,253.624,0.3801,0x3f...66aa,https://bscscan.com/tx/0xcbc9fcedb488fdf1d06ee642160535c0b5ef2cdba9b660a6b6a2bc418002d7de
2023-04-02 21:57:37,True,0.4679,0.001498,30.0,0.0449,0x7a...cc4f,https://bscscan.com/tx/0x1ac0192e71ce1eb6c6956ad6b6be665d23675feb5132e171c4239999d72549ba
2023-04-02 21:55:22,True,0.4656,0.001498,31.1631,0.0467,0xc8...5889,https://bscscan.com/tx/0x485d88b794ca6cb47923236e44b7ea20acb1427e33f255014092b21c4a5fcee8
2023-04-02 21:52:46,False,0.4633,0.001491,3330.5,4.96785,0xd3...ec6f,https://bscscan.com/tx/0xf23096221fe496eb935ea2e85b2f35b30f226c804cdbad7470763820fda549f1
2023-04-02 21:52:40,False,0.4657,0.001492,2648.07,3.95086,0xd3...ec6f,https://bscscan.com/tx/0x7c9d86abc30f964acc6899aba7f00c4acb5115be2a6007c7b7cb9e4ea1b7fb4c
2023-04-02 21:51:07,False,0.4658,0.001492,1600.0,2.38756,0xd6...41e4,https://bscscan.com/tx/0xb612ef4da24929c4659c4329b803152fc9fc3e38dd5bbe45e41cf471f0010fd3
2023-04-02 21:48:21,False,0.4659,0.001492,2680.78,4.001,0xd3...ec6f,https://bscscan.com/tx/0x4129532d37bf94ea2992dfd8146ee2df36d0adfca515e47fb0780381e6a3f82e
2023-04-02 21:48:18,True,0.4683,0.0015,639.577,0.9594,0x70...8487,https://bscscan.com/tx/0x642e0710f84924772803e6cf995383c85f32577acb474767d0239a5e4ce5f919
2023-04-02 21:48:10,False,0.4636,0.001492,2680.51,4.00123,0xd3...ec6f,https://bscscan.com/tx/0x4eebb7c701cb03ddd2e754582544ce3abea693a87e0b451ce76c2c0a21f3aeb8
2023-04-02 21:48:04,False,0.4637,0.001493,2680.65,4.00228,0xd3...ec6f,https://bscscan.com/tx/0x5913cbb0113e2793a2b4ab5d87d54cfb1a175ae752afb8e595706531c87c08b6
2023-04-02 21:48:01,False,0.4638,0.001493,2680.08,4.00228,0xd3...ec6f,https://bscscan.com/tx/0x0c49ed41ddfaf03674fda8050ec9849d049a49d24d72fdf851e8bb16e9e5941e
2023-04-02 21:46:27,False,0.4642,0.001493,330.986,0.4943,0xd3...ec6f,https://bscscan.com/tx/0xfd239234f8a92e86a933135abd1fe2a444995f9250e6ff46d9e1cdf76d303c54
2023-04-02 21:46:27,False,0.4643,0.001493,2558.5,3.82161,0xe3...d2ff,https://bscscan.com/tx/0x41a7f7d21cf789842b6f9a9204dc887fef3e12f2466f8fe075c7fd0a0122d320
2023-04-02 21:46:12,False,0.4644,0.001494,4079.72,6.09544,0xd3...ec6f,https://bscscan.com/tx/0x25ac856656a45f6cb650aab0ffb7228773b20ef847c35bbaad47b4363654c5da
2023-04-02 21:46:09,False,0.4645,0.001494,4078.42,6.09544,0xd3...ec6f,https://bscscan.com/tx/0x12c1ef9d14fa930f6e352222c1d708d97077bf63fa9001eab67774b0cacf0c3f
2023-04-02 21:46:06,False,0.467,0.001494,1266.0,1.89251,0x71...69e3,https://bscscan.com/tx/0x64b8c6e63a2f53b90c04d80baa5511372df25cb2cf4c3141fe4ab5a81c410efa
2023-04-02 21:46:06,False,0.467,0.001495,1854.77,2.77298,0xd3...ec6f,https://bscscan.com/tx/0x3cebede1e4e7a46e46fa31703dc711354afcaa6718a55043905f2613bcf733ce
2023-04-02 21:45:45,False,0.4648,0.001495,2262.4,3.38297,0x56...0086,https://bscscan.com/tx/0xe4597da8121fc38506436b779330ce2ca275e9ced676f3f80d2f58d3d91c9e0f
2023-04-02 21:45:42,False,0.4648,0.001495,1348.5,2.0167,0xef...cab1,https://bscscan.com/tx/0xda4f08531e672e19aa0292b42cd1e69276bc1c822f8137c328e19979f6d5adc2
2023-04-02 21:45:42,False,0.4648,0.001495,57.6853,0.0862,0xd3...ec6f,https://bscscan.com/tx/0xcbedc7a919e021f39a96bc0454e40ff61fe7ea7a3881ff1fb2f698cbda7be95e
2023-04-02 21:45:42,False,0.4649,0.001495,2356.7,3.525,0x00...78d2,https://bscscan.com/tx/0x35e39f72a29c20a7e3b5d48c368c3abc21bff75bef816c7686c6a775984c63c0
2023-04-02 21:43:24,False,0.465,0.001495,530.1,0.7929,0xa0...cc8d,https://bscscan.com/tx/0xcc136cb2cb6f1a0ea6a64dce0796f686d0e52f1608b556383ac098ea82b60969
2023-04-02 21:43:09,False,0.4674,0.001496,1262.1,1.88812,0x0e...7558,https://bscscan.com/tx/0x443e86fea8b50c82b4618f2ee3101a37c090f2c3fb7ce545ac9408bf989f6bea
2023-04-02 21:43:06,False,0.4675,0.001496,924.0,1.38243,0xc3...157a,https://bscscan.com/tx/0xfd47e25e7eeec622960e6e2e70974582582a6d9a0e65be39787b530a566ce8a3
2023-04-02 21:43:06,False,0.4675,0.001496,57.5567,0.0861,0xd3...ec6f,https://bscscan.com/tx/0xeec21fd0f91ed1bc2bd8c2016ca4843650b4eb620d4f7e434b51fb836dbe9ed7
2023-04-02 21:43:06,False,0.4675,0.001496,1294.4,1.93678,0x00...78d2,https://bscscan.com/tx/0x7e6c7fe4870de50f1e9627fe284a61e795ab57e7edf749a8d0a3c683c6357425
2023-04-02 21:43:03,False,0.4675,0.001496,923.204,1.38149,0xd3...ec6f,https://bscscan.com/tx/0x6827db2a0d0b0c3180d63b1a771566833dc5cef250c9416d9382942e90b421ec
2023-04-02 21:43:00,False,0.4676,0.001496,563.9,0.8438,0xd3...ec6f,https://bscscan.com/tx/0x038a31b65090fc649a74bc779bc40044b268a641d695790ea071b693a0fa4686
2023-04-02 21:42:57,False,0.4676,0.001496,1236.5,1.85055,0x43...fe22,https://bscscan.com/tx/0xe7b80af031f21a17efc1a28bdf751abfc94b45044d04971047db0aef2ed1b1a9
2023-04-02 21:42:57,False,0.4676,0.001496,1292.66,1.93479,0xd3...ec6f,https://bscscan.com/tx/0x1d2d2e3b6a2b88e6c2ea7644350fa9248fe5e855ae631dbed95aa574cdea064e
2023-04-02 21:42:54,False,0.468,0.001497,5784.5,8.66038,0xfc...535e,https://bscscan.com/tx/0x12b7189fb54696e14276da3f0bd768590291ccacc3772260f0f695c91bea2e48
2023-04-02 21:42:54,False,0.4681,0.001497,1292.18,1.93514,0xd3...ec6f,https://bscscan.com/tx/0xa86f7382c0536fc3182fad338ecd4ddc230f9a9d9b3ad55d8148e1a5654c0b69
2023-04-02 21:39:33,False,0.4695,0.001497,48.0,0.0718,0xe6...9841,https://bscscan.com/tx/0x394ad0a87f32143c949dcbd254771c293f139d2e541279e034c031f54397d7f3
2023-04-02 21:36:42,False,0.4674,0.001497,19.1324,0.0286,0x0e...4fe0,https://bscscan.com/tx/0x2385609e7072c7614742a5d3e9f72a25c3a2903934e53ba8c4804bd44378f758
2023-04-02 21:35:21,False,0.4698,0.001497,4.53726,0.0068,0x0e...4fe0,https://bscscan.com/tx/0x18245fd33b01e3a78434dc49b89bc61def0b7ddec90449d0624e2e7f02bca406
2023-04-02 21:27:36,False,0.4703,0.001497,10.3029,0.0154,0x7d...f5f2,https://bscscan.com/tx/0xc5f491587d8e62a61905a0e3ec189ec4a626fbce98536726f8c21b22d59b0a59
2023-04-02 21:12:50,False,0.4707,0.001498,10527.9,15.7739,0xfc...535e,https://bscscan.com/tx/0xcd820499ec901065d2df3337b347a00133e3c1d376b757f9e164cf506b797d95
2023-04-02 21:08:02,False,0.4708,0.001498,96.4873,0.1446,0x0b...7fe3,https://bscscan.com/tx/0xb059233ba2fc8c41059c68ce2fec1f78b79bcbc9e2bdce08ffe6a206d9c20842
2023-04-02 21:05:47,True,0.4709,0.001506,28.4467,0.0428,0x6c...5530,https://bscscan.com/tx/0x14ee1d76c6e13d8ec376a6dcd9fa74c0b2d7ba51ac282221497ea7a45ebe7a99
2023-04-02 21:04:53,True,0.4709,0.001506,131.0,0.1973,0xa9...ad8b,https://bscscan.com/tx/0x3691478745dba58d04762c94549e53e2a075dd517ec0b64e587e1d7935e38e46
2023-04-02 21:02:38,False,0.4684,0.001498,30.0,0.0449,0x6a...5b87,https://bscscan.com/tx/0xb152876599a2765c6b24d3fd25c581f95fc29fbb3eda85db58651ed5f2ef0e92
2023-04-02 21:02:26,True,0.471,0.001506,53.3837,0.0804,0x2c...c9c5,https://bscscan.com/tx/0x92de75a095494a43a6758c6faf0a687991aaad3c98282d080e1072ef1dbdd773
2023-04-02 21:02:05,False,0.4686,0.001498,17.0073,0.0254,0x90...7588,https://bscscan.com/tx/0xe6d94297d43cf9b284ddf611659681ea39b6e09c2e5568b9cdde095d5db2804f
2023-04-02 21:01:47,False,0.4686,0.001498,30.0218,0.045,0x90...7588,https://bscscan.com/tx/0x8c505458b449da387965f7ebfbd13fa7c4451c5b3fd319822e7099a3c22bdf85
2023-04-02 20:59:32,True,0.4735,0.001506,220.0,0.3314,0x12...f2c9,https://bscscan.com/tx/0xe17393b1ba3764dd2f62927abbec71859267b11ce0d37570246379439108d0bc
2023-04-02 20:53:50,True,0.4735,0.001506,400.0,0.6025,0x1e...a32f,https://bscscan.com/tx/0xa8d9901ad2e76f8930cde5cb8debb91a40826a83df7c18303852f8b34d8c6258
2023-04-02 20:52:08,False,0.4713,0.001498,32.1395,0.0481,0x7f...c9d6,https://bscscan.com/tx/0x5f6c77a41725f0aa16f7b5f97d7c3b2b90db787c448f7285e969fec7368da9ff
2023-04-02 20:49:59,False,0.4689,0.001498,20.3286,0.0304,0xf9...8f46,https://bscscan.com/tx/0xed347ae26f4819bb79f6e8025128bb4fd06c4406ef18398d9f8496858103dc40
2023-04-02 20:47:35,False,0.4689,0.001498,95.2504,0.1427,0x54...f6cf,https://bscscan.com/tx/0x47f12c97aa6d6c4e099f03baaf2df5fea68314ecbfc6c8065f4e8387097e135f
2023-04-02 20:36:02,False,0.4718,0.001498,204.485,0.3065,0xb7...60d3,https://bscscan.com/tx/0x81be9574923c0b4c03208b7dfc659fb88bfd4b75872ddff462b7073d0b6aa61b
2023-04-02 20:26:51,False,0.472,0.001499,13335.6,19.9989,0xfc...535e,https://bscscan.com/tx/0x8c8b76c83d8dfd99dc75f62d4df485d67029e2b9019e4d33c08ce688a054fa2e
2023-04-02 20:26:48,False,0.4723,0.0015,685.827,1.02908,0xd3...ec6f,https://bscscan.com/tx/0xeee9c79a5e38bc57436c07056547358ff89ca3ad2e0ea3c3a2f16b541700fbce
2023-04-02 20:26:45,False,0.4723,0.0015,442.74,0.6643,0xd3...ec6f,https://bscscan.com/tx/0xf8607cb29e6fbb76784c4dfa72b7292320bf764f103fe6e9216ceb2df16e68ae
2023-04-02 20:25:36,False,0.4726,0.001501,13308.9,19.9817,0xfc...535e,https://bscscan.com/tx/0x48c42dce0266f6c75df1c4016023b0cada5c7b2acce3a6dcd52c68df15a1b6bb
2023-04-02 20:25:33,False,0.4729,0.001502,2321.88,3.48817,0x0c...8533,https://bscscan.com/tx/0x0955c635066fb6eefa9c7c1eed38440fe380489f209415a56b396f1a6b7392c9
2023-04-02 20:25:33,False,0.473,0.001502,2323.16,3.49073,0x62...1f10,https://bscscan.com/tx/0x633ebc086079071bf994c783f1cb9760b0c95f027a1a370546700b2ad801ca9c
2023-04-02 20:25:33,False,0.4731,0.001503,4650.86,6.99021,0xf2...bfcf,https://bscscan.com/tx/0x238c54b3f688c5f908e22f3dbfb2e645d72793aa604fba814faa4be1b207298e
2023-04-02 20:25:33,False,0.4732,0.001503,2322.74,3.49201,0xda...6e1f,https://bscscan.com/tx/0x6c3250587f4e452bac6492b6aee4c829b7766feb45a7b1dd440be5a0eb43aa07
2023-04-02 20:22:27,False,0.4732,0.001503,5.21583,0.0078,0xc0...95f3,https://bscscan.com/tx/0x5c52125a331577b8d24345ad8111251e8371c3e3a07bfbb3f1fef41e9e83a691
2023-04-02 20:22:18,False,0.4732,0.001503,20.7688,0.0312,0x1d...9d1a,https://bscscan.com/tx/0xd13676d6a7d1a2a6b06811361994be10eda33df0cd1edba1dc12930ebac852fd
2023-04-02 20:21:57,False,0.4708,0.001503,6.92292,0.0104,0x1d...9d1a,https://bscscan.com/tx/0xbf799c01907d46caa5fdba894a6f4ca7f446453b47eef66ef68083fb233a7bd7
2023-04-02 20:12:18,True,0.475,0.001511,20.0,0.0302,0x6b...0f99,https://bscscan.com/tx/0xed559d698d02136d441739fda500734b01f4fb705a495eea6fe50dca2aa1e83c
2023-04-02 20:02:21,True,0.4722,0.00151,13242.4,20.0,0x98...5cc4,https://bscscan.com/tx/0x6a05aae83990452315db8d89f6035d1b7db5341d964165c1d30f1380570d2e5a
2023-04-02 20:02:21,True,0.472,0.001509,2394.2,3.61372,0xb3...55e7,https://bscscan.com/tx/0xa2a26cbffd57fcb24f12678aff8c0cd9c14fe047a8f3282a8c0a6d528ec49664
2023-04-02 20:02:18,True,0.4717,0.001508,13283.0,20.0364,0x98...5cc4,https://bscscan.com/tx/0x6953270d04d36b13ed52d7cf4a240bd3a63ed11111f15a207728d9d27edac413
2023-04-02 20:02:18,True,0.4714,0.001507,862.305,1.3,0xb2...46a3,https://bscscan.com/tx/0x8a6ef74e92d894692fb7d4f58f22252c46c194dfbc8ba8c9be045ded3da7be4e
2023-04-02 20:02:18,True,0.4713,0.001507,2321.88,3.5,0xda...c952,https://bscscan.com/tx/0x3d3c4fb18c3c0a06d6f73c092852aeb0e1b93b252c32e87ede64abe76ac37284
2023-04-02 20:02:18,True,0.4712,0.001507,2322.31,3.5,0xf2...bfcf,https://bscscan.com/tx/0x9679eaa29fc941c8f050c0e41ac3c0ac6193eb670d071be5eacd2aac7b86f4a7
2023-04-02 20:02:18,True,0.4712,0.001506,2322.74,3.5,0xda...6e1f,https://bscscan.com/tx/0x5d456cc12a86a8773cf2ae5806ad6f702a193ccfdf4f55f511a8e3f29e50e132
2023-04-02 20:02:18,True,0.4711,0.001506,2323.16,3.5,0x8b...88f6,https://bscscan.com/tx/0xa51cf58a3180c711f1f83889acc8d327f22aba3d26e9ce73763beaaffca6f2c8
2023-04-02 20:02:18,True,0.4708,0.001505,13717.7,20.6535,0xd3...ec6f,https://bscscan.com/tx/0x2e73d1cd2289faa61affd02ea78efdef7ea86413a2863c41b940229fcf939e62
2023-04-02 20:02:15,True,0.4703,0.001504,13312.3,20.0219,0xfc...535e,https://bscscan.com/tx/0x16b1e5a2541fa6bf6c423f6cf9b29708a8464d0cd8b78c2313459e62cdcaa89c
2023-04-02 20:02:15,True,0.47,0.001503,2328.55,3.5,0x8d...1b76,https://bscscan.com/tx/0x8d4d42a051e2ba150a860b03d2651ab2370c6ac98ca9ec11e2c6c56e6011f55b
2023-04-02 20:02:15,True,0.4698,0.001502,10138.8,15.2319,0xd3...ec6f,https://bscscan.com/tx/0x0b0183a15f10331619fd12822ebb4eca532eb9b1d517d4376e8e433454d7de14
2023-04-02 20:02:15,True,0.4695,0.001501,1371.8,2.05997,0x00...78d2,https://bscscan.com/tx/0x9b490afc2520554a7864cbb061484854effcc34f36352d9c3345e47dbccb5796
2023-04-02 19:54:45,True,0.4694,0.001501,0.7391,0.0011,0xc5...8005,https://bscscan.com/tx/0x6ebdef3ea1fa7b148d9ba240e9e91403b5ea883a043964964eb589695af7d92f
2023-04-02 19:54:45,False,0.467,0.001494,49.4028,0.0738,0xaf...42dc,https://bscscan.com/tx/0xa524ade27cbcb96e5e648022d84924671b204b44d12d290a2920794321ef8297
2023-04-02 19:54:39,True,0.4694,0.001501,0.6119,9.189e-05,0x05...052b,https://bscscan.com/tx/0xf3fead490e3800351b7beec17142ffca48e92e6ad6fb5454f1650a7330262b77
2023-04-02 19:54:21,False,0.4671,0.001494,12.2029,0.0182,0x27...3dd0,https://bscscan.com/tx/0x8962f886a847ec954ef6d9c2a4669df1b896b3f0f08cc94632dd8076eec40bb2
2023-04-02 19:47:33,False,0.467,0.001494,15.9781,0.0238,0x44...d7ca,https://bscscan.com/tx/0xe9e44c97c102195c0524884e8c20a9e5824106d7796207daddfc5088bb576fe7
2023-04-02 19:40:45,True,0.469,0.001501,3122.72,4.68845,0x98...5cc4,https://bscscan.com/tx/0x2784107fd8ff18f9a020c98eae3aaa6a60c92878a2ea54f9976ecc3ff217b9f2
2023-04-02 19:40:45,False,0.4666,0.001493,8.79144,0.0131,0x36...de4b,https://bscscan.com/tx/0x5598dafdce3c262c12576421f1a8a13a1cc3a125e5179cf9027f0eb5d56930d3
2023-04-02 19:32:01,False,0.4663,0.001493,10.1687,0.0151,0xcd...6be4,https://bscscan.com/tx/0x5eaf13ce75b0db22735eb294cb92c19e915874fe75d07c9df786bae9e9f9bef6
2023-04-02 19:25:30,False,0.4687,0.001493,42.8633,0.064,0xe6...9841,https://bscscan.com/tx/0xae8909d68af4fe6cb6f35289f76bebe05aaa81bd5827d899566ef918e2dbff0d
2023-04-02 19:24:23,False,0.4687,0.001493,100.0,0.1493,0x0d...068c,https://bscscan.com/tx/0x5ab41c237343b6c7ecfb9de4bf7ebc9434aca7856aa9f04684450b1c74c1979f
2023-04-02 19:21:19,True,0.4685,0.001501,50.0,0.075,0xa7...3b1a,https://bscscan.com/tx/0x923c1a88abd6df0a4556ef53c0f6729d26d437d117fbef2c13e6dd90f910272f
2023-04-02 19:02:49,False,0.4656,0.001493,11.9181,0.0178,0x3d...5a44,https://bscscan.com/tx/0x1f44e7b83051c471ac10bf85fc5aa79d0605d42ec4f93a0717249748185ad965
2023-04-02 19:00:16,True,0.4703,0.001501,0.0287,4.321e-06,0x8b...6566,https://bscscan.com/tx/0x8f7703c271abc688d8793a3fb0dd3da84ff9d157e98711ce4605e1d989628485
2023-04-02 18:58:16,False,0.468,0.001493,251.0,0.3749,0x2e...f345,https://bscscan.com/tx/0x58f7a79b54b7e0cb6c3da005a58438147bb1722e62e5e9f11a5f445dc547d21f
2023-04-02 18:57:11,True,0.4703,0.001501,637.436,0.9569,0x70...8487,https://bscscan.com/tx/0x56cd7cae866c6a314a1e4c40b8ad8504642eb5043f51ee4545fff497865336b5
2023-04-02 18:56:56,True,0.4679,0.001501,22.5445,0.0338,0x8e...9bac,https://bscscan.com/tx/0x727bff35dc5b59091eb31074f9cd306f61821896a005fd94fb639550d73fb723
2023-04-02 18:54:44,False,0.4678,0.001493,11.9426,0.0178,0x45...4b77,https://bscscan.com/tx/0xb42d9ef7a4cd1a6346cef567fac608c270619552757ca1f91fdc094904f58969
2023-04-02 18:45:10,False,0.4654,0.001493,302.239,0.4514,0xc6...3786,https://bscscan.com/tx/0x3d11774839a3ba8c00845ec7f151ea529979139234d145985ffae32443201a02
2023-04-02 18:43:39,False,0.4678,0.001493,18.6639,0.0278,0xe8...3c88,https://bscscan.com/tx/0x0a7e58f0ed90b679f4b777ae1975612d1a9189e112a42de9c594cb217efaa1a2
2023-04-02 18:42:12,True,0.4678,0.001501,637.754,0.9573,0x70...8487,https://bscscan.com/tx/0xd2a3219f3b7150c842d215879bc2f522e9b4b3aef4883dd87b3e728906451849
2023-04-02 18:34:00,False,0.4657,0.001493,60.0,0.0896,0x5a...834f,https://bscscan.com/tx/0x1d6037f332f6451c431b7a46947c2e431718024c1dce14ffcf09ee8aeab2ba67
2023-04-02 18:23:45,True,0.4682,0.001501,21.317,0.032,0x3b...4a55,https://bscscan.com/tx/0x25724c4d6b4296170f93e50b142d98a4914b193cb847369a606293d7591a813d
2023-04-02 18:21:36,False,0.4681,0.001493,16.2001,0.0242,0xed...babb,https://bscscan.com/tx/0x461e1d701bb48b46afe204a518ac2e3badb70cbb66cfd16fcb224ae511584ef5
2023-04-02 18:21:27,False,0.4682,0.001493,1416.5,2.11588,0xc3...157a,https://bscscan.com/tx/0x8b472dd9cefda12bf262dfcbbb0820d2ad49b2a0af7337e10d89cac30497c8f4
2023-04-02 18:21:24,False,0.4683,0.001494,4330.0,6.46936,0x83...6678,https://bscscan.com/tx/0x155a79f3aad5fb91a7f9842b6f4ffe58ea1ece3280d15b2a1f4d687b92b44826
2023-04-02 18:21:24,False,0.4684,0.001494,1406.6,2.10204,0x67...b7c1,https://bscscan.com/tx/0xd619394b0e6614b6d9d415b5ad451184e415c3f820df1109fc6738728702b31d
2023-04-02 18:21:21,False,0.4685,0.001494,4023.99,6.0148,0xb0...a41e,https://bscscan.com/tx/0x2176599fcc26c410cd685849823ea0a3579db60c5bf44a7dd8e0f184390c2847
2023-04-02 18:21:21,False,0.4687,0.001495,6266.32,9.37027,0xd3...ec6f,https://bscscan.com/tx/0xece30460d6822105570d93d6bc6605c15650d3661b3f97ce63f262bde9df1bb0
2023-04-02 18:21:21,False,0.4689,0.001496,4269.62,6.38718,0x00...78d2,https://bscscan.com/tx/0x1d9b96cb55b84dce9d2d159d4bb365fe1fb86556ffa2d0df9c9d3ce77135ce9f
2023-04-02 18:21:00,False,0.4693,0.001496,411.018,0.6149,0xd3...ec6f,https://bscscan.com/tx/0xbc92778cb6bb88b733994f6b19e9a7d7bbd7b48d61ca2abe8502dfcfa7a6a9a5
2023-04-02 18:20:51,False,0.4693,0.001496,226.227,0.3385,0xd3...ec6f,https://bscscan.com/tx/0x899637e47ac64f5c5b5a3e9da3cd49eda00ee1d7e19a9ece02f4e6e8ccd83b82
2023-04-02 18:20:51,False,0.4693,0.001496,3620.1,5.41748,0x0e...7558,https://bscscan.com/tx/0x68dd22246a2ae2281a5649f2b17968cc41f4c6fdeb75de818e26fbdcffe131df
2023-04-02 18:20:48,False,0.4695,0.001496,2895.3,4.33393,0xf9...5ebf,https://bscscan.com/tx/0x4a7b2a1e1918a272184ddb83d43c9a2ca50bd6f78648b121234e42cbead0fb03
2023-04-02 18:20:45,False,0.4696,0.001497,5155.41,7.71949,0xd3...ec6f,https://bscscan.com/tx/0xc23ed9a0d0a1e520c4bad235ac8e9ab1d8664dea383c255d368b34d62a4fce01
2023-04-02 18:20:45,False,0.4698,0.001497,4269.62,6.39553,0x00...78d2,https://bscscan.com/tx/0xf94256988191fd0aa07644eac086d8b230850b1357f330fa81eec72b543e2053
2023-04-02 18:20:36,False,0.4676,0.001498,3148.93,4.71821,0xd3...ec6f,https://bscscan.com/tx/0xf03054c6397150091c6c711c800a91ae72e4e916cc845ef00c9c24591b0f3393
2023-04-02 18:18:30,False,0.4677,0.001498,191.216,0.2865,0xb6...4073,https://bscscan.com/tx/0x721f0332d0c239a427fd359fb7c555e9831cf7123d3264492b2e28b3628542a5
2023-04-02 18:17:58,True,0.4702,0.001506,48.3479,0.0728,0x33...e156,https://bscscan.com/tx/0x0166978bf99254fd5c32997c38b6084145ccf23e45f6d42b45b313f2f41c79b8
2023-04-02 18:17:16,False,0.4677,0.001498,10.1077,0.0151,0x1c...6d98,https://bscscan.com/tx/0x27adc0797fe09de9d0ebefcfdabc1b813ca9d6ab287602fff164e1bae4d8a7a9
2023-04-02 18:12:28,True,0.4699,0.001506,81.5127,0.1227,0xd2...3d69,https://bscscan.com/tx/0xef2fd44041d471a01e52fdfda94126223f904ccb7c75fcd68a59a5de9929c0ff
2023-04-02 18:11:31,True,0.4722,0.001506,33.1991,0.05,0xd2...3d69,https://bscscan.com/tx/0x088b05b45d2c454710401a14925fdefadcfc403356d8cbb8132b52fe7c743418
2023-04-02 18:10:29,True,0.4699,0.001506,34.5324,0.052,0xb5...4f76,https://bscscan.com/tx/0xff154cbecc26cc25f7572735592e36672d1893b648e1952ee8a15106c84bd343
2023-04-02 18:04:42,False,0.4696,0.001498,85.546,0.1281,0xfb...a591,https://bscscan.com/tx/0x35a118168cbfda9e0611e0bedfe1c01f2a44ea8d775f1ed454833f04f3481042
2023-04-02 17:58:45,False,0.4672,0.001498,100.0,0.1498,0xfb...a591,https://bscscan.com/tx/0xf28d0b1908883f095acce8ba83f80146d909965f726b06b0a697367e4642a9db
2023-04-02 17:56:16,False,0.4696,0.001498,233.839,0.3504,0xbe...18ec,https://bscscan.com/tx/0x95ae28b57817820c8d2fbc2a4cc4970554cdf87b358c1fe4e29e14ccd88668e6
2023-04-02 17:56:16,True,0.4719,0.001506,29.6379,0.0446,0x5d...3f72,https://bscscan.com/tx/0x5f17b8fdba42dc4298a63dd7012e3183cd05708f26c672e424db5719aca65d31
2023-04-02 17:46:53,False,0.4673,0.001498,986.4,1.47826,0xc3...157a,https://bscscan.com/tx/0x1c05212b08c7ff8b49b0d95f393ee158f687f6633361c9e2687330996d8fd53a
2023-04-02 17:46:53,False,0.4674,0.001498,1034.4,1.55031,0xd3...ec6f,https://bscscan.com/tx/0x5d8782f6dc6a629112e6423a548f6a08e439db70496310b434a42b8955e2eea5
2023-04-02 17:46:50,False,0.4674,0.001498,1109.65,1.66324,0xd3...ec6f,https://bscscan.com/tx/0xf9341f08c8bb3561afb372ec87d52e441f6a0227dc7badcf7d4c54ea8d156e09
2023-04-02 17:43:53,False,0.4676,0.001499,2222.2,3.33127,0x98...5cc4,https://bscscan.com/tx/0x390ae8d700aef28f0c72a6fcbfd498240a401c32439d3c20004fd91ffd4f14dd
2023-04-02 17:43:53,False,0.4677,0.001499,2320.74,3.47962,0xd3...ec6f,https://bscscan.com/tx/0xdec61f466b0645efdbaa5aab72c263dd18bc46150642dbdc2637ffbdff2cff80
2023-04-02 17:42:17,False,0.4702,0.001499,2457.95,3.68603,0xd3...ec6f,https://bscscan.com/tx/0x3bf61e6e9618f8aa10638e6b8b68a5e295c1affab283d3aa79852a17866a9560
2023-04-02 17:35:40,True,0.4726,0.001507,29.2507,0.044,0x39...94e0,https://bscscan.com/tx/0xbdb9fe19694164fb76a1b95d72b6f2040da953bb5192e1a139fb960733b182c0
2023-04-02 17:19:27,False,0.4702,0.001499,26.088,0.0391,0xc2...7494,https://bscscan.com/tx/0xe612ad860f8819723ff9738092779eaea9e6f5d9b4e4c824c191738534e4afde
2023-04-02 17:18:51,False,0.4703,0.0015,5448.98,8.17404,0xfc...535e,https://bscscan.com/tx/0x08fb72367266fd4f08f45d019ed0834967d29f1c1848b075665c81065fd2e4fa
2023-04-02 17:14:01,False,0.4709,0.001501,13321.0,19.9977,0x98...5cc4,https://bscscan.com/tx/0xd49b23f079451eeab58554a925d2d544ef741beb5597cfc84f9c5147a384e6f6
2023-04-02 17:14:01,False,0.4712,0.001502,923.4,1.387,0x7a...c707,https://bscscan.com/tx/0x5b451d364e4531ef10f0f740db507eb4b4363a12d653f009e571a058cac0960a
2023-04-02 17:14:01,False,0.4712,0.001502,485.418,0.7291,0xd3...ec6f,https://bscscan.com/tx/0xf67e520b0491920ca729b4dd404126598c242183f67badeeefb86800c7c3f95a
2023-04-02 17:14:01,False,0.4712,0.001502,980.8,1.47338,0x00...78d2,https://bscscan.com/tx/0x26335a3af9342b5d847c316b0c705632a2ed46e142696db1b2802cfe49e712ff
2023-04-02 17:13:13,False,0.4691,0.001502,10547.2,15.8515,0x98...5cc4,https://bscscan.com/tx/0x282397a86468dd11d4b1419a89427631378f978857f9d48c0657b58776eb4b4d
2023-04-02 17:13:13,True,0.4716,0.00151,2647.39,4.0,0x42...859c,https://bscscan.com/tx/0x7cae25c9bbaaf0da8e8c82ac4016e7cf9ae983e317008cb2c9ea526471ee1087
2023-04-02 17:06:52,False,0.47,0.001504,13296.2,19.9976,0xfc...535e,https://bscscan.com/tx/0x0f0af1f3f588362396c754bc1b4cb65da985a6b40a4ec843229c1b08f6b12694
2023-04-02 17:06:49,False,0.4703,0.001504,1016.5,1.52969,0x56...0086,https://bscscan.com/tx/0xf558d712bf83e298d16482fa3bdaa63f96dbbc61066c16f4fe1b96579de19ddc
2023-04-02 17:06:49,False,0.4703,0.001504,473.2,0.7121,0x05...7eea,https://bscscan.com/tx/0xbbf979427ada5d37c99c3df718f01893900af398ab3f5777475eba64fef49bd8
2023-04-02 17:04:01,False,0.4727,0.001505,3261.24,4.90872,0xd3...ec6f,https://bscscan.com/tx/0xc94dd4cb52cfd3f8103465ebd17dfa2d2ae8e9966cbb0d86653168665ff2cacc
2023-04-02 17:03:55,False,0.4728,0.001505,2691.85,4.05265,0xd3...ec6f,https://bscscan.com/tx/0x2ccf69c1888f0ddf66b7122a608d3cb77fa242ea806f840242b1df1a6c6c8e76
2023-04-02 17:03:43,False,0.4737,0.001506,5779.59,8.70423,0xfc...535e,https://bscscan.com/tx/0x9b73e9826cf4d85966ae05a74ba15f1497387c56ffd9c3591116f6cad10dddcd
2023-04-02 17:03:40,False,0.4744,0.001508,3202.72,4.82989,0xd3...ec6f,https://bscscan.com/tx/0xc12f39a48435ae10eee91c5b6c7e603a0fec673800c848f4a4e377c27323bbf6
2023-04-02 17:03:40,False,0.4741,0.001507,12545.5,18.9076,0x62...1f10,https://bscscan.com/tx/0x54b6c65dc0e2d283854448c1cadbd82c35341a78b8fb6988946013f6c411ee5a
2023-04-02 17:02:16,False,0.4748,0.001508,5544.5,8.36432,0xd8...bcda,https://bscscan.com/tx/0x0fc6cf2d90f7171657442097a5425212917089112c8eebd1ee27a40a1f84ccd9
2023-04-02 17:02:13,False,0.4726,0.001509,3947.23,5.95695,0x8d...1b76,https://bscscan.com/tx/0x56e6b8fc680039b85ca43fd2aefd62c3c995800370109f7f5abfe4cf9393f336
2023-04-02 17:02:13,False,0.473,0.00151,15831.8,23.9112,0x2f...e155,https://bscscan.com/tx/0xef540c65b8dba058eeead8c6af47d44b225ed3c0e57410f50ee0c0ad7c8fda34
2023-04-02 17:02:13,False,0.4738,0.001512,26212.7,39.6557,0x91...79fe,https://bscscan.com/tx/0xbb1d771a39591c50cd4bdee4c78fbfeb76f4509c48681099a70578e408107823
2023-04-02 17:00:47,True,0.4765,0.001522,75.4653,0.1148,0x2c...c9c5,https://bscscan.com/tx/0x8c5287220f7b67c12a83d03b23eff17b392c2b15990a13016ce18abb48785966
2023-04-02 16:59:56,True,0.4789,0.001522,31.2978,0.0476,0x7f...c9d6,https://bscscan.com/tx/0xd61280d63f5b7b6d2f0e525f5061a5e65c94fec492039d99b50e091ec426633a
2023-04-02 16:53:15,False,0.4774,0.001514,30.0,0.0454,0x52...a024,https://bscscan.com/tx/0x1fd0b27bb5846d744751239df7559082d1bae78a9ebd392115baf47b34832b2b
2023-04-02 16:51:38,False,0.4773,0.001514,99.0865,0.15,0x41...534d,https://bscscan.com/tx/0xa9f1af6915d58c2e80bfe4022d85e134ebae9a868e65100b19cb037c4a8dc0ff
2023-04-02 16:51:31,True,0.4797,0.001522,325.0,0.4946,0xe6...82f2,https://bscscan.com/tx/0x84ceb4602d354f2fc13053aa92f8afb339f611d66fc6d9619d4d14bd36868ea1
2023-04-02 16:42:52,False,0.4748,0.001514,7.35934,0.0111,0x1d...2220,https://bscscan.com/tx/0xd08563699fe1f6eb9d3e654c49c0d18e66b303b98b9ba32befdc7c8b82746b7d
2023-04-02 16:32:10,True,0.4793,0.001521,1041.41,1.58493,0x00...78d2,https://bscscan.com/tx/0x87f721494f119e23bb250ee355da635bb67eed42ead2bf5105f3618d469cc200
2023-04-02 16:32:10,False,0.4769,0.001514,77.4341,0.1172,0xbc...96c3,https://bscscan.com/tx/0x734b6831c062bc850b23ea10e18cfeec93b50dd59419178d1419e634664828b4
2023-04-02 16:32:07,True,0.4792,0.001521,4170.34,6.34563,0x00...78d2,https://bscscan.com/tx/0x95146a4e74dad1bb3c27ba70d8034fad296028ebf0233077abd7822b90a6590d
2023-04-02 16:31:01,True,0.4767,0.001521,399.305,0.6074,0x62...1f10,https://bscscan.com/tx/0x757051ff29344895888cdf77a5e37b85c997fc6d99d3f0eef3ba8d4b92ad2a63
2023-04-02 16:30:40,True,0.4791,0.001521,1848.12,2.81136,0xda...6e1f,https://bscscan.com/tx/0xee5de0d179ff7c71a4558c59a38723d25b59088c44687a5738c500da89635307
2023-04-02 16:30:34,True,0.4789,0.00152,6575.97,10.0,0x91...79fe,https://bscscan.com/tx/0x2fb231d8efac9793661421ed33e95168693d7c303830aaedadb9853158525592
2023-04-02 16:30:25,True,0.4787,0.00152,3947.23,6.0,0x8d...1b76,https://bscscan.com/tx/0xee7f72bd903eb485d265b01af3bbbe8d72e1d52192d068eeb24dd0f3e2a316cb
2023-04-02 16:30:25,True,0.4785,0.001519,6581.47,10.0,0x52...1c7e,https://bscscan.com/tx/0xf6dd3486db28fab7efd81739af7efbc58aa4c9343f19872b89bf80d5889cf423
2023-04-02 16:30:16,True,0.4782,0.001518,6584.9,10.0,0xda...6e1f,https://bscscan.com/tx/0x39b4b61d9aef9cb7e0979c741d0bc9f69bf29bd184acf1eff7e9697736b5ba64
2023-04-02 16:30:16,True,0.4781,0.001518,2944.58,4.47003,0xed...4f31,https://bscscan.com/tx/0x17e32907a774b0a6de758dde483acb4eabad0f04fa55fbceefbc2e35ecb4ebb6
2023-04-02 16:30:16,True,0.4779,0.001517,6589.88,10.0,0x0c...8533,https://bscscan.com/tx/0xe452629de49efea6c37ea11ecbe9a3f16045d69f12204670bf64b00e78bf5f68
2023-04-02 16:30:16,True,0.4777,0.001516,4189.15,6.35422,0x00...78d2,https://bscscan.com/tx/0xe68125f13cfc089c0c56b7ddb403d2bd4cfe638e2b727db94c74bcfa7a0e43d6
2023-04-02 16:29:34,False,0.4752,0.001509,1.05538,0.0015,0x27...5457,https://bscscan.com/tx/0xd406385a63d3c0251c3441bd5c68552bd38fe30046cacfeedfeed9d58b9f1a4c
2023-04-02 16:25:49,False,0.4728,0.001509,10.0,0.015,0x27...5457,https://bscscan.com/tx/0x4d53356e564f6d93a099ffcaaef458925a3c5701b241474da0364ac897a1fc95
2023-04-02 16:19:07,False,0.4755,0.001509,20.0,0.0301,0x27...5457,https://bscscan.com/tx/0xfd47fdf8d2bafabfaa7c99fc3c1dbaf7a95e10dac1be053f980ce38951edb22a
2023-04-02 16:14:25,False,0.4756,0.001509,14.0,0.0211,0x27...5457,https://bscscan.com/tx/0x4c9bd7feaf56b584d95d6fe532d638835aa3be392bbdbe9bec6003b12b33a8e4
2023-04-02 16:07:48,False,0.4734,0.001509,10.0,0.015,0x27...5457,https://bscscan.com/tx/0xe5c14c15196593bffefe32df009fdbf387ffd0e8ecb80eedba63db5994b09622
2023-04-02 16:07:27,False,0.4736,0.001509,13.7356,0.0207,0x80...8892,https://bscscan.com/tx/0x65e3006dfed663494abb30f28139e2d160e0f2fbad5c274e39b2ce2efefcca83
2023-04-02 16:07:15,False,0.4737,0.001509,359.022,0.5417,0x27...5457,https://bscscan.com/tx/0x071dcfed07137b9f9d66bdcf2c74ae455e7025ee9341de9486ef884a3c1a6a8f
2023-04-02 16:05:45,True,0.4784,0.001516,2307.96,3.5,0x8b...88f6,https://bscscan.com/tx/0xead39eba046e89a773fd044b2d6dc7374e547f94512eddd7708b2451e68274eb
2023-04-02 16:05:45,True,0.4783,0.001516,2308.38,3.5,0xda...c952,https://bscscan.com/tx/0xbebf69714c4441623de28cea2d0b28a4d9d41888bd056a3501f496e6a8c0f7a3
2023-04-02 16:05:45,True,0.4782,0.001515,4196.6,6.3613,0x00...78d2,https://bscscan.com/tx/0xd0dea616b3fe0f1be395efb764040f9ef2228d50e54e73351e6c707b4c19d920
2023-04-02 16:05:06,False,0.4734,0.001508,27.4734,0.0414,0x02...10db,https://bscscan.com/tx/0x68d918d837c78949c2f808301ead00747a0c2c699af449969d6dccf4a8082f58
2023-04-02 16:04:36,True,0.4781,0.001515,2309.57,3.5,0x91...79fe,https://bscscan.com/tx/0x7e23c4c1f151fd867159bc81d852d937479b33dcfc134bc349da8de80abb8cb5
2023-04-02 16:04:36,True,0.478,0.001515,2309.99,3.5,0x62...1f10,https://bscscan.com/tx/0x946846fc759f9c7b90c885b65de32901654a0334d7e362a7450205e1287025a7
2023-04-02 16:04:36,True,0.4779,0.001514,2310.41,3.5,0x2f...e155,https://bscscan.com/tx/0xd114f7351d5d03c0f4c92d2a45083c59f067dc29b7c7fd327d6878a38b268549
2023-04-02 16:03:54,False,0.4754,0.001507,100.0,0.1507,0x67...d351,https://bscscan.com/tx/0xb4f09a28b070c194912d50d1c84ffe2fc422186c2d62717fd4772ff7daf701ed
2023-04-02 16:03:48,True,0.4778,0.001514,331.129,0.5015,0x87...331e,https://bscscan.com/tx/0x7d10d631687cc6eadc92431b8f3440deacc6f5267cf6ab8d3d31f7612434472c
2023-04-02 16:02:15,True,0.475,0.001514,2310.88,3.5,0xda...c952,https://bscscan.com/tx/0x4b95319142ab3acf534dde5f1c526a9659114f5740e98f1d5c3ae70c7922fd33
2023-04-02 16:02:15,True,0.4749,0.001514,2311.3,3.5,0x8b...88f6,https://bscscan.com/tx/0x73e15c54cd1d79fa6c8bb03f0ef3fa5deebcde9d6eb0a482cff18deb0d2f3adf
2023-04-02 16:02:09,True,0.4773,0.001514,468.862,0.7099,0x98...5cc4,https://bscscan.com/tx/0x26c7b38eca274c9b66eadfe710da5cbaa354800840a15ebf145b521da1c41577
2023-04-02 16:02:09,True,0.4773,0.001514,2311.81,3.5,0xed...4f31,https://bscscan.com/tx/0xf9a40341fa82b91982bd8b139384a7889623f7dbf932be101a37528abd70e13e
2023-04-02 16:02:09,True,0.4772,0.001513,2312.24,3.5,0x0c...8533,https://bscscan.com/tx/0xd119dd70da9b6c9199adc59b40f77c43f851bda16571a02326f6dba9afdfe2a6
2023-04-02 16:02:09,True,0.4771,0.001513,2312.66,3.5,0x52...1c7e,https://bscscan.com/tx/0xbd6c357a4ba7d4e1b0405346ab5e9fefcd8a01d1fe5174e656adeccd6d72f74b
2023-04-02 16:02:09,True,0.477,0.001513,1411.1,2.13526,0x00...78d2,https://bscscan.com/tx/0x31d1467cdc2fdcd516277835dff844356e7f6cc05cf13f338a00196b5b708ab8
2023-04-02 15:56:49,True,0.4769,0.001512,3283.89,4.96822,0x98...5cc4,https://bscscan.com/tx/0x4a8363bc73f79470987257d5b7b428f6a6cef4011eacc51c1678c2b691cffdb4
2023-04-02 15:56:46,False,0.4746,0.001505,8370.8,12.6035,0xcf...f8b8,https://bscscan.com/tx/0x10fc656b368475f67a088bc7be15ea607afc20172b6c0df6db77f3b04b99a959
2023-04-02 15:56:28,True,0.4748,0.001513,37.0789,0.0561,0xdf...7213,https://bscscan.com/tx/0xad61e065598df2a6b12b93f8f1a2965e4246839baf358ce7b70842811e6133d9
2023-04-02 15:56:25,False,0.4725,0.001506,4444.0,6.69449,0xcf...f8b8,https://bscscan.com/tx/0x69053720e2a1e5846c8ac6a693e206b91b63710907545c0d1b5d596d6dbe98bc
2023-04-02 15:56:04,False,0.4727,0.001506,4444.0,6.69684,0xcf...f8b8,https://bscscan.com/tx/0xd89461591e652479fdd7971ca8b04bfdc4fb6819ca491c18fbc153e9177678b4
2023-04-02 15:55:43,False,0.4729,0.001507,4444.0,6.69919,0xcf...f8b8,https://bscscan.com/tx/0x1678207ec98c080a3f7307e2c29c0a5c334ec28a6166cc0b8dfab7c9e5d01582
2023-04-02 15:46:52,False,0.4752,0.001507,19.8974,0.03,0x27...3dd0,https://bscscan.com/tx/0xc027fa83433e7ef3c51c403bbf64f3b4a1e8fc2e13f598ff2587ab55e86f4267
2023-04-02 15:44:01,True,0.4752,0.001515,57.61,0.0873,0xe9...3a20,https://bscscan.com/tx/0x45c2d60e11d4749c28827b7326f0ad9288d0d407c57cd29f8772903d6ae148a7
2023-04-02 15:37:19,False,0.4728,0.001507,21.7168,0.0327,0x9f...54bd,https://bscscan.com/tx/0xb32be6b44efd01754fc54b63070de2fbaad2b131555dc7085d2048a036f5a69e
2023-04-02 15:26:37,True,0.4772,0.001515,2502.97,3.79238,0x47...b7a9,https://bscscan.com/tx/0xf36822e40a8c86dc53314d299a5fa25ca3cd23c7683bb691868a911970d333e3
2023-04-02 15:21:19,False,0.475,0.001508,10318.5,15.5607,0x8d...1b76,https://bscscan.com/tx/0xb50911652fd4c5c8542445bdc625f249a9e2b9260047999b08e21788be0e4d4f
2023-04-02 15:21:04,False,0.4731,0.001509,10437.4,15.753,0xf2...bfcf,https://bscscan.com/tx/0xb8af8c25d6af9afa10b66a2d82c76e0dab81df299f8369932fcf498bd1042fc7
2023-04-02 15:21:04,False,0.4733,0.00151,2914.42,4.40102,0xda...6e1f,https://bscscan.com/tx/0xaf82ee9a811fb031ded9a0eacfde61e9bd109e37dd47b22938e7e83edad825b9
2023-04-02 15:19:49,False,0.4734,0.00151,2378.53,3.59253,0xf2...bfcf,https://bscscan.com/tx/0xc790188a43659197275810e7b5bb09871aab2b34aff2252e944cfe5b3da5bbc3
2023-04-02 15:19:49,False,0.4737,0.001511,12552.7,18.9709,0x2f...e155,https://bscscan.com/tx/0xafe67939875c5a42b50997baf6ebc93029c48bf76f17f315a9a01bb0bfa815f9
2023-04-02 15:18:37,False,0.4764,0.001512,1685.59,2.54885,0x52...1c7e,https://bscscan.com/tx/0x975e3d781823fb70590cbe5dd89917bf3ddd8e3b4caaa3bcb25b24de08b3bd19
2023-04-02 15:18:31,False,0.4765,0.001512,2336.72,3.53401,0xda...6e1f,https://bscscan.com/tx/0x3fc26505d987c8a68228fe04cf58a1d3409ca3a9df2741c69af93fe02bbdf8d8
2023-04-02 15:16:43,False,0.4742,0.001512,1691.4,2.55845,0xda...6e1f,https://bscscan.com/tx/0x4834e6a40b057c3cfd7c1c07306013215ee3ff8b6bf7cbbe87cf139b39263bd4
2023-04-02 15:16:31,False,0.4767,0.001512,2331.55,3.52733,0x52...1c7e,https://bscscan.com/tx/0xe3c30ce8f627e2a0a3b706b71a412225f6ba295f0b7e2ed6f525520ac6aec0e3
2023-04-02 15:16:25,False,0.4744,0.001513,1693.37,2.56225,0xda...6e1f,https://bscscan.com/tx/0x4eb11e7dc461a1199c7a38893f96ff0e45409a53b1c0b9d5aea71fabf9e912b5
2023-04-02 15:13:22,True,0.477,0.00152,32.5,0.0494,0xf6...583c,https://bscscan.com/tx/0x7d2c9df193d088fc9cf4dc6c068cee3315a57de606dd6f8a04556b9a29674d36
2023-04-02 15:07:55,True,0.4775,0.00152,325.752,0.4954,0x6f...a215,https://bscscan.com/tx/0x93dda7c33a8d564d358d79ec17d219e64195c213bb535589f40eb86adb70780d
2023-04-02 15:07:22,True,0.4775,0.00152,20.0,0.0304,0x4f...8b60,https://bscscan.com/tx/0x8fa788e364071a75e36a26d0e238b21c98b1ce737e4010b1ce7af51f39ba57a8
2023-04-02 15:02:49,False,0.4776,0.001513,568.034,0.8595,0xd2...d72a,https://bscscan.com/tx/0xb970eaba614544b307f8b230ef692fcae38c90c7e209d5f0eb39314c783e899d
2023-04-02 14:59:13,True,0.48,0.00152,13.0,0.0197,0xcd...b6fb,https://bscscan.com/tx/0xf9a31f20e092de04df57088e065bcc1ba7d1a8e69495e58e27949b94c6745ea6
2023-04-02 14:55:07,True,0.4777,0.00152,727.17,1.10587,0x35...aca7,https://bscscan.com/tx/0xdeb3616857b267e046339699ab45b37a0a1fa47495997693ccd7ab2239f64d12
2023-04-02 14:48:54,True,0.4804,0.001521,8.19945,0.0124,0xde...367a,https://bscscan.com/tx/0x5095f72814fa4829e7ce95810d34472e04f9025cd29dc728d69bca8c3c5efa51
2023-04-02 14:44:18,True,0.48,0.00152,55.0,0.0836,0x5b...69e0,https://bscscan.com/tx/0x8c9779ca4ee603af3ef7ecc053afa6e1322d997f741904c5766de645220230e6
2023-04-02 14:42:51,False,0.4752,0.001513,44.1427,0.0667,0x27...5457,https://bscscan.com/tx/0x6d7967eeb1c8acc171f4019a2ee0d5b03318076c9462b6f17b442629a852f88c
2023-04-02 14:38:15,False,0.4778,0.001513,3.84539,0.0058,0xe5...23b9,https://bscscan.com/tx/0x23b5f3b2d77dc73a529c027d63f10459f4b88b5ea42591c659ea7005b3ff441b
2023-04-02 14:37:21,False,0.4776,0.001512,474.667,0.7178,0xec...e6f4,https://bscscan.com/tx/0xda36ea31a747e9daa96df8833fe79e7739d7d7eec9fe96a886b307fa1edcc8bb
2023-04-02 14:37:09,True,0.4778,0.00152,2023.2,3.07661,0xed...3fe4,https://bscscan.com/tx/0xa63f7b366783ae798f9f2a6ed94b47916463d2177c428013bec672be6f592de7
2023-04-02 14:36:15,False,0.4777,0.001513,105.0,0.1588,0xa4...75f8,https://bscscan.com/tx/0xd923467c684705d96cc94f4340b3ec4cd61f11c6b9c75b50e96e41ba4e15e740
2023-04-02 14:35:39,False,0.4754,0.001513,4.0,0.006,0xff...1c5b,https://bscscan.com/tx/0x147f2961c4fc2ffa82a64bb22eac030b95b0ccec9c34a001b7976bc8d3b32e18
2023-04-02 14:33:29,False,0.478,0.001513,10145.2,15.3556,0x0c...8533,https://bscscan.com/tx/0xf341b8a8b6f55c7707827e77e59895567bf4bdb51567ccb9a0870376f52b7a56
2023-04-02 14:33:29,False,0.4783,0.001514,7318.34,11.0845,0x8b...88f6,https://bscscan.com/tx/0x99491860616ad1b0e5df4efe32cea56fe06203db5b69a14da72b3b9e10efd374
2023-04-02 14:32:01,False,0.4759,0.001515,50.0,0.0757,0x27...1d74,https://bscscan.com/tx/0x1b8512992e162b0b0d32a2ab3d2e43386eff25ba8fb7d4d3cfd9405f9fcb412c
2023-04-02 14:28:55,False,0.4758,0.001515,31.9776,0.0484,0x53...e2b2,https://bscscan.com/tx/0xfdd9e98cd18cfdaa8243295c2205f06c07abe061c3d34cfe9cf4879b18bfbe20
2023-04-02 14:28:10,False,0.476,0.001515,9131.29,13.8396,0x91...79fe,https://bscscan.com/tx/0xf8d5282164ab42d8871c5b345bbb377c96a642c9f9c5589efe0cbab1b54fa87b
2023-04-02 14:21:19,True,0.4786,0.001523,2174.2,3.31271,0x00...78d2,https://bscscan.com/tx/0x98f125b508db75dd66c40769b0048f554111c62cbc082d946f341edddc062b1c
2023-04-02 14:20:55,True,0.4812,0.001523,2297.53,3.5,0xf2...bfcf,https://bscscan.com/tx/0xe26d704ac03647f3eecdccfeaa407797dacb8cdac0a3e1660c5716bb6462e70c
2023-04-02 14:20:49,True,0.4811,0.001523,2297.95,3.5,0x8d...1b76,https://bscscan.com/tx/0xa8267ae6b1483c4a0f336a6a230d35a1d944f66e022199d4829ceea0b8164565
2023-04-02 14:20:40,True,0.481,0.001522,2298.37,3.5,0x3f...573a,https://bscscan.com/tx/0xa0e8f62c7651832542a5b03d14b49fc458bf559444a3cf8b0c717dd0e1a178d4
2023-04-02 14:20:28,True,0.4809,0.001522,2298.79,3.5,0xf2...bfcf,https://bscscan.com/tx/0x69bae33d18e5d1d20af57b4e7c1dd27b8bdaea25e1b7b9ea08ad3e26e2ab5e74
2023-04-02 14:19:58,True,0.4785,0.001522,745.8,1.13537,0x00...78d2,https://bscscan.com/tx/0x3591f6727748e7ea43bfdd79186534606dd8ef000e4f32362875de2b83d2d69a
2023-04-02 14:19:25,True,0.4785,0.001522,1070.94,1.63024,0x00...78d2,https://bscscan.com/tx/0x98999c1887055f1891660e85ad9b46ebea714a0f18687a02dc418c522a7dab14
2023-04-02 14:19:25,True,0.4785,0.001522,3036.22,4.62112,0xda...6e1f,https://bscscan.com/tx/0x135e385c33ab341857253b474107d02a650f25cb0893326d2002951cdf8691ff
2023-04-02 14:18:52,True,0.4808,0.001521,2300.1,3.5,0x52...1c7e,https://bscscan.com/tx/0xd006ed37ac8fd5a3c046db2ba5efc73bbe8aae1a04d68beb8334b77b75405a6a
2023-04-02 14:18:52,True,0.4806,0.001521,3636.34,5.53203,0x00...78d2,https://bscscan.com/tx/0x6686295112603f61bd595e5dfec0b70c11ea1edce27628abbab57883b323a38f
2023-04-02 14:14:34,False,0.4758,0.001513,1495.5,2.26358,0x14...df3c,https://bscscan.com/tx/0xe4708dfc6921736643b349718cd83b574f212feaf0dc8c67ea6a872631a63907
2023-04-02 14:14:04,True,0.4781,0.00152,6575.14,10.0,0x91...79fe,https://bscscan.com/tx/0xf82f457edfa0ffd1c29228b00cf8cbc03b70be7ac766e68da3a1c8699c2af8f9
2023-04-02 14:14:04,True,0.4779,0.00152,1399.66,2.12805,0x8b...88f6,https://bscscan.com/tx/0xdd2f8bf53edecaa3893e467d9f2772cc426f7581d6c50b9a73ceaadce4e6e79f
2023-04-02 14:14:04,True,0.4779,0.00152,465.0,0.7069,0x00...78d2,https://bscscan.com/tx/0xfb8b9dfbdad91187fedd1a4b37f8271bbce3b0938dd20d6bae3014bfd85a224b
2023-04-02 14:13:04,True,0.4778,0.00152,1310.37,1.992,0x62...1f10,https://bscscan.com/tx/0x4adeaac85f3ef0f408adb394d3f892eb015d4c8d17c8c6e6a08d63b0286def9d
2023-04-02 14:08:43,False,0.4752,0.001512,24.6027,0.0372,0x00...619b,https://bscscan.com/tx/0x792b20f08b3bd6f05754208424b93f00d62040ae13404331d81ee914d8e51ea0
2023-04-02 14:07:22,False,0.4752,0.001512,313.639,0.4743,0x2b...4654,https://bscscan.com/tx/0x7a8c75c4eab99dde3f5483b5e58677ddd82239dbd7ccfa17f207eaaef75a2601
2023-04-02 14:04:16,True,0.4799,0.001519,6580.05,10.0,0x91...79fe,https://bscscan.com/tx/0xadfb7fb6353e79d522bf2a8769d346a4f3695761894a7d8765533e7b2d5d2cba
2023-04-02 14:04:16,True,0.4797,0.001519,2303.83,3.5,0x62...1f10,https://bscscan.com/tx/0x8c4a2008e7dd372b7365e973be34d36b95738a5846d57fe93cfa5180b628f4ea
2023-04-02 14:03:13,True,0.4773,0.001519,1216.88,1.84843,0x98...5cc4,https://bscscan.com/tx/0x7c45d611af8be10564f017d35d9c9a14b829be322579f4831aa0ef2a17d8888c
2023-04-02 14:03:13,True,0.4772,0.001518,2304.47,3.5,0x8b...88f6,https://bscscan.com/tx/0xd09ed58407a2639ab4d20b4ab34db74b7b684744d7b66af66899e5e7101a1da6
2023-04-02 14:03:13,True,0.4771,0.001518,3292.84,5.0,0xda...6e1f,https://bscscan.com/tx/0x486e2af07a4b1da2f17a60a7b9454fd802bfa7429e549769c320d83f2b85f46a
2023-04-02 14:03:13,True,0.477,0.001518,2379.86,3.61288,0x00...78d2,https://bscscan.com/tx/0x70a17635d1d8b7a03e1baf3becbdfb783b755433bc58f346a851db9d42ad4a1f
2023-04-02 14:03:13,True,0.4768,0.001517,9226.27,14.0,0xb0...a41e,https://bscscan.com/tx/0x27596f53f224cd6391565d64e54e78e1debdb7e9a23e092dde5404e85eb50835
2023-04-02 13:59:16,False,0.4765,0.001509,13.8342,0.0208,0xa0...a685,https://bscscan.com/tx/0xa8060f49e7c8a7390e1ffbbdee87cd2bd8272723eb39f498afeb4d6781a709ed
2023-04-02 13:58:16,False,0.4765,0.001509,42.0291,0.0634,0x54...92d7,https://bscscan.com/tx/0xd025fa5d45612431b6b42e17f705a833993f43896761675285bded75000a8144
2023-04-02 13:56:07,True,0.4765,0.001516,8.54315,0.0129,0x1f...e079,https://bscscan.com/tx/0x7537fb903860bb47dd588f257fcd3c064503bbb2a9122d04f6711f6fc69f67d9
2023-04-02 13:47:52,True,0.4763,0.001516,104.295,0.1582,0x60...c7ce,https://bscscan.com/tx/0xcb9a799bfa81bbb5dd6a8ae278f9cc0390bdf265a0ac2fd94706104a166b0654
2023-04-02 13:47:43,False,0.4739,0.001509,10.0,0.015,0x27...5457,https://bscscan.com/tx/0x8330507c7159fc59e2664f326b8e84940a2a8af13d0f666b97c2209029887083
2023-04-02 13:46:28,False,0.4765,0.001509,33.5121,0.0505,0xe2...125a,https://bscscan.com/tx/0x6635d89d9fa639341f161dbfd36bf5fdad3b27d012b48864e3b6415577cfb85a
2023-04-02 13:45:01,False,0.4765,0.001509,103.274,0.1558,0x5e...54c8,https://bscscan.com/tx/0x811ba32e485dabe01a097a2efc80e72ac5631c1cb1f54edcd469aa664c25f3c6
2023-04-02 13:42:34,True,0.4785,0.001516,0.25,3.792e-05,0x3b...49c9,https://bscscan.com/tx/0x43e223ca202dab7dd5fe70a64eac125eb349981431d34b732fd8882638af9230
2023-04-02 13:42:04,False,0.4761,0.001509,9.86613,0.0148,0x4b...6111,https://bscscan.com/tx/0x15ae8c74bb1a8a3165920b445c93b774d225dd297ca56134809e36f9d61f466f
2023-04-02 13:38:46,True,0.4784,0.001516,87.4684,0.1326,0x47...c817,https://bscscan.com/tx/0xab6affc32c9f004006b531a297bd7ff3f6ea284ab4b750748e571acd02104ca1
2023-04-02 13:31:01,True,0.4761,0.001516,5.0,0.0075,0x09...876e,https://bscscan.com/tx/0xd4fdf74972c6f8fe31ba9c1240aaa97c38e4b5507304d213c397829426c4324d
2023-04-02 13:24:44,False,0.4766,0.001509,2289.0,3.45505,0x5e...62ae,https://bscscan.com/tx/0x7c0c657876d7c85225c885f97434a93e4b4f90d0dc51d2442189ca7755712a6d
2023-04-02 13:21:17,False,0.4742,0.001509,7.22957,0.0109,0x5d...83b3,https://bscscan.com/tx/0x561290e14ce3b99aea01c3ac2a939272eb89a2f57a4457170b431d88b73f2174
2023-04-02 13:09:04,True,0.4768,0.001517,22.3656,0.0339,0xcb...f557,https://bscscan.com/tx/0x05d86a7cc0e6b04c1424f279efe60ca915e8de74bb7cfebf26cf7c0eba50d504
2023-04-02 13:08:52,False,0.4742,0.001509,38.0598,0.0574,0x52...0548,https://bscscan.com/tx/0x1de97c08ab273a6de450ae1477be623a6dca40e3f279df8dfc9bb5e3bced9c83
2023-04-02 13:03:49,False,0.4741,0.001509,36.0001,0.0543,0x9b...13dc,https://bscscan.com/tx/0xd39ca1bb5bc42cdbb5b2255fcceee8d8f27d2e4cdbdfe88d753de50d6861ae85
2023-04-02 12:58:25,True,0.4762,0.001517,200.0,0.3034,0x33...8082,https://bscscan.com/tx/0x98595f83e567f53043b507a7a0bb3135909b1386a7d56e1ab1f340b28e1ed56a
2023-04-02 12:51:31,True,0.4783,0.001517,103.994,0.1577,0x34...b2a8,https://bscscan.com/tx/0x8b19dbfd123e007c5e8623e1b2bc3713f1109fc0f06c6b05e048189bb75134b0
2023-04-02 12:42:40,False,0.4761,0.001509,1062.5,1.60393,0xda...c952,https://bscscan.com/tx/0x3fa5382c5e2b346883767513b8bb9f80958d80c98e1550bcee20a79bc6bcc25b
2023-04-02 12:42:40,False,0.4741,0.00151,17404.0,26.292,0x91...79fe,https://bscscan.com/tx/0x0a15b78f56013dd7534bd052fca576b3144576fcd0c7c37b108848fa692ec0c2
2023-04-02 12:42:40,False,0.4745,0.001511,3070.71,4.64265,0xed...4f31,https://bscscan.com/tx/0x8bd2dc7395d36ba5f7249fff9ce097e84117ae98164fcc940dab84178d92f72e
2023-04-02 12:42:22,False,0.4746,0.001512,14.7075,0.0222,0x0b...4cc1,https://bscscan.com/tx/0x0b0b35a8865a06a7eaf11ddb432ef99d7872bc81bcc692f4942be8552b830fe4
2023-04-02 12:35:45,False,0.4749,0.001512,27.0,0.0408,0xcb...6bb9,https://bscscan.com/tx/0x57fa1263c524384dbaceea73524eea60c347b819568b4fa858e9647208207347
2023-04-02 12:35:14,False,0.4749,0.001512,16.4,0.0248,0xe6...2362,https://bscscan.com/tx/0x9fefd5a8366a66f603714a1635b138e14d8d99ca8d836b403c849f884ebf5e8f
2023-04-02 12:32:26,False,0.4749,0.001512,24.2132,0.0366,0x5b...bf50,https://bscscan.com/tx/0x17f77bab8a56bfa405427e0c7995923ddedfc6546fff220a893638016199cac0
2023-04-02 12:22:37,False,0.4774,0.001512,12.8751,0.0194,0x73...e78f,https://bscscan.com/tx/0xde4dac4f25771207235421a194b55ad884de821b80c79271647b099df0198c0b
2023-04-02 12:15:10,False,0.4751,0.001512,32.9835,0.0498,0xda...3787,https://bscscan.com/tx/0x1aac221c2fc00447b54247663fd68af71b7493aeccdb41aed30b140d017b8a71
2023-04-02 12:12:10,False,0.4774,0.001512,119.0,0.1799,0x83...3650,https://bscscan.com/tx/0xdc816914c4a6776acff17e54c88a114bc85f312850f357e4fe3d4065e3b88034
2023-04-02 12:10:25,False,0.4751,0.001512,40.9899,0.0619,0x83...3650,https://bscscan.com/tx/0x74b745a2e78b45f6ea411c667dfee79e63e645d7f58843fd872edd9af5368c43
2023-04-02 12:03:22,False,0.4778,0.001512,5.00495,0.0075,0x53...e2b2,https://bscscan.com/tx/0xc788d82a834f8fff281d849f62a53498f757c99e9df9f380e7b8b99e48a89989
2023-04-02 11:53:40,False,0.4751,0.001511,3.0,0.0045,0x2f...cb06,https://bscscan.com/tx/0xed43d57842fce2199813388ae6d1192060e485c83e9611e000b1cc169c9605a6
2023-04-02 11:48:25,False,0.4753,0.001512,403.0,0.6094,0x22...edb6,https://bscscan.com/tx/0xaaefda888c1cb11905ceb0b1099ea25cc68831b373adf093294c99698a82062e
2023-04-02 11:39:52,False,0.4752,0.001512,55.4566,0.0838,0x29...a11a,https://bscscan.com/tx/0x59a435f252b76fe425b4947a94c1899275c00ce7be1b82e3ffe59c358a6965f9
2023-04-02 11:36:07,False,0.4754,0.001512,12.9205,0.0195,0xfb...0819,https://bscscan.com/tx/0xaedb40d11fb0406da0f68aeb84e294a582eb0946391796f1b7c710479b5e9dd5
2023-04-02 11:26:15,False,0.4776,0.001512,10.0,0.0151,0x27...5457,https://bscscan.com/tx/0x43d66cfd3b63e475f8e6d33151c98df5ce6c724fd16f4242dc1ee1eec217b25f
2023-04-02 11:24:21,True,0.4797,0.001519,6959.05,10.5733,0xbb...6234,https://bscscan.com/tx/0xbacf1bf0e43fa40a7ae4adaa03971372579f79b3112453f94f657dd1ce96032c
2023-04-02 11:22:42,True,0.477,0.001518,766.4,1.16408,0x00...78d2,https://bscscan.com/tx/0x4dcc23c9a2c7824a8f54707afeca6713170833b4713d55e536e6a497723354ab
2023-04-02 11:13:09,True,0.4793,0.001518,1419.29,2.15557,0x91...79fe,https://bscscan.com/tx/0xc7dfc5985851155d72cca08fb63acf5428f6aad52a91d5f319ab28186a172cfe
2023-04-02 11:05:30,False,0.477,0.001511,56.1761,0.0848,0x7d...f4bc,https://bscscan.com/tx/0x10325a69e891bd34847a81b5149e633f81f24fd640ed47e64062bce49a363e07
2023-04-02 11:00:56,True,0.4797,0.001518,354.047,0.5376,0xda...6e1f,https://bscscan.com/tx/0x6565f33a172777b375cb8944df9e2e3111f7073a240e8e9e9a8bf5e39732ab94
2023-04-02 11:00:56,True,0.4797,0.001518,760.3,1.15459,0x00...78d2,https://bscscan.com/tx/0x6027807a3295aec567c91623004bcdc3eeef43a53045c932d8de3d8e8c895979
2023-04-02 11:00:49,True,0.4797,0.001518,165.687,0.2516,0x52...1c7e,https://bscscan.com/tx/0x57f9f0e3d68d587d2affe946cd65dc91201841dc20eb6fcd3ab53940e26f7920
2023-04-02 11:00:39,True,0.4796,0.001518,479.974,0.7288,0x52...1c7e,https://bscscan.com/tx/0xf3af691a6510aa886aeba841bfabc342e4647c2ffb660df73b423ce05e3bd975
2023-04-02 11:00:17,True,0.4772,0.001518,436.201,0.6623,0x91...79fe,https://bscscan.com/tx/0xf0ef5a7443a39482d2c4097881133c34a80255628cc6c2590c2c6df9fc858b69
2023-04-02 11:00:05,True,0.4772,0.001518,146.295,0.2221,0x62...1f10,https://bscscan.com/tx/0xcfa5a3cf5b006209d2eac7160f7ccb53318771acd7ce1fe2fd33dc253fd23497
2023-04-02 11:00:02,True,0.4772,0.001518,4170.35,6.33121,0x00...78d2,https://bscscan.com/tx/0x32fce101ecce53cce1e1cce76026efb540d1e1d333caecb0deb3e836b23ee741
2023-04-02 10:59:56,True,0.4794,0.001517,4180.39,6.34436,0x00...78d2,https://bscscan.com/tx/0x0eff8d0bed4116c2a1d799c330d44497852685e8982db6d60d209786819abab8
2023-04-02 10:59:36,True,0.4769,0.001517,1654.41,2.51023,0x00...78d2,https://bscscan.com/tx/0x69cd02e352521bf08c65b1208f11d066f810f9e878080a72888f0afa4a204870
2023-04-02 10:59:05,True,0.4792,0.001517,498.909,0.7569,0xda...6e1f,https://bscscan.com/tx/0x42498212772dec5f0dd3560cba4e95b3f4ab0bb70325f4f6c29f2e08a3d129b1
2023-04-02 10:58:45,True,0.4791,0.001516,3955.44,6.0,0x8d...1b76,https://bscscan.com/tx/0x83e17073c4e7b24311b660c0f4720379c3a57373271eda619e526e35cc642458
2023-04-02 10:58:34,True,0.479,0.001516,3956.68,6.0,0x3f...573a,https://bscscan.com/tx/0x781ee1053070758ffffc3870752d1a44f07bf1968b5583d65d4ef2538f30e1df
2023-04-02 10:58:28,True,0.4788,0.001515,3957.92,6.0,0xf2...bfcf,https://bscscan.com/tx/0x2e861f42920a246fb76f1fa2c4ad5d52ba27d3c62af176d86876529d4a8a2b06
2023-04-02 10:57:17,True,0.4788,0.001515,542.773,0.8226,0x52...1c7e,https://bscscan.com/tx/0x0477ebebab087d324bd42aabe752d216b18be6573e8bb3140212c01e57c88787
2023-04-02 10:57:17,True,0.4787,0.001515,4187.81,6.34618,0x00...78d2,https://bscscan.com/tx/0xf9b200476963a9f25caa830ce36ef1e4c3e7f896c9e8c8935aca12416fd29c30
2023-04-02 10:56:01,False,0.476,0.001506,199.0,0.2998,0x87...2440,https://bscscan.com/tx/0xfe47632c18d4086c069743bfdb576096fe58b755c6a508a5ce7750bf10bfb932
2023-04-02 10:53:19,False,0.476,0.001507,241.106,0.3634,0xfb...d67f,https://bscscan.com/tx/0xe9ee9bbf56cf8a28ce4ae0315bb34af8877d996938efb170828a02d862aff04d
2023-04-02 10:52:52,False,0.476,0.001507,113.279,0.1707,0xea...a05d,https://bscscan.com/tx/0xb3b448381155ba0bdd64c893304cf183206332555b2085258b6c19208e02dfa9
2023-04-02 10:49:55,False,0.4736,0.001507,495.0,0.7463,0xf2...103c,https://bscscan.com/tx/0xbcae508bcc4f5f311a37529b14eb04b59dfba3b72c07fd37a557fc836cac05e2
2023-04-02 10:45:35,False,0.4735,0.001506,74.7963,0.1127,0x1e...0b4c,https://bscscan.com/tx/0xa2692fcf0c221a3dd3486bd98966209f1dec7196692cdb6d0901f28408ae49a3
2023-04-02 10:40:47,False,0.4763,0.001507,10.6979,0.0161,0x5b...36cc,https://bscscan.com/tx/0x5fa5c2e25e5c043234843a04e4abe9b56080cf4dbb51310beb0ee862162978f9
2023-04-02 10:39:59,False,0.4765,0.001507,26.975,0.0406,0xff...3b88,https://bscscan.com/tx/0x532b819a256271e43c28797f6f0c5cfbffc2244d34e2ca8c2305ce8098748949
2023-04-02 10:36:28,True,0.4792,0.001515,1620.79,2.4558,0xba...6ee1,https://bscscan.com/tx/0x72ff5695e1485f5716f1f7507e57ee15ef2dad682459351d8d1e070f54cb9c80
2023-04-02 10:31:52,False,0.4763,0.001507,24.0,0.0361,0xc9...8272,https://bscscan.com/tx/0xb91e01e795216f2427808dc7f454bc4825ea0240402a632fa814eaf81b0df185
2023-04-02 10:27:09,False,0.4762,0.001507,1.0,0.0015,0xb7...0d11,https://bscscan.com/tx/0xc1dc04b0723104293b37927de94ce4ce2628fc109bd60c12d8be4ad071b96d52
2023-04-02 10:17:42,True,0.4768,0.001515,21.2706,0.0322,0x34...b2a8,https://bscscan.com/tx/0x2743efe37cf2771feadb4d133864f6e637eab05c0fc556c99e4501c91f34ab0a
2023-04-02 10:17:27,False,0.477,0.001507,10.2494,0.0154,0xc2...774e,https://bscscan.com/tx/0x3b5b291db1355ab0fceb331b187f86719bf575f8e48d9271b69eae078f6fe2aa
2023-04-02 10:11:39,True,0.4791,0.001514,6602.01,10.0,0x2f...e155,https://bscscan.com/tx/0x6a0be995966254f9ed1952947b314c5064e291c0a608ae8fd57f97ceffeccfad
2023-04-02 10:11:30,True,0.4789,0.001514,2311.52,3.5,0xda...c952,https://bscscan.com/tx/0x5d46be3524f4dffa870f8b30140a2403cd6ddc81bb20acf33390608745a9b04d
2023-04-02 10:11:30,True,0.4788,0.001513,1194.7,1.80871,0x00...78d2,https://bscscan.com/tx/0xb0d09cf4eede3faa98c49b17d533367b0daaa6bd1349c5f409ca8c5dded9419d
2023-04-02 10:11:27,True,0.4788,0.001513,919.012,1.39122,0x52...1c7e,https://bscscan.com/tx/0x39f1a7eb5ed41ce3287edfda56386c92123df63d39b54a7cfdd85cb2583ed7bd
2023-04-02 10:11:27,True,0.4787,0.001513,2312.33,3.5,0x0c...8533,https://bscscan.com/tx/0x9ea22a79a915b148594c926ea5cdd854c856bcfce822a340399590825fd90614
2023-04-02 10:11:27,True,0.4787,0.001513,1020.1,1.54385,0x00...78d2,https://bscscan.com/tx/0x326e24dfbc4fe950ff94c862b7930d1d0614ebc5900b14d619a8903609a53dfa
2023-04-02 10:03:33,False,0.4736,0.001505,3.0,0.0045,0x2d...ee09,https://bscscan.com/tx/0x142a13d7f68ef9c14b0dd8b197fa9067c10ce2e45f8c646e4c35019b8ba9d6c2
2023-04-02 10:02:15,True,0.4758,0.001513,251.456,0.3805,0x3f...66aa,https://bscscan.com/tx/0xabeb57775fb5019620cb9b78814fc2f099f28b17b21932bd7ed3c32dc9d0d89f
2023-04-02 10:01:45,False,0.4758,0.001505,26.0321,0.0392,0xbb...b852,https://bscscan.com/tx/0x92a8fada0a97294432f82d490e6d9515123c5aa106b653361ff8b5ccd484d25e
2023-04-02 09:57:04,False,0.4735,0.001505,150.0,0.2258,0xeb...ba30,https://bscscan.com/tx/0x556cd7ee2446bf24bbb542f643d974d6d99268fa42facaa87fab0a8718cca0d7
2023-04-02 09:49:07,False,0.4735,0.001505,10.0,0.015,0xe6...46da,https://bscscan.com/tx/0xc03a1db60bb04fb97db7fd9faad623f00ff5377fb24d2489aaae501e7116bdff
2023-04-02 09:49:07,True,0.4759,0.001513,929.338,1.40637,0x35...aca7,https://bscscan.com/tx/0xf1101eebf40319cf754e72fd20d25c8a063b26b543f542fb577c149d5222dabe
2023-04-02 09:44:18,False,0.4735,0.001505,74.5106,0.1121,0xb7...1346,https://bscscan.com/tx/0xb95b1851799bdc358a3f8f7cf99964888e4f19e4e463c8f9299a0cedd510acef
2023-04-02 09:42:06,False,0.4736,0.001505,335.903,0.5057,0xfa...c4a9,https://bscscan.com/tx/0x1be18087fe00f4ce91e29e3f37e7ff5995f6018c0c6288906e4603a4a56760d2
2023-04-02 09:41:09,False,0.4736,0.001505,10.0,0.015,0x92...44a9,https://bscscan.com/tx/0xfb8401606efad243dcd9fddacd0acdeadaeac6f1bf1da0f147a6f87b131259d6
2023-04-02 09:40:39,False,0.4736,0.001505,1582.65,2.38321,0x0e...fae2,https://bscscan.com/tx/0x2ec7ed1326cc57f3554ea097e5a1630a1c49b43ed65ecccf45170367aebf2101
2023-04-02 09:38:09,False,0.476,0.001505,274.132,0.4128,0x4b...1c1b,https://bscscan.com/tx/0xbf8847d6c73b2ec91d09c85777ce9de1126038b2708239f9c09197a7be6457e1
2023-04-02 09:38:09,False,0.476,0.001506,91.3775,0.1376,0x4b...1c1b,https://bscscan.com/tx/0xbf8847d6c73b2ec91d09c85777ce9de1126038b2708239f9c09197a7be6457e1
2023-04-02 09:38:00,False,0.4737,0.001506,10.0,0.015,0x57...ec20,https://bscscan.com/tx/0x3eccbd71d8d00ef55a79120abf3ea88a2984f8c26440954cdf5086749d16884c
2023-04-02 09:36:24,True,0.4761,0.001513,276.047,0.4178,0x4b...1c1b,https://bscscan.com/tx/0x6eca1bc0ac382bacf3270fb49da6a763b3473fd5d501d50094f09a17740ae020
2023-04-02 09:35:57,False,0.4737,0.001505,50.0,0.0753,0xdc...111e,https://bscscan.com/tx/0x28bed0d776172b920f33a254893fda28e5105c8a41c8c00151743b3d1e4862fa
2023-04-02 09:33:03,False,0.4737,0.001505,10.0,0.015,0x11...9e58,https://bscscan.com/tx/0xd5b6c9a0740908681659c88fa4ad98177209b4ef3592ee883e090f1d3dcdee0c
2023-04-02 09:29:01,False,0.4763,0.001505,10.0,0.015,0xc8...a31a,https://bscscan.com/tx/0x4ce1f41ba4d265b5d2e82e85f972a3570f492cf6bdef7e0f17c457a44dcd0009
