datetime,buy_order,price_USD,price_native,amount_token,total_native,maker,etherscan_url
2023-03-30 20:55:54,False,1.394e-07,4.426e-10,3480693.0,0.0154,0x75...b3f3,https://bscscan.com/tx/0x428aaf6f3cc6e4a2a23eb7929738e96f66c7a33af140a22b1bd1ba4aeb3a0be6
2023-03-30 20:31:00,True,1.401e-07,4.449e-10,3371405.0,0.015,0xba...0b65,https://bscscan.com/tx/0x0b70e1dea932d6c97644f09e152b251e9fcfbd75959916276fba26f33aa01336
2023-03-30 20:28:21,False,1.394e-07,4.431e-10,914757082.0,4.05382,0x1b...7f6d,https://bscscan.com/tx/0xfe65c1e6af7e1d7c0093ed54d322da1acb7651235d90750f09f951a863ab1da0
2023-03-30 20:27:36,False,1.396e-07,4.437e-10,296682355.0,1.31659,0xec...0165,https://bscscan.com/tx/0xea61dd9565138b07e824b9f065952746ebc494f276c1355713462109187add8b
2023-03-30 20:27:30,False,1.397e-07,4.44e-10,276678831.0,1.22862,0x2a...576a,https://bscscan.com/tx/0xac41d55ea8bb53b2f1c853ed719ccb5a3ea95efaa46502e3149b03d2c3d0d605
2023-03-30 20:27:24,False,1.398e-07,4.443e-10,335837585.0,1.49237,0xde...fa58,https://bscscan.com/tx/0xfd88fc4a72af34b26f587273dc5e8c1970c877a243a6ff89dfcbda98603d8959
2023-03-30 20:26:45,False,1.399e-07,4.448e-10,552880898.0,2.45935,0x1b...7f6d,https://bscscan.com/tx/0x355500075fbc08f86afc28f2381b1f51219a68b8cd0f0b92f695282009ce54c0
2023-03-30 20:26:42,True,1.406e-07,4.468e-10,953341125.0,4.26,0x08...af7e,https://bscscan.com/tx/0xc17a4417ad2361657c8a295cba9fb1d38a3f5de8cb04bb7f9def31448cdea419
2023-03-30 20:26:24,True,1.396e-07,4.459e-10,780333364.0,3.48,0xec...0165,https://bscscan.com/tx/0xe487e219ab8fd698c8afa5ebcac174c0e08f5a47142be00cb350e85bbfcd087b
2023-03-30 20:25:18,True,1.401e-07,4.452e-10,604144901.0,2.69,0x1b...7f6d,https://bscscan.com/tx/0x07533e4e82ca06eb55e292e3ae209682f31441ff5f744be360328ed63ed06f7c
2023-03-30 20:24:42,False,1.387e-07,4.432e-10,1023593358.0,4.53704,0xec...0165,https://bscscan.com/tx/0x698945b404f66c560e5f39ba8965e67899ea02ce611d3a6600c3605a83ca4e11
2023-03-30 20:24:36,True,1.402e-07,4.458e-10,365631432.0,1.63,0x2a...576a,https://bscscan.com/tx/0x7b861b40f5548183050566cc30e6feccba9425f8b5215f99c8da08dad04e51cf
2023-03-30 20:24:33,True,1.401e-07,4.453e-10,550144968.0,2.45,0xde...fa58,https://bscscan.com/tx/0xfeb8d59dc4f87310a3c0555acbf42b88051dab05911eb7611675b26fb7edcdf7
2023-03-30 20:23:15,True,1.391e-07,4.445e-10,1050565080.0,4.67,0xec...0165,https://bscscan.com/tx/0x5fb4bdfde52492fcb20967804ab2c9d7410e44c7b9db3809b029cee1b462e9e5
2023-03-30 20:23:06,True,1.388e-07,4.432e-10,1430295798.0,6.34,0xde...fa58,https://bscscan.com/tx/0x337a121354713fc790a3fb0d617ebcb6f289abfb0a1cc1f5f520234eacaaca73
2023-03-30 20:22:27,False,1.379e-07,4.406e-10,569965279.0,2.51138,0x1b...7f6d,https://bscscan.com/tx/0x6381bb2835750ae2da313d7ba7247faeebbd6690e46b0ba6404bf9ad4222b370
2023-03-30 20:22:06,False,1.382e-07,4.414e-10,1153185356.0,5.09114,0xde...fa58,https://bscscan.com/tx/0xc04dc73975775535069e62b7d9ba3df339e76764adc5ebb2da0963e69ee345e4
2023-03-30 20:21:00,True,1.396e-07,4.439e-10,707328976.0,3.14,0x1b...7f6d,https://bscscan.com/tx/0x4d818329f77ee26e22ebe544a10b2a7505a83a65dea761cf74a393f7beff102c
2023-03-30 20:20:57,False,1.389e-07,4.414e-10,270109413.0,1.1925,0x08...af7e,https://bscscan.com/tx/0xc7e31ea8b7502c10c5e4ce87547b2763def499d931d412cdc323a1e117889e63
2023-03-30 20:20:39,False,1.39e-07,4.418e-10,390758365.0,1.72644,0xde...fa58,https://bscscan.com/tx/0x5d80e4af8e5c455838fcb7c3b755dda897ad26a6ba18f32f0768a8d89fe09f43
2023-03-30 20:19:57,False,1.385e-07,4.423e-10,731128365.0,3.2344,0x1b...7f6d,https://bscscan.com/tx/0x15055ce257528ee1e4a0864d6a8903e98d96a4e56427ca877024936413997e04
2023-03-30 20:19:33,False,1.387e-07,4.43e-10,643454051.0,2.85101,0x08...af7e,https://bscscan.com/tx/0xa0a280106c3a619a64a0794e5896b63783025c2979bdb37a798fc14aa48d48b4
2023-03-30 20:19:00,False,1.388e-07,4.435e-10,343845688.0,1.52522,0xec...0165,https://bscscan.com/tx/0x64f5d273ad136485ef267d8e6d6a686b8083749164e33c477d7b7246996decbe
2023-03-30 20:18:51,True,1.402e-07,4.455e-10,841657991.0,3.75,0xde...fa58,https://bscscan.com/tx/0x5675d954774f03df804a1b00988b780da6bd690cf521bb850d51e95e6bf52127
2023-03-30 20:18:06,True,1.391e-07,4.445e-10,1165281680.0,5.18,0x08...af7e,https://bscscan.com/tx/0x18a035c48421b70b94742775344c94c39b1a42d90b30c1e9761474eee653b959
2023-03-30 20:17:33,True,1.389e-07,4.436e-10,592828198.0,2.63,0xec...0165,https://bscscan.com/tx/0x2c7d62ade2bb698ee9745f5b79678b0d51c703cb0fa41f5e2b8eed27284c5909
2023-03-30 20:16:45,True,1.386e-07,4.427e-10,1201639656.0,5.32,0x1b...7f6d,https://bscscan.com/tx/0x468172c476f81a04a7df3cf653d85c7fe71e28befbdd6c2677f11e06a061d16f
2023-03-30 20:16:39,False,1.378e-07,4.404e-10,979661979.0,4.31449,0x08...af7e,https://bscscan.com/tx/0x3f7d92f4320ed7f0bba8654c2b4ef820ed1ff20617afb645429e8d415106119a
2023-03-30 20:15:57,False,1.381e-07,4.411e-10,421849560.0,1.86081,0x2a...576a,https://bscscan.com/tx/0x416cc0951b75aa5d8d979854beab71605f9b583e17af98ef87f438395639079d
2023-03-30 20:15:21,False,1.39e-07,4.417e-10,849393912.0,3.75218,0x1b...7f6d,https://bscscan.com/tx/0x977d44335569969568682502fd67f21d98c969c9e865f9585ed31ecf978db67e
2023-03-30 20:15:15,False,1.392e-07,4.426e-10,876830051.0,3.88101,0x08...af7e,https://bscscan.com/tx/0x303b2704398e445551a081d4eed3aeeb4ef131d24d84c7d6f398eaffa5f7a2b0
2023-03-30 20:14:36,False,1.388e-07,4.432e-10,450642463.0,1.99765,0xde...fa58,https://bscscan.com/tx/0xe2306724649e2d65053a6ca87cf46a2a7d6b4b00e6bf2bbb1d3f93358b54bd0f
2023-03-30 20:14:09,True,1.394e-07,4.451e-10,1181652039.0,5.26,0x1b...7f6d,https://bscscan.com/tx/0x46b274410111ae9ff1ec29c07b01c2adc67b0bd0c4f911b64939b8f1cbc7481a
2023-03-30 20:13:57,True,1.397e-07,4.439e-10,1238990580.0,5.5,0x08...af7e,https://bscscan.com/tx/0x39ae632ec4d2ba26af2ee3b2fed1db5a97457e3d9ab54c927892ada29e225054
2023-03-30 20:13:15,False,1.382e-07,4.414e-10,659078120.0,2.90918,0xec...0165,https://bscscan.com/tx/0xccc490baed4912619aeaa799a2d9d98a7a09dedffaff44ede94a711adf2374ed
2023-03-30 20:13:03,False,1.391e-07,4.419e-10,414522070.0,1.83194,0x2a...576a,https://bscscan.com/tx/0x3882589bcdfaa2ebb0923f1e3509164593340555214ae2a22752ef8a21bef3ac
2023-03-30 20:12:30,False,1.386e-07,4.425e-10,787284117.0,3.4841,0x1b...7f6d,https://bscscan.com/tx/0x6a337efdd980bab212571389abe024ae135daca7c9970f2f876014999bc26557
2023-03-30 20:12:21,False,1.395e-07,4.433e-10,759616226.0,3.3676,0x08...af7e,https://bscscan.com/tx/0xeb43ba31510dc7b9ed01521e237a12f70d5f55763dbb672c75c6cdf657bfd8c4
2023-03-30 20:12:12,True,1.403e-07,4.459e-10,179397.0,8e-05,0x74...86fd,https://bscscan.com/tx/0xbaa6cc61806eefccf9d0c2cf9a69980b5b452f0545718f17fe855bcdd5c415a5
2023-03-30 20:12:12,True,1.403e-07,4.459e-10,71405691.0,0.3184,0x74...86fd,https://bscscan.com/tx/0xbaa6cc61806eefccf9d0c2cf9a69980b5b452f0545718f17fe855bcdd5c415a5
2023-03-30 20:11:51,False,1.396e-07,4.438e-10,330575630.0,1.46712,0xec...0165,https://bscscan.com/tx/0x0f35de6869e10c6623e5b18d53c4b2bca1677a2c6f35c8984a17f51fbb6b6730
2023-03-30 20:11:45,True,1.402e-07,4.456e-10,1113019611.0,4.96,0xde...fa58,https://bscscan.com/tx/0xdc8cbade3b1c997efeff30d446b6688e664e6989b993e5a8142179944c287778
2023-03-30 20:11:36,True,1.399e-07,4.446e-10,841130198.0,3.74,0x2a...576a,https://bscscan.com/tx/0xe4c553f90a7f66c0b30f2100cc94db95f659e85418f71dd2dfffeeb864fd4043
2023-03-30 20:11:03,False,1.385e-07,4.423e-10,718605752.0,3.17881,0x1b...7f6d,https://bscscan.com/tx/0x7f8eb4987533d05a9515ddcaa1fd4d339df6b20496cfca405beee667d070992a
2023-03-30 20:09:27,True,1.398e-07,4.443e-10,1208569965.0,5.37,0x08...af7e,https://bscscan.com/tx/0xe71c15de8cb21e74b5e40a1ae4f788419795e1386c3c9f54990489554e735ff5
2023-03-30 20:09:00,False,1.39e-07,4.419e-10,811950799.0,3.58807,0xec...0165,https://bscscan.com/tx/0x021fbe6b2959c1908624b9c27540de09b828f7b533a0015d218602efe9e84406
2023-03-30 20:07:33,False,1.385e-07,4.425e-10,398598816.0,1.76387,0xde...fa58,https://bscscan.com/tx/0x9627d0c8181f0424b816405db42bd7c576550612f7c7c69af89f50e072d56fbc
2023-03-30 20:06:21,False,1.388e-07,4.432e-10,1106429829.0,4.90457,0xde...fa58,https://bscscan.com/tx/0x932d9fc8f7c91e844386741c610d2e9e158401660a5b486c8e5b451ea4da578a
2023-03-30 20:05:42,False,1.39e-07,4.438e-10,71358320.0,0.3167,0x0b...c3e6,https://bscscan.com/tx/0x5db08c58b3b91663e94bef049d0c7bb2fef63085765348e50494947db7521784
2023-03-30 20:03:42,True,1.397e-07,4.461e-10,1832395.0,0.0081,0xcd...ee52,https://bscscan.com/tx/0x4c46b83fa4109adc31d4c6014c98ae5407a1539f6592a46f2ee44fc001b56f7b
2023-03-30 20:03:42,True,1.396e-07,4.457e-10,729905002.0,3.25365,0xcd...ee52,https://bscscan.com/tx/0x4c46b83fa4109adc31d4c6014c98ae5407a1539f6592a46f2ee44fc001b56f7b
2023-03-30 20:03:15,True,1.399e-07,4.447e-10,1346958381.0,5.99,0xde...fa58,https://bscscan.com/tx/0x4cabe4b498d333ee379c6f5444dccbdc960ec4ac9c47528298a85796b1531ccf
2023-03-30 20:02:30,True,1.395e-07,4.433e-10,1253985093.0,5.56,0x1b...7f6d,https://bscscan.com/tx/0x224ada5d6268a39cf1132c0d4356e1ff7c9af27eb144a266579e31238f3d4f75
2023-03-30 20:02:18,False,1.38e-07,4.406e-10,189184058.0,0.8336,0x19...9a0d,https://bscscan.com/tx/0xec21c3a80f4ccf548c61f608ab9d91ab8b301303ec96403d3796b90488f8dbae
2023-03-30 20:02:03,False,1.389e-07,4.412e-10,1112098890.0,4.90759,0xde...fa58,https://bscscan.com/tx/0x74eab1866713df11919a51fefbfbb62481ed90bbe5888f657cf465d9d697f226
2023-03-30 20:01:06,False,1.391e-07,4.42e-10,411067796.0,1.81715,0x1b...7f6d,https://bscscan.com/tx/0xfbc96263c4d04e3b15a5ead426cb46aeb7f9669c6e3b711ef66bb92460919fba
2023-03-30 20:00:54,False,1.393e-07,4.426e-10,820416736.0,3.63181,0x08...af7e,https://bscscan.com/tx/0x0e5e907fdcde2775cab36bb72a57d9cba8b292f9d2fa924dbc577f32a8fed3ee
2023-03-30 20:00:24,True,1.399e-07,4.447e-10,1101731063.0,4.9,0xec...0165,https://bscscan.com/tx/0xc688b151162b66514d7aec895e2acb1afbdb555786680ffe2921af2566a343a7
2023-03-30 20:00:06,False,1.393e-07,4.425e-10,1210737560.0,5.35859,0x2a...576a,https://bscscan.com/tx/0x2d4b6a0df84cbf1bb6ae7db59b34001f727354f2e503155c85f9c2164f0207de
2023-03-30 19:59:36,False,1.396e-07,4.436e-10,975857408.0,4.32982,0x1b...7f6d,https://bscscan.com/tx/0x929f3a16e67e3a1db8c2f2dbe8acd0f3dc3af0c1f0267c6bd8b7181ea56bd77a
2023-03-30 19:59:24,False,1.398e-07,4.443e-10,404569381.0,1.79788,0x08...af7e,https://bscscan.com/tx/0x65bb4f6fa4ac7b0c7631258b7b0c307239b116ebaa96d14d01bb2ec61f37620d
2023-03-30 19:58:57,True,1.405e-07,4.464e-10,721227464.0,3.22,0xde...fa58,https://bscscan.com/tx/0xbe2268f8925a56f52bca390dcdcd7f59ff358fddbe615e17abe882feabb2bbda
2023-03-30 19:58:57,False,1.398e-07,4.443e-10,1048431953.0,4.65921,0xec...0165,https://bscscan.com/tx/0x138d3cad8563b1d581ccf209633b269a2d8c0475dd94139843acea5ca9a7c359
2023-03-30 19:58:36,False,1.394e-07,4.451e-10,420754813.0,1.87297,0x2a...576a,https://bscscan.com/tx/0xe4424e07282b24c9c718d0095adb84dfeebb06a3d4a05f161a3dab50a2a0deb6
2023-03-30 19:58:21,False,1.395e-07,4.455e-10,434452358.0,1.93583,0x08...af7e,https://bscscan.com/tx/0xd8bcd2d31cc9c15daec0fab1ca2c6984f743cf7f59a033f06ad79cb61c0ee8cd
2023-03-30 19:57:09,True,1.402e-07,4.477e-10,589633739.0,2.64,0x2a...576a,https://bscscan.com/tx/0x36eac6bca7a31652f77419668d48b02650c5cfea5f3c44890a2c48ab6f64a534
2023-03-30 19:56:48,True,1.399e-07,4.468e-10,1083070640.0,4.84,0x1b...7f6d,https://bscscan.com/tx/0xd210b10b03a183fbeb6065f9ada2bf2f8f406afae98a1b025db4732671983e06
2023-03-30 19:56:06,True,1.404e-07,4.46e-10,547030944.0,2.44,0xec...0165,https://bscscan.com/tx/0x9bf8e9bcfcf09dbc85ad37c01d5291149ca3a1273b714acc501315b5d336f626
2023-03-30 19:55:45,False,1.397e-07,4.437e-10,447961549.0,1.9879,0x2a...576a,https://bscscan.com/tx/0xcaa99e76f3763dce18071ac78575de0680558a3ba7bef6860dc2fb28fe5eb807
2023-03-30 19:55:24,False,1.392e-07,4.444e-10,925111825.0,4.11178,0x1b...7f6d,https://bscscan.com/tx/0x2f541a49e48b1f15c47a81985c5012173f2300b4310107d854ecb9d838406ff2
2023-03-30 19:55:06,True,1.4e-07,4.469e-10,402721021.0,1.8,0x08...af7e,https://bscscan.com/tx/0xe6eddab5681e1cbd5bcf682afd0747938cdbc07cbb3bd367f0086a6ce0f524b3
2023-03-30 19:54:36,True,1.405e-07,4.465e-10,344845429.0,1.54,0x2a...576a,https://bscscan.com/tx/0x35867050790e0f07289de8a1337434569565a74643c1e221eb17396b614427db
2023-03-30 19:53:57,True,1.396e-07,4.459e-10,959835077.0,4.28,0x1b...7f6d,https://bscscan.com/tx/0xe60cdbca01d3ab894d3901a1a9a91ad33ee72b0988d1b179c010a186d7405239
2023-03-30 19:53:17,True,1.394e-07,4.451e-10,563875920.0,2.51,0xde...fa58,https://bscscan.com/tx/0x9c3bc6c50bd005b08ee82071295b500dc7c687323b068a10d5e962196c187828
2023-03-30 19:52:50,False,1.388e-07,4.43e-10,875533937.0,3.87921,0x2a...576a,https://bscscan.com/tx/0x74cc93fbfaddc60b11ae02bf7ad84bfd37b9bce062f060dc57a5c1354ba72c4f
2023-03-30 19:52:29,True,1.395e-07,4.455e-10,356858881.0,1.59,0x1b...7f6d,https://bscscan.com/tx/0xa0d33a5ecebccc1a59453269127f70c3bc6ff54859d7cc5b1d5d248fda8ae694
2023-03-30 19:52:14,True,1.394e-07,4.45e-10,604406784.0,2.69,0x08...af7e,https://bscscan.com/tx/0x052908d1ecda828414e75a4ff08f36c331fe2a507d6060cb046b267a34c2c354
2023-03-30 19:51:53,False,1.394e-07,4.429e-10,781814550.0,3.4629,0xde...fa58,https://bscscan.com/tx/0x124f7b0414a4377765eda93707eef70bf41514e712a4b7b1d251a8f78c0a2de9
2023-03-30 19:51:47,False,1.39e-07,4.435e-10,438621727.0,1.9455,0xec...0165,https://bscscan.com/tx/0xa467c768f78028b7a62b29ec5ec40dfcf4f41858c2bc5c152cd7404049d59ca0
2023-03-30 19:51:02,True,1.404e-07,4.457e-10,435196615.0,1.94,0x1b...7f6d,https://bscscan.com/tx/0x750fea169ec87738ed0ca83916043a34fa4e7518489cc2c83e0abd2bd236d850
2023-03-30 19:50:50,False,1.397e-07,4.436e-10,685007608.0,3.03922,0x08...af7e,https://bscscan.com/tx/0x59f056f89f3e013ca7ae191cef3829bb090c4302687fc1da7e3605cb60646281
2023-03-30 19:50:29,False,1.392e-07,4.441e-10,320500065.0,1.42362,0xde...fa58,https://bscscan.com/tx/0xef3e6adee180973279e1223e911fafcb492b8b17fea23e57a97f8061cc136826
2023-03-30 19:50:14,True,1.405e-07,4.46e-10,1107594360.0,4.94,0x2a...576a,https://bscscan.com/tx/0x2bca041c8d90f448cdf14a2dac9a7ccbaca07d185357092d30169adc77c8b1e7
2023-03-30 19:49:38,False,1.397e-07,4.434e-10,453559687.0,2.01132,0x1b...7f6d,https://bscscan.com/tx/0x066f3d0cca7942dc0f6bd51f8e84881cb49eea6765aa63ab5ace0afc2f3bb64c
2023-03-30 19:49:23,True,1.404e-07,4.456e-10,489163419.0,2.18,0x08...af7e,https://bscscan.com/tx/0x07fbb7b69779615f3ff851e1f5bb6addf8b72c00cfa3530b1eb6e79646350f2b
2023-03-30 19:49:05,False,1.397e-07,4.435e-10,776740311.0,3.44546,0xde...fa58,https://bscscan.com/tx/0x0addf1fef1063519f41d982baaeeab4619b2bc7edd6390910405962804f7e20a
2023-03-30 19:48:56,True,1.403e-07,4.455e-10,1247859520.0,5.56,0xec...0165,https://bscscan.com/tx/0xa4bda6c16e7fccac0d79322f771fec282a59f75aabd90d41ae4bad9af0e96c43
2023-03-30 19:48:20,True,1.401e-07,4.446e-10,494742059.0,2.2,0x1b...7f6d,https://bscscan.com/tx/0x5dd2a8f7619c83a4ae4d7fb0e903c0f4f9d4842f42ad897147c696ee8eb357f2
2023-03-30 19:47:59,False,1.387e-07,4.425e-10,702165646.0,3.10751,0x08...af7e,https://bscscan.com/tx/0x990251fc5c9e70a609e23ff3acd87f1d994c902e56bfb241506c5f13401c3ca9
2023-03-30 19:46:41,True,1.393e-07,4.447e-10,676719761.0,3.01,0x08...af7e,https://bscscan.com/tx/0x90b2f53de8a3214b2c43186c9db7452d79cc2199f01b07bf3552cf12919daee8
2023-03-30 19:46:32,False,1.393e-07,4.423e-10,261327072.0,1.15601,0xec...0165,https://bscscan.com/tx/0x50547bc9e2528b7084ebc3f28e3833cfc30f82fa1b15cbc0e97a493865c6c314
2023-03-30 19:45:35,False,1.394e-07,4.426e-10,315853416.0,1.39813,0x2a...576a,https://bscscan.com/tx/0xe8caf976be0290e981a48f36190f4aef37aca434b99a0f9ddfac50b31f85b87d
2023-03-30 19:45:23,False,1.395e-07,4.431e-10,584714971.0,2.59092,0x1b...7f6d,https://bscscan.com/tx/0xa09fd6110ed1e108979852c6bdad2d66312012cc7641c5fab7aa97990d70c687
2023-03-30 19:45:02,True,1.402e-07,4.451e-10,1001981910.0,4.46,0x08...af7e,https://bscscan.com/tx/0x2eb4a8a88796974deed2d26ee39fdecf0fbadbf282b2068df1cd275487a50238
2023-03-30 19:44:47,True,1.399e-07,4.442e-10,648241207.0,2.88,0xde...fa58,https://bscscan.com/tx/0x51b3fd13511c1a7e107ae16b160c4206d65ea8b429162707e0bde90bc3cd20c9
2023-03-30 19:44:41,False,1.392e-07,4.42e-10,600305361.0,2.65357,0xec...0165,https://bscscan.com/tx/0x28dd2314153da86ca5365501ac84f88956e59c6e77b65e97075dec41874a46a9
2023-03-30 19:44:14,True,1.392e-07,4.443e-10,459123416.0,2.04,0x2a...576a,https://bscscan.com/tx/0xa80d4dae9c0b4145f1b8a0204da8d164bd7e9baf2b63dd39da9307cafcd2cdae
2023-03-30 19:43:59,False,1.392e-07,4.42e-10,445774608.0,1.97077,0x1b...7f6d,https://bscscan.com/tx/0x14025a34c394066d3cab3af9a613f7a065c4c610d15e5fea47a1996ba5f69d36
2023-03-30 19:43:38,False,1.387e-07,4.427e-10,938715587.0,4.15662,0x08...af7e,https://bscscan.com/tx/0x7dbb49c01607d69c1c91a682d7dfb008beebde93d84299128c0fa06255ae4deb
2023-03-30 19:43:23,True,1.394e-07,4.449e-10,1036028036.0,4.61,0xde...fa58,https://bscscan.com/tx/0x1d628b1aeb74ab48a05dd1cd7c975bd3a91e9f907155a6e745028a777e800639
2023-03-30 19:43:11,True,1.392e-07,4.441e-10,490777620.0,2.18,0xec...0165,https://bscscan.com/tx/0x95d8dfa5244d0b8154b836368c6d56723f498f854906a6ff9f15965dbeedd757
2023-03-30 19:42:44,False,1.393e-07,4.423e-10,1153485608.0,5.10198,0x2a...576a,https://bscscan.com/tx/0xbd9402c5fca7f56ba0ec3b46ae64193900fb1af5b92b8f622192b9804c4ac6b4
2023-03-30 19:42:41,True,1.401e-07,4.448e-10,424817352.0,1.89,0x08...af7e,https://bscscan.com/tx/0x0f11f1387fe9c39e6c9c6f66a1749a34f77612f5376dacbee4d920929ec376ed
2023-03-30 19:41:47,False,1.386e-07,4.426e-10,284996075.0,1.26141,0xec...0165,https://bscscan.com/tx/0x6366c1295ca9a3f935c433175175f6e49d4a1e6a58ba5e9a071f3adbebb5e7e5
2023-03-30 19:41:11,True,1.393e-07,4.444e-10,1039506875.0,4.62,0x1b...7f6d,https://bscscan.com/tx/0xf3485943895f587be44f9e4941e25346a834b2d05b160770003001a00d2d6334
2023-03-30 19:40:47,False,1.393e-07,4.422e-10,1154261656.0,5.10502,0x08...af7e,https://bscscan.com/tx/0x1fdedf64229b4d5ebe81fadb8607b872dc88f0e437f4c87d4cb1d2eaa39ea2fc
2023-03-30 19:39:56,True,1.393e-07,4.445e-10,1014468220.0,4.51,0x2a...576a,https://bscscan.com/tx/0x60553ef43b27d3d967ad28f0b621c26a364f862e908a401cdee372e710ac8962
2023-03-30 19:39:41,False,1.393e-07,4.423e-10,1004331187.0,4.44259,0x1b...7f6d,https://bscscan.com/tx/0x9a9f69a7b41ee07dc81d77c825798dc060ba28bb62195167635c4e9a5b27908d
2023-03-30 19:39:20,True,1.399e-07,4.447e-10,728580329.0,3.24,0x08...af7e,https://bscscan.com/tx/0x7e60eeb5a7d7df63036892473e49af87c4deb18c1163293ac9232cfee9a12c29
2023-03-30 19:38:56,True,1.396e-07,4.437e-10,1167355411.0,5.18,0xec...0165,https://bscscan.com/tx/0xdc83981d9a6accde2a8f95a05c03d2ff4593f822a8184ef3448e986e829bf918
2023-03-30 19:38:14,False,1.382e-07,4.414e-10,962868028.0,4.25028,0x1b...7f6d,https://bscscan.com/tx/0x20d8388cc545c4089c77641f23421da1cd64f20b396c8f8ace1bc44bdec3ba22
2023-03-30 19:36:56,True,1.397e-07,4.439e-10,367171510.0,1.63,0x2a...576a,https://bscscan.com/tx/0x74b814719b28b5c56917be8aa0a1fc57af7f9759d20a84e0afa828baf27e084d
2023-03-30 19:36:32,False,1.383e-07,4.415e-10,25196366.0,0.1112,0x08...036b,https://bscscan.com/tx/0x62e586d5f86472d0ddb6b0f3c0f22cd01c2c490949a5e06bf121dd009575737b
2023-03-30 19:36:29,True,1.388e-07,4.432e-10,1012948568.0,4.49,0x08...af7e,https://bscscan.com/tx/0xcf59cdc49ab201b4407b86e75996a15d753f5181447a226b3eb87b498d76c5da
2023-03-30 19:35:29,True,1.391e-07,4.42e-10,1429776553.0,6.32,0x1b...7f6d,https://bscscan.com/tx/0xff12f420f408f0ea868eb38e53f1d60a96edc88d2be0c519c0f9bc43e6589e8a
2023-03-30 19:35:14,False,1.384e-07,4.396e-10,1006360890.0,4.42404,0x08...af7e,https://bscscan.com/tx/0xf929e54a717e8b9d7566060064db9051d40349dd5b24fa7571304d6282d2c1a3
2023-03-30 19:34:53,False,1.387e-07,4.406e-10,1069062440.0,4.71079,0xde...fa58,https://bscscan.com/tx/0xf1ee1121c200f209c66f3b796f214a97236f4d268ac0f13bad8336d8d47453ce
2023-03-30 19:34:41,False,1.39e-07,4.416e-10,870609777.0,3.84479,0xec...0165,https://bscscan.com/tx/0x78f55027c66124bf15e4b1bd5ba4548cbe8db0d857bd4ed67669de40abfac481
2023-03-30 19:34:07,False,1.392e-07,4.421e-10,269742101.0,1.19278,0x2a...576a,https://bscscan.com/tx/0x9586fc25ed439b0e86b308b021108bb1c17778b3f4b4136e0f8be33abf2a8498
2023-03-30 19:33:33,True,1.392e-07,4.442e-10,508674965.0,2.26,0x08...af7e,https://bscscan.com/tx/0xb77725d3d92de4df13ba88c7b8ff5830fa95cef9dfb43a1ce5111b9b3bff97fd
2023-03-30 19:33:24,False,1.385e-07,4.421e-10,656358727.0,2.90207,0xde...fa58,https://bscscan.com/tx/0x8fc3e71c9be53da96bab0477525ea5ded05ad959e75bcd8105bccfbdbfb7d27e
2023-03-30 19:33:12,True,1.399e-07,4.442e-10,801276315.0,3.56,0xec...0165,https://bscscan.com/tx/0x2b02b54dc4218e7068656e5a7197bfd01490f8c91689b3900b0d211283563f0d
2023-03-30 19:32:36,True,1.391e-07,4.436e-10,392169133.0,1.74,0x2a...576a,https://bscscan.com/tx/0x57bf53def217840a6385d167107e90346f7eb3bebdeb86b181a4ff01b16f0b0f
2023-03-30 19:32:30,False,1.385e-07,4.416e-10,760833219.0,3.36027,0x1b...7f6d,https://bscscan.com/tx/0x9a00c97744ad88f890241348204899956d6e1cf2577f554536f58fc364586833
2023-03-30 19:32:03,True,1.392e-07,4.44e-10,481968541.0,2.14,0xde...fa58,https://bscscan.com/tx/0x7bc9bf2e50f1628854f913ec7523d14d28d17d5378f227250891f4894d23027a
2023-03-30 19:31:48,False,1.393e-07,4.418e-10,646361660.0,2.85613,0xec...0165,https://bscscan.com/tx/0x3c5c5a324a6f17b321e1f5ac13c905bfeaf3cc29e6e76f01e3f9660616824ba1
2023-03-30 19:30:36,True,1.403e-07,4.441e-10,517832194.0,2.3,0xde...fa58,https://bscscan.com/tx/0x294cba72e5ba7e643736dbf74910a6e89eeae1e26b5daebe0c893799b01772d5
2023-03-30 19:30:24,True,1.402e-07,4.436e-10,432746855.0,1.92,0xec...0165,https://bscscan.com/tx/0x111b34d25420b06d2afdb93673f2bce06995e3cae7d1799e48a8b0bb767d6664
2023-03-30 19:29:42,True,1.4e-07,4.431e-10,566372035.0,2.51,0x1b...7f6d,https://bscscan.com/tx/0xa29d8f427ba887f5ce3e138b06947e73e932feaa7359579a23e6af82eaabc534
2023-03-30 19:29:18,False,1.393e-07,4.408e-10,299838478.0,1.32176,0x08...af7e,https://bscscan.com/tx/0x539a293b92af2001baf16b6bd1897cf394e43eeb77dc0f635bae30a21e16b6ec
2023-03-30 19:28:54,False,1.388e-07,4.414e-10,923202154.0,4.07538,0xec...0165,https://bscscan.com/tx/0x3048611bdb4a61cf2f3c62e9ce050f9334bd094c6007c5c51811ebc7cb842f18
2023-03-30 19:28:18,False,1.391e-07,4.424e-10,1039372033.0,4.59847,0x2a...576a,https://bscscan.com/tx/0x4bc8e63b1e1f7f132246bf8aa839f06fe22760d34e66443e09a9136258efdba1
2023-03-30 19:27:45,False,1.401e-07,4.433e-10,756734662.0,3.35487,0xde...fa58,https://bscscan.com/tx/0xf33cb4a9050b580f083e5ab4bb2ecc7d5ba527935b6e2bc1fffbb0f66c6ce806
2023-03-30 19:27:30,True,1.408e-07,4.456e-10,569949493.0,2.54,0xec...0165,https://bscscan.com/tx/0x488dd9238d4210097c459fee06049db599c44bbff86c632839b9b409546d68a1
2023-03-30 19:26:48,False,1.394e-07,4.434e-10,652989864.0,2.89582,0x1b...7f6d,https://bscscan.com/tx/0x69c88d500354093f7f440aba4416e78caebffbf227b666a5607116ca4397667b
2023-03-30 19:26:42,False,1.397e-07,4.443e-10,1134360215.0,5.04083,0x08...af7e,https://bscscan.com/tx/0x0da9d93310dbdd50f59fbdbdb71e72ddb75b82cef09f9265172c8f5044a78855
2023-03-30 19:26:39,True,1.405e-07,4.468e-10,740814103.0,3.31,0xde...fa58,https://bscscan.com/tx/0x7bbf752a6962ffdf5bd09d55ff74a654c324dcb31708f0a482c0bc5f60d7509d
2023-03-30 19:26:06,False,1.404e-07,4.443e-10,394311967.0,1.75232,0xec...0165,https://bscscan.com/tx/0x2c20b25bd4486c745a1dbd3421511e4b1d1bc395e26f9f7ae536995c9e6cbf6b
2023-03-30 19:25:24,True,1.403e-07,4.461e-10,1299969983.0,5.8,0x1b...7f6d,https://bscscan.com/tx/0x63fee3d83a8a6f1bc770b72f14124cfff950787e4a274e3c59677ad3d1723ef9
2023-03-30 19:24:36,False,1.393e-07,4.432e-10,9144367.0,0.0405,0x80...f539,https://bscscan.com/tx/0x6f131a04437c260e3f120424ee7c3fd94312c5dfe569153fb317048fdca1a99b
2023-03-30 19:23:36,True,1.407e-07,4.455e-10,4048595.0,0.018,0x6c...0f76,https://bscscan.com/tx/0xf2d249915c0a849fb953d12cc7e32129050393cdc5268732c99a0965f9b3b441
2023-03-30 19:23:33,True,1.406e-07,4.449e-10,1040505400.0,4.63,0x08...af7e,https://bscscan.com/tx/0xd0662589271fd6f460d2158e1c630b71a362de9aece84cf7654adf9240d3a43c
2023-03-30 19:23:27,False,1.398e-07,4.424e-10,343481673.0,1.51957,0xde...fa58,https://bscscan.com/tx/0xc7bda008df4b4feaff6e93db3386814f67e112634b4969a5c9d6d8bfca64993e
2023-03-30 19:23:12,False,1.393e-07,4.43e-10,927101597.0,4.10747,0xec...0165,https://bscscan.com/tx/0xbab0bb4ebdbf11bcf3708ec5c125096fad1c5defde49b9612164ee0abaa7860e
2023-03-30 19:22:30,False,1.395e-07,4.436e-10,273316776.0,1.21257,0x1b...7f6d,https://bscscan.com/tx/0x98667d1545c50d2625680947b8b6a7491b4679210e15508fa906ba267235c148
2023-03-30 19:22:27,False,1.395e-07,4.439e-10,270593742.0,1.20124,0x2a...576a,https://bscscan.com/tx/0xf9a9e8ef5c8385168fdd19174b3c9a305f7abece92fb7fb750d6f0ff5dae1ad9
2023-03-30 19:22:15,False,1.397e-07,4.443e-10,585861899.0,2.60334,0x08...af7e,https://bscscan.com/tx/0xbb27b06d68d7070b1cdb0dfe37f06700631c5f9d35ecf11fdce99bd064983b49
2023-03-30 19:21:45,True,1.41e-07,4.466e-10,544097448.0,2.43,0xec...0165,https://bscscan.com/tx/0x632206aad43e07c3cb5cbe51804263a9dc86518cf2412427b9c5a7380fad12e9
2023-03-30 19:21:03,True,1.402e-07,4.46e-10,634516780.0,2.83,0x2a...576a,https://bscscan.com/tx/0x04309a61e551bcfaff3888e39d6264eebc48c8feeca6167aa326aa86bfef81ff
2023-03-30 19:20:42,True,1.399e-07,4.451e-10,1067077820.0,4.75,0x08...af7e,https://bscscan.com/tx/0x9cc92e42f71a7cfd835280600ec1ec7a1c7687e11b124c53c65c313eb1df6c0f
2023-03-30 19:20:39,False,1.391e-07,4.427e-10,719399212.0,3.18508,0xde...fa58,https://bscscan.com/tx/0xecf000891bc4099ba0ac0324e430fe53c30f07e2df5611d5bfa61d40da7015db
2023-03-30 19:20:00,True,1.406e-07,4.452e-10,84266392.0,0.3752,0xee...321a,https://bscscan.com/tx/0x4a866d3ebe4e7cd60a69920ced543f5eba6d427417749bbe370b7df6a4038f4b
2023-03-30 19:19:36,False,1.4e-07,4.432e-10,363193448.0,1.60969,0x2a...576a,https://bscscan.com/tx/0xf0db61ea6b4598b9e358940619812ea3eb1ecf560cd6dc15f08b9cd7c7097a1c
2023-03-30 19:19:12,True,1.399e-07,4.45e-10,1062753280.0,4.73,0xde...fa58,https://bscscan.com/tx/0x3f15a9c16e6e9cd7701546ef8590a0905cbaca00f7ac58c14fa9ecec7962d11e
2023-03-30 19:18:27,False,1.39e-07,4.423e-10,78271774.0,0.3462,0x9c...56c4,https://bscscan.com/tx/0x9b01bbb9935adf39092a09fb1a7d72bd766ec4d880819aa4104f60aa5d9aad54
2023-03-30 19:18:15,False,1.399e-07,4.429e-10,1110634719.0,4.91957,0x1b...7f6d,https://bscscan.com/tx/0x926a6b07ef265b4aca1d9b63fcc987f65787f0900b313cfd537d0b8365bed3c5
2023-03-30 19:17:51,False,1.395e-07,4.437e-10,521013457.0,2.31213,0x08...af7e,https://bscscan.com/tx/0xb60c20ed356586c1dd4e660dbae7fffa540558ba39173831bbaf8daf47260971
2023-03-30 19:16:51,False,1.396e-07,4.442e-10,392147301.0,1.74207,0x1b...7f6d,https://bscscan.com/tx/0x9f688b2ae206a60cadfc13f62a7bf3051f1e7a4eff0098a3ed39abdb3d965729
2023-03-30 19:16:21,False,1.397e-07,4.445e-10,263157603.0,1.16993,0x08...af7e,https://bscscan.com/tx/0xb85f1f6dce143e052679a7668b9739ee97955cc5d86e8caaff6b1fc1904645dc
2023-03-30 19:14:57,True,1.403e-07,4.467e-10,351421084.0,1.57,0xde...fa58,https://bscscan.com/tx/0xcbdb1637bfbc5e083d3e06a8a601c3fbec12c6c93d683813282e01f48d9757f0
2023-03-30 19:13:30,False,1.404e-07,4.447e-10,766834036.0,3.4104,0x08...af7e,https://bscscan.com/tx/0xa8b83b23638fda7ba33f42aa40a5d27b436bcf62a9fb620dbe06ec55484ef351
2023-03-30 19:13:12,False,1.399e-07,4.453e-10,356955369.0,1.58956,0xec...0165,https://bscscan.com/tx/0x7b42ff92401f502cd8b2923bfd0d4bd146d535800e6002fabb414a42adf697e2
2023-03-30 19:12:24,False,1.407e-07,4.457e-10,603957505.0,2.69244,0x2a...576a,https://bscscan.com/tx/0x3323435b76162f6d488eb927fa3c6f7a70a2a60acc6eca80adc4273316a62437
2023-03-30 19:12:06,False,1.402e-07,4.464e-10,747423609.0,3.33717,0xde...fa58,https://bscscan.com/tx/0x0e50d68c8b0cc49c8b3b8df2fcf6f08d4c4361836bb197dbeb6cd4c5d4ec8ee0
2023-03-30 19:11:45,True,1.415e-07,4.485e-10,1130354877.0,5.07,0xec...0165,https://bscscan.com/tx/0xf727f7b14b750a7a8724e94e3303b47c0ee20c61f5552049aeb5f0e97ff2fb11
2023-03-30 19:10:57,True,1.412e-07,4.472e-10,1301192249.0,5.82,0x2a...576a,https://bscscan.com/tx/0x497f2524d76298f26136304bf08818f7a8cffd0cd64c6208b89a3f9b46b39ea2
2023-03-30 19:10:42,False,1.403e-07,4.445e-10,418671498.0,1.86141,0xde...fa58,https://bscscan.com/tx/0x58f47385c12144bed9137b87fbba53b5784bdf72aa0fdab52730c5e453ba5365
2023-03-30 19:10:36,True,1.403e-07,4.466e-10,814999413.0,3.64,0x08...af7e,https://bscscan.com/tx/0x45331094a1d72194bee5d0e6c59ed45d16c82e07ac52c58e0380838672df2625
2023-03-30 19:10:18,False,1.396e-07,4.443e-10,822371347.0,3.65461,0xec...0165,https://bscscan.com/tx/0xafef51b227c38e042b448ddda2e0b97fa3bdfe7517e2be88651cae0fdcdc9b55
2023-03-30 19:09:30,False,1.406e-07,4.453e-10,1058708985.0,4.71503,0x2a...576a,https://bscscan.com/tx/0xa17cdc63436c56007d945c306895485ccf2029303c7074b43e275f890d9591aa
2023-03-30 19:09:09,True,1.412e-07,4.476e-10,942703609.0,4.22,0x08...af7e,https://bscscan.com/tx/0x42dcf124200b5522ee7b422684f4b74f84541be30a412cffb7b6b4996c045cfe
2023-03-30 19:08:54,False,1.398e-07,4.451e-10,404599651.0,1.80103,0xec...0165,https://bscscan.com/tx/0xd4f7af4b30b4464e3a945618f3da8d6733fcf86fc758e27140dab4966b80babe
2023-03-30 19:07:48,True,1.412e-07,4.475e-10,10704204.0,0.0479,0x7c...48ab,https://bscscan.com/tx/0x022b05033e5c7d339ecc634540427d8c726ac2dd7b968bba99db01d5db9a44b3
2023-03-30 19:07:45,False,1.407e-07,4.458e-10,1098197278.0,4.8968,0x08...af7e,https://bscscan.com/tx/0x3e9e6d3923d7b7169c68e0a5c1d91246c214196797f86b636412ee9b3f844bed
2023-03-30 19:06:27,True,1.414e-07,4.484e-10,548602054.0,2.46,0xde...fa58,https://bscscan.com/tx/0xe35a3606c419c915559f9e2626a0b675b1efcabe49fda187af584f2100d591d8
2023-03-30 19:06:18,True,1.405e-07,4.475e-10,1074673483.0,4.81,0x08...af7e,https://bscscan.com/tx/0x56cfa32b8f3b120f45f5a8eaa1914b2a4021e7b4936fac091cea28330c0f9663
2023-03-30 19:05:36,True,1.409e-07,4.468e-10,438672833.0,1.96,0x1b...7f6d,https://bscscan.com/tx/0x62d4c0cb84a2c3ecceb0bdbf6a249e9be2ea474d802389f2db6a6d0bfa1a6954
2023-03-30 19:05:09,True,1.4e-07,4.459e-10,1195156829.0,5.33,0x2a...576a,https://bscscan.com/tx/0x54e38715339c63a81c2f709d0ddc236de24e94e12094738e1c0904160408ca11
2023-03-30 19:05:03,True,1.396e-07,4.449e-10,784344098.0,3.49,0xde...fa58,https://bscscan.com/tx/0x4706c79b2dfaaf020880e92218a76420b7b56aa3f0e7aad71b346964e3c2082e
2023-03-30 19:03:42,False,1.396e-07,4.426e-10,683004829.0,3.02356,0x2a...576a,https://bscscan.com/tx/0x6b1bcaba778b8198ea0645195786b15a64b18aa62e458de348660e8e695a849b
2023-03-30 19:03:36,True,1.404e-07,4.45e-10,440421659.0,1.96,0xde...fa58,https://bscscan.com/tx/0x80dca34e3539316de8364d51c8ca73db8f56129a7214d6d425c90cb48be3c676
2023-03-30 19:03:09,True,1.395e-07,4.443e-10,985814115.0,4.38,0xec...0165,https://bscscan.com/tx/0xcb565277f902e0b3108504001ca2f4a498ea1bb52863fcd9cad29bb71a308f6c
2023-03-30 19:02:33,True,1.4e-07,4.435e-10,446371396.0,1.98,0x1b...7f6d,https://bscscan.com/tx/0x0a2756b93b1af5b6cf59c019c349e16aad5644a149c64e2afb1076b45fbe6fb8
2023-03-30 19:00:48,False,1.392e-07,4.414e-10,646839352.0,2.85555,0x2a...576a,https://bscscan.com/tx/0x9f52e1e3eebb8c29e4c81277e933c4f72d0bae793eec4d8d71967691da2cc397
2023-03-30 18:59:36,False,1.394e-07,4.419e-10,412085298.0,1.8214,0x08...af7e,https://bscscan.com/tx/0xf9a5a3c25ec8013839636960c8f53221f7b2977cf7cf617e5c2275869400572f
2023-03-30 18:59:33,True,1.401e-07,4.442e-10,432235359.0,1.92,0xec...0165,https://bscscan.com/tx/0xafee7eaa0ac92f8fc3c7735f6ee17dedf76d0d3afc6f85a6e9cc343f706b878e
2023-03-30 18:58:18,True,1.399e-07,4.436e-10,563447004.0,2.5,0x1b...7f6d,https://bscscan.com/tx/0x70ccd866bab4e1eb5957ed271653e2768f3bfa6399089e6918203ac57aad353f
2023-03-30 18:58:12,True,1.398e-07,4.433e-10,33282262.0,0.1475,0x08...036b,https://bscscan.com/tx/0x89cdf7b50b46dfea11bd1160ab3935907d74365e1c7abf3eae44789ac43281f5
2023-03-30 18:58:00,False,1.392e-07,4.415e-10,708361374.0,3.12757,0xde...fa58,https://bscscan.com/tx/0xe119e40a04741bde36b39d679d3f03f3eeaf622aad5bb9263e05b22e3ae88682
2023-03-30 18:57:42,False,1.395e-07,4.424e-10,1062322378.0,4.69986,0x08...af7e,https://bscscan.com/tx/0x02e3e6fad0f207b502f780954aec64c6ccbe85915277cbf173daea8e7ccf6f4e
2023-03-30 18:57:27,True,1.396e-07,4.449e-10,442749906.0,1.97,0xec...0165,https://bscscan.com/tx/0xdd0514b8d571f5da273682de06e55016a37ce46e7bed3b52e4a3bce831e0c5a6
2023-03-30 18:56:54,False,1.397e-07,4.429e-10,908675931.0,4.02507,0x1b...7f6d,https://bscscan.com/tx/0x293d257333811b1c45673f6038e490797ea7737102cfc0efc06438c6386e2441
2023-03-30 18:56:00,False,1.399e-07,4.435e-10,323381096.0,1.43446,0xec...0165,https://bscscan.com/tx/0x7589285216c8ab3a2eb5478e87ba882989163435c38ed7481ff13411ebe42ef2
2023-03-30 18:55:27,True,1.398e-07,4.454e-10,1102352600.0,4.91,0x1b...7f6d,https://bscscan.com/tx/0x93b9adb7608fab1e5c28625ae3e97d59ebb7569d182d4a3b16e2f935379d0881
2023-03-30 18:55:06,True,1.395e-07,4.444e-10,697420057.0,3.1,0xde...fa58,https://bscscan.com/tx/0xe626e688d8362dd2019921278c50217a2b2dec4c7c8a97c53cd9ad0582e3d531
2023-03-30 18:54:00,False,1.395e-07,4.424e-10,969693741.0,4.29005,0x1b...7f6d,https://bscscan.com/tx/0x988d6d531443c5828efab92824e65ae3786766d369bf7fffea54f81fea5065dd
2023-03-30 18:53:42,False,1.397e-07,4.43e-10,316180254.0,1.40087,0xde...fa58,https://bscscan.com/tx/0xdc0d34b62b04e8081507748715948d2a80317d2293251a806cdcf3d9d4c840fd
2023-03-30 18:53:12,False,1.398e-07,4.433e-10,294956301.0,1.30775,0xec...0165,https://bscscan.com/tx/0xf8df933cd8638c8d773a9737c290526bc7cf5398b6c8a5974647d9f469f04a25
2023-03-30 18:52:15,True,1.398e-07,4.454e-10,532016705.0,2.37,0x2a...576a,https://bscscan.com/tx/0x69985b37f8b33a1ca0bbccbc092dab2d1214151dc5bc224dde4813cfeb34fd5f
2023-03-30 18:52:03,True,1.403e-07,4.447e-10,861128311.0,3.83,0x08...af7e,https://bscscan.com/tx/0xa7bdd9f40a2dca1d283f1650c76dc659aa6d20d0c6c4ac8e05b34007a8860b94
2023-03-30 18:51:45,False,1.389e-07,4.424e-10,754321784.0,3.3378,0xec...0165,https://bscscan.com/tx/0xc8b7549b5d37cffdaa71af38b5eacf8e7cb018f2e3bcdb27114cd1e68cb811a7
2023-03-30 18:51:12,True,1.402e-07,4.445e-10,1129312079.0,5.02,0x1b...7f6d,https://bscscan.com/tx/0x3babe1754d6d964026328044017c1a018eb41ef74455ac420e7a06cdb13340d2
2023-03-30 18:50:48,False,1.387e-07,4.418e-10,316817614.0,1.39998,0xde...fa58,https://bscscan.com/tx/0xa17cb5c89c83b4bff3d5c203fb956cb82c21fabbdd55baa55eefe50e93a20b59
2023-03-30 18:50:42,True,1.392e-07,4.435e-10,1363920652.0,6.05,0x2a...576a,https://bscscan.com/tx/0x0b7890ed71f3a3643ff463c296c38c40cc622a0a1fcfc3baa21f44d8901bb547
2023-03-30 18:50:18,False,1.39e-07,4.408e-10,335929094.0,1.48092,0xec...0165,https://bscscan.com/tx/0x03e0b7d959fe1e43bac28ef1ddc926e050ac2369c7723a8685a3333cda5fab89
2023-03-30 18:49:42,False,1.392e-07,4.415e-10,1064169538.0,4.6988,0x1b...7f6d,https://bscscan.com/tx/0x8dab4e28a7f50d5ecd22f17ba864736bb3e276ae28537808f8c65da541b2665f
2023-03-30 18:49:39,False,1.396e-07,4.426e-10,1194463039.0,5.2877,0xde...fa58,https://bscscan.com/tx/0x6214f08f80fc03119c1f0ab012c5dc1ab7362d7b32bb20bdd0386ee011b3a2fb
2023-03-30 18:49:03,False,1.398e-07,4.435e-10,600922063.0,2.66564,0x08...af7e,https://bscscan.com/tx/0x2570863cee699dcfdcadc8f459b1b24ca14ad9f01fe0c9cdf166395a65e4c3d1
2023-03-30 18:48:18,False,1.393e-07,4.44e-10,390868307.0,1.73582,0x1b...7f6d,https://bscscan.com/tx/0x51a6086963dbe5b0ea429eac23edc5a251aa8dcebee3c3da12255617fc9ec9ff
2023-03-30 18:48:00,True,1.406e-07,4.46e-10,932640957.0,4.16,0xde...fa58,https://bscscan.com/tx/0x95f6be4d04adc0698dae68f19df23fe53e7c9d5e2095e69d4be6c6ab4af68601
2023-03-30 18:47:48,False,1.4e-07,4.436e-10,630533031.0,2.79745,0x2a...576a,https://bscscan.com/tx/0x1fb32183f20cd5fad7a50382827fcfa4ce6586ed1aa2404649d1e3aefdb0deee
2023-03-30 18:47:42,True,1.406e-07,4.455e-10,1205127325.0,5.37,0x08...af7e,https://bscscan.com/tx/0x1e406e7b251271ca0a6b193946b76c67ac9864b55dac42bf86ccd6d51ff3f07d
2023-03-30 18:47:30,True,1.395e-07,4.447e-10,528429958.0,2.35,0xec...0165,https://bscscan.com/tx/0x648ffe8070c1f0869e973b6c6a687dbc91c2326a31ec3ff551ccd9afdf7b8f41
2023-03-30 18:46:54,False,1.396e-07,4.427e-10,1034738916.0,4.58129,0xde...fa58,https://bscscan.com/tx/0xd0a734a6d2fce9e0324091d2e06e056907f8af624167705f474f214bc94355b9
2023-03-30 18:46:45,False,1.392e-07,4.435e-10,554008248.0,2.45731,0x08...af7e,https://bscscan.com/tx/0xe192c8275788156eb633ec025cba84ce4b93afdb6af96f3768292e6336bc48e1
2023-03-30 18:46:45,True,1.398e-07,4.454e-10,1171818816.0,5.22,0xec...0165,https://bscscan.com/tx/0x97388253f697dbc04e8b119aaefa5a9cc89861e2d88373f8f9cc9e6247d56e49
2023-03-30 18:45:27,True,1.395e-07,4.446e-10,357557948.0,1.59,0x1b...7f6d,https://bscscan.com/tx/0x0708125aadf34422692917a90a21c69bc737b8c1287ae3baa79dada4e95b46bf
2023-03-30 18:45:09,True,1.393e-07,4.44e-10,961683612.0,4.27,0xde...fa58,https://bscscan.com/tx/0xaa370f38c2e7fb457dae7c7f19c2c7716500ad943ff808f29ca67289c2f5ba75
2023-03-30 18:44:48,False,1.386e-07,4.417e-10,892343506.0,3.94202,0x08...af7e,https://bscscan.com/tx/0xd8de0b8f0323fd7ad8e8c9295537f1c08998b27a32cb8b1f065edfaa2b37a65e
2023-03-30 18:44:06,True,1.393e-07,4.44e-10,686813329.0,3.05,0x1b...7f6d,https://bscscan.com/tx/0x66e07060f504ee6eb06983c290e42c2e2ee1b1195bff62e9e7e5f1bf96c8308e
2023-03-30 18:43:57,False,1.386e-07,4.417e-10,560679037.0,2.47707,0xde...fa58,https://bscscan.com/tx/0xc1d4fa147fccb2053269ad2e201d74c4bd65a17ae2ac3e078b3e44ca9ace380a
2023-03-30 18:43:27,False,1.388e-07,4.424e-10,670937529.0,2.96836,0x2a...576a,https://bscscan.com/tx/0xc6fbcde1b9518a5db2a6f38a08a3b2bd5fd839514537b1894ca34fab0c045f3f
2023-03-30 18:43:21,True,1.395e-07,4.445e-10,773753760.0,3.44,0x08...af7e,https://bscscan.com/tx/0x3f3ac70f22f7150f74dedb89e3c196fea1466bd1ccecdf734661a9d8dadac13a
2023-03-30 18:42:03,True,1.392e-07,4.435e-10,1248986875.0,5.54,0x2a...576a,https://bscscan.com/tx/0x563a41d54fff05da9d8e7e00488b649230bd7287e5cd5efe6605ef97a4ec2f59
2023-03-30 18:41:54,False,1.385e-07,4.412e-10,1109092204.0,4.89414,0x08...af7e,https://bscscan.com/tx/0x99fb77f6510eb12f0119d807687ca764770cf82af9ed5ac8ce77e011f6ebd260
2023-03-30 18:41:27,False,1.387e-07,4.42e-10,343844108.0,1.51981,0xec...0165,https://bscscan.com/tx/0x42f9be611ec63ea54f831ab28c8b6f535a8fd576756fd6fefd9aa628ff5ffa75
2023-03-30 18:39:27,True,1.393e-07,4.439e-10,813093045.0,3.61,0xde...fa58,https://bscscan.com/tx/0x132b9a92baf29af71b2b4dc2caf9ca1aba36beb2a5c92279db552ee952660ce5
2023-03-30 18:39:09,False,1.392e-07,4.415e-10,427821260.0,1.88914,0x2a...576a,https://bscscan.com/tx/0x7520aa99219fab99b9732227a0574691b45115d5ca051e070b06d2754a923fce
2023-03-30 18:39:03,True,1.4e-07,4.438e-10,353743057.0,1.57,0x08...af7e,https://bscscan.com/tx/0x6974b517652f3ad45db0697d20c1ad57ebe598354f31a5dd130681ffe25ba13e
2023-03-30 18:38:03,False,1.386e-07,4.417e-10,581796349.0,2.56993,0xde...fa58,https://bscscan.com/tx/0xfccf26a37f6a976af6c5a83dcf490d059fda7e9693ee3300e5bdb07f2a3b1d80
2023-03-30 18:37:42,False,1.395e-07,4.424e-10,825449892.0,3.65206,0x2a...576a,https://bscscan.com/tx/0x56cfc8eaa85d72f300d9be82b95863da725d53ffae3d324b6c64771735323aea
2023-03-30 18:37:33,True,1.402e-07,4.445e-10,935682560.0,4.16,0x08...af7e,https://bscscan.com/tx/0x41145468b25bccffab69a83177ff127410fc264e08cb09b31eb0194011c23243
2023-03-30 18:36:39,False,1.394e-07,4.42e-10,349071226.0,1.54317,0xde...fa58,https://bscscan.com/tx/0x534a8324e4bcd3a576bc1775bdd156c651b95be09850fe0e447a9610dbc2d7d0
2023-03-30 18:36:15,True,1.4e-07,4.441e-10,619147108.0,2.75,0x2a...576a,https://bscscan.com/tx/0xbc3bf738b3685a0938d0e7cd25bf19ba51e7c04e8650c6c696fa8b6698c4f835
2023-03-30 18:36:00,False,1.386e-07,4.418e-10,362748646.0,1.60267,0xec...0165,https://bscscan.com/tx/0x8c17ec3a40f0bd62760ccf0c34a604e033fb969c14c5e7ebc8ffdcc12230f018
2023-03-30 18:35:30,False,1.395e-07,4.424e-10,869100384.0,3.84519,0x1b...7f6d,https://bscscan.com/tx/0x5fdd671851c870277bead5cc16aebdd6f6e79383cb53bf53eecb97046efe79a4
2023-03-30 18:35:12,True,1.402e-07,4.446e-10,816320189.0,3.63,0xde...fa58,https://bscscan.com/tx/0xb25fa05f94fdc694d6f3dd405dea6d8a05f410e47c9e18aac8d30d42d752607a
2023-03-30 18:34:42,False,1.388e-07,4.425e-10,1033391763.0,4.57346,0x08...af7e,https://bscscan.com/tx/0x81d6fc0a4cc8626225201ac54f2b4e33d0e74e0d1a835fd053ba8b02b4ed3e0b
2023-03-30 18:34:03,False,1.398e-07,4.433e-10,518778184.0,2.30001,0x1b...7f6d,https://bscscan.com/tx/0xf92a50dd611995e59c6066af9550719c06cdb3f8c1592f083bff86c40626a75d
2023-03-30 18:33:48,True,1.405e-07,4.456e-10,433105227.0,1.93,0xde...fa58,https://bscscan.com/tx/0x77f3f04ad365a5d384dfb922f1f0b7f5a43d45458afc7b8dbb5882d2cbe247db
2023-03-30 18:33:24,True,1.396e-07,4.45e-10,705556287.0,3.14,0x2a...576a,https://bscscan.com/tx/0xd440472dedc24d1907bdc2244c60469c902d64994ba2b7cc41df7fe319c312af
2023-03-30 18:33:09,False,1.397e-07,4.43e-10,1108095574.0,4.90909,0xec...0165,https://bscscan.com/tx/0x0d271526af33e1df5e404a3c21a2cea2e6f2b6a34b31eca9fdebf3163e9e4283
2023-03-30 18:31:51,True,1.405e-07,4.455e-10,520715881.0,2.32,0x08...af7e,https://bscscan.com/tx/0xcc5dea24aa4266763c2258912adcef3c9bf78ca8eb7475873f38aaca85f58f6b
2023-03-30 18:31:42,True,1.395e-07,4.446e-10,1272976980.0,5.66,0xec...0165,https://bscscan.com/tx/0x36608ac73f3f283192406ea252c1238c2fdce7ce7239f53f3321d5d3bf6df5e3
2023-03-30 18:31:27,True,1.393e-07,4.439e-10,1352646.0,0.006,0xeb...fd86,https://bscscan.com/tx/0x984023c85453eaf82c96e9182fb460aa9cbeed912ca98a469bd18b908d6ab870
2023-03-30 18:31:12,True,1.392e-07,4.436e-10,576983212.0,2.56,0x1b...7f6d,https://bscscan.com/tx/0x954fc885cc56f9350b94d3097b224c06f76235e755d147c69f5652e3232b69aa
2023-03-30 18:30:57,False,1.392e-07,4.414e-10,544484344.0,2.40365,0xde...fa58,https://bscscan.com/tx/0x9598d2e63854400c19ea99ae333a1d9ccfbd51df6d9edee883f3c83ea8a51c4b
2023-03-30 18:29:48,False,1.393e-07,4.42e-10,554721671.0,2.45192,0x1b...7f6d,https://bscscan.com/tx/0x3ce72d06488e0d09128957197d83adaa28dd3820c803e866c747057a83dfcd8d
2023-03-30 18:29:33,False,1.395e-07,4.424e-10,400009230.0,1.77,0xde...fa58,https://bscscan.com/tx/0x89dc894da87b0aa7dee14b3f7699c215bcb879e5794265f96c9578ba90dfadeb
2023-03-30 18:29:06,False,1.389e-07,4.429e-10,540958732.0,2.39626,0x08...af7e,https://bscscan.com/tx/0xf0468392ef1dd16bb5b9fd998c044f89b4eab5ec5a59dab22baed351cad140a8
2023-03-30 18:28:21,True,1.403e-07,4.452e-10,494148143.0,2.2,0xde...fa58,https://bscscan.com/tx/0x7263d3a7a422731f99203a740cabc797901db0c616d1974fc29c4d7dcdecd4e6
2023-03-30 18:27:36,False,1.396e-07,4.429e-10,378636663.0,1.67709,0x2a...576a,https://bscscan.com/tx/0xc19f2705215e717c7444f9dd78ae9dec07b5c835dfa467911a7cb31a597cfc07
2023-03-30 18:27:33,True,1.394e-07,4.446e-10,1380890561.0,6.14,0x08...af7e,https://bscscan.com/tx/0xe08da0d4bd84cdbd2da1e98a14c505fa2cdf1d90556193115936b059a60c6119
2023-03-30 18:27:24,False,1.387e-07,4.423e-10,1238959603.0,5.48052,0xec...0165,https://bscscan.com/tx/0x057640b2534259b54ff29298a327892bfbd98f31dbfcf6ffeb557243f211934d
2023-03-30 18:26:57,True,1.401e-07,4.444e-10,1410643287.0,6.27,0x1b...7f6d,https://bscscan.com/tx/0x9441cb93c875c0b846b7c976e85d488853681c0404aaa015f6f76dc010d838ea
2023-03-30 18:26:06,False,1.392e-07,4.417e-10,437051408.0,1.93075,0x08...af7e,https://bscscan.com/tx/0x0bc1e6c0d4a0adce198a052ac0ae16a38cb22994e554ac396eebbda739181f15
2023-03-30 18:25:15,False,1.388e-07,4.425e-10,1176008970.0,5.20479,0xde...fa58,https://bscscan.com/tx/0x679d6cc498b40777866b9425b13e96c5786bdf642715c215bb7dc20c8c68ac70
2023-03-30 18:24:03,False,1.391e-07,4.433e-10,296401375.0,1.31402,0x1b...7f6d,https://bscscan.com/tx/0x6690eae77bfe1c4b43597d8501247caf2824a468d8533c6e1cc609c76187ec00
2023-03-30 18:23:18,False,1.393e-07,4.438e-10,664888829.0,2.95085,0x2a...576a,https://bscscan.com/tx/0x1b2f0f1463240599537c4d76b8d5b55c9e6b2da015406712e8b0be4133a8b375
2023-03-30 18:23:15,True,1.4e-07,4.461e-10,502106575.0,2.24,0x08...af7e,https://bscscan.com/tx/0x67fdd1d4ea46312d3a2d6fe8165455937f859f521ac95714aa35d0b8c07fd2a7
2023-03-30 18:22:36,True,1.405e-07,4.455e-10,684601423.0,3.05,0x1b...7f6d,https://bscscan.com/tx/0x2b4f5a31b689c6a12ef5b8c43c9ebf41c11e49ee6c75e90733d04c834084c836
2023-03-30 18:21:51,False,1.398e-07,4.433e-10,884968856.0,3.92388,0x2a...576a,https://bscscan.com/tx/0x3afd56b489e74dd667deb0cf2fd6eaaaaf28d877bd35af734ba12749bc50c68f
2023-03-30 18:21:42,True,1.405e-07,4.456e-10,854969659.0,3.81,0xec...0165,https://bscscan.com/tx/0x32e120335382dca0a0ffd0bd8aab91194897626e59519498f675da147f79d0aa
2023-03-30 18:20:21,False,1.398e-07,4.432e-10,560321555.0,2.48365,0x08...af7e,https://bscscan.com/tx/0x88f6cdb733d3eed78f8c1d683785f2afdb0e085ca8f0f2bab0794d17611e93f6
2023-03-30 18:20:15,True,1.404e-07,4.453e-10,855549709.0,3.81,0xec...0165,https://bscscan.com/tx/0x0f64cbabf3794fe7472a52356c0d1e5ca70c22f37ccfe26de0dfe0e4fbda9a3a
2023-03-30 18:18:57,False,1.39e-07,4.43e-10,751199365.0,3.3282,0x08...af7e,https://bscscan.com/tx/0x6a202fdaf038a44258da6aec5ae907c51fd88a13f993fba8514772d7f65a0d6e
2023-03-30 18:18:54,True,1.397e-07,4.451e-10,898477421.0,4.0,0x2a...576a,https://bscscan.com/tx/0x18ee342046959a70939b1f29b6c00b12525350290e262099ebb262fd66d9a632
2023-03-30 18:18:18,False,1.396e-07,4.426e-10,270137499.0,1.19578,0x1b...7f6d,https://bscscan.com/tx/0x6ccd93f4d5f334cd2fd140b0f01e9495fd04f69a7aa4b985522c9ebebaf7c48d
2023-03-30 18:18:12,True,1.403e-07,4.447e-10,505893842.0,2.25,0xde...fa58,https://bscscan.com/tx/0x83fde7ba469a4ccf8095bb7ba16e7dace4f1053ae4c07c84c78a0bf867e72ea9
2023-03-30 18:17:27,False,1.395e-07,4.424e-10,343563641.0,1.52011,0x2a...576a,https://bscscan.com/tx/0xe8f7f7c0fe1c8e7818b8b9ef0498d77420ba99ca7daf41e8da919db2d2b3b8fd
2023-03-30 18:17:21,False,1.397e-07,4.429e-10,583087262.0,2.58262,0xec...0165,https://bscscan.com/tx/0x1afcded52663bfa9254d71813c1877448f2df3589ca6695e11e3684a41fa57cd
2023-03-30 18:17:06,True,1.396e-07,4.448e-10,1162192297.0,5.17,0xde...fa58,https://bscscan.com/tx/0x286d732e9695cc55beae1347dc5832bf49c203283b480b903c8662404df53a09
2023-03-30 18:11:21,True,1.401e-07,4.441e-10,235038313.0,1.0439,0x1c...96f0,https://bscscan.com/tx/0x362151e5a9aa5ca6db5207e17d60c3d5626bd28f5aebd652207aef18a82a6668
2023-03-30 18:04:45,True,1.406e-07,4.44e-10,5000000.0,0.0222,0x24...99cb,https://bscscan.com/tx/0x2664d7f21390e3836e775a06d53f22ef2ef3cbaa037f49f02d27b395e321eca8
2023-03-30 17:51:27,False,1.399e-07,4.418e-10,10507957.0,0.0464,0x75...b3f3,https://bscscan.com/tx/0x6e42c7c017fb2a1b8d9b6c2414f5b9c46a5c66bdf94bf6f682d9fe3689174a55
2023-03-30 17:45:27,True,1.4e-07,4.44e-10,10810314.0,0.048,0x2c...16c1,https://bscscan.com/tx/0xf019aa81d2cb3925ad5888f59b302f47af854375b0fa798c151c264db6a20d63
2023-03-30 17:44:45,True,1.404e-07,4.432e-10,1517629974.0,6.72683,0xa2...1158,https://bscscan.com/tx/0xea79b723e81aab9139cc6a0ddf83f0a7b72a1d4f249e577c1d647351baac0392
2023-03-30 17:37:12,True,1.401e-07,4.424e-10,451999.0,0.002,0xd4...a4d9,https://bscscan.com/tx/0xb45f9254276786e2006882d175fceb81b76e6ead6cdfbf7a15f6c74142bc8ae3
2023-03-30 17:32:30,True,1.394e-07,4.422e-10,450842657.0,1.99386,0xa8...2a6c,https://bscscan.com/tx/0x74a68ef838104d62127f64a04d9c96ec819033879917ae67324c6ae1cd01e2f1
2023-03-30 17:23:01,True,1.394e-07,4.42e-10,2000000.0,0.0088,0x85...5514,https://bscscan.com/tx/0xd37fd222d6a8ad26997b479ecc98509f090e727dc7d6150c8b336f8ad5c70088
2023-03-30 17:18:34,False,1.394e-07,4.398e-10,7571047.0,0.0333,0x65...46bd,https://bscscan.com/tx/0xc9a4d7945e437a637a609a15e721b826c40f91c46281a0ae078ca9457ff572cb
2023-03-30 17:12:55,False,1.395e-07,4.402e-10,870183054.0,3.83106,0xf4...a0fc,https://bscscan.com/tx/0xffdaaae865c3b484b9b4f85c903b5d9dd38bfea3f58315bc60670071b1926b3a
2023-03-30 16:55:28,True,1.401e-07,4.422e-10,1345465500.0,5.95,0x2a...576a,https://bscscan.com/tx/0x157f13d5f412fdfa3e3c37607f0f8a6ddf86a66848a8b12150add92dbb1644a0
2023-03-30 16:55:25,False,1.393e-07,4.397e-10,813193784.0,3.57603,0xde...fa58,https://bscscan.com/tx/0xfc7fb104cca001ad50cfd4f52be135c8aef6c432e1426e4802275c4e88087899
2023-03-30 16:55:01,True,1.399e-07,4.416e-10,1467303316.0,6.48,0x08...af7e,https://bscscan.com/tx/0x766e94d966fef51d49098c562cf67bb1a44a9a93149203b72c11dbe8d1064dca
2023-03-30 16:54:40,False,1.384e-07,4.389e-10,551840776.0,2.42238,0x2a...576a,https://bscscan.com/tx/0x9126aa31158421621f339a6643fe4b4ec2649fde2695da6b4e0fdd8bfb418f04
2023-03-30 16:54:31,True,1.391e-07,4.411e-10,500917143.0,2.21,0xde...fa58,https://bscscan.com/tx/0x002a2ff9798b3e8af76659d7b06a763e501c16e856c3703cf7800dd0e4428601
2023-03-30 16:54:22,False,1.384e-07,4.388e-10,276088135.0,1.21168,0xec...0165,https://bscscan.com/tx/0x90433c9fb09da24a2f00fe87f877abd8e37039aee88d7193b3093adacd358c19
2023-03-30 16:53:43,True,1.397e-07,4.409e-10,562443369.0,2.48,0x2a...576a,https://bscscan.com/tx/0x299c1a7ba5d3b9386f2f045f4784e486a8da0f49c412fa993de7e191836ca5b3
2023-03-30 16:53:40,False,1.39e-07,4.386e-10,424670299.0,1.86287,0xde...fa58,https://bscscan.com/tx/0x7362e9771e21d80333818b188b804e61e8fe6d85bd1fb9c60877876682211e28
2023-03-30 16:53:19,False,1.385e-07,4.394e-10,1059149964.0,4.65394,0x08...af7e,https://bscscan.com/tx/0xeac4f8c6bcf408cb2159fd3b78a24162d177a94a005e0e819f1599638cfc5a16
2023-03-30 16:53:04,False,1.396e-07,4.404e-10,1043737837.0,4.5972,0x1b...7f6d,https://bscscan.com/tx/0xb3d821421af5ce529413f1b7c3e88344a9d4f0eb7845ba117d929cef27c741ba
2023-03-30 16:52:52,False,1.398e-07,4.411e-10,435335872.0,1.92069,0x2a...576a,https://bscscan.com/tx/0x5e01bfc64a141ba7344e1fb85741be0e2db748d08cb4526286356533f9a4115a
2023-03-30 16:52:40,True,1.397e-07,4.432e-10,787398323.0,3.49,0xec...0165,https://bscscan.com/tx/0x000342bc9341310a54353ac971bc554a51d173664b6f94eafcef41f5672bbc44
2023-03-30 16:52:19,False,1.397e-07,4.408e-10,549480307.0,2.42265,0x1b...7f6d,https://bscscan.com/tx/0x96e97071ac5eacf3a0d107530a42085e6110e598097d0ffa3f09a6936ccf2a0a
2023-03-30 16:51:58,False,1.392e-07,4.415e-10,783141984.0,3.45811,0xde...fa58,https://bscscan.com/tx/0x697c9e3625a81c27c345db86cf357ded0f35bafa0d3b7327315e571a32777aa7
2023-03-30 16:51:40,False,1.401e-07,4.421e-10,391836767.0,1.73255,0x08...af7e,https://bscscan.com/tx/0x6bdfe817c27a46a90306bdf516cddcff3afd054758a0891d5af74f6107524d32
2023-03-30 16:51:07,False,1.395e-07,4.425e-10,283056518.0,1.25253,0x2a...576a,https://bscscan.com/tx/0x19af44e0fab438130b366d1aead3677dd258cf821cdfea46b8f363351026bdfa
2023-03-30 16:50:34,True,1.408e-07,4.444e-10,895571579.0,3.98,0x1b...7f6d,https://bscscan.com/tx/0xfeea85770e2293d2b13a58d7071fdcea98eb8672e837458d076a7b143c226eb5
2023-03-30 16:50:19,True,1.398e-07,4.433e-10,1166086187.0,5.17,0xde...fa58,https://bscscan.com/tx/0xfcb13cfb4662ddbaf3ab927c63c344c5f5f7d72e41e9bad973641d679429db0d
2023-03-30 16:50:16,False,1.39e-07,4.41e-10,869897501.0,3.83625,0x2a...576a,https://bscscan.com/tx/0x0760d4e4e452be9ab861919b2fd7e1c948b8969fbefd42e4801f3d4744ae6faf
2023-03-30 16:49:58,True,1.397e-07,4.429e-10,1408772441.0,6.24,0x08...af7e,https://bscscan.com/tx/0xaddf3ad463f5ce973ddfed09ed308e08d41af677795140a72804a3c9f11054b8
2023-03-30 16:49:42,False,1.395e-07,4.403e-10,680233287.0,2.99548,0x1b...7f6d,https://bscscan.com/tx/0x6cc1e7da37d4840d06a2742d8313ce5373848ea223295a301b68ca63260533dc
2023-03-30 16:49:25,True,1.395e-07,4.423e-10,1080550330.0,4.78,0x2a...576a,https://bscscan.com/tx/0x350a0dc8a657eecb747b484feb0c6a45723bd1225523c00e1d6a5b5e24518cbf
2023-03-30 16:48:53,True,1.398e-07,4.412e-10,1217106577.0,5.37,0x1b...7f6d,https://bscscan.com/tx/0xadf614af341cfe023558e828fbca6ab4f446a426d8429e570e7662cee5217bfe
2023-03-30 16:48:36,False,1.39e-07,4.385e-10,242870436.0,1.06504,0xde...fa58,https://bscscan.com/tx/0x03e602e54fbf47b04fd584d26c39941abd8b3b361b597f896f9a92d919018ee5
2023-03-30 16:48:30,True,1.397e-07,4.406e-10,365361467.0,1.61,0x2a...576a,https://bscscan.com/tx/0xf00adc9992b8c2a12c704e32630ec0a05d4509e66f6a731fe2dc8abf81907e40
2023-03-30 16:48:21,False,1.391e-07,4.388e-10,1129310383.0,4.95587,0xec...0165,https://bscscan.com/tx/0xa2edb150f52ad7837a682e6f64ac7766d6791149c9cc3aa9cc0e3bfda6b1d36e
2023-03-30 16:48:00,True,1.392e-07,4.414e-10,403257878.0,1.78,0x1b...7f6d,https://bscscan.com/tx/0x1ba85e6b459cae26f08b640b8447dea698abc7f1217a1000a6f42296128b8993
2023-03-30 16:47:45,False,1.393e-07,4.395e-10,1135079242.0,4.98943,0xde...fa58,https://bscscan.com/tx/0xf3531d387ac23e3cd827564cad249248a0385936a0018a87cd02d15fdef5d323
2023-03-30 16:47:29,False,1.396e-07,4.405e-10,746220184.0,3.28716,0x08...af7e,https://bscscan.com/tx/0xbed4af6fdbffc130cb7ecd4b30f3b4aaa9a239cf329aa0e8f4274c4b83effe83
2023-03-30 16:47:11,False,1.398e-07,4.411e-10,581494821.0,2.5654,0x1b...7f6d,https://bscscan.com/tx/0x63907ab09c17fca944d4aab7cbfa2d6c80c9615476f4952305e9e09439e8ed38
2023-03-30 16:46:46,False,1.4e-07,4.416e-10,385640900.0,1.70322,0x2a...576a,https://bscscan.com/tx/0x2bb5f19ae6f9fc30caffc2e950b10aa297227ad5da4b3e8448d81e0b31e62602
2023-03-30 16:46:36,False,1.394e-07,4.421e-10,610860384.0,2.70099,0x08...af7e,https://bscscan.com/tx/0x029d1604cfba440c38d5d5b3d15bef28d2a2b80071965a526cb0c4dc19549508
2023-03-30 16:46:19,False,1.404e-07,4.43e-10,1214351964.0,5.3806,0x1b...7f6d,https://bscscan.com/tx/0x2847a75535e10049bf473f95de41e91aa342e81ed3836c8b8b71140b42f4580a
2023-03-30 16:46:01,True,1.412e-07,4.454e-10,852994473.0,3.8,0xde...fa58,https://bscscan.com/tx/0xb3d308397122fffec0b0530f1bc6217248406552f5c7a2897ec336926f40eaa3
2023-03-30 16:45:49,True,1.409e-07,4.447e-10,550840687.0,2.45,0x08...af7e,https://bscscan.com/tx/0x8078692ad291cb02e599fef5f1d4e665799beb0ef5df05c557b37446552e1337
2023-03-30 16:45:43,False,1.395e-07,4.424e-10,416076677.0,1.84108,0xec...0165,https://bscscan.com/tx/0x36143c4f6a60f50e6bc917941a5e9bdbcb2516cdd83cc5d8338ad945d5046e42
2023-03-30 16:45:29,True,1.401e-07,4.443e-10,1039631986.0,4.62,0x1b...7f6d,https://bscscan.com/tx/0x1650fa48026d77fedfa4f0325fc559a24f0fe2a679a7b325eb86d263b8b575fb
2023-03-30 16:45:11,True,1.405e-07,4.432e-10,1150520502.0,5.1,0xde...fa58,https://bscscan.com/tx/0xc29845daf011b31f327a0634b26cef0888bfd0a362f8ce05043b659b7944d954
2023-03-30 16:45:05,True,1.403e-07,4.426e-10,24354547.0,0.1078,0xd5...c28e,https://bscscan.com/tx/0x77ee0c0d5546e053c91917d687899bb1f59b6098c04c5dd2abf870f1be9b4039
2023-03-30 16:45:05,False,1.397e-07,4.408e-10,795824113.0,3.50848,0x2a...576a,https://bscscan.com/tx/0x00b2298b6d2a4d787985c1672c3da1be99b8c3685de57385d4f85bcdef85b88b
2023-03-30 16:44:53,True,1.396e-07,4.428e-10,1201264692.0,5.32,0xec...0165,https://bscscan.com/tx/0xb653f6ba3195736c49829a7623ea52a8ba5bc7b4f835da2c1e3f8e2fd6a1a55f
2023-03-30 16:44:37,False,1.396e-07,4.404e-10,838327861.0,3.69261,0x1b...7f6d,https://bscscan.com/tx/0x120c20c549ffd09ceb38cbb74e781d8558b803762d2a061885e2680821976605
2023-03-30 16:44:12,True,1.396e-07,4.428e-10,471925500.0,2.09,0x2a...576a,https://bscscan.com/tx/0x3ec0e139ba85d92a1d389122fa4ef3b33011450003ef87f81d90662c87323c73
2023-03-30 16:44:12,False,1.389e-07,4.405e-10,346970556.0,1.52873,0xec...0165,https://bscscan.com/tx/0x7b13678d8238ed0b230f19b13f6c06695aaf482d3cd31cb6536e4a7316e8b0b8
2023-03-30 16:44:06,True,1.396e-07,4.427e-10,442683586.0,1.96,0x08...af7e,https://bscscan.com/tx/0xe2a2172352a2d674cda3a6799a85d868cc797f41499588dbbcc49359acb25f6e
2023-03-30 16:43:57,False,1.389e-07,4.404e-10,285417462.0,1.25716,0x1b...7f6d,https://bscscan.com/tx/0x49b330945efdfea993435269041402fed13e642c0cbe779b4e92d72e0060ad27
2023-03-30 16:43:32,True,1.402e-07,4.425e-10,573974639.0,2.54,0xec...0165,https://bscscan.com/tx/0xeec908c27f20900b3685951761bb272681c46962d500e9ceeb7f5f55fa3b7d80
2023-03-30 16:43:29,False,1.396e-07,4.406e-10,1203247214.0,5.30192,0xde...fa58,https://bscscan.com/tx/0x663a107d8f255e781bc628cfba3d4ebc080d59a71b297e34d2249c06a32fa34a
2023-03-30 16:43:14,False,1.393e-07,4.418e-10,1160713111.0,5.12829,0x08...af7e,https://bscscan.com/tx/0x6a379a72aa0f71b5b4b7df7687e2e744d8d982a38ab02c0d8541d618d34e153d
2023-03-30 16:42:59,True,1.4e-07,4.441e-10,995224778.0,4.42,0x1b...7f6d,https://bscscan.com/tx/0xd0bcf5304451215a0429d5a900985a437a34b0986714e17a7bc274d649a0b5eb
2023-03-30 16:42:39,False,1.392e-07,4.416e-10,538612163.0,2.3789,0xde...fa58,https://bscscan.com/tx/0x7243900f1f04b67201351bb9010e8f6da4100307cdb403090575b7436f43ceab
2023-03-30 16:42:30,False,1.393e-07,4.421e-10,372852254.0,1.6485,0xec...0165,https://bscscan.com/tx/0x5785a6b003dd0a69488e0681d9a0def1ac81be28fec5117e75dd7b898d90d1dc
2023-03-30 16:42:08,False,1.395e-07,4.425e-10,468260692.0,2.07232,0x1b...7f6d,https://bscscan.com/tx/0xbf65ebe4a91d7c066a7dc5b716f8cef47dedbc8881f1628827361b8288d89d9b
2023-03-30 16:41:41,False,1.397e-07,4.432e-10,872641858.0,3.86785,0xec...0165,https://bscscan.com/tx/0x1ac7f4ca3fc1214805aa65d1f454d6331350fd6599c6b1656b55efdefa1d5b03
2023-03-30 16:41:35,True,1.412e-07,4.456e-10,543058154.0,2.42,0x08...af7e,https://bscscan.com/tx/0x4e67fca5f5564dbf45b1fcf31726391bdaddf22a7b2534e1fa4eae8c7fd2566f
2023-03-30 16:41:17,True,1.409e-07,4.448e-10,995862843.0,4.43,0x1b...7f6d,https://bscscan.com/tx/0x970ea172a44b33536ef21108e069e57569797d89e2b4d67ce16b9f0927725c9a
2023-03-30 16:40:58,True,1.399e-07,4.436e-10,1390802992.0,6.17,0xde...fa58,https://bscscan.com/tx/0x2012bd8ee91a9f5051d70cdcef2504dbff095e818f14bfc8de882273ec7f65af
2023-03-30 16:40:46,True,1.401e-07,4.424e-10,996786887.0,4.41,0x08...af7e,https://bscscan.com/tx/0xe458129ca632c8500c06e687fdf934ac2c6342bb0726239ae43a28de74a99d96
2023-03-30 16:40:43,False,1.394e-07,4.401e-10,838338098.0,3.6898,0x2a...576a,https://bscscan.com/tx/0xc47449869d4f108414493a16d6b56e52c5ce4a9708cc6e88401010f822080098
2023-03-30 16:40:37,True,1.395e-07,4.427e-10,5965849.0,0.0264,0x02...0482,https://bscscan.com/tx/0xa2f49d76f06445451c076b61ce46a011c3898ce4ca81352a616449bbc629bdc4
2023-03-30 16:40:34,True,1.394e-07,4.422e-10,936049677.0,4.14,0xec...0165,https://bscscan.com/tx/0x6486ebdb165e5add9ffff32693787d54945e733c92f92a7467f5b59323b47a9d
2023-03-30 16:40:25,False,1.386e-07,4.398e-10,581187624.0,2.55663,0x1b...7f6d,https://bscscan.com/tx/0x68a39c0fed184d4c3e884ba3bf936488a2966b848c9b283ef99e2fc3c378ffc7
2023-03-30 16:40:07,False,1.388e-07,4.407e-10,1024464041.0,4.51484,0xde...fa58,https://bscscan.com/tx/0xb6bbeecfdee05c33fb7f462fba84ed7b698a8e23ff24d46ebb7a3e490fbf420c
2023-03-30 16:39:55,False,1.392e-07,4.416e-10,957145136.0,4.22769,0x08...af7e,https://bscscan.com/tx/0x4752f062a2105b778bb51ba9c52d34a5a53c914efd445f8b6212e5a63d70578f
2023-03-30 16:39:49,True,1.406e-07,4.44e-10,713906185.0,3.17,0x2a...576a,https://bscscan.com/tx/0xf5bb576bfefd34b91cbb6d6b4ef40811e76929a72ba5d14bb6799b840f9510c8
2023-03-30 16:39:49,False,1.399e-07,4.417e-10,543120221.0,2.39914,0xec...0165,https://bscscan.com/tx/0xba11c41e8e4393e885a169fa9769de97e2c5412e3e10c2c7940df350881bf374
2023-03-30 16:39:34,True,1.405e-07,4.438e-10,669093640.0,2.97,0x1b...7f6d,https://bscscan.com/tx/0x5eea04f4d6441936e04ced26667adc024cb83f3c26c233ef52f5027acf1a2f0a
2023-03-30 16:38:49,False,1.398e-07,4.415e-10,528912963.0,2.33566,0xec...0165,https://bscscan.com/tx/0xaf6a35d677a5086cc44583c0b48228cc47c06ce7b0dc9aa437fca688595e21b0
2023-03-30 16:38:43,False,1.401e-07,4.424e-10,1136283223.0,5.02733,0x1b...7f6d,https://bscscan.com/tx/0xeb92224db0e617d0e1e6ccfad3922be0b5bc7759b903a68812035ee80435f28c
2023-03-30 16:38:25,True,1.402e-07,4.449e-10,618091792.0,2.75,0xde...fa58,https://bscscan.com/tx/0x304f8b796a235ae0bc594bacb3d21d72f62b1309485bc650a5757a5d57f80b03
2023-03-30 16:38:13,True,1.399e-07,4.44e-10,1162128036.0,5.16,0x08...af7e,https://bscscan.com/tx/0x570fdcf09e602724a7e38564debf073df87a032784f5dc81951bf08ef7ea9adf
2023-03-30 16:38:07,False,1.399e-07,4.416e-10,958859285.0,4.23522,0x2a...576a,https://bscscan.com/tx/0xecce7976b0fd8b390eaf7b8ce097d25b0c01732462ac96800a0eb34148426545
2023-03-30 16:37:52,True,1.406e-07,4.441e-10,535888393.0,2.38,0x1b...7f6d,https://bscscan.com/tx/0x768148aa7b7cb7a0f7397100726597ec13a9636a53db6741ad4b7b16a4ad986b
2023-03-30 16:37:34,True,1.404e-07,4.432e-10,1213801846.0,5.38,0xec...0165,https://bscscan.com/tx/0x392c19b93bc2802c2db14b59a9d62005beeb06479282933bd38887f49ad65185
2023-03-30 16:37:31,True,1.401e-07,4.423e-10,483749130.0,2.14,0xde...fa58,https://bscscan.com/tx/0xb740c39e56a1a604c58888a755827322d11db2b503c84407b44dce8cdb49af4d
2023-03-30 16:37:01,False,1.394e-07,4.401e-10,391536619.0,1.72324,0x1b...7f6d,https://bscscan.com/tx/0x265cdeae94a462b54d9f6399b53fa62556fa549fb5b3a710c40788fa35eb37c9
2023-03-30 16:36:43,False,1.388e-07,4.405e-10,370554532.0,1.63231,0xde...fa58,https://bscscan.com/tx/0x8e2728997cba6228034755e80eb922e2122a623c2dcc74055b76fdf5c54cfbeb
2023-03-30 16:36:31,False,1.389e-07,4.408e-10,363161745.0,1.60108,0x08...af7e,https://bscscan.com/tx/0xbde2e706e1becbaa4550ddabb9ce49be5c88224ce004c8147410a22a432046af
2023-03-30 16:36:22,True,1.403e-07,4.43e-10,419811897.0,1.86,0x2a...576a,https://bscscan.com/tx/0xbfa83b4b186571fbf8fc07da77a18f71df1cf9135118683d3f2c366ea5e7e9dd
2023-03-30 16:36:16,False,1.397e-07,4.41e-10,921323279.0,4.06391,0xec...0165,https://bscscan.com/tx/0x8d6cf1ce5e9ae10e255674b7dbd117d325c5998fd3d237e69e41160a86347b65
2023-03-30 16:35:40,False,1.393e-07,4.42e-10,905462328.0,4.00227,0x08...af7e,https://bscscan.com/tx/0x78b2cef59bfd3f8ccb5db80accd3d9dacf8cfd668533f1e2673b98fc09a31ecb
2023-03-30 16:35:31,False,1.402e-07,4.427e-10,500659000.0,2.21653,0x2a...576a,https://bscscan.com/tx/0xdc0cdef714f08d70a79b43faf74e5e32602fca71e768e3652f2e96766e0165e3
2023-03-30 16:35:25,True,1.408e-07,4.444e-10,1390353434.0,6.18,0xec...0165,https://bscscan.com/tx/0x5810a6bc4fc61267baeee809efa12bbf1d108334e08332d4b67de61bcf0648fc
2023-03-30 16:35:19,False,1.4e-07,4.419e-10,817860051.0,3.6148,0x1b...7f6d,https://bscscan.com/tx/0x1d9d302acae4cc164880469817169e2dfa5201139b455d5d764a728d1eb94b17
2023-03-30 16:35:01,True,1.4e-07,4.443e-10,456814038.0,2.03,0xde...fa58,https://bscscan.com/tx/0xa4b6d9017cbd117621c393e3178cd064f65d941607db2334692adffc4cae48f6
2023-03-30 16:34:40,True,1.406e-07,4.438e-10,583525061.0,2.59,0x2a...576a,https://bscscan.com/tx/0x10359908dbec3bd65c30e369c49dc105ae112192ca36c68dc16637dd05b48475
2023-03-30 16:34:33,False,1.398e-07,4.413e-10,58301617.0,0.2573,0xe2...47a1,https://bscscan.com/tx/0x36ac6a48ea548114ace0b701f290adb29abc8f48806b1fead375c4de0586db5a
2023-03-30 16:34:33,False,1.4e-07,4.419e-10,1026420113.0,4.53595,0xec...0165,https://bscscan.com/tx/0x277be79d2fdbcf9a26350d21449bbe7f7719d2d1a4d734306557d66ba21b75f1
2023-03-30 16:34:30,True,1.407e-07,4.442e-10,729260019.0,3.24,0x1b...7f6d,https://bscscan.com/tx/0xcb079705ec6563deee022853a9e0e8c9a9b7c98366576e91449bbb83f1a8f968
2023-03-30 16:34:00,True,1.405e-07,4.436e-10,529699841.0,2.35,0x08...af7e,https://bscscan.com/tx/0xaca6d3e3fb1996fece4dd2ecd083b1eb3c0741ec2cf0bd17848ee4f69af8b181
2023-03-30 16:33:48,True,1.395e-07,4.427e-10,1285210485.0,5.69,0x2a...576a,https://bscscan.com/tx/0x29e5336efc82ad81a1ad481d4ade44c6ecb8053d5759f74e34420416fda8e962
2023-03-30 16:33:39,False,1.387e-07,4.401e-10,520085803.0,2.28908,0x1b...7f6d,https://bscscan.com/tx/0xa60e6a30b4bc63e46fe7a5a09e10cc41c906fd29eb8c4783c19cc888c95b9e3e
2023-03-30 16:33:17,False,1.395e-07,4.405e-10,344191293.0,1.51639,0xde...fa58,https://bscscan.com/tx/0x1a66bc52f77570c67c37f18d7633f584c39cae0e5c9301272eb6edbe32769091
2023-03-30 16:32:55,False,1.397e-07,4.411e-10,801434398.0,3.53547,0x2a...576a,https://bscscan.com/tx/0x8f277edb150da56c38fd3a01473cf42122c6a6866c2580bde377cd0ba15449d4
2023-03-30 16:32:49,False,1.399e-07,4.416e-10,256642056.0,1.13352,0xec...0165,https://bscscan.com/tx/0xba35521663c52a87154cd0c9a723d32cc2c52ff3fd9656ca1db8f5b3c66bd10a
2023-03-30 16:32:49,True,1.405e-07,4.435e-10,865681568.0,3.84,0x1b...7f6d,https://bscscan.com/tx/0xcb3701373dfaaac67a13e7f7b2a521eb508f227ea9fa777d2b68f37c56843626
2023-03-30 16:32:40,False,1.39e-07,4.409e-10,68743704.0,0.3031,0x2f...58fc,https://bscscan.com/tx/0x6932050e71fba6e7106ca6f8342195deec5ed1c6a9d40338bd429d72efe5a7ef
2023-03-30 16:32:19,False,1.398e-07,4.414e-10,982588915.0,4.33807,0x08...af7e,https://bscscan.com/tx/0x1ed37b72849c23e467acc63bb81e3079ce3982c8508a33b950455a0bd35a9550
2023-03-30 16:32:02,False,1.402e-07,4.425e-10,1094037581.0,4.84156,0x2a...576a,https://bscscan.com/tx/0xe87df09f23d6cec613f58e1df346d62e695ded73e3475912bc0b6661098472a4
2023-03-30 16:31:56,False,1.405e-07,4.435e-10,829972393.0,3.68104,0x1b...7f6d,https://bscscan.com/tx/0x08607a311915489e9ed08f9f14546ac8c909660cda803ee2de31285ee8b24f29
2023-03-30 16:31:56,True,1.412e-07,4.456e-10,1000786002.0,4.46,0xec...0165,https://bscscan.com/tx/0x03c0eff05e3a1f73f457ca7dd2b8798132dd529d77034c037948f1661d61d97a
2023-03-30 16:31:35,False,1.403e-07,4.432e-10,748044074.0,3.31605,0xde...fa58,https://bscscan.com/tx/0xec4309fc9886d7e1f9de182b1ab1be8627ce6fa8ec6aa3c55bf1b22ae56cf976
2023-03-30 16:31:29,True,1.411e-07,4.456e-10,540813724.0,2.41,0x08...af7e,https://bscscan.com/tx/0x80a9ed82c58631d5017163e011d10cfe94b1bda2d13360989a95507c40d0bd30
2023-03-30 16:31:11,True,1.407e-07,4.446e-10,1302042406.0,5.79,0x2a...576a,https://bscscan.com/tx/0x10363ad8e1f6a52a9127505b70a559fc51aa3a7921888adb1d96f5ce1121141a
2023-03-30 16:31:05,False,1.399e-07,4.42e-10,507642279.0,2.2441,0xec...0165,https://bscscan.com/tx/0x7add20aa836e9d358546b2838cdc489af3b6fcd8edc4a43433bfc9a1cb41d98a
2023-03-30 16:30:38,False,1.394e-07,4.427e-10,821004482.0,3.63487,0x08...af7e,https://bscscan.com/tx/0x0ab30e65cf9447492664d047faa8fd3da3f87f18756d05430005a1300ce155d5
2023-03-30 16:30:20,False,1.398e-07,4.436e-10,908579660.0,4.03055,0x2a...576a,https://bscscan.com/tx/0xd862e8b52f5efc3eb1ed76fdf7f4573d0e31fea33413cc6fd84948eba9b78ac4
2023-03-30 16:30:11,True,1.405e-07,4.459e-10,706377728.0,3.15,0xec...0165,https://bscscan.com/tx/0xf0896aed2038b144d1cd87d7a7d8388bd975e2c37f67ad982550402dedf9bc4c
2023-03-30 16:29:53,True,1.403e-07,4.453e-10,514243291.0,2.29,0xde...fa58,https://bscscan.com/tx/0xc1b58ede6a9348e89e1afb2aad59252e2df94b148a1c43d1dd97a4b37fb89745
2023-03-30 16:29:47,True,1.401e-07,4.447e-10,548593941.0,2.44,0x08...af7e,https://bscscan.com/tx/0xc964048adf08de549cf9c84eacc705745d88036bd09988ccc8a57a7707d58af2
2023-03-30 16:29:26,False,1.401e-07,4.424e-10,265362110.0,1.17399,0x2a...576a,https://bscscan.com/tx/0xb054965995d161c75912c3168cd31da83e9a689e78554b9b361cdc6416fcfd71
2023-03-30 16:29:23,True,1.401e-07,4.447e-10,300000.0,0.0013,0x3f...8aba,https://bscscan.com/tx/0x4bab71b728d7072fa43a0d92142a4b21f960ac6d9fc5d85d89bb087e8b6f70e9
2023-03-30 16:28:35,True,1.399e-07,4.44e-10,1441341263.0,6.4,0x1b...7f6d,https://bscscan.com/tx/0x4ac1e060293b1cea18fb5211aaa5ba4e5c796c3e0c6f6de16cb1c825a3bd830e
2023-03-30 16:28:14,True,1.402e-07,4.428e-10,855785731.0,3.79,0xde...fa58,https://bscscan.com/tx/0xa3aeeeb6b4666e66f3c02fe9bd3585f2cac4d662f19ef870254c37629b32a889
2023-03-30 16:28:08,True,1.393e-07,4.42e-10,678589428.0,3.0,0x08...af7e,https://bscscan.com/tx/0x2ab284ed3def4cd88740e86b772e9f5942232e61f33325e418db8aa9765e07fd
2023-03-30 16:27:44,False,1.393e-07,4.4e-10,996525127.0,4.38516,0x1b...7f6d,https://bscscan.com/tx/0xfd4aaf3ac0475700980a8efb958834cb9c283d4fd5caa4cf5d21e0f6bd522e25
2023-03-30 16:27:17,True,1.395e-07,4.427e-10,15333995.0,0.0678,0x88...03d5,https://bscscan.com/tx/0xa17d4366b325773224e7905b7c2e14a20a769e35d1a3cf2aeb82c5cc19bad686
2023-03-30 16:27:17,False,1.388e-07,4.406e-10,325015619.0,1.43232,0x08...af7e,https://bscscan.com/tx/0xf2ccc9291f7677510c6f14c8b821d782504282a99499f58e4bb2c3266a9cae41
2023-03-30 16:26:59,True,1.403e-07,4.43e-10,253840.0,0.0011,0xb0...f4e9,https://bscscan.com/tx/0xf9d254be641774e2f1f38b8e4935417b46c772b44bcb99878ea58f195b2c34a8
2023-03-30 16:26:59,True,1.403e-07,4.43e-10,101040205.0,0.4476,0xb0...f4e9,https://bscscan.com/tx/0xf9d254be641774e2f1f38b8e4935417b46c772b44bcb99878ea58f195b2c34a8
2023-03-30 16:26:29,False,1.389e-07,4.41e-10,525048867.0,2.31555,0x08...af7e,https://bscscan.com/tx/0xb8f66585cfac920b0ff366f1bcb9fa17bdac101641030b33f475539cf90997ef
2023-03-30 16:26:26,True,1.395e-07,4.428e-10,1192167487.0,5.28,0x1b...7f6d,https://bscscan.com/tx/0x62e4ac9c8abf9bbd1ae1bb27c2bdf9e03a2c7a34a49fec84d175afafc4e94453
2023-03-30 16:25:08,True,1.398e-07,4.416e-10,1202219354.0,5.31,0x2a...576a,https://bscscan.com/tx/0x5a794ba312c59b437597876a744d47227240d231559234b709fb6aa4e3b0de73
2023-03-30 16:24:47,False,1.39e-07,4.391e-10,576101401.0,2.53003,0xde...fa58,https://bscscan.com/tx/0x63c1bca5f706155a6791246d18cd556da10859aac3edde13a977672fdab6f9d4
2023-03-30 16:24:14,False,1.385e-07,4.396e-10,361919147.0,1.59111,0x2a...576a,https://bscscan.com/tx/0x139a74ab42f3a39fc4b78c716ea553ead45ab9922539ddeb5c25eae4e50bf8a5
2023-03-30 16:24:11,False,1.386e-07,4.399e-10,368020458.0,1.61928,0xec...0165,https://bscscan.com/tx/0x7aa8abac5c96970e8f57b4ec358ebd3bd1e2ebc97ced4315b32d94eade26544b
2023-03-30 16:23:59,False,1.388e-07,4.406e-10,916338818.0,4.03777,0xde...fa58,https://bscscan.com/tx/0x76adc3d286e125fac06d77fa1739e69fc7a94aec6baa6c470b4fb23b5cc7a23d
2023-03-30 16:23:20,False,1.398e-07,4.414e-10,739379450.0,3.26416,0xec...0165,https://bscscan.com/tx/0xd0c20776173bcb84a06c86d18b6ee80bba999ddcff4ecec8df8673ea778d837e
2023-03-30 16:23:08,True,1.399e-07,4.438e-10,353697126.0,1.57,0xde...fa58,https://bscscan.com/tx/0x19ab84b8c61244f467cd1df5b3b8ee2fdeca8bd703756173f532df78a88ea88c
2023-03-30 16:22:56,False,1.392e-07,4.416e-10,293157272.0,1.29469,0x2a...576a,https://bscscan.com/tx/0xe9147b39aff45599f7f3c1abc2b783f57aa434ec14b8b66bcb5a10a24398cb65
2023-03-30 16:22:38,False,1.401e-07,4.421e-10,808125885.0,3.57346,0x1b...7f6d,https://bscscan.com/tx/0x1367cdb8ddf1386f265138840fe57bef51888405f578bfc0de9bae2a2be552bf
2023-03-30 16:22:26,True,1.408e-07,4.444e-10,769529414.0,3.42,0xec...0165,https://bscscan.com/tx/0x709f1cbf5cdd5413b1f7cf88c347324fd0454ae4870ea30f9e7409c682b91e37
2023-03-30 16:22:17,True,1.405e-07,4.434e-10,1132000149.0,5.02,0xde...fa58,https://bscscan.com/tx/0xea37e3cd701c0acd5a7df5def4c32f4ab67b90da6565a418b67cea1b8996cd8a
2023-03-30 16:21:35,False,1.391e-07,4.412e-10,1096514837.0,4.83816,0xec...0165,https://bscscan.com/tx/0xa92005bddae1cb2fca87bdfb53dbb5ea25171678b367f11b6f194287c48e0ea6
2023-03-30 16:20:56,False,1.393e-07,4.419e-10,366738741.0,1.62086,0x1b...7f6d,https://bscscan.com/tx/0x039ac4d3b809683fd97d35b627d73531d90bbcfb53b96dffac26d22baaaca458
2023-03-30 16:20:47,True,1.399e-07,4.438e-10,1092798420.0,4.85,0xec...0165,https://bscscan.com/tx/0xb3a3a7eb07e1eec21653cd9637c174064f44c54f9d6a1642b8bbf41e9b14ba25
2023-03-30 16:19:53,False,1.398e-07,4.414e-10,699100903.0,3.08583,0xec...0165,https://bscscan.com/tx/0x94c371da11ebadb658a6da18db34ab08294f02658b3be6e456d388d3235754b9
2023-03-30 16:19:44,False,1.4e-07,4.42e-10,512818136.0,2.26671,0xde...fa58,https://bscscan.com/tx/0x5b2286df568e5f6f6f034e788c10a5064c0709ca2cdba5f947a4f7468c8d6b4c
2023-03-30 16:18:59,True,1.406e-07,4.441e-10,713763198.0,3.17,0xec...0165,https://bscscan.com/tx/0x3a7a2c2f17fc7d245ecf26389cbf8c9c9489f12b4b9e457f764060ba3c3717d6
2023-03-30 16:18:53,True,1.397e-07,4.433e-10,839089355.0,3.72,0x08...af7e,https://bscscan.com/tx/0x82f50f315209f46e879e901ae46aa80845e7d72b33935a04f1d145dfad5f82aa
2023-03-30 16:18:53,False,1.39e-07,4.411e-10,981324094.0,4.32956,0xde...fa58,https://bscscan.com/tx/0xebb39b6a9c13b955b30216678cd4e77a9541d15e98c39022ab71175f59f45d83
2023-03-30 16:18:11,True,1.397e-07,4.435e-10,617685346.0,2.74,0x2a...576a,https://bscscan.com/tx/0x4f0aa5e5de73ea146dac01e9d606f33735f8df0a6e83bc2971c7ceaa0fcc223e
2023-03-30 16:18:08,False,1.39e-07,4.413e-10,611795105.0,2.7003,0xec...0165,https://bscscan.com/tx/0xa1839b3e111335e8fe8bc6d61b018f0e8cf11fd499a27eb357ec4baa89b5deb8
2023-03-30 16:18:02,False,1.392e-07,4.42e-10,722518328.0,3.19386,0x08...af7e,https://bscscan.com/tx/0x58f0341d6a4d0ae5e34fc385a0d9111cdbd3e945e7fb8c03e663bab3bf760d9a
2023-03-30 16:17:38,True,1.405e-07,4.44e-10,1105688390.0,4.91,0x1b...7f6d,https://bscscan.com/tx/0xd78209183a0cd45e7e23eac531614fe3e658efbcf3848826e9b01ee3a7f09402
2023-03-30 16:17:17,False,1.398e-07,4.415e-10,602069283.0,2.65871,0xec...0165,https://bscscan.com/tx/0x2ce35574ccde14cd08bc4d9ad2f8250beb8311545ce818ba7702b75674ee0ae4
2023-03-30 16:16:44,False,1.393e-07,4.424e-10,999893803.0,4.42354,0x1b...7f6d,https://bscscan.com/tx/0xe980a1f2456d81ded9b4f42c0d421df6e1113c53d4c0b007180363dc3cdcce57
2023-03-30 16:16:26,True,1.408e-07,4.449e-10,433796330.0,1.93,0xec...0165,https://bscscan.com/tx/0xa75491034fb0c73455f8902cd4ee8724ad2f9b69c2d1238dc2319852b9c1422a
2023-03-30 16:16:20,False,1.394e-07,4.427e-10,529406920.0,2.34387,0x08...af7e,https://bscscan.com/tx/0x5f17f42e17366cc3b0654acf63a8a7caf4df299897064d1b9a8aba27765a6113
2023-03-30 16:16:20,True,1.401e-07,4.449e-10,530389505.0,2.36,0xde...fa58,https://bscscan.com/tx/0x7588687d69a4b58c995493954e7588222ed40d49bb55db61566e0c8b5554da81
2023-03-30 16:16:05,False,1.393e-07,4.425e-10,78240531.0,0.3462,0x76...b512,https://bscscan.com/tx/0x7852ef861821d79cae98f6d4ace3f8d902a943518ca163a60f1d33afbd89abfc
2023-03-30 16:15:35,False,1.394e-07,4.426e-10,253799901.0,1.1235,0x2a...576a,https://bscscan.com/tx/0x7ce6fc4711535a84570796ac9a6c35096a71075b5b3ed742d69d6e80445330cd
2023-03-30 16:15:05,False,1.403e-07,4.431e-10,713014640.0,3.15981,0x1b...7f6d,https://bscscan.com/tx/0x95b3b8421bb12fe7d80c273c05c1c4a35634b3e0c0194cc26c7d11a5805b2b54
2023-03-30 16:14:53,True,1.41e-07,4.455e-10,395020234.0,1.76,0x2a...576a,https://bscscan.com/tx/0xe91b21017798be84f546fc6b315ee2f1e286b5d727926d2d1b4ac926c8ca6054
2023-03-30 16:14:53,False,1.404e-07,4.434e-10,628482680.0,2.78695,0xec...0165,https://bscscan.com/tx/0x782a8ae4dbbc6b0b9739247bc43829fe908be565fd52e5210f88cf27e3fcb47f
2023-03-30 16:13:50,True,1.411e-07,4.455e-10,897813801.0,4.0,0xec...0165,https://bscscan.com/tx/0x6f252d08859713f30900c6612be4f22daee64aa1b98b6396284399da7aca2b40
2023-03-30 16:13:47,False,1.403e-07,4.431e-10,571773261.0,2.53374,0xde...fa58,https://bscscan.com/tx/0x6e364a3fdfab47ab0e8a34b500100e0781e79fd9a4f51122720096fc6bf756e6
2023-03-30 16:13:41,False,1.4e-07,4.44e-10,1173517462.0,5.21067,0x2a...576a,https://bscscan.com/tx/0xcb3b7db098d669aaec29cfe277133d952358342424c5ea46f46e52d5208faacb
2023-03-30 16:13:35,True,1.407e-07,4.463e-10,920748287.0,4.11,0x1b...7f6d,https://bscscan.com/tx/0x4dd8383667ea1522b24036ebcb7c3367b0c5ee9c2f2aa1ab8eafa0203f3ebd08
2023-03-30 16:12:59,True,1.404e-07,4.454e-10,976634194.0,4.35,0x08...af7e,https://bscscan.com/tx/0x158cccad7734175e72811a440b8e4bf6cc631159fb1b34c76ed876e4fb2e2255
2023-03-30 16:12:59,False,1.397e-07,4.43e-10,808370007.0,3.58187,0xec...0165,https://bscscan.com/tx/0xf8a5f4cd63104d96648558d6eb5e2baec30b07a62be12382dbf2f28f8460d373
2023-03-30 16:12:29,True,1.413e-07,4.452e-10,932047072.0,4.15,0x1b...7f6d,https://bscscan.com/tx/0xe54aa9a4512ed8ca3065a9694b73613281a07b429236dd8d457d5c5fe7749c16
2023-03-30 16:12:08,False,1.406e-07,4.43e-10,1006990139.0,4.46168,0x08...af7e,https://bscscan.com/tx/0xadd480b1787f4719060ebc84625da533d812b9df26005f8432e8830adaf2f251
2023-03-30 16:12:05,True,1.414e-07,4.455e-10,410685607.0,1.83,0x2a...576a,https://bscscan.com/tx/0xac0d4c55101192f01feb5b3e2ad0377e876eca4d27c4f75cbd91caab20ce824e
2023-03-30 16:11:17,False,1.408e-07,4.433e-10,323146868.0,1.4326,0x2a...576a,https://bscscan.com/tx/0xe9c6df80687614447c698f1d45c74c908aea4d48494036d327cc6cbbdb95ee1b
2023-03-30 16:10:20,True,1.406e-07,4.452e-10,952316937.0,4.24,0x2a...576a,https://bscscan.com/tx/0x0e4d75d19017f65e444a25eac12f3f05339749507ab055577930ae22e64b9baa
2023-03-30 16:09:38,True,1.402e-07,4.441e-10,1263219638.0,5.61,0x08...af7e,https://bscscan.com/tx/0xfdea9195558ce6b7d2af4c0cd69ac21ea1c98901ea364cb539b713aa86791cca
2023-03-30 16:09:29,False,1.394e-07,4.415e-10,615682903.0,2.7186,0x2a...576a,https://bscscan.com/tx/0x4bb9f2f7f38ff3b178772d20cb5a1070368397543faed4c109b1a5650611d3f0
2023-03-30 16:09:05,False,1.402e-07,4.419e-10,253249773.0,1.11935,0x1b...7f6d,https://bscscan.com/tx/0xe4a75376d336d539bbfa3d06f2f48875eb3be2fcf71b6bf083fd84e288fc00b2
2023-03-30 16:08:47,True,1.408e-07,4.437e-10,1090609110.0,4.84,0x2a...576a,https://bscscan.com/tx/0x138dc81c9f0195269e9b936752c767689beb653de90b86053f36b64d0dce8af5
2023-03-30 16:08:47,False,1.4e-07,4.413e-10,648066998.0,2.86024,0x08...af7e,https://bscscan.com/tx/0xbcad47768108b12871dfbdbc5b54a90705dfa6b04fe94d5f3f38375a384e2317
2023-03-30 16:08:41,False,1.401e-07,4.418e-10,264215609.0,1.16733,0xec...0165,https://bscscan.com/tx/0x2c9bd755a75f15cff17194b6b5e217efab729a0e75b2dec13c931a21c8fcc405
2023-03-30 16:08:14,True,1.401e-07,4.439e-10,391927085.0,1.74,0x1b...7f6d,https://bscscan.com/tx/0xfaec8acb51af68fd8bf0583bad4ae717371b17630a5a5151af1491c109ca83db
2023-03-30 16:07:47,False,1.401e-07,4.418e-10,513816101.0,2.27006,0x2a...576a,https://bscscan.com/tx/0x32e3d9bbc9e1903d076a5a8c95ce39e4dbf50f18d1d95d3bc61985cdb54a13bb
2023-03-30 16:07:32,False,1.403e-07,4.423e-10,655440945.0,2.89963,0x1b...7f6d,https://bscscan.com/tx/0xb929ffa2974b20c82ff4a8086dd2412804cf425d8083c176d56288a7134bfc9b
2023-03-30 16:06:59,True,1.403e-07,4.442e-10,1276173120.0,5.67,0xde...fa58,https://bscscan.com/tx/0x646d1377a07c584cf515d3ce5d20c1377efed780b605dfe8fc4e76b74dce9be2
2023-03-30 16:06:32,False,1.401e-07,4.416e-10,437996657.0,1.93444,0x1b...7f6d,https://bscscan.com/tx/0xc77d584107ef4ea5d169d29815c865667b1db93497ad1e52c43584e79d0e9425
2023-03-30 16:06:26,False,1.403e-07,4.423e-10,868448187.0,3.84127,0x2a...576a,https://bscscan.com/tx/0x9c3304eba429514db375ffccfaa3fa7d6d8bee81eaa2a28f86afb6457af72100
2023-03-30 16:06:17,True,1.411e-07,4.445e-10,800780582.0,3.56,0x08...af7e,https://bscscan.com/tx/0x26b8cd07ba3925e834a1786f920e27fb7e8ee5df332be543c925aa306356ec1c
2023-03-30 16:05:26,False,1.396e-07,4.422e-10,553747633.0,2.44879,0x08...af7e,https://bscscan.com/tx/0x72a52f8131a40cae8836adb3f1768c501c0f279a06d4aeab4362f47324746973
2023-03-30 16:05:17,False,1.398e-07,4.427e-10,578679057.0,2.56235,0xde...fa58,https://bscscan.com/tx/0x676dbdb08ddbcd572afb62a1eeff1365a6430ee358c19e18ba89a95a93e5092e
2023-03-30 16:04:53,False,1.401e-07,4.433e-10,504610025.0,2.23714,0x1b...7f6d,https://bscscan.com/tx/0x4bc968569da59a6e7aa79ad5c4f96fcf542f95212e287b38cdf5fe18da12cf9d
2023-03-30 16:04:35,False,1.41e-07,4.44e-10,867675175.0,3.8528,0x08...af7e,https://bscscan.com/tx/0x9e8c828a01bbe17836ed2082ac16f595b3979fff167cec4d4605df8a0612ef87
2023-03-30 16:04:26,False,1.413e-07,4.45e-10,1040451589.0,4.63008,0xde...fa58,https://bscscan.com/tx/0xd2837f4bfcbdbd616ee7d4b32839af46a7aeff7789043bcc5ee7c5c88c91ca2f
2023-03-30 16:04:17,True,1.414e-07,4.475e-10,522901474.0,2.34,0x2a...576a,https://bscscan.com/tx/0xf35412ec7224118142ff698299c6b5912f1a95fb3a392640e510c012b5ea7fdd
2023-03-30 16:04:02,True,1.412e-07,4.469e-10,572782444.0,2.56,0x1b...7f6d,https://bscscan.com/tx/0x1bee8010cf228b1548a4e595f607941c032330b8f398bc69c8fa66d227db6434
2023-03-30 16:03:29,True,1.417e-07,4.461e-10,961547566.0,4.29,0xec...0165,https://bscscan.com/tx/0xbf1f4a1b6b36fd5518dfb7dad34c0f6d27573848c0906fb6cc48f231d6581831
2023-03-30 16:03:23,False,1.402e-07,4.438e-10,789382205.0,3.5036,0x2a...576a,https://bscscan.com/tx/0x097199cede1f202bddb93959435a653e2ad7958d9ff27ee56ea65746303cb660
2023-03-30 16:03:11,True,1.41e-07,4.462e-10,441462701.0,1.97,0x1b...7f6d,https://bscscan.com/tx/0xff7d95bfb7ed0f155c45bb88926ea0b65113893e26cae7560ab991ea2d9ceefd
2023-03-30 16:02:56,True,1.407e-07,4.453e-10,1304585280.0,5.81,0x08...af7e,https://bscscan.com/tx/0x2392d32448e436219d21ad8e25c1dbf6633d8b1524dad843131345c53dbb3b3c
2023-03-30 16:02:38,False,1.406e-07,4.427e-10,636294129.0,2.81745,0xec...0165,https://bscscan.com/tx/0x0cc03833cf837f83c150410a48b5ebe6e2e4a191f37b1635c152e582811937a7
2023-03-30 16:02:20,False,1.409e-07,4.436e-10,1021400569.0,4.53123,0x1b...7f6d,https://bscscan.com/tx/0xb54f6fdb1ad459297e9aaa969e60413dd8fde7171fc9a0c2959c36cbabf36622
2023-03-30 16:01:44,True,1.41e-07,4.46e-10,704012191.0,3.14,0xec...0165,https://bscscan.com/tx/0x431b132826cd0521ab35789ca98421976e8baad886ca145fd8c865ab4fb5ff52
2023-03-30 16:01:29,False,1.41e-07,4.436e-10,482158245.0,2.13922,0x1b...7f6d,https://bscscan.com/tx/0x0ab052ed4e56f50ff5ef97971f329cdc2d3f0628da6dfd35f1d216ae6f3b2634
2023-03-30 16:01:14,False,1.405e-07,4.443e-10,833406391.0,3.70318,0x08...af7e,https://bscscan.com/tx/0xd54e5e8ec933022220b6fc66c0197519564e32360fbba2d3a15171b354ad5a7b
2023-03-30 16:00:50,True,1.419e-07,4.465e-10,918196820.0,4.1,0x2a...576a,https://bscscan.com/tx/0x79a8a6bdedecbfeeb315288b124e984fcd033ff901177d133a2cbafc95a8474c
2023-03-30 16:00:11,True,1.409e-07,4.456e-10,776373837.0,3.46,0xde...fa58,https://bscscan.com/tx/0xf94c613938f9070c8999c1befd1c10bf4b3baab759936d2c3b1fc232e6598a00
2023-03-30 15:59:56,True,1.406e-07,4.448e-10,811504843.0,3.61,0x2a...576a,https://bscscan.com/tx/0x57a390003ac17ca0107170045f2777a203ee7fa355154ee120423005d542fa61
2023-03-30 15:59:20,False,1.4e-07,4.427e-10,990072050.0,4.38326,0xde...fa58,https://bscscan.com/tx/0xf0f5bb1effb45f7cfc7344a4ec8e668acfdba9d919124429d1bcc8212c24a51c
2023-03-30 15:59:11,True,1.414e-07,4.451e-10,584075789.0,2.6,0xec...0165,https://bscscan.com/tx/0x9722795374036b6d0730fb2927688ef704eb70c7c5c46aed87663cff05a72882
2023-03-30 15:59:05,False,1.407e-07,4.429e-10,565311690.0,2.50385,0x2a...576a,https://bscscan.com/tx/0x9d63a8ff3a561b46ef0ef7a2d18b20b9ab24aacd16461bb5807084b589764294
2023-03-30 15:58:59,False,1.409e-07,4.434e-10,440295288.0,1.95237,0x08...af7e,https://bscscan.com/tx/0x9dcaad9cc0cd2ba94b8e9c4c9df433bce54b21c2a8bef0f625d3d62844c00cf0
2023-03-30 15:58:56,True,1.416e-07,4.456e-10,442053557.0,1.97,0x1b...7f6d,https://bscscan.com/tx/0x7fb6c490eb028fa02c9dbdc95718c1fadc45d4cb9f36236e174cdb5cc32108d5
2023-03-30 15:58:08,True,1.414e-07,4.451e-10,577362448.0,2.57,0x1b...7f6d,https://bscscan.com/tx/0x854d2bda1975131a8404b5ded8aaa66c34c6acc514f8f8f275be1af3b7f5d557
2023-03-30 15:58:02,True,1.411e-07,4.441e-10,1364434294.0,6.06,0x08...af7e,https://bscscan.com/tx/0x66992ed0a15c9bdc1aacf2ace74daa390d4455dc7af8d954f3ee83e7048c6949
2023-03-30 15:57:14,False,1.403e-07,4.414e-10,430286187.0,1.8995,0x1b...7f6d,https://bscscan.com/tx/0x640922ace26a66b5cdca04d8ea17d6a2c597270d641534c75eeb1bf05ff88c81
2023-03-30 15:56:47,True,1.401e-07,4.432e-10,1286008475.0,5.7,0xde...fa58,https://bscscan.com/tx/0xe8ceedb67d5d6bcebbfffe0d119105d2cea6e136cdce0c2a8d732ff35519923a
2023-03-30 15:56:26,False,1.4e-07,4.406e-10,606406635.0,2.67229,0x1b...7f6d,https://bscscan.com/tx/0x92e880a04188b1fae328ca465ecd4839a7404ab606ce62e169c83d6f03d60553
2023-03-30 15:56:11,True,1.407e-07,4.429e-10,422140796.0,1.87,0x08...af7e,https://bscscan.com/tx/0xd57faa5a72633dee69031af77c5e9f4d846ec936a4977b270e664f4396d825c5
2023-03-30 15:55:56,True,1.406e-07,4.423e-10,777622520.0,3.44,0xde...fa58,https://bscscan.com/tx/0x99d174793b51fd1a9394b3ff5e02673d5974bb2771fbf6be1f40ee1c2d2d80db
2023-03-30 15:55:44,False,1.391e-07,4.399e-10,367753385.0,1.61797,0xec...0165,https://bscscan.com/tx/0x760d36372fe540f4810979136e9a5d99d300dbae1d29da41686ed6a35a4397cb
2023-03-30 15:55:38,False,1.399e-07,4.403e-10,386121769.0,1.70024,0x2a...576a,https://bscscan.com/tx/0xc34d56e92e0a1a651100581b1c73f6a2ba68cf8d249fe78e1a2df72e35fdba5a
2023-03-30 15:55:35,True,1.405e-07,4.422e-10,893079473.0,3.95,0x1b...7f6d,https://bscscan.com/tx/0x9cbe7073da19e3d488dd60e374f8d0c4473634ae49a19372dab7e39ad6dcbb5f
2023-03-30 15:55:20,False,1.399e-07,4.402e-10,1214851631.0,5.34829,0x08...af7e,https://bscscan.com/tx/0xc25df047e0b2a1bff05860ef88a23eb67480155f6011ed678221392a2704ae79
2023-03-30 15:55:05,False,1.394e-07,4.41e-10,468575661.0,2.06682,0xde...fa58,https://bscscan.com/tx/0xc772941c687385134b09a961e32445b1cdeca2d178bb5a6ef445418559c44e53
2023-03-30 15:54:50,False,1.403e-07,4.417e-10,753493956.0,3.32819,0xec...0165,https://bscscan.com/tx/0x28669ab5c87b02b748106afffcba2e7c931bf5a4ee566a1297c35ff279199ade
2023-03-30 15:54:44,False,1.405e-07,4.422e-10,427749610.0,1.89192,0x2a...576a,https://bscscan.com/tx/0x6431ad91eb9820a4f6a2576c0bfbbc9ce72f856e4e5686de29ec3e792e904bc2
2023-03-30 15:54:44,True,1.412e-07,4.443e-10,663823989.0,2.95,0x1b...7f6d,https://bscscan.com/tx/0x76bfccc4ef2c3bc18b483d588140420c98ca193a14b16922989fcaa732da6cca
2023-03-30 15:54:02,True,1.41e-07,4.438e-10,367223225.0,1.63,0xec...0165,https://bscscan.com/tx/0xb7b8f7e2bea8119935bc1995e4596cca3b55eb4f6a1fe4f9406d87706579b8d1
2023-03-30 15:53:38,True,1.408e-07,4.43e-10,1345360037.0,5.96,0x08...af7e,https://bscscan.com/tx/0x9a4450d4a4f32d4980dd2c3b3c4d9e2615cd6d0c79528c51fb0adac772dd52f9
2023-03-30 15:53:26,False,1.393e-07,4.403e-10,559027217.0,2.46194,0xde...fa58,https://bscscan.com/tx/0xa46c06304d9b1f64ff078b6ae4a2f063ac95e9781d337a074166d7b12b7a6ddb
2023-03-30 15:53:08,True,1.407e-07,4.426e-10,445033562.0,1.97,0xec...0165,https://bscscan.com/tx/0x50ed5faa818b373898fefb30e44b3b5676c039e8dde407dc55728b12a4c8ad89
2023-03-30 15:53:02,False,1.4e-07,4.405e-10,686336078.0,3.02382,0x1b...7f6d,https://bscscan.com/tx/0xeaf3517f85170913a77f920937116a3f2d35f853bc23a6b1a1a5799bfff20741
2023-03-30 15:53:02,True,1.406e-07,4.423e-10,1460242510.0,6.46,0x2a...576a,https://bscscan.com/tx/0xb0deb94fc7742549d32ada36000a024246b58110496dde167d176a08cc30f908
2023-03-30 15:52:47,False,1.398e-07,4.399e-10,923373823.0,4.06205,0x08...af7e,https://bscscan.com/tx/0x340b142eaf601769784aea50ba2155eca07ab2dc970a0d96801dfe9b4b45239d
2023-03-30 15:52:35,False,1.4e-07,4.406e-10,550888106.0,2.4275,0xde...fa58,https://bscscan.com/tx/0x7c38e6420fd21f52a73c8c5f22ecb5fc173e8bd8102a52ec0c2da5ed3994c030
2023-03-30 15:52:12,True,1.401e-07,4.428e-10,519330123.0,2.3,0x1b...7f6d,https://bscscan.com/tx/0xbd0d7a72db1f572d8348da61f89ee42b82ccc9b4e35e05a6d4febd740df2cb6f
2023-03-30 15:51:58,False,1.402e-07,4.409e-10,1098356375.0,4.84329,0x08...af7e,https://bscscan.com/tx/0xfd36180d604b71d5c793ce953a213eb6c983ce207bba33d208f964be8894bbc7
2023-03-30 15:51:43,True,1.409e-07,4.432e-10,841420195.0,3.73,0xde...fa58,https://bscscan.com/tx/0x854b15f999b815677a30f476ceb0f62a9aada29d72c9a2d8e9452bd0e84a8e0a
2023-03-30 15:51:31,False,1.395e-07,4.411e-10,941126527.0,4.15163,0xec...0165,https://bscscan.com/tx/0x488376d8d5d415afefb22fd8497aa9e5519cae389fa5e0bccde8c22eba199968
2023-03-30 15:51:22,False,1.405e-07,4.419e-10,768879396.0,3.39841,0x1b...7f6d,https://bscscan.com/tx/0xc972c12b84363f7b4495173f70eafe052a0e6bc1f1e821888c3fe63262b45b63
2023-03-30 15:51:19,True,1.413e-07,4.444e-10,371275954.0,1.65,0x08...af7e,https://bscscan.com/tx/0xe280f9c8df855914892965d48c708b91c658ea12adff4c8482c1dd2470a41b0c
2023-03-30 15:51:16,False,1.406e-07,4.424e-10,867791686.0,3.8395,0x2a...576a,https://bscscan.com/tx/0x6acb095be5ab6036cd6303fb496f0a2a0d700bc2298ba008aa1b0f9315241c7f
2023-03-30 15:50:52,False,1.409e-07,4.431e-10,611093993.0,2.70832,0xde...fa58,https://bscscan.com/tx/0xfb11cb6b80ba84606cd66b3162293d4836f4c8fed2fe17f9df3da374697a687b
2023-03-30 15:50:31,True,1.415e-07,4.45e-10,1267187015.0,5.64,0x1b...7f6d,https://bscscan.com/tx/0x02cb611393c5236d7f8beec9ecfcdd464aaa4f5e8fdc95073203df9f11f429c6
2023-03-30 15:50:25,True,1.412e-07,4.44e-10,720607094.0,3.2,0x2a...576a,https://bscscan.com/tx/0x16a65d020cfcde8a2bf4dbd02f46c98a36f1405d51be5ebdfe9766b756049aac
2023-03-30 15:50:01,True,1.41e-07,4.434e-10,575084291.0,2.55,0xde...fa58,https://bscscan.com/tx/0x188c7d2b5703308988cd437c076014ba12632b0221a3755e976d721ab7cd277b
2023-03-30 15:49:40,True,1.408e-07,4.428e-10,471907261.0,2.09,0xec...0165,https://bscscan.com/tx/0x2491ab6716a013e1625c12f7bc709d58413de7328d011b834c10b88985db26e8
2023-03-30 15:49:10,False,1.401e-07,4.407e-10,706798840.0,3.1155,0xde...fa58,https://bscscan.com/tx/0xca27ac10d250a71027cc81ef0de6c6199623d38186866384bf54949ee6cd85ca
2023-03-30 15:48:49,False,1.403e-07,4.414e-10,547284911.0,2.41582,0x1b...7f6d,https://bscscan.com/tx/0x297c2af0daea6fd6ef68040bea520f2d411b297b56f926b686ed7cedc7a10292
2023-03-30 15:48:37,True,1.403e-07,4.434e-10,859122273.0,3.81,0x08...af7e,https://bscscan.com/tx/0x82d43814e2d6af152f023ab8d6734ac64c638aa07bd1927fba2027fa3c1db863
2023-03-30 15:48:19,True,1.4e-07,4.427e-10,636972589.0,2.82,0xde...fa58,https://bscscan.com/tx/0x84d78cf147f8e5b27df9e0081b8b36462569eee82317889e0a52e0d4066cffe0
2023-03-30 15:48:04,False,1.392e-07,4.401e-10,6861599.0,0.0302,0x58...51a2,https://bscscan.com/tx/0x8878f3509dead06c22eeac5d80480f09f9c3076978e999517719762167bd2b10
2023-03-30 15:47:58,False,1.394e-07,4.405e-10,744716671.0,3.28099,0xec...0165,https://bscscan.com/tx/0x74bdb84d610c434249ba1596858a83af7fc9d894c4e94b8ca7b1c8f23f92a101
2023-03-30 15:47:49,True,1.401e-07,4.428e-10,528350194.0,2.34,0x08...af7e,https://bscscan.com/tx/0xdeb138e7e8bd7824e61c303477c4ae53880064152918aea993c3b3ecb0e1da2e
2023-03-30 15:47:10,False,1.393e-07,4.404e-10,16624433.0,0.0732,0x0d...3748,https://bscscan.com/tx/0x7ff799380ec09b170326763ba6ecd7f93bec877a47f2f6b0b26f6d38e35ee113
2023-03-30 15:47:07,True,1.399e-07,4.424e-10,465638962.0,2.06,0xec...0165,https://bscscan.com/tx/0x49dcc254629c81c6b6820b6ebc796d9b26d77596e7edad4135dfae3000d5ffc5
2023-03-30 15:47:04,False,1.393e-07,4.403e-10,747959510.0,3.29353,0x08...af7e,https://bscscan.com/tx/0x2be6ea75a942136f4caf9452895bff794583a64f02e13c31cdf1e764a684196d
2023-03-30 15:46:37,False,1.401e-07,4.409e-10,402048679.0,1.77268,0xde...fa58,https://bscscan.com/tx/0x8ee792a73e48337b89457511b296e279a4c173015c4d394d9329140a80a8f365
2023-03-30 15:46:22,False,1.396e-07,4.414e-10,652053203.0,2.87844,0xec...0165,https://bscscan.com/tx/0xb0e01be7e02d752c53ef56783e654004b8d23c02d30d3a771e8512d1b1632236
2023-03-30 15:46:04,False,1.406e-07,4.422e-10,872693249.0,3.85914,0x08...af7e,https://bscscan.com/tx/0xc0dd9d466151093d642ef970f0afb15229ed592d801caed8439314e8f6a51c81
2023-03-30 15:45:46,False,1.401e-07,4.43e-10,717279124.0,3.17764,0xde...fa58,https://bscscan.com/tx/0x307de0d4c9e5ebd7b999f168abaa468939561166deca17e3fefbf5155c9e17c4
2023-03-30 15:45:25,False,1.41e-07,4.436e-10,490198966.0,2.17464,0x1b...7f6d,https://bscscan.com/tx/0xdea7f1a10783a77c74b3f7aa740a788c355751d6dc7804e02779a7b551e7ee5f
2023-03-30 15:45:13,False,1.405e-07,4.443e-10,857261736.0,3.80888,0x2a...576a,https://bscscan.com/tx/0xb150a58bf5b0974c1bd6a2711cb0bdc659d13d7cdf0408c181b327e48c63f80b
2023-03-30 15:44:55,False,1.414e-07,4.447e-10,46316381.0,0.206,0x5a...2b00,https://bscscan.com/tx/0xede41eca4b4dd136d10c3ddb834406322ee90d8ca7d90bff597bbed058e987f2
2023-03-30 15:44:34,True,1.412e-07,4.464e-10,1117708276.0,4.99,0x1b...7f6d,https://bscscan.com/tx/0xf9c95475d3de1cd2796704df32be88ba517b7a95beafc2c4c23eaa181d9a0d87
2023-03-30 15:44:22,True,1.409e-07,4.455e-10,630672227.0,2.81,0x08...af7e,https://bscscan.com/tx/0x1a05afb6b5bcf855d6318ea0d8b683a9047e03661038f274ff97a0c5cecac9e0
2023-03-30 15:44:19,True,1.408e-07,4.45e-10,417956807.0,1.86,0x2a...576a,https://bscscan.com/tx/0x72a99d9169352e1c334c7684ca5ef0cf6c455dc5ced3033407f5e7335de68794
2023-03-30 15:44:04,True,1.412e-07,4.443e-10,974536664.0,4.33,0xde...fa58,https://bscscan.com/tx/0xced8c71469cd47a9125b4a14e27c6d514cefd34ddd39df81a358262d769512de
2023-03-30 15:43:43,False,1.405e-07,4.42e-10,830463268.0,3.67083,0x1b...7f6d,https://bscscan.com/tx/0x195a2c0c7b954301b31863cbdb1f6c41cd7f7f74c47c39f6e98ae8cd2dde7a17
2023-03-30 15:43:37,True,1.412e-07,4.443e-10,663931222.0,2.95,0xec...0165,https://bscscan.com/tx/0xab260ba7d129a78e4e0082e94aa61cbdbd442dac76db34d6633112d7311f8c39
2023-03-30 15:43:13,False,1.405e-07,4.421e-10,678606756.0,3.0002,0xde...fa58,https://bscscan.com/tx/0x90ddfcc826baf1d4be52a041fa35c5e5b29bc8c2356f4d3cc678e419a2de252d
2023-03-30 15:42:52,True,1.414e-07,4.444e-10,413982318.0,1.84,0x08...af7e,https://bscscan.com/tx/0x543c69984c2dc54fd3989d1f026d1a30c3503fc532c5bcdf3996bf704bc888cb
2023-03-30 15:42:46,False,1.406e-07,4.422e-10,340747007.0,1.50681,0xec...0165,https://bscscan.com/tx/0x2e0481e06b7c62c6e08c24d60162382dc53df0ad05ef6045efbe6938dcc370fb
2023-03-30 15:42:37,False,1.407e-07,4.427e-10,705539856.0,3.12367,0x2a...576a,https://bscscan.com/tx/0x882177043c4909d2eedad0825fd2b5de7d427581bc542726ff558eb5c1ad45ec
2023-03-30 15:42:22,True,1.407e-07,4.45e-10,528035344.0,2.35,0xde...fa58,https://bscscan.com/tx/0x97f7bf175d63fc9f35de1b374666687b7e00a26376f0f8b36fa870e746b4082b
2023-03-30 15:42:01,False,1.4e-07,4.426e-10,250712924.0,1.10986,0x1b...7f6d,https://bscscan.com/tx/0x7090e606b2aceadc7f6e8bf160e057c49e30569b6caf5c4e1afea0e5a97e0626
2023-03-30 15:41:55,True,1.406e-07,4.446e-10,721892787.0,3.21,0xec...0165,https://bscscan.com/tx/0xc83e8fb0876e3594417325edd722c7b31381520b4147607c1db35924765a2a16
2023-03-30 15:41:52,False,1.399e-07,4.423e-10,478631974.0,2.11709,0x08...af7e,https://bscscan.com/tx/0x51cf1724ffc388069f424b41806395153bddb91602f6fc9e618ff151b465e1fc
2023-03-30 15:41:46,False,1.4e-07,4.427e-10,364776098.0,1.61503,0x2a...576a,https://bscscan.com/tx/0xd4f6bbcbe35954e7c085d92a58fcc8d767009ff3eb835e94c4e401f416e7dc1e
2023-03-30 15:41:16,False,1.409e-07,4.429e-10,76176914.0,0.3374,0xf4...5ff6,https://bscscan.com/tx/0x3a256c10044d90388a6de3788d4ab1301eeb985f12dc8ef358be61cb95296ee6
2023-03-30 15:41:10,False,1.409e-07,4.431e-10,317037266.0,1.40501,0x1b...7f6d,https://bscscan.com/tx/0x0a8ed5108fee422db530231d1ceffbc6420a56fbc2c62dd196bb4ae423dc6eb8
2023-03-30 15:41:07,False,1.404e-07,4.438e-10,1107369629.0,4.91551,0xec...0165,https://bscscan.com/tx/0xbb875dfd63d8e393224fe4cbc20cd479da63d4c7fc1679dd47ea41833600a302
2023-03-30 15:41:01,True,1.41e-07,4.459e-10,1372258468.0,6.12,0x08...af7e,https://bscscan.com/tx/0xc757735ac9fb00c1a368c5bdc82a2023ab369678a0e27bf533fd898ae08c2651
2023-03-30 15:40:40,False,1.402e-07,4.433e-10,517467303.0,2.29403,0xde...fa58,https://bscscan.com/tx/0xdf78547b95bc57f442e37c5653363d3f207ae1fd662d164f9e6f8baa3e75e83b
2023-03-30 15:40:19,False,1.41e-07,4.437e-10,242261044.0,1.07492,0x1b...7f6d,https://bscscan.com/tx/0x06d7c260362b06798224ff4155e1fe651279282477181ab715afacafcc19270a
2023-03-30 15:40:13,True,1.416e-07,4.455e-10,983050967.0,4.38,0xec...0165,https://bscscan.com/tx/0xdcc8d14a02a7e06fb28acf9be8d212e853a42588972cdb6e60ccf26ab92d333b
2023-03-30 15:40:10,False,1.408e-07,4.43e-10,451701376.0,2.0013,0x08...af7e,https://bscscan.com/tx/0x704992ea829de7c0bcac34ca8b4ff9c93fadc1d7edeedc80c74e8c3c11287e58
2023-03-30 15:40:01,True,1.415e-07,4.451e-10,653672790.0,2.91,0x2a...576a,https://bscscan.com/tx/0xe6b8996f253dfed04853cd24a4418803c5e52b5fd1c3c07884714d35fefb43b0
2023-03-30 15:39:19,False,1.4e-07,4.428e-10,419760832.0,1.85885,0xec...0165,https://bscscan.com/tx/0x01052b2ef1a220084dba9375248dba68b3ec922e2df7dfd5ac8a33e2df602c72
2023-03-30 15:38:58,True,1.414e-07,4.448e-10,833996989.0,3.71,0xde...fa58,https://bscscan.com/tx/0x9cad27a97001bebfb03373c3be939868f5aeb3eeb356369fffe8a0be37fecdfb
2023-03-30 15:38:52,False,1.399e-07,4.424e-10,407606857.0,1.80329,0x54...8ff9,https://bscscan.com/tx/0x299ff60ba3f5d8efb63aeba0d2c554ea6e4e5921bea6212ce6183da80f309f15
2023-03-30 15:38:37,True,1.405e-07,4.441e-10,1265218853.0,5.62,0x1b...7f6d,https://bscscan.com/tx/0xf12abafa2cf6f5de2e3a94ff22f2aa7c6c7722be6c60dc28318a93d36a6587cf
2023-03-30 15:38:31,False,1.397e-07,4.418e-10,1118954234.0,4.94466,0x08...af7e,https://bscscan.com/tx/0xa88cbd5eaffc2c984fc72df107527e34f26662c82456e72c68713d6e66d31141
2023-03-30 15:38:28,True,1.404e-07,4.439e-10,1367151427.0,6.07,0xec...0165,https://bscscan.com/tx/0xdadafc1716768505e114bee8fe03763244263bc062c7db04bbc68b4317f46ae9
2023-03-30 15:38:16,False,1.396e-07,4.415e-10,967106320.0,4.27045,0x2a...576a,https://bscscan.com/tx/0x82d3371bced4705dbe34eb983aedaeed00721f245fe52c9eb43e451e60c7a76c
2023-03-30 15:37:40,False,1.399e-07,4.424e-10,776793024.0,3.43691,0xec...0165,https://bscscan.com/tx/0x9d6f7bbdaf6eaae716cd29a6fe1bf3d93b2e2391e475fc694d9bae704cd78467
2023-03-30 15:37:16,False,1.402e-07,4.432e-10,788660345.0,3.49566,0xde...fa58,https://bscscan.com/tx/0x0a58e16b29c628980c4a7ea13c1e9479a3f801aa7cde15df72408479ed95cb8e
2023-03-30 15:36:46,False,1.411e-07,4.437e-10,260507821.0,1.15606,0xec...0165,https://bscscan.com/tx/0xc09d1f187f89efce1119a40991f754cc69e1acb776c7ce032d1afd5ab9788a64
2023-03-30 15:36:25,True,1.416e-07,4.456e-10,953677682.0,4.25,0xde...fa58,https://bscscan.com/tx/0x1ef4b2089b753923801b9631884eb1ae8cd0ee9a8d79ed33fc4f832401cdb839
2023-03-30 15:36:07,False,1.402e-07,4.432e-10,690172739.0,3.05943,0x1b...7f6d,https://bscscan.com/tx/0x1494d79808f8a2cc91a1f070d4fa0c4583b186dfba03f3270aee1970cac5f96f
2023-03-30 15:35:58,True,1.408e-07,4.452e-10,1275806886.0,5.68,0x08...af7e,https://bscscan.com/tx/0xa547eb2ff55925c330c38d67d822c1a4a095df386c80e99c582570ebea7c837f
2023-03-30 15:35:52,False,1.407e-07,4.427e-10,811282306.0,3.59195,0xec...0165,https://bscscan.com/tx/0xe0fa1621a9af401bda6d76c3823f7043d58d45bdcf831036fd5786e858a32a9c
2023-03-30 15:35:46,False,1.409e-07,4.433e-10,385969977.0,1.71122,0x5a...2b00,https://bscscan.com/tx/0x67990041cdf7aa76eacee7fdd6478cb54d6e5fda6f464450506d7bcbfd0b917b
2023-03-30 15:35:37,False,1.41e-07,4.435e-10,75555270.0,0.3351,0xc8...1cb2,https://bscscan.com/tx/0x79baec445551b83a9977089e852a29ceb9b23d2e4f35adf4e9ce6fa46a700d15
2023-03-30 15:35:01,True,1.409e-07,4.455e-10,509433350.0,2.27,0xec...0165,https://bscscan.com/tx/0xd3ba8b7f0d905953c9dcbece833449d61167b3917bf4a28894d2d7432e7eace1
2023-03-30 15:34:46,True,1.413e-07,4.446e-10,1320106795.0,5.87,0x2a...576a,https://bscscan.com/tx/0x4f636ccd4868d7c2119bfe69210d269d120938d28c8a696d1b1e86b8918eb209
2023-03-30 15:34:43,True,1.411e-07,4.438e-10,340229359.0,1.51,0x1b...7f6d,https://bscscan.com/tx/0x88ebb6454fc1da0aac08acb562bc08a4a121b7b601570953086bf86621decfc6
2023-03-30 15:34:24,False,1.397e-07,4.418e-10,744748929.0,3.29034,0x08...af7e,https://bscscan.com/tx/0x4a2f5ecbd48f840f60500053d2acd9af28aefb9e16ed49ce91e9517c52924a56
2023-03-30 15:34:12,False,1.399e-07,4.424e-10,449433949.0,1.98833,0xec...0165,https://bscscan.com/tx/0x3906df0900cf3fcd9ba786a39abe0707e2df05328ac34fd4ed6e252895eca94a
2023-03-30 15:34:06,True,1.413e-07,4.446e-10,393563205.0,1.75,0x1b...7f6d,https://bscscan.com/tx/0x5e32ca58b837fe6a0ba6b3fd1e00f44128922afcc9082131d5ee478dc8f78557
2023-03-30 15:33:54,False,1.407e-07,4.425e-10,570282339.0,2.52364,0x2a...576a,https://bscscan.com/tx/0x919b0947ef5629689ac90ce011c3d4914bd0968925161c79052d840ef8722f54
2023-03-30 15:33:33,True,1.406e-07,4.446e-10,802923118.0,3.57,0xd8...5cca,https://bscscan.com/tx/0xe8501c0a6a0463caec330ffa77b4c6716d54cb867348fdee08413131f19fdddf
2023-03-30 15:33:27,False,1.399e-07,4.422e-10,429187652.0,1.89794,0x08...af7e,https://bscscan.com/tx/0x3ceaa9215fce1ac13b7438ecc5a213ae7bf0710edad918f78208cce203208af8
2023-03-30 15:33:21,False,1.407e-07,4.427e-10,715349070.0,3.16752,0x1b...7f6d,https://bscscan.com/tx/0x895ed81423f241a6a2295e0046abfd19d0c15a39f6e966388052f153e99774f5
2023-03-30 15:33:03,True,1.414e-07,4.448e-10,989041252.0,4.4,0x2a...576a,https://bscscan.com/tx/0xdf3d869d566baa31739b217687fa92d4f820b73b33458e3b7fc410c1f78e7dff
2023-03-30 15:33:00,False,1.406e-07,4.423e-10,358413169.0,1.58539,0xde...fa58,https://bscscan.com/tx/0xb39d294c437c3e45dba069ec4b8100aa23d3c85ab8881d4635b958fe39f8dc95
2023-03-30 15:32:27,True,1.406e-07,4.445e-10,393668949.0,1.75,0xec...0165,https://bscscan.com/tx/0xcbfd5a3e371b95710245f21576a02ddea6bc0b74e47e784b5203293b7bbd74b8
2023-03-30 15:32:09,True,1.404e-07,4.438e-10,874086470.0,3.88,0xde...fa58,https://bscscan.com/tx/0xab8f9c408bb0918a60b917f380b7442f4fc827329646ebba975c138d4332ac73
2023-03-30 15:31:54,False,1.397e-07,4.415e-10,702160796.0,3.10066,0x1b...7f6d,https://bscscan.com/tx/0x920cb01940b56bb5e16193b4d3220a3f04b355838edce45b5e750549ee37d530
2023-03-30 15:31:48,True,1.403e-07,4.434e-10,1382317422.0,6.13,0x08...af7e,https://bscscan.com/tx/0x6b1be64866d57f91d233b98bbde866666efce20daf6c8b7479ecdfb45ddc922a
2023-03-30 15:31:33,False,1.394e-07,4.408e-10,507413417.0,2.2367,0xec...0165,https://bscscan.com/tx/0x0f2b3858afb197c9c04e59434b55dc1d09c2686a2cd88df7f407ce3d1953dd28
2023-03-30 15:31:24,True,1.409e-07,4.43e-10,394970220.0,1.75,0x2a...576a,https://bscscan.com/tx/0x4914d1cd59e7d4de5ee45d5aee12811feabfce6ec762ac95921a96d13f18751b
2023-03-30 15:31:18,False,1.402e-07,4.411e-10,970294779.0,4.28044,0xde...fa58,https://bscscan.com/tx/0x03d2620fb6222e5d5c0dc69271d8a980a8f1f6552edc09d2393daa9062b24a06
2023-03-30 15:30:30,False,1.399e-07,4.422e-10,1148512566.0,5.0789,0x2a...576a,https://bscscan.com/tx/0x575aeb54bd413ab27d0374ee3ce2bb98707c54214dc6c17fe41c52a74694a4b7
2023-03-30 15:30:06,False,1.409e-07,4.432e-10,973850532.0,4.31696,0x08...af7e,https://bscscan.com/tx/0xb4e88fe50f4ef586456e636d56e2ffef4308707e830dc0df9852247c7fd92274
2023-03-30 15:29:36,True,1.416e-07,4.454e-10,1082041270.0,4.82,0x2a...576a,https://bscscan.com/tx/0xd4bb0e5b07c6f7864e08e36cd8fd99bdf75383e7611c495c404bdc49fc92581d
2023-03-30 15:29:18,True,1.406e-07,4.444e-10,978835972.0,4.35,0x08...af7e,https://bscscan.com/tx/0x8147e56c17995b26e8f032c6a0ac05d3e1881766644849f982a568fe878b1dc1
2023-03-30 15:28:45,True,1.41e-07,4.435e-10,768851259.0,3.41,0xde...fa58,https://bscscan.com/tx/0x8dc174fb48e02db71583b3d9e0530d1a61f807c61a7ec0dc2789c7e5f5bf93c7
