datetime,buy_order,price_USD,price_native,amount_token,total_native,maker,etherscan_url
2023-03-21 21:11:41,True,1.63e-07,4.846e-10,65571148.0,0.3177,0xe9...05d5,https://bscscan.com/tx/0x56af7b89bb9ab1e067e06f5c2e1441f059cb701aa8a183553bdd2f2e754f88d9
2023-03-21 21:00:59,True,1.632e-07,4.845e-10,4684307.0,0.0227,0x9d...7a8e,https://bscscan.com/tx/0xb9be35f454368db29588d6039d967138829a4205180a1bc955e242a073a98180
2023-03-21 20:53:47,False,1.626e-07,4.822e-10,163800966.0,0.7899,0x6c...3911,https://bscscan.com/tx/0xd71a9ce5dc8955abbaa2eca5829fb4f8c998126b48f580d49f1bba08f5be3963
2023-03-21 20:52:20,False,1.635e-07,4.825e-10,311419685.0,1.5027,0x80...c095,https://bscscan.com/tx/0xb418e44c0906471a6bfe609c4924f330e7aaac3c288e4bffbd2ab288a415cebd
2023-03-21 20:48:29,True,1.642e-07,4.851e-10,708034.0,0.0034,0x3c...af46,https://bscscan.com/tx/0xc0e9ef44c398096a4dccc2369fa7fa04585245d96ab83d52c1995d79dc476222
2023-03-21 20:47:32,True,1.634e-07,4.851e-10,12000000.0,0.0582,0x62...c0c1,https://bscscan.com/tx/0x63dcfd07932f18ce254c1a14603f1687b16b36924ffdb7402cbff674295e4bc8
2023-03-21 20:47:26,False,1.634e-07,4.827e-10,174042993.0,0.8402,0x14...80be,https://bscscan.com/tx/0xdcb2e80418d7360dd3f3657549ed397de3e9086572e574023163a02c6a347e7e
2023-03-21 20:14:34,True,1.64e-07,4.852e-10,71225492.0,0.3456,0x75...80dc,https://bscscan.com/tx/0xb178e059a6b72715b71153c52c543ece0a8833e05eadee85f49a2bbdce5bd3ea
2023-03-21 20:11:16,True,1.632e-07,4.852e-10,12220900.0,0.0593,0x53...d869,https://bscscan.com/tx/0x2bf956636be7ee1b44b0fa0e203fc5f97492c0d40eb9b523f5b91fe59feb35e2
2023-03-21 20:07:16,False,1.62e-07,4.828e-10,61300360.0,0.2959,0x23...196e,https://bscscan.com/tx/0x209c4072bda87fb9e1e171a76017f7c178ad190172776a06b558e97916611e5d
2023-03-21 19:54:26,True,1.628e-07,4.852e-10,81095454.0,0.3935,0xa7...2d56,https://bscscan.com/tx/0x4512e18a51bb81c639254a7ad741e69e60cdce2cccb71a951f40dedfbdb31d9a
2023-03-21 19:34:41,False,1.627e-07,4.827e-10,5299485.0,0.0255,0xb2...9e56,https://bscscan.com/tx/0x227cd582c47f41e578db28dbf6bb8fb4a7f332c060b8cd0b8866cb9095df2d7b
2023-03-21 19:30:38,True,1.635e-07,4.852e-10,3314485.0,0.016,0x3d...eb21,https://bscscan.com/tx/0xcf9ec52bde04014a65567d9794a9e27abe9b676ff554e71519a018e537ec263e
2023-03-21 19:18:18,True,1.635e-07,4.852e-10,5461649.0,0.0265,0x8d...3f11,https://bscscan.com/tx/0x0a137b7e06201d0b88e4af277393dbff563a502a593922624ef38edf37b5bfcf
2023-03-21 19:13:35,False,1.619e-07,4.827e-10,4323852.0,0.0208,0x29...7a3a,https://bscscan.com/tx/0xd3543d7fed798ceecc6928839700d0f355c90df2d819f525f801be33c528bf07
2023-03-21 19:12:17,True,1.627e-07,4.851e-10,166134532.0,0.8059,0xaa...4257,https://bscscan.com/tx/0xc62d8a434d5d88edeed97ecf5caf87fde87f9b6d61bc2a84df982a57ecff1d52
2023-03-21 19:05:20,False,1.619e-07,4.826e-10,142502415.0,0.6878,0x74...731b,https://bscscan.com/tx/0xf04c0f703c3515e714654e59e3a2ecc6303e146dfad65f6157a276ce07a2132c
2023-03-21 18:59:38,False,1.627e-07,4.827e-10,13160978.0,0.0635,0x8b...23ed,https://bscscan.com/tx/0x759d67d0456be769bb9a414a04240f22e7ce2ffcad68e87e2516a22b02123db6
2023-03-21 18:53:22,False,1.629e-07,4.827e-10,40911288.0,0.1975,0xf3...239e,https://bscscan.com/tx/0x4ef9a387c2a71521f5e871a0758e984023b535cee87a2eef008552d1c7593f2d
2023-03-21 18:32:42,True,1.64e-07,4.852e-10,4366510.0,0.0211,0x38...e79b,https://bscscan.com/tx/0x457b992876481d54ecdf53991f15c0171c20237ec12353ad1d457f50828dcae1
2023-03-21 18:09:19,False,1.633e-07,4.828e-10,2147264.0,0.0103,0x7f...4654,https://bscscan.com/tx/0x38191abb7cb96379f96fe1bc53e6a3dfbef9db6089a541922ab6ceb3cf255f8a
2023-03-21 18:01:48,False,1.637e-07,4.828e-10,64292340.0,0.3104,0xf7...cb26,https://bscscan.com/tx/0x9b0b5243f8c81380420b841d8bac5088827d7c7f57ab22898885720f4e766552
2023-03-21 17:58:45,True,1.637e-07,4.851e-10,307303272.0,1.49082,0xba...d78b,https://bscscan.com/tx/0x2918bf30977aa132f613ed88a6f02c4ad8a422f44c46205a91da19055db2a593
2023-03-21 17:50:31,True,1.636e-07,4.849e-10,51930706.0,0.2518,0x45...7da9,https://bscscan.com/tx/0xd32bf65b9fd55e8ceec6d0a71879e5069de1233b6f34a8d1201d7cb8ad81ece2
2023-03-21 17:49:10,False,1.636e-07,4.824e-10,21754104.0,0.1049,0x50...d6af,https://bscscan.com/tx/0x2f5003bc701f3b2a0da5fc84e82306cdd2138e12d972834a95dcdf943e7c3a56
2023-03-21 17:46:18,True,1.637e-07,4.848e-10,60839820.0,0.295,0x32...74cb,https://bscscan.com/tx/0xd07a6eb70d5d6ea53c5b96abf70375b730003c16acc3c18e2081fba1c2aca8fd
2023-03-21 17:41:39,False,1.63e-07,4.825e-10,157519900.0,0.76,0x97...a97b,https://bscscan.com/tx/0xdb725be48430fd5a90a3e2f0e31f406cd2d1cf291f1e8915c7cb019a9a100313
2023-03-21 17:06:23,True,1.636e-07,4.847e-10,433191000.0,2.1,0x9a...b6b4,https://bscscan.com/tx/0xeeaf3c0517b373327d9069bab30b9671c69f8a0b12cc805797304a8ca7eb28c1
2023-03-21 17:04:41,True,1.635e-07,4.845e-10,3532750.0,0.0171,0xd5...b26e,https://bscscan.com/tx/0xd24c7f6165893c62d6aaacee09970ec3cf2846bcf294d72318d3b3fdeabf3aba
2023-03-21 16:59:59,True,1.637e-07,4.845e-10,12363000.0,0.0599,0x53...d869,https://bscscan.com/tx/0x078f606fabd5caea30cecabd8a7290c3543e6783117f539406d94676282369ed
2023-03-21 16:44:14,True,1.635e-07,4.844e-10,5159960.0,0.025,0x2f...6a05,https://bscscan.com/tx/0x97bb3ffd50f5fa17b729a62804985543155ac7037438cbebf2a63bf725f567d6
2023-03-21 16:41:47,True,1.627e-07,4.844e-10,13220415.0,0.064,0xc7...a864,https://bscscan.com/tx/0x23d85cbf0a8027f49a8e3760df5d054e3983a816d0d4f158e1d2f5ed8e83b40c
2023-03-21 16:41:17,False,1.627e-07,4.82e-10,5917025.0,0.0285,0xe5...fb35,https://bscscan.com/tx/0x33676f4f61a9a2d1918e456b02a3142e61d60c020003aaeae95f77a394ec10a1
2023-03-21 16:35:22,False,1.62e-07,4.823e-10,436094912.0,2.10338,0x58...5651,https://bscscan.com/tx/0x45d4046593bd0cc018d0475cc6568c90b491c82d5ee518c1145f3e493215ce98
2023-03-21 16:34:05,True,1.636e-07,4.849e-10,777777.0,0.0037,0x4c...8d5b,https://bscscan.com/tx/0x75e73c668e845773aaef6d520126b50a2a58cc61ffbfe20fa5d81b3cb6fd71dd
2023-03-21 16:32:06,True,1.635e-07,4.849e-10,777777.0,0.0037,0x4c...8d5b,https://bscscan.com/tx/0x951043258274b3ecf8f3ca1079b0d83693e0a15188ccf03adb5c7fa4dea350ed
2023-03-21 16:31:24,False,1.626e-07,4.825e-10,11507597.0,0.0555,0x7f...f7ae,https://bscscan.com/tx/0x9c315f34674697fdd543c671b85b67b6a92d2582d5f279abc55bfe1a1738d93e
2023-03-21 16:30:36,True,1.634e-07,4.85e-10,141258.0,6.851e-05,0xba...fcfc,https://bscscan.com/tx/0x16a5bb917446d4fad1f7969bf814de13522a87c8b75784494007617191e255cb
2023-03-21 16:26:06,False,1.617e-07,4.825e-10,21583340.0,0.1041,0xce...9c5f,https://bscscan.com/tx/0x528f1ba5a9a97637a9b6a1ad1a6b24e6fa4f2610a7859529b03869b7f73e0677
2023-03-21 16:21:54,False,1.623e-07,4.829e-10,631000294.0,3.0476,0x2a...576a,https://bscscan.com/tx/0x7f21e3e4ab27d8f544d5ea8c6ee0f615f4daae725ff731ad9c88f51a9c3be1e6
2023-03-21 16:18:45,True,1.634e-07,4.853e-10,719069075.0,3.49,0x2a...576a,https://bscscan.com/tx/0x0a407a91af7cb99da8e5ffa55654b6645ced7c4ddceac0e7b5f344e0e84ae0b6
2023-03-21 16:15:33,False,1.619e-07,4.831e-10,1099423980.0,5.31184,0x2a...576a,https://bscscan.com/tx/0x5af756cd74d549e6ede2185a967319b82bbfd5998624b500e9c7fd4dd00a5c88
2023-03-21 16:14:57,False,1.629e-07,4.838e-10,40658272.0,0.1967,0x7a...446c,https://bscscan.com/tx/0x7bb41416a929effa2fe722aac0133ec2557cbd449f4b418badb8d5e2cca368e6
2023-03-21 16:12:24,True,1.635e-07,4.859e-10,502090638.0,2.44,0x2a...576a,https://bscscan.com/tx/0xaa91745eb8899af870960380f2122693a7bfaafcce546369e1894b47ce501adf
2023-03-21 16:07:51,True,1.626e-07,4.854e-10,391394551.0,1.9,0x08...af7e,https://bscscan.com/tx/0x5c4fc318f491b8ad97eee077079eee02d184f590571b9b2859889e081a8d546f
2023-03-21 16:02:39,False,1.617e-07,4.832e-10,709941735.0,3.43048,0xde...fa58,https://bscscan.com/tx/0x07068a52d9e787d1084de72bb824406a690f07d80bf1d25a9f03a6ee78eb47d9
2023-03-21 16:00:03,False,1.62e-07,4.839e-10,512241805.0,2.47883,0x1b...7f6d,https://bscscan.com/tx/0x42a7d15a64ca548422af18dded19373e791003cf31ed49d8d49fcd9398bcd8ff
2023-03-21 15:59:36,True,1.628e-07,4.863e-10,495523102.0,2.41,0xde...fa58,https://bscscan.com/tx/0xd6977b44fb4d71fd1c9ce81497937f7f66f740febc3f264064db9776a21856d4
2023-03-21 15:57:35,True,1.635e-07,4.86e-10,2000000.0,0.0097,0xd6...f1f4,https://bscscan.com/tx/0x2b851b8e0031ca126b3214fd641e5aa27cb1c4c841a6f77379667fa40b3ca77d
2023-03-21 15:56:59,False,1.62e-07,4.838e-10,405881671.0,1.96394,0x1b...7f6d,https://bscscan.com/tx/0x19245b84db4bb89df2d89786a6059b8c92517e35749a5f3cc3307ee68d2e8583
2023-03-21 15:56:34,False,1.629e-07,4.842e-10,327839510.0,1.58773,0xde...fa58,https://bscscan.com/tx/0x2a1ba0354b102f0ba430e4c59b5710ab34873cc48326b81fa72fa442425b3006
2023-03-21 15:55:31,False,1.631e-07,4.848e-10,579449343.0,2.80935,0x08...af7e,https://bscscan.com/tx/0x539d2e4a0288660b5102b564a6317726408aebc091d4ed762b49640b9a50cc9b
2023-03-21 15:55:18,False,1.625e-07,4.854e-10,425709817.0,2.06648,0xec...0165,https://bscscan.com/tx/0xb7958eb1d5eeb457c680c305d0c00b67c0fe05ca274be2ee9f72ca53eba90f72
2023-03-21 15:50:12,True,1.642e-07,4.876e-10,783360079.0,3.82,0x2a...576a,https://bscscan.com/tx/0x946dcb83c3c708e1bb51075aba2d5f845d917b46f6120e3271b68cd87a4bab8b
2023-03-21 15:49:03,True,1.639e-07,4.868e-10,513475445.0,2.5,0xec...0165,https://bscscan.com/tx/0xd9cf96fe0b7ce1bd55268424b7ca7b005720575c22658256df4ebbb5a84e2a5d
2023-03-21 15:48:09,True,1.629e-07,4.863e-10,416440237.0,2.02528,0x2d...932b,https://bscscan.com/tx/0x95af0994bd3663701c317f2377c69bc55e8f05073f0515088d1d520af2614ff2
2023-03-21 15:47:51,True,1.627e-07,4.856e-10,757761475.0,3.68,0x1b...7f6d,https://bscscan.com/tx/0xa92e1cb46f6abb3460642ecbb36e2226de9eec66b0d33b3222cd2ed34e784409
2023-03-21 15:45:57,False,1.619e-07,4.831e-10,707336244.0,3.41775,0xec...0165,https://bscscan.com/tx/0xfa0107183d933d902c0251a3cb33304a2d889b7024e97cc44ab1ea0b029cb37f
2023-03-21 15:44:51,False,1.621e-07,4.839e-10,626379536.0,3.03145,0x1b...7f6d,https://bscscan.com/tx/0xddfdff2231e314a58c68b0d9f26741e1330a2c4a6dc00883fdc84dd857d3228e
2023-03-21 15:43:51,False,1.623e-07,4.845e-10,394775146.0,1.91292,0x2a...576a,https://bscscan.com/tx/0x6b293fa1a49e6644d224b02187362c682b91f2db7feaf0c91b755ecde2b5627d
2023-03-21 15:43:09,True,1.639e-07,4.867e-10,864984302.0,4.21,0x08...af7e,https://bscscan.com/tx/0x86203bea927c7e6247beeebbf3d8bf4131c6999bb0a977d5aaa528e1288abebb
2023-03-21 15:41:21,True,1.635e-07,4.858e-10,555694180.0,2.7,0xde...fa58,https://bscscan.com/tx/0xa35c4cc5592fd6f2727bb5fb460d59652b6571864eed4fd3c18ad7dd38e4c627
2023-03-21 15:38:45,True,1.632e-07,4.851e-10,715267597.0,3.47,0x1b...7f6d,https://bscscan.com/tx/0x69460a80faa45a4e84db9b025793b6e89484ebedf535e7def4af7628fd17b9d8
2023-03-21 15:37:30,False,1.624e-07,4.827e-10,733759493.0,3.54201,0x2a...576a,https://bscscan.com/tx/0x1754ce43d08c1e6a94fa73a360bd5a8e4c0bdfeb5f297b331d9b3a2077cc92f9
2023-03-21 15:36:27,False,1.625e-07,4.833e-10,298300323.0,1.44175,0xec...0165,https://bscscan.com/tx/0xc565d625c8618774951e9ea25c72081b5b1dcf53778b2c0687955e34b455d845
2023-03-21 15:35:42,False,1.627e-07,4.836e-10,284055462.0,1.37387,0x1b...7f6d,https://bscscan.com/tx/0x830179165ff6d24ddf8bb80d65ac3d12fe205ff1f64886beec3fd3e809cd05e1
2023-03-21 15:34:18,True,1.635e-07,4.859e-10,467097379.0,2.27,0x2a...576a,https://bscscan.com/tx/0xc65d27128f3fc5759c1e4923f1c47bbf73d0b5f14e04d699c7b3f4ff3560ef12
2023-03-21 15:33:54,False,1.617e-07,4.835e-10,388826668.0,1.88001,0x25...06cf,https://bscscan.com/tx/0x74783527717ce63016cc5115e16316b6124bdb2a965703c948e77604303ed77f
2023-03-21 15:33:54,False,1.619e-07,4.84e-10,505897754.0,2.44869,0x08...af7e,https://bscscan.com/tx/0x924b6d7f99fe47de81fb51784f3723a4daca8baa38c4277edffbcdaca5da30a5
2023-03-21 15:33:21,True,1.634e-07,4.861e-10,1079981274.0,5.25,0xec...0165,https://bscscan.com/tx/0xac6805f5dbc6d9547d6a1cb3989aba3a348538a5e356c0bdb0ed735b0ce07d87
2023-03-21 15:32:39,False,1.617e-07,4.833e-10,553376607.0,2.67494,0x1b...7f6d,https://bscscan.com/tx/0xa7ec18238597edb307fa4332f789571f58422265d7bb1a8cb663528918174720
2023-03-21 15:29:39,True,1.625e-07,4.858e-10,566075020.0,2.75,0x1b...7f6d,https://bscscan.com/tx/0xa4f9afd907edb89f18dbafe990c3020251872d8e5d4da9fae20c5ceb6987de77
2023-03-21 15:28:00,True,1.623e-07,4.852e-10,358571403.0,1.74,0x2a...576a,https://bscscan.com/tx/0xabd4434683b4d1d7b855808a6c66540d97594c04ea5c5664049c526f7fbb1881
2023-03-21 15:27:42,True,1.622e-07,4.847e-10,581793422.0,2.82,0x08...af7e,https://bscscan.com/tx/0x42c4b6ffccb6af8c7b6acc6b69af34bb5c65fc9b960dea71cc5beb73105ba802
2023-03-21 15:26:48,True,1.621e-07,4.843e-10,33287998.0,0.1612,0x48...1c81,https://bscscan.com/tx/0x2869bcdd2778fb76a6af202b093b1200d1424d9a69f7656de3f4d602ad03d3dd
2023-03-21 15:24:36,False,1.617e-07,4.822e-10,642341621.0,3.09791,0x08...af7e,https://bscscan.com/tx/0x4117991a8f1e07c2c38599acc4576b68d947348f6a9503cde3d3929e96e3c59f
2023-03-21 15:23:33,False,1.62e-07,4.829e-10,504762254.0,2.43775,0x1b...7f6d,https://bscscan.com/tx/0x6ea7ff433e8281a2081957acd99fd8b080e4cd252dbbbecde06b4cb28b500dfd
2023-03-21 15:21:03,False,1.621e-07,4.832e-10,77354898.0,0.3738,0x24...4030,https://bscscan.com/tx/0x3ffb1b8a95fad840c1f53002897bbd8109d8c4289b8eb668ed59b93d11d0909d
2023-03-21 15:20:03,False,1.63e-07,4.836e-10,565231683.0,2.73382,0xde...fa58,https://bscscan.com/tx/0xf89590c584c9e685aeb539052ecec0475de38e33217e093260fc494a1802ed69
2023-03-21 15:18:30,False,1.633e-07,4.845e-10,970286367.0,4.70164,0x2a...576a,https://bscscan.com/tx/0x185c2e2272a0ec7c6fdea048cbd8e6eff98ddb8622a6d30c5857ec0fb3d56d55
2023-03-21 15:17:39,False,1.637e-07,4.853e-10,451585932.0,2.19197,0xec...0165,https://bscscan.com/tx/0x98e40e5a4b01193d9476b64ed36360a209c2f488bff11f8b36409d09e6366cc0
2023-03-21 15:17:00,True,1.636e-07,4.875e-10,931195506.0,4.54,0xde...fa58,https://bscscan.com/tx/0xeee205d76c75e96422d835f87e5e943bea51e924ece277ea8457d67676ed1888
2023-03-21 15:15:18,True,1.641e-07,4.863e-10,1065035048.0,5.18,0x2a...576a,https://bscscan.com/tx/0xc61baf9ba42050c649dbbf362e59e22787302e9908efaaa7cfac032c2e30dbbc
2023-03-21 15:14:24,True,1.637e-07,4.851e-10,1047144172.0,5.08,0x1b...7f6d,https://bscscan.com/tx/0x7e14f42f893dc2bbecb72e62ddec98d96359a007a4c16bf98c6c2cc8ec56ee18
2023-03-21 15:13:57,False,1.62e-07,4.824e-10,547537675.0,2.64141,0xde...fa58,https://bscscan.com/tx/0xf7bc9d110d40fd7640935b1ae5ca6ed8bd9522d11bf8f7d59a56e81984f6febd
2023-03-21 15:08:18,False,1.622e-07,4.831e-10,699307038.0,3.37859,0x1b...7f6d,https://bscscan.com/tx/0x81605d4b28669965b4267f1677314597251e1e515de41d41591d46537b6ba898
2023-03-21 15:05:36,False,1.625e-07,4.835e-10,6812469.0,0.0329,0x7a...9b3e,https://bscscan.com/tx/0x074132b0cc778e8e24e29c3296b94747afb95e704e97ae35ab7de09810780236
2023-03-21 15:04:51,True,1.633e-07,4.858e-10,308768384.0,1.5,0xde...fa58,https://bscscan.com/tx/0xed550cc644aef1aea388a5f36199f167549b854c729f13c8a503988218ac9b8b
2023-03-21 15:04:27,False,1.633e-07,4.832e-10,26104921.0,0.1261,0x4a...ab5c,https://bscscan.com/tx/0xfb71a623d55450540bad36a62bb0b5fecf7f6cca6a533c65952c6c0fc592fd44
2023-03-21 15:01:15,True,1.64e-07,4.856e-10,27943342.0,0.1357,0x0f...fe2e,https://bscscan.com/tx/0x4d2285cb6e066584d811201aea448d3ab72de87ce280408033dc3b21a4768c5a
2023-03-21 14:56:04,False,1.621e-07,4.832e-10,65268137.0,0.3154,0x29...1ae6,https://bscscan.com/tx/0xa1331da89d717d97bf4fe0bc21ad727446136b785fcfeb313a898444e0a110a0
2023-03-21 14:56:04,False,1.622e-07,4.834e-10,281364102.0,1.36021,0x6c...cf0c,https://bscscan.com/tx/0x0a7b9af796fc7911d505afd562245937a1ac6641f8cc115e5d33542583c5c5e4
2023-03-21 14:51:11,False,1.623e-07,4.838e-10,493491023.0,2.38793,0x58...5651,https://bscscan.com/tx/0xe31d82e3ea4d4dc594e1f61f4026dcf8499a27ab5a3559aaddda476789733b64
2023-03-21 14:50:38,False,1.632e-07,4.841e-10,6973854.0,0.0337,0xec...a62c,https://bscscan.com/tx/0x869ca5d30ccca398b9c380edbef2e48c5c361409ffe6f8da4e9a6e28836fde48
2023-03-21 14:49:56,False,1.625e-07,4.845e-10,633483949.0,3.06956,0x2a...576a,https://bscscan.com/tx/0x0e4193fc495d7d250feadf61ca36124644ca004e4a40da41e0b25415b808bb6b
2023-03-21 14:47:29,True,1.643e-07,4.871e-10,361290631.0,1.76,0x08...af7e,https://bscscan.com/tx/0xdfe8f7431443081ce1b01ed15eb450745420724e5e4a634647d4514b517cc4e6
2023-03-21 14:47:02,True,1.633e-07,4.865e-10,571319447.0,2.78,0x1b...7f6d,https://bscscan.com/tx/0xdb06bda21ffb0f617c4b24336a66d0129bb6bed98fff876d4a4d3eaabe0eec8f
2023-03-21 14:46:14,True,1.638e-07,4.859e-10,497979084.0,2.42,0xec...0165,https://bscscan.com/tx/0xca58d25dcd9fdaae7a67fb35cf9dbfcdd400e5cd82501714a1321a1134e3efb2
2023-03-21 14:44:32,True,1.64e-07,4.856e-10,13476658.0,0.0654,0x96...ef1c,https://bscscan.com/tx/0x57bc02dd3337f8db23692d628abeeed6bb88fabd16c86fe8056fe1600167b579
2023-03-21 14:44:26,True,1.639e-07,4.854e-10,418202606.0,2.03,0x08...af7e,https://bscscan.com/tx/0xb7e2944498f5fd27a4ebc2a9a816962fc1ceeabf304304e39ac4d6a657bafaa3
2023-03-21 14:44:02,False,1.623e-07,4.832e-10,898973693.0,4.34444,0x1b...7f6d,https://bscscan.com/tx/0x0afbabefc2c7068c222b346554c4d7f46d0cf05ece84e11f0041453e8ebc5cee
2023-03-21 14:43:35,True,1.64e-07,4.858e-10,697806485.0,3.39,0x2a...576a,https://bscscan.com/tx/0x93c11f3c83846bf2d5ab2a96cf12408ae2697c637539d744b421bfdf238c9014
2023-03-21 14:43:08,False,1.63e-07,4.831e-10,323251778.0,1.56183,0xec...0165,https://bscscan.com/tx/0xd7e1f4ad0b17ee913e549b41e65aeeb766928cbbb8f46d3d6037406876131fa9
2023-03-21 14:41:20,False,1.625e-07,4.838e-10,899039872.0,4.35024,0x08...af7e,https://bscscan.com/tx/0xacf1e2b858b343745aebd7070ce8daf2ba5848710ca88db9217ad74bc9a93a0d
2023-03-21 14:37:53,True,1.645e-07,4.863e-10,744253186.0,3.62,0x1b...7f6d,https://bscscan.com/tx/0x534b7aeaa60ec04402d5ed68040119c2e674e5f8f5fa420e5815eb7fc213d57b
2023-03-21 14:36:47,False,1.636e-07,4.839e-10,694704145.0,3.36192,0xec...0165,https://bscscan.com/tx/0xd9013ac0fa529551107de8d78e403f8e6dbd4beb8b11a9cccee48a9f71d452ed
2023-03-21 14:35:11,True,1.644e-07,4.863e-10,779334051.0,3.79,0x08...af7e,https://bscscan.com/tx/0x16f7b2d14d9cbf3fecf4f522c81ae784a82e47c5d04a7374304d5acd4455758f
2023-03-21 14:35:05,False,1.635e-07,4.835e-10,163800692.0,0.792,0x6c...3911,https://bscscan.com/tx/0xdb1beec1113caa73a615b3b8689352e90d3b6c92cdc3dad878a1f9bc1c586984
2023-03-21 14:34:35,False,1.636e-07,4.84e-10,673602137.0,3.26033,0x2a...576a,https://bscscan.com/tx/0x04caccad0c0d6c17e40e72d03a10033b495ae607124e9914d7caf21a7cbaf3ff
2023-03-21 14:33:38,True,1.644e-07,4.863e-10,748360310.0,3.64,0xec...0165,https://bscscan.com/tx/0x2a193958523a152ea148cdb79f2b88ccef685c704278cc16336163844331e089
2023-03-21 14:30:30,False,1.633e-07,4.837e-10,309793139.0,1.4985,0xec...0165,https://bscscan.com/tx/0xce371b5136fe4226fb6d3290a55e344958858bfdcdf67c233643c685687b2f82
2023-03-21 14:28:18,False,1.636e-07,4.844e-10,895875000.0,4.33976,0xde...fa58,https://bscscan.com/tx/0xdc8d64ae04f4f1cad978592dfc72dfd76f02a3fe03ffb2f7478992d9d0fb8635
2023-03-21 14:27:21,True,1.636e-07,4.869e-10,634498495.0,3.09,0xec...0165,https://bscscan.com/tx/0x11da6831bfa2a8fcd727b1d04600fa0c2e7ba5f9956556508e591ca5a1954261
2023-03-21 14:25:54,False,1.628e-07,4.846e-10,846323597.0,4.10205,0x08...af7e,https://bscscan.com/tx/0x3dca8cecd86333da9d8532ed9f57d6e098d8ee2033111a0155dbbf57f3449441
2023-03-21 14:24:36,True,1.646e-07,4.874e-10,371357121.0,1.81,0x2a...576a,https://bscscan.com/tx/0x36b04d2097ce24c62da6a6d6401c9f67779acdbee234044df98f0c24fd833c59
2023-03-21 14:24:15,False,1.63e-07,4.852e-10,802296757.0,3.89291,0xec...0165,https://bscscan.com/tx/0x1b9b5360ad7c0c445f1f21fddc09397f6fc4eef3637b1d4b6d2b0aacb21d0d23
2023-03-21 14:23:36,True,1.648e-07,4.881e-10,783607.0,0.0038,0xeb...cb76,https://bscscan.com/tx/0x1e8c2ddedf643b8b1202410e7cd4dbb9bcf1d736172a597fb2f75767c807ca39
2023-03-21 14:23:36,True,1.648e-07,4.879e-10,311993869.0,1.52235,0xeb...cb76,https://bscscan.com/tx/0x1e8c2ddedf643b8b1202410e7cd4dbb9bcf1d736172a597fb2f75767c807ca39
2023-03-21 14:22:45,True,1.647e-07,4.876e-10,181696942.0,0.886,0x5b...f5cf,https://bscscan.com/tx/0x6c52eed6d5f647759a31d695a70e0e5d07e0780d8073db7fa2d0729d6e8e21f4
2023-03-21 14:22:13,True,1.645e-07,4.87e-10,870583802.0,4.24,0xde...fa58,https://bscscan.com/tx/0x1c7e20d2ff967c04d5751dd09b6bf7a025672666e77d3d3e4f5f57b6df8f9546
2023-03-21 14:21:04,True,1.642e-07,4.862e-10,382486216.0,1.86,0xec...0165,https://bscscan.com/tx/0x2311a6f21db29e33c52d9823dd8840c6a88cdebbfaf0fef0c64c0df93b21c2b5
2023-03-21 14:20:04,True,1.641e-07,4.86e-10,43671641.0,0.2122,0x6f...86dd,https://bscscan.com/tx/0xdb4a87218ffb2e5527c96dede847514f164e3d7232a4d5b8e1d1602a25d1418d
2023-03-21 14:18:01,False,1.635e-07,4.84e-10,750925275.0,3.63469,0xec...0165,https://bscscan.com/tx/0x33d9d60251f8ce108a4eac8aed2fd6ed9b4a4b369406e75b0bbb5c60e2aeed51
2023-03-21 14:16:37,False,1.636e-07,4.844e-10,4622989.0,0.0224,0x82...37ce,https://bscscan.com/tx/0x20ab53141ea9eca2f5e18881d989d7262740ad69ede1657c25e67a5333a41d21
2023-03-21 14:13:34,True,1.643e-07,4.864e-10,803816775.0,3.91,0x08...af7e,https://bscscan.com/tx/0x580e3716638518b0f7e260c628b58a16020efb8f3ca722302dc48d611f4ea908
2023-03-21 14:11:52,True,1.63e-07,4.856e-10,467383597.0,2.27,0x2a...576a,https://bscscan.com/tx/0x69a32d86683c65ff8df72a501f400b7667284ae50622084e185b684804702864
2023-03-21 14:11:37,True,1.639e-07,4.851e-10,410167384.0,1.99,0xec...0165,https://bscscan.com/tx/0xbd8727aec7e6902a9b5229f5f7430956e92878face3cd1410c47a0fc8d556599
2023-03-21 14:10:25,False,1.632e-07,4.829e-10,772212444.0,3.72945,0x08...af7e,https://bscscan.com/tx/0xa98a5e3ebace20a0be870df9bd4b2a39599660a33713654ac0dd5c760ad42875
2023-03-21 14:10:04,False,1.627e-07,4.838e-10,757777530.0,3.66649,0xde...fa58,https://bscscan.com/tx/0x82b18ca026a8f3004c8e4072019f8ede095a0baedec16b2f66a39bbf2a456395
2023-03-21 14:07:22,True,1.641e-07,4.862e-10,837057345.0,4.07,0x08...af7e,https://bscscan.com/tx/0xa9f5ffe71d0e91ce2be80f26820ac0d2ed5465e47e09750d0dbdf7febc37a293
2023-03-21 14:07:01,True,1.637e-07,4.853e-10,665505994.0,3.23,0xde...fa58,https://bscscan.com/tx/0x779a4b3d8e417cb5b04835051da574bbcbde71aeb4cb861fa57a37176d0a2998
2023-03-21 14:04:16,False,1.621e-07,4.828e-10,543089793.0,2.62231,0x08...af7e,https://bscscan.com/tx/0xeeb2e25964b81d5155cbf53d27bc27d9afa751938c1528746184e99dc1c86261
2023-03-21 14:03:58,False,1.631e-07,4.833e-10,329422649.0,1.59229,0x89...1f89,https://bscscan.com/tx/0xa1cd5de2399460e8f00b1af57908c88ae79a97f2a10307207882bc8e3cd98fab
2023-03-21 14:00:55,False,1.624e-07,4.837e-10,357967821.0,1.7317,0xde...fa58,https://bscscan.com/tx/0xc20279ada58465884911a924c6ea9c5702a665e4872eb077d3f61eb9a1a64030
2023-03-21 13:58:19,False,1.634e-07,4.842e-10,541846323.0,2.62408,0x1b...7f6d,https://bscscan.com/tx/0x7f70f14adc9d2b6aa43c773487ae0abceea23889f94527d322d757a6c0d48ef1
2023-03-21 13:58:04,True,1.641e-07,4.867e-10,462239973.0,2.25,0x08...af7e,https://bscscan.com/tx/0x5621853929568afca8dc7d9eaa991d2ecb520a6d9a9686aea69b0362a4fcb2ec
2023-03-21 13:52:52,False,1.628e-07,4.842e-10,345262793.0,1.67197,0x2a...576a,https://bscscan.com/tx/0x587ecd416dec7fbb01186042d892ec22038c2ac92e84b0c016c42b13636697ae
2023-03-21 13:51:55,False,1.631e-07,4.849e-10,836862976.0,4.05839,0x08...af7e,https://bscscan.com/tx/0x7659a8a323953dfc175288ba0d95f84ae04bd46e611e856e3ba39dffce50bfd3
2023-03-21 13:49:40,False,1.631e-07,4.858e-10,720334026.0,3.49986,0x2a...576a,https://bscscan.com/tx/0xb9320a2a9fdbd251f7c4e229164a589253d82f75fc856a8183ef5aa31f7cf997
2023-03-21 13:47:03,False,1.631e-07,4.863e-10,23441794.0,0.114,0x6b...3198,https://bscscan.com/tx/0x0876166a6c4d1146456021ba9394359173897bc4c7864f3c186c206866a13c66
2023-03-21 13:46:13,True,1.638e-07,4.882e-10,806915999.0,3.94,0x1b...7f6d,https://bscscan.com/tx/0x45792e6d9e917becb01d1c68b47de2563f1b3483b133ce14f42e116f0a33fae0
2023-03-21 13:43:18,True,1.626e-07,4.875e-10,461510661.0,2.25,0x2a...576a,https://bscscan.com/tx/0xc826070add1cea0e8cbc07d8243c45f2c3dde038fcffe236ba4091de6ac60006
2023-03-21 13:42:39,True,1.632e-07,4.868e-10,616150869.0,3.0,0x08...af7e,https://bscscan.com/tx/0x0a3c3de2ee27fc7fae80ffedcc2ac363a6f63329e8c2d586413f4ecf92bede10
2023-03-21 13:40:13,False,1.614e-07,4.843e-10,366051688.0,1.77285,0xec...0165,https://bscscan.com/tx/0xbed38e5946d9ae22c0749898879347259653fd686910461e9a98f1d489ca4dca
2023-03-21 13:39:34,False,1.624e-07,4.849e-10,638902140.0,3.09806,0x08...af7e,https://bscscan.com/tx/0x97c96ac9d1df6b1f14c7859bc55ac34c9611837d4c14feb0f0ccf3f92a0b2eb5
2023-03-21 13:38:28,True,1.633e-07,4.877e-10,6971367.0,0.034,0x94...cd6e,https://bscscan.com/tx/0x2f4a8a841f2719a3900a6ce0d45728c4931150b11cc5f9f67b7f0504eae78aeb
2023-03-21 13:37:01,True,1.631e-07,4.875e-10,220273844.0,1.074,0x0e...5171,https://bscscan.com/tx/0x43174f2a4a08ec777e2a2d6c842257d0338c0b3ac020bc6a569925cbb6c092f3
2023-03-21 13:37:01,False,1.623e-07,4.852e-10,335900095.0,1.62981,0x1b...7f6d,https://bscscan.com/tx/0x621b8479932b47b2f033c235f3f8903eb5c178150af09fb03cd67768a99156f7
2023-03-21 13:33:52,True,1.623e-07,4.874e-10,584621222.0,2.85,0x2a...576a,https://bscscan.com/tx/0x1785d47d75fc4822a45350eaeb01aa79986152ee79988921dd5eaadae27cd009
2023-03-21 13:30:16,True,1.627e-07,4.864e-10,1134677962.0,5.52,0x08...af7e,https://bscscan.com/tx/0xb482187a1301e6b2c303bf24e2a70f4c9a9308e59637070f69bce0ceb03ecb5d
2023-03-21 13:27:25,False,1.619e-07,4.836e-10,459041423.0,2.22019,0xde...fa58,https://bscscan.com/tx/0x06189e32a8b4e65ac3c3514278872cbdc872d85b25f5f357d97dbca1ccfd066b
2023-03-21 13:24:19,False,1.621e-07,4.845e-10,1053437353.0,5.10434,0x2a...576a,https://bscscan.com/tx/0xc6b3f02684506950f859361f08e7b2d58be9f61d576d21d9f7ae586c37bab857
2023-03-21 13:24:10,False,1.617e-07,4.856e-10,870163694.0,4.22611,0x03...4b6a,https://bscscan.com/tx/0xe7ba3face10e7e42339a76ab7ebed629af3c84cce4124b0470d196ce4b8c880e
2023-03-21 13:21:49,False,1.621e-07,4.866e-10,792242817.0,3.85541,0x1b...7f6d,https://bscscan.com/tx/0xde4ac26d051e9ed5e8540b09857ab5cbee9603f146bf7e15cf4d8f4ecf171ae1
2023-03-21 13:21:25,True,1.63e-07,4.891e-10,609165209.0,2.98,0xec...0165,https://bscscan.com/tx/0x0a648cdd3263c236a90b1cb4997c59ff7765ab164f413194757a92031ce65028
2023-03-21 13:21:07,True,1.628e-07,4.883e-10,769897449.0,3.76,0x2a...576a,https://bscscan.com/tx/0x01467c6c92a330d612b5d2d79baaa0a76129fd2c20a9b9217cd9b58494625cdb
2023-03-21 13:21:01,False,1.62e-07,4.86e-10,901156359.0,4.37976,0x08...af7e,https://bscscan.com/tx/0x6872471ee6a109c9d5058c48840f4cf875de4c099a5ad7ca09debfb0f5f452c2
2023-03-21 13:18:46,True,1.639e-07,4.887e-10,339617902.0,1.66,0x1b...7f6d,https://bscscan.com/tx/0x02bf4bbfeef218a22cd3a017fb166be9b8608c129bb697645f341c52b999841e
2023-03-21 13:18:19,True,1.628e-07,4.879e-10,1008224616.0,4.92,0xde...fa58,https://bscscan.com/tx/0x36032d3369fb9ec84708e7ef2aa7616282fc36604b8abde3e8777736534ab3c8
2023-03-21 13:18:16,False,1.619e-07,4.852e-10,550712733.0,2.6725,0xec...0165,https://bscscan.com/tx/0xcf700cc024bb54bd2abae492523213acdb8e0d32199a7431e65bec07ca745a80
2023-03-21 13:17:55,False,1.622e-07,4.858e-10,338716859.0,1.64549,0x08...af7e,https://bscscan.com/tx/0x9046923640292a16797a9f3c7c5bb4ca37b98499ee44e0a62c27baf4d65b3ee4
2023-03-21 13:17:28,True,1.631e-07,4.883e-10,175000000.0,0.8545,0xcc...9545,https://bscscan.com/tx/0xbdcd3be4ac000d9e889fb2624beeb864cd051ed879f9e1b34ccf4556468868d0
2023-03-21 13:15:19,False,1.632e-07,4.86e-10,480094512.0,2.33363,0xde...fa58,https://bscscan.com/tx/0x81c794fe9d11bbfc7c9270dd03778af50ab88584cdf969cb4021359ae0cfe5fb
2023-03-21 13:14:49,True,1.631e-07,4.881e-10,1030337144.0,5.03,0x08...af7e,https://bscscan.com/tx/0xb25d8f47698f7fc24c6fc51cf384b3edc925c9761baaf15ce15140deaa3da33d
2023-03-21 13:11:58,True,1.629e-07,4.873e-10,398074331.0,1.94,0xec...0165,https://bscscan.com/tx/0xbaa2062809fcb9ea00c31164691fab6248ef9425e1d6e848f59d8696dfec9101
2023-03-21 13:11:40,False,1.62e-07,4.846e-10,9258221.0,0.0448,0x43...4929,https://bscscan.com/tx/0xad5237561e4ebd895226c81663ac91f766a1a9b3b1ecf3e9e1bfa33a22902a5f
2023-03-21 13:09:13,False,1.629e-07,4.849e-10,381827553.0,1.85153,0xde...fa58,https://bscscan.com/tx/0x72e5cad8113c234dc2c311171d03c97624b17359d07a6f8e0086d68e4a7b06af
2023-03-21 13:08:49,False,1.63e-07,4.853e-10,414623871.0,2.0125,0xec...0165,https://bscscan.com/tx/0x2165bd8f521ad5d3c81dc5421f96e5414f566a9669364cca1f399ed3bf44fc20
2023-03-21 13:08:40,False,1.633e-07,4.861e-10,940607450.0,4.57302,0x08...af7e,https://bscscan.com/tx/0x00b580242f7ffe01576a445baadac4abaef182cdd5b5ac8a2eb906e7fd7cb978
2023-03-21 13:08:28,False,1.635e-07,4.869e-10,355503669.0,1.73109,0x2a...576a,https://bscscan.com/tx/0x4e6dfe59bffa197d42412286ab034d2d77ec9f33b638981e0bc33de9160d5755
2023-03-21 13:06:34,False,1.628e-07,4.873e-10,395084618.0,1.92557,0x1b...7f6d,https://bscscan.com/tx/0xb73d03ec87780a98f9f92e350b4578dae5309968f8619b31cea031bb44464d67
2023-03-21 13:05:31,True,1.644e-07,4.893e-10,1160672567.0,5.68,0x08...af7e,https://bscscan.com/tx/0x89156bc4bd5990c6f321071ad8a2a329f19969795e99ec24dc8de07bb31fbaa8
2023-03-21 13:03:34,True,1.638e-07,4.881e-10,964942478.0,4.71,0x1b...7f6d,https://bscscan.com/tx/0x56628d7fc9913565c0fc71442a9b61dc8116d6a8f9b5c9a3d1fcbad6caf00fba
2023-03-21 13:02:07,False,1.621e-07,4.854e-10,553824672.0,2.68845,0x2a...576a,https://bscscan.com/tx/0xcd3ccb12b2d67060e122b094707835df6eb74afa39e246ab1af3d3e081271c2d
2023-03-21 13:00:31,False,1.623e-07,4.862e-10,880984854.0,4.28402,0x1b...7f6d,https://bscscan.com/tx/0x7c7d3a97171eb5097669e1843ea6a121d2dbfbb3e94c1d0c7a6fa961ec624d4e
2023-03-21 13:00:04,True,1.632e-07,4.889e-10,535876678.0,2.62,0xde...fa58,https://bscscan.com/tx/0x4dc6cb13cae1896ccb424e70d573c734b45c519b138d6a8fb26f72cba70277b4
2023-03-21 12:59:22,False,1.633e-07,4.867e-10,1058924899.0,5.15469,0x08...af7e,https://bscscan.com/tx/0xd9f0b91e7f0be1554eaf2c287e86ad9fb8e0ce3342371fc25ef7d90479dc8508
2023-03-21 12:57:28,True,1.634e-07,4.892e-10,997420916.0,4.88,0x1b...7f6d,https://bscscan.com/tx/0x31d3f628882474dd5b960f5f8e7c1acc1ac85a7c5559b4b242827597736f1883
2023-03-21 12:56:13,True,1.63e-07,4.88e-10,1018301314.0,4.97,0xec...0165,https://bscscan.com/tx/0x1486761b3f94ea5993024288d23d5b3b1ef0d2c69df7dd0eea84207847e55894
2023-03-21 12:53:10,True,1.635e-07,4.87e-10,720678285.0,3.51,0x08...af7e,https://bscscan.com/tx/0x453c653300f25f9537652936eee765c994a6fb91f467812818de1f08ff2a0f76
2023-03-21 12:53:07,False,1.627e-07,4.846e-10,806683089.0,3.90967,0xec...0165,https://bscscan.com/tx/0x8b72f0e12cd24f1fd604a4d5e6d7b20d5b19baad7ccc6bbd38cef0db0380753d
2023-03-21 12:50:55,False,1.63e-07,4.855e-10,681624245.0,3.3095,0xde...fa58,https://bscscan.com/tx/0xf0a3bfe8e4937561e5f5d7e05676ef13c29484f489b17bc9c5377b4b9c705bc8
2023-03-21 12:49:25,True,1.629e-07,4.878e-10,844487645.0,4.12,0x2a...576a,https://bscscan.com/tx/0x2cc9a5772ce4b1b63ff00676e5abe813068e867be8133266a3d28dc3c1d02dcd
2023-03-21 12:47:55,True,1.634e-07,4.868e-10,858554407.0,4.18,0xde...fa58,https://bscscan.com/tx/0x127cc856da1f6b4e28a9153f5316a4a496d1ae205c3e9a7eb26c496ce82059b2
2023-03-21 12:45:19,False,1.626e-07,4.844e-10,928471458.0,4.49821,0x1b...7f6d,https://bscscan.com/tx/0xb71e0605111e774b41074b67ca484e00562d4eceaa2796fa368a5fb25d68d2af
2023-03-21 12:44:04,True,1.628e-07,4.873e-10,100000000.0,0.4873,0xf7...cb26,https://bscscan.com/tx/0x85cc0ef7a2f16b49e36d9244485a3b5860ff9ed0b9cc383bdada1c668b359194
2023-03-21 12:43:19,False,1.627e-07,4.848e-10,54366.8,2.636e-05,0x20...804a,https://bscscan.com/tx/0xbff62744026f3a940e8974290c7e61e3fdd6d393aa58ced546f16e67ae52e67c
2023-03-21 12:42:16,True,1.625e-07,4.867e-10,1056069521.0,5.14,0x1b...7f6d,https://bscscan.com/tx/0x7fd5ac0ba49b66eee5ee3480d662b15dcfcd3ec43cd820c674cdde161dc53d06
2023-03-21 12:39:52,False,1.615e-07,4.838e-10,376873914.0,1.82363,0x2a...576a,https://bscscan.com/tx/0xd7cbf3769c248b79f2dfd892da3eff5639afda024ef47386970a869db965fee7
2023-03-21 12:37:25,True,1.622e-07,4.862e-10,559437753.0,2.72,0xec...0165,https://bscscan.com/tx/0x348a3e00a076ad69df53b9525a98f12b633e7fa21f284b9e0715ef9c4b42a922
2023-03-21 12:33:07,False,1.614e-07,4.838e-10,618824144.0,2.99393,0x1b...7f6d,https://bscscan.com/tx/0xd6eeda7b95d4f644bfbeea1685b5bf27fead6cfac314ceaf09f4663252e8efcb
2023-03-21 12:31:07,False,1.624e-07,4.843e-10,353957057.0,1.71449,0xec...0165,https://bscscan.com/tx/0x7ebcef28ccaf1c0be0de0a82714f2f070232a4550fdf2f00172aa260f3164fe2
2023-03-21 12:30:07,False,1.626e-07,4.849e-10,620597658.0,3.00957,0x1b...7f6d,https://bscscan.com/tx/0x82d6d20534b2a086c3bf633abb2d033407c1caa199ed332936d885982f3faa0b
2023-03-21 12:29:37,False,1.62e-07,4.857e-10,717385361.0,3.48457,0xde...fa58,https://bscscan.com/tx/0xb99219d0a25ce25a5e81fb5c54b45d0e14b18b4ab08f061f5964f7a37deffd47
2023-03-21 12:27:13,False,1.622e-07,4.863e-10,257785785.0,1.25362,0x2a...576a,https://bscscan.com/tx/0xae22844664ad0384357d7297dcc15b59854fa3ae1074be2339be83433ace1293
2023-03-21 12:26:34,True,1.638e-07,4.885e-10,538296324.0,2.63,0xde...fa58,https://bscscan.com/tx/0xef94f7d835c9d8c0accfa5fd93e75a220b67d0b834890d2e7c3276ece783881d
2023-03-21 12:24:04,True,1.632e-07,4.878e-10,705145198.0,3.44,0x2a...576a,https://bscscan.com/tx/0x8a345c7049a9603364b16277d33972ebc613e445490962d69d733db617e62585
2023-03-21 12:20:58,True,1.628e-07,4.867e-10,1199871404.0,5.84,0x1b...7f6d,https://bscscan.com/tx/0x89dc5a34d999cb39566e2fc960a407040812abb06a5f33026717f2e8cb0865a6
2023-03-21 12:20:52,False,1.618e-07,4.838e-10,369685980.0,1.78855,0x2a...576a,https://bscscan.com/tx/0xe960e9a5bf98cd9c5c2f3e8b0606a8bc8dd0194c42e3918a6de7942b6d714738
2023-03-21 12:18:04,False,1.62e-07,4.846e-10,1143537303.0,5.54258,0x1b...7f6d,https://bscscan.com/tx/0xc2c6601b4eb83d11635bab42951c5f4770a0cbbc06dc25b6bd63fa4a396c9cbf
2023-03-21 12:16:07,False,1.623e-07,4.855e-10,279605541.0,1.35754,0x08...af7e,https://bscscan.com/tx/0x90a83a2066c4573f3066358250afc26c6fc68b4f8c77b508ab06e6c6d5ebe332
2023-03-21 12:12:58,True,1.637e-07,4.881e-10,12238380.0,0.0597,0x5b...4dae,https://bscscan.com/tx/0x2d1a2193393deae798cb57c8edc0cb96c4e6ebb51eef1900f3f4ba3cf245364a
2023-03-21 12:11:19,False,1.623e-07,4.859e-10,516536990.0,2.51024,0x2a...576a,https://bscscan.com/tx/0x89afbbb58c85e78d0806e0e1d8e0e38c03f21ba6f7820a88c5fe67063dfb0499
2023-03-21 12:09:10,False,1.625e-07,4.865e-10,522984193.0,2.54476,0xec...0165,https://bscscan.com/tx/0x2c6c1d9501293bbd6d496da9049aa7cc4270331ddac7b646076208fe91b92b14
2023-03-21 12:08:19,False,1.635e-07,4.871e-10,509719275.0,2.48332,0xde...fa58,https://bscscan.com/tx/0x3c538f8de4bbef4d0f7d0f74b426c391dfd4a6a3050879de4d813fc04e028e52
2023-03-21 12:06:49,True,1.636e-07,4.897e-10,345084381.0,1.69,0x08...af7e,https://bscscan.com/tx/0xbecc2fd16aaa352e98d362cf0657e6d5296d369aca73d4012307c0b0a0abe6d5
2023-03-21 12:05:43,True,1.641e-07,4.893e-10,367863599.0,1.8,0x1b...7f6d,https://bscscan.com/tx/0x575266e44e42d24d20fde6c13ec8f53fcd299f5ad2ebc400711a2c441a90a84b
2023-03-21 12:05:01,True,1.639e-07,4.886e-10,710087207.0,3.47,0x2a...576a,https://bscscan.com/tx/0xc50b554d267fff57aa348915fa80aa2be682c437869476a0ba4253ec5c1eaeff
2023-03-21 12:02:43,True,1.636e-07,4.878e-10,614894716.0,3.0,0x1b...7f6d,https://bscscan.com/tx/0x126182549a038ae3ba40e61ab98ff7ba650dcb94f62fc35acdd215b400bfcf0a
2023-03-21 12:02:16,True,1.634e-07,4.872e-10,451505397.0,2.2,0xde...fa58,https://bscscan.com/tx/0x28015693665ca5ae73a8e0be5c8415076c5e28404ff24052e62da0bab49f34ca
2023-03-21 12:00:40,False,1.625e-07,4.847e-10,333511747.0,1.61672,0x08...af7e,https://bscscan.com/tx/0x13bb2497067d0aa8c5d3d1dd8f4ad779028a255042de0e85d9f0e2a79823acf0
2023-03-21 11:59:43,True,1.631e-07,4.866e-10,1179396767.0,5.74,0xec...0165,https://bscscan.com/tx/0x72e4061928d77b40a07fc94f9ded555dc0bed3214799e022bed67a1b1510631c
2023-03-21 11:58:40,False,1.621e-07,4.837e-10,264901329.0,1.28139,0x2a...576a,https://bscscan.com/tx/0x156c9a25e97cb7d970712cf228ddd2b511af554c9974f5a1bb75e29c9139f15f
2023-03-21 11:51:22,False,1.612e-07,4.841e-10,503498371.0,2.4378,0x08...af7e,https://bscscan.com/tx/0x2ff6d485bd608bd5a9edf386b9e40306fa4d5fc9685e40beccdc707fe5078299
2023-03-21 11:49:10,True,1.62e-07,4.865e-10,521999398.0,2.54,0x2a...576a,https://bscscan.com/tx/0x05f02e5bf745a17501ae5dae355fa0b1db7bf1f04e2d7184e41e15d6fc9dddd7
2023-03-21 11:48:19,True,1.617e-07,4.856e-10,1004750141.0,4.88,0x08...af7e,https://bscscan.com/tx/0x825da4da047713619de1911db2d42ae8110afdccac1cedeb20e2d0515d779cf9
2023-03-21 11:47:10,False,1.608e-07,4.83e-10,678991039.0,3.28005,0xec...0165,https://bscscan.com/tx/0x6405c988befacb33acec665cc72b9ad2802384a45d71f0eacc5c66d9fefe543d
2023-03-21 11:46:01,False,1.619e-07,4.838e-10,562603103.0,2.72188,0x2a...576a,https://bscscan.com/tx/0xd90320524cbf6a8b8609c6a6acca9b641209b4bf776b577812f2266f2f4a01e3
2023-03-21 11:45:52,True,1.628e-07,4.865e-10,61662100.0,0.3,0xed...cc4a,https://bscscan.com/tx/0x701a5c7c95ed17242618d4848e4e2558a88b4ed30bc73fc5ffb72328d798095b
2023-03-21 11:45:43,True,1.627e-07,4.864e-10,61671299.0,0.3,0xed...cc4a,https://bscscan.com/tx/0x34c0cc486926fb2ce3c9085cca16990296443547471330580b8e8177776ca5c9
2023-03-21 11:45:10,False,1.621e-07,4.846e-10,1093653625.0,5.30012,0x08...af7e,https://bscscan.com/tx/0xe491ec3cc868077b178c0d895b0414e60661713de1b41f525ed316c13366a023
2023-03-21 11:44:25,False,1.624e-07,4.855e-10,423175959.0,2.05457,0x1b...7f6d,https://bscscan.com/tx/0x226c51b59809daf60a06d040d2419057e6fd1ddf2f53640063f9468a2f5ccd51
2023-03-21 11:42:49,False,1.617e-07,4.86e-10,529479734.0,2.57366,0x2a...576a,https://bscscan.com/tx/0x348a878a0115e651c9c78b9e0a8c4713c8bd2cff53b9e34e8401ac71bf98d87e
2023-03-21 11:40:55,True,1.632e-07,4.884e-10,589590287.0,2.88,0xec...0165,https://bscscan.com/tx/0x81111f80e901f2c9baa0e5f866452ffacfd98ee369af433016a466e840726e46
2023-03-21 11:39:37,True,1.621e-07,4.877e-10,660193716.0,3.22,0x2a...576a,https://bscscan.com/tx/0x82f898a11847f62fa287d8fd89acc2059eb044e7b9967f420931b046c9ae9960
2023-03-21 11:39:04,True,1.619e-07,4.868e-10,840093664.0,4.09,0x08...af7e,https://bscscan.com/tx/0x2ce16330e6db4c40159e9b997fda1ed780e6736a2b690312b6c656be40f5094a
2023-03-21 11:38:46,False,1.609e-07,4.839e-10,7171447.0,0.0347,0x56...b034,https://bscscan.com/tx/0x4654faff43c641aec7ec2a28c638b1e52d7bf7b28af03fa22a13e0babc526acb
2023-03-21 11:37:55,True,1.617e-07,4.86e-10,460816627.0,2.24,0xde...fa58,https://bscscan.com/tx/0x7583cc87644c25aa5d40cc21c886e3e2cad5bbc54496c66d03a483f2096ba31e
2023-03-21 11:36:28,True,1.615e-07,4.854e-10,560254175.0,2.72,0x2a...576a,https://bscscan.com/tx/0xf0e4502b03790b78578a56e1159e7e538b03607a79a14fc750dfb09fcda8158b
2023-03-21 11:32:52,False,1.616e-07,4.828e-10,250420759.0,1.20925,0x08...af7e,https://bscscan.com/tx/0x38dc6eef5cb8cd6a0d14395b8d1c9e8773d824dab511cbd28599d63fd1df4dd7
2023-03-21 11:31:49,False,1.61e-07,4.834e-10,702273049.0,3.3951,0xde...fa58,https://bscscan.com/tx/0xdc8336cffc6e2f37cd55a6a41ecfbbe666a422ef0000d0cc0bbebc23f068e7b1
2023-03-21 11:28:19,False,1.611e-07,4.84e-10,373696574.0,1.80896,0xec...0165,https://bscscan.com/tx/0xeb16e9fd2fea265996b37b51a87d8f29759099d488050975e48e6febb0241bf7
2023-03-21 11:26:58,False,1.614e-07,4.849e-10,1208158108.0,5.85954,0x2a...576a,https://bscscan.com/tx/0x5047cb47a03d8ed3dfd7059bdbf6588e8dbf851e9dcc8f68eb65cd1df57e5ca2
2023-03-21 11:25:10,False,1.625e-07,4.86e-10,549897354.0,2.67266,0xec...0165,https://bscscan.com/tx/0x9bbb2076d3603eef546df28583ee51c42d0a560c5f4b066527698a6cd9b7b1b9
2023-03-21 11:23:46,True,1.622e-07,4.884e-10,620361941.0,3.03,0x2a...576a,https://bscscan.com/tx/0xf226788142db520182947110c2388eb22834b2f199a1b9bb14edc04dc558ec4c
2023-03-21 11:22:43,False,1.613e-07,4.857e-10,283964120.0,1.37946,0xde...fa58,https://bscscan.com/tx/0xded4d898aa7efd9763d84f3f02692a70208474f7886b39fc8899e9ff09e3bf35
2023-03-21 11:22:01,True,1.629e-07,4.88e-10,616768162.0,3.01,0xec...0165,https://bscscan.com/tx/0xfbe271593db399d49fab81f9d849612da8984d8169946a108f5ef62e23e14a78
2023-03-21 11:20:31,True,1.618e-07,4.873e-10,492436315.0,2.4,0x08...af7e,https://bscscan.com/tx/0x6f2fcda418f317c4c6f69d7a3c9eba49e43d279807a3cde7d5088ce43efb0a97
2023-03-21 11:20:07,True,1.624e-07,4.867e-10,589643574.0,2.87,0x1b...7f6d,https://bscscan.com/tx/0xd7f4191e6c6564d1859b2ea46dc8dcff7c2e76f0b76efac1ac5bf0c0d0392fad
2023-03-21 11:18:52,True,1.613e-07,4.861e-10,436096192.0,2.12,0xec...0165,https://bscscan.com/tx/0xcf9643c9d41dfc0eb2e2269f3f1caddd25ace224f69e2d60dc6e74995de20764
2023-03-21 11:17:25,False,1.612e-07,4.839e-10,796905331.0,3.85634,0x08...af7e,https://bscscan.com/tx/0xbf95a630262f36f5378e1f4d904a9bf16033ec46bc3728b93ffa3afe9a7e1cf2
2023-03-21 11:14:16,True,1.622e-07,4.864e-10,686669420.0,3.34,0x2a...576a,https://bscscan.com/tx/0x311fb2a40f4b3a791f13beb72699c39ef2a057838fbf5e3eee7ba88cc972be1f
2023-03-21 11:13:34,True,1.611e-07,4.856e-10,586833328.0,2.85,0xde...fa58,https://bscscan.com/tx/0x850d293836494c856b9bfa2e96f72f6f0f6576747102ea2c0fb32b74fe55ccd8
2023-03-21 11:11:03,False,1.604e-07,4.833e-10,786232000.0,3.80024,0x2a...576a,https://bscscan.com/tx/0x98644fe4002dbd3df41006548044c0094e96147524ea01653c54c244ed5ab488
2023-03-21 11:09:27,False,1.606e-07,4.841e-10,612573370.0,2.96586,0xec...0165,https://bscscan.com/tx/0xd73bebfc3c328f9adebb088c575dd2d67b5d89a2111797d13650c4506251feb4
2023-03-21 11:04:56,False,1.617e-07,4.851e-10,995240697.0,4.82797,0x1b...7f6d,https://bscscan.com/tx/0xf681a37fcf754878115600aa81c8663b4c5aa1fb45b8a695d44a797d07ea3a90
2023-03-21 11:04:23,True,1.626e-07,4.878e-10,418136671.0,2.04,0xde...fa58,https://bscscan.com/tx/0xe4551b08d1da9239710873c5c21fae2fb818359fad15a315822c2a78587c6ea9
2023-03-21 11:03:11,True,1.624e-07,4.873e-10,447300914.0,2.18,0xec...0165,https://bscscan.com/tx/0x8d3b122f0a57adccdd266f9f543f4ada0ed770ceb9a9903d5daf7cf17b7b26e4
2023-03-21 11:01:51,True,1.622e-07,4.868e-10,499168448.0,2.43,0x1b...7f6d,https://bscscan.com/tx/0x62944da43113980917b6eb5c23cd529eeb68fee4b10c5ff9d7469a86b4aa53ba
2023-03-21 11:01:34,False,1.606e-07,4.844e-10,556551200.0,2.696,0x2a...576a,https://bscscan.com/tx/0x9e04e9791b0500a7755a2ac86851a20c28761277870faa9be04c4d4d77771fc0
2023-03-21 10:58:47,False,1.616e-07,4.85e-10,566806464.0,2.74941,0x1b...7f6d,https://bscscan.com/tx/0xdfbce05634d89011b69332ebd7c00be47458c5c9950e3fad4ddd7d956c0cf143
2023-03-21 10:56:56,False,1.618e-07,4.856e-10,499557943.0,2.42633,0xec...0165,https://bscscan.com/tx/0xaac159b76f392207113a4c033780d23e7dece4e83ed6e75313f33ee8bb701355
2023-03-21 10:54:41,False,1.619e-07,4.859e-10,435082.0,0.0021,0x8b...d30f,https://bscscan.com/tx/0x28f3e2a2be2893cfa0712bbddae03bd0bae58bca1f17b062b9fa81cd5b611d58
2023-03-21 10:54:38,False,1.619e-07,4.859e-10,13678440.0,0.0664,0x04...1e93,https://bscscan.com/tx/0xc4be648e5a3cdaaa4db9cda663cd1512de12e2a4d058a96e443c64d09b4a079e
2023-03-21 10:52:43,True,1.619e-07,4.882e-10,352289306.0,1.72,0x08...af7e,https://bscscan.com/tx/0xfdedc692be26f1ab12fb68b53064ad4a63de3d08f62fba1339ee37318af3db62
2023-03-21 10:47:49,True,1.628e-07,4.879e-10,122962364.0,0.6,0x83...33a6,https://bscscan.com/tx/0x1a2dea89f4da606d632c196698a02410db389ea0a8b1595d8710f6fe0932ed4b
2023-03-21 10:44:19,True,1.624e-07,4.875e-10,539417920.0,2.63,0xec...0165,https://bscscan.com/tx/0x1143e874aaa899f0648ea0e5a07e73498e995fd5add81e266ded1613ab618169
2023-03-21 10:43:37,True,1.62e-07,4.866e-10,1064492807.0,5.18,0x1b...7f6d,https://bscscan.com/tx/0x7f2e0ef507a02633040d42f8b72fe579e000e0f51e423986d894949abfc1a9f6
2023-03-21 10:42:34,True,1.606e-07,4.853e-10,1106438241.0,5.37,0x2a...576a,https://bscscan.com/tx/0x4ca725040426a338df8594253ab627d937a51e8b3443381e2dccb57dd50890eb
2023-03-21 10:41:31,False,1.596e-07,4.822e-10,46133.5,2.224e-05,0x8b...d30f,https://bscscan.com/tx/0xe955f61c02710641e3333cd6f3b7fc0ffbdc298840c91694d9858a2da3913701
2023-03-21 10:41:10,False,1.597e-07,4.825e-10,505860853.0,2.44112,0xec...0165,https://bscscan.com/tx/0x9d35a4685528a1e7e94cae0cf83b3d555436eda95086a662729d014035b4b61e
2023-03-21 10:40:43,True,1.606e-07,4.852e-10,2060651.0,0.01,0x8b...d30f,https://bscscan.com/tx/0x52fe1dd565605970d21c4c7112df0a758813d9ac847ffd300520a8012917d677
2023-03-21 10:40:34,False,1.607e-07,4.831e-10,511484067.0,2.47127,0x1b...7f6d,https://bscscan.com/tx/0xd7d517fbfb4d8794dff3f9c022d6d6aa1121cee44fa4fac344aab552c5fd80b8
2023-03-21 10:40:19,False,1.609e-07,4.838e-10,601584905.0,2.91051,0x08...af7e,https://bscscan.com/tx/0xa3f0119027e868547e28a655c2d7c538dcb0822d8451df17042f5ed7c12dc990
2023-03-21 10:39:22,False,1.613e-07,4.848e-10,1163292389.0,5.64009,0x2a...576a,https://bscscan.com/tx/0xbddad571a520aaeb7503bbb8c30336468d254a9c8f69f0681aca6301789ae14d
2023-03-21 10:37:31,True,1.614e-07,4.877e-10,360846159.0,1.76,0x1b...7f6d,https://bscscan.com/tx/0xc5d30e8d249d46815291338c93931f4b1ea0753168f032a876678eac201608ae
2023-03-21 10:37:13,True,1.612e-07,4.87e-10,804838358.0,3.92,0x08...af7e,https://bscscan.com/tx/0xd7e8439610fe08d56ebbcdb1bbacdae1083b3343a3e07d90c99364853714bcaf
2023-03-21 10:35:25,False,1.602e-07,4.841e-10,1346218.0,0.0065,0x8b...d30f,https://bscscan.com/tx/0x0e1b7fa31ecf02840a28247e1efffa51b9592472a7151f26003f7ad645fa26a4
2023-03-21 10:34:52,True,1.617e-07,4.863e-10,396834802.0,1.93,0xec...0165,https://bscscan.com/tx/0xcae2c9f7debf98b92874efd05923b239042a69985e3eceae60a74ca9c60b1000
2023-03-21 10:34:28,False,1.609e-07,4.842e-10,876845622.0,4.24569,0x1b...7f6d,https://bscscan.com/tx/0x3d2f321ea9f2b4e30ecbb641e5102edc3c9b866ddf0a180c3366e4a7aa63a748
2023-03-21 10:33:37,True,1.611e-07,4.871e-10,2052781.0,0.01,0x8b...d30f,https://bscscan.com/tx/0x66aab8ddc617e297602845a5a2cb3a8c219df111e44ba947e15af424cc3226b0
2023-03-21 10:33:01,True,1.608e-07,4.866e-10,900101078.0,4.38,0x2a...576a,https://bscscan.com/tx/0x9f8637e0e41fbfc9e4c9e639852f7abddc5aca01d6f0d406dd068ba8733142b6
2023-03-21 10:31:34,False,1.607e-07,4.836e-10,1346955.0,0.0065,0x8b...d30f,https://bscscan.com/tx/0xcbdb482fe2c0b36c998d66ec37566c5a9cb11da104e8e12c4d2ecf533acefd47
2023-03-21 10:31:25,True,1.613e-07,4.854e-10,1019598237.0,4.95,0x1b...7f6d,https://bscscan.com/tx/0x170eaf832baa1bc2845a55f2871288d92fe02301cce53bc9987d929900197a0b
2023-03-21 10:29:52,False,1.603e-07,4.826e-10,314364073.0,1.51728,0x2a...576a,https://bscscan.com/tx/0x6f82aeeb20e1e3515f1bc9c4e744534d927cdbce7128369121ad7265e6eb2816
2023-03-21 10:28:22,False,1.604e-07,4.833e-10,872095168.0,4.21519,0x1b...7f6d,https://bscscan.com/tx/0xa2e5ea306ab3d5f34a1502d9f53a435d68f81e95335fcc183eed86f095968b05
2023-03-21 10:25:19,False,1.606e-07,4.84e-10,306152443.0,1.48186,0x1b...7f6d,https://bscscan.com/tx/0x16ae9934ca72cd8ed37a51dfcb225bb06da0c6eeec36a36f1501f78b61a423bf
2023-03-21 10:22:19,True,1.605e-07,4.861e-10,909275431.0,4.42,0x1b...7f6d,https://bscscan.com/tx/0x04525706e0af26e9c8b1cb424c49cb10111639b8362938fc2f409112ae72b9eb
2023-03-21 10:21:49,False,1.607e-07,4.834e-10,531074814.0,2.5675,0xde...fa58,https://bscscan.com/tx/0x2b7cc3beee716cc98b0d356f021f0a2da32773ce952e8d524a013304a4d15293
2023-03-21 10:18:40,False,1.609e-07,4.84e-10,495916939.0,2.4005,0x08...af7e,https://bscscan.com/tx/0x6309cdb4f295a67476568696a6d61489affec5c071bd0af69af1e4827342d760
2023-03-21 10:17:22,True,1.609e-07,4.867e-10,11120199.0,0.0541,0x02...ce3f,https://bscscan.com/tx/0xedc5eea3c728e2e56f43187c7b2e47c10f036904f8d8cdd1c766150fbbc923fd
2023-03-21 10:16:43,True,1.609e-07,4.867e-10,57915819.0,0.2818,0xf8...2bb1,https://bscscan.com/tx/0xc81fbb344c47e2f833b9eac895537e44ef8381d3f5ac78af02ecff4e820dd526
2023-03-21 10:16:13,False,1.61e-07,4.844e-10,298152479.0,1.44436,0x1b...7f6d,https://bscscan.com/tx/0x3afd7bcf082efcd1bc20c5cb614ccaa1262cc9aad02adb4b2386ca3c4d45928c
2023-03-21 10:16:04,False,1.612e-07,4.85e-10,781848451.0,3.7925,0xec...0165,https://bscscan.com/tx/0x5e0b6640d22dc9df6973fc919622e5ab5157b680b1448449cc1a465ac2772834
2023-03-21 10:13:07,False,1.613e-07,4.855e-10,29103205.0,0.1413,0x95...fe4c,https://bscscan.com/tx/0x6dae3f0020b2766fe86342a2240450fc8157e5065f719cc0981a75d451350af6
2023-03-21 10:10:52,True,1.621e-07,4.875e-10,734265007.0,3.58,0x2a...576a,https://bscscan.com/tx/0xb09a96db9dced48b93eb40fd5f1dd4e0d1de1a801e0af7e3400d08823aa16fc9
2023-03-21 10:10:43,True,1.619e-07,4.871e-10,800609.0,0.0039,0x7d...baaf,https://bscscan.com/tx/0x65fb8a180ca02c282d08ed80b389d0a8b7d6fb2cd3c16630aa3c46f3aea90b49
2023-03-21 10:09:40,False,1.605e-07,4.85e-10,559812910.0,2.71523,0xde...fa58,https://bscscan.com/tx/0x196d4ee344e8e626d619b0fa2fb7a2c3f7300eb0a3db3e373e3953eb2ede3980
2023-03-21 10:09:25,False,1.615e-07,4.855e-10,409139432.0,1.98675,0x08...af7e,https://bscscan.com/tx/0x005de76266eb1aee1374b0aa04a752602a3679c18167ac590c5777b060e245cc
2023-03-21 10:07:07,False,1.616e-07,4.861e-10,613724867.0,2.98389,0x1b...7f6d,https://bscscan.com/tx/0xb4727e66a62026fc2539e2bdf4c36d4e9e028fee9ee3e58991ef602f32f7b5eb
2023-03-21 10:06:37,True,1.615e-07,4.884e-10,902836942.0,4.41,0xde...fa58,https://bscscan.com/tx/0x6273ca9ccec3859aaa67fe01da84487c6658f8feebd42db386d8eb99ca2398d2
2023-03-21 10:04:28,False,1.607e-07,4.861e-10,1185014010.0,5.76139,0x2a...576a,https://bscscan.com/tx/0x03a3555ee25ffa12528dc40f9bd193e365542b880df1b86b50d7c36dd087cc5b
2023-03-21 10:04:04,True,1.624e-07,4.889e-10,586937825.0,2.87,0x1b...7f6d,https://bscscan.com/tx/0xddcd304ee79528ef5c142371d49df4833416215b98d61647b2a0cbbbfe6a1b66
2023-03-21 10:03:34,False,1.616e-07,4.864e-10,515475713.0,2.50776,0xde...fa58,https://bscscan.com/tx/0x9f4b17341e66a97e009d5fd099dd35145b12c3d86775cc740b9342c2d4c25ed5
2023-03-21 10:03:28,True,1.616e-07,4.889e-10,513359696.0,2.51,0xec...0165,https://bscscan.com/tx/0x4864920429cd086418c67dc02486e8c3e2fdda9574ecfcdf9d8d592df5a65189
2023-03-21 10:00:58,False,1.614e-07,4.863e-10,253040203.0,1.23064,0x1b...7f6d,https://bscscan.com/tx/0x452c319a765e48d2a31bd9d227ebfac9a0fc4dcf26b1717bd8ca55acc4ec5a19
2023-03-21 10:00:19,False,1.615e-07,4.867e-10,514941163.0,2.5067,0xec...0165,https://bscscan.com/tx/0x02bcce60bc7e38b1bdf0e35b6a8b2d0c8d3e2a7b7e63e7b96f37c296a2270e5b
2023-03-21 10:00:10,True,1.623e-07,4.889e-10,924351034.0,4.52,0x08...af7e,https://bscscan.com/tx/0x4d041ebd0deacc19df020ed83c54129e18c21553e06df6c851156a8134ecb40a
2023-03-21 09:58:10,True,1.619e-07,4.877e-10,1193263181.0,5.82,0x2a...576a,https://bscscan.com/tx/0x85e20faadd38ce819cd36970be266df439f7dbd07cce0b5dcc30fa5d846ce404
2023-03-21 09:57:13,True,1.607e-07,4.868e-10,312210900.0,1.52,0xec...0165,https://bscscan.com/tx/0xa28c84dbbd0726a80a2989320065cdbcca32f70fda19df6aff4d659c190d3bb4
2023-03-21 09:57:01,False,1.608e-07,4.846e-10,783870069.0,3.79938,0x08...af7e,https://bscscan.com/tx/0x20d6833ea32fb23d1758db8b8fb4eb748ab137453b75bae77ae251052cf4f723
2023-03-21 09:51:52,False,1.604e-07,4.853e-10,252200185.0,1.22393,0x1b...7f6d,https://bscscan.com/tx/0x0cc2fa5a452a441f5646df811dce01853ee2750f91247ed828836a7eeb7baaf8
2023-03-21 09:50:52,True,1.608e-07,4.876e-10,451171690.0,2.2,0x08...af7e,https://bscscan.com/tx/0xe545340403a993509c31139b3de2c6b07e5a8f492e99e89234e8242974293afa
2023-03-21 09:48:52,True,1.611e-07,4.867e-10,984032553.0,4.79,0x1b...7f6d,https://bscscan.com/tx/0xbd3b4667e4ebcfec5ce452dcfb7be4ac552f881f8d157f2b1ee6f99a1a8c59f5
2023-03-21 09:47:46,False,1.602e-07,4.84e-10,506841198.0,2.45343,0x08...af7e,https://bscscan.com/tx/0xb07718604595e019cde6c143f8e8010c145e38bba73480f69466e225b20a6374
2023-03-21 09:46:10,True,1.611e-07,4.867e-10,1589123.0,0.0077,0x88...e42b,https://bscscan.com/tx/0xeed20112e77fa85554fbfce01cf966a390111ba590a4377dbfbc745eddadc209
2023-03-21 09:45:28,False,1.605e-07,4.848e-10,849347470.0,4.11809,0x2a...576a,https://bscscan.com/tx/0x3bfc6ee767d718a85f41082c645bdec2c5ebb92754b6b35b3dd4b9476ae5c52d
2023-03-21 09:45:19,True,1.613e-07,4.874e-10,594950994.0,2.9,0xde...fa58,https://bscscan.com/tx/0xf8d359bb7018bd08dbaa40976a6e6c51b920b233ac738171137a8a048a77039d
2023-03-21 09:42:46,False,1.597e-07,4.852e-10,991114255.0,4.80922,0x1b...7f6d,https://bscscan.com/tx/0xb7947e52eb341bc1fb6d0b6164d5c1c1ea33bf04730cbb8e49ecace742587285
2023-03-21 09:42:16,False,1.608e-07,4.861e-10,533271624.0,2.59238,0xde...fa58,https://bscscan.com/tx/0x78da987cc1baa0b9a730dc2f478fbb0a6005c65fe865639fdcccdec3180f349d
2023-03-21 09:41:19,False,1.601e-07,4.864e-10,12562633.0,0.0611,0xb2...1906,https://bscscan.com/tx/0xa862d9d5e2a51cc9cd7ca28079c68887080c4415f6a727bd5f7032acce86d7a1
2023-03-21 09:39:43,True,1.615e-07,4.883e-10,919418410.0,4.49,0x1b...7f6d,https://bscscan.com/tx/0xcbf13e307d3f92a38caee900c754a42a6b33312db5624fbbf9f17376bb9d145f
2023-03-21 09:39:13,True,1.604e-07,4.874e-10,611347843.0,2.98,0xde...fa58,https://bscscan.com/tx/0x7f10b2df07748396f7c23931e7f6185ffe73358f70966794c4860d1dfdd326df
2023-03-21 09:38:31,True,1.609e-07,4.865e-10,959875811.0,4.67,0x08...af7e,https://bscscan.com/tx/0xff3b6be8fc5106f830df55e7c42a7db410964cd16318a283218f9926e6620e45
2023-03-21 09:36:37,False,1.601e-07,4.841e-10,1061012449.0,5.1369,0x1b...7f6d,https://bscscan.com/tx/0x62688fde14805563210e06ac4f136a6a024aac80f6a40d568bad73fe1b8e0e0a
2023-03-21 09:33:07,False,1.596e-07,4.854e-10,1097485585.0,5.32736,0xde...fa58,https://bscscan.com/tx/0x64f9cd6dec6ec85cf60003c72c480651f37558e591b63d6baa43ff3a741d400f
2023-03-21 09:32:04,True,1.605e-07,4.881e-10,514141193.0,2.51,0xec...0165,https://bscscan.com/tx/0xff78c054767151c65a749fd6cb3df5d39a5d2968aea7b730767ff3cce8b0eb2b
2023-03-21 09:29:17,False,1.592e-07,4.857e-10,565317847.0,2.74623,0x08...af7e,https://bscscan.com/tx/0xc261a709ac56d903c6e44af0139ec1fdce9e0188d493da74a60cebdfcef80603
2023-03-21 09:27:32,True,1.608e-07,4.882e-10,587864224.0,2.87,0x1b...7f6d,https://bscscan.com/tx/0x6e78dae2984775d93786d28839088c89318e9a81d991f9e1157710f6b70c2b4e
2023-03-21 09:26:08,True,1.604e-07,4.875e-10,488132994.0,2.38,0x08...af7e,https://bscscan.com/tx/0x996dfecc4b94ba841976959815b15daf31bbbaa3aba734ff9228a978f5d6800f
2023-03-21 09:25:47,False,1.597e-07,4.851e-10,564320290.0,2.73798,0xec...0165,https://bscscan.com/tx/0x8ec86dec2d59e46b3ec3342bee85c53af486a75098f9ac75d05503a89dea6461
2023-03-21 09:24:02,True,1.604e-07,4.874e-10,886290054.0,4.32,0xde...fa58,https://bscscan.com/tx/0xed85b1402f4f904999e1c87cc53d0094818aa6e4f0a0bba74a8d61a313b9a845
2023-03-21 09:23:17,False,1.595e-07,4.846e-10,317462626.0,1.53861,0x2a...576a,https://bscscan.com/tx/0x696fbdba5de1a508c6e50f6905067d38cea0c012b47dee1132c148261517e7cb
2023-03-21 09:19:32,True,1.603e-07,4.869e-10,583243589.0,2.84,0xec...0165,https://bscscan.com/tx/0x3ec98ccfc8165db0db42dfaa245f5aa06cd04f45e3f68822de290f8c6c83479f
2023-03-21 09:19:11,True,1.602e-07,4.865e-10,36061908.0,0.1754,0xf8...2374,https://bscscan.com/tx/0xa38cc1b099afb31ecea896814db5dec36e59c9aa62774570fa35742ae6ccdc91
2023-03-21 09:18:38,True,1.601e-07,4.864e-10,121140986.0,0.5893,0xf8...2374,https://bscscan.com/tx/0x13ac246adb92cc94d3f271ebfb5eb33446080e3eb49af8dfb7e685cd41b7bccf
2023-03-21 09:16:20,False,1.593e-07,4.843e-10,636927148.0,3.08494,0xec...0165,https://bscscan.com/tx/0x04f81d8ebd5049736c44acf8e79fe1f69344c4cdbfa6b3c05bb77e5f050d5d1b
2023-03-21 09:13:44,True,1.6e-07,4.864e-10,1159375638.0,5.64,0x2a...576a,https://bscscan.com/tx/0x9de9f74fc8c5a60a2f466555fb88a7502af33eff28482ca68f9a41d01dfd2a43
2023-03-21 09:12:17,True,1.597e-07,4.854e-10,529376572.0,2.57,0x1b...7f6d,https://bscscan.com/tx/0xdd96b6b77e18288786db6c0b78beddad773f071d18d08324e0d8880bd3f339eb
2023-03-21 09:10:35,False,1.582e-07,4.832e-10,830904357.0,4.01516,0x2a...576a,https://bscscan.com/tx/0x8beea164e04731b5c62c4d48c6ba9459c31ccd8495ca812e7b01df75ba886a33
2023-03-21 09:10:05,True,1.591e-07,4.859e-10,327196065.0,1.59,0xec...0165,https://bscscan.com/tx/0x8e24eb70ee017e1526201621714f04271c40c83f2e31227867022d75896437f6
2023-03-21 09:09:17,False,1.584e-07,4.838e-10,959915543.0,4.64494,0x1b...7f6d,https://bscscan.com/tx/0xd4a80b517e65e176cf1500674a78ccc8e36c235cebe0cecee30c6280777a8e47
2023-03-21 09:07:44,True,1.601e-07,4.868e-10,2053892.0,0.01,0x8b...d30f,https://bscscan.com/tx/0x69d17ea542ba66c6e95182fce7bfff03d22e94a5828e6015c53ac604f527697f
2023-03-21 09:07:35,False,1.594e-07,4.847e-10,555255638.0,2.69173,0x08...af7e,https://bscscan.com/tx/0x10207d399c60b157375edf0e109c477289d98d53a1cb0c4e05d1ed38cee962d8
2023-03-21 09:07:23,True,1.594e-07,4.872e-10,410433126.0,2.0,0x2a...576a,https://bscscan.com/tx/0x3f9e82d7c4808b95b40dbb9971a6a349fbebedb81bc6eab0593807ad1a435693
2023-03-21 09:06:56,False,1.594e-07,4.848e-10,406238768.0,1.96966,0xec...0165,https://bscscan.com/tx/0xb148c045b9b32753eb382672a9eaee53e23daec38716ef561e7d007c22419b70
2023-03-21 09:04:32,True,1.593e-07,4.87e-10,763742135.0,3.72,0x08...af7e,https://bscscan.com/tx/0xd10f0192794b7e4c119f42e0920d96d39b041687bcb17696e52f223667071b1b
2023-03-21 09:04:14,False,1.585e-07,4.843e-10,310814508.0,1.50552,0x2a...576a,https://bscscan.com/tx/0x497fa24c5062d9aae150857c42237fd40f81b9532929f55a4859ae7ad6f62b25
2023-03-21 09:03:47,True,1.602e-07,4.867e-10,447889711.0,2.18,0xec...0165,https://bscscan.com/tx/0xcaa5943448378bc9f5c96be31d08054716a3b4e6325278ee25c013167f90a8e2
2023-03-21 09:02:41,False,1.586e-07,4.845e-10,819863662.0,3.97236,0xde...fa58,https://bscscan.com/tx/0x9fc54b5f967f1727822463802c2ee781d9227f89aad3059d779c7ef3eef4afda
2023-03-21 09:01:26,False,1.592e-07,4.855e-10,886378156.0,4.30349,0x08...af7e,https://bscscan.com/tx/0xe0f7a5e9d823c7aa5da1b2ab79a0822733f717470167c8769df627df17a84452
2023-03-21 09:01:05,True,1.608e-07,4.88e-10,778669792.0,3.8,0x2a...576a,https://bscscan.com/tx/0x30fb85830098a5e0b063c41e5ecbdc678db950f095798c36e12861890c56ebcc
2023-03-21 09:00:38,False,1.591e-07,4.853e-10,406261969.0,1.97182,0xec...0165,https://bscscan.com/tx/0x58cc8af51aea5f01ea23e49ec999aeeb29c32a2d38069b988affbc6c3dd09254
2023-03-21 09:00:08,True,1.599e-07,4.876e-10,631590997.0,3.08,0x1b...7f6d,https://bscscan.com/tx/0xa174af88427823596bb7c4dd3674e1718fc588e1796d37cfc80dd357f34f7654
2023-03-21 08:54:05,True,1.605e-07,4.872e-10,3114155.0,0.0151,0x57...b844,https://bscscan.com/tx/0x51fd0ab65c02fc38c83174134b2f6f5270ceeca963852939989bedf17d36e3d4
2023-03-21 08:36:44,True,1.606e-07,4.872e-10,2052208.0,0.01,0x8b...d30f,https://bscscan.com/tx/0x6716e83b9b35cf6d5fffc58930940d6acea5411443e7654e8d2922bcbe36a27b
2023-03-21 08:31:05,False,1.597e-07,4.848e-10,26110214.0,0.1266,0x1b...a19d,https://bscscan.com/tx/0xab3e1091673a817d5e63d7455dcd824f8e4882cc61a2a94df0ed5878007449a2
2023-03-21 08:28:31,True,1.596e-07,4.872e-10,25480484.0,0.1241,0x0b...56ca,https://bscscan.com/tx/0xe6314db87a7e07f1288967c10fda72c369add5dfa9eaefd67386694cd5f95840
2023-03-21 08:24:40,False,1.597e-07,4.849e-10,113738246.0,0.5515,0x17...608e,https://bscscan.com/tx/0xbb46f989c75f9ca6192e9cf17d3a7ead03c147517041d0337e584e8b41f9d069
2023-03-21 08:23:45,False,1.597e-07,4.851e-10,286790155.0,1.39136,0xd2...8a18,https://bscscan.com/tx/0x98e7cecb04b4e00bd479bc1ed78ac39fcae6bf230b87d9270f1891b838fb50f0
2023-03-21 08:14:07,False,1.591e-07,4.853e-10,6091310.0,0.0295,0x28...f247,https://bscscan.com/tx/0xeb400e390a29a5e8f7659a1e039696e51d89686095f8345b68662582b7a55588
2023-03-21 08:12:10,True,1.609e-07,4.877e-10,4157214.0,0.0202,0xe3...da50,https://bscscan.com/tx/0x5d613bf594ab1d6a639a4d701cd93db9fb2663a352640de2c80c736a949a9f79
2023-03-21 08:06:10,True,1.613e-07,4.877e-10,43000000.0,0.2097,0xcd...bb06,https://bscscan.com/tx/0x8283f69b8b4a028b2004cd32250d9b578d8a5774b1bff79a8c144bd6de758bfb
2023-03-21 07:54:11,True,1.614e-07,4.877e-10,46322.4,2.259e-05,0xa6...8436,https://bscscan.com/tx/0xfdf82648101c7470020694c2da6b320cc1101df5b5b69ea8c9ed66bcd9ba5554
2023-03-21 07:54:11,True,1.614e-07,4.876e-10,18436742.0,0.0899,0xa6...8436,https://bscscan.com/tx/0xfdf82648101c7470020694c2da6b320cc1101df5b5b69ea8c9ed66bcd9ba5554
2023-03-21 07:50:08,True,1.613e-07,4.876e-10,71768.2,3.5e-05,0x41...3624,https://bscscan.com/tx/0x7339058dd57b616ff54375cb862b58a5544678b9e2b3d3e6782d4f37acda11e4
2023-03-21 07:50:08,True,1.613e-07,4.876e-10,28564755.0,0.1393,0x41...3624,https://bscscan.com/tx/0x7339058dd57b616ff54375cb862b58a5544678b9e2b3d3e6782d4f37acda11e4
2023-03-21 07:47:29,False,1.605e-07,4.852e-10,104789360.0,0.5085,0x69...22fd,https://bscscan.com/tx/0xb44481ad1c3019c2a76f8a72262eadd0196dba8f98cd64fba494ee18ce0bfd3a
2023-03-21 07:46:56,True,1.613e-07,4.877e-10,16401480.0,0.08,0xbe...af03,https://bscscan.com/tx/0x7923ec5f051e7ec11e5599a94340914d454f02ccd911debed6c8db0d05791614
2023-03-21 07:45:50,True,1.621e-07,4.877e-10,79958.8,3.9e-05,0xc7...bda2,https://bscscan.com/tx/0x52f72b2cb1e070a53aec18dac9a190c9e202063195bbc82a0537eeb884c98785
2023-03-21 07:45:50,True,1.621e-07,4.877e-10,31824838.0,0.1552,0xc7...bda2,https://bscscan.com/tx/0x52f72b2cb1e070a53aec18dac9a190c9e202063195bbc82a0537eeb884c98785
2023-03-21 07:28:56,True,1.621e-07,4.877e-10,225542.0,0.0011,0xc7...bda2,https://bscscan.com/tx/0x4b5e14f411b4fba0badcbc92672c03237f8234f479cc57f00995a3ef97bbef55
2023-03-21 07:28:56,True,1.621e-07,4.876e-10,89775641.0,0.4378,0xc7...bda2,https://bscscan.com/tx/0x4b5e14f411b4fba0badcbc92672c03237f8234f479cc57f00995a3ef97bbef55
2023-03-21 07:22:44,False,1.605e-07,4.852e-10,63679619.0,0.3089,0x7c...bd49,https://bscscan.com/tx/0x07048e49d58b1b4bcb8f0d2ba4bde57f2d5c073cf3112440326d56f20c7c2a6f
2023-03-21 07:14:21,True,1.619e-07,4.876e-10,563892.0,0.0027,0xc7...bda2,https://bscscan.com/tx/0xc2589b2b4da55a433bf1354d90a7aa542d9f3f4a86e02e73f785d633e72ccf42
2023-03-21 07:14:21,True,1.618e-07,4.875e-10,224490340.0,1.0945,0xc7...bda2,https://bscscan.com/tx/0xc2589b2b4da55a433bf1354d90a7aa542d9f3f4a86e02e73f785d633e72ccf42
2023-03-21 07:06:51,False,1.603e-07,4.85e-10,30673449.0,0.1487,0x13...b3ed,https://bscscan.com/tx/0xb5e6506a194fc2aef1363f42defdd68cacbbf700c02a3717c314ee33fdc449ce
2023-03-21 07:02:36,True,1.622e-07,4.874e-10,835980.0,0.004,0xc7...bda2,https://bscscan.com/tx/0xf368d6511cc47e611aadd91380c1ef7422bca63938b88c25ddfdd9c474005710
2023-03-21 07:02:36,True,1.622e-07,4.872e-10,332854479.0,1.62185,0xc7...bda2,https://bscscan.com/tx/0xf368d6511cc47e611aadd91380c1ef7422bca63938b88c25ddfdd9c474005710
2023-03-21 06:46:57,True,1.627e-07,4.87e-10,10265827.0,0.05,0xf8...92d2,https://bscscan.com/tx/0xfc2efacf525e9672ca3e88430de9d449f4ec366a9fb57c5bd03cef2deadac771
2023-03-21 06:38:42,False,1.624e-07,4.873e-10,4616043981.0,22.4956,0x03...056b,https://bscscan.com/tx/0xda48e66afd31d8b62ed48dfcea25fd2c9261f55884876e9dd44766165925d393
2023-03-21 06:33:57,True,1.644e-07,4.924e-10,150000000.0,0.7386,0xc7...ddf0,https://bscscan.com/tx/0x323d79a54c31a85061fb0d62b6ac298564e801417b21ba5006f4d2cc8bc25b17
2023-03-21 06:16:06,True,1.644e-07,4.923e-10,294511.0,0.0014,0xc7...bda2,https://bscscan.com/tx/0x148365fc983576cf2919236bd2c23920f07296e2738147af2aafbc76de57c9ed
2023-03-21 06:16:06,True,1.644e-07,4.922e-10,117232112.0,0.5771,0xc7...bda2,https://bscscan.com/tx/0x148365fc983576cf2919236bd2c23920f07296e2738147af2aafbc76de57c9ed
2023-03-21 06:08:57,True,1.644e-07,4.921e-10,3510336.0,0.0172,0x12...41c4,https://bscscan.com/tx/0xd745b3d4d27d66cbc2a7cfa09e59d95ddf51881ab7701e4ddb3db5c605bfc3d5
2023-03-21 05:57:39,True,1.643e-07,4.921e-10,964554.0,0.0047,0x24...18d9,https://bscscan.com/tx/0xa48453e9b06ad7fae91a79080180a107667844e6c03c3b529ed80f6acd15df04
2023-03-21 05:57:39,True,1.642e-07,4.919e-10,384072591.0,1.8895,0x24...18d9,https://bscscan.com/tx/0xa48453e9b06ad7fae91a79080180a107667844e6c03c3b529ed80f6acd15df04
2023-03-21 05:36:16,True,1.649e-07,4.916e-10,84840022.0,0.4171,0x4b...c526,https://bscscan.com/tx/0x4d587f313609a1813b2921931be43d075276c5014827d1aefaf6764c175c6cee
2023-03-21 05:33:40,True,1.641e-07,4.916e-10,30511599.0,0.15,0x66...baee,https://bscscan.com/tx/0x9155791e45027ade20b111553fc6acbc2ef7343d2ebbd16b4247c5e9680561dc
2023-03-21 05:11:34,True,1.649e-07,4.915e-10,30513899.0,0.15,0x66...baee,https://bscscan.com/tx/0xb5294f9476a620b9efe8d1e6bc83e56096d2e5fa8b198b7696fe8258151b3025
2023-03-21 05:04:46,True,1.638e-07,4.915e-10,21062686.0,0.1035,0x64...4532,https://bscscan.com/tx/0x3fb2f5df3ea51e019d426532becb999bc4df2f7d37610e45a7dd96f8987fe3e6
2023-03-21 05:02:49,True,1.646e-07,4.915e-10,31456289.0,0.1546,0xa5...b14c,https://bscscan.com/tx/0x13a1bca3b5f2172f02eef12e731b9e57951aaa52fc689daa81fbc5c168e6a5fe
2023-03-21 04:25:09,True,1.647e-07,4.914e-10,31802700.0,0.1563,0x5a...dbc6,https://bscscan.com/tx/0x62cb371005fbdb1e0795e4685c0aafd7095d91ee9feeb46aa4f8094e55358941
2023-03-21 04:15:55,True,1.646e-07,4.914e-10,28575479.0,0.1404,0x43...ca6d,https://bscscan.com/tx/0x05b027ba4502ddb07bba6210f2b73e6895983f9a1af2c1994d52d4cbfe104b42
2023-03-21 04:15:20,False,1.638e-07,4.889e-10,2429649.0,0.0118,0x50...c2a1,https://bscscan.com/tx/0xa97492792d4a6207233d12e088229234a56164cca3a0271f4699103fb88a98e2
2023-03-21 04:13:46,True,1.646e-07,4.914e-10,8865346.0,0.0435,0xb1...61d7,https://bscscan.com/tx/0xd38f01114b51fee23ebe84771b148a12b156a4ad4201be64770514230a72d748
2023-03-21 04:09:45,True,1.638e-07,4.91e-10,590446250.0,2.89948,0x05...7a0f,https://bscscan.com/tx/0x1fc187851c3a8dc16760c18c6f1aa0b6a31eef3b780c8ac22efff75e1664a8a9
2023-03-21 04:05:57,True,1.646e-07,4.907e-10,75150.0,3.687e-05,0xed...079f,https://bscscan.com/tx/0x24d61faa54fc056ae3e474ddf187669a39076e3ec637762853ea603e3c2e3133
2023-03-21 04:05:57,True,1.646e-07,4.906e-10,29910805.0,0.1467,0xed...079f,https://bscscan.com/tx/0x24d61faa54fc056ae3e474ddf187669a39076e3ec637762853ea603e3c2e3133
2023-03-21 04:04:43,True,1.646e-07,4.906e-10,8042.27,3.946e-06,0xed...079f,https://bscscan.com/tx/0x097b5ee64ee51fd21bccde17dbae20c38afb094c1df1cfd83581849d8279100c
2023-03-21 04:04:43,True,1.646e-07,4.906e-10,3200836.0,0.0157,0xed...079f,https://bscscan.com/tx/0x097b5ee64ee51fd21bccde17dbae20c38afb094c1df1cfd83581849d8279100c
2023-03-21 04:03:37,True,1.638e-07,4.906e-10,11768.2,5.774e-06,0xed...079f,https://bscscan.com/tx/0x88f74787b0d1549d161891ac6ba705763ebd51b84e53e51481b497b1018aea15
2023-03-21 04:03:37,True,1.638e-07,4.906e-10,4683776.0,0.0229,0xed...079f,https://bscscan.com/tx/0x88f74787b0d1549d161891ac6ba705763ebd51b84e53e51481b497b1018aea15
2023-03-21 03:55:01,True,1.645e-07,4.906e-10,10350000.0,0.0507,0x11...f0b3,https://bscscan.com/tx/0x389098e233644163883c2b010a11c48940d948b940f3eee49c3a65f8349bc9a7
2023-03-21 03:24:43,True,1.644e-07,4.906e-10,264951.0,0.0013,0x9a...f78a,https://bscscan.com/tx/0xd3f82dc5ce7ae3000e36d1a197a92c6c88774dbe0024240cf2f6ed8a1ced58dc
2023-03-21 03:24:43,True,1.643e-07,4.905e-10,105464102.0,0.5174,0x9a...f78a,https://bscscan.com/tx/0xd3f82dc5ce7ae3000e36d1a197a92c6c88774dbe0024240cf2f6ed8a1ced58dc
2023-03-21 03:10:56,False,1.639e-07,4.881e-10,87018126.0,0.4247,0xb2...daa8,https://bscscan.com/tx/0x8b68f3d35f3de89804145cc13a7c5d883be6a1e77d05849f91cf51fdb25a8778
2023-03-21 03:08:09,True,1.647e-07,4.906e-10,40765591.0,0.2,0x41...4044,https://bscscan.com/tx/0x451ceccb4da16c0d0d7037972f391610b1b59ed75769bde01d984a057eac7824
2023-03-21 02:57:01,False,1.639e-07,4.881e-10,3246644.0,0.0158,0xda...8232,https://bscscan.com/tx/0x561260234cf1bd7a98e09e12151c482c56f3420f771fd853a035eb7732b6000b
2023-03-21 02:52:01,True,1.648e-07,4.905e-10,6281277.0,0.0308,0x2b...4a05,https://bscscan.com/tx/0x73275b493dc8b7b00b011b3ec8aebd62af3ddcc8e241e701db1dcb4c229232f9
2023-03-21 02:47:31,True,1.648e-07,4.904e-10,225139027.0,1.10419,0xdd...714b,https://bscscan.com/tx/0x90c6f40cae64ed5fb6fda496ff5db38c261628a6cdfcbee416be35b6a4405789
2023-03-21 02:21:38,True,1.635e-07,4.899e-10,640905422.0,3.14,0xde...fa58,https://bscscan.com/tx/0x4d5234f2ad6ea1aa0efaad8623fdbad8130df224c3c9a7c549135edaef7d074d
2023-03-21 02:18:35,False,1.618e-07,4.873e-10,460589541.0,2.24482,0xde...fa58,https://bscscan.com/tx/0xc612c306403d422077c44a4b8b5890a43d3076dabcb2cdaf07157eaa0a4a1d04
2023-03-21 02:18:26,False,1.619e-07,4.876e-10,17215965.0,0.0839,0x19...8502,https://bscscan.com/tx/0xcef0320035711d5e5f9a9cad0a246de052aebb26f70bc30af474ae0082ac4c4c
2023-03-21 02:12:31,True,1.629e-07,4.898e-10,453201626.0,2.22,0xde...fa58,https://bscscan.com/tx/0x7bf6a83f8f2ee024def030cb5df20d552014a4e93f0cf75b0fcba7858e4a0c67
2023-03-21 02:03:52,True,1.638e-07,4.895e-10,1200000.0,0.0058,0xc5...d0ad,https://bscscan.com/tx/0x2f68ca39784b6696fed6e73ffd16bdf9d4671d9b106133bc75fb289f449227cc
2023-03-21 02:03:22,False,1.63e-07,4.873e-10,399571257.0,1.94739,0xde...fa58,https://bscscan.com/tx/0xa33422f4b51b6f3b1afb63cee5cc00b15083d1ec25945b31c74956d88791a6eb
2023-03-21 01:57:19,True,1.635e-07,4.896e-10,612636304.0,3.0,0xde...fa58,https://bscscan.com/tx/0xec81c872c0e96db9eb45fc807b2db5ba81d296adf5210098a2a27bc41d20f054
2023-03-21 01:54:16,False,1.633e-07,4.872e-10,559787957.0,2.72734,0xde...fa58,https://bscscan.com/tx/0x6ca53fee9d3892457c197a6fa92cfc5922f14abe30846d5bff58e4c89a45bf81
2023-03-21 01:52:10,True,1.643e-07,4.899e-10,61230657.0,0.3,0xf0...b058,https://bscscan.com/tx/0x5bf8f0a4bf8071649a2b35a8124a7b0029d04b442c31d637afdfcb03d91b6677
2023-03-21 01:51:13,True,1.641e-07,4.894e-10,715031639.0,3.5,0xde...fa58,https://bscscan.com/tx/0xe23cf71b851974efe444552a0d6f92c47e8efc35dc889b4a181f9b97c65567fb
2023-03-21 01:48:22,True,1.64e-07,4.89e-10,830320.0,0.004,0x8a...21bb,https://bscscan.com/tx/0x03f8d286e86c5e0a405830a50b016b3487fff2673a52076646c8c283029f18c7
2023-03-21 01:48:10,False,1.633e-07,4.87e-10,777839545.0,3.78871,0xde...fa58,https://bscscan.com/tx/0xaed374eea3553364fa245a72f0794b9303e31a7ba2b60553e8eccd14921f94d3
2023-03-21 01:39:04,True,1.634e-07,4.896e-10,633158496.0,3.1,0xde...fa58,https://bscscan.com/tx/0x7eee6315f2d286a414bb6ac22ef3bf60d758eec64c3895e7de75d6724dac7fcc
2023-03-21 01:27:24,True,1.634e-07,4.892e-10,1052669.0,0.0051,0x65...f37d,https://bscscan.com/tx/0x0aab3390a4198aff8ce3050a30f1a0d9a7df3bfb5c20fa252cb4a26d715f0077
2023-03-21 01:27:24,True,1.633e-07,4.889e-10,419176094.0,2.0497,0x65...f37d,https://bscscan.com/tx/0x0aab3390a4198aff8ce3050a30f1a0d9a7df3bfb5c20fa252cb4a26d715f0077
2023-03-21 01:26:54,False,1.617e-07,4.864e-10,338914218.0,1.6488,0xde...fa58,https://bscscan.com/tx/0xd713d7e4ff2ddd3f5635d521fd30403f42a7fe5f7952e9530fc4c21bdebee2b7
2023-03-21 01:25:21,True,1.626e-07,4.89e-10,61418387.0,0.3004,0xc4...d98e,https://bscscan.com/tx/0x007641568b3e8659fa6009639ecc3b990e903f714ecc46e45dfa6bb74d86602b
2023-03-21 01:24:09,True,1.624e-07,4.89e-10,771885.0,0.0037,0x19...a112,https://bscscan.com/tx/0x2089b830653cb4793244170fd4abfefbd996976cfa9c696ad0fe922769c862b1
2023-03-21 01:24:09,True,1.624e-07,4.888e-10,307325208.0,1.50245,0x19...a112,https://bscscan.com/tx/0x2089b830653cb4793244170fd4abfefbd996976cfa9c696ad0fe922769c862b1
2023-03-21 01:20:48,True,1.62e-07,4.884e-10,393068504.0,1.92,0xde...fa58,https://bscscan.com/tx/0xd603e29795d3d161cc97f84f9dc718a14034930592e112578e0a23072f419610
2023-03-21 01:14:42,False,1.61e-07,4.86e-10,429989960.0,2.08995,0xde...fa58,https://bscscan.com/tx/0x53c84cc65a0b566ac30e1e34019a9e24ad1593f06c198971320d7f07ec69356a
2023-03-21 01:10:27,True,1.619e-07,4.885e-10,255839001.0,1.25,0x0e...aabf,https://bscscan.com/tx/0xc27224d4cdf1657dfda85272b24e4b1f7b7a66a5d8722ef475e5bdf228b1ccfc
2023-03-21 01:09:27,True,1.619e-07,4.884e-10,614505.0,0.003,0x26...376e,https://bscscan.com/tx/0x84bf377ea0eef8c7e02a90565c3b99e702a64b0d353a004f363f885abfb50cee
2023-03-21 00:59:30,True,1.625e-07,4.881e-10,534705158.0,2.61,0xde...fa58,https://bscscan.com/tx/0x46ac83baca12e3ad59013e3c2133f51a73e0c3f04e02f883b15f1fdf7a578a0c
2023-03-21 00:56:27,False,1.608e-07,4.857e-10,720275031.0,3.49903,0xde...fa58,https://bscscan.com/tx/0xc2c9973d3db19146b3e978a02bc2dc50039ba8d3940c6c21ea0873242ad7476b
2023-03-21 00:55:39,False,1.61e-07,4.862e-10,20612784.0,0.1002,0x90...0524,https://bscscan.com/tx/0x42d612842b71ea2ce8181dd2cf1d2cea46115b36f82912bb8a3ab401358418b6
2023-03-21 00:55:36,False,1.618e-07,4.862e-10,64464322.0,0.3134,0x95...a19a,https://bscscan.com/tx/0xfa8b01734b2c025bb02c320ceabdba6f2543cc015e20ef588280049972f06443
2023-03-21 00:53:24,True,1.617e-07,4.885e-10,388926773.0,1.9,0xde...fa58,https://bscscan.com/tx/0xffc89156a24c159a112d4b84e30bb82b881d7c7cdb5a25324b12c58469aefcf1
2023-03-21 00:52:36,True,1.625e-07,4.882e-10,4587950.0,0.0224,0x7b...ba7b,https://bscscan.com/tx/0x9ce80815ccbf85277d50b51973b4d5c959a65cf8de17b3352e699250f2a3dc23
2023-03-21 00:52:06,True,1.625e-07,4.882e-10,86214400.0,0.4209,0x29...1ae6,https://bscscan.com/tx/0x27c83b931a090f172f6b156a0c67c88f3db931f3099c047a91bf2794ac67b164
2023-03-21 00:41:12,False,1.618e-07,4.859e-10,299735685.0,1.45642,0xde...fa58,https://bscscan.com/tx/0xeade86ccde7fcaabbf4ea8c615698c05fc48d8bdca120ce84931db6bdcc386cf
2023-03-21 00:34:41,False,1.628e-07,4.861e-10,2576837.0,0.0125,0x53...c3e4,https://bscscan.com/tx/0xb96b6173bf7f68912f31f9bd6fbe4f6aa384a18d6415504ded60e095af632fd3
2023-03-21 00:32:31,True,1.628e-07,4.884e-10,95782347.0,0.4678,0x0b...481f,https://bscscan.com/tx/0x512ab31998818a61f789bc2a878be1b510a95495292e31115e64ef6ebd3a0a87
2023-03-21 00:32:07,False,1.62e-07,4.861e-10,295017879.0,1.43427,0xde...fa58,https://bscscan.com/tx/0x0d1ddf725c7d0e7f3c673fe8572082c0b8215152646dcbcac71e00cab7b0fd42
2023-03-21 00:27:01,True,1.638e-07,4.887e-10,14412800.0,0.0704,0x28...0561,https://bscscan.com/tx/0xf244b996921a68f215e4085d39eb0c283aeea1a6765b171a76a4d2c4942631ae
2023-03-21 00:26:01,True,1.637e-07,4.884e-10,595813055.0,2.91,0xde...fa58,https://bscscan.com/tx/0x6514a46be7ef834dad25bb318d9aec13abf96d2da1fa53a0287f4d57c21cad05
2023-03-21 00:22:58,False,1.619e-07,4.858e-10,363097180.0,1.76404,0xde...fa58,https://bscscan.com/tx/0xf3b5ef7c907c2c0698f11c86e69dea084f621d2cde8902e1cc00a7d235498e9d
2023-03-21 00:22:25,False,1.623e-07,4.869e-10,1575023876.0,7.66996,0xc5...2fbf,https://bscscan.com/tx/0x933d838cfcc1ee1dab4ae3b8b1fb5b8e4dabeee54f793f8043a84155f57e393b
2023-03-21 00:13:49,True,1.649e-07,4.9e-10,463194661.0,2.27,0xde...fa58,https://bscscan.com/tx/0xdec0248c6a9057e5d78c99cafdc942ff038c1f4264cf5cbf49e87af2375f2be8
2023-03-21 00:10:35,True,1.648e-07,4.897e-10,36751371.0,0.18,0xa8...2956,https://bscscan.com/tx/0xb65482068e94ef1fef2331cedd833dc6f791a6853f0c5fee8e73e0b629928582
2023-03-21 00:09:20,False,1.631e-07,4.873e-10,40765044.0,0.1986,0x7a...9fd8,https://bscscan.com/tx/0xef2b5e9973665d89174b33059565213710e612598b39489dab46d7cd74eed795
2023-03-21 00:08:32,True,1.64e-07,4.898e-10,696610.0,0.0034,0xdd...32fd,https://bscscan.com/tx/0xa965adb5804c7f4322a6dba19a6d36224787358559a1851845104ab7be21077a
2023-03-21 00:05:23,False,1.633e-07,4.873e-10,4746011.0,0.0231,0x89...2fff,https://bscscan.com/tx/0xeb74eef2179a676f2821b1336ec48b86f2caddc3752cd0b32474dc3192791289
2023-03-20 23:55:35,False,1.642e-07,4.877e-10,699620410.0,3.41259,0xde...fa58,https://bscscan.com/tx/0x9ebd45dde625bac70cada2d02c6abf21215cb84680de9c2a60ba5ef4a0ef8916
2023-03-20 23:52:32,True,1.651e-07,4.904e-10,391512047.0,1.92,0xde...fa58,https://bscscan.com/tx/0x159de1abc7cb5431623a65bcba1981d9e1f31a039ac4888a73585c4018498fca
2023-03-20 23:51:23,False,1.642e-07,4.877e-10,9695126.0,0.0472,0x0b...5ac6,https://bscscan.com/tx/0x75cda001062478ad4448d482c273eca5d3e850b904e8c0f711b574f2529daecf
2023-03-20 23:46:26,True,1.65e-07,4.899e-10,400043521.0,1.96,0xde...fa58,https://bscscan.com/tx/0xe9b69269ca8cf0cb1b9267189797c8bcf8cbd7d492d7f1887030559794460726
2023-03-20 23:40:23,False,1.639e-07,4.876e-10,656485079.0,3.20136,0xde...fa58,https://bscscan.com/tx/0xb01c067d3744cd8a394bb6eb2e7e1d72da9d3e20a361c8007b11e34ba4606c33
2023-03-20 23:34:17,True,1.649e-07,4.902e-10,456941376.0,2.24,0xde...fa58,https://bscscan.com/tx/0x993c7f7cd3191049bbca4515480a4cfa0ea93710b08d3a26419c3a6fa870f55b
2023-03-20 23:29:47,False,1.632e-07,4.874e-10,3488743.0,0.017,0x7f...741b,https://bscscan.com/tx/0xec6d68531686b0e53b9191d8d0492da849ea08b06c05a33f17200f7dbc7b367f
2023-03-20 23:22:08,False,1.632e-07,4.877e-10,405539844.0,1.97799,0xde...fa58,https://bscscan.com/tx/0x629f8428822f9e3f14d708df8ad892389ab40526b15ef82b5b7b75758a64ad1c
2023-03-20 23:16:02,True,1.648e-07,4.899e-10,751047032.0,3.68,0xde...fa58,https://bscscan.com/tx/0x712a7103391d31b8d02cd38ff5c8e63276200e1d1823975e1e43596afb81b549
2023-03-20 23:13:26,True,1.646e-07,4.893e-10,325781595.0,1.59419,0x99...3f47,https://bscscan.com/tx/0xe1cec5e135366a4f0e54c9544098d309cd0d6751b8986a67280fb6fc2d7af45f
2023-03-20 23:12:59,False,1.637e-07,4.869e-10,337227058.0,1.64198,0xde...fa58,https://bscscan.com/tx/0xa3fab6186f64d6c5db728c9afe8a875781505cbfc4fd792ecf4b43ce94c3cc10
2023-03-20 23:10:47,True,1.644e-07,4.895e-10,45963216.0,0.225,0x30...ae79,https://bscscan.com/tx/0xfb165f22135ed979bd3e462b7c4389d50e2ed9d5ad242a9159c8364ecedc9700
2023-03-20 23:06:53,False,1.636e-07,4.875e-10,780747004.0,3.80623,0xde...fa58,https://bscscan.com/tx/0x39a971f0b94da53b1c3dc400bdb70cd627383840df7ec68a1124f6430ed31610
2023-03-20 23:03:53,True,1.642e-07,4.901e-10,391686731.0,1.92,0xde...fa58,https://bscscan.com/tx/0xea934fd90cacb6cb58588a13271fa7e5b3f5c90a465bf47b1435bdc8d38207b6
2023-03-20 22:54:44,True,1.63e-07,4.894e-10,811077676.0,3.97,0xde...fa58,https://bscscan.com/tx/0x4646253a817bcfaa636c4d547e02efdc70280d1335fc017cc0282b5dc95fc5b2
2023-03-20 22:46:38,True,1.627e-07,4.889e-10,57899812.0,0.2831,0xc7...7f07,https://bscscan.com/tx/0x82c29a64d3406ad69a1bbf8c7ff317e1e8a1672bb7d827fd503e3b227d0e2085
2023-03-20 22:45:38,False,1.628e-07,4.867e-10,382569119.0,1.86199,0xde...fa58,https://bscscan.com/tx/0xf4a2f7d4cf950d11ffbfffc259d37beef0786578f33ffe982427fccfee19265b
2023-03-20 22:42:35,False,1.623e-07,4.872e-10,501038936.0,2.4412,0xde...fa58,https://bscscan.com/tx/0x7f2ca11b8de14d7b9beec62488c4afc0cdfe3dcb1ba617fc6bece1ac487703ef
2023-03-20 22:39:32,True,1.641e-07,4.894e-10,835593553.0,4.09,0xde...fa58,https://bscscan.com/tx/0x9d698f97b794e59b7b92b41e0e07dc566931cf231942b2c67f27506d7b2b1c90
2023-03-20 22:36:35,True,1.64e-07,4.889e-10,2045091.0,0.01,0x86...aa1e,https://bscscan.com/tx/0x95791482a2baa653d9ac5771c2eeaffc8c1d5b15981726aefd4bab9e94130d1b
2023-03-20 22:35:23,True,1.632e-07,4.889e-10,40903902.0,0.2,0x31...aef3,https://bscscan.com/tx/0x45a8960cbc01ccc770c5c961e39713ed77f50dfad2a049ce6f468c452d7455bc
2023-03-20 22:33:26,False,1.627e-07,4.869e-10,821205931.0,3.99902,0xde...fa58,https://bscscan.com/tx/0x044175fe538062c0b80f487d0e5e56755cb9430732d6575f926a800290d83a51
2023-03-20 22:28:14,True,1.645e-07,4.898e-10,1539910.0,0.0075,0x86...8007,https://bscscan.com/tx/0xf858f55d5e3f386691ad1d19491a26bf4d3dc0d431b11f7cb4ff9cb44d9b90dc
2023-03-20 22:28:02,True,1.645e-07,4.897e-10,239062348.0,1.17082,0xe1...d36f,https://bscscan.com/tx/0xf8eb88e5cf85f7cdcff7146d24fdf80ef4daec2a4328584ed7fe3ffc93b7df2e
2023-03-20 22:27:20,True,1.644e-07,4.892e-10,619321969.0,3.03,0xde...fa58,https://bscscan.com/tx/0x847c6d108b3c1179b6c78a747a9b7c1a7844f3afd23b0505d95b65831fa54ff1
2023-03-20 22:24:20,False,1.635e-07,4.869e-10,840012461.0,4.09029,0xde...fa58,https://bscscan.com/tx/0x0b0cc55c9c34608333f89ac08b8b705ff95f7ca46c7bd4ee550a3827831342a3
2023-03-20 22:23:38,True,1.645e-07,4.898e-10,19111.9,9.362e-06,0x28...7541,https://bscscan.com/tx/0x625289e795fba5ac3e98b57d907daa904528fbe97cbeedc9b983f18fb004466f
2023-03-20 22:18:50,True,1.647e-07,4.898e-10,28528706.0,0.1397,0x83...5581,https://bscscan.com/tx/0xbd05637b7ea2e4ea85af05f972f373a807428a2a693b9c7c9040b525f6321a9b
2023-03-20 22:18:11,True,1.646e-07,4.893e-10,784678949.0,3.84,0xde...fa58,https://bscscan.com/tx/0xa8a3cfa6766d26463a01db4a357c1a3093c9ed9122b81f91241a7e7d434ad478
2023-03-20 22:18:05,True,1.635e-07,4.888e-10,81005946.0,0.396,0xfb...dfc6,https://bscscan.com/tx/0x0c822788763a81b6bf84e29cdba3308a691df96ab53a6198867e718a36f2c480
2023-03-20 22:12:20,False,1.636e-07,4.866e-10,393416228.0,1.91437,0xb9...3825,https://bscscan.com/tx/0x8e4c92ad7b6d9fa996d601c61eac50449bb8b16b4994486594a80415731a9246
2023-03-20 22:09:05,False,1.629e-07,4.87e-10,375344711.0,1.82813,0xde...fa58,https://bscscan.com/tx/0xf08709e3cece56604a24d32a9120dd763df5dda20dac6a209cd1c59862ae6688
2023-03-20 22:03:02,True,1.645e-07,4.895e-10,326846195.0,1.6,0xde...fa58,https://bscscan.com/tx/0x2760eb92fb6b22ce32e3b1377c7386ba29d7f68b15b5878459068f1cb6b09292
2023-03-20 21:59:05,True,1.635e-07,4.893e-10,20436402.0,0.1,0xae...d747,https://bscscan.com/tx/0x3756e51cec75828c3eb496b76128c789245158996f7fe359bf492cfdb4f77ee6
2023-03-20 21:57:53,True,1.645e-07,4.893e-10,4900000.0,0.0239,0xb2...fa60,https://bscscan.com/tx/0x3af600d9191783947635cc82c9298ee9125a29f6e890058ceecd97457fef8f79
2023-03-20 21:57:26,True,1.636e-07,4.892e-10,5540000.0,0.0271,0xb2...fa60,https://bscscan.com/tx/0xa1ddf30d51ee2aee69018589db3b628c48d2700e43f540b6691b763e019613bd
2023-03-20 21:56:56,False,1.63e-07,4.873e-10,806462694.0,3.93011,0xde...fa58,https://bscscan.com/tx/0x5344d83b9c4c4e3aa73669388060a8e1cca83c937bf02ee4bd9f39bd056f5954
2023-03-20 21:53:53,True,1.639e-07,4.898e-10,604213650.0,2.96,0xde...fa58,https://bscscan.com/tx/0x0468f752fe314d9b14ed9496e5ae8ca61e069978c654684207b55299cc3759d1
2023-03-20 21:52:38,False,1.629e-07,4.87e-10,47524.0,2.314e-05,0x20...804a,https://bscscan.com/tx/0x35a05deffc5e2faac0596d75ee3cf263fe8b6686fc8222a4b3b047593b1a682b
2023-03-20 21:50:53,True,1.645e-07,4.893e-10,283961659.0,1.38961,0xee...a7ae,https://bscscan.com/tx/0x1ca43cb151e50063c246428ba804365dc6c5c28cd48dd1e225105fb2d23ba916
2023-03-20 21:50:50,True,1.644e-07,4.889e-10,482706117.0,2.36,0xde...fa58,https://bscscan.com/tx/0x65af79f11797da3af7508c464107f251423954b0a0c41c9a55a1689b14ee4134
2023-03-20 21:46:23,False,1.696e-07,5.067e-10,33489155813.0,169.701,0x5b...ee54,https://bscscan.com/tx/0x0c57bc75eb9d2562a07f13d09b860a7607160c5174f2afd198e08e927eb753e6
2023-03-20 21:41:44,False,1.779e-07,5.283e-10,334069396.0,1.76496,0xde...fa58,https://bscscan.com/tx/0xcdc0dd820c31cf6d48e73926441a7982edfe8e3aba81d4f872eb04eb62ec1afb
2023-03-20 21:39:23,False,1.78e-07,5.285e-10,50184209.0,0.2652,0xe4...b84e,https://bscscan.com/tx/0xbc14a10d1fc322e4bf43a75a6a039bfcea90115fadc4de0c2ec96d8ff7dce4ab
2023-03-20 21:35:59,True,1.78e-07,5.312e-10,18823.0,1e-05,0x18...6475,https://bscscan.com/tx/0x231375545048aa18d05e9f9285e990dce4fe313d3cee922394408128aec48022
2023-03-20 21:35:59,True,1.78e-07,5.312e-10,7491627.0,0.0398,0x18...6475,https://bscscan.com/tx/0x231375545048aa18d05e9f9285e990dce4fe313d3cee922394408128aec48022
2023-03-20 21:35:35,True,1.789e-07,5.31e-10,318242960.0,1.69,0xde...fa58,https://bscscan.com/tx/0xff70fbacfbc1ee9df1a036300f7043b29bcfd0acb24cbea7e247359adffe8192
2023-03-20 21:30:53,False,1.777e-07,5.279e-10,81507.7,4.302e-05,0x53...45f5,https://bscscan.com/tx/0x0c75cd7ad70e44f7b4f1ebd523bc12e6673792aaac8cad73728bc854ab8128de
2023-03-20 21:25:26,False,1.778e-07,5.281e-10,10609160.0,0.056,0x42...a001,https://bscscan.com/tx/0x67a016ed2bec83613d97cbed1c69a957233e97f7af1999c6ad9fb48d4e6998f6
2023-03-20 21:21:47,False,1.778e-07,5.281e-10,4175283.0,0.022,0x90...f49e,https://bscscan.com/tx/0xa219a8dcfb6bb21ba47832976a173599df2b091bb3896baec4e974eb9ca5857e
2023-03-20 21:20:26,False,1.781e-07,5.288e-10,969953496.0,5.12954,0xde...fa58,https://bscscan.com/tx/0x79da6cae741f3a1b9e61d521693ed26b53f920290a97b8dca6807e0c3d2e4bb8
2023-03-20 21:17:20,True,1.791e-07,5.316e-10,729794605.0,3.88,0xde...fa58,https://bscscan.com/tx/0xd37aa307bd20570a8e1174a95179c2d559b4d4c34ff5b39e00dab31639b39573
2023-03-20 21:13:53,True,1.788e-07,5.31e-10,111091893.0,0.59,0xa9...c0ea,https://bscscan.com/tx/0xe9def2b56cbc1cd8fb5983893890be2dd37c10a3113a9ea91b864501d2ab1413
2023-03-20 21:12:59,False,1.77e-07,5.284e-10,102339986.0,0.5408,0x7d...83b5,https://bscscan.com/tx/0xd49e50d060f5eb2f93efe80ae28b4fd6bc949737db958982184eaf92b72fa85e
2023-03-20 21:11:38,True,1.789e-07,5.309e-10,345283638.0,1.83319,0xf9...2cd1,https://bscscan.com/tx/0x7ac76a8de10752cd478b0b15614a4ee734033df4e880a82c17309dede90cf8eb
2023-03-20 21:11:14,False,1.773e-07,5.284e-10,547665985.0,2.8939,0xde...fa58,https://bscscan.com/tx/0xcf5cbc64ae1d4efaf21df4f2a85418089216b98a1ad288f6708577a449405658
2023-03-20 21:01:04,False,1.772e-07,5.287e-10,1770241.0,0.0093,0x5f...7933,https://bscscan.com/tx/0xb37ab5a75485d9f999e5a7e1acbc4d4b0f8005291d588b4d8d097159c188df84
2023-03-20 20:58:25,True,1.79e-07,5.314e-10,9408742.0,0.05,0xae...d747,https://bscscan.com/tx/0xa8ff4ac8ac2ff87e6a5468453ecbbd9b732a55f33290ed553a7ba5d78c161d43
2023-03-20 20:56:34,True,1.78e-07,5.31e-10,585664758.0,3.11,0xde...fa58,https://bscscan.com/tx/0x595be1264a43c91688923ad8d22eb7735a6a6c69ec5d38cf89825ad093e6ccac
2023-03-20 20:56:16,True,1.778e-07,5.305e-10,111322478.0,0.5906,0xfb...dc85,https://bscscan.com/tx/0xff0842f879f6ec32358ed3f887107c84798d5569b05f88f1b4e7862bb888860f
2023-03-20 20:48:25,True,1.788e-07,5.304e-10,2933487.0,0.0155,0x17...10a5,https://bscscan.com/tx/0x66147fd38d802f8609870a1e79e8ef85d9c35443d772462fef6abbd55ad80317
2023-03-20 20:46:55,False,1.773e-07,5.28e-10,359951543.0,1.90078,0xde...fa58,https://bscscan.com/tx/0x3f6fe1817cd68d77097bed1688b6be0e18d056b9dd81b8aca5a51386d49fe1ad
2023-03-20 20:45:10,True,1.783e-07,5.309e-10,7000000.0,0.0371,0xe5...745d,https://bscscan.com/tx/0x339559a1255ea421492c80d1fcd872acf3163656e31835cd669c5a05174a3a65
2023-03-20 20:44:58,False,1.775e-07,5.283e-10,7730442.0,0.0408,0x53...c3e4,https://bscscan.com/tx/0x9f9bcf9edb530a173ff0e2b9b94557551c84ca1810e6b27adbbb079d84ed7591
2023-03-20 20:34:46,False,1.783e-07,5.285e-10,407882687.0,2.15598,0xde...fa58,https://bscscan.com/tx/0xf44248e6bcec35e2fbedfa1da1d8317bfcaff34ce200fda045ed6ef9b3ab8117
2023-03-20 20:28:41,True,1.782e-07,5.308e-10,1026725264.0,5.45,0xde...fa58,https://bscscan.com/tx/0xb8d932914f9c85295c9b146e568924a8a0eff240757b96602ad3cc8375f7dfd3
2023-03-20 20:25:36,False,1.782e-07,5.281e-10,1008759719.0,5.32778,0xde...fa58,https://bscscan.com/tx/0xb6a6a88845bcbcfab8bba21a78104f7e2cfec31933c6b96a8f856aac517a442f
2023-03-20 20:22:05,False,1.783e-07,5.285e-10,351093.0,0.0018,0x24...b9d0,https://bscscan.com/tx/0x58cbcc174190d553be1085c9fe94e6a263b26e609cf67f26907b0a6441a6c52c
2023-03-20 20:19:32,True,1.791e-07,5.308e-10,953213079.0,5.06,0xde...fa58,https://bscscan.com/tx/0x25cec9ed301ae5d6bdc6ac1d2b5e743da702145c065e68541248d5c47c599b3e
2023-03-20 20:16:14,False,1.778e-07,5.275e-10,13005894.0,0.0686,0x86...ae0a,https://bscscan.com/tx/0xedd6de269f6ed8a3d2696cfe7a5f8c39b33d9174e0af12305a06adfab1574e38
2023-03-20 20:08:17,True,1.788e-07,5.301e-10,37722329.0,0.2,0x8f...cc85,https://bscscan.com/tx/0xae969fba00ad79800260bd0409944ce96c04e3c34c44c20b4acf37b66726181c
2023-03-20 19:58:14,False,1.782e-07,5.279e-10,670207798.0,3.53845,0xde...fa58,https://bscscan.com/tx/0xd103023534d432524e2d8be9804ef4bf4a3089dc8853fde6961b73015ebc6c9c
2023-03-20 19:55:11,True,1.8e-07,5.308e-10,320243521.0,1.7,0xde...fa58,https://bscscan.com/tx/0x3666d63a4703d845f70ef6b87b0fdff6123bed27ba4c31ea261e78feb5d8c11c
2023-03-20 19:51:35,False,1.791e-07,5.279e-10,2985795.0,0.0157,0xbe...8c72,https://bscscan.com/tx/0x39fd78affc7e20c2643709f6eb00ecd2c2c3da4d218a848e2699e1dd28cfd242
2023-03-20 19:51:14,False,1.782e-07,5.28e-10,130982907.0,0.6916,0x0f...f4a8,https://bscscan.com/tx/0x53d25c2e98314b668a631d6e7d5e403208c58b0d95f05bd5a584d95786259308
2023-03-20 19:47:20,True,1.791e-07,5.307e-10,37680010.0,0.2,0x25...49d6,https://bscscan.com/tx/0x9825d5183b60dcec102aef6b2365e4ffffd405d851f2f13aae22640d70ba41cd
2023-03-20 19:47:02,True,1.8e-07,5.307e-10,5557856.0,0.0295,0x04...3f34,https://bscscan.com/tx/0xf45c792bfdc4883fa901c59c0a998fce781a2d3e7d4dc7f400ff0c8608f97ba5
2023-03-20 19:46:14,False,1.792e-07,5.285e-10,598037960.0,3.16064,0xde...fa58,https://bscscan.com/tx/0x3e6b166303bcb2c03e308aae733e1b05898fbae085cc02e8a95fb35f3683b40d
2023-03-20 19:45:23,False,1.801e-07,5.31e-10,3276890732.0,17.4035,0x98...2969,https://bscscan.com/tx/0xade047e1d5d517d03913cf5e7e77006a840881ac80a9a702a73fd6cd81ba6372
2023-03-20 19:29:04,False,1.804e-07,5.333e-10,1683932.0,0.0089,0xd9...331d,https://bscscan.com/tx/0xc6ea97e99c16daa891a86ba6f9e91ac93b8e7f96f5a9cea8b716ff1ac7aef675
2023-03-20 19:24:46,True,1.811e-07,5.355e-10,698408971.0,3.74,0xde...fa58,https://bscscan.com/tx/0x10eec2fe980675c5660671525e0441b88b786d7b9767a32264c279fe218c45b7
2023-03-20 19:21:13,False,1.791e-07,5.326e-10,423188050.0,2.25408,0x05...7066,https://bscscan.com/tx/0xd0c50565293eb6f5273dc43af2c189836fe5bdb13279cadbf8e59ed375bf1a97
2023-03-20 19:18:52,True,1.8e-07,5.355e-10,8980643.0,0.0481,0x17...5050,https://bscscan.com/tx/0xf49ba2a0a9d25fa8848afc2e1d38a8b926f67cc246a73ed0a14ad9864362fe26
2023-03-20 19:08:49,True,1.795e-07,5.353e-10,290006865.0,1.55268,0x4a...e679,https://bscscan.com/tx/0xe81334a3a9749856f5f6fb12ac9c0932d8e003771491eb0554884f6cedd4a8d9
2023-03-20 19:02:10,False,1.798e-07,5.327e-10,406046985.0,2.16341,0x05...7066,https://bscscan.com/tx/0x7864f277e242d4d33aa14d4f0631682534a510c7a28b0a7f48ccedc8d68e3e75
2023-03-20 18:58:13,False,1.795e-07,5.333e-10,429932142.0,2.2931,0x05...7066,https://bscscan.com/tx/0xc6cd10a8580a36b42c2e53814a155dce9c1f2533014a2383448632278e170c26
2023-03-20 18:41:07,True,1.805e-07,5.363e-10,5512338.0,0.0295,0x13...046f,https://bscscan.com/tx/0x253f786b7abe12be401407a52501d9e386deaaf53343dd0c7bad6e9ea4ca049c
2023-03-20 18:34:49,True,1.804e-07,5.362e-10,55096844.0,0.2954,0xf8...4747,https://bscscan.com/tx/0x184b744d132164bbb2dcc1f792f9760a463def596643255458dbcecf8afc10b6
2023-03-20 18:30:13,False,1.793e-07,5.336e-10,84560343.0,0.4512,0xde...5841,https://bscscan.com/tx/0xe1c497cc74996e35c6f8387633d6df2d6aa34d5677d33463136ac2efdf29ff8f
2023-03-20 18:27:43,True,1.81e-07,5.363e-10,10000000.0,0.0536,0xd0...20d7,https://bscscan.com/tx/0x34a091db96f8bdd2a508f6fc026d99efc7a864e90338891772d813176599bc31
2023-03-20 18:21:46,False,1.801e-07,5.339e-10,389359483.0,2.07893,0x05...7066,https://bscscan.com/tx/0x78175c019f199b2d98e344c2771258cb09eff2bc5a4a11ede186d1c41945f82b
2023-03-20 18:20:34,True,1.811e-07,5.368e-10,27940244.0,0.15,0x42...39aa,https://bscscan.com/tx/0xb244011536d771964a606fef0fe64f2a2e9f5cbd618641a673ad1dbe4b8f8333
2023-03-20 18:13:46,False,1.792e-07,5.341e-10,1269149.0,0.0067,0x03...8576,https://bscscan.com/tx/0xd2deec48ee2430c3bebc734df53098b0178a25078065e75332539c05704f37fb
2023-03-20 18:12:31,True,1.81e-07,5.368e-10,1676472.0,0.009,0x03...8576,https://bscscan.com/tx/0x3e704c0fd39d5f7b844b22787d3831ca09fe6f86590e7f93b555feb2cbf79325
2023-03-20 18:11:25,True,1.8e-07,5.368e-10,3428853.0,0.0184,0x5c...be78,https://bscscan.com/tx/0xda98fc260c73d43d9fffc8d77f31a724b438a3140fe3e2a7850ba7b75ea300d2
2023-03-20 18:03:25,False,1.785e-07,5.341e-10,26124245.0,0.1395,0x6f...5c7b,https://bscscan.com/tx/0xb3697bdd10b0ac60389784f8f50126ab1e893eeddc5671653cf9617135c8cb53
2023-03-20 17:51:55,True,1.809e-07,5.368e-10,5345823.0,0.0287,0x13...046f,https://bscscan.com/tx/0xb3824c9443e87e1f58e44a7bf952a1445bdb28ea20c8e5f5cd5efe98b1625e24
2023-03-20 17:49:07,True,1.808e-07,5.368e-10,67061809.0,0.36,0x05...acf2,https://bscscan.com/tx/0xb2a90406a5064a9dd614fb0ef0cf9869c8266a787fd8a53d6c0e057692c2b197
2023-03-20 17:46:40,False,1.805e-07,5.348e-10,1140434264.0,6.0998,0x2a...576a,https://bscscan.com/tx/0x72b101c800d01713e957d66c4863c8f6f2a2ee5872c328a642f4d601a4872306
2023-03-20 17:45:34,False,1.807e-07,5.356e-10,23593108.0,0.1263,0xcb...6b1d,https://bscscan.com/tx/0xb31a96ab24a71ecd20f23fb58ea1dc27fc5a173490d7406ec911c1dcbdf811b0
2023-03-20 17:42:19,True,1.805e-07,5.38e-10,399564207.0,2.15,0xec...0165,https://bscscan.com/tx/0x43afe2d1c202a674a24baacbf9c7fcf1057222192862065d107719e70f00d04e
2023-03-20 17:37:07,True,1.802e-07,5.371e-10,908428401.0,4.88,0x2a...576a,https://bscscan.com/tx/0x62377c4d86369efbf8e3fabbb701918159222f7f8d3433eb8b8731b06c7f1b5f
2023-03-20 17:35:28,True,1.805e-07,5.359e-10,895586751.0,4.8,0x08...af7e,https://bscscan.com/tx/0x209932f156b9e476251d614b3629bac2ba61fc1d557591eea697cd0e9fe5db06
2023-03-20 17:32:23,False,1.787e-07,5.331e-10,653662646.0,3.48482,0x08...af7e,https://bscscan.com/tx/0xb3d4097d17ac51dd3d0714527b483df63b953ecd174126453a042be23eeb2a97
2023-03-20 17:31:31,True,1.804e-07,5.36e-10,328348191.0,1.76,0x1b...7f6d,https://bscscan.com/tx/0xd3689e915fa4d1b330012c901f508188fba44614e3830693fb1c50a44764621b
2023-03-20 17:31:25,True,1.803e-07,5.357e-10,3411108.0,0.0182,0x32...9e0c,https://bscscan.com/tx/0xe46a98b98e7cd0efeb1aafaa211e119c6806c16468fc1b25f9875fd915c1a3cf
2023-03-20 17:30:30,False,1.794e-07,5.331e-10,7508128.0,0.04,0x73...5697,https://bscscan.com/tx/0x62861ac25d82d3dbfdf9917f451fcc03de4031292d6e3450edeb157702b3996b
2023-03-20 17:29:45,True,1.802e-07,5.354e-10,466870090.0,2.5,0xec...0165,https://bscscan.com/tx/0x2a58559aa4b80f7bc18ee5f5ad1bee68ea2e36bf4db914a710e04c5e1c784941
2023-03-20 17:29:33,False,1.792e-07,5.325e-10,18982126.0,0.101,0x7e...51d4,https://bscscan.com/tx/0xcd68bfab28ca6ea90cc28987e734deb89c34e96759f3fb6ebc7c6cec8e7f9c8e
2023-03-20 17:29:18,True,1.8e-07,5.347e-10,639545007.0,3.42,0x08...af7e,https://bscscan.com/tx/0x7a699bd23b2d4178d8599eaa35060016a747d344f9b1c20006d7776a4e93b94b
2023-03-20 17:28:18,False,1.782e-07,5.318e-10,291964525.0,1.55281,0xde...fa58,https://bscscan.com/tx/0xf0e8e3cfc66c48fdafb945b9fcb2c37ca708e99a56ddf85337228902a040ce1d
2023-03-20 17:26:57,True,1.792e-07,5.347e-10,11087973.0,0.0592,0x3d...9ef3,https://bscscan.com/tx/0x8aec5501994ea5b8d673f063c80730a4f382eaf0202e80f4d37840c81e547e00
2023-03-20 17:26:12,False,1.795e-07,5.324e-10,692741968.0,3.68884,0x08...af7e,https://bscscan.com/tx/0xc9e301f23ffc7fb98b2bd1963183e11486394e3747d49f2fce7b6b0192e05189
2023-03-20 17:25:27,False,1.788e-07,5.333e-10,572192181.0,3.0518,0x1b...7f6d,https://bscscan.com/tx/0x59b9e6c7e5a7ac5faabfcedd28107b00e758156dbc6546abb40a3da1312a7916
2023-03-20 17:24:27,False,1.8e-07,5.341e-10,658505559.0,3.51764,0x2a...576a,https://bscscan.com/tx/0xf4d0970ef4426286eb1492877a9c53de371ed72555dd1e305b4334f5c4050aca
2023-03-20 17:22:16,True,1.809e-07,5.369e-10,486050041.0,2.61,0xde...fa58,https://bscscan.com/tx/0x4dc25f743b42883662e9ed5aa3446c85ee178c437a9c04b2fd4fd3c4c3ec2c07
2023-03-20 17:20:01,True,1.801e-07,5.363e-10,497845686.0,2.67,0x08...af7e,https://bscscan.com/tx/0xf25c4cb073cf5d4af8857538a5fc67dba0966eb265a33475eab0ac8fc59a6854
2023-03-20 17:19:23,False,1.802e-07,5.335e-10,403788863.0,2.15449,0x1b...7f6d,https://bscscan.com/tx/0xe5bfca642c1b7f45cdf6542f1128390e7fd4bea4d22190ae80b305f3f38622c6
2023-03-20 17:17:42,False,1.794e-07,5.338e-10,3435743.0,0.0183,0x53...c3e4,https://bscscan.com/tx/0x1ff2ee00c635de341ed2f8e4f8bbd15224a813f4bd1a2c939a7db695f8837549
2023-03-20 17:17:12,False,1.795e-07,5.34e-10,351248160.0,1.87596,0xec...0165,https://bscscan.com/tx/0x6f64f40bfb336797a37c7e96730d5f0dfe8fe464948c4db82e6503d47ee20079
2023-03-20 17:16:57,False,1.807e-07,5.348e-10,839699322.0,4.49149,0x08...af7e,https://bscscan.com/tx/0x28648598aa91092821d312f3e56d54d1204943d29d9e502ff893d8573c9dee08
2023-03-20 17:14:03,False,1.811e-07,5.357e-10,367375601.0,1.96807,0xec...0165,https://bscscan.com/tx/0x5393bb43839cb395e1293dd052c45043f0173cb410543586a944fcb3bd70e871
2023-03-20 17:11:33,False,1.805e-07,5.359e-10,25854822.0,0.1385,0x05...7066,https://bscscan.com/tx/0x728753f9ec8f2f31e1a45ed7da29439b465c3cadbb1ac1e99750fe32317a4553
2023-03-20 17:10:45,True,1.813e-07,5.383e-10,432772133.0,2.33,0x08...af7e,https://bscscan.com/tx/0x20574d3636bcbb54009b6ce7a7382b96d63f131e3facd71fdfb3bf64c938eda0
2023-03-20 17:10:12,True,1.812e-07,5.377e-10,531866369.0,2.86,0x1b...7f6d,https://bscscan.com/tx/0x244e61814ef4e49fe2d43a1aba3d864ec3ce2ac69383d8eb109b8b13974204ad
2023-03-20 17:09:33,False,1.803e-07,5.349e-10,390847153.0,2.09083,0x05...7066,https://bscscan.com/tx/0xaeed973e0dac4df1a09656e1e6b1f39eb6882a729d70401c289bc3f3ed89aca9
2023-03-20 17:08:19,True,1.823e-07,5.378e-10,4000000.0,0.0215,0x36...4f53,https://bscscan.com/tx/0x7eadfdf8b5312bdb75881e564b2bb730ee97edf65ef4f7f189377013f9c7c55a
2023-03-20 17:07:42,True,1.812e-07,5.374e-10,666123934.0,3.58,0x08...af7e,https://bscscan.com/tx/0x0fcca88884b8626d571cbe99adc1eca137d2af3939a0a265471616d9fa90bb14
2023-03-20 17:05:25,True,1.808e-07,5.367e-10,298074049.0,1.6,0x2a...576a,https://bscscan.com/tx/0xa3249d25d08e770b20e5314b79bcccfa93f8ece399c9823322df23ad0b57ad1e
2023-03-20 17:03:58,False,1.809e-07,5.344e-10,877192634.0,4.68852,0xde...fa58,https://bscscan.com/tx/0x7915c2e3cec331bc3f281a2b914046317f7df77dd97514e37cbdf5e7ae10a96c
2023-03-20 17:02:13,False,1.814e-07,5.354e-10,584186826.0,3.12822,0x2a...576a,https://bscscan.com/tx/0x676d1ff448661049524d964283f7567a593f04e3fb8ea66e8f1b2936fc29b97a
2023-03-20 17:01:28,False,1.817e-07,5.365e-10,939467910.0,5.04044,0x08...af7e,https://bscscan.com/tx/0xb154c6adc267088146676b600a56e1dfbe21a73df1b6990e039010a9fec1ab76
2023-03-20 17:00:37,True,1.829e-07,5.398e-10,200000.0,0.001,0x75...3c98,https://bscscan.com/tx/0x412d657313c9118439b13fcc218310c321cc670094abe0e582cb5dd3dfa4ab05
2023-03-20 16:59:07,False,1.821e-07,5.374e-10,369081208.0,1.98349,0x05...7066,https://bscscan.com/tx/0xb47086448ca2ed154abc68ac53e9625004e28698077fca422fcc45a3e5803bd4
2023-03-20 16:58:25,True,1.829e-07,5.399e-10,550015712.0,2.97,0x08...af7e,https://bscscan.com/tx/0xc76d084d223b17c0a1bff66a63830690fb56648ff96d5bad160daad3786fbdcf
2023-03-20 16:57:58,True,1.825e-07,5.389e-10,975998118.0,5.26,0xde...fa58,https://bscscan.com/tx/0x60b17c333c8235f220d1c8c0f12933f224cdff60e4abe745d71f314b348822c4
2023-03-20 16:55:55,True,1.811e-07,5.379e-10,394054459.0,2.12,0x2a...576a,https://bscscan.com/tx/0xee5f07980aefd7478a4a65b1b1e6e331d4477ab7f714b9170808dd41703cd71a
2023-03-20 16:55:19,False,1.803e-07,5.354e-10,566604075.0,3.03375,0x08...af7e,https://bscscan.com/tx/0x22e3987245a3a423c4a5f6c8f97f5ba38db10dc37e96896be6851d6291d0c384
2023-03-20 16:54:52,False,1.805e-07,5.36e-10,293982482.0,1.57578,0xde...fa58,https://bscscan.com/tx/0x00310fcf8c5c9e5bb63aaf15ddd462c57ed53cec4e7ac939b9054561e34ee184
2023-03-20 16:52:46,True,1.814e-07,5.389e-10,501893.0,0.0027,0x78...4a58,https://bscscan.com/tx/0xd282e27997b4b074870c157d97a1ae8659eaf78637047ba73785bd6d44bbf259
2023-03-20 16:52:46,True,1.814e-07,5.387e-10,199804331.0,1.07648,0x78...4a58,https://bscscan.com/tx/0xd282e27997b4b074870c157d97a1ae8659eaf78637047ba73785bd6d44bbf259
2023-03-20 16:52:14,True,1.821e-07,5.382e-10,574098695.0,3.09,0x08...af7e,https://bscscan.com/tx/0x205e9485d8c87a28c12b64c839426e51c031b799313c43318e6ff9e8247c2884
2023-03-20 16:52:05,True,1.809e-07,5.374e-10,545147586.0,2.93,0xec...0165,https://bscscan.com/tx/0x30f04ec310edd335c7da355928ad3d722009d3d2f0c944d2192e3fce09876d74
2023-03-20 16:51:59,False,1.8e-07,5.346e-10,325219357.0,1.73874,0x1b...7f6d,https://bscscan.com/tx/0x5a974370f878a5fe021312f1be08da8708a4a61e30d9bb757759915519e6ba17
2023-03-20 16:51:50,False,1.812e-07,5.352e-10,544110958.0,2.91222,0xde...fa58,https://bscscan.com/tx/0xc77d03ba61890ff010dd0d61fc18bd2a8c78d27529ed369c0aa624bdd925cc06
2023-03-20 16:48:12,False,1.813e-07,5.358e-10,430943654.0,2.30938,0x05...7066,https://bscscan.com/tx/0xf984204bcf25a68d2e792a9de1184717010640d236f5302eaf602735ec835e8d
2023-03-20 16:45:52,True,1.813e-07,5.384e-10,635172129.0,3.42,0x1b...7f6d,https://bscscan.com/tx/0x7d0d9bb09f05e72a0732cf24d5afb86bfd8e5f2654b331f27d8f620b5b0461dc
2023-03-20 16:45:43,True,1.811e-07,5.376e-10,479845189.0,2.58,0xde...fa58,https://bscscan.com/tx/0x44d76c7add7843aaa569b01698c9acc93c19cf2015026fd9e7a33b2b706449da
2023-03-20 16:42:50,False,1.801e-07,5.348e-10,306079035.0,1.63713,0x1b...7f6d,https://bscscan.com/tx/0xbf30bce1b440f4248558cd952a58ed01c6b4bd14c3a7d037d4cab2fb505f3934
2023-03-20 16:40:03,True,1.818e-07,5.373e-10,675599129.0,3.63,0x2a...576a,https://bscscan.com/tx/0x0edaab33843c02756940d22372abdbb0ec820ed8f036472cca9655a6040a6254
2023-03-20 16:39:51,False,1.799e-07,5.345e-10,535980256.0,2.86494,0x08...af7e,https://bscscan.com/tx/0x4703d79d67f439abf69366821ac2056a58584aff4579f2c299d296f7cb2b3e23
2023-03-20 16:39:36,False,1.802e-07,5.354e-10,776214171.0,4.15596,0xec...0165,https://bscscan.com/tx/0x35327a1809ad515e42cc91b21146c2224b9de4a83256b6efe9e93b1ba907b4ff
2023-03-20 16:36:53,False,1.807e-07,5.363e-10,650955256.0,3.49163,0x2a...576a,https://bscscan.com/tx/0xf8d3b794f2c006749ce882adfe16da82ade91e8f4319a25469de0994782cb865
2023-03-20 16:36:44,True,1.817e-07,5.391e-10,550873696.0,2.97,0x1b...7f6d,https://bscscan.com/tx/0xe6bb1050bb24168a24f0357233e1cfa54dd5dbf3ca6a1b65138b8d267cc76aa3
2023-03-20 16:36:14,False,1.807e-07,5.363e-10,357769687.0,1.91879,0x05...7066,https://bscscan.com/tx/0xfacf0e09e993fc15c52206b0cfd0bd4a65e2951dbfd8c5057955e0de27e0406b
2023-03-20 16:33:41,False,1.818e-07,5.367e-10,271374304.0,1.4566,0x1b...7f6d,https://bscscan.com/tx/0xaec02c9c282f7ae83dd3aa9ec6387ae098d1c9ec827ec8eca4b0426e32ca530f
2023-03-20 16:33:14,True,1.825e-07,5.39e-10,888655108.0,4.79,0xec...0165,https://bscscan.com/tx/0xb2644a577778d6cd67c4ce91fc55d56c1338b96944cc39c1b9905e1e2bbc2275
2023-03-20 16:30:35,True,1.823e-07,5.382e-10,286132849.0,1.54,0xde...fa58,https://bscscan.com/tx/0x67d5d113b7070ffffdc6de289c13366f95051d334994f99fe38f7f009fc1eaf3
2023-03-20 16:27:38,False,1.805e-07,5.358e-10,741585529.0,3.97367,0x1b...7f6d,https://bscscan.com/tx/0x737a8a3a7ae37ea289b5a0f2d43046312b619a7bea03533aab03ac5174996412
