datetime,buy_order,price_USD,price_native,amount_token,total_native,maker,etherscan_url
2023-03-28 08:31:11,False,1.409e-07,4.519e-10,693301807.0,3.13333,0x2a...576a,https://bscscan.com/tx/0x81e709149b12dbb3b9cdbb4eb569d990c4a70a37e6b950801532d6e4c90fcfa8
2023-03-28 08:30:35,True,1.416e-07,4.54e-10,1035176141.0,4.7,0x1b...7f6d,https://bscscan.com/tx/0xcbecf0194906e164474227aba7be7c129c49f5b6f0b031ca8a7090ca9818ce08
2023-03-28 08:30:29,True,1.413e-07,4.532e-10,516316994.0,2.34,0xde...fa58,https://bscscan.com/tx/0xfc03f419e9c7f7d7ade9609e5cf02abac362673dde113ca658240d9f103e08f8
2023-03-28 08:30:20,False,1.4e-07,4.511e-10,974802323.0,4.39818,0x2a...576a,https://bscscan.com/tx/0x3a1479169839a61d98e1ca53ec6c80e0ec51d997207ecce02cf49ed55bbe80aa
2023-03-28 08:29:44,True,1.415e-07,4.537e-10,456225397.0,2.07,0x1b...7f6d,https://bscscan.com/tx/0x86a10a1523835853b61e71237d3385a577b41ae24d9e256934883e5453421e70
2023-03-28 08:29:38,True,1.412e-07,4.528e-10,1280900222.0,5.8,0xde...fa58,https://bscscan.com/tx/0x95ef64a115e824ebe967981f609068ed2e322db690230f1e87242a8843453a6d
2023-03-28 08:29:17,True,1.401e-07,4.515e-10,1060729719.0,4.79,0x08...af7e,https://bscscan.com/tx/0x56dab7ddb62641ca9c13eb42e8a086ed59e2e9b69193b892fb55dda928b458c6
2023-03-28 08:28:59,True,1.398e-07,4.506e-10,798930837.0,3.6,0xec...0165,https://bscscan.com/tx/0xa18594797056ebb18fcf2fc35c5a7fbdca06b1c95b3018b1982fe6c9cfba140b
2023-03-28 08:28:53,False,1.397e-07,4.482e-10,539425502.0,2.4178,0x1b...7f6d,https://bscscan.com/tx/0xf62c021f8cc8e6e214dc74a2e060d6211a0b51236e5dd4c2a8be76aef69df69a
2023-03-28 08:28:47,False,1.4e-07,4.489e-10,894089106.0,4.01412,0x08...af7e,https://bscscan.com/tx/0x728a4c9a237752df98d28fa485f59a120e0cff390b467631b4f0c0a42379c568
2023-03-28 08:28:26,False,1.403e-07,4.498e-10,815503188.0,3.66856,0x2a...576a,https://bscscan.com/tx/0x6beecc1f90cf7000b2c0e3ac1d49bb6fb99587ee2e6ba7f40cd5ea1e469c64d9
2023-03-28 08:28:20,True,1.41e-07,4.521e-10,787397353.0,3.56,0xde...fa58,https://bscscan.com/tx/0xabaf6eb03adba93c1284971c9151d077f4bef806c95b2581558ac3c2718d72b1
2023-03-28 08:28:05,False,1.403e-07,4.498e-10,806431346.0,3.62793,0xec...0165,https://bscscan.com/tx/0x6bd01f71552af42149fe26391ec834fa838d98c928e84464eee926ae42b92a10
2023-03-28 08:28:02,True,1.409e-07,4.519e-10,1212612590.0,5.48,0x1b...7f6d,https://bscscan.com/tx/0x3575ed508c2a2b0a0613362942aa4cd22e39741cad8da8b4ac7a5a5aa26fe635
2023-03-28 08:27:56,True,1.406e-07,4.51e-10,438974637.0,1.98,0x2a...576a,https://bscscan.com/tx/0x9266ec0847d5ceb3c04e3a813ab65e9d93997739275a7eb4ac2d770bef2c983a
2023-03-28 08:27:20,False,1.4e-07,4.488e-10,565268064.0,2.53729,0x2a...576a,https://bscscan.com/tx/0x9579806a4ff026e16b3d87e64cd3b4965e36392259e30103509a66ddb7491dd5
2023-03-28 08:27:20,True,1.407e-07,4.512e-10,336852952.0,1.52,0x1b...7f6d,https://bscscan.com/tx/0x1d24b2410315b785c695309ffe70712d1c8fbe212dde5dd977198a1fc9018910
2023-03-28 08:27:14,False,1.4e-07,4.491e-10,632196788.0,2.83942,0xec...0165,https://bscscan.com/tx/0xbbd109b4f525dc2c3e0ba0da412327709e237982f8de530aa4c795f0056336cc
2023-03-28 08:26:50,False,1.395e-07,4.496e-10,408838826.0,1.83846,0x2a...576a,https://bscscan.com/tx/0x15862efba39deec478d780de7900b24023527f6eacdadfdace2916c7f185ba21
2023-03-28 08:26:44,False,1.398e-07,4.504e-10,1155746521.0,5.20658,0x1b...7f6d,https://bscscan.com/tx/0xf4f4a69f5dba355a71d2a33a3e7ebfe3694fba2d005abeb20b15c5bfb22d79a9
2023-03-28 08:26:23,False,1.407e-07,4.515e-10,782656082.0,3.53377,0xec...0165,https://bscscan.com/tx/0x1712bcc73ddbb260c1c6207f547b4b4339f7c47c526ef6a47c0815064ddf8587
2023-03-28 08:26:17,False,1.411e-07,4.525e-10,1172853476.0,5.3076,0xde...fa58,https://bscscan.com/tx/0xd0ef77c46d2caf139d80a6f0e570f266a10ac98f156561a3c3268e88c898c686
2023-03-28 08:26:17,True,1.418e-07,4.547e-10,1242390864.0,5.65,0x2a...576a,https://bscscan.com/tx/0xe6792d6762fbb91dd75c3861623e5a385f52600d0e6b072dfcaf38766cbe5289
2023-03-28 08:26:11,False,1.409e-07,4.521e-10,581360169.0,2.62861,0x1b...7f6d,https://bscscan.com/tx/0x601904db27c8a55fb0e18d808e0a873ea41ead7785396454267c9bb298c890b7
2023-03-28 08:25:53,True,1.41e-07,4.547e-10,7760200.0,0.0352,0xc1...7adb,https://bscscan.com/tx/0x9a893b214af4b207da504597f00331bb90ff0c316a5c114153600f635b2cea97
2023-03-28 08:25:40,False,1.412e-07,4.528e-10,751364387.0,3.4025,0xde...fa58,https://bscscan.com/tx/0xbb0c7dd28b84bd2d9fb8c655079978d34f0ccc282ebe78f38fe730a109a4d000
2023-03-28 08:25:34,False,1.414e-07,4.535e-10,637045163.0,2.88947,0x2a...576a,https://bscscan.com/tx/0xb8b19d255abe57328a6c8c48fd98a398b51eb3cf370536d0608d9b57d169608e
2023-03-28 08:25:30,False,1.417e-07,4.544e-10,1035041412.0,4.70384,0x1b...7f6d,https://bscscan.com/tx/0x11d344dcc7557bc3633aff5d988ee4ec6a27d25b434ad85250a5df49f9e5daed
2023-03-28 08:25:27,True,1.424e-07,4.566e-10,1145226790.0,5.23,0xec...0165,https://bscscan.com/tx/0x244ca8748abebec1ae3fbabd51aee9387da85a1256d362af4ef845dba6181193
2023-03-28 08:25:14,True,1.421e-07,4.558e-10,357551895.0,1.63,0x08...af7e,https://bscscan.com/tx/0xd0a2506597c39531b1dc2bcad82642f9df83e4e8783fd8c489cc341e3110b357
2023-03-28 08:25:05,True,1.412e-07,4.552e-10,863302127.0,3.93,0x2a...576a,https://bscscan.com/tx/0x26136bdcdbe912ac35befd20e19733684b01972a1dede7bffe694e0f0ed2625e
2023-03-28 08:24:50,True,1.417e-07,4.544e-10,677799245.0,3.08,0x1b...7f6d,https://bscscan.com/tx/0x4f51c1ec830754beddca5ca418e70ca68488e49123d99335e0a26316f8a30a9a
2023-03-28 08:24:38,False,1.41e-07,4.523e-10,1069269027.0,4.83683,0x2a...576a,https://bscscan.com/tx/0x0f6f23ca2e28ae51a7c0c9b275083b29c493f47c9d5a3500510fab03578a11a4
2023-03-28 08:24:29,False,1.413e-07,4.53e-10,274336455.0,1.2429,0xde...fa58,https://bscscan.com/tx/0x273379ea43c6aab85c8f4fdc0d97ab7bcaea6eff77c67bf02069de1b2c25d6af
2023-03-28 08:24:23,True,1.418e-07,4.549e-10,942912345.0,4.29,0x08...af7e,https://bscscan.com/tx/0x9292bd458c2a3ff3344160d898c242b943510568f08dbd9615df1edf39b965f1
2023-03-28 08:24:11,False,1.411e-07,4.524e-10,477058203.0,2.15848,0xec...0165,https://bscscan.com/tx/0xc823f534ccd344ecf89ff8a267f8962b4cfc90771295f903d33f5df662fbf689
2023-03-28 08:23:53,False,1.413e-07,4.53e-10,726208235.0,3.29037,0x08...af7e,https://bscscan.com/tx/0x6211d109aa672aab0501b05edd381c64e8e6030707c30d62b28ce090082e20d6
2023-03-28 08:23:41,False,1.415e-07,4.538e-10,690300133.0,3.13284,0x2a...576a,https://bscscan.com/tx/0x068aeac6610b12bcd0d918206ee571ff6f14fbb856ca3c3e6c221d84c6828582
2023-03-28 08:23:23,True,1.421e-07,4.557e-10,1369166757.0,6.24,0x08...af7e,https://bscscan.com/tx/0xb26192f6b93e88e2bc23e4703d7a71fdb5d9456e227946b6e695fdc64fab0233
2023-03-28 08:22:53,True,1.417e-07,4.546e-10,789694986.0,3.59,0xde...fa58,https://bscscan.com/tx/0xb7a31c8241209c515930297d84176d95b33025247e8ffaf66928bb89f0cbf1fe
2023-03-28 08:22:44,False,1.41e-07,4.523e-10,834156394.0,3.77338,0x08...af7e,https://bscscan.com/tx/0x76479b6063d5deeec4bfec7c892247856ba289902fd4150c41c400773c285f77
2023-03-28 08:22:41,True,1.41e-07,4.546e-10,871080807.0,3.96,0xec...0165,https://bscscan.com/tx/0x073ddeece869e10b8f0e99c27468eaac1da807a8ddec2d648e25b0190f12e7b2
2023-03-28 08:22:05,False,1.41e-07,4.523e-10,897359104.0,4.05922,0x1b...7f6d,https://bscscan.com/tx/0xe79bf71b84acc2edbb3c0678d39295fabe21fac81195676bba1ab24e58849f01
2023-03-28 08:21:59,False,1.413e-07,4.532e-10,898462567.0,4.07271,0xde...fa58,https://bscscan.com/tx/0xef93a3e3aaa066227ac057803c0e8907b10245f4990dbda434a05b2711d6135b
2023-03-28 08:21:23,True,1.414e-07,4.557e-10,498044189.0,2.27,0x1b...7f6d,https://bscscan.com/tx/0x1be12660c1d369d26bfccbeb6da9709339af3bfd0208de54c5275df9ad160941
2023-03-28 08:21:08,True,1.412e-07,4.552e-10,470052388.0,2.14,0xde...fa58,https://bscscan.com/tx/0xbb2a4f6ed49a2312673a6cedf3be5377c20a67ed16e7408cee2a2c91302991ba
2023-03-28 08:21:02,False,1.406e-07,4.532e-10,984433525.0,4.46211,0xec...0165,https://bscscan.com/tx/0x76cf88016397c71febaaea40e6977a7127776cf822a60b7485f4115f261176c4
2023-03-28 08:20:59,True,1.413e-07,4.555e-10,1044990342.0,4.76,0x2a...576a,https://bscscan.com/tx/0x967118310862ef319460062b3c0cdac71e0714f0a5baa6ce4f7df72b4b689a83
2023-03-28 08:20:50,False,1.406e-07,4.531e-10,809901851.0,3.66973,0x08...af7e,https://bscscan.com/tx/0xbc5cfc326b0970e20963d938e37e68c1caebf3b956045c34f6276f80d38143f9
2023-03-28 08:20:29,False,1.415e-07,4.539e-10,693543678.0,3.148,0x1b...7f6d,https://bscscan.com/tx/0x7631dd083ba4c7cf2629b2863413b82163ae0d618d2ab7f898ddb65f8a9edb0b
2023-03-28 08:20:17,False,1.418e-07,4.548e-10,1171773903.0,5.33027,0x2a...576a,https://bscscan.com/tx/0x10c4d6653cbb5d63df74624c892d8a71c354a764034a46a337564b82522428b1
2023-03-28 08:20:11,False,1.415e-07,4.561e-10,1109967094.0,5.06258,0xec...0165,https://bscscan.com/tx/0x21f40ee107d66423a685cb8a43b7ed033e79654998ef3199bc24c86c88bdefca
2023-03-28 08:19:35,True,1.429e-07,4.583e-10,1169396950.0,5.36,0x08...af7e,https://bscscan.com/tx/0xe62056fac467b30004847c23ec6dc74c64405e86a3029f4b1f682c2457087f21
2023-03-28 08:19:29,False,1.421e-07,4.558e-10,767475595.0,3.49856,0xde...fa58,https://bscscan.com/tx/0xabb26b0eb7d036e767769adf326280a14f36bb9ce8e078e8e73df144426f7dfd
2023-03-28 08:19:17,True,1.428e-07,4.581e-10,753034667.0,3.45,0xec...0165,https://bscscan.com/tx/0xd5a2899abfb075da4e447479e78dc92c68eb4748e75866fc1316e24c0a9edccf
2023-03-28 08:18:35,True,1.425e-07,4.571e-10,1021442720.0,4.67,0xde...fa58,https://bscscan.com/tx/0x4ba4aa2f84399cd980a123bdbf3b08ce93944bddd2c1b27696aae668eea2c79f
2023-03-28 08:18:35,False,1.417e-07,4.546e-10,443506453.0,2.01621,0xec...0165,https://bscscan.com/tx/0x8e968774e358f9b278c3cd639ff3fd7abc581f79927e0f73fafa7184c70af216
2023-03-28 08:18:29,False,1.419e-07,4.553e-10,992282856.0,4.51854,0x08...af7e,https://bscscan.com/tx/0xcd0f8ef34f41a9a3401420dba4ffc314d14ce227b5c5637c796911b14c29dcaf
2023-03-28 08:17:59,True,1.427e-07,4.579e-10,500092705.0,2.29,0xec...0165,https://bscscan.com/tx/0x7dcaef0080ed64f847fb4247754f6fe10559511c06cb2effa072e4c28af145a5
2023-03-28 08:17:44,False,1.42e-07,4.555e-10,279434834.0,1.27286,0xde...fa58,https://bscscan.com/tx/0xdbc49ae45dc12163bfec3e909fb39d656572cda2c2d1307d75217ec44706faed
2023-03-28 08:17:29,False,1.422e-07,4.562e-10,1042105248.0,4.75424,0xec...0165,https://bscscan.com/tx/0xc9fc665fa0f1ade49d4db4da01be0b033d15f244159c73e52eab8f1c7d808fbd
2023-03-28 08:17:11,True,1.43e-07,4.588e-10,403186362.0,1.85,0x1b...7f6d,https://bscscan.com/tx/0xc2b238fd8d254b56e0c0f7df0dba857e9cf1e3c4910bddb8065ede3454de1a17
2023-03-28 08:17:08,False,1.423e-07,4.565e-10,337958030.0,1.54284,0x08...af7e,https://bscscan.com/tx/0x6963bf5589ae16a0088e7e1e2f5d3674a3df3c212f50c96a7f75caa5971a3672
2023-03-28 08:16:50,True,1.423e-07,4.586e-10,617016183.0,2.83,0xde...fa58,https://bscscan.com/tx/0x5232321ca1e26c2a64fa93088ef476fd1d21f7d7dc3ac3c5969e366cd7d60297
2023-03-28 08:16:50,False,1.415e-07,4.563e-10,498168803.0,2.27317,0xec...0165,https://bscscan.com/tx/0x5877de0e32d37335eb07f28aa3bb4482bfe07762b60d419f33ed6ab1ec28c983
2023-03-28 08:16:08,True,1.422e-07,4.583e-10,870430357.0,3.99,0x1b...7f6d,https://bscscan.com/tx/0xc01838b88400787c648a6ac8280c6e1476b23a10d332f452654b1c223bc23cb5
2023-03-28 08:16:02,False,1.415e-07,4.56e-10,720935669.0,3.28765,0xde...fa58,https://bscscan.com/tx/0x2fe9f17815c0fad73639448d489a71ba1052bd441541d9b989dbd9f283c7d1b7
2023-03-28 08:15:41,True,1.428e-07,4.581e-10,1034610160.0,4.74,0x2a...576a,https://bscscan.com/tx/0x17a0bfdbdf673f193ae5c865cd419d5ac491a3732bca9360dbbd1530960e4559
2023-03-28 08:15:38,False,1.419e-07,4.553e-10,9467130.0,0.0431,0x53...e534,https://bscscan.com/tx/0xa648f0feee02f32e1c63e9f0eee680756182b2823586d7db2b70cfe318a4b66b
2023-03-28 08:15:14,False,1.42e-07,4.555e-10,531970065.0,2.42365,0x1b...7f6d,https://bscscan.com/tx/0x05190aa266df7f01c2efc38c734e2a52247080f625c342de6b9e845b9e716648
2023-03-28 08:14:08,False,1.416e-07,4.564e-10,1010837818.0,4.61366,0x2a...576a,https://bscscan.com/tx/0x28b99569956ca76aeb340eb330cc4a6a66d26bf9af7db8b29ca0f6a2fa234be8
2023-03-28 08:13:59,True,1.422e-07,4.585e-10,1284453832.0,5.89,0xec...0165,https://bscscan.com/tx/0x3c2450469dae3ab90530ae7a1a8d12c54509f5e5631aecad043c7810bb9d7948
2023-03-28 08:13:23,True,1.427e-07,4.578e-10,1094790.0,0.005,0xc4...c2e9,https://bscscan.com/tx/0xd113e8824df9bd0db393410bf1b6fcd9fe39980f53ff7351cd855fd817cda670
2023-03-28 08:13:17,True,1.427e-07,4.576e-10,369258855.0,1.69,0x08...af7e,https://bscscan.com/tx/0x7a58654901671f9468122b41bb7cec82bc00d3717ec7c001fe7400e5dc8cb344
2023-03-28 08:13:14,True,1.425e-07,4.57e-10,721958654.0,3.3,0x2a...576a,https://bscscan.com/tx/0xad11cae2cd2edea618373144dac0aa8432bcf41b66ef7aac8514a8de9d661fdb
2023-03-28 08:12:17,False,1.41e-07,4.547e-10,544468689.0,2.47576,0x08...af7e,https://bscscan.com/tx/0x3abfda8efc683164c14b2e6dec69d2b97bc83725d44d397532b094e86d595076
2023-03-28 07:10:15,False,1.408e-07,4.55e-10,17688384.0,0.0804,0x9b...c60c,https://bscscan.com/tx/0x095e93c79c35ea192cd3783267301b56f56fd7b4ad8ba5a0a3efb3386a712cf5
2023-03-28 07:00:51,False,1.405e-07,4.55e-10,7676323.0,0.0349,0x0d...1fe0,https://bscscan.com/tx/0x13425155dec0ce17ed082b00d007ca7c8ba1bc58893491b7554142fa440dc61d
2023-03-28 06:58:51,False,1.402e-07,4.548e-10,110173.0,5.01e-05,0x24...b9d0,https://bscscan.com/tx/0x74386dfaf935588caaa76a6d2a6534038557c87997c3e540fdb31c4bb516b73e
2023-03-28 06:58:45,True,1.409e-07,4.569e-10,650381508.0,2.97201,0x14...f0f8,https://bscscan.com/tx/0x27e329b6a5adbcf4bb04de5cb41e356595a4dc5631f03695a5126d53ffb1b6da
2023-03-28 06:37:44,True,1.4e-07,4.568e-10,2434304.0,0.0111,0x94...1dea,https://bscscan.com/tx/0x2b9dd822ca3e8128fa0689bdfb91c4ffe7e691f676bc5389578f61778a683d49
2023-03-28 06:24:32,True,1.407e-07,4.566e-10,168851.0,7.71e-05,0x79...3047,https://bscscan.com/tx/0x7e6865b8f8d5eb714dc248d33f3b552a360667e0c22de6c6ef3a30981fa16dd8
2023-03-28 06:24:32,True,1.406e-07,4.565e-10,67208101.0,0.3068,0x79...3047,https://bscscan.com/tx/0x7e6865b8f8d5eb714dc248d33f3b552a360667e0c22de6c6ef3a30981fa16dd8
2023-03-28 06:20:11,True,1.4e-07,4.565e-10,78444355.0,0.3581,0x9d...7a8e,https://bscscan.com/tx/0xaf30d64b49e9059ef1eb639a5e5db7adaa45b856a8f624737dbce91f8929196e
2023-03-28 06:13:04,False,1.401e-07,4.542e-10,118343059.0,0.5375,0xef...c2b7,https://bscscan.com/tx/0xb297bbf029f58d5d85379ad041549566ea613c7043d6d9b0cc3d4c1566801683
2023-03-28 05:36:10,False,1.405e-07,4.543e-10,25939951.0,0.1178,0x56...b111,https://bscscan.com/tx/0xba2e4ac73899dbb339bf5703b72fd84b781489617ad25a14a607a7b2fde06a2d
2023-03-28 05:03:17,True,1.412e-07,4.566e-10,10000000.0,0.0456,0xb9...d0a9,https://bscscan.com/tx/0x06bd5de258d7821e57e3b5e7c72ec4e8ead347bdb92d4bb88bba4dc4a354f624
2023-03-28 04:49:32,True,1.413e-07,4.566e-10,766532.0,0.0035,0x88...03d5,https://bscscan.com/tx/0xb7ea0ce4d01e70936abd752b01b40e146010271d3d09a3ba96b5100f8186d417
2023-03-28 04:46:50,False,1.413e-07,4.543e-10,43508476.0,0.1976,0x23...196e,https://bscscan.com/tx/0xd18aea2441134f20c3177a6d6ad8c1ca38330a913a290d60062e4ef02f86d184
2023-03-28 04:34:08,True,1.414e-07,4.566e-10,66577284.0,0.304,0x57...b29d,https://bscscan.com/tx/0x5d12916bc0189bebe4c22717e736958bb096c56acf6c57e28afb68fd9740accc
2023-03-28 04:27:35,True,1.422e-07,4.565e-10,1095108.0,0.005,0x88...03d5,https://bscscan.com/tx/0x9f513822aab308aeab973999a372fea98cc58ab14bbed27767fe790d53b7048f
2023-03-28 04:23:20,True,1.417e-07,4.565e-10,4380458.0,0.02,0x5c...0026,https://bscscan.com/tx/0xe55a71d6136ee2ff4a67de363b320ee0a2f8491af707f565c4f330b56657f54f
2023-03-28 04:23:05,False,1.41e-07,4.543e-10,152279668.0,0.6919,0x5c...f6f4,https://bscscan.com/tx/0x4a600a6ae352ab80b0fc12c99bb74e61d3a3fcc17a747b3ea68426df083e4c21
2023-03-28 04:14:11,False,1.41e-07,4.544e-10,1593936.0,0.0072,0xfc...6d43,https://bscscan.com/tx/0xa76a8e450043d75ba354f9e4d2dd760b4107ba8f125593a793d93f6eca974664
2023-03-28 04:08:17,True,1.424e-07,4.567e-10,14224951.0,0.0649,0x02...636e,https://bscscan.com/tx/0x90b954f6e48173958e0e052c80cde2cb9196cc2452c39ded949ee7dc8545f0aa
2023-03-28 04:04:20,False,1.411e-07,4.544e-10,27085347.0,0.123,0x49...0fe6,https://bscscan.com/tx/0xc6875f570f9595116184f342d00c2c261273a82d104d004f0d8c2e0ec3bdbe51
2023-03-28 03:06:31,True,1.415e-07,4.567e-10,1094696.0,0.005,0x5a...72e9,https://bscscan.com/tx/0xbf64f8a422b6b18d44b24e467bcc3c884d49ff4415b9ec2b940993518a12dae4
2023-03-28 02:48:01,False,1.409e-07,4.544e-10,55044276.0,0.2501,0xf9...228d,https://bscscan.com/tx/0x42a768cd61b16d5241e83f1ee6336c10b02a0ec4635ae920aeee9e4c5121103d
2023-03-28 02:38:31,False,1.409e-07,4.545e-10,9631786.0,0.0437,0x7f...afa1,https://bscscan.com/tx/0x7d7f43bea2a760036d60d8e11a60df50832b30adc8cbdab3fc11856d0ceba3cc
2023-03-28 02:03:07,False,1.417e-07,4.549e-10,783152539.0,3.56296,0xc1...c4e4,https://bscscan.com/tx/0x57fa595fe63803ab0904360f0b44066d3e51698e3561d7ce33151107a4f14f3b
2023-03-28 02:01:10,True,1.426e-07,4.576e-10,16388.0,7.499e-06,0x30...581e,https://bscscan.com/tx/0x52b730a36778fa0cd076ce458f99d570dc235cec5a9364c9cfc8fd5ce80868c1
2023-03-28 02:01:10,True,1.426e-07,4.576e-10,6522488.0,0.0298,0x30...581e,https://bscscan.com/tx/0x52b730a36778fa0cd076ce458f99d570dc235cec5a9364c9cfc8fd5ce80868c1
2023-03-28 01:54:13,True,1.418e-07,4.575e-10,224322361.0,1.02633,0x0e...0992,https://bscscan.com/tx/0x602305f9e7296b95e89dc09a05508cbf19437aa60c6a4e56b557a9c3bc0b55f4
2023-03-28 01:44:53,False,1.407e-07,4.551e-10,89682498.0,0.4082,0x74...1f19,https://bscscan.com/tx/0x0a3c545e54f4c208675e282653b35b3b5eb181884b650d00f0a38df444df1417
2023-03-28 01:33:16,True,1.42e-07,4.574e-10,16980381.0,0.0776,0x07...bd41,https://bscscan.com/tx/0x32cf159705f2236edcf62d91c991c84b909e3c96ca5b71785880b4f7f801c005
2023-03-28 01:32:31,False,1.413e-07,4.552e-10,7504257.0,0.0341,0x7f...fd3e,https://bscscan.com/tx/0x1d5dd279b0ea9d66c6cf193f117e7dc73453f18cebf4e799ce5cac5607e6ba0f
2023-03-28 01:31:10,False,1.409e-07,4.552e-10,60911855.0,0.2772,0x56...628e,https://bscscan.com/tx/0x716ba82a8ea3815fb500e3f6d49cafff9d175e0d1601190ad80dbb692e86ca47
2023-03-28 01:22:22,False,1.414e-07,4.566e-10,2610508050.0,11.9212,0x03...4b6a,https://bscscan.com/tx/0x83ada14582f8c21b9d8829a5db9241576213e40f546fda5170901aef7aa9779e
2023-03-28 01:16:04,True,1.417e-07,4.601e-10,407584546.0,1.87543,0x61...78eb,https://bscscan.com/tx/0x28f37280185b813083bed5ba24c9d8ebba8072f4ee4d854d6c849a849e313b53
2023-03-28 01:15:55,False,1.413e-07,4.588e-10,2344411291.0,10.758,0x18...fdce,https://bscscan.com/tx/0xeadf971251dd023e4d05ff89761837bab3c6a2c7c5b3be4a5824fa719a68ef74
2023-03-28 01:07:19,False,1.416e-07,4.601e-10,10410569.0,0.0479,0xec...191a,https://bscscan.com/tx/0x574720ff8f106f43eaf7e7ef98f12d5fe44473d91a1a865558ea82541918e96b
2023-03-28 01:05:49,False,1.423e-07,4.601e-10,10441590.0,0.048,0xb4...d977,https://bscscan.com/tx/0x1d031d942431014021b6e08b7c9628f4bd6d39ec691d64fbaa3845517b8d6514
2023-03-28 01:03:16,True,1.423e-07,4.623e-10,139819000.0,0.6465,0xd2...a28e,https://bscscan.com/tx/0x6b114a21ec2adda10e2991a94139ac4a28f56bf6eac73bf418ff26fe2d2f2bba
2023-03-28 01:01:13,False,1.422e-07,4.6e-10,10410568.0,0.0478,0x18...f149,https://bscscan.com/tx/0x7cce772cdef415a74973fecca1d0ddfabfa2ef0389ae6021b723941e42abf10b
2023-03-28 00:59:58,True,1.422e-07,4.622e-10,135067970.0,0.6243,0xc4...d98e,https://bscscan.com/tx/0x842e6166edfb60421fb66a67b4ece8ac67f1f26215262ad5cd43b66fccd837db
2023-03-28 00:56:19,True,1.429e-07,4.621e-10,10565181.0,0.0488,0x94...267c,https://bscscan.com/tx/0x0154510dad2a3837aa9bc0c27d2fa0d8243431fde539a12588e21e44d0963cc7
2023-03-28 00:52:22,True,1.422e-07,4.621e-10,6159995.0,0.0284,0xc6...0704,https://bscscan.com/tx/0xbb6f0b441427e4090e6657f488207c0c45fb67bf51186fe1572debc0351f6642
2023-03-28 00:50:10,False,1.421e-07,4.596e-10,62977.8,2.894e-05,0x53...45f5,https://bscscan.com/tx/0x1fa50b6b0d2c4833f8fbf5979f6a0e467db1c0c88068527656a0330cfe416e59
2023-03-28 00:45:49,False,1.422e-07,4.598e-10,10410567.0,0.0478,0x45...175d,https://bscscan.com/tx/0x52ffd99a3d01bf9d32eb407fa6577078fc60fa367dfed0f5015595eccaeffba7
2023-03-28 00:42:55,False,1.422e-07,4.598e-10,10410567.0,0.0478,0xf4...9076,https://bscscan.com/tx/0x89682ad8f2e4e81a0f23545ed52748e0adeb06c654c1d7b057f0b6c7dc9cd7f9
2023-03-28 00:41:37,True,1.429e-07,4.621e-10,3264954.0,0.015,0x94...267c,https://bscscan.com/tx/0xe8b2f244deedd574ea284821b50ad8f9ccebd4d13725d77b9eb79c198ba97803
2023-03-28 00:36:16,False,1.416e-07,4.598e-10,10410567.0,0.0478,0x48...5310,https://bscscan.com/tx/0xa8a20563ffb46c2cfdf7ece64162f30b0148c621ac6fe028ec033571366a7ebe
2023-03-28 00:35:28,True,1.43e-07,4.621e-10,143237000.0,0.6619,0xd2...a28e,https://bscscan.com/tx/0x5211ba83033070d6e5f6173dc163e42b32b462022af1924e8da5db1ecbf10cc2
2023-03-28 00:32:46,False,1.422e-07,4.597e-10,10410567.0,0.0478,0x5c...e247,https://bscscan.com/tx/0x57599334d12f1ba40dea8785ac2f26393228d4f2395a57a9fca1abaf1d4e9356
2023-03-28 00:25:47,False,1.411e-07,4.597e-10,10410567.0,0.0478,0x6a...8e0f,https://bscscan.com/tx/0xfa5a53953d7f7fd760053e634615f0a5349300c6099aad31fc9933cdfd618e8f
2023-03-28 00:22:26,False,1.418e-07,4.597e-10,10410567.0,0.0478,0x7a...1c69,https://bscscan.com/tx/0x7efa5e68156ec832f47b564de29f9deb9ff9e5ec6164b826d207dff06f89086c
2023-03-28 00:21:23,False,1.418e-07,4.597e-10,35671.9,1.64e-05,0x4c...fbcd,https://bscscan.com/tx/0x0f4da7d1fb3059968798e6baf8e412aa493f0f2c90062c24f9f0042193374fe1
2023-03-28 00:19:03,True,1.425e-07,4.62e-10,10000000.0,0.0462,0x90...97c5,https://bscscan.com/tx/0xa5e4285d8f385668de1ee57482301ee8b7dd1732b60ae80b18b5086f1e4f640d
2023-03-28 00:19:03,False,1.418e-07,4.597e-10,10410566.0,0.0478,0x4c...cad2,https://bscscan.com/tx/0x4c3dfe0d647ef3a36412353b217358e847a932a7cb36fb648fec7f2c51bbe685
2023-03-28 00:17:27,False,1.418e-07,4.598e-10,105655057.0,0.4858,0x25...d79c,https://bscscan.com/tx/0x8ca049ae8a46e41a39dc495f157e6811dbad5a3934189d561827175a3e757d35
2023-03-28 00:14:15,False,1.419e-07,4.598e-10,10410565.0,0.0478,0x34...e467,https://bscscan.com/tx/0x05e7cb1aeefbbe80d312f4c735f8ddf7d44afb926df4ffc90f51a7c8fd2bb00f
2023-03-28 00:14:15,True,1.426e-07,4.621e-10,98649849.0,0.4559,0x02...ebe3,https://bscscan.com/tx/0xa5f16962743579fb2ecb580e40a514f136ae903c7a118649d0c7c04e66be35f5
2023-03-28 00:08:10,False,1.419e-07,4.597e-10,10410566.0,0.0478,0xe0...ab16,https://bscscan.com/tx/0x5c6e92326b04cc62915da7d65ae0a4f943a1bb79a98ea6bf661fc40f6f7140d8
2023-03-27 23:57:37,False,1.419e-07,4.597e-10,10410565.0,0.0478,0xb0...8b90,https://bscscan.com/tx/0x2557c5099c58c891d8c9e41d570667e8dc601aa15845f0950fcd58cae4d6440a
2023-03-27 23:54:07,False,1.411e-07,4.598e-10,42456.2,1.952e-05,0x20...804a,https://bscscan.com/tx/0x3c439cbc6dd425829d1e4ec2fa812fccb56d2ea95d325a0e973b6c8a7db5408c
2023-03-27 23:51:40,False,1.409e-07,4.598e-10,10410565.0,0.0478,0x61...9169,https://bscscan.com/tx/0x43cada18ad899f7f39346e6ca797aa46444032699b27f6e2db4c2de600c2a560
2023-03-27 23:38:42,False,1.408e-07,4.598e-10,19467757.0,0.0895,0xc4...c7b9,https://bscscan.com/tx/0x94a50c4b091ae942315f8df3cea034cbee70174a5d5508e709d6e23559a68ddb
2023-03-27 23:37:03,True,1.422e-07,4.621e-10,70172406.0,0.3242,0x65...0dfd,https://bscscan.com/tx/0x0e2725a301e5a35766b970abb489fea703cfbd2dc655ddb86d7af7899cb602a2
2023-03-27 23:29:00,True,1.413e-07,4.62e-10,8892551.0,0.041,0xe8...9267,https://bscscan.com/tx/0x33703658ad317c3307317a6ec60961ab3a45aeb9afe6c2b58ec518955e1adc4c
2023-03-27 23:28:36,True,1.414e-07,4.62e-10,18773595.0,0.0867,0xd5...c28e,https://bscscan.com/tx/0x14f2f96cd295bdc48d3766a6755dd8d3c8610588b33f7bbf512b0ba343877c3c
2023-03-27 23:23:39,True,1.414e-07,4.62e-10,1200000.0,0.0055,0xad...7db1,https://bscscan.com/tx/0x1901e96f0908c272b9ee1171b75d0ba6ed34d99a23ec0032170d166651f2e89b
2023-03-27 23:21:54,True,1.42e-07,4.618e-10,352931370.0,1.63,0x2a...576a,https://bscscan.com/tx/0x2698babddbe1b2147ce4005d434c5add0863b7457fa3d7e7e97499f167fb8d13
2023-03-27 23:17:54,True,1.42e-07,4.616e-10,6250147.0,0.0288,0x0a...0d6a,https://bscscan.com/tx/0x45fdd550fbf96305a7aa9b3dab2f31b817dfb0b7015866c64b75bf3ce894c204
2023-03-27 23:17:51,False,1.414e-07,4.599e-10,1125540254.0,5.17692,0xec...0165,https://bscscan.com/tx/0xba302d4014478bb82abeadd3b397d38a9737495c243a60f9aeb0369f400d1fd6
2023-03-27 23:15:51,False,1.41e-07,4.605e-10,13163079.0,0.0606,0x0f...3538,https://bscscan.com/tx/0x97e517f9029db81b5196a2d3a1ce60175f31b3941e2354fbe04dd32509a98476
2023-03-27 23:09:12,False,1.411e-07,4.61e-10,900862530.0,4.15351,0x2a...576a,https://bscscan.com/tx/0x9569edadf95095b8da01c2cc41e0291f6d247e15c3d5a07d0a72d0e2965a4056
2023-03-27 23:06:03,True,1.425e-07,4.632e-10,1068471123.0,4.95,0x2a...576a,https://bscscan.com/tx/0xca4cd1afa356fbd0fc8609ca82a3e1af7276be833f1bdf3e93e4889f84916835
2023-03-27 23:04:21,False,1.41e-07,4.608e-10,793608760.0,3.65708,0xde...fa58,https://bscscan.com/tx/0xce1da6943f6b187082e27593dfc8badc8cae5e218e1366714d02b78e0d1ae2d6
2023-03-27 23:04:12,True,1.425e-07,4.633e-10,332341649.0,1.54,0x08...af7e,https://bscscan.com/tx/0x0a618c16b8ba7760b07997bc3058d36a7b47dac9486060b9b5f7bf690efef49e
2023-03-27 23:03:00,True,1.424e-07,4.631e-10,124137.0,5.75e-05,0x5d...bf06,https://bscscan.com/tx/0x87c71ca36f3459ba6e1b480e5d4777eea8d7961d1bf1ecb28fd14449775ab830
2023-03-27 23:03:00,True,1.424e-07,4.631e-10,49409446.0,0.2288,0x5d...bf06,https://bscscan.com/tx/0x87c71ca36f3459ba6e1b480e5d4777eea8d7961d1bf1ecb28fd14449775ab830
2023-03-27 23:01:18,True,1.423e-07,4.626e-10,849397756.0,3.93,0xde...fa58,https://bscscan.com/tx/0x541159e7cf5c6e7f2db05f940368ed3c39d3f84e375db9c8a0720fb0fc5557c4
2023-03-27 23:01:03,False,1.409e-07,4.6e-10,266601421.0,1.22651,0x08...af7e,https://bscscan.com/tx/0x217c09552673dbba5e09efd03e47412d27b264b7714ed768cfda3ae9b45ecd88
2023-03-27 22:59:42,False,1.417e-07,4.604e-10,450066696.0,2.0723,0x2a...576a,https://bscscan.com/tx/0x011a120c5e54a5616bec88b6f82368096c04c9b1504b863875fc349eb352f241
2023-03-27 22:59:00,True,1.416e-07,4.625e-10,847502582.0,3.92,0xec...0165,https://bscscan.com/tx/0xb7f85c56b0724b68229eb11a7d92dfe1bc471de2bd633a8254b9a39c3a8cae04
2023-03-27 22:57:48,True,1.415e-07,4.62e-10,285530.0,0.0013,0x26...9e5c,https://bscscan.com/tx/0xdcbd438ac9633394dc37211b0c29bdf240135316062bf5d9b08ad304a8f3d414
2023-03-27 22:55:15,False,1.416e-07,4.6e-10,462984631.0,2.12981,0xde...fa58,https://bscscan.com/tx/0x1086d4f2df540263a7e32b6ce7a1a879194a27140d8bb107da6ce9a8fdc451aa
2023-03-27 22:54:54,True,1.423e-07,4.621e-10,722656123.0,3.34,0x08...af7e,https://bscscan.com/tx/0xfb806fca05875adfdd9f224e883f86e7abd8c69bdbc7f3ae241fe91fb0e822bc
2023-03-27 22:53:21,False,1.409e-07,4.599e-10,912848777.0,4.19891,0x2a...576a,https://bscscan.com/tx/0x0e6030fd86b2dd449e66f3b894aba6e09519920227c656a9a5ddd55d7d3591a8
2023-03-27 22:51:48,False,1.418e-07,4.608e-10,733874236.0,3.38219,0x08...af7e,https://bscscan.com/tx/0x0be4f1a372dd2f4e28117adb717c765ca23746035948ef8dd10c4b685b4148c0
2023-03-27 22:49:33,False,1.414e-07,4.618e-10,1062535628.0,4.90723,0xec...0165,https://bscscan.com/tx/0xaf2c00f7126e5049877d166afba61af6ecbebf460a12e2d800f818991f85f4b2
2023-03-27 22:49:09,False,1.424e-07,4.627e-10,562942396.0,2.60487,0xde...fa58,https://bscscan.com/tx/0x93c3e23ce568bb1d224e99301e94108607a66e76d4d3c7d7237a4277b43f564c
2023-03-27 22:47:00,True,1.43e-07,4.646e-10,1233114300.0,5.73,0x2a...576a,https://bscscan.com/tx/0x4d31645184fed80e73e928b4ed11af78047f87251896df656b4078653e6ceec9
2023-03-27 22:46:24,True,1.426e-07,4.634e-10,1011974669.0,4.69,0xec...0165,https://bscscan.com/tx/0x21b74b993c28b0cdcd54939a8447c6fcf6dc47abd98b768c9049965048cff1d4
2023-03-27 22:45:39,True,1.416e-07,4.624e-10,826035930.0,3.82,0x08...af7e,https://bscscan.com/tx/0x930a4e3b361c3787d1787a40e5b4bf327f9ad4ba2d5cedefa47070bcd95cf7cd
2023-03-27 22:43:03,True,1.421e-07,4.618e-10,352959318.0,1.63,0xde...fa58,https://bscscan.com/tx/0xd4e034f85133391f0ba39202bc11d55d3e824f07d6b93a413c2d59cc95bd94cc
2023-03-27 22:42:33,False,1.407e-07,4.596e-10,701375453.0,3.22416,0x08...af7e,https://bscscan.com/tx/0x5affaf5c27aa73996781233ca6cf93379ed53754fea9336021b235377b408706
2023-03-27 22:40:09,False,1.417e-07,4.606e-10,1061827285.0,4.89123,0xec...0165,https://bscscan.com/tx/0xa8613fb3895e0ff07812b3a2a2ba95e9ccac131cad1368a8ffd7678c28162b79
2023-03-27 22:39:27,False,1.413e-07,4.615e-10,694114774.0,3.20399,0x08...af7e,https://bscscan.com/tx/0x12af0bb611032df08be452894f5940cd7c4a29009b4b2f7444465b5ba9138963
2023-03-27 22:39:06,True,1.428e-07,4.642e-10,105551137.0,0.49,0x7a...49b5,https://bscscan.com/tx/0x64ae42c1ce1b9360abab2ed1fb73e39afb828c232eb6fbcf42583fa37685d2ce
2023-03-27 22:38:57,True,1.42e-07,4.641e-10,5170521.0,0.024,0x91...fab9,https://bscscan.com/tx/0x4fbfe6efbd9193dd7ddcb0de0da28437c9f659b9bbbf6337f3c5cffcd37eadec
2023-03-27 22:37:30,False,1.414e-07,4.623e-10,830865409.0,3.8411,0x2a...576a,https://bscscan.com/tx/0xea541dfe5a3ed2bd2814703acb613e9c995716a4b0b4e9da1518e6663d336657
2023-03-27 22:37:00,True,1.429e-07,4.647e-10,632629347.0,2.94,0xec...0165,https://bscscan.com/tx/0xeabcc387ec3e057654325f42708c0c0f03c922c4f514a25a2edd67db10cbb3c5
2023-03-27 22:36:48,False,1.415e-07,4.625e-10,858250061.0,3.96966,0x1b...7f6d,https://bscscan.com/tx/0xf7d0b8261a7c4ca5050b113d142543499273a80c2a519b6419fcdc88d801a113
2023-03-27 22:36:21,True,1.429e-07,4.648e-10,832504510.0,3.87,0x08...af7e,https://bscscan.com/tx/0x998a44bb07f81ed7dce41bfd1902352505db75a536cab1d2d9dd28c6dd3a2479
2023-03-27 22:34:18,True,1.427e-07,4.641e-10,430875568.0,2.0,0x2a...576a,https://bscscan.com/tx/0xfe64068c5faf4abd82e695be67d4146b978d8da7803248b61a32ae3da9b973ec
2023-03-27 22:33:51,True,1.426e-07,4.638e-10,138962306.0,0.6445,0x2a...ae9d,https://bscscan.com/tx/0x8d569b482f139f309e94071428e967a42f19743afd125518bfad5b55d28f4369
2023-03-27 22:31:11,False,1.419e-07,4.617e-10,573583576.0,2.64869,0x2a...576a,https://bscscan.com/tx/0x6c5c7ae169e4f816727f11e12f6b4ffa27f85e3bf47933f40d124af14561fca3
2023-03-27 22:30:43,True,1.42e-07,4.641e-10,534347953.0,2.48,0xec...0165,https://bscscan.com/tx/0x8d55e7485f035b80eeb9c36b23a84d80a3e8640aa01a54dfbf23c5f1cf21dcc2
2023-03-27 22:30:40,False,1.412e-07,4.615e-10,65262615.0,0.3012,0x23...196e,https://bscscan.com/tx/0x90cd196d725688407c4ffc79f0dc34678264e007a2f7aabb226ee941c9447f72
2023-03-27 22:28:00,True,1.417e-07,4.635e-10,636394693.0,2.95,0x2a...576a,https://bscscan.com/tx/0xb3a308e124074233bdd3f4f367020341cace939dd0c0891c00c84500beb7b653
2023-03-27 22:27:39,True,1.421e-07,4.624e-10,1381772603.0,6.39,0x1b...7f6d,https://bscscan.com/tx/0x835a684cb8f4cf5c225e8ec1b9b0155c8f6576b5fe108977be85894dd980f460
2023-03-27 22:24:48,False,1.413e-07,4.597e-10,585670968.0,2.69239,0x2a...576a,https://bscscan.com/tx/0x404b845303c5ad58736cd7e8b5ccbeecf01499059b9ea4e9dcfdf1906a473af0
2023-03-27 22:24:27,True,1.421e-07,4.623e-10,4314191.0,0.0199,0xb5...703d,https://bscscan.com/tx/0x0c3b2cb52d344c5e8f73d00b2980c1ff51194115aebd4787643a384f94247bc9
2023-03-27 22:24:27,False,1.416e-07,4.606e-10,1154208411.0,5.3168,0xec...0165,https://bscscan.com/tx/0x4ac7078b3986ca8a52eca66f3c6d41e72605ad7fea21429044490ea48142108a
2023-03-27 22:24:00,True,1.416e-07,4.633e-10,416526531.0,1.93,0x08...af7e,https://bscscan.com/tx/0xd344730cbcef821bd1379cdbde47450d9ea48c7862b03909f74ab34ced2fc32d
2023-03-27 22:20:54,False,1.417e-07,4.61e-10,412539481.0,1.90197,0x08...af7e,https://bscscan.com/tx/0x24276cf2d3ae7b80a9bae5f222c8da59b53dae032271d7e2a02318713d0e08f7
2023-03-27 22:20:45,True,1.424e-07,4.634e-10,181316300.0,0.8403,0x5b...3866,https://bscscan.com/tx/0x00b91b32bd802a515ecabd226be7613b6ca401c3ceb8410768fe59392eee72a8
2023-03-27 22:18:33,False,1.418e-07,4.614e-10,755562767.0,3.48674,0x1b...7f6d,https://bscscan.com/tx/0x96e34d47a6deef42b748ebb57d42046d77821c32f77aadc8be3cd46db8426fce
2023-03-27 22:18:09,True,1.417e-07,4.635e-10,1279385578.0,5.93,0xec...0165,https://bscscan.com/tx/0x641ab1d2130b8aecd978adfad0925bbe507cf01f2f31f9a690ba8ff0947f11b4
2023-03-27 22:17:48,False,1.41e-07,4.609e-10,906893303.0,4.18066,0x08...af7e,https://bscscan.com/tx/0x9f0eea1a06136905c533f82ac14cf3270773432b68cd355ee0cdb75ca1224ab5
2023-03-27 22:15:39,False,1.412e-07,4.618e-10,616777644.0,2.84836,0xde...fa58,https://bscscan.com/tx/0x04b0196c40d4d6149c89172cac191ac46a5c23517f848f230a25e3864eee620b
2023-03-27 22:15:30,False,1.414e-07,4.623e-10,295112447.0,1.36433,0x1b...7f6d,https://bscscan.com/tx/0x92ee53e0a366447679d954424facd17bccf1fb3c69a5a5a8150603f8e54aaf83
2023-03-27 22:15:18,False,1.422e-07,4.626e-10,340259627.0,1.57422,0x2a...576a,https://bscscan.com/tx/0xc2aa7f097bbea1b188ec47edf2877d90c90a1b4bea79183a4b36ea4c529f7ca1
2023-03-27 22:15:03,False,1.424e-07,4.633e-10,995547384.0,4.61318,0xec...0165,https://bscscan.com/tx/0x6ee50adbcceadfe4175f7820bbc1d9e4e8ee457ccb134a28eef890135a5c1670
2023-03-27 22:14:45,True,1.424e-07,4.656e-10,1164061739.0,5.42,0x08...af7e,https://bscscan.com/tx/0x966f6f8a6a14b818cbca483ffb67f4ba8783e369d601ed3319dcdd69445906e3
2023-03-27 22:14:12,True,1.429e-07,4.649e-10,32595880.0,0.1515,0xcc...bd07,https://bscscan.com/tx/0x4f0a7fac771485cb9d9eef3c73c903138a8fb1185ee7d77153032f00410d5005
2023-03-27 22:12:27,True,1.421e-07,4.647e-10,365798601.0,1.7,0x1b...7f6d,https://bscscan.com/tx/0x553534c86a71849c54c627045c0878180b14e4b02657c806bd6efb280b73809b
2023-03-27 22:12:06,True,1.419e-07,4.639e-10,1105766950.0,5.13,0x2a...576a,https://bscscan.com/tx/0x5c3aa2a957394332c1539da873be206a424b2f8377b53ce06e4f8870ec396905
2023-03-27 22:11:42,False,1.417e-07,4.61e-10,117733578.0,0.5428,0x9d...0d77,https://bscscan.com/tx/0xbe67cee6ce1ab66978c4c4f6a1b6a9d335926ac132e34e8bbff7278506a3f03a
2023-03-27 22:09:33,True,1.424e-07,4.631e-10,483600067.0,2.24,0xde...fa58,https://bscscan.com/tx/0x638096619fab56c2d9229df48f0ba52989f5a5bbe4c5b7b092773a520ab5f4c4
2023-03-27 22:08:57,False,1.409e-07,4.607e-10,265390786.0,1.22282,0x2a...576a,https://bscscan.com/tx/0xcd5fc703925d19da1caf32d1b36e2f7beb95a722e931e4badfab1b60502a51dd
2023-03-27 22:08:33,False,1.411e-07,4.611e-10,501055660.0,2.31075,0x08...af7e,https://bscscan.com/tx/0x54920bea49e11f2db6f9ccca9714f4acdbca95d4022ac9bb5dbe2767287906aa
2023-03-27 22:06:33,False,1.412e-07,4.616e-10,448217006.0,2.06938,0xde...fa58,https://bscscan.com/tx/0x33912463a3b478516f54e268fb8555c794d3c620bf3692cb606ec5b1fc7a94bb
2023-03-27 22:05:48,False,1.421e-07,4.621e-10,439490544.0,2.0312,0x2a...576a,https://bscscan.com/tx/0x980518fcfa8aa303837481e07f0181b26aef951547381d075ac53f69786fb8a9
2023-03-27 22:05:36,True,1.428e-07,4.643e-10,611546415.0,2.84,0xec...0165,https://bscscan.com/tx/0x6279051eabd07781bfc201a273f4aea975f5802c8b8812f12db4d0e0d6d173a8
2023-03-27 22:02:57,False,1.414e-07,4.619e-10,437683039.0,2.02202,0x2a...576a,https://bscscan.com/tx/0x1fda6af918e12e30a0209b077f208f55041104dbe210d80fdf7714d0d1febfc6
2023-03-27 22:02:39,True,1.428e-07,4.642e-10,460921258.0,2.14,0x1b...7f6d,https://bscscan.com/tx/0x08075a80ac3f902507d14a180e68d191943008d51cd4151e836ca675bf7c50bb
2023-03-27 22:02:21,False,1.42e-07,4.619e-10,355288700.0,1.64112,0x08...af7e,https://bscscan.com/tx/0xf05c7700f634f29452115599ba24fbeb3aac1a7936979ac872a369e2f571ab94
2023-03-27 22:02:12,True,1.426e-07,4.638e-10,1008900321.0,4.68,0x2a...576a,https://bscscan.com/tx/0x1d0b8c587db4294ac0603bd763e245a1f9da79a1a391aded5f7ae166fa1b589d
2023-03-27 22:02:06,False,1.419e-07,4.615e-10,1037888312.0,4.79059,0x1b...7f6d,https://bscscan.com/tx/0x63172ad3ea1d00fd1c5a7dea78fc46266b5a9499ad6c1f26dcc8f641585c7c79
2023-03-27 22:00:36,True,1.422e-07,4.644e-10,993931.0,0.0046,0x70...747b,https://bscscan.com/tx/0xded7c39f9beac6723376ec8c5485c85f05c9781a7b8d9b0457cf3f4594569554
2023-03-27 22:00:36,True,1.421e-07,4.642e-10,395769710.0,1.8373,0x70...747b,https://bscscan.com/tx/0xded7c39f9beac6723376ec8c5485c85f05c9781a7b8d9b0457cf3f4594569554
2023-03-27 22:00:27,False,1.414e-07,4.618e-10,307054691.0,1.41819,0xec...0165,https://bscscan.com/tx/0x639f6eaeaff7b951ec98fad0a44a1d6f6128d92f6f70c3fa7016bef845806a29
2023-03-27 21:59:18,False,1.416e-07,4.621e-10,269484967.0,1.24551,0x08...af7e,https://bscscan.com/tx/0x309e46fc4056d4b9668b4e60b8e73f3fe2de43002a81ccbdf5ca99a588fa623b
2023-03-27 21:57:54,False,1.425e-07,4.623e-10,19361458.0,0.0895,0x39...b178,https://bscscan.com/tx/0xcc5154b4d3bce91ae9e6ae08e0428fde9e2125cb27762ec0bbb1a3454930c8f2
2023-03-27 21:56:12,True,1.425e-07,4.641e-10,1004053057.0,4.66,0x08...af7e,https://bscscan.com/tx/0x4e5c9d59bca5e945d74bbe1d2f9cb2fcd2158870e8f901e8280826d89656ed14
2023-03-27 21:53:03,True,1.429e-07,4.631e-10,801064224.0,3.71,0xec...0165,https://bscscan.com/tx/0x52333d26177550629b69796fcabb2ac33b69f099f2966c3a4f82d03e7b513773
2023-03-27 21:51:18,True,1.427e-07,4.622e-10,785253980.0,3.63,0xde...fa58,https://bscscan.com/tx/0xdaa2627c9d1100ef40cc6ba2bb59a4fcd5d8979f4dbc46d1d2b08d73466be902
2023-03-27 21:49:54,True,1.424e-07,4.616e-10,370415491.0,1.71,0x2a...576a,https://bscscan.com/tx/0xd060279ba57d617b7b72878a9664901f6e59f671da36894d05dd61b153f35611
2023-03-27 21:48:48,False,1.41e-07,4.593e-10,423919111.0,1.94735,0xde...fa58,https://bscscan.com/tx/0x4459ace0d57295c63126cf7063ee59bec449a63ba16d6ebdeb6419ad4db0a12f
2023-03-27 21:46:48,False,1.412e-07,4.6e-10,901519475.0,4.14773,0xec...0165,https://bscscan.com/tx/0xafcd19486caf93887165ce470c203efcc30b0cc976052191d910fc36e7d4c71b
2023-03-27 21:45:45,False,1.414e-07,4.606e-10,113992433.0,0.525,0x9e...96ae,https://bscscan.com/tx/0xdf33a36a4fed46ed6ed3eecf780547c1d0f7cfd63c13a6e23f50f948f1b55084
2023-03-27 21:45:03,True,1.427e-07,4.626e-10,605178454.0,2.8,0x1b...7f6d,https://bscscan.com/tx/0x81ff2fcf8767ea37f997181ed574c986a28bfdcbc246be56f8233490d6b8ce8f
2023-03-27 21:43:36,False,1.422e-07,4.605e-10,955742302.0,4.4017,0x2a...576a,https://bscscan.com/tx/0x4a4e68c79a78bee15fee3e12027a8bc2edbbdd4ef44bfcf3af29486792c3d906
2023-03-27 21:42:12,True,1.43e-07,4.631e-10,403746105.0,1.87,0xde...fa58,https://bscscan.com/tx/0x35d573c2c3ac27dfae70355ee93c11eeaaa392ed23dad4d72c920f357de67ee0
2023-03-27 21:42:00,False,1.423e-07,4.61e-10,726671465.0,3.35013,0x1b...7f6d,https://bscscan.com/tx/0x383276beea38d11bcb387aa87a3ac4a1d185fc01e14a890edeab4161e5abf870
2023-03-27 21:40:45,False,1.419e-07,4.619e-10,956759880.0,4.41963,0x08...af7e,https://bscscan.com/tx/0x272c5ec13b07f22f7a33fe709d17984bcdf41824a23bb21538d5ff9395a65b80
2023-03-27 21:39:00,True,1.434e-07,4.645e-10,433176843.0,2.01228,0x52...2dce,https://bscscan.com/tx/0x42399009c318d0d020ddfc16cc904af85ba42396e94f794c47443ff428c7d6c8
2023-03-27 21:38:57,True,1.433e-07,4.641e-10,366298633.0,1.7,0x1b...7f6d,https://bscscan.com/tx/0x38634f922b35e5a7386d5816018e68aafa7184577d9b186344ae1731abb7536a
2023-03-27 21:37:39,True,1.424e-07,4.634e-10,897689574.0,4.16,0x08...af7e,https://bscscan.com/tx/0xeb98845e75b02b2cab84dab45a522d4b6b4af8f8b5128568f6a1873e6a505aef
2023-03-27 21:37:15,False,1.415e-07,4.607e-10,326542198.0,1.50467,0x2a...576a,https://bscscan.com/tx/0xfc232ddc2023693bce5c8db9b12f92b7391514f76b4ac8c2bfc3ec12079c6827
2023-03-27 21:35:57,False,1.424e-07,4.612e-10,437092494.0,2.01588,0x1b...7f6d,https://bscscan.com/tx/0x5156bf7542935e536c21ab3ded9d733b65bd09ac7e32a5caefd77f223690ae95
2023-03-27 21:34:33,False,1.425e-07,4.618e-10,781078514.0,3.60751,0x08...af7e,https://bscscan.com/tx/0x758db14bbf70ee833b49f9c4f03a94f6400041521bd9fe750a9c386c43d8b856
2023-03-27 21:34:12,True,1.435e-07,4.642e-10,669913883.0,3.11,0xec...0165,https://bscscan.com/tx/0x416bbf36550398508d09ff5d6bb1b0a55287a1a47b4e5f72b34bfbfd3af53d91
2023-03-27 21:34:03,True,1.433e-07,4.635e-10,519857075.0,2.41,0x2a...576a,https://bscscan.com/tx/0xcd884387b6be30c75fc4c2dcb2ccebc88d407944c9f47dbb1331593266f62dd9
2023-03-27 21:32:54,True,1.424e-07,4.629e-10,645853240.0,2.99,0x1b...7f6d,https://bscscan.com/tx/0x028217b0c338e64f8be32ad101568d9457235360b7e6fcbc34a2a8772d65f2c8
2023-03-27 21:31:27,True,1.43e-07,4.623e-10,452032330.0,2.09,0x08...af7e,https://bscscan.com/tx/0x04a2846deab74f3a513024c167b6cb39bfd9aa3610de254b14db49ec92da5b99
2023-03-27 21:31:03,False,1.422e-07,4.599e-10,293972106.0,1.35216,0xec...0165,https://bscscan.com/tx/0x7ad02490dc29fd859805efe5695518f19f89366fa211107a2ecc1aca8d3577fd
2023-03-27 21:30:03,False,1.423e-07,4.603e-10,432439771.0,1.99075,0xde...fa58,https://bscscan.com/tx/0xd8dff9cad06619c87198a18c2a2ab6b250865e88fa6d589abe7fa0304b9ab94e
2023-03-27 21:27:27,True,1.43e-07,4.628e-10,69852634.0,0.3233,0xb5...adb5,https://bscscan.com/tx/0xdc78a13a1b4ec3f56132379bc29470edb2c7e5271ad4aae27cb5f58d925bfb2c
2023-03-27 21:26:57,False,1.416e-07,4.606e-10,372028572.0,1.71393,0xde...fa58,https://bscscan.com/tx/0x048b73f773597aeed8d20a6aa6cb6610ccd1c231481215770adffd381ea1dff7
2023-03-27 21:26:03,True,1.43e-07,4.631e-10,157954176.0,0.7315,0xf2...d36d,https://bscscan.com/tx/0xa92948b40891438c114df2abfdfba6109ce94a93392cd8d7104fabb48c2dfe97
2023-03-27 21:25:18,False,1.423e-07,4.61e-10,632419547.0,2.91599,0x08...af7e,https://bscscan.com/tx/0x4248a9c14cd86d04f1c075848ceda5cd83e2ae86929f110fda7b1c94225b1169
2023-03-27 21:23:45,False,1.424e-07,4.616e-10,487898300.0,2.25259,0x1b...7f6d,https://bscscan.com/tx/0xf27aff5297aa9b8b862eb74a73a65f7a93b5fd79aa192e8e5d5808d1f659e35b
2023-03-27 21:23:18,True,1.431e-07,4.642e-10,25574997.0,0.1187,0x39...b178,https://bscscan.com/tx/0x56d2c6f9338961898f2b12d0ca6c62adc1407f9600bdc7c27ef65bc6b1e4b256
2023-03-27 21:20:42,True,1.429e-07,4.639e-10,530221705.0,2.46,0x1b...7f6d,https://bscscan.com/tx/0x0b0556670303cfb940b9e4086d8261cbd0a183a803846f2f6a3f6f0b0c23f8d4
2023-03-27 21:19:06,True,1.426e-07,4.632e-10,831149519.0,3.85,0x08...af7e,https://bscscan.com/tx/0x844732f5a8cc5147d01aa2f63959bdc64529712010c9a752cb2c3ba5c34f3931
2023-03-27 21:18:30,False,1.412e-07,4.608e-10,656798234.0,3.02657,0xec...0165,https://bscscan.com/tx/0x2cbc3ea8d20b74f6bbb5fce6007cd286afe5d5eda5f86cfa3da9fe9213b230b9
2023-03-27 21:17:51,True,1.419e-07,4.631e-10,624008050.0,2.89,0xde...fa58,https://bscscan.com/tx/0x86c5503414d66b9fe54e28b683e6ca6a74f857e755092997f33d02634a0dcd3a
2023-03-27 21:17:42,True,1.417e-07,4.624e-10,637909230.0,2.95,0x1b...7f6d,https://bscscan.com/tx/0x5d4fc3101412a4e34e0092a0c07db37ccf78eb0c6b0df819ff3a8eafd43c4da6
2023-03-27 21:16:03,False,1.416e-07,4.6e-10,439732815.0,2.02291,0x08...af7e,https://bscscan.com/tx/0xcb0c9342d7e3d21981b91e735503c3d78f29da7573c0c1f542ea6d9244781ef0
2023-03-27 21:15:18,True,1.424e-07,4.623e-10,382809978.0,1.77,0xec...0165,https://bscscan.com/tx/0xe34fa12cf65c7ea8c55412435b51be65210c929f86bac78e3d33276f5668fd1e
2023-03-27 21:14:39,False,1.41e-07,4.603e-10,839077764.0,3.86234,0x1b...7f6d,https://bscscan.com/tx/0x3c36e19199bcf00e73fd6b79a23a3988961c707a404f7cfffcc63f86644b5770
2023-03-27 21:11:51,False,1.419e-07,4.609e-10,292270702.0,1.34713,0x2a...576a,https://bscscan.com/tx/0x24c253863c534bb54369dde696d8be4ab407c46ca8aae7d9f09de3240cc75531
2023-03-27 21:11:45,False,1.421e-07,4.614e-10,656269294.0,3.02824,0xde...fa58,https://bscscan.com/tx/0x26cc4d8888a02c86b5f46bc9acb3b39b699be51d8f4c69c43960c0a6ee08a125
2023-03-27 21:09:51,True,1.42e-07,4.636e-10,821729004.0,3.81,0x08...af7e,https://bscscan.com/tx/0x432a1f317481309464fa48a23d758bc1325c0b2e80f9603a6016900df52762d9
2023-03-27 21:08:42,True,1.418e-07,4.628e-10,667610419.0,3.09,0x2a...576a,https://bscscan.com/tx/0xa2070fce6174bfa9b49466cdccff577b51bcdd65c58e04f57a626ad2bb844fc1
2023-03-27 21:06:45,False,1.412e-07,4.604e-10,548807318.0,2.52709,0x08...af7e,https://bscscan.com/tx/0xc833637c09405fe56bd92fe8a0d89c231f35a0cbb9057037f32f902d6cf299f6
2023-03-27 21:05:54,False,1.421e-07,4.611e-10,721458536.0,3.32705,0xec...0165,https://bscscan.com/tx/0xddd22976e1d11369a3da37b298dfab93ecd02018d171b84ab114d70b1c9fb022
2023-03-27 21:05:39,False,1.423e-07,4.618e-10,509878968.0,2.35474,0x2a...576a,https://bscscan.com/tx/0x80dd210ccb66d5a8673606c02488fc575d562071032fd9cfce838f3712fd17b4
2023-03-27 21:05:33,True,1.43e-07,4.638e-10,948480369.0,4.4,0x1b...7f6d,https://bscscan.com/tx/0x0ab76d8cae543107b53f286109c82dbce16c439e4e65968b28084b9a06882e28
2023-03-27 21:03:39,False,1.422e-07,4.612e-10,415454654.0,1.91647,0x08...af7e,https://bscscan.com/tx/0xfb970506085680f0a1082329478213b483e39221191398b9f675b63e040e3dbd
2023-03-27 21:02:39,True,1.421e-07,4.633e-10,839490056.0,3.89,0xde...fa58,https://bscscan.com/tx/0xe0bdfe20e3e7a255f5555814bca492627a4a5d092217934e07761a2e68655999
2023-03-27 21:02:27,False,1.422e-07,4.611e-10,1054601839.0,4.8636,0x1b...7f6d,https://bscscan.com/tx/0xd486620eff657ebbdc795fbf944085e90af7fe3f850584b31aa48bace408bdf9
2023-03-27 20:59:36,True,1.422e-07,4.635e-10,988075730.0,4.58,0xec...0165,https://bscscan.com/tx/0x96243e3d3542fdc6c9ca3ef2e2ab778ba93c7e6348db0a1992ebf6bdcc779e19
2023-03-27 20:59:36,False,1.414e-07,4.608e-10,282774127.0,1.30311,0xde...fa58,https://bscscan.com/tx/0x87958f77f9bf9f870b2fa0c7e4b5b4cfdafb31bd15c1eeb4613478172b5634d5
2023-03-27 20:59:11,True,1.428e-07,4.63e-10,362773707.0,1.68,0x2a...576a,https://bscscan.com/tx/0x6c632955b0c4452e3f762406983dde5651c61ab33518b236ced31f4e810867fa
2023-03-27 20:57:29,True,1.418e-07,4.623e-10,962417695.0,4.45,0x08...af7e,https://bscscan.com/tx/0x325dd7bcfb5d59ede7fc860a7bc1917f13a1dd903d9eb01c155db8a4d1cb18f5
2023-03-27 20:56:35,True,1.417e-07,4.618e-10,475258.0,0.0022,0x7d...bc63,https://bscscan.com/tx/0xdcbf845f7975087fe57612b4d25846176eb80778cbcee4c9dc3b300f4c10c09f
2023-03-27 20:56:23,True,1.423e-07,4.615e-10,541640867.0,2.5,0x1b...7f6d,https://bscscan.com/tx/0x98d008efe03e1de36eddf7a14eb5acd962b41947defa69e6578405cca814fa6d
2023-03-27 20:56:02,True,1.421e-07,4.609e-10,644366050.0,2.97,0x2a...576a,https://bscscan.com/tx/0x6347da68be34434a0bfbba27e80f957ae9f59ae7768de6a6de1fd66cfd10dd80
2023-03-27 20:53:20,True,1.412e-07,4.603e-10,369267853.0,1.7,0x1b...7f6d,https://bscscan.com/tx/0xe84111a2d41c124050605405096cfc87c27b7297c338db17645d9f946f63de30
2023-03-27 20:52:50,False,1.412e-07,4.583e-10,848685901.0,3.88977,0x2a...576a,https://bscscan.com/tx/0x417a3887bcda23cc03511ce7a7af5f6c01b7f51fb2e2d93c639a75a35e78d15e
2023-03-27 20:49:41,True,1.42e-07,4.607e-10,583805106.0,2.69,0x2a...576a,https://bscscan.com/tx/0x98ea34200d8cfcc5ce7a87f76f8dba281b70f1365f409b5868d06f2955de665b
2023-03-27 20:47:02,True,1.411e-07,4.602e-10,343277171.0,1.58,0xec...0165,https://bscscan.com/tx/0x05e683aa644e75893b53c9b04d0c09483e06433da2f785908c75dfe051db8b66
2023-03-27 20:44:23,False,1.412e-07,4.579e-10,389333568.0,1.78313,0xde...fa58,https://bscscan.com/tx/0xf9675bfe096c08a152d8d4500821675f8a2f50cc927139349d72b56f4a0a539f
2023-03-27 20:44:11,False,1.413e-07,4.583e-10,307723250.0,1.41051,0x1b...7f6d,https://bscscan.com/tx/0xdb9bddda1c3c237e0ffb58ee799250bbaeea2debf31665706ea906566dbbcf97
2023-03-27 20:43:53,False,1.408e-07,4.591e-10,1213405414.0,5.5718,0xec...0165,https://bscscan.com/tx/0x5a470156040770922d4075d8313400447fae0ceb43143a4e0ad9e3a782501556
2023-03-27 20:42:02,False,1.411e-07,4.6e-10,359269323.0,1.65276,0x08...af7e,https://bscscan.com/tx/0x993ed357b82ecbec7a07e68c6389e5cef8a9682822403d550c2c7850fb56ec9d
2023-03-27 20:41:20,True,1.425e-07,4.621e-10,675076534.0,3.12,0xde...fa58,https://bscscan.com/tx/0x2bfe45fa781f30176e960e58cd6a42cb340d14a25b0f26c775d2eae17f059c36
2023-03-27 20:41:11,False,1.418e-07,4.6e-10,934725855.0,4.29976,0x1b...7f6d,https://bscscan.com/tx/0xcf3ea066bbb192966530ea7d681544ac10f4c292b0d11c75c62488bcea0776d2
2023-03-27 20:40:47,True,1.418e-07,4.623e-10,875978361.0,4.05,0xec...0165,https://bscscan.com/tx/0x5102b0d4861c5469bb94dcdb3ca5ee849e0783b0d0a0b55b8576dec5782ff742
2023-03-27 20:40:08,False,1.418e-07,4.6e-10,965880258.0,4.44382,0x2a...576a,https://bscscan.com/tx/0x33ca843fd97fce91d50720a52202aa4a0bff24c6e2ea85a4ae6f7f301e65cab8
2023-03-27 20:38:08,True,1.419e-07,4.625e-10,659383662.0,3.05,0x1b...7f6d,https://bscscan.com/tx/0xe691dad6327cb730660f9eee1a8a35177b366793f5e735045cbdb271245c6d27
2023-03-27 20:37:38,False,1.42e-07,4.603e-10,799292058.0,3.67929,0xec...0165,https://bscscan.com/tx/0xc547d4a99ea9fbb823cda1c170dbc27aa91761e1df22d91e00f9cbde6bd4ab06
2023-03-27 20:35:14,False,1.423e-07,4.612e-10,850769862.0,3.92385,0xde...fa58,https://bscscan.com/tx/0xe4b4fd5127dd9c8bfefbb794999d90339f940179428775266f17d8a37f2a1f7e
2023-03-27 20:35:05,True,1.431e-07,4.636e-10,567203386.0,2.63,0x1b...7f6d,https://bscscan.com/tx/0xd10a375bcbd4ccedf7efdd574b5aa9193e283a501d8a9525ab31823d996efeba
2023-03-27 20:34:38,True,1.421e-07,4.628e-10,978749253.0,4.53,0xec...0165,https://bscscan.com/tx/0x22bb38295083cc587a3f3d3bdff3f23561a7350ef0a315a5ddf24b236d7cf6a8
2023-03-27 20:34:14,True,1.419e-07,4.622e-10,19468164.0,0.09,0x8c...26d8,https://bscscan.com/tx/0xdc7765ae0cfe8cfd50da386561664b832d9edcda4ffc6d52b36f579486f27b9c
2023-03-27 20:33:50,True,1.42e-07,4.62e-10,497822624.0,2.3,0x2a...576a,https://bscscan.com/tx/0x8bd38e7dd667ec6663fe2f0847208705fb30c82792f11e68fe2ec10092296460
2023-03-27 20:33:32,False,1.413e-07,4.596e-10,410137688.0,1.88523,0x1b...7f6d,https://bscscan.com/tx/0xb737cf4be0c01951d6c03d5cd84b150367f5f9e5bf0ff92fd4f61f8948e60c61
2023-03-27 20:33:20,True,1.428e-07,4.619e-10,493594167.0,2.28,0xde...fa58,https://bscscan.com/tx/0xb90b8de99e222bd7ee74caa01bc51872940a40fd7c1603e569c33661e3ea688f
2023-03-27 20:33:05,False,1.415e-07,4.598e-10,926737638.0,4.26156,0x1b...7f6d,https://bscscan.com/tx/0x966c90fcad18e3e1629644b5d9e3c01995f92e787ad3e94df5533f87ec0572b6
2023-03-27 20:32:53,True,1.422e-07,4.623e-10,495258238.0,2.29,0xde...fa58,https://bscscan.com/tx/0x5ef3805da205cf1553189308d83133f1e76a6399e378edcf30907abded3c110d
2023-03-27 20:32:26,True,1.42e-07,4.613e-10,1363312879.0,6.29,0x1b...7f6d,https://bscscan.com/tx/0xc21fd6a30ded212829bd7f6f765dbad71f33a0a6244967c5f8f90ce7a1b3a65e
2023-03-27 20:31:38,True,1.417e-07,4.603e-10,516987376.0,2.38,0x2a...576a,https://bscscan.com/tx/0x46225fe2aae632edbfc5eba2ba4699c77a135b3f9223dbc3ccce5d08c533abad
2023-03-27 20:30:59,False,1.418e-07,4.583e-10,1082209507.0,4.96046,0x2a...576a,https://bscscan.com/tx/0x62962076d524a8d5205c62435d99a0eb1ac74b4df1620db6bae20403f3815c40
2023-03-27 20:25:11,True,1.429e-07,4.611e-10,265774619.0,1.2255,0xf9...2cd1,https://bscscan.com/tx/0x42f0f10dbe535f9e6496c1ebfcf55578acc79ef8efd1654e7513b3c0f6e244b9
2023-03-27 20:25:05,False,1.423e-07,4.591e-10,980800324.0,4.5037,0xec...0165,https://bscscan.com/tx/0xaa01f3f790603a82bde89ad2d8a78c597c1729b958695369ac3e346e7f5ef1e5
2023-03-27 20:20:02,False,1.424e-07,4.599e-10,409223086.0,1.88216,0xde...fa58,https://bscscan.com/tx/0x3e3446c5f54606e8f9f7e1759535c9030c69b89598f5af0502115b804f71694f
2023-03-27 20:19:17,False,1.417e-07,4.601e-10,7396432.0,0.034,0x79...acc5,https://bscscan.com/tx/0xf4491ac9acd6f9c937d8fc16164b95818671c70a1d710f80041a7bfc890a24b9
2023-03-27 20:14:47,True,1.419e-07,4.622e-10,449995142.0,2.08,0x2a...576a,https://bscscan.com/tx/0xa79e0e5ba874dd7ab75a3f9cc932f5db7412c2eee5458ab9c6517e6dbeac0d78
2023-03-27 20:13:56,True,1.424e-07,4.617e-10,489477097.0,2.26,0xde...fa58,https://bscscan.com/tx/0x50830bc49d770cead04291f995fc6ed71b9804d1f3b2dbc6697db7b3262d3a0a
2023-03-27 20:12:29,True,1.421e-07,4.608e-10,1084918275.0,5.0,0xec...0165,https://bscscan.com/tx/0x3c05c218f3fff28ff406fd45bc93588be2a9a10e845c2322247f1cb5941489d0
2023-03-27 20:11:47,True,1.419e-07,4.6e-10,432566569.0,1.99,0x2a...576a,https://bscscan.com/tx/0xb38b9c3f77468624a5b11b03081827133c893a876ea0f38ad84c8a816894acef
2023-03-27 20:08:02,True,1.409e-07,4.595e-10,524450118.0,2.41,0x08...af7e,https://bscscan.com/tx/0x008fc6bd9f8c15a3aed62bf2957151d2d774b940122aefb942e6ce2b03da77fd
2023-03-27 20:07:50,False,1.409e-07,4.571e-10,423442543.0,1.93589,0xde...fa58,https://bscscan.com/tx/0xbb4dc3af4ebc2ac9a1af1e18012d4a051f014d29ea6b39bbff8b76e8ca8c0ade
2023-03-27 20:06:14,False,1.411e-07,4.578e-10,905997820.0,4.14849,0xec...0165,https://bscscan.com/tx/0x21fa11218325774e29b0f81837d499d39efcbf223e45e09b9eedf3f497534dbd
2023-03-27 20:05:17,False,1.414e-07,4.589e-10,1019119218.0,4.67699,0x2a...576a,https://bscscan.com/tx/0xa02ceb09d946db2f9831f060fd7ceb59d2f8b656fb83d1e436bddbf43338ad92
2023-03-27 20:04:50,True,1.422e-07,4.615e-10,487526236.0,2.25,0xde...fa58,https://bscscan.com/tx/0x5d8b153e194e4d1c3ffc7c15214c7d4862b64b7c9fb8f088f3d3016583693e09
2023-03-27 20:01:47,False,1.415e-07,4.591e-10,455755534.0,2.09279,0xde...fa58,https://bscscan.com/tx/0x88417d6baef7f7dd8d7d29628065df017bc39c7d46101990774588b401efeb77
2023-03-27 20:01:38,False,1.417e-07,4.6e-10,1117128696.0,5.13924,0x1b...7f6d,https://bscscan.com/tx/0x975bd9a2d3fea84626309d938f9da4866351847f0aa471293aeca3ae7bc78f02
2023-03-27 19:58:56,True,1.426e-07,4.623e-10,1098721498.0,5.08,0x2a...576a,https://bscscan.com/tx/0x74cc57d657b44716c81285df8650f2b5bb972d8209ef61d36ad00bffeb47526a
2023-03-27 19:58:47,False,1.418e-07,4.598e-10,743197833.0,3.41763,0x08...af7e,https://bscscan.com/tx/0xc7e92f603d9e18a762d922e6b72cd6a814b2b2765dacc7eb541be74600be5581
2023-03-27 19:58:44,True,1.426e-07,4.622e-10,560290787.0,2.59,0xde...fa58,https://bscscan.com/tx/0x92ac6ad3f7d7b6207a51d55762ec92df28eef1ee0c389870d82f1821304b5779
2023-03-27 19:58:32,True,1.417e-07,4.615e-10,691103412.0,3.19,0x1b...7f6d,https://bscscan.com/tx/0x3ac36f907c9ce47991d216111c841ea04412dbc55e4aebc22b44b50de0b26a98
2023-03-27 19:55:44,False,1.418e-07,4.592e-10,564878590.0,2.59397,0x2a...576a,https://bscscan.com/tx/0x7ee58b91ef1aea0e99331b976687c6e9e391e43a9cf2c553108da56f86e78028
2023-03-27 19:53:38,True,1.417e-07,4.612e-10,973358796.0,4.49,0xec...0165,https://bscscan.com/tx/0x4fbb00f68425a4da4062bb5daa0d7a8d27da45be3843a37153b4314d930c7d40
2023-03-27 19:52:35,True,1.422e-07,4.605e-10,349563899.0,1.61,0x2a...576a,https://bscscan.com/tx/0xaff246fa016e6fde142f1a43f55729896d0b6a11596a09022b06ba6be6c25095
2023-03-27 19:52:35,False,1.415e-07,4.583e-10,577774907.0,2.6485,0x08...af7e,https://bscscan.com/tx/0xefe8f94633eedc3f63c676c5f7b7e12d476623b4e9402318fdd2106343c47108
2023-03-27 19:52:29,False,1.411e-07,4.591e-10,808447074.0,3.71192,0x1b...7f6d,https://bscscan.com/tx/0xeda1e42d2355cb433097ce3146494b24ff156b52016889b05465728f027534cb
2023-03-27 19:50:29,False,1.417e-07,4.6e-10,795448434.0,3.6591,0xec...0165,https://bscscan.com/tx/0xc747ef1f48a3ae2ef19c87829edfda4ef76c8e1093eced672bd63f2f1aa3dcaf
2023-03-27 19:49:35,False,1.427e-07,4.61e-10,1075909395.0,4.96012,0xde...fa58,https://bscscan.com/tx/0xe6a7d91646ecd5ed6cea773682545dff4c5985c968e329d0f216fe8e2f223572
2023-03-27 19:49:29,True,1.436e-07,4.636e-10,424859321.0,1.97,0x08...af7e,https://bscscan.com/tx/0xf0ace0e15aa8874acde7b5f4f9f2fb74ba116efc97a45d47509a2cd1025b79b2
2023-03-27 19:49:26,True,1.433e-07,4.627e-10,1242507857.0,5.75,0x1b...7f6d,https://bscscan.com/tx/0xe1bd2b7a0906fa3ff311d3dc116968980a58ba7dba1e9dfe4df6e044abef999a
2023-03-27 19:46:38,True,1.429e-07,4.617e-10,706062935.0,3.26,0xde...fa58,https://bscscan.com/tx/0x5a77a0cf81699d54b1e26ca5ced3802834e81b27de0dd1d1e417fe05464167b2
2023-03-27 19:46:23,False,1.422e-07,4.593e-10,570263502.0,2.61943,0x1b...7f6d,https://bscscan.com/tx/0xf5149cd7ec663dc52930bee31d7abdffb3074870929036f9ad366d0cebe1d8f1
2023-03-27 19:46:17,False,1.418e-07,4.601e-10,942325216.0,4.33613,0x2a...576a,https://bscscan.com/tx/0xeb9e062af4574612de11042e10e79fb00a5f6abcdf3d52c4dcd295f07e02238d
2023-03-27 19:44:14,False,1.422e-07,4.609e-10,559158603.0,2.57751,0xec...0165,https://bscscan.com/tx/0xd9d6d8570a0eb7d58c3858bfd053df198292d5cb5b17263b7215b80048c6ff3d
2023-03-27 19:43:32,False,1.426e-07,4.615e-10,470147925.0,2.16983,0xde...fa58,https://bscscan.com/tx/0xc37a8e3c08a10f77c0011ecbbf3eaa7b19f314f6d23ba6bd8540ce7f2a111b94
2023-03-27 19:43:26,False,1.427e-07,4.617e-10,6075599.0,0.028,0x78...d2d7,https://bscscan.com/tx/0x6fde311a67247ae146b9ceae18f3a6b9a9b3e4efdeb0e94166a9f9080ccc0978
2023-03-27 19:40:29,True,1.433e-07,4.638e-10,441946341.0,2.05,0xde...fa58,https://bscscan.com/tx/0x8cde949d758b430c2456298e3fc84c91c2a186f9fee0641b34fe2d36ca1ba3e2
2023-03-27 19:39:56,True,1.431e-07,4.631e-10,837725460.0,3.88,0x2a...576a,https://bscscan.com/tx/0xf90962461f0bf7f3bcfd0131531bca1f8ee0410869c54eff46ab7c7d1ceb76a6
2023-03-27 19:37:17,True,1.432e-07,4.624e-10,376217603.0,1.74,0x1b...7f6d,https://bscscan.com/tx/0xf72b180b0e6487c78db3675fd3fb3d0f42ab013206eb7cd328a46b5b4f418295
2023-03-27 19:37:11,True,1.43e-07,4.618e-10,777272489.0,3.59,0x08...af7e,https://bscscan.com/tx/0x37e787a74f9ab042ca6df991463e8152bd01012a2080df5ad0d49d83a38414d7
2023-03-27 19:36:44,False,1.422e-07,4.593e-10,306766477.0,1.40901,0x2a...576a,https://bscscan.com/tx/0xda86cb441ae91017db693ea8f8cbe274e299c12f0df7c0ca3351b2043356fdc2
2023-03-27 19:35:08,False,1.43e-07,4.595e-10,87630358.0,0.4026,0x28...a6f1,https://bscscan.com/tx/0x0517875aa329a932b4798b92f60a30a54a85c1755c1639b0e586bdfb831f3ac9
2023-03-27 19:34:02,False,1.424e-07,4.598e-10,540641246.0,2.48621,0x08...af7e,https://bscscan.com/tx/0x4b3985f58d2bf0f3017fe87b175e347ae6440398258cc7c79e8dbe45e26153eb
2023-03-27 19:33:35,True,1.432e-07,4.622e-10,473815538.0,2.19,0x2a...576a,https://bscscan.com/tx/0x0dae03c0913c99f2d984b3dd9b7de944880106ac87b447d47e883799a2a57b75
2023-03-27 19:33:23,True,1.438e-07,4.619e-10,4329512.0,0.02,0xe9...e846,https://bscscan.com/tx/0x418e641658031abf78e95d38dcc3b1124dea328179131f8a36129e9d59ffd941
2023-03-27 19:32:23,False,1.424e-07,4.597e-10,245569894.0,1.12905,0x53...0042,https://bscscan.com/tx/0x7f97495c9f07763e77522c5e8b66251e3a3b38e525cec1a32c2c8e11612bab52
2023-03-27 19:27:53,True,1.432e-07,4.618e-10,695058328.0,3.21,0x08...af7e,https://bscscan.com/tx/0xe0098da313b6d0f0beb6e542ffba678a8f22d0806a821035dc2cb9759ac18324
2023-03-27 19:26:41,False,1.435e-07,4.594e-10,611784555.0,2.81103,0xde...fa58,https://bscscan.com/tx/0x114bcf3551ff421ec1d89a0ac21c362670941fa622beaff14813c7f8b0b2bbbf
2023-03-27 19:25:17,False,1.431e-07,4.602e-10,803777099.0,3.69934,0x1b...7f6d,https://bscscan.com/tx/0x560bb183e6885f37dc55c84de66922191e37cd305bd8f8746085ac5e581a0f1f
2023-03-27 19:24:23,True,1.446e-07,4.624e-10,908118271.0,4.2,0x1b...7f6d,https://bscscan.com/tx/0x1b6f2986db73fffc7d18021b2c15f018d9121a8c238f3b7961a19d39f6483814
2023-03-27 19:22:59,True,1.442e-07,4.614e-10,946937450.0,4.37,0xec...0165,https://bscscan.com/tx/0x9073d756330c6c2528f9ca323cb236b69216c10f65b241a5d9a4caf646b1d447
2023-03-27 19:22:53,True,1.44e-07,4.607e-10,338547507.0,1.56,0x2a...576a,https://bscscan.com/tx/0x59bcf6eec3e4c1c8f246aa3e48c7fac786ca87ee88d7bc94e7580914a33b1664
2023-03-27 19:22:20,True,1.431e-07,4.603e-10,401831576.0,1.85,0xec...0165,https://bscscan.com/tx/0xb8cc3972131e2b8be2ef48e416042816f78e85face8876aa9ceaff334bbe4384
2023-03-27 19:21:41,False,1.431e-07,4.58e-10,395440644.0,1.81147,0x08...af7e,https://bscscan.com/tx/0xe3a48e0cccb8e222c56f0c3b20967a53a41a8d661b563e8ccc97dac422097073
2023-03-27 19:15:59,False,1.427e-07,4.589e-10,1218242571.0,5.5912,0x1b...7f6d,https://bscscan.com/tx/0x54fe81681556e7e9f3f75e35302362e8defbfb412d12947b43242e8bfd54e0d6
2023-03-27 19:14:32,False,1.431e-07,4.598e-10,354560721.0,1.63028,0x2a...576a,https://bscscan.com/tx/0x604ca8af48e51c94e248603731463d8fb8c00f9a1bfc83eb2045b146269ca6f4
2023-03-27 19:13:05,True,1.446e-07,4.618e-10,850945559.0,3.93,0xde...fa58,https://bscscan.com/tx/0xbec8f8f4dad17346f5ca7c6c0e81a54d50d781b883dfc5c57b231a7eaadb9aee
2023-03-27 19:12:56,True,1.436e-07,4.61e-10,607310700.0,2.8,0x1b...7f6d,https://bscscan.com/tx/0x8b160ba924adb77f5568d8377af91330032c8a3958783992339f96e81ddf91f6
2023-03-27 19:12:26,False,1.436e-07,4.586e-10,480853162.0,2.20557,0x08...af7e,https://bscscan.com/tx/0xae8a96a02bce60c4c4966e97db52cc37ec15acf46268ce5eacf90e406cb7be2b
2023-03-27 19:10:02,False,1.43e-07,4.592e-10,623205407.0,2.86221,0xde...fa58,https://bscscan.com/tx/0xa3d8c3bfed26e87960f9df39d7f59fefa9296b5c79f220745e03d575fc9eae31
2023-03-27 19:09:41,False,1.44e-07,4.602e-10,1123870288.0,5.17221,0xec...0165,https://bscscan.com/tx/0xf031fb6b1777d39336a5ea9589716a71e375cbf18681b287c970da11976c3fd3
2023-03-27 19:08:11,True,1.443e-07,4.629e-10,393157373.0,1.82,0x2a...576a,https://bscscan.com/tx/0xbf6d613725f00e1aff70f3467abd8c025d1c15da4ba758bdefa045fd444e5f67
2023-03-27 19:07:41,False,1.443e-07,4.604e-10,105654963.0,0.4864,0x25...d79c,https://bscscan.com/tx/0x1cc73033802139f61396d417d67a8b19d43312d4d785b3da66117c231938e1ef
2023-03-27 19:06:59,True,1.442e-07,4.625e-10,579454082.0,2.68,0xde...fa58,https://bscscan.com/tx/0x1ac38345768989254832da9b06b834b71f1e5af017ead457ff7899cb5bd4323b
2023-03-27 19:06:49,False,1.434e-07,4.601e-10,454516500.0,2.09135,0x1b...7f6d,https://bscscan.com/tx/0x6cc8e6d270ff19e3bb8261030f7c73a97e80b5e1ceff548aef4fee173dc4dc6d
2023-03-27 19:06:34,True,1.441e-07,4.622e-10,731151192.0,3.38,0xec...0165,https://bscscan.com/tx/0x0b5fb67ae02533985f0d4a6bf067a0551ebf3bbfa217628f0c92115807876661
2023-03-27 19:03:47,True,1.444e-07,4.615e-10,550272827.0,2.54,0x1b...7f6d,https://bscscan.com/tx/0xfc489e3a8d23c3e8fd11d411881f01ee425fbd6fc34002842aa68077c152bdca
2023-03-27 19:03:24,True,1.435e-07,4.61e-10,511915196.0,2.36,0xec...0165,https://bscscan.com/tx/0x50e1111fff496e5b1f0aecefa76516261e7426b4d869677039f5535c00d89b91
2023-03-27 19:03:15,False,1.434e-07,4.587e-10,616213326.0,2.82699,0x08...af7e,https://bscscan.com/tx/0x1a4722cc9843cca80d356ed4178859c849cf2e6fbbcf63497248f41a8e6391ea
2023-03-27 19:01:56,True,1.442e-07,4.614e-10,92110.4,4.25e-05,0xfe...1189,https://bscscan.com/tx/0xe074195b212cc51768f7ec2b56ab87c16410be5bc383f1a19e8efa93091b033b
2023-03-27 19:01:56,True,1.442e-07,4.613e-10,36661541.0,0.1691,0xfe...1189,https://bscscan.com/tx/0xe074195b212cc51768f7ec2b56ab87c16410be5bc383f1a19e8efa93091b033b
2023-03-27 19:00:55,False,1.436e-07,4.593e-10,558828350.0,2.56703,0xde...fa58,https://bscscan.com/tx/0x5bbf2b96ab3781c8d5e29676b08b10f60c22a07831d37130aa6ef329d11f7343
2023-03-27 19:00:02,True,1.442e-07,4.613e-10,1148817669.0,5.3,0x08...af7e,https://bscscan.com/tx/0xcf88ac5fc20347a96ee1e59214bef099cb73f831e0db499481c4c11487f645f2
2023-03-27 18:57:53,True,1.439e-07,4.603e-10,664692654.0,3.06,0xde...fa58,https://bscscan.com/tx/0x831096857a0dd031e4bd96b24af7bf16deefebbaa484234d3cae1b92736b8d14
2023-03-27 18:57:42,False,1.432e-07,4.579e-10,534554363.0,2.44823,0x1b...7f6d,https://bscscan.com/tx/0xeadbd834e8c1f2ccd5c519db1753156f26f4699f77e5b6133f61d3cf46ba082e
2023-03-27 18:57:09,True,1.432e-07,4.603e-10,364004941.0,1.67582,0xf9...8573,https://bscscan.com/tx/0x886334db651598b90e877f663931b19d666a0e273a525031762e5e6493eb5274
2023-03-27 18:57:00,False,1.426e-07,4.585e-10,1145543782.0,5.25237,0x08...af7e,https://bscscan.com/tx/0x0861144dad028f63ca5a6597a739896f164bd527ce3f2cccbf84775b8c4cd95c
2023-03-27 18:55:33,False,1.436e-07,4.595e-10,786220536.0,3.61302,0x2a...576a,https://bscscan.com/tx/0xd2d858d572bc92d5d46c7582a953766e2ff023e62769e183a8b68453995472a1
2023-03-27 18:55:00,False,1.431e-07,4.599e-10,14046767.0,0.0646,0x73...3d23,https://bscscan.com/tx/0xb3407bc79ab2769f917eb1d81c1a51a5beddd989cb0fe9b5d4fbb947772c132f
2023-03-27 18:54:30,True,1.438e-07,4.622e-10,11491866.0,0.0531,0x9d...0d77,https://bscscan.com/tx/0xeb39d102b8ade841933cc8723cf416d61eb268473a597f87690d075d18e40bb1
2023-03-27 18:53:54,True,1.437e-07,4.62e-10,396050849.0,1.83,0x08...af7e,https://bscscan.com/tx/0xdb5311a34131213321ef13253903127fe73ceae4ffc41c92687ff80e47f5db75
2023-03-27 18:52:21,False,1.43e-07,4.596e-10,293079270.0,1.34728,0x2a...576a,https://bscscan.com/tx/0x7aa47abd58e6d282241c9c18d4aba81477040b2288a137defa827bfcc7155549
2023-03-27 18:51:48,False,1.439e-07,4.601e-10,506605737.0,2.33105,0xde...fa58,https://bscscan.com/tx/0xa5eb952923e288644466c5711b9e2965f059bca670b0cabadbb0b23ceeeee14f
2023-03-27 18:47:42,False,1.439e-07,4.606e-10,491744296.0,2.26532,0xec...0165,https://bscscan.com/tx/0xda5d3a61a64f216d0664719b9032038fc44aa5fd664dd897d5a17cde7eaf4387
2023-03-27 18:45:45,True,1.438e-07,4.628e-10,712959190.0,3.3,0xde...fa58,https://bscscan.com/tx/0x5dda10f34eedd585be28d6f1a00cdc125a0ccc8597f5aa92f9055813df54c298
2023-03-27 18:45:33,False,1.43e-07,4.602e-10,253617735.0,1.1674,0x1b...7f6d,https://bscscan.com/tx/0x715512e16241264e5a4d798c55b0738defb911c2b3e68a7354cd2614f3eccc99
2023-03-27 18:44:33,False,1.439e-07,4.609e-10,921283913.0,4.24652,0xec...0165,https://bscscan.com/tx/0x378991bdc94b2697f9b95dac1c6efd490d8a4658272cf5783d1da775b1c5f177
2023-03-27 18:42:51,True,1.449e-07,4.634e-10,468183550.0,2.17,0x2a...576a,https://bscscan.com/tx/0x1ae8a1ac6f16e85d260d1d6f3c6069d70156b6fdbba1166a174c23b93f691e5b
2023-03-27 18:41:27,True,1.446e-07,4.627e-10,979026209.0,4.53,0xec...0165,https://bscscan.com/tx/0x42dc77be8f6e895024216e32f8cf3016f18695ebd4f7d31bc0c1adf45379f95f
2023-03-27 18:38:15,False,1.438e-07,4.604e-10,1022944019.0,4.70982,0xec...0165,https://bscscan.com/tx/0x992f532ca91df8814f746f0b247b71a62dcd29aab0144777dde8df99cfb47a0e
2023-03-27 18:37:36,True,1.454e-07,4.632e-10,101461887.0,0.47,0x5e...078e,https://bscscan.com/tx/0xc67a443a2a8b418cab268682bbb022d99b656ba0f981eedc8529fa975f1dd6ec
2023-03-27 18:36:27,False,1.44e-07,4.612e-10,796269592.0,3.67312,0x2a...576a,https://bscscan.com/tx/0x36e1fbd4f7e72e6dd3074344a6f547624cb51a5f028a5c48523abb80215489f2
2023-03-27 18:35:33,True,1.456e-07,4.64e-10,37906297.0,0.1758,0x9d...0d77,https://bscscan.com/tx/0x2e899b5379482403949859e8150b09dfda96e8d323cd33b8472fbabc6d97f23a
2023-03-27 18:32:15,False,1.45e-07,4.618e-10,350858465.0,1.62052,0x08...af7e,https://bscscan.com/tx/0x1b196a5e3fc9bded12931f3cb6c58e1b171abe62461c8d17e558fe62d452c5aa
2023-03-27 18:31:57,True,1.457e-07,4.641e-10,497728258.0,2.31,0xec...0165,https://bscscan.com/tx/0xa8dfdbf31a7e796ecefb0135a74e97d07442b08bc5a7902c4f4f20804460507c
2023-03-27 18:29:12,True,1.451e-07,4.633e-10,947510431.0,4.39,0x08...af7e,https://bscscan.com/tx/0xcee108784292d072dd1486d21f4b12fbb5732dae45f53715b419ce7279535585
2023-03-27 18:26:57,True,1.449e-07,4.625e-10,473466599.0,2.19,0x2a...576a,https://bscscan.com/tx/0xbb1e3fbb8e5c6ac070b193e5dca82971fc63ac20bdfec73d1a7644064cb80070
2023-03-27 18:25:42,True,1.447e-07,4.619e-10,679772674.0,3.14,0xec...0165,https://bscscan.com/tx/0xce8ab21b49bfb95353d2952793bcafe6ceb9846a62f99a44179c7451fda1c5f1
2023-03-27 18:24:15,True,1.446e-07,4.608e-10,1384547313.0,6.38,0x1b...7f6d,https://bscscan.com/tx/0x8510ade37f320d91e616f50f4fbb3237fb633bcb838e3868e8ecd5f050a4f824
2023-03-27 18:22:33,False,1.437e-07,4.579e-10,381303070.0,1.74622,0xec...0165,https://bscscan.com/tx/0x5a749a35085fa186c3dd06de75c1d40d25743c977c8c46c3951e7ebcdae6187d
2023-03-27 18:21:21,False,1.443e-07,4.588e-10,1232700584.0,5.65597,0xde...fa58,https://bscscan.com/tx/0xbbbeffb00e738ce94f66263fffc5ce8e23cc38d544818a8f740cb798039c1ade
2023-03-27 18:19:26,False,1.448e-07,4.599e-10,835361769.0,3.84216,0xec...0165,https://bscscan.com/tx/0xb1d5d5d79049b92e6d04df8f28639542356a4c1369305137fe70c102b2b2f1a7
2023-03-27 18:16:16,True,1.448e-07,4.625e-10,356751710.0,1.65,0xec...0165,https://bscscan.com/tx/0x534dcb203de6ecb348a16e81cfbc1ec1a4ad80d02918faa58e6d6dbf651611bb
2023-03-27 18:15:16,True,1.453e-07,4.617e-10,1030855183.0,4.76,0xde...fa58,https://bscscan.com/tx/0xedd931373ba08ce48b92dbdb39522508d1a77efae6f524fc475c9b2b17ec3d3f
2023-03-27 18:15:07,False,1.439e-07,4.594e-10,947872796.0,4.35455,0x1b...7f6d,https://bscscan.com/tx/0xd53c1bfe775ec28b2aa49abaed93d54376918cfeb5ed20cd884679e6af3eb038
2023-03-27 18:14:16,True,1.455e-07,4.62e-10,227114144.0,1.04949,0xe1...d36f,https://bscscan.com/tx/0xdd2d0268738b286b7ae2a86bc90478e809eb985668aa75f028180020e4b51e0c
2023-03-27 18:13:07,True,1.455e-07,4.619e-10,112098727.0,0.5178,0xa1...b8ee,https://bscscan.com/tx/0x537334a4605eb1fb899cbf20b462ea566c182c4d1ec83f0c02d94b8a6f4369b7
2023-03-27 18:12:13,False,1.452e-07,4.6e-10,899309553.0,4.1371,0xde...fa58,https://bscscan.com/tx/0x568329ae13fddda0ab6894395eaedfb41f9a48f22b850a777a829ccc84aad07d
2023-03-27 18:11:58,True,1.453e-07,4.627e-10,63996874.0,0.2961,0x9d...0d77,https://bscscan.com/tx/0xc3cc98166a0908e8fb61cf6c0760eacb56abdf2a92f5f71e9ceea5a516750c4b
2023-03-27 18:11:07,True,1.452e-07,4.623e-10,795978852.0,3.68,0x2a...576a,https://bscscan.com/tx/0xed98ac80cd403a6339cd1ecc2e48fcd18db70970f4dc852ecdd7cc5c0142e8c1
2023-03-27 18:10:01,False,1.451e-07,4.597e-10,335527178.0,1.54264,0xec...0165,https://bscscan.com/tx/0xc810fab1ea042918cc2eb5d1f0ad815626da90c12318574dd36e7977651b5ad6
2023-03-27 18:09:10,True,1.451e-07,4.62e-10,387408321.0,1.79,0xde...fa58,https://bscscan.com/tx/0xe7b3947b678add54d0a92cd4615d17a3ddcb898565dae81713dd658151b9284c
2023-03-27 18:09:01,True,1.448e-07,4.612e-10,1060140859.0,4.89,0x1b...7f6d,https://bscscan.com/tx/0xc12816dd6b583f811d83de6e5b6461ff08060a0662d4656cdba822c4bcd806ce
2023-03-27 18:07:31,False,1.447e-07,4.585e-10,343328938.0,1.5744,0x08...af7e,https://bscscan.com/tx/0x013a74d506af409ef093a7383fa95fcaed8b7f6b9a94e8cd0149783806a0f3dc
2023-03-27 18:06:52,True,1.452e-07,4.606e-10,725039992.0,3.34,0xec...0165,https://bscscan.com/tx/0x564b76bafe650f269b48b07f7d782ad8725710df7fe314001a6e46d80340fddb
2023-03-27 18:05:58,False,1.435e-07,4.581e-10,352870782.0,1.61673,0x1b...7f6d,https://bscscan.com/tx/0x5b77cf10f6ed5c93480e801c6c9b0458e726c35340e582e971267029ab02dbfa
2023-03-27 18:05:01,True,1.449e-07,4.606e-10,3106469.0,0.0143,0xba...5edb,https://bscscan.com/tx/0x18b23a602ec416a046e1d4684bbe7ee4c8bd2dcad0b55a91d268f6ba57cf17e0
2023-03-27 18:04:28,False,1.44e-07,4.584e-10,278437596.0,1.27663,0x08...af7e,https://bscscan.com/tx/0x4bdb3fc431c5d901a864b4a6ab3265514451e374ad69931b6c46b4e35b22c839
2023-03-27 18:02:55,False,1.444e-07,4.592e-10,1061330783.0,4.87384,0x1b...7f6d,https://bscscan.com/tx/0x8ec7a35d6a4b84fe113ff1231b27010da1cade00522f748190abf52d91fe5368
2023-03-27 18:00:34,False,1.447e-07,4.601e-10,573321747.0,2.63785,0xec...0165,https://bscscan.com/tx/0x34da3a5894a2bcadeb6c5e2fece24ad1ded3336ddbaccfc4798471cacc8b1d42
2023-03-27 18:00:04,True,1.454e-07,4.624e-10,503843052.0,2.33,0xde...fa58,https://bscscan.com/tx/0x1f9ff8286011334c93b98fbaf1026f52bedc4bd5d42df1ae5fd14c63d2bd0166
2023-03-27 17:59:52,True,1.453e-07,4.619e-10,411301297.0,1.9,0x1b...7f6d,https://bscscan.com/tx/0x2d5c9c989689302b6c9d28a09686208fe2616099b619611984e2fb01da490211
2023-03-27 17:57:25,True,1.454e-07,4.613e-10,643726381.0,2.97,0xec...0165,https://bscscan.com/tx/0x803518c40f33a19c263357ef7902106abb9ca58d9d37b1f85b59e4643d46820a
2023-03-27 17:56:52,True,1.451e-07,4.605e-10,866338656.0,3.99,0x1b...7f6d,https://bscscan.com/tx/0x4da4745e9c077b9a809ea27cea828609f83f39cf5b042498d3ee534bbc392a14
2023-03-27 17:54:16,True,1.448e-07,4.597e-10,672135490.0,3.09,0xec...0165,https://bscscan.com/tx/0x2ce62423b41e91e0338a5f2d99d8b50d5030e25287d7f1f16b674df86e1874ca
2023-03-27 17:53:58,False,1.435e-07,4.576e-10,1005747034.0,4.60242,0xde...fa58,https://bscscan.com/tx/0x0d2d3a03c0d3aa4fb532fe18a77bbfb531079f5485c0f70be7649dc6ce1085c0
2023-03-27 17:53:46,False,1.437e-07,4.585e-10,775138425.0,3.55452,0x1b...7f6d,https://bscscan.com/tx/0x09d27cd8692fe5ed609a50cd258d35f5e10ccd6ef66aced23b664e1d83a80ca5
2023-03-27 17:52:07,True,1.45e-07,4.608e-10,750739670.0,3.46,0x08...af7e,https://bscscan.com/tx/0x077286b819c24702327c122eaa389110f78d8aeacf97d67a5edc5b3a107b22f0
2023-03-27 17:50:55,True,1.44e-07,4.598e-10,1161258190.0,5.34,0xde...fa58,https://bscscan.com/tx/0xe3cd671e93cde1f903e2c25167fd1112a9871780af96a43feeec4c4b71e63a51
2023-03-27 17:48:58,False,1.431e-07,4.572e-10,548283972.0,2.50687,0x08...af7e,https://bscscan.com/tx/0x092a0fdc5962f2278c2d9caf2335ff81323e09a25b1b55f28ef99f7620d81212
2023-03-27 17:48:55,False,1.432e-07,4.576e-10,304317730.0,1.39279,0x2a...576a,https://bscscan.com/tx/0x1f7ed1ed205423e254da47028c071d812cb2e1e4dbe414dc9a6d13bfc492f546
2023-03-27 17:47:58,False,1.441e-07,4.58e-10,308622745.0,1.41351,0xec...0165,https://bscscan.com/tx/0x9bb59552df567cfb076aaec47c08aea5930b386cbe72fa057996bb231abeef6c
2023-03-27 17:44:49,False,1.442e-07,4.587e-10,1132589840.0,5.19609,0xde...fa58,https://bscscan.com/tx/0x692cbe7f9e41e726b906609572bacb2e80f509ab8b7ff03f224ce31ba65d399b
2023-03-27 17:44:40,True,1.443e-07,4.614e-10,374872829.0,1.73,0x1b...7f6d,https://bscscan.com/tx/0x25a78f7c292f14048d4bdbcc87053811888611ad10a9c07064df1b79b2a173cf
2023-03-27 17:42:49,True,1.441e-07,4.608e-10,748565856.0,3.45,0x08...af7e,https://bscscan.com/tx/0x86ed1f38e51b6fd285a5343e906229ab754e6e0bc37ea947c95c969338bf28cd
2023-03-27 17:41:43,False,1.441e-07,4.583e-10,385053942.0,1.76503,0xec...0165,https://bscscan.com/tx/0x102d0f1b74b1dc4fdcd364d7e993462df5a7058772ae0ef5d847ffc664b376e1
2023-03-27 17:41:40,True,1.448e-07,4.608e-10,8228550.0,0.0379,0xa3...07a4,https://bscscan.com/tx/0x9926dbe58566626beea98240ff49ad50c49a1930e475cc8541620745f7a0bcf7
2023-03-27 17:41:37,False,1.443e-07,4.59e-10,849831711.0,3.90106,0x1b...7f6d,https://bscscan.com/tx/0x434401de3528742fae378111a1b19893a039655e6134a1ff80ca8e7b815ec823
2023-03-27 17:39:22,True,1.441e-07,4.615e-10,465822649.0,2.15,0x2a...576a,https://bscscan.com/tx/0xd78bab3bf3511b27647ca4499b1c5d1134d57642ecd8d9ca9841e40ad483173d
2023-03-27 17:38:35,False,1.441e-07,4.592e-10,452475501.0,2.07793,0xec...0165,https://bscscan.com/tx/0x720a5e3dc8d7270876d28b649fb686de0ffdb443dc63f3358c9238e689509055
2023-03-27 17:36:38,False,1.447e-07,4.598e-10,734534202.0,3.37795,0x08...af7e,https://bscscan.com/tx/0x980a0f7a61b5dd3d2d35c849da20792369393c17c65f1dde11ec9127dc80c688
2023-03-27 17:35:41,True,1.462e-07,4.622e-10,657689146.0,3.04,0xde...fa58,https://bscscan.com/tx/0x922dddfa1a227b949c5764732c2304a8e32046c1a8d7314a4e2b696557c480cf
2023-03-27 17:33:02,False,1.456e-07,4.6e-10,824978960.0,3.79496,0x2a...576a,https://bscscan.com/tx/0x391425da38936d70906e441f94405d98771bd267ef65f618c7a92cf41b8d23e1
2023-03-27 17:30:26,False,1.461e-07,4.607e-10,578756973.0,2.66671,0x08...af7e,https://bscscan.com/tx/0xf3dc18df457cf8585f3075a1a23fb71add0fe734a095dde16f96886e235271e4
2023-03-27 17:29:53,True,1.468e-07,4.631e-10,470705708.0,2.18,0x2a...576a,https://bscscan.com/tx/0x87cc382f8bff603b57ee4ed4ac3fbb4142647953d23fc1d4cb3bc2b13e273611
2023-03-27 17:29:26,True,1.467e-07,4.625e-10,559911365.0,2.59,0x1b...7f6d,https://bscscan.com/tx/0xf884eec173810ff5b42916c06510a50df56a4b705fb51f96b2fbb4d2d22ee1ef
2023-03-27 17:29:08,True,1.464e-07,4.618e-10,835832913.0,3.86,0xec...0165,https://bscscan.com/tx/0x56f97c3a3e0b7ea5ea9a8510fb790e755a60122fc84f42d71eae74ec90e76c4d
2023-03-27 17:27:50,True,1.464e-07,4.613e-10,50000.0,2.306e-05,0x54...1fc7,https://bscscan.com/tx/0xa7fafc027e63ae92a6665bddb166129024a2345ccd9ed8048b3b9680d3c46bc3
2023-03-27 17:27:20,True,1.464e-07,4.611e-10,396836762.0,1.83,0x08...af7e,https://bscscan.com/tx/0x8eee2d03404d9001a627499e523ca82ba4472308bd1a1483a6bb239e5febc4a1
2023-03-27 17:25:59,False,1.448e-07,4.586e-10,78550937.0,0.3602,0xb8...ec96,https://bscscan.com/tx/0x9e66c23adb710b8c9541985be3f0c2109c0cc96cd46d079d95f063b1ee0e5c7b
2023-03-27 17:24:17,True,1.463e-07,4.608e-10,349371283.0,1.61,0x08...af7e,https://bscscan.com/tx/0x945549bfbf92eb3efa7f4a7c194641eabe474e1e8cbbaeac67e5844332b59939
2023-03-27 17:23:32,False,1.456e-07,4.585e-10,370723136.0,1.69991,0xde...fa58,https://bscscan.com/tx/0x6f61a580dd6c41d0417f8ec7be63f4fbc18faae7e078f4b422d54adc4d4809af
2023-03-27 17:20:29,True,1.454e-07,4.608e-10,334159231.0,1.54,0xde...fa58,https://bscscan.com/tx/0x915cdb45de70ea5f1d532ce1dec2d04ad21f579c441c63a4249413c34b4ea70d
2023-03-27 17:20:20,False,1.447e-07,4.587e-10,605533934.0,2.7776,0x2a...576a,https://bscscan.com/tx/0xb41b873550bacc4b16a1d7ee9cd2e8c41ae106555c65c0a7e65fc3d6238985e5
2023-03-27 17:19:14,True,1.464e-07,4.611e-10,250000000.0,1.15299,0xbc...cebf,https://bscscan.com/tx/0x84b0368c8e0727b9d99f18f2ef417c3d83ae2248795b63f6d9288a2658136979
2023-03-27 17:19:02,False,1.456e-07,4.587e-10,24089463.0,0.1105,0x42...22a5,https://bscscan.com/tx/0x625b854a1019bab531002f3bd273bf7c55615f8301b9482a89494388e1f2d4b5
2023-03-27 17:18:20,False,1.452e-07,4.587e-10,17591239.0,0.0807,0x60...b8fa,https://bscscan.com/tx/0x8a25f6258878e0bc75707cee0dac587d0aac6ae07e08c8e4e500a56c772e0078
2023-03-27 17:18:05,True,1.459e-07,4.607e-10,696722931.0,3.21,0x08...af7e,https://bscscan.com/tx/0x9ac1fa06c7fa042647741c749b87a6f9469eff6443db70a59ca69e20874845a4
2023-03-27 17:17:11,False,1.441e-07,4.583e-10,508263194.0,2.3295,0x2a...576a,https://bscscan.com/tx/0x77d87577a66d7faae0a25820e92e800cf183be09bbfd6a8ea47e7dcdc2d91ea6
2023-03-27 17:15:01,False,1.446e-07,4.587e-10,363713660.0,1.6687,0x08...af7e,https://bscscan.com/tx/0xf97f530125fcd705e1fa82a47e297b203e0a2aa618b2f9c54ab5c9a2908b1036
2023-03-27 17:14:16,False,1.448e-07,4.592e-10,544251935.0,2.49966,0x1b...7f6d,https://bscscan.com/tx/0xbbffb115df8a995ea81d1b3ba273aee7f9b50a6af3c5f86efb66fe73982ad945
2023-03-27 17:11:55,False,1.441e-07,4.597e-10,333222253.0,1.53201,0x08...af7e,https://bscscan.com/tx/0xb293a8e78e59d32c949d288326bbbd77ca232d8ef54e81d47e122fa9d793a5b8
2023-03-27 17:10:52,True,1.451e-07,4.62e-10,439390153.0,2.03,0x2a...576a,https://bscscan.com/tx/0xf3388ac229e40a6e0871bfd184c35117b88ec10ec34bc4293d3deec06e488815
2023-03-27 17:10:19,False,1.452e-07,4.597e-10,532770796.0,2.4494,0xec...0165,https://bscscan.com/tx/0xe5b4eb0d533e0f2c46d6b26fe7f4d0c0b61cd46ea54cb7fe2a3e1fa729495419
2023-03-27 17:09:40,True,1.46e-07,4.623e-10,36770800.0,0.17,0x63...c100,https://bscscan.com/tx/0x45a60628db711881f7c3d7e96ca7f5d1f9027c6e45447dffbb6b98b14b33698f
2023-03-27 17:08:49,True,1.462e-07,4.621e-10,361388613.0,1.67,0x08...af7e,https://bscscan.com/tx/0x9b11c7ca962fa9024b664eb1c4e9b88a377f4aec78ad56e16f6c0ca158e566c8
2023-03-27 17:07:40,True,1.458e-07,4.615e-10,671656159.0,3.1,0x2a...576a,https://bscscan.com/tx/0xf4a4cccb3840c3f02e7adec7ea73d5f549487c743ba51963ecc003f44a321ec7
2023-03-27 17:05:43,True,1.449e-07,4.609e-10,388310177.0,1.79,0x08...af7e,https://bscscan.com/tx/0x9d96850406aea8a318c179daf738cfb54427e9d7481a11f1a2cd4564d54cd78c
2023-03-27 17:05:16,False,1.441e-07,4.586e-10,418715364.0,1.92059,0xde...fa58,https://bscscan.com/tx/0xa07700e0c00c8631d68a3934c416ad78c442267369a8a2248cebccf8983bca68
2023-03-27 17:02:38,False,1.458e-07,4.594e-10,951386639.0,4.37089,0x08...af7e,https://bscscan.com/tx/0xc410bc83f1df14823bfb7ba4e64b6daca601cb9c30051248d394d0e4d75f06b0
2023-03-27 17:02:14,True,1.471e-07,4.617e-10,937769517.0,4.33,0xde...fa58,https://bscscan.com/tx/0xf03a218b2f11e5a1725d381832389d1e285de536255e2c64997ac43d015429e1
2023-03-27 17:02:05,True,1.467e-07,4.606e-10,1109361525.0,5.11,0x1b...7f6d,https://bscscan.com/tx/0xdc0dcf5331f12909e6d182838e131f56b43ed965ea00118a91c4f18e10f557d8
2023-03-27 17:01:21,False,1.461e-07,4.581e-10,706373570.0,3.23596,0x2a...576a,https://bscscan.com/tx/0x0d9f79652b3ad70acfa39391af901186a0d77ba22fc18e73f578b73ee3fdda65
2023-03-27 17:00:54,True,1.471e-07,4.606e-10,343029102.0,1.58,0xec...0165,https://bscscan.com/tx/0x773b5dd3f09206076392f9dfffc47400b22636d1a00928bd9a35be813b9de40e
2023-03-27 16:59:12,False,1.473e-07,4.584e-10,579359656.0,2.65595,0xde...fa58,https://bscscan.com/tx/0x6ad362e6d8228ce428266b7b476676cb0f2d7b47a7b8ebd93113be76d943cef9
2023-03-27 16:58:33,True,1.48e-07,4.61e-10,3487765.0,0.016,0xdc...dab3,https://bscscan.com/tx/0xdce49d4d92017af8bcb908f9c30dde4d7aae36ce5b8c3e5180174f9305e4d3b4
2023-03-27 16:53:21,True,1.498e-07,4.607e-10,512196159.0,2.36,0x08...af7e,https://bscscan.com/tx/0x4a0c4352d7f54e53203967b47485b3a4884da9e602e51c7cd0ab63a26e207b96
2023-03-27 16:52:57,False,1.49e-07,4.583e-10,286117944.0,1.31139,0x1b...7f6d,https://bscscan.com/tx/0x84c747736770ab89d94e8b2a593a6fd52d0f7f48456f799d08ce709b721a5a05
2023-03-27 16:51:27,False,1.499e-07,4.587e-10,526111747.0,2.41367,0xec...0165,https://bscscan.com/tx/0xd14784f4099fce4a1712e8a08ee56571b8d3f228b81319a8b3701e35ccfe6075
2023-03-27 16:48:39,True,1.499e-07,4.607e-10,1126422196.0,5.19,0x2a...576a,https://bscscan.com/tx/0x73ec0f23b44eb4d0ab73b29c8b0b576701336ebf6ed503551d39373af04f99fa
2023-03-27 16:47:00,True,1.496e-07,4.599e-10,400063647.0,1.84,0xde...fa58,https://bscscan.com/tx/0xa41bca725f877fd8b0b953c6c83d28905543ae72a4463ae363a0c002a1d7f2d4
2023-03-27 16:45:09,False,1.495e-07,4.576e-10,363539218.0,1.66359,0xec...0165,https://bscscan.com/tx/0x53b881c2e0aa99b169823f3b86c563cfab5e9e8f5859d96378510fb8c5e0b218
2023-03-27 16:44:06,False,1.497e-07,4.58e-10,452754309.0,2.07383,0x08...af7e,https://bscscan.com/tx/0xe11f4f0fae20da7812a86ec5a22d4445ee2beae2aaa6b6376d6b26cb5cf841c1
2023-03-27 16:43:51,False,1.491e-07,4.585e-10,568808384.0,2.60853,0x1b...7f6d,https://bscscan.com/tx/0xe42942aadcf990a128083103d315551ed0b000494b7efae1974f83745350ad65
2023-03-27 16:42:18,False,1.499e-07,4.59e-10,348871305.0,1.60163,0x2a...576a,https://bscscan.com/tx/0x40276c3d9cdadc58364529a6861a2ebdf807c85f13609c52f8eee8ed5d16e8e2
2023-03-27 16:42:09,True,1.507e-07,4.612e-10,617551100.0,2.84843,0x20...6638,https://bscscan.com/tx/0xb7a384cab12f31c2428ad28e7f9111f38f86dc2d98c4d357b2193c907516df00
2023-03-27 16:41:00,False,1.491e-07,4.587e-10,242273052.0,1.11141,0x08...af7e,https://bscscan.com/tx/0x3deb0c9358067aa891f352770f033509a146992ace3b8f06420e8cd0485b17d5
2023-03-27 16:40:54,False,1.492e-07,4.59e-10,280460093.0,1.28737,0xde...fa58,https://bscscan.com/tx/0x0d702b6c0e33d36c180c140f8bee63af15908bbee23891e56302f439dd447bcd
2023-03-27 16:40:48,True,1.499e-07,4.61e-10,743915555.0,3.43,0x1b...7f6d,https://bscscan.com/tx/0x779cece5c41c3cdd70222ad1469ed10f6bb16866c515d4337173243f7bbcc631
2023-03-27 16:39:06,False,1.49e-07,4.585e-10,294295526.0,1.34943,0x2a...576a,https://bscscan.com/tx/0x1217aa468d61baba812122dc359130db044aa6ec04ae0719e5e4c4da07a96097
2023-03-27 16:38:54,True,1.496e-07,4.602e-10,1301366787.0,5.99,0xec...0165,https://bscscan.com/tx/0xafcb7320b7013fff4663b2fd1d0a5b77cfee4c42a94c909f3a0802453b755053
2023-03-27 16:37:54,True,1.5e-07,4.591e-10,877783254.0,4.03,0x08...af7e,https://bscscan.com/tx/0xc7cbef7a777679812cb07fe83de39f4ba06c392f9070651c6fcd7aa370d584b1
2023-03-27 16:37:45,False,1.492e-07,4.568e-10,867380367.0,3.9623,0xff...6e72,https://bscscan.com/tx/0xfb4b43bd27966f2e9c25a530e1bd186d7a6e72979e711f2cb423ee1b145676c5
2023-03-27 16:35:59,False,1.488e-07,4.577e-10,904838588.0,4.14199,0x2a...576a,https://bscscan.com/tx/0x4dc4276de74f63ac63a9576359cc5d20dbf7741ffce5436b6eda145d9c97af59
2023-03-27 16:34:53,True,1.504e-07,4.602e-10,456226437.0,2.1,0xde...fa58,https://bscscan.com/tx/0x93912e37716ec453bcfde02003327a4a2de10db7bb3ff251d8dcbb9228e31ada
2023-03-27 16:34:41,False,1.49e-07,4.582e-10,914520722.0,4.19075,0x1b...7f6d,https://bscscan.com/tx/0x1b19da60be2f42e90390a94a05145f35de0f8261b3c843adbc603852eece0cf8
2023-03-27 16:32:37,False,1.492e-07,4.59e-10,649103458.0,2.97994,0xec...0165,https://bscscan.com/tx/0x7e15e7b5e6a8d930d239395b70aa339ae0ee9d941531edf48889fe732b52ca29
2023-03-27 16:31:29,True,1.502e-07,4.617e-10,28567388.0,0.1319,0x9d...0d77,https://bscscan.com/tx/0x41e411c3be6b54b0e6d5bfac2e5023738d41f2dbee76ac1a46d6a232296dbbc4
2023-03-27 16:29:26,False,1.496e-07,4.597e-10,626295600.0,2.87934,0xec...0165,https://bscscan.com/tx/0x2d3a80b95e0438cafe6d6a724671fde180db7cbb3bcf6a89dac90a4d484544e3
2023-03-27 16:28:38,False,1.498e-07,4.604e-10,686695343.0,3.16188,0x08...af7e,https://bscscan.com/tx/0xea503d05caf58fd9626b4c97da9cfe1a975d0fd3015cfdd40c362e05dbac74fb
2023-03-27 16:27:44,True,1.513e-07,4.628e-10,550593869.0,2.54833,0x20...6638,https://bscscan.com/tx/0x3389cb98ee39692f6c35dde795b804de97771e78adaf7853f8d0ab94ea1f1070
2023-03-27 16:26:17,True,1.511e-07,4.62e-10,891682048.0,4.12,0xec...0165,https://bscscan.com/tx/0xd3558078098ce3301785d406251f05c3be8b547a00aefb54f1d0358f1eef19eb
2023-03-27 16:25:44,False,1.496e-07,4.596e-10,714900789.0,3.28601,0xde...fa58,https://bscscan.com/tx/0xdf5b48559a7b90cb714f83eed74c173285be5956411f8158e882fee27527fd8f
2023-03-27 16:25:35,False,1.498e-07,4.602e-10,428655301.0,1.97294,0x08...af7e,https://bscscan.com/tx/0x701dc9a618c7b43fc9670af15a53489163960a0908068b76db76ed93f50f06d6
2023-03-27 16:25:35,True,1.505e-07,4.621e-10,1144572808.0,5.29,0x1b...7f6d,https://bscscan.com/tx/0xa9bb02d9922fc714635e69709d15fd44888149cd7370d4bbaf03c8ed92cc3658
2023-03-27 16:24:32,True,1.503e-07,4.615e-10,4333148.0,0.02,0xda...8232,https://bscscan.com/tx/0x73601108f11a00d12579b66de7736c91226fdf41f5c8464149ae52aeef26e187
2023-03-27 16:23:17,True,1.51e-07,4.608e-10,1362796404.0,6.28,0x2a...576a,https://bscscan.com/tx/0x69da51b305bb7346b1570ec72b87db2138bcea7b97828173f85fe7ac0431d8f0
2023-03-27 16:22:32,False,1.495e-07,4.582e-10,810595024.0,3.7143,0x1b...7f6d,https://bscscan.com/tx/0x602568bc6e230bb506d38a820f04563a1cdad44ef881326c245ef3d79403165d
2023-03-27 16:22:29,True,1.503e-07,4.607e-10,410215663.0,1.89,0x08...af7e,https://bscscan.com/tx/0xf146f0ed98d1ac94849c94eaa5d296067262e91fc63abbabfcd0189a00fd9eea
2023-03-27 16:19:38,False,1.504e-07,4.583e-10,336374123.0,1.54191,0xde...fa58,https://bscscan.com/tx/0x40e0100318676b29ae3c56dc0e451d6677146da1a09e84bcba58aec2bfe0e6de
2023-03-27 16:19:29,True,1.512e-07,4.605e-10,651434671.0,3.0,0x1b...7f6d,https://bscscan.com/tx/0x22557c9d3cad245c6872749333512653b1bf47a19fce7e1ca343f920a2f8d947
2023-03-27 16:16:53,False,1.497e-07,4.582e-10,637001964.0,2.91884,0xec...0165,https://bscscan.com/tx/0xfa06a92ffaa0c210b96cd71ab9c5c7c9f0cf185b067958a1b41ccdb0baa9c3a7
2023-03-27 16:16:35,True,1.505e-07,4.605e-10,575404217.0,2.65,0xde...fa58,https://bscscan.com/tx/0x41efaca84f7a72d41f7c8ef45e254b76535fabb7b49fbbfd621447125ed5db6a
2023-03-27 16:16:26,True,1.504e-07,4.6e-10,334742972.0,1.54,0x1b...7f6d,https://bscscan.com/tx/0x119d49bdedb0f484d867cf2974c1bc091ce1e82cb9196e96d08f49434e4c1b39
2023-03-27 16:16:14,False,1.503e-07,4.575e-10,41459639.0,0.1897,0x75...93e0,https://bscscan.com/tx/0xd71b3524dafe96a98588c233e252cee21b084a8cfef0d43ac2c6b1286ba47584
2023-03-27 16:13:44,False,1.505e-07,4.581e-10,971403012.0,4.45042,0x2a...576a,https://bscscan.com/tx/0x092725282298c60bd109dd04f407f9bb66bfb737c9b3aa59fce8cba1e1899eba
2023-03-27 16:13:14,False,1.507e-07,4.587e-10,246172036.0,1.12943,0x08...af7e,https://bscscan.com/tx/0x712b53f2376145f7e008e2b6a56a908de16bc2f0ca53bdf7414e8c972a00e4f7
2023-03-27 16:10:38,False,1.501e-07,4.591e-10,363730632.0,1.66998,0xec...0165,https://bscscan.com/tx/0x2da57d0db4a8ea55e26baa0bb530f96818eb2496c134bc89084746749bc223ae
2023-03-27 16:10:35,True,1.508e-07,4.613e-10,472507424.0,2.18,0x2a...576a,https://bscscan.com/tx/0x705d7cdb39ff5c4ec3355f04dad92feb97511ae3b03e15cb3c1aff7e7c1f5dcd
2023-03-27 16:10:29,False,1.501e-07,4.591e-10,722865211.0,3.31939,0xde...fa58,https://bscscan.com/tx/0xdc7bf1d55357221cee4291745d3b2e266e2eb97eefc6747063ef0949ef0eaf4d
2023-03-27 16:07:29,True,1.509e-07,4.614e-10,856034906.0,3.95,0xde...fa58,https://bscscan.com/tx/0x930eaca5d7725c9695eb620220291afe15e50d5ce3629aeeb6e18a9be7fd936a
2023-03-27 16:07:26,False,1.501e-07,4.589e-10,502914485.0,2.30805,0x2a...576a,https://bscscan.com/tx/0xbc71fb12eb8f6cec4aafaa7292a5b57a4e71136ec372bd92466dc6f2f7116059
2023-03-27 16:07:02,False,1.502e-07,4.593e-10,303195171.0,1.39278,0x08...af7e,https://bscscan.com/tx/0x48f19058bf762a9631102ffb46daa54e1c50ba1bb38bf007b8e6fdfad1cffd3a
2023-03-27 16:04:26,False,1.512e-07,4.599e-10,802169292.0,3.6897,0xde...fa58,https://bscscan.com/tx/0xa09b9a1d3419d49634915d9b11e44e82fa32b846f4a7b897085f62cdf869fadc
2023-03-27 16:04:20,True,1.52e-07,4.623e-10,590415299.0,2.73,0xec...0165,https://bscscan.com/tx/0x56e8a37bed1eb1af4f3e48b2b2d8a2f52e52d6d8b7068aaac6e60d24f4229657
2023-03-27 16:04:14,False,1.512e-07,4.599e-10,327084784.0,1.50438,0x2a...576a,https://bscscan.com/tx/0xbdaad7e2c17a921bb336532ecdfe68affa7360c8556b3b143c0efbd606c39e60
2023-03-27 16:01:05,True,1.519e-07,4.621e-10,514995104.0,2.38,0x2a...576a,https://bscscan.com/tx/0xfb028e1ce1c89f4cb1ca99bc00eeb0849b846a0845fa94afdbd05d772aea23e0
2023-03-27 15:32:59,True,1.512e-07,4.618e-10,11100001.0,0.0512,0xad...d695,https://bscscan.com/tx/0xb8902f16fab057eb9285c6da8202ad6415b1adfbdbfbd8da464f1cad3709f440
2023-03-27 15:25:41,True,1.52e-07,4.618e-10,4730000.0,0.0218,0x48...8b52,https://bscscan.com/tx/0x09d4cd0e1d89d32fae3b4eb646e8743f0278a958046c46e04d587b5d22e3c863
2023-03-27 15:21:14,False,1.513e-07,4.595e-10,13162903.0,0.0604,0x2d...dac7,https://bscscan.com/tx/0x280e9447c71309e8333d98b9a39910b7c7c405f28cfc5391538ded686712d833
2023-03-27 14:58:18,True,1.52e-07,4.618e-10,1082585.0,0.005,0x9c...576e,https://bscscan.com/tx/0x637db43e793c7b2ca7bfe7a44fc647d34b63047d268274ea5619158de976744c
2023-03-27 14:56:48,True,1.52e-07,4.618e-10,10240510.0,0.0473,0x10...1e27,https://bscscan.com/tx/0x65d98b54c8e4a09bfe27188a3656e7f62f637605c9b29e42a04ccacca8f43e70
2023-03-27 14:53:36,True,1.512e-07,4.618e-10,9536535.0,0.044,0x9c...576e,https://bscscan.com/tx/0x0955fb8662ece65c545b2ebfd5977219bd26dbbc84540d51f248087df804d04e
2023-03-27 14:48:45,False,1.505e-07,4.595e-10,13079784.0,0.0601,0x08...afda,https://bscscan.com/tx/0x2c68dd2c77ba116760a6ed79cca4e673e2acf8138c9a25468d2339bb2519192a
2023-03-27 14:48:39,True,1.513e-07,4.618e-10,1274684.0,0.0058,0x9d...0d77,https://bscscan.com/tx/0x2c66d7382f57659fbd1899e52aced673e64c7ffb522bf1ea270988d0c19ac83b
2023-03-27 14:46:39,False,1.513e-07,4.595e-10,12109079.0,0.0556,0x85...0744,https://bscscan.com/tx/0xfe0b44d2a4855d15d67d58c209f2a40c559f37db17cf015dc652ebf44fbb4268
2023-03-27 14:46:33,True,1.521e-07,4.618e-10,34516247.0,0.1594,0x9d...0d77,https://bscscan.com/tx/0x210048aaac4521fd7de74f7534f983db9897de285a77fd003d3f9b51b01fda9e
2023-03-27 14:31:27,True,1.521e-07,4.618e-10,12844300.0,0.0593,0x58...29dd,https://bscscan.com/tx/0xc5431fa9a9e0c2eac883473e9387582598fa6d4b3c395c087d7b1a94aabed8c7
2023-03-27 14:30:06,False,1.508e-07,4.595e-10,17403370.0,0.0799,0x7a...9fd8,https://bscscan.com/tx/0x1be2e8716492eda5a2528f17f02993a023ce456813011372b691aefd4d38ed70
2023-03-27 14:18:12,False,1.515e-07,4.595e-10,121823591.0,0.5598,0x2f...58fc,https://bscscan.com/tx/0x800ca299c1b09ca3c025331d78f54314ad5f292ac295d685cadf5b4b0633a8c0
2023-03-27 14:10:06,True,1.523e-07,4.619e-10,17967277.0,0.083,0xd8...5cca,https://bscscan.com/tx/0x413086162ee0827a9a3cd80fc0ecca2a405d66e67b72ad84c11f02faa43abc41
2023-03-27 14:07:36,True,1.515e-07,4.619e-10,1082390.0,0.005,0x64...4ef5,https://bscscan.com/tx/0xdf54a61ad1d52001e8c44dee5862bae2880d187c17e002b58c3202e1b8a805a1
2023-03-27 13:54:36,False,1.506e-07,4.596e-10,2903784.0,0.0133,0xc2...a17e,https://bscscan.com/tx/0x1dad662d7c8be66bf12426c45313c3044cd06dd9b8ba1dca60024b060f4046a1
2023-03-27 13:50:33,True,1.513e-07,4.619e-10,27481876.0,0.1269,0x9d...0d77,https://bscscan.com/tx/0x2a89666fba19fdc34cf4b411c520a1fdeb6a18638bffd1c33cabe6495fbdc46d
2023-03-27 13:04:05,False,1.509e-07,4.596e-10,15517709.0,0.0713,0xaa...f1b9,https://bscscan.com/tx/0x93e0575d07036699e2900c27e85bffa429148a8cf83d4a84e10075fafba32505
2023-03-27 12:53:50,True,1.51e-07,4.619e-10,4329682.0,0.02,0xae...d747,https://bscscan.com/tx/0x445fceee17db5323e43d703b3a8435dd550c66331d2f0edbab95ff279b2c0f0b
2023-03-27 12:48:08,True,1.517e-07,4.619e-10,38401981.0,0.1773,0xc6...0704,https://bscscan.com/tx/0x412d2e8f5fa90c283228c863b480500346f5d64bcc44a2681a362c5b615e53a0
2023-03-27 12:14:35,False,1.509e-07,4.597e-10,289773779.0,1.33219,0xb5...21cf,https://bscscan.com/tx/0x7e4abe919f97eb64f3c22e6cafcd4e4e9f16559274db8e967eecb16e9e9f6d36
2023-03-27 11:51:41,False,1.509e-07,4.598e-10,10410548.0,0.0478,0x6a...2bda,https://bscscan.com/tx/0xba9ee840342ecae0d244cac356152c1a2e77d3611d20ee7476202783185c487f
2023-03-27 11:45:50,False,1.509e-07,4.599e-10,10410548.0,0.0478,0xb9...a6d2,https://bscscan.com/tx/0xd4ee3c2aa5667a8cc07328c9cdb572a46e540263ce7d7903bf068013abfeccd7
2023-03-27 11:26:26,True,1.516e-07,4.622e-10,206651.0,9.551e-05,0xa6...8436,https://bscscan.com/tx/0x67a1a1c80593c86e750eba52093426d0ced2a165e71df06d871620dd5dd6cfae
2023-03-27 11:26:26,True,1.516e-07,4.621e-10,82255074.0,0.3801,0xa6...8436,https://bscscan.com/tx/0x67a1a1c80593c86e750eba52093426d0ced2a165e71df06d871620dd5dd6cfae
2023-03-27 11:16:29,True,1.514e-07,4.621e-10,102512.0,4.737e-05,0xa6...8436,https://bscscan.com/tx/0xf51b3ea0ee2b65bab15233a4a46a8f8fe4e301a0ebd914a1c2cd1084cba2a27c
2023-03-27 11:16:29,True,1.514e-07,4.621e-10,40801881.0,0.1885,0xa6...8436,https://bscscan.com/tx/0xf51b3ea0ee2b65bab15233a4a46a8f8fe4e301a0ebd914a1c2cd1084cba2a27c
2023-03-27 11:11:56,True,1.513e-07,4.62e-10,12984788.0,0.06,0x42...39aa,https://bscscan.com/tx/0x54034558b6bc701475195512354da30fa067625c9959593c3179638dab5745be
2023-03-27 11:07:11,False,1.498e-07,4.597e-10,36104.8,1.659e-05,0x4c...fbcd,https://bscscan.com/tx/0x1e91789090183af3405036aededc6ce4009dca7944a8535abe821ccb2e17becd
2023-03-27 10:51:41,True,1.513e-07,4.62e-10,35710209.0,0.165,0xbe...af03,https://bscscan.com/tx/0xf0ad7b45795d86fcf2d0e6f97325a143a88a58822fe8216fe658850fb70823dd
2023-03-27 10:47:52,True,1.512e-07,4.617e-10,551697897.0,2.54737,0x20...6638,https://bscscan.com/tx/0x16ffbdbd10123cc66dcf5d47f1d6d737ef7ace93233ff95bb0cb96ca05bc0435
2023-03-27 10:31:55,False,1.502e-07,4.591e-10,4565167.0,0.0209,0x9f...41b9,https://bscscan.com/tx/0x837ff62785ffa5c05aadbd812a17bce633127cfa1b26742a06fac791e040a01b
2023-03-27 10:28:19,False,1.502e-07,4.591e-10,53880179.0,0.2474,0x0d...3abe,https://bscscan.com/tx/0x6546907d235b723edc86ea30c780a0f965a11fed9e69dabae75296d7395b573c
2023-03-27 10:24:01,True,1.502e-07,4.614e-10,11051112.0,0.051,0xf9...a3ad,https://bscscan.com/tx/0x7fc1a37d257c4a3e197f86e898968bb1d272463d6ea42c003acb2ec0f47e4fb9
2023-03-27 10:18:22,False,1.502e-07,4.591e-10,10410548.0,0.0478,0x6f...ece7,https://bscscan.com/tx/0x2060e654adb2a2581f821ec916b4ff996a2f74f15c8847e3e770b92d69745058
2023-03-27 10:14:25,True,1.502e-07,4.614e-10,66246795.0,0.3057,0x3b...0964,https://bscscan.com/tx/0x86dd540b8bc66f1bb67f3ec691df94ee72c5e5471bb70fa40f3dbbdcf3acdedc
2023-03-27 10:09:22,False,1.502e-07,4.593e-10,356826519.0,1.63895,0x38...4c86,https://bscscan.com/tx/0xbdb3c7430e48d6d70693f2238f73cedbc964921740f189bf7a33e0f0a502e3df
2023-03-27 09:58:01,False,1.503e-07,4.595e-10,16921742.0,0.0777,0xb4...6265,https://bscscan.com/tx/0xf09ba335f58ce396916a7b90b957150e6c8ba19eb663c068899a900d8d73684b
2023-03-27 09:57:07,False,1.504e-07,4.597e-10,440996246.0,2.02753,0x05...7066,https://bscscan.com/tx/0xe67ffb0d8a751cc971fde1add5b3eee5395f49c45f527b1579eaca4f3593148d
2023-03-27 09:36:45,False,1.506e-07,4.6e-10,10410546.0,0.0478,0xcd...144b,https://bscscan.com/tx/0xd27b6e3c1b4cf68488c0c77f0a3409388232a9037e91efc4d0946b3b0fa4786b
2023-03-27 09:35:36,False,1.512e-07,4.618e-10,3333546460.0,15.3949,0xe2...5277,https://bscscan.com/tx/0x9f9abdd8c3f1a15ebaaeb41c63ee1d2f0942adbd142203854b9b87d01ccb60f6
2023-03-27 09:35:27,True,1.526e-07,4.659e-10,6000000.0,0.0279,0xb6...b0ff,https://bscscan.com/tx/0x5ae82aa3dcbeb7dbd6d66296e8fd6a1322d401baca1974dbc9e44fa6cfdc5b3f
2023-03-27 09:33:30,False,1.512e-07,4.638e-10,375608128.0,1.74217,0x05...7066,https://bscscan.com/tx/0xe6e9678999af20087d9326f31fbf1b29dca9d09ee36029d47d7d7f615a4b2089
2023-03-27 09:32:15,False,1.522e-07,4.643e-10,631373453.0,2.93196,0x05...7066,https://bscscan.com/tx/0x0aa159ff1c253ee7a4316db9c9902e0d653a8a6b0cc6ed88df5663e266190d5c
2023-03-27 09:30:33,False,1.523e-07,4.649e-10,447787984.0,2.08207,0x05...7066,https://bscscan.com/tx/0xd528120e66dff296f82420b7fe3cc71a44e7b5bd8acfe2bbf1096fd6203f0649
2023-03-27 09:29:15,False,1.517e-07,4.655e-10,621260049.0,2.89231,0x05...7066,https://bscscan.com/tx/0x73d4b71c1e4a71acba6702284313f510ee0112f714160c89960bec35ec93e28c
2023-03-27 09:28:09,False,1.526e-07,4.66e-10,297011976.0,1.38425,0x05...7066,https://bscscan.com/tx/0x3ce1814aa2035308034c0037c91684a7bb0d6577ea75b08f4cf3d701d916fafd
2023-03-27 09:27:12,False,1.52e-07,4.664e-10,378473992.0,1.76532,0x05...7066,https://bscscan.com/tx/0xe7e3f7a7968fc4612d11154a8b1a12ae385fde68843ab0360b4b15e51968a7dd
2023-03-27 09:27:09,False,1.521e-07,4.668e-10,337902530.0,1.57742,0x05...7066,https://bscscan.com/tx/0x117b448979b4bb67d9d356c2070135f325d411ecbf045c17b2ccdde1b39ef546
2023-03-27 09:25:09,False,1.53e-07,4.672e-10,476989533.0,2.22886,0x05...7066,https://bscscan.com/tx/0xe7d57ede350871787f7b203b287194d38567c111ebd73dd379250174be8bfc15
2023-03-27 09:23:30,False,1.531e-07,4.677e-10,372634150.0,1.74298,0x05...7066,https://bscscan.com/tx/0xe3cb6098c03d5ee2319a38ccaa064a61b357251d2630a7a9ee826b6edd170afe
2023-03-27 09:09:27,False,1.532e-07,4.679e-10,66554735.0,0.3114,0xa0...58d8,https://bscscan.com/tx/0xca9b64aa1784fba3a10b979b6529252f5fc1759e6a5acb67caf3d1a9c2aa3384
2023-03-27 08:53:00,True,1.543e-07,4.703e-10,15540637.0,0.0731,0xb1...6a4c,https://bscscan.com/tx/0xec2617e57422372561af71e1453346466bdbaa8b5834fd7320a2305a09029394
2023-03-27 08:39:15,False,1.529e-07,4.685e-10,923935047.0,4.32883,0x13...5937,https://bscscan.com/tx/0xcd3ddfaef59b398c1fa12ea87f7bbb7f489bcad55cf96633e461a774b2b4dd3a
2023-03-27 08:31:51,False,1.539e-07,4.69e-10,10427203.0,0.0489,0x04...1e93,https://bscscan.com/tx/0xf4d26ae33a64a3341fdfec499a918e894746ce3e8028b05e996c86eabebfbc29
2023-03-27 08:30:06,True,1.541e-07,4.696e-10,3152594165.0,14.8058,0x4b...4036,https://bscscan.com/tx/0xdc0b9674f55e58aba461228adb61b5f9fbb4d9a80bda2634fede63abd6af462c
2023-03-27 08:25:03,True,1.527e-07,4.676e-10,401994976.0,1.88,0x2a...576a,https://bscscan.com/tx/0xad42bdb98bfef915d91909effbd91e729f20ae0db6fa16509ce8ea69ea63da57
2023-03-27 08:21:54,True,1.532e-07,4.67e-10,644416445.0,3.01,0x2a...576a,https://bscscan.com/tx/0x5d002fe24b76b5118d76f3bab67bab0c776e075a7524f15ae4e8b82c439dad15
2023-03-27 08:18:42,False,1.524e-07,4.646e-10,504407832.0,2.34388,0x2a...576a,https://bscscan.com/tx/0x010ebed8b30eeb61592726a7f5e2f224f0ea0cd6c53c76c5522005be6a26bd32
2023-03-27 08:17:12,True,1.524e-07,4.668e-10,846146981.0,3.95,0xec...0165,https://bscscan.com/tx/0xd0b50ead457c75491cfab62f7f9667b8b43d199de3e91b79806fc0a4cfda0efe
2023-03-27 08:14:03,True,1.528e-07,4.658e-10,998268953.0,4.65,0x08...af7e,https://bscscan.com/tx/0x715c82ba81e7ac1be8601837c45fb369aba8346a6f7345126b115ccf854a6c6a
2023-03-27 08:13:21,True,1.519e-07,4.652e-10,32296951.0,0.1502,0xa6...5f19,https://bscscan.com/tx/0x1bae1404b11ecddfa387bf03b4341ec93918f032b6e661c6dbe22923b7e11303
2023-03-27 08:12:24,True,1.518e-07,4.65e-10,387087979.0,1.8,0x2a...576a,https://bscscan.com/tx/0xe2f629322d9d4b7386ae8387a2909fcdf060a2f5bdc71bd8c6e2a9025dcfa0ce
2023-03-27 08:10:57,True,1.516e-07,4.645e-10,432666184.0,2.01,0x08...af7e,https://bscscan.com/tx/0x4c1395182f9c95bd960bc5d8739108e4378b996d5ddac34dbb14c668abe74b65
2023-03-27 08:09:27,True,1.515e-07,4.643e-10,12662419.0,0.0587,0x9c...68ff,https://bscscan.com/tx/0x67a3125f8cd24193b21f40d0544c5567274a4f5f5dda7749725c477b0e9d0e08
2023-03-27 08:09:12,False,1.508e-07,4.621e-10,252454836.0,1.16667,0x2a...576a,https://bscscan.com/tx/0xbba90aa3e8dfed77e6bab042d99ed541b2fd370ec0f029926414fe5e6ec56bb0
2023-03-27 08:07:54,False,1.51e-07,4.625e-10,605234441.0,2.79979,0x08...af7e,https://bscscan.com/tx/0xd3215fd1602608f4ee6bbee8b069d30bdee8767a364152d6c45d561864735ff7
2023-03-27 08:07:48,False,1.52e-07,4.631e-10,416021616.0,1.92681,0xec...0165,https://bscscan.com/tx/0x5a2f4e1597bc07672cf3dcc8d3826314401d62720affcf84f1522de166481253
2023-03-27 08:05:00,True,1.522e-07,4.654e-10,401732962.0,1.87,0xde...fa58,https://bscscan.com/tx/0xc2434214a7a806106e5f7acd1471cb2fe84f1fb8a8b62d55de873566b4c3050d
2023-03-27 08:02:00,True,1.528e-07,4.65e-10,328973986.0,1.53,0xde...fa58,https://bscscan.com/tx/0x32e7e59b791978c6537a037ec0586a9795243ea645c42f9a8f36c689641fac1d
2023-03-27 08:01:42,False,1.512e-07,4.627e-10,322737842.0,1.49349,0x08...af7e,https://bscscan.com/tx/0x030098338cd6e821c70e1f5fb11bb70076552a9d476e170e6a63183ad428b291
2023-03-27 08:01:30,False,1.514e-07,4.631e-10,373980584.0,1.73204,0xec...0165,https://bscscan.com/tx/0x611310e59e707c34271388456319215c1e8d26fe1541e24dd15566dc85aad0e3
2023-03-27 07:59:41,False,1.516e-07,4.638e-10,982670129.0,4.55838,0x2a...576a,https://bscscan.com/tx/0x3cd54a4fd7e49f67338314a4a1b317438bca106812416f359399eef92970aa30
2023-03-27 07:56:29,True,1.531e-07,4.661e-10,1076905846.0,5.02,0x2a...576a,https://bscscan.com/tx/0x351fb893314261c45dd2b2e27f3509ee67f5de9c7708b257efc5acd756e3fc34
2023-03-27 07:55:53,False,1.515e-07,4.635e-10,635931804.0,2.94806,0xde...fa58,https://bscscan.com/tx/0xc5cd13fbed6e783a864876adff77141cd479482fd176544be58fd2948ec11e32
2023-03-27 07:55:32,True,1.531e-07,4.66e-10,379789875.0,1.77,0x08...af7e,https://bscscan.com/tx/0x2d77a0d2f86182fbc34393a7bf941efd53d0305dcb8b7c9d896c640bb03e2332
2023-03-27 07:55:14,False,1.516e-07,4.637e-10,410598120.0,1.90409,0xec...0165,https://bscscan.com/tx/0x4da7c136ea0f1890835d6661ce8a501bac6219c5b22418c893e358459940fc72
2023-03-27 07:52:26,True,1.531e-07,4.659e-10,551519444.0,2.57,0x08...af7e,https://bscscan.com/tx/0xb9378864141fd10adff47c4769e701d32321a8f598da90577add4721f379fa0c
2023-03-27 07:50:38,False,1.524e-07,4.638e-10,869894065.0,4.03485,0x1b...7f6d,https://bscscan.com/tx/0x053076fd751ebae35564c87efa666a1a53ac6b7fa01f4434d1bc18158989cd45
2023-03-27 07:46:59,False,1.527e-07,4.647e-10,826613239.0,3.84177,0x2a...576a,https://bscscan.com/tx/0x485bb185c026e4b782607c353ff782bd26625285b72eed55dc9e0cb43459458f
