datetime,buy_order,price_USD,price_native,amount_token,total_native,maker,etherscan_url
2023-03-26 08:25:22,True,1.519e-07,4.71e-10,547730821.0,2.58,0xec...0165,https://bscscan.com/tx/0x08a790ded660f1b96fdd5cdf28c04567275841bd192387e942fe41ff1ddf976c
2023-03-26 08:24:37,False,1.52e-07,4.689e-10,1011261367.0,4.74221,0x1b...7f6d,https://bscscan.com/tx/0x8ba86c17c8d3a504081cebf27b86153e5e5cdd53339f1b0e079dca80b247ec40
2023-03-26 08:23:34,False,1.523e-07,4.697e-10,412313908.0,1.93677,0x08...af7e,https://bscscan.com/tx/0xa8542a2c53f218a4021bbb1a5efea2382ed12d483a09cdf4f55ada52efbb6112
2023-03-26 08:22:34,True,1.523e-07,4.72e-10,417297385.0,1.97,0x2a...576a,https://bscscan.com/tx/0x7d83de0beac9a2386f4bb983c5cbf43b13b3cc5e62360bbc506e70dc283c4aea
2023-03-26 08:22:13,True,1.52e-07,4.712e-10,1073742307.0,5.06,0xec...0165,https://bscscan.com/tx/0x15f64e9c7de273bd407901d85e111f8d7d566cd2253804379c538f2b771399d8
2023-03-26 08:21:58,False,1.519e-07,4.686e-10,596699656.0,2.79631,0xde...fa58,https://bscscan.com/tx/0xa4fa7c1b9f3e8cee8a92bdd5517a598694925707177cd01c92641860596f244e
2023-03-26 08:20:37,False,1.512e-07,4.687e-10,142200.0,6.665e-05,0x53...45f5,https://bscscan.com/tx/0x8101d0b19953e5c1b8c638dd2ca13f461533d026eedb8988c496658fa957df78
2023-03-26 08:19:25,True,1.519e-07,4.707e-10,1002647998.0,4.72,0x2a...576a,https://bscscan.com/tx/0xed3e26db33ae47be46bb4264ae366776fb4edc0032da451601a455723dfada53
2023-03-26 08:19:04,False,1.517e-07,4.68e-10,327554180.0,1.53304,0xec...0165,https://bscscan.com/tx/0x471dc4e41780e29bac9b4cef97ed3b6dca8539846d7ad031c9d4c8a9d9fe7cfd
2023-03-26 08:18:31,True,1.523e-07,4.697e-10,1375080269.0,6.46,0x1b...7f6d,https://bscscan.com/tx/0x7ce3479edb659dc2b6a9dbc20ef91792f8c8ed7a246c3b3d9e99f615cdd2506b
2023-03-26 08:15:55,False,1.514e-07,4.67e-10,660382016.0,3.08431,0xec...0165,https://bscscan.com/tx/0xb2dafbf48061dfa415c2ac24caa84320f0e07c8e8940d415c1dcc1ae7cd2dc26
2023-03-26 08:15:28,False,1.517e-07,4.678e-10,722989207.0,3.38225,0x1b...7f6d,https://bscscan.com/tx/0xabb30841bc8b9dd51dbcc5bc19655a41bbf48a337eea1d5e834d1d71b3704fd5
2023-03-26 08:13:01,False,1.519e-07,4.684e-10,426008928.0,1.99564,0x2a...576a,https://bscscan.com/tx/0x05ef5e6e554eec69045696f6fb91cf904225c1059bde7e62485e1c4ca67d5abe
2023-03-26 08:12:28,False,1.521e-07,4.69e-10,684625033.0,3.21134,0x1b...7f6d,https://bscscan.com/tx/0xfb66b3c95861eff66ce259bad503fa0a2105b98ea69331ce144a14b81ad7d9be
2023-03-26 08:09:52,False,1.524e-07,4.697e-10,579310553.0,2.72144,0x2a...576a,https://bscscan.com/tx/0xc68ba04bbf34114093a6380ef8fef71f549da7abe5127ac3f0c927268f9940fc
2023-03-26 08:09:28,True,1.531e-07,4.721e-10,599428155.0,2.83,0x1b...7f6d,https://bscscan.com/tx/0xab6c5cc8fdd19af70207d56e5244715387a3d8037d81bfa937bf0e6839d75b2d
2023-03-26 08:08:07,True,1.529e-07,4.715e-10,477187569.0,2.25,0x08...af7e,https://bscscan.com/tx/0x44dc948fecff6ae8a588b0e0eb147512fae526f8219e17b0cccad9fcebcea5bb
2023-03-26 08:06:46,True,1.528e-07,4.709e-10,456485419.0,2.15,0xde...fa58,https://bscscan.com/tx/0x2efd8a3c356a8ab967ee1356270b0d79d0cc5145a1f827c6d0abb99dbeef6ae0
2023-03-26 08:05:01,False,1.512e-07,4.686e-10,534705178.0,2.50606,0x08...af7e,https://bscscan.com/tx/0x39c62fdca75d08c4dd70feabe70a2f7f5da75f7e4fc673ab0cce4c63e86e3731
2023-03-26 08:03:43,False,1.522e-07,4.692e-10,418197904.0,1.96223,0xde...fa58,https://bscscan.com/tx/0x09a0e3a8d8a903f39c0a8bd369a3b486d5f151c94fa99d78528f2a8bbf7b562b
2023-03-26 08:03:31,True,1.529e-07,4.714e-10,668187654.0,3.15,0x2a...576a,https://bscscan.com/tx/0x3e42bf9b813838f5ff035e8154da52b7172378abf685ae65ca5d5b8532e4fb08
2023-03-26 08:03:19,True,1.527e-07,4.707e-10,582081165.0,2.74,0xec...0165,https://bscscan.com/tx/0x1792a708f0512e19eae127fdaec20020e8c4b674166b13125a8f0b6573b2ac80
2023-03-26 08:03:19,False,1.52e-07,4.686e-10,1018832939.0,4.77442,0x1b...7f6d,https://bscscan.com/tx/0xffb779d99aef175e1b7e8e45a6b3436bed4656fa76ef9981c78713cb9a9ac66d
2023-03-26 08:01:55,True,1.528e-07,4.712e-10,568738780.0,2.68,0x08...af7e,https://bscscan.com/tx/0x08c4ac00da542b428362507de8c3c6490da51f9d7e6d691121edb1c3c3a87057
2023-03-26 08:00:40,False,1.513e-07,4.687e-10,389617862.0,1.82639,0xde...fa58,https://bscscan.com/tx/0x2cb1fdf2d32422136ea8c93134db241fa9dbb34e8f4dfd2631bb601c26b748d5
2023-03-26 08:00:22,False,1.516e-07,4.696e-10,1111903225.0,5.22151,0x2a...576a,https://bscscan.com/tx/0xa02d027687b25262e051fd81a1f9540530cd658e96ce8c6d1ebe7a350f70c6a5
2023-03-26 08:00:13,False,1.526e-07,4.703e-10,252212665.0,1.18631,0xec...0165,https://bscscan.com/tx/0xd42a16ae00605c81aebaf965e73590c759e5284f747f21c4f4b529e48a0c532f
2023-03-26 07:59:01,False,1.526e-07,4.705e-10,23358487.0,0.1099,0xf8...2d5b,https://bscscan.com/tx/0xe0ec71f8fde60e4085708055ac34ad8820ff6a5a1dbe8c09d487d675d2b31068
2023-03-26 07:57:37,True,1.526e-07,4.727e-10,332132814.0,1.57,0xde...fa58,https://bscscan.com/tx/0x6db237a9877c362e6f4b04e330b086aedbabc2cc9f1d52cb1d8c3d40e16c8d9e
2023-03-26 07:57:10,True,1.531e-07,4.72e-10,889801331.0,4.2,0x2a...576a,https://bscscan.com/tx/0x98fa2e857eb61c7a862adc8d555c471e22440975c6b02bcf2fbc23d50f289bf3
2023-03-26 07:57:04,False,1.523e-07,4.695e-10,684486821.0,3.21397,0xec...0165,https://bscscan.com/tx/0x8b613e4b3d8cc92066db384da0c47ad4ee8412743d8d1e270f253eb08f3a2226
2023-03-26 07:54:37,True,1.523e-07,4.719e-10,601765196.0,2.84,0xde...fa58,https://bscscan.com/tx/0x318d750d72b1eb180f95eee990ad8f2079d1eb1361e9c1234717e63de8b487cc
2023-03-26 07:53:52,True,1.52e-07,4.708e-10,1312458366.0,6.18,0xec...0165,https://bscscan.com/tx/0xe5d1a99de19fb5668d06721cac451b3cbb30e49d0416a53a91a9167d4288b638
2023-03-26 07:51:34,False,1.519e-07,4.681e-10,692188343.0,3.24066,0xde...fa58,https://bscscan.com/tx/0xd45c1db6c7693fd1037465a6c7f1f59f48e3594e10257b7a700170b94f082d05
2023-03-26 07:50:52,False,1.52e-07,4.689e-10,688686682.0,3.22954,0x2a...576a,https://bscscan.com/tx/0xb93e148c1ce873754b7becb2285cf72987434ac524962305da58b7c32d9cf4d0
2023-03-26 07:49:34,False,1.515e-07,4.698e-10,946097807.0,4.44527,0x08...af7e,https://bscscan.com/tx/0x917ea042647e17aa35758377469ab28a94b7467bef0d53d641c95a68394c78a5
2023-03-26 07:48:31,False,1.526e-07,4.707e-10,703525139.0,3.31201,0xde...fa58,https://bscscan.com/tx/0x5df097bd899fd0ad6876fc182a8a7c7aef1aa4a9fa3cdd96efca80ee02ed042c
2023-03-26 07:47:43,True,1.534e-07,4.732e-10,521937330.0,2.47,0x2a...576a,https://bscscan.com/tx/0x8377f90d435c8387b18cc8a8515327ca0b2eff3d675d6d1ef4d6c0a125ed217d
2023-03-26 07:46:28,False,1.526e-07,4.708e-10,554540321.0,2.61129,0x08...af7e,https://bscscan.com/tx/0xaf03acd75023a81c5f2d0ac9a8249d9e5c50cda24c4e3860a0dc1276533c7384
2023-03-26 07:45:04,True,1.533e-07,4.73e-10,847621685.0,4.01,0x1b...7f6d,https://bscscan.com/tx/0x2a07ae1ed1bd9b6896f4cf0000372ed15564a071808660440f405db1980bb4a0
2023-03-26 07:44:28,False,1.526e-07,4.708e-10,1100965887.0,5.18409,0xec...0165,https://bscscan.com/tx/0xe084a0b38fe89586ab81eda16000dcea00519fb11b1473773ac1e55757ab4c62
2023-03-26 07:42:25,True,1.535e-07,4.734e-10,637818052.0,3.02,0xde...fa58,https://bscscan.com/tx/0x5d51d37dc7e4ab19138b73e7c26d44605f9a0a8a35b69ec116cade27a94cfab1
2023-03-26 07:42:01,False,1.519e-07,4.71e-10,563121782.0,2.65277,0x1b...7f6d,https://bscscan.com/tx/0xbf1cdff190c3f6d945acf0cd4ac475bf008c98b031afdecbd79f53f9bfaed494
2023-03-26 07:41:22,True,1.535e-07,4.735e-10,401235822.0,1.9,0xec...0165,https://bscscan.com/tx/0x54d56e0841ce8f31ecae531bdfcbb5df9964f9d30ffde12f8898ddf1dba0a5ff
2023-03-26 07:41:22,False,1.528e-07,4.714e-10,952049528.0,4.48874,0x2a...576a,https://bscscan.com/tx/0x5bf177117e53e12a5fa3a9e7f93e67b3507895b5e8ccbfe6fffc119dfd484b86
2023-03-26 07:40:43,False,1.53e-07,4.721e-10,226387022.0,1.06887,0x5c...88eb,https://bscscan.com/tx/0x8c589ac89e202839ddefce5292071b561049316fb23845c6844d944cfa4c8e0d
2023-03-26 07:39:22,True,1.537e-07,4.742e-10,638866905.0,3.03,0xde...fa58,https://bscscan.com/tx/0xdf686de59f8896921ed7a897cd445e8b4f99683d7cceeb8699de66b51a86265b
2023-03-26 07:38:58,True,1.527e-07,4.734e-10,741291836.0,3.51,0x1b...7f6d,https://bscscan.com/tx/0xa8867bee65c759b2830cc293b1c237a587b57bff9026ef140cee0980a5614463
2023-03-26 07:38:13,False,1.527e-07,4.712e-10,1037370345.0,4.88912,0xec...0165,https://bscscan.com/tx/0xeccc3126425c370306bd679401792be640f01fb3d4ce9027e982a0773a700fd0
2023-03-26 07:38:10,True,1.536e-07,4.739e-10,571820729.0,2.71,0x2a...576a,https://bscscan.com/tx/0xd5fc951f2818c76ddcd4a31b31583f7907cd3233d1a123dc975fc3d2df84d063
2023-03-26 07:36:19,False,1.521e-07,4.716e-10,732434247.0,3.45451,0xde...fa58,https://bscscan.com/tx/0xf483392bd5710c95da4bda188447735cc3556631939a11b6a4f63fa723347f51
2023-03-26 07:35:55,False,1.531e-07,4.722e-10,302415612.0,1.42809,0x1b...7f6d,https://bscscan.com/tx/0xbb139a91860f1720cc268db85b773fb289c2d147276b9b0ad959fa18a98c69a0
2023-03-26 07:31:49,True,1.531e-07,4.744e-10,476291438.0,2.26,0x2a...576a,https://bscscan.com/tx/0xaa950b41c49f0af59c4d9905cda561ecd4e8c8a9213338b35d2539d2895a0b05
2023-03-26 07:31:01,True,1.537e-07,4.739e-10,419837616.0,1.99,0x08...af7e,https://bscscan.com/tx/0x1aaa98bebc4277ca2dcd11fd0ddc766bbb0f264b4c186b7b2adafb8035c6fbd5
2023-03-26 07:28:46,True,1.526e-07,4.729e-10,1344616835.0,6.36,0xec...0165,https://bscscan.com/tx/0x72f61f302ec92eff523ee3d2b853629cef32191dcc137b3c4a97007465adf324
2023-03-26 07:28:40,False,1.518e-07,4.705e-10,1105449063.0,5.20115,0x2a...576a,https://bscscan.com/tx/0x11d1395d53b739050f4b41330a96833e481049bb124a53f295972e9a8aaca6f3
2023-03-26 07:27:55,False,1.52e-07,4.712e-10,287507461.0,1.35496,0x08...af7e,https://bscscan.com/tx/0x4b1f00afd4df3701ccc314ba730ecf2f857cbd9c9322d3fff2078743be0c605f
2023-03-26 07:26:46,False,1.529e-07,4.717e-10,530149564.0,2.50092,0x1b...7f6d,https://bscscan.com/tx/0xba5387b03a51d9385c562d12e56ea674a4bf7f5d223e1eab3409a975053a758f
2023-03-26 07:25:37,False,1.523e-07,4.722e-10,406461959.0,1.91957,0xec...0165,https://bscscan.com/tx/0x54dc41c60e4aea6a8ce21019ad7c50d286925d0be909474a21b3e209bdb138a0
2023-03-26 07:25:28,True,1.537e-07,4.742e-10,1132381195.0,5.37,0x2a...576a,https://bscscan.com/tx/0x2c4682d9120b792a37aeadcd29589e13cda1437aeeb66fe2c6147bc94570e7be
2023-03-26 07:23:46,True,1.525e-07,4.73e-10,993610511.0,4.7,0x1b...7f6d,https://bscscan.com/tx/0xa802bbbe0a9ea0516c5f26482eccd779c38a0c82b79db3e55c317aba6de6ff5d
2023-03-26 07:22:28,False,1.517e-07,4.704e-10,658346428.0,3.09734,0xec...0165,https://bscscan.com/tx/0x3ef983a0b40fb6a636cde976c47315f696f19e8c1c245560f2fa7a75873eeb37
2023-03-26 07:21:46,True,1.532e-07,4.726e-10,896979550.0,4.24,0x08...af7e,https://bscscan.com/tx/0x8eacefbf1e960373100963b6698c28a4be70975ccd8b42965f0f81a80e0f279a
2023-03-26 07:21:07,False,1.516e-07,4.702e-10,730534475.0,3.43529,0xde...fa58,https://bscscan.com/tx/0xbee6b5cdc41faa823ed60e2b9c3fa24657a06ab584601dd455478a90ec6a1650
2023-03-26 07:20:43,False,1.519e-07,4.71e-10,690690776.0,3.25342,0x1b...7f6d,https://bscscan.com/tx/0x7cdbe2ceabf174e6a19a381ca7ad9b7a5b3382287a53cdb84c36488972c0670d
2023-03-26 07:19:22,True,1.533e-07,4.731e-10,1067229228.0,5.05,0xec...0165,https://bscscan.com/tx/0x8996ef1fc10b9a72379c27734872c24d599ec0ef9efe54989536d7f7ff46c194
2023-03-26 07:19:07,True,1.523e-07,4.721e-10,690386526.0,3.26,0x2a...576a,https://bscscan.com/tx/0x8da6b9e668b803ec2eb5c7f1a9744b0467bfc01ae288faf11ad7bd29e086d6f2
2023-03-26 07:18:40,False,1.523e-07,4.7e-10,1150062814.0,5.40642,0x08...af7e,https://bscscan.com/tx/0xbbae92813b5a890e485c5f486f4d9f1c547828acf79191b8d99569c962c3140d
2023-03-26 07:16:13,False,1.519e-07,4.711e-10,779826666.0,3.67436,0xec...0165,https://bscscan.com/tx/0xdcf842ce7b1c7751fd2dba2025dcc08b64c30961cb832cd4303504eb78485030
2023-03-26 07:15:37,True,1.527e-07,4.734e-10,1016042071.0,4.81,0x08...af7e,https://bscscan.com/tx/0xb569efb32c387bd73a194259ed1c9e19e9a71cfbf98659894cf22955596cefeb
2023-03-26 07:15:01,True,1.523e-07,4.721e-10,1283595227.0,6.06,0xde...fa58,https://bscscan.com/tx/0x214dc7105d9fde1e5bd49c305c569e42ab8ee5772f4b2e21d9c3bb1a4a3018d2
2023-03-26 07:14:37,True,1.526e-07,4.706e-10,1310931227.0,6.17,0x1b...7f6d,https://bscscan.com/tx/0x56342cfad144f654bc6d2e2ef5d1c4dd2ca0397cb7f341559288aef4564684e0
2023-03-26 07:13:04,False,1.508e-07,4.677e-10,281115856.0,1.31488,0xec...0165,https://bscscan.com/tx/0xb623e35dc3bdb6a2ff1746e036a36d56b035a81f65977b54e31e28f300061b87
2023-03-26 07:12:46,False,1.517e-07,4.681e-10,475334210.0,2.2253,0x2a...576a,https://bscscan.com/tx/0x1539a3440cba539da7a176ff7beddd55ccfbb5338f490bf0be59820a99f6228a
2023-03-26 07:09:55,True,1.515e-07,4.702e-10,888847101.0,4.18,0xec...0165,https://bscscan.com/tx/0x5ddd5a87c17014b9d6308c58f402269bf42e146c524d1e37251eb5d27d60d56a
2023-03-26 07:09:37,False,1.515e-07,4.68e-10,1132850968.0,5.30241,0x2a...576a,https://bscscan.com/tx/0x45c4bf2de03f620de3383d9003c230c5202097f7648480f530d7dd8fc07b4056
2023-03-26 07:09:22,False,1.517e-07,4.688e-10,345430320.0,1.61965,0x08...af7e,https://bscscan.com/tx/0x7ac85d52629216c88f7e6a36162f5050ad9d5f188c8b383ca84943667d87f01d
2023-03-26 07:08:55,False,1.511e-07,4.694e-10,591418979.0,2.77612,0xde...fa58,https://bscscan.com/tx/0xb0d261fa6172a87bfbd5efdf9eddc77df3004097ed7f77dfc358f415438d3081
2023-03-26 07:08:34,False,1.513e-07,4.699e-10,386059988.0,1.81427,0x1b...7f6d,https://bscscan.com/tx/0xf40dd8820a166385eba4fde35d2ba1207fba1e86fce82270b194803a7cbef03e
2023-03-26 07:05:55,True,1.52e-07,4.72e-10,749844596.0,3.54,0xde...fa58,https://bscscan.com/tx/0xf85e37001ac06a2f82ce19725773d3366b8f3715db6b9de99c20a1cc61b63b6c
2023-03-26 07:03:13,False,1.522e-07,4.697e-10,695232232.0,3.26557,0x08...af7e,https://bscscan.com/tx/0xb9baf64385b882c59b79fb27f9cc0fa946124a3ddfd37bd271848e3762efa52c
2023-03-26 07:02:52,False,1.525e-07,4.707e-10,1230751562.0,5.7942,0xde...fa58,https://bscscan.com/tx/0x231e71a77578d6adea0415f2005743028fbc543fc2704d26141eaa804cb61b36
2023-03-26 07:02:28,False,1.528e-07,4.716e-10,393703544.0,1.85708,0x1b...7f6d,https://bscscan.com/tx/0xe4dc0c04a71c9808876728f10bcdec1fd2838ea65861dab6d628842fcc4d0dd9
2023-03-26 07:00:31,False,1.523e-07,4.724e-10,904247463.0,4.27188,0xec...0165,https://bscscan.com/tx/0x150e943d082b519b4756557d6860d6bf2bb1d5bbae8267f35e1fdd73d4e9c427
2023-03-26 07:00:10,True,1.538e-07,4.749e-10,688545089.0,3.27,0x08...af7e,https://bscscan.com/tx/0x37326b0723ef14dac50719aa560b2fe78cfcc3c5aa19806ddde0f26df207a363
2023-03-26 07:00:07,True,1.536e-07,4.74e-10,898703273.0,4.26,0x2a...576a,https://bscscan.com/tx/0x1fe755350865e0e3a0bcc745281be55434920e328e9424a22a964588e04fbfd7
2023-03-26 06:59:49,True,1.533e-07,4.732e-10,498702567.0,2.36,0xde...fa58,https://bscscan.com/tx/0x6b2aa2e30afb6c709d5cec3c1e1c1f002d116b5ea65f58339694e8ca41f2d7ba
2023-03-26 06:59:25,False,1.525e-07,4.707e-10,261987948.0,1.23326,0x1b...7f6d,https://bscscan.com/tx/0xc139d575ccdfd12db9b13b26a1fc5b2db37f1b3ce7bcded4eb925dca6fbd58c1
2023-03-26 06:57:04,True,1.531e-07,4.726e-10,1011272513.0,4.78,0x08...af7e,https://bscscan.com/tx/0x1440b93625819ff4849f3678cadc091745861a28c290431188b1d5de47d69744
2023-03-26 06:56:58,False,1.516e-07,4.703e-10,1107189297.0,5.20783,0x2a...576a,https://bscscan.com/tx/0x3518f389092185326046de8d78bae677295c5a243d59f90f3aa68d10aac9c52a
2023-03-26 06:56:22,True,1.524e-07,4.73e-10,608875192.0,2.88,0x1b...7f6d,https://bscscan.com/tx/0x446c66972ed4d89d97ef1553d1d8915cb398563e9e4501de965efe208d580b9b
2023-03-26 06:53:49,True,1.529e-07,4.722e-10,792011617.0,3.74,0x2a...576a,https://bscscan.com/tx/0x8469d290264478db5ef409c17e7c38e27d3242db625b31aed2172893da0cf802
2023-03-26 06:53:43,True,1.527e-07,4.713e-10,774393544.0,3.65,0xde...fa58,https://bscscan.com/tx/0x37b763e84f192c7b5a7d0faf6d0fe1baf94e6fdf35d6183d6b69fdd34db5b97e
2023-03-26 06:50:52,False,1.519e-07,4.689e-10,753796312.0,3.53509,0x08...af7e,https://bscscan.com/tx/0xd0169810f799e3c0def9813788410e8545731bf27b668a28b1190d47dcd8f8a1
2023-03-26 06:50:34,False,1.521e-07,4.697e-10,557126112.0,2.61683,0x2a...576a,https://bscscan.com/tx/0x0bb728b42b1376b296e2b7cc46b4a89dde3f0a90b19711421c01b8ec9d7bcf5a
2023-03-26 06:50:16,False,1.523e-07,4.704e-10,855178991.0,4.02353,0x1b...7f6d,https://bscscan.com/tx/0x4f9220bccd1b92c497915f74f5f8768febba2135e26092bb37a04e9fd0afff68
2023-03-26 06:47:46,True,1.53e-07,4.728e-10,888269482.0,4.2,0x08...af7e,https://bscscan.com/tx/0x4da202fb52bafc8aaf62846da8d16baa48814fdfd2a6a9b17faef9ee7cf24025
2023-03-26 06:47:37,False,1.522e-07,4.701e-10,368322519.0,1.73177,0xde...fa58,https://bscscan.com/tx/0xb416e67ab902a68f9abcef6c75c1b26b3b1b6524691896ef0137b884ca51c21c
2023-03-26 06:47:13,True,1.521e-07,4.722e-10,859696416.0,4.06,0x1b...7f6d,https://bscscan.com/tx/0x2558c235d9aa61fa9d8997a63533fa679b1cef129fa65fb990d6c5e00e272124
2023-03-26 06:44:10,False,1.512e-07,4.696e-10,414057104.0,1.94463,0x1b...7f6d,https://bscscan.com/tx/0x1590262016717271ccee8a53fb60dd960536af778831b26cbafc1b052ef5e5b7
2023-03-26 06:41:39,True,1.52e-07,4.72e-10,394051309.0,1.86,0xec...0165,https://bscscan.com/tx/0x10ca92ac6ebc8f3aff29e6f21adcf773cc7b73c3d2d5e1c14b37ad7320a89970
2023-03-26 06:41:08,True,1.525e-07,4.711e-10,1216259359.0,5.73,0x2a...576a,https://bscscan.com/tx/0x9fed0413fb5081dc08b1a96c29a0d1354d5b2124018fb78d116b2d857e44b3cf
2023-03-26 06:38:40,False,1.516e-07,4.686e-10,1047845847.0,4.91094,0xde...fa58,https://bscscan.com/tx/0x2c292560654f52a64c3a37c80e8fa25f0b276c314ee3df03bebf7481fe7c9fc4
2023-03-26 06:38:31,False,1.52e-07,4.699e-10,1197807671.0,5.62874,0x08...af7e,https://bscscan.com/tx/0x34a09eae71a29007759718e51e274c686dc5a20e36f8ce50bc062503625960d6
2023-03-26 06:38:31,True,1.529e-07,4.727e-10,433673978.0,2.05,0xec...0165,https://bscscan.com/tx/0x240d132c52f7f96df5a7966c2bb17451110b8453aa6e57be08855f28429eb2a3
2023-03-26 06:38:07,True,1.52e-07,4.722e-10,429884538.0,2.03,0x1b...7f6d,https://bscscan.com/tx/0x782c761e705ad9daece1ec651dc71c3e4e8a3c1faf6d7272329c6dfa75951bd0
2023-03-26 06:35:28,True,1.526e-07,4.716e-10,523655067.0,2.47,0xde...fa58,https://bscscan.com/tx/0xc614556404b2e97c265f35c7ec031364793bb333253599d7ed886bf806b7f4f1
2023-03-26 06:35:22,True,1.524e-07,4.71e-10,658142823.0,3.1,0xec...0165,https://bscscan.com/tx/0xa1315341d6d565e6fa2e518c8ef52c653de4cbee39b4ee78a8d5ac6201775e2a
2023-03-26 06:35:04,True,1.522e-07,4.704e-10,354974701.0,1.67,0x1b...7f6d,https://bscscan.com/tx/0x37b58164e53f5a2bd396cf317007bf5000a9dd0da16274b329c71309d7b3d375
2023-03-26 06:32:28,True,1.52e-07,4.7e-10,353145861.0,1.66,0xde...fa58,https://bscscan.com/tx/0xaeddf5789710c9f19b1c76cc3ff1cd5dd500cc20aeda60afb2c834830c84e318
2023-03-26 06:32:19,True,1.518e-07,4.691e-10,1244751161.0,5.84,0x08...af7e,https://bscscan.com/tx/0x008fa8a837e2fbb2852768c4599936e390cc920e422895b39f59119c107c8ba0
2023-03-26 06:32:04,False,1.509e-07,4.664e-10,479654535.0,2.23713,0x1b...7f6d,https://bscscan.com/tx/0x5f5ec6b3796e2ff3dd28288c3f0efc812c9c4b65f937994bb1c78ff43cb6ee70
2023-03-26 06:31:34,True,1.509e-07,4.687e-10,482141250.0,2.26,0x2a...576a,https://bscscan.com/tx/0xdab02225401026cdc4ad8b34fdf6a10bd68c6645fdb9bcb0bee9771131af6bfb
2023-03-26 06:29:04,False,1.501e-07,4.664e-10,546413616.0,2.54868,0xec...0165,https://bscscan.com/tx/0x1f3d86729aa3ed1c1f2b235e6381bf82abbdcbfed97c531ce277c42f305e2757
2023-03-26 06:28:58,False,1.512e-07,4.673e-10,1091298711.0,5.1001,0x1b...7f6d,https://bscscan.com/tx/0x052aed21bed37577e5c53acd7a7ab300cf61782ad1d22f517a1181ab8368780c
2023-03-26 06:28:22,False,1.514e-07,4.681e-10,413512371.0,1.93596,0x2a...576a,https://bscscan.com/tx/0xb3138329badb2203a930160b22db0c4d7dabba906f5871bd417d219b5d900d80
2023-03-26 06:26:19,False,1.51e-07,4.687e-10,607626431.0,2.8482,0xde...fa58,https://bscscan.com/tx/0x0231dd356c8dc143eb607bfa5f6a18d8309c07883c395134d3b38f77cec6ea78
2023-03-26 06:26:10,False,1.513e-07,4.697e-10,1165280211.0,5.47366,0x08...af7e,https://bscscan.com/tx/0x2cf8497ef6761f22cf4fbb1dec99fe88e8d99ccdb9e565eced909883ccc8f787
2023-03-26 06:25:58,True,1.529e-07,4.724e-10,527048752.0,2.49,0xec...0165,https://bscscan.com/tx/0x2fd7dcfe581cd655fc3c68862e256e56328e4f88daa87331b4974003966a085a
2023-03-26 06:23:58,True,1.521e-07,4.721e-10,3388794.0,0.016,0x5c...0026,https://bscscan.com/tx/0xd89f18e2026ca2b07d85c1fe5fe4e71320598c88c7f9b098d2bb6672b1d64313
2023-03-26 06:23:19,True,1.519e-07,4.715e-10,1098562143.0,5.18,0xde...fa58,https://bscscan.com/tx/0x1a7f916684be7c46e89dc5bf838d2d3380625161a4e68045b5c2cff794b3a8d3
2023-03-26 06:22:52,True,1.515e-07,4.702e-10,1154668364.0,5.43,0x1b...7f6d,https://bscscan.com/tx/0xfcf99b1020ea10bee329901bfa3a809f0a99e73adc352a2f4dd9775e78056989
2023-03-26 06:22:49,False,1.507e-07,4.679e-10,1180350646.0,5.52322,0xec...0165,https://bscscan.com/tx/0xbdfd31c21756c502c4ce64d2797fbf222ef65ea8e3a46a45868f8f72443c1d1e
2023-03-26 06:22:04,True,1.524e-07,4.707e-10,369639223.0,1.74,0x2a...576a,https://bscscan.com/tx/0x36fffe08e7c0f90d430904319ce89359acb3797522bf167c83a96a4907f2ac03
2023-03-26 06:19:58,False,1.516e-07,4.683e-10,389571255.0,1.82471,0x08...af7e,https://bscscan.com/tx/0x6129057d7bd712a95d160c8ec983da0906ca9a8a0c2ce871b5cd1f4caf225b44
2023-03-26 06:19:49,False,1.519e-07,4.692e-10,1073580137.0,5.03727,0x1b...7f6d,https://bscscan.com/tx/0x64b120180a7191f52f55ee89d42c7c94e2732e095d18b8c6b2bf1267cd7a9466
2023-03-26 06:16:52,True,1.521e-07,4.721e-10,411488.0,0.0019,0xa6...8436,https://bscscan.com/tx/0xf42bc64b826fdfeca68614bbd0fb8af42b7354ac7430b9eeee08b5fdee286c8d
2023-03-26 06:16:52,True,1.521e-07,4.72e-10,163804332.0,0.7732,0xa6...8436,https://bscscan.com/tx/0xf42bc64b826fdfeca68614bbd0fb8af42b7354ac7430b9eeee08b5fdee286c8d
2023-03-26 06:16:49,True,1.52e-07,4.717e-10,332777423.0,1.57,0x1b...7f6d,https://bscscan.com/tx/0x6dfd96466cb024bd9605a16169cba8fa984d2635037c5d1e863e68d3e0b66a92
2023-03-26 06:16:31,False,1.512e-07,4.694e-10,390403512.0,1.8328,0xec...0165,https://bscscan.com/tx/0x285b410fd7487743eb58595e828052ed243d6141ed27c45c0b3e6c0ef59556a8
2023-03-26 06:15:43,False,1.522e-07,4.701e-10,846267050.0,3.97875,0x2a...576a,https://bscscan.com/tx/0xef3e4fcaafd1d2af634a7bc7bec4dd2ca9c9113e18c669985d11a3e89cdd155a
2023-03-26 06:14:10,False,1.517e-07,4.709e-10,506243833.0,2.38394,0xde...fa58,https://bscscan.com/tx/0xeb63fc9d9ba8f1869204dfb05b6e5a4cada9b35d9217afe60b7153ea407e66cc
2023-03-26 06:13:46,True,1.531e-07,4.729e-10,1103749571.0,5.22,0x1b...7f6d,https://bscscan.com/tx/0x80291daec90b600d8730fe6afb73f3ffd7a48ce738f92cfe9cd04108d3842a95
2023-03-26 06:11:07,True,1.528e-07,4.72e-10,449094977.0,2.12,0xde...fa58,https://bscscan.com/tx/0xdeca76d282c18e0807bf0e168a7309336a764fdfaccd2ef220ab079f2b087b37
2023-03-26 06:10:46,True,1.519e-07,4.716e-10,343499926.0,1.62,0x08...af7e,https://bscscan.com/tx/0xad258351b815c5dfc9b2c874799b80d77d26ba975681933236248f1aa70b0fe8
2023-03-26 06:10:13,True,1.525e-07,4.711e-10,418091231.0,1.97,0xec...0165,https://bscscan.com/tx/0xae51c09330ecfd38f7d67cb5176169149ab86186166d8dbd54233073e9acdbcd
2023-03-26 06:09:22,True,1.523e-07,4.704e-10,892751561.0,4.2,0x2a...576a,https://bscscan.com/tx/0x3c03c3e40cb087cf6e8691d22fb0a94ebbc751fb6297e7e6ef30bff44f006e95
2023-03-26 06:08:12,False,1.516e-07,4.682e-10,1197273758.0,5.60654,0xde...fa58,https://bscscan.com/tx/0x12b5d8c02f5be019ffec919fca574396e076e435123c04bcff7b0eb587be4cf0
2023-03-26 06:07:39,False,1.512e-07,4.693e-10,743910550.0,3.49157,0x1b...7f6d,https://bscscan.com/tx/0xdac338144cd8f474085f94b0da4634d920683de37f1240015c0ed80689002dca
2023-03-26 06:07:36,False,1.514e-07,4.701e-10,680299938.0,3.19841,0x08...af7e,https://bscscan.com/tx/0xc8b15554973f515fe67352f8742b4dbf3776d0b4dccc9315f12f4dd626784428
2023-03-26 06:07:06,True,1.529e-07,4.723e-10,910291986.0,4.3,0xec...0165,https://bscscan.com/tx/0x835f9c8bebab8ed35f8be7968e55ef4cba7e0c71281e4b4b11dd06ca19c75b60
2023-03-26 06:04:36,True,1.526e-07,4.716e-10,455885982.0,2.15,0x1b...7f6d,https://bscscan.com/tx/0x267d80b90c82166295bd9729c844a8b14e43ac78db5d17336f53f3018ed75f71
2023-03-26 06:03:57,False,1.519e-07,4.694e-10,794646614.0,3.73041,0xec...0165,https://bscscan.com/tx/0xa2eda6c3cb1eb0ea2eae308f67b5f03804754a9f082bec64845c6a32d73af00a
2023-03-26 06:01:36,False,1.522e-07,4.701e-10,506292911.0,2.38043,0x1b...7f6d,https://bscscan.com/tx/0x253852d285c57f17a0779902ab17e0cd313d8a03769270262ba03258ea8c93d4
2023-03-26 06:01:24,True,1.529e-07,4.724e-10,719719730.0,3.4,0x08...af7e,https://bscscan.com/tx/0xb8eb7a437b396256f45327c663aa39f32846c7a59b3fd2ef4f6a77cb7a5793ce
2023-03-26 05:59:51,False,1.522e-07,4.702e-10,1044223833.0,4.91024,0x2a...576a,https://bscscan.com/tx/0xaa43deb149127c713befd5f5a44f9fd8ba9a86c990d21ff7204264aef2646bd2
2023-03-26 05:58:36,False,1.525e-07,4.711e-10,551925034.0,2.60023,0x1b...7f6d,https://bscscan.com/tx/0xb663dabf73e8091d7be2d722f9b524c5b5734ceb1b5e87f0517a961efe9a4f5a
2023-03-26 05:58:18,False,1.527e-07,4.718e-10,724443493.0,3.41818,0x08...af7e,https://bscscan.com/tx/0x8c8e2f52922ce068cd09a3a20d8bf99e269b22bdd14a0e46c28b9c99d953f8e8
2023-03-26 05:57:42,True,1.535e-07,4.742e-10,584041552.0,2.77,0xec...0165,https://bscscan.com/tx/0x833a7ba877e5650ad5ee783c86a5c6bc90283900068bddea6d21146ed222074d
2023-03-26 05:55:15,True,1.525e-07,4.737e-10,386293390.0,1.83,0x08...af7e,https://bscscan.com/tx/0x3de2c2c8c270bad195945e0ff9c1235f644c83311b09082b52be3ae2c3722fe5
2023-03-26 05:53:30,True,1.523e-07,4.731e-10,693264062.0,3.28,0x2a...576a,https://bscscan.com/tx/0x3183ec22e041c1f0226624c6bdb0b4b6f9342e5cb7f424f99e63a275d81280e9
2023-03-26 05:52:51,False,1.523e-07,4.705e-10,273052372.0,1.28478,0xde...fa58,https://bscscan.com/tx/0xdd2f81ef318374b98499c24ac4242bda29db5ce0ee5f90618ba0ed84808a3868
2023-03-26 05:52:27,True,1.521e-07,4.722e-10,1336047429.0,6.31,0x1b...7f6d,https://bscscan.com/tx/0xb05074ffb1df4bdb76ef68b081e92c787617bd95665c6737cdebff7c01c3d03d
2023-03-26 05:52:09,True,1.525e-07,4.713e-10,347941082.0,1.64,0x08...af7e,https://bscscan.com/tx/0xfa0c6132cff26c2e3ee6873204b264d4c443eaa61339391094fa92bbda83053b
2023-03-26 05:51:24,True,1.516e-07,4.709e-10,403462606.0,1.9,0xec...0165,https://bscscan.com/tx/0x29f26f9584096fdc1d449235af363fee167b95b58dc3b8a8240b11b714346cea
2023-03-26 05:49:24,False,1.517e-07,4.687e-10,693336256.0,3.2499,0x1b...7f6d,https://bscscan.com/tx/0x2cac22f3d805fd93557d91e7c7a22b3f5b1a52ead990357b1c517ae131a7164a
2023-03-26 05:49:03,True,1.525e-07,4.712e-10,360727396.0,1.7,0x08...af7e,https://bscscan.com/tx/0x211892a214d4986abd55adbd9f1644fe480de79c5e118ee300abcc2bf743a2e8
2023-03-26 05:48:15,False,1.517e-07,4.689e-10,379838150.0,1.78116,0xec...0165,https://bscscan.com/tx/0x094e0f184585a28da30678ae621e9da897a0df929ae891ab80bfbca7163cebe1
2023-03-26 05:47:09,False,1.52e-07,4.697e-10,1046401097.0,4.91517,0x2a...576a,https://bscscan.com/tx/0xee5da6a70ee7e432e3466c32af10213682a15154015ccb3bc04836d988832dec
2023-03-26 05:46:03,True,1.528e-07,4.721e-10,849239631.0,4.01,0x08...af7e,https://bscscan.com/tx/0xeb101d3297f3beb948c43d4ffccdaca37a7bf87ffd9c0a2fd6d75ed9aefa37aa
2023-03-26 05:41:24,True,1.519e-07,4.717e-10,15899.6,7.499e-06,0xd3...8248,https://bscscan.com/tx/0x245d4c45c2d6253e56d96488d5275963ac9dae1ddec5df422e8c589523594f5c
2023-03-26 05:41:24,True,1.519e-07,4.717e-10,6328077.0,0.0298,0xd3...8248,https://bscscan.com/tx/0x245d4c45c2d6253e56d96488d5275963ac9dae1ddec5df422e8c589523594f5c
2023-03-26 05:40:48,False,1.519e-07,4.696e-10,492869980.0,2.31463,0x2a...576a,https://bscscan.com/tx/0xa2b460d53e574a2dc5deab5d3343496fb7c46a68aed8c06319a99734794b8bf9
2023-03-26 05:40:15,False,1.514e-07,4.704e-10,1010354229.0,4.75334,0x1b...7f6d,https://bscscan.com/tx/0xd6e2e34448eb08bbc9736653156db27e5905711263e66b9767b6db28432ae3b8
2023-03-26 05:39:48,False,1.524e-07,4.712e-10,317863800.0,1.49779,0x08...af7e,https://bscscan.com/tx/0x816c21d9d1690cb73bb1d19f96bcfb3f0e5ae97157fc07e407b66abfba4dd5ed
2023-03-26 05:37:40,True,1.523e-07,4.731e-10,1116000264.0,5.28,0xde...fa58,https://bscscan.com/tx/0x7060e6d31a3e39451ed4633a703dde3f96aa4a09038cd5961af6e917c40f9e36
2023-03-26 05:36:43,False,1.523e-07,4.707e-10,1081732550.0,5.09211,0x08...af7e,https://bscscan.com/tx/0xca47658752ab123feea271e2fc0be72eb22a07a44b583010ec7ee200c0d7538a
2023-03-26 05:35:40,False,1.52e-07,4.718e-10,952134930.0,4.49289,0xec...0165,https://bscscan.com/tx/0x8f52af30d61c78bc69cef3bf072de4ccc4b2327d748bab9bae12220148b1fb7b
2023-03-26 05:33:37,True,1.527e-07,4.74e-10,1252976998.0,5.94,0x08...af7e,https://bscscan.com/tx/0x947f3302a0ee2a745b159bf1aec1954615c1774cf057cee71d025e61617928b5
2023-03-26 05:32:31,True,1.531e-07,4.728e-10,883971848.0,4.18,0xec...0165,https://bscscan.com/tx/0x3643c2a1db9852e4c51323ce1a1ba1211cbd736000f5426f0b091d2b57696981
2023-03-26 05:31:33,False,1.522e-07,4.705e-10,904406308.0,4.25537,0xde...fa58,https://bscscan.com/tx/0xe32dc355c909c334192caa54660024c7e2f8fa8a10dad4e614c5699d734f0ae6
2023-03-26 05:31:16,True,1.531e-07,4.731e-10,439619255.0,2.08,0x2a...576a,https://bscscan.com/tx/0x758de34b4d378dd04b1430ed8817fc3d16341b5c6daf9b5d40a9d8ecacec5c19
2023-03-26 05:30:33,False,1.524e-07,4.708e-10,578342444.0,2.72314,0x08...af7e,https://bscscan.com/tx/0x25480a40a53e8097ba0d62966e9b22e1740c800eacd569510db8f3b6d90fdb1d
2023-03-26 05:28:06,True,1.532e-07,4.729e-10,1008519300.0,4.77,0x1b...7f6d,https://bscscan.com/tx/0x70caf30fd05ad9f9f259149e2a9a75df45cfd2d79a26f9d05be6f5ac050cec77
2023-03-26 05:27:27,False,1.524e-07,4.704e-10,791967855.0,3.72611,0x08...af7e,https://bscscan.com/tx/0xbfe4cb7637bcf2b04ba4bfb2b79f8131459da4782f0054480aa29274f2d2087f
2023-03-26 05:26:18,False,1.527e-07,4.715e-10,1118879605.0,5.27616,0xec...0165,https://bscscan.com/tx/0xc31bab8c9c6f8ee997d5b027f015c9511e41f7232f8f338c0fdc258e24ae7195
2023-03-26 05:25:06,False,1.53e-07,4.723e-10,253776835.0,1.19866,0x1b...7f6d,https://bscscan.com/tx/0xf8637b4153062b89797f9a429e126204544195fe2762538d14eddd192ab7bb1d
2023-03-26 05:24:57,True,1.536e-07,4.743e-10,895994945.0,4.25,0x2a...576a,https://bscscan.com/tx/0xd5bb2aa265bfd50d3716d8d2457d0c562959403f7f42ccea46881941ad221da6
2023-03-26 05:24:21,True,1.533e-07,4.734e-10,711833931.0,3.37,0x08...af7e,https://bscscan.com/tx/0x3b350a1cf0c6d0e369ba123a94cf348c3e6f3b3fbdcd4a8a0eb5dbddd33a63f1
2023-03-26 05:22:06,False,1.525e-07,4.708e-10,383977683.0,1.80806,0x1b...7f6d,https://bscscan.com/tx/0xb82ce0030d86574f3ab45675c8c0ca4366d5112e628b896a7a54dd86cfc15c12
2023-03-26 05:21:48,True,1.532e-07,4.731e-10,562202970.0,2.66,0x2a...576a,https://bscscan.com/tx/0x6afaf42e12a28441f503bc3b9b5ffd673b16f0e0119d6786efe17a37a6dd1069
2023-03-26 05:18:57,True,1.529e-07,4.721e-10,1251805761.0,5.91,0x1b...7f6d,https://bscscan.com/tx/0x10afcd791461cf9cde9424634b921d047b8df9e363442cf9d746976e5fbfaa82
2023-03-26 05:18:12,False,1.521e-07,4.697e-10,1201810568.0,5.64529,0x08...af7e,https://bscscan.com/tx/0xac6c1d722868890eef6a23637975b8d0c9c8545fd4295a6ea95c66d9ca629853
2023-03-26 05:16:21,True,1.529e-07,4.722e-10,933852833.0,4.41,0xde...fa58,https://bscscan.com/tx/0x2d49bb16e23e81a6723c4857be1923c0bbf0e1546863256f37ad6018f218ab63
2023-03-26 05:15:57,False,1.514e-07,4.697e-10,738593155.0,3.46969,0x1b...7f6d,https://bscscan.com/tx/0x106105854258d0f909c7d174b2962aa3a6725cfcb32dc9bc2370efd49f039b01
2023-03-26 05:15:03,True,1.52e-07,4.718e-10,1316232929.0,6.21,0x08...af7e,https://bscscan.com/tx/0x92d7b32bd714138096463e26169fbf74ed17cc27f127f3c029f8524d14a57e7d
2023-03-26 05:13:18,False,1.519e-07,4.691e-10,804255162.0,3.77324,0xde...fa58,https://bscscan.com/tx/0x4750b1514bc32b3a3477c012e2c522cc024d5ed9d0cab06955783f3180f3ed24
2023-03-26 05:12:54,True,1.519e-07,4.714e-10,890843629.0,4.2,0x1b...7f6d,https://bscscan.com/tx/0x1f2a7c8f2759b01bc8410f18945a4c7afde32a5d553e63ac7b18de876f6ea675
2023-03-26 05:12:00,True,1.517e-07,4.707e-10,392994327.0,1.85,0x08...af7e,https://bscscan.com/tx/0x2904d64fbe4e1901bcde927c83a8578048977989c50ef7b214f08853b9faaf69
2023-03-26 05:10:33,True,1.514e-07,4.699e-10,1006462603.0,4.73,0xec...0165,https://bscscan.com/tx/0xfefda55b9f49d885c677f67efca0bd4ee59a8c72e4c131d749dfb5b08acf1fd9
2023-03-26 05:07:25,False,1.513e-07,4.674e-10,713281777.0,3.33426,0xec...0165,https://bscscan.com/tx/0xb792c8e9921740d2c2ac3ed89e14fa570d4b3d60cf0881fdfcc81e91ed5fa009
2023-03-26 05:07:13,False,1.515e-07,4.68e-10,374968409.0,1.75506,0xde...fa58,https://bscscan.com/tx/0x42ef7ade413b57b9908ace713a4afa0d64bfda5de29f8698b461a6ec994c9117
2023-03-26 05:05:49,False,1.518e-07,4.688e-10,994287216.0,4.66138,0x08...af7e,https://bscscan.com/tx/0xcaa46941501d39eb4a004a2e2bfdb11197fdfba9de32f1c485f05515de387f31
2023-03-26 05:03:46,False,1.521e-07,4.696e-10,557182215.0,2.61697,0x1b...7f6d,https://bscscan.com/tx/0xa3fd1dd69251b7c7be87c39096089dbe43f50d0fac918c4084403726719883cc
2023-03-26 05:02:46,False,1.515e-07,4.703e-10,586774181.0,2.7597,0x08...af7e,https://bscscan.com/tx/0x4a39bab723d4291fdec0224293a9341b313cd3be72ce606a56e1cd922f08d00f
2023-03-26 05:01:13,True,1.53e-07,4.727e-10,482299428.0,2.28,0xde...fa58,https://bscscan.com/tx/0x9ff6ce0ae07a5c2ea2ee10016d1e508e401d03bfd0c25143083fbe2a7a929544
2023-03-26 05:00:43,False,1.522e-07,4.702e-10,264498642.0,1.24381,0x1b...7f6d,https://bscscan.com/tx/0xba16970ef0d70c9467fa3dc913da37f900e5cb86c1a395914f8db33f0a961dd2
2023-03-26 04:59:43,True,1.529e-07,4.724e-10,577856283.0,2.73,0x08...af7e,https://bscscan.com/tx/0x58d301cd6f3f4b1abda4bdfead74fa50a2794da099ea7519bb52986e55c12a72
2023-03-26 04:58:01,True,1.519e-07,4.714e-10,1107129241.0,5.22,0xec...0165,https://bscscan.com/tx/0x16eaaf99bcc49d9b352c11ba94540d93aa311997bb499b517c9725988739de75
2023-03-26 04:57:40,False,1.51e-07,4.687e-10,483520220.0,2.26668,0x1b...7f6d,https://bscscan.com/tx/0x1a22fab97c77d772e4043552181e7ce990da9221caa6fe6394f4bad680c87034
2023-03-26 04:55:04,True,1.524e-07,4.706e-10,1270452040.0,5.98,0xde...fa58,https://bscscan.com/tx/0x2679ea5431be115cc196cec4958150bef7cadba0487c12883a965254f7010310
2023-03-26 04:54:49,False,1.515e-07,4.679e-10,633397235.0,2.96426,0xec...0165,https://bscscan.com/tx/0x1351389b8beff9d0119285fe69527bae0b6ad71ffa248cc3d1c3b2d1d2f2061d
2023-03-26 04:54:37,True,1.522e-07,4.703e-10,667627778.0,3.14,0x1b...7f6d,https://bscscan.com/tx/0xe42b0fb8b572ab0b5d390ddb55d4cf21bf5e257e1d6e5719c47568f20dca0159
2023-03-26 04:53:13,False,1.508e-07,4.681e-10,920027681.0,4.30677,0x2a...576a,https://bscscan.com/tx/0x07d0aa9d43851435ebf5db7446776d0741b87f3ff627d2a3c799fa8e71d04b85
2023-03-26 04:51:40,False,1.519e-07,4.691e-10,880505540.0,4.13057,0xec...0165,https://bscscan.com/tx/0xdfccf5e4abe7f3eeb946f0edd2d89df9f43446d2d3b4ca34fa7cf0f84aed1430
2023-03-26 04:50:04,False,1.521e-07,4.697e-10,251489434.0,1.18135,0x2a...576a,https://bscscan.com/tx/0xe62899b736a090532095fe68f0fd94226a3e704d209f9f771a6caccdd3da0a60
2023-03-26 04:49:28,True,1.522e-07,4.722e-10,68684462.0,0.3243,0xc6...0704,https://bscscan.com/tx/0xfe0b220d8806f6d3c821cedb384dfbd8b973d5c10838fdd7eec313bb01081ca6
2023-03-26 04:48:59,False,1.516e-07,4.704e-10,1160219720.0,5.45831,0xde...fa58,https://bscscan.com/tx/0x9954769ab348d2e91ebffe1fd80c3a48e379389985b63b93cc8c4f77a134a5a2
2023-03-26 04:48:36,True,1.532e-07,4.731e-10,530467065.0,2.51,0x1b...7f6d,https://bscscan.com/tx/0x8208b9213811896f32d6e0cea0a195bb3c9dc8a3ddf1dc3134001ee50f97b7dd
2023-03-26 04:47:15,True,1.531e-07,4.726e-10,357544839.0,1.69,0x08...af7e,https://bscscan.com/tx/0x840837ea8cf83e9e27ae3e1def482d717e05f3821db2a6c3c07d0e64a540cf8c
2023-03-26 04:44:09,False,1.523e-07,4.702e-10,283370809.0,1.3326,0x08...af7e,https://bscscan.com/tx/0x2401654e1daab0842e7341a3f0b5c13ff56747d5175a5a929a35789ef88891b0
2023-03-26 04:43:48,True,1.53e-07,4.724e-10,613835253.0,2.9,0x2a...576a,https://bscscan.com/tx/0xc63650f8cafd98caae3e2998875c935ab388b264c9ae8d308bd919e5d6988e3b
2023-03-26 04:43:09,True,1.529e-07,4.72e-10,137598986.0,0.6494,0xc6...0704,https://bscscan.com/tx/0xd34e7c90bbcb34311f5b304fd5d0edba0f2d2305d2965fa7b7640d482b7d0257
2023-03-26 04:42:54,False,1.521e-07,4.697e-10,356814316.0,1.67625,0xde...fa58,https://bscscan.com/tx/0x58f9b170d3329391a7b8196132b911561a7be67490bf6106391e423bc26434ad
2023-03-26 04:42:18,True,1.527e-07,4.716e-10,1301926789.0,6.14,0xec...0165,https://bscscan.com/tx/0xcaa5afc9140d458c277b3a4b44f0ed5ebdd6c08b29b9ce2688af899ecd4f8c8b
2023-03-26 04:41:03,False,1.518e-07,4.688e-10,571661480.0,2.68022,0x08...af7e,https://bscscan.com/tx/0x1363771f7ca1124b65c3ee8173d8eb4bb8074229764cbb7c92a9cd9d7903ff63
2023-03-26 04:40:33,False,1.52e-07,4.694e-10,516356804.0,2.42405,0x2a...576a,https://bscscan.com/tx/0x382f01aec6388214aeb22c99e68e7345ef2eba929bc70d1ed4aa4b20c72704c5
2023-03-26 04:39:57,True,1.52e-07,4.716e-10,848139787.0,4.0,0xde...fa58,https://bscscan.com/tx/0x7545858f9f4cc7a34baa38471a40c104dfe4d4ad2cbcbdb06ee0d34522fbbfaf
2023-03-26 04:39:27,False,1.513e-07,4.694e-10,1092666220.0,5.12899,0x1b...7f6d,https://bscscan.com/tx/0x12e0071e837f8c504214aad39c0776ac9a0889769c756247263c8e0ccd289b66
2023-03-26 04:38:00,True,1.528e-07,4.717e-10,1081056133.0,5.1,0x08...af7e,https://bscscan.com/tx/0x09fe62c0e1ee62da49c600d757076e33d3b728ba9386cdd30a817ab39d4cb210
2023-03-26 04:36:48,False,1.52e-07,4.692e-10,877014027.0,4.11575,0xde...fa58,https://bscscan.com/tx/0x9185946fe4fa0fcaf1bbb068a864a98a7df9e69429a17a3f3b8874c642675b42
2023-03-26 04:36:24,True,1.519e-07,4.714e-10,1279118274.0,6.03,0x1b...7f6d,https://bscscan.com/tx/0xce3e121390e50f305a6deb42344d73e8ccbbb47b92a7092f12a78d892e264d9d
2023-03-26 04:34:54,True,1.524e-07,4.706e-10,67605430.0,0.3182,0xc6...0704,https://bscscan.com/tx/0xe4e979230c7234d576c9b2a2dc82942f3fdc68ea7d2cbdfa5827f3dd96379a42
2023-03-26 04:34:54,False,1.518e-07,4.687e-10,919157261.0,4.3089,0x08...af7e,https://bscscan.com/tx/0x9910769f653c2144d459e317a63a6b38d5333cac71cd59b8507def7e4471e567
2023-03-26 04:34:15,True,1.526e-07,4.712e-10,800075736.0,3.77,0x2a...576a,https://bscscan.com/tx/0x24fa001009c75f160f8fe4326ade400f741dfd2292b22efac6d0a2df1fda7c63
2023-03-26 04:31:48,True,1.523e-07,4.702e-10,820754535.0,3.86,0x08...af7e,https://bscscan.com/tx/0x3ee051add9990b66dccae70a7bf88f7c060055afa00d0f62cf6cd59a0e10693b
2023-03-26 04:29:42,False,1.515e-07,4.679e-10,762016949.0,3.56561,0xec...0165,https://bscscan.com/tx/0x90de37a07f076582e4f20cfdd017836a8da2e85fe7e7ff3e919910de88c71ba1
2023-03-26 04:28:42,False,1.519e-07,4.689e-10,1147085890.0,5.37958,0x08...af7e,https://bscscan.com/tx/0x42aa94dfedb8f7260d191242fda70d463478e9bdd2d770e9d0d60ed60dc726fa
2023-03-26 04:27:54,False,1.522e-07,4.7e-10,738938084.0,3.47322,0x2a...576a,https://bscscan.com/tx/0x9b1b792580e3e1d7d9474f2713648237b2110e7f1a15ba59144c79bc5cfac426
2023-03-26 04:27:39,True,1.529e-07,4.722e-10,982534556.0,4.64,0xde...fa58,https://bscscan.com/tx/0x2e809ca4257e3bf3e736f2afffb787e83857a87d2c322247bf9f632f57932219
2023-03-26 04:27:15,False,1.522e-07,4.698e-10,988056710.0,4.64281,0x1b...7f6d,https://bscscan.com/tx/0x83fc7a1abb841bb581d13fb778a5e1910eee88aea0e57c988dd8bf3d31c14c16
2023-03-26 04:26:33,True,1.53e-07,4.724e-10,666766756.0,3.15,0xec...0165,https://bscscan.com/tx/0x5c0af8b913cba083a4dfc0851e462683fe19372f98707ce2eba5894f841e846e
2023-03-26 04:24:12,True,1.52e-07,4.717e-10,508723607.0,2.4,0x1b...7f6d,https://bscscan.com/tx/0xfaf3ecaf223c66f8274c547a4a23998e8b9b8ea9d376ada5fbad514b15e4802e
2023-03-26 04:23:24,False,1.513e-07,4.694e-10,662672420.0,3.11124,0xec...0165,https://bscscan.com/tx/0xbfdc5d85f13ac06558c9b7a4322969b08cee7ad69788a3aa8c1ea6ad505c62eb
2023-03-26 04:22:33,True,1.52e-07,4.718e-10,731218965.0,3.45,0x08...af7e,https://bscscan.com/tx/0x4fea14127f99f5a07cdaa80af410474fe2ea137a52bba5ebe9cf8b39f4e15788
2023-03-26 04:21:30,True,1.517e-07,4.709e-10,866389868.0,4.08,0x2a...576a,https://bscscan.com/tx/0xc465cd7080cb55e93a5fec34ec3a40f10c37e4393708aa02004772579b9bb3fb
2023-03-26 04:20:21,True,1.514e-07,4.697e-10,1228313936.0,5.77,0xec...0165,https://bscscan.com/tx/0x1d98799e95e1b47327486bc9d2cc9dcddd09602c5a040de43bfe2ea552e4ad0b
2023-03-26 04:19:27,True,1.518e-07,4.686e-10,789540643.0,3.7,0x08...af7e,https://bscscan.com/tx/0x98afb41a7b4b7d047f9f41b38c9a198a920672b254951ed21947fc03c34a6d76
2023-03-26 04:18:33,False,1.51e-07,4.661e-10,510147410.0,2.37796,0xde...fa58,https://bscscan.com/tx/0xde658b99e4eaf5867d3190e018e9f19c5c2e5ee7a097f4594b21efdf30c1114f
2023-03-26 04:18:21,False,1.512e-07,4.667e-10,575308445.0,2.68514,0x2a...576a,https://bscscan.com/tx/0xbaf2fa0b653510d9ca414b1673b48eec64c44c26b3e0cb917c1203c620829c52
2023-03-26 04:18:06,False,1.514e-07,4.674e-10,735874867.0,3.43989,0x1b...7f6d,https://bscscan.com/tx/0x03d7784fcbfe2b6bc2e2a9a38e23b5c4a8cfd7c770a7f96fcb3aeb57f53e34dc
2023-03-26 04:17:09,False,1.509e-07,4.684e-10,972554261.0,4.55548,0xec...0165,https://bscscan.com/tx/0xd2343c0f08762c4563847d45b66b5b95480ea94318589e24eebd4d6fba1ec3cf
2023-03-26 04:15:12,True,1.525e-07,4.709e-10,662526058.0,3.12,0x2a...576a,https://bscscan.com/tx/0xfecdd8b7ce14234ae369fa58403e6761f3cebacc311ca160e754cc0e6495cad1
2023-03-26 04:14:00,False,1.517e-07,4.684e-10,468365001.0,2.19413,0xec...0165,https://bscscan.com/tx/0xf65b409efc6c34d0fc0a7a448e7afcd32207acc2725f4cb44b48c5972675bc4f
2023-03-26 04:12:27,True,1.524e-07,4.705e-10,1022305630.0,4.81,0xde...fa58,https://bscscan.com/tx/0x60e2a0358822130530f54ce6da3abfe6888499c6d44cce2aff188f9c218e1a4f
2023-03-26 04:10:12,False,1.515e-07,4.677e-10,381565151.0,1.78496,0x08...af7e,https://bscscan.com/tx/0x676be18d1502fd1f0645e086a99017617cf89391676799e6774a36e69d51a147
2023-03-26 04:08:54,False,1.518e-07,4.686e-10,1213791755.0,5.68887,0x2a...576a,https://bscscan.com/tx/0xda8981a7ce9cd0a3e12f8aaaf7da84370bcd1e4bcf312477208f48411156db2c
2023-03-26 04:07:42,True,1.517e-07,4.71e-10,1212223259.0,5.71,0xec...0165,https://bscscan.com/tx/0x53d0cd42b0f3fc7320dfce3bf21ca7d1c951bbfff61d1ca91b10c91718a32180
2023-03-26 04:07:06,False,1.509e-07,4.685e-10,979085772.0,4.58754,0x08...af7e,https://bscscan.com/tx/0x5c7b381ec887439bfb048cd60660359f4b8bfe6973595681406868430e4c1469
2023-03-26 04:05:57,False,1.512e-07,4.693e-10,456506163.0,2.14262,0x1b...7f6d,https://bscscan.com/tx/0x3d175034b219355f7e8c161a8be145601ddf32feaa1be69e9bb156f20fc9e022
2023-03-26 04:04:36,False,1.514e-07,4.7e-10,727995642.0,3.42166,0xec...0165,https://bscscan.com/tx/0x5dc2de3ca9f0d9217102e556a098dc59dbd7ae5fbc9f7ec41e2daba62da3919b
2023-03-26 04:04:00,True,1.53e-07,4.723e-10,673159384.0,3.18,0x08...af7e,https://bscscan.com/tx/0x34db6a33c3f3e38b9fd800fb60aa2bda6bcb5e405d8c4bad5103f064ca1ce739
2023-03-26 04:02:54,True,1.519e-07,4.717e-10,510880705.0,2.41,0x1b...7f6d,https://bscscan.com/tx/0xf051262603e6e01521959e9347608ba99214ee2e5be6008f0ae48ae7b431ec20
2023-03-26 04:02:30,True,1.525e-07,4.71e-10,664436810.0,3.13,0x2a...576a,https://bscscan.com/tx/0x98c030e730ea0b474a53820a4e44109c55631436f7221980fc9aeda1bff6edce
2023-03-26 04:00:18,False,1.509e-07,4.685e-10,344117379.0,1.61234,0xde...fa58,https://bscscan.com/tx/0x8a387275b43217991573f98b639d7686790d4654c72768b6b97de220c9dd14a8
2023-03-26 03:59:54,False,1.518e-07,4.69e-10,507631416.0,2.38089,0x1b...7f6d,https://bscscan.com/tx/0x07f445ed947a614993d1cb74ef12134af64b5855e74b71fecfdd6a6b40cfc564
2023-03-26 03:59:21,False,1.513e-07,4.698e-10,929593185.0,4.36741,0x2a...576a,https://bscscan.com/tx/0x9952e4baaf5cf9a42bf8d3825a20f44420a6473b81bf2726145b2c95f9dbedd7
2023-03-26 03:58:18,False,1.524e-07,4.707e-10,670750306.0,3.15731,0xec...0165,https://bscscan.com/tx/0x250e085b068c7e380dd69ec3f0fc2c3195d0eaf6e31da0e107f79b13813efe1e
2023-03-26 03:57:48,True,1.531e-07,4.731e-10,600279558.0,2.84,0x08...af7e,https://bscscan.com/tx/0xb1e0880a460e8ed9f2c9b24b5136c5be764b987a59c1fb039cc44fcabfef0698
2023-03-26 03:56:48,True,1.521e-07,4.723e-10,808773992.0,3.82,0x1b...7f6d,https://bscscan.com/tx/0x9d4b527cac3fb29caa732c4ee4132e164e8a36a4539b3930d13595658970e671
2023-03-26 03:56:09,True,1.518e-07,4.714e-10,806086368.0,3.8,0x2a...576a,https://bscscan.com/tx/0xc4938f29fc95fc39066104c6e3feff88369483c53427289785a1950e62ce3b9d
2023-03-26 03:54:12,False,1.511e-07,4.69e-10,721240080.0,3.3827,0xde...fa58,https://bscscan.com/tx/0xb1d093e2beb176decc84087c972da2a7d7dfb901d8a78d7796959804bb194e84
2023-03-26 03:53:00,False,1.521e-07,4.698e-10,864080129.0,4.06027,0x2a...576a,https://bscscan.com/tx/0xdde6b22188053b831c97275fce816779f71a38342b3d26a39437e0f4241f587e
2023-03-26 03:52:06,True,1.52e-07,4.72e-10,1160809695.0,5.48,0xec...0165,https://bscscan.com/tx/0x0c60de5d65ee8080bd414741f835fe1974ba98268f783f432c9fc0b796feb2ce
2023-03-26 03:51:39,False,1.52e-07,4.695e-10,776627026.0,3.64636,0x08...af7e,https://bscscan.com/tx/0x626f1318566fbf557aebf7616857b0b982a4955cc99cd751eaacfda588f30aa9
2023-03-26 03:51:09,True,1.52e-07,4.72e-10,417312360.0,1.97,0xde...fa58,https://bscscan.com/tx/0xe79b5deedd608c8ba9fdb30bfc14f8e2e2fb30f8fea80c5214665609d4ae4022
2023-03-26 03:50:45,False,1.512e-07,4.696e-10,305548851.0,1.43501,0x1b...7f6d,https://bscscan.com/tx/0xea37e0ec18108e77e89a38e52f6164bb6dcdb5abd7d2d3a59da5c02e8feeea67
2023-03-26 03:48:51,False,1.523e-07,4.705e-10,1230324970.0,5.78876,0xec...0165,https://bscscan.com/tx/0x674ea37de94daa84d6cd03585326792cb46360b4b2ed54ace915ab9e2a51fb8e
2023-03-26 03:48:33,True,1.531e-07,4.728e-10,1190559273.0,5.63,0x08...af7e,https://bscscan.com/tx/0x391702620c235a7b7e37e074a780744ac60d8ed55a7ef290dbdb6ec1ba5ca79a
2023-03-26 03:48:06,False,1.515e-07,4.704e-10,1070934193.0,5.0383,0xde...fa58,https://bscscan.com/tx/0xea681fe0df1d87e03084604e2020878cd9d6ec9f8ce7398071ef938d54eee7aa
2023-03-26 03:47:42,True,1.531e-07,4.729e-10,746300829.0,3.53,0x1b...7f6d,https://bscscan.com/tx/0x90f613d9c246bc4934f7221e25e8d9a30df9a8f996e82d8e0ff5b08dbb036987
2023-03-26 03:46:39,True,1.528e-07,4.72e-10,953301715.0,4.5,0x2a...576a,https://bscscan.com/tx/0x37526c43ebc0f2afac445e48b9e4bed622034a699ec1ff3eb2bda6786c8b9a8d
2023-03-26 03:45:27,False,1.52e-07,4.696e-10,888200082.0,4.17143,0x08...af7e,https://bscscan.com/tx/0x609a6515f8589fa144490692a86211268409a29732533bdeb860e6ff0e45fc7d
2023-03-26 03:45:09,True,1.527e-07,4.717e-10,1367291476.0,6.45,0xde...fa58,https://bscscan.com/tx/0xd526a29afe3a3ef5b625bb6391ef8b3e9423e733f88184bc0946bfec84e3ddbb
2023-03-26 03:44:39,False,1.519e-07,4.692e-10,1197326941.0,5.61888,0x1b...7f6d,https://bscscan.com/tx/0xcf8032e037f0393d941d953650b8b76a80c02ea43a5a1652fd7f40457d9c4ddd
2023-03-26 03:42:21,True,1.528e-07,4.72e-10,542367456.0,2.56,0x08...af7e,https://bscscan.com/tx/0x2d61cdbf2ed7a0ccb619bd9b122d4db2dd963eb68fb0aa1fe9d4272e465b1ad4
2023-03-26 03:42:06,False,1.52e-07,4.696e-10,546663403.0,2.5674,0xde...fa58,https://bscscan.com/tx/0x573fa7c50bdce5a5257378b1eaf6ee3348b8b77879c1664bafc164f3b161a4ec
2023-03-26 03:41:36,True,1.527e-07,4.718e-10,811687118.0,3.83,0x1b...7f6d,https://bscscan.com/tx/0x09f830521d0d1af08c09c4ad9585f023daa25575aff52e69cd74b6d6700c67a2
2023-03-26 03:40:18,False,1.519e-07,4.695e-10,870472447.0,4.08716,0x2a...576a,https://bscscan.com/tx/0xf5734bf89f07c772a7f2c0d967c85b9692501d44d864bba3e7aaa3a1f0073ffa
2023-03-26 03:39:00,False,1.522e-07,4.705e-10,867039804.0,4.07945,0xde...fa58,https://bscscan.com/tx/0x527335487082d8c7605c27be23630d580ecaf4b7cb0c2024ea34d4bf010349b9
2023-03-26 03:38:36,True,1.523e-07,4.729e-10,653301792.0,3.09,0x1b...7f6d,https://bscscan.com/tx/0xbf0fa49eadd132d11fe15b941e24a8202479843cf31c07e7e366fa4376905f18
2023-03-26 03:37:09,True,1.52e-07,4.722e-10,631009055.0,2.98,0x2a...576a,https://bscscan.com/tx/0x79c4d305908866673a8ff6b406b0c609f3022c3c3acfd9fb33489a53952aefc7
2023-03-26 03:36:18,True,1.525e-07,4.713e-10,978028525.0,4.61,0xec...0165,https://bscscan.com/tx/0xd3c485c227f5a14ff3a970aae0bec64330a03a456a34c79e4d44aa7f71bc70b2
2023-03-26 03:36:12,False,1.517e-07,4.688e-10,744818578.0,3.49223,0x08...af7e,https://bscscan.com/tx/0x49f61e83c62584bce79a31e4d438b057fb6c5384adeb7a1166abbb2ab9ad5323
2023-03-26 03:33:06,True,1.523e-07,4.709e-10,1146500007.0,5.4,0x08...af7e,https://bscscan.com/tx/0xabf319ec44b8408154048361c1121bdf067f923a8490899e4a983adee82b06ae
2023-03-26 03:32:54,True,1.519e-07,4.697e-10,1036657328.0,4.87,0xde...fa58,https://bscscan.com/tx/0xa725655161fbe80c303662617cd97ad2fee81220140d218f9ceec17b12866628
2023-03-26 03:30:48,True,1.509e-07,4.69e-10,345408517.0,1.62,0x2a...576a,https://bscscan.com/tx/0xec7d902070f6cc9dce94ee0390ae50780f5edbcf213501e711c43de6121379da
2023-03-26 03:29:51,False,1.51e-07,4.669e-10,792057396.0,3.69823,0xde...fa58,https://bscscan.com/tx/0x770015bb963602f65c5946efef7e20121e9761075b26fbf4dd6c13a95282309f
2023-03-26 03:27:37,False,1.512e-07,4.677e-10,639362030.0,2.99034,0x2a...576a,https://bscscan.com/tx/0xad2f17d1cf551c44c16e19ba0093133c6989e2002284beeb3208fda3c17c5ca1
2023-03-26 03:26:55,False,1.516e-07,4.687e-10,1166566304.0,5.4678,0x08...af7e,https://bscscan.com/tx/0xf5d18ef0e3830b1bfc3a4462e0355a4d86a2195a104cd8df4393382f01d1ee16
2023-03-26 03:24:25,False,1.519e-07,4.696e-10,573961848.0,2.69577,0x2a...576a,https://bscscan.com/tx/0x33587b744a6c27a4ac6d496c8c47d15a183cc933c790011cb961ee550f1a46a0
2023-03-26 03:23:49,True,1.518e-07,4.717e-10,1042883224.0,4.92,0x08...af7e,https://bscscan.com/tx/0x23c603f1237808f4bcd4ae9369569392a4edbad643112889543a0fbd3cbe1079
2023-03-26 03:21:16,True,1.515e-07,4.708e-10,590416417.0,2.78,0x2a...576a,https://bscscan.com/tx/0xb154b994b4d5176aebf51c2bd046319e3578aefccd370f71c41d6a64f6fda970
2023-03-26 03:20:43,False,1.515e-07,4.687e-10,988004278.0,4.63101,0x08...af7e,https://bscscan.com/tx/0x8a90e9023c8038ec1781fd62bdc2bdc850c51836505b85c4c84ac346dad1510b
2023-03-26 03:20:19,False,1.519e-07,4.699e-10,1153336262.0,5.41972,0x1b...7f6d,https://bscscan.com/tx/0x4b24655d8ea55bed3a1345eceacce2ddce6a24a888a4f94a4288383936609bb6
2023-03-26 03:17:43,False,1.515e-07,4.708e-10,526154130.0,2.47742,0x08...af7e,https://bscscan.com/tx/0x71a58d5d11c27b8b7ec9a94dd9235f2264fb8c4fc0dbc14f34aadf477b7358c5
2023-03-26 03:17:28,True,1.522e-07,4.731e-10,619236819.0,2.93,0xec...0165,https://bscscan.com/tx/0x1aa0f620b91acf44e0bcc20bcb4122b06458accff3983f3cd8e6422b62533ebe
2023-03-26 03:17:16,False,1.522e-07,4.706e-10,408023266.0,1.92049,0x1b...7f6d,https://bscscan.com/tx/0x3e3c75fdaa512fdb0e382528faf7ec72c1288c64871807bbfd14f2b888538762
2023-03-26 03:14:55,True,1.529e-07,4.729e-10,630130641.0,2.98,0x2a...576a,https://bscscan.com/tx/0xde8a75facbb0f274be59b40827d2a6cfd3cd96374301d4cc039a7ad1ff4df796
2023-03-26 03:14:40,True,1.526e-07,4.72e-10,900315018.0,4.25,0xde...fa58,https://bscscan.com/tx/0x7c140975beeef3b38b47bc77635e094b88381babba68d60737727a4dbf8a9553
2023-03-26 03:11:10,False,1.518e-07,4.694e-10,449382035.0,2.10961,0xec...0165,https://bscscan.com/tx/0x0e369bbc2bc455bee4b1559bed7883b0a72d713001f8e9da60fbbee2782a949c
2023-03-26 03:08:34,True,1.525e-07,4.717e-10,595691564.0,2.81,0xde...fa58,https://bscscan.com/tx/0xc8ab8062c2f98cbd8bd94ba4c017fde4a2fc91705cc7bea965e2e340120355be
2023-03-26 03:08:02,False,1.509e-07,4.691e-10,295470096.0,1.38634,0xec...0165,https://bscscan.com/tx/0xa2ffc2eb9e112584c635a02537b72bb12d366455e7ce6e9eaded5ec43887e98c
2023-03-26 03:05:32,False,1.519e-07,4.699e-10,1002937494.0,4.71302,0xde...fa58,https://bscscan.com/tx/0x6bcce3d29d738928c368ccdfd1199da6a525f74a6130bcc31b8fc2f9d7d03f13
2023-03-26 03:04:53,True,1.527e-07,4.723e-10,842564303.0,3.98,0xec...0165,https://bscscan.com/tx/0xd3a897fea7e89a9690ecf58a08ccb4f3ad237c91b44270045447ab46e7b067f4
2023-03-26 03:02:14,False,1.519e-07,4.698e-10,624494586.0,2.93442,0x2a...576a,https://bscscan.com/tx/0x19603289c403d1699ab5826a8da55e109ea56f016bd6afd2ca150e7919beeb35
2023-03-26 03:02:02,True,1.518e-07,4.719e-10,1059324626.0,5.0,0x1b...7f6d,https://bscscan.com/tx/0x30dd188e7eba7c7c8383bb381131d7eddb7573b3278754b0eb399c6ab5a0ae1a
2023-03-26 01:59:11,True,1.514e-07,4.706e-10,1344943841.0,6.33,0x08...af7e,https://bscscan.com/tx/0x7542647e2dffc3de303d0e0b478d3d152ca82c4494936c88667873d4bc1bc2dc
2023-03-26 01:59:03,True,1.511e-07,4.697e-10,353414142.0,1.66,0x2a...576a,https://bscscan.com/tx/0xe2ba9ab0544dad6b0a3754005a98a08fd63fb9cd859dd5ee2874b96d9e48a0d1
2023-03-26 01:59:00,False,1.505e-07,4.678e-10,1186766575.0,5.55194,0x1b...7f6d,https://bscscan.com/tx/0x26b2ff610792ac73023804ad0858c203f5621ca4f62d1848357c233aac4f94f0
2023-03-26 01:56:25,False,1.515e-07,4.686e-10,382392851.0,1.79224,0xde...fa58,https://bscscan.com/tx/0xac4d82523fa6aa5df7e74fd3fde501b86a8d601b8e573a6094ea35971ff624af
2023-03-26 01:56:04,True,1.524e-07,4.712e-10,1789339.0,0.0084,0x6b...a2b5,https://bscscan.com/tx/0xb96682a39d7eb154e1a3ce5e64e65425c705ed5403043803bc93ecd789b8eefe
2023-03-26 01:56:01,False,1.517e-07,4.693e-10,798489562.0,3.74768,0x08...af7e,https://bscscan.com/tx/0xc62b004cdb9df66f22a27acc4741f7f23110252ed89091221c8a712aa267daa9
2023-03-26 01:55:58,True,1.525e-07,4.715e-10,1051835339.0,4.96,0x1b...7f6d,https://bscscan.com/tx/0xd7e184d377b546fc4d82ceb7b29504f0d4621d1298d9b7e44beb6484d5b0f760
2023-03-26 01:53:22,True,1.514e-07,4.706e-10,575804856.0,2.71,0xde...fa58,https://bscscan.com/tx/0x11dd2c1ac6d5daa9ef6e7a163640a70d968166eb8587154b1390b7781f903097
2023-03-26 01:53:01,False,1.507e-07,4.684e-10,869810891.0,4.07471,0x08...af7e,https://bscscan.com/tx/0x78eecaf86b6326d16a9f6315d713750d96771b4dcfdb12048f7d0f8ff1b04828
2023-03-26 01:52:55,False,1.51e-07,4.693e-10,695868344.0,3.26591,0x1b...7f6d,https://bscscan.com/tx/0xe12f1d91dc06f64d6adda6eb09e5acc52668a12ed987fc078f2e3976dcdfe0db
2023-03-26 01:52:43,False,1.521e-07,4.703e-10,1139476701.0,5.35956,0x2a...576a,https://bscscan.com/tx/0x6b41fb75007cea32b74b1954d10af0240e66992bf121d98076bd8dbb6b81e941
2023-03-26 01:50:19,False,1.517e-07,4.714e-10,905776340.0,4.27071,0xde...fa58,https://bscscan.com/tx/0xda957c8f7fd788acb092b0b628f6be4dd957d498c42023a01d8f08aea9ba285a
2023-03-26 01:49:52,True,1.524e-07,4.736e-10,1196968704.0,5.67,0x1b...7f6d,https://bscscan.com/tx/0xc8dfb939229e8de5bf31550b0b1f335999d92b3a3ae34a1d489007810306ecc8
2023-03-26 01:49:34,True,1.521e-07,4.728e-10,325692578.0,1.54,0x2a...576a,https://bscscan.com/tx/0x01da52efbdce8aa6a7f1613964e724cffd1cf49d9f0f8ea48d60a4acba70a66c
2023-03-26 01:49:10,False,1.522e-07,4.708e-10,962187644.0,4.5303,0xec...0165,https://bscscan.com/tx/0x02dc197f979d822238fa5b16f83586fa74c4d5f991e61874b30a73e10530bcde
2023-03-26 01:46:49,False,1.525e-07,4.718e-10,830884072.0,3.92043,0x1b...7f6d,https://bscscan.com/tx/0x60687c46e42d80cf08c33c999d4933f99a2696d5612a1511e015dcc2d70b95b3
2023-03-26 01:46:25,True,1.524e-07,4.739e-10,1308198687.0,6.2,0x2a...576a,https://bscscan.com/tx/0xd5a21fcb1ecc8bd554a11f776b9fd2ff88eb3429eb7b6918f47c15f4566b3274
2023-03-26 01:44:13,True,1.521e-07,4.728e-10,695848411.0,3.29,0xde...fa58,https://bscscan.com/tx/0x5e5aad6b1f3b7e734e59376e4cfaf287a4fa11cb5147ffd4d8664fddf50c6abb
2023-03-26 01:43:46,False,1.52e-07,4.702e-10,437974747.0,2.05979,0x1b...7f6d,https://bscscan.com/tx/0xfe52a55a0a27041bf0cc6f08d6be56a96b13bed9d6b2cb6d3f8d2f680a50841d
2023-03-26 01:42:55,True,1.519e-07,4.723e-10,1026832206.0,4.85,0xec...0165,https://bscscan.com/tx/0x350ea0f3dd6877f5bbe88c20bf9017af1e4bb154b6538a4036f7d75c314b185c
2023-03-26 01:41:10,True,1.516e-07,4.714e-10,613059444.0,2.89,0xde...fa58,https://bscscan.com/tx/0x18b6588cc3b9d347f6d218ed90ca929efe0ed57c1f8632d923eb50d7479eb1ff
2023-03-26 01:39:46,False,1.515e-07,4.688e-10,298121241.0,1.39782,0xec...0165,https://bscscan.com/tx/0x97b267d8de1680a9874074fed0c63a951da82cb5a69c758c082bb08312d1fbd9
2023-03-26 01:38:07,False,1.51e-07,4.695e-10,995206179.0,4.67346,0xde...fa58,https://bscscan.com/tx/0xc80a852eebce8ab6441dba84a92448071a15144fba30480f3599fb24c1ce7153
2023-03-26 01:37:46,True,1.526e-07,4.721e-10,650223840.0,3.07,0x1b...7f6d,https://bscscan.com/tx/0x7e6096b4094dae491d622164abf13bbabe9929c6ff2ba68921956a023a315a5d
2023-03-26 01:37:28,True,1.524e-07,4.715e-10,428383733.0,2.02,0x08...af7e,https://bscscan.com/tx/0x01531d6a325a7f0d4d49a8262f04bc992fd373ec1b7e0411ba28c6eb6b65cfd2
2023-03-26 01:36:52,False,1.51e-07,4.695e-10,1074739973.0,5.04639,0x2a...576a,https://bscscan.com/tx/0x88354969d9ec2a258e7fd340ad5cd2e348a32e9359f1acfe6098815e4f27528d
2023-03-26 01:35:10,True,1.518e-07,4.718e-10,1125308110.0,5.31,0xde...fa58,https://bscscan.com/tx/0x3015ad6a5c7f17bff0da0ced3f0ec92df03e9095023f4122df670921331cd924
2023-03-26 01:34:40,False,1.517e-07,4.691e-10,475579377.0,2.23119,0x1b...7f6d,https://bscscan.com/tx/0xc5023e438e8336886efa100a97759a521bd0541bf309b587eabd04fafbbac397
2023-03-26 01:34:22,True,1.516e-07,4.712e-10,999551440.0,4.71,0x08...af7e,https://bscscan.com/tx/0xfac1fbdcd7fd670057b5a4381c7e1c9e13d67e19f621d0e32e617aeaa1c20757
2023-03-26 01:31:37,True,1.512e-07,4.702e-10,782621059.0,3.68,0x1b...7f6d,https://bscscan.com/tx/0x5a5e5fca4d0a89a3bf0b320fb41505a895d3110b21e22e23d17e5d492db1d8c1
2023-03-26 01:31:19,True,1.518e-07,4.694e-10,579394853.0,2.72,0x08...af7e,https://bscscan.com/tx/0xe0c1fe482e12eb840f75efac47b4f6938b5109d59de6de058e58b043e72f2ec0
2023-03-26 01:30:34,False,1.51e-07,4.671e-10,702509660.0,3.28198,0x2a...576a,https://bscscan.com/tx/0x62396f4aa0c6bac16519f7b6259209c14587e0c5fe6508b46d05149734b96d08
2023-03-26 01:28:34,False,1.505e-07,4.68e-10,787283873.0,3.68452,0x1b...7f6d,https://bscscan.com/tx/0x776d5a4830afb711703fada718dc505216bd63413992badbbaf7d62b3d98230e
2023-03-26 01:27:10,False,1.508e-07,4.687e-10,554277157.0,2.59817,0xec...0165,https://bscscan.com/tx/0xa8d9cd372bf8ec2409c4bde6aeeb7f3347c1a3c46ccad1a710940f5070c6571c
2023-03-26 01:24:01,False,1.51e-07,4.692e-10,336442441.0,1.57874,0xec...0165,https://bscscan.com/tx/0xe0699c89c703b1f343eecf0699cfa980d7008115ef2e58caef0bdcc589c4642f
2023-03-26 01:22:28,False,1.519e-07,4.697e-10,595398353.0,2.79696,0x1b...7f6d,https://bscscan.com/tx/0xb9d9737a91416f0e24e4b926b7b336e937da59d1ef60509abde4ac3a772bddbe
2023-03-26 01:22:06,False,1.521e-07,4.704e-10,563859713.0,2.65245,0x08...af7e,https://bscscan.com/tx/0xce49895cd1ccd6d2d2c8bee0892b585151ed745aaa5f7cd2236404ddd0f6d88f
2023-03-26 01:20:56,True,1.528e-07,4.724e-10,1155711563.0,5.46,0xec...0165,https://bscscan.com/tx/0x62be48d74553c6bcacf35dda5f3d23d0cd60c9e1c01d682967d439444b0494bf
2023-03-26 01:19:53,False,1.511e-07,4.696e-10,333843964.0,1.56779,0xde...fa58,https://bscscan.com/tx/0xbc9c032e142bc6f3019e3e475d5d8f1fcfb76b256d8145f519eae5865806efd6
2023-03-26 01:19:36,False,1.512e-07,4.698e-10,1895379.0,0.0089,0xac...aa22,https://bscscan.com/tx/0x3deefee19c141deed7f89ddba4ade1617c399a0caadb43118d55550341bf906b
2023-03-26 01:19:30,True,1.518e-07,4.718e-10,614643542.0,2.9,0x1b...7f6d,https://bscscan.com/tx/0x7207bd2bdb0b5907b5e490095287a990e99f1f6d5540bf94b1994a9d31e48a15
2023-03-26 01:17:49,True,1.516e-07,4.709e-10,1015067335.0,4.78,0x2a...576a,https://bscscan.com/tx/0xa7c69cae17eab53a35d56a762d77b02b7812db119104768ecca8d142c1c2858b
2023-03-26 01:17:49,False,1.509e-07,4.686e-10,1213200950.0,5.68583,0xec...0165,https://bscscan.com/tx/0x1f299c6cf88ece325d19dd6b22589498833863ad887db3eec9461fdcce1a593f
2023-03-26 01:16:50,True,1.525e-07,4.712e-10,734169831.0,3.46,0xde...fa58,https://bscscan.com/tx/0x9e752945754ebfcdf2406777364fff0deb584dd40d5597802ffc2790626ce359
2023-03-26 01:16:26,True,1.515e-07,4.704e-10,826943215.0,3.89,0x1b...7f6d,https://bscscan.com/tx/0x227ca5648a35c12d4769fe3ed77c7a7b23b27cba764196762966f5343c662019
2023-03-26 01:14:44,True,1.512e-07,4.696e-10,523790366.0,2.46,0x2a...576a,https://bscscan.com/tx/0x75ef2e6a3cfa2b1fc96c6a269211f06b5f628f75113b95f8e6e05f2c27417975
2023-03-26 01:14:38,True,1.509e-07,4.686e-10,1224715650.0,5.74,0xec...0165,https://bscscan.com/tx/0xd601d0cc293ca1d070010ee72ac5fe41e2d9f88db17538b1541fafb5f17d4525
2023-03-26 01:13:47,False,1.502e-07,4.661e-10,908769710.0,4.23637,0xde...fa58,https://bscscan.com/tx/0xbb96e3e93601744670c5fee96c20754557efab2cf17ed59c8c24cd9d33d8379d
2023-03-26 01:13:23,True,1.51e-07,4.687e-10,386097964.0,1.81,0x1b...7f6d,https://bscscan.com/tx/0x58f183a408c1cf13fb8981e2d5dda49b798d8533370d92e62cbe3e7b64fc4b15
2023-03-26 01:12:44,False,1.511e-07,4.666e-10,779020118.0,3.63545,0x08...af7e,https://bscscan.com/tx/0x334084f97dbfa52e246500eb310dfc915a9f15f7079352ec36f162d177b81d06
2023-03-26 01:11:32,False,1.506e-07,4.674e-10,704430698.0,3.29314,0x2a...576a,https://bscscan.com/tx/0x3028589a76f835de918da7f5e07e804768a8850b820d1663afb97fea22b19ec0
2023-03-26 01:11:29,False,1.508e-07,4.682e-10,607582219.0,2.8448,0xec...0165,https://bscscan.com/tx/0x4c41a822e9e175bebdb47ff4cc71b5f8cf3dbd4cb07993ef7949e2aa7a413364
2023-03-26 01:10:46,False,1.517e-07,4.687e-10,273791221.0,1.28327,0xde...fa58,https://bscscan.com/tx/0xc5ab311ebdc7dbc1d786446a15dfd292ec1905f99a2d6d769f62df531ec7709b
2023-03-26 01:10:20,False,1.519e-07,4.692e-10,779372326.0,3.65753,0x1b...7f6d,https://bscscan.com/tx/0x26d9f24c297a20557f9b898af5dcafa66c42643bd972cf43dda3db96d848907d
2023-03-26 01:09:43,True,1.527e-07,4.716e-10,697491387.0,3.29,0x08...af7e,https://bscscan.com/tx/0xe224b69736d817bdf56c49a8dee67b6070ab8f459cef0aca33edbfa173b142d9
2023-03-26 01:07:42,True,1.524e-07,4.706e-10,1143077194.0,5.38,0xde...fa58,https://bscscan.com/tx/0x8bb5481dbeabb771c498e88fcf15879f3abfc1b697576d1c0bb629ce259d1b4a
2023-03-26 01:05:13,False,1.515e-07,4.678e-10,396083992.0,1.85325,0xec...0165,https://bscscan.com/tx/0xac702b303142a69ba594586730852d511df3b00e5c66e0f822f6c870a400e9cd
2023-03-26 01:05:10,True,1.522e-07,4.699e-10,851087386.0,4.0,0x2a...576a,https://bscscan.com/tx/0xec787e9ee7838ba11fc0292a858fdfe2dc803b4b0e5599232309c57a38ac97df
2023-03-26 01:04:16,True,1.519e-07,4.691e-10,613848963.0,2.88,0x1b...7f6d,https://bscscan.com/tx/0x794de638aeafa8865671671d35f81d6525c4090e32d0cbb089e1236d26156323
2023-03-26 01:03:28,False,1.512e-07,4.668e-10,617073669.0,2.88068,0x08...af7e,https://bscscan.com/tx/0x5663f173d6d2e4581f26fdad3bdca846c59cc7b3d66b7ca525005b9d54355aeb
2023-03-26 01:02:04,False,1.506e-07,4.675e-10,650063463.0,3.03924,0xec...0165,https://bscscan.com/tx/0x9b824adc054b366db0fadc3f7f299e2e959911a526c5e8f69980cc479fcef79a
2023-03-26 01:01:37,False,1.516e-07,4.682e-10,639608166.0,2.99493,0xde...fa58,https://bscscan.com/tx/0xe5f46a4dc5c5b9b269ce80f8e9a0fe7132f252627b198ddb69e22e20dd437e34
2023-03-26 01:01:25,False,1.511e-07,4.688e-10,433362209.0,2.03178,0x1c...b6c0,https://bscscan.com/tx/0xf22445f0a16bb750d4321b54492c4542d0e42ecbbcb7ae54e71b8a84e169e20c
2023-03-26 01:01:13,False,1.512e-07,4.692e-10,346057875.0,1.62396,0x1b...7f6d,https://bscscan.com/tx/0xe767851c8d2ddc11187ff98522064c1c642e80def21f42925d41488a788c7119
2023-03-26 01:00:25,True,1.518e-07,4.711e-10,1203444210.0,5.67,0x08...af7e,https://bscscan.com/tx/0xc90e19695fe19e29a0515fd6b7616f28e31d592eb9ea46f3e3a25c6420f23a01
2023-03-26 00:55:46,True,1.522e-07,4.698e-10,1087540994.0,5.11,0xec...0165,https://bscscan.com/tx/0x4c3317cff14101da9d84df29cdafcb34be16af4141680ee32354ab7c394dc4d7
2023-03-26 00:55:31,False,1.506e-07,4.674e-10,985000212.0,4.60452,0xde...fa58,https://bscscan.com/tx/0x0c2775c6d2362c51903112abbe8c0c5d9608e67a3d0d7a1dfb0e7525062bdd96
2023-03-26 00:55:07,False,1.509e-07,4.682e-10,454939315.0,2.13031,0x1b...7f6d,https://bscscan.com/tx/0x8eaea2351eb64b4934387404927c50f4f836fa29462969038b62916ce0e24c0a
2023-03-26 00:52:37,False,1.51e-07,4.686e-10,286830019.0,1.3443,0xec...0165,https://bscscan.com/tx/0xfe50388c8fb6488e037f80c32f4581c3488a2025c238d265e3fe90a7943f02db
2023-03-26 00:52:28,False,1.52e-07,4.694e-10,1178845260.0,5.53456,0x2a...576a,https://bscscan.com/tx/0x83cc96e1ef30eab8802ffcd0674c826db8af8ce904181c341c31875d40d3d30f
2023-03-26 00:52:04,False,1.522e-07,4.703e-10,411080173.0,1.93362,0x1b...7f6d,https://bscscan.com/tx/0xf4b5f94cb98e90c2c54d0deb282fe03f4745f8800448f605c6452fbbd315f07d
2023-03-26 00:49:28,True,1.52e-07,4.722e-10,1321409431.0,6.24,0xde...fa58,https://bscscan.com/tx/0xee60e7f1c8ad835c36f4c36adb1b4d54eacbc0fa2b7ca345b7e2dc7b129aef1f
2023-03-26 00:49:16,True,1.525e-07,4.712e-10,468996496.0,2.21,0x2a...576a,https://bscscan.com/tx/0x098433a67e45c84e101fba2c2484154f4b8be12146860513fb47a6694b0de366
2023-03-26 00:48:04,False,1.517e-07,4.689e-10,705512595.0,3.30884,0x08...af7e,https://bscscan.com/tx/0x8892b49b3a74fe90b9d60657bb15caa1886f9befe28bb364e6b8556482906909
2023-03-26 00:46:22,True,1.518e-07,4.713e-10,623680520.0,2.94,0xec...0165,https://bscscan.com/tx/0xce154adec4691d3bd1a6b898db84984869a988bc234a832c9c5df5b5893aa756
2023-03-26 00:44:55,False,1.51e-07,4.689e-10,538718161.0,2.52655,0x08...af7e,https://bscscan.com/tx/0x195b1c87247ad968f9b93ea116e3681530a6b269b9509e03fd2cfa5ca4dba6ca
2023-03-26 00:43:13,False,1.52e-07,4.695e-10,470045299.0,2.20712,0xec...0165,https://bscscan.com/tx/0x5ee21539a7af4d2399941162f138010cbcba809934d71f0b33b1caf6383a3342
2023-03-26 00:42:58,True,1.519e-07,4.716e-10,854366045.0,4.03,0x2a...576a,https://bscscan.com/tx/0x52954917213f4414358f285eb55be8892ba87c3894b3424c4b52a7434cb15fa0
2023-03-26 00:41:52,False,1.518e-07,4.692e-10,672392175.0,3.15512,0x08...af7e,https://bscscan.com/tx/0x8fd1b0b0456c73682b92818031675f04dcdcb90045a7c70cdbd8ba673dafd53a
2023-03-26 00:40:22,False,1.52e-07,4.7e-10,771220459.0,3.62506,0xde...fa58,https://bscscan.com/tx/0xe91b1e5358614829d234adc32bb88986bc6f7e6e52a5f93ea581a732cff3972d
2023-03-26 00:40:04,True,1.52e-07,4.726e-10,336405298.0,1.59,0xec...0165,https://bscscan.com/tx/0x9d9df1e9328ab11b401cebb758a10b77d738a6a22c7627d9c2ff693430f75361
2023-03-26 00:39:46,False,1.522e-07,4.707e-10,1123111755.0,5.28676,0x2a...576a,https://bscscan.com/tx/0x670bbc32559bf04c8ecdccb0da806cecb09a752c3942c8985f26f7673dcb1eee
2023-03-26 00:37:16,False,1.517e-07,4.716e-10,496963247.0,2.34383,0xde...fa58,https://bscscan.com/tx/0xe73a9a72c4fec6f2fb6ae79df87b104f27bce7e40003328a58228663f2797ca3
2023-03-26 00:36:52,False,1.526e-07,4.721e-10,393966740.0,1.86004,0x1b...7f6d,https://bscscan.com/tx/0x56cc9eef09662f1d5d3dd2ae28fcf052fda09680e2f9599a57be26594960cf04
2023-03-26 00:36:37,True,1.533e-07,4.741e-10,1003892735.0,4.76,0x2a...576a,https://bscscan.com/tx/0x16c23937f6fbee8b1a64c586e718bd95985ddef7d41ee983efe81916de561cf2
2023-03-26 00:35:40,True,1.53e-07,4.731e-10,805270320.0,3.81,0x08...af7e,https://bscscan.com/tx/0x73b3f3752d4f0ba43bc51f7f552031de6465b17739ae1717791eae2f235b0877
2023-03-26 00:35:10,False,1.521e-07,4.703e-10,34411778.0,0.1618,0x13...5795,https://bscscan.com/tx/0xe97afe7b563a8c310a3d911d8be1b5cddd43b3238c95365a7ac91096707f0c65
2023-03-26 00:33:31,False,1.521e-07,4.704e-10,134499903.0,0.6327,0x97...6a3f,https://bscscan.com/tx/0x4106c74c9b229c1e7d8f90b3156ff5a6524ac53778c2b1148941d32bd3ecbc28
2023-03-26 00:33:25,True,1.528e-07,4.726e-10,387177451.0,1.83,0x2a...576a,https://bscscan.com/tx/0x5a8872f8ebec78e6e1805d0866f33b927588c2f6d6e4dca2b820a9d564cb8fcc
2023-03-26 00:31:13,True,1.519e-07,4.722e-10,404484223.0,1.91,0xde...fa58,https://bscscan.com/tx/0x375274eeed20c336ead73f6f512f0604c8a11d1f786731f1cad0fa851b3b5e76
2023-03-26 00:30:46,True,1.518e-07,4.717e-10,406994684.0,1.92,0x1b...7f6d,https://bscscan.com/tx/0x0a0eafa3ffee6f74f6a63314f956bed456c9d8857931304ec32a6a0d2b7e6082
2023-03-26 00:30:37,False,1.51e-07,4.694e-10,544724435.0,2.55733,0xec...0165,https://bscscan.com/tx/0x8fbaf994e52a00e1326da7ecb2b48557cdaefe126bbb938ee7a56d1cc0595cd5
2023-03-26 00:29:28,False,1.512e-07,4.699e-10,399359231.0,1.87698,0x08...af7e,https://bscscan.com/tx/0x1fc67e16b7d566b19f7a0313fcbf84190a15025fd4a657ac1d9ac6dbbe67bcf2
2023-03-26 00:28:10,True,1.528e-07,4.723e-10,383178499.0,1.81,0xde...fa58,https://bscscan.com/tx/0x2946414848ca2b1f1ed39857b3a2dc39cc107432405875b452ff07a81f1a5240
2023-03-26 00:27:43,False,1.52e-07,4.7e-10,390424480.0,1.83503,0x1b...7f6d,https://bscscan.com/tx/0x421315eee3164e3346d2c2417761780cf965c3446842af46bc48485c09b33ac8
2023-03-26 00:27:31,False,1.515e-07,4.707e-10,908488912.0,4.27658,0xec...0165,https://bscscan.com/tx/0x40dd6d0eca677643e62e5a70a0d6b18bc7a88082b0cefce855c9802e196b37f2
2023-03-26 00:26:25,False,1.525e-07,4.714e-10,341912750.0,1.6119,0x08...af7e,https://bscscan.com/tx/0x2729f521b40819742dee2b911733a1bcc6f1baac9347baf487921c338a7ea67b
2023-03-26 00:25:01,True,1.533e-07,4.739e-10,139174061.0,0.6595,0x25...d79c,https://bscscan.com/tx/0xe64e1e90db51a3d6bf85bf23ee9d7837012c50087f800cf66fdbaf2686474b6a
2023-03-26 00:24:22,True,1.531e-07,4.734e-10,612472377.0,2.9,0xec...0165,https://bscscan.com/tx/0x1bcc7533b5bcdb0f74488847212f7612214b2376e295eaf0495502226a3d418a
2023-03-26 00:23:13,True,1.522e-07,4.73e-10,139947779.0,0.662,0x25...d79c,https://bscscan.com/tx/0x2e4e25dec79bc06a4468f9e97038cc940cfcf80c3ee06c9c49ec8a86c626f988
2023-03-26 00:18:55,True,1.521e-07,4.727e-10,488669064.0,2.31,0x08...af7e,https://bscscan.com/tx/0xd2da74237301058c3bc506457bda2607405fc6bb7d6fb42fb686ddfb578971d3
2023-03-26 00:17:40,False,1.513e-07,4.705e-10,908206576.0,4.2739,0xde...fa58,https://bscscan.com/tx/0xfee4a8edcb7bfb3ab1b779969a7a8a66159a9a09630e5fe209d603fcacb7c305
2023-03-26 00:17:13,False,1.525e-07,4.717e-10,1189408670.0,5.61118,0x2a...576a,https://bscscan.com/tx/0x1e07b6ef263a0e67709f6df0a7da4d1df255e22004aec9d4d2a314968f4ea6af
2023-03-26 00:16:10,True,1.526e-07,4.746e-10,318149491.0,1.51,0xec...0165,https://bscscan.com/tx/0xa9107b78ccd91beb681812c8ded53ea44b064e5dd013fb75e4cdabe2e8cb0ca8
2023-03-26 00:15:49,True,1.531e-07,4.738e-10,1108032709.0,5.25,0x08...af7e,https://bscscan.com/tx/0x3112110a63a4bb7394e3893418d7a2d6517c038d7d1c7ebcfa10fe22c73fb454
2023-03-26 00:14:04,True,1.52e-07,4.727e-10,717029730.0,3.39,0x2a...576a,https://bscscan.com/tx/0x3b4c182bf7b15fb9728848593a65a72e733c175a98bbe2e6a393c122e336e9aa
2023-03-26 00:12:43,False,1.519e-07,4.703e-10,650604256.0,3.06035,0x08...af7e,https://bscscan.com/tx/0x50fc0a4259c93500a049d2c575f118e06d290c62ac6e4c200bd94e676e838710
2023-03-26 00:11:49,True,1.525e-07,4.726e-10,895035636.0,4.23,0x1b...7f6d,https://bscscan.com/tx/0x2ffba14f308cdb8f12fe5d3114df98026eae1e1cb10299912fee113b41b3b354
2023-03-26 00:08:46,False,1.509e-07,4.699e-10,366093268.0,1.72046,0x1b...7f6d,https://bscscan.com/tx/0x988230a798286580765c9f77dc90c350c394d85907e1e219ee5dceb95055dd43
2023-03-26 00:08:34,True,1.516e-07,4.722e-10,487039879.0,2.3,0xde...fa58,https://bscscan.com/tx/0x2f5df596c7680197dca8f48c13dbc85053112c429e6d6c851a7d8dad30000e4f
2023-03-26 00:07:43,False,1.509e-07,4.699e-10,589761256.0,2.77152,0x2a...576a,https://bscscan.com/tx/0x2ee65353b84206f8e61633b4ce387bbc4b56414c5b6c00577e17f3577f92072f
2023-03-26 00:06:37,False,1.518e-07,4.705e-10,453835905.0,2.1354,0x08...af7e,https://bscscan.com/tx/0x57f00a79ad07959e1aa518887d90e900a9c56f281173a268470b27285052c5ad
2023-03-26 00:05:43,False,1.52e-07,4.711e-10,583324659.0,2.74806,0x1b...7f6d,https://bscscan.com/tx/0x8309a4dfd595c4c9eb75c7a4455accc24218f0ab059bbc97609bf34738a61594
2023-03-26 00:04:31,False,1.521e-07,4.718e-10,683352633.0,3.22415,0x2a...576a,https://bscscan.com/tx/0xba0f1dda5b78d084f4c1a93ab6f1aaecd3c149255f4af2b6e530365ca06fc0e5
2023-03-26 00:03:34,False,1.524e-07,4.726e-10,886837905.0,4.19204,0xec...0165,https://bscscan.com/tx/0x4aeaa4fa3345a7089bd2a5e6602a85e990c7ab841aabff4488409bbbdf51638a
2023-03-26 00:03:28,True,1.523e-07,4.748e-10,1299408310.0,6.17,0x08...af7e,https://bscscan.com/tx/0xd583b74ce8f4c6249739eb78f7061074d1914b7e72d1e4e4cfec09050e379363
2023-03-26 00:02:40,True,1.528e-07,4.738e-10,455851225.0,2.16,0x1b...7f6d,https://bscscan.com/tx/0x45b303e3c16b85642704c7b5f06e40bf519ea985fa40aa3d9b67fd91e7112c3d
2023-03-26 00:01:22,True,1.518e-07,4.731e-10,695282266.0,3.29,0x2a...576a,https://bscscan.com/tx/0x66512a1bd7e6c79f568db1304ab4af6bcef3b542c53cb85605ab7242883f6c8c
2023-03-26 00:00:28,True,1.523e-07,4.723e-10,759997781.0,3.59,0xec...0165,https://bscscan.com/tx/0xd859a3d7ff838cee2b231a5315d9cd5aa4fe993b1a214a3d21152132ed31ba67
2023-03-26 00:00:22,False,1.515e-07,4.7e-10,888991046.0,4.179,0x08...af7e,https://bscscan.com/tx/0xed487fcc733826b7d80ed291c0ccd00982ac7a87c5e054dd1e9e48449539ed40
2023-03-25 23:59:37,False,1.518e-07,4.707e-10,259253571.0,1.22037,0x1b...7f6d,https://bscscan.com/tx/0xf4f0c911155b8a162cd5ea94f615edb615f21c9f04c8b2df13ee6e21f0356277
2023-03-25 23:57:19,True,1.526e-07,4.729e-10,424954052.0,2.01,0x08...af7e,https://bscscan.com/tx/0x6f7745cdb732513092f92ec3473237113d8eaf5e7c0e48c0af5579a0210ad7bd
2023-03-25 23:57:16,True,1.525e-07,4.729e-10,424954052.0,2.01,0x08...af7e,https://bscscan.com/tx/0x6f7745cdb732513092f92ec3473237113d8eaf5e7c0e48c0af5579a0210ad7bd
2023-03-25 23:56:34,True,1.522e-07,4.72e-10,1203195888.0,5.68,0x1b...7f6d,https://bscscan.com/tx/0xc4e4f1e5c5af5732e679fdb4ecfb8e3b83ce8472d0c0b86384aecad957f8f98b
2023-03-25 23:56:16,False,1.504e-07,4.688e-10,140724.0,6.597e-05,0x53...45f5,https://bscscan.com/tx/0x064c1b51358ee765a1a582d4edc2b08da6a89c5e1a80a0ab1a40e505dbfb7f9a
2023-03-25 23:54:10,False,1.506e-07,4.695e-10,854544984.0,4.01229,0xec...0165,https://bscscan.com/tx/0x8b186a620c059b9839cd3e9030dc5304ef8e1f5846ccdc72311cfc789d9bd1e2
2023-03-25 23:53:37,True,1.522e-07,4.72e-10,546550798.0,2.58,0x1b...7f6d,https://bscscan.com/tx/0x0b37293af4abaa0faf9964230c86abfec5d27150772f3ad2dbab86c417c96cca
2023-03-25 23:51:52,False,1.511e-07,4.695e-10,363626463.0,1.70756,0x2a...576a,https://bscscan.com/tx/0x540458e17d71234c98f7138adeaf05a3c0a68d6a7acb45184cf5a3e45a49a263
2023-03-25 23:50:28,False,1.514e-07,4.703e-10,1074642706.0,5.05507,0x1b...7f6d,https://bscscan.com/tx/0x9c2cc71adfe4f068dde97c6fa09bd104c1d39912b6e77241aa36bdd2ee2a2b30
2023-03-25 23:50:19,True,1.522e-07,4.73e-10,513667048.0,2.43,0xde...fa58,https://bscscan.com/tx/0x2267605c7cd0aae5c0bc7f0e52a827e2e1a9107039923a1b96f1c798207d2e6a
2023-03-25 23:48:01,False,1.515e-07,4.709e-10,933221962.0,4.39493,0x08...af7e,https://bscscan.com/tx/0x189da687f04677d8aa71063febfe9953e100c232a6e65f91de128d8ddb829af6
2023-03-25 23:47:52,True,1.522e-07,4.731e-10,1175062468.0,5.56,0xec...0165,https://bscscan.com/tx/0xb1de5ddbefdfeb33b631d111e4156a4ebea1c6d991c8aefe7eec894a4fc0a567
2023-03-25 23:47:13,False,1.515e-07,4.707e-10,1082368928.0,5.09527,0xde...fa58,https://bscscan.com/tx/0x33e4adc2dc6ae8abfd20dff2998ce165160a06d95e5a6dd1c2a7d395605bbefe
2023-03-25 23:45:55,False,1.527e-07,4.723e-10,1740332594.0,8.2202,0x03...4b6a,https://bscscan.com/tx/0xc6f254d07258a0d9b1954e8227e162cdf6a0bdb6794caa37b57088f1280616d0
2023-03-25 23:45:31,True,1.528e-07,4.751e-10,987102553.0,4.69,0x2a...576a,https://bscscan.com/tx/0x5c2eb3549ad298c42ff7e5935013b9a2e89c31c14f61dfb15a88dcfac467affa
2023-03-25 23:44:46,False,1.528e-07,4.726e-10,887229351.0,4.19392,0xec...0165,https://bscscan.com/tx/0xb1628415af511a2e69ee8d7ed989b3508ba1c96b53bc9a724d0c0e34921473e1
2023-03-25 23:44:25,False,1.531e-07,4.736e-10,740006171.0,3.50479,0x1b...7f6d,https://bscscan.com/tx/0xf557c159b2cbcd4052d5baaf35b4acdca40979c27f78aac0881a8362bba1e198
2023-03-25 23:44:13,True,1.532e-07,4.762e-10,350683706.0,1.67,0xde...fa58,https://bscscan.com/tx/0x6c37d4f01b7c9f1d41ba4bf04501bdb601c002e7ef3182de92d889d84f76971e
2023-03-25 23:41:49,True,1.537e-07,4.754e-10,1030652247.0,4.9,0x08...af7e,https://bscscan.com/tx/0x98e71801a51656f0c03417f1f37f6947b2d4f0a0ec302396a2b653faafc2c025
2023-03-25 23:41:34,True,1.533e-07,4.742e-10,1014193835.0,4.81,0xec...0165,https://bscscan.com/tx/0xc6f3bbb4e7e85b07cb396721a389d221c3ded398b02717fdd9c55663c426e5e1
2023-03-25 23:41:22,True,1.53e-07,4.733e-10,684542203.0,3.24,0x1b...7f6d,https://bscscan.com/tx/0x464f86a13209bb695bdc3eb1e5a71ddd2c2144d8066ef87908310073a2274df7
2023-03-25 23:41:10,True,1.527e-07,4.722e-10,1141270006.0,5.39,0xde...fa58,https://bscscan.com/tx/0x08f8a944163558f8bf4e9bcac02a5ed5866b50b57dc91129c702fcd96b9ecfa9
2023-03-25 23:38:28,False,1.51e-07,4.699e-10,1156342626.0,5.43401,0xec...0165,https://bscscan.com/tx/0x3ad1cf4693da0d93984f1e4c808c05ce20e6261ee0b62d0c9769a34695fe50c0
2023-03-25 23:38:19,False,1.514e-07,4.71e-10,804411728.0,3.78899,0x1b...7f6d,https://bscscan.com/tx/0x4730fc87e55000c15ca5d7fb50f164a2269526052a1267e47183f8fc2b965d0b
2023-03-25 23:35:58,False,1.523e-07,4.717e-10,482569939.0,2.27651,0x2a...576a,https://bscscan.com/tx/0x1694c3002077b71efc788afcbf41ca06179d2c7d8e2cf2db92dbde792a4b306e
2023-03-25 23:35:40,False,1.526e-07,4.726e-10,1210468934.0,5.72188,0x08...af7e,https://bscscan.com/tx/0x23c8e6152e1f10c66127b3dc1426d7d4b92e351660d89b42ad81e9535812ea4a
2023-03-25 23:35:19,True,1.535e-07,4.755e-10,334338322.0,1.59,0xec...0165,https://bscscan.com/tx/0xa606aa83f8f2f8dcd0d6de18c386b94582ed3d39ded732e82f94e49cdb4fbbd4
2023-03-25 23:35:04,False,1.52e-07,4.731e-10,295660488.0,1.39898,0xde...fa58,https://bscscan.com/tx/0xfa7cb422597367e1564c6e977536940fd4761806d0fa2fa73a31ce19f2cb7c39
2023-03-25 23:32:16,True,1.526e-07,4.752e-10,898567385.0,4.27,0x1b...7f6d,https://bscscan.com/tx/0x146a0201f7fa77dc28efa8de03b78ce0bcd2895000d918911561c03f2522f1d2
2023-03-25 23:32:10,True,1.523e-07,4.742e-10,780179309.0,3.7,0xec...0165,https://bscscan.com/tx/0xd392b709dd3de3886c0856946d4f6ebaed122a703cf4fa1ef379b9fa36298a0f
2023-03-25 23:32:04,False,1.515e-07,4.715e-10,275030198.0,1.29704,0xde...fa58,https://bscscan.com/tx/0xdb80ad0fe9e5ee1fa0186d2499ffb99530069d32d14ccc3b67bc4a93b23eafbc
2023-03-25 23:29:31,True,1.529e-07,4.737e-10,738861778.0,3.5,0x08...af7e,https://bscscan.com/tx/0x10705d91776933a2e2f1bfd683da3f7aaca91faaf5f00dcfad5efdfd90c41092
2023-03-25 23:29:13,True,1.527e-07,4.73e-10,437596829.0,2.07,0x1b...7f6d,https://bscscan.com/tx/0xdd3de7d304c007e70f220fe15d61dc5607b801d6d3a2274005916273e8c3b022
2023-03-25 23:29:01,False,1.519e-07,4.706e-10,332784169.0,1.56614,0xec...0165,https://bscscan.com/tx/0xc5a8e4a37cf9d89da93b05371db7e01c972845e320960af65391b860f6374c87
2023-03-25 23:28:58,True,1.526e-07,4.729e-10,334053933.0,1.58,0xde...fa58,https://bscscan.com/tx/0x361524d9c5c5ca09c398270b8e08b278d1fcea036be154142f8f60147e224013
2023-03-25 23:27:49,False,1.518e-07,4.704e-10,23470704.0,0.1104,0x57...f8b5,https://bscscan.com/tx/0xf9a7142e3bc0ec617fe8b6052117e55e1bd901d4c6d3a11491f286d07add8fc5
2023-03-25 23:26:22,True,1.524e-07,4.723e-10,815061651.0,3.85,0x08...af7e,https://bscscan.com/tx/0x8f973954a92c79b77cf93f83f627fc623565384942b6fc9c87164b602dde1ade
2023-03-25 23:26:10,False,1.517e-07,4.699e-10,696524325.0,3.27319,0x1b...7f6d,https://bscscan.com/tx/0xa29029c395244ca2d70017814ae49ba5a5ae3383478608d4283dcf47b9b8ae51
2023-03-25 23:25:58,False,1.512e-07,4.709e-10,1078459966.0,5.07873,0xec...0165,https://bscscan.com/tx/0xf9e62d7c627a18924f9d09dd0a5c3664f88dc64e23fcb4e1195eb33780e94293
2023-03-25 23:20:13,True,1.52e-07,4.733e-10,891442472.0,4.22,0x2a...576a,https://bscscan.com/tx/0x3981e39a7cee7fb2a391e3f1545480535f0f5fcc7c4207b397b4c969d55ce8da
2023-03-25 23:19:52,False,1.52e-07,4.711e-10,1111830923.0,5.23839,0xde...fa58,https://bscscan.com/tx/0x695e14c3e76cefc5b19ee80c64d2544542ea192046704ace350464b66cf6ccb6
2023-03-25 23:17:01,True,1.529e-07,4.738e-10,443141701.0,2.1,0x1b...7f6d,https://bscscan.com/tx/0xf4129db0b86eb90ea5c737da0d24a0fb7ca81ca6fa441f120e46fe37aa060187
2023-03-25 23:16:37,True,1.519e-07,4.732e-10,695198058.0,3.29,0xec...0165,https://bscscan.com/tx/0xd868041f557f0a5ebd96841d45f98e15f8d0cf6cc04a092ecf16aa782586137b
2023-03-25 23:13:58,True,1.523e-07,4.723e-10,880685976.0,4.16,0x1b...7f6d,https://bscscan.com/tx/0x1082107d68103efbb69c61c58db1445dbf94132d11e85fb94f587d874fb1e0c5
2023-03-25 23:13:46,False,1.516e-07,4.7e-10,1036885113.0,4.87427,0x2a...576a,https://bscscan.com/tx/0xcdcd75689334781cf1e607fefa85f8b84b41cda6911043e79ca12353c03181f6
2023-03-25 23:13:19,False,1.519e-07,4.71e-10,649214839.0,3.058,0xec...0165,https://bscscan.com/tx/0xc2153f903edb72c5a9897538ccf11abae6dab0133ab0a87b09472695f1fa77bf
2023-03-25 23:10:58,False,1.514e-07,4.72e-10,1193067830.0,5.63204,0x08...af7e,https://bscscan.com/tx/0x38fef76d90727c43aec13e58d877c422c1264846b4f4add2d11b564d7fab8bc1
2023-03-25 23:10:52,True,1.524e-07,4.75e-10,40018311.0,0.1901,0x79...75ee,https://bscscan.com/tx/0xa94912469d4fa31cd27fd5162f663a570ad994b9c8e3ef924fcd6a9046d1d105
2023-03-25 23:10:37,False,1.517e-07,4.728e-10,241601017.0,1.14235,0x2a...576a,https://bscscan.com/tx/0xf5c1785c8d9e46c833b698199a26194bce299268a2ea632b871394091bf6a460
2023-03-25 23:10:10,True,1.523e-07,4.746e-10,1287390596.0,6.11,0xec...0165,https://bscscan.com/tx/0x49403c1a4f49c87857af2c12bc836dea535eef063d3e0d3c0e0b95863bb7067f
2023-03-25 23:07:52,False,1.521e-07,4.716e-10,294290803.0,1.3881,0x08...af7e,https://bscscan.com/tx/0x55a2795653743a9a7328bd91eb5b7c541c20ac4b6151e747ec8060e8227476ec
2023-03-25 23:07:40,True,1.528e-07,4.738e-10,719712091.0,3.41,0xde...fa58,https://bscscan.com/tx/0xd45630900967be257997cce2cca906314a313294b9ea983053b20a9186db0c98
2023-03-25 23:07:28,False,1.52e-07,4.713e-10,622305614.0,2.93342,0x2a...576a,https://bscscan.com/tx/0x1ee280a534f7cb0a27cc350b082447fb870f722a5ba57ab772885da015b199af
2023-03-25 23:07:01,True,1.528e-07,4.738e-10,500225645.0,2.37013,0xe6...43c3,https://bscscan.com/tx/0x745020c023e3887785754404e12f3efc0e270b4d6087e9feb8105ba69cb81057
2023-03-25 23:07:01,False,1.52e-07,4.713e-10,322417608.0,1.51971,0xec...0165,https://bscscan.com/tx/0x88950d6e4fc079126769b508ab713894da9e5125d192a5fe8e9348c71a90276e
2023-03-25 23:04:46,True,1.519e-07,4.736e-10,407462164.0,1.93,0x08...af7e,https://bscscan.com/tx/0x2a3de513e125105844b5f1b7644afac7a254648388538de2fe2679b3a4c7fc98
2023-03-25 23:04:40,False,1.512e-07,4.713e-10,579666839.0,2.73252,0xde...fa58,https://bscscan.com/tx/0x18e5d8c6883661e189e2ee83b41bb0b27518ff949524d58f846478b38301363a
2023-03-25 23:04:16,True,1.527e-07,4.734e-10,1043300812.0,4.94,0x2a...576a,https://bscscan.com/tx/0x8e70f9c3484457347e21ee0621b248455ef4af0b7d4c9cb45702d6c593272917
2023-03-25 23:03:52,False,1.519e-07,4.71e-10,867252361.0,4.08505,0xec...0165,https://bscscan.com/tx/0xb823e82923c036f7c0fe2b5db834202b28d20b95e43d36506370f061de29e911
2023-03-25 23:01:37,True,1.527e-07,4.735e-10,574371769.0,2.72,0xde...fa58,https://bscscan.com/tx/0x46b41acea4612d62601be35f497f39ca8ef1a7656bc167b6205b8ba6c6b56d28
2023-03-25 23:01:07,True,1.517e-07,4.728e-10,752941119.0,3.56,0x2a...576a,https://bscscan.com/tx/0x5ee12852e7d63b27b96f0fc0253bd9c703d7b56b598869ffa80aac92b470abac
2023-03-25 22:58:46,False,1.517e-07,4.703e-10,640487511.0,3.01278,0x1b...7f6d,https://bscscan.com/tx/0x8a9af3bc7cf8c0d2378882f7986b69e6fe9ea233f6a7c8cca74b21445cf8ce9f
2023-03-25 22:55:30,True,1.517e-07,4.729e-10,334094439.0,1.58,0xde...fa58,https://bscscan.com/tx/0x113a1a711280c4700bb667b110311aef9ab729821063216e4cfb6706382874b1
2023-03-25 22:54:45,False,1.518e-07,4.708e-10,910566670.0,4.28769,0x2a...576a,https://bscscan.com/tx/0x1f015f69ed09e177a37f9094cacaeca04f2e8cd9b369f5a4f963a4d42fa4a0ff
2023-03-25 22:54:27,True,1.517e-07,4.73e-10,1302266982.0,6.16,0xec...0165,https://bscscan.com/tx/0x2404abeebde3dc81ded0074ad83c4dd87039637bd7fe9bddda7b89b378d56095
2023-03-25 22:52:27,False,1.51e-07,4.705e-10,1196192483.0,5.62928,0xde...fa58,https://bscscan.com/tx/0x7cd0be202cd2fbd2780c30325052b231446a593cacc461a6c3fec82b313e2386
2023-03-25 22:51:36,False,1.521e-07,4.716e-10,677201957.0,3.19401,0x2a...576a,https://bscscan.com/tx/0xda25b97868e3b910e949fc315d7a51550f4e882aa5e6527b5059f7f74f343dac
2023-03-25 22:49:39,True,1.521e-07,4.741e-10,508321768.0,2.41,0x1b...7f6d,https://bscscan.com/tx/0xfddafbbe623c2142add5757ba5627f1dcd906f87cbc51fe23b46702fb2fb8417
2023-03-25 22:49:27,True,1.526e-07,4.733e-10,790070028.0,3.74,0xde...fa58,https://bscscan.com/tx/0xfb774ef457e6852ddb46ab33b2cf48196da44a68e24a2fb03d6d00b8a30d63a5
2023-03-25 22:49:18,False,1.518e-07,4.707e-10,254073778.0,1.19595,0x08...af7e,https://bscscan.com/tx/0xe2302375e395f5e08e7c6ac67d95c66cfb0f756c53272e0f60079d97a5b78404
2023-03-25 22:48:48,False,1.518e-07,4.708e-10,29927339.0,0.1409,0x3f...c9e3,https://bscscan.com/tx/0x06dc5e0cd7c351b716b7984cb7f0149a7f2c50815ded9fccf11c11fce80f89a0
2023-03-25 22:48:27,True,1.525e-07,4.728e-10,683070438.0,3.23,0x2a...576a,https://bscscan.com/tx/0x79b8abec7c79096bbd91d22cd3455b7022a59d7264b64d78910f02ce4017380a
2023-03-25 22:48:12,False,1.516e-07,4.703e-10,399573171.0,1.87937,0xec...0165,https://bscscan.com/tx/0xdc856ecc07259e10a73f108b11a4632d783aab59138a4136dba0163833381fbd
2023-03-25 22:46:24,True,1.516e-07,4.726e-10,524719189.0,2.48,0xde...fa58,https://bscscan.com/tx/0xbdf5ce0c8f36dfef3bb5e2236f86f7de5b69567ca57c2f7ee994cc7c8bc9f4f5
2023-03-25 22:46:12,True,1.522e-07,4.719e-10,641979336.0,3.03,0x08...af7e,https://bscscan.com/tx/0xe892d3769c60fea678cbfcb1e84828a9448f246b61992bf35de2495e8fc19f94
2023-03-25 22:45:15,False,1.507e-07,4.697e-10,797948182.0,3.74803,0x2a...576a,https://bscscan.com/tx/0xa4e6eecf20679b024f47c8b6f9cc209eb767a6039e4b67353b0ad69c360b53e3
2023-03-25 22:45:03,True,1.515e-07,4.723e-10,328162238.0,1.55,0xec...0165,https://bscscan.com/tx/0x790779f968413ffd5c00db36935a4180458809e2ee8370dc6f7aaeaa205feb85
2023-03-25 22:44:30,True,1.515e-07,4.721e-10,21829306.0,0.103,0xe0...f20a,https://bscscan.com/tx/0x71705d28402818904e3530ec06081e4c6d7c1143687e7ae750bb4bf2a9794840
2023-03-25 22:43:33,False,1.516e-07,4.703e-10,990468821.0,4.65832,0x1b...7f6d,https://bscscan.com/tx/0xf9198e1d69cb10db79691cee47c36556604c66c2664cb6dbb7047cf18d02206b
2023-03-25 22:43:09,True,1.525e-07,4.729e-10,492649597.0,2.33,0x08...af7e,https://bscscan.com/tx/0x71a445031bef02ea98b81b163050692935a088dfa2a117b12d67c30d11c61051
2023-03-25 22:42:36,True,1.524e-07,4.726e-10,65001982.0,0.3072,0x63...c98d,https://bscscan.com/tx/0x9b4abba8a6ddcde14d0e2e579cf1d8ef722808a663129e299e54c5aa74665fa4
2023-03-25 22:42:03,False,1.517e-07,4.704e-10,339755993.0,1.59832,0x2a...576a,https://bscscan.com/tx/0x441e098b488b0f2888c3e78a4672c36c32d2c9b5fef0c96fae716ac821210a2f
2023-03-25 22:41:54,False,1.519e-07,4.71e-10,846376978.0,3.98725,0xec...0165,https://bscscan.com/tx/0x93534418b06e8da45f103dc9f6fce8301fb849583ca8cbfada5bffedad306802
2023-03-25 22:40:03,False,1.522e-07,4.72e-10,886067108.0,4.18284,0x08...af7e,https://bscscan.com/tx/0x54ee196ae20c125bbe8d28b01a8d6de85d1198c0264156f020f5ca29dfad7e29
2023-03-25 22:39:06,False,1.516e-07,4.723e-10,284906.0,0.0013,0x24...b9d0,https://bscscan.com/tx/0x713d1d19269521608b8d6c4df459dc5ade096f71d7a33d9d038972084e0fd370
2023-03-25 22:39:00,True,1.524e-07,4.748e-10,98020308.0,0.4654,0xb7...bd0a,https://bscscan.com/tx/0xd2033f0d2a3db2226168b48d1e9bc6d163da54b5d805f02e93d137b4c98702dd
2023-03-25 22:38:54,True,1.522e-07,4.743e-10,885469306.0,4.2,0x2a...576a,https://bscscan.com/tx/0x9d124f1016f0f6a7d9d0a5575eb9ada136657faba859d8e224b76ee988c4bd7d
2023-03-25 22:37:27,False,1.514e-07,4.717e-10,511951646.0,2.41511,0x1b...7f6d,https://bscscan.com/tx/0x577a635a63a293c69dc3505634a0a7cef530f959fc0722e24b76196a73ed9af6
2023-03-25 22:36:57,True,1.52e-07,4.737e-10,1091213158.0,5.17,0x08...af7e,https://bscscan.com/tx/0xba56781582e7a8a28af44e69392560251765e8c5492e90bb3123d876aaf39ea7
2023-03-25 22:35:45,True,1.524e-07,4.725e-10,1041087954.0,4.92,0x2a...576a,https://bscscan.com/tx/0xcdeaf7b10edb5df2d2f52b4102dafc93d251c1b87980d968e796162c7a4498ad
2023-03-25 22:34:24,True,1.519e-07,4.712e-10,1317749517.0,6.21,0x1b...7f6d,https://bscscan.com/tx/0x6a90ba5e611794f52c6522a5aefe41337344d4ef448c36dd484ba47f06d5c53f
2023-03-25 22:34:12,False,1.511e-07,4.688e-10,1241012265.0,5.81863,0xde...fa58,https://bscscan.com/tx/0x5eeb3fd6b80f562983965449d6f18c90761ec954d8a70b3f30eb6345ca24596a
2023-03-25 22:33:51,False,1.516e-07,4.702e-10,1205042052.0,5.66641,0x08...af7e,https://bscscan.com/tx/0x1035dcc7444219ad5993936adab914ca02afeb8c8b5906886ab5e54e83b4ef7f
2023-03-25 22:32:33,False,1.512e-07,4.714e-10,1010301622.0,4.76321,0x2a...576a,https://bscscan.com/tx/0x0dc6048a49b23382b0e75bd6eb16d7448b0d6be68dcfa21111be15beab025d2a
2023-03-25 22:31:21,False,1.523e-07,4.724e-10,719479592.0,3.39908,0x1b...7f6d,https://bscscan.com/tx/0xe9dc9ba29f09cfdb733dc24191ee32434a425993c340692a24e193eb404cde9e
2023-03-25 22:31:09,True,1.523e-07,4.746e-10,933253861.0,4.43,0xde...fa58,https://bscscan.com/tx/0xb93201e2f1765ee8f901397b835a9ba0a8664a166a2d301e730ab575f8f952f9
2023-03-25 22:30:45,False,1.521e-07,4.719e-10,332370557.0,1.5687,0x08...af7e,https://bscscan.com/tx/0x5f2a7eacd0f7a58517ec9a765bde6192a92fef43d28825392602415d613c5801
2023-03-25 22:30:30,True,1.522e-07,4.745e-10,3242091.0,0.0153,0x71...7198,https://bscscan.com/tx/0xcce873e8da345564abe4e9d671d37f8d9f1b7568a70ec02ef4f4cf4df7d531d0
2023-03-25 22:29:24,False,1.516e-07,4.726e-10,892246853.0,4.21729,0x2a...576a,https://bscscan.com/tx/0x7d242a4c51a38f8dfa53653b3827cfec87f595b4677a6b0bc949874db5c7bec7
2023-03-25 22:29:21,True,1.525e-07,4.753e-10,321865694.0,1.53,0xec...0165,https://bscscan.com/tx/0xf6d7ef716e2916ec3110d736ca0e045462db8eecff056b9aa42899a51e182e55
2023-03-25 22:28:24,True,1.531e-07,4.749e-10,400047178.0,1.9,0x1b...7f6d,https://bscscan.com/tx/0x35acbe146ef004400bf5d8a2cc28acc2d828d4e3890fe4548780cb2075c768da
2023-03-25 22:28:06,False,1.523e-07,4.723e-10,7167329.0,0.0338,0x94...4c2a,https://bscscan.com/tx/0x303c2347346875b43e0affca53799e86f349a9e68cd8741ab8695de4db3a038b
2023-03-25 22:27:30,False,1.514e-07,4.721e-10,166107.0,7.842e-05,0x53...45f5,https://bscscan.com/tx/0x5016553c77532e19657d871fa12093fdf8b8ed8843472f63120562f3c228f342
2023-03-25 22:26:12,True,1.529e-07,4.742e-10,828665942.0,3.93,0xec...0165,https://bscscan.com/tx/0xe611706a95f6dcff20e6c51999867090d691f8080a2c8e75502a598b3bc5cfa4
2023-03-25 22:25:18,True,1.519e-07,4.734e-10,606194084.0,2.87,0x1b...7f6d,https://bscscan.com/tx/0xf72420ac4f251670b88494b08bc8a2458dc37d8ff1cbb7f1e3361fd92ee87ad9
2023-03-25 22:25:09,True,1.517e-07,4.73e-10,39531772.0,0.187,0x3f...c9e3,https://bscscan.com/tx/0xc5b6d0d4c7cc89d0c9e6bc57758e11598ebd140b4b7711d1f709efff4c8284e4
2023-03-25 22:25:03,True,1.516e-07,4.727e-10,545740722.0,2.58,0xde...fa58,https://bscscan.com/tx/0x16f4fec4c18d3f9d04b52c6f4a4215ec5d7112e522edbfe9cd6759c18aae3085
2023-03-25 22:24:36,True,1.514e-07,4.72e-10,618516759.0,2.92,0x08...af7e,https://bscscan.com/tx/0x6c4399270f22482ec34bc31173c1f5f213d7ae42db2687fcfb1e9eb4a2db8ef5
2023-03-25 22:23:06,True,1.52e-07,4.715e-10,405070618.0,1.91,0x2a...576a,https://bscscan.com/tx/0x1bddd35cce3d86e5ce9bbe159b591bb390bc5c309a5f0546e7fdda19f991dcd8
2023-03-25 22:22:21,False,1.506e-07,4.695e-10,1113645551.0,5.22927,0x1b...7f6d,https://bscscan.com/tx/0xde77daac453190e042471b624ad2d97a71c8756332c9e42b0944ffc5a382aa4f
2023-03-25 22:20:00,True,1.522e-07,4.723e-10,389563054.0,1.84,0xec...0165,https://bscscan.com/tx/0xd08281ecde2c82cf3baaf588d00ed6dae4ae719b6094f2df65c5bab23eaff14e
2023-03-25 22:16:09,True,1.52e-07,4.718e-10,370843768.0,1.75,0x1b...7f6d,https://bscscan.com/tx/0xa174fb07e7c8635b5bc32f8cb2c39851a5137aa0c9a76737fb5f7808266975fb
2023-03-25 22:15:18,False,1.512e-07,4.695e-10,457132051.0,2.14664,0x08...af7e,https://bscscan.com/tx/0xc93d02ca80f1f8b4e17caa95ce3b8f2fd7b76d4b447c22acabc4702bd244ebea
2023-03-25 22:13:36,False,1.508e-07,4.705e-10,1232702009.0,5.80026,0xec...0165,https://bscscan.com/tx/0xf9239ee2cf6ee6f39a07c52061c22c8fe498158c310d9fe94a3bb14c2abef9e9
2023-03-25 22:13:06,False,1.511e-07,4.715e-10,670105874.0,3.1602,0x1b...7f6d,https://bscscan.com/tx/0x18f6a112c4f13bc6ff1e84ae546c4ab706bf017977ee874ff001088ccac5ad4a
2023-03-25 22:12:54,False,1.514e-07,4.726e-10,1124966197.0,5.31666,0xde...fa58,https://bscscan.com/tx/0x859fa60337fe0e5e7944167cf50998e53b0bc96eaeb388c2e376916948ba4830
2023-03-25 22:12:12,True,1.523e-07,4.753e-10,528071973.0,2.51,0x08...af7e,https://bscscan.com/tx/0xd98633328fb4636c9f451c69ae433f1ba115153a79909ee630049b3e20d20938
2023-03-25 22:10:30,False,1.515e-07,4.729e-10,492653826.0,2.32986,0xec...0165,https://bscscan.com/tx/0xf550c67d73187ac2e57322156d7cbd1bca9053799ad342b01086fbe4a46d6a66
2023-03-25 22:10:21,True,1.521e-07,4.749e-10,1059012029.0,5.03,0x2a...576a,https://bscscan.com/tx/0xdade207b6c5ee63f0ab50b2892bba74526dfd79b2358f13f011cf364ad33435d
2023-03-25 22:10:06,False,1.513e-07,4.721e-10,347513893.0,1.64095,0x1b...7f6d,https://bscscan.com/tx/0x2b976e7785bec79bdf5ce52481040c0bbde45ed7d145653113beb3e6c9cde0ee
2023-03-25 22:09:51,False,1.522e-07,4.726e-10,376498418.0,1.77935,0xde...fa58,https://bscscan.com/tx/0x65d1ff9038b6957c159dd85f90ecfa7dfae37e1051d54a1e0fb61729a4342cef
2023-03-25 22:07:21,True,1.529e-07,4.749e-10,480083305.0,2.28,0xec...0165,https://bscscan.com/tx/0x5403c590b5b495d4604d4330c63ffca1d1267f84af92d7a91ab1fb3170b71ac6
2023-03-25 22:07:12,False,1.514e-07,4.724e-10,382801992.0,1.80871,0x2a...576a,https://bscscan.com/tx/0x364e25fd15bbcbe29b590b502a84ef8922cb5395d3045392490ac540e029b87c
2023-03-25 22:06:51,True,1.52e-07,4.744e-10,1127647131.0,5.35,0xde...fa58,https://bscscan.com/tx/0xb6907247c30f595084c4d78fb4ba87837d78790b5ca97aa2467aed894778f185
2023-03-25 22:06:03,False,1.52e-07,4.718e-10,773876737.0,3.6517,0x08...af7e,https://bscscan.com/tx/0x93a99ca7471e82ab98ca9327d93ff5c7a8de216928daaec763adc8da1f37ac81
2023-03-25 22:04:00,False,1.522e-07,4.725e-10,522273566.0,2.46826,0x2a...576a,https://bscscan.com/tx/0x9d3f21634807645bced91c066e9cdff71c5943fe4394a7fe59f2f07651a53277
2023-03-25 22:04:00,True,1.528e-07,4.745e-10,1331898535.0,6.32,0x1b...7f6d,https://bscscan.com/tx/0x89c08e34183da5840c6731751155816c5a0d9ccd1e21fc2409523ffed8792220
2023-03-25 22:02:57,True,1.524e-07,4.731e-10,997475217.0,4.72,0x08...af7e,https://bscscan.com/tx/0xce1b8357b12363b541dd3609d8ea72215f043196cd76fe69c99fc9ab65637cc0
2023-03-25 22:00:57,False,1.515e-07,4.704e-10,280671991.0,1.32037,0x1b...7f6d,https://bscscan.com/tx/0x658e7b1a5ef807b960ceb210a49fe3f62932ecc3de3423efd2dcdd166d3806a6
2023-03-25 22:00:51,True,1.522e-07,4.724e-10,884749430.0,4.18,0x2a...576a,https://bscscan.com/tx/0x9c3d00054295313a222a56fa7afbbcea8d60f53359707f7b3e95e3497acdc28b
2023-03-25 21:59:54,False,1.506e-07,4.699e-10,607775745.0,2.85616,0x08...af7e,https://bscscan.com/tx/0x35f70b36b1b7f7923a68fa3a0fa0beed3feda5e78b31ba43fb513ca72d8cd2ae
2023-03-25 21:57:54,False,1.509e-07,4.708e-10,941117487.0,4.4308,0x1b...7f6d,https://bscscan.com/tx/0x74fc0a14401c7a207450d5d768d20dfb9cdf500fe5861ea5e28a0dd4cd5951e7
2023-03-25 21:57:42,True,1.516e-07,4.733e-10,627457291.0,2.97,0x2a...576a,https://bscscan.com/tx/0x723fc1d6a7b7c2f3417ce3e2d18c38dd978295d7e83a7d941397aeb56a013fb2
2023-03-25 21:56:45,False,1.517e-07,4.71e-10,695077449.0,3.27391,0x08...af7e,https://bscscan.com/tx/0xd70888ac9b7652ff571ff6634fb9095da255e207e17f12b92d3527e1e462856d
2023-03-25 21:54:51,False,1.519e-07,4.715e-10,272232998.0,1.28373,0x1b...7f6d,https://bscscan.com/tx/0x413f60b9c42891456586a7b62314c23c5b0cad4067bfe70907a6d319b4099312
2023-03-25 21:54:48,True,1.526e-07,4.737e-10,495995944.0,2.35,0xec...0165,https://bscscan.com/tx/0x82983213a19abe7fa2ea26b9a43230af98f230ec28c817848e66aba4f744caca
2023-03-25 21:54:42,False,1.518e-07,4.713e-10,300023481.0,1.41407,0xde...fa58,https://bscscan.com/tx/0x8446d04a19edad75e91e782f36723c68f155bc9074dbd08f533db0ef28524f7c
2023-03-25 21:54:30,False,1.519e-07,4.716e-10,325070235.0,1.53325,0x2a...576a,https://bscscan.com/tx/0xc2729df9f7312e1f0216efa468de4b3bba31f90493bc89a877c46dffeca7ecd3
2023-03-25 21:53:42,True,1.526e-07,4.736e-10,920416964.0,4.36,0x08...af7e,https://bscscan.com/tx/0x7ec43037150bb5b746b9fd8e97416f41c05047466575a5eec0ab0a29c53f1071
2023-03-25 21:51:48,True,1.524e-07,4.729e-10,433463389.0,2.05,0x1b...7f6d,https://bscscan.com/tx/0x769729e79fd6f279d2dd1e3d4ec7babb23036490d09e582b3b406c249ec8043e
2023-03-25 21:51:39,False,1.509e-07,4.708e-10,915951572.0,4.3127,0xec...0165,https://bscscan.com/tx/0x9848e44527b08604345a4036ed4d3adacf36fc86b8b59aa3eb94d66ec6aa9cea
2023-03-25 21:51:36,True,1.517e-07,4.734e-10,559774246.0,2.65,0xde...fa58,https://bscscan.com/tx/0xa75838de4ac30c14618cc3b6c26ddfa875b59588cda05a962648202abc4dcdb7
2023-03-25 21:50:36,True,1.515e-07,4.727e-10,634609073.0,3.0,0x08...af7e,https://bscscan.com/tx/0xb7f359c51c8012a7ad9eab8576eae8c1a8c752bd1d7f04e6c73064265f4d6131
2023-03-25 21:48:46,True,1.512e-07,4.718e-10,962202491.0,4.54,0x1b...7f6d,https://bscscan.com/tx/0xa65d86c0f59327317e8ce709f764dbc48ea6584b549befc160614b4de32a966f
2023-03-25 21:48:33,False,1.512e-07,4.695e-10,1022719627.0,4.80179,0xde...fa58,https://bscscan.com/tx/0x3545b1b0ecb05c654585de762fd088adf6e919df3ea073a9566d5ca524be870c
2023-03-25 21:48:29,True,1.521e-07,4.722e-10,359988091.0,1.7,0xec...0165,https://bscscan.com/tx/0x3190f2fa9c79175e06d863fe7ee1f65b535a96c9bfbfe33d7ba5f8aa0b6ec00e
2023-03-25 21:48:11,False,1.507e-07,4.701e-10,824331957.0,3.87551,0x2a...576a,https://bscscan.com/tx/0x5e8c0d68faa8d61246fa7b2ad3af043760f2de3e9a4deec09e4166c2800b83f0
2023-03-25 21:45:31,True,1.522e-07,4.726e-10,577612328.0,2.73,0xde...fa58,https://bscscan.com/tx/0xe11a3c41f398f2feb04ae1eeb864fbd350d9f4ed09ab7a70a6d808b34bd34a7c
2023-03-25 21:45:19,True,1.52e-07,4.718e-10,739571580.0,3.49,0xec...0165,https://bscscan.com/tx/0x2c1eec470af03759160648dcf158b72a85e7b3a710270bd1f5ee66f29e2f668b
2023-03-25 21:44:55,True,1.518e-07,4.714e-10,2121810.0,0.01,0xa8...e109,https://bscscan.com/tx/0xa7a793677cfeb83079ad9c51b8ad0fc7e297ede8cd58ade05875e6a41ee0cd7b
2023-03-25 21:43:58,True,1.518e-07,4.714e-10,68939605.0,0.325,0x7a...9fd8,https://bscscan.com/tx/0xb92034a03cf67dd06d8b60f9f53154f53c0090ddc695633c17bdde919682cc9e
2023-03-25 21:42:49,False,1.511e-07,4.693e-10,495394857.0,2.325,0xde...fa58,https://bscscan.com/tx/0x269ebd1776f7dde1c3ed9ef6c3ca6b8d82f093982f3a79dd75b5811ff5422aff
2023-03-25 21:42:43,False,1.514e-07,4.701e-10,997064613.0,4.68775,0x1b...7f6d,https://bscscan.com/tx/0xca5605cdc6c5d1e94c11bed6ec4949405de60bda75e6f483176f9a726bf02926
2023-03-25 21:42:13,True,1.522e-07,4.727e-10,520325742.0,2.46,0xec...0165,https://bscscan.com/tx/0xaece09804201f7170bb9ad76420acaceec8c8b8d70a7fadc9fa1ecb68eb25e29
2023-03-25 21:41:49,True,1.519e-07,4.719e-10,961972350.0,4.54,0x2a...576a,https://bscscan.com/tx/0xed9d0d4c798b35a74c80211b724d906adcce830d8d50b9153d2005e55ac3f820
2023-03-25 21:39:25,True,1.516e-07,4.71e-10,588013059.0,2.77,0xde...fa58,https://bscscan.com/tx/0x2f15190d550fbab92b69c7315139416822605483d18a2ed50303c56803ae91da
2023-03-25 21:38:40,False,1.501e-07,4.688e-10,805181995.0,3.77507,0x2a...576a,https://bscscan.com/tx/0xb26de4dd62ded16a696ba452f3345b02bb09f6267d965dd12baf368289026205
2023-03-25 21:36:37,True,1.507e-07,4.714e-10,339372343.0,1.6,0x1b...7f6d,https://bscscan.com/tx/0xb3d08e1a4f2941226cdb03bfbee3867669dc07e6260292a06f89bbbdcaf1f552
2023-03-25 21:35:55,False,1.508e-07,4.691e-10,457923860.0,2.14844,0xec...0165,https://bscscan.com/tx/0x48c71e621823122d1f79b5d16c4703fc9a8e6cde1a4c3f316e5be8bb71604571
2023-03-25 21:35:30,False,1.503e-07,4.699e-10,1012583256.0,4.75904,0x2a...576a,https://bscscan.com/tx/0x1b866a8c289939c412c04034861168c927bb6239546a2999ddfb495ce8604957
2023-03-25 21:35:09,False,1.515e-07,4.711e-10,1037191726.0,4.88659,0x08...af7e,https://bscscan.com/tx/0xbd68256e74b5cf288993c935d74a3e0d1c5f4502928afe84f6cd03a24c931001
2023-03-25 21:32:45,True,1.523e-07,4.738e-10,337628604.0,1.6,0xec...0165,https://bscscan.com/tx/0x7e7d8575487c212fc78be898a163ce5c8b0888a510f089be78d53f78452bf5fc
2023-03-25 21:32:18,True,1.514e-07,4.731e-10,891801851.0,4.22,0x2a...576a,https://bscscan.com/tx/0x038f4547b062807e66c320be404d5eeb41871625f584b3398d94cb101605447b
2023-03-25 21:32:03,True,1.511e-07,4.722e-10,785592518.0,3.71,0x08...af7e,https://bscscan.com/tx/0x4e4e327b7fabcc51d6416ceba982dae686ca25bc3a5b7e0b135f276b4308078d
2023-03-25 21:30:33,True,1.507e-07,4.715e-10,489885265.0,2.31,0x1b...7f6d,https://bscscan.com/tx/0xe5c58242d2c59b9829e28a16eb80bca418c9612f5fe23d008cc2ce44827571b5
2023-03-25 21:28:57,False,1.499e-07,4.69e-10,318633151.0,1.49467,0x08...af7e,https://bscscan.com/tx/0x274edc192083d9545328c1f6628a8f3ef3c0ca0a30386fb9e8ffc98be3e38b97
2023-03-25 21:27:14,True,1.515e-07,4.713e-10,443386404.0,2.09,0xde...fa58,https://bscscan.com/tx/0x5d208600df2bd0f774230cb0b66a5db619ee9c29a3e39a969b8dc15405b1245c
2023-03-25 21:26:31,False,1.507e-07,4.69e-10,547547970.0,2.56842,0xec...0165,https://bscscan.com/tx/0xb0254c152268ac42f8014353d3f494f1ddfaaf9a6c833ea9ceda0ec0233d8cd8
2023-03-25 21:25:58,True,1.506e-07,4.714e-10,576989457.0,2.72,0x2a...576a,https://bscscan.com/tx/0x09c571b630abd071b22599eee0911ea873af285dfa5e3387df4d66aaa3db22ba
2023-03-25 21:25:54,True,1.504e-07,4.705e-10,920152733.0,4.33,0x08...af7e,https://bscscan.com/tx/0x73302ab2803f33ca2afa464579b66f92bd91f07a58808268f4be0fc66a5395f5
2023-03-25 21:24:25,True,1.508e-07,4.697e-10,625916904.0,2.94,0x1b...7f6d,https://bscscan.com/tx/0xc526163a0dc0984b95f44907f25d51e5af04e5995019b1598e0e1a7610489fd7
2023-03-25 21:24:13,False,1.502e-07,4.675e-10,988598209.0,4.62235,0xde...fa58,https://bscscan.com/tx/0x0d72e9f41ecc941156c4f825483cc691eb9a812b4880b67c0499f3d29c1b87e0
2023-03-25 21:23:22,False,1.496e-07,4.684e-10,532340930.0,2.49353,0xec...0165,https://bscscan.com/tx/0x5867a089c7530db8aeadc9a085e19af8f560778c0332143b4010214179cbcd35
2023-03-25 21:22:46,False,1.499e-07,4.693e-10,1195729431.0,5.61241,0x08...af7e,https://bscscan.com/tx/0xafdcc03bc1e27a53f993f90e0c296fcd4b5dc5e07dc09592ca07dcd1cfb89b6c
2023-03-25 21:21:22,False,1.51e-07,4.702e-10,430935776.0,2.02659,0x1b...7f6d,https://bscscan.com/tx/0xd2f6856d7ca14540e9af8569413fdef751ef399f4636e49d589b57e29850b9b5
