datetime,buy_order,price_USD,price_native,amount_token,total_native,maker,etherscan_url
2023-03-31 19:40:41,True,1.4e-07,4.41e-10,41179946.0,0.1816,0xc6...0704,https://bscscan.com/tx/0xb224787e332854080f6b1669a5bbaac5dd0c743ff8983a82f964da547e0423df
2023-03-31 19:37:23,True,1.4e-07,4.409e-10,12800000.0,0.0564,0xf6...d95c,https://bscscan.com/tx/0xfea7ea72fb881436bd9de1f8a5cdd96d8445e9671d63f2174d1ff0420a462f7f
2023-03-31 19:30:32,False,1.386e-07,4.387e-10,48657654.0,0.2135,0x20...fceb,https://bscscan.com/tx/0x7b4df94dbb633d8aa3a2bb78b1ef3a2475149c3d35d3da8a3c0ae8c49f419d75
2023-03-31 19:29:17,True,1.401e-07,4.41e-10,14512100.0,0.064,0x81...ff80,https://bscscan.com/tx/0xd5723fa128dc3eca0848e3c572a2f6631d1ed311587b3cdec36987f663957326
2023-03-31 19:23:41,True,1.394e-07,4.409e-10,34014700.0,0.15,0x3b...02c2,https://bscscan.com/tx/0xc554abf12817a76d69e121949c29f1a156c5b3bafa436a0bb0affd262ca97486
2023-03-31 19:22:08,False,1.395e-07,4.391e-10,740822417.0,3.25321,0xde...fa58,https://bscscan.com/tx/0x78f1319087e75405bf04d441cc43f8303f681e246d58d4e919278b2d8da5d797
2023-03-31 19:21:44,False,1.397e-07,4.396e-10,328045188.0,1.44231,0x2a...576a,https://bscscan.com/tx/0xd7d3e88a0ccd33fe9eb51e74fce140fbfd5220b51366197cb4f762e5dff68d08
2023-03-31 19:21:41,False,1.398e-07,4.399e-10,241995585.0,1.06466,0x1b...7f6d,https://bscscan.com/tx/0x1bba48759bb54a43fe1b852e80923d7ded3ea922af368e641f6243c3591cc5dd
2023-03-31 19:20:50,True,1.403e-07,4.417e-10,1029964349.0,4.55,0x1b...7f6d,https://bscscan.com/tx/0x88b9be943970578f000035098d9991fa91e80ae607585f84e61b877232c4366b
2023-03-31 19:19:35,True,1.393e-07,4.408e-10,807545737.0,3.56,0xde...fa58,https://bscscan.com/tx/0xb58f24f286debccfa2ef5fb4522089e0649bec58fd0c410c8c11d0939d801b43
2023-03-31 19:19:11,True,1.392e-07,4.402e-10,436145256.0,1.92,0xec...0165,https://bscscan.com/tx/0xfe7c7cdeeccf604efc9a149a021fd090e14846210f2eb6e001648ea169294227
2023-03-31 19:18:20,False,1.384e-07,4.379e-10,371889587.0,1.62884,0xec...0165,https://bscscan.com/tx/0xe88b1ddafced20d9dafe4647435f9e78d4e154713e3efea977a57a13dcc45e14
2023-03-31 19:18:17,False,1.387e-07,4.387e-10,1092914376.0,4.79481,0x1b...7f6d,https://bscscan.com/tx/0xf7c853db21095f79b0c9727fae0df1f01732f3a0a17849e9b5bd9ad580e2e267
2023-03-31 19:17:56,False,1.389e-07,4.394e-10,353440897.0,1.55315,0xde...fa58,https://bscscan.com/tx/0x0510977ece9b1f57208da7d26543377063c10b020be2ef0cebc1202dff95a498
2023-03-31 19:17:29,False,1.39e-07,4.398e-10,422754073.0,1.85937,0xec...0165,https://bscscan.com/tx/0x703ee78a02d10c9ca31a74198303037ebd2927f3ba54778f2ba044fb60a27036
2023-03-31 19:17:26,True,1.396e-07,4.417e-10,964330133.0,4.26,0x1b...7f6d,https://bscscan.com/tx/0xa50a285ba3564fd2c2946032d355f01e4ad937eb3e60de8ce64fd241de702dbf
2023-03-31 19:16:02,True,1.394e-07,4.409e-10,621367912.0,2.74,0x2a...576a,https://bscscan.com/tx/0xd02e08893fcbe04ebfe40b58ceb466672031dae656aeafd98a1ff221764d452b
2023-03-31 19:15:44,False,1.387e-07,4.386e-10,495946672.0,2.17571,0xde...fa58,https://bscscan.com/tx/0xba78a10fdc00d5e03d38e9e9e7e572136c5b7a039c494a7207e0983c72078eab
2023-03-31 19:15:11,False,1.395e-07,4.39e-10,254175112.0,1.11601,0x2a...576a,https://bscscan.com/tx/0x3ee2361049f33c8cb37ba0aefcfd1416760a6db51bf6a5881e0647c96b3f83b7
2023-03-31 19:14:20,False,1.389e-07,4.394e-10,530583870.0,2.33171,0x2a...576a,https://bscscan.com/tx/0xfc286ea67f439a3b1b10cbebd735b8af02b71fa7ed0a440750f2033fd38f13dc
2023-03-31 19:13:32,True,1.396e-07,4.416e-10,593250812.0,2.62,0x2a...576a,https://bscscan.com/tx/0x89b9275be32d5ccde03d623dc04ef0bfdb374eca7e15e0e5e2fc37c6bed75c86
2023-03-31 19:12:41,False,1.396e-07,4.394e-10,680285730.0,2.98967,0x2a...576a,https://bscscan.com/tx/0x2897840304307f17b965b58280b6b9e05aa95dd41b5024ec47fd128c4b21fed8
2023-03-31 19:11:59,True,1.403e-07,4.416e-10,783470913.0,3.46,0xde...fa58,https://bscscan.com/tx/0xe8b8ca606ac0f4d79a429ed0ffe9f8e33324503ed5e7e9bef468fc639ef1fb56
2023-03-31 19:11:29,True,1.393e-07,4.407e-10,957454104.0,4.22,0xec...0165,https://bscscan.com/tx/0x0bd679104e6417f03f5df671659db179ccacb3f037c8eeef51e45b55f5196953
2023-03-31 19:10:41,False,1.392e-07,4.381e-10,244351893.0,1.07074,0x1b...7f6d,https://bscscan.com/tx/0x14aadae1524b7ac78f6b91d96cca47b1aa90946f83cf9c5607c7bdabb8d3dd48
2023-03-31 19:10:14,False,1.386e-07,4.385e-10,541157109.0,2.37344,0xde...fa58,https://bscscan.com/tx/0x5126343edc614908491ba22e8b6a56c35550314dacd6c08dc0a731e950822d96
2023-03-31 19:09:50,False,1.395e-07,4.392e-10,710954146.0,3.12258,0x1b...7f6d,https://bscscan.com/tx/0x8e93d4ad35c045fac4315482fba989dba395b46ec7ac2b78892f76e527778a06
2023-03-31 19:08:59,True,1.403e-07,4.415e-10,416704705.0,1.84,0x1b...7f6d,https://bscscan.com/tx/0xe350188489ab628e05eb0c7ec22e31b7512ffec6a20f16086a5812fe1faf931b
2023-03-31 19:08:02,False,1.396e-07,4.396e-10,1095098239.0,4.81507,0xec...0165,https://bscscan.com/tx/0xe47f544c0ebeb27cd392376e1280fa220bf30037c48c9fc9ea0bf498b2e62cd3
2023-03-31 19:07:44,True,1.405e-07,4.424e-10,61227705.0,0.2708,0x7e...564e,https://bscscan.com/tx/0x3ed6443404a2957296d09833c7add60f97f82c8e9fa745e0e2c0578d574a794f
2023-03-31 19:07:23,True,1.397e-07,4.421e-10,513425769.0,2.27,0x2a...576a,https://bscscan.com/tx/0xc78c6c598da721484899820250e4ea41b94fb9fbf74c3bd904c53b0208288f82
2023-03-31 19:07:11,True,1.402e-07,4.416e-10,421139550.0,1.86,0xec...0165,https://bscscan.com/tx/0x86d6eb606777adadbb0dccadf3ebb4be02fd3c6d3e2e5189d832d37a10a43c1b
2023-03-31 19:06:02,False,1.395e-07,4.394e-10,485607513.0,2.13417,0x2a...576a,https://bscscan.com/tx/0x520097315746d78593680054b692ebfeced7e53003849aa0f8852870e7b15df1
2023-03-31 19:05:35,True,1.402e-07,4.415e-10,672560398.0,2.97,0x1b...7f6d,https://bscscan.com/tx/0x66408bb7fe08fc194c7aa0f1eca6a4eaa49fe87dee71fe91b8145a3010130808
2023-03-31 19:05:08,False,1.395e-07,4.391e-10,287755738.0,1.26382,0xde...fa58,https://bscscan.com/tx/0x150ae9d7cbe72d1d043ef2a311634a29269aefff0ae36846596c1c328ea4b60c
2023-03-31 19:04:44,False,1.389e-07,4.396e-10,642833057.0,2.8263,0x1b...7f6d,https://bscscan.com/tx/0x1473334d5de0c357794fc9155f67c8ac780d445f9ab7fb19b0f233d10c5930c8
2023-03-31 19:04:23,True,1.396e-07,4.419e-10,543087392.0,2.4,0xde...fa58,https://bscscan.com/tx/0xda07c95d39b11cbb45c67a69d9bf85ef220053d92e83fd99f5d8e69c86245ba7
2023-03-31 19:02:53,True,1.394e-07,4.413e-10,661661541.0,2.92,0xec...0165,https://bscscan.com/tx/0xf212569b53d3c10d7bd0d13b915da66e1b6be98453c53fad47bac9b462a23506
2023-03-31 19:02:14,True,1.399e-07,4.407e-10,471927528.0,2.08,0x2a...576a,https://bscscan.com/tx/0x7256dc07b30eb49debaaf4b3100df2ef68aa8f69608b0783c12635b3884c79a9
2023-03-31 19:01:47,True,1.391e-07,4.403e-10,356549558.0,1.57,0xde...fa58,https://bscscan.com/tx/0x37e3080471f1bb2fafd86def501cfbe660a6838bf2306eebf3443b1675b00560
2023-03-31 19:01:38,False,1.391e-07,4.381e-10,334651955.0,1.46618,0x1b...7f6d,https://bscscan.com/tx/0xd88fb0e4327ec21fcf3489c59a0e94196f4a6a2413ddd0271eb26837ee01735f
2023-03-31 19:01:05,True,1.391e-07,4.401e-10,620205098.0,2.73,0x1b...7f6d,https://bscscan.com/tx/0x760eaad7574444d0217e27ac89a3b450e201f80eb540171185c194bc98381d51
2023-03-31 19:00:29,False,1.384e-07,4.379e-10,659155170.0,2.88709,0x2a...576a,https://bscscan.com/tx/0x17d2633fe57951911198ebce27dfd7abc55dacf6df0a726d50c5c4ca1ad009d0
2023-03-31 19:00:05,False,1.386e-07,4.386e-10,610546442.0,2.67803,0xde...fa58,https://bscscan.com/tx/0x39bc9fcf266435eadd0883996acc8938f840360dc1f69e3283b8c3e6774b1fb1
2023-03-31 18:59:26,False,1.395e-07,4.392e-10,731501596.0,3.21345,0xec...0165,https://bscscan.com/tx/0x0c9eb9407a5c0a8ceb295001c828a9f42dcf6ef7042b82acbc0a12ec7465c7ab
2023-03-31 18:58:38,True,1.395e-07,4.415e-10,625068031.0,2.76,0xde...fa58,https://bscscan.com/tx/0x13a09562027d07808902e92dd5f896877aa96471c32c07c9452b06752b22c569
2023-03-31 18:57:59,False,1.388e-07,4.392e-10,353533996.0,1.55276,0x1b...7f6d,https://bscscan.com/tx/0xc54b2e7c9cef6e272cfa84a36ee4855ca6c7c10c4b0a9a79d097b0377b6fa307
2023-03-31 18:57:32,False,1.396e-07,4.395e-10,332022656.0,1.45942,0xde...fa58,https://bscscan.com/tx/0x2fb2b3252884ced2d14c6750831cbfac67259b33248798ec2fb588950ab0951f
2023-03-31 18:57:02,False,1.397e-07,4.399e-10,378555376.0,1.66529,0xec...0165,https://bscscan.com/tx/0x74cce03142a06abd0990b5489a41086f0458b540ea5fd810639d0eaf4fe5c557
2023-03-31 18:57:02,True,1.404e-07,4.42e-10,572376671.0,2.53,0x2a...576a,https://bscscan.com/tx/0x59c46fc84bd08471aabab5856c22eaf7b684c54ae9681bad42a2633bde427661
2023-03-31 18:54:26,True,1.394e-07,4.414e-10,491525653.0,2.17,0x2a...576a,https://bscscan.com/tx/0xbd4af9db58b66f9401298ca2a57926deceabb8053c75edf8af94ec8ea6c93525
2023-03-31 18:53:53,True,1.393e-07,4.41e-10,403597025.0,1.78,0x1b...7f6d,https://bscscan.com/tx/0xbe67b3654bede6e680fc204b7b4cf79b49fdf9639d21de4eeeee8be197862801
2023-03-31 18:52:32,True,1.398e-07,4.404e-10,706050125.0,3.11,0xec...0165,https://bscscan.com/tx/0x8e4296b945bf339a7544c09c0600e3b2a26b15e811430589107d63c7d9bea0b8
2023-03-31 18:51:14,True,1.396e-07,4.399e-10,361408229.0,1.59,0x1b...7f6d,https://bscscan.com/tx/0xb9c11928e9f1ab637ae03a2a12920a841c8c505565a6b72271debaefca1f663e
2023-03-31 18:50:50,False,1.389e-07,4.377e-10,367856390.0,1.6103,0xec...0165,https://bscscan.com/tx/0x72493234c748ebe9cda3594e97d19f452d7293ddefb2484c49405267e4ab48cd
2023-03-31 18:49:59,True,1.39e-07,4.399e-10,384143404.0,1.69,0xec...0165,https://bscscan.com/tx/0xb61cfe7e725de40077915f9562661c09d5fde0fd3b72fc680a1509b304a74bc5
2023-03-31 18:49:32,False,1.391e-07,4.381e-10,1150503072.0,5.04062,0x1b...7f6d,https://bscscan.com/tx/0x607466fb0d9f1475fa24bd50b3c046280b21aeb6c6827d18a36908be9b0eb805
2023-03-31 18:49:08,False,1.386e-07,4.389e-10,442048592.0,1.94021,0xec...0165,https://bscscan.com/tx/0x9f2bc2785664c5d8567801871059b8d1a41578c040f10bdad920aa468b94130a
2023-03-31 18:48:05,True,1.402e-07,4.415e-10,22647.1,1e-05,0xec...26e5,https://bscscan.com/tx/0x45920e9306e308589020cc90dc83df43a15fcd981a2db05f9c43accebb258a10
2023-03-31 18:47:50,True,1.393e-07,4.409e-10,796030768.0,3.51,0x1b...7f6d,https://bscscan.com/tx/0x6e4562e6b19d1974d44ea80cddedf0e0acf3d7895a5c013052331926648527c4
2023-03-31 18:47:35,False,1.385e-07,4.385e-10,347822453.0,1.52525,0x2a...576a,https://bscscan.com/tx/0xa134054e9ee2e6588755dac0a57fd6640a487af860d6a978b8ffae6e65e745f2
2023-03-31 18:46:32,True,1.391e-07,4.404e-10,803660329.0,3.54,0xec...0165,https://bscscan.com/tx/0xae3b3167669272794ec2d653c9a108ea66cd49fe048f73b97b55c272b6b1dfe6
2023-03-31 18:46:08,False,1.391e-07,4.381e-10,513920989.0,2.2517,0x1b...7f6d,https://bscscan.com/tx/0xe97fbcd55a9e0fc8cfbbe05e24b40c5cf84365d92370b12408e3a9812bb54e61
2023-03-31 18:44:53,False,1.385e-07,4.385e-10,285876186.0,1.25367,0x1b...7f6d,https://bscscan.com/tx/0x963499d509e4325ded8765eb9913901ea00a5c3d8f0cb6804a36c76633ae4786
2023-03-31 18:44:47,False,1.387e-07,4.39e-10,646766093.0,2.83931,0xde...fa58,https://bscscan.com/tx/0xffc1d71fb73d2cd7f14f2a9b2f9e43020d784747c3494a3c022a94ca8aa3407b
2023-03-31 18:43:05,False,1.389e-07,4.396e-10,566573028.0,2.49069,0xec...0165,https://bscscan.com/tx/0xcb27ec2bfcd624f6245ae88b82ff6d3985288a498134c173f7031aa8e3751665
2023-03-31 18:42:20,False,1.397e-07,4.4e-10,403412550.0,1.77537,0x2a...576a,https://bscscan.com/tx/0x1130e3d30eb4be7bcfca4687f488519444913752d7f563d5a9d4511d6d78c8ed
2023-03-31 18:41:56,True,1.404e-07,4.421e-10,603804645.0,2.67,0x1b...7f6d,https://bscscan.com/tx/0x8f6fe807afcf3edd63d5302a912bc02d88b8654690c2937c2ebcd3221a10fb57
2023-03-31 18:41:44,True,1.402e-07,4.416e-10,536656616.0,2.37,0x2a...576a,https://bscscan.com/tx/0xc9644bc6210cbda46ca87e89bc2a579a2a2a3e4b6b56afaf8ad2bbc4957b67a3
2023-03-31 18:40:32,True,1.393e-07,4.41e-10,564534848.0,2.49,0xde...fa58,https://bscscan.com/tx/0x66dff15fee68e4df7fe0dcded0eac9f4c58257bb6b681b16372f0cbd27cd54d3
2023-03-31 18:40:11,True,1.392e-07,4.405e-10,431256754.0,1.9,0x1b...7f6d,https://bscscan.com/tx/0x0325f9bae753fb2a595a69828238bd9be0c3aa570433e5cf108a9edb25bdbfab
2023-03-31 18:39:37,True,1.39e-07,4.4e-10,538528364.0,2.37,0xec...0165,https://bscscan.com/tx/0x6d07bf396b7a6653b983547b2b8e70365d25aed73f9c7ed004e896afd79be487
2023-03-31 18:38:49,False,1.39e-07,4.378e-10,454358227.0,1.9894,0xec...0165,https://bscscan.com/tx/0x16de0cba64a4582c2a4e540d170b74d000f2748d689c3fc12272adfdc529d9e0
2023-03-31 18:37:55,False,1.384e-07,4.382e-10,367680604.0,1.61138,0xec...0165,https://bscscan.com/tx/0x8769971a549f758e74a42fb53f92d6cdb96a1c6c54cc5c62272905ef56788c3e
2023-03-31 18:36:58,False,1.394e-07,4.388e-10,884973999.0,3.88396,0x1b...7f6d,https://bscscan.com/tx/0x4e1845ab1dd524fe3663ee7fe6583161964a654e185e873484162a39beb3698c
2023-03-31 18:36:28,True,1.4e-07,4.411e-10,702676055.0,3.1,0x1b...7f6d,https://bscscan.com/tx/0x7b472833e4a7ccff67f32ae6c88cb1831c12299e13f57210142f39fc9083588e
2023-03-31 18:36:19,False,1.393e-07,4.387e-10,293487230.0,1.28772,0x2a...576a,https://bscscan.com/tx/0xc0dbc6ab48d260dc7a3a0b87af85eacbddd2f29c7bfc04a1ebae92abe121e5d1
2023-03-31 18:36:13,True,1.4e-07,4.409e-10,403710647.0,1.78,0xec...0165,https://bscscan.com/tx/0x00e686042162dd10b1df5fd90205fd543f3ee0bdf1de7bd3e51cffe25f420403
2023-03-31 18:35:40,False,1.386e-07,4.389e-10,864726995.0,3.79561,0x1b...7f6d,https://bscscan.com/tx/0x24bad3cb7421169ee12c6fea05708e4b7b59af2423bf775e05dab4d13dd822f8
2023-03-31 18:35:22,False,1.389e-07,4.396e-10,623200295.0,2.74008,0xec...0165,https://bscscan.com/tx/0x665bbc050b677d2ca7a6b3d551d0e2cebbf4a18b9df5ac74899e53bd620b7c16
2023-03-31 18:34:28,True,1.402e-07,4.416e-10,1014293490.0,4.48,0xec...0165,https://bscscan.com/tx/0x8d3b183eecac3de6df18db0444b28fde79666b00e3bfcdad01a7ee23865a135a
2023-03-31 18:33:46,False,1.387e-07,4.391e-10,307435873.0,1.35004,0xde...fa58,https://bscscan.com/tx/0x432eda423aa273034ad62809310aaebe96c58104c4191d5a6f598d9b9ae1f4a2
2023-03-31 18:33:28,True,1.401e-07,4.413e-10,353494128.0,1.56,0x1b...7f6d,https://bscscan.com/tx/0xbf32ad4349708273fbbd4b17fdc7b026da73f80704e6c2c05b7f1f201209dd3f
2023-03-31 18:33:04,True,1.393e-07,4.409e-10,458151733.0,2.02,0xde...fa58,https://bscscan.com/tx/0xc6a59f382d4da7db4b3c59616ea0beebe55c4bf4b2f8463280e6e7fbcb877a07
2023-03-31 18:32:37,True,1.391e-07,4.403e-10,619943516.0,2.73,0x1b...7f6d,https://bscscan.com/tx/0x4f73ad8783bdaa6532772641229713d9def13aa2e1de88551e6b3fb151f0e29e
2023-03-31 18:32:04,False,1.39e-07,4.38e-10,315892933.0,1.38365,0xde...fa58,https://bscscan.com/tx/0x82ccb827ebc95debdfe7cc9be22fa5e2a16e40db7745ae70532b39c80b36a5e4
2023-03-31 18:31:58,False,1.391e-07,4.383e-10,430831388.0,1.88869,0x2a...576a,https://bscscan.com/tx/0xa63ad0528b1e296d350da63c3fe25f0922a4ca8aa63ec58c4c83bd9a9392e64f
2023-03-31 18:31:52,False,1.393e-07,4.39e-10,984198099.0,4.32148,0xec...0165,https://bscscan.com/tx/0xa67fff1d710e08f5560ef207f81601b657d6219c21a56cdf807f049adc77d670
2023-03-31 18:31:13,True,1.401e-07,4.415e-10,520927195.0,2.3,0xde...fa58,https://bscscan.com/tx/0x819587589be5cea3eff10b86156cd98e032b5d89218f4493ecc66542f7d7f54f
2023-03-31 18:30:55,False,1.394e-07,4.392e-10,438617424.0,1.92673,0x1b...7f6d,https://bscscan.com/tx/0x913365e16b925c903f3f567c192ec72adf0a935d3390deb4cd3e2698befff4d6
2023-03-31 18:30:22,False,1.389e-07,4.399e-10,975899826.0,4.29376,0xde...fa58,https://bscscan.com/tx/0xf3631d19a7b3648fad85aa7ab4b8e1772d37e36a3297dca393d01d025a5ba9cd
2023-03-31 18:30:10,True,1.404e-07,4.422e-10,798145592.0,3.53,0xec...0165,https://bscscan.com/tx/0x0875d26ec0db21f47f2aed2921b7afd346043c76a9cd04d3d2019d1a56390ab0
2023-03-31 18:30:04,True,1.394e-07,4.415e-10,561604089.0,2.48,0x1b...7f6d,https://bscscan.com/tx/0x90a09aa86c6911446c940c238835cca8037bdc21ab943a564295757fe43147c5
2023-03-31 18:29:22,True,1.392e-07,4.408e-10,839211486.0,3.7,0x2a...576a,https://bscscan.com/tx/0xab226a0c1e85e859369f8278c6c23ba82f3d216ffa9e311508883a88cb1035fe
2023-03-31 18:28:10,True,1.39e-07,4.4e-10,888583014.0,3.91,0xde...fa58,https://bscscan.com/tx/0xdb1f53240879254cebdfd57f389732b926dee3c36800d31d29b8d6b426f40d4c
2023-03-31 18:26:49,False,1.389e-07,4.377e-10,659164573.0,2.88526,0x2a...576a,https://bscscan.com/tx/0x4df0776c5086c5b52b89e4ca522512af5bdc4ff1545a424b7de41a7ea3c16afd
2023-03-31 18:24:58,False,1.391e-07,4.382e-10,326008898.0,1.42858,0x1b...7f6d,https://bscscan.com/tx/0x9595a6f13ebdedf1ae113109796c2a54e1fa982660a26190cd334a53e14df851
2023-03-31 18:24:10,False,1.392e-07,4.385e-10,360462342.0,1.58079,0x1b...7f6d,https://bscscan.com/tx/0x5c4e946139b8e344e88ef6deefac4444452a1c4a152c586c373af306797ebea0
2023-03-31 18:24:01,False,1.393e-07,4.389e-10,478625802.0,2.10098,0xde...fa58,https://bscscan.com/tx/0x1853bb7c61fabe2e5f2b4af473a991d51df18ea0dfcf95f71b7270b5249c4c78
2023-03-31 18:23:19,True,1.4e-07,4.411e-10,580351677.0,2.56,0x1b...7f6d,https://bscscan.com/tx/0x58ff0da2f1509a8a5519b3962fcf78f8a3d95cc3a49133dc83b75d52f57105f4
2023-03-31 18:22:43,True,1.398e-07,4.405e-10,608376156.0,2.68,0xde...fa58,https://bscscan.com/tx/0xa486cb85c22f2814bc8e66371e1e9f92dbae9dabc67acef8d9231fd8b7da1890
2023-03-31 18:22:28,False,1.39e-07,4.381e-10,293883988.0,1.28768,0x2a...576a,https://bscscan.com/tx/0xc7f2b33c54a6bba4fdadccb390484bfcd716dd4dac332cbdb83d62d637dbcaec
2023-03-31 18:21:52,False,1.391e-07,4.384e-10,273373126.0,1.19858,0xde...fa58,https://bscscan.com/tx/0x6fb94dcecf903d4f868f50d8d0ce7143060caf52eef092d1ae2b636a56f9abd4
2023-03-31 18:21:01,False,1.392e-07,4.388e-10,587173686.0,2.57693,0xde...fa58,https://bscscan.com/tx/0x194584ec230a15cf880c645176073c704d886b7de017338787b7018ace6ae66b
2023-03-31 18:20:43,False,1.394e-07,4.393e-10,447583140.0,1.96661,0xec...0165,https://bscscan.com/tx/0xba7ffc3d233cee8e007069da1b3ea730205d0ef624fcbc395d9bfa13b181a05c
2023-03-31 18:19:58,True,1.401e-07,4.416e-10,250101285.0,1.10467,0xd3...bb7a,https://bscscan.com/tx/0xe8d05394d7ef18c428c9a034fcc184108993a5d57c19881acc98cc4b1ccf6c7c
2023-03-31 18:19:52,True,1.4e-07,4.412e-10,557465543.0,2.46,0x2a...576a,https://bscscan.com/tx/0xa06c263113cbd060c5724549259bbce1e64e1452daf3625b12dd4c5ebcc7ebbf
2023-03-31 18:19:22,True,1.397e-07,4.405e-10,901141145.0,3.97,0xde...fa58,https://bscscan.com/tx/0x70f6b6bb2c508094e57b6cf2917c44e68af22d297dead5c997ea9d5c7b29709c
2023-03-31 18:19:13,False,1.39e-07,4.382e-10,668639032.0,2.93022,0x1b...7f6d,https://bscscan.com/tx/0x54c26b5a622153599428c65b0899cf95d0a5ad0049c85b94bc92095813b45e87
2023-03-31 18:19:01,True,1.397e-07,4.404e-10,690244097.0,3.04,0xec...0165,https://bscscan.com/tx/0xeaf53b07a1d0a2a874a71cc7b92bd9e8bdb83deda15c8e6e4ecf6ff901edfbe5
2023-03-31 18:18:46,True,1.396e-07,4.4e-10,12952.2,5.7e-06,0x47...4578,https://bscscan.com/tx/0x39b50d6e16dc2391bfd095a6bfc620f5d9d29e5a56c158e6c134bd62d29510fb
2023-03-31 18:18:46,True,1.396e-07,4.4e-10,5155008.0,0.0226,0x47...4578,https://bscscan.com/tx/0x39b50d6e16dc2391bfd095a6bfc620f5d9d29e5a56c158e6c134bd62d29510fb
2023-03-31 18:17:37,False,1.39e-07,4.383e-10,939481063.0,4.11815,0xde...fa58,https://bscscan.com/tx/0xd278839a12390085bc1a2f5b9a37631680185b0f054ddd2a54fe813846d8e9d6
2023-03-31 18:16:58,False,1.392e-07,4.39e-10,547025320.0,2.40189,0x2a...576a,https://bscscan.com/tx/0xeec8a84ae05aab072550d5588a6b8c9269f98bc7ac60835c422a23a9761de00c
2023-03-31 18:16:46,True,1.399e-07,4.411e-10,827395677.0,3.65,0xde...fa58,https://bscscan.com/tx/0xa940a3cabc812ed68ed670ba5828b4f0ff939bab94f41008219914e024fb078b
2023-03-31 18:16:37,False,1.392e-07,4.39e-10,977658349.0,4.29207,0xec...0165,https://bscscan.com/tx/0x3328b4ee3726a2532ede6d198384a9bf4b3dfbced8a9bbdf4553d3f18111e502
2023-03-31 18:16:10,False,1.394e-07,4.396e-10,344581507.0,1.51503,0xde...fa58,https://bscscan.com/tx/0xb0255968992690629c1f5f3d89e2b711bad9a56acc10462173158b4226268e92
2023-03-31 18:15:34,True,1.401e-07,4.416e-10,701835014.0,3.1,0x2a...576a,https://bscscan.com/tx/0x0aa6c0475039e1e38f5b753f9987579b7511af02317013fb68d871c851c69fee
2023-03-31 18:14:43,True,1.398e-07,4.408e-10,975369757.0,4.3,0xec...0165,https://bscscan.com/tx/0x148d793e2844af72a7143b321f2fa868bae9c3e5fbffc5806273f831b957aa0a
2023-03-31 18:12:58,False,1.39e-07,4.384e-10,498181177.0,2.18411,0xec...0165,https://bscscan.com/tx/0x1c9067d91e786b573c6e0b1688a0394220accb44dc554dd669ab7178d18b27f4
2023-03-31 18:12:07,False,1.384e-07,4.388e-10,411637431.0,1.80656,0x2a...576a,https://bscscan.com/tx/0xc3cb1e381601f9dd57a197afc2fe67c34c641151a2cff7bf8c46aaead7cbafb1
2023-03-31 18:10:25,False,1.393e-07,4.392e-10,402600042.0,1.76853,0xec...0165,https://bscscan.com/tx/0x1f3738ee5840a6e4c67ced2a5027aa9f4c632523c9b4b5f95da2fda2d30f7631
2023-03-31 18:09:58,True,1.4e-07,4.414e-10,459846743.0,2.03,0xde...fa58,https://bscscan.com/tx/0x5797d962fdfacddaa40307e2ffbbd60b5ab6d122a5f931fbe30b20276703683a
2023-03-31 18:09:37,False,1.385e-07,4.391e-10,332274424.0,1.45929,0x2a...576a,https://bscscan.com/tx/0xc9695827a5217521cafd144ad2eb9717ece73710505737740213ffdb613f2a1d
2023-03-31 18:09:16,True,1.393e-07,4.415e-10,30416170.0,0.1343,0x5b...3866,https://bscscan.com/tx/0x79777a273e510d82ac39ac9fcb6a6b4f956497538c62966f6b842b2b848bdc11
2023-03-31 18:08:43,False,1.393e-07,4.393e-10,10179440.0,0.0447,0x4e...b3e5,https://bscscan.com/tx/0xcec7a93e31dd68a0eee47a951fba0ea443e63140f8ea9d5a43cd7b04289c7a11
2023-03-31 18:07:55,True,1.393e-07,4.415e-10,5200008.0,0.0229,0xcb...48ac,https://bscscan.com/tx/0x9ea08c591d8cc5861a96ac9e33d7448aaacc97ba34f90769df37b4929b20cd4e
2023-03-31 18:07:46,True,1.399e-07,4.413e-10,450938769.0,1.99,0x2a...576a,https://bscscan.com/tx/0x5589dbdc4bfafb8ee0868e63a3ebe0318c44961e66f3aef2f4e8377e1a86b2bc
2023-03-31 18:07:31,False,1.385e-07,4.392e-10,824366702.0,3.62131,0xde...fa58,https://bscscan.com/tx/0xcd4e51602713f5682083c144cf8474d01c661feb289a48a8ae62ab046a7b975d
2023-03-31 18:07:25,True,1.392e-07,4.414e-10,826754366.0,3.65,0x1b...7f6d,https://bscscan.com/tx/0x72d3966d38ef0a2541ba2a39d65f9fbb0d2659f01b1c17e5fb431855d80a4db5
2023-03-31 18:07:01,False,1.392e-07,4.39e-10,458635537.0,2.01386,0x2a...576a,https://bscscan.com/tx/0xfaffc11b6eea44ea8fd70688270e07fd63f32fca73ae033de70220b0fb5edc5f
2023-03-31 18:06:58,True,1.398e-07,4.411e-10,811565357.0,3.58,0xec...0165,https://bscscan.com/tx/0x3ab152fbfa5565f195751089bee27aae95933d889d4cacfc582aaea8411a852b
2023-03-31 18:06:22,False,1.391e-07,4.387e-10,412136192.0,1.80813,0x1b...7f6d,https://bscscan.com/tx/0x47e4ef2441802a98be7fff69c4186f34d383b6d0cdb4deebb8959e2a8cfd4af6
2023-03-31 18:06:04,True,1.398e-07,4.409e-10,424117136.0,1.87,0x2a...576a,https://bscscan.com/tx/0x7b6aecdf1db1222f646ed8fb0d1eaba9ce123a07ea219d4821222e8c29dc7288
2023-03-31 18:05:16,False,1.384e-07,4.388e-10,751821795.0,3.29957,0xec...0165,https://bscscan.com/tx/0x9ee57c23f03663f288cfc8681c0fe7718bc213587783960dab99ba964fabd095
2023-03-31 18:04:22,False,1.386e-07,4.395e-10,577525290.0,2.53845,0x2a...576a,https://bscscan.com/tx/0x8f6158773e41c7b22c538934f8a476b18ffe4f287ece739bbfd0b715ac443c79
2023-03-31 18:03:28,True,1.393e-07,4.416e-10,851438353.0,3.76,0x2a...576a,https://bscscan.com/tx/0x3a29fdc24be6af3d432dc06d9946d5a04a21494bbb7969cde3fdac29c571aa80
2023-03-31 18:02:37,False,1.393e-07,4.393e-10,717846744.0,3.15374,0x2a...576a,https://bscscan.com/tx/0xa0212bad3c26398ba9665f7b48976e758b40afe9c27e172078774194e0c52729
2023-03-31 18:01:49,True,1.399e-07,4.414e-10,806355802.0,3.56,0xec...0165,https://bscscan.com/tx/0x3132ac5427a6ec800f10746ea12303ba87fbf7aef39bcdbab6409b82155fd5d2
2023-03-31 18:00:28,False,1.385e-07,4.391e-10,471575002.0,2.07078,0x1b...7f6d,https://bscscan.com/tx/0xdc473e0134890253e643012c168ba724816b11e9b77f6c7d67be04a1f1caa280
2023-03-31 17:59:43,True,1.391e-07,4.41e-10,1088400296.0,4.8,0x2a...576a,https://bscscan.com/tx/0x5785acab4ba586d015322ae6d68f02b443666978ddd7deea73e3f672191c9b21
2023-03-31 17:59:37,True,1.388e-07,4.401e-10,711178579.0,3.13,0x1b...7f6d,https://bscscan.com/tx/0x464e8baeaf62cb3461971b9588ce42fb7befd5689417fd07f826a541d87ea3fc
2023-03-31 17:59:16,True,1.393e-07,4.394e-10,603013980.0,2.65,0xde...fa58,https://bscscan.com/tx/0x8080a637c01e8760fc5f1602271f6133a390e0a2c6a7cc4fc1d237bb7bec5e36
2023-03-31 17:59:13,False,1.386e-07,4.372e-10,586762247.0,2.56566,0xec...0165,https://bscscan.com/tx/0x651d63e378dafd86e7349b7be3c93ee1404519069498b49ace1c05c6fa57dbb4
2023-03-31 17:57:25,False,1.382e-07,4.379e-10,855018610.0,3.74473,0x2a...576a,https://bscscan.com/tx/0x06842d67fc6f867935b3bc5c7fd32930ec6e162fb339fbeeb9c2f7e038d73739
2023-03-31 17:57:04,False,1.385e-07,4.388e-10,959456192.0,4.21078,0x1b...7f6d,https://bscscan.com/tx/0xefdeddd43aeb047a54db63eb5e77bb9f2ed7c44cc08f40c3fb980aa0e4a8c3cd
2023-03-31 17:55:46,True,1.399e-07,4.412e-10,550675174.0,2.43,0xec...0165,https://bscscan.com/tx/0x06ee9fd8fa8965b4105781f0e1c4c2c04dd0695e2166f2705f50f2136986c393
2023-03-31 17:55:43,False,1.392e-07,4.389e-10,315484945.0,1.38484,0x2a...576a,https://bscscan.com/tx/0x666ac7423ee8d7a56757c68e2b1c63a72cf531b85cecfb581db822cd919c7c02
2023-03-31 17:55:10,False,1.385e-07,4.393e-10,454137402.0,1.9952,0xec...0165,https://bscscan.com/tx/0x6198941aee35ff97529232b2cf2cbd022d87bc920b8b16d651b62c6f3a7f2a3e
2023-03-31 17:54:49,True,1.393e-07,4.414e-10,564002464.0,2.49,0x2a...576a,https://bscscan.com/tx/0x37756caf3c120399a97b235f49e725c2b28a8ec59ca3dcf7f631a36f53e7c4e5
2023-03-31 17:54:22,False,1.393e-07,4.393e-10,613159792.0,2.69366,0xec...0165,https://bscscan.com/tx/0x4698fd8482d128a85c482c4b0692e63b3f90a2d9b73517226ddcba3cce23129f
2023-03-31 17:53:58,True,1.394e-07,4.416e-10,355493205.0,1.57,0x2a...576a,https://bscscan.com/tx/0xe86c645a16ec9ffee5509410099f09b20a457f44d32d8fc226dc02dc8984c138
2023-03-31 17:53:13,True,1.393e-07,4.412e-10,392054670.0,1.73,0xec...0165,https://bscscan.com/tx/0xa8d2f8b1efcd858aa7c651f6ad8d693196d933715f5b5ba7746e50408057b70c
2023-03-31 17:53:00,False,1.386e-07,4.392e-10,716203880.0,3.14573,0xde...fa58,https://bscscan.com/tx/0xa0d914ee46d5e9bf2a7b32b0841b19bbd520cbed2244aeabf2f2f00321691e54
2023-03-31 17:52:51,True,1.394e-07,4.415e-10,380439815.0,1.68,0x1b...7f6d,https://bscscan.com/tx/0xddff2fa063b6b39361339eaeb43805fa87b8bbfa492f50e3bb6b97285505baf0
2023-03-31 17:52:24,True,1.399e-07,4.41e-10,698328487.0,3.08,0xec...0165,https://bscscan.com/tx/0xafa49576e7cb43381a422e05fe4d66acdcbbfab4010ebde5f8b8455c2e44045d
2023-03-31 17:52:00,False,1.391e-07,4.386e-10,252140726.0,1.10596,0x1b...7f6d,https://bscscan.com/tx/0xe080a9350fe0c2b5a992ecc3bc2ee08ca49ca23e5d9ae4c0ff16b4c52a85b50d
2023-03-31 17:51:30,False,1.386e-07,4.392e-10,986108865.0,4.33143,0xec...0165,https://bscscan.com/tx/0x4fdf6255a210e7b333c9e0eb7c27756d56028e54dfc002fe5fd5f4a4e4c67b10
2023-03-31 17:51:21,True,1.394e-07,4.417e-10,432395681.0,1.91,0xde...fa58,https://bscscan.com/tx/0x70b1b1df47df92a39947bcb07e5d021a81c3502f5da9057c03cece7be60dbe34
2023-03-31 17:51:09,True,1.4e-07,4.411e-10,650525495.0,2.87,0x1b...7f6d,https://bscscan.com/tx/0x6d3fce10bdbbe1dd5fce11a20c9e7e16fdf01d73a29b75ab1fcc6067d5e4ae2c
2023-03-31 17:51:00,False,1.393e-07,4.389e-10,674927464.0,2.96287,0x2a...576a,https://bscscan.com/tx/0x017bccea33e824cf7d60fc91d4e7a9998917d7849cccf1ad8f58f10d798ad46a
2023-03-31 17:49:51,True,1.393e-07,4.413e-10,437332802.0,1.93,0xec...0165,https://bscscan.com/tx/0xd4028c999ae8dcd16275f8a378dbccc99a7b9c5db582c2661d1d11262b760228
2023-03-31 17:48:00,True,1.399e-07,4.409e-10,369692268.0,1.63,0xde...fa58,https://bscscan.com/tx/0x67cb549ab5405a082d78931f1a8ec1d99fe5aed6b5a56ffc39751c1dfd401f8e
2023-03-31 17:47:54,False,1.392e-07,4.387e-10,555522317.0,2.43762,0x1b...7f6d,https://bscscan.com/tx/0x94b1767ef5a37cf180fb501c20be602a5a9c938a02731167683124ab6bb0053f
2023-03-31 17:47:21,False,1.387e-07,4.394e-10,673789240.0,2.9607,0xde...fa58,https://bscscan.com/tx/0x6e430f1fb95c865c74e6a92f456ce12b465e47aa5203c0754436e012de852d82
2023-03-31 17:46:21,True,1.395e-07,4.417e-10,436916161.0,1.93,0xec...0165,https://bscscan.com/tx/0x09370276a2e0299d2ff2ec8226adaf17feeddb3c6e4d7e9070eadd60fb44db0e
2023-03-31 17:46:15,True,1.393e-07,4.411e-10,757140680.0,3.34,0xde...fa58,https://bscscan.com/tx/0x1ebc343066c5fac5faacc46367d93c217955b2c0172625847d11824c268f3504
2023-03-31 17:46:12,False,1.385e-07,4.387e-10,320789240.0,1.40734,0x2a...576a,https://bscscan.com/tx/0x9293938873d67553a38019ad15907c307715a4c7873ea79e8da979d4ecca9781
2023-03-31 17:46:03,True,1.399e-07,4.407e-10,723828212.0,3.19,0x1b...7f6d,https://bscscan.com/tx/0xc59c6355d2c005826dba146ec5b07cfc9af45c72ac42e1e685197c05942546ae
2023-03-31 17:44:36,False,1.391e-07,4.384e-10,673021077.0,2.9511,0xec...0165,https://bscscan.com/tx/0x55d3e73e515fa8b5841eccff43b14593dc94b69361fa0bc96e75dbd8a2bd63c1
2023-03-31 17:44:30,False,1.393e-07,4.39e-10,517125819.0,2.27058,0xde...fa58,https://bscscan.com/tx/0x38e77bf45d58f00aac066779328a4492746ac4177355e7d4cfcae5b3a614a5ed
2023-03-31 17:44:24,False,1.394e-07,4.395e-10,345943399.0,1.52045,0x1b...7f6d,https://bscscan.com/tx/0x83f720c479db1f2662833551d72a5b290a5074652cb46c2ac46fa89d758b41ce
2023-03-31 17:43:45,False,1.389e-07,4.396e-10,26831079.0,0.1179,0x02...48a7,https://bscscan.com/tx/0x842a3832af753aee5ba08b03dca67ee064c9503d8829aff07e3425cb87a2d048
2023-03-31 17:43:45,True,1.395e-07,4.415e-10,702056151.0,3.1,0xec...0165,https://bscscan.com/tx/0x10304f53d64167649a7517daafde72bbc68e8efb3ddc5acdeb7fcc7d2751f0c4
2023-03-31 17:42:54,False,1.389e-07,4.392e-10,413037822.0,1.81411,0xec...0165,https://bscscan.com/tx/0x43669ef629915e799a88459c23033f1897e50b9458d7d5c1303f2f6a5be04bbb
2023-03-31 17:42:48,True,1.395e-07,4.411e-10,958878407.0,4.23,0x2a...576a,https://bscscan.com/tx/0x0b26e98855401ea58d554000adee03fbec3448cde1b8c53b5eb32c4a057c1b77
2023-03-31 17:41:51,True,1.393e-07,4.404e-10,426838951.0,1.88,0x1b...7f6d,https://bscscan.com/tx/0x660237da25eb14ed083254af6945a6c9ec28e78050cca39ad7e4c97e33459f57
2023-03-31 17:41:51,False,1.387e-07,4.383e-10,687647630.0,3.01449,0x2a...576a,https://bscscan.com/tx/0x35a5bd08ee3d1fe4acceb882a95a59a293ea21c9ae9bc62f4a5dcaee583df63b
2023-03-31 17:40:39,True,1.396e-07,4.406e-10,485616619.0,2.14,0xec...0165,https://bscscan.com/tx/0x8698388772564a7f02eef270f7ea2becb9f0a623224720cc1ad73ca61bbce872
2023-03-31 17:39:18,True,1.401e-07,4.399e-10,986495600.0,4.34,0x2a...576a,https://bscscan.com/tx/0x75fd99a1181243ed5d825ef2152cd95d8dce4ff6af8e3b07b3a3470bb795ecdd
2023-03-31 17:38:36,False,1.394e-07,4.375e-10,546247050.0,2.38997,0x1b...7f6d,https://bscscan.com/tx/0x97683a70328678775f3f1ff49f8441c10fc044a5bc3089924aaafed39083493d
2023-03-31 17:38:27,False,1.395e-07,4.38e-10,611050814.0,2.67701,0x2a...576a,https://bscscan.com/tx/0x189dc643868ee972a1adcaffb41397966905b1ecb797c3b7a7a5dda9296f27ea
2023-03-31 17:37:45,False,1.397e-07,4.386e-10,518836848.0,2.27593,0xec...0165,https://bscscan.com/tx/0x9bdec188549ccb38b1ba6202dc73e130eabd2269aa4948d9c57776872abe0d37
2023-03-31 17:36:54,False,1.392e-07,4.391e-10,380504474.0,1.67082,0xec...0165,https://bscscan.com/tx/0xfddf500dc2795699dc4e798c316f905bb1f01427a27b35bc2395318b58cb0b4a
2023-03-31 17:36:21,True,1.406e-07,4.411e-10,680026041.0,3.0,0xec...0165,https://bscscan.com/tx/0x093a46a3004bbd703e963cd3ef3c80002cf66919b1e925122b48d1503f5e58fc
2023-03-31 17:36:00,True,1.397e-07,4.406e-10,403978925.0,1.78,0xde...fa58,https://bscscan.com/tx/0xe1b9626876947444516e87b736dddc4c07dfc7bb9efcfdcfd02850baf43d7cb5
2023-03-31 17:35:15,False,1.391e-07,4.386e-10,972091541.0,4.26456,0xde...fa58,https://bscscan.com/tx/0x66e32bf4e7ac2a22a7d7cdbacf5ddcb6721ada18d9e5bbe5e9cd78ab362a8b34
2023-03-31 17:35:06,False,1.393e-07,4.394e-10,491856167.0,2.16135,0x1b...7f6d,https://bscscan.com/tx/0x35ebd5f137dea20652491b5c017a48e48b6011c4aabfc230faabffcc2239d9de
2023-03-31 17:34:54,False,1.395e-07,4.401e-10,877868301.0,3.86359,0xd0...d7b7,https://bscscan.com/tx/0x721fd6c42001225c2274d8edcf3d3ab594af3f7b1149c42b00efa7c65b7b81a6
2023-03-31 17:34:21,True,1.409e-07,4.423e-10,768583379.0,3.4,0xde...fa58,https://bscscan.com/tx/0x10cabd99e32482d94d5e497bf1b7036b797a4320e2b0d76747f96867e9bd6824
2023-03-31 17:34:15,True,1.407e-07,4.417e-10,522951807.0,2.31,0x1b...7f6d,https://bscscan.com/tx/0xa12a4d81354d1b3f500a567c784c8411f0d3d2ca472384ae7733de5403cccdf5
2023-03-31 17:34:09,True,1.406e-07,4.412e-10,487289030.0,2.15,0x2a...576a,https://bscscan.com/tx/0xf6fc6d509c33068a68229943bf8802b4f62a2fcdcccf8cc8813ccb10e8f4594e
2023-03-31 17:31:18,False,1.398e-07,4.391e-10,816898497.0,3.58763,0xec...0165,https://bscscan.com/tx/0x142444717a8274e1839577ab6b4af92eb955f714a8f08ed6a1b6553800dc5e4f
2023-03-31 17:30:00,True,1.4e-07,4.415e-10,573043789.0,2.53,0x1b...7f6d,https://bscscan.com/tx/0xb675b3731ba3938a7f98ca7de8692f3b1e85c3b360525b57783a64bbd1d8fb8a
2023-03-31 17:29:09,True,1.404e-07,4.407e-10,987020590.0,4.35,0xec...0165,https://bscscan.com/tx/0xa34e7280ec9d770a0d415dce6407186a7f9aaed62854104c985d42340b17c011
2023-03-31 17:28:54,False,1.391e-07,4.385e-10,1091186739.0,4.78563,0x2a...576a,https://bscscan.com/tx/0xa46f1450cbcaca47ea956b3c98c15809c25682ea72b1025ae386b8a9657d4eb0
2023-03-31 17:28:24,False,1.4e-07,4.394e-10,767552159.0,3.37336,0xde...fa58,https://bscscan.com/tx/0x8bb124c2673f008f4cb91a36f5ce5634e0ed17c02e55e0fe03beb74e1e3f3456
2023-03-31 17:27:33,True,1.409e-07,4.417e-10,649675974.0,2.87,0xde...fa58,https://bscscan.com/tx/0x7e0004f4589b44aadfea6b61ce7b0d53a533de916178d1c55f0911f564d909e9
2023-03-31 17:27:18,True,1.399e-07,4.409e-10,1000155744.0,4.41,0x2a...576a,https://bscscan.com/tx/0xba7acb75f483ae73171c6ee5b666c78f9ddb0b711b97f9d4b12cb6a8b0384af2
2023-03-31 17:26:33,False,1.392e-07,4.385e-10,734962741.0,3.22353,0xec...0165,https://bscscan.com/tx/0x7e00c08731401d5874c95a64de73ebcd63cbd3951812981cb8ac30f2821aca36
2023-03-31 17:25:51,True,1.406e-07,4.409e-10,401393328.0,1.77,0xde...fa58,https://bscscan.com/tx/0x488ec2e6cf2113064450380ba430090454a36d83aef39610971af4618e3be18c
2023-03-31 17:25:42,False,1.399e-07,4.387e-10,313987585.0,1.37752,0xec...0165,https://bscscan.com/tx/0x9ad479e463323d57c701c629a7420080a291293a2db37c3a15b658cc16f550a2
2023-03-31 17:25:27,False,1.393e-07,4.39e-10,299288997.0,1.31395,0x2a...576a,https://bscscan.com/tx/0x6da0186b1e7acb8eb9523f8284a98c1ff0dd2dfab5422c4997174c642746547f
2023-03-31 17:24:51,True,1.399e-07,4.408e-10,1009367930.0,4.45,0xec...0165,https://bscscan.com/tx/0x8ecf20f19329203a6c1719f6d4f80bfde9622166394207fdc13496676e204c8f
2023-03-31 17:24:15,False,1.399e-07,4.385e-10,844631876.0,3.70444,0xde...fa58,https://bscscan.com/tx/0x11b6ce0206bd989ac45b3c0898619ec3268fc9edefe07a1b720f7c48037db110
2023-03-31 17:23:51,False,1.4e-07,4.392e-10,439666346.0,1.93112,0x1b...7f6d,https://bscscan.com/tx/0x1275d9a94fee669f4324c7fd82fd75c5cbff2a2eb859d87167c2a0f613b3b524
2023-03-31 17:23:45,False,1.402e-07,4.396e-10,510125096.0,2.24301,0x2a...576a,https://bscscan.com/tx/0x07d14b60da42b61f603d635450fe1fb60e3bb6bd1bcc4ef2d6076ad2f9649288
2023-03-31 17:23:42,True,1.409e-07,4.419e-10,341638142.0,1.51,0xde...fa58,https://bscscan.com/tx/0x9d42a7921d396a346f2405539e3562ca582f70bd2512e45087eb179dd2acd532
2023-03-31 17:23:18,False,1.396e-07,4.399e-10,707521216.0,3.11284,0xec...0165,https://bscscan.com/tx/0x831e537cc0ebfc708d5e8f891dd53cdfa18e5002bcad4cce841bb76bd8dd6fd3
2023-03-31 17:21:33,False,1.397e-07,4.404e-10,325128601.0,1.43212,0x1b...7f6d,https://bscscan.com/tx/0x896faa4feeb300a9cac6c7bf30e1bf51056514233921a8096c8b98c9e93e8c3d
2023-03-31 17:20:23,True,1.411e-07,4.425e-10,686995195.0,3.04,0x2a...576a,https://bscscan.com/tx/0x9e5365007f7cf9dbe0ca95c6de184483bd2e477b6f2d719b29e97fab2ef11cf2
2023-03-31 17:19:50,True,1.409e-07,4.418e-10,558974957.0,2.47,0x1b...7f6d,https://bscscan.com/tx/0xe28378042c4e92485124705bcff03db6344a25f37f5629c7d92df6a841d1d705
2023-03-31 17:19:41,True,1.408e-07,4.413e-10,416864373.0,1.84,0xec...0165,https://bscscan.com/tx/0x105b11bc4a758fa0c4710c77bf53f177ca79e05b6b8aaef00d87b9df2b2c671e
2023-03-31 17:18:59,False,1.401e-07,4.393e-10,758460075.0,3.33235,0x1b...7f6d,https://bscscan.com/tx/0x58de430745fea62d070d0dd1b40fbd0d011bb530eb062e2c5b8a9cf86b750ded
2023-03-31 17:18:50,False,1.396e-07,4.399e-10,335230735.0,1.47469,0xec...0165,https://bscscan.com/tx/0xc70cfcf1b20216d82f14bb9e3bb4e4db7a78e2ecaa6636c0caba4b5a47b65760
2023-03-31 17:17:47,False,1.396e-07,4.402e-10,353559749.0,1.55653,0x2a...576a,https://bscscan.com/tx/0xce0baea2f9a4557fe5b1bd528101d57c9f3afc8328f74ab5591cf63c6e975ed6
2023-03-31 17:17:26,False,1.405e-07,4.406e-10,521653742.0,2.29884,0x08...af7e,https://bscscan.com/tx/0xdb65066d5668bd73eb52f8b6aeb8ff67b10330ef64f707524f4b62ab8ef5b09f
2023-03-31 17:17:05,True,1.405e-07,4.428e-10,688784282.0,3.05,0xec...0165,https://bscscan.com/tx/0xc53011a632b3532dc09861f6cb228dbf1d3573cbfa61c7e113405c53dc45b3b8
2023-03-31 17:16:48,False,1.398e-07,4.405e-10,507998734.0,2.23777,0x2a...576a,https://bscscan.com/tx/0xaa8725d7e147ac162185e145ec21d7bc9fe0a6a25ec9d1f262649b0977b358d4
2023-03-31 17:16:36,True,1.413e-07,4.427e-10,372641217.0,1.65,0x08...af7e,https://bscscan.com/tx/0xa4fc3af3d2fe8f0d0425ea1db40bf68862023d189ecc4f6138c8d8eb399c403c
2023-03-31 17:16:30,True,1.412e-07,4.423e-10,533539704.0,2.36,0x1b...7f6d,https://bscscan.com/tx/0x32c05ff5f2caa09e24ef61c5a94f16da61c06c8ec1ac5c264804292f853d8d73
2023-03-31 17:16:16,False,1.405e-07,4.4e-10,429295371.0,1.88919,0xec...0165,https://bscscan.com/tx/0xd5b49a30e7a4063e6333a46f93c9e4280f0969c04a1d7c6b9db79514564e8314
2023-03-31 17:15:55,True,1.412e-07,4.419e-10,981906420.0,4.34,0x2a...576a,https://bscscan.com/tx/0xd7f594051d76b74366d58e16c84454681adad0c17849f038506d6da431634c82
2023-03-31 17:15:44,False,1.397e-07,4.395e-10,499688303.0,2.19638,0x08...af7e,https://bscscan.com/tx/0x8944a39ce107bfc39bdc58c3fa961b8e7ba1ea1c36fc493760588afc68961e71
2023-03-31 17:15:24,False,1.398e-07,4.4e-10,426262170.0,1.8756,0xec...0165,https://bscscan.com/tx/0x8d0484115f4c419a378a1e866715c952f843eb6313af4af2b5bea886d886a9bf
2023-03-31 17:15:09,False,1.407e-07,4.404e-10,462869975.0,2.03873,0x1b...7f6d,https://bscscan.com/tx/0x96fad9b4a78310e53474b6c06a14b035619f6575d8cdff14be2ba6538c7dfc55
2023-03-31 17:14:14,False,1.408e-07,4.409e-10,565227987.0,2.49248,0x2a...576a,https://bscscan.com/tx/0x8191f3328568accfb52f2a94b66a80cbb72e5d31fe673ab87b106b9b9e526e95
2023-03-31 17:14:03,False,1.41e-07,4.414e-10,456577190.0,2.0157,0x08...af7e,https://bscscan.com/tx/0x2156971b4d85226de9c04925d9bf56a44f2afc138a3cc6325bb7aa746a38cc3a
2023-03-31 17:13:40,True,1.41e-07,4.435e-10,730457321.0,3.24,0xec...0165,https://bscscan.com/tx/0x9f23ae606354b900370813cf075866446f05c16e33b152c87cf2ca9133ea629e
2023-03-31 17:13:21,True,1.415e-07,4.429e-10,514754663.0,2.28,0x2a...576a,https://bscscan.com/tx/0x435c64a7a01ebf73d83bf831c02486ee83c2b3d1646740d6af58e21089089bc1
2023-03-31 17:13:15,True,1.405e-07,4.421e-10,1020000669.0,4.51,0x08...af7e,https://bscscan.com/tx/0x7d097913ec59cddb3b31d6564aaa4de27cb08ef004350ff9097359a4c594a1d8
2023-03-31 17:12:32,False,1.398e-07,4.399e-10,1014193746.0,4.4619,0x2a...576a,https://bscscan.com/tx/0xaa4374b34753cbb21e75d3142b8b7dec9376e577d8cc6fcea8f90002255134fe
2023-03-31 17:12:15,True,1.413e-07,4.421e-10,954359860.0,4.22,0x1b...7f6d,https://bscscan.com/tx/0x2c92725dac6453df462cba963ec41f6d0b8b09c5577545c92379172bfb5204e1
2023-03-31 17:11:58,False,1.406e-07,4.399e-10,974735739.0,4.28867,0xec...0165,https://bscscan.com/tx/0x27d8d223ed933c0ec6599bca876a9e998fafb18319baa7847574b532e20bf268
2023-03-31 17:11:31,False,1.408e-07,4.407e-10,637848718.0,2.81157,0x08...af7e,https://bscscan.com/tx/0xe732e54c0a0b6faf8302d7cc23b40489ec12a6e224f1c10eada88fca78f325e8
2023-03-31 17:11:01,True,1.416e-07,4.433e-10,6689257.0,0.0296,0x7c...48ab,https://bscscan.com/tx/0x42df953bb99c28b1a58bcf44ab304eb9228422ba6c80452190ab766314348819
2023-03-31 17:10:46,True,1.409e-07,4.432e-10,66444132.0,0.2945,0x46...001b,https://bscscan.com/tx/0xb7aee6230a45d3501460441db23b87e9ee1ea7eb833f8f8b67173380c3016564
2023-03-31 17:10:34,False,1.404e-07,4.415e-10,1083942753.0,4.78646,0x1b...7f6d,https://bscscan.com/tx/0x7752bf090ac75c16c7fbedf519199049e4cd8409aab2bd48c571114de88d35a0
2023-03-31 17:09:52,True,1.418e-07,4.438e-10,887604338.0,3.94,0x2a...576a,https://bscscan.com/tx/0x0fc490d3df0c343f6049e7edf48af237dcd7979ef43fc192d1fe0ee1db54b080
2023-03-31 17:09:52,False,1.41e-07,4.414e-10,365731673.0,1.61439,0x08...af7e,https://bscscan.com/tx/0xea02f64fa9b21a83b1ab6f8aa227e027365212bf4d180036b8b96072212a24ee
2023-03-31 17:09:49,True,1.416e-07,4.433e-10,1006083213.0,4.46,0x1b...7f6d,https://bscscan.com/tx/0xe1e8e98e80af2128ff2ffe4b63e121f88dbd6a2f169749f397a390b93de505cf
2023-03-31 17:09:22,True,1.406e-07,4.423e-10,861284996.0,3.81,0xec...0165,https://bscscan.com/tx/0x7cc8ec2b5199e1ab6342e4e3394111b44c0472f5ecef1fe91200929b14913e93
2023-03-31 17:09:01,True,1.412e-07,4.417e-10,357668494.0,1.58,0x08...af7e,https://bscscan.com/tx/0x5ac49c0792d0300eec110068a7e680e3a2d0b9a2ed7d62a91a80f1f3a3921e3b
2023-03-31 17:08:31,False,1.398e-07,4.396e-10,560688701.0,2.46504,0xec...0165,https://bscscan.com/tx/0x10ea81c2d39b5b49e34b53d4b3f25f90fab164d20851443d0442fe3e4016d188
2023-03-31 17:08:10,True,1.405e-07,4.418e-10,540895016.0,2.39,0x08...af7e,https://bscscan.com/tx/0xba5b648da4a563b3005d69d9afec3ff549ac2adba4140f367cfeca1970c7fd98
2023-03-31 17:07:19,False,1.398e-07,4.396e-10,625727113.0,2.7513,0x2a...576a,https://bscscan.com/tx/0x3426a333a88934bf4d768b8580f89780e2839333b201d5d5122eb85ae22ff1a1
2023-03-31 17:06:46,False,1.4e-07,4.404e-10,831020307.0,3.66001,0x1b...7f6d,https://bscscan.com/tx/0x0cfb10994b849c54f2e9c266376e0676374a02a28cd86e83e96d952d4296760a
2023-03-31 17:06:25,True,1.415e-07,4.428e-10,390648070.0,1.73,0x2a...576a,https://bscscan.com/tx/0xad349ff7893eee22e95ef1b67912569086605922e34d6476c1fe65e5e3cd5418
2023-03-31 17:05:40,False,1.401e-07,4.408e-10,900926319.0,3.97217,0x08...af7e,https://bscscan.com/tx/0x1bceed8654d333ba8136b4de7f7bf79517629aaf13051a64a51b6f94a1ef6e27
2023-03-31 17:05:37,True,1.41e-07,4.435e-10,1127235.0,0.005,0x35...baf4,https://bscscan.com/tx/0xb4245b21e7e6add2e772d1dc2461b1aa22976ce02f681f87790eee95e7124080
2023-03-31 17:05:16,True,1.409e-07,4.432e-10,670089989.0,2.97,0xec...0165,https://bscscan.com/tx/0x63f4371388ea1f68907d809b9954846e02f3d665afc80b36703bc1f3b666f558
2023-03-31 17:05:10,False,1.401e-07,4.408e-10,251983375.0,1.11075,0x2a...576a,https://bscscan.com/tx/0x328fb1548c63414f83e4008e19b835b1cec116a9f4fcf6bbbf56afca604a1d4e
2023-03-31 17:04:46,False,1.409e-07,4.412e-10,645068293.0,2.84637,0xec...0165,https://bscscan.com/tx/0xa0bcc322a36675e04d57985b4eee00594d69087d29de76583d9ed9c4466e7581
2023-03-31 17:04:37,False,1.404e-07,4.418e-10,501441903.0,2.2155,0xde...fa58,https://bscscan.com/tx/0x08a48799a8833833e6d70a880614edb4d48a90b27c15f1c34cf2bdef560ce6a4
2023-03-31 17:04:01,True,1.418e-07,4.439e-10,585586433.0,2.6,0x08...af7e,https://bscscan.com/tx/0x5def3fe68abaa0ffdd35919932285b14fc3a2ac89689e5dfda9a0a06757a05a0
2023-03-31 17:02:31,True,1.409e-07,4.433e-10,676648923.0,3.0,0xec...0165,https://bscscan.com/tx/0xcaa8ef7ee1f6570ff214793e5b007f0b45f68cf4fc57d44a03177d6c516841b7
2023-03-31 17:02:07,True,1.414e-07,4.426e-10,693518183.0,3.07,0x2a...576a,https://bscscan.com/tx/0xc52864875f330d7d92a2b97f538fde4f32bfc20f149083caf750919f495e9e22
2023-03-31 17:02:04,True,1.411e-07,4.418e-10,995879242.0,4.4,0xde...fa58,https://bscscan.com/tx/0x08ab89bcf115e5aa4cd7e764a5b18bfc3b683e5462881581c20b51587384585a
2023-03-31 17:01:28,False,1.404e-07,4.394e-10,625248814.0,2.74753,0x08...af7e,https://bscscan.com/tx/0xdd9effb8d881b5f31403146c7caead2a63f211047aaa5f6d24fcb1dbd9e11254
2023-03-31 17:01:13,False,1.399e-07,4.401e-10,771027843.0,3.39349,0xde...fa58,https://bscscan.com/tx/0xa7b3b5ff1b4ae7021e88c6ee4d4bfe3b9f0eb44ac4afa555f8cf21549fe3444c
2023-03-31 17:00:46,False,1.402e-07,4.408e-10,758052196.0,3.34218,0xec...0165,https://bscscan.com/tx/0x287a426def0098dd11a5a8a1a31e1787259c981e8471a1c7a4c8c5e94865ed15
2023-03-31 17:00:22,True,1.409e-07,4.431e-10,586658883.0,2.6,0xde...fa58,https://bscscan.com/tx/0xf4ee3f9a74b67fb31f95a00256d0f8a647e3c7815bbbda49636aa007826ac02b
2023-03-31 16:59:34,False,1.402e-07,4.41e-10,763332267.0,3.36678,0x2a...576a,https://bscscan.com/tx/0xc331e88362697e999f7d9b183f36c169d7575f3ef90941194189122a3f49a45b
2023-03-31 16:59:01,True,1.409e-07,4.433e-10,534517587.0,2.37,0xec...0165,https://bscscan.com/tx/0x6b51d4cfce1c67c2a77b8c6f7324613171637919bbb04bbc4db3796dc1c310f5
2023-03-31 16:58:55,True,1.407e-07,4.426e-10,842564953.0,3.73,0x08...af7e,https://bscscan.com/tx/0x0780c192bf77838202d4cdb15ef6a6c38d1fda954e23e08abc5b10b2cbcaa09d
2023-03-31 16:58:40,False,1.4e-07,4.405e-10,894419798.0,3.94002,0xde...fa58,https://bscscan.com/tx/0xac7664670012952a812aeb946a12fab9367221f108449d529589fc75fc1d0ce1
2023-03-31 16:58:19,False,1.402e-07,4.411e-10,328647423.0,1.44974,0xec...0165,https://bscscan.com/tx/0x4ab0677e7e5894cf374cb7a67f2bf14fea81fda23e5984595a9037e29e600c50
2023-03-31 16:57:55,True,1.409e-07,4.432e-10,462473872.0,2.05,0x1b...7f6d,https://bscscan.com/tx/0x909d1ccce03890202677282a4d93ec74e4ab7d28e05f74c9e108c8220299115b
2023-03-31 16:57:01,True,1.407e-07,4.426e-10,704798635.0,3.12,0x2a...576a,https://bscscan.com/tx/0xfcc409bf456b8fc369bc7030be40380ba143ed46a72c7946857c3a2e144a57ea
2023-03-31 16:56:07,True,1.405e-07,4.42e-10,640267254.0,2.83,0xde...fa58,https://bscscan.com/tx/0xb5e91fd46a60f791c378784caeac24fffcdd8fd8ec7b777628ecf155304aad40
2023-03-31 16:55:19,True,1.411e-07,4.414e-10,371465092.0,1.64,0x1b...7f6d,https://bscscan.com/tx/0x40b26c972d3dd705dd30b880e1606dc856702204725103e4b66524883047833f
2023-03-31 16:55:16,False,1.404e-07,4.393e-10,557976265.0,2.45165,0xde...fa58,https://bscscan.com/tx/0x96d50a1863b6d77bc54f391a28ecf626876b7df117a313fa5d893dbee6250187
2023-03-31 16:53:54,False,1.406e-07,4.4e-10,756658316.0,3.32959,0x08...af7e,https://bscscan.com/tx/0x6612e5abc943741cd63d7ae993fa482f538e3aa198c16df1530fc61e0075090f
2023-03-31 16:53:29,False,1.409e-07,4.409e-10,1052521740.0,4.64103,0x2a...576a,https://bscscan.com/tx/0xda6a0f94d575576980dded5a4ef289b499c58abca83da17856899209ebdd7a5f
2023-03-31 16:53:04,True,1.417e-07,4.435e-10,340462769.0,1.51,0x08...af7e,https://bscscan.com/tx/0x8ab5bdfb6ba3c97bce874d5c349efc7c6a4edb8b443df547cac9028b73711e85
2023-03-31 16:52:14,True,1.408e-07,4.429e-10,824065211.0,3.65,0xde...fa58,https://bscscan.com/tx/0x18b3eadd83cf20b2a9b92d31ac154fa2d10566c00a5db4efa0383b815f30829b
2023-03-31 16:50:32,True,1.406e-07,4.422e-10,479345289.0,2.12,0x08...af7e,https://bscscan.com/tx/0x2cf14e17cbd9f524545b2c9f009def631439dbdf5d2578ebb75412c826edd64c
2023-03-31 16:50:11,False,1.406e-07,4.401e-10,590789854.0,2.60017,0xde...fa58,https://bscscan.com/tx/0xea327bdbffb4f353313df3caaa03ba70cd92e01730be067083930db6fa366fba
2023-03-31 16:49:20,True,1.413e-07,4.423e-10,517676437.0,2.29,0xde...fa58,https://bscscan.com/tx/0x1218beddd10e6ffcdc606c650b2f985fb6843f100a470538c197b451d0c323c4
2023-03-31 16:48:35,False,1.4e-07,4.402e-10,656472892.0,2.88994,0x1b...7f6d,https://bscscan.com/tx/0x7546d0439885cb34aa4fc5cbc040e07494aa8038b5d02ef0809a17ac35414e2e
2023-03-31 16:47:41,False,1.401e-07,4.407e-10,478014522.0,2.10703,0x1b...7f6d,https://bscscan.com/tx/0x6b62a0d40e06571fa58f7fb91c1376d7e46daf0b5badd87c22f93972274b918a
2023-03-31 16:47:26,True,1.415e-07,4.426e-10,1079747073.0,4.78,0x2a...576a,https://bscscan.com/tx/0x9c66b8825318df0682b5256b24cd7ab4bf7e05b66db058d99069d51e866a09c6
2023-03-31 16:47:02,True,1.412e-07,4.419e-10,339379887.0,1.5,0xec...0165,https://bscscan.com/tx/0x3fbac4fc811ac62c040efd3a14e0e2e630b83a7359cedd20999e4d7024d4097e
2023-03-31 16:46:59,False,1.405e-07,4.398e-10,517184280.0,2.27491,0xde...fa58,https://bscscan.com/tx/0x01b16ef19c6a75725862c1b135438318000510bb6f87a0d4e06e8e2c3af1e306
2023-03-31 16:46:50,False,1.408e-07,4.405e-10,810096302.0,3.5687,0x2a...576a,https://bscscan.com/tx/0x2639b19f556a5a06fc17ffc873211476456ec6c3a5a0fe2774ced4bf320c3188
2023-03-31 16:45:41,True,1.407e-07,4.427e-10,856084821.0,3.79,0x2a...576a,https://bscscan.com/tx/0x3d77ba278875307ed172ca98f724955994b2718efbaff108ec9b0d8afa689be4
2023-03-31 16:44:17,True,1.404e-07,4.42e-10,545238779.0,2.41,0x1b...7f6d,https://bscscan.com/tx/0xc6c91a847f65476db2301f0a5d34e4fae63fe7a55a7917d826a96007b5f1579c
2023-03-31 16:43:53,True,1.403e-07,4.415e-10,407673560.0,1.8,0xec...0165,https://bscscan.com/tx/0x23ae031c0db844f0995f55a510d7bdbc3c9e68fb9562bbde10681fd673937850
2023-03-31 16:43:08,False,1.404e-07,4.396e-10,992053058.0,4.36123,0x2a...576a,https://bscscan.com/tx/0xd0f6695993e5a1a44e0e08bf2f4616b5c0da7f931cabc43e09f6fd63d1f55ed3
2023-03-31 16:42:59,False,1.406e-07,4.402e-10,304705491.0,1.34151,0x08...af7e,https://bscscan.com/tx/0x28933143b801756c79bdfdc1114b39fc7228a420b86e146d9e497f9e0f174f8b
2023-03-31 16:41:26,True,1.405e-07,4.42e-10,1054072996.0,4.66,0x2a...576a,https://bscscan.com/tx/0xa442ca9ff233c12884335d96ab93a8fcca9598a4a487067b19b1fe08a237ed1c
2023-03-31 16:41:17,True,1.402e-07,4.412e-10,532519605.0,2.35,0x08...af7e,https://bscscan.com/tx/0xa3e2158eaaea1fc273072c535dfa95fadc98860af56d48797b681ba28c15a169
2023-03-31 16:40:29,False,1.396e-07,4.393e-10,1076878808.0,4.73144,0x08...af7e,https://bscscan.com/tx/0x3586b117ea1c1e3431b0ff5eeafd67b718b6c864b32b7290bcb37e889d73d77a
2023-03-31 16:40:14,False,1.406e-07,4.402e-10,615203038.0,2.70818,0xec...0165,https://bscscan.com/tx/0x16d8ab56ddc6db8b6e232dfab5e118b53626b4fe751ff987d8047a778e16d349
2023-03-31 16:40:05,False,1.408e-07,4.407e-10,383994423.0,1.6923,0x1b...7f6d,https://bscscan.com/tx/0x44921a68d2960b494dfacd47376a2e24454fca1238a392ef5e248f32c87e387c
2023-03-31 16:40:02,False,1.41e-07,4.413e-10,867032293.0,3.82653,0x2a...576a,https://bscscan.com/tx/0x1aa843a0c8d3e1857b21c705bb70963ae650a69efcd4aa52834234afa28626d6
2023-03-31 16:38:47,True,1.41e-07,4.435e-10,924423293.0,4.1,0x08...af7e,https://bscscan.com/tx/0xa8b4360884ed647acdcf8de303905641d6da9e0c0a1cf4376753912984322a7c
2023-03-31 16:38:05,False,1.408e-07,4.408e-10,1336001.0,0.0058,0xd5...e663,https://bscscan.com/tx/0xa22e49cba42e1ab45d98963fa48ceeb96c6aec0f8d6034039093c842231868b4
2023-03-31 16:37:32,True,1.414e-07,4.425e-10,939941326.0,4.16,0x1b...7f6d,https://bscscan.com/tx/0xc4e13cdb5832f8b1720d8037d6384263341dbdbc0b9d4b4a2932f12de842acaa
2023-03-31 16:37:26,True,1.411e-07,4.417e-10,672295227.0,2.97,0xde...fa58,https://bscscan.com/tx/0xe3740cc61359ad281494bf146b3f4ebea4842054a34687d08b5e7fdbed18fee9
2023-03-31 16:36:14,True,1.408e-07,4.411e-10,568970577.0,2.51,0x2a...576a,https://bscscan.com/tx/0x3dfa6dca93b9424d238009af0dd066e48372b03e9d46baeea343d6ac6c74826a
2023-03-31 16:35:47,False,1.402e-07,4.39e-10,878098956.0,3.85572,0xde...fa58,https://bscscan.com/tx/0xacbaf2d59b1cb0e3a39591680c1a4483cbccca5cda3d557073983debb4650ce4
2023-03-31 16:35:20,True,1.41e-07,4.415e-10,391806635.0,1.73,0x2a...576a,https://bscscan.com/tx/0x1a2f517ab85178b62028df57e8b6da58f75677bcd64805138796ef51adf95792
2023-03-31 16:34:53,True,1.409e-07,4.411e-10,355872352.0,1.57,0xde...fa58,https://bscscan.com/tx/0xbf6767b443154ae870a82e28c903d6350e54975b1e2bff3522ace6acf77d4dfc
2023-03-31 16:34:35,False,1.403e-07,4.392e-10,848451453.0,3.7265,0x08...af7e,https://bscscan.com/tx/0x2f10c6d62dd72c5a5d474e9f4a60e42a58cfd997f1f88b6682247d8bc2263768
2023-03-31 16:34:29,False,1.406e-07,4.401e-10,981893061.0,4.32155,0x2a...576a,https://bscscan.com/tx/0xb17f5d6da3a579032d3b2eaac5e35db3dd0cd4bfdccb07c5cd474ab5f5222df7
2023-03-31 16:34:23,False,1.409e-07,4.41e-10,790996040.0,3.48838,0x1b...7f6d,https://bscscan.com/tx/0xa19fd625b06c2256395c1f13df87b633262062e1de64d8fa20f56388190d2b25
2023-03-31 16:34:05,False,1.403e-07,4.416e-10,406863612.0,1.79676,0xec...0165,https://bscscan.com/tx/0x05a128e0a3ca2e1e508458ba3377d196d992206d8e52e63bd52c5f44cbdaa6c0
2023-03-31 16:34:02,True,1.41e-07,4.438e-10,385276088.0,1.71,0xde...fa58,https://bscscan.com/tx/0xf442202ba10e3e83658b0134a81b41a2ab3186ba693519a061e2fb7e2bc2752b
2023-03-31 16:33:35,True,1.409e-07,4.432e-10,818989736.0,3.63,0x2a...576a,https://bscscan.com/tx/0xb1e0572a44117d70b020dd1828dc36c89c9b35f60a979364bbb999e8db98d6b5
2023-03-31 16:32:44,False,1.401e-07,4.408e-10,559611464.0,2.46725,0x2a...576a,https://bscscan.com/tx/0xef6c8f26cd443d8b73f9615fcd93a77f6e2a13ca1654be85f8e9ae30e9513bf1
2023-03-31 16:32:29,True,1.408e-07,4.431e-10,408418215.0,1.81,0x1b...7f6d,https://bscscan.com/tx/0x1bcf9c7f8a99aa55425117c5dc4b2045245eeb11502060f2287014efb808052e
2023-03-31 16:32:26,False,1.402e-07,4.41e-10,666773830.0,2.94107,0xde...fa58,https://bscscan.com/tx/0x2c8c2398ad8e04e0a7837f1c4ed8e102c42acf9447f07ec0900774a04b3e1c79
2023-03-31 16:31:41,True,1.415e-07,4.431e-10,909338610.0,4.03,0xec...0165,https://bscscan.com/tx/0x8d2195a9c1a2a3caa98429832f516e837af76d5acb1dad2cec9d1799b45cbc34
2023-03-31 16:31:20,True,1.406e-07,4.425e-10,366071374.0,1.62,0xde...fa58,https://bscscan.com/tx/0xc0329395885422e8ffba1b0ffc4e98ffd262c21588c3c791b40fe2ccf52331bb
2023-03-31 16:31:14,True,1.405e-07,4.421e-10,486306790.0,2.15,0x08...af7e,https://bscscan.com/tx/0x2d95b7cc97cc00901a081040c1f8aa9bfe368ad830e389466849248e86a666a1
2023-03-31 16:30:41,False,1.405e-07,4.399e-10,643640422.0,2.83188,0xec...0165,https://bscscan.com/tx/0x6f74128eafe4d416a0ed03caaf6821d9f1b51f273ffe55a0fae582228834ba03
2023-03-31 16:29:47,True,1.405e-07,4.421e-10,669422471.0,2.96,0xec...0165,https://bscscan.com/tx/0xf6b1d7f718061a1f8834b29987f2735d9ee992223893f184f89636d38579fab7
2023-03-31 16:29:41,True,1.404e-07,4.418e-10,18785647.0,0.083,0xd8...5cca,https://bscscan.com/tx/0xaa87391dbf135beaf1727a5f3b47697decfb48fb5eff272bb35bd268821bcfdc
2023-03-31 16:29:32,True,1.403e-07,4.415e-10,448377809.0,1.98,0x08...af7e,https://bscscan.com/tx/0xee497335abb67dadb52ee301328f8e714d840291967b41ce2b475268b6168838
2023-03-31 16:29:26,False,1.396e-07,4.393e-10,412698056.0,1.81327,0x2a...576a,https://bscscan.com/tx/0x3ebf76dc2ed434aaf2f2ea84f8c0ddfc9d3b096da3cea8f11e797199d2d36e05
2023-03-31 16:28:26,False,1.405e-07,4.397e-10,360786316.0,1.58657,0xde...fa58,https://bscscan.com/tx/0x533b151830bbae7e371347e83c401bf5e6bd661ff433eec6eb01d92d365914a4
2023-03-31 16:27:53,False,1.407e-07,4.401e-10,448411038.0,1.97372,0x08...af7e,https://bscscan.com/tx/0x5cbf1b00874c64b8badb662f14f7f4d08b58b0888bce3f724d269e2c395b3699
2023-03-31 16:27:35,True,1.407e-07,4.423e-10,443069108.0,1.96,0x2a...576a,https://bscscan.com/tx/0x74674fd8bc7cc0b49cabcec085498ed57921b4989eca081efc0932fb3be24f72
2023-03-31 16:26:29,False,1.406e-07,4.401e-10,338859079.0,1.49134,0x1b...7f6d,https://bscscan.com/tx/0x98dea26603abced8a832f136df299d6076bf40872ced3528578401fe670c2ea9
2023-03-31 16:25:29,False,1.407e-07,4.402e-10,11387317.0,0.0501,0xe9...a4e0,https://bscscan.com/tx/0xc4d30b6a2eef77e2a3f146a06ed2c42ddd7b7d0a87f706168e4f333628e97b77
2023-03-31 16:24:38,False,1.401e-07,4.406e-10,715774297.0,3.15403,0xec...0165,https://bscscan.com/tx/0xdb84af98c1645c72d643001dfd8e22b8ec480e2b5dfb47832f9b0d804241254b
2023-03-31 16:24:11,True,1.416e-07,4.431e-10,35051511.0,0.1553,0xc6...0704,https://bscscan.com/tx/0x6354c422f113f61946fb08db57f665e17b08779c37f02003dc4b23dbf4f17a88
2023-03-31 16:23:56,False,1.409e-07,4.41e-10,254466568.0,1.12244,0xec...0165,https://bscscan.com/tx/0x6d257c671b507fdac27e7341aa0b1428937bce5b1dc4303334b6549310a5a4d2
2023-03-31 16:23:50,True,1.416e-07,4.431e-10,564138732.0,2.5,0xde...fa58,https://bscscan.com/tx/0xa9311c82307ea2f6ea982dc5bbac655bb9a2938f5e37e3aa6bbbc714c6306e0b
2023-03-31 16:23:11,False,1.407e-07,4.408e-10,312291973.0,1.37663,0xde...fa58,https://bscscan.com/tx/0xd71bb0f1d7a0b4b7d9761a2be3e09750ffa3cd6598e74d7adf7c59f7904da6e3
2023-03-31 16:23:11,True,1.414e-07,4.429e-10,530575207.0,2.35,0x1b...7f6d,https://bscscan.com/tx/0x75228c4768a5e17b721a8429ae037bf78f2bc5d839c87b6ae32496a2bce06cce
2023-03-31 16:22:17,False,1.4e-07,4.407e-10,665200296.0,2.93201,0x1b...7f6d,https://bscscan.com/tx/0xff1303c7f0a631ec02429e8f88c56ebaf7cffa3a50392d4aa856e7b9f853e431
2023-03-31 16:22:05,True,1.414e-07,4.431e-10,419764525.0,1.86,0xec...0165,https://bscscan.com/tx/0x3a0779090df50ad80cc5b6fc9553fbb911ee0dca216d7a16c678661ae511813e
2023-03-31 16:21:11,True,1.406e-07,4.426e-10,422426054.0,1.87,0xec...0165,https://bscscan.com/tx/0x0f70f581790541f7f27b24798437160b154b80df75d6e2adc2e21c0fce7f5989
2023-03-31 16:19:41,True,1.411e-07,4.421e-10,717020220.0,3.17,0xde...fa58,https://bscscan.com/tx/0xca5879c006df4e301c2c4d98928619744e5efb78de06962e3bec2507c3c6a93f
2023-03-31 16:19:05,False,1.404e-07,4.399e-10,913084363.0,4.01755,0xec...0165,https://bscscan.com/tx/0x2e65115d447c88472c3fa82ad8fc10a56335aaba41cb0efce4b00324607b35a5
2023-03-31 16:18:05,False,1.399e-07,4.406e-10,454368498.0,2.00231,0x2a...576a,https://bscscan.com/tx/0x8d92b831858a92730004c52907179f85df5109fc780b7f776b27328c60792fe2
2023-03-31 16:17:47,True,1.405e-07,4.426e-10,905879867.0,4.01,0xec...0165,https://bscscan.com/tx/0xe1a9c3880f7401bc53d837ba6acf5bb54dfff4905a5881835df51bde8c5d0b4f
2023-03-31 16:17:17,True,1.404e-07,4.421e-10,16479199.0,0.0728,0xc6...0704,https://bscscan.com/tx/0xc5e4615176c10d6eef348d1b8ce7f4e2fc6eec97ad1891721cfde6ed93590094
2023-03-31 16:17:05,False,1.397e-07,4.402e-10,494109409.0,2.17522,0xde...fa58,https://bscscan.com/tx/0xc945dc16fe5c42a58265fa21adbd18367bcfd4c39c18934634ea612151acdcf6
2023-03-31 16:15:35,False,1.405e-07,4.404e-10,3778593.0,0.0166,0x10...1c36,https://bscscan.com/tx/0xa66f4a722afee6d133a7c055a549f8dd77fb1486d97a192e68108e00f8c3a49b
2023-03-31 16:15:32,True,1.411e-07,4.424e-10,494980226.0,2.19,0x1b...7f6d,https://bscscan.com/tx/0x87ac14c782c73509825cdbaef64f27d4309b6c017425e1e99f477ba2d8d5ccfd
2023-03-31 16:14:20,False,1.405e-07,4.403e-10,770845725.0,3.39458,0xec...0165,https://bscscan.com/tx/0xd538ddf7dc9b381a3bcd555e26115be9715d50650b684954bc0bf973fcc79c78
2023-03-31 16:13:50,True,1.412e-07,4.427e-10,365867766.0,1.62,0xde...fa58,https://bscscan.com/tx/0xcbcdab5477a5f83d7dffe937ce4ed86022f553f5e1142a1b56930e05adefa7b4
2023-03-31 16:13:35,False,1.398e-07,4.406e-10,610393916.0,2.68997,0x08...af7e,https://bscscan.com/tx/0x4d6752c065eb24044f5b55e26785baafbebe214a0d2f1c47aafc33a2d6ba3fb0
2023-03-31 16:13:29,True,1.406e-07,4.429e-10,487621560.0,2.16,0xec...0165,https://bscscan.com/tx/0x6d0385708b315ac67af50346d39f6f7615eeae5bd63d0baa54a03479b3bc92b9
2023-03-31 16:12:50,False,1.405e-07,4.406e-10,241455707.0,1.06393,0xde...fa58,https://bscscan.com/tx/0xe74630e84b49335304d1136db1cfd8efa9c99013e2a7151bc978c82305734e26
2023-03-31 16:12:17,True,1.411e-07,4.425e-10,876793453.0,3.88,0x2a...576a,https://bscscan.com/tx/0xc584920798f203cfa9f8777d8db7f073b933730325592cf113d72ac2769e8aca
2023-03-31 16:11:53,True,1.408e-07,4.415e-10,976018109.0,4.31,0x08...af7e,https://bscscan.com/tx/0xc4187b0aa51e5dd674e047948cd9d0a211c7fb809b2e30953d620011f21989a6
2023-03-31 16:11:26,False,1.393e-07,4.391e-10,523654292.0,2.29968,0xde...fa58,https://bscscan.com/tx/0x6b15a6d35e54940f732da5edf8085bdbc6309e97de91ff5ab1aa8a66a0dbcc15
2023-03-31 16:11:17,True,1.401e-07,4.414e-10,407774654.0,1.8,0x1b...7f6d,https://bscscan.com/tx/0x8abc36f32b18e24c0ad04736714a8d781ae79418a38ff64d11764ca28c951e35
2023-03-31 16:11:14,False,1.393e-07,4.391e-10,257742687.0,1.13185,0xec...0165,https://bscscan.com/tx/0xb86494b6ace159a6dc8af4b1e9748d2d708888edeec05127025f3db8221605b9
2023-03-31 16:11:08,False,1.394e-07,4.394e-10,389312755.0,1.71089,0x2a...576a,https://bscscan.com/tx/0x66c0031206639d7ff48afb57e94a1dfc7d8883b915d9bd2d9a3e532ba59d97f5
2023-03-31 16:11:05,False,1.396e-07,4.398e-10,385673413.0,1.69638,0x08...af7e,https://bscscan.com/tx/0xac5cb48cddf3b3c7cb40f4b3101dc6e882b8135f4405edbd9daf2bae550863e0
2023-03-31 16:10:32,True,1.402e-07,4.419e-10,678872922.0,3.0,0xec...0165,https://bscscan.com/tx/0x201ccd268f5da58e2dea4cce7293bc793f69baaf484bf9e3edf4556950657f79
2023-03-31 16:10:16,True,1.407e-07,4.411e-10,788807271.0,3.48,0xde...fa58,https://bscscan.com/tx/0xdf8f6eea06662b3090d772d1af0ce84128d6148f24d47c260b540be857651e13
2023-03-31 16:10:13,False,1.4e-07,4.388e-10,574356108.0,2.52063,0x08...af7e,https://bscscan.com/tx/0xd1b209a0102b0265c8ab6ae81c062c645d24402cbf4fea9a720c906b7a33bfe0
2023-03-31 16:09:28,False,1.403e-07,4.396e-10,1028925426.0,4.52379,0xde...fa58,https://bscscan.com/tx/0x564b6dc7628d463a80f60216bf76402c3d18b195a7039604bdd736449d3239b4
2023-03-31 16:09:22,True,1.41e-07,4.421e-10,556431684.0,2.46,0x08...af7e,https://bscscan.com/tx/0xdd3d6a95ac2b9ea73b897184b6564f72265c92951382698eb3032e4cf36e2648
2023-03-31 16:08:34,True,1.408e-07,4.412e-10,1105903857.0,4.88,0xde...fa58,https://bscscan.com/tx/0xd41148f1b90f2494b3407dfca3ce94058b46ee4c6201f011e951cb4167ff336d
2023-03-31 16:08:19,False,1.392e-07,4.386e-10,314218550.0,1.37838,0xec...0165,https://bscscan.com/tx/0xba7133094502982e97c9f40c5d569896912bbc4e308a114ed27d7ed7844d165d
2023-03-31 16:07:58,False,1.4e-07,4.39e-10,480696688.0,2.11057,0x1b...7f6d,https://bscscan.com/tx/0x8e22350941f433c6c6e4ec67602b63374100f232f19c3fcdb892ebfa1b07c99e
2023-03-31 16:07:40,True,1.407e-07,4.412e-10,573408305.0,2.53,0x08...af7e,https://bscscan.com/tx/0x57003180af9199550da8c6c0adad83350a08f7fc149e327394a31ae0ee65f6cb
2023-03-31 16:07:13,False,1.394e-07,4.392e-10,1025563671.0,4.50472,0xde...fa58,https://bscscan.com/tx/0xad86e41a0639a1c80c4ed6f7165e4d4b1388744b681b22ee2a6b03e7bf7e80f0
2023-03-31 16:07:07,False,1.396e-07,4.4e-10,584637147.0,2.57267,0x1b...7f6d,https://bscscan.com/tx/0xdd331e7bc83efe923d637ae9d61820fb442ce5536e7eb877196978f98ec3e5ea
2023-03-31 16:06:52,False,1.406e-07,4.409e-10,1176864173.0,5.18911,0x08...af7e,https://bscscan.com/tx/0x995cab6bef32f15bb5e4fb3ca37b51e64902d6c73995cfd5cd7435350311eb37
2023-03-31 16:06:16,True,1.413e-07,4.432e-10,1044666026.0,4.63,0x1b...7f6d,https://bscscan.com/tx/0x4ddc39a947668f69f774f93ed9689f0c00bafc829be68e9447c7ab04f109c97b
2023-03-31 16:05:43,True,1.404e-07,4.424e-10,517611532.0,2.29,0xde...fa58,https://bscscan.com/tx/0xa5c041220d7fa5431736c29b39b5a8775ae06db8df19fdd946f23a39e24c26ba
2023-03-31 16:05:10,True,1.409e-07,4.419e-10,368802467.0,1.63,0x08...af7e,https://bscscan.com/tx/0x0710876fe87586c99440788145bba841d0615c70e0951c82923f4d0766b7372d
2023-03-31 16:04:52,False,1.403e-07,4.398e-10,465221644.0,2.0461,0xec...0165,https://bscscan.com/tx/0xa6f0d52fa420313f4d4f539df1b6b3e7ecd2e567b48417462ca0fdd9d2a4f528
2023-03-31 16:04:34,False,1.397e-07,4.402e-10,507722131.0,2.23549,0x1b...7f6d,https://bscscan.com/tx/0x6b817a712a21ac65299421feecb9067bd3301aade55cb565ad68abf87dead365
2023-03-31 16:04:04,False,1.398e-07,4.406e-10,267239448.0,1.17768,0x1b...7f6d,https://bscscan.com/tx/0x763c31c26a945807638226eff8d1a211f455808ce50d41f1533094eccb4f8f4d
2023-03-31 16:03:28,True,1.405e-07,4.427e-10,510418930.0,2.26,0x08...af7e,https://bscscan.com/tx/0xc5b84c134bbf23a780dc80aeeeb71a77d55c29ec19d6f044fc1851239ed6e851
2023-03-31 16:03:10,True,1.411e-07,4.423e-10,402429070.0,1.78,0xec...0165,https://bscscan.com/tx/0x7b19b00c1d53ac21891964c3ca0d05d687983683ec32dcf0c170cc6f85aa51f4
2023-03-31 16:01:52,True,1.402e-07,4.418e-10,461664303.0,2.04,0xec...0165,https://bscscan.com/tx/0x40a2d3aac3a5fbf185aca6853c3bfa7c70af5a14f792f4a163c900166612cede
2023-03-31 16:00:58,True,1.407e-07,4.413e-10,568693803.0,2.51,0xde...fa58,https://bscscan.com/tx/0x33255862824fd9020172889cdebb1fd2e14138cffdb6084d364f4fa0eb057b04
2023-03-31 16:00:52,True,1.406e-07,4.41e-10,6801578.0,0.03,0x35...4c84,https://bscscan.com/tx/0x35d5d3a2a1b40796f30fb77d13b62ceaf91c749a98cbdd0bbac1af3f28b7fe1f
2023-03-31 16:00:07,False,1.401e-07,4.393e-10,945403174.0,4.15353,0xde...fa58,https://bscscan.com/tx/0x0f817129a78f4146e17260ff8a086584511a9ecf0c4c763ffe6e088d773a1933
2023-03-31 15:59:52,False,1.397e-07,4.402e-10,965060043.0,4.24909,0xec...0165,https://bscscan.com/tx/0xa8385c70ff78e66778ce081a6aa275b18bfdf269abfb2045f40a1cd8b8cf619c
2023-03-31 15:59:13,True,1.412e-07,4.427e-10,478831123.0,2.12,0xde...fa58,https://bscscan.com/tx/0xb847605dea911ac3e788c6ef66dfef94192d208a82df53ac6c832a325df6fb85
2023-03-31 15:59:04,True,1.41e-07,4.422e-10,544966040.0,2.41,0x2a...576a,https://bscscan.com/tx/0x7ef4aa7343b43d6e9f4377288fe0075e753c4fd79904775e919372034bad3663
2023-03-31 15:58:31,True,1.408e-07,4.417e-10,470887689.0,2.08,0xde...fa58,https://bscscan.com/tx/0x4e06b3ed4dea7bba9c2291bfe741f6265a61303d5643e3a089742db0e8eb49de
2023-03-31 15:57:37,False,1.402e-07,4.398e-10,1173988565.0,5.16396,0xde...fa58,https://bscscan.com/tx/0xd50aea40dfaebcc1b87d1439c50f6ba813931e078ac6e0d5373c71d242c20398
2023-03-31 15:57:13,True,1.41e-07,4.423e-10,585489162.0,2.59,0xec...0165,https://bscscan.com/tx/0xb0afd958dc3cdb989dcb28cad3edfbcd18bd819e246b3d4e87f5dabc6316af01
2023-03-31 15:56:46,False,1.403e-07,4.401e-10,577425709.0,2.54155,0x08...af7e,https://bscscan.com/tx/0x89a3c34c034dd213283e61a184ffd9f4212632a4498358217d0534778173a4b3
2023-03-31 15:56:31,True,1.409e-07,4.42e-10,1097041626.0,4.85,0xde...fa58,https://bscscan.com/tx/0x20c36561f35b4b30fee30438c6afd2f659bf320a23ac83a6228c665bf0ce9e5c
2023-03-31 15:56:28,False,1.403e-07,4.399e-10,1206116398.0,5.30625,0x2a...576a,https://bscscan.com/tx/0xe68582d3e4bc729ac0f5a7a98492571bb161098a103c270052966fd1efb7ddf9
2023-03-31 15:55:58,True,1.411e-07,4.424e-10,571791157.0,2.53,0x08...af7e,https://bscscan.com/tx/0xdaae456e02f5c6b43a050312c5b79cf6556aa13ab612d29026b64f0fc1d94ece
2023-03-31 15:55:49,True,1.408e-07,4.417e-10,907804167.0,4.01,0x2a...576a,https://bscscan.com/tx/0xbbf13ce46aa69fb19bfa4ae3b04bdef805cbbc9c698ddb59f10619a1ff6b6b0e
2023-03-31 15:55:16,True,1.4e-07,4.409e-10,605488214.0,2.67,0x1b...7f6d,https://bscscan.com/tx/0xd27bbfe97aded1f93bf28809ca5e7b3b46c4456c5b34c53cb7b29bdc89dd8e72
2023-03-31 15:54:58,False,1.393e-07,4.39e-10,1104924784.0,4.85077,0xde...fa58,https://bscscan.com/tx/0x89d47190a92499f63ecc7867e1959d243bd177f77b5d70f686181259b0b584b9
2023-03-31 15:54:34,False,1.403e-07,4.397e-10,406368453.0,1.78707,0xec...0165,https://bscscan.com/tx/0xb73c1656cd251d0dea6ff7d0620f5aa43ff2cdeece89986dad651cda381d7819
2023-03-31 15:53:19,True,1.402e-07,4.417e-10,753740088.0,3.33,0xde...fa58,https://bscscan.com/tx/0x3b2c68090e24e6c58df43e6da282e217c33b8570ca8a026b3e6387369fe7ed25
2023-03-31 15:52:46,False,1.394e-07,4.392e-10,123922848.0,0.5443,0x8f...0024,https://bscscan.com/tx/0x4172c6309d1bcfbf5a1dfe19ca7abb834dcd747d5bef536e98642c5975fed2d1
2023-03-31 15:52:34,False,1.402e-07,4.395e-10,475888035.0,2.09189,0x08...af7e,https://bscscan.com/tx/0xcfe88e2a94d31bcd7267d96524a2a5c59a92fb6dc5376467606ad059db9d9646
2023-03-31 15:51:43,True,1.408e-07,4.416e-10,776669571.0,3.43,0x08...af7e,https://bscscan.com/tx/0x3c122307c6d3971b7fb1925dfad92961cdcd1bafa104ab3f6c1fb2766eec4e45
2023-03-31 15:51:34,False,1.401e-07,4.394e-10,779535398.0,3.42548,0xde...fa58,https://bscscan.com/tx/0x7eba80f433bb09eb09a5ac9108a7e5d965fad009b49c58a7cd4b0bc3f9bc82e6
2023-03-31 15:51:31,False,1.403e-07,4.4e-10,373615696.0,1.64391,0x2a...576a,https://bscscan.com/tx/0x1607b7092d25eb4a1bd41aadb6ec7cbcad59dc0b4130c9d489b6dc4ca9b3d402
2023-03-31 15:51:25,True,1.41e-07,4.421e-10,551889298.0,2.44,0xec...0165,https://bscscan.com/tx/0xf9f0d52d59658374f6bd40cad2c6025d040c57149135da624195111aad1b0fb2
2023-03-31 15:51:07,True,1.409e-07,4.418e-10,25007045.0,0.1104,0xdb...4fad,https://bscscan.com/tx/0x5bd70a9e7dbbf4bb88e5259fa965beabedc9978f305c48d0124bfcb42f73cd61
2023-03-31 15:50:25,False,1.402e-07,4.397e-10,255711317.0,1.12446,0x2a...576a,https://bscscan.com/tx/0xb883e9fe8bdc5ad665c9b02b015238729fdee6d32911952747ddfd3a0221116d
2023-03-31 15:50:04,False,1.398e-07,4.404e-10,1171996766.0,5.16207,0x08...af7e,https://bscscan.com/tx/0x0b382b5e3248dbc4a3be4b05f0921e062b14a0add1c14045d245ac515239361e
2023-03-31 15:49:58,False,1.4e-07,4.41e-10,13004050.0,0.0573,0x83...c040,https://bscscan.com/tx/0x6f2775c19984814311d25feebd574aa553f026ccc7c91eacaa16ee44ff4b9fbc
2023-03-31 15:49:13,True,1.413e-07,4.429e-10,564362550.0,2.5,0x08...af7e,https://bscscan.com/tx/0x58043c7ba0b146ca07da1c74a239e0f86a763c015192232c3b01317106bad437
2023-03-31 15:49:01,True,1.403e-07,4.421e-10,1083348306.0,4.79,0xde...fa58,https://bscscan.com/tx/0x5e70532fd6c5e1d3302c134ba3588564c360c6b48c8dda6f57b2a8fdfb1f8bc3
2023-03-31 15:48:31,False,1.395e-07,4.396e-10,406770434.0,1.78817,0xec...0165,https://bscscan.com/tx/0xe5c8c39faa61861ba3482122e61df5a1287a08c796fff01df0b52a6252caf518
2023-03-31 15:48:28,False,1.397e-07,4.402e-10,818652801.0,3.60382,0x1b...7f6d,https://bscscan.com/tx/0xb09871326aba0ce689d919185dcb084841e57c3d724b912a115643d3ae95433e
2023-03-31 15:47:55,False,1.406e-07,4.407e-10,310662953.0,1.36933,0xde...fa58,https://bscscan.com/tx/0xec9560873970f7dd1223c75fa69b64f8559c577dd4b23f7d0a9b97df3c3bde41
2023-03-31 15:47:52,True,1.412e-07,4.426e-10,899044044.0,3.98,0x2a...576a,https://bscscan.com/tx/0xa2e1a645e758aa72fb5c940f53dec15aabd6d02e41c0ded68be49d96f363ad96
2023-03-31 15:47:43,False,1.397e-07,4.401e-10,289243242.0,1.27318,0xec...0165,https://bscscan.com/tx/0x24db75eb849f7ac1b4bef25b33d55ff7de1a02e0eba7d694744098a270f3ec68
2023-03-31 15:47:34,False,1.405e-07,4.405e-10,452020331.0,1.99136,0x08...af7e,https://bscscan.com/tx/0x0676cd89cf2bc8a4c6f9fff66856cb6bf041bc907948fb9ec716159854e38662
2023-03-31 15:46:49,True,1.411e-07,4.424e-10,1044165653.0,4.62,0x1b...7f6d,https://bscscan.com/tx/0x253a7c6d2f7acabafd6e4f02acfb56e29e6e0833ae28959f8fc0ea9891d5b2e7
2023-03-31 15:46:10,False,1.396e-07,4.398e-10,277335960.0,1.21991,0x1b...7f6d,https://bscscan.com/tx/0x23565a4911a862065c9be1fc827dbff691fdae7f8e898a0c03db66a41dfb3a3c
2023-03-31 15:45:52,True,1.41e-07,4.419e-10,529476986.0,2.34,0x08...af7e,https://bscscan.com/tx/0xdc94eee12df866bc5e85bc0287ee4e9b71817528b9ebdfb0abd0924651bc81f0
2023-03-31 15:45:22,True,1.4e-07,4.411e-10,963290258.0,4.25,0xec...0165,https://bscscan.com/tx/0x3971b0b0a594b157cec187d8b4fc18e4ade0190a09d12eef8ca8deaa4057f67a
2023-03-31 15:45:13,False,1.392e-07,4.386e-10,267497529.0,1.17337,0x2a...576a,https://bscscan.com/tx/0xc79984e48924bf6dbe88e681dcf051092373458dc935dbdb624f6104f3f841a5
2023-03-31 15:44:49,False,1.4e-07,4.391e-10,794308910.0,3.48841,0xde...fa58,https://bscscan.com/tx/0x9fcc46868226f6db3769be971dd1e738495e2f6bb719daab0eb9a0567e0a702f
2023-03-31 15:44:37,False,1.403e-07,4.4e-10,912782765.0,4.01648,0x2a...576a,https://bscscan.com/tx/0xe79544b290aed0c14614c1fdff8990ef51b2ceb3167835b79a2f2952a71f84e1
2023-03-31 15:44:22,False,1.406e-07,4.408e-10,721927835.0,3.18257,0xec...0165,https://bscscan.com/tx/0xb077848b9f8989396b18b74c7093100828a88e356ef34c0ba2260134384f89dd
2023-03-31 15:43:55,True,1.412e-07,4.429e-10,939170171.0,4.16,0xde...fa58,https://bscscan.com/tx/0x286bd580e8e95645fccb627c81dae03c955c2446c172d835e5997bd883786c36
2023-03-31 15:43:49,False,1.397e-07,4.402e-10,1510036.0,0.0066,0xd5...e663,https://bscscan.com/tx/0x63e7ee2c73d2f0eab7800b3a7ace30588af893c65f1a6715a4bb5337a1e842c2
2023-03-31 15:43:49,True,1.403e-07,4.421e-10,674004463.0,2.98,0xec...0165,https://bscscan.com/tx/0x2a1f05c3d54325c34641a7034572854d86969db7e001e8b401af659945c39a19
2023-03-31 15:42:41,False,1.402e-07,4.399e-10,754858232.0,3.32112,0x1b...7f6d,https://bscscan.com/tx/0x775cd51d316a6af8102afec1d6b2ef65eb7bcd11e3cf9e3c5988acd05d6d595e
2023-03-31 15:41:44,True,1.41e-07,4.423e-10,427275808.0,1.89,0x1b...7f6d,https://bscscan.com/tx/0xdb6dca8b3ab0541f481031494161e904733e650579237fbd30d4734000b6cbb8
2023-03-31 15:41:44,False,1.404e-07,4.404e-10,1043867284.0,4.59758,0xec...0165,https://bscscan.com/tx/0xc95a784eaf35fe333a5d35aa53c5978a8c2245d4ba068fb92c1488c2c69fa7ac
2023-03-31 15:41:30,False,1.407e-07,4.411e-10,437213123.0,1.92889,0xde...fa58,https://bscscan.com/tx/0x070b4d572aff0354b8c7ee53125e2148dc19062f5f66cdce28fd9474dcdfb64b
2023-03-31 15:40:48,True,1.413e-07,4.43e-10,1033650960.0,4.58,0xec...0165,https://bscscan.com/tx/0x1419adb25d8bfca066e14d9deae09aa76b9b5d7556c1beb9dbdb0e999a349e98
2023-03-31 15:40:00,True,1.411e-07,4.423e-10,513214125.0,2.27,0x1b...7f6d,https://bscscan.com/tx/0xdd14a9263ed7691545411d61591d453880daa0334f1c47698c679a47c610f480
2023-03-31 15:39:57,False,1.404e-07,4.399e-10,283573760.0,1.24769,0xec...0165,https://bscscan.com/tx/0x3feca7ff103f2280985926e65b3b12c136d82296dfae4001870b83a2a8befa9c
2023-03-31 15:39:09,True,1.404e-07,4.421e-10,468218325.0,2.07,0x08...af7e,https://bscscan.com/tx/0xa30ac55c1cc58b945e77e389adb3c06eaece229bd9dc26d1316921dde9c5e801
2023-03-31 15:38:21,True,1.409e-07,4.415e-10,550284489.0,2.43,0x2a...576a,https://bscscan.com/tx/0xc6f0b84dc4f516d504aa500c2d7daa0edc2d2c751d25033a0d61ad388fffabfe
2023-03-31 15:37:42,False,1.403e-07,4.396e-10,1038421958.0,4.5652,0x1b...7f6d,https://bscscan.com/tx/0xe1a8fcf084d87de767020921d24935c42025c9e2a6e3ac8ecb30b300e94ad807
2023-03-31 15:37:30,False,1.406e-07,4.406e-10,1021542617.0,4.5015,0x08...af7e,https://bscscan.com/tx/0x94f473fb119674edd7858321220e19a2c2b82eade888809d2e170e812fc6be56
2023-03-31 15:36:45,True,1.406e-07,4.429e-10,835289751.0,3.7,0x1b...7f6d,https://bscscan.com/tx/0xb8f230956734680a1db24784c8fd5499529184d4cb7796dab042797d4d9de4a7
2023-03-31 15:36:36,False,1.405e-07,4.405e-10,464174122.0,2.04498,0x2a...576a,https://bscscan.com/tx/0x08567f13307f8ac10acf71d9448cd80ae732e72e23ecef3c922047d57c18c966
2023-03-31 15:36:18,False,1.406e-07,4.41e-10,445421746.0,1.96439,0xde...fa58,https://bscscan.com/tx/0x850c18f798e4c1e453aebfc8fe13ae34980890604e029652e5b6af2c9165c046
2023-03-31 15:36:12,False,1.407e-07,4.412e-10,13438936.0,0.0593,0x5e...4fcc,https://bscscan.com/tx/0x55be5601651d39f1879383fb824a22f309180002cbe6a3f902386de945765652
2023-03-31 15:35:51,True,1.406e-07,4.431e-10,665716077.0,2.95,0x2a...576a,https://bscscan.com/tx/0xb2c12711bc28c1cb580a6e58b0864cf86b6dae040e20f2b8501461665349fc21
2023-03-31 15:35:48,False,1.399e-07,4.408e-10,511131326.0,2.25328,0x1b...7f6d,https://bscscan.com/tx/0x203eaeb2f0eceed22be5c5a5893bf770f380da4e8a73977de5a1856804b6f161
2023-03-31 15:35:39,False,1.401e-07,4.415e-10,851153860.0,3.75805,0xec...0165,https://bscscan.com/tx/0xc4f7dbb9a3060ad0438f338a0f9074a0370c11f25677458b065f644e2d4c17be
2023-03-31 15:34:57,True,1.413e-07,4.436e-10,1005273544.0,4.46,0x08...af7e,https://bscscan.com/tx/0xa3bb7b81f295d44adb30907f5ff56be6c1416eb8a9daf6709bf8105c9182f1d9
2023-03-31 15:34:39,True,1.409e-07,4.428e-10,659409763.0,2.92,0xec...0165,https://bscscan.com/tx/0x262c89900bebd2a7ccaf57e86ca0fbe6eb5174ce5af0f44dde60e77cfc81c785
2023-03-31 15:34:06,False,1.4e-07,4.404e-10,355999336.0,1.56802,0x08...af7e,https://bscscan.com/tx/0x60ab79b3ac374d9895b74193925c68b561749d51e9ad981b883daf785532014d
2023-03-31 15:34:06,True,1.407e-07,4.426e-10,433773412.0,1.92,0x1b...7f6d,https://bscscan.com/tx/0x349dde431bd4c92af7fb96a8547c59da2cf4a0af8bd3d6fe0ca407740805c079
2023-03-31 15:33:24,False,1.4e-07,4.406e-10,861610239.0,3.79652,0x1b...7f6d,https://bscscan.com/tx/0x89b27138d485de50242dff106438541ca39de53be9d4eb3171804a5f5275eea1
2023-03-31 15:33:09,False,1.402e-07,4.413e-10,535000436.0,2.36112,0x2a...576a,https://bscscan.com/tx/0x8ddc3a82b5445d944ea1890a1ca95af9859302de8917f059e55450bbd241f81b
2023-03-31 15:32:54,True,1.408e-07,4.433e-10,951879377.0,4.22,0xde...fa58,https://bscscan.com/tx/0xba54cfe3b5171c25522fec89a1590f3b7a24b0186a42d5abb74309213659ad4d
2023-03-31 15:32:24,False,1.4e-07,4.407e-10,276466122.0,1.21861,0x08...af7e,https://bscscan.com/tx/0x8b37c3aaf380150cd59f426a55fbe19e74f8a15c6db5d11561af1d06091909cb
2023-03-31 15:32:18,True,1.4e-07,4.428e-10,602943566.0,2.67,0x2a...576a,https://bscscan.com/tx/0xd953ebc190b4b7eb217878fee99688a6e4c259a63c3dc4092660d463a23c87b7
2023-03-31 15:32:03,False,1.393e-07,4.407e-10,917436248.0,4.04382,0xde...fa58,https://bscscan.com/tx/0x5b3d90725e7d1a465894817436b4e9d489a1f813ba18eb0373269c7b2fa63fba
2023-03-31 15:31:36,True,1.406e-07,4.428e-10,1264655128.0,5.6,0x1b...7f6d,https://bscscan.com/tx/0x1aef8121b16d04d844b596d3c40749e9316b9413f37791acecc47efc75eb03e7
2023-03-31 15:31:33,False,1.398e-07,4.401e-10,346159181.0,1.52358,0x08...af7e,https://bscscan.com/tx/0xf632287338fc7c5b32242a9ca20804431ba4288cabec820cd14acba3daa6dbc5
2023-03-31 15:30:42,False,1.398e-07,4.403e-10,286045445.0,1.25973,0x1b...7f6d,https://bscscan.com/tx/0x047ecd0921cd0b0c4888c80c66a4128e2f929a149e1edab37e123383e479c912
2023-03-31 15:29:54,True,1.399e-07,4.426e-10,399904574.0,1.77,0x08...af7e,https://bscscan.com/tx/0x85cd0237bf8e12b94b202677a88fbe5ca6c1f0fcf1146d0cc9dccdbc36dab8a4
2023-03-31 15:29:03,True,1.404e-07,4.42e-10,649207355.0,2.87,0x08...af7e,https://bscscan.com/tx/0xb19b510d915f1c7ee72c28167d906164aeef780c9cc686220b78877dfe1dd776
2023-03-31 15:28:57,False,1.397e-07,4.398e-10,696743662.0,3.06493,0xec...0165,https://bscscan.com/tx/0xdcf26ba9e3b6b5289d27c7a734eff0b68b56e7ff4d50f636310c8ab74c43ed07
2023-03-31 15:28:48,False,1.398e-07,4.403e-10,244184424.0,1.0753,0x2a...576a,https://bscscan.com/tx/0x2289cbb23d8720d40fa8655794e8d9f3101c994c9461ac426d888de59af4b7bf
2023-03-31 15:27:21,False,1.399e-07,4.406e-10,252807965.0,1.1139,0x08...af7e,https://bscscan.com/tx/0xa8525cca2da349c5765721c85fc8763bfe52186a54d8989f7787de557c3300ad
2023-03-31 15:26:57,True,1.398e-07,4.424e-10,894917780.0,3.96,0xde...fa58,https://bscscan.com/tx/0xf8e5e9a05dcba196d2e5ed58526d8e448e2f74aa0c3d44945791f1cf899d250f
2023-03-31 15:26:12,False,1.391e-07,4.401e-10,609659968.0,2.6834,0xde...fa58,https://bscscan.com/tx/0x0c57f6f4a7fe5092934541adcee4a77b1ddb65bf6be2d8664c997d7be66421b6
2023-03-31 15:25:42,False,1.4e-07,4.407e-10,593782006.0,2.61708,0x08...af7e,https://bscscan.com/tx/0xdc2e20ca1b6eee55d1898e239cdfd738422885051e73da433ed48f994611c81d
2023-03-31 15:25:18,True,1.407e-07,4.429e-10,661512580.0,2.93,0xec...0165,https://bscscan.com/tx/0x86cfb440c74a554c0b9b88ca58de6f1d66ebf0787f9acda2f96ebc056a2281f4
2023-03-31 15:24:00,True,1.404e-07,4.421e-10,782456510.0,3.46,0x08...af7e,https://bscscan.com/tx/0x0cec1f41bd6888f00bc86517df9d78cf0eae41e952083b518d88539f8faafe49
2023-03-31 15:22:24,True,1.394e-07,4.416e-10,226402923.0,1.0,0xa4...e699,https://bscscan.com/tx/0x7b5db241dba3978f7025314e9a94ee46f34cdbfde23d27f6896a0ebb08a662cb
2023-03-31 15:21:30,False,1.388e-07,4.396e-10,649458760.0,2.85564,0x08...af7e,https://bscscan.com/tx/0xe5bee6b9b028bebb56634c92ef36145cf39f4dddc59ccca852a706f96810bc50
2023-03-31 15:20:39,True,1.404e-07,4.42e-10,418535732.0,1.85,0x08...af7e,https://bscscan.com/tx/0x664caf4e7389df8b95e0730f292feee5a4a5e4a9e93592dad508b4d0a930b122
2023-03-31 15:20:09,False,1.389e-07,4.398e-10,430736492.0,1.89445,0xec...0165,https://bscscan.com/tx/0xdc06e47d56f77dc94c321602853323ad9bdad0eda9c55626fa0fdb257196de3e
2023-03-31 15:19:27,True,1.404e-07,4.419e-10,493222910.0,2.18,0x2a...576a,https://bscscan.com/tx/0x27595ef50cca024fe56d13e3e710a06b13ede2a76cc8d38ba6e7761ddf0a4eed
2023-03-31 15:18:27,True,1.401e-07,4.414e-10,672851093.0,2.97,0xec...0165,https://bscscan.com/tx/0x1dcb847e59b794dbfca375b67d89376c85463e8c3bc1078dc080ace613ed8b7b
2023-03-31 15:18:09,False,1.387e-07,4.392e-10,833669009.0,3.66215,0x08...af7e,https://bscscan.com/tx/0x90ad4aae0d80c751e27249c931c4304a9073c0c539b2276a98fbfaa5b4d1bbe1
2023-03-31 15:16:42,False,1.397e-07,4.401e-10,934051011.0,4.11135,0xec...0165,https://bscscan.com/tx/0xb8de1deb3cfedad682ae8ab4e8096a026dedb5f3aafb27a1b7de1f86f6d2f44e
2023-03-31 15:16:27,True,1.405e-07,4.426e-10,422477185.0,1.87,0x08...af7e,https://bscscan.com/tx/0xcb8eca51bf7392f7f4a7b9f872023756fa28c31ffe78b5751cf80f68c8cfe85d
2023-03-31 15:15:51,True,1.396e-07,4.421e-10,603920978.0,2.67,0xde...fa58,https://bscscan.com/tx/0xa9fdd6fc7137046270f1387646263a04e22a096c86eafd4de79d1cf82095070a
2023-03-31 15:15:09,False,1.389e-07,4.397e-10,279406332.0,1.22866,0x2a...576a,https://bscscan.com/tx/0x50ecdb52cffbd5f356321c9330c80066a65a06e1a58d35ad70eec8a92801b1ca
2023-03-31 15:14:45,True,1.395e-07,4.417e-10,683654069.0,3.02,0x08...af7e,https://bscscan.com/tx/0xf4a15ed1e6924e7831d3c9b64ca825b78a729833e81fd7772866f57fb4f4072c
2023-03-31 15:14:15,False,1.394e-07,4.393e-10,326551060.0,1.43473,0xde...fa58,https://bscscan.com/tx/0xac1bcf636e7b217c765374c1dd60ab987710a61517c20828592a32d5b1898e30
2023-03-31 15:14:06,False,1.395e-07,4.396e-10,343653372.0,1.51102,0x2a...576a,https://bscscan.com/tx/0xcd0880b5c8bf960dd2f505eb46a24605d375aac4c89512c61caaabb2b1e2cf67
2023-03-31 15:13:24,False,1.397e-07,4.401e-10,603137163.0,2.65481,0xde...fa58,https://bscscan.com/tx/0x51e6722445efa5b378ab0356fabcad20b9db83a040712b8a963cba4c14868e73
2023-03-31 15:11:39,True,1.403e-07,4.42e-10,1248729956.0,5.52,0xec...0165,https://bscscan.com/tx/0x21b3d96ae3e37748f7160d9c633a61d97d972bb192d9fef5f8175d04c3baa588
2023-03-31 15:11:12,False,1.387e-07,4.393e-10,265652645.0,1.16715,0xec...0165,https://bscscan.com/tx/0x10645a8a2058e1b9cb7acbf632ac549ce708c2c54e9f61bdb824c695266b7040
2023-03-31 15:10:27,False,1.395e-07,4.396e-10,326023328.0,1.43335,0x1b...7f6d,https://bscscan.com/tx/0xfccece000af527be7d6c14e9e3ddb0f4b47a379069b65565fc0b178948d42c38
2023-03-31 15:09:45,False,1.39e-07,4.401e-10,630309305.0,2.77414,0x08...af7e,https://bscscan.com/tx/0x6b11e531fb417be138d064aa5a44fe45f214d4a3bc8d289b6815c046347bcbec
2023-03-31 15:09:09,True,1.403e-07,4.421e-10,949861898.0,4.2,0xde...fa58,https://bscscan.com/tx/0x33988a617b13b162155932e06bcc513a92b80fec5323f34d7838d379e6b7801b
2023-03-31 15:08:12,True,1.4e-07,4.412e-10,870243873.0,3.84,0x2a...576a,https://bscscan.com/tx/0x1c3db54381122fb072fc6acd607d89e4143e765de2a424385c6f13f3596a3ddd
2023-03-31 15:08:06,False,1.393e-07,4.39e-10,871753934.0,3.82746,0xec...0165,https://bscscan.com/tx/0x28ab22ce8a08bac92e67caac63caca5d5b6ae9f29b6f08c037782a865726b910
2023-03-31 15:07:18,True,1.401e-07,4.415e-10,380520260.0,1.68,0xec...0165,https://bscscan.com/tx/0x68f928d4cf679460dbd020349d70ee9d62ba0a47c6fa0bf9af67af0e70f21a5d
2023-03-31 15:07:15,False,1.394e-07,4.393e-10,440008358.0,1.93307,0x1b...7f6d,https://bscscan.com/tx/0x14f04c2a8ca952101b7a3c04bf1082aca88ca4c8aadbf17e9dabdc69c86ffc16
2023-03-31 15:06:36,False,1.397e-07,4.401e-10,1172925684.0,5.16241,0x2a...576a,https://bscscan.com/tx/0x80ace18f21017f190553a5c42623afa572aa561ffa39ae81d25af3a41d467696
2023-03-31 15:05:45,False,1.392e-07,4.408e-10,344793063.0,1.52016,0xde...fa58,https://bscscan.com/tx/0xd384972fc3360bc8fac05ed3ccd9898e4da24e2bbff105300c027adf765269da
2023-03-31 15:05:33,True,1.399e-07,4.43e-10,401740350.0,1.78,0x08...af7e,https://bscscan.com/tx/0xe354318477b9413c6a8625b353b667c265c1f07bbf7e6bb3e893b9698a2762d6
2023-03-31 15:04:54,False,1.399e-07,4.408e-10,331469678.0,1.4612,0xde...fa58,https://bscscan.com/tx/0x387bd0f1277d6f9c2c06766dc11909399cbe5b6dd2b3c194c98f8485ed468542
2023-03-31 15:03:45,True,1.405e-07,4.426e-10,1143175973.0,5.06,0x2a...576a,https://bscscan.com/tx/0x4b5155fbf4c54ef60981368bb6cd13a574728498823db6d8c70329c0be852602
2023-03-31 15:03:03,False,1.39e-07,4.403e-10,991595328.0,4.36639,0x2a...576a,https://bscscan.com/tx/0x62043c75406993e1816b8a9ffb149982d0345f1164c81bf9f169305f1862636a
2023-03-31 15:02:48,True,1.405e-07,4.427e-10,652784968.0,2.89,0x1b...7f6d,https://bscscan.com/tx/0x2473832c3d103edbffc518a56f358555d185cbd1fc5686765ace88c889b118cd
2023-03-31 15:02:12,False,1.391e-07,4.404e-10,497132157.0,2.18952,0x08...af7e,https://bscscan.com/tx/0x9fc7c706107e5b1a5d5a8adf5de50264738ef4ff1eead18311e73d54fe934516
2023-03-31 15:02:00,True,1.397e-07,4.423e-10,1051180635.0,4.65,0x2a...576a,https://bscscan.com/tx/0x46e2384405344b3e85986c2d5b9347084700c19f6b0dd30299d01c674c99f107
2023-03-31 15:01:48,True,1.395e-07,4.416e-10,427973083.0,1.89,0xde...fa58,https://bscscan.com/tx/0xb073871c2cadf41c3ed638cc3f100421f83d51ed4e81cea007a18f0d636cab23
2023-03-31 15:01:27,True,1.401e-07,4.413e-10,35836957.0,0.1581,0xb5...81cf,https://bscscan.com/tx/0x70b11a8307bf3788d1e7b5e615180436d792ef3b5f5c08c1f22b7df008761bec
2023-03-31 15:00:30,True,1.4e-07,4.41e-10,702926523.0,3.1,0x08...af7e,https://bscscan.com/tx/0x8ee5cd774ecb710e4b63ad42c99ff685590911237af82e7b5ef8f8b62528e165
2023-03-31 15:00:21,False,1.392e-07,4.386e-10,383830017.0,1.68368,0x1b...7f6d,https://bscscan.com/tx/0x6d40889769917f6a96d1d047202eb7959f49cdf23fb2393ba11631834ee495b1
2023-03-31 15:00:00,False,1.394e-07,4.392e-10,885822928.0,3.89128,0x2a...576a,https://bscscan.com/tx/0xd2216cae108c8ea44395a3d20fd42d953bf002ba5370aa6d10e691c7d4170f2a
2023-03-31 14:59:51,False,1.39e-07,4.4e-10,569944611.0,2.50781,0xde...fa58,https://bscscan.com/tx/0x9ef70007f0bf9551606324ea5030d328df70fc7cabb207d0a4c26da3d5bbbe02
2023-03-31 14:59:15,True,1.404e-07,4.424e-10,18000000.0,0.0796,0x91...17c0,https://bscscan.com/tx/0x1a2162564d7d37cac72037bb8bc64d4ca7b20dee476c1147f9d1b5a1d5e822bd
2023-03-31 14:58:39,True,1.397e-07,4.423e-10,364004394.0,1.61,0xec...0165,https://bscscan.com/tx/0x87d525a76769d6a72345db4869f1d9e35eef92fb8fd0b5dcb636db4c422da9ab
2023-03-31 14:58:00,False,1.397e-07,4.403e-10,796556487.0,3.50732,0x08...af7e,https://bscscan.com/tx/0x308a75e3f73a6cbb2445a812b487d502208274e632f3c10f1b0fc1da9e1d96ea
2023-03-31 14:56:30,True,1.397e-07,4.425e-10,695937339.0,3.08,0xde...fa58,https://bscscan.com/tx/0x3135c984543b7ee39895b329f46efa082db99094731995e91bd89b5a5b28f4be
2023-03-31 14:56:18,True,1.402e-07,4.418e-10,764993664.0,3.38,0x08...af7e,https://bscscan.com/tx/0x2f951e5a19b60d67198f238a1c76498c9bd7e82661ae76af32008c14a1fc3318
2023-03-31 14:55:57,True,1.4e-07,4.411e-10,589363068.0,2.6,0x2a...576a,https://bscscan.com/tx/0xcd898403d3d1560d07d55fb970d3e78712d680bafd56dd16ace6a331666c7b56
2023-03-31 14:55:51,False,1.393e-07,4.389e-10,615826779.0,2.70326,0xde...fa58,https://bscscan.com/tx/0xb1b5dfef3c4c16329f90033a97409a03d8bb57bc48cd6fbf48628b5b83460b41
2023-03-31 14:55:39,True,1.394e-07,4.413e-10,177566250.0,0.7837,0x97...5bf3,https://bscscan.com/tx/0x1e69b261099e8ef915adf1ccf7e77d3a99150d08d1d3c1b24aea17b92a479be8
2023-03-31 14:55:18,False,1.395e-07,4.394e-10,712674705.0,3.13184,0xec...0165,https://bscscan.com/tx/0xf965532cd21791e4392be19d6f3c633d01e0221b24cc8b02b2ed5ec82a2c1d3f
2023-03-31 14:54:51,False,1.389e-07,4.398e-10,5137521.0,0.0226,0x4d...44ad,https://bscscan.com/tx/0xbec151ee0d2762905fe4fd7310a42bb2dfb98ba8928a38aef07677cf4d5356fd
2023-03-31 14:54:42,True,1.394e-07,4.415e-10,1007906447.0,4.45,0xec...0165,https://bscscan.com/tx/0xc0c78ba42e886ea5a1c13e9f5f3f1fa46b002827744f0c18a6416668e7babc14
2023-03-31 14:54:36,False,1.386e-07,4.389e-10,329905839.0,1.44818,0x08...af7e,https://bscscan.com/tx/0x742b429cffdf6af1ed1a3c5df61c265c7b18373dd17872ca20cea48d5006ffd2
2023-03-31 14:54:18,True,1.392e-07,4.409e-10,739290460.0,3.26,0x1b...7f6d,https://bscscan.com/tx/0x58829610ee7e3fa5f6a13c7f71831155d6da3cdb1c61d23aa9cb8f3067cc5ff0
2023-03-31 14:52:39,False,1.384e-07,4.386e-10,439095121.0,1.92592,0x1b...7f6d,https://bscscan.com/tx/0x77f3b9e26b5648134030562a1588265b1e3fa9ded9d89b417087291387b70f7d
2023-03-31 14:52:36,True,1.391e-07,4.407e-10,476413700.0,2.1,0xde...fa58,https://bscscan.com/tx/0xe0a4e3eb8ff90dac76577606d25450466f04bdc3b6f63d1eeed3a21cbede97c1
2023-03-31 14:52:30,False,1.392e-07,4.385e-10,327376559.0,1.43561,0x2a...576a,https://bscscan.com/tx/0x50bbea6ea84972fdd5dff084589a624c0d48764601ecde1e593e4df5c4879d3e
2023-03-31 14:52:06,False,1.393e-07,4.388e-10,379277466.0,1.66453,0x08...af7e,https://bscscan.com/tx/0xaecbcb8dc24e7134ad830f74de0342fed18b5f31d23450d90f7be5855c454956
2023-03-31 14:51:39,False,1.395e-07,4.392e-10,334021472.0,1.4671,0x2a...576a,https://bscscan.com/tx/0xaaa8d47f1db30208650aa1db2ccda12ea49a67c1e09e2da874efdeb2db5b0687
2023-03-31 14:51:00,False,1.395e-07,4.395e-10,242100512.0,1.06406,0xec...0165,https://bscscan.com/tx/0xd5ceb78bd1868a1b202601316579d602612c21ec6f71abbb22018ddd5f37b684
2023-03-31 14:50:30,False,1.39e-07,4.4e-10,761401927.0,3.35026,0xde...fa58,https://bscscan.com/tx/0x318d6b8424bcc06167b945ab4ba009672f36a7ad4ab2b443e1e2fc476531306b
2023-03-31 14:50:27,True,1.397e-07,4.423e-10,497342045.0,2.2,0x1b...7f6d,https://bscscan.com/tx/0xa37b204df9629608e776c029f0749e93a80a5ddd992705aaa1cb63ffc6486b9c
2023-03-31 14:50:24,True,1.395e-07,4.418e-10,577169598.0,2.55,0x08...af7e,https://bscscan.com/tx/0x4ff29745da04dfd15c8e7c1ea6870ab8980c20afa385ffabf3d5a62583e02b69
2023-03-31 14:49:57,True,1.394e-07,4.414e-10,50235500.0,0.2217,0x48...b4b3,https://bscscan.com/tx/0x606016742b9c3f2767e16e72c8489fe11f4e1ec3a611e2d9316f0015028a3b77
2023-03-31 14:49:27,False,1.388e-07,4.395e-10,541649563.0,2.38075,0x1b...7f6d,https://bscscan.com/tx/0xe61b2b9f88b5c9f2091002fce605873c7b7f0ffe63362a6ad945de7aade4720d
2023-03-31 14:47:54,True,1.402e-07,4.416e-10,670173041.0,2.96,0xde...fa58,https://bscscan.com/tx/0xf3b1124913179546a8f8eda0b9732025a6c231162b9c918f9eaf7addf4ab099c
2023-03-31 14:47:48,False,1.388e-07,4.394e-10,708964098.0,3.11583,0xec...0165,https://bscscan.com/tx/0x7c6eecde5a099e18d7926a504a71d6df113c902aa3a4d7b748ef40d471932a7b
2023-03-31 14:47:24,True,1.395e-07,4.415e-10,1037302795.0,4.58,0xec...0165,https://bscscan.com/tx/0x588b8bdad9d976dd634ba2c8d58090c36ef0bcfce693326e0ec50fcb2ad176ec
2023-03-31 14:46:51,False,1.393e-07,4.389e-10,261736308.0,1.14886,0x2a...576a,https://bscscan.com/tx/0x18629f71601a1aeec10d963c3d90f9d365ee273df7e35c767e5c74917e7fe53a
2023-03-31 14:46:12,False,1.395e-07,4.395e-10,937075564.0,4.11878,0x08...af7e,https://bscscan.com/tx/0xffb8f74ab53d4977b8f13942e4e3f3174816a28a6833a73d446004d6352746ff
2023-03-31 14:45:48,False,1.397e-07,4.401e-10,360089379.0,1.58505,0xec...0165,https://bscscan.com/tx/0x378cdc873e24cc0c73aebe0e6acec554c6ed321033e8239b56e66bf70b73c2d0
2023-03-31 14:45:36,True,1.403e-07,4.42e-10,1060995078.0,4.69,0x2a...576a,https://bscscan.com/tx/0xee9bdcc65cddab23aa71aa6e9503e439aa564a6cc03b67861f1fd951b7c078ea
2023-03-31 14:45:03,False,1.395e-07,4.396e-10,638734738.0,2.808,0x1b...7f6d,https://bscscan.com/tx/0x6c4eb5e58eb8cda680645b5b4ddec23cd85689ab96276579e1b4412d432b2c76
2023-03-31 14:43:12,False,1.396e-07,4.401e-10,439702907.0,1.93539,0xec...0165,https://bscscan.com/tx/0x14be525477107f66ac4cdb931eec0981ce30729acd7f8bbc78b316931f9c1cba
2023-03-31 14:43:03,False,1.399e-07,4.409e-10,1075501135.0,4.74206,0x2a...576a,https://bscscan.com/tx/0xde8628098f88d794e2d2c29ef09c41595ced63615a30e2ca116d5a40f47cbc72
2023-03-31 14:42:51,True,1.407e-07,4.434e-10,403639039.0,1.79,0x08...af7e,https://bscscan.com/tx/0xcb7e93285483766edc64861de02b5c3187913ef66a650fafdcccdd0a46b7075e
2023-03-31 14:42:30,True,1.405e-07,4.43e-10,446916121.0,1.98,0x1b...7f6d,https://bscscan.com/tx/0xb190a4ca8b3e288ec572758e6a50d300190c6d851afef5c41b64b346b676e69b
2023-03-31 14:42:21,True,1.404e-07,4.424e-10,619210742.0,2.74,0xec...0165,https://bscscan.com/tx/0x275beebea861850a78ba3207245f9724fd3f22e88bcf05068ab352dfe668ab81
2023-03-31 14:41:45,False,1.39e-07,4.404e-10,889269775.0,3.91656,0xec...0165,https://bscscan.com/tx/0x3c908e4147d8740503e5fa1135bff89131a64345d4bc45abc83222fcdba6dc82
2023-03-31 14:41:18,True,1.398e-07,4.428e-10,368032758.0,1.63,0x1b...7f6d,https://bscscan.com/tx/0x050a320fa44e94b07f302db894cda141045d17360d873751c620af3b1c7231e3
2023-03-31 14:40:51,False,1.391e-07,4.408e-10,788140436.0,3.47487,0x1b...7f6d,https://bscscan.com/tx/0x58c9dab25587e409db4e445bde8214b52ff41fb76f15a0a99cf4b2c7a72c0553
2023-03-31 14:39:27,False,1.4e-07,4.415e-10,449959639.0,1.98664,0xde...fa58,https://bscscan.com/tx/0x2c3c7b47d310897a58743c0dd700f9eee420a23300d5d9e0b583819bf1bfe966
2023-03-31 14:39:21,True,1.407e-07,4.437e-10,371815093.0,1.65,0x1b...7f6d,https://bscscan.com/tx/0xc063b169c88ad6c82ef2ca93123489dea2973bf0d9ebad113c28c64b997b6573
2023-03-31 14:38:57,True,1.405e-07,4.43e-10,956899852.0,4.24,0xde...fa58,https://bscscan.com/tx/0x9344f3905264fe765c685cfbe6bcaf66fdb12428bd75d6f54a5f64d068a44ec6
2023-03-31 14:38:51,True,1.395e-07,4.42e-10,1214921777.0,5.37,0x2a...576a,https://bscscan.com/tx/0x6746951607adc34e00d161eb3bf305a317f0d1005313e6da23549752471a95a8
2023-03-31 14:38:39,False,1.386e-07,4.393e-10,283210656.0,1.24423,0x08...af7e,https://bscscan.com/tx/0xef54be00f300a816abe77655423602c2563fc2fba87e9edd3c702050282b77e7
2023-03-31 14:36:12,False,1.388e-07,4.399e-10,924736010.0,4.06823,0x2a...576a,https://bscscan.com/tx/0xcc1cc8278a73b6aa1aa750fb339ff059dc1d557137ec26a180e36674dd08a0d6
2023-03-31 14:36:06,True,1.395e-07,4.42e-10,1022414960.0,4.52,0x08...af7e,https://bscscan.com/tx/0x2365ad4425c20ef1f4a65a5c8164d8d1a64d126932e3735a598920f5d311f1f3
2023-03-31 14:35:36,True,1.399e-07,4.412e-10,652691758.0,2.88,0x2a...576a,https://bscscan.com/tx/0x64a9209af9e7319637fbe0b6adf91c0e15fa1997233b8d85306ecdf0911396a0
2023-03-31 14:35:30,False,1.393e-07,4.393e-10,1193607615.0,5.24371,0xde...fa58,https://bscscan.com/tx/0x0f75565cdbe22ece9d0178cbf579cc197522778cbe16d8e28d5d43e2d993884c
2023-03-31 14:35:27,True,1.401e-07,4.419e-10,348461579.0,1.54,0xec...0165,https://bscscan.com/tx/0xfb12aaf3036f17e078d1cd7086a6ff1cd7a5308f7a1f03fd5fe02bdc5c5f35cd
2023-03-31 14:34:57,True,1.4e-07,4.415e-10,482418660.0,2.13,0x1b...7f6d,https://bscscan.com/tx/0xc7e245d4677ef21d463ebfe819ab11ceca624c39df4f54129572cf53e4fa031a
2023-03-31 14:34:21,True,1.398e-07,4.408e-10,925549363.0,4.08,0xde...fa58,https://bscscan.com/tx/0xa7fd288c46e11bf6e69653ce68d66be79952b408281ba6f6a582e53eb52c64f4
2023-03-31 14:33:45,True,1.395e-07,4.4e-10,527161254.0,2.32,0xec...0165,https://bscscan.com/tx/0x2060366f7cbd2b3bbd937b544b75205ee0fa9304016d0e7f0151b62623d17ebb
2023-03-31 14:33:36,False,1.389e-07,4.379e-10,695865146.0,3.04774,0x08...af7e,https://bscscan.com/tx/0xe0cf21f194d8f4c27336be1cf8a605f8d75d91b515dfb150bdd80bc831a0b064
2023-03-31 14:33:30,False,1.391e-07,4.385e-10,496714464.0,2.17844,0x2a...576a,https://bscscan.com/tx/0x743c3ecf705292358dfd017ec00cced648ecd14b63ee6d6529b6980a1560cac7
2023-03-31 14:32:42,False,1.392e-07,4.39e-10,419880384.0,1.84339,0x2a...576a,https://bscscan.com/tx/0xcee2c85e0195262c8dd2cb25c1e64c759f2202c97a041a6cdc193fae52b5e680
2023-03-31 14:32:30,False,1.393e-07,4.395e-10,587915610.0,2.58406,0xec...0165,https://bscscan.com/tx/0x52975caef9c8f4b20aadaa3641b0936cc21bc94b701db1b4ce2b38cad0aeae8b
2023-03-31 14:32:12,True,1.392e-07,4.414e-10,1116730390.0,4.93,0x2a...576a,https://bscscan.com/tx/0x83081781acac60e9b8f4dbec2319960450d34172fef743b25e92b776f6f5c4ad
2023-03-31 14:32:06,False,1.384e-07,4.389e-10,579381122.0,2.54345,0xde...fa58,https://bscscan.com/tx/0x1ceb93560a920f14507e357092d27cb91268d5c1bb51f3b88cecc41a87ebf988
2023-03-31 14:31:27,True,1.398e-07,4.411e-10,695927139.0,3.07,0xec...0165,https://bscscan.com/tx/0x5bb0c1bcce9a94abaaa0a9ec1667512150e35ba7947fa499dca41f0f766cb90b
2023-03-31 14:31:06,True,1.395e-07,4.404e-10,685667836.0,3.02,0xde...fa58,https://bscscan.com/tx/0xe4996934f6f6ffb88f1bfc709421621bb31273edf09ea1aac95b509fc9fd8443
2023-03-31 14:30:24,False,1.387e-07,4.383e-10,872739804.0,3.82557,0xde...fa58,https://bscscan.com/tx/0x5545f7e30d115c8d5dd8dbe9867c47e7fd095f3b70b800d9327e8afd08e93dcb
2023-03-31 14:30:15,False,1.382e-07,4.389e-10,357578317.0,1.56959,0x08...af7e,https://bscscan.com/tx/0x69645163257435aa837e7a9c9c34d6fca3b8fc71270ac5fb2ac23d2a44135fb8
2023-03-31 14:30:03,False,1.39e-07,4.394e-10,608071110.0,2.67206,0x2a...576a,https://bscscan.com/tx/0x057fd67d8301faedeac2557c99bb68dbded39b607a6012285c14fc5e5ad85b5e
2023-03-31 14:29:27,False,1.385e-07,4.399e-10,332162503.0,1.46119,0xec...0165,https://bscscan.com/tx/0x67632f86f5ce8b45d1e493c7708a4838c859cf9ba8f010b24ee449827bb9aa99
2023-03-31 14:29:12,True,1.391e-07,4.419e-10,703746227.0,3.11,0x2a...576a,https://bscscan.com/tx/0xd51c4d0f35cf1f4200e523a591895a32274f1bb910b5a3ec03678d532a49563f
2023-03-31 14:28:36,False,1.391e-07,4.396e-10,592565226.0,2.60526,0xec...0165,https://bscscan.com/tx/0xae07a4a295c93dcd93f864cd1daf8ab81619069094dc12813d6a91db4d039bcb
2023-03-31 14:28:33,True,1.398e-07,4.418e-10,581620526.0,2.57,0x08...af7e,https://bscscan.com/tx/0x5507cb582089f5627220f1eded58538e42a72346aba445e9ac69f93461a7c863
2023-03-31 14:27:42,True,1.396e-07,4.411e-10,895432675.0,3.95,0xec...0165,https://bscscan.com/tx/0x378d30b4a50838863e5731f8d7609c7d6b56fde14a725e9b610daa7012f49c47
2023-03-31 14:27:15,False,1.388e-07,4.388e-10,781596805.0,3.43018,0x1b...7f6d,https://bscscan.com/tx/0xd82bb161b2a2c5187c4b61b5d3dc8553eca9b1878e613629415aa74ac507c68f
2023-03-31 14:26:51,False,1.384e-07,4.395e-10,610555362.0,2.68376,0xec...0165,https://bscscan.com/tx/0x69c6bb5fb4e51c0f8f89363eb3d954e0c79eb7f2cfa69e69f96e9744c1962a3b
2023-03-31 14:26:36,False,1.385e-07,4.4e-10,339845173.0,1.49544,0x2a...576a,https://bscscan.com/tx/0x524d70c8250511490c84d694440944881226c983ef7d617c701465982480e70a
2023-03-31 14:26:24,True,1.391e-07,4.419e-10,868824866.0,3.84,0x1b...7f6d,https://bscscan.com/tx/0x0ebfbe763b8c27746876d1c9063f57583881f46c71f83c1816cc2e30e5abcfbf
2023-03-31 14:26:04,True,1.396e-07,4.411e-10,686770349.0,3.03,0xec...0165,https://bscscan.com/tx/0xdc5070d26c25174acc0b93e3a72d1f3a231a4e224d6ccbab83f473e86049f6d4
2023-03-31 14:25:52,True,1.394e-07,4.406e-10,485692012.0,2.14,0xde...fa58,https://bscscan.com/tx/0xdf8836ea83fb46e77435d1fb1636d8761381a03929280ad2db853ff85f8f8ed7
2023-03-31 14:25:04,True,1.385e-07,4.401e-10,490774890.0,2.16,0xde...fa58,https://bscscan.com/tx/0xc8a8923ff3c8f97c655e555d70814b3b7e0e655c2cc6350308f7a283ca1c1525
2023-03-31 14:24:54,False,1.379e-07,4.382e-10,1063188459.0,4.65896,0xec...0165,https://bscscan.com/tx/0xa43a0051ae558d99136c621af259c75008b1c6fe4bba901b1a8b3e8ac2ce65b1
2023-03-31 14:24:22,True,1.389e-07,4.409e-10,1406102.0,0.0062,0x84...0121,https://bscscan.com/tx/0xb5ffdae8d787c2534cd58548624f6209d23584148a4e9c2db80be395c7ce6e0b
2023-03-31 14:24:22,True,1.387e-07,4.405e-10,744504367.0,3.28,0xec...0165,https://bscscan.com/tx/0x6f725e450d332187d0431f086f48650b5039c48bdf8335f4a933932bccb3929c
2023-03-31 14:23:22,False,1.381e-07,4.385e-10,1051629398.0,4.61155,0x1b...7f6d,https://bscscan.com/tx/0x02a93a170d79a610a64bade07737979ae8ff5328b44baacc9722e311f9d62864
2023-03-31 14:23:16,False,1.391e-07,4.394e-10,844675664.0,3.71199,0x2a...576a,https://bscscan.com/tx/0x32733265ecd90baea126ad8c19005fc49ba300f3174485020a194a3dbcec6930
2023-03-31 14:22:34,True,1.392e-07,4.42e-10,49795026.0,0.2201,0xdd...714b,https://bscscan.com/tx/0x752bb2cc5a6bde4bf7257b13291faee40b127b399383abd129563057d992af2d
2023-03-31 14:21:40,True,1.398e-07,4.417e-10,647483453.0,2.86,0x2a...576a,https://bscscan.com/tx/0x01ef2677b1bfb8de95db32ff55f74a04f624cff8068f192467986ee6101d8a0e
2023-03-31 14:21:19,True,1.396e-07,4.412e-10,344505168.0,1.52,0x1b...7f6d,https://bscscan.com/tx/0x03f57e7b1b7f644761c0ecbccaa73dce661d3e03383c37fafe1786b62ad0f974
2023-03-31 14:21:07,False,1.383e-07,4.39e-10,439234950.0,1.92849,0xde...fa58,https://bscscan.com/tx/0x42c55315d80e38c5debe0aab789e3856690fd7d27eefe3d34cc8e0322e988ce2
2023-03-31 14:21:01,True,1.396e-07,4.412e-10,466860794.0,2.06,0x08...af7e,https://bscscan.com/tx/0x89d15896dd15f559b9f255fbc490174234afaad69d95c772aff674ed1c57e847
2023-03-31 14:20:49,True,1.395e-07,4.406e-10,669426440.0,2.95,0x1b...7f6d,https://bscscan.com/tx/0xa80b04dd8e2360264fea6a4144353ade4559a4a04a52c9b894a9f6f9dcbc26e0
2023-03-31 14:20:10,False,1.388e-07,4.387e-10,1223323723.0,5.36734,0x08...af7e,https://bscscan.com/tx/0x7b48d242142d2dd83169e4282fda83e0fcf26be3473823a69f0d4279e004a1a5
2023-03-31 14:19:58,False,1.384e-07,4.395e-10,312209083.0,1.3722,0xec...0165,https://bscscan.com/tx/0x4f03e67573c62a3cac1d709963d1bd9eacae1751830c14ad49f90724a1db0178
2023-03-31 14:19:40,False,1.392e-07,4.398e-10,338899465.0,1.49061,0x1b...7f6d,https://bscscan.com/tx/0x2e43955fa24e40e430e3b2de97b2606ccacffa61e62b385b7af3f0449b11e703
2023-03-31 14:19:10,True,1.399e-07,4.419e-10,509095623.0,2.25,0xec...0165,https://bscscan.com/tx/0x6723ecf6f24dffdfa78248f1cc741b9bad28cc3f77f30a59f6e9b9057a4821b9
2023-03-31 14:18:28,True,1.398e-07,4.415e-10,346521892.0,1.53,0x08...af7e,https://bscscan.com/tx/0xfc77107d3a2fe5b53edcc8ac3625ca19a9492b9ec3d82a52ba58bd7d159352dc
2023-03-31 14:18:16,False,1.392e-07,4.393e-10,372613470.0,1.63704,0xec...0165,https://bscscan.com/tx/0x2e9660e28fb489a7daf43f4f812783bc3ac00dbace8e0547b3b68cb8598a3f61
2023-03-31 14:16:49,False,1.392e-07,4.396e-10,283001257.0,1.24426,0x08...af7e,https://bscscan.com/tx/0x22e420e4da2e4e27644ea279c189ce7800c1ff8a329cf75c118c92a410201fa7
2023-03-31 14:16:10,True,1.399e-07,4.417e-10,538775237.0,2.38,0xec...0165,https://bscscan.com/tx/0xad8be950097a8a336d8301c2eb9ab575a30ff8ab9648e9df7cd85cd429b9fe15
2023-03-31 14:15:58,True,1.396e-07,4.409e-10,1131764116.0,4.99,0x08...af7e,https://bscscan.com/tx/0xed41f353355b85d44b454da70866c3e202b59edd5898f7c49b94601d87d6431f
2023-03-31 14:15:40,True,1.387e-07,4.4e-10,577206905.0,2.54,0xde...fa58,https://bscscan.com/tx/0x7c0fc6d0f565d3574c8ca94e5a89a5b22cc4da4c758f0d4487849ca9c4e432b1
2023-03-31 14:15:22,False,1.386e-07,4.376e-10,250101941.0,1.09467,0x2a...576a,https://bscscan.com/tx/0xcf7c56c40743e0d16b1c3593ea3baafac91546531dc5e59fa5f4cd8d84736230
2023-03-31 14:14:58,False,1.381e-07,4.384e-10,1216620077.0,5.33389,0xde...fa58,https://bscscan.com/tx/0x932a3ba22b0b8184dfc0656077573f6f04667a2ed574d6419dbe6c697a3d94ca
