datetime,buy_order,price_USD,price_native,amount_token,total_native,maker,etherscan_url
2023-03-23 20:25:47,True,1.538e-07,4.708e-10,3610856.0,0.017,0x68...8d79,https://bscscan.com/tx/0x4f3ffb4bf452a00c10d6336b2ad4099a0d66c82a66f596c1b1d0422e95ef8d93
2023-03-23 20:15:02,False,1.538e-07,4.684e-10,5221000.0,0.0244,0x73...aad9,https://bscscan.com/tx/0x48cdcb4129ca00b0b53d430bbe1b8776badcb70c0e309420f81f10e52e8e6d42
2023-03-23 20:14:02,True,1.538e-07,4.708e-10,76651.6,3.608e-05,0xad...1072,https://bscscan.com/tx/0x139ab2d73ab3c83ff05c0b168598a1d6267b276a77580fdcac76153c96a2bc9d
2023-03-23 20:14:02,True,1.537e-07,4.707e-10,30508445.0,0.1436,0xad...1072,https://bscscan.com/tx/0x139ab2d73ab3c83ff05c0b168598a1d6267b276a77580fdcac76153c96a2bc9d
2023-03-23 19:55:37,True,1.536e-07,4.71e-10,6865668.0,0.0323,0x3a...32b1,https://bscscan.com/tx/0xdf79da05fbbc61d925e1ba8a7c68117bf4e0bec0583ce43a784eb02cb7595478
2023-03-23 19:23:42,True,1.553e-07,4.707e-10,26128500.0,0.123,0x63...5f60,https://bscscan.com/tx/0xff8ff5924f31d07d146266e58060186ad74ec8c76e675e8733cc9aed31d1973a
2023-03-23 19:23:24,True,1.544e-07,4.706e-10,217176601.0,1.02206,0x9c...d322,https://bscscan.com/tx/0x3129cd1206ce47b25e27d172242d7b56cd9a1ffa8acd6484453ddb18a66b8aba
2023-03-23 18:59:44,True,1.549e-07,4.704e-10,70145200.0,0.33,0x63...c100,https://bscscan.com/tx/0x75616418effac71465983b8fb3452de8ae4e6e82cdb6c708563c0f93f197ff6f
2023-03-23 18:33:34,False,1.543e-07,4.68e-10,25208288.0,0.1179,0x3f...7489,https://bscscan.com/tx/0x4331a87086bbdc83a7a5ed11570a3232ac0e700f768125bf251cd2b1d286b58c
2023-03-23 18:31:19,False,1.535e-07,4.681e-10,87017157.0,0.4073,0xfc...d80c,https://bscscan.com/tx/0xb0bd7d88654221094bed2b8d71c05a59da89a2724f5c0e16db64b3b3ca7b1fed
2023-03-23 18:23:28,False,1.538e-07,4.682e-10,43508348.0,0.2037,0x10...894a,https://bscscan.com/tx/0x934bd3515230c57645d0577da258436abe2550659ccd9604ab5ce624d6940170
2023-03-23 18:19:34,False,1.538e-07,4.682e-10,15094028.0,0.0706,0x11...b5e9,https://bscscan.com/tx/0xe470eb04245e0e22f463d821d6a54f785aa5e47c899665e819c01fa5fedb6594
2023-03-23 17:50:52,False,1.538e-07,4.682e-10,12606802.0,0.059,0x8a...019e,https://bscscan.com/tx/0xacdd97d78ff23e05564f8ad08cb014cc8bd3043e10ba2396a9a84816dc7b04a4
2023-03-23 17:42:40,True,1.554e-07,4.706e-10,21249199.0,0.1,0x66...baee,https://bscscan.com/tx/0xacaa3d8c3b2d885703d3d45eb3e0003491506b50b42a5941f204739c73e5b9bd
2023-03-23 17:23:52,True,1.556e-07,4.705e-10,586758.0,0.0027,0x49...5e4f,https://bscscan.com/tx/0x66aa76fbfad61bf974b2fa2772d70ff76779024168f5bb5fe2c17184a7c549f6
2023-03-23 17:23:52,True,1.556e-07,4.704e-10,233594897.0,1.09898,0x49...5e4f,https://bscscan.com/tx/0x66aa76fbfad61bf974b2fa2772d70ff76779024168f5bb5fe2c17184a7c549f6
2023-03-23 17:22:34,True,1.554e-07,4.699e-10,619167314.0,2.91,0xc9...4c40,https://bscscan.com/tx/0xce66d9cf8fec0895a5b4f66bdf98a4597b302930dd4ab7a0e9e424599e5fd23c
2023-03-23 17:19:58,True,1.545e-07,4.694e-10,254634530.0,1.19551,0x1c...96f0,https://bscscan.com/tx/0x0d1ced01da23e1bfd3e49d3d938381b69ac180f24ea59237d5f9303dc83f5e2e
2023-03-23 17:19:46,False,1.545e-07,4.67e-10,13283655.0,0.062,0xd2...22c5,https://bscscan.com/tx/0xe24594e632bcc3959116c93c322e2c2631b48d7908569caf7dd97a2972f01a7e
2023-03-23 17:17:34,False,1.539e-07,4.67e-10,130525030.0,0.6096,0x10...894a,https://bscscan.com/tx/0x032b3a5c696bd9bdcc1785f0bff4d948ebdacc6072653bd4d304453548e7fb84
2023-03-23 16:57:39,False,1.539e-07,4.671e-10,26430629.0,0.1234,0xc0...d144,https://bscscan.com/tx/0x0e81157b9f033d06e438c15ae009ac6da12dc5d9755328cd25d6fcc3e4a19cf2
2023-03-23 16:55:03,True,1.547e-07,4.694e-10,85197290.0,0.4,0x24...e4e8,https://bscscan.com/tx/0xc92f227b88ddaec2d70257343c047ef89cd2ec5ad180eab67eb09824de0eff3e
2023-03-23 16:35:49,False,1.532e-07,4.671e-10,16537738.0,0.0772,0x9a...1f42,https://bscscan.com/tx/0xab8d9d6e698f16de32ac83bd744e03e06a66ab71336b1d8dccc2562f0cfc9a3b
2023-03-23 16:34:52,True,1.539e-07,4.694e-10,16384810.0,0.0769,0xf8...4747,https://bscscan.com/tx/0x10df27b0f737581ffff3742d7508a9fe2c32e3cec54d7845c7a7eb577b5ad082
2023-03-23 16:20:53,False,1.545e-07,4.676e-10,983499692.0,4.59936,0xf2...68dd,https://bscscan.com/tx/0xb2d5da443299d114ae87009b80d0dd92823b546aa31f25cbcfb644941b15f110
2023-03-23 16:17:44,True,1.555e-07,4.705e-10,170015.0,8e-05,0x5b...3866,https://bscscan.com/tx/0x86332f5d0c6499c79da9e1d62b00d56e49f27db10cd8683a44795ba857a72db8
2023-03-23 16:17:44,True,1.554e-07,4.705e-10,67671358.0,0.3184,0x5b...3866,https://bscscan.com/tx/0x86332f5d0c6499c79da9e1d62b00d56e49f27db10cd8683a44795ba857a72db8
2023-03-23 16:05:06,True,1.537e-07,4.703e-10,241012126.0,1.13357,0x03...9c34,https://bscscan.com/tx/0x96c141b4a325248b5cd81fad5b249c92af64de1f74bb9ef377bd934f0373ed85
2023-03-23 16:03:54,True,1.543e-07,4.702e-10,2126752.0,0.01,0x3f...9b9c,https://bscscan.com/tx/0x860c258e4a7b101decbf994387e79e38141c046ba49650aa369140c7085647ef
2023-03-23 16:03:18,False,1.528e-07,4.68e-10,320714114.0,1.50104,0xd5...ff0c,https://bscscan.com/tx/0x3a47c33ef7bbac8a8e1f6dc06d810bedd51b0704b6789e4089442ba9b552aca9
2023-03-23 15:49:41,False,1.518e-07,4.682e-10,10014712.0,0.0468,0x8a...5514,https://bscscan.com/tx/0xdbaba1762825d0a12a39765ae23f4d4592b5a6da8852229ce95c4cc3b0a4677d
2023-03-23 15:32:35,True,1.521e-07,4.705e-10,10000000.0,0.047,0x9e...0559,https://bscscan.com/tx/0x7e37ba4ea975d181f212cecd5777a7cce27698de1118fbfe40d6b0b44ca86948
2023-03-23 14:58:20,False,1.517e-07,4.682e-10,19941289.0,0.0933,0xd3...27c5,https://bscscan.com/tx/0xf487824a0bea0e9ae9e928c84186270cea69cefb834aeb70fd3022b0a3d899df
2023-03-23 14:55:17,False,1.517e-07,4.682e-10,5762818.0,0.0269,0xc2...a17e,https://bscscan.com/tx/0xfd60ae4eef2d3d738ce2adfc37aa0e437a90f4ddff7bb064893196a200fe5364
2023-03-23 14:46:06,True,1.525e-07,4.705e-10,32459.5,1.527e-05,0x68...7194,https://bscscan.com/tx/0xa1a4e3191d8e4b6e51b394d426db9ff70cc7163e8698c01677b45f01068f283f
2023-03-23 14:46:06,True,1.525e-07,4.705e-10,12919090.0,0.0607,0x68...7194,https://bscscan.com/tx/0xa1a4e3191d8e4b6e51b394d426db9ff70cc7163e8698c01677b45f01068f283f
2023-03-23 14:40:45,True,1.525e-07,4.705e-10,17755584.0,0.0835,0xe0...c28e,https://bscscan.com/tx/0x783841f54689112c3c63bc6da63165ef5b6a1a0d1d5b601aff4049dc15867cf7
2023-03-23 14:19:36,True,1.518e-07,4.705e-10,15364520.0,0.0723,0x29...9ba8,https://bscscan.com/tx/0x6af2ae66eea400c47d1ac68c3192bf834b27904e4be4b88531fda84b5d114a36
2023-03-23 14:14:48,False,1.521e-07,4.683e-10,314399554.0,1.47252,0xf3...9542,https://bscscan.com/tx/0xcd8a138d80d91954eb4a3f62a1343ba0aeb102e382804c69e8aad24abe6f48cd
2023-03-23 14:11:57,False,1.513e-07,4.682e-10,103721.0,4.857e-05,0x24...b9d0,https://bscscan.com/tx/0xfef74c15230e4fb0abb2838aca2684324d48c6467c8b7838a40fd834eeebf2b5
2023-03-23 14:11:57,False,1.522e-07,4.711e-10,4621256247.0,21.7717,0x51...8047,https://bscscan.com/tx/0xe7f7750583718f0820339035661e05ff7e575c94ae2c49fc444804b2a1abe80a
2023-03-23 14:11:57,True,1.537e-07,4.757e-10,622570491.0,2.96181,0x51...8047,https://bscscan.com/tx/0xe7f7750583718f0820339035661e05ff7e575c94ae2c49fc444804b2a1abe80a
2023-03-23 14:05:27,True,1.543e-07,4.753e-10,1600000.0,0.0076,0x09...c48b,https://bscscan.com/tx/0x7a23f213019bb40ce9f00bb45fb486acaaafd00657493c03702dc0335e44b936
2023-03-23 13:52:57,True,1.545e-07,4.751e-10,469238665.0,2.22943,0x29...9ba8,https://bscscan.com/tx/0x8ddd087a9bc9542757410caf0951397327aff03c028669b5df68bca6fdd94101
2023-03-23 13:42:24,True,1.545e-07,4.748e-10,12635707.0,0.06,0x3a...88e2,https://bscscan.com/tx/0x3fb83b2bec1ef56ad551f5d95b14fb0b877b91ff410fa0010e282e730c5f1f04
2023-03-23 12:49:16,False,1.535e-07,4.724e-10,19817840.0,0.0936,0xa1...644f,https://bscscan.com/tx/0x4ec8f992405abd6eea8dcf1d38acaf5b2293f406b2ab2cf5bb19e260755c82ad
2023-03-23 12:23:12,False,1.536e-07,4.725e-10,43692770.0,0.2064,0x50...d6af,https://bscscan.com/tx/0x6c6dc5efde94cd229cbab5878b49e795cc828207043965f1ff951060078cad7d
2023-03-23 12:10:06,False,1.531e-07,4.725e-10,23317835.0,0.1101,0x4b...9687,https://bscscan.com/tx/0x89dab97ce63096e487c6cc5edac77f71be2c501e0469dcda092c9d6de08c80a0
2023-03-23 11:52:30,True,1.541e-07,4.748e-10,67949538.0,0.3226,0x47...c527,https://bscscan.com/tx/0x698a1c4facd93d53b94c54f839f120ea0fafc5494d8e54f0f5ca43ddeb3dd56a
2023-03-23 11:33:12,False,1.532e-07,4.724e-10,1432910.0,0.0067,0xfc...6d43,https://bscscan.com/tx/0x26db05df9ef80c2c4f7f602795802f7607ae145093beab0a7b3f5136d43b25a8
2023-03-23 11:32:48,False,1.531e-07,4.725e-10,34228235.0,0.1617,0x84...ad10,https://bscscan.com/tx/0x1959423b0d988be0c3869fcca76c8e21e5ee15f8056dc7f6d3294b832c7488ba
2023-03-23 11:28:51,False,1.538e-07,4.725e-10,21989754.0,0.1039,0xbd...bcd8,https://bscscan.com/tx/0x87060bcd788709d645cffa71a1b24ff65c11b513747f08921177bb9f319f8062
2023-03-23 11:16:03,True,1.549e-07,4.749e-10,1932641.0,0.0091,0x26...9e5c,https://bscscan.com/tx/0xdfd0a9675f15d57dbac734ac5e4fa0919d0cf812d2b71b55e39e3a64343b1dee
2023-03-23 11:15:51,True,1.548e-07,4.749e-10,31700542.0,0.1505,0x38...ff5c,https://bscscan.com/tx/0xd22a3617d5a64a470c3a2d1ad7d266843a0d528c5d40f7aee3ca97920ce5d24e
2023-03-23 11:14:46,True,1.548e-07,4.748e-10,20544801.0,0.0975,0x26...9e5c,https://bscscan.com/tx/0x7f727eeda3076683f08923968494f74e45ac32f457cd56436520b1bbd9e2489f
2023-03-23 10:59:47,True,1.545e-07,4.748e-10,63181086.0,0.3,0x63...e300,https://bscscan.com/tx/0x1e6c14d7d268e67ee5475c603e32acded93cf37fc62205c4f352b946650262a7
2023-03-23 10:58:47,True,1.545e-07,4.747e-10,21062481.0,0.1,0x1b...4e94,https://bscscan.com/tx/0x8f26f34b5fb47960ab46d31456fb72e2a3ed0209c5acab8ad552344a10d8222c
2023-03-23 10:53:23,True,1.545e-07,4.747e-10,4212623.0,0.02,0xbd...5e26,https://bscscan.com/tx/0x27418a67226881052460af87eafe66ca189243d97aace2b188d732d50dcafc8c
2023-03-23 10:48:38,False,1.537e-07,4.723e-10,8421050.0,0.0397,0xf9...1ce0,https://bscscan.com/tx/0xe95da0e3e66cefe59be091da1125fa1213f5ff196a40c85d0f1aa5d8ad56f9ec
2023-03-23 10:36:48,True,1.545e-07,4.747e-10,421256.0,0.002,0x3b...38c6,https://bscscan.com/tx/0x0d639b83261c2fed61cdb5001f220f684d5a35140f7febc8fe77183e46292bdb
2023-03-23 10:25:29,False,1.53e-07,4.724e-10,21762487.0,0.1028,0x86...0036,https://bscscan.com/tx/0x8892e6daee6b18c9d1944f4b00154e4af53ee6fdf7407b93c34a1cabb2561b21
2023-03-23 09:35:28,False,1.532e-07,4.724e-10,26266146.0,0.124,0xb6...4ab8,https://bscscan.com/tx/0x9c060ba8efe04def1a00fd94a2f2d4ea829ecbea4c6e3835b1d6ca21176a3303
2023-03-23 09:19:02,True,1.541e-07,4.748e-10,214632.0,0.001,0xa6...8436,https://bscscan.com/tx/0xf33986419f2374f21bb1d1617efe606c39e4aac988390a882fd1712a7b496c34
2023-03-23 09:19:02,True,1.541e-07,4.747e-10,85432222.0,0.4056,0xa6...8436,https://bscscan.com/tx/0xf33986419f2374f21bb1d1617efe606c39e4aac988390a882fd1712a7b496c34
2023-03-23 09:09:16,False,1.524e-07,4.723e-10,22917193.0,0.1082,0xda...ac6e,https://bscscan.com/tx/0x3d285ebe8055b74c32e92a88c6fe10366d55c2888d6d1ff4df3c7397b7576e5f
2023-03-23 09:07:37,True,1.532e-07,4.747e-10,4200097.0,0.0199,0xfc...cb08,https://bscscan.com/tx/0x4a06fc40148ae3d5fd72c5290831582099231f1a2d422a63499a1298fc7a1307
2023-03-23 08:54:36,False,1.53e-07,4.723e-10,12966951.0,0.0612,0x4f...ec78,https://bscscan.com/tx/0xcea07990fdfcac8f74a457f6f29c1d45699cb1db22806b4b3bed5ab60bd8afb6
2023-03-23 08:51:33,False,1.53e-07,4.723e-10,33110.3,1.564e-05,0x20...804a,https://bscscan.com/tx/0xd18aaab137247261575ce4fd0c3b0b9d267e3dd487519d0a001909e1093931c3
2023-03-23 08:49:45,True,1.537e-07,4.746e-10,199559255.0,0.9472,0xe4...afc9,https://bscscan.com/tx/0x22addef8e3394df24f28020595328c4ff5a9d63c41d2ba6b4c2a8de024e4a281
2023-03-23 08:48:42,True,1.537e-07,4.745e-10,7710977.0,0.0365,0x0a...0d6a,https://bscscan.com/tx/0x2de4115abcf4699d62e426b5b3deb1bb30d30c0eb2c39d4112adb512c8eefca4
2023-03-23 08:43:58,True,1.526e-07,4.741e-10,611580161.0,2.9,0x3b...997e,https://bscscan.com/tx/0x6e618e7cead19e7e4e11212c6794e4424a3c3d5d19e7af70a391a09e7ece4805
2023-03-23 08:30:43,True,1.536e-07,4.738e-10,33000000.0,0.1563,0x10...2db0,https://bscscan.com/tx/0xe88ea04e8158dbd4bc81932726038367f1546b6c1aa5e43a152dda0bebfa9ce0
2023-03-23 06:55:41,False,1.513e-07,4.714e-10,49825.6,2.348e-05,0x20...804a,https://bscscan.com/tx/0xdd2cad74a64995924d627a484869283a08680189844384415e81ee99d88a5742
2023-03-23 06:54:32,False,1.514e-07,4.715e-10,285000000.0,1.34404,0xd8...a986,https://bscscan.com/tx/0x840cf4d0f10b571df337f0e2dcdf666b2053bf5425d14f96adca87440502efa5
2023-03-23 06:50:35,False,1.538e-07,4.766e-10,8618779583.0,41.0815,0xf4...a0fc,https://bscscan.com/tx/0x0b507470775d844fae8ac960f79a69681c16cce06b0acba180862257ca65caa6
2023-03-23 06:47:20,False,1.545e-07,4.817e-10,303765395.0,1.46343,0x04...95d7,https://bscscan.com/tx/0xa2ceb43740bd8b1f2362653af61f95dff20c56433751620be8e22ee3e2856c9d
2023-03-23 06:39:37,True,1.561e-07,4.843e-10,6027005.0,0.0291,0xb0...6298,https://bscscan.com/tx/0x9efd536eb158faefa9ce9a638086cb079ad8709b07821e9850f4fd5c4fb526ae
2023-03-23 06:07:23,True,1.56e-07,4.843e-10,25000000.0,0.121,0xf5...86a0,https://bscscan.com/tx/0x80e7d622eb7b7a3cd507cdf31e95542e833321af2eae19e2dccb72dffad91a89
2023-03-23 05:59:17,True,1.551e-07,4.843e-10,39231809.0,0.19,0x11...7998,https://bscscan.com/tx/0x910970c0c0c7fe99a9feb60c122b85a42f610e3cea7fa590b08ba6c839394492
2023-03-23 05:49:44,True,1.552e-07,4.842e-10,24873168.0,0.1204,0xca...b5b2,https://bscscan.com/tx/0xfdaa7d8cf798c0a15e4bb496ae18d702690499fff26bfb98ea4c73f8914d334e
2023-03-23 05:40:23,True,1.551e-07,4.842e-10,3710459.0,0.0179,0xca...b5b2,https://bscscan.com/tx/0xd6b694ad735016986fadbbaa8b954400a09d44d234ace26fc8d8192e8b3086d7
2023-03-23 05:26:01,False,1.55e-07,4.819e-10,234817553.0,1.13173,0xd6...e942,https://bscscan.com/tx/0x01ae7c4d8e53aa3aa301432d570054d2f20869d106354f50b444378c93f78b62
2023-03-23 05:19:28,False,1.55e-07,4.821e-10,20414995.0,0.0984,0x0e...c54e,https://bscscan.com/tx/0xb77f7837f7917fcf2b92b1f3d97b6816b19afcfae998084fa285e04badff71fa
2023-03-23 05:01:22,False,1.547e-07,4.821e-10,5244425.0,0.0252,0x49...c6fe,https://bscscan.com/tx/0x52614454510655b733ad8840e4d6d81e71404582d7e27cbc20150c787251c2f6
2023-03-23 04:57:19,True,1.554e-07,4.837e-10,1318018311.0,6.37628,0xc8...f2d8,https://bscscan.com/tx/0x30278f99d11c5d37676b9ec52d4d16e4fcbdf4d70ad3240b19b133606f13f7a6
2023-03-23 04:30:10,False,1.532e-07,4.809e-10,526037312.0,2.52973,0x05...acf2,https://bscscan.com/tx/0x9f4039e88b98b15266160be2ce37b67d13c90428bd828dea1d50963165ac8123
2023-03-23 04:27:16,False,1.536e-07,4.812e-10,73093814.0,0.3517,0xf9...228d,https://bscscan.com/tx/0x1c36f5a66ed59ec44194368e7fcbdf45a738229c9f0085d0fadb41e8764695ab
2023-03-23 04:15:07,False,1.545e-07,4.813e-10,21110819.0,0.1016,0x13...6630,https://bscscan.com/tx/0xf0ceb4b2788ec5b39a2ad64669860f41a7e9c35dacdb7bd18b24184b66063d50
2023-03-23 03:49:32,True,1.55e-07,4.836e-10,76972052.0,0.3723,0x14...0d49,https://bscscan.com/tx/0x3cdec3fe096c86251cc0e48f8c600d112708aba72ad663f30c2b5fd98756b7cb
2023-03-23 03:41:55,True,1.551e-07,4.836e-10,4396737.0,0.0212,0x8f...578d,https://bscscan.com/tx/0x474b7c05375238213f45c0e569a674ce4ea14fbb430a925b8d1ef8aa05fd3136
2023-03-23 03:38:46,True,1.542e-07,4.835e-10,126806758.0,0.6131,0xf3...177c,https://bscscan.com/tx/0xd53ad2567ebe5b655f9d2b5727fcac7ad796358e8551386ee1381a7b7c9f4853
2023-03-23 03:35:49,True,1.549e-07,4.834e-10,30494595.0,0.1474,0xeb...ab0c,https://bscscan.com/tx/0xe9e8cb95f566ea4e5967dab9eae57e020e1382a8bb7f2eb55e49346a9d61a46b
2023-03-23 03:33:43,True,1.541e-07,4.833e-10,93497764.0,0.4519,0x87...40f4,https://bscscan.com/tx/0x61a2778438d6e7096bb6b06b9a1ac757c1a2ba0790a74a4abfea02691e54135a
2023-03-23 03:33:25,False,1.534e-07,4.81e-10,175037390.0,0.8419,0x51...739f,https://bscscan.com/tx/0xcf4028526823b43ffa9ce57edf4f7c3503f4941df9c7b0e6a1f4f0132c1e4fbd
2023-03-23 03:19:04,True,1.545e-07,4.835e-10,315378.0,0.0015,0xa7...a8fc,https://bscscan.com/tx/0x4ef5d6a06850407b410e26a3bc1adb22a5e950d7e2c27ba4d19b26d5c5e672da
2023-03-23 03:19:04,True,1.544e-07,4.834e-10,125539376.0,0.6069,0xa7...a8fc,https://bscscan.com/tx/0x4ef5d6a06850407b410e26a3bc1adb22a5e950d7e2c27ba4d19b26d5c5e672da
2023-03-23 02:37:00,True,1.545e-07,4.834e-10,14367.0,6.945e-06,0xed...079f,https://bscscan.com/tx/0x91f7e235a3f1ec6cd8244a54e56575ee2b4f268343f88969195253dac71d83ef
2023-03-23 02:37:00,True,1.545e-07,4.833e-10,5718110.0,0.0276,0xed...079f,https://bscscan.com/tx/0x91f7e235a3f1ec6cd8244a54e56575ee2b4f268343f88969195253dac71d83ef
2023-03-23 02:33:48,True,1.553e-07,4.833e-10,13446800.0,0.065,0x95...178e,https://bscscan.com/tx/0xb789edbc3bebf05d58bc19465a0978631a388c34d4ff79ac02d8486908e4ecc9
2023-03-23 02:33:27,True,1.545e-07,4.833e-10,2696235.0,0.013,0xd6...9f02,https://bscscan.com/tx/0x8d6fde20a54751087cab93ed4a3a0971155d67c27980db505a049beaf6b654d4
2023-03-23 02:30:18,True,1.546e-07,4.833e-10,3482941.0,0.0168,0xec...60da,https://bscscan.com/tx/0x8a52a40990dc47791e032908d33e6a7300cc07eb51708b5777bec52f882f0f2b
2023-03-23 02:29:39,True,1.552e-07,4.829e-10,712279986.0,3.44,0x2a...576a,https://bscscan.com/tx/0x204050f7830296e24229fa3efb2a8764de11dd6310d4f772c93c30aa9758690d
2023-03-23 02:22:18,False,1.544e-07,4.803e-10,303694124.0,1.45867,0xdb...2492,https://bscscan.com/tx/0xe29b80425427471b17862363732f920ed76ad15b267be993900ec50bb4700c3f
2023-03-23 02:13:48,False,1.547e-07,4.808e-10,558203854.0,2.68388,0x2a...576a,https://bscscan.com/tx/0x599765bd37c752cf6f6fd6e6fc608dbed2ce8b87effe8ac4ef50bdd4d91ec122
2023-03-23 02:11:36,False,1.541e-07,4.815e-10,731842196.0,3.52421,0x08...af7e,https://bscscan.com/tx/0x1de53a477a62590917d57f5c853f758b33ed340b08de289338d802346548a468
2023-03-23 02:10:36,True,1.55e-07,4.839e-10,814185511.0,3.94,0x2a...576a,https://bscscan.com/tx/0xbcc2b0ffde6380524c9f372194ab2b0cc29df9c72bda1d9407455fbf9b7816d2
2023-03-23 02:09:54,False,1.551e-07,4.815e-10,921125549.0,4.43582,0xec...0165,https://bscscan.com/tx/0xecce0f4ad1d055a1cb97b97b98dbb69707480a1108a66bb10fb3b0759dcedbe2
2023-03-23 02:08:30,True,1.552e-07,4.841e-10,557630898.0,2.7,0x08...af7e,https://bscscan.com/tx/0x9d0f11e68e84309c0fb56333fb08f85d34efbe53f36dfcd16f08249023bb1d92
2023-03-23 02:06:45,True,1.55e-07,4.836e-10,372170866.0,1.8,0xec...0165,https://bscscan.com/tx/0x565d76d6779933d2044f7c336b24b4e71121301a2a51f656d2153c55847984c3
2023-03-23 02:04:18,False,1.552e-07,4.816e-10,1008535796.0,4.85714,0x2a...576a,https://bscscan.com/tx/0xf27cdc44dffd4d5367afadc7c18c77505068bf8c732492a0621e52d3cb14f930
2023-03-23 02:03:36,True,1.56e-07,4.843e-10,396387449.0,1.92,0xec...0165,https://bscscan.com/tx/0x793ab7bf6590a17dee1c6213faaf85e15197949e58bfd4a675d69fc0c7612ab2
2023-03-23 02:03:03,False,1.544e-07,4.818e-10,285116706.0,1.37395,0xde...fa58,https://bscscan.com/tx/0x8a8f1d08fac72a143363bda3eccd321fa9ae2c17fa643960c9cf97aaa7e8c8ac
2023-03-23 02:02:51,True,1.552e-07,4.842e-10,363438880.0,1.76,0x1b...7f6d,https://bscscan.com/tx/0xcfdf799e78042a133665ca2073bbf09e028081314258c4d7d5f68f16bdcbb43d
2023-03-23 02:01:06,True,1.551e-07,4.838e-10,345148737.0,1.67,0x2a...576a,https://bscscan.com/tx/0xbd6b6dc11ed2433e8277aba7a0bce1779eef037c9e85a0dde5e991e2a0ee2b95
2023-03-23 01:56:59,True,1.55e-07,4.836e-10,221969.0,0.001,0x3c...7fef,https://bscscan.com/tx/0x4097599e76d44786899259ecd24e7a8ac94f8ce44feba187676e035b794b7de6
2023-03-23 01:56:59,True,1.55e-07,4.835e-10,88353137.0,0.4272,0x3c...7fef,https://bscscan.com/tx/0x4097599e76d44786899259ecd24e7a8ac94f8ce44feba187676e035b794b7de6
2023-03-23 01:56:59,True,1.549e-07,4.833e-10,320673284.0,1.55,0xde...fa58,https://bscscan.com/tx/0x5e6163a68d8c6573803fab10bb3f041760d7a2adabe266c0c385a5946b5cce21
2023-03-23 01:54:11,False,1.549e-07,4.809e-10,414677797.0,1.99459,0xec...0165,https://bscscan.com/tx/0x680997ec754cd4ad82f765900773f05763feb64b3fa0b575106ed6026e831a0e
2023-03-23 01:53:41,False,1.543e-07,4.813e-10,273003408.0,1.31423,0x1b...7f6d,https://bscscan.com/tx/0x7a07c0ce78e9ef6cbfb23bfb9a273277b6188608b6bfe03d84b39b1ca4e1196f
2023-03-23 01:51:02,False,1.544e-07,4.817e-10,398043736.0,1.91772,0xec...0165,https://bscscan.com/tx/0x3902b7afb022814ec5d581edadde2ce56dc1727bb22b45965a26a616f03d7c24
2023-03-23 01:48:23,True,1.56e-07,4.842e-10,326281760.0,1.58,0x2a...576a,https://bscscan.com/tx/0x28e81ffdbe9455465d1cbb088afdd1e2f22f392aca6960200701d50579d127be
2023-03-23 01:45:56,False,1.552e-07,4.816e-10,8786889.0,0.0423,0x0e...192d,https://bscscan.com/tx/0x0a29f19a84bc51e30ae6e9cf5315ab05ac1b726f706622daba8e87559a6e43bc
2023-03-23 01:43:26,True,1.549e-07,4.833e-10,1162633139.0,5.62,0x64...4e8f,https://bscscan.com/tx/0x5c7261c0ec568f8685261b1e1c64add2a36ac8e8eec424d225ffd03e9c7f90be
2023-03-23 01:42:05,False,1.54e-07,4.804e-10,248508305.0,1.19394,0x2a...576a,https://bscscan.com/tx/0x6a9a168f2ec423790fca590e7b4b55a044d0168502a99daf21bcb84f006896ce
2023-03-23 01:42:02,True,1.557e-07,4.829e-10,3400000.0,0.0164,0xa1...4a35,https://bscscan.com/tx/0xaafcf0a35aadc13b62d776c11a07241d15128f76ede71ab4ff85893577e2c022
2023-03-23 01:41:47,True,1.547e-07,4.826e-10,609150536.0,2.94,0xde...fa58,https://bscscan.com/tx/0xe6a7441c8ae53b9b9cb1c6bbb1b4aefd54c1935726cb2cc1c20ce122fefa1e88
2023-03-23 01:41:38,True,1.545e-07,4.819e-10,664037927.0,3.2,0xec...0165,https://bscscan.com/tx/0x7bcbbe481fd97454c554044686b850b44c973fc6a8e43fac87790a87983b37c8
2023-03-23 01:38:43,False,1.545e-07,4.796e-10,1016948991.0,4.87828,0xde...fa58,https://bscscan.com/tx/0xb9c4020a3ce4622b00b0e2786f5102708cd9a1b3c80f8d940e7852834c4646ad
2023-03-23 01:38:30,True,1.554e-07,4.824e-10,470545091.0,2.27,0x1b...7f6d,https://bscscan.com/tx/0x6177e5bf08bfd2aec54bbc335e4e1f5a1c9c2ffff3e9b9720f6db21be4f283a1
2023-03-23 01:35:45,False,1.538e-07,4.8e-10,565340698.0,2.714,0x2a...576a,https://bscscan.com/tx/0x4a3e0d606ae8ab421e7d62e004659c65b09242ca15f5130a4e9e7466723bfabc
2023-03-23 01:32:33,True,1.554e-07,4.825e-10,503618086.0,2.43,0x2a...576a,https://bscscan.com/tx/0x8b8b9d24b04141c7b21f4f999aa285d5eca821e39506352723233bfd0973eb73
2023-03-23 01:32:12,False,1.546e-07,4.799e-10,323892646.0,1.55467,0xec...0165,https://bscscan.com/tx/0x4f79ac7afb22304cdbf8d92c1e2e1d6c23665ab9425615dafc593d9f7f87db33
2023-03-23 01:29:36,True,1.545e-07,4.822e-10,624185116.0,3.01,0xde...fa58,https://bscscan.com/tx/0x00151a10c4f7bf2fc04fec2f42dcdc5b0819cb40d31629e891575d63c5bab388
2023-03-23 01:26:18,False,1.535e-07,4.796e-10,250028070.0,1.19915,0x1b...7f6d,https://bscscan.com/tx/0x9bd68d4038c513660179e9323ef168b08d2c60d2a468e7713c9fd2ec05432f9f
2023-03-23 01:26:12,True,1.542e-07,4.818e-10,562439297.0,2.71,0x2a...576a,https://bscscan.com/tx/0xd80098ebea5a2483c24a46a22ca82da0708f00a61f130e04a0784d9d0ff82450
2023-03-23 01:26:00,True,1.549e-07,4.814e-10,52628501.0,0.2533,0xea...73f7,https://bscscan.com/tx/0x141cf7fdd67ac9a350fb559c1e5e1ed520e2b3041c38f9d0aaca118c59c5b247
2023-03-23 01:22:09,False,1.541e-07,4.793e-10,553438968.0,2.65295,0x08...af7e,https://bscscan.com/tx/0x3ab852b2cd1030d1297d70104aa9dddca30c6b93206914a58a9840b4d2b3d4c5
2023-03-23 01:20:27,False,1.543e-07,4.799e-10,513022799.0,2.46236,0xde...fa58,https://bscscan.com/tx/0x600accb42fa6bb739fa5ab5e736889f8b5a27f8a76a47c01f7c6288debe4aa77
2023-03-23 01:19:51,False,1.544e-07,4.805e-10,516864455.0,2.48387,0x2a...576a,https://bscscan.com/tx/0x118305026942188012cd825d8792387e16df26294a53d7fe160a21acd4415880
2023-03-23 01:19:37,True,1.545e-07,4.83e-10,401620183.0,1.94,0xec...0165,https://bscscan.com/tx/0xaab21631cb4bb1cbf03e7155f3cfcea538d3901fae872fa3117de0467073b107
2023-03-23 01:18:16,True,1.544e-07,4.828e-10,5178052.0,0.025,0x5c...0026,https://bscscan.com/tx/0x3d6fbd76baed074912e98e935f72e67d9f44ba33f67e5d2544169938756bc30e
2023-03-23 01:17:26,True,1.55e-07,4.824e-10,632207858.0,3.05,0xde...fa58,https://bscscan.com/tx/0xde63931da36970fe0db7dc48a9418568123e350a8cd43443990c5747db42ad0f
2023-03-23 01:15:59,True,1.54e-07,4.816e-10,772390911.0,3.72,0x08...af7e,https://bscscan.com/tx/0x7cad47edbd7b165eb6e29ec1174a6546e667aac8b2a4711a7307035f19df8325
2023-03-23 01:11:05,True,1.546e-07,4.808e-10,490756133.0,2.36,0x1b...7f6d,https://bscscan.com/tx/0x24c3b2f516c7bd81efff41a92ed9795f87b62fe745d1decb858d7486552a6062
2023-03-23 01:10:14,False,1.532e-07,4.787e-10,881748227.0,4.22105,0xec...0165,https://bscscan.com/tx/0x340ca4da45ae31c7c115c65866c46b4435a90e303f4ae303a109b1fa93b4753c
2023-03-23 01:05:14,False,1.543e-07,4.794e-10,485279269.0,2.32691,0xde...fa58,https://bscscan.com/tx/0x43cd6d66c5018fcb61b8a0570a6bdf887818c9d96dc5bae590f28f085d61affa
2023-03-23 01:03:56,True,1.551e-07,4.818e-10,649634950.0,3.13,0xec...0165,https://bscscan.com/tx/0x4989298bfb237ffe34531f28f922e44d983279bc1b60b65f58c4a9853d0e6af5
2023-03-23 01:03:38,False,1.543e-07,4.792e-10,336473726.0,1.61246,0x08...af7e,https://bscscan.com/tx/0x5399f49e7fba30a281da76c461141e514dddde462e638a149dd1da3540da0cbc
2023-03-23 01:02:11,True,1.543e-07,4.814e-10,689623606.0,3.32,0xde...fa58,https://bscscan.com/tx/0xd63fe8fed824795a2cdf1c6f9327e1fb92c0571e0ef3b2cf8f5f13a3d74791c6
2023-03-23 00:57:26,True,1.549e-07,4.807e-10,432636569.0,2.08,0x08...af7e,https://bscscan.com/tx/0x3b4674fec0f6c41cbe23eeba70dc542bb30afc9fafd1075b6a3570a4879516e9
2023-03-23 00:55:53,False,1.54e-07,4.782e-10,257999485.0,1.23394,0x1b...7f6d,https://bscscan.com/tx/0x20c72a0c81ea0b82816ecb776aa9cae7f3f4f2eaf102a6679c375eccabefbaa0
2023-03-23 00:53:05,False,1.535e-07,4.789e-10,909737658.0,4.35712,0xde...fa58,https://bscscan.com/tx/0x995e98b509b7288afeb1f000993907f5dcf152e9f1dae8eb0fd6f36032444393
2023-03-23 00:51:17,False,1.546e-07,4.797e-10,479742073.0,2.30152,0x08...af7e,https://bscscan.com/tx/0x03def106796ba500a13e5fca431128a4710e2c04ffbe7d3e25096b3b7f3bb195
2023-03-23 00:48:14,False,1.539e-07,4.803e-10,574959899.0,2.76182,0xec...0165,https://bscscan.com/tx/0x133bb4ec804ef0bd2f58cfa6f3108a181fc5ec512b9de862146cc023e25910a6
2023-03-23 00:48:11,True,1.547e-07,4.828e-10,335474406.0,1.62,0x08...af7e,https://bscscan.com/tx/0x35073209be716d5ef3ce55022e72f47337ef1de8bced159183a837c10cb7308a
2023-03-23 00:48:08,False,1.539e-07,4.804e-10,258092837.0,1.23999,0x2a...576a,https://bscscan.com/tx/0x0fce5c05a7b7c4327284bb5e6ded900624986364973c0a880287429afe4f3f5e
2023-03-23 00:45:05,True,1.546e-07,4.824e-10,943095019.0,4.55,0xec...0165,https://bscscan.com/tx/0xca902cf2a943b492e5afa51c28b863f3fd25cca0a5302ed8cc1f96e2513c604a
2023-03-23 00:44:29,True,1.552e-07,4.818e-10,61931965.0,0.2984,0xeb...ab0c,https://bscscan.com/tx/0xf6bd7ef7c54bad0f5ed647d1ffc48fc83143b2b1acb3c9156ac28b5d66226ed8
2023-03-23 00:43:20,False,1.537e-07,4.794e-10,20416804.0,0.0978,0xfa...8af2,https://bscscan.com/tx/0x02fbcf79fce7b4ae570046c190041dcd40e0194e994dca7fb680e23b3ee270f9
2023-03-23 00:40:40,True,1.552e-07,4.815e-10,506681267.0,2.44,0x1b...7f6d,https://bscscan.com/tx/0x2d39b02bd11f7984c10e1b96b4842a96f3fc94512eac00a944fa47ec65b77b1a
2023-03-23 00:38:47,False,1.545e-07,4.791e-10,547948552.0,2.62568,0xec...0165,https://bscscan.com/tx/0x52dc2558d91082886517bd35b6e1e02397d2cfa5fca08dbcc763654e8c3869ae
2023-03-23 00:38:38,True,1.545e-07,4.815e-10,591824195.0,2.85,0x2a...576a,https://bscscan.com/tx/0x16280a01ec04f453d245dd6f98d91102de4f49f6b0deb722261dc05d6a43d38d
2023-03-23 00:37:50,True,1.55e-07,4.809e-10,551049408.0,2.65,0xde...fa58,https://bscscan.com/tx/0xdfeb44291e47cf4916cad99164cb9fed3e2a636d9de373f87cfc42a7cba1568d
2023-03-23 00:35:48,False,1.543e-07,4.786e-10,851343588.0,4.07514,0x08...af7e,https://bscscan.com/tx/0x1703342ecb22dc6fb87c32dc181898ada4e1f785d3e96b9eba1b9fab6af15387
2023-03-23 00:35:39,True,1.544e-07,4.812e-10,523623954.0,2.52,0xec...0165,https://bscscan.com/tx/0x814b0b31e2d03f97531c0c2112ae670e31aeedbc0deb4f4e7fc35ef0145ef2f4
2023-03-23 00:35:27,False,1.544e-07,4.789e-10,770090462.0,3.68873,0x2a...576a,https://bscscan.com/tx/0x4dfde41d16623256afa2717f959bdd9bc85fe24c1d494714f965de35be58dd86
2023-03-23 00:32:42,True,1.543e-07,4.813e-10,839285841.0,4.04,0x08...af7e,https://bscscan.com/tx/0x8fd0fabe6a396f4ef9e09f811ad1ebdf03846850991778e8e96d9a049302fe04
2023-03-23 00:31:36,False,1.534e-07,4.786e-10,309694524.0,1.48236,0x1b...7f6d,https://bscscan.com/tx/0x4393bfd0f296ee8d551701332436a519b7fd3d98b7c4f0e3e16bcc9b2c20e9bb
2023-03-23 00:31:32,False,1.534e-07,4.786e-10,309694524.0,1.48236,0x1b...7f6d,https://bscscan.com/tx/0x4393bfd0f296ee8d551701332436a519b7fd3d98b7c4f0e3e16bcc9b2c20e9bb
2023-03-23 00:26:31,False,1.534e-07,4.79e-10,297701676.0,1.426,0x08...af7e,https://bscscan.com/tx/0x4b54933ff8374d4a426fb65c88e1c4247af56b2c3574a2b125ec5d1749c4454c
2023-03-23 00:26:13,False,1.544e-07,4.796e-10,827651562.0,3.96983,0xec...0165,https://bscscan.com/tx/0x736b74240f5ad1a1cc6c865c76cc145bd81443ef39e88c84b1ac358e7b2534a0
2023-03-23 00:25:58,True,1.544e-07,4.82e-10,792407496.0,3.82,0x2a...576a,https://bscscan.com/tx/0x26bfd7eb3e9185d1c06a8bb3d41f0c05581b29f01407070b6568182ef99aafef
2023-03-23 00:25:01,False,1.543e-07,4.792e-10,97590831.0,0.4677,0x29...8b22,https://bscscan.com/tx/0x2f8223ddac6f34954f23b83e3b56f38d744c2b4431d7142933cfc1aba4b65e73
2023-03-23 00:19:37,False,1.536e-07,4.794e-10,291755281.0,1.39894,0xde...fa58,https://bscscan.com/tx/0x085b5829c496dd759ff30988d4ebd1e84e58b64ec999570169b529036e8f6842
2023-03-23 00:17:16,True,1.551e-07,4.818e-10,417164454.0,2.01,0x08...af7e,https://bscscan.com/tx/0x5f133f64246ffbd37fab64406bd8524075ec9d3fcde0ecf6b542abadc7b778a5
2023-03-23 00:13:40,True,1.542e-07,4.813e-10,326136318.0,1.57,0xec...0165,https://bscscan.com/tx/0x32b70a7d8bc7a0be5fc485d7f736195e45236319504d9845c3b6d9c20c2443c7
2023-03-23 00:13:22,True,1.549e-07,4.811e-10,61814471.0,0.2974,0x29...9ba8,https://bscscan.com/tx/0xeb518d7fdf91608b9db20a90f624de01bd8caf0f5c372d1d37e990f5789e58cc
2023-03-23 00:11:04,False,1.542e-07,4.792e-10,860485550.0,4.12367,0x08...af7e,https://bscscan.com/tx/0x5233a797bb873ff730e605fa4a5de8e16c5306bc3f3886a7a6d01444e0302e36
2023-03-23 00:10:16,False,1.536e-07,4.799e-10,384393345.0,1.84482,0x1b...7f6d,https://bscscan.com/tx/0x2db400be601a7941b68282a416234247868c797fa5f0daca7ccd3dc0521d0344
2023-03-23 00:00:55,False,1.543e-07,4.799e-10,54323.7,2.607e-05,0x53...45f5,https://bscscan.com/tx/0xdd0e38bc869b60c238c9a426cf07cdc32471ed9b611001ac38726eb29312fb39
2023-03-22 23:59:43,True,1.552e-07,4.825e-10,61846452.0,0.2984,0xa7...1b3a,https://bscscan.com/tx/0x06a50b1b298387fac3ac3ed24ff3eb53c15442891d20fcd650496756d664920d
2023-03-22 23:58:43,True,1.551e-07,4.822e-10,493555859.0,2.38,0x08...af7e,https://bscscan.com/tx/0xa41db1bc73d2ad0096664e90a40b33ab98ea693edc0025759e60fe88da7ccaca
2023-03-22 23:57:27,False,1.542e-07,4.797e-10,435329752.0,2.08859,0x2a...576a,https://bscscan.com/tx/0x777d3ee2d27cd850c8917e8f9683012e34223ce6da099dc2e571d9b82086ff6d
2023-03-22 23:51:59,True,1.546e-07,4.821e-10,506078335.0,2.44,0x1b...7f6d,https://bscscan.com/tx/0xda80827297c2599fb519c6bc3cee7b776b0cca4f5766d3e9fabc2ffd5ce5c4a1
2023-03-22 23:47:53,True,1.536e-07,4.814e-10,629308926.0,3.03,0x2a...576a,https://bscscan.com/tx/0x991ac18786423c876727f20ca19cff6ed9a9ba6476093d59dea7f648489a507c
2023-03-22 23:45:23,False,1.536e-07,4.789e-10,355373589.0,1.70195,0xec...0165,https://bscscan.com/tx/0x81fc04c0cb74bd152c50e9c4e51e0f618e4fa878b91326244f890ffb869b1b5e
2023-03-22 23:44:44,False,1.538e-07,4.794e-10,557607212.0,2.67341,0x2a...576a,https://bscscan.com/tx/0xea354ff754cd0c309b2f269973e925a9c00fe654259647efbde8a6bfa664c9d1
2023-03-22 23:42:41,False,1.531e-07,4.797e-10,7141760.0,0.0342,0x36...e5f4,https://bscscan.com/tx/0xa1394dd39355803028e43ac3ec3482072cd7b77ff8984ebcca125b7adcb56598
2023-03-22 23:36:47,False,1.54e-07,4.799e-10,313024072.0,1.50237,0x1b...7f6d,https://bscscan.com/tx/0x3fd867c89b5a6ff5914df614eac5313d0d0d781907e3aac93e9a04e6b0762552
2023-03-22 23:33:59,True,1.539e-07,4.823e-10,358672348.0,1.73,0xde...fa58,https://bscscan.com/tx/0xe51cd81c6680d59ae80fbb5fba33ebce93d821deec2d3fa5a08a1754d009c30d
2023-03-22 23:32:02,True,1.544e-07,4.817e-10,587398500.0,2.83,0x2a...576a,https://bscscan.com/tx/0x11a3e52947ff7b491ed6ccbbc749e5ddd097549ffb50fe665082adce2bec733f
2023-03-22 23:30:56,False,1.536e-07,4.792e-10,430861651.0,2.06507,0xde...fa58,https://bscscan.com/tx/0xc582b825d2a049a5a38489e57967d0f009fd19367d3ba715dc00ae442403354f
2023-03-22 23:30:38,False,1.537e-07,4.795e-10,104326071.0,0.5003,0xf9...228d,https://bscscan.com/tx/0x303263184523686a7ff22c1aa084fa6b583c573d95cb03cdb54c025bb4b8487f
2023-03-22 23:26:33,True,1.543e-07,4.817e-10,533466651.0,2.57,0xec...0165,https://bscscan.com/tx/0x725278fb46962135767188d40534752e308c6e00c8d2bc6009b7e325f08812a6
2023-03-22 23:24:51,True,1.54e-07,4.809e-10,831662806.0,4.0,0xde...fa58,https://bscscan.com/tx/0x3ac263fc25dcf59e1fe9ac6e43af1aa788f96a4cf06a793e4119788c2052a225
2023-03-22 23:24:45,False,1.532e-07,4.782e-10,348683008.0,1.6677,0x08...af7e,https://bscscan.com/tx/0x4aa803b2eec4103b7e9ec78e61a55cf84f59c3fe0de3ff3fc4c25e9215104889
2023-03-22 23:22:54,False,1.532e-07,4.784e-10,18611151.0,0.089,0x53...d869,https://bscscan.com/tx/0xbad0b8748ad588ecd336342d40eef4c570bf514e03bc080e9fe1a6c705fb7a96
2023-03-22 23:22:30,False,1.526e-07,4.789e-10,782401520.0,3.74736,0x2a...576a,https://bscscan.com/tx/0x494f6ea29cb014eb44de8161151247d314dad5567fb80d302564d5cd783a19e4
2023-03-22 23:21:39,True,1.538e-07,4.813e-10,735378755.0,3.54,0x08...af7e,https://bscscan.com/tx/0x118aa10cb74ddde2359b7d9ed47f2466b0b5f62b693de0a32210eac60cd521c8
2023-03-22 23:21:33,False,1.53e-07,4.787e-10,382668611.0,1.83213,0x1b...7f6d,https://bscscan.com/tx/0xaaca919adb771bd25584da114c64345f1cc3951212ffd1c7c4077aa8f99a5f10
2023-03-22 23:18:45,False,1.538e-07,4.79e-10,29662967.0,0.142,0x17...10a5,https://bscscan.com/tx/0x56ffff1903573488f6aa521ff1ef6cb452668565b519f8390204b616cff0f9d9
2023-03-22 23:15:42,False,1.534e-07,4.792e-10,446676280.0,2.14087,0xde...fa58,https://bscscan.com/tx/0x60e4ff7dc3352d7057cd6c09f131f6c1f3ba2443fb2ec05cafd72be6ad1e1ac3
2023-03-22 23:09:51,True,1.54e-07,4.816e-10,564755663.0,2.72,0x2a...576a,https://bscscan.com/tx/0x6474d1078c4acc70903adb3b519aea1e223bdeec801c6e453998db5df3762026
2023-03-22 23:09:36,False,1.54e-07,4.791e-10,426595728.0,2.04399,0xde...fa58,https://bscscan.com/tx/0x362a8a3fcd6834432259b2d75c2cd8b23cd9c652787b0eb484aefc327d31c779
2023-03-22 23:09:24,True,1.547e-07,4.813e-10,679273663.0,3.27,0x1b...7f6d,https://bscscan.com/tx/0xfa11e8e9dcaf2539b92b87cd964a4559d87d65c2d25d2f913a9093646109a3c3
2023-03-22 23:07:42,False,1.532e-07,4.788e-10,501282547.0,2.40059,0xec...0165,https://bscscan.com/tx/0x3b62a770fa523b4e9c872a36a00dee1aab90a290bfcbf910b00470a28fec791a
2023-03-22 23:04:33,True,1.549e-07,4.813e-10,396798440.0,1.91,0xec...0165,https://bscscan.com/tx/0x45fa31a45702293a424198b0f50248afb7119d43d6eebaa1731a192b50bb0564
2023-03-22 23:03:06,False,1.534e-07,4.791e-10,765906859.0,3.66993,0x08...af7e,https://bscscan.com/tx/0x9f2195556af1ce1ad017c0ba5a1ebe57d56e48417ee010a6d1082d1e12d1d35c
2023-03-22 23:01:18,True,1.551e-07,4.82e-10,9301914.0,0.0448,0xd8...5cca,https://bscscan.com/tx/0x551e71b01d481e7f7c7fad4381f67cec5fc4ff6ee1caa2819d7fda28a2c70922
2023-03-22 23:00:21,False,1.545e-07,4.797e-10,256949646.0,1.23269,0x2a...576a,https://bscscan.com/tx/0x4cb3aaf9c7187a5777044460c8a94190e5af63a82eb998dc0d68a5b478da47e7
2023-03-22 23:00:15,False,1.546e-07,4.801e-10,466245462.0,2.2387,0x1b...7f6d,https://bscscan.com/tx/0xa663e0791d5dbb127bee7d2da75d435bfbaf8eaacf8afbfaaf3b9e51bbbe735d
2023-03-22 22:57:12,False,1.548e-07,4.806e-10,465697953.0,2.23858,0x2a...576a,https://bscscan.com/tx/0xd638228310652ef1540fd252a3321480724f5ead6858d91f598b3d3da55913bc
2023-03-22 22:56:57,True,1.548e-07,4.831e-10,384972022.0,1.86,0x08...af7e,https://bscscan.com/tx/0x36a9c9d54cd7b5c687e46f23963ecbcd89debc668d025ce72b4d5bbfe27162c9
2023-03-22 22:54:24,True,1.554e-07,4.825e-10,656932357.0,3.17,0xde...fa58,https://bscscan.com/tx/0xafb715173e8aba9147ee25eb5a9e9f760dac305d6ecf9b21a05e5db4ad156385
2023-03-22 22:54:12,True,1.551e-07,4.818e-10,603967393.0,2.91,0x1b...7f6d,https://bscscan.com/tx/0x0eb91511695bdc3fcffc6371d3cb33fd291ba4383b27cf27e12b27f476307f1d
2023-03-22 22:53:51,False,1.543e-07,4.792e-10,344583984.0,1.65145,0x08...af7e,https://bscscan.com/tx/0x0c8a74e2b5a98de98a46130b99f2e96fc13574edb698ff8242e7817e1af516d4
2023-03-22 22:52:00,True,1.543e-07,4.816e-10,423573012.0,2.04,0xec...0165,https://bscscan.com/tx/0xd031ab21053ec2467a89d35c78ae687fd98bafd8152b577f164d1dd8eabd6d7a
2023-03-22 22:51:06,False,1.535e-07,4.791e-10,282347861.0,1.35282,0x1b...7f6d,https://bscscan.com/tx/0x34251475d8c3a2b16b4033bfe255975490dae87d968f8026f205dc4e8ca8689f
2023-03-22 22:48:20,False,1.544e-07,4.794e-10,302473122.0,1.45026,0xde...fa58,https://bscscan.com/tx/0xed0ee877a64d9848eba684b7f1cbb48930d3fefa6176c3be21cde0622ce6195b
2023-03-22 22:44:59,True,1.551e-07,4.817e-10,427563325.0,2.06,0x08...af7e,https://bscscan.com/tx/0xb2f8d3ec51d5d6abdf33905a5b25c9be2b1b1f2b4492d3db11898a96b2ece023
2023-03-22 22:41:59,False,1.537e-07,4.794e-10,565301590.0,2.71047,0x1b...7f6d,https://bscscan.com/tx/0x2ccb1ffaaedac023a09a88784adc7238f0e43e8c3ab05cd19569795831534b94
2023-03-22 22:38:59,True,1.547e-07,4.816e-10,913476859.0,4.4,0x1b...7f6d,https://bscscan.com/tx/0x77727fa6a70e50cb84fadf73447a1b820b3924ae9764484ab89e2db57f08a115
2023-03-22 22:38:08,True,1.544e-07,4.809e-10,378434531.0,1.82,0x2a...576a,https://bscscan.com/tx/0x1c14c1a6df4681ec480e7311a1f77963b634b4008ac862369d9871286e62b59f
2023-03-22 22:32:14,False,1.537e-07,4.784e-10,264377581.0,1.26494,0x08...af7e,https://bscscan.com/tx/0x0110c8ee851d59950c867a31d32dbf686545687350589ce64de288d67b1eb43c
2023-03-22 22:32:05,True,1.545e-07,4.81e-10,72733.7,3.498e-05,0xe9...33b3,https://bscscan.com/tx/0x15f6af1863cb471cc3b8d2999e49e9837fd0317be03bf1f517a2e47cbc9cfef6
2023-03-22 22:32:05,True,1.545e-07,4.809e-10,28949024.0,0.1392,0xe9...33b3,https://bscscan.com/tx/0x15f6af1863cb471cc3b8d2999e49e9837fd0317be03bf1f517a2e47cbc9cfef6
2023-03-22 22:30:05,False,1.538e-07,4.788e-10,430147657.0,2.05966,0xde...fa58,https://bscscan.com/tx/0x79bf17dc4dd6c44c3ac9046f7c7865abab33bfcbdabb1c0fd5a597615f552a1e
2023-03-22 22:29:50,False,1.547e-07,4.793e-10,552537861.0,2.64882,0x1b...7f6d,https://bscscan.com/tx/0xcbe054dbacf166c5f79f0711705d8fe7e1a109f139240003338a73b30875f9de
2023-03-22 22:28:47,True,1.556e-07,4.82e-10,39907700.0,0.1923,0x5a...dbc6,https://bscscan.com/tx/0xd3621ae48f4d5a36cfff7617068d13c935c97cab663fb1cc1a660634eb14c50f
2023-03-22 22:27:00,True,1.555e-07,4.817e-10,591620995.0,2.85,0xde...fa58,https://bscscan.com/tx/0x85c41298a4540fab2e0c6cfd4f545f341db1378a4bd32deb0351fac9b6c52c56
2023-03-22 22:26:47,False,1.539e-07,4.791e-10,340903787.0,1.63353,0x1b...7f6d,https://bscscan.com/tx/0x5f2ea5b09df653a1617fb5505b6b4fec08e225955b07cc15489558a4ed3ad909
2023-03-22 22:25:20,True,1.555e-07,4.817e-10,18833567.0,0.0907,0x21...e609,https://bscscan.com/tx/0x48f2b7bd17ce7c40b1383cf48794103378242a3c6859ca852191f10e916e4121
2023-03-22 22:23:44,False,1.549e-07,4.798e-10,939477538.0,4.50849,0xec...0165,https://bscscan.com/tx/0xb60cc3de2cd2d3808c35bdb5983240ece9871282827ee0866dac5e5a5ab3aede
2023-03-22 22:22:17,True,1.549e-07,4.825e-10,439296577.0,2.12,0x2a...576a,https://bscscan.com/tx/0x0ca45ab8725b845afdeb3f8dc0a0bd01b9e38f352a2d162b097a6eedc6d0e71e
2023-03-22 22:17:26,True,1.554e-07,4.817e-10,988041746.0,4.76,0xec...0165,https://bscscan.com/tx/0xace52a43456aed83f6e0112d7004871ba313e90b9b759f0fcf3b2b7fe409746d
2023-03-22 22:13:41,True,1.551e-07,4.809e-10,403363471.0,1.94,0x08...af7e,https://bscscan.com/tx/0xc66d5440099e69a3cf1400d725000e555e9a65116dc9e933866e4c3ab9364383
2023-03-22 22:11:38,True,1.543e-07,4.804e-10,437071837.0,2.1,0x1b...7f6d,https://bscscan.com/tx/0x255227523bc24b17bab278c1ef4c1ca2b5f71a0504e4c921319390075cac8cfd
2023-03-22 22:10:38,False,1.543e-07,4.782e-10,741962600.0,3.54841,0x08...af7e,https://bscscan.com/tx/0x1a85ef4f3d634ca1a57a81cfb1930ddda6b057ed269d589c24ff2dd5ca540f8f
2023-03-22 22:09:44,False,1.54e-07,4.795e-10,1517697655.0,7.27804,0xaf...9ef6,https://bscscan.com/tx/0x72c20b0c2b9120e554fb22dcf07af1d4f4cb042111f77fa9148cbf23fec2b2ca
2023-03-22 22:07:41,True,1.551e-07,4.828e-10,38392415.0,0.1853,0x12...7acb,https://bscscan.com/tx/0x4ead54665935d8edd8cea3f0d6b76aefb1818ca8366078c71d98cfc62d2b976d
2023-03-22 22:07:30,True,1.549e-07,4.823e-10,692397406.0,3.34,0x08...af7e,https://bscscan.com/tx/0x4afa5d848a834b1eb7630ce41b7c2919a742982dfdd776e88c7999e9a77725ae
2023-03-22 22:05:31,False,1.549e-07,4.798e-10,467333834.0,2.24247,0x1b...7f6d,https://bscscan.com/tx/0x2e168b49cbe5f77d9ee3a30fe29d944e93cf36319e6230a3d25a0e56d209b0e0
2023-03-22 22:04:25,False,1.55e-07,4.805e-10,754850292.0,3.62742,0x08...af7e,https://bscscan.com/tx/0xec7dd47d3ce306de8adb15d80a5f57dc47037bd1f6685a468b2ce531ef29f974
2023-03-22 22:01:43,False,1.546e-07,4.812e-10,428012232.0,2.05973,0xec...0165,https://bscscan.com/tx/0x7a135660ab67d3c55a622b58a01910c024420498ea2aca9fef5ab4147c0ce275
2023-03-22 22:01:19,True,1.561e-07,4.835e-10,608014888.0,2.94,0x08...af7e,https://bscscan.com/tx/0xbed7ecce818556d59f55040f855690a78ed56b40754d646fe5833ac69ea7e880
2023-03-22 21:59:25,True,1.551e-07,4.827e-10,801706875.0,3.87,0x1b...7f6d,https://bscscan.com/tx/0x341cea8d20ec1398d973151a52c08f45dfff6385c3c3a40ba5b3de7c624f13e9
2023-03-22 21:57:04,False,1.551e-07,4.803e-10,877792078.0,4.2165,0x2a...576a,https://bscscan.com/tx/0xa3127d0684ef7dcc02b684e953493808f879c3eafab4e900af8219393d6e2bcb
2023-03-22 21:56:34,False,1.547e-07,4.812e-10,686852880.0,3.30553,0xde...fa58,https://bscscan.com/tx/0x5592a3c6050b8c2215f40c05d2c2c456b9aa39fa963437342f290fdeea989d27
2023-03-22 21:56:28,False,1.549e-07,4.82e-10,675937803.0,3.25834,0x1b...7f6d,https://bscscan.com/tx/0xe69b46180c44d04e440b397452a3a7ee8f707b53be350a76977dfb639528eeac
2023-03-22 21:51:25,True,1.556e-07,4.844e-10,632900889.0,3.06634,0xb6...f6a6,https://bscscan.com/tx/0x029ee7f13d53fdea94952f79686b50108a02e5a3089988e358288efd4aeeb879
2023-03-22 21:50:40,True,1.56e-07,4.839e-10,322359346.0,1.56,0x2a...576a,https://bscscan.com/tx/0x88f51d7d4eb474bc00716bf51816602625761bcf7e815c2eee149645ec5c358c
2023-03-22 21:45:08,False,1.546e-07,4.814e-10,131108684.0,0.6311,0x9f...374c,https://bscscan.com/tx/0x1934d9e033e089e7520946db812659fa6768a914231f42613895501f3ae20749
2023-03-22 21:44:35,True,1.554e-07,4.838e-10,17629917.0,0.0853,0x4a...d61f,https://bscscan.com/tx/0x37da8c295b1ccc72ee2ed7b8ea32e04b4aaae0661455516fa57771478c2070e0
2023-03-22 21:44:26,True,1.545e-07,4.834e-10,755012853.0,3.65,0x2a...576a,https://bscscan.com/tx/0x924de2e3f895afc65b9e4638c825271e70bd2d77d07e960c6868ad3791f60988
2023-03-22 21:43:59,True,1.551e-07,4.827e-10,381130437.0,1.84,0xec...0165,https://bscscan.com/tx/0x8ffe5388f79b30ca7d5e85d848031e9d1ae70652a7900f64724cc2d0d660de4b
2023-03-22 21:41:29,True,1.539e-07,4.82e-10,790302808.0,3.81,0xde...fa58,https://bscscan.com/tx/0x987f009d95055a8e69d6b3cb6602963c53cf077bbeab2a9fa50105909d417bad
2023-03-22 21:41:02,True,1.545e-07,4.816e-10,45677.7,2.199e-05,0xb3...f139,https://bscscan.com/tx/0xe0540b265e17dc83677b7b19b4745b330434f512c78f9ed2a67002b64e6326d8
2023-03-22 21:41:02,True,1.545e-07,4.816e-10,18180108.0,0.0875,0xb3...f139,https://bscscan.com/tx/0xe0540b265e17dc83677b7b19b4745b330434f512c78f9ed2a67002b64e6326d8
2023-03-22 21:39:44,False,1.538e-07,4.794e-10,490852310.0,2.3536,0x08...af7e,https://bscscan.com/tx/0xd9d2397803e08b88072de198ef12f474d31aafe4f17e9e37e27604123d2b70a5
2023-03-22 21:38:23,False,1.54e-07,4.801e-10,718089717.0,3.44819,0xde...fa58,https://bscscan.com/tx/0xd1a5e0a9fa52e4660462a441b8ac05324383140cf9bf52ee8312566e5154c6fc
2023-03-22 21:37:53,False,1.543e-07,4.809e-10,669922696.0,3.22227,0x2a...576a,https://bscscan.com/tx/0xf6dbf913e57baf664d52cab357db75988e4793c61a98c5aa6c6f578a4d85a1c1
2023-03-22 21:36:38,True,1.548e-07,4.834e-10,632984071.0,3.06,0x08...af7e,https://bscscan.com/tx/0x2a4d5ae837e4903e660e9be0c58507fd91d2baf7afc66d3c3f4316ac23d848d5
2023-03-22 21:35:17,True,1.546e-07,4.825e-10,866227830.0,4.18,0xde...fa58,https://bscscan.com/tx/0x74e30f505aa6f59c4faf4295d39973e9186cab68f2e3e6e623f0d862d6d33606
2023-03-22 21:35:05,True,1.544e-07,4.816e-10,674752728.0,3.25,0x1b...7f6d,https://bscscan.com/tx/0x57d71779864056e4789630ae0cc9d36e9ee0d4856fcd4c37bc56e70b4109b987
2023-03-22 21:33:23,False,1.533e-07,4.788e-10,33794225.0,0.1618,0xe4...b84e,https://bscscan.com/tx/0x5bbb110868e1787bea1e2c9bf9a62315b90d52e627181bbb876f7bea97e2efb1
2023-03-22 21:25:50,False,1.526e-07,4.79e-10,339995641.0,1.62891,0xec...0165,https://bscscan.com/tx/0x7df72e683c7fd8538d2c5274b6000d07b6915f4fd154130ce73c8551819d5a9e
2023-03-22 21:07:32,True,1.528e-07,4.816e-10,6227996.0,0.03,0xb3...f139,https://bscscan.com/tx/0xf2f0d06bcc3dac5317c30266a1f168aafb8e1eb010fe9897dce674b740fe4eed
2023-03-22 21:03:26,True,1.524e-07,4.816e-10,16463120.0,0.0793,0x6b...c9f0,https://bscscan.com/tx/0x33cf8f74848c0bf90b1b573cd6d9b425e83ad34cc16a6fe784a10cb9e652d0ec
2023-03-22 20:54:17,False,1.517e-07,4.792e-10,18971989.0,0.0909,0x99...7a2b,https://bscscan.com/tx/0x0d91d52fe1d0f616d1d7cd8d279b3e71ef3525424b0845a41637dda6d1007cf2
2023-03-22 20:40:17,True,1.542e-07,4.816e-10,30393781.0,0.1464,0x4b...4747,https://bscscan.com/tx/0x4ad4cd6d4d7edaea2e9800126b869270b028ccd828def4a2164f3ee0ea9cd0a6
2023-03-22 20:38:20,False,1.546e-07,4.793e-10,90647841.0,0.4344,0xf3...c886,https://bscscan.com/tx/0xbc76054a0f9bf6f1abb57a20d09cd2a9b57f12f971196e181cdcfec73a9eb05e
2023-03-22 20:32:41,True,1.561e-07,4.817e-10,36622316.0,0.1764,0x8c...26d8,https://bscscan.com/tx/0xb8f7c45a093edf1c97175404e22e716582d7fd35f5fdb4de2e30842b49eba7c8
2023-03-22 20:27:14,False,1.547e-07,4.798e-10,952823287.0,4.57228,0x1b...7f6d,https://bscscan.com/tx/0x981a2e87e33a3d4fd81d801703ba60960eea32a1a0138e6cab7caaf6912954ad
2023-03-22 20:25:05,False,1.55e-07,4.804e-10,14260351.0,0.0685,0x73...cc8a,https://bscscan.com/tx/0x088d515a574b1aa8f21757cb60e16075f900bb80e90dee965b5a70226c36a884
2023-03-22 20:24:26,False,1.559e-07,4.807e-10,473258835.0,2.27498,0xde...fa58,https://bscscan.com/tx/0x62185ac9c8f3d164253b8b0cd004d48ac2b3e0dbdedfd242cdb3d7b6d4b6dbf4
2023-03-22 20:21:14,True,1.554e-07,4.833e-10,18500353.0,0.0894,0xd8...deff,https://bscscan.com/tx/0xffee18d5398066bd6f90d6ca29d8e7c647164a0a76b159971b1bdd35cc460c78
2023-03-22 20:21:08,True,1.552e-07,4.828e-10,826276894.0,3.99,0x1b...7f6d,https://bscscan.com/tx/0x2e6dc2f64c0a214a830a18ad485918ac0310724a07d5828d146bc8aa5ae87d16
2023-03-22 20:20:02,True,1.557e-07,4.82e-10,695013074.0,3.35,0x2a...576a,https://bscscan.com/tx/0x09023c8f6697aba0f7b6128bb863e86b575f9d245a17abc4ced41a8e51ce1c58
2023-03-22 20:19:20,False,1.549e-07,4.795e-10,591081893.0,2.83446,0x08...af7e,https://bscscan.com/tx/0xab192c1eb2b96b5ea2f0f0f583bcd9b1d2b55c1e0662a6233be65e373b28cac4
2023-03-22 20:18:38,True,1.556e-07,4.82e-10,477168962.0,2.3,0xd8...deff,https://bscscan.com/tx/0x916bf2bc111ebbbd735ab73a3cb9ef001b9de622fd413f6f36591a2ff9d97c5c
2023-03-22 20:16:14,False,1.539e-07,4.793e-10,18971986.0,0.0909,0x99...7a2b,https://bscscan.com/tx/0x73ed51390673fea7fb9c065f33ead24a691252daefb1da635c20f9f12c079b57
2023-03-22 20:15:50,True,1.554e-07,4.815e-10,342639040.0,1.65,0xec...0165,https://bscscan.com/tx/0xbbd60bf97251b026f283eff9b9cf479b7d483f13265d39c7bcf653a151be481f
2023-03-22 20:15:17,False,1.538e-07,4.792e-10,455857250.0,2.18454,0xde...fa58,https://bscscan.com/tx/0x94905e6f42e5dcb79fbe896a99bf5a327c34957245d197098cea1b8aa4ca823a
2023-03-22 20:15:02,False,1.547e-07,4.799e-10,783517073.0,3.76034,0x1b...7f6d,https://bscscan.com/tx/0xa9e2cac6124a4a66932ed49f6321eb21fceaa500a9759cfac12bc0538ea4a072
2023-03-22 20:12:14,True,1.557e-07,4.823e-10,682012286.0,3.29,0xde...fa58,https://bscscan.com/tx/0xe1ea67db7fd4cd790b4a7357cfcc8a911b36e90dfa40490b4e3c0e84d0e6db69
2023-03-22 20:12:02,True,1.555e-07,4.816e-10,581319139.0,2.8,0x1b...7f6d,https://bscscan.com/tx/0x066489ee96deba1405e0b05efabbc2da8f85780f463d6db1cc1958b0fd70f807
2023-03-22 20:10:32,False,1.547e-07,4.793e-10,661419251.0,3.17021,0x2a...576a,https://bscscan.com/tx/0x4fbaa43f7a3558e36448ed459703428077259643bbfdfd6888e5e806a866e1b9
2023-03-22 20:07:20,True,1.563e-07,4.817e-10,533436451.0,2.57,0x2a...576a,https://bscscan.com/tx/0x4fcc71b3d4d5e0500e4b62333d131ccd9d8dc19183fad4d5e2b4361a1bfd1e82
2023-03-22 20:06:08,True,1.565e-07,4.814e-10,5138786.0,0.0247,0xc7...ce60,https://bscscan.com/tx/0xcfae0ac2e5304b8ba771e60ed22ffe2d2b77f8390c4f719be3f244825e082ec6
2023-03-22 20:05:56,False,1.55e-07,4.793e-10,537819758.0,2.57816,0x1b...7f6d,https://bscscan.com/tx/0xca129f906514f746d8a8b79d91c1c54139c0d00ca8474f688da8327d33c7f32c
2023-03-22 20:03:14,False,1.562e-07,4.802e-10,958868501.0,4.60482,0xec...0165,https://bscscan.com/tx/0x11b23e750ba87f1d2ecf7a601e56e3a03f3b68e2dd0534777345f44cfec268c0
2023-03-22 20:02:53,True,1.571e-07,4.829e-10,385111796.0,1.86,0x1b...7f6d,https://bscscan.com/tx/0x172529d504db8d998022d6fce78d986a1740f66a0f1edebe2fe907e9480b8091
2023-03-22 20:00:47,True,1.573e-07,4.822e-10,792050944.0,3.82,0x08...af7e,https://bscscan.com/tx/0x34f696ff7453aee17e624cdc25b1334c7e7f51d0fa6d83261adfdb4413e8a75c
2023-03-22 19:59:50,False,1.572e-07,4.795e-10,292119666.0,1.40099,0x1b...7f6d,https://bscscan.com/tx/0x78731990ecb13515644ce9f2d9e0691041eb545f314b30781859ed4e940341ac
2023-03-22 19:57:53,True,1.574e-07,4.821e-10,19040000.0,0.0918,0x22...8178,https://bscscan.com/tx/0xcb2ef14f7008ae9368b848021d8d09270007ae07a98e95034ffdbe0a20b0fb7c
2023-03-22 19:57:50,False,1.575e-07,4.801e-10,720313540.0,3.45864,0x2a...576a,https://bscscan.com/tx/0xc15344cfab9cc1ff01846980a56cbec3cb179bf7e5e0598ddc7c0a855802c043
2023-03-22 19:56:56,True,1.575e-07,4.824e-10,876731311.0,4.23,0xec...0165,https://bscscan.com/tx/0x6efd317d68dee97ce417bcad652feffb6721005d7a2bea9a6ba624b5e76ef265
2023-03-22 19:56:50,True,1.572e-07,4.815e-10,743457200.0,3.58,0x1b...7f6d,https://bscscan.com/tx/0xd7f7b942e10e4f6c45b236c771f90e58f75637aa4acaf5a1c08ec0fa1b9641d3
2023-03-22 19:54:38,True,1.584e-07,4.808e-10,511638717.0,2.46,0x2a...576a,https://bscscan.com/tx/0x2e4a567251c17632172849171d525f440634124656d7f046a76283a2f77f529a
2023-03-22 19:54:35,False,1.576e-07,4.783e-10,454390439.0,2.17369,0x08...af7e,https://bscscan.com/tx/0xd939606000b374bdcde93a06116c74febb85a1b16678dd6bbe84b974d0e57fd8
2023-03-22 19:53:49,False,1.57e-07,4.788e-10,376977171.0,1.80516,0xec...0165,https://bscscan.com/tx/0x57e97fdbcb8a22c3c485b78b38bed3a98d2fd6bfaefa05ca3ce17bfba1aff23f
2023-03-22 19:50:40,True,1.576e-07,4.812e-10,430154358.0,2.07,0xec...0165,https://bscscan.com/tx/0x202eaaa51046adc67838213b7770f0920ad7a7772109841f2566389855e5ff51
2023-03-22 19:48:17,False,1.568e-07,4.79e-10,800769381.0,3.83595,0x2a...576a,https://bscscan.com/tx/0x38a141b701519b453d045d46bf75b8d014ea8a87ac9e6acfaf29c52be9d5bbc8
2023-03-22 19:45:08,True,1.576e-07,4.815e-10,531571727.0,2.56,0x2a...576a,https://bscscan.com/tx/0xd213b360900d20d39f784018239b08d53e993cd9ead7f4c80dfc12a3d7f315ef
2023-03-22 19:44:53,False,1.568e-07,4.79e-10,338731054.0,1.62277,0xde...fa58,https://bscscan.com/tx/0x439e00700f79c331c88aaf5e6e5fd83642227c576cc0b8e8385b884c83e4bb7c
2023-03-22 19:44:23,False,1.561e-07,4.795e-10,533703631.0,2.55952,0xec...0165,https://bscscan.com/tx/0x5a011c9bfd0b8fe1ea1c22ad922fbf7651abe0360eb6b0645f6c31363431de4a
2023-03-22 19:42:14,True,1.575e-07,4.82e-10,491694579.0,2.37,0x08...af7e,https://bscscan.com/tx/0x102371f2460ac639482c7fd478d5edc7eea6e0de2555ccb049daa0d217c35c3c
2023-03-22 19:41:35,False,1.558e-07,4.796e-10,621572373.0,2.98152,0x1b...7f6d,https://bscscan.com/tx/0xead63058638c23f368589cb39ddadc5123647773b5cfa8518cade262b7d26db2
2023-03-22 19:38:35,True,1.575e-07,4.821e-10,497768415.0,2.4,0x1b...7f6d,https://bscscan.com/tx/0xa68beb8e634b1a20b2bab1d58b1fe91da87cb6150b85e76c6f410d3004d075f1
2023-03-22 19:35:37,False,1.572e-07,4.798e-10,674002300.0,3.23417,0x2a...576a,https://bscscan.com/tx/0x873919128ffdf1bc4867b58212f27fe54c59550d2b8cba91cb21a0ba5646370e
2023-03-22 19:34:58,False,1.578e-07,4.804e-10,346032861.0,1.66246,0xec...0165,https://bscscan.com/tx/0x1d7b1e0285b2f6d5e491e07a5a350dc2022bee92f64e4a5c9e863ec811073f30
2023-03-22 19:32:25,True,1.587e-07,4.828e-10,331364044.0,1.6,0x2a...576a,https://bscscan.com/tx/0x709461a5ed374598cd6e45f3d3f79ceb909d9095177eb887179bb820978f0167
2023-03-22 19:31:49,True,1.577e-07,4.824e-10,422873146.0,2.04,0xec...0165,https://bscscan.com/tx/0x2fdb07716f9d3bfa0c47beec3607f3b665ae46433b0a7a43f1574889a55639ec
2023-03-22 19:30:19,True,1.584e-07,4.819e-10,317437564.0,1.53,0x76...dcc0,https://bscscan.com/tx/0x03b337a4c7e34b6aab0fe96655d37f88554a38a2493cefb11d9bc25680e4728d
2023-03-22 19:29:52,False,1.57e-07,4.8e-10,1057230683.0,5.07476,0x08...af7e,https://bscscan.com/tx/0x498dc235fb174a328eb28c768a0113c8e998253de12a253081b2b6d7b79a08d9
2023-03-22 19:29:16,True,1.579e-07,4.827e-10,416335844.0,2.01,0x2a...576a,https://bscscan.com/tx/0x92ce3feb074be76f44e1070a991e22d53070a886e5f34dc09bcf7474c4dd6628
2023-03-22 19:28:43,False,1.571e-07,4.802e-10,274688237.0,1.3193,0xec...0165,https://bscscan.com/tx/0x521dc44b6336d8ba8603a100d4b24a5da11db23562438d694b19fee9fb37b8d4
2023-03-22 19:28:40,True,1.579e-07,4.828e-10,1.53,7.387e-10,0x76...dcc0,https://bscscan.com/tx/0x21ae84beede19e5bd59d3e8aec72b2a52de8255e59fac6c9ee5b6ac2b41a4649
2023-03-22 19:26:49,True,1.578e-07,4.825e-10,470382113.0,2.27,0x08...af7e,https://bscscan.com/tx/0x75590ecd55a28e4f12667a971ceea489b71c57a8d23e287a0fdfc7374ab15685
2023-03-22 19:26:04,False,1.579e-07,4.802e-10,675310679.0,3.24348,0x2a...576a,https://bscscan.com/tx/0x409dcf4ea35497e2b66761197a2d46be0242d963368401ca278b4b20e79f2720
2023-03-22 19:23:34,True,1.588e-07,4.829e-10,337543975.0,1.63,0xde...fa58,https://bscscan.com/tx/0x31c440814f7aa7240ed0a0c29c02704299977a965bfa7ac35f59a18eedee2525
2023-03-22 19:22:55,True,1.586e-07,4.823e-10,549354420.0,2.65,0x2a...576a,https://bscscan.com/tx/0x25eba78afdb5b860387225f5fc3a3d57d277a0de92f25f198f72c84942ca625b
2023-03-22 19:22:25,True,1.576e-07,4.816e-10,716287668.0,3.45,0xec...0165,https://bscscan.com/tx/0x508771b4cce9cfce4dfe2d610080d91cec3cf8269bae4237ccf6678b069da993
2023-03-22 19:19:46,False,1.576e-07,4.791e-10,560373510.0,2.68506,0x2a...576a,https://bscscan.com/tx/0x8290fd335dd2d9cffc32e41f092d3d4ba79d02dfcadb27513ef4cd85f6980227
2023-03-22 19:17:28,False,1.57e-07,4.797e-10,394771099.0,1.89373,0xde...fa58,https://bscscan.com/tx/0xdd6e3015e45fb49b2c04e8aec75b58f8f0c2c983e9cb3110bb0ecc53d9dc7f4f
2023-03-22 19:17:13,False,1.572e-07,4.803e-10,754713701.0,3.62532,0x1b...7f6d,https://bscscan.com/tx/0x7e72200acfdc844afd73f484f57d79c28a1aa9a7ea4f175d1e634ba8f9be32f1
2023-03-22 19:12:53,False,1.583e-07,4.808e-10,95000000.0,0.4568,0x74...731b,https://bscscan.com/tx/0xc9637790be9e75ee3960bbc507be7b291bb05908dd23f4dd951555103bc1945b
2023-03-22 19:11:11,True,1.581e-07,4.828e-10,888550832.0,4.29,0x1b...7f6d,https://bscscan.com/tx/0xbdae201116e24ffa4a5656c364d15050536b6321efbabbc409da8969acf3fe54
2023-03-22 19:10:14,True,1.579e-07,4.819e-10,664028470.0,3.2,0x2a...576a,https://bscscan.com/tx/0x53085167f8656def2738a26e25cabaed1473657e439169f86108fe00cf271cdf
2023-03-22 19:09:50,False,1.572e-07,4.795e-10,807048775.0,3.87046,0xec...0165,https://bscscan.com/tx/0xa3ee26acd56d1d28e0233181aa3ad6df7467057b9868b0d17f88ffb8ca59a0b0
2023-03-22 19:08:09,False,1.588e-07,4.804e-10,743461731.0,3.57216,0x1b...7f6d,https://bscscan.com/tx/0xf7f255ce6d5cdcfd3e33284bbfc1be9eef687193e0e8b3d8746c4ebc09112f97
2023-03-22 19:06:43,True,1.595e-07,4.827e-10,996397743.0,4.81,0xec...0165,https://bscscan.com/tx/0xe4f9bf7593ef1ec55fa7b9919f49e4cdb728f83c46e772135a6bf69e2a3141f8
2023-03-22 19:05:04,True,1.586e-07,4.817e-10,624743303.0,3.01,0x1b...7f6d,https://bscscan.com/tx/0x4a147bb1d37c0974e2bece5b273ec3039561743f4db7f23827b7bb2fdd03b8d4
2023-03-22 19:03:34,False,1.574e-07,4.797e-10,1169128118.0,5.60838,0xec...0165,https://bscscan.com/tx/0x805c8ff86d2f15584508d4859909dffcd50676d3d5cd0ce16875bdcd6c6d124e
2023-03-22 19:02:01,False,1.573e-07,4.805e-10,356265732.0,1.71216,0x1b...7f6d,https://bscscan.com/tx/0x889c622cd8079bc4c7db89382929b942f4fa5ad08e1363708835c6e6f63854c9
2023-03-22 18:57:37,False,1.576e-07,4.81e-10,367579074.0,1.76807,0x2a...576a,https://bscscan.com/tx/0xe1a63c29a4da5bce8cc0a51e595acdef0e9c0ce4e859867022988a5e725b8cc7
2023-03-22 18:57:16,True,1.583e-07,4.83e-10,937725334.0,4.53,0xec...0165,https://bscscan.com/tx/0xe8c74b50e5a2d183363899f49148f779340df9005e1c9255330b630c310aaa5f
2023-03-22 18:51:25,False,1.573e-07,4.802e-10,170294919.0,0.8178,0xbe...3ca5,https://bscscan.com/tx/0xde95417f79dd86aa66cb66da0ef3af78c7e45687fe0fd28fa8580578d1b34308
2023-03-22 18:51:25,False,1.573e-07,4.803e-10,47995721.0,0.2305,0xef...64f9,https://bscscan.com/tx/0x443e06bf45dfa83442852c3d73c37028dc8827747fcd4f0345e2bfa8ec78c589
2023-03-22 18:50:07,False,1.574e-07,4.805e-10,334271659.0,1.60642,0xde...fa58,https://bscscan.com/tx/0x3ba8f45ee85633b65b9457dc95bdaf58b363ef72cc368b37d911c4a2a282e46b
2023-03-22 18:47:52,False,1.567e-07,4.81e-10,482043415.0,2.31885,0xec...0165,https://bscscan.com/tx/0xc9f277902ed1cc924633f28aabb27561343a816cb9def6ff3d7d6325a80ec80b
2023-03-22 18:47:34,True,1.576e-07,4.837e-10,35000000.0,0.1693,0x6b...f437,https://bscscan.com/tx/0x3ef6b28429fc8163eff17a74f953a72b1db16a699dd96d18c9c312606c030fc5
2023-03-22 18:46:04,False,1.576e-07,4.813e-10,43508220.0,0.2094,0x6b...f437,https://bscscan.com/tx/0x4c9fa9b566d83fce326eac767c2fe5877bee77671e87a4f80836cb831f2f8392
2023-03-22 18:44:52,True,1.584e-07,4.837e-10,14470522.0,0.07,0xb3...f139,https://bscscan.com/tx/0xd714e3b06556d29585361a36aae116ad4414a435f3d8e2f30a421730a0a9ceb8
2023-03-22 18:44:01,True,1.576e-07,4.834e-10,405379979.0,1.96,0xde...fa58,https://bscscan.com/tx/0xb7741778da0d98f5ec0ad9072328d84f2382c74b7ed342e088889078e65d131a
2023-03-22 18:41:41,True,1.575e-07,4.83e-10,397491331.0,1.92,0x2a...576a,https://bscscan.com/tx/0xa332382c5335b6fe7a645fe1a717f8bcd8a00c02c9e3cfe6aa26225988662c2d
2023-03-22 18:40:44,False,1.575e-07,4.806e-10,381938417.0,1.83563,0x1b...7f6d,https://bscscan.com/tx/0x9d32b6383cb56993d1713a6853672c8ac30b4561e8ae130414e53a00aa8e7202
2023-03-22 18:37:56,True,1.582e-07,4.829e-10,478297389.0,2.31,0xde...fa58,https://bscscan.com/tx/0xfadba54cbf4e760673f6485df72a3f5c805e86db2aa0fd806c4cd921b607b07e
2023-03-22 18:37:20,False,1.565e-07,4.805e-10,495491725.0,2.38114,0x08...af7e,https://bscscan.com/tx/0x865521aa97215401b466bbb328c9963e76b52040531aa8c43ceaf282cc41872d
2023-03-22 18:35:23,False,1.572e-07,4.811e-10,549588227.0,2.64443,0x2a...576a,https://bscscan.com/tx/0xdfbaae50563fc36d7f3425b75c2150445994ef80960d792c77045f1f20093e30
2023-03-22 18:34:17,True,1.57e-07,4.835e-10,537650316.0,2.6,0x08...af7e,https://bscscan.com/tx/0xe2ceac47bab1b5e79897056ce853cd6cee3bae047fca4d6cb3ebe0db735bbf37
2023-03-22 18:33:53,False,1.569e-07,4.808e-10,32909.1,1.582e-05,0x20...804a,https://bscscan.com/tx/0x2be60e2feb120f352371b190682b976e52f1fb57b3b42ed81d0164dd63c7b368
2023-03-22 18:33:23,True,1.57e-07,4.832e-10,544.729,2.632e-07,0x28...abb4,https://bscscan.com/tx/0xe2319f0af3e94cfdecbcd391178b4d242804218fe276b3fbce5f973b8c0f95e0
2023-03-22 18:28:59,False,1.57e-07,4.81e-10,405336566.0,1.95005,0xec...0165,https://bscscan.com/tx/0xdba627053f5f40e9d7c1d728f9cdf2eb0a47ddbd28505f6a4cacbca635aa41e9
2023-03-22 18:28:33,True,1.569e-07,4.831e-10,952008902.0,4.6,0x1b...7f6d,https://bscscan.com/tx/0xbfe1da111a0fe769cb88e010db118e4a31a23b96d2f2105be49c731f4b9d36d0
2023-03-22 18:28:06,False,1.567e-07,4.803e-10,245353192.0,1.1786,0x08...af7e,https://bscscan.com/tx/0xc189fbef47a1a412f707c2391b224502b87e6f818b5b916156929f8d430cc63c
2023-03-22 18:25:32,False,1.562e-07,4.81e-10,987041249.0,4.74846,0x1b...7f6d,https://bscscan.com/tx/0x284adf0f38dd977fc3921cbc2a416f48beb758017350d049c12a5a2fa28b1fa0
2023-03-22 18:22:46,True,1.578e-07,4.834e-10,1017635748.0,4.92,0xec...0165,https://bscscan.com/tx/0x5c3422546be1708a1f07be5e14e094551bca1eaff051c47bbb70ba477ef82113
2023-03-22 18:19:31,True,1.576e-07,4.825e-10,642476789.0,3.1,0x2a...576a,https://bscscan.com/tx/0x0de5200bb6d4bada64e7207a34e32ae4af0a2d76cb86a9b9dbdadd649a172581
2023-03-22 18:17:19,True,1.57e-07,4.82e-10,91360489.0,0.4404,0x44...55ff,https://bscscan.com/tx/0x441eb9e0130f83ce05af7a4704f047775d81577f65c10545fa7d6cc18d24ad03
2023-03-22 18:16:25,True,1.577e-07,4.816e-10,693483467.0,3.34,0x1b...7f6d,https://bscscan.com/tx/0x91cc345a0f66bcd64aa2c628e496aafef8ce5328ab9b5c912f2211786a411142
2023-03-22 18:16:19,False,1.569e-07,4.79e-10,437899848.0,2.09787,0x2a...576a,https://bscscan.com/tx/0x8677a6da67775eedfc82652df1fa63654e52279b94f744132a0bb301deed8c59
2023-03-22 18:15:43,True,1.577e-07,4.813e-10,585801725.0,2.82,0x08...af7e,https://bscscan.com/tx/0x432efbc41af9885007e603c6ad03f08769903323c0071dedcd7a310c30271324
2023-03-22 18:13:19,False,1.572e-07,4.79e-10,621215543.0,2.97567,0xec...0165,https://bscscan.com/tx/0xd32e0cb95b3f5a39b860799ec4fe462f229ea2cfcff04297c7930e045cf8e2f9
2023-03-22 18:13:10,True,1.58e-07,4.814e-10,523400426.0,2.52,0x2a...576a,https://bscscan.com/tx/0x7e5fecb0268a463c3743f73e270becfbf394930536c72348b5aefdda913fcfe3
2023-03-22 18:09:40,True,1.571e-07,4.811e-10,623488.0,0.003,0x38...e79b,https://bscscan.com/tx/0x347fdeba28a30c0850cbf8bc65ba4fcac574017bfaa24c595b70e5ca37fcf0fd
2023-03-22 18:05:25,False,1.571e-07,4.788e-10,130524726.0,0.625,0x1a...f441,https://bscscan.com/tx/0xad9993f826fc0f156d87aa4d304e9124f21dfa4a96d89e001ab4fd38ce60272b
2023-03-22 17:58:19,True,1.579e-07,4.813e-10,1409544.0,0.0067,0xa1...e88f,https://bscscan.com/tx/0x204ebf09fc252251e534563442d503183ba44d50917030634032aef5261f103c
2023-03-22 17:57:52,True,1.571e-07,4.812e-10,25376174.0,0.1221,0xa1...e88f,https://bscscan.com/tx/0x37cddf9a31e96ba728dc22af500b3ce5ff3991b8e532a1e4762d591531af5a11
2023-03-22 17:50:43,False,1.569e-07,4.788e-10,32196098.0,0.1541,0x54...2ace,https://bscscan.com/tx/0x32cb9041a6a456a7a853162e795060e04560977ddaf9f9c1156b3a9176dee979
2023-03-22 17:47:31,True,1.569e-07,4.813e-10,27453348.0,0.1321,0xd5...b64a,https://bscscan.com/tx/0x6ba6e69ce5735fd79b20beabd6c8a320411683bfd4fc475d38564e0a9c65131a
2023-03-22 17:42:55,True,1.569e-07,4.812e-10,28179367.0,0.1356,0xd5...b64a,https://bscscan.com/tx/0xff7f27c986969e90480193098840e4758e2b8725aff0ef9cd6c009cbf04f5975
2023-03-22 17:41:28,True,1.577e-07,4.812e-10,1995052.0,0.0096,0x8e...e253,https://bscscan.com/tx/0x6583d1c1ddec4c87800af602c880f5227ae4f5364a8f6b399d55128998a5a2d0
2023-03-22 17:31:28,True,1.576e-07,4.812e-10,7477909.0,0.0359,0x3d...a6e9,https://bscscan.com/tx/0xe7f8ee6a239985686163ce611d698bd759107698863af7edaae12b196f82a3ab
2023-03-22 17:18:58,False,1.567e-07,4.788e-10,31354111.0,0.1501,0x42...6858,https://bscscan.com/tx/0xef6d87f8c1e98243145039d9520ee81bdcd73b2517bbc018eeaab41fe3c8e25b
2023-03-22 17:08:52,True,1.573e-07,4.812e-10,63091799.0,0.3036,0x20...79bd,https://bscscan.com/tx/0x446527371223dc90c87d01db13993f033d7d3e24840e2020c634a2bd95a0400e
2023-03-22 17:08:17,True,1.581e-07,4.811e-10,19767622.0,0.0951,0xb7...b26d,https://bscscan.com/tx/0x06e67029a39b15dfa351ae63ea2f2e71abe175dc304dbdf786d1511210747b8d
2023-03-22 17:07:20,False,1.565e-07,4.788e-10,39647679.0,0.1898,0xb7...b26d,https://bscscan.com/tx/0xf0a6292d230abdf9d51fbb81271366aee56b683cb753d353361a55a03540064d
2023-03-22 17:01:33,True,1.579e-07,4.812e-10,1472273.0,0.007,0xfc...cb08,https://bscscan.com/tx/0x1aad07dd30ac58f408d1a0d31660129c30fd36e5b386f37765bfce0a728fa448
2023-03-22 16:43:06,False,1.577e-07,4.788e-10,6578039.0,0.0315,0x1b...b2b4,https://bscscan.com/tx/0xc5190119974f300613c574a4ce01e1f2d233f1dcd3b1039126d7504124a99556
2023-03-22 16:41:39,True,1.577e-07,4.812e-10,35327101.0,0.17,0x3a...88e2,https://bscscan.com/tx/0x420dd24a6ec03ff50afc255ad99530af6cde3fa9f8e68d53ec86e863df734c86
2023-03-22 16:38:03,False,1.569e-07,4.788e-10,12820350.0,0.0613,0xa5...bbd7,https://bscscan.com/tx/0xae0d8cd2d79a0db1f278c0e9332814a2d13f0d81e3b6956d4dee6baca5feb67a
2023-03-22 16:32:42,False,1.578e-07,4.788e-10,12923903.0,0.0618,0x6c...6d8d,https://bscscan.com/tx/0x07a9d0b8344707a054ad8521762711be56c9c078fdd139c0c844132abe6bbba4
2023-03-22 16:23:57,False,1.571e-07,4.788e-10,15189649.0,0.0727,0x1c...c965,https://bscscan.com/tx/0x93a811a4295c43c1741c535718a2a5b2ccf39b4130c33d40a1f55bf4895731ec
2023-03-22 16:23:45,True,1.586e-07,4.812e-10,41561007.0,0.2,0x3a...88e2,https://bscscan.com/tx/0xd785dec2423753f597a3cde1d3947d24749902ebb6ce141f4adc05cca0dc27b7
2023-03-22 16:16:24,True,1.578e-07,4.811e-10,39486882.0,0.19,0x4f...f4c0,https://bscscan.com/tx/0x33e4f4ea7660c7fc9a69106a1d8f691d46e41477d362509003cb5639f468b811
2023-03-22 16:10:39,False,1.571e-07,4.788e-10,121823077.0,0.5833,0x05...acf2,https://bscscan.com/tx/0x218918e02bd206b22bc89a6d39cd36c29fcbb189e3fa2c5f4d3be30cd4e13449
2023-03-22 15:48:03,True,1.579e-07,4.812e-10,66978649.0,0.3223,0x5b...3866,https://bscscan.com/tx/0xd488e032c0959514b880d997f9ffa1263b2fcdd33f37b3957a57080f0a5749d4
2023-03-22 14:54:15,True,1.577e-07,4.812e-10,20781349.0,0.1,0x80...aadf,https://bscscan.com/tx/0x7d7abab6c352e0464a8cf18c4214b730bf4cee7df4faa6918bae97886b59ce6f
2023-03-22 14:40:45,False,1.568e-07,4.788e-10,149207164.0,0.7145,0x42...0b11,https://bscscan.com/tx/0x460bb15849dc332d908d6d5cd2e8734678f4ebebc144354125a2cab18953bf22
2023-03-22 14:38:39,True,1.568e-07,4.813e-10,3671001.0,0.0176,0x99...7a2b,https://bscscan.com/tx/0x7c3de4e2982ba58f8542e3fc1f06a10ee2c305320523294170e73455db7250ca
2023-03-22 14:36:36,False,1.567e-07,4.79e-10,104678587.0,0.5014,0xfd...6f59,https://bscscan.com/tx/0x87c5a4ea151c3648c5799a385ab0b8628341b5580c83055098c51ab3aea07814
2023-03-22 14:34:33,True,1.567e-07,4.814e-10,22803343.0,0.1097,0xab...4c67,https://bscscan.com/tx/0x4053eb56c3807fda0e7a62c9ab4b5cd7c93655945e2fa7160c930f8251668795
2023-03-22 14:28:09,False,1.558e-07,4.79e-10,22817595.0,0.1093,0xb8...fcf4,https://bscscan.com/tx/0x027ec0a33c4c7f50e72188638c60191d09165edfdcb0a9abe2c849b019f43cbd
2023-03-22 14:25:09,True,1.573e-07,4.814e-10,63645436.0,0.3064,0xe3...11a5,https://bscscan.com/tx/0x82d0faa1eb58dbc0776d94083bca36698d82c55d3af6bcd05635462a41ad3233
2023-03-22 14:23:45,False,1.556e-07,4.789e-10,32607695.0,0.1561,0x24...e7e2,https://bscscan.com/tx/0x091209f30c8d84673e1373a1d1dade433ea7c98659e67256a811b18be399fa1b
2023-03-22 13:59:57,True,1.575e-07,4.814e-10,12518217.0,0.0602,0x86...1125,https://bscscan.com/tx/0x484950bc7f29be2bc3ae66961ed3f5d72fd01132306a2cfa192793941f2b29bb
2023-03-22 13:18:47,True,1.571e-07,4.813e-10,130183294.0,0.6266,0x32...74cb,https://bscscan.com/tx/0x4dfe115c6a17f57109264e9bd0b6a5fdbd6cc30b87993d8a3d289d28d27290e4
2023-03-22 13:17:35,True,1.57e-07,4.812e-10,33246261.0,0.16,0x5e...46e2,https://bscscan.com/tx/0xa2205da7fce6f8473bfacd409963e8b401284f830ec478f797cd6b34de245ff9
2023-03-22 13:04:55,True,1.559e-07,4.812e-10,3838938.0,0.0184,0xc3...934a,https://bscscan.com/tx/0x9824c7a8984d36daebaf134d8a6b0cb5c782e6228710a1dd36a435ffc0255dc3
2023-03-22 12:21:05,True,1.566e-07,4.812e-10,25719100.0,0.1237,0xef...820c,https://bscscan.com/tx/0x8c5f33834a1b02528cdcc10c7fb2e13d8739b2323a991631aea36bc6bdad53bd
2023-03-22 12:12:25,True,1.576e-07,4.812e-10,2533231.0,0.0121,0x89...0a76,https://bscscan.com/tx/0x1a918d24f2f45b163cdebd65b27eded7155bd94a4bfdd161577ec5272e41f745
2023-03-22 11:38:08,False,1.565e-07,4.788e-10,93369111.0,0.4471,0xed...cc4a,https://bscscan.com/tx/0x4cc8234612f79f2278d160089485dbe6f90b1f85d1d67bee843dd137f3d75a88
2023-03-22 11:12:23,True,1.6e-07,4.813e-10,13134400.0,0.0632,0x03...0b02,https://bscscan.com/tx/0x7737eaf2728bba3c4cb8c202892d36d098c0aad908987b39472e92bb8ff26da5
2023-03-22 11:09:23,False,1.594e-07,4.788e-10,5672330.0,0.0271,0xd8...61fe,https://bscscan.com/tx/0x9a61c885cdb9f9597d74684b16f7f4a4f0fdbb141a735d7da9a10d601411105f
2023-03-22 11:03:29,True,1.595e-07,4.812e-10,8751696.0,0.0421,0xa7...a38a,https://bscscan.com/tx/0x021bcc513f631322d3af1b227c70fa422d254e17b56f38bd2be93cdbe0d7592f
2023-03-22 10:59:50,True,1.594e-07,4.812e-10,13093541.0,0.063,0xa7...a38a,https://bscscan.com/tx/0xb059ae9762f1aa8e59524609e7abe2f25195f57d14bf518edac859fceab336b8
2023-03-22 10:26:59,True,1.604e-07,4.812e-10,12500000.0,0.0601,0x95...178e,https://bscscan.com/tx/0x9fba940a9a66e117fbf9399bd473b6cd73383c4ac12ca1a0820ecfb8243742fb
2023-03-22 10:09:59,True,1.606e-07,4.812e-10,9093770.0,0.0437,0x17...10a5,https://bscscan.com/tx/0x8e79e70e09542f936b92ac76ad144b7318cd3295c1582d7ce458e2898865cc1d
2023-03-22 09:38:47,False,1.61e-07,4.788e-10,16124492.0,0.0772,0x42...25da,https://bscscan.com/tx/0x271b2f69b2199f3f0546dcfe971b9e51cd898d3e6dc11563429415674607a865
2023-03-22 09:37:50,False,1.61e-07,4.788e-10,4321097.0,0.0206,0x31...2ba1,https://bscscan.com/tx/0x6c3f055cd6591bcc86d3cb42d7f862d0fdf467c9ce5298f69d7abead9f652908
2023-03-22 09:32:59,True,1.627e-07,4.812e-10,3000000.0,0.0144,0x48...0581,https://bscscan.com/tx/0x80d91debb625fe869cae294d797ae7ff99d03ba40c5d19976795cefa508dd789
2023-03-22 09:28:02,True,1.618e-07,4.812e-10,4907391.0,0.0236,0x2a...123d,https://bscscan.com/tx/0x074626493a8b5d4eacf392c695b9f2cd6727d1c9fa102d4a82a07748dd5ecfdb
2023-03-22 09:24:08,False,1.609e-07,4.788e-10,231990.0,0.0011,0x72...bf6d,https://bscscan.com/tx/0xd30ca9be4cf0f71d0203eee9b5af8665312d7122ec4e3ad0997b651de0780e51
2023-03-22 09:24:08,False,1.609e-07,4.788e-10,231990.0,0.0011,0x72...bf6d,https://bscscan.com/tx/0xd30ca9be4cf0f71d0203eee9b5af8665312d7122ec4e3ad0997b651de0780e51
2023-03-22 09:24:08,False,1.61e-07,4.789e-10,92352107.0,0.4422,0x72...bf6d,https://bscscan.com/tx/0xd30ca9be4cf0f71d0203eee9b5af8665312d7122ec4e3ad0997b651de0780e51
2023-03-22 09:07:15,True,1.614e-07,4.813e-10,49290508.0,0.2372,0x0a...e5b9,https://bscscan.com/tx/0xb20a6ac575edf27e13d21dec596509b0ae5900e4355afa8b78203e8cd9da114b
2023-03-22 09:05:06,False,1.606e-07,4.789e-10,7716207.0,0.0369,0x07...3c0d,https://bscscan.com/tx/0xfd320a6dea3075f429c9ca94d26c153abab23d6988ae09d5e670fcbade378646
2023-03-22 08:55:27,False,1.61e-07,4.789e-10,34806592.0,0.1667,0xc2...b915,https://bscscan.com/tx/0x9d1349c58ab48ddeb160dc26bc2d2d03761c63f77c33640d533532d9cce96a1b
2023-03-22 08:44:45,False,1.621e-07,4.789e-10,4832025.0,0.0231,0x06...fba5,https://bscscan.com/tx/0x2a26bc5c8c106da67c507ffddcc996406da3535da4759619dac448b07a8e81df
2023-03-22 08:15:15,False,1.618e-07,4.789e-10,12509565.0,0.0599,0x3b...bb17,https://bscscan.com/tx/0x43fe888383cb7672748acf1de66bf1e5ec6f980df65922fd2080d1751c998e5e
2023-03-22 08:14:39,False,1.618e-07,4.789e-10,8127448.0,0.0389,0xca...2f4b,https://bscscan.com/tx/0x58512b33824a9aad71da1be9e66b4ba560751dcacc2bce683e088a7eb9365874
2023-03-22 07:21:15,False,1.616e-07,4.791e-10,306528325.0,1.46878,0xec...0165,https://bscscan.com/tx/0xdbde897fb0e798ff34bc8001351cfa8965cfa8390c8c54e8081da72a25701796
2023-03-22 07:18:06,True,1.613e-07,4.812e-10,897706022.0,4.32,0xec...0165,https://bscscan.com/tx/0xff58d9f3a7a79c522fb34a7c72053a12fe68210e27d0ce462034c3e3c032dba5
2023-03-22 07:12:18,False,1.605e-07,4.786e-10,647707902.0,3.10045,0x2a...576a,https://bscscan.com/tx/0x2d974c613135897f9514daccddd690dd6299fb545d7a5d528b9f7a3ba5379d13
2023-03-22 07:08:42,False,1.616e-07,4.792e-10,324001784.0,1.55274,0xec...0165,https://bscscan.com/tx/0x3f1cf65111c61b16421d283854abca1b824f8486bc0f47201aa8ec8e213eb8df
2023-03-22 07:08:27,False,1.618e-07,4.799e-10,896457830.0,4.30247,0xde...fa58,https://bscscan.com/tx/0x678ab6948573c3fb9d907df35b5950b0a52f568513dfa95bb8fe7f98d10676b3
2023-03-22 07:05:57,True,1.628e-07,4.826e-10,372939833.0,1.8,0x2a...576a,https://bscscan.com/tx/0xfac1820ed7976d8faedec27c9c8eda21eeb8fc6f630965a85278ee222f101202
2023-03-22 07:02:45,False,1.623e-07,4.802e-10,306294832.0,1.47084,0x2a...576a,https://bscscan.com/tx/0x65e1a97f697660506a903f3f4e562646da72ea14f8b6f535fe5f96092140a8d5
2023-03-22 07:01:48,False,1.617e-07,4.806e-10,403803238.0,1.94073,0x1b...7f6d,https://bscscan.com/tx/0x773e2536ddd0a887cd94d9afd51778ebddee1acd47b7875eae892809aaef7e2a
2023-03-22 06:59:36,True,1.634e-07,4.83e-10,337430506.0,1.63,0x2a...576a,https://bscscan.com/tx/0x73833a5135b43a151cfeb446162aad2e0314289440d0540cade0b125ab2e42d2
2023-03-22 06:56:18,True,1.623e-07,4.823e-10,914303465.0,4.41,0xde...fa58,https://bscscan.com/tx/0xa6e04ecbbcd6653798a655b339c62252cd997739573c894141decdec5347f8d6
2023-03-22 06:55:42,False,1.622e-07,4.795e-10,320447253.0,1.53681,0x1b...7f6d,https://bscscan.com/tx/0x217cd7fdfcd79b75355b17cea1ad038685d03b4db5a62a5c9db11e6447d726f2
2023-03-22 06:51:30,False,1.614e-07,4.799e-10,389870165.0,1.87135,0x08...af7e,https://bscscan.com/tx/0x77cdfb8ac01ab389a9220978e96fe3362dcd485094b73c7dbfc43e8366aab904
2023-03-22 06:50:12,False,1.624e-07,4.804e-10,400768163.0,1.92548,0xde...fa58,https://bscscan.com/tx/0x452a32eb07224b96d3c10ef777793341f99acfc42069510f6451cc2edd04803e
2023-03-22 06:50:06,False,1.625e-07,4.808e-10,371667065.0,1.78733,0x2a...576a,https://bscscan.com/tx/0xb4c1015ff52e023bf9f0a1b243dfd46f25b55cf8256e1b3a60ef03af9d906fd9
2023-03-22 06:48:09,False,1.618e-07,4.811e-10,12396206.0,0.0596,0xc1...0432,https://bscscan.com/tx/0x40b19b5a634a98ead4a4b6d1630e94b9f2baedc4b969188b4bf00f41db320b87
2023-03-22 06:47:09,False,1.627e-07,4.813e-10,417318316.0,2.00883,0xde...fa58,https://bscscan.com/tx/0x5fa0b07631675f291b5ddb539308fa17a72b109c7df0cd12709f46cf3f6fc4de
2023-03-22 06:46:56,True,1.634e-07,4.834e-10,951457894.0,4.6,0x2a...576a,https://bscscan.com/tx/0x56af2e0128df6f348bd57ad15bc9799900f9e4a2236fbccfd42ac6de2cabb2e4
2023-03-22 06:46:47,False,1.624e-07,4.805e-10,12183407.0,0.0585,0xc4...11a9,https://bscscan.com/tx/0x7c5de784510277d19c451f00fc1724ce4cdcccbece5d10d8ce19a32be3576527
2023-03-22 06:42:15,False,1.616e-07,4.806e-10,281272105.0,1.35202,0x08...af7e,https://bscscan.com/tx/0x093e1d8ed168d98649dade8371303e0b29fb2c8383fcbf03e75f6ad4970cd7f5
2023-03-22 06:37:24,False,1.628e-07,4.815e-10,1175994613.0,5.6627,0x2a...576a,https://bscscan.com/tx/0x6400518209ac08258a9feee7e44ff319f242b4774cb9202127516ddfea3771f2
2023-03-22 06:35:00,True,1.629e-07,4.843e-10,456273966.0,2.21,0xde...fa58,https://bscscan.com/tx/0xbf7e27bd703425bdd99fa23993f4567dd211897d7d180877d0c662f243a484eb
2023-03-22 06:34:24,True,1.627e-07,4.836e-10,682250467.0,3.3,0x1b...7f6d,https://bscscan.com/tx/0x887d2ecc2208b6d4cfbef77d4e2f6107e27511bf64aa275f58c325fa753a38c5
2023-03-22 06:34:15,True,1.624e-07,4.827e-10,859577533.0,4.15,0x2a...576a,https://bscscan.com/tx/0xa944fec3e7292c0869e54ddc75109fda63b146f741f0c18795b723a23c1c22ed
2023-03-22 06:31:57,True,1.622e-07,4.822e-10,1451393.0,0.007,0x17...95e4,https://bscscan.com/tx/0xca290ed1a948a125bb0a13a10d7f04e565d056d921adb52914379f44fd975bde
2023-03-22 06:31:03,False,1.615e-07,4.801e-10,443992857.0,2.1318,0x2a...576a,https://bscscan.com/tx/0x5bb6af7fbd7a50a56799603264859fb5eb7e854524f733d1995689608d35aacc
2023-03-22 06:29:51,True,1.622e-07,4.822e-10,958005126.0,4.62,0x08...af7e,https://bscscan.com/tx/0x0c666d29c8524e533568eb5cf9e954911a6d6668298c7cd8b15c98c005ddbc04
2023-03-22 06:28:18,False,1.614e-07,4.796e-10,707982763.0,3.39619,0x1b...7f6d,https://bscscan.com/tx/0x95088884bdfa5695a06cd7cd2cfeea978748aaf9123aa5f1cf223dd709e0aff5
2023-03-22 06:26:45,False,1.617e-07,4.805e-10,783430272.0,3.76485,0x08...af7e,https://bscscan.com/tx/0xbd63b1769d0185ee58ca76a42abb75831768043b0b34f8ddec499fa261a8097a
2023-03-22 06:25:15,True,1.632e-07,4.83e-10,705982925.0,3.41,0x1b...7f6d,https://bscscan.com/tx/0x7ffa1a124951846f771da242f7cbb401de9f56bb6c7e751f47fed7d95f2adf08
2023-03-22 06:24:42,True,1.62e-07,4.823e-10,451961980.0,2.18,0xec...0165,https://bscscan.com/tx/0x9fd042e7b5486251dd3e402ca83935a78b1364a0c5a6d1a0a6de911ed4c0177e
2023-03-22 06:19:45,True,1.619e-07,4.818e-10,365245818.0,1.76,0xde...fa58,https://bscscan.com/tx/0xa67e893fef6ed07753be252871f0278c4dca6a53b8070056532742aa2099f3ce
2023-03-22 06:19:12,False,1.619e-07,4.794e-10,295324003.0,1.41584,0x1b...7f6d,https://bscscan.com/tx/0x87d34e92fcb0588bd226dcf24286075524683af315f77bc5128f89e15f28084e
2023-03-22 06:17:30,False,1.611e-07,4.797e-10,342379765.0,1.6427,0x08...af7e,https://bscscan.com/tx/0x9a0b953dc8e22e746ebf218610392f5a5ec3a16e175ad66658e2577d8ec7db91
2023-03-22 06:16:00,True,1.62e-07,4.823e-10,16374505.0,0.0789,0xc1...0432,https://bscscan.com/tx/0xbe5d0b069eb133bfd5d2dbee0d0c4ef139f68001b9551be89b7af0c102017309
2023-03-22 06:15:15,False,1.613e-07,4.802e-10,414207000.0,1.98904,0xec...0165,https://bscscan.com/tx/0xdce2e0271b106473434a397aba34780231517ba33888ee7eba9bd465fa103248
2023-03-22 06:15:12,True,1.621e-07,4.826e-10,430994921.0,2.08,0x2a...576a,https://bscscan.com/tx/0x52c013b571ad056966c5f5aa38adc10efb4e2afc28685a5f811ea58da21d6199
2023-03-22 06:13:00,True,1.62e-07,4.823e-10,12101905.0,0.0583,0x4c...a052,https://bscscan.com/tx/0x77e55307d6f046ff492c986384fa493ba0cc3e278c4ddc0922f01ab138ee3ce6
2023-03-22 06:12:03,False,1.621e-07,4.803e-10,651371610.0,3.12859,0x2a...576a,https://bscscan.com/tx/0x7bc81653b8c775cc19534a615bcbe2b66fa250dbf59c99842d33d9971283dbe5
2023-03-22 06:11:21,True,1.621e-07,4.828e-10,453574420.0,2.19,0x08...af7e,https://bscscan.com/tx/0xafa499da9d92e7fddc265a3be4484ea6a71b787f0fd390ebad36435da5c36379
2023-03-22 06:10:03,True,1.62e-07,4.823e-10,317174996.0,1.53,0x1b...7f6d,https://bscscan.com/tx/0xce8491f964f4ca3477fd1a65e29ceae12023817589ab292cb64296cc491d8551
2023-03-22 06:08:57,False,1.612e-07,4.799e-10,342366605.0,1.64332,0xec...0165,https://bscscan.com/tx/0x1f719be5a03a598127b8e685cc3b9b3450a9c75d29ff754d47de2b7fb24e705e
2023-03-22 06:08:51,True,1.62e-07,4.823e-10,364854483.0,1.76,0x2a...576a,https://bscscan.com/tx/0x389533ecbfedba0cdd60df0d67b328c9ce6244711f0ebaeb10c453ab6a3b2154
2023-03-22 06:08:15,False,1.612e-07,4.8e-10,416308827.0,1.9983,0x08...af7e,https://bscscan.com/tx/0xc93202eeea68865744d15c03d6e6e9578c021db6d6220e9075aedff3d6ea6b61
2023-03-22 06:07:00,False,1.622e-07,4.806e-10,645546658.0,3.10261,0x1b...7f6d,https://bscscan.com/tx/0x05561f8e435b6517903538906cc724787c2e88b0f39c607672c28a4fd07f9503
2023-03-22 06:05:51,False,1.616e-07,4.811e-10,335717764.0,1.61542,0xec...0165,https://bscscan.com/tx/0x4b19845b81a061c594c661e3517a517fff9bd2703f0c586b434868060fd0f0df
2023-03-22 06:05:09,False,1.625e-07,4.814e-10,108770548.0,0.5236,0xf8...49ac,https://bscscan.com/tx/0xf11376ea75ef3f4aff461aa67f62a908a47409e322db6f38fec218fc65e350ae
2023-03-22 06:03:57,True,1.631e-07,4.833e-10,918521637.0,4.44,0x1b...7f6d,https://bscscan.com/tx/0x35c4c5fbe0ae77a5bad322d54d62e6b9220400ce896f05ebd3e078376d82fb3d
2023-03-22 06:02:42,True,1.619e-07,4.822e-10,995288415.0,4.8,0xec...0165,https://bscscan.com/tx/0xe7ee10228194b6e49e55b6e298f4fde74df86e578726afc0952abc659cb44571
2023-03-22 06:02:11,True,1.625e-07,4.816e-10,61508391.0,0.2962,0xb0...0b96,https://bscscan.com/tx/0xcdb95f7b75129ddfb700ee7245805d0a07243202cb1dcb9dc17359fa5b320681
2023-03-22 06:00:56,False,1.618e-07,4.797e-10,971482713.0,4.66097,0x1b...7f6d,https://bscscan.com/tx/0x3a2e748caecc50e4c775ed53e4e73e4afd600c835b82ec1c68e9b66e845d13a7
2023-03-22 05:59:35,False,1.622e-07,4.807e-10,674232587.0,3.24123,0xec...0165,https://bscscan.com/tx/0x0020e3e5fbe3b56af41a4865a8f21e32498c6a06a5ff9468bdc31f47b78e2dc4
2023-03-22 05:58:59,True,1.63e-07,4.832e-10,504927389.0,2.44,0x08...af7e,https://bscscan.com/tx/0x731476562d3b20d2186cbc9e4dc3ae309f21acd19a5eca7261e2cca3afcae1c4
2023-03-22 05:57:53,True,1.619e-07,4.823e-10,1059445547.0,5.11,0x1b...7f6d,https://bscscan.com/tx/0xe79b2a3931610b183594b3651f5e7d506c8a679175d360a22e62f698c0cea615
2023-03-22 05:56:11,True,1.617e-07,4.815e-10,344746189.0,1.66,0x2a...576a,https://bscscan.com/tx/0x33709ab3a2a000d21ae83c4e58855350e8b0fe74c4d88b0a57e6cb1b67753520
2023-03-22 05:55:26,False,1.609e-07,4.793e-10,794185880.0,3.80707,0xde...fa58,https://bscscan.com/tx/0x179211c1e88a73d5d27c6a6d60b501a5844ce53cf7af0668ec34da405b7b9572
2023-03-22 05:52:59,False,1.612e-07,4.803e-10,908730307.0,4.36508,0x2a...576a,https://bscscan.com/tx/0x8a1851271fcd0ae6aa679a788b430d5d22a569180b627f1c8ad6e0de7c70cc9b
2023-03-22 05:52:23,True,1.629e-07,4.829e-10,548691428.0,2.65,0xde...fa58,https://bscscan.com/tx/0xeccfd2505a9161e83eadf55edc8f829479508ef40484a39cd4992e4b18a3e567
2023-03-22 05:49:50,True,1.625e-07,4.822e-10,628261722.0,3.03,0x2a...576a,https://bscscan.com/tx/0x8766a225c8a43e22d10eee3aa975e23038437b4aee99258fc5d264ab7c75df14
2023-03-22 05:49:44,False,1.617e-07,4.798e-10,595076727.0,2.85551,0x08...af7e,https://bscscan.com/tx/0xa2956a467bed612d8bd6803c68b98dd99955bb7d5c12da9b61da96a25197add0
2023-03-22 05:46:35,True,1.615e-07,4.82e-10,1008252511.0,4.86,0x08...af7e,https://bscscan.com/tx/0xe5744741354dbd27fbaf5ce3323a5857d73eb69b51eb87c2437788767f8a13a1
2023-03-22 05:43:50,True,1.619e-07,4.81e-10,679770998.0,3.27,0xec...0165,https://bscscan.com/tx/0x74a86cd537f2abe737c0977c7b74cfb9cbaf62372722468950ea64b5d74f5fc7
2023-03-22 05:43:14,False,1.61e-07,4.785e-10,496072628.0,2.37389,0xde...fa58,https://bscscan.com/tx/0xa13305375014c81dd6a65db4583eb19091b9446697a97cebeceba648d90489c3
2023-03-22 05:39:47,True,1.62e-07,4.812e-10,5379147.0,0.0258,0x1f...d4bb,https://bscscan.com/tx/0x93bf2015b67545ba78349dcc73341214da17d114550122a007cc1a1d56016ce8
2023-03-22 05:34:26,False,1.606e-07,4.793e-10,847745327.0,4.06327,0xec...0165,https://bscscan.com/tx/0x5df9ce38349459f1ed49ec5c3e8a0a96ccb64792856072b0354992214e50fe82
2023-03-22 05:31:17,True,1.622e-07,4.816e-10,882317802.0,4.25,0xec...0165,https://bscscan.com/tx/0xf99d19c72270b4edd63946da35d8e705651d8a25e5dc97cbe23458acb6d4efef
2023-03-22 05:31:05,True,1.611e-07,4.807e-10,711368384.0,3.42,0xde...fa58,https://bscscan.com/tx/0x8a2cb90caa85cfc7196646b621bd2ee043896305decdae8a5cbc5a42119afc11
2023-03-22 05:30:47,False,1.602e-07,4.782e-10,475273157.0,2.27289,0x2a...576a,https://bscscan.com/tx/0xb8af69ed63d7480aa3359d829cde6f2bbd39ec8fba6ac37e82b9607b95ddc7c3
2023-03-22 05:30:29,False,1.604e-07,4.788e-10,656147625.0,3.14214,0x1b...7f6d,https://bscscan.com/tx/0xe427996becdb4ef63f9a079692a9b8aedaac6ff77e4cb37af8c8b7b507bf7077
2023-03-22 05:28:05,False,1.607e-07,4.796e-10,654018634.0,3.13687,0x08...af7e,https://bscscan.com/tx/0xf55d945473c0e81c23b3440d835c0eb858912c8abf7938ad374d32b9ab4d3e63
2023-03-22 05:27:38,True,1.623e-07,4.82e-10,589122073.0,2.84,0x2a...576a,https://bscscan.com/tx/0xd3305a398fba2b50aba2ec15b3c65677d64e3419ffd9611381609f38a5b48776
2023-03-22 05:25:02,False,1.607e-07,4.796e-10,551984287.0,2.64756,0xec...0165,https://bscscan.com/tx/0x4cab83cb9ed754d407448302da3a40fbab0f6b1faec7d5df8bf70d51dcc8125f
2023-03-22 05:21:53,True,1.616e-07,4.821e-10,327678161.0,1.58,0x08...af7e,https://bscscan.com/tx/0x48dbfc4888158ccf5c84385ed97100de6dd7f56f3e71f78df1ea285f27c5e0e5
2023-03-22 05:21:17,False,1.617e-07,4.8e-10,845432797.0,4.05868,0x2a...576a,https://bscscan.com/tx/0x0ed6dfa71a70b93482849c14965194f3a9bf3465d67511b63a7dffb1c508d045
2023-03-22 05:18:20,True,1.615e-07,4.827e-10,439182777.0,2.12,0x1b...7f6d,https://bscscan.com/tx/0x268579a22aeff890967556837189a32529197a0a053974173231b63d9caae86d
2023-03-22 05:18:08,True,1.612e-07,4.819e-10,827837463.0,3.99,0x2a...576a,https://bscscan.com/tx/0x9320860ceccccbe54a3ed8059e581dee44128128b0bf4960fb5ad8fe126fe644
2023-03-22 05:15:53,False,1.604e-07,4.793e-10,521065417.0,2.49796,0xde...fa58,https://bscscan.com/tx/0x17e74b20ba32c3a0b5b736e16df6cfc4e83002496256294f687facd1de7ea5e1
2023-03-22 05:15:44,False,1.614e-07,4.8e-10,676086825.0,3.24579,0x08...af7e,https://bscscan.com/tx/0x823366db3ad58d674d99113d876caa6b9a4916e90d7262c50735cf46ee6216f0
2023-03-22 05:15:17,False,1.609e-07,4.809e-10,817132275.0,3.92997,0x1b...7f6d,https://bscscan.com/tx/0xcc55adc2de07041e4e2aa3b0aced760da717f0d09179ea13cbb175e9d3a19a3f
2023-03-22 05:14:56,False,1.62e-07,4.818e-10,815979571.0,3.93215,0x2a...576a,https://bscscan.com/tx/0xf8bc40921fdbaf39a2e825c51c7acd630f27653794e2f03cc1256414ab7187ad
2023-03-22 05:12:38,True,1.628e-07,4.843e-10,807327226.0,3.91,0x08...af7e,https://bscscan.com/tx/0x7a9261b33a07989bca380a57c8f543fe8670eaa1860f3bcad7a99bdf5de40e6f
2023-03-22 05:09:47,True,1.615e-07,4.834e-10,657759703.0,3.18,0xde...fa58,https://bscscan.com/tx/0xeae4598f2f8e426e218f6e6f7dce8feb42fc61d28e0f738cba46a0dd5169dbfe
2023-03-22 05:09:11,True,1.62e-07,4.825e-10,918054750.0,4.43,0x1b...7f6d,https://bscscan.com/tx/0x9d4da8880c42f6846eaab6765844ce49495f739ae9f109a80702d6011d45eda8
2023-03-22 05:08:35,True,1.608e-07,4.814e-10,1026143606.0,4.94,0x2a...576a,https://bscscan.com/tx/0x6b7be0418f33e7270944af76f8571503e6af2759edc5b3d675da139353b121e7
2023-03-22 05:06:08,True,1.613e-07,4.804e-10,566084604.0,2.72,0xec...0165,https://bscscan.com/tx/0xb1d08907f22e09a792fa65c84185bc1ef42339d26ada2509441bcb9c040ba820
2023-03-22 05:04:53,False,1.595e-07,4.777e-10,7501860.0,0.0358,0x15...7d67,https://bscscan.com/tx/0x4f8620cc3bf58fe4c8f7705f5557c88b7fe8c6cf7de3bc42e50a1a442826bdf5
2023-03-22 05:02:59,False,1.597e-07,4.78e-10,477121617.0,2.28089,0xec...0165,https://bscscan.com/tx/0xec2aac1ab56076ad530546e5ad8dff8f97219811b3b86c483e2e0546c2430fcc
2023-03-22 05:02:17,False,1.607e-07,4.785e-10,417990890.0,2.00036,0x2a...576a,https://bscscan.com/tx/0xd75bb934b14f9602e2231467a5e1f05e4f92363a80c1ccee005d28601e534e9c
2023-03-22 05:01:17,False,1.599e-07,4.785e-10,51073.7,2.444e-05,0x53...45f5,https://bscscan.com/tx/0x57148832131ffc9ff124a2cebc36d04efb472bc5a02112d3cb0b0040f9f87444
2023-03-22 05:00:05,False,1.609e-07,4.79e-10,479872143.0,2.29898,0x1b...7f6d,https://bscscan.com/tx/0x891d45afbf7a56504e65883c239cc15bfa4cabeb57284d5a43d03614e8138f48
2023-03-22 04:57:37,False,1.603e-07,4.795e-10,302412504.0,1.45016,0xde...fa58,https://bscscan.com/tx/0x7f07eb2bef5012914fd39d725eae2598b030283bfa5444b2d01797696e08bb62
2023-03-22 04:57:13,True,1.62e-07,4.821e-10,2200000.0,0.0106,0xa0...29a6,https://bscscan.com/tx/0x3d3ae00e3291030caf57205b465a540c2b84393852528108e57956b11942e704
2023-03-22 04:57:10,False,1.613e-07,4.8e-10,613215224.0,2.94378,0x08...af7e,https://bscscan.com/tx/0x8c873d90d9206cad7c11731b476aca9ff7ae4282e4ed555e2a01098f8095cd82
2023-03-22 04:56:43,False,1.607e-07,4.806e-10,374009492.0,1.79759,0xec...0165,https://bscscan.com/tx/0x8517840e89757afd90c050c7011e1f0428c36a4d14440e1e8e71c588fd50bdd5
2023-03-22 04:53:58,True,1.616e-07,4.832e-10,1034652.0,0.005,0xc6...bf92,https://bscscan.com/tx/0x29074a68ceee21058cf6f60df047143b4a2a06225079e5d2ebc5b9fc182c4392
2023-03-22 04:50:37,True,1.616e-07,4.832e-10,22753962.0,0.1099,0xc6...bf92,https://bscscan.com/tx/0xcda730666f0954797e0158d8209579c793628a565b465a3d5268b57203794c80
2023-03-22 04:50:28,False,1.608e-07,4.809e-10,257965950.0,1.24072,0xec...0165,https://bscscan.com/tx/0x0cccd5738acd9e9fe199fe8b8215008d267ac43506807aff12eafdbe1828fa74
2023-03-22 04:49:34,False,1.618e-07,4.812e-10,280479202.0,1.34988,0x2a...576a,https://bscscan.com/tx/0xda980c750a7563f836a7c24437c6dcd72710028d82cfe0596d852abbec257867
2023-03-22 04:48:28,False,1.611e-07,4.818e-10,692519896.0,3.33683,0xde...fa58,https://bscscan.com/tx/0x6296e7a72d7693961b3d71d1336397a7533c018fb63a4fa42b02ff0b70383365
2023-03-22 04:47:55,True,1.627e-07,4.841e-10,850953950.0,4.12,0x08...af7e,https://bscscan.com/tx/0x90df6c83beb544d505a68c76af1c976169e379d5d9a91fa452c2d09e9ba5b7e6
2023-03-22 04:47:19,True,1.624e-07,4.833e-10,508927573.0,2.46,0xec...0165,https://bscscan.com/tx/0xae6974b9c298417b5d7d618970edfb08c108625054436130af683f81e94aeccd
2023-03-22 04:46:22,True,1.622e-07,4.828e-10,437017018.0,2.11,0x2a...576a,https://bscscan.com/tx/0xa405d446d1d35c22888513435095219ec5dec093460784ae6f42439cbbbd2037
2023-03-22 04:45:25,True,1.612e-07,4.823e-10,425031045.0,2.05,0xde...fa58,https://bscscan.com/tx/0x0450963e5f28c881bb01a8058a44df6101a967a732ca40acd18297c994308064
2023-03-22 04:44:49,False,1.606e-07,4.802e-10,948594674.0,4.55526,0x08...af7e,https://bscscan.com/tx/0xd7608b15404d6262137c7bec565fbe6a6b39cb9f4672403f182a7417bf6c8565
2023-03-22 04:44:10,True,1.623e-07,4.829e-10,364420206.0,1.76,0xec...0165,https://bscscan.com/tx/0x076b1ca3c9127b63465137d763b669358681bb2da7d7abcbf50d6e76dc86aa81
2023-03-22 04:41:43,True,1.621e-07,4.824e-10,553453715.0,2.67,0x08...af7e,https://bscscan.com/tx/0xf8c974d4f38fd738b51f1280d11eef1fcc67f66d839e15acdc0933b15c69e77d
2023-03-22 04:39:20,False,1.605e-07,4.798e-10,264575255.0,1.26956,0xde...fa58,https://bscscan.com/tx/0xd8e2a9f76f0cbf5aeb65ea7bda26fa8917ba2077fcb24772018e6103172caaaf
2023-03-22 04:37:53,False,1.615e-07,4.802e-10,500652290.0,2.40459,0xec...0165,https://bscscan.com/tx/0xc9295ca754cad6a012dbfa24160f96bb60dcc95775ac0f61b99c6e47c70633b9
2023-03-22 04:36:35,True,1.617e-07,4.829e-10,10200000.0,0.0492,0x62...04d4,https://bscscan.com/tx/0xe592159d0024074ea4149d9e427628c2e6838f4636cedb6562e03dc564fa10be
2023-03-22 04:36:17,True,1.623e-07,4.825e-10,710784041.0,3.43,0xde...fa58,https://bscscan.com/tx/0xeaab8c47b93ed95c4f53310aa1e26456bcea04498d6714585d75dfdca81b3c4d
2023-03-22 04:33:44,False,1.607e-07,4.8e-10,513139766.0,2.46328,0x2a...576a,https://bscscan.com/tx/0x5f666e2df80b7a77ddb1b5243b8cba371e45f293c4f6bac4a6981d4d6eac3b5f
2023-03-22 04:33:17,False,1.608e-07,4.807e-10,641328287.0,3.08292,0xde...fa58,https://bscscan.com/tx/0x4b756c7f416a004d4793958a7bb7a3891f6f8b9501d9f9326aad5b88f16a1bd5
2023-03-22 04:31:44,False,1.608e-07,4.808e-10,114604.0,5.51e-05,0x53...45f5,https://bscscan.com/tx/0x55850de20ae0024d33ae376e49dc345f231eb1f503b5cedcdc14bb098f3db9c6
2023-03-22 04:30:32,True,1.615e-07,4.829e-10,923481978.0,4.46,0x2a...576a,https://bscscan.com/tx/0xb56e54367952fdf1edafc03e98034a73dd9331bedef75e2aff848c84d528a61a
2023-03-22 04:29:38,True,1.612e-07,4.82e-10,560058161.0,2.7,0x1b...7f6d,https://bscscan.com/tx/0x2733a16b877dfc2813cd5ddca5eb445c35ca315962017955534ea788237f1593
2023-03-22 04:24:14,False,1.606e-07,4.796e-10,552262808.0,2.6491,0x2a...576a,https://bscscan.com/tx/0x97c63656c61c7d39bb575d1506f663be5fde823ed71dd913a946925d7ef7f4c4
2023-03-22 04:24:08,True,1.614e-07,4.821e-10,518557896.0,2.5,0xde...fa58,https://bscscan.com/tx/0xa4bc14e97804f2758755d09887e21afa814a421a77db54ac1cbec1b91dcfbde3
2023-03-22 04:21:02,False,1.606e-07,4.796e-10,370195438.0,1.77551,0x2a...576a,https://bscscan.com/tx/0xed5777688f13069e386d99ac24d57ab4cc69efdfa032661fd3395e1e4c05a24a
2023-03-22 04:20:29,False,1.615e-07,4.8e-10,463304509.0,2.22429,0x1b...7f6d,https://bscscan.com/tx/0x3e688b94c0859bd63ca47d5c91e5df15e458f3407c6ce63602822079079e5392
2023-03-22 04:18:47,True,1.624e-07,4.827e-10,9321287.0,0.045,0xa4...4ffe,https://bscscan.com/tx/0x25c071cf1e03d7fc0df2c0fa5c3a31edff15df971badec52ec723243bbec3487
2023-03-22 04:17:56,True,1.616e-07,4.827e-10,2589.28,1.25e-06,0xd7...93f6,https://bscscan.com/tx/0x8a4004a2487176b4b980cedf9d9c258057c91455236ea12ae33063fec5b51e6f
2023-03-22 04:17:56,True,1.616e-07,4.827e-10,1030533.0,0.0049,0xd7...93f6,https://bscscan.com/tx/0x8a4004a2487176b4b980cedf9d9c258057c91455236ea12ae33063fec5b51e6f
2023-03-22 04:16:59,False,1.616e-07,4.806e-10,508707053.0,2.44506,0x08...af7e,https://bscscan.com/tx/0xe939345ba8795fc9d83653cbe1427be0fac1fee0465a10ce86fdb978f6372b1f
2023-03-22 04:16:05,True,1.625e-07,4.833e-10,41379900.0,0.2,0xe5...1d00,https://bscscan.com/tx/0x3c9f7f2197322b49b73d67d1ffb40632bc3225a7d4add96c4cc24902c3496260
2023-03-22 04:12:38,True,1.616e-07,4.833e-10,827641.0,0.004,0x38...5f66,https://bscscan.com/tx/0x851dbc1f1b8cd1ab480f68c99b42275c68c344414c610910e2af189597743f43
2023-03-22 04:09:38,False,1.609e-07,4.81e-10,252315742.0,1.21372,0xec...0165,https://bscscan.com/tx/0x762ad553a24166c36d2f5f08227dae3678b0b8e374b5c5a6907e7999b23725ed
2023-03-22 04:08:23,True,1.617e-07,4.833e-10,409636609.0,1.98,0x2a...576a,https://bscscan.com/tx/0x671aedf0811fa2a36e100e71ed17861731adbb3eff21efd4013d29cc0c6fb95f
2023-03-22 04:08:20,False,1.608e-07,4.808e-10,322125786.0,1.54907,0x1b...7f6d,https://bscscan.com/tx/0x273a397ee4864f6a68e6e0c1197db0d199a4ad7ee55d9ff517a27e9056590c58
2023-03-22 04:07:44,True,1.624e-07,4.83e-10,695528722.0,3.36,0x08...af7e,https://bscscan.com/tx/0x2007bcf6ba79a7353eb19fdf9456abfdbd365368e0bf7d4e09ae544f63c37a8a
2023-03-22 04:05:50,False,1.605e-07,4.803e-10,150534340.0,0.7231,0x1b...58b2,https://bscscan.com/tx/0x3fdbd3b1dbdf4fb69707bb57618f4229cc568247cfb8e1ff53e76d16b550801d
2023-03-22 04:05:17,True,1.612e-07,4.826e-10,416482168.0,2.01,0x1b...7f6d,https://bscscan.com/tx/0xf13ed40db70ce463d948e65a8d7424d01e7a96324251d1273b59e26c59b39795
2023-03-22 04:02:17,True,1.611e-07,4.821e-10,323528029.0,1.56,0x1b...7f6d,https://bscscan.com/tx/0x809e44d2e599be6f85c843d54dfc0ee8beae5e204ada07d0320d7bd0656a935c
2023-03-22 04:01:41,True,1.619e-07,4.819e-10,76654333.0,0.3694,0x1d...cf62,https://bscscan.com/tx/0x53a98186075599a7f6d70fc50fcad0d13d5c47fd04a76e2939525a6e8c1362b8
2023-03-22 03:59:14,False,1.603e-07,4.797e-10,487882643.0,2.34077,0x1b...7f6d,https://bscscan.com/tx/0x7cd87d919743e4834578aedbc7fa7a1712b0ccf18603f678d8a9f2cdbed3c9be
2023-03-22 03:58:50,False,1.604e-07,4.802e-10,265349817.0,1.27425,0x2a...576a,https://bscscan.com/tx/0xd41d6f31aeb3bf4f7e0ed2aa246b8bf0ff90062a879a60bce2775fe9f6d37b2b
2023-03-22 03:53:08,True,1.619e-07,4.824e-10,501566577.0,2.42,0x1b...7f6d,https://bscscan.com/tx/0x3560e01ca4f157e575e91d385bf24f19a64f77ff59a4bad3f02d25a9b114fca8
2023-03-22 03:50:05,False,1.611e-07,4.802e-10,755158233.0,3.62646,0x1b...7f6d,https://bscscan.com/tx/0x377d54997d8f7d30a5161def49de608c938cdeef182c293db56bdf9a8cc97dff
2023-03-22 03:47:02,True,1.612e-07,4.828e-10,430800461.0,2.08,0x1b...7f6d,https://bscscan.com/tx/0x6f06620f4e7614ffb5f2dc6bd07a9ac6217ac58033143496d68361722e7c616f
2023-03-22 03:46:08,True,1.617e-07,4.823e-10,445768936.0,2.15,0x2a...576a,https://bscscan.com/tx/0x8c7e4aa55fb4557b94ed5cf691c925e4e93e9dfd46f23f12e3b5924638573e94
2023-03-22 03:44:35,False,1.61e-07,4.799e-10,555507934.0,2.66626,0xde...fa58,https://bscscan.com/tx/0x60779a20a81b2feaa1f5f3a0748d7836077573183f3706cee8ad1abe79a51f1d
2023-03-22 03:41:32,True,1.618e-07,4.823e-10,524468891.0,2.53,0xde...fa58,https://bscscan.com/tx/0xb4ada01cd127868b7f671ba6bb74903f479df100e35650e19ed3de3ee190e583
2023-03-22 03:41:20,True,1.616e-07,4.817e-10,595753768.0,2.87,0xec...0165,https://bscscan.com/tx/0x6525daf71b4855cae5f01c8c52e8f055a63e323cf4d364f80cb0038a4e479c8b
2023-03-22 03:35:29,False,1.608e-07,4.792e-10,504528262.0,2.41813,0xde...fa58,https://bscscan.com/tx/0x13d36f3e6609e4fc48fc3ec1cc004c306651fe80f89c171865a321675733317e
2023-03-22 03:31:56,True,1.616e-07,4.817e-10,452546439.0,2.18,0xec...0165,https://bscscan.com/tx/0x33ee372632a5b0656a430806412faaa396fce4c7f3069e04e2f3db37eabba9e2
2023-03-22 03:30:17,False,1.601e-07,4.794e-10,696232540.0,3.33811,0x2a...576a,https://bscscan.com/tx/0x8708520318ae44cd75b8df52b2b6a9f2cb1074c61b0bc31cb9291f170ddc6f80
2023-03-22 03:29:23,True,1.617e-07,4.82e-10,412844053.0,1.99,0xde...fa58,https://bscscan.com/tx/0x04a7acbcd07b557282febc25b1d852f1f8bb10dd88eff3c4de3c1ecd862af666
2023-03-22 03:28:47,False,1.611e-07,4.8e-10,1116883004.0,5.36128,0xec...0165,https://bscscan.com/tx/0x3886226c32d78c9193347c45a7249a6a72b3e87f489a2aa4e4953b5a97864576
2023-03-22 03:27:08,True,1.62e-07,4.828e-10,343772680.0,1.66,0x2a...576a,https://bscscan.com/tx/0xf4a12b43f48a67c8f6c453904ec7c5fba686041c34ca8ad371c4f54e1e5f9704
2023-03-22 03:26:20,True,1.61e-07,4.824e-10,391750785.0,1.89,0xde...fa58,https://bscscan.com/tx/0x637ea0d1d046208c8e8a996eaf6e1cd54e85d349610b404ce80c2499d24cb4fe
2023-03-22 03:25:44,False,1.601e-07,4.8e-10,338080803.0,1.62282,0x1b...7f6d,https://bscscan.com/tx/0xb6ef4cd77b8368c6e7e15ad292bd1fda0e81f6ec38702a73a0a7229ae3dd4be5
2023-03-22 03:25:38,True,1.608e-07,4.819e-10,1066402749.0,5.14,0xec...0165,https://bscscan.com/tx/0x821a4cf5b1beffc76d4d232a690e6b4ad7071b050dfd418422f3281c6dd101b3
2023-03-22 03:23:41,True,1.613e-07,4.813e-10,16200000.0,0.0779,0x60...6612,https://bscscan.com/tx/0xaa91e7b3fba32c69d29b009ff1e8aa7095ef4ba488ec0d5dd82881ff4d0be736
2023-03-22 03:22:41,False,1.597e-07,4.791e-10,414117531.0,1.98442,0x1b...7f6d,https://bscscan.com/tx/0x288df0de28613a7feb83d76725ad61abca0eaacfa28533cf8d18516ce6da14be
2023-03-22 03:22:29,False,1.599e-07,4.797e-10,522086392.0,2.50461,0xec...0165,https://bscscan.com/tx/0x76e891b5ef27820f8a31e800b4c6652f59c90c1e054582fab1432cf0e42918ba
2023-03-22 03:21:23,False,1.601e-07,4.802e-10,336904824.0,1.61791,0x08...af7e,https://bscscan.com/tx/0x2469d1aef99a1145919b931fd80fa17e9b1927c0d8df571af46e264fd6386d92
2023-03-22 03:17:12,False,1.611e-07,4.81e-10,1017509690.0,4.89432,0xde...fa58,https://bscscan.com/tx/0xe725472be177bb8f7f2af6b597f0da2ee11a6cc5782a21bd2de7e35208a1240f
2023-03-22 03:16:12,False,1.614e-07,4.819e-10,555620824.0,2.67765,0xec...0165,https://bscscan.com/tx/0x5edebe23ed703481de9d565890621a1d9a5c39ed482916e59d1c4d27c5cfd0d4
2023-03-22 03:15:12,True,1.622e-07,4.844e-10,416994667.0,2.02,0x08...af7e,https://bscscan.com/tx/0x7eaf7dba7a0eede02ee33a09fa53c6a85f846b3d5e9355c63c15625dd682c69b
2023-03-22 03:13:15,True,1.614e-07,4.841e-10,4324529.0,0.0209,0x38...e79b,https://bscscan.com/tx/0x765f20e74b187e6fef6849db695ffc650ced8e4a04ed3f47b6951f41d8791cd9
2023-03-22 03:09:03,False,1.615e-07,4.82e-10,451378075.0,2.17571,0x08...af7e,https://bscscan.com/tx/0x1f19e1e40e328af2f7c014f2864bd1cf4bb201e0073d6d13bf8841f0795978f7
2023-03-22 03:07:30,True,1.622e-07,4.842e-10,807477394.0,3.91,0x1b...7f6d,https://bscscan.com/tx/0x61a3e8e17586ae5e836db1642f6c56ebe53b71e3f6d06eea11375221b7e2b4b3
2023-03-22 03:07:24,False,1.621e-07,4.838e-10,4351447412.0,21.0555,0x85...3e92,https://bscscan.com/tx/0x79f75e0bb415a78b2eb994dcb68c032779969431fb0758ef6236cb914887c907
2023-03-22 03:05:00,True,1.627e-07,4.884e-10,603890132.0,2.95,0xde...fa58,https://bscscan.com/tx/0x1f8dec46fe94474db252239268bbc08c3e84c3e89b22512812bc3229c6cb3265
2023-03-22 03:04:27,False,1.619e-07,4.859e-10,501010721.0,2.43491,0x1b...7f6d,https://bscscan.com/tx/0x079ab39ce293d656cc49e879c8bf2285fa4f3a8a1efc73dd9b0a3d842d4285f9
2023-03-22 03:03:39,True,1.635e-07,4.885e-10,350032123.0,1.71,0xec...0165,https://bscscan.com/tx/0x3afcf0bddbe7cd37a8167d8e2ca975d8538a0b75ee24fe08b9f12094c55f0899
2023-03-22 03:02:48,True,1.626e-07,4.883e-10,5496368.0,0.0268,0xfd...a64b,https://bscscan.com/tx/0x6b6fa8c857490e212535a898b55e0687ed76d2d51007b98c4058f11b6ee65071
2023-03-22 02:59:45,True,1.625e-07,4.879e-10,608665345.0,2.97,0x08...af7e,https://bscscan.com/tx/0xf6a3fbff249e48be90cc81d66e722a527c02787fba1a13596534b18e366df09f
2023-03-22 02:58:33,False,1.625e-07,4.853e-10,336512030.0,1.63328,0x2a...576a,https://bscscan.com/tx/0x83ebe5e0a7feaca1ba8eadfea88fa43f66bd2ebdf8f7e0cedde8e5a42f057cf8
2023-03-22 02:57:21,True,1.624e-07,4.877e-10,438766655.0,2.14,0xec...0165,https://bscscan.com/tx/0x4a5b3a7b04c3840e9c7db3e089f767e364a09374b1222825f0f3f780b9c61256
2023-03-22 02:55:18,False,1.624e-07,4.852e-10,278828664.0,1.35288,0x1b...7f6d,https://bscscan.com/tx/0x04a26991e233b2d18d77df1e2b9acc9c8507e1fcf54a92efebecf2b0b2a3d9d0
2023-03-22 02:49:12,True,1.619e-07,4.872e-10,890668868.0,4.34,0x1b...7f6d,https://bscscan.com/tx/0x294452b352bc4e5f9183b55f580f615986811d3c58e4937003e46428e024e6d0
2023-03-22 02:49:03,True,1.615e-07,4.861e-10,1102652148.0,5.36,0x2a...576a,https://bscscan.com/tx/0x505de9ffcd3095cd407f9e42b27284d21759e515ae2a44222f3115b3d959296c
2023-03-22 02:45:54,False,1.605e-07,4.836e-10,1007100590.0,4.87051,0x2a...576a,https://bscscan.com/tx/0x153af2f332f1547275127dbc2ad4e7d233d7d36338a7ffd2fb8b53d740508204
2023-03-22 02:44:51,False,1.616e-07,4.844e-10,492899536.0,2.38806,0xec...0165,https://bscscan.com/tx/0x34db6984a246a22c1a8cb1b1d25a411c90421d83a60ec37da955de088f44e4a3
2023-03-22 02:44:18,False,1.61e-07,4.853e-10,1054095168.0,5.11657,0x08...af7e,https://bscscan.com/tx/0xe1a8ea4ae33d1ba9691392282ac994a4f04472dc0cf84e3f3fb2df9372434169
2023-03-22 02:43:33,False,1.62e-07,4.86e-10,8791581.0,0.0427,0x2c...1ed4,https://bscscan.com/tx/0x3a9686debe92df527aeb3cf07cfa6ce4e377688a13fe569a7f3fffae276bf4ab
2023-03-22 02:41:45,False,1.612e-07,4.86e-10,9282839.0,0.0451,0x9d...8f37,https://bscscan.com/tx/0x642f85787e103488f2560ffc013d3a47c939699bd7fc3900d7567b7add8ddf25
2023-03-22 02:40:42,True,1.619e-07,4.882e-10,327678615.0,1.6,0xde...fa58,https://bscscan.com/tx/0xafef72bcf0db4c0ea6cc13a9384095f9c6e4b8b3ab6102f64a3c8601269ea3fa
2023-03-22 02:38:30,True,1.618e-07,4.878e-10,397659588.0,1.94,0xec...0165,https://bscscan.com/tx/0x3400ae51bde67671218b7dc0c0c0920e6cf3f2e8c59af670a2d032d416265791
2023-03-22 02:36:21,False,1.61e-07,4.853e-10,293345734.0,1.42377,0x2a...576a,https://bscscan.com/tx/0x4168d7956c088a9dd09e76eba21af200cb2d82dc67bb8d1e60d2b849550e646a
2023-03-22 02:35:00,True,1.617e-07,4.874e-10,884206168.0,4.31,0x08...af7e,https://bscscan.com/tx/0xf576b3a5c0cbf2353e0d36983a7d12a934e1d2da6d1bfe52ca4ea0033fd3477e
2023-03-22 02:34:33,False,1.617e-07,4.85e-10,982861632.0,4.76753,0xde...fa58,https://bscscan.com/tx/0x1ac9c67c2249ac4de289ef7161ea7708863c5513ae304efc853d3af2ba9aae36
