datetime,buy_order,price_USD,price_native,amount_token,total_native,maker,etherscan_url
2023-03-22 08:15:15,False,1.618e-07,4.789e-10,12509565.0,0.0599,0x3b...bb17,https://bscscan.com/tx/0x43fe888383cb7672748acf1de66bf1e5ec6f980df65922fd2080d1751c998e5e
2023-03-22 08:14:39,False,1.618e-07,4.789e-10,8127448.0,0.0389,0xca...2f4b,https://bscscan.com/tx/0x58512b33824a9aad71da1be9e66b4ba560751dcacc2bce683e088a7eb9365874
2023-03-22 07:21:15,False,1.616e-07,4.791e-10,306528325.0,1.46878,0xec...0165,https://bscscan.com/tx/0xdbde897fb0e798ff34bc8001351cfa8965cfa8390c8c54e8081da72a25701796
2023-03-22 07:18:06,True,1.613e-07,4.812e-10,897706022.0,4.32,0xec...0165,https://bscscan.com/tx/0xff58d9f3a7a79c522fb34a7c72053a12fe68210e27d0ce462034c3e3c032dba5
2023-03-22 07:12:18,False,1.605e-07,4.786e-10,647707902.0,3.10045,0x2a...576a,https://bscscan.com/tx/0x2d974c613135897f9514daccddd690dd6299fb545d7a5d528b9f7a3ba5379d13
2023-03-22 07:08:42,False,1.616e-07,4.792e-10,324001784.0,1.55274,0xec...0165,https://bscscan.com/tx/0x3f1cf65111c61b16421d283854abca1b824f8486bc0f47201aa8ec8e213eb8df
2023-03-22 07:08:27,False,1.618e-07,4.799e-10,896457830.0,4.30247,0xde...fa58,https://bscscan.com/tx/0x678ab6948573c3fb9d907df35b5950b0a52f568513dfa95bb8fe7f98d10676b3
2023-03-22 07:05:57,True,1.628e-07,4.826e-10,372939833.0,1.8,0x2a...576a,https://bscscan.com/tx/0xfac1820ed7976d8faedec27c9c8eda21eeb8fc6f630965a85278ee222f101202
2023-03-22 07:02:45,False,1.623e-07,4.802e-10,306294832.0,1.47084,0x2a...576a,https://bscscan.com/tx/0x65e1a97f697660506a903f3f4e562646da72ea14f8b6f535fe5f96092140a8d5
2023-03-22 07:01:48,False,1.617e-07,4.806e-10,403803238.0,1.94073,0x1b...7f6d,https://bscscan.com/tx/0x773e2536ddd0a887cd94d9afd51778ebddee1acd47b7875eae892809aaef7e2a
2023-03-22 06:59:36,True,1.634e-07,4.83e-10,337430506.0,1.63,0x2a...576a,https://bscscan.com/tx/0x73833a5135b43a151cfeb446162aad2e0314289440d0540cade0b125ab2e42d2
2023-03-22 06:56:18,True,1.623e-07,4.823e-10,914303465.0,4.41,0xde...fa58,https://bscscan.com/tx/0xa6e04ecbbcd6653798a655b339c62252cd997739573c894141decdec5347f8d6
2023-03-22 06:55:42,False,1.622e-07,4.795e-10,320447253.0,1.53681,0x1b...7f6d,https://bscscan.com/tx/0x217cd7fdfcd79b75355b17cea1ad038685d03b4db5a62a5c9db11e6447d726f2
2023-03-22 06:51:30,False,1.614e-07,4.799e-10,389870165.0,1.87135,0x08...af7e,https://bscscan.com/tx/0x77cdfb8ac01ab389a9220978e96fe3362dcd485094b73c7dbfc43e8366aab904
2023-03-22 06:50:12,False,1.624e-07,4.804e-10,400768163.0,1.92548,0xde...fa58,https://bscscan.com/tx/0x452a32eb07224b96d3c10ef777793341f99acfc42069510f6451cc2edd04803e
2023-03-22 06:50:06,False,1.625e-07,4.808e-10,371667065.0,1.78733,0x2a...576a,https://bscscan.com/tx/0xb4c1015ff52e023bf9f0a1b243dfd46f25b55cf8256e1b3a60ef03af9d906fd9
2023-03-22 06:48:09,False,1.618e-07,4.811e-10,12396206.0,0.0596,0xc1...0432,https://bscscan.com/tx/0x40b19b5a634a98ead4a4b6d1630e94b9f2baedc4b969188b4bf00f41db320b87
2023-03-22 06:47:09,False,1.627e-07,4.813e-10,417318316.0,2.00883,0xde...fa58,https://bscscan.com/tx/0x5fa0b07631675f291b5ddb539308fa17a72b109c7df0cd12709f46cf3f6fc4de
2023-03-22 06:46:56,True,1.634e-07,4.834e-10,951457894.0,4.6,0x2a...576a,https://bscscan.com/tx/0x56af2e0128df6f348bd57ad15bc9799900f9e4a2236fbccfd42ac6de2cabb2e4
2023-03-22 06:46:47,False,1.624e-07,4.805e-10,12183407.0,0.0585,0xc4...11a9,https://bscscan.com/tx/0x7c5de784510277d19c451f00fc1724ce4cdcccbece5d10d8ce19a32be3576527
2023-03-22 06:42:15,False,1.616e-07,4.806e-10,281272105.0,1.35202,0x08...af7e,https://bscscan.com/tx/0x093e1d8ed168d98649dade8371303e0b29fb2c8383fcbf03e75f6ad4970cd7f5
2023-03-22 06:37:24,False,1.628e-07,4.815e-10,1175994613.0,5.6627,0x2a...576a,https://bscscan.com/tx/0x6400518209ac08258a9feee7e44ff319f242b4774cb9202127516ddfea3771f2
2023-03-22 06:35:00,True,1.629e-07,4.843e-10,456273966.0,2.21,0xde...fa58,https://bscscan.com/tx/0xbf7e27bd703425bdd99fa23993f4567dd211897d7d180877d0c662f243a484eb
2023-03-22 06:34:24,True,1.627e-07,4.836e-10,682250467.0,3.3,0x1b...7f6d,https://bscscan.com/tx/0x887d2ecc2208b6d4cfbef77d4e2f6107e27511bf64aa275f58c325fa753a38c5
2023-03-22 06:34:15,True,1.624e-07,4.827e-10,859577533.0,4.15,0x2a...576a,https://bscscan.com/tx/0xa944fec3e7292c0869e54ddc75109fda63b146f741f0c18795b723a23c1c22ed
2023-03-22 06:31:57,True,1.622e-07,4.822e-10,1451393.0,0.007,0x17...95e4,https://bscscan.com/tx/0xca290ed1a948a125bb0a13a10d7f04e565d056d921adb52914379f44fd975bde
2023-03-22 06:31:03,False,1.615e-07,4.801e-10,443992857.0,2.1318,0x2a...576a,https://bscscan.com/tx/0x5bb6af7fbd7a50a56799603264859fb5eb7e854524f733d1995689608d35aacc
2023-03-22 06:29:51,True,1.622e-07,4.822e-10,958005126.0,4.62,0x08...af7e,https://bscscan.com/tx/0x0c666d29c8524e533568eb5cf9e954911a6d6668298c7cd8b15c98c005ddbc04
2023-03-22 06:28:18,False,1.614e-07,4.796e-10,707982763.0,3.39619,0x1b...7f6d,https://bscscan.com/tx/0x95088884bdfa5695a06cd7cd2cfeea978748aaf9123aa5f1cf223dd709e0aff5
2023-03-22 06:26:45,False,1.617e-07,4.805e-10,783430272.0,3.76485,0x08...af7e,https://bscscan.com/tx/0xbd63b1769d0185ee58ca76a42abb75831768043b0b34f8ddec499fa261a8097a
2023-03-22 06:25:15,True,1.632e-07,4.83e-10,705982925.0,3.41,0x1b...7f6d,https://bscscan.com/tx/0x7ffa1a124951846f771da242f7cbb401de9f56bb6c7e751f47fed7d95f2adf08
2023-03-22 06:24:42,True,1.62e-07,4.823e-10,451961980.0,2.18,0xec...0165,https://bscscan.com/tx/0x9fd042e7b5486251dd3e402ca83935a78b1364a0c5a6d1a0a6de911ed4c0177e
2023-03-22 06:19:45,True,1.619e-07,4.818e-10,365245818.0,1.76,0xde...fa58,https://bscscan.com/tx/0xa67e893fef6ed07753be252871f0278c4dca6a53b8070056532742aa2099f3ce
2023-03-22 06:19:12,False,1.619e-07,4.794e-10,295324003.0,1.41584,0x1b...7f6d,https://bscscan.com/tx/0x87d34e92fcb0588bd226dcf24286075524683af315f77bc5128f89e15f28084e
2023-03-22 06:17:30,False,1.611e-07,4.797e-10,342379765.0,1.6427,0x08...af7e,https://bscscan.com/tx/0x9a0b953dc8e22e746ebf218610392f5a5ec3a16e175ad66658e2577d8ec7db91
2023-03-22 06:16:00,True,1.62e-07,4.823e-10,16374505.0,0.0789,0xc1...0432,https://bscscan.com/tx/0xbe5d0b069eb133bfd5d2dbee0d0c4ef139f68001b9551be89b7af0c102017309
2023-03-22 06:15:15,False,1.613e-07,4.802e-10,414207000.0,1.98904,0xec...0165,https://bscscan.com/tx/0xdce2e0271b106473434a397aba34780231517ba33888ee7eba9bd465fa103248
2023-03-22 06:15:12,True,1.621e-07,4.826e-10,430994921.0,2.08,0x2a...576a,https://bscscan.com/tx/0x52c013b571ad056966c5f5aa38adc10efb4e2afc28685a5f811ea58da21d6199
2023-03-22 06:13:00,True,1.62e-07,4.823e-10,12101905.0,0.0583,0x4c...a052,https://bscscan.com/tx/0x77e55307d6f046ff492c986384fa493ba0cc3e278c4ddc0922f01ab138ee3ce6
2023-03-22 06:12:03,False,1.621e-07,4.803e-10,651371610.0,3.12859,0x2a...576a,https://bscscan.com/tx/0x7bc81653b8c775cc19534a615bcbe2b66fa250dbf59c99842d33d9971283dbe5
2023-03-22 06:11:21,True,1.621e-07,4.828e-10,453574420.0,2.19,0x08...af7e,https://bscscan.com/tx/0xafa499da9d92e7fddc265a3be4484ea6a71b787f0fd390ebad36435da5c36379
2023-03-22 06:10:03,True,1.62e-07,4.823e-10,317174996.0,1.53,0x1b...7f6d,https://bscscan.com/tx/0xce8491f964f4ca3477fd1a65e29ceae12023817589ab292cb64296cc491d8551
2023-03-22 06:08:57,False,1.612e-07,4.799e-10,342366605.0,1.64332,0xec...0165,https://bscscan.com/tx/0x1f719be5a03a598127b8e685cc3b9b3450a9c75d29ff754d47de2b7fb24e705e
2023-03-22 06:08:51,True,1.62e-07,4.823e-10,364854483.0,1.76,0x2a...576a,https://bscscan.com/tx/0x389533ecbfedba0cdd60df0d67b328c9ce6244711f0ebaeb10c453ab6a3b2154
2023-03-22 06:08:15,False,1.612e-07,4.8e-10,416308827.0,1.9983,0x08...af7e,https://bscscan.com/tx/0xc93202eeea68865744d15c03d6e6e9578c021db6d6220e9075aedff3d6ea6b61
2023-03-22 06:07:00,False,1.622e-07,4.806e-10,645546658.0,3.10261,0x1b...7f6d,https://bscscan.com/tx/0x05561f8e435b6517903538906cc724787c2e88b0f39c607672c28a4fd07f9503
2023-03-22 06:05:51,False,1.616e-07,4.811e-10,335717764.0,1.61542,0xec...0165,https://bscscan.com/tx/0x4b19845b81a061c594c661e3517a517fff9bd2703f0c586b434868060fd0f0df
2023-03-22 06:05:09,False,1.625e-07,4.814e-10,108770548.0,0.5236,0xf8...49ac,https://bscscan.com/tx/0xf11376ea75ef3f4aff461aa67f62a908a47409e322db6f38fec218fc65e350ae
2023-03-22 06:03:57,True,1.631e-07,4.833e-10,918521637.0,4.44,0x1b...7f6d,https://bscscan.com/tx/0x35c4c5fbe0ae77a5bad322d54d62e6b9220400ce896f05ebd3e078376d82fb3d
2023-03-22 06:02:42,True,1.619e-07,4.822e-10,995288415.0,4.8,0xec...0165,https://bscscan.com/tx/0xe7ee10228194b6e49e55b6e298f4fde74df86e578726afc0952abc659cb44571
2023-03-22 06:02:11,True,1.625e-07,4.816e-10,61508391.0,0.2962,0xb0...0b96,https://bscscan.com/tx/0xcdb95f7b75129ddfb700ee7245805d0a07243202cb1dcb9dc17359fa5b320681
2023-03-22 06:00:56,False,1.618e-07,4.797e-10,971482713.0,4.66097,0x1b...7f6d,https://bscscan.com/tx/0x3a2e748caecc50e4c775ed53e4e73e4afd600c835b82ec1c68e9b66e845d13a7
2023-03-22 05:59:35,False,1.622e-07,4.807e-10,674232587.0,3.24123,0xec...0165,https://bscscan.com/tx/0x0020e3e5fbe3b56af41a4865a8f21e32498c6a06a5ff9468bdc31f47b78e2dc4
2023-03-22 05:58:59,True,1.63e-07,4.832e-10,504927389.0,2.44,0x08...af7e,https://bscscan.com/tx/0x731476562d3b20d2186cbc9e4dc3ae309f21acd19a5eca7261e2cca3afcae1c4
2023-03-22 05:57:53,True,1.619e-07,4.823e-10,1059445547.0,5.11,0x1b...7f6d,https://bscscan.com/tx/0xe79b2a3931610b183594b3651f5e7d506c8a679175d360a22e62f698c0cea615
2023-03-22 05:56:11,True,1.617e-07,4.815e-10,344746189.0,1.66,0x2a...576a,https://bscscan.com/tx/0x33709ab3a2a000d21ae83c4e58855350e8b0fe74c4d88b0a57e6cb1b67753520
2023-03-22 05:55:26,False,1.609e-07,4.793e-10,794185880.0,3.80707,0xde...fa58,https://bscscan.com/tx/0x179211c1e88a73d5d27c6a6d60b501a5844ce53cf7af0668ec34da405b7b9572
2023-03-22 05:52:59,False,1.612e-07,4.803e-10,908730307.0,4.36508,0x2a...576a,https://bscscan.com/tx/0x8a1851271fcd0ae6aa679a788b430d5d22a569180b627f1c8ad6e0de7c70cc9b
2023-03-22 05:52:23,True,1.629e-07,4.829e-10,548691428.0,2.65,0xde...fa58,https://bscscan.com/tx/0xeccfd2505a9161e83eadf55edc8f829479508ef40484a39cd4992e4b18a3e567
2023-03-22 05:49:50,True,1.625e-07,4.822e-10,628261722.0,3.03,0x2a...576a,https://bscscan.com/tx/0x8766a225c8a43e22d10eee3aa975e23038437b4aee99258fc5d264ab7c75df14
2023-03-22 05:49:44,False,1.617e-07,4.798e-10,595076727.0,2.85551,0x08...af7e,https://bscscan.com/tx/0xa2956a467bed612d8bd6803c68b98dd99955bb7d5c12da9b61da96a25197add0
2023-03-22 05:46:35,True,1.615e-07,4.82e-10,1008252511.0,4.86,0x08...af7e,https://bscscan.com/tx/0xe5744741354dbd27fbaf5ce3323a5857d73eb69b51eb87c2437788767f8a13a1
2023-03-22 05:43:50,True,1.619e-07,4.81e-10,679770998.0,3.27,0xec...0165,https://bscscan.com/tx/0x74a86cd537f2abe737c0977c7b74cfb9cbaf62372722468950ea64b5d74f5fc7
2023-03-22 05:43:14,False,1.61e-07,4.785e-10,496072628.0,2.37389,0xde...fa58,https://bscscan.com/tx/0xa13305375014c81dd6a65db4583eb19091b9446697a97cebeceba648d90489c3
2023-03-22 05:39:47,True,1.62e-07,4.812e-10,5379147.0,0.0258,0x1f...d4bb,https://bscscan.com/tx/0x93bf2015b67545ba78349dcc73341214da17d114550122a007cc1a1d56016ce8
2023-03-22 05:34:26,False,1.606e-07,4.793e-10,847745327.0,4.06327,0xec...0165,https://bscscan.com/tx/0x5df9ce38349459f1ed49ec5c3e8a0a96ccb64792856072b0354992214e50fe82
2023-03-22 05:31:17,True,1.622e-07,4.816e-10,882317802.0,4.25,0xec...0165,https://bscscan.com/tx/0xf99d19c72270b4edd63946da35d8e705651d8a25e5dc97cbe23458acb6d4efef
2023-03-22 05:31:05,True,1.611e-07,4.807e-10,711368384.0,3.42,0xde...fa58,https://bscscan.com/tx/0x8a2cb90caa85cfc7196646b621bd2ee043896305decdae8a5cbc5a42119afc11
2023-03-22 05:30:47,False,1.602e-07,4.782e-10,475273157.0,2.27289,0x2a...576a,https://bscscan.com/tx/0xb8af69ed63d7480aa3359d829cde6f2bbd39ec8fba6ac37e82b9607b95ddc7c3
2023-03-22 05:30:29,False,1.604e-07,4.788e-10,656147625.0,3.14214,0x1b...7f6d,https://bscscan.com/tx/0xe427996becdb4ef63f9a079692a9b8aedaac6ff77e4cb37af8c8b7b507bf7077
2023-03-22 05:28:05,False,1.607e-07,4.796e-10,654018634.0,3.13687,0x08...af7e,https://bscscan.com/tx/0xf55d945473c0e81c23b3440d835c0eb858912c8abf7938ad374d32b9ab4d3e63
2023-03-22 05:27:38,True,1.623e-07,4.82e-10,589122073.0,2.84,0x2a...576a,https://bscscan.com/tx/0xd3305a398fba2b50aba2ec15b3c65677d64e3419ffd9611381609f38a5b48776
2023-03-22 05:25:02,False,1.607e-07,4.796e-10,551984287.0,2.64756,0xec...0165,https://bscscan.com/tx/0x4cab83cb9ed754d407448302da3a40fbab0f6b1faec7d5df8bf70d51dcc8125f
2023-03-22 05:21:53,True,1.616e-07,4.821e-10,327678161.0,1.58,0x08...af7e,https://bscscan.com/tx/0x48dbfc4888158ccf5c84385ed97100de6dd7f56f3e71f78df1ea285f27c5e0e5
2023-03-22 05:21:17,False,1.617e-07,4.8e-10,845432797.0,4.05868,0x2a...576a,https://bscscan.com/tx/0x0ed6dfa71a70b93482849c14965194f3a9bf3465d67511b63a7dffb1c508d045
2023-03-22 05:18:20,True,1.615e-07,4.827e-10,439182777.0,2.12,0x1b...7f6d,https://bscscan.com/tx/0x268579a22aeff890967556837189a32529197a0a053974173231b63d9caae86d
2023-03-22 05:18:08,True,1.612e-07,4.819e-10,827837463.0,3.99,0x2a...576a,https://bscscan.com/tx/0x9320860ceccccbe54a3ed8059e581dee44128128b0bf4960fb5ad8fe126fe644
2023-03-22 05:15:53,False,1.604e-07,4.793e-10,521065417.0,2.49796,0xde...fa58,https://bscscan.com/tx/0x17e74b20ba32c3a0b5b736e16df6cfc4e83002496256294f687facd1de7ea5e1
2023-03-22 05:15:44,False,1.614e-07,4.8e-10,676086825.0,3.24579,0x08...af7e,https://bscscan.com/tx/0x823366db3ad58d674d99113d876caa6b9a4916e90d7262c50735cf46ee6216f0
2023-03-22 05:15:17,False,1.609e-07,4.809e-10,817132275.0,3.92997,0x1b...7f6d,https://bscscan.com/tx/0xcc55adc2de07041e4e2aa3b0aced760da717f0d09179ea13cbb175e9d3a19a3f
2023-03-22 05:14:56,False,1.62e-07,4.818e-10,815979571.0,3.93215,0x2a...576a,https://bscscan.com/tx/0xf8bc40921fdbaf39a2e825c51c7acd630f27653794e2f03cc1256414ab7187ad
2023-03-22 05:12:38,True,1.628e-07,4.843e-10,807327226.0,3.91,0x08...af7e,https://bscscan.com/tx/0x7a9261b33a07989bca380a57c8f543fe8670eaa1860f3bcad7a99bdf5de40e6f
2023-03-22 05:09:47,True,1.615e-07,4.834e-10,657759703.0,3.18,0xde...fa58,https://bscscan.com/tx/0xeae4598f2f8e426e218f6e6f7dce8feb42fc61d28e0f738cba46a0dd5169dbfe
2023-03-22 05:09:11,True,1.62e-07,4.825e-10,918054750.0,4.43,0x1b...7f6d,https://bscscan.com/tx/0x9d4da8880c42f6846eaab6765844ce49495f739ae9f109a80702d6011d45eda8
2023-03-22 05:08:35,True,1.608e-07,4.814e-10,1026143606.0,4.94,0x2a...576a,https://bscscan.com/tx/0x6b7be0418f33e7270944af76f8571503e6af2759edc5b3d675da139353b121e7
2023-03-22 05:06:08,True,1.613e-07,4.804e-10,566084604.0,2.72,0xec...0165,https://bscscan.com/tx/0xb1d08907f22e09a792fa65c84185bc1ef42339d26ada2509441bcb9c040ba820
2023-03-22 05:04:53,False,1.595e-07,4.777e-10,7501860.0,0.0358,0x15...7d67,https://bscscan.com/tx/0x4f8620cc3bf58fe4c8f7705f5557c88b7fe8c6cf7de3bc42e50a1a442826bdf5
2023-03-22 05:02:59,False,1.597e-07,4.78e-10,477121617.0,2.28089,0xec...0165,https://bscscan.com/tx/0xec2aac1ab56076ad530546e5ad8dff8f97219811b3b86c483e2e0546c2430fcc
2023-03-22 05:02:17,False,1.607e-07,4.785e-10,417990890.0,2.00036,0x2a...576a,https://bscscan.com/tx/0xd75bb934b14f9602e2231467a5e1f05e4f92363a80c1ccee005d28601e534e9c
2023-03-22 05:01:17,False,1.599e-07,4.785e-10,51073.7,2.444e-05,0x53...45f5,https://bscscan.com/tx/0x57148832131ffc9ff124a2cebc36d04efb472bc5a02112d3cb0b0040f9f87444
2023-03-22 05:00:05,False,1.609e-07,4.79e-10,479872143.0,2.29898,0x1b...7f6d,https://bscscan.com/tx/0x891d45afbf7a56504e65883c239cc15bfa4cabeb57284d5a43d03614e8138f48
2023-03-22 04:57:37,False,1.603e-07,4.795e-10,302412504.0,1.45016,0xde...fa58,https://bscscan.com/tx/0x7f07eb2bef5012914fd39d725eae2598b030283bfa5444b2d01797696e08bb62
2023-03-22 04:57:13,True,1.62e-07,4.821e-10,2200000.0,0.0106,0xa0...29a6,https://bscscan.com/tx/0x3d3ae00e3291030caf57205b465a540c2b84393852528108e57956b11942e704
2023-03-22 04:57:10,False,1.613e-07,4.8e-10,613215224.0,2.94378,0x08...af7e,https://bscscan.com/tx/0x8c873d90d9206cad7c11731b476aca9ff7ae4282e4ed555e2a01098f8095cd82
2023-03-22 04:56:43,False,1.607e-07,4.806e-10,374009492.0,1.79759,0xec...0165,https://bscscan.com/tx/0x8517840e89757afd90c050c7011e1f0428c36a4d14440e1e8e71c588fd50bdd5
2023-03-22 04:53:58,True,1.616e-07,4.832e-10,1034652.0,0.005,0xc6...bf92,https://bscscan.com/tx/0x29074a68ceee21058cf6f60df047143b4a2a06225079e5d2ebc5b9fc182c4392
2023-03-22 04:50:37,True,1.616e-07,4.832e-10,22753962.0,0.1099,0xc6...bf92,https://bscscan.com/tx/0xcda730666f0954797e0158d8209579c793628a565b465a3d5268b57203794c80
2023-03-22 04:50:28,False,1.608e-07,4.809e-10,257965950.0,1.24072,0xec...0165,https://bscscan.com/tx/0x0cccd5738acd9e9fe199fe8b8215008d267ac43506807aff12eafdbe1828fa74
2023-03-22 04:49:34,False,1.618e-07,4.812e-10,280479202.0,1.34988,0x2a...576a,https://bscscan.com/tx/0xda980c750a7563f836a7c24437c6dcd72710028d82cfe0596d852abbec257867
2023-03-22 04:48:28,False,1.611e-07,4.818e-10,692519896.0,3.33683,0xde...fa58,https://bscscan.com/tx/0x6296e7a72d7693961b3d71d1336397a7533c018fb63a4fa42b02ff0b70383365
2023-03-22 04:47:55,True,1.627e-07,4.841e-10,850953950.0,4.12,0x08...af7e,https://bscscan.com/tx/0x90df6c83beb544d505a68c76af1c976169e379d5d9a91fa452c2d09e9ba5b7e6
2023-03-22 04:47:19,True,1.624e-07,4.833e-10,508927573.0,2.46,0xec...0165,https://bscscan.com/tx/0xae6974b9c298417b5d7d618970edfb08c108625054436130af683f81e94aeccd
2023-03-22 04:46:22,True,1.622e-07,4.828e-10,437017018.0,2.11,0x2a...576a,https://bscscan.com/tx/0xa405d446d1d35c22888513435095219ec5dec093460784ae6f42439cbbbd2037
2023-03-22 04:45:25,True,1.612e-07,4.823e-10,425031045.0,2.05,0xde...fa58,https://bscscan.com/tx/0x0450963e5f28c881bb01a8058a44df6101a967a732ca40acd18297c994308064
2023-03-22 04:44:49,False,1.606e-07,4.802e-10,948594674.0,4.55526,0x08...af7e,https://bscscan.com/tx/0xd7608b15404d6262137c7bec565fbe6a6b39cb9f4672403f182a7417bf6c8565
2023-03-22 04:44:10,True,1.623e-07,4.829e-10,364420206.0,1.76,0xec...0165,https://bscscan.com/tx/0x076b1ca3c9127b63465137d763b669358681bb2da7d7abcbf50d6e76dc86aa81
2023-03-22 04:41:43,True,1.621e-07,4.824e-10,553453715.0,2.67,0x08...af7e,https://bscscan.com/tx/0xf8c974d4f38fd738b51f1280d11eef1fcc67f66d839e15acdc0933b15c69e77d
2023-03-22 04:39:20,False,1.605e-07,4.798e-10,264575255.0,1.26956,0xde...fa58,https://bscscan.com/tx/0xd8e2a9f76f0cbf5aeb65ea7bda26fa8917ba2077fcb24772018e6103172caaaf
2023-03-22 04:37:53,False,1.615e-07,4.802e-10,500652290.0,2.40459,0xec...0165,https://bscscan.com/tx/0xc9295ca754cad6a012dbfa24160f96bb60dcc95775ac0f61b99c6e47c70633b9
2023-03-22 04:36:35,True,1.617e-07,4.829e-10,10200000.0,0.0492,0x62...04d4,https://bscscan.com/tx/0xe592159d0024074ea4149d9e427628c2e6838f4636cedb6562e03dc564fa10be
2023-03-22 04:36:17,True,1.623e-07,4.825e-10,710784041.0,3.43,0xde...fa58,https://bscscan.com/tx/0xeaab8c47b93ed95c4f53310aa1e26456bcea04498d6714585d75dfdca81b3c4d
2023-03-22 04:33:44,False,1.607e-07,4.8e-10,513139766.0,2.46328,0x2a...576a,https://bscscan.com/tx/0x5f666e2df80b7a77ddb1b5243b8cba371e45f293c4f6bac4a6981d4d6eac3b5f
2023-03-22 04:33:17,False,1.608e-07,4.807e-10,641328287.0,3.08292,0xde...fa58,https://bscscan.com/tx/0x4b756c7f416a004d4793958a7bb7a3891f6f8b9501d9f9326aad5b88f16a1bd5
2023-03-22 04:31:44,False,1.608e-07,4.808e-10,114604.0,5.51e-05,0x53...45f5,https://bscscan.com/tx/0x55850de20ae0024d33ae376e49dc345f231eb1f503b5cedcdc14bb098f3db9c6
2023-03-22 04:30:32,True,1.615e-07,4.829e-10,923481978.0,4.46,0x2a...576a,https://bscscan.com/tx/0xb56e54367952fdf1edafc03e98034a73dd9331bedef75e2aff848c84d528a61a
2023-03-22 04:29:38,True,1.612e-07,4.82e-10,560058161.0,2.7,0x1b...7f6d,https://bscscan.com/tx/0x2733a16b877dfc2813cd5ddca5eb445c35ca315962017955534ea788237f1593
2023-03-22 04:24:14,False,1.606e-07,4.796e-10,552262808.0,2.6491,0x2a...576a,https://bscscan.com/tx/0x97c63656c61c7d39bb575d1506f663be5fde823ed71dd913a946925d7ef7f4c4
2023-03-22 04:24:08,True,1.614e-07,4.821e-10,518557896.0,2.5,0xde...fa58,https://bscscan.com/tx/0xa4bc14e97804f2758755d09887e21afa814a421a77db54ac1cbec1b91dcfbde3
2023-03-22 04:21:02,False,1.606e-07,4.796e-10,370195438.0,1.77551,0x2a...576a,https://bscscan.com/tx/0xed5777688f13069e386d99ac24d57ab4cc69efdfa032661fd3395e1e4c05a24a
2023-03-22 04:20:29,False,1.615e-07,4.8e-10,463304509.0,2.22429,0x1b...7f6d,https://bscscan.com/tx/0x3e688b94c0859bd63ca47d5c91e5df15e458f3407c6ce63602822079079e5392
2023-03-22 04:18:47,True,1.624e-07,4.827e-10,9321287.0,0.045,0xa4...4ffe,https://bscscan.com/tx/0x25c071cf1e03d7fc0df2c0fa5c3a31edff15df971badec52ec723243bbec3487
2023-03-22 04:17:56,True,1.616e-07,4.827e-10,2589.28,1.25e-06,0xd7...93f6,https://bscscan.com/tx/0x8a4004a2487176b4b980cedf9d9c258057c91455236ea12ae33063fec5b51e6f
2023-03-22 04:17:56,True,1.616e-07,4.827e-10,1030533.0,0.0049,0xd7...93f6,https://bscscan.com/tx/0x8a4004a2487176b4b980cedf9d9c258057c91455236ea12ae33063fec5b51e6f
2023-03-22 04:16:59,False,1.616e-07,4.806e-10,508707053.0,2.44506,0x08...af7e,https://bscscan.com/tx/0xe939345ba8795fc9d83653cbe1427be0fac1fee0465a10ce86fdb978f6372b1f
2023-03-22 04:16:05,True,1.625e-07,4.833e-10,41379900.0,0.2,0xe5...1d00,https://bscscan.com/tx/0x3c9f7f2197322b49b73d67d1ffb40632bc3225a7d4add96c4cc24902c3496260
2023-03-22 04:12:38,True,1.616e-07,4.833e-10,827641.0,0.004,0x38...5f66,https://bscscan.com/tx/0x851dbc1f1b8cd1ab480f68c99b42275c68c344414c610910e2af189597743f43
2023-03-22 04:09:38,False,1.609e-07,4.81e-10,252315742.0,1.21372,0xec...0165,https://bscscan.com/tx/0x762ad553a24166c36d2f5f08227dae3678b0b8e374b5c5a6907e7999b23725ed
2023-03-22 04:08:23,True,1.617e-07,4.833e-10,409636609.0,1.98,0x2a...576a,https://bscscan.com/tx/0x671aedf0811fa2a36e100e71ed17861731adbb3eff21efd4013d29cc0c6fb95f
2023-03-22 04:08:20,False,1.608e-07,4.808e-10,322125786.0,1.54907,0x1b...7f6d,https://bscscan.com/tx/0x273a397ee4864f6a68e6e0c1197db0d199a4ad7ee55d9ff517a27e9056590c58
2023-03-22 04:07:44,True,1.624e-07,4.83e-10,695528722.0,3.36,0x08...af7e,https://bscscan.com/tx/0x2007bcf6ba79a7353eb19fdf9456abfdbd365368e0bf7d4e09ae544f63c37a8a
2023-03-22 04:05:50,False,1.605e-07,4.803e-10,150534340.0,0.7231,0x1b...58b2,https://bscscan.com/tx/0x3fdbd3b1dbdf4fb69707bb57618f4229cc568247cfb8e1ff53e76d16b550801d
2023-03-22 04:05:17,True,1.612e-07,4.826e-10,416482168.0,2.01,0x1b...7f6d,https://bscscan.com/tx/0xf13ed40db70ce463d948e65a8d7424d01e7a96324251d1273b59e26c59b39795
2023-03-22 04:02:17,True,1.611e-07,4.821e-10,323528029.0,1.56,0x1b...7f6d,https://bscscan.com/tx/0x809e44d2e599be6f85c843d54dfc0ee8beae5e204ada07d0320d7bd0656a935c
2023-03-22 04:01:41,True,1.619e-07,4.819e-10,76654333.0,0.3694,0x1d...cf62,https://bscscan.com/tx/0x53a98186075599a7f6d70fc50fcad0d13d5c47fd04a76e2939525a6e8c1362b8
2023-03-22 03:59:14,False,1.603e-07,4.797e-10,487882643.0,2.34077,0x1b...7f6d,https://bscscan.com/tx/0x7cd87d919743e4834578aedbc7fa7a1712b0ccf18603f678d8a9f2cdbed3c9be
2023-03-22 03:58:50,False,1.604e-07,4.802e-10,265349817.0,1.27425,0x2a...576a,https://bscscan.com/tx/0xd41d6f31aeb3bf4f7e0ed2aa246b8bf0ff90062a879a60bce2775fe9f6d37b2b
2023-03-22 03:53:08,True,1.619e-07,4.824e-10,501566577.0,2.42,0x1b...7f6d,https://bscscan.com/tx/0x3560e01ca4f157e575e91d385bf24f19a64f77ff59a4bad3f02d25a9b114fca8
2023-03-22 03:50:05,False,1.611e-07,4.802e-10,755158233.0,3.62646,0x1b...7f6d,https://bscscan.com/tx/0x377d54997d8f7d30a5161def49de608c938cdeef182c293db56bdf9a8cc97dff
2023-03-22 03:47:02,True,1.612e-07,4.828e-10,430800461.0,2.08,0x1b...7f6d,https://bscscan.com/tx/0x6f06620f4e7614ffb5f2dc6bd07a9ac6217ac58033143496d68361722e7c616f
2023-03-22 03:46:08,True,1.617e-07,4.823e-10,445768936.0,2.15,0x2a...576a,https://bscscan.com/tx/0x8c7e4aa55fb4557b94ed5cf691c925e4e93e9dfd46f23f12e3b5924638573e94
2023-03-22 03:44:35,False,1.61e-07,4.799e-10,555507934.0,2.66626,0xde...fa58,https://bscscan.com/tx/0x60779a20a81b2feaa1f5f3a0748d7836077573183f3706cee8ad1abe79a51f1d
2023-03-22 03:41:32,True,1.618e-07,4.823e-10,524468891.0,2.53,0xde...fa58,https://bscscan.com/tx/0xb4ada01cd127868b7f671ba6bb74903f479df100e35650e19ed3de3ee190e583
2023-03-22 03:41:20,True,1.616e-07,4.817e-10,595753768.0,2.87,0xec...0165,https://bscscan.com/tx/0x6525daf71b4855cae5f01c8c52e8f055a63e323cf4d364f80cb0038a4e479c8b
2023-03-22 03:35:29,False,1.608e-07,4.792e-10,504528262.0,2.41813,0xde...fa58,https://bscscan.com/tx/0x13d36f3e6609e4fc48fc3ec1cc004c306651fe80f89c171865a321675733317e
2023-03-22 03:31:56,True,1.616e-07,4.817e-10,452546439.0,2.18,0xec...0165,https://bscscan.com/tx/0x33ee372632a5b0656a430806412faaa396fce4c7f3069e04e2f3db37eabba9e2
2023-03-22 03:30:17,False,1.601e-07,4.794e-10,696232540.0,3.33811,0x2a...576a,https://bscscan.com/tx/0x8708520318ae44cd75b8df52b2b6a9f2cb1074c61b0bc31cb9291f170ddc6f80
2023-03-22 03:29:23,True,1.617e-07,4.82e-10,412844053.0,1.99,0xde...fa58,https://bscscan.com/tx/0x04a7acbcd07b557282febc25b1d852f1f8bb10dd88eff3c4de3c1ecd862af666
2023-03-22 03:28:47,False,1.611e-07,4.8e-10,1116883004.0,5.36128,0xec...0165,https://bscscan.com/tx/0x3886226c32d78c9193347c45a7249a6a72b3e87f489a2aa4e4953b5a97864576
2023-03-22 03:27:08,True,1.62e-07,4.828e-10,343772680.0,1.66,0x2a...576a,https://bscscan.com/tx/0xf4a12b43f48a67c8f6c453904ec7c5fba686041c34ca8ad371c4f54e1e5f9704
2023-03-22 03:26:20,True,1.61e-07,4.824e-10,391750785.0,1.89,0xde...fa58,https://bscscan.com/tx/0x637ea0d1d046208c8e8a996eaf6e1cd54e85d349610b404ce80c2499d24cb4fe
2023-03-22 03:25:44,False,1.601e-07,4.8e-10,338080803.0,1.62282,0x1b...7f6d,https://bscscan.com/tx/0xb6ef4cd77b8368c6e7e15ad292bd1fda0e81f6ec38702a73a0a7229ae3dd4be5
2023-03-22 03:25:38,True,1.608e-07,4.819e-10,1066402749.0,5.14,0xec...0165,https://bscscan.com/tx/0x821a4cf5b1beffc76d4d232a690e6b4ad7071b050dfd418422f3281c6dd101b3
2023-03-22 03:23:41,True,1.613e-07,4.813e-10,16200000.0,0.0779,0x60...6612,https://bscscan.com/tx/0xaa91e7b3fba32c69d29b009ff1e8aa7095ef4ba488ec0d5dd82881ff4d0be736
2023-03-22 03:22:41,False,1.597e-07,4.791e-10,414117531.0,1.98442,0x1b...7f6d,https://bscscan.com/tx/0x288df0de28613a7feb83d76725ad61abca0eaacfa28533cf8d18516ce6da14be
2023-03-22 03:22:29,False,1.599e-07,4.797e-10,522086392.0,2.50461,0xec...0165,https://bscscan.com/tx/0x76e891b5ef27820f8a31e800b4c6652f59c90c1e054582fab1432cf0e42918ba
2023-03-22 03:21:23,False,1.601e-07,4.802e-10,336904824.0,1.61791,0x08...af7e,https://bscscan.com/tx/0x2469d1aef99a1145919b931fd80fa17e9b1927c0d8df571af46e264fd6386d92
2023-03-22 03:17:12,False,1.611e-07,4.81e-10,1017509690.0,4.89432,0xde...fa58,https://bscscan.com/tx/0xe725472be177bb8f7f2af6b597f0da2ee11a6cc5782a21bd2de7e35208a1240f
2023-03-22 03:16:12,False,1.614e-07,4.819e-10,555620824.0,2.67765,0xec...0165,https://bscscan.com/tx/0x5edebe23ed703481de9d565890621a1d9a5c39ed482916e59d1c4d27c5cfd0d4
2023-03-22 03:15:12,True,1.622e-07,4.844e-10,416994667.0,2.02,0x08...af7e,https://bscscan.com/tx/0x7eaf7dba7a0eede02ee33a09fa53c6a85f846b3d5e9355c63c15625dd682c69b
2023-03-22 03:13:15,True,1.614e-07,4.841e-10,4324529.0,0.0209,0x38...e79b,https://bscscan.com/tx/0x765f20e74b187e6fef6849db695ffc650ced8e4a04ed3f47b6951f41d8791cd9
2023-03-22 03:09:03,False,1.615e-07,4.82e-10,451378075.0,2.17571,0x08...af7e,https://bscscan.com/tx/0x1f19e1e40e328af2f7c014f2864bd1cf4bb201e0073d6d13bf8841f0795978f7
2023-03-22 03:07:30,True,1.622e-07,4.842e-10,807477394.0,3.91,0x1b...7f6d,https://bscscan.com/tx/0x61a3e8e17586ae5e836db1642f6c56ebe53b71e3f6d06eea11375221b7e2b4b3
2023-03-22 03:07:24,False,1.621e-07,4.838e-10,4351447412.0,21.0555,0x85...3e92,https://bscscan.com/tx/0x79f75e0bb415a78b2eb994dcb68c032779969431fb0758ef6236cb914887c907
2023-03-22 03:05:00,True,1.627e-07,4.884e-10,603890132.0,2.95,0xde...fa58,https://bscscan.com/tx/0x1f8dec46fe94474db252239268bbc08c3e84c3e89b22512812bc3229c6cb3265
2023-03-22 03:04:27,False,1.619e-07,4.859e-10,501010721.0,2.43491,0x1b...7f6d,https://bscscan.com/tx/0x079ab39ce293d656cc49e879c8bf2285fa4f3a8a1efc73dd9b0a3d842d4285f9
2023-03-22 03:03:39,True,1.635e-07,4.885e-10,350032123.0,1.71,0xec...0165,https://bscscan.com/tx/0x3afcf0bddbe7cd37a8167d8e2ca975d8538a0b75ee24fe08b9f12094c55f0899
2023-03-22 03:02:48,True,1.626e-07,4.883e-10,5496368.0,0.0268,0xfd...a64b,https://bscscan.com/tx/0x6b6fa8c857490e212535a898b55e0687ed76d2d51007b98c4058f11b6ee65071
2023-03-22 02:59:45,True,1.625e-07,4.879e-10,608665345.0,2.97,0x08...af7e,https://bscscan.com/tx/0xf6a3fbff249e48be90cc81d66e722a527c02787fba1a13596534b18e366df09f
2023-03-22 02:58:33,False,1.625e-07,4.853e-10,336512030.0,1.63328,0x2a...576a,https://bscscan.com/tx/0x83ebe5e0a7feaca1ba8eadfea88fa43f66bd2ebdf8f7e0cedde8e5a42f057cf8
2023-03-22 02:57:21,True,1.624e-07,4.877e-10,438766655.0,2.14,0xec...0165,https://bscscan.com/tx/0x4a5b3a7b04c3840e9c7db3e089f767e364a09374b1222825f0f3f780b9c61256
2023-03-22 02:55:18,False,1.624e-07,4.852e-10,278828664.0,1.35288,0x1b...7f6d,https://bscscan.com/tx/0x04a26991e233b2d18d77df1e2b9acc9c8507e1fcf54a92efebecf2b0b2a3d9d0
2023-03-22 02:49:12,True,1.619e-07,4.872e-10,890668868.0,4.34,0x1b...7f6d,https://bscscan.com/tx/0x294452b352bc4e5f9183b55f580f615986811d3c58e4937003e46428e024e6d0
2023-03-22 02:49:03,True,1.615e-07,4.861e-10,1102652148.0,5.36,0x2a...576a,https://bscscan.com/tx/0x505de9ffcd3095cd407f9e42b27284d21759e515ae2a44222f3115b3d959296c
2023-03-22 02:45:54,False,1.605e-07,4.836e-10,1007100590.0,4.87051,0x2a...576a,https://bscscan.com/tx/0x153af2f332f1547275127dbc2ad4e7d233d7d36338a7ffd2fb8b53d740508204
2023-03-22 02:44:51,False,1.616e-07,4.844e-10,492899536.0,2.38806,0xec...0165,https://bscscan.com/tx/0x34db6984a246a22c1a8cb1b1d25a411c90421d83a60ec37da955de088f44e4a3
2023-03-22 02:44:18,False,1.61e-07,4.853e-10,1054095168.0,5.11657,0x08...af7e,https://bscscan.com/tx/0xe1a8ea4ae33d1ba9691392282ac994a4f04472dc0cf84e3f3fb2df9372434169
2023-03-22 02:43:33,False,1.62e-07,4.86e-10,8791581.0,0.0427,0x2c...1ed4,https://bscscan.com/tx/0x3a9686debe92df527aeb3cf07cfa6ce4e377688a13fe569a7f3fffae276bf4ab
2023-03-22 02:41:45,False,1.612e-07,4.86e-10,9282839.0,0.0451,0x9d...8f37,https://bscscan.com/tx/0x642f85787e103488f2560ffc013d3a47c939699bd7fc3900d7567b7add8ddf25
2023-03-22 02:40:42,True,1.619e-07,4.882e-10,327678615.0,1.6,0xde...fa58,https://bscscan.com/tx/0xafef72bcf0db4c0ea6cc13a9384095f9c6e4b8b3ab6102f64a3c8601269ea3fa
2023-03-22 02:38:30,True,1.618e-07,4.878e-10,397659588.0,1.94,0xec...0165,https://bscscan.com/tx/0x3400ae51bde67671218b7dc0c0c0920e6cf3f2e8c59af670a2d032d416265791
2023-03-22 02:36:21,False,1.61e-07,4.853e-10,293345734.0,1.42377,0x2a...576a,https://bscscan.com/tx/0x4168d7956c088a9dd09e76eba21af200cb2d82dc67bb8d1e60d2b849550e646a
2023-03-22 02:35:00,True,1.617e-07,4.874e-10,884206168.0,4.31,0x08...af7e,https://bscscan.com/tx/0xf576b3a5c0cbf2353e0d36983a7d12a934e1d2da6d1bfe52ca4ea0033fd3477e
2023-03-22 02:34:33,False,1.617e-07,4.85e-10,982861632.0,4.76753,0xde...fa58,https://bscscan.com/tx/0x1ac9c67c2249ac4de289ef7161ea7708863c5513ae304efc853d3af2ba9aae36
2023-03-22 02:33:12,True,1.625e-07,4.875e-10,830619152.0,4.05,0x2a...576a,https://bscscan.com/tx/0xdb0cbe38c616fe6b36ab8497ef305c682ba96eefa461e1efebe32525e751fb5a
2023-03-22 02:32:15,False,1.617e-07,4.851e-10,760595929.0,3.68974,0xec...0165,https://bscscan.com/tx/0x74b54a4ed3f6267af0bc2aaff8150373e1a6ab4c1dda35f6cc3c479dd940de7e
2023-03-22 02:30:57,False,1.619e-07,4.857e-10,408143989.0,1.98275,0x1b...7f6d,https://bscscan.com/tx/0x5de9bc364d4d6e73f2ad4ef620b9fc2babf62258f649c941459f60e28930b9c9
2023-03-22 02:29:05,True,1.626e-07,4.878e-10,996133932.0,4.86,0xec...0165,https://bscscan.com/tx/0xa8f713c32a3b9a6c149b3c4e44f06d3faad7db40a3e6ae8dd055c19c664374b5
2023-03-22 02:26:50,False,1.609e-07,4.851e-10,518443795.0,2.51533,0x2a...576a,https://bscscan.com/tx/0x2fcff6e5521d21b00197faffdf2695a504c65291d76e0cac0c1bbc7a680e9703
2023-03-22 02:25:47,False,1.619e-07,4.859e-10,837537835.0,4.07014,0x08...af7e,https://bscscan.com/tx/0xaf610411a3c2bb17beb31c8e18bdae0090e67371cb385696f72aacac1a16938c
2023-03-22 02:24:53,True,1.62e-07,4.885e-10,560825439.0,2.74,0x1b...7f6d,https://bscscan.com/tx/0xcf51faedef558d94a194882eebd8c7f3bbbf0aad2f64af0207d72b99f13e2bf6
2023-03-22 02:22:38,True,1.616e-07,4.877e-10,748270880.0,3.65,0x08...af7e,https://bscscan.com/tx/0xe426990e79eedf9b877de9f4a422891836cd54ca95bc49cfe3d450cd22d0bdca
2023-03-22 02:21:50,False,1.607e-07,4.851e-10,323037808.0,1.56707,0x1b...7f6d,https://bscscan.com/tx/0x01b2671746e05c31eba7085693bc30d6c08e0a2ee6fefada4c68db415849675b
2023-03-22 02:20:29,True,1.622e-07,4.871e-10,942168693.0,4.59,0x2a...576a,https://bscscan.com/tx/0x6bdd8e193a892d85005816281e0bb438885290b5928cf244d9d10e569e3ac93d
2023-03-22 02:19:35,True,1.62e-07,4.864e-10,310420747.0,1.51,0x08...af7e,https://bscscan.com/tx/0x666bd0bc546835f76205c4ae36772d36eea9064f545de7becd2f77313b41fc89
2023-03-22 02:18:47,True,1.619e-07,4.86e-10,411512388.0,2.0,0x1b...7f6d,https://bscscan.com/tx/0x5940b6893ad21df1d2d90dc13898dc766e05e15b98bef5558918b012157097e4
2023-03-22 02:17:20,False,1.603e-07,4.836e-10,569348104.0,2.75381,0x2a...576a,https://bscscan.com/tx/0x4bf64c41322d2ddd22e29a1aa8204e9f9096bdbd9d7138ea32571a3d9356ce4e
2023-03-22 02:13:23,False,1.614e-07,4.842e-10,422419659.0,2.04559,0x08...af7e,https://bscscan.com/tx/0x7c47d47ad1f378818dcf2844677029a4399f39594d7e108f749b28e789f459a2
2023-03-22 02:10:14,True,1.613e-07,4.863e-10,984879280.0,4.79,0xde...fa58,https://bscscan.com/tx/0x66899b73b9056ffb85ec187cd85b784583a9a36e8ced8e3117ad8760ff184cda
2023-03-22 02:10:14,False,1.604e-07,4.836e-10,570049728.0,2.75723,0xec...0165,https://bscscan.com/tx/0xc363d77df081c6dc05d14084d74deb8d1b85bef6df13ce0296fe95965805c4b4
2023-03-22 02:07:11,False,1.615e-07,4.846e-10,1007003585.0,4.87998,0xde...fa58,https://bscscan.com/tx/0x11a0e00f2a90b40e7eb2908b3307130ef0e2bb7c17fe8c885c735f99e9d44047
2023-03-22 02:04:05,False,1.618e-07,4.855e-10,558091769.0,2.70965,0x08...af7e,https://bscscan.com/tx/0xd7408afbd9674fb1af76510649593022603142bb0f6b96342348283d7c0271d2
2023-03-22 02:03:35,False,1.611e-07,4.86e-10,296251574.0,1.43985,0x1b...7f6d,https://bscscan.com/tx/0xef92008ee941dd42f1cb794286e4801e46dbc01d81d4b5d3354f7c5023dc3ac5
2023-03-22 02:02:08,False,1.62e-07,4.862e-10,45427348.0,0.2208,0xaa...c9aa,https://bscscan.com/tx/0xcfd12d0b4bff226a26677d360be6791266fa31b742e2c76659d6c1200415d1b3
2023-03-22 02:00:50,True,1.627e-07,4.882e-10,766023278.0,3.74,0xec...0165,https://bscscan.com/tx/0xcbfefe405fbbcc0bed0e0f3baf640d92adfb72d81c73682d6415024275b45bda
2023-03-22 01:58:05,True,1.615e-07,4.874e-10,619592286.0,3.02,0xde...fa58,https://bscscan.com/tx/0x502b62ff1b99c8f83a3a46e25606b22c3579c2a7e0144435b9b1541cfed22870
2023-03-22 01:57:29,False,1.614e-07,4.848e-10,335478638.0,1.62646,0x1b...7f6d,https://bscscan.com/tx/0x83760a16119fc32a1dafbe9f1e544e3ee47b6f3c57d55854ed0e8213954ad457
2023-03-22 01:56:41,False,1.615e-07,4.85e-10,13678479.0,0.0663,0x93...f991,https://bscscan.com/tx/0x4cf30d48de34cc52b8b5685bdbe19714ce7a870f7335677aee1ea1b535a33b87
2023-03-22 01:55:26,True,1.623e-07,4.874e-10,1011111.0,0.0049,0xa8...3f09,https://bscscan.com/tx/0xc465556589134e40fb3b1b92aa29aec36842e7bdc198483d4b11043c1e8849b6
2023-03-22 01:54:53,True,1.616e-07,4.869e-10,796728282.0,3.88,0x08...af7e,https://bscscan.com/tx/0x8e1d2866932ed670c2077a84a8ea08e69f9294073dae53a360e8816986f6f10e
2023-03-22 01:54:26,True,1.613e-07,4.862e-10,435975158.0,2.12,0x1b...7f6d,https://bscscan.com/tx/0x826f728ca4b26159f6c77875b73750018982a54fa403f095fc538332824c4a1b
2023-03-22 01:51:26,False,1.613e-07,4.839e-10,628494494.0,3.0416,0x1b...7f6d,https://bscscan.com/tx/0xdc2267595e1f4bba5732311b3e9ff2e2b85880fafd84df6391413554470e80dc
2023-03-22 01:48:47,False,1.607e-07,4.844e-10,301867555.0,1.46253,0x2a...576a,https://bscscan.com/tx/0x3542beea8ac8e7976f352f80a395c83c4712d7aa7bd632464d757c2efef52299
2023-03-22 01:45:53,True,1.622e-07,4.868e-10,423125717.0,2.06,0xde...fa58,https://bscscan.com/tx/0xb270dae8578f352df1293fef50f240a14426f4a337f9c08b4f729ee1480a7b13
2023-03-22 01:45:38,True,1.612e-07,4.86e-10,919634333.0,4.47,0x2a...576a,https://bscscan.com/tx/0x2b3282baf3a5eab52c0c4c3a715026214797d65f24fa697c6011d302f9716909
2023-03-22 01:45:35,False,1.604e-07,4.836e-10,919000568.0,4.44461,0x08...af7e,https://bscscan.com/tx/0xd761a1a5eb127642e71c22c37e60b4c5165bb5ec4f5ddbd9a8b6cb01fe3f3745
2023-03-22 01:45:05,False,1.614e-07,4.844e-10,408901171.0,1.98076,0xec...0165,https://bscscan.com/tx/0xd5c4bacbdabbf71205ef1fe1cb8cda91d4a08b7c15e60ed92a2c5c84a8395cc4
2023-03-22 01:42:26,False,1.608e-07,4.849e-10,458162062.0,2.22171,0x2a...576a,https://bscscan.com/tx/0x9fe180359aff085d2acb6da3547925675dd6600c30cd58608e094ce6e9db0d69
2023-03-22 01:39:23,True,1.617e-07,4.872e-10,572563627.0,2.79,0x08...af7e,https://bscscan.com/tx/0xda3facf0a0bcc9e9c9f18e2983a453fe85ce4ce3a9236d12250ab21d7ccc2396
2023-03-22 01:38:54,True,1.615e-07,4.869e-10,1099170.0,0.0053,0xa8...3f09,https://bscscan.com/tx/0xc16436ed4492a50c006a60197e3a085a2f41d4d9a991ca682f47de626fe8e7e3
2023-03-22 01:38:48,True,1.615e-07,4.869e-10,1099170.0,0.0053,0xa8...3f09,https://bscscan.com/tx/0x34fac646447914f86b862b465ef1dc416128373ab6ca38e9c44467e95f4c910d
2023-03-22 01:38:22,True,1.626e-07,4.869e-10,1215060.0,0.0059,0xa8...3f09,https://bscscan.com/tx/0x0aeeeaa5a4538a26e0dfc58b424359330330fca6d90dce22c6713e7a8129e307
2023-03-22 01:36:11,True,1.618e-07,4.866e-10,482887076.0,2.35,0x1b...7f6d,https://bscscan.com/tx/0x8fc173c1b0d4c0bd67858510dfb66d078828aa4963e57288647c552266606d6e
2023-03-22 01:33:08,False,1.621e-07,4.843e-10,638105897.0,3.09045,0x1b...7f6d,https://bscscan.com/tx/0xfb45cb38c5d606c258a719b1b3684e76dfb7c4947973fffaa9ab9c0bed8de2aa
2023-03-22 01:32:05,True,1.624e-07,4.87e-10,41900495.0,0.2041,0xbc...6287,https://bscscan.com/tx/0x7956b8fa33a672a72e03f9fc60ea129db1d17f09cba5c0d2e24d38174ae85d1d
2023-03-22 01:29:44,False,1.617e-07,4.85e-10,723442671.0,3.50916,0x2a...576a,https://bscscan.com/tx/0xc812636539c9eb8329b0c7e8f59582d0ab351dfd449b8926e052218a1a0c517a
2023-03-22 01:27:05,True,1.634e-07,4.876e-10,529109730.0,2.58,0x1b...7f6d,https://bscscan.com/tx/0x288986cf479129b9afe82a2cca65e2dbb9c7fdb43cac5e2a0524732072eecf8f
2023-03-22 01:26:35,True,1.632e-07,4.868e-10,725036824.0,3.53,0x2a...576a,https://bscscan.com/tx/0x672c6c46dd814fa6d9064ccc093fda738a7e570eda79211feb068538d437719f
2023-03-22 01:26:14,True,1.621e-07,4.862e-10,388715639.0,1.89,0xec...0165,https://bscscan.com/tx/0xeffe466c48ffe43af4abf0fa28b0767a5ab2ad31cbf3da3b4689a3e04ae716d0
2023-03-22 01:24:56,False,1.613e-07,4.835e-10,2019645.0,0.0097,0xe7...bfea,https://bscscan.com/tx/0x01963938fb60e53d4b491277d04ea6cf86350d10bb33ce08dff3120aabfa8042
2023-03-22 01:20:14,False,1.623e-07,4.84e-10,880687639.0,4.26322,0x2a...576a,https://bscscan.com/tx/0xc5179a03dd82f3348ea2c68586029416fc9fc33268ac31619f2decb86ff01686
2023-03-22 01:19:59,False,1.617e-07,4.847e-10,284751268.0,1.38036,0xec...0165,https://bscscan.com/tx/0x546c431d94cbaf63ff024d211234ba042d6b937516436a0d65745be9de7e2ae1
2023-03-22 01:17:05,True,1.632e-07,4.867e-10,996360238.0,4.85,0x2a...576a,https://bscscan.com/tx/0x0ec0f09f8e20ad7f177fa12c03236fd9cd75e32394ea6f44752b55b36d5331d7
2023-03-22 01:16:50,False,1.623e-07,4.839e-10,273206243.0,1.32209,0xec...0165,https://bscscan.com/tx/0xafadc1cf2044d76b56b2a1d51e537d8dc64570c27964125bbbbb1be41c5a7189
2023-03-22 01:13:41,True,1.622e-07,4.862e-10,427759309.0,2.08,0xec...0165,https://bscscan.com/tx/0xa98cf8b6133220df9c80b3e6857b3bdc3d79e545d46c6bc2da69711032db271f
2023-03-22 01:11:50,False,1.622e-07,4.838e-10,387620385.0,1.87532,0x1b...7f6d,https://bscscan.com/tx/0xec5390efabcc86bef05185d7dda6064e80783706aeae29bb7a532d6afafeb679
2023-03-22 01:11:35,True,1.622e-07,4.862e-10,312580838.0,1.52,0x08...af7e,https://bscscan.com/tx/0x4bff95e2bf81eb6719d35889fc625699d1ff08463844cdde540dea2c2f6f5f5d
2023-03-22 01:07:32,True,1.629e-07,4.858e-10,349877090.0,1.7,0x2a...576a,https://bscscan.com/tx/0x6c232d73e96371bec9a66a45dfe27f60e8539d39cf707feecc0d072703aa1272
2023-03-22 01:07:23,False,1.613e-07,4.836e-10,608597831.0,2.94321,0xec...0165,https://bscscan.com/tx/0xff69e39394765ba3b83c5ee4cd815ac665cd91091082cf68770d43a15e7b70e6
2023-03-22 01:01:11,False,1.616e-07,4.846e-10,1165279457.0,5.64748,0x2a...576a,https://bscscan.com/tx/0xaf53ce5eed0bff54c7bec2293f34ae668acb74f8b99534de3e945493b4e78d4c
2023-03-22 00:56:38,True,1.625e-07,4.873e-10,703809933.0,3.43,0x1b...7f6d,https://bscscan.com/tx/0x0bf458863294a66ff3ec3a975f361db012d2b2e885e528ec6ce089a7a9c0bf30
2023-03-22 00:55:11,True,1.634e-07,4.869e-10,184830.0,8.999e-05,0x65...0816,https://bscscan.com/tx/0xf63216462182775b81be8c462df3a4b81135a18b025bccf5e38446a5460cc5b8
2023-03-22 00:55:11,True,1.634e-07,4.868e-10,73569072.0,0.3582,0x65...0816,https://bscscan.com/tx/0xf63216462182775b81be8c462df3a4b81135a18b025bccf5e38446a5460cc5b8
2023-03-22 00:54:50,False,1.626e-07,4.845e-10,267517097.0,1.29631,0xec...0165,https://bscscan.com/tx/0x3ec2700dfe304736ef328e5dfd7b57db03d6d2d99f6672f78009e157386a4c8e
2023-03-22 00:53:02,False,1.626e-07,4.85e-10,500301966.0,2.42657,0x08...af7e,https://bscscan.com/tx/0x8712a750713d2ceb06c87e3ff11a0d2d11b6d463f4966473b4871a7884dddf2b
2023-03-22 00:51:41,True,1.634e-07,4.872e-10,769554505.0,3.75,0xec...0165,https://bscscan.com/tx/0xec42d5bf7a8cfa056e0ffe2ab48eb4f81f6f3701e22603234d33e8bf37535c68
2023-03-22 00:51:08,False,1.618e-07,4.848e-10,724107278.0,3.51072,0xde...fa58,https://bscscan.com/tx/0x81b69bb02a5b2c83daa251a43d4988fcedd3451a9d97eb59b2cddb1d5f269760
2023-03-22 00:48:32,True,1.635e-07,4.874e-10,365144704.0,1.78,0x2a...576a,https://bscscan.com/tx/0xe02010b6191990c69ea10d700c00a90b9612d0f0817334c2263a24d2ec5259b4
2023-03-22 00:48:29,False,1.626e-07,4.848e-10,32120169.0,0.1557,0xd2...623a,https://bscscan.com/tx/0x7fad65fe90024b1a855545c7de7a7c10aaa8866c8dcfa5db4b3940e8fad4cad1
2023-03-22 00:48:05,True,1.633e-07,4.869e-10,603765176.0,2.94,0xde...fa58,https://bscscan.com/tx/0x624f1a6ccfd3f6fb03688ee91e7761c243064bae4168a4cad109997ef150ad71
2023-03-22 00:46:53,True,1.631e-07,4.863e-10,374201702.0,1.82,0x08...af7e,https://bscscan.com/tx/0xb7b4005eba408566b1edbfaf98ce7da439008d3aa07b038e54f938638e8a3ca5
2023-03-22 00:46:14,True,1.629e-07,4.859e-10,297909350.0,1.44776,0x58...6411,https://bscscan.com/tx/0x2d1088bce2aa6cf14fbb35b083eae7a678304ed6d76b39be04fd0cf009402ec2
2023-03-22 00:45:23,False,1.614e-07,4.836e-10,500511682.0,2.4208,0xec...0165,https://bscscan.com/tx/0x9d6809b7f7e801a4969e90a4394f0014434019189c0874ca27a80d936294ff5c
2023-03-22 00:44:29,False,1.625e-07,4.845e-10,1012691907.0,4.90699,0x1b...7f6d,https://bscscan.com/tx/0xfb7de040d41eefdf509bd1e4ddfe8375aa2b82408e52e4157068fc414c1b54e2
2023-03-22 00:43:47,True,1.634e-07,4.873e-10,377549597.0,1.84,0x08...af7e,https://bscscan.com/tx/0x082fe3ba5ccf443bdfd483e28931223de8f6f96aaf50b0518daf675a518b64d2
2023-03-22 00:41:26,True,1.633e-07,4.866e-10,830180344.0,4.04,0x1b...7f6d,https://bscscan.com/tx/0x56726a155332eaba026b482644f848bbf0b2eae58b9e406bf6c4819ee853ed9a
2023-03-22 00:38:59,False,1.616e-07,4.84e-10,546365748.0,2.64466,0xde...fa58,https://bscscan.com/tx/0xa36880aace4635c40ebc4df9a1c4bb81beac69f1eeb7277616e5909057429429
2023-03-22 00:35:59,True,1.632e-07,4.863e-10,694922328.0,3.38,0xec...0165,https://bscscan.com/tx/0xaf8d5b9adb5328ae121eb4d0a46b6af7ca7331c11660fda1f68337fadf6c51af
2023-03-22 00:34:23,False,1.614e-07,4.835e-10,6183024.0,0.0299,0x26...2524,https://bscscan.com/tx/0x7c86959c2ce56194ff348698fff337a613e6da55689fe9b4df3203f13ac0e5b4
2023-03-22 00:31:26,False,1.613e-07,4.838e-10,465248576.0,2.25101,0x08...af7e,https://bscscan.com/tx/0x0855df86caa4256e1ee435bef08bbe69d08165aa6097ee13b4bb0bd68a637d23
2023-03-22 00:31:05,False,1.623e-07,4.841e-10,5974120.0,0.0289,0xcd...140c,https://bscscan.com/tx/0x52da330da60d11cdf4d189145028e3a03204349c7798f4778795601e187b6224
2023-03-22 00:30:11,False,1.622e-07,4.841e-10,5974120.0,0.0289,0xcd...140c,https://bscscan.com/tx/0xecb7effe043ba0c714db8f7adcd4b9e55810063ec68257ea7d09488400ea3ffe
2023-03-22 00:29:56,True,1.623e-07,4.865e-10,223863.0,0.001,0x0d...27cc,https://bscscan.com/tx/0xb80a75a1825b5306ec627ca3b6658edef1ef1c675f99b3460f1b59aed65cd69b
2023-03-22 00:29:56,True,1.623e-07,4.864e-10,89107288.0,0.4335,0x0d...27cc,https://bscscan.com/tx/0xb80a75a1825b5306ec627ca3b6658edef1ef1c675f99b3460f1b59aed65cd69b
2023-03-22 00:29:50,False,1.615e-07,4.841e-10,276179725.0,1.33718,0xde...fa58,https://bscscan.com/tx/0x7471fbcd04a802dabbe96314af38221a16b2cee46a44eaead0b8bf73b6407ef8
2023-03-22 00:29:02,True,1.632e-07,4.867e-10,1230000.0,0.0059,0x26...9e5c,https://bscscan.com/tx/0x1f69661240c6aab1643937c2398c1ab49e843431e4b62758e1aa5746d3bbe8c4
2023-03-22 00:26:47,True,1.625e-07,4.862e-10,830809710.0,4.04,0xde...fa58,https://bscscan.com/tx/0xea7b367332d529cb233926bf72c6692b2a4f644762ca3386377b17eb5082cda9
2023-03-22 00:26:32,False,1.625e-07,4.84e-10,1100624694.0,5.32705,0xec...0165,https://bscscan.com/tx/0x43edf3212527264a616345f3ccf5865dfb169f639b3dc2be1c6153f335d5252c
2023-03-22 00:25:14,False,1.628e-07,4.85e-10,632488424.0,3.06766,0x08...af7e,https://bscscan.com/tx/0xefeb76c5fb8321c1efa984d495b8744e3eeb3ae044a1f8d4a3c1c0e756cf4a63
2023-03-22 00:23:44,False,1.623e-07,4.857e-10,571054404.0,2.77373,0xde...fa58,https://bscscan.com/tx/0xdfd311d29586664369db1d2f3eafdc31983cd75f20104695b22b5ec354bf5e44
2023-03-22 00:23:11,False,1.625e-07,4.862e-10,332608405.0,1.61725,0x2a...576a,https://bscscan.com/tx/0x740add620c73f2f4eecd78b4dccd831047f484ccc7d1ef67ade2079e348f1365
2023-03-22 00:20:50,True,1.634e-07,4.888e-10,21871819.0,0.1069,0x1c...5286,https://bscscan.com/tx/0x08d5af9d5ffe11620eec881f04c5adb0b09b00a277c8023c575be6ec6f6023a6
2023-03-22 00:20:41,True,1.633e-07,4.886e-10,425697677.0,2.08,0xde...fa58,https://bscscan.com/tx/0xac81488cfb84e595e4ac7daded4dd3863dec6881e974882a6d063ed27982538c
2023-03-22 00:20:08,True,1.632e-07,4.883e-10,2749374.0,0.0134,0x1c...5286,https://bscscan.com/tx/0x303c872447352eff23f2695f84aba963e8719d6560d3a747a6cda8ebcb0108e4
2023-03-22 00:20:08,False,1.625e-07,4.862e-10,534785494.0,2.60029,0x1b...7f6d,https://bscscan.com/tx/0x6abaf256ab98f729c7d772a262c91cae2241acdbabbc3c8aa0c73e57c6e82756
2023-03-22 00:19:59,True,1.633e-07,4.885e-10,777851206.0,3.8,0x2a...576a,https://bscscan.com/tx/0x62e1c2ebd1e8d27c024e9852b7ab8c55c33bce61e439c0dabb6967565cda7285
2023-03-22 00:19:35,True,1.631e-07,4.88e-10,10465900.0,0.051,0x1c...5286,https://bscscan.com/tx/0x3c06f64c9ac7cc9b6246ec72592cd14e24cfc7cb75e589d2b86b0d2c08519e03
2023-03-22 00:18:20,True,1.631e-07,4.88e-10,13121473.0,0.064,0x1c...5286,https://bscscan.com/tx/0x1caf015393a81e9138a0c74954dd8264f6fb4151b461cf9c1e04e135fb947cde
2023-03-22 00:15:59,True,1.63e-07,4.877e-10,526935248.0,2.57,0x08...af7e,https://bscscan.com/tx/0xd97ad95e818f6db9a6c873caa39529d0a42f21a19962946758d02582cb4a7f74
2023-03-22 00:15:32,False,1.629e-07,4.849e-10,24078649.0,0.1167,0xa5...d5c7,https://bscscan.com/tx/0x8698f3fdc9a60801d71261a2fd8abc9ecabf8c11dfbc51901885b133bb2bf58e
2023-03-22 00:10:50,True,1.627e-07,4.869e-10,909825415.0,4.43,0xec...0165,https://bscscan.com/tx/0x2c51cb337698c4494923e24c66702eb6eae3e8f277e5e8ec6e6fc6b24da838b8
2023-03-22 00:10:29,False,1.627e-07,4.842e-10,467992920.0,2.2661,0x2a...576a,https://bscscan.com/tx/0x1943058fe328189b5182839cc9ca163f982538021925e23bd6ee5fbee49fd518
2023-03-22 00:09:50,True,1.627e-07,4.869e-10,7452.34,3.628e-06,0x0d...27cc,https://bscscan.com/tx/0x78454bc4c9167fca053835bc339e01a323fbc328b35fee531ba48cda6f7b4cb8
2023-03-22 00:09:50,True,1.627e-07,4.869e-10,2966042.0,0.0144,0x0d...27cc,https://bscscan.com/tx/0x78454bc4c9167fca053835bc339e01a323fbc328b35fee531ba48cda6f7b4cb8
2023-03-22 00:09:47,False,1.619e-07,4.845e-10,146843916.0,0.7115,0x97...6a3f,https://bscscan.com/tx/0x4b67ebe62251af8c4f30cd171153c159e795617002bc94a8dcec19931a54c352
2023-03-22 00:09:47,True,1.626e-07,4.867e-10,542350142.0,2.64,0x08...af7e,https://bscscan.com/tx/0xf0bf8b7e0d88b1c44ce5d405d9dfbebdaa558d1b3c09b9efe947eb4a1337b341
2023-03-22 00:09:20,True,1.625e-07,4.864e-10,4728145.0,0.023,0x99...7a2b,https://bscscan.com/tx/0xc7e41e838d2caf44f676aaf2d360b0aeaabb96d75823435fedb0cc1ddab330f5
2023-03-22 00:07:41,False,1.626e-07,4.843e-10,542946437.0,2.62968,0xec...0165,https://bscscan.com/tx/0xda675e1aad4625810344df105d4e7e37d3e424b4e5d65a0a910a0816618867e7
2023-03-22 00:07:20,True,1.634e-07,4.867e-10,490967198.0,2.39,0x2a...576a,https://bscscan.com/tx/0x98f019953e59b49e8278246a2b10c5f6d15ddd7647310bc5aeba69f5ad55c399
2023-03-22 00:06:44,False,1.617e-07,4.842e-10,314911136.0,1.52499,0x08...af7e,https://bscscan.com/tx/0x3dcb6f3761ed73d48f82aa6e1fac1ac65908ab13902b7c94d219fc8ac0291268
2023-03-22 00:04:53,True,1.624e-07,4.864e-10,674233900.0,3.28,0x1b...7f6d,https://bscscan.com/tx/0x5543c57a3f6c2f28db8c4b3715532fa94bcb7c94b34633ee88dc6caf2590279f
2023-03-22 00:04:35,True,1.63e-07,4.858e-10,440489652.0,2.14,0xec...0165,https://bscscan.com/tx/0x5a0b7e0ecd747eb2c2052669d42e6982937e67a52ef09360cbe39d53623a90fe
2023-03-22 00:03:38,False,1.622e-07,4.835e-10,651648563.0,3.15085,0x08...af7e,https://bscscan.com/tx/0x0d64d86c9dd4705975fbf4d3aa491d22ceb61248c36caa33a8492c6b95837b86
2023-03-22 00:00:44,True,1.631e-07,4.863e-10,298254.0,0.0014,0x0d...27cc,https://bscscan.com/tx/0xd3853fb580c9c96d3c744eede77533f7357e386109d9987fb30a55341ffa217a
2023-03-22 00:00:44,True,1.631e-07,4.862e-10,118722039.0,0.5773,0x0d...27cc,https://bscscan.com/tx/0xd3853fb580c9c96d3c744eede77533f7357e386109d9987fb30a55341ffa217a
2023-03-21 23:56:56,True,1.631e-07,4.861e-10,18842378.0,0.0916,0x00...879f,https://bscscan.com/tx/0x6740fc0a99fabf85a4a8fecc8b0b1d325ffc23c36a4b1d4fc78404a256e11ede
2023-03-21 23:55:23,False,1.623e-07,4.837e-10,13678478.0,0.0661,0xcd...144b,https://bscscan.com/tx/0x702b173d2f5a4384e5c11e22e4c4cf7ea0ca952194545f4fc3d9d52d236e0ecd
2023-03-21 23:54:44,True,1.631e-07,4.86e-10,230000000.0,1.11791,0x06...ae54,https://bscscan.com/tx/0x394b95a2d21ac955d7bd0978e72496bde642fb0c972865fce9e24246e928c636
2023-03-21 23:37:02,True,1.635e-07,4.859e-10,7036475.0,0.0341,0x8e...e253,https://bscscan.com/tx/0xf555f99673ed16993e63322a375fd6fa8d1455289be45bb1d3314e5acd745710
2023-03-21 23:36:44,True,1.635e-07,4.859e-10,1735514.0,0.0084,0x8e...e253,https://bscscan.com/tx/0x72ea1135b4c7c9d7422196fea116e3a97c9e68ca8f674ae5ecacc94c36cbc580
2023-03-21 23:34:23,True,1.641e-07,4.859e-10,174013.0,8.455e-05,0x0d...27cc,https://bscscan.com/tx/0x3d5aeba5bfbc6b3337380cd8eef71cab6da784086b1b52f936cf2dea20a5c983
2023-03-21 23:34:23,True,1.641e-07,4.858e-10,69262835.0,0.3365,0x0d...27cc,https://bscscan.com/tx/0x3d5aeba5bfbc6b3337380cd8eef71cab6da784086b1b52f936cf2dea20a5c983
2023-03-21 23:33:05,False,1.633e-07,4.833e-10,3120411.0,0.015,0x7b...0239,https://bscscan.com/tx/0xa3926c9f2958c049ef997fb72c8bed1b977c2b6bfe830992078df92f3bcec2be
2023-03-21 23:25:11,True,1.628e-07,4.857e-10,157402987.0,0.7645,0x32...74cb,https://bscscan.com/tx/0x53924df09155ee86e7cb5338c03fe896a56a22fb3aebd6a263040eff7e57d554
2023-03-21 22:57:49,False,1.632e-07,4.832e-10,17268500.0,0.0834,0x8d...b28a,https://bscscan.com/tx/0x834d7dc6aa4888349f3d82bb0d00aa79ad0af765164adc8e63e99d8edcb6e1ef
2023-03-21 22:47:01,True,1.639e-07,4.853e-10,469731680.0,2.28,0xc9...4c40,https://bscscan.com/tx/0x8b8a03f679ae3fc369dbff40d8d20499f6fb4a94732b83001fcb7451f382b092
2023-03-21 22:44:08,True,1.638e-07,4.85e-10,57723078.0,0.28,0x3c...af46,https://bscscan.com/tx/0x053f72b8e585b5126392d4a12ff688cc6856b99f0f16e3632a3f8207a53abb45
2023-03-21 22:37:47,True,1.637e-07,4.85e-10,35027425.0,0.1698,0x86...5081,https://bscscan.com/tx/0x47c0a86c89d439f486863cbff4c003345c955d10441d499102993930cff21a3d
2023-03-21 22:29:59,True,1.638e-07,4.849e-10,28148501.0,0.1365,0x25...86bf,https://bscscan.com/tx/0xb7b5ce741555209e81d76c25da0133acba57a363ce3bce65df7b276258ca188d
2023-03-21 22:18:23,True,1.628e-07,4.849e-10,63089409.0,0.3059,0xfb...faf7,https://bscscan.com/tx/0xc1e8a67af8209a862678f2a9b1c562bdefe636f8f6363da1ad828ff9a8131201
2023-03-21 22:17:47,True,1.628e-07,4.846e-10,339606094.0,1.64605,0x68...9196,https://bscscan.com/tx/0xc10a11b1613967cccb2d81dc3c88a73956e250421d48cf601067d7276699f8d7
2023-03-21 22:05:32,False,1.632e-07,4.821e-10,151292561.0,0.7294,0x55...ba88,https://bscscan.com/tx/0x7127dcd6a635ef147c5a9d2215ff6fb8c3f3c7c3ae8a505626ed3fb1a7a03227
2023-03-21 21:54:47,True,1.632e-07,4.846e-10,2102533.0,0.0101,0x8c...ae24,https://bscscan.com/tx/0x54959101e6d4bb5d6672ee0dd010e349bf0f82ccb82aaf88968f4471d0e822a7
2023-03-21 21:43:47,False,1.625e-07,4.822e-10,20256526.0,0.0976,0x18...18c0,https://bscscan.com/tx/0xb523fb1151b686645e5d72238b8d3ec41ebbc307d4ec3c292db73397691fb9a7
2023-03-21 21:42:26,True,1.633e-07,4.846e-10,13744904.0,0.0666,0x43...e88f,https://bscscan.com/tx/0x95c3a56335fb2a0537eddac5b6e826e56dd1fea9295873f192fb262f76309bdb
2023-03-21 21:40:59,True,1.633e-07,4.846e-10,12992985.0,0.0629,0x43...e88f,https://bscscan.com/tx/0xc59278beb41ccf744b13bc0d52e64b0441d7570a2e1393e35ecb56bd44da7612
2023-03-21 21:11:41,True,1.63e-07,4.846e-10,65571148.0,0.3177,0xe9...05d5,https://bscscan.com/tx/0x56af7b89bb9ab1e067e06f5c2e1441f059cb701aa8a183553bdd2f2e754f88d9
2023-03-21 21:00:59,True,1.632e-07,4.845e-10,4684307.0,0.0227,0x9d...7a8e,https://bscscan.com/tx/0xb9be35f454368db29588d6039d967138829a4205180a1bc955e242a073a98180
2023-03-21 20:53:47,False,1.626e-07,4.822e-10,163800966.0,0.7899,0x6c...3911,https://bscscan.com/tx/0xd71a9ce5dc8955abbaa2eca5829fb4f8c998126b48f580d49f1bba08f5be3963
2023-03-21 20:52:20,False,1.635e-07,4.825e-10,311419685.0,1.5027,0x80...c095,https://bscscan.com/tx/0xb418e44c0906471a6bfe609c4924f330e7aaac3c288e4bffbd2ab288a415cebd
2023-03-21 20:48:29,True,1.642e-07,4.851e-10,708034.0,0.0034,0x3c...af46,https://bscscan.com/tx/0xc0e9ef44c398096a4dccc2369fa7fa04585245d96ab83d52c1995d79dc476222
2023-03-21 20:47:32,True,1.634e-07,4.851e-10,12000000.0,0.0582,0x62...c0c1,https://bscscan.com/tx/0x63dcfd07932f18ce254c1a14603f1687b16b36924ffdb7402cbff674295e4bc8
2023-03-21 20:47:26,False,1.634e-07,4.827e-10,174042993.0,0.8402,0x14...80be,https://bscscan.com/tx/0xdcb2e80418d7360dd3f3657549ed397de3e9086572e574023163a02c6a347e7e
2023-03-21 20:14:34,True,1.64e-07,4.852e-10,71225492.0,0.3456,0x75...80dc,https://bscscan.com/tx/0xb178e059a6b72715b71153c52c543ece0a8833e05eadee85f49a2bbdce5bd3ea
2023-03-21 20:11:16,True,1.632e-07,4.852e-10,12220900.0,0.0593,0x53...d869,https://bscscan.com/tx/0x2bf956636be7ee1b44b0fa0e203fc5f97492c0d40eb9b523f5b91fe59feb35e2
2023-03-21 20:07:16,False,1.62e-07,4.828e-10,61300360.0,0.2959,0x23...196e,https://bscscan.com/tx/0x209c4072bda87fb9e1e171a76017f7c178ad190172776a06b558e97916611e5d
2023-03-21 19:54:26,True,1.628e-07,4.852e-10,81095454.0,0.3935,0xa7...2d56,https://bscscan.com/tx/0x4512e18a51bb81c639254a7ad741e69e60cdce2cccb71a951f40dedfbdb31d9a
2023-03-21 19:34:41,False,1.627e-07,4.827e-10,5299485.0,0.0255,0xb2...9e56,https://bscscan.com/tx/0x227cd582c47f41e578db28dbf6bb8fb4a7f332c060b8cd0b8866cb9095df2d7b
2023-03-21 19:30:38,True,1.635e-07,4.852e-10,3314485.0,0.016,0x3d...eb21,https://bscscan.com/tx/0xcf9ec52bde04014a65567d9794a9e27abe9b676ff554e71519a018e537ec263e
2023-03-21 19:18:18,True,1.635e-07,4.852e-10,5461649.0,0.0265,0x8d...3f11,https://bscscan.com/tx/0x0a137b7e06201d0b88e4af277393dbff563a502a593922624ef38edf37b5bfcf
2023-03-21 19:13:35,False,1.619e-07,4.827e-10,4323852.0,0.0208,0x29...7a3a,https://bscscan.com/tx/0xd3543d7fed798ceecc6928839700d0f355c90df2d819f525f801be33c528bf07
2023-03-21 19:12:17,True,1.627e-07,4.851e-10,166134532.0,0.8059,0xaa...4257,https://bscscan.com/tx/0xc62d8a434d5d88edeed97ecf5caf87fde87f9b6d61bc2a84df982a57ecff1d52
2023-03-21 19:05:20,False,1.619e-07,4.826e-10,142502415.0,0.6878,0x74...731b,https://bscscan.com/tx/0xf04c0f703c3515e714654e59e3a2ecc6303e146dfad65f6157a276ce07a2132c
2023-03-21 18:59:38,False,1.627e-07,4.827e-10,13160978.0,0.0635,0x8b...23ed,https://bscscan.com/tx/0x759d67d0456be769bb9a414a04240f22e7ce2ffcad68e87e2516a22b02123db6
2023-03-21 18:53:22,False,1.629e-07,4.827e-10,40911288.0,0.1975,0xf3...239e,https://bscscan.com/tx/0x4ef9a387c2a71521f5e871a0758e984023b535cee87a2eef008552d1c7593f2d
2023-03-21 18:32:42,True,1.64e-07,4.852e-10,4366510.0,0.0211,0x38...e79b,https://bscscan.com/tx/0x457b992876481d54ecdf53991f15c0171c20237ec12353ad1d457f50828dcae1
2023-03-21 18:09:19,False,1.633e-07,4.828e-10,2147264.0,0.0103,0x7f...4654,https://bscscan.com/tx/0x38191abb7cb96379f96fe1bc53e6a3dfbef9db6089a541922ab6ceb3cf255f8a
2023-03-21 18:01:48,False,1.637e-07,4.828e-10,64292340.0,0.3104,0xf7...cb26,https://bscscan.com/tx/0x9b0b5243f8c81380420b841d8bac5088827d7c7f57ab22898885720f4e766552
2023-03-21 17:58:45,True,1.637e-07,4.851e-10,307303272.0,1.49082,0xba...d78b,https://bscscan.com/tx/0x2918bf30977aa132f613ed88a6f02c4ad8a422f44c46205a91da19055db2a593
2023-03-21 17:50:31,True,1.636e-07,4.849e-10,51930706.0,0.2518,0x45...7da9,https://bscscan.com/tx/0xd32bf65b9fd55e8ceec6d0a71879e5069de1233b6f34a8d1201d7cb8ad81ece2
2023-03-21 17:49:10,False,1.636e-07,4.824e-10,21754104.0,0.1049,0x50...d6af,https://bscscan.com/tx/0x2f5003bc701f3b2a0da5fc84e82306cdd2138e12d972834a95dcdf943e7c3a56
2023-03-21 17:46:18,True,1.637e-07,4.848e-10,60839820.0,0.295,0x32...74cb,https://bscscan.com/tx/0xd07a6eb70d5d6ea53c5b96abf70375b730003c16acc3c18e2081fba1c2aca8fd
2023-03-21 17:41:39,False,1.63e-07,4.825e-10,157519900.0,0.76,0x97...a97b,https://bscscan.com/tx/0xdb725be48430fd5a90a3e2f0e31f406cd2d1cf291f1e8915c7cb019a9a100313
2023-03-21 17:06:23,True,1.636e-07,4.847e-10,433191000.0,2.1,0x9a...b6b4,https://bscscan.com/tx/0xeeaf3c0517b373327d9069bab30b9671c69f8a0b12cc805797304a8ca7eb28c1
2023-03-21 17:04:41,True,1.635e-07,4.845e-10,3532750.0,0.0171,0xd5...b26e,https://bscscan.com/tx/0xd24c7f6165893c62d6aaacee09970ec3cf2846bcf294d72318d3b3fdeabf3aba
2023-03-21 16:59:59,True,1.637e-07,4.845e-10,12363000.0,0.0599,0x53...d869,https://bscscan.com/tx/0x078f606fabd5caea30cecabd8a7290c3543e6783117f539406d94676282369ed
2023-03-21 16:44:14,True,1.635e-07,4.844e-10,5159960.0,0.025,0x2f...6a05,https://bscscan.com/tx/0x97bb3ffd50f5fa17b729a62804985543155ac7037438cbebf2a63bf725f567d6
2023-03-21 16:41:47,True,1.627e-07,4.844e-10,13220415.0,0.064,0xc7...a864,https://bscscan.com/tx/0x23d85cbf0a8027f49a8e3760df5d054e3983a816d0d4f158e1d2f5ed8e83b40c
2023-03-21 16:41:17,False,1.627e-07,4.82e-10,5917025.0,0.0285,0xe5...fb35,https://bscscan.com/tx/0x33676f4f61a9a2d1918e456b02a3142e61d60c020003aaeae95f77a394ec10a1
2023-03-21 16:35:22,False,1.62e-07,4.823e-10,436094912.0,2.10338,0x58...5651,https://bscscan.com/tx/0x45d4046593bd0cc018d0475cc6568c90b491c82d5ee518c1145f3e493215ce98
2023-03-21 16:34:05,True,1.636e-07,4.849e-10,777777.0,0.0037,0x4c...8d5b,https://bscscan.com/tx/0x75e73c668e845773aaef6d520126b50a2a58cc61ffbfe20fa5d81b3cb6fd71dd
2023-03-21 16:32:06,True,1.635e-07,4.849e-10,777777.0,0.0037,0x4c...8d5b,https://bscscan.com/tx/0x951043258274b3ecf8f3ca1079b0d83693e0a15188ccf03adb5c7fa4dea350ed
2023-03-21 16:31:24,False,1.626e-07,4.825e-10,11507597.0,0.0555,0x7f...f7ae,https://bscscan.com/tx/0x9c315f34674697fdd543c671b85b67b6a92d2582d5f279abc55bfe1a1738d93e
2023-03-21 16:30:36,True,1.634e-07,4.85e-10,141258.0,6.851e-05,0xba...fcfc,https://bscscan.com/tx/0x16a5bb917446d4fad1f7969bf814de13522a87c8b75784494007617191e255cb
2023-03-21 16:26:06,False,1.617e-07,4.825e-10,21583340.0,0.1041,0xce...9c5f,https://bscscan.com/tx/0x528f1ba5a9a97637a9b6a1ad1a6b24e6fa4f2610a7859529b03869b7f73e0677
2023-03-21 16:21:54,False,1.623e-07,4.829e-10,631000294.0,3.0476,0x2a...576a,https://bscscan.com/tx/0x7f21e3e4ab27d8f544d5ea8c6ee0f615f4daae725ff731ad9c88f51a9c3be1e6
2023-03-21 16:18:45,True,1.634e-07,4.853e-10,719069075.0,3.49,0x2a...576a,https://bscscan.com/tx/0x0a407a91af7cb99da8e5ffa55654b6645ced7c4ddceac0e7b5f344e0e84ae0b6
2023-03-21 16:15:33,False,1.619e-07,4.831e-10,1099423980.0,5.31184,0x2a...576a,https://bscscan.com/tx/0x5af756cd74d549e6ede2185a967319b82bbfd5998624b500e9c7fd4dd00a5c88
2023-03-21 16:14:57,False,1.629e-07,4.838e-10,40658272.0,0.1967,0x7a...446c,https://bscscan.com/tx/0x7bb41416a929effa2fe722aac0133ec2557cbd449f4b418badb8d5e2cca368e6
2023-03-21 16:12:24,True,1.635e-07,4.859e-10,502090638.0,2.44,0x2a...576a,https://bscscan.com/tx/0xaa91745eb8899af870960380f2122693a7bfaafcce546369e1894b47ce501adf
2023-03-21 16:07:51,True,1.626e-07,4.854e-10,391394551.0,1.9,0x08...af7e,https://bscscan.com/tx/0x5c4fc318f491b8ad97eee077079eee02d184f590571b9b2859889e081a8d546f
2023-03-21 16:02:39,False,1.617e-07,4.832e-10,709941735.0,3.43048,0xde...fa58,https://bscscan.com/tx/0x07068a52d9e787d1084de72bb824406a690f07d80bf1d25a9f03a6ee78eb47d9
2023-03-21 16:00:03,False,1.62e-07,4.839e-10,512241805.0,2.47883,0x1b...7f6d,https://bscscan.com/tx/0x42a7d15a64ca548422af18dded19373e791003cf31ed49d8d49fcd9398bcd8ff
2023-03-21 15:59:36,True,1.628e-07,4.863e-10,495523102.0,2.41,0xde...fa58,https://bscscan.com/tx/0xd6977b44fb4d71fd1c9ce81497937f7f66f740febc3f264064db9776a21856d4
2023-03-21 15:57:35,True,1.635e-07,4.86e-10,2000000.0,0.0097,0xd6...f1f4,https://bscscan.com/tx/0x2b851b8e0031ca126b3214fd641e5aa27cb1c4c841a6f77379667fa40b3ca77d
2023-03-21 15:56:59,False,1.62e-07,4.838e-10,405881671.0,1.96394,0x1b...7f6d,https://bscscan.com/tx/0x19245b84db4bb89df2d89786a6059b8c92517e35749a5f3cc3307ee68d2e8583
2023-03-21 15:56:34,False,1.629e-07,4.842e-10,327839510.0,1.58773,0xde...fa58,https://bscscan.com/tx/0x2a1ba0354b102f0ba430e4c59b5710ab34873cc48326b81fa72fa442425b3006
2023-03-21 15:55:31,False,1.631e-07,4.848e-10,579449343.0,2.80935,0x08...af7e,https://bscscan.com/tx/0x539d2e4a0288660b5102b564a6317726408aebc091d4ed762b49640b9a50cc9b
2023-03-21 15:55:18,False,1.625e-07,4.854e-10,425709817.0,2.06648,0xec...0165,https://bscscan.com/tx/0xb7958eb1d5eeb457c680c305d0c00b67c0fe05ca274be2ee9f72ca53eba90f72
2023-03-21 15:50:12,True,1.642e-07,4.876e-10,783360079.0,3.82,0x2a...576a,https://bscscan.com/tx/0x946dcb83c3c708e1bb51075aba2d5f845d917b46f6120e3271b68cd87a4bab8b
2023-03-21 15:49:03,True,1.639e-07,4.868e-10,513475445.0,2.5,0xec...0165,https://bscscan.com/tx/0xd9cf96fe0b7ce1bd55268424b7ca7b005720575c22658256df4ebbb5a84e2a5d
2023-03-21 15:48:09,True,1.629e-07,4.863e-10,416440237.0,2.02528,0x2d...932b,https://bscscan.com/tx/0x95af0994bd3663701c317f2377c69bc55e8f05073f0515088d1d520af2614ff2
2023-03-21 15:47:51,True,1.627e-07,4.856e-10,757761475.0,3.68,0x1b...7f6d,https://bscscan.com/tx/0xa92e1cb46f6abb3460642ecbb36e2226de9eec66b0d33b3222cd2ed34e784409
2023-03-21 15:45:57,False,1.619e-07,4.831e-10,707336244.0,3.41775,0xec...0165,https://bscscan.com/tx/0xfa0107183d933d902c0251a3cb33304a2d889b7024e97cc44ab1ea0b029cb37f
2023-03-21 15:44:51,False,1.621e-07,4.839e-10,626379536.0,3.03145,0x1b...7f6d,https://bscscan.com/tx/0xddfdff2231e314a58c68b0d9f26741e1330a2c4a6dc00883fdc84dd857d3228e
2023-03-21 15:43:51,False,1.623e-07,4.845e-10,394775146.0,1.91292,0x2a...576a,https://bscscan.com/tx/0x6b293fa1a49e6644d224b02187362c682b91f2db7feaf0c91b755ecde2b5627d
2023-03-21 15:43:09,True,1.639e-07,4.867e-10,864984302.0,4.21,0x08...af7e,https://bscscan.com/tx/0x86203bea927c7e6247beeebbf3d8bf4131c6999bb0a977d5aaa528e1288abebb
2023-03-21 15:41:21,True,1.635e-07,4.858e-10,555694180.0,2.7,0xde...fa58,https://bscscan.com/tx/0xa35c4cc5592fd6f2727bb5fb460d59652b6571864eed4fd3c18ad7dd38e4c627
2023-03-21 15:38:45,True,1.632e-07,4.851e-10,715267597.0,3.47,0x1b...7f6d,https://bscscan.com/tx/0x69460a80faa45a4e84db9b025793b6e89484ebedf535e7def4af7628fd17b9d8
2023-03-21 15:37:30,False,1.624e-07,4.827e-10,733759493.0,3.54201,0x2a...576a,https://bscscan.com/tx/0x1754ce43d08c1e6a94fa73a360bd5a8e4c0bdfeb5f297b331d9b3a2077cc92f9
2023-03-21 15:36:27,False,1.625e-07,4.833e-10,298300323.0,1.44175,0xec...0165,https://bscscan.com/tx/0xc565d625c8618774951e9ea25c72081b5b1dcf53778b2c0687955e34b455d845
2023-03-21 15:35:42,False,1.627e-07,4.836e-10,284055462.0,1.37387,0x1b...7f6d,https://bscscan.com/tx/0x830179165ff6d24ddf8bb80d65ac3d12fe205ff1f64886beec3fd3e809cd05e1
2023-03-21 15:34:18,True,1.635e-07,4.859e-10,467097379.0,2.27,0x2a...576a,https://bscscan.com/tx/0xc65d27128f3fc5759c1e4923f1c47bbf73d0b5f14e04d699c7b3f4ff3560ef12
2023-03-21 15:33:54,False,1.617e-07,4.835e-10,388826668.0,1.88001,0x25...06cf,https://bscscan.com/tx/0x74783527717ce63016cc5115e16316b6124bdb2a965703c948e77604303ed77f
2023-03-21 15:33:54,False,1.619e-07,4.84e-10,505897754.0,2.44869,0x08...af7e,https://bscscan.com/tx/0x924b6d7f99fe47de81fb51784f3723a4daca8baa38c4277edffbcdaca5da30a5
2023-03-21 15:33:21,True,1.634e-07,4.861e-10,1079981274.0,5.25,0xec...0165,https://bscscan.com/tx/0xac6805f5dbc6d9547d6a1cb3989aba3a348538a5e356c0bdb0ed735b0ce07d87
2023-03-21 15:32:39,False,1.617e-07,4.833e-10,553376607.0,2.67494,0x1b...7f6d,https://bscscan.com/tx/0xa7ec18238597edb307fa4332f789571f58422265d7bb1a8cb663528918174720
2023-03-21 15:29:39,True,1.625e-07,4.858e-10,566075020.0,2.75,0x1b...7f6d,https://bscscan.com/tx/0xa4f9afd907edb89f18dbafe990c3020251872d8e5d4da9fae20c5ceb6987de77
2023-03-21 15:28:00,True,1.623e-07,4.852e-10,358571403.0,1.74,0x2a...576a,https://bscscan.com/tx/0xabd4434683b4d1d7b855808a6c66540d97594c04ea5c5664049c526f7fbb1881
2023-03-21 15:27:42,True,1.622e-07,4.847e-10,581793422.0,2.82,0x08...af7e,https://bscscan.com/tx/0x42c4b6ffccb6af8c7b6acc6b69af34bb5c65fc9b960dea71cc5beb73105ba802
2023-03-21 15:26:48,True,1.621e-07,4.843e-10,33287998.0,0.1612,0x48...1c81,https://bscscan.com/tx/0x2869bcdd2778fb76a6af202b093b1200d1424d9a69f7656de3f4d602ad03d3dd
2023-03-21 15:24:36,False,1.617e-07,4.822e-10,642341621.0,3.09791,0x08...af7e,https://bscscan.com/tx/0x4117991a8f1e07c2c38599acc4576b68d947348f6a9503cde3d3929e96e3c59f
2023-03-21 15:23:33,False,1.62e-07,4.829e-10,504762254.0,2.43775,0x1b...7f6d,https://bscscan.com/tx/0x6ea7ff433e8281a2081957acd99fd8b080e4cd252dbbbecde06b4cb28b500dfd
2023-03-21 15:21:03,False,1.621e-07,4.832e-10,77354898.0,0.3738,0x24...4030,https://bscscan.com/tx/0x3ffb1b8a95fad840c1f53002897bbd8109d8c4289b8eb668ed59b93d11d0909d
2023-03-21 15:20:03,False,1.63e-07,4.836e-10,565231683.0,2.73382,0xde...fa58,https://bscscan.com/tx/0xf89590c584c9e685aeb539052ecec0475de38e33217e093260fc494a1802ed69
2023-03-21 15:18:30,False,1.633e-07,4.845e-10,970286367.0,4.70164,0x2a...576a,https://bscscan.com/tx/0x185c2e2272a0ec7c6fdea048cbd8e6eff98ddb8622a6d30c5857ec0fb3d56d55
2023-03-21 15:17:39,False,1.637e-07,4.853e-10,451585932.0,2.19197,0xec...0165,https://bscscan.com/tx/0x98e40e5a4b01193d9476b64ed36360a209c2f488bff11f8b36409d09e6366cc0
2023-03-21 15:17:00,True,1.636e-07,4.875e-10,931195506.0,4.54,0xde...fa58,https://bscscan.com/tx/0xeee205d76c75e96422d835f87e5e943bea51e924ece277ea8457d67676ed1888
2023-03-21 15:15:18,True,1.641e-07,4.863e-10,1065035048.0,5.18,0x2a...576a,https://bscscan.com/tx/0xc61baf9ba42050c649dbbf362e59e22787302e9908efaaa7cfac032c2e30dbbc
2023-03-21 15:14:24,True,1.637e-07,4.851e-10,1047144172.0,5.08,0x1b...7f6d,https://bscscan.com/tx/0x7e14f42f893dc2bbecb72e62ddec98d96359a007a4c16bf98c6c2cc8ec56ee18
2023-03-21 15:13:57,False,1.62e-07,4.824e-10,547537675.0,2.64141,0xde...fa58,https://bscscan.com/tx/0xf7bc9d110d40fd7640935b1ae5ca6ed8bd9522d11bf8f7d59a56e81984f6febd
2023-03-21 15:08:18,False,1.622e-07,4.831e-10,699307038.0,3.37859,0x1b...7f6d,https://bscscan.com/tx/0x81605d4b28669965b4267f1677314597251e1e515de41d41591d46537b6ba898
2023-03-21 15:05:36,False,1.625e-07,4.835e-10,6812469.0,0.0329,0x7a...9b3e,https://bscscan.com/tx/0x074132b0cc778e8e24e29c3296b94747afb95e704e97ae35ab7de09810780236
2023-03-21 15:04:51,True,1.633e-07,4.858e-10,308768384.0,1.5,0xde...fa58,https://bscscan.com/tx/0xed550cc644aef1aea388a5f36199f167549b854c729f13c8a503988218ac9b8b
2023-03-21 15:04:27,False,1.633e-07,4.832e-10,26104921.0,0.1261,0x4a...ab5c,https://bscscan.com/tx/0xfb71a623d55450540bad36a62bb0b5fecf7f6cca6a533c65952c6c0fc592fd44
2023-03-21 15:01:15,True,1.64e-07,4.856e-10,27943342.0,0.1357,0x0f...fe2e,https://bscscan.com/tx/0x4d2285cb6e066584d811201aea448d3ab72de87ce280408033dc3b21a4768c5a
2023-03-21 14:56:04,False,1.621e-07,4.832e-10,65268137.0,0.3154,0x29...1ae6,https://bscscan.com/tx/0xa1331da89d717d97bf4fe0bc21ad727446136b785fcfeb313a898444e0a110a0
2023-03-21 14:56:04,False,1.622e-07,4.834e-10,281364102.0,1.36021,0x6c...cf0c,https://bscscan.com/tx/0x0a7b9af796fc7911d505afd562245937a1ac6641f8cc115e5d33542583c5c5e4
2023-03-21 14:51:11,False,1.623e-07,4.838e-10,493491023.0,2.38793,0x58...5651,https://bscscan.com/tx/0xe31d82e3ea4d4dc594e1f61f4026dcf8499a27ab5a3559aaddda476789733b64
2023-03-21 14:50:38,False,1.632e-07,4.841e-10,6973854.0,0.0337,0xec...a62c,https://bscscan.com/tx/0x869ca5d30ccca398b9c380edbef2e48c5c361409ffe6f8da4e9a6e28836fde48
2023-03-21 14:49:56,False,1.625e-07,4.845e-10,633483949.0,3.06956,0x2a...576a,https://bscscan.com/tx/0x0e4193fc495d7d250feadf61ca36124644ca004e4a40da41e0b25415b808bb6b
2023-03-21 14:47:29,True,1.643e-07,4.871e-10,361290631.0,1.76,0x08...af7e,https://bscscan.com/tx/0xdfe8f7431443081ce1b01ed15eb450745420724e5e4a634647d4514b517cc4e6
2023-03-21 14:47:02,True,1.633e-07,4.865e-10,571319447.0,2.78,0x1b...7f6d,https://bscscan.com/tx/0xdb06bda21ffb0f617c4b24336a66d0129bb6bed98fff876d4a4d3eaabe0eec8f
2023-03-21 14:46:14,True,1.638e-07,4.859e-10,497979084.0,2.42,0xec...0165,https://bscscan.com/tx/0xca58d25dcd9fdaae7a67fb35cf9dbfcdd400e5cd82501714a1321a1134e3efb2
2023-03-21 14:44:32,True,1.64e-07,4.856e-10,13476658.0,0.0654,0x96...ef1c,https://bscscan.com/tx/0x57bc02dd3337f8db23692d628abeeed6bb88fabd16c86fe8056fe1600167b579
2023-03-21 14:44:26,True,1.639e-07,4.854e-10,418202606.0,2.03,0x08...af7e,https://bscscan.com/tx/0xb7e2944498f5fd27a4ebc2a9a816962fc1ceeabf304304e39ac4d6a657bafaa3
2023-03-21 14:44:02,False,1.623e-07,4.832e-10,898973693.0,4.34444,0x1b...7f6d,https://bscscan.com/tx/0x0afbabefc2c7068c222b346554c4d7f46d0cf05ece84e11f0041453e8ebc5cee
2023-03-21 14:43:35,True,1.64e-07,4.858e-10,697806485.0,3.39,0x2a...576a,https://bscscan.com/tx/0x93c11f3c83846bf2d5ab2a96cf12408ae2697c637539d744b421bfdf238c9014
2023-03-21 14:43:08,False,1.63e-07,4.831e-10,323251778.0,1.56183,0xec...0165,https://bscscan.com/tx/0xd7e1f4ad0b17ee913e549b41e65aeeb766928cbbb8f46d3d6037406876131fa9
2023-03-21 14:41:20,False,1.625e-07,4.838e-10,899039872.0,4.35024,0x08...af7e,https://bscscan.com/tx/0xacf1e2b858b343745aebd7070ce8daf2ba5848710ca88db9217ad74bc9a93a0d
2023-03-21 14:37:53,True,1.645e-07,4.863e-10,744253186.0,3.62,0x1b...7f6d,https://bscscan.com/tx/0x534b7aeaa60ec04402d5ed68040119c2e674e5f8f5fa420e5815eb7fc213d57b
2023-03-21 14:36:47,False,1.636e-07,4.839e-10,694704145.0,3.36192,0xec...0165,https://bscscan.com/tx/0xd9013ac0fa529551107de8d78e403f8e6dbd4beb8b11a9cccee48a9f71d452ed
2023-03-21 14:35:11,True,1.644e-07,4.863e-10,779334051.0,3.79,0x08...af7e,https://bscscan.com/tx/0x16f7b2d14d9cbf3fecf4f522c81ae784a82e47c5d04a7374304d5acd4455758f
2023-03-21 14:35:05,False,1.635e-07,4.835e-10,163800692.0,0.792,0x6c...3911,https://bscscan.com/tx/0xdb1beec1113caa73a615b3b8689352e90d3b6c92cdc3dad878a1f9bc1c586984
2023-03-21 14:34:35,False,1.636e-07,4.84e-10,673602137.0,3.26033,0x2a...576a,https://bscscan.com/tx/0x04caccad0c0d6c17e40e72d03a10033b495ae607124e9914d7caf21a7cbaf3ff
2023-03-21 14:33:38,True,1.644e-07,4.863e-10,748360310.0,3.64,0xec...0165,https://bscscan.com/tx/0x2a193958523a152ea148cdb79f2b88ccef685c704278cc16336163844331e089
2023-03-21 14:30:30,False,1.633e-07,4.837e-10,309793139.0,1.4985,0xec...0165,https://bscscan.com/tx/0xce371b5136fe4226fb6d3290a55e344958858bfdcdf67c233643c685687b2f82
2023-03-21 14:28:18,False,1.636e-07,4.844e-10,895875000.0,4.33976,0xde...fa58,https://bscscan.com/tx/0xdc8d64ae04f4f1cad978592dfc72dfd76f02a3fe03ffb2f7478992d9d0fb8635
2023-03-21 14:27:21,True,1.636e-07,4.869e-10,634498495.0,3.09,0xec...0165,https://bscscan.com/tx/0x11da6831bfa2a8fcd727b1d04600fa0c2e7ba5f9956556508e591ca5a1954261
2023-03-21 14:25:54,False,1.628e-07,4.846e-10,846323597.0,4.10205,0x08...af7e,https://bscscan.com/tx/0x3dca8cecd86333da9d8532ed9f57d6e098d8ee2033111a0155dbbf57f3449441
2023-03-21 14:24:36,True,1.646e-07,4.874e-10,371357121.0,1.81,0x2a...576a,https://bscscan.com/tx/0x36b04d2097ce24c62da6a6d6401c9f67779acdbee234044df98f0c24fd833c59
2023-03-21 14:24:15,False,1.63e-07,4.852e-10,802296757.0,3.89291,0xec...0165,https://bscscan.com/tx/0x1b9b5360ad7c0c445f1f21fddc09397f6fc4eef3637b1d4b6d2b0aacb21d0d23
2023-03-21 14:23:36,True,1.648e-07,4.881e-10,783607.0,0.0038,0xeb...cb76,https://bscscan.com/tx/0x1e8c2ddedf643b8b1202410e7cd4dbb9bcf1d736172a597fb2f75767c807ca39
2023-03-21 14:23:36,True,1.648e-07,4.879e-10,311993869.0,1.52235,0xeb...cb76,https://bscscan.com/tx/0x1e8c2ddedf643b8b1202410e7cd4dbb9bcf1d736172a597fb2f75767c807ca39
2023-03-21 14:22:45,True,1.647e-07,4.876e-10,181696942.0,0.886,0x5b...f5cf,https://bscscan.com/tx/0x6c52eed6d5f647759a31d695a70e0e5d07e0780d8073db7fa2d0729d6e8e21f4
2023-03-21 14:22:13,True,1.645e-07,4.87e-10,870583802.0,4.24,0xde...fa58,https://bscscan.com/tx/0x1c7e20d2ff967c04d5751dd09b6bf7a025672666e77d3d3e4f5f57b6df8f9546
2023-03-21 14:21:04,True,1.642e-07,4.862e-10,382486216.0,1.86,0xec...0165,https://bscscan.com/tx/0x2311a6f21db29e33c52d9823dd8840c6a88cdebbfaf0fef0c64c0df93b21c2b5
2023-03-21 14:20:04,True,1.641e-07,4.86e-10,43671641.0,0.2122,0x6f...86dd,https://bscscan.com/tx/0xdb4a87218ffb2e5527c96dede847514f164e3d7232a4d5b8e1d1602a25d1418d
2023-03-21 14:18:01,False,1.635e-07,4.84e-10,750925275.0,3.63469,0xec...0165,https://bscscan.com/tx/0x33d9d60251f8ce108a4eac8aed2fd6ed9b4a4b369406e75b0bbb5c60e2aeed51
2023-03-21 14:16:37,False,1.636e-07,4.844e-10,4622989.0,0.0224,0x82...37ce,https://bscscan.com/tx/0x20ab53141ea9eca2f5e18881d989d7262740ad69ede1657c25e67a5333a41d21
2023-03-21 14:13:34,True,1.643e-07,4.864e-10,803816775.0,3.91,0x08...af7e,https://bscscan.com/tx/0x580e3716638518b0f7e260c628b58a16020efb8f3ca722302dc48d611f4ea908
2023-03-21 14:11:52,True,1.63e-07,4.856e-10,467383597.0,2.27,0x2a...576a,https://bscscan.com/tx/0x69a32d86683c65ff8df72a501f400b7667284ae50622084e185b684804702864
2023-03-21 14:11:37,True,1.639e-07,4.851e-10,410167384.0,1.99,0xec...0165,https://bscscan.com/tx/0xbd8727aec7e6902a9b5229f5f7430956e92878face3cd1410c47a0fc8d556599
2023-03-21 14:10:25,False,1.632e-07,4.829e-10,772212444.0,3.72945,0x08...af7e,https://bscscan.com/tx/0xa98a5e3ebace20a0be870df9bd4b2a39599660a33713654ac0dd5c760ad42875
2023-03-21 14:10:04,False,1.627e-07,4.838e-10,757777530.0,3.66649,0xde...fa58,https://bscscan.com/tx/0x82b18ca026a8f3004c8e4072019f8ede095a0baedec16b2f66a39bbf2a456395
2023-03-21 14:07:22,True,1.641e-07,4.862e-10,837057345.0,4.07,0x08...af7e,https://bscscan.com/tx/0xa9f5ffe71d0e91ce2be80f26820ac0d2ed5465e47e09750d0dbdf7febc37a293
2023-03-21 14:07:01,True,1.637e-07,4.853e-10,665505994.0,3.23,0xde...fa58,https://bscscan.com/tx/0x779a4b3d8e417cb5b04835051da574bbcbde71aeb4cb861fa57a37176d0a2998
2023-03-21 14:04:16,False,1.621e-07,4.828e-10,543089793.0,2.62231,0x08...af7e,https://bscscan.com/tx/0xeeb2e25964b81d5155cbf53d27bc27d9afa751938c1528746184e99dc1c86261
2023-03-21 14:03:58,False,1.631e-07,4.833e-10,329422649.0,1.59229,0x89...1f89,https://bscscan.com/tx/0xa1cd5de2399460e8f00b1af57908c88ae79a97f2a10307207882bc8e3cd98fab
2023-03-21 14:00:55,False,1.624e-07,4.837e-10,357967821.0,1.7317,0xde...fa58,https://bscscan.com/tx/0xc20279ada58465884911a924c6ea9c5702a665e4872eb077d3f61eb9a1a64030
2023-03-21 13:58:19,False,1.634e-07,4.842e-10,541846323.0,2.62408,0x1b...7f6d,https://bscscan.com/tx/0x7f70f14adc9d2b6aa43c773487ae0abceea23889f94527d322d757a6c0d48ef1
2023-03-21 13:58:04,True,1.641e-07,4.867e-10,462239973.0,2.25,0x08...af7e,https://bscscan.com/tx/0x5621853929568afca8dc7d9eaa991d2ecb520a6d9a9686aea69b0362a4fcb2ec
2023-03-21 13:52:52,False,1.628e-07,4.842e-10,345262793.0,1.67197,0x2a...576a,https://bscscan.com/tx/0x587ecd416dec7fbb01186042d892ec22038c2ac92e84b0c016c42b13636697ae
2023-03-21 13:51:55,False,1.631e-07,4.849e-10,836862976.0,4.05839,0x08...af7e,https://bscscan.com/tx/0x7659a8a323953dfc175288ba0d95f84ae04bd46e611e856e3ba39dffce50bfd3
2023-03-21 13:49:40,False,1.631e-07,4.858e-10,720334026.0,3.49986,0x2a...576a,https://bscscan.com/tx/0xb9320a2a9fdbd251f7c4e229164a589253d82f75fc856a8183ef5aa31f7cf997
2023-03-21 13:47:03,False,1.631e-07,4.863e-10,23441794.0,0.114,0x6b...3198,https://bscscan.com/tx/0x0876166a6c4d1146456021ba9394359173897bc4c7864f3c186c206866a13c66
2023-03-21 13:46:13,True,1.638e-07,4.882e-10,806915999.0,3.94,0x1b...7f6d,https://bscscan.com/tx/0x45792e6d9e917becb01d1c68b47de2563f1b3483b133ce14f42e116f0a33fae0
2023-03-21 13:43:18,True,1.626e-07,4.875e-10,461510661.0,2.25,0x2a...576a,https://bscscan.com/tx/0xc826070add1cea0e8cbc07d8243c45f2c3dde038fcffe236ba4091de6ac60006
2023-03-21 13:42:39,True,1.632e-07,4.868e-10,616150869.0,3.0,0x08...af7e,https://bscscan.com/tx/0x0a3c3de2ee27fc7fae80ffedcc2ac363a6f63329e8c2d586413f4ecf92bede10
2023-03-21 13:40:13,False,1.614e-07,4.843e-10,366051688.0,1.77285,0xec...0165,https://bscscan.com/tx/0xbed38e5946d9ae22c0749898879347259653fd686910461e9a98f1d489ca4dca
2023-03-21 13:39:34,False,1.624e-07,4.849e-10,638902140.0,3.09806,0x08...af7e,https://bscscan.com/tx/0x97c96ac9d1df6b1f14c7859bc55ac34c9611837d4c14feb0f0ccf3f92a0b2eb5
2023-03-21 13:38:28,True,1.633e-07,4.877e-10,6971367.0,0.034,0x94...cd6e,https://bscscan.com/tx/0x2f4a8a841f2719a3900a6ce0d45728c4931150b11cc5f9f67b7f0504eae78aeb
2023-03-21 13:37:01,True,1.631e-07,4.875e-10,220273844.0,1.074,0x0e...5171,https://bscscan.com/tx/0x43174f2a4a08ec777e2a2d6c842257d0338c0b3ac020bc6a569925cbb6c092f3
2023-03-21 13:37:01,False,1.623e-07,4.852e-10,335900095.0,1.62981,0x1b...7f6d,https://bscscan.com/tx/0x621b8479932b47b2f033c235f3f8903eb5c178150af09fb03cd67768a99156f7
2023-03-21 13:33:52,True,1.623e-07,4.874e-10,584621222.0,2.85,0x2a...576a,https://bscscan.com/tx/0x1785d47d75fc4822a45350eaeb01aa79986152ee79988921dd5eaadae27cd009
2023-03-21 13:30:16,True,1.627e-07,4.864e-10,1134677962.0,5.52,0x08...af7e,https://bscscan.com/tx/0xb482187a1301e6b2c303bf24e2a70f4c9a9308e59637070f69bce0ceb03ecb5d
2023-03-21 13:27:25,False,1.619e-07,4.836e-10,459041423.0,2.22019,0xde...fa58,https://bscscan.com/tx/0x06189e32a8b4e65ac3c3514278872cbdc872d85b25f5f357d97dbca1ccfd066b
2023-03-21 13:24:19,False,1.621e-07,4.845e-10,1053437353.0,5.10434,0x2a...576a,https://bscscan.com/tx/0xc6b3f02684506950f859361f08e7b2d58be9f61d576d21d9f7ae586c37bab857
2023-03-21 13:24:10,False,1.617e-07,4.856e-10,870163694.0,4.22611,0x03...4b6a,https://bscscan.com/tx/0xe7ba3face10e7e42339a76ab7ebed629af3c84cce4124b0470d196ce4b8c880e
2023-03-21 13:21:49,False,1.621e-07,4.866e-10,792242817.0,3.85541,0x1b...7f6d,https://bscscan.com/tx/0xde4ac26d051e9ed5e8540b09857ab5cbee9603f146bf7e15cf4d8f4ecf171ae1
2023-03-21 13:21:25,True,1.63e-07,4.891e-10,609165209.0,2.98,0xec...0165,https://bscscan.com/tx/0x0a648cdd3263c236a90b1cb4997c59ff7765ab164f413194757a92031ce65028
2023-03-21 13:21:07,True,1.628e-07,4.883e-10,769897449.0,3.76,0x2a...576a,https://bscscan.com/tx/0x01467c6c92a330d612b5d2d79baaa0a76129fd2c20a9b9217cd9b58494625cdb
2023-03-21 13:21:01,False,1.62e-07,4.86e-10,901156359.0,4.37976,0x08...af7e,https://bscscan.com/tx/0x6872471ee6a109c9d5058c48840f4cf875de4c099a5ad7ca09debfb0f5f452c2
2023-03-21 13:18:46,True,1.639e-07,4.887e-10,339617902.0,1.66,0x1b...7f6d,https://bscscan.com/tx/0x02bf4bbfeef218a22cd3a017fb166be9b8608c129bb697645f341c52b999841e
2023-03-21 13:18:19,True,1.628e-07,4.879e-10,1008224616.0,4.92,0xde...fa58,https://bscscan.com/tx/0x36032d3369fb9ec84708e7ef2aa7616282fc36604b8abde3e8777736534ab3c8
2023-03-21 13:18:16,False,1.619e-07,4.852e-10,550712733.0,2.6725,0xec...0165,https://bscscan.com/tx/0xcf700cc024bb54bd2abae492523213acdb8e0d32199a7431e65bec07ca745a80
2023-03-21 13:17:55,False,1.622e-07,4.858e-10,338716859.0,1.64549,0x08...af7e,https://bscscan.com/tx/0x9046923640292a16797a9f3c7c5bb4ca37b98499ee44e0a62c27baf4d65b3ee4
2023-03-21 13:17:28,True,1.631e-07,4.883e-10,175000000.0,0.8545,0xcc...9545,https://bscscan.com/tx/0xbdcd3be4ac000d9e889fb2624beeb864cd051ed879f9e1b34ccf4556468868d0
2023-03-21 13:15:19,False,1.632e-07,4.86e-10,480094512.0,2.33363,0xde...fa58,https://bscscan.com/tx/0x81c794fe9d11bbfc7c9270dd03778af50ab88584cdf969cb4021359ae0cfe5fb
2023-03-21 13:14:49,True,1.631e-07,4.881e-10,1030337144.0,5.03,0x08...af7e,https://bscscan.com/tx/0xb25d8f47698f7fc24c6fc51cf384b3edc925c9761baaf15ce15140deaa3da33d
2023-03-21 13:11:58,True,1.629e-07,4.873e-10,398074331.0,1.94,0xec...0165,https://bscscan.com/tx/0xbaa2062809fcb9ea00c31164691fab6248ef9425e1d6e848f59d8696dfec9101
2023-03-21 13:11:40,False,1.62e-07,4.846e-10,9258221.0,0.0448,0x43...4929,https://bscscan.com/tx/0xad5237561e4ebd895226c81663ac91f766a1a9b3b1ecf3e9e1bfa33a22902a5f
2023-03-21 13:09:13,False,1.629e-07,4.849e-10,381827553.0,1.85153,0xde...fa58,https://bscscan.com/tx/0x72e5cad8113c234dc2c311171d03c97624b17359d07a6f8e0086d68e4a7b06af
2023-03-21 13:08:49,False,1.63e-07,4.853e-10,414623871.0,2.0125,0xec...0165,https://bscscan.com/tx/0x2165bd8f521ad5d3c81dc5421f96e5414f566a9669364cca1f399ed3bf44fc20
2023-03-21 13:08:40,False,1.633e-07,4.861e-10,940607450.0,4.57302,0x08...af7e,https://bscscan.com/tx/0x00b580242f7ffe01576a445baadac4abaef182cdd5b5ac8a2eb906e7fd7cb978
2023-03-21 13:08:28,False,1.635e-07,4.869e-10,355503669.0,1.73109,0x2a...576a,https://bscscan.com/tx/0x4e6dfe59bffa197d42412286ab034d2d77ec9f33b638981e0bc33de9160d5755
2023-03-21 13:06:34,False,1.628e-07,4.873e-10,395084618.0,1.92557,0x1b...7f6d,https://bscscan.com/tx/0xb73d03ec87780a98f9f92e350b4578dae5309968f8619b31cea031bb44464d67
2023-03-21 13:05:31,True,1.644e-07,4.893e-10,1160672567.0,5.68,0x08...af7e,https://bscscan.com/tx/0x89156bc4bd5990c6f321071ad8a2a329f19969795e99ec24dc8de07bb31fbaa8
2023-03-21 13:03:34,True,1.638e-07,4.881e-10,964942478.0,4.71,0x1b...7f6d,https://bscscan.com/tx/0x56628d7fc9913565c0fc71442a9b61dc8116d6a8f9b5c9a3d1fcbad6caf00fba
2023-03-21 13:02:07,False,1.621e-07,4.854e-10,553824672.0,2.68845,0x2a...576a,https://bscscan.com/tx/0xcd3ccb12b2d67060e122b094707835df6eb74afa39e246ab1af3d3e081271c2d
2023-03-21 13:00:31,False,1.623e-07,4.862e-10,880984854.0,4.28402,0x1b...7f6d,https://bscscan.com/tx/0x7c7d3a97171eb5097669e1843ea6a121d2dbfbb3e94c1d0c7a6fa961ec624d4e
2023-03-21 13:00:04,True,1.632e-07,4.889e-10,535876678.0,2.62,0xde...fa58,https://bscscan.com/tx/0x4dc6cb13cae1896ccb424e70d573c734b45c519b138d6a8fb26f72cba70277b4
2023-03-21 12:59:22,False,1.633e-07,4.867e-10,1058924899.0,5.15469,0x08...af7e,https://bscscan.com/tx/0xd9f0b91e7f0be1554eaf2c287e86ad9fb8e0ce3342371fc25ef7d90479dc8508
2023-03-21 12:57:28,True,1.634e-07,4.892e-10,997420916.0,4.88,0x1b...7f6d,https://bscscan.com/tx/0x31d3f628882474dd5b960f5f8e7c1acc1ac85a7c5559b4b242827597736f1883
2023-03-21 12:56:13,True,1.63e-07,4.88e-10,1018301314.0,4.97,0xec...0165,https://bscscan.com/tx/0x1486761b3f94ea5993024288d23d5b3b1ef0d2c69df7dd0eea84207847e55894
2023-03-21 12:53:10,True,1.635e-07,4.87e-10,720678285.0,3.51,0x08...af7e,https://bscscan.com/tx/0x453c653300f25f9537652936eee765c994a6fb91f467812818de1f08ff2a0f76
2023-03-21 12:53:07,False,1.627e-07,4.846e-10,806683089.0,3.90967,0xec...0165,https://bscscan.com/tx/0x8b72f0e12cd24f1fd604a4d5e6d7b20d5b19baad7ccc6bbd38cef0db0380753d
2023-03-21 12:50:55,False,1.63e-07,4.855e-10,681624245.0,3.3095,0xde...fa58,https://bscscan.com/tx/0xf0a3bfe8e4937561e5f5d7e05676ef13c29484f489b17bc9c5377b4b9c705bc8
2023-03-21 12:49:25,True,1.629e-07,4.878e-10,844487645.0,4.12,0x2a...576a,https://bscscan.com/tx/0x2cc9a5772ce4b1b63ff00676e5abe813068e867be8133266a3d28dc3c1d02dcd
2023-03-21 12:47:55,True,1.634e-07,4.868e-10,858554407.0,4.18,0xde...fa58,https://bscscan.com/tx/0x127cc856da1f6b4e28a9153f5316a4a496d1ae205c3e9a7eb26c496ce82059b2
2023-03-21 12:45:19,False,1.626e-07,4.844e-10,928471458.0,4.49821,0x1b...7f6d,https://bscscan.com/tx/0xb71e0605111e774b41074b67ca484e00562d4eceaa2796fa368a5fb25d68d2af
2023-03-21 12:44:04,True,1.628e-07,4.873e-10,100000000.0,0.4873,0xf7...cb26,https://bscscan.com/tx/0x85cc0ef7a2f16b49e36d9244485a3b5860ff9ed0b9cc383bdada1c668b359194
2023-03-21 12:43:19,False,1.627e-07,4.848e-10,54366.8,2.636e-05,0x20...804a,https://bscscan.com/tx/0xbff62744026f3a940e8974290c7e61e3fdd6d393aa58ced546f16e67ae52e67c
2023-03-21 12:42:16,True,1.625e-07,4.867e-10,1056069521.0,5.14,0x1b...7f6d,https://bscscan.com/tx/0x7fd5ac0ba49b66eee5ee3480d662b15dcfcd3ec43cd820c674cdde161dc53d06
2023-03-21 12:39:52,False,1.615e-07,4.838e-10,376873914.0,1.82363,0x2a...576a,https://bscscan.com/tx/0xd7cbf3769c248b79f2dfd892da3eff5639afda024ef47386970a869db965fee7
2023-03-21 12:37:25,True,1.622e-07,4.862e-10,559437753.0,2.72,0xec...0165,https://bscscan.com/tx/0x348a3e00a076ad69df53b9525a98f12b633e7fa21f284b9e0715ef9c4b42a922
2023-03-21 12:33:07,False,1.614e-07,4.838e-10,618824144.0,2.99393,0x1b...7f6d,https://bscscan.com/tx/0xd6eeda7b95d4f644bfbeea1685b5bf27fead6cfac314ceaf09f4663252e8efcb
2023-03-21 12:31:07,False,1.624e-07,4.843e-10,353957057.0,1.71449,0xec...0165,https://bscscan.com/tx/0x7ebcef28ccaf1c0be0de0a82714f2f070232a4550fdf2f00172aa260f3164fe2
2023-03-21 12:30:07,False,1.626e-07,4.849e-10,620597658.0,3.00957,0x1b...7f6d,https://bscscan.com/tx/0x82d6d20534b2a086c3bf633abb2d033407c1caa199ed332936d885982f3faa0b
2023-03-21 12:29:37,False,1.62e-07,4.857e-10,717385361.0,3.48457,0xde...fa58,https://bscscan.com/tx/0xb99219d0a25ce25a5e81fb5c54b45d0e14b18b4ab08f061f5964f7a37deffd47
2023-03-21 12:27:13,False,1.622e-07,4.863e-10,257785785.0,1.25362,0x2a...576a,https://bscscan.com/tx/0xae22844664ad0384357d7297dcc15b59854fa3ae1074be2339be83433ace1293
2023-03-21 12:26:34,True,1.638e-07,4.885e-10,538296324.0,2.63,0xde...fa58,https://bscscan.com/tx/0xef94f7d835c9d8c0accfa5fd93e75a220b67d0b834890d2e7c3276ece783881d
2023-03-21 12:24:04,True,1.632e-07,4.878e-10,705145198.0,3.44,0x2a...576a,https://bscscan.com/tx/0x8a345c7049a9603364b16277d33972ebc613e445490962d69d733db617e62585
2023-03-21 12:20:58,True,1.628e-07,4.867e-10,1199871404.0,5.84,0x1b...7f6d,https://bscscan.com/tx/0x89dc5a34d999cb39566e2fc960a407040812abb06a5f33026717f2e8cb0865a6
2023-03-21 12:20:52,False,1.618e-07,4.838e-10,369685980.0,1.78855,0x2a...576a,https://bscscan.com/tx/0xe960e9a5bf98cd9c5c2f3e8b0606a8bc8dd0194c42e3918a6de7942b6d714738
2023-03-21 12:18:04,False,1.62e-07,4.846e-10,1143537303.0,5.54258,0x1b...7f6d,https://bscscan.com/tx/0xc2c6601b4eb83d11635bab42951c5f4770a0cbbc06dc25b6bd63fa4a396c9cbf
2023-03-21 12:16:07,False,1.623e-07,4.855e-10,279605541.0,1.35754,0x08...af7e,https://bscscan.com/tx/0x90a83a2066c4573f3066358250afc26c6fc68b4f8c77b508ab06e6c6d5ebe332
2023-03-21 12:12:58,True,1.637e-07,4.881e-10,12238380.0,0.0597,0x5b...4dae,https://bscscan.com/tx/0x2d1a2193393deae798cb57c8edc0cb96c4e6ebb51eef1900f3f4ba3cf245364a
2023-03-21 12:11:19,False,1.623e-07,4.859e-10,516536990.0,2.51024,0x2a...576a,https://bscscan.com/tx/0x89afbbb58c85e78d0806e0e1d8e0e38c03f21ba6f7820a88c5fe67063dfb0499
2023-03-21 12:09:10,False,1.625e-07,4.865e-10,522984193.0,2.54476,0xec...0165,https://bscscan.com/tx/0x2c6c1d9501293bbd6d496da9049aa7cc4270331ddac7b646076208fe91b92b14
2023-03-21 12:08:19,False,1.635e-07,4.871e-10,509719275.0,2.48332,0xde...fa58,https://bscscan.com/tx/0x3c538f8de4bbef4d0f7d0f74b426c391dfd4a6a3050879de4d813fc04e028e52
2023-03-21 12:06:49,True,1.636e-07,4.897e-10,345084381.0,1.69,0x08...af7e,https://bscscan.com/tx/0xbecc2fd16aaa352e98d362cf0657e6d5296d369aca73d4012307c0b0a0abe6d5
2023-03-21 12:05:43,True,1.641e-07,4.893e-10,367863599.0,1.8,0x1b...7f6d,https://bscscan.com/tx/0x575266e44e42d24d20fde6c13ec8f53fcd299f5ad2ebc400711a2c441a90a84b
2023-03-21 12:05:01,True,1.639e-07,4.886e-10,710087207.0,3.47,0x2a...576a,https://bscscan.com/tx/0xc50b554d267fff57aa348915fa80aa2be682c437869476a0ba4253ec5c1eaeff
2023-03-21 12:02:43,True,1.636e-07,4.878e-10,614894716.0,3.0,0x1b...7f6d,https://bscscan.com/tx/0x126182549a038ae3ba40e61ab98ff7ba650dcb94f62fc35acdd215b400bfcf0a
2023-03-21 12:02:16,True,1.634e-07,4.872e-10,451505397.0,2.2,0xde...fa58,https://bscscan.com/tx/0x28015693665ca5ae73a8e0be5c8415076c5e28404ff24052e62da0bab49f34ca
2023-03-21 12:00:40,False,1.625e-07,4.847e-10,333511747.0,1.61672,0x08...af7e,https://bscscan.com/tx/0x13bb2497067d0aa8c5d3d1dd8f4ad779028a255042de0e85d9f0e2a79823acf0
2023-03-21 11:59:43,True,1.631e-07,4.866e-10,1179396767.0,5.74,0xec...0165,https://bscscan.com/tx/0x72e4061928d77b40a07fc94f9ded555dc0bed3214799e022bed67a1b1510631c
2023-03-21 11:58:40,False,1.621e-07,4.837e-10,264901329.0,1.28139,0x2a...576a,https://bscscan.com/tx/0x156c9a25e97cb7d970712cf228ddd2b511af554c9974f5a1bb75e29c9139f15f
2023-03-21 11:51:22,False,1.612e-07,4.841e-10,503498371.0,2.4378,0x08...af7e,https://bscscan.com/tx/0x2ff6d485bd608bd5a9edf386b9e40306fa4d5fc9685e40beccdc707fe5078299
2023-03-21 11:49:10,True,1.62e-07,4.865e-10,521999398.0,2.54,0x2a...576a,https://bscscan.com/tx/0x05f02e5bf745a17501ae5dae355fa0b1db7bf1f04e2d7184e41e15d6fc9dddd7
2023-03-21 11:48:19,True,1.617e-07,4.856e-10,1004750141.0,4.88,0x08...af7e,https://bscscan.com/tx/0x825da4da047713619de1911db2d42ae8110afdccac1cedeb20e2d0515d779cf9
2023-03-21 11:47:10,False,1.608e-07,4.83e-10,678991039.0,3.28005,0xec...0165,https://bscscan.com/tx/0x6405c988befacb33acec665cc72b9ad2802384a45d71f0eacc5c66d9fefe543d
2023-03-21 11:46:01,False,1.619e-07,4.838e-10,562603103.0,2.72188,0x2a...576a,https://bscscan.com/tx/0xd90320524cbf6a8b8609c6a6acca9b641209b4bf776b577812f2266f2f4a01e3
2023-03-21 11:45:52,True,1.628e-07,4.865e-10,61662100.0,0.3,0xed...cc4a,https://bscscan.com/tx/0x701a5c7c95ed17242618d4848e4e2558a88b4ed30bc73fc5ffb72328d798095b
2023-03-21 11:45:43,True,1.627e-07,4.864e-10,61671299.0,0.3,0xed...cc4a,https://bscscan.com/tx/0x34c0cc486926fb2ce3c9085cca16990296443547471330580b8e8177776ca5c9
2023-03-21 11:45:10,False,1.621e-07,4.846e-10,1093653625.0,5.30012,0x08...af7e,https://bscscan.com/tx/0xe491ec3cc868077b178c0d895b0414e60661713de1b41f525ed316c13366a023
2023-03-21 11:44:25,False,1.624e-07,4.855e-10,423175959.0,2.05457,0x1b...7f6d,https://bscscan.com/tx/0x226c51b59809daf60a06d040d2419057e6fd1ddf2f53640063f9468a2f5ccd51
2023-03-21 11:42:49,False,1.617e-07,4.86e-10,529479734.0,2.57366,0x2a...576a,https://bscscan.com/tx/0x348a878a0115e651c9c78b9e0a8c4713c8bd2cff53b9e34e8401ac71bf98d87e
2023-03-21 11:40:55,True,1.632e-07,4.884e-10,589590287.0,2.88,0xec...0165,https://bscscan.com/tx/0x81111f80e901f2c9baa0e5f866452ffacfd98ee369af433016a466e840726e46
2023-03-21 11:39:37,True,1.621e-07,4.877e-10,660193716.0,3.22,0x2a...576a,https://bscscan.com/tx/0x82f898a11847f62fa287d8fd89acc2059eb044e7b9967f420931b046c9ae9960
2023-03-21 11:39:04,True,1.619e-07,4.868e-10,840093664.0,4.09,0x08...af7e,https://bscscan.com/tx/0x2ce16330e6db4c40159e9b997fda1ed780e6736a2b690312b6c656be40f5094a
2023-03-21 11:38:46,False,1.609e-07,4.839e-10,7171447.0,0.0347,0x56...b034,https://bscscan.com/tx/0x4654faff43c641aec7ec2a28c638b1e52d7bf7b28af03fa22a13e0babc526acb
2023-03-21 11:37:55,True,1.617e-07,4.86e-10,460816627.0,2.24,0xde...fa58,https://bscscan.com/tx/0x7583cc87644c25aa5d40cc21c886e3e2cad5bbc54496c66d03a483f2096ba31e
2023-03-21 11:36:28,True,1.615e-07,4.854e-10,560254175.0,2.72,0x2a...576a,https://bscscan.com/tx/0xf0e4502b03790b78578a56e1159e7e538b03607a79a14fc750dfb09fcda8158b
2023-03-21 11:32:52,False,1.616e-07,4.828e-10,250420759.0,1.20925,0x08...af7e,https://bscscan.com/tx/0x38dc6eef5cb8cd6a0d14395b8d1c9e8773d824dab511cbd28599d63fd1df4dd7
2023-03-21 11:31:49,False,1.61e-07,4.834e-10,702273049.0,3.3951,0xde...fa58,https://bscscan.com/tx/0xdc8336cffc6e2f37cd55a6a41ecfbbe666a422ef0000d0cc0bbebc23f068e7b1
2023-03-21 11:28:19,False,1.611e-07,4.84e-10,373696574.0,1.80896,0xec...0165,https://bscscan.com/tx/0xeb16e9fd2fea265996b37b51a87d8f29759099d488050975e48e6febb0241bf7
2023-03-21 11:26:58,False,1.614e-07,4.849e-10,1208158108.0,5.85954,0x2a...576a,https://bscscan.com/tx/0x5047cb47a03d8ed3dfd7059bdbf6588e8dbf851e9dcc8f68eb65cd1df57e5ca2
2023-03-21 11:25:10,False,1.625e-07,4.86e-10,549897354.0,2.67266,0xec...0165,https://bscscan.com/tx/0x9bbb2076d3603eef546df28583ee51c42d0a560c5f4b066527698a6cd9b7b1b9
2023-03-21 11:23:46,True,1.622e-07,4.884e-10,620361941.0,3.03,0x2a...576a,https://bscscan.com/tx/0xf226788142db520182947110c2388eb22834b2f199a1b9bb14edc04dc558ec4c
2023-03-21 11:22:43,False,1.613e-07,4.857e-10,283964120.0,1.37946,0xde...fa58,https://bscscan.com/tx/0xded4d898aa7efd9763d84f3f02692a70208474f7886b39fc8899e9ff09e3bf35
2023-03-21 11:22:01,True,1.629e-07,4.88e-10,616768162.0,3.01,0xec...0165,https://bscscan.com/tx/0xfbe271593db399d49fab81f9d849612da8984d8169946a108f5ef62e23e14a78
2023-03-21 11:20:31,True,1.618e-07,4.873e-10,492436315.0,2.4,0x08...af7e,https://bscscan.com/tx/0x6f2fcda418f317c4c6f69d7a3c9eba49e43d279807a3cde7d5088ce43efb0a97
2023-03-21 11:20:07,True,1.624e-07,4.867e-10,589643574.0,2.87,0x1b...7f6d,https://bscscan.com/tx/0xd7f4191e6c6564d1859b2ea46dc8dcff7c2e76f0b76efac1ac5bf0c0d0392fad
2023-03-21 11:18:52,True,1.613e-07,4.861e-10,436096192.0,2.12,0xec...0165,https://bscscan.com/tx/0xcf9643c9d41dfc0eb2e2269f3f1caddd25ace224f69e2d60dc6e74995de20764
2023-03-21 11:17:25,False,1.612e-07,4.839e-10,796905331.0,3.85634,0x08...af7e,https://bscscan.com/tx/0xbf95a630262f36f5378e1f4d904a9bf16033ec46bc3728b93ffa3afe9a7e1cf2
2023-03-21 11:14:16,True,1.622e-07,4.864e-10,686669420.0,3.34,0x2a...576a,https://bscscan.com/tx/0x311fb2a40f4b3a791f13beb72699c39ef2a057838fbf5e3eee7ba88cc972be1f
2023-03-21 11:13:34,True,1.611e-07,4.856e-10,586833328.0,2.85,0xde...fa58,https://bscscan.com/tx/0x850d293836494c856b9bfa2e96f72f6f0f6576747102ea2c0fb32b74fe55ccd8
2023-03-21 11:11:03,False,1.604e-07,4.833e-10,786232000.0,3.80024,0x2a...576a,https://bscscan.com/tx/0x98644fe4002dbd3df41006548044c0094e96147524ea01653c54c244ed5ab488
2023-03-21 11:09:27,False,1.606e-07,4.841e-10,612573370.0,2.96586,0xec...0165,https://bscscan.com/tx/0xd73bebfc3c328f9adebb088c575dd2d67b5d89a2111797d13650c4506251feb4
2023-03-21 11:04:56,False,1.617e-07,4.851e-10,995240697.0,4.82797,0x1b...7f6d,https://bscscan.com/tx/0xf681a37fcf754878115600aa81c8663b4c5aa1fb45b8a695d44a797d07ea3a90
2023-03-21 11:04:23,True,1.626e-07,4.878e-10,418136671.0,2.04,0xde...fa58,https://bscscan.com/tx/0xe4551b08d1da9239710873c5c21fae2fb818359fad15a315822c2a78587c6ea9
2023-03-21 11:03:11,True,1.624e-07,4.873e-10,447300914.0,2.18,0xec...0165,https://bscscan.com/tx/0x8d3b122f0a57adccdd266f9f543f4ada0ed770ceb9a9903d5daf7cf17b7b26e4
2023-03-21 11:01:51,True,1.622e-07,4.868e-10,499168448.0,2.43,0x1b...7f6d,https://bscscan.com/tx/0x62944da43113980917b6eb5c23cd529eeb68fee4b10c5ff9d7469a86b4aa53ba
2023-03-21 11:01:34,False,1.606e-07,4.844e-10,556551200.0,2.696,0x2a...576a,https://bscscan.com/tx/0x9e04e9791b0500a7755a2ac86851a20c28761277870faa9be04c4d4d77771fc0
2023-03-21 10:58:47,False,1.616e-07,4.85e-10,566806464.0,2.74941,0x1b...7f6d,https://bscscan.com/tx/0xdfbce05634d89011b69332ebd7c00be47458c5c9950e3fad4ddd7d956c0cf143
2023-03-21 10:56:56,False,1.618e-07,4.856e-10,499557943.0,2.42633,0xec...0165,https://bscscan.com/tx/0xaac159b76f392207113a4c033780d23e7dece4e83ed6e75313f33ee8bb701355
2023-03-21 10:54:41,False,1.619e-07,4.859e-10,435082.0,0.0021,0x8b...d30f,https://bscscan.com/tx/0x28f3e2a2be2893cfa0712bbddae03bd0bae58bca1f17b062b9fa81cd5b611d58
2023-03-21 10:54:38,False,1.619e-07,4.859e-10,13678440.0,0.0664,0x04...1e93,https://bscscan.com/tx/0xc4be648e5a3cdaaa4db9cda663cd1512de12e2a4d058a96e443c64d09b4a079e
2023-03-21 10:52:43,True,1.619e-07,4.882e-10,352289306.0,1.72,0x08...af7e,https://bscscan.com/tx/0xfdedc692be26f1ab12fb68b53064ad4a63de3d08f62fba1339ee37318af3db62
2023-03-21 10:47:49,True,1.628e-07,4.879e-10,122962364.0,0.6,0x83...33a6,https://bscscan.com/tx/0x1a2dea89f4da606d632c196698a02410db389ea0a8b1595d8710f6fe0932ed4b
2023-03-21 10:44:19,True,1.624e-07,4.875e-10,539417920.0,2.63,0xec...0165,https://bscscan.com/tx/0x1143e874aaa899f0648ea0e5a07e73498e995fd5add81e266ded1613ab618169
2023-03-21 10:43:37,True,1.62e-07,4.866e-10,1064492807.0,5.18,0x1b...7f6d,https://bscscan.com/tx/0x7f2e0ef507a02633040d42f8b72fe579e000e0f51e423986d894949abfc1a9f6
2023-03-21 10:42:34,True,1.606e-07,4.853e-10,1106438241.0,5.37,0x2a...576a,https://bscscan.com/tx/0x4ca725040426a338df8594253ab627d937a51e8b3443381e2dccb57dd50890eb
2023-03-21 10:41:31,False,1.596e-07,4.822e-10,46133.5,2.224e-05,0x8b...d30f,https://bscscan.com/tx/0xe955f61c02710641e3333cd6f3b7fc0ffbdc298840c91694d9858a2da3913701
2023-03-21 10:41:10,False,1.597e-07,4.825e-10,505860853.0,2.44112,0xec...0165,https://bscscan.com/tx/0x9d35a4685528a1e7e94cae0cf83b3d555436eda95086a662729d014035b4b61e
2023-03-21 10:40:43,True,1.606e-07,4.852e-10,2060651.0,0.01,0x8b...d30f,https://bscscan.com/tx/0x52fe1dd565605970d21c4c7112df0a758813d9ac847ffd300520a8012917d677
2023-03-21 10:40:34,False,1.607e-07,4.831e-10,511484067.0,2.47127,0x1b...7f6d,https://bscscan.com/tx/0xd7d517fbfb4d8794dff3f9c022d6d6aa1121cee44fa4fac344aab552c5fd80b8
2023-03-21 10:40:19,False,1.609e-07,4.838e-10,601584905.0,2.91051,0x08...af7e,https://bscscan.com/tx/0xa3f0119027e868547e28a655c2d7c538dcb0822d8451df17042f5ed7c12dc990
2023-03-21 10:39:22,False,1.613e-07,4.848e-10,1163292389.0,5.64009,0x2a...576a,https://bscscan.com/tx/0xbddad571a520aaeb7503bbb8c30336468d254a9c8f69f0681aca6301789ae14d
2023-03-21 10:37:31,True,1.614e-07,4.877e-10,360846159.0,1.76,0x1b...7f6d,https://bscscan.com/tx/0xc5d30e8d249d46815291338c93931f4b1ea0753168f032a876678eac201608ae
2023-03-21 10:37:13,True,1.612e-07,4.87e-10,804838358.0,3.92,0x08...af7e,https://bscscan.com/tx/0xd7e8439610fe08d56ebbcdb1bbacdae1083b3343a3e07d90c99364853714bcaf
2023-03-21 10:35:25,False,1.602e-07,4.841e-10,1346218.0,0.0065,0x8b...d30f,https://bscscan.com/tx/0x0e1b7fa31ecf02840a28247e1efffa51b9592472a7151f26003f7ad645fa26a4
2023-03-21 10:34:52,True,1.617e-07,4.863e-10,396834802.0,1.93,0xec...0165,https://bscscan.com/tx/0xcae2c9f7debf98b92874efd05923b239042a69985e3eceae60a74ca9c60b1000
2023-03-21 10:34:28,False,1.609e-07,4.842e-10,876845622.0,4.24569,0x1b...7f6d,https://bscscan.com/tx/0x3d2f321ea9f2b4e30ecbb641e5102edc3c9b866ddf0a180c3366e4a7aa63a748
2023-03-21 10:33:37,True,1.611e-07,4.871e-10,2052781.0,0.01,0x8b...d30f,https://bscscan.com/tx/0x66aab8ddc617e297602845a5a2cb3a8c219df111e44ba947e15af424cc3226b0
2023-03-21 10:33:01,True,1.608e-07,4.866e-10,900101078.0,4.38,0x2a...576a,https://bscscan.com/tx/0x9f8637e0e41fbfc9e4c9e639852f7abddc5aca01d6f0d406dd068ba8733142b6
2023-03-21 10:31:34,False,1.607e-07,4.836e-10,1346955.0,0.0065,0x8b...d30f,https://bscscan.com/tx/0xcbdb482fe2c0b36c998d66ec37566c5a9cb11da104e8e12c4d2ecf533acefd47
2023-03-21 10:31:25,True,1.613e-07,4.854e-10,1019598237.0,4.95,0x1b...7f6d,https://bscscan.com/tx/0x170eaf832baa1bc2845a55f2871288d92fe02301cce53bc9987d929900197a0b
2023-03-21 10:29:52,False,1.603e-07,4.826e-10,314364073.0,1.51728,0x2a...576a,https://bscscan.com/tx/0x6f82aeeb20e1e3515f1bc9c4e744534d927cdbce7128369121ad7265e6eb2816
2023-03-21 10:28:22,False,1.604e-07,4.833e-10,872095168.0,4.21519,0x1b...7f6d,https://bscscan.com/tx/0xa2e5ea306ab3d5f34a1502d9f53a435d68f81e95335fcc183eed86f095968b05
2023-03-21 10:25:19,False,1.606e-07,4.84e-10,306152443.0,1.48186,0x1b...7f6d,https://bscscan.com/tx/0x16ae9934ca72cd8ed37a51dfcb225bb06da0c6eeec36a36f1501f78b61a423bf
2023-03-21 10:22:19,True,1.605e-07,4.861e-10,909275431.0,4.42,0x1b...7f6d,https://bscscan.com/tx/0x04525706e0af26e9c8b1cb424c49cb10111639b8362938fc2f409112ae72b9eb
2023-03-21 10:21:49,False,1.607e-07,4.834e-10,531074814.0,2.5675,0xde...fa58,https://bscscan.com/tx/0x2b7cc3beee716cc98b0d356f021f0a2da32773ce952e8d524a013304a4d15293
2023-03-21 10:18:40,False,1.609e-07,4.84e-10,495916939.0,2.4005,0x08...af7e,https://bscscan.com/tx/0x6309cdb4f295a67476568696a6d61489affec5c071bd0af69af1e4827342d760
2023-03-21 10:17:22,True,1.609e-07,4.867e-10,11120199.0,0.0541,0x02...ce3f,https://bscscan.com/tx/0xedc5eea3c728e2e56f43187c7b2e47c10f036904f8d8cdd1c766150fbbc923fd
2023-03-21 10:16:43,True,1.609e-07,4.867e-10,57915819.0,0.2818,0xf8...2bb1,https://bscscan.com/tx/0xc81fbb344c47e2f833b9eac895537e44ef8381d3f5ac78af02ecff4e820dd526
2023-03-21 10:16:13,False,1.61e-07,4.844e-10,298152479.0,1.44436,0x1b...7f6d,https://bscscan.com/tx/0x3afd7bcf082efcd1bc20c5cb614ccaa1262cc9aad02adb4b2386ca3c4d45928c
2023-03-21 10:16:04,False,1.612e-07,4.85e-10,781848451.0,3.7925,0xec...0165,https://bscscan.com/tx/0x5e0b6640d22dc9df6973fc919622e5ab5157b680b1448449cc1a465ac2772834
2023-03-21 10:13:07,False,1.613e-07,4.855e-10,29103205.0,0.1413,0x95...fe4c,https://bscscan.com/tx/0x6dae3f0020b2766fe86342a2240450fc8157e5065f719cc0981a75d451350af6
2023-03-21 10:10:52,True,1.621e-07,4.875e-10,734265007.0,3.58,0x2a...576a,https://bscscan.com/tx/0xb09a96db9dced48b93eb40fd5f1dd4e0d1de1a801e0af7e3400d08823aa16fc9
2023-03-21 10:10:43,True,1.619e-07,4.871e-10,800609.0,0.0039,0x7d...baaf,https://bscscan.com/tx/0x65fb8a180ca02c282d08ed80b389d0a8b7d6fb2cd3c16630aa3c46f3aea90b49
2023-03-21 10:09:40,False,1.605e-07,4.85e-10,559812910.0,2.71523,0xde...fa58,https://bscscan.com/tx/0x196d4ee344e8e626d619b0fa2fb7a2c3f7300eb0a3db3e373e3953eb2ede3980
