datetime,buy_order,price_USD,price_native,amount_token,total_native,maker,etherscan_url
2023-03-30 08:58:28,True,1.408e-07,4.494e-10,536213943.0,2.41,0x2a...576a,https://bscscan.com/tx/0xfcf1c4862b7a2ba2fe3b5c2e8ab09eb803ee94661a9865bfea1485243e5ab361
2023-03-30 08:58:22,False,1.402e-07,4.473e-10,825569395.0,3.6932,0xec...0165,https://bscscan.com/tx/0xcd7de25cfd126bcf4248930ba2917bcfdbfda749adfa3c27d8c2739dbbdf18c8
2023-03-30 08:52:40,True,1.41e-07,4.496e-10,745046054.0,3.35,0x08...af7e,https://bscscan.com/tx/0xe2730dc1f3072d9f09f9bf9454a4a029f0f8784a3544064023315e0108f0196f
2023-03-30 08:51:43,True,1.408e-07,4.49e-10,385255781.0,1.73,0xde...fa58,https://bscscan.com/tx/0x650d054a027c5900d4d166a9d84b9aa7993a3482dada9e046c60aaf4b200cc60
2023-03-30 08:51:37,True,1.406e-07,4.486e-10,396747039.0,1.78,0xec...0165,https://bscscan.com/tx/0x4de66de02e8d1e838ce47442a348ad2862b49576568be0a155e99f61e59f0020
2023-03-30 08:51:31,False,1.4e-07,4.464e-10,452917998.0,2.02199,0x2a...576a,https://bscscan.com/tx/0x3a0f1be642e264a2af899b5c2f27a2e2b2bd6846183ae2a306e7928d12fd914c
2023-03-30 08:51:25,False,1.394e-07,4.468e-10,287043686.0,1.28256,0x08...af7e,https://bscscan.com/tx/0xafc1923c7a0d206e21d77c988a0447637146a7a67dc416d6d8d8bd0ed95bd4e1
2023-03-30 08:49:19,False,1.397e-07,4.469e-10,9573874.0,0.0427,0xf9...c4f3,https://bscscan.com/tx/0xe12473877d37df76843fc37bc7810a7bdcfca0493434d884ce39b7abaa108f0c
2023-03-30 08:45:45,False,1.404e-07,4.471e-10,279740479.0,1.25077,0xde...fa58,https://bscscan.com/tx/0x29c7732d7ddf5f8c73545f021d3dad8ab24c2becee77f761b6a40cdc47c55452
2023-03-30 08:40:02,False,1.405e-07,4.474e-10,327919077.0,1.4672,0xde...fa58,https://bscscan.com/tx/0xbf1ac45e144b329af6e1b9aaa4639633223bbcb0aa2be7479fffbceaff2cbaa2
2023-03-30 08:39:53,True,1.411e-07,4.494e-10,678544122.0,3.05,0x2a...576a,https://bscscan.com/tx/0xaa1351a1d67df0d32c60c4e364da9f6d6228c520250f8106904f2653b762a87d
2023-03-30 08:37:15,True,1.41e-07,4.489e-10,454437837.0,2.04,0x08...af7e,https://bscscan.com/tx/0x6f5df8bf207fd2fcb6b4927b526be10ee4712981e83a1285480d97cde4d86615
2023-03-30 08:35:36,True,1.402e-07,4.483e-10,537473143.0,2.41,0xde...fa58,https://bscscan.com/tx/0x6e8deef7b3d0a54a19350aa07a6cb244bc7da937b3e1325018447802367c0662
2023-03-30 08:35:27,False,1.395e-07,4.461e-10,544869131.0,2.43098,0x08...af7e,https://bscscan.com/tx/0x964ad18d3df6ae5ee602e6051750986fff894bb6ded8b8b3dc8fa48533862157
2023-03-30 08:30:00,True,1.409e-07,4.486e-10,11200000.0,0.0502,0x4d...27a6,https://bscscan.com/tx/0x0851e980a9a3104477270305b21c8dbf71bf7077d1ee8ee4e1e56ed5516f8a42
2023-03-30 08:29:57,False,1.402e-07,4.465e-10,300150083.0,1.34041,0xec...0165,https://bscscan.com/tx/0x332121373f56b3787770e8ae987002a4009d65773a564e9dc97c421c07d69e13
2023-03-30 08:28:26,False,1.404e-07,4.472e-10,986502012.0,4.41204,0x2a...576a,https://bscscan.com/tx/0x0f4d0d7fc4cee5db48f95e745b55991f34181fa7e0b48e6c397d68513430d412
2023-03-30 08:27:38,True,1.413e-07,4.497e-10,380171683.0,1.71,0xec...0165,https://bscscan.com/tx/0x70ec6ec0492c965f6760e22e8b922c5916d30d14221b60f9a5420eb2974ea670
2023-03-30 08:27:29,False,1.406e-07,4.477e-10,720966150.0,3.22795,0x1b...7f6d,https://bscscan.com/tx/0xfb306a387239038a6fc9a66ed3195e8c6a9a435bdaf5d82a10824a0a822f82f7
2023-03-30 08:14:20,True,1.406e-07,4.5e-10,593283855.0,2.67,0x08...af7e,https://bscscan.com/tx/0x91263c4ca58dc8bf72504b2ca7ed9051e20682c0f7e12ffdf868cf2672a03c50
2023-03-30 08:11:02,True,1.412e-07,4.494e-10,451616420.0,2.03,0xec...0165,https://bscscan.com/tx/0x0d63f673f999e37af729a189a27447b000d4ccbd5532167f50aff0efd9c5c3b8
2023-03-30 08:10:59,False,1.404e-07,4.472e-10,376945137.0,1.68575,0x08...af7e,https://bscscan.com/tx/0x5aa0d7f0a14a31ebb1346fcd3fa747c89be70c70c503c85ff5de5dcae8cdc7bd
2023-03-30 08:09:20,True,1.404e-07,4.494e-10,429433072.0,1.93,0x1b...7f6d,https://bscscan.com/tx/0x0a834ffba25a2be89f74776378338412ffa28728d0c5f38566ce6a529373de85
2023-03-30 08:09:14,True,1.402e-07,4.487e-10,813302616.0,3.65,0x2a...576a,https://bscscan.com/tx/0x6b2272f35014ae0c0a491357ad30b49621d811ad6d10f87ebf5e58aec4051360
2023-03-30 08:06:20,False,1.394e-07,4.461e-10,10039534.0,0.0447,0xcf...1eb3,https://bscscan.com/tx/0x76f4e74fdd535502a2b14f357f95af2e8ba476aa019d0c39528d50c864415f4e
2023-03-30 08:03:38,False,1.402e-07,4.465e-10,724057005.0,3.23299,0xec...0165,https://bscscan.com/tx/0x914e37adbaf3c14a3db2981642cf89f3c6666a4ef8ec2b2c1055b75afeca8df1
2023-03-30 08:00:23,True,1.403e-07,4.49e-10,100727841.0,0.4523,0x94...5119,https://bscscan.com/tx/0xf8acea7cdf322a73e9dc685f642347124e14c00eded517787f0578c772effed4
2023-03-30 07:58:05,False,1.403e-07,4.471e-10,796434274.0,3.56155,0x2a...576a,https://bscscan.com/tx/0x5db43b8e5afbf0419eabd91ded1da382968e4053e7ba4520c7f3d66f22ea67a9
2023-03-30 07:57:47,True,1.404e-07,4.495e-10,489336511.0,2.2,0x1b...7f6d,https://bscscan.com/tx/0xcf85dd0ef93fde17d96bb8b4601df462072350c72628fa910e3b07abc3b1fe30
2023-03-30 07:56:08,False,1.404e-07,4.473e-10,478054101.0,2.13851,0x08...af7e,https://bscscan.com/tx/0xc0b9a4b0f30a31e0568ec4425f1edcbd354929002333ecc54da492cbf36d99aa
2023-03-30 07:55:53,True,1.403e-07,4.493e-10,988166066.0,4.44,0x2a...576a,https://bscscan.com/tx/0x8a906e8f9bd6ffac9d828fd6dadfb73b6d458ad583f76175720b116c4edd4bb4
2023-03-30 07:55:47,False,1.395e-07,4.467e-10,415645895.0,1.85702,0xde...fa58,https://bscscan.com/tx/0x270796acea465d667a7360982d1144686d40bf4816cd2dfcdb9f23829ebcfe1d
2023-03-30 07:55:05,True,1.41e-07,4.492e-10,64558915.0,0.29,0xa9...0fe7,https://bscscan.com/tx/0x7fe6750b9cd683d8a526b9e143b75e659388d49a0e2c62d86ed0861f81d8e849
2023-03-30 07:54:23,False,1.403e-07,4.47e-10,243946802.0,1.09057,0x1b...7f6d,https://bscscan.com/tx/0x4836a00cb9c13f25aaff5f0ccdaa9376c802ca826e06433e9f3dbe68e9a33695
2023-03-30 07:54:17,True,1.409e-07,4.489e-10,888719404.0,3.99,0x08...af7e,https://bscscan.com/tx/0x50ce77a387861bb18db91d2ef1acefa6c4ea9b56abecc7fbde4f3a27b64bdce1
2023-03-30 07:54:11,False,1.401e-07,4.464e-10,284445988.0,1.26979,0xde...fa58,https://bscscan.com/tx/0xd7f01f67be54f9e6969babb4e02873ddd2e30d53e3fb9d91d118454a035ae6dc
2023-03-30 07:50:26,False,1.402e-07,4.468e-10,567527361.0,2.53597,0x1b...7f6d,https://bscscan.com/tx/0xe1c7166693869a49d1e329688d1001e36d90d8f8156c118a9f8621b65c5529c1
2023-03-30 07:50:17,False,1.397e-07,4.472e-10,295973903.0,1.32386,0x2a...576a,https://bscscan.com/tx/0xc660c43aaf2e9ee9b6f7e612e64b99b68d43c5c5b534f608bffa0b9722a802d2
2023-03-30 07:47:23,False,1.405e-07,4.478e-10,699448535.0,3.13213,0x08...af7e,https://bscscan.com/tx/0x69d11d7cd6f59a96c43838564de4bae04f91122346682d9effd156246aa025c1
2023-03-30 07:47:14,True,1.413e-07,4.501e-10,444268429.0,2.0,0x1b...7f6d,https://bscscan.com/tx/0x41d3c5562b11190a35944988fde3fdd3a03079d248c5e2d5235caf60266cd8ca
2023-03-30 07:47:08,True,1.404e-07,4.496e-10,609386808.0,2.74,0xde...fa58,https://bscscan.com/tx/0x4161b68fa6608bff846cfba0625d47b5f9b0bc96d90d001aab89fbf721758fbe
2023-03-30 07:45:02,True,1.411e-07,4.492e-10,39166697.0,0.1759,0x9e...ac99,https://bscscan.com/tx/0xa8711c24938a8a52870fff7a2bf60739587999645eb32b0f440eb01320a98f7c
2023-03-30 07:44:47,False,1.405e-07,4.473e-10,675000256.0,3.01982,0x1b...7f6d,https://bscscan.com/tx/0x23a42d210f4dd1adfada1d495b312708fec311b3c8540fdae4aab93f80da5ffe
2023-03-30 07:44:41,False,1.407e-07,4.48e-10,684252554.0,3.06599,0x2a...576a,https://bscscan.com/tx/0xa3e398ef0ad28ce9377d0e2bb1b33fcffe3d99134e3c8707d1511fd54070c113
2023-03-30 07:31:38,False,1.408e-07,4.484e-10,20094361.0,0.0901,0xbf...4b3f,https://bscscan.com/tx/0xe9569130ede871bff2cb468c3cb529e94187c65379faa1ef2ba22e1de4adedd5
2023-03-30 07:31:32,True,1.414e-07,4.502e-10,852840898.0,3.84,0x2a...576a,https://bscscan.com/tx/0x1483109e42390bdddfd0d32dc9c7a156563d69b8198d1e1987cab0a7bfd4f162
2023-03-30 07:31:23,True,1.411e-07,4.493e-10,992646324.0,4.46,0x1b...7f6d,https://bscscan.com/tx/0x148635e70027d4f666a31fc2c732410d1b739f685aec7d61a389291bcb023ec8
2023-03-30 07:31:17,False,1.403e-07,4.467e-10,309941791.0,1.38454,0x08...af7e,https://bscscan.com/tx/0xb6733c755e8d16299c3aa18242970ded1ee12ef90724b1b01e41d66414189715
2023-03-30 07:30:44,True,1.41e-07,4.491e-10,222662.0,0.001,0x98...c868,https://bscscan.com/tx/0xde6432899384b4ac487c51624dcc0995bcd612e94e369bb12e96ac6b02bf1bb2
2023-03-30 07:27:41,True,1.409e-07,4.487e-10,632821617.0,2.84,0xec...0165,https://bscscan.com/tx/0x97c72281a40e421a1ecdd22d552c7467e072b7a7069bd087f4ff37d1b83e49e0
2023-03-30 07:25:20,False,1.396e-07,4.466e-10,816988614.0,3.64897,0x1b...7f6d,https://bscscan.com/tx/0x55158535e87399428c5aac5769d5c6ca2e4e81182b6b291684962c74a3a5a9d3
2023-03-30 07:25:02,False,1.398e-07,4.473e-10,509354605.0,2.27843,0xde...fa58,https://bscscan.com/tx/0x4cbe923b7123e0caaf14be78deca00197aeaedf63eb3e11050102b2adbc26917
2023-03-30 07:24:56,True,1.404e-07,4.493e-10,879009229.0,3.95,0x08...af7e,https://bscscan.com/tx/0x6bbd525beab72117ff4d0e6fa84c38991356a630e3921b4e5fcee423363e50c6
2023-03-30 07:24:47,False,1.403e-07,4.468e-10,268185134.0,1.19828,0x2a...576a,https://bscscan.com/tx/0xf86b5df91a2bbeea1ba2c702a5a5b816196057a420149c0f8b2ff85587ef9485
2023-03-30 07:23:23,False,1.405e-07,4.471e-10,486350431.0,2.17495,0x2a...576a,https://bscscan.com/tx/0xd880be1d53d1757be1f8812ff1348d75526b9ca5d59d95e8955bd8301b4e6831
2023-03-30 07:21:35,False,1.399e-07,4.476e-10,312912980.0,1.40063,0x08...af7e,https://bscscan.com/tx/0xc399852a5dbbd8163698a4e48e10800459c208fb1bc2e3cf49e2392eed6089bb
2023-03-30 07:20:53,False,1.4e-07,4.48e-10,518485818.0,2.32301,0xec...0165,https://bscscan.com/tx/0xcedda2a6fc08c8380b98c2f0eae53bd3beaa3022920f91408d4ba08ab60a6c2d
2023-03-30 07:20:38,False,1.402e-07,4.484e-10,320652816.0,1.43803,0x08...af7e,https://bscscan.com/tx/0xf119c728f70a89f08333de780f9585a6f5b1d903c9620675efee745153f69824
2023-03-30 07:15:02,True,1.408e-07,4.507e-10,341684152.0,1.54,0x2a...576a,https://bscscan.com/tx/0x0a9114f1d51f363e819d17fe1d86ac2117f23529b534fb0403e4e063c10b11a9
2023-03-30 07:12:38,True,1.414e-07,4.5e-10,848717941.0,3.82,0xde...fa58,https://bscscan.com/tx/0xac5fbc0a0286a0fb8cb6f5614b01009b8957e8b4e412d9d5e924cf18a991587d
2023-03-30 07:12:32,True,1.404e-07,4.493e-10,571930665.0,2.57,0x1b...7f6d,https://bscscan.com/tx/0x6bb79be77c164a1eedc81fe8fe76cdb6b99dcca7a8b86d2378a647812c15d6b4
2023-03-30 07:10:23,False,1.404e-07,4.469e-10,303327898.0,1.35579,0x1b...7f6d,https://bscscan.com/tx/0x9d6ab464e1a043c5012e36777e1257af91d3cd2373ae84bd51fa179438a0381b
2023-03-30 07:05:29,True,1.411e-07,4.493e-10,41581159.0,0.1868,0x9e...ac99,https://bscscan.com/tx/0x5c2f3af9ad8ca6b8dc0ceb59eff2461c08d75b00703e481ee1304a1c4bc38fd6
2023-03-30 07:01:53,True,1.411e-07,4.493e-10,8000000.0,0.0359,0xa5...7459,https://bscscan.com/tx/0x6faf8091c80d1037935a01ee07d26166f36f5a04beaff92c4f431ca2374b3c3e
2023-03-30 07:00:53,False,1.405e-07,4.473e-10,453032093.0,2.02646,0x2a...576a,https://bscscan.com/tx/0xdbd1d059bddf6916590867b7668335062721293ed046ffe6030728b692a68299
2023-03-30 06:57:50,True,1.405e-07,4.495e-10,493845655.0,2.22,0x08...af7e,https://bscscan.com/tx/0x17d7272f677a7f60ceec3c4075600863b6b741797b3c10a084081c711cce8b2e
2023-03-30 06:55:41,True,1.403e-07,4.487e-10,984917108.0,4.42,0x2a...576a,https://bscscan.com/tx/0x6c107bbe76a8e07db6fc125fdbadd230ec987aeced7c968480be97e222eb9b82
2023-03-30 06:54:05,True,1.401e-07,4.482e-10,2500000.0,0.0112,0x21...eaca,https://bscscan.com/tx/0x4e70318fa1906b7b9f7c88372dd1c07362cdec801e041e8772f65e21bd03e5dc
2023-03-30 06:53:08,True,1.401e-07,4.48e-10,486598646.0,2.18,0x1b...7f6d,https://bscscan.com/tx/0xe954d3d50fb8c18dcb1e5d6b97837db4c67f9446492642a563f905270dbdd687
2023-03-30 06:51:56,False,1.394e-07,4.459e-10,843569926.0,3.76193,0x2a...576a,https://bscscan.com/tx/0x74ba866d22f9348b0194e940f9e4e2b0bc61a29f0e36f80d9693e67dd37a0e3e
2023-03-30 06:51:50,False,1.396e-07,4.465e-10,310050817.0,1.38451,0x08...af7e,https://bscscan.com/tx/0x8be661c1d36b6b92791940e24663063cd387b2b5fd467d80f17bb911cb3f04ed
2023-03-30 06:51:14,False,1.404e-07,4.469e-10,434625654.0,1.94245,0x08...af7e,https://bscscan.com/tx/0x81f669a828a65104517043f02752a656c9c323130b9a85eb1a67fa1b6c2d7d2d
2023-03-30 06:51:08,False,1.405e-07,4.473e-10,368419253.0,1.64808,0x1b...7f6d,https://bscscan.com/tx/0x5fb68d989769c7fde1d905df7330e3f1943e327221ed6d4b0fab45707e8a352b
2023-03-30 06:49:11,False,1.399e-07,4.476e-10,266133093.0,1.19138,0xec...0165,https://bscscan.com/tx/0xef136acccb8e6b9c1219e789b4810b6351f8240b5b94b9465cc7054e5c8d7f2d
2023-03-30 06:47:47,False,1.4e-07,4.478e-10,16429535.0,0.0735,0x9e...4ffd,https://bscscan.com/tx/0x689b9eb6def967d14e0c9a7dd3116b3bbc8a1a9bc52c843e08fb58566435f9fb
2023-03-30 06:47:32,False,1.407e-07,4.479e-10,328815825.0,1.47305,0xde...fa58,https://bscscan.com/tx/0x5915e6186fb8004f32758322702abeb4b16c8a40963bb57772dde7f70ca84648
2023-03-30 06:47:29,True,1.414e-07,4.5e-10,742190159.0,3.34,0xec...0165,https://bscscan.com/tx/0x95a35a05953210c3602d04b100e1876066008688bb9d46124af42b5062ed790a
2023-03-30 06:45:38,True,1.412e-07,4.493e-10,456164682.0,2.05,0x1b...7f6d,https://bscscan.com/tx/0x825ab4e49632f54738d67f68aedc9a2c0422087d26d892568f83f0230e32a3cc
2023-03-30 06:43:50,False,1.404e-07,4.47e-10,281062883.0,1.25653,0xec...0165,https://bscscan.com/tx/0x9d7c8c695b3121ac28e26e0c419f9728e8b7b966c6b06d903365298c5d23a042
2023-03-30 06:43:38,True,1.411e-07,4.492e-10,353907281.0,1.59,0x2a...576a,https://bscscan.com/tx/0xa0169360b3364ea067539734f5c25256a2f79989123e16602bbfe885cb8d1913
2023-03-30 06:43:32,True,1.403e-07,4.488e-10,487929620.0,2.19,0xec...0165,https://bscscan.com/tx/0xcb24108a96c528337c11f4e6ad785647c7cab3d77823e060272dd3625ae4c672
2023-03-30 06:40:41,True,1.401e-07,4.483e-10,495173052.0,2.22,0x2a...576a,https://bscscan.com/tx/0x94667bed63e61ace625d65750bca80bbb1ba097e2fae299da22dc431e176e9b7
2023-03-30 06:40:35,True,1.406e-07,4.476e-10,886919984.0,3.97,0x08...af7e,https://bscscan.com/tx/0x21ef93e26a3d6d64ca1bf316c322878eff59e7296367bded135f287fcd8367f2
2023-03-30 06:40:02,False,1.391e-07,4.452e-10,565237916.0,2.51653,0x08...af7e,https://bscscan.com/tx/0xa94e1c42623bf7f712668f01d2a3171a530c0825d03522313155390b666d7d98
2023-03-30 06:38:05,False,1.401e-07,4.459e-10,884588357.0,3.94489,0x2a...576a,https://bscscan.com/tx/0xc2207ae69edbcdd4bb9af58b2cead151292449ac7b8c6e3a40f047c85d58b1ee
2023-03-30 06:33:59,False,1.396e-07,4.466e-10,461339220.0,2.06055,0xd6...e942,https://bscscan.com/tx/0xc35253fa88c171610fb4f6b06a9fdeee0231c96e92244944ac23f9b356ebb31b
2023-03-30 06:33:09,True,1.404e-07,4.491e-10,1000000.0,0.0044,0x03...b46f,https://bscscan.com/tx/0xf71688d7e811606809f942c71132db4787072e479ef4f064a287708d4bba3089
2023-03-30 06:32:19,True,1.41e-07,4.489e-10,392050725.0,1.76,0x2a...576a,https://bscscan.com/tx/0x69014d8b5338c050f81df672294f9c80d029722c24ddf94419515ef0cfd567f1
2023-03-30 06:32:13,False,1.403e-07,4.466e-10,378733946.0,1.6917,0x08...af7e,https://bscscan.com/tx/0xf8d53c7e59ddebf8dbadc827714c9a368bf0d209305fc83dd5d6f57a2b055158
2023-03-30 06:32:06,False,1.404e-07,4.47e-10,441073387.0,1.97201,0xde...fa58,https://bscscan.com/tx/0x1e13d0ff60d7898a6149f1b0a09db1e194119752b4f3bb73e630731ed2950d07
2023-03-30 06:30:25,False,1.406e-07,4.477e-10,881630482.0,3.9477,0x1b...7f6d,https://bscscan.com/tx/0x19ca91156f45b909c3e7a3eaf3d7db31829f6b2e6d10977737d3fcb5066260c5
2023-03-30 06:27:09,False,1.408e-07,4.484e-10,378547124.0,1.69748,0xec...0165,https://bscscan.com/tx/0x0bbc2097f19fe08402aa6addd100a5c80132f754d2bfce6252e34ee89c0ab149
2023-03-30 06:27:00,False,1.41e-07,4.489e-10,710669247.0,3.19078,0xec...0165,https://bscscan.com/tx/0xdecfc1fabc568eaf2861644d91a887cc13e26810bdeef67379385e5fd63b3665
2023-03-30 06:25:03,True,1.417e-07,4.511e-10,873324535.0,3.94,0x08...af7e,https://bscscan.com/tx/0x770ae2b3709c738383d353c3b888b2ddccd1cdb5ab4d9af1f0d7e3aa40e0eede
2023-03-30 06:24:36,True,1.407e-07,4.503e-10,672814663.0,3.03,0xde...fa58,https://bscscan.com/tx/0x9b6c1bf20c0f8c7a9a67723bb8e3a5870de8cdda6e20f4c38ea5cf00b3711feb
2023-03-30 06:23:54,True,1.406e-07,4.499e-10,4110855.0,0.0185,0xfe...a445,https://bscscan.com/tx/0x08d34dd47c3a0914f9718baf20cdec1ed6bdb486f71a2d3ecaae8ea6a35589ce
2023-03-30 06:22:09,True,1.413e-07,4.498e-10,353481694.0,1.59,0xec...0165,https://bscscan.com/tx/0x3fa4fb8a10f371c84aab5a09e6bc909a4117396af1af00f1fc0eb4b3c4388e54
2023-03-30 06:21:57,False,1.399e-07,4.477e-10,807903753.0,3.61778,0xde...fa58,https://bscscan.com/tx/0x8e16ab7e209b0bdc09feff1a6b8a906d6395303466d351efddfd23372af5bad5
2023-03-30 06:21:54,False,1.402e-07,4.485e-10,741105268.0,3.32457,0x08...af7e,https://bscscan.com/tx/0x66aecf2ad6756def38c897a4501ed6dcabfc03edf148f5d44ca40557d23becc0
2023-03-30 06:21:45,True,1.416e-07,4.508e-10,751929661.0,3.39,0x1b...7f6d,https://bscscan.com/tx/0x42fb9c7c1a7664d016543f6988abf9247e804766cba0a7a2d8d3807bddce744c
2023-03-30 06:20:30,False,1.408e-07,4.484e-10,482095688.0,2.16196,0x1b...7f6d,https://bscscan.com/tx/0xc0354ec7a7c7698cfb4ef82c6160a299aad539ab96292664816f9f7046ea1d89
2023-03-30 06:20:21,True,1.415e-07,4.506e-10,552520251.0,2.49,0xde...fa58,https://bscscan.com/tx/0xdd5b58b1f6169f7ff0fe780421869883f04caad2d25223f8a6ba1d3926f9fc0d
2023-03-30 06:18:51,True,1.412e-07,4.499e-10,797845149.0,3.59,0x08...af7e,https://bscscan.com/tx/0xe13c6b38a5ab8f5e8b070ed861b031e5750f316f34fb3fd40613d7e7df5b00cc
2023-03-30 06:17:54,True,1.401e-07,4.491e-10,707951564.0,3.18,0xec...0165,https://bscscan.com/tx/0x7863fb73db553284d3244b8ed44e7802a690dd7aa47272e3bb77c76605e5c61c
2023-03-30 06:13:03,False,1.394e-07,4.471e-10,1021645137.0,4.56779,0xec...0165,https://bscscan.com/tx/0x3ea77ce2362e38b3effbd6772dd42e0bda335714e5f9344e2a713ec1416bdf29
2023-03-30 06:12:51,False,1.396e-07,4.478e-10,416867697.0,1.8669,0x1b...7f6d,https://bscscan.com/tx/0x3dec9806cc7e05bbf1c9266a1f067796cefad16310e5661fc8747cdba38bf74b
2023-03-30 06:11:42,False,1.399e-07,4.485e-10,872827969.0,3.91467,0x08...af7e,https://bscscan.com/tx/0x153555b1a6765de54a27d5fc996be544bcb4a9b8b91d02600499ed8a464ce26f
2023-03-30 06:09:30,True,1.406e-07,4.506e-10,1025132650.0,4.62,0xec...0165,https://bscscan.com/tx/0x0ef61bb5f3f3501b9627d412eb78a401f92531cb753cc48ad0f82e805bcb14cb
2023-03-30 06:07:24,True,1.403e-07,4.497e-10,813839003.0,3.66,0x1b...7f6d,https://bscscan.com/tx/0x29b184435aa89eb4f975e04515a7b83161a561df689822ab27d03f573248751f
2023-03-30 06:07:15,False,1.403e-07,4.476e-10,1064544622.0,4.76494,0xec...0165,https://bscscan.com/tx/0x682306465d97f721477e46fee00e4584f87d5c0a0978f3ff7f5925f6438216df
2023-03-30 06:07:03,False,1.406e-07,4.484e-10,580533591.0,2.6034,0x2a...576a,https://bscscan.com/tx/0xe72a22503a682d947e2eea793a9d91b3c406d2ad0333df67c4dc78d217ea65d6
2023-03-30 06:06:57,True,1.406e-07,4.506e-10,636830257.0,2.87,0x08...af7e,https://bscscan.com/tx/0xbd80021d4db854f6f1ae40590e52ca852114e38714a07015aff9475a87309815
2023-03-30 06:04:45,False,1.405e-07,4.482e-10,254256287.0,1.13963,0xde...fa58,https://bscscan.com/tx/0x8b81478403cb2f1f023daf5dbe8f561ce54141ae78ce92cc3c9162e4d1ff9740
2023-03-30 06:04:00,False,1.4e-07,4.486e-10,660909715.0,2.96546,0x08...af7e,https://bscscan.com/tx/0xaa8e1ab5f44342feb0b2ba04da458aa054d925001fcd5b88fb2a495fa54714bf
2023-03-30 06:03:57,True,1.407e-07,4.51e-10,441184922.0,1.99,0xec...0165,https://bscscan.com/tx/0xcb8faf61b37d82469364c6e4a9aca98873063ea0b5709dab24dbe0fca4ef8533
2023-03-30 06:01:57,True,1.405e-07,4.504e-10,665951832.0,3.0,0xec...0165,https://bscscan.com/tx/0xe628ae1b94400cc6637b08a180df98dbc10db8cbd558406ad81c7807acd67ad2
2023-03-30 06:01:21,True,1.41e-07,4.497e-10,829426684.0,3.73,0x2a...576a,https://bscscan.com/tx/0xc76f1d1e01c9ab1feeb9b4dcb961743cf39152be9ebd27280ded358ce5419f8c
2023-03-30 06:01:00,False,1.402e-07,4.472e-10,440385008.0,1.96968,0x1b...7f6d,https://bscscan.com/tx/0xb3d3811338e16b92dfa3763fffb16b47948d7add9870550bb75b244cd28549a0
2023-03-30 06:00:33,True,1.41e-07,4.495e-10,306875793.0,1.37964,0xaa...4257,https://bscscan.com/tx/0x497330259877eda00db96e41221c5022ab5eafb84316473710ceb5866b16a37b
2023-03-30 05:58:42,False,1.396e-07,4.474e-10,455699456.0,2.03883,0x2a...576a,https://bscscan.com/tx/0x4a229647550a52b2e1048b5b630bbeb501e5b59aa2735d2515a3f6b0becaf32a
2023-03-30 05:58:12,True,1.41e-07,4.495e-10,651763759.0,2.93,0x1b...7f6d,https://bscscan.com/tx/0x86f6ac6b7b4925fc5856b3c7db4534014989cf1b7a094876b19d8f60aa9cb172
2023-03-30 05:57:48,False,1.396e-07,4.474e-10,919527118.0,4.11435,0xec...0165,https://bscscan.com/tx/0x462edf1c31d9776cfa10e48c364f0457438d45b0334f43bdc487c446c3cc7ef5
2023-03-30 05:57:15,True,1.404e-07,4.498e-10,597974506.0,2.69,0x08...af7e,https://bscscan.com/tx/0x32a19d1a64562d96834c154f85dc4d2b2c471fe6c0b664522da1dcecab676859
2023-03-30 05:56:03,True,1.401e-07,4.491e-10,781495940.0,3.51,0xec...0165,https://bscscan.com/tx/0x61a73a1cb41309163323f83d10d4beced477a50e34849318971be167d389b44f
2023-03-30 05:53:54,False,1.394e-07,4.465e-10,154199300.0,0.6886,0x3c...f2e4,https://bscscan.com/tx/0xfda150445fd2f8ec1f7a6709aec5d19fe4b23efab4a0e019fe7fc2b8cf0c13c8
2023-03-30 05:53:09,False,1.402e-07,4.47e-10,782445932.0,3.49796,0x08...af7e,https://bscscan.com/tx/0x2ccdd728ceb1c957b7d8eb7e90d82f1d8da0389cd16e5af394a12990baf65c33
2023-03-30 05:53:03,True,1.41e-07,4.495e-10,344810387.0,1.55,0x2a...576a,https://bscscan.com/tx/0x6ba10466218451686256a7265c86d3d5ab7fd7f2c955139c4e21bb6881bc603a
2023-03-30 05:52:24,False,1.395e-07,4.471e-10,12466531.0,0.0557,0x16...c514,https://bscscan.com/tx/0x3eb05805aa31ac1ac1d35387cb7a94df061a78e174bfb687d34da449fff3e405
2023-03-30 05:51:54,False,1.403e-07,4.473e-10,378350165.0,1.69239,0xde...fa58,https://bscscan.com/tx/0x5fdafcec17352f29559c85c40f394c9483b1feb69fda0eaea28485d7f4554b18
2023-03-30 05:51:48,False,1.405e-07,4.477e-10,568046943.0,2.54368,0x2a...576a,https://bscscan.com/tx/0x9fe280ca606a42ddb1be550b8f40e92e8eae60a7d384a10091c10567a7c3e787
2023-03-30 05:51:42,True,1.405e-07,4.5e-10,542157981.0,2.44,0x08...af7e,https://bscscan.com/tx/0xfdb4723e64f177a97fbd4edb62db2ca4d9f26861f7dd7360604971e141c16930
2023-03-30 05:50:57,True,1.403e-07,4.493e-10,823417768.0,3.7,0xde...fa58,https://bscscan.com/tx/0x495c4ec9f85cf7063a4814d1de992ef24ed4efeb9f0439c395e79e670cabfb45
2023-03-30 05:50:06,False,1.403e-07,4.47e-10,763721596.0,3.41439,0x1b...7f6d,https://bscscan.com/tx/0x6630da8770c67b7b2ed3e10c41daf005d185883a55c56d984154fd02d499d578
2023-03-30 05:49:12,True,1.402e-07,4.494e-10,427152706.0,1.92,0x08...af7e,https://bscscan.com/tx/0x9ce871a4587c64729975c190e84a5923e4ee9b0f013be165bfa13f9427818fd4
2023-03-30 05:48:06,False,1.403e-07,4.471e-10,275945104.0,1.23393,0x1b...7f6d,https://bscscan.com/tx/0xe3b5f4d6d73a80234b15c246f4a014967333318f59d2b7c709f7836e3ba1371f
2023-03-30 05:48:00,False,1.397e-07,4.475e-10,553758187.0,2.47858,0xde...fa58,https://bscscan.com/tx/0x7fa6122187fb41b7f68f66423277acbc31de330db9e8db139f4013f91778469b
2023-03-30 05:47:54,True,1.404e-07,4.496e-10,827227110.0,3.72,0x1b...7f6d,https://bscscan.com/tx/0x24baced8252765260d3b881016e873d364a696c838b0668b0c050dbd811b906d
2023-03-30 05:45:33,True,1.403e-07,4.492e-10,26710945.0,0.12,0x73...a03b,https://bscscan.com/tx/0x0930cc1809d4622dddbf42752faa5af43cd765702a1a039d76c29516698dec51
2023-03-30 05:44:51,False,1.396e-07,4.471e-10,251754870.0,1.12566,0x08...af7e,https://bscscan.com/tx/0xce8e82cf8bc433808335318c567f175cd1978ba71ce69ae0e4bc05eeb774fc9d
2023-03-30 05:42:18,True,1.411e-07,4.493e-10,200178894.0,0.8996,0x14...80be,https://bscscan.com/tx/0xd90c7b10be87d20eda46a240131731d13f02369b034ec71178f31171d928f3c6
2023-03-30 05:40:06,False,1.404e-07,4.473e-10,572459436.0,2.56086,0x08...af7e,https://bscscan.com/tx/0x259f2427e15eba6039316a0f77cc669af73e4658094d6962906d7e88880df3ff
2023-03-30 05:40:00,False,1.406e-07,4.478e-10,505184775.0,2.26271,0xec...0165,https://bscscan.com/tx/0x094fa3918df5790036e9bc91430dc8866404141ac145cd17835a2e38715361bd
2023-03-30 05:39:54,True,1.413e-07,4.501e-10,508728534.0,2.29,0x08...af7e,https://bscscan.com/tx/0xee56bdec5ca37ad809b310456dc2b4a6bb2f32ec1480a09723e01f5e79386f1a
2023-03-30 05:37:03,True,1.405e-07,4.498e-10,74128960.0,0.3334,0xa7...1b3a,https://bscscan.com/tx/0x7ee206e3ba952f3752c6dec6a434abea3bb28f568f57da28f5e67a29735e85a0
2023-03-30 05:36:33,False,1.399e-07,4.478e-10,581203789.0,2.60295,0x08...af7e,https://bscscan.com/tx/0x6e003c24d4056358a65cce182519e1399b9a84e148c99d48217e7f9cd9e5309c
2023-03-30 05:32:57,True,1.402e-07,4.5e-10,646570187.0,2.91,0xde...fa58,https://bscscan.com/tx/0xd8dcdc0b3c854e6c54e8c5d72a329118743d5c77168381c7bda3525c4d9cf6b9
2023-03-30 05:30:36,True,1.399e-07,4.492e-10,968320156.0,4.35,0x08...af7e,https://bscscan.com/tx/0xcab00fa6a958e3594a64cc7c121f002714718a68333df6d0f478508d3a2cc5ed
2023-03-30 05:30:30,True,1.404e-07,4.484e-10,506164258.0,2.27,0x2a...576a,https://bscscan.com/tx/0xccad0d82e2ea2e45d389ba0d48904c8a94991ff62c25ae9e73389d154ad029f4
2023-03-30 05:29:00,False,1.391e-07,4.464e-10,1029181351.0,4.59529,0x08...af7e,https://bscscan.com/tx/0xc158fd63820ea24f4ae79ebd6181653fe611d235b4458adf4dff1e3f17b834bb
2023-03-30 05:23:32,True,1.4e-07,4.49e-10,356279728.0,1.6,0x2a...576a,https://bscscan.com/tx/0xaf73f6a2a524ac5b6355cdb11d030fb86ea2ed542aca9df5a0a2d20e37dc7ac1
2023-03-30 05:23:26,True,1.406e-07,4.486e-10,490361707.0,2.2,0x08...af7e,https://bscscan.com/tx/0xee0b0aa68042cd0d2a35a9862b89de52142f4e722896ff546fb34ee1444c83f9
2023-03-30 05:23:14,False,1.399e-07,4.464e-10,603706698.0,2.69535,0xde...fa58,https://bscscan.com/tx/0xc9db31b5295315231fc16784e3fbffe96dd09c90cd30420d28b4ad2b27e8f9f5
2023-03-30 05:15:52,False,1.387e-07,4.47e-10,530422265.0,2.37124,0x2a...576a,https://bscscan.com/tx/0xb3cc02437f285becefd7b50e50649058e512a064400632d039b236afe7e306b3
2023-03-30 05:15:46,False,1.397e-07,4.477e-10,741914373.0,3.32155,0x1b...7f6d,https://bscscan.com/tx/0x24faca96f1259f9edcdc32291db50cae7bad9de7328f734cbd801c1d84d79d30
2023-03-30 05:14:13,True,1.396e-07,4.5e-10,593303629.0,2.67,0x1b...7f6d,https://bscscan.com/tx/0x81b507c6dcdad4e082e6590a1e04e10519cde1a06cbe08a63e3da39ac3876e2f
2023-03-30 05:13:40,True,1.4e-07,4.495e-10,416017551.0,1.87,0x1b...7f6d,https://bscscan.com/tx/0x980a40322ccb8c7642bbeab790677cfe599d93d5eeeb5e0fafbc2c5f4710a3a9
2023-03-30 05:12:25,False,1.391e-07,4.471e-10,303419813.0,1.35689,0x2a...576a,https://bscscan.com/tx/0x4f7238a30302028e102ae0660f029e203c969d86bcd31ad00521250a01208eaa
2023-03-30 05:10:25,True,1.401e-07,4.492e-10,687824546.0,3.09,0xec...0165,https://bscscan.com/tx/0x77562d306cbd5fc4e242a7c71761f0ea5ad2c25a87de8dd327ca050be617a04b
2023-03-30 05:10:16,True,1.399e-07,4.486e-10,459154630.0,2.06,0x08...af7e,https://bscscan.com/tx/0xe9a7c7d3e03885cd74707c8986dbb95a97afd7d280cd06fe1606b4aaf09373bb
2023-03-30 05:08:04,False,1.395e-07,4.463e-10,425392297.0,1.89892,0x08...af7e,https://bscscan.com/tx/0x66cc452291ebfc3fc8774d09fe0b64c7eeab7f90e0bb780b6bcc3639efe7dd75
2023-03-30 05:06:25,True,1.42e-07,4.484e-10,686737732.0,3.08,0x2a...576a,https://bscscan.com/tx/0x3398d77f4d16e0a8f542d3a8d6ccc02a6fb03006c0f98f905ee2d5e88b4e4663
2023-03-30 05:06:16,False,1.413e-07,4.463e-10,819725974.0,3.65865,0x1b...7f6d,https://bscscan.com/tx/0x60211f1160a94d58ad31c5f2f0e563864ca8d049fe5c85a950af09222baeca77
2023-03-30 05:06:01,True,1.413e-07,4.487e-10,401087648.0,1.8,0x08...af7e,https://bscscan.com/tx/0xa4e5ad276dfbc5286437d085078d22f7775892442a42ae2e6f155306ac6af854
2023-03-30 05:03:46,False,1.411e-07,4.465e-10,425565173.0,1.90037,0x08...af7e,https://bscscan.com/tx/0x4a1604ed00b73d1a587f66290674c0f1afe9c895533f97973068d795ed82bcb2
2023-03-30 05:03:40,False,1.413e-07,4.469e-10,405134854.0,1.81086,0x2a...576a,https://bscscan.com/tx/0xd07a2cc95a03ec12b8e72c0f018eade9da647ca45f99558f845c744a7e80182d
2023-03-30 05:02:28,True,1.427e-07,4.491e-10,456374465.0,2.05,0x08...af7e,https://bscscan.com/tx/0x84195f3c36d1eadbfb1948a6cba7d0f988b75d97764fccb451d31f95ae4223d4
2023-03-30 04:59:49,False,1.413e-07,4.472e-10,968583396.0,4.33163,0x08...af7e,https://bscscan.com/tx/0x37165e1bf79f25f62115716a17cc6c96e6e73fa57ca5b0fb1eb1dca7b883309e
2023-03-30 04:59:16,True,1.428e-07,4.497e-10,442490817.0,1.99,0x1b...7f6d,https://bscscan.com/tx/0xb00c3b2876125adc32e2a6c87daab12e8d8e53898a35784939b7ad6b60987519
2023-03-30 04:59:10,True,1.427e-07,4.492e-10,505301482.0,2.27,0x08...af7e,https://bscscan.com/tx/0x5ed1386665f5eeebc54415ea9dcf8ed38e0b890eb29286722161c741766a3999
2023-03-30 04:58:07,True,1.425e-07,4.486e-10,572790953.0,2.57,0x2a...576a,https://bscscan.com/tx/0x7cd221ed3616c4fed074900f8c8b26a9f8157cb1764a08ccb1a3e302c9873851
2023-03-30 04:57:37,False,1.418e-07,4.465e-10,815724321.0,3.64273,0x2a...576a,https://bscscan.com/tx/0xc5c94b3a9093acebe9c2596c0111c3939a2653436be952407137229a3a2a5dea
2023-03-30 04:57:28,True,1.426e-07,4.489e-10,501151727.0,2.25,0x2a...576a,https://bscscan.com/tx/0xa6688074bcbdcb0ab3346320f4abbc66e965f6d2ebe64b074c5f4fdab88eeae7
2023-03-30 04:57:22,True,1.424e-07,4.485e-10,390184157.0,1.75,0x1b...7f6d,https://bscscan.com/tx/0xa233704dd0fd3d290b1d6ffa4125b58e70c7f78d905b332c5b484b926390c561
2023-03-30 04:57:19,False,1.418e-07,4.463e-10,642378042.0,2.86755,0xec...0165,https://bscscan.com/tx/0x99331db2c12733eb7f14645605007f6073e6f88f08ac22d14a8244ef112fc107
2023-03-30 04:55:58,True,1.418e-07,4.487e-10,345374880.0,1.55,0xde...fa58,https://bscscan.com/tx/0xbb6755c2a48b4ebca109163ac3377c4eeb0d61b95f50bab69fa80fa5d6a8a357
2023-03-30 04:55:52,False,1.411e-07,4.465e-10,337365393.0,1.50648,0x1b...7f6d,https://bscscan.com/tx/0xed374a2d1e63b56af8a3e8e629bc94b86435de9c23126c256dd3fb62ac9b130a
2023-03-30 04:55:13,False,1.413e-07,4.471e-10,781137842.0,3.49259,0x1b...7f6d,https://bscscan.com/tx/0x73035bfa70daec97cf265e25805e48b2ce8ddb2bdee003f3c6884d47d81b0c55
2023-03-30 04:55:01,True,1.42e-07,4.494e-10,591826623.0,2.66,0x08...af7e,https://bscscan.com/tx/0x4a77caab9a2a0c2eb276477c0357587b89c9c7153335b074dafc403cee70ca04
2023-03-30 04:53:58,False,1.413e-07,4.472e-10,712856862.0,3.18842,0x2a...576a,https://bscscan.com/tx/0x8136d38590f6f79417c86f0ecb17fc0fd7ef9663fbb8489c97e99ea06321d919
2023-03-30 04:51:28,True,1.428e-07,4.495e-10,600567522.0,2.7,0x1b...7f6d,https://bscscan.com/tx/0x0f73430adbecbc7bc9186e8146fab16546cdada933ca3d523fcf68d1ead91e39
2023-03-30 04:48:46,True,1.42e-07,4.488e-10,853341918.0,3.83,0x2a...576a,https://bscscan.com/tx/0x14d459cb0e441436f13c3d0e1a12c5131c610c557c48176846da0fd0dd1fc9b5
2023-03-30 04:46:22,True,1.419e-07,4.481e-10,374840310.0,1.68,0xec...0165,https://bscscan.com/tx/0x499f68ff4f322fcee66df3fa08865022e225054694792ccaf20a16ee84666fdd
2023-03-30 04:46:04,False,1.413e-07,4.462e-10,1036910163.0,4.62764,0x08...af7e,https://bscscan.com/tx/0xb296abf6f60e5d87674ab0a1ee4c4f8ab594001eac7eb30b2dcd653c0f30b8f5
2023-03-30 04:40:28,True,1.419e-07,4.486e-10,719869367.0,3.23,0x08...af7e,https://bscscan.com/tx/0xb1cced8200752917eb153cd7e0e1fdf65ae49b75ab8e8a564afdf6b04cd76a2c
2023-03-30 04:38:58,False,1.411e-07,4.463e-10,449183812.0,2.00477,0xde...fa58,https://bscscan.com/tx/0x679feb5274cbb7c5ea85ae15ef939a4d85af2b47fe5db96a76bc47e61911649a
2023-03-30 04:38:49,False,1.42e-07,4.468e-10,662347268.0,2.95991,0x1b...7f6d,https://bscscan.com/tx/0x6083aa6f45c37c842c311b2c195f7155775b2bb732e702b0621912443d8a5bfa
2023-03-30 04:38:10,True,1.419e-07,4.494e-10,339291.0,0.0015,0x8b...3c85,https://bscscan.com/tx/0xcfd01b127502f271f0f4042a0f0d1fdf80f5d4748b23020d161f6bc3cd7635e8
2023-03-30 04:38:10,True,1.419e-07,4.493e-10,135059061.0,0.6069,0x8b...3c85,https://bscscan.com/tx/0xcfd01b127502f271f0f4042a0f0d1fdf80f5d4748b23020d161f6bc3cd7635e8
2023-03-30 04:32:58,True,1.422e-07,4.491e-10,407467542.0,1.83,0x08...af7e,https://bscscan.com/tx/0xbfa9794b65c6fc1e20c68da4af6659feca838112fb9cd5c35bdaad5b06e39f75
2023-03-30 04:31:19,True,1.417e-07,4.486e-10,546115063.0,2.45,0xde...fa58,https://bscscan.com/tx/0xd5649ee138ac62d1ff49c4f5055d38b26ff7f8ae6ae42f7f59159a5a4d92fcc0
2023-03-30 04:30:25,False,1.41e-07,4.464e-10,634136938.0,2.83097,0x08...af7e,https://bscscan.com/tx/0xfbf777a93f148874c20b977ec721d75fd9bf8e7689fbca5f599c9435db47995e
2023-03-30 04:27:46,False,1.41e-07,4.469e-10,365677312.0,1.63436,0xde...fa58,https://bscscan.com/tx/0xe6bd48a22feb1291520d44dcb3f98d217eb60fb172ad0b304f153e566fdcc97f
2023-03-30 04:27:25,True,1.41e-07,4.491e-10,518811781.0,2.33,0x1b...7f6d,https://bscscan.com/tx/0xf4c112cd00b7e1d689fa16937f041c03174557369f30d364bfb1d25f0aa8ea79
2023-03-30 04:27:19,False,1.403e-07,4.469e-10,736750692.0,3.29307,0xec...0165,https://bscscan.com/tx/0xe6232d1c81aa85975bc6c1b78013cffb82ac8b869b5fac553c61ec6218680ec6
2023-03-30 04:26:13,False,1.405e-07,4.476e-10,532202690.0,2.38226,0x08...af7e,https://bscscan.com/tx/0x0a1cb046b3e6fa2868f21504ab43736415566779754bd133f2154649fee3e0b6
2023-03-30 04:26:07,True,1.413e-07,4.499e-10,402279420.0,1.81,0xde...fa58,https://bscscan.com/tx/0xa815ba68aef1848841b6787f952376f21c97e7aaed1a90bf20e8f671720e59c8
2023-03-30 04:25:34,True,1.411e-07,4.494e-10,444941211.0,2.0,0x1b...7f6d,https://bscscan.com/tx/0x59c80767c3574b3a4cc54a742cd9d596d35a11931e749c22c0d39237a6788b18
2023-03-30 04:24:31,True,1.417e-07,4.489e-10,641516515.0,2.88,0x08...af7e,https://bscscan.com/tx/0x8280469448f8ae524fce42f9100e332ddb47e91cfaac0f3eb5d46fa107e7c8b9
2023-03-30 04:24:10,True,1.415e-07,4.482e-10,597817594.0,2.68,0xec...0165,https://bscscan.com/tx/0x06f55d82a64b98f5714bcb5d8ff6e121bc7a27e3b5d8341b0afd429c781b1e16
2023-03-30 04:22:22,False,1.408e-07,4.46e-10,635059106.0,2.83286,0x2a...576a,https://bscscan.com/tx/0x9a293e7cf97889bff8323df174883d949600f0629fe66b912415dd29a3b96782
2023-03-30 04:22:01,False,1.41e-07,4.466e-10,426269947.0,1.90381,0x08...af7e,https://bscscan.com/tx/0x282c90a6c7cbfa08c51c7057b9aa9ba462c98bb5f2b8fb7d1b4b84fc9bb01d93
2023-03-30 04:18:46,False,1.395e-07,4.47e-10,484785321.0,2.16741,0xec...0165,https://bscscan.com/tx/0x3c2702e421c54295eed7b307d673ba71e71c94c5b2718d84fbf794f6a056cfe1
2023-03-30 04:18:40,True,1.401e-07,4.49e-10,939667673.0,4.22,0x08...af7e,https://bscscan.com/tx/0x99a06e580f2d5ba069d22d9f920f7f9981167dc5cbbda4649056d1d1a9e51694
2023-03-30 04:18:04,False,1.4e-07,4.465e-10,260737635.0,1.1642,0xde...fa58,https://bscscan.com/tx/0x433431d19192eaccb461a6f96de6f6ea3590fef10a4583b1e0f0f89fc192be04
2023-03-30 04:17:28,True,1.4e-07,4.486e-10,425713046.0,1.91,0x2a...576a,https://bscscan.com/tx/0x424d1dd6d44bb56fb3898e270faeebc84dd4fae39911fe2135a4e4408d2c6d37
2023-03-30 04:17:16,False,1.4e-07,4.463e-10,273573787.0,1.22107,0xec...0165,https://bscscan.com/tx/0x9fd46d64ff38f25ba6d449abcfb9b17f2c88b45556ff1ab4642a7deae97bc919
2023-03-30 04:16:58,False,1.395e-07,4.469e-10,884382375.0,3.95261,0x08...af7e,https://bscscan.com/tx/0xb2d6731cf51d04791abc8e6ad43992147375d2fe3da4d3dd947ec2a53e31684f
2023-03-30 04:16:07,True,1.408e-07,4.491e-10,955162279.0,4.29,0x08...af7e,https://bscscan.com/tx/0x2d9f1de96e49f339f2f6333af1c190da7bcda5370c69c5efc29d9d631a9cca5e
2023-03-30 04:14:52,True,1.406e-07,4.484e-10,419240860.0,1.88,0xde...fa58,https://bscscan.com/tx/0x0d87a22a3e7d145295d250c8a3805871653756a549a0ef05179d390af55681fd
2023-03-30 04:13:49,True,1.404e-07,4.476e-10,1121445658.0,5.02,0xec...0165,https://bscscan.com/tx/0xb82a0f68e64072b8268861e0f14e9cf1392d3b2f720f5480217c59de4a4f5e8d
2023-03-30 04:13:49,False,1.396e-07,4.453e-10,929128918.0,4.13744,0x1b...7f6d,https://bscscan.com/tx/0xfd7d264d4207d0bc4f9dc579258d14f92fd5ea050bdd0f60ae6ac0e9da642fdf
2023-03-30 04:13:13,False,1.392e-07,4.46e-10,484115005.0,2.15927,0xec...0165,https://bscscan.com/tx/0x436ca1de2f6a1e4021cada865f3a5ad20873193aa5ce62487020d21dd9932438
2023-03-30 04:12:46,False,1.4e-07,4.465e-10,503662294.0,2.249,0x08...af7e,https://bscscan.com/tx/0x8c410515720a2b7ddce14cf4d288c8aaa35bad8c15d66deabacac22c69f6529d
2023-03-30 04:11:58,False,1.402e-07,4.469e-10,269040418.0,1.20241,0x2a...576a,https://bscscan.com/tx/0xc336657a975b59f0358bd51eb5259cd2e9582a86358cb8be9fb9fb61d3c2ed95
2023-03-30 04:11:55,True,1.408e-07,4.49e-10,423080007.0,1.9,0xec...0165,https://bscscan.com/tx/0x403e873454ef208fe0dce943a732dfe3c027389b6f80fa247cc02f5dff9a2e40
2023-03-30 04:11:07,False,1.395e-07,4.47e-10,739090759.0,3.30379,0x08...af7e,https://bscscan.com/tx/0x08f99ec4b37ea04cf6a1848f3632dffa4336b8d12701fd8fa1505bf41b58efce
2023-03-30 04:10:16,True,1.402e-07,4.493e-10,538552662.0,2.42,0x08...af7e,https://bscscan.com/tx/0x37ca8ee650aad17f2ea8f1093b9b55c70e84aae920bffcf437176f95af8fc6e4
2023-03-30 04:07:31,False,1.395e-07,4.469e-10,298558771.0,1.33451,0xec...0165,https://bscscan.com/tx/0x1a2a82d56c2e838a9d81a3ff46fedfd9a853ea53ca077ba1c0267438eb32f52a
2023-03-30 04:07:01,True,1.408e-07,4.49e-10,558903957.0,2.51,0x1b...7f6d,https://bscscan.com/tx/0xb76c307449a788b43ab70506ec81b501fd908a13f0a627944cd5874c2c00e27a
2023-03-30 04:06:49,False,1.401e-07,4.467e-10,412998088.0,1.84518,0xde...fa58,https://bscscan.com/tx/0x6d1f1cd63d56e2dc011b80d4ae888dfb8233e4c03e1f1a3020fc1674bb723202
2023-03-30 04:06:22,True,1.401e-07,4.489e-10,481088602.0,2.16,0x1b...7f6d,https://bscscan.com/tx/0xc4a0763d36d45930c03ac91a87b95c82442a3b1a10005b2aa79ead002e83f284
2023-03-30 04:05:40,False,1.395e-07,4.469e-10,930650553.0,4.15973,0x1b...7f6d,https://bscscan.com/tx/0x88d825e3c017784f1da3ad256b87ea6adab5a8db12a154b08a86bad39fd038fb
2023-03-30 04:04:43,False,1.404e-07,4.477e-10,527515874.0,2.36179,0xec...0165,https://bscscan.com/tx/0xa82cc5a4bd232c5dbd0e76cca5cc410dff97b29b31ac295d0098826a87640e02
2023-03-30 04:02:55,True,1.41e-07,4.497e-10,916037922.0,4.12,0x1b...7f6d,https://bscscan.com/tx/0x6562d937c55870d48f6e5deb0965d1f72161717a943099227fdff3a847733374
2023-03-30 04:02:16,False,1.395e-07,4.472e-10,343898476.0,1.53799,0x1b...7f6d,https://bscscan.com/tx/0x7d69ac61dfd56f1b32f114b56d5d4fa63ed607358447da6bca24e3779a4f86a7
2023-03-30 04:01:52,False,1.404e-07,4.476e-10,535925270.0,2.3992,0x08...af7e,https://bscscan.com/tx/0x022b740479d16a62c8f2f51f6ee9f60c06e1538502df8c1af6d20827b549ee53
2023-03-30 04:01:46,True,1.411e-07,4.499e-10,493396644.0,2.22,0x1b...7f6d,https://bscscan.com/tx/0xa4ec170dd1f1b0fdf7bb32bc78ab8c26b519e6539d210d60513ec6a515f98af4
2023-03-30 04:00:58,False,1.398e-07,4.48e-10,1210160927.0,5.4223,0x1b...7f6d,https://bscscan.com/tx/0x0a0d85d2fd3fcf766f93020c9159c213dc9d55fa77695d4f51cec605d63751d2
2023-03-30 04:00:34,True,1.414e-07,4.509e-10,15500000.0,0.0698,0xc9...dfc2,https://bscscan.com/tx/0x7e1d6eacf319000374c2d5f794349f32b1daa55a397474fd53096440b2b15c4b
2023-03-30 03:59:49,True,1.413e-07,4.504e-10,841314324.0,3.79,0xec...0165,https://bscscan.com/tx/0x27f617b90e19d5a02c9c3f95f07e95982edfe47a9f6159da8c1b9ef02b83828b
2023-03-30 03:58:31,True,1.409e-07,4.494e-10,1116867730.0,5.02,0x08...af7e,https://bscscan.com/tx/0x5c809face4a891bfd3c56f4ad99245935694dd88a89c934b29947ae34ed526c7
2023-03-30 03:55:58,False,1.394e-07,4.468e-10,432275909.0,1.93173,0x08...af7e,https://bscscan.com/tx/0x289bb219e9cd320b202122877b3da4b403c9d152cb86b4f2cf6bfc226a1f5f87
2023-03-30 03:55:43,True,1.401e-07,4.49e-10,492110881.0,2.21,0x2a...576a,https://bscscan.com/tx/0xdbf04a126c115d338f3dd1724592d127cffe8defdf26bb1040c7accc1c171424
2023-03-30 03:54:37,False,1.401e-07,4.469e-10,617839791.0,2.76117,0x2a...576a,https://bscscan.com/tx/0x90c5369c6095eea479187cf719ad3a014244401debd0566dd54fa7e6f37d82b3
2023-03-30 03:53:31,True,1.408e-07,4.492e-10,427381304.0,1.92,0xde...fa58,https://bscscan.com/tx/0xe81f1725a60b0824248c1ac1d80ae6564b043c0cb044ac599398cd4e0b17ddb4
2023-03-30 03:51:52,True,1.406e-07,4.485e-10,920741357.0,4.13,0x1b...7f6d,https://bscscan.com/tx/0xc82e84fd97fa098497e8d6667d6b27504233a5b937a7df1c7936334768ac2b47
2023-03-30 03:51:46,False,1.398e-07,4.459e-10,260409014.0,1.16136,0x08...af7e,https://bscscan.com/tx/0xa7d365b594e1513f06ae6ca06be714f4f4d07f0427e0d5aa22b93609222c093c
2023-03-30 03:51:37,False,1.4e-07,4.466e-10,991823960.0,4.42963,0xde...fa58,https://bscscan.com/tx/0xee830c13e4ff5ec77ce84c43b3cc1d00f9dd1be67736bf9f729f0e6c849c2e54
2023-03-30 03:51:34,True,1.409e-07,4.493e-10,53006704.0,0.2381,0xa4...e699,https://bscscan.com/tx/0x940a3980a625a5538bd36e7a59e9a290e05a4e68a5401467b10b053823a658e4
2023-03-30 03:50:58,True,1.408e-07,4.49e-10,567906135.0,2.55,0x08...af7e,https://bscscan.com/tx/0x6f43018279ae086cfe3a15d0926ab6188006b6b677191d4e9866c1de19be6389
2023-03-30 03:50:37,False,1.393e-07,4.466e-10,386657834.0,1.72713,0xec...0165,https://bscscan.com/tx/0xe6814d0c923542b0ed024bd251a2f0fc78b6616c4a1e10a41d2378fc23de445d
2023-03-30 03:49:49,True,1.407e-07,4.486e-10,898231789.0,4.03,0xde...fa58,https://bscscan.com/tx/0x34b3f81b4121c02ddad5ece81a47942a167abb74441a9f72cbc28560aa0f7575
2023-03-30 03:49:43,False,1.399e-07,4.463e-10,756263452.0,3.37555,0xec...0165,https://bscscan.com/tx/0xd2d4debe52d36b54be448b15a11becc9e61686669c52283b399f313bb0157e6a
2023-03-30 03:49:16,False,1.394e-07,4.47e-10,534977033.0,2.39139,0x08...af7e,https://bscscan.com/tx/0x8a3b2fd45c25c0c9d34289dea4379b3ca7a985ba1d7b0554f7177b63e4c936b2
2023-03-30 03:49:01,True,1.409e-07,4.494e-10,217271443.0,0.9764,0xa4...e699,https://bscscan.com/tx/0x5c181a7eda63c7f191688a8a2c4255cc1ed72e72b84c51573f7199c0597d8408
2023-03-30 03:48:17,True,1.408e-07,4.49e-10,494381575.0,2.22,0xec...0165,https://bscscan.com/tx/0x61d18ce88bce8b48d274945fc08b6ee3959411f3119ecb2c41fe8785a22bf79b
2023-03-30 03:48:02,False,1.402e-07,4.47e-10,905928008.0,4.04963,0x1b...7f6d,https://bscscan.com/tx/0xa3b9b608a21567b4327cb62be106ba8b3891df729d752059d446ea24fa193e7f
2023-03-30 03:45:55,False,1.396e-07,4.476e-10,345027002.0,1.54454,0x08...af7e,https://bscscan.com/tx/0x402d256206030b0140140a5f9f0420b2f4cbbe3726ed577dfdf97f3c8e4ab72e
2023-03-30 03:45:46,True,1.403e-07,4.496e-10,833983795.0,3.75,0x2a...576a,https://bscscan.com/tx/0x4a6c4b478fbacc7046f768d7c6d3e0921b5f11a3f574a1bfd95c27ff4133e2cd
2023-03-30 03:45:31,True,1.408e-07,4.489e-10,510073852.0,2.29,0xec...0165,https://bscscan.com/tx/0x3f8ba9bfa1c976832a11e74070b48744f42b00a0fb835bbcc6f38c15ffe1fe81
2023-03-30 03:45:04,True,1.398e-07,4.481e-10,1111312940.0,4.98,0x08...af7e,https://bscscan.com/tx/0xa9951bb85ecacfe408e2860b6349eda006ac2d956a0e3bc061b74a49e5d2eeeb
2023-03-30 03:44:52,False,1.389e-07,4.453e-10,55028114.0,0.245,0xc6...e54d,https://bscscan.com/tx/0xdc21ec3fb514402faead582ea64ae5d18110eb4de2ce2e3c5ad3152913deea71
2023-03-30 03:44:13,False,1.397e-07,4.455e-10,298643712.0,1.33052,0x08...af7e,https://bscscan.com/tx/0x41c50af219630e0ed91412d5ee9beda7e81d93b75b491b067c8419fa1101bae6
2023-03-30 03:41:22,True,1.404e-07,4.476e-10,437807840.0,1.96,0x1b...7f6d,https://bscscan.com/tx/0xdd1e79522159dc93b3a482b132c9d8f033419e80c69317cdad34c52349d023f1
2023-03-30 03:40:58,True,1.403e-07,4.474e-10,30000000.0,0.1342,0x90...8c95,https://bscscan.com/tx/0xd646a73a7e3ba1f1bc96688d50d84c219177437bd70c3d6a1d9fcf0441d5863c
2023-03-30 03:40:01,False,1.39e-07,4.454e-10,540292910.0,2.40685,0x08...af7e,https://bscscan.com/tx/0x5379a4e3f40415d59b04bc83774acf345db42447981e788444b3a737a8739b72
2023-03-30 03:39:37,True,1.404e-07,4.477e-10,509245293.0,2.28,0x1b...7f6d,https://bscscan.com/tx/0x0ae3a51843c689ae8fc674ba715bdd0c53062414f4277fc46c511c302ec3974e
2023-03-30 03:37:52,False,1.39e-07,4.453e-10,270252515.0,1.20361,0x1b...7f6d,https://bscscan.com/tx/0x9c73d44c62e9f18a42dc3394f9bd277457ad53fef04b56d9b674f570573029da
2023-03-30 03:37:31,True,1.403e-07,4.473e-10,666078893.0,2.98,0x08...af7e,https://bscscan.com/tx/0x8e8401085b32e20e1ddec9f2780323286d33f1b3e776eeb1a990236dba02688a
2023-03-30 03:36:52,False,1.396e-07,4.452e-10,777157323.0,3.46004,0xec...0165,https://bscscan.com/tx/0x3e1e7d6fd26149c480f53e555d7fac3044c5a6fbdc5159ee03eb641eeea0c1cc
2023-03-30 03:36:40,False,1.399e-07,4.46e-10,760167734.0,3.39036,0xde...fa58,https://bscscan.com/tx/0xff6eda24f1d78f385d9b5fe6495158239cd4bee65006a97f5fe49f9e9d19398f
2023-03-30 03:35:49,False,1.394e-07,4.467e-10,668945374.0,2.9884,0x08...af7e,https://bscscan.com/tx/0x1e4e0e9ec10338ec2e536a60de467fc492963f8ac85473152567366866ff97dc
2023-03-30 03:34:22,True,1.408e-07,4.489e-10,766278494.0,3.44,0xec...0165,https://bscscan.com/tx/0x0d58164f4c5a47dc22414e666cd6ee35a007cb67a0798ce2bdb7d89395147cbf
2023-03-30 03:33:19,False,1.399e-07,4.465e-10,441511127.0,1.97141,0x08...af7e,https://bscscan.com/tx/0x10a7012de0eb13fdf748acb7cac8d5a4bdafe74639749da8ab1b56749249e3ae
2023-03-30 03:32:28,True,1.399e-07,4.484e-10,983332863.0,4.41,0x08...af7e,https://bscscan.com/tx/0x4d18a162a93f7ec08c1329a25d00fc652b15218201eab913b20766d6448ce34a
2023-03-30 03:31:49,False,1.399e-07,4.462e-10,952174764.0,4.24879,0x2a...576a,https://bscscan.com/tx/0xe20eb5c9e2427a14f84f6f4f44b8326fc513a8194563e5c3e35128bc4df34142
2023-03-30 03:29:49,False,1.395e-07,4.471e-10,898189695.0,4.01641,0xec...0165,https://bscscan.com/tx/0x9bf46dfe51fffb37170a996354dc3c347f9a2e54a173752955209f920c233223
2023-03-30 03:29:46,True,1.403e-07,4.498e-10,32249100.0,0.145,0x0c...eaae,https://bscscan.com/tx/0x9ae045a78c5faaf510578ccfb480ce594e5e4440291c1ab0fb892d29f3824eb9
2023-03-30 03:28:16,False,1.397e-07,4.48e-10,893296120.0,4.00245,0x08...af7e,https://bscscan.com/tx/0xdc05f7f9504adbaacda234950483c3d01cd9f8e8b278ba11137c28151c6fa206
2023-03-30 03:28:10,True,1.412e-07,4.504e-10,510544337.0,2.3,0x1b...7f6d,https://bscscan.com/tx/0x867ea931889a49e0669598fdcda2775de61b94c2c18a1df3a27fd91f2a174e70
2023-03-30 03:27:25,True,1.403e-07,4.497e-10,956109336.0,4.3,0x08...af7e,https://bscscan.com/tx/0x6820be2bd3a60743ab96af18bad1c377c6561b62b4c2b4cd93b391dca4bf2856
2023-03-30 03:27:19,False,1.396e-07,4.474e-10,959147778.0,4.29214,0x1b...7f6d,https://bscscan.com/tx/0xe31814bdeff32a6cdcc3343113befc68f3d1a0324cf80a7d763a3e108db8e6f2
2023-03-30 03:27:10,True,1.41e-07,4.497e-10,953881970.0,4.29,0x2a...576a,https://bscscan.com/tx/0xe2016f0e44bbbc6afec783a3d1a6574fb6229fa4075c887acdcd32cca974d45f
2023-03-30 03:27:04,True,1.407e-07,4.488e-10,753020168.0,3.38,0x1b...7f6d,https://bscscan.com/tx/0x1b52c4ef0376b51296540c82967e123afd6de475cb9b158337ce0627d56605b0
2023-03-30 03:26:43,True,1.397e-07,4.48e-10,796767429.0,3.57,0xec...0165,https://bscscan.com/tx/0xe68544a810121e2d5a520c436902826d09f7af382ca53496616d1a4c16087d97
2023-03-30 03:25:10,False,1.396e-07,4.457e-10,693136898.0,3.0898,0x2a...576a,https://bscscan.com/tx/0x80a7694caafdeb397e86efc6cd1aa2c4709b2dcf920494ed0aedcceaa9e71b00
2023-03-30 03:24:07,False,1.398e-07,4.465e-10,737381332.0,3.29242,0xec...0165,https://bscscan.com/tx/0x7d638206c0dae40fa0dd4715d830bf4e5570d0f8d781349a103a61aceb752e81
2023-03-30 03:24:04,False,1.4e-07,4.471e-10,529548307.0,2.36788,0x08...af7e,https://bscscan.com/tx/0x07376cf4e4065d22b45fc43891f9520e38beb1198c01bb029e50b563d0c780a0
2023-03-30 03:23:13,True,1.406e-07,4.494e-10,375995975.0,1.69,0x08...af7e,https://bscscan.com/tx/0xb79ff8b731dc7a7bffa241c291ec4499343b949e14b27ef04a937b5b668286af
2023-03-30 03:22:04,True,1.396e-07,4.488e-10,866696347.0,3.89,0xec...0165,https://bscscan.com/tx/0xc69bcd02a9c7efecebf63db134cd95efd4c2b10917337078598470f216833d2c
2023-03-30 03:21:31,False,1.395e-07,4.463e-10,336866918.0,1.5035,0x08...af7e,https://bscscan.com/tx/0x4bcbf49041008acb007aa00439aad43b37a36dd3b082a2b06a323d9695035799
2023-03-30 03:19:01,False,1.396e-07,4.466e-10,294739086.0,1.31643,0x08...af7e,https://bscscan.com/tx/0x110e966eb2ccd21ef450e82568b070e6461c1c66d92e7d794469de6faa7a4dcc
2023-03-30 03:18:40,False,1.396e-07,4.468e-10,16253053.0,0.0726,0x7b...0eff,https://bscscan.com/tx/0x6160ab7924ce893926444940ebd49ad123b2e64d8ef0b99d0f71b1c1e0e75a6c
2023-03-30 03:17:19,True,1.402e-07,4.486e-10,822511093.0,3.69,0x08...af7e,https://bscscan.com/tx/0xfc22bf53dba407e618b196a80ed0ff982431553a58f031783ad4e6279c278fe0
2023-03-30 03:17:16,True,1.399e-07,4.477e-10,786068879.0,3.52,0xde...fa58,https://bscscan.com/tx/0xaa199b1c2118f3f864ed1e15a741be232b47b8c100975c1164916af32d7b9349
2023-03-30 03:16:31,False,1.392e-07,4.455e-10,696790150.0,3.10431,0x08...af7e,https://bscscan.com/tx/0x20603e27de3e80e7bf132b740aa9e38e92b5ff11884833906260fcb605e42572
2023-03-30 03:16:19,True,1.401e-07,4.481e-10,14169801.0,0.0635,0xd2...da6e,https://bscscan.com/tx/0xfbf5a8cf7b66ce3e3411ec7d47228ace294ccda78fda559a7d73b83788195fed
2023-03-30 03:14:49,True,1.393e-07,4.477e-10,598499825.0,2.68,0x08...af7e,https://bscscan.com/tx/0xb1a4f72ee6e3b510aaa9d308bb21588f63cf1908ab260f10044428ebef4ba5be
2023-03-30 03:14:43,False,1.386e-07,4.456e-10,754689565.0,3.36312,0x1b...7f6d,https://bscscan.com/tx/0x671d75b4a6d85d5a5c422dcd5a3690484a2a10f7c05299e15d32b208a9c0b450
2023-03-30 03:14:19,True,1.401e-07,4.48e-10,426307248.0,1.91,0x2a...576a,https://bscscan.com/tx/0x86962f5d93746a637eb2e183f4678be2bb6ddd89db27cb4248b96a6bfb84b4c0
2023-03-30 03:13:58,False,1.388e-07,4.46e-10,880324160.0,3.9265,0x08...af7e,https://bscscan.com/tx/0xbc21a70d094195ba6ef62ed062b51a2a89dad121f102648b5066c127a593219f
2023-03-30 03:11:55,True,1.402e-07,4.484e-10,546341920.0,2.45,0x1b...7f6d,https://bscscan.com/tx/0x620a49605892472ee7e4da7ea1b9933a757e43d81ae713b6065def80563ecf7f
2023-03-30 03:11:28,True,1.4e-07,4.475e-10,1130539205.0,5.06,0x08...af7e,https://bscscan.com/tx/0x9890d5f054881f3d9fe5a1af8e2b765265b733c66ba22fca24dae01fa6109647
2023-03-30 03:11:16,False,1.385e-07,4.451e-10,749485100.0,3.33629,0x1b...7f6d,https://bscscan.com/tx/0x73a39a4b56af49f8c20cd0a2d255a81b152c91a57d0d709419544d18c689413f
2023-03-30 03:10:37,False,1.387e-07,4.457e-10,490117292.0,2.18483,0x08...af7e,https://bscscan.com/tx/0x7a9cf93f82c9c92afb68bd158e2e970736794dea18ef3096f8acaa79f46d20c2
2023-03-30 03:10:19,False,1.396e-07,4.462e-10,468537965.0,2.09093,0x2a...576a,https://bscscan.com/tx/0xdcaadf8c610419138d1adb3dea1e5e520cef9988adcea2068007567107e065de
2023-03-30 03:09:52,False,1.398e-07,4.468e-10,633642109.0,2.83131,0xec...0165,https://bscscan.com/tx/0xaf9c027ae9cd8e930f26131b1d58e2f082104c53868feb0c89fe32382365940c
2023-03-30 03:09:46,False,1.4e-07,4.474e-10,619272964.0,2.77109,0x08...af7e,https://bscscan.com/tx/0x00822817c06e3c35a21a8a08d26f41311d370f7239604830d80fa2564937073b
2023-03-30 03:08:07,True,1.399e-07,4.494e-10,1150312192.0,5.17,0x08...af7e,https://bscscan.com/tx/0xc69c654db1e4acda403818c46688ccccb8b937acbb267c1fe42ea1fcca3c616e
2023-03-30 03:07:22,True,1.396e-07,4.485e-10,584106940.0,2.62,0xec...0165,https://bscscan.com/tx/0xe420c69bb8fce292b234159dca51629e4fed5c343d6a2e66544079d8c53f75fe
2023-03-30 03:07:16,False,1.39e-07,4.466e-10,1222566939.0,5.46042,0x08...af7e,https://bscscan.com/tx/0x3ac598e82e0253610f774b1a778f66b429def27af11a36252fcc5ab5694de533
2023-03-30 03:06:25,True,1.405e-07,4.49e-10,799389839.0,3.59,0x08...af7e,https://bscscan.com/tx/0x2278aa696b57f8985b4150a1b6377e6618e84d78e4758c4c8e119707ca17fa6a
2023-03-30 03:06:13,False,1.397e-07,4.466e-10,424592309.0,1.89647,0x2a...576a,https://bscscan.com/tx/0x7313d868a75c545188b5a0875642206f1941355ac59060b55157221094d8ce22
2023-03-30 03:05:13,True,1.404e-07,4.486e-10,853621578.0,3.83,0x1b...7f6d,https://bscscan.com/tx/0x825325fa5bd3f78cde3d35721592edcac293ca7475e55c82b8121c6a5c918d3e
2023-03-30 03:05:01,True,1.395e-07,4.48e-10,386127876.0,1.73,0x2a...576a,https://bscscan.com/tx/0x2f21e1514dc2599f183f386f458cb801b7e919dacd6d182cf7b7e88a38a5bb57
2023-03-30 03:04:58,False,1.388e-07,4.457e-10,327069175.0,1.45798,0xde...fa58,https://bscscan.com/tx/0x6f39da75198fb722ecdb26982a524387a836ec8d0163c85ed044cf5e1be96a38
2023-03-30 03:04:43,True,1.401e-07,4.48e-10,339285255.0,1.52,0x08...af7e,https://bscscan.com/tx/0x8307a3127e0fb46c3bdf35860f67ff372ebe14703ab56b3d64f341b1469604d2
2023-03-30 03:03:49,False,1.395e-07,4.459e-10,639147896.0,2.85007,0x1b...7f6d,https://bscscan.com/tx/0x59294b8f5eea2a7d5cd7a950f8140490c0d90e66d3fc8635235840b58aa90efc
2023-03-30 03:03:07,True,1.402e-07,4.482e-10,356904950.0,1.6,0x2a...576a,https://bscscan.com/tx/0x518c7fcc8f2fcff6e2704bb4fa093fd311425dddb28b9c6427e5300e938acaff
2023-03-30 03:01:22,False,1.388e-07,4.461e-10,465347226.0,2.07599,0x2a...576a,https://bscscan.com/tx/0x2d8cc2e2317050e10c5eac8e12600cfc2808a11f1783ff51cdbbd4a783a705ba
2023-03-30 03:00:34,False,1.389e-07,4.465e-10,406378202.0,1.81473,0xde...fa58,https://bscscan.com/tx/0x7f60b8b46df4626fe228bcedefa8fdd20195668ac219f28bf5a8b2dbd0861003
2023-03-30 03:00:22,True,1.396e-07,4.486e-10,735569978.0,3.3,0x2a...576a,https://bscscan.com/tx/0x825bf9ea66b4aadee7b86f6aee1e7778bbf142178e20ba5a2d9570eb191ee271
2023-03-30 02:59:10,False,1.395e-07,4.461e-10,259424253.0,1.15741,0x1b...7f6d,https://bscscan.com/tx/0x43f05fb6f9ae1da5b78d84ae6f788f38f3658046cff957a6314d900ef7425ffb
2023-03-30 02:57:19,False,1.397e-07,4.464e-10,287176915.0,1.28204,0xec...0165,https://bscscan.com/tx/0x4188926c70406f9249969a5f1e560b9e9ebe538f4a11de5078848bb890cd2ffb
2023-03-30 02:57:10,False,1.399e-07,4.47e-10,985112082.0,4.40423,0x08...af7e,https://bscscan.com/tx/0x2ad29b69cf24655f6efa20cd97cf360bde4f8fed074fb64aeeeb6a8d473745ac
2023-03-30 02:56:22,True,1.407e-07,4.493e-10,861177086.0,3.87,0x08...af7e,https://bscscan.com/tx/0x6be387caeb08f5bd29113cd1d477335f0e665feacc548d2c631d0179ce81da00
2023-03-30 02:56:16,True,1.405e-07,4.487e-10,356540937.0,1.6,0xec...0165,https://bscscan.com/tx/0x5711e5a692268adb639a68c28539d6d0d06134768fb23cf3c55c8f08ec2ac46a
2023-03-30 02:54:46,False,1.397e-07,4.466e-10,614864510.0,2.74628,0xec...0165,https://bscscan.com/tx/0x377c228fab95712ba9a8fca40139f7c6c14e1b7a393881e2f34bdaa2f67e2204
2023-03-30 02:53:34,True,1.408e-07,4.486e-10,1170304584.0,5.25,0x1b...7f6d,https://bscscan.com/tx/0x7223ae1d2e06135ec02cd2f1eca8bee70f924cf15eb356ab7980d9770f88d21f
2023-03-30 02:52:58,False,1.394e-07,4.459e-10,380083941.0,1.69501,0x08...af7e,https://bscscan.com/tx/0xd2697161ae2d446cdaf721943a2bffa1043adc8097263785809ac7a4d35f0c53
2023-03-30 02:52:10,False,1.402e-07,4.463e-10,419282505.0,1.87153,0x08...af7e,https://bscscan.com/tx/0x158d0bb8fde0de4152bf1068878cacf45df52307cd815d54462c362c9ce88106
2023-03-30 02:51:19,True,1.409e-07,4.485e-10,452532093.0,2.03,0x08...af7e,https://bscscan.com/tx/0x37c674f39c29ed2f1c8334c966d23f78ae9585696cb81bc9f7bae86d5242dc20
2023-03-30 02:50:28,True,1.41e-07,4.48e-10,537854292.0,2.41,0x08...af7e,https://bscscan.com/tx/0x2cffa8c5d9728b2411be0e9360704beaf9b95deca07a7bf4d8fd380d7abdfb45
2023-03-30 02:49:37,False,1.396e-07,4.46e-10,1026423392.0,4.57876,0x08...af7e,https://bscscan.com/tx/0x701026f9092d7afd0e281176ce0d66b16308af7aab3fba60c765387e63fd88a4
2023-03-30 02:48:55,False,1.406e-07,4.467e-10,349411804.0,1.56115,0x2a...576a,https://bscscan.com/tx/0x9136d1d6169d4ba13bd725c7c84f955eac4c9dbaaa035757182cd320cd8025f4
2023-03-30 02:48:49,False,1.407e-07,4.472e-10,539521587.0,2.41301,0x1b...7f6d,https://bscscan.com/tx/0xc3a43f488f6f8ac7f989a7c0f828e6707f06becf74f8f02b41589727fbbfd44f
2023-03-30 02:48:46,True,1.414e-07,4.495e-10,367007896.0,1.65,0x08...af7e,https://bscscan.com/tx/0x6b28aef6283d7da9d5e60ec000643bc5881ff0738a1f2c07569b69ccbdbf0fae
2023-03-30 02:48:40,True,1.413e-07,4.491e-10,414089922.0,1.86,0xec...0165,https://bscscan.com/tx/0xa760eb9c9ed21f9ac03d775f40f56d4bdcc3fd79258c40de51bc6dadcd4016b3
2023-03-30 02:47:58,False,1.406e-07,4.469e-10,440447509.0,1.96857,0x08...af7e,https://bscscan.com/tx/0x894afe6c151acb52eddddd0fb6983ee6fafc31b47f8d972acc3e12ed74abc96a
2023-03-30 02:47:13,False,1.407e-07,4.473e-10,288851575.0,1.2921,0x2a...576a,https://bscscan.com/tx/0xab44e71696b7de2d3eaf510058105ce4147ada6d76e44fa134efb3b107d7fa43
2023-03-30 02:47:07,True,1.413e-07,4.492e-10,981727621.0,4.41,0x08...af7e,https://bscscan.com/tx/0xdaccd779fcaeda2e764ff9f6e9c927386f26539a45b9b4273fbd4310561c6042
2023-03-30 02:46:46,True,1.411e-07,4.485e-10,381266649.0,1.71,0xec...0165,https://bscscan.com/tx/0x6a71ad6b0d2392ace7899db09dd0eb84562572f042e10c27f5d882182f0fd9f0
2023-03-30 02:46:16,False,1.404e-07,4.464e-10,660282869.0,2.94756,0x08...af7e,https://bscscan.com/tx/0x50fc4812b02d0e85b5d3b91f5402349d37978c2572c5ed5db28c963dfdb13fe1
2023-03-30 02:46:04,True,1.412e-07,4.488e-10,352045077.0,1.58,0xde...fa58,https://bscscan.com/tx/0x26661efb7c2176bb6f16d2f69c42df117708e338ca7d404b805e6fb49ac52570
2023-03-30 02:44:16,False,1.398e-07,4.466e-10,428416736.0,1.91333,0x1b...7f6d,https://bscscan.com/tx/0x65d716226beed7484fc483e8a4a83cb8974cdc3ab292c8798d755f8748e01463
2023-03-30 02:43:49,False,1.407e-07,4.472e-10,795393444.0,3.55725,0xec...0165,https://bscscan.com/tx/0x455f1538396ff451cb7fd60584cbaf781b4471fb10f4ab25391b3cda2bfd47e6
2023-03-30 02:43:43,False,1.409e-07,4.478e-10,483191349.0,2.16416,0x08...af7e,https://bscscan.com/tx/0x83b4648983df89bbf8efa95158f49e5301b7e13ab78e518d9a512b864167b7bd
2023-03-30 02:43:25,True,1.416e-07,4.501e-10,439845900.0,1.98,0xde...fa58,https://bscscan.com/tx/0x85dd649eb6ab594745900b9c463d17d5e8e14bc3e7e086ebc75a4aa7785ca5d5
2023-03-30 02:41:10,True,1.414e-07,4.495e-10,673961131.0,3.03,0x2a...576a,https://bscscan.com/tx/0x0fd3bc8cc3ae79e35cc1dd869be8760c520dbb096f60ea6b575bb0d4243a9d96
2023-03-30 02:40:22,True,1.404e-07,4.488e-10,802106551.0,3.6,0x08...af7e,https://bscscan.com/tx/0xf894adf4483fb50be0b43352f24cde3afbfe4537dae3baea8ec825e3b05f069f
2023-03-30 02:37:25,True,1.403e-07,4.482e-10,365894751.0,1.64,0x1b...7f6d,https://bscscan.com/tx/0xf719ad3609630eb4443157f19ecae0912f6764c0e6a366bf7862f919dff5454b
2023-03-30 02:37:25,False,1.397e-07,4.461e-10,780780794.0,3.48377,0xde...fa58,https://bscscan.com/tx/0xd0de56f630ba575544325e6a909ba80da05ad94bc397b0584c1531b57a8278e9
2023-03-30 02:37:04,True,1.411e-07,4.484e-10,686769812.0,3.08,0xec...0165,https://bscscan.com/tx/0xc9f34d6798015408ed8e90d3032ce6bbdb11fe3169cde1d57c5be965b14d9443
2023-03-30 02:37:01,False,1.404e-07,4.462e-10,694271892.0,3.09812,0x08...af7e,https://bscscan.com/tx/0x4a886eb50af285e235708f74fcd7aed674e23f77c92352c4966c7a91fa9583f5
2023-03-30 02:35:13,False,1.399e-07,4.47e-10,908243357.0,4.06041,0x2a...576a,https://bscscan.com/tx/0x8942a1cc8e8d03fbf68c675baba791f652b92573b41c928bfda229b5fc3f8859
2023-03-30 02:35:04,False,1.408e-07,4.477e-10,346895162.0,1.55307,0x1b...7f6d,https://bscscan.com/tx/0xbe0cb55241d7f4149103531ab8ca4a266033ad12d6e39dc560f2ef6d05af1410
2023-03-30 02:34:31,False,1.41e-07,4.482e-10,670064325.0,3.00342,0xec...0165,https://bscscan.com/tx/0xfaca5263e8397f708b921ac57737fa43cc5a55b6ccfed4f2698231ecca981e4c
2023-03-30 02:34:16,True,1.417e-07,4.505e-10,490489454.0,2.21,0x1b...7f6d,https://bscscan.com/tx/0x4721096b4589938256c9cfc08a7ccf3ff2703af32112a6723f62eb3b1195d253
2023-03-30 02:34:07,True,1.415e-07,4.499e-10,773479581.0,3.48,0xec...0165,https://bscscan.com/tx/0xdf0aa8675ae9456c96fe15a8367830b1389a6cd34d20de8c9ef4f3f4699dea63
2023-03-30 02:32:49,True,1.413e-07,4.493e-10,344953082.0,1.55,0x08...af7e,https://bscscan.com/tx/0x5c79edb82183a4f25936685c1118a06705fe2b9262eb994b8fa6ba768c5de1ad
2023-03-30 02:32:31,True,1.404e-07,4.487e-10,802239355.0,3.6,0xde...fa58,https://bscscan.com/tx/0x5c2769bf34f92f37ae74ec3bde6ddae52d106e0bbd2186e50c0a33e31487280f
2023-03-30 02:32:22,False,1.404e-07,4.463e-10,485519680.0,2.16707,0xec...0165,https://bscscan.com/tx/0x49910b38020823a317751b777576f7b66f9b753aee381637da79874a6eac50c2
2023-03-30 02:32:04,True,1.41e-07,4.484e-10,769345689.0,3.45,0x2a...576a,https://bscscan.com/tx/0xa9b31ceaf2cc49987a82fc54b31227669a0ebb31766aa4b7285153af9b750008
2023-03-30 02:30:19,True,1.401e-07,4.477e-10,652220447.0,2.92,0x08...af7e,https://bscscan.com/tx/0x5c3c2a097e38cc3efb1c4f75add64018ffc30660007b15b4dd1a120feb89041e
2023-03-30 02:28:37,False,1.401e-07,4.454e-10,659743236.0,2.93896,0x08...af7e,https://bscscan.com/tx/0x2e33a2c18de6bc76883460322d6f80ced06ad66224593de2c41aea33e8021252
2023-03-30 02:28:31,False,1.403e-07,4.459e-10,287458302.0,1.28193,0x1b...7f6d,https://bscscan.com/tx/0x094bba347d72785889807a5dd321912420baa3099e7dc02fa21da6dcdebe76a2
2023-03-30 02:27:46,False,1.396e-07,4.462e-10,272893875.0,1.21776,0x08...af7e,https://bscscan.com/tx/0xf8a8fd83b40804a98ed8eea8c383539a7a6485e9b519507310b123d06a755447
2023-03-30 02:25:52,False,1.405e-07,4.467e-10,724334835.0,3.23597,0xec...0165,https://bscscan.com/tx/0x7d3315098b66a1b955940883f47b2fe8d2e98e04a0b6f9b3f6fb9dad0bb28d50
2023-03-30 02:25:04,True,1.411e-07,4.488e-10,917818145.0,4.12,0xec...0165,https://bscscan.com/tx/0x98435bf2d19670c2b0dd9e5116a09a57a585663ba6d7d96074671ddfefd65fa9
2023-03-30 02:24:37,False,1.404e-07,4.464e-10,450215699.0,2.0098,0x1b...7f6d,https://bscscan.com/tx/0x4146f2b52d885a482ec7d2eaeb9df2be1c96ceaa7045550803ff14d69bad45b7
2023-03-30 02:24:25,True,1.403e-07,4.484e-10,820590825.0,3.68,0x08...af7e,https://bscscan.com/tx/0xa883bef49b835deb4fee95d73090b1dd622ba0cd3b50f5a87b024f954149ea80
2023-03-30 02:23:01,False,1.403e-07,4.462e-10,850628572.0,3.79579,0xec...0165,https://bscscan.com/tx/0x5f976c13732519c0f45acb4f64d5372ef11e08d45ab54f5930b7849e170b66ed
2023-03-30 02:22:52,False,1.398e-07,4.468e-10,301751030.0,1.34829,0xde...fa58,https://bscscan.com/tx/0xfbbea9a366b2763d0109aa29c4d392cb046e2d49241d9b50afaea6ccc8eb1617
2023-03-30 02:22:31,True,1.411e-07,4.489e-10,592540631.0,2.66,0x1b...7f6d,https://bscscan.com/tx/0x521831904b5e3b3f08d012b62ed662509d1436af03d5b6265e56ea31b699c61b
2023-03-30 02:21:52,False,1.404e-07,4.466e-10,574317599.0,2.56527,0xde...fa58,https://bscscan.com/tx/0xd007ee853c7c2f4279bd30427bcee64b5272d8a99b2db77dab3506ccadb72f82
2023-03-30 02:20:34,True,1.41e-07,4.486e-10,1114517616.0,5.0,0xec...0165,https://bscscan.com/tx/0x7a8d2feba0200ff35a7efa2c893ac77b813f6d4d77914c44fbd15c9f97177ba4
2023-03-30 02:19:49,True,1.401e-07,4.477e-10,643259579.0,2.88,0x1b...7f6d,https://bscscan.com/tx/0x42a5521ca3150ce1b2c2cb73cb35c39ee3f2c1f9716e52648f253d2cc13e769c
2023-03-30 02:18:31,False,1.394e-07,4.455e-10,794643188.0,3.54062,0x08...af7e,https://bscscan.com/tx/0xaa524425cf05712c144242b132ebcd7efc2b2f21d5e8810f23e20f2e7bf7e810
2023-03-30 02:17:58,False,1.403e-07,4.462e-10,562897076.0,2.51196,0x2a...576a,https://bscscan.com/tx/0xfee6023e559326c2436c4304ec52687cfd5fd14c5c3832754c6697309a7d2735
2023-03-30 02:16:52,True,1.41e-07,4.483e-10,756032552.0,3.39,0x08...af7e,https://bscscan.com/tx/0x94f6275281594381d101ccdc068bdab8b86c56665590a51bdb3ab077ad1e4463
2023-03-30 02:15:10,True,1.401e-07,4.478e-10,341648620.0,1.53,0x2a...576a,https://bscscan.com/tx/0xccd92a607fa63250d865ae16cbb6020c88dc6058b992bedaeb9da3fa32cf5bbf
2023-03-30 02:15:01,False,1.395e-07,4.459e-10,968756393.0,4.31981,0x1b...7f6d,https://bscscan.com/tx/0x23b6951a0a3748d1f106bc5eb2b7a3fda2901abfe13257c33ecde8c688ef46c8
2023-03-30 02:14:46,False,1.398e-07,4.467e-10,763335789.0,3.41058,0xec...0165,https://bscscan.com/tx/0x08862a20595a7111b500f060299b592dc02f37962f078b08db4ab0c898b7da5e
2023-03-30 02:14:31,True,1.406e-07,4.493e-10,66755685.0,0.3,0x9e...39e6,https://bscscan.com/tx/0x9b702fc11c223dec888f2d74a4c3ed17db326432fdce196ca91d073d4ec1b458
2023-03-30 02:14:19,False,1.399e-07,4.472e-10,280506675.0,1.25461,0x08...af7e,https://bscscan.com/tx/0x8c4fddab3635b9b02eaf48a1ffb92541c7dfd245b0268c33dc800108e13325e2
2023-03-30 02:14:07,True,1.412e-07,4.492e-10,868199466.0,3.9,0x1b...7f6d,https://bscscan.com/tx/0x141b0102ff188ddf7b359bfe202d86a084217f96470c0bba1d9f7058a1347470
2023-03-30 02:13:31,False,1.397e-07,4.466e-10,280776672.0,1.25412,0x08...af7e,https://bscscan.com/tx/0x677cc9daf4201f3d6de7250eff61b886ead8773379047d7d3f7d2d9c0788ff94
2023-03-30 02:13:22,True,1.404e-07,4.486e-10,693130782.0,3.11,0xde...fa58,https://bscscan.com/tx/0xf84df52b27929d57180c5e0a95ca4cc45e9208f7150f13613c6258a7f960b423
2023-03-30 02:10:58,True,1.408e-07,4.478e-10,902053386.0,4.04,0x08...af7e,https://bscscan.com/tx/0x2719c1ea50d93a0732952785e55ecfcd43b83fe9ee737674957162c84ba16205
2023-03-30 02:10:07,False,1.394e-07,4.455e-10,685926109.0,3.05594,0x08...af7e,https://bscscan.com/tx/0xdeb11a817be8f7b105242eda6a76ec71d993886cda0e6a82283cbb6627b28867
2023-03-30 02:08:28,False,1.403e-07,4.462e-10,662624160.0,2.95669,0x08...af7e,https://bscscan.com/tx/0x918839c7d60a1f56fb2775398058886e476cbaa16a3a49c6f865e202a269f4aa
2023-03-30 02:07:37,True,1.41e-07,4.484e-10,664517388.0,2.98,0x08...af7e,https://bscscan.com/tx/0x8580c8ceb2d62c6328dd5a5201b8ca701e156861d78b3e48313872a8eee53e10
2023-03-30 02:07:34,False,1.403e-07,4.462e-10,657953023.0,2.93581,0x2a...576a,https://bscscan.com/tx/0xa4af3a0d5f3adf8b73f3a5df23b08b5dd078be289165aa1cf2e86d7191a7b2b8
2023-03-30 02:06:46,False,1.405e-07,4.467e-10,488354039.0,2.18192,0x08...af7e,https://bscscan.com/tx/0x2717bfb12912f6943e3fa5c4c925ff2326a92224afd80aed9dd168787a5440f5
2023-03-30 02:06:10,False,1.407e-07,4.475e-10,963519674.0,4.31209,0x1b...7f6d,https://bscscan.com/tx/0x8a75c9911edebc10592d59b17efc899658a015a033fb50bc72b991f65c4c9280
2023-03-30 02:05:07,True,1.415e-07,4.5e-10,451066615.0,2.03,0x08...af7e,https://bscscan.com/tx/0x644f8977c1aefa876953e3a2732991421ce0ebed8edc6649eb236bdbff25279c
2023-03-30 02:04:19,True,1.413e-07,4.495e-10,565049264.0,2.54,0xec...0165,https://bscscan.com/tx/0xfe980b8792164ee9f3a4e9718ae3b825df716998120053007ba9df61391054b4
2023-03-30 02:04:13,True,1.412e-07,4.489e-10,465493519.0,2.09,0x2a...576a,https://bscscan.com/tx/0x5e875b62eb6eac04fde0c73ae98bc8a447a2e7e3824d9f739514560ebec3fd23
2023-03-30 02:03:16,True,1.403e-07,4.484e-10,617714757.0,2.77,0x2a...576a,https://bscscan.com/tx/0x145d820cf253ede32193149db4e0b49f94394523bbe3bbca0e2f9832a853cd6b
2023-03-30 02:03:04,True,1.4e-07,4.477e-10,721404513.0,3.23,0x1b...7f6d,https://bscscan.com/tx/0x5ed22d08973769ff6aa0f194d3ac0bbf08a054a5a6d46e3c0dd6ebb26d02cbbd
2023-03-30 02:02:58,False,1.393e-07,4.455e-10,838816385.0,3.73745,0x2a...576a,https://bscscan.com/tx/0x99be4ef3917542be9101b02c511a616df9de74bc405a20e1962d66a585e46479
2023-03-30 02:02:01,False,1.402e-07,4.46e-10,34806894.0,0.1552,0xc6...b22e,https://bscscan.com/tx/0x7d6cd7600937553504ad7486ea8dbc46605fe63e365700d538ec3f6b8e03e2f1
2023-03-30 02:01:49,True,1.409e-07,4.482e-10,111555791.0,0.5,0xb3...70a0,https://bscscan.com/tx/0x4126b01fe2e8270da8781d318c0b89cea00cec81cf12916bf87e9d9d10a0e3fa
2023-03-30 02:01:46,False,1.403e-07,4.462e-10,597177239.0,2.6647,0x08...af7e,https://bscscan.com/tx/0x37cd6effa6626077fecc268d773b9939b80ae35270c0355645d1c997ff4dde2f
2023-03-30 02:01:31,False,1.405e-07,4.468e-10,561783973.0,2.51011,0xde...fa58,https://bscscan.com/tx/0xcf597419fc1a4d12b43059cd0fcf89902c6d76f2095c627ce247c62e978ba186
2023-03-30 02:00:55,True,1.411e-07,4.487e-10,1118629485.0,5.02,0x08...af7e,https://bscscan.com/tx/0x7fbc833c535a301f1c58efe84ea6f3db4bc41ebac684c26515abdaeb67be36a7
2023-03-30 01:59:40,True,1.408e-07,4.478e-10,643063685.0,2.88,0x2a...576a,https://bscscan.com/tx/0xaee9aa2c5ada30681c62a1a53c8f64971753f05d27afecb7369897a9a2b405bc
2023-03-30 01:59:31,True,1.406e-07,4.471e-10,697725518.0,3.12,0xde...fa58,https://bscscan.com/tx/0x14b166277e9c90d49c0a8dde6a0037017864746d9abb5142af4bd931de5e4774
2023-03-30 01:59:13,False,1.392e-07,4.45e-10,844311957.0,3.75726,0x08...af7e,https://bscscan.com/tx/0xf2e20aa76c23933e96acbf8fd806a021d88c43a67a82bc649c1a27e1d764408e
2023-03-30 01:58:22,True,1.399e-07,4.471e-10,963820131.0,4.31,0x08...af7e,https://bscscan.com/tx/0x244fe678fd0a8886656e5ed8cd88aec0ec06988c42e73033ee92e8152c27d721
2023-03-30 01:55:31,False,1.398e-07,4.445e-10,263633914.0,1.17209,0x2a...576a,https://bscscan.com/tx/0x3f2987608b378d003445b25a15941fb72bf6b559ac7c6a0389d1cc946aa1891f
2023-03-30 01:55:01,False,1.392e-07,4.451e-10,863388421.0,3.84349,0x08...af7e,https://bscscan.com/tx/0xc49c149314864aaae6a42f900a68624947295963c813e046409187483af11adf
2023-03-30 01:53:37,False,1.395e-07,4.46e-10,812395246.0,3.62343,0x1b...7f6d,https://bscscan.com/tx/0xd50353f7ebc035c943cd06314576c07da204878eef895788d7eac33a822759ff
2023-03-30 01:52:13,False,1.398e-07,4.468e-10,747446606.0,3.33972,0xde...fa58,https://bscscan.com/tx/0x583fd6e6e74fe54a25ad7a3c415d163d4d753a10d20287b1cdb54680fdb60e1b
2023-03-30 01:52:04,True,1.406e-07,4.494e-10,2400000.0,0.0107,0xc5...6b8d,https://bscscan.com/tx/0x8213c047bb760e6af7df98b92dcb795215910829cdbf162c5fcf105af12cd3b5
2023-03-30 01:51:52,False,1.4e-07,4.476e-10,917371585.0,4.10679,0xec...0165,https://bscscan.com/tx/0x15c4c8ba6177fcaf509ea86b5548dedd2d13bc63c63bd2217cc3c8ec0fa18676
2023-03-30 01:51:34,False,1.41e-07,4.484e-10,509064710.0,2.28266,0x2a...576a,https://bscscan.com/tx/0x7cfc332f0f36d56ae2ce146c88e95f8f78cb0133f8bc2c84b0663c0b56cca726
2023-03-30 01:50:49,True,1.41e-07,4.506e-10,470408475.0,2.12,0x08...af7e,https://bscscan.com/tx/0x7cf40334251a65f4cee874a940960044b4e0daa781dedb7dd9c324b5b1107556
2023-03-30 01:48:43,True,1.414e-07,4.498e-10,1022454425.0,4.6,0x2a...576a,https://bscscan.com/tx/0xc3ca3ec1d1bd7de99062e98c8e8730285be0cfacc77d0df357175391605b7243
2023-03-30 01:47:47,False,1.406e-07,4.472e-10,288213505.0,1.2891,0x2a...576a,https://bscscan.com/tx/0xa12cc546147a8196cfba2bbd5d04956354799f6c2c02900a13afed8b274ae1d0
2023-03-30 01:47:28,True,1.413e-07,4.494e-10,476169192.0,2.14,0xec...0165,https://bscscan.com/tx/0x4e5006dc603021ef1799f9d56f7def2c0991d06a6beee8c8f1059a14c00ffa84
2023-03-30 01:46:40,False,1.399e-07,4.471e-10,487552533.0,2.18025,0x2a...576a,https://bscscan.com/tx/0xe4bdd682979418717e7b10335d82a4319561160e7c94a38f58d7419ffbe2ba92
2023-03-30 01:46:37,True,1.406e-07,4.494e-10,451669897.0,2.03,0x08...af7e,https://bscscan.com/tx/0xeaa90f7c7c741eff9ed1258b931944994ddfda88d5f58908390b80aea2707561
2023-03-30 01:45:58,True,1.404e-07,4.489e-10,572492598.0,2.57,0x1b...7f6d,https://bscscan.com/tx/0xab1832e026f59023689ba02d3d09ef60a5287058f191f17ad4be516d540b8d32
2023-03-30 01:45:04,True,1.409e-07,4.482e-10,678163947.0,3.04,0xde...fa58,https://bscscan.com/tx/0x4037442dba3b53b6cebd75e64c97a23cc54238c0f4bddae59d707cf82d9cb501
2023-03-30 01:44:07,False,1.396e-07,4.462e-10,1119669119.0,4.9966,0x08...af7e,https://bscscan.com/tx/0x092d04e6f45b2c28d01cea4d4b698c0c5bce7bc0bceaa79bef0c135ac7ae0e9d
2023-03-30 01:43:55,False,1.406e-07,4.472e-10,875581286.0,3.91629,0xde...fa58,https://bscscan.com/tx/0x9fd78a935b5b01f3f44bbb38b3862fe18595c9e2c00ec28a9d958c3f345ba4a8
2023-03-30 01:43:13,False,1.408e-07,4.479e-10,369412343.0,1.65467,0x1b...7f6d,https://bscscan.com/tx/0x3124f5fa8299e70d5cd5f8d5d154dada34a6740bfcba3e9b7833231e7bffc6bb
2023-03-30 01:42:31,True,1.407e-07,4.499e-10,735595318.0,3.31,0xde...fa58,https://bscscan.com/tx/0x5a1717ee3ad0fbed86b61fae975128117ada9a0c6ebea1b1e6623d230a6baac5
2023-03-30 01:42:25,True,1.412e-07,4.493e-10,507419258.0,2.28,0x08...af7e,https://bscscan.com/tx/0x2bf39276c020147403562e64c31223d7c25702e820476cc61c61c3f8b42cb19e
2023-03-30 01:40:46,False,1.405e-07,4.471e-10,559488037.0,2.50156,0xec...0165,https://bscscan.com/tx/0x24441b8a3f00ba19a7ac556c359a1d4caa4db67690001852f752b8a89eedf42b
2023-03-30 01:39:58,True,1.406e-07,4.494e-10,378238540.0,1.7,0xec...0165,https://bscscan.com/tx/0x2ea815f7fc064d7aaa4941f9c84c517e9dfdccca9138c114785507088cebb3c5
2023-03-30 01:39:55,True,1.404e-07,4.489e-10,637074452.0,2.86,0x08...af7e,https://bscscan.com/tx/0xfe8c56f5d0498d31f94819392d7507c0b5db02ac5f42d8eca26753a977abf90e
2023-03-30 01:39:04,False,1.404e-07,4.466e-10,581205380.0,2.59599,0x08...af7e,https://bscscan.com/tx/0x9d61bc393eb9623b53703d74056cda8c4fb70e601451eb0fdfc1466fd9929135
2023-03-30 01:38:37,False,1.398e-07,4.471e-10,346496339.0,1.5493,0xec...0165,https://bscscan.com/tx/0x94ca3d28ad59babfd6c8c23bbd6bba9685883ae56cbe680cd6a9b28d1f13ba47
2023-03-30 01:38:31,True,1.405e-07,4.491e-10,832732615.0,3.74,0x1b...7f6d,https://bscscan.com/tx/0x59d54366f3db59328199db3bef68900e7834c25fe7110ca21ca311eea827ade1
2023-03-30 01:37:25,False,1.397e-07,4.466e-10,449302701.0,2.00696,0xde...fa58,https://bscscan.com/tx/0x76290453e741a751e568714057c6b935c4bd159b4474d190fadf90df31494418
2023-03-30 01:37:22,False,1.399e-07,4.472e-10,742203342.0,3.31984,0x08...af7e,https://bscscan.com/tx/0x4e723d0144b75f8ded732dcf0cafcd94cc28a20b943de4016a2691edffa39fd1
2023-03-30 01:36:58,True,1.412e-07,4.494e-10,894407351.0,4.02,0xec...0165,https://bscscan.com/tx/0xff7153f90de2dda8fe501806f5697449c13c6031c4215c8c085666ae12cbe085
2023-03-30 01:36:34,True,1.41e-07,4.488e-10,336434724.0,1.51,0x08...af7e,https://bscscan.com/tx/0xa1728d53afdb215d34c9030086461bf5ce3a0ad3898b91eb17fb280cf3df23a5
2023-03-30 01:35:43,False,1.403e-07,4.465e-10,323796484.0,1.446,0x08...af7e,https://bscscan.com/tx/0xb0adf37485733376286705ee08d371e43812eb817afe4b7dc4f08f3c6c1c742b
2023-03-30 01:35:37,False,1.404e-07,4.469e-10,338917520.0,1.51468,0x2a...576a,https://bscscan.com/tx/0xc42f89a44dffb2530fd258f8c836b57a13b9259e9377ac1c9cdc6b67e610a570
2023-03-30 01:35:19,False,1.406e-07,4.473e-10,520843352.0,2.33003,0xec...0165,https://bscscan.com/tx/0x967620184d612d47fbc15672707783b4118c63368db44a0ccb184bf52b0fb9a3
2023-03-30 01:34:55,True,1.412e-07,4.493e-10,981389927.0,4.41,0x2a...576a,https://bscscan.com/tx/0x0db86f6ac5cd7449035c8d79cd5e11aebdad00bf2c5a9bba9fec53545efdf8d1
2023-03-30 01:34:01,True,1.402e-07,4.484e-10,753678413.0,3.38,0x08...af7e,https://bscscan.com/tx/0x4014c47e4475bf4248a40e6e377c2aa8f8af96e63c37cb0b2633c1491fb3f525
2023-03-30 01:33:46,False,1.403e-07,4.464e-10,1139242301.0,5.08587,0x1b...7f6d,https://bscscan.com/tx/0x44de76d2ea5f817fb49c8eec5fd5f5efe090ab76d5fe707c74e26a11408f9cee
2023-03-30 01:33:10,False,1.406e-07,4.473e-10,653370718.0,2.92281,0x08...af7e,https://bscscan.com/tx/0x638d3237a31638c79214a7448abf8268f4b5149c05fbeece48f29d6d0d0f0f72
2023-03-30 01:31:49,True,1.406e-07,4.496e-10,567130465.0,2.55,0xde...fa58,https://bscscan.com/tx/0x4cbf1919cad420f0708bacfc0e52f325c4a01de110889be3e8682cf974f9ab09
2023-03-30 01:29:49,True,1.411e-07,4.489e-10,826443211.0,3.71,0x08...af7e,https://bscscan.com/tx/0xd95e041a68b82decac99580878f1e42f9f3f823841cc6b3d696f10b628dc315f
2023-03-30 01:29:46,True,1.409e-07,4.482e-10,443941952.0,1.99,0x1b...7f6d,https://bscscan.com/tx/0xb4b70d0e516ee8d846374a0489a6c52ab9f289f760b89f9ff7f7bca791b235e1
2023-03-30 01:28:58,False,1.395e-07,4.463e-10,1010497055.0,4.50993,0x08...af7e,https://bscscan.com/tx/0x8d6e65b3e802b90c55415567fc7194327fe9e86393729231c279a9ea7ff84023
2023-03-30 01:28:19,True,1.41e-07,4.488e-10,438908224.0,1.97,0x1b...7f6d,https://bscscan.com/tx/0x4049716cc1299d0b6a1356bc575847a7a5b27d725d722e6f1b98112575f38a3e
2023-03-30 01:28:10,False,1.403e-07,4.465e-10,409694010.0,1.82963,0x2a...576a,https://bscscan.com/tx/0x0b4037161ad51a217192dd72565214a6b9da703a2009a667afc82d9f678b18d4
2023-03-30 01:27:28,False,1.405e-07,4.472e-10,892053089.0,3.98973,0x1b...7f6d,https://bscscan.com/tx/0xba57b660141b951e41af1be13a613c6bb1754407e51575c4656a953b429b3f45
2023-03-30 01:26:58,False,1.407e-07,4.479e-10,417085668.0,1.86823,0xec...0165,https://bscscan.com/tx/0x252d50b76830c2e2672b45399beb093a3b1bbbe71c2e6125d3500a6a3a1420b5
2023-03-30 01:25:46,True,1.414e-07,4.5e-10,644367221.0,2.9,0x1b...7f6d,https://bscscan.com/tx/0x72c1e0c40b3b2f158df0e7470c8054cb2ab0553526e79bbff469838e818c76a6
2023-03-30 01:25:37,True,1.412e-07,4.492e-10,952746915.0,4.28,0x08...af7e,https://bscscan.com/tx/0x756443ac3d391e9402fe4f3228620d876fead4e54305df8087ab4930c4dbd8a0
2023-03-30 01:25:01,True,1.402e-07,4.484e-10,470464352.0,2.11,0xec...0165,https://bscscan.com/tx/0x75eb863d97ce22b9c46df96b15a2489a3e2940e8cb014be24764f8e0d29a8a91
2023-03-30 01:21:46,True,1.401e-07,4.479e-10,500007565.0,2.24,0x2a...576a,https://bscscan.com/tx/0x246b7e7292729560f367ad209c6804412fdc7ff7b2c69b7599f5b10d5cf89d76
2023-03-30 01:20:34,False,1.394e-07,4.458e-10,746816223.0,3.32992,0x08...af7e,https://bscscan.com/tx/0x53295fc31202cab671cb1b72063489978f06432c737b652bdb744a7373ed5fb4
2023-03-30 01:19:43,True,1.401e-07,4.48e-10,832451589.0,3.73,0x08...af7e,https://bscscan.com/tx/0x9f3f7b15e52c034e490cfaa0e2aa25170d3a4f928e15d9c791999426ce922808
2023-03-30 01:18:55,False,1.401e-07,4.458e-10,925214411.0,4.12538,0x08...af7e,https://bscscan.com/tx/0xf3f23402798ba8ab4a230a34fefbf9d4b59329dc82fef831bf6c51814b0ab6a5
2023-03-30 01:18:04,True,1.401e-07,4.481e-10,861314209.0,3.86,0x08...af7e,https://bscscan.com/tx/0x38852e94a2a280fb4fe0295153bfe0d0b0024268b42557332f5965bcdd5e2265
2023-03-30 01:16:31,False,1.4e-07,4.457e-10,450795902.0,2.00922,0xde...fa58,https://bscscan.com/tx/0x059dff9a53b756d08cba94e37dc79a3846c61fa019f004a1ff005df7ffe2d213
2023-03-30 01:13:52,False,1.394e-07,4.46e-10,242272680.0,1.08068,0x08...af7e,https://bscscan.com/tx/0xcfc3518bd4de0bcd7907174046c107fee66864556620f23bfe6fac38c2a8e890
2023-03-30 01:10:43,False,1.402e-07,4.463e-10,288499463.0,1.28766,0x1b...7f6d,https://bscscan.com/tx/0xa273d4275be765b8caf782eaa6c527a0c4b5a34b82f1560b9a5fd2df073953bd
2023-03-30 01:09:37,False,1.397e-07,4.469e-10,882566621.0,3.94446,0x2a...576a,https://bscscan.com/tx/0xe6cc0dddc5c4fcf0ce898bcfc96c3b726ccf9c6aa12ffaa4306fcb6ccb1163b7
2023-03-30 01:08:01,True,1.404e-07,4.493e-10,494022765.0,2.22,0xec...0165,https://bscscan.com/tx/0x0883b4817c5d4c688428c83348531c152d81ae2a5db336777baddd27c8644255
2023-03-30 01:07:10,True,1.403e-07,4.488e-10,458920219.0,2.06,0x08...af7e,https://bscscan.com/tx/0x3c8310eaf4ad2b51fb02de59e98cff9ee3d3d6284ed0f11a2ea3b2cce42921b2
2023-03-30 01:05:46,False,1.404e-07,4.468e-10,909485305.0,4.06421,0xec...0165,https://bscscan.com/tx/0xa6135e4196e5bb9bc72b79028ecd2e16657cba1a7926cac46f001e4f05a910dd
2023-03-30 01:03:43,True,1.411e-07,4.491e-10,781430772.0,3.51,0xec...0165,https://bscscan.com/tx/0xea3733f12b731d5daedba9dd7a18a7a271167c6fbdaee9c984d03e0fd81e4f82
2023-03-30 01:03:37,True,1.401e-07,4.483e-10,802928711.0,3.6,0x2a...576a,https://bscscan.com/tx/0x79319705d1e987ed86783379906484795823ff801a63138867182401fb8d5b28
2023-03-30 01:02:55,False,1.401e-07,4.459e-10,383028160.0,1.70794,0x08...af7e,https://bscscan.com/tx/0xaee8334967d1b7d182d8c7d8ebd1c74499b4e52625e3ba118c7e974144f519fe
2023-03-30 01:00:40,True,1.407e-07,4.48e-10,620509146.0,2.78,0x1b...7f6d,https://bscscan.com/tx/0x9887347ae4d62753a4086729dc005ce6bf55a9f0301abc382de9e84cfcb9690d
2023-03-30 01:00:37,False,1.393e-07,4.456e-10,324023402.0,1.44395,0xde...fa58,https://bscscan.com/tx/0x1f3a5471e2faa0f62d0c7353e5d372bae3919780cca1b856260af642438104f9
2023-03-30 01:00:07,False,1.402e-07,4.461e-10,724447333.0,3.23224,0x2a...576a,https://bscscan.com/tx/0x16b54eb6d02c2c55701fec46d7f66a09dc634a2d371c17cd1c5aa99eaef2c112
2023-03-30 00:59:25,True,1.409e-07,4.485e-10,490497288.0,2.2,0xde...fa58,https://bscscan.com/tx/0xf33ae35e74d3f2f019c014991a2f72d38366f0527df83ee93ece93b1f15c2041
2023-03-30 00:58:28,False,1.394e-07,4.462e-10,357200865.0,1.59389,0xde...fa58,https://bscscan.com/tx/0x8c75cd7459c30fef0b9158f312ec9b053711c06b81607d287ed6ff10d0095bf7
2023-03-30 00:58:23,True,1.408e-07,4.482e-10,845599006.0,3.79,0x2a...576a,https://bscscan.com/tx/0x34de4816628bcc0a3f68724a18ad82e82f16b32e82fdad11e0babf4c1b9b6249
2023-03-30 00:56:50,False,1.4e-07,4.457e-10,336759271.0,1.50095,0x2a...576a,https://bscscan.com/tx/0x319b04d81f0db25c9d3376ecafab8f2df7a0e6a18d1227ba1bae880e33b0ff70
2023-03-30 00:56:13,False,1.395e-07,4.461e-10,615291271.0,2.74538,0x08...af7e,https://bscscan.com/tx/0xbf29acf5cc4c528608cfff71a4cfb84876de136227a6417565642c4806580627
2023-03-30 00:56:04,False,1.397e-07,4.468e-10,587282807.0,2.62402,0xec...0165,https://bscscan.com/tx/0xae3167ab93d478f4f89d060532254cb8698afb470fdcc9f07d4f5ccb1c93e130
2023-03-30 00:55:58,False,1.399e-07,4.474e-10,616992849.0,2.76058,0x1b...7f6d,https://bscscan.com/tx/0x422af55f78de91ab6adac531090a186d22ca3d9b5c7f080a388f0220988d076b
2023-03-30 00:55:22,True,1.405e-07,4.493e-10,1195007280.0,5.37,0x08...af7e,https://bscscan.com/tx/0x6acc0a9e9fc4ede758dfdd14338aa05e325f5b630c19d31dec4b2cdd42637622
2023-03-30 00:54:55,True,1.401e-07,4.481e-10,1200000000.0,5.37761,0xdf...f2fa,https://bscscan.com/tx/0x5c8bf3744f9dd092f66466f33d963f9510d9bf3a57c98632c94b1678be59ac01
2023-03-30 00:54:31,True,1.398e-07,4.47e-10,816376052.0,3.65,0x1b...7f6d,https://bscscan.com/tx/0x679b98b819db9e7eff34ebb33d18218551f3b455f41c75be987712136b353da1
2023-03-30 00:53:43,False,1.39e-07,4.449e-10,894689023.0,3.98052,0x08...af7e,https://bscscan.com/tx/0xcd6963489adc2a12ddcef5b8277a7102c9034a3308082b5ab1a207a27d2c69a7
2023-03-30 00:53:19,True,1.404e-07,4.472e-10,764754273.0,3.42,0xec...0165,https://bscscan.com/tx/0xd9ba5cd63b14e2e68ee7502d7e466525520c110a458bfb4243e23d4120e81e34
2023-03-30 00:53:16,False,1.397e-07,4.447e-10,258964025.0,1.15164,0x1b...7f6d,https://bscscan.com/tx/0x2b0fd33a48e4b84e3c73685b5b225e650010f2a401a1eca0bad2e71274132bcc
2023-03-30 00:51:34,False,1.398e-07,4.451e-10,678263732.0,3.01956,0xec...0165,https://bscscan.com/tx/0xbc3844ce45eeaac24d11bbf09ad07e3b53474d48442b580324ec37ff5130a2c5
2023-03-30 00:50:31,True,1.405e-07,4.473e-10,813676887.0,3.64,0x08...af7e,https://bscscan.com/tx/0x909c364d9c84fa6af92279326e25bcf2b9e70f654f98f44bb70aa0dfa0bcd0e9
2023-03-30 00:50:16,False,1.397e-07,4.45e-10,673029398.0,2.99529,0x1b...7f6d,https://bscscan.com/tx/0x189733d96fb15d3c3569a7dd3108bda2badc181b91fa5c2f99b2c1f1fd9a1d9f
2023-03-30 00:48:31,True,1.398e-07,4.473e-10,596891786.0,2.67,0xde...fa58,https://bscscan.com/tx/0xf80c50442bdd997e374ca0363c87946a5359688cb3dc4bf71cde1f661af1a347
2023-03-30 00:46:19,False,1.398e-07,4.45e-10,592055849.0,2.63513,0x2a...576a,https://bscscan.com/tx/0x332ed456648a31a24163dbe83a963e074ebcd4ae73c7100eb57403d4ded2179b
2023-03-30 00:43:19,True,1.405e-07,4.471e-10,975137406.0,4.36,0x1b...7f6d,https://bscscan.com/tx/0x87ff703cf643ec717836454fb1abc370404a0adebbac70ab17b9118886ad4aaa
2023-03-30 00:43:10,False,1.398e-07,4.45e-10,1222395463.0,5.43978,0x08...af7e,https://bscscan.com/tx/0xd3be92fac5798df39a503599bbd3511b22f49f9de9ceb02000024c01da2a1ab1
2023-03-30 00:42:55,True,1.399e-07,4.475e-10,639049059.0,2.86,0x2a...576a,https://bscscan.com/tx/0x318fe49d73a6abc6fa6f46dd6dec65c5ebb47be2a5244750477b4d09722f2f99
2023-03-30 00:42:16,False,1.393e-07,4.454e-10,980418158.0,4.36756,0x1b...7f6d,https://bscscan.com/tx/0x72419d2df2957dbadade67f74991abf56bb0c275dce1f8ef0a3e1d6c0207c680
2023-03-30 00:41:49,True,1.408e-07,4.479e-10,582696588.0,2.61,0xec...0165,https://bscscan.com/tx/0x16c90f31edc6a9acf580c260283be28a2b2c53dc7eada4a2ad252217bde120d0
2023-03-30 00:40:58,True,1.398e-07,4.472e-10,697581645.0,3.12,0x1b...7f6d,https://bscscan.com/tx/0x3153d494ba2cb8cf89b6e8cc07aee3ce6a010773e7414372654af226c090c004
2023-03-30 00:40:43,False,1.399e-07,4.451e-10,849664005.0,3.78189,0x2a...576a,https://bscscan.com/tx/0x300f7a8f5072787c2d9792118849f44ade2a7650921c4002180f0ecee466e9f2
2023-03-30 00:40:04,False,1.401e-07,4.456e-10,302540505.0,1.3484,0xec...0165,https://bscscan.com/tx/0x9c4c33a368228755851f86cc5469c65384ef6ef5c04f90e440561dd6259b075c
2023-03-30 00:37:58,False,1.395e-07,4.462e-10,815156285.0,3.63774,0xde...fa58,https://bscscan.com/tx/0x5321306c662733f750a506d64b6051e992b97763b7e1ec14169d9bf0b54d9366
2023-03-30 00:37:37,False,1.405e-07,4.47e-10,656698000.0,2.93555,0x1b...7f6d,https://bscscan.com/tx/0xd9bcc3de0c78d0062655248ee95f616dd4c7506230658a7ffbdfd98df9a323c0
2023-03-30 00:37:22,True,1.412e-07,4.492e-10,676686280.0,3.04,0x2a...576a,https://bscscan.com/tx/0x5f884c6e8edba7e517b2d12af4b8e7780a47d576cd439152132ea263f622483c
2023-03-30 00:36:40,True,1.402e-07,4.484e-10,965654819.0,4.33,0x1b...7f6d,https://bscscan.com/tx/0x7923c904183f9289cbe7fc7ad49d1ad4c749c5a3fae6e3777569c221b81c6278
2023-03-30 00:36:19,True,1.406e-07,4.474e-10,851462335.0,3.81,0x08...af7e,https://bscscan.com/tx/0x90b4404c128c3de98cc31136e713797ba7179999fa04cb3eec9f259ebc795db4
2023-03-30 00:35:46,False,1.391e-07,4.449e-10,285008638.0,1.26812,0xec...0165,https://bscscan.com/tx/0xb2d34161263375104602451c49b33fc1dbbe63fdd2979dbd6d1e9c59c2678d05
2023-03-30 00:35:01,False,1.394e-07,4.457e-10,1240950721.0,5.53118,0x1b...7f6d,https://bscscan.com/tx/0x7e5bca45f59af2a30fc1dbb3aed8ebc0474675842183ca331f339929659041bc
2023-03-30 00:34:49,False,1.397e-07,4.466e-10,553999710.0,2.47438,0x2a...576a,https://bscscan.com/tx/0x3ba64cb479acedb42b9583bb7fef45e33e95db601a51c02a1fcf12df0949ae4d
2023-03-30 00:34:40,True,1.404e-07,4.489e-10,503447550.0,2.26,0xec...0165,https://bscscan.com/tx/0xb1be0b52e3b217de9d04bd8e511bc27b198d4c87493243596dbd78198331a78e
2023-03-30 00:34:16,True,1.402e-07,4.482e-10,691519036.0,3.1,0x2a...576a,https://bscscan.com/tx/0x333d30769d83c5c1818a308b9ef25961f76471c1353b741bde010d07bf25393e
2023-03-30 00:34:13,True,1.399e-07,4.475e-10,735106135.0,3.29,0x1b...7f6d,https://bscscan.com/tx/0x7cd66b6ae328523825cd80e24e5bbf0e0fcee5204d14144bfedcfc8306a87f04
2023-03-30 00:33:43,True,1.397e-07,4.467e-10,803554889.0,3.59,0xde...fa58,https://bscscan.com/tx/0x0e82476bf5a181c5bbbd1880c37316f07a0059bfd3d3dd3535b01323e789f55e
2023-03-30 00:33:22,False,1.39e-07,4.445e-10,789759528.0,3.51069,0x2a...576a,https://bscscan.com/tx/0xf111d9861b9d44f2a95b74ee5b35b622cbf77be7498f9f3c946547f882ee78a9
2023-03-30 00:32:58,True,1.398e-07,4.469e-10,378104055.0,1.69,0x2a...576a,https://bscscan.com/tx/0xf483c8d2b193adb13e9b62e83045aa8a7da4a24113d824f55099d08a038a7abe
2023-03-30 00:32:37,False,1.398e-07,4.447e-10,420477774.0,1.8701,0xec...0165,https://bscscan.com/tx/0x81d78b7ef57ebbcbb701dd9e8c67f8e4811cc28f8373a2d472abc44c787907d6
2023-03-30 00:32:01,False,1.4e-07,4.454e-10,884643901.0,3.9404,0xde...fa58,https://bscscan.com/tx/0x286e268fbf9d3cc836db21c192f74d7f14a2e8a2248ad83b048a0d26c4694f24
2023-03-30 00:31:46,True,1.408e-07,4.478e-10,464418924.0,2.08,0x1b...7f6d,https://bscscan.com/tx/0x80ad6577fff43a1327acf7d5a7b51f6476a6397a666561ec639d880aefdf0a5c
2023-03-30 00:31:07,False,1.395e-07,4.459e-10,1067180927.0,4.75902,0x1b...7f6d,https://bscscan.com/tx/0xb9b6fff79cebdd37158884bd1dab84ae2a12dbc1bf9b3f649ccf3d94eb2d354c
2023-03-30 00:30:52,False,1.404e-07,4.466e-10,248310407.0,1.10899,0xec...0165,https://bscscan.com/tx/0x2d2596bae1f3f1f70c77fcfd02d9d3671d9f0707ca93145ecf061adfd3b73a3d
2023-03-30 00:30:31,False,1.405e-07,4.469e-10,478063417.0,2.13689,0x2a...576a,https://bscscan.com/tx/0x3d1c3c7e3973fc4c0ac50771231aa9eee40bc909c0892514909c8cb6ddb113fe
2023-03-30 00:30:19,True,1.411e-07,4.489e-10,1053609522.0,4.73,0xde...fa58,https://bscscan.com/tx/0xbef8b4296d0e8ae6816064416c35eaca1d86f0fdae22a9deadc84f1b44e5d93b
2023-03-30 00:29:28,False,1.396e-07,4.465e-10,785069064.0,3.50575,0xde...fa58,https://bscscan.com/tx/0x8e2526534e9dcf99e159802397aad280e3aac70ad5f60b45f532f59c2048fa36
2023-03-30 00:28:49,True,1.403e-07,4.487e-10,929314364.0,4.17,0x1b...7f6d,https://bscscan.com/tx/0xd18d4440b4fcadd60726a75062c06eec005aad3e5f5df7c636ff29728049b287
2023-03-30 00:28:37,True,1.401e-07,4.479e-10,497786998.0,2.23,0xde...fa58,https://bscscan.com/tx/0x37c4214f8005c677992e548356df25e8e74303f709a6fa076e3f3ac0d88d54ac
2023-03-30 00:28:28,True,1.399e-07,4.473e-10,657146342.0,2.94,0xec...0165,https://bscscan.com/tx/0xc3d26096fb4d40db7d846f1027d1bb353627159104c92d9e612da25c49584d62
2023-03-30 00:27:43,True,1.403e-07,4.465e-10,1023454636.0,4.57,0x2a...576a,https://bscscan.com/tx/0xcbc83a5c057758116a8bde90ed2d5c20d6c5ab7e613edd781a216c636e58a3bb
2023-03-30 00:27:01,False,1.396e-07,4.44e-10,564779416.0,2.50798,0xec...0165,https://bscscan.com/tx/0x0084931e079746aea5425f430ba5691d86e4af290a05c889d6cc83525335683c
2023-03-30 00:26:37,True,1.395e-07,4.461e-10,925788968.0,4.13,0xec...0165,https://bscscan.com/tx/0xc3761fb37e7ffd54e7b6a5b2d5170425d9caf75761d84190b1344a7849f9a743
2023-03-30 00:25:28,False,1.387e-07,4.436e-10,462798315.0,2.05317,0x1b...7f6d,https://bscscan.com/tx/0x85f15173b6fedd48b27365b04b6882e62670440cd3d6503c8d294d0cc13f0cc2
2023-03-30 00:25:13,False,1.389e-07,4.444e-10,1133202260.0,5.03656,0xec...0165,https://bscscan.com/tx/0xd4ca257032bd31501b1af17607982e814d2b08e14fbdba5ec0e4d4ce350918fa
2023-03-30 00:23:40,True,1.397e-07,4.468e-10,796680062.0,3.56,0xec...0165,https://bscscan.com/tx/0x67c96dacc0806857e34e9f0e719e87f03b2445c56a15416c1c9889697ef85012
2023-03-30 00:23:37,False,1.389e-07,4.444e-10,401075569.0,1.78247,0x2a...576a,https://bscscan.com/tx/0x88f217ca984b10ecd5d2dbe30c73009240b6010c0c8746b4cca8da5c2e13287a
2023-03-30 00:23:31,False,1.398e-07,4.449e-10,610061413.0,2.71438,0xde...fa58,https://bscscan.com/tx/0xf63901eae43e45d7e1450b650655ee95fff980e6131edd878862f4e4ba19eb05
2023-03-30 00:23:07,False,1.399e-07,4.453e-10,275993339.0,1.22924,0x1b...7f6d,https://bscscan.com/tx/0xfe5ef890d7761300d3ea0550789aa51b226fd46ac37128057e65c510578176fb
2023-03-30 00:22:40,False,1.401e-07,4.458e-10,627302474.0,2.79682,0x08...af7e,https://bscscan.com/tx/0x5fde389e7bb20d97605bafe8096cd4f4b67a896a1c66c272eb3f3cd3093639f3
2023-03-30 00:22:10,True,1.408e-07,4.48e-10,711987722.0,3.19,0x1b...7f6d,https://bscscan.com/tx/0xbf73481db33a1740afe0a568a5ba725cf4debebbfb81957626dccb18fd81e73d
2023-03-30 00:22:01,False,1.393e-07,4.456e-10,340625570.0,1.51788,0x2a...576a,https://bscscan.com/tx/0x4c60b64f4a29d4e1be953f73e3441d209e44e06a1567ae317a10bb64fd92be2f
2023-03-30 00:21:52,False,1.395e-07,4.462e-10,850192719.0,3.79376,0xec...0165,https://bscscan.com/tx/0x18874143ba404ae3e7b9f90458fa7e88515ea35e6036c8427f6e8f237134ee76
2023-03-30 00:21:49,True,1.409e-07,4.485e-10,688896199.0,3.09,0xde...fa58,https://bscscan.com/tx/0x6fec6fbf74495e8f8a2298373df94e6185f8b427a823086aeed2668b703490e3
2023-03-30 00:20:07,False,1.395e-07,4.462e-10,584859817.0,2.60994,0xde...fa58,https://bscscan.com/tx/0xa4708a483dc9ba06b5586b97f78e1e52655da6942ccc6cc5b63705257ee2e7d3
2023-03-30 00:20:04,True,1.408e-07,4.482e-10,1088729933.0,4.88,0xec...0165,https://bscscan.com/tx/0x89ee9408a8112a7aca71b70fb2f57c1a0d840bef62c191383849d68b5fa231b7
2023-03-30 00:19:28,False,1.401e-07,4.458e-10,872876682.0,3.89198,0xec...0165,https://bscscan.com/tx/0xb017eb89b61779e9bbed52f8e442ffe2f1c8a62055de01e2e3b470ac8de93371
2023-03-30 00:19:16,False,1.403e-07,4.464e-10,261379284.0,1.16695,0xde...fa58,https://bscscan.com/tx/0x94d1c6da98be2c038f79d052aab24b8c42d62a15e97c4272214921db2cb25cdf
2023-03-30 00:18:37,False,1.403e-07,4.466e-10,120974083.0,0.5403,0x14...26d5,https://bscscan.com/tx/0xb585b86ce6628e63b197b666f236e6aae0df99b15e6c61d2d77bb0c258a940e4
2023-03-30 00:18:25,True,1.41e-07,4.486e-10,548279955.0,2.46,0xde...fa58,https://bscscan.com/tx/0xe3a83483d62bf840bfb9d0150c60d6714e83828a00732790652570392aac660d
2023-03-30 00:17:58,True,1.407e-07,4.479e-10,879581842.0,3.94,0x2a...576a,https://bscscan.com/tx/0x4b53517d9971ce55fef2a4dec9986803cd5b09b72198142b5ea93383bf0df468
2023-03-30 00:17:34,True,1.405e-07,4.47e-10,758221995.0,3.39,0xec...0165,https://bscscan.com/tx/0xa4d4a40c6ceb21d08bfa844e66c1a8bfd146a1e7cea83f8d3cdaf783313a1d74
2023-03-30 00:17:04,False,1.391e-07,4.45e-10,1168892076.0,5.20245,0x2a...576a,https://bscscan.com/tx/0xac9ee14062651654c408bb59e1eb60296d1fb067ef4fd83d20ddafddafe0ffee
2023-03-30 00:16:34,True,1.406e-07,4.475e-10,692658388.0,3.1,0x2a...576a,https://bscscan.com/tx/0x3928511d75bdc2d27c02d7389331a7856ca3962ed90bcd256c439033b2090db3
2023-03-30 00:16:22,False,1.4e-07,4.455e-10,1078601814.0,4.80532,0x1b...7f6d,https://bscscan.com/tx/0x723ca8035b54ec19325358a9d07bf6c7480723bc68a7ced22ef9647798885446
2023-03-30 00:15:49,False,1.402e-07,4.461e-10,257885210.0,1.15067,0x08...af7e,https://bscscan.com/tx/0x9d8e5e5f74fdd39574e41c7c2c6ca7d0d8661b0093407c896ce71eda55d4bef3
2023-03-30 00:15:46,True,1.407e-07,4.479e-10,1207738287.0,5.41,0x1b...7f6d,https://bscscan.com/tx/0x36e54e4710be5b50f302ba2532f2e926b234756e638ae9c01f0e59639d5b6dd8
2023-03-30 00:15:13,False,1.399e-07,4.454e-10,661616988.0,2.94703,0x1b...7f6d,https://bscscan.com/tx/0x117d014efe25edaa1b6067cb785766c5323b0135072233e92c405b88ca54d91a
2023-03-30 00:14:46,False,1.394e-07,4.46e-10,494186332.0,2.20416,0x2a...576a,https://bscscan.com/tx/0xc5dfabc7a9248035982b369d3fbaceec082291c51261aa2cc7a2575d24fcaf34
2023-03-30 00:13:31,False,1.395e-07,4.462e-10,25346740.0,0.1131,0xe4...b84e,https://bscscan.com/tx/0xbca83db7838afbf32af4423c71ff67b232a86c58608126f767254221094e480c
2023-03-30 00:13:01,False,1.403e-07,4.466e-10,688662190.0,3.07591,0xec...0165,https://bscscan.com/tx/0x556c44f1d3ff7db38eeabf7afaabe1fa68ee0d7dbe942e9271b6ca943fa1c614
2023-03-30 00:12:28,False,1.398e-07,4.472e-10,500836113.0,2.24004,0xde...fa58,https://bscscan.com/tx/0xf091f1e6f102f973c149cbd5a7d3bcd61b88623d1ff5c165373a8ffe648dc737
2023-03-30 00:11:58,True,1.411e-07,4.492e-10,977168892.0,4.39,0x2a...576a,https://bscscan.com/tx/0x0393bad7e148b941c25c4d65fccf6fff88685a8de60223cae5724f3b5656e530
2023-03-30 00:11:37,True,1.402e-07,4.485e-10,436985691.0,1.96,0xde...fa58,https://bscscan.com/tx/0xa8abd7ded9671ff7db5a943fd91dd1b0d2c1a82b63a74531b216da0a91ad26d3
2023-03-30 00:10:49,True,1.401e-07,4.48e-10,401700360.0,1.8,0xec...0165,https://bscscan.com/tx/0xf8953713eba16a2479a250afb7a1e94ad86b4af0faa6ed41650dde36a529de26
2023-03-30 00:10:16,False,1.395e-07,4.461e-10,1038541154.0,4.6338,0x2a...576a,https://bscscan.com/tx/0x70b33515128d9b6632656506a6daec35c6ed6ca006b152fbf529d4ee0193b896
2023-03-30 00:09:55,True,1.403e-07,4.487e-10,389967772.0,1.75,0xde...fa58,https://bscscan.com/tx/0x6843bdb22812725229c7ef8c08a3353931808fdf4d3032879fbbd94434172769
2023-03-30 00:09:52,True,1.401e-07,4.481e-10,716222650.0,3.21,0x2a...576a,https://bscscan.com/tx/0xcdb99c5a05d1916b8c25b19c3950ef68412f2916c0a2896d99b74890a0951954
2023-03-30 00:09:37,True,1.4e-07,4.478e-10,3268099.0,0.0146,0x4b...6ab2,https://bscscan.com/tx/0x41a6e49e8e0a86393bc4922a55b62e4b9e84d4f5f7cc38810438bb7f886778e4
2023-03-30 00:08:58,False,1.401e-07,4.457e-10,356346851.0,1.58845,0xec...0165,https://bscscan.com/tx/0x58722ffb1bd6a3bc88e678ecc6ec63f8c2e35f844391b5a23063c53388525141
2023-03-30 00:08:13,False,1.395e-07,4.461e-10,316501731.0,1.41192,0x1b...7f6d,https://bscscan.com/tx/0x4a7e2b4f7ee91bd99638f14c80fa9e50c860d0bdc7c608686bd63e0b1289c1dd
2023-03-30 00:07:52,False,1.403e-07,4.466e-10,848600422.0,3.7907,0x2a...576a,https://bscscan.com/tx/0x3b566dbc039b5deeb711b3e04cda4b0deda75e72385f9da0943a69c0c8353bac
2023-03-30 00:07:31,True,1.403e-07,4.487e-10,1212251810.0,5.44,0x2a...576a,https://bscscan.com/tx/0xbb96ca094e24d95dc8d15bb84d60ff222b50696c0ef8b888fa288048b1202e11
2023-03-30 00:07:10,True,1.407e-07,4.478e-10,616333011.0,2.76,0xec...0165,https://bscscan.com/tx/0xcad0ca8ba36081b9f1221c7161c2e9f77f2b3e1932b777df597ddc8fddeb1536
2023-03-30 00:06:58,False,1.399e-07,4.454e-10,350253420.0,1.56016,0x2a...576a,https://bscscan.com/tx/0xa6a24ef4c5daecbc612d523ab4a44752811293fe40ea07d71772a465f0591db4
2023-03-30 00:06:13,False,1.394e-07,4.46e-10,901330082.0,4.02063,0x2a...576a,https://bscscan.com/tx/0xc3ca0d6c4650ab3542cc158ff2c9c8a81b19eed2f419b6bb26675619b9d00b44
2023-03-30 00:05:40,False,1.397e-07,4.467e-10,472779505.0,2.11229,0xde...fa58,https://bscscan.com/tx/0xa138230c1a4000ed4f5197285940007027fc12815673ea481bf1cd0c0bd3a7f9
2023-03-30 00:04:28,True,1.405e-07,4.487e-10,1067494176.0,4.79,0x2a...576a,https://bscscan.com/tx/0xb7880727d94d6a044717208911a7c14bb0edf5bec060301b30d13b1436af60b5
2023-03-30 00:04:22,True,1.402e-07,4.477e-10,804019179.0,3.6,0x1b...7f6d,https://bscscan.com/tx/0x531192079b931fa5e5b799978d97cff92da2ded63891b48b0b2a2b3c8954d6de
2023-03-30 00:03:37,False,1.403e-07,4.456e-10,1060933169.0,4.72801,0x2a...576a,https://bscscan.com/tx/0x109f5666dce90cbc9520bc26b4493037650e71a5c4a149a0384dd03de8b71eb8
2023-03-30 00:03:22,False,1.399e-07,4.465e-10,720844370.0,3.21898,0x1b...7f6d,https://bscscan.com/tx/0x6a7c212e7e3afb9e1609037fea7fb23a23c4e71f83c26ff0b333cb93fba7eb7c
2023-03-30 00:03:07,False,1.401e-07,4.47e-10,290209110.0,1.29745,0xec...0165,https://bscscan.com/tx/0xba40bcdff8617550b82e434b869800cc50b8b82f3e2615b33554b7017c531530
2023-03-30 00:02:37,False,1.409e-07,4.475e-10,547887984.0,2.45183,0xec...0165,https://bscscan.com/tx/0xa13a75a21d91a1d5f0166ce4d6ed6fb0634b00ade43ada154e18ea7eb7faa6e8
2023-03-30 00:02:10,True,1.409e-07,4.493e-10,1339742931.0,6.02,0x08...af7e,https://bscscan.com/tx/0xa7281ad17654950ca30da1e751963d649c0b87fe98c68663560d606124978a2d
2023-03-30 00:01:46,True,1.416e-07,4.481e-10,890248628.0,3.99,0x2a...576a,https://bscscan.com/tx/0x87ad865552f7867abc82be178c948e7995b11558935d489ea5bf5e140efdfe04
2023-03-30 00:01:31,False,1.407e-07,4.456e-10,247114622.0,1.1012,0x1b...7f6d,https://bscscan.com/tx/0x16ca0c1f2512c741929156805cfb3a830d8a5bf39272e6826144d9a2cf646aa6
2023-03-30 00:01:28,True,1.414e-07,4.477e-10,500304114.0,2.24,0xec...0165,https://bscscan.com/tx/0x56e4392bc67d797940bdc451c84725436971b5e1bff39e9a19becc23b9af9506
2023-03-30 00:00:37,True,1.412e-07,4.471e-10,554579438.0,2.48,0xde...fa58,https://bscscan.com/tx/0xb10b0f8e97a47c3cb950a1df50f292b61ad5050da448c4b280bf32cd35f8f627
2023-03-30 00:00:04,True,1.409e-07,4.463e-10,1041743034.0,4.65,0x1b...7f6d,https://bscscan.com/tx/0x91b35af5c6bcada711574fce91c3c0eea84c59a889aa0568ed1707366539a5a8
2023-03-29 23:59:46,False,1.402e-07,4.44e-10,944750060.0,4.19553,0xde...fa58,https://bscscan.com/tx/0xc388be47651ca2d59765107154c567f0461fe9504d2b3259e9c8e394b6641a76
2023-03-29 23:58:52,False,1.405e-07,4.449e-10,756324165.0,3.36529,0x1b...7f6d,https://bscscan.com/tx/0xcdd81651a21c8e53d72ae6ee99ded85f3417a528a0f049e2dbac9bf59cef55ac
2023-03-29 23:58:10,False,1.407e-07,4.455e-10,463341753.0,2.06454,0xec...0165,https://bscscan.com/tx/0x971087806fe4c9493996699a9301630bb367cf949de5bad350b57dd9aa0f640e
2023-03-29 23:58:07,True,1.415e-07,4.48e-10,7000000.0,0.0313,0xa6...0abf,https://bscscan.com/tx/0xb05d399fb67377af9512103a7b3bcce0dd93a9b94681c8e4d6531d65043028ef
2023-03-29 23:58:04,False,1.409e-07,4.462e-10,818148857.0,3.65078,0x2a...576a,https://bscscan.com/tx/0x50022107414623b7d4c1bc458859d5aa6bcae011f0131669e3dd4f94b3dfe1e8
2023-03-29 23:58:04,True,1.416e-07,4.484e-10,883085366.0,3.96,0xde...fa58,https://bscscan.com/tx/0x25e02f1052a2f64d56edeb425ac4ea52862966e61ed85f3bc9d253d256f289f6
2023-03-29 23:57:40,True,1.407e-07,4.476e-10,679141838.0,3.04,0x1b...7f6d,https://bscscan.com/tx/0x91eda0dbeb297ca15d6f7665cbc27e89aef0680415b1c9b22825104c89c7b753
2023-03-29 23:57:34,True,1.404e-07,4.467e-10,955718206.0,4.27,0xec...0165,https://bscscan.com/tx/0x74623a68b8957699ab3904fcda04f3dc356ef482ca4344dcc90961a1fd298026
2023-03-29 23:56:19,False,1.397e-07,4.446e-10,1055176498.0,4.69136,0x1b...7f6d,https://bscscan.com/tx/0xa9c4a4d3c6802dbbd2f8f7b162d6abdc93c5ea4adfc454651329c68292354834
2023-03-29 23:55:31,False,1.4e-07,4.455e-10,839827488.0,3.74202,0xec...0165,https://bscscan.com/tx/0x189d059ff8aec9f0747cf4efe2e3403de5d515cd4cba13b051ee99c430842527
2023-03-29 23:55:19,True,1.409e-07,4.482e-10,48793286.0,0.2187,0x55...2720,https://bscscan.com/tx/0x3103c4b0ee6a56ad24bba7564b7d9483f01a1dce63b84779ea0f9f5708d7aaaf
2023-03-29 23:54:28,True,1.408e-07,4.479e-10,475508955.0,2.13,0x1b...7f6d,https://bscscan.com/tx/0xb9a14ad1317cf4db2369a93d56438ed80882162e7b1599c64697c19382d6aad6
2023-03-29 23:53:55,True,1.406e-07,4.473e-10,701933692.0,3.14,0x1b...7f6d,https://bscscan.com/tx/0x56c6cf31ea611a388d50d60e0c595501c47233efdbfc84d8f7da0f0fe36e6eab
2023-03-29 23:53:49,False,1.405e-07,4.449e-10,369042380.0,1.64199,0xde...fa58,https://bscscan.com/tx/0x90bd9791698d05dac35aae1a79d8733349398235981965dca4d8d28b3a76ceb1
2023-03-29 23:51:58,True,1.412e-07,4.471e-10,366754850.0,1.64,0x2a...576a,https://bscscan.com/tx/0x72ff71235fb520232500b281baf405de4717f5bd3bf0adc623e8d88a814406c4
2023-03-29 23:51:37,False,1.405e-07,4.449e-10,335446007.0,1.49245,0x1b...7f6d,https://bscscan.com/tx/0xecff94253dffc19dac2bfd2f1e52d95f52d7d8099aa507e76836518e974ee0f8
2023-03-29 23:51:16,True,1.412e-07,4.47e-10,572673080.0,2.56,0xde...fa58,https://bscscan.com/tx/0x96549679ffa84165a0a67bca729c10eb7d4405110c67c316d99d023b899a430b
2023-03-29 23:50:58,True,1.41e-07,4.464e-10,622740650.0,2.78,0xec...0165,https://bscscan.com/tx/0x99c4c7df06eaae1f230b08f68dea9f27a8463c28b7e2d27c99fdd5a724dffa9c
2023-03-29 23:50:37,False,1.402e-07,4.44e-10,298153223.0,1.32386,0x1b...7f6d,https://bscscan.com/tx/0x80d0ec393805a141fcae19eeb0103c0ea433ed8da3ea74cefb8e9d65a5b989e3
2023-03-29 23:50:25,False,1.404e-07,4.444e-10,533276292.0,2.3701,0xde...fa58,https://bscscan.com/tx/0x0541d3b8dcc9319b98f61240988a1929d5d2d3e8b530bc8cd26c033a84ec4fe4
2023-03-29 23:49:55,True,1.411e-07,4.467e-10,447712581.0,2.0,0x2a...576a,https://bscscan.com/tx/0xa5282fea57fd6adccedc914cc8587d7516d79cb10895e89d4bc97af9f3c28c90
2023-03-29 23:49:43,True,1.409e-07,4.461e-10,699351205.0,3.12,0x1b...7f6d,https://bscscan.com/tx/0x755e57c5091bcc5ba3f93764044bf005e134b678c234eb3738160513c38ecf68
2023-03-29 23:49:34,True,1.407e-07,4.455e-10,424191192.0,1.89,0xde...fa58,https://bscscan.com/tx/0xb433158c71031be79783dd0dcf76667c2f8ac3d681d910dc5c3e534e7438bb15
2023-03-29 23:48:52,False,1.4e-07,4.433e-10,456300801.0,2.02299,0xec...0165,https://bscscan.com/tx/0xa4abe08d390bcd67f1d802536d6d5acc0c23a5cac3fd1cc87386c7f47db8c00d
2023-03-29 23:48:31,False,1.396e-07,4.441e-10,1212493080.0,5.3858,0x08...af7e,https://bscscan.com/tx/0xdace59396c88bd26266a0cb14d57f8163ce96d01f5cbf9d7a332c7e8f92e4070
2023-03-29 23:47:52,False,1.406e-07,4.449e-10,356450875.0,1.58617,0xde...fa58,https://bscscan.com/tx/0x98e195f8eab4e5730d0c5e2136fa6b15036da1b79d3b2ac8b11ec9182604df4f
