datetime,buy_order,price_USD,price_native,amount_token,total_native,maker,etherscan_url
2023-03-25 20:35:44,False,1.508e-07,4.734e-10,634532210.0,3.00395,0x1b...7f6d,https://bscscan.com/tx/0xd47a6d6c0ba1990d60ed033206f33813897a35ab3bc88251beaeacdf31b1f5f4
2023-03-25 20:35:32,False,1.511e-07,4.74e-10,492826041.0,2.33623,0xde...fa58,https://bscscan.com/tx/0x3f43327233fecfa4770bff8b9621b3ff5b8bf34828f54028b4ecc76a498e02e6
2023-03-25 20:35:14,True,1.517e-07,4.759e-10,1361542072.0,6.48,0x2a...576a,https://bscscan.com/tx/0x6fc5667b4ef119b8150578ee700153a1313a12d54e14aad88745148e93ed4154
2023-03-25 20:32:41,False,1.507e-07,4.729e-10,344717088.0,1.63044,0x1b...7f6d,https://bscscan.com/tx/0xff131bc0e6109f0d179655d57065aadbaae1702c8888033407b35248d0aaae09
2023-03-25 20:32:29,True,1.514e-07,4.748e-10,1189792194.0,5.65,0xde...fa58,https://bscscan.com/tx/0x0998c657f450b9f2282553887f0853b9e3600bdb8e7f38cd39fe05696a42a1ea
2023-03-25 20:32:05,False,1.513e-07,4.724e-10,1108870004.0,5.23892,0x2a...576a,https://bscscan.com/tx/0x7a317012063e1b7304baf20548d017f4f4c90c1c9898dd2b66d6945adb4b9bcc
2023-03-25 20:29:59,True,1.514e-07,4.749e-10,901163279.0,4.28,0xec...0165,https://bscscan.com/tx/0x17a4c51db9cd980c0736fae9c8b338147e92519e500179fe2bc1b6f82547a60f
2023-03-25 20:29:41,True,1.512e-07,4.741e-10,495622782.0,2.35,0x1b...7f6d,https://bscscan.com/tx/0xeea4d40bc01d26380850da20fb749793cd8fcbe9d8d24387fbd617ef2cf4c042
2023-03-25 20:29:26,False,1.513e-07,4.721e-10,1224804016.0,5.78344,0xde...fa58,https://bscscan.com/tx/0x1a7e9f0793484b440abd63383fac6772747444a470d017be6ab637b380bda01c
2023-03-25 20:28:53,True,1.514e-07,4.748e-10,772931028.0,3.67,0x2a...576a,https://bscscan.com/tx/0xcc6c108710a2693e1875e6b3a4f3268469b45a4d0e02d7724c0e270ac4146c3e
2023-03-25 20:26:50,False,1.506e-07,4.723e-10,552065153.0,2.60752,0xec...0165,https://bscscan.com/tx/0x10e2b5468a49ec333e17bd3abd454caec6b80d277eb58f3fe85083d7f9da14f9
2023-03-25 20:26:41,True,1.523e-07,4.75e-10,47655.9,2.263e-05,0xd5...c28e,https://bscscan.com/tx/0xdcacaed11d82ef24d9d98040dfb2a1660ba6ac548a4549563a1b0dafe3e1b035
2023-03-25 20:26:41,True,1.523e-07,4.749e-10,18967498.0,0.09,0xd5...c28e,https://bscscan.com/tx/0xdcacaed11d82ef24d9d98040dfb2a1660ba6ac548a4549563a1b0dafe3e1b035
2023-03-25 20:26:38,False,1.516e-07,4.728e-10,468545324.0,2.21563,0x1b...7f6d,https://bscscan.com/tx/0x2e46e9e87887c87cd1e5fcf919695ce108990a340b39f8e5bfc184e312b96971
2023-03-25 20:25:44,False,1.518e-07,4.736e-10,861475182.0,4.08015,0x2a...576a,https://bscscan.com/tx/0xf2f11db98211bc2439d2b02fd11cf31070ceb8c20f1a6f114f2614b45ba1e50c
2023-03-25 20:24:05,True,1.519e-07,4.761e-10,646895081.0,3.08,0x08...af7e,https://bscscan.com/tx/0x706b02d5aae76c082ea70896f31bb65357956ef21bdba0311ad78423c9db9c69
2023-03-25 20:23:41,True,1.524e-07,4.753e-10,652107012.0,3.1,0xec...0165,https://bscscan.com/tx/0x7cc89b1616a16e50db743ba572f41fe5a2797c3fcc19d780cb62cf40498fd6f7
2023-03-25 20:20:59,False,1.517e-07,4.732e-10,1065849088.0,5.04404,0x08...af7e,https://bscscan.com/tx/0x57b22ddd03faed554b5e292880d359d866faf6f698e9d1a7806abbea6bebc8e7
2023-03-25 20:17:53,True,1.526e-07,4.757e-10,798712279.0,3.8,0x08...af7e,https://bscscan.com/tx/0x46de77b292d75ffa6a5b68e0128dabba2d65a9e25d359ba1d22c6d659c6544b2
2023-03-25 20:17:23,False,1.511e-07,4.735e-10,1000171558.0,4.73585,0xec...0165,https://bscscan.com/tx/0xb76bbda25fdca066d0b46a4cb5872680eb4a97f8096f04c35cfe6a0e3b6b3559
2023-03-25 20:17:14,True,1.519e-07,4.758e-10,1069692060.0,5.09,0xde...fa58,https://bscscan.com/tx/0xa2e1585edd7369adbcf0bbead7032d823dd5294ccb04b1a725ad86f3f25707a2
2023-03-25 20:16:11,True,1.516e-07,4.749e-10,414740966.0,1.97,0x2a...576a,https://bscscan.com/tx/0xc1866c59947bcee7e0c837d89a54dc1705b2e3014eeb76fe2dc3dd737c8104bf
2023-03-25 20:15:35,True,1.523e-07,4.747e-10,19473714.0,0.0924,0x4a...9963,https://bscscan.com/tx/0xd6d7b050e16eb525df9955611d09e13c071a06994e100c8474ad11b0c4ddef25
2023-03-25 20:15:35,True,1.509e-07,4.703e-10,7823166733.0,36.7956,0x4a...9963,https://bscscan.com/tx/0xd6d7b050e16eb525df9955611d09e13c071a06994e100c8474ad11b0c4ddef25
2023-03-25 20:14:14,False,1.481e-07,4.639e-10,422991070.0,1.96226,0xde...fa58,https://bscscan.com/tx/0x7fad5164a0aa1e4597a26da00ba69562305189ab4cb2efc1faa8f11cc2583548
2023-03-25 20:13:02,True,1.495e-07,4.661e-10,624306875.0,2.91,0x2a...576a,https://bscscan.com/tx/0x80d3a5449f0b25f6f31c1e9080c9efd98727a1e5819d416eab6d8d6a004f3feb
2023-03-25 20:11:44,False,1.488e-07,4.64e-10,1046394041.0,4.85548,0x08...af7e,https://bscscan.com/tx/0x47d74b334c90b79b5a140b07f35751e330eec050a52a2c3c766c156bb35b51b6
2023-03-25 20:11:11,True,1.496e-07,4.666e-10,460710839.0,2.15,0xde...fa58,https://bscscan.com/tx/0xf0b0c621f79cea238a263d4dca8cdec2577505ffa0e3ef0fb9f289e414178993
2023-03-25 20:11:08,True,1.495e-07,4.661e-10,392535935.0,1.83,0xec...0165,https://bscscan.com/tx/0xb8850a7002725957281b55c0fae93b626b6560ce3415f880c748aeb304dc798d
2023-03-25 20:09:53,False,1.481e-07,4.64e-10,739633232.0,3.43235,0x2a...576a,https://bscscan.com/tx/0xe9fb10e0d5a43cb9d68d804983b1658743a4975631ae1cf924deb8f2aa410a53
2023-03-25 20:08:38,False,1.484e-07,4.648e-10,763103844.0,3.54755,0x08...af7e,https://bscscan.com/tx/0x622a7b3d5904a71b8d8606d1db45da6c3532fa046d490dafd389caa954e4625f
2023-03-25 20:08:26,True,1.491e-07,4.669e-10,1216362949.0,5.68,0x1b...7f6d,https://bscscan.com/tx/0xf0cabf6797fd3455e0ff02cf276f4b75048a2305a1c797b570ed7909ead57700
2023-03-25 20:08:23,False,1.482e-07,4.643e-10,633299872.0,2.9405,0xde...fa58,https://bscscan.com/tx/0x3352572c8500940af857465cf413eb75e8f9da62d8cab973dcc340d13295b076
2023-03-25 20:07:08,False,1.49e-07,4.646e-10,8306144.0,0.0386,0xf3...dc38,https://bscscan.com/tx/0xb0342efe9800815619001218c35b7440b2ce5e5af980387cc69aa68b9adc9564
2023-03-25 20:06:41,True,1.497e-07,4.667e-10,537813931.0,2.51,0x2a...576a,https://bscscan.com/tx/0x96c1bdbd8198e29ff5a6c90035b4868a5e4a093c7bb9dca923caad94ce0fa31f
2023-03-25 20:05:32,True,1.494e-07,4.657e-10,1256133993.0,5.85,0x08...af7e,https://bscscan.com/tx/0xa29609a94278ece0d8200eb19810997e7f69a7a71790f918ef8aa267bef7e81c
2023-03-25 20:05:20,False,1.486e-07,4.632e-10,994472820.0,4.60685,0x1b...7f6d,https://bscscan.com/tx/0x457704a49f6036c85c86441fe505cacde7173100ea9bc0efe9bbedffe0fb408d
2023-03-25 20:05:05,False,1.489e-07,4.64e-10,546733623.0,2.53733,0xde...fa58,https://bscscan.com/tx/0x36dc81e5422b0c8c4fbd2ae3a586bc385a9724e3c18f809bba6eebbc41086073
2023-03-25 20:04:50,False,1.49e-07,4.646e-10,403108872.0,1.87288,0xec...0165,https://bscscan.com/tx/0x77fb80f37d9788c66f04afc89bd0cb39067b790a07ed465365b8744b4a9fdac0
2023-03-25 20:02:26,True,1.491e-07,4.669e-10,321209615.0,1.5,0x08...af7e,https://bscscan.com/tx/0x294763448ded28af5b189f0f2edda1a33502abbe687ca9d6289515534a4542cf
2023-03-25 20:02:17,True,1.488e-07,4.66e-10,1353903777.0,6.31,0x1b...7f6d,https://bscscan.com/tx/0x31f6dc18fd97726cf9f9fef2934b8a6e2d03c560e99505dde391f5d75f4baa91
2023-03-25 20:02:11,True,1.494e-07,4.647e-10,974656653.0,4.53,0xde...fa58,https://bscscan.com/tx/0xbdab041c0f4e39e520d44b7727e588ca362712ddd2d2cedab78de0d68965f383
2023-03-25 20:01:29,False,1.487e-07,4.619e-10,47500000.0,0.2194,0x3c...7fef,https://bscscan.com/tx/0xb3560dddbdc558bb64ac898586ca0ef9dedbcffc95ba69d48f10d378cafd4db5
2023-03-25 19:59:17,False,1.491e-07,4.621e-10,382315174.0,1.76701,0x1b...7f6d,https://bscscan.com/tx/0x1f34a5d4ba6970fe4c0e60471fcf84e4350e853a92ffa265b52d2c352713dda8
2023-03-25 19:57:11,False,1.485e-07,4.628e-10,843500590.0,3.90419,0x2a...576a,https://bscscan.com/tx/0x9cb7269454fe4785d908acf3eefa252512632832fc3e713ffaf87348a3bd4629
2023-03-25 19:56:29,True,1.499e-07,4.655e-10,106515950.0,0.4959,0x70...de58,https://bscscan.com/tx/0x31f1b351d3dbb29d13da994afc8c597a07fba9973857f1602132fb97a88dd11e
2023-03-25 19:56:17,False,1.493e-07,4.636e-10,879066759.0,4.07605,0x08...af7e,https://bscscan.com/tx/0xa9f198cf7a9e1c80838c5c4623634d00694cf9c4bb304b049291dccc35fc185c
2023-03-25 19:55:59,False,1.497e-07,4.647e-10,1055503110.0,4.90534,0xde...fa58,https://bscscan.com/tx/0x2a50cae2566c3a324cc9a216cad65c3a61a9c548ef6d117cf989182b969d90ff
2023-03-25 19:55:23,False,1.499e-07,4.655e-10,504025619.0,2.34672,0xec...0165,https://bscscan.com/tx/0xbc9d4a9b5bdc5575df5e7482a2c2b5ea5e22bd0ec38b06137f1a95dbdf68dec9
2023-03-25 19:53:09,False,1.503e-07,4.662e-10,755141596.0,3.52115,0x1b...7f6d,https://bscscan.com/tx/0xb31d44b07fae27fd16666c2324da002ca61f0072f174a60012d9c96ba92f9fd3
2023-03-25 19:50:51,True,1.515e-07,4.684e-10,1071614167.0,5.02,0x2a...576a,https://bscscan.com/tx/0xda63e3301e32a94f9a340110696f0f72eccf6bf10b0de99fd502fd3f152daff9
2023-03-25 19:50:06,True,1.512e-07,4.675e-10,530408795.0,2.48,0x1b...7f6d,https://bscscan.com/tx/0x7ea410159a29b9f9162474f9bb051bb64f3aa4425d2a4abd6ffa3a5ec59427e4
2023-03-25 19:50:03,False,1.504e-07,4.649e-10,2050908.0,0.0095,0x4f...ca8e,https://bscscan.com/tx/0x009651037e32ea19039674589aebc40bcdb6b1f70075ca95c3b6d68195bd9113
2023-03-25 19:49:06,True,1.511e-07,4.67e-10,361828211.0,1.69,0xec...0165,https://bscscan.com/tx/0x99d4fc1952c0479c549b8b63cb1846f8a58fcda242117e4ca63ced9afa647046
2023-03-25 19:47:06,False,1.503e-07,4.647e-10,327315836.0,1.52111,0x1b...7f6d,https://bscscan.com/tx/0x288e16297904742f4c82a048c59919db272fc8d62c23d79cf65d1cfb73c4068f
2023-03-25 19:47:00,True,1.51e-07,4.67e-10,400417932.0,1.87,0x08...af7e,https://bscscan.com/tx/0xf857a8351e108315c3dfbf6a275633106336987d9fd7957527defa1752714948
2023-03-25 19:46:21,False,1.502e-07,4.644e-10,45766176.0,0.2125,0xba...7ddc,https://bscscan.com/tx/0xdaffdfd4354e5658ea63281dac54eeea5e510c2009071df1729a578ff991890e
2023-03-25 19:46:00,True,1.507e-07,4.66e-10,1370996981.0,6.39,0xec...0165,https://bscscan.com/tx/0x7f59fa9e5d27d3cdb07512580c777ff3e31f0a681932a39b023470b8bdde9ed6
2023-03-25 19:45:30,True,1.505e-07,4.653e-10,770368.0,0.0035,0x4a...9963,https://bscscan.com/tx/0x5f34edde842dd34ea1a12148ebc017b2469aa45cbce217f25fbee5790d135e1b
2023-03-25 19:45:30,True,1.504e-07,4.651e-10,306717967.0,1.42673,0x4a...9963,https://bscscan.com/tx/0x5f34edde842dd34ea1a12148ebc017b2469aa45cbce217f25fbee5790d135e1b
2023-03-25 19:44:30,False,1.497e-07,4.63e-10,624933181.0,2.89351,0x2a...576a,https://bscscan.com/tx/0x076f29513c228ae6b6be7ddb79f06711993904729d5191edca54aed224e7d854
2023-03-25 19:44:00,False,1.5e-07,4.637e-10,691102969.0,3.20486,0x1b...7f6d,https://bscscan.com/tx/0xe8712e7708368dfdc9d0c63d4744ad188a213b692c2c7e2d4815b544ee30f941
2023-03-25 19:43:54,True,1.507e-07,4.659e-10,914294683.0,4.26,0x08...af7e,https://bscscan.com/tx/0x16c29b4f0a8363c5bf8ed1ece2be65e390ca43c6d9e75860d0def0c3c3b65cf6
2023-03-25 19:43:48,True,1.503e-07,4.646e-10,1344981131.0,6.25,0xde...fa58,https://bscscan.com/tx/0x0f8859697b792828bad88b290f850a6cedaa23d9a1a9354a9546b7c3e5e95a36
2023-03-25 19:41:18,False,1.489e-07,4.618e-10,416327944.0,1.92287,0x2a...576a,https://bscscan.com/tx/0xccaabaeb0402f8167f43a431ec18e2d6bc3a864657c46614591e9dd998f8011a
2023-03-25 19:40:57,True,1.495e-07,4.637e-10,1190279702.0,5.52,0x1b...7f6d,https://bscscan.com/tx/0x24d0b29d2560fff41e52f59d2cb3bb47c7054b6d0c69db3a5f3e9aac6d05cd71
2023-03-25 19:40:48,False,1.486e-07,4.612e-10,778414083.0,3.59018,0x08...af7e,https://bscscan.com/tx/0x736a555ae71a9d03ba6bddb48bd435a9b3343bb438ba7e846e9b31bfd7b0a366
2023-03-25 19:40:45,False,1.489e-07,4.618e-10,380657383.0,1.75805,0xde...fa58,https://bscscan.com/tx/0xec0015df2af2316ba09f9ff926f65d0b83eb3179bc183c5174bbb93ea4c9c581
2023-03-25 19:39:45,False,1.498e-07,4.623e-10,568396598.0,2.62805,0xec...0165,https://bscscan.com/tx/0xfae62d723e4d759390d3ae115a5b90c8c42cfa9473c0ef94fc24d9a3354f7b43
2023-03-25 19:39:21,True,1.499e-07,4.649e-10,3000000.0,0.0139,0x52...8bf1,https://bscscan.com/tx/0xfd71be8c3747e03be5849a25a9697da6c7310fd6d8c36db98c92e32ca311f070
2023-03-25 19:37:57,False,1.491e-07,4.633e-10,1235579174.0,5.72498,0x1b...7f6d,https://bscscan.com/tx/0x8895a225cabe1d4b5eff6a7e6140b0a87ed79f682bc8a08c85a82d29127d21d5
2023-03-25 19:37:42,False,1.495e-07,4.645e-10,994872007.0,4.62182,0xde...fa58,https://bscscan.com/tx/0xd278e3db3ee04366e3f6ffda90a0adac8e1b971c03e0bb1c20114b255684e931
2023-03-25 19:36:33,True,1.505e-07,4.67e-10,700129226.0,3.27,0xec...0165,https://bscscan.com/tx/0x21c61c54c07e3315079e8ffabe4450971c14a1ed59a67fe8961ccdfe1861a282
2023-03-25 19:34:57,True,1.51e-07,4.661e-10,986859556.0,4.6,0x2a...576a,https://bscscan.com/tx/0x7a84ec8a50fe567da2a41de7cd70e4c70423550e27c0f9c51f4585272795b588
2023-03-25 19:34:39,False,1.495e-07,4.637e-10,897462220.0,4.16197,0x08...af7e,https://bscscan.com/tx/0x72cb26ab8ac50ca54162288d4cc154fb92a4d5be50664c8f89ebc534efea836d
2023-03-25 19:33:24,False,1.506e-07,4.648e-10,1173052983.0,5.45333,0xec...0165,https://bscscan.com/tx/0x4364f3432cb0ef60c523949e188779e806a226701118719b188b96469ee9f12b
2023-03-25 19:31:54,True,1.514e-07,4.674e-10,656685311.0,3.07,0x1b...7f6d,https://bscscan.com/tx/0xa828e11ac295e98c6ec92fd9bcdf012021d98457f513f0425ae50588b8b473d9
2023-03-25 19:31:48,False,1.508e-07,4.654e-10,1142462309.0,5.31739,0x2a...576a,https://bscscan.com/tx/0x63bc1422a6630367eb63d9357ed0afdc0056ad002c88f94a311c29b66a8c4063
2023-03-25 19:31:39,True,1.507e-07,4.676e-10,1349298244.0,6.31,0xde...fa58,https://bscscan.com/tx/0xaa9f837f9425191bb0f81665c18a951777b713a71f46b29cfd3d8711806049df
2023-03-25 19:31:33,True,1.504e-07,4.665e-10,565805284.0,2.64,0x08...af7e,https://bscscan.com/tx/0xe3bd54c48f3f7df21d88a256ee0cfe03662a6440a18ef3408226bdeed400232c
2023-03-25 19:30:15,False,1.504e-07,4.641e-10,326956660.0,1.51751,0xec...0165,https://bscscan.com/tx/0xd38e4963c6d36264e41187e6b16798620ff7e59798ccc903cb1d3d6b61ff899e
2023-03-25 19:28:48,True,1.503e-07,4.662e-10,735683202.0,3.43,0x1b...7f6d,https://bscscan.com/tx/0xbd306c5fa23e8b0fac85f79cb812810aea9df7b522c54ea568d7be4a9c47287d
2023-03-25 19:28:36,True,1.507e-07,4.651e-10,1309375306.0,6.09,0x2a...576a,https://bscscan.com/tx/0xf3726a52188d5d78b6115d4b28701aac73e9b281278f24af17382a8444cf7bf5
2023-03-25 19:28:36,False,1.498e-07,4.622e-10,305694160.0,1.41303,0xde...fa58,https://bscscan.com/tx/0x32c8dbbc7228ace1cb39ad240e0f044368fb2b2c7235f85aaf21b042673f175f
2023-03-25 19:28:27,True,1.504e-07,4.642e-10,893947546.0,4.15,0x08...af7e,https://bscscan.com/tx/0x51cf9431ed04172d08ba4e20bc688c4b6278443ca9417a31a82593bc69511c7c
2023-03-25 19:27:09,True,1.493e-07,4.63e-10,1347711746.0,6.24,0xec...0165,https://bscscan.com/tx/0xa86cb688da325efc509ff211f271397b1e1be7208adf17c69399beb08553b16d
2023-03-25 19:25:39,True,1.497e-07,4.622e-10,128990863.0,0.5962,0x61...78eb,https://bscscan.com/tx/0x998ab30d1c87b80a76130c98c99c527557324987aa8f8ae556606e6c7fa6bcc8
2023-03-25 19:25:36,True,1.496e-07,4.618e-10,539149001.0,2.49,0xde...fa58,https://bscscan.com/tx/0xbd1d8eae7c12bc859b66375860994367fbfc743250de156c086e06295e3d2785
2023-03-25 19:25:27,False,1.49e-07,4.597e-10,995500218.0,4.57711,0x2a...576a,https://bscscan.com/tx/0x995b0a158d3b3702e9a97f23cf00aaa5ac9d72f77e259ea3a0cb2f84b3b80368
2023-03-25 19:25:21,False,1.486e-07,4.609e-10,1115899744.0,5.14343,0x08...af7e,https://bscscan.com/tx/0x8a494704f725ecf75846a6f10f430169b1906eda201eaa6fe95dd64eb4d25e10
2023-03-25 19:24:24,True,1.503e-07,4.638e-10,53897.6,2.5e-05,0x19...797c,https://bscscan.com/tx/0x9a2d25eb52fdb15accd529fe5f1f728c0240b7559c65787047256ca9638fa4da
2023-03-25 19:24:24,True,1.503e-07,4.638e-10,21451775.0,0.0995,0x19...797c,https://bscscan.com/tx/0x9a2d25eb52fdb15accd529fe5f1f728c0240b7559c65787047256ca9638fa4da
2023-03-25 19:22:48,True,1.494e-07,4.634e-10,591159767.0,2.74,0x1b...7f6d,https://bscscan.com/tx/0x477f268a7e762fa57a5f92292353bddeefbac5bbfd67b9e8c475ec6b37c1bade
2023-03-25 19:22:33,False,1.487e-07,4.612e-10,806754961.0,3.72155,0xde...fa58,https://bscscan.com/tx/0x13298b74cae249f471afdda295b261207cc5a273be9b6e621122e6e8e1bdefa3
2023-03-25 19:22:21,True,1.494e-07,4.633e-10,1227931571.0,5.69,0x08...af7e,https://bscscan.com/tx/0x01be6e94b94162f6de701df6bfe50837c46e861072193a93227b2075c2c6a410
2023-03-25 19:20:51,False,1.485e-07,4.607e-10,728493903.0,3.35687,0xec...0165,https://bscscan.com/tx/0xbb9c5f25268e8e1c5e408e99a894b9a2ad7c8e65b3cd964c24c6b3317a6e226a
2023-03-25 19:19:51,False,1.487e-07,4.613e-10,259963072.0,1.19929,0x3c...bb3b,https://bscscan.com/tx/0x801430d588b5e5743b4e3ff3de1641c9c4e87a834ca5abb004916ca1b4a6a8a3
2023-03-25 19:19:27,True,1.493e-07,4.633e-10,848218376.0,3.93,0xde...fa58,https://bscscan.com/tx/0x004da680b2fa921bcfdffb5f5323687b1f8945bf005f10be1b3f9347e45347ef
2023-03-25 19:19:12,False,1.485e-07,4.606e-10,247481198.0,1.14011,0x08...af7e,https://bscscan.com/tx/0x6853212fc83827758f25ef09b62a737891981a2a499863287325c4e1dc0d730e
2023-03-25 19:19:06,False,1.493e-07,4.609e-10,269535803.0,1.24246,0x2a...576a,https://bscscan.com/tx/0x4ef04a5f28d6131fa1412777783e7c065f5141e236b741d215b6b3e115a7eb02
2023-03-25 19:16:36,False,1.494e-07,4.612e-10,319976696.0,1.476,0x1b...7f6d,https://bscscan.com/tx/0x7f305e7f06a1e60af90ed213525624826de398788132aa002789c1974436634f
2023-03-25 19:16:27,False,1.489e-07,4.618e-10,749475890.0,3.46157,0xde...fa58,https://bscscan.com/tx/0xb5e9f4b26d014a084b663bf0795253c523ea70c92553172139bba0298aa32409
2023-03-25 19:16:06,False,1.498e-07,4.625e-10,537999776.0,2.48861,0x08...af7e,https://bscscan.com/tx/0x8628d03e06031e2292685990c9ebfaf0b07ab53a0d529bf139a816897628795a
2023-03-25 19:15:57,True,1.505e-07,4.647e-10,783213959.0,3.64,0x2a...576a,https://bscscan.com/tx/0x16fc1dd175e0de38c0be139347da98e93c59381b6e92515e4fde149124ad31bd
2023-03-25 19:14:34,False,1.49e-07,4.622e-10,543199994.0,2.51121,0xec...0165,https://bscscan.com/tx/0xe7fc43f94487eb3fb9b343ae07623f1498a8c88a38d587170e69435bbaae0fa1
2023-03-25 19:13:38,False,1.501e-07,4.632e-10,1150525942.0,5.32951,0x1b...7f6d,https://bscscan.com/tx/0x15d066094992da672b1941bb4a939945d896f8596bcac325f23516414cd45d15
2023-03-25 19:13:22,False,1.497e-07,4.644e-10,1063347621.0,4.93856,0xde...fa58,https://bscscan.com/tx/0x776a6a8692849fb09a08d26e81e740c9ccf0345c26b6c4ddcd7ac79d9f351c9f
2023-03-25 19:13:01,False,1.508e-07,4.655e-10,900090385.0,4.19005,0x08...af7e,https://bscscan.com/tx/0x4f39642cb6ee31764d4949b36578a8327ee004334d4904e44e2c9b2e8c9dc806
2023-03-25 19:11:26,True,1.509e-07,4.681e-10,333217676.0,1.56,0xec...0165,https://bscscan.com/tx/0x3fc915b1c4d58740642196f4761105a201981b57855ad9443fb02f6b51b46225
2023-03-25 19:10:40,False,1.509e-07,4.659e-10,572898625.0,2.66946,0x1b...7f6d,https://bscscan.com/tx/0xb0b7994c759bc5c67be4b031bdbc66157fbb70d1d801119e0ccd1a11bab99156
2023-03-25 19:09:34,False,1.512e-07,4.668e-10,1132396625.0,5.28714,0x2a...576a,https://bscscan.com/tx/0x2a513596eaf8172bab1a966df0d0cf3091bceaa4e22850c9108349851ad2b737
2023-03-25 19:08:18,True,1.52e-07,4.693e-10,939605361.0,4.41,0xec...0165,https://bscscan.com/tx/0x158811e39758653300e32362ef2d57f1a84cd920a1aa7216ed63f1819a237587
2023-03-25 19:07:29,True,1.516e-07,4.681e-10,1286026515.0,6.02,0x1b...7f6d,https://bscscan.com/tx/0x24a32b1117f333532c7b6d5411fecc80846db81b45065230934db28430f1d742
2023-03-25 19:07:16,True,1.512e-07,4.668e-10,978891724.0,4.57,0xde...fa58,https://bscscan.com/tx/0x8c83eb467f3dcdc73388471c353a9132b48bc2a6ac390b6321975442d018bb75
2023-03-25 19:06:25,True,1.508e-07,4.659e-10,716862942.0,3.34,0x2a...576a,https://bscscan.com/tx/0x04952d769cc3bbc0bc29890a1f5c20d0862e7ceeb2dbf23bd01749c06812427c
2023-03-25 19:04:15,False,1.492e-07,4.633e-10,287879480.0,1.33391,0xde...fa58,https://bscscan.com/tx/0x4e0eabdf5f0e7d5fe68bd52e386fa1163215ef40818428fe10ef54c5ad27a57a
2023-03-25 19:03:15,False,1.494e-07,4.638e-10,627309637.0,2.90983,0x2a...576a,https://bscscan.com/tx/0xb84941fe9957a6f3a0e040f29446c5bb90481860f724a4bebe6bf3734be753ee
2023-03-25 19:02:00,False,1.504e-07,4.644e-10,452603000.0,2.10211,0xec...0165,https://bscscan.com/tx/0x760bcbbc7f6ae74c8af8b95b08ccddcc4f9377ccc56152314b73b2299572ff1d
2023-03-25 19:01:21,False,1.498e-07,4.649e-10,527786110.0,2.45414,0xde...fa58,https://bscscan.com/tx/0x630ef53847660f8d17fce65ce2305978027eb1e234480d8bdb833d8de926ba46
2023-03-25 19:00:39,True,1.505e-07,4.672e-10,684883218.0,3.2,0x08...af7e,https://bscscan.com/tx/0xc253cbae185d31b62ffbdb5f59e71f201e9b7a27e0820b80579bcbafa9a9d835
2023-03-25 18:58:51,False,1.498e-07,4.649e-10,857775173.0,3.98861,0xec...0165,https://bscscan.com/tx/0x6ea73e20ceaf23d6001630b19eff520df7b30e7c415171874c20a3f5c2400658
2023-03-25 18:58:21,False,1.508e-07,4.658e-10,636728645.0,2.96599,0x1b...7f6d,https://bscscan.com/tx/0xdada15b39438c008eb6c8398f9955a12e2fe70286c62fa987810effbdda31efa
2023-03-25 18:58:09,True,1.516e-07,4.682e-10,510440652.0,2.39,0xde...fa58,https://bscscan.com/tx/0x0344e4068664cb5c41901887ed38bdd6f73faa1b808241f3b7a66d92f1fe5a9e
2023-03-25 18:57:36,True,1.506e-07,4.677e-10,382701370.0,1.79,0x08...af7e,https://bscscan.com/tx/0x1aa650d4a7ea04f2e0655064dec7828143920f5c13357ed85979b7cb62b2790e
2023-03-25 18:56:54,True,1.512e-07,4.67e-10,914328466.0,4.27,0x2a...576a,https://bscscan.com/tx/0xd258090413a3f7d4bbd1ef2855598d9f8db08e5b622b78388ed54082eebffd2f
2023-03-25 18:55:42,True,1.51e-07,4.662e-10,489024126.0,2.28,0xec...0165,https://bscscan.com/tx/0x36397c840c9a1f41815fa3c49766de3af4b4e822427b487a8173de5451bb6661
2023-03-25 18:55:21,True,1.508e-07,4.657e-10,360695795.0,1.68,0x1b...7f6d,https://bscscan.com/tx/0xb04bb395f973c6a297a5d399d7f73ae0143fd8b384057931d0ec9d9ec8f7ec96
2023-03-25 18:55:09,True,1.505e-07,4.648e-10,1269172553.0,5.9,0xde...fa58,https://bscscan.com/tx/0xeb54ec86c30b91b069f0d2688fb0c426f40930a491b3324f4aedcc0a7c6bd0c3
2023-03-25 18:54:27,False,1.489e-07,4.62e-10,411000162.0,1.89908,0x08...af7e,https://bscscan.com/tx/0x073f91004d7bc624a0b4fc5bbc902fd20f3855cfddda2a574e05232fc75fc3a5
2023-03-25 18:53:45,False,1.491e-07,4.627e-10,844160204.0,3.90647,0x2a...576a,https://bscscan.com/tx/0x47cdf07b02963e2ae21b7b9a46600e57ada9bea89202c85efa89716daa7fff59
2023-03-25 18:52:18,False,1.502e-07,4.637e-10,968048330.0,4.48937,0x1b...7f6d,https://bscscan.com/tx/0x0e2eaed8f10d72e2ddfdd82106323a6fbca3e9461ea4688be642d54a5e7b52cd
2023-03-25 18:50:03,False,1.503e-07,4.643e-10,104573488.0,0.4855,0xe9...a4e0,https://bscscan.com/tx/0x71f1e24bd6854f5106cca10ea6cb3fd15509f171c03c9bf4a34ff341fc07ceae
2023-03-25 18:49:24,False,1.505e-07,4.647e-10,659182001.0,3.06362,0xec...0165,https://bscscan.com/tx/0x12a0ba509c5a55400e0b8ad5f2fa59838da720458f488a7143d168d894297bfd
2023-03-25 18:48:18,False,1.5e-07,4.654e-10,656275045.0,3.05485,0x08...af7e,https://bscscan.com/tx/0xaea4c9a65a879477db8cc243bf0b7383cd2d74d6563487db5d147fd5d192ab2a
2023-03-25 18:47:57,True,1.516e-07,4.681e-10,38646586.0,0.1809,0xd5...b64a,https://bscscan.com/tx/0x49cc49bd2a28545d9cfb893d0fa3556e708d8ca6d34b3411b28891181e7b6b2c
2023-03-25 18:47:24,True,1.506e-07,4.674e-10,1285765120.0,6.01,0x2a...576a,https://bscscan.com/tx/0xe1c78a4fc0e7aabce8bdff724451fef7d64edf277a01d6fb62a60738d49741bb
2023-03-25 18:46:18,False,1.504e-07,4.646e-10,409178869.0,1.90108,0xec...0165,https://bscscan.com/tx/0x872922d9b7a81c8dea1c255a2cb8153179cd305d34f30dc3dd10ba073a424bd3
2023-03-25 18:46:12,True,1.502e-07,4.664e-10,1243356797.0,5.8,0x1b...7f6d,https://bscscan.com/tx/0xbd63469ee9c7401db87efe76d1088abef401425521e1f64b16f8a643dd5a9309
2023-03-25 18:45:59,False,1.494e-07,4.639e-10,937862201.0,4.35151,0xde...fa58,https://bscscan.com/tx/0x1ed960fd88087b6d5c19c20af5c2773cbecff7121bdbe55547b72911c18737be
2023-03-25 18:44:14,False,1.497e-07,4.648e-10,601202472.0,2.79454,0x2a...576a,https://bscscan.com/tx/0xb0915846661264b0399339543a9e4aaa649c75b941c41cae8abc288287b4143a
2023-03-25 18:43:29,True,1.505e-07,4.673e-10,192561505.0,0.9,0x36...01d2,https://bscscan.com/tx/0x74f283633a6cf055983f6919515e6140048fc56dbd2a29bcbf2fa504c47c4563
2023-03-25 18:43:08,True,1.503e-07,4.667e-10,884771909.0,4.13,0xec...0165,https://bscscan.com/tx/0x98fb19ebff72e89390f02afd6de59ad8e5df650e40f25d382b36babe60e19230
2023-03-25 18:42:56,True,1.501e-07,4.659e-10,603048104.0,2.81,0xde...fa58,https://bscscan.com/tx/0x3dd23298daf5700d8254ebc99e15568a788bd061d958380854291244766a13f1
2023-03-25 18:41:05,False,1.501e-07,4.635e-10,498618920.0,2.31151,0x2a...576a,https://bscscan.com/tx/0xc2d74ed9b2e62fc62e168d393cd82a13a4e20e209bef05655d68c0532cfca13e
2023-03-25 18:40:05,False,1.503e-07,4.641e-10,621714821.0,2.88597,0x1b...7f6d,https://bscscan.com/tx/0x0dcd6ce9a803e8d5f131adc86fa656d858482bdffbebe01af92bebc17eb3bb2f
2023-03-25 18:39:59,False,1.505e-07,4.647e-10,380900661.0,1.77022,0xec...0165,https://bscscan.com/tx/0xf252fb50032847a814f4044ac3e3dd5ad93b445fb563d6037b8869fcd35f4f37
2023-03-25 18:39:02,True,1.505e-07,4.671e-10,323265481.0,1.51,0x08...af7e,https://bscscan.com/tx/0xeccfa0c3b66d5be7a4d0d993c08e007de63278d2de449bd79510a42610909a19
2023-03-25 18:37:29,False,1.506e-07,4.65e-10,878121387.0,4.08398,0xa3...9c4b,https://bscscan.com/tx/0x0615dd7213a3f695e7bac1b2d52bbf8613e43bdb686bfaa07b8ab853f6be54db
2023-03-25 18:37:05,True,1.514e-07,4.676e-10,378456094.0,1.77,0x1b...7f6d,https://bscscan.com/tx/0x28c9fedf4e8ba6adaf8b7c8649b9a100e4da7ee6634bd72e89e53ff87a33e702
2023-03-25 18:36:56,False,1.507e-07,4.655e-10,648206162.0,3.01742,0xde...fa58,https://bscscan.com/tx/0xa1d539d503ee659de82412e791052635fc451ce1f086b9bf43a3565b54558f97
2023-03-25 18:36:53,True,1.514e-07,4.675e-10,1084270727.0,5.07,0xec...0165,https://bscscan.com/tx/0xea2be7277e83afd618c6933a84cf4bf5f4ed4496b14c2c8ff618d015921fd69d
2023-03-25 18:35:56,False,1.498e-07,4.649e-10,594429649.0,2.76404,0x08...af7e,https://bscscan.com/tx/0x6f3970996e351ed79de6579961aebdac514e6075fc9cdb3c0ec6c20666d3f725
2023-03-25 18:34:44,True,1.513e-07,4.671e-10,918347644.0,4.29,0x2a...576a,https://bscscan.com/tx/0x9c025eb1cb97d4598e5be63d0594fb1291594bd0570eaf42fae9843a934ca610
2023-03-25 18:34:02,False,1.505e-07,4.647e-10,735585331.0,3.41834,0x1b...7f6d,https://bscscan.com/tx/0x4bc010cbf9e9d76efe63af8a9f2ba5a448865da6a24a8948324c31ed4ac86440
2023-03-25 18:33:50,True,1.512e-07,4.67e-10,642271801.0,3.0,0xde...fa58,https://bscscan.com/tx/0x85c1ce3992f2430d1c273bd8f08600360d38a3a07337a5f3960c504de8482d84
2023-03-25 18:33:41,True,1.51e-07,4.664e-10,486635406.0,2.27,0xec...0165,https://bscscan.com/tx/0x55c94f700199f187723480a8452ae090d5117add807ad143e13dcea4d62d4930
2023-03-25 18:32:50,True,1.508e-07,4.658e-10,577400010.0,2.69,0x08...af7e,https://bscscan.com/tx/0xe41a1e0385d004491d4a791f23c03c527b95bf7564b2c7ab207b75770fbbeceb
2023-03-25 18:31:32,False,1.501e-07,4.635e-10,597314617.0,2.76895,0x2a...576a,https://bscscan.com/tx/0xf60d131a249ce5c3bb41080b72bfc9667ef5f8aca838451f5eb619cd916dd883
2023-03-25 18:30:47,False,1.497e-07,4.644e-10,1032824704.0,4.79705,0xde...fa58,https://bscscan.com/tx/0x6b1a792653db544b802838ebfe8b4dfc6435f589fd0d74a05edef22e6dd0d76b
2023-03-25 18:29:47,False,1.5e-07,4.653e-10,668986199.0,3.11342,0x08...af7e,https://bscscan.com/tx/0x279df35a5a36f2404784f261a5a39e34eb7ddb2e3d4e8289ab01951935020f02
2023-03-25 18:28:23,True,1.515e-07,4.676e-10,765491007.0,3.58,0x2a...576a,https://bscscan.com/tx/0xeaf548ee3e5ba5932b950db7f22bb93bd71e744a6e783574ea20e9ad64e9b8f3
2023-03-25 18:27:59,True,1.511e-07,4.666e-10,1019958095.0,4.76,0x1b...7f6d,https://bscscan.com/tx/0x68a55810f30567962b89c6644cb8afd7af7720d342c7298ca7fc017143807b65
2023-03-25 18:27:44,False,1.503e-07,4.64e-10,426675186.0,1.9799,0xde...fa58,https://bscscan.com/tx/0xeaee5332f9d3988d59e7aac35e66d4297d8b1dea78bedbd4463103d74c989602
2023-03-25 18:25:12,False,1.507e-07,4.646e-10,693493860.0,3.22228,0x2a...576a,https://bscscan.com/tx/0x4e6dc754963fc94bcad02842277cc9313362e56ab5491d438170a9dde35dad50
2023-03-25 18:25:05,False,1.51e-07,4.655e-10,909127600.0,4.23221,0x1b...7f6d,https://bscscan.com/tx/0x3697a468e0aa51c620776a541c35d3a88bdd099c916eb5ca6aaec3f8e006d60b
2023-03-25 18:24:40,True,1.51e-07,4.677e-10,1028233382.0,4.81,0xde...fa58,https://bscscan.com/tx/0xd3a62402c8909f9fefa27dfa19746a25de0a3fc44f10ccd6af3a737ede1303ee
2023-03-25 18:22:01,True,1.506e-07,4.666e-10,1127303791.0,5.26,0x2a...576a,https://bscscan.com/tx/0x3852b7402b230ab3c9df585ace5cdeebc9d875d88291fa59541e82b718553d99
2023-03-25 18:21:40,True,1.51e-07,4.655e-10,753925702.0,3.51,0xde...fa58,https://bscscan.com/tx/0x2cb07bf0fe32069657d811c75fae7735deba29acf8a692c8439b6fce4f634ce0
2023-03-25 18:18:55,False,1.502e-07,4.633e-10,871753390.0,4.03886,0x2a...576a,https://bscscan.com/tx/0x2302e234236e40e7fcec38fcb639997de5581aea15dfe64d7d3e6b4b6216a090
2023-03-25 18:18:49,True,1.509e-07,4.653e-10,1306441864.0,6.08,0x1b...7f6d,https://bscscan.com/tx/0x9984566367a9568f6ee368adfa906d85a17a6f58db3ef082633b4a6536bc8201
2023-03-25 18:18:37,False,1.501e-07,4.629e-10,1043806565.0,4.83197,0xde...fa58,https://bscscan.com/tx/0xc15a6b2489d7335f8abf71b106eae4296ba5f562c9721b5a98f302d04f1f8085
2023-03-25 18:17:22,True,1.502e-07,4.653e-10,853132501.0,3.97,0x08...af7e,https://bscscan.com/tx/0x103147772c1e0f842aa9faaf130650ed0b5db439319561dca4857775856b6205
2023-03-25 18:15:46,False,1.493e-07,4.627e-10,335353761.0,1.55181,0x1b...7f6d,https://bscscan.com/tx/0x59dfe22c2448d10683da2638fcff09ef379b0a60699bedefe3119d70cf5c21f4
2023-03-25 18:15:40,True,1.5e-07,4.649e-10,591502479.0,2.75,0x2a...576a,https://bscscan.com/tx/0xb9a4b440e33b509b9ca1b82d9836ba2085ee0c0cee71064e8f50a9b1904b7634
2023-03-25 18:14:52,False,1.501e-07,4.628e-10,1032795183.0,4.78016,0xec...0165,https://bscscan.com/tx/0x33436468220ff1b4ca2d9b07c874c624c7030cdb83fcb26d52dd48a9c8096452
2023-03-25 18:14:16,False,1.504e-07,4.638e-10,748340126.0,3.47088,0x08...af7e,https://bscscan.com/tx/0x6111a43f9975c6f088e761cac583e0c57d8cfa51c81480c20145895e3e76e742
2023-03-25 18:12:43,False,1.498e-07,4.644e-10,383657411.0,1.78182,0x1b...7f6d,https://bscscan.com/tx/0x33e93c4400a25d6a3dc420f6b2234442a4903488447858086997207b37b04c67
2023-03-25 18:12:31,True,1.504e-07,4.664e-10,981928582.0,4.58,0xde...fa58,https://bscscan.com/tx/0xe32fd30efd375c5daf66253064b34841ce7712889732dbdff9a6b6f6984d50af
2023-03-25 18:11:43,False,1.497e-07,4.64e-10,846159636.0,3.92639,0xec...0165,https://bscscan.com/tx/0x6a7d5557c1aba2ae42e8b42f3a979261ebfde2417352c2357539afedd542c283
2023-03-25 18:11:13,True,1.504e-07,4.663e-10,855586760.0,3.99,0x08...af7e,https://bscscan.com/tx/0xa5605dd4bec8dddce00baeb8f99d7ddbb70b07ada62209ff74fd62857d39975c
2023-03-25 18:09:40,False,1.496e-07,4.638e-10,631645432.0,2.93017,0x1b...7f6d,https://bscscan.com/tx/0x83f48e693b5d4d3aaadc1a60cdf00c3d5efb3735fc1211240b5b9e526490b482
2023-03-25 18:09:28,False,1.506e-07,4.644e-10,410815511.0,1.9081,0xde...fa58,https://bscscan.com/tx/0x7903770a4f853c8c5787463ece91453081340b538c06a1241cdb9e576e3af550
2023-03-25 18:09:19,True,1.513e-07,4.668e-10,364164720.0,1.7,0x2a...576a,https://bscscan.com/tx/0x5f51eab722e6a42c106686ac61ef22108e4497aa2fcf64ef9a8ee8cc891a6ea4
2023-03-25 18:08:07,True,1.511e-07,4.661e-10,892459053.0,4.16,0x08...af7e,https://bscscan.com/tx/0xcce6e49da9c5f556f2417c7033383abc03af1fbe0a7cd7934a864ee5e58528c7
2023-03-25 18:06:40,False,1.498e-07,4.635e-10,455931499.0,2.11352,0x1b...7f6d,https://bscscan.com/tx/0xe9ffe5f3aef9873ccb7b06d5c93737ea7bc87c7ec7091f0ddecb2b6304e019b3
2023-03-25 18:06:25,True,1.505e-07,4.659e-10,397065024.0,1.85,0xde...fa58,https://bscscan.com/tx/0xdcf8e8d87c3437e297363b6947339b7b373c0f1b92efa6f4743c8899c5165452
2023-03-25 18:05:58,True,1.512e-07,4.656e-10,170061342.0,0.7918,0x57...f8b5,https://bscscan.com/tx/0x701c9e5c84e2d23f42af363f2a0f910774a16777fbd79b580b80d426e3a28342
2023-03-25 18:05:01,False,1.506e-07,4.637e-10,1092745613.0,5.06801,0x08...af7e,https://bscscan.com/tx/0x871d912e2451906a7c750fa81ab3fc871a57b610e244e4d120b9eec9e2594b67
2023-03-25 18:04:24,True,1.516e-07,4.667e-10,10000000.0,0.0466,0x51...4050,https://bscscan.com/tx/0xb73ea869ee5c4a4b31b3ee128bf84ed09f42190825ce84c3f094bb2672aeb23d
2023-03-25 18:03:22,False,1.501e-07,4.645e-10,288659932.0,1.34092,0xde...fa58,https://bscscan.com/tx/0x68f5c52491b681ae0c36622f28350686b19e053e9f961049e0a2aba6eee71770
2023-03-25 18:01:55,False,1.503e-07,4.65e-10,645288804.0,3.00088,0x08...af7e,https://bscscan.com/tx/0x7180ce2d5d7a6e99a6c2ccec20d21c5fdccbffdaafdda23397440b4e8b40403a
2023-03-25 18:00:37,True,1.509e-07,4.67e-10,1156083789.0,5.4,0x1b...7f6d,https://bscscan.com/tx/0x958ac1f1b50d7e7f77b89ecea85b104f1d4dab8f5b914787d917d647f8843e53
2023-03-25 18:00:19,False,1.508e-07,4.643e-10,349651597.0,1.6235,0xde...fa58,https://bscscan.com/tx/0xaa104e88f240d02c8ab2049f70a1a067dc2932542448a5e5d623f9f50ee08cb9
2023-03-25 17:59:49,False,1.502e-07,4.65e-10,901905254.0,4.19391,0x2a...576a,https://bscscan.com/tx/0xf0b1bd5b3d799d005d70dbc2d1fd93d8b8c58ccebe8b3f6dc49af42110247e4e
2023-03-25 17:59:10,True,1.51e-07,4.671e-10,1190125822.0,5.56,0xec...0165,https://bscscan.com/tx/0x0b8989191418a5215016df5dfda7bd83c91b8be7af2319e1cbc8cddc0f196afc
2023-03-25 17:57:31,True,1.515e-07,4.663e-10,323797081.0,1.51,0x1b...7f6d,https://bscscan.com/tx/0x8d6abd97053b0f68a4a690d76ecad63b4b5de55a2bc21de38b7608376e815d84
2023-03-25 17:57:19,False,1.5e-07,4.642e-10,670190613.0,3.11104,0xde...fa58,https://bscscan.com/tx/0xb102b19714c75589f57911275ea5c8efcc4fe4112201b5a19def7bc95ee4ceaa
2023-03-25 17:56:40,True,1.515e-07,4.664e-10,750289919.0,3.5,0x2a...576a,https://bscscan.com/tx/0x4c1f7c5ab9e5bf5fb134d6976190db3d2c7b3a45a1b021cbc7c578aaa37c5c03
2023-03-25 17:56:10,False,1.5e-07,4.64e-10,608207555.0,2.82256,0xec...0165,https://bscscan.com/tx/0xbf313df101c5258eff403b93198c54f3568daf8c94fa484d0c14036858cb89d1
2023-03-25 17:55:46,True,1.508e-07,4.664e-10,439443084.0,2.05,0x08...af7e,https://bscscan.com/tx/0x2485be560d795f1f98588c12d9d98941ee042ecba6ffbb0761f28c4ea6acbda9
2023-03-25 17:54:16,False,1.508e-07,4.642e-10,582983091.0,2.70649,0xde...fa58,https://bscscan.com/tx/0x416209cc0a6797e407a3bfba229248e20f73a473f8a5f5ba7b3aa86ec9009f93
2023-03-25 17:51:28,True,1.517e-07,4.666e-10,381410692.0,1.78,0xde...fa58,https://bscscan.com/tx/0x343c2bc4bce15df2efb51cc3b25dbb48209befd8d90d62d73f73d75b883cb59e
2023-03-25 17:50:19,False,1.502e-07,4.643e-10,402399390.0,1.86862,0x2a...576a,https://bscscan.com/tx/0x85f597c92ef16e2f363509c5bd18f1f07039b702d5900262a92b44e75d921952
2023-03-25 17:49:43,True,1.516e-07,4.665e-10,651575726.0,3.04,0xec...0165,https://bscscan.com/tx/0xf7484b5446e887af1fe1846a384208262b54852c91e2fb197cbc39f4fe3b5524
2023-03-25 17:49:07,True,1.508e-07,4.662e-10,1234085.0,0.0057,0xd5...022c,https://bscscan.com/tx/0x0ec8b39aa76b7f0437865a76f247a673e746b912c87c41db42bc64e202db092f
2023-03-25 17:48:22,False,1.51e-07,4.644e-10,1029371565.0,4.78079,0x1b...7f6d,https://bscscan.com/tx/0x20e84fc7fc263e6b31a4c09af59d659b93158861c00205710878f6fad4a65bd6
2023-03-25 17:48:10,True,1.518e-07,4.668e-10,788179093.0,3.68,0xde...fa58,https://bscscan.com/tx/0x11a195c8d4d423d552c2b04b05abc0ea9a6c0d55c0b5c9feaf2271017bf384d0
2023-03-25 17:47:07,False,1.503e-07,4.648e-10,1222596478.0,5.6827,0x2a...576a,https://bscscan.com/tx/0x1381e9c938c5b60e1619aadda7bc7ae76845acf1e2bb4e047a3080bcc53c7265
2023-03-25 17:47:01,False,1.506e-07,4.654e-10,9454328.0,0.044,0xd9...663d,https://bscscan.com/tx/0xa759c2530f62e709c9286abb6fccaf9f0597f63e5ae7f8a6d36f3fdb1f4b3dd6
2023-03-25 17:46:34,False,1.506e-07,4.656e-10,265660944.0,1.23701,0xec...0165,https://bscscan.com/tx/0xbb3f5a92f3c11135908e2b615324ff14d9debba51ded0579c4bd4df8144e8c71
2023-03-25 17:46:28,False,1.507e-07,4.659e-10,308464735.0,1.43729,0x08...af7e,https://bscscan.com/tx/0xc6a181dc2a536ec141c78f33ce894125a9cd902d4e40f20fb5f146cd509262b8
2023-03-25 17:45:22,False,1.516e-07,4.662e-10,298115204.0,1.39007,0x1b...7f6d,https://bscscan.com/tx/0xebedbacadcb0a563f2e3bed3cd347dc09926f136344a031f10f21615c056b8b0
2023-03-25 17:44:40,True,1.524e-07,4.687e-10,6707522.0,0.0314,0x70...de58,https://bscscan.com/tx/0x781011ffd1b77709064e7bdbd2cbcbc7465c502fe33f090c565fe836f44ef75e
2023-03-25 17:43:28,False,1.509e-07,4.665e-10,257664878.0,1.20222,0xec...0165,https://bscscan.com/tx/0x947e6f56c98bb503352a33574a0cce40ba17a05e5b05121d5baf0233cdcf0f71
2023-03-25 17:42:19,True,1.523e-07,4.683e-10,1204103245.0,5.64,0x1b...7f6d,https://bscscan.com/tx/0xc9ce0a38e97d947fc4ff64ea33fa0c8b00a0e773b263677142faf5e28b8b37e3
2023-03-25 17:42:07,True,1.519e-07,4.672e-10,821785309.0,3.84,0xde...fa58,https://bscscan.com/tx/0x159e3266ea21cf3edf52b1b7aaaea31104646cf957825e29bc366b6b5158918e
2023-03-25 17:40:34,False,1.51e-07,4.644e-10,10119048.0,0.047,0x88...d337,https://bscscan.com/tx/0x50487c406b50503645d5ad3abb2cd0c02e7fbcc766cac6fa5ad585da51e69a59
2023-03-25 17:40:19,True,1.516e-07,4.664e-10,619520327.0,2.89,0xec...0165,https://bscscan.com/tx/0x40150e60be489b72cfccd4516d6d1288cdee6c31653023e0528d4d1812aec034
2023-03-25 17:39:13,True,1.507e-07,4.659e-10,364848242.0,1.7,0x1b...7f6d,https://bscscan.com/tx/0x2b54f4f8ea35d688d8e25b304c00111454cfbbbf71fba1c585af88ea10fd979a
2023-03-25 17:39:04,False,1.507e-07,4.636e-10,344815669.0,1.5986,0xde...fa58,https://bscscan.com/tx/0x8d5c193880c75de615c0a81f30f546675fb719359aef163f1fd010e22f646983
2023-03-25 17:37:37,True,1.506e-07,4.655e-10,957909481.0,4.46,0x2a...576a,https://bscscan.com/tx/0x0dcf96ba46c107f9603ed422124526c9e12a19a9a096353eac151fe5e796c788
2023-03-25 17:37:16,True,1.502e-07,4.643e-10,1251120924.0,5.81,0x08...af7e,https://bscscan.com/tx/0x919ce0045344cb27af3e598cdd64677ca007a94839eb4d3da4a73222ec834e9a
2023-03-25 17:34:10,False,1.501e-07,4.617e-10,602083839.0,2.77989,0x08...af7e,https://bscscan.com/tx/0x6b5be3f9cad4542426ee95b628a8061bead4d2e06040e6d85905babc9790544f
2023-03-25 17:34:04,False,1.504e-07,4.625e-10,1021461574.0,4.72523,0xec...0165,https://bscscan.com/tx/0xba0e8a91be5c42add5a26db46832709922e9beb3fb8b86b59fe97d6817f5188f
2023-03-25 17:33:10,False,1.507e-07,4.636e-10,900479763.0,4.17502,0x1b...7f6d,https://bscscan.com/tx/0xab0410c79a758c1169abef8f727dd3f268aa6405b18575aa0c1fb18cde19b91c
2023-03-25 17:32:58,False,1.511e-07,4.647e-10,1052108731.0,4.8893,0xde...fa58,https://bscscan.com/tx/0xfcadbc8a998ad74617107cbd28f53589ff8078651a1fc419b45c2a7abd0fbe26
2023-03-25 17:31:22,False,1.506e-07,4.656e-10,580700927.0,2.70381,0x2a...576a,https://bscscan.com/tx/0x92db24d83fb00c894fb2ec7fa464b0fc347479eed307e588ac37287cec5aab6a
2023-03-25 17:30:52,False,1.509e-07,4.662e-10,548816278.0,2.55877,0xec...0165,https://bscscan.com/tx/0x6ac9d4a6db1b28410d1f0a0b6a6a633897d92c2c4037c9f0601663979f293afb
2023-03-25 17:30:13,True,1.524e-07,4.685e-10,505765851.0,2.37,0x1b...7f6d,https://bscscan.com/tx/0x09452c78d576dc39ed7a6124165203053d1d464e92e762580aba3a3846a3eecd
2023-03-25 17:29:55,True,1.522e-07,4.679e-10,609003912.0,2.85,0xde...fa58,https://bscscan.com/tx/0x8caee19f694dcfdf7535c1e5fe05953a9e4abd654b92fe7aaee8cc9a711f07d3
2023-03-25 17:27:55,True,1.511e-07,4.67e-10,1001959299.0,4.68,0x08...af7e,https://bscscan.com/tx/0x3dadbfc8670a95fcc70e6cc82e98fc7d69c8cc7263712570746c4947c93b8ed2
2023-03-25 17:27:46,True,1.508e-07,4.661e-10,729412094.0,3.4,0xec...0165,https://bscscan.com/tx/0x4174f90c768e6b373db4a832cd4326cf4f4a606a7872efc0e6ff1487e64fe6aa
2023-03-25 17:27:16,False,1.5e-07,4.636e-10,431354733.0,1.99992,0x1b...7f6d,https://bscscan.com/tx/0x717a181e2a77b1fe6c6abaf098619a7cc3bf800014a465ac2252698b787c6701
2023-03-25 17:24:55,True,1.506e-07,4.657e-10,732077551.0,3.41,0x2a...576a,https://bscscan.com/tx/0x79695d8697a8fa1672f7a26f729304d07e9443a1ed8faa11b7501fdcd9ba0bf6
2023-03-25 17:24:43,False,1.499e-07,4.631e-10,115291493.0,0.5339,0x7f...6667,https://bscscan.com/tx/0x71af4903cbdb5ad2d28ad51ea774d252f1dca83aca6c26d59f24ad56921e7592
2023-03-25 17:23:25,True,1.506e-07,4.655e-10,16111200.0,0.075,0xa3...07a4,https://bscscan.com/tx/0x9c6c5f3c85c7cff5a0eb67aa114f16fbc4930d2dad6718d6ce94c1c087beaa73
2023-03-25 17:21:46,False,1.507e-07,4.634e-10,452812706.0,2.09846,0x2a...576a,https://bscscan.com/tx/0x24232a6bceee330d6e3e53753a1a73545b1b6df6b6f58172f6b3b602db6c00a6
2023-03-25 17:21:28,False,1.501e-07,4.64e-10,676825800.0,3.14078,0xec...0165,https://bscscan.com/tx/0x660ca163935e879a697818cd0daa86bdeb868f96cc9c6bb80d8a2f325f4a9f14
2023-03-25 17:21:01,True,1.516e-07,4.663e-10,660403560.0,3.08,0x1b...7f6d,https://bscscan.com/tx/0xfa20624743d04044f32eb4d8ebcb4559555d64aaa1f3845a0b59b8b05441c9c0
2023-03-25 17:20:46,False,1.501e-07,4.638e-10,280460632.0,1.3009,0xd5...ff0c,https://bscscan.com/tx/0xe2e28d2474a018f58cb89a9767cae2bcd0d05684d6fd7ec3a0b1e680c1c2d898
2023-03-25 17:18:36,True,1.514e-07,4.657e-10,963944806.0,4.49,0x2a...576a,https://bscscan.com/tx/0x8f51c802506356b98da647988cf53c9d994bc5262c5a5e839f99808571fd26ba
2023-03-25 17:18:19,True,1.511e-07,4.647e-10,996306443.0,4.63,0xec...0165,https://bscscan.com/tx/0xce8077ab92ca35407e36a9c9c9e862f5d021efc4c4ee8451fa152342c0bef9f5
2023-03-25 17:17:57,False,1.494e-07,4.62e-10,324679871.0,1.50012,0x1b...7f6d,https://bscscan.com/tx/0xe31b2a4a9f751ef9ee347b47c28e31e79c6bfdf25b25a07daa7fa7df1fac2616
2023-03-25 17:17:45,False,1.504e-07,4.627e-10,1048758422.0,4.85343,0xde...fa58,https://bscscan.com/tx/0x0af160e12ef355ae5d557a4afca3c3278c3eb951e7181ff64b8eaa5addf4f0c0
2023-03-25 17:15:24,False,1.499e-07,4.636e-10,589546494.0,2.73357,0x2a...576a,https://bscscan.com/tx/0x421a574adbb47366090d9a57df94d7727bce50cd45a8ec7be44096ea8de7af9f
2023-03-25 17:15:11,False,1.502e-07,4.646e-10,1125707335.0,5.23018,0xec...0165,https://bscscan.com/tx/0x6516495883cafda9a3f731b9dbf7538c9e0f60c0457770da5de45abfca06ff34
2023-03-25 17:11:25,True,1.512e-07,4.675e-10,8799990.0,0.0411,0xc6...c706,https://bscscan.com/tx/0x5cefdebf655e475ea029a5fafce756bd744d1ee3e72356e37579a2c76a4c76a4
2023-03-25 17:06:31,True,1.516e-07,4.67e-10,965696031.0,4.51,0x2a...576a,https://bscscan.com/tx/0xa28db080efc63a636c77ca7bfcec9209d77e095f8cfb49f76784efe863fa4d9c
2023-03-25 17:02:46,True,1.513e-07,4.661e-10,559871535.0,2.61,0xec...0165,https://bscscan.com/tx/0x64223b7c5b38608321e275c58645ec4076a4c12335f4acf102e69afd259a7c73
2023-03-25 16:54:31,False,1.505e-07,4.638e-10,495719005.0,2.29922,0x08...af7e,https://bscscan.com/tx/0x102b4240a48189d1e96a61250781e0bdc2d73175505594fa1653d5b8b40293dd
2023-03-25 16:53:49,False,1.499e-07,4.642e-10,351486039.0,1.63188,0x2a...576a,https://bscscan.com/tx/0xf937cb01ab628da9004c2523b1a2c1deea073000eacd660b809afc2652273c44
2023-03-25 16:53:19,True,1.506e-07,4.663e-10,784786511.0,3.66,0xec...0165,https://bscscan.com/tx/0xf421bbbd48a6ef39fd9ca5196fe1472becc1628d8bfd0e463700da30937794cc
2023-03-25 16:51:22,True,1.512e-07,4.657e-10,425164515.0,1.98,0x08...af7e,https://bscscan.com/tx/0xc3c7d921bbbaddb38211014125dad4852b2aeebd1dc4b05ef61d8ca1252d7862
2023-03-25 16:51:04,True,1.511e-07,4.652e-10,337429413.0,1.57,0x2a...576a,https://bscscan.com/tx/0xbc0e1a7c39c79071f335f917a7522674824c68a266ec936a6ba322bf264791e2
2023-03-25 16:49:55,True,1.508e-07,4.644e-10,1190673674.0,5.53,0xde...fa58,https://bscscan.com/tx/0x1c98206c3ec3ba090aa911bb7fea09d1c8f3bb665b298d85d827c1d9071cdaa2
2023-03-25 16:49:25,False,1.499e-07,4.617e-10,456955908.0,2.10987,0x1b...7f6d,https://bscscan.com/tx/0x8394457353f153ba0576396d35c3a16dfa247a9341c9b383ca25004c76ae14a0
2023-03-25 16:47:25,False,1.502e-07,4.625e-10,1019713967.0,4.71646,0x2a...576a,https://bscscan.com/tx/0x7035e38e20f85e969685ce1f6d27adfd22c464cbdf6a6f560b7c09531282cea7
2023-03-25 16:47:01,True,1.501e-07,4.65e-10,716108149.0,3.33,0xec...0165,https://bscscan.com/tx/0xf1848cc223c3a44d48b4daf152b09c5c7fd7fa2421bdba47e60541c62229a3b9
2023-03-25 16:46:52,False,1.501e-07,4.625e-10,457780450.0,2.11747,0xde...fa58,https://bscscan.com/tx/0xae9679aa02493b32ed56344856efeaa2da7d7e0b3e87bfc2ccc725f9465ad566
2023-03-25 16:46:40,False,1.503e-07,4.631e-10,705013489.0,3.26552,0x1b...7f6d,https://bscscan.com/tx/0xeaa6ed845612d870d931fa348e219d412e66975494d5a4ce4539bdcf9302e931
2023-03-25 16:45:13,False,1.506e-07,4.64e-10,944783188.0,4.38462,0x08...af7e,https://bscscan.com/tx/0xf4e7dd13d5c2040643ef72cfe7c878f0f7a255aa223e1cc0a2f81cd163c5a1fd
2023-03-25 16:44:16,False,1.508e-07,4.647e-10,265220558.0,1.23261,0x2a...576a,https://bscscan.com/tx/0x465f4e76f2fea7b7ad4d01ab045c3421d74aee5e24e462875b2d267965be2141
2023-03-25 16:43:55,False,1.502e-07,4.653e-10,828455254.0,3.85523,0xde...fa58,https://bscscan.com/tx/0xdc28308599f7353b3cc4c9fdf4b2e898df1b69c6d5ba32a0140e12ddeb0c3059
2023-03-25 16:42:07,False,1.512e-07,4.659e-10,283483596.0,1.32093,0x08...af7e,https://bscscan.com/tx/0x613ff0ba4e7e6d99493b409b70a79e0a68cb8e142920c11100a0aa365d6e03a7
2023-03-25 16:41:04,True,1.51e-07,4.679e-10,884676581.0,4.14,0x2a...576a,https://bscscan.com/tx/0x35e0cc686cf74b78ded09ebfc01e5397b304437f041d8d54648e024b862afe21
2023-03-25 16:40:16,True,1.515e-07,4.671e-10,562969252.0,2.63,0x1b...7f6d,https://bscscan.com/tx/0x5a3150a4e66cf5a709555b1e13997bce9399292495dff18a08390b12549ac82c
2023-03-25 16:38:16,True,1.514e-07,4.668e-10,17644190.0,0.0823,0xa8...2956,https://bscscan.com/tx/0x80f59a612cc08b947820c50bf13f25a860795005eacd55a2676a8b4936a3fac2
2023-03-25 16:37:46,True,1.512e-07,4.663e-10,958598988.0,4.47,0xde...fa58,https://bscscan.com/tx/0x79cd4a1119a0743ec8a72cb2b61ef9ca9b23e88cdecce3021016b85563340758
2023-03-25 16:37:13,True,1.508e-07,4.651e-10,1186780201.0,5.52,0x1b...7f6d,https://bscscan.com/tx/0x014cea4c4b41451e5ebfe5c7061543b10130c727d3521a26e9de3a5d2ee5d02b
2023-03-25 16:35:55,False,1.5e-07,4.623e-10,428597732.0,1.98178,0x08...af7e,https://bscscan.com/tx/0x8cecfc4139b3468c5bebcf2db85c607cf6bd01ce7d7d79a82d2de02a1861efa1
2023-03-25 16:34:43,False,1.501e-07,4.628e-10,446527916.0,2.06682,0xde...fa58,https://bscscan.com/tx/0xcee1d84f7dc963a0e9898a34de40c7b4660ef58c5316e7b27c0bb35be440bc29
2023-03-25 16:33:34,True,1.509e-07,4.654e-10,21485958.0,0.1,0xa8...2956,https://bscscan.com/tx/0xf1e59e2e7e3fab31727739c167d8d95e433097b590320e0b30e1fe0afff34ad8
2023-03-25 16:31:10,False,1.496e-07,4.636e-10,973405741.0,4.51288,0x1b...7f6d,https://bscscan.com/tx/0x1744739707a5a2dd90b1338da267aca1463037d32d072b01375822168c7928ba
2023-03-25 16:29:46,True,1.512e-07,4.66e-10,851916324.0,3.97,0x08...af7e,https://bscscan.com/tx/0x8a8a5c8b9973f5accad188033e95f4444a1b4798ca1cb131e82281e49e648cde
2023-03-25 16:25:34,True,1.502e-07,4.652e-10,507243147.0,2.36,0xde...fa58,https://bscscan.com/tx/0x425df2a301a2252d1adca6c01b4d49cd584f1366a5c6dd7b5b147b4240b2bb96
2023-03-25 16:25:13,False,1.502e-07,4.629e-10,528206279.0,2.44532,0x2a...576a,https://bscscan.com/tx/0xbf78f55c6f43b6f68925ba81acaf9dd51c3e69cc6281d43a33162d2978f3a436
2023-03-25 16:25:04,True,1.501e-07,4.649e-10,1043039969.0,4.85,0x1b...7f6d,https://bscscan.com/tx/0x3cd7db0691453c3a05247a2c00cb1a2937abc63fbed9d72a88e68d654614ea98
2023-03-25 16:23:34,False,1.493e-07,4.626e-10,934553202.0,4.3233,0x08...af7e,https://bscscan.com/tx/0xe0a91d726487d7ee12cdfb6afcbdc158d58680c67f576e5cab831eac650d2d63
2023-03-25 16:22:31,False,1.504e-07,4.635e-10,880495268.0,4.08195,0xde...fa58,https://bscscan.com/tx/0xc428d35fa51747b1e2ac807a6fc895b06feaac39e88538fd77909dc50a88d6a5
2023-03-25 16:22:04,False,1.499e-07,4.646e-10,955910458.0,4.44119,0x2a...576a,https://bscscan.com/tx/0x04067f011317062e9633edabf0d0f79772cec602ea5dea7b5e24eebe183b3c25
2023-03-25 16:21:55,False,1.503e-07,4.655e-10,783900436.0,3.64952,0xec...0165,https://bscscan.com/tx/0x9ba4cea8a86e2163000c4784c9707c094d68a77083aadfa588f2e10335b936f5
2023-03-25 16:20:28,True,1.509e-07,4.676e-10,1270252907.0,5.94,0x08...af7e,https://bscscan.com/tx/0x7763e6e63f82826f332ddd653b35d3898577fc50619bb04c8ef63652986dd116
2023-03-25 16:19:28,True,1.513e-07,4.663e-10,1044294175.0,4.87,0xde...fa58,https://bscscan.com/tx/0xd5695ac4558fd885e07a11434f4e830fb62891fbc67430f36b9f526d15258ead
2023-03-25 16:17:25,False,1.504e-07,4.637e-10,489199504.0,2.26847,0x08...af7e,https://bscscan.com/tx/0x5c9e2d21866dc04edf300a49b28f081f23b56213dc62031670f4999278684211
2023-03-25 16:16:28,False,1.498e-07,4.641e-10,323695437.0,1.50245,0xde...fa58,https://bscscan.com/tx/0x368ee0ca56d633b0fbe95f20bd681f90acac8acf75c65fc61575c7592c5becd1
2023-03-25 16:16:22,False,1.499e-07,4.643e-10,13156850.0,0.061,0xaf...cf4b,https://bscscan.com/tx/0x01ffeaafe3f151061ee602915383bd5aeed76dbc8b71d61a4636570fae5b1033
2023-03-25 16:15:43,True,1.505e-07,4.663e-10,557498001.0,2.6,0x2a...576a,https://bscscan.com/tx/0x9e2559b246657548a25a1a2e98d2cf83b001f7b98cb94aae9e9a7d858e506cc9
2023-03-25 16:15:37,True,1.511e-07,4.657e-10,519563499.0,2.42,0xec...0165,https://bscscan.com/tx/0x6397a79c3a9e4c729899692d97ba3ac72cbab84f5e973e3cd54de11f616b5777
2023-03-25 16:14:19,True,1.501e-07,4.649e-10,916157327.0,4.26,0x08...af7e,https://bscscan.com/tx/0x1c7b73f5446d260185cf4a0128d46512f92bfb25addfcb7fe74eae0b26febd67
2023-03-25 16:12:31,True,1.505e-07,4.637e-10,1332607355.0,6.18,0x2a...576a,https://bscscan.com/tx/0xbbdab09dbabfb7cc72002a2830a85cf64365a33d9a52d603b71b0d0edb0c8127
2023-03-25 16:12:28,False,1.496e-07,4.61e-10,554249696.0,2.55517,0xec...0165,https://bscscan.com/tx/0x24666481741f9f1e674c8a4a2bde2ea03a55fac909064405c04cddab89ad53d2
2023-03-25 16:11:16,False,1.498e-07,4.616e-10,638393808.0,2.94722,0x08...af7e,https://bscscan.com/tx/0x9fd0157c254ba3d9e882fe2c5520034f2242bab4c872302e5a2c8516f6049a78
2023-03-25 16:09:52,False,1.494e-07,4.626e-10,1123283404.0,5.19654,0x1b...7f6d,https://bscscan.com/tx/0xc7115759c9316c5c6bc1bac53b3b393702af854e4e86c9d3bd9f70ea7e627f8a
2023-03-25 16:09:22,False,1.505e-07,4.636e-10,686652288.0,3.18338,0xec...0165,https://bscscan.com/tx/0xb2c702b330be3490a7c684f61aeb104b9e610545a06c917978fe2bf110b401ee
2023-03-25 16:08:07,True,1.512e-07,4.658e-10,770573058.0,3.59,0x08...af7e,https://bscscan.com/tx/0x4d0e8ce0c04b9dc84faf3cb0ba228881c2fc8db0fb51393c644063d32c8f2fa7
2023-03-25 16:07:19,False,1.504e-07,4.635e-10,675279983.0,3.12998,0xde...fa58,https://bscscan.com/tx/0x3f2afd67e2755541a633c4ee998edd02ff646d66da9732342695e68392fdaa89
2023-03-25 16:06:49,False,1.507e-07,4.643e-10,830849889.0,3.85791,0x1b...7f6d,https://bscscan.com/tx/0x131c0e16e517d30a9319024306d6bac00f545fc9573cae4f893c59acaaa0fbf6
2023-03-25 16:06:13,True,1.506e-07,4.666e-10,893648378.0,4.17,0xec...0165,https://bscscan.com/tx/0xe17d08da3e04405b9a0d387be580c542fa778d8eb9c27525f44b1564ae3ebcb1
2023-03-25 16:06:10,False,1.498e-07,4.641e-10,605858596.0,2.81202,0x2a...576a,https://bscscan.com/tx/0xdde96720fbdffbabe70253b84465d1650b5252bf88ab99380177f45b9d1326d6
2023-03-25 16:04:16,True,1.506e-07,4.665e-10,510161526.0,2.38,0xde...fa58,https://bscscan.com/tx/0xc5349a87ec866e24ef29da5816fad72c8d9a73e3f83a41fb66611d7576d37e5e
2023-03-25 16:03:01,False,1.499e-07,4.64e-10,278722291.0,1.29344,0x2a...576a,https://bscscan.com/tx/0x46bc5b023da2f65550450a8598fe55562e98127ad4a5715d1659e36a19503f47
2023-03-25 16:01:13,False,1.508e-07,4.644e-10,517277108.0,2.40275,0xde...fa58,https://bscscan.com/tx/0xe205a64b6111e5fad0fd4bf576c9225bb73b808c8b0c8706108d7fdb668aa664
2023-03-25 16:00:43,True,1.514e-07,4.664e-10,1262819803.0,5.89,0x1b...7f6d,https://bscscan.com/tx/0x2eb001bdf096999c5b882462c5417b3216b30e1ec200c93ecb23851fd62229cb
2023-03-25 15:59:52,False,1.499e-07,4.64e-10,1208507827.0,5.60817,0x2a...576a,https://bscscan.com/tx/0xe7c72981466724ce2391d3df42b7be481ad93145c4313aa0863b5bbae9c835b0
2023-03-25 15:58:52,False,1.502e-07,4.65e-10,519469679.0,2.41556,0x08...af7e,https://bscscan.com/tx/0xf7abe79a66dde50ec63c46ebac1ae5f1ecae4b1975390bf0f68d086c6363e09a
2023-03-25 15:58:13,True,1.518e-07,4.674e-10,352994466.0,1.65,0xde...fa58,https://bscscan.com/tx/0x6b400b5ce291f0d7148d56adee2ea845e46bd5a7da8a6cb557e4e91887023276
2023-03-25 15:57:40,True,1.508e-07,4.667e-10,844104227.0,3.94,0x1b...7f6d,https://bscscan.com/tx/0xe136288493c8424e1ed6f5954e1697c2e9e4ab2d06c402e8a0a081a3bf040f5c
2023-03-25 15:56:46,False,1.501e-07,4.645e-10,995774472.0,4.62557,0xec...0165,https://bscscan.com/tx/0x04235c768007fde3d26eafbbdb4571ab833686507bdcabee1f7643aff400e3fe
2023-03-25 15:56:43,True,1.509e-07,4.668e-10,963874713.0,4.5,0x2a...576a,https://bscscan.com/tx/0xd5e711d8acd0e16e6d708e100a723f85cbad0b49871fe94db32a356a24f8ed65
2023-03-25 15:55:03,False,1.507e-07,4.64e-10,17403350.0,0.0807,0x34...fe84,https://bscscan.com/tx/0x63dbd423779479b5b92fe1b249f7c8ec36c5b6df6d769b120280238e06905369
2023-03-25 15:53:38,True,1.506e-07,4.659e-10,755468610.0,3.52,0xec...0165,https://bscscan.com/tx/0x7a29f5a20f1d110a90fcf2207ee42ad47f3032d7f9353ce29e4018ee5b69847f
2023-03-25 15:53:29,True,1.511e-07,4.65e-10,920402963.0,4.28,0x2a...576a,https://bscscan.com/tx/0x302d3045f490112318e93a9f5475cbcb3d6ddf636685939bdfc01b3309780f17
2023-03-25 15:52:55,False,1.502e-07,4.621e-10,4644135.0,0.0214,0x21...97d3,https://bscscan.com/tx/0x01b250696078590db4743833ac79fe8078028c62dff7d1e8156d7ae8e5f44e47
2023-03-25 15:52:40,False,1.503e-07,4.627e-10,1008599491.0,4.66724,0x08...af7e,https://bscscan.com/tx/0xc5db63cd3c6367c4d70795c1feaec57afde713adee4590995dae849fe05ee262
2023-03-25 15:51:36,False,1.506e-07,4.634e-10,270405845.0,1.25318,0x1b...7f6d,https://bscscan.com/tx/0x603cada67f461b4de185b325391dca61904d531a5f7d220232a77c0cfee941e8
2023-03-25 15:50:30,False,1.507e-07,4.639e-10,703371098.0,3.26347,0xec...0165,https://bscscan.com/tx/0xd741695e0cc0b4bf3cead49db06f4bd60938fb6a04e78fad9b9136b36ab2a6d6
2023-03-25 15:50:21,False,1.502e-07,4.649e-10,986580682.0,4.58664,0x2a...576a,https://bscscan.com/tx/0x80ac779b1fc6696c8c1b782f487c9f7a0c4f2f8205168de41ec3064989aa0f4d
2023-03-25 15:49:39,True,1.511e-07,4.674e-10,607560246.0,2.84,0x08...af7e,https://bscscan.com/tx/0x864909245bd03ef0b9b4fb0f3c7e684087e0b68c59303a9fef1bf10509cee330
2023-03-25 15:49:03,True,1.508e-07,4.663e-10,1284313060.0,5.99,0xde...fa58,https://bscscan.com/tx/0x22db11b7082657bde989e9113ee61a4593bed459cb4bbaadb7b2cfcbfb6b2178
2023-03-25 15:47:21,True,1.503e-07,4.652e-10,769452430.0,3.58,0xec...0165,https://bscscan.com/tx/0x1a3dfac760c085de2bc74804cc26f6c51f4931e5745133aa1fa8893734b43c27
2023-03-25 15:45:30,False,1.497e-07,4.629e-10,727610793.0,3.36825,0x1b...7f6d,https://bscscan.com/tx/0x84b9d6c5c9726c324a3b67b5297c3b738ec0b71ce945c13fd52dffe30c33fb89
2023-03-25 15:44:18,True,1.505e-07,4.652e-10,707143346.0,3.29,0xec...0165,https://bscscan.com/tx/0x12dbbeb3f8cd36e22739ae71a320c479dbbb4d3b871391a68b2f1b3e6aa400c0
2023-03-25 15:43:24,True,1.51e-07,4.643e-10,859187874.0,3.99,0x08...af7e,https://bscscan.com/tx/0x58c61ef4aa0115d070dd8c085f5656e6d3b15d9a8c1630375c79ade6de4bb1ff
2023-03-25 15:42:27,True,1.507e-07,4.635e-10,599663672.0,2.78,0x1b...7f6d,https://bscscan.com/tx/0x173a3d0a93e66d46a968e7811a4567de600456cbcab53813b48e8ad9b482e139
2023-03-25 15:41:03,False,1.491e-07,4.611e-10,410637395.0,1.89376,0xec...0165,https://bscscan.com/tx/0x13644f5a52ccd89e34f997134a067d51414a6dff565a4a20e8b5ce9ff98ca53e
2023-03-25 15:40:48,False,1.5e-07,4.615e-10,248323335.0,1.14609,0x2a...576a,https://bscscan.com/tx/0x7e69fa6d53d6b87650ea78ea602543479086527053cf251c33e84c85014b9119
2023-03-25 15:40:24,False,1.503e-07,4.623e-10,1187420723.0,5.48962,0x08...af7e,https://bscscan.com/tx/0x0858e41c82ac082497b7b066cf2eeb6c65e6e9091cc09e5483ed95eb818cad91
2023-03-25 15:39:57,False,1.506e-07,4.633e-10,763249490.0,3.53674,0xde...fa58,https://bscscan.com/tx/0x97b7540ecd84b5de0dea3274ee3e228a33d3a1009464d1339cb974f633176def
2023-03-25 15:39:24,False,1.509e-07,4.643e-10,1055039145.0,4.89912,0x1b...7f6d,https://bscscan.com/tx/0x56810aca2c618af25a6648611b34e0fda95e34035b7df676367c1c81966a201e
2023-03-25 15:37:57,False,1.512e-07,4.653e-10,729099385.0,3.39289,0xec...0165,https://bscscan.com/tx/0x8b4a6ee6870d144ba43a99eb1313b5780b870c23d2d2001d93bc661eed7768bd
2023-03-25 15:37:15,False,1.514e-07,4.659e-10,300662949.0,1.40085,0x08...af7e,https://bscscan.com/tx/0xc639f0ac917047fa023c949f464da1f092e89fc18a2da587bd4a03f78665cfbc
2023-03-25 15:36:54,False,1.515e-07,4.663e-10,459819489.0,2.14432,0xde...fa58,https://bscscan.com/tx/0x69ef9f5ad4fbad368d3cd692a4defca5ca6aed8ddf1c9bb8f3b177a22466902d
2023-03-25 15:36:24,True,1.521e-07,4.681e-10,1345616353.0,6.3,0x1b...7f6d,https://bscscan.com/tx/0x22d0760bb2bb13dae23e52c7f51ba25374c95b5ee90b925fdda81b7637f2d077
2023-03-25 15:34:48,True,1.51e-07,4.671e-10,440927341.0,2.06,0xec...0165,https://bscscan.com/tx/0x2ce948c6a028bb0357c29da619896287d548f3de48b34c11da930422a40f623d
2023-03-25 15:34:27,True,1.516e-07,4.666e-10,595768816.0,2.78,0x2a...576a,https://bscscan.com/tx/0x2ef836e9224572582da6068063dd6b8716b0b8ad66107287ca5ba97c81755070
2023-03-25 15:34:09,True,1.505e-07,4.66e-10,512862032.0,2.39,0x08...af7e,https://bscscan.com/tx/0x0e917253d45fe7621e91121d8edf41495f1ba1cc52f1b61670d6ea3771ae3db8
2023-03-25 15:33:21,False,1.497e-07,4.635e-10,295840726.0,1.37142,0x1b...7f6d,https://bscscan.com/tx/0x49e4eccd576748438f528850d60bc2cbc2f69fda02a9e8e35c627576a7937e18
2023-03-25 15:31:39,True,1.504e-07,4.656e-10,652787556.0,3.04,0xec...0165,https://bscscan.com/tx/0x7cc676043437761ff5de0085f6eceaf3d9d6b9e329507a94ebb905245c1d2d86
2023-03-25 15:31:18,True,1.51e-07,4.651e-10,367636086.0,1.71,0x2a...576a,https://bscscan.com/tx/0x2fc9e9de62ad63660b03816ae0a39958bb69f28a33973b96801019f594ab9cbc
2023-03-25 15:31:03,True,1.508e-07,4.644e-10,843975683.0,3.92,0x08...af7e,https://bscscan.com/tx/0xbc4eaf9c23e8abe7f8634f08782f052d1bdd9b6c46602547b717229f94614bfd
2023-03-25 15:30:48,False,1.5e-07,4.619e-10,488813059.0,2.2581,0xde...fa58,https://bscscan.com/tx/0x4131e869683276ed754aa456739612544031fa607f7b3aef72a2fa7868feb55d
2023-03-25 15:28:09,True,1.507e-07,4.642e-10,579463256.0,2.69,0x2a...576a,https://bscscan.com/tx/0x4f718d71dd14a84bcfddf8a930e3713039ce5f091b82fd29531ab8b69c27354e
2023-03-25 15:27:57,False,1.499e-07,4.617e-10,327431271.0,1.51197,0x08...af7e,https://bscscan.com/tx/0x09ad93161d7e63e0fca7ad36d67ad228bab6fc8ff43745a0fe983725a2a30647
2023-03-25 15:27:15,False,1.493e-07,4.623e-10,655371565.0,3.0298,0x1b...7f6d,https://bscscan.com/tx/0x7a1242ea67230d7f7ccefcc50b5b9ea092d6410fa55876510dac336b299436a7
2023-03-25 15:25:21,True,1.51e-07,4.649e-10,3749202.0,0.0174,0x04...e8ce,https://bscscan.com/tx/0x0a131227ad4d3dda3280966b74009e57b45d3045042d7d596da7ea0687f486c9
2023-03-25 15:25:00,False,1.503e-07,4.629e-10,483989352.0,2.24048,0x2a...576a,https://bscscan.com/tx/0xe9b04e529745993d085c90cbbc9a8d09c79bf5845adc16e0a6fe3074b1c2da18
2023-03-25 15:24:15,False,1.505e-07,4.634e-10,440304908.0,2.04048,0x1b...7f6d,https://bscscan.com/tx/0x9580e00fe6e84e823f0ab4ddf6d7b4926b3a0b82a1f7795bd5d750880da42cec
2023-03-25 15:22:12,False,1.506e-07,4.64e-10,790010961.0,3.66642,0xec...0165,https://bscscan.com/tx/0x36a652d06250e987cedeb2ac23587469c7642b9da406709390fb79732eefed70
2023-03-25 15:21:48,False,1.502e-07,4.65e-10,953332608.0,4.43352,0x2a...576a,https://bscscan.com/tx/0xc6cfb5f23a3b649e3682ab71e0830fd4300ee30e4234c45d38c63d0adfe3b928
2023-03-25 15:21:45,True,1.509e-07,4.672e-10,1153496425.0,5.39,0xde...fa58,https://bscscan.com/tx/0xa86d13361dd589b01739fa58c070224c8c1d2e2c75b9f6d2d46dad9720af67b4
2023-03-25 15:21:09,True,1.506e-07,4.663e-10,536087878.0,2.5,0x1b...7f6d,https://bscscan.com/tx/0x5cb58bb68bffedafd02af530c8cc443ec7855e3535c44875739d41335ad6c20f
2023-03-25 15:20:42,True,1.513e-07,4.66e-10,81788508.0,0.3811,0x9b...4dba,https://bscscan.com/tx/0xdaed1306310aff95b795967869108ebde9793bebe65f2bafbc11a433fd1dd0ad
2023-03-25 15:18:42,False,1.499e-07,4.639e-10,560521785.0,2.60046,0x08...af7e,https://bscscan.com/tx/0x072a940b9d0fdf506925addadd34b5ad3b8ae664bbb2597b15f8f082e4059349
2023-03-25 15:18:36,True,1.505e-07,4.658e-10,1249240350.0,5.82,0x2a...576a,https://bscscan.com/tx/0xd1929272ed230a2d236cd5a24e8e0ef76b2d36cf359fe24e2b8de657e8758f28
2023-03-25 15:18:06,False,1.504e-07,4.632e-10,662155185.0,3.06734,0x1b...7f6d,https://bscscan.com/tx/0xae26a658fae5e393dc601adb7aafb5f8e96450e4c1d44ef9c6ea9147afeea15a
2023-03-25 15:15:57,True,1.512e-07,4.654e-10,857233550.0,3.99,0xec...0165,https://bscscan.com/tx/0x76faad0d8aede494b42d2abbc2139ca950922d82cdf58be489ad26095b023279
2023-03-25 15:15:42,True,1.503e-07,4.649e-10,98410000.0,0.4575,0xc8...7a5a,https://bscscan.com/tx/0xf888c2c6c2786156002e4a4897e58186b5e290200b7b62a895ace4826c6bdc29
2023-03-25 15:15:36,False,1.497e-07,4.63e-10,840452146.0,3.89137,0xde...fa58,https://bscscan.com/tx/0x2c31236af14295793f5843902b9c3821aad5df575caf2194a3d44423bfdcecdd
2023-03-25 15:15:27,False,1.5e-07,4.639e-10,897769312.0,4.16529,0x2a...576a,https://bscscan.com/tx/0xb804e3ff14cb25e4a700d6ed22f85cd635136318016ae898560b343690fa2c12
2023-03-25 15:15:06,True,1.514e-07,4.661e-10,1149852176.0,5.36,0x1b...7f6d,https://bscscan.com/tx/0xf1c38163845977acdff4d6cfeaee9959aa06b1a0240cd4eb199e66abd5fab70e
2023-03-25 15:12:47,False,1.507e-07,4.636e-10,839864403.0,3.89402,0xec...0165,https://bscscan.com/tx/0xa574ad3721689b79cd8039854f63ad434f68189e75a09c2e4cbdfb8b697c1936
2023-03-25 15:12:33,True,1.514e-07,4.658e-10,1120607026.0,5.22,0xde...fa58,https://bscscan.com/tx/0x2b16519bbc34deceb5d994734b92a135063b475320ca745ffc2912545bf3298c
2023-03-25 15:12:30,False,1.505e-07,4.63e-10,348101767.0,1.61195,0x08...af7e,https://bscscan.com/tx/0x464c5edf0d837cb8eb1b1eee3b2f1e81e182158044e0315b2feb3572a4fa615f
2023-03-25 15:12:01,False,1.5e-07,4.639e-10,1180488509.0,5.47636,0x1b...7f6d,https://bscscan.com/tx/0xebe8190b15ee1768b9831ba3d0aa453345c52baec82cef862fdb95d2531ffc6c
2023-03-25 15:09:39,False,1.512e-07,4.652e-10,1223297830.0,5.69109,0xec...0165,https://bscscan.com/tx/0x590147be18cc58b97d458ee26d0ea1d9cc5236afb2cd2edb5733c578fb1998cb
2023-03-25 15:09:24,True,1.521e-07,4.679e-10,589859050.0,2.76,0x08...af7e,https://bscscan.com/tx/0x9634b830fce7b651a023b03ba38b347364723e5bd8eea0f4be763baff1237b72
2023-03-25 15:09:06,False,1.506e-07,4.656e-10,769598963.0,3.5838,0x2a...576a,https://bscscan.com/tx/0xd6f8dff9306956a8b218d1365999d1d142c06d6c998f24ad533b14cca7cf5f56
2023-03-25 15:09:00,True,1.514e-07,4.681e-10,591748022.0,2.77,0x1b...7f6d,https://bscscan.com/tx/0x7fdbaf3ebe658b771ad1c97e9c2671a9690c5ce82121f15b213b803f9afcfdf8
2023-03-25 15:05:57,True,1.518e-07,4.671e-10,1076673071.0,5.03,0x2a...576a,https://bscscan.com/tx/0x68e5ae2ebea4d095d9f8402f2ba02448faf6cef297a64445a4d2bcf7b0de88b1
2023-03-25 15:03:15,False,1.509e-07,4.643e-10,1058638011.0,4.91577,0x08...af7e,https://bscscan.com/tx/0x5c6003160a0484f323a02807beea83d7bb91ca824522c2f7712b641468a44a65
2023-03-25 15:02:54,True,1.517e-07,4.667e-10,865498621.0,4.04,0x1b...7f6d,https://bscscan.com/tx/0xde7f6d8cf6de376f484167627c190c53c86c40f87cccd5c86e93f9906674af0a
2023-03-25 15:02:45,False,1.509e-07,4.644e-10,934224088.0,4.33937,0x2a...576a,https://bscscan.com/tx/0xe27479931fe08d97871a3c81e919e2d3eb9f38ddf755bfe34fe2462852cfb434
2023-03-25 15:00:24,True,1.517e-07,4.671e-10,406756230.0,1.9,0xde...fa58,https://bscscan.com/tx/0x39eb126aaf02c3d2f09ac9c45514e86521bcdb50bc1747b205032fb6763f73c8
2023-03-25 15:00:15,True,1.515e-07,4.665e-10,537947843.0,2.51,0xec...0165,https://bscscan.com/tx/0x945b882b6c5ebee7a59b5d851c2ba4107a90bd6c80fe81f9fdc6dddbc559c397
2023-03-25 14:57:24,False,1.499e-07,4.641e-10,323981604.0,1.50373,0xd5...ff0c,https://bscscan.com/tx/0xc413372e879a7618d50d7f1065555f75028471680664b94e4a1c0440dac39b05
2023-03-25 14:57:03,True,1.506e-07,4.662e-10,757137368.0,3.53,0x08...af7e,https://bscscan.com/tx/0x5d971d939324415122933cc6f4280a4ef7225f823a6589a9f602959d5b1bb1da
2023-03-25 14:56:48,False,1.506e-07,4.638e-10,575615050.0,2.66971,0x1b...7f6d,https://bscscan.com/tx/0x7ba61160cd3288b5d89260bf26fde4b97bde933e04a4a031ff2e30041c2d4b55
2023-03-25 14:56:24,True,1.504e-07,4.657e-10,1275383568.0,5.94,0x2a...576a,https://bscscan.com/tx/0x351575f6270dcebb4653bd4c28de7c048ff30054e05c9d81fe6c3e4b9ab7aa3b
2023-03-25 14:54:18,False,1.503e-07,4.63e-10,540193673.0,2.50117,0xde...fa58,https://bscscan.com/tx/0x1bcc6ca86ec2c93197d7922bfddeced3ae569d725f1b33c48796361f1b98c099
2023-03-25 14:54:00,False,1.505e-07,4.636e-10,631868222.0,2.92969,0x08...af7e,https://bscscan.com/tx/0x859c12f13d3c1dbbacae39f32ad3f0caf1a07d3b6a3d6430455242d1989da982
2023-03-25 14:53:57,True,1.513e-07,4.661e-10,392609495.0,1.83,0xec...0165,https://bscscan.com/tx/0x5961dc8715298858ee61b1ac0c1ca5fc9b88cebd24d28d4df0f5088b42953aa0
2023-03-25 14:53:48,False,1.506e-07,4.639e-10,627365817.0,2.91043,0x1b...7f6d,https://bscscan.com/tx/0x9c86ae83a333028f18deccb36f798677806bede34865ffd195eaacfeda8bf73b
2023-03-25 14:50:54,True,1.513e-07,4.66e-10,978444468.0,4.56,0x08...af7e,https://bscscan.com/tx/0x4aa5455c0c537d19f62738a43af64a8f5a4b4ded43b19e8f42990b95fde7a814
2023-03-25 14:50:45,True,1.51e-07,4.652e-10,419105566.0,1.95,0x1b...7f6d,https://bscscan.com/tx/0x218f69577218dd1654b675090e2d093c1560101b28ff51c65ca529a709118314
2023-03-25 14:48:12,True,1.501e-07,4.648e-10,419521116.0,1.95,0xde...fa58,https://bscscan.com/tx/0x87d6e842324aafeff012727de4c5c40f5edfaaf9826e6d07fec5ed07d3b6c53c
2023-03-25 14:47:48,False,1.502e-07,4.625e-10,581279127.0,2.6889,0x08...af7e,https://bscscan.com/tx/0xf1e03d96fad45c593e4bb1bc1bd794beeb39da66f44ef60bf2639fe0a8b2bd48
2023-03-25 14:47:39,True,1.509e-07,4.649e-10,455941649.0,2.12,0xec...0165,https://bscscan.com/tx/0x351de6d1e04636bb113b76ea9eab6ca5c6cfde8c6dada44be412d60dc95ceca5
2023-03-25 14:46:54,False,1.503e-07,4.628e-10,769402664.0,3.56096,0x2a...576a,https://bscscan.com/tx/0x679f6e955c39480c68a8d34767eb2686a7f3bc9edc43558ca9927064daace6c9
2023-03-25 14:44:39,False,1.503e-07,4.636e-10,693754268.0,3.21639,0x1b...7f6d,https://bscscan.com/tx/0x720b0124a84a75f0914d0cfab79e6838604199aafc7dea0c6e80a38e37b76d81
2023-03-25 14:44:30,True,1.504e-07,4.66e-10,416221098.0,1.94,0xec...0165,https://bscscan.com/tx/0x71455983c01b2d656b17dbe5cb4b08b23f815755ee1d392e31008dbf5cb494a7
2023-03-25 14:43:54,False,1.497e-07,4.64e-10,876271886.0,4.0661,0x2a...576a,https://bscscan.com/tx/0x043ad6a3cefba20936a690bb3ef6e83322de84059fd9ccf69283987e800399a9
2023-03-25 14:42:48,True,1.512e-07,4.664e-10,784733900.0,3.66,0x2a...576a,https://bscscan.com/tx/0xb2eb67f23e5d46929c58a8e54b2212bf4783b744d6e03fc23d65e82b02aa296c
2023-03-25 14:42:09,True,1.502e-07,4.656e-10,554049734.0,2.58,0x08...af7e,https://bscscan.com/tx/0xe5a2249c9e638c129066b7fba61a93e128f40f2289e9c8ed11ad292df5d77f7f
2023-03-25 14:42:06,False,1.495e-07,4.636e-10,1085451496.0,5.03246,0xde...fa58,https://bscscan.com/tx/0x8abca356afff03ab9bb615284d1ffc5bc9f56e74a841e739273b34708df99e19
2023-03-25 14:39:17,False,1.506e-07,4.643e-10,288245702.0,1.33855,0xde...fa58,https://bscscan.com/tx/0xf62fd14936209ce98bf9b0280e19e3b6b312df6eb412a71aa8cb9619c462c8af
2023-03-25 14:38:44,True,1.512e-07,4.664e-10,746050648.0,3.48,0x1b...7f6d,https://bscscan.com/tx/0x05ef605044544b443de9a6115e58185322bb4629953d8e10f4bf34ae14a14425
2023-03-25 14:37:29,True,1.509e-07,4.653e-10,1289395313.0,6.0,0x2a...576a,https://bscscan.com/tx/0x3b2a34adb9f47e7e0465ec66205b9ba5439f9dbc6a2083002beba340a11d2a2e
2023-03-25 14:35:32,False,1.5e-07,4.627e-10,764072865.0,3.53554,0x1b...7f6d,https://bscscan.com/tx/0xfc0a1504c644463357286523266a81d2c8943794102bffc5c923e270df536fd9
2023-03-25 14:35:26,True,1.508e-07,4.651e-10,619190574.0,2.88,0x08...af7e,https://bscscan.com/tx/0x0e8deaba8c00e739f7b3f24aa73ab3fd29d5d7bb4a4a9f67ebe66bb3616cda66
2023-03-25 14:35:05,False,1.5e-07,4.625e-10,247331521.0,1.14415,0xec...0165,https://bscscan.com/tx/0xec78c7a7b0d865d2aa5efee59d9273d035975e5cb0b6d2f7ffbab2396b1ab98a
2023-03-25 14:34:11,False,1.494e-07,4.631e-10,770759203.0,3.5698,0x2a...576a,https://bscscan.com/tx/0x4758ecad7d3c981c9e05b691c15c50eb570145a42a906467669b872642c8ad47
2023-03-25 14:32:59,True,1.509e-07,4.656e-10,425197160.0,1.98,0xde...fa58,https://bscscan.com/tx/0xa65418c5b07cf1828152f429ef8a9d9da88772be216d82a242464cc2337bf2d0
2023-03-25 14:32:34,False,1.501e-07,4.631e-10,86948540.0,0.4027,0x76...b512,https://bscscan.com/tx/0x5b787207291e6fac8aec14904301fda7a7b86e8898a0314668d5dcb473899dc9
2023-03-25 14:32:28,True,1.507e-07,4.648e-10,1206804911.0,5.61,0x1b...7f6d,https://bscscan.com/tx/0x33721596b5c28c947c8b754af63a3c300238913ec5cc8bda28e23d698f9918f3
2023-03-25 14:31:04,False,1.498e-07,4.623e-10,799270635.0,3.69519,0x2a...576a,https://bscscan.com/tx/0xf1aad7424d69a5685cc456895eee0c41d971e9fb99026b773765b535f5264eb0
2023-03-25 14:29:58,False,1.502e-07,4.633e-10,1032217461.0,4.78246,0xde...fa58,https://bscscan.com/tx/0xb10b8d6bb1b3b85544534c84ce89f655e4fb507ccb09bfc5ab1e31e7ba46eb9c
2023-03-25 14:29:25,False,1.505e-07,4.642e-10,618721317.0,2.87224,0x1b...7f6d,https://bscscan.com/tx/0x0c6c61c9b35745d3950f54792476524648216fac9583716768d45903bf6d6de9
2023-03-25 14:29:16,False,1.508e-07,4.65e-10,939042043.0,4.36728,0x08...af7e,https://bscscan.com/tx/0x32e0ccaec92baffb88a455b83aa288d4432086a80290ae6d9bb9cb84c985d0bb
2023-03-25 14:26:25,False,1.511e-07,4.66e-10,766429057.0,3.57169,0x1b...7f6d,https://bscscan.com/tx/0x71f8b4f26d7bc3bbb74fcd36654665d0765f2cd42e3be9bae3bf4a1166aae455
2023-03-25 14:26:10,True,1.518e-07,4.68e-10,1284007522.0,6.01,0x08...af7e,https://bscscan.com/tx/0x5c0a70d8edb23d69941883c8c5715a63b7f8735fff3bc6177a8a14a664de0b08
2023-03-25 14:25:40,False,1.509e-07,4.654e-10,779591670.0,3.62861,0xec...0165,https://bscscan.com/tx/0x7c7c608e238a5e0850e8ad77ffcf1f85396ca120e9fa007c5dd63a05f575af49
2023-03-25 14:23:46,True,1.518e-07,4.682e-10,48054.6,2.249e-05,0x5d...bf06,https://bscscan.com/tx/0x7be97304c2819385bf5c91d9a035872a69296623357b3fb8710f256cb74d8ed2
2023-03-25 14:23:46,True,1.518e-07,4.682e-10,19126184.0,0.0895,0x5d...bf06,https://bscscan.com/tx/0x7be97304c2819385bf5c91d9a035872a69296623357b3fb8710f256cb74d8ed2
2023-03-25 14:22:34,True,1.509e-07,4.678e-10,592048797.0,2.77,0xec...0165,https://bscscan.com/tx/0x6b6010f21e53a1654d87fa4b7b2e0a5934830972108c14afef025b824c8e6e54
2023-03-25 14:22:07,True,1.516e-07,4.675e-10,35486900.0,0.1659,0x03...0b02,https://bscscan.com/tx/0xe630432d14eaa03222a5c3ee66eea2f1c67595f5124c66c8c1b475447f44145d
2023-03-25 14:21:31,False,1.502e-07,4.656e-10,793279672.0,3.69353,0x2a...576a,https://bscscan.com/tx/0x1a8aa1d8d8fc6a38355e57494ff2397301ede58776d2b08d81256c3c3fcf2115
2023-03-25 14:20:49,True,1.517e-07,4.68e-10,544784738.0,2.55,0xde...fa58,https://bscscan.com/tx/0x44ad3f4c946becd47a1ff57047e99a7d56b5323948c837c10a13986a9dff7e79
2023-03-25 14:20:01,False,1.511e-07,4.661e-10,1215758565.0,5.66675,0x08...af7e,https://bscscan.com/tx/0x5ee521989f8472c9161b4566bfe5cbc1baf1cb777779915a55f014eca755306e
2023-03-25 14:19:52,True,1.521e-07,4.691e-10,639495.0,0.003,0x5f...3734,https://bscscan.com/tx/0xac57cf6c64f8b0206c2743c32f277e6cca7e260819d0a1216703f59280c4cb70
2023-03-25 14:19:25,False,1.515e-07,4.674e-10,1188957853.0,5.55762,0xec...0165,https://bscscan.com/tx/0xaa750ee015dca2ae56e4a39260e996136dec749c53945303b4a327d1ce8ab70e
2023-03-25 14:17:49,True,1.516e-07,4.701e-10,497697743.0,2.34,0xde...fa58,https://bscscan.com/tx/0xfaa605ac7c3d0863faca2026be655e9f834f5e850efd1ca55a489e77d3047e63
2023-03-25 14:17:16,True,1.514e-07,4.694e-10,792425423.0,3.72,0x1b...7f6d,https://bscscan.com/tx/0x45b8fadf5146e0b7d4255ec3c99c48a8572a2a4c18d10c8f24727261dd1bfe7e
2023-03-25 14:16:58,False,1.506e-07,4.67e-10,760653100.0,3.55288,0x08...af7e,https://bscscan.com/tx/0xb9d15ff3dbea1801b43bc9a4f281fe799461d2e9daaeeb9878aafe6fb771b6db
2023-03-25 14:15:15,True,1.513e-07,4.692e-10,1046315543.0,4.91,0x2a...576a,https://bscscan.com/tx/0x0f885ef44548add9b8bc32f5c6885ca82aba6e682231eba0238fc1e2d88a8e74
2023-03-25 14:14:15,True,1.518e-07,4.682e-10,783772749.0,3.67,0x1b...7f6d,https://bscscan.com/tx/0x301e98a17aaf2e2a97e203b35160a863391d6cda646641804f620a870e4e53e6
2023-03-25 14:13:47,True,1.515e-07,4.673e-10,823782075.0,3.85,0x08...af7e,https://bscscan.com/tx/0x22f48b00a8471897d1664f85b97d6e1a9d913912406de26c9e39af9966713621
2023-03-25 14:12:26,True,1.513e-07,4.668e-10,19010870.0,0.0887,0xc6...f26e,https://bscscan.com/tx/0x928046b54ab6053fcf2d25cd746667036881542d2665d93d90af7d6561b7ed4e
2023-03-25 14:12:01,False,1.506e-07,4.648e-10,494600127.0,2.299,0x2a...576a,https://bscscan.com/tx/0xd82f3c798dec1eb928660c1db1bd0e2e23871b033913338342827e4f919bb714
2023-03-25 14:11:41,False,1.5e-07,4.653e-10,479470348.0,2.23124,0xde...fa58,https://bscscan.com/tx/0x19896459bb08c6e24c69ee9f20aed5d5ddde958402e6b388d050fe5490a23b21
2023-03-25 14:11:12,False,1.51e-07,4.658e-10,454759947.0,2.11859,0x1b...7f6d,https://bscscan.com/tx/0x084845a19f6cd4347104454acb309ed7abaf7bed0767e11d71d2c14e1b741e71
2023-03-25 14:10:42,False,1.505e-07,4.665e-10,848768508.0,3.96027,0x08...af7e,https://bscscan.com/tx/0x77c0e11c917ef76f0ca9fba3739f9737fbe172b2ed8d65ef9a628287421dacc4
2023-03-25 14:08:51,True,1.519e-07,4.686e-10,1340002430.0,6.28,0x2a...576a,https://bscscan.com/tx/0x9a9b6a818dd3811a0733338c0c2fc8db725760842664a96655c8f29530d8ce8a
2023-03-25 14:08:09,False,1.511e-07,4.662e-10,1188098249.0,5.53929,0x1b...7f6d,https://bscscan.com/tx/0xed8b2c9900c232de07b27353eb1e00d217380f8e147e6bd9ce409330210c83c8
2023-03-25 14:07:39,True,1.52e-07,4.688e-10,599280192.0,2.81,0x08...af7e,https://bscscan.com/tx/0x884fdca2d8e66b5d6f7ad43190c0d45257641f6eefe3c22008cacc25166e7b5c
2023-03-25 14:06:48,True,1.517e-07,4.678e-10,1224666781.0,5.73,0xec...0165,https://bscscan.com/tx/0x67a0b856b88d424f024353c47c756bd238aaea92fac44ff1697145054e350e0f
2023-03-25 14:05:09,True,1.506e-07,4.669e-10,406870414.0,1.9,0x1b...7f6d,https://bscscan.com/tx/0x5afc19c5401419c3faec018f3e0b3ef57c970ec9fd5ac3ce1fdb8b07456635ed
2023-03-25 14:04:33,True,1.511e-07,4.661e-10,1137031133.0,5.3,0x08...af7e,https://bscscan.com/tx/0xa2e582ba93c846b9103bde795113b2694bdfc6e388928efac220723f4594cf7e
2023-03-25 14:03:42,False,1.503e-07,4.637e-10,1007710232.0,4.67303,0xec...0165,https://bscscan.com/tx/0xf600aff32480eaea1316fcfd34079de06cf7cdc9fa12c6ba0c8e820f8eff2113
2023-03-25 14:02:30,False,1.498e-07,4.644e-10,283974782.0,1.31888,0x2a...576a,https://bscscan.com/tx/0xf86a83e2b90bd136f34c1490ce371555baa20ece0beffec3d505e3c287d8bd3b
2023-03-25 14:02:03,False,1.499e-07,4.647e-10,257949147.0,1.19877,0x1b...7f6d,https://bscscan.com/tx/0xf0ba253711bfd10bc91e363f378a069e51306f205805aedac795262fc014759f
2023-03-25 14:00:33,False,1.501e-07,4.652e-10,608230975.0,2.82954,0xec...0165,https://bscscan.com/tx/0x73b8e61f8169113d41a86e90d56c2129eb6f439f0f4e15b3316ac6cd00337795
2023-03-25 13:59:30,True,1.516e-07,4.676e-10,357081304.0,1.67,0xde...fa58,https://bscscan.com/tx/0x74782f846d16ff4d0abf035640ef477e72ae375ac33427b13247573fe0cf2c07
2023-03-25 13:59:00,True,1.505e-07,4.667e-10,1313320771.0,6.13,0x1b...7f6d,https://bscscan.com/tx/0x823e9a90dd3cbf4c6628334001ac728922bae95ddee4b15d4e913b812ff17b5c
2023-03-25 13:58:21,False,1.497e-07,4.641e-10,804166198.0,3.7325,0x08...af7e,https://bscscan.com/tx/0x29fe58fbaf4c3c0910a5927de8222e2be8800bc51668c3d58bbf66b8325429df
2023-03-25 13:57:24,True,1.511e-07,4.662e-10,1284836977.0,5.99,0xec...0165,https://bscscan.com/tx/0x16073cf0a20b10c77ba6ae8926c651a8ae46db42142f71cbe488c827cc7428c2
2023-03-25 13:57:12,False,1.494e-07,4.631e-10,23701027.0,0.1097,0x3b...069d,https://bscscan.com/tx/0x83edccdf75b43ac72996496132470e03e0a0dbc9585762da0dded2ed5837fd01
2023-03-25 13:56:30,True,1.507e-07,4.648e-10,1219736728.0,5.67,0xde...fa58,https://bscscan.com/tx/0xd46ba1f55bdffa5a04a8601892225fac43e968c36cf453b2a5678d6e366a48f3
2023-03-25 13:56:00,False,1.499e-07,4.623e-10,868674903.0,4.01624,0x1b...7f6d,https://bscscan.com/tx/0x376e3a9992cabe379fdfca32ad8abecbbd566786b74a685e2adbc92b31f8df3d
2023-03-25 13:53:00,True,1.499e-07,4.647e-10,686376427.0,3.19,0x2a...576a,https://bscscan.com/tx/0x8c07f09da5e0187ddeb5e6e6b1e680a1a4e7446811ac0a6ae16ab366dbf7576e
2023-03-25 13:52:54,True,1.496e-07,4.637e-10,1242176520.0,5.76,0x1b...7f6d,https://bscscan.com/tx/0x295947e37c91b2ebf97f7f3e4706019b0bff95105c2127c600749b0bd68d88dd
2023-03-25 13:51:06,False,1.487e-07,4.609e-10,471428881.0,2.17313,0xec...0165,https://bscscan.com/tx/0x20ba1fe4001b53872b5ecec7d8a4ded51420e46401cdc27165da39e14b1595e7
2023-03-25 13:49:06,False,1.496e-07,4.617e-10,890302231.0,4.11059,0x08...af7e,https://bscscan.com/tx/0x45410110bd12bfb794e83957f72a5cdbab762ecb81ff78251ff5d5b959e2c598
2023-03-25 13:48:03,True,1.504e-07,4.639e-10,974187926.0,4.52,0xec...0165,https://bscscan.com/tx/0xfc657325456d26a263ba53f480acc0ed1dd69f6dceacff0b2f322e53eb31e541
2023-03-25 13:46:51,False,1.495e-07,4.612e-10,260346378.0,1.2009,0x1b...7f6d,https://bscscan.com/tx/0xee2edcfca05fc36b05115378e71e03f756bd6c6c8a7edd7b251befb257fcd666
2023-03-25 13:46:00,True,1.494e-07,4.633e-10,658225100.0,3.05,0x08...af7e,https://bscscan.com/tx/0x81a3f97b77434db46d4592c3d5891254d5ce51ca5dba259a65c5300f91ff865a
2023-03-25 13:44:51,False,1.494e-07,4.61e-10,593055737.0,2.73409,0xec...0165,https://bscscan.com/tx/0x4689b5a8eac5be3ab75f8072cddc72a7d6de0f5a909b396bc1d998fef847c7d5
2023-03-25 13:44:18,False,1.496e-07,4.617e-10,667187368.0,3.08042,0xde...fa58,https://bscscan.com/tx/0x259392de6671655ac178ccfe332d0db458e288c60a470e180e012a79dd902281
2023-03-25 13:43:27,False,1.492e-07,4.626e-10,1138977491.0,5.26989,0x2a...576a,https://bscscan.com/tx/0x100d383abda40b13ec8a0d52948149fafdff6facfd4e4dd33481045d635825e2
2023-03-25 13:42:54,True,1.508e-07,4.652e-10,618966747.0,2.88,0x08...af7e,https://bscscan.com/tx/0x39b417865568cef99edb7376c8edba3e722351efcda1de270594e7cbf79c6186
2023-03-25 13:41:42,False,1.493e-07,4.629e-10,499723572.0,2.31323,0xec...0165,https://bscscan.com/tx/0x53e1ce525f92d48a0ed08871325d4ee7905a32a22ef2eb69c5ab0a274736bb4c
2023-03-25 13:41:15,False,1.495e-07,4.637e-10,1026219801.0,4.75896,0xde...fa58,https://bscscan.com/tx/0xc662f6b229638b85d6ac6390f479fb947ae3df29b8fd5952ebb585b3da7ce3c0
2023-03-25 13:40:45,False,1.506e-07,4.646e-10,676757088.0,3.14469,0x1b...7f6d,https://bscscan.com/tx/0xb8c43ac0caee5c1487588d0dbf2bd9df5485d90afb81fbfd55a2541c71626422
2023-03-25 13:40:18,False,1.501e-07,4.654e-10,763959251.0,3.55594,0x2a...576a,https://bscscan.com/tx/0x9eaa73e29ab97239a63c9157c332a7e42f65ec8f6902806aabc51c321c0a22c3
2023-03-25 13:39:48,False,1.504e-07,4.663e-10,917467653.0,4.27897,0x08...af7e,https://bscscan.com/tx/0x769ee8c885c6d258cacf6e32a9cde3588d8c418efee183de815edfdbf1f40f3b
2023-03-25 13:39:09,False,1.514e-07,4.669e-10,119235991.0,0.5567,0x6f...ece7,https://bscscan.com/tx/0xceafaa851b175eba8b76a01568454ffca76bd4db33389103e4aaf910a434c9c8
2023-03-25 13:39:00,True,1.514e-07,4.693e-10,4500000.0,0.0211,0x8f...261a,https://bscscan.com/tx/0x569ccee1731776c3ed39bfdc97e3ed303fddd7448019e7fad2d8759a01fb188b
2023-03-25 13:38:12,False,1.507e-07,4.672e-10,357435007.0,1.67001,0xde...fa58,https://bscscan.com/tx/0x1ba87faed111163499a38fc812d7d07dc6fa7004e06e660c2f3e53d6ec766d4e
2023-03-25 13:37:42,True,1.521e-07,4.692e-10,877952443.0,4.12,0x1b...7f6d,https://bscscan.com/tx/0x9df88b12846bb9858c8de21ca4d2c43d01b1683ca63d3d7db6ca18fa038d31cf
2023-03-25 13:35:24,True,1.519e-07,4.684e-10,546446554.0,2.56,0xec...0165,https://bscscan.com/tx/0x2d38fb560ed14dc40745726c04f8129a10d4a3bf649ebbaea8b32788770bb0e3
2023-03-25 13:34:39,False,1.504e-07,4.663e-10,1009507541.0,4.70832,0x1b...7f6d,https://bscscan.com/tx/0x19cce6a45fe56d9a41be3e3d9bd9668b6c1d97a1c192c392329d8f78ef0b2600
2023-03-25 13:33:39,True,1.521e-07,4.691e-10,328277601.0,1.54,0x08...af7e,https://bscscan.com/tx/0x444c32b992955bb7d6f22f640b9b9dfdfaa751a8f840d5928fa69b8185f39947
2023-03-25 13:32:06,True,1.521e-07,4.691e-10,392188431.0,1.84,0xde...fa58,https://bscscan.com/tx/0x9d796e03ac2b66f1d13d18b45ae801d207751d058524a523f7f5232c76129406
2023-03-25 13:31:39,False,1.506e-07,4.67e-10,806144033.0,3.76508,0x1b...7f6d,https://bscscan.com/tx/0xcf8ebe68af180467a89024bb2b1df9d2441861ae6e74be057b72ce972f2be77c
2023-03-25 13:30:33,False,1.509e-07,4.679e-10,855442339.0,4.00321,0x08...af7e,https://bscscan.com/tx/0x65206716381bc2679a6cd9326c32dcb26fac2b059ac1f2f629d112a286ddea91
2023-03-25 13:29:06,False,1.519e-07,4.686e-10,308760898.0,1.4469,0xec...0165,https://bscscan.com/tx/0xd87eeec0f99c3f620101211556bbfda03be5ecc714bb534d19563731c193fac5
2023-03-25 13:29:06,True,1.526e-07,4.708e-10,560717866.0,2.64,0xde...fa58,https://bscscan.com/tx/0xfc933ee55b1368d1623314f8d6c70e96b5bbe73107089aa5707115fd533571f3
2023-03-25 13:28:36,True,1.517e-07,4.702e-10,495497720.0,2.33,0x1b...7f6d,https://bscscan.com/tx/0x78bdca31a8b77b3f38ab56718814f5ee8148de738ee7d2b6bb667c513053ca38
2023-03-25 13:27:36,True,1.514e-07,4.692e-10,1229565630.0,5.77,0x2a...576a,https://bscscan.com/tx/0xd6b951d4bf9901269552c224fec63edef2efd0ae52d4e0853e4a44192cdd04ea
2023-03-25 13:27:27,True,1.51e-07,4.681e-10,837388303.0,3.92,0x08...af7e,https://bscscan.com/tx/0xcc0302f4f25d03a01ba96fb693e9f44761336ffc1fb51f549eecdf7411f4c9ef
2023-03-25 13:26:03,True,1.507e-07,4.671e-10,832626038.0,3.89,0xde...fa58,https://bscscan.com/tx/0xc63d8630f94c3ab64281fa5fbd93cb390822a66a9bc266fd53b7e60be169fa04
2023-03-25 13:24:27,True,1.512e-07,4.663e-10,699045663.0,3.26,0x2a...576a,https://bscscan.com/tx/0x73758a61a8e847e24ef2e82fdfd7db4fa0f16cd8e5a7d791867a4896cc45ffc4
2023-03-25 13:24:24,False,1.504e-07,4.639e-10,589874040.0,2.73679,0x08...af7e,https://bscscan.com/tx/0x6cec33c0f41f321e7ad29dd25b371f5b615e786ceea5dc53fed8e984c0d64781
2023-03-25 13:23:00,False,1.505e-07,4.644e-10,329973127.0,1.53261,0xde...fa58,https://bscscan.com/tx/0x87c66cd816c7692de14c16b8b8d6b16681d88416245b5eb0927fde1b95c0e86c
2023-03-25 13:22:51,True,1.512e-07,4.665e-10,735150064.0,3.43,0xec...0165,https://bscscan.com/tx/0xcf05d537f5552b5f76080b89b1ea779a9614e450b2fad096917d3666c2dcf7b0
2023-03-25 13:22:30,True,1.51e-07,4.658e-10,624703086.0,2.91,0x1b...7f6d,https://bscscan.com/tx/0x551b548a4dcb83b017ae83a4550539553127933e73ca2968d743a0f6f41be365
2023-03-25 13:19:48,False,1.502e-07,4.633e-10,310460166.0,1.43843,0xec...0165,https://bscscan.com/tx/0xf4ec529e8decc4bfadafc180e1600dbdf6e7c7651862725c3df3cfbf57b1ed75
2023-03-25 13:19:27,False,1.503e-07,4.637e-10,549447389.0,2.5483,0x1b...7f6d,https://bscscan.com/tx/0xf675f034ce26269242ef074351a642b578dcd633091ae43ab0030f2c69478799
2023-03-25 13:18:06,False,1.506e-07,4.646e-10,1072166068.0,4.98217,0x2a...576a,https://bscscan.com/tx/0xad907a1bee3dc354594766154ea2d37210e7dc25497f10e188a7ed37ae5f3a42
2023-03-25 13:16:54,False,1.509e-07,4.656e-10,622755745.0,2.89964,0xde...fa58,https://bscscan.com/tx/0xd7199749054164d0a8320f62d1ab48c63f2a8d3d6cf59984530b192b7ad8cba6
2023-03-25 13:16:24,True,1.517e-07,4.68e-10,442260638.0,2.07,0x1b...7f6d,https://bscscan.com/tx/0x6932b58035e39c51e3808be8b04d7d49754f9350c330ea68105127abf00dbc0d
2023-03-25 13:15:06,True,1.514e-07,4.67e-10,1301695460.0,6.08,0x08...af7e,https://bscscan.com/tx/0xebbf9a5ce3a3b604eaf744d29417ee7d02659f65cea73d778e670f6cd8fb8fe5
2023-03-25 13:13:51,False,1.505e-07,4.644e-10,816237098.0,3.79129,0xde...fa58,https://bscscan.com/tx/0xd26341a26d7672edaf3ce4edf05219dc3008870368eac2ceee4050a9a5c8c088
2023-03-25 13:13:27,True,1.505e-07,4.669e-10,603944839.0,2.82,0xec...0165,https://bscscan.com/tx/0xa59aef819294a488c8c565ff66d2208758043c2aad06a65eaf145c3e902c3a83
2023-03-25 13:13:21,False,1.498e-07,4.646e-10,708181071.0,3.2906,0x1b...7f6d,https://bscscan.com/tx/0xe9c5a731517b8aa6534c18edb67ebdb69712bdf608ee1facf21b837e9998e9b5
2023-03-25 13:13:18,True,1.514e-07,4.673e-10,32000000.0,0.1495,0xcd...bb06,https://bscscan.com/tx/0xf015bf5ddc198b7f2808714d76e89bce77689dc7d4bd7cf80b40b043cd3dc5a2
2023-03-25 13:10:51,True,1.505e-07,4.668e-10,820324747.0,3.83,0xde...fa58,https://bscscan.com/tx/0xcff64f4eda447aff0bbfe9680001700f7c516260f812e7cc665a191b8ee5abcd
2023-03-25 13:10:21,True,1.503e-07,4.662e-10,343166563.0,1.6,0x1b...7f6d,https://bscscan.com/tx/0xa0e14501bc5a3a4f9582594203ad0a96069eb19cdd59e5a75b9a73747999c52f
2023-03-25 13:08:54,False,1.497e-07,4.639e-10,322377803.0,1.49553,0x08...af7e,https://bscscan.com/tx/0x3c7561948722965058890ecd81e37db5bd0b0f5ad354e9f18933c09cf71c48f8
2023-03-25 13:08:36,False,1.499e-07,4.645e-10,926242560.0,4.30324,0x2a...576a,https://bscscan.com/tx/0x54cead75ca3c3383f0fc846e8af63d966d2406ffd144c1370015eb75e0a1202d
2023-03-25 13:07:48,False,1.502e-07,4.656e-10,927820616.0,4.32003,0xde...fa58,https://bscscan.com/tx/0xf43a381fd893593ee9cb447db11b28db9f812ed8c56204f2f293b60873f4cfd4
2023-03-25 13:07:33,False,1.505e-07,4.665e-10,776061224.0,3.62071,0x1b...7f6d,https://bscscan.com/tx/0x9599cc310a7123dfd732c84daa52f5e79d44739c34e213d821f5b26f8f8e69ce
2023-03-25 13:07:09,False,1.507e-07,4.671e-10,362538662.0,1.6937,0xec...0165,https://bscscan.com/tx/0x91ed7022e06ef847e3980d8c3d05057f92899042b4c7e4c135f39736dc2d6a5f
2023-03-25 13:05:24,True,1.515e-07,4.695e-10,385508417.0,1.81,0x2a...576a,https://bscscan.com/tx/0x276dddaa1851a4390442ddd89286eb7f28e637fe4d4236b394ebdf7b35d46a26
2023-03-25 13:04:27,False,1.514e-07,4.669e-10,31948161.0,0.1491,0xb3...e372,https://bscscan.com/tx/0x9e021ecc86d862363dab08e73a88e858509caea2ef107eeece5a071873cf71e9
2023-03-25 13:04:15,True,1.512e-07,4.689e-10,643962056.0,3.02,0x1b...7f6d,https://bscscan.com/tx/0x97135c3aa5177af449bdc83559a53dd2670ff53b9721a7e2c995770185daa03a
2023-03-25 13:04:00,False,1.513e-07,4.667e-10,810164083.0,3.78121,0xec...0165,https://bscscan.com/tx/0x110590433c7ab3e495b6309ccbcf0c1ed0b20a20aa18549b8b836d6e1b10112e
2023-03-25 13:02:45,False,1.508e-07,4.678e-10,1145169341.0,5.35715,0x08...af7e,https://bscscan.com/tx/0x78b35c659b01693e60d99a3245ea367a42819c00fb057a4d21f8a964170d500b
2023-03-25 13:02:15,False,1.519e-07,4.687e-10,495509956.0,2.32253,0x2a...576a,https://bscscan.com/tx/0xce75b4c337b23f4fb14f8339e2197bdec2bf3c9bf7c20c0d0070c9fd04dc617a
2023-03-25 13:01:42,True,1.526e-07,4.709e-10,749590880.0,3.53,0xde...fa58,https://bscscan.com/tx/0xce80d9378db540e2f11a26a343d039bb639c48641dfef742fc0afee6baa4e755
2023-03-25 13:00:51,True,1.525e-07,4.703e-10,338071162.0,1.59,0xec...0165,https://bscscan.com/tx/0x5bb5205f52190c68b39a4d74f9e44d80fd11499c67de8c8940477a47f719bf3f
2023-03-25 12:59:03,True,1.522e-07,4.693e-10,1337937189.0,6.28,0x2a...576a,https://bscscan.com/tx/0xe3277ccd82ec91323a1516522b4dd7430a67b7f16671d7e402089ce9bedc4455
2023-03-25 12:58:09,False,1.505e-07,4.666e-10,715321169.0,3.33834,0x1b...7f6d,https://bscscan.com/tx/0xfedca838e8a627eeb5bc24312abf47ba919441edd9c207bc3a91128bb73827bf
2023-03-25 12:57:45,True,1.522e-07,4.693e-10,98002680.0,0.46,0x06...0243,https://bscscan.com/tx/0xb88aa4cf9a9239f1c38e152c95935615e8bc9e4424b4826989c1a0d1e50997d5
2023-03-25 12:56:33,True,1.513e-07,4.689e-10,744286448.0,3.49,0x08...af7e,https://bscscan.com/tx/0x63dbfbd37d7ec86c7cad8fca5b8d7ca403fea5772efdc36f867d0b475698d711
2023-03-25 12:55:54,False,1.513e-07,4.665e-10,806235786.0,3.76188,0x2a...576a,https://bscscan.com/tx/0xedb043ec9a0ffbb266a30fb91f8f80db4c650dc413094a32b605d1abc7f62e76
2023-03-25 12:55:36,True,1.521e-07,4.691e-10,477488885.0,2.24,0xde...fa58,https://bscscan.com/tx/0x2940631f25abcbb32ea5a96a528e9ba4325875b9cca69da4100b29aeaeea4d30
2023-03-25 12:54:33,True,1.518e-07,4.683e-10,839047223.0,3.93,0xec...0165,https://bscscan.com/tx/0x64ef3690e04437cc2cad5ea980ed058d16b02a06a539c0caee506cf37b008109
2023-03-25 12:53:27,True,1.516e-07,4.676e-10,575273366.0,2.69,0x08...af7e,https://bscscan.com/tx/0xe90035d66eddaf6c0799be23b1f4a2b83e5785a5cc11506707099d3524cfd546
2023-03-25 12:52:36,True,1.506e-07,4.669e-10,636065310.0,2.97,0xde...fa58,https://bscscan.com/tx/0x984a60757eb1212ff0d948f7a89638749d510dbb6b71ece010e9bb665cedb58f
2023-03-25 12:49:33,False,1.499e-07,4.646e-10,795950684.0,3.6987,0xde...fa58,https://bscscan.com/tx/0x1183b6935c52f5d1b87069b93ce653546024f9dba578d384bfe510651a150c52
2023-03-25 12:49:00,True,1.506e-07,4.667e-10,1298363550.0,6.06,0x1b...7f6d,https://bscscan.com/tx/0xd2ad00afee231d5f25eb260db426809086ae8a939e985b2e39761f21482422cb
2023-03-25 12:47:15,True,1.51e-07,4.656e-10,762449238.0,3.55,0x08...af7e,https://bscscan.com/tx/0xe014f7aca6fd223412e5ee867a622d197339750a0567165aa20ec8f2edda031d
2023-03-25 12:46:30,False,1.502e-07,4.631e-10,527499376.0,2.44312,0xde...fa58,https://bscscan.com/tx/0xb36c8856d4d855a06505d22fca7225ed57b5b5e8ff5becb4d45e936713de25b4
2023-03-25 12:46:24,True,1.509e-07,4.654e-10,590839799.0,2.75,0x2a...576a,https://bscscan.com/tx/0x4b417c784d9508f4703a09757d7f717015fa5472873b90614cd3f5364f1b88aa
2023-03-25 12:46:00,False,1.502e-07,4.633e-10,1052309439.0,4.87606,0x1b...7f6d,https://bscscan.com/tx/0xf9dcf15658b0b2e1bc674e15fe9765fb3f4200937bca8736df9524d8432426f5
2023-03-25 12:45:09,False,1.499e-07,4.646e-10,1213733472.0,5.63911,0xec...0165,https://bscscan.com/tx/0x7146fd66bf35b466a7d88f70dc6ae678103e5605add97ecb063ded11b35f7d8d
2023-03-25 12:44:12,False,1.509e-07,4.654e-10,335047987.0,1.55951,0x08...af7e,https://bscscan.com/tx/0x0517408c5e5085680eef4a705ba3d8f81fb6b5fea0738be440addf8c0174603f
2023-03-25 12:43:12,True,1.516e-07,4.675e-10,808501168.0,3.78,0x2a...576a,https://bscscan.com/tx/0x3247184caed5159159abf88251172c22a563fbc17268c8be8d76b3c06dd0ffd9
2023-03-25 12:42:15,True,1.514e-07,4.67e-10,2212150.0,0.0103,0xc1...8d5a,https://bscscan.com/tx/0xb0a210cd4fd9c42c3b8d667daf0d277bdec17d41df2fe9d9b2de78521b64aeaa
2023-03-25 12:42:00,False,1.508e-07,4.651e-10,659209128.0,3.06606,0xec...0165,https://bscscan.com/tx/0x70b092968999ee086bdea3713f2b6bd80beb926ae1a911e7fe8c6c4a00f32689
2023-03-25 12:41:06,False,1.511e-07,4.661e-10,1152514932.0,5.37199,0x08...af7e,https://bscscan.com/tx/0x0925a56a2a700d052ddc644358e7711164204a073d44f8f31da40e9d5a86184a
2023-03-25 12:40:03,False,1.515e-07,4.673e-10,1113178521.0,5.20256,0x2a...576a,https://bscscan.com/tx/0xd2932ec4faa1f02da55d2a7317e7818812250e41c42090df2ef425eeb4fe02bb
2023-03-25 12:38:00,True,1.524e-07,4.701e-10,342454318.0,1.61,0x08...af7e,https://bscscan.com/tx/0x0450db9f2fb21eaddafed25b6f5acdb8d43f5176641e79f71d837c2e55233353
2023-03-25 12:37:24,True,1.522e-07,4.694e-10,802988439.0,3.77,0xde...fa58,https://bscscan.com/tx/0x222ae61f179e7c790372de112e626c38b56598092f5fb5defab574d919adf86e
2023-03-25 12:36:54,False,1.513e-07,4.668e-10,269388200.0,1.25766,0x2a...576a,https://bscscan.com/tx/0x44352a4ba6aeb888953badcd09c139bf74d5100f49178773725b4b8aecff4646
2023-03-25 12:34:57,True,1.52e-07,4.688e-10,844569702.0,3.96,0x08...af7e,https://bscscan.com/tx/0x14f0db7fa87d143ee66bb4d956ec69a200b6e602bf2170ba77c75c6d509fae4d
2023-03-25 12:33:48,True,1.517e-07,4.682e-10,358813999.0,1.68,0x1b...7f6d,https://bscscan.com/tx/0x588d835558c7c8b22c31a9c12d4df2a3fbe5d06b22f843933d51a0394d227d1b
2023-03-25 12:33:45,False,1.51e-07,4.659e-10,473412477.0,2.20579,0x2a...576a,https://bscscan.com/tx/0xee176b46541484852e5181bcb5d40beec50e6bc28b0e992606bc5ccfde6d0e59
2023-03-25 12:32:36,True,1.509e-07,4.679e-10,1044974736.0,4.89,0xec...0165,https://bscscan.com/tx/0x740ba9e018b0bc30163aab1df364bd061cd504f931b6cea08401f87a3fb43171
2023-03-25 12:31:51,False,1.508e-07,4.652e-10,365201169.0,1.69907,0x08...af7e,https://bscscan.com/tx/0x861a4cd760f2d33f4879648c4249a991c4df650805b49b7d0b2628bf10e78502
2023-03-25 12:31:18,True,1.515e-07,4.675e-10,440609233.0,2.06,0xde...fa58,https://bscscan.com/tx/0x4c893764414c5464c8c0789ef1ec1e4854a4acc50b1a0062bc14e7fad88bbeb1
2023-03-25 12:30:33,True,1.514e-07,4.67e-10,368240009.0,1.72,0x2a...576a,https://bscscan.com/tx/0x533fcefef12630da04f0cabc51fa3a7516609642c074ae8d1933584fc7cde670
2023-03-25 12:29:24,True,1.511e-07,4.664e-10,868347726.0,4.05,0xec...0165,https://bscscan.com/tx/0x8627d871fe8f2c57ff059cd88dbe5c7c2a6cdf3133b37a0d1041eb53ad263663
2023-03-25 12:28:12,False,1.496e-07,4.639e-10,705776217.0,3.27469,0xde...fa58,https://bscscan.com/tx/0x456899512aff64d1a49957adf51909eb8cfefad6cf68366223455862ef04db61
2023-03-25 12:27:42,False,1.505e-07,4.645e-10,284654156.0,1.3223,0x1b...7f6d,https://bscscan.com/tx/0x832521b4e68b3069dfb3d8e93f29707de62002d2c340a9939d58404ace573c49
2023-03-25 12:27:24,True,1.511e-07,4.663e-10,1123513308.0,5.24,0x2a...576a,https://bscscan.com/tx/0x5c7cb7d8b18164f0c6b2eb17af326f6f57765a772636b5e4c69730335f17559f
2023-03-25 12:26:27,True,1.509e-07,4.655e-10,393076395.0,1.83,0xec...0165,https://bscscan.com/tx/0xab53bf85d284119f4ad6510d05e716367517dc9d79998a8d9e188115675b438f
2023-03-25 12:25:39,False,1.501e-07,4.633e-10,531143195.0,2.46083,0x08...af7e,https://bscscan.com/tx/0xedc73524d6ebf841fe3ee8a4b4607cacd1d61f7ae1831eeadf27cc4100d81d36
2023-03-25 12:25:12,False,1.495e-07,4.638e-10,470589032.0,2.18286,0xde...fa58,https://bscscan.com/tx/0xd84f87cda5a99b8431ea5a3820ba6fce0cad595d80fc511597bc300c06fa4e42
2023-03-25 12:24:12,False,1.505e-07,4.645e-10,804645278.0,3.73803,0x2a...576a,https://bscscan.com/tx/0xf4a9948ec32ca9083860cabaf90ecceea1cb77742248aa5d0b8cca4da9287dc1
2023-03-25 12:23:09,False,1.509e-07,4.655e-10,1001967887.0,4.66466,0xec...0165,https://bscscan.com/tx/0x9adc2f0716f03df9c3ec41827242d21d22f3cf4d896e468b70a6d62ac2bb35c6
2023-03-25 12:22:09,True,1.517e-07,4.682e-10,369472913.0,1.73,0xde...fa58,https://bscscan.com/tx/0x5315f35cc99db91844e436133f2c16ed7755b6d960ccb1c07815c86ed5e528da
2023-03-25 12:21:03,True,1.515e-07,4.676e-10,746339841.0,3.49,0x2a...576a,https://bscscan.com/tx/0x856d3ace245ddaa3e05b0040789efdaca9a6795587b30b880eda2958c88778b2
2023-03-25 12:20:00,False,1.508e-07,4.653e-10,810491010.0,3.77134,0xec...0165,https://bscscan.com/tx/0x41938b5780741e9e14a47780a575407071b885a75f8af8443a5cd5d9561582e0
2023-03-25 12:19:51,True,1.509e-07,4.68e-10,12690148.0,0.0594,0xc2...74aa,https://bscscan.com/tx/0xec99db57445b0415f4af9cb6d8ab387c42143bdc67f14cd9083c7597f14c2abe
2023-03-25 12:19:51,True,1.509e-07,4.68e-10,3700195.0,0.0173,0x2a...123d,https://bscscan.com/tx/0x5642e4027385a9ddb54d7f375b4d8a77068a7ea13554dbc4cb3c625a716f9604
2023-03-25 12:19:27,False,1.51e-07,4.659e-10,416708563.0,1.94175,0x08...af7e,https://bscscan.com/tx/0x2b559dbbdd4f14e7273b47f2ded0436a5d5e6f53790c11c9177a5c72606c3c5b
2023-03-25 12:19:06,True,1.508e-07,4.681e-10,711315485.0,3.33,0xde...fa58,https://bscscan.com/tx/0x35f4e423374194fc423a67a3249d0c33c7036bda1d73dff60ddcfcbeb0a1d147
2023-03-25 12:18:36,True,1.506e-07,4.672e-10,911723589.0,4.26,0x1b...7f6d,https://bscscan.com/tx/0x3060ebc9e3e7e44817953ea5f2a04ac5370cd64f7c93e25465e3a5cda7e349ca
2023-03-25 12:17:51,False,1.499e-07,4.649e-10,987136323.0,4.58974,0x2a...576a,https://bscscan.com/tx/0x378097ed2be442b61a9062f4b7ec5b4554c82d9628ab0a220e443ceed11df9fa
2023-03-25 12:16:24,True,1.507e-07,4.674e-10,626757274.0,2.93,0x08...af7e,https://bscscan.com/tx/0x1bf1d2d9c82dbc5f01dcceeec64ab1ae6cdb095ff99be9280f26ad65db76e09b
2023-03-25 12:16:03,False,1.499e-07,4.649e-10,352183668.0,1.63765,0xde...fa58,https://bscscan.com/tx/0xb66f53c7da03b08a0effb059092ebe6824df371f5507dc27bbf2b04d1c58e73b
2023-03-25 12:15:36,False,1.502e-07,4.658e-10,1199684428.0,5.58878,0x1b...7f6d,https://bscscan.com/tx/0x831b2c952c721d8db70794c7aac78aa535f7b6c5a0afde04e4161f50b370ae32
2023-03-25 12:13:42,True,1.51e-07,4.685e-10,516465727.0,2.42,0xec...0165,https://bscscan.com/tx/0x45edf6b6d9208e8682231343af1104b77f0c45408ca16c90f662642fdad4ec91
2023-03-25 12:13:15,False,1.51e-07,4.66e-10,255882183.0,1.19263,0x08...af7e,https://bscscan.com/tx/0xb6a234079ca2b76317b019760d6c2bb4ce08083e45db39c4b59b436d759ab0f6
2023-03-25 12:13:12,False,1.51e-07,4.662e-10,5378429.0,0.025,0xb0...966d,https://bscscan.com/tx/0x61a9e9fedeafc5fec8889f83018c1fd7d81867bbbf1cb3ef725157d953d88a30
2023-03-25 12:13:03,False,1.511e-07,4.664e-10,343394126.0,1.60167,0xde...fa58,https://bscscan.com/tx/0x6ed9d946dbec2d118414eb40a0f8ef2ecc829a8c2089eb125d215aab01aa0859
2023-03-25 12:12:30,True,1.509e-07,4.683e-10,1129558161.0,5.29,0x1b...7f6d,https://bscscan.com/tx/0xd913be4d2a4a882e777add7012cd83a76674ff11a60b2c4c0f48a7d71a18c370
2023-03-25 12:11:30,True,1.513e-07,4.672e-10,817558034.0,3.82,0x2a...576a,https://bscscan.com/tx/0x3822f597e881759a3fae5964fbae9d3f0f613c59e000475fa73f53978d89a659
2023-03-25 12:10:12,True,1.51e-07,4.661e-10,1205679980.0,5.62,0x08...af7e,https://bscscan.com/tx/0xd93d7c3b09d77783a10519afb9cae3ac3c6218e47e67134427cceea310353a85
2023-03-25 12:09:57,True,1.499e-07,4.651e-10,632101456.0,2.94,0xde...fa58,https://bscscan.com/tx/0x79ceb8b8f49064a4cf13cacd0d1f92dc702c9a59008031f34b89e8ae49c0c24d
2023-03-25 12:09:27,True,1.503e-07,4.641e-10,1103061908.0,5.12,0x1b...7f6d,https://bscscan.com/tx/0x14ffe738ae26c2b3fd2514fb8d35c4cbf9471a057931333785be5ea3c151c00e
2023-03-25 12:08:21,False,1.494e-07,4.614e-10,323398683.0,1.49223,0x2a...576a,https://bscscan.com/tx/0x86b9e82a44bba8ed5b546a99b75e446de6d2e43226bf42eef874edb233cb7ed3
2023-03-25 12:07:09,False,1.498e-07,4.622e-10,1137526028.0,5.25782,0x08...af7e,https://bscscan.com/tx/0xdd984db3f61a86a560b6967534634b7ca7729adc04db1ce1354fc60183a8deb5
2023-03-25 12:06:56,False,1.501e-07,4.63e-10,443691682.0,2.05464,0xde...fa58,https://bscscan.com/tx/0x361530d266f161831e47cbddeeba5fdcf347ed555c592d03a70ce8719a38cf64
2023-03-25 12:05:08,True,1.5e-07,4.652e-10,702836733.0,3.27,0x2a...576a,https://bscscan.com/tx/0x868b069c85cc8a50497fafd98ea2a8e3c5f7cfb9dd52891babae8b537c56f070
2023-03-25 12:04:17,True,1.498e-07,4.645e-10,587667435.0,2.73,0xec...0165,https://bscscan.com/tx/0x4c65cf4fc131b0255294061327dba9487587ac61a8f55f2a91d201e4181d74a6
2023-03-25 12:03:59,True,1.495e-07,4.637e-10,890588801.0,4.13,0x08...af7e,https://bscscan.com/tx/0x2efadf7af4d4d98dbf5786e7489c4600f4fc9c19eb7061b9f758dc75a7bc4e01
2023-03-25 12:03:53,True,1.493e-07,4.63e-10,386575567.0,1.79,0xde...fa58,https://bscscan.com/tx/0x926e30b843f8fe3071cfa6d07d2231a322ed00bb8ef1dcea32e83116a1e2beb3
2023-03-25 12:02:02,True,1.492e-07,4.628e-10,23416481.0,0.1083,0xd4...cc47,https://bscscan.com/tx/0xdfedc432dc716cd6229b81c50a8be5afda507d40e7c599bcd0076269a9f8239d
2023-03-25 12:01:59,False,1.486e-07,4.609e-10,823432980.0,3.79553,0x2a...576a,https://bscscan.com/tx/0x9b4b441f8258f6de80b54396986135d3cffb6aceaf5ac2eb2a280dafa2fe4140
2023-03-25 12:01:11,False,1.489e-07,4.618e-10,873192572.0,4.03294,0xec...0165,https://bscscan.com/tx/0x0e7ebb3c653b77d618871402731465f9d0dd8af4dfa7f3613450a7f0d19cce96
2023-03-25 12:00:20,False,1.491e-07,4.627e-10,668230185.0,3.09191,0x1b...7f6d,https://bscscan.com/tx/0x4fbdb45dbd0d48dd249c8f1144207a1fc6270afe15c612ff8921b93ff076dc0b
2023-03-25 11:58:50,False,1.493e-07,4.633e-10,524746398.0,2.43142,0x2a...576a,https://bscscan.com/tx/0x733bce4b1d68d72cfe0aab20d50b81c81f33205754456531689deab1a31e2717
2023-03-25 11:58:02,False,1.503e-07,4.639e-10,625459325.0,2.90202,0xec...0165,https://bscscan.com/tx/0xe372eeb6e62ea96d57c4b3d81c6eea58d004af3b6f0aba6f786f51b115e47458
2023-03-25 11:57:50,False,1.498e-07,4.647e-10,719748300.0,3.34481,0x08...af7e,https://bscscan.com/tx/0x335c7c828a123d9082df860acf59117738433ed7f3cce700316d8e21f7a41a1f
2023-03-25 11:57:17,False,1.5e-07,4.653e-10,424406622.0,1.97497,0x1b...7f6d,https://bscscan.com/tx/0xf720a1372aa36c72aa2c7ebb6dbfde810f5fc4b6bcb682e3c7c87b5ec284ddd2
2023-03-25 11:55:02,True,1.514e-07,4.674e-10,917826088.0,4.29,0xec...0165,https://bscscan.com/tx/0x262811e9819b38e359e3de63e143f1f0b7b46afe42a3f3a47e4f05490c1e5f0d
2023-03-25 11:54:50,False,1.507e-07,4.648e-10,475886581.0,2.21207,0xde...fa58,https://bscscan.com/tx/0x81913af44f4146e73f177b764c28d99b345921d3292f61876eea6777ce9e0e32
2023-03-25 11:54:47,False,1.509e-07,4.657e-10,1104512978.0,5.14373,0x08...af7e,https://bscscan.com/tx/0x44bf480c20e637d99632a572760c70e9d1d6cb52121e7674ac51508622cf5e5b
2023-03-25 11:54:14,True,1.517e-07,4.682e-10,674818184.0,3.16,0x1b...7f6d,https://bscscan.com/tx/0xb4f22d5419c4e68289bcdf401aae0ec3f478beb3af13c687d6e2ba700f06b38f
2023-03-25 11:52:29,True,1.514e-07,4.672e-10,1153532690.0,5.39,0x2a...576a,https://bscscan.com/tx/0x46e65cab1587544806d59a4240c79d54bb7fa91a3fd1ec7b0478f6bede0ca5d7
2023-03-25 11:51:53,True,1.503e-07,4.662e-10,763619303.0,3.56,0xec...0165,https://bscscan.com/tx/0x31fe40884826785b670e65a1c5994868852cae79a7814d6163c566db0949c69a
2023-03-25 11:51:44,True,1.501e-07,4.656e-10,326460285.0,1.52,0xde...fa58,https://bscscan.com/tx/0x490264b65ce238499987545f276ecd189a2e6a3315e9ab2e53ff1a47e172feaa
2023-03-25 11:51:38,True,1.498e-07,4.647e-10,1176918207.0,5.47,0x08...af7e,https://bscscan.com/tx/0x6c363d52c15daf19a1bc602f8bf093f5d180a0be3e7b34da67fc704cbb3cc8c1
2023-03-25 11:51:11,False,1.498e-07,4.623e-10,940282278.0,4.34714,0x1b...7f6d,https://bscscan.com/tx/0x2e8645e42c7bb120a19b8774d90dd58d71666e68d47c7e63d15bc3eafa06ca65
2023-03-25 11:49:17,False,1.501e-07,4.632e-10,823378877.0,3.81459,0x2a...576a,https://bscscan.com/tx/0x4e4a7fc3c92760653a1584b68aebd22eaef7bce77707991a2ed132f7780d5481
2023-03-25 11:48:41,True,1.509e-07,4.657e-10,523859974.0,2.44,0xde...fa58,https://bscscan.com/tx/0x0504036c44e8516d5b0dfdc85bd0773ae62ca621fa2a6a6086c69e4d2e9af624
2023-03-25 11:48:35,False,1.494e-07,4.634e-10,574185683.0,2.66121,0x08...af7e,https://bscscan.com/tx/0x54998f21fe4c6a375754830d5e49431ad6c830f4f972b8ff3a8210459c22ce3a
2023-03-25 11:48:08,True,1.509e-07,4.656e-10,863327833.0,4.02,0x1b...7f6d,https://bscscan.com/tx/0xe0059a27a81652eb21160a825a38b99e3484e0d9978ee6827012b31a0269a534
2023-03-25 11:46:08,False,1.5e-07,4.63e-10,430840202.0,1.99513,0x2a...576a,https://bscscan.com/tx/0x861d061b792f660d88d0e79af58b0af1356d4909be68564edd6766fad42908f8
2023-03-25 11:45:29,False,1.502e-07,4.636e-10,576668117.0,2.6736,0x08...af7e,https://bscscan.com/tx/0xe2ab9a3172b50086d2817f549866d908672a656a8542c2d446cbafc5b329d577
