datetime,buy_order,price_USD,price_native,amount_token,total_native,maker,etherscan_url
2023-03-19 20:08:57,False,1.852e-07,5.44e-10,1718643.0,0.0093,0x27...78b8,https://bscscan.com/tx/0x99c40c7f5c54749f3153d16c38804f5c608fa02af3b0b52a2e5c9f21072c0f17
2023-03-19 20:01:36,False,1.839e-07,5.44e-10,8614529.0,0.0468,0xa5...5153,https://bscscan.com/tx/0x0aa1999c1dee8da79e91bc6c5cd6e625924026051c36f589fba7b121d2beb159
2023-03-19 19:50:39,False,1.838e-07,5.44e-10,20376578.0,0.1108,0xa5...5153,https://bscscan.com/tx/0x5dcce0c49dddfd1a56eff04aba7873e4f09acd1d5d209cbfac757359005eb0e8
2023-03-19 19:46:33,True,1.847e-07,5.467e-10,7214367.0,0.0394,0x8a...6661,https://bscscan.com/tx/0x4de7aae694dff27c6bc26d9bcf6b23ca8a6f265a85182563bfc12fd95df11ab4
2023-03-19 19:44:57,True,1.856e-07,5.467e-10,44190344.0,0.2416,0x8a...6661,https://bscscan.com/tx/0x1c73c0c0de3ba90499122d6ca0d811632e50861cb376a198ca7ea3449d797c3d
2023-03-19 19:38:06,True,1.843e-07,5.465e-10,238864342.0,1.30552,0x29...9ba8,https://bscscan.com/tx/0x60bdb10d6a634bd0b02405b99a554a924fd179239be6806f3598de37956b40df
2023-03-19 19:30:52,False,1.841e-07,5.436e-10,5675103.0,0.0308,0xd5...d628,https://bscscan.com/tx/0xc7b8f18badefd3f7a53c584e2cd2ac2493aee81ae49ffe8f1959e3026ddbdb71
2023-03-19 19:23:12,False,1.839e-07,5.436e-10,2610463.0,0.0141,0x02...3b24,https://bscscan.com/tx/0xb1e6d8ffd213ec8c7fb901e9705dadd831f44b1921acf2f867f04eea2bba8c04
2023-03-19 19:18:58,False,1.839e-07,5.436e-10,322971.0,0.0017,0x6b...893d,https://bscscan.com/tx/0x04f5e3937a9a6be989c59bd98225bb1775f7d23d6eebf96f7abf3949c914b08b
2023-03-19 18:59:09,True,1.849e-07,5.463e-10,6500000.0,0.0355,0xab...1f85,https://bscscan.com/tx/0x5bafb737d11eae6a36b9a69d3ab3dcf44ba17640b420096402174342f4f99025
2023-03-19 18:58:12,True,1.84e-07,5.463e-10,13228425.0,0.0722,0x8a...5514,https://bscscan.com/tx/0x96c41816dc56bc7e09bb96c5d077c1a9d4379547c9a24e2ac3f9d5906acc8efe
2023-03-19 18:55:51,False,1.841e-07,5.436e-10,11189299.0,0.0608,0x13...b3ed,https://bscscan.com/tx/0x8b57b2c05422607250e1edc640f8aec9f81411530ae3922999a68a1790ea882e
2023-03-19 18:43:02,True,1.849e-07,5.463e-10,16320321.0,0.0891,0x9d...7a8e,https://bscscan.com/tx/0xb117afb4b1fc00ce420844d60759ae0b38cc91e70194ff8950c92105a433ae87
2023-03-19 18:32:25,False,1.828e-07,5.436e-10,13479021.0,0.0732,0x6c...9b67,https://bscscan.com/tx/0xb6d5517fa4588160e321bdfd56f46ac9a29a9cc4d2d40a7098311a0a336f70bc
2023-03-19 18:26:29,True,1.85e-07,5.463e-10,17802826.0,0.0972,0x6c...9b67,https://bscscan.com/tx/0xd5e1daab31a212fe8c8ca1aa267271494eec307ad70c2a2753006bffcc02c29a
2023-03-19 18:12:49,True,1.852e-07,5.463e-10,640608.0,0.0035,0x29...9ba8,https://bscscan.com/tx/0x69635ec846b04d1a04ea9cf515f7c5e187be3529ec01cc284a37b6853d5bf230
2023-03-19 18:12:49,True,1.851e-07,5.461e-10,255045662.0,1.393,0x29...9ba8,https://bscscan.com/tx/0x69635ec846b04d1a04ea9cf515f7c5e187be3529ec01cc284a37b6853d5bf230
2023-03-19 17:47:46,False,1.846e-07,5.432e-10,8606824.0,0.0467,0x94...d977,https://bscscan.com/tx/0x03106276823dda6dc96305363343e78dd760a01ad5fdb5085ffda54fe7b98222
2023-03-19 17:39:40,True,1.84e-07,5.454e-10,806680418.0,4.4,0x2a...576a,https://bscscan.com/tx/0x7230eb8934b12a6c5244417059ad0b1781deab26bae218cb6bbb7bfb47073bb9
2023-03-19 17:39:37,False,1.838e-07,5.422e-10,174623559.0,0.9469,0xcc...551f,https://bscscan.com/tx/0x1ec07626a13fbf63d616caf7fe376017e1baa79c17b520d5206d143f643545e8
2023-03-19 17:37:49,True,1.844e-07,5.451e-10,29902519.0,0.163,0xc6...f26e,https://bscscan.com/tx/0xac3f939ea5beeb44748eeba82a587ef346301df90e3b699695812b1db70ad684
2023-03-19 17:36:07,True,1.831e-07,5.445e-10,813567590.0,4.43,0xec...0165,https://bscscan.com/tx/0x76e543b33f9a39672c5ff61dda1b1bf1fb1be608ff506347a84e8adb755094b2
2023-03-19 17:33:19,False,1.826e-07,5.419e-10,1031758822.0,5.59159,0x2a...576a,https://bscscan.com/tx/0x0c54b1b6d3ac0c10c17717086859986098916db82fe5cec91c9335446c2db7eb
2023-03-19 17:31:31,True,1.828e-07,5.453e-10,118837637.0,0.648,0xec...500f,https://bscscan.com/tx/0xa8ce6834971d78ae9f2eb0ba3569813b073eb940849a9742c135d7d560a4bbc8
2023-03-19 17:30:10,True,1.842e-07,5.445e-10,923658655.0,5.03,0x2a...576a,https://bscscan.com/tx/0x8e4b4e4ca4deae90466eb1d25c80ad80773f6a17bee8625496ab21edfdc01c7c
2023-03-19 17:24:55,False,1.832e-07,5.412e-10,9779521.0,0.0529,0xf8...4747,https://bscscan.com/tx/0x8568bd2d6836295f3578f5a41a91054f314a7b688a0ed7b49b5b422ac631f4c1
2023-03-19 17:23:34,True,1.832e-07,5.437e-10,281380431.0,1.53,0xec...0165,https://bscscan.com/tx/0x350120d1fac2730ebc44b146c56edb7a144fc27baf8c17c435bb22b703621448
2023-03-19 17:23:22,True,1.83e-07,5.431e-10,522838861.0,2.84,0xde...fa58,https://bscscan.com/tx/0xbbca645fcdec34803cf12832787129d019c9dfb0f62bf6f09b2524fb4b2df600
2023-03-19 17:22:55,False,1.829e-07,5.403e-10,370288066.0,2.00093,0x1b...7f6d,https://bscscan.com/tx/0xf751294f9be9fd4334b6b921e7bc2a2a069cb1b7d223a18a12c1924c9622cd37
2023-03-19 17:21:46,True,1.84e-07,5.433e-10,2000000.0,0.0108,0x5f...349b,https://bscscan.com/tx/0x796c659388bf3f70ec84252a86c761f7617216633b0a749dc568bd957ad28ae1
2023-03-19 17:21:37,False,1.831e-07,5.409e-10,465619083.0,2.51874,0x08...af7e,https://bscscan.com/tx/0x4c97311bfc023ad31b4f6c891618c4e155e056ae8982da2fc98723493f03fee0
2023-03-19 17:20:32,False,1.835e-07,5.42e-10,1196911162.0,6.4884,0xec...0165,https://bscscan.com/tx/0xf84b70ebf90a88e3a850439027a2c78c0fdbe82530375614fceeee5173942ec0
2023-03-19 17:19:50,True,1.836e-07,5.448e-10,1079108426.0,5.88,0x1b...7f6d,https://bscscan.com/tx/0x1da22522739043bd1bc3631f31673f1b97503be0528277c674e53dc39954e60d
2023-03-19 17:17:32,False,1.825e-07,5.417e-10,493155928.0,2.67175,0x2a...576a,https://bscscan.com/tx/0x6a0491b7ae0f402f6cff1c9bff461dbcfdaf3e12d50263da2f20473acbe0dcdd
2023-03-19 17:17:19,True,1.842e-07,5.442e-10,859933560.0,4.68,0xec...0165,https://bscscan.com/tx/0xe57eec0462a7d64563c9995785e554d6ecffad3eb04bf855cbfb6a6bfe700c90
2023-03-19 17:15:36,False,1.823e-07,5.409e-10,6091084.0,0.0329,0x17...4ea5,https://bscscan.com/tx/0xb349d4caf919a1797ca87d181f2e636c8a4d9db017f907df7ccb9630db24d0bf
2023-03-19 17:14:18,True,1.841e-07,5.433e-10,419621980.0,2.28,0x2a...576a,https://bscscan.com/tx/0x65db13cd5c6fa0850740708a665d4965350740ac0854cf92acaea5f00a87d60c
2023-03-19 17:14:12,False,1.832e-07,5.405e-10,249961611.0,1.35108,0xde...fa58,https://bscscan.com/tx/0x19f70f4be8e64e943425a64146364c6ee4254a06b5b6a320a9e36dd1b3c414e4
2023-03-19 17:12:22,False,1.824e-07,5.41e-10,516327976.0,2.79357,0x08...af7e,https://bscscan.com/tx/0x2f868de5fc471cdd75f71407739349f14e659cc4578b2a91347aa098159c3661
2023-03-19 17:05:03,False,1.844e-07,5.417e-10,470087068.0,2.54659,0xde...fa58,https://bscscan.com/tx/0x8ab010cc447e6a577c0d6ff942c610fc1bec0a9ce5a39d8292f957caa9ea7f35
2023-03-19 17:04:37,False,1.838e-07,5.427e-10,1061527546.0,5.76186,0x1b...7f6d,https://bscscan.com/tx/0x905a89723af9d0ff40a2b59e8374d43f0906e7cb167ac1a2ba5bc12b143ffdcb
2023-03-19 17:01:39,False,1.853e-07,5.441e-10,878717655.0,4.78144,0x2a...576a,https://bscscan.com/tx/0xf45dd3ea352c1d75ace5576b834e4deebc49449666ef65f127f514c9f760aa12
2023-03-19 17:01:36,True,1.862e-07,5.469e-10,758752613.0,4.15,0x1b...7f6d,https://bscscan.com/tx/0xff27b18e96c15190de42d619a22ae8fb975c870f508ea45419edf2d4d452f874
2023-03-19 16:59:57,True,1.849e-07,5.457e-10,921629745.0,5.03,0x08...af7e,https://bscscan.com/tx/0x107e9fd1a16f7ae1f1db02aec1c808e2855021b76ce2d465a0d22ee493dd6a2f
2023-03-19 16:58:32,True,1.857e-07,5.449e-10,292364011.0,1.59316,0x87...5659,https://bscscan.com/tx/0xc9af50ac9e36b5cd2ecc634a532e94f4c052e9d88f6c83a9cf7c4663dac6479e
2023-03-19 16:58:29,False,1.848e-07,5.424e-10,686867899.0,3.7261,0xec...0165,https://bscscan.com/tx/0xa161531db0d13419128b957d37ed9adf3233d6816ac10343725e43c28c9f3c21
2023-03-19 16:58:29,True,1.858e-07,5.452e-10,625412698.0,3.41,0x2a...576a,https://bscscan.com/tx/0x712ee78612b53510160d7498a8031999073809a0a5c0fe2d4869fc2ede145bfb
2023-03-19 16:56:53,False,1.846e-07,5.424e-10,544723193.0,2.95491,0x08...af7e,https://bscscan.com/tx/0xcdbabddb09d41e567723d4239a908ed2fbc3a9310c8a893c14ad53a50deb93d2
2023-03-19 16:55:17,True,1.855e-07,5.451e-10,643903928.0,3.51,0x2a...576a,https://bscscan.com/tx/0x8022ffe73c9310d68cfa1df570f671dc153cfd7b06cd580e76fe38b99e045847
2023-03-19 16:55:02,False,1.844e-07,5.419e-10,21783238.0,0.118,0xbc...4e4b,https://bscscan.com/tx/0x9267feeeca8077c11cf21d16daf79ecc39bdb95b89ef99635435fe426f6a78f5
2023-03-19 16:53:50,True,1.851e-07,5.443e-10,494168650.0,2.69,0x08...af7e,https://bscscan.com/tx/0x3831ffb6467b57228ae7b4d2a0541298750f30b1e48817bcbf0a7d7b0357933e
2023-03-19 16:52:53,True,1.849e-07,5.435e-10,675210544.0,3.67,0xde...fa58,https://bscscan.com/tx/0x28cd7951250fffd5bc05c7949fbba5de425dc7b990b0ca8b0ed4d5b7c8cb6215
2023-03-19 16:52:29,False,1.84e-07,5.409e-10,821307915.0,4.44263,0x1b...7f6d,https://bscscan.com/tx/0xc804bdf87d881b58e29a5320ad9ac41aca97c2277e14f00285876838cb6cdd29
2023-03-19 16:52:11,True,1.84e-07,5.436e-10,835137220.0,4.54,0xec...0165,https://bscscan.com/tx/0x89a5e12b0db1bd112ce46c2f739c331efc8252fe95d0fef86e6cec4c6e78423b
2023-03-19 16:52:08,False,1.829e-07,5.405e-10,296837755.0,1.60452,0x2a...576a,https://bscscan.com/tx/0x003ceec11b9fda58a54b67afc735f481f150163531d1731faa50b88a9f462b57
2023-03-19 16:51:11,True,1.848e-07,5.434e-10,1840084.0,0.01,0x99...0c4b,https://bscscan.com/tx/0xa48304ac1597a8d0701781e6348770ac52a8fb3942555c677ab89060598ac110
2023-03-19 16:50:41,False,1.839e-07,5.41e-10,386893245.0,2.09312,0x08...af7e,https://bscscan.com/tx/0x32b2b9b6c457c01bbfa0940d15a897fee696b52af03fea42c3620298256e3df3
2023-03-19 16:50:35,False,1.84e-07,5.412e-10,21787540.0,0.1179,0xec...faec,https://bscscan.com/tx/0x1cef8d242b9919e78fa81a7bbede507573550bc668efbfafc8ebe0799b86d82a
2023-03-19 16:49:53,True,1.838e-07,5.437e-10,343889087.0,1.87,0xde...fa58,https://bscscan.com/tx/0x709721e3849d3f05ad16f8a5e7b1fbedec9ebc8bb2f1e9a36aff27c66cc5509d
2023-03-19 16:49:23,True,1.844e-07,5.431e-10,596546860.0,3.24,0x1b...7f6d,https://bscscan.com/tx/0x344403ef33adf91aa7344fc9a2be876281885e2303d440f6534ff5724d12da09
2023-03-19 16:49:02,False,1.834e-07,5.403e-10,465563623.0,2.51555,0xec...0165,https://bscscan.com/tx/0x5842c4826acae8aecbaaa0129fa4bf8bab383de9fa22dd2ce8baf991f9a7d228
2023-03-19 16:47:38,False,1.827e-07,5.41e-10,543876614.0,2.94248,0x08...af7e,https://bscscan.com/tx/0x4971a2b318dfd7be722d40cb405d646ebef2e28be4c6a72291cd00269b3cc2cd
2023-03-19 16:47:23,False,1.838e-07,5.414e-10,30090708.0,0.1629,0x0e...18de,https://bscscan.com/tx/0x2f9b10a7a9241833c630fa0a889c93bbbca33942509ec74977577cfca1fa7a57
2023-03-19 16:47:02,False,1.838e-07,5.414e-10,21784445.0,0.1179,0xf9...b82a,https://bscscan.com/tx/0xf1acc9d6f19d194482c8a237af0613fd7950a0300d52c8b9ccc9962f6d9dee6a
2023-03-19 16:45:56,True,1.835e-07,5.437e-10,651057757.0,3.54,0xec...0165,https://bscscan.com/tx/0x7361812d9072c465a0dbc711c87423b4ae3566f01d85ff66ea592927869e82be
2023-03-19 16:45:47,True,1.842e-07,5.43e-10,346200846.0,1.88,0x2a...576a,https://bscscan.com/tx/0xf3987a0260cb2c8153d4b9d75355370782bb4a0b861871cc6063163c9dbfb0ee
2023-03-19 16:42:45,False,1.829e-07,5.407e-10,997823314.0,5.39599,0xec...0165,https://bscscan.com/tx/0x64b83f3f939bf375673e93674428aa09c1446c249fb0f1c2b97a7934e5eb592b
2023-03-19 16:41:28,True,1.84e-07,5.439e-10,307003563.0,1.67,0x08...af7e,https://bscscan.com/tx/0x17bd458d3498d5c5aa0c387fcb05822d58222435137f757a87b57e565d44e6fd
2023-03-19 16:39:53,False,1.839e-07,5.41e-10,6473370.0,0.035,0x73...aad9,https://bscscan.com/tx/0x54b799fe266bccdab74eee87ca1c863d2fa7ce4a45866c788d8b414ee9d69793
2023-03-19 16:39:04,True,1.839e-07,5.437e-10,44141420.0,0.24,0xc0...38c0,https://bscscan.com/tx/0xdeba6ae9037fdd9088a732e4c999a4a1d0970f0a28135c9d44bd054a1ae6eee5
2023-03-19 16:38:27,True,1.847e-07,5.433e-10,496912082.0,2.7,0x08...af7e,https://bscscan.com/tx/0x7e9d3289b2cd91ea0a5edc828e84b94ed24e4f1a1de7a0ef67e278335fbdd1a2
2023-03-19 16:36:28,True,1.844e-07,5.423e-10,975415027.0,5.29,0xec...0165,https://bscscan.com/tx/0x61c286192dd1ffb75704524ae0e38c238e12148dde2d790700e8fb587346abd8
2023-03-19 16:36:16,False,1.834e-07,5.394e-10,788284418.0,4.25276,0x2a...576a,https://bscscan.com/tx/0x0f554bc40313c471f08e58e2455cd32e0a2032e068bb0fd70fc517945fd32d83
2023-03-19 16:34:37,False,1.837e-07,5.404e-10,568387337.0,3.07174,0xde...fa58,https://bscscan.com/tx/0x9fb5db3439809d6d1fd30fbc196525721afadbe539e146234247a3fd7e1bee33
2023-03-19 16:34:13,True,1.847e-07,5.432e-10,357085361.0,1.94,0x1b...7f6d,https://bscscan.com/tx/0xf25961156b703267154cad1532c548a3cd0e9694fe1b8efa637135832def4331
2023-03-19 16:33:19,False,1.829e-07,5.407e-10,544126171.0,2.94211,0xec...0165,https://bscscan.com/tx/0x2471bdc46f5779e89510dba9bfb59b12c738f18139b8ed3d77221792612dd149
2023-03-19 16:32:10,False,1.84e-07,5.413e-10,461727208.0,2.49978,0x08...af7e,https://bscscan.com/tx/0xca5c977ddadf1a2539b1502048cdc1a6894de4e6ac16ced00e567317398a51ab
2023-03-19 16:30:10,True,1.84e-07,5.442e-10,334434140.0,1.82,0xec...0165,https://bscscan.com/tx/0x21b64ad7da1e3ebf7e39cfe51c9fa07d27182d656b9f60e97c47d63835be85f0
2023-03-19 16:29:55,True,1.839e-07,5.437e-10,343920448.0,1.87,0x2a...576a,https://bscscan.com/tx/0xe057905dd3236a475940a33328073bb558f8d6bba067be8a29bb72f68cbc8086
2023-03-19 16:25:31,False,1.831e-07,5.411e-10,539554109.0,2.9198,0xde...fa58,https://bscscan.com/tx/0x047a56c09024e6d234cb910e359f60137af15e04e044f1b57408933286a4ec14
2023-03-19 16:25:04,False,1.833e-07,5.417e-10,347939580.0,1.88501,0x1b...7f6d,https://bscscan.com/tx/0x08ba18a0d6f2da127a79feeb9ba3054ba8f5767276e6c1a90064c168e5f4fe1a
2023-03-19 16:23:55,False,1.848e-07,5.424e-10,570011833.0,3.09175,0xec...0165,https://bscscan.com/tx/0x1b297967b9eb84b64f79b8b6329bcc236a5cbed25272e00a81511a8fe81d7b3a
2023-03-19 16:22:55,False,1.852e-07,5.43e-10,435541487.0,2.36542,0x08...af7e,https://bscscan.com/tx/0x576c7d5e8608906c586cc81c7ec9165630d2bf3017e410ddf67f90c11e2c6588
2023-03-19 16:20:46,False,1.854e-07,5.438e-10,667563092.0,3.63065,0xec...0165,https://bscscan.com/tx/0xa3c60742ed2182e5d366634cdeaa1457c6736ef7479b1ce23cb219a65b3306e9
2023-03-19 16:19:49,True,1.864e-07,5.468e-10,338317275.0,1.85,0x08...af7e,https://bscscan.com/tx/0x612a49816d16bc49e28951473cf9a55622cb6a4b50fda61bea054ffad84511e3
2023-03-19 16:18:58,True,1.862e-07,5.461e-10,606047791.0,3.31,0x1b...7f6d,https://bscscan.com/tx/0x3c87764dc1474980cd22eed555320840084aac1728c4145397698bb46c44fe94
2023-03-19 16:17:37,True,1.859e-07,5.454e-10,355644502.0,1.94,0xec...0165,https://bscscan.com/tx/0xfe5531ca5d8e5d06ee3161467772c270455c51590b68e253e98c187d430e2971
2023-03-19 16:17:13,False,1.85e-07,5.427e-10,326475950.0,1.77193,0x2a...576a,https://bscscan.com/tx/0xec42cfd334a6e321693e8b5cd86c1f277dc6ed6b2e70b901b282acdae891d3b6
2023-03-19 16:16:43,True,1.859e-07,5.452e-10,575837721.0,3.14,0x08...af7e,https://bscscan.com/tx/0x07fe32d4205308cf7db0cca1bf2b3dd86e630b5c876971402820f85766fed6cd
2023-03-19 16:15:55,False,1.84e-07,5.425e-10,589145648.0,3.19658,0x1b...7f6d,https://bscscan.com/tx/0xfd2b8b730710bc3d92ec96a35e802feee881bf81f16b235902e69b170ed2e9c9
2023-03-19 16:15:01,False,1.85e-07,5.43e-10,46622889.0,0.2531,0xe4...b84e,https://bscscan.com/tx/0x68e769d90361e54482acbf9df6754ffeabf4149fe4663c36e4febdd29b1dbffb
2023-03-19 16:14:04,True,1.86e-07,5.455e-10,359286493.0,1.96,0x2a...576a,https://bscscan.com/tx/0x568c4dae28b6999ae1cc67da70308b69fa65c57a44ec0b90153df1f05b03d425
2023-03-19 16:13:40,False,1.852e-07,5.428e-10,400432784.0,2.17367,0x08...af7e,https://bscscan.com/tx/0x18112af2c5c8677869f02ec3683fda145a3520cfcd7734be641e478976665a60
2023-03-19 16:11:19,True,1.861e-07,5.451e-10,915272589.0,4.99,0xec...0165,https://bscscan.com/tx/0x296d0f87d0a512160ba50a9f6b97a9db4ff3f6b15b20805b34d29771fde5237e
2023-03-19 16:10:55,False,1.852e-07,5.425e-10,972346365.0,5.27508,0x2a...576a,https://bscscan.com/tx/0x09382cf6bf41e1a1b4cff20c3e2113ea071ee20bf01aaa0aa8d11ed1fe08c30f
2023-03-19 16:10:19,True,1.862e-07,5.454e-10,606799480.0,3.31,0xde...fa58,https://bscscan.com/tx/0x93550618d2beff5093593b1b67a68b1a5f121df7baaf5823341cd803ad5f54e8
2023-03-19 16:09:52,False,1.843e-07,5.427e-10,574646299.0,3.11883,0x1b...7f6d,https://bscscan.com/tx/0x7a25a4c894e6975704495660501a90994a4ea20df6c99ee34938a6644f6a028d
2023-03-19 16:08:10,False,1.85e-07,5.438e-10,1025579278.0,5.57763,0xec...0165,https://bscscan.com/tx/0x101a952b5a5ce4625b4a9904091e9ae213cc2b681e5505d3c94a3e9973424732
2023-03-19 16:07:40,True,1.86e-07,5.468e-10,641861582.0,3.51,0x2a...576a,https://bscscan.com/tx/0xd6eb786fc71b52d67346bc92752c623085195cb3550375b57ba5088887f8b99c
2023-03-19 16:06:49,True,1.857e-07,5.457e-10,973035611.0,5.31,0x1b...7f6d,https://bscscan.com/tx/0xfd2c8be49e087d554bac7e7db554875ed80f45fffa5151dd940d81247080608c
2023-03-19 16:05:31,False,1.853e-07,5.423e-10,15141889.0,0.0821,0x86...1125,https://bscscan.com/tx/0x7532fa48f9a3c2a3d7893660049a8e022b58eb57bbb019c891d9ab2eb6cd3d6f
2023-03-19 16:04:31,False,1.851e-07,5.428e-10,746957385.0,4.05488,0x2a...576a,https://bscscan.com/tx/0xbc3ed7b7586850832c91a56c6867300713dd53656a06538074b94d4649da8b5d
2023-03-19 16:04:22,False,1.854e-07,5.436e-10,368897771.0,2.00543,0x08...af7e,https://bscscan.com/tx/0xba70aa12ef40917086508c00892049dbd2ed8c168e9eb181ae35e39b851b2ec2
2023-03-19 16:04:13,False,1.847e-07,5.442e-10,572312915.0,3.11501,0xde...fa58,https://bscscan.com/tx/0x61b0dec7818caaceee80c929635115ab88bd1f5f1b48d62e1bf8a3ba531ed175
2023-03-19 16:01:55,True,1.854e-07,5.466e-10,1040819111.0,5.69,0xec...0165,https://bscscan.com/tx/0xf2e8fa518c018a167cbf4ede03cc80d4fa319eac34c6fba7e42d3e21054b0ed9
2023-03-19 16:01:10,True,1.849e-07,5.454e-10,735185002.0,4.01,0xde...fa58,https://bscscan.com/tx/0xdb03425535492a5dbbbabf1e9881ecf321c588c9b5bd8b01c09d3b8e5d6234f1
2023-03-19 16:00:43,False,1.839e-07,5.425e-10,554559241.0,3.00899,0x1b...7f6d,https://bscscan.com/tx/0xfe644a06e0d5f6d090a215908358bf41792d33e57eb841b2aae11fea118651fd
2023-03-19 15:59:55,True,1.848e-07,5.457e-10,830305.0,0.0045,0x66...90c8,https://bscscan.com/tx/0x5bfbb0a9580fb2e0690d15676ea738082431bae79fc9287288b3bd711946f0ae
2023-03-19 15:58:46,False,1.849e-07,5.434e-10,724572826.0,3.9379,0xec...0165,https://bscscan.com/tx/0x9c572b4721e510ead25e911abe05465cc79e01a41de1243232e43e6bdf43c07b
2023-03-19 15:58:31,False,1.852e-07,5.439e-10,13113153.0,0.0713,0x56...93f5,https://bscscan.com/tx/0x95f99a4ab904ae3b7aa70df24466e1d8a5525a8bccd9a239001d42c22ed11882
2023-03-19 15:58:16,True,1.852e-07,5.467e-10,3000000.0,0.0164,0x5f...76b3,https://bscscan.com/tx/0x8d449ad43910a1be814dffe17afb9b81deec4fda3763b8c20fda345c00f7bfb2
2023-03-19 15:58:13,True,1.85e-07,5.461e-10,768967042.0,4.2,0x08...af7e,https://bscscan.com/tx/0x9cdaf0e53624112d55f2d2b4d92a55dc48545516dd556fffb9ccbf470047b712
2023-03-19 15:58:07,False,1.84e-07,5.432e-10,518264875.0,2.81566,0xde...fa58,https://bscscan.com/tx/0x3decbca670db9329119bcee10bd61eacf15540f7b5f7193ff039b719447d823a
2023-03-19 15:57:40,True,1.849e-07,5.459e-10,646614880.0,3.53,0x1b...7f6d,https://bscscan.com/tx/0x6eb6d482a8a486bc7706b08024c43a94fcde70f1eeb28d79113bb1880435b08c
2023-03-19 15:55:37,False,1.839e-07,5.429e-10,246722083.0,1.33949,0xec...0165,https://bscscan.com/tx/0x545bbaf90fb33f5c8f781459f42dd98034a036550269512d3a9e183814dce78d
2023-03-19 15:55:04,False,1.85e-07,5.436e-10,857424496.0,4.66168,0x08...af7e,https://bscscan.com/tx/0x6ac6ad171649377b7e0758fe88e29d6c3f7f4e25c3b33b2692c4f6d686616246
2023-03-19 15:55:01,True,1.859e-07,5.464e-10,752081413.0,4.11,0x2a...576a,https://bscscan.com/tx/0x2ec206bed3d75cbd2a7212b4d1fac0128ba572221a6ddd7a6c956c65ffe161ef
2023-03-19 15:54:37,False,1.85e-07,5.437e-10,729558495.0,3.96689,0x1b...7f6d,https://bscscan.com/tx/0x9a7a047d7d3244fe95ff967021d0cfddf769bec70ed516582d8c0f9bbcd431b1
2023-03-19 15:51:49,False,1.852e-07,5.445e-10,377502781.0,2.05554,0x2a...576a,https://bscscan.com/tx/0x6e578e5a2b799009c0f5cc4ae4a8e6a250d8a9e558e8fabc19bd8fed0c3b06eb
2023-03-19 15:48:58,True,1.851e-07,5.469e-10,857555139.0,4.69,0xde...fa58,https://bscscan.com/tx/0x7c65bcdaa1bccd8f9931ef161fe26ba475ddb62a3f57b2a71618a72120bd927c
2023-03-19 15:48:31,True,1.858e-07,5.46e-10,401083270.0,2.19,0x1b...7f6d,https://bscscan.com/tx/0xb658361ce276ace55d150e8904102f83757139be4ff7cd8d59b6399e6bcda88d
2023-03-19 15:45:31,False,1.839e-07,5.432e-10,269159144.0,1.46208,0x1b...7f6d,https://bscscan.com/tx/0x22b01e77534de3971dfea15860fa825d1b6fff123c1160d37cf94a3e147fe35c
2023-03-19 15:43:58,True,1.849e-07,5.461e-10,3326255.0,0.0181,0x9f...e48a,https://bscscan.com/tx/0x55d1b9e5337ee001fe1ac71f96809353dc6fc6acc48f3480ced3d786f6db7762
2023-03-19 15:43:04,True,1.846e-07,5.456e-10,652427058.0,3.56,0xec...0165,https://bscscan.com/tx/0x93b1e97f79642298d354b31af8d060328daf83886859914806c0613ca5ce7a7a
2023-03-19 15:42:55,False,1.838e-07,5.431e-10,1015028306.0,5.51345,0xde...fa58,https://bscscan.com/tx/0x416c62f598351d06c79e7ad939c7c104c342da6ecbd27cd942a992e4a86ce893
2023-03-19 15:39:55,False,1.853e-07,5.444e-10,792292835.0,4.31356,0xec...0165,https://bscscan.com/tx/0x074c9c1c036c63a323228eb9ee859e2ff11874d5ed1cf3ed7c0340615638aec2
2023-03-19 15:36:46,True,1.864e-07,5.472e-10,657817259.0,3.6,0xec...0165,https://bscscan.com/tx/0x31e20b1e77f9e4d14a9a152de2af3635f169616a9709301d9d708309e071e99a
2023-03-19 15:36:34,True,1.852e-07,5.466e-10,283569245.0,1.55,0x08...af7e,https://bscscan.com/tx/0xc1607dd777a24299a5b25bde510b799fa616f4b0ba85864967d4e6840f32ccf1
2023-03-19 15:36:22,True,1.86e-07,5.462e-10,278281361.0,1.52,0x1b...7f6d,https://bscscan.com/tx/0x1cac0cb42a0238e584b81a207c9bd830e27dc7fda87676346a5257772a42c226
2023-03-19 15:33:19,False,1.852e-07,5.438e-10,806632824.0,4.38688,0x1b...7f6d,https://bscscan.com/tx/0x83fc2dcb57b9e1f3d4c4589809b3598ddc85a757e088236dfed745ff09cf957d
2023-03-19 15:30:43,True,1.852e-07,5.467e-10,599939076.0,3.28,0xde...fa58,https://bscscan.com/tx/0x36113c41c3df45bde3b9ee7d4e65544cceba6486c0b6ca246620cbbfcb3dd54b
2023-03-19 15:30:28,True,1.849e-07,5.461e-10,283829374.0,1.55,0xec...0165,https://bscscan.com/tx/0x735bb457cffeee8d71b933c139c58e50ac06e2c0c7c5b436f253c1c5f79ae28a
2023-03-19 15:30:22,True,1.846e-07,5.453e-10,801330538.0,4.37,0x08...af7e,https://bscscan.com/tx/0xef91be4caef8519412c5147b65460103709ab331b94cdf309852b2b44cd033c8
2023-03-19 15:29:40,True,1.842e-07,5.445e-10,374640456.0,2.04,0x2a...576a,https://bscscan.com/tx/0x1a7d8063a3df5829e62f936072f6b10e8fe32bf467cb2edb5608c0aa7c83af4e
2023-03-19 15:27:40,False,1.843e-07,5.419e-10,576017724.0,3.12169,0xde...fa58,https://bscscan.com/tx/0x0c108da64e415d860b92a0dd39b88fceb277230517143a982536c6848e95921a
2023-03-19 15:27:19,False,1.845e-07,5.426e-10,397095819.0,2.15471,0xec...0165,https://bscscan.com/tx/0xefa5f863e1c91bbb7efbe0d29155153cc61a07a162f251b393638cbb4992894b
2023-03-19 15:27:16,True,1.854e-07,5.453e-10,337379069.0,1.84,0x1b...7f6d,https://bscscan.com/tx/0xc9a6bac18332939b615fe5df0313af54774688aea71b13837067f0f768fb1557
2023-03-19 15:24:18,False,1.836e-07,5.426e-10,355629838.0,1.9299,0x1b...7f6d,https://bscscan.com/tx/0x803027e475264971fe7ca6273813a6fc74b408a8607d79724b286d0e8ecb1170
2023-03-19 15:24:15,True,1.845e-07,5.453e-10,388727672.0,2.12,0xec...0165,https://bscscan.com/tx/0x25e327d693087839e03e5c284177cad8c598ac68ba35448a0e02326dd4d53df5
2023-03-19 15:23:18,False,1.844e-07,5.426e-10,388696786.0,2.10925,0x2a...576a,https://bscscan.com/tx/0x7c483d3531843bcaabdb1e8359f80caa4cd22c70bc08119ade841b2989ab67b7
2023-03-19 15:21:36,True,1.852e-07,5.45e-10,878859182.0,4.79,0xde...fa58,https://bscscan.com/tx/0x9bd4e4a0d41e6550bc1f1708cd033f7c5dc5074064e0751c1e89d13d5689d953
2023-03-19 15:21:09,True,1.839e-07,5.44e-10,485228627.0,2.64,0x1b...7f6d,https://bscscan.com/tx/0xb54712c65ca6ad3ef4243ab2d690c6855462b22760cbc7392f25d624f168688a
2023-03-19 15:21:03,False,1.839e-07,5.412e-10,375711717.0,2.03365,0xec...0165,https://bscscan.com/tx/0xa67dd5a127339fdd1de999fc4107958a3ec8472082675e3ec3965b741b80d5b6
2023-03-19 15:20:09,False,1.841e-07,5.417e-10,249731314.0,1.35283,0x2a...576a,https://bscscan.com/tx/0x81a7125940253e8dae5e038dbaa89251d5860e85b364540f97a6bd6ebff1c13b
2023-03-19 15:18:06,True,1.849e-07,5.443e-10,338005778.0,1.84,0x1b...7f6d,https://bscscan.com/tx/0x79ea15a087880ae73ca5ab2a8f36225588bbfe1db6d32d46ade28a19783a158d
2023-03-19 15:17:54,True,1.846e-07,5.437e-10,590374672.0,3.21,0xec...0165,https://bscscan.com/tx/0x63d0c52bfc161eefeac29ac37c02eeaf651f5299a016c5c87ad72f8464bb81a4
2023-03-19 15:16:24,True,1.836e-07,5.432e-10,43114860.0,0.2342,0x99...3f47,https://bscscan.com/tx/0x18959f162b2f429d3d46b9d33e4cee5eabb430dcf8c89bb75e39d01e416c4b22
2023-03-19 15:15:30,False,1.838e-07,5.411e-10,866864328.0,4.69094,0xde...fa58,https://bscscan.com/tx/0xdf01c27f6cc14a727b215712a0dd600d43db6421bf0ba35bd4dbd69be4eaf105
2023-03-19 15:14:39,True,1.84e-07,5.444e-10,789779.0,0.0043,0xdf...b026,https://bscscan.com/tx/0x82aac0620cd84de895901b22fa4f53a06994c45769e65bad29b86790e2d12012
2023-03-19 15:13:48,True,1.837e-07,5.436e-10,1092527286.0,5.94,0x2a...576a,https://bscscan.com/tx/0xb217d859f4cdd3e9d69443da92075e8a16d3f78557c3846dbb3d0b90251720b1
2023-03-19 15:12:27,True,1.844e-07,5.426e-10,359324513.0,1.95,0xde...fa58,https://bscscan.com/tx/0x032dac354a5f439f937c978a6d18ba1a8560590d6a7a4afcab2d00957fc4efc0
2023-03-19 15:12:03,True,1.843e-07,5.421e-10,378107739.0,2.05,0x1b...7f6d,https://bscscan.com/tx/0x63053dcb6bb21390ef89afa8c2a9229c5fcb9f0379b5be1cbda3c1ed01939980
2023-03-19 15:10:54,True,1.833e-07,5.418e-10,103229162.0,0.5593,0xba...d78b,https://bscscan.com/tx/0x04d549bb3ee1b1a26828eb731fb1ffaff020b7bc75259ffa33926d0d9054abbe
2023-03-19 15:10:36,False,1.835e-07,5.397e-10,968847892.0,5.22917,0x2a...576a,https://bscscan.com/tx/0x18e85616711a7681d5aa34ac508479170e269c3ec6e8bdbf77a58db29aa2e655
2023-03-19 15:09:00,False,1.838e-07,5.409e-10,848723276.0,4.59146,0x1b...7f6d,https://bscscan.com/tx/0xea348c5e4eef0dfe282f202272c1493fa372c5ec1f65892d568905bd5d150202
2023-03-19 15:08:30,False,1.832e-07,5.418e-10,449598966.0,2.43629,0xec...0165,https://bscscan.com/tx/0x4b21c8b173be12b0f675f16aef2f0c7606d6f3c18599a352016accf656486120
2023-03-19 15:07:27,True,1.85e-07,5.445e-10,569313123.0,3.1,0x2a...576a,https://bscscan.com/tx/0xee6f612bb28032efb27cb8660a9d21129328657a9ee8df6fc90c59c003e8bd53
2023-03-19 15:06:24,False,1.832e-07,5.417e-10,535446668.0,2.90091,0xde...fa58,https://bscscan.com/tx/0x8b816d6a8b7e8e773139497a0aa833ecdef889eebf5ffb0ccbb0a00f982a32b4
2023-03-19 15:05:57,True,1.851e-07,5.445e-10,418677513.0,2.28,0x1b...7f6d,https://bscscan.com/tx/0x837480e1642debd59e3df1677d1029ad5451b7205c2bc0074ebb5c348bbdc370
2023-03-19 15:03:21,True,1.849e-07,5.439e-10,514780452.0,2.8,0xde...fa58,https://bscscan.com/tx/0xd416ad33354a7e43b54ecc3a4e4444d1f9611af51aa56a706944cad5a6f42dc5
2023-03-19 15:02:12,False,1.84e-07,5.41e-10,358880919.0,1.94189,0xec...0165,https://bscscan.com/tx/0xf4df980b82cbdf9df47e9d99078ea3c7bf69e8502353e984d3a64366875ef03d
2023-03-19 14:59:06,True,1.847e-07,5.436e-10,607020871.0,3.3,0xec...0165,https://bscscan.com/tx/0xb51107e887062bb94daf9445a3768ba2a44843013404738c2e5859428452568c
2023-03-19 14:57:57,True,1.845e-07,5.43e-10,303864285.0,1.65,0x2a...576a,https://bscscan.com/tx/0x7ef31288685626fbde10182e99df9ba4ae752a9ad0b855b19ec07edb7cedd057
2023-03-19 14:56:21,False,1.826e-07,5.403e-10,345215277.0,1.86528,0x08...af7e,https://bscscan.com/tx/0x64c622abac7baf0402699965090395cd818b41b6172301e2eaf69fc241323545
2023-03-19 14:53:48,False,1.837e-07,5.407e-10,292307746.0,1.58069,0x1b...7f6d,https://bscscan.com/tx/0x4af7c3d1d14b427d18e39c6229517a1a9e939afc0eb8182e50241b6aab5b6809
2023-03-19 14:53:15,False,1.83e-07,5.414e-10,655096852.0,3.54681,0x08...af7e,https://bscscan.com/tx/0x0ecfdcf39edebb4d14dd8e0588e167cf30f7b6003d2cc79defa1ddb29bdfac2b
2023-03-19 14:51:09,False,1.842e-07,5.422e-10,532526889.0,2.88757,0xde...fa58,https://bscscan.com/tx/0xece0328c4952e80f4df77357578363e57788e5c3700712a836cde655b9dfcd8a
2023-03-19 14:50:15,False,1.843e-07,5.426e-10,26106176.0,0.1416,0xfe...7042,https://bscscan.com/tx/0x5a2b650ebb07025b0a807f45becfe27ad629662e5bd9146dd1cf92a5648414f6
2023-03-19 14:48:09,True,1.854e-07,5.451e-10,280645666.0,1.53,0xde...fa58,https://bscscan.com/tx/0xb15602bcdeeef7dc85be9e078db07be14acd0788a91b8535eac269f91cbaeb35
2023-03-19 14:45:15,False,1.835e-07,5.425e-10,358367215.0,1.94415,0x2a...576a,https://bscscan.com/tx/0x531ce03668b873f292f41234a920bbe5518f4801bbf05e4fc42cbb04ee6c7771
2023-03-19 14:45:06,False,1.837e-07,5.429e-10,355144499.0,1.92843,0xde...fa58,https://bscscan.com/tx/0xe2abb52c33511b24cbf6a05320daf532e934dec87e37926e2e955078b4c247f1
2023-03-19 14:43:21,True,1.855e-07,5.457e-10,289500198.0,1.58,0xec...0165,https://bscscan.com/tx/0xe39a70ac1c6db3a88fbd8b1dc2afc2ad7ac436ca89c1a3d4f1766ee7b24f8585
2023-03-19 14:42:06,True,1.853e-07,5.451e-10,610854119.0,3.33,0x2a...576a,https://bscscan.com/tx/0x0b4aeebf2f50b6811ece41bbdda7532403323c9f89428ddb26af714546c2af3c
2023-03-19 14:41:36,True,1.839e-07,5.441e-10,815962505.0,4.44,0x1b...7f6d,https://bscscan.com/tx/0x86dc85e7f0320b36c75dbbd1e802f8fcdee67937ddc4eb0d7cedca63619fa44f
2023-03-19 14:40:12,False,1.84e-07,5.417e-10,1220188446.0,6.60983,0xec...0165,https://bscscan.com/tx/0x9608fdd6180c90752483d0eb23a3503b1e20ef3d65ffbb5abe3abe256b2aaefe
2023-03-19 14:39:00,True,1.849e-07,5.445e-10,1066981236.0,5.81,0xde...fa58,https://bscscan.com/tx/0x5c8b9acf5b7ae48698ce4196142870bb2da732a0f7cd424531ca72d4ff1e1350
2023-03-19 14:38:54,False,1.839e-07,5.414e-10,611049105.0,3.30878,0x2a...576a,https://bscscan.com/tx/0x3004f790fb43f7ca732ac2fa839b804da8bfd036af5ab01f5231fec1d8e10acf
2023-03-19 14:38:35,False,1.842e-07,5.422e-10,432638968.0,2.34583,0x1b...7f6d,https://bscscan.com/tx/0x3ccf7844387c749155521a2ec834dfbe935c5942328b4167f5558a24f9118f8b
2023-03-19 14:38:23,False,1.843e-07,5.425e-10,11948624.0,0.0648,0xbf...94ee,https://bscscan.com/tx/0x2376f9947e9e066502d72b04eae99883074cc2f0c458fe7dbc5acb39ff239922
2023-03-19 14:37:03,True,1.85e-07,5.447e-10,684687163.0,3.73,0xec...0165,https://bscscan.com/tx/0xe2a1eae127442830911bf1fcc01238665ae9ca82f5353d3fc5497df1865cd99d
2023-03-19 14:35:57,False,1.84e-07,5.418e-10,321826304.0,1.74366,0xde...fa58,https://bscscan.com/tx/0xe6bf8cc719c3b21b520a2bab0cb6275d2960807380a89814decaadfb6a3d67f6
2023-03-19 14:34:45,True,1.848e-07,5.443e-10,624645313.0,3.4,0x08...af7e,https://bscscan.com/tx/0xe99a656f320e2e9c13b1d8cdf01933b0028758266b75c4214efceff84d8ca83c
2023-03-19 14:33:57,False,1.839e-07,5.414e-10,376085652.0,2.0362,0xec...0165,https://bscscan.com/tx/0xe8809065f159285244e07a6aa9d61ee48fc5cb695aa5881ab264a235f295a0c1
2023-03-19 14:32:30,False,1.843e-07,5.423e-10,906516484.0,4.9161,0x1b...7f6d,https://bscscan.com/tx/0x96dea2fbd35a11c032c08a092fab09a67ff670c195cf191a17538fe075d6fd73
2023-03-19 14:31:39,True,1.854e-07,5.454e-10,309839762.0,1.69,0x08...af7e,https://bscscan.com/tx/0x193bff342bc2e98ad66a432121a8d2ec5de3f429c5c2fec9918a1b2e0f44114f
2023-03-19 14:29:27,True,1.842e-07,5.448e-10,596538520.0,3.25,0x1b...7f6d,https://bscscan.com/tx/0x119dd5cac9ee0732fffd326f67cddfd519d21a8a716092897c51419b6d3bad06
2023-03-19 14:29:21,False,1.841e-07,5.416e-10,8925028.0,0.0483,0x80...84e3,https://bscscan.com/tx/0x9d5c5f2d63fc75f41258a1c808eaa8d2bcf3fc78d121943a95a8fc432f5d4dbb
2023-03-19 14:28:33,False,1.843e-07,5.424e-10,1036220555.0,5.62052,0x08...af7e,https://bscscan.com/tx/0x7b485666d81b8814e7a1e5e7655ff753e74cc3e6ce0fb28ff0a0f6d731d61375
2023-03-19 14:26:24,False,1.839e-07,5.434e-10,473713850.0,2.57442,0x1b...7f6d,https://bscscan.com/tx/0xc0ed29fccd1e454ed0f70458dcb0e2d8b0ad36a4fee9364555661919126b2585
2023-03-19 14:25:12,False,1.84e-07,5.438e-10,60910812.0,0.3312,0x6b...f437,https://bscscan.com/tx/0x0a0838ec1f7cf72d2705955aae4e2db85cb6dee7beec5cc12b8900a2e05fdac4
2023-03-19 14:23:48,False,1.851e-07,5.443e-10,754360188.0,4.1067,0xde...fa58,https://bscscan.com/tx/0x9570515f977315609dcf06a55421f7949eb65e2f492bc15f8f0504572ed260d2
2023-03-19 14:22:24,True,1.861e-07,5.474e-10,358053990.0,1.96,0x08...af7e,https://bscscan.com/tx/0xf5bde7499c36d95efdd8f8bd07e3ae2c5bd6616ca4d04228a51caed8abee8a50
2023-03-19 14:21:24,False,1.843e-07,5.447e-10,472608145.0,2.57453,0xec...0165,https://bscscan.com/tx/0xa2e00841012aa4fb11dccf85cb7b857589b537670fb46968474b7dff26878109
2023-03-19 14:20:45,True,1.86e-07,5.471e-10,888174247.0,4.86,0xde...fa58,https://bscscan.com/tx/0x9da973302b45282825dfd04a9c1b5c0a5c47dfb786e353800c959a7ddcbc100a
2023-03-19 14:19:51,True,1.848e-07,5.463e-10,291015506.0,1.59,0x2a...576a,https://bscscan.com/tx/0xc0bd0702207719dd328cabc7f9b43b362f77147aa6d5800aad87069477d5ef43
2023-03-19 14:19:18,True,1.847e-07,5.459e-10,283903686.0,1.55,0x08...af7e,https://bscscan.com/tx/0x9506a3de14f61d9c4a9fdfeb1e3e045aa8da021c046da67801dd2b29cba919ca
2023-03-19 14:18:12,True,1.853e-07,5.451e-10,891518689.0,4.86,0xec...0165,https://bscscan.com/tx/0x8ae675a14ea989e495899e3473f8c50df329469efb213c16147e62103238a02f
2023-03-19 14:17:54,True,1.841e-07,5.443e-10,269698674.0,1.46804,0x4f...235a,https://bscscan.com/tx/0xf493a10dc3acbc0bf361e5de3db3cd32aa633812183749ff93d86460c1dd11fd
2023-03-19 14:17:42,False,1.843e-07,5.42e-10,952978863.0,5.16593,0xde...fa58,https://bscscan.com/tx/0xcb215f8290a73686345ef7089feb6a0a3aa68d706c7f4dd410bb664f0bebdb6c
2023-03-19 14:17:15,True,1.843e-07,5.449e-10,770744867.0,4.2,0x1b...7f6d,https://bscscan.com/tx/0x5ab507afa74bcc151106323d5f664a2d9dca32401e12c3b18a91885d93100356
2023-03-19 14:16:42,False,1.834e-07,5.42e-10,548737325.0,2.97444,0x2a...576a,https://bscscan.com/tx/0x31d7a2c9c983bb7bf8a1e9aded7e4250586e480853983fa33a4c3532c306c4ae
2023-03-19 14:16:12,True,1.842e-07,5.447e-10,548854941.0,2.99,0x08...af7e,https://bscscan.com/tx/0x13a784e7f44b49e8e332bf6138bbe84aca020defc5bed53674362f22611c46ba
2023-03-19 14:14:12,False,1.834e-07,5.422e-10,851128216.0,4.61533,0x1b...7f6d,https://bscscan.com/tx/0x09c4bed6b4ad3d906cd6d39713d88b04872ed942d8dd6f2e9c6d6aecf1bb221e
2023-03-19 14:13:33,True,1.853e-07,5.451e-10,597994594.0,3.26,0x2a...576a,https://bscscan.com/tx/0xf5f00785daf1dff3a5d92379cb075135950e64cd2138c0186262b26cd69484b1
2023-03-19 14:13:09,False,1.835e-07,5.427e-10,1024512441.0,5.56033,0x08...af7e,https://bscscan.com/tx/0x737a20d1d3dfa8559a64bf3e7e9b88ffa2cd4fa0422ef916edd737df2990c120
2023-03-19 14:11:57,True,1.845e-07,5.457e-10,542335711.0,2.96,0xec...0165,https://bscscan.com/tx/0x4c2d7b2dc940d1b0bf53c531eb4841150de71db3da29314bceb6b444786fda64
2023-03-19 14:10:00,True,1.852e-07,5.448e-10,732249566.0,3.99,0x08...af7e,https://bscscan.com/tx/0x7c9d975d978f92fed883595218dcb281180d16edb91b06820abfee5a623e5644
2023-03-19 14:08:36,True,1.848e-07,5.435e-10,1142406515.0,6.21,0xde...fa58,https://bscscan.com/tx/0xe483683e2422037168f163d773c673091aebb19f6fe5a0d1957b6f20fc236f40
2023-03-19 14:08:09,True,1.842e-07,5.42e-10,1145754757.0,6.21,0x1b...7f6d,https://bscscan.com/tx/0x64fc5acbc0c367d636a23414c96e9cf087dac34692da9bdee51f4c9be38604db
2023-03-19 14:06:55,False,1.823e-07,5.391e-10,869230903.0,4.68606,0x08...af7e,https://bscscan.com/tx/0xeb8329761d67271afdccaefec42743ea26dd040e519f6c966705633f6b452fc3
2023-03-19 14:05:06,False,1.828e-07,5.405e-10,1174216053.0,6.34677,0x1b...7f6d,https://bscscan.com/tx/0xd3abcfbcc9734c7ace67bec7d2bc8fa6611bef8828ab7cabb72b145f1ce64208
2023-03-19 14:02:30,False,1.833e-07,5.419e-10,846458765.0,4.58702,0xec...0165,https://bscscan.com/tx/0x84a58f357c9a0152631f908fa6461a02384d5ac595d7b785ccb848f5b84552be
2023-03-19 14:02:03,True,1.852e-07,5.446e-10,817046421.0,4.45,0x1b...7f6d,https://bscscan.com/tx/0x8ec3ce272011b4c6970199508c214293d8992d3284c8e908b5056390a8da4001
2023-03-19 13:59:24,True,1.848e-07,5.437e-10,500251197.0,2.72,0xec...0165,https://bscscan.com/tx/0x16c2003f3078162aa25ce736915bffde46602167c991886863c6e9e5f0fb308a
2023-03-19 13:57:40,False,1.84e-07,5.413e-10,972047496.0,5.26206,0x2a...576a,https://bscscan.com/tx/0x21f352321ddc62a529c4d79a904b7715bfe4d5c88c99016692f9f7854729f466
2023-03-19 13:57:15,True,1.842e-07,5.446e-10,54008747.0,0.2941,0xc8...1454,https://bscscan.com/tx/0x74105d5e461eed2ec6681d36b15aaf533339ede0790823dd8974dca07e3df2ee
2023-03-19 13:56:42,True,1.841e-07,5.446e-10,11285198.0,0.0614,0x0a...0d6a,https://bscscan.com/tx/0x7654e5a4a85c21db32794d8bdc28f01d08963a4dde70df38461652b24e280e9e
2023-03-19 13:56:26,False,1.835e-07,5.426e-10,1098574720.0,5.96177,0xde...fa58,https://bscscan.com/tx/0xb907240ed369affc87d27660cc6503c47dde52434bdd80a1456239ab1496c7ff
2023-03-19 13:56:12,False,1.84e-07,5.441e-10,1016989523.0,5.53398,0xec...0165,https://bscscan.com/tx/0x5f16748a8910b2ceb44dc0b6f8bae9ec4b268f38205611d0d1a369ec0ff88b5e
2023-03-19 13:55:57,False,1.845e-07,5.454e-10,878058949.0,4.7896,0x1b...7f6d,https://bscscan.com/tx/0x477ff28a71dbecc8aa46eec241d6e5f628e2b7111d79929916c956d79993d43a
2023-03-19 13:54:33,True,1.864e-07,5.484e-10,537878872.0,2.95,0x08...af7e,https://bscscan.com/tx/0x2f8fb66d74d16085afbb8dc86bc7fd10317aac4bc95f01009fe71ccb7f751772
2023-03-19 13:53:21,True,1.853e-07,5.477e-10,394308816.0,2.16,0xde...fa58,https://bscscan.com/tx/0x58b08be03e41f4fac1c0efafd8ee69c98ae1b7729a8af4eadae573535fb1bcbf
2023-03-19 13:51:30,True,1.86e-07,5.47e-10,656240995.0,3.59,0x08...af7e,https://bscscan.com/tx/0x1a524b47fe28827c5a327804107e96c740a2412455b99c5e68fc4edc14bfe20d
2023-03-19 13:49:53,True,1.848e-07,5.459e-10,959844910.0,5.24,0x1b...7f6d,https://bscscan.com/tx/0xafbf5bb39c6296cffd0e3efbf95debb426777ea77fbd4d2c8e8431c9c63d6a2d
2023-03-19 13:47:16,True,1.84e-07,5.448e-10,565287687.0,3.08,0xde...fa58,https://bscscan.com/tx/0x8edd3ce787a113ac78734ae01f99d84df95920336ac1f88da5aa6c9eb7cf6e34
2023-03-19 13:46:49,True,1.847e-07,5.44e-10,645207463.0,3.51,0xec...0165,https://bscscan.com/tx/0x7a6da1ff67b9a0c4990ff7d4d9c5d2f903a87fad4b49c5b49642a00a636c8e72
2023-03-19 13:44:58,True,1.842e-07,5.43e-10,747640059.0,4.06,0x2a...576a,https://bscscan.com/tx/0x2436ddc0fee57ea54851ca4dbc040b11156209312103a042b421ee7950ba6367
2023-03-19 13:44:13,False,1.824e-07,5.401e-10,505190023.0,2.72885,0xde...fa58,https://bscscan.com/tx/0x3b8fc6126ceeb88b2b638ef0dce91a9c14bbb74a50829cca199daa1f7a468bd9
2023-03-19 13:43:40,False,1.826e-07,5.409e-10,648546572.0,3.50837,0xec...0165,https://bscscan.com/tx/0x2ddb7075fec31566c0a0ff91798aa023812e8a4be8cb5a0d79225a3199834895
2023-03-19 13:41:10,True,1.833e-07,5.436e-10,730296495.0,3.97,0xde...fa58,https://bscscan.com/tx/0xcb74e7af645ef0dac37b24a2ec6b7be862ff7d30f4919e78ad6acdfd774a8274
2023-03-19 13:40:43,False,1.832e-07,5.406e-10,306115658.0,1.65488,0x1b...7f6d,https://bscscan.com/tx/0xdaa5f0f01d4b1031ba5bbdb0ea0c7b56e079dc415a7ee9babb9169d8b14e5d35
2023-03-19 13:40:31,True,1.83e-07,5.428e-10,1003990712.0,5.45,0xec...0165,https://bscscan.com/tx/0x6be1001f9db21929fdf4f62fafae0da2123d7157bdff1c38ff3e6308e37a73ee
2023-03-19 13:39:46,False,1.819e-07,5.395e-10,164980437.0,0.8901,0x7c...078d,https://bscscan.com/tx/0x438c2ab75ead4a7454b9450a076ce7b0ce236a5b64d2e9285ee5e56da2a83c04
2023-03-19 13:38:37,True,1.826e-07,5.42e-10,496290069.0,2.69,0x2a...576a,https://bscscan.com/tx/0x942119f1ae32017b8d39780cc064661704010ce091ae72ebcddcbf55214b7afa
2023-03-19 13:38:07,False,1.815e-07,5.389e-10,20930130.0,0.1128,0x66...2635,https://bscscan.com/tx/0x3b23e59e51fb5834e1fe6b0f3b03d27f6209f7ec40cde14dd0d7847495bfd03a
2023-03-19 13:36:03,False,1.816e-07,5.396e-10,908623963.0,4.90319,0x08...af7e,https://bscscan.com/tx/0x1327228906457174585ec98867c61154ff6ebd4a0d4a0b0abae9d709653456c4
2023-03-19 13:35:27,False,1.821e-07,5.41e-10,1114118620.0,6.02764,0x2a...576a,https://bscscan.com/tx/0xba3287aeb3632cafa6007aa6f70b692d7494e497ad2e448894208dbb47565239
2023-03-19 13:32:57,True,1.837e-07,5.44e-10,599162030.0,3.26,0x08...af7e,https://bscscan.com/tx/0x67abd5899097754c748e56e53db9b77931a12286e9cc103af75dd0f59d3db755
2023-03-19 13:31:36,True,1.831e-07,5.432e-10,585345534.0,3.18,0x1b...7f6d,https://bscscan.com/tx/0xc12dd8570731d1e4a4c50ebe36075f109ece7d92ed79991221256df7b45a9746
2023-03-19 13:31:06,True,1.829e-07,5.426e-10,285627892.0,1.55,0xec...0165,https://bscscan.com/tx/0xd550ab7dbfbb8fcd0b2493323e1202f3eebc7ba6c0a6440123baf82d2f619dc4
2023-03-19 13:29:09,True,1.827e-07,5.421e-10,457439128.0,2.48,0x2a...576a,https://bscscan.com/tx/0x9330b2e03286efbe3942fd7c35e03825d64ec86cb82518aef25e99c77dece639
2023-03-19 13:29:00,False,1.827e-07,5.394e-10,420853324.0,2.27015,0xde...fa58,https://bscscan.com/tx/0x6c15870c248900c7d780e6aea5bb26fb4970dae272addcdd39f73fadcfc9c615
2023-03-19 13:28:36,False,1.831e-07,5.405e-10,1219020696.0,6.58938,0x1b...7f6d,https://bscscan.com/tx/0x68a59dd66ddfa546495b18ec2a5a25d40afe92ac214deb5aadf251742ad93756
2023-03-19 13:27:57,False,1.835e-07,5.417e-10,482978858.0,2.6164,0xec...0165,https://bscscan.com/tx/0xddf655285d121088d8e902e72b1400ef63dd6c63309b9bc51981bc5c95ea6c58
2023-03-19 13:26:45,False,1.827e-07,5.424e-10,573274471.0,3.10975,0x08...af7e,https://bscscan.com/tx/0xe9e3cf74905b4249580f503cf759ac721bdd7f26f867a90d1d5a25a6c44f0128
2023-03-19 13:26:00,False,1.838e-07,5.43e-10,308017165.0,1.67274,0xde...fa58,https://bscscan.com/tx/0x207ea4ddbdffb8c1b463fb188086955b3f41d91735e660e4d296ee09f263ef87
2023-03-19 13:25:33,True,1.846e-07,5.454e-10,817698864.0,4.46,0x1b...7f6d,https://bscscan.com/tx/0x6062d97f484317af8966b88a8ac06224e2893c4ae5782711785e5d866bca95f8
2023-03-19 13:24:51,True,1.834e-07,5.444e-10,552825078.0,3.01,0xec...0165,https://bscscan.com/tx/0x5fca3145ec4c1a1303fa812eb51ad15651670c2106dd13b2f0211ff85d59253d
2023-03-19 13:23:39,False,1.823e-07,5.415e-10,295953037.0,1.60282,0x08...af7e,https://bscscan.com/tx/0x720843781502b859b46fd46a72ef13ba0a760ea2d9fa1fd3b8883168f1f2b8fd
2023-03-19 13:20:36,True,1.832e-07,5.441e-10,536638317.0,2.92,0x08...af7e,https://bscscan.com/tx/0xabef4e9951117e91c829788de9557fc32f360d86116a6cfb617567e0d650f266
2023-03-19 13:19:54,False,1.823e-07,5.413e-10,480123907.0,2.59926,0xde...fa58,https://bscscan.com/tx/0xe78e6320c931f2bcc929ae97d805e0144bd16de460b4799521b7a691e1da2368
2023-03-19 13:19:39,True,1.841e-07,5.441e-10,393275587.0,2.14,0x2a...576a,https://bscscan.com/tx/0xd77d6606c6fd94b4f68bf5825d1e56761528b906c530ce72065b190eba8a6085
2023-03-19 13:17:30,False,1.833e-07,5.415e-10,502846904.0,2.72295,0x08...af7e,https://bscscan.com/tx/0x733a4ecacc83adf8d2c9c8da7c690aa489eac8496ce5a4a8361c21e4647ae2c8
2023-03-19 13:16:24,True,1.842e-07,5.442e-10,505309883.0,2.75,0x1b...7f6d,https://bscscan.com/tx/0x905ce7156d14fbfda57efb686f93993a7e9bfa2bb6e85eb6eba17b0c15a48659
2023-03-19 13:15:24,False,1.822e-07,5.413e-10,279103743.0,1.51092,0xec...0165,https://bscscan.com/tx/0x552908094e78fb08111fd17e3fa37118da5f8036def937352927dc6de49e7a21
2023-03-19 13:13:48,True,1.831e-07,5.439e-10,511123102.0,2.78,0xde...fa58,https://bscscan.com/tx/0x6c54e43b79160def0070284358f9c8943fdac2f2c26ed0521e4e4f4c27a0199f
2023-03-19 13:13:15,False,1.823e-07,5.415e-10,1027415245.0,5.56388,0x2a...576a,https://bscscan.com/tx/0x195a1e51618028abeae54b95765e9177db956c63b569a68e2edd6ffc2e14ba93
2023-03-19 13:11:18,True,1.842e-07,5.442e-10,1102528201.0,6.0,0x08...af7e,https://bscscan.com/tx/0xad68097197a7c626db32f248d90edfa484276853881d30062bf46789759e3488
2023-03-19 13:10:51,True,1.837e-07,5.43e-10,623052288.0,3.38319,0xf5...8cea,https://bscscan.com/tx/0x47509b8bb9de3b23291321b9eb48936bc5ce6023dd33ab6e39cc45418497ad43
2023-03-19 13:09:09,False,1.817e-07,5.4e-10,314153065.0,1.69667,0xec...0165,https://bscscan.com/tx/0x17731a5daff0b1c3184f6e135a60fe4c900c2dfd4da56dea30bba3559669e909
2023-03-19 13:07:15,False,1.828e-07,5.41e-10,1049127891.0,5.67599,0x1b...7f6d,https://bscscan.com/tx/0x19bbd676fb9c2f76a4b20f25117bce4dca0e8dfa450acdef4602284ae2e2f9e5
2023-03-19 13:06:57,True,1.829e-07,5.441e-10,459438430.0,2.5,0x2a...576a,https://bscscan.com/tx/0xee56080098ad457fb2c540aa6d351f7a8caa9792f1077be63504cd9394b0e1a4
2023-03-19 13:05:06,False,1.83e-07,5.417e-10,892152847.0,4.83302,0x08...af7e,https://bscscan.com/tx/0x9ecb2ce8d7f217798a0757849ee291ca8d85f0e588e29578b9238094b28f76c1
2023-03-19 13:04:39,True,1.839e-07,5.445e-10,679410971.0,3.7,0xde...fa58,https://bscscan.com/tx/0x42c3f5301cb95f4a305f7002eb8ae279e90a6fcac9a9793532ed257d12964c37
2023-03-19 13:03:45,False,1.83e-07,5.417e-10,454075200.0,2.45979,0x2a...576a,https://bscscan.com/tx/0xe1cedb398cb5bc6e29b77609897fa9e2cae77fca2656111773549c9ce8d3e5ad
2023-03-19 13:02:48,False,1.823e-07,5.422e-10,378321020.0,2.0516,0xec...0165,https://bscscan.com/tx/0x9990c74bebf234981149c08533029c36529b5a5b46f5caa5965b11c70f156274
2023-03-19 13:02:03,False,1.824e-07,5.428e-10,367505709.0,1.99485,0x08...af7e,https://bscscan.com/tx/0x244fb296c878a9b1268b23df9aa975a601a755b306ee293b1516ae35cc0e2d2b
2023-03-19 13:01:12,True,1.832e-07,5.453e-10,647308894.0,3.53,0x1b...7f6d,https://bscscan.com/tx/0x019a2ddaa79bf7ac28824cfa7fd2054819e2eda2478288c4acffa90eb96c4920
2023-03-19 12:58:56,True,1.837e-07,5.441e-10,1023580644.0,5.57,0x08...af7e,https://bscscan.com/tx/0x23f297e57afe874817b589a9eca54b8911cfddf10c18c5e502f9f1766230f922
2023-03-19 12:58:08,False,1.827e-07,5.414e-10,953809550.0,5.16395,0x1b...7f6d,https://bscscan.com/tx/0xa91e36ac23b01275739f67d1aa28decbb2213e7428700eb57e159a9d969a3b0d
2023-03-19 12:57:23,True,1.828e-07,5.444e-10,413228117.0,2.25,0x2a...576a,https://bscscan.com/tx/0x40c5b91fb411164c9e58e20a1b67704de94e1b15c97144bcfbcd130e7470eb2d
2023-03-19 12:56:32,True,1.835e-07,5.437e-10,628945775.0,3.42,0xec...0165,https://bscscan.com/tx/0x0a338105fe2c983a669616cfb5e34df40dfb1cb8ba0351a3fd5f96049c2293b4
2023-03-19 12:55:32,False,1.824e-07,5.408e-10,271792038.0,1.46986,0xde...fa58,https://bscscan.com/tx/0xb575be2adaabb40e00ae8c30eac393433bf97c24c0ea4df0ead74ebb00dcae30
2023-03-19 12:54:14,True,1.832e-07,5.431e-10,802727344.0,4.36,0x2a...576a,https://bscscan.com/tx/0x3963ce4f5ec266c577c27237eb1a35bf8398f35abaa7033a4697e8232d3fa2c0
2023-03-19 12:51:02,False,1.823e-07,5.404e-10,867253799.0,4.68734,0x2a...576a,https://bscscan.com/tx/0xee8a027bf148c28d4913ec7672884d80d3882b2480dcdde98598df339c5aeb7f
2023-03-19 12:50:17,False,1.825e-07,5.413e-10,330926903.0,1.79133,0xec...0165,https://bscscan.com/tx/0xa25b423ed7869b810fdda6c255b6e72a8f828429c5c2598121f85d7d67bdbce2
2023-03-19 12:49:41,False,1.828e-07,5.421e-10,879485202.0,4.76809,0x08...af7e,https://bscscan.com/tx/0x05e97e678b31f2aa759e020f5a46af4046299fed025ad0db83574aea222d0e3f
2023-03-19 12:46:41,True,1.837e-07,5.454e-10,5756450.0,0.0314,0x48...b4f3,https://bscscan.com/tx/0x58cd9159ad8b6b37e169d7a1bb2ddafecc01becea62e2e6f7c9b2a55205deef0
2023-03-19 12:46:24,False,1.828e-07,5.429e-10,273225146.0,1.48344,0xde...fa58,https://bscscan.com/tx/0xb0c78058cdec479aad32f0ea9cb1851ad1c9bd184e5015ef45822746a9d7849f
2023-03-19 12:46:05,False,1.829e-07,5.431e-10,12738106.0,0.0691,0x27...78b8,https://bscscan.com/tx/0x4e1b5d266bbc4eac97063f98715f23c2173bc337d03170a3309fff6ca6a1ff9e
2023-03-19 12:40:26,True,1.829e-07,5.451e-10,1008870946.0,5.5,0x08...af7e,https://bscscan.com/tx/0x346a34856c00ff5b19bddcfac520445d7f81cabc2ac6723142f27c5004cbc0ff
2023-03-19 12:38:23,False,1.826e-07,5.419e-10,315677382.0,1.71085,0x2a...576a,https://bscscan.com/tx/0x4e3c7f623e11b07b8e25946b4c9ac4223d185d9e40ee60d81c640fe8dfbcbfb3
2023-03-19 12:37:41,True,1.826e-07,5.445e-10,429673597.0,2.34,0xec...0165,https://bscscan.com/tx/0x2dc440ae97b26b30132d7232c3d505fd0891dd01ba871299f85aff8f0c24ef9f
2023-03-19 12:37:17,False,1.816e-07,5.417e-10,304135082.0,1.64778,0x08...af7e,https://bscscan.com/tx/0x96a9b291873427e0b43bc19a4a01f80f6d4061829415549822a40a0a3a1ecea3
2023-03-19 12:37:17,True,1.825e-07,5.443e-10,567673569.0,3.09,0xde...fa58,https://bscscan.com/tx/0x475d9aa700b6f4310cfb4f0df4c0e932648e9ae9704585517c67fcc417c21845
2023-03-19 12:36:50,True,1.822e-07,5.434e-10,640311358.0,3.48,0x1b...7f6d,https://bscscan.com/tx/0xb63bed77a53fcb034fb1a788780fe1c44f63d365791ce8cdc822bcec22cd30a2
2023-03-19 12:35:14,True,1.826e-07,5.424e-10,842465409.0,4.57,0x2a...576a,https://bscscan.com/tx/0x91a412d1d403e0b15e67695036c1e94300ab95736b12e1d7ed2c454d510e59d9
2023-03-19 12:34:35,False,1.807e-07,5.395e-10,554944806.0,2.9942,0xec...0165,https://bscscan.com/tx/0xd21f38973e3895137138ea4a1403d4dc9d5108fae9a2e7a7ba4b160aebb10526
2023-03-19 12:34:17,False,1.819e-07,5.401e-10,373553795.0,2.01789,0xde...fa58,https://bscscan.com/tx/0x6b5c0bd9712e7a09ed390768e13de0b71a86788cc56da064042f0cb6234a8f35
2023-03-19 12:33:47,False,1.821e-07,5.408e-10,577000626.0,3.12067,0x1b...7f6d,https://bscscan.com/tx/0x391ca8b8721e092a1eab37541543d83851341d3ee76331194b84adb22cec59cf
2023-03-19 12:33:20,True,1.831e-07,5.439e-10,7539498.0,0.041,0x28...6d66,https://bscscan.com/tx/0xcc4a9981e9c4ba9bd507a8869977d78bccb930fccb5e59960fabe883b730ab3e
2023-03-19 12:31:08,False,1.814e-07,5.418e-10,898181881.0,4.86683,0x08...af7e,https://bscscan.com/tx/0x3143f1c919141d2c3024bb0e60234df2fd1eefe993cc4b1a51e0a79525552817
2023-03-19 12:30:20,True,1.825e-07,5.451e-10,1375650.0,0.0075,0x87...79b8,https://bscscan.com/tx/0x1f8387dd961016796909e90f4e8309e5da2cdc55475e8432601fd2652b842500
2023-03-19 12:28:08,False,1.818e-07,5.431e-10,947361001.0,5.14542,0xde...fa58,https://bscscan.com/tx/0x064ccc4c3b8aa243cb5d7b84afd1af297540cea9435129021f94d6a17922a81a
2023-03-19 12:28:02,True,1.836e-07,5.459e-10,835266913.0,4.56,0x08...af7e,https://bscscan.com/tx/0x91dcc9e70af484c68c5b430399e7b0e7da4579797678df6725a5fc0b682ebc37
2023-03-19 12:27:41,True,1.833e-07,5.449e-10,502754494.0,2.74,0x1b...7f6d,https://bscscan.com/tx/0xd9d13dde83105de05ede730b694af8106be903da9348becf66932c90850a8b2f
2023-03-19 12:25:44,False,1.816e-07,5.425e-10,896531369.0,4.86413,0x2a...576a,https://bscscan.com/tx/0x7d8be5167aeec6e01b9c4e62e5219a6d663347359af4fa8d75770c93d6486143
2023-03-19 12:25:08,True,1.825e-07,5.453e-10,806847681.0,4.4,0xec...0165,https://bscscan.com/tx/0x71b0dd5dabc0455355ef0f3dfdb9a831381c04934f168353b89f2be1cd1190ac
2023-03-19 12:22:32,True,1.818e-07,5.441e-10,848989605.0,4.62,0x2a...576a,https://bscscan.com/tx/0x5a8cb93ada3f5bc0fbd4eaa6a1b05e905f963046af7c9fd56d18adbc1fd17144
2023-03-19 12:22:05,True,1.824e-07,5.43e-10,701531729.0,3.81,0xde...fa58,https://bscscan.com/tx/0xf54947fa0660be9df018fb2e10d1bef3df6d7941263d995348c682e72085908c
2023-03-19 12:22:02,False,1.814e-07,5.403e-10,647965225.0,3.50127,0xec...0165,https://bscscan.com/tx/0x2afb60be3ded8368af14d2c6813d83a3c01c765655d9838e8bab18932b5d8458
2023-03-19 12:21:53,True,1.824e-07,5.431e-10,532092677.0,2.89,0x08...af7e,https://bscscan.com/tx/0x158aae43f5a7718dd1367cb8a8acff50c39d2ff9ce1ccd09b68d43d073051180
2023-03-19 12:21:38,False,1.814e-07,5.402e-10,294698262.0,1.59214,0x1b...7f6d,https://bscscan.com/tx/0xf80b7beb9bcc3f7164d11c683aa29d1670239e3ab200884ba467514c9b8a0539
2023-03-19 12:18:50,True,1.82e-07,5.428e-10,412606086.0,2.24,0xec...0165,https://bscscan.com/tx/0x12abc801cca8779bccf8217abbd35613d6806ce47dddefdb140e58e6ba4aa0af
2023-03-19 12:18:47,False,1.802e-07,5.401e-10,438307251.0,2.36772,0x08...af7e,https://bscscan.com/tx/0x67ef01ac006321f7e7dd86ad3c1ddb36dcc1f157d5954ee39a44cdf271c7cdef
2023-03-19 12:16:11,False,1.815e-07,5.411e-10,925701721.0,5.00934,0x2a...576a,https://bscscan.com/tx/0xae94b8cb5de202b8eaa97d5e39c763b9ef1a298d4251e73c36c2d103397b799b
2023-03-19 12:15:59,False,1.818e-07,5.421e-10,586733252.0,3.18118,0xde...fa58,https://bscscan.com/tx/0x8eccb946ccf12e1c9be2bc5ac0b77997294536d4fad9858a2c001df382b006ab
2023-03-19 12:15:44,False,1.813e-07,5.433e-10,1130451138.0,6.14263,0xec...0165,https://bscscan.com/tx/0x2041fa6aaa8dbe2b61f179312cf7630aee340cf15f1b3cee2de415a3687fd27a
2023-03-19 12:12:35,False,1.815e-07,5.447e-10,850122255.0,4.63111,0x08...af7e,https://bscscan.com/tx/0x6e0a33106889acc491c256b377fbd9b9565cd5bf9a67ec93d4644d9fe2412760
2023-03-19 12:12:29,True,1.834e-07,5.476e-10,672005268.0,3.68,0x1b...7f6d,https://bscscan.com/tx/0x21d8581828e8b04f947ff667cee256c617e8035ab0acad05d6a18e689d9d32de
2023-03-19 12:09:50,True,1.821e-07,5.465e-10,900257837.0,4.92,0x2a...576a,https://bscscan.com/tx/0xfd14b01bed2cd88cc8ba36aff5f4533a1b4ffc7aad0ab611d14103ce967cc123
2023-03-19 12:09:32,True,1.818e-07,5.455e-10,445407631.0,2.43,0x08...af7e,https://bscscan.com/tx/0xfabd65739253455c8ecc40ed8541e73ed7dcc6611014b4f1674cff976f98eda5
2023-03-19 12:09:26,False,1.81e-07,5.43e-10,807310633.0,4.38446,0x1b...7f6d,https://bscscan.com/tx/0xd3fca870de32c946ef6389a266d895c0d86779e0b4b752bf88f95aace00a8abd
2023-03-19 12:06:41,True,1.831e-07,5.461e-10,294776102.0,1.61,0x2a...576a,https://bscscan.com/tx/0xa72dcb6c1d80bfde10f35c3d74c74af4aa94468a9815e216687c5997a4d40223
2023-03-19 12:05:17,True,1.824e-07,5.459e-10,4645.59,2.536e-06,0xa6...8436,https://bscscan.com/tx/0xebf6794ca371f16eef4928242868e5c667aeb7f2c66b1fe7bbe92d1bc636a614
2023-03-19 12:05:17,True,1.824e-07,5.459e-10,1848949.0,0.01,0xa6...8436,https://bscscan.com/tx/0xebf6794ca371f16eef4928242868e5c667aeb7f2c66b1fe7bbe92d1bc636a614
2023-03-19 12:03:20,False,1.827e-07,5.435e-10,386287994.0,2.09952,0x08...af7e,https://bscscan.com/tx/0x738f01cdd0423111a0c4b9a79043d92087b38f074fc8ddd2d5a98a32a25c1683
2023-03-19 12:03:02,True,1.828e-07,5.465e-10,36585.9,1.999e-05,0xa6...8436,https://bscscan.com/tx/0x216aa84d2c2e73ed0e6fa93c09b311eeb2075d586297b1efc8a0a9349011061e
2023-03-19 12:03:02,True,1.828e-07,5.464e-10,14561456.0,0.0795,0xa6...8436,https://bscscan.com/tx/0x216aa84d2c2e73ed0e6fa93c09b311eeb2075d586297b1efc8a0a9349011061e
2023-03-19 12:00:20,True,1.836e-07,5.462e-10,408274250.0,2.23,0x1b...7f6d,https://bscscan.com/tx/0xdd467d029511c936d982036c860339eb00e0b184a9670f62b7e3b16b66a93769
2023-03-19 11:59:59,True,1.825e-07,5.456e-10,313361209.0,1.71,0xec...0165,https://bscscan.com/tx/0x5b8eeba27754204c3fc66a98975af879f6a401853e7d63e6bde2a3a3147d0e34
2023-03-19 11:57:44,True,1.832e-07,5.448e-10,868097222.0,4.73,0xde...fa58,https://bscscan.com/tx/0x8b877862c5ca5d9260ccf7236ef3209397031c379f79b8f029c5cfebcdd3d3f7
2023-03-19 11:57:17,False,1.812e-07,5.418e-10,485175975.0,2.62909,0x1b...7f6d,https://bscscan.com/tx/0x3670d860aef04e03608dc0923ecbeda73c431829f63f33b3ab6bf2dae11e3224
2023-03-19 11:57:08,True,1.822e-07,5.447e-10,280865971.0,1.53,0x08...af7e,https://bscscan.com/tx/0x494a634f195cfb52ba4d28647a90456133e4b96c178296d67e2bb48bdeb28793
2023-03-19 11:56:53,True,1.82e-07,5.442e-10,396861163.0,2.16,0xec...0165,https://bscscan.com/tx/0xa67f8d437feabf5205f63ec81f3e0dc8e08c5d11bc3cb50f431c53026193cd11
2023-03-19 11:54:14,True,1.819e-07,5.436e-10,423027568.0,2.3,0x1b...7f6d,https://bscscan.com/tx/0xd00b766d9679f6cb8c58871b15cdf0af9e2f5c429cde840f115ab526888d24b3
2023-03-19 11:53:44,False,1.819e-07,5.409e-10,421718962.0,2.28143,0xec...0165,https://bscscan.com/tx/0x87733b0b3c71e1da5e981b7249228f8bdfa6e6adb69121a1b77f771f7bbd1dd8
2023-03-19 11:50:50,True,1.831e-07,5.437e-10,331028025.0,1.8,0x2a...576a,https://bscscan.com/tx/0x7bc8650165818ab95f5e4eb64206501a416dbc9a58fc11a821c4ecca30e7fe5b
2023-03-19 11:50:35,True,1.819e-07,5.428e-10,963415618.0,5.23,0xec...0165,https://bscscan.com/tx/0x17283f4aa610c77d6c20ee01b8086eed4a7c5d241ee8503c349fe7cf0cc101d3
2023-03-19 11:48:35,True,1.824e-07,5.418e-10,479829089.0,2.6,0xde...fa58,https://bscscan.com/tx/0xf34f43e059a8a2dd169aacb22045e0cf266b753c63a0281734b7812184f183e0
2023-03-19 11:48:08,True,1.813e-07,5.411e-10,613561430.0,3.32,0x1b...7f6d,https://bscscan.com/tx/0xdb41000deaaf02bd83e12c80524177566b6a6ff3efe0b3df11fd4f2a67fbcc07
2023-03-19 11:47:41,False,1.813e-07,5.383e-10,554125245.0,2.98319,0x2a...576a,https://bscscan.com/tx/0xf117f96749f39adf8e5df2589d7f8a291e89b1f2564f4827e4865019a84e7134
2023-03-19 11:45:35,False,1.807e-07,5.391e-10,556428719.0,2.99983,0xde...fa58,https://bscscan.com/tx/0x0ace1591d3075af32562e288a1ad73b21473cb75f4fea798aecf9514cd86f17d
2023-03-19 11:45:06,False,1.81e-07,5.401e-10,865989262.0,4.67722,0x1b...7f6d,https://bscscan.com/tx/0xf20e20babdc5012ee49810f4cff97458a00c7ef5cc857fc2c54148840676463a
2023-03-19 11:44:48,True,1.82e-07,5.429e-10,633551176.0,3.44,0x08...af7e,https://bscscan.com/tx/0x1338ca261f16082035b8683628559f2f6273aed3c275ecb048423ac72c026efa
2023-03-19 11:44:18,False,1.811e-07,5.403e-10,790088119.0,4.26938,0xec...0165,https://bscscan.com/tx/0x1e214f933700ceefbdec34b57f643511e565a12426944deafc2b3ef8d1e5a4f0
2023-03-19 11:42:30,False,1.822e-07,5.412e-10,523051163.0,2.83114,0xde...fa58,https://bscscan.com/tx/0x6091c771269c46e012cb602946914ef66eaad895f64eb7cc1b5d9a6578de5434
2023-03-19 11:41:42,False,1.826e-07,5.423e-10,1019097230.0,5.527,0x08...af7e,https://bscscan.com/tx/0x011c45b51e75ac24c5081d495df41a4077354dd9affb9b8118fd77bc68f05657
2023-03-19 11:39:06,True,1.827e-07,5.457e-10,1583580.0,0.0086,0x7a...5787,https://bscscan.com/tx/0x9e5a43d27c39ce65678018aeeea74515cea86486bcf7b3577a83ec3f9d2ce1d7
2023-03-19 11:39:00,True,1.836e-07,5.455e-10,368459785.0,2.01,0x1b...7f6d,https://bscscan.com/tx/0x0938ca9b4d5de0c88a0f78d6bf20aee38527d0818a38c59748ca3cfe99558623
2023-03-19 11:35:57,False,1.826e-07,5.428e-10,455695395.0,2.47375,0x1b...7f6d,https://bscscan.com/tx/0xeb0fe1bb6de10cc6ea859d4e608650a5c814edb60dbda811b9db17016ea04ef3
2023-03-19 11:32:57,True,1.826e-07,5.456e-10,388548462.0,2.12,0x1b...7f6d,https://bscscan.com/tx/0xd30557a89c395c16d0c53eb36f1eac8d41e7efe9bb4c22eedf475687c380631d
2023-03-19 11:32:51,False,1.816e-07,5.426e-10,9648579.0,0.0523,0x34...5b81,https://bscscan.com/tx/0x077f4a1d27ac660a26bdcef0471ae17fa7247be7c8b76b412f496e9c32a4bd7d
2023-03-19 11:32:27,True,1.832e-07,5.446e-10,996942412.0,5.43,0x08...af7e,https://bscscan.com/tx/0x241e6d2b72e67831b59a18127401a31868ad426f457017e047a1a82cc44da250
2023-03-19 11:30:21,True,1.819e-07,5.432e-10,1078753527.0,5.86,0xde...fa58,https://bscscan.com/tx/0x56b1b56b4a4e8dfa9c596ce34ec2810896a3a9ff18014d240290d9c34f25e131
2023-03-19 11:29:21,False,1.818e-07,5.402e-10,686232820.0,3.70727,0x08...af7e,https://bscscan.com/tx/0xc1a7e6c144a35fe7b2a7299f1e9f9c1440401d55c6afbf542bc581b2ba428bea
2023-03-19 11:28:39,False,1.82e-07,5.41e-10,522728124.0,2.82832,0x2a...576a,https://bscscan.com/tx/0xca595866910b878b454c6096ba7f52e549de783fc11e480de2ba91c3022cc47b
2023-03-19 11:27:18,False,1.821e-07,5.417e-10,438136983.0,2.37352,0xde...fa58,https://bscscan.com/tx/0x13f28ffbe0f5c651790d0300009bca1b9c7ab71bf1005cfc41862a5997df3884
2023-03-19 11:25:27,True,1.829e-07,5.443e-10,626469403.0,3.41,0xec...0165,https://bscscan.com/tx/0x49990cd3f8aeb7436e1183e9eeec16e51f445c55e2e4a0d55dd89babb9289f25
2023-03-19 11:24:15,False,1.811e-07,5.418e-10,945861720.0,5.1249,0xde...fa58,https://bscscan.com/tx/0x9851e6e8cb73cf34aa7bb7ccb9b0ffe1dad34a80c15a5a726a22e87e6504716f
2023-03-19 11:21:12,True,1.829e-07,5.448e-10,523094253.0,2.85,0xde...fa58,https://bscscan.com/tx/0xcbacda7c4f68f68e765bf2b7703f64d31c5d7f4723d8a2cfcab6356050f467b2
2023-03-19 11:20:45,True,1.827e-07,5.441e-10,464949018.0,2.53,0x1b...7f6d,https://bscscan.com/tx/0xce711f4c4b891f02b454534ee122c234382ebfdd21cead89b77fa813f91c9df5
2023-03-19 11:20:03,False,1.817e-07,5.413e-10,372797331.0,2.01819,0x08...af7e,https://bscscan.com/tx/0x7a9fb112c09363926996410aff1d806a2d18e362082075cbbb875a6b759a6f7d
2023-03-19 11:19:09,False,1.821e-07,5.423e-10,995085748.0,5.39647,0xec...0165,https://bscscan.com/tx/0xb398feb682f2c87e1dde61a32f7b878aa599ab994a89dc861174111d51ebb078
2023-03-19 11:19:06,True,1.83e-07,5.452e-10,676749534.0,3.69,0x2a...576a,https://bscscan.com/tx/0xb536dd2ef160f6044ba17b2b5dc4192b6c74845bc71f01caf4f96b9d5d6c2415
2023-03-19 11:17:45,False,1.821e-07,5.426e-10,778749350.0,4.22551,0x1b...7f6d,https://bscscan.com/tx/0xa5762fc62eede0c7ae8d389aac97f031bea720392e6db37bb1fa5de3905f13fc
2023-03-19 11:16:57,True,1.822e-07,5.454e-10,531627309.0,2.9,0x08...af7e,https://bscscan.com/tx/0x00a285f6841799712d5cd43ad1169a05030a06922232c8af6df4df2ffff61173
2023-03-19 11:15:57,False,1.823e-07,5.429e-10,761445939.0,4.13412,0x2a...576a,https://bscscan.com/tx/0x1ec801796ba2cc5d9b977c1994d75077fd7baaef39bbb390d1a0319b4b6777ba
2023-03-19 11:15:15,False,1.826e-07,5.438e-10,521521816.0,2.83615,0xde...fa58,https://bscscan.com/tx/0x7e075fd3fe7958f4d0aa04e8edaa9ea2bcef3d096c49647d16e14a8990d791ba
2023-03-19 11:14:42,True,1.825e-07,5.462e-10,1016105487.0,5.55,0x1b...7f6d,https://bscscan.com/tx/0x46d23c0e8d05eba6cfeecf0badf4341776cfc777498f81d7909a508225d5ad81
2023-03-19 11:12:54,True,1.821e-07,5.451e-10,473254652.0,2.58,0xec...0165,https://bscscan.com/tx/0x7109b2fdf1ce9527789240626c30442e64db4e923ca0eea72698adaa45f4c2fa
2023-03-19 11:12:45,True,1.819e-07,5.444e-10,539990971.0,2.94,0x2a...576a,https://bscscan.com/tx/0x8e9239071287bc66943a3f5988d84247bc1290f3d5aa872ad1999134d1a75d65
2023-03-19 11:12:06,True,1.824e-07,5.433e-10,1067483841.0,5.8,0xde...fa58,https://bscscan.com/tx/0xaba31a7f9d68829af7ae81896dcd30fc88755334ba5b30690bea92ae924aaddd
2023-03-19 11:10:48,False,1.804e-07,5.401e-10,363318429.0,1.96241,0x08...af7e,https://bscscan.com/tx/0x93f4375e984b51aff20cfb7da166883eb4a158db47f6406382962cda6920aa75
2023-03-19 11:09:45,True,1.815e-07,5.426e-10,595191575.0,3.23,0xec...0165,https://bscscan.com/tx/0x66079c97690c6e2967b8e0d3fc4cbcef3091f5f77b21d3f45366ddac70a31b95
2023-03-19 11:09:36,True,1.812e-07,5.419e-10,503763967.0,2.73,0x2a...576a,https://bscscan.com/tx/0x45e56d17cc77a8fb790c0e8f2ad1d1f14f9e12b47d2e7cf78d63dc813155fdc2
2023-03-19 11:06:36,False,1.812e-07,5.391e-10,341374506.0,1.84036,0xec...0165,https://bscscan.com/tx/0xc45f6bc4214740c8c6229b733adaf1c17915382559f1c5139bb16dfbb7811d1d
2023-03-19 11:06:24,False,1.815e-07,5.399e-10,956135440.0,5.16309,0x2a...576a,https://bscscan.com/tx/0x6767c00968dfb8c42afe44bb7f63914f6050e6b3adb70aff870bf167efe0c5b3
2023-03-19 11:05:33,False,1.819e-07,5.41e-10,595574861.0,3.22245,0x1b...7f6d,https://bscscan.com/tx/0x66fd8e774d3b49ff7d14a408fd8a1ab284a80721045b7bf0987c7ddd2901dc08
2023-03-19 11:04:36,True,1.827e-07,5.436e-10,748611652.0,4.07,0x08...af7e,https://bscscan.com/tx/0x35f0b0981c6ba4df263fb5a6c262f5cc8e64392398403e357d3d6b8bbab34642
2023-03-19 11:03:27,False,1.817e-07,5.407e-10,411221401.0,2.22358,0xec...0165,https://bscscan.com/tx/0xdfe7bf5afcf1b9ff74b61b98751341a3b49456e80b9d167aef820f9f6bab69a5
2023-03-19 11:03:15,True,1.825e-07,5.43e-10,907765857.0,4.93,0x2a...576a,https://bscscan.com/tx/0x0d93dc69505f5ee473ab042927f98f48ae821b551b7b42c48115c4811e688bdb
2023-03-19 11:02:57,False,1.816e-07,5.405e-10,1140626748.0,6.16555,0xde...fa58,https://bscscan.com/tx/0x491ed589ea37bdc2985413c0f79c34923662825ab5d205bd0b6b4a0e05929589
2023-03-19 11:02:21,True,1.828e-07,5.44e-10,1273698.0,0.0069,0xac...aa22,https://bscscan.com/tx/0x53e2c200555c5ad18fdd7dd1c0106e3614df7a1bf392d056e01c6764b9aae742
2023-03-19 11:00:18,True,1.826e-07,5.433e-10,1006734703.0,5.47,0xec...0165,https://bscscan.com/tx/0x7fb4599ef58751c2affb3faeef1da9b8b3243d0dd13595a7e8238100790f65c6
2023-03-19 11:00:04,False,1.807e-07,5.406e-10,993394680.0,5.37047,0x2a...576a,https://bscscan.com/tx/0x537eeb410efa6b5803823f18efbf73fdad57198248e3a87ee844cb1cee2704fe
2023-03-19 10:59:55,True,1.816e-07,5.432e-10,1058380596.0,5.75,0xde...fa58,https://bscscan.com/tx/0x7ba8ebe08060e3da0d2cd09129aaae0c27792997d702e6180ebf5a9ae2c340eb
2023-03-19 10:59:28,True,1.813e-07,5.422e-10,451833919.0,2.45,0x1b...7f6d,https://bscscan.com/tx/0x1cedf234845c6a1ffdc63eae648ecc73628277d5402c602367883d124cd5e2b6
2023-03-19 10:58:27,False,1.813e-07,5.395e-10,519113213.0,2.801,0x08...af7e,https://bscscan.com/tx/0x9f618d31679bd0c70855631f5ce3aeab98970a6ad050b90333c33dbf5cc1c25c
2023-03-19 10:56:50,True,1.823e-07,5.426e-10,5197862.0,0.0282,0x07...8550,https://bscscan.com/tx/0x3cdb660df9862052072edf07adc403c0fa519ea598f9e6b55eefecb24909f770
2023-03-19 10:55:25,True,1.812e-07,5.42e-10,861568498.0,4.67,0x08...af7e,https://bscscan.com/tx/0x97ad897bcc827bd363618caa2e1b671e8643ad99a58aedde333b5e7a8065da1a
2023-03-19 10:54:00,False,1.803e-07,5.392e-10,800078768.0,4.31471,0xec...0165,https://bscscan.com/tx/0xe29f17e2e4953fce8df8b8ca7b01e1f9948ec875f4842e9520052bc5740fdbb7
2023-03-19 10:53:45,True,1.812e-07,5.421e-10,629026006.0,3.41,0x2a...576a,https://bscscan.com/tx/0xc56f02146d3e6324ad7f31ed271e62ebf45c848b2a5313b6d6915ad7202752e7
2023-03-19 10:50:54,False,1.803e-07,5.394e-10,744017206.0,4.01382,0xec...0165,https://bscscan.com/tx/0x19299370037e7d77bc1b5002359c746a3a33c6b9a50bb7df06be6ab840866b7f
2023-03-19 10:50:21,False,1.806e-07,5.404e-10,633379088.0,3.42296,0x1b...7f6d,https://bscscan.com/tx/0xe28939e6a2feb9f3ac6c62a87dfc97684ef6abcd2919fd944e9b51c075c94348
2023-03-19 10:49:09,False,1.818e-07,5.411e-10,471913525.0,2.55396,0x08...af7e,https://bscscan.com/tx/0x56442d248ccb217a5cc0403307a37c6445f99a20dd857f374614d3ecddb6e7c7
2023-03-19 10:47:45,True,1.826e-07,5.436e-10,859029638.0,4.67,0xec...0165,https://bscscan.com/tx/0xbe3fa2164ce93b20cf9d4f9cd16762a2f35612016bab8028bcc32b97aeed893e
2023-03-19 10:47:45,False,1.816e-07,5.405e-10,324753923.0,1.75547,0xde...fa58,https://bscscan.com/tx/0x9cf269480539f0966317258a112933143c934279fbd05982e6bcaa7908d44d9f
2023-03-19 10:47:18,True,1.814e-07,5.428e-10,897090372.0,4.87,0x1b...7f6d,https://bscscan.com/tx/0x67bcecb520cebc290609cbfce12ea815d6ca424b0bea06c19ede7f23537da72c
2023-03-19 10:44:44,False,1.812e-07,5.395e-10,5570673.0,0.03,0x3c...29f6,https://bscscan.com/tx/0xfc510ec508ed5392ce1613f8f197dc19ed48c80bda92af6cc91a58189ccd33ea
2023-03-19 10:44:14,False,1.804e-07,5.398e-10,444584305.0,2.40009,0x2a...576a,https://bscscan.com/tx/0xba640199544f50c0363b1dd841ae5d5b20d380eb7293edd36888ca555f2d077b
2023-03-19 10:42:59,True,1.813e-07,5.425e-10,493987233.0,2.68,0x08...af7e,https://bscscan.com/tx/0x330dbeb1617cb21cf9a7fc9979be18d65a9835a03c03c5949be25157d547599d
2023-03-19 10:38:38,True,1.819e-07,5.421e-10,6271008.0,0.034,0x64...95fe,https://bscscan.com/tx/0x71d945a8531b25bf75d80b4a7e6d631adbffef2c4763fca4c97d91e839e3caac
2023-03-19 10:38:20,False,1.803e-07,5.399e-10,682296908.0,3.68397,0xec...0165,https://bscscan.com/tx/0x75d947da6246bc8e23b2b650366217e5b8da79d40662646d023ac47615844140
2023-03-19 10:38:11,False,1.806e-07,5.408e-10,694759234.0,3.75786,0x1b...7f6d,https://bscscan.com/tx/0xa4fd2111e310dc4d6c5f3a111670530d27a2466633c76a2ff5f6a2c523c6b3fa
2023-03-19 10:36:47,False,1.809e-07,5.417e-10,488342946.0,2.64537,0x08...af7e,https://bscscan.com/tx/0x0c058bb035bb71982fcd10d6c9df5e42c1e46a97834e276e7ca74b8ea9667d86
2023-03-19 10:35:35,False,1.81e-07,5.422e-10,324839127.0,1.7615,0xde...fa58,https://bscscan.com/tx/0x55910c3350fddf5f0d836581dd8db2db03d59a4ca0a83ba81a9b3f9c90adeb3c
2023-03-19 10:34:41,True,1.819e-07,5.447e-10,723321957.0,3.94,0x2a...576a,https://bscscan.com/tx/0xca816c92bca7ca2f84dbb6df1aa242230fd0668ef739fac44b30c854e9a2c061
2023-03-19 10:32:32,True,1.825e-07,5.438e-10,566374313.0,3.08,0xde...fa58,https://bscscan.com/tx/0xaca352e4c84be2094a6501fadc0b941366685aeaaa959b0bada23b54a5d07382
2023-03-19 10:32:05,False,1.815e-07,5.409e-10,372629785.0,2.01578,0x1b...7f6d,https://bscscan.com/tx/0x115436a6f71de4e333eb06d34ee6d0eb9b84f982f61dfd2bd2f60387db34cf88
2023-03-19 10:31:11,True,1.816e-07,5.439e-10,4144574.0,0.0225,0x07...8550,https://bscscan.com/tx/0xed35291c53c0495842f173a104e40b450d5c4cf397a117d3e09a6466a8a5a9e3
2023-03-19 10:30:38,False,1.818e-07,5.417e-10,779325930.0,4.22201,0x08...af7e,https://bscscan.com/tx/0x863d353e823da082a701b4c8b5d0d9625f42f99d60d86f5e70a72d25ea576412
2023-03-19 10:27:35,True,1.828e-07,5.445e-10,657419939.0,3.58,0x08...af7e,https://bscscan.com/tx/0xe41dd10efd6d18713c10cc7a45c4c19b3a0057d3852e49228650105d27ee51c9
2023-03-19 10:25:58,True,1.827e-07,5.436e-10,586735751.0,3.19,0x1b...7f6d,https://bscscan.com/tx/0x260a9d0c76a4a770b80def34ca7ad9264a2fe8f9117828a190838d5ce9cf3646
2023-03-19 10:24:27,True,1.816e-07,5.43e-10,386733830.0,2.1,0x08...af7e,https://bscscan.com/tx/0x7be122560458f1f63701c1339412579e006bd768e5c4e61edd17669e6d33412f
2023-03-19 10:23:24,False,1.807e-07,5.405e-10,766946253.0,4.14581,0xde...fa58,https://bscscan.com/tx/0xc69e74844ee070ea5fa14e3b82e4de88b00da0fb1849bf97a7dbec4d997f06a5
2023-03-19 10:23:06,True,1.827e-07,5.437e-10,18389389.0,0.1,0x06...2e9b,https://bscscan.com/tx/0xabbc5905801e362e314058e4675c85d4832b54eb02eac00c17df281ad78dfb9e
2023-03-19 10:22:57,False,1.82e-07,5.417e-10,948375907.0,5.13755,0x1b...7f6d,https://bscscan.com/tx/0x0261e8b8a7a8ef00865f5b2463f10f0e6a32916e11462f53469efff51cc844ee
2023-03-19 10:22:00,False,1.825e-07,5.431e-10,1044786307.0,5.67427,0x2a...576a,https://bscscan.com/tx/0xb5ccd08f3f9d08505ac8b13f19050fe84f4f361d447c1a01fd29c7f3c4d07547
2023-03-19 10:18:15,False,1.82e-07,5.443e-10,781753037.0,4.25566,0x08...af7e,https://bscscan.com/tx/0xe5327551b46b94c063d3c1927127bd57c201dea69ead86e0e888e15854e771e5
2023-03-19 10:14:21,False,1.823e-07,5.449e-10,26236663.0,0.1429,0xa8...afed,https://bscscan.com/tx/0x8188efd48d87a045ccb6f5b93a3aa901635822f8eb48abbef355bd2376667a40
2023-03-19 10:00:56,True,1.831e-07,5.476e-10,4727060.0,0.0258,0x28...769c,https://bscscan.com/tx/0xae60c69e5fa9d09dd1d82e062ac463f039721874ee8ff0caeb255ed498320cd2
2023-03-19 09:26:21,True,1.841e-07,5.476e-10,3236869.0,0.0177,0xf5...5f80,https://bscscan.com/tx/0x075ad81d830a6eab72a3c8dbcd269255459b8862b3671305f6cd69df17746f41
2023-03-19 09:19:57,True,1.83e-07,5.476e-10,3554634.0,0.0194,0x35...37eb,https://bscscan.com/tx/0x0e9ed5028f421732747a876f159ce27341e3ebc10c0975d4ff1174a99e90c561
2023-03-19 09:10:57,True,1.83e-07,5.476e-10,10955562.0,0.06,0xb2...8916,https://bscscan.com/tx/0x231a9328d9d563d72dac5119e51b6aea1bd138ca0d96ed29bdf6e8ebf3073c64
2023-03-19 08:32:12,True,1.825e-07,5.476e-10,54637735.0,0.2992,0x91...cde1,https://bscscan.com/tx/0x4270f13764f1bf134853fa96cba9105eae53a26af2c15cd7eec13cf22338f0d6
2023-03-19 08:18:42,True,1.823e-07,5.475e-10,30000000.0,0.1642,0xb3...5267,https://bscscan.com/tx/0x66a198a86f0bb34a6d3b4a9533457f8e428d1f07c84f100b85b204a62ebb028d
2023-03-19 07:58:56,False,1.817e-07,5.448e-10,40584.6,2.211e-05,0x20...804a,https://bscscan.com/tx/0x2e8dfa475d127e1f813b62783a706b965814c4b6fab8ccb372f2f143bd2410f3
2023-03-19 07:28:21,True,1.825e-07,5.475e-10,24565179.0,0.1345,0xf7...9cf5,https://bscscan.com/tx/0x16f484ea42cd04f2d431ad1458444ee80e6543a155cb10ea5a366c0213b7e470
2023-03-19 07:00:27,True,1.834e-07,5.475e-10,2200000.0,0.012,0x9b...08e9,https://bscscan.com/tx/0xb0ced180ebb1aa5c6cd25b16e03dc2ae9f9a2d7cbc6df8ce00a588fc7603f940
2023-03-19 06:36:21,False,1.814e-07,5.447e-10,6091421.0,0.0331,0x98...4e29,https://bscscan.com/tx/0xf086a23637927ebcab95fed1eca639012af9b855f1fdc9eece0451ebbc503b2c
2023-03-19 06:31:40,True,1.83e-07,5.475e-10,1000000.0,0.0054,0x0c...73e7,https://bscscan.com/tx/0xf204d1bb984f9ae0c04c98b8e28b1ce6af4a03174318a0d3427c9db42028cfd2
2023-03-19 05:57:25,True,1.814e-07,5.47e-10,645272529.0,3.53,0x2a...576a,https://bscscan.com/tx/0xbaf098f41d467febe21e4014ded3ba1a5f893c7c55471732daeb9389077de2b8
2023-03-19 05:54:16,True,1.82e-07,5.462e-10,446649656.0,2.44,0x2a...576a,https://bscscan.com/tx/0x4d8ea71fd978871f1076047d93db96f522f1ae8d111f60bc3cdf083a7d12f270
2023-03-19 05:52:52,True,1.819e-07,5.459e-10,18316227.0,0.1,0x8f...cc85,https://bscscan.com/tx/0xcde2067b1b9e0b2c65b3246818c146296fd5071044d597a3948d9c6809ca0ac5
2023-03-19 05:51:04,False,1.804e-07,5.434e-10,294551912.0,1.60068,0x2a...576a,https://bscscan.com/tx/0xc81f8b88132f85075691428180272a5af4503b80f79b33977f9a022c3d4a8a84
2023-03-19 05:49:31,False,1.805e-07,5.436e-10,11156856.0,0.0606,0x8b...042c,https://bscscan.com/tx/0xf9063d58e4ad68ea960b6f5cd092ba7004aa010a6d744895c381075ef33b70f7
2023-03-19 05:47:55,True,1.822e-07,5.46e-10,441336265.0,2.41,0x2a...576a,https://bscscan.com/tx/0xbad7f5860ae7b3da2feb3bfc8f309ab7f97bad0b088310a6da2b1db837a25e3c
2023-03-19 05:44:46,False,1.806e-07,5.436e-10,825159937.0,4.48564,0x2a...576a,https://bscscan.com/tx/0x7cce174c90ac400aca0fb621dbcb3469496891a48ee8f53c76a14a9404b25358
2023-03-19 05:43:04,True,1.814e-07,5.461e-10,1126118507.0,6.15,0x08...af7e,https://bscscan.com/tx/0xfe2124ba9c9e7fec0c4de76c39e455941d25a99a3759a8145fa674be9dba5afb
2023-03-19 05:41:36,True,1.819e-07,5.449e-10,561526376.0,3.06,0x2a...576a,https://bscscan.com/tx/0xeee57a4ce5708fae23b4cfa01ccb753d78b80cb88626e56e736baa1247495ac5
2023-03-19 05:40:00,False,1.801e-07,5.424e-10,960718686.0,5.21189,0x08...af7e,https://bscscan.com/tx/0x1f8fc3c653ace0b5c95381315e6332d99ee0a83bd4d4fde46ea73e710282f2a3
2023-03-19 05:39:03,True,1.813e-07,5.456e-10,329875608.0,1.8,0x1b...7f6d,https://bscscan.com/tx/0xb66a7c5768afeb075033bec8f9f57f1dfcf238175c2f6e46da23919067dba35b
2023-03-19 05:38:51,False,1.813e-07,5.427e-10,33372095.0,0.1811,0x92...9517,https://bscscan.com/tx/0x7c1daf43d02caa5f56520d34caf93cfd00179db086246b203db7344abeff8686
2023-03-19 05:38:48,True,1.82e-07,5.446e-10,1162185518.0,6.33,0xde...fa58,https://bscscan.com/tx/0xdc84ca76fb395e6343dc0aab691867c80ad3f9e651fb1666a58da6e2354bb247
2023-03-19 05:38:24,False,1.81e-07,5.414e-10,440406529.0,2.38455,0x2a...576a,https://bscscan.com/tx/0x2971c06d0f3895a3937e6e79639465dc38815c8b90fc6b52555f2e052fdfc25d
2023-03-19 05:37:18,True,1.81e-07,5.442e-10,305005006.0,1.66,0xec...0165,https://bscscan.com/tx/0xf4bf6121b158f62a609901a51942ac3ceec51e6b71be3a8865858d7585ba7a82
2023-03-19 05:35:45,False,1.801e-07,5.415e-10,254160367.0,1.37628,0xde...fa58,https://bscscan.com/tx/0xfc9a65b29221fed56dbe9ea80c3aecf9620ebb1b9c94e5fc47b4da1cc7683583
2023-03-19 05:34:12,True,1.81e-07,5.438e-10,752018154.0,4.09,0xec...0165,https://bscscan.com/tx/0x4e8d1270bdddb1180f1bd9d001edab5a611a34086959bcc389a5ade8e8136b36
2023-03-19 05:32:03,False,1.801e-07,5.411e-10,737912410.0,3.99317,0x2a...576a,https://bscscan.com/tx/0xe170fd46c0df3d38f053bde59e2e5da43690bae58d9175f0d3310624a20f9960
2023-03-19 05:31:03,False,1.804e-07,5.419e-10,479591262.0,2.59932,0xec...0165,https://bscscan.com/tx/0xa24e21954f0339d6a8368d2aedecfe42e9f9fa3f60bc3a6aff5fea14d41df519
2023-03-19 05:30:45,True,1.813e-07,5.447e-10,438746752.0,2.39,0x08...af7e,https://bscscan.com/tx/0x9efceb613be0f8afac5f7d80192d9dee400e9e7d367dbe1f5d0a1be4663bb517
2023-03-19 05:29:54,True,1.819e-07,5.437e-10,943414484.0,5.13,0x1b...7f6d,https://bscscan.com/tx/0xaa110ccc3dc4386c188eda04021e6b04fbc90f35bb2d2ce663dee490628a2e40
2023-03-19 05:28:54,True,1.815e-07,5.427e-10,547230101.0,2.97,0x2a...576a,https://bscscan.com/tx/0x379c9688d8d5db9e427901f881816bda00a9ed832ea9b64c2b50e8f0010b84a8
2023-03-19 05:27:39,False,1.797e-07,5.398e-10,293410658.0,1.58397,0x08...af7e,https://bscscan.com/tx/0x3843584a7398c986cf899941e7b3b4b82eed7df0e6fb9782d3c7f66491c46bc2
2023-03-19 05:25:46,True,1.805e-07,5.422e-10,737670059.0,4.0,0x2a...576a,https://bscscan.com/tx/0x2c13d325adcff346b0a4b19dfd93b04d2e637fcbf55e1a2606c0251fb8035aad
2023-03-19 05:22:32,False,1.794e-07,5.393e-10,428761587.0,2.31243,0x2a...576a,https://bscscan.com/tx/0xf9c67a8dd6ec559e3fb4fafc8b6823f04dce13e7b77f643f33dfe3613b89fbdf
2023-03-19 05:22:14,False,1.797e-07,5.396e-10,63921690.0,0.3449,0xd5...bc66,https://bscscan.com/tx/0x6656ef18f414c17836189e65bf947bbb378264bfc7a16268255170cec2ffb23b
2023-03-19 05:21:36,True,1.813e-07,5.419e-10,636558749.0,3.45,0xec...0165,https://bscscan.com/tx/0xa015218feede7a7197be641f3e9710010cbbedc950a88e2f758b758f47b9f632
2023-03-19 05:21:30,True,1.81e-07,5.409e-10,792994245.0,4.29,0x08...af7e,https://bscscan.com/tx/0x424504992770f2110714ec0cacce86d9587c7d927ecfda02e56de123c50fe92a
2023-03-19 05:20:33,False,1.792e-07,5.382e-10,790723543.0,4.25634,0xde...fa58,https://bscscan.com/tx/0x706860f8d0aaf232989ecfb59850a3128de5ba245018c5486ffa4b31c1dd4d0e
2023-03-19 05:19:24,True,1.811e-07,5.412e-10,402770164.0,2.18,0x2a...576a,https://bscscan.com/tx/0x730d7e5a5bc862282d938dd3ec072b7c8df195fe5a6dd5b5373b05c2123efb49
2023-03-19 05:18:21,False,1.794e-07,5.387e-10,711078944.0,3.83101,0x08...af7e,https://bscscan.com/tx/0x46604020b88526034744efa90d97424cc36e8cabfab9ee919f8ce424cd2088a5
2023-03-19 05:17:30,True,1.811e-07,5.414e-10,662978726.0,3.59,0xde...fa58,https://bscscan.com/tx/0x7d75c467cd26ce873a49cbaf66e7c2202584d8337bcd39138aaf7aca74500361
2023-03-19 05:16:12,False,1.803e-07,5.391e-10,1227466320.0,6.61825,0x2a...576a,https://bscscan.com/tx/0x127dead07b89bb32ad9f78cb3cc6d8e1de707bd0ec91809fd6111f0d60b28b95
2023-03-19 05:15:18,False,1.808e-07,5.406e-10,849526186.0,4.59263,0xec...0165,https://bscscan.com/tx/0x8f28d038b44b7417348f493080ea321fa3ef0d93612c6b7eca2c532d999c2fa2
2023-03-19 05:15:15,False,1.811e-07,5.414e-10,321463297.0,1.74046,0x08...af7e,https://bscscan.com/tx/0xa28790ea17c570d73bc0cbe1c2588d143ef9b5521674596aa4162d1645241ad2
2023-03-19 05:14:27,False,1.812e-07,5.419e-10,391041603.0,2.1191,0xde...fa58,https://bscscan.com/tx/0x71040c6aac4eefc2c8484e641c81e1dbd12dad5532e07435d339e9ed8dc18155
2023-03-19 05:13:03,True,1.811e-07,5.443e-10,786252409.0,4.28,0x2a...576a,https://bscscan.com/tx/0xfb1600993de4cc810c83d0cd4661d33688af68f564fdfd77ce6cf98391c4eaef
2023-03-19 05:08:36,False,1.802e-07,5.413e-10,425503328.0,2.30362,0x1b...7f6d,https://bscscan.com/tx/0x79dc6f1d9a9734c91c91ddf594184be3747c1c744f879e9579eb7eeeba5b5adf
2023-03-19 05:08:24,True,1.811e-07,5.439e-10,711524924.0,3.87,0xde...fa58,https://bscscan.com/tx/0x3939f94d4bed017dcc5694850417b5c05994acfccb801cd43bae78d088d60c10
2023-03-19 05:06:42,False,1.801e-07,5.408e-10,254719744.0,1.3777,0x2a...576a,https://bscscan.com/tx/0xafb7cd6a56030f4d13d212e9a86faccc9ea8683862638fd8779d0932bbddae8b
2023-03-19 05:06:00,True,1.818e-07,5.433e-10,616566331.0,3.35,0x08...af7e,https://bscscan.com/tx/0x2841443254a4b0a742aca4e499a279bebf1589871e5ab65a0c59a9af74f16a09
2023-03-19 05:05:54,False,1.8e-07,5.405e-10,448942231.0,2.42654,0xec...0165,https://bscscan.com/tx/0xe40eff079a2475b5a4f013cb594cd1ea2e1bac7eb2b5e35d60e1c9633a95b9d3
2023-03-19 05:05:33,False,1.801e-07,5.411e-10,469921564.0,2.54292,0x1b...7f6d,https://bscscan.com/tx/0x4838388e8d28544ae8039638867abbec42525e195276d01e16d20f4f29501f47
2023-03-19 05:02:54,False,1.804e-07,5.42e-10,779995480.0,4.22759,0x08...af7e,https://bscscan.com/tx/0x50d7982793a475ac0aa2e71d4efe94c4249156e0d69f928627626559e2464b92
2023-03-19 05:02:32,True,1.813e-07,5.445e-10,969541023.0,5.28,0x1b...7f6d,https://bscscan.com/tx/0x8cffdc8b92a2ddf6d65b3bae18b9c15c2616cdac84c612f9e74ee5b0e4f51fb5
2023-03-19 05:00:21,True,1.809e-07,5.434e-10,701110348.0,3.81,0x2a...576a,https://bscscan.com/tx/0xab6815109de9af95e9944fc1a8a15f2c95e1f68401438909139f2e9497119731
2023-03-19 04:59:15,False,1.8e-07,5.408e-10,841120413.0,4.54884,0xde...fa58,https://bscscan.com/tx/0x89c3218676413dd5bb068893fac2b38eca1262b426e7422a5216613aa3cd9717
2023-03-19 04:56:13,False,1.803e-07,5.417e-10,511562511.0,2.77135,0xde...fa58,https://bscscan.com/tx/0xd216594bc6afa5bf8cd08a6fe25b7555506d6cdf3effcb4d51ee54b9d2a738be
2023-03-19 04:54:01,False,1.806e-07,5.426e-10,770700307.0,4.18206,0x2a...576a,https://bscscan.com/tx/0xc02815f805eeb2a1850cd1d1d4a003420f449d3ca640575deefa1855c850c9c5
2023-03-19 04:53:21,True,1.816e-07,5.455e-10,540775706.0,2.95,0xec...0165,https://bscscan.com/tx/0xd685348bd7f3aa5037f0dc48af25b8b29a6f9bc5132b738e7bf00b5f0764e5a5
2023-03-19 04:53:09,True,1.813e-07,5.447e-10,572756161.0,3.12,0xde...fa58,https://bscscan.com/tx/0x96b04257620ff9d30f780ab052680864b52627b0e1737b3f3407e09aa289f6f1
2023-03-19 04:51:33,False,1.804e-07,5.418e-10,330667000.0,1.79171,0x58...f605,https://bscscan.com/tx/0x2ac14da2f02fa5a3ba56514df7be29e05a63b41862cb62463c9ac20325362e85
2023-03-19 04:50:33,True,1.813e-07,5.445e-10,391168619.0,2.13,0x08...af7e,https://bscscan.com/tx/0xfa1c20adbf67f12e2d6237b3ecbf6684336d51c712d08cedd9c1014933dc725a
2023-03-19 04:50:21,False,1.804e-07,5.417e-10,318109638.0,1.72337,0x1b...7f6d,https://bscscan.com/tx/0x505e3e8b274cb97fb135d395a9221e51a74af81a7da88882634c2d7a3c8846cf
2023-03-19 04:50:09,False,1.805e-07,5.423e-10,506081390.0,2.7446,0xde...fa58,https://bscscan.com/tx/0x22ba930b079440d6b485828694144be668580551e4b6c2003148f7a8abc1bd60
2023-03-19 04:49:03,True,1.825e-07,5.453e-10,265861.0,0.0014,0xa7...a8fc,https://bscscan.com/tx/0x81b2186d4f7347c1fb4b53fd99961b53cbdb5c35ccb51c1db79459d2ae50802b
2023-03-19 04:49:03,True,1.825e-07,5.453e-10,105827106.0,0.5771,0xa7...a8fc,https://bscscan.com/tx/0x81b2186d4f7347c1fb4b53fd99961b53cbdb5c35ccb51c1db79459d2ae50802b
2023-03-19 04:47:39,True,1.814e-07,5.448e-10,642437372.0,3.5,0x2a...576a,https://bscscan.com/tx/0xd5c8aef841b6a52c6b958c8bc48cbcb05dd8cc0433928799fadd709b9ab532b4
2023-03-19 04:47:18,False,1.814e-07,5.42e-10,534995674.0,2.8997,0x1b...7f6d,https://bscscan.com/tx/0x9f15f18df443872736de754b25cbfc804c358a6855a7f795f4f7131c3d838709
2023-03-19 04:45:12,True,1.815e-07,5.45e-10,17176529.0,0.0936,0xd5...38d9,https://bscscan.com/tx/0x28ce52af80525a81476d35bd91a2a915c0451ab619eeff2eb95c380940a0c704
2023-03-19 04:44:30,False,1.816e-07,5.427e-10,504007571.0,2.73526,0x2a...576a,https://bscscan.com/tx/0x4f980025f4af915e9e52b685013080b1924fd50121e32ff90c6380abc3d9ef59
2023-03-19 04:43:54,False,1.818e-07,5.433e-10,438911083.0,2.38485,0xec...0165,https://bscscan.com/tx/0x7ecf74d53a9ed5db811bd78d8aa082d2a69bebff52f9a56c8c699a71b0ea8bc4
2023-03-19 04:41:15,True,1.826e-07,5.458e-10,758438620.0,4.14,0x1b...7f6d,https://bscscan.com/tx/0x979660fb42ec4f1c220e5208b7cc3bb6dc98b2f4c820aaaefc64ef88905a5773
2023-03-19 04:40:51,False,1.805e-07,5.426e-10,121925617.0,0.6616,0x83...ced7,https://bscscan.com/tx/0x90412317e0307473bc7f2213c77f2645920f912b8bec56311c77b5481fdd2d74
2023-03-19 04:40:48,True,1.813e-07,5.449e-10,768863546.0,4.19,0xec...0165,https://bscscan.com/tx/0xddef8ef0ca31ddb4b13805c499c4dbc5d05fc8ba233061ff31ff1c5c353c137c
2023-03-19 04:38:14,False,1.81e-07,5.42e-10,485154862.0,2.62974,0x1b...7f6d,https://bscscan.com/tx/0xdced9b26b167a6d9af72ec10850173a19a43dedaccb58943f63de1960562741e
2023-03-19 04:38:08,True,1.818e-07,5.445e-10,844797357.0,4.6,0x2a...576a,https://bscscan.com/tx/0x97f7abc4b4bb55b0443d59eb64fec60c789d018466eb4cfe2487f83a5999358d
2023-03-19 04:37:41,False,1.808e-07,5.416e-10,677662214.0,3.67072,0xec...0165,https://bscscan.com/tx/0xd6cc6bd3b3e37a4ced994e0abbb1c391f94cab4309ec3643632ab09a1787d05e
2023-03-19 04:36:23,True,1.819e-07,5.448e-10,40379150.0,0.22,0xc6...b22e,https://bscscan.com/tx/0x44c7cf7861848264d55ddab90c5dc65811a2fb7886248d5283d3cdbe647a6ab3
2023-03-19 04:35:11,True,1.808e-07,5.444e-10,552880748.0,3.01,0x1b...7f6d,https://bscscan.com/tx/0x963219b607b29f583ed73dc9cabce9b59f83d556970dc17a5dfcf520b75bb866
2023-03-19 04:34:59,False,1.8e-07,5.417e-10,568952417.0,3.08209,0x2a...576a,https://bscscan.com/tx/0x6eb2bbb4566853fb49db1b3bcd8e8b30b2d272acf1cefd011ef3bad0e7095888
2023-03-19 04:34:32,True,1.818e-07,5.442e-10,817628658.0,4.45,0xec...0165,https://bscscan.com/tx/0x748bc831ce53900752d2488a7033f3bee69d5b772bfeb1efadbff53153bafc05
2023-03-19 04:32:02,False,1.809e-07,5.412e-10,377847375.0,2.04504,0x08...af7e,https://bscscan.com/tx/0x9fe51e2b8fc6c381215122f1ea0cbf20e07f8cb3d123718dbfe9276f9a7a3a3e
2023-03-19 04:31:23,True,1.808e-07,5.439e-10,306986013.0,1.67,0xec...0165,https://bscscan.com/tx/0xea22ec9af803bf549cdfaafaca6baa765872221d2f67cd61d49931bca9ffec7e
2023-03-19 04:29:02,False,1.81e-07,5.418e-10,1085490995.0,5.88143,0x1b...7f6d,https://bscscan.com/tx/0x597b067b35d93fdd1976639677e5f06851da0d328c3ec3ffb31884fe8d33784f
2023-03-19 04:28:56,True,1.82e-07,5.447e-10,767311018.0,4.18,0x08...af7e,https://bscscan.com/tx/0x84a3abe98e30d2cb5a4855cab352b49bc2db43f06683035bc2b8af4efa73fe11
2023-03-19 04:28:50,True,1.817e-07,5.437e-10,630764223.0,3.43,0xde...fa58,https://bscscan.com/tx/0x150222340a7bd206d3c85a6b7a9ff2cdc5f026e9dc2faf252dcc79c1cf371f26
2023-03-19 04:28:38,True,1.814e-07,5.431e-10,313001466.0,1.7,0x2a...576a,https://bscscan.com/tx/0x86f58a69ab78e66b0a8a6ff323b50cda9cb676508da2e725229bf641a0651d41
2023-03-19 04:28:14,False,1.806e-07,5.406e-10,661122285.0,3.5744,0xec...0165,https://bscscan.com/tx/0xba5682de172979da992e9c23e9b872b39f5e4daeedc381c2dfca2df15984227b
2023-03-19 04:25:59,True,1.814e-07,5.433e-10,734377934.0,3.99,0x1b...7f6d,https://bscscan.com/tx/0x056a4079a046bf1a1ad03e0fb066ac19ce3e6021da3bd5032160eb98278bb469
2023-03-19 04:25:50,True,1.811e-07,5.425e-10,329906568.0,1.79,0x08...af7e,https://bscscan.com/tx/0x163af4ebc71e7ccd94a4ab8913e393d0373de193566fbc5419197c7b8ffcd722
2023-03-19 04:24:17,False,1.802e-07,5.397e-10,86551510.0,0.4671,0x2e...b6bb,https://bscscan.com/tx/0x096f5e64a9099f86cf16d6595ce3fb8959b88d64bfdd189ce76bcc8f9ce0fdd0
2023-03-19 04:23:35,True,1.811e-07,5.424e-10,7899999.0,0.0428,0xa0...29a6,https://bscscan.com/tx/0xcf6cc3c3da288e8e8b1816f154fc0eacf4a52ea4dfa33110fede23a5a4df6573
2023-03-19 04:21:56,False,1.813e-07,5.402e-10,673578260.0,3.63876,0xec...0165,https://bscscan.com/tx/0x6a0249f7f65378bb3c18e62a9bf5311bc770c5b6a2e29cb3ace538d7dcef1beb
2023-03-19 04:19:08,False,1.816e-07,5.411e-10,650399444.0,3.51949,0x2a...576a,https://bscscan.com/tx/0x068fb279777077f008b05b159a9a0caaaad357e33fd62ca6080a33665558361a
2023-03-19 04:18:47,True,1.816e-07,5.438e-10,597560127.0,3.25,0xec...0165,https://bscscan.com/tx/0x0a8f07b25e358e856038964f6c80c96b3e452d1a2490f2d885b67a4f90249689
2023-03-19 04:16:35,False,1.809e-07,5.415e-10,1127423328.0,6.10533,0x08...af7e,https://bscscan.com/tx/0xd48e8990effdd71d7afd9c2dfc101359da63c6056ef3b1579bf193d1b5e0d97b
2023-03-19 04:15:56,False,1.822e-07,5.427e-10,684088114.0,3.71313,0x2a...576a,https://bscscan.com/tx/0x26204a7c0a01899d1e158cdd0e6e38c3755fff9b24cb37c7388c755bcade4fc9
2023-03-19 04:15:38,True,1.831e-07,5.453e-10,836083630.0,4.56,0xec...0165,https://bscscan.com/tx/0x7f2b23451738aac4faeac2f5bcc261a6b6faf529c393d494f7e9245d9d899b5c
2023-03-19 04:12:29,False,1.822e-07,5.426e-10,839117823.0,4.55371,0xec...0165,https://bscscan.com/tx/0x231e034524fdf613316d5930ff3823ad9b671fb00f9d074c709c2bbb4cc3b44a
2023-03-19 04:10:50,True,1.823e-07,5.457e-10,329817792.0,1.8,0x1b...7f6d,https://bscscan.com/tx/0xb7a32dfdd2f3bdfe11035eb583676939e656603ac1d3dcfafa0eb78314aedbc7
2023-03-19 04:10:35,False,1.823e-07,5.43e-10,357865463.0,1.94339,0xde...fa58,https://bscscan.com/tx/0x57f15829c55f67d53d41aa23ec5735aef714fce2ecedca5dc7ee38fcb44656e7
2023-03-19 04:08:23,False,1.814e-07,5.432e-10,759403.0,0.0041,0x4d...d1a1,https://bscscan.com/tx/0xec7d29d4471a83421ac7b207970bd275fd14a8acdcf8515aa6520a52be4055da
2023-03-19 04:07:44,False,1.816e-07,5.438e-10,855104729.0,4.65088,0x1b...7f6d,https://bscscan.com/tx/0x197af2f834319dcd4aae0abc70aed9d8920e8ce46138289bbeb3f403e2dfdd9b
2023-03-19 04:07:32,True,1.827e-07,5.469e-10,345533428.0,1.89,0xde...fa58,https://bscscan.com/tx/0xe7df1dcd211661b9dc9c0378357b21fad44b617db7e5cae7f8b56fc60fc5d2a4
2023-03-19 04:07:17,True,1.825e-07,5.465e-10,316550901.0,1.73,0x08...af7e,https://bscscan.com/tx/0x4ce6dd9705174c1c1a4d80345b547480e63313e050e58ba1c27842e0e992c63b
2023-03-19 04:06:14,True,1.832e-07,5.459e-10,465229237.0,2.54,0xec...0165,https://bscscan.com/tx/0x8c4d50e95f3820a0ee52f4dedf212a6ca2048262cd9d086a55acdc58a5241078
2023-03-19 04:05:47,True,1.822e-07,5.456e-10,8896808.0,0.0485,0x18...0880,https://bscscan.com/tx/0xf8f299ab5e95ebb2daa2260e537d78feeffb24349808ef6f7a650f86a349569b
2023-03-19 04:04:41,True,1.829e-07,5.448e-10,1051581357.0,5.73,0x1b...7f6d,https://bscscan.com/tx/0x38eb1962cebe59e127cd808cdfc9056184c8a3fb265c71ff762e6680a6487f36
2023-03-19 04:04:29,True,1.824e-07,5.435e-10,813107336.0,4.42,0xde...fa58,https://bscscan.com/tx/0xb3299b002031475c1172055bf45366fc93328a9618284d98da7d69e8705c45bc
2023-03-19 04:03:17,True,1.811e-07,5.424e-10,846175467.0,4.59,0x2a...576a,https://bscscan.com/tx/0x65505674658b3eed2c0ab2b86d7e2ea0b2bbeece953c15748f0c77fb165115b9
2023-03-19 04:01:38,False,1.812e-07,5.398e-10,982127603.0,5.30178,0x1b...7f6d,https://bscscan.com/tx/0xd7e843e556964b878089d6b1bf823a7feb6a3ab613088477cebce4703160aca5
2023-03-19 04:01:26,False,1.817e-07,5.413e-10,1196975044.0,6.47958,0xde...fa58,https://bscscan.com/tx/0xbb15f5ca84de24fcd87bdbbaa37549ef44fdf3c44cba43c422f1c4d2e60de3d1
2023-03-19 03:59:56,False,1.82e-07,5.424e-10,445355867.0,2.41591,0xec...0165,https://bscscan.com/tx/0xea3e3df1870e2f3d109218d75dca230bb33bca0b0c24f9f045bdf8d22bcc8872
2023-03-19 03:58:23,True,1.818e-07,5.448e-10,893784488.0,4.87,0xde...fa58,https://bscscan.com/tx/0x4bbb45517a60e7afa1fda5928971ec46dafa4d098370b0ca9c3a9a60f8b5c7c5
2023-03-19 03:56:26,False,1.815e-07,5.415e-10,1790987.0,0.0097,0x70...7a50,https://bscscan.com/tx/0x343d2c6bb268add78497131f5b09c051aefdbf2b286974c321a80edcc1181213
2023-03-19 03:56:11,True,1.815e-07,5.442e-10,918691.0,0.005,0x9d...db2e,https://bscscan.com/tx/0x84000efb7b2b614f100b296d12acefe563628e151cd00324296eeb448db08ff9
2023-03-19 03:55:20,False,1.807e-07,5.418e-10,444212515.0,2.40693,0xde...fa58,https://bscscan.com/tx/0xac998c1ccfae0d9a9f98ae9d98bcaabfc74d79aa230b2e1a12dee639b322b103
2023-03-19 03:54:56,True,1.825e-07,5.445e-10,508709500.0,2.77,0x08...af7e,https://bscscan.com/tx/0xf2d189fe049f2ed97cd183bbd82be5b09e00a1314450baa26f51a76aea238c91
2023-03-19 03:53:47,False,1.806e-07,5.414e-10,20139659.0,0.109,0xf8...2d5b,https://bscscan.com/tx/0x77d36d075d96809ed942e3cb7da9ce4170c8da1e46853fbdf8c1b15281c300ca
2023-03-19 03:53:44,True,1.823e-07,5.438e-10,538788246.0,2.93,0x2a...576a,https://bscscan.com/tx/0xef54bec04fcc2f78074258124a21da14cd250ce500b04114e353bd7b73d2308f
2023-03-19 03:52:32,True,1.821e-07,5.432e-10,327681657.0,1.78,0x1b...7f6d,https://bscscan.com/tx/0xa2559d076b3d89bea37d86c0c9ace9101dff87193c676d5eba99654462d44f4c
2023-03-19 03:52:20,False,1.813e-07,5.407e-10,712968308.0,3.85548,0xde...fa58,https://bscscan.com/tx/0x77d4b13af312851a73cdff8a1f50c718ad4c3d069bc54c19340041cffcc12c39
2023-03-19 03:51:50,False,1.806e-07,5.414e-10,249502020.0,1.35088,0x08...af7e,https://bscscan.com/tx/0x2228eb71154f6b7fbfccd37f2e449420a8189edac5f28f7d6a41730e6b39a861
2023-03-19 03:50:44,True,1.824e-07,5.443e-10,5000000.0,0.0272,0x36...fe6b,https://bscscan.com/tx/0xfee70eb2f231ff39f89b13946a2dd8ac094da0137741c8c6f79507f3fe0aa470
2023-03-19 03:50:35,False,1.808e-07,5.421e-10,760834007.0,4.12465,0x2a...576a,https://bscscan.com/tx/0xeaeca1b582633b8a48c08bb22273ffb2b3e5ba959b4473bb3d64e8c2a1510e3b
2023-03-19 03:50:29,False,1.81e-07,5.428e-10,261083554.0,1.41724,0xec...0165,https://bscscan.com/tx/0x869b0363d601f20df1f4538cf378550564ce0c1a181805137398e7291332a83a
2023-03-19 03:49:29,True,1.828e-07,5.453e-10,491389200.0,2.68,0x1b...7f6d,https://bscscan.com/tx/0x94bec15a247c52b5b8d071bd3829f79cb2617c584661ca074cdca499a641a61b
2023-03-19 03:49:17,True,1.825e-07,5.443e-10,1010391653.0,5.5,0xde...fa58,https://bscscan.com/tx/0x14651327f5aaa4707360e81de8c1c6c9c3560ea0f90e1718dd01453dee29c6d0
2023-03-19 03:46:26,False,1.807e-07,5.415e-10,883643957.0,4.78526,0x1b...7f6d,https://bscscan.com/tx/0xee39c9c1d9b1eaaa3479cd91348ad91b17b11adfe510361dacc6152788697e41
2023-03-19 03:46:14,False,1.811e-07,5.428e-10,1064438868.0,5.77871,0xde...fa58,https://bscscan.com/tx/0xe12483913261d5e75d31bde8c77ded8f8df0b22a5ed60a012c9a2ab0fd1bf0ff
2023-03-19 03:44:14,False,1.814e-07,5.439e-10,392770276.0,2.13628,0xec...0165,https://bscscan.com/tx/0x2a7ed80124c05fbc330c656c966afea977929315d32e462a271217bc31f35f79
2023-03-19 03:43:23,True,1.832e-07,5.463e-10,810856773.0,4.43,0x1b...7f6d,https://bscscan.com/tx/0x9087401331ff964f7839aa1d96bc2865021f5be4afe1f097eb5cdf622dc06f86
2023-03-19 03:43:11,True,1.819e-07,5.453e-10,575761446.0,3.14,0xde...fa58,https://bscscan.com/tx/0xd45e2eb2d7a6e9d2599a6437cf6342ccaa1938c4f5651b7aa8af082737d33562
2023-03-19 03:41:05,True,1.816e-07,5.445e-10,578450345.0,3.15,0x2a...576a,https://bscscan.com/tx/0x101fef6ee014f46cdaa906bdfbfc68d7fecc8145d1db0ff3fa6af0cebeb934d9
2023-03-19 03:37:20,False,1.816e-07,5.418e-10,574483278.0,3.11276,0x1b...7f6d,https://bscscan.com/tx/0x485f6460fd58993af30013a43535245f970a0b92d9e3551c0fc40db91e9dd2e7
2023-03-19 03:37:05,False,1.819e-07,5.425e-10,383542966.0,2.08072,0xde...fa58,https://bscscan.com/tx/0xf93a6bb563a4e40bef0b4394b92bd1c5c234379f7c26213923e1fc4609f0732d
2023-03-19 03:36:23,False,1.82e-07,5.43e-10,362533252.0,1.96862,0x08...af7e,https://bscscan.com/tx/0x24b9515cbcc285ea36d7ed85447d556b80907cb080d7619fdf48864605d30f6f
2023-03-19 03:36:14,True,1.83e-07,5.459e-10,14652385.0,0.08,0x47...1200,https://bscscan.com/tx/0x54cd0fc1c8de1fc17f728709e851a1bb518db42a2a8ab93c39661a7565a83350
2023-03-19 03:34:47,True,1.829e-07,5.455e-10,670937034.0,3.66,0xec...0165,https://bscscan.com/tx/0xd8407bcf27f0162682ce611ac9d57495cdbb7f9ce9fae21152808980d6fce29d
2023-03-19 03:34:17,True,1.825e-07,5.444e-10,784221564.0,4.27,0x1b...7f6d,https://bscscan.com/tx/0x5373da2698ea2ba6fdbaf010d61b22e723f0e8978ce349c50b82a680fed057d9
2023-03-19 03:34:05,True,1.822e-07,5.435e-10,564806380.0,3.07,0xde...fa58,https://bscscan.com/tx/0x602f5660e3d84fc0c4dc98f684454eb10fab8c992b120e30dfad797b8f3acebd
2023-03-19 03:33:38,True,1.812e-07,5.431e-10,14728993.0,0.08,0x92...4d3a,https://bscscan.com/tx/0x13cb37dca7a64d3eb712ee30d26c6732c29ec0752ab24fdfda8e3b39fcd0cb3b
2023-03-19 03:31:14,False,1.814e-07,5.41e-10,866499566.0,4.68796,0x1b...7f6d,https://bscscan.com/tx/0xc7ef43ff9a30cec9cedfe1ceaa755d731e0dfa7598d6b1e517eea03b56a89cce
2023-03-19 03:30:35,True,1.825e-07,5.443e-10,1285964.0,0.007,0x47...1200,https://bscscan.com/tx/0xf2a578a6ab25a54a133a8d34c777933ab6933db3e4ce5680d853fa932b8d9098
2023-03-19 03:28:32,True,1.814e-07,5.441e-10,283015156.0,1.54,0xec...0165,https://bscscan.com/tx/0xd0124b8f78dcf0621ab95aa5eb0505a3b54d9c30aa2d905821b6819328222cf1
2023-03-19 03:28:11,False,1.815e-07,5.416e-10,569968552.0,3.08708,0x1b...7f6d,https://bscscan.com/tx/0x0b71d27c7085d29a56eb04dc931126d98f2033433aaa4dcb53a5e6f32dd025b8
2023-03-19 03:27:59,False,1.817e-07,5.422e-10,367215027.0,1.9913,0xde...fa58,https://bscscan.com/tx/0x6dd7f67c7f4c889ac62737a99c2731bc17aa15d6442505543a1f5b5f751ce790
2023-03-19 03:25:23,False,1.81e-07,5.43e-10,706083929.0,3.83415,0xec...0165,https://bscscan.com/tx/0x13a7059a20a9c5df75794229b335284e0a304f5532e6adc0ba1ea921563e1fa5
2023-03-19 03:25:14,False,1.811e-07,5.436e-10,250283934.0,1.36075,0x2a...576a,https://bscscan.com/tx/0xf7c8ed3bba0d5b51a14dc86e2e775b411b4d42e6a12c0e116f7c8cc9e39f93db
2023-03-19 03:24:56,True,1.82e-07,5.459e-10,974535822.0,5.32,0xde...fa58,https://bscscan.com/tx/0xa238b79fb038c42a96555dc88058312b2e9115000d8f3e7c2bf4511467a2a3f7
2023-03-19 03:24:02,True,1.825e-07,5.446e-10,806013353.0,4.39,0x08...af7e,https://bscscan.com/tx/0x5e9e82e8e824d88a58b15cf9797eb13f6e0396da6327bb85461e112c8bfba424
2023-03-19 03:22:14,True,1.822e-07,5.437e-10,456069905.0,2.48,0xec...0165,https://bscscan.com/tx/0x43a7b05b3fb8e5380ad4c9ec0663d411e7527601297b196bbbb4aeba35e4a780
2023-03-19 03:22:08,True,1.82e-07,5.431e-10,375553866.0,2.04,0x1b...7f6d,https://bscscan.com/tx/0xa0813fe7391ff45b491fb5cea4e6ac51484a1b5d7444a16124b0b120abac845e
2023-03-19 03:21:53,False,1.803e-07,5.406e-10,596137634.0,3.22294,0xde...fa58,https://bscscan.com/tx/0xa7b729cbcdf13ced9d156d99e9a4060da756f04b65ebd2297d51c6b81e77cad0
2023-03-19 03:20:56,False,1.805e-07,5.412e-10,333418460.0,1.80473,0x08...af7e,https://bscscan.com/tx/0x00bdf39fc777b4b2386957c9417580971bda9e8cf560d18e790586d8c06d8099
2023-03-19 03:18:50,False,1.815e-07,5.416e-10,245794380.0,1.33142,0x2a...576a,https://bscscan.com/tx/0xbed4176d3bba3e9254a1d27434059a1342ade233f15c0e92a526761f86e34df5
2023-03-19 03:17:50,False,1.808e-07,5.422e-10,637620114.0,3.45777,0x08...af7e,https://bscscan.com/tx/0xf9859eb2889641068f1efe43b12ea6fab13eb70e520c070c50cde05101187312
2023-03-19 03:17:32,True,1.828e-07,5.454e-10,31603934.0,0.1723,0xaa...b535,https://bscscan.com/tx/0xb1cb11e50466c0c12b25cdb3118169a9806b6a57eb21e0c2f0e3646c06439481
2023-03-19 03:16:44,True,1.828e-07,5.454e-10,14238392.0,0.0776,0xaa...b535,https://bscscan.com/tx/0xb024decb06a946b6d40f4fc8f837a05bd8fe636b6b60141c18e860a5a04b87e2
2023-03-19 03:15:41,False,1.819e-07,5.429e-10,427469707.0,2.32102,0x2a...576a,https://bscscan.com/tx/0x6de962c8d70fb6e990fff09a98e34f768aefc65e31a3b96a70b4544422875f77
2023-03-19 03:14:47,True,1.827e-07,5.452e-10,1071085884.0,5.84,0x08...af7e,https://bscscan.com/tx/0x738cc8d0a42a952d7a6537537366b84041ff905d0992e76653ef90a5875726fd
2023-03-19 03:12:32,False,1.807e-07,5.419e-10,282628784.0,1.53176,0x2a...576a,https://bscscan.com/tx/0xe5de610f207fe70877d4a31d20be0a279eaed6e2c035fcb5a43dd962007607ba
2023-03-19 03:11:35,True,1.817e-07,5.448e-10,27894500.0,0.1519,0xa8...2956,https://bscscan.com/tx/0x6cdf42ed5bd2d4de615f5006901630e1031c511582f1f12b5135ddf65b509f41
2023-03-19 03:07:20,False,1.817e-07,5.418e-10,193299.0,0.001,0x24...b9d0,https://bscscan.com/tx/0xc4152332bad6cd3433af9291c13a408086a865b4614df2201cc3148aee615d57
2023-03-19 03:06:53,True,1.816e-07,5.441e-10,940845358.0,5.12,0x1b...7f6d,https://bscscan.com/tx/0x8e0eaa9199bf961398677196ca5a3a73a4291ec3dc537db4691a5c0ca22cc3cb
2023-03-19 03:06:41,False,1.806e-07,5.413e-10,697951686.0,3.77805,0xde...fa58,https://bscscan.com/tx/0xdb76582428a6684ed530bff2aa09dce9cbfe7fb7b345b8f22928b782f4ef823f
2023-03-19 03:06:11,True,1.825e-07,5.44e-10,656190925.0,3.57,0x2a...576a,https://bscscan.com/tx/0x92eaaca6dac73e2a911c10f8f76a1f77193646c1cfbd8aaef3d02c493a02cdf1
2023-03-19 03:03:38,True,1.813e-07,5.43e-10,836079684.0,4.54,0xde...fa58,https://bscscan.com/tx/0x8603da52dc52f880b00ee6a7c6d437191fd26e33e835a82c74d6e77cd1cce8e7
2023-03-19 03:03:23,True,1.819e-07,5.421e-10,361503888.0,1.96,0xec...0165,https://bscscan.com/tx/0xab7145a8d253271eed4380af653efedd80885b6306b30d5a579b3a3178c38bc5
2023-03-19 03:02:59,False,1.81e-07,5.396e-10,600202514.0,3.23891,0x2a...576a,https://bscscan.com/tx/0xc4c4d91fc18bae2cbd0733ea01bd9dd0a2cbe738258752afe2afd077323972da
2023-03-19 03:00:47,True,1.822e-07,5.427e-10,1842440.0,0.01,0x05...fc39,https://bscscan.com/tx/0x2bd30a7e80ae5c86ff11861365a397dc7d2fb2887a57f0a0aba07f5ebb1c7632
2023-03-19 03:00:47,False,1.813e-07,5.403e-10,424747757.0,2.29508,0x1b...7f6d,https://bscscan.com/tx/0x4b16076b7731a24ca9bfba28db719343f2c286ad139b17024334589a05b44764
2023-03-19 02:59:08,True,1.823e-07,5.432e-10,115965425.0,0.63,0x05...acf2,https://bscscan.com/tx/0x961cdd61c24195c24b4528a908d5477442c05fc081841593b22bad12f905c8b2
2023-03-19 02:57:44,True,1.822e-07,5.429e-10,383114739.0,2.08,0x1b...7f6d,https://bscscan.com/tx/0xf2682cde49ff196b174c7d523127833ec9ece61a94b551da47d9d0e4c4888c79
2023-03-19 02:54:44,False,1.814e-07,5.405e-10,891092135.0,4.81687,0x1b...7f6d,https://bscscan.com/tx/0x678212bd8e3811a0737a79386eb39b5d16a8d9ea7f66802f7942daac2573c4bf
2023-03-19 02:53:59,False,1.818e-07,5.416e-10,705963001.0,3.82393,0xec...0165,https://bscscan.com/tx/0xf247885da08b6023388187eae4b1fd498c00fcb2c3052caa5cfe14cc100639c1
2023-03-19 02:51:26,True,1.819e-07,5.445e-10,459094459.0,2.5,0xde...fa58,https://bscscan.com/tx/0x2f28e44a737ee6c6fceab29e70f76de9d57e1d00ba47cef185f52c89dfa7a321
2023-03-19 02:50:02,False,1.822e-07,5.422e-10,1128893554.0,6.12194,0x08...af7e,https://bscscan.com/tx/0xae5e33e254138096aefa8cbfe349a7c87a2e764ac10a8e851a81c4c983287d56
2023-03-19 02:46:17,False,1.825e-07,5.431e-10,43161702.0,0.2344,0xb4...0456,https://bscscan.com/tx/0xbbbacf6a997aef2356fd5e98ca4a92bda983fe4d3aebd29b3b7c53a56073cedf
2023-03-19 02:45:35,True,1.834e-07,5.455e-10,388568759.0,2.12,0x1b...7f6d,https://bscscan.com/tx/0xd823ce4ccc535c0ee7eac62a58e7d64ad3a9be120fab3139ce9f1ed1b8243df8
2023-03-19 02:44:32,True,1.821e-07,5.448e-10,728693474.0,3.97,0xec...0165,https://bscscan.com/tx/0x57ffa7983d0fdad327998805a5275766d33e3e2bf9053c97dd62bc318a3284ca
2023-03-19 02:43:59,True,1.828e-07,5.439e-10,472449913.0,2.57,0x2a...576a,https://bscscan.com/tx/0x7c019256a7031b55670c21bcc0b05461d692f74c1aac4e03058b5975095b0b92
2023-03-19 02:43:53,True,1.826e-07,5.433e-10,478547265.0,2.6,0x08...af7e,https://bscscan.com/tx/0xfdf9b0095aeec20ccf8872d892a16aa9e6f4e758e4ae522c45d47ecc6b6c00c5
2023-03-19 02:42:32,True,1.824e-07,5.427e-10,307683947.0,1.67,0x1b...7f6d,https://bscscan.com/tx/0x2df5061e7ece82db1f4151ac71a1910b5b92a615fc197bd800c998b4623fded7
2023-03-19 02:40:47,True,1.811e-07,5.419e-10,880170463.0,4.77,0x2a...576a,https://bscscan.com/tx/0x5ed20caf41fa1f95320396440e85fa95179148565d94108b095edaec9809793a
2023-03-19 02:40:47,False,1.801e-07,5.388e-10,324855737.0,1.75049,0x08...af7e,https://bscscan.com/tx/0xc8c03c0575339cf194503e43d1ee6a4ea3cfddfe47d9847e300402a7f8c97bc4
2023-03-19 02:39:50,True,1.811e-07,5.417e-10,21702406.0,0.1175,0xfe...a445,https://bscscan.com/tx/0x454cf3d51dc960f52d6686b57ef3461ff402f352fe3653f7da8e28c5949cff72
2023-03-19 02:39:29,False,1.813e-07,5.397e-10,1054102990.0,5.68974,0x1b...7f6d,https://bscscan.com/tx/0xf4192e19a0f12e44014cfd2829c474ab686ac6b6bc1539aa07af6bd9c97599fe
2023-03-19 02:37:23,False,1.816e-07,5.405e-10,26104646.0,0.1411,0xa3...7d7c,https://bscscan.com/tx/0xa5c03e3a76c28c489d49eeea0a883cf471ee0d86fb16698bd0cdbfa629e338f3
2023-03-19 02:36:14,False,1.817e-07,5.407e-10,347846226.0,1.88106,0xde...fa58,https://bscscan.com/tx/0xd13609058d52c5a644559abfca813d778485b7b8061cc993573afc8e5432efe9
