datetime,buy_order,price_USD,price_native,amount_token,total_native,maker,etherscan_url
2023-03-20 07:49:18,True,1.825e-07,5.454e-10,20991235.0,0.1145,0x15...3178,https://bscscan.com/tx/0x992fb75ded20da9920f0ac1b53d97762a102d27638d51dab2fdecaef4d36eea9
2023-03-20 07:45:51,True,1.825e-07,5.454e-10,28084424.0,0.1531,0xd5...b64a,https://bscscan.com/tx/0xa0f652599eb7dd2f83ce57b8556c978fe7827d12a08e1b33b047d614fc3a0e43
2023-03-20 07:44:29,True,1.816e-07,5.453e-10,95199923.0,0.5192,0xd5...b64a,https://bscscan.com/tx/0xf9e29c39352ea587c766d7ed44b57e1deaca397b85f56d4921af529c0171276b
2023-03-20 07:43:08,True,1.827e-07,5.453e-10,6106601.0,0.0333,0x82...37ce,https://bscscan.com/tx/0x0d3f39e20004b9ab600365e33d13ceea5b6dfcc4cd48aa450d68719a60f58ef7
2023-03-20 07:32:30,False,1.821e-07,5.425e-10,9669793.0,0.0524,0xad...bb7d,https://bscscan.com/tx/0xa29c0c4082dedd74e836a0a3f41e8dc44675bed287f06230849905f1c25b6f1d
2023-03-20 07:02:42,False,1.819e-07,5.426e-10,67753070.0,0.3676,0x31...4def,https://bscscan.com/tx/0xc427be635effc0691ab6a081b91dcb50dfe5c6319a9bebb4f5d77970776b786a
2023-03-20 06:45:20,True,1.828e-07,5.453e-10,39700000.0,0.2165,0xa0...29a6,https://bscscan.com/tx/0x899d738982dfd23d5319f6caec90cb3ca5741d4263b41322bb7f2ee17654a05e
2023-03-20 06:09:54,False,1.814e-07,5.431e-10,687565478.0,3.73422,0x2a...576a,https://bscscan.com/tx/0xeb2745f0536ab33e5694c39598729f3c6ad18d97a39fb6857c309c799dac3196
2023-03-20 06:07:48,False,1.825e-07,5.435e-10,21480279.0,0.1167,0x1a...3daa,https://bscscan.com/tx/0x041bb9f32ebfb6f142fef8156a14915551eeaa58ac54cc08113befbac6c57bcb
2023-03-20 06:06:45,True,1.822e-07,5.456e-10,947443862.0,5.17,0x2a...576a,https://bscscan.com/tx/0xe113ca50c87aa65a26e6ac37d1bfc61468cfc587e2de44b4deb054c591ca3ae7
2023-03-20 05:53:15,True,1.824e-07,5.45e-10,7529449.0,0.041,0x20...3d4e,https://bscscan.com/tx/0x79a410e765a7fc0c79341a6a6da1c1137c4ccf6788595a2135e8e7509f729ce6
2023-03-20 05:50:52,False,1.807e-07,5.428e-10,825856059.0,4.48323,0x2a...576a,https://bscscan.com/tx/0x51772c7e64853181246db4542be7ffec3ad059273086b1b390e7b76c848767f5
2023-03-20 05:49:42,True,1.826e-07,5.457e-10,586351182.0,3.2,0x08...af7e,https://bscscan.com/tx/0xd0a65807b12f4ad9afe6f5fb9d4789f3eed62aa785802424e10cfc5ddd71812b
2023-03-20 05:48:00,False,1.815e-07,5.427e-10,246459544.0,1.33775,0x1b...7f6d,https://bscscan.com/tx/0x3c5f9ef5f90b9bb31b28af53ae5aa962fdd2aa318be4027cfe9dcfea14fa46df
2023-03-20 05:47:42,True,1.824e-07,5.454e-10,311661228.0,1.7,0x2a...576a,https://bscscan.com/tx/0x617c0d1faf5d2a66ff3627d2b34f60b5bebb0651bad34ed904d06182fb0fcb33
2023-03-20 05:46:33,False,1.816e-07,5.428e-10,452018772.0,2.45373,0x08...af7e,https://bscscan.com/tx/0x8801e9ed46be0fa41fb9e86ea0d1aa937128b95deeb830a16b206b71d9200ade
2023-03-20 05:45:00,True,1.825e-07,5.456e-10,342718680.0,1.87,0x1b...7f6d,https://bscscan.com/tx/0xfff6029c2a92345037e496edd17ed779784abc2a84780c9b6f51ba059647977f
2023-03-20 05:44:36,True,1.813e-07,5.449e-10,658791673.0,3.59,0xde...fa58,https://bscscan.com/tx/0xe1e7b76ed8f8fbba6288b42bec1c2bfa8b675388487d5b6afdabc28248fdf8ef
2023-03-20 05:43:21,False,1.804e-07,5.424e-10,1067847175.0,5.79307,0xec...0165,https://bscscan.com/tx/0xe2d4f632002cf24e62972ccfba9f57d6db1b3508a516e742e3c3fb3e19fe1aaa
2023-03-20 05:43:00,False,1.817e-07,5.432e-10,6656294.0,0.0361,0x55...2ad0,https://bscscan.com/tx/0xc3e9ecbc61c66dc639804573ef52afd10b65bc6ccfc4394ed083f20c3f5c1e1f
2023-03-20 05:40:24,True,1.816e-07,5.455e-10,538858219.0,2.94,0x08...af7e,https://bscscan.com/tx/0x663f1b7fdb8308211bfb5763fbd582bc0b62968c550b23617be0b3814df308ca
2023-03-20 05:38:54,False,1.807e-07,5.426e-10,243391151.0,1.32081,0x1b...7f6d,https://bscscan.com/tx/0x392bb2bfb01ed8b5998bc6c3a7fc82e9d92b0da6b0efe51e342e7e2b1ff60535
2023-03-20 05:37:39,True,1.825e-07,5.455e-10,14578797.0,0.0795,0xc5...9fbb,https://bscscan.com/tx/0xe9ff7caf2013ad03ad5b0f07074422bd49c6ecb6e41a2ac886a977245ce4a6af
2023-03-20 05:37:03,True,1.815e-07,5.451e-10,623733600.0,3.4,0xec...0165,https://bscscan.com/tx/0x886efb1969dad5836b996128caeae5376f729506b165d02a6fbb379cac9619c4
2023-03-20 05:35:03,True,1.821e-07,5.442e-10,613698278.0,3.34,0x2a...576a,https://bscscan.com/tx/0x5e682d694733800d61553b34f30a028c799b02430640856c09b5d62b3da26cf5
2023-03-20 05:29:21,False,1.813e-07,5.417e-10,876076186.0,4.74575,0xde...fa58,https://bscscan.com/tx/0x0ea765fc4620d152b589366a99df8163e923066e44016f7e1250ef864779ab4a
2023-03-20 05:28:48,True,1.823e-07,5.449e-10,47801369.0,0.2605,0x2e...8d17,https://bscscan.com/tx/0xfe34d4584accb92f609748b349174ac12f792574d509854a99771d58ee42fb5e
2023-03-20 05:27:36,True,1.823e-07,5.447e-10,284525174.0,1.55,0xec...0165,https://bscscan.com/tx/0xc73b373e60b3d0e13d849344cab849b41df41d81d525631e037eb68cd0f2c5fc
2023-03-20 05:26:45,True,1.82e-07,5.44e-10,733378406.0,3.99,0x1b...7f6d,https://bscscan.com/tx/0xc0eb974b63c8172874464af97e5f6b146aa17101a814c7e9f8436433643f45d9
2023-03-20 05:25:30,False,1.802e-07,5.413e-10,771465632.0,4.17646,0x2a...576a,https://bscscan.com/tx/0xf628cff34dcc3af773f5df81424a0f1b954977bba4e4e66fe9c33690d741d68d
2023-03-20 05:24:29,False,1.813e-07,5.423e-10,597832556.0,3.24213,0xec...0165,https://bscscan.com/tx/0xa7b1e540e4155db382387da09a91954823bf6492990d619ef66cd9e6883b372f
2023-03-20 05:23:15,True,1.814e-07,5.451e-10,486138464.0,2.65,0xde...fa58,https://bscscan.com/tx/0x61ebee56c8b9f295f7e7446ee80bf4eeb8c5d97f71326ad7ab6e706b644becca
2023-03-20 05:21:57,True,1.812e-07,5.447e-10,58375835.0,0.3179,0x48...fcd0,https://bscscan.com/tx/0xf9424b111e3ed27a61f64d25f48c49e3a35ec0a98463a7758e50e06627f99ef1
2023-03-20 05:21:48,False,1.805e-07,5.427e-10,1072394382.0,5.82006,0x08...af7e,https://bscscan.com/tx/0x45cc6103f94fed5768d2c617049772bce9dd12c38fd833819b55e53d86e38d6b
2023-03-20 05:21:21,True,1.825e-07,5.458e-10,509315838.0,2.78,0xec...0165,https://bscscan.com/tx/0x474a6d3a4c2dae6b5c47f5d11e22974e698fa285a70b094c0ad4cdab8e6b5501
2023-03-20 05:20:39,False,1.807e-07,5.432e-10,691321853.0,3.75548,0x1b...7f6d,https://bscscan.com/tx/0xf60723b3c9424e1fecc4397ad340981db97dfe298a9e5cb5d54e0ff743b03b16
2023-03-20 05:20:15,True,1.826e-07,5.461e-10,386327401.0,2.11,0xde...fa58,https://bscscan.com/tx/0x8c7c633512137bc9571e34f07a2d64851e4575f2ddd02cc54657396a74e653dd
2023-03-20 05:18:48,True,1.815e-07,5.452e-10,904146142.0,4.93,0x08...af7e,https://bscscan.com/tx/0xed92a91bedf4bb590eed2dcca93020d9040aae98b33d9ccaadf48ade7055bf32
2023-03-20 05:17:36,True,1.811e-07,5.442e-10,571442720.0,3.11,0x1b...7f6d,https://bscscan.com/tx/0xec953154ff3acec4aa554067b5209db7c6458ee43e94b4eaf733fca4459b1a5b
2023-03-20 05:17:09,False,1.811e-07,5.413e-10,362184471.0,1.96077,0xde...fa58,https://bscscan.com/tx/0x533b0f63c74c780cd196081d689f63ee4dc17b27fc2bbc148e574a4808aafe8e
2023-03-20 05:15:39,False,1.804e-07,5.418e-10,301654985.0,1.63447,0x08...af7e,https://bscscan.com/tx/0xe12b98e28692c303c7867ff164d1804ea3b334e2a061c843d95f1ad70e5a4bb2
2023-03-20 05:15:03,False,1.806e-07,5.423e-10,514683459.0,2.79164,0xec...0165,https://bscscan.com/tx/0x2358792a7f659a902379c71d07bbe22b5a76d9efc070bef741036dc3acaf9bef
2023-03-20 05:14:33,False,1.817e-07,5.431e-10,632326522.0,3.43476,0x1b...7f6d,https://bscscan.com/tx/0x535fbd7a01f5853e629bf83aeeef8c97418dc0c0dbbb71ec3573634f6d678672
2023-03-20 05:14:09,True,1.817e-07,5.46e-10,410200607.0,2.24,0xde...fa58,https://bscscan.com/tx/0x5bbc7ebcf7b955e4c760b3015cbefa75b1660067000bc0a0a969eb6254b25fa8
2023-03-20 05:12:03,True,1.815e-07,5.457e-10,17972401.0,0.098,0x7b...0eff,https://bscscan.com/tx/0x8da313ec53342522dff77b33c9b8bb181eba935cae4870b7909a528803e92f64
2023-03-20 05:11:33,True,1.822e-07,5.451e-10,874988397.0,4.77,0x1b...7f6d,https://bscscan.com/tx/0xc29dcbb7c7fe092c0ff23aab3e8983e0be230c8828bd173f84770f85e08cb84e
2023-03-20 05:11:06,False,1.803e-07,5.425e-10,1055754962.0,5.72803,0xde...fa58,https://bscscan.com/tx/0x3b639274e79ecc4f9dc4b44547b477ec7b176d8a3e5dc3f75084ab0f06869d8d
2023-03-20 05:09:06,False,1.812e-07,5.43e-10,103991.0,5.646e-05,0x24...b9d0,https://bscscan.com/tx/0x540529a0494f432e584172d7d2e83aa155c5ccb20aa332316ab551a2d3a969bb
2023-03-20 05:08:45,True,1.821e-07,5.456e-10,518648922.0,2.83,0xec...0165,https://bscscan.com/tx/0x360a3588975a7a462a69d746158a58333434189afd321635acde948c5c117a15
2023-03-20 05:05:03,False,1.808e-07,5.425e-10,416421.0,0.0022,0x00...b655,https://bscscan.com/tx/0x18469dd31a95467a95a7ff04fbe581a4a90c872fa1313f6adacb08d85555e160
2023-03-20 05:05:03,True,1.815e-07,5.445e-10,1024659794.0,5.58,0xde...fa58,https://bscscan.com/tx/0xe419deadea38962fce45fa5e624c876de1e1c8c97acf7d26fa62f17af8b55315
2023-03-20 05:03:21,False,1.804e-07,5.413e-10,245306700.0,1.32787,0x2a...576a,https://bscscan.com/tx/0xedfc4e4a83f91e48438e8761f7b2b0112fd21e1428fc86ea9976de5071983a24
2023-03-20 05:02:00,False,1.8e-07,5.421e-10,1023471502.0,5.54916,0xde...fa58,https://bscscan.com/tx/0x71bf1313eae572dddb93edf50906094e3639ce1f27a3ec9fe8c0b02c54645c38
2023-03-20 05:00:09,True,1.81e-07,5.452e-10,480480466.0,2.62,0x2a...576a,https://bscscan.com/tx/0xdbccfcdcb1fdb37ad661618060827cadc45040ebdb89554a1f35a0557ab0a94a
2023-03-20 04:59:21,False,1.802e-07,5.426e-10,655244621.0,3.55592,0xec...0165,https://bscscan.com/tx/0x74dcf57750dae0af88434fced99404cdabd5f19af4af98513f2568bb2068060b
2023-03-20 04:58:54,True,1.81e-07,5.451e-10,973982426.0,5.31,0xde...fa58,https://bscscan.com/tx/0xf5d5d723716e7ceaec1407e5a74b59d260b249b2787714156b57831ac373d435
2023-03-20 04:57:00,True,1.807e-07,5.441e-10,556865698.0,3.03,0x2a...576a,https://bscscan.com/tx/0xcabd45e66a7fa48b377badd50024d207b59816b52d99f7fe47ddf90a799cf169
2023-03-20 04:56:18,False,1.798e-07,5.414e-10,654607404.0,3.54449,0x1b...7f6d,https://bscscan.com/tx/0x0cf6c78d66f20564636bb1d8e7a5606e456dbbacf87cd69498a9fc54fa2674ac
2023-03-20 04:54:03,False,1.802e-07,5.422e-10,493139044.0,2.6741,0x08...af7e,https://bscscan.com/tx/0xfa0ad35085366f386336c39b199745606a969663058c1f6e8d67e0f86e806e93
2023-03-20 04:53:03,True,1.81e-07,5.446e-10,927152878.0,5.05,0xec...0165,https://bscscan.com/tx/0x5e724ea80c4ae0dccf377410ac2f813b2b5cf1a322045f984cef5ec43ca803d4
2023-03-20 04:52:51,False,1.8e-07,5.418e-10,765914508.0,4.15008,0xde...fa58,https://bscscan.com/tx/0xda5b6835df7bd0c2f7eaa0511e2427cd8f8dfe8c21f635fd81333aba00ef4f35
2023-03-20 04:50:12,False,1.804e-07,5.426e-10,371189281.0,2.0142,0x1b...7f6d,https://bscscan.com/tx/0xb63c5c26ae1869d19aad650fc02222f49725b11a6d125ad1e5e5da9ca005fd17
2023-03-20 04:49:57,False,1.807e-07,5.433e-10,646010306.0,3.51004,0xec...0165,https://bscscan.com/tx/0xcfbc5e43b7565dc1b96cac3e95ca85263e147fed404204e5536c1d073489c81c
2023-03-20 04:49:48,True,1.826e-07,5.462e-10,424737127.0,2.32,0xde...fa58,https://bscscan.com/tx/0x13e6068e65655256173e0a5b3a0eb58d915f15588a3c68444f85ac25689ed3f5
2023-03-20 04:47:48,True,1.824e-07,5.459e-10,21594222.0,0.1178,0xc9...c262,https://bscscan.com/tx/0xd2ed3c7573384e37b2d086f0e5da6a209d6c9c2c8e704bfdae34f873ef159a3e
2023-03-20 04:47:27,False,1.816e-07,5.433e-10,319958571.0,1.73862,0x2a...576a,https://bscscan.com/tx/0xb17876d77696d1679ac50a633787671fb6baa25cd324b1e15fa723ffb3b712d4
2023-03-20 04:46:48,True,1.815e-07,5.459e-10,606321676.0,3.31,0xec...0165,https://bscscan.com/tx/0xc26325c723d37bd9a3f0e3a9aeadb365e95f9c44c5ad9aa5186c16d4cf6f275e
2023-03-20 04:44:18,False,1.815e-07,5.433e-10,774929086.0,4.21024,0x2a...576a,https://bscscan.com/tx/0xb3c4e17b340515a8525806aefcc685223522af36bb9d7c2fec24b76827e5ebf7
2023-03-20 04:44:06,False,1.817e-07,5.438e-10,12540608.0,0.0682,0x9e...84ae,https://bscscan.com/tx/0x5aaba29a63b6db48502c78ba56478c61c9c1fcd800b8ce15f2bf27978c512315
2023-03-20 04:44:06,True,1.824e-07,5.459e-10,903000104.0,4.93,0x1b...7f6d,https://bscscan.com/tx/0x1e7f40090a95a7132086e138e0fa0dcff4c5292426d09d31fccf5325c15a0528
2023-03-20 04:43:42,True,1.821e-07,5.45e-10,337558432.0,1.84,0xde...fa58,https://bscscan.com/tx/0x6c3cd7a97c858a62e0cc60e345f20650d7ae9814542b0210164d5c5fbb647732
2023-03-20 04:40:30,False,1.806e-07,5.427e-10,829932323.0,4.50413,0xec...0165,https://bscscan.com/tx/0xa271d80ef9f342616de8e4b7c8543e3e0afe56540c0749708b92dddd7d6d1604
2023-03-20 04:38:03,False,1.818e-07,5.435e-10,388348525.0,2.11089,0x1b...7f6d,https://bscscan.com/tx/0x60e827ce9ec29a4a1e1091461a1618232634e88da2a4c56d299c8120bcfe001a
2023-03-20 04:37:57,True,1.826e-07,5.459e-10,824209640.0,4.5,0x2a...576a,https://bscscan.com/tx/0xfabcab78667ded3ac77f573eeb8a6806d394e307e68acccfeb79aaa845630d2c
2023-03-20 04:37:36,False,1.807e-07,5.43e-10,603558565.0,3.27791,0xde...fa58,https://bscscan.com/tx/0xc8d3f72c625bdb8816485adbbfde49a20bd6452fa5a689b76588f67002b2baa8
2023-03-20 04:37:21,True,1.825e-07,5.457e-10,663271698.0,3.62,0xec...0165,https://bscscan.com/tx/0x045a059b0bcdbe96ae1d441c8dca19f7ffddbfadb37851f37c128803a1bba957
2023-03-20 04:35:24,False,1.805e-07,5.425e-10,46465.4,2.521e-05,0x20...804a,https://bscscan.com/tx/0x78d467b73e3645afef0b8b7fff7dda295a11bacd4c2cd33c80341386a2162698
2023-03-20 04:35:00,False,1.814e-07,5.428e-10,341076164.0,1.85146,0x1b...7f6d,https://bscscan.com/tx/0xcde761ccdf492f223469a1f57aa13e274ff72c3369d6880dd9a7b1e4eace1284
2023-03-20 04:34:12,False,1.808e-07,5.435e-10,637341305.0,3.46401,0xec...0165,https://bscscan.com/tx/0x3d94fb42dd2d85ffab8fdceeef2f9ccba6ef4ea094a2ee9ff1e17322e2f54fa6
2023-03-20 04:31:36,False,1.82e-07,5.444e-10,699425984.0,3.80796,0x2a...576a,https://bscscan.com/tx/0x145460dbc8512601c5e11deb6c2bd8dd8397bbc65e14869ab2e636e4f765a7c0
2023-03-20 04:28:57,True,1.831e-07,5.473e-10,486003905.0,2.66,0x1b...7f6d,https://bscscan.com/tx/0x7467c8d74a4dd2f5128b4afefedbafc9810057b820cb47c4f2b7873e6ddea0c4
2023-03-20 04:26:12,True,1.828e-07,5.467e-10,387776036.0,2.12,0x08...af7e,https://bscscan.com/tx/0x93ee3993fd602b94efa2152d62d911435b9567dff7bd446245970471c6d9821b
2023-03-20 04:26:09,True,1.827e-07,5.464e-10,732017.0,0.004,0x18...693d,https://bscscan.com/tx/0x85a83ab970329adda0d85a35b51277a1142f16171abda686b62d78aedeca9a48
2023-03-20 04:25:27,True,1.82e-07,5.464e-10,31000000.0,0.1693,0x90...8c95,https://bscscan.com/tx/0xb2df36a3d146bb7f48f2596a767d262eb8fbc6ef592e709917652986e4481757
2023-03-20 04:25:15,True,1.828e-07,5.458e-10,833628186.0,4.55,0x2a...576a,https://bscscan.com/tx/0xfd69de46da1808a96e52aa10046ca2626368fd2c8c74d10ed05292bf0bd03581
2023-03-20 04:24:48,True,1.824e-07,5.445e-10,954903804.0,5.2,0xec...0165,https://bscscan.com/tx/0x30030162915859c2b755f9eae645cc773af221b024fea6277f373145f62e89b4
2023-03-20 04:23:09,True,1.826e-07,5.436e-10,279566940.0,1.52,0x08...af7e,https://bscscan.com/tx/0x60a40a58326eed09002d6cd07520db2fe4b091c5b242c2ed125f20007942cb76
2023-03-20 04:22:48,True,1.815e-07,5.43e-10,591059358.0,3.21,0x1b...7f6d,https://bscscan.com/tx/0xf72dbae57f2aafe190236fde1648c39cf747fc3d100cad06954c0728a4e5e9ea
2023-03-20 04:22:24,True,1.812e-07,5.421e-10,809782430.0,4.39,0xde...fa58,https://bscscan.com/tx/0x6ebd62d288e065589b28939ab50d1707a08593feeea91ca72710d24aedc16ce1
2023-03-20 04:22:06,True,1.811e-07,5.415e-10,314000.0,0.0017,0x90...8c95,https://bscscan.com/tx/0x676461e0f1736acee66ca37464457143b4ba6d54fb0c6200a0a2fec9bf7ff3ec
2023-03-20 04:22:06,False,1.803e-07,5.391e-10,442386943.0,2.38518,0x2a...576a,https://bscscan.com/tx/0xa448bbe74b489f8c39b8df88c14f1b33bb80b27243f91cd77b99e47f8ab5530b
2023-03-20 04:20:30,True,1.823e-07,5.421e-10,60000000.0,0.3252,0x90...8c95,https://bscscan.com/tx/0xfcae2c8add057ed4f15bfb7b15b5d944c00d36624151ec08de232c8f81ae254a
2023-03-20 04:20:03,False,1.816e-07,5.398e-10,703086945.0,3.79572,0x08...af7e,https://bscscan.com/tx/0x2edffac3b8756bda0ebe5b2acd72eb7161a0bb34d85e5da2d808b0386822440e
2023-03-20 04:18:54,True,1.816e-07,5.426e-10,663471933.0,3.6,0x2a...576a,https://bscscan.com/tx/0x486baba20b25f062f9d58d2c3cd6dc27e95d725a07ba46f0d53bd8ce04479146
2023-03-20 04:16:19,False,1.815e-07,5.397e-10,419449193.0,2.26386,0xde...fa58,https://bscscan.com/tx/0x97f9a3fe624168076c6dcefb485e89f9ba790c0c7e8af9a7b4f0adbe86577623
2023-03-20 04:15:22,False,1.808e-07,5.402e-10,398147682.0,2.15113,0xec...0165,https://bscscan.com/tx/0x263a8fff9fadc78b7af6c89091b6a05780a7baaf954f8286e5ac4894a8aa4410
2023-03-20 04:14:22,True,1.826e-07,5.432e-10,6000000.0,0.0326,0x4d...0910,https://bscscan.com/tx/0x7eda490259782855a9a52b0fe12fea61782ae07a7e7a29c0545d5cd54e4be195
2023-03-20 04:13:52,True,1.823e-07,5.424e-10,1161381755.0,6.3,0x08...af7e,https://bscscan.com/tx/0x399583c4974ecad4b6253559f4db47d82e3a85006d86a56ac3167abd1e1c999b
2023-03-20 04:13:40,False,1.803e-07,5.391e-10,281270681.0,1.51645,0x1b...7f6d,https://bscscan.com/tx/0x6979374dc949e4e1a953ffe82effc0ebab999b61ea1b4824341ae015509fdb44
2023-03-20 04:13:19,False,1.805e-07,5.396e-10,487976002.0,2.63347,0xde...fa58,https://bscscan.com/tx/0xf8478246ec78290b12909c560a7565d0919202f034c9db6bd5ae173ac0ccff9d
2023-03-20 04:12:34,False,1.818e-07,5.404e-10,695556725.0,3.75939,0x2a...576a,https://bscscan.com/tx/0x442a7897600292d32b5dd1cddb65992f385d91402d03fbf49be8d857e9fba964
2023-03-20 04:10:46,False,1.82e-07,5.411e-10,292078469.0,1.58063,0x08...af7e,https://bscscan.com/tx/0x06f640fde5d6b3f8000cc82c4735622f3852f2fa36b4a3d37ad9c06c4ce989e1
2023-03-20 04:10:40,False,1.822e-07,5.417e-10,522681611.0,2.83153,0x1b...7f6d,https://bscscan.com/tx/0x2889663debdf1f9f1b4bd41326a05c9b8c355e2e582c06ec716ebc8b751b1552
2023-03-20 04:10:16,True,1.821e-07,5.442e-10,852598907.0,4.64,0xde...fa58,https://bscscan.com/tx/0xd24894f85cfe79696526a4dd2d809062c00ecaf45e20544ccd3e1acf2f2d5e75
2023-03-20 04:07:40,False,1.82e-07,5.411e-10,368901205.0,1.99637,0x08...af7e,https://bscscan.com/tx/0xa2afce2225c80ff4ef777db58b2b0b03c583871a299e473104ecd1f1ceb37698
2023-03-20 04:06:13,True,1.828e-07,5.436e-10,761579464.0,4.14,0x2a...576a,https://bscscan.com/tx/0x8e74e638f019f80c53788fcf02dbbae3acd450dedeb4eed83371de7df815c415
2023-03-20 04:04:34,True,1.825e-07,5.426e-10,582302035.0,3.16,0x08...af7e,https://bscscan.com/tx/0x218128092b020dfcdb3aa0990296ad2f7a630c6e12a8c9297af0ee6179aea5ec
2023-03-20 04:03:28,True,1.823e-07,5.422e-10,79188614.0,0.4293,0x06...c25a,https://bscscan.com/tx/0xacda46ba3b2aaa806a20807f7654b2464a4637889a8b84cb40c72e8ec4f0e332
2023-03-20 04:03:04,False,1.806e-07,5.398e-10,586920122.0,3.16853,0x2a...576a,https://bscscan.com/tx/0xa235b47b6ac06b6c4fa99edbee0662a550d1e28b70a000bd15c398566a06befb
2023-03-20 04:02:49,False,1.817e-07,5.404e-10,247442138.0,1.33726,0xec...0165,https://bscscan.com/tx/0x1a137e6bff0897f0720397e8c2b3a73b77ce4c684c0e175a602d675ecb996e14
2023-03-20 04:01:31,False,1.811e-07,5.412e-10,952441852.0,5.1552,0x08...af7e,https://bscscan.com/tx/0xdc36fa8ba1a55bd002cf2c9bb927b70da32562b9ffa653afaac7636447579b75
2023-03-20 03:58:28,False,1.822e-07,5.421e-10,366631995.0,1.98778,0x1b...7f6d,https://bscscan.com/tx/0x4c746a52785591858f9091aa1f105741d45344581d556b37d5f38feaac3d1f28
2023-03-20 03:56:43,False,1.815e-07,5.427e-10,515328706.0,2.79713,0x2a...576a,https://bscscan.com/tx/0xd553d615a7b4b87e8c34cb591c3f7cb43553e2c1dad8d2c97f9c39f5a17bb47f
2023-03-20 03:56:31,True,1.833e-07,5.455e-10,502276584.0,2.74,0xec...0165,https://bscscan.com/tx/0x0c1ebf4c0e8dce96690aa061e99968fbeb33f400d002867d014474980b44f9a8
2023-03-20 03:55:19,True,1.822e-07,5.449e-10,341330175.0,1.86,0x08...af7e,https://bscscan.com/tx/0xfa45f87901c408639ca7ab6572bb9d581c00add628fc854b6f7cbdbaa22008a7
2023-03-20 03:55:01,False,1.813e-07,5.422e-10,411020765.0,2.22878,0xde...fa58,https://bscscan.com/tx/0x58661788d4f297624a33b4d3d8a437ce0bbd8526d2127ef816ca9bfcbdb1effb
2023-03-20 03:53:22,False,1.825e-07,5.431e-10,936490611.0,5.08692,0xec...0165,https://bscscan.com/tx/0xab2d1bcc027f4ff6373e5b65b04358759bceff40daccb3122868379c80cb70c3
2023-03-20 03:52:22,True,1.834e-07,5.461e-10,560258819.0,3.06,0x1b...7f6d,https://bscscan.com/tx/0x72bec57c90007da52aedc2630f7abbf425c8832a5688156ea1b603049efb4d53
2023-03-20 03:52:13,False,1.824e-07,5.432e-10,281193214.0,1.52758,0x08...af7e,https://bscscan.com/tx/0x99a0eb649f8d91572ce1ded45e446061b6d6148cd941b6490b0ba0da1b9b303c
2023-03-20 03:49:22,True,1.821e-07,5.457e-10,667021368.0,3.64,0x1b...7f6d,https://bscscan.com/tx/0x11e3c82426c27934aaf9960c4efb7282885fc2300fa377725b0c5f6a1d273a48
2023-03-20 03:49:07,True,1.827e-07,5.45e-10,293557229.0,1.6,0x08...af7e,https://bscscan.com/tx/0x44298f0870db2e204be7328c4834338482bb2df21cf1c9065b1b798c5e389e59
2023-03-20 03:48:55,False,1.818e-07,5.423e-10,301276601.0,1.63389,0xde...fa58,https://bscscan.com/tx/0x7313244ba00dbc337fd7ba7674de7188c846e7fd95f0bf36191524db8b8ac278
2023-03-20 03:43:15,False,1.825e-07,5.432e-10,979570381.0,5.32114,0x1b...7f6d,https://bscscan.com/tx/0x4060adbf01f60aaed7e52978cc1f65fa94bf97ce0ab9d5ac560bc5a6c03e3ed4
2023-03-20 03:43:00,False,1.82e-07,5.443e-10,667366962.0,3.63286,0x08...af7e,https://bscscan.com/tx/0x23df9cc3166eb8cfe9f2129b819760cd525ff1bc7d3b6f369f3438192016301c
2023-03-20 03:40:50,True,1.831e-07,5.473e-10,286834157.0,1.57,0x2a...576a,https://bscscan.com/tx/0xe987b17a52a253f0e8b3280c4593895d6aa7e3ee89f118e3aca2ac3f7f40a4d8
2023-03-20 03:40:14,False,1.822e-07,5.446e-10,345831294.0,1.88361,0x1b...7f6d,https://bscscan.com/tx/0x49475fdefcb0f9f64c6b4c65e36fd2edf2d6ab8b5ecaa13aa2b7982ff27b3138
2023-03-20 03:34:08,True,1.835e-07,5.474e-10,310547862.0,1.7,0x1b...7f6d,https://bscscan.com/tx/0xc25a4dd752a8de0c6193b5fc4238957a7d456fbc09979eeda2b02020ecf342d7
2023-03-20 03:33:44,True,1.842e-07,5.468e-10,466286624.0,2.55,0x08...af7e,https://bscscan.com/tx/0x2c87f91c829d4f8c62755d88d2e97b867753aea00c5990475647ece69851372f
2023-03-20 03:31:20,True,1.831e-07,5.461e-10,585934488.0,3.2,0x2a...576a,https://bscscan.com/tx/0x39d62d344dfa2d5b483d70f356ab87abde4117762005e6ca2b126980ce3ee2cf
2023-03-20 03:30:41,True,1.836e-07,5.453e-10,607003585.0,3.31,0xde...fa58,https://bscscan.com/tx/0x8d1f1f7393e3c855808c1a242ac28fc0d0d533398ff301ed17ed393f4dd846d4
2023-03-20 03:28:14,True,1.834e-07,5.446e-10,290081009.0,1.58,0xec...0165,https://bscscan.com/tx/0x3ce4a4755bdbff54b6f7c912e376a012cd4b1500d0e6ab3b254e137eb22f60e7
2023-03-20 03:27:38,False,1.818e-07,5.422e-10,756182610.0,4.10062,0xde...fa58,https://bscscan.com/tx/0xe40fa757633bd5f65bfd76e996104d253941578db3d4e4bc0ebe540ab360cd3c
2023-03-20 03:27:29,True,1.828e-07,5.45e-10,654963518.0,3.57,0x08...af7e,https://bscscan.com/tx/0x85885490152564d0288f6a30b9dae43b4c6f8d8fd9c92bf978cb09a61865df09
2023-03-20 03:25:02,True,1.823e-07,5.441e-10,709406324.0,3.86,0x1b...7f6d,https://bscscan.com/tx/0x8585cc2d72f20be4b3b6e4a54e5351240cf54ada46a60690874c8b23e5be4994
2023-03-20 03:24:59,False,1.815e-07,5.416e-10,1056735423.0,5.72371,0x2a...576a,https://bscscan.com/tx/0x5759467f9a353cdf89be64364e3a1d2455147c834a68f46cd8d101b20ff77027
2023-03-20 03:18:53,False,1.831e-07,5.428e-10,726433338.0,3.94363,0x1b...7f6d,https://bscscan.com/tx/0xcae27f34abae512027ea0d7d66ac31b4033d476aeb70aab2332f11a3e22519b7
2023-03-20 03:18:50,False,1.834e-07,5.437e-10,544070322.0,2.95843,0xec...0165,https://bscscan.com/tx/0x22f1f018e93610ea966a1fe82ff67d5a97f602b3f9dc942b47ed28efb82a2d59
2023-03-20 03:18:29,True,1.843e-07,5.466e-10,329286606.0,1.8,0xde...fa58,https://bscscan.com/tx/0xe3969d3cb60c480f70e4f2f54113aa86a35bfab65e75e06780680e83e186062c
2023-03-20 03:15:41,True,1.832e-07,5.456e-10,1145521753.0,6.25,0xec...0165,https://bscscan.com/tx/0xa0d863e73a9f7aade7da803f9d22cbd85ddcd33e271f98526478f8f2db1c08b5
2023-03-20 03:15:29,True,1.836e-07,5.442e-10,845256671.0,4.6,0x2a...576a,https://bscscan.com/tx/0x12dd89086d189f298535f25bbb0fe4bf4d27d37ff931477a30c6395d4f45b61c
2023-03-20 03:12:26,False,1.827e-07,5.413e-10,564074350.0,3.05334,0xde...fa58,https://bscscan.com/tx/0x87b86c7c795e689f3455e497fabf9fc12ef3bf495a4823a43e3fc2b1da334e94
2023-03-20 03:09:23,False,1.819e-07,5.421e-10,658464346.0,3.56984,0xec...0165,https://bscscan.com/tx/0x6cebaa46cce20eabd471a69f965d642964efc06f21a0715542bb3dfcb858b26d
2023-03-20 03:09:23,True,1.827e-07,5.444e-10,1186415812.0,6.46,0xde...fa58,https://bscscan.com/tx/0xf43e21d2658447d7a5a4af6404bd35adc0d219601f6ab931ba1162d38cf8334c
2023-03-20 03:09:08,False,1.826e-07,5.415e-10,798805998.0,4.32561,0x2a...576a,https://bscscan.com/tx/0x5e6714a2685477f2ec9dd233450142cc74c10853d44ff488f11cf8550f556454
2023-03-20 03:08:56,False,1.829e-07,5.423e-10,363618565.0,1.97195,0x08...af7e,https://bscscan.com/tx/0x0848b42f9db29636064a674d8efcf69044f7b2fcf2481754823071f25d8a2567
2023-03-20 03:06:45,True,1.838e-07,5.45e-10,326569522.0,1.78,0x1b...7f6d,https://bscscan.com/tx/0x2ed39e0e728bc48f2f6b792b0896310e12b82bcab4fd492660b4385a0099922d
2023-03-20 03:05:57,True,1.827e-07,5.44e-10,1064162709.0,5.79,0x2a...576a,https://bscscan.com/tx/0xd4a840ade6dffe6fb9c7a3500a25f99b98fde0776a24b434c8629159e7970ada
2023-03-20 03:03:18,False,1.819e-07,5.413e-10,1007545715.0,5.45418,0xde...fa58,https://bscscan.com/tx/0xdbbab9b1295931195dd6397612a19e1662d2c10d1e566528e0ed14304d19d77f
2023-03-20 03:03:06,True,1.837e-07,5.442e-10,779116680.0,4.24,0xec...0165,https://bscscan.com/tx/0xf52f5217d1cf135a1a598fe74e51634d74d59484762d250782285a3a7eab0147
2023-03-20 03:00:39,False,1.817e-07,5.411e-10,251094261.0,1.35873,0x1b...7f6d,https://bscscan.com/tx/0xa4ebb6e1e5edfaf890bac27e47a82460bad9d22eb2f8a0ff90460fb231e01045
2023-03-20 02:59:39,False,1.83e-07,5.421e-10,1179635166.0,6.39496,0x2a...576a,https://bscscan.com/tx/0x8a3d3223dffe8ef55e8e85ec10d32454a73ae15cc79da71e4bf97a5a2297ec2b
2023-03-20 02:59:18,True,1.842e-07,5.456e-10,19012374.0,0.1037,0x35...383d,https://bscscan.com/tx/0x5627a4ac2b73c09321d3a1fb4b245897a0fdcd4823cdc03ed90135fce52404ed
2023-03-20 02:57:36,True,1.84e-07,5.451e-10,638318937.0,3.48,0x1b...7f6d,https://bscscan.com/tx/0xeaa63caee647b9f65fcf6853413c5be8cb42279f0f3cac0db10f7e6ff85b64a0
2023-03-20 02:56:48,False,1.831e-07,5.424e-10,625510819.0,3.39309,0xec...0165,https://bscscan.com/tx/0xc83c61f05afb75632dd1bbf70f96cb073843c1be2c22ae3fa76ed11bb8e79a18
2023-03-20 02:56:27,True,1.839e-07,5.449e-10,893605019.0,4.87,0x2a...576a,https://bscscan.com/tx/0xee89a488215085cd41606781c2570c53fd6f211b9ad7db284799c227fdabcb41
2023-03-20 02:54:33,False,1.829e-07,5.422e-10,918390828.0,4.98024,0x1b...7f6d,https://bscscan.com/tx/0x2768d37caa9ce316e36da2b2a28ef02b22b175250f7f40e854756322c5934ba9
2023-03-20 02:54:09,True,1.84e-07,5.453e-10,390562945.0,2.13,0xde...fa58,https://bscscan.com/tx/0x6181d560dfb335f103ebbe2aa91a286102701ff2803ddd264a1fc819e9366639
2023-03-20 02:53:30,True,1.828e-07,5.447e-10,519522465.0,2.83,0x08...af7e,https://bscscan.com/tx/0x8aeb964a94e46a32c9af62f320a57226d48c80fb5a5eebd54514eaadf8003f4b
2023-03-20 02:51:00,True,1.837e-07,5.443e-10,25979931.0,0.1414,0x95...7fd5,https://bscscan.com/tx/0x1ba4fe892b3a55cae048ce387937809314b2f7b4e868bb12e711cdc90fa25114
2023-03-20 02:50:42,False,1.829e-07,5.42e-10,569472628.0,3.08659,0xec...0165,https://bscscan.com/tx/0xe979fc8dd069501f08b1a816f930f871706bfba791a4ad8d27bc2da28e46e68c
2023-03-20 02:50:27,False,1.833e-07,5.432e-10,1233050468.0,6.69868,0x08...af7e,https://bscscan.com/tx/0xe330b405473f3708eb6a7e2944260dc6d4be59edff95e530756815964a4f1f90
2023-03-20 02:50:06,False,1.837e-07,5.445e-10,638569420.0,3.47741,0x2a...576a,https://bscscan.com/tx/0x6303f704129e4cd3108dbf4d13dc6e231b842569abe5c961ca4d194006fefdc9
2023-03-20 02:48:03,True,1.847e-07,5.475e-10,339723675.0,1.86,0xde...fa58,https://bscscan.com/tx/0xaf52eb36217975797905265cee026843087dfc5ca22c276e17e32e7ba35a9334
2023-03-20 02:47:24,True,1.843e-07,5.465e-10,976986166.0,5.34,0xec...0165,https://bscscan.com/tx/0x27050a335ddf53823a227d293544ebe120fa9bd23ad5073a943cfeb867c2f1db
2023-03-20 02:46:57,True,1.829e-07,5.456e-10,410551579.0,2.24,0x2a...576a,https://bscscan.com/tx/0xc80f133ae6b3baa8822a673de77324a87317e7009d32b0e3df37a656fedc06b7
2023-03-20 02:46:09,False,1.828e-07,5.425e-10,870155.0,0.0047,0x8c...c214,https://bscscan.com/tx/0x05134cda3c36ed66fe9f82463fb016e244487ba22eeaa52f2153c5783844a5cf
2023-03-20 02:44:15,False,1.831e-07,5.432e-10,972741386.0,5.28466,0xec...0165,https://bscscan.com/tx/0xb861643a22bf6bfcf8188a0db4bddb11f5b1b4ff02333aeb6201a1cc60e20276
2023-03-20 02:42:24,True,1.831e-07,5.459e-10,1020211733.0,5.57,0x1b...7f6d,https://bscscan.com/tx/0xa6739856d315b191a8cce069ff5863d7f6769674178ae2e72446495be568221c
2023-03-20 02:37:57,True,1.835e-07,5.449e-10,471626731.0,2.57,0xec...0165,https://bscscan.com/tx/0x29a8aaefc37c5710833c7b849c587c2fa3a0d71494ea52fa757bd93b2d8a48f0
2023-03-20 02:36:45,True,1.835e-07,5.445e-10,18039995.0,0.0982,0x0f...fe2e,https://bscscan.com/tx/0x56fe4e2e1b27463f2def260b6f940357f0a21e1281cbe57911662f16a64e922a
2023-03-20 02:35:54,False,1.828e-07,5.424e-10,894470941.0,4.85223,0xde...fa58,https://bscscan.com/tx/0xf99bbc7b92d9e3e2589ae98d10d61c0cc2516b3669aa0901a2d27debe61ef348
2023-03-20 02:34:57,True,1.837e-07,5.451e-10,994277520.0,5.42,0x08...af7e,https://bscscan.com/tx/0x752f0d4fcb015d588abe651bd378d4d3dff51f080077ce6317f95eb63629dbed
2023-03-20 02:34:51,False,1.826e-07,5.42e-10,463994229.0,2.51498,0xec...0165,https://bscscan.com/tx/0x898b6f2246026f1b6b4f7a3062b36e44db69fe91040902252b628dbc63bc8d6e
2023-03-20 02:34:15,False,1.819e-07,5.425e-10,245949079.0,1.33433,0x2a...576a,https://bscscan.com/tx/0xe1a3cb048ea6f55992894b2c762ac230b50353be1a47cb3370ff6da3259252b4
2023-03-20 02:31:51,False,1.83e-07,5.433e-10,989504405.0,5.37677,0x08...af7e,https://bscscan.com/tx/0xc54c9d3ce53ddd068b4c50afd0ff987f52ceb680c1dc5e320c3fab82b97abcd2
2023-03-20 02:31:42,True,1.84e-07,5.461e-10,882495771.0,4.82,0xec...0165,https://bscscan.com/tx/0xe3a6774f8badb609ded66a6879c1543574bed0f9442ef749db150ff27aef4588
2023-03-20 02:28:48,True,1.828e-07,5.451e-10,627382218.0,3.42,0x08...af7e,https://bscscan.com/tx/0xa070b39ee37f3bab1b112b17704cf0532ca3b67fbb48386098e675f3dc92d01c
2023-03-20 02:28:33,True,1.825e-07,5.444e-10,284672163.0,1.55,0xec...0165,https://bscscan.com/tx/0x096ee4a35eb87647899f1ebcd6875e5a8f226c8de593327284eb4bb1defc761d
2023-03-20 02:25:24,False,1.824e-07,5.423e-10,1074677678.0,5.82814,0xec...0165,https://bscscan.com/tx/0xf4bd10051b569dfc2b351578cb34d7adc704dd689264905982da25f12f22e63d
2023-03-20 02:24:18,True,1.835e-07,5.457e-10,58226604.0,0.3177,0x11...35f4,https://bscscan.com/tx/0xc70818b53d18954804adf5fe34b117805c2911b3258974e392aa8ce888982197
2023-03-20 02:24:09,False,1.826e-07,5.431e-10,310159231.0,1.68477,0x1b...7f6d,https://bscscan.com/tx/0x87a43666c9c1f080a914bd5f2682b8f47fa02cb5125b130b017b282ef01b5bd5
2023-03-20 02:23:45,True,1.833e-07,5.454e-10,1021228795.0,5.57,0xde...fa58,https://bscscan.com/tx/0x7c62ee53ab6f06301603b03b812c4e3b465ac927678d0c7da1260eb19cf8d606
2023-03-20 02:22:36,True,1.829e-07,5.443e-10,521728327.0,2.84,0x08...af7e,https://bscscan.com/tx/0xdcd3d99c9112dc399d7c955be35faf802aa8abb4ee782d34ec92a565ce82f163
2023-03-20 02:22:15,True,1.818e-07,5.436e-10,485612622.0,2.64,0xec...0165,https://bscscan.com/tx/0x0494d6c095db3ce34dd6ccf8ee1a9a2aaa84818320ddd6b06736db219e6ed82d
2023-03-20 02:21:06,False,1.816e-07,5.407e-10,285154828.0,1.54209,0x1b...7f6d,https://bscscan.com/tx/0xbfef35c15d9c1d17c866d561e8bdf8aec375d38917f3267fd9fe61bd73945b72
2023-03-20 02:20:39,False,1.818e-07,5.414e-10,723624279.0,3.91833,0xde...fa58,https://bscscan.com/tx/0xaa4282ad9dd9ade9e4cd5b1701898b2944eb2df623244982fa1569151bcba58e
2023-03-20 02:19:36,True,1.829e-07,5.447e-10,16063.7,8.75e-06,0x8e...4f73,https://bscscan.com/tx/0x02abf97286b81b1a5774e2ee7938730b101e2256f574cfdd098d4d8146086830
2023-03-20 02:19:36,True,1.829e-07,5.447e-10,6393394.0,0.0348,0x8e...4f73,https://bscscan.com/tx/0x02abf97286b81b1a5774e2ee7938730b101e2256f574cfdd098d4d8146086830
2023-03-20 02:19:30,False,1.813e-07,5.426e-10,979634793.0,5.31607,0x08...af7e,https://bscscan.com/tx/0x7bae2c50899a0ab587f7b5312b9e30ba7fff1bee5b14e1cdea645cdb1bee383e
2023-03-20 02:19:09,True,1.824e-07,5.459e-10,108180416.0,0.5906,0xc4...dcfe,https://bscscan.com/tx/0xf97262910285a0b6c09fab81ffa1b2e9073460ad9f34dea9cecd52cfecb98138
2023-03-20 02:18:06,False,1.824e-07,5.434e-10,371672269.0,2.01984,0x1b...7f6d,https://bscscan.com/tx/0x8e4a79e205192f07362918799a13a6a10b368d0a19a3999eb57a9d1e25804212
2023-03-20 02:16:02,False,1.826e-07,5.44e-10,487887175.0,2.65432,0xec...0165,https://bscscan.com/tx/0x949646061a3afcbabab35ed95c3ca2e341df15f12cf979ffd24ec2e9872307a8
2023-03-20 02:13:20,True,1.832e-07,5.467e-10,583495309.0,3.19,0x08...af7e,https://bscscan.com/tx/0xb550473230cd8b5774eb66cfa2974fe8a941462f934650004d912e7bd670bd68
2023-03-20 02:12:50,True,1.821e-07,5.46e-10,408417237.0,2.23,0xec...0165,https://bscscan.com/tx/0x7161afe17375df7c5257c13690b19f88ffa70eea3ccbeab1965d97a388fbfad4
2023-03-20 02:12:05,True,1.817e-07,5.451e-10,858520321.0,4.68,0x2a...576a,https://bscscan.com/tx/0x1b866a6cc42f4e6c23fa8c18acb19886e54096fa76ec7af47d5017df8209bde9
2023-03-20 02:08:56,False,1.808e-07,5.422e-10,574232815.0,3.11352,0x2a...576a,https://bscscan.com/tx/0x9b5661d56d1013810f04f72e7baa0c45fffec4f6234423a22a099a6f8c4d6557
2023-03-20 02:07:11,True,1.816e-07,5.45e-10,420159376.0,2.29,0x08...af7e,https://bscscan.com/tx/0x85ba63bb4475c103555e2a03047e3e8456f0c14c2185afc548aa6e96ed922f2b
2023-03-20 02:06:32,False,1.807e-07,5.422e-10,361992706.0,1.96297,0xec...0165,https://bscscan.com/tx/0xb9c6d5ecf9445e6b69ada721bc7d34ff1ba0897eb378910bddd049540fd0a927
2023-03-20 02:05:29,True,1.825e-07,5.449e-10,425731124.0,2.32,0xde...fa58,https://bscscan.com/tx/0x58a9411d295b9e2a62d428d214bfcfe68559d1e1a0df5fac0cb88408f797722f
2023-03-20 02:04:05,False,1.807e-07,5.421e-10,325821357.0,1.76645,0x08...af7e,https://bscscan.com/tx/0x2e4b38cda96c03f7213f1e2dcf89044fd4d5d7f8dd80745a1e20cba6add7f6c1
2023-03-20 02:03:26,True,1.825e-07,5.447e-10,499308971.0,2.72,0xec...0165,https://bscscan.com/tx/0x369abcfe6501a1a931e615578219209367bb57f6b126e8c21262a14b149ce0af
2023-03-20 02:02:50,True,1.826e-07,5.441e-10,384094407.0,2.09,0x1b...7f6d,https://bscscan.com/tx/0xe5ba333528d96fbdfb2b1d19fd3e94fb5262875c6a121b11e67781ec42329b6d
2023-03-20 02:00:26,False,1.82e-07,5.416e-10,788989183.0,4.27385,0xec...0165,https://bscscan.com/tx/0x1ff3ec0c50a750ed120be27493c7c1dc1b177d67ad28568899faa36bb5edebe1
2023-03-20 01:57:08,True,1.829e-07,5.443e-10,911210355.0,4.96,0xec...0165,https://bscscan.com/tx/0x7ec6fdd35380bee64e017302850d57328c13da3876dc14ad48ba93c538c0d730
2023-03-20 01:56:44,True,1.816e-07,5.432e-10,670065299.0,3.64,0x1b...7f6d,https://bscscan.com/tx/0xc773134f15166dbf285fb8eb0c200d7c19bb141fd44f39e17dc3c9b61199d9b6
2023-03-20 01:56:11,True,1.824e-07,5.425e-10,370501109.0,2.01,0x2a...576a,https://bscscan.com/tx/0x0016b1cc636c2c64cd09d274002a40b916b6cc8cced4f99b127b864e5424c65e
2023-03-20 01:53:59,True,1.822e-07,5.419e-10,380081969.0,2.06,0xec...0165,https://bscscan.com/tx/0xebccb5a64f11c4617a0356bfd4a20e433671f708817479b2570867d5bb89444e
2023-03-20 01:51:47,True,1.812e-07,5.414e-10,435887819.0,2.36,0x08...af7e,https://bscscan.com/tx/0x6e5c77e99b21bf93793248ba175dff41b9b85e06270ee5ba6f190cd0a79316e6
2023-03-20 01:50:50,False,1.804e-07,5.392e-10,1162426070.0,6.26803,0xec...0165,https://bscscan.com/tx/0x923a0a44a0471dd346d72236f6e259592c5203d01ecc1972429f29bf47f4f14f
2023-03-20 01:49:50,False,1.818e-07,5.403e-10,545310468.0,2.94683,0x2a...576a,https://bscscan.com/tx/0x4248819c44ae461cd62c2b90b09a9ea1eaa688b93d1b252a0eee7e04d45fb4c3
2023-03-20 01:48:38,False,1.821e-07,5.412e-10,667630798.0,3.61343,0x08...af7e,https://bscscan.com/tx/0x77dafa535b8fd501de50e4ec704f902afc83b3c116c8b7043632022c0cc285f5
2023-03-20 01:48:32,False,1.822e-07,5.416e-10,7198758.0,0.039,0x32...8069,https://bscscan.com/tx/0x1361f7ed61bd6cc84a8c5054d4c73230a8f119fce53279a0a4c8f67a6a3f9e11
2023-03-20 01:44:59,False,1.816e-07,5.421e-10,601842659.0,3.26271,0xfa...645a,https://bscscan.com/tx/0xa2df6a18928eb822fc317f1d7f000d65f2031d05fd73d8d4996af771fb318dfa
2023-03-20 01:44:35,False,1.818e-07,5.427e-10,349753964.0,1.89839,0x1b...7f6d,https://bscscan.com/tx/0x17d8a8c238615412ec6c4efa227141631d8f511e006c039f14f9681b3ee38873
2023-03-20 01:44:35,True,1.827e-07,5.453e-10,586793562.0,3.2,0xec...0165,https://bscscan.com/tx/0x2bdb646abfd660133f19e0456c64bc281fe74c3f2eba523dfd6c69ca2ed15c19
2023-03-20 01:44:11,False,1.827e-07,5.426e-10,638183112.0,3.46309,0xde...fa58,https://bscscan.com/tx/0x266897092b152389da8929a42410a5f1803eb4111043224896c98e4adcaee7fb
2023-03-20 01:42:41,False,1.827e-07,5.428e-10,122905.0,6.671e-05,0x24...b9d0,https://bscscan.com/tx/0x61d86050159fbcf6cd70931768ae13d2db6811efa6516a84d184ee1c82c8d0bd
2023-03-20 01:41:26,False,1.82e-07,5.433e-10,440754409.0,2.39505,0xec...0165,https://bscscan.com/tx/0xa362679cff6c397d6315a80e3bd7ddc2a31738677aee887b3b1f35b8c52db614
2023-03-20 01:41:08,True,1.837e-07,5.456e-10,1084899409.0,5.92,0xde...fa58,https://bscscan.com/tx/0x69093ac82a008a3a07cf2400b9d71c2c51b7b57bb116044c25e95e15edf37816
2023-03-20 01:40:20,True,1.833e-07,5.445e-10,521530646.0,2.84,0x2a...576a,https://bscscan.com/tx/0xcb768b2168278f1470868902818a5bf7b7a07aed33bb3d723ba814e764fd2232
2023-03-20 01:38:29,True,1.822e-07,5.439e-10,325391036.0,1.77,0x1b...7f6d,https://bscscan.com/tx/0x2edc983c5b81b5620a2431d59dc4dcdcdc3c4beaed6c012a5a87ad963f599cc6
2023-03-20 01:37:09,False,1.822e-07,5.412e-10,304921673.0,1.65033,0x2a...576a,https://bscscan.com/tx/0xc65ed454d52e8c92c019090165d2b3dc17f0e51cdd9a8e05503e961b5799a2df
2023-03-20 01:36:15,False,1.815e-07,5.418e-10,636893501.0,3.45121,0x08...af7e,https://bscscan.com/tx/0xcef266be699e8aa34a4d9712b9e7c7ab978f8812843d3d9028a7b7274afa30f9
2023-03-20 01:35:27,False,1.827e-07,5.428e-10,701564243.0,3.80816,0x1b...7f6d,https://bscscan.com/tx/0x361bd0acb9f6891a8001656e06b87f1ec1f9d5789e06187dab26af44f608e41f
2023-03-20 01:35:09,True,1.837e-07,5.457e-10,458125327.0,2.5,0xec...0165,https://bscscan.com/tx/0x72258ddcce3cd01a396a4a6f71e9889f5bd2009e8d65f33c1ea67f6c8b915213
2023-03-20 01:35:03,False,1.828e-07,5.433e-10,951856397.0,5.17163,0xde...fa58,https://bscscan.com/tx/0xe01683d9d16af14ddf299b65ce327a326ddf348e92220dd29202054be307c4ec
2023-03-20 01:34:00,False,1.831e-07,5.442e-10,411305155.0,2.23854,0x2a...576a,https://bscscan.com/tx/0x6c2574a4e5e1fc2ac61700555ea8bf7f3064bf6e79a8dbf2cea785cfd1086d5d
2023-03-20 01:29:00,False,1.823e-07,5.445e-10,33654163.0,0.1832,0x14...0d49,https://bscscan.com/tx/0xb07340a3bd07b4b65258124b1c2b15dfe592dad4add51151e893a9962481e478
2023-03-20 01:27:39,True,1.831e-07,5.47e-10,365578464.0,2.0,0x2a...576a,https://bscscan.com/tx/0x8dbffc049127ea526f5fcb35f69db10850b565bffc436b1286eff3532f429692
2023-03-20 01:27:00,True,1.837e-07,5.461e-10,939280674.0,5.13,0x08...af7e,https://bscscan.com/tx/0x036eb1eef4ceac3bc562967305b2fee4faeb2af7365ff0aac0aa2ee5721046ed
2023-03-20 01:26:18,True,1.833e-07,5.451e-10,541158047.0,2.95,0x1b...7f6d,https://bscscan.com/tx/0x8e5f569830c7e3311c77634e83c5fba4c08c9011d01cc5d6f5a12ba88ba3a9bf
2023-03-20 01:25:45,True,1.821e-07,5.443e-10,591545458.0,3.22,0xec...0165,https://bscscan.com/tx/0x4c246dbcf6d02fa295c4e62bd0baf180140e1895adc46398e3a1429c323a11ef
2023-03-20 01:24:30,True,1.828e-07,5.436e-10,430443513.0,2.34,0x2a...576a,https://bscscan.com/tx/0xdf801ef3ded5f8db1831516baca1b2a7b1afdd61130a9d8a301ae315306640ca
2023-03-20 01:23:18,False,1.81e-07,5.41e-10,598806583.0,3.23962,0x1b...7f6d,https://bscscan.com/tx/0x81d55c4aadaddae123df1955843f54d3637fbc609539d43adf7e8cac7025b389
2023-03-20 01:22:39,False,1.823e-07,5.422e-10,1131713442.0,6.13643,0xec...0165,https://bscscan.com/tx/0x87fc4add693ffbbf3a4939c75662eda7c59d1bbe0d36af1d3edf080c35de01be
2023-03-20 01:21:18,False,1.826e-07,5.432e-10,414422370.0,2.25154,0x2a...576a,https://bscscan.com/tx/0x54b5eafbc98e9b60a2754ae9ce0a31a50e4da8ce4efc0f2a66d1ec5068028afc
2023-03-20 01:19:51,True,1.834e-07,5.456e-10,899791013.0,4.91,0xde...fa58,https://bscscan.com/tx/0x69c489809962f1cbbe1085044d27ad74670cc8415dc758b628c5eec20700397c
2023-03-20 01:16:48,False,1.822e-07,5.425e-10,344864333.0,1.87114,0xde...fa58,https://bscscan.com/tx/0x5fad0e44e939193d38a46cd984fd672ac0ccbd6c3a6e251b18441195c43d59f0
2023-03-20 01:14:57,False,1.814e-07,5.431e-10,442431327.0,2.40292,0x2a...576a,https://bscscan.com/tx/0x941bb2dfa44fb4a3bb6997768ab8b597651447c15b54e1891e2f0d35bcf31f22
2023-03-20 01:14:09,True,1.834e-07,5.461e-10,27142239.0,0.1482,0xb2...67a9,https://bscscan.com/tx/0x0e634ece2f9f71981db0441531da7837b005f8fc17c37b71b42370d5cc035ead
2023-03-20 01:13:45,False,1.826e-07,5.438e-10,702721590.0,3.82194,0xde...fa58,https://bscscan.com/tx/0x4c065cf6a2baa7058d5d1de5c60d957e9e67ccabbd0f2fcebd22f2a864402922
2023-03-20 01:13:09,True,1.827e-07,5.467e-10,526770562.0,2.88,0xec...0165,https://bscscan.com/tx/0xa770bc8def6ace9f18737a5003605f032b24af8ec696ab36a9facd5404ee2853
2023-03-20 01:12:24,True,1.826e-07,5.463e-10,70060.0,3.827e-05,0xa5...37f6,https://bscscan.com/tx/0x72ab4b9dc09f2383a9b531a5eef0c4e47894e0d38acab086bbd85d547d7b0d26
2023-03-20 01:12:24,True,1.826e-07,5.463e-10,27884883.0,0.1523,0xa5...37f6,https://bscscan.com/tx/0x72ab4b9dc09f2383a9b531a5eef0c4e47894e0d38acab086bbd85d547d7b0d26
2023-03-20 01:10:03,True,1.836e-07,5.459e-10,544017879.0,2.97,0xec...0165,https://bscscan.com/tx/0xf8eede2d2d94e3674a5232619a69c8c54f5dbcb40edbec22a6a672ad3b6c8a0f
2023-03-20 01:08:27,True,1.833e-07,5.453e-10,315401346.0,1.72,0x08...af7e,https://bscscan.com/tx/0x40dc50f439db2a241e695338d527c95d004c41649cc2a87c03b2391758c5ea14
2023-03-20 01:07:39,True,1.822e-07,5.446e-10,664644148.0,3.62,0xde...fa58,https://bscscan.com/tx/0x0e027bd2fade58259a0bd1e705b74bb8bf7f64f2e660cfb6c5e7bdbd67230d69
2023-03-20 01:06:51,False,1.824e-07,5.421e-10,1030934236.0,5.58959,0xec...0165,https://bscscan.com/tx/0xc2795af73fd1e90141392c64e3af27b25cd6b2746c7982dc6e8b318daf75da41
2023-03-20 01:05:27,True,1.839e-07,5.453e-10,339208170.0,1.85,0x2a...576a,https://bscscan.com/tx/0x992f11547949b76a692044b5154441805668d552652043baf4adf0b82bd48b00
2023-03-20 01:04:36,True,1.838e-07,5.448e-10,407439476.0,2.22,0xde...fa58,https://bscscan.com/tx/0x231bd471328abed910badb30a886bc8842c448788b7f86f80580363444bcb552
2023-03-20 00:59:09,False,1.818e-07,5.42e-10,282928441.0,1.53364,0x08...af7e,https://bscscan.com/tx/0x0c698de962d92eb13c55a9c27f71fdc050376e02736c8c31abec6c5e64c1b57d
2023-03-20 00:59:06,False,1.819e-07,5.425e-10,372701965.0,2.02196,0x2a...576a,https://bscscan.com/tx/0x267c8546e0b19e380128868924b89ea9e4571636650708c0f4c6c62a242fc630
2023-03-20 00:58:57,True,1.828e-07,5.452e-10,385161278.0,2.1,0x1b...7f6d,https://bscscan.com/tx/0x52f1da991e72375c859aa62374a3ea45ff239e5636522cedf82308f99f4b6ac4
2023-03-20 00:57:27,True,1.826e-07,5.444e-10,742048002.0,4.04,0xec...0165,https://bscscan.com/tx/0x285b94e7b84f6329d475592452860e2161ef61c24e41f636b238ee709a8bea21
2023-03-20 00:54:18,False,1.819e-07,5.415e-10,505071625.0,2.73525,0xec...0165,https://bscscan.com/tx/0x5c159075c1cebf2bd1d60a788a6bfeb27d64d7308888208fe1c2687f55eaff50
2023-03-20 00:52:48,True,1.842e-07,5.44e-10,830813251.0,4.52,0x2a...576a,https://bscscan.com/tx/0x673dff594bcb34d64b382549d54236188d119695221daa665ddf4d4ba31c0110
2023-03-20 00:51:09,True,1.83e-07,5.432e-10,375547917.0,2.04,0xec...0165,https://bscscan.com/tx/0xc39378da66c14e87f33da05032c16c63ccba981ce96225ab6effa7015a859446
2023-03-20 00:49:54,False,1.83e-07,5.406e-10,616781367.0,3.33469,0x08...af7e,https://bscscan.com/tx/0x5c2a8376eb3a3be6933d726a64ea56aafe0e0dc1669f3d63984eea7e7b93ac84
2023-03-20 00:49:27,False,1.834e-07,5.419e-10,1190305663.0,6.45039,0xde...fa58,https://bscscan.com/tx/0x2c686fe4ff248bd3198a5460c799d47a5ac8581087a1999a5909f042c2dc6e7f
2023-03-20 00:46:45,False,1.84e-07,5.43e-10,475363731.0,2.58153,0x1b...7f6d,https://bscscan.com/tx/0x248836d64e97ef028c4361f2aef6670a52f3523f66f2f92600e3501a26fd6fb5
2023-03-20 00:46:24,False,1.834e-07,5.438e-10,677673271.0,3.68564,0x2a...576a,https://bscscan.com/tx/0x7d70d8c902618763376a5f74dea3499c45acad52faa3b2859d3432a2f2cb1b43
2023-03-20 00:44:54,True,1.843e-07,5.466e-10,537780292.0,2.94,0xec...0165,https://bscscan.com/tx/0x327743c88a1574a88b24a733d48ce376d850a664550040901cf95b966c468eb5
2023-03-20 00:43:45,True,1.851e-07,5.458e-10,729199786.0,3.98,0x1b...7f6d,https://bscscan.com/tx/0x04ddc2b7bd853c3134d19df307efe3b07cf664a997a23a2fa2f2db80616ef488
2023-03-20 00:43:15,True,1.838e-07,5.447e-10,756288515.0,4.12,0x2a...576a,https://bscscan.com/tx/0x32db9ddff95219ea397266b70060f888b0207a99f92770d33ac7a5eb79903691
2023-03-20 00:42:00,False,1.828e-07,5.415e-10,10757806.0,0.0582,0x83...c040,https://bscscan.com/tx/0xa39b6bd845cd709e26dadc74527e62d8f46720933ee584f66929c6253a2ae3e8
2023-03-20 00:40:39,False,1.838e-07,5.417e-10,296456282.0,1.60603,0x08...af7e,https://bscscan.com/tx/0x36cc80c440726b3746ce6582bc76e5d0bb8826e47194f06b500dcae3fbecd8f3
2023-03-20 00:37:15,True,1.839e-07,5.444e-10,374721374.0,2.04,0xde...fa58,https://bscscan.com/tx/0x370554e3cf8e6f94e872011850784db603bf62519f777aef601847521cac3d55
2023-03-20 00:35:57,True,1.838e-07,5.441e-10,29405109.0,0.16,0xc1...ac86,https://bscscan.com/tx/0x2559fadca17d16f04825fd975ff5621ec0a637190ff5c462c27e1881da4f029a
2023-03-20 00:34:39,False,1.84e-07,5.42e-10,946386091.0,5.12981,0x1b...7f6d,https://bscscan.com/tx/0xfe76f19808500396843508ac27bd71a11294b537491b73d9ed8a104ab40f61ca
2023-03-20 00:34:27,True,1.849e-07,5.447e-10,921479699.0,5.02,0x08...af7e,https://bscscan.com/tx/0xe28f44bb368eeaced6d06d6a05fec2852f1245790154120fe28a797dd4a18158
2023-03-20 00:34:12,False,1.839e-07,5.416e-10,321143264.0,1.73944,0xde...fa58,https://bscscan.com/tx/0x7b28fff4193b5ec60147560442e253201648c57d99280f16383892032c6f85fd
2023-03-20 00:33:45,False,1.841e-07,5.423e-10,658212112.0,3.5696,0x2a...576a,https://bscscan.com/tx/0x6beffb5c851e29b0d34346b89a4cdab725d4e21ed60528884bf8060edafbabba
2023-03-20 00:31:33,True,1.84e-07,5.45e-10,706417348.0,3.85,0x1b...7f6d,https://bscscan.com/tx/0x9c468684f54a6e02bc8540bf3348c182f2a439511733dd456e39fe570c203db5
2023-03-20 00:31:24,False,1.832e-07,5.423e-10,863759413.0,4.68496,0x08...af7e,https://bscscan.com/tx/0x1db352a54d9aef68b5f0c1a4413f8f480a7816d9479b56595257196ed2b6dd50
2023-03-20 00:30:51,False,1.835e-07,5.429e-10,5549906.0,0.0301,0xc1...ac86,https://bscscan.com/tx/0x8ed4eafdc840f8498f3495db935a023641bd4aa67aaaf69bf43bbbfbca78d230
2023-03-20 00:29:09,False,1.835e-07,5.435e-10,761132345.0,4.13696,0xec...0165,https://bscscan.com/tx/0x1a6ba2df8aed673f6e6262d6f99bfb247af39697d5c147dff1cc3aaaf0d92c60
2023-03-20 00:28:18,True,1.853e-07,5.462e-10,728570559.0,3.98,0x08...af7e,https://bscscan.com/tx/0x229f7ec7e9acd2c9e221fa5876e24f4556b7714387ec9b791fd2d578b303616b
2023-03-20 00:27:23,True,1.851e-07,5.451e-10,856619890.0,4.67,0x2a...576a,https://bscscan.com/tx/0xdf5ab5fbeb0b353d191e4653df74c87a1f3f9e6963ded871238bad37c5a1c327
2023-03-20 00:25:10,False,1.84e-07,5.422e-10,635645388.0,3.44704,0x08...af7e,https://bscscan.com/tx/0x20ae8e6d98b930c2e783ca352374179386a5911a10cec40c036625ac2dc14748
2023-03-20 00:25:01,False,1.841e-07,5.427e-10,25651898.0,0.1392,0xa3...4abd,https://bscscan.com/tx/0x35ca4b7020258a697e4a3866a0d75ee01f23b4717b60c372950065eb7e255f68
2023-03-20 00:22:16,True,1.849e-07,5.45e-10,669698415.0,3.65,0xde...fa58,https://bscscan.com/tx/0x5755aa1db8f0f999222a0921ca9fa5bc51de880d57bfbeee35f1833ae4c39b86
2023-03-20 00:21:04,False,1.84e-07,5.422e-10,638045471.0,3.45998,0x2a...576a,https://bscscan.com/tx/0xb67076a370cb36d2961479d36715b3462a4bbcd2a49197f9cc35d6c29cc44647
2023-03-20 00:20:46,True,1.851e-07,5.454e-10,10817037.0,0.059,0x59...8a76,https://bscscan.com/tx/0xf1e021a58f889fab046a12ae41d5adae8fac5f3b63b22eadf88e76b075e99f19
2023-03-20 00:19:46,False,1.834e-07,5.43e-10,476688858.0,2.58859,0xec...0165,https://bscscan.com/tx/0x8bf7231dca45966e27819b8f221e7191d819addb49e3d265e88e8f8a4d4edb0e
2023-03-20 00:18:58,True,1.853e-07,5.457e-10,474566555.0,2.59,0xde...fa58,https://bscscan.com/tx/0x23b8e9f9b64e69d8935bce9cd3b03014211f6a1d17b1bf1904ced850fc9c8585
2023-03-20 00:16:37,True,1.85e-07,5.447e-10,1018877109.0,5.55,0xec...0165,https://bscscan.com/tx/0x5adbfdb0f26fa66b5cfe5c16a3cc21dc85e56d58225a4a7494600ec0e9d47d7f
2023-03-20 00:16:19,False,1.84e-07,5.418e-10,750799949.0,4.06792,0x1b...7f6d,https://bscscan.com/tx/0xab06ce7ba2e1307350ae1cce87072bac7655f228d8a409f9e75bf6668473dadb
2023-03-20 00:15:58,False,1.834e-07,5.428e-10,706520647.0,3.83514,0xde...fa58,https://bscscan.com/tx/0x5c1060d73214f31176c19997c33dd24e3596fb42af1615643403d20f2d09a851
2023-03-20 00:11:31,False,1.845e-07,5.437e-10,690386815.0,3.75427,0x2a...576a,https://bscscan.com/tx/0xb5dc437607ef85ec43a510d042f066ac7473de02a8a60856087c0cf546aef50e
2023-03-20 00:10:16,True,1.844e-07,5.463e-10,902318479.0,4.93,0x1b...7f6d,https://bscscan.com/tx/0x7f28f0132d3a3c00ae5a1c9dc7bf5436a352fa113ff38a856c68c2e8a11039d6
2023-03-20 00:09:49,False,1.843e-07,5.433e-10,427931351.0,2.325,0xde...fa58,https://bscscan.com/tx/0x1d29fc9f2d25e668e4f209a4f1618cb10350aba269f2419668c83df71a749307
2023-03-20 00:08:22,True,1.851e-07,5.456e-10,973142787.0,5.31,0x2a...576a,https://bscscan.com/tx/0xc0c74dd0376d57f83cac043255023ed4a19484c9d85596339865fb4571dd17e2
2023-03-20 00:06:49,True,1.838e-07,5.444e-10,745700643.0,4.06,0xde...fa58,https://bscscan.com/tx/0x4e27d15bd2c13c95cf0c7d679354715fd2f0acfd7a4833b1e95519220822f7c9
2023-03-20 00:06:46,False,1.836e-07,5.412e-10,14789619.0,0.08,0x63...4b3b,https://bscscan.com/tx/0x8e1cbbbec2ee316b977c04482bbf25cba0a773ed0cd93661c7707592497c278d
2023-03-20 00:06:37,True,1.843e-07,5.434e-10,693687099.0,3.77,0x08...af7e,https://bscscan.com/tx/0x9ee7e1cd1141212317f526b190e7a1fbe3c46e31f2a8aa20dbca4435d5e8e11a
2023-03-20 00:04:03,False,1.824e-07,5.406e-10,464467603.0,2.51091,0xec...0165,https://bscscan.com/tx/0xfcff4f4cd39b0b83b2e9ea56aadc41a466107f44728601e02eed285755ef7b83
2023-03-20 00:03:48,False,1.835e-07,5.41e-10,314197412.0,1.70011,0xde...fa58,https://bscscan.com/tx/0xaa79de92154c7381bbeddc1d427eb53872a9906e366c1a91e6e5c62fdb58be53
2023-03-20 00:02:00,False,1.837e-07,5.416e-10,468745745.0,2.5391,0x2a...576a,https://bscscan.com/tx/0x9699f22f1f541ca5ba337e99e9f2d1c5dbe7a22974d4b677e830389d12e54dc1
2023-03-20 00:01:06,True,1.847e-07,5.444e-10,378357049.0,2.06,0x1b...7f6d,https://bscscan.com/tx/0x384ce4013b49f144cbc14cd3ea29bb2d785729069c8642c675e9a3a82df17e9a
2023-03-20 00:00:30,False,1.839e-07,5.421e-10,926474686.0,5.02261,0x08...af7e,https://bscscan.com/tx/0x3f6c24b69765517ce4d153a8f722ff65930a4e12a998fe715c02000c9a82a2ab
2023-03-19 23:58:03,False,1.843e-07,5.435e-10,1064907803.0,5.78781,0x1b...7f6d,https://bscscan.com/tx/0xcf8016d94f1fde661e93e84d145338b245ac957b80ba82ec98914736d6d00f26
2023-03-19 23:57:42,True,1.854e-07,5.466e-10,442685446.0,2.42,0xde...fa58,https://bscscan.com/tx/0x8e83197a818d51de0ef2e336e7fb739d1b05bb33ae3ddcefab0e60f4eb01f312
2023-03-19 23:54:39,True,1.851e-07,5.46e-10,421200633.0,2.3,0xec...0165,https://bscscan.com/tx/0x8750833c04e637baf68273d54edda4ae5eb8a3ce9fd24219df65bc077a7d7de2
2023-03-19 23:52:30,True,1.849e-07,5.454e-10,518885036.0,2.83,0x2a...576a,https://bscscan.com/tx/0xbb548195796aeee6fd0435bf49fd944f2905cfe71482bd3d626f3b8001b46488
2023-03-19 23:52:01,False,1.839e-07,5.425e-10,267081995.0,1.44892,0x1b...7f6d,https://bscscan.com/tx/0x212a6bf9620387e84f0d0e284140a19896508be5b8a75c4afde563836da229e9
2023-03-19 23:51:34,False,1.832e-07,5.429e-10,365835259.0,1.98627,0xde...fa58,https://bscscan.com/tx/0x4894b46433d6c1c185a71858c18fe900484401343b5f445b6affe99eb717ba59
2023-03-19 23:51:28,False,1.833e-07,5.433e-10,246307756.0,1.33835,0xec...0165,https://bscscan.com/tx/0x5797ba94c4a6bd1d8e49bccaba795efc943af975dabd4853b684b9961058c5e5
2023-03-19 23:51:11,True,1.851e-07,5.46e-10,324153400.0,1.77,0x08...af7e,https://bscscan.com/tx/0xa9fa17258eac12c58a23a831c1d6e24a7b5660993d7be0c0b6e5046355a18d23
2023-03-19 23:49:20,False,1.843e-07,5.437e-10,982518282.0,5.34264,0x2a...576a,https://bscscan.com/tx/0xc38a142f16910932f7be447156cc2ece7619d211e776723b0038699e679df9a2
2023-03-19 23:48:57,True,1.853e-07,5.468e-10,460811296.0,2.52,0x1b...7f6d,https://bscscan.com/tx/0xeffd48198b54939927104e4575b445bc2305654c367cd38ddc8addd0b74e0db7
2023-03-19 23:48:34,True,1.851e-07,5.462e-10,340472464.0,1.86,0xde...fa58,https://bscscan.com/tx/0xb38b5a2b4ceedb5521f28e1af13d239ce35b1e4970cd46792d37a40e16a21be5
2023-03-19 23:48:18,False,1.843e-07,5.438e-10,801816422.0,4.36102,0xec...0165,https://bscscan.com/tx/0x1b1de1e09f43373e7c5dcfea704e1f3ac67d22929160070594b74e6ca5ba7567
2023-03-19 23:45:14,True,1.852e-07,5.467e-10,598065214.0,3.27,0xec...0165,https://bscscan.com/tx/0x31b76cdba322c842fac8c5be7dd29ba7f584b3fd2b01f77b9a341a62c661945c
2023-03-19 23:43:32,False,1.84e-07,5.436e-10,8870973.0,0.0482,0x70...41c2,https://bscscan.com/tx/0x188aaae14b7a403ef6d87fe4b5ee119bbbf325084a00bcf417831479c5d41adf
2023-03-19 23:42:08,False,1.84e-07,5.437e-10,114411275.0,0.622,0x3c...ae9e,https://bscscan.com/tx/0x866620a6de66df3fb7f5143cf852a6a0bd666c50720d2a15a6e6890de4ecbcd2
2023-03-19 23:41:56,True,1.847e-07,5.458e-10,981994424.0,5.36,0x08...af7e,https://bscscan.com/tx/0xd32a2f27bac71919003e2ef9917ec5079f4baf37d3d63715db6008b6f351f44c
2023-03-19 23:39:50,True,1.844e-07,5.449e-10,302791069.0,1.65,0x2a...576a,https://bscscan.com/tx/0x4f8d714c5642c2f3a3e8785a04221e17a4c686c3c31998c48c7420555eb63301
2023-03-19 23:36:41,True,1.84e-07,5.441e-10,793876829.0,4.32,0x2a...576a,https://bscscan.com/tx/0x9370e5a4c85b7bc62f5aefbadc9c1b387057b784db1b3a2e6ccf40ef1af2f3bb
2023-03-19 23:36:23,False,1.832e-07,5.416e-10,1078400443.0,5.8411,0xde...fa58,https://bscscan.com/tx/0xfe0b0d44ede7eb466502186db47bd65e6b70bb428b846719e15303cac73b5205
2023-03-19 23:35:47,True,1.842e-07,5.447e-10,479094453.0,2.61,0xec...0165,https://bscscan.com/tx/0x58bfa072db4a085a9caa0ee23b0a0f6bf5d67ac1cce490be39000f3a95ad2331
2023-03-19 23:33:20,True,1.83e-07,5.44e-10,518303934.0,2.82,0xde...fa58,https://bscscan.com/tx/0x6866c853ac46329944458f94a52204793481836cd6c703984e177483caab05e4
2023-03-19 23:32:38,False,1.83e-07,5.414e-10,597141570.0,3.23304,0xec...0165,https://bscscan.com/tx/0x4556b5e4c94ad074fca44b8c47b4ac5c1c2f36046a677b2b85bbde99285af4b7
2023-03-19 23:31:38,True,1.84e-07,5.445e-10,30308782.0,0.165,0x43...ca6d,https://bscscan.com/tx/0xa492a3080d7067f9f1445c9b6b31cf832cf45a1dd1f609529ffee476c61bfc1f
2023-03-19 23:30:17,False,1.823e-07,5.42e-10,357949441.0,1.94022,0xde...fa58,https://bscscan.com/tx/0xe0845a8873f14be6cabb3c3f8e1596e6ebdec34ede9b8cd60877d904bdb2955d
2023-03-19 23:29:35,False,1.837e-07,5.427e-10,657017815.0,3.56592,0x08...af7e,https://bscscan.com/tx/0x0304b79f8bbeec8986d7c6961d42d3865d5e79ebd9e1efeb1f9a417b643cb643
2023-03-19 23:29:29,True,1.847e-07,5.456e-10,412363216.0,2.25,0xec...0165,https://bscscan.com/tx/0xbb02b7925684a85b6b65963d6ddbeedcb2b6013362ea3aa9bdd8544e0ac40307
2023-03-19 23:27:17,True,1.844e-07,5.449e-10,528461859.0,2.88,0xde...fa58,https://bscscan.com/tx/0xdaa0beffc53e1ca90020d78e18e7f5d7d40ebf55f21527888584d73ab576ce7e
2023-03-19 23:27:11,False,1.836e-07,5.425e-10,972160794.0,5.2746,0x2a...576a,https://bscscan.com/tx/0x5bc64239511a2cb59a50d357fa512ab27d4d6a5872b79d6f75eeefda26171ad2
2023-03-19 23:26:23,False,1.831e-07,5.435e-10,459290002.0,2.49651,0xec...0165,https://bscscan.com/tx/0x718f9d652db0456c279fd205e34ff02725750b0c115e1eb1e5acddf4d0571761
2023-03-19 23:24:38,True,1.84e-07,5.462e-10,499765456.0,2.73,0x1b...7f6d,https://bscscan.com/tx/0x617352b04ff0046e87e91fd2b60c37e215c8a6366f3d121b3ad02f662cc4678a
2023-03-19 23:23:59,True,1.846e-07,5.452e-10,964728384.0,5.26,0x2a...576a,https://bscscan.com/tx/0x59cfb8779d477115b6295752217f3a0ba514843d4af0925a946a99728bed479d
2023-03-19 23:21:35,False,1.828e-07,5.425e-10,1008296344.0,5.4704,0x1b...7f6d,https://bscscan.com/tx/0xb56ab6edfe42db225d357f8720311ce7f4748036324c2065224381c49089cb00
2023-03-19 23:21:11,False,1.841e-07,5.437e-10,692844031.0,3.76713,0xde...fa58,https://bscscan.com/tx/0x61e12d5dddb5b5d1e0c34602972f9c877adb2b23273a4e3d355f265f417e6759
2023-03-19 23:20:47,False,1.844e-07,5.447e-10,762082720.0,4.15132,0x2a...576a,https://bscscan.com/tx/0x978acc06489c23827fb8d2da41d915ef4b0afa74a936c7400146c92ef8a533e2
2023-03-19 23:18:08,True,1.844e-07,5.474e-10,726953790.0,3.98,0xde...fa58,https://bscscan.com/tx/0x7229152f32212b881d05473f2f6b4eb998ff3495187c0e68264648f31cdc4fe5
2023-03-19 23:15:29,True,1.848e-07,5.462e-10,1081981183.0,5.91,0x1b...7f6d,https://bscscan.com/tx/0x5e682e21ba2edd8e23e4135b2adfc227444fb0ac54aff887d9b44751ec332fae
2023-03-19 23:15:05,False,1.827e-07,5.429e-10,269195601.0,1.46153,0xde...fa58,https://bscscan.com/tx/0xeeb2fc75a5b033e5e14f64c595b02c6bf1f3ea2ed085ea45d3e8f6d1a8476846
2023-03-19 23:14:08,False,1.838e-07,5.433e-10,387284852.0,2.10444,0x08...af7e,https://bscscan.com/tx/0x79f35cea1b0c9fe22f14465a52bc474db8abc71009ca0e62fd6f318dce4ddd1a
2023-03-19 23:13:47,True,1.846e-07,5.458e-10,767621057.0,4.19,0xec...0165,https://bscscan.com/tx/0x0ffcc4bdf3c0853547092238ef8c2aba4df49484f67f64bbaa96bcc686643575
2023-03-19 23:12:26,False,1.837e-07,5.43e-10,659647870.0,3.58216,0x1b...7f6d,https://bscscan.com/tx/0x54d4fbbfbc4a75bfcb59ec34908c73161285a48d110ce394962abd8d655299c7
2023-03-19 23:12:02,True,1.846e-07,5.459e-10,428629302.0,2.34,0xde...fa58,https://bscscan.com/tx/0x0541411597db4257e9c6789d0f1211ff12f7d4c7d866a730706dc77ee8bb52cd
2023-03-19 23:11:17,True,1.834e-07,5.45e-10,836633892.0,4.56,0x2a...576a,https://bscscan.com/tx/0x40b7f323ccbffd9676fe6b44097d3b30b8f2987f89f1af1e5f42f13351fbf93a
2023-03-19 23:11:02,True,1.84e-07,5.439e-10,716967280.0,3.9,0x08...af7e,https://bscscan.com/tx/0x51e411974321fd5f9d397351de2974b76b600b3f64a3ba9634306de23aa4cf83
2023-03-19 23:09:29,True,1.825e-07,5.43e-10,605850818.0,3.29,0x1b...7f6d,https://bscscan.com/tx/0x4edfecf6fa30bd18ad8e43cf1a1ee51e1081e67798c0060576f28f2f2f33e641
2023-03-19 23:08:05,False,1.826e-07,5.406e-10,1072327812.0,5.79752,0x2a...576a,https://bscscan.com/tx/0x1003c7a0b973d16bbb8d7ac735d1370fd83a3c707b11dc21935c245f7320b11a
2023-03-19 23:07:56,False,1.83e-07,5.416e-10,449218173.0,2.43341,0x08...af7e,https://bscscan.com/tx/0xdc6320044a76ae23f84dc1633f9389662217d06ba82de2d68c48ad3817cd0606
2023-03-19 23:07:32,False,1.832e-07,5.423e-10,418814033.0,2.27123,0xec...0165,https://bscscan.com/tx/0x3002945d5dc67e6caf08fd9251442266245e57ac2856322f1b3ebc3961be6b63
2023-03-19 23:05:35,False,1.833e-07,5.425e-10,870155.0,0.0047,0x8c...c214,https://bscscan.com/tx/0x641e803cff9fe1cf58d9a3d9a7ecb5679cab5ac5a049b4c65830ffbbd9b44df7
2023-03-19 23:04:20,True,1.841e-07,5.45e-10,311871376.0,1.7,0xec...0165,https://bscscan.com/tx/0x500d7965ca86f8f0bde782925f31029d1f6783d8764697145d1e53a966a2363b
2023-03-19 23:03:17,False,1.832e-07,5.424e-10,488200568.0,2.64847,0x1b...7f6d,https://bscscan.com/tx/0xf07d1834ecc40282539073055546532eb05e44cb08fa6660a3d9020732aed833
2023-03-19 23:02:53,False,1.834e-07,5.43e-10,371070741.0,2.01526,0xde...fa58,https://bscscan.com/tx/0x0b28b16e0cb18e1c974a4d47399dd3d98481fe6b6f911e6bc68cb4bf6133dfb2
2023-03-19 23:01:47,True,1.844e-07,5.457e-10,507584484.0,2.77,0x2a...576a,https://bscscan.com/tx/0x0fbb4ee2e775aa1d57f71bd36ecf08e06bfe38a6de49e5370b99651ed64d8c60
2023-03-19 23:01:14,False,1.825e-07,5.428e-10,243403142.0,1.32122,0xec...0165,https://bscscan.com/tx/0xff78e149c3abcd72ce94668a6fce4e7991a7ae14edf18bdea5cc5cd4fb5c0496
2023-03-19 23:00:50,True,1.835e-07,5.456e-10,58643945.0,0.32,0x0d...86bc,https://bscscan.com/tx/0x5910c32a2d2565f8abc5b6a3bc3b8921ea2288b61b6682705e884cb47f6cabcb
2023-03-19 22:58:44,True,1.847e-07,5.456e-10,7331113.0,0.04,0xc1...ac86,https://bscscan.com/tx/0x943236cd5eaf1e30f82cb5095d049bd5e2c1d7fc7977753b3f15ab8b2a0e2c3d
2023-03-19 22:58:41,False,1.839e-07,5.432e-10,500821388.0,2.72065,0x08...af7e,https://bscscan.com/tx/0x466a707ebd37752f9f71bbfe14fdee333c35f68c7ad83e7bbeffd90c0848b09d
2023-03-19 22:58:35,True,1.847e-07,5.46e-10,318628362.0,1.74,0x2a...576a,https://bscscan.com/tx/0xd449ff30ae196cc311f1e4f2d24b3c092b9294607f83f61fdafce2b53799d51d
2023-03-19 22:57:14,True,1.846e-07,5.453e-10,694926714.0,3.79,0x1b...7f6d,https://bscscan.com/tx/0x2f0ab45665e8121bf4b517cc7313f7cf27d7ca837d6f2f2c40b89e440e9d2874
2023-03-19 22:56:32,True,1.835e-07,5.448e-10,6474075.0,0.0352,0x2b...de96,https://bscscan.com/tx/0x2e839e6ea4fa6f81a3cea0c3b491b10fe8e6e0d50654c5adb78019fa60f05e23
2023-03-19 22:55:32,True,1.835e-07,5.444e-10,578530330.0,3.15,0x08...af7e,https://bscscan.com/tx/0xb432e2b9ebb61c9e4f78a63f31883c1720329367f4b903f28f059b0c56b163c8
2023-03-19 22:54:56,False,1.835e-07,5.417e-10,629988136.0,3.41327,0xec...0165,https://bscscan.com/tx/0xcd6cbd9586e90a0cc9382f840522753e0244e127dcc0c4be58a43550a200bdfa
2023-03-19 22:54:41,True,1.837e-07,5.449e-10,13700000.0,0.0746,0x22...8178,https://bscscan.com/tx/0x9e13559fb786eb6ead0c396bf8af524c2d3a2d6490754066d79152b8ce159210
2023-03-19 22:54:11,False,1.838e-07,5.425e-10,486309909.0,2.63849,0x1b...7f6d,https://bscscan.com/tx/0xff8e62947b9f456a898f457ea999dd8896062c3e797f98db47488df412b475c4
2023-03-19 22:53:47,True,1.837e-07,5.452e-10,570415537.0,3.11,0xde...fa58,https://bscscan.com/tx/0x8518db2f5901c0488253be39a7318e4e964d5f936a201ba17cf948ba4d16130c
2023-03-19 22:52:29,False,1.838e-07,5.425e-10,642084336.0,3.48359,0x08...af7e,https://bscscan.com/tx/0xdb91cfef74fa29b14bba8d50139fe853772506446a8649041ba112741180a7be
2023-03-19 22:52:14,True,1.838e-07,5.455e-10,291470522.0,1.59,0x2a...576a,https://bscscan.com/tx/0xc24e25a6cb3c6959d6072b2bc1ddf5c96808fd28a815aefed0a6cc94736c9aa9
2023-03-19 22:51:17,True,1.839e-07,5.452e-10,68957034.0,0.3759,0x2e...4fc6,https://bscscan.com/tx/0x0b6fb97a38b01319b254e0a362c809add2ff677da8b26b967cb86af45cede74a
2023-03-19 22:51:08,False,1.831e-07,5.43e-10,753663193.0,4.09247,0x1b...7f6d,https://bscscan.com/tx/0x892953b8af4b64bfa07f949869ab5976f0302c249fad5e0cb998fdaef9afd3aa
2023-03-19 22:49:23,True,1.848e-07,5.454e-10,1156839928.0,6.31,0x08...af7e,https://bscscan.com/tx/0x8b4087797d3dbaf8240c3cbaec959a5b61ca0e6d5b50f1106c8700d70f64030f
2023-03-19 22:49:05,False,1.829e-07,5.425e-10,926393939.0,5.02631,0x2a...576a,https://bscscan.com/tx/0x57d6a191273acc993b6aa6254992c26abd6e77dc5db76c249de5a1ec845ac280
2023-03-19 22:48:05,True,1.839e-07,5.455e-10,526057899.0,2.87,0x1b...7f6d,https://bscscan.com/tx/0x8cfcc4dc796b987258b3a50e9a64271e4d9f3d47fd0a76753565c28925f43398
2023-03-19 22:47:41,False,1.83e-07,5.428e-10,572939930.0,3.11035,0xde...fa58,https://bscscan.com/tx/0x06a22ce0b690e10e8af19e09758314115f5fd184d5cb2c44988af70be463e268
2023-03-19 22:45:02,False,1.833e-07,5.432e-10,28654444.0,0.1556,0x54...8ff9,https://bscscan.com/tx/0x415e858d4bb8a452c0b4acd8d2ce586a0e72f48dcc23e4e8ae324d03c03907e1
2023-03-19 22:40:05,True,1.852e-07,5.46e-10,2924276.0,0.0159,0x71...7198,https://bscscan.com/tx/0x033421ae5ab98ed56837ed7ccec7e5b03489aa0513642f231065ca15056175b2
2023-03-19 22:21:16,False,1.843e-07,5.433e-10,46029094.0,0.25,0xe5...c9a3,https://bscscan.com/tx/0x632400dedcce67ad277c777d923aef4e7b2eb576e5c0bbdbb67c96ada3ffa2b5
2023-03-19 22:01:52,True,1.844e-07,5.459e-10,168464048.0,0.9197,0xbc...95e8,https://bscscan.com/tx/0x6a5ea1809db0b554eb5d5bb092967ac4dd4fd158682541dd84e54edc462a9ca0
2023-03-19 21:59:16,True,1.844e-07,5.458e-10,40754978.0,0.2224,0xaa...4257,https://bscscan.com/tx/0x53d2ff636f6a0acba1fb45b29620fc0f05887089e5a5be39a2d77d6ad40589be
2023-03-19 21:30:15,True,1.855e-07,5.457e-10,12170439.0,0.0664,0x6b...f437,https://bscscan.com/tx/0xab9aa539db5454d797fbcce4af151609fd43685ca988ca29f5aaf0d4c69d2123
2023-03-19 21:28:48,True,1.856e-07,5.457e-10,15322910.0,0.0836,0x86...0b8c,https://bscscan.com/tx/0x869779962b8bd288344a3ad9471120327e60c62665e2f2cbdf57521cd93f4ef3
2023-03-19 21:16:08,False,1.84e-07,5.43e-10,13162222.0,0.0714,0xbb...e98a,https://bscscan.com/tx/0xf6710406598fe7e9982b880599b72a5987864ac52c0c3fe877a06692f0ed2931
2023-03-19 21:13:35,True,1.851e-07,5.457e-10,100000.0,5.457e-05,0x4d...1794,https://bscscan.com/tx/0xd80e63714e76b07806c35bb0b4781c23078bd0f84427408882d16025b065f478
2023-03-19 21:11:14,True,1.851e-07,5.457e-10,48973098.0,0.2672,0x6b...f437,https://bscscan.com/tx/0x3126ccdfc9c5179df7889a0d7a470779ec7c1c78d7f6f1539519819c0b21bbc5
2023-03-19 21:10:11,True,1.85e-07,5.457e-10,7787982.0,0.0425,0x34...fe84,https://bscscan.com/tx/0xfcb4f0d766440361a5e340b4448d917a454064ed729dfefd3c2219bb26b0ea15
2023-03-19 20:52:47,True,1.857e-07,5.457e-10,1259675.0,0.0068,0x17...2752,https://bscscan.com/tx/0x80eedc233a52161edf242b95cdcfd243bfbc09b7b45073208bd72d3d7df01a09
2023-03-19 20:50:14,False,1.847e-07,5.429e-10,26104638.0,0.1417,0xf3...c79e,https://bscscan.com/tx/0xe355f240cc072124ebeb7be96c20daf960ce29e2e3561bd9a3e6c288870efda1
2023-03-19 20:42:56,True,1.845e-07,5.457e-10,10444639.0,0.057,0x5a...33fc,https://bscscan.com/tx/0x388ca775c944f442ca030da0584a2b687f0b5d4b080cad7d80e7856613f8e3c9
2023-03-19 20:41:53,True,1.856e-07,5.457e-10,981000.0,0.0053,0xf6...e24d,https://bscscan.com/tx/0x2b69a74de88584b7d09842329f5b0ac0cf46a0f01318e0ad6d2c57a2e0dfa628
2023-03-19 20:39:23,False,1.841e-07,5.437e-10,1004737907.0,5.46276,0x15...0013,https://bscscan.com/tx/0x0a36a9251a7c608497c728af44f5da6b76e483c462b55c01a5760c4f379e30c8
2023-03-19 20:30:59,False,1.855e-07,5.444e-10,33553802.0,0.1826,0x93...27e2,https://bscscan.com/tx/0x6ef159ea4466b15484b264c357a3eceba57eff65ebd6d5e1579577fd9c4edd02
2023-03-19 20:30:50,True,1.865e-07,5.471e-10,23459486.0,0.1283,0x76...7d22,https://bscscan.com/tx/0xe965db8a180248807b0072f54a1eca8f28affa8abc3260e1ec2c2c84db7a7f65
2023-03-19 20:24:53,True,1.858e-07,5.47e-10,100000000.0,0.547,0xf7...cb26,https://bscscan.com/tx/0x2f2f40e709ca36698057b7c200e1e2cd750564c7d0c9b46aeb4cd2e646d25eb0
2023-03-19 20:23:20,True,1.856e-07,5.469e-10,81737679.0,0.447,0xe0...3c03,https://bscscan.com/tx/0x2f529044f7572d5608cd47d757d20d040b018bfb7d7981232d14d9d71224bbef
2023-03-19 20:20:59,True,1.867e-07,5.468e-10,100000000.0,0.5468,0xf7...cb26,https://bscscan.com/tx/0x23904361d70b5bea7b729888a5c7736fdd4504c6ae4f00bff2f02c94aa57c324
2023-03-19 20:08:57,False,1.852e-07,5.44e-10,1718643.0,0.0093,0x27...78b8,https://bscscan.com/tx/0x99c40c7f5c54749f3153d16c38804f5c608fa02af3b0b52a2e5c9f21072c0f17
2023-03-19 20:01:36,False,1.839e-07,5.44e-10,8614529.0,0.0468,0xa5...5153,https://bscscan.com/tx/0x0aa1999c1dee8da79e91bc6c5cd6e625924026051c36f589fba7b121d2beb159
2023-03-19 19:50:39,False,1.838e-07,5.44e-10,20376578.0,0.1108,0xa5...5153,https://bscscan.com/tx/0x5dcce0c49dddfd1a56eff04aba7873e4f09acd1d5d209cbfac757359005eb0e8
2023-03-19 19:46:33,True,1.847e-07,5.467e-10,7214367.0,0.0394,0x8a...6661,https://bscscan.com/tx/0x4de7aae694dff27c6bc26d9bcf6b23ca8a6f265a85182563bfc12fd95df11ab4
2023-03-19 19:44:57,True,1.856e-07,5.467e-10,44190344.0,0.2416,0x8a...6661,https://bscscan.com/tx/0x1c73c0c0de3ba90499122d6ca0d811632e50861cb376a198ca7ea3449d797c3d
2023-03-19 19:38:06,True,1.843e-07,5.465e-10,238864342.0,1.30552,0x29...9ba8,https://bscscan.com/tx/0x60bdb10d6a634bd0b02405b99a554a924fd179239be6806f3598de37956b40df
2023-03-19 19:30:52,False,1.841e-07,5.436e-10,5675103.0,0.0308,0xd5...d628,https://bscscan.com/tx/0xc7b8f18badefd3f7a53c584e2cd2ac2493aee81ae49ffe8f1959e3026ddbdb71
2023-03-19 19:23:12,False,1.839e-07,5.436e-10,2610463.0,0.0141,0x02...3b24,https://bscscan.com/tx/0xb1e6d8ffd213ec8c7fb901e9705dadd831f44b1921acf2f867f04eea2bba8c04
2023-03-19 19:18:58,False,1.839e-07,5.436e-10,322971.0,0.0017,0x6b...893d,https://bscscan.com/tx/0x04f5e3937a9a6be989c59bd98225bb1775f7d23d6eebf96f7abf3949c914b08b
2023-03-19 18:59:09,True,1.849e-07,5.463e-10,6500000.0,0.0355,0xab...1f85,https://bscscan.com/tx/0x5bafb737d11eae6a36b9a69d3ab3dcf44ba17640b420096402174342f4f99025
2023-03-19 18:58:12,True,1.84e-07,5.463e-10,13228425.0,0.0722,0x8a...5514,https://bscscan.com/tx/0x96c41816dc56bc7e09bb96c5d077c1a9d4379547c9a24e2ac3f9d5906acc8efe
2023-03-19 18:55:51,False,1.841e-07,5.436e-10,11189299.0,0.0608,0x13...b3ed,https://bscscan.com/tx/0x8b57b2c05422607250e1edc640f8aec9f81411530ae3922999a68a1790ea882e
2023-03-19 18:43:02,True,1.849e-07,5.463e-10,16320321.0,0.0891,0x9d...7a8e,https://bscscan.com/tx/0xb117afb4b1fc00ce420844d60759ae0b38cc91e70194ff8950c92105a433ae87
2023-03-19 18:32:25,False,1.828e-07,5.436e-10,13479021.0,0.0732,0x6c...9b67,https://bscscan.com/tx/0xb6d5517fa4588160e321bdfd56f46ac9a29a9cc4d2d40a7098311a0a336f70bc
2023-03-19 18:26:29,True,1.85e-07,5.463e-10,17802826.0,0.0972,0x6c...9b67,https://bscscan.com/tx/0xd5e1daab31a212fe8c8ca1aa267271494eec307ad70c2a2753006bffcc02c29a
2023-03-19 18:12:49,True,1.852e-07,5.463e-10,640608.0,0.0035,0x29...9ba8,https://bscscan.com/tx/0x69635ec846b04d1a04ea9cf515f7c5e187be3529ec01cc284a37b6853d5bf230
2023-03-19 18:12:49,True,1.851e-07,5.461e-10,255045662.0,1.393,0x29...9ba8,https://bscscan.com/tx/0x69635ec846b04d1a04ea9cf515f7c5e187be3529ec01cc284a37b6853d5bf230
2023-03-19 17:47:46,False,1.846e-07,5.432e-10,8606824.0,0.0467,0x94...d977,https://bscscan.com/tx/0x03106276823dda6dc96305363343e78dd760a01ad5fdb5085ffda54fe7b98222
2023-03-19 17:39:40,True,1.84e-07,5.454e-10,806680418.0,4.4,0x2a...576a,https://bscscan.com/tx/0x7230eb8934b12a6c5244417059ad0b1781deab26bae218cb6bbb7bfb47073bb9
2023-03-19 17:39:37,False,1.838e-07,5.422e-10,174623559.0,0.9469,0xcc...551f,https://bscscan.com/tx/0x1ec07626a13fbf63d616caf7fe376017e1baa79c17b520d5206d143f643545e8
2023-03-19 17:37:49,True,1.844e-07,5.451e-10,29902519.0,0.163,0xc6...f26e,https://bscscan.com/tx/0xac3f939ea5beeb44748eeba82a587ef346301df90e3b699695812b1db70ad684
2023-03-19 17:36:07,True,1.831e-07,5.445e-10,813567590.0,4.43,0xec...0165,https://bscscan.com/tx/0x76e543b33f9a39672c5ff61dda1b1bf1fb1be608ff506347a84e8adb755094b2
2023-03-19 17:33:19,False,1.826e-07,5.419e-10,1031758822.0,5.59159,0x2a...576a,https://bscscan.com/tx/0x0c54b1b6d3ac0c10c17717086859986098916db82fe5cec91c9335446c2db7eb
2023-03-19 17:31:31,True,1.828e-07,5.453e-10,118837637.0,0.648,0xec...500f,https://bscscan.com/tx/0xa8ce6834971d78ae9f2eb0ba3569813b073eb940849a9742c135d7d560a4bbc8
2023-03-19 17:30:10,True,1.842e-07,5.445e-10,923658655.0,5.03,0x2a...576a,https://bscscan.com/tx/0x8e4b4e4ca4deae90466eb1d25c80ad80773f6a17bee8625496ab21edfdc01c7c
2023-03-19 17:24:55,False,1.832e-07,5.412e-10,9779521.0,0.0529,0xf8...4747,https://bscscan.com/tx/0x8568bd2d6836295f3578f5a41a91054f314a7b688a0ed7b49b5b422ac631f4c1
2023-03-19 17:23:34,True,1.832e-07,5.437e-10,281380431.0,1.53,0xec...0165,https://bscscan.com/tx/0x350120d1fac2730ebc44b146c56edb7a144fc27baf8c17c435bb22b703621448
2023-03-19 17:23:22,True,1.83e-07,5.431e-10,522838861.0,2.84,0xde...fa58,https://bscscan.com/tx/0xbbca645fcdec34803cf12832787129d019c9dfb0f62bf6f09b2524fb4b2df600
2023-03-19 17:22:55,False,1.829e-07,5.403e-10,370288066.0,2.00093,0x1b...7f6d,https://bscscan.com/tx/0xf751294f9be9fd4334b6b921e7bc2a2a069cb1b7d223a18a12c1924c9622cd37
2023-03-19 17:21:46,True,1.84e-07,5.433e-10,2000000.0,0.0108,0x5f...349b,https://bscscan.com/tx/0x796c659388bf3f70ec84252a86c761f7617216633b0a749dc568bd957ad28ae1
2023-03-19 17:21:37,False,1.831e-07,5.409e-10,465619083.0,2.51874,0x08...af7e,https://bscscan.com/tx/0x4c97311bfc023ad31b4f6c891618c4e155e056ae8982da2fc98723493f03fee0
2023-03-19 17:20:32,False,1.835e-07,5.42e-10,1196911162.0,6.4884,0xec...0165,https://bscscan.com/tx/0xf84b70ebf90a88e3a850439027a2c78c0fdbe82530375614fceeee5173942ec0
2023-03-19 17:19:50,True,1.836e-07,5.448e-10,1079108426.0,5.88,0x1b...7f6d,https://bscscan.com/tx/0x1da22522739043bd1bc3631f31673f1b97503be0528277c674e53dc39954e60d
2023-03-19 17:17:32,False,1.825e-07,5.417e-10,493155928.0,2.67175,0x2a...576a,https://bscscan.com/tx/0x6a0491b7ae0f402f6cff1c9bff461dbcfdaf3e12d50263da2f20473acbe0dcdd
2023-03-19 17:17:19,True,1.842e-07,5.442e-10,859933560.0,4.68,0xec...0165,https://bscscan.com/tx/0xe57eec0462a7d64563c9995785e554d6ecffad3eb04bf855cbfb6a6bfe700c90
2023-03-19 17:15:36,False,1.823e-07,5.409e-10,6091084.0,0.0329,0x17...4ea5,https://bscscan.com/tx/0xb349d4caf919a1797ca87d181f2e636c8a4d9db017f907df7ccb9630db24d0bf
2023-03-19 17:14:18,True,1.841e-07,5.433e-10,419621980.0,2.28,0x2a...576a,https://bscscan.com/tx/0x65db13cd5c6fa0850740708a665d4965350740ac0854cf92acaea5f00a87d60c
2023-03-19 17:14:12,False,1.832e-07,5.405e-10,249961611.0,1.35108,0xde...fa58,https://bscscan.com/tx/0x19f70f4be8e64e943425a64146364c6ee4254a06b5b6a320a9e36dd1b3c414e4
2023-03-19 17:12:22,False,1.824e-07,5.41e-10,516327976.0,2.79357,0x08...af7e,https://bscscan.com/tx/0x2f868de5fc471cdd75f71407739349f14e659cc4578b2a91347aa098159c3661
2023-03-19 17:05:03,False,1.844e-07,5.417e-10,470087068.0,2.54659,0xde...fa58,https://bscscan.com/tx/0x8ab010cc447e6a577c0d6ff942c610fc1bec0a9ce5a39d8292f957caa9ea7f35
2023-03-19 17:04:37,False,1.838e-07,5.427e-10,1061527546.0,5.76186,0x1b...7f6d,https://bscscan.com/tx/0x905a89723af9d0ff40a2b59e8374d43f0906e7cb167ac1a2ba5bc12b143ffdcb
2023-03-19 17:01:39,False,1.853e-07,5.441e-10,878717655.0,4.78144,0x2a...576a,https://bscscan.com/tx/0xf45dd3ea352c1d75ace5576b834e4deebc49449666ef65f127f514c9f760aa12
2023-03-19 17:01:36,True,1.862e-07,5.469e-10,758752613.0,4.15,0x1b...7f6d,https://bscscan.com/tx/0xff27b18e96c15190de42d619a22ae8fb975c870f508ea45419edf2d4d452f874
2023-03-19 16:59:57,True,1.849e-07,5.457e-10,921629745.0,5.03,0x08...af7e,https://bscscan.com/tx/0x107e9fd1a16f7ae1f1db02aec1c808e2855021b76ce2d465a0d22ee493dd6a2f
2023-03-19 16:58:32,True,1.857e-07,5.449e-10,292364011.0,1.59316,0x87...5659,https://bscscan.com/tx/0xc9af50ac9e36b5cd2ecc634a532e94f4c052e9d88f6c83a9cf7c4663dac6479e
2023-03-19 16:58:29,False,1.848e-07,5.424e-10,686867899.0,3.7261,0xec...0165,https://bscscan.com/tx/0xa161531db0d13419128b957d37ed9adf3233d6816ac10343725e43c28c9f3c21
2023-03-19 16:58:29,True,1.858e-07,5.452e-10,625412698.0,3.41,0x2a...576a,https://bscscan.com/tx/0x712ee78612b53510160d7498a8031999073809a0a5c0fe2d4869fc2ede145bfb
2023-03-19 16:56:53,False,1.846e-07,5.424e-10,544723193.0,2.95491,0x08...af7e,https://bscscan.com/tx/0xcdbabddb09d41e567723d4239a908ed2fbc3a9310c8a893c14ad53a50deb93d2
2023-03-19 16:55:17,True,1.855e-07,5.451e-10,643903928.0,3.51,0x2a...576a,https://bscscan.com/tx/0x8022ffe73c9310d68cfa1df570f671dc153cfd7b06cd580e76fe38b99e045847
2023-03-19 16:55:02,False,1.844e-07,5.419e-10,21783238.0,0.118,0xbc...4e4b,https://bscscan.com/tx/0x9267feeeca8077c11cf21d16daf79ecc39bdb95b89ef99635435fe426f6a78f5
2023-03-19 16:53:50,True,1.851e-07,5.443e-10,494168650.0,2.69,0x08...af7e,https://bscscan.com/tx/0x3831ffb6467b57228ae7b4d2a0541298750f30b1e48817bcbf0a7d7b0357933e
2023-03-19 16:52:53,True,1.849e-07,5.435e-10,675210544.0,3.67,0xde...fa58,https://bscscan.com/tx/0x28cd7951250fffd5bc05c7949fbba5de425dc7b990b0ca8b0ed4d5b7c8cb6215
2023-03-19 16:52:29,False,1.84e-07,5.409e-10,821307915.0,4.44263,0x1b...7f6d,https://bscscan.com/tx/0xc804bdf87d881b58e29a5320ad9ac41aca97c2277e14f00285876838cb6cdd29
2023-03-19 16:52:11,True,1.84e-07,5.436e-10,835137220.0,4.54,0xec...0165,https://bscscan.com/tx/0x89a5e12b0db1bd112ce46c2f739c331efc8252fe95d0fef86e6cec4c6e78423b
2023-03-19 16:52:08,False,1.829e-07,5.405e-10,296837755.0,1.60452,0x2a...576a,https://bscscan.com/tx/0x003ceec11b9fda58a54b67afc735f481f150163531d1731faa50b88a9f462b57
2023-03-19 16:51:11,True,1.848e-07,5.434e-10,1840084.0,0.01,0x99...0c4b,https://bscscan.com/tx/0xa48304ac1597a8d0701781e6348770ac52a8fb3942555c677ab89060598ac110
2023-03-19 16:50:41,False,1.839e-07,5.41e-10,386893245.0,2.09312,0x08...af7e,https://bscscan.com/tx/0x32b2b9b6c457c01bbfa0940d15a897fee696b52af03fea42c3620298256e3df3
2023-03-19 16:50:35,False,1.84e-07,5.412e-10,21787540.0,0.1179,0xec...faec,https://bscscan.com/tx/0x1cef8d242b9919e78fa81a7bbede507573550bc668efbfafc8ebe0799b86d82a
2023-03-19 16:49:53,True,1.838e-07,5.437e-10,343889087.0,1.87,0xde...fa58,https://bscscan.com/tx/0x709721e3849d3f05ad16f8a5e7b1fbedec9ebc8bb2f1e9a36aff27c66cc5509d
2023-03-19 16:49:23,True,1.844e-07,5.431e-10,596546860.0,3.24,0x1b...7f6d,https://bscscan.com/tx/0x344403ef33adf91aa7344fc9a2be876281885e2303d440f6534ff5724d12da09
2023-03-19 16:49:02,False,1.834e-07,5.403e-10,465563623.0,2.51555,0xec...0165,https://bscscan.com/tx/0x5842c4826acae8aecbaaa0129fa4bf8bab383de9fa22dd2ce8baf991f9a7d228
2023-03-19 16:47:38,False,1.827e-07,5.41e-10,543876614.0,2.94248,0x08...af7e,https://bscscan.com/tx/0x4971a2b318dfd7be722d40cb405d646ebef2e28be4c6a72291cd00269b3cc2cd
2023-03-19 16:47:23,False,1.838e-07,5.414e-10,30090708.0,0.1629,0x0e...18de,https://bscscan.com/tx/0x2f9b10a7a9241833c630fa0a889c93bbbca33942509ec74977577cfca1fa7a57
2023-03-19 16:47:02,False,1.838e-07,5.414e-10,21784445.0,0.1179,0xf9...b82a,https://bscscan.com/tx/0xf1acc9d6f19d194482c8a237af0613fd7950a0300d52c8b9ccc9962f6d9dee6a
2023-03-19 16:45:56,True,1.835e-07,5.437e-10,651057757.0,3.54,0xec...0165,https://bscscan.com/tx/0x7361812d9072c465a0dbc711c87423b4ae3566f01d85ff66ea592927869e82be
2023-03-19 16:45:47,True,1.842e-07,5.43e-10,346200846.0,1.88,0x2a...576a,https://bscscan.com/tx/0xf3987a0260cb2c8153d4b9d75355370782bb4a0b861871cc6063163c9dbfb0ee
2023-03-19 16:42:45,False,1.829e-07,5.407e-10,997823314.0,5.39599,0xec...0165,https://bscscan.com/tx/0x64b83f3f939bf375673e93674428aa09c1446c249fb0f1c2b97a7934e5eb592b
2023-03-19 16:41:28,True,1.84e-07,5.439e-10,307003563.0,1.67,0x08...af7e,https://bscscan.com/tx/0x17bd458d3498d5c5aa0c387fcb05822d58222435137f757a87b57e565d44e6fd
2023-03-19 16:39:53,False,1.839e-07,5.41e-10,6473370.0,0.035,0x73...aad9,https://bscscan.com/tx/0x54b799fe266bccdab74eee87ca1c863d2fa7ce4a45866c788d8b414ee9d69793
2023-03-19 16:39:04,True,1.839e-07,5.437e-10,44141420.0,0.24,0xc0...38c0,https://bscscan.com/tx/0xdeba6ae9037fdd9088a732e4c999a4a1d0970f0a28135c9d44bd054a1ae6eee5
2023-03-19 16:38:27,True,1.847e-07,5.433e-10,496912082.0,2.7,0x08...af7e,https://bscscan.com/tx/0x7e9d3289b2cd91ea0a5edc828e84b94ed24e4f1a1de7a0ef67e278335fbdd1a2
2023-03-19 16:36:28,True,1.844e-07,5.423e-10,975415027.0,5.29,0xec...0165,https://bscscan.com/tx/0x61c286192dd1ffb75704524ae0e38c238e12148dde2d790700e8fb587346abd8
2023-03-19 16:36:16,False,1.834e-07,5.394e-10,788284418.0,4.25276,0x2a...576a,https://bscscan.com/tx/0x0f554bc40313c471f08e58e2455cd32e0a2032e068bb0fd70fc517945fd32d83
2023-03-19 16:34:37,False,1.837e-07,5.404e-10,568387337.0,3.07174,0xde...fa58,https://bscscan.com/tx/0x9fb5db3439809d6d1fd30fbc196525721afadbe539e146234247a3fd7e1bee33
2023-03-19 16:34:13,True,1.847e-07,5.432e-10,357085361.0,1.94,0x1b...7f6d,https://bscscan.com/tx/0xf25961156b703267154cad1532c548a3cd0e9694fe1b8efa637135832def4331
2023-03-19 16:33:19,False,1.829e-07,5.407e-10,544126171.0,2.94211,0xec...0165,https://bscscan.com/tx/0x2471bdc46f5779e89510dba9bfb59b12c738f18139b8ed3d77221792612dd149
2023-03-19 16:32:10,False,1.84e-07,5.413e-10,461727208.0,2.49978,0x08...af7e,https://bscscan.com/tx/0xca5c977ddadf1a2539b1502048cdc1a6894de4e6ac16ced00e567317398a51ab
2023-03-19 16:30:10,True,1.84e-07,5.442e-10,334434140.0,1.82,0xec...0165,https://bscscan.com/tx/0x21b64ad7da1e3ebf7e39cfe51c9fa07d27182d656b9f60e97c47d63835be85f0
2023-03-19 16:29:55,True,1.839e-07,5.437e-10,343920448.0,1.87,0x2a...576a,https://bscscan.com/tx/0xe057905dd3236a475940a33328073bb558f8d6bba067be8a29bb72f68cbc8086
2023-03-19 16:25:31,False,1.831e-07,5.411e-10,539554109.0,2.9198,0xde...fa58,https://bscscan.com/tx/0x047a56c09024e6d234cb910e359f60137af15e04e044f1b57408933286a4ec14
2023-03-19 16:25:04,False,1.833e-07,5.417e-10,347939580.0,1.88501,0x1b...7f6d,https://bscscan.com/tx/0x08ba18a0d6f2da127a79feeb9ba3054ba8f5767276e6c1a90064c168e5f4fe1a
2023-03-19 16:23:55,False,1.848e-07,5.424e-10,570011833.0,3.09175,0xec...0165,https://bscscan.com/tx/0x1b297967b9eb84b64f79b8b6329bcc236a5cbed25272e00a81511a8fe81d7b3a
2023-03-19 16:22:55,False,1.852e-07,5.43e-10,435541487.0,2.36542,0x08...af7e,https://bscscan.com/tx/0x576c7d5e8608906c586cc81c7ec9165630d2bf3017e410ddf67f90c11e2c6588
2023-03-19 16:20:46,False,1.854e-07,5.438e-10,667563092.0,3.63065,0xec...0165,https://bscscan.com/tx/0xa3c60742ed2182e5d366634cdeaa1457c6736ef7479b1ce23cb219a65b3306e9
2023-03-19 16:19:49,True,1.864e-07,5.468e-10,338317275.0,1.85,0x08...af7e,https://bscscan.com/tx/0x612a49816d16bc49e28951473cf9a55622cb6a4b50fda61bea054ffad84511e3
2023-03-19 16:18:58,True,1.862e-07,5.461e-10,606047791.0,3.31,0x1b...7f6d,https://bscscan.com/tx/0x3c87764dc1474980cd22eed555320840084aac1728c4145397698bb46c44fe94
2023-03-19 16:17:37,True,1.859e-07,5.454e-10,355644502.0,1.94,0xec...0165,https://bscscan.com/tx/0xfe5531ca5d8e5d06ee3161467772c270455c51590b68e253e98c187d430e2971
2023-03-19 16:17:13,False,1.85e-07,5.427e-10,326475950.0,1.77193,0x2a...576a,https://bscscan.com/tx/0xec42cfd334a6e321693e8b5cd86c1f277dc6ed6b2e70b901b282acdae891d3b6
2023-03-19 16:16:43,True,1.859e-07,5.452e-10,575837721.0,3.14,0x08...af7e,https://bscscan.com/tx/0x07fe32d4205308cf7db0cca1bf2b3dd86e630b5c876971402820f85766fed6cd
2023-03-19 16:15:55,False,1.84e-07,5.425e-10,589145648.0,3.19658,0x1b...7f6d,https://bscscan.com/tx/0xfd2b8b730710bc3d92ec96a35e802feee881bf81f16b235902e69b170ed2e9c9
2023-03-19 16:15:01,False,1.85e-07,5.43e-10,46622889.0,0.2531,0xe4...b84e,https://bscscan.com/tx/0x68e769d90361e54482acbf9df6754ffeabf4149fe4663c36e4febdd29b1dbffb
2023-03-19 16:14:04,True,1.86e-07,5.455e-10,359286493.0,1.96,0x2a...576a,https://bscscan.com/tx/0x568c4dae28b6999ae1cc67da70308b69fa65c57a44ec0b90153df1f05b03d425
2023-03-19 16:13:40,False,1.852e-07,5.428e-10,400432784.0,2.17367,0x08...af7e,https://bscscan.com/tx/0x18112af2c5c8677869f02ec3683fda145a3520cfcd7734be641e478976665a60
2023-03-19 16:11:19,True,1.861e-07,5.451e-10,915272589.0,4.99,0xec...0165,https://bscscan.com/tx/0x296d0f87d0a512160ba50a9f6b97a9db4ff3f6b15b20805b34d29771fde5237e
2023-03-19 16:10:55,False,1.852e-07,5.425e-10,972346365.0,5.27508,0x2a...576a,https://bscscan.com/tx/0x09382cf6bf41e1a1b4cff20c3e2113ea071ee20bf01aaa0aa8d11ed1fe08c30f
2023-03-19 16:10:19,True,1.862e-07,5.454e-10,606799480.0,3.31,0xde...fa58,https://bscscan.com/tx/0x93550618d2beff5093593b1b67a68b1a5f121df7baaf5823341cd803ad5f54e8
2023-03-19 16:09:52,False,1.843e-07,5.427e-10,574646299.0,3.11883,0x1b...7f6d,https://bscscan.com/tx/0x7a25a4c894e6975704495660501a90994a4ea20df6c99ee34938a6644f6a028d
2023-03-19 16:08:10,False,1.85e-07,5.438e-10,1025579278.0,5.57763,0xec...0165,https://bscscan.com/tx/0x101a952b5a5ce4625b4a9904091e9ae213cc2b681e5505d3c94a3e9973424732
2023-03-19 16:07:40,True,1.86e-07,5.468e-10,641861582.0,3.51,0x2a...576a,https://bscscan.com/tx/0xd6eb786fc71b52d67346bc92752c623085195cb3550375b57ba5088887f8b99c
2023-03-19 16:06:49,True,1.857e-07,5.457e-10,973035611.0,5.31,0x1b...7f6d,https://bscscan.com/tx/0xfd2c8be49e087d554bac7e7db554875ed80f45fffa5151dd940d81247080608c
2023-03-19 16:05:31,False,1.853e-07,5.423e-10,15141889.0,0.0821,0x86...1125,https://bscscan.com/tx/0x7532fa48f9a3c2a3d7893660049a8e022b58eb57bbb019c891d9ab2eb6cd3d6f
2023-03-19 16:04:31,False,1.851e-07,5.428e-10,746957385.0,4.05488,0x2a...576a,https://bscscan.com/tx/0xbc3ed7b7586850832c91a56c6867300713dd53656a06538074b94d4649da8b5d
2023-03-19 16:04:22,False,1.854e-07,5.436e-10,368897771.0,2.00543,0x08...af7e,https://bscscan.com/tx/0xba70aa12ef40917086508c00892049dbd2ed8c168e9eb181ae35e39b851b2ec2
2023-03-19 16:04:13,False,1.847e-07,5.442e-10,572312915.0,3.11501,0xde...fa58,https://bscscan.com/tx/0x61b0dec7818caaceee80c929635115ab88bd1f5f1b48d62e1bf8a3ba531ed175
2023-03-19 16:01:55,True,1.854e-07,5.466e-10,1040819111.0,5.69,0xec...0165,https://bscscan.com/tx/0xf2e8fa518c018a167cbf4ede03cc80d4fa319eac34c6fba7e42d3e21054b0ed9
2023-03-19 16:01:10,True,1.849e-07,5.454e-10,735185002.0,4.01,0xde...fa58,https://bscscan.com/tx/0xdb03425535492a5dbbbabf1e9881ecf321c588c9b5bd8b01c09d3b8e5d6234f1
2023-03-19 16:00:43,False,1.839e-07,5.425e-10,554559241.0,3.00899,0x1b...7f6d,https://bscscan.com/tx/0xfe644a06e0d5f6d090a215908358bf41792d33e57eb841b2aae11fea118651fd
2023-03-19 15:59:55,True,1.848e-07,5.457e-10,830305.0,0.0045,0x66...90c8,https://bscscan.com/tx/0x5bfbb0a9580fb2e0690d15676ea738082431bae79fc9287288b3bd711946f0ae
2023-03-19 15:58:46,False,1.849e-07,5.434e-10,724572826.0,3.9379,0xec...0165,https://bscscan.com/tx/0x9c572b4721e510ead25e911abe05465cc79e01a41de1243232e43e6bdf43c07b
2023-03-19 15:58:31,False,1.852e-07,5.439e-10,13113153.0,0.0713,0x56...93f5,https://bscscan.com/tx/0x95f99a4ab904ae3b7aa70df24466e1d8a5525a8bccd9a239001d42c22ed11882
2023-03-19 15:58:16,True,1.852e-07,5.467e-10,3000000.0,0.0164,0x5f...76b3,https://bscscan.com/tx/0x8d449ad43910a1be814dffe17afb9b81deec4fda3763b8c20fda345c00f7bfb2
2023-03-19 15:58:13,True,1.85e-07,5.461e-10,768967042.0,4.2,0x08...af7e,https://bscscan.com/tx/0x9cdaf0e53624112d55f2d2b4d92a55dc48545516dd556fffb9ccbf470047b712
2023-03-19 15:58:07,False,1.84e-07,5.432e-10,518264875.0,2.81566,0xde...fa58,https://bscscan.com/tx/0x3decbca670db9329119bcee10bd61eacf15540f7b5f7193ff039b719447d823a
2023-03-19 15:57:40,True,1.849e-07,5.459e-10,646614880.0,3.53,0x1b...7f6d,https://bscscan.com/tx/0x6eb6d482a8a486bc7706b08024c43a94fcde70f1eeb28d79113bb1880435b08c
2023-03-19 15:55:37,False,1.839e-07,5.429e-10,246722083.0,1.33949,0xec...0165,https://bscscan.com/tx/0x545bbaf90fb33f5c8f781459f42dd98034a036550269512d3a9e183814dce78d
2023-03-19 15:55:04,False,1.85e-07,5.436e-10,857424496.0,4.66168,0x08...af7e,https://bscscan.com/tx/0x6ac6ad171649377b7e0758fe88e29d6c3f7f4e25c3b33b2692c4f6d686616246
2023-03-19 15:55:01,True,1.859e-07,5.464e-10,752081413.0,4.11,0x2a...576a,https://bscscan.com/tx/0x2ec206bed3d75cbd2a7212b4d1fac0128ba572221a6ddd7a6c956c65ffe161ef
2023-03-19 15:54:37,False,1.85e-07,5.437e-10,729558495.0,3.96689,0x1b...7f6d,https://bscscan.com/tx/0x9a7a047d7d3244fe95ff967021d0cfddf769bec70ed516582d8c0f9bbcd431b1
2023-03-19 15:51:49,False,1.852e-07,5.445e-10,377502781.0,2.05554,0x2a...576a,https://bscscan.com/tx/0x6e578e5a2b799009c0f5cc4ae4a8e6a250d8a9e558e8fabc19bd8fed0c3b06eb
2023-03-19 15:48:58,True,1.851e-07,5.469e-10,857555139.0,4.69,0xde...fa58,https://bscscan.com/tx/0x7c65bcdaa1bccd8f9931ef161fe26ba475ddb62a3f57b2a71618a72120bd927c
2023-03-19 15:48:31,True,1.858e-07,5.46e-10,401083270.0,2.19,0x1b...7f6d,https://bscscan.com/tx/0xb658361ce276ace55d150e8904102f83757139be4ff7cd8d59b6399e6bcda88d
2023-03-19 15:45:31,False,1.839e-07,5.432e-10,269159144.0,1.46208,0x1b...7f6d,https://bscscan.com/tx/0x22b01e77534de3971dfea15860fa825d1b6fff123c1160d37cf94a3e147fe35c
2023-03-19 15:43:58,True,1.849e-07,5.461e-10,3326255.0,0.0181,0x9f...e48a,https://bscscan.com/tx/0x55d1b9e5337ee001fe1ac71f96809353dc6fc6acc48f3480ced3d786f6db7762
2023-03-19 15:43:04,True,1.846e-07,5.456e-10,652427058.0,3.56,0xec...0165,https://bscscan.com/tx/0x93b1e97f79642298d354b31af8d060328daf83886859914806c0613ca5ce7a7a
2023-03-19 15:42:55,False,1.838e-07,5.431e-10,1015028306.0,5.51345,0xde...fa58,https://bscscan.com/tx/0x416c62f598351d06c79e7ad939c7c104c342da6ecbd27cd942a992e4a86ce893
2023-03-19 15:39:55,False,1.853e-07,5.444e-10,792292835.0,4.31356,0xec...0165,https://bscscan.com/tx/0x074c9c1c036c63a323228eb9ee859e2ff11874d5ed1cf3ed7c0340615638aec2
2023-03-19 15:36:46,True,1.864e-07,5.472e-10,657817259.0,3.6,0xec...0165,https://bscscan.com/tx/0x31e20b1e77f9e4d14a9a152de2af3635f169616a9709301d9d708309e071e99a
2023-03-19 15:36:34,True,1.852e-07,5.466e-10,283569245.0,1.55,0x08...af7e,https://bscscan.com/tx/0xc1607dd777a24299a5b25bde510b799fa616f4b0ba85864967d4e6840f32ccf1
2023-03-19 15:36:22,True,1.86e-07,5.462e-10,278281361.0,1.52,0x1b...7f6d,https://bscscan.com/tx/0x1cac0cb42a0238e584b81a207c9bd830e27dc7fda87676346a5257772a42c226
2023-03-19 15:33:19,False,1.852e-07,5.438e-10,806632824.0,4.38688,0x1b...7f6d,https://bscscan.com/tx/0x83fc2dcb57b9e1f3d4c4589809b3598ddc85a757e088236dfed745ff09cf957d
2023-03-19 15:30:43,True,1.852e-07,5.467e-10,599939076.0,3.28,0xde...fa58,https://bscscan.com/tx/0x36113c41c3df45bde3b9ee7d4e65544cceba6486c0b6ca246620cbbfcb3dd54b
2023-03-19 15:30:28,True,1.849e-07,5.461e-10,283829374.0,1.55,0xec...0165,https://bscscan.com/tx/0x735bb457cffeee8d71b933c139c58e50ac06e2c0c7c5b436f253c1c5f79ae28a
2023-03-19 15:30:22,True,1.846e-07,5.453e-10,801330538.0,4.37,0x08...af7e,https://bscscan.com/tx/0xef91be4caef8519412c5147b65460103709ab331b94cdf309852b2b44cd033c8
2023-03-19 15:29:40,True,1.842e-07,5.445e-10,374640456.0,2.04,0x2a...576a,https://bscscan.com/tx/0x1a7d8063a3df5829e62f936072f6b10e8fe32bf467cb2edb5608c0aa7c83af4e
2023-03-19 15:27:40,False,1.843e-07,5.419e-10,576017724.0,3.12169,0xde...fa58,https://bscscan.com/tx/0x0c108da64e415d860b92a0dd39b88fceb277230517143a982536c6848e95921a
2023-03-19 15:27:19,False,1.845e-07,5.426e-10,397095819.0,2.15471,0xec...0165,https://bscscan.com/tx/0xefa5f863e1c91bbb7efbe0d29155153cc61a07a162f251b393638cbb4992894b
2023-03-19 15:27:16,True,1.854e-07,5.453e-10,337379069.0,1.84,0x1b...7f6d,https://bscscan.com/tx/0xc9a6bac18332939b615fe5df0313af54774688aea71b13837067f0f768fb1557
2023-03-19 15:24:18,False,1.836e-07,5.426e-10,355629838.0,1.9299,0x1b...7f6d,https://bscscan.com/tx/0x803027e475264971fe7ca6273813a6fc74b408a8607d79724b286d0e8ecb1170
2023-03-19 15:24:15,True,1.845e-07,5.453e-10,388727672.0,2.12,0xec...0165,https://bscscan.com/tx/0x25e327d693087839e03e5c284177cad8c598ac68ba35448a0e02326dd4d53df5
2023-03-19 15:23:18,False,1.844e-07,5.426e-10,388696786.0,2.10925,0x2a...576a,https://bscscan.com/tx/0x7c483d3531843bcaabdb1e8359f80caa4cd22c70bc08119ade841b2989ab67b7
2023-03-19 15:21:36,True,1.852e-07,5.45e-10,878859182.0,4.79,0xde...fa58,https://bscscan.com/tx/0x9bd4e4a0d41e6550bc1f1708cd033f7c5dc5074064e0751c1e89d13d5689d953
2023-03-19 15:21:09,True,1.839e-07,5.44e-10,485228627.0,2.64,0x1b...7f6d,https://bscscan.com/tx/0xb54712c65ca6ad3ef4243ab2d690c6855462b22760cbc7392f25d624f168688a
2023-03-19 15:21:03,False,1.839e-07,5.412e-10,375711717.0,2.03365,0xec...0165,https://bscscan.com/tx/0xa67dd5a127339fdd1de999fc4107958a3ec8472082675e3ec3965b741b80d5b6
2023-03-19 15:20:09,False,1.841e-07,5.417e-10,249731314.0,1.35283,0x2a...576a,https://bscscan.com/tx/0x81a7125940253e8dae5e038dbaa89251d5860e85b364540f97a6bd6ebff1c13b
2023-03-19 15:18:06,True,1.849e-07,5.443e-10,338005778.0,1.84,0x1b...7f6d,https://bscscan.com/tx/0x79ea15a087880ae73ca5ab2a8f36225588bbfe1db6d32d46ade28a19783a158d
2023-03-19 15:17:54,True,1.846e-07,5.437e-10,590374672.0,3.21,0xec...0165,https://bscscan.com/tx/0x63d0c52bfc161eefeac29ac37c02eeaf651f5299a016c5c87ad72f8464bb81a4
2023-03-19 15:16:24,True,1.836e-07,5.432e-10,43114860.0,0.2342,0x99...3f47,https://bscscan.com/tx/0x18959f162b2f429d3d46b9d33e4cee5eabb430dcf8c89bb75e39d01e416c4b22
2023-03-19 15:15:30,False,1.838e-07,5.411e-10,866864328.0,4.69094,0xde...fa58,https://bscscan.com/tx/0xdf01c27f6cc14a727b215712a0dd600d43db6421bf0ba35bd4dbd69be4eaf105
2023-03-19 15:14:39,True,1.84e-07,5.444e-10,789779.0,0.0043,0xdf...b026,https://bscscan.com/tx/0x82aac0620cd84de895901b22fa4f53a06994c45769e65bad29b86790e2d12012
2023-03-19 15:13:48,True,1.837e-07,5.436e-10,1092527286.0,5.94,0x2a...576a,https://bscscan.com/tx/0xb217d859f4cdd3e9d69443da92075e8a16d3f78557c3846dbb3d0b90251720b1
2023-03-19 15:12:27,True,1.844e-07,5.426e-10,359324513.0,1.95,0xde...fa58,https://bscscan.com/tx/0x032dac354a5f439f937c978a6d18ba1a8560590d6a7a4afcab2d00957fc4efc0
2023-03-19 15:12:03,True,1.843e-07,5.421e-10,378107739.0,2.05,0x1b...7f6d,https://bscscan.com/tx/0x63053dcb6bb21390ef89afa8c2a9229c5fcb9f0379b5be1cbda3c1ed01939980
2023-03-19 15:10:54,True,1.833e-07,5.418e-10,103229162.0,0.5593,0xba...d78b,https://bscscan.com/tx/0x04d549bb3ee1b1a26828eb731fb1ffaff020b7bc75259ffa33926d0d9054abbe
2023-03-19 15:10:36,False,1.835e-07,5.397e-10,968847892.0,5.22917,0x2a...576a,https://bscscan.com/tx/0x18e85616711a7681d5aa34ac508479170e269c3ec6e8bdbf77a58db29aa2e655
2023-03-19 15:09:00,False,1.838e-07,5.409e-10,848723276.0,4.59146,0x1b...7f6d,https://bscscan.com/tx/0xea348c5e4eef0dfe282f202272c1493fa372c5ec1f65892d568905bd5d150202
2023-03-19 15:08:30,False,1.832e-07,5.418e-10,449598966.0,2.43629,0xec...0165,https://bscscan.com/tx/0x4b21c8b173be12b0f675f16aef2f0c7606d6f3c18599a352016accf656486120
2023-03-19 15:07:27,True,1.85e-07,5.445e-10,569313123.0,3.1,0x2a...576a,https://bscscan.com/tx/0xee6f612bb28032efb27cb8660a9d21129328657a9ee8df6fc90c59c003e8bd53
2023-03-19 15:06:24,False,1.832e-07,5.417e-10,535446668.0,2.90091,0xde...fa58,https://bscscan.com/tx/0x8b816d6a8b7e8e773139497a0aa833ecdef889eebf5ffb0ccbb0a00f982a32b4
2023-03-19 15:05:57,True,1.851e-07,5.445e-10,418677513.0,2.28,0x1b...7f6d,https://bscscan.com/tx/0x837480e1642debd59e3df1677d1029ad5451b7205c2bc0074ebb5c348bbdc370
2023-03-19 15:03:21,True,1.849e-07,5.439e-10,514780452.0,2.8,0xde...fa58,https://bscscan.com/tx/0xd416ad33354a7e43b54ecc3a4e4444d1f9611af51aa56a706944cad5a6f42dc5
2023-03-19 15:02:12,False,1.84e-07,5.41e-10,358880919.0,1.94189,0xec...0165,https://bscscan.com/tx/0xf4df980b82cbdf9df47e9d99078ea3c7bf69e8502353e984d3a64366875ef03d
2023-03-19 14:59:06,True,1.847e-07,5.436e-10,607020871.0,3.3,0xec...0165,https://bscscan.com/tx/0xb51107e887062bb94daf9445a3768ba2a44843013404738c2e5859428452568c
2023-03-19 14:57:57,True,1.845e-07,5.43e-10,303864285.0,1.65,0x2a...576a,https://bscscan.com/tx/0x7ef31288685626fbde10182e99df9ba4ae752a9ad0b855b19ec07edb7cedd057
2023-03-19 14:56:21,False,1.826e-07,5.403e-10,345215277.0,1.86528,0x08...af7e,https://bscscan.com/tx/0x64c622abac7baf0402699965090395cd818b41b6172301e2eaf69fc241323545
2023-03-19 14:53:48,False,1.837e-07,5.407e-10,292307746.0,1.58069,0x1b...7f6d,https://bscscan.com/tx/0x4af7c3d1d14b427d18e39c6229517a1a9e939afc0eb8182e50241b6aab5b6809
2023-03-19 14:53:15,False,1.83e-07,5.414e-10,655096852.0,3.54681,0x08...af7e,https://bscscan.com/tx/0x0ecfdcf39edebb4d14dd8e0588e167cf30f7b6003d2cc79defa1ddb29bdfac2b
2023-03-19 14:51:09,False,1.842e-07,5.422e-10,532526889.0,2.88757,0xde...fa58,https://bscscan.com/tx/0xece0328c4952e80f4df77357578363e57788e5c3700712a836cde655b9dfcd8a
2023-03-19 14:50:15,False,1.843e-07,5.426e-10,26106176.0,0.1416,0xfe...7042,https://bscscan.com/tx/0x5a2b650ebb07025b0a807f45becfe27ad629662e5bd9146dd1cf92a5648414f6
2023-03-19 14:48:09,True,1.854e-07,5.451e-10,280645666.0,1.53,0xde...fa58,https://bscscan.com/tx/0xb15602bcdeeef7dc85be9e078db07be14acd0788a91b8535eac269f91cbaeb35
2023-03-19 14:45:15,False,1.835e-07,5.425e-10,358367215.0,1.94415,0x2a...576a,https://bscscan.com/tx/0x531ce03668b873f292f41234a920bbe5518f4801bbf05e4fc42cbb04ee6c7771
2023-03-19 14:45:06,False,1.837e-07,5.429e-10,355144499.0,1.92843,0xde...fa58,https://bscscan.com/tx/0xe2abb52c33511b24cbf6a05320daf532e934dec87e37926e2e955078b4c247f1
2023-03-19 14:43:21,True,1.855e-07,5.457e-10,289500198.0,1.58,0xec...0165,https://bscscan.com/tx/0xe39a70ac1c6db3a88fbd8b1dc2afc2ad7ac436ca89c1a3d4f1766ee7b24f8585
2023-03-19 14:42:06,True,1.853e-07,5.451e-10,610854119.0,3.33,0x2a...576a,https://bscscan.com/tx/0x0b4aeebf2f50b6811ece41bbdda7532403323c9f89428ddb26af714546c2af3c
2023-03-19 14:41:36,True,1.839e-07,5.441e-10,815962505.0,4.44,0x1b...7f6d,https://bscscan.com/tx/0x86dc85e7f0320b36c75dbbd1e802f8fcdee67937ddc4eb0d7cedca63619fa44f
2023-03-19 14:40:12,False,1.84e-07,5.417e-10,1220188446.0,6.60983,0xec...0165,https://bscscan.com/tx/0x9608fdd6180c90752483d0eb23a3503b1e20ef3d65ffbb5abe3abe256b2aaefe
2023-03-19 14:39:00,True,1.849e-07,5.445e-10,1066981236.0,5.81,0xde...fa58,https://bscscan.com/tx/0x5c8b9acf5b7ae48698ce4196142870bb2da732a0f7cd424531ca72d4ff1e1350
2023-03-19 14:38:54,False,1.839e-07,5.414e-10,611049105.0,3.30878,0x2a...576a,https://bscscan.com/tx/0x3004f790fb43f7ca732ac2fa839b804da8bfd036af5ab01f5231fec1d8e10acf
2023-03-19 14:38:35,False,1.842e-07,5.422e-10,432638968.0,2.34583,0x1b...7f6d,https://bscscan.com/tx/0x3ccf7844387c749155521a2ec834dfbe935c5942328b4167f5558a24f9118f8b
2023-03-19 14:38:23,False,1.843e-07,5.425e-10,11948624.0,0.0648,0xbf...94ee,https://bscscan.com/tx/0x2376f9947e9e066502d72b04eae99883074cc2f0c458fe7dbc5acb39ff239922
2023-03-19 14:37:03,True,1.85e-07,5.447e-10,684687163.0,3.73,0xec...0165,https://bscscan.com/tx/0xe2a1eae127442830911bf1fcc01238665ae9ca82f5353d3fc5497df1865cd99d
2023-03-19 14:35:57,False,1.84e-07,5.418e-10,321826304.0,1.74366,0xde...fa58,https://bscscan.com/tx/0xe6bf8cc719c3b21b520a2bab0cb6275d2960807380a89814decaadfb6a3d67f6
2023-03-19 14:34:45,True,1.848e-07,5.443e-10,624645313.0,3.4,0x08...af7e,https://bscscan.com/tx/0xe99a656f320e2e9c13b1d8cdf01933b0028758266b75c4214efceff84d8ca83c
2023-03-19 14:33:57,False,1.839e-07,5.414e-10,376085652.0,2.0362,0xec...0165,https://bscscan.com/tx/0xe8809065f159285244e07a6aa9d61ee48fc5cb695aa5881ab264a235f295a0c1
2023-03-19 14:32:30,False,1.843e-07,5.423e-10,906516484.0,4.9161,0x1b...7f6d,https://bscscan.com/tx/0x96dea2fbd35a11c032c08a092fab09a67ff670c195cf191a17538fe075d6fd73
2023-03-19 14:31:39,True,1.854e-07,5.454e-10,309839762.0,1.69,0x08...af7e,https://bscscan.com/tx/0x193bff342bc2e98ad66a432121a8d2ec5de3f429c5c2fec9918a1b2e0f44114f
2023-03-19 14:29:27,True,1.842e-07,5.448e-10,596538520.0,3.25,0x1b...7f6d,https://bscscan.com/tx/0x119dd5cac9ee0732fffd326f67cddfd519d21a8a716092897c51419b6d3bad06
2023-03-19 14:29:21,False,1.841e-07,5.416e-10,8925028.0,0.0483,0x80...84e3,https://bscscan.com/tx/0x9d5c5f2d63fc75f41258a1c808eaa8d2bcf3fc78d121943a95a8fc432f5d4dbb
2023-03-19 14:28:33,False,1.843e-07,5.424e-10,1036220555.0,5.62052,0x08...af7e,https://bscscan.com/tx/0x7b485666d81b8814e7a1e5e7655ff753e74cc3e6ce0fb28ff0a0f6d731d61375
2023-03-19 14:26:24,False,1.839e-07,5.434e-10,473713850.0,2.57442,0x1b...7f6d,https://bscscan.com/tx/0xc0ed29fccd1e454ed0f70458dcb0e2d8b0ad36a4fee9364555661919126b2585
2023-03-19 14:25:12,False,1.84e-07,5.438e-10,60910812.0,0.3312,0x6b...f437,https://bscscan.com/tx/0x0a0838ec1f7cf72d2705955aae4e2db85cb6dee7beec5cc12b8900a2e05fdac4
2023-03-19 14:23:48,False,1.851e-07,5.443e-10,754360188.0,4.1067,0xde...fa58,https://bscscan.com/tx/0x9570515f977315609dcf06a55421f7949eb65e2f492bc15f8f0504572ed260d2
2023-03-19 14:22:24,True,1.861e-07,5.474e-10,358053990.0,1.96,0x08...af7e,https://bscscan.com/tx/0xf5bde7499c36d95efdd8f8bd07e3ae2c5bd6616ca4d04228a51caed8abee8a50
2023-03-19 14:21:24,False,1.843e-07,5.447e-10,472608145.0,2.57453,0xec...0165,https://bscscan.com/tx/0xa2e00841012aa4fb11dccf85cb7b857589b537670fb46968474b7dff26878109
2023-03-19 14:20:45,True,1.86e-07,5.471e-10,888174247.0,4.86,0xde...fa58,https://bscscan.com/tx/0x9da973302b45282825dfd04a9c1b5c0a5c47dfb786e353800c959a7ddcbc100a
2023-03-19 14:19:51,True,1.848e-07,5.463e-10,291015506.0,1.59,0x2a...576a,https://bscscan.com/tx/0xc0bd0702207719dd328cabc7f9b43b362f77147aa6d5800aad87069477d5ef43
2023-03-19 14:19:18,True,1.847e-07,5.459e-10,283903686.0,1.55,0x08...af7e,https://bscscan.com/tx/0x9506a3de14f61d9c4a9fdfeb1e3e045aa8da021c046da67801dd2b29cba919ca
2023-03-19 14:18:12,True,1.853e-07,5.451e-10,891518689.0,4.86,0xec...0165,https://bscscan.com/tx/0x8ae675a14ea989e495899e3473f8c50df329469efb213c16147e62103238a02f
2023-03-19 14:17:54,True,1.841e-07,5.443e-10,269698674.0,1.46804,0x4f...235a,https://bscscan.com/tx/0xf493a10dc3acbc0bf361e5de3db3cd32aa633812183749ff93d86460c1dd11fd
2023-03-19 14:17:42,False,1.843e-07,5.42e-10,952978863.0,5.16593,0xde...fa58,https://bscscan.com/tx/0xcb215f8290a73686345ef7089feb6a0a3aa68d706c7f4dd410bb664f0bebdb6c
2023-03-19 14:17:15,True,1.843e-07,5.449e-10,770744867.0,4.2,0x1b...7f6d,https://bscscan.com/tx/0x5ab507afa74bcc151106323d5f664a2d9dca32401e12c3b18a91885d93100356
2023-03-19 14:16:42,False,1.834e-07,5.42e-10,548737325.0,2.97444,0x2a...576a,https://bscscan.com/tx/0x31d7a2c9c983bb7bf8a1e9aded7e4250586e480853983fa33a4c3532c306c4ae
2023-03-19 14:16:12,True,1.842e-07,5.447e-10,548854941.0,2.99,0x08...af7e,https://bscscan.com/tx/0x13a784e7f44b49e8e332bf6138bbe84aca020defc5bed53674362f22611c46ba
2023-03-19 14:14:12,False,1.834e-07,5.422e-10,851128216.0,4.61533,0x1b...7f6d,https://bscscan.com/tx/0x09c4bed6b4ad3d906cd6d39713d88b04872ed942d8dd6f2e9c6d6aecf1bb221e
2023-03-19 14:13:33,True,1.853e-07,5.451e-10,597994594.0,3.26,0x2a...576a,https://bscscan.com/tx/0xf5f00785daf1dff3a5d92379cb075135950e64cd2138c0186262b26cd69484b1
2023-03-19 14:13:09,False,1.835e-07,5.427e-10,1024512441.0,5.56033,0x08...af7e,https://bscscan.com/tx/0x737a20d1d3dfa8559a64bf3e7e9b88ffa2cd4fa0422ef916edd737df2990c120
2023-03-19 14:11:57,True,1.845e-07,5.457e-10,542335711.0,2.96,0xec...0165,https://bscscan.com/tx/0x4c2d7b2dc940d1b0bf53c531eb4841150de71db3da29314bceb6b444786fda64
2023-03-19 14:10:00,True,1.852e-07,5.448e-10,732249566.0,3.99,0x08...af7e,https://bscscan.com/tx/0x7c9d975d978f92fed883595218dcb281180d16edb91b06820abfee5a623e5644
2023-03-19 14:08:36,True,1.848e-07,5.435e-10,1142406515.0,6.21,0xde...fa58,https://bscscan.com/tx/0xe483683e2422037168f163d773c673091aebb19f6fe5a0d1957b6f20fc236f40
2023-03-19 14:08:09,True,1.842e-07,5.42e-10,1145754757.0,6.21,0x1b...7f6d,https://bscscan.com/tx/0x64fc5acbc0c367d636a23414c96e9cf087dac34692da9bdee51f4c9be38604db
2023-03-19 14:06:55,False,1.823e-07,5.391e-10,869230903.0,4.68606,0x08...af7e,https://bscscan.com/tx/0xeb8329761d67271afdccaefec42743ea26dd040e519f6c966705633f6b452fc3
