datetime,buy_order,price_USD,price_native,amount_token,total_native,maker,etherscan_url
2023-04-02 18:10:14,True,1.395e-07,4.45e-10,34874601.0,0.1552,0xe7...4d54,https://bscscan.com/tx/0x32755bf37ca46c16824e4203e99a9110364bb8a3de2a5744abcbf5f6c4fda2b6
2023-04-02 18:08:49,False,1.389e-07,4.429e-10,216093574.0,0.9571,0x6c...ad58,https://bscscan.com/tx/0xd43df50ddd15390a822dab2439d9cea2baa03e20513433283298d94165253269
2023-04-02 18:08:27,False,1.382e-07,4.43e-10,5619872.0,0.0249,0x41...d39e,https://bscscan.com/tx/0xc8a1a831e73c4ca7fef81bb851386b56d234008a19305f0c6e4feed8a916ef53
2023-04-02 18:06:48,True,1.388e-07,4.452e-10,3112826.0,0.0138,0xfd...febb,https://bscscan.com/tx/0x61d9e4deac11c1a4c9dcfba1fc4f844179e765208b1dcce521c77852b3c3f6c7
2023-04-02 18:04:57,False,1.388e-07,4.43e-10,8755938.0,0.0387,0x03...b46f,https://bscscan.com/tx/0xb85829353c8ec1efcb3e65ea9fc3795d0f0cb9412852532e164e16f41e2eaa3e
2023-04-02 17:47:53,False,1.389e-07,4.432e-10,358380722.0,1.58841,0x83...51a9,https://bscscan.com/tx/0x377c4ee25d1c5465ee234e633ed91f500856059017f16d10aa45e3af0a93d226
2023-04-02 17:41:07,True,1.389e-07,4.454e-10,316536376.0,1.41006,0x13...937a,https://bscscan.com/tx/0x4076c3064e77e8edac0875e06f7ffe9445e9086c0fc2a6955c199ea3f59a45ff
2023-04-02 17:35:01,True,1.389e-07,4.452e-10,8244600.0,0.0367,0x2a...47c9,https://bscscan.com/tx/0xd5e4d908675538cebd02c26e6c2f10273f90012532dd56565a8910683bfe76eb
2023-04-02 17:30:20,False,1.382e-07,4.43e-10,43694988.0,0.1936,0x50...d6af,https://bscscan.com/tx/0xbf81a200a4bfd22c171bf0c657abd70a9927b654e471666a787c3259beaf2a8e
2023-04-02 17:20:00,False,1.389e-07,4.431e-10,49861484.0,0.2209,0x6c...97f6,https://bscscan.com/tx/0x01f198263e7153024d73e2c03d7d768923a2f18f0dbce8da872c0df540d01c51
2023-04-02 17:17:39,True,1.396e-07,4.453e-10,2791969.0,0.0124,0x1b...2892,https://bscscan.com/tx/0xa42c1bbd42624c2a6cad2a7ace373d18ed17e055aad888e885b9fd5de12f2f21
2023-04-02 17:15:24,False,1.383e-07,4.432e-10,87091237.0,0.3859,0x1a...f313,https://bscscan.com/tx/0xa191c6827f5c76996ac6645794411ed3575b3b97d110840844454c66d53d0d94
2023-04-02 17:09:58,True,1.399e-07,4.454e-10,3000000.0,0.0133,0x48...a0b4,https://bscscan.com/tx/0x178376a0db9810e82b76a01ef2ddb233db54f08cb77e35ccee931705b39e7fad
2023-04-02 17:00:56,False,1.387e-07,4.432e-10,21486936.0,0.0952,0x99...240f,https://bscscan.com/tx/0xcd359fcd987b766b56925eeda03744e942e038b03509e9020f39c6b07200628b
2023-04-02 16:55:41,False,1.39e-07,4.432e-10,18770377.0,0.0832,0x0c...5989,https://bscscan.com/tx/0xdef217a19d1137ad4f0fdce28476b747d6ac7ba209e4c46e7874aef232fb227e
2023-04-02 16:51:54,True,1.404e-07,4.454e-10,26558260.0,0.1183,0x58...fe38,https://bscscan.com/tx/0xcfce5239808e5de17fc67314bdd5c2049c2a70b43c005aeddaed7c6ff9adb5ec
2023-04-02 16:51:45,True,1.403e-07,4.454e-10,95506902.0,0.4254,0x13...d11d,https://bscscan.com/tx/0x43cba5bac64a082b84ec711f2416e73b3f4d11be415338d58a32513a4642a97d
2023-04-02 16:49:34,False,1.389e-07,4.431e-10,23534201.0,0.1043,0xc6...5dd8,https://bscscan.com/tx/0x5af18e4b244cb6cf9e5dbcb05bc454525e9d2c5e5bf760da8e68dbff9e918930
2023-04-02 16:47:01,True,1.396e-07,4.454e-10,25067893.0,0.1116,0x58...fe38,https://bscscan.com/tx/0x642af3d833a67a3c6b53bff66e24c041b05d340e02302583f0410edb56013f33
2023-04-02 16:41:52,False,1.392e-07,4.44e-10,1740347216.0,7.7279,0x03...4b6a,https://bscscan.com/tx/0xe722957d82708277aa4a5b3173826834793a5d8a03e4a343268f53cbe78d189f
2023-04-02 16:39:22,False,1.401e-07,4.449e-10,27720613.0,0.1233,0x08...2c07,https://bscscan.com/tx/0x18f657891376f8c70e2c17a56918c21c33183e10d27779092e907f1751ea6e50
2023-04-02 16:39:19,True,1.408e-07,4.47e-10,359673560.0,1.60774,0xeb...f112,https://bscscan.com/tx/0x0807135b97bb364c0d24a2feaa3ffead2f95eeca9eaa90512a73723b1654be51
2023-04-02 16:38:46,False,1.4e-07,4.446e-10,49817772.0,0.2215,0xb1...bc29,https://bscscan.com/tx/0x7e0fa9461f28acae229bcff51a633ed80f1b4cbc477a0bae43af554bf094bfba
2023-04-02 16:36:10,True,1.4e-07,4.467e-10,167963776.0,0.7504,0x13...d11d,https://bscscan.com/tx/0x597d577ebec6aa65835260d576bcdd71bfa8d414bc525fd8a5b4b2462a2c3699
2023-04-02 16:26:49,False,1.392e-07,4.444e-10,31121792.0,0.1383,0x55...a069,https://bscscan.com/tx/0x2127583508d6ac26cc57790856a376c95cf2aa27de24fc8ffc29e88ed5ffde29
2023-04-02 16:21:04,False,1.393e-07,4.445e-10,76556190.0,0.3403,0xf4...fce0,https://bscscan.com/tx/0xaab1a12ab6b686a688eb1232e11d95d4d8566b5523a9604a094864ca13311969
2023-04-02 16:09:00,False,1.402e-07,4.447e-10,273627442.0,1.21686,0xb6...6da7,https://bscscan.com/tx/0xc1836d6c0a6173f16a3e8298fec40cb52406a28ecc3c4a440bf622d3f5b1b2c5
2023-04-02 15:56:31,False,1.402e-07,4.448e-10,47068270.0,0.2094,0xfe...42b1,https://bscscan.com/tx/0x5cab2f0bb70f3b6d898b352d0b552d0ea9a6025edb7a61e046c7383d2d7f210b
2023-04-02 15:54:01,True,1.402e-07,4.471e-10,2000001.0,0.0089,0xf4...7b6c,https://bscscan.com/tx/0x1946fb01425bfa790d6798a1c078e067429536e959bd7bf69496cb9d4d6826ce
2023-04-02 15:48:40,False,1.402e-07,4.449e-10,116162752.0,0.5168,0x0e...a405,https://bscscan.com/tx/0x7c4374f71f31ba15a753b9e656d0c585b12d7fa7078921c8a387ee0e4e1a9bad
2023-04-02 15:39:37,False,1.402e-07,4.451e-10,195723778.0,0.8712,0x88...9c07,https://bscscan.com/tx/0x538131921e54e780fedc1794a7778aaa7e0c40430e65a8b085a7fe9b4590933d
2023-04-02 15:39:25,True,1.41e-07,4.474e-10,22733488.0,0.1017,0xfa...085d,https://bscscan.com/tx/0x319cf4c749065bbfce0a99e2c83d5fa1d774aa189035657ceb5831179df5c74e
2023-04-02 15:35:52,True,1.402e-07,4.474e-10,28734244.0,0.1285,0x55...d317,https://bscscan.com/tx/0x3e083e418855b3b9c7552191fef5d45ba0ff42871a5b89b3efb19cb4c0f41aec
2023-04-02 15:25:10,False,1.395e-07,4.452e-10,115636919.0,0.5148,0x23...a284,https://bscscan.com/tx/0x6efe4f2b9b15d8b0451ffb0269995c00dfbbee8a3ffb7714b9e3798e91a7324a
2023-04-02 15:24:04,True,1.402e-07,4.475e-10,1714500.0,0.0076,0x51...2348,https://bscscan.com/tx/0xb896116bd3e7266ee0c30441060429965e4a42d29d0d0dcbe819b2d236cd5b61
2023-04-02 15:02:01,True,1.412e-07,4.475e-10,670373.0,0.003,0x2a...9364,https://bscscan.com/tx/0xf71b356afa7fe53c4cf5e9093fcd097bdc44c0ec14d47938ccf56e6040236c9e
2023-04-02 14:52:57,True,1.406e-07,4.475e-10,2937320.0,0.0131,0x89...f9eb,https://bscscan.com/tx/0x64ae5e6e7ef631884ab1a0d37064194156ae69bdab365c903bbb74ee1464cbab
2023-04-02 14:30:11,True,1.412e-07,4.474e-10,35865644.0,0.1605,0x1c...a393,https://bscscan.com/tx/0xd836be12ddddb0a3768999c0090735695308027efd1f984bf493062867dd9eeb
2023-04-02 14:30:05,False,1.405e-07,4.452e-10,31109823.0,0.1385,0xf7...6237,https://bscscan.com/tx/0x52137c660a91adba510db461a08aac335723001cb0cbc6ebbd195732a9548064
2023-04-02 14:12:34,False,1.399e-07,4.452e-10,3221065.0,0.0143,0x6a...6b00,https://bscscan.com/tx/0xb36fc236eea7dad9e72fde2f4132548c93d2ba3deed22053fee03f30a7f79123
2023-04-02 13:45:52,False,1.405e-07,4.453e-10,77012685.0,0.3429,0x14...80be,https://bscscan.com/tx/0xdad4fc46a259b1d69b1f0c923314ce3c924927caf936bb3b5cf02d2b134e7cb3
2023-04-02 13:45:22,False,1.398e-07,4.453e-10,8863594.0,0.0394,0x52...d11e,https://bscscan.com/tx/0x100bac29ed3b69955db0c192f5799c25e6654b4679fa183e7aaf6bec5cc13ae4
2023-04-02 13:38:43,False,1.404e-07,4.453e-10,12942025.0,0.0576,0x61...85e1,https://bscscan.com/tx/0x6b0aaba357d5ee0b148d23da136c7d80dc1b259a18705ccc509ed9bbd5e7309f
2023-04-02 13:36:49,True,1.404e-07,4.475e-10,82633395.0,0.3698,0xb5...81cf,https://bscscan.com/tx/0x06ff7c2050bfc688d7e825554d3a2fbbe3efa707e84096383fbbc1ac96527976
2023-04-02 13:22:05,False,1.405e-07,4.452e-10,7483974.0,0.0333,0xe6...7f30,https://bscscan.com/tx/0x37497f2e38f6a21f3814e7ef93c82f110c2fc814061f8960163c7b07ae220db8
2023-04-02 13:14:23,False,1.405e-07,4.453e-10,12725080.0,0.0566,0x46...e6ed,https://bscscan.com/tx/0x6c8207cb3912f66e31bef6abdc9741e25ca1ec6c3ceb11337d632a4d18d05325
2023-04-02 13:08:58,True,1.405e-07,4.475e-10,10193467.0,0.0456,0xa0...7131,https://bscscan.com/tx/0xc4928fa8c8cb6043f27e5367a28001a80b9891350c265466301bc03dc7003863
2023-04-02 12:25:40,True,1.413e-07,4.475e-10,36000000.0,0.1611,0x63...6d61,https://bscscan.com/tx/0x8b5e65dab57064541f3e2530b62c84546bf8c2913b72f28f544f6b59fef83778
2023-04-02 11:08:42,True,1.405e-07,4.474e-10,5027991.0,0.0225,0x91...fab9,https://bscscan.com/tx/0xa6f5fd3039cc9ea479c541d82e9709ba12358ace41c4a00f845c0f7262501ba1
2023-04-02 10:57:59,True,1.413e-07,4.474e-10,44695831.0,0.2,0x9a...9919,https://bscscan.com/tx/0xee903bfbc4424f185780e4a14caf98cfd8c30e70b5554ea188a5df399c8dee57
2023-04-02 10:53:01,False,1.406e-07,4.453e-10,252367205.0,1.12389,0xd2...2a70,https://bscscan.com/tx/0x5b3c444b3baec9bc8feeb85ba4282474dd533e1e270f7d1989564f2241565365
2023-04-02 10:34:05,True,1.415e-07,4.476e-10,98029816.0,0.4388,0x3a...a92d,https://bscscan.com/tx/0x5e51a22f8c518b6321316019463eb20b5843c0bdc12d76be8d0f423f082c4603
2023-04-02 10:16:09,True,1.408e-07,4.476e-10,1000000.0,0.0044,0xb2...eb38,https://bscscan.com/tx/0xd1fa9df7093c64571a9ff196b6cffec4f5b49eddb98c4d6268d098aa688b8fb5
2023-04-02 10:05:48,True,1.415e-07,4.475e-10,10439577.0,0.0467,0x55...03de,https://bscscan.com/tx/0x168c126539b6e1ff9ecb760579e90e2fc51bac3b51918bac16d065b1bc3475d8
2023-04-02 10:05:21,False,1.41e-07,4.459e-10,1185279833.0,5.28588,0x5a...ea8a,https://bscscan.com/tx/0x96c8bc7251eb5a8eb1912b86678c60acb9133e7f032e5142987ba9e5fad1ccf4
2023-04-02 09:44:48,True,1.418e-07,4.487e-10,44072607.0,0.1977,0xf8...2bb1,https://bscscan.com/tx/0xaaa07feb14bd13ac40e88b26a29df89beb9fc510377ee98645933056bdf89fbf
2023-04-02 09:28:58,True,1.419e-07,4.487e-10,597719.0,0.0026,0xaa...aecc,https://bscscan.com/tx/0x3a0636a87f95644d7d30b21ef4d43b73ddb2a6dc5d11487d98feaa6f3bb70b3f
2023-04-02 09:08:06,True,1.418e-07,4.485e-10,401291099.0,1.8,0x6a...9b7f,https://bscscan.com/tx/0xc276b908df7ac49ce7345d2a50561bc11c5b938679f7ef0c1f8c63e125e7a4ab
2023-04-02 08:55:27,True,1.41e-07,4.483e-10,1025993.0,0.0046,0xc0...4454,https://bscscan.com/tx/0x896377719005f154b9d151db1c6d19e929fb6559facf31fdc11da0ce8a31c3b5
2023-04-02 08:50:27,False,1.403e-07,4.461e-10,7905873.0,0.0352,0xfd...be5d,https://bscscan.com/tx/0xaf4614cd45e43f295ae628a2bd5abdb8099ed8ff566de13f3e9a43c9bc1f87f5
2023-04-02 08:48:00,True,1.417e-07,4.483e-10,35687585.0,0.16,0x66...3418,https://bscscan.com/tx/0x49b73f72d366f496c802146c0255d8530ceb36735645fe87f77ee0947cba5628
2023-04-02 08:34:27,True,1.417e-07,4.483e-10,20091800.0,0.09,0x10...522d,https://bscscan.com/tx/0xc0d1735c9fed0c2b55378d7de24875e9d0b0610049589eafcf50336a09d117be
2023-04-02 08:29:36,True,1.41e-07,4.482e-10,5974306.0,0.0267,0xbd...ac70,https://bscscan.com/tx/0xe2d7f5fb71b3b7d0a94145232a1e99e6e708d1bbc8a7b737959c88c96d2bb129
2023-04-02 08:00:12,True,1.418e-07,4.482e-10,35692629.0,0.16,0x42...39aa,https://bscscan.com/tx/0xd4dd695466aaff9d97d6779a34411005cc811c6a3f237a7715ff4da418a51021
2023-04-02 07:57:03,True,1.411e-07,4.482e-10,15630398.0,0.07,0xfb...8044,https://bscscan.com/tx/0x139d43ae4e35e2e63a4c379f5aed628f27c988c76e582a8d4f917bbcdb4fe67c
2023-04-02 07:49:39,True,1.418e-07,4.482e-10,15617000.0,0.07,0x83...6eb9,https://bscscan.com/tx/0x4b0998a5147b1808427bf27ecaae45242327cb1c5aea60ed1c2baa3ad8c46988
2023-04-02 07:25:32,False,1.401e-07,4.459e-10,9067695.0,0.0404,0xe5...ede5,https://bscscan.com/tx/0x7dcba6fabef36f29b774defa0b739ddf73c025c46de2a4169c460db8919de4ad
2023-04-02 07:21:50,False,1.402e-07,4.46e-10,123218952.0,0.5496,0x7f...5da1,https://bscscan.com/tx/0x4b457dd4db437f9c966883fc58e3348ae15e11cac08e71d2148b3e912c1744e3
2023-04-02 07:05:16,False,1.409e-07,4.461e-10,51178327.0,0.2283,0x84...98e5,https://bscscan.com/tx/0x8bc3107d51216ba9317f9a5b71cb1a256a34a158c77011784a93c8de50e5f112
2023-04-02 07:02:58,True,1.416e-07,4.483e-10,26762087.0,0.12,0x47...392b,https://bscscan.com/tx/0xc877ff4671cb99ee5bcc80f829c90d5ad7359ef7b660bff5e6c0bcc7f38ccc96
2023-04-02 06:38:13,True,1.415e-07,4.483e-10,53251385.0,0.2387,0xca...5ee2,https://bscscan.com/tx/0x5c42e3b8cb35591afbdd0e98b1356d0d381d528271080c145f852c6b5a9ba609
2023-04-02 06:33:37,False,1.408e-07,4.461e-10,32125665.0,0.1433,0x6d...5d7c,https://bscscan.com/tx/0x4c9a7ffd1d34f46d10becbcd2b60616f67283f4a800149dcc3a9bc27cae0d318
2023-04-02 06:18:06,True,1.409e-07,4.483e-10,6500000.0,0.0291,0xeb...3c39,https://bscscan.com/tx/0x849f8bf86447f322838858e97a461e2d153b28ccedd7d353e994738838f695f6
2023-04-02 06:03:45,True,1.416e-07,4.483e-10,16619389.0,0.0745,0xee...733f,https://bscscan.com/tx/0x2966d2b2daf250ad77068b1d5e018c2d7751682474766d1bc47a98c5c37731f6
2023-04-02 05:53:48,True,1.408e-07,4.482e-10,205911786.0,0.9229,0xe1...d36f,https://bscscan.com/tx/0xc1fc77e227e5a93378bcc5f2b0139a75013830a62dd47f81295c802732cf993f
2023-04-02 05:34:39,True,1.407e-07,4.481e-10,34615045.0,0.1551,0x1b...de1c,https://bscscan.com/tx/0xc33a148515d5f21a6457080a2bb29a2400622dab5d89b10a2c1a342db60c7378
2023-04-02 05:12:49,False,1.406e-07,4.458e-10,8475010.0,0.0377,0xc6...d515,https://bscscan.com/tx/0xe5540c3469dfff2198487c9127ab89972733fcedd6ce20c753cc1292bdb8ec2c
2023-04-02 04:41:20,True,1.414e-07,4.48e-10,70681500.0,0.3167,0xb4...c636,https://bscscan.com/tx/0xcfd19e9f6e2f6fb397cd8b26c4ed582dd2304c933810e5eed24a72be16229121
2023-04-02 04:34:41,True,1.413e-07,4.479e-10,86044741.0,0.3854,0x00...8bda,https://bscscan.com/tx/0x0d39635aa5922e7c430984f04b631121a4f5b8b52e47b06bd0db7f6632ae4608
2023-04-02 04:06:56,True,1.412e-07,4.478e-10,132574000.0,0.5937,0x67...4c7f,https://bscscan.com/tx/0x77487446c77926ca53054a15773086d184b799288b3f603756ef4833cb0c317f
2023-04-02 03:53:06,False,1.399e-07,4.456e-10,223235266.0,0.9949,0x00...8bda,https://bscscan.com/tx/0x66973634f84629145d28f37f7781dd05ac4ff50f2e92d9cd4688107b24ed2f9a
2023-04-02 03:47:51,True,1.414e-07,4.48e-10,44692543.0,0.2002,0x10...894a,https://bscscan.com/tx/0x17dc883539546380163de779b86d700f51f76cfbe31d46b5516318346f1264fa
2023-04-02 03:46:36,True,1.406e-07,4.479e-10,96486386.0,0.4322,0x0e...f660,https://bscscan.com/tx/0x653b7fc3a2a0ca8d684c2ee50da599fb31db9830753427d0c63c6df62a66256a
2023-04-02 03:29:05,True,1.413e-07,4.478e-10,16500000.0,0.0739,0xc9...dfc2,https://bscscan.com/tx/0x1c35adeb1fbfd8b665c75eea59eaf09869b767f3109dc6d716d988311afb2e41
2023-04-02 03:28:11,True,1.406e-07,4.48e-10,22122081.0,0.0991,0x50...ea85,https://bscscan.com/tx/0xa3823619e9f63b5282b1add06e033e25270d504fc821a748d68270027c241b06
2023-04-02 03:23:23,True,1.405e-07,4.478e-10,35860710.0,0.1605,0xdc...26aa,https://bscscan.com/tx/0xc99f8495b5375cc5928288ba06bda1583783aeb624a29a33c58523505576345f
2023-04-02 03:22:08,True,1.412e-07,4.478e-10,4164992.0,0.0186,0x95...b0e2,https://bscscan.com/tx/0x5d446a2a8f5bd015f0f66d4a828689ecbbf475da8ea5797438fe439de955adca
2023-04-02 03:00:32,True,1.413e-07,4.477e-10,44664601.0,0.2,0x74...86fd,https://bscscan.com/tx/0xbf762b570e7959c907282e252ccdf056bdb82e3399b9666609d3dbf6770490e2
2023-04-02 02:52:12,False,1.399e-07,4.455e-10,23678065.0,0.1054,0x23...7d83,https://bscscan.com/tx/0x28d7e17fe9f1772e26cbaadba2c2656e40d0e088a5fbed324a91c8d1faf42334
2023-04-02 02:38:38,False,1.399e-07,4.455e-10,6218931.0,0.0277,0xd1...b422,https://bscscan.com/tx/0xab7a9b8106c0f8696f935271d0b4a7d33438579fa9c67aa36877e467ba1fe9c2
2023-04-02 01:50:01,True,1.414e-07,4.477e-10,106312860.0,0.476,0xf0...b058,https://bscscan.com/tx/0x15cb79d564c44a97b52110e3706e796fcaa48187a26e6ed8b063e4a52306b73a
2023-04-02 01:47:48,True,1.414e-07,4.476e-10,35517825.0,0.159,0xf0...b058,https://bscscan.com/tx/0x2d3d848eeba4f9605a532a68c249cc7c4bc1237b0ff8075aa9590a5cb8f6617e
2023-04-02 01:39:42,True,1.406e-07,4.476e-10,25000000.0,0.1119,0xa7...e887,https://bscscan.com/tx/0xf8cf327d0b69d41aefbe5ee15abf0ce339ccecab01f877985b4b342623f99dad
2023-04-02 01:38:27,True,1.407e-07,4.476e-10,11616284.0,0.052,0x81...1946,https://bscscan.com/tx/0x74f97f9e7cd28b5811cb0ffbcb5b54c871f08b7077550d48bc15bb9eb88c62c5
2023-04-02 01:32:45,True,1.414e-07,4.476e-10,169078.0,7.568e-05,0xac...bc28,https://bscscan.com/tx/0x9b7d0dcfee7c21d16da11ba273b474c1c651af8a006d60d5a7b002ace4ed3287
2023-04-02 01:32:45,True,1.414e-07,4.475e-10,67298130.0,0.3012,0xac...bc28,https://bscscan.com/tx/0x9b7d0dcfee7c21d16da11ba273b474c1c651af8a006d60d5a7b002ace4ed3287
2023-04-02 01:07:15,False,1.398e-07,4.453e-10,13164719.0,0.0586,0xb9...95cc,https://bscscan.com/tx/0x05fa88665a0c3663d526ed04d09eceb2f39be9a83c1c02ed3c269b5093ee877c
2023-04-02 00:46:57,False,1.405e-07,4.453e-10,105729518.0,0.4708,0xff...0f01,https://bscscan.com/tx/0x230a34ceb9c2c6295ba94db0985ad07d52cd0541b793f91270b5566d3fca905b
2023-04-02 00:36:43,False,1.399e-07,4.455e-10,196633121.0,0.876,0x08...4ce4,https://bscscan.com/tx/0x6aa433e49b330731fee15cb0061b4e24b279cc5210193669eab2b1ef2690d1e8
2023-04-02 00:33:25,True,1.413e-07,4.478e-10,101509009.0,0.4545,0x2a...8bf1,https://bscscan.com/tx/0xa96a32dc673939acd1d2c3701fa9127159456b2b56ce85404fb4b3335ba3c511
2023-04-02 00:24:55,True,1.413e-07,4.477e-10,13254476.0,0.0593,0x72...ffde,https://bscscan.com/tx/0xb9361ef0b57abbe06c5a3c8cfa75fff0440d7d409dbd610c1a48aaea009b61f0
2023-04-02 00:21:22,False,1.406e-07,4.455e-10,134879439.0,0.6009,0x8e...cf2e,https://bscscan.com/tx/0xa0f71df3f516e09bef7fa38b95258b05f79e5f2a10e148fdd2f3d598279fef21
2023-04-02 00:14:27,True,1.414e-07,4.478e-10,37958210.0,0.17,0xa2...828c,https://bscscan.com/tx/0x6390f7d8a8326796ee4067ba72dc550be5bf31abbbd9b447eb7d07c7c0aa94c3
2023-04-02 00:10:24,False,1.399e-07,4.453e-10,94937.0,4.228e-05,0x24...b9d0,https://bscscan.com/tx/0xbf8c39936cd7124008f56735965d608411ca7b4f0b030a541116e1f509c044e8
2023-04-02 00:09:48,True,1.406e-07,4.477e-10,107761495.0,0.4825,0x5d...a4ef,https://bscscan.com/tx/0xc5f9d1956785ee792b919fb536aeae7256ae0578a9407732aac6dadeb2783667
2023-04-02 00:08:33,True,1.413e-07,4.474e-10,630296568.0,2.82,0x39...ee9c,https://bscscan.com/tx/0x68038263b8b23e77919c5702e27bc66523d33f95946abc7dd9532af991914870
2023-04-02 00:00:14,True,1.408e-07,4.47e-10,90595869.0,0.405,0x4f...978e,https://bscscan.com/tx/0x57eec653b3d580ad6929bfa899169f7b19aeac27df1de39558bbfaea02bd7ded
2023-04-01 23:46:32,True,1.408e-07,4.469e-10,10000000.0,0.0447,0x6b...9484,https://bscscan.com/tx/0x6a95ece75a76ec7bdae77ed1dab7f16ff205fd9549210f22bf1e6a1b4c17a883
2023-04-01 23:36:11,True,1.408e-07,4.469e-10,16100746.0,0.0719,0x63...bf44,https://bscscan.com/tx/0xd84e2de3758c2283d8f41e77494608d85546006786a1a87ce487bbbfb3337abf
2023-04-01 23:23:35,False,1.394e-07,4.447e-10,1740347.0,0.0077,0x8c...c214,https://bscscan.com/tx/0xa9df5a09ab90a82d72438207a3080079d41db6050244de3743afdeac80fe5697
2023-04-01 23:19:38,True,1.408e-07,4.469e-10,29456536.0,0.1316,0x5a...58e0,https://bscscan.com/tx/0x1d90b4aa24c140fa9123a61c4350bbd577142f5a56af0f0e88cd4c6efc66cb50
2023-04-01 23:16:50,False,1.393e-07,4.447e-10,160429125.0,0.7135,0xb4...d7bb,https://bscscan.com/tx/0xd32a13f439bc7b81e7fcb370d57bea5c51c8c045778836eecb7aa0189c89577a
2023-04-01 23:12:50,True,1.402e-07,4.47e-10,24836147.0,0.111,0xc6...0704,https://bscscan.com/tx/0x8332eb51e794a4e94d33971d58fc680abb8a277ab521c14ac272f3e91dd3e566
2023-04-01 23:04:26,False,1.396e-07,4.448e-10,5014440.0,0.0223,0x5e...8df7,https://bscscan.com/tx/0x0970b6eec348e230ceff88bfdbcb13010cd730bbe3d86c40e53bf852d7929d3a
2023-04-01 23:04:08,True,1.41e-07,4.47e-10,4491657.0,0.02,0xc6...0704,https://bscscan.com/tx/0xd7ea45cdf3a7d2a28b39de88a750682619b15ad571ade5dfea178259e7583150
2023-04-01 22:52:44,True,1.403e-07,4.47e-10,6672449.0,0.0298,0x0d...2c2f,https://bscscan.com/tx/0x8f8df58b113e1539cb13817388dc60a5fc97458fa966ffff0be8c7b7a0cf58cd
2023-04-01 22:41:13,True,1.41e-07,4.47e-10,20184489.0,0.0902,0xe5...5e3e,https://bscscan.com/tx/0x6792b15bbef0a70ea203ce989cc58f6b737ad3d1d51ff16e739baf5ed8ff7ec4
2023-04-01 22:33:03,True,1.401e-07,4.47e-10,2000000.0,0.0089,0x01...e13e,https://bscscan.com/tx/0xd71d3b5e80362f426a81f751027f48887f63e5fa833b4e4aed4efce6a4c2a744
2023-04-01 22:32:36,True,1.401e-07,4.469e-10,223746766.0,1.0,0xfa...6f22,https://bscscan.com/tx/0x4f453885f8995ab49d69e977e9daf01e4c74b7c6d8a55af2b1ae87c1a320f2ae
2023-04-01 22:21:45,False,1.401e-07,4.448e-10,481288582.0,2.14093,0xb4...d7bb,https://bscscan.com/tx/0x1a937ebca61daa58615827d57abaf5bff01f4eee8e540726a35c93f15eecee28
2023-04-01 22:08:49,True,1.401e-07,4.473e-10,7097254.0,0.0317,0x90...7be7,https://bscscan.com/tx/0x70db4481971ee5ca7480daec6311c5b6528ce90bda751520d23fb0f371e2d4b8
2023-04-01 22:06:46,False,1.394e-07,4.448e-10,214045.0,9.521e-05,0x24...b9d0,https://bscscan.com/tx/0xa246ffee57f6a178689168280300d91597827076b8d609ff406a332ff03d0703
2023-04-01 22:05:43,False,1.402e-07,4.451e-10,180734981.0,0.8045,0x87...fff9,https://bscscan.com/tx/0x63a5bd96463462c95251edbd711fdddefdb65a2dd1ef9020c4ba8ead636953df
2023-04-01 22:04:19,True,1.409e-07,4.473e-10,357698160.0,1.6,0x71...7198,https://bscscan.com/tx/0x45c99cf6f124ecb1f465899660d7bbf83e1f1ae3033ab71f1550fb3f124058e9
2023-04-01 22:03:52,False,1.401e-07,4.449e-10,54408183.0,0.242,0x90...7be7,https://bscscan.com/tx/0x36d9b7f3d1e6d3c4c1237fba4edab1c1424697ca35511fc557950a8fedd36c2d
2023-04-01 21:50:57,False,1.401e-07,4.449e-10,21970396.0,0.0977,0x1a...523e,https://bscscan.com/tx/0xa4106176d17623d55d84c7a50eec7e1620e87e41fad8cc775b09cfd89b26f06d
2023-04-01 21:40:33,True,1.401e-07,4.471e-10,382939.0,0.0017,0x5f...a7ae,https://bscscan.com/tx/0xb0efc11faa0f17a5dc0d2ef0e4de1cacec42c855b24de85f5e2b03f37133f336
2023-04-01 21:40:33,True,1.401e-07,4.471e-10,152436233.0,0.6815,0x5f...a7ae,https://bscscan.com/tx/0xb0efc11faa0f17a5dc0d2ef0e4de1cacec42c855b24de85f5e2b03f37133f336
2023-04-01 21:31:15,True,1.408e-07,4.47e-10,22369.0,9.999e-06,0xb3...f17a,https://bscscan.com/tx/0xa4e554891cecb7ebd699091712e38ec491ecaf6433539e30690dd09f6a34cb99
2023-04-01 21:29:48,False,1.401e-07,4.448e-10,63794465.0,0.2837,0xee...321a,https://bscscan.com/tx/0x75821bd69546571ede4ac859ae28cc16747a58a471f942db405dfb10d7ada765
2023-04-01 21:22:00,True,1.408e-07,4.47e-10,71009167.0,0.3174,0xc8...1454,https://bscscan.com/tx/0x3ff35f8586b1e2f8888e8034d05bd70b8c86f5094b95933a1750e5e6ba321694
2023-04-01 21:09:19,False,1.401e-07,4.448e-10,45892171.0,0.2041,0x56...1206,https://bscscan.com/tx/0x26c36b487470d7f2a3ef2797eb01ab092b02e2e73e9eddb32330e22d07a94f6c
2023-04-01 21:04:01,True,1.4e-07,4.47e-10,63894574.0,0.2856,0xe0...f20a,https://bscscan.com/tx/0x6e5f1a40c7a4bc199705d34901f80a81429375bd6930fd25327d4df13453f044
2023-04-01 20:59:32,True,1.4e-07,4.469e-10,38827395.0,0.1735,0xff...0f01,https://bscscan.com/tx/0x81dc88d6e86a989f7b011a3be8e14d20681988257e7322399fb41fca34c04b8d
2023-04-01 20:54:53,True,1.407e-07,4.468e-10,193247006.0,0.8635,0xbe...2ca9,https://bscscan.com/tx/0x01401aa3c06848ca56676fd5bd41551aa9797c47ee78613f720ebaf96bb0bcff
2023-04-01 20:54:23,False,1.399e-07,4.445e-10,67128823.0,0.2984,0x6b...f437,https://bscscan.com/tx/0x08e96fba814d7c183f587a74effc9dc245e99aa49eda3e7947f7216a3980197b
2023-04-01 20:53:59,True,1.406e-07,4.468e-10,30000000.0,0.134,0xfa...6068,https://bscscan.com/tx/0xcaddf74b196fec977055e18f6e4b4c4f2232f1d8969e33b016d5043ef9e0f9a2
2023-04-01 20:53:23,True,1.406e-07,4.468e-10,24355761.0,0.1088,0x7a...663c,https://bscscan.com/tx/0x2459b1fd9dc8c79968c4799bc33a59a1acc31b84fec3da9fb58948583d602ca1
2023-04-01 20:44:04,True,1.406e-07,4.467e-10,5000000.0,0.0223,0x0b...dde0,https://bscscan.com/tx/0x51393fef6ca6f1683636693cbc6ebc6c8ff024a1b296981c1552d6ebaca83ead
2023-04-01 20:37:39,True,1.399e-07,4.467e-10,71925412.0,0.3213,0xe1...dd3a,https://bscscan.com/tx/0x81b6eb11f94e4c3d2817313ff29a6466f0f18dcfdf4aae6e56366bef26df2feb
2023-04-01 20:22:55,True,1.399e-07,4.466e-10,34712300.0,0.155,0x95...178e,https://bscscan.com/tx/0x9ad3f6d04dbc795da2f2378b1eaf733c225657979be5bd8ea026cf53a88caefd
2023-04-01 20:20:07,True,1.406e-07,4.465e-10,169797949.0,0.7583,0x2c...30c8,https://bscscan.com/tx/0xd0dc86608d7a5232be2a65292720811bcd0c4040b412ca71f490adda30579996
2023-04-01 20:15:11,True,1.406e-07,4.464e-10,45000000.0,0.2009,0xb1...bc29,https://bscscan.com/tx/0x51f0be5a2239ff0bb2ccc850e297de6ae93002e8dd6850fb6a049678e55f9db6
2023-04-01 20:09:47,True,1.405e-07,4.464e-10,31147001.0,0.139,0xb1...bc29,https://bscscan.com/tx/0xb94bb160bdc3a6e77532d85b0fe82cf9a6f0e0f0e26fb4878493a3b7975acee2
2023-04-01 20:06:17,True,1.405e-07,4.463e-10,93282148.0,0.4163,0xe7...541b,https://bscscan.com/tx/0x21372d7c36a9730fda17aff2158af2acfe7140a9ade2951a75ebc2eab414d441
2023-04-01 20:03:23,False,1.391e-07,4.441e-10,4143153.0,0.0184,0x64...1a3e,https://bscscan.com/tx/0xad0fed37bab125494b9ea8ba81ac1fa2083b3f3308ea3889c834c60730e87c00
2023-04-01 19:55:13,False,1.391e-07,4.441e-10,89861175.0,0.3991,0x3a...bc9b,https://bscscan.com/tx/0x3e398dba779afc9a11915eef08cdd4590383e0f6b961e1d1252a652ffb415006
2023-04-01 19:45:05,True,1.398e-07,4.464e-10,5637640.0,0.0251,0xd6...9eaa,https://bscscan.com/tx/0x5f84c058e4020c741d144de3924d717f4c3abd6baa852cf57463a1af882ab73b
2023-04-01 19:33:41,False,1.398e-07,4.442e-10,46526725.0,0.2066,0x5a...2b00,https://bscscan.com/tx/0x4ae605023609e3322c1eb0157e283f68b29d548c7327d2586508443096f4331e
2023-04-01 19:32:02,False,1.392e-07,4.444e-10,384617113.0,1.70938,0x5a...2b00,https://bscscan.com/tx/0xcb8a0b713a3e6737fa5044ab0cd15bd552fccf3045d01b35420eb9599171da52
2023-04-01 19:31:14,False,1.4e-07,4.45e-10,871392431.0,3.87833,0x46...a024,https://bscscan.com/tx/0x100e0e86ae4afb515c30f891cf7ba2355b582931368db2acde8a159837b244a1
2023-04-01 19:31:08,False,1.402e-07,4.455e-10,87821325.0,0.3913,0xc2...38ae,https://bscscan.com/tx/0x0496fae7b5ea8c48e4ed148542ed5230934c3d54231127d86746e0d5e7701a05
2023-04-01 19:31:08,False,1.402e-07,4.456e-10,2599261.0,0.0115,0xcc...22b5,https://bscscan.com/tx/0xc9c21cd95db178ec93b09f7c1ea3d85df2f8500eb75304b63ad42928a45d3afe
2023-04-01 19:31:02,True,1.409e-07,4.478e-10,3000000.0,0.0134,0xd4...aad1,https://bscscan.com/tx/0xcd17aea69256199f58e768231fea5414248dca290b4379f4a65fd87becfcdd88
2023-04-01 19:22:47,True,1.408e-07,4.477e-10,104960715.0,0.47,0x5b...d71d,https://bscscan.com/tx/0x2e567be00d0b3ccecdf292b45899aadd3c4ef748b8cbf8a1a5b3543de632824b
2023-04-01 19:11:38,True,1.407e-07,4.475e-10,367354589.0,1.64408,0x05...7a0f,https://bscscan.com/tx/0xdd775a7c7f8ad68e2592cf667783159a06d03524ab677b140aafe663755cbd20
2023-04-01 19:10:53,True,1.399e-07,4.472e-10,160625393.0,0.7184,0x5d...a4ef,https://bscscan.com/tx/0x862643bdb224ac908d6176e4887c3830d2ad48edc9a6bc5ae19a7fdd5de95de5
2023-04-01 19:09:02,True,1.399e-07,4.469e-10,425079338.0,1.9,0xbb...61ca,https://bscscan.com/tx/0x0d1fc8d34cb07f27ead70a660799056259a512232c79f5d3cb18cb3e6dca6489
2023-04-01 19:08:35,True,1.398e-07,4.467e-10,67635498.0,0.3021,0x5d...a4ef,https://bscscan.com/tx/0x85ed7498959b7e6e2ccaf60c2810fa3277e268b3b5f8ede31ba5f9b9a96d44dc
2023-04-01 19:00:41,True,1.403e-07,4.464e-10,447967568.0,2.0,0xbb...61ca,https://bscscan.com/tx/0x521f6b89a3e192db9ed7094befbe2c96e04902d0cf7bdae0aed2c5726c30bb66
2023-04-01 18:49:26,False,1.391e-07,4.44e-10,2920644.0,0.0129,0xc3...d092,https://bscscan.com/tx/0x84799e10283f67627f69f6a1f7879c7f63d2ef946d07deba75aa330aa234db36
2023-04-01 18:43:44,False,1.398e-07,4.44e-10,2680664.0,0.0119,0x4e...b3e5,https://bscscan.com/tx/0xcff3ddada566747ee1bec10267eae50b4b3809c013b50febf5561069e8097740
2023-04-01 18:38:08,False,1.398e-07,4.441e-10,218300290.0,0.9695,0x85...191c,https://bscscan.com/tx/0x1b635bf4c6de02137f19a55f0c3e9beea4036437044dbffe13e28d94850bc420
2023-04-01 18:38:02,True,1.398e-07,4.463e-10,301097169.0,1.34382,0xb9...fb3b,https://bscscan.com/tx/0x4ed4b5da4016964fa7a07b84a8227165815294cdbf9f3cf37795af072552691a
2023-04-01 18:31:23,True,1.403e-07,4.461e-10,6400077.0,0.0285,0x3d...a6e9,https://bscscan.com/tx/0xb769157bce68ce3e5e797fd45514e82d351962145b6d3f5ea18462de0f1cc475
2023-04-01 18:29:41,True,1.402e-07,4.461e-10,83084545.0,0.3706,0xa2...42c7,https://bscscan.com/tx/0x9a2f1803ffd3b6728710c86cdb310c800fd81bbe7326f17c43f7fa764df5b4a0
2023-04-01 18:25:14,False,1.388e-07,4.438e-10,15892310.0,0.0705,0x15...3178,https://bscscan.com/tx/0xf2802d1ac1e74970f7a49b848f050f6045a0e64fdb76e16021753f4c5c6032fe
2023-04-01 18:22:47,True,1.395e-07,4.46e-10,22418145.0,0.1,0xd8...47b4,https://bscscan.com/tx/0x1203ebb67cf26740c09ab65bb0df96da68d5916331438b31689f62be5c814505
2023-04-01 18:19:02,True,1.395e-07,4.46e-10,17885123.0,0.0797,0xf3...7064,https://bscscan.com/tx/0x8198b08e6985583d7d0992557d37591657f7319eed4d1df4ae04e5b53d70fbe0
2023-04-01 18:16:17,True,1.395e-07,4.46e-10,521817.0,0.0023,0x49...5e4f,https://bscscan.com/tx/0xb5f84c4e1c5a09578e19a935c8614dddf9444cc48b03f16b6f2c29199d8d1f9e
2023-04-01 18:16:17,True,1.395e-07,4.459e-10,207732693.0,0.9263,0x49...5e4f,https://bscscan.com/tx/0xb5f84c4e1c5a09578e19a935c8614dddf9444cc48b03f16b6f2c29199d8d1f9e
2023-04-01 18:14:02,True,1.393e-07,4.454e-10,716111001.0,3.19,0x0b...8245,https://bscscan.com/tx/0x552f136147d5361ecebb842dc6b868fb1b27439026aa89fa3f5b7a6cd96ee445
2023-04-01 18:08:15,True,1.392e-07,4.45e-10,8100000.0,0.036,0xd5...f956,https://bscscan.com/tx/0x67c8d37d93bb774182b20d8140995c63fc102f4057dd599dd9726f76410d28b4
2023-04-01 18:01:00,True,1.402e-07,4.45e-10,10000000.0,0.0445,0x46...320b,https://bscscan.com/tx/0x9da220a209ff1c8dda6287e874be74013194b510d7e7d36116c93fb8f9eaf78f
2023-04-01 17:58:27,True,1.402e-07,4.45e-10,19000000.0,0.0845,0xf3...7064,https://bscscan.com/tx/0x11afb8e7dcd2923650100cd6dd75b3cb480b574f5e2dcdf0ab3f2686a0a13866
2023-04-01 17:53:36,True,1.402e-07,4.45e-10,20530251.0,0.0913,0xa6...d6a5,https://bscscan.com/tx/0x8f8cfd2ac0d86b95b6298b11723ed90640b6063a1b34f4e0423b0e9905d3cfb3
2023-04-01 17:50:45,True,1.396e-07,4.45e-10,7190432.0,0.032,0x0d...0860,https://bscscan.com/tx/0xe1f80186d53c89eaa00d1f3e693f7e972c47ef777309a78985d77cfb29e8fbe4
2023-04-01 17:48:51,True,1.396e-07,4.45e-10,50551600.0,0.2249,0x40...a1dd,https://bscscan.com/tx/0x0d89befc508223e0686eebe1ce17443eeca593a82351da7e6932b50f2c0af963
2023-04-01 17:45:15,False,1.388e-07,4.428e-10,89394753.0,0.3958,0xd5...5fa0,https://bscscan.com/tx/0x8c5802a1bb6dffc04bbf5a89d2cf97d0b58afa965bc30a0c31e5e18ccdb7bc74
2023-04-01 17:43:54,True,1.395e-07,4.45e-10,53927251.0,0.24,0x56...d845,https://bscscan.com/tx/0xd13a72f79e721c4f97cb30d03dbe5e6f582dbd6b36d0a83e52262c5b9be9c954
2023-04-01 17:42:06,True,1.395e-07,4.45e-10,18327963.0,0.0815,0x56...d845,https://bscscan.com/tx/0xcea92c0512b58a4950c3004d2752c2f12cfe22c9e5c567ed10bc8a7ec765e2d9
2023-04-01 17:37:00,True,1.402e-07,4.449e-10,500000.0,0.0022,0x7c...feda,https://bscscan.com/tx/0x2000edf473913213ca2e14007080649d490eafcae6f350cb833d903f6ba5ac35
2023-04-01 17:36:42,True,1.402e-07,4.449e-10,15688139.0,0.0698,0x7e...d251,https://bscscan.com/tx/0x1cc5fb81a1a1fff1226dff5ae888a78337993f92f612f4b0726b3d5904436f4e
2023-04-01 17:30:51,False,1.388e-07,4.427e-10,15101829.0,0.0668,0xf4...9496,https://bscscan.com/tx/0xa0502b0361c715e4e484e3e040ba41c19359003351889a375cd68cb4673d0ce2
2023-04-01 17:24:26,True,1.401e-07,4.449e-10,26010600.0,0.1157,0x5a...641e,https://bscscan.com/tx/0x0ce62cfa039aa3f687dc090f3579b49a40f760061f185353e0220ac53b181fdb
2023-04-01 17:18:11,True,1.4e-07,4.449e-10,131586626.0,0.5854,0x22...7922,https://bscscan.com/tx/0xba942783569a1369504238fbe7f9356d58c1a0cf0a66608056843e2fce5e5a04
2023-04-01 17:13:20,True,1.399e-07,4.447e-10,90215500.0,0.4012,0x20...4f7f,https://bscscan.com/tx/0x9a7dccea9466ae5ee0e059d2fb081c01e19b20954426db6fc0acdb19fed6dc59
2023-04-01 17:12:44,True,1.392e-07,4.447e-10,10615600.0,0.0472,0x20...4f7f,https://bscscan.com/tx/0xcf02f13269e71700c8f16f06a5df4962abb21b9ee91cd52d2d39f1b900e04c77
2023-04-01 17:12:05,True,1.399e-07,4.447e-10,11795800.0,0.0524,0x20...4f7f,https://bscscan.com/tx/0x159ff75338aad9b80637612ef83fb6bf57b0355f140b9765265c3a3b4b8221c5
2023-04-01 17:11:29,True,1.392e-07,4.446e-10,68663000.0,0.3053,0x20...4f7f,https://bscscan.com/tx/0x9af37f1f11edfd3a38955cad6e35f0c60bf6a1647b8fef62e80c564ea9663eac
2023-04-01 17:10:53,True,1.399e-07,4.446e-10,20737100.0,0.0922,0x20...4f7f,https://bscscan.com/tx/0x46cfef53f924a0e095163182502d2909bb3d3202dc9c009c5171bd475c115bb1
2023-04-01 17:10:02,True,1.392e-07,4.446e-10,23042500.0,0.1024,0x20...4f7f,https://bscscan.com/tx/0x42912aa67d10aee63c785aa2984f31a99b5ae69bcf73f374b9225833ce4ba860
2023-04-01 17:08:41,True,1.398e-07,4.445e-10,25611200.0,0.1138,0x20...4f7f,https://bscscan.com/tx/0x9f346f3c4c1f87faf7a19748deb76202922dd3f194b02f1bf74008db29812d64
2023-04-01 17:06:20,True,1.391e-07,4.445e-10,3957318.0,0.0175,0x2f...ce72,https://bscscan.com/tx/0x9aa932737997e5ba289c72e09e214e9fa75e91d249477f4b3430c9f064a8ecec
2023-04-01 16:51:02,True,1.393e-07,4.445e-10,2665427.0,0.0118,0x33...a5aa,https://bscscan.com/tx/0x2d8f9ddf54803f00f81a2e3bbcedc2c9c61e9b9c1d4de147d7c0c972437207ac
2023-04-01 16:47:41,True,1.393e-07,4.445e-10,57000000.0,0.2533,0x55...cc7a,https://bscscan.com/tx/0x264de76cc8b092cb5600695850d743e6883acd40ceeec85416f4ceaf4f35560c
2023-04-01 16:41:20,True,1.4e-07,4.444e-10,69743918.0,0.31,0x57...b29d,https://bscscan.com/tx/0x8e4d7df5f8227bb6c59a7e78e76bc37ef9bd7b2570cda2ca399e1b9a9b131c24
2023-04-01 16:38:26,True,1.393e-07,4.444e-10,39374.7,1.75e-05,0x9b...d646,https://bscscan.com/tx/0x17c62e8906d5099881c9a15160acf7bcd4adaa365fbf2e64983b56471dac7d2a
2023-04-01 16:38:26,True,1.393e-07,4.444e-10,15671409.0,0.0696,0x9b...d646,https://bscscan.com/tx/0x17c62e8906d5099881c9a15160acf7bcd4adaa365fbf2e64983b56471dac7d2a
2023-04-01 16:35:53,False,1.393e-07,4.422e-10,11965736.0,0.0529,0x69...9533,https://bscscan.com/tx/0x492784748d915483606f3ee83f7f324f28e257bf00d522d9a56419582e3c77ff
2023-04-01 16:35:14,True,1.393e-07,4.444e-10,4747394.0,0.0211,0x77...9c7b,https://bscscan.com/tx/0xf0f09d2f4ae0208ab0e5e915eecbaeeeba21be360d897dc323fe3689f84c78a6
2023-04-01 16:33:50,False,1.392e-07,4.419e-10,173789.0,7.681e-05,0x24...b9d0,https://bscscan.com/tx/0x2021df2d2c504afed1c863a3ac6a441cbec0711f50c04a2508609a8dea83651b
2023-04-01 16:33:02,False,1.392e-07,4.419e-10,208546.0,9.217e-05,0x24...b9d0,https://bscscan.com/tx/0x3f5745ce6a219ee76e45be13a6e3c846aa8dd8f1d3a89b69e4e0e0fa018b9137
2023-04-01 16:32:26,True,1.4e-07,4.444e-10,39375.4,1.75e-05,0x1d...78ab,https://bscscan.com/tx/0x855472f7978484685899ee912db0e6715856810f2306242ab3783549c27e1af4
2023-04-01 16:32:26,True,1.4e-07,4.444e-10,15671699.0,0.0696,0x1d...78ab,https://bscscan.com/tx/0x855472f7978484685899ee912db0e6715856810f2306242ab3783549c27e1af4
2023-04-01 16:30:05,False,1.393e-07,4.422e-10,39162457.0,0.1731,0x69...9533,https://bscscan.com/tx/0x4a31f86111276f605c174335346b27adc94269512ee3526e33859e7b60d8b5c5
2023-04-01 16:26:53,False,1.386e-07,4.422e-10,17404957.0,0.0769,0x69...9533,https://bscscan.com/tx/0x83ae891395ce02c414b4bf9bc2dd417757aade9a80a693728d1774b91dfbfd09
2023-04-01 16:19:35,True,1.4e-07,4.444e-10,36223523.0,0.161,0x51...398e,https://bscscan.com/tx/0x391fb0db73c108353d01f6f47889fd1bf01c42f38dd1d4ff2f1d1a915f3149f0
2023-04-01 16:18:14,True,1.4e-07,4.444e-10,72349149.0,0.3215,0x5b...8899,https://bscscan.com/tx/0x06d18077c5af1f5a3af11e8a90a14d6f18f5e900fd1ac35a89389880a03c07d0
2023-04-01 16:06:08,True,1.393e-07,4.443e-10,10126791.0,0.045,0x84...fc0d,https://bscscan.com/tx/0x4336032b841c39bdae732449f0240104afc1d09cd2540e505f4ed006da6d25fd
2023-04-01 15:44:23,True,1.393e-07,4.442e-10,161469455.0,0.7173,0xe7...da55,https://bscscan.com/tx/0xbe1b5980199c257ece0dc37f314a23d6a0ad04dd7e287cd12977df67ca22e63b
2023-04-01 15:44:23,True,1.393e-07,4.441e-10,11256404.0,0.05,0xaf...87af,https://bscscan.com/tx/0x0626ec53029624fac95248080592d4706c1df3c77272af59bea5a9c50d793ba8
2023-04-01 15:38:29,True,1.399e-07,4.44e-10,258248519.0,1.14677,0x76...b817,https://bscscan.com/tx/0xad72a91943a4e783f32abde8caa2fa1e43b7e2a0ec47372966279afbc8aa6d5c
2023-04-01 15:31:56,True,1.392e-07,4.438e-10,175740663.0,0.78,0x2f...529a,https://bscscan.com/tx/0x3fe90bfb45715a514bc93725c9d98eed673ae3ef42eda7b09587026d57c600fa
2023-04-01 15:24:50,False,1.385e-07,4.415e-10,14480660.0,0.0639,0xb5...278a,https://bscscan.com/tx/0xac906ae878da0fe36db3bfc7955c72099931a01ffa20ba37c92820535571d2a7
2023-04-01 15:19:26,False,1.385e-07,4.415e-10,20014000.0,0.0883,0xbf...868e,https://bscscan.com/tx/0x43a71694bfab5e204d35390a984cb730e560da16b5c84c948c388c9ca83f251c
2023-04-01 15:17:20,True,1.392e-07,4.437e-10,6760130.0,0.03,0x2b...90b5,https://bscscan.com/tx/0x16b7d36aa37ff3ef95c5f96a61e6e475005b2b6f27cbdd1e13a11364692223b6
2023-04-01 15:16:23,True,1.392e-07,4.437e-10,137813762.0,0.6114,0xaf...ed0f,https://bscscan.com/tx/0xa34b961e480566ae48d4d9c9ff8819aea815a1d04a9a04f1cecfe69dcab348a4
2023-04-01 15:13:38,True,1.399e-07,4.436e-10,18484018.0,0.082,0xd8...5cca,https://bscscan.com/tx/0xfcee089e3ffdcebf209cbb42a7d2ccdf0f6009481536a3681d47886dd43fd357
2023-04-01 15:12:11,False,1.391e-07,4.414e-10,80259587.0,0.3543,0x6f...a570,https://bscscan.com/tx/0xee6fb323c908a47ffd302c6b0e411d2086dedbafcb9f367eff8042f032f14e92
2023-04-01 15:02:00,True,1.39e-07,4.436e-10,56941601.0,0.2526,0xe7...da55,https://bscscan.com/tx/0xc33de41a935702d483ccb8ca667918ff8f3f7f182c27adb9be188dff6d6575bd
2023-04-01 14:45:57,True,1.393e-07,4.436e-10,1000000.0,0.0044,0x74...4d7b,https://bscscan.com/tx/0xec435a210987d02e7c1d26c2a1dd61cf7f63e72a858fb4bfa08a21277dc3edaf
2023-04-01 14:24:10,False,1.391e-07,4.414e-10,2944434.0,0.013,0x56...0b90,https://bscscan.com/tx/0x3fdfac1877ceb3002371f20c0d011c080ad338caeb7392ff8c236fed379fb6eb
2023-04-01 14:12:44,True,1.398e-07,4.436e-10,10000000.0,0.0443,0x5b...a035,https://bscscan.com/tx/0x222ff7727d2d28de464e4f90452864582cca42c1d4af6c6ff70d4d7a35bd68b2
2023-04-01 14:00:41,True,1.392e-07,4.436e-10,13000000.0,0.0576,0x2a...773a,https://bscscan.com/tx/0xf062b6a85d5f82747fd3ecc59bc5ef58ad6aba5c6eedda93edbf06c046cfd178
2023-04-01 13:58:53,True,1.392e-07,4.435e-10,100000000.0,0.4435,0x2a...773a,https://bscscan.com/tx/0x9d17b975d99af9e85cd043a6f5314009556d7cbb2b3401fa6f3f94a9b73cbbcb
2023-04-01 13:47:17,False,1.386e-07,4.413e-10,3656391.0,0.0161,0xc7...f94f,https://bscscan.com/tx/0x395301cf9c88e832dc82caa9ace63f601ca4c5e3246ddf9132a944cbd9b9756e
2023-04-01 13:38:27,True,1.399e-07,4.434e-10,56415591.0,0.2502,0x8b...b35a,https://bscscan.com/tx/0xedd71744726da43bb72d6f7645dc05edd3f6543b855d0c0c984ebd3acbec20e3
2023-04-01 13:33:30,True,1.399e-07,4.434e-10,42000099.0,0.1862,0xcd...bb06,https://bscscan.com/tx/0x929a3422e6f52554a515fa063295c3806e780b40e330c6f25f8bb0c78f513a20
2023-04-01 13:33:00,True,1.399e-07,4.434e-10,15709800.0,0.0696,0xf0...8932,https://bscscan.com/tx/0xf3115f0c6b0b614a2567bfc41c345b6fe580d2c69cd4028d3648d43e31713bf2
2023-04-01 13:29:45,False,1.392e-07,4.412e-10,16043745.0,0.0707,0x80...84e3,https://bscscan.com/tx/0xee2e9823fa25debf925910a8e0cc45f8f7f81de23cb5e46d121fd6ea51dd693d
2023-04-01 13:16:21,False,1.384e-07,4.412e-10,53736768.0,0.2371,0xe8...25be,https://bscscan.com/tx/0xe2749bc2a82b91e7efb4fce19e89e680f42509778d816efa6246a109a3cf8179
2023-04-01 13:14:24,True,1.391e-07,4.434e-10,1127456.0,0.005,0xf8...6d98,https://bscscan.com/tx/0x38581ec949606b32fdc316fd69af8077cb3b191d275323b2acfbc35a58952c5e
2023-04-01 13:13:15,True,1.397e-07,4.434e-10,100831989.0,0.4471,0xff...0f01,https://bscscan.com/tx/0x9fce71f56da76d2da872f25a4c4e2faaa3d8246d8e0de2ff5ab4f7e342ee6e20
2023-04-01 13:00:01,True,1.397e-07,4.433e-10,11084213.0,0.0491,0x8b...b35a,https://bscscan.com/tx/0x5591df9a05bd77c9b00e27bb3a4cdfca4c87b78adf75d1a106109e3095358b6f
2023-04-01 12:57:58,True,1.39e-07,4.433e-10,41972200.0,0.186,0xea...7e9c,https://bscscan.com/tx/0x270c578929fcbb90de723c727c05e8bb126016bfb3ae7a540025ada303e4a970
2023-04-01 12:42:13,True,1.398e-07,4.433e-10,15000000.0,0.0665,0x1c...1cbe,https://bscscan.com/tx/0xfd28d082b933f255fe5ea21d34baccc6bff3dc0de13dbdc76210c069bc070a57
2023-04-01 12:24:26,True,1.396e-07,4.432e-10,78959431.0,0.35,0x68...23a7,https://bscscan.com/tx/0x706d6f30e5143a8899131a29eb59afa0722943e7848f1ee8ab080a4f56237ac7
2023-04-01 12:23:11,False,1.388e-07,4.41e-10,25099507.0,0.1107,0x7d...e596,https://bscscan.com/tx/0x52627ab68f81afafdedfb9a3b4df6d715ebcb8242a4d481d0b4eebf8b0e4ab7a
2023-04-01 12:09:27,True,1.397e-07,4.432e-10,8000000.0,0.0354,0xb6...b0ff,https://bscscan.com/tx/0x477505ef1ac1ce754c3cf0469ca6b23fd6c785815595b5da160a805c5654857f
2023-04-01 12:03:54,True,1.39e-07,4.432e-10,61682500.0,0.2733,0xea...7e9c,https://bscscan.com/tx/0x74db5fd43bdf13ad7551aa4e05f32a092001e04799820958e6ecb523a13873e8
2023-04-01 11:54:03,True,1.39e-07,4.431e-10,14308193.0,0.0634,0x3c...fd35,https://bscscan.com/tx/0x50943a04ff2a11ac24a55799b14a1d40ec6b16fec186063ab9d26abc61155dcc
2023-04-01 11:34:18,True,1.397e-07,4.43e-10,142923985.0,0.6332,0x3e...1648,https://bscscan.com/tx/0x992fbceabcbbcd2b8fce8555736295e8f4a9823a5e3294d9c0f894767a7bb8de
2023-04-01 11:29:21,True,1.39e-07,4.43e-10,19823960.0,0.0878,0x51...aa26,https://bscscan.com/tx/0x31b598b2d8a9978b5b3052ad81d2b158a698c57bd5af3aef2360183499b90d6c
2023-04-01 11:29:18,True,1.39e-07,4.43e-10,2257330.0,0.01,0x4c...5b69,https://bscscan.com/tx/0x51f69467dbd2c52b3e16aa8b532ec1225ddc2bcd54f5ed31a38fdb0456015feb
2023-04-01 11:28:15,True,1.397e-07,4.428e-10,300000000.0,1.32855,0x76...8250,https://bscscan.com/tx/0xbd65afdfdb097f607620d0f58df8717e7c6f5f9e6a0897b80fc9c5f5e08a6fdf
2023-04-01 11:20:59,True,1.389e-07,4.426e-10,76808529.0,0.34,0xb5...206f,https://bscscan.com/tx/0xc1ff84fc475b7abdeffd03bad313f0e9e00851866826f2b255af7b485da1e828
2023-04-01 11:18:11,True,1.396e-07,4.426e-10,2000000.0,0.0088,0x7d...e33e,https://bscscan.com/tx/0xeaf57d043c1e4c0861e06f27c2e7792b732628681958c6d58c33ac084fe6c0db
2023-04-01 11:15:25,True,1.389e-07,4.426e-10,5000000.0,0.0221,0x89...0798,https://bscscan.com/tx/0x7c96f76c405f104d07002ec6d14fd1ee3899710abc613a834898f3406bec3f33
2023-04-01 11:14:04,True,1.389e-07,4.426e-10,20871079.0,0.0923,0xb5...206f,https://bscscan.com/tx/0xd0c7de31c6d1cdac61ed361aeaabc719f1717696c5945c827fa7414a84da5cbe
2023-04-01 11:13:34,True,1.396e-07,4.425e-10,110000000.0,0.4867,0x89...0798,https://bscscan.com/tx/0xcd7752ab1a02f9324a8c0dddec42b304f678180ab9ff54fe4b759df4f057357e
2023-04-01 10:59:10,True,1.394e-07,4.424e-10,43496539.0,0.1924,0x55...83f3,https://bscscan.com/tx/0x7b2be5904e099fa2c6bb112d6c718e332892fb77c85d886e04bcf03ee2924b26
2023-04-01 10:58:49,True,1.387e-07,4.424e-10,42945962.0,0.19,0x42...39aa,https://bscscan.com/tx/0x10202866536c356e1088234724a56239d2135d1896c2428166242557b4229174
2023-04-01 10:42:46,True,1.394e-07,4.423e-10,3581794.0,0.0158,0x08...cfc8,https://bscscan.com/tx/0x485a1da4ebe87651e4e1172ca306b4a8e663190fac57446659a1220208e9fae9
2023-04-01 10:16:24,False,1.386e-07,4.401e-10,26922115.0,0.1185,0x99...7a2b,https://bscscan.com/tx/0x2f15f823c6f3dd819bfa74d0847e6a6e211f04c9bbc8a0c8d8f7c6b46d17b1f7
2023-04-01 10:04:59,True,1.388e-07,4.424e-10,11301667.0,0.05,0xd1...daf9,https://bscscan.com/tx/0xe1d43d2e6137f25e005a16c9563050d108c8acff52162d4ce169cbaa5a624f2a
2023-04-01 10:03:26,True,1.395e-07,4.424e-10,84763.6,3.749e-05,0xac...bc28,https://bscscan.com/tx/0xfa1bafa06b9ef01d56d01ef0302b6d203f2d1954b8ce70b8b62ceea9348714cd
2023-04-01 10:03:26,True,1.394e-07,4.423e-10,33737211.0,0.1492,0xac...bc28,https://bscscan.com/tx/0xfa1bafa06b9ef01d56d01ef0302b6d203f2d1954b8ce70b8b62ceea9348714cd
2023-04-01 09:57:40,True,1.394e-07,4.423e-10,23556141.0,0.1042,0x6e...2934,https://bscscan.com/tx/0x1b44f33a11506b1f1c4301130e2f55f2c96a57a4c8a95a233473061d04403923
2023-04-01 09:51:19,False,1.387e-07,4.402e-10,310759291.0,1.36826,0xf8...49ac,https://bscscan.com/tx/0x3f219712ffb361ac5ecba572442cbfb6afa566699b766d7c4069d4aa717e166f
2023-04-01 09:33:09,True,1.396e-07,4.426e-10,11295400.0,0.05,0x63...c100,https://bscscan.com/tx/0xfcd779f8a234c2deef0daba253bfef0da3174c7656790d7d28ec9aa977c197f6
2023-04-01 09:16:32,False,1.386e-07,4.404e-10,57591.5,2.536e-05,0x4c...fbcd,https://bscscan.com/tx/0x84b38baa8bac010011447b29f09ae3b0f2df7f1cee29db1c20213429b5921f2f
2023-04-01 09:12:41,False,1.386e-07,4.404e-10,7433953.0,0.0327,0x9a...2ce8,https://bscscan.com/tx/0x08be292cf58db7cd055bea56b4b02203d07a374009dcb5f8ba8e776ba3de615f
2023-04-01 09:12:32,True,1.393e-07,4.426e-10,47443399.0,0.21,0x02...ce3f,https://bscscan.com/tx/0x8274187bc114989cf2b4456bf0c29e0ff3f7940f73c154cd5a3670522457a411
2023-04-01 09:10:23,True,1.385e-07,4.426e-10,5541872.0,0.0245,0xcf...b15d,https://bscscan.com/tx/0xfc5bb62b97e6c3d4566af8d05027a03b699eaa879042c7bee812423202cf8b41
2023-04-01 09:03:53,True,1.387e-07,4.425e-10,70485450.0,0.3119,0x2a...8bf1,https://bscscan.com/tx/0x86eca1c20d62396c46432308e70134b9095131e7dbe58cc46861593de16df8f9
2023-04-01 09:01:35,False,1.388e-07,4.403e-10,9201761.0,0.0405,0x56...c1a6,https://bscscan.com/tx/0xe0e851d128080412d1fb70c0ee024387d9754f9565f1224c02075c74e030e25c
2023-04-01 08:52:44,True,1.395e-07,4.425e-10,81969.6,3.627e-05,0x7f...666e,https://bscscan.com/tx/0x4d5544b8d236bb6bf9ccf517547c4859a6720d06f5940085709f7a0adfc87376
2023-04-01 08:52:44,True,1.395e-07,4.425e-10,32625112.0,0.1443,0x7f...666e,https://bscscan.com/tx/0x4d5544b8d236bb6bf9ccf517547c4859a6720d06f5940085709f7a0adfc87376
2023-04-01 08:47:02,True,1.388e-07,4.425e-10,389822.0,0.0017,0xe9...5528,https://bscscan.com/tx/0x2123facfc235ee13d2f85d4070044293cf5a037f80a96c1e0da06c34e4a0f6ea
2023-04-01 08:47:02,True,1.388e-07,4.424e-10,155176807.0,0.6865,0xe9...5528,https://bscscan.com/tx/0x2123facfc235ee13d2f85d4070044293cf5a037f80a96c1e0da06c34e4a0f6ea
2023-04-01 08:45:20,True,1.394e-07,4.423e-10,71687298.0,0.317,0x82...4913,https://bscscan.com/tx/0x16b80c2454f1593f5a1268afb26c234dc25928c43290a18734633799e8eaf5fe
2023-04-01 08:42:26,True,1.394e-07,4.422e-10,3674.14,1.625e-06,0x74...58a5,https://bscscan.com/tx/0x35f9398aa1599ba57dfba05f65ed437a4c3b21a8b36d735970d8024b3714dbad
2023-04-01 08:42:26,True,1.394e-07,4.422e-10,1462309.0,0.0064,0x74...58a5,https://bscscan.com/tx/0x35f9398aa1599ba57dfba05f65ed437a4c3b21a8b36d735970d8024b3714dbad
2023-04-01 08:37:56,False,1.388e-07,4.403e-10,465238879.0,2.04846,0xec...0165,https://bscscan.com/tx/0xbde5cea47d9b9dc8bd02da41b8da9075c002baddb5f858b3883423523756ee43
2023-04-01 08:33:38,True,1.389e-07,4.425e-10,465524409.0,2.06,0xec...0165,https://bscscan.com/tx/0x469b65d34045144d5ac1ecf68903cc597c798b7cca0527e76420839c87900bd5
2023-04-01 08:33:17,True,1.388e-07,4.422e-10,28992018.0,0.1282,0xaa...9aaa,https://bscscan.com/tx/0x93b25c4da453e6208af0304970c7a3af9abc8bee4209ccabcac834b14b40aa6e
2023-04-01 08:29:20,False,1.393e-07,4.401e-10,279866111.0,1.23191,0xec...0165,https://bscscan.com/tx/0x5d3e5a7402f393bcea72b08f30e66c5c21f8877e64231e9445b9cab8611c7e4c
2023-04-01 08:27:17,True,1.393e-07,4.423e-10,435196386.0,1.92492,0x6c...344f,https://bscscan.com/tx/0x00c4ad6840ddc7b2d719bdba922904e765cd83a73f8e22efdcbb91b5a586ff97
2023-04-01 08:25:53,False,1.385e-07,4.398e-10,17173697.0,0.0755,0xbc...772d,https://bscscan.com/tx/0x2f37a52fd8ed7f526c8078b1c9e44b55527c0fd1fe43fee3f2343f7eef03a448
2023-04-01 08:14:44,True,1.397e-07,4.418e-10,595278645.0,2.63,0xec...0165,https://bscscan.com/tx/0xf354a3b77758400a5867a26902adcbcb7b24b6b904905918f186380a7f2b216a
2023-04-01 08:12:59,False,1.383e-07,4.394e-10,258752974.0,1.13705,0xec...0165,https://bscscan.com/tx/0x039e04b45faf46284359785de1ba2c36a7be6f4a460bde537d4bc2b4c64bfade
2023-04-01 08:12:08,False,1.391e-07,4.397e-10,405142330.0,1.78168,0xec...0165,https://bscscan.com/tx/0xfc262f0dde4afbd722b9e2f003239e35913927d754440132ccb0a3a41448a645
2023-04-01 08:10:05,False,1.392e-07,4.401e-10,453884426.0,1.99798,0xde...fa58,https://bscscan.com/tx/0xeeb0e2b29d332ac669963402b67a7eb4194ffc31547fcd6fa03a5ac7e1e7a2f2
2023-04-01 08:08:23,True,1.392e-07,4.423e-10,531236383.0,2.35,0xde...fa58,https://bscscan.com/tx/0x0b2cda63eb62de1709a6c4d75edb151e692cf30220e051411267fee1b01c4a8d
2023-04-01 08:06:08,True,1.392e-07,4.418e-10,477529534.0,2.11,0xec...0165,https://bscscan.com/tx/0xc5072168e2bcc9eda224bdb44e317b52b1b08d66e21bddb13e480d56d77b1580
2023-04-01 08:05:08,False,1.384e-07,4.394e-10,23194034.0,0.1019,0x31...7a7a,https://bscscan.com/tx/0xe0b483447cb6b1edf0f05edf69d31cbf5f2354a1dc27daa6a077c31819541a50
2023-04-01 08:03:29,True,1.398e-07,4.416e-10,6000000.0,0.0265,0xd5...ecc3,https://bscscan.com/tx/0x693e15d78905c72bbf44578d9fd5f1f59a859366f9d824a282e0a5f3053164f5
2023-04-01 08:00:59,False,1.392e-07,4.397e-10,698056551.0,3.0699,0xec...0165,https://bscscan.com/tx/0x628eac02e207758124fa7121fa70bdbe8ec8be13fbdb9195dc0d8fe367c6e374
2023-04-01 07:59:53,False,1.394e-07,4.403e-10,380141731.0,1.67382,0xde...fa58,https://bscscan.com/tx/0x4dff909ba098abdb6559496f054d170f50642477b0143b1790b95ebbc59cc969
2023-04-01 07:58:23,True,1.4e-07,4.423e-10,714356006.0,3.16,0xec...0165,https://bscscan.com/tx/0x25d869ac8eda7f2bedef8fb4c4c38eb8dea5924d76b32ee3f59ea13727debc96
2023-04-01 07:57:20,True,1.391e-07,4.417e-10,579570222.0,2.56,0xde...fa58,https://bscscan.com/tx/0x19a72193cd69c42ffd6b4703632eb41fcbba6510241850c3d86933d55c79445e
2023-04-01 07:55:26,True,1.39e-07,4.413e-10,162761154.0,0.7183,0x7f...5da1,https://bscscan.com/tx/0xdc3256e896ceb1278a3f06b672bd77cc02b3e5e6a5d1a9663617506372b71bae
2023-04-01 07:52:14,False,1.391e-07,4.394e-10,847972648.0,3.7266,0xde...fa58,https://bscscan.com/tx/0x7f903307a43499498f5759d46f0c4a539fa6d1124afdf9aaff7df272d15c1bfd
2023-04-01 07:51:23,True,1.398e-07,4.416e-10,824111677.0,3.64,0xde...fa58,https://bscscan.com/tx/0x9e17e8c5111a9e699a13fd1763a1e56035805a19520903900bbcde972107c7b3
2023-04-01 07:50:41,False,1.39e-07,4.392e-10,285759863.0,1.2551,0xec...0165,https://bscscan.com/tx/0x46998ad1d7ce86d5c9762f267999ffd47f020befd781e7ec053fa90e544292b2
2023-04-01 07:49:44,False,1.392e-07,4.396e-10,641449736.0,2.8203,0xde...fa58,https://bscscan.com/tx/0xafaaeb8f9d723017e050baf7d33c7b94fa04812be6b64c3dba4679c7d198a429
2023-04-01 07:47:11,False,1.394e-07,4.402e-10,430297206.0,1.89421,0xec...0165,https://bscscan.com/tx/0x5ad8a85f33b0c46fa012c0b54fc0b7b16d9b8ff90d28101e7aee810f9334fd93
2023-04-01 07:45:29,True,1.401e-07,4.424e-10,339010529.0,1.5,0xec...0165,https://bscscan.com/tx/0x7ea7e929cf180c02508f9c37ff2646c095fc8a376c10c905b03fa1d00a0d8406
2023-04-01 07:43:46,True,1.399e-07,4.419e-10,597293987.0,2.64,0xde...fa58,https://bscscan.com/tx/0xe13c6211fbaae094899c0ab6779e190cb2a7d9b9feb51a16efd242110e92f31a
2023-04-01 07:42:07,False,1.385e-07,4.398e-10,709596126.0,3.1211,0xde...fa58,https://bscscan.com/tx/0xa5dec8f8a6f8b1c60ddff9ed4fbb76df454b0d153719ba43ce61d5679b81feaf
2023-04-01 07:41:13,True,1.399e-07,4.42e-10,744292478.0,3.29,0xde...fa58,https://bscscan.com/tx/0x58ed50da08ad05257de5dda03376aa16f61f3942bfc38d66f9485d70fb4846dd
2023-04-01 07:37:33,True,1.391e-07,4.416e-10,113224520.0,0.5,0xb5...0974,https://bscscan.com/tx/0xae6a49003f4653fe6bd50e2a4ae384e97f087b40a52d1d81106b5b2da2c6d0d9
2023-04-01 07:36:06,False,1.392e-07,4.396e-10,597018257.0,2.62471,0xde...fa58,https://bscscan.com/tx/0xb43c3d477a5ce50a4609e6c0c491a2b8d86b3f43b7d9e2d7e78518d3660ce34c
2023-04-01 07:35:09,True,1.399e-07,4.419e-10,362024081.0,1.6,0xec...0165,https://bscscan.com/tx/0x8a3764461431c0f390d94cf97beef50bea8ca702827d3403f26b72b9490f8343
2023-04-01 07:32:45,True,1.39e-07,4.414e-10,668263728.0,2.95,0xde...fa58,https://bscscan.com/tx/0x3ae9db62baa0728b8bd2f2c602700fed4767c0414abb6e64babb087ded871359
2023-04-01 07:30:12,False,1.384e-07,4.392e-10,728438040.0,3.1998,0xde...fa58,https://bscscan.com/tx/0x89ca4f688f4705f25c35cf06606f83225a384fcae6d4a9d808ece8d858811e76
2023-04-01 07:28:27,True,1.398e-07,4.414e-10,688576070.0,3.04,0xde...fa58,https://bscscan.com/tx/0x5d4d6927fad99b73fc5309b743441b24bd43994c6c9a150de06aa2a682c337a3
2023-04-01 07:27:27,False,1.39e-07,4.39e-10,258395479.0,1.13454,0xec...0165,https://bscscan.com/tx/0xe6908f3337968a3ae12958fee7c77f40bb269aecefa2c72f41a25812860448f8
2023-04-01 07:26:48,False,1.391e-07,4.394e-10,500862818.0,2.20104,0xde...fa58,https://bscscan.com/tx/0xe320fa0dc447274d521cf226866dd7d4199a88a8d9e64746a5efbe6165d3bed8
2023-04-01 07:24:00,False,1.393e-07,4.398e-10,304681294.0,1.34014,0xec...0165,https://bscscan.com/tx/0x4d1e5dc8bc23d923a8ae5ec7006eb909cadf9ca2ed688479285d26b345e211cc
2023-04-01 07:21:42,False,1.394e-07,4.401e-10,325162828.0,1.43125,0xde...fa58,https://bscscan.com/tx/0xe05e292b867213016582d0238a6bcafb41d31221c08a34e354ca1c33f7d79d76
2023-04-01 07:19:42,True,1.401e-07,4.425e-10,700507.0,0.0031,0xf1...ee61,https://bscscan.com/tx/0x8bf03894c2e3b7fcbe59e3975fbca597a7eebb76270a1ebe3fe84eac7271502c
2023-04-01 07:19:42,True,1.401e-07,4.423e-10,278890358.0,1.2338,0xf1...ee61,https://bscscan.com/tx/0x8bf03894c2e3b7fcbe59e3975fbca597a7eebb76270a1ebe3fe84eac7271502c
2023-04-01 07:19:42,True,1.4e-07,4.42e-10,481885608.0,2.13,0xec...0165,https://bscscan.com/tx/0x05da2e07480944812bddc8fe5410244fd4110600da113d7d24d2bdf664bfa51f
2023-04-01 07:17:06,False,1.392e-07,4.396e-10,253647083.0,1.11527,0xec...0165,https://bscscan.com/tx/0x2e75d855f8754780139486dcac45b1b34641ae4331bf9b963977ec209927e2b7
2023-04-01 07:16:36,True,1.392e-07,4.418e-10,373439799.0,1.65,0xde...fa58,https://bscscan.com/tx/0xc52eb12ec822195f6704e114ad3057f00c78999e85e284211732cb5b0f42cccb
2023-04-01 07:14:54,False,1.392e-07,4.395e-10,255535870.0,1.12327,0xde...fa58,https://bscscan.com/tx/0xaa4d727e9bca8b8eb48c286c7882e117c7073b91d56e1f5f8d442aa128f975fb
2023-04-01 07:14:27,True,1.392e-07,4.418e-10,149378083.0,0.66,0xb5...ee4a,https://bscscan.com/tx/0x7ccb0396b731827a9bc67cffe9d8b3cfe6679129abf37ba3c7611c5c8db8969f
2023-04-01 07:14:03,True,1.398e-07,4.415e-10,502826128.0,2.22,0xde...fa58,https://bscscan.com/tx/0x2821e086d936de33efad0afeae05736301edbd2426a09527841809f1603515cc
2023-04-01 07:12:27,True,1.39e-07,4.412e-10,55763555.0,0.246,0xba...fb67,https://bscscan.com/tx/0xbf7edff66b213d6cf41362d5ddf70058aed6f942aed3342841d7f26bb4cd6496
2023-04-01 07:12:21,False,1.391e-07,4.392e-10,533251161.0,2.34236,0xde...fa58,https://bscscan.com/tx/0x84b928961b4ba081f345d5e2ee2cc4ff773ad151a3a9433aa8427ca2685468d0
2023-04-01 07:12:00,True,1.398e-07,4.415e-10,441667644.0,1.95,0xec...0165,https://bscscan.com/tx/0x870fff4c55c4ebd4479f008fa1c67e5264726b6b098b0bb1992c5f043c482026
2023-04-01 07:11:12,True,1.39e-07,4.412e-10,25036288.0,0.1104,0x2b...72e0,https://bscscan.com/tx/0x4f3f7803e39a159f254ee0da304e23c53a119a73678b39e96287189f4d4628b0
2023-04-01 07:11:06,True,1.397e-07,4.412e-10,226065.0,9.975e-05,0xa6...8436,https://bscscan.com/tx/0x68b2bab2e4984e5e8c6e042f16decdc1e1158dc59d40c65e3126c178bf9e36c2
2023-04-01 07:11:06,True,1.397e-07,4.412e-10,89983060.0,0.397,0xa6...8436,https://bscscan.com/tx/0x68b2bab2e4984e5e8c6e042f16decdc1e1158dc59d40c65e3126c178bf9e36c2
2023-04-01 07:08:06,True,1.396e-07,4.407e-10,805411674.0,3.55,0xde...fa58,https://bscscan.com/tx/0x94e2ac3e7f7309b5b618b878a3d69a1f83a205342a45b38f8cdeb0bc647dc5ea
2023-04-01 07:05:03,False,1.388e-07,4.384e-10,662101888.0,2.90329,0xec...0165,https://bscscan.com/tx/0x49feb276597f6742d5b266cb63c28aa545441c233cc19c2e34e8f5f35f1793d7
2023-04-01 07:03:54,True,1.389e-07,4.41e-10,25300000.0,0.1115,0xd5...ecc3,https://bscscan.com/tx/0x31fb606a47f477f89d40671ff7943c3e40010a5dded33bc219c642b8c4e69fbb
2023-04-01 07:02:48,True,1.396e-07,4.409e-10,68032254.0,0.3,0x95...2878,https://bscscan.com/tx/0x146e0b45b06138d211e979daeb5af9945b5e52b8b2f15fed0608dbf285dea2cd
2023-04-01 07:02:30,True,1.395e-07,4.406e-10,555990638.0,2.45,0xec...0165,https://bscscan.com/tx/0x99ec4e70c7c77bc077906f31cacbfd328cc4a92372a06e89290d713c3dc4538d
2023-04-01 07:02:24,True,1.393e-07,4.402e-10,273818094.0,1.20546,0x95...2878,https://bscscan.com/tx/0xbbd363a97d0c37e6ca9255d9cc3c612ebec44b60dc4f67a5a4215004b9b2cb13
2023-04-01 07:01:36,False,1.387e-07,4.382e-10,604718096.0,2.64991,0xec...0165,https://bscscan.com/tx/0x97c9bc2fd854cd885c945574fca55f93c8ddb05d3572875d56e0d8b034958aef
2023-04-01 06:58:12,True,1.393e-07,4.403e-10,792623123.0,3.49,0xec...0165,https://bscscan.com/tx/0x536998fbd0ca7466a876e59a9252cab532dacab7b455db2f91e2dc81c289c754
2023-04-01 06:57:21,False,1.385e-07,4.379e-10,377267833.0,1.65208,0xec...0165,https://bscscan.com/tx/0x25c310e97165327111b6d9ea69c01214a4a77df0138b48576675ba89a783b593
2023-04-01 06:57:03,False,1.387e-07,4.384e-10,809256847.0,3.54854,0xde...fa58,https://bscscan.com/tx/0xab9b5172a387177d5b65450cce6cf8e48add5b7ecf4ba2101045a0f58245e762
2023-04-01 06:56:27,True,1.395e-07,4.409e-10,349267474.0,1.54,0xec...0165,https://bscscan.com/tx/0x5d6dfc93ce6e7fc8e0d24442ff16589363616525ece1234904f156141361d607
2023-04-01 06:54:30,True,1.393e-07,4.403e-10,749364090.0,3.3,0xde...fa58,https://bscscan.com/tx/0x88178b4bf904a4a317dd8f5b02c7d2541845a6cb69a6147d5e549b18c999cf54
2023-04-01 06:53:39,False,1.386e-07,4.382e-10,824146635.0,3.6115,0xde...fa58,https://bscscan.com/tx/0xa8aed7b4eefc83edaa4269fa3fd50ff334f324faec58d63cbbe1b7c5a4bbf4a5
2023-04-01 06:53:39,True,1.394e-07,4.408e-10,7712948.0,0.034,0x67...905b,https://bscscan.com/tx/0xe18196579d6567906f65121bf2ed1541d9878e624f02b6e553a6f10e2535116f
2023-04-01 06:53:03,False,1.389e-07,4.39e-10,921478897.0,4.04594,0xec...0165,https://bscscan.com/tx/0xefde2cc44c232e2212cdbf401f277dd0001556a2bc03f5f30779229a333b5460
2023-04-01 06:52:48,True,1.389e-07,4.413e-10,827065737.0,3.65,0xde...fa58,https://bscscan.com/tx/0x4fe334a3af825929ef04a24db232449d250cdc34de73bfa715f1b8bc1de65863
2023-04-01 06:50:27,True,1.394e-07,4.406e-10,574193507.0,2.53,0xec...0165,https://bscscan.com/tx/0x202f76e50645c4ecf6382297eae86bca704a649a2904876f1ee3553ede00d9dd
2023-04-01 06:50:21,True,1.386e-07,4.403e-10,9084160.0,0.04,0x1b...6622,https://bscscan.com/tx/0x1de532d795408018e7a063f793760f29ea569f578e3724f35daf230762dd4fd8
2023-04-01 06:46:03,False,1.385e-07,4.383e-10,456318093.0,2.00027,0xde...fa58,https://bscscan.com/tx/0xf9cae193bb052f291329a608a8a2cf978aa8a8038bc952eaa12a23e1e70d21e6
2023-04-01 06:44:23,True,1.385e-07,4.405e-10,549372741.0,2.42,0xde...fa58,https://bscscan.com/tx/0xb7870de10c602bbea0f404589c7a180bf768cc17d8bbd3d01223c7497be9f401
2023-04-01 06:42:55,False,1.384e-07,4.38e-10,31386763.0,0.1374,0xa3...4abd,https://bscscan.com/tx/0x889b5be6076529370e7907f05d78582297c59b7c08b0cd0a7715caca7af96868
2023-04-01 06:41:48,False,1.385e-07,4.383e-10,602716819.0,2.64207,0xde...fa58,https://bscscan.com/tx/0xe70ff3ced9ab2949319ff1a07874c5a54d9c354e4577890127414fa8292794ee
2023-04-01 06:39:47,True,1.386e-07,4.408e-10,20684000.0,0.0911,0x6e...b5ad,https://bscscan.com/tx/0x80bf08d6ebd5ea93baa0d243aadf1be32f71210d7cca394cba1ba799f74726a6
2023-04-01 06:39:41,True,1.386e-07,4.408e-10,13132100.0,0.0578,0x1b...6622,https://bscscan.com/tx/0x398121122dc4fd23c369b32c2b0e0822d9be66a08ea535aa12bb994f21be00cf
2023-04-01 06:38:39,True,1.386e-07,4.406e-10,352941136.0,1.55524,0xf5...8cea,https://bscscan.com/tx/0xf8eb70121311bcdf289542913ccd5056b25888757311c1a2549d883cf7405456
2023-04-01 06:38:33,True,1.392e-07,4.404e-10,3063662.0,0.0134,0xb9...8a62,https://bscscan.com/tx/0xc60b386a4ba249ef509d2bb712502cb8db747b75fe068f0d810c1cea7038ed62
2023-04-01 06:33:22,False,1.379e-07,4.383e-10,267114931.0,1.17097,0xec...0165,https://bscscan.com/tx/0x4916c9db1c1b7178923ea3679bf75fab103cfb18226e458ceb4218639c29758f
2023-04-01 06:29:04,True,1.393e-07,4.405e-10,408596334.0,1.8,0xde...fa58,https://bscscan.com/tx/0x23c3ce9d3e31e88d56efdf54e52a66cc880c9a0592286a6724825000acb559ba
2023-04-01 06:27:16,True,1.391e-07,4.401e-10,270000000.0,1.18852,0x86...a33e,https://bscscan.com/tx/0x837d481e531ab55f966db9a04e2377ddd3b1713a0f17aa59bad96acddd523ace
2023-04-01 06:24:40,False,1.384e-07,4.379e-10,241823928.0,1.05914,0xec...0165,https://bscscan.com/tx/0xe2e51575abdd807c4f51fe41b806bfff7f8fb0dd7d86a80994c9d9a48246b73f
2023-04-01 06:22:04,True,1.383e-07,4.399e-10,668233263.0,2.94,0xec...0165,https://bscscan.com/tx/0x1b3b2024938cbfffcfe5de37f0a312d185b790b3b83fdba7df28e9bceebebba6
2023-04-01 06:19:43,True,1.389e-07,4.396e-10,2200000.0,0.0096,0x7a...c645,https://bscscan.com/tx/0x8fa7e595bd29dc68fe1a3973add564c36c4ac5eab08bcb9068bbbe5506787019
2023-04-01 06:18:37,False,1.376e-07,4.375e-10,272197573.0,1.19106,0xec...0165,https://bscscan.com/tx/0x9bb13d8b5b5d40187b047422ab8bbfe4faba40864094d4b6b47de31aaab75ab2
2023-04-01 06:17:10,False,1.384e-07,4.379e-10,457630773.0,2.00411,0xde...fa58,https://bscscan.com/tx/0x754662fb335c4b7feef9f8c14ec9b74c52868ccb0ebfd0fb8abda49eb698ce19
2023-04-01 06:16:55,False,1.385e-07,4.383e-10,378092227.0,1.65735,0xec...0165,https://bscscan.com/tx/0xdb619f643b8ad92ee3127250222ab2afe59ba8c291b5879b17947120c6b85898
2023-04-01 06:16:04,True,1.392e-07,4.405e-10,376805267.0,1.66,0xec...0165,https://bscscan.com/tx/0x7d1677a6e39c5b0259b47a9ea88def76f9125404182320cdea708d4e6b770865
2023-04-01 06:15:28,True,1.39e-07,4.4e-10,547622558.0,2.41,0xde...fa58,https://bscscan.com/tx/0x226290ff074ac1391578536f8093c849f8f59618ebe610098f518e34b8112863
2023-04-01 06:15:13,False,1.383e-07,4.378e-10,392292574.0,1.71749,0xec...0165,https://bscscan.com/tx/0xedb511c8da0aedfee9e30e65598914b7f479e986f1e23f4a57d187c2d53e3c57
2023-04-01 06:14:01,True,1.384e-07,4.402e-10,68150.6,2.999e-05,0x32...2d8e,https://bscscan.com/tx/0x79b19309444a24a33aad29a044d2605955d8443a892615d37fdd0c61a2a20f82
2023-04-01 06:14:01,True,1.384e-07,4.401e-10,27124768.0,0.1194,0x32...2d8e,https://bscscan.com/tx/0x79b19309444a24a33aad29a044d2605955d8443a892615d37fdd0c61a2a20f82
2023-04-01 06:13:28,True,1.383e-07,4.398e-10,675249584.0,2.97,0xec...0165,https://bscscan.com/tx/0x51b0f072949cb99c8ecd5322a2e6381f56a584974007c6f4c485332366742250
2023-04-01 06:10:22,False,1.382e-07,4.374e-10,331473419.0,1.4501,0xde...fa58,https://bscscan.com/tx/0x552b0aa17ea13fcf73776fc1af4004155d4104692e0108585dfcee4353c673d6
2023-04-01 06:09:19,True,1.389e-07,4.398e-10,5684.0,2.5e-06,0x32...2d8e,https://bscscan.com/tx/0x9826f9ac35d8a92fd1e0d844fa2f00e92fbfc1042ce232c6e8b3b446c5f82d0b
2023-04-01 06:09:19,True,1.389e-07,4.398e-10,2262240.0,0.0099,0x32...2d8e,https://bscscan.com/tx/0x9826f9ac35d8a92fd1e0d844fa2f00e92fbfc1042ce232c6e8b3b446c5f82d0b
2023-04-01 06:08:01,False,1.383e-07,4.376e-10,8701747.0,0.038,0x73...aad9,https://bscscan.com/tx/0x3ef8b7a3110d41802c2dc4c7e89f5e0ed33ca99027feb677c6abfa5ac6e665e9
2023-04-01 06:05:43,False,1.383e-07,4.377e-10,310730421.0,1.36036,0xec...0165,https://bscscan.com/tx/0xf6fd702b0bfbf91ea89b9a1cc545345d0c1ee6d1f264abbee6513633a5fbc3e7
2023-04-01 06:04:25,False,1.384e-07,4.38e-10,255686670.0,1.1201,0xde...fa58,https://bscscan.com/tx/0x51475ab60c9372100237c0640b652372ae4490fca06f68b8c61f6889b0bec478
2023-04-01 06:00:52,False,1.386e-07,4.382e-10,10830179.0,0.0474,0xd1...d016,https://bscscan.com/tx/0x5e86a3eefec6e3f45d973bf090913839ea949376086544189a320e9ff683d9f8
2023-04-01 06:00:10,False,1.38e-07,4.383e-10,247029463.0,1.08282,0xde...fa58,https://bscscan.com/tx/0x963663639117a291143a24885ed0598777438b30d6f107e3f39a6afc1d037086
2023-04-01 05:58:01,False,1.383e-07,4.386e-10,345393645.0,1.515,0xec...0165,https://bscscan.com/tx/0x56fabf9c43baf9989aa62b5dca2865993433811dc91deb783f949b13c28a2522
2023-04-01 05:57:37,True,1.397e-07,4.408e-10,399271456.0,1.76,0xde...fa58,https://bscscan.com/tx/0xa82b621670d8fe6e4aa09c9054cea2b5255609159f07b6c341542cb61bb95ac9
2023-04-01 05:56:31,True,1.39e-07,4.405e-10,32602172.0,0.1436,0xf6...4af6,https://bscscan.com/tx/0x8024369cac3e16849979bc3c6624a847ba7e5257cdb60adef47093d7315dd3a2
2023-04-01 05:56:04,True,1.397e-07,4.405e-10,1460020.0,0.0064,0x3e...5a68,https://bscscan.com/tx/0xed95429c45da9ae64ed9fac3b7d14a440b3a053a2c9707b5157da0879f9618e5
2023-04-01 05:52:31,False,1.39e-07,4.385e-10,376191855.0,1.64981,0xde...fa58,https://bscscan.com/tx/0x6ae92b082fdbcd3cf7f57909f22e7f8222aec2870ca359a80bec35b0197a9668
2023-04-01 05:50:45,False,1.391e-07,4.387e-10,1163215.0,0.0051,0xbb...a451,https://bscscan.com/tx/0xb1dd4d31a5ad5266da2c5e52c1c2707fb5ea433e7a7c3767368924fcd7a0d7b3
2023-04-01 05:49:09,True,1.391e-07,4.409e-10,18596779.0,0.082,0xd8...5cca,https://bscscan.com/tx/0xed151cd754b5c0490140105902dd71cf244bf23d13fd0379cbac2831b41cfb1b
2023-04-01 05:48:33,True,1.39e-07,4.405e-10,794498322.0,3.5,0xec...0165,https://bscscan.com/tx/0xc7bc404a6afbdeaf50842453fbe4924ee961e846280a44037e05e4d0666f80b0
2023-04-01 05:47:42,False,1.389e-07,4.381e-10,474724182.0,2.0801,0xec...0165,https://bscscan.com/tx/0x97f7a8335206fd37790ea846bb6ea7a1ee4400b42faeecdbe0785d016dc0d86f
2023-04-01 05:46:36,True,1.389e-07,4.402e-10,656403537.0,2.89,0xde...fa58,https://bscscan.com/tx/0xc987f03610b089f66a1e296095ab0885d1b2c3cc56059b832239e4238fc4c41b
2023-04-01 05:46:09,False,1.388e-07,4.379e-10,377243036.0,1.6521,0xec...0165,https://bscscan.com/tx/0x8cfdf08b01bb68c448e35b937d5bf461c2abc5b411dfa1c613a3e4b47435f29d
2023-04-01 05:45:06,True,1.388e-07,4.401e-10,431709682.0,1.9,0xec...0165,https://bscscan.com/tx/0x27a8caeb2b0a454abe91047611e44bdd6f79cb01ae661ea067373192a7eece99
2023-04-01 05:44:03,False,1.381e-07,4.378e-10,242385879.0,1.06121,0xde...fa58,https://bscscan.com/tx/0x796629b57e880b3f6fc47cec94985fc00139ce860139fe7d3b0b7a089e32a06a
2023-04-01 05:41:30,True,1.387e-07,4.398e-10,495579342.0,2.18,0xde...fa58,https://bscscan.com/tx/0x44179489b6ec22d24c1e05691c8efd8e103d906106cd4c6b16b046176a3a723c
2023-04-01 05:40:18,True,1.394e-07,4.396e-10,5079889.0,0.0223,0xe6...7f30,https://bscscan.com/tx/0x71a079e66d8e7d50ee15928aa68f392ed041e4de99bb93c7cf5f1f97c887d520
2023-04-01 05:39:56,True,1.386e-07,4.394e-10,373192661.0,1.64,0xec...0165,https://bscscan.com/tx/0xb4901c60ab405829b4db84fc727000faa95734cf8cd8f37edc186cf99442c3d4
2023-04-01 05:39:05,True,1.386e-07,4.392e-10,6841270.0,0.03,0x24...2401,https://bscscan.com/tx/0xe0abd6604adf1e89350e86a08fc2671093901b5710d19fbde658c3d6df53b64c
2023-04-01 05:38:38,True,1.392e-07,4.388e-10,751905985.0,3.3,0x2a...576a,https://bscscan.com/tx/0x0b7ad14f72d61159c2247d12cc4e07ec226cf5c05126d65fd3f546dd7bb8098d
2023-04-01 05:38:14,False,1.384e-07,4.364e-10,320036250.0,1.39689,0xec...0165,https://bscscan.com/tx/0x6eac7bdb1f1bac705b592aa7e02fda6f27d2c8c30c3903ee01de15d3bfbb6b40
2023-04-01 05:38:08,False,1.385e-07,4.368e-10,385322652.0,1.6832,0xde...fa58,https://bscscan.com/tx/0x8c5df62205006e2ce2be59f0faa62ff7c6e79b5fb66c4dffdd002d7edbfc59e5
2023-04-01 05:36:26,False,1.386e-07,4.371e-10,277509774.0,1.21315,0xde...fa58,https://bscscan.com/tx/0x263485a9a1d09983de46eb84912397bd5b18277d31c8504d0b22d37960ffb0a4
2023-04-01 05:35:38,False,1.38e-07,4.374e-10,286624295.0,1.25379,0xec...0165,https://bscscan.com/tx/0xad4cc2270398bb6f6adb4d5262bc9b080bcfc866f6fb9cdf7d11f979cca643b7
2023-04-01 05:35:38,True,1.387e-07,4.395e-10,377630670.0,1.66,0xde...fa58,https://bscscan.com/tx/0xaf6f325dbe972c820e51a643f427cb396e4fee8a80e027ba71e1f7ff393c9f40
2023-04-01 05:34:17,False,1.387e-07,4.375e-10,629554158.0,2.75438,0x2a...576a,https://bscscan.com/tx/0xc46984bf58a30642925bd4fd54737f1790fc77e7fd301f50b7caccfcddb4771a
2023-04-01 05:33:56,True,1.395e-07,4.397e-10,504810479.0,2.22,0xec...0165,https://bscscan.com/tx/0x42e70ed1e049923269f9f53d6403af5d076931e7495d9f236f6ace5df43e8f67
2023-04-01 05:31:17,False,1.388e-07,4.376e-10,655580796.0,2.86913,0xde...fa58,https://bscscan.com/tx/0xff12507a24df3d5f7b0f900a9d872c4e6f42a00b1bff3403d093b00c7cf9a522
2023-04-01 05:29:38,False,1.391e-07,4.381e-10,295355007.0,1.294,0xec...0165,https://bscscan.com/tx/0xbcc79da402e8ac3f6d66506cfd16358fd21823a75406a5a269ef93657215c29e
2023-04-01 05:27:53,True,1.397e-07,4.4e-10,897695687.0,3.95,0xde...fa58,https://bscscan.com/tx/0xc61ce372e7223ea86ee2c11613902b0e81ca025e30155e91a6c20f38301e1dbf
2023-04-01 05:26:32,False,1.389e-07,4.375e-10,297433811.0,1.30133,0x2a...576a,https://bscscan.com/tx/0x69881936efdb281ca32af645c755e75e9858668acc2f3cb06b1b2b367a37d981
2023-04-01 05:25:41,True,1.395e-07,4.395e-10,655234537.0,2.88,0x2a...576a,https://bscscan.com/tx/0x4db8d734d6851781dd4e2921bc80c02bf9c66beb5ec512d182b8883bedaf223d
2023-04-01 05:24:50,False,1.381e-07,4.373e-10,625727401.0,2.73648,0x2a...576a,https://bscscan.com/tx/0xb33bfa64efa1a9e6f7f2d039532a6137c668c4e658efe75009a9dc44f75d9447
2023-04-01 05:23:05,True,1.389e-07,4.393e-10,912653697.0,4.01,0x2a...576a,https://bscscan.com/tx/0x77864f4eed0ed4a3ecb68529dd92720b085b90d08bacb5f5cfc7f884cb34a788
2023-04-01 05:22:29,True,1.394e-07,4.389e-10,16000000.0,0.0702,0x9c...4b6e,https://bscscan.com/tx/0xa122a8c8edac20a4364884a0e50b87e0ffbe97f3a98ab05c4e44c481aac0e19d
2023-04-01 05:20:32,False,1.388e-07,4.371e-10,810452381.0,3.54263,0x2a...576a,https://bscscan.com/tx/0xb521416fb218d0fab65e98140ea4aebf9a1d1bde7f45ad1e0ef34a1203bda40d
2023-04-01 05:19:26,False,1.39e-07,4.376e-10,331309407.0,1.45008,0xde...fa58,https://bscscan.com/tx/0xc4a4a24eb45eacc4c0aa7538e2c9bfc3e431cda4a701a2ec3cf9b3b8d54ff8dd
2023-04-01 05:18:47,True,1.397e-07,4.397e-10,604901622.0,2.66,0x2a...576a,https://bscscan.com/tx/0xe2a14e9e2052b8d788f721a467e983eabbeb654d9cd5942a61c164614daeefac
2023-04-01 05:17:53,False,1.39e-07,4.375e-10,548464270.0,2.39962,0x2a...576a,https://bscscan.com/tx/0x14c4816943fb2141a0c37a6bc1d443b76b47e76171e50ad2f318290c1b1c0865
2023-04-01 05:16:59,True,1.398e-07,4.399e-10,9672939.0,0.0425,0xd1...4143,https://bscscan.com/tx/0xd5897ea9ef8ce5ba793489ec88160d192fb1a9c8ab6971f13d2e7c2283380e3e
2023-04-01 05:16:02,False,1.385e-07,4.379e-10,287444860.0,1.25878,0xde...fa58,https://bscscan.com/tx/0x5c904352bf70c578fc5f2771c867e31661bb39c7cf4da557b62c21226765d4c7
2023-04-01 05:15:17,True,1.392e-07,4.399e-10,575033363.0,2.53,0x2a...576a,https://bscscan.com/tx/0x6503aeac12312d8e052985939ff76a760e8c4f62b145047818809496b1e00953
2023-04-01 05:15:02,False,1.392e-07,4.377e-10,432999559.0,1.89527,0xec...0165,https://bscscan.com/tx/0xca658e2cb534a08365b10cdf414e4fb66e6a8e7458c69f51d07d8d75d41d32a3
2023-04-01 05:14:26,False,1.386e-07,4.381e-10,435390943.0,1.90761,0x2a...576a,https://bscscan.com/tx/0xb4294337bb5b2603b42f8e921cdc90a77bc9a9c6f6592e1f7072a12aea8c4d03
2023-04-01 05:14:11,True,1.399e-07,4.4e-10,917986161.0,4.04,0xec...0165,https://bscscan.com/tx/0xed92dc53eb99ec5c5d165159412a20adc784e2efbbee87c24cb9eb382f6c7bf9
2023-04-01 05:13:35,False,1.385e-07,4.375e-10,318149230.0,1.39222,0x2a...576a,https://bscscan.com/tx/0x21225c1040a5cb8fbf9eb6d90df9a018ae5c7b475c1c21cbf972b95404a85c49
2023-04-01 05:13:17,False,1.393e-07,4.381e-10,850691460.0,3.72754,0xec...0165,https://bscscan.com/tx/0xac8a9521bfd03f257be959957ac439afccdf0d42a5e599a4aa2008c014d46e78
2023-04-01 05:12:29,True,1.395e-07,4.407e-10,35407276.0,0.156,0xe8...25be,https://bscscan.com/tx/0x7967d94b80efb246f1c900f61f895a4a5d0f2e44ed489072e281996489e2d47c
2023-04-01 05:11:50,True,1.401e-07,4.405e-10,392674334.0,1.73,0xde...fa58,https://bscscan.com/tx/0x1534c7486a2f30bb75516eb48c2ac7c937ac41c488c9979de2249cc72d56e665
2023-04-01 05:10:09,True,1.4e-07,4.402e-10,185599411.0,0.8171,0x0f...8ee6,https://bscscan.com/tx/0x6b8efe4ba603d28d23603ae9bcbb559def9352eee66b322db9b3dc93e395ca80
2023-04-01 05:09:52,True,1.399e-07,4.399e-10,541011025.0,2.38,0xec...0165,https://bscscan.com/tx/0x3c4eb119598417286a364d48dd00b5344a797afe61e5340c2ff1cd0991badd44
2023-04-01 05:07:16,False,1.393e-07,4.377e-10,595660994.0,2.60749,0xec...0165,https://bscscan.com/tx/0xea327ca6770fcd422b6c09b6490c57a074af7de4de637ee6ff8000c48ee74c4e
2023-04-01 05:06:25,True,1.4e-07,4.399e-10,652399470.0,2.87,0xec...0165,https://bscscan.com/tx/0x3600da34a8ec7232006f335ede0e0c2114b20aa3da5a98d84d890bcae4ce3172
2023-04-01 05:05:54,True,1.399e-07,4.395e-10,8431498.0,0.037,0xa8...909a,https://bscscan.com/tx/0x5415441085f0a07591ba2d89839b1f83d3cb373f87836ec13f4f33e1977a5cec
2023-04-01 05:05:48,True,1.398e-07,4.391e-10,913176933.0,4.01,0x2a...576a,https://bscscan.com/tx/0x4003c9cbc9cc974c0785c1a0de85445bfc033c0b9627bae71477c2b9e9e3d508
2023-04-01 05:03:29,True,1.396e-07,4.386e-10,35574320.0,0.156,0xe8...25be,https://bscscan.com/tx/0x1f977e7ec32fb098efb3f4bb783c5805b5d2e2713bb319c30ecacc9c72da12e6
2023-04-01 05:00:44,False,1.382e-07,4.366e-10,373673238.0,1.63158,0xde...fa58,https://bscscan.com/tx/0xb894f69a24e04d67b0dc651c56e2a117d40a74e06904ee00f26e0b52e5388776
2023-04-01 05:00:23,False,1.391e-07,4.37e-10,377805099.0,1.65102,0xec...0165,https://bscscan.com/tx/0x13192eb6ba26f3835062eb06aeead75b0230c4df53121b49259461d6c131aa5d
2023-04-01 04:59:32,True,1.397e-07,4.39e-10,576183873.0,2.53,0xec...0165,https://bscscan.com/tx/0xab256dbad3a9759b1b578fcffd85cde69612a881ab2b556d03b692d51957344d
2023-04-01 04:58:11,True,1.396e-07,4.385e-10,515330354.0,2.26,0xde...fa58,https://bscscan.com/tx/0x17d8b82f10cd6be608d6888591643606a9e4f17c17b9c4f33d5758d5ecdea121
2023-04-01 04:57:50,False,1.381e-07,4.363e-10,402795731.0,1.75743,0xec...0165,https://bscscan.com/tx/0x7421ffd23a294581e4efb9038d086a59cffa85d00b2add4647c9447c1bd666fe
2023-04-01 04:57:20,False,1.39e-07,4.369e-10,871621230.0,3.80843,0xde...fa58,https://bscscan.com/tx/0x6cd1d6b6f0409c73c7bbc59eb0f268ec247a97d13b0ebcdbd68d6cca4b809392
2023-04-01 04:55:41,True,1.391e-07,4.391e-10,735435676.0,3.23,0xde...fa58,https://bscscan.com/tx/0x4de12a80b2e56792248d23979ba0f3584ffdbee816c17463dfedcfa1cd41b738
2023-04-01 04:55:14,False,1.39e-07,4.368e-10,403205485.0,1.76135,0xec...0165,https://bscscan.com/tx/0xa3221dcc62ab57225c2c4c653efaa32cc710ce1a3e93e5bcc955c9fc96785e25
2023-04-01 04:55:05,True,1.391e-07,4.391e-10,134196475.0,0.5893,0x99...1507,https://bscscan.com/tx/0xfaf3e3307747b27ab4508951f62ac10bd6b1f3e4c020ac284480cd5c69e69ee2
2023-04-01 04:48:02,False,1.39e-07,4.37e-10,365838839.0,1.59903,0xde...fa58,https://bscscan.com/tx/0x944eefb2f7fbc2e2f97c35398560b6bb47993928c09b683289bc79952d8959da
2023-04-01 04:47:20,True,1.398e-07,4.394e-10,20000000.0,0.0878,0x56...642e,https://bscscan.com/tx/0xa4f829008643f38581036ca21cfc0bb1cf928cab4bf7d920b75228c7515e2f1b
2023-04-01 04:46:47,False,1.392e-07,4.376e-10,737891939.0,3.2291,0x2a...576a,https://bscscan.com/tx/0xeb25c0a2c972742a31e5d4cec4b5376ec4bee94293317eefb97ffab39a10f660
2023-04-01 04:46:41,True,1.399e-07,4.398e-10,634297010.0,2.79,0xec...0165,https://bscscan.com/tx/0x994317166a297f36835c256016e8006710ff0fbddedc851a62e115e4cb454d73
2023-04-01 04:44:11,True,1.397e-07,4.392e-10,648880655.0,2.85,0x2a...576a,https://bscscan.com/tx/0xa4a7627b9042ef3f9d504adb5cb71712b48f4fce53bf55be7878d12fe9de82cc
2023-04-01 04:43:14,False,1.39e-07,4.368e-10,297435337.0,1.29935,0xec...0165,https://bscscan.com/tx/0xac61992d20f0feb3a3b01d12df55f4deff441118766fa0b7a58848aea4b519e7
2023-04-01 04:41:38,False,1.392e-07,4.373e-10,699366481.0,3.05863,0x2a...576a,https://bscscan.com/tx/0x69d5a1146339c1436f38a1611922e3b8a681ba195a8be02d7c5ee4d32a0d66e9
2023-04-01 04:40:23,True,1.399e-07,4.396e-10,395735088.0,1.74,0xde...fa58,https://bscscan.com/tx/0x72b29a8a6021ce20a72ef0dc72056d5a3fcf8777fd1dc8d58fd85635b1e08382
2023-04-01 04:40:14,True,1.398e-07,4.394e-10,26582053.0,0.1168,0xe4...6f13,https://bscscan.com/tx/0x3433b8dee12ea83867acfa4755d78a8d1ae12182fa51ba91deaf5190510db569
2023-04-01 04:38:41,True,1.398e-07,4.394e-10,2000001.0,0.0087,0x03...c3c7,https://bscscan.com/tx/0xf6b2db91345adb4686fd56a4d8a120a0bfb065c71d716ace864d9dc71c01704c
2023-04-01 04:38:08,True,1.397e-07,4.391e-10,562408605.0,2.47,0x2a...576a,https://bscscan.com/tx/0x5a1092cef02b6b6f83fe092b939fa31990ed33c7fbee6f2862aebca51a046789
2023-04-01 04:37:11,True,1.396e-07,4.386e-10,419426270.0,1.84,0xec...0165,https://bscscan.com/tx/0xa07191d4d0189a9d537bc44f97aa4e20f092b1b6408614045ece4efbc9fddf35
2023-04-01 04:36:59,False,1.389e-07,4.364e-10,394798471.0,1.72326,0xde...fa58,https://bscscan.com/tx/0xcd1aa2d974ae8f3185a03ed3a4b4f83e1e52aff1b089623071190b9b11b4676e
2023-04-01 04:35:35,False,1.384e-07,4.37e-10,757329255.0,3.30999,0x2a...576a,https://bscscan.com/tx/0x732ac1ce78e9047f849d2e6fec17065fe1198cf639388682f43eae56b8040fa3
2023-04-01 04:35:29,False,1.386e-07,4.377e-10,644080017.0,2.81948,0xec...0165,https://bscscan.com/tx/0xc10d9fa98bee576f061dcd8f5f7977a0ab04cdf2019f98e38ef57d2a53d6234c
2023-04-01 04:35:23,True,1.393e-07,4.4e-10,540908949.0,2.38,0xde...fa58,https://bscscan.com/tx/0xa3f2d03bd2f1f16d9d47ccbeab404f560f05cbba6488cd41ae774408a9af8cb5
2023-04-01 04:34:56,True,1.392e-07,4.397e-10,7123281.0,0.0313,0x03...c3c7,https://bscscan.com/tx/0xa42d8bd841784000682b06f8a36d1607ecd4f298a308fb188fb228fa9da9429c
2023-04-01 04:34:44,False,1.387e-07,4.379e-10,775308736.0,3.39517,0xde...fa58,https://bscscan.com/tx/0xba88f8116f238cb751007c140dce757cde569865e81456931e3e09393f9a7ed5
2023-04-01 04:34:17,True,1.395e-07,4.403e-10,227075617.0,1.0,0x99...fe0e,https://bscscan.com/tx/0x4f092cd85c710b8a2d7b761547580ad8b42f11f3c21636d211a7ffd481ac3ade
2023-04-01 04:33:32,False,1.388e-07,4.381e-10,217543648.0,0.9532,0xe3...5241,https://bscscan.com/tx/0xc34c5af480204ff2c7efc2b5f4acf814a2909e858f3e4f22407d0f1da95a203c
2023-04-01 04:32:53,True,1.394e-07,4.401e-10,681594029.0,3.0,0xec...0165,https://bscscan.com/tx/0x3480f326166d635870ddd21788cd9113ae3998b60dddcf69c86d34b9edb408c8
2023-04-01 04:31:53,True,1.393e-07,4.395e-10,582460859.0,2.56,0xde...fa58,https://bscscan.com/tx/0x1f50d7a77fb3a4697104ea1a8a81a274cc803569faa7fad7c0782658a2aa608a
2023-04-01 04:30:23,True,1.39e-07,4.387e-10,952704868.0,4.18,0x2a...576a,https://bscscan.com/tx/0x45227902d9bfbbdd0b52373e0a2fd22a5dc8b2ec4b917abc67392bf0a61b426a
2023-04-01 04:29:25,False,1.383e-07,4.364e-10,706760756.0,3.08457,0xec...0165,https://bscscan.com/tx/0x69bcb2e4d0c656e54835a7824a8678610d84c50bba166dc14287eecc847b4b0e
2023-04-01 04:28:04,True,1.398e-07,4.388e-10,221179327.0,0.9706,0xdb...1729,https://bscscan.com/tx/0x0b39b7e1fa48311fa4c940241d19fc00395223ccb010ddc582555556f24ab3c9
2023-04-01 04:27:49,True,1.397e-07,4.386e-10,221664722.0,0.9723,0xdb...1729,https://bscscan.com/tx/0x4b5fc857bb20cac7705b6bbbc609016806e50043ecd4949eea879de1ff4183eb
2023-04-01 04:27:37,False,1.383e-07,4.365e-10,497355216.0,2.17142,0xde...fa58,https://bscscan.com/tx/0x86ad3d76d2416fa2ebf934d4517e088fdfba9df41ba70de8fe06afba99ed89ad
2023-04-01 04:26:52,True,1.397e-07,4.387e-10,526472275.0,2.31,0xec...0165,https://bscscan.com/tx/0x43d77b8aa5a36443faf707ab38b78549d991d82f13ad06df9c52074dfd5be6a8
2023-04-01 04:24:19,True,1.389e-07,4.382e-10,456327467.0,2.0,0xde...fa58,https://bscscan.com/tx/0x6a2cb6aba779cfdbf35ba2499aaa88dd3a8266f0a550bc9dbefa8aee4b8bcd6e
2023-04-01 04:23:25,False,1.382e-07,4.36e-10,420897520.0,1.83543,0xec...0165,https://bscscan.com/tx/0x89085a1ada153a2bf5e1cd55d15bb3a277cedc311d194698cb781c2c6de62f33
2023-04-01 04:22:42,False,1.384e-07,4.367e-10,920295036.0,4.01927,0x2a...576a,https://bscscan.com/tx/0x9a099a641ee8a10fde168effcbc8db466fa21b8ae1e07ccde30337d43890e519
2023-04-01 04:20:04,False,1.386e-07,4.374e-10,424683550.0,1.85757,0xde...fa58,https://bscscan.com/tx/0x335b5b965be38cb9cad14d3e3fdcf4f0ed326c31dd63f949b4d87852d36075a2
2023-04-01 04:19:58,True,1.393e-07,4.395e-10,514161790.0,2.26,0xec...0165,https://bscscan.com/tx/0x4cfbc6f5db496d4f479afb418c832ad06515798ad042403266e33e12a426c1ec
2023-04-01 04:19:11,True,1.392e-07,4.39e-10,560344548.0,2.46,0x2a...576a,https://bscscan.com/tx/0xdd80323c3789bd7855c37f40380983e4308b3c7167025610f01e8b259da8709a
2023-04-01 04:17:32,False,1.391e-07,4.366e-10,270932610.0,1.18311,0xde...fa58,https://bscscan.com/tx/0x3ccc0717cf44489e149db13d2ec851055dcf3886f7fbb95426540f3cff1cd814
2023-04-01 04:14:50,False,1.385e-07,4.37e-10,481896262.0,2.10614,0x2a...576a,https://bscscan.com/tx/0xd9a761921b13d14af716bf74b3466523d7004e5024ee083080cd65c1188a318a
2023-04-01 04:14:02,True,1.398e-07,4.389e-10,1020556607.0,4.48,0xde...fa58,https://bscscan.com/tx/0x7b3de01a753860aad8d753c2a4a828c381cf7ade74b0e8d925907e2d0374aa61
2023-04-01 04:13:11,False,1.391e-07,4.366e-10,678875021.0,2.96407,0xde...fa58,https://bscscan.com/tx/0xd2846e3242b0c886f63906b51c4f7a02f15ae2f3a0b5bc36eea784a203308218
2023-04-01 04:13:08,False,1.392e-07,4.371e-10,382556958.0,1.67231,0xec...0165,https://bscscan.com/tx/0xdaf1c60971339360677155e4dc6b157eeb501efc7ff31201f3d06984a5a59cb4
2023-04-01 04:13:05,True,1.399e-07,4.391e-10,744617781.0,3.27,0x2a...576a,https://bscscan.com/tx/0xcdf649e38c6346c6d1b4afe7ddba65fd84950445ac937fca1c161e9e1cd94716
2023-04-01 04:12:17,True,1.397e-07,4.385e-10,483420762.0,2.12,0xec...0165,https://bscscan.com/tx/0xc1f82d67182bee6b475bd124e76e0a8988356a0e3b76970aa18a1475dfd2bbc5
2023-04-01 04:11:32,True,1.395e-07,4.379e-10,680421046.0,2.98,0xde...fa58,https://bscscan.com/tx/0xabd08d01ada08ca40a55902a408c94c5a4b2aee144234c32f40fbda74ad64d0a
2023-04-01 04:10:35,False,1.388e-07,4.358e-10,838292211.0,3.65374,0xec...0165,https://bscscan.com/tx/0x3b0f160703ba8b06d7d22789c97d0463c036e517343f3703b3cb05b701b0cc39
2023-04-01 04:10:29,True,1.396e-07,4.384e-10,273688.0,0.0012,0x01...1901,https://bscscan.com/tx/0x35e62c4809e2bd79df831beb3fc9594f521e74f33cce56297c639704ab6eb07e
2023-04-01 04:10:20,True,1.39e-07,4.384e-10,2300000.0,0.01,0x72...1c0a,https://bscscan.com/tx/0x9be7200fa0accfc4817e160be124e172e8ac7e6898e30d13891b13c1779d63e4
2023-04-01 04:09:50,True,1.396e-07,4.384e-10,35000000.0,0.1534,0x72...1c0a,https://bscscan.com/tx/0xf200b632a4ad948151326e1609e0c325c2b3c5658d7214f80d7c091fa1de1573
2023-04-01 04:09:38,True,1.396e-07,4.384e-10,1799600.0,0.0078,0x9c...4b6e,https://bscscan.com/tx/0x7d1f028e922d1fdaf171c60f87149ed083fbe8b1978adba012553ec44bbffd71
2023-04-01 04:09:20,True,1.396e-07,4.384e-10,10000000.0,0.0438,0x72...1c0a,https://bscscan.com/tx/0x9875373631a67b44515bd7a6e4ff135df251b22f7bfa97c38a718b83bbd41272
2023-04-01 04:08:53,True,1.396e-07,4.384e-10,11176962.0,0.049,0x01...1901,https://bscscan.com/tx/0x0d547f5857f46b4996e61279600d237988c75ac01b556933e9552ecc62ac1ed3
2023-04-01 04:08:41,True,1.396e-07,4.383e-10,1000000.0,0.0043,0x72...1c0a,https://bscscan.com/tx/0x4432404de90c08fd8aeae3058d496eb7f610f51ea67848c7425aee60f78a92f3
2023-04-01 04:08:17,True,1.389e-07,4.383e-10,2001600.0,0.0087,0x9c...4b6e,https://bscscan.com/tx/0x0259cdd72366a45a85e3d45a03e0495678ad8676f5c537c7147ccb67b9498c7b
2023-04-01 04:07:58,True,1.396e-07,4.382e-10,387950152.0,1.7,0xec...0165,https://bscscan.com/tx/0x61ae72b290246de7cfdd511387a20939425db926116efb06e43d863ce5257844
2023-04-01 04:07:03,False,1.382e-07,4.361e-10,734044804.0,3.20178,0x2a...576a,https://bscscan.com/tx/0x14ed3283a3201aea4e2f8cb8741008be168951aa1b3a3e1c855e4fd6f3785c10
2023-04-01 04:06:24,False,1.385e-07,4.369e-10,752064418.0,3.28589,0xde...fa58,https://bscscan.com/tx/0x7a63d819c3c4f7478e4fb5f8e2a16679fe3847b373beb873077249d22e05af10
2023-04-01 04:06:12,True,1.398e-07,4.391e-10,756084039.0,3.32,0x2a...576a,https://bscscan.com/tx/0x7a412584efe6a2e44500fd8310daa21681a04a4983a552f59d2d5e093c92e060
2023-04-01 04:04:01,True,1.388e-07,4.384e-10,478915017.0,2.1,0xde...fa58,https://bscscan.com/tx/0x495312d65afeb9036ec4475526c9a0107f89e9403faee3e111e3a11f0eb0cd3c
2023-04-01 04:03:39,True,1.386e-07,4.38e-10,472581919.0,2.07,0xec...0165,https://bscscan.com/tx/0x10c55bcefbc211a4310cd2798d9c1202dfbb85ae08f81c072c98554df346f8f2
2023-04-01 04:02:57,True,1.392e-07,4.376e-10,264571001.0,1.15791,0x57...ed84,https://bscscan.com/tx/0x9fd54bbd061a83f6d5c5ef59243d650faa035998f5e9231ddce6482f62e1c89e
2023-04-01 04:02:48,False,1.386e-07,4.356e-10,696363067.0,3.03392,0xec...0165,https://bscscan.com/tx/0x72b31c7d9bf2ce957c07f0a6a14360a3cb9a5273c63d29b9570661a89444b31d
2023-04-01 04:02:10,False,1.38e-07,4.361e-10,291231623.0,1.27026,0xde...fa58,https://bscscan.com/tx/0x0238a3b29da98fbfe50ad3e570680e7f582795a63828564014281ad1619eaab1
2023-04-01 04:01:16,True,1.393e-07,4.383e-10,346803339.0,1.52013,0xec...bb72,https://bscscan.com/tx/0x5d6ccd48b88423b0cbfd86c9f59d009897fcc8faf5b799798481846b18c2b0bd
2023-04-01 04:01:01,False,1.386e-07,4.363e-10,783894168.0,3.42056,0x2a...576a,https://bscscan.com/tx/0x859f66187be1a0cff75237309b08aa32c26f05ae55929666f7679c075b89bfb4
2023-04-01 04:00:28,False,1.381e-07,4.369e-10,330164272.0,1.4425,0xde...fa58,https://bscscan.com/tx/0x67ee351d0fd70e2a6cbd03efeef4b7263c7bd519c9ce2656e48ee5a238452bee
2023-04-01 04:00:22,True,1.389e-07,4.392e-10,79686701.0,0.35,0xfc...d893,https://bscscan.com/tx/0xd476eccc66de95085a9a6e69160b3df7f38241f57d43943fa506f7657473f900
2023-04-01 03:59:16,True,1.395e-07,4.388e-10,653974577.0,2.87,0x2a...576a,https://bscscan.com/tx/0x85d39f063a86cce0cd4a0399fa37935d31ceef575a4be24e65af353df536b02c
2023-04-01 03:57:58,True,1.386e-07,4.381e-10,744018667.0,3.26,0xde...fa58,https://bscscan.com/tx/0xe8d8b1ac042ccf1b617893e2565d6e5e92c5ce47a7983a9407acb01d1686ed7f
2023-04-01 03:56:16,False,1.385e-07,4.357e-10,386432200.0,1.68406,0x2a...576a,https://bscscan.com/tx/0xe83433b5dcda7d34be3d7995840cba7ffd083ee0ed64cf317da1d338bc964ace
2023-04-01 03:55:04,True,1.392e-07,4.379e-10,506938116.0,2.22,0xec...0165,https://bscscan.com/tx/0x2f63692f58c17318b227fb38d0f70ebddb310b0aff3d81de63389a9ed0557b76
2023-04-01 03:54:58,True,1.39e-07,4.374e-10,402310294.0,1.76,0x2a...576a,https://bscscan.com/tx/0x2cfab80ba856cba767a6432df7861104e0a4f581984518e88d044a272576cd12
2023-04-01 03:54:10,False,1.377e-07,4.353e-10,432439708.0,1.88242,0x2a...576a,https://bscscan.com/tx/0x3a68440c14dd304b530bbb1f29c1a63e4ebe8222ac2d537f02a2b8419b50a747
2023-04-01 03:53:22,True,1.391e-07,4.376e-10,113456802.0,0.4965,0x3e...b52d,https://bscscan.com/tx/0x642b667efda4c5077821eb39e3f55e7cc5dab51621025dac050d56a3caa2cb4e
2023-04-01 03:52:19,True,1.39e-07,4.373e-10,384088832.0,1.68,0x2a...576a,https://bscscan.com/tx/0xc12b7c969a70514397ffac2af91f9607667404e8fe770b4d78fba492eedb05d7
2023-04-01 03:51:16,True,1.382e-07,4.371e-10,117725000.0,0.5146,0x20...d6c7,https://bscscan.com/tx/0x27693f258db104db390c71e4b875bd1a2822c581c69f0d25932d0a2988f5e96a
2023-04-01 03:50:52,True,1.382e-07,4.37e-10,6608904.0,0.0288,0xba...6828,https://bscscan.com/tx/0x4ebb2346166c857a71b97f4857a44edf44a45ceee7a658eae05eaf3e508a3c81
2023-04-01 03:50:16,False,1.376e-07,4.35e-10,366355886.0,1.59395,0xde...fa58,https://bscscan.com/tx/0x85f75471680341724b6934e923c91789c873fa9f9707045f780b8e256dcbf005
2023-04-01 03:50:04,True,1.383e-07,4.374e-10,25000000.0,0.1093,0xcd...ddd5,https://bscscan.com/tx/0x75f6d011ac999f5f5d90b5928dac952dd933320d12e50bed92778105e88cc8fe
2023-04-01 03:49:46,False,1.377e-07,4.354e-10,517898732.0,2.25541,0x2a...576a,https://bscscan.com/tx/0x989403a1f1b407cf6194010c7f05cadc3094a9c179840ca0deaaab2fdb976986
2023-04-01 03:48:35,False,1.379e-07,4.359e-10,468980344.0,2.04465,0xde...fa58,https://bscscan.com/tx/0x4ea2dcec4624230f990aa50f994952e5ad67b52951c1b792264f3175076a5b77
2023-04-01 03:48:12,False,1.38e-07,4.364e-10,403977012.0,1.76299,0xec...0165,https://bscscan.com/tx/0x7d6e5772c75b75575a037b4b663cf9f35e4e5dd732ffb8e35e4cd4907b3d50bc
2023-04-01 03:48:04,True,1.387e-07,4.384e-10,654544514.0,2.87,0x2a...576a,https://bscscan.com/tx/0x847fe05d5b72ceebba8804fefbf9e625aa1010b6d7c2896093b0abb5fc1b294a
2023-04-01 03:47:19,False,1.379e-07,4.361e-10,285980997.0,1.24717,0xec...0165,https://bscscan.com/tx/0xda85fbcadc0166c8fbc267ed32694a8dc248121d32e48b869cb1f65ccf7082ad
2023-04-01 03:47:10,False,1.38e-07,4.364e-10,383901014.0,1.67546,0x2a...576a,https://bscscan.com/tx/0x2751487c15c8ceac2c2b3d18bce4daaa97ad428ce02994bee1f6d13e70568eae
2023-04-01 03:44:19,True,1.387e-07,4.385e-10,547270851.0,2.4,0xde...fa58,https://bscscan.com/tx/0xa6cda5e0d64ab16378e6ba2362a33f516672b249b97f10aac513cde9339e32d1
2023-04-01 03:41:49,False,1.386e-07,4.362e-10,305844834.0,1.33419,0xde...fa58,https://bscscan.com/tx/0xfe1d01c27f4d89329a626f0a93f43157a7195d442f63631076b1a470536a6456
2023-04-01 03:40:52,True,1.394e-07,4.385e-10,16500000.0,0.0723,0xc9...dfc2,https://bscscan.com/tx/0x3fb93e336a50ee09379a70c7ca638dee4668795d6397a204a660a8d2fcaff94d
2023-04-01 03:40:07,True,1.393e-07,4.383e-10,476822798.0,2.09,0xde...fa58,https://bscscan.com/tx/0x7276e05d48a7f665b468511cced2baad2a0f9438f51316fcac13ee3690496329
2023-04-01 03:39:34,True,1.385e-07,4.378e-10,470482418.0,2.06,0xec...0165,https://bscscan.com/tx/0x2a2cf2c748feba982e56df82a214cee8a64ee58a727528a19838adf2de4c2a7b
2023-04-01 03:39:22,True,1.391e-07,4.376e-10,14866623.0,0.065,0x13...db33,https://bscscan.com/tx/0x70b836c98da179a712bab98c69acfb227f0039e41e2df9b481486e28425a69d0
2023-04-01 03:38:43,False,1.378e-07,4.356e-10,486250594.0,2.11838,0xec...0165,https://bscscan.com/tx/0x00acf1192b09a96fcd809ef78de3d626498d72c0e21e48e1c421d91b65616813
2023-04-01 03:37:34,False,1.386e-07,4.362e-10,741987246.0,3.23699,0xde...fa58,https://bscscan.com/tx/0x905234987cc44958e14ef1ccb97bd5caa3a73840eb579184bb1004481929f29c
2023-04-01 03:36:10,True,1.386e-07,4.384e-10,793756606.0,3.48,0xec...0165,https://bscscan.com/tx/0x33f4bd9b3db0dd039c25ee466ad278c32d447269287ef1951ea3aae0fc6840fa
2023-04-01 03:35:04,True,1.391e-07,4.377e-10,507107633.0,2.22,0x2a...576a,https://bscscan.com/tx/0xc93c67e31f74b896a8929f0bd77905b7d9bf3bd3f5acf4716f178356a5888a6c
2023-04-01 03:35:01,True,1.389e-07,4.371e-10,770911806.0,3.37,0xde...fa58,https://bscscan.com/tx/0x6077245ca932c31ce078ec41486256a8ca4d75efa5a1bf0eaa1da3206a3ee580
2023-04-01 03:33:34,False,1.374e-07,4.348e-10,520604966.0,2.26379,0xec...0165,https://bscscan.com/tx/0x9aea81d5eb051fb1dd67ee6fc0bec6f2a41b7b5df24010c95a6cc62e468c820e
2023-04-01 03:32:40,True,1.388e-07,4.37e-10,556061084.0,2.43,0xec...0165,https://bscscan.com/tx/0xf04b4dadef85e49331ade8df697cc69ef722fd5a65851c554d2a4b39b0904c50
2023-04-01 03:32:31,True,1.387e-07,4.367e-10,28086460.0,0.1226,0x96...2504,https://bscscan.com/tx/0xd3971973e35eed0d65dcf83bce960f768d93d159cf7ab34d8fccd24119ecd14b
2023-04-01 03:31:58,False,1.381e-07,4.347e-10,442737604.0,1.92474,0xec...0165,https://bscscan.com/tx/0x451b587988001bfaaa9f083b8a28e89341cb4b43d251def92738e7b29b7d1d75
2023-04-01 03:30:46,False,1.376e-07,4.352e-10,519678768.0,2.26169,0x2a...576a,https://bscscan.com/tx/0x4fa6630d53989e800e32e3bfee8b6da537efcbd59b7096cabd03f1e27a6fbf7f
2023-04-01 03:29:16,False,1.384e-07,4.355e-10,245123546.0,1.06772,0xec...0165,https://bscscan.com/tx/0xac7dc472379698c3e41eec69bc6c2e948f67b249b5b51dffd1f595f17fcaafc8
2023-04-01 03:29:04,False,1.379e-07,4.359e-10,521889995.0,2.27524,0xde...fa58,https://bscscan.com/tx/0x180b893f124a0b887c07233bdacae2fb63ff12d0cfdb195c7ec7edb8bedc117a
2023-04-01 03:27:40,True,1.393e-07,4.383e-10,19195801.0,0.0841,0x96...2504,https://bscscan.com/tx/0x21b8ff316086dd51bad325841f20df258a336a564e25e2bdb54e48cda3299d12
2023-04-01 03:26:43,True,1.392e-07,4.38e-10,680286550.0,2.98,0xec...0165,https://bscscan.com/tx/0x8d1d02674da869831618e38967768f9438592eee8d5133c6141393c9f4417417
2023-04-01 03:25:49,False,1.378e-07,4.356e-10,275185579.0,1.19888,0xec...0165,https://bscscan.com/tx/0x920f182f9cb1898eb814dcc059895b590a4d4c054ecb1068960cce09a105d0c8
2023-04-01 03:25:40,True,1.391e-07,4.376e-10,733509050.0,3.21,0xde...fa58,https://bscscan.com/tx/0xecac73830ddb2f53428e9390a71079a3a63b6f054473857e6970f817aeb36899
2023-04-01 03:24:43,True,1.382e-07,4.369e-10,601882466.0,2.63,0x2a...576a,https://bscscan.com/tx/0x70b96751f89fe167ebd58f6ea60e016780365a48658ea61481ced8bf852b4931
2023-04-01 03:23:58,False,1.376e-07,4.349e-10,1039382330.0,4.52126,0xde...fa58,https://bscscan.com/tx/0x4f90ad83259b9de89563e7486b167c6ed31a1ccfc1a197440835e9a3de052420
2023-04-01 03:23:52,False,1.385e-07,4.357e-10,453473842.0,1.97591,0x2a...576a,https://bscscan.com/tx/0x3157efbc89418e5e56359298ae7f5392200cabf4e18b38794717260fd72c94a3
2023-04-01 03:23:16,False,1.379e-07,4.361e-10,468470847.0,2.04338,0xec...0165,https://bscscan.com/tx/0x1c6180befce14ad4c4639709b084bb865cc5b3d9c32492dec6ddef41f14745ce
2023-04-01 03:22:07,False,1.381e-07,4.366e-10,508049363.0,2.21846,0x2a...576a,https://bscscan.com/tx/0x99358816fba813043596884f28ae148616fb3606bb6c5106bb643097f407082c
2023-04-01 03:21:31,True,1.394e-07,4.387e-10,656366684.0,2.88,0xec...0165,https://bscscan.com/tx/0x5ee87189c9118815788278302aff22bc043a8901f4d23a2bf738d1cc41ce4f74
2023-04-01 03:20:40,False,1.387e-07,4.364e-10,465565122.0,2.03212,0xec...0165,https://bscscan.com/tx/0x0bb93c62d50e8d6a3b4c922264ae5efa7250d61d6fe23f61b5e155bcc1b70c7f
2023-04-01 03:20:34,False,1.388e-07,4.39e-10,4611840820.0,20.2466,0xa7...afb7,https://bscscan.com/tx/0x9a5edda10093b91126722df77952fccce9a0a3feb01a3a4b3319bbe391a1825a
2023-04-01 03:20:34,True,1.403e-07,4.437e-10,67913398.0,0.3013,0xa7...afb7,https://bscscan.com/tx/0x9a5edda10093b91126722df77952fccce9a0a3feb01a3a4b3319bbe391a1825a
2023-04-01 03:16:21,True,1.408e-07,4.431e-10,577664612.0,2.56,0xde...fa58,https://bscscan.com/tx/0x3d4f0b16893a4f8bf29f2c3aa9a797fdf0c58022d6390fe406b1c1e61a7d5b66
2023-04-01 03:15:57,True,1.407e-07,4.428e-10,9814503.0,0.0434,0x6a...6cb7,https://bscscan.com/tx/0x8857d73e3fc7e37bf530932629bf1a64ef395d43097711d0dba8541a64df5ec8
2023-04-01 03:15:45,True,1.407e-07,4.428e-10,1354823.0,0.006,0xf5...93cf,https://bscscan.com/tx/0xb1ef9dd68d8dff2c5fd963c9eb1a0b1d252302dbfd99707f6d04a2121fe08e0e
2023-04-01 03:15:09,False,1.394e-07,4.406e-10,61510578.0,0.271,0x61...6e8b,https://bscscan.com/tx/0xd5c2cf70977d8db6f312322b5081eb6d26a13474dfb43b7756b5c5c1b4731675
2023-04-01 03:13:30,True,1.406e-07,4.424e-10,840678504.0,3.72,0x2a...576a,https://bscscan.com/tx/0xff7086b37337d60f7fcbc12256f274f93161e055bad7812a94999d1e96da3022
2023-04-01 03:11:45,False,1.393e-07,4.402e-10,814671411.0,3.58681,0x2a...576a,https://bscscan.com/tx/0xdf39c3de682a9d0e6203c2cf58b6dab2e3bc970a1ffb6d47a8dfd1e20f877c89
2023-04-01 03:11:12,True,1.407e-07,4.427e-10,350109498.0,1.55,0xec...0165,https://bscscan.com/tx/0x8b30abc694e21dc538b484c6bb614773d5acab05d9dff8638601910688edb485
2023-04-01 03:10:54,True,1.406e-07,4.423e-10,386573549.0,1.71,0x2a...576a,https://bscscan.com/tx/0xdc6a996e08cdec0da4b9416b946396a7d82b3196020dae1e8c22355f3bb59eae
2023-04-01 03:10:03,True,1.405e-07,4.419e-10,463884362.0,2.05,0x2a...576a,https://bscscan.com/tx/0xe8f79754644f5f822a36b47b37dfac8c807e035d6f2a7a6796d53f2178d81d77
2023-04-01 03:09:30,True,1.404e-07,4.414e-10,428112348.0,1.89,0xde...fa58,https://bscscan.com/tx/0x5d75811071dd7da3f760664ec07359c62c3477546573375f7d9a3dd0b5451cb2
2023-04-01 03:08:51,False,1.396e-07,4.391e-10,108020025.0,0.4743,0x60...a61a,https://bscscan.com/tx/0xcf86b266b7da671b27589ecdc844d8a6ccc0f0635402e1e1ac9d2b512688a1e6
2023-04-01 03:06:42,True,1.403e-07,4.413e-10,28427808.0,0.1254,0xa5...8c0e,https://bscscan.com/tx/0x56f45f23c48dad9d78ba99e09d7542caaab374cb9d55c3f45a1e3db605d98215
2023-04-01 03:04:54,False,1.396e-07,4.394e-10,535523025.0,2.35309,0x2a...576a,https://bscscan.com/tx/0x6b6885d2b47e315479a319dc82883fe4b18b23ecaecea90753ad18750c96db0c
2023-04-01 03:04:27,False,1.399e-07,4.401e-10,906177932.0,3.98827,0xde...fa58,https://bscscan.com/tx/0x11f64377aa663e4f0141fd949c4a0566aab098d6b376fc408314b5439f2a6871
2023-04-01 03:03:36,True,1.399e-07,4.423e-10,834156840.0,3.69,0xde...fa58,https://bscscan.com/tx/0x4124e274108c07c0914318984057f87fbb5988febf05065733b728322bc9c988
2023-04-01 03:00:12,False,1.391e-07,4.4e-10,582320746.0,2.56237,0xde...fa58,https://bscscan.com/tx/0x9e3eb7009594d9c8b081dff22733ce04ce4ecac0aad8f479aa424d4833cec20e
2023-04-01 02:58:18,False,1.393e-07,4.405e-10,491996767.0,2.16756,0xec...0165,https://bscscan.com/tx/0xdb9da7ae783c7e789dc26739486a93c5bfdd09593b28b1006b4fb678a4dd067f
2023-04-01 02:57:36,True,1.408e-07,4.43e-10,96961.5,4.295e-05,0xed...079f,https://bscscan.com/tx/0x4c0deb07aaa2f2a4bfb27443bfaf3a2f9bd1fa4263d30da586f653185e99db9f
2023-04-01 02:57:36,True,1.408e-07,4.43e-10,38592375.0,0.1709,0xed...079f,https://bscscan.com/tx/0x4c0deb07aaa2f2a4bfb27443bfaf3a2f9bd1fa4263d30da586f653185e99db9f
2023-04-01 02:56:24,True,1.408e-07,4.428e-10,257607060.0,1.14082,0xe5...5e3e,https://bscscan.com/tx/0x669281f4e80c5100a176c058595a14d752e156d5b8c9c6ec029a33ed37353122
2023-04-01 02:56:12,True,1.406e-07,4.425e-10,372851039.0,1.65,0x2a...576a,https://bscscan.com/tx/0x9b00d2d3dfd93a49324ac2f1a283e12a44a57e25f2dd97771d032323718af605
2023-04-01 02:55:36,True,1.398e-07,4.422e-10,277726770.0,1.22813,0x0d...244b,https://bscscan.com/tx/0x6a1c8bb8855afa97d7dce2353055c2b116934a6627a68d8233ebfb2f939f2d73
2023-04-01 02:55:21,False,1.392e-07,4.401e-10,543228523.0,2.39093,0x2a...576a,https://bscscan.com/tx/0x1683a614433fdeb2d5e3fe7bb5a81b78cc5c8619509a8f5aa55c34723cd8c977
2023-04-01 02:53:36,True,1.406e-07,4.423e-10,583287229.0,2.58,0x2a...576a,https://bscscan.com/tx/0x90800db14019135da9d00361f6b4b8d05a50cd4083f0d04be8b861a6cc53e937
2023-04-01 02:52:45,False,1.399e-07,4.401e-10,671796909.0,2.95695,0x2a...576a,https://bscscan.com/tx/0xb877a9109fe82d399361bb2c931ad9a18cf11a72ad889033bc1dafa279c3a953
2023-04-01 02:51:51,True,1.399e-07,4.424e-10,463309893.0,2.05,0x2a...576a,https://bscscan.com/tx/0x8ab849d2d2ca3ced989f3396c28bef2df7919625b901776959c06c4f5b2b66c2
2023-04-01 02:51:48,True,1.398e-07,4.419e-10,488699022.0,2.16,0xde...fa58,https://bscscan.com/tx/0x6c36cd409aeb7d4b884035c6abffcccfccc889fc8d5a7365644e142480506c62
2023-04-01 02:50:38,True,1.403e-07,4.413e-10,754475993.0,3.33,0xec...0165,https://bscscan.com/tx/0x6d895f3f9dce3affe71d6dd085234e805c4f777a47f5bcc889526f770f67f59b
2023-04-01 02:49:16,False,1.395e-07,4.389e-10,368579042.0,1.61795,0x2a...576a,https://bscscan.com/tx/0x004e0a85da2d3810f45ba045a7332d2d9c2b4b9d53ee96903f79cbdca066cb2f
2023-04-01 02:47:34,True,1.395e-07,4.41e-10,514624157.0,2.27,0x2a...576a,https://bscscan.com/tx/0xe1cfe63333cbea2f4ef44dee04ebdafa03e927fd33239287911b2dda434aa117
2023-04-01 02:47:08,False,1.388e-07,4.389e-10,691286511.0,3.03464,0xec...0165,https://bscscan.com/tx/0x2821dbc1dee2dcdf36ab4312ca38a8d01a45830cc45e41df0db20af6dcfedcf7
2023-04-01 02:45:46,False,1.397e-07,4.395e-10,518726512.0,2.28025,0xde...fa58,https://bscscan.com/tx/0x6196c6af8b3fdc293af4ea22ed5b55411f2c1670a3564fd932204d5c95503fd9
2023-04-01 02:45:23,True,1.404e-07,4.418e-10,459462515.0,2.03,0xec...0165,https://bscscan.com/tx/0x6df19c1c26118c804bf1be8e1d8d349be0704a85eadc8fc7c25c68f9ecff3940
2023-04-01 02:44:58,False,1.397e-07,4.397e-10,685297222.0,3.01344,0x2a...576a,https://bscscan.com/tx/0xeafa7ca59d8459cb9b415adeb5d11faaa386e267a624b5696c549aaddbc723d9
2023-04-01 02:44:05,True,1.404e-07,4.419e-10,676567715.0,2.99,0x2a...576a,https://bscscan.com/tx/0x684765712e54d00832cf0e8b67144f2964c3176a65730e662833b6b13ec225cf
2023-04-01 02:42:22,True,1.402e-07,4.412e-10,620912960.0,2.74,0xde...fa58,https://bscscan.com/tx/0xe9bd7bc8394b9657c00e4ee0f95be8f77f9cda79fc2766c63205f9e9acfd4a0e
2023-04-01 02:41:07,False,1.395e-07,4.389e-10,278363856.0,1.22177,0xec...0165,https://bscscan.com/tx/0xe2d3f31e55dacd157f6930b2f2acdea26c105dfc109d566c3c219edca570343e
2023-04-01 02:38:11,False,1.396e-07,4.393e-10,692848310.0,3.04434,0x2a...576a,https://bscscan.com/tx/0xa2961eb6967a59b20ff147a8264aa8cbcd160d6d750c4ef8a02d4e2543676dad
2023-04-01 02:37:13,True,1.396e-07,4.415e-10,708801640.0,3.13,0x2a...576a,https://bscscan.com/tx/0x847aa0381f4414fd49919cc154497beb7d6f15b54d8a834bb54eb67bd30488f1
2023-04-01 02:36:21,False,1.396e-07,4.392e-10,355767540.0,1.56256,0x2a...576a,https://bscscan.com/tx/0xa750847f6e8b1d243ffc88cb3318ed7b3d77f09775bed40ff435c1b623fcf3fc
2023-04-01 02:34:34,True,1.403e-07,4.413e-10,439539920.0,1.94,0x2a...576a,https://bscscan.com/tx/0x30eb663aa31ae9c9440bb5bdd7191101178622efaa7275277a3b5e33fa16bb89
2023-04-01 02:34:13,True,1.394e-07,4.408e-10,544368551.0,2.4,0xec...0165,https://bscscan.com/tx/0x2fcbabb7cabde01bfa6594114aa8c65f9e1e18f9e643100c4a9e199f2e305308
2023-04-01 02:33:58,False,1.394e-07,4.385e-10,414579454.0,1.81826,0xde...fa58,https://bscscan.com/tx/0xa073af89b6ba82dac35c31b45a4ba7cf89f6e4c7456bcbb94f6567bb70474244
2023-04-01 02:33:01,True,1.401e-07,4.407e-10,458268135.0,2.02,0xde...fa58,https://bscscan.com/tx/0x2112886dca15e673aeb3225be12be6e4c9e4b1bde27fb07a62df45217ccb60b5
2023-04-01 02:32:52,False,1.395e-07,4.388e-10,900987797.0,3.95362,0x2a...576a,https://bscscan.com/tx/0x557155ac678619a28ac23ba788e29fe32238c327e7ecd90b92e0f9a5011f20ee
2023-04-01 02:30:16,True,1.402e-07,4.411e-10,539449763.0,2.38,0x2a...576a,https://bscscan.com/tx/0xf7fea618f75fd1e8eb62ea83a7f92c79f6033b0ae78629b2a3f3e191dc18a617
2023-04-01 02:29:25,True,1.401e-07,4.407e-10,374376359.0,1.65,0x2a...576a,https://bscscan.com/tx/0x7e118a69d69970ba055354e64491069778b59dd1fa8f9be768598b506dc4b35d
2023-04-01 02:29:04,False,1.387e-07,4.386e-10,653176481.0,2.86529,0xec...0165,https://bscscan.com/tx/0x6e48d60644041d3ac56022fafd0d8bdc0e947286247770a446bf2986986b54e4
2023-04-01 02:28:46,False,1.396e-07,4.394e-10,844911982.0,3.71268,0xde...fa58,https://bscscan.com/tx/0xc93c67ac716ddb1c38bfaad0dfe096247bdc847cc7bb7194af68f2880f1b1065
2023-04-01 02:28:13,True,1.405e-07,4.417e-10,502499994.0,2.22,0xec...0165,https://bscscan.com/tx/0x205c9bc0d4ef9c2eea21d0661dd3b26b641d827874cb03dd4ec2f518af72f257
2023-04-01 02:27:34,True,1.403e-07,4.415e-10,49791200.0,0.2198,0xf7...ee9a,https://bscscan.com/tx/0x1b2406f55db77118bf7b8f1cafd37847fac1be1df325a8ab17aa90e8884d03f6
2023-04-01 02:26:16,True,1.402e-07,4.412e-10,568898073.0,2.51,0xde...fa58,https://bscscan.com/tx/0x36dd1189c7314e69c794eeb7fbad209a16e484b4eed444f3a110eea50cc0d3c8
2023-04-01 02:23:40,False,1.394e-07,4.387e-10,2610523.0,0.0114,0x43...acfd,https://bscscan.com/tx/0x0c067befd67dd0a769ba7cebdc81148fe3b077f2dd4cb81c5f993fb91463e5b4
