datetime,buy_order,price_USD,price_native,amount_token,total_native,maker,etherscan_url
2023-03-27 20:44:23,False,1.412e-07,4.579e-10,389333568.0,1.78313,0xde...fa58,https://bscscan.com/tx/0xf9675bfe096c08a152d8d4500821675f8a2f50cc927139349d72b56f4a0a539f
2023-03-27 20:44:11,False,1.413e-07,4.583e-10,307723250.0,1.41051,0x1b...7f6d,https://bscscan.com/tx/0xdb9bddda1c3c237e0ffb58ee799250bbaeea2debf31665706ea906566dbbcf97
2023-03-27 20:43:53,False,1.408e-07,4.591e-10,1213405414.0,5.5718,0xec...0165,https://bscscan.com/tx/0x5a470156040770922d4075d8313400447fae0ceb43143a4e0ad9e3a782501556
2023-03-27 20:42:02,False,1.411e-07,4.6e-10,359269323.0,1.65276,0x08...af7e,https://bscscan.com/tx/0x993ed357b82ecbec7a07e68c6389e5cef8a9682822403d550c2c7850fb56ec9d
2023-03-27 20:41:20,True,1.425e-07,4.621e-10,675076534.0,3.12,0xde...fa58,https://bscscan.com/tx/0x2bfe45fa781f30176e960e58cd6a42cb340d14a25b0f26c775d2eae17f059c36
2023-03-27 20:41:11,False,1.418e-07,4.6e-10,934725855.0,4.29976,0x1b...7f6d,https://bscscan.com/tx/0xcf3ea066bbb192966530ea7d681544ac10f4c292b0d11c75c62488bcea0776d2
2023-03-27 20:40:47,True,1.418e-07,4.623e-10,875978361.0,4.05,0xec...0165,https://bscscan.com/tx/0x5102b0d4861c5469bb94dcdb3ca5ee849e0783b0d0a0b55b8576dec5782ff742
2023-03-27 20:40:08,False,1.418e-07,4.6e-10,965880258.0,4.44382,0x2a...576a,https://bscscan.com/tx/0x33ca843fd97fce91d50720a52202aa4a0bff24c6e2ea85a4ae6f7f301e65cab8
2023-03-27 20:38:08,True,1.419e-07,4.625e-10,659383662.0,3.05,0x1b...7f6d,https://bscscan.com/tx/0xe691dad6327cb730660f9eee1a8a35177b366793f5e735045cbdb271245c6d27
2023-03-27 20:37:38,False,1.42e-07,4.603e-10,799292058.0,3.67929,0xec...0165,https://bscscan.com/tx/0xc547d4a99ea9fbb823cda1c170dbc27aa91761e1df22d91e00f9cbde6bd4ab06
2023-03-27 20:35:14,False,1.423e-07,4.612e-10,850769862.0,3.92385,0xde...fa58,https://bscscan.com/tx/0xe4b4fd5127dd9c8bfefbb794999d90339f940179428775266f17d8a37f2a1f7e
2023-03-27 20:35:05,True,1.431e-07,4.636e-10,567203386.0,2.63,0x1b...7f6d,https://bscscan.com/tx/0xd10a375bcbd4ccedf7efdd574b5aa9193e283a501d8a9525ab31823d996efeba
2023-03-27 20:34:38,True,1.421e-07,4.628e-10,978749253.0,4.53,0xec...0165,https://bscscan.com/tx/0x22bb38295083cc587a3f3d3bdff3f23561a7350ef0a315a5ddf24b236d7cf6a8
2023-03-27 20:34:14,True,1.419e-07,4.622e-10,19468164.0,0.09,0x8c...26d8,https://bscscan.com/tx/0xdc7765ae0cfe8cfd50da386561664b832d9edcda4ffc6d52b36f579486f27b9c
2023-03-27 20:33:50,True,1.42e-07,4.62e-10,497822624.0,2.3,0x2a...576a,https://bscscan.com/tx/0x8bd38e7dd667ec6663fe2f0847208705fb30c82792f11e68fe2ec10092296460
2023-03-27 20:33:32,False,1.413e-07,4.596e-10,410137688.0,1.88523,0x1b...7f6d,https://bscscan.com/tx/0xb737cf4be0c01951d6c03d5cd84b150367f5f9e5bf0ff92fd4f61f8948e60c61
2023-03-27 20:33:20,True,1.428e-07,4.619e-10,493594167.0,2.28,0xde...fa58,https://bscscan.com/tx/0xb90b8de99e222bd7ee74caa01bc51872940a40fd7c1603e569c33661e3ea688f
2023-03-27 20:33:05,False,1.415e-07,4.598e-10,926737638.0,4.26156,0x1b...7f6d,https://bscscan.com/tx/0x966c90fcad18e3e1629644b5d9e3c01995f92e787ad3e94df5533f87ec0572b6
2023-03-27 20:32:53,True,1.422e-07,4.623e-10,495258238.0,2.29,0xde...fa58,https://bscscan.com/tx/0x5ef3805da205cf1553189308d83133f1e76a6399e378edcf30907abded3c110d
2023-03-27 20:32:26,True,1.42e-07,4.613e-10,1363312879.0,6.29,0x1b...7f6d,https://bscscan.com/tx/0xc21fd6a30ded212829bd7f6f765dbad71f33a0a6244967c5f8f90ce7a1b3a65e
2023-03-27 20:31:38,True,1.417e-07,4.603e-10,516987376.0,2.38,0x2a...576a,https://bscscan.com/tx/0x46225fe2aae632edbfc5eba2ba4699c77a135b3f9223dbc3ccce5d08c533abad
2023-03-27 20:30:59,False,1.418e-07,4.583e-10,1082209507.0,4.96046,0x2a...576a,https://bscscan.com/tx/0x62962076d524a8d5205c62435d99a0eb1ac74b4df1620db6bae20403f3815c40
2023-03-27 20:25:11,True,1.429e-07,4.611e-10,265774619.0,1.2255,0xf9...2cd1,https://bscscan.com/tx/0x42f0f10dbe535f9e6496c1ebfcf55578acc79ef8efd1654e7513b3c0f6e244b9
2023-03-27 20:25:05,False,1.423e-07,4.591e-10,980800324.0,4.5037,0xec...0165,https://bscscan.com/tx/0xaa01f3f790603a82bde89ad2d8a78c597c1729b958695369ac3e346e7f5ef1e5
2023-03-27 20:20:02,False,1.424e-07,4.599e-10,409223086.0,1.88216,0xde...fa58,https://bscscan.com/tx/0x3e3446c5f54606e8f9f7e1759535c9030c69b89598f5af0502115b804f71694f
2023-03-27 20:19:17,False,1.417e-07,4.601e-10,7396432.0,0.034,0x79...acc5,https://bscscan.com/tx/0xf4491ac9acd6f9c937d8fc16164b95818671c70a1d710f80041a7bfc890a24b9
2023-03-27 20:14:47,True,1.419e-07,4.622e-10,449995142.0,2.08,0x2a...576a,https://bscscan.com/tx/0xa79e0e5ba874dd7ab75a3f9cc932f5db7412c2eee5458ab9c6517e6dbeac0d78
2023-03-27 20:13:56,True,1.424e-07,4.617e-10,489477097.0,2.26,0xde...fa58,https://bscscan.com/tx/0x50830bc49d770cead04291f995fc6ed71b9804d1f3b2dbc6697db7b3262d3a0a
2023-03-27 20:12:29,True,1.421e-07,4.608e-10,1084918275.0,5.0,0xec...0165,https://bscscan.com/tx/0x3c05c218f3fff28ff406fd45bc93588be2a9a10e845c2322247f1cb5941489d0
2023-03-27 20:11:47,True,1.419e-07,4.6e-10,432566569.0,1.99,0x2a...576a,https://bscscan.com/tx/0xb38b9c3f77468624a5b11b03081827133c893a876ea0f38ad84c8a816894acef
2023-03-27 20:08:02,True,1.409e-07,4.595e-10,524450118.0,2.41,0x08...af7e,https://bscscan.com/tx/0x008fc6bd9f8c15a3aed62bf2957151d2d774b940122aefb942e6ce2b03da77fd
2023-03-27 20:07:50,False,1.409e-07,4.571e-10,423442543.0,1.93589,0xde...fa58,https://bscscan.com/tx/0xbb4dc3af4ebc2ac9a1af1e18012d4a051f014d29ea6b39bbff8b76e8ca8c0ade
2023-03-27 20:06:14,False,1.411e-07,4.578e-10,905997820.0,4.14849,0xec...0165,https://bscscan.com/tx/0x21fa11218325774e29b0f81837d499d39efcbf223e45e09b9eedf3f497534dbd
2023-03-27 20:05:17,False,1.414e-07,4.589e-10,1019119218.0,4.67699,0x2a...576a,https://bscscan.com/tx/0xa02ceb09d946db2f9831f060fd7ceb59d2f8b656fb83d1e436bddbf43338ad92
2023-03-27 20:04:50,True,1.422e-07,4.615e-10,487526236.0,2.25,0xde...fa58,https://bscscan.com/tx/0x5d8b153e194e4d1c3ffc7c15214c7d4862b64b7c9fb8f088f3d3016583693e09
2023-03-27 20:01:47,False,1.415e-07,4.591e-10,455755534.0,2.09279,0xde...fa58,https://bscscan.com/tx/0x88417d6baef7f7dd8d7d29628065df017bc39c7d46101990774588b401efeb77
2023-03-27 20:01:38,False,1.417e-07,4.6e-10,1117128696.0,5.13924,0x1b...7f6d,https://bscscan.com/tx/0x975bd9a2d3fea84626309d938f9da4866351847f0aa471293aeca3ae7bc78f02
2023-03-27 19:58:56,True,1.426e-07,4.623e-10,1098721498.0,5.08,0x2a...576a,https://bscscan.com/tx/0x74cc57d657b44716c81285df8650f2b5bb972d8209ef61d36ad00bffeb47526a
2023-03-27 19:58:47,False,1.418e-07,4.598e-10,743197833.0,3.41763,0x08...af7e,https://bscscan.com/tx/0xc7e92f603d9e18a762d922e6b72cd6a814b2b2765dacc7eb541be74600be5581
2023-03-27 19:58:44,True,1.426e-07,4.622e-10,560290787.0,2.59,0xde...fa58,https://bscscan.com/tx/0x92ac6ad3f7d7b6207a51d55762ec92df28eef1ee0c389870d82f1821304b5779
2023-03-27 19:58:32,True,1.417e-07,4.615e-10,691103412.0,3.19,0x1b...7f6d,https://bscscan.com/tx/0x3ac36f907c9ce47991d216111c841ea04412dbc55e4aebc22b44b50de0b26a98
2023-03-27 19:55:44,False,1.418e-07,4.592e-10,564878590.0,2.59397,0x2a...576a,https://bscscan.com/tx/0x7ee58b91ef1aea0e99331b976687c6e9e391e43a9cf2c553108da56f86e78028
2023-03-27 19:53:38,True,1.417e-07,4.612e-10,973358796.0,4.49,0xec...0165,https://bscscan.com/tx/0x4fbb00f68425a4da4062bb5daa0d7a8d27da45be3843a37153b4314d930c7d40
2023-03-27 19:52:35,True,1.422e-07,4.605e-10,349563899.0,1.61,0x2a...576a,https://bscscan.com/tx/0xaff246fa016e6fde142f1a43f55729896d0b6a11596a09022b06ba6be6c25095
2023-03-27 19:52:35,False,1.415e-07,4.583e-10,577774907.0,2.6485,0x08...af7e,https://bscscan.com/tx/0xefe8f94633eedc3f63c676c5f7b7e12d476623b4e9402318fdd2106343c47108
2023-03-27 19:52:29,False,1.411e-07,4.591e-10,808447074.0,3.71192,0x1b...7f6d,https://bscscan.com/tx/0xeda1e42d2355cb433097ce3146494b24ff156b52016889b05465728f027534cb
2023-03-27 19:50:29,False,1.417e-07,4.6e-10,795448434.0,3.6591,0xec...0165,https://bscscan.com/tx/0xc747ef1f48a3ae2ef19c87829edfda4ef76c8e1093eced672bd63f2f1aa3dcaf
2023-03-27 19:49:35,False,1.427e-07,4.61e-10,1075909395.0,4.96012,0xde...fa58,https://bscscan.com/tx/0xe6a7d91646ecd5ed6cea773682545dff4c5985c968e329d0f216fe8e2f223572
2023-03-27 19:49:29,True,1.436e-07,4.636e-10,424859321.0,1.97,0x08...af7e,https://bscscan.com/tx/0xf0ace0e15aa8874acde7b5f4f9f2fb74ba116efc97a45d47509a2cd1025b79b2
2023-03-27 19:49:26,True,1.433e-07,4.627e-10,1242507857.0,5.75,0x1b...7f6d,https://bscscan.com/tx/0xe1bd2b7a0906fa3ff311d3dc116968980a58ba7dba1e9dfe4df6e044abef999a
2023-03-27 19:46:38,True,1.429e-07,4.617e-10,706062935.0,3.26,0xde...fa58,https://bscscan.com/tx/0x5a77a0cf81699d54b1e26ca5ced3802834e81b27de0dd1d1e417fe05464167b2
2023-03-27 19:46:23,False,1.422e-07,4.593e-10,570263502.0,2.61943,0x1b...7f6d,https://bscscan.com/tx/0xf5149cd7ec663dc52930bee31d7abdffb3074870929036f9ad366d0cebe1d8f1
2023-03-27 19:46:17,False,1.418e-07,4.601e-10,942325216.0,4.33613,0x2a...576a,https://bscscan.com/tx/0xeb9e062af4574612de11042e10e79fb00a5f6abcdf3d52c4dcd295f07e02238d
2023-03-27 19:44:14,False,1.422e-07,4.609e-10,559158603.0,2.57751,0xec...0165,https://bscscan.com/tx/0xd9d6d8570a0eb7d58c3858bfd053df198292d5cb5b17263b7215b80048c6ff3d
2023-03-27 19:43:32,False,1.426e-07,4.615e-10,470147925.0,2.16983,0xde...fa58,https://bscscan.com/tx/0xc37a8e3c08a10f77c0011ecbbf3eaa7b19f314f6d23ba6bd8540ce7f2a111b94
2023-03-27 19:43:26,False,1.427e-07,4.617e-10,6075599.0,0.028,0x78...d2d7,https://bscscan.com/tx/0x6fde311a67247ae146b9ceae18f3a6b9a9b3e4efdeb0e94166a9f9080ccc0978
2023-03-27 19:40:29,True,1.433e-07,4.638e-10,441946341.0,2.05,0xde...fa58,https://bscscan.com/tx/0x8cde949d758b430c2456298e3fc84c91c2a186f9fee0641b34fe2d36ca1ba3e2
2023-03-27 19:39:56,True,1.431e-07,4.631e-10,837725460.0,3.88,0x2a...576a,https://bscscan.com/tx/0xf90962461f0bf7f3bcfd0131531bca1f8ee0410869c54eff46ab7c7d1ceb76a6
2023-03-27 19:37:17,True,1.432e-07,4.624e-10,376217603.0,1.74,0x1b...7f6d,https://bscscan.com/tx/0xf72b180b0e6487c78db3675fd3fb3d0f42ab013206eb7cd328a46b5b4f418295
2023-03-27 19:37:11,True,1.43e-07,4.618e-10,777272489.0,3.59,0x08...af7e,https://bscscan.com/tx/0x37e787a74f9ab042ca6df991463e8152bd01012a2080df5ad0d49d83a38414d7
2023-03-27 19:36:44,False,1.422e-07,4.593e-10,306766477.0,1.40901,0x2a...576a,https://bscscan.com/tx/0xda86cb441ae91017db693ea8f8cbe274e299c12f0df7c0ca3351b2043356fdc2
2023-03-27 19:35:08,False,1.43e-07,4.595e-10,87630358.0,0.4026,0x28...a6f1,https://bscscan.com/tx/0x0517875aa329a932b4798b92f60a30a54a85c1755c1639b0e586bdfb831f3ac9
2023-03-27 19:34:02,False,1.424e-07,4.598e-10,540641246.0,2.48621,0x08...af7e,https://bscscan.com/tx/0x4b3985f58d2bf0f3017fe87b175e347ae6440398258cc7c79e8dbe45e26153eb
2023-03-27 19:33:35,True,1.432e-07,4.622e-10,473815538.0,2.19,0x2a...576a,https://bscscan.com/tx/0x0dae03c0913c99f2d984b3dd9b7de944880106ac87b447d47e883799a2a57b75
2023-03-27 19:33:23,True,1.438e-07,4.619e-10,4329512.0,0.02,0xe9...e846,https://bscscan.com/tx/0x418e641658031abf78e95d38dcc3b1124dea328179131f8a36129e9d59ffd941
2023-03-27 19:32:23,False,1.424e-07,4.597e-10,245569894.0,1.12905,0x53...0042,https://bscscan.com/tx/0x7f97495c9f07763e77522c5e8b66251e3a3b38e525cec1a32c2c8e11612bab52
2023-03-27 19:27:53,True,1.432e-07,4.618e-10,695058328.0,3.21,0x08...af7e,https://bscscan.com/tx/0xe0098da313b6d0f0beb6e542ffba678a8f22d0806a821035dc2cb9759ac18324
2023-03-27 19:26:41,False,1.435e-07,4.594e-10,611784555.0,2.81103,0xde...fa58,https://bscscan.com/tx/0x114bcf3551ff421ec1d89a0ac21c362670941fa622beaff14813c7f8b0b2bbbf
2023-03-27 19:25:17,False,1.431e-07,4.602e-10,803777099.0,3.69934,0x1b...7f6d,https://bscscan.com/tx/0x560bb183e6885f37dc55c84de66922191e37cd305bd8f8746085ac5e581a0f1f
2023-03-27 19:24:23,True,1.446e-07,4.624e-10,908118271.0,4.2,0x1b...7f6d,https://bscscan.com/tx/0x1b6f2986db73fffc7d18021b2c15f018d9121a8c238f3b7961a19d39f6483814
2023-03-27 19:22:59,True,1.442e-07,4.614e-10,946937450.0,4.37,0xec...0165,https://bscscan.com/tx/0x9073d756330c6c2528f9ca323cb236b69216c10f65b241a5d9a4caf646b1d447
2023-03-27 19:22:53,True,1.44e-07,4.607e-10,338547507.0,1.56,0x2a...576a,https://bscscan.com/tx/0x59bcf6eec3e4c1c8f246aa3e48c7fac786ca87ee88d7bc94e7580914a33b1664
2023-03-27 19:22:20,True,1.431e-07,4.603e-10,401831576.0,1.85,0xec...0165,https://bscscan.com/tx/0xb8cc3972131e2b8be2ef48e416042816f78e85face8876aa9ceaff334bbe4384
2023-03-27 19:21:41,False,1.431e-07,4.58e-10,395440644.0,1.81147,0x08...af7e,https://bscscan.com/tx/0xe3a48e0cccb8e222c56f0c3b20967a53a41a8d661b563e8ccc97dac422097073
2023-03-27 19:15:59,False,1.427e-07,4.589e-10,1218242571.0,5.5912,0x1b...7f6d,https://bscscan.com/tx/0x54fe81681556e7e9f3f75e35302362e8defbfb412d12947b43242e8bfd54e0d6
2023-03-27 19:14:32,False,1.431e-07,4.598e-10,354560721.0,1.63028,0x2a...576a,https://bscscan.com/tx/0x604ca8af48e51c94e248603731463d8fb8c00f9a1bfc83eb2045b146269ca6f4
2023-03-27 19:13:05,True,1.446e-07,4.618e-10,850945559.0,3.93,0xde...fa58,https://bscscan.com/tx/0xbec8f8f4dad17346f5ca7c6c0e81a54d50d781b883dfc5c57b231a7eaadb9aee
2023-03-27 19:12:56,True,1.436e-07,4.61e-10,607310700.0,2.8,0x1b...7f6d,https://bscscan.com/tx/0x8b160ba924adb77f5568d8377af91330032c8a3958783992339f96e81ddf91f6
2023-03-27 19:12:26,False,1.436e-07,4.586e-10,480853162.0,2.20557,0x08...af7e,https://bscscan.com/tx/0xae8a96a02bce60c4c4966e97db52cc37ec15acf46268ce5eacf90e406cb7be2b
2023-03-27 19:10:02,False,1.43e-07,4.592e-10,623205407.0,2.86221,0xde...fa58,https://bscscan.com/tx/0xa3d8c3bfed26e87960f9df39d7f59fefa9296b5c79f220745e03d575fc9eae31
2023-03-27 19:09:41,False,1.44e-07,4.602e-10,1123870288.0,5.17221,0xec...0165,https://bscscan.com/tx/0xf031fb6b1777d39336a5ea9589716a71e375cbf18681b287c970da11976c3fd3
2023-03-27 19:08:11,True,1.443e-07,4.629e-10,393157373.0,1.82,0x2a...576a,https://bscscan.com/tx/0xbf6d613725f00e1aff70f3467abd8c025d1c15da4ba758bdefa045fd444e5f67
2023-03-27 19:07:41,False,1.443e-07,4.604e-10,105654963.0,0.4864,0x25...d79c,https://bscscan.com/tx/0x1cc73033802139f61396d417d67a8b19d43312d4d785b3da66117c231938e1ef
2023-03-27 19:06:59,True,1.442e-07,4.625e-10,579454082.0,2.68,0xde...fa58,https://bscscan.com/tx/0x1ac38345768989254832da9b06b834b71f1e5af017ead457ff7899cb5bd4323b
2023-03-27 19:06:49,False,1.434e-07,4.601e-10,454516500.0,2.09135,0x1b...7f6d,https://bscscan.com/tx/0x6cc8e6d270ff19e3bb8261030f7c73a97e80b5e1ceff548aef4fee173dc4dc6d
2023-03-27 19:06:34,True,1.441e-07,4.622e-10,731151192.0,3.38,0xec...0165,https://bscscan.com/tx/0x0b5fb67ae02533985f0d4a6bf067a0551ebf3bbfa217628f0c92115807876661
2023-03-27 19:03:47,True,1.444e-07,4.615e-10,550272827.0,2.54,0x1b...7f6d,https://bscscan.com/tx/0xfc489e3a8d23c3e8fd11d411881f01ee425fbd6fc34002842aa68077c152bdca
2023-03-27 19:03:24,True,1.435e-07,4.61e-10,511915196.0,2.36,0xec...0165,https://bscscan.com/tx/0x50e1111fff496e5b1f0aecefa76516261e7426b4d869677039f5535c00d89b91
2023-03-27 19:03:15,False,1.434e-07,4.587e-10,616213326.0,2.82699,0x08...af7e,https://bscscan.com/tx/0x1a4722cc9843cca80d356ed4178859c849cf2e6fbbcf63497248f41a8e6391ea
2023-03-27 19:01:56,True,1.442e-07,4.614e-10,92110.4,4.25e-05,0xfe...1189,https://bscscan.com/tx/0xe074195b212cc51768f7ec2b56ab87c16410be5bc383f1a19e8efa93091b033b
2023-03-27 19:01:56,True,1.442e-07,4.613e-10,36661541.0,0.1691,0xfe...1189,https://bscscan.com/tx/0xe074195b212cc51768f7ec2b56ab87c16410be5bc383f1a19e8efa93091b033b
2023-03-27 19:00:55,False,1.436e-07,4.593e-10,558828350.0,2.56703,0xde...fa58,https://bscscan.com/tx/0x5bbf2b96ab3781c8d5e29676b08b10f60c22a07831d37130aa6ef329d11f7343
2023-03-27 19:00:02,True,1.442e-07,4.613e-10,1148817669.0,5.3,0x08...af7e,https://bscscan.com/tx/0xcf88ac5fc20347a96ee1e59214bef099cb73f831e0db499481c4c11487f645f2
2023-03-27 18:57:53,True,1.439e-07,4.603e-10,664692654.0,3.06,0xde...fa58,https://bscscan.com/tx/0x831096857a0dd031e4bd96b24af7bf16deefebbaa484234d3cae1b92736b8d14
2023-03-27 18:57:42,False,1.432e-07,4.579e-10,534554363.0,2.44823,0x1b...7f6d,https://bscscan.com/tx/0xeadbd834e8c1f2ccd5c519db1753156f26f4699f77e5b6133f61d3cf46ba082e
2023-03-27 18:57:09,True,1.432e-07,4.603e-10,364004941.0,1.67582,0xf9...8573,https://bscscan.com/tx/0x886334db651598b90e877f663931b19d666a0e273a525031762e5e6493eb5274
2023-03-27 18:57:00,False,1.426e-07,4.585e-10,1145543782.0,5.25237,0x08...af7e,https://bscscan.com/tx/0x0861144dad028f63ca5a6597a739896f164bd527ce3f2cccbf84775b8c4cd95c
2023-03-27 18:55:33,False,1.436e-07,4.595e-10,786220536.0,3.61302,0x2a...576a,https://bscscan.com/tx/0xd2d858d572bc92d5d46c7582a953766e2ff023e62769e183a8b68453995472a1
2023-03-27 18:55:00,False,1.431e-07,4.599e-10,14046767.0,0.0646,0x73...3d23,https://bscscan.com/tx/0xb3407bc79ab2769f917eb1d81c1a51a5beddd989cb0fe9b5d4fbb947772c132f
2023-03-27 18:54:30,True,1.438e-07,4.622e-10,11491866.0,0.0531,0x9d...0d77,https://bscscan.com/tx/0xeb39d102b8ade841933cc8723cf416d61eb268473a597f87690d075d18e40bb1
2023-03-27 18:53:54,True,1.437e-07,4.62e-10,396050849.0,1.83,0x08...af7e,https://bscscan.com/tx/0xdb5311a34131213321ef13253903127fe73ceae4ffc41c92687ff80e47f5db75
2023-03-27 18:52:21,False,1.43e-07,4.596e-10,293079270.0,1.34728,0x2a...576a,https://bscscan.com/tx/0x7aa47abd58e6d282241c9c18d4aba81477040b2288a137defa827bfcc7155549
2023-03-27 18:51:48,False,1.439e-07,4.601e-10,506605737.0,2.33105,0xde...fa58,https://bscscan.com/tx/0xa5eb952923e288644466c5711b9e2965f059bca670b0cabadbb0b23ceeeee14f
2023-03-27 18:47:42,False,1.439e-07,4.606e-10,491744296.0,2.26532,0xec...0165,https://bscscan.com/tx/0xda5d3a61a64f216d0664719b9032038fc44aa5fd664dd897d5a17cde7eaf4387
2023-03-27 18:45:45,True,1.438e-07,4.628e-10,712959190.0,3.3,0xde...fa58,https://bscscan.com/tx/0x5dda10f34eedd585be28d6f1a00cdc125a0ccc8597f5aa92f9055813df54c298
2023-03-27 18:45:33,False,1.43e-07,4.602e-10,253617735.0,1.1674,0x1b...7f6d,https://bscscan.com/tx/0x715512e16241264e5a4d798c55b0738defb911c2b3e68a7354cd2614f3eccc99
2023-03-27 18:44:33,False,1.439e-07,4.609e-10,921283913.0,4.24652,0xec...0165,https://bscscan.com/tx/0x378991bdc94b2697f9b95dac1c6efd490d8a4658272cf5783d1da775b1c5f177
2023-03-27 18:42:51,True,1.449e-07,4.634e-10,468183550.0,2.17,0x2a...576a,https://bscscan.com/tx/0x1ae8a1ac6f16e85d260d1d6f3c6069d70156b6fdbba1166a174c23b93f691e5b
2023-03-27 18:41:27,True,1.446e-07,4.627e-10,979026209.0,4.53,0xec...0165,https://bscscan.com/tx/0x42dc77be8f6e895024216e32f8cf3016f18695ebd4f7d31bc0c1adf45379f95f
2023-03-27 18:38:15,False,1.438e-07,4.604e-10,1022944019.0,4.70982,0xec...0165,https://bscscan.com/tx/0x992f532ca91df8814f746f0b247b71a62dcd29aab0144777dde8df99cfb47a0e
2023-03-27 18:37:36,True,1.454e-07,4.632e-10,101461887.0,0.47,0x5e...078e,https://bscscan.com/tx/0xc67a443a2a8b418cab268682bbb022d99b656ba0f981eedc8529fa975f1dd6ec
2023-03-27 18:36:27,False,1.44e-07,4.612e-10,796269592.0,3.67312,0x2a...576a,https://bscscan.com/tx/0x36e1fbd4f7e72e6dd3074344a6f547624cb51a5f028a5c48523abb80215489f2
2023-03-27 18:35:33,True,1.456e-07,4.64e-10,37906297.0,0.1758,0x9d...0d77,https://bscscan.com/tx/0x2e899b5379482403949859e8150b09dfda96e8d323cd33b8472fbabc6d97f23a
2023-03-27 18:32:15,False,1.45e-07,4.618e-10,350858465.0,1.62052,0x08...af7e,https://bscscan.com/tx/0x1b196a5e3fc9bded12931f3cb6c58e1b171abe62461c8d17e558fe62d452c5aa
2023-03-27 18:31:57,True,1.457e-07,4.641e-10,497728258.0,2.31,0xec...0165,https://bscscan.com/tx/0xa8dfdbf31a7e796ecefb0135a74e97d07442b08bc5a7902c4f4f20804460507c
2023-03-27 18:29:12,True,1.451e-07,4.633e-10,947510431.0,4.39,0x08...af7e,https://bscscan.com/tx/0xcee108784292d072dd1486d21f4b12fbb5732dae45f53715b419ce7279535585
2023-03-27 18:26:57,True,1.449e-07,4.625e-10,473466599.0,2.19,0x2a...576a,https://bscscan.com/tx/0xbb1e3fbb8e5c6ac070b193e5dca82971fc63ac20bdfec73d1a7644064cb80070
2023-03-27 18:25:42,True,1.447e-07,4.619e-10,679772674.0,3.14,0xec...0165,https://bscscan.com/tx/0xce8ab21b49bfb95353d2952793bcafe6ceb9846a62f99a44179c7451fda1c5f1
2023-03-27 18:24:15,True,1.446e-07,4.608e-10,1384547313.0,6.38,0x1b...7f6d,https://bscscan.com/tx/0x8510ade37f320d91e616f50f4fbb3237fb633bcb838e3868e8ecd5f050a4f824
2023-03-27 18:22:33,False,1.437e-07,4.579e-10,381303070.0,1.74622,0xec...0165,https://bscscan.com/tx/0x5a749a35085fa186c3dd06de75c1d40d25743c977c8c46c3951e7ebcdae6187d
2023-03-27 18:21:21,False,1.443e-07,4.588e-10,1232700584.0,5.65597,0xde...fa58,https://bscscan.com/tx/0xbbbeffb00e738ce94f66263fffc5ce8e23cc38d544818a8f740cb798039c1ade
2023-03-27 18:19:26,False,1.448e-07,4.599e-10,835361769.0,3.84216,0xec...0165,https://bscscan.com/tx/0xb1d5d5d79049b92e6d04df8f28639542356a4c1369305137fe70c102b2b2f1a7
2023-03-27 18:16:16,True,1.448e-07,4.625e-10,356751710.0,1.65,0xec...0165,https://bscscan.com/tx/0x534dcb203de6ecb348a16e81cfbc1ec1a4ad80d02918faa58e6d6dbf651611bb
2023-03-27 18:15:16,True,1.453e-07,4.617e-10,1030855183.0,4.76,0xde...fa58,https://bscscan.com/tx/0xedd931373ba08ce48b92dbdb39522508d1a77efae6f524fc475c9b2b17ec3d3f
2023-03-27 18:15:07,False,1.439e-07,4.594e-10,947872796.0,4.35455,0x1b...7f6d,https://bscscan.com/tx/0xd53c1bfe775ec28b2aa49abaed93d54376918cfeb5ed20cd884679e6af3eb038
2023-03-27 18:14:16,True,1.455e-07,4.62e-10,227114144.0,1.04949,0xe1...d36f,https://bscscan.com/tx/0xdd2d0268738b286b7ae2a86bc90478e809eb985668aa75f028180020e4b51e0c
2023-03-27 18:13:07,True,1.455e-07,4.619e-10,112098727.0,0.5178,0xa1...b8ee,https://bscscan.com/tx/0x537334a4605eb1fb899cbf20b462ea566c182c4d1ec83f0c02d94b8a6f4369b7
2023-03-27 18:12:13,False,1.452e-07,4.6e-10,899309553.0,4.1371,0xde...fa58,https://bscscan.com/tx/0x568329ae13fddda0ab6894395eaedfb41f9a48f22b850a777a829ccc84aad07d
2023-03-27 18:11:58,True,1.453e-07,4.627e-10,63996874.0,0.2961,0x9d...0d77,https://bscscan.com/tx/0xc3cc98166a0908e8fb61cf6c0760eacb56abdf2a92f5f71e9ceea5a516750c4b
2023-03-27 18:11:07,True,1.452e-07,4.623e-10,795978852.0,3.68,0x2a...576a,https://bscscan.com/tx/0xed98ac80cd403a6339cd1ecc2e48fcd18db70970f4dc852ecdd7cc5c0142e8c1
2023-03-27 18:10:01,False,1.451e-07,4.597e-10,335527178.0,1.54264,0xec...0165,https://bscscan.com/tx/0xc810fab1ea042918cc2eb5d1f0ad815626da90c12318574dd36e7977651b5ad6
2023-03-27 18:09:10,True,1.451e-07,4.62e-10,387408321.0,1.79,0xde...fa58,https://bscscan.com/tx/0xe7b3947b678add54d0a92cd4615d17a3ddcb898565dae81713dd658151b9284c
2023-03-27 18:09:01,True,1.448e-07,4.612e-10,1060140859.0,4.89,0x1b...7f6d,https://bscscan.com/tx/0xc12816dd6b583f811d83de6e5b6461ff08060a0662d4656cdba822c4bcd806ce
2023-03-27 18:07:31,False,1.447e-07,4.585e-10,343328938.0,1.5744,0x08...af7e,https://bscscan.com/tx/0x013a74d506af409ef093a7383fa95fcaed8b7f6b9a94e8cd0149783806a0f3dc
2023-03-27 18:06:52,True,1.452e-07,4.606e-10,725039992.0,3.34,0xec...0165,https://bscscan.com/tx/0x564b76bafe650f269b48b07f7d782ad8725710df7fe314001a6e46d80340fddb
2023-03-27 18:05:58,False,1.435e-07,4.581e-10,352870782.0,1.61673,0x1b...7f6d,https://bscscan.com/tx/0x5b77cf10f6ed5c93480e801c6c9b0458e726c35340e582e971267029ab02dbfa
2023-03-27 18:05:01,True,1.449e-07,4.606e-10,3106469.0,0.0143,0xba...5edb,https://bscscan.com/tx/0x18b23a602ec416a046e1d4684bbe7ee4c8bd2dcad0b55a91d268f6ba57cf17e0
2023-03-27 18:04:28,False,1.44e-07,4.584e-10,278437596.0,1.27663,0x08...af7e,https://bscscan.com/tx/0x4bdb3fc431c5d901a864b4a6ab3265514451e374ad69931b6c46b4e35b22c839
2023-03-27 18:02:55,False,1.444e-07,4.592e-10,1061330783.0,4.87384,0x1b...7f6d,https://bscscan.com/tx/0x8ec7a35d6a4b84fe113ff1231b27010da1cade00522f748190abf52d91fe5368
2023-03-27 18:00:34,False,1.447e-07,4.601e-10,573321747.0,2.63785,0xec...0165,https://bscscan.com/tx/0x34da3a5894a2bcadeb6c5e2fece24ad1ded3336ddbaccfc4798471cacc8b1d42
2023-03-27 18:00:04,True,1.454e-07,4.624e-10,503843052.0,2.33,0xde...fa58,https://bscscan.com/tx/0x1f9ff8286011334c93b98fbaf1026f52bedc4bd5d42df1ae5fd14c63d2bd0166
2023-03-27 17:59:52,True,1.453e-07,4.619e-10,411301297.0,1.9,0x1b...7f6d,https://bscscan.com/tx/0x2d5c9c989689302b6c9d28a09686208fe2616099b619611984e2fb01da490211
2023-03-27 17:57:25,True,1.454e-07,4.613e-10,643726381.0,2.97,0xec...0165,https://bscscan.com/tx/0x803518c40f33a19c263357ef7902106abb9ca58d9d37b1f85b59e4643d46820a
2023-03-27 17:56:52,True,1.451e-07,4.605e-10,866338656.0,3.99,0x1b...7f6d,https://bscscan.com/tx/0x4da4745e9c077b9a809ea27cea828609f83f39cf5b042498d3ee534bbc392a14
2023-03-27 17:54:16,True,1.448e-07,4.597e-10,672135490.0,3.09,0xec...0165,https://bscscan.com/tx/0x2ce62423b41e91e0338a5f2d99d8b50d5030e25287d7f1f16b674df86e1874ca
2023-03-27 17:53:58,False,1.435e-07,4.576e-10,1005747034.0,4.60242,0xde...fa58,https://bscscan.com/tx/0x0d2d3a03c0d3aa4fb532fe18a77bbfb531079f5485c0f70be7649dc6ce1085c0
2023-03-27 17:53:46,False,1.437e-07,4.585e-10,775138425.0,3.55452,0x1b...7f6d,https://bscscan.com/tx/0x09d27cd8692fe5ed609a50cd258d35f5e10ccd6ef66aced23b664e1d83a80ca5
2023-03-27 17:52:07,True,1.45e-07,4.608e-10,750739670.0,3.46,0x08...af7e,https://bscscan.com/tx/0x077286b819c24702327c122eaa389110f78d8aeacf97d67a5edc5b3a107b22f0
2023-03-27 17:50:55,True,1.44e-07,4.598e-10,1161258190.0,5.34,0xde...fa58,https://bscscan.com/tx/0xe3cd671e93cde1f903e2c25167fd1112a9871780af96a43feeec4c4b71e63a51
2023-03-27 17:48:58,False,1.431e-07,4.572e-10,548283972.0,2.50687,0x08...af7e,https://bscscan.com/tx/0x092a0fdc5962f2278c2d9caf2335ff81323e09a25b1b55f28ef99f7620d81212
2023-03-27 17:48:55,False,1.432e-07,4.576e-10,304317730.0,1.39279,0x2a...576a,https://bscscan.com/tx/0x1f7ed1ed205423e254da47028c071d812cb2e1e4dbe414dc9a6d13bfc492f546
2023-03-27 17:47:58,False,1.441e-07,4.58e-10,308622745.0,1.41351,0xec...0165,https://bscscan.com/tx/0x9bb59552df567cfb076aaec47c08aea5930b386cbe72fa057996bb231abeef6c
2023-03-27 17:44:49,False,1.442e-07,4.587e-10,1132589840.0,5.19609,0xde...fa58,https://bscscan.com/tx/0x692cbe7f9e41e726b906609572bacb2e80f509ab8b7ff03f224ce31ba65d399b
2023-03-27 17:44:40,True,1.443e-07,4.614e-10,374872829.0,1.73,0x1b...7f6d,https://bscscan.com/tx/0x25a78f7c292f14048d4bdbcc87053811888611ad10a9c07064df1b79b2a173cf
2023-03-27 17:42:49,True,1.441e-07,4.608e-10,748565856.0,3.45,0x08...af7e,https://bscscan.com/tx/0x86ed1f38e51b6fd285a5343e906229ab754e6e0bc37ea947c95c969338bf28cd
2023-03-27 17:41:43,False,1.441e-07,4.583e-10,385053942.0,1.76503,0xec...0165,https://bscscan.com/tx/0x102d0f1b74b1dc4fdcd364d7e993462df5a7058772ae0ef5d847ffc664b376e1
2023-03-27 17:41:40,True,1.448e-07,4.608e-10,8228550.0,0.0379,0xa3...07a4,https://bscscan.com/tx/0x9926dbe58566626beea98240ff49ad50c49a1930e475cc8541620745f7a0bcf7
2023-03-27 17:41:37,False,1.443e-07,4.59e-10,849831711.0,3.90106,0x1b...7f6d,https://bscscan.com/tx/0x434401de3528742fae378111a1b19893a039655e6134a1ff80ca8e7b815ec823
2023-03-27 17:39:22,True,1.441e-07,4.615e-10,465822649.0,2.15,0x2a...576a,https://bscscan.com/tx/0xd78bab3bf3511b27647ca4499b1c5d1134d57642ecd8d9ca9841e40ad483173d
2023-03-27 17:38:35,False,1.441e-07,4.592e-10,452475501.0,2.07793,0xec...0165,https://bscscan.com/tx/0x720a5e3dc8d7270876d28b649fb686de0ffdb443dc63f3358c9238e689509055
2023-03-27 17:36:38,False,1.447e-07,4.598e-10,734534202.0,3.37795,0x08...af7e,https://bscscan.com/tx/0x980a0f7a61b5dd3d2d35c849da20792369393c17c65f1dde11ec9127dc80c688
2023-03-27 17:35:41,True,1.462e-07,4.622e-10,657689146.0,3.04,0xde...fa58,https://bscscan.com/tx/0x922dddfa1a227b949c5764732c2304a8e32046c1a8d7314a4e2b696557c480cf
2023-03-27 17:33:02,False,1.456e-07,4.6e-10,824978960.0,3.79496,0x2a...576a,https://bscscan.com/tx/0x391425da38936d70906e441f94405d98771bd267ef65f618c7a92cf41b8d23e1
2023-03-27 17:30:26,False,1.461e-07,4.607e-10,578756973.0,2.66671,0x08...af7e,https://bscscan.com/tx/0xf3dc18df457cf8585f3075a1a23fb71add0fe734a095dde16f96886e235271e4
2023-03-27 17:29:53,True,1.468e-07,4.631e-10,470705708.0,2.18,0x2a...576a,https://bscscan.com/tx/0x87cc382f8bff603b57ee4ed4ac3fbb4142647953d23fc1d4cb3bc2b13e273611
2023-03-27 17:29:26,True,1.467e-07,4.625e-10,559911365.0,2.59,0x1b...7f6d,https://bscscan.com/tx/0xf884eec173810ff5b42916c06510a50df56a4b705fb51f96b2fbb4d2d22ee1ef
2023-03-27 17:29:08,True,1.464e-07,4.618e-10,835832913.0,3.86,0xec...0165,https://bscscan.com/tx/0x56f97c3a3e0b7ea5ea9a8510fb790e755a60122fc84f42d71eae74ec90e76c4d
2023-03-27 17:27:50,True,1.464e-07,4.613e-10,50000.0,2.306e-05,0x54...1fc7,https://bscscan.com/tx/0xa7fafc027e63ae92a6665bddb166129024a2345ccd9ed8048b3b9680d3c46bc3
2023-03-27 17:27:20,True,1.464e-07,4.611e-10,396836762.0,1.83,0x08...af7e,https://bscscan.com/tx/0x8eee2d03404d9001a627499e523ca82ba4472308bd1a1483a6bb239e5febc4a1
2023-03-27 17:25:59,False,1.448e-07,4.586e-10,78550937.0,0.3602,0xb8...ec96,https://bscscan.com/tx/0x9e66c23adb710b8c9541985be3f0c2109c0cc96cd46d079d95f063b1ee0e5c7b
2023-03-27 17:24:17,True,1.463e-07,4.608e-10,349371283.0,1.61,0x08...af7e,https://bscscan.com/tx/0x945549bfbf92eb3efa7f4a7c194641eabe474e1e8cbbaeac67e5844332b59939
2023-03-27 17:23:32,False,1.456e-07,4.585e-10,370723136.0,1.69991,0xde...fa58,https://bscscan.com/tx/0x6f61a580dd6c41d0417f8ec7be63f4fbc18faae7e078f4b422d54adc4d4809af
2023-03-27 17:20:29,True,1.454e-07,4.608e-10,334159231.0,1.54,0xde...fa58,https://bscscan.com/tx/0x915cdb45de70ea5f1d532ce1dec2d04ad21f579c441c63a4249413c34b4ea70d
2023-03-27 17:20:20,False,1.447e-07,4.587e-10,605533934.0,2.7776,0x2a...576a,https://bscscan.com/tx/0xb41b873550bacc4b16a1d7ee9cd2e8c41ae106555c65c0a7e65fc3d6238985e5
2023-03-27 17:19:14,True,1.464e-07,4.611e-10,250000000.0,1.15299,0xbc...cebf,https://bscscan.com/tx/0x84b0368c8e0727b9d99f18f2ef417c3d83ae2248795b63f6d9288a2658136979
2023-03-27 17:19:02,False,1.456e-07,4.587e-10,24089463.0,0.1105,0x42...22a5,https://bscscan.com/tx/0x625b854a1019bab531002f3bd273bf7c55615f8301b9482a89494388e1f2d4b5
2023-03-27 17:18:20,False,1.452e-07,4.587e-10,17591239.0,0.0807,0x60...b8fa,https://bscscan.com/tx/0x8a25f6258878e0bc75707cee0dac587d0aac6ae07e08c8e4e500a56c772e0078
2023-03-27 17:18:05,True,1.459e-07,4.607e-10,696722931.0,3.21,0x08...af7e,https://bscscan.com/tx/0x9ac1fa06c7fa042647741c749b87a6f9469eff6443db70a59ca69e20874845a4
2023-03-27 17:17:11,False,1.441e-07,4.583e-10,508263194.0,2.3295,0x2a...576a,https://bscscan.com/tx/0x77d87577a66d7faae0a25820e92e800cf183be09bbfd6a8ea47e7dcdc2d91ea6
2023-03-27 17:15:01,False,1.446e-07,4.587e-10,363713660.0,1.6687,0x08...af7e,https://bscscan.com/tx/0xf97f530125fcd705e1fa82a47e297b203e0a2aa618b2f9c54ab5c9a2908b1036
2023-03-27 17:14:16,False,1.448e-07,4.592e-10,544251935.0,2.49966,0x1b...7f6d,https://bscscan.com/tx/0xbbffb115df8a995ea81d1b3ba273aee7f9b50a6af3c5f86efb66fe73982ad945
2023-03-27 17:11:55,False,1.441e-07,4.597e-10,333222253.0,1.53201,0x08...af7e,https://bscscan.com/tx/0xb293a8e78e59d32c949d288326bbbd77ca232d8ef54e81d47e122fa9d793a5b8
2023-03-27 17:10:52,True,1.451e-07,4.62e-10,439390153.0,2.03,0x2a...576a,https://bscscan.com/tx/0xf3388ac229e40a6e0871bfd184c35117b88ec10ec34bc4293d3deec06e488815
2023-03-27 17:10:19,False,1.452e-07,4.597e-10,532770796.0,2.4494,0xec...0165,https://bscscan.com/tx/0xe5b4eb0d533e0f2c46d6b26fe7f4d0c0b61cd46ea54cb7fe2a3e1fa729495419
2023-03-27 17:09:40,True,1.46e-07,4.623e-10,36770800.0,0.17,0x63...c100,https://bscscan.com/tx/0x45a60628db711881f7c3d7e96ca7f5d1f9027c6e45447dffbb6b98b14b33698f
2023-03-27 17:08:49,True,1.462e-07,4.621e-10,361388613.0,1.67,0x08...af7e,https://bscscan.com/tx/0x9b11c7ca962fa9024b664eb1c4e9b88a377f4aec78ad56e16f6c0ca158e566c8
2023-03-27 17:07:40,True,1.458e-07,4.615e-10,671656159.0,3.1,0x2a...576a,https://bscscan.com/tx/0xf4a4cccb3840c3f02e7adec7ea73d5f549487c743ba51963ecc003f44a321ec7
2023-03-27 17:05:43,True,1.449e-07,4.609e-10,388310177.0,1.79,0x08...af7e,https://bscscan.com/tx/0x9d96850406aea8a318c179daf738cfb54427e9d7481a11f1a2cd4564d54cd78c
2023-03-27 17:05:16,False,1.441e-07,4.586e-10,418715364.0,1.92059,0xde...fa58,https://bscscan.com/tx/0xa07700e0c00c8631d68a3934c416ad78c442267369a8a2248cebccf8983bca68
2023-03-27 17:02:38,False,1.458e-07,4.594e-10,951386639.0,4.37089,0x08...af7e,https://bscscan.com/tx/0xc410bc83f1df14823bfb7ba4e64b6daca601cb9c30051248d394d0e4d75f06b0
2023-03-27 17:02:14,True,1.471e-07,4.617e-10,937769517.0,4.33,0xde...fa58,https://bscscan.com/tx/0xf03a218b2f11e5a1725d381832389d1e285de536255e2c64997ac43d015429e1
2023-03-27 17:02:05,True,1.467e-07,4.606e-10,1109361525.0,5.11,0x1b...7f6d,https://bscscan.com/tx/0xdc0dcf5331f12909e6d182838e131f56b43ed965ea00118a91c4f18e10f557d8
2023-03-27 17:01:21,False,1.461e-07,4.581e-10,706373570.0,3.23596,0x2a...576a,https://bscscan.com/tx/0x0d9f79652b3ad70acfa39391af901186a0d77ba22fc18e73f578b73ee3fdda65
2023-03-27 17:00:54,True,1.471e-07,4.606e-10,343029102.0,1.58,0xec...0165,https://bscscan.com/tx/0x773b5dd3f09206076392f9dfffc47400b22636d1a00928bd9a35be813b9de40e
2023-03-27 16:59:12,False,1.473e-07,4.584e-10,579359656.0,2.65595,0xde...fa58,https://bscscan.com/tx/0x6ad362e6d8228ce428266b7b476676cb0f2d7b47a7b8ebd93113be76d943cef9
2023-03-27 16:58:33,True,1.48e-07,4.61e-10,3487765.0,0.016,0xdc...dab3,https://bscscan.com/tx/0xdce49d4d92017af8bcb908f9c30dde4d7aae36ce5b8c3e5180174f9305e4d3b4
2023-03-27 16:53:21,True,1.498e-07,4.607e-10,512196159.0,2.36,0x08...af7e,https://bscscan.com/tx/0x4a0c4352d7f54e53203967b47485b3a4884da9e602e51c7cd0ab63a26e207b96
2023-03-27 16:52:57,False,1.49e-07,4.583e-10,286117944.0,1.31139,0x1b...7f6d,https://bscscan.com/tx/0x84c747736770ab89d94e8b2a593a6fd52d0f7f48456f799d08ce709b721a5a05
2023-03-27 16:51:27,False,1.499e-07,4.587e-10,526111747.0,2.41367,0xec...0165,https://bscscan.com/tx/0xd14784f4099fce4a1712e8a08ee56571b8d3f228b81319a8b3701e35ccfe6075
2023-03-27 16:48:39,True,1.499e-07,4.607e-10,1126422196.0,5.19,0x2a...576a,https://bscscan.com/tx/0x73ec0f23b44eb4d0ab73b29c8b0b576701336ebf6ed503551d39373af04f99fa
2023-03-27 16:47:00,True,1.496e-07,4.599e-10,400063647.0,1.84,0xde...fa58,https://bscscan.com/tx/0xa41bca725f877fd8b0b953c6c83d28905543ae72a4463ae363a0c002a1d7f2d4
2023-03-27 16:45:09,False,1.495e-07,4.576e-10,363539218.0,1.66359,0xec...0165,https://bscscan.com/tx/0x53b881c2e0aa99b169823f3b86c563cfab5e9e8f5859d96378510fb8c5e0b218
2023-03-27 16:44:06,False,1.497e-07,4.58e-10,452754309.0,2.07383,0x08...af7e,https://bscscan.com/tx/0xe11f4f0fae20da7812a86ec5a22d4445ee2beae2aaa6b6376d6b26cb5cf841c1
2023-03-27 16:43:51,False,1.491e-07,4.585e-10,568808384.0,2.60853,0x1b...7f6d,https://bscscan.com/tx/0xe42942aadcf990a128083103d315551ed0b000494b7efae1974f83745350ad65
2023-03-27 16:42:18,False,1.499e-07,4.59e-10,348871305.0,1.60163,0x2a...576a,https://bscscan.com/tx/0x40276c3d9cdadc58364529a6861a2ebdf807c85f13609c52f8eee8ed5d16e8e2
2023-03-27 16:42:09,True,1.507e-07,4.612e-10,617551100.0,2.84843,0x20...6638,https://bscscan.com/tx/0xb7a384cab12f31c2428ad28e7f9111f38f86dc2d98c4d357b2193c907516df00
2023-03-27 16:41:00,False,1.491e-07,4.587e-10,242273052.0,1.11141,0x08...af7e,https://bscscan.com/tx/0x3deb0c9358067aa891f352770f033509a146992ace3b8f06420e8cd0485b17d5
2023-03-27 16:40:54,False,1.492e-07,4.59e-10,280460093.0,1.28737,0xde...fa58,https://bscscan.com/tx/0x0d702b6c0e33d36c180c140f8bee63af15908bbee23891e56302f439dd447bcd
2023-03-27 16:40:48,True,1.499e-07,4.61e-10,743915555.0,3.43,0x1b...7f6d,https://bscscan.com/tx/0x779cece5c41c3cdd70222ad1469ed10f6bb16866c515d4337173243f7bbcc631
2023-03-27 16:39:06,False,1.49e-07,4.585e-10,294295526.0,1.34943,0x2a...576a,https://bscscan.com/tx/0x1217aa468d61baba812122dc359130db044aa6ec04ae0719e5e4c4da07a96097
2023-03-27 16:38:54,True,1.496e-07,4.602e-10,1301366787.0,5.99,0xec...0165,https://bscscan.com/tx/0xafcb7320b7013fff4663b2fd1d0a5b77cfee4c42a94c909f3a0802453b755053
2023-03-27 16:37:54,True,1.5e-07,4.591e-10,877783254.0,4.03,0x08...af7e,https://bscscan.com/tx/0xc7cbef7a777679812cb07fe83de39f4ba06c392f9070651c6fcd7aa370d584b1
2023-03-27 16:37:45,False,1.492e-07,4.568e-10,867380367.0,3.9623,0xff...6e72,https://bscscan.com/tx/0xfb4b43bd27966f2e9c25a530e1bd186d7a6e72979e711f2cb423ee1b145676c5
2023-03-27 16:35:59,False,1.488e-07,4.577e-10,904838588.0,4.14199,0x2a...576a,https://bscscan.com/tx/0x4dc4276de74f63ac63a9576359cc5d20dbf7741ffce5436b6eda145d9c97af59
2023-03-27 16:34:53,True,1.504e-07,4.602e-10,456226437.0,2.1,0xde...fa58,https://bscscan.com/tx/0x93912e37716ec453bcfde02003327a4a2de10db7bb3ff251d8dcbb9228e31ada
2023-03-27 16:34:41,False,1.49e-07,4.582e-10,914520722.0,4.19075,0x1b...7f6d,https://bscscan.com/tx/0x1b19da60be2f42e90390a94a05145f35de0f8261b3c843adbc603852eece0cf8
2023-03-27 16:32:37,False,1.492e-07,4.59e-10,649103458.0,2.97994,0xec...0165,https://bscscan.com/tx/0x7e15e7b5e6a8d930d239395b70aa339ae0ee9d941531edf48889fe732b52ca29
2023-03-27 16:31:29,True,1.502e-07,4.617e-10,28567388.0,0.1319,0x9d...0d77,https://bscscan.com/tx/0x41e411c3be6b54b0e6d5bfac2e5023738d41f2dbee76ac1a46d6a232296dbbc4
2023-03-27 16:29:26,False,1.496e-07,4.597e-10,626295600.0,2.87934,0xec...0165,https://bscscan.com/tx/0x2d3a80b95e0438cafe6d6a724671fde180db7cbb3bcf6a89dac90a4d484544e3
2023-03-27 16:28:38,False,1.498e-07,4.604e-10,686695343.0,3.16188,0x08...af7e,https://bscscan.com/tx/0xea503d05caf58fd9626b4c97da9cfe1a975d0fd3015cfdd40c362e05dbac74fb
2023-03-27 16:27:44,True,1.513e-07,4.628e-10,550593869.0,2.54833,0x20...6638,https://bscscan.com/tx/0x3389cb98ee39692f6c35dde795b804de97771e78adaf7853f8d0ab94ea1f1070
2023-03-27 16:26:17,True,1.511e-07,4.62e-10,891682048.0,4.12,0xec...0165,https://bscscan.com/tx/0xd3558078098ce3301785d406251f05c3be8b547a00aefb54f1d0358f1eef19eb
2023-03-27 16:25:44,False,1.496e-07,4.596e-10,714900789.0,3.28601,0xde...fa58,https://bscscan.com/tx/0xdf5b48559a7b90cb714f83eed74c173285be5956411f8158e882fee27527fd8f
2023-03-27 16:25:35,False,1.498e-07,4.602e-10,428655301.0,1.97294,0x08...af7e,https://bscscan.com/tx/0x701dc9a618c7b43fc9670af15a53489163960a0908068b76db76ed93f50f06d6
2023-03-27 16:25:35,True,1.505e-07,4.621e-10,1144572808.0,5.29,0x1b...7f6d,https://bscscan.com/tx/0xa9bb02d9922fc714635e69709d15fd44888149cd7370d4bbaf03c8ed92cc3658
2023-03-27 16:24:32,True,1.503e-07,4.615e-10,4333148.0,0.02,0xda...8232,https://bscscan.com/tx/0x73601108f11a00d12579b66de7736c91226fdf41f5c8464149ae52aeef26e187
2023-03-27 16:23:17,True,1.51e-07,4.608e-10,1362796404.0,6.28,0x2a...576a,https://bscscan.com/tx/0x69da51b305bb7346b1570ec72b87db2138bcea7b97828173f85fe7ac0431d8f0
2023-03-27 16:22:32,False,1.495e-07,4.582e-10,810595024.0,3.7143,0x1b...7f6d,https://bscscan.com/tx/0x602568bc6e230bb506d38a820f04563a1cdad44ef881326c245ef3d79403165d
2023-03-27 16:22:29,True,1.503e-07,4.607e-10,410215663.0,1.89,0x08...af7e,https://bscscan.com/tx/0xf146f0ed98d1ac94849c94eaa5d296067262e91fc63abbabfcd0189a00fd9eea
2023-03-27 16:19:38,False,1.504e-07,4.583e-10,336374123.0,1.54191,0xde...fa58,https://bscscan.com/tx/0x40e0100318676b29ae3c56dc0e451d6677146da1a09e84bcba58aec2bfe0e6de
2023-03-27 16:19:29,True,1.512e-07,4.605e-10,651434671.0,3.0,0x1b...7f6d,https://bscscan.com/tx/0x22557c9d3cad245c6872749333512653b1bf47a19fce7e1ca343f920a2f8d947
2023-03-27 16:16:53,False,1.497e-07,4.582e-10,637001964.0,2.91884,0xec...0165,https://bscscan.com/tx/0xfa06a92ffaa0c210b96cd71ab9c5c7c9f0cf185b067958a1b41ccdb0baa9c3a7
2023-03-27 16:16:35,True,1.505e-07,4.605e-10,575404217.0,2.65,0xde...fa58,https://bscscan.com/tx/0x41efaca84f7a72d41f7c8ef45e254b76535fabb7b49fbbfd621447125ed5db6a
2023-03-27 16:16:26,True,1.504e-07,4.6e-10,334742972.0,1.54,0x1b...7f6d,https://bscscan.com/tx/0x119d49bdedb0f484d867cf2974c1bc091ce1e82cb9196e96d08f49434e4c1b39
2023-03-27 16:16:14,False,1.503e-07,4.575e-10,41459639.0,0.1897,0x75...93e0,https://bscscan.com/tx/0xd71b3524dafe96a98588c233e252cee21b084a8cfef0d43ac2c6b1286ba47584
2023-03-27 16:13:44,False,1.505e-07,4.581e-10,971403012.0,4.45042,0x2a...576a,https://bscscan.com/tx/0x092725282298c60bd109dd04f407f9bb66bfb737c9b3aa59fce8cba1e1899eba
2023-03-27 16:13:14,False,1.507e-07,4.587e-10,246172036.0,1.12943,0x08...af7e,https://bscscan.com/tx/0x712b53f2376145f7e008e2b6a56a908de16bc2f0ca53bdf7414e8c972a00e4f7
2023-03-27 16:10:38,False,1.501e-07,4.591e-10,363730632.0,1.66998,0xec...0165,https://bscscan.com/tx/0x2da57d0db4a8ea55e26baa0bb530f96818eb2496c134bc89084746749bc223ae
2023-03-27 16:10:35,True,1.508e-07,4.613e-10,472507424.0,2.18,0x2a...576a,https://bscscan.com/tx/0x705d7cdb39ff5c4ec3355f04dad92feb97511ae3b03e15cb3c1aff7e7c1f5dcd
2023-03-27 16:10:29,False,1.501e-07,4.591e-10,722865211.0,3.31939,0xde...fa58,https://bscscan.com/tx/0xdc7bf1d55357221cee4291745d3b2e266e2eb97eefc6747063ef0949ef0eaf4d
2023-03-27 16:07:29,True,1.509e-07,4.614e-10,856034906.0,3.95,0xde...fa58,https://bscscan.com/tx/0x930eaca5d7725c9695eb620220291afe15e50d5ce3629aeeb6e18a9be7fd936a
2023-03-27 16:07:26,False,1.501e-07,4.589e-10,502914485.0,2.30805,0x2a...576a,https://bscscan.com/tx/0xbc71fb12eb8f6cec4aafaa7292a5b57a4e71136ec372bd92466dc6f2f7116059
2023-03-27 16:07:02,False,1.502e-07,4.593e-10,303195171.0,1.39278,0x08...af7e,https://bscscan.com/tx/0x48f19058bf762a9631102ffb46daa54e1c50ba1bb38bf007b8e6fdfad1cffd3a
2023-03-27 16:04:26,False,1.512e-07,4.599e-10,802169292.0,3.6897,0xde...fa58,https://bscscan.com/tx/0xa09b9a1d3419d49634915d9b11e44e82fa32b846f4a7b897085f62cdf869fadc
2023-03-27 16:04:20,True,1.52e-07,4.623e-10,590415299.0,2.73,0xec...0165,https://bscscan.com/tx/0x56e8a37bed1eb1af4f3e48b2b2d8a2f52e52d6d8b7068aaac6e60d24f4229657
2023-03-27 16:04:14,False,1.512e-07,4.599e-10,327084784.0,1.50438,0x2a...576a,https://bscscan.com/tx/0xbdaad7e2c17a921bb336532ecdfe68affa7360c8556b3b143c0efbd606c39e60
2023-03-27 16:01:05,True,1.519e-07,4.621e-10,514995104.0,2.38,0x2a...576a,https://bscscan.com/tx/0xfb028e1ce1c89f4cb1ca99bc00eeb0849b846a0845fa94afdbd05d772aea23e0
2023-03-27 15:32:59,True,1.512e-07,4.618e-10,11100001.0,0.0512,0xad...d695,https://bscscan.com/tx/0xb8902f16fab057eb9285c6da8202ad6415b1adfbdbfbd8da464f1cad3709f440
2023-03-27 15:25:41,True,1.52e-07,4.618e-10,4730000.0,0.0218,0x48...8b52,https://bscscan.com/tx/0x09d4cd0e1d89d32fae3b4eb646e8743f0278a958046c46e04d587b5d22e3c863
2023-03-27 15:21:14,False,1.513e-07,4.595e-10,13162903.0,0.0604,0x2d...dac7,https://bscscan.com/tx/0x280e9447c71309e8333d98b9a39910b7c7c405f28cfc5391538ded686712d833
2023-03-27 14:58:18,True,1.52e-07,4.618e-10,1082585.0,0.005,0x9c...576e,https://bscscan.com/tx/0x637db43e793c7b2ca7bfe7a44fc647d34b63047d268274ea5619158de976744c
2023-03-27 14:56:48,True,1.52e-07,4.618e-10,10240510.0,0.0473,0x10...1e27,https://bscscan.com/tx/0x65d98b54c8e4a09bfe27188a3656e7f62f637605c9b29e42a04ccacca8f43e70
2023-03-27 14:53:36,True,1.512e-07,4.618e-10,9536535.0,0.044,0x9c...576e,https://bscscan.com/tx/0x0955fb8662ece65c545b2ebfd5977219bd26dbbc84540d51f248087df804d04e
2023-03-27 14:48:45,False,1.505e-07,4.595e-10,13079784.0,0.0601,0x08...afda,https://bscscan.com/tx/0x2c68dd2c77ba116760a6ed79cca4e673e2acf8138c9a25468d2339bb2519192a
2023-03-27 14:48:39,True,1.513e-07,4.618e-10,1274684.0,0.0058,0x9d...0d77,https://bscscan.com/tx/0x2c66d7382f57659fbd1899e52aced673e64c7ffb522bf1ea270988d0c19ac83b
2023-03-27 14:46:39,False,1.513e-07,4.595e-10,12109079.0,0.0556,0x85...0744,https://bscscan.com/tx/0xfe0b44d2a4855d15d67d58c209f2a40c559f37db17cf015dc652ebf44fbb4268
2023-03-27 14:46:33,True,1.521e-07,4.618e-10,34516247.0,0.1594,0x9d...0d77,https://bscscan.com/tx/0x210048aaac4521fd7de74f7534f983db9897de285a77fd003d3f9b51b01fda9e
2023-03-27 14:31:27,True,1.521e-07,4.618e-10,12844300.0,0.0593,0x58...29dd,https://bscscan.com/tx/0xc5431fa9a9e0c2eac883473e9387582598fa6d4b3c395c087d7b1a94aabed8c7
2023-03-27 14:30:06,False,1.508e-07,4.595e-10,17403370.0,0.0799,0x7a...9fd8,https://bscscan.com/tx/0x1be2e8716492eda5a2528f17f02993a023ce456813011372b691aefd4d38ed70
2023-03-27 14:18:12,False,1.515e-07,4.595e-10,121823591.0,0.5598,0x2f...58fc,https://bscscan.com/tx/0x800ca299c1b09ca3c025331d78f54314ad5f292ac295d685cadf5b4b0633a8c0
2023-03-27 14:10:06,True,1.523e-07,4.619e-10,17967277.0,0.083,0xd8...5cca,https://bscscan.com/tx/0x413086162ee0827a9a3cd80fc0ecca2a405d66e67b72ad84c11f02faa43abc41
2023-03-27 14:07:36,True,1.515e-07,4.619e-10,1082390.0,0.005,0x64...4ef5,https://bscscan.com/tx/0xdf54a61ad1d52001e8c44dee5862bae2880d187c17e002b58c3202e1b8a805a1
2023-03-27 13:54:36,False,1.506e-07,4.596e-10,2903784.0,0.0133,0xc2...a17e,https://bscscan.com/tx/0x1dad662d7c8be66bf12426c45313c3044cd06dd9b8ba1dca60024b060f4046a1
2023-03-27 13:50:33,True,1.513e-07,4.619e-10,27481876.0,0.1269,0x9d...0d77,https://bscscan.com/tx/0x2a89666fba19fdc34cf4b411c520a1fdeb6a18638bffd1c33cabe6495fbdc46d
2023-03-27 13:04:05,False,1.509e-07,4.596e-10,15517709.0,0.0713,0xaa...f1b9,https://bscscan.com/tx/0x93e0575d07036699e2900c27e85bffa429148a8cf83d4a84e10075fafba32505
2023-03-27 12:53:50,True,1.51e-07,4.619e-10,4329682.0,0.02,0xae...d747,https://bscscan.com/tx/0x445fceee17db5323e43d703b3a8435dd550c66331d2f0edbab95ff279b2c0f0b
2023-03-27 12:48:08,True,1.517e-07,4.619e-10,38401981.0,0.1773,0xc6...0704,https://bscscan.com/tx/0x412d2e8f5fa90c283228c863b480500346f5d64bcc44a2681a362c5b615e53a0
2023-03-27 12:14:35,False,1.509e-07,4.597e-10,289773779.0,1.33219,0xb5...21cf,https://bscscan.com/tx/0x7e4abe919f97eb64f3c22e6cafcd4e4e9f16559274db8e967eecb16e9e9f6d36
2023-03-27 11:51:41,False,1.509e-07,4.598e-10,10410548.0,0.0478,0x6a...2bda,https://bscscan.com/tx/0xba9ee840342ecae0d244cac356152c1a2e77d3611d20ee7476202783185c487f
2023-03-27 11:45:50,False,1.509e-07,4.599e-10,10410548.0,0.0478,0xb9...a6d2,https://bscscan.com/tx/0xd4ee3c2aa5667a8cc07328c9cdb572a46e540263ce7d7903bf068013abfeccd7
2023-03-27 11:26:26,True,1.516e-07,4.622e-10,206651.0,9.551e-05,0xa6...8436,https://bscscan.com/tx/0x67a1a1c80593c86e750eba52093426d0ced2a165e71df06d871620dd5dd6cfae
2023-03-27 11:26:26,True,1.516e-07,4.621e-10,82255074.0,0.3801,0xa6...8436,https://bscscan.com/tx/0x67a1a1c80593c86e750eba52093426d0ced2a165e71df06d871620dd5dd6cfae
2023-03-27 11:16:29,True,1.514e-07,4.621e-10,102512.0,4.737e-05,0xa6...8436,https://bscscan.com/tx/0xf51b3ea0ee2b65bab15233a4a46a8f8fe4e301a0ebd914a1c2cd1084cba2a27c
2023-03-27 11:16:29,True,1.514e-07,4.621e-10,40801881.0,0.1885,0xa6...8436,https://bscscan.com/tx/0xf51b3ea0ee2b65bab15233a4a46a8f8fe4e301a0ebd914a1c2cd1084cba2a27c
2023-03-27 11:11:56,True,1.513e-07,4.62e-10,12984788.0,0.06,0x42...39aa,https://bscscan.com/tx/0x54034558b6bc701475195512354da30fa067625c9959593c3179638dab5745be
2023-03-27 11:07:11,False,1.498e-07,4.597e-10,36104.8,1.659e-05,0x4c...fbcd,https://bscscan.com/tx/0x1e91789090183af3405036aededc6ce4009dca7944a8535abe821ccb2e17becd
2023-03-27 10:51:41,True,1.513e-07,4.62e-10,35710209.0,0.165,0xbe...af03,https://bscscan.com/tx/0xf0ad7b45795d86fcf2d0e6f97325a143a88a58822fe8216fe658850fb70823dd
2023-03-27 10:47:52,True,1.512e-07,4.617e-10,551697897.0,2.54737,0x20...6638,https://bscscan.com/tx/0x16ffbdbd10123cc66dcf5d47f1d6d737ef7ace93233ff95bb0cb96ca05bc0435
2023-03-27 10:31:55,False,1.502e-07,4.591e-10,4565167.0,0.0209,0x9f...41b9,https://bscscan.com/tx/0x837ff62785ffa5c05aadbd812a17bce633127cfa1b26742a06fac791e040a01b
2023-03-27 10:28:19,False,1.502e-07,4.591e-10,53880179.0,0.2474,0x0d...3abe,https://bscscan.com/tx/0x6546907d235b723edc86ea30c780a0f965a11fed9e69dabae75296d7395b573c
2023-03-27 10:24:01,True,1.502e-07,4.614e-10,11051112.0,0.051,0xf9...a3ad,https://bscscan.com/tx/0x7fc1a37d257c4a3e197f86e898968bb1d272463d6ea42c003acb2ec0f47e4fb9
2023-03-27 10:18:22,False,1.502e-07,4.591e-10,10410548.0,0.0478,0x6f...ece7,https://bscscan.com/tx/0x2060e654adb2a2581f821ec916b4ff996a2f74f15c8847e3e770b92d69745058
2023-03-27 10:14:25,True,1.502e-07,4.614e-10,66246795.0,0.3057,0x3b...0964,https://bscscan.com/tx/0x86dd540b8bc66f1bb67f3ec691df94ee72c5e5471bb70fa40f3dbbdcf3acdedc
2023-03-27 10:09:22,False,1.502e-07,4.593e-10,356826519.0,1.63895,0x38...4c86,https://bscscan.com/tx/0xbdb3c7430e48d6d70693f2238f73cedbc964921740f189bf7a33e0f0a502e3df
2023-03-27 09:58:01,False,1.503e-07,4.595e-10,16921742.0,0.0777,0xb4...6265,https://bscscan.com/tx/0xf09ba335f58ce396916a7b90b957150e6c8ba19eb663c068899a900d8d73684b
2023-03-27 09:57:07,False,1.504e-07,4.597e-10,440996246.0,2.02753,0x05...7066,https://bscscan.com/tx/0xe67ffb0d8a751cc971fde1add5b3eee5395f49c45f527b1579eaca4f3593148d
2023-03-27 09:36:45,False,1.506e-07,4.6e-10,10410546.0,0.0478,0xcd...144b,https://bscscan.com/tx/0xd27b6e3c1b4cf68488c0c77f0a3409388232a9037e91efc4d0946b3b0fa4786b
2023-03-27 09:35:36,False,1.512e-07,4.618e-10,3333546460.0,15.3949,0xe2...5277,https://bscscan.com/tx/0x9f9abdd8c3f1a15ebaaeb41c63ee1d2f0942adbd142203854b9b87d01ccb60f6
2023-03-27 09:35:27,True,1.526e-07,4.659e-10,6000000.0,0.0279,0xb6...b0ff,https://bscscan.com/tx/0x5ae82aa3dcbeb7dbd6d66296e8fd6a1322d401baca1974dbc9e44fa6cfdc5b3f
2023-03-27 09:33:30,False,1.512e-07,4.638e-10,375608128.0,1.74217,0x05...7066,https://bscscan.com/tx/0xe6e9678999af20087d9326f31fbf1b29dca9d09ee36029d47d7d7f615a4b2089
2023-03-27 09:32:15,False,1.522e-07,4.643e-10,631373453.0,2.93196,0x05...7066,https://bscscan.com/tx/0x0aa159ff1c253ee7a4316db9c9902e0d653a8a6b0cc6ed88df5663e266190d5c
2023-03-27 09:30:33,False,1.523e-07,4.649e-10,447787984.0,2.08207,0x05...7066,https://bscscan.com/tx/0xd528120e66dff296f82420b7fe3cc71a44e7b5bd8acfe2bbf1096fd6203f0649
2023-03-27 09:29:15,False,1.517e-07,4.655e-10,621260049.0,2.89231,0x05...7066,https://bscscan.com/tx/0x73d4b71c1e4a71acba6702284313f510ee0112f714160c89960bec35ec93e28c
2023-03-27 09:28:09,False,1.526e-07,4.66e-10,297011976.0,1.38425,0x05...7066,https://bscscan.com/tx/0x3ce1814aa2035308034c0037c91684a7bb0d6577ea75b08f4cf3d701d916fafd
2023-03-27 09:27:12,False,1.52e-07,4.664e-10,378473992.0,1.76532,0x05...7066,https://bscscan.com/tx/0xe7e3f7a7968fc4612d11154a8b1a12ae385fde68843ab0360b4b15e51968a7dd
2023-03-27 09:27:09,False,1.521e-07,4.668e-10,337902530.0,1.57742,0x05...7066,https://bscscan.com/tx/0x117b448979b4bb67d9d356c2070135f325d411ecbf045c17b2ccdde1b39ef546
2023-03-27 09:25:09,False,1.53e-07,4.672e-10,476989533.0,2.22886,0x05...7066,https://bscscan.com/tx/0xe7d57ede350871787f7b203b287194d38567c111ebd73dd379250174be8bfc15
2023-03-27 09:23:30,False,1.531e-07,4.677e-10,372634150.0,1.74298,0x05...7066,https://bscscan.com/tx/0xe3cb6098c03d5ee2319a38ccaa064a61b357251d2630a7a9ee826b6edd170afe
2023-03-27 09:09:27,False,1.532e-07,4.679e-10,66554735.0,0.3114,0xa0...58d8,https://bscscan.com/tx/0xca9b64aa1784fba3a10b979b6529252f5fc1759e6a5acb67caf3d1a9c2aa3384
2023-03-27 08:53:00,True,1.543e-07,4.703e-10,15540637.0,0.0731,0xb1...6a4c,https://bscscan.com/tx/0xec2617e57422372561af71e1453346466bdbaa8b5834fd7320a2305a09029394
2023-03-27 08:39:15,False,1.529e-07,4.685e-10,923935047.0,4.32883,0x13...5937,https://bscscan.com/tx/0xcd3ddfaef59b398c1fa12ea87f7bbb7f489bcad55cf96633e461a774b2b4dd3a
2023-03-27 08:31:51,False,1.539e-07,4.69e-10,10427203.0,0.0489,0x04...1e93,https://bscscan.com/tx/0xf4d26ae33a64a3341fdfec499a918e894746ce3e8028b05e996c86eabebfbc29
2023-03-27 08:30:06,True,1.541e-07,4.696e-10,3152594165.0,14.8058,0x4b...4036,https://bscscan.com/tx/0xdc0b9674f55e58aba461228adb61b5f9fbb4d9a80bda2634fede63abd6af462c
2023-03-27 08:25:03,True,1.527e-07,4.676e-10,401994976.0,1.88,0x2a...576a,https://bscscan.com/tx/0xad42bdb98bfef915d91909effbd91e729f20ae0db6fa16509ce8ea69ea63da57
2023-03-27 08:21:54,True,1.532e-07,4.67e-10,644416445.0,3.01,0x2a...576a,https://bscscan.com/tx/0x5d002fe24b76b5118d76f3bab67bab0c776e075a7524f15ae4e8b82c439dad15
2023-03-27 08:18:42,False,1.524e-07,4.646e-10,504407832.0,2.34388,0x2a...576a,https://bscscan.com/tx/0x010ebed8b30eeb61592726a7f5e2f224f0ea0cd6c53c76c5522005be6a26bd32
2023-03-27 08:17:12,True,1.524e-07,4.668e-10,846146981.0,3.95,0xec...0165,https://bscscan.com/tx/0xd0b50ead457c75491cfab62f7f9667b8b43d199de3e91b79806fc0a4cfda0efe
2023-03-27 08:14:03,True,1.528e-07,4.658e-10,998268953.0,4.65,0x08...af7e,https://bscscan.com/tx/0x715c82ba81e7ac1be8601837c45fb369aba8346a6f7345126b115ccf854a6c6a
2023-03-27 08:13:21,True,1.519e-07,4.652e-10,32296951.0,0.1502,0xa6...5f19,https://bscscan.com/tx/0x1bae1404b11ecddfa387bf03b4341ec93918f032b6e661c6dbe22923b7e11303
2023-03-27 08:12:24,True,1.518e-07,4.65e-10,387087979.0,1.8,0x2a...576a,https://bscscan.com/tx/0xe2f629322d9d4b7386ae8387a2909fcdf060a2f5bdc71bd8c6e2a9025dcfa0ce
2023-03-27 08:10:57,True,1.516e-07,4.645e-10,432666184.0,2.01,0x08...af7e,https://bscscan.com/tx/0x4c1395182f9c95bd960bc5d8739108e4378b996d5ddac34dbb14c668abe74b65
2023-03-27 08:09:27,True,1.515e-07,4.643e-10,12662419.0,0.0587,0x9c...68ff,https://bscscan.com/tx/0x67a3125f8cd24193b21f40d0544c5567274a4f5f5dda7749725c477b0e9d0e08
2023-03-27 08:09:12,False,1.508e-07,4.621e-10,252454836.0,1.16667,0x2a...576a,https://bscscan.com/tx/0xbba90aa3e8dfed77e6bab042d99ed541b2fd370ec0f029926414fe5e6ec56bb0
2023-03-27 08:07:54,False,1.51e-07,4.625e-10,605234441.0,2.79979,0x08...af7e,https://bscscan.com/tx/0xd3215fd1602608f4ee6bbee8b069d30bdee8767a364152d6c45d561864735ff7
2023-03-27 08:07:48,False,1.52e-07,4.631e-10,416021616.0,1.92681,0xec...0165,https://bscscan.com/tx/0x5a2f4e1597bc07672cf3dcc8d3826314401d62720affcf84f1522de166481253
2023-03-27 08:05:00,True,1.522e-07,4.654e-10,401732962.0,1.87,0xde...fa58,https://bscscan.com/tx/0xc2434214a7a806106e5f7acd1471cb2fe84f1fb8a8b62d55de873566b4c3050d
2023-03-27 08:02:00,True,1.528e-07,4.65e-10,328973986.0,1.53,0xde...fa58,https://bscscan.com/tx/0x32e7e59b791978c6537a037ec0586a9795243ea645c42f9a8f36c689641fac1d
2023-03-27 08:01:42,False,1.512e-07,4.627e-10,322737842.0,1.49349,0x08...af7e,https://bscscan.com/tx/0x030098338cd6e821c70e1f5fb11bb70076552a9d476e170e6a63183ad428b291
2023-03-27 08:01:30,False,1.514e-07,4.631e-10,373980584.0,1.73204,0xec...0165,https://bscscan.com/tx/0x611310e59e707c34271388456319215c1e8d26fe1541e24dd15566dc85aad0e3
2023-03-27 07:59:41,False,1.516e-07,4.638e-10,982670129.0,4.55838,0x2a...576a,https://bscscan.com/tx/0x3cd54a4fd7e49f67338314a4a1b317438bca106812416f359399eef92970aa30
2023-03-27 07:56:29,True,1.531e-07,4.661e-10,1076905846.0,5.02,0x2a...576a,https://bscscan.com/tx/0x351fb893314261c45dd2b2e27f3509ee67f5de9c7708b257efc5acd756e3fc34
2023-03-27 07:55:53,False,1.515e-07,4.635e-10,635931804.0,2.94806,0xde...fa58,https://bscscan.com/tx/0xc5cd13fbed6e783a864876adff77141cd479482fd176544be58fd2948ec11e32
2023-03-27 07:55:32,True,1.531e-07,4.66e-10,379789875.0,1.77,0x08...af7e,https://bscscan.com/tx/0x2d77a0d2f86182fbc34393a7bf941efd53d0305dcb8b7c9d896c640bb03e2332
2023-03-27 07:55:14,False,1.516e-07,4.637e-10,410598120.0,1.90409,0xec...0165,https://bscscan.com/tx/0x4da7c136ea0f1890835d6661ce8a501bac6219c5b22418c893e358459940fc72
2023-03-27 07:52:26,True,1.531e-07,4.659e-10,551519444.0,2.57,0x08...af7e,https://bscscan.com/tx/0xb9378864141fd10adff47c4769e701d32321a8f598da90577add4721f379fa0c
2023-03-27 07:50:38,False,1.524e-07,4.638e-10,869894065.0,4.03485,0x1b...7f6d,https://bscscan.com/tx/0x053076fd751ebae35564c87efa666a1a53ac6b7fa01f4434d1bc18158989cd45
2023-03-27 07:46:59,False,1.527e-07,4.647e-10,826613239.0,3.84177,0x2a...576a,https://bscscan.com/tx/0x485bb185c026e4b782607c353ff782bd26625285b72eed55dc9e0cb43459458f
2023-03-27 07:46:14,False,1.531e-07,4.658e-10,1204865228.0,5.61318,0x08...af7e,https://bscscan.com/tx/0xf19b63ae6ec91adf969c50620bf15522166b608284795e40e6dfe1ffba58853b
2023-03-27 07:45:47,True,1.539e-07,4.683e-10,1042064741.0,4.88,0xec...0165,https://bscscan.com/tx/0x688ebc0580a78a555ea5d8b78b689d519d1aa71e355650410a52e4aad61a7045
2023-03-27 07:44:35,False,1.53e-07,4.656e-10,492609739.0,2.29389,0x1b...7f6d,https://bscscan.com/tx/0xe189f9d1721992da94658b3558390764d63584fcb0c484d0705d1d74ae1b54ac
2023-03-27 07:43:11,True,1.54e-07,4.678e-10,683922032.0,3.2,0x08...af7e,https://bscscan.com/tx/0xcc2b1b856e6e7d6860f73adfc087c824993476a3ba6c5dba016a36024210f7de
2023-03-27 07:42:38,False,1.532e-07,4.654e-10,459706049.0,2.13961,0xec...0165,https://bscscan.com/tx/0x002b2a4bd6421cf6a3ac66c4ead31bdac94886f9aa367a46b8f8df618bed9313
2023-03-27 07:40:05,False,1.534e-07,4.661e-10,781865752.0,3.64437,0x08...af7e,https://bscscan.com/tx/0x9063d67f76c6019dfd3294ab756a480ef8fcb2d17c5b75cdcb8bde064af577a2
2023-03-27 07:39:32,False,1.529e-07,4.667e-10,362701723.0,1.69288,0xec...0165,https://bscscan.com/tx/0x3def51da93ef8400b7ed81b051e1d67e55f5be09c2b6c0a123171dfd69f9e9ef
2023-03-27 07:37:38,True,1.536e-07,4.688e-10,769956433.0,3.61,0xde...fa58,https://bscscan.com/tx/0x0947272118a413ba62487f77c252056c51369bb0738987ef9b8eadefbef14934
2023-03-27 07:37:29,True,1.541e-07,4.679e-10,869753463.0,4.07,0x2a...576a,https://bscscan.com/tx/0x8c92cce2848b6a7080be19c6484733e513270559c1225dc240d6c9c67c1edd97
2023-03-27 07:34:18,False,1.526e-07,4.656e-10,974089401.0,4.53604,0x2a...576a,https://bscscan.com/tx/0x06084bdfd3492215564c8cd71b2beee79c20435a1b09d16e343e6d4bf5524b98
2023-03-27 07:33:56,True,1.541e-07,4.679e-10,1089884301.0,5.1,0x08...af7e,https://bscscan.com/tx/0xe767b33993e2dfc6b27b5014d620c806bbdb5e666daffc78536a7dcd71fa7159
2023-03-27 07:32:23,True,1.537e-07,4.666e-10,1242898988.0,5.8,0x1b...7f6d,https://bscscan.com/tx/0x734da5a69da7449e1384e57e5a7f1a70ab7bab019130f18afe1c48128cf68ea6
2023-03-27 07:31:10,True,1.533e-07,4.655e-10,788342946.0,3.67,0x2a...576a,https://bscscan.com/tx/0xf38f2861c8ea20d1374c8f3fb8f9fa6c6f22fe400a61f13122a8c94eb6807bef
2023-03-27 07:30:50,False,1.524e-07,4.629e-10,256681522.0,1.18823,0x08...af7e,https://bscscan.com/tx/0xfa91f5d5204d353b6fa7dc103e179381ea33fead82a20859c64c747dfb041811
2023-03-27 07:30:08,True,1.532e-07,4.651e-10,466540381.0,2.17,0xec...0165,https://bscscan.com/tx/0xe658e573ead4eee38f43a005bd2b3ffb796bbd5072829adfb976b7a0c45ae146
2023-03-27 07:29:23,False,1.524e-07,4.627e-10,434884565.0,2.01258,0x1b...7f6d,https://bscscan.com/tx/0xf72319b1da8b4cff16ddaa58eaa9dbb0fb48f9e73af9fdcd85ac67b2756b6135
2023-03-27 07:27:59,True,1.531e-07,4.651e-10,434308062.0,2.02,0x2a...576a,https://bscscan.com/tx/0x1f00093c094e18df77356777790b5de77f89e3196bd4ad5ec9ef1f168c31dbaf
2023-03-27 07:26:59,True,1.522e-07,4.646e-10,467054755.0,2.17,0xec...0165,https://bscscan.com/tx/0x79caff89b33933b0e17e2a2d65912d8b1e0868da6fe582883de5e057c7b5b3ce
2023-03-27 07:20:29,False,1.513e-07,4.62e-10,8702006.0,0.0402,0x6c...0f76,https://bscscan.com/tx/0xc4b244cadcde4559c4807d0992d788e00adf33f35bc1ee76e3a3fb6b0fa89593
2023-03-27 07:18:26,True,1.52e-07,4.641e-10,415822791.0,1.93,0x08...af7e,https://bscscan.com/tx/0x87d7dc0914e9d2b56c9bfe547963fa8c7d0c164c023f9e64a323cead6e738044
2023-03-27 07:17:32,False,1.52e-07,4.618e-10,456058249.0,2.10628,0xec...0165,https://bscscan.com/tx/0xeb2d1217e9321d197eaade53d2fae17215fb88e2f6f7e69f061ae969a26ce2a7
2023-03-27 07:17:11,False,1.522e-07,4.623e-10,509775942.0,2.35704,0x1b...7f6d,https://bscscan.com/tx/0x75f609a3d4dd427944d3af5b4a234fd239bb51a1af7af768866d79dc82c7754f
2023-03-27 07:13:17,False,1.517e-07,4.631e-10,878305789.0,4.06765,0xde...fa58,https://bscscan.com/tx/0xd6c1bfa4fcdd24e5fbdd1f1ed66d99b9bf255d7b3226ed233d9dae9b41966335
2023-03-27 07:11:14,False,1.528e-07,4.64e-10,859007736.0,3.98642,0xec...0165,https://bscscan.com/tx/0xc9ad487b1e201ce300bb3fb8ea04a567dead21b41bb32538ccf5212db605a8db
2023-03-27 07:10:14,True,1.535e-07,4.662e-10,1211912507.0,5.65,0xde...fa58,https://bscscan.com/tx/0x53d5e0540e76085ab5870544716cc7092c0358155e8420055de9de022212ec26
2023-03-27 07:09:11,False,1.519e-07,4.637e-10,954797829.0,4.42775,0x08...af7e,https://bscscan.com/tx/0xeeaacb6b472eb5b9d83bb64425dc74b1d498e1ff6edd0f2c93418d416a34c8a2
2023-03-27 07:08:05,True,1.534e-07,4.659e-10,1137434976.0,5.3,0xec...0165,https://bscscan.com/tx/0x246c313300031804124273a5056fc341ecf0b522a6a2455b9d590c640467942b
2023-03-27 07:08:02,True,1.53e-07,4.647e-10,1075857078.0,5.0,0x1b...7f6d,https://bscscan.com/tx/0xb429c38427d62115b21a0896d1d8d22974554bfd2e30091f18bf656b4b8d12c4
2023-03-27 07:06:59,False,1.522e-07,4.623e-10,870168254.0,4.0229,0xf4...a0fc,https://bscscan.com/tx/0x12c214e07d349f270874031cfb3c20f9ab339a68615774c6e24222fffe2bf79f
2023-03-27 07:06:05,True,1.522e-07,4.645e-10,1013879998.0,4.71,0x08...af7e,https://bscscan.com/tx/0xed653da1dfaae25bd33300ac4bdb021dfb083787bde711a772e913270c1e8993
2023-03-27 07:04:59,False,1.514e-07,4.621e-10,872089421.0,4.0304,0x1b...7f6d,https://bscscan.com/tx/0xa4991686283106f462793c2c7ea61048c9169a3a96a606637f53fdedc519016c
2023-03-27 07:03:53,False,1.516e-07,4.626e-10,123400439.0,0.5709,0x3f...749d,https://bscscan.com/tx/0x9c5a51edee4be617c939351b02618c55cd781df7cef43378a1401a9b0f59fd55
2023-03-27 07:02:59,False,1.525e-07,4.632e-10,808266007.0,3.74392,0x08...af7e,https://bscscan.com/tx/0x57d0729688752f7bb797be1793c183e802d27b04c25b537a1ca6f9457c27fe63
2023-03-27 07:02:35,False,1.52e-07,4.639e-10,594187818.0,2.75685,0x2a...576a,https://bscscan.com/tx/0x92f905ebea8c2a0ff0707a923610868540ab13b5d3f6202428949ab95bccc6c0
2023-03-27 07:01:08,False,1.53e-07,4.647e-10,843223623.0,3.91893,0xde...fa58,https://bscscan.com/tx/0xf78eb8fc14aa7b373c19ea3379b0e829679185ae8ed1192e610bb02c200c96b8
2023-03-27 06:59:54,False,1.532e-07,4.653e-10,246039101.0,1.14495,0x08...af7e,https://bscscan.com/tx/0xffca7688e5da7ea5a530d2478f98bdcbb9e647d6cf0bd71b0c436ed3feffb8aa
2023-03-27 06:58:42,False,1.533e-07,4.658e-10,652905865.0,3.04154,0xec...0165,https://bscscan.com/tx/0x3565356aa1f49d807073eb3ac4ddcda802f6e5cf67e4b8a2357af76617582b5a
2023-03-27 06:56:48,True,1.533e-07,4.679e-10,1042808608.0,4.88,0x08...af7e,https://bscscan.com/tx/0x31e4ba77ffdb9d8db24ff87f22d47a647bb9abee37d0155b2c4b07a106188535
2023-03-27 06:56:15,False,1.525e-07,4.655e-10,930755640.0,4.3333,0x2a...576a,https://bscscan.com/tx/0x037b0f8096c028969b9b23f85fb6ce8e386cc0c8f26aa41578d6b4f5d72975d1
2023-03-27 06:55:54,False,1.535e-07,4.662e-10,364548581.0,1.69982,0x1b...7f6d,https://bscscan.com/tx/0xc1d3e917ae14454c7214cf8e060a6b9f957dc6acb3fb445555b80b938ae50b41
2023-03-27 06:55:33,False,1.537e-07,4.667e-10,505735923.0,2.36057,0xec...0165,https://bscscan.com/tx/0x0e016b2a852f7a901c845d95cdc3fe59fee1031990e9e135fe11a08aa0b9b3e3
2023-03-27 06:53:42,False,1.53e-07,4.671e-10,277791136.0,1.29782,0x08...af7e,https://bscscan.com/tx/0x1e7211d448fd758816719d6a96d0e857dd1cd1b0067eafec1e0eab709a94dae8
2023-03-27 06:52:24,True,1.545e-07,4.692e-10,750096150.0,3.52,0xec...0165,https://bscscan.com/tx/0xf88f6d54b47873dd2daa49a367619e335d25770b1e9a3f2743683cd87d766a77
2023-03-27 06:52:00,False,1.529e-07,4.666e-10,322244909.0,1.5039,0xde...fa58,https://bscscan.com/tx/0xa67cf7f32d4c5ceffcfc20b70e41e9825dcaa878c28c7547aee7242d1ade4d96
2023-03-27 06:50:36,False,1.539e-07,4.672e-10,759290970.0,3.5481,0x08...af7e,https://bscscan.com/tx/0x4f855718eac4b4264116f686753f8dd64e4a000f425bf4d59729ab2ff5c5336d
2023-03-27 06:47:33,True,1.547e-07,4.697e-10,589702679.0,2.77,0x08...af7e,https://bscscan.com/tx/0xd14b3e1c8694484653fcea765c7b306a5ef57df79dbbe4ffe5be422c14d16b5e
2023-03-27 06:46:45,True,1.536e-07,4.688e-10,908518733.0,4.26,0x2a...576a,https://bscscan.com/tx/0xc80219a0ae287ff24e4b86cb321de11226c9dfd2bf09921bbdae5a621f52d014
2023-03-27 06:46:06,False,1.528e-07,4.664e-10,785497747.0,3.66423,0xec...0165,https://bscscan.com/tx/0xda5c1e419caa8dde1500ba7ae50ed26a55163dfcd6b2ca72ffc7b33353a36718
2023-03-27 06:45:57,True,1.544e-07,4.689e-10,624848107.0,2.93,0xde...fa58,https://bscscan.com/tx/0x5d139ec064f460531824959f699214a44038b1b5d513b34a605b30f4d3fa3089
2023-03-27 06:43:42,True,1.541e-07,4.68e-10,907995783.0,4.25,0x1b...7f6d,https://bscscan.com/tx/0x1b6a9140420fdbf8738ea32b1c84f92388d4846698b3efd9d7f3385ad9229a3c
2023-03-27 06:43:00,True,1.538e-07,4.672e-10,526461446.0,2.46,0xec...0165,https://bscscan.com/tx/0xd7bf52e6ae32cb8aa34a70f804d1ec03bdbdc51f843edc445e13a03541112dfc
2023-03-27 06:42:21,False,1.522e-07,4.646e-10,9045408.0,0.042,0x05...765e,https://bscscan.com/tx/0xdb68fb88e8f49ddbec5e306fc52ac6b22671b53eccc19d512465380f2dd2961d
2023-03-27 06:40:42,False,1.531e-07,4.651e-10,945642356.0,4.39892,0x1b...7f6d,https://bscscan.com/tx/0x502b18d747a71306b5d1f0f91dec17c79cda83b52227365574fb232b3dbd05e2
2023-03-27 06:40:24,False,1.527e-07,4.662e-10,1024308898.0,4.77595,0x2a...576a,https://bscscan.com/tx/0xfaab00c919b2fd56f44677ffb3c09fc3f9e283442b0c4d134c68fe415ae254a1
2023-03-27 06:39:51,False,1.53e-07,4.669e-10,297907767.0,1.39119,0xde...fa58,https://bscscan.com/tx/0x34cab2c862f461c785ef851e9a6ab1dc794070738418e1381ff5bbf60c7e98e0
2023-03-27 06:38:18,False,1.539e-07,4.673e-10,401623437.0,1.87709,0x08...af7e,https://bscscan.com/tx/0x3f6842aa0e3e7c4ed54f731716189bf1805fa60a1443fed1d7b39fbda122e6ba
2023-03-27 06:37:33,False,1.532e-07,4.676e-10,10162979.0,0.0475,0x74...744b,https://bscscan.com/tx/0x4b964d693790d136b4c011bc46563a5bffd344bea0467ee16e11aa40dbe58296
2023-03-27 06:36:42,False,1.54e-07,4.677e-10,340977006.0,1.59508,0xec...0165,https://bscscan.com/tx/0x49efd1f59c337fc96fb650c6ea0f5d9860a57f8108f046ed40d280bb08415b57
2023-03-27 06:35:12,True,1.547e-07,4.699e-10,608518240.0,2.86,0x08...af7e,https://bscscan.com/tx/0xef848e00228ef62d150624c5369be6395c64538b7520d4c139b159233dff875a
2023-03-27 06:35:09,False,1.538e-07,4.673e-10,10399393.0,0.0486,0x1f...c2ae,https://bscscan.com/tx/0x7a525ffb22d1edbf343f1d80dfe2b5e28bebdc418858919f4cc16e448548cab9
2023-03-27 06:34:03,True,1.545e-07,4.693e-10,605117724.0,2.84,0x2a...576a,https://bscscan.com/tx/0xd970c2f2c77e85ace140dc722ee7a654de7adf7948b45ee5625831458920eee4
2023-03-27 06:32:06,False,1.529e-07,4.669e-10,620218118.0,2.89639,0x08...af7e,https://bscscan.com/tx/0xad27ca9cc03b02f9a6da8e8877c9cad0dd65cc1012cfdc416bc37677fefc645d
2023-03-27 06:31:33,True,1.545e-07,4.694e-10,443085435.0,2.08,0x1b...7f6d,https://bscscan.com/tx/0x4f9e105951406dda007dd15b62d88c2930cfe933d5dd4e9a92b16f0dc4bac01e
2023-03-27 06:30:54,False,1.537e-07,4.67e-10,375338452.0,1.75303,0x2a...576a,https://bscscan.com/tx/0x6efb9dbc56b3547fc7e3fabc8599064f4a17e599c48dc2a8dc4fba5953f8cd1f
2023-03-27 06:30:42,True,1.544e-07,4.692e-10,662778400.0,3.11,0xde...fa58,https://bscscan.com/tx/0xc5fa8ce0c4f35a960a21fd7d4912c49be7b273a9ed807420432418f6da7853ab
2023-03-27 06:30:24,True,1.541e-07,4.682e-10,1072022387.0,5.02,0xec...0165,https://bscscan.com/tx/0x5b5f491b75f178d938a0e4bb58a57f188e21a801ef3d2f0a2a7d7086c93eb7e5
2023-03-27 06:29:12,True,1.531e-07,4.676e-10,6420000.0,0.03,0x7b...c54f,https://bscscan.com/tx/0xfa3a72a4b9aa5fc1981c8565b467b6bd3764ff4449e1357b31beac6095d9603e
2023-03-27 06:29:00,True,1.53e-07,4.673e-10,560591444.0,2.62,0x08...af7e,https://bscscan.com/tx/0xd711d707835608cfb42e11a97648293f31343a97da977f9df49537482e462277
2023-03-27 06:28:30,False,1.523e-07,4.649e-10,505585814.0,2.35097,0x1b...7f6d,https://bscscan.com/tx/0x241637474d19af71ef8b30a15a6a01e44c8afb3fbacdd194474a4822671e787f
2023-03-27 06:27:42,True,1.538e-07,4.671e-10,806995112.0,3.77,0x2a...576a,https://bscscan.com/tx/0x5a801d20472aa709fcefeb62070456110d37a170cec6e4cdc06382c1ab7d0af7
2023-03-27 06:27:18,False,1.523e-07,4.65e-10,1155438571.0,5.37306,0xec...0165,https://bscscan.com/tx/0x77a6849424a6cdfccff0d1410cdea8bda1e27ea8e58d6288e7a2841defeedc56
2023-03-27 06:25:54,False,1.533e-07,4.658e-10,285448930.0,1.32966,0x08...af7e,https://bscscan.com/tx/0xa8f4d0a256192c1dd60f3c84cdf5b629162281d969d7e87407969f3301bb604e
2023-03-27 06:25:45,False,1.536e-07,4.669e-10,1740335000.0,8.12617,0xf4...a0fc,https://bscscan.com/tx/0x5fd1318131850af85efacd894a08dd7fdac3dd6b66f5e196efcfd7326c947cd0
2023-03-27 06:24:09,True,1.545e-07,4.694e-10,1339743998.0,6.29,0xec...0165,https://bscscan.com/tx/0xcfc7a088ca1bf32df81c32f07c5bd575e34f8a7e2ef37a134d8d05af5667d7d2
2023-03-27 06:22:51,True,1.533e-07,4.684e-10,614849285.0,2.88,0x08...af7e,https://bscscan.com/tx/0x057370b03412439930332ab7161867dbbdd5ee07a60136363fdad90faea7cb11
2023-03-27 06:22:24,True,1.539e-07,4.678e-10,337693431.0,1.58,0x1b...7f6d,https://bscscan.com/tx/0x448539d198b8e0cf179571a469a1e432bf5f37f0f9ea5dcdcf532cba824afd3e
2023-03-27 06:21:00,False,1.535e-07,4.668e-10,954718075.0,4.45753,0xec...0165,https://bscscan.com/tx/0xd6a27e8f27881dfa07c0348ddac20f0778dd4f309c65f0c395bc85bec1a1b718
2023-03-27 06:19:21,True,1.543e-07,4.692e-10,852347675.0,4.0,0x1b...7f6d,https://bscscan.com/tx/0xc613e5eb7e9e2154cec19f90b384032e92e986645afbc28c75e2ee99dd70afae
2023-03-27 06:18:12,True,1.533e-07,4.685e-10,514371117.0,2.41,0x2a...576a,https://bscscan.com/tx/0x83c5b869ab18bd76ddab5ab80b294d234ce50341efb2cf31df04780ee7c055cb
2023-03-27 06:17:50,False,1.525e-07,4.661e-10,458680933.0,2.1382,0xec...0165,https://bscscan.com/tx/0x839c62b3c83f444eae00e015a329e34a82a37ff61a4d7f52c48eaabe530dc4cf
2023-03-27 06:16:37,False,1.526e-07,4.665e-10,321036815.0,1.49793,0x08...af7e,https://bscscan.com/tx/0x666e1b2107d887f936b105cf2ca5fb3fd648f4a3504724e349f4b1bf0bbfd697
2023-03-27 06:16:18,False,1.535e-07,4.67e-10,562631786.0,2.62794,0x1b...7f6d,https://bscscan.com/tx/0x03816609a67494e7a4aa14767c58f471527f62f7d77bed911300f3bb484d6919
2023-03-27 06:12:27,False,1.53e-07,4.679e-10,1001278247.0,4.68543,0xde...fa58,https://bscscan.com/tx/0xbe22ed477d803c422e51970fd166384bdebeb4686552dbae38350e862dd8bf89
2023-03-27 06:11:51,True,1.539e-07,4.705e-10,546175573.0,2.57,0x2a...576a,https://bscscan.com/tx/0x71ae1c43bfdacdf7834eb5a76f97fb8df719384c44c674f98ae0118ab8734071
2023-03-27 06:10:15,True,1.537e-07,4.698e-10,655494089.0,3.08,0x1b...7f6d,https://bscscan.com/tx/0xb8f3654715f782f1a2696486064e1f287a1d751c135667a04efc3be5680e9232
2023-03-27 06:08:27,True,1.534e-07,4.692e-10,468834205.0,2.2,0xec...0165,https://bscscan.com/tx/0xa4ef698aa5a8cc2256a6e172884ee157d34dfb815c3fa26ec34dd388a9591ec6
2023-03-27 06:06:21,True,1.539e-07,4.683e-10,1116641763.0,5.23,0xde...fa58,https://bscscan.com/tx/0x7176c8c7453f9558e4f3d7ef1343a0e5f77f14fb3c4b9ecb569cb4b9f00f609b
2023-03-27 06:05:30,False,1.532e-07,4.66e-10,1187391124.0,5.53406,0x2a...576a,https://bscscan.com/tx/0xb9cfc1d02def08250a45dde3b0b3405bdecfc676605d883c69f89d5561c5a47b
2023-03-27 06:05:15,True,1.54e-07,4.687e-10,535447853.0,2.51,0xec...0165,https://bscscan.com/tx/0x349f895edc77a0ad2bb169556f2e6542b4d141e7fb7fdb351f2045824375c442
2023-03-27 06:04:18,False,1.533e-07,4.666e-10,993018846.0,4.6342,0x08...af7e,https://bscscan.com/tx/0xde9d59a388ab21333ba86aa92be3c09d7092de8990be3f34b6616396ba5114cf
2023-03-27 06:03:57,False,1.535e-07,4.672e-10,10202681.0,0.0476,0x96...ef1c,https://bscscan.com/tx/0x6885342187d82ff0a954ad23f4771a8362f1bea4f4d9d3f0ea333a3ce6beee3f
2023-03-27 06:03:18,False,1.528e-07,4.673e-10,264658619.0,1.23697,0xde...fa58,https://bscscan.com/tx/0x3337cde3417f8e6ac39915e1c3d1bc005823672473aa51771b32d82e16409708
2023-03-27 06:02:21,True,1.542e-07,4.696e-10,374733922.0,1.76,0x2a...576a,https://bscscan.com/tx/0x7b1795c32fc979aa852748075823fac34c10c05307254e0aa1b4edbbdf639192
2023-03-27 06:02:09,False,1.528e-07,4.675e-10,816736816.0,3.81878,0xec...0165,https://bscscan.com/tx/0xa910523478b85b008e2bff0b372b6cf68fd24328057a69819eecc13f90a85fab
2023-03-27 06:01:09,False,1.538e-07,4.682e-10,479883916.0,2.24722,0x1b...7f6d,https://bscscan.com/tx/0xfff5e1a95e11bfd93fe298e45c51d49540c7f36de930e2d44bf6993d7a7530ae
2023-03-27 05:59:09,True,1.545e-07,4.704e-10,871573875.0,4.1,0x2a...576a,https://bscscan.com/tx/0x529fac905e453e3ceb45c2a31d6146483caf2a3b779c53e9bfa35890309a23a1
2023-03-27 05:59:00,True,1.541e-07,4.693e-10,954417707.0,4.48,0xec...0165,https://bscscan.com/tx/0xc5fc7074e69a94b2e0a02f2562bdd11c453d9f954e7bed498e1c485772e4ca35
2023-03-27 05:56:00,False,1.53e-07,4.682e-10,1131418516.0,5.29827,0x2a...576a,https://bscscan.com/tx/0x5b64bf7298ebe5eec40bd9c153d5ee9dfb366254c7d090e5363efdbf07434c25
2023-03-27 05:55:51,False,1.534e-07,4.695e-10,1231511332.0,5.78315,0xec...0165,https://bscscan.com/tx/0x001378281d2fcd7bf861a999dd6fa8d848e982bb7bb85b7189c812045c915cf0
2023-03-27 05:55:00,True,1.551e-07,4.724e-10,400069175.0,1.89,0x08...af7e,https://bscscan.com/tx/0xe076e080db15a043b95b5e1a998ce7b6ad449e89feb88af41e7f64e69b5c691d
2023-03-27 05:52:00,True,1.549e-07,4.718e-10,610361774.0,2.88,0x1b...7f6d,https://bscscan.com/tx/0x96e741912db474c174cb63a43ab4a08fc104e5333fbf74a8e1c921ea87410042
2023-03-27 05:51:09,False,1.541e-07,4.693e-10,286650927.0,1.34529,0xde...fa58,https://bscscan.com/tx/0x53626a81bd7dabb50fa1ef02a356f3fb4079c20389104cb24fe05ea8760be2c6
2023-03-27 05:50:24,False,1.542e-07,4.695e-10,47036405.0,0.2208,0xff...6e72,https://bscscan.com/tx/0x757ea125395cc0af9af701da815a241bb13cd04884b3e295ade8d50cd6abe22d
2023-03-27 05:49:40,True,1.541e-07,4.716e-10,500421983.0,2.36,0x2a...576a,https://bscscan.com/tx/0xf1d5aebd861be8aae6f1141ccf416ed722c49d9978b84b952b06cfeb1b9b9769
2023-03-27 05:48:58,True,1.55e-07,4.71e-10,545628292.0,2.57,0x1b...7f6d,https://bscscan.com/tx/0x6fe4e19f35921cb7493803fbf21ff3808ae9061fad43681f781d26c5e18d7970
2023-03-27 05:48:07,False,1.542e-07,4.685e-10,416984995.0,1.95396,0xde...fa58,https://bscscan.com/tx/0x0bbb69094787db8c1919a41b81d51d5e06d5afc0bc57475da894df188c5b26f8
2023-03-27 05:47:46,False,1.535e-07,4.688e-10,24089315.0,0.1129,0xd5...8337,https://bscscan.com/tx/0x55af77d89ae265aad45f324c165445f903698f59403247cdee3880551057a8dc
2023-03-27 05:46:31,True,1.55e-07,4.709e-10,403415801.0,1.9,0x2a...576a,https://bscscan.com/tx/0x6549ad29765c1885d232d3acd522c5608fe8d36729ce3e53f0aef85484cc3448
2023-03-27 05:46:25,True,1.547e-07,4.701e-10,1110324656.0,5.22,0xec...0165,https://bscscan.com/tx/0x128fd6b8f6dd92e9d6f3a872c2878925b3bf7bf819e441027a3c6cd543be1f71
2023-03-27 05:45:55,False,1.538e-07,4.676e-10,820619772.0,3.83742,0x1b...7f6d,https://bscscan.com/tx/0xbaf106fa459c6e224aabf83218b6a44f1a5a42eb5983365736bfcfb401751424
2023-03-27 05:42:52,True,1.539e-07,4.7e-10,589238609.0,2.77,0x1b...7f6d,https://bscscan.com/tx/0x79889d5efbe919fface1c16cf748751d64ae11caf9b9661d7746d0c0cdb4f179
2023-03-27 05:42:40,False,1.531e-07,4.676e-10,397101275.0,1.85702,0x08...af7e,https://bscscan.com/tx/0x7f84a1f5c4e32f55d8b072e076606c1d1fab6a8ad4b1fbf31766827e6c3cc6be
2023-03-27 05:41:10,False,1.539e-07,4.678e-10,24089319.0,0.1127,0xdf...b971,https://bscscan.com/tx/0xdfa4ed7e59ea781980beb06fe70f29d23157fd9d13e1e9bc456e292d0ab616c3
2023-03-27 05:40:10,True,1.546e-07,4.699e-10,459592047.0,2.16,0xec...0165,https://bscscan.com/tx/0xf93cc8dc5c856f61f1a1e023009bcb5c5ab0eb9111c52c6587cabaef339e561a
2023-03-27 05:39:52,False,1.53e-07,4.673e-10,24089322.0,0.1125,0x79...9d0d,https://bscscan.com/tx/0x328a318fe921110ff3015ae86bda0271ae03107e4eb56d40dee8a0ea7c99d965
2023-03-27 05:39:49,False,1.531e-07,4.677e-10,576042174.0,2.6943,0x1b...7f6d,https://bscscan.com/tx/0xe45568da6eb72cbe8ee646f7c585f83bcd9e043be17683bbb6b6199d22c5a3fb
2023-03-27 05:38:28,False,1.532e-07,4.68e-10,24089319.0,0.1127,0x34...7ae8,https://bscscan.com/tx/0x9bc905c4f28e80678b1c1a4bcc35ed117d9a78170578e63cd1f68af7b3d3c886
2023-03-27 05:37:01,False,1.534e-07,4.687e-10,1239219073.0,5.80896,0xec...0165,https://bscscan.com/tx/0x42471532a6e58042d8fb0004b20fbb62a19e10d099f4c16159b9dabd7cca5724
2023-03-27 05:36:52,False,1.544e-07,4.694e-10,24089312.0,0.113,0x3c...29cc,https://bscscan.com/tx/0x02c100e5a854f0a2d4bc524d7b35c19804217a89c6d3d298e077fd701a1ab622
2023-03-27 05:35:55,True,1.544e-07,4.716e-10,388030663.0,1.83,0xde...fa58,https://bscscan.com/tx/0x407f2b35b4aa2d8735ecccbc21f38ff8741b498569c9a96d283e2eaf331f975a
2023-03-27 05:33:49,False,1.544e-07,4.692e-10,330678075.0,1.55162,0x2a...576a,https://bscscan.com/tx/0x0ad4acf31827fd99aab5e2bee12ec520b8fffa4825246db3af60796256e9c3bb
2023-03-27 05:32:52,True,1.551e-07,4.713e-10,655498218.0,3.09,0xde...fa58,https://bscscan.com/tx/0x9a50bf5113facaf6480de1446f0f2863241cf608dcf4a92945c6f927abc69628
2023-03-27 05:31:13,False,1.534e-07,4.686e-10,24089316.0,0.1129,0xb5...aba5,https://bscscan.com/tx/0x545408752184314ab69593d11a1aa67cd80e1f2cd7f67d1377d30905c89e86b3
2023-03-27 05:30:44,True,1.548e-07,4.704e-10,1079807988.0,5.08,0xec...0165,https://bscscan.com/tx/0x76c32270b2462345d84948fe4f5a1e2bfdc8f1d0a755e51d490f8f982c4637f4
2023-03-27 05:30:38,False,1.539e-07,4.677e-10,354618033.0,1.65856,0x2a...576a,https://bscscan.com/tx/0x516c335f3c97807e042d0795124d9a368e7dd1abb07ad760969bad412f5ddd33
2023-03-27 05:30:16,True,1.537e-07,4.696e-10,1092331353.0,5.13,0x08...af7e,https://bscscan.com/tx/0xc3bda5b5c7f14e20fca2a4fff605acd9bd81a07988d98c0ba08ee505bb2e7a2b
2023-03-27 05:27:34,False,1.536e-07,4.669e-10,453506357.0,2.1176,0xec...0165,https://bscscan.com/tx/0x0a8a2457e169e03a76a7026ca58b2a7c520bbef486b1febe91c01cbf8c027bf5
2023-03-27 05:27:13,False,1.53e-07,4.675e-10,610178860.0,2.85275,0x08...af7e,https://bscscan.com/tx/0x6caaaa7db132adaa3303782c33e5dff71b7a0979b5ac74bc78daee0d3a4d64e7
2023-03-27 05:24:25,True,1.545e-07,4.695e-10,1256625515.0,5.9,0x2a...576a,https://bscscan.com/tx/0xc647ddb06f550c1f07aab48059a10fa7206cbfcacc2d096c6e097976f0b21407
2023-03-27 05:23:43,False,1.529e-07,4.67e-10,1026639711.0,4.79481,0xde...fa58,https://bscscan.com/tx/0x067d37391a6927109a004174df0d941f3823636ae5fc38045498203c3259c187
2023-03-27 05:21:34,True,1.536e-07,4.693e-10,1127151278.0,5.29,0x1b...7f6d,https://bscscan.com/tx/0xdda20446b0f45cb129fe79002b99d9ce04611efcfad4528ad944201664491ef5
2023-03-27 05:21:19,False,1.536e-07,4.668e-10,888235579.0,4.14672,0xec...0165,https://bscscan.com/tx/0x0e1038305d2d7621c039f943f7a2150c6dc3c92b6b22551aa9d9c5fc13537b04
2023-03-27 05:21:07,False,1.539e-07,4.677e-10,802332294.0,3.75317,0x2a...576a,https://bscscan.com/tx/0xef0a52a7c7a8d264a903c774f801bd9c8f7e3f994d18b161489a198c212a7768
2023-03-27 05:21:01,True,1.547e-07,4.702e-10,665667593.0,3.13,0x08...af7e,https://bscscan.com/tx/0x3c7c167dd162e0c621783ef690f724ffbe231fd476530a95d0c14937937c46c0
2023-03-27 05:19:16,False,1.53e-07,4.672e-10,112483.0,5.255e-05,0x53...45f5,https://bscscan.com/tx/0xab3336163d7179eb6a6c2d82ac62c7594cd3b64852557b8db0a1e9f629afa248
2023-03-27 05:18:31,False,1.531e-07,4.677e-10,447814336.0,2.09459,0x1b...7f6d,https://bscscan.com/tx/0xea1cd7644e378c0341d2530411a7f0bfa4ee9908d152a2256ff9ff51a7525c75
2023-03-27 05:15:28,False,1.534e-07,4.685e-10,943468699.0,4.42022,0x1b...7f6d,https://bscscan.com/tx/0x32d107df887811416f18f70158c2e18f2f12c5186caf95abb46a6773eab06e0b
2023-03-27 05:15:01,True,1.55e-07,4.709e-10,700649459.0,3.3,0xec...0165,https://bscscan.com/tx/0xcf4254e3330ed9799746d22f43effaa8d018b3ce474e37a7c1e93244cfbdd481
2023-03-27 05:14:46,False,1.542e-07,4.685e-10,562346744.0,2.63495,0x2a...576a,https://bscscan.com/tx/0x5e28e465ca14fa3d5beb47f903b4323c3aaba6b5b1b817243fe9d5dbbddc6602
2023-03-27 05:14:22,True,1.55e-07,4.711e-10,67033627.0,0.3158,0x68...8d79,https://bscscan.com/tx/0x6edeac7fd4fb7491dfe80353c5437c81e64cba412cf8e92d8e0b80aef279de28
2023-03-27 05:11:52,False,1.544e-07,4.691e-10,706563804.0,3.31515,0xec...0165,https://bscscan.com/tx/0xf59455252ebf8299ea633aceee82a869c4abb86302f5924212b8ccefb15a5ef4
2023-03-27 05:11:37,True,1.551e-07,4.714e-10,888759700.0,4.19,0x2a...576a,https://bscscan.com/tx/0x4a85efa1d78867de71520ef153ba9a268b201dc3406734b8a662f84a51961970
2023-03-27 05:08:39,False,1.543e-07,4.691e-10,916924582.0,4.30134,0x08...af7e,https://bscscan.com/tx/0x92d39e5bb71002992d79fa24b2b4a38d862e571045c1d42c807a7f1c1ec5ac51
2023-03-27 05:08:30,True,1.551e-07,4.715e-10,784678311.0,3.7,0xde...fa58,https://bscscan.com/tx/0x5a1eb300f03392c1c7c2360e1d5cea3b5f389ef5b87a7df2d16dcf21b5ac9925
2023-03-27 05:06:21,True,1.549e-07,4.708e-10,503387256.0,2.37,0x1b...7f6d,https://bscscan.com/tx/0x973d602d4fb19b509c7d20e1bd087c545510609403b449a44a17df2c8570a999
2023-03-27 05:05:39,True,1.546e-07,4.699e-10,983018619.0,4.62,0xec...0165,https://bscscan.com/tx/0xbd1804e8156d37396d789b354f7127283812bb60d721d469deadb45f57e1a81a
2023-03-27 05:05:30,False,1.537e-07,4.672e-10,378312931.0,1.76785,0xde...fa58,https://bscscan.com/tx/0xb2da0726ee1381c26ec076ca1644cc57aa0966e394741f6f09d0b9ce4336345a
2023-03-27 05:05:15,False,1.539e-07,4.678e-10,549067028.0,2.5686,0x2a...576a,https://bscscan.com/tx/0x02fc0b3ae6a389ac1ccfdfb44f5ba7b4723aafeeaeb6e32d76bd6f4cace97553
2023-03-27 05:03:18,True,1.539e-07,4.702e-10,455115004.0,2.14,0x1b...7f6d,https://bscscan.com/tx/0x2acf5bb020dee68a21bf498cfa8421cde0843f4c42c17003fc7dd942839f862e
2023-03-27 05:02:30,False,1.532e-07,4.68e-10,800188249.0,3.74531,0xec...0165,https://bscscan.com/tx/0x010abe63cbdc16cc32649fd805eb351ab6f509c4e9c6f359417f28d1bc696bb4
2023-03-27 05:00:15,False,1.543e-07,4.688e-10,681474905.0,3.19527,0x1b...7f6d,https://bscscan.com/tx/0xf9c501fa896532994f896a574683682eebfb370cee348cd488fb3896d69e8fb0
2023-03-27 04:59:24,True,1.549e-07,4.709e-10,1112560520.0,5.24,0x08...af7e,https://bscscan.com/tx/0xe37d6a56e1a93382fbfe84d6308d13c54ae131af39d4ffcd36e71157b73ba7b4
2023-03-27 04:58:54,True,1.538e-07,4.699e-10,702168049.0,3.3,0x2a...576a,https://bscscan.com/tx/0x0a52dd98560aa044acb6e1356be2f4cca424bbf8c3aac0a0241814ac28e720a9
2023-03-27 04:57:12,True,1.535e-07,4.691e-10,743869623.0,3.49,0x1b...7f6d,https://bscscan.com/tx/0xa381e0ff79b2fba4307f591220e2817ae6f96bc8b5f64566644ca9bc6c303457
2023-03-27 04:53:12,False,1.528e-07,4.667e-10,537314692.0,2.50771,0x08...af7e,https://bscscan.com/tx/0x670cf38ba815e978f559e5279f3a4d7d48971456c822bfbd7c2557796a2ac54d
2023-03-27 04:51:30,False,1.528e-07,4.67e-10,1968516.0,0.0091,0x1e...ecc9,https://bscscan.com/tx/0xfc38918b735be6f2c13475725d174cfee253c0ca63e9f2b000fa3726a5f36490
2023-03-27 04:51:06,False,1.537e-07,4.674e-10,722253256.0,3.37587,0x1b...7f6d,https://bscscan.com/tx/0xdf301e0c3d9a34d6cd02499d50027f313bd32e09df13dbe2eea3ff74febecb97
2023-03-27 04:49:45,True,1.547e-07,4.701e-10,3001679.0,0.0141,0x1e...ecc9,https://bscscan.com/tx/0x2b2314c5104c8aa5b13d795cc40f9a0f834d60af9234deaf957a0794954f9c25
2023-03-27 04:49:24,False,1.54e-07,4.682e-10,776842591.0,3.63745,0x2a...576a,https://bscscan.com/tx/0xc87c5fb647caa574d10649b355c3141c33a778b36c26cf9273fc35c189e3ca6d
2023-03-27 04:48:18,True,1.548e-07,4.707e-10,548107189.0,2.58,0x1b...7f6d,https://bscscan.com/tx/0xa6b6b556157f600040820769bb6b75b0b616d9a5dd5f9593bc258933c9518599
2023-03-27 04:46:45,True,1.545e-07,4.697e-10,1115408910.0,5.24,0xec...0165,https://bscscan.com/tx/0x2385b4bfaf1dc6b21e5b2dd0447465f6c4b81154cbc64402cb73d6b7b3c89a73
2023-03-27 04:46:12,True,1.543e-07,4.688e-10,479850494.0,2.25,0x2a...576a,https://bscscan.com/tx/0x389cc3b1a23cc715215bb0f59e1d0a5be22b043838de37c48f33691117310aa4
2023-03-27 04:44:12,False,1.536e-07,4.666e-10,656073511.0,3.06158,0xde...fa58,https://bscscan.com/tx/0xb22f50b5b238993532b34ce20e77e574746516ca76aecfb4da22c6ba99213c37
2023-03-27 04:44:06,True,1.545e-07,4.693e-10,4005400.0,0.0188,0x36...c92b,https://bscscan.com/tx/0x021d45ef823447592071c717264a9af31b230f3c2574e18db4fedf265c4b00c9
2023-03-27 04:43:57,False,1.538e-07,4.671e-10,340834387.0,1.59237,0x08...af7e,https://bscscan.com/tx/0xe23c9c550ad3ea8869a30d66973070b552e753249bba55c81f44690fe86f3b7b
2023-03-27 04:43:15,False,1.539e-07,4.675e-10,290202331.0,1.35683,0x2a...576a,https://bscscan.com/tx/0xc5e70b117e32ff5f8307d30336592e26e687073ad8082f254100fe7dbe3a8d4c
2023-03-27 04:41:09,True,1.546e-07,4.696e-10,736730309.0,3.46,0xde...fa58,https://bscscan.com/tx/0xc7ae511aedd133aa6e7d5b331ceb1194c43234b0872d7bc028e179f50ffa1a03
2023-03-27 04:40:51,True,1.543e-07,4.687e-10,906706964.0,4.25,0x08...af7e,https://bscscan.com/tx/0x27dddba5dd531a9d953dfad000e9d7d545349a7ce847b61fc6ebabf4dd8b34db
2023-03-27 04:39:54,True,1.54e-07,4.679e-10,587731176.0,2.75,0x2a...576a,https://bscscan.com/tx/0x61621cfe195f8fa63bc5f423d30d4ee4c04de5e599963e26a84bbffbb431ad6a
2023-03-27 04:38:57,False,1.526e-07,4.657e-10,1011439609.0,4.71126,0x1b...7f6d,https://bscscan.com/tx/0x3432cb565dac33c3e7d0e5aa789d44a52277fbb63c70936dcde1f70aba998a9f
2023-03-27 04:38:06,False,1.537e-07,4.667e-10,740024507.0,3.45415,0xde...fa58,https://bscscan.com/tx/0xdb2004898918fbd684878268bc5dc583e70f0ad8421fd4e8d420fc6875c922e0
2023-03-27 04:37:45,False,1.539e-07,4.675e-10,682172295.0,3.18948,0x08...af7e,https://bscscan.com/tx/0xad0ce71b65626cf34da8eca459cabecb67b4703fe8a06ecf05052ace8ea89790
2023-03-27 04:32:00,True,1.545e-07,4.695e-10,1239401897.0,5.82,0xde...fa58,https://bscscan.com/tx/0x6b13b1ccc76517d4dc65cf16703b6aa357febe75a4da67f35ade6669c8137951
2023-03-27 04:31:36,False,1.536e-07,4.668e-10,545100255.0,2.54481,0x08...af7e,https://bscscan.com/tx/0x67053e0e31c7d9ce3ddc3aabd4b00b96c3cb7c7a02af7923c490c2e2f182ccc5
2023-03-27 04:30:24,False,1.538e-07,4.674e-10,482305222.0,2.25439,0x2a...576a,https://bscscan.com/tx/0xa99ee73867138bc2f7d381cbe9d47928e290fc9726aa49b71449ebd749ed072d
2023-03-27 04:29:00,False,1.539e-07,4.678e-10,329360968.0,1.54098,0xde...fa58,https://bscscan.com/tx/0xb52edd3ab29a355d73f25dddc18ff071a8e9315dbb4c9d1b70a175193fda9a8d
2023-03-27 04:28:30,True,1.545e-07,4.697e-10,1243330848.0,5.84,0x08...af7e,https://bscscan.com/tx/0x601f6daf10acc3f5721c8c16a7852d612b1efa67ddab658ab8e4c88e5d610720
2023-03-27 04:27:12,True,1.534e-07,4.685e-10,843032201.0,3.95,0x2a...576a,https://bscscan.com/tx/0xd8beddc5fb7160005138a95be50d39bcf9e3d86663bcaa4e4c8f39a64938a72f
2023-03-27 04:25:54,False,1.526e-07,4.661e-10,705154021.0,3.28694,0xde...fa58,https://bscscan.com/tx/0x7d7915a29054efe8d84e1e5cf1ac74bc4c85dcacd286b22aa169a3ff96272f85
2023-03-27 04:24:45,False,1.537e-07,4.671e-10,1224519801.0,5.7209,0xec...0165,https://bscscan.com/tx/0xaab9f88b2f054209d4fc64011783de82829aa543961f5c063d59f300b8b40502
2023-03-27 04:24:00,False,1.532e-07,4.683e-10,843914575.0,3.95238,0x2a...576a,https://bscscan.com/tx/0xbb937ff5f198b85fbc356199dc6e78e60fff46e19ccd89625e64a5aa5df55aec
2023-03-27 04:23:54,True,1.54e-07,4.707e-10,673346400.0,3.17,0x1b...7f6d,https://bscscan.com/tx/0xe64f4963e39ba47bc21bbf79892ae87719c2872e044ace6f8799d2e98bdafb2b
2023-03-27 04:22:18,False,1.533e-07,4.684e-10,712736380.0,3.33884,0x08...af7e,https://bscscan.com/tx/0xb8a8ddc53ac36b1c426746d4936e544290c1d68c1877e8412b57c533dbe19bcc
2023-03-27 04:20:57,False,1.535e-07,4.69e-10,329911844.0,1.54739,0x2a...576a,https://bscscan.com/tx/0x03b3e1a1146fd978477767f5f8ceb7051536e206d20ee4ad49cb9f6a3b09491c
2023-03-27 04:20:42,False,1.544e-07,4.694e-10,402497216.0,1.88948,0x1b...7f6d,https://bscscan.com/tx/0x3c86785776b3d2b84f770a580451c1ce278aa78c96f09df0f0e11d6ae4f2979d
2023-03-27 04:19:12,False,1.546e-07,4.701e-10,819707886.0,3.85361,0x08...af7e,https://bscscan.com/tx/0xd00bf6715aa386a6d5d0007c7d7ca8729e81127bd0810db19ee88c433cba26fb
2023-03-27 04:18:27,True,1.546e-07,4.723e-10,1007680498.0,4.76,0xec...0165,https://bscscan.com/tx/0xd2fcf121ca9ae9053c23c86f1bc3ac7e92af07649499a2005bd3486395cf8d21
2023-03-27 04:17:42,True,1.543e-07,4.714e-10,585392058.0,2.76,0x2a...576a,https://bscscan.com/tx/0xf7c5bec17664d32edba0e882dcfe79e79d4bbb5b1f8604787ae9ef2d4443a795
2023-03-27 04:14:30,True,1.539e-07,4.708e-10,569203821.0,2.68,0x2a...576a,https://bscscan.com/tx/0x2045a5f76464e0f42088b0162711e42f3b30e0922dcf9ccae0e024bf61f0fa1e
2023-03-27 04:11:33,True,1.544e-07,4.698e-10,1234497954.0,5.8,0x1b...7f6d,https://bscscan.com/tx/0x3bf48f144459a0374ac562cb9f25dca22551723b37ee5fb684f2f212635677d3
2023-03-27 04:09:03,False,1.534e-07,4.669e-10,252398738.0,1.17854,0xec...0165,https://bscscan.com/tx/0x93f9c06d13bed5d0ae4acd9ca2fd150ef13275ec227874458479aba9fac69306
2023-03-27 04:07:40,True,1.533e-07,4.688e-10,976802065.0,4.58,0xde...fa58,https://bscscan.com/tx/0xcfd996842397eb78910c7518a0d376daabbfe1f165e78b5a1602b88941e5c10b
2023-03-27 04:04:58,False,1.524e-07,4.663e-10,577894833.0,2.69481,0x2a...576a,https://bscscan.com/tx/0x6eb23a44fe24ff1428b0df455d33b4825cfe472b5b81ab511dd751a90d56dace
2023-03-27 04:03:46,True,1.54e-07,4.686e-10,535549335.0,2.51,0x08...af7e,https://bscscan.com/tx/0x261352754401d15637c2180a843108fa6d00f8e47815db538e937ff52aa4f6e5
2023-03-27 04:01:34,False,1.524e-07,4.661e-10,276608181.0,1.28953,0xde...fa58,https://bscscan.com/tx/0x28e31962b9f002db42c5aa17e289a901d0c00954121506d64d32a820310456b9
2023-03-27 04:00:40,False,1.526e-07,4.666e-10,501505010.0,2.34014,0x08...af7e,https://bscscan.com/tx/0x1a2eef4d5bc97657a2faea5aef9c21bcc5ae68d90e0f0f132bb4bc253b035f2b
2023-03-27 03:58:40,False,1.536e-07,4.673e-10,806035475.0,3.76697,0x2a...576a,https://bscscan.com/tx/0xb3f5c254e58923f03484c42ecc5e00b6fd225fb4e7a08b1cad3d9be5b48f95bc
2023-03-27 03:53:22,True,1.544e-07,4.698e-10,551262709.0,2.59,0xec...0165,https://bscscan.com/tx/0xd8b7d2c13c1aeb14440a6a68d78d811600a7d4f0b4cdb91cc1682f5a80245622
2023-03-27 03:53:19,False,1.536e-07,4.674e-10,510245639.0,2.3852,0x1b...7f6d,https://bscscan.com/tx/0xe52d44df1cbfdc985c12934b742b260c7722602fddbbe5bf152d87fde42ebba8
2023-03-27 03:52:28,False,1.538e-07,4.681e-10,693117984.0,3.24468,0xde...fa58,https://bscscan.com/tx/0x8027f07581764e2f80ed54f3abe66ac2abc09512a13d24e39cf041af8ea86364
2023-03-27 03:52:19,True,1.538e-07,4.703e-10,841851023.0,3.96,0x2a...576a,https://bscscan.com/tx/0x82fb6a8574a5f207bb4403c20ac89cd5105d838439ae16231be7259f3fc61029
2023-03-27 03:51:25,True,1.543e-07,4.694e-10,809419931.0,3.8,0x08...af7e,https://bscscan.com/tx/0x655dfbb7b64fa8489d32f3302a5eaa78fd33bc4068378802fb3cf45188ff326a
2023-03-27 03:49:07,False,1.527e-07,4.668e-10,353194336.0,1.64898,0x2a...576a,https://bscscan.com/tx/0xa3ecf8e0964a0f3280768a1719adac98b9c27bf4945752775e8d19b7f364325e
2023-03-27 03:48:19,False,1.536e-07,4.673e-10,498495707.0,2.3297,0x08...af7e,https://bscscan.com/tx/0x2e2b3145daa9c46e178346fd15688d9a84c3a18d047d4fa1afb79f46d9cdc7c7
2023-03-27 03:47:04,False,1.531e-07,4.681e-10,936663274.0,4.3849,0xec...0165,https://bscscan.com/tx/0x63765cb66a346d8dba8ee6050d9320e957ddbab82af18c132a48cf5f926bf6c8
2023-03-27 03:46:22,True,1.547e-07,4.707e-10,422707847.0,1.99,0xde...fa58,https://bscscan.com/tx/0xf6e7993a90601dd8fd5d4e5e78dad6866f3774ad39d2727c16e20f3c699cce74
2023-03-27 03:45:58,True,1.545e-07,4.701e-10,742357403.0,3.49,0x2a...576a,https://bscscan.com/tx/0xc68070fd45fb6da4255a36dac51db880f18c56f28b14f1b5134cdc68fea97640
2023-03-27 03:45:19,True,1.544e-07,4.697e-10,17670818.0,0.083,0xd8...5cca,https://bscscan.com/tx/0xfa7907f8f0b33175fe025bb5504b82e4d896b4ab84493e5cf4c57170281300d9
2023-03-27 03:44:10,False,1.529e-07,4.675e-10,445410332.0,2.0827,0x1b...7f6d,https://bscscan.com/tx/0x9c4d4adf85a13d8cd763736fe39647f627f1e014766fbef86318d179f653c87b
2023-03-27 03:43:19,False,1.532e-07,4.682e-10,825692335.0,3.86669,0xde...fa58,https://bscscan.com/tx/0xfcd388a53a6133d4ea14a9a43ebac366177f19a34d3b294b1e9cab22bbb2ba9b
2023-03-27 03:42:46,False,1.541e-07,4.689e-10,297679719.0,1.39588,0x2a...576a,https://bscscan.com/tx/0x183d3039e38d7f308c1700d363f7931305d09d7907c1c7500e1fe4e83dd4ea7c
2023-03-27 03:42:07,False,1.535e-07,4.692e-10,292747126.0,1.37371,0x08...af7e,https://bscscan.com/tx/0xc64b2c28b07d1544a99ae7fc5aadbd215adc86947e0eb8828ac3da782b56576e
2023-03-27 03:41:07,True,1.55e-07,4.714e-10,619407530.0,2.92,0x1b...7f6d,https://bscscan.com/tx/0x542fef107f8db32e802c75ed5e3ac64d8f3f531132d17f8895c299f022108544
2023-03-27 03:40:46,True,1.547e-07,4.707e-10,599060793.0,2.82,0xec...0165,https://bscscan.com/tx/0xd2dad656be15144c8c8cd7a482f1017066dccc71a9c7f18f1ef6d265ecde7090
2023-03-27 03:39:04,True,1.537e-07,4.699e-10,849064664.0,3.99,0x08...af7e,https://bscscan.com/tx/0xfb53f40ea3da1b21956b108f5af92a134c3c9dc73d84e667e40a23849ea15085
2023-03-27 03:36:28,False,1.536e-07,4.672e-10,336314745.0,1.57159,0x2a...576a,https://bscscan.com/tx/0x1cd7eb9d63c1ad16fa9c4f60b7ce87ab1d01edde4fb4d6469b739dd85c06bc64
2023-03-27 03:35:58,True,1.544e-07,4.696e-10,334295932.0,1.57,0x08...af7e,https://bscscan.com/tx/0xbd6ef2b43e8ffc8fa39c93cf4a09f91b12c4fa9ccf5bb6b84eea4c86fb02e7c5
2023-03-27 03:35:04,True,1.535e-07,4.692e-10,366539336.0,1.72,0x1b...7f6d,https://bscscan.com/tx/0xf0fa7785e855578159f6737b0ffc10ce531fe0f12e81fbca460094f87e4cf018
2023-03-27 03:34:31,False,1.536e-07,4.671e-10,886337637.0,4.14095,0xec...0165,https://bscscan.com/tx/0xa382092f5798cfbc820e2e8da8c85e373f6e9e99e14b48481bb17b419232457a
2023-03-27 03:33:19,False,1.538e-07,4.679e-10,495572370.0,2.31909,0x2a...576a,https://bscscan.com/tx/0x5b5a0978d0631ff82386de75bf7b4b7472ec79c3dbffaeef4da87cdb89514a36
2023-03-27 03:31:22,True,1.537e-07,4.699e-10,1112849801.0,5.23,0xec...0165,https://bscscan.com/tx/0x265db67032c9f855b2e8f9323eb7b3bb01ba189f576266840b15daa5df9618c4
2023-03-27 03:30:07,True,1.542e-07,4.689e-10,690888603.0,3.24,0x2a...576a,https://bscscan.com/tx/0x94afd4c4d8c46a5a8ab5cb079617cdae17eab85fe44e8b837c0531aa69751aa4
2023-03-27 03:28:57,False,1.527e-07,4.669e-10,1220152892.0,5.69704,0x1b...7f6d,https://bscscan.com/tx/0x9033ea2b1b5c0eff89440db437f4aaf50c1a9c4dc61a91b909f814d5f1118344
2023-03-27 03:26:57,True,1.536e-07,4.696e-10,423678961.0,1.99,0x2a...576a,https://bscscan.com/tx/0xfecb432341570ab7b6053ec4b505c7e93d95f8140116a7949157f2de9be3f14b
2023-03-27 03:25:54,True,1.541e-07,4.687e-10,1233003757.0,5.78,0x1b...7f6d,https://bscscan.com/tx/0xc3dd7e34c16c1ba9472c9256da5935063364731daf77de7cb9437f9347c73876
2023-03-27 03:25:06,False,1.525e-07,4.664e-10,1174872497.0,5.47962,0xec...0165,https://bscscan.com/tx/0x43f4afecdad53cf17c4e8926b2875d5048a0614d7b826542a10d7683f078e9be
2023-03-27 03:23:36,False,1.538e-07,4.677e-10,1207727098.0,5.64874,0x08...af7e,https://bscscan.com/tx/0xa899156847aedad791ae8ca11073ff48ac1c388aadd0e7d845c8d63b905cff94
2023-03-27 03:22:54,False,1.541e-07,4.687e-10,698201655.0,3.27297,0x1b...7f6d,https://bscscan.com/tx/0x8a730145f2f0e931ccb06c0b41acfd8b91f1b76cf80e43574e423314da45ad6b
2023-03-27 03:21:54,True,1.55e-07,4.713e-10,371308839.0,1.75,0xec...0165,https://bscscan.com/tx/0x198f2eb441871417ffee4ffa2593da3b9a485c450406c4d4bfe51e8b0ab721cf
2023-03-27 03:20:36,False,1.542e-07,4.691e-10,707473048.0,3.31903,0x2a...576a,https://bscscan.com/tx/0x5c7732e7824b16b022e98a4eb9ad321d6c018ab4bd2803ba9110c177abe54dc7
2023-03-27 03:20:30,False,1.536e-07,4.695e-10,18182283.0,0.0853,0x1d...7d23,https://bscscan.com/tx/0x86e7b44576f0d44d9519bc4b29940bc4b6b4a2e969fae81acc9fcf0bfde676a7
2023-03-27 03:19:00,True,1.542e-07,4.712e-10,1126725280.0,5.31,0xde...fa58,https://bscscan.com/tx/0x9efad86325cba8278ad94bec956dce227351724395a153257c6a1b5091fec5a2
2023-03-27 03:18:48,True,1.539e-07,4.703e-10,569813183.0,2.68,0xec...0165,https://bscscan.com/tx/0x2df9f5f36e3f8036f66010620aec846bc35d1c357571332a9ed9ba0e7dc4dfd9
2023-03-27 03:18:15,True,1.537e-07,4.695e-10,847630459.0,3.97996,0xb4...d7bb,https://bscscan.com/tx/0x3334f67e4d0f81e133b2944e0fc3f44ee4b88fb4cdd0545166326576a2fc7df9
2023-03-27 03:15:39,False,1.531e-07,4.673e-10,1079368442.0,5.04414,0xec...0165,https://bscscan.com/tx/0x71cedf7e39210bbcd718a3d84921450462d5975ab4afa3a4d650bbd91c2f07f4
2023-03-27 03:14:21,True,1.541e-07,4.7e-10,329728575.0,1.55,0x08...af7e,https://bscscan.com/tx/0x3a6b3ae64ae6cbcf777bb9829df1e48d4478a682826a17b9bacea62a2f2bfbdd
2023-03-27 03:14:15,False,1.541e-07,4.677e-10,353526120.0,1.65362,0x2a...576a,https://bscscan.com/tx/0xd3b31180e183daca814152421c8536c42cb98dc157771e8a1f2f505c4f1076c3
2023-03-27 03:13:42,True,1.549e-07,4.702e-10,22270500.0,0.1047,0xb4...3811,https://bscscan.com/tx/0x9fa29d41b6a69faa0fcf1c6acce098fb5da56a41d6ea817823e3b8ed3d6afc01
2023-03-27 03:12:53,False,1.542e-07,4.68e-10,264475211.0,1.23792,0xde...fa58,https://bscscan.com/tx/0x17f9e157b653205b0272e5b253c226d8aada319c5edf4fc70a0e1a28e8b49cb9
2023-03-27 03:12:31,True,1.54e-07,4.699e-10,1010641368.0,4.75,0xec...0165,https://bscscan.com/tx/0x799b75094509879bf4a598bd28eed56d88c53f1d6ac21a8d7b50e032476d0d82
2023-03-27 03:11:04,True,1.537e-07,4.69e-10,776111972.0,3.64,0x2a...576a,https://bscscan.com/tx/0x17387ff8066785b6439bfe0f5d318b8f6af93a82ef5859c9ee9a882e6690687c
2023-03-27 03:09:51,False,1.529e-07,4.666e-10,790293398.0,3.68806,0xde...fa58,https://bscscan.com/tx/0x51f24bfeaee71976bedc4383766e0d0b11735ccc98d82e255aa0494e6758af23
2023-03-27 03:09:26,False,1.531e-07,4.671e-10,50223975.0,0.2346,0xef...9aa0,https://bscscan.com/tx/0x427d126520ed83034c35d9cfe8770c7f5defe17af5bc36c31e23d1c659d3dcc7
2023-03-27 03:08:11,True,1.538e-07,4.691e-10,552005315.0,2.59,0x08...af7e,https://bscscan.com/tx/0x2a0dbce3f3f6e135a82dc1fa38ae1967ad8fc95b2e2fd77874644d25d5313a3a
2023-03-27 03:07:54,True,1.536e-07,4.686e-10,480127820.0,2.25,0x2a...576a,https://bscscan.com/tx/0xdd2e20271257a228d09c1f9cd50e23752f4501399109413e2778d0b94a7e391b
2023-03-27 03:07:45,True,1.535e-07,4.683e-10,59667612.0,0.2794,0x10...03bd,https://bscscan.com/tx/0x53ef6b60a7d54bb9179e12fe2d866f8823efc61e4db9e6685221de3035bbcc7d
2023-03-27 03:06:49,True,1.533e-07,4.677e-10,1030526989.0,4.82,0xde...fa58,https://bscscan.com/tx/0xed8b88430e65427381908e367247b8f30d46fc9cb755749a3abe7eaf5d8949b6
2023-03-27 03:06:13,False,1.525e-07,4.653e-10,1004841959.0,4.67625,0xec...0165,https://bscscan.com/tx/0x89d3367f2be6fa5c661fd440a9ada58eeff219780b4e115a6087fd1a8d80af59
2023-03-27 03:05:04,False,1.536e-07,4.664e-10,910697350.0,4.24773,0x08...af7e,https://bscscan.com/tx/0xdb1cfb23a0bd22548c18c5211846f6d200036923ee11dc83295c20d0816809d8
2023-03-27 03:04:43,False,1.54e-07,4.674e-10,1000279348.0,4.67611,0x2a...576a,https://bscscan.com/tx/0xad1ba1b1b0f4fd5fbe14f445fde2b605723f8a60241f5672e0e1ac4291d443d0
2023-03-27 03:04:37,True,1.548e-07,4.7e-10,582908711.0,2.74,0x1b...7f6d,https://bscscan.com/tx/0x3b8b07f3cd85a9af231e856c8e79e974bbf60b7c9c5b1217123ad8ce4266a0ff
2023-03-27 03:01:37,False,1.533e-07,4.675e-10,364242209.0,1.70315,0x1b...7f6d,https://bscscan.com/tx/0x00421203240c0ed79ffe64c5f58e7237d8e6a48751941e1951a7be7bf3b89bd4
2023-03-27 03:01:10,True,1.541e-07,4.7e-10,124257822.0,0.5841,0xe5...5e3e,https://bscscan.com/tx/0xf2894adc5b7c447e36f611eb6e5ff339b70400ea374c333c4450a8a3dfc68d7b
2023-03-27 02:59:55,True,1.546e-07,4.692e-10,1329760076.0,6.24,0xec...0165,https://bscscan.com/tx/0x3b36a4ad3686d8391a642469d908211f086508b6b489697af8731b707d37f4b8
2023-03-27 02:58:52,True,1.533e-07,4.678e-10,1216214051.0,5.69,0x08...af7e,https://bscscan.com/tx/0x18dc5b7bc00a454525b1679995e9655bdc388e76d8f0a056b78bc491a47ffff4
2023-03-27 02:58:22,True,1.53e-07,4.668e-10,533329090.0,2.49,0x2a...576a,https://bscscan.com/tx/0x6194c7a1635d8728011738bd7435804dffb59d3f0c6aa68418ad1ff822afd522
2023-03-27 02:55:46,False,1.531e-07,4.648e-10,1075650064.0,5.0001,0x08...af7e,https://bscscan.com/tx/0x81c4a0023ad028017916ff45c4b360e5468074606da96305dffa07c54660b88b
2023-03-27 02:54:39,False,1.535e-07,4.66e-10,1128353325.0,5.25875,0xde...fa58,https://bscscan.com/tx/0xda2d09bc99e3b06a19821a7a02d8c83cefc07a3def4728a53b0270c98aa534d0
2023-03-27 02:52:41,True,1.536e-07,4.687e-10,522691602.0,2.45,0x08...af7e,https://bscscan.com/tx/0xe9c7431f912297d600709dc20585c6d17fc0396955873b9cba64d8faacbc5ec0
2023-03-27 02:52:38,True,1.543e-07,4.684e-10,24487912.0,0.1147,0xaf...2456,https://bscscan.com/tx/0x901a754053b693ce67d437469864297c4c4170b6b6bdfd5d09bdecbde9b05a60
2023-03-27 02:52:28,False,1.536e-07,4.664e-10,700706201.0,3.2685,0x1b...7f6d,https://bscscan.com/tx/0xefc816c96bf9c197c9665a5759fd10bc7d8a25d92b8e7eef256ae13bb9bf8f6e
2023-03-27 02:51:35,True,1.536e-07,4.687e-10,817097037.0,3.83,0xde...fa58,https://bscscan.com/tx/0xbd606904edd9ecfe6288145c6e677b07f30e0941d740e78ae8e778f501ca14ca
2023-03-27 02:51:07,False,1.534e-07,4.659e-10,9440317.0,0.0439,0x38...2b36,https://bscscan.com/tx/0xbf801a3276e1df58e12b124aefca1c2dc266d1d1053094816a4c89a403ba4c24
2023-03-27 02:50:31,False,1.529e-07,4.666e-10,1224709370.0,5.71483,0xec...0165,https://bscscan.com/tx/0xb93d4f1150b0690eb01dea5686f86c33f095a74a86fa35e4c5c0238925b248bf
2023-03-27 02:49:39,True,1.545e-07,4.693e-10,603010878.0,2.83,0x08...af7e,https://bscscan.com/tx/0x72d7302b663addad89b47245bbe02859a9fad70d77c5a158c1dbece0dd89db69
2023-03-27 02:48:53,False,1.537e-07,4.669e-10,649067714.0,3.0311,0x2a...576a,https://bscscan.com/tx/0xe3df98ce423001bfb6973cbd1f682be1d3e6c5d2d351e98305532937cddb66db
2023-03-27 02:46:32,False,1.539e-07,4.676e-10,485213280.0,2.26895,0x08...af7e,https://bscscan.com/tx/0x996e33e966bfd743817292fbaddbe39e891d7e7a399dd0f7f62b251f4b7ac489
2023-03-27 02:46:23,True,1.546e-07,4.698e-10,734313371.0,3.45,0x1b...7f6d,https://bscscan.com/tx/0x06080193c031c1023c58064adff597bf91e1df2c399fbaee622b4500c3272b1e
2023-03-27 02:44:12,True,1.535e-07,4.686e-10,1344227069.0,6.3,0xec...0165,https://bscscan.com/tx/0xe52b93b5d9ef815cd80ec6a0bd8318707bd410aa3dc2bc4301eef0c10318d442
2023-03-27 02:43:27,False,1.526e-07,4.657e-10,363805218.0,1.69457,0x08...af7e,https://bscscan.com/tx/0x6e7927215ec0da060c4b448279424cd3aaa017dc415b0f4e669f8a45b9689ccf
2023-03-27 02:43:18,False,1.528e-07,4.663e-10,662842315.0,3.0912,0x1b...7f6d,https://bscscan.com/tx/0x21c8cd419e6e452ed2d55ef30180de1481b9c392c3aeff92ce159d41c4d8fb61
2023-03-27 02:42:30,True,1.543e-07,4.688e-10,413794056.0,1.94,0xde...fa58,https://bscscan.com/tx/0x867f7d5c17c754ecfd6de3a30fd7d57e1ccf09ebaf41af32bb4bc3b4676156cd
2023-03-27 02:40:42,True,1.543e-07,4.685e-10,10690401.0,0.05,0xb0...4b97,https://bscscan.com/tx/0xc5dde5de86f5b20d32212045049169d2dedfd00e2ff5ca62f36a5aab56cb3f60
2023-03-27 02:40:21,True,1.534e-07,4.681e-10,803169554.0,3.76,0x08...af7e,https://bscscan.com/tx/0x681a177d73d8299e83b66680cc136b6dd8c063ed6ed0544cbcb45737b4eec8b6
2023-03-27 02:39:24,False,1.526e-07,4.659e-10,1038312257.0,4.83788,0xde...fa58,https://bscscan.com/tx/0xff1fc45a0abfac8b3b3ecaf5b75e51ddb5728974361555739580eafe86cba11d
