datetime,buy_order,price_USD,price_native,amount_token,total_native,maker,etherscan_url
2023-03-28 20:56:01,True,1.395e-07,4.468e-10,1266749800.0,5.66,0x08...af7e,https://bscscan.com/tx/0x54c6b6252f789c14e878ee4a2d03e7abd64ffaa181355c46a0ed69051679be52
2023-03-28 20:55:55,True,1.398e-07,4.456e-10,919923368.0,4.1,0xec...0165,https://bscscan.com/tx/0xa6451b7f721822482213f765ec49a3b219b4ff4ee3c18b5367b262b1f36ad0d1
2023-03-28 20:55:46,False,1.39e-07,4.432e-10,534662961.0,2.36999,0x2a...576a,https://bscscan.com/tx/0xc89efde1ec25fb6eec95ae44bb3b95c44057d2259c18d0cedd7a7c23554921f5
2023-03-28 20:55:19,False,1.387e-07,4.439e-10,811901424.0,3.60446,0x1b...7f6d,https://bscscan.com/tx/0xc62dc6b21f8d21d1c06479a740038458e5e8b6f5addf72c02868a2da9770da55
2023-03-28 20:55:10,True,1.401e-07,4.462e-10,580329212.0,2.59,0x08...af7e,https://bscscan.com/tx/0x2b33cd0835457b5997c23f64f989620ddd6f4b34523636a68a8830d06a7fa5b7
2023-03-28 20:54:58,False,1.394e-07,4.441e-10,720774440.0,3.20126,0xec...0165,https://bscscan.com/tx/0xb8391685ee9e5b5c7c861f3f4b6ad600c88df812985f5b9f62b68f35eba914b1
2023-03-28 20:54:55,True,1.394e-07,4.463e-10,739314991.0,3.3,0x1b...7f6d,https://bscscan.com/tx/0x3b731c3908cabcea25316449a9efb23c6e36503a17ef20062083f237f8bace5e
2023-03-28 20:54:43,False,1.386e-07,4.437e-10,34828255.0,0.1545,0x4b...289c,https://bscscan.com/tx/0x8f8e9a3bb9a1ba8f2172a51e46e2e23c3ed9c145104d4e403f66ce1f38166233
2023-03-28 20:54:40,True,1.391e-07,4.452e-10,1432806136.0,6.38,0x2a...576a,https://bscscan.com/tx/0x5431f706bab5ec50c3f0367310fa7b041d885fc7a98fe5449dec45733775a76e
2023-03-28 20:54:28,False,1.383e-07,4.428e-10,995265309.0,4.40737,0x1b...7f6d,https://bscscan.com/tx/0xe4e2bfdc68929f3f6481862e1bfbbf42aa700a7e27e4a28865cdbed7a5f8d88b
2023-03-28 20:54:16,True,1.398e-07,4.453e-10,462581849.0,2.06,0x08...af7e,https://bscscan.com/tx/0xd8f9f385a849fe96325e26103dc8fdbaf7eb086dde8e51e8ed63b512d965ffaf
2023-03-28 20:54:13,False,1.391e-07,4.432e-10,788132138.0,3.49354,0xde...fa58,https://bscscan.com/tx/0xbb073f8795e9983ce13d9adae672084d0ba4200494979d39dba20c48be05dfc2
2023-03-28 20:54:01,True,1.398e-07,4.454e-10,958680699.0,4.27,0x1b...7f6d,https://bscscan.com/tx/0x6ce92e6985adb0fb6349f98a5eb6157ca37bbc807e90a8526fc83b013a4670c5
2023-03-28 20:54:01,False,1.39e-07,4.43e-10,626615164.0,2.77597,0xec...0165,https://bscscan.com/tx/0x7d81fba833ede18607a149332298686c45918c7cbadecb888338c51b3c6f8046
2023-03-28 20:53:46,False,1.386e-07,4.439e-10,1240909282.0,5.50916,0x2a...576a,https://bscscan.com/tx/0xffe8583c714a06357159fac79ec6d310c49d0c2a47e0c39a1382501a8dd75fad
2023-03-28 20:53:40,False,1.389e-07,4.448e-10,582312648.0,2.59066,0x1b...7f6d,https://bscscan.com/tx/0x836c674bbe2b149b1e114db73ce4d7bcb33307474ecc1f8849038c18ee2ce1ab
2023-03-28 20:53:10,False,1.392e-07,4.457e-10,1049464623.0,4.67776,0x2a...576a,https://bscscan.com/tx/0x3d594aa22b899245c866ca7f462db22cc06c6107c735c906a8d0e1c66a0a0525
2023-03-28 20:52:49,False,1.401e-07,4.465e-10,568561282.0,2.53896,0xde...fa58,https://bscscan.com/tx/0xff5c33b95657e77af787da2dfdc7f543a7c2c68208283cd23e3f3cb17590b2ce
2023-03-28 20:51:57,False,1.396e-07,4.471e-10,521887185.0,2.33346,0xde...fa58,https://bscscan.com/tx/0x7d0954d21fcda4aea9b09306fa656019ceca4a0a02d8ca558fc69c5c4514c481
2023-03-28 20:51:54,True,1.404e-07,4.495e-10,103389782.0,0.4648,0x9c...56c4,https://bscscan.com/tx/0x1ed46a5515c5806b7d14785508cc509853b0fa17e1106648d167a0d1f5c743ee
2023-03-28 20:51:48,False,1.398e-07,4.476e-10,634121256.0,2.83839,0xec...0165,https://bscscan.com/tx/0x16ac3d6a346ceb837b468a8706e1ccccba098bfc60d745eb780ff90ea9eb0e28
2023-03-28 20:51:33,True,1.412e-07,4.498e-10,589048248.0,2.65,0xde...fa58,https://bscscan.com/tx/0x86cd4b9a72494a293f7acccecbec72b02d3dede8c0575b14de22bdcbaddb87e9
2023-03-28 20:51:15,False,1.405e-07,4.476e-10,607451466.0,2.7192,0xec...0165,https://bscscan.com/tx/0x2c76e11b784657310f49ea41252240578276a441c8b5ca4c0350c63f2a35a1d6
2023-03-28 20:51:00,True,1.411e-07,4.496e-10,1154355066.0,5.19,0x2a...576a,https://bscscan.com/tx/0x77af6570fd6c5fd76c56c48e57e6de64e94cd601648204720e2de1f3f97e92bf
2023-03-28 20:50:24,True,1.4e-07,4.485e-10,873927773.0,3.92,0xde...fa58,https://bscscan.com/tx/0x1e17e574f5378dc4460dd7b90f2dac806e596136a9b02fe4234295cbe68261b8
2023-03-28 20:49:57,False,1.4e-07,4.463e-10,896251086.0,4.00016,0x08...af7e,https://bscscan.com/tx/0x189ce232f894a16ba23f79f8c0868e4fa501c07ecb8782a7a3dfe988df1d7fee
2023-03-28 20:49:48,True,1.401e-07,4.486e-10,670863139.0,3.01,0xec...0165,https://bscscan.com/tx/0x316cfa8f41369fcaa931ac6f99a3e7bd3e47ef9f7645b5865fc92aa0d1aad185
2023-03-28 20:49:48,False,1.394e-07,4.465e-10,869739976.0,3.88372,0x2a...576a,https://bscscan.com/tx/0xc23f14f13b24488dc0b4f41d85726336957fdd941118960fa3dc2c696571288b
2023-03-28 20:49:24,True,1.407e-07,4.484e-10,1422551491.0,6.38,0x2a...576a,https://bscscan.com/tx/0x3ff28485fd9cdd65c07b0dd6265b7de3a7acd6dc46788fede20c15f5cb75731b
2023-03-28 20:49:06,False,1.399e-07,4.459e-10,922922815.0,4.11617,0x08...af7e,https://bscscan.com/tx/0xa910966c2ca45ff72a7e1ca91b9fc1429e1da172f7072dfe8f30052bf3aead7a
2023-03-28 20:48:51,False,1.395e-07,4.468e-10,649728151.0,2.90299,0xec...0165,https://bscscan.com/tx/0xb573c47f4410dcc3edbee38221b7d5c8ddf6a944baf7ea7ab5acd474da09117a
2023-03-28 20:48:30,True,1.409e-07,4.491e-10,480930015.0,2.16,0x2a...576a,https://bscscan.com/tx/0x9b16db60c0676a8b0f95d8ff52dbc600c4d22469c5b4297edf7423b1e6dab982
2023-03-28 20:48:15,True,1.4e-07,4.486e-10,383345196.0,1.72,0x08...af7e,https://bscscan.com/tx/0x380a8aa30400f6e3e2c2e223fc174265cd5d4675ff822efe701e18b7eb13b75f
2023-03-28 20:47:30,True,1.406e-07,4.482e-10,363599808.0,1.63,0x2a...576a,https://bscscan.com/tx/0x9425b9bd1b24095f527d9fee1ab6a6995c66705b8bec8049ac8901cde5e26185
2023-03-28 20:47:24,False,1.4e-07,4.463e-10,931230024.0,4.15653,0x08...af7e,https://bscscan.com/tx/0xe59e387802d7abcc798457054ecf7141ed273381d4b3f6068f69490fc3090dc2
2023-03-28 20:47:15,False,1.402e-07,4.472e-10,781272737.0,3.49409,0xde...fa58,https://bscscan.com/tx/0x7fe06a4c51577ab1ab753b5dbdc7d2bac8fa88f3366e7d1a6227c7eac7af260a
2023-03-28 20:46:57,False,1.405e-07,4.482e-10,1205049494.0,5.40171,0x2a...576a,https://bscscan.com/tx/0xdba3adae873c4f927678e2610be35b25d6a1825229a247a48a8e9cff7e01b706
2023-03-28 20:46:45,False,1.408e-07,4.49e-10,398222550.0,1.78836,0x1b...7f6d,https://bscscan.com/tx/0x080b31ea06442d6a51f64028687c19d1e92bd9b4be1f634f5492d0d0ac42c934
2023-03-28 20:46:30,True,1.414e-07,4.511e-10,842373014.0,3.8,0x08...af7e,https://bscscan.com/tx/0xdac2386144ae6fdd9dc3773368a1ac350cb876bc0d1f9a650d607cae673e0f70
2023-03-28 20:46:18,False,1.406e-07,4.486e-10,430245369.0,1.93025,0xde...fa58,https://bscscan.com/tx/0x267bbf2f5dd85c8eabb4d7fb187c2ce2ae9d0e71032b9edbe827e50504c19871
2023-03-28 20:45:39,True,1.403e-07,4.507e-10,758787791.0,3.42,0x08...af7e,https://bscscan.com/tx/0x6d5798960e0010a8ca6979676c08c601f789dd33a8690a37a4720fa1bf53debd
2023-03-28 20:45:12,False,1.397e-07,4.482e-10,251294831.0,1.12632,0xde...fa58,https://bscscan.com/tx/0x09e9e8bf3bf58b725cd929fac14acda7909c9afb86c7ecd94d3261f553be062b
2023-03-28 20:44:51,False,1.397e-07,4.487e-10,847394546.0,3.80289,0x2a...576a,https://bscscan.com/tx/0xe657886df70a1e40973e9d5c33eed60bd670d2190d55a3ab18173ded2ddb0645
2023-03-28 20:44:45,True,1.405e-07,4.511e-10,594028307.0,2.68,0x08...af7e,https://bscscan.com/tx/0x4b48aae69335a0d7bb0651717c83e8ce2a69cff745785572631e34b9a9b2d8fe
2023-03-28 20:44:09,True,1.402e-07,4.501e-10,1255018994.0,5.65,0xec...0165,https://bscscan.com/tx/0x53071588534090f3700e9d6a04fabbb779d7d5184ad40e5c93585087d3035d2e
2023-03-28 20:43:57,False,1.388e-07,4.478e-10,1122006393.0,5.02519,0x08...af7e,https://bscscan.com/tx/0xe825cf75814084c6f74d0875084d04d76a85c89c01ae2b2c0f580a2a17533b37
2023-03-28 20:43:42,False,1.397e-07,4.487e-10,545315612.0,2.44704,0x2a...576a,https://bscscan.com/tx/0x1dab7edd607534c7c55dbccba331bcc94a004080fb669f333b6769124edcc2ca
2023-03-28 20:43:15,True,1.395e-07,4.505e-10,1371635913.0,6.18,0x2a...576a,https://bscscan.com/tx/0xb393e733b31333bae61b13aa0f355f78d5dd09b503d9faa1ab9775b8ecefa139
2023-03-28 20:43:09,False,1.388e-07,4.482e-10,1220418980.0,5.47027,0xec...0165,https://bscscan.com/tx/0x18115318b90d1ebc33d8007594180ea1e38f156dd2d1ec0682502f3d97301faa
2023-03-28 20:43:03,False,1.391e-07,4.491e-10,572684039.0,2.57225,0x08...af7e,https://bscscan.com/tx/0x2f6497073caba0c7cdb92217cc2d411e4ce1b30c661ab8cf8aa7ab24359cedc2
2023-03-28 20:42:12,True,1.405e-07,4.513e-10,691263211.0,3.12,0x08...af7e,https://bscscan.com/tx/0x65c61a453e5dddda3082376fe3398039ea0bcb4e362645807f8cf20dc806543e
2023-03-28 20:42:06,False,1.39e-07,4.487e-10,3835612.0,0.0172,0x5a...d630,https://bscscan.com/tx/0x43099f89b6b224bd62061e8e72de1b8711a3cc8ee6fd45147ce1415bae1d7eeb
2023-03-28 20:41:36,True,1.402e-07,4.503e-10,1207921603.0,5.44,0x1b...7f6d,https://bscscan.com/tx/0x9f54a11c6972bcff81550aace8ddd7d0d1a2f66e15d5fcf8b9abff09580dc4ab
2023-03-28 20:41:33,False,1.394e-07,4.48e-10,999780977.0,4.47905,0x2a...576a,https://bscscan.com/tx/0xd94b9c344e73bd8319d51f741ad4843b227647cc765b7f37e78a97fb1e0e66a4
2023-03-28 20:40:33,False,1.396e-07,4.487e-10,425856011.0,1.91099,0x2a...576a,https://bscscan.com/tx/0xe8e82d192e4ab33e4f88a92ba82af9fc081587a50f89663bfc91728664509eab
2023-03-28 20:40:27,True,1.403e-07,4.509e-10,589923150.0,2.66,0x08...af7e,https://bscscan.com/tx/0x5974cbc3877726578130fc3b0619cc595a9656da272ee8e8b9bf48c06f18ac0d
2023-03-28 20:40:00,True,1.394e-07,4.501e-10,855265272.0,3.85,0x1b...7f6d,https://bscscan.com/tx/0x3c0c5c7c45900c4eb9c170e539d35bd2b9d3a3496b679284a7cb9fa53e9e5283
2023-03-28 20:39:42,True,1.39e-07,4.489e-10,1396490845.0,6.27,0x2a...576a,https://bscscan.com/tx/0x731542deeed21d10fa695ed04570fc629ee8da11d90607b2de13c0436760a9ed
2023-03-28 20:38:45,True,1.387e-07,4.48e-10,448633132.0,2.01,0xec...0165,https://bscscan.com/tx/0xe192acfbfdd0263d1dea733f0548a6efc811f591050a08125d5a6d466feade61
2023-03-28 20:38:15,True,1.393e-07,4.475e-10,489338412.0,2.19,0xde...fa58,https://bscscan.com/tx/0xb55a7f2d33feead945968db15caa32f608a4c2cd00336f8f0fc4211a12f47e5f
2023-03-28 20:38:00,True,1.391e-07,4.471e-10,335482111.0,1.5,0x2a...576a,https://bscscan.com/tx/0x2b04de7ffd666ddb47c258836b544646e6ba3213b24c58f6c3188fd87d6b389e
2023-03-28 20:37:54,False,1.384e-07,4.448e-10,265302100.0,1.18019,0xec...0165,https://bscscan.com/tx/0xde5ac7adfb86b89b9500aa1fd38ed0e050790ec876870b7451aad71a39be6ace
2023-03-28 20:37:42,True,1.39e-07,4.466e-10,1153096769.0,5.15,0xde...fa58,https://bscscan.com/tx/0xab50cddd165253d65f16ac6227d0b2c2e4427f4c1d19d93cb8147393fcc0af12
2023-03-28 20:37:24,True,1.387e-07,4.458e-10,374574887.0,1.67,0x1b...7f6d,https://bscscan.com/tx/0x04637637c191dd69008fadecaee7f4c2fe139f49b5183a1dd7a95a50b8373e83
2023-03-28 20:37:12,False,1.381e-07,4.438e-10,780916462.0,3.46586,0x2a...576a,https://bscscan.com/tx/0x48f5b5fa988289f78cdae308558f579ffd34033611f4f95ff892195585a0a1ac
2023-03-28 20:37:00,False,1.383e-07,4.445e-10,575566075.0,2.55846,0x08...af7e,https://bscscan.com/tx/0x2fae4b99a652d8bb22f11751900176598fad666b0ca0e4e612186b59203655d3
2023-03-28 20:36:57,False,1.385e-07,4.451e-10,710707550.0,3.16385,0x1b...7f6d,https://bscscan.com/tx/0x9db3a574c42ecccf1edfa8af365cb7c151c9cecd6f0b6138d9ef30c1fef1dfb7
2023-03-28 20:36:48,True,1.392e-07,4.472e-10,1015103669.0,4.54,0xec...0165,https://bscscan.com/tx/0xb12f5f7548eaa9f1e66ffa117d7c1585bf9d3693d4a5ba1a3a120b89513901d1
2023-03-28 20:36:45,False,1.383e-07,4.446e-10,325197210.0,1.44602,0x2a...576a,https://bscscan.com/tx/0x292e7cb8d60b1bc6070c416db65de61f0eb7684a69a85ebc29b2a3df1b79aabc
2023-03-28 20:36:09,True,1.39e-07,4.467e-10,532698290.0,2.38,0x08...af7e,https://bscscan.com/tx/0xe9f4b060ca3737aec372dde1c0003b379da83b3c77680a310331b97e8236bc1f
2023-03-28 20:36:00,False,1.382e-07,4.442e-10,6090451.0,0.027,0x4a...048e,https://bscscan.com/tx/0xe9144de27b3927f94050b8ca60b22415dd0e0004105cc0d3dd30ef205198533f
2023-03-28 20:36:00,True,1.387e-07,4.459e-10,1130214223.0,5.04,0x2a...576a,https://bscscan.com/tx/0xc1242857b0750752daae926fd54990c595507d9d7d37488b653897ba03eb5ccf
2023-03-28 20:35:30,True,1.384e-07,4.447e-10,1115151062.0,4.96,0x1b...7f6d,https://bscscan.com/tx/0x366ffa89cf3e3b936bbb1e7c0261b24335c492f3c25f7854b6e7fbe672d2bead
2023-03-28 20:35:15,False,1.369e-07,4.421e-10,330019344.0,1.45922,0x08...af7e,https://bscscan.com/tx/0x4f1247abf6aa7086d41629f065128c268f96bf000a0249fb4cc625776eb21256
2023-03-28 20:34:45,True,1.382e-07,4.44e-10,1002167042.0,4.45,0x2a...576a,https://bscscan.com/tx/0xa13991f3b098724e37cdce99e9f743a5f1ea81fb02ceec0288535ab761867a0b
2023-03-28 20:34:42,False,1.375e-07,4.417e-10,924036224.0,4.08221,0x1b...7f6d,https://bscscan.com/tx/0xc53845d3b066bd00e7856cd6171eef608441f0f3fa30570a826c36d748fa9516
2023-03-28 20:34:24,False,1.377e-07,4.426e-10,696543887.0,3.08292,0x08...af7e,https://bscscan.com/tx/0x6335cbd07dec36b9c67e4c26a1819ddd3ff914b28ba0ea2d03ce94f4c450b5cd
2023-03-28 20:33:45,False,1.38e-07,4.435e-10,1082229239.0,4.79976,0x2a...576a,https://bscscan.com/tx/0x25ccb248de21b8154c4857f80556636c94ce6d4b6a797cfc6920bda9bc1fcf2f
2023-03-28 20:33:42,False,1.383e-07,4.445e-10,1041049915.0,4.6284,0xec...0165,https://bscscan.com/tx/0xa32b4dbe8c770dae268693bece669a5c039555f6fc873c89de11abe49ac3c365
2023-03-28 20:33:33,False,1.379e-07,4.455e-10,768854572.0,3.42531,0x08...af7e,https://bscscan.com/tx/0x6a8bbc473e90dfc7b20e5721fc3d3d1687adf9ff8d5a61096721fa416b7469f1
2023-03-28 20:33:00,False,1.389e-07,4.464e-10,983908048.0,4.39232,0xde...fa58,https://bscscan.com/tx/0x59b4dda57771083ac472fdb309d63278f59df6fdc51094770bf5af2c6e9a409b
2023-03-28 20:32:51,False,1.384e-07,4.471e-10,511409516.0,2.28695,0x2a...576a,https://bscscan.com/tx/0x925b663102396c8a4a0d4a36ef85291a23a8ece47a62890411bb8175ac579a14
2023-03-28 20:32:51,True,1.39e-07,4.49e-10,1296154531.0,5.82,0xec...0165,https://bscscan.com/tx/0xc8ba8b9b0371695ac13c8d9c8aa550571c6793b0bfacc4ae73f28411bd1e4be9
2023-03-28 20:32:33,False,1.39e-07,4.466e-10,1121069478.0,5.00768,0x1b...7f6d,https://bscscan.com/tx/0xab27865bc8a26a21ac7c5cd782d235a2300cb592e1e9a13a89c4fe1c1207057d
2023-03-28 20:32:23,True,1.397e-07,4.489e-10,995563380.0,4.47,0xde...fa58,https://bscscan.com/tx/0xa1e592766a4f776ad665788385271050209380228560575bea3d3a27ef7e71af
2023-03-28 20:31:57,False,1.391e-07,4.467e-10,931334067.0,4.16043,0xec...0165,https://bscscan.com/tx/0xce777b025fce2344c0b1f6cb85bec4c7b5e339f6993e84e6ef2253e1d0a23405
2023-03-28 20:31:45,True,1.391e-07,4.492e-10,400683968.0,1.8,0x1b...7f6d,https://bscscan.com/tx/0x201f5b5901c5a1c7ad77c254b0ca7356f6dc927536aed282d87c799341ffc200
2023-03-28 20:31:33,True,1.389e-07,4.485e-10,1010032872.0,4.53,0x2a...576a,https://bscscan.com/tx/0x120f93d1f2e503fcda722b896f7499e7e705e69dc42ead9a1f2bea8d2547208a
2023-03-28 20:31:15,False,1.381e-07,4.461e-10,773335140.0,3.45015,0xde...fa58,https://bscscan.com/tx/0x5cc71cf0fd526e8cec28b9104aab093b90ff663eb91542bfc09977650542e080
2023-03-28 20:30:45,True,1.387e-07,4.481e-10,1267517676.0,5.68,0x1b...7f6d,https://bscscan.com/tx/0x1d1b60aa5a5c0c9355908041a7fca77b0fdf3276822bb64082727a3e2696ccb6
2023-03-28 20:30:42,False,1.38e-07,4.457e-10,1043078054.0,4.6497,0x2a...576a,https://bscscan.com/tx/0xb353a3d0645c35a6dcd61593e9eabf088b1c5e7f0a75adacd69fe55282e7a4b6
2023-03-28 20:30:33,False,1.384e-07,4.468e-10,1156177333.0,5.16693,0xde...fa58,https://bscscan.com/tx/0x2727778df7db735b7ab9a67a34e6e632e0ed6d7dc0627050a9b2b169b425f47d
2023-03-28 20:29:24,False,1.393e-07,4.477e-10,402314027.0,1.80116,0xec...0165,https://bscscan.com/tx/0x48b920a67f7c90a3843cd275a228b04c742e723f18b23df644ca8d0cbd5ee5cd
2023-03-28 20:29:00,False,1.388e-07,4.481e-10,518930574.0,2.32573,0x2a...576a,https://bscscan.com/tx/0x071655f4e6b3c393964897c401e470493a90ca5406dac6aea737d615a62a9a09
2023-03-28 20:28:33,False,1.39e-07,4.489e-10,1054305431.0,4.73375,0x1b...7f6d,https://bscscan.com/tx/0xc4336d8aee1a691be63d9f98e15018eb88a5ac60ebd65a7a9a066293adc30eb3
2023-03-28 20:28:21,True,1.405e-07,4.515e-10,518245974.0,2.34,0x08...af7e,https://bscscan.com/tx/0x551cb9bce161c856980dd781ec013b72d3617ccfbea8f490acf1f71406941549
2023-03-28 20:27:30,True,1.403e-07,4.509e-10,552150867.0,2.49,0x1b...7f6d,https://bscscan.com/tx/0xa00d82156768f984346b7b73b601e9104627892c5209f3ad1cb2dbe11d36e164
2023-03-28 20:27:27,True,1.401e-07,4.501e-10,1015225338.0,4.57,0x08...af7e,https://bscscan.com/tx/0x32bbb6c08c802e59c9b8040e929156a9a43fe6ec110a12c633fe95e1267f2fb1
2023-03-28 20:26:48,True,1.397e-07,4.489e-10,1345452110.0,6.04,0xec...0165,https://bscscan.com/tx/0xbf41509502a8a2890f5cd8fe4a210ec2950029ba7b524d6574a70f7a38814a6c
2023-03-28 20:26:36,True,1.386e-07,4.478e-10,786035797.0,3.52,0x08...af7e,https://bscscan.com/tx/0xa0aed6c26744a4e60ad2df7449a9cba061caa0c33a87817e8e263c971bcb8273
2023-03-28 20:26:21,True,1.384e-07,4.469e-10,807616024.0,3.61,0x2a...576a,https://bscscan.com/tx/0x2ce4399c1aa37276c2f783f83d14380536050b672d855d2cf51bb4c28cf6c986
2023-03-28 20:25:42,True,1.381e-07,4.46e-10,957212978.0,4.27,0xec...0165,https://bscscan.com/tx/0x947a937caf1a0b444583b5f9d804d7d6e269680cacd79b5007e21709fb3c9813
2023-03-28 20:25:39,True,1.386e-07,4.454e-10,363710396.0,1.62,0xde...fa58,https://bscscan.com/tx/0xe3e46fc2124032a8ed450928c9937a65bdf1ee97a8c45f27dda52ceaa802edca
2023-03-28 20:25:06,False,1.38e-07,4.433e-10,764450457.0,3.38949,0x2a...576a,https://bscscan.com/tx/0x297078f77d7759a06350326c85b7c266ced0dbc618d32f636fd8ca924a761994
2023-03-28 20:25:00,False,1.382e-07,4.44e-10,483019087.0,2.14472,0xde...fa58,https://bscscan.com/tx/0xa4079af730e671bb8aa6e99596653a054baa5f15bf9c33a16f0ec9aeac6dbb2b
2023-03-28 20:24:51,False,1.377e-07,4.448e-10,1086609584.0,4.83353,0x08...af7e,https://bscscan.com/tx/0xd7ebf15620975df3a6454bb2408659bd6492dc018d8a83aad611f85edc6ca334
2023-03-28 20:24:36,False,1.38e-07,4.456e-10,607427029.0,2.70727,0x1b...7f6d,https://bscscan.com/tx/0x57f4ad1cf2fb765aec390089d6a80872f181cbd420186a7f280d055941d4d0d3
2023-03-28 20:24:21,False,1.389e-07,4.465e-10,1009160770.0,4.50615,0xec...0165,https://bscscan.com/tx/0xc37a27c2de72e5a187ffe705c71398ea30070ec9b6fde4c205cf3f3b2e6b19d9
2023-03-28 20:24:12,False,1.385e-07,4.475e-10,969422612.0,4.33859,0x1b...7f6d,https://bscscan.com/tx/0x89c7d1afbba4269062febb946e8e0deef0dd070cd1b0bd581ed4259f835056d9
2023-03-28 20:24:00,False,1.388e-07,4.483e-10,588941842.0,2.64052,0x08...af7e,https://bscscan.com/tx/0x4078bb1d451c226ff401c7f0dc8e6354676869ae856a0494ab025c9dce0532c1
2023-03-28 20:23:36,True,1.4e-07,4.501e-10,1441730999.0,6.49,0xde...fa58,https://bscscan.com/tx/0x60cc3c1f45099d693b497dd42043a221f1956b14de25b01d0dd54dba79f5cf76
2023-03-28 20:23:33,False,1.393e-07,4.476e-10,1006832465.0,4.50739,0xec...0165,https://bscscan.com/tx/0x88f72f3bde8998ddb4952295a8770cfa323b5946dfad55de570770dc315cb10d
2023-03-28 20:23:18,True,1.4e-07,4.5e-10,751014812.0,3.38,0x2a...576a,https://bscscan.com/tx/0x6872adf5ab3c47c85bcfc24895e467f2191f3a127f7d960695eb8fb8f21c1617
2023-03-28 20:23:12,True,1.398e-07,4.494e-10,355965096.0,1.6,0x1b...7f6d,https://bscscan.com/tx/0x4a33e5482b2a79b77f42b390aebcbf620ac551a1e63bb6190d984e18bcec126e
2023-03-28 20:22:45,True,1.397e-07,4.49e-10,559011056.0,2.51,0xde...fa58,https://bscscan.com/tx/0x8867aac20181fe18acf39b5ac6806b916c00eed3b6b9c1cabcc7d70e6a37c944
2023-03-28 20:22:42,False,1.39e-07,4.47e-10,1031500297.0,4.6109,0x2a...576a,https://bscscan.com/tx/0x85f857d96720c3d4cbace6b7130b48cf8cb613ff0ed244d26036235445b7803b
2023-03-28 20:22:33,True,1.391e-07,4.494e-10,669726028.0,3.01,0xec...0165,https://bscscan.com/tx/0x671880fa2850cedf9c8859de2fc9c09a2dffe43bfc16e94efb0f0ff5776b3955
2023-03-28 20:22:18,False,1.384e-07,4.47e-10,435604802.0,1.94747,0x08...af7e,https://bscscan.com/tx/0x37bcebb254d202ca59ed9bb91a362da9d55facf0a5fd3b2f8ce2a80fd4c9051d
2023-03-28 20:22:12,False,1.386e-07,4.476e-10,751982808.0,3.36652,0xde...fa58,https://bscscan.com/tx/0x2e76166564c61369a74eb3c460e6e2fe19b9facc13ec8df098f9bfcdbbc3e7b1
2023-03-28 20:22:00,False,1.387e-07,4.482e-10,366224055.0,1.64165,0xec...0165,https://bscscan.com/tx/0x987af69c51ccb63164aeded80f81f6036a0e9f8356e6770dfc16c2c42714bc1c
2023-03-28 20:21:42,True,1.393e-07,4.5e-10,1295477165.0,5.83,0x2a...576a,https://bscscan.com/tx/0x5ff3a9bf5fc89f4ab6a83524699021f42a12b39be5bd85ae2309e8951a4a7e94
2023-03-28 20:21:06,True,1.39e-07,4.491e-10,347304275.0,1.56,0xde...fa58,https://bscscan.com/tx/0x9af502ec0ab484c02303a0def5dfc470e25bf8a15a6ffeb992d3a2298927563c
2023-03-28 20:20:42,False,1.383e-07,4.469e-10,416972555.0,1.86373,0xde...fa58,https://bscscan.com/tx/0xa098821c692b46aea1c1492a0b75cad73b4851a118f8c81daa2837cb19a5a887
2023-03-28 20:20:09,False,1.385e-07,4.475e-10,725959153.0,3.24908,0x1b...7f6d,https://bscscan.com/tx/0x86b4b4458cbc28361b989bf04d084764fc0ccc3f51083acef12dce1d0dcc374b
2023-03-28 20:19:57,True,1.398e-07,4.496e-10,958460039.0,4.31,0x2a...576a,https://bscscan.com/tx/0x033923d92fdea90b0ab2a0e4dfb5618b3d9fbaea049254ecd2bb8b820e8a5916
2023-03-28 20:19:42,True,1.396e-07,4.489e-10,519031776.0,2.33,0x08...af7e,https://bscscan.com/tx/0xf8585d5cd1449e6daf9551c9e02a4a575ec31b632b2b3cdaa0edbe2d61a76728
2023-03-28 20:19:18,False,1.382e-07,4.466e-10,571444720.0,2.55263,0xde...fa58,https://bscscan.com/tx/0x25081a5b1ea5e0895c2c622e3814df8ce2332711dac1e9792d18af0968b6fc25
2023-03-28 20:19:06,True,1.39e-07,4.49e-10,438745610.0,1.97,0x1b...7f6d,https://bscscan.com/tx/0xd17545ae24610d4813a0b9ea122a8b34ea1e6c84311e8ce009c0527ffae9452e
2023-03-28 20:18:51,True,1.394e-07,4.481e-10,1124504685.0,5.04,0x08...af7e,https://bscscan.com/tx/0x4e59bf9fde1d031170785df110827aed505a63db7325f4982730cb0c9c50113e
2023-03-28 20:18:42,True,1.391e-07,4.472e-10,798292528.0,3.57,0xec...0165,https://bscscan.com/tx/0xbe68790ef376761ee06cb923663498ccf33bbdf968505417a84efb910c8657a0
2023-03-28 20:18:39,True,1.381e-07,4.462e-10,1131751633.0,5.05,0x1b...7f6d,https://bscscan.com/tx/0x548aaf649cbced4ca5f6e47c4205f15d207bce5436142d7aa5dfad54b8ffd65f
2023-03-28 20:18:09,False,1.373e-07,4.436e-10,424893776.0,1.88492,0x1b...7f6d,https://bscscan.com/tx/0xcf0a739ffd976cf7502cace894ff8cfd1c818ad554145c493f47879afaf260f5
2023-03-28 20:18:00,True,1.379e-07,4.454e-10,1165068790.0,5.19,0xde...fa58,https://bscscan.com/tx/0xfd6bc01e6044eddfa273148876cb0dd92ab71037927bb59013dbede2b285e7cb
2023-03-28 20:17:33,False,1.379e-07,4.432e-10,1118793672.0,4.95871,0xec...0165,https://bscscan.com/tx/0x8b92b6f889b1a0427e9932b56ea05c850d360459e7bc40dcffdfd8dd1a8b7d86
2023-03-28 20:17:21,False,1.382e-07,4.442e-10,870931225.0,3.86896,0x1b...7f6d,https://bscscan.com/tx/0x9ba706af27269db852a2f4ceab6f8695b32afc139c3904b805c3bd17ca3b4c4f
2023-03-28 20:17:06,False,1.385e-07,4.448e-10,382410212.0,1.70124,0x08...af7e,https://bscscan.com/tx/0xfa1afdd9cbebd60996691de1f59f8d111a0aa2e0f2c36ceb8e7322f389b2e546
2023-03-28 20:16:54,True,1.391e-07,4.47e-10,527929377.0,2.36,0xde...fa58,https://bscscan.com/tx/0x45a4430f65d641d1bc432617e93fb4f8e8a4ac07fa317f2f954cffdd24d467cd
2023-03-28 20:16:45,False,1.377e-07,4.449e-10,923722131.0,4.11056,0x2a...576a,https://bscscan.com/tx/0xf441867128009e512574d6b761db1fa1770e5e1450d36af612e808dc3d9edc0b
2023-03-28 20:16:24,True,1.391e-07,4.47e-10,1317591408.0,5.89,0x1b...7f6d,https://bscscan.com/tx/0x12c1d8092b4ca3c5fb0004b06638572a031425aee97ccdcc0d65f148eaa28e4a
2023-03-28 20:16:15,True,1.388e-07,4.461e-10,396730977.0,1.77,0x08...af7e,https://bscscan.com/tx/0xe8c6987bba16a1ba518f887ae68501e3e693afffd09e6a8749254064c9970010
2023-03-28 20:15:57,True,1.38e-07,4.457e-10,354450412.0,1.58,0x1b...7f6d,https://bscscan.com/tx/0x255001607c5436b729527086c6a2816ed5c74ff76960759e0cb2419259cb311e
2023-03-28 20:15:42,True,1.378e-07,4.452e-10,662565460.0,2.95,0xec...0165,https://bscscan.com/tx/0x4b10180d266f595ca0b94938121df3b53d94feabd65e3e9c4b8fdf7a0cb1b64b
2023-03-28 20:15:21,True,1.376e-07,4.447e-10,355281066.0,1.58,0x08...af7e,https://bscscan.com/tx/0x963a27b20791180842c652f95567883242ee25bc4687ae9ec1edfe96440c6bac
2023-03-28 20:15:12,False,1.37e-07,4.427e-10,777694275.0,3.44295,0x1b...7f6d,https://bscscan.com/tx/0xb7ed3a86230700bb1e1a4e536ab70a6bd376b6b79c8d32240d6bcf93ffb27289
2023-03-28 20:15:00,False,1.38e-07,4.435e-10,913033298.0,4.04996,0x2a...576a,https://bscscan.com/tx/0x2971d1f45b38c0f902a1a432d17f0fe356f71db9a5801de6fee65c720020acae
2023-03-28 20:14:42,True,1.38e-07,4.459e-10,697455125.0,3.11,0xec...0165,https://bscscan.com/tx/0x3337f7a08244cd4b1937f06455e1126780be6de89d6b8f6777fc36d9dc86b0e7
2023-03-28 20:14:30,False,1.373e-07,4.435e-10,431964456.0,1.91596,0x08...af7e,https://bscscan.com/tx/0x6c36500955a12c4bb296af447e4218e2a3380b3d25f2e0a204ad75d269894eb1
2023-03-28 20:13:36,False,1.374e-07,4.44e-10,523455044.0,2.32431,0x08...af7e,https://bscscan.com/tx/0x78ec539440e1e9b684af6c1829c21a7e839b962507c4ba544bf23a2fc776ef12
2023-03-28 20:13:27,True,1.38e-07,4.458e-10,1264920797.0,5.64,0x1b...7f6d,https://bscscan.com/tx/0x8f431a35de1b80ff077a733efb8811ac89e60e7899c9a78517e63cc98bfb7c6b
2023-03-28 20:13:09,False,1.379e-07,4.433e-10,703335104.0,3.11834,0xec...0165,https://bscscan.com/tx/0x8b3429283ed48cfca2a790710ad1c563e8bd129300732b65a2d92ce2951beda5
2023-03-28 20:13:03,False,1.381e-07,4.441e-10,818596221.0,3.63572,0xde...fa58,https://bscscan.com/tx/0x0c04a3de3c45b67f1df19a3561d1d07e4caf4fe52bfa8b4786e0617518bc80c7
2023-03-28 20:12:45,True,1.381e-07,4.461e-10,1228268268.0,5.48,0x08...af7e,https://bscscan.com/tx/0x1d6f0806dbabf5eaac28fae14dd0bb48968e43e1a188d37a467b497f15dee49c
2023-03-28 20:12:18,False,1.373e-07,4.435e-10,517176238.0,2.29402,0xec...0165,https://bscscan.com/tx/0xbdeb8e7112c1ab635c2622b0e83d6e674c79a9ae76d925bb8df7080edc6c820e
2023-03-28 20:12:00,True,1.386e-07,4.456e-10,706764378.0,3.15,0x2a...576a,https://bscscan.com/tx/0x0cfa4f1b43038ddc083b6e4c8f9b8997b4333c13800ab486062cc86f20ed4fc5
2023-03-28 20:11:51,False,1.372e-07,4.433e-10,485202357.0,2.15117,0x1b...7f6d,https://bscscan.com/tx/0x63c7dd3cc0ec0607af92d1f5207697fcc728944fb81a0a647f9739080818af9a
2023-03-28 20:11:27,True,1.378e-07,4.453e-10,1026272619.0,4.57,0x2a...576a,https://bscscan.com/tx/0xb6eef2c942dcb04689a066ec6c7fb187ccffaacf688896f0437b7691d444c8e8
2023-03-28 20:11:06,True,1.383e-07,4.444e-10,697539716.0,3.1,0xde...fa58,https://bscscan.com/tx/0x164111f6f32a6c84eee4796b4206febc57f044317f704431c98dfeaca1221a08
2023-03-28 20:11:00,True,1.381e-07,4.438e-10,479925977.0,2.13,0xec...0165,https://bscscan.com/tx/0x64dd1f22f98172897f96efe4373a7572ac2c8c243975389aa69ce3d995b5d0c0
2023-03-28 20:10:51,True,1.372e-07,4.433e-10,403727465.0,1.79,0x1b...7f6d,https://bscscan.com/tx/0x76c2c0e354eb52986608c000161ac87599f3e7ff970492ebca9930e5c6371c20
2023-03-28 20:10:36,False,1.367e-07,4.415e-10,1212854394.0,5.35553,0xec...0165,https://bscscan.com/tx/0x1ae14de9d3e85803a687abc1452907566710718753c0f89ab22e7f9b83df2e81
2023-03-28 20:10:21,False,1.37e-07,4.425e-10,646220233.0,2.85956,0x1b...7f6d,https://bscscan.com/tx/0x5b13bf27afdda7e14fd239f602006e444aee52e8db6ec6177034507e8a7e5322
2023-03-28 20:10:09,False,1.371e-07,4.429e-10,287267714.0,1.27254,0x08...af7e,https://bscscan.com/tx/0xa6efc9e13e59331129e19ee930cdae73f9bfc7b870073552491c8a5842935ae2
2023-03-28 20:10:06,False,1.373e-07,4.434e-10,716819355.0,3.17902,0xde...fa58,https://bscscan.com/tx/0xbd792870ae37fa8ccf5b5dc92c11d3820e0784f55420d4a47daee26e103cd803
2023-03-28 20:09:18,False,1.382e-07,4.44e-10,451367469.0,2.00446,0x08...af7e,https://bscscan.com/tx/0x9d0a9152f39424600c6f66232f5f4515495535d62b43eca6f898ca7b2bbf684e
2023-03-28 20:09:09,True,1.388e-07,4.46e-10,984218392.0,4.39,0x1b...7f6d,https://bscscan.com/tx/0xb7594e67f604b9c0f5762480b78ea8678508c0fe1066e6c9324221b5b7ef42dc
2023-03-28 20:08:48,False,1.374e-07,4.439e-10,1173533202.0,5.20941,0x2a...576a,https://bscscan.com/tx/0x0a12017d1cbe43dedc6fc468f46fc4500cfe0c98235cbab89fb77687215261e4
2023-03-28 20:08:27,False,1.384e-07,4.448e-10,694191014.0,3.08819,0x08...af7e,https://bscscan.com/tx/0xc394dc1561be79d6bd3949c3c717dc9277243d97af2536e1cd6a8b430f3c91dd
2023-03-28 20:08:09,False,1.386e-07,4.454e-10,374029841.0,1.66596,0x1b...7f6d,https://bscscan.com/tx/0xcd3058e0f05d17f9eeaefb194451d438ff3130f6dee6ebd552291dabb5d4e40f
2023-03-28 20:08:00,True,1.394e-07,4.48e-10,10913231.0,0.0489,0x46...0f15,https://bscscan.com/tx/0xc49f9b8799e32c432060a937089ff1dcf8c8f0dc776c1539b870cf42b29cc550
2023-03-28 20:07:54,False,1.387e-07,4.46e-10,884789974.0,3.94655,0xde...fa58,https://bscscan.com/tx/0x6cc84998f6d4d3e2d64a47526a213086288a1ccfca57675c0d38d871145ca84f
2023-03-28 20:07:45,True,1.395e-07,4.482e-10,852113944.0,3.82,0x2a...576a,https://bscscan.com/tx/0x118c2caef7b2b82b5038535e87081f4661bc329d5bc1a2f5f5363e6994f7bf6f
2023-03-28 20:07:33,False,1.388e-07,4.462e-10,1154888304.0,5.15327,0x08...af7e,https://bscscan.com/tx/0xc5a58e8c27812682a43b26cd52ae15345c7914989598baf0575dff93f8aab22b
2023-03-28 20:07:18,False,1.384e-07,4.472e-10,908497486.0,4.06349,0x1b...7f6d,https://bscscan.com/tx/0xe86b2d38bc39fc119856621b526579ded0c6d10de9588d885059b36961132d9b
2023-03-28 20:07:12,True,1.392e-07,4.497e-10,420212496.0,1.89,0xde...fa58,https://bscscan.com/tx/0xc00ddce486fc17496c1702a81f895ac904e8fe1aaa7bf7a6901b40add1d9fee8
2023-03-28 20:07:09,True,1.39e-07,4.492e-10,614378035.0,2.76,0xec...0165,https://bscscan.com/tx/0x1d645bcabdd88dbf668dae278d670df3714a9760af048aaaf4cb68bf55bf698f
2023-03-28 20:06:51,False,1.391e-07,4.471e-10,961561455.0,4.29982,0x1b...7f6d,https://bscscan.com/tx/0x22855a3381d909bf3fdfae85a2348e24adc7b4a3d60c7a69e06e81f8c9819e0e
2023-03-28 20:06:42,True,1.398e-07,4.493e-10,1177386270.0,5.29,0x08...af7e,https://bscscan.com/tx/0x1d0109077850106c4449c7dec8e7654075e4c00f4dbc419552b25ab818ead7bd
2023-03-28 20:06:27,False,1.39e-07,4.468e-10,681313812.0,3.04411,0x2a...576a,https://bscscan.com/tx/0xe3a71facf0695866a06f4e7f9097612c92ffdfbb75ac6c513416870a6786682e
2023-03-28 20:06:06,False,1.386e-07,4.477e-10,1099981843.0,4.92483,0xde...fa58,https://bscscan.com/tx/0xcda5385b932150976d0c58ef56d09b847f4d699d6c209a63d5717dc1c5923811
2023-03-28 20:05:39,True,1.4e-07,4.501e-10,699732177.0,3.15,0xde...fa58,https://bscscan.com/tx/0xb8cf9da7c8749512c461b3297e8f35ba34f02cf1b2af315910bb193c5ec921d4
2023-03-28 20:05:18,False,1.393e-07,4.476e-10,261413977.0,1.17034,0xec...0165,https://bscscan.com/tx/0xe763b0451079a35869fbf874bed4c0b34c2d491e8676a03efaa06045bad59b51
2023-03-28 20:05:15,False,1.394e-07,4.48e-10,474183676.0,2.12471,0x2a...576a,https://bscscan.com/tx/0x69bbe019173faf64beb2a6ee6bf30c34691b9425fca3ff1c8d9fdd2fc88ee990
2023-03-28 20:05:00,True,1.4e-07,4.5e-10,942051797.0,4.24,0x08...af7e,https://bscscan.com/tx/0xfd064c9e9ea8c2b2a542f03cef8438ec0a9c06b182de9d947efd8e348b4feae0
2023-03-28 20:04:48,True,1.397e-07,4.49e-10,1028822276.0,4.62,0x2a...576a,https://bscscan.com/tx/0xca1e802c419d160f5343293ba515184e28d160d8e886cb44351672eb1db040b3
2023-03-28 20:04:15,True,1.395e-07,4.485e-10,38000000.0,0.1704,0xca...f66d,https://bscscan.com/tx/0x856fbaaeee5184d609d589a40f5d44bdb1c43110647f4c0a6b2d83240faecb95
2023-03-28 20:04:06,True,1.394e-07,4.481e-10,673902686.0,3.02,0x1b...7f6d,https://bscscan.com/tx/0x2ec96b50bbd19908204228faedb91a4b863933b3e4e1d6f8065feb0754fa74f4
2023-03-28 20:04:03,True,1.393e-07,4.477e-10,16079338.0,0.072,0xf9...fefb,https://bscscan.com/tx/0xf1e8ac3c78ef8380f4215fe8322007c775acebad2616e7a9c7b01155d174bcb0
2023-03-28 20:03:48,True,1.391e-07,4.473e-10,811441477.0,3.63,0xec...0165,https://bscscan.com/tx/0xfceaa4e4ee9d0bfa02ff4130ed8096049583d385f5a67ac4e5ac7cbcc8668be6
2023-03-28 20:03:36,False,1.377e-07,4.448e-10,328337870.0,1.46068,0x1b...7f6d,https://bscscan.com/tx/0xd1803e7d84d33693a0942a2404586b83f78423ce16726954dc876f6801dad55c
2023-03-28 20:03:21,True,1.39e-07,4.467e-10,982619514.0,4.39,0xde...fa58,https://bscscan.com/tx/0x3d3d2998b194a2777ae9f41e0f16a03105f6116abd281dcf661866d5476e03b1
2023-03-28 20:03:09,True,1.388e-07,4.459e-10,515701072.0,2.3,0x1b...7f6d,https://bscscan.com/tx/0x09725f316cef3f3abcc7e999b89b33d7fc3593b567dfbe969159711a6074bc6e
2023-03-28 20:02:33,False,1.381e-07,4.439e-10,824630415.0,3.66074,0xec...0165,https://bscscan.com/tx/0xc5d157194cb2c2e1f000ba57cdcf2970c435a2f407169c806254b73966f10986
2023-03-28 20:02:24,False,1.383e-07,4.445e-10,370767781.0,1.64819,0x2a...576a,https://bscscan.com/tx/0xb2cb94dfa84e945aa23d8f16362c8c2ebe87dee703b82ec7c4db71dfa172cbe3
2023-03-28 20:02:21,True,1.39e-07,4.467e-10,342450518.0,1.53,0x1b...7f6d,https://bscscan.com/tx/0xdc279543d05edc5d1235c6acad8144aea84c6dd8e1f010ae8715474afdb96bfd
2023-03-28 20:01:54,True,1.389e-07,4.462e-10,620680620.0,2.77,0xec...0165,https://bscscan.com/tx/0xe7ef45350cc4944ba4a685eafcee46af83992f2e53681a646b9354dee5f737e2
2023-03-28 20:01:44,True,1.379e-07,4.455e-10,774292498.0,3.45,0x2a...576a,https://bscscan.com/tx/0x10abf4f59bce864386f9c648d06db0bf9db5b15d7244a9e09ae289fe2b437828
2023-03-28 20:01:23,False,1.381e-07,4.438e-10,1740354024.0,7.72432,0x18...fdce,https://bscscan.com/tx/0xb540d1e65ab719f06f479ae882216a4568c3692a19d8d0e212e6c62163d176b3
2023-03-28 20:01:02,True,1.382e-07,4.463e-10,1185183200.0,5.29,0xec...0165,https://bscscan.com/tx/0xb3d77d3599ece5dd1705fcb4e6ff648ffd411a69fc5114750b7d377bcad777bf
2023-03-28 20:00:53,True,1.379e-07,4.452e-10,963521069.0,4.29,0x1b...7f6d,https://bscscan.com/tx/0x0e1435c0e371d86945066bda090d1f7488dff07cb0c50143e48721beeb8d24cc
2023-03-28 20:00:38,False,1.378e-07,4.427e-10,369679907.0,1.63663,0x08...af7e,https://bscscan.com/tx/0x9ee3638a888be4f75264d08678d08d9e460633aebc1d0ab7a9dead89e5832c32
2023-03-28 20:00:35,False,1.373e-07,4.435e-10,1193416968.0,5.29295,0x2a...576a,https://bscscan.com/tx/0x1df90e4e28016487a6107eb2f4fc58e2dfab54c02e6c7aa556dfa8f478d4ea33
2023-03-28 20:00:29,False,1.377e-07,4.446e-10,1133801931.0,5.04201,0xec...0165,https://bscscan.com/tx/0x1b02476d18b6c206e681dba862bde3aaacbaceb62fd510650fd3173d36d3ef65
2023-03-28 20:00:11,True,1.392e-07,4.473e-10,386753257.0,1.73,0x2a...576a,https://bscscan.com/tx/0xfc3908814d23019f9207e655c33b071ae9c61f59a3584f6ab20700103f192503
2023-03-28 19:59:53,False,1.385e-07,4.452e-10,725151734.0,3.22876,0xec...0165,https://bscscan.com/tx/0xe31013fb247fdea09f6f3105d13fc5715307b6aaa49b032b92c27bc42468d8c4
2023-03-28 19:59:47,False,1.388e-07,4.459e-10,591568116.0,2.63797,0x08...af7e,https://bscscan.com/tx/0x0b6e1084a5367821c704ba565fcd7920500970215c7d7e65b9159a42c18c2e51
2023-03-28 19:59:38,False,1.39e-07,4.467e-10,1035228697.0,4.62504,0xde...fa58,https://bscscan.com/tx/0x85080102986b961baf771362dbb37c65c308877394a71b09fa42e60b308fed11
2023-03-28 19:59:14,True,1.397e-07,4.489e-10,1120365468.0,5.03,0x2a...576a,https://bscscan.com/tx/0x95f90e073a0cdedb90fd12082ad30db073905d816397b8b31b4cbb5d3e0d5a2f
2023-03-28 19:58:56,False,1.383e-07,4.464e-10,536483635.0,2.39496,0x08...af7e,https://bscscan.com/tx/0x59440345fe3c3de57f00cfe859eca5c93fa535100c4754705635774df1b52a7b
2023-03-28 19:58:44,False,1.392e-07,4.47e-10,707039116.0,3.16088,0x2a...576a,https://bscscan.com/tx/0xc912feff5f7d5d65aabf9bf899255f38485c32ffe1cd3928f1fc3946cdde29b8
2023-03-28 19:58:14,True,1.399e-07,4.492e-10,711391127.0,3.19626,0xd2...a28e,https://bscscan.com/tx/0x088b526e93583e459c5e1c81b5423fe62ecbf9033a85d06b0f7da27f023bb514
2023-03-28 19:58:14,False,1.391e-07,4.468e-10,260285230.0,1.16301,0xde...fa58,https://bscscan.com/tx/0xca10603eab08e531a19fdd95f3ce1f4436d334859177fce49223da1dab62b407
2023-03-28 19:58:08,True,1.398e-07,4.49e-10,367477211.0,1.65,0xec...0165,https://bscscan.com/tx/0x11e3caba5ec3c6988f39f172d7298b620aad45f532e35886842a81aea5dec73a
2023-03-28 19:58:02,False,1.384e-07,4.467e-10,255126112.0,1.13967,0x08...af7e,https://bscscan.com/tx/0x2a2f1664d966040d31b65b1c17ce9de467de14302f19d75e97d7aacd213d9f74
2023-03-28 19:57:53,False,1.393e-07,4.472e-10,876590148.0,3.92091,0x1b...7f6d,https://bscscan.com/tx/0xc7ac8f2463ebed305879e342aef6f69bba82bf6ab10ea88118232e25c9366771
2023-03-28 19:57:23,False,1.387e-07,4.478e-10,265370475.0,1.18854,0x1b...7f6d,https://bscscan.com/tx/0xcb0ab1462ac699e3a6c593bbaccd80870889b3c3218919376b082bf3ea01c698
2023-03-28 19:57:14,True,1.393e-07,4.497e-10,984986599.0,4.43,0xde...fa58,https://bscscan.com/tx/0x86f7118fbabb058e6e74fa85e38b0563ea371b3733516b5c2640bb159f2d0624
2023-03-28 19:57:02,True,1.398e-07,4.489e-10,641557112.0,2.88,0x1b...7f6d,https://bscscan.com/tx/0xbc875b04c792582534539009a7782a64d5bd5194f8ef8cba6d5eee3439588dfd
2023-03-28 19:56:41,False,1.391e-07,4.467e-10,800235237.0,3.57503,0x2a...576a,https://bscscan.com/tx/0x3f193006447ff58dade7fb16bbbc820b85f63dc6efd79453a13782d68cbae650
2023-03-28 19:56:35,False,1.394e-07,4.477e-10,1231703776.0,5.51552,0xde...fa58,https://bscscan.com/tx/0x811e0fa24fe64068d33a0a5be19a5f590b8fa18ef22c43129120dff9dcb2edc9
2023-03-28 19:56:29,True,1.402e-07,4.502e-10,763962040.0,3.44,0x1b...7f6d,https://bscscan.com/tx/0xf8051e5214c36ba8e20447024f504384cdf3d3d3af24e3c4156b0e7d349d48a9
2023-03-28 19:56:11,True,1.399e-07,4.493e-10,1052656925.0,4.73,0x2a...576a,https://bscscan.com/tx/0x91a5f8b95022c3c53dacad0dac9738b636d53a03b98db16bc8200867900bcb78
2023-03-28 19:56:02,False,1.391e-07,4.467e-10,315274701.0,1.40838,0x1b...7f6d,https://bscscan.com/tx/0x5fdb941b33ee80eae25939b7d6205b7abc04f2512f58b2d9a38f5b3051b6bc0e
2023-03-28 19:55:23,False,1.385e-07,4.471e-10,618674111.0,2.76669,0x2a...576a,https://bscscan.com/tx/0xc7f6252389ab31632425f2b0a5c1f9aa0b96986bbf9020578a26b473781179c0
2023-03-28 19:55:20,True,1.391e-07,4.49e-10,1385174670.0,6.22,0xec...0165,https://bscscan.com/tx/0x2712e05e669f0afd8a01280b16cc5cd2c06e011c8a46bdad29c07c0424f65103
2023-03-28 19:55:08,True,1.388e-07,4.479e-10,658507533.0,2.95,0xde...fa58,https://bscscan.com/tx/0x5b2eaa1af5afc9f08dbfffd308747e6d823674dac3d6040dce95c1b69c2518b2
2023-03-28 19:54:53,False,1.381e-07,4.456e-10,500827472.0,2.23201,0x1b...7f6d,https://bscscan.com/tx/0x0348398571ef3504710dbfeff9f3b44fc95f93b5415f7f73e507901275194cb7
2023-03-28 19:54:38,True,1.394e-07,4.479e-10,497877289.0,2.23,0x08...af7e,https://bscscan.com/tx/0x63814774e921827f859a87325caf09d58cc1caa38253cd504e158b8670f516cb
2023-03-28 19:54:23,False,1.381e-07,4.458e-10,795754679.0,3.54762,0x2a...576a,https://bscscan.com/tx/0x20ec2103cf0ad768cd867476a19eb912cb1a928d949950434999d3c7e9760f4f
2023-03-28 19:54:17,False,1.383e-07,4.464e-10,443523917.0,1.98013,0xde...fa58,https://bscscan.com/tx/0x126a87adfae4ba5d9be5ea5ce220125d0c13014663d73f6117bd4e035911c29e
2023-03-28 19:54:11,True,1.391e-07,4.488e-10,83557254.0,0.375,0xaf...c6b1,https://bscscan.com/tx/0x8ce81e1f6945a99b785c217bbc5f62b4be4c0f80e7887d053e7620b799a2c35b
2023-03-28 19:54:08,False,1.384e-07,4.467e-10,218500000.0,0.976,0xd1...bf3a,https://bscscan.com/tx/0x826d5b2bbbf5cccfb28dae5d15cc031ec5534720db4c297cc02382da69ed13c7
2023-03-28 19:53:53,False,1.392e-07,4.472e-10,777744150.0,3.47825,0x2a...576a,https://bscscan.com/tx/0x043d235912194e5ce6be779baa4f023795d2e0554bf095537f283df2613d3038
2023-03-28 19:53:44,False,1.394e-07,4.478e-10,408971837.0,1.83152,0x08...af7e,https://bscscan.com/tx/0x5103bf4d30ea7c5bd4be788049bc105625177e9f07b93d09e6f834e66798155c
2023-03-28 19:53:41,False,1.395e-07,4.482e-10,304287408.0,1.36383,0xde...fa58,https://bscscan.com/tx/0xc8c5d7b500b183b97cf2a6d3a9c42374ab4c69b45c8697f4919475267bf896a0
2023-03-28 19:53:05,False,1.398e-07,4.489e-10,1137565250.0,5.10711,0x1b...7f6d,https://bscscan.com/tx/0x664a5b3c9b2c4dc70f0f519ce9fd07f6ff178896edad2e0783d577da8b11f575
2023-03-28 19:52:50,True,1.404e-07,4.511e-10,1321199950.0,5.96,0xde...fa58,https://bscscan.com/tx/0xa0aaaac3adbab001486303fbcbe98411f1f5b0dd3cd582332f57a8dcfe31c9a7
2023-03-28 19:52:44,False,1.397e-07,4.486e-10,940796296.0,4.22093,0xec...0165,https://bscscan.com/tx/0x1a0ff082929d9c4ababbc53ce04d573b1946c2b20cc838306a9f1ab05dda2fee
2023-03-28 19:52:23,False,1.391e-07,4.491e-10,16565633.0,0.0744,0x02...a751,https://bscscan.com/tx/0x922b6b76a38bc6880c71d4b062de0d1d7a377f5ec96dd21c09f250b08285950e
2023-03-28 19:52:05,True,1.404e-07,4.508e-10,1073522987.0,4.84,0xde...fa58,https://bscscan.com/tx/0x7134c0c7e5de97bbc408bb22efc044854037672d94a8aa745c29aed0fd80807d
2023-03-28 19:52:02,False,1.395e-07,4.481e-10,294521945.0,1.32004,0x08...af7e,https://bscscan.com/tx/0x2ef06938baae5edd16a18be32a4f2871776cbd87f187eeb27a17a82216774ed8
2023-03-28 19:51:08,True,1.402e-07,4.503e-10,455189928.0,2.05,0x08...af7e,https://bscscan.com/tx/0x3857836ec183e46a22311a11d0c0406f5a5234500d50347ebd699e9e713ee49f
2023-03-28 19:50:59,False,1.389e-07,4.483e-10,942333484.0,4.22509,0xde...fa58,https://bscscan.com/tx/0x5ecc367a321a4067275523363cbc01ef295666558675ffc8cfcb6d35675eb4bd
2023-03-28 19:50:50,False,1.398e-07,4.492e-10,672415395.0,3.0205,0x1b...7f6d,https://bscscan.com/tx/0x2eb29cf0c521fdddedbe28922f6918b145e45865eeeabd6fe90d30dd6727f16c
2023-03-28 19:50:11,True,1.406e-07,4.516e-10,343203733.0,1.55,0xec...0165,https://bscscan.com/tx/0x3774889cfe31f6128fd1cf88e63b9426872d2c302285ce9f740b6cb0893c53c8
2023-03-28 19:49:29,False,1.393e-07,4.498e-10,1237481872.0,5.56665,0xec...0165,https://bscscan.com/tx/0x633dffcf96048c36603a691c9109bf8848834e3187ef8d410335c3b9bf24bf1b
2023-03-28 19:49:23,False,1.396e-07,4.508e-10,674239543.0,3.03969,0x08...af7e,https://bscscan.com/tx/0x9b712dd48670b69737a8c846d936531b3480b650dcb951d3b73b1e88f6bbf328
2023-03-28 19:48:26,False,1.405e-07,4.514e-10,581159297.0,2.62387,0xde...fa58,https://bscscan.com/tx/0x29e358c1724494609026eb3ad0ef83cd8a8b1a23f047160153d748260d2391e6
2023-03-28 19:48:14,True,1.412e-07,4.536e-10,751659300.0,3.41,0x1b...7f6d,https://bscscan.com/tx/0xa35f1513f6004c76eebde922a4a34d794d9a43bfe501bd097ebd3dc98db349cc
2023-03-28 19:47:41,True,1.402e-07,4.526e-10,1137696375.0,5.15,0x08...af7e,https://bscscan.com/tx/0x7d31b8330c585a3aa275ea74ef3b3d4abd2a2d91d930c7a2ef7a9e72b061c39b
2023-03-28 19:47:11,False,1.401e-07,4.501e-10,609276829.0,2.74256,0x1b...7f6d,https://bscscan.com/tx/0x79c3a98915365c64eb28582b9e97dcdd8d2a04ae68787e249444e7f32f79e5ce
2023-03-28 19:47:08,True,1.4e-07,4.52e-10,1163460544.0,5.26,0x2a...576a,https://bscscan.com/tx/0x1acff95283cb1039e5469b1e296f034f90d720470f406c82550eae7f31fa68f6
2023-03-28 19:46:47,False,1.4e-07,4.497e-10,1030817615.0,4.63634,0x08...af7e,https://bscscan.com/tx/0xc2d43cba8bbf82a1f94d34f4a13033946780e3155db2bb966101f9340d7cef95
2023-03-28 19:46:14,True,1.401e-07,4.523e-10,453208487.0,2.05,0x1b...7f6d,https://bscscan.com/tx/0x95bb41dbd4607c8ab5de0335c7d3a4b6b5dc69931644aed6d712784d4d6e7823
2023-03-28 19:46:08,True,1.4e-07,4.518e-10,420472534.0,1.9,0x2a...576a,https://bscscan.com/tx/0x91efade139959ae25c01c4a45d252b1675bc23f639ff62eb5f94841075d00835
2023-03-28 19:45:59,False,1.399e-07,4.495e-10,259251830.0,1.16542,0xde...fa58,https://bscscan.com/tx/0x63b24ccdf5c269852b4c6cdf48665339f84c9f93195935df39160694684b5409
2023-03-28 19:45:38,True,1.406e-07,4.516e-10,484867998.0,2.19,0x2a...576a,https://bscscan.com/tx/0x436e7bc6c73fc0d86c55b71a75f751fc23e00c00d73adb5a56702d55aeca3072
2023-03-28 19:45:11,True,1.404e-07,4.511e-10,525334582.0,2.37,0x2a...576a,https://bscscan.com/tx/0xd88926993c1c8059046f1c57938eb11c0a468fd87711fa2fe9268f05fe9c599c
2023-03-28 19:45:05,True,1.394e-07,4.501e-10,1319476646.0,5.94,0x08...af7e,https://bscscan.com/tx/0xcec78ed7a49e9ecd20596b8ce533a18c976b50a2ddf1418219ef4cf7c8e814e9
2023-03-28 19:44:59,True,1.39e-07,4.488e-10,1294504813.0,5.81,0xde...fa58,https://bscscan.com/tx/0x21d706e1aaa97a6a6c907e6c0bbc9a33f5946bbe6f3fd9a8e77ea3149ddd91d0
2023-03-28 19:44:35,True,1.394e-07,4.477e-10,768280796.0,3.44,0xec...0165,https://bscscan.com/tx/0xfe766aee4b300be950b8995b7ac68b90b7ba74c462e6b7594bd328b57b076034
2023-03-28 19:44:20,False,1.386e-07,4.454e-10,627248418.0,2.79404,0xde...fa58,https://bscscan.com/tx/0x130a93d02f445fcf7e0bcfe43a0e68975a136fb51d979fce56fd0af89ffb213d
2023-03-28 19:44:11,True,1.394e-07,4.479e-10,171727138.0,0.7691,0x99...3f47,https://bscscan.com/tx/0xdb0f93fb29277bf1a6491b78e2fa3e662cc1fac925b961562790f22a6d4934ba
2023-03-28 19:44:11,False,1.389e-07,4.461e-10,1168449698.0,5.21351,0x08...af7e,https://bscscan.com/tx/0xea3a756ebbf8e3f51a965dc635ccc6b36dae20631a0ca8505c4f5855f9cd1818
2023-03-28 19:43:47,False,1.391e-07,4.47e-10,467293397.0,2.08895,0x2a...576a,https://bscscan.com/tx/0x2b9cc2a6f4fd9dc3014c2b27ceb73a077994964c60f02f9d507151dfb9cd7d28
2023-03-28 19:43:38,True,1.397e-07,4.488e-10,1267661828.0,5.69,0xec...0165,https://bscscan.com/tx/0xe5cc3f4310b0701ed4d6a48a2c7092774a94e5d0b2984dc6584f803d0e832776
2023-03-28 19:42:50,True,1.387e-07,4.479e-10,535804546.0,2.4,0x1b...7f6d,https://bscscan.com/tx/0x04b07daddf04f65de24a05dee3f19e9ac5053ab48ea83a8a9def7594236a2ed3
2023-03-28 19:42:44,False,1.381e-07,4.459e-10,989566938.0,4.41269,0x2a...576a,https://bscscan.com/tx/0xf5c49cdbe6df07ccf0f164bc0c8677e9de9283cdf18fffe0dd98eed838737f02
2023-03-28 19:42:29,False,1.39e-07,4.465e-10,302867282.0,1.35256,0x08...af7e,https://bscscan.com/tx/0x2bb0cb48d85f6a751beaf6dd6c848f8b27d28aa8a4fc66261061fb7e1b4897ff
2023-03-28 19:42:20,False,1.392e-07,4.473e-10,1134314403.0,5.07408,0xec...0165,https://bscscan.com/tx/0x55b70f7c670aadbee63cab758741b39aae6a8d309139477080134eeb5681d12a
2023-03-28 19:41:39,False,1.389e-07,4.485e-10,1177295151.0,5.28041,0x2a...576a,https://bscscan.com/tx/0x3cf496dd5698d1a688afd8f8abf07d5888ba2aecf3e638d00517dac017d8e022
2023-03-28 19:41:33,False,1.399e-07,4.494e-10,692525816.0,3.11284,0xec...0165,https://bscscan.com/tx/0x1301de02bf654d725ce59318c75cb8d4495907d92e4983dd54e0447207edd39e
2023-03-28 19:41:24,False,1.401e-07,4.501e-10,594937364.0,2.67817,0xde...fa58,https://bscscan.com/tx/0x144c3dd9c4c0f57c0a8c670b296c7bed802dfc3ea13e522ae782128dadb8325d
2023-03-28 19:40:57,True,1.402e-07,4.525e-10,369031229.0,1.67,0x1b...7f6d,https://bscscan.com/tx/0x940c5445d97e1ff4da8e2b06541cc4676f797aedbb263973bdbe85f652d8ab37
2023-03-28 19:40:57,False,1.395e-07,4.503e-10,487861091.0,2.19703,0xde...fa58,https://bscscan.com/tx/0xd7da0f82b540dbfd8866f8ab8a3b39d728ea9e17513163368ab1f0ea0c16ec3f
2023-03-28 19:40:30,False,1.397e-07,4.511e-10,995266218.0,4.48977,0x1b...7f6d,https://bscscan.com/tx/0x3e5eb1bfd4549e6976bb3a848b62b4fd923147d7a2882ac8bd4b4497ad438430
2023-03-28 19:40:06,True,1.411e-07,4.532e-10,1140531176.0,5.17,0x1b...7f6d,https://bscscan.com/tx/0x27a2ef8ee2d3bcc019db767c5b67946df896009b7f26192ffc936e83189d7229
2023-03-28 19:39:36,True,1.401e-07,4.524e-10,561445678.0,2.54,0xde...fa58,https://bscscan.com/tx/0x6ed9e2643ee0ec63290e5ebd9257bcfed515e71c056326d9e5eb7403dc5d08c4
2023-03-28 19:39:21,True,1.399e-07,4.516e-10,810299982.0,3.66,0x1b...7f6d,https://bscscan.com/tx/0xacc006ea13c31c87ec754904af4e4a2e8df8d29569d063246feebc26ee6c6aba
2023-03-28 19:38:54,True,1.395e-07,4.505e-10,1340551802.0,6.04,0xec...0165,https://bscscan.com/tx/0x457d279c28b795c6099b2c6ed53844aa2c53c6f0e89682f5b21085ded42864ff
2023-03-28 19:38:24,False,1.388e-07,4.479e-10,672539903.0,3.01274,0x1b...7f6d,https://bscscan.com/tx/0xb5bb59b22e921ea1a1c9f590ebecd9f1b78c9ad9ba0e3fe9a462fdc422e6c71f
2023-03-28 19:38:15,True,1.4e-07,4.498e-10,1367124551.0,6.15,0xde...fa58,https://bscscan.com/tx/0x47f74b08bc198c39122b6dbdf4ee3de6a9c610810e0d82d9ac005ec8ae13814c
2023-03-28 19:37:42,False,1.386e-07,4.475e-10,1190666501.0,5.32837,0x1b...7f6d,https://bscscan.com/tx/0xf025f429ba70b816cff6a50e6c086cb73689038aff212c8df2d493f8432823af
2023-03-28 19:37:36,False,1.389e-07,4.484e-10,614456614.0,2.7555,0xde...fa58,https://bscscan.com/tx/0x803e842eb4e768a9cc53b7fcda841905fdd59320b9a455e76f3f46c0912b0c58
2023-03-28 19:37:15,True,1.395e-07,4.504e-10,1123376657.0,5.06,0x2a...576a,https://bscscan.com/tx/0xc3a146147abc08b36090eff1acaa95f7b4b4475efab3d26da7dd042b580b4c7d
2023-03-28 19:37:03,True,1.399e-07,4.495e-10,638471586.0,2.87,0xec...0165,https://bscscan.com/tx/0xc0cf696ea68837a36db7889fdfac80b1be0deb8e4a2fc98c860ba950a6e3240b
2023-03-28 19:36:36,False,1.385e-07,4.47e-10,290610796.0,1.29928,0x2a...576a,https://bscscan.com/tx/0x828599ffac19e42a33b04536c102d646ec9cf439eab7e71c3acb7193849d9cd2
2023-03-28 19:36:27,True,1.391e-07,4.492e-10,514232112.0,2.31,0x08...af7e,https://bscscan.com/tx/0xf58622ab94ea835538bbd6df03dd123bc907a524e2202c4f554e761cd6d9dbdc
2023-03-28 19:36:06,False,1.391e-07,4.468e-10,348508327.0,1.55743,0xec...0165,https://bscscan.com/tx/0xd1540d5ab7146420830fdddf9b64b62fde027352100c7476c429875daf680628
2023-03-28 19:35:57,False,1.393e-07,4.475e-10,923362725.0,4.13243,0x2a...576a,https://bscscan.com/tx/0xfab7e29f25075f79100c0f2fac1bd167e1fa35c84c6e6e43bfeb866f8fecfcd2
2023-03-28 19:35:33,True,1.394e-07,4.499e-10,597838526.0,2.69,0x08...af7e,https://bscscan.com/tx/0x946e47035820d973f507c7c3da413b0089c2510f448295d320b0d3b4abb0fbad
2023-03-28 19:35:18,False,1.394e-07,4.477e-10,769616772.0,3.44631,0xec...0165,https://bscscan.com/tx/0x374c743e9e77b24832522f510f6e9148a2a5ae8dea24212d2bd9ac3556fdffd4
2023-03-28 19:34:48,True,1.394e-07,4.5e-10,846663906.0,3.81,0xec...0165,https://bscscan.com/tx/0xa500e3e4e9810a5b6cdc32c485eb79ab37adc8dcc7a616d27551f839703d7abd
2023-03-28 19:34:42,False,1.387e-07,4.477e-10,781725585.0,3.49995,0x08...af7e,https://bscscan.com/tx/0x7a6e695467c29f4188bb9d6f6f0d80eb97c329f49a5881439bfb22f002118970
2023-03-28 19:34:00,False,1.397e-07,4.486e-10,937451230.0,4.2055,0xde...fa58,https://bscscan.com/tx/0xeba11805755a03618817a8860206047a1cf24fd3668b25eece7119894f77e7f9
2023-03-28 19:33:36,True,1.404e-07,4.508e-10,958193554.0,4.32,0x2a...576a,https://bscscan.com/tx/0x151d8f2378c7df6d1ff688a1592b15e5d32811a67ae5e74986f3cbc92e949432
2023-03-28 19:33:15,False,1.396e-07,4.484e-10,628484171.0,2.81829,0xec...0165,https://bscscan.com/tx/0x9a06ee540ffbcd61f6c83a5c3c59476687c31c7db4a6fa1b3bfc0381f66fd528
2023-03-28 19:33:06,True,1.396e-07,4.505e-10,845611570.0,3.81,0x2a...576a,https://bscscan.com/tx/0x5a4476fb9b20983741a54d13ee1ad63cf013e1d379604bada74c9675de6e97eb
2023-03-28 19:32:57,True,1.393e-07,4.497e-10,740435063.0,3.33,0x08...af7e,https://bscscan.com/tx/0xea3c49a679596d4bb9dc925067bb76a7cd79908014c801b568b8fe3c6122449d
2023-03-28 19:32:48,False,1.387e-07,4.476e-10,1129570996.0,5.05699,0xec...0165,https://bscscan.com/tx/0x9590e0d50f0184164694fa2aa33fc7fd663ade2080b3ed4137f8a1d94d24b4d0
2023-03-28 19:32:33,True,1.395e-07,4.502e-10,599718799.0,2.7,0x1b...7f6d,https://bscscan.com/tx/0x8cd3bd58ed046e85c0ffa53250b78c44a45a0d9c6ebbaf0c292615a646266678
2023-03-28 19:32:06,False,1.394e-07,4.479e-10,516074864.0,2.3116,0x08...af7e,https://bscscan.com/tx/0xa44f7de10518482826bcecb5bd05d7934efb4a4e43728aceaec57c7cde6276e2
2023-03-28 19:32:00,True,1.394e-07,4.5e-10,719904162.0,3.24,0xde...fa58,https://bscscan.com/tx/0x45035f4982624afd8e19f659dbeec35a82064559fa71c62134aa7db876b25a2c
2023-03-28 19:31:57,False,1.388e-07,4.48e-10,1111186156.0,4.97828,0x2a...576a,https://bscscan.com/tx/0xee643ab8153d58e20a9bb7772f3383f7a2311d31db15ee4515e27b35adccaa58
2023-03-28 19:31:45,True,1.401e-07,4.501e-10,1319554143.0,5.94,0x1b...7f6d,https://bscscan.com/tx/0x68c813729aad37843458b480ed40e479a07a7b0383f3652cf21c373b2185ba70
2023-03-28 19:31:33,False,1.386e-07,4.474e-10,371603444.0,1.6626,0x2a...576a,https://bscscan.com/tx/0x4ea2c4b357d6ab14176a4567b1688a79954864b7f70c9662265d7538efe1b5de
2023-03-28 19:31:06,True,1.392e-07,4.493e-10,885643330.0,3.98,0xec...0165,https://bscscan.com/tx/0xfa8b46bc42d8295456677658cc979be39024e6c39d673535ecfedaac5f8398b2
2023-03-28 19:30:36,False,1.391e-07,4.468e-10,340446649.0,1.52134,0x1b...7f6d,https://bscscan.com/tx/0xcac4a8ebaa7934d11c48b3a10d18b4930b93790fd95836c42a86bf6653d9b76e
2023-03-28 19:29:30,False,1.386e-07,4.473e-10,606568424.0,2.71351,0xec...0165,https://bscscan.com/tx/0x28ef42e74be9012454d0b1a41e9097e61bec97d083e9ab119a53f2b1616d824f
2023-03-28 19:29:30,True,1.392e-07,4.492e-10,1297753145.0,5.83,0x08...af7e,https://bscscan.com/tx/0x67f50917941c28c41b0e20b1593c8af8665d1ca3708c82e62d6fb8c688e0440a
2023-03-28 19:29:15,False,1.382e-07,4.464e-10,333962363.0,1.49113,0x1b...7f6d,https://bscscan.com/tx/0x0a822096527a026a634541c5b9efcb104c5f994783dde531b64741fa8c883173
2023-03-28 19:29:12,True,1.388e-07,4.482e-10,1238096111.0,5.55,0x2a...576a,https://bscscan.com/tx/0x12abfade8e2896eef958203c3590e21c0775c6e48f48b2374b562c326c668eb4
2023-03-28 19:29:06,False,1.381e-07,4.458e-10,806539129.0,3.59562,0xde...fa58,https://bscscan.com/tx/0x4f3b1f8a1c159353f0bca4ec3aa80b7db83fdd0a4354d9db1bf20943fb8c20a9
2023-03-28 19:28:42,False,1.384e-07,4.466e-10,908375123.0,4.05762,0x2a...576a,https://bscscan.com/tx/0x6e1a24d4498c5070e3c36e5f7132f089bef71e10c6adff9f439ebad4dd753508
2023-03-28 19:28:39,False,1.386e-07,4.473e-10,434331170.0,1.94312,0x08...af7e,https://bscscan.com/tx/0xf0ba9940ecbb6d778c6b4dfbbd8548daa334bd8c38519eecc2e4996e129a1a22
2023-03-28 19:28:27,True,1.4e-07,4.496e-10,429243362.0,1.93,0xde...fa58,https://bscscan.com/tx/0x108bebf6ace76e3f2dd6e9b50a8548f8bd11912a4d0a8cc0173775d107e69958
2023-03-28 19:28:12,False,1.386e-07,4.474e-10,524338228.0,2.34606,0x2a...576a,https://bscscan.com/tx/0x73d525c3c58cde22875b282e1e142635af78203aa03d27d5e200d50ae6ad1d1f
2023-03-28 19:27:51,False,1.394e-07,4.478e-10,264302002.0,1.18365,0xde...fa58,https://bscscan.com/tx/0x68eaca2e44fdadcd6d6e02c405973be187c207d36ddff903e895f39be508fe60
2023-03-28 19:27:48,True,1.401e-07,4.502e-10,37422800.0,0.1684,0x5a...dbc6,https://bscscan.com/tx/0xfad7282b73d1b5eb0ec11d5f6686ae91bf5fc17d9abd822b2afdaf1c8d102d5f
2023-03-28 19:27:48,False,1.396e-07,4.484e-10,1011254822.0,4.53508,0x08...af7e,https://bscscan.com/tx/0x30cd7eef93137bb951e1d602f0288f4311675076ee27f6219e04f5966938fb5b
2023-03-28 19:27:33,False,1.399e-07,4.494e-10,806018858.0,3.62228,0x1b...7f6d,https://bscscan.com/tx/0xbb02d52e21b08d1015184ad5e276f83a1208c77b9b5b0565c5daaf63693b2fcc
2023-03-28 19:27:24,True,1.407e-07,4.52e-10,3981622.0,0.018,0x5b...75e5,https://bscscan.com/tx/0xcdca00db987d2e8c9b96b8ec558cf7bacab2ebed9eea3920f83547d1d555c13b
2023-03-28 19:27:06,True,1.406e-07,4.516e-10,872419350.0,3.94,0x2a...576a,https://bscscan.com/tx/0x8208e589b180be783d3111baa330c8b7c5c4d8cb3f5b2d310046259657f66e8a
2023-03-28 19:26:54,True,1.395e-07,4.505e-10,1158566962.0,5.22,0x08...af7e,https://bscscan.com/tx/0x0ad8861164e87bd443a126ef6db104a3ecf0cb33b6d95c28b24d6272db148991
2023-03-28 19:26:42,True,1.399e-07,4.494e-10,914394759.0,4.11,0xec...0165,https://bscscan.com/tx/0x4c2154daf7b9bcd0a1a568b3d8fe9b681f25730b3c5be3ce2110ebf2c6e2bdf9
2023-03-28 19:26:27,False,1.385e-07,4.47e-10,616035419.0,2.75416,0x1b...7f6d,https://bscscan.com/tx/0x1dc172b653b258f41c3a95ca25e2e5c9549280871684cc84553e55bb1c9dbac9
2023-03-28 19:26:12,True,1.391e-07,4.491e-10,861543881.0,3.87,0xec...0165,https://bscscan.com/tx/0x2e6deddbd2cd7d4d55122ed1df4a67ccbd0475fc5b34adb4135a30c9ae9d2f73
2023-03-28 19:26:06,False,1.391e-07,4.467e-10,569275932.0,2.54352,0xde...fa58,https://bscscan.com/tx/0x874a3a52c07d851f67195987477d32f049398f7001b32cfa03bc41fcbb167a67
2023-03-28 19:26:03,False,1.393e-07,4.474e-10,768360527.0,3.43833,0x08...af7e,https://bscscan.com/tx/0x5795f805eb6a7bf3e819e03ab7ad69a4a491a734f40507d63b71e594c8ed539c
2023-03-28 19:24:51,True,1.399e-07,4.494e-10,1348369674.0,6.06,0x2a...576a,https://bscscan.com/tx/0x07c7f741fccf797ed934dfaa13ef3a4fb976ecee5698feff43056d8ee085b4d4
2023-03-28 19:23:45,True,1.389e-07,4.485e-10,376780422.0,1.69,0x2a...576a,https://bscscan.com/tx/0x3aa1e4fd7c76fbf488bc3c8c0df75b5aa7ebfac145d024b67b91e52ce5992dc8
2023-03-28 19:23:42,False,1.382e-07,4.462e-10,357078568.0,1.5936,0x1b...7f6d,https://bscscan.com/tx/0xdd1aeda8f731a3b51c1f470cd406ca79d6226c65c5343a25c3dfd3c547ce4e96
2023-03-28 19:23:30,True,1.389e-07,4.483e-10,673562953.0,3.02,0xde...fa58,https://bscscan.com/tx/0xae61c47de38484ca1c80a91c852859c74a73d3c2f541ffc60c9ca1a5140e8da8
2023-03-28 19:22:57,False,1.389e-07,4.462e-10,830428096.0,3.7054,0x2a...576a,https://bscscan.com/tx/0x69623b4f3493b1a4856d8e2b764b85765aec9a5b0f0435ec5e404f3e79205ec1
2023-03-28 19:22:42,True,1.389e-07,4.484e-10,717949924.0,3.22,0x1b...7f6d,https://bscscan.com/tx/0x47af29c203cf2e53d9e975eea24824e0a72e5b78935464bf297e2e441decbf64
2023-03-28 19:22:36,False,1.382e-07,4.461e-10,589215977.0,2.62904,0x08...af7e,https://bscscan.com/tx/0x8d2c2be4a7b2d99e2b6f80e6ec219c44f6fdf3ba52e3f0e76a8663a9eddfb791
2023-03-28 19:22:30,True,1.389e-07,4.483e-10,653437591.0,2.93,0x2a...576a,https://bscscan.com/tx/0x5d66492c339fd05663a55207a2f35c999e4b49e16cab8c26a32534b86e3df13a
2023-03-28 19:22:12,False,1.389e-07,4.461e-10,634893337.0,2.83257,0x1b...7f6d,https://bscscan.com/tx/0x6f813ceaa3ab3a6aec554a31286be410572eb28fd40f19abf238bf8e04d7bb0f
2023-03-28 19:22:09,False,1.39e-07,4.464e-10,6137483.0,0.0274,0x59...d1ec,https://bscscan.com/tx/0xb96892af6f496f70ed5d51e5aef984987fcffb3735417f27b3571b58ead5baea
2023-03-28 19:21:30,False,1.391e-07,4.466e-10,344830739.0,1.54022,0x2a...576a,https://bscscan.com/tx/0x7a049fa22133d4a7913720262000cfe147c37ff4492d3ce8d3aa416008cfd030
2023-03-28 19:21:27,True,1.396e-07,4.484e-10,1222000667.0,5.48,0x1b...7f6d,https://bscscan.com/tx/0x44cbe09683fe913fff76df771d908346457f3dfbfb4a599229ae7db80878ba45
2023-03-28 19:20:57,False,1.381e-07,4.457e-10,412083410.0,1.83702,0x1b...7f6d,https://bscscan.com/tx/0x5d20224f9e422757f4804deac4b823056806f96ea468a76dfc0502c06be3532f
2023-03-28 19:20:51,True,1.387e-07,4.475e-10,1304842887.0,5.84,0x08...af7e,https://bscscan.com/tx/0x23f8f2cb560bae927d323acb68c48dbbb01d4d2663c4673f6ccc6c79507ea6dd
2023-03-28 19:20:45,True,1.383e-07,4.463e-10,1017099941.0,4.54,0xde...fa58,https://bscscan.com/tx/0x33b513bd22c8ea7e3fe3eb61cc6586e5112772113b361199ddfb8143e3dfd5b7
2023-03-28 19:20:30,False,1.375e-07,4.438e-10,475110928.0,2.10883,0x2a...576a,https://bscscan.com/tx/0x3ba6e8a86726deae43671dcaa8a28fe0eafe8d9dad3ace310702951d6c8ac9f0
2023-03-28 19:20:03,True,1.381e-07,4.458e-10,966725542.0,4.31,0x1b...7f6d,https://bscscan.com/tx/0x9340fa834aa873d3ead71c16abb54c9e8b5e06c6dff29b634fa367627ef4f238
2023-03-28 19:20:00,False,1.373e-07,4.432e-10,345824835.0,1.53301,0x08...af7e,https://bscscan.com/tx/0xda276635a5e0fbf233f1bbf7c943ca19df47c66c4e7e77dbd7de9f703a4e002f
2023-03-28 19:19:42,False,1.376e-07,4.44e-10,1152507858.0,5.11778,0x2a...576a,https://bscscan.com/tx/0x0ae499c0eed6effe6502f4207d6062e3c12ec25f2ee6f6c5e5cd50c525c32282
2023-03-28 19:19:27,False,1.379e-07,4.45e-10,696926821.0,3.10133,0xec...0165,https://bscscan.com/tx/0xb3fcba3f590c572603688f5ea3e9320cb85ed6a8c3245aadaca396fc3aa3d1d0
2023-03-28 19:19:12,False,1.389e-07,4.459e-10,1197688135.0,5.34136,0x1b...7f6d,https://bscscan.com/tx/0xe738f146dc3e155255493a64d84877aa9234778b4b2530b05c02c984e00b8b61
2023-03-28 19:19:06,True,1.389e-07,4.481e-10,1300890966.0,5.83,0x08...af7e,https://bscscan.com/tx/0xee2b6311e7083510bad017531ee2d8e116d1509cd7a9c7db6010101d882ebe9f
2023-03-28 19:18:57,True,1.386e-07,4.471e-10,599320298.0,2.68,0xec...0165,https://bscscan.com/tx/0x48fd01caed1133efe3ee4a1362662d464f79fc2e0c7f5f521f3da914c818153f
2023-03-28 19:18:27,True,1.39e-07,4.463e-10,920718795.0,4.11,0x2a...576a,https://bscscan.com/tx/0xf0929ffb2415d6380e9c611e1cd6066e19e372b6baa2b01e4e934aa708b67d56
2023-03-28 19:18:21,False,1.383e-07,4.441e-10,809423618.0,3.59469,0xec...0165,https://bscscan.com/tx/0x230f53b64a4deda7ec8ea69e20a80b870a640cc385f27bb9208aade753c0aec2
2023-03-28 19:18:15,False,1.385e-07,4.446e-10,267768278.0,1.19064,0x08...af7e,https://bscscan.com/tx/0xd972b863eebdb08f9038f28c6268983a1d4b03dce8ff71cd5ef68a9888346871
2023-03-28 19:18:03,False,1.386e-07,4.451e-10,757558678.0,3.37249,0x1b...7f6d,https://bscscan.com/tx/0x2c368d2be4e85dc2e45b015aa453669471da830db216f40af669fc9140ac730c
2023-03-28 19:17:54,True,1.394e-07,4.475e-10,451326345.0,2.02,0xec...0165,https://bscscan.com/tx/0x4acb97cafa56360c538347d43cdabcf72a2eb30c7d0d1d661d9e467a3018fa07
2023-03-28 19:17:36,False,1.387e-07,4.453e-10,474187866.0,2.11178,0xde...fa58,https://bscscan.com/tx/0x814875b75f0a0d3816cb761d63512643cd17adc9aea104ee8157ea2c810640b7
2023-03-28 19:17:24,False,1.389e-07,4.461e-10,1144869712.0,5.10816,0x08...af7e,https://bscscan.com/tx/0x011c4382708a8424359808ae4c832597c100e409f0131f1cdfc29bfd264a4e0a
2023-03-28 19:16:30,False,1.385e-07,4.47e-10,463952228.0,2.07389,0xec...0165,https://bscscan.com/tx/0x45316f5fa30d48afbb8856c15d7571bbfc0f9dd5b2f9de82540a37d0f2fe700a
2023-03-28 19:16:09,True,1.399e-07,4.491e-10,699136854.0,3.14,0xde...fa58,https://bscscan.com/tx/0x26baf3396b97badf8dfc0abd3a665094c51f5186c9791b87a3cf20c781185359
2023-03-28 19:15:42,True,1.39e-07,4.484e-10,646704225.0,2.9,0x2a...576a,https://bscscan.com/tx/0x5b6d7f9bac49e766c1fc837c009c7201b5f457ed4f7bebf07448594a5a647504
2023-03-28 19:15:24,False,1.383e-07,4.464e-10,1118695834.0,4.99421,0xde...fa58,https://bscscan.com/tx/0x154b016844bc83a1577b36fc21dfa982f141f8c118c410204ed4f995bf6f004a
2023-03-28 19:14:48,True,1.398e-07,4.488e-10,695049698.0,3.12,0xec...0165,https://bscscan.com/tx/0x73c86e09a4bfe019d0cb4563c7ee6a979b0f649d4e5568146d895d08d05cdd17
2023-03-28 19:14:48,False,1.391e-07,4.465e-10,470623329.0,2.10148,0x08...af7e,https://bscscan.com/tx/0x3a1bc28eb3086b991df1981a282fbf9b35022a4574bde251a1bdb5ccb953936e
2023-03-28 19:14:21,True,1.39e-07,4.486e-10,626266830.0,2.81,0xec...0165,https://bscscan.com/tx/0x29d98eb8149715b8c23fead7ddd64a6a97c16bdb00a076740178aff49f08ea94
2023-03-28 19:13:57,False,1.384e-07,4.467e-10,1163711732.0,5.19861,0x2a...576a,https://bscscan.com/tx/0x976b39ecd17dfd51a488b83b05fb54ca83d034d8b5b99dfd662c8d308834523c
2023-03-28 19:13:48,True,1.398e-07,4.488e-10,1390224273.0,6.24,0xde...fa58,https://bscscan.com/tx/0x53bad35a56a668943e27c48aec024e794c2415e0ab10ce271518e0a2d4893077
2023-03-28 19:13:36,False,1.39e-07,4.464e-10,1086411180.0,4.85029,0xec...0165,https://bscscan.com/tx/0xf94cd08b3a282cae1a3e625a555a90afa3b184c85cddb4c494d65751c2972bf8
2023-03-28 19:13:00,False,1.393e-07,4.474e-10,814336635.0,3.64358,0x2a...576a,https://bscscan.com/tx/0xa8f5dfea61e219dbff16a480bda95cf9c19c71ffd66097339c29a34b7e1d4d48
2023-03-28 19:12:45,True,1.394e-07,4.498e-10,506854809.0,2.28,0xec...0165,https://bscscan.com/tx/0x8c01c9eefd62d69d755c4fb87aad903774b48385a780cdafd88dbb8e5506ca69
2023-03-28 19:12:30,True,1.398e-07,4.489e-10,1213974007.0,5.45,0x1b...7f6d,https://bscscan.com/tx/0x9316982b734edb0ab681ae09c4c27121b395e37c6a1b5ef30d62a53873ce335b
2023-03-28 19:12:12,False,1.383e-07,4.463e-10,510539979.0,2.27872,0x08...af7e,https://bscscan.com/tx/0x8b1f69fcc57ad1d12fb57b959b3a3df38822cbaad469918335b27df8d93b027b
2023-03-28 19:11:57,False,1.392e-07,4.471e-10,1054516037.0,4.71517,0xde...fa58,https://bscscan.com/tx/0xf636859d9ed89bb945b100d020685e43c45194bd68e2807c102b583e4ddbaf4c
2023-03-28 19:11:36,False,1.388e-07,4.48e-10,784017021.0,3.5131,0x1b...7f6d,https://bscscan.com/tx/0xa6267066e6fc88fea122ebe1e92854aeebc8736e9f6f58cea70792f160af15f7
2023-03-28 19:11:24,True,1.395e-07,4.505e-10,386199610.0,1.74,0xec...0165,https://bscscan.com/tx/0xe19dfe907a9068fc78dea1e587c2a8cfd7e52a20e0c7bcaec6d3313873371014
2023-03-28 19:10:39,True,1.402e-07,4.498e-10,942532514.0,4.24,0x2a...576a,https://bscscan.com/tx/0x71e83b6aacec6accf62f29da6e49aae2606b7a5bc117efbb6c42a93aa3adf359
2023-03-28 19:10:36,False,1.395e-07,4.476e-10,1095017717.0,4.90222,0xde...fa58,https://bscscan.com/tx/0x4b0d36e2d16f6b8c390a36ec3a7d2a5a0d0267ac900df4d897d60b2f1f056a12
2023-03-28 19:10:30,True,1.403e-07,4.502e-10,486401361.0,2.19,0x1b...7f6d,https://bscscan.com/tx/0xe49977cfeee634a60b3f5ceb1e8049273592d03c3e91002d6bc2fbbcdf3c01b5
2023-03-28 19:10:27,True,1.401e-07,4.495e-10,820793305.0,3.69,0x08...af7e,https://bscscan.com/tx/0x6d32cec8d989ccf1cc8f4cf342be607b0f6d598e8fc898da1752a7f9668ea9aa
2023-03-28 19:09:45,False,1.395e-07,4.474e-10,1124570332.0,5.03219,0x1b...7f6d,https://bscscan.com/tx/0x9c0a9429d9dac897dd466202d788ea5d781244dcca192ccfd029bb985abbefcf
2023-03-28 19:09:36,False,1.398e-07,4.484e-10,743397617.0,3.33371,0x08...af7e,https://bscscan.com/tx/0xb445a1dfadc11785cc0855abca5cd6e838ac85745d374b8af500613b09e9d4e9
2023-03-28 19:09:33,False,1.4e-07,4.49e-10,356689587.0,1.60158,0x2a...576a,https://bscscan.com/tx/0x3aa1d9c3eb789a80ad0f185f044f4e9e3f8bc9f2e19bf24741a1764afd7333d5
2023-03-28 19:09:00,True,1.406e-07,4.51e-10,678346781.0,3.06,0xde...fa58,https://bscscan.com/tx/0x2eb7ebdb3947ae164e74fdef4abd55916597f20cc79e16cedb62856bfbe0f5ae
2023-03-28 19:08:45,True,1.396e-07,4.501e-10,1219711297.0,5.49,0x08...af7e,https://bscscan.com/tx/0x73703028805b26f554177971aad3d8cfff2c71f94b79a347576f22a538731f47
2023-03-28 19:08:21,False,1.395e-07,4.475e-10,605178486.0,2.70842,0x2a...576a,https://bscscan.com/tx/0xdf94291765c067fa8128472987753aadb146363976e5780e12cb4de872c80294
2023-03-28 19:07:57,True,1.394e-07,4.494e-10,1188033994.0,5.34,0x1b...7f6d,https://bscscan.com/tx/0xb8af9e3ea037447c50173dbd12bf1908f913ccfe344a61441e27f3f3d379b23b
2023-03-28 19:07:51,False,1.386e-07,4.467e-10,333314566.0,1.48924,0x08...af7e,https://bscscan.com/tx/0x918794b7f46431ef6703047ef28c9bf2c0ec68c24bcb533ee2dbe5ea04397029
2023-03-28 19:07:27,False,1.394e-07,4.471e-10,328729918.0,1.46987,0x2a...576a,https://bscscan.com/tx/0x91e017b58e2da0d3d3ba28c1351ca48cd2c35223def6538802b1e4c46d63a5cd
2023-03-28 19:07:00,False,1.395e-07,4.475e-10,502898227.0,2.2508,0x08...af7e,https://bscscan.com/tx/0xee47ced3de3b84f12ded41c989b0d3e6e4072e7dc1af7d7b61af6c4de3675f25
2023-03-28 19:06:57,True,1.395e-07,4.497e-10,566946114.0,2.55,0x1b...7f6d,https://bscscan.com/tx/0x50be72c01fcde383f9ccabfd8fa918fb63f7a87a97695b232552dc7b981cc382
2023-03-28 19:06:24,False,1.388e-07,4.477e-10,1083222014.0,4.85066,0xec...0165,https://bscscan.com/tx/0x9b2751d0e91864a0a8fb62b3e0fb2990dd27aeb9c61eedfe29e1bb1957ac7c58
2023-03-28 19:06:24,True,1.395e-07,4.501e-10,784096451.0,3.53,0x2a...576a,https://bscscan.com/tx/0xd3059dda7748ed59e7a3da6c21538a5dc25360bec095b5a5540c7e61577862a2
2023-03-28 19:06:15,True,1.392e-07,4.492e-10,1133119027.0,5.09,0xde...fa58,https://bscscan.com/tx/0xf699d559007b8fe515fc0b2796c6417459eab1850d3424e0e16be31992779c01
2023-03-28 19:06:09,False,1.384e-07,4.465e-10,426753034.0,1.90586,0x08...af7e,https://bscscan.com/tx/0x37f3cfbf92d58ada7e84fe0d795d8ae3a59a9f976c486ecf63b5a598bc358bff
2023-03-28 19:05:42,False,1.386e-07,4.47e-10,457444366.0,2.04501,0xde...fa58,https://bscscan.com/tx/0xb6d5ef54e724b0641a4eb97f7e23da7b482749cc657da0f1566e9284c073cf29
2023-03-28 19:05:15,False,1.395e-07,4.476e-10,743484403.0,3.32836,0xde...fa58,https://bscscan.com/tx/0xc3d0eaeab304e4445d7b3b0b79e9833b29390fb155de2fd6b1c6c1156c372abb
2023-03-28 19:04:48,False,1.391e-07,4.486e-10,1147326255.0,5.14747,0xec...0165,https://bscscan.com/tx/0x84280636149c6f478bd34c0c20eb08ed279e51d5706e2b31e56957633a912246
2023-03-28 19:04:27,False,1.401e-07,4.496e-10,703469146.0,3.16286,0x2a...576a,https://bscscan.com/tx/0x65993c865af97294c6b09f8a66f6b734ab9625d1c44bb893c0ec13b0c59474a4
2023-03-28 19:04:24,True,1.409e-07,4.52e-10,424769411.0,1.92,0x08...af7e,https://bscscan.com/tx/0x54cb97a13394a860c28fdffbbb59c4fc5fea3c8e2553b857a72e0c5edd3792d9
2023-03-28 19:04:18,False,1.395e-07,4.497e-10,413860018.0,1.86132,0x1b...7f6d,https://bscscan.com/tx/0xd7250a31247b2d1d1f9e5100a53758849ce6dce63d058930a50e056cf2f00f82
2023-03-28 19:04:03,True,1.401e-07,4.518e-10,661690063.0,2.99,0xde...fa58,https://bscscan.com/tx/0xdb0890abc228bbd08ced4e716c3bf23d74fca7d8709526a95b8bae9440f819dd
2023-03-28 19:03:15,True,1.399e-07,4.51e-10,891232470.0,4.02,0x1b...7f6d,https://bscscan.com/tx/0xf3039d97800e7c4777a85fcbd8a3310aabc44a6990356a0326af228b2fbccce2
2023-03-28 19:03:06,True,1.396e-07,4.502e-10,624069534.0,2.81,0x2a...576a,https://bscscan.com/tx/0xdb4c9632c3ec58d6384108b401524977701a2580a8ac9d9eb4218e5872406a3b
2023-03-28 19:02:39,True,1.395e-07,4.497e-10,384662122.0,1.73,0xec...0165,https://bscscan.com/tx/0x5744ddff5da3dfa14d9c7cc9cfa9d8427824e636c7b2575f7ece297212a4177a
2023-03-28 19:02:21,False,1.388e-07,4.476e-10,619612934.0,2.77352,0x1b...7f6d,https://bscscan.com/tx/0x0f397db9f0938343fe4774d8c7917ad25bb3de5699372fba0b6f5bec44237ff5
2023-03-28 19:02:00,True,1.396e-07,4.5e-10,355552866.0,1.6,0x2a...576a,https://bscscan.com/tx/0xb1b5706309e1b9056463d9950f4f211a70bf1c31b38bd5d55657220714c802a4
2023-03-28 19:02:00,False,1.389e-07,4.477e-10,338268109.0,1.51459,0xde...fa58,https://bscscan.com/tx/0xaaf35ee15f276de214cc29d958091170f6250966c9d4fd8097d0bf4300b9af0f
2023-03-28 19:01:24,False,1.39e-07,4.483e-10,746443935.0,3.34637,0xde...fa58,https://bscscan.com/tx/0xdfbca0bed07c7a0718e0570af1a8ed8508f77411b81585dbc860d6b3c0c7df26
2023-03-28 19:01:18,True,1.396e-07,4.502e-10,1412676941.0,6.36,0x2a...576a,https://bscscan.com/tx/0xfdef2b065fa1a2cfdc0c95e4a1fa5306b0eebbd328d2a72ab5652b389d0c04e4
2023-03-28 19:01:18,False,1.388e-07,4.475e-10,664147061.0,2.97255,0x1b...7f6d,https://bscscan.com/tx/0x695bcca445043a4c02050d0cdf1b28f7cb9ec32938c02357eb9cd1144bb3be1b
2023-03-28 19:00:57,True,1.395e-07,4.497e-10,871673015.0,3.92,0x08...af7e,https://bscscan.com/tx/0xaa05dc91a576500581c57107a79e7a0a691b1e363a71b019fe0b57b81ff5ca64
2023-03-28 19:00:51,True,1.392e-07,4.487e-10,1016202008.0,4.56,0x1b...7f6d,https://bscscan.com/tx/0x43554c52cba1d6c690d93afbf10e36d11d2e201202be808099f88365be7e9ae8
2023-03-28 19:00:39,False,1.385e-07,4.464e-10,851013747.0,3.79896,0xec...0165,https://bscscan.com/tx/0x5bdf95ea14d4e63dc1eab1f8a3f977852e0f87311a9201c8326b467e96698fd2
2023-03-28 19:00:06,False,1.387e-07,4.471e-10,617544997.0,2.76141,0x08...af7e,https://bscscan.com/tx/0x8bac21e28f2fa08996c8ebee6eddea486bc9b1884978e345c0fadb00a938889b
2023-03-28 18:59:51,True,1.401e-07,4.495e-10,355920589.0,1.6,0xec...0165,https://bscscan.com/tx/0x467b0e66858f3b1022c1afe948239e68c3316cb2c95851034f9eefc43de44a9c
2023-03-28 18:59:39,True,1.4e-07,4.49e-10,614652362.0,2.76,0x1b...7f6d,https://bscscan.com/tx/0x8a62277b87b7f390c7daa6f71884fa50733ba3dd496d7433a9134eedde15bfd4
2023-03-28 18:59:12,False,1.392e-07,4.466e-10,436337832.0,1.94912,0x08...af7e,https://bscscan.com/tx/0x884a9f8e4e6fc8bd07ea816aff0f50b7593f703956b6fd3d917e52cbe9c89880
2023-03-28 18:58:30,True,1.399e-07,4.489e-10,441040546.0,1.98,0xec...0165,https://bscscan.com/tx/0x72f96e9b92fea0f08949916ce09671a931bedb61fafd77601e3931638a73181a
2023-03-28 18:58:30,False,1.392e-07,4.466e-10,302730398.0,1.35207,0xde...fa58,https://bscscan.com/tx/0x4086e896cebe273792b5e3ed1b7d0f5933ac343a966df2020092683fb09fb0ff
2023-03-28 18:58:21,True,1.398e-07,4.486e-10,702092803.0,3.15,0x08...af7e,https://bscscan.com/tx/0xca774e985deda59e2f4213dc300085162567c528901e045c92537af1603fb4f2
2023-03-28 18:58:15,False,1.384e-07,4.464e-10,817544966.0,3.65016,0x1b...7f6d,https://bscscan.com/tx/0x904699b639f02b5fa90997e75a626a763a529cbe0412f0bcd12e0825c9bfb35d
2023-03-28 18:57:42,False,1.394e-07,4.472e-10,772955145.0,3.4574,0x2a...576a,https://bscscan.com/tx/0xc90b99390561c9c7e4834f3b032d06e4a9491247e4507bb2f60f8d060c7c3b10
2023-03-28 18:57:30,False,1.389e-07,4.479e-10,583542527.0,2.61426,0x08...af7e,https://bscscan.com/tx/0xf1ef1fa3f8638777ead11df4fb89d8ed6ffd81c08408a8e87f45563343777dd5
2023-03-28 18:56:54,True,1.403e-07,4.502e-10,515235036.0,2.32,0xec...0165,https://bscscan.com/tx/0xb95da343ab9d0831c997523f07f16f26725e1281fe9656a2817ec4ff451aae0f
2023-03-28 18:56:39,False,1.396e-07,4.479e-10,428138138.0,1.918,0x08...af7e,https://bscscan.com/tx/0x67b014cd37c5a1b08ff991f2244801f54ee25d289d49c3459d017f86daef54bd
2023-03-28 18:56:36,True,1.395e-07,4.499e-10,1020170112.0,4.59,0xde...fa58,https://bscscan.com/tx/0x488febc1b59b8d9388ae8d1a94ee2701c7118a7a4170dc3e7511823816ac3c44
2023-03-28 18:56:33,False,1.388e-07,4.475e-10,754606155.0,3.37717,0x2a...576a,https://bscscan.com/tx/0xd4903e594ac46f22df26ffaca2df64f6479c42d89d2bc0704be1ef1f7e92dd0a
2023-03-28 18:56:30,False,1.39e-07,4.482e-10,584471554.0,2.61979,0x1b...7f6d,https://bscscan.com/tx/0x5157a258668fc13effed1825c18ad8daa6f47381a5b86cfabd4c9c65a4e5fc01
2023-03-28 18:56:00,False,1.392e-07,4.489e-10,865880696.0,3.88767,0xec...0165,https://bscscan.com/tx/0x50ec2df59411704240dca7be2a497272becba5e802c33c1ee3fc6561c0682b3d
2023-03-28 18:54:57,False,1.402e-07,4.497e-10,608487293.0,2.73667,0xde...fa58,https://bscscan.com/tx/0x763d2824e484aeb072afa6f469f402448e341bb4e0d5cc227bc99afea2e8a36f
2023-03-28 18:54:45,True,1.408e-07,4.517e-10,1089088622.0,4.92,0xec...0165,https://bscscan.com/tx/0x958492d29f87540a4a75a75d5acd609078ec5155f4c47acadce531cc58289652
2023-03-28 18:54:24,True,1.397e-07,4.507e-10,743129672.0,3.35,0xde...fa58,https://bscscan.com/tx/0x4540d73691ab20f8c1d04af6b912127b62f80780bd3cc4835afd0a0a4e6a5c0f
2023-03-28 18:54:03,True,1.402e-07,4.498e-10,1038082788.0,4.67,0x08...af7e,https://bscscan.com/tx/0x2172fbeae1521e39d7a4cc926946fc12ce1df756a18192fa3da7cfde77085936
2023-03-28 18:54:00,False,1.394e-07,4.472e-10,318377011.0,1.42394,0x1b...7f6d,https://bscscan.com/tx/0x75fb83210cd090d85cce247a637706f510a2edfc621c6b96dc13357f29adb436
2023-03-28 18:53:57,True,1.399e-07,4.49e-10,1108928592.0,4.98,0x2a...576a,https://bscscan.com/tx/0x4944f2bfcb6c4f23f9195fb085d69f20eb4dd5b9cb0a4d8b5072f4dd54334e4d
2023-03-28 18:53:36,False,1.393e-07,4.468e-10,1182601925.0,5.28478,0xde...fa58,https://bscscan.com/tx/0x2b15c7ce7dcf1648af2469a9299bbfc33652a4cb5959aeeb3c6c7c53ef20cfc0
2023-03-28 18:53:09,True,1.393e-07,4.492e-10,941585070.0,4.23,0x08...af7e,https://bscscan.com/tx/0x9bc20e523a2226c6649443832c5b810634617964101341c2341ac87d7ec81363
2023-03-28 18:52:54,True,1.39e-07,4.481e-10,1213946468.0,5.44,0xec...0165,https://bscscan.com/tx/0x746c1d3e0c11c63b0f117a6d01d6c4c5b248e1aad3affcc003aa82d0423f46ff
2023-03-28 18:52:36,True,1.386e-07,4.472e-10,494138359.0,2.21,0x1b...7f6d,https://bscscan.com/tx/0xb11ed0bf06baffc87b37a88a4318a1d50b834092406a4e1fe99d03e85dc07328
2023-03-28 18:52:24,True,1.392e-07,4.466e-10,586541480.0,2.62,0x2a...576a,https://bscscan.com/tx/0xc7a7348de56e71594bceac6f6d77f314d49a962b296371e0e40b4a1d81863bf4
2023-03-28 18:52:18,False,1.378e-07,4.445e-10,812998125.0,3.61436,0x08...af7e,https://bscscan.com/tx/0x8aa45a63a2d5a5827b702fea907696abe0c89346fc5700c13412fe62f11e0477
2023-03-28 18:51:51,False,1.387e-07,4.451e-10,295400246.0,1.31494,0x1b...7f6d,https://bscscan.com/tx/0xd09aa6c12d3e13fe677e3bd51afa24c1caa3117804bc3ecd428e701e06572121
2023-03-28 18:51:39,True,1.394e-07,4.472e-10,518718348.0,2.32,0xde...fa58,https://bscscan.com/tx/0x2a4ebbc60205250c9c8cc4a757f802eae7bf9d5574308d0257d985cadd01b3e7
2023-03-28 18:51:27,False,1.388e-07,4.453e-10,1123213448.0,5.00204,0x08...af7e,https://bscscan.com/tx/0x7f693fd1af1a2a4824be887c10de6d9fe38f7759d07843d27b470c00cfc73ab8
2023-03-28 18:51:18,True,1.396e-07,4.478e-10,480020435.0,2.15,0x1b...7f6d,https://bscscan.com/tx/0x861a3a3ae48d9dec11c2fd1c9bd7d8c36e759cc3a106ddd10e679bc1ad00defd
2023-03-28 18:51:12,False,1.389e-07,4.457e-10,680359470.0,3.0328,0x2a...576a,https://bscscan.com/tx/0xe279b5fc961e9278d13aef4ca597aefebdb98a5a6e141e297202f841ae27887c
2023-03-28 18:50:45,False,1.392e-07,4.466e-10,987683453.0,4.41121,0xec...0165,https://bscscan.com/tx/0x88b82d9520e10a404b9bfd9a991bf999d779df3cbe38a114ecaf00e5986c3ee2
2023-03-28 18:50:36,True,1.391e-07,4.486e-10,1299312645.0,5.83,0x08...af7e,https://bscscan.com/tx/0xc0e4a766dbb45a0a6adafecdfff9dc5862d3c82d59bdc85957c897cd14442493
2023-03-28 18:50:33,False,1.383e-07,4.459e-10,378705020.0,1.68896,0xde...fa58,https://bscscan.com/tx/0x8a000b50b265076f9dcd613a59c70682598c5b6d3b58cccbcc1b1c1ed9a765e2
2023-03-28 18:50:06,True,1.396e-07,4.481e-10,533313933.0,2.39,0x2a...576a,https://bscscan.com/tx/0xb2c5776d5a602c4b8b3e3a852ac12138dd376fece501b4f0899b46a551d94581
2023-03-28 18:49:42,True,1.394e-07,4.473e-10,929847649.0,4.16,0x08...af7e,https://bscscan.com/tx/0xc5e95c8b4990b96181dbef7f72aae47f82973fe87b75997470df17ac180263dc
2023-03-28 18:49:36,False,1.387e-07,4.452e-10,1111548558.0,4.94911,0xec...0165,https://bscscan.com/tx/0x9da9c0f852ba282171e57dec14cbb652bd99a57eb675a274b09c297c7bafeebb
2023-03-28 18:49:27,True,1.394e-07,4.475e-10,895914455.0,4.01,0x1b...7f6d,https://bscscan.com/tx/0x4d1a6ff9feef8e589e132f1bfe4c67206ffc432161a715486693b873ae98cb16
2023-03-28 18:49:00,False,1.387e-07,4.452e-10,648480772.0,2.8872,0x1b...7f6d,https://bscscan.com/tx/0x70681231d18b4e320f037dd65977a92eaf3dadac01a2baf527f28e0ec51fbdd9
2023-03-28 18:48:51,False,1.389e-07,4.459e-10,777611182.0,3.46781,0x08...af7e,https://bscscan.com/tx/0xce9019e43dddfc966c143ba3166e87cf257e0a79ff68fcca88a3a4ab14ab96b9
2023-03-28 18:48:00,True,1.388e-07,4.48e-10,1093678244.0,4.9,0x08...af7e,https://bscscan.com/tx/0xf2dd32ece3578edc794da0524aea7f3675242be292ce9fc7cf9099a990097c23
2023-03-28 18:47:12,False,1.381e-07,4.454e-10,522009498.0,2.32554,0x1b...7f6d,https://bscscan.com/tx/0x31f265bf378ce088f33411f9f39e7aa5699980f003cb7fe935c67bb7a7949104
2023-03-28 18:46:15,False,1.384e-07,4.463e-10,1093161316.0,4.87909,0x08...af7e,https://bscscan.com/tx/0x9609fa20362370473f4be6f49b1ee49e3aee326a9b4fe118fc91ffb830300d33
2023-03-28 18:45:51,False,1.386e-07,4.47e-10,313229506.0,1.4003,0x1b...7f6d,https://bscscan.com/tx/0x1e60a54a0ba445801bb3b56aa8b20b5818d5f6e75524bde5404cee4552975cd8
2023-03-28 18:45:48,True,1.392e-07,4.491e-10,594458505.0,2.67,0xde...fa58,https://bscscan.com/tx/0x17ef2ca4a20577f9ebe90e939b9003f10c7f07c780bb3113b2cfe16d1c05bfd1
2023-03-28 18:45:24,False,1.386e-07,4.471e-10,1132892616.0,5.06611,0x08...af7e,https://bscscan.com/tx/0xcaca20721420ae198795cbcc12b839df5f20ed3b4f57758137b4903dc6df463e
2023-03-28 18:44:30,True,1.394e-07,4.496e-10,700545454.0,3.15,0x1b...7f6d,https://bscscan.com/tx/0x4aba6bf12770355029c373bfb484060c8048713a642f134457060847a19081ca
2023-03-28 18:44:12,True,1.392e-07,4.49e-10,452064452.0,2.03,0xec...0165,https://bscscan.com/tx/0x0f7b8aaf28e75f174fbfb6cd7cb4d5cd6ce58590ff2908ae6f31c4f6d7384359
2023-03-28 18:44:06,True,1.398e-07,4.484e-10,682330842.0,3.06,0xde...fa58,https://bscscan.com/tx/0x6c3b24916b2193d0ada2abe2023fd2ff1bf6b3a56f4ccc5e950aa3196fc92656
2023-03-28 18:44:03,False,1.391e-07,4.463e-10,894010790.0,3.99026,0x2a...576a,https://bscscan.com/tx/0x2e559d3ffc16a52fbb63b13d265b3124da25c5c44d301cb4f8ca1b89809fc7e6
2023-03-28 18:43:39,True,1.397e-07,4.483e-10,1367312315.0,6.13,0x08...af7e,https://bscscan.com/tx/0x3d9a44e2de2e8e0ad52e6302c9b3998b4590eeae506aff3638014d2e799d49fe
2023-03-28 18:43:27,False,1.39e-07,4.459e-10,1069105934.0,4.76749,0x1b...7f6d,https://bscscan.com/tx/0x87f41bebee6476a2afebad07624f003ae666dc5eec037711068710b2870b2978
2023-03-28 18:43:03,True,1.397e-07,4.483e-10,794093019.0,3.56,0xec...0165,https://bscscan.com/tx/0xffdc2f3c603d908813f32bab0dea82bce9232c20c3ceaa7bb1e041d4129d5693
2023-03-28 18:42:54,False,1.389e-07,4.458e-10,439400674.0,1.95924,0xde...fa58,https://bscscan.com/tx/0xf4e5000716956987bf776225416c50c86e58b8e3e62f7df2443256ce473d6bbd
2023-03-28 18:42:48,False,1.391e-07,4.464e-10,655607415.0,2.92697,0x08...af7e,https://bscscan.com/tx/0xb2c3e649ac64458744917f6497efecef9ed3ddf0e5891494532f77b8cd3f7794
2023-03-28 18:42:42,False,1.393e-07,4.471e-10,719426000.0,3.21699,0x1b...7f6d,https://bscscan.com/tx/0x3df9c0e2ca9ff69a2f84d57a3bba549d470b5f8fbf407398d50ad4b2478c16d7
2023-03-28 18:42:30,True,1.394e-07,4.494e-10,547284385.0,2.46,0x2a...576a,https://bscscan.com/tx/0xc7e561b30bc55e2bb34457eda1364784c9fded243df3b4207e90bb8da19bf29f
2023-03-28 18:41:54,False,1.386e-07,4.47e-10,254360415.0,1.13724,0x08...af7e,https://bscscan.com/tx/0xf135f4ce589401f59e6c25dfb24e49b339ea679b241abd46e6ed340478c2f559
2023-03-28 18:41:51,False,1.395e-07,4.476e-10,759660194.0,3.40039,0x2a...576a,https://bscscan.com/tx/0x5e62b592fff567e3feff2c000c3d03dc65667ae38386ed999f116740aba0a860
2023-03-28 18:41:30,False,1.39e-07,4.482e-10,380287534.0,1.70448,0xec...0165,https://bscscan.com/tx/0xf9e7b32c38b7da018093dd33faac66b271ab1ec51ce1cdd097a7e9f2b2713bd7
2023-03-28 18:41:18,True,1.404e-07,4.504e-10,341859579.0,1.54,0x2a...576a,https://bscscan.com/tx/0xfb29be671a57d63842fca6cb92cfa91afe40ced01d2388a83a075629f199011d
2023-03-28 18:41:00,False,1.389e-07,4.482e-10,393139952.0,1.76227,0xec...0165,https://bscscan.com/tx/0xd8162276cf967b8fdb700fb0912a4c7abd4776023a5dc69121f31d087dee793f
2023-03-28 18:40:42,False,1.391e-07,4.487e-10,496040004.0,2.22581,0xde...fa58,https://bscscan.com/tx/0x66bcf44755fe42858960d474eeee4dcf49e889e6161fda16d1c9a800dbecc7c6
2023-03-28 18:40:33,True,1.397e-07,4.506e-10,1096189014.0,4.94,0xec...0165,https://bscscan.com/tx/0x3753a5bb8b4c6153bc4137c59c98f8acde58575d5da30a0cfb97a945380a1d2a
2023-03-28 18:39:54,True,1.393e-07,4.494e-10,1248243609.0,5.61,0x2a...576a,https://bscscan.com/tx/0x33a7fdf3c06e9fc2599ae02ef51953a139be15046171b878b3fce7041d7259d9
2023-03-28 18:39:30,False,1.385e-07,4.467e-10,479668320.0,2.14311,0xec...0165,https://bscscan.com/tx/0xd99bcbb432da0432a57c34084a332ea3616adfc1cd5199070344095d2bf10a7e
2023-03-28 18:39:18,False,1.387e-07,4.473e-10,517026838.0,2.31268,0x08...af7e,https://bscscan.com/tx/0xcf486528a005a8a461519f209efe0bae6f9d3dd19b6ebce2250b6b6b1b381dba
2023-03-28 18:38:27,False,1.388e-07,4.478e-10,541046020.0,2.42308,0xec...0165,https://bscscan.com/tx/0x9ca6a4cc70ada54af3e3a8c128a7bec5c43e7754b47728f1c52f073ba61690f1
2023-03-28 18:38:18,True,1.394e-07,4.497e-10,1118284369.0,5.03,0x1b...7f6d,https://bscscan.com/tx/0xb0592c9f6d57491eab7dd614f9e253d53ec9385fb490bc38637a7d3bc97bb41e
2023-03-28 18:37:57,False,1.394e-07,4.473e-10,740999530.0,3.3149,0x2a...576a,https://bscscan.com/tx/0xd4bf7fd7ebcc6262b2e3103a804df54802fb3ac5a71544494d235f441e9abb31
2023-03-28 18:37:36,False,1.388e-07,4.479e-10,318363485.0,1.42596,0x08...af7e,https://bscscan.com/tx/0x900fdf4c824f27acabde55175289f74aeefbd428af0c7672541a72d973759ad4
2023-03-28 18:37:00,False,1.397e-07,4.485e-10,900345308.0,4.03834,0x2a...576a,https://bscscan.com/tx/0xf24eeeabe10d7af9765df4fd65f8150d6743d1c474853c80d23d4ceb3c50dd9b
2023-03-28 18:36:30,True,1.404e-07,4.506e-10,1071685002.0,4.83,0x1b...7f6d,https://bscscan.com/tx/0x701cc0545927ca6d32d4fe35c949b41bcbdd78bc593aacb2b6016c4e71dbf329
2023-03-28 18:36:18,False,1.389e-07,4.481e-10,545330237.0,2.444,0xec...0165,https://bscscan.com/tx/0xa9c586a5a50302710b7b47dcad3f0e47a267abbfebe1b4599196295e0b55a4af
2023-03-28 18:35:51,True,1.395e-07,4.501e-10,981810389.0,4.42,0x08...af7e,https://bscscan.com/tx/0xf46d1b88e7b7a270b3ca5e6550cc87cd7519908d6dd913d4cabd3a974701feb1
2023-03-28 18:35:30,False,1.394e-07,4.476e-10,360643680.0,1.61431,0xec...0165,https://bscscan.com/tx/0x484b4aaef05b509c5e368d465e06d98b89ec0b94a73d335c40b4699837f49183
2023-03-28 18:35:00,True,1.4e-07,4.494e-10,1239409936.0,5.57,0x08...af7e,https://bscscan.com/tx/0xbc8b589696a572586c0cf8bc278e08b5f2e27547cbaef791bbae09864b7c3685
2023-03-28 18:34:36,False,1.385e-07,4.467e-10,525497804.0,2.3479,0xde...fa58,https://bscscan.com/tx/0x9f584c43ee83f1c7712b54ca9b7d5d01d92ca5e284d0954bc192a3160184a239
2023-03-28 18:34:09,False,1.395e-07,4.477e-10,1237531555.0,5.54049,0x08...af7e,https://bscscan.com/tx/0xb9dcfc1738f87e4297040e34e368ba9b7a7edbf029555d4af5d7e789fa336e52
2023-03-28 18:33:36,False,1.39e-07,4.484e-10,280518910.0,1.2581,0x2a...576a,https://bscscan.com/tx/0x3eb27cab24d7eaf3251b986f73df770b24377d7112a394d0ee0a505941aad413
2023-03-28 18:33:15,True,1.397e-07,4.506e-10,501526942.0,2.26,0x08...af7e,https://bscscan.com/tx/0x800af214bb439a846ceaf869c4a70ac3731bc11a5b099b788021a219b2b443ad
2023-03-28 18:32:57,False,1.39e-07,4.486e-10,945676286.0,4.24234,0x2a...576a,https://bscscan.com/tx/0xf18bd527982a582c2f7b27282941bc86b3660e4e6306768eccc7ba997f172ba9
2023-03-28 18:32:25,False,1.393e-07,4.492e-10,377038988.0,1.694,0x08...af7e,https://bscscan.com/tx/0xb7b0aa4350225ea4721c19346abe285f067fdd1e73f42b8868b96a4388987b22
2023-03-28 18:32:03,False,1.402e-07,4.499e-10,920051343.0,4.13991,0x1b...7f6d,https://bscscan.com/tx/0x4f931cd4254dd31853f129ed5f05ac25d3020c3d42feb8e80cddd8f618659886
2023-03-28 18:31:49,True,1.41e-07,4.527e-10,4541415.0,0.0205,0xf1...8cf9,https://bscscan.com/tx/0xb073c10e43fa33d1aa4a471adaaedf5f22396e80b53aa7771e2b0098775ba072
2023-03-28 18:31:40,True,1.409e-07,4.522e-10,813670476.0,3.68,0xec...0165,https://bscscan.com/tx/0x22381a85f0c37769b7cb5c7de7fc152bc3dc90ca3931016b71d1e4fdb95314e4
2023-03-28 18:31:34,False,1.401e-07,4.497e-10,402424787.0,1.8101,0x08...af7e,https://bscscan.com/tx/0x0c18d50e140e2a3021a08c1e56a6e5fe09dfa49f498e63284d4498dea518f3d8
2023-03-28 18:30:53,True,1.4e-07,4.517e-10,1071497573.0,4.84,0x2a...576a,https://bscscan.com/tx/0x8d19ce35b66d83ecb0c52cb2cc373ab0ade70e0dadcd81fd15da4caa1b939447
2023-03-28 18:30:44,False,1.392e-07,4.491e-10,520995894.0,2.34012,0x1b...7f6d,https://bscscan.com/tx/0xc739a94a21c519aa0334c54601672fb55ae1dfda4c467480eb38ec26935951da
2023-03-28 18:29:59,True,1.405e-07,4.51e-10,1126140065.0,5.08,0x2a...576a,https://bscscan.com/tx/0x4037697449e413f78e76fb9ee0cbbc807aa0d8c281deb19cf3919b7b6bc3ac92
2023-03-28 18:29:50,False,1.39e-07,4.484e-10,361028375.0,1.61903,0x1b...7f6d,https://bscscan.com/tx/0x664a39055b465d922d82cb978181b990c8c5d1b1dba7646dc0cf885598fc3844
2023-03-28 18:29:50,True,1.396e-07,4.502e-10,1212649207.0,5.46,0xec...0165,https://bscscan.com/tx/0xce14c4b6b3198a5bf3450912f7702dbde71e4ae008d849910aa6bf3ac2f0b831
2023-03-28 18:29:50,False,1.387e-07,4.476e-10,472891720.0,2.11677,0x08...af7e,https://bscscan.com/tx/0x4ed88b4151f732db83a70049dcab0f6e14674c0b29a04f2125b1f5b74000a6d9
2023-03-28 18:29:29,False,1.39e-07,4.483e-10,997341585.0,4.47191,0x2a...576a,https://bscscan.com/tx/0x5d3f8688532ebf8fdb051d7e321f450385a2d81fe73e143d2957f7b7031b3d2b
2023-03-28 18:29:17,False,1.399e-07,4.491e-10,456278102.0,2.04931,0xec...0165,https://bscscan.com/tx/0x106ec7b4c8ce2a3a91bd030d82198fee1f9fc39162f7df95797cf82eda130057
2023-03-28 18:29:08,True,1.405e-07,4.508e-10,1441644345.0,6.5,0xde...fa58,https://bscscan.com/tx/0xa347b3110b6b3462a8692935692be09bf5cd655335e965f95a560536c213b475
2023-03-28 18:29:02,True,1.401e-07,4.498e-10,531292938.0,2.39,0x1b...7f6d,https://bscscan.com/tx/0xf33719f51902f5ac01f837c3519b474cf3a3d3f4e2fc4e6d82d4ee493b140870
2023-03-28 18:28:44,False,1.395e-07,4.478e-10,1047748859.0,4.69252,0xec...0165,https://bscscan.com/tx/0xd44a9aa9d4b0b0daafeacefe5e641024a45ac12615ce7c9597c16974b4de4ae8
2023-03-28 18:28:17,False,1.392e-07,4.49e-10,1238033813.0,5.5594,0xde...fa58,https://bscscan.com/tx/0xedbdd6d57074878189c9eb450e3ea9c69625657c2ffce1c06e69407c9a167523
2023-03-28 18:28:05,True,1.399e-07,4.514e-10,894832695.0,4.04,0x2a...576a,https://bscscan.com/tx/0x00573a2d7309312155cccfd9c429f4371305900f7864098082a6da11ca391de7
2023-03-28 18:28:02,True,1.403e-07,4.503e-10,1218978627.0,5.49,0x1b...7f6d,https://bscscan.com/tx/0xc7ccfd320adc28bb96f054500847b76387bacf0c9b67b2a71a318b8702874d31
2023-03-28 18:27:32,False,1.394e-07,4.476e-10,259464067.0,1.16144,0x1b...7f6d,https://bscscan.com/tx/0x2e60a847b6b6e150f2d9729d4de3cc3c3b301fbfc0713cf74f3db199fdb9ce0c
2023-03-28 18:27:17,False,1.389e-07,4.481e-10,705629436.0,3.16214,0xec...0165,https://bscscan.com/tx/0x0d4beabdb3325f1d90676404ad681958b1f16ca5a589c64cf4cfab70974d9eac
2023-03-28 18:27:14,True,1.396e-07,4.505e-10,415067370.0,1.87,0x08...af7e,https://bscscan.com/tx/0xc30c6b0d718324b79ad76ebee4f1f2c5212eb22a28ff8bc3dc08a3605492ece5
2023-03-28 18:26:41,True,1.395e-07,4.5e-10,573315294.0,2.58,0x2a...576a,https://bscscan.com/tx/0x62cc45de0979596e535d122d7ec4ed32c34aeca8ad01f327bd854687529037b2
2023-03-28 18:26:23,False,1.388e-07,4.479e-10,834924346.0,3.73965,0x1b...7f6d,https://bscscan.com/tx/0xa41e1021c557c2a4ea2644fa8525ea3e794fe2d83b726a15e5a24d54ce60affb
2023-03-28 18:25:35,True,1.403e-07,4.502e-10,586304797.0,2.64,0xec...0165,https://bscscan.com/tx/0xeb1fe1e8bca277495b087144799303c89868b882c16f26a865c4f2c4a094e0de
2023-03-28 18:25:29,True,1.4e-07,4.492e-10,1411277651.0,6.34,0x08...af7e,https://bscscan.com/tx/0x57dc9641ab7d4ccdbde9af61e47c7bb51657891aa97eb622799db1a733e2239a
2023-03-28 18:25:14,False,1.384e-07,4.465e-10,477703058.0,2.13301,0x1b...7f6d,https://bscscan.com/tx/0x69dae464f1299af7af148e5bdb17a2ad40cbf1192fc1dc4f08f87222790babb4
2023-03-28 18:25:05,True,1.39e-07,4.483e-10,1237847693.0,5.55,0xec...0165,https://bscscan.com/tx/0x010cf0452bc2714a2559ab0a6d177308ed3ca523c50efc4d27351dcab4e312ef
2023-03-28 18:24:59,True,1.386e-07,4.471e-10,1026411963.0,4.59,0xde...fa58,https://bscscan.com/tx/0x81314291605161395508ca952d7b2b735cdf401a029a358ca840d37eca94a929
2023-03-28 18:24:35,False,1.386e-07,4.448e-10,917055253.0,4.07998,0x08...af7e,https://bscscan.com/tx/0x24c9fc9e4c5d95f97fea8a6cbcf5713951cbfef448f822f5726a9e92a936b27b
2023-03-28 18:24:32,True,1.393e-07,4.471e-10,966216469.0,4.32,0xde...fa58,https://bscscan.com/tx/0x66751bf44911c47683582edd0a877a33b5e4eeff45560e8463e08bff9068ac74
2023-03-28 18:24:23,True,1.39e-07,4.461e-10,961641006.0,4.29,0xec...0165,https://bscscan.com/tx/0xb67e2c42228b70d43392deea087b056440ed5a787581379d78c82ce0f01bd33e
2023-03-28 18:24:17,False,1.382e-07,4.435e-10,210068180.0,0.9316,0xc2...9cd9,https://bscscan.com/tx/0xd770f608a5486c2a419857a965b336f87706e963a1a56de78b011cae886f3b50
2023-03-28 18:24:02,False,1.376e-07,4.438e-10,514173681.0,2.28226,0xde...fa58,https://bscscan.com/tx/0x657e1167777753508bff5482738bcb340753177e12f4f7ebe7903689deba1f8a
2023-03-28 18:23:44,True,1.389e-07,4.457e-10,1168789702.0,5.21,0x08...af7e,https://bscscan.com/tx/0x2db91d26ee236f43d51ee63ade6bbca6b4b6ac64562a1e6061aea58da76b3cb8
2023-03-28 18:23:32,False,1.38e-07,4.43e-10,281757435.0,1.24842,0x1b...7f6d,https://bscscan.com/tx/0x1f099f41679450fcca65a3b40fa673f75b7bacde3498d6391363b77fc7d56a46
2023-03-28 18:22:38,True,1.379e-07,4.449e-10,993392013.0,4.42,0x1b...7f6d,https://bscscan.com/tx/0x6c2b39c851a3b2d94174bddc44b8698a1a61a4b7813f090f2319d958f03cc412
2023-03-28 18:22:35,False,1.371e-07,4.424e-10,378809424.0,1.67587,0x2a...576a,https://bscscan.com/tx/0x5a48126e63e5f5471fab9fd49d2c552f49852524e2f969084de8dbe7648cd0a4
2023-03-28 18:22:02,True,1.385e-07,4.446e-10,344096422.0,1.53,0x08...af7e,https://bscscan.com/tx/0xa68bb671360d4fb4cfd6b13c272e8090248dad3c2ad537ba9b3ce9e9a38abc35
2023-03-28 18:21:50,True,1.383e-07,4.439e-10,1033926560.0,4.59,0x1b...7f6d,https://bscscan.com/tx/0xf7cc176d185db13842bac838e9ac6e71c6820f5300bc9a68c19e32e78840afe8
2023-03-28 18:21:26,False,1.368e-07,4.414e-10,494365874.0,2.18237,0xde...fa58,https://bscscan.com/tx/0xbdc9bccf6968a508d9cc01c26b83bceb00170d9af3e86a888f4dccd84e3a2001
2023-03-28 18:21:11,False,1.37e-07,4.419e-10,562504157.0,2.48618,0x08...af7e,https://bscscan.com/tx/0x9219af1e7f0e413b46de46c361294c9901b137bcc658492b60ff2fd0a764557e
2023-03-28 18:20:56,True,1.383e-07,4.438e-10,1324888558.0,5.88,0xde...fa58,https://bscscan.com/tx/0x20b50093f60a29e3cbf36da35bfb8562b8390ce1af6bc85eb44871574f848854
2023-03-28 18:20:47,False,1.368e-07,4.412e-10,630256428.0,2.78096,0x2a...576a,https://bscscan.com/tx/0xd1ba1460005afc9ed30edcc9c5554814b1a6972eb3a42555594404b69f575fdd
2023-03-28 18:20:29,False,1.37e-07,4.421e-10,1203916970.0,5.32338,0x1b...7f6d,https://bscscan.com/tx/0x56d57c97d67d1cf09aa596469081cca40afc4a7f192aec20725583be882d581b
2023-03-28 18:20:14,False,1.373e-07,4.43e-10,487851888.0,2.16133,0x2a...576a,https://bscscan.com/tx/0x0dfcebaed35643abaf717ab9159e5d5de6d4a9d482ff26015b2abfee6ab8b8c9
2023-03-28 18:19:05,True,1.387e-07,4.452e-10,408719510.0,1.82,0x1b...7f6d,https://bscscan.com/tx/0xb672ae70e2f73779df39e924cb8fd95a094c09a854409149ffc15530f7c0bd37
2023-03-28 18:18:32,True,1.379e-07,4.448e-10,361880275.0,1.61,0x2a...576a,https://bscscan.com/tx/0x69070aadcd47345135fbcc41b49ebab70835ae0e620fe35f861d38f3f01efe15
2023-03-28 18:18:29,False,1.372e-07,4.426e-10,325866920.0,1.44248,0xec...0165,https://bscscan.com/tx/0xfba20c26a6b01a1abee81b6b969b8f0019e4ab93c84afdde8411fb1c0a985561
2023-03-28 18:18:11,False,1.38e-07,4.43e-10,465628312.0,2.06302,0xde...fa58,https://bscscan.com/tx/0x53377de95e5ccbc14a09d1b464df6406bee17f0af46a5124cd3329299c652054
2023-03-28 18:18:08,True,1.387e-07,4.451e-10,655905968.0,2.92,0x1b...7f6d,https://bscscan.com/tx/0x28194fa012195059551b1742958cdaed860dea4816a2ffd89f72c7a84eb44475
2023-03-28 18:17:56,False,1.38e-07,4.428e-10,395476830.0,1.75129,0xec...0165,https://bscscan.com/tx/0xa49702f6afbfc76d8a0d758239aba5414e348baa3b5a0f8af9288f792a8f77a4
2023-03-28 18:17:38,False,1.374e-07,4.432e-10,431762942.0,1.91379,0x2a...576a,https://bscscan.com/tx/0x3aef46547aea019ac52dd56e4b019537f7e1527aa5b18fef95fa911f9de63585
2023-03-28 18:17:11,False,1.383e-07,4.439e-10,869600114.0,3.86028,0x1b...7f6d,https://bscscan.com/tx/0x2afb387146a2dea02ffb81ae4781a103e41170036c9889fe524e9af350285489
2023-03-28 18:16:50,False,1.379e-07,4.448e-10,1048805717.0,4.66608,0x08...af7e,https://bscscan.com/tx/0xcedd2ee71e0bb8ca46125c16311c04d6c5885f6dda95d2fc51f13c446bc529c5
2023-03-28 18:16:38,False,1.382e-07,4.457e-10,550757135.0,2.4548,0xec...0165,https://bscscan.com/tx/0x5a83685b08c10567eeaa9caa96ab90be2fa5c7f516f26da89f20a0724da0f657
2023-03-28 18:16:20,True,1.394e-07,4.475e-10,1392133816.0,6.23,0x2a...576a,https://bscscan.com/tx/0x9551797a3670d93d99a330f01f32d1bb319786d50fd88b7865a8a283d5ee53c7
2023-03-28 18:16:05,False,1.38e-07,4.45e-10,937074022.0,4.17041,0xec...0165,https://bscscan.com/tx/0x3247d1336988841b7f47f6ecba40b1d17ca53516fb68764eadaae8b0cf849d5e
2023-03-28 18:15:56,False,1.389e-07,4.457e-10,486849252.0,2.17026,0x08...af7e,https://bscscan.com/tx/0x557d86089b7087f4588dab37a0feb1d6e0bfb3ca76b5a1a5518ec0e9839e34a4
2023-03-28 18:15:47,True,1.388e-07,4.475e-10,1369663407.0,6.13,0x1b...7f6d,https://bscscan.com/tx/0xd9597a1c6c8216c5538425d2575dcf0055cb424982e7d67f728fb6135f2c174f
2023-03-28 18:15:32,False,1.387e-07,4.448e-10,487703032.0,2.16963,0xec...0165,https://bscscan.com/tx/0x4267110fdf392ab38e14c724065385b1d1132427e1548c5bb4f01e5b8b372092
2023-03-28 18:15:08,False,1.387e-07,4.452e-10,342415217.0,1.52475,0xde...fa58,https://bscscan.com/tx/0x49dac393c5f67a3184d0f543f277822c0130f6896ba0404d8982128b71aefbdc
2023-03-28 18:14:23,False,1.382e-07,4.456e-10,312448976.0,1.39236,0x2a...576a,https://bscscan.com/tx/0xae3e6af45e3ed0b2876225252ef01c4785eeed2f83c59856d0739f6055bb22d3
2023-03-28 18:14:11,False,1.383e-07,4.461e-10,709919529.0,3.16733,0x1b...7f6d,https://bscscan.com/tx/0x5ddf83d78df78efc2cf6a85b1ec7c844da1b7d5eba19940c73f5a52b0e9b66a8
2023-03-28 18:14:08,True,1.39e-07,4.484e-10,564144399.0,2.53,0xec...0165,https://bscscan.com/tx/0x31da508cc497ffd65480c3590b8d772431ccfc96c26e1bc535b3fcb8ac42b5f5
2023-03-28 18:13:59,False,1.39e-07,4.459e-10,15046295.0,0.0671,0x0e...18de,https://bscscan.com/tx/0xad67d3c1778fdebdf3bc0ce243a085d386c71340bb6fb58334fd9a2df829e5fe
2023-03-28 18:13:20,False,1.383e-07,4.461e-10,328496503.0,1.46549,0x08...af7e,https://bscscan.com/tx/0xb7ea3446661a8f6b150c124ba40711dc24572eb1da22a555b81391a6cf4ebccb
2023-03-28 18:12:47,True,1.39e-07,4.483e-10,399265851.0,1.79,0xec...0165,https://bscscan.com/tx/0x18b2c04ea3d55cd1c5af7a1a6fb373f0cccc0c94da7f1d6478fd6d681aad31fa
2023-03-28 18:12:35,False,1.383e-07,4.461e-10,448642029.0,2.00143,0x2a...576a,https://bscscan.com/tx/0xb03cdc6a884933e1aa2d473f4688029739be952bf4d41ff27549f66aa98fe4d5
2023-03-28 18:12:20,False,1.392e-07,4.465e-10,446083691.0,1.99207,0xec...0165,https://bscscan.com/tx/0x5153d9f445d3f7d2bf385ffff14402332461b855191a382c9124b6c7524d850f
2023-03-28 18:12:11,False,1.386e-07,4.469e-10,353325482.0,1.5793,0x1b...7f6d,https://bscscan.com/tx/0x627b8accc4ffc503748daf1e494fcffd16813a679ba1dc529e2129018f915029
2023-03-28 18:11:50,True,1.392e-07,4.491e-10,585611843.0,2.63,0xec...0165,https://bscscan.com/tx/0x50342e97c2c82f9214f54daf5da76aebbd16df2d1206b0ed18e9f7622014d287
2023-03-28 18:11:38,False,1.386e-07,4.471e-10,1126920207.0,5.03891,0xde...fa58,https://bscscan.com/tx/0x70a15298bf529b5f9d43ec5e6273cfaaf59e741a76e86d4ff2f47c6659741002
2023-03-28 18:11:23,True,1.393e-07,4.494e-10,1001232030.0,4.5,0x1b...7f6d,https://bscscan.com/tx/0xe8b5d72e9e25a3e57eecc675373ffdf5321958efb5e97042d60b751a4748b0de
2023-03-28 18:11:02,True,1.397e-07,4.484e-10,905326206.0,4.06,0xec...0165,https://bscscan.com/tx/0x0634758d265df9f1ae940b540d4e6b4dc9c74aa03ec5946c5f2d458b3b0a51b0
2023-03-28 18:10:47,True,1.394e-07,4.475e-10,757377371.0,3.39,0x08...af7e,https://bscscan.com/tx/0x3a8c33b25c5c43fb5f0dd461cee93136bc54816d770c6e15b9261e800004b50f
2023-03-28 18:10:35,True,1.392e-07,4.467e-10,879681003.0,3.93,0x2a...576a,https://bscscan.com/tx/0x3d1d2177adad99f563715f2bf8133d1e5d12482678403cb0fa91524e0bd6c28b
2023-03-28 18:10:08,False,1.385e-07,4.446e-10,1188208728.0,5.28373,0x2a...576a,https://bscscan.com/tx/0x625206a5736bcbee99060b716eecc83a29170556b397d3f2afbed116f160719e
2023-03-28 18:09:53,True,1.393e-07,4.469e-10,1082863799.0,4.84,0x08...af7e,https://bscscan.com/tx/0x7e0c20db86f0ed5d865883095ecea3900ac587d48b37af2ac3bb507d8dbaa277
2023-03-28 18:09:11,False,1.377e-07,4.443e-10,358673832.0,1.5938,0xec...0165,https://bscscan.com/tx/0x9abbcbd558e84416ff3f9ed57101c4ab95698b4902b9b582c17f0150fb1f5930
2023-03-28 18:09:02,False,1.387e-07,4.45e-10,943909765.0,4.20065,0x08...af7e,https://bscscan.com/tx/0x737281c4156ae7d9f9c0166273f16f89b46768594513750af2444fee026ecf01
2023-03-28 18:08:59,True,1.393e-07,4.471e-10,1138301251.0,5.09,0x2a...576a,https://bscscan.com/tx/0xc9a5ea2d0fb37cab3ec4aecf0cf3ef53f04921a88b90c6711145388e89e31e18
2023-03-28 18:08:11,False,1.385e-07,4.446e-10,561721937.0,2.49758,0x08...af7e,https://bscscan.com/tx/0x4ab92f70ef6c9e8b55c0c101eaa3ab7e15cb570a015170ba7e5bc58be228d236
2023-03-28 18:07:47,False,1.38e-07,4.451e-10,372269068.0,1.657,0xde...fa58,https://bscscan.com/tx/0x6200d83b8cfdc63ed2223a4f8f45e0d03e6a780627dfc74235ffdf33a44d751c
2023-03-28 18:07:05,False,1.388e-07,4.454e-10,302321995.0,1.3467,0xec...0165,https://bscscan.com/tx/0xd26cd9a2b4c007942111c3f7a4b8ed185a8c8962d37c9f1710e40f42f4bbc1a6
2023-03-28 18:06:26,True,1.387e-07,4.472e-10,1162679186.0,5.2,0x08...af7e,https://bscscan.com/tx/0xdad2af00d56294e035d55b561040af51fde43de2659998c613d6309b319398d1
2023-03-28 18:06:20,False,1.378e-07,4.446e-10,419483870.0,1.86515,0x2a...576a,https://bscscan.com/tx/0xc3f9d4382e871ef726e74f8b542856d8c6c2c6396224c3d7294c872b1213ee1a
2023-03-28 18:06:14,True,1.383e-07,4.464e-10,1292536185.0,5.77,0xde...fa58,https://bscscan.com/tx/0xa2b74e3066177f3a7b28b11d9a2162f4874ef95d663c38ad36c2587f1bb06157
2023-03-28 18:05:59,True,1.387e-07,4.452e-10,1048949933.0,4.67,0xec...0165,https://bscscan.com/tx/0xd2327d3719cd00b53c8b081e0d4a981edfa53fd1a147258706c5347bebc19aa8
2023-03-28 18:05:47,True,1.385e-07,4.446e-10,1124429.0,0.005,0xc5...d4c5,https://bscscan.com/tx/0x15753fe6e128fe2986422fb9f248d54bbefc1a9ff9e19696c0241d9b2c79b9d7
2023-03-28 18:05:35,False,1.372e-07,4.426e-10,472028236.0,2.08962,0x1b...7f6d,https://bscscan.com/tx/0x603c755c9e5f099c95df71ef8892ba342ae87dc9c28b0f65f8968513ef0394d8
2023-03-28 18:05:35,True,1.379e-07,4.448e-10,586713527.0,2.61,0x08...af7e,https://bscscan.com/tx/0x4a01263465c6651696f5aa59f0d9fc6a238fc98d4c065da949d5aca7c1b3567b
2023-03-28 18:04:44,False,1.379e-07,4.426e-10,693619735.0,3.07054,0x08...af7e,https://bscscan.com/tx/0xf6dc91a38147aa0862fe82182f96148bd1a668488dccd20dc315cd04c26c28ad
2023-03-28 18:04:38,False,1.381e-07,4.433e-10,629345403.0,2.79024,0x1b...7f6d,https://bscscan.com/tx/0xdadc2d0966f41d312af20a9c7e2b63c6bc51644bc7514ab6904cf930f657703e
2023-03-28 18:04:32,True,1.382e-07,4.456e-10,475700084.0,2.12,0xde...fa58,https://bscscan.com/tx/0x0f045708903d671cf69f072f805d47a4106b4563080e49ad4ce08ac10372e426
2023-03-28 18:04:17,False,1.382e-07,4.435e-10,693195780.0,3.07463,0x2a...576a,https://bscscan.com/tx/0x94e81c7e22c767021f41de30dc5b953e5d1fdcc8dc71750a01536443f24591d3
2023-03-28 18:04:11,False,1.383e-07,4.439e-10,34787960.0,0.1544,0x7a...9fd8,https://bscscan.com/tx/0x7e4d4bee8dde2e5eff5e340a87d732c8ca94c6d7bf44985ffa96a30a966b5a25
2023-03-28 18:03:50,False,1.385e-07,4.445e-10,1220472826.0,5.4257,0xec...0165,https://bscscan.com/tx/0x40e4c6ab49673b85711dda90e25ef8630de7d36ec93dc551d69cf3056c60bbcf
2023-03-28 18:03:14,True,1.392e-07,4.466e-10,1437291895.0,6.42,0xec...0165,https://bscscan.com/tx/0x1809ab1c30c0c62f090fc9f70ecc29079b8ebf5d42fbef5c97462bfaf79cb0b8
2023-03-28 18:02:59,False,1.377e-07,4.44e-10,614193632.0,2.72715,0x08...af7e,https://bscscan.com/tx/0xcf5e0202e267f34992d47cf0c1a2f60f9d98a5f2573e4c9bbd88dcd53d8d6c30
2023-03-28 18:02:59,True,1.383e-07,4.461e-10,824852866.0,3.68,0x1b...7f6d,https://bscscan.com/tx/0xcc65c3581626af207150510873869a2963c8191f935e5bbf3371f9152dfa2649
2023-03-28 18:02:38,False,1.376e-07,4.437e-10,414066546.0,1.83722,0xde...fa58,https://bscscan.com/tx/0x71fa983b3020e1a22523266935a9db4653cf8211a25d50bc1257d57d525f77db
2023-03-28 18:02:22,False,1.378e-07,4.444e-10,1126881687.0,5.00887,0x2a...576a,https://bscscan.com/tx/0xccf7cf4baf0d2e9672168473955234807a38d99ca0f4c4c5b2b3067acd504c95
2023-03-28 18:02:08,False,1.388e-07,4.452e-10,402325847.0,1.79144,0x08...af7e,https://bscscan.com/tx/0x275c34a5e55dba41e02479ef28db7d2c538bc189f7d01c328434cd8b2f9e9e94
