datetime,buy_order,price_USD,price_native,amount_token,total_native,maker,etherscan_url
2023-03-27 09:09:27,False,1.532e-07,4.679e-10,66554735.0,0.3114,0xa0...58d8,https://bscscan.com/tx/0xca9b64aa1784fba3a10b979b6529252f5fc1759e6a5acb67caf3d1a9c2aa3384
2023-03-27 08:53:00,True,1.543e-07,4.703e-10,15540637.0,0.0731,0xb1...6a4c,https://bscscan.com/tx/0xec2617e57422372561af71e1453346466bdbaa8b5834fd7320a2305a09029394
2023-03-27 08:39:15,False,1.529e-07,4.685e-10,923935047.0,4.32883,0x13...5937,https://bscscan.com/tx/0xcd3ddfaef59b398c1fa12ea87f7bbb7f489bcad55cf96633e461a774b2b4dd3a
2023-03-27 08:31:51,False,1.539e-07,4.69e-10,10427203.0,0.0489,0x04...1e93,https://bscscan.com/tx/0xf4d26ae33a64a3341fdfec499a918e894746ce3e8028b05e996c86eabebfbc29
2023-03-27 08:30:06,True,1.541e-07,4.696e-10,3152594165.0,14.8058,0x4b...4036,https://bscscan.com/tx/0xdc0b9674f55e58aba461228adb61b5f9fbb4d9a80bda2634fede63abd6af462c
2023-03-27 08:25:03,True,1.527e-07,4.676e-10,401994976.0,1.88,0x2a...576a,https://bscscan.com/tx/0xad42bdb98bfef915d91909effbd91e729f20ae0db6fa16509ce8ea69ea63da57
2023-03-27 08:21:54,True,1.532e-07,4.67e-10,644416445.0,3.01,0x2a...576a,https://bscscan.com/tx/0x5d002fe24b76b5118d76f3bab67bab0c776e075a7524f15ae4e8b82c439dad15
2023-03-27 08:18:42,False,1.524e-07,4.646e-10,504407832.0,2.34388,0x2a...576a,https://bscscan.com/tx/0x010ebed8b30eeb61592726a7f5e2f224f0ea0cd6c53c76c5522005be6a26bd32
2023-03-27 08:17:12,True,1.524e-07,4.668e-10,846146981.0,3.95,0xec...0165,https://bscscan.com/tx/0xd0b50ead457c75491cfab62f7f9667b8b43d199de3e91b79806fc0a4cfda0efe
2023-03-27 08:14:03,True,1.528e-07,4.658e-10,998268953.0,4.65,0x08...af7e,https://bscscan.com/tx/0x715c82ba81e7ac1be8601837c45fb369aba8346a6f7345126b115ccf854a6c6a
2023-03-27 08:13:21,True,1.519e-07,4.652e-10,32296951.0,0.1502,0xa6...5f19,https://bscscan.com/tx/0x1bae1404b11ecddfa387bf03b4341ec93918f032b6e661c6dbe22923b7e11303
2023-03-27 08:12:24,True,1.518e-07,4.65e-10,387087979.0,1.8,0x2a...576a,https://bscscan.com/tx/0xe2f629322d9d4b7386ae8387a2909fcdf060a2f5bdc71bd8c6e2a9025dcfa0ce
2023-03-27 08:10:57,True,1.516e-07,4.645e-10,432666184.0,2.01,0x08...af7e,https://bscscan.com/tx/0x4c1395182f9c95bd960bc5d8739108e4378b996d5ddac34dbb14c668abe74b65
2023-03-27 08:09:27,True,1.515e-07,4.643e-10,12662419.0,0.0587,0x9c...68ff,https://bscscan.com/tx/0x67a3125f8cd24193b21f40d0544c5567274a4f5f5dda7749725c477b0e9d0e08
2023-03-27 08:09:12,False,1.508e-07,4.621e-10,252454836.0,1.16667,0x2a...576a,https://bscscan.com/tx/0xbba90aa3e8dfed77e6bab042d99ed541b2fd370ec0f029926414fe5e6ec56bb0
2023-03-27 08:07:54,False,1.51e-07,4.625e-10,605234441.0,2.79979,0x08...af7e,https://bscscan.com/tx/0xd3215fd1602608f4ee6bbee8b069d30bdee8767a364152d6c45d561864735ff7
2023-03-27 08:07:48,False,1.52e-07,4.631e-10,416021616.0,1.92681,0xec...0165,https://bscscan.com/tx/0x5a2f4e1597bc07672cf3dcc8d3826314401d62720affcf84f1522de166481253
2023-03-27 08:05:00,True,1.522e-07,4.654e-10,401732962.0,1.87,0xde...fa58,https://bscscan.com/tx/0xc2434214a7a806106e5f7acd1471cb2fe84f1fb8a8b62d55de873566b4c3050d
2023-03-27 08:02:00,True,1.528e-07,4.65e-10,328973986.0,1.53,0xde...fa58,https://bscscan.com/tx/0x32e7e59b791978c6537a037ec0586a9795243ea645c42f9a8f36c689641fac1d
2023-03-27 08:01:42,False,1.512e-07,4.627e-10,322737842.0,1.49349,0x08...af7e,https://bscscan.com/tx/0x030098338cd6e821c70e1f5fb11bb70076552a9d476e170e6a63183ad428b291
2023-03-27 08:01:30,False,1.514e-07,4.631e-10,373980584.0,1.73204,0xec...0165,https://bscscan.com/tx/0x611310e59e707c34271388456319215c1e8d26fe1541e24dd15566dc85aad0e3
2023-03-27 07:59:41,False,1.516e-07,4.638e-10,982670129.0,4.55838,0x2a...576a,https://bscscan.com/tx/0x3cd54a4fd7e49f67338314a4a1b317438bca106812416f359399eef92970aa30
2023-03-27 07:56:29,True,1.531e-07,4.661e-10,1076905846.0,5.02,0x2a...576a,https://bscscan.com/tx/0x351fb893314261c45dd2b2e27f3509ee67f5de9c7708b257efc5acd756e3fc34
2023-03-27 07:55:53,False,1.515e-07,4.635e-10,635931804.0,2.94806,0xde...fa58,https://bscscan.com/tx/0xc5cd13fbed6e783a864876adff77141cd479482fd176544be58fd2948ec11e32
2023-03-27 07:55:32,True,1.531e-07,4.66e-10,379789875.0,1.77,0x08...af7e,https://bscscan.com/tx/0x2d77a0d2f86182fbc34393a7bf941efd53d0305dcb8b7c9d896c640bb03e2332
2023-03-27 07:55:14,False,1.516e-07,4.637e-10,410598120.0,1.90409,0xec...0165,https://bscscan.com/tx/0x4da7c136ea0f1890835d6661ce8a501bac6219c5b22418c893e358459940fc72
2023-03-27 07:52:26,True,1.531e-07,4.659e-10,551519444.0,2.57,0x08...af7e,https://bscscan.com/tx/0xb9378864141fd10adff47c4769e701d32321a8f598da90577add4721f379fa0c
2023-03-27 07:50:38,False,1.524e-07,4.638e-10,869894065.0,4.03485,0x1b...7f6d,https://bscscan.com/tx/0x053076fd751ebae35564c87efa666a1a53ac6b7fa01f4434d1bc18158989cd45
2023-03-27 07:46:59,False,1.527e-07,4.647e-10,826613239.0,3.84177,0x2a...576a,https://bscscan.com/tx/0x485bb185c026e4b782607c353ff782bd26625285b72eed55dc9e0cb43459458f
2023-03-27 07:46:14,False,1.531e-07,4.658e-10,1204865228.0,5.61318,0x08...af7e,https://bscscan.com/tx/0xf19b63ae6ec91adf969c50620bf15522166b608284795e40e6dfe1ffba58853b
2023-03-27 07:45:47,True,1.539e-07,4.683e-10,1042064741.0,4.88,0xec...0165,https://bscscan.com/tx/0x688ebc0580a78a555ea5d8b78b689d519d1aa71e355650410a52e4aad61a7045
2023-03-27 07:44:35,False,1.53e-07,4.656e-10,492609739.0,2.29389,0x1b...7f6d,https://bscscan.com/tx/0xe189f9d1721992da94658b3558390764d63584fcb0c484d0705d1d74ae1b54ac
2023-03-27 07:43:11,True,1.54e-07,4.678e-10,683922032.0,3.2,0x08...af7e,https://bscscan.com/tx/0xcc2b1b856e6e7d6860f73adfc087c824993476a3ba6c5dba016a36024210f7de
2023-03-27 07:42:38,False,1.532e-07,4.654e-10,459706049.0,2.13961,0xec...0165,https://bscscan.com/tx/0x002b2a4bd6421cf6a3ac66c4ead31bdac94886f9aa367a46b8f8df618bed9313
2023-03-27 07:40:05,False,1.534e-07,4.661e-10,781865752.0,3.64437,0x08...af7e,https://bscscan.com/tx/0x9063d67f76c6019dfd3294ab756a480ef8fcb2d17c5b75cdcb8bde064af577a2
2023-03-27 07:39:32,False,1.529e-07,4.667e-10,362701723.0,1.69288,0xec...0165,https://bscscan.com/tx/0x3def51da93ef8400b7ed81b051e1d67e55f5be09c2b6c0a123171dfd69f9e9ef
2023-03-27 07:37:38,True,1.536e-07,4.688e-10,769956433.0,3.61,0xde...fa58,https://bscscan.com/tx/0x0947272118a413ba62487f77c252056c51369bb0738987ef9b8eadefbef14934
2023-03-27 07:37:29,True,1.541e-07,4.679e-10,869753463.0,4.07,0x2a...576a,https://bscscan.com/tx/0x8c92cce2848b6a7080be19c6484733e513270559c1225dc240d6c9c67c1edd97
2023-03-27 07:34:18,False,1.526e-07,4.656e-10,974089401.0,4.53604,0x2a...576a,https://bscscan.com/tx/0x06084bdfd3492215564c8cd71b2beee79c20435a1b09d16e343e6d4bf5524b98
2023-03-27 07:33:56,True,1.541e-07,4.679e-10,1089884301.0,5.1,0x08...af7e,https://bscscan.com/tx/0xe767b33993e2dfc6b27b5014d620c806bbdb5e666daffc78536a7dcd71fa7159
2023-03-27 07:32:23,True,1.537e-07,4.666e-10,1242898988.0,5.8,0x1b...7f6d,https://bscscan.com/tx/0x734da5a69da7449e1384e57e5a7f1a70ab7bab019130f18afe1c48128cf68ea6
2023-03-27 07:31:10,True,1.533e-07,4.655e-10,788342946.0,3.67,0x2a...576a,https://bscscan.com/tx/0xf38f2861c8ea20d1374c8f3fb8f9fa6c6f22fe400a61f13122a8c94eb6807bef
2023-03-27 07:30:50,False,1.524e-07,4.629e-10,256681522.0,1.18823,0x08...af7e,https://bscscan.com/tx/0xfa91f5d5204d353b6fa7dc103e179381ea33fead82a20859c64c747dfb041811
2023-03-27 07:30:08,True,1.532e-07,4.651e-10,466540381.0,2.17,0xec...0165,https://bscscan.com/tx/0xe658e573ead4eee38f43a005bd2b3ffb796bbd5072829adfb976b7a0c45ae146
2023-03-27 07:29:23,False,1.524e-07,4.627e-10,434884565.0,2.01258,0x1b...7f6d,https://bscscan.com/tx/0xf72319b1da8b4cff16ddaa58eaa9dbb0fb48f9e73af9fdcd85ac67b2756b6135
2023-03-27 07:27:59,True,1.531e-07,4.651e-10,434308062.0,2.02,0x2a...576a,https://bscscan.com/tx/0x1f00093c094e18df77356777790b5de77f89e3196bd4ad5ec9ef1f168c31dbaf
2023-03-27 07:26:59,True,1.522e-07,4.646e-10,467054755.0,2.17,0xec...0165,https://bscscan.com/tx/0x79caff89b33933b0e17e2a2d65912d8b1e0868da6fe582883de5e057c7b5b3ce
2023-03-27 07:20:29,False,1.513e-07,4.62e-10,8702006.0,0.0402,0x6c...0f76,https://bscscan.com/tx/0xc4b244cadcde4559c4807d0992d788e00adf33f35bc1ee76e3a3fb6b0fa89593
2023-03-27 07:18:26,True,1.52e-07,4.641e-10,415822791.0,1.93,0x08...af7e,https://bscscan.com/tx/0x87d7dc0914e9d2b56c9bfe547963fa8c7d0c164c023f9e64a323cead6e738044
2023-03-27 07:17:32,False,1.52e-07,4.618e-10,456058249.0,2.10628,0xec...0165,https://bscscan.com/tx/0xeb2d1217e9321d197eaade53d2fae17215fb88e2f6f7e69f061ae969a26ce2a7
2023-03-27 07:17:11,False,1.522e-07,4.623e-10,509775942.0,2.35704,0x1b...7f6d,https://bscscan.com/tx/0x75f609a3d4dd427944d3af5b4a234fd239bb51a1af7af768866d79dc82c7754f
2023-03-27 07:13:17,False,1.517e-07,4.631e-10,878305789.0,4.06765,0xde...fa58,https://bscscan.com/tx/0xd6c1bfa4fcdd24e5fbdd1f1ed66d99b9bf255d7b3226ed233d9dae9b41966335
2023-03-27 07:11:14,False,1.528e-07,4.64e-10,859007736.0,3.98642,0xec...0165,https://bscscan.com/tx/0xc9ad487b1e201ce300bb3fb8ea04a567dead21b41bb32538ccf5212db605a8db
2023-03-27 07:10:14,True,1.535e-07,4.662e-10,1211912507.0,5.65,0xde...fa58,https://bscscan.com/tx/0x53d5e0540e76085ab5870544716cc7092c0358155e8420055de9de022212ec26
2023-03-27 07:09:11,False,1.519e-07,4.637e-10,954797829.0,4.42775,0x08...af7e,https://bscscan.com/tx/0xeeaacb6b472eb5b9d83bb64425dc74b1d498e1ff6edd0f2c93418d416a34c8a2
2023-03-27 07:08:05,True,1.534e-07,4.659e-10,1137434976.0,5.3,0xec...0165,https://bscscan.com/tx/0x246c313300031804124273a5056fc341ecf0b522a6a2455b9d590c640467942b
2023-03-27 07:08:02,True,1.53e-07,4.647e-10,1075857078.0,5.0,0x1b...7f6d,https://bscscan.com/tx/0xb429c38427d62115b21a0896d1d8d22974554bfd2e30091f18bf656b4b8d12c4
2023-03-27 07:06:59,False,1.522e-07,4.623e-10,870168254.0,4.0229,0xf4...a0fc,https://bscscan.com/tx/0x12c214e07d349f270874031cfb3c20f9ab339a68615774c6e24222fffe2bf79f
2023-03-27 07:06:05,True,1.522e-07,4.645e-10,1013879998.0,4.71,0x08...af7e,https://bscscan.com/tx/0xed653da1dfaae25bd33300ac4bdb021dfb083787bde711a772e913270c1e8993
2023-03-27 07:04:59,False,1.514e-07,4.621e-10,872089421.0,4.0304,0x1b...7f6d,https://bscscan.com/tx/0xa4991686283106f462793c2c7ea61048c9169a3a96a606637f53fdedc519016c
2023-03-27 07:03:53,False,1.516e-07,4.626e-10,123400439.0,0.5709,0x3f...749d,https://bscscan.com/tx/0x9c5a51edee4be617c939351b02618c55cd781df7cef43378a1401a9b0f59fd55
2023-03-27 07:02:59,False,1.525e-07,4.632e-10,808266007.0,3.74392,0x08...af7e,https://bscscan.com/tx/0x57d0729688752f7bb797be1793c183e802d27b04c25b537a1ca6f9457c27fe63
2023-03-27 07:02:35,False,1.52e-07,4.639e-10,594187818.0,2.75685,0x2a...576a,https://bscscan.com/tx/0x92f905ebea8c2a0ff0707a923610868540ab13b5d3f6202428949ab95bccc6c0
2023-03-27 07:01:08,False,1.53e-07,4.647e-10,843223623.0,3.91893,0xde...fa58,https://bscscan.com/tx/0xf78eb8fc14aa7b373c19ea3379b0e829679185ae8ed1192e610bb02c200c96b8
2023-03-27 06:59:54,False,1.532e-07,4.653e-10,246039101.0,1.14495,0x08...af7e,https://bscscan.com/tx/0xffca7688e5da7ea5a530d2478f98bdcbb9e647d6cf0bd71b0c436ed3feffb8aa
2023-03-27 06:58:42,False,1.533e-07,4.658e-10,652905865.0,3.04154,0xec...0165,https://bscscan.com/tx/0x3565356aa1f49d807073eb3ac4ddcda802f6e5cf67e4b8a2357af76617582b5a
2023-03-27 06:56:48,True,1.533e-07,4.679e-10,1042808608.0,4.88,0x08...af7e,https://bscscan.com/tx/0x31e4ba77ffdb9d8db24ff87f22d47a647bb9abee37d0155b2c4b07a106188535
2023-03-27 06:56:15,False,1.525e-07,4.655e-10,930755640.0,4.3333,0x2a...576a,https://bscscan.com/tx/0x037b0f8096c028969b9b23f85fb6ce8e386cc0c8f26aa41578d6b4f5d72975d1
2023-03-27 06:55:54,False,1.535e-07,4.662e-10,364548581.0,1.69982,0x1b...7f6d,https://bscscan.com/tx/0xc1d3e917ae14454c7214cf8e060a6b9f957dc6acb3fb445555b80b938ae50b41
2023-03-27 06:55:33,False,1.537e-07,4.667e-10,505735923.0,2.36057,0xec...0165,https://bscscan.com/tx/0x0e016b2a852f7a901c845d95cdc3fe59fee1031990e9e135fe11a08aa0b9b3e3
2023-03-27 06:53:42,False,1.53e-07,4.671e-10,277791136.0,1.29782,0x08...af7e,https://bscscan.com/tx/0x1e7211d448fd758816719d6a96d0e857dd1cd1b0067eafec1e0eab709a94dae8
2023-03-27 06:52:24,True,1.545e-07,4.692e-10,750096150.0,3.52,0xec...0165,https://bscscan.com/tx/0xf88f6d54b47873dd2daa49a367619e335d25770b1e9a3f2743683cd87d766a77
2023-03-27 06:52:00,False,1.529e-07,4.666e-10,322244909.0,1.5039,0xde...fa58,https://bscscan.com/tx/0xa67cf7f32d4c5ceffcfc20b70e41e9825dcaa878c28c7547aee7242d1ade4d96
2023-03-27 06:50:36,False,1.539e-07,4.672e-10,759290970.0,3.5481,0x08...af7e,https://bscscan.com/tx/0x4f855718eac4b4264116f686753f8dd64e4a000f425bf4d59729ab2ff5c5336d
2023-03-27 06:47:33,True,1.547e-07,4.697e-10,589702679.0,2.77,0x08...af7e,https://bscscan.com/tx/0xd14b3e1c8694484653fcea765c7b306a5ef57df79dbbe4ffe5be422c14d16b5e
2023-03-27 06:46:45,True,1.536e-07,4.688e-10,908518733.0,4.26,0x2a...576a,https://bscscan.com/tx/0xc80219a0ae287ff24e4b86cb321de11226c9dfd2bf09921bbdae5a621f52d014
2023-03-27 06:46:06,False,1.528e-07,4.664e-10,785497747.0,3.66423,0xec...0165,https://bscscan.com/tx/0xda5c1e419caa8dde1500ba7ae50ed26a55163dfcd6b2ca72ffc7b33353a36718
2023-03-27 06:45:57,True,1.544e-07,4.689e-10,624848107.0,2.93,0xde...fa58,https://bscscan.com/tx/0x5d139ec064f460531824959f699214a44038b1b5d513b34a605b30f4d3fa3089
2023-03-27 06:43:42,True,1.541e-07,4.68e-10,907995783.0,4.25,0x1b...7f6d,https://bscscan.com/tx/0x1b6a9140420fdbf8738ea32b1c84f92388d4846698b3efd9d7f3385ad9229a3c
2023-03-27 06:43:00,True,1.538e-07,4.672e-10,526461446.0,2.46,0xec...0165,https://bscscan.com/tx/0xd7bf52e6ae32cb8aa34a70f804d1ec03bdbdc51f843edc445e13a03541112dfc
2023-03-27 06:42:21,False,1.522e-07,4.646e-10,9045408.0,0.042,0x05...765e,https://bscscan.com/tx/0xdb68fb88e8f49ddbec5e306fc52ac6b22671b53eccc19d512465380f2dd2961d
2023-03-27 06:40:42,False,1.531e-07,4.651e-10,945642356.0,4.39892,0x1b...7f6d,https://bscscan.com/tx/0x502b18d747a71306b5d1f0f91dec17c79cda83b52227365574fb232b3dbd05e2
2023-03-27 06:40:24,False,1.527e-07,4.662e-10,1024308898.0,4.77595,0x2a...576a,https://bscscan.com/tx/0xfaab00c919b2fd56f44677ffb3c09fc3f9e283442b0c4d134c68fe415ae254a1
2023-03-27 06:39:51,False,1.53e-07,4.669e-10,297907767.0,1.39119,0xde...fa58,https://bscscan.com/tx/0x34cab2c862f461c785ef851e9a6ab1dc794070738418e1381ff5bbf60c7e98e0
2023-03-27 06:38:18,False,1.539e-07,4.673e-10,401623437.0,1.87709,0x08...af7e,https://bscscan.com/tx/0x3f6842aa0e3e7c4ed54f731716189bf1805fa60a1443fed1d7b39fbda122e6ba
2023-03-27 06:37:33,False,1.532e-07,4.676e-10,10162979.0,0.0475,0x74...744b,https://bscscan.com/tx/0x4b964d693790d136b4c011bc46563a5bffd344bea0467ee16e11aa40dbe58296
2023-03-27 06:36:42,False,1.54e-07,4.677e-10,340977006.0,1.59508,0xec...0165,https://bscscan.com/tx/0x49efd1f59c337fc96fb650c6ea0f5d9860a57f8108f046ed40d280bb08415b57
2023-03-27 06:35:12,True,1.547e-07,4.699e-10,608518240.0,2.86,0x08...af7e,https://bscscan.com/tx/0xef848e00228ef62d150624c5369be6395c64538b7520d4c139b159233dff875a
2023-03-27 06:35:09,False,1.538e-07,4.673e-10,10399393.0,0.0486,0x1f...c2ae,https://bscscan.com/tx/0x7a525ffb22d1edbf343f1d80dfe2b5e28bebdc418858919f4cc16e448548cab9
2023-03-27 06:34:03,True,1.545e-07,4.693e-10,605117724.0,2.84,0x2a...576a,https://bscscan.com/tx/0xd970c2f2c77e85ace140dc722ee7a654de7adf7948b45ee5625831458920eee4
2023-03-27 06:32:06,False,1.529e-07,4.669e-10,620218118.0,2.89639,0x08...af7e,https://bscscan.com/tx/0xad27ca9cc03b02f9a6da8e8877c9cad0dd65cc1012cfdc416bc37677fefc645d
2023-03-27 06:31:33,True,1.545e-07,4.694e-10,443085435.0,2.08,0x1b...7f6d,https://bscscan.com/tx/0x4f9e105951406dda007dd15b62d88c2930cfe933d5dd4e9a92b16f0dc4bac01e
2023-03-27 06:30:54,False,1.537e-07,4.67e-10,375338452.0,1.75303,0x2a...576a,https://bscscan.com/tx/0x6efb9dbc56b3547fc7e3fabc8599064f4a17e599c48dc2a8dc4fba5953f8cd1f
2023-03-27 06:30:42,True,1.544e-07,4.692e-10,662778400.0,3.11,0xde...fa58,https://bscscan.com/tx/0xc5fa8ce0c4f35a960a21fd7d4912c49be7b273a9ed807420432418f6da7853ab
2023-03-27 06:30:24,True,1.541e-07,4.682e-10,1072022387.0,5.02,0xec...0165,https://bscscan.com/tx/0x5b5f491b75f178d938a0e4bb58a57f188e21a801ef3d2f0a2a7d7086c93eb7e5
2023-03-27 06:29:12,True,1.531e-07,4.676e-10,6420000.0,0.03,0x7b...c54f,https://bscscan.com/tx/0xfa3a72a4b9aa5fc1981c8565b467b6bd3764ff4449e1357b31beac6095d9603e
2023-03-27 06:29:00,True,1.53e-07,4.673e-10,560591444.0,2.62,0x08...af7e,https://bscscan.com/tx/0xd711d707835608cfb42e11a97648293f31343a97da977f9df49537482e462277
2023-03-27 06:28:30,False,1.523e-07,4.649e-10,505585814.0,2.35097,0x1b...7f6d,https://bscscan.com/tx/0x241637474d19af71ef8b30a15a6a01e44c8afb3fbacdd194474a4822671e787f
2023-03-27 06:27:42,True,1.538e-07,4.671e-10,806995112.0,3.77,0x2a...576a,https://bscscan.com/tx/0x5a801d20472aa709fcefeb62070456110d37a170cec6e4cdc06382c1ab7d0af7
2023-03-27 06:27:18,False,1.523e-07,4.65e-10,1155438571.0,5.37306,0xec...0165,https://bscscan.com/tx/0x77a6849424a6cdfccff0d1410cdea8bda1e27ea8e58d6288e7a2841defeedc56
2023-03-27 06:25:54,False,1.533e-07,4.658e-10,285448930.0,1.32966,0x08...af7e,https://bscscan.com/tx/0xa8f4d0a256192c1dd60f3c84cdf5b629162281d969d7e87407969f3301bb604e
2023-03-27 06:25:45,False,1.536e-07,4.669e-10,1740335000.0,8.12617,0xf4...a0fc,https://bscscan.com/tx/0x5fd1318131850af85efacd894a08dd7fdac3dd6b66f5e196efcfd7326c947cd0
2023-03-27 06:24:09,True,1.545e-07,4.694e-10,1339743998.0,6.29,0xec...0165,https://bscscan.com/tx/0xcfc7a088ca1bf32df81c32f07c5bd575e34f8a7e2ef37a134d8d05af5667d7d2
2023-03-27 06:22:51,True,1.533e-07,4.684e-10,614849285.0,2.88,0x08...af7e,https://bscscan.com/tx/0x057370b03412439930332ab7161867dbbdd5ee07a60136363fdad90faea7cb11
2023-03-27 06:22:24,True,1.539e-07,4.678e-10,337693431.0,1.58,0x1b...7f6d,https://bscscan.com/tx/0x448539d198b8e0cf179571a469a1e432bf5f37f0f9ea5dcdcf532cba824afd3e
2023-03-27 06:21:00,False,1.535e-07,4.668e-10,954718075.0,4.45753,0xec...0165,https://bscscan.com/tx/0xd6a27e8f27881dfa07c0348ddac20f0778dd4f309c65f0c395bc85bec1a1b718
2023-03-27 06:19:21,True,1.543e-07,4.692e-10,852347675.0,4.0,0x1b...7f6d,https://bscscan.com/tx/0xc613e5eb7e9e2154cec19f90b384032e92e986645afbc28c75e2ee99dd70afae
2023-03-27 06:18:12,True,1.533e-07,4.685e-10,514371117.0,2.41,0x2a...576a,https://bscscan.com/tx/0x83c5b869ab18bd76ddab5ab80b294d234ce50341efb2cf31df04780ee7c055cb
2023-03-27 06:17:50,False,1.525e-07,4.661e-10,458680933.0,2.1382,0xec...0165,https://bscscan.com/tx/0x839c62b3c83f444eae00e015a329e34a82a37ff61a4d7f52c48eaabe530dc4cf
2023-03-27 06:16:37,False,1.526e-07,4.665e-10,321036815.0,1.49793,0x08...af7e,https://bscscan.com/tx/0x666e1b2107d887f936b105cf2ca5fb3fd648f4a3504724e349f4b1bf0bbfd697
2023-03-27 06:16:18,False,1.535e-07,4.67e-10,562631786.0,2.62794,0x1b...7f6d,https://bscscan.com/tx/0x03816609a67494e7a4aa14767c58f471527f62f7d77bed911300f3bb484d6919
2023-03-27 06:12:27,False,1.53e-07,4.679e-10,1001278247.0,4.68543,0xde...fa58,https://bscscan.com/tx/0xbe22ed477d803c422e51970fd166384bdebeb4686552dbae38350e862dd8bf89
2023-03-27 06:11:51,True,1.539e-07,4.705e-10,546175573.0,2.57,0x2a...576a,https://bscscan.com/tx/0x71ae1c43bfdacdf7834eb5a76f97fb8df719384c44c674f98ae0118ab8734071
2023-03-27 06:10:15,True,1.537e-07,4.698e-10,655494089.0,3.08,0x1b...7f6d,https://bscscan.com/tx/0xb8f3654715f782f1a2696486064e1f287a1d751c135667a04efc3be5680e9232
2023-03-27 06:08:27,True,1.534e-07,4.692e-10,468834205.0,2.2,0xec...0165,https://bscscan.com/tx/0xa4ef698aa5a8cc2256a6e172884ee157d34dfb815c3fa26ec34dd388a9591ec6
2023-03-27 06:06:21,True,1.539e-07,4.683e-10,1116641763.0,5.23,0xde...fa58,https://bscscan.com/tx/0x7176c8c7453f9558e4f3d7ef1343a0e5f77f14fb3c4b9ecb569cb4b9f00f609b
2023-03-27 06:05:30,False,1.532e-07,4.66e-10,1187391124.0,5.53406,0x2a...576a,https://bscscan.com/tx/0xb9cfc1d02def08250a45dde3b0b3405bdecfc676605d883c69f89d5561c5a47b
2023-03-27 06:05:15,True,1.54e-07,4.687e-10,535447853.0,2.51,0xec...0165,https://bscscan.com/tx/0x349f895edc77a0ad2bb169556f2e6542b4d141e7fb7fdb351f2045824375c442
2023-03-27 06:04:18,False,1.533e-07,4.666e-10,993018846.0,4.6342,0x08...af7e,https://bscscan.com/tx/0xde9d59a388ab21333ba86aa92be3c09d7092de8990be3f34b6616396ba5114cf
2023-03-27 06:03:57,False,1.535e-07,4.672e-10,10202681.0,0.0476,0x96...ef1c,https://bscscan.com/tx/0x6885342187d82ff0a954ad23f4771a8362f1bea4f4d9d3f0ea333a3ce6beee3f
2023-03-27 06:03:18,False,1.528e-07,4.673e-10,264658619.0,1.23697,0xde...fa58,https://bscscan.com/tx/0x3337cde3417f8e6ac39915e1c3d1bc005823672473aa51771b32d82e16409708
2023-03-27 06:02:21,True,1.542e-07,4.696e-10,374733922.0,1.76,0x2a...576a,https://bscscan.com/tx/0x7b1795c32fc979aa852748075823fac34c10c05307254e0aa1b4edbbdf639192
2023-03-27 06:02:09,False,1.528e-07,4.675e-10,816736816.0,3.81878,0xec...0165,https://bscscan.com/tx/0xa910523478b85b008e2bff0b372b6cf68fd24328057a69819eecc13f90a85fab
2023-03-27 06:01:09,False,1.538e-07,4.682e-10,479883916.0,2.24722,0x1b...7f6d,https://bscscan.com/tx/0xfff5e1a95e11bfd93fe298e45c51d49540c7f36de930e2d44bf6993d7a7530ae
2023-03-27 05:59:09,True,1.545e-07,4.704e-10,871573875.0,4.1,0x2a...576a,https://bscscan.com/tx/0x529fac905e453e3ceb45c2a31d6146483caf2a3b779c53e9bfa35890309a23a1
2023-03-27 05:59:00,True,1.541e-07,4.693e-10,954417707.0,4.48,0xec...0165,https://bscscan.com/tx/0xc5fc7074e69a94b2e0a02f2562bdd11c453d9f954e7bed498e1c485772e4ca35
2023-03-27 05:56:00,False,1.53e-07,4.682e-10,1131418516.0,5.29827,0x2a...576a,https://bscscan.com/tx/0x5b64bf7298ebe5eec40bd9c153d5ee9dfb366254c7d090e5363efdbf07434c25
2023-03-27 05:55:51,False,1.534e-07,4.695e-10,1231511332.0,5.78315,0xec...0165,https://bscscan.com/tx/0x001378281d2fcd7bf861a999dd6fa8d848e982bb7bb85b7189c812045c915cf0
2023-03-27 05:55:00,True,1.551e-07,4.724e-10,400069175.0,1.89,0x08...af7e,https://bscscan.com/tx/0xe076e080db15a043b95b5e1a998ce7b6ad449e89feb88af41e7f64e69b5c691d
2023-03-27 05:52:00,True,1.549e-07,4.718e-10,610361774.0,2.88,0x1b...7f6d,https://bscscan.com/tx/0x96e741912db474c174cb63a43ab4a08fc104e5333fbf74a8e1c921ea87410042
2023-03-27 05:51:09,False,1.541e-07,4.693e-10,286650927.0,1.34529,0xde...fa58,https://bscscan.com/tx/0x53626a81bd7dabb50fa1ef02a356f3fb4079c20389104cb24fe05ea8760be2c6
2023-03-27 05:50:24,False,1.542e-07,4.695e-10,47036405.0,0.2208,0xff...6e72,https://bscscan.com/tx/0x757ea125395cc0af9af701da815a241bb13cd04884b3e295ade8d50cd6abe22d
2023-03-27 05:49:40,True,1.541e-07,4.716e-10,500421983.0,2.36,0x2a...576a,https://bscscan.com/tx/0xf1d5aebd861be8aae6f1141ccf416ed722c49d9978b84b952b06cfeb1b9b9769
2023-03-27 05:48:58,True,1.55e-07,4.71e-10,545628292.0,2.57,0x1b...7f6d,https://bscscan.com/tx/0x6fe4e19f35921cb7493803fbf21ff3808ae9061fad43681f781d26c5e18d7970
2023-03-27 05:48:07,False,1.542e-07,4.685e-10,416984995.0,1.95396,0xde...fa58,https://bscscan.com/tx/0x0bbb69094787db8c1919a41b81d51d5e06d5afc0bc57475da894df188c5b26f8
2023-03-27 05:47:46,False,1.535e-07,4.688e-10,24089315.0,0.1129,0xd5...8337,https://bscscan.com/tx/0x55af77d89ae265aad45f324c165445f903698f59403247cdee3880551057a8dc
2023-03-27 05:46:31,True,1.55e-07,4.709e-10,403415801.0,1.9,0x2a...576a,https://bscscan.com/tx/0x6549ad29765c1885d232d3acd522c5608fe8d36729ce3e53f0aef85484cc3448
2023-03-27 05:46:25,True,1.547e-07,4.701e-10,1110324656.0,5.22,0xec...0165,https://bscscan.com/tx/0x128fd6b8f6dd92e9d6f3a872c2878925b3bf7bf819e441027a3c6cd543be1f71
2023-03-27 05:45:55,False,1.538e-07,4.676e-10,820619772.0,3.83742,0x1b...7f6d,https://bscscan.com/tx/0xbaf106fa459c6e224aabf83218b6a44f1a5a42eb5983365736bfcfb401751424
2023-03-27 05:42:52,True,1.539e-07,4.7e-10,589238609.0,2.77,0x1b...7f6d,https://bscscan.com/tx/0x79889d5efbe919fface1c16cf748751d64ae11caf9b9661d7746d0c0cdb4f179
2023-03-27 05:42:40,False,1.531e-07,4.676e-10,397101275.0,1.85702,0x08...af7e,https://bscscan.com/tx/0x7f84a1f5c4e32f55d8b072e076606c1d1fab6a8ad4b1fbf31766827e6c3cc6be
2023-03-27 05:41:10,False,1.539e-07,4.678e-10,24089319.0,0.1127,0xdf...b971,https://bscscan.com/tx/0xdfa4ed7e59ea781980beb06fe70f29d23157fd9d13e1e9bc456e292d0ab616c3
2023-03-27 05:40:10,True,1.546e-07,4.699e-10,459592047.0,2.16,0xec...0165,https://bscscan.com/tx/0xf93cc8dc5c856f61f1a1e023009bcb5c5ab0eb9111c52c6587cabaef339e561a
2023-03-27 05:39:52,False,1.53e-07,4.673e-10,24089322.0,0.1125,0x79...9d0d,https://bscscan.com/tx/0x328a318fe921110ff3015ae86bda0271ae03107e4eb56d40dee8a0ea7c99d965
2023-03-27 05:39:49,False,1.531e-07,4.677e-10,576042174.0,2.6943,0x1b...7f6d,https://bscscan.com/tx/0xe45568da6eb72cbe8ee646f7c585f83bcd9e043be17683bbb6b6199d22c5a3fb
2023-03-27 05:38:28,False,1.532e-07,4.68e-10,24089319.0,0.1127,0x34...7ae8,https://bscscan.com/tx/0x9bc905c4f28e80678b1c1a4bcc35ed117d9a78170578e63cd1f68af7b3d3c886
2023-03-27 05:37:01,False,1.534e-07,4.687e-10,1239219073.0,5.80896,0xec...0165,https://bscscan.com/tx/0x42471532a6e58042d8fb0004b20fbb62a19e10d099f4c16159b9dabd7cca5724
2023-03-27 05:36:52,False,1.544e-07,4.694e-10,24089312.0,0.113,0x3c...29cc,https://bscscan.com/tx/0x02c100e5a854f0a2d4bc524d7b35c19804217a89c6d3d298e077fd701a1ab622
2023-03-27 05:35:55,True,1.544e-07,4.716e-10,388030663.0,1.83,0xde...fa58,https://bscscan.com/tx/0x407f2b35b4aa2d8735ecccbc21f38ff8741b498569c9a96d283e2eaf331f975a
2023-03-27 05:33:49,False,1.544e-07,4.692e-10,330678075.0,1.55162,0x2a...576a,https://bscscan.com/tx/0x0ad4acf31827fd99aab5e2bee12ec520b8fffa4825246db3af60796256e9c3bb
2023-03-27 05:32:52,True,1.551e-07,4.713e-10,655498218.0,3.09,0xde...fa58,https://bscscan.com/tx/0x9a50bf5113facaf6480de1446f0f2863241cf608dcf4a92945c6f927abc69628
2023-03-27 05:31:13,False,1.534e-07,4.686e-10,24089316.0,0.1129,0xb5...aba5,https://bscscan.com/tx/0x545408752184314ab69593d11a1aa67cd80e1f2cd7f67d1377d30905c89e86b3
2023-03-27 05:30:44,True,1.548e-07,4.704e-10,1079807988.0,5.08,0xec...0165,https://bscscan.com/tx/0x76c32270b2462345d84948fe4f5a1e2bfdc8f1d0a755e51d490f8f982c4637f4
2023-03-27 05:30:38,False,1.539e-07,4.677e-10,354618033.0,1.65856,0x2a...576a,https://bscscan.com/tx/0x516c335f3c97807e042d0795124d9a368e7dd1abb07ad760969bad412f5ddd33
2023-03-27 05:30:16,True,1.537e-07,4.696e-10,1092331353.0,5.13,0x08...af7e,https://bscscan.com/tx/0xc3bda5b5c7f14e20fca2a4fff605acd9bd81a07988d98c0ba08ee505bb2e7a2b
2023-03-27 05:27:34,False,1.536e-07,4.669e-10,453506357.0,2.1176,0xec...0165,https://bscscan.com/tx/0x0a8a2457e169e03a76a7026ca58b2a7c520bbef486b1febe91c01cbf8c027bf5
2023-03-27 05:27:13,False,1.53e-07,4.675e-10,610178860.0,2.85275,0x08...af7e,https://bscscan.com/tx/0x6caaaa7db132adaa3303782c33e5dff71b7a0979b5ac74bc78daee0d3a4d64e7
2023-03-27 05:24:25,True,1.545e-07,4.695e-10,1256625515.0,5.9,0x2a...576a,https://bscscan.com/tx/0xc647ddb06f550c1f07aab48059a10fa7206cbfcacc2d096c6e097976f0b21407
2023-03-27 05:23:43,False,1.529e-07,4.67e-10,1026639711.0,4.79481,0xde...fa58,https://bscscan.com/tx/0x067d37391a6927109a004174df0d941f3823636ae5fc38045498203c3259c187
2023-03-27 05:21:34,True,1.536e-07,4.693e-10,1127151278.0,5.29,0x1b...7f6d,https://bscscan.com/tx/0xdda20446b0f45cb129fe79002b99d9ce04611efcfad4528ad944201664491ef5
2023-03-27 05:21:19,False,1.536e-07,4.668e-10,888235579.0,4.14672,0xec...0165,https://bscscan.com/tx/0x0e1038305d2d7621c039f943f7a2150c6dc3c92b6b22551aa9d9c5fc13537b04
2023-03-27 05:21:07,False,1.539e-07,4.677e-10,802332294.0,3.75317,0x2a...576a,https://bscscan.com/tx/0xef0a52a7c7a8d264a903c774f801bd9c8f7e3f994d18b161489a198c212a7768
2023-03-27 05:21:01,True,1.547e-07,4.702e-10,665667593.0,3.13,0x08...af7e,https://bscscan.com/tx/0x3c7c167dd162e0c621783ef690f724ffbe231fd476530a95d0c14937937c46c0
2023-03-27 05:19:16,False,1.53e-07,4.672e-10,112483.0,5.255e-05,0x53...45f5,https://bscscan.com/tx/0xab3336163d7179eb6a6c2d82ac62c7594cd3b64852557b8db0a1e9f629afa248
2023-03-27 05:18:31,False,1.531e-07,4.677e-10,447814336.0,2.09459,0x1b...7f6d,https://bscscan.com/tx/0xea1cd7644e378c0341d2530411a7f0bfa4ee9908d152a2256ff9ff51a7525c75
2023-03-27 05:15:28,False,1.534e-07,4.685e-10,943468699.0,4.42022,0x1b...7f6d,https://bscscan.com/tx/0x32d107df887811416f18f70158c2e18f2f12c5186caf95abb46a6773eab06e0b
2023-03-27 05:15:01,True,1.55e-07,4.709e-10,700649459.0,3.3,0xec...0165,https://bscscan.com/tx/0xcf4254e3330ed9799746d22f43effaa8d018b3ce474e37a7c1e93244cfbdd481
2023-03-27 05:14:46,False,1.542e-07,4.685e-10,562346744.0,2.63495,0x2a...576a,https://bscscan.com/tx/0x5e28e465ca14fa3d5beb47f903b4323c3aaba6b5b1b817243fe9d5dbbddc6602
2023-03-27 05:14:22,True,1.55e-07,4.711e-10,67033627.0,0.3158,0x68...8d79,https://bscscan.com/tx/0x6edeac7fd4fb7491dfe80353c5437c81e64cba412cf8e92d8e0b80aef279de28
2023-03-27 05:11:52,False,1.544e-07,4.691e-10,706563804.0,3.31515,0xec...0165,https://bscscan.com/tx/0xf59455252ebf8299ea633aceee82a869c4abb86302f5924212b8ccefb15a5ef4
2023-03-27 05:11:37,True,1.551e-07,4.714e-10,888759700.0,4.19,0x2a...576a,https://bscscan.com/tx/0x4a85efa1d78867de71520ef153ba9a268b201dc3406734b8a662f84a51961970
2023-03-27 05:08:39,False,1.543e-07,4.691e-10,916924582.0,4.30134,0x08...af7e,https://bscscan.com/tx/0x92d39e5bb71002992d79fa24b2b4a38d862e571045c1d42c807a7f1c1ec5ac51
2023-03-27 05:08:30,True,1.551e-07,4.715e-10,784678311.0,3.7,0xde...fa58,https://bscscan.com/tx/0x5a1eb300f03392c1c7c2360e1d5cea3b5f389ef5b87a7df2d16dcf21b5ac9925
2023-03-27 05:06:21,True,1.549e-07,4.708e-10,503387256.0,2.37,0x1b...7f6d,https://bscscan.com/tx/0x973d602d4fb19b509c7d20e1bd087c545510609403b449a44a17df2c8570a999
2023-03-27 05:05:39,True,1.546e-07,4.699e-10,983018619.0,4.62,0xec...0165,https://bscscan.com/tx/0xbd1804e8156d37396d789b354f7127283812bb60d721d469deadb45f57e1a81a
2023-03-27 05:05:30,False,1.537e-07,4.672e-10,378312931.0,1.76785,0xde...fa58,https://bscscan.com/tx/0xb2da0726ee1381c26ec076ca1644cc57aa0966e394741f6f09d0b9ce4336345a
2023-03-27 05:05:15,False,1.539e-07,4.678e-10,549067028.0,2.5686,0x2a...576a,https://bscscan.com/tx/0x02fc0b3ae6a389ac1ccfdfb44f5ba7b4723aafeeaeb6e32d76bd6f4cace97553
2023-03-27 05:03:18,True,1.539e-07,4.702e-10,455115004.0,2.14,0x1b...7f6d,https://bscscan.com/tx/0x2acf5bb020dee68a21bf498cfa8421cde0843f4c42c17003fc7dd942839f862e
2023-03-27 05:02:30,False,1.532e-07,4.68e-10,800188249.0,3.74531,0xec...0165,https://bscscan.com/tx/0x010abe63cbdc16cc32649fd805eb351ab6f509c4e9c6f359417f28d1bc696bb4
2023-03-27 05:00:15,False,1.543e-07,4.688e-10,681474905.0,3.19527,0x1b...7f6d,https://bscscan.com/tx/0xf9c501fa896532994f896a574683682eebfb370cee348cd488fb3896d69e8fb0
2023-03-27 04:59:24,True,1.549e-07,4.709e-10,1112560520.0,5.24,0x08...af7e,https://bscscan.com/tx/0xe37d6a56e1a93382fbfe84d6308d13c54ae131af39d4ffcd36e71157b73ba7b4
2023-03-27 04:58:54,True,1.538e-07,4.699e-10,702168049.0,3.3,0x2a...576a,https://bscscan.com/tx/0x0a52dd98560aa044acb6e1356be2f4cca424bbf8c3aac0a0241814ac28e720a9
2023-03-27 04:57:12,True,1.535e-07,4.691e-10,743869623.0,3.49,0x1b...7f6d,https://bscscan.com/tx/0xa381e0ff79b2fba4307f591220e2817ae6f96bc8b5f64566644ca9bc6c303457
2023-03-27 04:53:12,False,1.528e-07,4.667e-10,537314692.0,2.50771,0x08...af7e,https://bscscan.com/tx/0x670cf38ba815e978f559e5279f3a4d7d48971456c822bfbd7c2557796a2ac54d
2023-03-27 04:51:30,False,1.528e-07,4.67e-10,1968516.0,0.0091,0x1e...ecc9,https://bscscan.com/tx/0xfc38918b735be6f2c13475725d174cfee253c0ca63e9f2b000fa3726a5f36490
2023-03-27 04:51:06,False,1.537e-07,4.674e-10,722253256.0,3.37587,0x1b...7f6d,https://bscscan.com/tx/0xdf301e0c3d9a34d6cd02499d50027f313bd32e09df13dbe2eea3ff74febecb97
2023-03-27 04:49:45,True,1.547e-07,4.701e-10,3001679.0,0.0141,0x1e...ecc9,https://bscscan.com/tx/0x2b2314c5104c8aa5b13d795cc40f9a0f834d60af9234deaf957a0794954f9c25
2023-03-27 04:49:24,False,1.54e-07,4.682e-10,776842591.0,3.63745,0x2a...576a,https://bscscan.com/tx/0xc87c5fb647caa574d10649b355c3141c33a778b36c26cf9273fc35c189e3ca6d
2023-03-27 04:48:18,True,1.548e-07,4.707e-10,548107189.0,2.58,0x1b...7f6d,https://bscscan.com/tx/0xa6b6b556157f600040820769bb6b75b0b616d9a5dd5f9593bc258933c9518599
2023-03-27 04:46:45,True,1.545e-07,4.697e-10,1115408910.0,5.24,0xec...0165,https://bscscan.com/tx/0x2385b4bfaf1dc6b21e5b2dd0447465f6c4b81154cbc64402cb73d6b7b3c89a73
2023-03-27 04:46:12,True,1.543e-07,4.688e-10,479850494.0,2.25,0x2a...576a,https://bscscan.com/tx/0x389cc3b1a23cc715215bb0f59e1d0a5be22b043838de37c48f33691117310aa4
2023-03-27 04:44:12,False,1.536e-07,4.666e-10,656073511.0,3.06158,0xde...fa58,https://bscscan.com/tx/0xb22f50b5b238993532b34ce20e77e574746516ca76aecfb4da22c6ba99213c37
2023-03-27 04:44:06,True,1.545e-07,4.693e-10,4005400.0,0.0188,0x36...c92b,https://bscscan.com/tx/0x021d45ef823447592071c717264a9af31b230f3c2574e18db4fedf265c4b00c9
2023-03-27 04:43:57,False,1.538e-07,4.671e-10,340834387.0,1.59237,0x08...af7e,https://bscscan.com/tx/0xe23c9c550ad3ea8869a30d66973070b552e753249bba55c81f44690fe86f3b7b
2023-03-27 04:43:15,False,1.539e-07,4.675e-10,290202331.0,1.35683,0x2a...576a,https://bscscan.com/tx/0xc5e70b117e32ff5f8307d30336592e26e687073ad8082f254100fe7dbe3a8d4c
2023-03-27 04:41:09,True,1.546e-07,4.696e-10,736730309.0,3.46,0xde...fa58,https://bscscan.com/tx/0xc7ae511aedd133aa6e7d5b331ceb1194c43234b0872d7bc028e179f50ffa1a03
2023-03-27 04:40:51,True,1.543e-07,4.687e-10,906706964.0,4.25,0x08...af7e,https://bscscan.com/tx/0x27dddba5dd531a9d953dfad000e9d7d545349a7ce847b61fc6ebabf4dd8b34db
2023-03-27 04:39:54,True,1.54e-07,4.679e-10,587731176.0,2.75,0x2a...576a,https://bscscan.com/tx/0x61621cfe195f8fa63bc5f423d30d4ee4c04de5e599963e26a84bbffbb431ad6a
2023-03-27 04:38:57,False,1.526e-07,4.657e-10,1011439609.0,4.71126,0x1b...7f6d,https://bscscan.com/tx/0x3432cb565dac33c3e7d0e5aa789d44a52277fbb63c70936dcde1f70aba998a9f
2023-03-27 04:38:06,False,1.537e-07,4.667e-10,740024507.0,3.45415,0xde...fa58,https://bscscan.com/tx/0xdb2004898918fbd684878268bc5dc583e70f0ad8421fd4e8d420fc6875c922e0
2023-03-27 04:37:45,False,1.539e-07,4.675e-10,682172295.0,3.18948,0x08...af7e,https://bscscan.com/tx/0xad0ce71b65626cf34da8eca459cabecb67b4703fe8a06ecf05052ace8ea89790
2023-03-27 04:32:00,True,1.545e-07,4.695e-10,1239401897.0,5.82,0xde...fa58,https://bscscan.com/tx/0x6b13b1ccc76517d4dc65cf16703b6aa357febe75a4da67f35ade6669c8137951
2023-03-27 04:31:36,False,1.536e-07,4.668e-10,545100255.0,2.54481,0x08...af7e,https://bscscan.com/tx/0x67053e0e31c7d9ce3ddc3aabd4b00b96c3cb7c7a02af7923c490c2e2f182ccc5
2023-03-27 04:30:24,False,1.538e-07,4.674e-10,482305222.0,2.25439,0x2a...576a,https://bscscan.com/tx/0xa99ee73867138bc2f7d381cbe9d47928e290fc9726aa49b71449ebd749ed072d
2023-03-27 04:29:00,False,1.539e-07,4.678e-10,329360968.0,1.54098,0xde...fa58,https://bscscan.com/tx/0xb52edd3ab29a355d73f25dddc18ff071a8e9315dbb4c9d1b70a175193fda9a8d
2023-03-27 04:28:30,True,1.545e-07,4.697e-10,1243330848.0,5.84,0x08...af7e,https://bscscan.com/tx/0x601f6daf10acc3f5721c8c16a7852d612b1efa67ddab658ab8e4c88e5d610720
2023-03-27 04:27:12,True,1.534e-07,4.685e-10,843032201.0,3.95,0x2a...576a,https://bscscan.com/tx/0xd8beddc5fb7160005138a95be50d39bcf9e3d86663bcaa4e4c8f39a64938a72f
2023-03-27 04:25:54,False,1.526e-07,4.661e-10,705154021.0,3.28694,0xde...fa58,https://bscscan.com/tx/0x7d7915a29054efe8d84e1e5cf1ac74bc4c85dcacd286b22aa169a3ff96272f85
2023-03-27 04:24:45,False,1.537e-07,4.671e-10,1224519801.0,5.7209,0xec...0165,https://bscscan.com/tx/0xaab9f88b2f054209d4fc64011783de82829aa543961f5c063d59f300b8b40502
2023-03-27 04:24:00,False,1.532e-07,4.683e-10,843914575.0,3.95238,0x2a...576a,https://bscscan.com/tx/0xbb937ff5f198b85fbc356199dc6e78e60fff46e19ccd89625e64a5aa5df55aec
2023-03-27 04:23:54,True,1.54e-07,4.707e-10,673346400.0,3.17,0x1b...7f6d,https://bscscan.com/tx/0xe64f4963e39ba47bc21bbf79892ae87719c2872e044ace6f8799d2e98bdafb2b
2023-03-27 04:22:18,False,1.533e-07,4.684e-10,712736380.0,3.33884,0x08...af7e,https://bscscan.com/tx/0xb8a8ddc53ac36b1c426746d4936e544290c1d68c1877e8412b57c533dbe19bcc
2023-03-27 04:20:57,False,1.535e-07,4.69e-10,329911844.0,1.54739,0x2a...576a,https://bscscan.com/tx/0x03b3e1a1146fd978477767f5f8ceb7051536e206d20ee4ad49cb9f6a3b09491c
2023-03-27 04:20:42,False,1.544e-07,4.694e-10,402497216.0,1.88948,0x1b...7f6d,https://bscscan.com/tx/0x3c86785776b3d2b84f770a580451c1ce278aa78c96f09df0f0e11d6ae4f2979d
2023-03-27 04:19:12,False,1.546e-07,4.701e-10,819707886.0,3.85361,0x08...af7e,https://bscscan.com/tx/0xd00bf6715aa386a6d5d0007c7d7ca8729e81127bd0810db19ee88c433cba26fb
2023-03-27 04:18:27,True,1.546e-07,4.723e-10,1007680498.0,4.76,0xec...0165,https://bscscan.com/tx/0xd2fcf121ca9ae9053c23c86f1bc3ac7e92af07649499a2005bd3486395cf8d21
2023-03-27 04:17:42,True,1.543e-07,4.714e-10,585392058.0,2.76,0x2a...576a,https://bscscan.com/tx/0xf7c5bec17664d32edba0e882dcfe79e79d4bbb5b1f8604787ae9ef2d4443a795
2023-03-27 04:14:30,True,1.539e-07,4.708e-10,569203821.0,2.68,0x2a...576a,https://bscscan.com/tx/0x2045a5f76464e0f42088b0162711e42f3b30e0922dcf9ccae0e024bf61f0fa1e
2023-03-27 04:11:33,True,1.544e-07,4.698e-10,1234497954.0,5.8,0x1b...7f6d,https://bscscan.com/tx/0x3bf48f144459a0374ac562cb9f25dca22551723b37ee5fb684f2f212635677d3
2023-03-27 04:09:03,False,1.534e-07,4.669e-10,252398738.0,1.17854,0xec...0165,https://bscscan.com/tx/0x93f9c06d13bed5d0ae4acd9ca2fd150ef13275ec227874458479aba9fac69306
2023-03-27 04:07:40,True,1.533e-07,4.688e-10,976802065.0,4.58,0xde...fa58,https://bscscan.com/tx/0xcfd996842397eb78910c7518a0d376daabbfe1f165e78b5a1602b88941e5c10b
2023-03-27 04:04:58,False,1.524e-07,4.663e-10,577894833.0,2.69481,0x2a...576a,https://bscscan.com/tx/0x6eb23a44fe24ff1428b0df455d33b4825cfe472b5b81ab511dd751a90d56dace
2023-03-27 04:03:46,True,1.54e-07,4.686e-10,535549335.0,2.51,0x08...af7e,https://bscscan.com/tx/0x261352754401d15637c2180a843108fa6d00f8e47815db538e937ff52aa4f6e5
2023-03-27 04:01:34,False,1.524e-07,4.661e-10,276608181.0,1.28953,0xde...fa58,https://bscscan.com/tx/0x28e31962b9f002db42c5aa17e289a901d0c00954121506d64d32a820310456b9
2023-03-27 04:00:40,False,1.526e-07,4.666e-10,501505010.0,2.34014,0x08...af7e,https://bscscan.com/tx/0x1a2eef4d5bc97657a2faea5aef9c21bcc5ae68d90e0f0f132bb4bc253b035f2b
2023-03-27 03:58:40,False,1.536e-07,4.673e-10,806035475.0,3.76697,0x2a...576a,https://bscscan.com/tx/0xb3f5c254e58923f03484c42ecc5e00b6fd225fb4e7a08b1cad3d9be5b48f95bc
2023-03-27 03:53:22,True,1.544e-07,4.698e-10,551262709.0,2.59,0xec...0165,https://bscscan.com/tx/0xd8b7d2c13c1aeb14440a6a68d78d811600a7d4f0b4cdb91cc1682f5a80245622
2023-03-27 03:53:19,False,1.536e-07,4.674e-10,510245639.0,2.3852,0x1b...7f6d,https://bscscan.com/tx/0xe52d44df1cbfdc985c12934b742b260c7722602fddbbe5bf152d87fde42ebba8
2023-03-27 03:52:28,False,1.538e-07,4.681e-10,693117984.0,3.24468,0xde...fa58,https://bscscan.com/tx/0x8027f07581764e2f80ed54f3abe66ac2abc09512a13d24e39cf041af8ea86364
2023-03-27 03:52:19,True,1.538e-07,4.703e-10,841851023.0,3.96,0x2a...576a,https://bscscan.com/tx/0x82fb6a8574a5f207bb4403c20ac89cd5105d838439ae16231be7259f3fc61029
2023-03-27 03:51:25,True,1.543e-07,4.694e-10,809419931.0,3.8,0x08...af7e,https://bscscan.com/tx/0x655dfbb7b64fa8489d32f3302a5eaa78fd33bc4068378802fb3cf45188ff326a
2023-03-27 03:49:07,False,1.527e-07,4.668e-10,353194336.0,1.64898,0x2a...576a,https://bscscan.com/tx/0xa3ecf8e0964a0f3280768a1719adac98b9c27bf4945752775e8d19b7f364325e
2023-03-27 03:48:19,False,1.536e-07,4.673e-10,498495707.0,2.3297,0x08...af7e,https://bscscan.com/tx/0x2e2b3145daa9c46e178346fd15688d9a84c3a18d047d4fa1afb79f46d9cdc7c7
2023-03-27 03:47:04,False,1.531e-07,4.681e-10,936663274.0,4.3849,0xec...0165,https://bscscan.com/tx/0x63765cb66a346d8dba8ee6050d9320e957ddbab82af18c132a48cf5f926bf6c8
2023-03-27 03:46:22,True,1.547e-07,4.707e-10,422707847.0,1.99,0xde...fa58,https://bscscan.com/tx/0xf6e7993a90601dd8fd5d4e5e78dad6866f3774ad39d2727c16e20f3c699cce74
2023-03-27 03:45:58,True,1.545e-07,4.701e-10,742357403.0,3.49,0x2a...576a,https://bscscan.com/tx/0xc68070fd45fb6da4255a36dac51db880f18c56f28b14f1b5134cdc68fea97640
2023-03-27 03:45:19,True,1.544e-07,4.697e-10,17670818.0,0.083,0xd8...5cca,https://bscscan.com/tx/0xfa7907f8f0b33175fe025bb5504b82e4d896b4ab84493e5cf4c57170281300d9
2023-03-27 03:44:10,False,1.529e-07,4.675e-10,445410332.0,2.0827,0x1b...7f6d,https://bscscan.com/tx/0x9c4d4adf85a13d8cd763736fe39647f627f1e014766fbef86318d179f653c87b
2023-03-27 03:43:19,False,1.532e-07,4.682e-10,825692335.0,3.86669,0xde...fa58,https://bscscan.com/tx/0xfcd388a53a6133d4ea14a9a43ebac366177f19a34d3b294b1e9cab22bbb2ba9b
2023-03-27 03:42:46,False,1.541e-07,4.689e-10,297679719.0,1.39588,0x2a...576a,https://bscscan.com/tx/0x183d3039e38d7f308c1700d363f7931305d09d7907c1c7500e1fe4e83dd4ea7c
2023-03-27 03:42:07,False,1.535e-07,4.692e-10,292747126.0,1.37371,0x08...af7e,https://bscscan.com/tx/0xc64b2c28b07d1544a99ae7fc5aadbd215adc86947e0eb8828ac3da782b56576e
2023-03-27 03:41:07,True,1.55e-07,4.714e-10,619407530.0,2.92,0x1b...7f6d,https://bscscan.com/tx/0x542fef107f8db32e802c75ed5e3ac64d8f3f531132d17f8895c299f022108544
2023-03-27 03:40:46,True,1.547e-07,4.707e-10,599060793.0,2.82,0xec...0165,https://bscscan.com/tx/0xd2dad656be15144c8c8cd7a482f1017066dccc71a9c7f18f1ef6d265ecde7090
2023-03-27 03:39:04,True,1.537e-07,4.699e-10,849064664.0,3.99,0x08...af7e,https://bscscan.com/tx/0xfb53f40ea3da1b21956b108f5af92a134c3c9dc73d84e667e40a23849ea15085
2023-03-27 03:36:28,False,1.536e-07,4.672e-10,336314745.0,1.57159,0x2a...576a,https://bscscan.com/tx/0x1cd7eb9d63c1ad16fa9c4f60b7ce87ab1d01edde4fb4d6469b739dd85c06bc64
2023-03-27 03:35:58,True,1.544e-07,4.696e-10,334295932.0,1.57,0x08...af7e,https://bscscan.com/tx/0xbd6ef2b43e8ffc8fa39c93cf4a09f91b12c4fa9ccf5bb6b84eea4c86fb02e7c5
2023-03-27 03:35:04,True,1.535e-07,4.692e-10,366539336.0,1.72,0x1b...7f6d,https://bscscan.com/tx/0xf0fa7785e855578159f6737b0ffc10ce531fe0f12e81fbca460094f87e4cf018
2023-03-27 03:34:31,False,1.536e-07,4.671e-10,886337637.0,4.14095,0xec...0165,https://bscscan.com/tx/0xa382092f5798cfbc820e2e8da8c85e373f6e9e99e14b48481bb17b419232457a
2023-03-27 03:33:19,False,1.538e-07,4.679e-10,495572370.0,2.31909,0x2a...576a,https://bscscan.com/tx/0x5b5a0978d0631ff82386de75bf7b4b7472ec79c3dbffaeef4da87cdb89514a36
2023-03-27 03:31:22,True,1.537e-07,4.699e-10,1112849801.0,5.23,0xec...0165,https://bscscan.com/tx/0x265db67032c9f855b2e8f9323eb7b3bb01ba189f576266840b15daa5df9618c4
2023-03-27 03:30:07,True,1.542e-07,4.689e-10,690888603.0,3.24,0x2a...576a,https://bscscan.com/tx/0x94afd4c4d8c46a5a8ab5cb079617cdae17eab85fe44e8b837c0531aa69751aa4
2023-03-27 03:28:57,False,1.527e-07,4.669e-10,1220152892.0,5.69704,0x1b...7f6d,https://bscscan.com/tx/0x9033ea2b1b5c0eff89440db437f4aaf50c1a9c4dc61a91b909f814d5f1118344
2023-03-27 03:26:57,True,1.536e-07,4.696e-10,423678961.0,1.99,0x2a...576a,https://bscscan.com/tx/0xfecb432341570ab7b6053ec4b505c7e93d95f8140116a7949157f2de9be3f14b
2023-03-27 03:25:54,True,1.541e-07,4.687e-10,1233003757.0,5.78,0x1b...7f6d,https://bscscan.com/tx/0xc3dd7e34c16c1ba9472c9256da5935063364731daf77de7cb9437f9347c73876
2023-03-27 03:25:06,False,1.525e-07,4.664e-10,1174872497.0,5.47962,0xec...0165,https://bscscan.com/tx/0x43f4afecdad53cf17c4e8926b2875d5048a0614d7b826542a10d7683f078e9be
2023-03-27 03:23:36,False,1.538e-07,4.677e-10,1207727098.0,5.64874,0x08...af7e,https://bscscan.com/tx/0xa899156847aedad791ae8ca11073ff48ac1c388aadd0e7d845c8d63b905cff94
2023-03-27 03:22:54,False,1.541e-07,4.687e-10,698201655.0,3.27297,0x1b...7f6d,https://bscscan.com/tx/0x8a730145f2f0e931ccb06c0b41acfd8b91f1b76cf80e43574e423314da45ad6b
2023-03-27 03:21:54,True,1.55e-07,4.713e-10,371308839.0,1.75,0xec...0165,https://bscscan.com/tx/0x198f2eb441871417ffee4ffa2593da3b9a485c450406c4d4bfe51e8b0ab721cf
2023-03-27 03:20:36,False,1.542e-07,4.691e-10,707473048.0,3.31903,0x2a...576a,https://bscscan.com/tx/0x5c7732e7824b16b022e98a4eb9ad321d6c018ab4bd2803ba9110c177abe54dc7
2023-03-27 03:20:30,False,1.536e-07,4.695e-10,18182283.0,0.0853,0x1d...7d23,https://bscscan.com/tx/0x86e7b44576f0d44d9519bc4b29940bc4b6b4a2e969fae81acc9fcf0bfde676a7
2023-03-27 03:19:00,True,1.542e-07,4.712e-10,1126725280.0,5.31,0xde...fa58,https://bscscan.com/tx/0x9efad86325cba8278ad94bec956dce227351724395a153257c6a1b5091fec5a2
2023-03-27 03:18:48,True,1.539e-07,4.703e-10,569813183.0,2.68,0xec...0165,https://bscscan.com/tx/0x2df9f5f36e3f8036f66010620aec846bc35d1c357571332a9ed9ba0e7dc4dfd9
2023-03-27 03:18:15,True,1.537e-07,4.695e-10,847630459.0,3.97996,0xb4...d7bb,https://bscscan.com/tx/0x3334f67e4d0f81e133b2944e0fc3f44ee4b88fb4cdd0545166326576a2fc7df9
2023-03-27 03:15:39,False,1.531e-07,4.673e-10,1079368442.0,5.04414,0xec...0165,https://bscscan.com/tx/0x71cedf7e39210bbcd718a3d84921450462d5975ab4afa3a4d650bbd91c2f07f4
2023-03-27 03:14:21,True,1.541e-07,4.7e-10,329728575.0,1.55,0x08...af7e,https://bscscan.com/tx/0x3a6b3ae64ae6cbcf777bb9829df1e48d4478a682826a17b9bacea62a2f2bfbdd
2023-03-27 03:14:15,False,1.541e-07,4.677e-10,353526120.0,1.65362,0x2a...576a,https://bscscan.com/tx/0xd3b31180e183daca814152421c8536c42cb98dc157771e8a1f2f505c4f1076c3
2023-03-27 03:13:42,True,1.549e-07,4.702e-10,22270500.0,0.1047,0xb4...3811,https://bscscan.com/tx/0x9fa29d41b6a69faa0fcf1c6acce098fb5da56a41d6ea817823e3b8ed3d6afc01
2023-03-27 03:12:53,False,1.542e-07,4.68e-10,264475211.0,1.23792,0xde...fa58,https://bscscan.com/tx/0x17f9e157b653205b0272e5b253c226d8aada319c5edf4fc70a0e1a28e8b49cb9
2023-03-27 03:12:31,True,1.54e-07,4.699e-10,1010641368.0,4.75,0xec...0165,https://bscscan.com/tx/0x799b75094509879bf4a598bd28eed56d88c53f1d6ac21a8d7b50e032476d0d82
2023-03-27 03:11:04,True,1.537e-07,4.69e-10,776111972.0,3.64,0x2a...576a,https://bscscan.com/tx/0x17387ff8066785b6439bfe0f5d318b8f6af93a82ef5859c9ee9a882e6690687c
2023-03-27 03:09:51,False,1.529e-07,4.666e-10,790293398.0,3.68806,0xde...fa58,https://bscscan.com/tx/0x51f24bfeaee71976bedc4383766e0d0b11735ccc98d82e255aa0494e6758af23
2023-03-27 03:09:26,False,1.531e-07,4.671e-10,50223975.0,0.2346,0xef...9aa0,https://bscscan.com/tx/0x427d126520ed83034c35d9cfe8770c7f5defe17af5bc36c31e23d1c659d3dcc7
2023-03-27 03:08:11,True,1.538e-07,4.691e-10,552005315.0,2.59,0x08...af7e,https://bscscan.com/tx/0x2a0dbce3f3f6e135a82dc1fa38ae1967ad8fc95b2e2fd77874644d25d5313a3a
2023-03-27 03:07:54,True,1.536e-07,4.686e-10,480127820.0,2.25,0x2a...576a,https://bscscan.com/tx/0xdd2e20271257a228d09c1f9cd50e23752f4501399109413e2778d0b94a7e391b
2023-03-27 03:07:45,True,1.535e-07,4.683e-10,59667612.0,0.2794,0x10...03bd,https://bscscan.com/tx/0x53ef6b60a7d54bb9179e12fe2d866f8823efc61e4db9e6685221de3035bbcc7d
2023-03-27 03:06:49,True,1.533e-07,4.677e-10,1030526989.0,4.82,0xde...fa58,https://bscscan.com/tx/0xed8b88430e65427381908e367247b8f30d46fc9cb755749a3abe7eaf5d8949b6
2023-03-27 03:06:13,False,1.525e-07,4.653e-10,1004841959.0,4.67625,0xec...0165,https://bscscan.com/tx/0x89d3367f2be6fa5c661fd440a9ada58eeff219780b4e115a6087fd1a8d80af59
2023-03-27 03:05:04,False,1.536e-07,4.664e-10,910697350.0,4.24773,0x08...af7e,https://bscscan.com/tx/0xdb1cfb23a0bd22548c18c5211846f6d200036923ee11dc83295c20d0816809d8
2023-03-27 03:04:43,False,1.54e-07,4.674e-10,1000279348.0,4.67611,0x2a...576a,https://bscscan.com/tx/0xad1ba1b1b0f4fd5fbe14f445fde2b605723f8a60241f5672e0e1ac4291d443d0
2023-03-27 03:04:37,True,1.548e-07,4.7e-10,582908711.0,2.74,0x1b...7f6d,https://bscscan.com/tx/0x3b8b07f3cd85a9af231e856c8e79e974bbf60b7c9c5b1217123ad8ce4266a0ff
2023-03-27 03:01:37,False,1.533e-07,4.675e-10,364242209.0,1.70315,0x1b...7f6d,https://bscscan.com/tx/0x00421203240c0ed79ffe64c5f58e7237d8e6a48751941e1951a7be7bf3b89bd4
2023-03-27 03:01:10,True,1.541e-07,4.7e-10,124257822.0,0.5841,0xe5...5e3e,https://bscscan.com/tx/0xf2894adc5b7c447e36f611eb6e5ff339b70400ea374c333c4450a8a3dfc68d7b
2023-03-27 02:59:55,True,1.546e-07,4.692e-10,1329760076.0,6.24,0xec...0165,https://bscscan.com/tx/0x3b36a4ad3686d8391a642469d908211f086508b6b489697af8731b707d37f4b8
2023-03-27 02:58:52,True,1.533e-07,4.678e-10,1216214051.0,5.69,0x08...af7e,https://bscscan.com/tx/0x18dc5b7bc00a454525b1679995e9655bdc388e76d8f0a056b78bc491a47ffff4
2023-03-27 02:58:22,True,1.53e-07,4.668e-10,533329090.0,2.49,0x2a...576a,https://bscscan.com/tx/0x6194c7a1635d8728011738bd7435804dffb59d3f0c6aa68418ad1ff822afd522
2023-03-27 02:55:46,False,1.531e-07,4.648e-10,1075650064.0,5.0001,0x08...af7e,https://bscscan.com/tx/0x81c4a0023ad028017916ff45c4b360e5468074606da96305dffa07c54660b88b
2023-03-27 02:54:39,False,1.535e-07,4.66e-10,1128353325.0,5.25875,0xde...fa58,https://bscscan.com/tx/0xda2d09bc99e3b06a19821a7a02d8c83cefc07a3def4728a53b0270c98aa534d0
2023-03-27 02:52:41,True,1.536e-07,4.687e-10,522691602.0,2.45,0x08...af7e,https://bscscan.com/tx/0xe9c7431f912297d600709dc20585c6d17fc0396955873b9cba64d8faacbc5ec0
2023-03-27 02:52:38,True,1.543e-07,4.684e-10,24487912.0,0.1147,0xaf...2456,https://bscscan.com/tx/0x901a754053b693ce67d437469864297c4c4170b6b6bdfd5d09bdecbde9b05a60
2023-03-27 02:52:28,False,1.536e-07,4.664e-10,700706201.0,3.2685,0x1b...7f6d,https://bscscan.com/tx/0xefc816c96bf9c197c9665a5759fd10bc7d8a25d92b8e7eef256ae13bb9bf8f6e
2023-03-27 02:51:35,True,1.536e-07,4.687e-10,817097037.0,3.83,0xde...fa58,https://bscscan.com/tx/0xbd606904edd9ecfe6288145c6e677b07f30e0941d740e78ae8e778f501ca14ca
2023-03-27 02:51:07,False,1.534e-07,4.659e-10,9440317.0,0.0439,0x38...2b36,https://bscscan.com/tx/0xbf801a3276e1df58e12b124aefca1c2dc266d1d1053094816a4c89a403ba4c24
2023-03-27 02:50:31,False,1.529e-07,4.666e-10,1224709370.0,5.71483,0xec...0165,https://bscscan.com/tx/0xb93d4f1150b0690eb01dea5686f86c33f095a74a86fa35e4c5c0238925b248bf
2023-03-27 02:49:39,True,1.545e-07,4.693e-10,603010878.0,2.83,0x08...af7e,https://bscscan.com/tx/0x72d7302b663addad89b47245bbe02859a9fad70d77c5a158c1dbece0dd89db69
2023-03-27 02:48:53,False,1.537e-07,4.669e-10,649067714.0,3.0311,0x2a...576a,https://bscscan.com/tx/0xe3df98ce423001bfb6973cbd1f682be1d3e6c5d2d351e98305532937cddb66db
2023-03-27 02:46:32,False,1.539e-07,4.676e-10,485213280.0,2.26895,0x08...af7e,https://bscscan.com/tx/0x996e33e966bfd743817292fbaddbe39e891d7e7a399dd0f7f62b251f4b7ac489
2023-03-27 02:46:23,True,1.546e-07,4.698e-10,734313371.0,3.45,0x1b...7f6d,https://bscscan.com/tx/0x06080193c031c1023c58064adff597bf91e1df2c399fbaee622b4500c3272b1e
2023-03-27 02:44:12,True,1.535e-07,4.686e-10,1344227069.0,6.3,0xec...0165,https://bscscan.com/tx/0xe52b93b5d9ef815cd80ec6a0bd8318707bd410aa3dc2bc4301eef0c10318d442
2023-03-27 02:43:27,False,1.526e-07,4.657e-10,363805218.0,1.69457,0x08...af7e,https://bscscan.com/tx/0x6e7927215ec0da060c4b448279424cd3aaa017dc415b0f4e669f8a45b9689ccf
2023-03-27 02:43:18,False,1.528e-07,4.663e-10,662842315.0,3.0912,0x1b...7f6d,https://bscscan.com/tx/0x21c8cd419e6e452ed2d55ef30180de1481b9c392c3aeff92ce159d41c4d8fb61
2023-03-27 02:42:30,True,1.543e-07,4.688e-10,413794056.0,1.94,0xde...fa58,https://bscscan.com/tx/0x867f7d5c17c754ecfd6de3a30fd7d57e1ccf09ebaf41af32bb4bc3b4676156cd
2023-03-27 02:40:42,True,1.543e-07,4.685e-10,10690401.0,0.05,0xb0...4b97,https://bscscan.com/tx/0xc5dde5de86f5b20d32212045049169d2dedfd00e2ff5ca62f36a5aab56cb3f60
2023-03-27 02:40:21,True,1.534e-07,4.681e-10,803169554.0,3.76,0x08...af7e,https://bscscan.com/tx/0x681a177d73d8299e83b66680cc136b6dd8c063ed6ed0544cbcb45737b4eec8b6
2023-03-27 02:39:24,False,1.526e-07,4.659e-10,1038312257.0,4.83788,0xde...fa58,https://bscscan.com/tx/0xff1fc45a0abfac8b3b3ecaf5b75e51ddb5728974361555739580eafe86cba11d
2023-03-27 02:37:57,False,1.53e-07,4.671e-10,1085361798.0,5.06981,0xec...0165,https://bscscan.com/tx/0xfc9e866af78f91d0cb892628804a64c46f7daf4dc37a18a9264bb50f6b2633b2
2023-03-27 02:37:18,False,1.541e-07,4.679e-10,512976409.0,2.40068,0x08...af7e,https://bscscan.com/tx/0x71f1f20d969de11963fb1d3186556591de6f36e6e31c942adedc1c8796205c1d
2023-03-27 02:34:09,False,1.535e-07,4.685e-10,531831754.0,2.492,0x08...af7e,https://bscscan.com/tx/0x382c6a93ac71ff01c8cf4c24da12ab0e45b36253d6ace1ac955783f2d1744f7e
2023-03-27 02:33:21,True,1.543e-07,4.708e-10,613751968.0,2.89,0xde...fa58,https://bscscan.com/tx/0x9290f685da9e95e5a2067df6b3a5bf83bb9b9698be378db613645b1932436c32
2023-03-27 02:33:00,True,1.539e-07,4.701e-10,744497082.0,3.5,0x2a...576a,https://bscscan.com/tx/0xacdeeaf286a8528cd3c845721297eb1b374a2b50a130ef6245012c1ec31ccdf5
2023-03-27 02:31:09,True,1.545e-07,4.691e-10,933540104.0,4.38,0x1b...7f6d,https://bscscan.com/tx/0x6799841ab6ad52ffb04065f16370bad013b43b7d7898fd422d2cb805c163338f
2023-03-27 02:31:03,True,1.542e-07,4.683e-10,653425910.0,3.06,0x08...af7e,https://bscscan.com/tx/0x668281f2091d267a189cb238c31ae3c16c45f299e57ecb811cfc76a0958a2509
2023-03-27 02:29:51,False,1.527e-07,4.662e-10,1146641515.0,5.34604,0x2a...576a,https://bscscan.com/tx/0x0221605ae9d528638fee89febff6e4f9e4094fc7eead7b6159c45370d86ad5ea
2023-03-27 02:29:24,True,1.545e-07,4.692e-10,4049392.0,0.019,0xa3...673c,https://bscscan.com/tx/0x262e011bc226818e419d1248d9c69c03855d96b21be582950f9d4fdcc1bdba82
2023-03-27 02:25:21,True,1.537e-07,4.69e-10,330476227.0,1.55,0xec...0165,https://bscscan.com/tx/0xd1e3921e9269593a32aad7d046215d67de921ad93efb7d879a4a66d4cfcaa0db
2023-03-27 02:24:54,True,1.535e-07,4.686e-10,335004368.0,1.57,0x08...af7e,https://bscscan.com/tx/0x05685788dcf18715fbda492fd16bc5110d4695822140aaf18e583f90ea3421b3
2023-03-27 02:23:36,True,1.543e-07,4.684e-10,13172800.0,0.0617,0x75...f29e,https://bscscan.com/tx/0xaa5d1cb74592acc5e8cf9729af7a269ef12731d85b036cbb6a0f88c8496e1420
2023-03-27 02:23:30,True,1.54e-07,4.676e-10,1383414341.0,6.47,0x2a...576a,https://bscscan.com/tx/0x62da7fd4facbafd476f8e8b378e50ac84421426a6411585e023f51b6e4d2341e
2023-03-27 02:22:45,True,1.537e-07,4.666e-10,492877348.0,2.3,0xec...0165,https://bscscan.com/tx/0x403a7c6ff4d804e3afe127aabcfa94d5200f55dc60cfeff09fcf821a833bcbda
2023-03-27 02:22:15,False,1.522e-07,4.643e-10,599495511.0,2.78391,0x1b...7f6d,https://bscscan.com/tx/0xf2e006efecd1332c77935933839900e36ee01df5ca8f7fd31245af1056eeff11
2023-03-27 02:21:48,False,1.524e-07,4.65e-10,591785512.0,2.75197,0x08...af7e,https://bscscan.com/tx/0xb1b133210abe32cf2c4af173fcea06b960890708319fe7e0546e5f661b68a604
2023-03-27 02:20:21,False,1.534e-07,4.658e-10,882134407.0,4.10932,0x2a...576a,https://bscscan.com/tx/0xf232243b9ec0f31c986b243aae7f0e70cb244525ee2835bc999315efb0c57de3
2023-03-27 02:19:06,False,1.536e-07,4.666e-10,517606231.0,2.4152,0xec...0165,https://bscscan.com/tx/0x0f508520dd0228e9f7a23dcb23a204a11106a75a82d3e8d52c37fe547c0c880e
2023-03-27 02:18:42,True,1.536e-07,4.687e-10,859717139.0,4.03,0x08...af7e,https://bscscan.com/tx/0x49b5b6ad6f68e66ad3f07a7d45b6d39b5425164a8bdd48dfa93dde6e4da47d7f
2023-03-27 02:17:09,True,1.541e-07,4.679e-10,549171300.0,2.57,0x2a...576a,https://bscscan.com/tx/0xc93c505a2a4847d91ee19945d84e30a14b7db17cdfa5917b3585a46522c7847f
2023-03-27 02:15:57,False,1.533e-07,4.655e-10,307461169.0,1.43126,0xec...0165,https://bscscan.com/tx/0x4f096baee04d3f2562252e628f6c1081a7a3cf85a3b115e3ab604d05c17ca341
2023-03-27 02:15:57,True,1.54e-07,4.677e-10,545207758.0,2.55,0x1b...7f6d,https://bscscan.com/tx/0x75917321d9962e6f5b35c992214be397f36ae38fceebf6560ac5270b4e1a4f4b
2023-03-27 02:15:36,False,1.525e-07,4.655e-10,834277126.0,3.88385,0x08...af7e,https://bscscan.com/tx/0x49204c01d59193a76fd82754bb67d192067d3eadb35b71ffc2e48804c62c0d76
2023-03-27 02:14:00,False,1.536e-07,4.665e-10,973363725.0,4.54103,0x2a...576a,https://bscscan.com/tx/0x53dd750b580ed2944074275a400e77e06f035d813aaee2dee327c1ce2a84321a
2023-03-27 02:13:12,True,1.538e-07,4.693e-10,110599000.0,0.519,0xd2...a28e,https://bscscan.com/tx/0xd205e730e2ab36a43b7015702d6356d819503bdf199abf804933d660a0965d51
2023-03-27 02:12:54,False,1.531e-07,4.673e-10,759995947.0,3.55195,0x1b...7f6d,https://bscscan.com/tx/0x3c6a45c17725044a9e00382ff8da292848433bc42686eefde87e3d293499e763
2023-03-27 02:12:48,True,1.539e-07,4.696e-10,849555161.0,3.99,0xec...0165,https://bscscan.com/tx/0xd5e761a1d7c0568da2278abc2178d372dd143bb327dc465932942cf3e8aa1487
2023-03-27 02:12:33,True,1.544e-07,4.689e-10,398751646.0,1.87,0x08...af7e,https://bscscan.com/tx/0x3bcd3aec93499c039e362ce4566181adeb00627a84afa182d17f967fb7136ec0
2023-03-27 02:12:03,False,1.537e-07,4.668e-10,797163431.0,3.72149,0xde...fa58,https://bscscan.com/tx/0xa74c34a90bbd30023ab6658d0f3fba38f3775e2b816975060538617b59ffc910
2023-03-27 02:09:00,True,1.545e-07,4.692e-10,718203267.0,3.37,0xde...fa58,https://bscscan.com/tx/0xba19c128d67265e4b7fb34f83309c5bbc2bf64443777a6ac131bfacaaedb378c
2023-03-27 02:06:51,False,1.529e-07,4.667e-10,552129914.0,2.5773,0x1b...7f6d,https://bscscan.com/tx/0xb91d0393b778d975444d2f4efc7b21d306f63a54d49371f36d85f21622b1ce71
2023-03-27 02:05:57,False,1.532e-07,4.674e-10,649730220.0,3.0372,0xde...fa58,https://bscscan.com/tx/0xf7e74347ae9a76538023499608a5fd5691dc97c7c29801d236835f2dfed6d1ba
2023-03-27 02:04:30,True,1.539e-07,4.697e-10,772782753.0,3.63,0x2a...576a,https://bscscan.com/tx/0x6779c2c5b27b10f9c0dba23347d3a7a5110a3ad3345674cbda91a39298079eaa
2023-03-27 02:03:24,False,1.532e-07,4.675e-10,1117826447.0,5.22669,0xec...0165,https://bscscan.com/tx/0xfd100f62e259d77f06660fc878cb77af8262bdf24ead5c54a55a6624d50516f9
2023-03-27 02:02:54,True,1.54e-07,4.699e-10,1034116019.0,4.86,0xde...fa58,https://bscscan.com/tx/0xb8fc650e68434c6114fdfcf7d191f079c71d1aeab0765fff84d6b28b463004fb
2023-03-27 02:00:12,False,1.539e-07,4.673e-10,570028195.0,2.6641,0x08...af7e,https://bscscan.com/tx/0x829076d04e7b6fe235d66f8b74120fd696ac54daa0f1669fe9e435abfb5e74e4
2023-03-27 01:58:21,True,1.547e-07,4.7e-10,6595450.0,0.031,0x75...33cd,https://bscscan.com/tx/0x15f857beae010194a00c9b93afa3737989a76bebf89e620c7d906463b304c0f7
2023-03-27 01:57:42,True,1.538e-07,4.695e-10,839102252.0,3.94,0x1b...7f6d,https://bscscan.com/tx/0x1e8a525e75f0dc4b7181a8082e05b5b3a923a44fbed24db5fbd266e40f03edd3
2023-03-27 01:56:51,False,1.53e-07,4.671e-10,829516903.0,3.8755,0xde...fa58,https://bscscan.com/tx/0x0096f291915345daadff047df3ca0b2257ab92e21b62791be4df85dd532780e6
2023-03-27 01:55:00,False,1.541e-07,4.681e-10,804541317.0,3.76608,0x2a...576a,https://bscscan.com/tx/0xa635e7d95cc7ed5fb1e6024b8d843d98888e10bcd099783a4854ed7cffbb5e47
2023-03-27 01:54:39,False,1.536e-07,4.688e-10,624891612.0,2.93009,0x1b...7f6d,https://bscscan.com/tx/0x02803dbd6956128e9a22a8c989e54b316c991c009ca20115599ac910e5484d5e
2023-03-27 01:53:57,True,1.55e-07,4.709e-10,1095578584.0,5.16,0xec...0165,https://bscscan.com/tx/0x5c4ced65522d5eb34a1f53cab2e01bf4beb4e0f26858ddeb8e5cc522d86aec02
2023-03-27 01:51:36,True,1.547e-07,4.699e-10,672344284.0,3.16,0x1b...7f6d,https://bscscan.com/tx/0x5eab34dac68a5bdd221aa0a7bea88254868163dfef487cfbf4239626ca8fbc6a
2023-03-27 01:50:54,True,1.537e-07,4.69e-10,952903389.0,4.47,0x08...af7e,https://bscscan.com/tx/0x8c1c804aaacf3f26bf95a0dfd8848be7391bea46cadcc43d0d8fd8d9a66aefb3
2023-03-27 01:50:48,False,1.528e-07,4.664e-10,433640898.0,2.02278,0xec...0165,https://bscscan.com/tx/0xb55af1b929eaaf9484c1b6a0acc551997f6371166cc2a044c84edebaaa3976b1
2023-03-27 01:50:45,True,1.535e-07,4.684e-10,1028875331.0,4.82,0xde...fa58,https://bscscan.com/tx/0x350f377ab564d79a596b73b2927cb3257ddc835fcd8626ad41d2e956ab6349e5
2023-03-27 01:48:33,False,1.525e-07,4.657e-10,267794808.0,1.24716,0x1b...7f6d,https://bscscan.com/tx/0xaba385890396ba868a4bdb539cfb03463340ca267a2232241d86995915cae1f3
2023-03-27 01:47:57,False,1.536e-07,4.665e-10,1178362556.0,5.49719,0xde...fa58,https://bscscan.com/tx/0x54d78b495a0e64473f375aace026956e5832bd3708a65c62690cadae0b4c2bcc
2023-03-27 01:45:45,False,1.538e-07,4.673e-10,267610365.0,1.25056,0x1b...7f6d,https://bscscan.com/tx/0x0717301c91bdcf0ef6f96dac5e64d7b531a0462b281b061fe2639b350a6e48d9
2023-03-27 01:45:27,True,1.536e-07,4.691e-10,1255589150.0,5.89,0x2a...576a,https://bscscan.com/tx/0xc58dc17d9e24da1e012a97d59844c95a33b4c894cbf83af8592e6644844ca4f1
2023-03-27 01:44:33,False,1.535e-07,4.662e-10,357228718.0,1.66563,0xec...0165,https://bscscan.com/tx/0x3e03ec6ee3a9b93420aaa45b9d3b55d6da78fb861886e1c5b22aabfaa93767c6
2023-03-27 01:42:27,True,1.542e-07,4.683e-10,809220246.0,3.79,0x1b...7f6d,https://bscscan.com/tx/0x4d0ae36f3edad1f12d64e74f57906d63abbb40fe70f0a95c96e52ded2ee2f398
2023-03-27 01:42:21,False,1.533e-07,4.658e-10,560738405.0,2.61235,0x2a...576a,https://bscscan.com/tx/0x9bdf139ac61290264725774066e1abb5ec7d3719cdccd5978849f4d959082c0e
2023-03-27 01:41:39,False,1.535e-07,4.663e-10,380831623.0,1.77618,0x08...af7e,https://bscscan.com/tx/0x4783152794708892aa8f57eff084fe53e4928d3899e2f9e979048ca5a06b94fe
2023-03-27 01:41:36,True,1.535e-07,4.686e-10,554799759.0,2.6,0xde...fa58,https://bscscan.com/tx/0x9ffe2aabadc838cd0830202525d58ec1ec854870e0de785a695f80eba7038f7f
2023-03-27 01:41:27,True,1.533e-07,4.681e-10,331092972.0,1.55,0xec...0165,https://bscscan.com/tx/0x469f18e8ee865cfc7a084d186485d39ad7d68823eb94a9312bfcfc6bc4311469
2023-03-27 01:39:24,True,1.54e-07,4.677e-10,386959814.0,1.81,0x1b...7f6d,https://bscscan.com/tx/0x9fd313b31bf007820c813b3235c5d05478b0605be60351c3ba958983b43c9f43
2023-03-27 01:36:24,False,1.524e-07,4.653e-10,251663700.0,1.17109,0x1b...7f6d,https://bscscan.com/tx/0xe673c5f59b136a2e0776019893245cf21e55730f36b06436f649735e686d3ec9
2023-03-27 01:35:30,False,1.533e-07,4.656e-10,279029801.0,1.29925,0xde...fa58,https://bscscan.com/tx/0xc618684de7939383268243e96e18666c4d81141c2a1fe7213d9654140239dd4c
2023-03-27 01:35:27,True,1.541e-07,4.679e-10,371862538.0,1.74,0x08...af7e,https://bscscan.com/tx/0x653a01fc7f8f77e2c3ffbb37c6c1826c3d0c06ef94977fed80efe26e2010ede6
2023-03-27 01:35:06,False,1.526e-07,4.657e-10,740783499.0,3.45043,0xec...0165,https://bscscan.com/tx/0xa3acb468d3b750b8cd7bf5bfa059e440d3f5eb60e0dd01c601937eb9b3a2058d
2023-03-27 01:33:21,False,1.528e-07,4.664e-10,411599294.0,1.91976,0x1b...7f6d,https://bscscan.com/tx/0xd3574a2ad0aa16783a78e34c950f1e7ec22a596d6ae5d04c2773ccc1b9676527
2023-03-27 01:32:30,True,1.543e-07,4.685e-10,717051873.0,3.36,0xde...fa58,https://bscscan.com/tx/0x8cf66d5aac4d6b06e4a3116ed6cec3328d608dc5b4bc55ac7829dabd4d57fcc0
2023-03-27 01:29:36,False,1.528e-07,4.662e-10,801533178.0,3.73748,0x2a...576a,https://bscscan.com/tx/0x87d569112de949f5f5779e15723553f7f9025d124f47c36b39ff09a08710c4a7
2023-03-27 01:28:51,True,1.544e-07,4.688e-10,358303505.0,1.68,0xec...0165,https://bscscan.com/tx/0xe55ca41bbb695f1e5c524274c3f2f268dbd647bfe2f820943f51c3040dc03598
2023-03-27 01:27:18,False,1.528e-07,4.665e-10,466191538.0,2.17522,0x1b...7f6d,https://bscscan.com/tx/0xef8b224daa6bd02b6eef2a025f64db6d65dfce7f749e10a240edfa45270425c9
2023-03-27 01:26:36,True,1.536e-07,4.689e-10,484086088.0,2.27,0x2a...576a,https://bscscan.com/tx/0x6afd3cfa41f98c804ee0b43fe92ccf308652338c4f8b692634b831236cb02760
2023-03-27 01:26:12,False,1.53e-07,4.669e-10,1084027060.0,5.06148,0x08...af7e,https://bscscan.com/tx/0x150b1088687914d38ef035ff246688792ec05b78a00ad882e7a486434ecb8fcb
2023-03-27 01:25:42,True,1.538e-07,4.694e-10,668816365.0,3.14,0xec...0165,https://bscscan.com/tx/0xc12e7f0887082ae43e800672a01cd05d46819b8239c3ecb0b4718c218cd854f6
2023-03-27 01:24:03,False,1.531e-07,4.672e-10,822243296.0,3.84174,0xde...fa58,https://bscscan.com/tx/0xa21f3c638e137fa5c4bff86978d81c84325c44901960427c48cf077946531e94
2023-03-27 01:23:15,True,1.539e-07,4.698e-10,376742088.0,1.77,0x2a...576a,https://bscscan.com/tx/0xf8fcfbc8cc7d3f296e175ccadddbe59415ef0f584adf308e154a1c66d944f824
2023-03-27 01:23:06,True,1.544e-07,4.689e-10,1179226297.0,5.53,0x08...af7e,https://bscscan.com/tx/0x8547738c5c27e4243bef26d98f2994601a84a26a9d0f5eb7272457c5faeb7a83
2023-03-27 01:22:33,False,1.535e-07,4.662e-10,499548391.0,2.32907,0xec...0165,https://bscscan.com/tx/0x5f16c2a7f7fc08075dc51044bb16fc9d52e7bab848c2dbd8b83d1936899046a5
2023-03-27 01:21:09,False,1.529e-07,4.667e-10,381299192.0,1.7796,0x1b...7f6d,https://bscscan.com/tx/0x1d331af9edaf9c9f38a343abe1ed7602aac0a31a8103af5f26c5cb7e38cce327
2023-03-27 01:20:21,True,1.543e-07,4.689e-10,609893801.0,2.86,0xde...fa58,https://bscscan.com/tx/0xa55629b3fd13d0d1b52d443835e328f24a70d263fb6229d81dcf6ebbfb2f35a7
2023-03-27 01:20:00,False,1.528e-07,4.668e-10,1026026349.0,4.78972,0x08...af7e,https://bscscan.com/tx/0xb9c855b1f85b91d6917a11c26d9d054843037ea8b75a1e19c193519a069f7fc6
2023-03-27 01:19:24,False,1.531e-07,4.677e-10,678574005.0,3.17412,0xec...0165,https://bscscan.com/tx/0x8f7e30d8b878700ec3e6047310cdff294daa741b4631c2a663f74baf473ed55d
2023-03-27 01:18:06,True,1.546e-07,4.702e-10,367863618.0,1.73,0x1b...7f6d,https://bscscan.com/tx/0xf33e9aba69b68da9c50d9c32d0acce84ea4ab182550eb1b113ca1abe1f17c573
2023-03-27 01:16:54,True,1.545e-07,4.698e-10,425676305.0,2.0,0x2a...576a,https://bscscan.com/tx/0xe1f2af1ff96e546d3e483d48ca7cafd0d169a5f95b120838f5cfacb2bc4632af
2023-03-27 01:14:12,False,1.529e-07,4.673e-10,246986414.0,1.1544,0xde...fa58,https://bscscan.com/tx/0xddfb257189563924df4e5826bf191e8fa9b1c0264795b4e730c639a5918043e2
2023-03-27 01:13:48,False,1.538e-07,4.677e-10,396690695.0,1.85553,0x08...af7e,https://bscscan.com/tx/0x35c7ee47d47da805349c852918d31373cb18e108174cbdaf3d6c5bd6e8383615
2023-03-27 01:13:09,True,1.537e-07,4.697e-10,1049530452.0,4.93,0xec...0165,https://bscscan.com/tx/0xa70cfc9e4d3b237eeb40714bc804cf2b9bb984277a6f94946401eaab68d53b94
2023-03-27 01:12:03,True,1.541e-07,4.685e-10,1097023079.0,5.14,0x1b...7f6d,https://bscscan.com/tx/0x710ce24a4b466e66ae11765154fdb3d9b84ff440eafc7d17e9ac69155d65360c
2023-03-27 01:10:45,True,1.53e-07,4.674e-10,806440155.0,3.77,0x08...af7e,https://bscscan.com/tx/0xecf152b67e8d21b6a80191b46812e14d1b00bd182548af4e05b9a1ec0253c65c
2023-03-27 01:10:00,True,1.527e-07,4.667e-10,471312966.0,2.2,0xec...0165,https://bscscan.com/tx/0x7cad62f712be9befa6568efdfce95b0a0891036fcfdebc0ed0cbe9efa604cbd5
2023-03-27 01:08:09,False,1.52e-07,4.643e-10,341062392.0,1.58382,0xde...fa58,https://bscscan.com/tx/0x8f626748ef405ab0de2bede712d7af3349eab2fdf9ee82499b66e70a72baea26
2023-03-27 01:07:39,True,1.534e-07,4.665e-10,610854543.0,2.85,0x08...af7e,https://bscscan.com/tx/0xcd8cf126b14657afc1b6e517e8d74d4f9b1cf5c674c5ccb14335058e74fd082c
2023-03-27 01:05:06,True,1.532e-07,4.659e-10,534416353.0,2.49,0xde...fa58,https://bscscan.com/tx/0x5750114a555dc01ecd1c0f396489c1219929a30bee439009c7766788f403627b
2023-03-27 01:04:33,False,1.525e-07,4.635e-10,450648413.0,2.08901,0x08...af7e,https://bscscan.com/tx/0xfc221e16c6cd3c2e489d5004a0870488d93bb804125169a058eae8a693e66d42
2023-03-27 01:02:54,False,1.52e-07,4.643e-10,961658523.0,4.46526,0x1b...7f6d,https://bscscan.com/tx/0x202130b98c8ebd4f4c7f92930c051599500703dcd862998b16dbd0141f5196f3
2023-03-27 01:02:03,False,1.522e-07,4.65e-10,388780233.0,1.80809,0xde...fa58,https://bscscan.com/tx/0x3ec8b4913e16d84b79b3587267840a0e67c64bdc5f471e0c9281657cfe7341db
2023-03-27 00:59:27,True,1.537e-07,4.673e-10,498565776.0,2.33,0x08...af7e,https://bscscan.com/tx/0xceee12b796662fe2434817249f74295700bc6d6335802efe19f63ec4f915f33a
2023-03-27 00:58:24,False,1.522e-07,4.65e-10,562847731.0,2.61748,0x2a...576a,https://bscscan.com/tx/0x49636993e17f82ad4ca51b74896278fafc7f09b36092e6d1334e55ab40ecbafd
2023-03-27 00:58:12,True,1.537e-07,4.673e-10,526321771.0,2.46,0xde...fa58,https://bscscan.com/tx/0xa433cf51bc336248659a66e856b988e4621c996789f46dbc8a542d65ef56729c
2023-03-27 00:56:54,False,1.521e-07,4.648e-10,86609973.0,0.4025,0x4d...0910,https://bscscan.com/tx/0x7d023b646d20d4dd0c488e20e1f32fdebcc9c5727c26314fd11983d4daafaf62
2023-03-27 00:55:33,False,1.53e-07,4.651e-10,529502052.0,2.46302,0xec...0165,https://bscscan.com/tx/0xb40f18cf7f64af0d2446e78e15174132ef092707a679444deb01ca63283a9712
2023-03-27 00:55:12,True,1.538e-07,4.675e-10,380689320.0,1.78,0x2a...576a,https://bscscan.com/tx/0x3e1271f195cbd9abdc71b3329cd8e2ee6e7e34dc3733b8b9eb1f52c765b4712c
2023-03-27 00:55:09,False,1.531e-07,4.655e-10,1029999515.0,4.79563,0xde...fa58,https://bscscan.com/tx/0x535ac0d190571f643340758c6be86305aca24d0675f39cffde5f3824e9d095e8
2023-03-27 00:55:00,False,1.533e-07,4.661e-10,6031645.0,0.0281,0x45...c0c6,https://bscscan.com/tx/0x690e11c0ec3c04f50123a0e10a4c14e13aa931eb6cc5d6fc1418d53cfc4748b8
2023-03-27 00:53:57,False,1.526e-07,4.662e-10,60366098.0,0.2814,0x7f...5b79,https://bscscan.com/tx/0x25306b6b72b64cc2584d4a48a04595b0324f37e9ed308df6bf4ccf7ab0043962
2023-03-27 00:53:15,False,1.534e-07,4.665e-10,549346005.0,2.5629,0x08...af7e,https://bscscan.com/tx/0x122c4f89cee2692b955d287c35290612560d396d56fd566275bb871e706beafa
2023-03-27 00:52:24,False,1.536e-07,4.67e-10,381895409.0,1.78364,0xec...0165,https://bscscan.com/tx/0xa8ac66feaa56bb9e5a6892635067b6ef129a5dfe13178da2a479cba253744522
2023-03-27 00:52:03,False,1.53e-07,4.674e-10,296406102.0,1.38548,0x2a...576a,https://bscscan.com/tx/0x1a41050311fb5bc1c366c4c0af4b385dbe3295ac02424a6bec6dbb2c7b532846
2023-03-27 00:49:15,True,1.545e-07,4.696e-10,466279163.0,2.19,0xec...0165,https://bscscan.com/tx/0xd6fc65745c332d4a19dfb85ac9fa4bb28b2aece224e21754224477db504e51f5
2023-03-27 00:49:03,True,1.534e-07,4.687e-10,1271577212.0,5.96,0xde...fa58,https://bscscan.com/tx/0x37182f646e77073f90b0a8b35d1ee94db8ea8e14234e3fea90f4eac7c2e7a264
2023-03-27 00:48:51,False,1.533e-07,4.658e-10,259810294.0,1.21022,0x2a...576a,https://bscscan.com/tx/0xa47a9f174c1b03476d7d9b2493e1bac75c390ac2573eda83efc0e8e1c0af8cdd
2023-03-27 00:47:06,False,1.525e-07,4.661e-10,328265353.0,1.53016,0x08...af7e,https://bscscan.com/tx/0x183b3f54a91d6b6fbc5b58ef5f6676ae897b7c2c6c1828baeb60689e0ce746aa
2023-03-27 00:46:06,False,1.535e-07,4.667e-10,706885838.0,3.29907,0xec...0165,https://bscscan.com/tx/0xc5cfb351ec694f50fc094d655942c79e18a6cd365824e4dd202d11be56c23ff8
2023-03-27 00:45:57,True,1.543e-07,4.691e-10,481700986.0,2.26,0x1b...7f6d,https://bscscan.com/tx/0x57966ba5f960a76a626ee49933c8f40fc82e4fc5fabdd2e447e5f25878f66b55
2023-03-27 00:44:00,False,1.536e-07,4.669e-10,670983809.0,3.13304,0x08...af7e,https://bscscan.com/tx/0xdcccf8e4b2c7780cd33fcfd63a59fea3c58e9585464461cdbf133da063576aca
2023-03-27 00:42:57,False,1.539e-07,4.678e-10,979637327.0,4.58319,0xde...fa58,https://bscscan.com/tx/0xd80db6237e77f690b8c9baa75e8e753fbaf32eb06e095088953ca3c8ef8cab07
2023-03-27 00:42:51,False,1.542e-07,4.688e-10,822190130.0,3.85479,0x1b...7f6d,https://bscscan.com/tx/0x2f25c33320b00258f13fa5635c51b15dc5399260e3fc4e668ca04708e147e12c
2023-03-27 00:40:54,True,1.549e-07,4.71e-10,1120953821.0,5.28,0x08...af7e,https://bscscan.com/tx/0x3faf9b4173d6a968eba0e790791bc29f92bfbd36d9f16c898e80b7687125799f
2023-03-27 00:39:54,True,1.538e-07,4.701e-10,540310504.0,2.54,0xde...fa58,https://bscscan.com/tx/0x53c6af6a0ff0a5ccfed318aea10a43961df5abfbc4d7f86d96edd2577e620727
2023-03-27 00:39:51,True,1.536e-07,4.694e-10,547397624.0,2.57,0xec...0165,https://bscscan.com/tx/0x0ced5700fdeb030a3003176ad15358ac4a91089c5128bb78ec815d46e9c97c8d
2023-03-27 00:39:21,True,1.534e-07,4.687e-10,838446861.0,3.93,0x2a...576a,https://bscscan.com/tx/0xcdabc3674bf099e4de8e9e7dc5e67fab2f79560b37b97ad058dcfd22488e05e4
2023-03-27 00:36:42,True,1.531e-07,4.678e-10,743833344.0,3.48,0xec...0165,https://bscscan.com/tx/0x12c4603ebb780ad0d6008668802f05b979fffb22f9711ae214e96c65cfa7d35e
2023-03-27 00:33:51,False,1.524e-07,4.655e-10,845037352.0,3.93421,0xde...fa58,https://bscscan.com/tx/0xa9c2333da32046e22699572cca3ec590b9788115129c55d05e4edab9d9ff0660
2023-03-27 00:33:45,True,1.532e-07,4.681e-10,414406745.0,1.94,0x1b...7f6d,https://bscscan.com/tx/0xd7d857e6d64005eb0e8e03f5ddf53c5456fb507378640bdc78a9794e643b3325
2023-03-27 00:29:51,False,1.526e-07,4.66e-10,950457139.0,4.43005,0x2a...576a,https://bscscan.com/tx/0x5c664c4cec6834da9a91d0c20549b48431b5d27dcd19dba133794b73a51292dc
2023-03-27 00:28:33,False,1.537e-07,4.672e-10,1117243388.0,5.22018,0x08...af7e,https://bscscan.com/tx/0x00b6492749a64527970dea13de26c7c5a0d9efc05aa26a45e2bc60e58402d4f2
2023-03-27 00:27:45,True,1.546e-07,4.7e-10,323389384.0,1.52,0xde...fa58,https://bscscan.com/tx/0x295c38b3b8d218187be22b2b586bc7e0b49a0a3d55c9b84f37b296688aaaea33
2023-03-27 00:27:15,False,1.532e-07,4.679e-10,835061198.0,3.90774,0xec...0165,https://bscscan.com/tx/0xa7bdb4dfc19851b325b9efda4e287c615d12735247dbcedb6cdd5c4d6ddb4810
2023-03-27 00:26:00,False,1.541e-07,4.684e-10,18043839.0,0.0845,0x8b...010c,https://bscscan.com/tx/0xe501d41f455a510fa476bff0ef03be54c04a603fb64e3172dec21fc24c960ede
2023-03-27 00:24:39,False,1.542e-07,4.687e-10,589622255.0,2.76396,0x1b...7f6d,https://bscscan.com/tx/0xcaef68d41f9ac6a89c3a4bd7ded39215c6635afb845e4df8c3fd1db69b268e74
2023-03-27 00:24:09,False,1.544e-07,4.694e-10,557320592.0,2.61609,0xec...0165,https://bscscan.com/tx/0xfd0bbfa0dfb9ce3f8ecbc2f0584f7ec39cfb47ee9528eadaceb31b295c020e86
2023-03-27 00:23:30,True,1.551e-07,4.716e-10,776020759.0,3.66,0x2a...576a,https://bscscan.com/tx/0x6b6e1f4a1439e81eeecf75031e901054930a503d7295ac3919fc12cce7a2476b
2023-03-27 00:21:39,True,1.542e-07,4.712e-10,63666.9,2.999e-05,0x67...288e,https://bscscan.com/tx/0x3f6fa0faa0d6ab29a861efd568e330fcbf0835bd4756aac2c0294c5dbd1a4c77
2023-03-27 00:21:39,True,1.542e-07,4.711e-10,25340175.0,0.1194,0x67...288e,https://bscscan.com/tx/0x3f6fa0faa0d6ab29a861efd568e330fcbf0835bd4756aac2c0294c5dbd1a4c77
2023-03-27 00:21:39,True,1.539e-07,4.705e-10,1156148913.0,5.44,0xde...fa58,https://bscscan.com/tx/0x8aca37a80fbeef578542ca4e38005dc998f11a40b3799d648febb739145524ce
2023-03-27 00:21:33,True,1.535e-07,4.691e-10,1287390117.0,6.04,0x1b...7f6d,https://bscscan.com/tx/0x4229acf3b77510dae4cc84c43f90a498adcf7a4fe1ef451f9af0de9ae024d4d6
2023-03-27 00:21:00,True,1.538e-07,4.677e-10,1259209462.0,5.89,0xec...0165,https://bscscan.com/tx/0x1d93d717ec664af031f37c7e8af7aa55e5a72d702657f48ea56322fc96b4fd46
2023-03-27 00:20:18,False,1.529e-07,4.648e-10,311805585.0,1.44958,0x2a...576a,https://bscscan.com/tx/0xd1af4980f1c4c3f94f87f5d188d9000a94dcd48280fd109f39f61e45a148c49d
2023-03-27 00:19:15,True,1.536e-07,4.67e-10,665904786.0,3.11,0x08...af7e,https://bscscan.com/tx/0x6db389dd8c10e2be443a47fd6d2645b42985c2151a503bad9281028ff26b77ea
2023-03-27 00:18:39,False,1.521e-07,4.648e-10,866574717.0,4.02794,0xde...fa58,https://bscscan.com/tx/0x45ab746e29d4c8f91e556cc70db884ff031e2dc9302177a2364cb018fde59c97
2023-03-27 00:18:33,False,1.524e-07,4.658e-10,950424582.0,4.42717,0x1b...7f6d,https://bscscan.com/tx/0x0c17d34381ee63fed05f03dda5b91eeb7d57b46c2306d306761d9e5c2f323ddc
2023-03-27 00:16:30,True,1.541e-07,4.686e-10,37339.5,1.75e-05,0x90...901e,https://bscscan.com/tx/0xf48846333c3c7ea7fa850d76073c1f71530b3af724dcefcd92e846a35eb57676
2023-03-27 00:16:30,True,1.541e-07,4.686e-10,14861398.0,0.0696,0x90...901e,https://bscscan.com/tx/0xf48846333c3c7ea7fa850d76073c1f71530b3af724dcefcd92e846a35eb57676
2023-03-27 00:16:12,True,1.539e-07,4.681e-10,845817550.0,3.96,0x08...af7e,https://bscscan.com/tx/0x86c61434493116ca7740086f0b1587d9766eae0c8c5e21c0b57fb236b882d360
2023-03-27 00:15:30,True,1.536e-07,4.672e-10,883934941.0,4.13,0x1b...7f6d,https://bscscan.com/tx/0x1197426d96b05698b41ff51008ef57948e0f820b447b01f3dcf3d45a5ed8101f
2023-03-27 00:14:42,False,1.527e-07,4.646e-10,368236929.0,1.71088,0xec...0165,https://bscscan.com/tx/0x78d069a7e5915d8c354928c53e4aa5644a2034a24308e1895a575bb9126d8b2b
2023-03-27 00:14:00,True,1.533e-07,4.668e-10,591234015.0,2.76,0x2a...576a,https://bscscan.com/tx/0x7ca98d726ceb093ad5f8386cc85d82af58337935c16b2ec54305e36cbeb729ba
2023-03-27 00:13:06,False,1.526e-07,4.648e-10,1164200861.0,5.41125,0x08...af7e,https://bscscan.com/tx/0x50c67ad66b93720d888858e4941b9b68c4585fa6675cc8bbaf6e642c0c0e6b80
2023-03-27 00:12:33,True,1.526e-07,4.673e-10,695347328.0,3.25,0xde...fa58,https://bscscan.com/tx/0xa3827afec231ff4ef1f99eea570fdbf2a2bc6fc55b52b3ae9aca871c344b50e9
2023-03-27 00:11:33,False,1.526e-07,4.648e-10,259436168.0,1.20591,0xec...0165,https://bscscan.com/tx/0x4b71bca98ef7bede86e8a2a7880cab8c53337c2abdd22ae2d92f0a6583aa7a98
2023-03-27 00:10:48,False,1.519e-07,4.654e-10,800947725.0,3.72762,0x2a...576a,https://bscscan.com/tx/0xf94fbea6744978b6c93e1c9440e2ba69703594a068534b2547114cca3695e7cd
2023-03-27 00:10:00,False,1.521e-07,4.66e-10,329078341.0,1.53358,0x08...af7e,https://bscscan.com/tx/0x2e3d2a8c5403bce8fdade0b9cfa422ee3d1eb9a22e52fba1b7865dfe30f12148
2023-03-27 00:09:30,False,1.53e-07,4.665e-10,679609785.0,3.17091,0xde...fa58,https://bscscan.com/tx/0xe03a6e2aca5f128393941b4a106b57c1af8c2cf740b66272ca31c186982042fb
2023-03-27 00:09:24,False,1.532e-07,4.671e-10,372943512.0,1.74224,0x1b...7f6d,https://bscscan.com/tx/0x2c3d363501e580cbd94451744f28c74dc3113539ccca7b459246b03c8a51482d
2023-03-27 00:08:24,True,1.539e-07,4.693e-10,681822954.0,3.2,0xec...0165,https://bscscan.com/tx/0xa77a61c17f586f69a3e3b9a477a6a2af2d57f13493c7f6224df7c2df8611db42
2023-03-27 00:07:39,True,1.53e-07,4.686e-10,524901164.0,2.46,0x2a...576a,https://bscscan.com/tx/0xb469343e9cd0099663fc8514ef448fc6effde3909aebfdb12327e823d300f7d9
2023-03-27 00:06:27,False,1.521e-07,4.662e-10,309704172.0,1.44384,0xde...fa58,https://bscscan.com/tx/0xb0e270df04b95c26dbbea67f9a91841058d39e77b8a59c346a4b4b9479e85206
2023-03-27 00:06:06,True,1.537e-07,4.686e-10,74625826.0,0.3497,0x99...3f47,https://bscscan.com/tx/0x40c8a8fa07114682b742f4099b29fa29014f2da7e8d98339024d2fdcbebb3260
2023-03-27 00:05:18,False,1.531e-07,4.669e-10,1225068285.0,5.72064,0xec...0165,https://bscscan.com/tx/0xe361b1fa5a5761a641d9c24762ef8624508840f25863049e9f6a1ee72b36f51e
2023-03-27 00:04:27,False,1.535e-07,4.681e-10,957454135.0,4.48253,0x2a...576a,https://bscscan.com/tx/0x2429a3d95ecf5f36e572b583dd8767c0daf7a6df260d061e8a7c4ef0fedabe29
2023-03-27 00:03:54,True,1.543e-07,4.707e-10,625335703.0,2.94348,0xdf...079d,https://bscscan.com/tx/0x22d4392bbeb7f33a3764cd5e225d732e7433eb619216b8093160e0e24c3c9da1
2023-03-27 00:03:24,False,1.527e-07,4.681e-10,275862845.0,1.29148,0xde...fa58,https://bscscan.com/tx/0x9e2d5aa84de66e0333d912ffe1569fe9301e342e14abbe3faf9fd24c9ab0110e
2023-03-27 00:03:21,True,1.543e-07,4.706e-10,16654100.0,0.0783,0x58...29dd,https://bscscan.com/tx/0x92cb29aa464b4b6b94aefa4de295c3a7e6581af01eae92552b72ea6fb2adc35c
2023-03-27 00:02:09,True,1.542e-07,4.703e-10,576200367.0,2.71,0xec...0165,https://bscscan.com/tx/0xd0c33a4d571d9c32f32ccd32b7d18c63db31d8a4a1e5077ffb2aac0646875fb5
2023-03-27 00:01:18,True,1.533e-07,4.698e-10,323527458.0,1.52,0x2a...576a,https://bscscan.com/tx/0xe31bf18fd9e2c01a712953cf8d5dad271102fa15af4f7bae0fdb41551ef3f05c
2023-03-27 00:00:21,True,1.538e-07,4.689e-10,1262426081.0,5.92,0xde...fa58,https://bscscan.com/tx/0x4bab652f00e3dea3d40d146d7676990b69eef9a6688ad5890829f79fcde5825c
2023-03-26 23:59:00,False,1.522e-07,4.663e-10,832516767.0,3.88252,0xec...0165,https://bscscan.com/tx/0x35cddda1bf1c52753ef68dc69160ff19a53be8a0ecf7d0846ebb45e1882c1fab
2023-03-26 23:57:39,True,1.537e-07,4.687e-10,770162744.0,3.61,0x08...af7e,https://bscscan.com/tx/0x507aa8336f18b2119d308af04145f371ca89ae71c0ade98f975f95f7943dfd98
2023-03-26 23:57:18,False,1.529e-07,4.661e-10,330556914.0,1.54089,0xde...fa58,https://bscscan.com/tx/0x659f309694bdfe1907c353d1028e53250c76c039b7cd09c07b111d02e1543df7
2023-03-26 23:55:51,True,1.537e-07,4.684e-10,444041726.0,2.08,0xec...0165,https://bscscan.com/tx/0x1828e61d7aeff3d38132e5fa4dcfd778721245bcc0952cf17721416461bc3a65
2023-03-26 23:54:57,True,1.527e-07,4.677e-10,688332857.0,3.22,0x2a...576a,https://bscscan.com/tx/0x20344e90bcf214dd0d1745bb66200eb700548a0e7153598fb263b111fd2348dd
2023-03-26 23:51:48,False,1.527e-07,4.656e-10,968556835.0,4.50975,0x2a...576a,https://bscscan.com/tx/0xdf8cb729fe4b3bfbeb7d34fb6b6f4771ff24920c545d3976e99f1783d2642bd6
2023-03-26 23:51:15,False,1.522e-07,4.663e-10,316178561.0,1.47441,0xde...fa58,https://bscscan.com/tx/0x0f446022052c152b84c7bd5091fe32bf00723fe0b975a80c1490125c5af9204a
2023-03-26 23:48:36,False,1.53e-07,4.666e-10,365082282.0,1.70383,0x2a...576a,https://bscscan.com/tx/0x06dd43d6a5d5692746b7b08569a361567c89909597bb4bc1d83709661de1cb81
2023-03-26 23:48:21,True,1.537e-07,4.687e-10,799920642.0,3.75,0x08...af7e,https://bscscan.com/tx/0x018b209ede9496f73b9ca3ad68ca954caf7594174a2e4105f2420be2097e99ed
2023-03-26 23:47:12,False,1.528e-07,4.66e-10,8701674.0,0.0405,0xd3...608f,https://bscscan.com/tx/0xe23ecb9201e80493135e6cd438c2bd93a3924dfa5585bf3f0a316947f2d8eab5
2023-03-26 23:46:27,False,1.529e-07,4.662e-10,375573538.0,1.75104,0xec...0165,https://bscscan.com/tx/0x58aa6a08c0aeda586fd8e237a66cc576cd97bc34b769e0fba8ef7a7bff7e3995
2023-03-26 23:45:26,True,1.536e-07,4.685e-10,328641416.0,1.54,0x2a...576a,https://bscscan.com/tx/0x18baaf0e99ac2b65e6583b570e8ab829601cbc68040a5d43890c403e6903baf6
2023-03-26 23:45:17,False,1.53e-07,4.666e-10,956018369.0,4.4608,0x08...af7e,https://bscscan.com/tx/0xe12e73f42846c9944e66ba3d725060c392d2e3aea2c7d30e09da7d181c8ec1be
2023-03-26 23:45:08,True,1.538e-07,4.691e-10,502991103.0,2.36,0xde...fa58,https://bscscan.com/tx/0xf981f87e49d70bfe3532789fa738acb9659716babad387d0dd3f76e713074b87
2023-03-26 23:45:02,True,1.537e-07,4.686e-10,420329155.0,1.97,0x1b...7f6d,https://bscscan.com/tx/0x41bdba66e859130dda4cf1c47fb131aea33ccce8133da3b9ed597a9920e04f6f
2023-03-26 23:42:11,True,1.528e-07,4.682e-10,360920622.0,1.69,0x08...af7e,https://bscscan.com/tx/0x7b1c7049f2f32929155e385fb2d8bb103df8ab93ee892b014e5a379c5be5e184
2023-03-26 23:42:02,False,1.529e-07,4.663e-10,1193730806.0,5.56718,0x1b...7f6d,https://bscscan.com/tx/0x0236ce367120d984a8ebe0f08f20cb0664efc453f1e7ba09ff46377a25fe251c
2023-03-26 23:40:41,False,1.532e-07,4.673e-10,604634518.0,2.82582,0x3b...6489,https://bscscan.com/tx/0x60dad1c1447935b03ff9f615133cc9cc7002df871ec9ddb8b63ea7caf397e103
2023-03-26 23:40:08,True,1.531e-07,4.693e-10,1195206937.0,5.61,0xec...0165,https://bscscan.com/tx/0xc9aae388ae2697b1ae76a444f94108d41b91999e5bd0a1fdb79746400547692d
2023-03-26 23:39:05,True,1.535e-07,4.68e-10,1102330211.0,5.16,0x2a...576a,https://bscscan.com/tx/0x85d765bfe319469fb667462d71dac390899dc7e46b3426a2a8e2c152ff59fd37
2023-03-26 23:39:05,False,1.527e-07,4.656e-10,958384881.0,4.46303,0xde...fa58,https://bscscan.com/tx/0x0afa8d3add5a84959689691af02a388bf3ee57a54be9af20853920c3b7fe45fe
2023-03-26 23:38:59,True,1.534e-07,4.678e-10,1192595193.0,5.58,0x1b...7f6d,https://bscscan.com/tx/0xcb7d0d1989f21e2994ba9d797f44f8ca678ec66620b724a6265257aefe77c32a
2023-03-26 23:35:56,False,1.519e-07,4.655e-10,1167129675.0,5.43342,0x2a...576a,https://bscscan.com/tx/0x172e974af799be3cc2e4e0274eb3b4756dcd4dae0655af5fe3370d8cb87d6039
2023-03-26 23:32:59,True,1.527e-07,4.679e-10,1070688323.0,5.01,0xde...fa58,https://bscscan.com/tx/0x28bbb6d9003e1d71421d8e286865450d6c552022c23e22b30e4b45b1a15eb7f0
2023-03-26 23:32:56,False,1.518e-07,4.653e-10,677579876.0,3.15326,0x08...af7e,https://bscscan.com/tx/0x8ddedc1c44330754a4b5cd311a1e88a8fae6e9d054703fca72deba2bad08b687
2023-03-26 23:32:47,True,1.526e-07,4.677e-10,667080289.0,3.12,0x2a...576a,https://bscscan.com/tx/0xa7f2843a4a1254e1d2d717e58e723bf27f54b1ead66cb910cca2899656791537
2023-03-26 23:30:44,False,1.519e-07,4.655e-10,925889641.0,4.31017,0xec...0165,https://bscscan.com/tx/0x4bf6e933dc874c31c7bfee78c34dd4cb0a79289d316ac08639fbb3ffd0e5ddae
2023-03-26 23:29:35,True,1.534e-07,4.68e-10,517008939.0,2.42,0x2a...576a,https://bscscan.com/tx/0x57cc783676394532cc923db581bad9a0c8c000f168813b1dd00e53ab3b8eda72
2023-03-26 23:27:35,False,1.526e-07,4.656e-10,288786890.0,1.34463,0xec...0165,https://bscscan.com/tx/0xb5b6d68d9c863bff153150c114a6440542900c0002ab117679e0a88c5b28bd1a
2023-03-26 23:26:53,False,1.52e-07,4.659e-10,357381804.0,1.66529,0xde...fa58,https://bscscan.com/tx/0xa9d8cf453bdd14395a0621a6097d072091b7e17a1a7cedffeb0e168968cee714
2023-03-26 23:26:44,True,1.533e-07,4.678e-10,1224814301.0,5.73,0x08...af7e,https://bscscan.com/tx/0x9779851f5d8f44b774c6b64942363210361152e1895aacc1d2082e4f29fd4b4c
2023-03-26 23:26:26,False,1.524e-07,4.651e-10,595606661.0,2.77043,0x2a...576a,https://bscscan.com/tx/0x740cd742d9003c902ef1008a548c8c30cbfbd96800304c95476cded13434b65e
2023-03-26 23:24:29,True,1.524e-07,4.675e-10,521905813.0,2.44,0xec...0165,https://bscscan.com/tx/0x983a0540f86b7b60a0a287d417b635ac669f65b35cd8fc259a685856fa2d197a
2023-03-26 23:23:44,False,1.518e-07,4.654e-10,1094105010.0,5.09303,0x1b...7f6d,https://bscscan.com/tx/0x5793a2a3718c9f92fe0ea5c56b01f2b96b98ea3dba51fe79e53b530917afbeb3
2023-03-26 23:23:38,False,1.521e-07,4.664e-10,718606898.0,3.35226,0x08...af7e,https://bscscan.com/tx/0x02872775881148d9544eda8198cbe5dd911e9b728bc72fb5b1b5134837e6a155
2023-03-26 23:23:14,False,1.532e-07,4.673e-10,818899190.0,3.82707,0x2a...576a,https://bscscan.com/tx/0xce6511e233be2badfb2149276092d73ef0947805d491dadac5c9e3a18116b064
2023-03-26 23:20:47,False,1.527e-07,4.683e-10,940772393.0,4.4058,0xde...fa58,https://bscscan.com/tx/0xc961dc483dcade5c7f9c907a27e92c5e4f7db1dd030c239faa47b0ba6ea29254
2023-03-26 23:20:44,True,1.535e-07,4.708e-10,675426408.0,3.18,0x1b...7f6d,https://bscscan.com/tx/0xcdf4245fd89042e4a2035bb95d0be47c92bbe0d23368182c1ba7975bff1bc9a4
2023-03-26 23:20:35,False,1.536e-07,4.686e-10,945610847.0,4.43125,0x08...af7e,https://bscscan.com/tx/0x850000e3f105df790cbeb69bd96a90d5499030e2f0a24cf59c8a3b4611226016
2023-03-26 23:18:11,False,1.538e-07,4.693e-10,468397700.0,2.19865,0xec...0165,https://bscscan.com/tx/0xec085835aaefa22bbc945ab735c419c2b489d6ab716231847a1feba116818721
2023-03-26 23:17:47,True,1.545e-07,4.716e-10,676369297.0,3.19,0xde...fa58,https://bscscan.com/tx/0x67690ca5689ae120d716deb456512d5fa8a9dd35446bccb380b9f87fe9234006
2023-03-26 23:17:41,False,1.538e-07,4.693e-10,851529412.0,3.99689,0x1b...7f6d,https://bscscan.com/tx/0x096bfc8aca8adea6a959f12bda67b1fd7891920890f1cea232bb5ed912367fe4
2023-03-26 23:17:35,False,1.532e-07,4.699e-10,184955897.0,0.8692,0x6b...f437,https://bscscan.com/tx/0x2727af13894c816f9d0b88375db4e3a564daf4f0526105a696a4e813a8fcb69f
2023-03-26 23:16:47,True,1.54e-07,4.723e-10,61376800.0,0.2899,0xcd...3949,https://bscscan.com/tx/0xbc3c415f6c7eef902faf56147048f04c45c02a3df08eae2705b390e580e639df
2023-03-26 23:15:14,False,1.548e-07,4.725e-10,4601249827.0,21.7442,0x95...178e,https://bscscan.com/tx/0x03cfaa176d034ea664671030530a844158e5dfcc23a2978584ccd7c62ea39f17
2023-03-26 23:14:23,True,1.564e-07,4.772e-10,450461379.0,2.15,0x08...af7e,https://bscscan.com/tx/0x25795cf1d5a0db02b2319321af8a5f67e627608d45ef46e678a8eded61d73526
2023-03-26 23:11:35,True,1.562e-07,4.768e-10,371209191.0,1.77,0x1b...7f6d,https://bscscan.com/tx/0xf09499fd8d5bb7c808b359092a79c87bca6bba701e0228f2f28840d585f1130f
2023-03-26 23:08:32,True,1.553e-07,4.762e-10,613110776.0,2.92,0x1b...7f6d,https://bscscan.com/tx/0x6a1d050704adbf4c2fe36b9a000308ee65d9846afdfa2f14cf2932ea041ddfa5
2023-03-26 23:08:11,True,1.55e-07,4.756e-10,536156947.0,2.55,0x08...af7e,https://bscscan.com/tx/0xe561a75597b520d622be992c6e34c85a43a52696f02f0b67a1f509e50fa30afb
2023-03-26 23:08:02,True,1.557e-07,4.752e-10,41976113.0,0.1995,0x74...dc4b,https://bscscan.com/tx/0x4f416048f7ecbbe207f74440d4a21aac813f5fe22915ee4cf90a665845909033
2023-03-26 23:07:23,True,1.548e-07,4.747e-10,855149394.0,4.06,0x2a...576a,https://bscscan.com/tx/0xe10e07b2351cf500c67b794eb1fc70db22a00d0d6f75769c6da49ae1ac331b6f
2023-03-26 23:05:47,False,1.546e-07,4.719e-10,8389162.0,0.0395,0xb8...025b,https://bscscan.com/tx/0x01a84c675f53ae7b7a4ba9d982ddc8da73c750a6981b95d55e5968fbc594bfc0
2023-03-26 23:05:35,False,1.547e-07,4.721e-10,422028242.0,1.99267,0xde...fa58,https://bscscan.com/tx/0x75af045c189af57ce4612b58600fb7fe1f42cf7a7294d2e957acebcac4e766d2
2023-03-26 23:04:14,False,1.541e-07,4.726e-10,408711478.0,1.9317,0x2a...576a,https://bscscan.com/tx/0x82f74d93efa93db782b5e783961a7af9cb13582c53b7a71f9a22351b2bb1dc5d
2023-03-26 23:02:23,False,1.55e-07,4.73e-10,320927084.0,1.51812,0x08...af7e,https://bscscan.com/tx/0x3180b2e6e8554cc0bff500d8f64991a03f32dad40f620bce66df453a42c6202c
2023-03-26 22:59:32,True,1.549e-07,4.753e-10,420734381.0,2.0,0xde...fa58,https://bscscan.com/tx/0xe93d0f82c712f39d837e49e1f39dd54a97d1697e0b73135de3189c7a8ea3f60c
2023-03-26 22:59:20,True,1.547e-07,4.744e-10,1138096750.0,5.4,0xec...0165,https://bscscan.com/tx/0xd2c8ac65547cfe4561d1fe4f78a0254f36de6c091c4b1282c2ef23614ae96855
2023-03-26 22:58:56,True,1.551e-07,4.732e-10,980390408.0,4.64,0x08...af7e,https://bscscan.com/tx/0x38b615fb951047755e5f41d47b86806c8eccf8431f2ab909a1d8ebbd0d41fa06
2023-03-26 22:56:23,False,1.534e-07,4.705e-10,265699283.0,1.25016,0x1b...7f6d,https://bscscan.com/tx/0xb3a7ccfbdc8300065acb911c7545751949ebee31b2b7bcd9bbde76c37932cde8
2023-03-26 22:56:11,False,1.536e-07,4.713e-10,1151021364.0,5.42488,0xec...0165,https://bscscan.com/tx/0xf78b15e19a54172d737e525a3a70562c0b8122d361765a3d28c514a74027130b
2023-03-26 22:55:50,False,1.541e-07,4.725e-10,1121772285.0,5.30133,0x08...af7e,https://bscscan.com/tx/0x97d3700a49ec7ea28172d3e05859937305dd244906e903a9b47bb78e805467d7
2023-03-26 22:53:20,True,1.557e-07,4.753e-10,357603293.0,1.7,0x1b...7f6d,https://bscscan.com/tx/0x4051869b1727e4a95a6ceda7fda3b8d2f867a8f691356dec63af9f592db723a2
2023-03-26 22:53:17,False,1.55e-07,4.729e-10,263525969.0,1.24637,0x1c...b6c0,https://bscscan.com/tx/0xd01ce6c12e37a7aabe6c6c7d279d5b3e36adb82d05322e12be4934c14451bb73
2023-03-26 22:50:20,True,1.558e-07,4.752e-10,389259193.0,1.85,0x1b...7f6d,https://bscscan.com/tx/0x3049da97ffa8c5117e70def82f444660115d2d2699155ada651e420d283c9bf0
2023-03-26 22:49:59,True,1.547e-07,4.746e-10,705795890.0,3.35,0xec...0165,https://bscscan.com/tx/0xe7461addc6a80c54bad2cbd985f992e00d093bd8007b06b132f863bb788c0391
2023-03-26 22:49:41,True,1.546e-07,4.739e-10,546489709.0,2.59,0x08...af7e,https://bscscan.com/tx/0xb7290a4fc746e4202cf0bc417feb27955321baafa75cda299840dc61864ac7d7
2023-03-26 22:46:44,False,1.539e-07,4.716e-10,759326335.0,3.58164,0xec...0165,https://bscscan.com/tx/0xc07d9b6fb9673bc4d65ec1871d63de74de0d96420b7b354d0002f7a2ae7a0ec6
2023-03-26 22:46:35,False,1.541e-07,4.723e-10,377227173.0,1.78173,0x08...af7e,https://bscscan.com/tx/0x51567cb30bcb7cec7bd7b7ba0f88126014fcb1abfd23f39f5ca3ab0e47495e35
2023-03-26 22:45:11,True,1.556e-07,4.744e-10,762948521.0,3.62,0x2a...576a,https://bscscan.com/tx/0xef29a44e155f7f612b87a588fc7d40dfabc78addf476a695c97d3c1e63858948
2023-03-26 22:43:35,True,1.553e-07,4.736e-10,770677862.0,3.65,0xec...0165,https://bscscan.com/tx/0x148c8476be37c70a62aaee4718cc94fc02a64f90010646f5a5efd8327a1a35a5
2023-03-26 22:43:29,True,1.551e-07,4.729e-10,319242080.0,1.51,0x08...af7e,https://bscscan.com/tx/0xb50417d5223a23b53ae8108b1907a5fa9ccf10dc39f41c21efc2032cd7d378cc
2023-03-26 22:42:53,True,1.543e-07,4.728e-10,697947.0,0.0033,0xe3...0d9f,https://bscscan.com/tx/0x7193182727f375f9b3bb6f0977dbd80d82a1f073f5e7a1df87cf1bb10da81df4
2023-03-26 22:41:20,True,1.542e-07,4.723e-10,857446438.0,4.05,0xde...fa58,https://bscscan.com/tx/0x931b106c38e4cc66a92540262175020eadecd077663b01dbc99d967827b1434f
2023-03-26 22:41:11,False,1.534e-07,4.699e-10,766262018.0,3.60084,0x1b...7f6d,https://bscscan.com/tx/0xe3025b957f936bc54ccd07648d8e004a42598f653d08e4ee9fa3fda64ee5ceb8
2023-03-26 22:40:23,False,1.544e-07,4.707e-10,705287685.0,3.3201,0x08...af7e,https://bscscan.com/tx/0x7a136637acd996fd219d4b672a9207f0711bf245609295c2d33f44f7b3c9dc65
2023-03-26 22:39:32,True,1.545e-07,4.734e-10,63421214.0,0.3002,0x9e...b82d,https://bscscan.com/tx/0xca5243f4e33ecaa9899f6214d02e4100b34baf1b01ae7b932de4222144222888
2023-03-26 22:38:50,False,1.547e-07,4.714e-10,687007980.0,3.23891,0x2a...576a,https://bscscan.com/tx/0xffe1119518d4915e88e6a8e60e580801308d221ed35c42aaee6de56b8fe30b96
2023-03-26 22:38:11,False,1.549e-07,4.722e-10,657070838.0,3.10272,0xde...fa58,https://bscscan.com/tx/0xf159f1dea4b920204957827f15babff2399a5f2fde728ad040f14e977aeece3d
2023-03-26 22:37:17,True,1.557e-07,4.743e-10,992867460.0,4.71,0x08...af7e,https://bscscan.com/tx/0x665ee80148f31565701138113309aa9b654ef0cec149246ccd7ba0bd2a04e681
2023-03-26 22:35:11,False,1.549e-07,4.719e-10,826732578.0,3.90153,0xde...fa58,https://bscscan.com/tx/0x615096aa14d09d81a2d21043db4fe31367cb37d2a992a4dae915f4c93dcd1791
2023-03-26 22:34:14,False,1.545e-07,4.73e-10,1239058551.0,5.86177,0x08...af7e,https://bscscan.com/tx/0xc0bd4e4b0cd673dfa98811ac6d71b8a9add30054d57b83e98d2949fe7122af86
2023-03-26 22:32:30,True,1.554e-07,4.756e-10,821963772.0,3.91,0x2a...576a,https://bscscan.com/tx/0x015c81e60f030f6761cb409b1f5f1327e16d9b432f8a6e86b846c536516c4ae7
2023-03-26 22:32:09,True,1.559e-07,4.749e-10,444236371.0,2.11,0xde...fa58,https://bscscan.com/tx/0xf5801f2feb635fc611af8fc8789f2497a4255fb536b812d200f744b748f7eb08
2023-03-26 22:32:03,True,1.558e-07,4.744e-10,423620512.0,2.01,0x1b...7f6d,https://bscscan.com/tx/0x97fa310c2de46fc63fcfc0ae6c702716f0608fbf7527c775d79ae723b31133e5
2023-03-26 22:31:03,False,1.543e-07,4.722e-10,685778032.0,3.23865,0xec...0165,https://bscscan.com/tx/0xcfffa27f9a6caec92aacc552e8b51f7576d5f0aa37357e7f8fdd61430aba3293
2023-03-26 22:29:02,False,1.553e-07,4.729e-10,613687341.0,2.90268,0x1b...7f6d,https://bscscan.com/tx/0x2b30dc1e6626cd7b4201c5143ac51cdb4147d3333f671a779fa8af8544389db7
2023-03-26 22:27:53,True,1.56e-07,4.75e-10,1105070002.0,5.25,0xec...0165,https://bscscan.com/tx/0xe171a11f03530825edd345cff493192d01e79ff5c7ceeb4a90ab9701d9f7e7b2
2023-03-26 22:26:08,False,1.551e-07,4.725e-10,743652675.0,3.51381,0x2a...576a,https://bscscan.com/tx/0xf44dac0fbd377523c0b81139ce520e996ce45046cf65ddae9adaabae463814fe
2023-03-26 22:26:02,True,1.559e-07,4.749e-10,621123483.0,2.95,0xde...fa58,https://bscscan.com/tx/0xf0ee3d9be6b974fd1cce67c07cf44c9ccb49e5206319f3c336750cc4c9872846
2023-03-26 22:23:00,False,1.551e-07,4.724e-10,326052398.0,1.5403,0x2a...576a,https://bscscan.com/tx/0xc9c1f6e5158bf6ff14519db74e8ddc0f86ab010466ea98abe4b13cedb2b13893
2023-03-26 22:21:51,True,1.559e-07,4.747e-10,419189841.0,1.99,0x08...af7e,https://bscscan.com/tx/0x876eeb125f990ceaf396e09c2fa6ebae6f1a22767a9b874c0fc8eaf9c3119a51
2023-03-26 22:19:48,True,1.556e-07,4.74e-10,784736432.0,3.72,0x2a...576a,https://bscscan.com/tx/0xd3a145caa7ab2532d6a4118328ee03cc4f8307e730245e2748d61e9d0a4aa61e
2023-03-26 22:18:45,True,1.545e-07,4.729e-10,1131163394.0,5.35,0x08...af7e,https://bscscan.com/tx/0x18392053c73ffa2db911f2793034eef17cdad7129ea3247cf463dcd5c65a07ad
2023-03-26 22:16:48,True,1.549e-07,4.718e-10,879544751.0,4.15,0x1b...7f6d,https://bscscan.com/tx/0x622c435b76ffaeb3d3c507bea9ec8dfad49eb5e30ef3a22e2e2ab3dd2323211d
2023-03-26 22:15:39,False,1.534e-07,4.696e-10,1163479969.0,5.46413,0xec...0165,https://bscscan.com/tx/0x11a55d138338c3a988437aff1ea1a13219347776360ddbd1b09a70b0bd42c50c
2023-03-26 22:15:15,False,1.536e-07,4.702e-10,4198941.0,0.0197,0x0f...429b,https://bscscan.com/tx/0x5bea902056a56a28c2079b5ce6c6cab172c6f158ec5529e456cde535a0adec78
2023-03-26 22:14:09,True,1.543e-07,4.724e-10,370416486.0,1.75,0xec...0165,https://bscscan.com/tx/0x93539ce7f45efea6ca9f3ed54ef281eab5d301ab4773a0608f495d6238532e86
2023-03-26 22:13:27,False,1.543e-07,4.701e-10,508315921.0,2.38989,0x2a...576a,https://bscscan.com/tx/0x818383875977663612bcab73562e89dc8f97a71814526bba280b9673388ff7b0
2023-03-26 22:11:39,False,1.545e-07,4.706e-10,349496347.0,1.64486,0x2a...576a,https://bscscan.com/tx/0x81056a4d8e8df2a7bc133193acb22eb9fc260e200c3037af90ca708d3150b478
2023-03-26 22:10:48,True,1.553e-07,4.729e-10,384795273.0,1.82,0xde...fa58,https://bscscan.com/tx/0xb8abcda663e4bf8b55bcfe5eac8a6d898b5f96c87d15ed689e2b5d52d81bb906
2023-03-26 22:10:12,False,1.538e-07,4.709e-10,1010994403.0,4.76145,0x08...af7e,https://bscscan.com/tx/0xa8468761136b6d901ccc219b20d2d1c4caaa436eef3b59c1baa756a4552df1b0
2023-03-26 22:07:45,False,1.541e-07,4.718e-10,577011721.0,2.72267,0xde...fa58,https://bscscan.com/tx/0x6e9a5e9baf0127267de3aa959d7531f3f08b5cae46a8c1b4c59054e76ff86690
2023-03-26 22:07:42,False,1.544e-07,4.726e-10,755548299.0,3.57076,0x1b...7f6d,https://bscscan.com/tx/0x5d3de3a8df2df584cdd6b6d5eeefc0fc1f89a2c8462c695694f11cdcfc732ff8
2023-03-26 22:06:24,False,1.546e-07,4.733e-10,548301504.0,2.59532,0x08...af7e,https://bscscan.com/tx/0x01ad2695210097b7b7330879a4f9cfaae8e4ad0387381625e18afc536cad3330
2023-03-26 22:05:54,False,1.555e-07,4.739e-10,461108779.0,2.18523,0xec...0165,https://bscscan.com/tx/0xa2b0fc1ea026ed644ed1c7f81cd03ef717f87e47a321bce6b7f0717cf290d2c3
2023-03-26 22:04:03,True,1.561e-07,4.758e-10,1307369926.0,6.22051,0x38...8550,https://bscscan.com/tx/0xb8819a81f5f01f865fddef219c962bc95397cc2dd64add154bb65594c4b58609
2023-03-26 22:03:57,True,1.557e-07,4.745e-10,855497477.0,4.06,0x2a...576a,https://bscscan.com/tx/0x7e246eaddcd52db1941453d6727e0eccd69b13f91221f84ca8d16a830cbfd278
2023-03-26 22:01:00,True,1.556e-07,4.74e-10,4218588.0,0.02,0x87...5d27,https://bscscan.com/tx/0xb9bb35415e99bfefb992bf08b8b4efa2ca173760a1917d6d740062a8a2cf16db
2023-03-26 22:00:12,True,1.546e-07,4.735e-10,952377047.0,4.51,0x08...af7e,https://bscscan.com/tx/0x2391fca06e99006e79544faacbe33e502c62c8f6f33a85c4d3ba84e3141525a6
2023-03-26 21:59:39,True,1.543e-07,4.725e-10,772354179.0,3.65,0xec...0165,https://bscscan.com/tx/0x940b24ee66022775924e304404f50b535538ecbddfe80bd4d904ec97575d2a3d
2023-03-26 21:58:54,False,1.534e-07,4.698e-10,28679772.0,0.1347,0x7f...e762,https://bscscan.com/tx/0x791126fa5ba3e8f8ab4e4140a97d65be6117304c3c683654de3a4227eb06b71c
2023-03-26 21:58:39,True,1.541e-07,4.719e-10,455581888.0,2.15,0xde...fa58,https://bscscan.com/tx/0xcf7668f9144ddae004b14f88f2043bfda54278b50808bef01492492bbc880229
2023-03-26 21:58:33,True,1.538e-07,4.711e-10,931769582.0,4.39,0x1b...7f6d,https://bscscan.com/tx/0x7c60b32b5fa428e2ab6d2d9f02f38ee6b247c202ff71500aac01b076a39a6795
2023-03-26 21:57:09,False,1.538e-07,4.687e-10,858264856.0,4.02314,0x08...af7e,https://bscscan.com/tx/0xcc338105d84d8e0fa43703d990cbf600252489d3e8178863a3c135c034bb9b4f
2023-03-26 21:55:30,False,1.541e-07,4.696e-10,717133878.0,3.36787,0x1b...7f6d,https://bscscan.com/tx/0x92a6b1d84df43b9778c83b3611d0e11dde4d399b86a63ef58b005addf32fdb99
2023-03-26 21:54:03,True,1.548e-07,4.718e-10,1008859503.0,4.76,0x08...af7e,https://bscscan.com/tx/0x1e78095360e51bd347387f1c8f0a60fc1f93a69bc0793437b1abf4e3a29980a3
2023-03-26 21:53:21,False,1.532e-07,4.692e-10,655079568.0,3.07407,0xec...0165,https://bscscan.com/tx/0xbcba5927e16f8852e403d1ecd89bda73cafa0b5a146a0d9bacf33bdedd78cd90
2023-03-26 21:52:33,False,1.535e-07,4.7e-10,797081511.0,3.74688,0xde...fa58,https://bscscan.com/tx/0xa54a108ca10dc84b62e3fb89a4c6659fa88ae5ac9c46f8d1d87965b094a681fc
2023-03-26 21:51:15,False,1.545e-07,4.707e-10,374393080.0,1.76238,0x2a...576a,https://bscscan.com/tx/0xde11d0c17dbff85a8eb279e0f050553a93b3c1ac290c8d67d9c120f231365e98
2023-03-26 21:50:57,False,1.538e-07,4.711e-10,361606264.0,1.70367,0x08...af7e,https://bscscan.com/tx/0x044cebff76ae457c475c198c95fc620288b878c676ee948a0d922a3876b9e091
2023-03-26 21:49:33,True,1.554e-07,4.734e-10,435092510.0,2.06,0xde...fa58,https://bscscan.com/tx/0x79e2f635e36aa6b9995e607e7514bbe224d5f581901ae4cd84d6a41d73b29959
2023-03-26 21:49:27,False,1.546e-07,4.712e-10,686467777.0,3.2349,0x1b...7f6d,https://bscscan.com/tx/0x26c70763c371ca4bc38e01f6a7ac90d8315f03be3d3064b9cfd08c30892fcc5b
2023-03-26 21:47:51,False,1.548e-07,4.717e-10,307895743.0,1.45264,0x08...af7e,https://bscscan.com/tx/0x3620b4f80ae6211d18a30955e45ba598f89956f3a0ac3e7fdf165b02a7204b96
2023-03-26 21:44:54,True,1.547e-07,4.738e-10,808221547.0,3.83,0x2a...576a,https://bscscan.com/tx/0x26b4fd0d00735ffeaa0390ef7a175766005f72cf284ed1e2bfad81b8795917d1
2023-03-26 21:44:45,True,1.552e-07,4.729e-10,902909416.0,4.27,0x08...af7e,https://bscscan.com/tx/0x2dba75196d265eca9eeed8614f306e462644efd9eead3a2fda24c94ab2930484
2023-03-26 21:44:36,True,1.54e-07,4.717e-10,1212564502.0,5.72,0xec...0165,https://bscscan.com/tx/0x07f3e4153cf68c9aae62582fb3ce1e8443b1b2821f2ac9aaa451f6b38d890317
2023-03-26 21:43:15,False,1.54e-07,4.693e-10,1152161476.0,5.40753,0x2a...576a,https://bscscan.com/tx/0xddd834dfe2cf90c6de4ee11112fc23e4d225eb3b4e2dde21d4dac1fa9dd7e75f
2023-03-26 21:37:39,False,1.544e-07,4.706e-10,1234193730.0,5.80896,0xec...0165,https://bscscan.com/tx/0xd7f4413b9b656210497a139e4d18ed06f5fba717b814c881098768b4b3cd0290
2023-03-26 21:35:24,True,1.553e-07,4.733e-10,745823265.0,3.53,0x2a...576a,https://bscscan.com/tx/0xaf3abd344ee38423257fd489fe6640faed6d2cca04306c117e7f493eb82214e5
2023-03-26 21:34:18,True,1.543e-07,4.725e-10,548061746.0,2.59,0xde...fa58,https://bscscan.com/tx/0x1a2756e581fbfda617b271204e79741491b7f98d5e18486d316e5db606d244a9
2023-03-26 21:34:12,True,1.541e-07,4.72e-10,419463783.0,1.98,0x1b...7f6d,https://bscscan.com/tx/0xa72183783f21a8836a107a49d7efb5fb6ced818824596f2a27b21b9decb091b7
2023-03-26 21:32:27,False,1.534e-07,4.699e-10,960373683.0,4.51352,0x08...af7e,https://bscscan.com/tx/0xceb97c1399af173f5c6fd5fa9e70c2fe049f350b8e8e572b9fa1cfd87e290b56
2023-03-26 21:31:21,True,1.541e-07,4.722e-10,1147753998.0,5.42,0xec...0165,https://bscscan.com/tx/0x793e26f4495a56ce77e7cbcaecc0a9348563dd9d534d02791b6118b147ec7474
2023-03-26 21:31:09,True,1.546e-07,4.711e-10,700353083.0,3.3,0x1b...7f6d,https://bscscan.com/tx/0x0f9daa0a55d2d2dd7fca98b480fd4dc2c00d6a7c67d92758c54fccc2ff0173c8
2023-03-26 21:29:18,False,1.537e-07,4.686e-10,306015445.0,1.43405,0x08...af7e,https://bscscan.com/tx/0x881378db529d0cc9cb994a8bcfb8e29a418bc980c750bffd0912247113caff97
2023-03-26 21:29:03,True,1.537e-07,4.708e-10,450212303.0,2.12,0x2a...576a,https://bscscan.com/tx/0x6fdf819e1a33444fda6ab0561246aafe55f4f3d822e494706c4ee167ea33b2ae
2023-03-26 21:28:15,False,1.538e-07,4.687e-10,853836334.0,4.00246,0xde...fa58,https://bscscan.com/tx/0x27ed7a6e20bd4edb958d3fe296e264df8bab8317c72ef4dd9a7e3829e2d5aab0
