datetime,buy_order,price_USD,price_native,amount_token,total_native,maker,etherscan_url
2023-03-31 08:03:37,False,1.384e-07,4.372e-10,949125409.0,4.14997,0xec...0165,https://bscscan.com/tx/0xb0faf15603a44a998642dfa155c9f94f5b00c40674c460ea823a2a02c6a43b25
2023-03-31 08:03:31,False,1.38e-07,4.38e-10,591041273.0,2.58879,0xde...fa58,https://bscscan.com/tx/0x80e5d40c0b8c34825f27967865a4a9d0d1e8720d170163ca0d1f7d8e4da5815f
2023-03-31 08:03:04,False,1.389e-07,4.386e-10,725743689.0,3.18353,0x08...af7e,https://bscscan.com/tx/0x71c3db7a2664fa7f51001be84d6266dc9a1fdcf533152c8cf4a17be9065cd706
2023-03-31 08:02:31,True,1.389e-07,4.408e-10,689535988.0,3.04,0xde...fa58,https://bscscan.com/tx/0x17dcc74f895797c0985bf52a508971aa18f276108704050d17bf01a1d70af2eb
2023-03-31 08:01:58,False,1.381e-07,4.385e-10,432443481.0,1.89647,0x1b...7f6d,https://bscscan.com/tx/0x141c10c406cee5c6208cd8061826b9e2326949cef07af53230030520978b2615
2023-03-31 08:01:43,False,1.39e-07,4.389e-10,405215513.0,1.77875,0xde...fa58,https://bscscan.com/tx/0x302619fc07eb1c13e06f9bdd28a4fdf167e0018f5c0748ad63fda1ef8b342963
2023-03-31 08:01:25,True,1.397e-07,4.411e-10,453369709.0,2.0,0x08...af7e,https://bscscan.com/tx/0x35d9ca6c6d5978f33961d20746f42eedb00fb5eb56b4ce44d901f07fb28aec89
2023-03-31 08:01:07,False,1.39e-07,4.389e-10,436793778.0,1.91722,0x1b...7f6d,https://bscscan.com/tx/0xc8b9b59e4bcb80892d2a8c44f5ef90297d8eebbbedfeba71c339c3e0a22eae01
2023-03-31 08:01:04,True,1.396e-07,4.41e-10,630336112.0,2.78,0xec...0165,https://bscscan.com/tx/0x211674b4043888462556e1ca7edfa74034ca8889b5db28e89f8885bcc0219ead
2023-03-31 08:00:49,False,1.39e-07,4.389e-10,855720937.0,3.75614,0xde...fa58,https://bscscan.com/tx/0x1d3cfde9cc0db1e6bd348f1baa6e56904abefb5119e1c45aa2e6e7f00b4b6816
2023-03-31 07:59:58,True,1.39e-07,4.411e-10,904514085.0,3.99,0xde...fa58,https://bscscan.com/tx/0x152b355e499df74bce7e0703e3e4e61f3736e0b347c439f0d5f10a80916c0fcc
2023-03-31 07:59:43,False,1.382e-07,4.386e-10,378349948.0,1.65965,0x08...af7e,https://bscscan.com/tx/0x738a6486997786660cea05efe1f250f39dc29dbee95f2545421e3006518a4175
2023-03-31 07:59:22,False,1.384e-07,4.393e-10,1094499794.0,4.80912,0xec...0165,https://bscscan.com/tx/0x992742a6dc2cafbb77070a3fd2eb247c9d6c581145ee7b9ac9d06618a927ced1
2023-03-31 07:58:37,False,1.387e-07,4.401e-10,385140748.0,1.69511,0x1b...7f6d,https://bscscan.com/tx/0x205a83cd42f03379641717366ea9d82c94a08a2c2319f371825b6d4328e92cb8
2023-03-31 07:57:13,False,1.395e-07,4.407e-10,856464270.0,3.77486,0x2a...576a,https://bscscan.com/tx/0xf9c1501693c0194b6786ebc0c312a0b1b116bc653f4b38d6c6f43dd809ad31da
2023-03-31 07:56:43,True,1.402e-07,4.429e-10,939227393.0,4.16,0xec...0165,https://bscscan.com/tx/0xb770b11c74b539d384a075fcc5518b96bf0c91168184ebff6e04e409c34862b5
2023-03-31 07:56:34,False,1.394e-07,4.404e-10,510794042.0,2.25,0xde...fa58,https://bscscan.com/tx/0x84a4e73fd50fc6b1b20f4e7bda7c32f6583bef56456311d39f7e5f7ce825b8b0
2023-03-31 07:56:22,True,1.4e-07,4.424e-10,1012550644.0,4.48,0x08...af7e,https://bscscan.com/tx/0xa4a335f077e99190913659cc672d35a6c5bc15de3fb244e4570016c09f42f531
2023-03-31 07:56:13,True,1.398e-07,4.417e-10,396161946.0,1.75,0x2a...576a,https://bscscan.com/tx/0x197432a2a98b2c56c573aa70cebaf4d2befe89434ac5c6aa6e17de1775d32b7c
2023-03-31 07:56:10,False,1.392e-07,4.397e-10,832128636.0,3.65929,0xec...0165,https://bscscan.com/tx/0xb2cbbdf00ba9035231a27e682cf47a5e46e1dd6ead219b7dbf3d7b655c08f5ff
2023-03-31 07:55:31,False,1.388e-07,4.403e-10,406721483.0,1.79108,0x08...af7e,https://bscscan.com/tx/0x2dd3507928265c420b62b84a9ae4727ede979bd2b034c7a33d5a1983d6d55b6b
2023-03-31 07:54:31,True,1.401e-07,4.424e-10,610203149.0,2.7,0x1b...7f6d,https://bscscan.com/tx/0xf44a570b616f69d9fef2a1cac22345737fdfd78e40d81da159e6852f7424dfaa
2023-03-31 07:54:25,True,1.399e-07,4.417e-10,778673950.0,3.44,0x2a...576a,https://bscscan.com/tx/0x52bc1f8cf3b0fb69aa98838bf28f81c1b39a2a37fda26b79a7a364b936580c7b
2023-03-31 07:54:16,True,1.397e-07,4.411e-10,451084069.0,1.99,0xec...0165,https://bscscan.com/tx/0x86f57cd591c8bdf0d4599b0e68d02cf6b15fa4e8343fec684b15d7d58558e348
2023-03-31 07:53:22,False,1.385e-07,4.388e-10,289954669.0,1.27254,0xec...0165,https://bscscan.com/tx/0x313ffb8739c6a1c4f11540d98fad080f24d8adaa1e628ab975aee56f2784d52f
2023-03-31 07:53:01,False,1.386e-07,4.391e-10,323448338.0,1.42053,0x08...af7e,https://bscscan.com/tx/0x700533dfed583a7b2b4cbb1b4101bf57b471a6d17a8d7ea09f5f99179905262a
2023-03-31 07:52:40,False,1.395e-07,4.397e-10,838791441.0,3.68868,0x2a...576a,https://bscscan.com/tx/0xdc1b25f0aaf377200984ef356d1c4164a274ad88099e9adcdb2f60e8d9fa4a22
2023-03-31 07:52:40,True,1.402e-07,4.421e-10,398020402.0,1.76,0x1b...7f6d,https://bscscan.com/tx/0x8ea80cc1f10a0a05a3d309a837b136363b4ca9a8b1862aaf4403771605e8bf65
2023-03-31 07:52:25,True,1.401e-07,4.417e-10,418762743.0,1.85,0x08...af7e,https://bscscan.com/tx/0x1880d80e50ceb045b4747651fd8e91a21cc6211f25af248c6ffa29f45cafed33
2023-03-31 07:51:49,False,1.395e-07,4.398e-10,929349830.0,4.08753,0x1b...7f6d,https://bscscan.com/tx/0x17802acc3b6d140ae88fbe56cfb829905852a86541db21950a0fde5acb452bac
2023-03-31 07:50:58,True,1.402e-07,4.418e-10,1199377561.0,5.3,0x1b...7f6d,https://bscscan.com/tx/0x0e00099fb5e7637af3f172bf449524c8dbae17d96af87e6544e0d4f281fba1ee
2023-03-31 07:50:58,False,1.394e-07,4.393e-10,517248508.0,2.27252,0x2a...576a,https://bscscan.com/tx/0x33e625fc84431abf70e5d80f75db8cb503ddeb5962345748e8ddee1803570e11
2023-03-31 07:50:52,True,1.401e-07,4.415e-10,452914525.0,2.0,0xec...0165,https://bscscan.com/tx/0xe4055b8654978dde50203e28176dbaa433c59f6f33c3e33f04e4fb5e933b9eb0
2023-03-31 07:50:40,True,1.4e-07,4.41e-10,535039886.0,2.36,0xde...fa58,https://bscscan.com/tx/0x172deab09727df6d504e64b0e486817bac1ad80e915e2b38377194c41a627f64
2023-03-31 07:50:28,False,1.385e-07,4.387e-10,353703994.0,1.55204,0x08...af7e,https://bscscan.com/tx/0xa12a89fd71be28eb861595e58ac7e55c7a5f7219ac1d5fb5685536a66f7fe588
2023-03-31 07:50:16,True,1.391e-07,4.405e-10,1196165210.0,5.27,0x2a...576a,https://bscscan.com/tx/0x7fcc9c76a129ebb6ac79cc8a0ff9863cfec358f0b52a52889d4c7405da5e8f8c
2023-03-31 07:50:07,False,1.383e-07,4.381e-10,734662920.0,3.21889,0x1b...7f6d,https://bscscan.com/tx/0x2b03b0c0c32c32918aae3bd2639e4a011ac9624965bcf6c0999d13016800b1a5
2023-03-31 07:49:16,False,1.385e-07,4.388e-10,735369984.0,3.22736,0x2a...576a,https://bscscan.com/tx/0xa317740dd536cee66b4003301501b9c7a2bc304cf55b19cf153847009d6e0b86
2023-03-31 07:49:01,True,1.4e-07,4.412e-10,412475447.0,1.82,0xec...0165,https://bscscan.com/tx/0x9adff6ef885a32499284a22a58f3054358164ac592790c187306204cfcd46205
2023-03-31 07:48:49,True,1.398e-07,4.406e-10,771596491.0,3.4,0x08...af7e,https://bscscan.com/tx/0x54eeb0da1d5f21156adf5baa9072c4755fcb1010c78c792210da68c9b33e9a1d
2023-03-31 07:48:22,False,1.39e-07,4.381e-10,253918675.0,1.11264,0x2a...576a,https://bscscan.com/tx/0x5a9a76dc2f886b628475f6b09a0ada7fd9da539a2af2ff03fc770f206bb93106
2023-03-31 07:48:10,False,1.392e-07,4.388e-10,1034185756.0,4.53829,0xec...0165,https://bscscan.com/tx/0x92cc302cdfb01abae025b9b003b92d65180d401f8f1c81bf15cf28386653247b
2023-03-31 07:46:46,False,1.395e-07,4.396e-10,649471593.0,2.85551,0x1b...7f6d,https://bscscan.com/tx/0x470cdb3ad79f4db2b3bd05f34a4b94fcd4faea1d24f51c9233af63538d751799
2023-03-31 07:46:22,False,1.39e-07,4.401e-10,325123972.0,1.43104,0xde...fa58,https://bscscan.com/tx/0x1742a04bc2d752d6ac39bc0ccb72ab8d86d93168aece684bed56e2f0f3e1bb08
2023-03-31 07:45:55,True,1.396e-07,4.422e-10,513265662.0,2.27,0x1b...7f6d,https://bscscan.com/tx/0x064a4c187bb6a047e7ee16b29a339ae2920d69c209d86b77de9bcac9e6b6e637
2023-03-31 07:45:04,False,1.389e-07,4.4e-10,501614484.0,2.20736,0x1b...7f6d,https://bscscan.com/tx/0xc5cc06c0bb6957be303981ed110d36382ae2884eb339782c8068f156662350ff
2023-03-31 07:44:43,True,1.395e-07,4.419e-10,1079263424.0,4.77,0xec...0165,https://bscscan.com/tx/0xe668871288e261ecfcb9de882b697fe2796d5b2092390cc20761413b84486aab
2023-03-31 07:44:43,False,1.387e-07,4.393e-10,244037237.0,1.07216,0xde...fa58,https://bscscan.com/tx/0x33f61823a217e610962c28037f7c62e00a0e02736c8afbdc21f7b806aacfb8d1
2023-03-31 07:43:01,False,1.395e-07,4.397e-10,478034524.0,2.10194,0xec...0165,https://bscscan.com/tx/0xebcefdb9d88bd42ff34dbbad82172b7e69470f0654681b00f43bafab57a7f04f
2023-03-31 07:42:07,True,1.402e-07,4.418e-10,595223745.0,2.63,0xde...fa58,https://bscscan.com/tx/0xaa8524f055dff7cd7bc7c493fde4b52ae6b6ac126a01cd9b160ab15f6dc8124b
2023-03-31 07:42:04,False,1.395e-07,4.395e-10,482147822.0,2.11946,0x08...af7e,https://bscscan.com/tx/0x162e5a4fef8fd25e545b5d5c6b76d9096b721bc4badc1a7d4725928597a879fe
2023-03-31 07:41:40,True,1.394e-07,4.417e-10,622563478.0,2.75,0x1b...7f6d,https://bscscan.com/tx/0x54dc28a2bea5a5518eaf9b8fbb9d4e2e3e2c59b3ea2d5b8612974f05f4472ea3
2023-03-31 07:41:16,False,1.395e-07,4.396e-10,850553690.0,3.73929,0xde...fa58,https://bscscan.com/tx/0xc96870e5baa1ad1a78ef1c130e8af2730389f18a9d895ba9cf2ebe8eddd1ffab
2023-03-31 07:40:52,False,1.397e-07,4.403e-10,510173270.0,2.24634,0x1b...7f6d,https://bscscan.com/tx/0x446d4a617ea84d76b2b68e428d75c7c6366513fc592d8264f38e93e16c5a56d4
2023-03-31 07:40:34,True,1.404e-07,4.424e-10,741408051.0,3.28,0x2a...576a,https://bscscan.com/tx/0x732f603c8f863a350245194fb7abb94dcc0e0dacb4ebc59db98181adcd043645
2023-03-31 07:40:25,True,1.402e-07,4.418e-10,341739813.0,1.51,0xde...fa58,https://bscscan.com/tx/0x68a4a66e8b26ba316931dd09ffcd6d8f86dd36e08238cab6c40e5c7c48dfb4de
2023-03-31 07:39:37,False,1.395e-07,4.398e-10,680662167.0,2.99369,0xde...fa58,https://bscscan.com/tx/0x720b0d6fae8e604df1b8ecc454a005f4a44ceff10f03448f570405aea71e996d
2023-03-31 07:39:34,False,1.397e-07,4.403e-10,406075240.0,1.7882,0xec...0165,https://bscscan.com/tx/0x571fa909c94a7f4e200ec9bc3c201c624ca52a7301ae952f5940d6d215151878
2023-03-31 07:38:55,True,1.404e-07,4.424e-10,732357479.0,3.24,0xde...fa58,https://bscscan.com/tx/0xb31c8a10ce57d81110e7b88ec04bdc0340de98ddfb87a81294ba1274856f86ba
2023-03-31 07:38:46,True,1.394e-07,4.415e-10,1057741940.0,4.67,0xec...0165,https://bscscan.com/tx/0xf30162c3e98e57ace405519aa7076ea84fe5244c361322a348da3f74b2b0036e
2023-03-31 07:38:43,False,1.386e-07,4.389e-10,264114278.0,1.15921,0x08...af7e,https://bscscan.com/tx/0x820084f49871bafcd6e561bfa1e99e26b089e26ac82a3b4e4bd222b3e93a0daf
2023-03-31 07:38:43,True,1.392e-07,4.408e-10,830263339.0,3.66,0x1b...7f6d,https://bscscan.com/tx/0xcd73b888dd732631b4c0af37e32a6979f1a42bbbb7bd4adc22a6db44125586a1
2023-03-31 07:38:01,True,1.396e-07,4.399e-10,982002380.0,4.32,0x08...af7e,https://bscscan.com/tx/0xee58c11020bd02b201ca27413d8bcb80994589abb778e6bd450a591724d173d4
2023-03-31 07:38:01,False,1.388e-07,4.374e-10,469877444.0,2.05556,0x2a...576a,https://bscscan.com/tx/0x0f66e93a7ca0abdb759525c060cdedf715f8e07f4866e1f5b21c05a42f7e2697
2023-03-31 07:37:55,True,1.395e-07,4.396e-10,482196590.0,2.12,0xde...fa58,https://bscscan.com/tx/0x62c3539f87022e3740f58afe61ac3b6e7094759fd597ee346087e654ae957440
2023-03-31 07:37:34,False,1.389e-07,4.378e-10,1172194199.0,5.13189,0x08...af7e,https://bscscan.com/tx/0xc9ab536e66a8ebbcf49f3d5eb2f5b639390e7793ad94fa3727b1fd7f6e96718c
2023-03-31 07:37:28,False,1.385e-07,4.388e-10,974258141.0,4.2757,0x1b...7f6d,https://bscscan.com/tx/0x0dcb8fd946555575cda09a4d241d7c3311c983498a7d40a6dfe7ced575750fb9
2023-03-31 07:36:58,False,1.389e-07,4.399e-10,1110268061.0,4.88415,0xec...0165,https://bscscan.com/tx/0x5f54fb2bf416c2f7233e385d1ac2221cbedf28c25c0d7a79f18ab8a4a627b41c
2023-03-31 07:36:16,False,1.398e-07,4.406e-10,381473763.0,1.68097,0xde...fa58,https://bscscan.com/tx/0x2ca05e3a121bea0f4efb7f8352cc537050b841ec5c22f06515e3361f0381abcc
2023-03-31 07:36:13,False,1.399e-07,4.409e-10,267412980.0,1.17923,0x08...af7e,https://bscscan.com/tx/0x0ebe6c77fda9efd85836d571bafe3dcd26508ef4bcd29190a10807200cc4aa8e
2023-03-31 07:36:13,True,1.406e-07,4.429e-10,729191329.0,3.23,0xec...0165,https://bscscan.com/tx/0x674488f9b72c53db62c3d55713a7703d9fb4106c57ad9dd70b55c75f65a9ee00
2023-03-31 07:35:46,True,1.403e-07,4.421e-10,800568984.0,3.54,0x1b...7f6d,https://bscscan.com/tx/0x2f406aa7d609f8c9789a37b6e103bc353622eaf54cf250b555f4005156db7520
2023-03-31 07:35:22,True,1.4e-07,4.412e-10,1058353768.0,4.67,0x08...af7e,https://bscscan.com/tx/0x29109a7178b477d5fac86ec7075573eb9241456a600b0f470c76b08d675d273b
2023-03-31 07:34:55,False,1.384e-07,4.387e-10,409134585.0,1.79497,0x1b...7f6d,https://bscscan.com/tx/0xd752d32838f59c097ebf61ea87f08c1335ead6550cbeccd902aaab77a3163be6
2023-03-31 07:34:43,False,1.394e-07,4.392e-10,650960636.0,2.85936,0x2a...576a,https://bscscan.com/tx/0x6b42fda2ac9902009f16a3fe2ed0b6b5170403d20e3efae3e2b837e28aa4e407
2023-03-31 07:34:22,False,1.396e-07,4.399e-10,766612912.0,3.37279,0xec...0165,https://bscscan.com/tx/0x0c61e4ef4c5b9dd8fc3207bb2baa9eb25275336e7a5b4e66c5d86a6057720118
2023-03-31 07:33:31,True,1.396e-07,4.421e-10,746309472.0,3.3,0xec...0165,https://bscscan.com/tx/0xd1d200895c3f30b93642925f0fcdcf58bb8f9e9227013371e8e92257712a315e
2023-03-31 07:33:13,False,1.395e-07,4.397e-10,401685341.0,1.76659,0x1b...7f6d,https://bscscan.com/tx/0xe9e673c47087ccb22cd3594edce4a53fba3da412120b2d3325198a0f8b383ae5
2023-03-31 07:32:22,True,1.394e-07,4.415e-10,1272750298.0,5.62,0x1b...7f6d,https://bscscan.com/tx/0x2cd5015edf4bf140078d9648a29dd48a7d489291ca7a6b4562607be3fe495960
2023-03-31 07:31:49,False,1.393e-07,4.391e-10,834248720.0,3.66352,0xec...0165,https://bscscan.com/tx/0xaaad52b6e33cb0ebd5608a309a17711517a05f474ea4fb01d8c1712379811093
2023-03-31 07:31:10,False,1.396e-07,4.399e-10,707954512.0,3.11435,0x08...af7e,https://bscscan.com/tx/0xbbe06446c46f234836b3252a6992db9ed8bf06ababf758aabc2b9e06ee304eb2
2023-03-31 07:31:07,False,1.398e-07,4.406e-10,828670741.0,3.65176,0xde...fa58,https://bscscan.com/tx/0x2643601c948b48404430c5a34eb04ddb63de5b70de242dd7e1356d1e8a55103d
2023-03-31 07:31:04,True,1.406e-07,4.43e-10,562049719.0,2.49,0x2a...576a,https://bscscan.com/tx/0xbb17d5c5ba88af51cd14d310aab7165bdf0951663b2a8eb241dad098d2a7250d
2023-03-31 07:31:01,False,1.399e-07,4.41e-10,981195942.0,4.32726,0x1b...7f6d,https://bscscan.com/tx/0xbfbdd0a1ce77eef9143cf39ae09188d8a55076451a0007e64995694260e20733
2023-03-31 07:30:58,True,1.4e-07,4.435e-10,353964320.0,1.57,0xec...0165,https://bscscan.com/tx/0x5d3f86e16e82088ca28fbe8f059678ad2c403f12fd48e910190454c24cc18a52
2023-03-31 07:30:20,True,1.399e-07,4.43e-10,650053922.0,2.88,0x08...af7e,https://bscscan.com/tx/0x212349e10d2c38679c71104b727dc8d8ee98c2049f08a1caa2efb727ae6f5943
2023-03-31 07:30:14,True,1.404e-07,4.424e-10,494956799.0,2.19,0xde...fa58,https://bscscan.com/tx/0x4e18ed4c2a37117674b5172f6e7442590fee6584ca11f78fde1c74eeb3763745
2023-03-31 07:30:11,True,1.402e-07,4.419e-10,592873783.0,2.62,0x2a...576a,https://bscscan.com/tx/0x2411d6910ba402ea9480520fb9b8d69eb88db22402aa2c87d9a764639a5bafe6
2023-03-31 07:29:22,False,1.389e-07,4.399e-10,1136352227.0,4.99973,0x2a...576a,https://bscscan.com/tx/0x25b9175900a74bf0525f9717f5f74df097005cf3612800737acfbec696c4ad37
2023-03-31 07:28:40,False,1.392e-07,4.407e-10,399926045.0,1.76267,0x08...af7e,https://bscscan.com/tx/0x315b47cb8570455a71acdf5b055d701e3076836c1d443d895ada3c4b029ec48c
2023-03-31 07:28:34,False,1.393e-07,4.411e-10,440159723.0,1.94185,0xde...fa58,https://bscscan.com/tx/0x516a1fe3ad671a8348b2a19f7e5e377450c042b9262a088135f05bd1dd3b9bd4
2023-03-31 07:28:10,True,1.407e-07,4.433e-10,539099111.0,2.39,0x08...af7e,https://bscscan.com/tx/0x0165d530584dd472c7396900e73851153c4391d27e6e16df281931aa30f43d73
2023-03-31 07:27:31,False,1.393e-07,4.411e-10,534383923.0,2.35725,0xec...0165,https://bscscan.com/tx/0x1eff015e61cbf0ee6c4e8cc9b978e7dda8be32c86b4a1b721110434a93b98167
2023-03-31 07:27:16,True,1.407e-07,4.433e-10,581992865.0,2.58,0x1b...7f6d,https://bscscan.com/tx/0x3295f610c081391caa1e04b11d1371498d4c76731d97e3736c838499e9b2b455
2023-03-31 07:26:58,False,1.4e-07,4.409e-10,389078120.0,1.71581,0x08...af7e,https://bscscan.com/tx/0xa75ca476615b7a8b24d0ae43f443835b7ec3f55d3c847fa34f81ea5f50e93a00
2023-03-31 07:26:46,True,1.398e-07,4.427e-10,1377887342.0,6.1,0x2a...576a,https://bscscan.com/tx/0xb913ddbc3e7e387c24a65163dc6cef5271419a18d6d6cd2bb98c65ecc99a162a
2023-03-31 07:26:13,False,1.397e-07,4.4e-10,520442757.0,2.29029,0x08...af7e,https://bscscan.com/tx/0x1f92a8899d49a17ef3ad59182df084a89417c9873e064cbc9589d9fa108d298e
2023-03-31 07:25:58,False,1.398e-07,4.404e-10,329118272.0,1.44974,0x2a...576a,https://bscscan.com/tx/0x20adae063353ecc5f08be1a997d275ef23cbf2d716cb332047b2cc1331a0630c
2023-03-31 07:25:49,True,1.404e-07,4.424e-10,879247982.0,3.89,0xec...0165,https://bscscan.com/tx/0x50abb1edae100e1939fa16cb7a16bb099b02fa38a67cfb8b5ba3887f1300ef08
2023-03-31 07:25:40,True,1.402e-07,4.415e-10,763138449.0,3.37,0x08...af7e,https://bscscan.com/tx/0xc2e80d938143b530cae0730c9735fa0ac1a14ded1d60b60d9665ef27a89c6336
2023-03-31 07:25:37,False,1.395e-07,4.393e-10,713381285.0,3.13436,0x1b...7f6d,https://bscscan.com/tx/0x5d712e6ea3808dc5c5c5fce6d49290d0324ad643ee8b2b3d035892322c4611f9
2023-03-31 07:25:10,True,1.401e-07,4.413e-10,1164624460.0,5.14,0xde...fa58,https://bscscan.com/tx/0x4e288405e6a27fa20ff13e1745acf7fa0dc841d6df39fdebe4b2b4d5b9e93c1e
2023-03-31 07:24:46,True,1.391e-07,4.403e-10,913007175.0,4.02,0x1b...7f6d,https://bscscan.com/tx/0xc44f15c319d36049309f76ae0cbb17d78600d8260b01bfc77653be6bf297013c
2023-03-31 07:24:25,False,1.39e-07,4.38e-10,752961567.0,3.29816,0x08...af7e,https://bscscan.com/tx/0x70030130a4873c898c4e52d7d5385f6461bfd97b5102167bd9c5c2425b87cc48
2023-03-31 07:24:10,False,1.386e-07,4.386e-10,597318477.0,2.62041,0x2a...576a,https://bscscan.com/tx/0x271241e9d2895b9f3282ecc53d6a876eadb031d8ccd150d853197c030ca42083
2023-03-31 07:23:37,False,1.395e-07,4.393e-10,755798955.0,3.32075,0xde...fa58,https://bscscan.com/tx/0x14c62ae517d6138a63cf16ae2bc7e202fd22aa72580397507f56c0323170556e
2023-03-31 07:22:25,False,1.396e-07,4.399e-10,494717708.0,2.17672,0x2a...576a,https://bscscan.com/tx/0x36923a3e851eb28c37fc0ad6f392a72e52c5a0051af5b97224d962b22f10b89a
2023-03-31 07:21:46,False,1.391e-07,4.404e-10,412207327.0,1.81555,0xde...fa58,https://bscscan.com/tx/0xfc147a9b448c95575f4cd10480e113db64721cdc8dd52634d945f6b7af2ac925
2023-03-31 07:21:37,False,1.392e-07,4.409e-10,510537569.0,2.251,0xec...0165,https://bscscan.com/tx/0xd97671c7ecc1c5438fa103871a2ad0fed7f696f7941e27b484a08ca1ebec3a70
2023-03-31 07:21:22,False,1.402e-07,4.417e-10,1126693156.0,4.97695,0x1b...7f6d,https://bscscan.com/tx/0x1ba8d73bf5a0a8b9e7a0f655d4167298a68d46bfdf9c853be0b7c00be2a2d251
2023-03-31 07:20:37,True,1.402e-07,4.441e-10,679917571.0,3.02,0xec...0165,https://bscscan.com/tx/0x91fb653fc0cc64313658d21e0e6dc9c9e2ba2d8bff89c4039a932de781b0eec5
2023-03-31 07:20:31,True,1.401e-07,4.436e-10,414771777.0,1.84,0x1b...7f6d,https://bscscan.com/tx/0x560aaf4019c5b1153d492602a12f3e254ae24eeed2e2059d8eeb7b650528fa30
2023-03-31 07:20:13,True,1.406e-07,4.432e-10,372275878.0,1.65,0x08...af7e,https://bscscan.com/tx/0x8b7ec634e01a813c2660b88413986b5da23714e7840e1d4d65980fbce3fbdc7f
2023-03-31 07:20:04,True,1.404e-07,4.424e-10,1202463513.0,5.32,0xde...fa58,https://bscscan.com/tx/0x75ae4446f75327a6018a9d882d1ce10fcb6fdf6cfad1aae17253070b9e98bf15
2023-03-31 07:19:40,True,1.401e-07,4.416e-10,414390850.0,1.83,0x1b...7f6d,https://bscscan.com/tx/0xab47457e0937274d5f3033e2464ac9fbdb0bba13321f9b58f8fafdf4eebdc453
2023-03-31 07:19:37,False,1.394e-07,4.394e-10,447209943.0,1.96514,0xde...fa58,https://bscscan.com/tx/0x482652875ed353382610f173bd4eb0d1e81f8fa729183348936394bf27480c93
2023-03-31 07:18:55,False,1.396e-07,4.399e-10,623593864.0,2.74355,0xec...0165,https://bscscan.com/tx/0x4fd6ec024bbdfa1eeb34adf6f0ba890fa4366de71c27d2559a541f566db8a6ec
2023-03-31 07:18:34,True,1.403e-07,4.422e-10,443183158.0,1.96,0x08...af7e,https://bscscan.com/tx/0x66ff52fa8bf6d52fdd1be687d777063a6df3956c3e050eca303e7cd79fabbb34
2023-03-31 07:18:22,False,1.397e-07,4.401e-10,716363466.0,3.15331,0xde...fa58,https://bscscan.com/tx/0x9e820d2512571736f2b2c2d1301b9b81522118dd7912d1042945348858a33774
2023-03-31 07:18:07,True,1.396e-07,4.423e-10,881739806.0,3.9,0x2a...576a,https://bscscan.com/tx/0x8a2ec4a00a46b5c82a429404d8d051bd8bf1846f230b8ea6f17d7ad5cae236db
2023-03-31 07:17:58,False,1.389e-07,4.398e-10,444573600.0,1.95559,0x1b...7f6d,https://bscscan.com/tx/0xf383b671c2a3a8b16e3a7a5253420501fd39ea2013d59e580a861715c3f18772
2023-03-31 07:17:31,True,1.395e-07,4.421e-10,400354066.0,1.77,0xde...fa58,https://bscscan.com/tx/0x31124d4d4ef64db0c605d3274607cc29c2cd3177fdd23fba9011bf13a70d8b58
2023-03-31 07:17:16,True,1.394e-07,4.416e-10,434695234.0,1.92,0x2a...576a,https://bscscan.com/tx/0xbac766f9fee088c2c1f86e4039f98c65fb75eb0a7aa90ed5812010e6ce9f63b7
2023-03-31 07:17:10,True,1.393e-07,4.412e-10,528098769.0,2.33,0xec...0165,https://bscscan.com/tx/0x94e8315da14d1a93db6c552997c7af778931d8db67295e7096634139f9b75e5f
2023-03-31 07:16:55,False,1.393e-07,4.389e-10,407655637.0,1.78937,0x08...af7e,https://bscscan.com/tx/0x9b3a853f1179ff86d3d19901758f427db8dd47927db84515d57aa5e82758a9f2
2023-03-31 07:16:25,False,1.394e-07,4.394e-10,589865069.0,2.5921,0x2a...576a,https://bscscan.com/tx/0x33ef7aee038efe9abc070ece09fec83018d7c850a865b3005086a46eefddb22b
2023-03-31 07:16:22,True,1.401e-07,4.417e-10,457313849.0,2.02,0xec...0165,https://bscscan.com/tx/0x5254a5a63ed69ba701a62d881e9037265e3a2c9b7d3e1a484099e4b262f8266d
2023-03-31 07:15:34,True,1.4e-07,4.412e-10,521283774.0,2.3,0x2a...576a,https://bscscan.com/tx/0x637ecb7025d77aba2b11487116fe6b11cf033be569cb88cfa143ef191d9e2fea
2023-03-31 07:15:31,False,1.386e-07,4.388e-10,284921017.0,1.25051,0x1b...7f6d,https://bscscan.com/tx/0x7ad4c10207486160b66746ec0c43a57fa9faded769313445c8a9cb879864d3e7
2023-03-31 07:14:46,True,1.391e-07,4.407e-10,1064195696.0,4.69,0x1b...7f6d,https://bscscan.com/tx/0x8e659cf1f6adb59e2a38abcb184b515ecd331257977971a004607a4fc03d43c8
2023-03-31 07:14:40,False,1.39e-07,4.382e-10,490794626.0,2.15077,0x2a...576a,https://bscscan.com/tx/0x91de1a38222aa937f047519ee8fc38593d0c1c7430790286e55344ebcb36accc
2023-03-31 07:14:01,False,1.392e-07,4.387e-10,636774582.0,2.79406,0x1b...7f6d,https://bscscan.com/tx/0x52df4864bee591c3b457184ab21a2ba1f7dc2c40ac713a07fe00d7906215f5bc
2023-03-31 07:14:01,True,1.399e-07,4.41e-10,600905110.0,2.65,0x08...af7e,https://bscscan.com/tx/0x8b88711511f0ba40cb6c93fa2aca02798fd2710c2140be6b1d99d38875fc43e3
2023-03-31 07:12:55,False,1.392e-07,4.386e-10,347741896.0,1.52545,0x2a...576a,https://bscscan.com/tx/0xe63d5a63d912aa22401d26ff3da7425524ac7c9ccd25b2f846825fecc15572c2
2023-03-31 07:12:55,True,1.398e-07,4.405e-10,914683451.0,4.03,0x1b...7f6d,https://bscscan.com/tx/0x55bfbb650fdf252e2ba4612aacb52f111802a9eafb9e0c68e658183935a8831c
2023-03-31 07:12:40,False,1.383e-07,4.382e-10,551436048.0,2.41644,0x08...af7e,https://bscscan.com/tx/0x544e690475359dc5be276d1b0694ff7d6a7a9dddb6314506ce6f60070f47c5b8
2023-03-31 07:12:31,False,1.385e-07,4.386e-10,366485476.0,1.60764,0xec...0165,https://bscscan.com/tx/0xf7d755c1e66fa723765562e387b30344c420bad89654705057002aaa7fe5181d
2023-03-31 07:12:25,True,1.398e-07,4.407e-10,628497089.0,2.77,0xde...fa58,https://bscscan.com/tx/0x269c9fa8950544338dd3c8b73dcd0703b27c4a5741d00206bebb81885370447a
2023-03-31 07:11:52,False,1.391e-07,4.384e-10,377553359.0,1.65522,0x08...af7e,https://bscscan.com/tx/0xf5007b0245eac4ea0f1db9daf8796e9a624a8924b7b8aa3b110b9c7829102daf
2023-03-31 07:10:46,False,1.393e-07,4.389e-10,701943197.0,3.08115,0xde...fa58,https://bscscan.com/tx/0xc1965c5ffb4ae99ad653d05ec01573c6135b685c33d5f0f56e44410a9128695d
2023-03-31 07:10:16,True,1.4e-07,4.411e-10,652807892.0,2.88,0x08...af7e,https://bscscan.com/tx/0xfc7c37c84cc247d2f4287883ad880c905f7d8d98226698fdf8d421ca84731452
2023-03-31 07:09:58,True,1.398e-07,4.405e-10,642419399.0,2.83,0x2a...576a,https://bscscan.com/tx/0xc699e821e503a0205f66824f2ad4f9fac5c26460f07428380957898e179149cc
2023-03-31 07:09:52,False,1.39e-07,4.381e-10,359884553.0,1.57695,0xde...fa58,https://bscscan.com/tx/0xc7b2438583981091ab049a89b3478006e31b99a6d92496e33dfcdab22eb13c72
2023-03-31 07:09:28,False,1.393e-07,4.389e-10,1114014315.0,4.88958,0xec...0165,https://bscscan.com/tx/0x48e5470ae3c2e021f196523d4360634b5128f6bf692d8fe33d69c8f532205de8
2023-03-31 07:09:04,True,1.393e-07,4.413e-10,638943324.0,2.82,0xde...fa58,https://bscscan.com/tx/0xd16886e18bc8221a14f926bac1af64b99cce78f513f203a5ab37e53c394cfedf
2023-03-31 07:08:37,True,1.39e-07,4.404e-10,1242021831.0,5.47,0xec...0165,https://bscscan.com/tx/0x3604684a727b7521856175811067831471d453915f48825ce1ccaaf8b87bc15f
2023-03-31 07:07:52,False,1.39e-07,4.379e-10,651244129.0,2.85191,0x1b...7f6d,https://bscscan.com/tx/0xab4654ef96a893200035ddeacad35476bf24bad3e9993c08690e5b42ae22ef6b
2023-03-31 07:07:43,False,1.384e-07,4.384e-10,444647206.0,1.94961,0xec...0165,https://bscscan.com/tx/0xe9ab5c47c5c73cbacc60727e67d0e485684019d9481c0a608ad6e96b8bc37d19
2023-03-31 07:07:37,True,1.391e-07,4.406e-10,449327058.0,1.98,0x08...af7e,https://bscscan.com/tx/0x10917366eecebee9bf9a85eba373e7ec6e927b4c01be026f3b190735e78f174c
2023-03-31 07:06:55,True,1.396e-07,4.4e-10,715785396.0,3.15,0xec...0165,https://bscscan.com/tx/0x8bd9e5562b24f2e08751c67c2478c02b46e1388fa60f7583256615aa03672d34
2023-03-31 07:06:28,False,1.389e-07,4.378e-10,714498815.0,3.12863,0xde...fa58,https://bscscan.com/tx/0x6c72d67c26cbc1a3b0c17e205b028813738ec7d66a7205a63c6ccd32819b321c
2023-03-31 07:06:01,False,1.392e-07,4.387e-10,1090784422.0,4.78609,0xec...0165,https://bscscan.com/tx/0x3375fe04c149202f24b4a3525bdc638d501b98412e02de42f1611c25a29e649c
2023-03-31 07:05:16,False,1.387e-07,4.394e-10,318999312.0,1.40193,0xec...0165,https://bscscan.com/tx/0x121a924576283d54d24549c8ed20949f87196813a07734ad69bb26108166e9ff
2023-03-31 07:05:10,True,1.394e-07,4.416e-10,387187040.0,1.71,0x2a...576a,https://bscscan.com/tx/0xba4ce743fd90cac5061e6275d2e4341febd05887b9fe70c74233d411cc27e070
2023-03-31 07:04:49,True,1.4e-07,4.411e-10,648339230.0,2.86,0xde...fa58,https://bscscan.com/tx/0xbc9ad7a26817351f45e556284240d87d39750247833135458346162666d0cf64
2023-03-31 07:04:19,False,1.385e-07,4.387e-10,269866246.0,1.184,0x2a...576a,https://bscscan.com/tx/0xc3ee2df52c2c1841f1155b3b913d4421ec3c42329a7c12f232cf2a3c875b2797
2023-03-31 07:03:37,False,1.386e-07,4.39e-10,420047753.0,1.84434,0x1b...7f6d,https://bscscan.com/tx/0xf7bea0861c055ec980274e7eb3238f20e669ebf3ac14e3a028ba611ae1978c5b
2023-03-31 07:02:46,False,1.388e-07,4.395e-10,482368494.0,2.12015,0x08...af7e,https://bscscan.com/tx/0x29d15209e080654c45aea3f60b1132442060652532f9652ddf4a9d6d8be3b18c
2023-03-31 07:02:19,False,1.397e-07,4.401e-10,804892621.0,3.54291,0x08...af7e,https://bscscan.com/tx/0xbf2267ae0db9b0d409e1d31a063cafde63c83c76d18ec14551811eba126a94e1
2023-03-31 07:02:07,True,1.397e-07,4.424e-10,702935282.0,3.11,0x1b...7f6d,https://bscscan.com/tx/0xaa56fdd1267e859526e80af56548232653244a363d1e0daa741e52e43e7153bb
2023-03-31 07:01:46,True,1.402e-07,4.417e-10,597587743.0,2.64,0x08...af7e,https://bscscan.com/tx/0x7cfa022dd58ae494998e2eac6b37fc4dc9a8d09d0c707734639b5375c277a576
2023-03-31 07:01:22,False,1.387e-07,4.394e-10,300276594.0,1.31948,0xde...fa58,https://bscscan.com/tx/0xc9b12860e90246e21a96be18cfd7db468a482429f3a502e8fbe5b1b99d416ba6
2023-03-31 07:01:07,False,1.388e-07,4.397e-10,397032515.0,1.74603,0x1b...7f6d,https://bscscan.com/tx/0x7f415659f7c5ce634a352dc910d213d557429b7b8242d184b8ab3d4fd1939ee1
2023-03-31 07:00:52,True,1.395e-07,4.418e-10,581602333.0,2.57,0xec...0165,https://bscscan.com/tx/0xc52e104b6555a580eab3663ad63a1248a8f6ba84fe1747de203c7db57c0f152e
2023-03-31 07:00:13,False,1.388e-07,4.396e-10,504764440.0,2.21913,0x1b...7f6d,https://bscscan.com/tx/0x85234238483f1c9bfb53775c036d96250f7389ebab18779b7cc9a02861ff0de8
2023-03-31 07:00:10,True,1.395e-07,4.418e-10,581705778.0,2.57,0x08...af7e,https://bscscan.com/tx/0x8e824237dc802f99038fb5629f5b575421f7724719be38b80b1a26d6d8a3c198
2023-03-31 06:59:21,True,1.399e-07,4.411e-10,752605676.0,3.32,0x1b...7f6d,https://bscscan.com/tx/0xd6dbfefcba892a45130a2361c27307c2198a1ac0a80e5cd2496e1708378248ca
2023-03-31 06:59:15,False,1.393e-07,4.391e-10,1147693785.0,5.03985,0x08...af7e,https://bscscan.com/tx/0x813c7309dbcf0c8d7c1590010d96ce41a9d55c952ce9b884f2c037b21aba3109
2023-03-31 06:58:36,False,1.397e-07,4.402e-10,1010850878.0,4.44982,0x1b...7f6d,https://bscscan.com/tx/0xd86873e1c3dc11f04c4e43542fcf2e906574718103fdb76613c7a3880f71d1bd
2023-03-31 06:58:18,False,1.392e-07,4.408e-10,322712168.0,1.42275,0xec...0165,https://bscscan.com/tx/0xdeca5974a4932e2c454ef3b7d5efa3a955da6dc86f46593bbd7769ba8aec7d64
2023-03-31 06:57:33,True,1.404e-07,4.426e-10,1104612360.0,4.89,0x08...af7e,https://bscscan.com/tx/0x9dfaa6e27e7fe8d0527773bcc6f4585bca63350befb0f3f35fe6b34ea197a0a9
2023-03-31 06:57:24,False,1.39e-07,4.404e-10,976654355.0,4.30133,0x2a...576a,https://bscscan.com/tx/0x193afcccdcfe945829d2c56cafc2c5ab00689ad80230a95fefdd6d62f7a651a9
2023-03-31 06:57:09,False,1.392e-07,4.41e-10,318922502.0,1.40665,0xde...fa58,https://bscscan.com/tx/0xca42a08c5a939916a798e5ae752ecb3ef47294e89a12579042d39d150a4adf3f
2023-03-31 06:55:42,True,1.398e-07,4.428e-10,1208148563.0,5.35,0xec...0165,https://bscscan.com/tx/0x5229fb3dd9a1ea51b4406456605b7701902b385389525b47e7c2f63f2e8c15db
2023-03-31 06:55:09,True,1.401e-07,4.416e-10,1170666304.0,5.17,0x1b...7f6d,https://bscscan.com/tx/0x6030cee7274a6e02ba8aec831e40e1f30fc1044aef3b91dbcf869249e97d46d1
2023-03-31 06:55:03,False,1.393e-07,4.392e-10,735287037.0,3.22943,0x08...af7e,https://bscscan.com/tx/0xd20f9f75f5bfce7f0c306697d34747437b15dc27a8da5f41c8da3b20715ce366
2023-03-31 06:54:51,True,1.394e-07,4.415e-10,371384033.0,1.64,0xde...fa58,https://bscscan.com/tx/0xac2e87966757fadf3d06be8df4774f4f86fe480abc9f45ed5bb6620955aa6be5
2023-03-31 06:54:00,True,1.392e-07,4.409e-10,888972026.0,3.92,0x2a...576a,https://bscscan.com/tx/0x3bb600d8bff4d2a2dd6559b77124579122fc7edf73c9a2207c23b4d75e7749eb
2023-03-31 06:53:48,True,1.389e-07,4.401e-10,738394303.0,3.25,0xde...fa58,https://bscscan.com/tx/0x3b25498f444a9cf54b8b823071687f8fa9e75a1bb0b05809f33807bb19d8a687
2023-03-31 06:53:33,False,1.382e-07,4.378e-10,595838529.0,2.60903,0x08...af7e,https://bscscan.com/tx/0xeb5e3175f185fa3336a0ad61c8756eacfe583a5751a29f2ef7d3d2aacfa004dd
2023-03-31 06:53:27,False,1.384e-07,4.384e-10,496036411.0,2.17471,0x1b...7f6d,https://bscscan.com/tx/0x67a588715b2be8dbcc740ab0e000822622630e7e7dd976638786de2bb6db73b6
2023-03-31 06:53:09,False,1.393e-07,4.39e-10,679151384.0,2.98149,0xec...0165,https://bscscan.com/tx/0x2974a8483cb2207e62a4c816dc2e7a7c80cf5b929e837ff08303b86c6359bcb7
2023-03-31 06:52:54,False,1.395e-07,4.397e-10,789207703.0,3.47042,0xde...fa58,https://bscscan.com/tx/0xe8e1ff92cc361790519a8008f329f1d797ee2943ead3d7acf798f740be28e84d
2023-03-31 06:52:36,True,1.402e-07,4.42e-10,556490109.0,2.46,0x1b...7f6d,https://bscscan.com/tx/0x55021c346610c17abf6b0aaa83d4bbbf0e49799050e00d9de1d1906a7f291b31
2023-03-31 06:52:03,True,1.401e-07,4.415e-10,464280629.0,2.05,0xde...fa58,https://bscscan.com/tx/0xbb477f8be2ddf4bf57435648aa6df39173bc6283fac00a7f54c2e0e28aaa97ac
2023-03-31 06:50:57,False,1.387e-07,4.394e-10,637439517.0,2.80107,0x1b...7f6d,https://bscscan.com/tx/0xe889dfc4b38d9ffa04c59295bd832c7fe90a4da17a0b14e70f4f4793da39d6aa
2023-03-31 06:50:33,False,1.389e-07,4.399e-10,402216014.0,1.76952,0xec...0165,https://bscscan.com/tx/0x17abbdcdaac44436adbd4988e10d3c5082643eba08106ceceae16e4f2717e0a2
2023-03-31 06:50:27,False,1.391e-07,4.405e-10,843334446.0,3.71545,0x2a...576a,https://bscscan.com/tx/0xd92705e1070d814d7a747218f5b40b5b9238ed2cb5fc008c23916ad610726297
2023-03-31 06:50:00,True,1.405e-07,4.428e-10,663857267.0,2.94,0x08...af7e,https://bscscan.com/tx/0xbe90248e772694f6848af40dcc78b2a038f60b2221c7365905ce1dd2345ac7ec
2023-03-31 06:49:42,True,1.403e-07,4.423e-10,400153642.0,1.77,0xec...0165,https://bscscan.com/tx/0xe202e11a6d0d62e0e92b130c6f57825ffb71cb32366c13241d329dfb515a63ac
2023-03-31 06:49:36,True,1.4e-07,4.414e-10,1275234992.0,5.63,0x2a...576a,https://bscscan.com/tx/0x8b565fabf7b24f27efe9f0232069e192a91d69f7b121154993eae7ac5ff9e55c
2023-03-31 06:49:30,False,1.385e-07,4.389e-10,630222389.0,2.76643,0xde...fa58,https://bscscan.com/tx/0x356d8601e8250391034d336d33fdfaed688ee1bf78b920d7d75daed4801c98dc
2023-03-31 06:49:09,True,1.4e-07,4.412e-10,441919586.0,1.95,0x08...af7e,https://bscscan.com/tx/0x1507d7fa441bb1a69bfa32b6d4a8a74c5315d1605e64ed90b82a4f7ca3eafbff
2023-03-31 06:48:45,False,1.386e-07,4.39e-10,405759992.0,1.78143,0x2a...576a,https://bscscan.com/tx/0xc2b934c527614ccd9cb2012ecfef112bd996dd095ec620894eddde2e3ed1fd1a
2023-03-31 06:47:48,True,1.392e-07,4.411e-10,491846706.0,2.17,0xde...fa58,https://bscscan.com/tx/0xd1475f371ce74a850d8f38e5a83b4f5fa193e54676b2091ce52401bc955b3aef
2023-03-31 06:47:33,True,1.397e-07,4.405e-10,789918202.0,3.48,0x1b...7f6d,https://bscscan.com/tx/0x58ba5b4c3f7ebb5dae95b77d33c6a1c3a67d6901928b92d12f723e33ecf82440
2023-03-31 06:47:30,False,1.39e-07,4.383e-10,803265258.0,3.52118,0x08...af7e,https://bscscan.com/tx/0x376c7867d7b89d371e1e0b95d4881f3512653c7b2ab4cff36e04aa478ca1a08a
2023-03-31 06:46:21,True,1.398e-07,4.407e-10,451520645.0,1.99,0xec...0165,https://bscscan.com/tx/0x16a285338e29e652043c5c4d859dcbf466d4c32c413dd62eaa1e5662a2a71a19
2023-03-31 06:45:36,False,1.384e-07,4.385e-10,427897499.0,1.87642,0x2a...576a,https://bscscan.com/tx/0xfe6f2eefc2566dec856fb0d51f1582670d5528dc15458bb658423dfe2cd65e22
2023-03-31 06:45:00,False,1.393e-07,4.393e-10,1154623278.0,5.07236,0x1b...7f6d,https://bscscan.com/tx/0x65bd27ae973e842f0b2a748212610780bcd9d6eba1fba4696757d00f9fdb5328
2023-03-31 06:44:30,False,1.396e-07,4.4e-10,363978076.0,1.60174,0xec...0165,https://bscscan.com/tx/0xba06db353bf382ae42d0547de70a01c0fbd1af8ce9b145cc1d16efba7e0b3027
2023-03-31 06:44:24,False,1.397e-07,4.405e-10,637446061.0,2.80838,0x2a...576a,https://bscscan.com/tx/0x86ce82a3229a2b191c9260926cb53625392cf1d7ef59bfdc2ec17c8b13b6ae01
2023-03-31 06:44:06,True,1.398e-07,4.428e-10,476451011.0,2.11,0x08...af7e,https://bscscan.com/tx/0x2a863d796ec6cb69fcec6be11f32ad72ba9d5ede0c2ff4d0c913db19f7f38277
2023-03-31 06:43:48,True,1.396e-07,4.422e-10,734883275.0,3.25,0x2a...576a,https://bscscan.com/tx/0x2efdc80d2b494c0cb00a10c2f733b8e8aed640fa2abdb3a293a274d42386e3f5
2023-03-31 06:43:45,False,1.388e-07,4.398e-10,457270680.0,2.01153,0xec...0165,https://bscscan.com/tx/0x4eefad299ef2fa4e2ce69b670aaf4185424bc5d2a74e6de96d3a09b8905949b4
2023-03-31 06:42:54,False,1.397e-07,4.403e-10,392101237.0,1.72652,0xde...fa58,https://bscscan.com/tx/0xfce92420fd59b8ccbbe7ac34a159331bc7ef55c21a597b6b1c927c78135f456b
2023-03-31 06:42:48,True,1.403e-07,4.424e-10,492674974.0,2.18,0xec...0165,https://bscscan.com/tx/0x6afdb0d65e2184e349fe1c1d874c56569ffabc10ea0d5f75dc94d40a0343e0c6
2023-03-31 06:41:57,False,1.39e-07,4.404e-10,822000887.0,3.6204,0xec...0165,https://bscscan.com/tx/0xdc7ca0a13530445391ca27c48e17a3557e93f055944b5e62fea0c196da318b72
2023-03-31 06:41:48,True,1.397e-07,4.428e-10,462934331.0,2.05,0x2a...576a,https://bscscan.com/tx/0x7ab65e91e137ef5209eae04e98b4252148f8ddd52f22b2690f3234a7ee243256
2023-03-31 06:41:00,True,1.401e-07,4.42e-10,1142486436.0,5.05,0xde...fa58,https://bscscan.com/tx/0x541e66ec0581915b7ff91daad72e1c915d42b517f6bb9094acd83dcd1a3f7126
2023-03-31 06:40:57,False,1.394e-07,4.396e-10,783725276.0,3.4455,0x2a...576a,https://bscscan.com/tx/0x5797ed8f3e6c7e304014b6ed8ac8e9292832563c638e338746b4dc09b95f664e
2023-03-31 06:40:45,True,1.394e-07,4.417e-10,953025701.0,4.21,0x1b...7f6d,https://bscscan.com/tx/0x2b1a81224d0444b86290c0fe71dc779d2831c3e5d932d0c8b899440a1c429c91
2023-03-31 06:40:18,True,1.398e-07,4.41e-10,460273971.0,2.03,0xec...0165,https://bscscan.com/tx/0xff3ed3be898ab1359b25b040930e33cb8c17a1f1861517f0d365174fff28bc75
2023-03-31 06:39:57,False,1.392e-07,4.389e-10,603274070.0,2.64783,0x1b...7f6d,https://bscscan.com/tx/0xa02d29662273aaa5d30798da7aca1bcc9428b863a449922ca88cf1835f2ec0b5
2023-03-31 06:39:54,True,1.399e-07,4.41e-10,716463956.0,3.16,0x08...af7e,https://bscscan.com/tx/0x75d6993a939431019016125a0f4bdffc9157410a6be8400b325ff8df11bd12b6
2023-03-31 06:39:21,True,1.396e-07,4.403e-10,592643921.0,2.61,0xec...0165,https://bscscan.com/tx/0x7db21695168518fd236c20912da8c3e232dfe067c6df6703b68df3f8cd63a1ca
2023-03-31 06:39:18,False,1.389e-07,4.381e-10,394964137.0,1.73035,0xde...fa58,https://bscscan.com/tx/0x0fee81760bf60448117176684eafb044bf9ffb3e5c7a057da17f30b4fe98bc17
2023-03-31 06:39:09,False,1.391e-07,4.387e-10,841003546.0,3.68962,0x08...af7e,https://bscscan.com/tx/0x2cfa20a8eeaf13e3cc610e20533bca241769160bbfbcdbfcaa5ea28d072f7047
2023-03-31 06:38:42,True,1.392e-07,4.41e-10,482888330.0,2.13,0xde...fa58,https://bscscan.com/tx/0x6f85c1a184ff5feefc363b8f6f3df85ad5266359cfd8cd19d5374130004a95cb
2023-03-31 06:38:33,False,1.385e-07,4.391e-10,975023623.0,4.2817,0xec...0165,https://bscscan.com/tx/0xea745ddd790f0731891ea155ee858c5606c6241994dbe8f5f809a111b4b0e65b
2023-03-31 06:38:27,True,1.399e-07,4.413e-10,1010599609.0,4.46,0x2a...576a,https://bscscan.com/tx/0x30420e345b601386fd7c31d0700bd09363ed697e0cd464138dffdd2c7cfb6c43
2023-03-31 06:38:15,True,1.397e-07,4.404e-10,742433048.0,3.27,0x1b...7f6d,https://bscscan.com/tx/0x6ad710f11db30f55a239e8df1e4d827bfe5c81f2489d6dadfd74752a3fd1de6c
2023-03-31 06:37:33,False,1.389e-07,4.381e-10,600892596.0,2.63295,0x2a...576a,https://bscscan.com/tx/0x7204030bc5ef3d9137bf4c2151fd6bec318c89deb7e8f9018a80a3cee6bd580e
2023-03-31 06:37:00,False,1.392e-07,4.39e-10,1148960345.0,5.04445,0xde...fa58,https://bscscan.com/tx/0x7f2dda1315f6c8bf9b0d6b2baa8d82c1c2a014ce817e3fe84b34628fe42def3e
2023-03-31 06:36:39,True,1.393e-07,4.416e-10,425716435.0,1.88,0x2a...576a,https://bscscan.com/tx/0x0de918baf626f142bb7e5d9effdbceae39c8cd2f532d1c24fbb2225844f2be14
2023-03-31 06:35:57,True,1.391e-07,4.409e-10,786848403.0,3.47,0xec...0165,https://bscscan.com/tx/0x22346877e63a3d0a123fdc9f493c2279365b85a72399cd7c4c4958a47953fa9e
2023-03-31 06:35:42,False,1.391e-07,4.387e-10,650750994.0,2.85504,0x08...af7e,https://bscscan.com/tx/0x5fc251a420f766b39e18172ce70144c714f6f31310f04b893cbdc59a7eab4a62
2023-03-31 06:35:09,False,1.386e-07,4.393e-10,572085265.0,2.51339,0x1b...7f6d,https://bscscan.com/tx/0xe3c917b72bba388a6079030760738587e4c51330298f70ced6425c06f0a0bda0
2023-03-31 06:34:06,True,1.392e-07,4.412e-10,1226163509.0,5.41,0x08...af7e,https://bscscan.com/tx/0xed749d19ecf0ca31aad12841538d97226bf33695a67d721abdcf22abc413560e
2023-03-31 06:33:21,False,1.39e-07,4.385e-10,262246559.0,1.15003,0xec...0165,https://bscscan.com/tx/0x3d8f972e7c634e72f72a306e68c50fe878abc46dc98ce9a6fddbaaffa9000510
2023-03-31 06:33:15,True,1.397e-07,4.404e-10,740083801.0,3.26,0x1b...7f6d,https://bscscan.com/tx/0x2b5840b207b2d16ca98c49257a33ed58b4bc8ca05c4cdd09cbf354681c1229dd
2023-03-31 06:33:12,False,1.39e-07,4.382e-10,660771259.0,2.89584,0x2a...576a,https://bscscan.com/tx/0xe3e3b8d0e614e2c508c9a0094aeee59f988656f37ed99bffb7810767c2a30fa0
2023-03-31 06:32:45,False,1.392e-07,4.389e-10,764048221.0,3.35387,0xec...0165,https://bscscan.com/tx/0xf1c10f551175e973c85b69b466d728fc64f5c6213a7324c51172057cf649b3b1
2023-03-31 06:32:30,True,1.399e-07,4.412e-10,684495003.0,3.02,0xde...fa58,https://bscscan.com/tx/0x71dbc79d2cddf0f8bf3c705d4493710dd472567c34884a7df5a1a836c9d9e5ae
2023-03-31 06:32:21,False,1.392e-07,4.389e-10,521840203.0,2.29044,0x08...af7e,https://bscscan.com/tx/0x8d2e388ea7f437315dc40fbba0453608733fc7198101dbe1a6aa7f790c585068
2023-03-31 06:31:36,False,1.386e-07,4.394e-10,510566515.0,2.24359,0x08...af7e,https://bscscan.com/tx/0xd1d10f06645bc10c2e105787b6e08d3aed521c544d7df4eb34357afbedac7d60
2023-03-31 06:30:48,False,1.388e-07,4.398e-10,380947750.0,1.6757,0xde...fa58,https://bscscan.com/tx/0x96aac1df7efcc9cb3fc124201c9415052f2e9768e4814e500a0d533b82ac331d
2023-03-31 06:30:42,True,1.395e-07,4.42e-10,456967667.0,2.02,0x08...af7e,https://bscscan.com/tx/0xa829067c97673c187df6f62f7250fc3f3816fbe638b9c475f64a2a2c5b96cb86
2023-03-31 06:29:51,True,1.394e-07,4.415e-10,577544632.0,2.55,0x08...af7e,https://bscscan.com/tx/0x7a4820b3ea25db4ac690d3e4f136df149959a051948a4138b7bf6e606150d4c3
2023-03-31 06:29:45,False,1.394e-07,4.393e-10,616916139.0,2.71035,0x1b...7f6d,https://bscscan.com/tx/0xd20902b478ac9180f60c88e1c00bfa93597660b93bbe458ef32e4f0a7f9f97a7
2023-03-31 06:29:03,False,1.388e-07,4.398e-10,320055961.0,1.40763,0x08...af7e,https://bscscan.com/tx/0x47215b2f5197d170fec711694daeae8d09ef96e7fe645866ba09163980a73e86
2023-03-31 06:28:57,True,1.402e-07,4.418e-10,660870792.0,2.92,0x1b...7f6d,https://bscscan.com/tx/0x0b6db4e8a79b51c2aa50f32c7ec2edabbbb952ac38c647b4132e233b886d558b
2023-03-31 06:28:51,True,1.4e-07,4.411e-10,729922334.0,3.22,0x2a...576a,https://bscscan.com/tx/0xb63e01d9753602aafb4a5a6bd4a2edf3ade5a7ae8366850895c0f238e2274795
2023-03-31 06:28:12,True,1.398e-07,4.405e-10,433539169.0,1.91,0xec...0165,https://bscscan.com/tx/0x74d704439db36c0b7a3c6563cfb1407896852faffff6c4fbc29ab0e9675cf6e1
2023-03-31 06:28:03,False,1.392e-07,4.385e-10,774222997.0,3.3952,0x2a...576a,https://bscscan.com/tx/0x4ff7c86faca5778eeec8a7b37ad01bb86f438955a86f21d1827da87a8c028f54
2023-03-31 06:27:45,False,1.386e-07,4.39e-10,288290198.0,1.26576,0xde...fa58,https://bscscan.com/tx/0xb50d5d84613ae0eaf41fd4409482b292a4ffcfd6773204797f0f653d8fb32c93
2023-03-31 06:27:39,True,1.393e-07,4.411e-10,584885861.0,2.58,0x08...af7e,https://bscscan.com/tx/0x46493187dc9ec4e4857939ca02a2b45ac7ef123fd23c0bcf00ac9ba2bac818a2
2023-03-31 06:27:24,True,1.398e-07,4.402e-10,1076589079.0,4.74,0xec...0165,https://bscscan.com/tx/0xc5ddd43e8f993b161f6e0c24200d08e0559aa6da1c756141319bd15ccbd67c79
2023-03-31 06:27:09,True,1.394e-07,4.392e-10,956143519.0,4.2,0x2a...576a,https://bscscan.com/tx/0xa6cba28121d9ca12da102cfeb4dd1bf48bd7772d587ad455773d81287590599c
2023-03-31 06:27:09,False,1.387e-07,4.369e-10,670512858.0,2.92967,0x1b...7f6d,https://bscscan.com/tx/0xa595946a74e5e0c58daab410945cb2e664a1655527ae4c518f1c0dd949c35d16
2023-03-31 06:26:39,False,1.383e-07,4.378e-10,1201042508.0,5.25885,0xec...0165,https://bscscan.com/tx/0xfbe14cd3224396e51711eff50591bb9f1b93a63f9e8433b26479731a13364eb2
2023-03-31 06:26:36,True,1.39e-07,4.401e-10,981458728.0,4.32,0xde...fa58,https://bscscan.com/tx/0x4b8a8dde27e09bbd6f347a4b7e3fd7c551af5d123e18b89378b7eac9fd4cae05
2023-03-31 06:26:15,False,1.389e-07,4.376e-10,266095298.0,1.16445,0xec...0165,https://bscscan.com/tx/0x31736110c8ed2727dced281b824570a92dd4467b77876531d3e442a11ddc062a
2023-03-31 06:25:45,True,1.397e-07,4.399e-10,1591142.0,0.007,0xe8...afe4,https://bscscan.com/tx/0xacb6e80ea371a901e3d58a58a437379ca10cd09f7046aa87ff77aa1b4322b33e
2023-03-31 06:25:39,False,1.39e-07,4.378e-10,243611590.0,1.06668,0x08...af7e,https://bscscan.com/tx/0xd303ae7d3160a37a70d94ecfb8a1c0a772ec6e9b452c307e3a361eccddd9b50c
2023-03-31 06:25:24,False,1.386e-07,4.385e-10,1195634826.0,5.24375,0x2a...576a,https://bscscan.com/tx/0xc98315fc367d8379990e4c08e519761ff9cfe63183cc38d5ab7a48ed0140995c
2023-03-31 06:25:09,True,1.4e-07,4.409e-10,859525232.0,3.79,0xec...0165,https://bscscan.com/tx/0x447620a982090bc61943c7f16827dcd19f6d29ddbb304e867cfa67e071c22a97
2023-03-31 06:24:42,True,1.398e-07,4.402e-10,615625469.0,2.71,0x1b...7f6d,https://bscscan.com/tx/0x6ec4cde22bad710550e8e763e33e4a514d5969bd3427a58948e804883d637eac
2023-03-31 06:24:33,True,1.395e-07,4.394e-10,939862718.0,4.13,0x2a...576a,https://bscscan.com/tx/0x63244fb6b47909b65f28c6e45fd58bbce70a0023be78d2bfcb4aa67c1af1f9f5
2023-03-31 06:23:57,False,1.382e-07,4.372e-10,1053280725.0,4.60587,0x08...af7e,https://bscscan.com/tx/0xa8ce318a6f715e7342571d58dbe78d8107d3d1a9d2c6161c8cd5402f8e8b8c97
2023-03-31 06:23:54,False,1.385e-07,4.382e-10,887065960.0,3.88756,0xec...0165,https://bscscan.com/tx/0xcec02f0c6d4a9896cdbc4e44f199409e62831b213811492bc52abbc3180ffeaf
2023-03-31 06:23:39,False,1.388e-07,4.392e-10,1054777341.0,4.63275,0x2a...576a,https://bscscan.com/tx/0xcc29f609a8bbbb387352666ab348dec68e77a8aec2f7391925e26d1462428269
2023-03-31 06:22:30,False,1.39e-07,4.399e-10,328377595.0,1.44455,0xde...fa58,https://bscscan.com/tx/0x49625bd5b43dfe0fc3604bddb44fdf4e36d42a84098d5311c806b0b2ee92f002
2023-03-31 06:22:18,True,1.396e-07,4.417e-10,1032239277.0,4.56,0x08...af7e,https://bscscan.com/tx/0xf928bf42444fa586d66b4022d6c29924f966df7bd8afa38811dfd971ad026230
2023-03-31 06:22:09,True,1.4e-07,4.409e-10,557873670.0,2.46,0xec...0165,https://bscscan.com/tx/0x345a9f03d46c7ca1d2ff98bb9b9112afe8ea05f66eeee22677c2f51fce2e3bbb
2023-03-31 06:21:57,True,1.397e-07,4.4e-10,1252119442.0,5.51,0x2a...576a,https://bscscan.com/tx/0x7280b18f1a18260b1b5d20f6c5c0fd0e670bcf2379966dcd703c9171f5898565
2023-03-31 06:21:26,False,1.389e-07,4.375e-10,547619358.0,2.39587,0x2a...576a,https://bscscan.com/tx/0x10c0a1195451d8581899d5a5b822d8cb286541e3793cb904d4f48335b70d4800
2023-03-31 06:20:31,False,1.385e-07,4.382e-10,919446300.0,4.02933,0x1b...7f6d,https://bscscan.com/tx/0xeee72a3881ea0764474475d6f0ff368cf0ed69e873da4b5ef5986bd3ead49109
2023-03-31 06:19:55,False,1.387e-07,4.389e-10,428384732.0,1.8802,0x08...af7e,https://bscscan.com/tx/0xbd8b73f95bdc46ece8597876ad6560f28b67d6fd879bf7879b2e2bfbcdddcf89
2023-03-31 06:19:36,True,1.394e-07,4.411e-10,401251712.0,1.77,0xec...0165,https://bscscan.com/tx/0xcfa11f373d50d9e11f2dccee4b6a3b0346b3cb6fb0a600569555c607c3e214e9
2023-03-31 06:19:16,False,1.387e-07,4.389e-10,483797601.0,2.12367,0xde...fa58,https://bscscan.com/tx/0x5e597e4c267e32502179c936605094fd7a44d07929b7b4b772f25cd1bc790f8c
2023-03-31 06:18:42,False,1.389e-07,4.396e-10,814063790.0,3.57867,0xec...0165,https://bscscan.com/tx/0xec610c0705b6562bf0d43f4cc4ab4bd3c6025e6b89ded30808072179c35ffbc1
2023-03-31 06:18:18,False,1.391e-07,4.401e-10,242291165.0,1.0664,0x1b...7f6d,https://bscscan.com/tx/0x90855d716381d0e48d1986bdb585a9bd326aad879e70fe66bc7a1117c3e09c30
2023-03-31 06:18:06,False,1.392e-07,4.404e-10,380104141.0,1.67414,0xde...fa58,https://bscscan.com/tx/0x81abe2a7476ef4453753703941d4191f75aa59dbfc78575a3ec46afd8074963e
2023-03-31 06:18:03,True,1.398e-07,4.424e-10,691531627.0,3.06,0x08...af7e,https://bscscan.com/tx/0x8afc73e9b38856662f1851c0e2c18c0d7e655231e5dc150ab99270dd73726204
2023-03-31 06:17:39,False,1.398e-07,4.401e-10,352533073.0,1.55156,0x2a...576a,https://bscscan.com/tx/0x5a98edf0f209dc9c7fad9dfac8cf1640db57aedb822f4a2b187d25cfb18c9e79
2023-03-31 06:17:15,True,1.404e-07,4.42e-10,959235059.0,4.24,0xde...fa58,https://bscscan.com/tx/0xd3a2c9b4cd15c76089a3357001fc41ddd4e1ddccf97ef270c36c9ddc42347f50
2023-03-31 06:17:09,True,1.402e-07,4.413e-10,439594118.0,1.94,0xec...0165,https://bscscan.com/tx/0x1a64e034bff320527d69c716301d917ba83ae3aac455e6b7fffeb10aa5adaa9d
2023-03-31 06:16:45,True,1.399e-07,4.406e-10,960023237.0,4.23,0x2a...576a,https://bscscan.com/tx/0x3eb9d5cdc42f738bea2b5bfa384084bed1bf4249e93a75fbd2de0c7866803dad
2023-03-31 06:16:24,False,1.393e-07,4.384e-10,995145750.0,4.36303,0x08...af7e,https://bscscan.com/tx/0x956b682ff667238f1ab11929c716d069b744ae3457a2edf875586def85f21d32
2023-03-31 06:16:03,False,1.395e-07,4.393e-10,813352134.0,3.57331,0x2a...576a,https://bscscan.com/tx/0x0dfc0e98abdc0969eb9f5681e850d3ad3147f60cd65450f976714633c146092d
2023-03-31 06:15:03,False,1.398e-07,4.399e-10,439749267.0,1.93471,0x2a...576a,https://bscscan.com/tx/0xd75eeb645f4889d7846074827bd57119c1fefa8c050e9107f800cadffe10abcd
2023-03-31 06:14:42,False,1.393e-07,4.406e-10,1036059557.0,4.56587,0xde...fa58,https://bscscan.com/tx/0x3c1be89316f6e38c5e9b265fc915b3eef9f9ea858b251de402e1c494f936b07f
2023-03-31 06:14:12,False,1.403e-07,4.414e-10,400922577.0,1.76973,0x2a...576a,https://bscscan.com/tx/0x7830dfce31d5ef386141c5e4f8b44d67351333f7df818d0d982505f871e68e80
2023-03-31 06:13:42,True,1.402e-07,4.435e-10,586198272.0,2.6,0x1b...7f6d,https://bscscan.com/tx/0x3cb97cfe1d8b1b262a6c4a37f1d86dce6a7eeb39ea89fbac9da559a529cb4b7b
2023-03-31 06:13:27,True,1.4e-07,4.427e-10,919201706.0,4.07,0x08...af7e,https://bscscan.com/tx/0x91e579c574528c41909dd516c527129f0aa59adde5619f251bc7bb7649f77aa7
2023-03-31 06:13:00,True,1.405e-07,4.421e-10,348308230.0,1.54,0xde...fa58,https://bscscan.com/tx/0x5dede8ee47bd5e6c1f33428843ad20254d61a4e24755fefba21a1beb2e53c4db
2023-03-31 06:12:51,True,1.397e-07,4.416e-10,563758699.0,2.49,0x1b...7f6d,https://bscscan.com/tx/0x3cf8029c7af44ad7b2632da0ea3941ccd7eed93b4bbde3281a68d0e3b35de17d
2023-03-31 06:12:45,False,1.39e-07,4.394e-10,533719423.0,2.34547,0xec...0165,https://bscscan.com/tx/0x261b8b90d26dbdd833b3053b9f8413f4b123fe98520403698058e25edaec6f03
2023-03-31 06:12:27,True,1.403e-07,4.413e-10,1103368711.0,4.87,0x2a...576a,https://bscscan.com/tx/0x171a7338863ccb5137a09d3af878562107a4bd0500a1197738aba818ae58893f
2023-03-31 06:11:36,False,1.388e-07,4.39e-10,833586340.0,3.65975,0x2a...576a,https://bscscan.com/tx/0xd73ff1eee052d816346687ecd73d2ef84798b755c64c249bfd413e67f6dd05d1
2023-03-31 06:11:21,False,1.398e-07,4.4e-10,1112339065.0,4.89438,0x08...af7e,https://bscscan.com/tx/0x6c6e75da406b24dd51d4019dd2d2a0f977dafcc67d4cc0c756f4009a12807352
2023-03-31 06:11:00,True,1.405e-07,4.421e-10,1232605720.0,5.45,0xec...0165,https://bscscan.com/tx/0x697ae685bc39a82bf1176b8f709c8c43ecfaa4b754463f1b922721c9d6bbe006
2023-03-31 06:10:45,True,1.395e-07,4.41e-10,897791242.0,3.96,0x2a...576a,https://bscscan.com/tx/0x0b80b0e93a1e74e9f78a070e6246241dc28597e320f8384b81eccbb4ca3f8b5e
2023-03-31 06:10:27,True,1.392e-07,4.402e-10,717735718.0,3.16,0xde...fa58,https://bscscan.com/tx/0x5b69ec0905c57f8663415612bbda9936356b2cc1b41b6c1a684ea1df2943e1a2
2023-03-31 06:09:48,False,1.386e-07,4.381e-10,935820948.0,4.10061,0xde...fa58,https://bscscan.com/tx/0x3d01d2e325c482ed84c9f118639dc7d0608876c7f379d575b6f4199c7ee707c3
2023-03-31 06:09:42,False,1.387e-07,4.388e-10,313637971.0,1.37626,0x08...af7e,https://bscscan.com/tx/0x9f58a4d24c7ce305eee5f859d6784346b73d79814f55853c80aa46966b4f4168
2023-03-31 06:09:21,False,1.396e-07,4.393e-10,707027859.0,3.10606,0xec...0165,https://bscscan.com/tx/0xd289295e823724098ea99111b892872410f1d6e7509b12e2d351b284b730818b
2023-03-31 06:07:54,True,1.404e-07,4.416e-10,430200193.0,1.9,0xde...fa58,https://bscscan.com/tx/0x40d8a7824339b02f662df7c4b2a7ee1a133c677747ef29490d676edb80cafb15
2023-03-31 06:07:36,True,1.402e-07,4.41e-10,750461341.0,3.31,0xec...0165,https://bscscan.com/tx/0x7913da919617f5070c4c6e5f884f1ad3355ded42bd327ffa2bc05486a357049a
2023-03-31 06:07:18,False,1.387e-07,4.387e-10,485240983.0,2.12888,0x2a...576a,https://bscscan.com/tx/0x2a90268c587cefca5b094cec7d31dd00b65d486d09a47ad6b981768ee84ff8f2
2023-03-31 06:07:03,False,1.396e-07,4.392e-10,479913516.0,2.10782,0xde...fa58,https://bscscan.com/tx/0x9262384eec85d5c3745705b4de2e8857030541ab8df026d4e6c8cf7ccb186d8c
2023-03-31 06:06:42,False,1.398e-07,4.397e-10,578944686.0,2.54583,0xec...0165,https://bscscan.com/tx/0xb34baf21cc431e9cc9f73cccd8ad9573530db1c2e9329a778b97f3e6506fe34b
2023-03-31 06:05:54,False,1.399e-07,4.402e-10,398549662.0,1.75451,0xec...0165,https://bscscan.com/tx/0x1f07ee14c15299d1343e72a9b00682feb96fe2fb2f17a10c757739387c402dbc
2023-03-31 06:05:39,True,1.405e-07,4.42e-10,1180892655.0,5.22,0x08...af7e,https://bscscan.com/tx/0x1d8d03dda1006f7599f8962adaf58b03c9bbe6b87c2572fc0d9fd4f916c3927a
2023-03-31 06:05:33,False,1.397e-07,4.393e-10,283538163.0,1.24582,0x2a...576a,https://bscscan.com/tx/0xe9e53f76651d7340481854fcfc6609f8fc9122cdb38f38ae73af94d94e29f316
2023-03-31 06:05:15,False,1.392e-07,4.399e-10,806250310.0,3.54691,0x1b...7f6d,https://bscscan.com/tx/0xbb206652e0ca8789597e3cd651215f521ce4045fa29a5bf716008a754b7f73d4
2023-03-31 06:04:33,True,1.405e-07,4.42e-10,934244883.0,4.13,0xde...fa58,https://bscscan.com/tx/0xf592f450a39ab08fbbbcc2d2b05d92be92446a0ef6f5286c43f05c9176539f4c
2023-03-31 06:04:06,False,1.391e-07,4.396e-10,455254036.0,2.00139,0xec...0165,https://bscscan.com/tx/0xe59b780721f113a0607722a84e907b810308d34fd4ff3a7cca7b47bc761f6dd7
2023-03-31 06:03:54,True,1.404e-07,4.416e-10,710893349.0,3.14,0x2a...576a,https://bscscan.com/tx/0x2906119ab064b25f35ccda8b9ec0cfeb32d4fa818f0dd4ae640c2fcd06901fc0
2023-03-31 06:03:51,False,1.397e-07,4.394e-10,533658677.0,2.34491,0x08...af7e,https://bscscan.com/tx/0xe73bab54aa3236794955982b8d9c215b0d9e7060143f4a14ddc1fda6047fc602
2023-03-31 06:03:15,True,1.404e-07,4.416e-10,371301892.0,1.64,0xec...0165,https://bscscan.com/tx/0xb3a4e98220d09b048d79ec1b00ddecc83bfdd362b41b3ccdf946186826dbb84e
2023-03-31 06:02:57,False,1.39e-07,4.394e-10,327758340.0,1.44037,0x08...af7e,https://bscscan.com/tx/0x7f01136ba61251915b23c075cf2a0773c970b712b64896dcff01dcf557a2ab31
2023-03-31 06:02:57,True,1.397e-07,4.416e-10,380400376.0,1.68,0x2a...576a,https://bscscan.com/tx/0x9a38b4b8fffcf3cb5f30bec2e1dbe1cb0c98a39e683631e1d57853784996c9ea
2023-03-31 06:02:42,True,1.396e-07,4.412e-10,401135422.0,1.77,0x1b...7f6d,https://bscscan.com/tx/0x25872111b55d80d5f711ba8b0f347e01620a4ec71d0a518856e315b1c13dd297
2023-03-31 06:02:03,False,1.39e-07,4.392e-10,825344015.0,3.62537,0x2a...576a,https://bscscan.com/tx/0x5677d36a34cb7215dd884ceb046319297f05f369106e471f74472e1ca0b4654a
2023-03-31 06:01:51,False,1.392e-07,4.401e-10,906168699.0,3.98823,0x1b...7f6d,https://bscscan.com/tx/0x9e113c9d093b0cc9e60125780eb4e5f715f568b594b12aa9009e7bc1d740e3cf
2023-03-31 06:01:21,True,1.4e-07,4.424e-10,623772479.0,2.76,0x1b...7f6d,https://bscscan.com/tx/0xf7eba842f5518d6f05077426cf252573438ad47a95dca23a4ca53728f17f4326
2023-03-31 06:01:15,False,1.393e-07,4.401e-10,496887804.0,2.18728,0x2a...576a,https://bscscan.com/tx/0x21d26b7f115e3295ced7a2208b1054841a90f40a84090e074f81de37496e82dc
2023-03-31 06:00:42,False,1.394e-07,4.406e-10,347950623.0,1.53313,0xec...0165,https://bscscan.com/tx/0x071917ae2946573ae9d4f086556d5540d901b7e1984528cccee013fad3757888
2023-03-31 06:00:27,True,1.408e-07,4.426e-10,605377403.0,2.68,0x08...af7e,https://bscscan.com/tx/0x9ba019d18d8635a38c107f2fb5368e34d90f4998824f5569adc210302b27d35e
2023-03-31 05:59:30,True,1.398e-07,4.417e-10,1340217668.0,5.92,0x2a...576a,https://bscscan.com/tx/0x34d6e1ce8c1a769e0a2d5e402d53817def7a1934f0f2859d58facb7dbeb67036
2023-03-31 05:59:18,False,1.397e-07,4.39e-10,338937487.0,1.48798,0x1b...7f6d,https://bscscan.com/tx/0xac1d8c72b294e00c797d1bb2346ad1b94388427cc1108d6b8bc5c3c7b8d14af1
2023-03-31 05:58:39,False,1.39e-07,4.394e-10,491002310.0,2.1576,0x2a...576a,https://bscscan.com/tx/0x68363387a448a06eda4ea63ca02ed91af37a25102e9de6e744b3343ecf1ac9e1
2023-03-31 05:58:33,False,1.391e-07,4.398e-10,342773095.0,1.50766,0xde...fa58,https://bscscan.com/tx/0xd4b9012371738e81f463e74579b2903051b72359b039a6108ac519bebd885d69
2023-03-31 05:58:21,False,1.401e-07,4.404e-10,892336756.0,3.9304,0x08...af7e,https://bscscan.com/tx/0xcb6a124aa8ce5fc90aec62d52ef195c3481d2f32292fa010dbe1bf918254db3e
2023-03-31 05:58:03,False,1.403e-07,4.411e-10,568339635.0,2.50747,0x2a...576a,https://bscscan.com/tx/0x732855d661c3fd3e1a06e54a6de7042e2d8e47103f2aa213db1f7e12826f84e1
2023-03-31 05:57:15,True,1.402e-07,4.43e-10,1338551241.0,5.93,0xec...0165,https://bscscan.com/tx/0x3c43933a89ab086ee798e24451d1705bb19d6b0ba4cff80d8bf58a8b5ae37724
2023-03-31 05:56:57,False,1.401e-07,4.405e-10,749652793.0,3.30228,0xde...fa58,https://bscscan.com/tx/0xf514093b7bb5c27f9a843f26b07a333c38d6906d2b6aeb90e6825eb842c5a63f
2023-03-31 05:56:48,True,1.401e-07,4.426e-10,914977116.0,4.05,0x08...af7e,https://bscscan.com/tx/0x7cf7ed2af0a2a900a1a7d5d107f67113b84215fea015d1c0057202eaf9d313ce
2023-03-31 05:56:03,False,1.392e-07,4.401e-10,314531881.0,1.38433,0x2a...576a,https://bscscan.com/tx/0x425ff7c2d3d490c1e7a2b0f5b8860242f11fbc94223609b70c7b78b8501c0102
2023-03-31 05:56:00,True,1.398e-07,4.421e-10,771317419.0,3.41,0xde...fa58,https://bscscan.com/tx/0x06ccbdf9e7cea1badb83bb56923b08f7e13a62df1561494cd065139b66065aa5
2023-03-31 05:55:57,True,1.396e-07,4.414e-10,620750668.0,2.74,0x1b...7f6d,https://bscscan.com/tx/0x6e18f923d1b57f9468eaa32616ee180879bf88f539e958e4c27fd384832a351a
2023-03-31 05:55:30,False,1.398e-07,4.395e-10,1235028167.0,5.42799,0xec...0165,https://bscscan.com/tx/0x13e72b4177cd57ea48a174d6104957e1e7a5e60ea3983f8e24d33f2f4766b6d3
2023-03-31 05:55:09,True,1.406e-07,4.421e-10,429755725.0,1.9,0xde...fa58,https://bscscan.com/tx/0x548df9959f76321e4f38fbd584274d82ede8ead215c913a20694553383986d80
2023-03-31 05:55:06,False,1.4e-07,4.401e-10,1009589699.0,4.44415,0x1b...7f6d,https://bscscan.com/tx/0xb15af0636c93abb0942be752fb876e87d82b5ccdb99a4864a1981f652add2f31
2023-03-31 05:54:39,True,1.406e-07,4.423e-10,1186946552.0,5.25,0xec...0165,https://bscscan.com/tx/0xdda6961d2b1ae511828270a739b22a49e3c8a0e808e91d20e39053e7b944047c
2023-03-31 05:53:36,True,1.397e-07,4.414e-10,532340179.0,2.35,0x1b...7f6d,https://bscscan.com/tx/0xfed5af013bbdae3dbcc84c6cb59a763e4f7a0a62658502cf2a5719a0a61ad925
2023-03-31 05:53:27,False,1.39e-07,4.391e-10,417947300.0,1.83556,0xde...fa58,https://bscscan.com/tx/0x4ca3ab163a24fd86b0c1e14dcce8f6cb97ff6f50933e54e46cf5b6dd16b33d3b
2023-03-31 05:52:54,False,1.399e-07,4.397e-10,789172702.0,3.47069,0x08...af7e,https://bscscan.com/tx/0x7825e3542bed66b87930cfd6b99c3d7852a5f2a7910f9ef2910f11e7a0c249e3
2023-03-31 05:52:36,False,1.4e-07,4.403e-10,431364504.0,1.89972,0x1b...7f6d,https://bscscan.com/tx/0x242399ef4d11c2c6eac8476b4880e47772b77d9faabfa3cb1fd5ae932bba6e8d
2023-03-31 05:52:36,True,1.407e-07,4.423e-10,1026436891.0,4.54,0x2a...576a,https://bscscan.com/tx/0xb84f8693e2a8c76e9b79340a546cc130a852055f95f83a6f4b3dc29e9baa4166
2023-03-31 05:52:12,False,1.399e-07,4.4e-10,954938366.0,4.20232,0xec...0165,https://bscscan.com/tx/0x455941ba8e082cc09825c1e10d6772b2f439e460b183b5530d73f354920aacc9
2023-03-31 05:52:09,True,1.406e-07,4.421e-10,1142084043.0,5.05,0x08...af7e,https://bscscan.com/tx/0x537a36377f80d20993ffb3f6e15acc76895e0237ff77fd47907d757f129b8f76
2023-03-31 05:51:41,True,1.396e-07,4.412e-10,650390512.0,2.87,0x1b...7f6d,https://bscscan.com/tx/0xd1ed9b87644c356d998fb548697c9b3988701ccd172e132186ac13093b7e6ce1
2023-03-31 05:50:52,True,1.401e-07,4.406e-10,512831897.0,2.26,0x2a...576a,https://bscscan.com/tx/0x74a7a630ff488b39e1577641c17bd9341609ea983b37e603ba94e7fbe5b62442
2023-03-31 05:50:28,False,1.387e-07,4.384e-10,354072339.0,1.55229,0xec...0165,https://bscscan.com/tx/0x35274a907e547de95fbf915a029a28c4dcd3227378ba4d3315bc38af2044db04
2023-03-31 05:50:14,True,1.401e-07,4.405e-10,406279181.0,1.79,0xde...fa58,https://bscscan.com/tx/0x07a21e368e0fd26b13eaf274de88831664509dc81d775f229e3a19287099c239
2023-03-31 05:49:25,False,1.395e-07,4.385e-10,668789218.0,2.93274,0x2a...576a,https://bscscan.com/tx/0xe918249a15e6b21b1317bb819fe5c7842e84433ba25a2f696e2682e91d9b34c4
2023-03-31 05:48:38,True,1.394e-07,4.405e-10,964670116.0,4.25,0xec...0165,https://bscscan.com/tx/0x0e1a3b46c824708fabb9557258e075d80035361bec65a69e5be787c3885f61aa
2023-03-31 05:48:17,False,1.387e-07,4.383e-10,845376528.0,3.70533,0x2a...576a,https://bscscan.com/tx/0xd677b7239889ade82495cb2e54dbea313a487d9633b3dd048ae3a94fbf01e723
2023-03-31 05:47:47,False,1.39e-07,4.391e-10,847235480.0,3.72062,0xde...fa58,https://bscscan.com/tx/0x5bdcad385ae6ec9f2e02a550fe2252b2e9ee6b26b5d7d4e8dba9c5f2d11849a1
2023-03-31 05:47:23,True,1.397e-07,4.413e-10,863276881.0,3.81,0x2a...576a,https://bscscan.com/tx/0x13a347ddf816c99846a9cef5ca8fe4befabd22af12f61045e47721187d2142e9
2023-03-31 05:46:56,False,1.396e-07,4.389e-10,578071252.0,2.53771,0xec...0165,https://bscscan.com/tx/0xa1326110bd3de24342efabcfde38a289950ac861627afe5e44cede77366d2ad9
2023-03-31 05:46:41,True,1.396e-07,4.411e-10,748109728.0,3.3,0xde...fa58,https://bscscan.com/tx/0x1ea3c4b0e702e62e10cded98f14646af3aabc74212a7bfcf996d3fc2d6eecbe1
2023-03-31 05:46:38,False,1.388e-07,4.387e-10,470532706.0,2.06456,0x1b...7f6d,https://bscscan.com/tx/0x9e0bcd716b4aa198035641649cd18f1e37be39d5633d57659f81759b67453628
2023-03-31 05:46:32,False,1.39e-07,4.393e-10,634276877.0,2.78651,0x2a...576a,https://bscscan.com/tx/0x9539b4a59b9f6ba81359d26e5aa700d3a52ac113725ed0183dc9dc9f63bb9ea6
2023-03-31 05:46:08,True,1.403e-07,4.412e-10,1151236911.0,5.08,0xec...0165,https://bscscan.com/tx/0xc503cdacdac586f3f343c6f1ebaeea5a95024e21373139c6ee1361ad1c80c168
2023-03-31 05:45:53,True,1.393e-07,4.404e-10,510862270.0,2.25,0x1b...7f6d,https://bscscan.com/tx/0xd8fa1ce54de21cc6a6cef9bab0cd350d550b08f8b2f1a836de6b8d576ff1767b
2023-03-31 05:45:32,True,1.4e-07,4.401e-10,72698.1,3.2e-05,0x1f...6323,https://bscscan.com/tx/0x85fe08d514f6eca1ddb3d288d9e8a577ed2043c884c1fd38a15e8061bb1f286e
2023-03-31 05:45:32,True,1.4e-07,4.401e-10,28934801.0,0.1273,0x1f...6323,https://bscscan.com/tx/0x85fe08d514f6eca1ddb3d288d9e8a577ed2043c884c1fd38a15e8061bb1f286e
2023-03-31 05:45:17,False,1.394e-07,4.384e-10,1017799373.0,4.4626,0xec...0165,https://bscscan.com/tx/0xdc8340fd0f43ebc1d3b07f73fe67a17a290d532231049442b5bd4336f88525cb
2023-03-31 05:44:59,False,1.39e-07,4.392e-10,534497890.0,2.34766,0xde...fa58,https://bscscan.com/tx/0x3e716b0b90c20e751424bcd9407798b82a5c4321a72cdadd60649e524abe6da7
2023-03-31 05:44:50,True,1.403e-07,4.411e-10,1033590807.0,4.56,0x2a...576a,https://bscscan.com/tx/0xcfb24630c5975d5db50ce0191fcb10ea38a0c33ac0803ec87f57339fc53ab27a
2023-03-31 05:44:08,False,1.395e-07,4.387e-10,498734198.0,2.188,0xde...fa58,https://bscscan.com/tx/0x5df9762d26b2737c68df7bd7ea0a4268f4d6df3ee0f4c6fde68ce46effe8e9fc
2023-03-31 05:43:56,False,1.398e-07,4.395e-10,1190790881.0,5.23416,0x2a...576a,https://bscscan.com/tx/0xdb1a103e7468c5b3c5fca25a47fd9016394127519c8429a3daa19badf9687163
2023-03-31 05:43:29,True,1.406e-07,4.421e-10,384474541.0,1.7,0xec...0165,https://bscscan.com/tx/0xd2a0c4c7f8c23bfa55ea22a0c60b01d404b103495c76d995f113e7f6e5d17983
2023-03-31 05:43:17,True,1.398e-07,4.416e-10,541095787.0,2.39,0xde...fa58,https://bscscan.com/tx/0x6ce20aa936ade70ceaeda41c97b100751945b8bd6d683ff2d28b50d313863faf
2023-03-31 05:42:38,False,1.397e-07,4.395e-10,625757803.0,2.75041,0xec...0165,https://bscscan.com/tx/0x747dde7e4348812091e032308389c2f597ff9f263853f951c80af2f997667039
2023-03-31 05:42:11,False,1.392e-07,4.399e-10,260624311.0,1.14668,0x2a...576a,https://bscscan.com/tx/0x9ddb7a76a18d17651044e595d8138c7238adcf93f89be3ea5764f6d288f7600f
2023-03-31 05:41:47,False,1.393e-07,4.403e-10,560854706.0,2.46993,0x1b...7f6d,https://bscscan.com/tx/0xcce143834742b63f613a289c35fce4e833ccdd59f2e36232d231df269b051cab
2023-03-31 05:40:47,True,1.407e-07,4.426e-10,510595671.0,2.26,0xde...fa58,https://bscscan.com/tx/0xde48040442cc1621815c1d0562779d3fe098304a293596d4dea6e04fa11c381a
2023-03-31 05:40:41,True,1.405e-07,4.418e-10,930085944.0,4.11,0x1b...7f6d,https://bscscan.com/tx/0xf208c403fe258117e316ab14c59f84d50e60fa80160e895872f2a3727cc15615
2023-03-31 05:40:08,True,1.401e-07,4.407e-10,1265902694.0,5.58,0xec...0165,https://bscscan.com/tx/0x6949967cc2911722c42b5abf9f31a35d5efe7abef749f4565541ddf8ec981963
2023-03-31 05:39:11,False,1.387e-07,4.384e-10,1048306274.0,4.59664,0xec...0165,https://bscscan.com/tx/0x513ca544c2c0d015d19a90e9770d4bcde3900dc53dcb17cd8a456d401bab4b6b
2023-03-31 05:38:44,True,1.402e-07,4.409e-10,526145741.0,2.32,0x2a...576a,https://bscscan.com/tx/0x20a1184447474e8f5686eb92568cbc444199a0e3078a96beb8b8ed17296fbe38
2023-03-31 05:38:35,False,1.395e-07,4.388e-10,762276916.0,3.34531,0x08...af7e,https://bscscan.com/tx/0x7bd61dbea8582c4584fb23f0a2210af4f2cc2d15ec658ae6d5e41d25ba576c0d
2023-03-31 05:38:11,False,1.398e-07,4.398e-10,1208528881.0,5.31561,0xde...fa58,https://bscscan.com/tx/0xef6721d9ece7441eef2f2d4b5cf0c16d31abb318fa0e23340d30b4bb2c2a061c
2023-03-31 05:37:44,True,1.406e-07,4.421e-10,1069856118.0,4.73,0xec...0165,https://bscscan.com/tx/0x11109998abe6eac10fd6d604c0063f4e0d2306916c100f9360d5c15e092dfcf2
2023-03-31 05:36:53,True,1.402e-07,4.411e-10,831897757.0,3.67,0x08...af7e,https://bscscan.com/tx/0x60762b30e8056cdf06186941c16c220d8ba8ad025cbd5890708ba45b9bc60d67
2023-03-31 05:36:35,False,1.394e-07,4.387e-10,407188807.0,1.78652,0x1b...7f6d,https://bscscan.com/tx/0x4249182eb00e2022d1039696900a8d3b760587895f079dc2c36c1f373761d4bb
2023-03-31 05:36:29,True,1.401e-07,4.409e-10,342420193.0,1.51,0xde...fa58,https://bscscan.com/tx/0xf804328a86fbab14cb28a69d88f4f7e54431234a87f1e8714f25fa7d6ac2e6f4
2023-03-31 05:36:11,False,1.394e-07,4.387e-10,303940160.0,1.33356,0x2a...576a,https://bscscan.com/tx/0x76666b78a7d7bbbeca09f7fa7ffec2607f40646f94442777d5748990606c3236
2023-03-31 05:35:38,True,1.393e-07,4.407e-10,710145317.0,3.13,0xde...fa58,https://bscscan.com/tx/0x22107ca558a7420fabfeb28d27e7362311601a42ada6f201f32bcff868f5cbae
2023-03-31 05:35:14,False,1.392e-07,4.384e-10,427748964.0,1.87531,0x08...af7e,https://bscscan.com/tx/0xd244189403e80bb0f6dbb1fe2269213d643cacee883121049b47da937ae16df5
2023-03-31 05:35:11,False,1.387e-07,4.391e-10,960755494.0,4.21872,0xde...fa58,https://bscscan.com/tx/0xe19e38012605b2373b6e0ee8bcff810a5a8766cb06d814c62cf129188ae2ee60
2023-03-31 05:34:53,False,1.39e-07,4.399e-10,694466205.0,3.05517,0xec...0165,https://bscscan.com/tx/0x870c6c60529a5d20e3c57aa91c64ac5b1d5f8db6bb36f275829cfbc2ae7ffc3c
2023-03-31 05:34:23,False,1.4e-07,4.407e-10,999942176.0,4.40753,0x08...af7e,https://bscscan.com/tx/0x1d57a25c577c886ad644de9a11bb925f6fb34b6982bccdbae9c1a03d22801b7b
2023-03-31 05:34:17,True,1.408e-07,4.434e-10,7097441.0,0.0314,0x96...a1f2,https://bscscan.com/tx/0x5264866378f748c5b22cb86eed802015c1d46ddb0ca33f1fe6a0e8d1fc221a9d
2023-03-31 05:33:11,False,1.402e-07,4.414e-10,409863014.0,1.80945,0xec...0165,https://bscscan.com/tx/0x91928185056ed9d7d150bd713372470e9e0d3d67da628a271e186195c3cef004
2023-03-31 05:33:05,False,1.404e-07,4.42e-10,821269058.0,3.63081,0x1b...7f6d,https://bscscan.com/tx/0x357e075c4543843e1ba9d8ff9606bda21e896c07beb52d66d5a018c081901f4f
2023-03-31 05:33:05,True,1.41e-07,4.44e-10,1308362110.0,5.81,0xde...fa58,https://bscscan.com/tx/0x1d07d69c4de40c75a5f209b0fe67d80011121a87ff19081e04bbf8fef79722a3
2023-03-31 05:32:44,True,1.406e-07,4.429e-10,930159490.0,4.12,0x08...af7e,https://bscscan.com/tx/0x0d7cc47af2835e3543f4a01869b3e03d44162930307896fab3d5579af797bee3
2023-03-31 05:32:17,True,1.396e-07,4.417e-10,1344533829.0,5.94,0x1b...7f6d,https://bscscan.com/tx/0x7beb26766d7ed8260c44864be2eaae784de10d4094152df446c152d030a880b4
2023-03-31 05:32:08,False,1.394e-07,4.39e-10,290139532.0,1.27388,0x08...af7e,https://bscscan.com/tx/0x259b313f7fa02c22716bcee9771d782fb5a2b0eb995c2ad7ac5f195322a4da22
2023-03-31 05:31:29,False,1.396e-07,4.396e-10,873621386.0,3.84076,0x1b...7f6d,https://bscscan.com/tx/0x048da69e20a8a0411057b26002fa7ed23ac1024d6696c33ba684b68316bc50e4
2023-03-31 05:31:29,True,1.403e-07,4.417e-10,957449317.0,4.23,0x2a...576a,https://bscscan.com/tx/0xb69f34760e20dcb4cc01bb0070eedad37ac252ef24522bb8d55ca086ed27fe27
2023-03-31 05:31:23,False,1.395e-07,4.392e-10,366678250.0,1.61081,0xde...fa58,https://bscscan.com/tx/0x971480d55dd54c6b65fe9ac885d7bbffd45eedccba325dfc82aa1fdec11e4d13
2023-03-31 05:31:05,True,1.401e-07,4.413e-10,682009524.0,3.01,0x08...af7e,https://bscscan.com/tx/0xb5b27d5f9d0b2b3929d6e9c880d0014bf52dda76ff3debc66f2a8e682241c1da
2023-03-31 05:30:35,False,1.387e-07,4.389e-10,277810380.0,1.21941,0xde...fa58,https://bscscan.com/tx/0x087c8561b27dcdcd2c864dbf2f5d8ea85176c1345e68ea7d8ae99f098c079af7
2023-03-31 05:30:18,False,1.388e-07,4.393e-10,571159094.0,2.50945,0x08...af7e,https://bscscan.com/tx/0x71d4e601798474af2f896398e637d237854b17f6a238c9a715a729af217ed281
2023-03-31 05:29:41,True,1.402e-07,4.414e-10,813243147.0,3.59,0x1b...7f6d,https://bscscan.com/tx/0xeb350cd86fc7938328437997fd5e32cc28b70da94f47cbbbb5c605b484b64941
2023-03-31 05:29:21,False,1.394e-07,4.39e-10,492383087.0,2.16194,0x08...af7e,https://bscscan.com/tx/0xb56a0954d553dc440446866c362762bec699d5d97873dd971f136841bc9d0e3a
2023-03-31 05:29:14,False,1.396e-07,4.398e-10,967874459.0,4.25678,0x2a...576a,https://bscscan.com/tx/0x0b6a26d21c44a669641be0dcecf352be8470dc0fa469105a6e0eac69ba142bb5
2023-03-31 05:28:24,True,1.396e-07,4.418e-10,1382970913.0,6.11,0x2a...576a,https://bscscan.com/tx/0x1b7df473d7a7f63fcdddd32d4e8fbe944c3518f2295e6d91610d836d11383ccd
2023-03-31 05:28:06,True,1.392e-07,4.408e-10,535341793.0,2.36,0xec...0165,https://bscscan.com/tx/0x4132fa853ba16857f92729529354f053149836603209270a2169515c07127262
2023-03-31 05:28:00,False,1.386e-07,4.387e-10,700602601.0,3.07369,0xde...fa58,https://bscscan.com/tx/0x874223bb2a1e1179654eb2d66fbb654ab221701196c73b182e5c4c56f9ea08c4
2023-03-31 05:27:39,True,1.399e-07,4.407e-10,1073209700.0,4.73,0x08...af7e,https://bscscan.com/tx/0xaeb64a01011af3151b75804248d148c036e0df282067d2936b8784386cedb310
2023-03-31 05:27:09,True,1.397e-07,4.399e-10,415919297.0,1.83,0xec...0165,https://bscscan.com/tx/0xefdb0c8bf9119e737a8c32ade4266ff2a41ac7e449d085ced382752c3cfa75b0
2023-03-31 05:26:42,True,1.395e-07,4.393e-10,821628603.0,3.61,0xde...fa58,https://bscscan.com/tx/0xd75d09b54b3fc4bafbffe0b68ba03bc97d2fdd65cc3d0667c415055bc5bc57b6
2023-03-31 05:26:18,False,1.388e-07,4.373e-10,1143905914.0,5.00272,0x1b...7f6d,https://bscscan.com/tx/0x0cf4695bcd45cadda271878fcacc06171a237d10dfaaa2412238613aa1a53211
2023-03-31 05:25:33,False,1.384e-07,4.382e-10,742388151.0,3.25368,0xec...0165,https://bscscan.com/tx/0x903828bb9c24df4fc76bdde5d526dc12455e681c385e1c51760b871f9d2221f0
2023-03-31 05:25:27,False,1.386e-07,4.389e-10,633482825.0,2.78071,0xde...fa58,https://bscscan.com/tx/0xb9361912f41957bcd29d4f7df3f77f012aa154aeef07d3946b69fea1992c9d76
2023-03-31 05:24:09,False,1.389e-07,4.396e-10,795369366.0,3.49699,0x2a...576a,https://bscscan.com/tx/0x4039bbf6aa3be5c85a32989bb9a15b34ae78a872e480ada76b07e7aca35c4f13
2023-03-31 05:23:45,True,1.402e-07,4.415e-10,1374602526.0,6.07,0x1b...7f6d,https://bscscan.com/tx/0xca69fe46232f4360d92bd518939eaa661ac35ff6e7a975c1096879f94cc16272
2023-03-31 05:23:12,False,1.386e-07,4.389e-10,550775403.0,2.41772,0x2a...576a,https://bscscan.com/tx/0x0b0558169b8f1131fefc603b45fd0d17a1efe2a72e0d7d5383170bc5fffbf9ca
2023-03-31 05:23:00,False,1.388e-07,4.393e-10,265488703.0,1.16648,0x1b...7f6d,https://bscscan.com/tx/0x08f3754aac49f6447a77bae9952dede89df2f5ce416a160f1f97030381f091de
2023-03-31 05:22:51,True,1.401e-07,4.414e-10,439421731.0,1.94,0xec...0165,https://bscscan.com/tx/0xa2733fdd868961edc17680fdf2ba5f7c8e30d0aa62809c9bfd6cd16be882c6bc
2023-03-31 05:22:27,False,1.388e-07,4.393e-10,543699984.0,2.38867,0x1b...7f6d,https://bscscan.com/tx/0x395fa505364efdd72db4bb64b3f9f28c736e1b21a54d69594c76b1d1497ed191
2023-03-31 05:22:09,True,1.395e-07,4.415e-10,568480598.0,2.51,0x2a...576a,https://bscscan.com/tx/0x081f1550fa46c7f6ff366574b462bed783336380e19bb84e7d8b6302e0b03afd
2023-03-31 05:21:54,False,1.394e-07,4.392e-10,444703533.0,1.95341,0x08...af7e,https://bscscan.com/tx/0xb63c620ecc4748d7e9dba4dfa0b5dd33fb2a870d48312aec7192d92e85ed9da5
2023-03-31 05:21:33,False,1.396e-07,4.397e-10,477893607.0,2.1014,0x1b...7f6d,https://bscscan.com/tx/0xc5e07a2e497d0a51040af61854a4414c886a1b19e44bf9b16dc530190e5c2715
2023-03-31 05:21:15,False,1.391e-07,4.403e-10,817859325.0,3.6016,0x08...af7e,https://bscscan.com/tx/0xffcaf7fb509f856805154bf8f5816b8ff5679551da1d1fd83f6a81887636a49f
2023-03-31 05:21:12,False,1.4e-07,4.409e-10,272020051.0,1.19938,0xde...fa58,https://bscscan.com/tx/0xe579a856d6b741ddecd27d9b6e8a97973a0d83bf1ae7cef892a37013d35ebe64
2023-03-31 05:21:00,True,1.406e-07,4.429e-10,532737246.0,2.36,0x1b...7f6d,https://bscscan.com/tx/0x3ed0b1e4adb5899ad938cfbaacb29abc677aa87decaf25e5a605b387d1e84230
2023-03-31 05:19:36,True,1.405e-07,4.424e-10,614805525.0,2.72,0x1b...7f6d,https://bscscan.com/tx/0xacb7e6291cff23e330b6a81f77d137156939216e7d5b27d2534e83dfbc15abd3
2023-03-31 05:18:51,True,1.397e-07,4.421e-10,5000000.0,0.0221,0x61...9635,https://bscscan.com/tx/0xc8f8ca08936afee6c7c0a01144afd05c267dbfbb7726cb2a7e9ea8db6f431865
2023-03-31 05:18:06,False,1.391e-07,4.404e-10,1201551707.0,5.29279,0x1b...7f6d,https://bscscan.com/tx/0x0f6f4540802943cb4f07519f3e927af89e95393806c3224a728251c72e4c47cd
2023-03-31 05:17:42,False,1.401e-07,4.412e-10,382157455.0,1.68642,0xec...0165,https://bscscan.com/tx/0xe8d19c99b73be1ed4dde027c365de5d6be6a4a936051a7ec181367407c815a87
2023-03-31 05:17:09,False,1.395e-07,4.416e-10,254092738.0,1.1221,0x2a...576a,https://bscscan.com/tx/0x376d1ea1b1e4ba2f6c7b742f362a7d37c28a787ba8b94a74ffe8fec375c839b6
2023-03-31 05:17:00,True,1.401e-07,4.433e-10,1154796057.0,5.12,0x1b...7f6d,https://bscscan.com/tx/0xf98501aa30fb888b44050ce512620e7675b867f8ba2d696e99fdebda1f2f4e3a
2023-03-31 05:16:54,False,1.392e-07,4.408e-10,518080138.0,2.28388,0xec...0165,https://bscscan.com/tx/0x2c65e82e7378f78a12e0ab453e6d4056cc7ebec0668d0d75344bf18ae73a136c
2023-03-31 05:16:45,True,1.406e-07,4.429e-10,769893564.0,3.41,0x08...af7e,https://bscscan.com/tx/0x255733e2d78145811962032b5ded7899c527b8d41fca576fb1fc406956ed68a2
2023-03-31 05:16:09,False,1.392e-07,4.407e-10,779027227.0,3.43326,0x1b...7f6d,https://bscscan.com/tx/0x6c3dafa8f944084076f07be1ba51d413c98728fe38e680be09ad93022b2dd359
2023-03-31 05:16:06,True,1.399e-07,4.428e-10,867058786.0,3.84,0xde...fa58,https://bscscan.com/tx/0x5a3fd1f4fe757cd0d7dfa4edd4d47af64d7fb39e7292160ec347b44c62998d1b
2023-03-31 05:15:27,False,1.391e-07,4.404e-10,426979683.0,1.88061,0x2a...576a,https://bscscan.com/tx/0xeaaf56800c690ee6eb19b90f16c9cfe663d9d2eb9a43fd6391e8e4100a70b2b7
2023-03-31 05:15:06,True,1.405e-07,4.424e-10,761608046.0,3.37,0xec...0165,https://bscscan.com/tx/0xd2b30c5df8856de2caa7cf0b692016e8cf2ed6a4eb91705c0d8b1c0eb9f1015c
2023-03-31 05:15:06,False,1.398e-07,4.402e-10,722221363.0,3.17962,0x08...af7e,https://bscscan.com/tx/0x1f37ddc16182491bcde5e535d570c3dfc16a20b787e5da165869ff5b28f5a06c
2023-03-31 05:14:33,False,1.392e-07,4.407e-10,294247091.0,1.29694,0x1b...7f6d,https://bscscan.com/tx/0x8ff1b911d00e927def498d121f4f14a98484d95afb4dbf66e09595cacd2f6501
2023-03-31 05:14:15,True,1.407e-07,4.428e-10,618773628.0,2.74,0x08...af7e,https://bscscan.com/tx/0xbc1158094e87229df013b0edda7f11463071988e478eac512fdad6c709d121db
2023-03-31 05:13:33,True,1.404e-07,4.421e-10,755453083.0,3.34,0xde...fa58,https://bscscan.com/tx/0x9bff30949097b3139944a9fa41e053ea0e41e4b7e9c229958ef6896a60f009f6
2023-03-31 05:13:24,True,1.403e-07,4.415e-10,416733185.0,1.84,0x08...af7e,https://bscscan.com/tx/0x34c945ce263d0abb3bd9e98f0da6ce90d81aa9072746124fd04a99608f14fd04
2023-03-31 05:12:51,False,1.388e-07,4.392e-10,343502310.0,1.50896,0xec...0165,https://bscscan.com/tx/0x8f8ad0e1022e84ead805debb64d3854faebe98c4562407de8e141cbd098734cb
2023-03-31 05:12:36,False,1.397e-07,4.396e-10,456164457.0,2.0057,0x08...af7e,https://bscscan.com/tx/0x1956f8838cb94d09f6c4dca6cd682e6c7c8186242ac53bbfbf6a90ac76fd2c2e
2023-03-31 05:11:39,True,1.403e-07,4.416e-10,998596748.0,4.41,0xec...0165,https://bscscan.com/tx/0x47d5b441a0e4b89a9b8e3e9eeb68f11a876e8eddfbac1cb30034a5bc9880454b
2023-03-31 05:11:06,True,1.393e-07,4.407e-10,728298541.0,3.21,0x2a...576a,https://bscscan.com/tx/0xf3fcc9aa899476c9bf529c2485bfb0f2d311a45b76c5aa4f2cf0a3847e76dcd8
2023-03-31 05:11:00,False,1.386e-07,4.383e-10,309632241.0,1.35725,0xde...fa58,https://bscscan.com/tx/0xcd698442c02fed1c8a388ad9a160d586e5bd762e459c2685155137d246d9ece5
2023-03-31 05:10:15,False,1.394e-07,4.386e-10,383924508.0,1.68423,0x2a...576a,https://bscscan.com/tx/0x77e053f6e0f307fa17639653b0c5b53608f6a54be7847796cf2096c99270c657
2023-03-31 05:09:57,False,1.389e-07,4.394e-10,1120321862.0,4.92313,0xec...0165,https://bscscan.com/tx/0x893ff9b80d2ae0cfe5d994a26361c51131cb51d9dc4f2489c4abb18fd6562acf
2023-03-31 05:09:30,True,1.404e-07,4.419e-10,583827567.0,2.58,0xec...0165,https://bscscan.com/tx/0x5020db27a0c098f43b3b0c184aea9ddae6346d3f43a1e513b70fdcb84b368157
2023-03-31 05:09:24,True,1.402e-07,4.414e-10,407781346.0,1.8,0x2a...576a,https://bscscan.com/tx/0xb8a8d07a888da088dff62f10cec1f11da68de8307f65288c7245cc6bf156f914
2023-03-31 05:08:33,True,1.401e-07,4.409e-10,430846619.0,1.9,0x1b...7f6d,https://bscscan.com/tx/0x42c256f2d7b39dcd1469f7b0513b0aa835f9015ec4a6044ab9bc44efbca8d98f
2023-03-31 05:08:21,True,1.399e-07,4.403e-10,765225754.0,3.37,0x08...af7e,https://bscscan.com/tx/0x3120629dfb4ee5a85870531c860d482e7283f02e837a3365620a58e381d90530
2023-03-31 05:07:54,True,1.398e-07,4.399e-10,30070824.0,0.1323,0x3e...5a68,https://bscscan.com/tx/0x22a52a66342d6bc9410dc5dafed9337ad9116754d52969c5f54cee13e0ee28b7
2023-03-31 05:07:42,False,1.391e-07,4.379e-10,259648429.0,1.13703,0x1b...7f6d,https://bscscan.com/tx/0x25d2cb0d9d557b873a87805341555f6b1ce42418b4aaa2afef62ba8f283ee48b
2023-03-31 05:07:39,True,1.398e-07,4.4e-10,361315450.0,1.59,0x2a...576a,https://bscscan.com/tx/0xa49d1d19507b6f59eae9fd457285127e6cbb6125c329c1c09de39168cdf0c99e
2023-03-31 05:07:36,False,1.391e-07,4.379e-10,569361556.0,2.4936,0xde...fa58,https://bscscan.com/tx/0x0a7087d8da4fca91d97d89a4afa57f92a86276f66c8f5adf0de91942d98befab
2023-03-31 05:07:30,False,1.393e-07,4.386e-10,826657711.0,3.6262,0x08...af7e,https://bscscan.com/tx/0xdf44d4079cd1d08ee69188fcf9a102f9adcac38815c770f5ed50e1ecc0ec6f76
2023-03-31 05:07:21,False,1.395e-07,4.392e-10,397190763.0,1.74473,0xec...0165,https://bscscan.com/tx/0xceda599b95264affb8f127cfe4bda80ff06cd35ba5824e8254e0f8635256f881
2023-03-31 05:06:51,True,1.402e-07,4.414e-10,419063935.0,1.85,0x1b...7f6d,https://bscscan.com/tx/0xeb1b14952e061d9a3e8c8428f385de6b193a45f5a2191df269fc2b806ad94c1e
2023-03-31 05:06:48,False,1.395e-07,4.392e-10,449741112.0,1.97558,0x2a...576a,https://bscscan.com/tx/0x07e91ceefcf40a8fdb707cb19c3d8b2cccc10ec1d98eb801379c05a65bf8711d
2023-03-31 05:06:42,False,1.397e-07,4.397e-10,504619873.0,2.21905,0x08...af7e,https://bscscan.com/tx/0xaf265b9c85b0c27ec94a60be3305c97b70470ad6f3cb015e224becb86d43f44b
2023-03-31 05:06:36,True,1.397e-07,4.419e-10,554389307.0,2.45,0xec...0165,https://bscscan.com/tx/0xe7046aead7b443094787f3e3f228fb1c3525af6d79342c0e60e1d79220dbee69
2023-03-31 05:05:51,True,1.401e-07,4.409e-10,1401534801.0,6.18,0x08...af7e,https://bscscan.com/tx/0xdf6a4905d74d7164b9b3c7313f11c1ea9f1f5b0da702ac7f47dc7045bb730de1
2023-03-31 05:05:45,False,1.393e-07,4.386e-10,1197857538.0,5.2543,0xec...0165,https://bscscan.com/tx/0x12b64c79735c3803f3d4aea6bcf4969404f6ad5a7ab1217523154863115b6566
2023-03-31 05:05:36,False,1.396e-07,4.394e-10,442191928.0,1.94325,0x1b...7f6d,https://bscscan.com/tx/0x9f890c1ee61ca97b8ca01a237c4c48ee2de96e214cf6db6294d32f9b9d806c0e
2023-03-31 05:05:03,True,1.403e-07,4.416e-10,491352993.0,2.17,0xde...fa58,https://bscscan.com/tx/0x389c05cda6301bb476bb7f8be26bc53de049ecb853a9cf606006fc13cb92b8bc
2023-03-31 05:04:09,False,1.397e-07,4.397e-10,1069111225.0,4.70111,0x08...af7e,https://bscscan.com/tx/0x71e2a57c0e4a822139a2a62420bdd6ec924267ca118c21d7d5c691704eada5ac
2023-03-31 05:03:45,False,1.392e-07,4.403e-10,279739310.0,1.23196,0x1b...7f6d,https://bscscan.com/tx/0x67888afa8fb42b1465655891f72295a60331c957a371ab93ae7536b108bbdb74
2023-03-31 05:03:24,False,1.401e-07,4.409e-10,824187327.0,3.63424,0xde...fa58,https://bscscan.com/tx/0xe63317ccfe105ab559b402d750321986f312141fa18362010b89e633665e9e12
2023-03-31 05:02:39,True,1.407e-07,4.429e-10,1142216701.0,5.06,0x1b...7f6d,https://bscscan.com/tx/0xccc59aa609dad127ead4c56c7851c893ccf3866caf32b6b5c7d0904aa246e311
2023-03-31 05:02:30,True,1.404e-07,4.419e-10,1016042456.0,4.49,0x08...af7e,https://bscscan.com/tx/0x591e29779da6e15f73fef608565cb61ac20261d5cfa70f1add05b10549d1fba0
2023-03-31 05:02:27,False,1.396e-07,4.394e-10,563689197.0,2.47729,0x2a...576a,https://bscscan.com/tx/0x389bf5176c0d0fafd548a255818b1b3f91f66e984825f4fbc687c8af0672781a
2023-03-31 05:02:12,True,1.403e-07,4.416e-10,704239246.0,3.11,0xec...0165,https://bscscan.com/tx/0x7401f07466ee8f42909358047b271794fe137f6d5eebab2ff8f6c535cbf68e4e
2023-03-31 05:01:48,False,1.397e-07,4.396e-10,1149411864.0,5.05314,0x1b...7f6d,https://bscscan.com/tx/0x442eac3c33730ca20c7afe2c51dee1293f0f6ec2311ddf5ea1acf8050293756d
2023-03-31 05:01:03,True,1.398e-07,4.419e-10,859771675.0,3.8,0xde...fa58,https://bscscan.com/tx/0x5f3b6a455f804f4cc5a679ab8d179977bc2a19987acf45a0fa379c6db2c12457
2023-03-31 05:00:45,True,1.401e-07,4.408e-10,1445033251.0,6.37,0x2a...576a,https://bscscan.com/tx/0xda296952bf5558a03d13b7abe2cfd183f68883539b653cdc2ad8c57b6378dd01
2023-03-31 05:00:36,True,1.392e-07,4.4e-10,19264238.0,0.0847,0x99...090d,https://bscscan.com/tx/0xc079130d7c69fe968b5c0c64cfb9047d5a8b77b32a3d592c4c47556a4a8925b3
2023-03-31 05:00:36,False,1.386e-07,4.381e-10,637167989.0,2.79205,0xde...fa58,https://bscscan.com/tx/0xc2f30332a69f5281f6768b5708030429725786cac0060a4c7ffee503f1cb95ef
2023-03-31 05:00:30,True,1.393e-07,4.404e-10,535820650.0,2.36,0xec...0165,https://bscscan.com/tx/0x507f3a5c3de4e2736bba84a84e1081de85ed94c4c16ff1f8566dccce47f0e5fe
2023-03-31 05:00:24,False,1.386e-07,4.381e-10,314530053.0,1.37807,0x08...af7e,https://bscscan.com/tx/0x2501734f4f0ebbf54cbb31602155ba896fe67984d62d5d0035716b23b3e036eb
2023-03-31 05:00:06,True,1.398e-07,4.397e-10,1389277863.0,6.11,0x1b...7f6d,https://bscscan.com/tx/0xee5a076de68ea0f5df185480cc7e72988020ee03147dda30bf5ea008fc6d7a0e
2023-03-31 04:59:15,False,1.383e-07,4.371e-10,541012174.0,2.3652,0x1b...7f6d,https://bscscan.com/tx/0xfc7f9035c65d29e7f3e8c6f69728a57d63bf3df5d7d713f0713fb69fb3fc1d78
2023-03-31 04:58:45,False,1.391e-07,4.377e-10,562694812.0,2.46306,0xec...0165,https://bscscan.com/tx/0x544851a3d545e6e3f12382fa4188349cc17c8017ed69d8bc39e9f5c0f4ff9764
2023-03-31 04:58:18,False,1.386e-07,4.383e-10,632543779.0,2.77257,0xde...fa58,https://bscscan.com/tx/0x9016387fc3018a7f6a5ecd45a0463fea76042492db92d10f60bb324e2735d2a7
2023-03-31 04:58:09,False,1.388e-07,4.389e-10,605695311.0,2.65861,0x2a...576a,https://bscscan.com/tx/0xc6f87ffcb6088b56c5cf7c809c36418b1e4c99c1bb8e15d9de5716f768cf69c0
2023-03-31 04:58:00,True,1.402e-07,4.411e-10,587106531.0,2.59,0x1b...7f6d,https://bscscan.com/tx/0xcfccaa7580abbac2a097875f2aafe93a4f854167ad01b85a5d68e12131ce63a6
2023-03-31 04:57:54,True,1.4e-07,4.404e-10,890087385.0,3.92,0xec...0165,https://bscscan.com/tx/0xfb113ded88b6b46de2920e4f1b3d3a77745587046c403d1af1ad473d2150dd55
2023-03-31 04:57:24,True,1.397e-07,4.394e-10,992113782.0,4.36,0xde...fa58,https://bscscan.com/tx/0x5e97e9e80503d573bb4f2cdb7a2cca8c23b68fb0479e7a5852b54109b1a63ae1
2023-03-31 04:56:33,False,1.382e-07,4.37e-10,450783452.0,1.96994,0x1b...7f6d,https://bscscan.com/tx/0x3738c2b04f885fba00647345867fb0efe3a5cee73358080add06a2d852957f94
2023-03-31 04:56:24,False,1.384e-07,4.376e-10,880752382.0,3.85472,0x2a...576a,https://bscscan.com/tx/0xdc0ff8fb51c91e7d82090117848963a9f214eaa18b6a5b06eb0cf826361c5a08
2023-03-31 04:55:45,True,1.399e-07,4.4e-10,518136788.0,2.28,0xde...fa58,https://bscscan.com/tx/0xa36a887022c60f9ea68f478880eb9c13c8c5545fb744f5595f3453cbc25b5d23
2023-03-31 04:55:42,False,1.393e-07,4.381e-10,1214910612.0,5.32358,0xec...0165,https://bscscan.com/tx/0xc853a2607a17441e947e25a35d88c6f6f9924e5fd3217f43990ac8556bcca66a
2023-03-31 04:55:09,False,1.396e-07,4.391e-10,648180182.0,2.84625,0x1b...7f6d,https://bscscan.com/tx/0xb624ce2252dffe5147e9b79f85828e54fcaa2e3e34ed54ee103705ecb5a329df
2023-03-31 04:54:54,False,1.398e-07,4.399e-10,990318915.0,4.35672,0xde...fa58,https://bscscan.com/tx/0x382a2915ef03ae7dcdfebb969e80df0f19814b1f144d371fc75abe9b9fd4be40
2023-03-31 04:54:48,True,1.406e-07,4.424e-10,461117415.0,2.04,0xec...0165,https://bscscan.com/tx/0x07ba2037f80cb5d365585d45d2cf619c2ba5f24b4e3021c6c59d2deb7aade43c
2023-03-31 04:54:42,True,1.404e-07,4.417e-10,771872432.0,3.41,0x2a...576a,https://bscscan.com/tx/0xc3d8f603f79808c5255936fd8da649b46adb8ad12fd955b183ed9ed93e97a5fd
2023-03-31 04:54:15,False,1.397e-07,4.394e-10,493095988.0,2.16685,0x08...af7e,https://bscscan.com/tx/0x517328bb052ac683e2a1e33daefcfe14f86b8981b96cd2185f54ad770b878f93
2023-03-31 04:54:03,True,1.403e-07,4.414e-10,815439900.0,3.6,0xde...fa58,https://bscscan.com/tx/0x9ae3ef5944931e013e8a4c344561a8f060768295e5ca42e7e3c3e40ba5deacee
2023-03-31 04:53:51,False,1.396e-07,4.391e-10,599821102.0,2.63422,0x2a...576a,https://bscscan.com/tx/0xd215c0a4422885383e97300ed2eda11154101fbe0c9ef04291f0e33721f177ff
2023-03-31 04:53:42,True,1.403e-07,4.413e-10,614007516.0,2.71,0xec...0165,https://bscscan.com/tx/0x598057f821d5b6dc53ed840539be819f1a5bb6e099d8e14bdbc078f60a0618b0
2023-03-31 04:53:18,True,1.393e-07,4.405e-10,1039648755.0,4.58,0x1b...7f6d,https://bscscan.com/tx/0x453bdfa39891dc6c1464b1d2b4a0a54d8de014c17835c201e1209e28650879c3
2023-03-31 04:53:12,False,1.386e-07,4.382e-10,932624817.0,4.08751,0xde...fa58,https://bscscan.com/tx/0x2a05a31bc3b451d19c91b27cffce06da9a4a1c02867f1796238cad08118e7714
2023-03-31 04:52:57,True,1.4e-07,4.403e-10,1249094268.0,5.5,0x2a...576a,https://bscscan.com/tx/0xc11b37f8ea254bf29db7605b9674d2229ed36f21f26add844fda31f6401f3889
2023-03-31 04:52:30,False,1.392e-07,4.38e-10,1137361409.0,4.98238,0x1b...7f6d,https://bscscan.com/tx/0x39216e79e5a1ad069bc72bfecd75eb8589d70fcd3e3f6f53e107dc2b45a5b8a2
2023-03-31 04:52:09,False,1.395e-07,4.388e-10,418543205.0,1.83672,0x2a...576a,https://bscscan.com/tx/0xa91499bf9e3a55b0fc5d5cc0093992c3e79571320b3a8b49c2d43383c1821983
2023-03-31 04:51:57,False,1.389e-07,4.392e-10,316255497.0,1.389,0xde...fa58,https://bscscan.com/tx/0xfd1f9739c008f69d6194de80f6b8ec46baf9955b363c85e6bfa93d70e335cd58
2023-03-31 04:51:48,True,1.403e-07,4.413e-10,407829521.0,1.8,0x08...af7e,https://bscscan.com/tx/0x44eefcf8dc478c39bd6e1db1b8a9239bd7ff96cad60342bbe4387d257aec3244
2023-03-31 04:51:39,True,1.394e-07,4.408e-10,573867496.0,2.53,0x1b...7f6d,https://bscscan.com/tx/0xc0cee4fd12e7dc714594dbe49f0e0810e59c595c42b5d01d5eae9a79184a8d75
2023-03-31 04:50:48,False,1.388e-07,4.388e-10,1038288958.0,4.55703,0x1b...7f6d,https://bscscan.com/tx/0xa6c9dc7713203d73306a84608c523abce99293dbee3cf7d473146f93f8350de5
2023-03-31 04:50:42,False,1.39e-07,4.396e-10,393298219.0,1.72898,0x08...af7e,https://bscscan.com/tx/0x021f02a27e014eaa6705506eab54afcaa5a2e5a32ab22aeac91c37c72549807a
2023-03-31 04:50:15,False,1.391e-07,4.399e-10,288712407.0,1.2702,0xec...0165,https://bscscan.com/tx/0x4a2909f5b7d96f1b969b0d8068b45d0c9d411247c7bc2be903805f8ff842f012
2023-03-31 04:49:54,False,1.393e-07,4.404e-10,649583338.0,2.8609,0x08...af7e,https://bscscan.com/tx/0x417855079463a0e9d7d3eb42818bd826637577813d3f170977a297f5391c3877
2023-03-31 04:49:33,False,1.403e-07,4.412e-10,1034689566.0,4.56573,0x2a...576a,https://bscscan.com/tx/0x398956a99772f24a968c1e04b5fd19c1142041253d67535cf713800704e4b262
2023-03-31 04:49:18,False,1.399e-07,4.422e-10,973919532.0,4.30741,0xec...0165,https://bscscan.com/tx/0xb078ba0da09720e37f63d0ab36d2056595dbcf607151cb98e840a372be1d9efe
2023-03-31 04:49:06,True,1.413e-07,4.444e-10,1073254544.0,4.77,0x1b...7f6d,https://bscscan.com/tx/0x58fe25dc1bd2d9c4f984bf25ec13edfd466bf7077b92fc44f013e1a553e3f5b7
2023-03-31 04:48:36,False,1.405e-07,4.42e-10,646597346.0,2.85801,0x1b...7f6d,https://bscscan.com/tx/0x674ab685cc11362c7dbeb9ade1bd515dad1d8ae5834170e3130ebf79540223a2
2023-03-31 04:48:06,True,1.411e-07,4.438e-10,1414939737.0,6.28,0xde...fa58,https://bscscan.com/tx/0x4b2d55e67ce823c3af378ccd8c959a672a3938c728f7e3bb28af280e83bc5ed3
2023-03-31 04:47:39,True,1.4e-07,4.427e-10,810913699.0,3.59,0xec...0165,https://bscscan.com/tx/0x1e91a8d5cb320f26ff6742ca95e243f81ded09d4e88e4eeea2da1f7ef1d8e99e
2023-03-31 04:47:33,False,1.392e-07,4.402e-10,403302851.0,1.77572,0x1b...7f6d,https://bscscan.com/tx/0x5954b44120b7d9ef94c58b46b2b42199c6b4ef0869cb50cb89d04d772dd5118c
2023-03-31 04:47:24,True,1.398e-07,4.421e-10,1117282608.0,4.94,0x08...af7e,https://bscscan.com/tx/0x45c4665770bf17e93d30df4effe896bbdf5a7a365c8eaa013e6a18b6950d3110
2023-03-31 04:47:15,False,1.389e-07,4.395e-10,353358392.0,1.5532,0xde...fa58,https://bscscan.com/tx/0xda0475ec273108273ba0935831941cca1332594ba9469dd94fe3e72e974b5493
2023-03-31 04:46:48,False,1.399e-07,4.4e-10,720718184.0,3.17182,0xec...0165,https://bscscan.com/tx/0x53bd08df7adff9d8acad20c63fa8a8db4d36af4672322ed06f8bbdf473a392b7
2023-03-31 04:46:36,True,1.406e-07,4.424e-10,510845720.0,2.26,0x1b...7f6d,https://bscscan.com/tx/0xd93e5dd7375cea55f217e44654b4c7278e2372a781b7844b86e8c9fc80ed82c8
2023-03-31 04:46:30,False,1.4e-07,4.404e-10,1057467372.0,4.65781,0x08...af7e,https://bscscan.com/tx/0x33b6332463bac3be01a687b0fce23fe221fcd6db761b23d4a63b81430afce8e9
2023-03-31 04:46:24,False,1.403e-07,4.414e-10,838891346.0,3.70303,0xde...fa58,https://bscscan.com/tx/0xad02647d957133c6195b3ba44ee274b464a2c6a09002da8241b887193671e3f3
2023-03-31 04:46:12,True,1.411e-07,4.438e-10,482185146.0,2.14,0xec...0165,https://bscscan.com/tx/0x99cba647f0029a09529c01a349588c2db342b192b601b31d2cc1359b3a279172
2023-03-31 04:45:45,False,1.403e-07,4.415e-10,345600950.0,1.52592,0xde...fa58,https://bscscan.com/tx/0x944c4f9cd49498854bf809bf810525c0570361b3cd33654e8481d02359f5e895
2023-03-31 04:45:42,True,1.41e-07,4.437e-10,342539434.0,1.52,0x08...af7e,https://bscscan.com/tx/0x16621d2b0131682fa5ebda7e3037a9348bc2256f5fd73f4a4f9991673b34c754
2023-03-31 04:45:33,True,1.401e-07,4.433e-10,442091051.0,1.96,0x2a...576a,https://bscscan.com/tx/0xc3f6d0cdb3a32ece33ba81503eb81d4e242cd3288c2252358484486d1eaa6cc1
2023-03-31 04:45:12,False,1.401e-07,4.41e-10,364641692.0,1.60842,0xec...0165,https://bscscan.com/tx/0x8156601c1753992e07af167277b01c6444b06eb469406d3a57a292d931ce052c
2023-03-31 04:44:42,True,1.408e-07,4.431e-10,638582574.0,2.83,0xde...fa58,https://bscscan.com/tx/0xaeebd793b3a2fbef2ef267ee3ec763661246ae9c948ec7821a6ab8cc09ee0c67
2023-03-31 04:44:09,False,1.4e-07,4.408e-10,391668922.0,1.7266,0xec...0165,https://bscscan.com/tx/0x1c77ecccb405c2110c457d502651444654c11e7233165f525eb9bfdca0625ee3
2023-03-31 04:44:09,True,1.407e-07,4.427e-10,950851728.0,4.21,0x08...af7e,https://bscscan.com/tx/0x4bf710e0d2c1eb17d460ceb36d7050698910915318818fdc24d85f78a3eaeff3
2023-03-31 04:44:00,True,1.404e-07,4.419e-10,656180703.0,2.9,0x1b...7f6d,https://bscscan.com/tx/0xdb2594610f16f237c0337061fe372060433d11325cda79b4669f1b815a0e177c
2023-03-31 04:43:33,True,1.402e-07,4.412e-10,713860102.0,3.15,0xde...fa58,https://bscscan.com/tx/0x8bd27763555e9295796bedcb758c582d098b2e88815962ee56c56c7e7c8bfa42
2023-03-31 04:43:12,False,1.396e-07,4.391e-10,994644052.0,4.36847,0x1b...7f6d,https://bscscan.com/tx/0xaa63af1bd0ad6c7995224425802bb09502bdd2bfc7bf4f4533dc802ca53d3c7d
2023-03-31 04:42:36,True,1.402e-07,4.413e-10,1030850522.0,4.55,0x2a...576a,https://bscscan.com/tx/0x484799b41b8c1376e55e3539451fdcdd9c5bd8f00801b2624b0ab29c05402d18
2023-03-31 04:42:27,True,1.399e-07,4.403e-10,1121951997.0,4.94,0xec...0165,https://bscscan.com/tx/0xd9d7add4f950b27fb419c18892796a9503c1b7fc8c186fd8a29e36bec283132a
2023-03-31 04:42:18,False,1.384e-07,4.378e-10,510417868.0,2.23462,0x08...af7e,https://bscscan.com/tx/0x47a0a5c8ccb9c231fefac574f9c8549238133bdfe89f2c6d5b6e138b2ff5d0ef
2023-03-31 04:42:15,True,1.392e-07,4.402e-10,37351138.0,0.1644,0x43...3809,https://bscscan.com/tx/0x13523bf7ba264b5a8f3c791c1a7445243d3310c49c059d16a4ee266fb68af9f6
2023-03-31 04:42:09,False,1.394e-07,4.385e-10,1121092969.0,4.91683,0xde...fa58,https://bscscan.com/tx/0xd67880bd759342adf00709a1929cd25470d08e9a3d923575b066c4d79d92b03b
2023-03-31 04:41:45,False,1.389e-07,4.393e-10,393271738.0,1.72775,0x2a...576a,https://bscscan.com/tx/0x458c570a1c5a9b9815051280e7044d846e4851e2c273b1e1c73d6cd465864228
2023-03-31 04:41:27,True,1.395e-07,4.412e-10,911002344.0,4.02,0x1b...7f6d,https://bscscan.com/tx/0xf5b6a1ab18aa84877ebd643c08e8bd483b70ab0eea90066c1a97ae292a3a464b
2023-03-31 04:41:18,True,1.393e-07,4.404e-10,678812107.0,2.99,0xde...fa58,https://bscscan.com/tx/0x680067cfc39c9d669d0a74254d26535cab0ab3e9340fe0bc29be5607adbfdd3d
2023-03-31 04:40:27,False,1.386e-07,4.383e-10,835247268.0,3.66134,0xde...fa58,https://bscscan.com/tx/0xdf7ad17de515f9f02250d5fdd222461b4c6299f702ba12062818f3e48b952dff
2023-03-31 04:39:09,False,1.388e-07,4.391e-10,673306076.0,2.95651,0x2a...576a,https://bscscan.com/tx/0xd70b7eb53e766cd8a18e7384a5f7ccf0c234c5e1a88c5e00323661b990adaabb
2023-03-31 04:38:57,True,1.395e-07,4.414e-10,416822269.0,1.84,0x1b...7f6d,https://bscscan.com/tx/0x11cf47637f63fae8749e542ad876bd1e1b460a300d8fd188cc69e78232696a1a
2023-03-31 04:38:45,True,1.401e-07,4.41e-10,408143722.0,1.8,0xde...fa58,https://bscscan.com/tx/0x7fa11ae71d1cb3f5f159a648d8e481fb27ac634cd96d72dee382748d1c0675fb
2023-03-31 04:38:21,True,1.393e-07,4.405e-10,526611322.0,2.32,0x08...af7e,https://bscscan.com/tx/0x9443ebde17fbdac4fb48a6301e15a6ac69332b3049481bac185867bce10d7a89
2023-03-31 04:37:42,False,1.386e-07,4.385e-10,1003108118.0,4.39953,0xec...0165,https://bscscan.com/tx/0x98ef8159446f44739321466924b71439a9c7ac6516fc9563e85d7942cdb91b7f
2023-03-31 04:37:27,False,1.389e-07,4.392e-10,359711978.0,1.5801,0x2a...576a,https://bscscan.com/tx/0xd69d5cd22ac4d046e424de57743fdedbbdfb2afbff78b5ef941d40bea15436a1
2023-03-31 04:37:03,True,1.403e-07,4.414e-10,348828880.0,1.54,0xde...fa58,https://bscscan.com/tx/0xfe16a541e854c476beb95fae435bf654dbec02dfdaf974838a5057c23c84e77c
2023-03-31 04:36:39,True,1.394e-07,4.409e-10,771123710.0,3.4,0xec...0165,https://bscscan.com/tx/0xa759f62d001c79842b9ae0f9ddf8ef4903914be578c850d479a0bb62d465bb8f
2023-03-31 04:36:24,False,1.387e-07,4.387e-10,873575938.0,3.83294,0x1b...7f6d,https://bscscan.com/tx/0xf58e6577a7ad71955123be616da3287c0ae891ae3fb95897cd65858c29fc03ca
2023-03-31 04:35:57,True,1.402e-07,4.411e-10,419318387.0,1.85,0xde...fa58,https://bscscan.com/tx/0x37684788deed2954dc8b3aca0ef2fa24d9d07e57c5ef3c0de50a334880f9bf00
2023-03-31 04:35:42,False,1.395e-07,4.39e-10,527099988.0,2.31419,0x1b...7f6d,https://bscscan.com/tx/0x7c5f41bf77fcc8668dc08981e0bc7980964c836096871c6b6ecf965bebad89f3
2023-03-31 04:35:33,False,1.396e-07,4.394e-10,300565609.0,1.32085,0xec...0165,https://bscscan.com/tx/0x0edc2834cedd77515082d0212dc44ab4458a73441a3599b0b583e0024a14292c
2023-03-31 04:34:48,True,1.402e-07,4.414e-10,799711881.0,3.53,0x2a...576a,https://bscscan.com/tx/0x472a5350316374560cbe5d87fa43c604ba9570cb07c3287206e29dff4f4508c9
2023-03-31 04:34:45,False,1.395e-07,4.391e-10,780188392.0,3.42655,0x08...af7e,https://bscscan.com/tx/0x8b5f90f0cad210ca9868208a4be071dff2310c402fcfe2e014f0fab5d7293e94
2023-03-31 04:34:42,False,1.397e-07,4.397e-10,338852720.0,1.49011,0xec...0165,https://bscscan.com/tx/0xc02eb684255300efb70c07f4a2a5aa7c234b764db2ac8a65e69d225b9a564c40
2023-03-31 04:33:57,True,1.403e-07,4.418e-10,622430659.0,2.75,0x2a...576a,https://bscscan.com/tx/0x348c4033dfc43ccd7d6ff1da2835b0560551318c977b504b5aed32736dccae7b
2023-03-31 04:33:54,False,1.396e-07,4.395e-10,445802024.0,1.9594,0x08...af7e,https://bscscan.com/tx/0x451d30ace1a6eaf18999815379a472a9f49e57e3647aaffd8024a99dd3cdd539
2023-03-31 04:33:39,False,1.399e-07,4.403e-10,1198274769.0,5.27653,0xde...fa58,https://bscscan.com/tx/0x2d6f74dfc2b1eff8af828329c6020955bcd14cd7dab7983ed04393ed2b16fdb3
2023-03-31 04:33:06,True,1.399e-07,4.425e-10,1107102407.0,4.9,0x08...af7e,https://bscscan.com/tx/0xb4c5a5d14852127b8416e01e2bb37c953d9a0a307ac5a2fb7105366ef4b1cb89
2023-03-31 04:32:48,True,1.396e-07,4.415e-10,1028261110.0,4.54,0xde...fa58,https://bscscan.com/tx/0x97e5fa2a39a30dcbaacbee892add59a9eade12f537d4a43ce0d4cc3e59cdc9a7
2023-03-31 04:32:30,False,1.388e-07,4.392e-10,880187498.0,3.86616,0x2a...576a,https://bscscan.com/tx/0xfbc6eff36999aa331ed2c86e2cc94f062eb45ae2f2aa655cc32933a99fee4337
2023-03-31 04:32:18,True,1.396e-07,4.415e-10,654499133.0,2.89,0x1b...7f6d,https://bscscan.com/tx/0x1c1a8518ea1798f29d5e64f56894ff7eeda9718cf776278ab61a7da4b44d2931
2023-03-31 04:31:57,False,1.389e-07,4.394e-10,870210789.0,3.82424,0xde...fa58,https://bscscan.com/tx/0xd75187f52d47f9570add85fe3384a39feb6e8afb9e9ff6bee64a4dcee3074513
2023-03-31 04:31:36,False,1.398e-07,4.399e-10,71858334.0,0.3161,0xc6...b22e,https://bscscan.com/tx/0xc8fb5053342b85626af99faf1788c9b68627540e81e818847ae07977bdba41d9
2023-03-31 04:31:06,True,1.396e-07,4.415e-10,1331807956.0,5.88,0xde...fa58,https://bscscan.com/tx/0xecc3d5bccbc5d9f6e1fe5524022a016f5ad90528483ffa12aa707dcfa1b1b279
2023-03-31 04:30:33,False,1.388e-07,4.39e-10,773818462.0,3.39723,0x08...af7e,https://bscscan.com/tx/0xf6016f22518a447abcf91e70745c71234fb5cdbd678ef6bb0dc64547b5e25c75
2023-03-31 04:30:30,True,1.395e-07,4.411e-10,943015164.0,4.16,0x2a...576a,https://bscscan.com/tx/0x59d5d1bbeabf75911057b443cd83d2008fe0070ab6752340178452cf7aaddd6d
2023-03-31 04:30:27,True,1.392e-07,4.402e-10,797244617.0,3.51,0x1b...7f6d,https://bscscan.com/tx/0xf5bfe94ee6e187aec00e5200f4594085512e9f806c33146da1e214a28c93ed48
2023-03-31 04:30:24,True,1.389e-07,4.394e-10,832855408.0,3.66,0xec...0165,https://bscscan.com/tx/0xccd20d81a8323e3b9cbb804418d7da5cd94e6027a9f9ce6b5302e65a5d64525a
2023-03-31 04:30:15,False,1.382e-07,4.373e-10,958481069.0,4.19163,0xde...fa58,https://bscscan.com/tx/0x4c120691eec6243086028371a59ef05fe9c79bdc251474003512bdfccc185638
2023-03-31 04:29:42,False,1.392e-07,4.38e-10,611831675.0,2.68042,0x08...af7e,https://bscscan.com/tx/0x8b6b49f2297663b74cd8585b8714303a7893ac81665c93da6593fe59ee03b026
2023-03-31 04:29:36,False,1.387e-07,4.388e-10,965571261.0,4.23773,0x2a...576a,https://bscscan.com/tx/0xb0bb4a1e1ffdf6feaf954f3350d29be8a05bcadd69db9ee292c4a9094a25ac1e
2023-03-31 04:28:54,True,1.402e-07,4.412e-10,550656376.0,2.43,0x08...af7e,https://bscscan.com/tx/0x3ccff5ee3255b0be0a1706227f9f6e37c4add3ad5170c9c8843a1a5cceb9dc93
2023-03-31 04:28:33,True,1.393e-07,4.407e-10,433304995.0,1.91,0xde...fa58,https://bscscan.com/tx/0x9bcaf443c44a91bef594d4f0c01b70f20483dafd201016073dc232f496326270
2023-03-31 04:28:00,False,1.395e-07,4.389e-10,1174457360.0,5.15547,0x1b...7f6d,https://bscscan.com/tx/0x6aac7652240c4110a576cd418655e81fa167d7e4dfa0f20562a91cee06fa3d8c
2023-03-31 04:27:12,True,1.402e-07,4.413e-10,906410583.0,4.0,0x2a...576a,https://bscscan.com/tx/0xfcd12ded93bcf04ef85f93a9a8c005e3e2355437ccede59038625d54b966673d
2023-03-31 04:27:09,False,1.395e-07,4.39e-10,900777053.0,3.95526,0xde...fa58,https://bscscan.com/tx/0xd3000658a42d844c3faaacb52a1d209ba38f04b8910b9df6412387d45cf31c71
2023-03-31 04:27:06,True,1.395e-07,4.414e-10,638836266.0,2.82,0x1b...7f6d,https://bscscan.com/tx/0x169ce7b21711e49d7cdcc2bfb6db0d0aa2e8232efa2af93d31f1430473783407
2023-03-31 04:26:42,False,1.395e-07,4.391e-10,426570222.0,1.87314,0x08...af7e,https://bscscan.com/tx/0xcae9f27d79d21b763f3f3fc461c495b5a9b3de6b563cac5917b9281f6d425cbe
2023-03-31 04:26:12,False,1.396e-07,4.395e-10,390007941.0,1.71418,0x2a...576a,https://bscscan.com/tx/0xd8d9ae519cbc496a73725c505edb76b045d35b8c7460102fd4cb4b8ac019a448
2023-03-31 04:25:30,True,1.403e-07,4.417e-10,362201229.0,1.6,0x08...af7e,https://bscscan.com/tx/0xfedb9e7d6601aed30efd605599b88466600ff444707260921b2bcccc5d82f456
2023-03-31 04:25:24,True,1.394e-07,4.41e-10,1054345870.0,4.65,0xde...fa58,https://bscscan.com/tx/0xc293e8f10db05437e86372fb43cd0d20c08e8d8c6337f79fa59888068b75b1a8
2023-03-31 04:25:15,False,1.387e-07,4.386e-10,711775702.0,3.12227,0xec...0165,https://bscscan.com/tx/0x4c86a4ba75b7c2f534b96befd8af284a5b12a44e3de7b84281e4e773e4951971
2023-03-31 04:24:33,False,1.396e-07,4.393e-10,637988285.0,2.80288,0x2a...576a,https://bscscan.com/tx/0x8b722e137c67eb6792b48f2b7d5aadc4785fc4631c058c3a811d11e79d3ab8ca
2023-03-31 04:23:36,True,1.395e-07,4.413e-10,908476850.0,4.01,0x2a...576a,https://bscscan.com/tx/0xd752abcd686fd83067d3afcd486fa4db4d1c4a745692cd0c936a7857716f5841
2023-03-31 04:23:27,False,1.389e-07,4.393e-10,1125132259.0,4.94273,0xde...fa58,https://bscscan.com/tx/0x8bbe343932ccbffc065d5e99a8e55b81fc3eaf76f0c71aad8a298f560cc1fe28
2023-03-31 04:23:03,False,1.391e-07,4.401e-10,508015722.0,2.23586,0x1b...7f6d,https://bscscan.com/tx/0x6522d58cb317a41803b824cf700be96441c029c6f74aafc694921ccea1efdff6
2023-03-31 04:23:00,True,1.398e-07,4.421e-10,868497423.0,3.84,0x08...af7e,https://bscscan.com/tx/0xcee3993bde4e89145e5d8da3363e28420e544d1909dcae4506b22f6aadf7580b
2023-03-31 04:22:42,False,1.397e-07,4.397e-10,434858758.0,1.91215,0x2a...576a,https://bscscan.com/tx/0xf2304c389fdb89929734e85520b8939040bb602773ee741f349c1f287e44f864
2023-03-31 04:22:00,True,1.404e-07,4.418e-10,561263566.0,2.48,0x1b...7f6d,https://bscscan.com/tx/0x07438f44c101fdb0161e9ccd0437f51cf819e9c2e92e6e85cd576162ec7a4af7
2023-03-31 04:21:54,False,1.397e-07,4.396e-10,570118627.0,2.50657,0x2a...576a,https://bscscan.com/tx/0xe6e88562738d0d6eab809bd517c11e131ef7de2317012e28920afe561794fc4f
2023-03-31 04:21:45,True,1.396e-07,4.416e-10,907870023.0,4.01,0xde...fa58,https://bscscan.com/tx/0x7bbbd81e6674ddd2dfe20d984e9b8f158005ed027b0b7e09d4e3d493b1625e48
2023-03-31 04:21:06,False,1.395e-07,4.391e-10,294093847.0,1.2916,0xec...0165,https://bscscan.com/tx/0x7ae3a060d8d37cbe3ec9a1a500367c2b2f8bbce23c7d24ad9ac9e9a508c235b1
2023-03-31 04:20:57,True,1.401e-07,4.412e-10,657295554.0,2.9,0xde...fa58,https://bscscan.com/tx/0x74f9dedb606130ee2771cbbaec9e16b6b5f3448d63b74264111c3c1e0c7e4a0f
2023-03-31 04:20:18,False,1.387e-07,4.388e-10,296619242.0,1.30162,0x2a...576a,https://bscscan.com/tx/0x3a07765263690f11d2c4ef8f440ac74457ee74e92e71d334840cd193923e5fb5
2023-03-31 04:19:21,True,1.399e-07,4.405e-10,1232547758.0,5.43,0x2a...576a,https://bscscan.com/tx/0x3401fc856bb088e741ffdaa061a7915f1b04f1f1012078675a2d41064f5fa3de
