datetime,buy_order,price_USD,price_native,amount_token,total_native,maker,etherscan_url
2023-03-20 20:48:25,True,1.788e-07,5.304e-10,2933487.0,0.0155,0x17...10a5,https://bscscan.com/tx/0x66147fd38d802f8609870a1e79e8ef85d9c35443d772462fef6abbd55ad80317
2023-03-20 20:46:55,False,1.773e-07,5.28e-10,359951543.0,1.90078,0xde...fa58,https://bscscan.com/tx/0x3f6fe1817cd68d77097bed1688b6be0e18d056b9dd81b8aca5a51386d49fe1ad
2023-03-20 20:45:10,True,1.783e-07,5.309e-10,7000000.0,0.0371,0xe5...745d,https://bscscan.com/tx/0x339559a1255ea421492c80d1fcd872acf3163656e31835cd669c5a05174a3a65
2023-03-20 20:44:58,False,1.775e-07,5.283e-10,7730442.0,0.0408,0x53...c3e4,https://bscscan.com/tx/0x9f9bcf9edb530a173ff0e2b9b94557551c84ca1810e6b27adbbb079d84ed7591
2023-03-20 20:34:46,False,1.783e-07,5.285e-10,407882687.0,2.15598,0xde...fa58,https://bscscan.com/tx/0xf44248e6bcec35e2fbedfa1da1d8317bfcaff34ce200fda045ed6ef9b3ab8117
2023-03-20 20:28:41,True,1.782e-07,5.308e-10,1026725264.0,5.45,0xde...fa58,https://bscscan.com/tx/0xb8d932914f9c85295c9b146e568924a8a0eff240757b96602ad3cc8375f7dfd3
2023-03-20 20:25:36,False,1.782e-07,5.281e-10,1008759719.0,5.32778,0xde...fa58,https://bscscan.com/tx/0xb6a6a88845bcbcfab8bba21a78104f7e2cfec31933c6b96a8f856aac517a442f
2023-03-20 20:22:05,False,1.783e-07,5.285e-10,351093.0,0.0018,0x24...b9d0,https://bscscan.com/tx/0x58cbcc174190d553be1085c9fe94e6a263b26e609cf67f26907b0a6441a6c52c
2023-03-20 20:19:32,True,1.791e-07,5.308e-10,953213079.0,5.06,0xde...fa58,https://bscscan.com/tx/0x25cec9ed301ae5d6bdc6ac1d2b5e743da702145c065e68541248d5c47c599b3e
2023-03-20 20:16:14,False,1.778e-07,5.275e-10,13005894.0,0.0686,0x86...ae0a,https://bscscan.com/tx/0xedd6de269f6ed8a3d2696cfe7a5f8c39b33d9174e0af12305a06adfab1574e38
2023-03-20 20:08:17,True,1.788e-07,5.301e-10,37722329.0,0.2,0x8f...cc85,https://bscscan.com/tx/0xae969fba00ad79800260bd0409944ce96c04e3c34c44c20b4acf37b66726181c
2023-03-20 19:58:14,False,1.782e-07,5.279e-10,670207798.0,3.53845,0xde...fa58,https://bscscan.com/tx/0xd103023534d432524e2d8be9804ef4bf4a3089dc8853fde6961b73015ebc6c9c
2023-03-20 19:55:11,True,1.8e-07,5.308e-10,320243521.0,1.7,0xde...fa58,https://bscscan.com/tx/0x3666d63a4703d845f70ef6b87b0fdff6123bed27ba4c31ea261e78feb5d8c11c
2023-03-20 19:51:35,False,1.791e-07,5.279e-10,2985795.0,0.0157,0xbe...8c72,https://bscscan.com/tx/0x39fd78affc7e20c2643709f6eb00ecd2c2c3da4d218a848e2699e1dd28cfd242
2023-03-20 19:51:14,False,1.782e-07,5.28e-10,130982907.0,0.6916,0x0f...f4a8,https://bscscan.com/tx/0x53d25c2e98314b668a631d6e7d5e403208c58b0d95f05bd5a584d95786259308
2023-03-20 19:47:20,True,1.791e-07,5.307e-10,37680010.0,0.2,0x25...49d6,https://bscscan.com/tx/0x9825d5183b60dcec102aef6b2365e4ffffd405d851f2f13aae22640d70ba41cd
2023-03-20 19:47:02,True,1.8e-07,5.307e-10,5557856.0,0.0295,0x04...3f34,https://bscscan.com/tx/0xf45c792bfdc4883fa901c59c0a998fce781a2d3e7d4dc7f400ff0c8608f97ba5
2023-03-20 19:46:14,False,1.792e-07,5.285e-10,598037960.0,3.16064,0xde...fa58,https://bscscan.com/tx/0x3e6b166303bcb2c03e308aae733e1b05898fbae085cc02e8a95fb35f3683b40d
2023-03-20 19:45:23,False,1.801e-07,5.31e-10,3276890732.0,17.4035,0x98...2969,https://bscscan.com/tx/0xade047e1d5d517d03913cf5e7e77006a840881ac80a9a702a73fd6cd81ba6372
2023-03-20 19:29:04,False,1.804e-07,5.333e-10,1683932.0,0.0089,0xd9...331d,https://bscscan.com/tx/0xc6ea97e99c16daa891a86ba6f9e91ac93b8e7f96f5a9cea8b716ff1ac7aef675
2023-03-20 19:24:46,True,1.811e-07,5.355e-10,698408971.0,3.74,0xde...fa58,https://bscscan.com/tx/0x10eec2fe980675c5660671525e0441b88b786d7b9767a32264c279fe218c45b7
2023-03-20 19:21:13,False,1.791e-07,5.326e-10,423188050.0,2.25408,0x05...7066,https://bscscan.com/tx/0xd0c50565293eb6f5273dc43af2c189836fe5bdb13279cadbf8e59ed375bf1a97
2023-03-20 19:18:52,True,1.8e-07,5.355e-10,8980643.0,0.0481,0x17...5050,https://bscscan.com/tx/0xf49ba2a0a9d25fa8848afc2e1d38a8b926f67cc246a73ed0a14ad9864362fe26
2023-03-20 19:08:49,True,1.795e-07,5.353e-10,290006865.0,1.55268,0x4a...e679,https://bscscan.com/tx/0xe81334a3a9749856f5f6fb12ac9c0932d8e003771491eb0554884f6cedd4a8d9
2023-03-20 19:02:10,False,1.798e-07,5.327e-10,406046985.0,2.16341,0x05...7066,https://bscscan.com/tx/0x7864f277e242d4d33aa14d4f0631682534a510c7a28b0a7f48ccedc8d68e3e75
2023-03-20 18:58:13,False,1.795e-07,5.333e-10,429932142.0,2.2931,0x05...7066,https://bscscan.com/tx/0xc6cd10a8580a36b42c2e53814a155dce9c1f2533014a2383448632278e170c26
2023-03-20 18:41:07,True,1.805e-07,5.363e-10,5512338.0,0.0295,0x13...046f,https://bscscan.com/tx/0x253f786b7abe12be401407a52501d9e386deaaf53343dd0c7bad6e9ea4ca049c
2023-03-20 18:34:49,True,1.804e-07,5.362e-10,55096844.0,0.2954,0xf8...4747,https://bscscan.com/tx/0x184b744d132164bbb2dcc1f792f9760a463def596643255458dbcecf8afc10b6
2023-03-20 18:30:13,False,1.793e-07,5.336e-10,84560343.0,0.4512,0xde...5841,https://bscscan.com/tx/0xe1c497cc74996e35c6f8387633d6df2d6aa34d5677d33463136ac2efdf29ff8f
2023-03-20 18:27:43,True,1.81e-07,5.363e-10,10000000.0,0.0536,0xd0...20d7,https://bscscan.com/tx/0x34a091db96f8bdd2a508f6fc026d99efc7a864e90338891772d813176599bc31
2023-03-20 18:21:46,False,1.801e-07,5.339e-10,389359483.0,2.07893,0x05...7066,https://bscscan.com/tx/0x78175c019f199b2d98e344c2771258cb09eff2bc5a4a11ede186d1c41945f82b
2023-03-20 18:20:34,True,1.811e-07,5.368e-10,27940244.0,0.15,0x42...39aa,https://bscscan.com/tx/0xb244011536d771964a606fef0fe64f2a2e9f5cbd618641a673ad1dbe4b8f8333
2023-03-20 18:13:46,False,1.792e-07,5.341e-10,1269149.0,0.0067,0x03...8576,https://bscscan.com/tx/0xd2deec48ee2430c3bebc734df53098b0178a25078065e75332539c05704f37fb
2023-03-20 18:12:31,True,1.81e-07,5.368e-10,1676472.0,0.009,0x03...8576,https://bscscan.com/tx/0x3e704c0fd39d5f7b844b22787d3831ca09fe6f86590e7f93b555feb2cbf79325
2023-03-20 18:11:25,True,1.8e-07,5.368e-10,3428853.0,0.0184,0x5c...be78,https://bscscan.com/tx/0xda98fc260c73d43d9fffc8d77f31a724b438a3140fe3e2a7850ba7b75ea300d2
2023-03-20 18:03:25,False,1.785e-07,5.341e-10,26124245.0,0.1395,0x6f...5c7b,https://bscscan.com/tx/0xb3697bdd10b0ac60389784f8f50126ab1e893eeddc5671653cf9617135c8cb53
2023-03-20 17:51:55,True,1.809e-07,5.368e-10,5345823.0,0.0287,0x13...046f,https://bscscan.com/tx/0xb3824c9443e87e1f58e44a7bf952a1445bdb28ea20c8e5f5cd5efe98b1625e24
2023-03-20 17:49:07,True,1.808e-07,5.368e-10,67061809.0,0.36,0x05...acf2,https://bscscan.com/tx/0xb2a90406a5064a9dd614fb0ef0cf9869c8266a787fd8a53d6c0e057692c2b197
2023-03-20 17:46:40,False,1.805e-07,5.348e-10,1140434264.0,6.0998,0x2a...576a,https://bscscan.com/tx/0x72b101c800d01713e957d66c4863c8f6f2a2ee5872c328a642f4d601a4872306
2023-03-20 17:45:34,False,1.807e-07,5.356e-10,23593108.0,0.1263,0xcb...6b1d,https://bscscan.com/tx/0xb31a96ab24a71ecd20f23fb58ea1dc27fc5a173490d7406ec911c1dcbdf811b0
2023-03-20 17:42:19,True,1.805e-07,5.38e-10,399564207.0,2.15,0xec...0165,https://bscscan.com/tx/0x43afe2d1c202a674a24baacbf9c7fcf1057222192862065d107719e70f00d04e
2023-03-20 17:37:07,True,1.802e-07,5.371e-10,908428401.0,4.88,0x2a...576a,https://bscscan.com/tx/0x62377c4d86369efbf8e3fabbb701918159222f7f8d3433eb8b8731b06c7f1b5f
2023-03-20 17:35:28,True,1.805e-07,5.359e-10,895586751.0,4.8,0x08...af7e,https://bscscan.com/tx/0x209932f156b9e476251d614b3629bac2ba61fc1d557591eea697cd0e9fe5db06
2023-03-20 17:32:23,False,1.787e-07,5.331e-10,653662646.0,3.48482,0x08...af7e,https://bscscan.com/tx/0xb3d4097d17ac51dd3d0714527b483df63b953ecd174126453a042be23eeb2a97
2023-03-20 17:31:31,True,1.804e-07,5.36e-10,328348191.0,1.76,0x1b...7f6d,https://bscscan.com/tx/0xd3689e915fa4d1b330012c901f508188fba44614e3830693fb1c50a44764621b
2023-03-20 17:31:25,True,1.803e-07,5.357e-10,3411108.0,0.0182,0x32...9e0c,https://bscscan.com/tx/0xe46a98b98e7cd0efeb1aafaa211e119c6806c16468fc1b25f9875fd915c1a3cf
2023-03-20 17:30:30,False,1.794e-07,5.331e-10,7508128.0,0.04,0x73...5697,https://bscscan.com/tx/0x62861ac25d82d3dbfdf9917f451fcc03de4031292d6e3450edeb157702b3996b
2023-03-20 17:29:45,True,1.802e-07,5.354e-10,466870090.0,2.5,0xec...0165,https://bscscan.com/tx/0x2a58559aa4b80f7bc18ee5f5ad1bee68ea2e36bf4db914a710e04c5e1c784941
2023-03-20 17:29:33,False,1.792e-07,5.325e-10,18982126.0,0.101,0x7e...51d4,https://bscscan.com/tx/0xcd68bfab28ca6ea90cc28987e734deb89c34e96759f3fb6ebc7c6cec8e7f9c8e
2023-03-20 17:29:18,True,1.8e-07,5.347e-10,639545007.0,3.42,0x08...af7e,https://bscscan.com/tx/0x7a699bd23b2d4178d8599eaa35060016a747d344f9b1c20006d7776a4e93b94b
2023-03-20 17:28:18,False,1.782e-07,5.318e-10,291964525.0,1.55281,0xde...fa58,https://bscscan.com/tx/0xf0e8e3cfc66c48fdafb945b9fcb2c37ca708e99a56ddf85337228902a040ce1d
2023-03-20 17:26:57,True,1.792e-07,5.347e-10,11087973.0,0.0592,0x3d...9ef3,https://bscscan.com/tx/0x8aec5501994ea5b8d673f063c80730a4f382eaf0202e80f4d37840c81e547e00
2023-03-20 17:26:12,False,1.795e-07,5.324e-10,692741968.0,3.68884,0x08...af7e,https://bscscan.com/tx/0xc9e301f23ffc7fb98b2bd1963183e11486394e3747d49f2fce7b6b0192e05189
2023-03-20 17:25:27,False,1.788e-07,5.333e-10,572192181.0,3.0518,0x1b...7f6d,https://bscscan.com/tx/0x59b9e6c7e5a7ac5faabfcedd28107b00e758156dbc6546abb40a3da1312a7916
2023-03-20 17:24:27,False,1.8e-07,5.341e-10,658505559.0,3.51764,0x2a...576a,https://bscscan.com/tx/0xf4d0970ef4426286eb1492877a9c53de371ed72555dd1e305b4334f5c4050aca
2023-03-20 17:22:16,True,1.809e-07,5.369e-10,486050041.0,2.61,0xde...fa58,https://bscscan.com/tx/0x4dc25f743b42883662e9ed5aa3446c85ee178c437a9c04b2fd4fd3c4c3ec2c07
2023-03-20 17:20:01,True,1.801e-07,5.363e-10,497845686.0,2.67,0x08...af7e,https://bscscan.com/tx/0xf25c4cb073cf5d4af8857538a5fc67dba0966eb265a33475eab0ac8fc59a6854
2023-03-20 17:19:23,False,1.802e-07,5.335e-10,403788863.0,2.15449,0x1b...7f6d,https://bscscan.com/tx/0xe5bfca642c1b7f45cdf6542f1128390e7fd4bea4d22190ae80b305f3f38622c6
2023-03-20 17:17:42,False,1.794e-07,5.338e-10,3435743.0,0.0183,0x53...c3e4,https://bscscan.com/tx/0x1ff2ee00c635de341ed2f8e4f8bbd15224a813f4bd1a2c939a7db695f8837549
2023-03-20 17:17:12,False,1.795e-07,5.34e-10,351248160.0,1.87596,0xec...0165,https://bscscan.com/tx/0x6f64f40bfb336797a37c7e96730d5f0dfe8fe464948c4db82e6503d47ee20079
2023-03-20 17:16:57,False,1.807e-07,5.348e-10,839699322.0,4.49149,0x08...af7e,https://bscscan.com/tx/0x28648598aa91092821d312f3e56d54d1204943d29d9e502ff893d8573c9dee08
2023-03-20 17:14:03,False,1.811e-07,5.357e-10,367375601.0,1.96807,0xec...0165,https://bscscan.com/tx/0x5393bb43839cb395e1293dd052c45043f0173cb410543586a944fcb3bd70e871
2023-03-20 17:11:33,False,1.805e-07,5.359e-10,25854822.0,0.1385,0x05...7066,https://bscscan.com/tx/0x728753f9ec8f2f31e1a45ed7da29439b465c3cadbb1ac1e99750fe32317a4553
2023-03-20 17:10:45,True,1.813e-07,5.383e-10,432772133.0,2.33,0x08...af7e,https://bscscan.com/tx/0x20574d3636bcbb54009b6ce7a7382b96d63f131e3facd71fdfb3bf64c938eda0
2023-03-20 17:10:12,True,1.812e-07,5.377e-10,531866369.0,2.86,0x1b...7f6d,https://bscscan.com/tx/0x244e61814ef4e49fe2d43a1aba3d864ec3ce2ac69383d8eb109b8b13974204ad
2023-03-20 17:09:33,False,1.803e-07,5.349e-10,390847153.0,2.09083,0x05...7066,https://bscscan.com/tx/0xaeed973e0dac4df1a09656e1e6b1f39eb6882a729d70401c289bc3f3ed89aca9
2023-03-20 17:08:19,True,1.823e-07,5.378e-10,4000000.0,0.0215,0x36...4f53,https://bscscan.com/tx/0x7eadfdf8b5312bdb75881e564b2bb730ee97edf65ef4f7f189377013f9c7c55a
2023-03-20 17:07:42,True,1.812e-07,5.374e-10,666123934.0,3.58,0x08...af7e,https://bscscan.com/tx/0x0fcca88884b8626d571cbe99adc1eca137d2af3939a0a265471616d9fa90bb14
2023-03-20 17:05:25,True,1.808e-07,5.367e-10,298074049.0,1.6,0x2a...576a,https://bscscan.com/tx/0xa3249d25d08e770b20e5314b79bcccfa93f8ece399c9823322df23ad0b57ad1e
2023-03-20 17:03:58,False,1.809e-07,5.344e-10,877192634.0,4.68852,0xde...fa58,https://bscscan.com/tx/0x7915c2e3cec331bc3f281a2b914046317f7df77dd97514e37cbdf5e7ae10a96c
2023-03-20 17:02:13,False,1.814e-07,5.354e-10,584186826.0,3.12822,0x2a...576a,https://bscscan.com/tx/0x676d1ff448661049524d964283f7567a593f04e3fb8ea66e8f1b2936fc29b97a
2023-03-20 17:01:28,False,1.817e-07,5.365e-10,939467910.0,5.04044,0x08...af7e,https://bscscan.com/tx/0xb154c6adc267088146676b600a56e1dfbe21a73df1b6990e039010a9fec1ab76
2023-03-20 17:00:37,True,1.829e-07,5.398e-10,200000.0,0.001,0x75...3c98,https://bscscan.com/tx/0x412d657313c9118439b13fcc218310c321cc670094abe0e582cb5dd3dfa4ab05
2023-03-20 16:59:07,False,1.821e-07,5.374e-10,369081208.0,1.98349,0x05...7066,https://bscscan.com/tx/0xb47086448ca2ed154abc68ac53e9625004e28698077fca422fcc45a3e5803bd4
2023-03-20 16:58:25,True,1.829e-07,5.399e-10,550015712.0,2.97,0x08...af7e,https://bscscan.com/tx/0xc76d084d223b17c0a1bff66a63830690fb56648ff96d5bad160daad3786fbdcf
2023-03-20 16:57:58,True,1.825e-07,5.389e-10,975998118.0,5.26,0xde...fa58,https://bscscan.com/tx/0x60b17c333c8235f220d1c8c0f12933f224cdff60e4abe745d71f314b348822c4
2023-03-20 16:55:55,True,1.811e-07,5.379e-10,394054459.0,2.12,0x2a...576a,https://bscscan.com/tx/0xee5f07980aefd7478a4a65b1b1e6e331d4477ab7f714b9170808dd41703cd71a
2023-03-20 16:55:19,False,1.803e-07,5.354e-10,566604075.0,3.03375,0x08...af7e,https://bscscan.com/tx/0x22e3987245a3a423c4a5f6c8f97f5ba38db10dc37e96896be6851d6291d0c384
2023-03-20 16:54:52,False,1.805e-07,5.36e-10,293982482.0,1.57578,0xde...fa58,https://bscscan.com/tx/0x00310fcf8c5c9e5bb63aaf15ddd462c57ed53cec4e7ac939b9054561e34ee184
2023-03-20 16:52:46,True,1.814e-07,5.389e-10,501893.0,0.0027,0x78...4a58,https://bscscan.com/tx/0xd282e27997b4b074870c157d97a1ae8659eaf78637047ba73785bd6d44bbf259
2023-03-20 16:52:46,True,1.814e-07,5.387e-10,199804331.0,1.07648,0x78...4a58,https://bscscan.com/tx/0xd282e27997b4b074870c157d97a1ae8659eaf78637047ba73785bd6d44bbf259
2023-03-20 16:52:14,True,1.821e-07,5.382e-10,574098695.0,3.09,0x08...af7e,https://bscscan.com/tx/0x205e9485d8c87a28c12b64c839426e51c031b799313c43318e6ff9e8247c2884
2023-03-20 16:52:05,True,1.809e-07,5.374e-10,545147586.0,2.93,0xec...0165,https://bscscan.com/tx/0x30f04ec310edd335c7da355928ad3d722009d3d2f0c944d2192e3fce09876d74
2023-03-20 16:51:59,False,1.8e-07,5.346e-10,325219357.0,1.73874,0x1b...7f6d,https://bscscan.com/tx/0x5a974370f878a5fe021312f1be08da8708a4a61e30d9bb757759915519e6ba17
2023-03-20 16:51:50,False,1.812e-07,5.352e-10,544110958.0,2.91222,0xde...fa58,https://bscscan.com/tx/0xc77d03ba61890ff010dd0d61fc18bd2a8c78d27529ed369c0aa624bdd925cc06
2023-03-20 16:48:12,False,1.813e-07,5.358e-10,430943654.0,2.30938,0x05...7066,https://bscscan.com/tx/0xf984204bcf25a68d2e792a9de1184717010640d236f5302eaf602735ec835e8d
2023-03-20 16:45:52,True,1.813e-07,5.384e-10,635172129.0,3.42,0x1b...7f6d,https://bscscan.com/tx/0x7d0d9bb09f05e72a0732cf24d5afb86bfd8e5f2654b331f27d8f620b5b0461dc
2023-03-20 16:45:43,True,1.811e-07,5.376e-10,479845189.0,2.58,0xde...fa58,https://bscscan.com/tx/0x44d76c7add7843aaa569b01698c9acc93c19cf2015026fd9e7a33b2b706449da
2023-03-20 16:42:50,False,1.801e-07,5.348e-10,306079035.0,1.63713,0x1b...7f6d,https://bscscan.com/tx/0xbf30bce1b440f4248558cd952a58ed01c6b4bd14c3a7d037d4cab2fb505f3934
2023-03-20 16:40:03,True,1.818e-07,5.373e-10,675599129.0,3.63,0x2a...576a,https://bscscan.com/tx/0x0edaab33843c02756940d22372abdbb0ec820ed8f036472cca9655a6040a6254
2023-03-20 16:39:51,False,1.799e-07,5.345e-10,535980256.0,2.86494,0x08...af7e,https://bscscan.com/tx/0x4703d79d67f439abf69366821ac2056a58584aff4579f2c299d296f7cb2b3e23
2023-03-20 16:39:36,False,1.802e-07,5.354e-10,776214171.0,4.15596,0xec...0165,https://bscscan.com/tx/0x35327a1809ad515e42cc91b21146c2224b9de4a83256b6efe9e93b1ba907b4ff
2023-03-20 16:36:53,False,1.807e-07,5.363e-10,650955256.0,3.49163,0x2a...576a,https://bscscan.com/tx/0xf8d3b794f2c006749ce882adfe16da82ade91e8f4319a25469de0994782cb865
2023-03-20 16:36:44,True,1.817e-07,5.391e-10,550873696.0,2.97,0x1b...7f6d,https://bscscan.com/tx/0xe6bb1050bb24168a24f0357233e1cfa54dd5dbf3ca6a1b65138b8d267cc76aa3
2023-03-20 16:36:14,False,1.807e-07,5.363e-10,357769687.0,1.91879,0x05...7066,https://bscscan.com/tx/0xfacf0e09e993fc15c52206b0cfd0bd4a65e2951dbfd8c5057955e0de27e0406b
2023-03-20 16:33:41,False,1.818e-07,5.367e-10,271374304.0,1.4566,0x1b...7f6d,https://bscscan.com/tx/0xaec02c9c282f7ae83dd3aa9ec6387ae098d1c9ec827ec8eca4b0426e32ca530f
2023-03-20 16:33:14,True,1.825e-07,5.39e-10,888655108.0,4.79,0xec...0165,https://bscscan.com/tx/0xb2644a577778d6cd67c4ce91fc55d56c1338b96944cc39c1b9905e1e2bbc2275
2023-03-20 16:30:35,True,1.823e-07,5.382e-10,286132849.0,1.54,0xde...fa58,https://bscscan.com/tx/0x67d5d113b7070ffffdc6de289c13366f95051d334994f99fe38f7f009fc1eaf3
2023-03-20 16:27:38,False,1.805e-07,5.358e-10,741585529.0,3.97367,0x1b...7f6d,https://bscscan.com/tx/0x737a8a3a7ae37ea289b5a0f2d43046312b619a7bea03533aab03ac5174996412
2023-03-20 16:27:32,True,1.814e-07,5.387e-10,473357490.0,2.55,0x08...af7e,https://bscscan.com/tx/0xb8b3d0fddc1affb49b2290dc79a8c80f567d23ada9154f3d39735f1bda578a19
2023-03-20 16:27:29,False,1.814e-07,5.359e-10,356759423.0,1.912,0xde...fa58,https://bscscan.com/tx/0x43891e42f63d995d315d2fcacc346e71fb85cb9268374b59f85f968d87b6514e
2023-03-20 16:26:56,False,1.808e-07,5.366e-10,686813889.0,3.68576,0xec...0165,https://bscscan.com/tx/0x0ccc176d208a5a2e01f6714944c3b537024f1828fbc19369baebaed45b5a328c
2023-03-20 16:24:29,False,1.82e-07,5.375e-10,597722647.0,3.2129,0x05...7066,https://bscscan.com/tx/0x30db4caffe42b848b3b0ed4e92d843476dd716b3e7600dc0ce7c544511dc27eb
2023-03-20 16:24:11,True,1.82e-07,5.403e-10,458991568.0,2.48,0x2a...576a,https://bscscan.com/tx/0xe5aa228d293da587c3627e1ca22cb262980c0dc9bb4a9812902def21f8ff454d
2023-03-20 16:21:32,True,1.827e-07,5.395e-10,709902996.0,3.83,0x1b...7f6d,https://bscscan.com/tx/0x82d6f6d424bd3039deeda10d8eed1f7bf63abfd20f0bb64f96efe7f966cf2e0a
2023-03-20 16:20:59,False,1.807e-07,5.366e-10,420469802.0,2.25632,0x2a...576a,https://bscscan.com/tx/0xc643e8ca8f8fd313c898eb7c7d52b8ef97c13ec68256c31a64aebba7967deb42
2023-03-20 16:18:20,False,1.809e-07,5.373e-10,639293448.0,3.43519,0xde...fa58,https://bscscan.com/tx/0x5b055887815ede7036fae05c6d1ced521dad7d988a7f4160aa3e96d87a2f3e9f
2023-03-20 16:17:50,False,1.821e-07,5.379e-10,298048477.0,1.60345,0x2a...576a,https://bscscan.com/tx/0x25910f2e54f4d3ee765ff13e671ab1e09f2c1b6bdf60ee311792ff45dd609495
2023-03-20 16:17:32,True,1.829e-07,5.406e-10,401398103.0,2.17,0xec...0165,https://bscscan.com/tx/0x51a4c14de998781a10fb8f07eaa41178e43fd238df85c604ce5e9c9e3fbca75a
2023-03-20 16:15:31,False,1.821e-07,5.381e-10,712662503.0,3.83501,0x1b...7f6d,https://bscscan.com/tx/0xfaa158809ed8e0e250f68f081a47243917ad2bc45cdacd22a35dd04bef4da052
2023-03-20 16:15:19,True,1.831e-07,5.409e-10,537949327.0,2.91,0xde...fa58,https://bscscan.com/tx/0x438dce17417ddd4a453f4b97a8d56f256c59a11bb44efaab604fbb899a1c8147
2023-03-20 16:15:08,False,1.812e-07,5.382e-10,521294455.0,2.80577,0x08...af7e,https://bscscan.com/tx/0x5190bf9cd875b3bd84bdb978dd2b7d8607d42046f41dd480e96a70b6afea71cd
2023-03-20 16:14:21,True,1.831e-07,5.41e-10,308643800.0,1.67,0xec...0165,https://bscscan.com/tx/0x8bb16a876abab73b6dda40b2260180fcefc90592df6a6aa47150842dd6bf6ab6
2023-03-20 16:11:32,True,1.819e-07,5.401e-10,1075683242.0,5.81,0x2a...576a,https://bscscan.com/tx/0x0f857184ba37b91e82186792ae8ac3578b2c37495989d0c74b83b674bdf114c8
2023-03-20 16:09:23,True,1.824e-07,5.387e-10,870478330.0,4.69,0x1b...7f6d,https://bscscan.com/tx/0x4c1113624aeab609be53846eb70029f3f0089f1d8a1d1b8d6ddffa70ba939ec3
2023-03-20 16:09:14,False,1.814e-07,5.357e-10,311496870.0,1.66873,0xde...fa58,https://bscscan.com/tx/0xcec2407f6cb06bb39da4a3f6ca4354a1e70fe1827d43bdbb0d9c4f25e85822ed
2023-03-20 16:08:14,True,1.813e-07,5.386e-10,2693099.0,0.0145,0xd8...c0c3,https://bscscan.com/tx/0x6c1415b0f62dcfb55022ce239ab08740ce4d201d78ce91692afe566f920619d6
2023-03-20 16:08:08,False,1.806e-07,5.365e-10,902741253.0,4.84354,0xec...0165,https://bscscan.com/tx/0x8a8d5554ace17e9e7fcbbe5c55e74cf0a6864d8d5c9fcd59e514151de02a0ee7
2023-03-20 16:07:05,False,1.809e-07,5.371e-10,3725854.0,0.02,0x73...aad9,https://bscscan.com/tx/0x1f87402c33312c0b13b3b150ff4eb4439af70a7511bff4f358358fa9bfab7135
2023-03-20 16:05:10,False,1.819e-07,5.374e-10,420755187.0,2.26133,0x2a...576a,https://bscscan.com/tx/0x666fed38ccdc6a2503bc200420ec972889a4aed971d52b8e2fce6dbf04f138f0
2023-03-20 16:04:58,True,1.827e-07,5.397e-10,967089210.0,5.22,0xec...0165,https://bscscan.com/tx/0xee485e29405e2ae0459ad46ea6d73ef6586ef369ecdf1abf5f92d29b0cfa0ee5
2023-03-20 16:03:16,False,1.811e-07,5.369e-10,785584139.0,4.21815,0x1b...7f6d,https://bscscan.com/tx/0x482859ff8dd2545018b7cf99b7cd343b8c463db9582a97c780114545583e2efc
2023-03-20 16:02:10,False,1.824e-07,5.377e-10,390743514.0,2.10121,0x05...7066,https://bscscan.com/tx/0x6f01b7046437783cf6b1a1f9a24a29c7959eb175cc1b0d30fba39aff05120780
2023-03-20 16:01:49,False,1.827e-07,5.386e-10,920762303.0,4.95966,0xec...0165,https://bscscan.com/tx/0x7760602aaacb6b477b3fffae06e52ef10051e1517769a9db42efe2e4ff845e4c
2023-03-20 16:00:16,True,1.828e-07,5.417e-10,387657122.0,2.1,0x1b...7f6d,https://bscscan.com/tx/0x37a8cfbbeee95faa1c2fbcc18c976471471fb03ba6583e694d21a79ddfe403ad
2023-03-20 16:00:04,True,1.826e-07,5.411e-10,421319750.0,2.28,0xde...fa58,https://bscscan.com/tx/0x28e2b67cb8e6a0f0da8e131b4998636e0a69a9bbd1966b2513a0ee753a5616cf
2023-03-20 15:57:43,False,1.821e-07,5.381e-10,22260764.0,0.1198,0xc1...ac86,https://bscscan.com/tx/0xcd791f39117c45237b46e46a904dceed834fc594b38f20eda018e14c77907067
2023-03-20 15:57:10,True,1.829e-07,5.406e-10,294066683.0,1.59,0x1b...7f6d,https://bscscan.com/tx/0x52eac212c3c2b57a5c7db4be684f025d833d94bdfb7178e217e47ca0e4ec8ddd
2023-03-20 15:53:10,True,1.829e-07,5.404e-10,4625570.0,0.025,0x2e...90e7,https://bscscan.com/tx/0xb87c601d9f7c6fa9d967b6cb0b3c0d1feb4196e4abf049b9d0b64238ba1fd172
2023-03-20 15:53:04,True,1.829e-07,5.404e-10,10677014.0,0.0577,0xce...8379,https://bscscan.com/tx/0xc4f23629f79779ecc8aff65dc2dd74f4b1dc9bc3126fb2d0407ee9efe225356a
2023-03-20 15:51:07,True,1.829e-07,5.402e-10,292447289.0,1.58,0x1b...7f6d,https://bscscan.com/tx/0x830772e4f2f7ddca9506a5a6dd7d250ae860981e402cac8cc3a77f6a563a8309
2023-03-20 15:49:19,True,1.828e-07,5.397e-10,402008097.0,2.17,0x2a...576a,https://bscscan.com/tx/0xc8865f9178fbc22382ead4e5426d06f77f6f9e77078b63f9155caa32db313fbe
2023-03-20 15:49:13,True,1.815e-07,5.39e-10,723540161.0,3.9,0xec...0165,https://bscscan.com/tx/0xfa905897671aefced562293289caea17235d6c7622d0a325e862d8be92727de8
2023-03-20 15:47:55,True,1.811e-07,5.382e-10,352977247.0,1.9,0xde...fa58,https://bscscan.com/tx/0xee3e51e579d59dd2a23f7ecb2f0479f738d3e8457fc047c1dd416e189ce5d578
2023-03-20 15:47:19,True,1.818e-07,5.374e-10,863343077.0,4.64,0x08...af7e,https://bscscan.com/tx/0xe77cf581f54f045fc77baf9b9361352d9272f94b9f228d42e0c3c29d3b83cffe
2023-03-20 15:46:08,False,1.807e-07,5.344e-10,360494120.0,1.92655,0x2a...576a,https://bscscan.com/tx/0x739837d999a32c9b656f0f7799882bf526c014af073ec853bfe2c1517615f107
2023-03-20 15:45:01,False,1.81e-07,5.35e-10,525254924.0,2.81023,0x1b...7f6d,https://bscscan.com/tx/0xf084c08cbc706401fb8086aac1d7634ab2ef6295f07f980e9b1d5fa87ae203d5
2023-03-20 15:44:52,False,1.803e-07,5.36e-10,1036407066.0,5.55601,0xde...fa58,https://bscscan.com/tx/0x40a7b52c07c4250303cca96d04030422c810d99725931f16b133b7693a437c80
2023-03-20 15:41:58,False,1.806e-07,5.371e-10,465757386.0,2.50162,0x1b...7f6d,https://bscscan.com/tx/0x7be9910592c67c5796a70c4781139ea9560c4ec5a9dce56292296fe5f67e8307
2023-03-20 15:39:07,True,1.824e-07,5.401e-10,1300001.0,0.007,0x51...7fb3,https://bscscan.com/tx/0x0a4f42b15930719b100171d46bd2109a28cd8fe070275038f73f247abdfc9e9e
2023-03-20 15:38:55,True,1.822e-07,5.394e-10,978781008.0,5.28,0x1b...7f6d,https://bscscan.com/tx/0x6d036ba1fbcfbf864aec86cf42f825c010af15e3265d03df1e16d06b23ec17e5
2023-03-20 15:36:40,False,1.813e-07,5.367e-10,1041802744.0,5.59235,0xec...0165,https://bscscan.com/tx/0x66fc4ef15c063eb81ca23f5aafe41dd4f0b428e8bd88494cdff392f860c7b793
2023-03-20 15:36:37,False,1.815e-07,5.376e-10,249505302.0,1.34153,0x2a...576a,https://bscscan.com/tx/0x83a58c2cf23c9ac372dd7cd457593ae785ab8dc26f12d1bacf3ca211c3b830a0
2023-03-20 15:35:55,False,1.809e-07,5.385e-10,1086603840.0,5.85237,0x1b...7f6d,https://bscscan.com/tx/0x9b69ca410dac04ce6640228b3b5e82c8218934dcaaf8de0b19be9071c7a5a72a
2023-03-20 15:32:10,False,1.821e-07,5.396e-10,513736492.0,2.77259,0x05...7066,https://bscscan.com/tx/0xc617424991c521d8dc6e0c1f78b074271672094b71566efb414cf2fe7ee2fa90
2023-03-20 15:32:10,False,1.823e-07,5.403e-10,513736431.0,2.77623,0x05...7066,https://bscscan.com/tx/0xc78416d5046bfe2d737e5ad26d0b8db384f942bf8788b96be4f5a4e121916855
2023-03-20 15:31:28,False,1.815e-07,5.408e-10,105092144.0,0.5683,0x40...857e,https://bscscan.com/tx/0x663c3b4f493ab15f9affe1b033c2c46ab358208f2bb2fb741a42e5f4523a30d0
2023-03-20 15:30:52,True,1.834e-07,5.436e-10,2317836.0,0.0126,0xc3...d092,https://bscscan.com/tx/0xdd371f18e54eeea1593fb4b0c0b0f88f7c0ef662268cc8ca8f28bf95057fd596
2023-03-20 15:30:34,False,1.826e-07,5.412e-10,455786626.0,2.46676,0x05...7066,https://bscscan.com/tx/0xfc576a41e8a0c08310e7b7fe9e0c42c5d58e37d36d097a942405319715997820
2023-03-20 15:30:16,True,1.825e-07,5.438e-10,560815489.0,3.05,0x2a...576a,https://bscscan.com/tx/0xc7a0dbc5878a69d2d4ccdda6393713f0ec7b54ac08f15a6bac372a438eacf82b
2023-03-20 15:29:58,False,1.824e-07,5.408e-10,78313949.0,0.4235,0x6b...f437,https://bscscan.com/tx/0x78ef9f85999330646da26fb5e62d9f3d538763e39e91a06fc11aec1d93007999
2023-03-20 15:28:46,False,1.816e-07,5.411e-10,387066416.0,2.09451,0x08...af7e,https://bscscan.com/tx/0x66e973e3a830e1d739fc343ef003182447bb0129dd05f8a61788e8b3a315c841
2023-03-20 15:27:16,True,1.833e-07,5.437e-10,492861058.0,2.68,0xec...0165,https://bscscan.com/tx/0xd7c410eea71eb8219324c8c6f04ab301711a629c9ab42ae3d759dbc38def060a
2023-03-20 15:27:04,False,1.816e-07,5.413e-10,925253961.0,5.00884,0x2a...576a,https://bscscan.com/tx/0xd29825106395b62340b1eead6b256f655cb5caa422435ab88637414fe13a96bf
2023-03-20 15:24:10,False,1.819e-07,5.42e-10,43942955.0,0.2381,0x13...b3ed,https://bscscan.com/tx/0x3e6f3a299297f71bf3af097b943a367c3cdad913f976d464645c26e85aa3347f
2023-03-20 15:24:07,True,1.827e-07,5.444e-10,459181332.0,2.5,0xec...0165,https://bscscan.com/tx/0x9e04c53dddf524f24d20cf6c2f5b3b68f1efc523d4596e6c3949d57d853e44bf
2023-03-20 15:20:31,True,1.824e-07,5.438e-10,450521872.0,2.45,0xde...fa58,https://bscscan.com/tx/0xc192c1c123cf0724db5f16f1a38e378d5b9c3a2234a43ffaa5951dca96f2b001
2023-03-20 15:18:55,True,1.823e-07,5.434e-10,5335815.0,0.029,0x74...affb,https://bscscan.com/tx/0x69c7c9ff0d4da8ce32b620a0a8ef28ec200e544253b9191eb4854768cf7a80b2
2023-03-20 15:16:25,True,1.832e-07,5.432e-10,401314957.0,2.18,0x08...af7e,https://bscscan.com/tx/0xe0143b37af9ff043c4adbc114b34b1c32f59ac79cb161802caa1f6e69f7bf2fe
2023-03-20 15:14:43,False,1.823e-07,5.404e-10,377757523.0,2.04172,0xec...0165,https://bscscan.com/tx/0x3b6ed93f727b1ccaa0c63ac3789b48ba9cc0c44c3388d2afdc41096c29489ccb
2023-03-20 15:14:37,True,1.831e-07,5.427e-10,1028107475.0,5.58,0x1b...7f6d,https://bscscan.com/tx/0x3568a5dbc80aeb61092c0ded5fd01f09de048acc0c660e178768e3fc3ef4a7ff
2023-03-20 15:14:28,True,1.819e-07,5.418e-10,284218808.0,1.54,0xde...fa58,https://bscscan.com/tx/0x2c0f9ba57aea7f0604bc20336cc1b0af111f242af57d199efdfce1c6821060a2
2023-03-20 15:13:22,False,1.819e-07,5.391e-10,282057378.0,1.52065,0x08...af7e,https://bscscan.com/tx/0xa2ba2fcd712f1e8316d69911e597abbb1538bdeaf6460036fc762a0973b7b294
2023-03-20 15:11:34,True,1.829e-07,5.418e-10,310069398.0,1.68,0xec...0165,https://bscscan.com/tx/0x8d3be1a2c78bef5027bcc593fbea1f0ee61984c803f543562d9842ffc72d7fd2
2023-03-20 15:10:13,True,1.828e-07,5.413e-10,354665916.0,1.92,0x08...af7e,https://bscscan.com/tx/0xa9d6e20a4717a6c6da19b364b0ff9c8f153f1083c3a4b60a393f6d9015c069d4
2023-03-20 15:08:28,True,1.827e-07,5.41e-10,30689085.0,0.166,0x4f...84f5,https://bscscan.com/tx/0xc0fd7222880bc99cc75eeda92b5538b0fb1e065ea94d3b7af52655a390485c08
2023-03-20 15:08:22,True,1.826e-07,5.408e-10,292124350.0,1.58,0xde...fa58,https://bscscan.com/tx/0x3e28b560983423e874ffe31dc01cbff35b3973f2d9d43df69cb494dea994eb1f
2023-03-20 15:08:04,True,1.823e-07,5.4e-10,860998941.0,4.65,0x2a...576a,https://bscscan.com/tx/0x3b2906b6f6d22e568b0ab39fb4dcef7d8bc79c23177e3297e672ea91951486ed
2023-03-20 15:04:55,False,1.81e-07,5.37e-10,440682537.0,2.36684,0x2a...576a,https://bscscan.com/tx/0x2dd5fa2633b182b0f7e6bff324429d7b35240788f3a33d4903aa2f4a88fb3a8c
2023-03-20 15:04:04,False,1.815e-07,5.38e-10,944194029.0,5.08008,0x08...af7e,https://bscscan.com/tx/0xe2cb38574ce1d88eb56b83f826551d073dabe4d206e7fac45ce492b3836779ff
2023-03-20 15:02:25,False,1.816e-07,5.392e-10,785643129.0,4.23634,0x1b...7f6d,https://bscscan.com/tx/0x5363f6e6c24fc3d4d8dab77dde5808f9e520487af977491acb1906ed094781fe
2023-03-20 15:02:10,False,1.818e-07,5.399e-10,344759144.0,1.86169,0xec...0165,https://bscscan.com/tx/0xc2e201f44cb1687c29f00f1f47c80d0679241d035cb23e36f15cf9809cec6375
2023-03-20 15:01:43,False,1.821e-07,5.406e-10,668673989.0,3.61549,0x2a...576a,https://bscscan.com/tx/0xadad6aacbdda062e6dde8d8e22c5f0d454409c4a3072b0e01917854f7db51fd8
2023-03-20 15:00:10,True,1.822e-07,5.438e-10,10938339.0,0.0594,0x96...2ab1,https://bscscan.com/tx/0x980eecc4bd97c02c7f18bbc41a59e531a1bad6c14e3e84d2f9dfa2451c13e5b0
2023-03-20 14:59:22,True,1.82e-07,5.432e-10,833829989.0,4.53,0x1b...7f6d,https://bscscan.com/tx/0x828ba365e3bbdf19ab352bf7b3cfdc60067ef169a04c8a4e6fefe965ab7bae8b
2023-03-20 14:58:49,False,1.818e-07,5.399e-10,4899076.0,0.0264,0xc2...a17e,https://bscscan.com/tx/0x9799a1ec22f126521cc9920612aab870f8593ccc0285d500ad438bc408d1c1c2
2023-03-20 14:58:34,True,1.825e-07,5.42e-10,902082503.0,4.89,0x2a...576a,https://bscscan.com/tx/0xef8bb34dd16d3ede54f991a160139da045e7af0759a660adfbe280df751daecf
2023-03-20 14:56:22,False,1.816e-07,5.394e-10,996677041.0,5.37645,0x1b...7f6d,https://bscscan.com/tx/0x5a8d9b2e1a5b093e28b2eaa8d03376e12be618cfc749172023522cda74f20e16
2023-03-20 14:55:31,True,1.818e-07,5.427e-10,47324942.0,0.2568,0xbc...4c02,https://bscscan.com/tx/0x3f8564332184ff8454807aa9a285f6662e53d57db14b69fd55aff35d01118a8f
2023-03-20 14:52:43,True,1.825e-07,5.423e-10,608469240.0,3.3,0xec...0165,https://bscscan.com/tx/0x289a56778586c3e8de11218164e626afd6e5486dd2980e1724d7d0ac05a9a7aa
2023-03-20 14:52:13,False,1.815e-07,5.394e-10,328651983.0,1.77289,0x2a...576a,https://bscscan.com/tx/0xbf62eec94c30fb57e8d9da3fb2371baab221b5d4ec7d93d9ebd5cc897538df64
2023-03-20 14:50:07,False,1.816e-07,5.398e-10,309117791.0,1.66887,0xde...fa58,https://bscscan.com/tx/0xe8c14d7553e8faf9d60460a9f374caf42bde62c851b9cfff1d9daab42f97dcd2
2023-03-20 14:47:13,True,1.815e-07,5.422e-10,733916542.0,3.98,0x1b...7f6d,https://bscscan.com/tx/0x5552622de24d302ba07c326953dbf975e7885ca9fa64b9e4c43f15dd399cce4a
2023-03-20 14:47:04,False,1.806e-07,5.395e-10,660689752.0,3.56467,0xde...fa58,https://bscscan.com/tx/0x4e8bf389eec0eb36de466ddb0b10f1f79db7374906e679e6a7059c4f3643d993
2023-03-20 14:46:25,False,1.818e-07,5.405e-10,757889472.0,4.0965,0xec...0165,https://bscscan.com/tx/0xf5258ff7228a74c773dd6e856100f8322e9c2b19c5ff2add8f19203b2e2d1fb2
2023-03-20 14:45:31,False,1.821e-07,5.412e-10,311156725.0,1.68414,0x08...af7e,https://bscscan.com/tx/0x19e270720fb170a2fc98e72e17fa8d339be5689bdb61d7c2a739d818b748a74f
2023-03-20 14:44:01,True,1.82e-07,5.436e-10,733897725.0,3.99,0xde...fa58,https://bscscan.com/tx/0x7069b71f82bad9dba9789441a1082698dc2f5253af4effa719b9e1ba964bab3d
2023-03-20 14:43:01,False,1.809e-07,5.407e-10,407887518.0,2.20558,0x6d...4ed3,https://bscscan.com/tx/0x8603279a8d9120cf2b292d34522fd3e65fd7a9f36a111da167da553b21b79a99
2023-03-20 14:42:25,True,1.827e-07,5.432e-10,675553222.0,3.67,0x08...af7e,https://bscscan.com/tx/0xd4d9e91e65ff692529ff12eb99482660132ae306dd5fb739534a78c1ac464e2e
2023-03-20 14:40:58,False,1.811e-07,5.406e-10,821807646.0,4.44307,0xde...fa58,https://bscscan.com/tx/0x2b2fcb3417661b3893361edd3c7c856dded552ab0554c62b06470a6152da6e0b
2023-03-20 14:39:31,True,1.831e-07,5.435e-10,478296287.0,2.6,0x2a...576a,https://bscscan.com/tx/0xf16164edce787e18bcade18e632a70d6926f1d2c20517cc81ab2851d3c3c69b8
2023-03-20 14:37:58,True,1.829e-07,5.427e-10,749894566.0,4.07,0xde...fa58,https://bscscan.com/tx/0xb3046b8fea8c8808a5287df86f31192f9c159c77fd0cd6af737773fc3a5a15ea
2023-03-20 14:36:52,False,1.82e-07,5.395e-10,9571707.0,0.0516,0x40...a473,https://bscscan.com/tx/0x3b834aa2030c5602989d913c1c2ad8f19dc1ac3b7efc925c44041c6f1d6a4b46
2023-03-20 14:35:04,False,1.822e-07,5.401e-10,885873218.0,4.78495,0x1b...7f6d,https://bscscan.com/tx/0x194be6196301fa7c8ae57caef7a597a8380bbf74becf88683fcd9c06125206c6
2023-03-20 14:33:13,False,1.835e-07,5.411e-10,537909494.0,2.91074,0x2a...576a,https://bscscan.com/tx/0x365ab41f46b1dc2c6ddcf3df7ad60c0509bdd8ec2db2a7a828aa88b7be3d8122
2023-03-20 14:32:01,True,1.844e-07,5.438e-10,498287598.0,2.71,0x1b...7f6d,https://bscscan.com/tx/0x04466237b5bf5f184f1e79e19799654058c86b75e15d8b33b3ec48e465062792
2023-03-20 14:31:49,False,1.825e-07,5.411e-10,539480621.0,2.91954,0xde...fa58,https://bscscan.com/tx/0x87cf41c44d12ef38bee44cd722da01fe4ba209808e6295db84af178c678bca87
2023-03-20 14:30:44,True,1.844e-07,5.438e-10,650960560.0,3.54,0xec...0165,https://bscscan.com/tx/0xc4829eedbaba5a45d92fc8bc19af39ece50a6e515b0584d79413b7416cdda687
2023-03-20 14:28:59,False,1.833e-07,5.408e-10,298983720.0,1.61706,0x1b...7f6d,https://bscscan.com/tx/0xfe620d7994f9df98c0177332c5f261af3cc2f36bd01cc62c1ea1a561e7bf562e
2023-03-20 14:25:53,True,1.842e-07,5.433e-10,649706631.0,3.53,0x1b...7f6d,https://bscscan.com/tx/0xd5dc09f148de74fbc6b3d0e11f2c715e1d9dc83b502cbf39255a7bd66c0aef31
2023-03-20 14:25:44,True,1.839e-07,5.424e-10,599127462.0,3.25,0xde...fa58,https://bscscan.com/tx/0x6e95fba839b830c0388d566191931ab45e94ad8edd117196d400ee293fe6c846
2023-03-20 14:24:26,False,1.829e-07,5.396e-10,434549885.0,2.34498,0xec...0165,https://bscscan.com/tx/0x10792ee1bfab698a51c2f6cf6a02d85e1e0c3f7fe2eea91d693f73a63874568e
2023-03-20 14:23:53,True,1.839e-07,5.423e-10,398255611.0,2.16,0x08...af7e,https://bscscan.com/tx/0x902e074fae9f294bf9b3f6e3389df00bdfda67e393993dde0ebcb9e3bc42150c
2023-03-20 14:22:53,False,1.83e-07,5.398e-10,655727241.0,3.53984,0x1b...7f6d,https://bscscan.com/tx/0x59c7a0709d872212713be3da03ef3550dd005fca882dfd26a989c8c29eb49430
2023-03-20 14:21:17,False,1.832e-07,5.405e-10,436187206.0,2.35797,0xec...0165,https://bscscan.com/tx/0xa3e0b53be0748fb74e37769f067fc543bff30bc71e7a4f71f6e74616f68097bb
2023-03-20 14:20:20,False,1.825e-07,5.408e-10,5640308.0,0.0305,0xb4...6265,https://bscscan.com/tx/0x53493bc6fc0124916bd384743396142c390f08270c62c517f4eff25c38f23134
2023-03-20 14:18:38,True,1.834e-07,5.435e-10,54064519.0,0.2938,0x42...0abb,https://bscscan.com/tx/0x8f80e04c01dba14b134f7e57be3eedef224eadb50f4eaade28327249b693eb9c
2023-03-20 14:18:32,False,1.826e-07,5.411e-10,413021643.0,2.23488,0x05...7066,https://bscscan.com/tx/0xd1f395d31c4d4ead9c58a2b2ab52324eb8b67319170dd12ed2b8b56b9d7acc42
2023-03-20 14:18:32,False,1.828e-07,5.416e-10,390771239.0,2.11665,0x05...7066,https://bscscan.com/tx/0xae73c8e1c667ad6592ea3c6beb615cc07e27426fec0d2091f4159da29df834c3
2023-03-20 14:18:11,True,1.845e-07,5.441e-10,714874156.0,3.89,0xec...0165,https://bscscan.com/tx/0xe5308b7dd8d7a2544abf29497112b02e75b48e95db14b113ddd0a138162526e6
2023-03-20 14:16:47,True,1.842e-07,5.431e-10,697756656.0,3.79,0x1b...7f6d,https://bscscan.com/tx/0xf9a27a8f05399913760e6ed2779ed57f19ef9fa2092c3353c1505eb29771b25c
2023-03-20 14:14:59,False,1.823e-07,5.401e-10,319640977.0,1.72669,0xec...0165,https://bscscan.com/tx/0xd88f150fa2ad85bdc846724d317bdc429a800ed36ea77b83d5484adbf5179ecb
2023-03-20 14:14:38,False,1.834e-07,5.408e-10,580808440.0,3.14111,0x08...af7e,https://bscscan.com/tx/0xb7fb6ddf2feb1d3edb3da617b92e8dcf1436e6fe402e0458698b16e8187158a0
2023-03-20 14:13:59,False,1.837e-07,5.416e-10,602058394.0,3.26095,0xde...fa58,https://bscscan.com/tx/0x406e4318687a17ba3811843ea1367fd9398e961e46a5c231e4afd61e1e495a9b
2023-03-20 14:13:44,False,1.839e-07,5.424e-10,627715375.0,3.40527,0x1b...7f6d,https://bscscan.com/tx/0x574cad687a824ef8b5657c8a2a2ece96e6d08ef96b55f4083ea66519adfb47fd
2023-03-20 14:12:35,True,1.841e-07,5.453e-10,454773041.0,2.48,0xde...fa58,https://bscscan.com/tx/0x822cdd15fc4d0c064e7a7ff35b74a4041d9e57a70044dde32b42474f4007d7b9
2023-03-20 14:11:32,True,1.848e-07,5.446e-10,545325505.0,2.97,0x08...af7e,https://bscscan.com/tx/0x8e30a9397efba42a8be1c6f965ab4f17a8bf7ad9d63dde35ae34e16b72102819
2023-03-20 14:08:26,False,1.838e-07,5.419e-10,563643468.0,3.05451,0x08...af7e,https://bscscan.com/tx/0xa4dc0767c7de7109e31a87aaa9e24960bdf2fd0625b006f06e7272ee7d5a74a9
2023-03-20 14:05:20,True,1.848e-07,5.447e-10,390997749.0,2.13,0x08...af7e,https://bscscan.com/tx/0x612a0cc96cf6d61981b9be5f78dcd0888dd6f6a83e5c12746245d152fe764389
2023-03-20 14:00:02,False,1.836e-07,5.419e-10,218408864.0,1.1836,0x42...901a,https://bscscan.com/tx/0x1db6467aa1e532c1f3daea0bfd923b8e7120a187f5c1834ca4874c07530363e8
2023-03-20 13:58:47,False,1.828e-07,5.421e-10,83258991.0,0.4513,0x57...f8b5,https://bscscan.com/tx/0xef97bb27c9b8911891cea57d618cd7056ef9933ed44b281166b0b0d427af6039
2023-03-20 13:58:17,True,1.845e-07,5.444e-10,585860172.0,3.19,0x2a...576a,https://bscscan.com/tx/0xf5e03ee3bd0e048265b01a4238f01920310afc3cf19fe3e815d722d68ee9c069
2023-03-20 13:55:29,True,1.841e-07,5.435e-10,719292370.0,3.91,0x1b...7f6d,https://bscscan.com/tx/0xbfd4e3d68187903725894f02712063c841ec92caa62fa712788c8022e909ecb7
2023-03-20 13:55:05,False,1.822e-07,5.406e-10,416279990.0,2.25068,0x2a...576a,https://bscscan.com/tx/0x2cb22bf6d52862a4b70d021f04ddf6bfa9e49cad342fc19329728f4092cfba57
2023-03-20 13:53:02,False,1.824e-07,5.411e-10,285074741.0,1.54268,0xec...0165,https://bscscan.com/tx/0x0f5cedc7827f28d5406b8108bae593d5dba92899c93621a3f3e0de74a4e05b99
2023-03-20 13:52:17,False,1.825e-07,5.415e-10,264743878.0,1.43367,0xde...fa58,https://bscscan.com/tx/0xe4ca7869bbe4845bd23f94bc244a805842b808ce4a29f86f01110b3b509a897b
2023-03-20 13:51:56,False,1.827e-07,5.421e-10,575532205.0,3.12003,0x2a...576a,https://bscscan.com/tx/0x8d9b6e0789951d59842f6835ed5aa9d4386b812508c0818f599da90f757081cd
2023-03-20 13:50:47,False,1.828e-07,5.425e-10,57556317.0,0.3122,0x33...1bfa,https://bscscan.com/tx/0xb899ddc31b2a37cf2feaa628ebbb0d7b3a5b25d9f3384aa07031e9ef40bea1db
2023-03-20 13:49:53,True,1.845e-07,5.447e-10,750750803.0,4.09,0xec...0165,https://bscscan.com/tx/0xe9e12477dd9b4674535e97ba1fe1e4a5b9c1141e4e4831f624b86099575e59a3
2023-03-20 13:48:53,False,1.834e-07,5.415e-10,2345094.0,0.0127,0x3c...176e,https://bscscan.com/tx/0x0857d6b4a26ef909b70a2ebd3b014a261fccb68a80a0510aea7f1da8ad58a5b0
2023-03-20 13:48:47,True,1.842e-07,5.437e-10,779805955.0,4.24,0x2a...576a,https://bscscan.com/tx/0x8cc094d53a589c348d668957bcf85bf0a9ef369f41560d1d0d14c5dd086cca8c
2023-03-20 13:46:50,False,1.831e-07,5.407e-10,454081298.0,2.4556,0x08...af7e,https://bscscan.com/tx/0xa72624cc8078f0eb0d1108aa4c5528d6610e37ebd102ea1a64489472ca2bf39c
2023-03-20 13:46:17,True,1.84e-07,5.434e-10,483921689.0,2.63,0xde...fa58,https://bscscan.com/tx/0xeef9e6269c3863a6c01f02c0a6e12b4a82c6ab5ac47be374ff25b2b975247ce4
2023-03-20 13:45:35,False,1.823e-07,5.406e-10,345369306.0,1.86729,0x2a...576a,https://bscscan.com/tx/0xa4e0465b14e63f516c069a68e0b81983590271068a5007fde0c077c87bb6c86b
2023-03-20 13:43:35,False,1.827e-07,5.413e-10,710399878.0,3.84608,0xec...0165,https://bscscan.com/tx/0x031534bc003d099462455f1f4644e3dbb5e9e88f92957107932371e18045535b
2023-03-20 13:40:23,False,1.837e-07,5.419e-10,48872749.0,0.2648,0xcc...f055,https://bscscan.com/tx/0xdb5b561f030463ec156b8948bdcbdfa6e40bf310a8260167a35c8e25fe29dcca
2023-03-20 13:40:17,False,1.829e-07,5.423e-10,522900682.0,2.83578,0x1b...7f6d,https://bscscan.com/tx/0xcb89187c6cafa639c0afb1e7bbb27295c0fc0777bd56fa11ff09fcc50bbd634d
2023-03-20 13:37:32,True,1.847e-07,5.45e-10,522900441.0,2.85,0x08...af7e,https://bscscan.com/tx/0x9c72b22981407db78acd0e535733e550f6af5272db6b296e705dff82a8b89b75
2023-03-20 13:37:14,True,1.835e-07,5.443e-10,516247920.0,2.81,0x1b...7f6d,https://bscscan.com/tx/0x549aded166d80ae248411a6515e3641d8fbc00469a94b1490337b07fb869176b
2023-03-20 13:35:23,True,1.842e-07,5.439e-10,100000.0,5.439e-05,0x4a...4857,https://bscscan.com/tx/0x99a4e81407740c07cc8fe80d355afccd1c736edd43a0148a2ebfb172da2d246b
2023-03-20 13:34:32,True,1.841e-07,5.439e-10,1000000.0,0.0054,0x4a...4857,https://bscscan.com/tx/0x276ab0e2218521fb0d04d18e2a09ee8aec13e91058a78eb5820f1fb1531e6ef9
2023-03-20 13:34:11,False,1.833e-07,5.414e-10,380976872.0,2.06299,0xec...0165,https://bscscan.com/tx/0x40a5f2862b9c21a107de30a37d3db20d998ca0231e4b3304421c3e8a11d90aaf
2023-03-20 13:34:02,False,1.828e-07,5.423e-10,873269997.0,4.73633,0xde...fa58,https://bscscan.com/tx/0x32fb23651dbf9c1e7a3c47a21a14fee1f41ad0abcb3aad1d4f8e9c2301d49e3f
2023-03-20 13:31:08,False,1.829e-07,5.433e-10,497592856.0,2.70351,0x1b...7f6d,https://bscscan.com/tx/0xb128fbc1b5b67b6328277d741f5629c41152956e753f76191fe54ee36f44a347
2023-03-20 13:27:53,True,1.846e-07,5.456e-10,1015245431.0,5.54,0xec...0165,https://bscscan.com/tx/0xf74534a3cf48c4879f85d277ccec3ccf1f9257c7542defe0094e63ef4f5066f8
2023-03-20 13:26:35,False,1.826e-07,5.426e-10,558534291.0,3.03082,0x2a...576a,https://bscscan.com/tx/0xdade1e9c2848f19643794d91eba7513953b1e9781aefb4622576ed9c5003f526
2023-03-20 13:25:11,False,1.838e-07,5.433e-10,410527098.0,2.23044,0x08...af7e,https://bscscan.com/tx/0xea20d59556f4704e0f54d923e587e429d0091673aa2310799cfb95246e63a24a
2023-03-20 13:21:50,True,1.846e-07,5.458e-10,701680649.0,3.83,0xde...fa58,https://bscscan.com/tx/0xa62e924904c69bb92bd1ccc32462f56f70dff2110bc94bd3eaa41677bd3bb563
2023-03-20 13:18:47,False,1.837e-07,5.43e-10,636172573.0,3.45481,0xde...fa58,https://bscscan.com/tx/0x9487eb06939e97c308ae6d2088ed16c13da8622f2a04618c64628071f4798c4f
2023-03-20 13:18:29,False,1.84e-07,5.44e-10,770355998.0,4.19103,0xec...0165,https://bscscan.com/tx/0x6b70b8ab8118090baa32a80b670281b8c4ac132f56b93a28b98887d6563823c0
2023-03-20 13:15:44,True,1.849e-07,5.466e-10,1006217849.0,5.5,0xde...fa58,https://bscscan.com/tx/0x7c3ddeb6e8437bfc00baff776f77baf46c6418e8c94df13076156a66e991f777
2023-03-20 13:15:20,True,1.835e-07,5.453e-10,773807125.0,4.22,0xec...0165,https://bscscan.com/tx/0x11b6884c3231c8e4449257f48415b608ea4caa304d3f593c5cfc3253dd122706
2023-03-20 13:13:53,True,1.84e-07,5.442e-10,819485482.0,4.46,0x2a...576a,https://bscscan.com/tx/0xbc5260b20a4265a795782f8c779635717092b8f0d2df69ff45179a34e56f0449
2023-03-20 13:10:44,False,1.831e-07,5.412e-10,478714176.0,2.59123,0x2a...576a,https://bscscan.com/tx/0x0247b2024ab3292c2e9d41e08cbc153e207d45d6b3a6201b6f076c9fec8bc0e8
2023-03-20 13:09:44,True,1.84e-07,5.44e-10,406208418.0,2.21,0x08...af7e,https://bscscan.com/tx/0xc3f1227056ca38ecb74d5b4bcce275e94458398763031099309ec76d4b01a93c
2023-03-20 13:09:41,False,1.831e-07,5.413e-10,481109312.0,2.60468,0xde...fa58,https://bscscan.com/tx/0xa520212740e193accb2da8dd105be2a43a30cda49beee03299db14b62f1c491c
2023-03-20 13:09:02,True,1.832e-07,5.442e-10,301342385.0,1.64,0xec...0165,https://bscscan.com/tx/0x4a61ae77cfb1e6a23122690b7aeed36d0cdf8c17301988c8db4bd55142daba60
2023-03-20 13:07:32,True,1.838e-07,5.437e-10,417485865.0,2.27,0x2a...576a,https://bscscan.com/tx/0xeeed244a205875c103c9de3a4a38e3cc360fd8f150c6eca350c2193b596ab000
2023-03-20 13:03:32,False,1.83e-07,5.411e-10,581386987.0,3.14605,0x08...af7e,https://bscscan.com/tx/0x92054895dfaf08fc7b9a699af79d844be61af5217f6d0b1d33086bd32d7c4e35
2023-03-20 13:02:44,False,1.824e-07,5.42e-10,693294390.0,3.75773,0xec...0165,https://bscscan.com/tx/0x846450b904cf432050182a8e8c81fb84fa2dc48280591d3ee0968eca1df2831a
2023-03-20 13:01:14,False,1.827e-07,5.429e-10,645715842.0,3.50584,0x2a...576a,https://bscscan.com/tx/0x3a77f400fdc47b0fb6c3c88010602e06843753e130ad4b58e5b2b53e8883155e
2023-03-20 12:57:41,True,1.845e-07,5.457e-10,590067393.0,3.22,0x1b...7f6d,https://bscscan.com/tx/0x132cea441c29188b44cadf561e9ebce1d7408e162952395c18309b5fb0388ff8
2023-03-20 12:57:23,True,1.842e-07,5.447e-10,815099454.0,4.44,0x08...af7e,https://bscscan.com/tx/0xfcaa09febc70eb523a3940a8c69be0360b042748baab8fda7ed204353399e7e1
2023-03-20 12:56:29,False,1.823e-07,5.417e-10,526903783.0,2.85476,0xec...0165,https://bscscan.com/tx/0x64fd044ff4baa599e25b82f54b707fbe57bf4cf7966e762fb5b1652d33e7b65b
2023-03-20 12:54:51,True,1.832e-07,5.444e-10,580371474.0,3.16,0x2a...576a,https://bscscan.com/tx/0x7a0173b51234535b03336a573980a3a5ce62a296cf0854dfacba94d9fb89b1d8
2023-03-20 12:54:36,False,1.832e-07,5.417e-10,566793400.0,3.07061,0x1b...7f6d,https://bscscan.com/tx/0xb27f51996bf5bf2755fc9c9df989515822e74e9b31a4593cd909b4af3f6b19dd
2023-03-20 12:54:27,False,1.834e-07,5.424e-10,476566629.0,2.58524,0xde...fa58,https://bscscan.com/tx/0xdab2242c340d5c3701969ffd65ff094981e9bc3846c0cab7e71cb0a257490c49
2023-03-20 12:53:21,True,1.842e-07,5.447e-10,1077510998.0,5.87,0xec...0165,https://bscscan.com/tx/0x20ee465bdc21651a90a1035f1b5f2b7d8e08506bf745248e9bb13ca23fff6e33
2023-03-20 12:51:36,True,1.838e-07,5.436e-10,566562711.0,3.08,0x1b...7f6d,https://bscscan.com/tx/0x16ed4b434f205e9794fed8b820c45a99dcc549da552cb9a71959b924d1c4701d
2023-03-20 12:51:12,False,1.83e-07,5.412e-10,1058085046.0,5.72693,0x08...af7e,https://bscscan.com/tx/0x7000125d92c83245a248c532e89ce2da70c2b416fbbb46c90c89c2302da93415
2023-03-20 12:48:33,True,1.841e-07,5.443e-10,472100495.0,2.57,0x2a...576a,https://bscscan.com/tx/0xc16522367eca3908145a2d5a8b076cac05e3a12514194f0de23f8911fb2e07e7
2023-03-20 12:47:03,False,1.822e-07,5.416e-10,511963862.0,2.77323,0xec...0165,https://bscscan.com/tx/0x82793a63aa162acc1a5a1392a3b6a5716e4e4bfe5240ea8fff8f997c28a6700c
2023-03-20 12:45:30,False,1.825e-07,5.423e-10,479599413.0,2.60121,0x1b...7f6d,https://bscscan.com/tx/0x6dd4d8dedf312dc633bcc7386bc51a56f1af6d65ffb67e1123c9f29c2ce72ee3
2023-03-20 12:45:21,False,1.828e-07,5.432e-10,854099172.0,4.6403,0x2a...576a,https://bscscan.com/tx/0x844211b7b5bb4f1a78935de1a7744dc6e0214bd51825077961971689b8fb6c57
2023-03-20 12:45:00,True,1.84e-07,5.459e-10,985476413.0,5.38,0x08...af7e,https://bscscan.com/tx/0x3d7c39821296ee4a64b5ad51dc3c5c93c77587582c805fd97e4b83ea9db5f01b
2023-03-20 12:43:54,True,1.846e-07,5.448e-10,578155211.0,3.15,0xec...0165,https://bscscan.com/tx/0x7913f54836855cf4eb4bee06261e0e4a1156fbbb0a0e499485de38533c67a8a7
2023-03-20 12:42:18,True,1.834e-07,5.439e-10,757484470.0,4.12,0xde...fa58,https://bscscan.com/tx/0x3de8f376fd39c2b2270e2a3f5bd49e7c4cc3babd945123245c6dcd43fc3c76e0
2023-03-20 12:42:12,True,1.83e-07,5.428e-10,694423333.0,3.77,0x2a...576a,https://bscscan.com/tx/0x7fd5ceab946909e36cf0b7419fc9c24fd583eae79281a7c2ca100b96696a9c98
2023-03-20 12:40:48,False,1.831e-07,5.403e-10,901758584.0,4.87246,0xec...0165,https://bscscan.com/tx/0x77ab85f954692e0be4cd1c8a1125d6ffafe6527d7144943761c731dcb206ed3a
2023-03-20 12:36:21,True,1.84e-07,5.434e-10,338590847.0,1.84,0x1b...7f6d,https://bscscan.com/tx/0x9d52aaa91590982d2007cc8fb77200ef3bcc038c5713b45eca8c91b9dce85fab
2023-03-20 12:36:12,False,1.823e-07,5.409e-10,628833771.0,3.40146,0xde...fa58,https://bscscan.com/tx/0x813296e3f51bf18ae6abe022c5afb38e42ad5a83bdc407677abee83fa5804a8d
2023-03-20 12:35:51,False,1.836e-07,5.42e-10,1020784612.0,5.53323,0x2a...576a,https://bscscan.com/tx/0xbbbb8bda7bba3631d2548e4f3439c701444d123a9fbbcdd691f2b300abf3071f
2023-03-20 12:33:09,True,1.846e-07,5.451e-10,475094576.0,2.59,0xde...fa58,https://bscscan.com/tx/0xfde610d57f874699f0f736cbd23eb4b8a285f3e6675969d98592d4746eb402f2
2023-03-20 12:30:18,False,1.827e-07,5.423e-10,359140721.0,1.94781,0x1b...7f6d,https://bscscan.com/tx/0x35d9b3acefd2c8d6b79972bd31ece015b4e8d91f37bf506d5c85b0909891d039
2023-03-20 12:29:30,True,1.845e-07,5.447e-10,792996070.0,4.32,0x2a...576a,https://bscscan.com/tx/0x0499bf44d9dbfcc0bf6ef8ffde46d6e9c6f3ce86bf98a1df980003b5a1564b86
2023-03-20 12:27:15,True,1.833e-07,5.439e-10,375030521.0,2.04,0x1b...7f6d,https://bscscan.com/tx/0x2040d6572dd58f8f30a620229fdae1c24f7db8c41de68de5908a97370ce88a88
2023-03-20 12:27:06,False,1.825e-07,5.415e-10,760270607.0,4.11691,0xde...fa58,https://bscscan.com/tx/0xce542fb9385b650ab4d4abd8cc52298acefda73973b6262d7b93f942f9c0d9d5
2023-03-20 12:26:18,True,1.844e-07,5.444e-10,483087891.0,2.63,0x2a...576a,https://bscscan.com/tx/0xd1bad4d0391d2bb8072c0c97357ab946db1b57f06336f43dc468dbb45c830250
2023-03-20 12:24:12,True,1.833e-07,5.438e-10,268283624.0,1.45917,0xf8...2374,https://bscscan.com/tx/0x89330673a032cd3838ef7aed175dff877b927ac0ef3ce4f66975b754e93aa25d
2023-03-20 12:24:12,False,1.824e-07,5.412e-10,440742302.0,2.38571,0x1b...7f6d,https://bscscan.com/tx/0x0458cdbe3487230a52e02dff64c6332ce4896a8c5bc1c57bc5573f74e6346939
2023-03-20 12:23:21,False,1.836e-07,5.421e-10,796228792.0,4.31676,0x08...af7e,https://bscscan.com/tx/0xfded809afd4eaca2e1f3cf6410c85bd7f90933c93739e3df2bea663ad9c7bafd
2023-03-20 12:23:09,False,1.839e-07,5.43e-10,507721100.0,2.7572,0x2a...576a,https://bscscan.com/tx/0x39adf685547f79adefa207533d2674f2efee4a40c7e3907c08a6f22700c63733
2023-03-20 12:21:54,True,1.838e-07,5.456e-10,755124872.0,4.12,0xec...0165,https://bscscan.com/tx/0x13a51fd2fa522f15661021d3419c3bd80a807ff0392882d699d3f20aecd4d979
2023-03-20 12:21:09,False,1.837e-07,5.426e-10,410432992.0,2.22718,0x1b...7f6d,https://bscscan.com/tx/0xc5c4777b13718c5fd0a35e688156dfb6aa396716cbe04c22b8d53f37cd5a5b24
2023-03-20 12:21:00,True,1.837e-07,5.452e-10,605252797.0,3.3,0xde...fa58,https://bscscan.com/tx/0x7c8e1b73b562b518f4a5162ee51cede3adc75fee2ec2bd48805213d46baa5124
2023-03-20 12:19:57,False,1.828e-07,5.425e-10,616756307.0,3.34598,0x2a...576a,https://bscscan.com/tx/0xf05f480808e136732913341eaaf7b8a8532af22cceb75479798efd187e09023c
2023-03-20 12:18:12,True,1.837e-07,5.456e-10,25000000.0,0.1364,0x5a...0312,https://bscscan.com/tx/0x6732381786139ef86e75f56f357a1d1ae97158ccb6d89b35cce98ed287e850a4
2023-03-20 12:16:48,True,1.845e-07,5.454e-10,295183972.0,1.61,0x2a...576a,https://bscscan.com/tx/0x84507cc750d03e577272e533c6437b104d599ac01e92d960e5e4b456ea565eb3
2023-03-20 12:15:03,True,1.832e-07,5.444e-10,1026630855.0,5.59,0x1b...7f6d,https://bscscan.com/tx/0x69ace810ef2a8258e8e6ba228e961d74be44854311816b75934a1bfeaa758561
2023-03-20 12:14:54,False,1.822e-07,5.413e-10,339429496.0,1.83735,0xde...fa58,https://bscscan.com/tx/0x1467c3131e3e888cd2ae459c66e29dd184ca2794bb763292a170705654128ac1
2023-03-20 12:14:06,True,1.829e-07,5.435e-10,1015547472.0,5.52,0x08...af7e,https://bscscan.com/tx/0xa0d402e937bcc1d6c437288dd2c59f65e25bddd26e8805b4ea667c6257d2d0d1
2023-03-20 12:13:39,True,1.826e-07,5.425e-10,466341746.0,2.53,0x2a...576a,https://bscscan.com/tx/0x19688b94baade7fc3d2bf2f1c9e5ffcd7dba5284535c91d02a4e0cc5e7b78936
2023-03-20 12:12:00,False,1.826e-07,5.399e-10,628110603.0,3.39131,0x1b...7f6d,https://bscscan.com/tx/0x48fcdabe0aad5fb86eb478b863c140e50bb1cdb2a1c18d58d98beadf99484c15
2023-03-20 12:11:51,True,1.836e-07,5.428e-10,331591625.0,1.8,0xde...fa58,https://bscscan.com/tx/0xa02212876222e00b6089bb0d409bcd4cdc8020e32c0005100f8fb17338ea9557
2023-03-20 12:10:27,True,1.823e-07,5.423e-10,335561980.0,1.82,0x2a...576a,https://bscscan.com/tx/0x219cf3c82042f0e3820f037b3e0337f5e4b4376ce23b53c481aa962b23749c31
2023-03-20 12:09:00,True,1.821e-07,5.418e-10,359850253.0,1.95,0x1b...7f6d,https://bscscan.com/tx/0x5a4bf33193ee8d7de723eca5c16d475cda32904ab07bcdb49bfd75174e3aba4b
2023-03-20 12:07:57,False,1.813e-07,5.395e-10,866410966.0,4.67459,0x08...af7e,https://bscscan.com/tx/0x5f711a71e360bf0d0846b813f1642dd85127b6b79be6d7a70e4fc7fb2993dedc
2023-03-20 12:05:57,False,1.817e-07,5.405e-10,610296926.0,3.29897,0x1b...7f6d,https://bscscan.com/tx/0x28c797abe113d30bfd6815ea24c8312bb5806d22a7e963004d4d8ccd8d8e5339
2023-03-20 12:04:06,False,1.82e-07,5.416e-10,949667915.0,5.14368,0x2a...576a,https://bscscan.com/tx/0xf2bfc2641207d4832cc67c62ce97079a392662acb906f1d8e35a8e16777167b4
2023-03-20 12:02:54,False,1.832e-07,5.424e-10,290248596.0,1.57456,0x1b...7f6d,https://bscscan.com/tx/0xec9e89a0b70cae11ed47357cb8d51c082df8c3db5d42626fd165a3576a67169e
2023-03-20 12:02:45,True,1.832e-07,5.451e-10,309981058.0,1.69,0xde...fa58,https://bscscan.com/tx/0x4d26ba77b2c17298643a776011b792e237de1301c7e448496a4b4b0f81e7d287
2023-03-20 12:02:24,False,1.823e-07,5.423e-10,195790548.0,1.06195,0x97...6a3f,https://bscscan.com/tx/0xa9fb0b58bbb628c2c694dc86d247a82433cc9f7d65ae3dcbadf5d7e7db5fe40e
2023-03-20 12:00:57,True,1.834e-07,5.447e-10,662642987.0,3.61,0x2a...576a,https://bscscan.com/tx/0xe33b7566b5a619fdabfcd567466ddc1368a7c3fe8d9fb2bf5f47224057259693
2023-03-20 11:59:51,True,1.84e-07,5.44e-10,400700581.0,2.18,0x1b...7f6d,https://bscscan.com/tx/0x9ab882dd01bbc37740c912b0bf2fbf5a5cb6929c9969781afa8d83f459e40664
2023-03-20 11:59:42,False,1.823e-07,5.414e-10,593874980.0,3.21562,0xde...fa58,https://bscscan.com/tx/0xa8b62b97e2ac53c284ec5b8d1513c4745632cb3decec2f4bd659c9cd54f803e3
2023-03-20 11:58:39,True,1.841e-07,5.442e-10,503452044.0,2.74,0x08...af7e,https://bscscan.com/tx/0x113535a9df23d16c9efdfcad6c04d9839da481b50f8552b53351dc8a8effaa0a
2023-03-20 11:57:45,False,1.823e-07,5.414e-10,427986736.0,2.31743,0x2a...576a,https://bscscan.com/tx/0xe6f13265437366fea2c7f4391ede02380628211528facc7a59f3fc6536c824b4
2023-03-20 11:56:48,True,1.841e-07,5.441e-10,466773232.0,2.54,0x1b...7f6d,https://bscscan.com/tx/0xe17556b14763009ed048e1060d63b74fa3226b7d67d2e3e13b29be78c3a64ccf
2023-03-20 11:56:48,False,1.833e-07,5.416e-10,790043112.0,4.27941,0xec...0165,https://bscscan.com/tx/0x818f450a70d0ce94ea69bd35c243698545b1a2a7661576e67f327f54b3fd2fcd
2023-03-20 11:56:39,True,1.842e-07,5.443e-10,828500550.0,4.51,0xde...fa58,https://bscscan.com/tx/0xfc669297732b4877da524177ec63bd31c0dd74c92713fd73c83832642925dbeb
2023-03-20 11:54:36,True,1.829e-07,5.432e-10,693910633.0,3.77,0x2a...576a,https://bscscan.com/tx/0xbf9721fb75d3f2ea7df19fb8e3e229feaafb8c6fa025774b8ffb6b3c16a1c94a
2023-03-20 11:53:45,False,1.828e-07,5.403e-10,300467564.0,1.62346,0x1b...7f6d,https://bscscan.com/tx/0xfe815bda93539aca0a98adbf7543e4320013dfb395df991f4701bdc42daeeb65
2023-03-20 11:53:39,True,1.836e-07,5.426e-10,836633230.0,4.54,0xec...0165,https://bscscan.com/tx/0xbf1a8868d5b4fcec836dae2c6785aeb87afe9e50ca9ad558642beb7912d1b641
2023-03-20 11:53:36,False,1.826e-07,5.398e-10,716141902.0,3.86615,0xde...fa58,https://bscscan.com/tx/0x19d1097291e6998918f6d8159bd5b23659ae473b775b07587704a66f9b23ba21
2023-03-20 11:50:33,True,1.836e-07,5.425e-10,669003691.0,3.63,0xde...fa58,https://bscscan.com/tx/0xf71108f077a05d4127638e9a0091adb3ba21b259f6ba93517cbca5a96358e199
2023-03-20 11:50:30,False,1.818e-07,5.401e-10,1005112941.0,5.42882,0xec...0165,https://bscscan.com/tx/0xe9b9f508a69c06c51ab750e4bd5b816e3d2a6104c522add4181ee5af01ffac7d
2023-03-20 11:49:21,False,1.83e-07,5.41e-10,336189415.0,1.81893,0x08...af7e,https://bscscan.com/tx/0xaca3bf93efa675d7dc35f59a33fceab8f728e2d32548f1dcea5fc242bf7edac9
2023-03-20 11:47:33,False,1.823e-07,5.42e-10,1072621241.0,5.81381,0xde...fa58,https://bscscan.com/tx/0x2c4faa4bffb7914fa8dd8b8a13dadbff55c64750555d9c419513b6068465304c
2023-03-20 11:47:21,True,1.832e-07,5.446e-10,1125392050.0,6.13,0xec...0165,https://bscscan.com/tx/0xa9d8424a792a87a5ab2c2116386f44198f4eeb3b10007244cc653b0a260c6178
2023-03-20 11:45:06,False,1.831e-07,5.414e-10,360998457.0,1.95462,0x2a...576a,https://bscscan.com/tx/0x33be2d3eeb2c5d7bfb25847e64844d7cc8c2e3d73d6c73612d8106ab60660590
2023-03-20 11:44:36,False,1.833e-07,5.42e-10,467497528.0,2.53394,0x1b...7f6d,https://bscscan.com/tx/0x03ec92d00abfac754f2072087511362aa5e940e522ac895310a0a188ac00eea8
2023-03-20 11:38:45,True,1.843e-07,5.448e-10,332210231.0,1.81,0x2a...576a,https://bscscan.com/tx/0xbf7acb582c94ebe8f4ff471878785bfceb95fd03b608de5be79a00771107166b
2023-03-20 11:38:33,True,1.839e-07,5.438e-10,1110641434.0,6.04,0x1b...7f6d,https://bscscan.com/tx/0x4e2aca14655758b0dd8e30ffcb1b745b82c5b747c80dd1f86dbf69abf0baabd8
2023-03-20 11:37:54,False,1.831e-07,5.41e-10,1052924110.0,5.6971,0xec...0165,https://bscscan.com/tx/0xa4d72dcdd175c941b9a2331080645b26c688da4a928d4356da627d221b91b2a1
2023-03-20 11:37:00,False,1.835e-07,5.422e-10,601016306.0,3.25882,0x08...af7e,https://bscscan.com/tx/0x51f831c2aa776d5a2d8aa36938b483ed5bb0d135c6094f164019ed140d1ae3c0
2023-03-20 11:35:36,False,1.839e-07,5.433e-10,1058287388.0,5.75041,0x2a...576a,https://bscscan.com/tx/0x2c16f6fca157255d7b8ae84f5d6a1a97a0aff5a390a8f0adc95928e5c9f96a3e
2023-03-20 11:35:30,False,1.842e-07,5.442e-10,266779315.0,1.45205,0x1b...7f6d,https://bscscan.com/tx/0x714a9ed0254a05ce9918a027096d2954678439679ec89760e9ef467e0d34f1df
2023-03-20 11:35:21,True,1.85e-07,5.468e-10,517513844.0,2.83,0xde...fa58,https://bscscan.com/tx/0x32ba6bd43740dc697600bc7912db79b1d13ac2f006a1f5678d6542641516e738
2023-03-20 11:34:48,True,1.838e-07,5.458e-10,939863576.0,5.13,0xec...0165,https://bscscan.com/tx/0x974b25a17f51558b8f71347c66ed8910bd435b5050dbb7aa3a3b1a775bc12c66
2023-03-20 11:33:54,True,1.844e-07,5.447e-10,556189011.0,3.03,0x08...af7e,https://bscscan.com/tx/0xf7e1cbb064822ae5618b4184608c5b88c803b0c784bc8b81fab9391b0c5a8606
2023-03-20 11:32:27,False,1.824e-07,5.418e-10,246740867.0,1.33695,0x1b...7f6d,https://bscscan.com/tx/0xefd2b4210d32f55002a4bddebb2e62d6571d4c97d2f9ef9577216a49b5e28679
2023-03-20 11:32:24,True,1.833e-07,5.443e-10,586046281.0,3.19,0x2a...576a,https://bscscan.com/tx/0x5c0c96a8144775fec46afae46d4ddc26984534bfc35d5704238a941a6590a4bd
2023-03-20 11:32:18,False,1.823e-07,5.415e-10,545078186.0,2.95203,0xde...fa58,https://bscscan.com/tx/0x6a155735d79b6f656f6403a5ec3a0c4ae0dbd9b3a3f01a6a30c73493bb659707
2023-03-20 11:29:24,False,1.835e-07,5.423e-10,555715927.0,3.01388,0x1b...7f6d,https://bscscan.com/tx/0x015cf7a2ce535affd325a05b9b21412fdca3ff7587ad0d633a68d84e86eec785
2023-03-20 11:29:15,True,1.834e-07,5.446e-10,1156724514.0,6.3,0xde...fa58,https://bscscan.com/tx/0x60219516b1a0db23d4bb255d5b4482a4bbebec0e6deb414232477b088a4b152b
2023-03-20 11:28:30,False,1.834e-07,5.419e-10,1150516535.0,6.23485,0xec...0165,https://bscscan.com/tx/0xb207b79407b4e0384426891d7005643bb2faff1f4081f526a1bca93b035939c9
2023-03-20 11:27:45,True,1.835e-07,5.452e-10,315471123.0,1.72,0x08...af7e,https://bscscan.com/tx/0xb9d1fef9739ca8c9b82e5b2fb9f733a0bd8c6ca66c90b12e90a73354334cae23
2023-03-20 11:26:25,True,1.841e-07,5.445e-10,659277100.0,3.59,0x1b...7f6d,https://bscscan.com/tx/0x334e64f466cbd7c716530362e572eb3bfe25a0ca60f817c36f053e463e3e0a36
2023-03-20 11:26:03,True,1.838e-07,5.437e-10,415603658.0,2.26,0x2a...576a,https://bscscan.com/tx/0x7aef65b1cd1c7d2a1a9e5d076bb8f90c7c34c241b49c911223da8bac3ce9242a
2023-03-20 11:23:20,False,1.82e-07,5.409e-10,252105592.0,1.36379,0x1b...7f6d,https://bscscan.com/tx/0x158ff3936680247ba83de7016a7b9304e651d4c898b0e14da258b05445932e4c
2023-03-20 11:23:11,False,1.831e-07,5.414e-10,424878072.0,2.3004,0xde...fa58,https://bscscan.com/tx/0x7e70272b6db8989697b21f61817f802a176be64ce8be2dcde2aa863c5b1cccec
2023-03-20 11:22:53,False,1.833e-07,5.421e-10,609620193.0,3.30501,0x2a...576a,https://bscscan.com/tx/0xfed32a3f8c49d235a0ad769a7beac1689089d443069cdf68308dd57037fc6fbd
2023-03-20 11:22:14,True,1.843e-07,5.449e-10,495466372.0,2.7,0xec...0165,https://bscscan.com/tx/0x363b047c91987287a20d15d7b09490c69deba511bcff3e78310156419b00ee20
2023-03-20 11:20:17,True,1.841e-07,5.443e-10,352714463.0,1.92,0x1b...7f6d,https://bscscan.com/tx/0xc41070cbbe8554c3b00c680b04021879accb56189a50ee3b18a44ea64015c27c
2023-03-20 11:19:26,True,1.831e-07,5.441e-10,2000000.0,0.0108,0x27...8947,https://bscscan.com/tx/0x2e82d4e191baa279512c5bdc9c255e26713c92c24c0db4333d3c51c7890bd21a
2023-03-20 11:17:08,False,1.832e-07,5.417e-10,586014443.0,3.17497,0xde...fa58,https://bscscan.com/tx/0xd1cc2cdae522eab38de06d0a29e817cd3303b8be4761ef0f921e4aeec3eff165
2023-03-20 11:14:02,True,1.843e-07,5.445e-10,517854159.0,2.82,0xde...fa58,https://bscscan.com/tx/0xcd02134a36b9fac2ebf8524a5969c1ae2f749299f498a29548f3c58b5e213742
2023-03-20 11:13:25,False,1.824e-07,5.417e-10,384260052.0,2.0817,0x2a...576a,https://bscscan.com/tx/0x536a4fb4f2ecb0895388f566a1733add84685e10050776d81a5402c9e5c79551
2023-03-20 11:13:13,False,1.825e-07,5.42e-10,9235953.0,0.05,0x4c...5292,https://bscscan.com/tx/0x4675467d88c65860617c88dfd9fef9abac51d3bbaf952841aba33de328f4c288
2023-03-20 11:11:10,False,1.827e-07,5.425e-10,738319285.0,4.00563,0x1b...7f6d,https://bscscan.com/tx/0xfc8570b53e904bbc514808dee1fee926fd7c743505f4e9acaffca9e8e0b5e2d9
2023-03-20 11:11:01,False,1.83e-07,5.434e-10,512210295.0,2.78336,0xde...fa58,https://bscscan.com/tx/0xc57679e96d5f5966cf894d7c5d525fc7fc49a5bcd567c946002f8208f8ffd191
2023-03-20 11:09:13,True,1.848e-07,5.462e-10,378967935.0,2.07,0x08...af7e,https://bscscan.com/tx/0x5f5eeb942f9c6242a7dcbfb1ce90a3188ac56631cdf4b620becca6e4748011db
2023-03-20 11:08:24,False,1.836e-07,5.429e-10,61844.0,3.357e-05,0x24...b9d0,https://bscscan.com/tx/0x93b802676434eeedeb451e9ba1ab8106db36f9d1ed9e93f2e42c0bd031acf152
2023-03-20 11:08:07,True,1.836e-07,5.454e-10,718669783.0,3.92,0x1b...7f6d,https://bscscan.com/tx/0xeda815aa615cf6eaf85672d7bb070a64d4a1091cfbb49b7bbeab0d766cfa2b96
2023-03-20 11:06:32,False,1.832e-07,5.425e-10,455960354.0,2.47379,0xec...0165,https://bscscan.com/tx/0x1717910ddb8d78e38f24b530bf573414c61e7ec9d4e90c90953bbabc0806cd68
2023-03-20 11:06:08,False,1.834e-07,5.43e-10,291691635.0,1.58407,0x08...af7e,https://bscscan.com/tx/0xe44327e7ad91858e16bf2b2f497d1ec8fdff61c5c0c6698ffef3502072e5b7e8
2023-03-20 11:03:52,True,1.841e-07,5.453e-10,970082846.0,5.29,0x2a...576a,https://bscscan.com/tx/0x63acacd11291f10ea015c0ba38963f889f661310949df32d8c19096e691cbc7e
2023-03-20 11:02:03,False,1.832e-07,5.423e-10,650976644.0,3.5307,0x1b...7f6d,https://bscscan.com/tx/0x575f6d0e59e48add3d1a09ba939e3794968aa8c25ad27b7a0a9dc21e4c81b38e
2023-03-20 11:00:15,True,1.832e-07,5.452e-10,438340777.0,2.39,0xec...0165,https://bscscan.com/tx/0x2cae01bf61ab760f5324e4f98c3a38f03b03c5b639e77fd1c8810f696ff558d5
2023-03-20 10:59:18,False,1.831e-07,5.422e-10,1137445.0,0.0061,0x2d...6de7,https://bscscan.com/tx/0xd776d418876aedd55c0653db51d0b7737c66754881e1cfaa7e5e0c7439b0d2fd
2023-03-20 10:59:00,True,1.839e-07,5.445e-10,528863101.0,2.88,0x1b...7f6d,https://bscscan.com/tx/0x9695a506365364ae0c5885b142a37c7fd897d428047061895d545513b65cf818
2023-03-20 10:57:06,True,1.836e-07,5.437e-10,632637506.0,3.44,0xec...0165,https://bscscan.com/tx/0x4105a0115728ce36e629fb046c15067dad42de53e11053221a127d3a562500d1
2023-03-20 10:56:51,False,1.818e-07,5.412e-10,923403667.0,4.99773,0x08...af7e,https://bscscan.com/tx/0x89cc78714f7fedc4d8dfc21c2d9ec5e7e0d3b02a1bac492650a03ac4e0e89ca6
2023-03-20 10:55:57,False,1.832e-07,5.424e-10,828656828.0,4.49508,0x1b...7f6d,https://bscscan.com/tx/0xe62313eb37ef5d6fb8f4d4dcdb430b68bc4ea9a5e7407e62e60bb066df478b48
2023-03-20 10:54:21,False,1.835e-07,5.434e-10,560161903.0,3.04402,0x2a...576a,https://bscscan.com/tx/0xa4908d4f6c63e779453e5e3a6a8b84d3304d9b195d4fb83ddf18ab824037771c
2023-03-20 10:53:57,False,1.828e-07,5.44e-10,382699610.0,2.08217,0xec...0165,https://bscscan.com/tx/0xbd9aea570414cd8d9ec23e8706fed037471ad0a7f274192c89b088209f51d036
2023-03-20 10:53:45,True,1.836e-07,5.463e-10,991993106.0,5.42,0x08...af7e,https://bscscan.com/tx/0xb9fc424a88fb1c9573ac885a04eb00b89d6c4dc61204ee5622e287d1b4956104
2023-03-20 10:49:42,True,1.838e-07,5.451e-10,720867403.0,3.93,0xde...fa58,https://bscscan.com/tx/0xc77301f922bb093af71cb441bb312a5e568e4471ddf66d9fe4fa06368eca195c
2023-03-20 10:47:39,True,1.829e-07,5.444e-10,361852110.0,1.97,0xec...0165,https://bscscan.com/tx/0x6ecd196000d44c381fd8b2eb6e1949cfc16b19d817fa1ca839c9b77d5d979c2b
2023-03-20 10:46:48,True,1.836e-07,5.437e-10,616103138.0,3.35,0x1b...7f6d,https://bscscan.com/tx/0x9d7fc89d5ba54fba89249b22cc86d1aeea861c40d48903d5cb52479760431875
2023-03-20 10:42:42,True,1.825e-07,5.433e-10,1000000.0,0.0054,0x8e...4c1e,https://bscscan.com/tx/0x12dccc4a55fb5251ef81373bf93980c2ae15dae90fde97173b209aceb2e0ac7c
2023-03-20 10:41:24,False,1.826e-07,5.411e-10,858208005.0,4.64454,0xec...0165,https://bscscan.com/tx/0xe0d18a5634b6497ffea53a7172f62ef1ac3bb0c93cbb2b0025ce1605f1825ed5
2023-03-20 10:40:45,True,1.837e-07,5.443e-10,279253840.0,1.52,0x1b...7f6d,https://bscscan.com/tx/0xc06ef8f10f6556d5be4624d79dd7478a97907814e263faf56318309f023b81e6
2023-03-20 10:39:06,False,1.827e-07,5.413e-10,5378216.0,0.0291,0x7e...e4f9,https://bscscan.com/tx/0x6caf64640035138d417f4afe2f19f639cda5938a498b98b0e7265b32800e5902
2023-03-20 10:38:18,False,1.82e-07,5.419e-10,726183198.0,3.93524,0x08...af7e,https://bscscan.com/tx/0x2271db79fdc681dae1cdb91781beeada489f83e428077829f4badabdec55dd93
2023-03-20 10:35:18,True,1.832e-07,5.446e-10,631551984.0,3.44,0x2a...576a,https://bscscan.com/tx/0xa84fae8cd47fbaf20b9e8f483652c34df9c8c3e769c1c8291f8d7cb184779752
2023-03-20 10:34:30,False,1.823e-07,5.418e-10,510852294.0,2.76824,0xde...fa58,https://bscscan.com/tx/0x4087784ce264608a9ffd09d1e9dcc882dfb43b67523ac02cba571aceb105c5f1
2023-03-20 10:32:09,True,1.84e-07,5.443e-10,856046133.0,4.66,0x08...af7e,https://bscscan.com/tx/0x526b60c82994a944891d6b7062ac7641a24495063752935a9e03c0f86fb97a29
2023-03-20 10:31:57,True,1.836e-07,5.431e-10,926124954.0,5.03,0xec...0165,https://bscscan.com/tx/0xc69f652fb6ddf46d50e332ff20dc31965faf207d9a1e1c2ee504729cbfd7f486
2023-03-20 10:31:36,False,1.826e-07,5.401e-10,605827264.0,3.27262,0x1b...7f6d,https://bscscan.com/tx/0xcd8ac07dc83f101c39db6e5545193a29db24b374995d877f65920cb8e675179a
2023-03-20 10:31:27,False,1.828e-07,5.408e-10,422181156.0,2.28357,0xde...fa58,https://bscscan.com/tx/0x57f35fc904387fd5ec861bcef25fcd3086bda147791a3c0354e2b52cfe847641
2023-03-20 10:29:03,False,1.821e-07,5.416e-10,688507527.0,3.72941,0x08...af7e,https://bscscan.com/tx/0x7a4b6f4cf5aec6fdbeda679c815a2e7e6a571229424442d6a823f0dbffb4f8d0
2023-03-20 10:28:57,False,1.824e-07,5.424e-10,513477044.0,2.78561,0x2a...576a,https://bscscan.com/tx/0x164109b036b95c79954992dc723908c523082b4ca8d750f260b40d80e008c09b
2023-03-20 10:28:24,True,1.843e-07,5.452e-10,430973418.0,2.35,0xde...fa58,https://bscscan.com/tx/0x453e7c3403b19bdb9e0422b07d114d990fc49fd95d74c976282a02fa9ed6de96
2023-03-20 10:27:24,False,1.833e-07,5.423e-10,122709249.0,0.6655,0x9f...791a,https://bscscan.com/tx/0xa8fb77acf8cb77a915c8cba79e8071f4ec8e146dbfbc6a8a5d0247bd5620be02
2023-03-20 10:24:52,False,1.823e-07,5.424e-10,7374805.0,0.04,0x39...f4d3,https://bscscan.com/tx/0x1c094bbf2a89eedf0526107fd9bd0e750a8b4227af5a4cd7dfb20918c7a2f06b
2023-03-20 10:21:54,True,1.842e-07,5.451e-10,36688351.0,0.2,0x2e...5746,https://bscscan.com/tx/0x81bfc5e8db1a37fb14d30a6e71b439c730588789ee68097d9fd2ebd360005d51
2023-03-20 10:21:51,True,1.833e-07,5.451e-10,6000767.0,0.0327,0x40...89ec,https://bscscan.com/tx/0x27a91d86c055adb8bd41d7e3fb9a999cd59b2658184ca1b06bbec30722833eaf
2023-03-20 09:39:05,True,1.833e-07,5.45e-10,6339167.0,0.0345,0x88...b82c,https://bscscan.com/tx/0x7d82ef60f1f118e440a5ed7a35d05bbefba47c71987ae29f9d117f3fe72a8c44
2023-03-20 09:34:17,False,1.818e-07,5.424e-10,148994030.0,0.8082,0x41...04d6,https://bscscan.com/tx/0x119b32c34451f07af0c9c149025702d1e4c0f39e97101a2c53b23d9d8e6bb5a6
2023-03-20 09:28:23,False,1.815e-07,5.425e-10,13353003.0,0.0724,0x74...744b,https://bscscan.com/tx/0x3050555fb7e676fe910425d832643824fc688f1d928f16776e10ac3b8dfdceb3
2023-03-20 09:24:59,True,1.833e-07,5.453e-10,1690088.0,0.0092,0x64...de3c,https://bscscan.com/tx/0x8e726eeadceda191b61e2041180a7beabc4d0bce6463a6d09f575496c3211b01
2023-03-20 09:21:50,False,1.824e-07,5.425e-10,13663620.0,0.0741,0x1f...c2ae,https://bscscan.com/tx/0x60e85bf53569e81218dd4b800c706e1de01c435b10365ac3e619b78c2346acc2
2023-03-20 09:21:20,False,1.814e-07,5.423e-10,106633.0,5.783e-05,0x24...b9d0,https://bscscan.com/tx/0xc64d30a468671793c42bdd23184b90ed8fb7f518ed962c993b080d10d7900c37
2023-03-20 09:20:20,True,1.834e-07,5.453e-10,3087517.0,0.0168,0x7b...0eff,https://bscscan.com/tx/0x57b678c884c6a2c7c07d4dc310092fa6ced8de5890ab489c03e08c5613812e48
2023-03-20 09:12:32,True,1.836e-07,5.453e-10,926599.0,0.005,0xbf...cef6,https://bscscan.com/tx/0xb36e5bf01f4e218ee32dc2391f8972fc67622e912e0fafa3c5ac45fea43bad8e
2023-03-20 08:45:23,False,1.811e-07,5.423e-10,191433.0,0.001,0x24...b9d0,https://bscscan.com/tx/0x88d2ee847c9b0571a7b873168ce09a21b3a4c40090b1de55115efb6a67226ba8
2023-03-20 08:26:04,False,1.822e-07,5.426e-10,131596335.0,0.7141,0x8c...190d,https://bscscan.com/tx/0x5793028f90ec32702ab79f9ea3c9485bc0841a69641691a981be02596094cf9b
2023-03-20 07:49:18,True,1.825e-07,5.454e-10,20991235.0,0.1145,0x15...3178,https://bscscan.com/tx/0x992fb75ded20da9920f0ac1b53d97762a102d27638d51dab2fdecaef4d36eea9
2023-03-20 07:45:51,True,1.825e-07,5.454e-10,28084424.0,0.1531,0xd5...b64a,https://bscscan.com/tx/0xa0f652599eb7dd2f83ce57b8556c978fe7827d12a08e1b33b047d614fc3a0e43
2023-03-20 07:44:29,True,1.816e-07,5.453e-10,95199923.0,0.5192,0xd5...b64a,https://bscscan.com/tx/0xf9e29c39352ea587c766d7ed44b57e1deaca397b85f56d4921af529c0171276b
2023-03-20 07:43:08,True,1.827e-07,5.453e-10,6106601.0,0.0333,0x82...37ce,https://bscscan.com/tx/0x0d3f39e20004b9ab600365e33d13ceea5b6dfcc4cd48aa450d68719a60f58ef7
2023-03-20 07:32:30,False,1.821e-07,5.425e-10,9669793.0,0.0524,0xad...bb7d,https://bscscan.com/tx/0xa29c0c4082dedd74e836a0a3f41e8dc44675bed287f06230849905f1c25b6f1d
2023-03-20 07:02:42,False,1.819e-07,5.426e-10,67753070.0,0.3676,0x31...4def,https://bscscan.com/tx/0xc427be635effc0691ab6a081b91dcb50dfe5c6319a9bebb4f5d77970776b786a
2023-03-20 06:45:20,True,1.828e-07,5.453e-10,39700000.0,0.2165,0xa0...29a6,https://bscscan.com/tx/0x899d738982dfd23d5319f6caec90cb3ca5741d4263b41322bb7f2ee17654a05e
2023-03-20 06:09:54,False,1.814e-07,5.431e-10,687565478.0,3.73422,0x2a...576a,https://bscscan.com/tx/0xeb2745f0536ab33e5694c39598729f3c6ad18d97a39fb6857c309c799dac3196
2023-03-20 06:07:48,False,1.825e-07,5.435e-10,21480279.0,0.1167,0x1a...3daa,https://bscscan.com/tx/0x041bb9f32ebfb6f142fef8156a14915551eeaa58ac54cc08113befbac6c57bcb
2023-03-20 06:06:45,True,1.822e-07,5.456e-10,947443862.0,5.17,0x2a...576a,https://bscscan.com/tx/0xe113ca50c87aa65a26e6ac37d1bfc61468cfc587e2de44b4deb054c591ca3ae7
2023-03-20 05:53:15,True,1.824e-07,5.45e-10,7529449.0,0.041,0x20...3d4e,https://bscscan.com/tx/0x79a410e765a7fc0c79341a6a6da1c1137c4ccf6788595a2135e8e7509f729ce6
2023-03-20 05:50:52,False,1.807e-07,5.428e-10,825856059.0,4.48323,0x2a...576a,https://bscscan.com/tx/0x51772c7e64853181246db4542be7ffec3ad059273086b1b390e7b76c848767f5
2023-03-20 05:49:42,True,1.826e-07,5.457e-10,586351182.0,3.2,0x08...af7e,https://bscscan.com/tx/0xd0a65807b12f4ad9afe6f5fb9d4789f3eed62aa785802424e10cfc5ddd71812b
2023-03-20 05:48:00,False,1.815e-07,5.427e-10,246459544.0,1.33775,0x1b...7f6d,https://bscscan.com/tx/0x3c5f9ef5f90b9bb31b28af53ae5aa962fdd2aa318be4027cfe9dcfea14fa46df
2023-03-20 05:47:42,True,1.824e-07,5.454e-10,311661228.0,1.7,0x2a...576a,https://bscscan.com/tx/0x617c0d1faf5d2a66ff3627d2b34f60b5bebb0651bad34ed904d06182fb0fcb33
2023-03-20 05:46:33,False,1.816e-07,5.428e-10,452018772.0,2.45373,0x08...af7e,https://bscscan.com/tx/0x8801e9ed46be0fa41fb9e86ea0d1aa937128b95deeb830a16b206b71d9200ade
2023-03-20 05:45:00,True,1.825e-07,5.456e-10,342718680.0,1.87,0x1b...7f6d,https://bscscan.com/tx/0xfff6029c2a92345037e496edd17ed779784abc2a84780c9b6f51ba059647977f
2023-03-20 05:44:36,True,1.813e-07,5.449e-10,658791673.0,3.59,0xde...fa58,https://bscscan.com/tx/0xe1e7b76ed8f8fbba6288b42bec1c2bfa8b675388487d5b6afdabc28248fdf8ef
2023-03-20 05:43:21,False,1.804e-07,5.424e-10,1067847175.0,5.79307,0xec...0165,https://bscscan.com/tx/0xe2d4f632002cf24e62972ccfba9f57d6db1b3508a516e742e3c3fb3e19fe1aaa
2023-03-20 05:43:00,False,1.817e-07,5.432e-10,6656294.0,0.0361,0x55...2ad0,https://bscscan.com/tx/0xc3e9ecbc61c66dc639804573ef52afd10b65bc6ccfc4394ed083f20c3f5c1e1f
2023-03-20 05:40:24,True,1.816e-07,5.455e-10,538858219.0,2.94,0x08...af7e,https://bscscan.com/tx/0x663f1b7fdb8308211bfb5763fbd582bc0b62968c550b23617be0b3814df308ca
2023-03-20 05:38:54,False,1.807e-07,5.426e-10,243391151.0,1.32081,0x1b...7f6d,https://bscscan.com/tx/0x392bb2bfb01ed8b5998bc6c3a7fc82e9d92b0da6b0efe51e342e7e2b1ff60535
2023-03-20 05:37:39,True,1.825e-07,5.455e-10,14578797.0,0.0795,0xc5...9fbb,https://bscscan.com/tx/0xe9ff7caf2013ad03ad5b0f07074422bd49c6ecb6e41a2ac886a977245ce4a6af
2023-03-20 05:37:03,True,1.815e-07,5.451e-10,623733600.0,3.4,0xec...0165,https://bscscan.com/tx/0x886efb1969dad5836b996128caeae5376f729506b165d02a6fbb379cac9619c4
2023-03-20 05:35:03,True,1.821e-07,5.442e-10,613698278.0,3.34,0x2a...576a,https://bscscan.com/tx/0x5e682d694733800d61553b34f30a028c799b02430640856c09b5d62b3da26cf5
2023-03-20 05:29:21,False,1.813e-07,5.417e-10,876076186.0,4.74575,0xde...fa58,https://bscscan.com/tx/0x0ea765fc4620d152b589366a99df8163e923066e44016f7e1250ef864779ab4a
2023-03-20 05:28:48,True,1.823e-07,5.449e-10,47801369.0,0.2605,0x2e...8d17,https://bscscan.com/tx/0xfe34d4584accb92f609748b349174ac12f792574d509854a99771d58ee42fb5e
2023-03-20 05:27:36,True,1.823e-07,5.447e-10,284525174.0,1.55,0xec...0165,https://bscscan.com/tx/0xc73b373e60b3d0e13d849344cab849b41df41d81d525631e037eb68cd0f2c5fc
2023-03-20 05:26:45,True,1.82e-07,5.44e-10,733378406.0,3.99,0x1b...7f6d,https://bscscan.com/tx/0xc0eb974b63c8172874464af97e5f6b146aa17101a814c7e9f8436433643f45d9
2023-03-20 05:25:30,False,1.802e-07,5.413e-10,771465632.0,4.17646,0x2a...576a,https://bscscan.com/tx/0xf628cff34dcc3af773f5df81424a0f1b954977bba4e4e66fe9c33690d741d68d
2023-03-20 05:24:29,False,1.813e-07,5.423e-10,597832556.0,3.24213,0xec...0165,https://bscscan.com/tx/0xa7b1e540e4155db382387da09a91954823bf6492990d619ef66cd9e6883b372f
2023-03-20 05:23:15,True,1.814e-07,5.451e-10,486138464.0,2.65,0xde...fa58,https://bscscan.com/tx/0x61ebee56c8b9f295f7e7446ee80bf4eeb8c5d97f71326ad7ab6e706b644becca
2023-03-20 05:21:57,True,1.812e-07,5.447e-10,58375835.0,0.3179,0x48...fcd0,https://bscscan.com/tx/0xf9424b111e3ed27a61f64d25f48c49e3a35ec0a98463a7758e50e06627f99ef1
2023-03-20 05:21:48,False,1.805e-07,5.427e-10,1072394382.0,5.82006,0x08...af7e,https://bscscan.com/tx/0x45cc6103f94fed5768d2c617049772bce9dd12c38fd833819b55e53d86e38d6b
2023-03-20 05:21:21,True,1.825e-07,5.458e-10,509315838.0,2.78,0xec...0165,https://bscscan.com/tx/0x474a6d3a4c2dae6b5c47f5d11e22974e698fa285a70b094c0ad4cdab8e6b5501
2023-03-20 05:20:39,False,1.807e-07,5.432e-10,691321853.0,3.75548,0x1b...7f6d,https://bscscan.com/tx/0xf60723b3c9424e1fecc4397ad340981db97dfe298a9e5cb5d54e0ff743b03b16
2023-03-20 05:20:15,True,1.826e-07,5.461e-10,386327401.0,2.11,0xde...fa58,https://bscscan.com/tx/0x8c7c633512137bc9571e34f07a2d64851e4575f2ddd02cc54657396a74e653dd
2023-03-20 05:18:48,True,1.815e-07,5.452e-10,904146142.0,4.93,0x08...af7e,https://bscscan.com/tx/0xed92a91bedf4bb590eed2dcca93020d9040aae98b33d9ccaadf48ade7055bf32
2023-03-20 05:17:36,True,1.811e-07,5.442e-10,571442720.0,3.11,0x1b...7f6d,https://bscscan.com/tx/0xec953154ff3acec4aa554067b5209db7c6458ee43e94b4eaf733fca4459b1a5b
2023-03-20 05:17:09,False,1.811e-07,5.413e-10,362184471.0,1.96077,0xde...fa58,https://bscscan.com/tx/0x533b0f63c74c780cd196081d689f63ee4dc17b27fc2bbc148e574a4808aafe8e
2023-03-20 05:15:39,False,1.804e-07,5.418e-10,301654985.0,1.63447,0x08...af7e,https://bscscan.com/tx/0xe12b98e28692c303c7867ff164d1804ea3b334e2a061c843d95f1ad70e5a4bb2
2023-03-20 05:15:03,False,1.806e-07,5.423e-10,514683459.0,2.79164,0xec...0165,https://bscscan.com/tx/0x2358792a7f659a902379c71d07bbe22b5a76d9efc070bef741036dc3acaf9bef
2023-03-20 05:14:33,False,1.817e-07,5.431e-10,632326522.0,3.43476,0x1b...7f6d,https://bscscan.com/tx/0x535fbd7a01f5853e629bf83aeeef8c97418dc0c0dbbb71ec3573634f6d678672
2023-03-20 05:14:09,True,1.817e-07,5.46e-10,410200607.0,2.24,0xde...fa58,https://bscscan.com/tx/0x5bbc7ebcf7b955e4c760b3015cbefa75b1660067000bc0a0a969eb6254b25fa8
2023-03-20 05:12:03,True,1.815e-07,5.457e-10,17972401.0,0.098,0x7b...0eff,https://bscscan.com/tx/0x8da313ec53342522dff77b33c9b8bb181eba935cae4870b7909a528803e92f64
2023-03-20 05:11:33,True,1.822e-07,5.451e-10,874988397.0,4.77,0x1b...7f6d,https://bscscan.com/tx/0xc29dcbb7c7fe092c0ff23aab3e8983e0be230c8828bd173f84770f85e08cb84e
2023-03-20 05:11:06,False,1.803e-07,5.425e-10,1055754962.0,5.72803,0xde...fa58,https://bscscan.com/tx/0x3b639274e79ecc4f9dc4b44547b477ec7b176d8a3e5dc3f75084ab0f06869d8d
2023-03-20 05:09:06,False,1.812e-07,5.43e-10,103991.0,5.646e-05,0x24...b9d0,https://bscscan.com/tx/0x540529a0494f432e584172d7d2e83aa155c5ccb20aa332316ab551a2d3a969bb
2023-03-20 05:08:45,True,1.821e-07,5.456e-10,518648922.0,2.83,0xec...0165,https://bscscan.com/tx/0x360a3588975a7a462a69d746158a58333434189afd321635acde948c5c117a15
2023-03-20 05:05:03,False,1.808e-07,5.425e-10,416421.0,0.0022,0x00...b655,https://bscscan.com/tx/0x18469dd31a95467a95a7ff04fbe581a4a90c872fa1313f6adacb08d85555e160
2023-03-20 05:05:03,True,1.815e-07,5.445e-10,1024659794.0,5.58,0xde...fa58,https://bscscan.com/tx/0xe419deadea38962fce45fa5e624c876de1e1c8c97acf7d26fa62f17af8b55315
2023-03-20 05:03:21,False,1.804e-07,5.413e-10,245306700.0,1.32787,0x2a...576a,https://bscscan.com/tx/0xedfc4e4a83f91e48438e8761f7b2b0112fd21e1428fc86ea9976de5071983a24
2023-03-20 05:02:00,False,1.8e-07,5.421e-10,1023471502.0,5.54916,0xde...fa58,https://bscscan.com/tx/0x71bf1313eae572dddb93edf50906094e3639ce1f27a3ec9fe8c0b02c54645c38
2023-03-20 05:00:09,True,1.81e-07,5.452e-10,480480466.0,2.62,0x2a...576a,https://bscscan.com/tx/0xdbccfcdcb1fdb37ad661618060827cadc45040ebdb89554a1f35a0557ab0a94a
2023-03-20 04:59:21,False,1.802e-07,5.426e-10,655244621.0,3.55592,0xec...0165,https://bscscan.com/tx/0x74dcf57750dae0af88434fced99404cdabd5f19af4af98513f2568bb2068060b
2023-03-20 04:58:54,True,1.81e-07,5.451e-10,973982426.0,5.31,0xde...fa58,https://bscscan.com/tx/0xf5d5d723716e7ceaec1407e5a74b59d260b249b2787714156b57831ac373d435
2023-03-20 04:57:00,True,1.807e-07,5.441e-10,556865698.0,3.03,0x2a...576a,https://bscscan.com/tx/0xcabd45e66a7fa48b377badd50024d207b59816b52d99f7fe47ddf90a799cf169
2023-03-20 04:56:18,False,1.798e-07,5.414e-10,654607404.0,3.54449,0x1b...7f6d,https://bscscan.com/tx/0x0cf6c78d66f20564636bb1d8e7a5606e456dbbacf87cd69498a9fc54fa2674ac
2023-03-20 04:54:03,False,1.802e-07,5.422e-10,493139044.0,2.6741,0x08...af7e,https://bscscan.com/tx/0xfa0ad35085366f386336c39b199745606a969663058c1f6e8d67e0f86e806e93
2023-03-20 04:53:03,True,1.81e-07,5.446e-10,927152878.0,5.05,0xec...0165,https://bscscan.com/tx/0x5e724ea80c4ae0dccf377410ac2f813b2b5cf1a322045f984cef5ec43ca803d4
2023-03-20 04:52:51,False,1.8e-07,5.418e-10,765914508.0,4.15008,0xde...fa58,https://bscscan.com/tx/0xda5b6835df7bd0c2f7eaa0511e2427cd8f8dfe8c21f635fd81333aba00ef4f35
2023-03-20 04:50:12,False,1.804e-07,5.426e-10,371189281.0,2.0142,0x1b...7f6d,https://bscscan.com/tx/0xb63c5c26ae1869d19aad650fc02222f49725b11a6d125ad1e5e5da9ca005fd17
2023-03-20 04:49:57,False,1.807e-07,5.433e-10,646010306.0,3.51004,0xec...0165,https://bscscan.com/tx/0xcfbc5e43b7565dc1b96cac3e95ca85263e147fed404204e5536c1d073489c81c
2023-03-20 04:49:48,True,1.826e-07,5.462e-10,424737127.0,2.32,0xde...fa58,https://bscscan.com/tx/0x13e6068e65655256173e0a5b3a0eb58d915f15588a3c68444f85ac25689ed3f5
2023-03-20 04:47:48,True,1.824e-07,5.459e-10,21594222.0,0.1178,0xc9...c262,https://bscscan.com/tx/0xd2ed3c7573384e37b2d086f0e5da6a209d6c9c2c8e704bfdae34f873ef159a3e
2023-03-20 04:47:27,False,1.816e-07,5.433e-10,319958571.0,1.73862,0x2a...576a,https://bscscan.com/tx/0xb17876d77696d1679ac50a633787671fb6baa25cd324b1e15fa723ffb3b712d4
2023-03-20 04:46:48,True,1.815e-07,5.459e-10,606321676.0,3.31,0xec...0165,https://bscscan.com/tx/0xc26325c723d37bd9a3f0e3a9aeadb365e95f9c44c5ad9aa5186c16d4cf6f275e
2023-03-20 04:44:18,False,1.815e-07,5.433e-10,774929086.0,4.21024,0x2a...576a,https://bscscan.com/tx/0xb3c4e17b340515a8525806aefcc685223522af36bb9d7c2fec24b76827e5ebf7
2023-03-20 04:44:06,False,1.817e-07,5.438e-10,12540608.0,0.0682,0x9e...84ae,https://bscscan.com/tx/0x5aaba29a63b6db48502c78ba56478c61c9c1fcd800b8ce15f2bf27978c512315
2023-03-20 04:44:06,True,1.824e-07,5.459e-10,903000104.0,4.93,0x1b...7f6d,https://bscscan.com/tx/0x1e7f40090a95a7132086e138e0fa0dcff4c5292426d09d31fccf5325c15a0528
2023-03-20 04:43:42,True,1.821e-07,5.45e-10,337558432.0,1.84,0xde...fa58,https://bscscan.com/tx/0x6c3cd7a97c858a62e0cc60e345f20650d7ae9814542b0210164d5c5fbb647732
2023-03-20 04:40:30,False,1.806e-07,5.427e-10,829932323.0,4.50413,0xec...0165,https://bscscan.com/tx/0xa271d80ef9f342616de8e4b7c8543e3e0afe56540c0749708b92dddd7d6d1604
2023-03-20 04:38:03,False,1.818e-07,5.435e-10,388348525.0,2.11089,0x1b...7f6d,https://bscscan.com/tx/0x60e827ce9ec29a4a1e1091461a1618232634e88da2a4c56d299c8120bcfe001a
2023-03-20 04:37:57,True,1.826e-07,5.459e-10,824209640.0,4.5,0x2a...576a,https://bscscan.com/tx/0xfabcab78667ded3ac77f573eeb8a6806d394e307e68acccfeb79aaa845630d2c
2023-03-20 04:37:36,False,1.807e-07,5.43e-10,603558565.0,3.27791,0xde...fa58,https://bscscan.com/tx/0xc8d3f72c625bdb8816485adbbfde49a20bd6452fa5a689b76588f67002b2baa8
2023-03-20 04:37:21,True,1.825e-07,5.457e-10,663271698.0,3.62,0xec...0165,https://bscscan.com/tx/0x045a059b0bcdbe96ae1d441c8dca19f7ffddbfadb37851f37c128803a1bba957
2023-03-20 04:35:24,False,1.805e-07,5.425e-10,46465.4,2.521e-05,0x20...804a,https://bscscan.com/tx/0x78d467b73e3645afef0b8b7fff7dda295a11bacd4c2cd33c80341386a2162698
2023-03-20 04:35:00,False,1.814e-07,5.428e-10,341076164.0,1.85146,0x1b...7f6d,https://bscscan.com/tx/0xcde761ccdf492f223469a1f57aa13e274ff72c3369d6880dd9a7b1e4eace1284
2023-03-20 04:34:12,False,1.808e-07,5.435e-10,637341305.0,3.46401,0xec...0165,https://bscscan.com/tx/0x3d94fb42dd2d85ffab8fdceeef2f9ccba6ef4ea094a2ee9ff1e17322e2f54fa6
2023-03-20 04:31:36,False,1.82e-07,5.444e-10,699425984.0,3.80796,0x2a...576a,https://bscscan.com/tx/0x145460dbc8512601c5e11deb6c2bd8dd8397bbc65e14869ab2e636e4f765a7c0
2023-03-20 04:28:57,True,1.831e-07,5.473e-10,486003905.0,2.66,0x1b...7f6d,https://bscscan.com/tx/0x7467c8d74a4dd2f5128b4afefedbafc9810057b820cb47c4f2b7873e6ddea0c4
2023-03-20 04:26:12,True,1.828e-07,5.467e-10,387776036.0,2.12,0x08...af7e,https://bscscan.com/tx/0x93ee3993fd602b94efa2152d62d911435b9567dff7bd446245970471c6d9821b
2023-03-20 04:26:09,True,1.827e-07,5.464e-10,732017.0,0.004,0x18...693d,https://bscscan.com/tx/0x85a83ab970329adda0d85a35b51277a1142f16171abda686b62d78aedeca9a48
2023-03-20 04:25:27,True,1.82e-07,5.464e-10,31000000.0,0.1693,0x90...8c95,https://bscscan.com/tx/0xb2df36a3d146bb7f48f2596a767d262eb8fbc6ef592e709917652986e4481757
2023-03-20 04:25:15,True,1.828e-07,5.458e-10,833628186.0,4.55,0x2a...576a,https://bscscan.com/tx/0xfd69de46da1808a96e52aa10046ca2626368fd2c8c74d10ed05292bf0bd03581
2023-03-20 04:24:48,True,1.824e-07,5.445e-10,954903804.0,5.2,0xec...0165,https://bscscan.com/tx/0x30030162915859c2b755f9eae645cc773af221b024fea6277f373145f62e89b4
2023-03-20 04:23:09,True,1.826e-07,5.436e-10,279566940.0,1.52,0x08...af7e,https://bscscan.com/tx/0x60a40a58326eed09002d6cd07520db2fe4b091c5b242c2ed125f20007942cb76
2023-03-20 04:22:48,True,1.815e-07,5.43e-10,591059358.0,3.21,0x1b...7f6d,https://bscscan.com/tx/0xf72dbae57f2aafe190236fde1648c39cf747fc3d100cad06954c0728a4e5e9ea
2023-03-20 04:22:24,True,1.812e-07,5.421e-10,809782430.0,4.39,0xde...fa58,https://bscscan.com/tx/0x6ebd62d288e065589b28939ab50d1707a08593feeea91ca72710d24aedc16ce1
2023-03-20 04:22:06,True,1.811e-07,5.415e-10,314000.0,0.0017,0x90...8c95,https://bscscan.com/tx/0x676461e0f1736acee66ca37464457143b4ba6d54fb0c6200a0a2fec9bf7ff3ec
2023-03-20 04:22:06,False,1.803e-07,5.391e-10,442386943.0,2.38518,0x2a...576a,https://bscscan.com/tx/0xa448bbe74b489f8c39b8df88c14f1b33bb80b27243f91cd77b99e47f8ab5530b
2023-03-20 04:20:30,True,1.823e-07,5.421e-10,60000000.0,0.3252,0x90...8c95,https://bscscan.com/tx/0xfcae2c8add057ed4f15bfb7b15b5d944c00d36624151ec08de232c8f81ae254a
2023-03-20 04:20:03,False,1.816e-07,5.398e-10,703086945.0,3.79572,0x08...af7e,https://bscscan.com/tx/0x2edffac3b8756bda0ebe5b2acd72eb7161a0bb34d85e5da2d808b0386822440e
2023-03-20 04:18:54,True,1.816e-07,5.426e-10,663471933.0,3.6,0x2a...576a,https://bscscan.com/tx/0x486baba20b25f062f9d58d2c3cd6dc27e95d725a07ba46f0d53bd8ce04479146
2023-03-20 04:16:19,False,1.815e-07,5.397e-10,419449193.0,2.26386,0xde...fa58,https://bscscan.com/tx/0x97f9a3fe624168076c6dcefb485e89f9ba790c0c7e8af9a7b4f0adbe86577623
2023-03-20 04:15:22,False,1.808e-07,5.402e-10,398147682.0,2.15113,0xec...0165,https://bscscan.com/tx/0x263a8fff9fadc78b7af6c89091b6a05780a7baaf954f8286e5ac4894a8aa4410
2023-03-20 04:14:22,True,1.826e-07,5.432e-10,6000000.0,0.0326,0x4d...0910,https://bscscan.com/tx/0x7eda490259782855a9a52b0fe12fea61782ae07a7e7a29c0545d5cd54e4be195
2023-03-20 04:13:52,True,1.823e-07,5.424e-10,1161381755.0,6.3,0x08...af7e,https://bscscan.com/tx/0x399583c4974ecad4b6253559f4db47d82e3a85006d86a56ac3167abd1e1c999b
2023-03-20 04:13:40,False,1.803e-07,5.391e-10,281270681.0,1.51645,0x1b...7f6d,https://bscscan.com/tx/0x6979374dc949e4e1a953ffe82effc0ebab999b61ea1b4824341ae015509fdb44
2023-03-20 04:13:19,False,1.805e-07,5.396e-10,487976002.0,2.63347,0xde...fa58,https://bscscan.com/tx/0xf8478246ec78290b12909c560a7565d0919202f034c9db6bd5ae173ac0ccff9d
2023-03-20 04:12:34,False,1.818e-07,5.404e-10,695556725.0,3.75939,0x2a...576a,https://bscscan.com/tx/0x442a7897600292d32b5dd1cddb65992f385d91402d03fbf49be8d857e9fba964
2023-03-20 04:10:46,False,1.82e-07,5.411e-10,292078469.0,1.58063,0x08...af7e,https://bscscan.com/tx/0x06f640fde5d6b3f8000cc82c4735622f3852f2fa36b4a3d37ad9c06c4ce989e1
2023-03-20 04:10:40,False,1.822e-07,5.417e-10,522681611.0,2.83153,0x1b...7f6d,https://bscscan.com/tx/0x2889663debdf1f9f1b4bd41326a05c9b8c355e2e582c06ec716ebc8b751b1552
2023-03-20 04:10:16,True,1.821e-07,5.442e-10,852598907.0,4.64,0xde...fa58,https://bscscan.com/tx/0xd24894f85cfe79696526a4dd2d809062c00ecaf45e20544ccd3e1acf2f2d5e75
2023-03-20 04:07:40,False,1.82e-07,5.411e-10,368901205.0,1.99637,0x08...af7e,https://bscscan.com/tx/0xa2afce2225c80ff4ef777db58b2b0b03c583871a299e473104ecd1f1ceb37698
2023-03-20 04:06:13,True,1.828e-07,5.436e-10,761579464.0,4.14,0x2a...576a,https://bscscan.com/tx/0x8e74e638f019f80c53788fcf02dbbae3acd450dedeb4eed83371de7df815c415
2023-03-20 04:04:34,True,1.825e-07,5.426e-10,582302035.0,3.16,0x08...af7e,https://bscscan.com/tx/0x218128092b020dfcdb3aa0990296ad2f7a630c6e12a8c9297af0ee6179aea5ec
2023-03-20 04:03:28,True,1.823e-07,5.422e-10,79188614.0,0.4293,0x06...c25a,https://bscscan.com/tx/0xacda46ba3b2aaa806a20807f7654b2464a4637889a8b84cb40c72e8ec4f0e332
2023-03-20 04:03:04,False,1.806e-07,5.398e-10,586920122.0,3.16853,0x2a...576a,https://bscscan.com/tx/0xa235b47b6ac06b6c4fa99edbee0662a550d1e28b70a000bd15c398566a06befb
2023-03-20 04:02:49,False,1.817e-07,5.404e-10,247442138.0,1.33726,0xec...0165,https://bscscan.com/tx/0x1a137e6bff0897f0720397e8c2b3a73b77ce4c684c0e175a602d675ecb996e14
2023-03-20 04:01:31,False,1.811e-07,5.412e-10,952441852.0,5.1552,0x08...af7e,https://bscscan.com/tx/0xdc36fa8ba1a55bd002cf2c9bb927b70da32562b9ffa653afaac7636447579b75
2023-03-20 03:58:28,False,1.822e-07,5.421e-10,366631995.0,1.98778,0x1b...7f6d,https://bscscan.com/tx/0x4c746a52785591858f9091aa1f105741d45344581d556b37d5f38feaac3d1f28
2023-03-20 03:56:43,False,1.815e-07,5.427e-10,515328706.0,2.79713,0x2a...576a,https://bscscan.com/tx/0xd553d615a7b4b87e8c34cb591c3f7cb43553e2c1dad8d2c97f9c39f5a17bb47f
2023-03-20 03:56:31,True,1.833e-07,5.455e-10,502276584.0,2.74,0xec...0165,https://bscscan.com/tx/0x0c1ebf4c0e8dce96690aa061e99968fbeb33f400d002867d014474980b44f9a8
2023-03-20 03:55:19,True,1.822e-07,5.449e-10,341330175.0,1.86,0x08...af7e,https://bscscan.com/tx/0xfa45f87901c408639ca7ab6572bb9d581c00add628fc854b6f7cbdbaa22008a7
2023-03-20 03:55:01,False,1.813e-07,5.422e-10,411020765.0,2.22878,0xde...fa58,https://bscscan.com/tx/0x58661788d4f297624a33b4d3d8a437ce0bbd8526d2127ef816ca9bfcbdb1effb
2023-03-20 03:53:22,False,1.825e-07,5.431e-10,936490611.0,5.08692,0xec...0165,https://bscscan.com/tx/0xab2d1bcc027f4ff6373e5b65b04358759bceff40daccb3122868379c80cb70c3
2023-03-20 03:52:22,True,1.834e-07,5.461e-10,560258819.0,3.06,0x1b...7f6d,https://bscscan.com/tx/0x72bec57c90007da52aedc2630f7abbf425c8832a5688156ea1b603049efb4d53
2023-03-20 03:52:13,False,1.824e-07,5.432e-10,281193214.0,1.52758,0x08...af7e,https://bscscan.com/tx/0x99a0eb649f8d91572ce1ded45e446061b6d6148cd941b6490b0ba0da1b9b303c
2023-03-20 03:49:22,True,1.821e-07,5.457e-10,667021368.0,3.64,0x1b...7f6d,https://bscscan.com/tx/0x11e3c82426c27934aaf9960c4efb7282885fc2300fa377725b0c5f6a1d273a48
2023-03-20 03:49:07,True,1.827e-07,5.45e-10,293557229.0,1.6,0x08...af7e,https://bscscan.com/tx/0x44298f0870db2e204be7328c4834338482bb2df21cf1c9065b1b798c5e389e59
2023-03-20 03:48:55,False,1.818e-07,5.423e-10,301276601.0,1.63389,0xde...fa58,https://bscscan.com/tx/0x7313244ba00dbc337fd7ba7674de7188c846e7fd95f0bf36191524db8b8ac278
2023-03-20 03:43:15,False,1.825e-07,5.432e-10,979570381.0,5.32114,0x1b...7f6d,https://bscscan.com/tx/0x4060adbf01f60aaed7e52978cc1f65fa94bf97ce0ab9d5ac560bc5a6c03e3ed4
2023-03-20 03:43:00,False,1.82e-07,5.443e-10,667366962.0,3.63286,0x08...af7e,https://bscscan.com/tx/0x23df9cc3166eb8cfe9f2129b819760cd525ff1bc7d3b6f369f3438192016301c
2023-03-20 03:40:50,True,1.831e-07,5.473e-10,286834157.0,1.57,0x2a...576a,https://bscscan.com/tx/0xe987b17a52a253f0e8b3280c4593895d6aa7e3ee89f118e3aca2ac3f7f40a4d8
2023-03-20 03:40:14,False,1.822e-07,5.446e-10,345831294.0,1.88361,0x1b...7f6d,https://bscscan.com/tx/0x49475fdefcb0f9f64c6b4c65e36fd2edf2d6ab8b5ecaa13aa2b7982ff27b3138
2023-03-20 03:34:08,True,1.835e-07,5.474e-10,310547862.0,1.7,0x1b...7f6d,https://bscscan.com/tx/0xc25a4dd752a8de0c6193b5fc4238957a7d456fbc09979eeda2b02020ecf342d7
2023-03-20 03:33:44,True,1.842e-07,5.468e-10,466286624.0,2.55,0x08...af7e,https://bscscan.com/tx/0x2c87f91c829d4f8c62755d88d2e97b867753aea00c5990475647ece69851372f
2023-03-20 03:31:20,True,1.831e-07,5.461e-10,585934488.0,3.2,0x2a...576a,https://bscscan.com/tx/0x39d62d344dfa2d5b483d70f356ab87abde4117762005e6ca2b126980ce3ee2cf
2023-03-20 03:30:41,True,1.836e-07,5.453e-10,607003585.0,3.31,0xde...fa58,https://bscscan.com/tx/0x8d1f1f7393e3c855808c1a242ac28fc0d0d533398ff301ed17ed393f4dd846d4
2023-03-20 03:28:14,True,1.834e-07,5.446e-10,290081009.0,1.58,0xec...0165,https://bscscan.com/tx/0x3ce4a4755bdbff54b6f7c912e376a012cd4b1500d0e6ab3b254e137eb22f60e7
2023-03-20 03:27:38,False,1.818e-07,5.422e-10,756182610.0,4.10062,0xde...fa58,https://bscscan.com/tx/0xe40fa757633bd5f65bfd76e996104d253941578db3d4e4bc0ebe540ab360cd3c
2023-03-20 03:27:29,True,1.828e-07,5.45e-10,654963518.0,3.57,0x08...af7e,https://bscscan.com/tx/0x85885490152564d0288f6a30b9dae43b4c6f8d8fd9c92bf978cb09a61865df09
2023-03-20 03:25:02,True,1.823e-07,5.441e-10,709406324.0,3.86,0x1b...7f6d,https://bscscan.com/tx/0x8585cc2d72f20be4b3b6e4a54e5351240cf54ada46a60690874c8b23e5be4994
2023-03-20 03:24:59,False,1.815e-07,5.416e-10,1056735423.0,5.72371,0x2a...576a,https://bscscan.com/tx/0x5759467f9a353cdf89be64364e3a1d2455147c834a68f46cd8d101b20ff77027
2023-03-20 03:18:53,False,1.831e-07,5.428e-10,726433338.0,3.94363,0x1b...7f6d,https://bscscan.com/tx/0xcae27f34abae512027ea0d7d66ac31b4033d476aeb70aab2332f11a3e22519b7
2023-03-20 03:18:50,False,1.834e-07,5.437e-10,544070322.0,2.95843,0xec...0165,https://bscscan.com/tx/0x22f1f018e93610ea966a1fe82ff67d5a97f602b3f9dc942b47ed28efb82a2d59
2023-03-20 03:18:29,True,1.843e-07,5.466e-10,329286606.0,1.8,0xde...fa58,https://bscscan.com/tx/0xe3969d3cb60c480f70e4f2f54113aa86a35bfab65e75e06780680e83e186062c
2023-03-20 03:15:41,True,1.832e-07,5.456e-10,1145521753.0,6.25,0xec...0165,https://bscscan.com/tx/0xa0d863e73a9f7aade7da803f9d22cbd85ddcd33e271f98526478f8f2db1c08b5
2023-03-20 03:15:29,True,1.836e-07,5.442e-10,845256671.0,4.6,0x2a...576a,https://bscscan.com/tx/0x12dd89086d189f298535f25bbb0fe4bf4d27d37ff931477a30c6395d4f45b61c
2023-03-20 03:12:26,False,1.827e-07,5.413e-10,564074350.0,3.05334,0xde...fa58,https://bscscan.com/tx/0x87b86c7c795e689f3455e497fabf9fc12ef3bf495a4823a43e3fc2b1da334e94
2023-03-20 03:09:23,False,1.819e-07,5.421e-10,658464346.0,3.56984,0xec...0165,https://bscscan.com/tx/0x6cebaa46cce20eabd471a69f965d642964efc06f21a0715542bb3dfcb858b26d
2023-03-20 03:09:23,True,1.827e-07,5.444e-10,1186415812.0,6.46,0xde...fa58,https://bscscan.com/tx/0xf43e21d2658447d7a5a4af6404bd35adc0d219601f6ab931ba1162d38cf8334c
2023-03-20 03:09:08,False,1.826e-07,5.415e-10,798805998.0,4.32561,0x2a...576a,https://bscscan.com/tx/0x5e6714a2685477f2ec9dd233450142cc74c10853d44ff488f11cf8550f556454
2023-03-20 03:08:56,False,1.829e-07,5.423e-10,363618565.0,1.97195,0x08...af7e,https://bscscan.com/tx/0x0848b42f9db29636064a674d8efcf69044f7b2fcf2481754823071f25d8a2567
2023-03-20 03:06:45,True,1.838e-07,5.45e-10,326569522.0,1.78,0x1b...7f6d,https://bscscan.com/tx/0x2ed39e0e728bc48f2f6b792b0896310e12b82bcab4fd492660b4385a0099922d
2023-03-20 03:05:57,True,1.827e-07,5.44e-10,1064162709.0,5.79,0x2a...576a,https://bscscan.com/tx/0xd4a840ade6dffe6fb9c7a3500a25f99b98fde0776a24b434c8629159e7970ada
2023-03-20 03:03:18,False,1.819e-07,5.413e-10,1007545715.0,5.45418,0xde...fa58,https://bscscan.com/tx/0xdbbab9b1295931195dd6397612a19e1662d2c10d1e566528e0ed14304d19d77f
2023-03-20 03:03:06,True,1.837e-07,5.442e-10,779116680.0,4.24,0xec...0165,https://bscscan.com/tx/0xf52f5217d1cf135a1a598fe74e51634d74d59484762d250782285a3a7eab0147
2023-03-20 03:00:39,False,1.817e-07,5.411e-10,251094261.0,1.35873,0x1b...7f6d,https://bscscan.com/tx/0xa4ebb6e1e5edfaf890bac27e47a82460bad9d22eb2f8a0ff90460fb231e01045
2023-03-20 02:59:39,False,1.83e-07,5.421e-10,1179635166.0,6.39496,0x2a...576a,https://bscscan.com/tx/0x8a3d3223dffe8ef55e8e85ec10d32454a73ae15cc79da71e4bf97a5a2297ec2b
2023-03-20 02:59:18,True,1.842e-07,5.456e-10,19012374.0,0.1037,0x35...383d,https://bscscan.com/tx/0x5627a4ac2b73c09321d3a1fb4b245897a0fdcd4823cdc03ed90135fce52404ed
2023-03-20 02:57:36,True,1.84e-07,5.451e-10,638318937.0,3.48,0x1b...7f6d,https://bscscan.com/tx/0xeaa63caee647b9f65fcf6853413c5be8cb42279f0f3cac0db10f7e6ff85b64a0
2023-03-20 02:56:48,False,1.831e-07,5.424e-10,625510819.0,3.39309,0xec...0165,https://bscscan.com/tx/0xc83c61f05afb75632dd1bbf70f96cb073843c1be2c22ae3fa76ed11bb8e79a18
2023-03-20 02:56:27,True,1.839e-07,5.449e-10,893605019.0,4.87,0x2a...576a,https://bscscan.com/tx/0xee89a488215085cd41606781c2570c53fd6f211b9ad7db284799c227fdabcb41
2023-03-20 02:54:33,False,1.829e-07,5.422e-10,918390828.0,4.98024,0x1b...7f6d,https://bscscan.com/tx/0x2768d37caa9ce316e36da2b2a28ef02b22b175250f7f40e854756322c5934ba9
2023-03-20 02:54:09,True,1.84e-07,5.453e-10,390562945.0,2.13,0xde...fa58,https://bscscan.com/tx/0x6181d560dfb335f103ebbe2aa91a286102701ff2803ddd264a1fc819e9366639
2023-03-20 02:53:30,True,1.828e-07,5.447e-10,519522465.0,2.83,0x08...af7e,https://bscscan.com/tx/0x8aeb964a94e46a32c9af62f320a57226d48c80fb5a5eebd54514eaadf8003f4b
2023-03-20 02:51:00,True,1.837e-07,5.443e-10,25979931.0,0.1414,0x95...7fd5,https://bscscan.com/tx/0x1ba4fe892b3a55cae048ce387937809314b2f7b4e868bb12e711cdc90fa25114
2023-03-20 02:50:42,False,1.829e-07,5.42e-10,569472628.0,3.08659,0xec...0165,https://bscscan.com/tx/0xe979fc8dd069501f08b1a816f930f871706bfba791a4ad8d27bc2da28e46e68c
2023-03-20 02:50:27,False,1.833e-07,5.432e-10,1233050468.0,6.69868,0x08...af7e,https://bscscan.com/tx/0xe330b405473f3708eb6a7e2944260dc6d4be59edff95e530756815964a4f1f90
2023-03-20 02:50:06,False,1.837e-07,5.445e-10,638569420.0,3.47741,0x2a...576a,https://bscscan.com/tx/0x6303f704129e4cd3108dbf4d13dc6e231b842569abe5c961ca4d194006fefdc9
2023-03-20 02:48:03,True,1.847e-07,5.475e-10,339723675.0,1.86,0xde...fa58,https://bscscan.com/tx/0xaf52eb36217975797905265cee026843087dfc5ca22c276e17e32e7ba35a9334
2023-03-20 02:47:24,True,1.843e-07,5.465e-10,976986166.0,5.34,0xec...0165,https://bscscan.com/tx/0x27050a335ddf53823a227d293544ebe120fa9bd23ad5073a943cfeb867c2f1db
2023-03-20 02:46:57,True,1.829e-07,5.456e-10,410551579.0,2.24,0x2a...576a,https://bscscan.com/tx/0xc80f133ae6b3baa8822a673de77324a87317e7009d32b0e3df37a656fedc06b7
2023-03-20 02:46:09,False,1.828e-07,5.425e-10,870155.0,0.0047,0x8c...c214,https://bscscan.com/tx/0x05134cda3c36ed66fe9f82463fb016e244487ba22eeaa52f2153c5783844a5cf
2023-03-20 02:44:15,False,1.831e-07,5.432e-10,972741386.0,5.28466,0xec...0165,https://bscscan.com/tx/0xb861643a22bf6bfcf8188a0db4bddb11f5b1b4ff02333aeb6201a1cc60e20276
2023-03-20 02:42:24,True,1.831e-07,5.459e-10,1020211733.0,5.57,0x1b...7f6d,https://bscscan.com/tx/0xa6739856d315b191a8cce069ff5863d7f6769674178ae2e72446495be568221c
2023-03-20 02:37:57,True,1.835e-07,5.449e-10,471626731.0,2.57,0xec...0165,https://bscscan.com/tx/0x29a8aaefc37c5710833c7b849c587c2fa3a0d71494ea52fa757bd93b2d8a48f0
2023-03-20 02:36:45,True,1.835e-07,5.445e-10,18039995.0,0.0982,0x0f...fe2e,https://bscscan.com/tx/0x56fe4e2e1b27463f2def260b6f940357f0a21e1281cbe57911662f16a64e922a
2023-03-20 02:35:54,False,1.828e-07,5.424e-10,894470941.0,4.85223,0xde...fa58,https://bscscan.com/tx/0xf99bbc7b92d9e3e2589ae98d10d61c0cc2516b3669aa0901a2d27debe61ef348
2023-03-20 02:34:57,True,1.837e-07,5.451e-10,994277520.0,5.42,0x08...af7e,https://bscscan.com/tx/0x752f0d4fcb015d588abe651bd378d4d3dff51f080077ce6317f95eb63629dbed
2023-03-20 02:34:51,False,1.826e-07,5.42e-10,463994229.0,2.51498,0xec...0165,https://bscscan.com/tx/0x898b6f2246026f1b6b4f7a3062b36e44db69fe91040902252b628dbc63bc8d6e
2023-03-20 02:34:15,False,1.819e-07,5.425e-10,245949079.0,1.33433,0x2a...576a,https://bscscan.com/tx/0xe1a3cb048ea6f55992894b2c762ac230b50353be1a47cb3370ff6da3259252b4
2023-03-20 02:31:51,False,1.83e-07,5.433e-10,989504405.0,5.37677,0x08...af7e,https://bscscan.com/tx/0xc54c9d3ce53ddd068b4c50afd0ff987f52ceb680c1dc5e320c3fab82b97abcd2
2023-03-20 02:31:42,True,1.84e-07,5.461e-10,882495771.0,4.82,0xec...0165,https://bscscan.com/tx/0xe3a6774f8badb609ded66a6879c1543574bed0f9442ef749db150ff27aef4588
2023-03-20 02:28:48,True,1.828e-07,5.451e-10,627382218.0,3.42,0x08...af7e,https://bscscan.com/tx/0xa070b39ee37f3bab1b112b17704cf0532ca3b67fbb48386098e675f3dc92d01c
2023-03-20 02:28:33,True,1.825e-07,5.444e-10,284672163.0,1.55,0xec...0165,https://bscscan.com/tx/0x096ee4a35eb87647899f1ebcd6875e5a8f226c8de593327284eb4bb1defc761d
2023-03-20 02:25:24,False,1.824e-07,5.423e-10,1074677678.0,5.82814,0xec...0165,https://bscscan.com/tx/0xf4bd10051b569dfc2b351578cb34d7adc704dd689264905982da25f12f22e63d
2023-03-20 02:24:18,True,1.835e-07,5.457e-10,58226604.0,0.3177,0x11...35f4,https://bscscan.com/tx/0xc70818b53d18954804adf5fe34b117805c2911b3258974e392aa8ce888982197
2023-03-20 02:24:09,False,1.826e-07,5.431e-10,310159231.0,1.68477,0x1b...7f6d,https://bscscan.com/tx/0x87a43666c9c1f080a914bd5f2682b8f47fa02cb5125b130b017b282ef01b5bd5
2023-03-20 02:23:45,True,1.833e-07,5.454e-10,1021228795.0,5.57,0xde...fa58,https://bscscan.com/tx/0x7c62ee53ab6f06301603b03b812c4e3b465ac927678d0c7da1260eb19cf8d606
2023-03-20 02:22:36,True,1.829e-07,5.443e-10,521728327.0,2.84,0x08...af7e,https://bscscan.com/tx/0xdcd3d99c9112dc399d7c955be35faf802aa8abb4ee782d34ec92a565ce82f163
2023-03-20 02:22:15,True,1.818e-07,5.436e-10,485612622.0,2.64,0xec...0165,https://bscscan.com/tx/0x0494d6c095db3ce34dd6ccf8ee1a9a2aaa84818320ddd6b06736db219e6ed82d
2023-03-20 02:21:06,False,1.816e-07,5.407e-10,285154828.0,1.54209,0x1b...7f6d,https://bscscan.com/tx/0xbfef35c15d9c1d17c866d561e8bdf8aec375d38917f3267fd9fe61bd73945b72
2023-03-20 02:20:39,False,1.818e-07,5.414e-10,723624279.0,3.91833,0xde...fa58,https://bscscan.com/tx/0xaa4282ad9dd9ade9e4cd5b1701898b2944eb2df623244982fa1569151bcba58e
2023-03-20 02:19:36,True,1.829e-07,5.447e-10,16063.7,8.75e-06,0x8e...4f73,https://bscscan.com/tx/0x02abf97286b81b1a5774e2ee7938730b101e2256f574cfdd098d4d8146086830
2023-03-20 02:19:36,True,1.829e-07,5.447e-10,6393394.0,0.0348,0x8e...4f73,https://bscscan.com/tx/0x02abf97286b81b1a5774e2ee7938730b101e2256f574cfdd098d4d8146086830
2023-03-20 02:19:30,False,1.813e-07,5.426e-10,979634793.0,5.31607,0x08...af7e,https://bscscan.com/tx/0x7bae2c50899a0ab587f7b5312b9e30ba7fff1bee5b14e1cdea645cdb1bee383e
2023-03-20 02:19:09,True,1.824e-07,5.459e-10,108180416.0,0.5906,0xc4...dcfe,https://bscscan.com/tx/0xf97262910285a0b6c09fab81ffa1b2e9073460ad9f34dea9cecd52cfecb98138
2023-03-20 02:18:06,False,1.824e-07,5.434e-10,371672269.0,2.01984,0x1b...7f6d,https://bscscan.com/tx/0x8e4a79e205192f07362918799a13a6a10b368d0a19a3999eb57a9d1e25804212
2023-03-20 02:16:02,False,1.826e-07,5.44e-10,487887175.0,2.65432,0xec...0165,https://bscscan.com/tx/0x949646061a3afcbabab35ed95c3ca2e341df15f12cf979ffd24ec2e9872307a8
2023-03-20 02:13:20,True,1.832e-07,5.467e-10,583495309.0,3.19,0x08...af7e,https://bscscan.com/tx/0xb550473230cd8b5774eb66cfa2974fe8a941462f934650004d912e7bd670bd68
2023-03-20 02:12:50,True,1.821e-07,5.46e-10,408417237.0,2.23,0xec...0165,https://bscscan.com/tx/0x7161afe17375df7c5257c13690b19f88ffa70eea3ccbeab1965d97a388fbfad4
2023-03-20 02:12:05,True,1.817e-07,5.451e-10,858520321.0,4.68,0x2a...576a,https://bscscan.com/tx/0x1b866a6cc42f4e6c23fa8c18acb19886e54096fa76ec7af47d5017df8209bde9
