datetime,buy_order,price_USD,price_native,amount_token,total_native,maker,etherscan_url
2023-03-29 20:33:28,False,1.412e-07,4.461e-10,829804330.0,3.70255,0x1b...7f6d,https://bscscan.com/tx/0x8498fc3ced920b91f211378f5dbcc485f91087250e9d5e30b191b93a165e49d6
2023-03-29 20:33:22,True,1.419e-07,4.483e-10,916616358.0,4.11,0x2a...576a,https://bscscan.com/tx/0x5311303a4cdc5a110ac47fe66fd5d7d0bc304da5280aba18d9770ca97540c7e0
2023-03-29 20:31:37,True,1.415e-07,4.473e-10,1149052190.0,5.14,0x1b...7f6d,https://bscscan.com/tx/0x29dae5b6b28bc5153d7386885c3965f67eb5ec19de86017e164cc3c30224b65c
2023-03-29 20:31:19,False,1.408e-07,4.45e-10,1061239426.0,4.72301,0x2a...576a,https://bscscan.com/tx/0x7b2984a6215f123e42780f532ad847c6da70761e4e462541991dbbdf6bf2b0b9
2023-03-29 20:30:58,False,1.411e-07,4.46e-10,846600720.0,3.77601,0x1b...7f6d,https://bscscan.com/tx/0x2100677df04fb266c771c49329f224e3e07aabb304ed3f8dc8a38d23920501ca
2023-03-29 20:30:52,True,1.419e-07,4.484e-10,468277608.0,2.1,0xde...fa58,https://bscscan.com/tx/0x8e1722ed40ac7ec5b74b9bbed14acfce0dd53195bd3cda4e6bb552d4644d88e5
2023-03-29 20:30:04,False,1.411e-07,4.461e-10,262082610.0,1.16917,0xde...fa58,https://bscscan.com/tx/0x338ac7d03fd42c646401f2ad6fddcdc81ed058f7a3f54d4e3353ae865993212d
2023-03-29 20:29:16,True,1.411e-07,4.48e-10,928568465.0,4.16,0x2a...576a,https://bscscan.com/tx/0xc1262f1eb84e13ab1405adcb5a20898ea8da62fd3276ca5ad0cf16cc03503218
2023-03-29 20:29:13,True,1.409e-07,4.472e-10,442659386.0,1.98,0xde...fa58,https://bscscan.com/tx/0x3510e7f0a11e97022e0a1be8cde2660a00495d27953302d3cb13bb77a18ba3e6
2023-03-29 20:28:22,False,1.409e-07,4.453e-10,931682607.0,4.1489,0xde...fa58,https://bscscan.com/tx/0x6f85c92bf9767aa76602c6c9e43c817d92da3fe23a4972a33e5e7063ddfa4bd6
2023-03-29 20:27:28,False,1.404e-07,4.459e-10,284119121.0,1.26698,0xec...0165,https://bscscan.com/tx/0x2f8d71abc760b8573eb491787a07265a87533032e7565baceec6fc8efa524936
2023-03-29 20:26:40,True,1.418e-07,4.478e-10,828328514.0,3.71,0xde...fa58,https://bscscan.com/tx/0x2d152ae0c4b46734df9a8062b5472f2a8d60f65dd7172c6b7500f916c1c2efa4
2023-03-29 20:26:04,True,1.415e-07,4.472e-10,478513538.0,2.14,0x1b...7f6d,https://bscscan.com/tx/0x008df4bceba9bcbd995e1a673e65ccc67a2ffcc8f905deef82463dd693999ab2
2023-03-29 20:26:01,False,1.408e-07,4.449e-10,496606683.0,2.20987,0xec...0165,https://bscscan.com/tx/0xb986e0ba0f8483ccc7ad6ec74a0c92fd877bc719ee763b004bd23f2ce6cc1d55
2023-03-29 20:25:49,False,1.41e-07,4.456e-10,789943971.0,3.52039,0xde...fa58,https://bscscan.com/tx/0x4cd618adb1418ca5c43c58a23ced03a91e92741643a6a3324b69f8682936e71f
2023-03-29 20:25:37,True,1.411e-07,4.48e-10,383847376.0,1.72,0x1b...7f6d,https://bscscan.com/tx/0x9a9ce32e4bd86e8a70336853f23affae56ab2fd995d70e4c27ef0bae1abbdc47
2023-03-29 20:25:16,False,1.405e-07,4.461e-10,908373931.0,4.05249,0x1b...7f6d,https://bscscan.com/tx/0x055414ea941ce985f946a65c54a2ab1a6d19ff6852fce8a6464345412ae7121f
2023-03-29 20:24:34,False,1.408e-07,4.47e-10,851589813.0,3.80684,0x2a...576a,https://bscscan.com/tx/0x74b381bd64c1da936e01c2317487ed72bb2f7f2d7f2c744ca3d661fe276497b5
2023-03-29 20:24:31,True,1.422e-07,4.493e-10,685427134.0,3.08,0xec...0165,https://bscscan.com/tx/0x6749a7e80172a4f3af47d975e4d20d8824dd1c870da9e351d39b441e4e5ec5e6
2023-03-29 20:24:07,True,1.42e-07,4.486e-10,595061168.0,2.67,0xde...fa58,https://bscscan.com/tx/0xa99d913ba87c275134f6082bde8baa4c9cd3f62f1dbe967c55e3b07b4b9148f5
2023-03-29 20:23:40,True,1.41e-07,4.477e-10,1246246615.0,5.58,0x1b...7f6d,https://bscscan.com/tx/0xbc18058c76bc1350efb01ba4f1da7babb2f8e90d3a08b8221a1e126e901a9bb6
2023-03-29 20:23:37,False,1.401e-07,4.45e-10,317844790.0,1.41452,0x08...af7e,https://bscscan.com/tx/0x70c5097194d179a2405b2d21e18ff9c3075a9b493836e44357fe099be76d19ff
2023-03-29 20:23:25,False,1.409e-07,4.453e-10,267163750.0,1.18977,0xec...0165,https://bscscan.com/tx/0x770eb2942cf6b649586a95dba7bf0f8d2d13aad2ae88e5390b5ed0d78f4047da
2023-03-29 20:23:10,True,1.416e-07,4.472e-10,816035509.0,3.65,0x2a...576a,https://bscscan.com/tx/0x857ee8cf6cbb00c2154810c0c444203c541fe4dd50f99d91ff2836a89099b0ad
2023-03-29 20:22:25,False,1.401e-07,4.448e-10,398377898.0,1.77213,0xde...fa58,https://bscscan.com/tx/0x41281d79644ae1dcb2b51dd4f96617641bf50bfded97885c961942b0753ea11d
2023-03-29 20:22:07,False,1.402e-07,4.452e-10,452196893.0,2.0135,0x2a...576a,https://bscscan.com/tx/0x4f3d65f90280c782d4c087e5b83000de30a3a009d9c5c8ba9a38be524a0eef41
2023-03-29 20:20:52,False,1.404e-07,4.457e-10,486358052.0,2.16794,0xec...0165,https://bscscan.com/tx/0xe4ba5de7e1c4f12b2ce67562c2b6fd2a91daa583257f2cb2692976d25e378550
2023-03-29 20:20:43,True,1.418e-07,4.479e-10,567034108.0,2.54,0xde...fa58,https://bscscan.com/tx/0x65490c19f4c9c90177ec0388504de5a5cda8be777246e9fcda8b2e233549b58c
2023-03-29 20:19:52,False,1.403e-07,4.456e-10,418601040.0,1.86542,0xde...fa58,https://bscscan.com/tx/0x9f22fd514a610c45d8eefbd3e270bc5e8194249000afa40e5c50fc4b74d2fef4
2023-03-29 20:19:37,True,1.41e-07,4.478e-10,375092224.0,1.68,0xec...0165,https://bscscan.com/tx/0x669c12eb1b1f2198646a14fe3036a7365baa8418ce0f133623302c90b5117295
2023-03-29 20:19:19,False,1.404e-07,4.46e-10,1064627925.0,4.74831,0x1b...7f6d,https://bscscan.com/tx/0xb3121ec77c0cc2b3adea86530864156eb995336b6af91aa80eb8c4bd427f4bf7
2023-03-29 20:18:37,True,1.412e-07,4.483e-10,948021589.0,4.25,0x1b...7f6d,https://bscscan.com/tx/0xcb762cda666e5c1e7d677441228e06d774b29b0d8266854ce1e3ecf60fde2cc8
2023-03-29 20:18:10,False,1.411e-07,4.457e-10,320885608.0,1.43032,0xde...fa58,https://bscscan.com/tx/0x2053cfc03c139e0e1a4556f6661544236328f06f2b763670d7a44297bcfb7e6f
2023-03-29 20:17:28,True,1.418e-07,4.48e-10,165994545.0,0.7437,0x97...5bf3,https://bscscan.com/tx/0x6547985cfc53eca0f8ce891caa5b77037461522c66e8bb93a124070a8b3bc391
2023-03-29 20:17:25,False,1.411e-07,4.458e-10,269762860.0,1.2028,0x2a...576a,https://bscscan.com/tx/0x01ab7a716679621124fb5637f14264d95903d3565c084bf48229df427f07cdd5
2023-03-29 20:17:04,False,1.406e-07,4.465e-10,987583000.0,4.40974,0x1b...7f6d,https://bscscan.com/tx/0xe13cea0b12d42f895fd5ba90800dac865030232c02b1f497315c3b09068872e2
2023-03-29 20:16:19,True,1.42e-07,4.488e-10,844417025.0,3.79,0x1b...7f6d,https://bscscan.com/tx/0xfa919b21fcb4aff718ad496c867a31ffbcf9b8b1506aa131e3570c5ecc1f2591
2023-03-29 20:15:37,True,1.411e-07,4.481e-10,388223999.0,1.74,0xde...fa58,https://bscscan.com/tx/0x6a05bedf2ac91934ae33977a360af8df5157e6b227e06bee6e2c66668201c493
2023-03-29 20:14:46,False,1.404e-07,4.46e-10,511406076.0,2.28097,0xde...fa58,https://bscscan.com/tx/0xaf866e5e1c3f062c96f499aaa301ebb99312942b7424a71ac8babc8fdc9bfb13
2023-03-29 20:14:25,True,1.412e-07,4.485e-10,6688703.0,0.03,0xc7...f908,https://bscscan.com/tx/0xd6a2b34ffb8e95b29f42d05c01857f17b995118ba248f7046e9bb6f01dbb1aeb
2023-03-29 20:13:07,False,1.406e-07,4.464e-10,298965139.0,1.33466,0x2a...576a,https://bscscan.com/tx/0x83c77aaf1dfdcb5678d82812f162f1c80b4182387ad992dd85310f4be5aae431
2023-03-29 20:13:04,True,1.412e-07,4.484e-10,751504769.0,3.37,0xde...fa58,https://bscscan.com/tx/0xacbc8da1d06c66492ee799a86c85c6fd9443f9872527815eeb3f8bd71447216a
2023-03-29 20:12:34,True,1.417e-07,4.477e-10,556101160.0,2.49,0x2a...576a,https://bscscan.com/tx/0x1e258c2099ea0a66de44cd31d9908c33a1d610cd256d3b6c258e55f8bb4e94be
2023-03-29 20:11:40,False,1.411e-07,4.458e-10,1235279125.0,5.50776,0x1b...7f6d,https://bscscan.com/tx/0x180cc6f809292d8628262afe54b3dc11809471cbeac3918b6eef4443fb49c16e
2023-03-29 20:11:16,False,1.414e-07,4.467e-10,571138608.0,2.55183,0xec...0165,https://bscscan.com/tx/0x768b793d0c544b46b44e3cd36c83c7b361ecfc9555f3418538e485a9cbb7aae0
2023-03-29 20:11:10,True,1.42e-07,4.488e-10,850983524.0,3.82,0x1b...7f6d,https://bscscan.com/tx/0x98af6f0566d7db4e033f9e33c1ad68c755101b14a486e3c5633334c796a04910
2023-03-29 20:10:31,False,1.413e-07,4.464e-10,536600160.0,2.39586,0xde...fa58,https://bscscan.com/tx/0xad6db5596cbdb9a101182a3ff7fa4737ec61aceea9314b44db1454aee795e66c
2023-03-29 20:10:22,True,1.42e-07,4.487e-10,461263110.0,2.07,0x1b...7f6d,https://bscscan.com/tx/0xa9dfd9f90419e1c3e5bdd84fe587148131711e7ff09a433d7405ff1c58ea2be8
2023-03-29 20:09:55,False,1.412e-07,4.462e-10,9078935.0,0.0405,0xea...f3a9,https://bscscan.com/tx/0xad7822307436ac04f0bb34b01a9e5e02c28c8d65b33a210cc6ffca14082ff932
2023-03-29 20:09:40,False,1.405e-07,4.464e-10,306880589.0,1.37009,0xde...fa58,https://bscscan.com/tx/0x25603c97d0178a21f3bcb50882cd24e41d4fe4e31ea1712f5c8b6c0071274425
2023-03-29 20:08:19,True,1.418e-07,4.483e-10,1052839023.0,4.72,0xec...0165,https://bscscan.com/tx/0x0a62775615a74d449cf14794508c81a52fb7f26e9ad3313088cc5ffbf48ec27d
2023-03-29 20:07:58,True,1.408e-07,4.472e-10,999428044.0,4.47,0xde...fa58,https://bscscan.com/tx/0x4ea3fce29b274ba726c1f444172d02c798093fa0da5f8541b81034e5860dae07
2023-03-29 20:07:52,False,1.4e-07,4.448e-10,626856995.0,2.78846,0x2a...576a,https://bscscan.com/tx/0x249e8ec26c23f5397cfe816f3e154b289b654d77a72ebb100f4b7826dc89879b
2023-03-29 20:07:07,False,1.409e-07,4.454e-10,556959007.0,2.48089,0xde...fa58,https://bscscan.com/tx/0x4f18757f47fdf33691c3e4099daa8194a11532b21ae5f50dc5032d3a8ebff7f8
2023-03-29 20:05:30,False,1.412e-07,4.46e-10,686515934.0,3.06235,0xec...0165,https://bscscan.com/tx/0x4807ac5baa747059982f5fb5a923b0f5333d5a29acb6b759a30496673b961910
2023-03-29 20:04:35,False,1.413e-07,4.466e-10,400950518.0,1.79076,0xde...fa58,https://bscscan.com/tx/0x8401a04c23b492b16c2663d0a63190bbea9da53e7732ce9fcb9276a83264789e
2023-03-29 20:04:29,True,1.42e-07,4.487e-10,574893914.0,2.58,0xec...0165,https://bscscan.com/tx/0x599a73108331362737964ba8671c2ce2915944f695912079c47fd890da73e4e3
2023-03-29 20:02:36,False,1.406e-07,4.463e-10,304081864.0,1.35742,0xec...0165,https://bscscan.com/tx/0xe0b6949a3bf4bc5c908d4390bd96e2d81e85e4675b167addd2a2409a88e33019
2023-03-29 20:01:09,True,1.413e-07,4.485e-10,530632833.0,2.38,0xde...fa58,https://bscscan.com/tx/0x01f12f0a01161e220ecd0f2103e603f5a0d22c21101535281e56d275936189d3
2023-03-29 20:00:27,False,1.407e-07,4.464e-10,941446883.0,4.20348,0x1b...7f6d,https://bscscan.com/tx/0xdd4654aefe40b420111ed5578d495930cbe50f43be12f43fd424f3166935c46e
2023-03-29 20:00:15,False,1.416e-07,4.472e-10,610263548.0,2.72946,0xec...0165,https://bscscan.com/tx/0x9815b569141cfcb562d9286eb02a9c03b1b52e5806db3ead0d8343538dbf5299
2023-03-29 19:59:36,True,1.424e-07,4.496e-10,429246906.0,1.93,0xec...0165,https://bscscan.com/tx/0x5a1919353d1042a8bad8877c5b999f7440838f5fcf99771fd2e33ec1fc09d302
2023-03-29 19:58:57,False,1.418e-07,4.475e-10,787576040.0,3.52491,0xec...0165,https://bscscan.com/tx/0x37810970eb8a87ea3277e20a740b3037440cd175036e70645a703bbb7f24fee7
2023-03-29 19:58:33,True,1.425e-07,4.502e-10,4222330.0,0.019,0xbd...b4f3,https://bscscan.com/tx/0x0e0906b08833b01d226dacf8af791289f662eca8293106d2cfbfbef4f725df3e
2023-03-29 19:57:57,True,1.424e-07,4.497e-10,798135748.0,3.59,0x2a...576a,https://bscscan.com/tx/0xb2fdca8c51eb5f9e6e2d36242ff6a70f375c34b654194585e41b8570f9933231
2023-03-29 19:57:48,False,1.417e-07,4.473e-10,430553346.0,1.92614,0xde...fa58,https://bscscan.com/tx/0xb23e9e8a43d59fd54d82373cf48c9b13e468619453c7f49330b5051f15cbf166
2023-03-29 19:57:27,True,1.423e-07,4.495e-10,582833546.0,2.62,0xec...0165,https://bscscan.com/tx/0xf21f843ff31bc746408eafa4617ab49fc0bbf4cafde8e4ea8cc707f084cbb368
2023-03-29 19:57:21,True,1.422e-07,4.489e-10,472178670.0,2.12,0x1b...7f6d,https://bscscan.com/tx/0x24d2c2d7b42266fc2e0c57a82289dbcc3b6189e50ed97d528df97d62e5ff376a
2023-03-29 19:56:57,True,1.413e-07,4.483e-10,693606726.0,3.11,0xde...fa58,https://bscscan.com/tx/0xb4866c650a93eee57f1d4f918f82ceccbca5e514eb001e362a16389ab851f1ee
2023-03-29 19:56:21,True,1.411e-07,4.477e-10,462274689.0,2.07,0x2a...576a,https://bscscan.com/tx/0x0603c2fcbb1723c46a188a9ab6d3d534e1348f7fe7ca7e3d3980cedd68ab9b20
2023-03-29 19:56:00,False,1.404e-07,4.456e-10,626326461.0,2.79112,0x1b...7f6d,https://bscscan.com/tx/0x5dfa456c7ac826538f806792ce5088a8b37384b5e6a6d6aa166c908ad45f3e32
2023-03-29 19:55:18,True,1.418e-07,4.477e-10,772678339.0,3.46,0xec...0165,https://bscscan.com/tx/0xa9d372611d3bee8fed807db2ed39b9666f2560f1c261524c80a0efeb24d46601
2023-03-29 19:54:54,False,1.404e-07,4.457e-10,1144608601.0,5.10206,0x2a...576a,https://bscscan.com/tx/0x34d9c019f93cbce6967a103a3f28ed750a92a4f4fb42932fa15fa256a825f987
2023-03-29 19:53:33,True,1.412e-07,4.48e-10,921676928.0,4.13,0x2a...576a,https://bscscan.com/tx/0xa4719e3cfdc5c94e6b457af43aec703c6e75059473897ffb503c105e00e3654d
2023-03-29 19:52:36,False,1.411e-07,4.456e-10,535326760.0,2.38574,0xec...0165,https://bscscan.com/tx/0x38e9eadfbe17b043fe3804c74509452349560e32cd1879e153c4bd81904e08e6
2023-03-29 19:52:33,False,1.413e-07,4.461e-10,462186666.0,2.06214,0x2a...576a,https://bscscan.com/tx/0x1934d1b6693e5655da8c5fd88343ad2c47044422829a31b6b398774ae3b94f99
2023-03-29 19:51:27,False,1.414e-07,4.467e-10,586813190.0,2.62134,0x2a...576a,https://bscscan.com/tx/0xa82c62251780bbce528c2187be3253a43686ab09fc9557e2244e7572939108ab
2023-03-29 19:51:00,False,1.409e-07,4.473e-10,624966074.0,2.79566,0xde...fa58,https://bscscan.com/tx/0x7e520205df102cf952c9c4f101443aedfc8ee4a3355abd5672aff77fa3025193
2023-03-29 19:50:09,True,1.424e-07,4.496e-10,440323708.0,1.98,0xde...fa58,https://bscscan.com/tx/0x4d3383816241de63a291a7596164345970b87a46d8ae66600e56d36a372c938f
2023-03-29 19:49:27,False,1.416e-07,4.473e-10,321439112.0,1.438,0x08...af7e,https://bscscan.com/tx/0x8a8ccccd4cfc964fc61588238ff4815843edabc5aedd694f0a2bbde3b3e1b60f
2023-03-29 19:49:21,True,1.423e-07,4.493e-10,720961395.0,3.24,0x1b...7f6d,https://bscscan.com/tx/0x56d25bf69893cdb12c739a02ed4459736d7e0a101ef3c815df31b23d0ffcef36
2023-03-29 19:48:45,False,1.415e-07,4.469e-10,395406470.0,1.76742,0x1b...7f6d,https://bscscan.com/tx/0xd3663f48aa84636ebc96a441c65f5a6dad6c27296c6c7c6db7fdd360d410f0ef
2023-03-29 19:47:45,True,1.415e-07,4.49e-10,746020489.0,3.35,0x1b...7f6d,https://bscscan.com/tx/0x17fd319bd9da70334c181edfdb7a1389ce5656bf0c6698d2e848779f4ddc55f5
2023-03-29 19:47:18,False,1.407e-07,4.466e-10,350320932.0,1.56455,0x1b...7f6d,https://bscscan.com/tx/0xbf3107e6eab39f4ac4008d4c769440bfe9b6462e4d1cfd71d9d78aafb3448247
2023-03-29 19:46:45,True,1.421e-07,4.487e-10,505833948.0,2.27,0xde...fa58,https://bscscan.com/tx/0x763e61d2bb258f44cafe569bf0238b30716bfbbac079932e611b286be4734b5b
2023-03-29 19:46:09,True,1.419e-07,4.483e-10,390362133.0,1.75,0x2a...576a,https://bscscan.com/tx/0x954fead345ae89c4b886e75e1577601b26847a34d4f658faa8189b2801de9e93
2023-03-29 19:46:00,False,1.413e-07,4.462e-10,712237576.0,3.1782,0x1b...7f6d,https://bscscan.com/tx/0xa282005d2929aaba15e577e7e7da5737b201e3dc5198cfa61cfa8d5771655005
2023-03-29 19:45:54,False,1.415e-07,4.47e-10,828193146.0,3.70217,0xde...fa58,https://bscscan.com/tx/0xc2f086abdb5aaea85ff9157b467a21bcf70193d737b37439261533a05b2ed108
2023-03-29 19:45:21,True,1.415e-07,4.491e-10,950588259.0,4.27,0x2a...576a,https://bscscan.com/tx/0x682607e536d0c18ae24dbac8b79068ee2845db9fde8d06d172f756660e31dc84
2023-03-29 19:44:33,False,1.414e-07,4.467e-10,550839544.0,2.46086,0x2a...576a,https://bscscan.com/tx/0x54c0efb0f5010769755d2e054170f7b6a8286f3565aa0b6eb6c510947ffe9e2d
2023-03-29 19:44:30,True,1.421e-07,4.489e-10,686094451.0,3.08,0x1b...7f6d,https://bscscan.com/tx/0xf896af4be5824d96c76f4151c317fd01f401d0d12fa2f11a57a3a17acf7d2c67
2023-03-29 19:43:54,False,1.406e-07,4.465e-10,428593426.0,1.91386,0x1b...7f6d,https://bscscan.com/tx/0x07e566ce8314ea5414fa7d65ca61bc9788d6a7e98d31697d3a0472ec380fcf7e
2023-03-29 19:43:35,False,1.408e-07,4.47e-10,487096615.0,2.17739,0x2a...576a,https://bscscan.com/tx/0x9c0bef1cb98b31bc16cf1e6c134d268204a0fba87e4b7b45d7576930180dd6ad
2023-03-29 19:43:20,False,1.416e-07,4.474e-10,299762209.0,1.34119,0xde...fa58,https://bscscan.com/tx/0x20cc8744e59db8c9fea2b168185da3633f20b14709bea9b3be73dcd82916e2bc
2023-03-29 19:43:11,True,1.416e-07,4.495e-10,442627438.0,1.99,0x1b...7f6d,https://bscscan.com/tx/0xe5fdc4015f7f6c460d39ea48e135a7ca900227690611ac842cc4325a468d8ae7
2023-03-29 19:42:29,True,1.414e-07,4.489e-10,815258307.0,3.66,0xde...fa58,https://bscscan.com/tx/0xbe0006053e1d292d15a0ded8f06eb31e2846343050f19d9232f313a3242ce2b5
2023-03-29 19:41:38,False,1.414e-07,4.466e-10,772740462.0,3.45163,0xde...fa58,https://bscscan.com/tx/0x7dd42cb237e4b7ca161ed80e9bf8ea247f564f049d6338c2f567984a86537a58
2023-03-29 19:40:47,True,1.42e-07,4.487e-10,1069613716.0,4.8,0xde...fa58,https://bscscan.com/tx/0xa2d91b224ea41a465847cb28a6b32cb36a1d236c5e4e62e1bde938e503dc926c
2023-03-29 19:39:56,False,1.412e-07,4.462e-10,474468610.0,2.11714,0xde...fa58,https://bscscan.com/tx/0x0126c7e6b1ba1ec6016883d679dbbed4e3849c4dd952bf9289602567a3e0814b
2023-03-29 19:38:44,True,1.419e-07,4.484e-10,490585447.0,2.2,0xec...0165,https://bscscan.com/tx/0x3ce0a995026c86b4b0f765508d3800f57adca3b18d7e9b34c0c470959c864616
2023-03-29 19:38:26,False,1.406e-07,4.465e-10,1067253409.0,4.76529,0xec...0165,https://bscscan.com/tx/0x27eddff8fff504b4e8c759f5706376896a765a45c30a2d917481dd312c274e0b
2023-03-29 19:37:23,False,1.409e-07,4.471e-10,264405265.0,1.18237,0xde...fa58,https://bscscan.com/tx/0xe6216e1445ac2f2ea73f9f1b15ab73980d6bb0a31ef0f0f89d2589647bd1f3f7
2023-03-29 19:36:53,False,1.417e-07,4.475e-10,374126223.0,1.67425,0x1b...7f6d,https://bscscan.com/tx/0xe50486feeb8978f11a9c05609cf31aa9c08176bbb4a24091f92494e016553aa2
2023-03-29 19:36:47,True,1.423e-07,4.494e-10,974536259.0,4.38,0x2a...576a,https://bscscan.com/tx/0x87d3bebeccf15e6f1cbc9a48cba5fb20fdb72818ec4e8c8c07d626128e5a2d7f
2023-03-29 19:35:50,False,1.415e-07,4.468e-10,297882420.0,1.33109,0x08...af7e,https://bscscan.com/tx/0x0d130bf72f18e2f8a9fd22399fa7b997748e5cca77b86ecb727d99684803a9c6
2023-03-29 19:35:41,False,1.409e-07,4.472e-10,404457212.0,1.80878,0xde...fa58,https://bscscan.com/tx/0xb97d604caef939c2ae64a23d250f24da72fb182e0118490f899608ce298935f3
2023-03-29 19:35:05,False,1.411e-07,4.48e-10,1192222503.0,5.34157,0x2a...576a,https://bscscan.com/tx/0xc0dae56f0b2bbb6aca178c7e9c6796a729891969e65d542c7bd250b2ebca9ef4
2023-03-29 19:34:50,True,1.426e-07,4.505e-10,714716768.0,3.22,0xde...fa58,https://bscscan.com/tx/0xd854e02dc26e3f5ad211b573646f9b8a59c9e23bd02c9a12735b274d312e2e3c
2023-03-29 19:34:44,True,1.424e-07,4.498e-10,684745212.0,3.08,0x1b...7f6d,https://bscscan.com/tx/0xb0a2cd0afc2c751c2e1f148cc6a1ab7bfc3abdda8bdf3125bc4e542a0d85269a
2023-03-29 19:34:11,False,1.409e-07,4.473e-10,336603687.0,1.50589,0x1b...7f6d,https://bscscan.com/tx/0xec50b8a95309b1314adde283608b6b7402321e4058e0df2f794a2a491fbf64f6
2023-03-29 19:32:56,True,1.422e-07,4.492e-10,970413204.0,4.36,0xec...0165,https://bscscan.com/tx/0xdd6a8bcdd59b602a344fb5fbc9475123d3743972e8a158a5aaf2559fa872f39a
2023-03-29 19:32:53,False,1.414e-07,4.468e-10,666654686.0,2.97924,0x1b...7f6d,https://bscscan.com/tx/0x9e9127d12fdb3ff0975f82107810459d0e48dac0265e0816688cc557aadc2262
2023-03-29 19:32:44,True,1.422e-07,4.494e-10,1112399.0,0.005,0x98...c868,https://bscscan.com/tx/0x444b228156bfef742f8315252a2bcdfc4a5d978c0b4a370d35efc69b0b613699
2023-03-29 19:32:17,False,1.416e-07,4.475e-10,669182918.0,2.99512,0xde...fa58,https://bscscan.com/tx/0xe1a2c80f7d29da6af0c8d6523f2d288db687f41615ac791f7fbe2c40c71c8892
2023-03-29 19:31:50,True,1.423e-07,4.497e-10,769280465.0,3.46,0x2a...576a,https://bscscan.com/tx/0x18cedbbb52f0f8ce22a6bf4800270625a41dee8211de0fcfd18b993fe40f21b8
2023-03-29 19:31:29,True,1.421e-07,4.491e-10,407425141.0,1.83,0xde...fa58,https://bscscan.com/tx/0x457414311b9e00e32c2da522db7d5431be76fbce1cf5e7be0d27d953ce8eaefb
2023-03-29 19:29:53,False,1.408e-07,4.473e-10,1195391147.0,5.34728,0xec...0165,https://bscscan.com/tx/0xf39490c94ba3f3aff1fa76152ef6dd711a2417b947ae8da2eac34be18d29fbda
2023-03-29 19:29:44,False,1.411e-07,4.483e-10,718344006.0,3.2204,0x2a...576a,https://bscscan.com/tx/0x48a170bf3b912ba728e1e01f72afeca03c82b30be039ffd2cc3521321f0cdc1c
2023-03-29 19:29:20,True,1.425e-07,4.503e-10,1203629129.0,5.42,0x1b...7f6d,https://bscscan.com/tx/0xf393f53e1a42ec0197668fd9753b6c2e2676dbc569c85da12fda72f63e929dfa
2023-03-29 19:28:11,False,1.417e-07,4.48e-10,1150144160.0,5.15297,0x1b...7f6d,https://bscscan.com/tx/0x62fb0ebd07caddc96a8de3beb5f27e7cca43f6ec2fa8602dfe61159a7c193dbe
2023-03-29 19:28:05,True,1.425e-07,4.504e-10,759195006.0,3.42,0xde...fa58,https://bscscan.com/tx/0xd2cefc4f553eda1ac7d02a77d496634d80888354ed7275abbaf4a020321d57d7
2023-03-29 19:27:14,False,1.411e-07,4.483e-10,945556378.0,4.23915,0xde...fa58,https://bscscan.com/tx/0xebed8ba9231c54e7b4b645b631ed920f26b90a7ca5c68db975c441fffc29948e
2023-03-29 19:26:17,True,1.419e-07,4.507e-10,534622878.0,2.41,0x2a...576a,https://bscscan.com/tx/0xa441422a2783ebb3a80985d1d104b7ad0d501bf44447d57f94204a307424bdb4
2023-03-29 19:26:05,True,1.416e-07,4.499e-10,1111282357.0,5.0,0xec...0165,https://bscscan.com/tx/0x56860ed7bc87bec7248c72f6fc594ba5a88c9be44250f40c97f729ec7db259ad
2023-03-29 19:25:53,False,1.408e-07,4.472e-10,282143754.0,1.26191,0x1b...7f6d,https://bscscan.com/tx/0x037e82b041677c9963af865807d35915fccedee68c17ba2672bc8bf69580a559
2023-03-29 19:23:11,True,1.42e-07,4.489e-10,1285129678.0,5.77,0x1b...7f6d,https://bscscan.com/tx/0x3494ef8f6a07d6da111934d233dd04ec950eb6be91b8d7e07a3cce8930a50558
2023-03-29 19:22:59,True,1.417e-07,4.478e-10,884197963.0,3.96,0xde...fa58,https://bscscan.com/tx/0xcb33dd75ee3f46ee64d33f7de3b275bd9046769e5605db50826fc52b19fdb34b
2023-03-29 19:22:38,False,1.402e-07,4.455e-10,788691419.0,3.51424,0x1b...7f6d,https://bscscan.com/tx/0x7c23ef026ac1285f2655784e061de251e2b6d9f483d379471fe3c7787a1bee80
2023-03-29 19:21:17,False,1.405e-07,4.464e-10,894463208.0,3.99323,0xde...fa58,https://bscscan.com/tx/0x605b84ac9dc970a54a859eeecfd1f6eaa5191f3ae22cb6ef8e5cb3816f249a0e
2023-03-29 19:20:41,True,1.42e-07,4.488e-10,530225570.0,2.38,0x1b...7f6d,https://bscscan.com/tx/0x723047d845f60fe5d54e4eb99d0053ad208dba55f035f38ba59c43f7417c1fa6
2023-03-29 19:19:59,True,1.411e-07,4.483e-10,372435421.0,1.67,0x2a...576a,https://bscscan.com/tx/0x38afdf1bfc3fef9a39b52b428c4f5d41461e5b807d2669d1cbb1cff86747b34b
2023-03-29 19:19:44,False,1.412e-07,4.462e-10,576470914.0,2.57259,0xec...0165,https://bscscan.com/tx/0x1afcf719ca9734f33b711d19dd9e3e7a292033266549d588ce7af4d68cbb1e4c
2023-03-29 19:19:05,False,1.406e-07,4.468e-10,568465742.0,2.5402,0xec...0165,https://bscscan.com/tx/0x7d5c4226c4c3f73f2666d5863c2f7b3c05ddfa855ad283bf009ebe41f8fb786c
2023-03-29 19:18:44,True,1.42e-07,4.489e-10,891014715.0,4.0,0xde...fa58,https://bscscan.com/tx/0x6187678bc608f3275048b165f75ec76d9e38d3be5cb36e3fd530817220b5e4b7
2023-03-29 19:18:32,True,1.417e-07,4.48e-10,805711250.0,3.61,0xec...0165,https://bscscan.com/tx/0xccf7151645928e0739a9f1c37c0190d992653f4e5732886af235b01e16436edf
2023-03-29 19:16:17,False,1.404e-07,4.458e-10,877472408.0,3.91222,0x1b...7f6d,https://bscscan.com/tx/0x8d771860ad49be0d2eedebbd39fa2c8e4c9c1a28fdaad9ddc7685ce84aeecc12
2023-03-29 19:15:50,False,1.406e-07,4.465e-10,508724394.0,2.27176,0x2a...576a,https://bscscan.com/tx/0xff03f0a9b25914c71c6522156612d2d1fd2f8ccf1c9fc160e6353381138043af
2023-03-29 19:15:20,True,1.412e-07,4.485e-10,965302953.0,4.33,0x08...af7e,https://bscscan.com/tx/0x410deecf16686b92feb8d891d27d96bfcb5d3eddf0aefecb05b303cc54e23b94
2023-03-29 19:15:14,False,1.411e-07,4.46e-10,446291690.0,1.99072,0xec...0165,https://bscscan.com/tx/0x7188c62b7fff75f1010562073794306671801e87dc77904365749f8d555ab4e4
2023-03-29 19:14:38,True,1.417e-07,4.478e-10,1277164764.0,5.72,0x1b...7f6d,https://bscscan.com/tx/0xb69e75bf2c1f20358e2af16a96dbb1d99180e52e769870952d08ff3bb0c21da8
2023-03-29 19:14:35,False,1.408e-07,4.449e-10,15851521.0,0.0705,0xd5...38d9,https://bscscan.com/tx/0x67c1310e8847b190d2315e4c3e14a4e4120d2272106293890f7c7a75974c09ee
2023-03-29 19:14:32,True,1.414e-07,4.47e-10,402666275.0,1.8,0xec...0165,https://bscscan.com/tx/0x1bcf3a5f98bf388a4ea0ede8668286ca161b924a7dafc806e28fb3f65da070d6
2023-03-29 19:13:50,True,1.406e-07,4.465e-10,436642255.0,1.95,0xec...0165,https://bscscan.com/tx/0x8c67751bd92b23615a19c28fe9770add511d38d3a5a4245fde13f7f19a10c531
2023-03-29 19:13:29,True,1.404e-07,4.46e-10,549222686.0,2.45,0x2a...576a,https://bscscan.com/tx/0xdd980ca90757ac9515a333321a557e3ab34320a4972f41176c636f273f388f60
2023-03-29 19:12:17,False,1.398e-07,4.44e-10,1003517365.0,4.45651,0x1b...7f6d,https://bscscan.com/tx/0xfbc6c97fbdb6c4fd6596d8cd71070d2e65d7eff92e1f08f341495fedd6fe3248
2023-03-29 19:11:56,False,1.409e-07,4.452e-10,1182774579.0,5.26573,0xde...fa58,https://bscscan.com/tx/0x251222b589caa00bcc2e0017b41d3f08414d5495fa498b315d8376585be63815
2023-03-29 19:11:41,True,1.417e-07,4.477e-10,632096435.0,2.83,0x1b...7f6d,https://bscscan.com/tx/0x96a868520a814a1ddac54060bdd0201c77847e635a8f41b2c23a53b5acc29939
2023-03-29 19:11:05,True,1.414e-07,4.468e-10,1002513756.0,4.48,0xde...fa58,https://bscscan.com/tx/0x99eff5f687044539c0fccbfa707650003f0220e024ad5b29e85dccaa78cdb9aa
2023-03-29 19:10:02,False,1.407e-07,4.447e-10,1147215659.0,5.10188,0x2a...576a,https://bscscan.com/tx/0x3098f0989a22a4d4dd56b065f28e73dfe9a4edf3107324818710b6d4f29cfde5
2023-03-29 19:09:41,False,1.411e-07,4.458e-10,997434343.0,4.44669,0xec...0165,https://bscscan.com/tx/0xc10036cc024097ff52addf04e2a842c3c80bafe31459e6b27183ae76e6e1c166
2023-03-29 19:08:32,False,1.413e-07,4.464e-10,333584601.0,1.48943,0xde...fa58,https://bscscan.com/tx/0xf82c8a684587b514414ceeb3df276bef11e5ef2bad433e0e9badd1e9d3643ca5
2023-03-29 19:08:26,False,1.407e-07,4.468e-10,402755490.0,1.7998,0x1b...7f6d,https://bscscan.com/tx/0x5277e369500a2e1a6bea2516a4625cc07b594aa7f6265aa46a46f1bbf6b0b90d
2023-03-29 19:08:14,True,1.414e-07,4.49e-10,530011419.0,2.38,0x2a...576a,https://bscscan.com/tx/0x2ecb0161b9489c2b8cfebc4047c9cc28a42ae493d62158310d01cc17c3544e0d
2023-03-29 19:07:35,True,1.418e-07,4.482e-10,1012826344.0,4.54,0xec...0165,https://bscscan.com/tx/0xd42200c7bfa2bd166e46d287eb16c36336f918fad64e5a9d3b323cca95c2df1b
2023-03-29 19:05:59,False,1.403e-07,4.458e-10,656886289.0,2.92856,0xde...fa58,https://bscscan.com/tx/0xf51a8c0211124bd27a8c7462abc2c924e110848ffc7c66ed5f90f8c6c52bedb6
2023-03-29 19:05:41,False,1.405e-07,4.463e-10,270973885.0,1.20937,0xec...0165,https://bscscan.com/tx/0x03c4c05c1d1fcc17df15bf1267137f9d418dd21fb8f19aef467ecaba57367253
2023-03-29 19:05:26,False,1.413e-07,4.466e-10,326054982.0,1.45619,0x1b...7f6d,https://bscscan.com/tx/0xe96312cd0f625b21d97fc28ba6398503c7adbdc963a488b6a264c0d6fcb465df
2023-03-29 19:05:08,True,1.412e-07,4.485e-10,916294466.0,4.11,0xde...fa58,https://bscscan.com/tx/0xcc1b3631372703194264b48816a99917480aa7eef0217cb42a344d69e24de7e9
2023-03-29 19:04:35,True,1.417e-07,4.478e-10,484565160.0,2.17,0xec...0165,https://bscscan.com/tx/0x5600b012ce81262407d9c2fe2a6e0b40d94887f817d96dd0c79067c98a100596
2023-03-29 19:02:47,False,1.41e-07,4.457e-10,787064827.0,3.50828,0xec...0165,https://bscscan.com/tx/0xd60725f6b8cb4b8bdf7688a36e6497e644a2c527f42526c03be38b81c462261a
2023-03-29 19:02:20,True,1.41e-07,4.478e-10,1015942870.0,4.55,0x1b...7f6d,https://bscscan.com/tx/0x75f998a8405f9fb8329ec2a38cc4a05668d8f801cf2f08be8865037cc5dfbb58
2023-03-29 19:01:44,False,1.409e-07,4.454e-10,665983232.0,2.96658,0xde...fa58,https://bscscan.com/tx/0x4f6dfcae59a094d022a390d2ab5a396be5e50fbdeee3f44ff6a7e52feb8d30bf
2023-03-29 19:01:41,False,1.404e-07,4.459e-10,334262215.0,1.49066,0x08...af7e,https://bscscan.com/tx/0x2f073882b3bda628abdcb0f2ab6946460fcd36cc01ec8dcf26bcdfef1aef3dc4
2023-03-29 19:00:53,True,1.41e-07,4.48e-10,616006592.0,2.76,0xde...fa58,https://bscscan.com/tx/0x398bb228584bcf885a893c1ce99d41e666605b6caa35babc0ba613be402fdabe
2023-03-29 19:00:32,False,1.403e-07,4.456e-10,250913868.0,1.11813,0x2a...576a,https://bscscan.com/tx/0xc2e9ca3149063a7d7384fa857d29f9ad1d8cf266b8b09f65ff91734d5eb0ee4b
2023-03-29 18:59:56,False,1.411e-07,4.46e-10,494935263.0,2.20743,0x1b...7f6d,https://bscscan.com/tx/0xc2757d09a69f99f5cdebe6c51f8f58ec6f609dd6b472dffb8303c586c8cfab06
2023-03-29 18:59:44,True,1.411e-07,4.482e-10,437235310.0,1.96,0x2a...576a,https://bscscan.com/tx/0x9e45bc8b1722534085b495618a94127db97ee4d82d11fa1a1422afd3ee52b58e
2023-03-29 18:59:11,True,1.417e-07,4.478e-10,372889371.0,1.67,0xde...fa58,https://bscscan.com/tx/0x9aa078dcf426c0f97e28d91ea26e2642c34dd294ef967f477137ef96adc6f026
2023-03-29 18:58:20,False,1.404e-07,4.46e-10,1180286879.0,5.26444,0xde...fa58,https://bscscan.com/tx/0x3ebf781e23fa6d132db39e36d96b106f87b192d77156e345da57efef2bb838dd
2023-03-29 18:57:29,True,1.419e-07,4.485e-10,713477783.0,3.2,0xde...fa58,https://bscscan.com/tx/0x40cca871a16d674fa436d3b8dc50fb7486f63a34a629ddcad9cc0df56c0f6bf3
2023-03-29 18:57:20,True,1.417e-07,4.478e-10,473324263.0,2.12,0x1b...7f6d,https://bscscan.com/tx/0xe80663e6cca65a2d55d823338a6fdb37911754eea1f383d0c298b7eb8fd88a8b
2023-03-29 18:56:44,False,1.41e-07,4.457e-10,580117964.0,2.58567,0x1b...7f6d,https://bscscan.com/tx/0x3b1d8755a2c7a4d0212de43223e3ff1498f893ed3bd97838ffdeef27d7ef87bb
2023-03-29 18:55:29,True,1.417e-07,4.478e-10,676490768.0,3.03,0x2a...576a,https://bscscan.com/tx/0x6bb33631233c0b1659fd73fbfe6df01ecfc9a5cc1ea77d0a6bb24694cf584400
2023-03-29 18:54:38,False,1.402e-07,4.454e-10,329937647.0,1.46983,0x1b...7f6d,https://bscscan.com/tx/0x3666222ad77b582b4fc6fa75845f7028a678f9821162a9e8506e398eabc092c8
2023-03-29 18:54:29,False,1.411e-07,4.456e-10,6613309.0,0.0294,0xcc...6ace,https://bscscan.com/tx/0x5b3f99820ae064a68cebf2e1a3b2b68403f64d62ea3ccd867d6baba51a6eee96
2023-03-29 18:54:08,False,1.404e-07,4.46e-10,727542005.0,3.24508,0x2a...576a,https://bscscan.com/tx/0x88e632a388c1fa0536f572a40c4a6698e8c33dd8bbfc98ac76a48c73f04f7f3c
2023-03-29 18:53:59,False,1.406e-07,4.465e-10,281536663.0,1.2572,0x1b...7f6d,https://bscscan.com/tx/0xf703e515988a847acff05900e866063ea1510bb64358dea925b052552ef6f983
2023-03-29 18:52:47,True,1.419e-07,4.485e-10,737926504.0,3.31,0x2a...576a,https://bscscan.com/tx/0x87f5cdab6d3a9370075a6fd932fc2355ab8e19e864e7466f0bedd4ec59b1687a
2023-03-29 18:52:23,False,1.411e-07,4.461e-10,396434675.0,1.76865,0xde...fa58,https://bscscan.com/tx/0x2f88a4517b079aa85c6bc5788a9cd820153c43ce1b1d61a65c5c7cef1f1919ad
2023-03-29 18:51:17,False,1.413e-07,4.464e-10,284945541.0,1.27225,0x2a...576a,https://bscscan.com/tx/0xd5153b1e72fe6664f48ff394d14aa4cb49586c8b8d1ccd7b2b5ce152b8967bb9
2023-03-29 18:50:20,True,1.419e-07,4.485e-10,566227796.0,2.54,0x1b...7f6d,https://bscscan.com/tx/0x1d2d475573c95ac8683bac438d903ed270facbe174970b21d01bcf13707453e8
2023-03-29 18:49:38,False,1.405e-07,4.463e-10,671952924.0,2.99958,0x1b...7f6d,https://bscscan.com/tx/0x603e7c16056c4078b95f7fb57c74faa915b361deff1fbc697398a4fc2173e3ea
2023-03-29 18:49:35,False,1.408e-07,4.473e-10,1123623800.0,5.02617,0x2a...576a,https://bscscan.com/tx/0x2b10347962a43ac192d5ab1fb2c8038ab59c22cf14299c244f903e11cf142881
2023-03-29 18:48:08,True,1.422e-07,4.496e-10,931815672.0,4.19,0x2a...576a,https://bscscan.com/tx/0xeec3d7dac287c671fe30ef7a53e66903ce1ff7cf482012e3f2738e7e187505e9
2023-03-29 18:48:02,True,1.419e-07,4.486e-10,1002987605.0,4.5,0x1b...7f6d,https://bscscan.com/tx/0x0bd3eef7e711083bbfd01a762634d722145bdb9a2021db6bc3fc4b4d76e0e751
2023-03-29 18:47:59,False,1.412e-07,4.462e-10,595959800.0,2.65923,0x08...af7e,https://bscscan.com/tx/0xe2d663327daaa7bdffdf383bae815ee6eb5d5899e7dcbdc3904674b3847dfed1
2023-03-29 18:47:20,True,1.418e-07,4.483e-10,838681064.0,3.76,0xde...fa58,https://bscscan.com/tx/0xa14270a993241b9d3b676566e4effa59b2b72e1bf34aa2a252691887269a9bb0
2023-03-29 18:46:29,True,1.41e-07,4.478e-10,696666.0,0.0031,0x05...2210,https://bscscan.com/tx/0xa25dea802c62f085e14502f9700aa3a9981818283913275dae806b8fa9796529
2023-03-29 18:46:29,False,1.404e-07,4.46e-10,804450375.0,3.58838,0xde...fa58,https://bscscan.com/tx/0xf5d2e271c033f8870a591bc1442ce462662106cfb1c3e8a1c90742d35aab2668
2023-03-29 18:46:11,False,1.406e-07,4.467e-10,554540454.0,2.47747,0xec...0165,https://bscscan.com/tx/0x13b0718c21e9a659f5ee9bca23cf8fb2c5c57edc23b87eea7c363556c548d5ac
2023-03-29 18:45:59,False,1.408e-07,4.472e-10,326232314.0,1.45896,0x1b...7f6d,https://bscscan.com/tx/0x94e0df725460f2460c6d0d71da4b1dac6d5ff2f48605e3ab134f42ed14aa9e7f
2023-03-29 18:45:14,True,1.415e-07,4.494e-10,369352722.0,1.66,0x2a...576a,https://bscscan.com/tx/0xed01e98d3a41973b539a6d670ec7e54d58b017733c7333ba882ceaec2fcba695
2023-03-29 18:44:47,False,1.416e-07,4.471e-10,351998060.0,1.57407,0xde...fa58,https://bscscan.com/tx/0x0fc71c2efaf0118cbdf26019a793d3306f84b696f40f090394c5561673a29417
2023-03-29 18:43:59,True,1.414e-07,4.49e-10,1002029456.0,4.5,0xec...0165,https://bscscan.com/tx/0x7d1061e2646fa85a21f11c4a69a7ae644b48bd34bd78a9e1b4be49090e3162fa
2023-03-29 18:42:59,False,1.414e-07,4.466e-10,709080717.0,3.16743,0xec...0165,https://bscscan.com/tx/0xcdc27b1b4050a10f160bd4e5990ad70319a05488578f19cbce23cd7442e5c70b
2023-03-29 18:41:23,True,1.414e-07,4.49e-10,481011774.0,2.16,0xde...fa58,https://bscscan.com/tx/0x83ec63b1d6028c0f1155ed2e11ecbd545fa8eec168c73f731ff8f4d2d2d135d9
2023-03-29 18:41:20,False,1.407e-07,4.466e-10,255591568.0,1.14172,0x1b...7f6d,https://bscscan.com/tx/0xddb03987122f761bb4935d857822d3bb56e4379384ba203b3d7279a6e7223402
2023-03-29 18:41:11,True,1.421e-07,4.487e-10,523620991.0,2.35,0x08...af7e,https://bscscan.com/tx/0x9ff5c55a913a323e70ada5b5034294af8faa4062943e9e90b4850f3ada1f415c
2023-03-29 18:40:56,False,1.414e-07,4.465e-10,576928984.0,2.57647,0x2a...576a,https://bscscan.com/tx/0x9a127b4fb49b61eff3640aed5e96d81f04904c0e028d731d7fdaceec10af22bb
2023-03-29 18:40:20,True,1.414e-07,4.488e-10,472288690.0,2.12,0xec...0165,https://bscscan.com/tx/0x9262012939aa773d8153de6460844d6078b34e90597a7238677f180ae29810c7
2023-03-29 18:40:02,True,1.412e-07,4.483e-10,553140709.0,2.48,0x2a...576a,https://bscscan.com/tx/0x421beb443bc471504cb23311966e46e06eff3c12001de03c3e787d9df6a4288c
2023-03-29 18:37:59,True,1.411e-07,4.477e-10,524795268.0,2.35,0xde...fa58,https://bscscan.com/tx/0x7d1ee16a7668ee98719b8a98f15bf759cf994240a8ca8235abe9bfdb410b6930
2023-03-29 18:37:23,False,1.403e-07,4.455e-10,414024936.0,1.84448,0x1b...7f6d,https://bscscan.com/tx/0xf4350326bab7ab9260287aa6d1e67b3e4a6f47ebfa19df7669af33b9dde687f6
2023-03-29 18:37:02,False,1.411e-07,4.458e-10,263298017.0,1.17391,0x2a...576a,https://bscscan.com/tx/0x4eaa7a952bb20496ada8fb391f53fe0f15c278dfac8ce940b507c638f601c508
2023-03-29 18:36:44,True,1.411e-07,4.48e-10,421873128.0,1.89,0x1b...7f6d,https://bscscan.com/tx/0x1d9b9abb3bdaa3367f325e129b56d4d11c8efbfd843605e2d7b7afa207b6c0d0
2023-03-29 18:36:17,False,1.404e-07,4.458e-10,626119610.0,2.79168,0xde...fa58,https://bscscan.com/tx/0xd279ebbf33d0e14d9aca4211c5fd8d70456323fc22c48e7ea63dab02db12d373
2023-03-29 18:35:50,False,1.414e-07,4.466e-10,949850760.0,4.24276,0x2a...576a,https://bscscan.com/tx/0x4716349b37e52dd22d1911cf422071df7928fa6fc0fe7f8f11b054cf0dad0805
2023-03-29 18:35:08,True,1.414e-07,4.49e-10,619033947.0,2.78,0x1b...7f6d,https://bscscan.com/tx/0xc608169cb01ffc9ea37f4b49a42135789a1ee36962809841f32fcf0018987c59
2023-03-29 18:35:05,False,1.407e-07,4.466e-10,268631869.0,1.19988,0xec...0165,https://bscscan.com/tx/0xb297f176401bd88d7a54cf2c0ac99a1d878dbb3f43305ab42947a264db86d809
2023-03-29 18:34:35,False,1.408e-07,4.469e-10,385413311.0,1.7228,0xde...fa58,https://bscscan.com/tx/0x6c39ff8a2e083a15b99271ad432825d0a20d3aa7ab642b35202bcc0e7ed9f10b
2023-03-29 18:34:26,True,1.415e-07,4.491e-10,643496794.0,2.89,0xec...0165,https://bscscan.com/tx/0x3dff6738c16ae30b076d0c31727d69ba11f771bdfd71387e1cecbc54e8404ac5
2023-03-29 18:33:44,True,1.414e-07,4.487e-10,891313.0,0.004,0x92...2471,https://bscscan.com/tx/0xc6ad75273f62cbbb427e5a98991deb78f8f54880cf1b12d7e07de300e40fcd5b
2023-03-29 18:33:38,False,1.414e-07,4.466e-10,258211102.0,1.15334,0x1b...7f6d,https://bscscan.com/tx/0xff6d0ee5265a2b9d378d5f3232a2d0f078ef17023f62fa49883b94a5813432d5
2023-03-29 18:33:02,False,1.408e-07,4.468e-10,72765884.0,0.3251,0x85...191c,https://bscscan.com/tx/0x5986feaa698930630978b1e105eeecee52c6235164a3fd06b9dd3ef1de66e23c
2023-03-29 18:32:53,True,1.414e-07,4.487e-10,735398079.0,3.3,0xde...fa58,https://bscscan.com/tx/0xd43c546f7b168aeeaaaf71e983a3c5cc0439716ea891140404135b70c4054755
2023-03-29 18:32:50,False,1.406e-07,4.463e-10,546916886.0,2.44143,0x1b...7f6d,https://bscscan.com/tx/0x3281b84137dda5a32f0d8293b0f17fcb37e827d569357349619cd73a4976338e
2023-03-29 18:31:41,True,1.412e-07,4.483e-10,1104047268.0,4.95,0x1b...7f6d,https://bscscan.com/tx/0x5c3fafc18f32f4d28a3d4cfd976e9c69f3dd5a4448cb3c1f2f5244a0a174c87f
2023-03-29 18:31:29,True,1.409e-07,4.473e-10,751013073.0,3.36,0x2a...576a,https://bscscan.com/tx/0xe7b89cecafc42dd73ed034711ca8602a0e5a1ec1f5cf86ba1d0e2e56a3bd6873
2023-03-29 18:31:11,False,1.403e-07,4.452e-10,879343253.0,3.91507,0xde...fa58,https://bscscan.com/tx/0x50a10968a2e4824735266c4cb3e552ac70a3e96c8e908bdeb3f724823d5f0720
2023-03-29 18:30:53,True,1.41e-07,4.476e-10,462390150.0,2.07,0x2a...576a,https://bscscan.com/tx/0xc72d6e0d8939297d99441e7a1e6b19170904a72b8a2bb5b2f3d07585753545a4
2023-03-29 18:29:56,False,1.404e-07,4.456e-10,967206664.0,4.31081,0xec...0165,https://bscscan.com/tx/0x429c5b931d43e1cb5d36a41ab4f65e1f09489f48e7c0cd7938e031edd100bc3f
2023-03-29 18:28:20,False,1.414e-07,4.467e-10,1159634434.0,5.18108,0x1b...7f6d,https://bscscan.com/tx/0x0b7b9bf929db6d711d4024d2b766b6b2981f5d78f4020773332630e62a6dfe24
2023-03-29 18:27:47,True,1.415e-07,4.49e-10,1109005365.0,4.98,0xde...fa58,https://bscscan.com/tx/0xca467e6dcdf99e951281ef840464c7119952ed7a6832c4f0dd793e6fcc12cef5
2023-03-29 18:27:47,False,1.408e-07,4.468e-10,1188668327.0,5.31156,0x2a...576a,https://bscscan.com/tx/0xf97a3a1230217c4b9bf18d59a481efb68b480a36fd2c9922db1c43e6ba327a38
2023-03-29 18:27:32,True,1.416e-07,4.495e-10,358160629.0,1.61,0x08...af7e,https://bscscan.com/tx/0xae6159523e1e32538fb6e03be8d14ddbd27dea9489c6e9b1603630623b499852
2023-03-29 18:26:04,False,1.409e-07,4.472e-10,292897709.0,1.30996,0xde...fa58,https://bscscan.com/tx/0x1cf6cb82aa0f37f2c185834048fb4ce11576e54cb5bacca818a2ce4245bb8bdc
2023-03-29 18:25:42,False,1.41e-07,4.475e-10,292571144.0,1.30938,0x1b...7f6d,https://bscscan.com/tx/0xa24354ec0285af033441b76a58ee4b530f3ce40eaf12774a45004f130d38ac94
2023-03-29 18:24:40,True,1.417e-07,4.495e-10,653915248.0,2.94,0x1b...7f6d,https://bscscan.com/tx/0xc06a4a9337505e234965eabfd1dd6594f54e41ae4834ad94d12b5f9826c1babb
2023-03-29 18:23:53,True,1.422e-07,4.489e-10,697258661.0,3.13,0x2a...576a,https://bscscan.com/tx/0x9f1f36f19b35dec7896d5f985e4004ac38c6cd54320fc40b6100b034c4fb1bcd
2023-03-29 18:23:30,True,1.412e-07,4.479e-10,1055811532.0,4.73,0xec...0165,https://bscscan.com/tx/0x365f854295a82cb980a3776a332aa42b3e805ee03144db0652ecce4e4c045be2
2023-03-29 18:22:41,False,1.411e-07,4.454e-10,468067669.0,2.08505,0xde...fa58,https://bscscan.com/tx/0x58edf7f992ba2c95e26de3eff8c187b18cae4c1052dbc7d0fc856bfcdf91f454
2023-03-29 18:22:17,True,1.417e-07,4.475e-10,779831295.0,3.49,0x1b...7f6d,https://bscscan.com/tx/0x7ad2d2673e1a0573c7cf244275e5e9050557042986a06266ddcdad21d3c5aba0
2023-03-29 18:20:41,False,1.403e-07,4.452e-10,771264179.0,3.43439,0x08...af7e,https://bscscan.com/tx/0xccf846b8343269acf785c8fb18af0c618e9d3c6f485d769f47cdd608b16b8f2b
2023-03-29 18:20:08,True,1.411e-07,4.477e-10,404274841.0,1.81,0xde...fa58,https://bscscan.com/tx/0x916dc24fcc3f0a7d29bdacf49bab67fb26fd20211c179775011c3f2b369fa29e
2023-03-29 18:19:50,True,1.417e-07,4.473e-10,353210110.0,1.58,0x2a...576a,https://bscscan.com/tx/0xf599636f1b357258529b59ccb116766489f1f9ef87902446b14a67481b8f2c89
2023-03-29 18:19:11,False,1.402e-07,4.45e-10,298933948.0,1.33045,0xec...0165,https://bscscan.com/tx/0x0ee86c07f70013bb115f46fd43a5410c7ddef9b5ccb33e88f86f373a8db02dd3
2023-03-29 18:18:32,False,1.412e-07,4.457e-10,1019227381.0,4.54306,0x2a...576a,https://bscscan.com/tx/0xdf2530178e125bebe92fc9288e8ef292e096244b9c4b08b6f62a640f7b9a4450
2023-03-29 18:17:50,False,1.415e-07,4.468e-10,1055940616.0,4.71794,0xec...0165,https://bscscan.com/tx/0x3faa5bd3d2c4dbc68ca3328faf751c6465a327d20a68e9733cac87b0773d0d51
2023-03-29 18:17:35,False,1.418e-07,4.476e-10,627561001.0,2.80937,0xde...fa58,https://bscscan.com/tx/0x3ed144e4469df97a137824599bb4eb43724ef028f5dde9b7d1cf99af50c1879f
2023-03-29 18:17:17,False,1.419e-07,4.48e-10,40468098.0,0.1813,0x54...e029,https://bscscan.com/tx/0x17e91130a15087ba0367f9bb2fc4ad4b8fe451f119e4dc33294f743d51cb3172
2023-03-29 18:16:44,True,1.425e-07,4.5e-10,493310201.0,2.22,0xde...fa58,https://bscscan.com/tx/0x0fe1e6789529e9378f11e20ac8527bc388e62f1f15e4aa8b6a7ea7f1c5b1fd4d
2023-03-29 18:16:35,True,1.423e-07,4.494e-10,620766964.0,2.79,0x2a...576a,https://bscscan.com/tx/0xb4fd74d1930d68d9def728ebe47340cc34a49c80224fbdb6eb37b1bcb94552f1
2023-03-29 18:16:08,False,1.409e-07,4.472e-10,748166122.0,3.34629,0x1b...7f6d,https://bscscan.com/tx/0x1bf12c7724584252db7223abc89f5cab2d06d9bd3682785cec5cae39a02cbf6d
2023-03-29 18:15:53,True,1.417e-07,4.495e-10,660655827.0,2.97,0xde...fa58,https://bscscan.com/tx/0xe5c4294acf1db7d31d876dacdd8103badbe946ca5937a7acbec662ada6c758f9
2023-03-29 18:15:35,False,1.416e-07,4.471e-10,318504729.0,1.42414,0x1b...7f6d,https://bscscan.com/tx/0x591b26f346723db1853a9ce88d4f426807bee2290cf746293805afbd84829f13
2023-03-29 18:15:17,True,1.422e-07,4.489e-10,1111444431.0,4.99,0xec...0165,https://bscscan.com/tx/0xef1809c2d5e058658bbd75d70ead1d5bcd62fe7462b0b390083542b5d749111f
2023-03-29 18:15:02,False,1.407e-07,4.466e-10,934016586.0,4.17162,0xde...fa58,https://bscscan.com/tx/0x32554b2916f7ea4ce744a8afdd62cc1ea6297a66ad7003f489360e514499d906
2023-03-29 18:14:32,False,1.417e-07,4.476e-10,953929823.0,4.2698,0xec...0165,https://bscscan.com/tx/0xc73ecb60a44d0ebb294657e4ab2b1d1ca3e6124220043338672d778f1c3a9ebe
2023-03-29 18:14:11,True,1.417e-07,4.5e-10,548821066.0,2.47,0xde...fa58,https://bscscan.com/tx/0x0f69b8e163e5252cf4c90382231373811d5205cad3919af1c897658da26af7e6
2023-03-29 18:13:23,False,1.418e-07,4.477e-10,416112506.0,1.8631,0xde...fa58,https://bscscan.com/tx/0xd83649eecdd8b6c02311e95649010b464f20d7661e9238563a174240dfaed97a
2023-03-29 18:13:14,True,1.425e-07,4.498e-10,686902765.0,3.09,0x1b...7f6d,https://bscscan.com/tx/0x336b268b5356db1633c193bab327c979f548781c26c318ef7229e8362932f1ef
2023-03-29 18:12:29,False,1.417e-07,4.473e-10,255979336.0,1.14518,0xde...fa58,https://bscscan.com/tx/0xffc09c569a91f90258eea34029d2f92eda998a3646d095154944b0a94cfa0979
2023-03-29 18:11:38,True,1.423e-07,4.494e-10,683132464.0,3.07,0xde...fa58,https://bscscan.com/tx/0xfcedc3dad5093fb8d78c5dc71182a9f6a03d9d2d68aa38c0f527231b57a6ffc1
2023-03-29 18:11:17,False,1.409e-07,4.469e-10,356146448.0,1.59193,0x1b...7f6d,https://bscscan.com/tx/0xbbaa15deee9e74ce1d697b3a307946ce316ed1c27922fe5d35ce848e70c2e3ee
2023-03-29 18:11:02,False,1.409e-07,4.471e-10,11869888.0,0.053,0x8a...019e,https://bscscan.com/tx/0x6575959296670f704dc1e2b4c68640eb4169301800425d0345607be044dc9dc2
2023-03-29 18:10:11,False,1.41e-07,4.473e-10,380605696.0,1.70275,0x2a...576a,https://bscscan.com/tx/0xaa528f2fa3a434943912ed109efab2b4dbca2294abff06d1a1c8cd25e5c753aa
2023-03-29 18:09:23,True,1.416e-07,4.493e-10,997098444.0,4.48,0x2a...576a,https://bscscan.com/tx/0x87fdbb6b7620429a19c5ab34a59e49d1fc273126dd7fce82fc128ac7540dc1b3
2023-03-29 18:08:44,False,1.408e-07,4.466e-10,269678996.0,1.20462,0x2a...576a,https://bscscan.com/tx/0x71dafda490087a73c53b05f85799031d604c5b431f48cd859247e687f7a95a66
2023-03-29 18:08:14,False,1.41e-07,4.473e-10,930371778.0,4.16158,0xde...fa58,https://bscscan.com/tx/0x4034b8889fcd7fa7f2d86bde3bba02518b446c0a5c318386b243cfaa876b3b23
2023-03-29 18:07:56,True,1.425e-07,4.496e-10,669364308.0,3.01,0xec...0165,https://bscscan.com/tx/0xe5593242c822246923549ab2aa456650b47742d13f1f08ce29f20e3bf70ab5b7
2023-03-29 18:07:26,True,1.415e-07,4.487e-10,1071794839.0,4.81,0xde...fa58,https://bscscan.com/tx/0x7311cd7b752ad43ca82f568ab65e5db2a47d0116789d24065617653fea1b2f19
2023-03-29 18:07:14,False,1.414e-07,4.461e-10,382030130.0,1.70456,0x1b...7f6d,https://bscscan.com/tx/0xb52d8545b8ca8d6f4e492dc040d8b5ed3f3ea18335ecd10e969d492fce538b97
2023-03-29 18:07:02,False,1.408e-07,4.467e-10,730734855.0,3.2646,0xec...0165,https://bscscan.com/tx/0xedb4b90db40017b7a31fedb03031f191d4fae9c1952dfcb6d7d6c6c92d9358bd
2023-03-29 18:05:20,False,1.418e-07,4.475e-10,786746994.0,3.52097,0x2a...576a,https://bscscan.com/tx/0xdb007f7890cd4cbff7e10b3f15bad7a01de3639a23b5c9750d0a33162771c09c
2023-03-29 18:05:05,True,1.418e-07,4.496e-10,953986345.0,4.29,0x1b...7f6d,https://bscscan.com/tx/0x08df6a08190cbeb2ae4616f7c8b0b3da2aba29bd6712901890a63db1a4657a19
2023-03-29 18:04:53,False,1.41e-07,4.472e-10,503745169.0,2.25282,0xde...fa58,https://bscscan.com/tx/0x0566c43af4d36b1534f3d9fea2d54356cac868bba82975457b98d99217967704
2023-03-29 18:04:29,False,1.419e-07,4.476e-10,260572839.0,1.16634,0x1b...7f6d,https://bscscan.com/tx/0x3576e63220490bb1bba328978265da2b5b2f22e516865e3dddc7c8cb5013f40d
2023-03-29 18:04:11,True,1.425e-07,4.496e-10,584854020.0,2.63,0xec...0165,https://bscscan.com/tx/0x6b01ac08d323cd392648081077ab83fe180dcbb757613b261624e969ee3fe292
2023-03-29 18:03:01,False,1.411e-07,4.474e-10,546169801.0,2.44367,0x1b...7f6d,https://bscscan.com/tx/0x667fc237182e4f3d75c2481138be59df97309e8504a63a94e8e2990cb1cd405b
2023-03-29 18:02:40,True,1.418e-07,4.496e-10,604937836.0,2.72,0x2a...576a,https://bscscan.com/tx/0xedb34099820215c43defe1e81b81ffd08e5d6cab978e993d91023d0a912e0adc
2023-03-29 18:02:13,True,1.415e-07,4.488e-10,906759403.0,4.07,0x1b...7f6d,https://bscscan.com/tx/0x8dfa87170fc3e700a79c21186eb871eb04793327b3ee6c69e2833ea0beaa51a5
2023-03-29 18:01:49,False,1.415e-07,4.463e-10,419720817.0,1.87346,0xec...0165,https://bscscan.com/tx/0x008f2c00d8c3667c9dd2a7421974d55c03c764c90288fab382573fb9ab120045
2023-03-29 18:01:28,False,1.409e-07,4.467e-10,378698583.0,1.69191,0xde...fa58,https://bscscan.com/tx/0x712370955366d90c762a55b2402dfce80ea2609e1c29fea9f12ffa3ca2f3ca12
2023-03-29 18:01:07,False,1.411e-07,4.473e-10,791344582.0,3.54024,0x1b...7f6d,https://bscscan.com/tx/0x5cac11c5b6dc80e7be42e9fb0c0239ad384379bc779990c3708b529243be4712
2023-03-29 18:00:46,False,1.421e-07,4.482e-10,897407237.0,4.02253,0x2a...576a,https://bscscan.com/tx/0xb7533a1460fa06e7b4354cfc9a225409d79c0f248b6c470b0f2726e7f538e1f3
2023-03-29 18:00:37,True,1.428e-07,4.503e-10,1096844862.0,4.94,0xde...fa58,https://bscscan.com/tx/0x0b8e4e215797d910a0800806361d01c83be71bbc88589d168d3d3ab4ed5a2f10
2023-03-29 18:00:25,True,1.425e-07,4.496e-10,409250598.0,1.84,0xec...0165,https://bscscan.com/tx/0x3d64ab002a23eb0bd5210d979e433d71c93a5e12936894fbaa35ea1847b1c4d3
2023-03-29 18:00:13,True,1.416e-07,4.489e-10,844184783.0,3.79,0x08...af7e,https://bscscan.com/tx/0xb149ee947a2675c33bf0bf16338f738ec0ab4f56ca62b463b4208b2db62ccefc
2023-03-29 17:59:43,True,1.413e-07,4.481e-10,765414010.0,3.43,0x1b...7f6d,https://bscscan.com/tx/0x1db6d11722ed7694c88f99cddcbc0ae5b671ca9d4fb5a8f2e03267d819a1a35b
2023-03-29 17:59:28,False,1.413e-07,4.458e-10,635829755.0,2.83465,0xec...0165,https://bscscan.com/tx/0x62596ec8f3f18f59cdfcc88aae468467eee9093c67bb88d6bb229f02e1a4ccca
2023-03-29 17:58:49,False,1.408e-07,4.465e-10,838500133.0,3.74452,0x1b...7f6d,https://bscscan.com/tx/0x71ba93076a1442f3c4ee637d3ebb2b2e4710a19b946194e35a251e1a5ad5d525
2023-03-29 17:58:10,True,1.415e-07,4.488e-10,719577187.0,3.23,0x1b...7f6d,https://bscscan.com/tx/0x0e9ce87f8696c686daf5c8edf442da7655f87b4f8d00aac0ebe3f117e63f65cd
2023-03-29 17:56:37,True,1.413e-07,4.481e-10,778840899.0,3.49,0x2a...576a,https://bscscan.com/tx/0xc1ba9028a24df4bde5f43cd6778fe7094288ddd2fa70e9032e883aa6831a71e1
2023-03-29 17:55:55,True,1.417e-07,4.473e-10,612446507.0,2.74,0x2a...576a,https://bscscan.com/tx/0xbcc2b243731baf310415724f095e82598f8ceeb429ca0dd1d07f1123612028f3
2023-03-29 17:55:31,False,1.41e-07,4.451e-10,571261833.0,2.54286,0xde...fa58,https://bscscan.com/tx/0x77b1e645ed565db74a0c3d3003b31a32eeaaf45cabc916a6c67a49b09afa8ff0
2023-03-29 17:54:58,True,1.41e-07,4.471e-10,912367907.0,4.08,0xec...0165,https://bscscan.com/tx/0x32700054246572216e65306b06cba8d37c108c79dd7342a749e466601bd52f8d
2023-03-29 17:53:49,True,1.408e-07,4.465e-10,400882775.0,1.79,0xde...fa58,https://bscscan.com/tx/0xa1c648a3e278c43ea06bd21d34b805d515d18a4d821857a03724997942b85f14
2023-03-29 17:53:07,True,1.413e-07,4.46e-10,446107463.0,1.99,0xec...0165,https://bscscan.com/tx/0xfe5c932729e70204e8f0aaeb1910f934182ac94e7ebb7bdbb04da7397b974bec
2023-03-29 17:52:01,False,1.407e-07,4.441e-10,1084237101.0,4.81594,0xec...0165,https://bscscan.com/tx/0xf116b72902c215c238eeab77cb99a05ada7ae310736dea953a06277ba6754e3b
2023-03-29 17:51:22,False,1.411e-07,4.452e-10,1038854066.0,4.62559,0x2a...576a,https://bscscan.com/tx/0x42a57146c3f30b6c064e8278061334438a0e2eddef76cf1dff104274ff0051b5
2023-03-29 17:50:49,False,1.407e-07,4.464e-10,1222824102.0,5.45888,0x1b...7f6d,https://bscscan.com/tx/0xda11b59eb8c99e035af8a660a12716d6931993ac8fdfdfaaa37a4e47170e256b
2023-03-29 17:50:25,False,1.41e-07,4.474e-10,799032486.0,3.57529,0xde...fa58,https://bscscan.com/tx/0x64260447c667205e9ceba55be53f857f0b52ee3c946f402c5fc8a51f5c35e63b
2023-03-29 17:50:16,True,1.424e-07,4.494e-10,1212506111.0,5.45,0x1b...7f6d,https://bscscan.com/tx/0xc42522874354cc8937a335904b87268b4ac86e7a60eab840a880b9111c1e45b7
2023-03-29 17:49:22,True,1.413e-07,4.483e-10,947885537.0,4.25,0xec...0165,https://bscscan.com/tx/0x348913f34ad516306a3d975e57a0acdba7eab907536b7b4baf30aa3c3947dc39
2023-03-29 17:49:19,False,1.413e-07,4.458e-10,372537809.0,1.66089,0x2a...576a,https://bscscan.com/tx/0xdb0172a80f8de18f0d7dc8671e9a4e2300a42c95e5205e7444f341e4f67a8e8b
2023-03-29 17:48:43,False,1.414e-07,4.461e-10,291824610.0,1.30204,0xde...fa58,https://bscscan.com/tx/0x9bbd861551e1093be6ff64a38c1a1e07cf4780e9a867e2ba2c8e91203fffb4a9
2023-03-29 17:48:34,True,1.414e-07,4.485e-10,10000000.0,0.0448,0xe3...29c3,https://bscscan.com/tx/0x63c362dbc4d8126d5dab91dcf813e513c3971c15867265796c84ce574607f150
2023-03-29 17:48:13,True,1.412e-07,4.478e-10,1274856176.0,5.71,0x2a...576a,https://bscscan.com/tx/0xb83222d03834cc095ff2112bf8e7a065daac62e190958a33318c369bc6bcb5ca
2023-03-29 17:47:04,False,1.401e-07,4.451e-10,251385731.0,1.119,0x2a...576a,https://bscscan.com/tx/0xd5bb6555bb71efff57bf0121f5da6b08bab81fc13fa9dcbe9ce93bbd7c5d0ffa
2023-03-29 17:47:01,True,1.408e-07,4.47e-10,791788312.0,3.54,0xde...fa58,https://bscscan.com/tx/0x9d56511e7e726b686bc6a42031141e4b02ac8cc95aaf3de86e88b10b981c6edf
2023-03-29 17:46:55,True,1.406e-07,4.466e-10,26000000.0,0.1161,0xe3...29c3,https://bscscan.com/tx/0xe0f1c34838cc39e4d9b5138983fc3a47170a203419bccf8490318cbcfac45cac
2023-03-29 17:46:49,True,1.413e-07,4.466e-10,21554436.0,0.0962,0x8e...4cdf,https://bscscan.com/tx/0x01512b80231532182d3a3d2d2a1edbbf6e2dd69f9ab99f4fe3acaa52f6720134
2023-03-29 17:44:16,False,1.401e-07,4.45e-10,1237765841.0,5.5085,0xec...0165,https://bscscan.com/tx/0xc505c6cfc2ba4e49c06a25682b1bd591d8d0df1ee7455a7ab2218b82c5ed4ddc
2023-03-29 17:43:25,True,1.417e-07,4.478e-10,27437184.0,0.1228,0x84...946d,https://bscscan.com/tx/0xb261327e5127457b19466a3bed3173ce1122712fe019bc2d0c3560daaf9fbcb2
2023-03-29 17:43:07,False,1.41e-07,4.458e-10,446221311.0,1.98955,0x2a...576a,https://bscscan.com/tx/0xfbbe7a2546be7dca6c59ba32727dad9c05652c22e827acf5111d4889f9a14c2b
2023-03-29 17:42:10,False,1.411e-07,4.461e-10,109944434.0,0.4905,0x38...ebf1,https://bscscan.com/tx/0xc96af986bbfdaa7518369327979a4ca906ff008d04f056972ccfc6251e6aaf8c
2023-03-29 17:42:05,False,1.405e-07,4.463e-10,258203324.0,1.15246,0x1b...7f6d,https://bscscan.com/tx/0xe330c4a8c6978c8c79ea8ea446f43858bda8529bf67e0a9c7b4bfac752523d9e
2023-03-29 17:41:58,False,1.406e-07,4.467e-10,627948540.0,2.80564,0xde...fa58,https://bscscan.com/tx/0xd4070c0f3b867191b069e2ec2f53dd939d6bf56623c4125fb1e1b7399534cd1e
2023-03-29 17:41:07,True,1.42e-07,4.488e-10,911139733.0,4.09,0xde...fa58,https://bscscan.com/tx/0x341dc1b8a66e523c5112e726e2c1a48cc603e21914d1c06d7c213e45f75f0830
2023-03-29 17:39:43,False,1.412e-07,4.463e-10,282577581.0,1.26121,0x08...af7e,https://bscscan.com/tx/0x0d27aa27d59dd55f9aea6b692f2714839ec508b67c323675ca48b7fe73500ba5
2023-03-29 17:39:25,True,1.418e-07,4.483e-10,637851833.0,2.86,0x2a...576a,https://bscscan.com/tx/0xb2f245d5e47f89d7e6d0799f98795268420072fa33607389705e9246e8022bbc
2023-03-29 17:39:22,False,1.411e-07,4.46e-10,529836923.0,2.36353,0xde...fa58,https://bscscan.com/tx/0x79a411207ecd1d4ffb10aaf5ce134cc288e881157d9230393af5ce1eee3d694b
2023-03-29 17:38:46,True,1.417e-07,4.48e-10,1055681500.0,4.73,0xec...0165,https://bscscan.com/tx/0xe5ca79cb07001df722007353c3a54f88a97ecb74dfaf210d53cb845994ae7933
2023-03-29 17:38:22,False,1.402e-07,4.455e-10,620082223.0,2.76303,0x1b...7f6d,https://bscscan.com/tx/0xb0ef1b14e3bb35436a506308a478f0b1092d4dacc36f98bb3afc425b6f3660bf
2023-03-29 17:36:38,False,1.404e-07,4.46e-10,339714583.0,1.51541,0xec...0165,https://bscscan.com/tx/0xe1eb9cec4c0cdc7cb235d007126a9fccaa209eb78827fe8b2dfacda8cebd91e1
2023-03-29 17:35:55,True,1.411e-07,4.482e-10,461788895.0,2.07,0xec...0165,https://bscscan.com/tx/0x1d23ac5df8b2cd6802cad2f23a7f4d3858857fa1f9b5382413308d19d2e5cbb3
2023-03-29 17:35:08,True,1.409e-07,4.477e-10,569545250.0,2.55,0xde...fa58,https://bscscan.com/tx/0xf3f8e7397dbd1404f49efab6ac108dcd346ced1470eb5e1d3833d0213c641359
2023-03-29 17:34:31,True,1.414e-07,4.471e-10,624004535.0,2.79,0x1b...7f6d,https://bscscan.com/tx/0x1a98b589612ae1b47915b32b1bc281e3459760d6e15d1568b67de017b60ac79e
2023-03-29 17:34:28,False,1.407e-07,4.45e-10,903380695.0,4.02024,0x2a...576a,https://bscscan.com/tx/0x82208cb725e2af346b1161f5e05ad27d48adc47a373097f87caa3ca7c510392d
2023-03-29 17:34:19,False,1.41e-07,4.457e-10,586852728.0,2.61609,0xec...0165,https://bscscan.com/tx/0xd5e60d196cc8fceb2f2aa06632bc7476bc037b931a7ce7edabb85a645910b039
2023-03-29 17:33:43,False,1.412e-07,4.464e-10,771703413.0,3.44549,0x1b...7f6d,https://bscscan.com/tx/0x028d017a7a8d16de62dd46a50875134bb47aa3f97b463b27c81fdfe015aaf1d0
2023-03-29 17:33:31,False,1.407e-07,4.471e-10,561315723.0,2.50999,0xde...fa58,https://bscscan.com/tx/0x7d78415e1f4e532b1f290541015251d0ba251d11bdb4971ff20c4e6092cfeef9
2023-03-29 17:32:52,True,1.421e-07,4.494e-10,449425950.0,2.02,0x1b...7f6d,https://bscscan.com/tx/0x72d04f89f25e7e0de41d2dfb12b085070cebe93f4b7575c063dd05c9b2747e42
2023-03-29 17:32:36,False,1.407e-07,4.472e-10,587346436.0,2.62713,0xde...fa58,https://bscscan.com/tx/0xd013e281ad96a08e4a39e2166e44e02130a0aba41e9cfe3b4c66029c98a31925
2023-03-29 17:32:18,False,1.408e-07,4.477e-10,246334051.0,1.10288,0xec...0165,https://bscscan.com/tx/0x63e126be4c4bd8f3c1ab6ef487827cb9eac1b109a1d5f972156557a516b3eaeb
2023-03-29 17:31:45,True,1.415e-07,4.497e-10,620317822.0,2.79,0xde...fa58,https://bscscan.com/tx/0xff9947f08979fc7baec906bed55b218442d1fcab3aa1b7414a1b17572a6f16e1
2023-03-29 17:30:54,False,1.407e-07,4.473e-10,310138108.0,1.38745,0xde...fa58,https://bscscan.com/tx/0x04602d31ff2a4b50092f95d28f704bed01add2eaa926deb1f9c86bf664593f96
2023-03-29 17:30:33,True,1.419e-07,4.492e-10,983841769.0,4.42,0x2a...576a,https://bscscan.com/tx/0x432c55abf5927c193298cd795b038b740bf88c72bb8add73d8bc3fb42f98c790
2023-03-29 17:30:30,False,1.411e-07,4.467e-10,430209467.0,1.92188,0x1b...7f6d,https://bscscan.com/tx/0xeaa1f198bb26cf87da007a9ef9841606ef95c54b3e1176c0adda19c625f5a7a1
2023-03-29 17:30:09,True,1.411e-07,4.488e-10,717430937.0,3.22,0xec...0165,https://bscscan.com/tx/0x03c5232eb40785c8dcc458e52a68dbabf6318cbeeb350ab52a51bbcf6eaf9d23
2023-03-29 17:29:27,False,1.412e-07,4.467e-10,1059561888.0,4.73368,0xec...0165,https://bscscan.com/tx/0x4f298869539e16810c502e56b87b568bcf01295aded56c7477ba7344f8b8b2cc
2023-03-29 17:28:21,True,1.412e-07,4.493e-10,382777035.0,1.72,0xde...fa58,https://bscscan.com/tx/0x58fc43bb0d9f418dc6b9265969fed7775d8690a1f1ad1844d16c8c8a22100a14
2023-03-29 17:28:03,True,1.416e-07,4.485e-10,1148127331.0,5.15,0xec...0165,https://bscscan.com/tx/0x52be62e7753e495339f1edeb40a8f0345ca6db695ae13549c3c48139d50ad380
2023-03-29 17:27:30,False,1.409e-07,4.46e-10,661334287.0,2.94999,0xde...fa58,https://bscscan.com/tx/0xd3076e9be8423c4f9a49512d5a34204d73c6816940b2cbfb4fbe1da92d291946
2023-03-29 17:26:57,True,1.415e-07,4.482e-10,812090014.0,3.64,0x1b...7f6d,https://bscscan.com/tx/0x11b1214da8528fcfe486f1d368bf12fa1ce788704fce16fd9848fd42c401efde
2023-03-29 17:26:51,False,1.408e-07,4.461e-10,1094104424.0,4.88115,0xec...0165,https://bscscan.com/tx/0xae0e61cfc01d19f053d0990d6d4cd18d1ea479f642ccceb3680a29a00063f4ad
2023-03-29 17:26:06,False,1.405e-07,4.471e-10,919440335.0,4.11141,0x08...af7e,https://bscscan.com/tx/0x937420e0f91b95c7c7e047fb6a16313991bf208b670fa545c53983aa7295b4a3
2023-03-29 17:26:03,True,1.412e-07,4.495e-10,725239088.0,3.26,0xec...0165,https://bscscan.com/tx/0xfa72d0f9239f0b8ed802b415962960ff083844e3362314277b55695eecfbdb0e
2023-03-29 17:25:48,True,1.416e-07,4.485e-10,1092366268.0,4.9,0xde...fa58,https://bscscan.com/tx/0xea5b7ec15fdcf6d2877158da01df762aa10a7fa13abb6f42ac45f3510afa725f
2023-03-29 17:25:33,False,1.408e-07,4.461e-10,720544939.0,3.21462,0x2a...576a,https://bscscan.com/tx/0xa90c9bcd2c89f396f3986ccffd7f39dfda020e105f7284797943cbb194e089c1
2023-03-29 17:24:24,False,1.403e-07,4.466e-10,271039546.0,1.21058,0x1b...7f6d,https://bscscan.com/tx/0x91fef5b2f00ee5bc55cb82cf040e7b3f6324a79198c82f792664d2bfc24937a5
2023-03-29 17:23:33,True,1.417e-07,4.486e-10,798015350.0,3.58,0x1b...7f6d,https://bscscan.com/tx/0xdba97b4f7b0caa093db63a3564740ec2179a3805eae01dd525a5e8b79362da20
2023-03-29 17:21:29,False,1.408e-07,4.461e-10,316309106.0,1.41114,0xec...0165,https://bscscan.com/tx/0x4f6cbd8b6fc072b4ef9742b3f2f44b8a841d380c221b1f8a06b7ebb6076c184e
2023-03-29 17:20:44,False,1.408e-07,4.464e-10,384729401.0,1.71776,0xde...fa58,https://bscscan.com/tx/0x30a193e60755aa575c660a06bde10607a5b5612db105a66d7b500bbbf746c0c7
2023-03-29 17:20:17,True,1.415e-07,4.486e-10,550554205.0,2.47,0x2a...576a,https://bscscan.com/tx/0x7fd1ed00da67b3ba68bf363f054dfa36caf8bd887311415702b4accee64ee86c
2023-03-29 17:20:08,False,1.4e-07,4.461e-10,76921171.0,0.3431,0x89...38ae,https://bscscan.com/tx/0x3876d976a172e71593a41103c4049cdfd0f13582b901284ed2d05ca94edf8beb
2023-03-29 17:19:53,False,1.401e-07,4.464e-10,537990907.0,2.40197,0xde...fa58,https://bscscan.com/tx/0x1f54fc933a1555da92b51f00c11dbfc452c09d12dd40d78949b70bd9ed2a6850
2023-03-29 17:19:14,True,1.415e-07,4.484e-10,1016806493.0,4.56,0x08...af7e,https://bscscan.com/tx/0x07804c6f53da2855d385378280b95c2d261077e43e5a9cb404db748078fc4e2d
2023-03-29 17:19:02,True,1.411e-07,4.474e-10,1014713571.0,4.54,0xde...fa58,https://bscscan.com/tx/0x6e2ed8e8a8b1285204e72bd98b807e1f65b45d8a4b33fec966312ebab702a2b7
2023-03-29 17:18:53,False,1.397e-07,4.45e-10,739766311.0,3.29227,0x2a...576a,https://bscscan.com/tx/0xf79e911ba52b1f9a9d626f5db6007366d19ec53e5e7baa383fb3d6eb3e9d7855
2023-03-29 17:16:59,False,1.406e-07,4.456e-10,540810305.0,2.41037,0x1b...7f6d,https://bscscan.com/tx/0xb5d16fc50d3063b510259edd8316d8ede1b8d798ad6d928237139b7fcf0a5248
2023-03-29 17:16:29,False,1.408e-07,4.463e-10,823545890.0,3.67626,0xde...fa58,https://bscscan.com/tx/0xab3435826e4a8c5d993621639fb2ac31116f1ef6f4c9a58b19819cfb4843b5f4
2023-03-29 17:16:26,True,1.416e-07,4.487e-10,499108934.0,2.24,0x2a...576a,https://bscscan.com/tx/0x5400f8c4002b75360f979998d61926a5c0ad24be14af2b6ab0a8ab657bf6e8fe
2023-03-29 17:15:23,False,1.401e-07,4.464e-10,322572259.0,1.44018,0xec...0165,https://bscscan.com/tx/0xee79a627d25af0bef32c445c85e85adf367d73036eed31db9e7ebb1dbfa51ed4
2023-03-29 17:14:29,True,1.415e-07,4.484e-10,889800743.0,3.99,0xec...0165,https://bscscan.com/tx/0x0e92f8b20409e2d76589c608c7e7f2f390256e7d198e4b05631165ab127fdcd3
2023-03-29 17:13:56,True,1.412e-07,4.477e-10,477987317.0,2.14,0xde...fa58,https://bscscan.com/tx/0xe95154a337d812b430db230e833f640f31336c397bb2553c017aac940601f4e5
2023-03-29 17:13:17,False,1.405e-07,4.453e-10,297033301.0,1.32293,0x2a...576a,https://bscscan.com/tx/0xb48f21c4360862d693cc817bab0b4b5bfa6cc059df2ca9a7a8cbc86038ab560d
2023-03-29 17:13:06,False,1.407e-07,4.46e-10,980746024.0,4.37448,0xec...0165,https://bscscan.com/tx/0x95d0977267185070d441160a7d37d409c02759fa5adbbf6b5b7451238cacbc9d
2023-03-29 17:11:48,True,1.415e-07,4.484e-10,559656631.0,2.51,0x1b...7f6d,https://bscscan.com/tx/0x88396e31d98edec9392330fdfd2f7e3fc79340c601607992a73b81376043449f
2023-03-29 17:11:30,True,1.412e-07,4.474e-10,1398944095.0,6.26,0xec...0165,https://bscscan.com/tx/0x87d05f79362dfded7f04138f631db82d8e5a40828a80b523aadb5fd984d64e99
2023-03-29 17:11:24,True,1.408e-07,4.463e-10,734790696.0,3.28,0x2a...576a,https://bscscan.com/tx/0x4207ba3d35023b17c2e541f72ea86be101c91a03c02f1f10592d39fa41d7ef19
2023-03-29 17:11:21,False,1.401e-07,4.441e-10,629543162.0,2.79582,0xde...fa58,https://bscscan.com/tx/0x3eb725143b261aac60009d579c662795a3d2569dd4a4710bdf1b47025b516811
2023-03-29 17:10:51,False,1.404e-07,4.45e-10,1217675555.0,5.41919,0xec...0165,https://bscscan.com/tx/0x4f5a2226c065a1cb068a5b525ad19de85ee946b62a89e461232bbf6cd162969c
2023-03-29 17:10:33,False,1.408e-07,4.462e-10,1175557922.0,5.24612,0x1b...7f6d,https://bscscan.com/tx/0x545b46e1ff4366eef7871e788a127183c4cfffe991688a0cfc7f20cc5fbb4162
2023-03-29 17:10:12,False,1.404e-07,4.474e-10,1077504034.0,4.82099,0x2a...576a,https://bscscan.com/tx/0x1bdd769b3b8fb1fc0ca2f385e753088301b083c5926847ef24561d40e6f711f4
2023-03-29 17:09:33,True,1.418e-07,4.496e-10,1105302239.0,4.97,0xec...0165,https://bscscan.com/tx/0x3dd2f134198b19a11890978999073b0ac9d42c6bd2e6cfe7489781ca59ab4569
2023-03-29 17:09:15,True,1.409e-07,4.488e-10,521378990.0,2.34,0x2a...576a,https://bscscan.com/tx/0xb879bd44f2e38239ce5a44443449a5f3dcf8858a0f6bdf926b80b2bb691c3c6e
2023-03-29 17:08:51,True,1.407e-07,4.483e-10,390329267.0,1.75,0xde...fa58,https://bscscan.com/tx/0x3cd328536456db7fb0ae98b68dff54f3482749abae9f26f93f6326bd7fb667a8
2023-03-29 17:07:36,True,1.407e-07,4.48e-10,225377524.0,1.00974,0x10...894a,https://bscscan.com/tx/0xcf10d8356b58b67715254f71487fb7f9983b03a8d76acba792dc02059bd69b43
2023-03-29 17:07:30,False,1.408e-07,4.462e-10,1057690806.0,4.71954,0xec...0165,https://bscscan.com/tx/0xf1aff77238410783dedfc17b3c550c0fd31400dc833dae47886bca7e324cfcc4
2023-03-29 17:07:18,False,1.41e-07,4.469e-10,419090678.0,1.8732,0x1b...7f6d,https://bscscan.com/tx/0x00eae84e6e8496ae57be8ce4d12ae8658acfc6a315d73648e49c235f13a17900
2023-03-29 17:06:18,True,1.41e-07,4.49e-10,692544691.0,3.11,0xde...fa58,https://bscscan.com/tx/0xb642e77211941cc4a31598222cb5eebe61e013307e4e826569ce2998ca103634
2023-03-29 17:05:36,False,1.403e-07,4.469e-10,859394810.0,3.84074,0x08...af7e,https://bscscan.com/tx/0x5c8c5d484c233bca55e929d5decb99ed5fd41db435897b1fd4505b1c4f1e7ede
2023-03-29 17:05:24,True,1.418e-07,4.492e-10,745751570.0,3.35,0xec...0165,https://bscscan.com/tx/0x19f21f3e37cb8f6adb7635668a0c27a3efbfb33881d226d881b73a810160b6e1
2023-03-29 17:04:36,False,1.404e-07,4.471e-10,1056179314.0,4.72247,0xde...fa58,https://bscscan.com/tx/0xdf51a760f16d2ca9b8d04323f776ccc9e664da2bfdb29eb6135197b6ef88d469
2023-03-29 17:04:12,False,1.407e-07,4.479e-10,564730614.0,2.52977,0x2a...576a,https://bscscan.com/tx/0xb6713b35bf61dbcf96b14091f34d9db2e0103acc019e25e4ebc54e0fdee42bbc
2023-03-29 17:04:06,False,1.408e-07,4.482e-10,46504063.0,0.2084,0x4c...2bf4,https://bscscan.com/tx/0xf754e6f66207c36636db6b2375a77f88e8057ff4edeaee583ec3e11ea13a5a85
2023-03-29 17:03:27,True,1.414e-07,4.502e-10,573013292.0,2.58,0x2a...576a,https://bscscan.com/tx/0x5a95709547350a18d2f47af6f4daa9a2bc4b7ffae2a4b2aca5a9ae6676dc0add
2023-03-29 17:02:57,True,1.42e-07,4.496e-10,524815037.0,2.36,0xde...fa58,https://bscscan.com/tx/0xd6781108e43a501ae85ef7906a55788dbf05afdc1bcefe9182e5127f787ae287
2023-03-29 17:02:21,False,1.414e-07,4.475e-10,803076663.0,3.59441,0xec...0165,https://bscscan.com/tx/0xb65907c162395dd16b72fc96d91d4a56f263a6b6a731822d6817d776725f1647
2023-03-29 17:00:30,True,1.413e-07,4.496e-10,1165386132.0,5.24,0xec...0165,https://bscscan.com/tx/0x0bb320b2dbcef39592b9b144e106fa84de8d3c606dea50d9e018071b1624b956
2023-03-29 17:00:21,False,1.412e-07,4.471e-10,723179214.0,3.23379,0xde...fa58,https://bscscan.com/tx/0x5f5a8184095ec3bbfcc3c7a792f3d6cfff7554f5ca3811a93a7ca46ca9c9eeee
2023-03-29 16:59:03,False,1.408e-07,4.478e-10,708776428.0,3.17461,0x2a...576a,https://bscscan.com/tx/0x8cc9f834aca97d7ad87696ce8a959de25138cca91dd56163d548f050e8663790
2023-03-29 16:58:51,True,1.415e-07,4.502e-10,453052840.0,2.04,0x1b...7f6d,https://bscscan.com/tx/0xf328c6795dc8859eda1e51865fa3f08449ba7fc041457a949e4455addce6032d
2023-03-29 16:58:45,True,1.413e-07,4.496e-10,716076904.0,3.22,0x08...af7e,https://bscscan.com/tx/0x1e096f282b5c2984c45e05c5b0af0ad64730237ef7b8ba6b2eeb27d3b3d9608f
2023-03-29 16:58:39,True,1.412e-07,4.49e-10,463187330.0,2.08,0xde...fa58,https://bscscan.com/tx/0x8edb07cbb3bdb886332a6eb93025619b331d672b2c424105cb7f87c774cf486b
2023-03-29 16:57:42,True,1.409e-07,4.481e-10,1215987359.0,5.45,0x2a...576a,https://bscscan.com/tx/0x3366c8b1142168e24ce97288ece178c2410f2599c644b7780c0c838a9f2ad3d6
2023-03-29 16:57:30,False,1.408e-07,4.457e-10,888117618.0,3.95913,0xec...0165,https://bscscan.com/tx/0xd234e148f7251435618e73e1bc46ef52dc553033e065875ce3addbd19bd53539
2023-03-29 16:56:03,True,1.415e-07,4.479e-10,959848465.0,4.3,0x1b...7f6d,https://bscscan.com/tx/0x841641c1ab5660adf8d5b88ab69b0b2205e9aabe8e63728b7e81ea9e46058cb1
2023-03-29 16:54:45,False,1.408e-07,4.456e-10,701794215.0,3.12732,0x1b...7f6d,https://bscscan.com/tx/0x910302b1462a3d113b8610d4bf0945b0937a3de25327a00609562ba9a7f6d3e3
2023-03-29 16:54:03,True,1.407e-07,4.479e-10,562594764.0,2.52,0xec...0165,https://bscscan.com/tx/0x0bb8bea72c3230fa58c856a65d5cb80089099754cdc29d250dbef274f42bda32
2023-03-29 16:53:57,True,1.405e-07,4.473e-10,476094417.0,2.13,0x1b...7f6d,https://bscscan.com/tx/0x4ea7ec0362afbb4b0af3fe5130b025f3157afb35f3a473ff46112bc16de16f96
2023-03-29 16:53:33,True,1.403e-07,4.468e-10,662480590.0,2.96,0xde...fa58,https://bscscan.com/tx/0xd8a157a7656232e8aedf7b53b30c2b42dc5d22d0e76fe7fd8519688cf2bb472c
2023-03-29 16:53:30,False,1.403e-07,4.446e-10,828162658.0,3.6825,0x2a...576a,https://bscscan.com/tx/0x67f926827412dd5ece49f9ef08fec889804ca2b6ca13d686cf4bbd6cbbd88292
2023-03-29 16:52:51,False,1.399e-07,4.455e-10,873199829.0,3.89034,0x1b...7f6d,https://bscscan.com/tx/0xf2f308337dc973ea8511c3c355dbdb79f7513e4058481f626ff9937a7aa8fe91
2023-03-29 16:52:48,True,1.406e-07,4.477e-10,855350729.0,3.83,0x2a...576a,https://bscscan.com/tx/0x9615c1a66e940d9418e467d8c614f70ae1c9b026326bdef8f989e8c325a740da
2023-03-29 16:52:33,True,1.405e-07,4.473e-10,3785721.0,0.0169,0xf1...0a80,https://bscscan.com/tx/0x8e96e7e156211e97bd2bec5cabcc678f8235cc095e3feb70ace3e544d5809ff4
2023-03-29 16:52:21,False,1.399e-07,4.454e-10,707078814.0,3.14971,0xec...0165,https://bscscan.com/tx/0x5b9097772031f758167a8e2da9d5c73eb28178e2f582743bade86409d9d6a2f5
2023-03-29 16:51:57,False,1.407e-07,4.46e-10,379887947.0,1.69433,0x08...af7e,https://bscscan.com/tx/0x843f695a9e77ad898fbce512415451dd491b18e70872dca0516f8127e2b06474
2023-03-29 16:51:51,False,1.41e-07,4.467e-10,1099443938.0,4.91196,0xde...fa58,https://bscscan.com/tx/0x70c5addca983f173fd73975bbf4654999aed22ec5c469ca4e33ffe83bffb38c7
2023-03-29 16:51:00,True,1.418e-07,4.492e-10,547527583.0,2.46,0xde...fa58,https://bscscan.com/tx/0xf85b6e579f9b84eed29cff0dc880afb93b98e9419b0e3003c83e257e7f16a4c7
2023-03-29 16:51:00,False,1.411e-07,4.469e-10,433897573.0,1.93948,0x2a...576a,https://bscscan.com/tx/0x49d3db88cbc8eafd3888307b7f16e71a740f344d5c9025751ebcbdbddee8a6c6
2023-03-29 16:50:45,True,1.418e-07,4.491e-10,647931101.0,2.91,0x1b...7f6d,https://bscscan.com/tx/0x93ee0771a70eee102c727857c198cc422d1e1ed89f8508bafe92c66f1607c57c
2023-03-29 16:50:09,False,1.411e-07,4.467e-10,462438194.0,2.0661,0xde...fa58,https://bscscan.com/tx/0xbf650feb79e8d7944d0daaf4bcfa91cf573d6007f0ac874a4b8ef69e7a08d9e0
2023-03-29 16:49:21,True,1.419e-07,4.487e-10,969331724.0,4.35,0xec...0165,https://bscscan.com/tx/0xf3333460135c40e0458a0025566dd0e9c6141715cc42e6e688c697e6ea345b05
2023-03-29 16:49:18,True,1.416e-07,4.478e-10,797138102.0,3.57,0xde...fa58,https://bscscan.com/tx/0xd3d84617fb4ea062288cf12ce1ec48c145c4d63896095b10461bff73377cf653
2023-03-29 16:49:15,True,1.414e-07,4.472e-10,366682154.0,1.64,0x1b...7f6d,https://bscscan.com/tx/0xca513796d15ab80adc5a1a013ad589c725b7ccdff7b5dd8a16ef8e19c6bf2384
2023-03-29 16:49:03,False,1.407e-07,4.451e-10,528440217.0,2.3521,0x2a...576a,https://bscscan.com/tx/0xa70b84530eb05c62aa9944439ca1a0b127b718200c21043a6e58b050c268c3ae
2023-03-29 16:48:15,False,1.41e-07,4.456e-10,538709186.0,2.40075,0x1b...7f6d,https://bscscan.com/tx/0xd203a85243736d7f4e0114d896519ea177bdea57293235874a0849f8973f008d
2023-03-29 16:46:45,True,1.417e-07,4.478e-10,656510385.0,2.94,0x1b...7f6d,https://bscscan.com/tx/0xf02e95ce72643fa288dee6b32a4bb8236e0c0ac1f1cad1a77acefd27026c9c62
2023-03-29 16:46:03,False,1.409e-07,4.453e-10,276525932.0,1.23162,0x2a...576a,https://bscscan.com/tx/0xc9c90654ef022f4e972e15d25a482ef718932565dfafc93bd7aa23415595b54b
2023-03-29 16:45:33,False,1.404e-07,4.46e-10,1003411852.0,4.47568,0xec...0165,https://bscscan.com/tx/0xeba5600c9cbb38d3901fd583637d98d19aa1a8f1ef3986be3e1ca89cd6b418fd
2023-03-29 16:45:27,True,1.419e-07,4.484e-10,718061248.0,3.22,0x2a...576a,https://bscscan.com/tx/0x2f5726960670df03e5f65a4128e9ec940385d88ff7294e7f194644622fbcbb4a
2023-03-29 16:45:00,False,1.413e-07,4.464e-10,1181559160.0,5.27481,0x1b...7f6d,https://bscscan.com/tx/0x1aaadda3675cd7ecca5bfc08bfbe34441a6ef111ea7a4e68dce74db5067cf353
2023-03-29 16:43:21,False,1.415e-07,4.472e-10,491112570.0,2.19668,0xde...fa58,https://bscscan.com/tx/0x1c4d6ce03a3d6045af9961a399f35cb035546c9fa280d63bece9ddd22c190a5c
2023-03-29 16:43:06,True,1.423e-07,4.495e-10,360322623.0,1.62,0xec...0165,https://bscscan.com/tx/0x7482858b8f2cda65b824ac54ba34a6d8e0e3fc53d1411be624b127f64cf4f8af
2023-03-29 16:42:57,False,1.415e-07,4.473e-10,294213078.0,1.31607,0x1b...7f6d,https://bscscan.com/tx/0x51345e00d5fc52791c4827227d94128906e35c653d630c63dd11f65a591c7906
2023-03-29 16:42:06,True,1.415e-07,4.494e-10,420470272.0,1.89,0x1b...7f6d,https://bscscan.com/tx/0xaee5dc29a36a441c7a9701d9dc7d7522c1f81e615a89b0bfbb6223b8d3a06f54
2023-03-29 16:41:39,True,1.413e-07,4.488e-10,746279915.0,3.35,0xde...fa58,https://bscscan.com/tx/0x874677befb5226cc4f3d8f6e9d2cbd3cc7ba7c6a2f682161d616b70a1ccc7d00
2023-03-29 16:39:57,False,1.413e-07,4.466e-10,745444566.0,3.32954,0xde...fa58,https://bscscan.com/tx/0xaed36a5f872f7ae797e4e7d4a31320075b2efde603978a77c1c1ef4ed0fd4bf2
2023-03-29 16:39:45,False,1.415e-07,4.472e-10,448449552.0,2.00575,0x1b...7f6d,https://bscscan.com/tx/0xcbaf6267dd050436ae9d369db69efa3008d636a09a8e46b2c05263f695ec2f1c
2023-03-29 16:38:36,True,1.423e-07,4.495e-10,384837681.0,1.73,0x1b...7f6d,https://bscscan.com/tx/0xa333995ab2be36c4cb062b70ce40cfae950b0e86bd9bc5c20c76bc90fb17a376
2023-03-29 16:38:24,False,1.409e-07,4.474e-10,654522285.0,2.92856,0x2a...576a,https://bscscan.com/tx/0x01754f23fb5752376285540dad8a7568d75651946eafc263fc7bfda88c388b09
2023-03-29 16:38:15,False,1.418e-07,4.479e-10,306552597.0,1.37314,0xde...fa58,https://bscscan.com/tx/0xc7302d18486c5452f1612f0102e3a4ac33eb98b78980288ef6c66564d0cd000f
2023-03-29 16:37:12,True,1.425e-07,4.497e-10,1145104833.0,5.15,0x1b...7f6d,https://bscscan.com/tx/0x64b3e16b771c7b8598ee0c268ed832a936ccaa932548c11af077ac0a02dabf56
2023-03-29 16:36:33,True,1.422e-07,4.487e-10,768800895.0,3.45,0xde...fa58,https://bscscan.com/tx/0x109fe9aa58f24a9ab7b26f51ecd9b4e0668608017f5e2cab3705aa5fb9383b0c
2023-03-29 16:36:06,False,1.414e-07,4.463e-10,428219511.0,1.91129,0xec...0165,https://bscscan.com/tx/0x29f04a243328bf8d0f2ee55b2da2aae3b8cd6ad49cd5ffc00589b0fb72206804
2023-03-29 16:35:42,False,1.415e-07,4.467e-10,300154856.0,1.34082,0xde...fa58,https://bscscan.com/tx/0xb2d7f8464c99a611b98f513b2bae9765bad4ee337dee52bfa39f2483ebb202ef
2023-03-29 16:35:30,True,1.421e-07,4.486e-10,933971489.0,4.19,0x2a...576a,https://bscscan.com/tx/0xd6fcce42c62cd4828703810ebed72c9783777b9927b2a5ac34ebfaa637a640aa
2023-03-29 16:34:54,True,1.419e-07,4.477e-10,665479243.0,2.98,0xec...0165,https://bscscan.com/tx/0x4de14fa85bddb4f7ced404f85d91c5565cd8a14ad9dede4697e1f3297345d798
2023-03-29 16:34:33,False,1.411e-07,4.454e-10,382239217.0,1.70256,0x2a...576a,https://bscscan.com/tx/0x0f54050ff3bd7f0d8c68a4f045efbaf4247f5720913050af829634a7c8105827
2023-03-29 16:34:27,False,1.405e-07,4.46e-10,891852950.0,3.97827,0x1b...7f6d,https://bscscan.com/tx/0xc6e9b4eb8c9ee4ddac734f7f0f5b51890a5f14cc2ef3d422c2b8bcfc7c328983
2023-03-29 16:34:00,True,1.42e-07,4.485e-10,338839375.0,1.52,0xde...fa58,https://bscscan.com/tx/0x75a28180dd32f00592c2aaf50bc48fb97de31acb99dc2fc42746a37562a4feec
2023-03-29 16:33:57,True,1.418e-07,4.481e-10,564575665.0,2.53,0x2a...576a,https://bscscan.com/tx/0x79de00f4dcb98b06043144dda00daa94ed55c281fc9d887b4af1c9f9a7c9e9ba
2023-03-29 16:33:09,True,1.41e-07,4.476e-10,357422422.0,1.6,0xde...fa58,https://bscscan.com/tx/0xe4f873bb7d63acc03dba37c8878e7855bdb7f50e593fef0003f048bb31b4f4ac
2023-03-29 16:33:09,False,1.403e-07,4.454e-10,382936283.0,1.7057,0x1b...7f6d,https://bscscan.com/tx/0x48324f7edfc7cb22ad88521de2781e2ac5b6b183a38ed1fef2421b72b5f691c3
2023-03-29 16:32:57,False,1.405e-07,4.461e-10,1034273510.0,4.61443,0xec...0165,https://bscscan.com/tx/0x2f5af6e4f36e8beb96112e832d593eb52d04a8e103e453743962111036b86615
2023-03-29 16:32:30,False,1.415e-07,4.471e-10,831820169.0,3.71914,0x2a...576a,https://bscscan.com/tx/0xf36dea52fa9c938626e2eca1d0ae1fcecf378de0b9409c5e9dae246625cf6efb
2023-03-29 16:32:21,False,1.417e-07,4.476e-10,311252165.0,1.39346,0xde...fa58,https://bscscan.com/tx/0xbdd58d6ed46cadb45bdd2ebd026c88ed23b6cc320dbb0a30c78f6ce300ee8cc4
2023-03-29 16:31:51,True,1.423e-07,4.497e-10,684827606.0,3.08,0x2a...576a,https://bscscan.com/tx/0xabf5754df6893c1775058cc7c3ec7f7e961743e4aef8587180788bb2a52044b4
2023-03-29 16:31:15,True,1.415e-07,4.493e-10,410369.0,0.0018,0x0a...4ca2,https://bscscan.com/tx/0x7177d8ef8cacfe50906aba76ee75feb7d45521f2572d2cedf0c992123420f8b4
2023-03-29 16:31:09,False,1.417e-07,4.476e-10,914555098.0,4.09373,0x2a...576a,https://bscscan.com/tx/0xf497e1dca7e52deec4ed0cf5bd9016ca8382d0d1269a6b2ec3a9e7713a652167
2023-03-29 16:30:42,True,1.424e-07,4.499e-10,786787925.0,3.54,0x1b...7f6d,https://bscscan.com/tx/0x8e05d854bb6bc3fab03199cc563bf967a6e1493747ace8072dcf2f0ff0807ea2
2023-03-29 16:30:30,True,1.423e-07,4.495e-10,411452.0,0.0018,0x0a...4ca2,https://bscscan.com/tx/0xfe79a693c4a845bd38ff22174970ca4e241b97f8819502a437815bdcf9ce1290
2023-03-29 16:30:30,True,1.421e-07,4.489e-10,1046814586.0,4.7,0x2a...576a,https://bscscan.com/tx/0x72c7c89a57f857c45b8052218b012aeb9145ef73819d73b7df49a548eb372a47
2023-03-29 16:29:54,True,1.418e-07,4.478e-10,1087343969.0,4.87,0xec...0165,https://bscscan.com/tx/0x461151951e185a1c74865e373d0716fae272ef97cdce48be0cfa4b2baef5ef8f
2023-03-29 16:28:57,False,1.403e-07,4.452e-10,256721546.0,1.14297,0x2a...576a,https://bscscan.com/tx/0xf3af42f94ef7d5cc79d83d3dba4305b627ac3b1e2640cdb0d526a22d49dc716f
2023-03-29 16:26:27,False,1.414e-07,4.458e-10,1034132701.0,4.61098,0x1b...7f6d,https://bscscan.com/tx/0x5850e503487fdeaf137fe2ea6698d0350a7401c0f1420b02d4bd95832de646b8
2023-03-29 16:25:33,False,1.416e-07,4.465e-10,315700599.0,1.40982,0xec...0165,https://bscscan.com/tx/0x185428ffe0c326827af72855153ef69304dc959a1e77c1eb5f41b38cbcc8b4f0
2023-03-29 16:25:24,True,1.422e-07,4.484e-10,1048097495.0,4.7,0x1b...7f6d,https://bscscan.com/tx/0x1e8ca58a6411930c6c5512de497ef01089bd468ab3789a57f1629a0a61c79321
2023-03-29 16:23:57,False,1.408e-07,4.46e-10,709292836.0,3.16358,0xec...0165,https://bscscan.com/tx/0x5057b9f8ef34b9a9dcb3010f4e70c9d66406d28cae326ae4557dc7d181798226
2023-03-29 16:23:24,False,1.41e-07,4.466e-10,544814847.0,2.43347,0x1b...7f6d,https://bscscan.com/tx/0x23c315267a358a79eede622d10442e540860a70e4f4eec584d655d5b924d0aae
2023-03-29 16:23:18,True,1.416e-07,4.487e-10,784353601.0,3.52,0xec...0165,https://bscscan.com/tx/0x4b526898e0df6efcf693ae5a9dedf0c22c7759c34da942ee59ac557951d860ce
2023-03-29 16:22:30,True,1.415e-07,4.483e-10,7806074.0,0.035,0xcc...ba00,https://bscscan.com/tx/0xc6730402a9aadcc429e11c1aab926f17cb1f5272de2a039531fbc71ee5578838
2023-03-29 16:22:24,False,1.416e-07,4.465e-10,738653419.0,3.29812,0xec...0165,https://bscscan.com/tx/0xe9dc0f7073d82c70d762c29dede1c804d2eb8379abe326a0d692e2db804678d4
2023-03-29 16:22:09,False,1.418e-07,4.471e-10,525738481.0,2.35086,0xde...fa58,https://bscscan.com/tx/0xc2c045558b4d48b1baf187aba4bef6e493dc693ee285d87418a837331ed4f1a4
2023-03-29 16:21:48,True,1.418e-07,4.492e-10,803557765.0,3.61,0x1b...7f6d,https://bscscan.com/tx/0x1a523646ea991fe2e5a5c1ad66fa51fac75c3a02c62c44d89b1350a6895d47d1
2023-03-29 16:21:45,False,1.411e-07,4.469e-10,672117413.0,3.00397,0x2a...576a,https://bscscan.com/tx/0x7d5058c2f352586c27d78135c74b7ce1034e832f7867512afdbbfe0b1d14be4d
2023-03-29 16:20:54,False,1.419e-07,4.474e-10,347563823.0,1.55522,0x1b...7f6d,https://bscscan.com/tx/0x3a833264e180c83b897fd52ba5cbb5fa6028c9339a8add330cfc6f502d648125
2023-03-29 16:18:57,True,1.424e-07,4.491e-10,1400378902.0,6.29,0xec...0165,https://bscscan.com/tx/0x28448f2f1786b4338ee22925f513338f2827b68cd3243e25b5e104266839164c
2023-03-29 16:18:27,False,1.416e-07,4.464e-10,569418905.0,2.54242,0x1b...7f6d,https://bscscan.com/tx/0x571b4e012c6e3204d29ce53a347e619b0c51663eff17b9c28d2c4aa596b6202e
2023-03-29 16:17:54,True,1.422e-07,4.485e-10,860486866.0,3.86,0xde...fa58,https://bscscan.com/tx/0x8cf33dd0aa441cae506f8ddd3cba710528f82f4c829a0ff387528876793a4ed3
2023-03-29 16:17:45,True,1.419e-07,4.478e-10,573860428.0,2.57,0x08...af7e,https://bscscan.com/tx/0x700806e1b48000644682895fdcefb3406cc832167f066e1ed4d89aee30743d96
2023-03-29 16:17:03,True,1.41e-07,4.47e-10,887959664.0,3.97,0x1b...7f6d,https://bscscan.com/tx/0xa589958e84fe6aeb5634391ceb4840bfe06b3f5c3dcc4d67841a028ba656b737
2023-03-29 16:17:03,False,1.402e-07,4.448e-10,840142253.0,3.73725,0xde...fa58,https://bscscan.com/tx/0x0ec21fc44a4569b9d74aebf5d2bb578df6184f108c8c18b6c1335b1dc2ed8d72
2023-03-29 16:16:48,True,1.411e-07,4.474e-10,9906198.0,0.0443,0x3d...9ef3,https://bscscan.com/tx/0x181ed1b6203be52cf4b84fa548ef2c3a8fb649ccd3601d0e75f2ac252cf9c201
2023-03-29 16:15:54,False,1.412e-07,4.456e-10,707122227.0,3.15104,0xec...0165,https://bscscan.com/tx/0x2b16b61ba4f335ced64512f74098b30174330cdf30abef3222281a32d82abc0a
2023-03-29 16:15:00,False,1.407e-07,4.461e-10,368943706.0,1.6461,0x2a...576a,https://bscscan.com/tx/0x10348b4f37449c2728e97f7d125a83a1f5fab95118aade190e8bdd592b71fbd2
2023-03-29 16:13:27,False,1.415e-07,4.466e-10,664308268.0,2.96743,0xec...0165,https://bscscan.com/tx/0xd97fd6db4cd3744d21a8564c7af8e0f8756cb6f2188714cb5478c95986ca7322
2023-03-29 16:12:48,True,1.422e-07,4.489e-10,550119359.0,2.47,0xde...fa58,https://bscscan.com/tx/0xfb02c140ed14004e96356ba345d7e1d44706286587e72251a1c892b8d3e0c2a3
2023-03-29 16:12:45,False,1.408e-07,4.468e-10,681844021.0,3.04661,0x1b...7f6d,https://bscscan.com/tx/0x10eb87f35211c119670b019237a1fa462f40b8b8d0ad660ab5cb9b45528d3096
2023-03-29 16:12:03,True,1.422e-07,4.488e-10,1015845849.0,4.56,0x2a...576a,https://bscscan.com/tx/0x1b46df6f11176a171722133053946f1c8be7ab5f4b2eb7cda480864225e0937d
2023-03-29 16:12:00,False,1.408e-07,4.465e-10,792707629.0,3.53968,0xde...fa58,https://bscscan.com/tx/0x742c1344fda6d7b48028d6cf6164f3639d735ae44db7943013ce78a07ef033fa
2023-03-29 16:10:54,True,1.421e-07,4.484e-10,1333361394.0,5.98,0xec...0165,https://bscscan.com/tx/0x0cf86d6daf43a1375b29abb2cfbdb6a55f1a40f7b341df08daf7f810093262d7
2023-03-29 16:10:00,True,1.421e-07,4.478e-10,4120819.0,0.0184,0x0a...9dd7,https://bscscan.com/tx/0xae97d92de1c1a00b9b17e3bb89523aeb045fea1c8a2cc1e70e2ae5bcc66ba6c1
2023-03-29 16:09:39,False,1.409e-07,4.461e-10,1071049785.0,4.77808,0x2a...576a,https://bscscan.com/tx/0x75c439c90704cad3f883f94c8df44e110033aed95c9b29afb5303d950e7d913b
2023-03-29 16:09:30,True,1.417e-07,4.484e-10,858497279.0,3.85,0x1b...7f6d,https://bscscan.com/tx/0x555a15b244b7e9d60d3ea252ac7e9b46a8106ab8982af120c64a3fc3e90d726d
2023-03-29 16:09:27,False,1.416e-07,4.46e-10,575236283.0,2.56598,0xec...0165,https://bscscan.com/tx/0x93550eb90e4bf59c64851fb55b49e8df1b2792d4c55cb448a69484dffe74e275
2023-03-29 16:09:24,True,1.423e-07,4.482e-10,751863840.0,3.37,0xde...fa58,https://bscscan.com/tx/0x0d17e251ba8db0e63e52b8db7fc952c53b8e18dfd549532157fe741adfaa9b11
2023-03-29 16:08:54,False,1.416e-07,4.46e-10,927790174.0,4.13861,0x1b...7f6d,https://bscscan.com/tx/0x2de1ca8087cfab41d9fa0ca11d3edec1b4f37578bc2f04708e73b3d42d3b5ed0
2023-03-29 16:08:36,False,1.419e-07,4.467e-10,477547115.0,2.13364,0xde...fa58,https://bscscan.com/tx/0x2616287b30c926f8ff4790d28e275696c5fbab8e436c5c6d282e08c9f65df3ed
2023-03-29 16:08:00,True,1.419e-07,4.489e-10,567947266.0,2.55,0x1b...7f6d,https://bscscan.com/tx/0x3e15aa03f77e0d6985e704cc698af7bc840ace3dccb20b60f338f3ed859ce219
2023-03-29 16:07:51,False,1.418e-07,4.466e-10,403115121.0,1.80055,0xec...0165,https://bscscan.com/tx/0x4f439ac4a690d43d14e0ab634857a33b753b346f57d80387feaf54f95e0ce9f6
2023-03-29 16:07:03,False,1.42e-07,4.47e-10,334954228.0,1.49737,0xec...0165,https://bscscan.com/tx/0xf31c3556c27e68a9370151312a2ff3169d494a6d3765e31aadc7b4ad2d12b334
2023-03-29 16:06:45,True,1.426e-07,4.488e-10,1113891023.0,5.0,0x2a...576a,https://bscscan.com/tx/0x951da0496b824094b310fe783dff5bb6f3dae0eaaad7e0e10c9009f3d8f3e035
2023-03-29 16:06:27,False,1.418e-07,4.465e-10,942455420.0,4.20851,0x1b...7f6d,https://bscscan.com/tx/0x798092cf01f64cbc1b438b898a3927b3aa72a9bf3ad1bf687dfd7a53ba2db734
2023-03-29 16:05:36,True,1.418e-07,4.486e-10,1277269981.0,5.73,0xec...0165,https://bscscan.com/tx/0xaa71fe8ae9571cc935c22ee5ba8b4f12ca979036b83e9be7313e02063e15eb56
2023-03-29 16:04:30,True,1.415e-07,4.475e-10,706001049.0,3.16,0x1b...7f6d,https://bscscan.com/tx/0xcaca84ecf86142e323ecb274b8ad6e4c09e1a82c7ff343a961b1c839732f5a8e
2023-03-29 16:04:24,False,1.415e-07,4.454e-10,891153867.0,3.96965,0xec...0165,https://bscscan.com/tx/0xd805ff14742b5c4c22c72f77bb57276f02115b50e0645df302af076e5086fbe6
2023-03-29 16:04:18,True,1.423e-07,4.477e-10,754878009.0,3.38,0xde...fa58,https://bscscan.com/tx/0xd6c564eae841745fdf3f68798ab1b3dfbcc5e2105c3f96f2e76edad464fa807a
2023-03-29 16:03:48,False,1.408e-07,4.453e-10,500267402.0,2.22813,0x1b...7f6d,https://bscscan.com/tx/0xfa1ab5336261362894ba60fa55a5497232b78c35c29631de3e50ae805340b055
2023-03-29 16:03:12,False,1.416e-07,4.458e-10,314453793.0,1.40185,0xec...0165,https://bscscan.com/tx/0x6e4e4908bfad9a3c9bc1578af887daf9a64595f4eba45c4642c36fd88a6fb1d4
2023-03-29 16:02:45,False,1.418e-07,4.461e-10,442062293.0,1.97244,0xde...fa58,https://bscscan.com/tx/0x7aa77b54a882db5ee5062d80496772b6dffa91a08e9984b5603f3b026abc63c3
2023-03-29 16:02:39,True,1.424e-07,4.481e-10,1006385186.0,4.51,0xec...0165,https://bscscan.com/tx/0x28052a0fc0dee54f66a2bb036773319910150f6547c161d22c2e95d518197224
2023-03-29 16:02:18,True,1.42e-07,4.469e-10,1288711335.0,5.76,0x1b...7f6d,https://bscscan.com/tx/0x2a6b354807104c167bf3212b9a58438a39d459a34e476f145a019b2bf315af20
2023-03-29 16:01:45,False,1.405e-07,4.443e-10,602695951.0,2.67824,0xde...fa58,https://bscscan.com/tx/0x80cd683ea2ffb8838340d9bca24c8545653b7e8a644faa191ee7aac9d906eb27
2023-03-29 16:01:27,False,1.414e-07,4.451e-10,934076996.0,4.15813,0x1b...7f6d,https://bscscan.com/tx/0x09f64edbbc9ae36077458a81d3de07c642bb68ba37feed538147eaefe34eb9ce
2023-03-29 16:01:09,False,1.411e-07,4.462e-10,1234259333.0,5.50811,0xec...0165,https://bscscan.com/tx/0x240c7e443754ff7b66ac3bf595b1cd4873f01e96d007218081436fdd39bd88f1
2023-03-29 16:00:54,True,1.426e-07,4.487e-10,793345912.0,3.56,0xde...fa58,https://bscscan.com/tx/0x42910de0525197a540c26d8328f8345c9c43c3507eb19bbf0c5a38f5fe20ea2e
2023-03-29 16:00:54,False,1.418e-07,4.462e-10,341091951.0,1.52216,0x2a...576a,https://bscscan.com/tx/0x7a8840c637b7f93e8ec8e1843d2fbfbb58b56f5a814d56a5b0a1277edfb9995b
2023-03-29 16:00:45,True,1.424e-07,4.482e-10,751751730.0,3.37,0x1b...7f6d,https://bscscan.com/tx/0x2eb1ae8923d0e47904a3c1ea65006379dc7d72eb631fe29a52b526dba0caaee3
2023-03-29 16:00:00,True,1.423e-07,4.478e-10,4726938.0,0.0211,0x90...157a,https://bscscan.com/tx/0xd70894ca197c185419765e7f8b85e16fc2667c5daf1d8863585a111325662d87
2023-03-29 16:00:00,False,1.417e-07,4.46e-10,793180774.0,3.53809,0x1b...7f6d,https://bscscan.com/tx/0x841bb98b76a46e3dcf3532c11b12d5cfd079bcf33b60c488c92a333c253df924
2023-03-29 15:59:27,True,1.426e-07,4.484e-10,501726872.0,2.25,0xec...0165,https://bscscan.com/tx/0x49fd0906263dd1d8a6befb4c98bb5a783c54241cef3ba3695e90350b401c61c7
2023-03-29 15:59:00,False,1.409e-07,4.461e-10,391090062.0,1.74487,0x1b...7f6d,https://bscscan.com/tx/0x6d9a5d36fb61de9e3210244427026dc89482a4e558ddc4c749c1ed988b2da236
2023-03-29 15:57:36,True,1.415e-07,4.483e-10,539797359.0,2.42,0xec...0165,https://bscscan.com/tx/0x7cfc8573e69127f4a5b5b8b5593dba80d4d43ce621d1c04349442caeb16d1c3c
2023-03-29 15:57:36,True,1.414e-07,4.48e-10,3578925.0,0.016,0x21...fb53,https://bscscan.com/tx/0xe205915a8fcafbb0981de727da4a61e6edb9b4718004ee44025a8526f00b492a
2023-03-29 15:57:33,False,1.407e-07,4.459e-10,360718037.0,1.60874,0xde...fa58,https://bscscan.com/tx/0x94a5aba5ef13e4b25d95ede2af9fa86d81a3f35ce434804d66414ec37147a0a1
2023-03-29 15:57:18,False,1.409e-07,4.465e-10,747164298.0,3.33646,0x08...af7e,https://bscscan.com/tx/0xef2f857c79d47ad3ec986d822b6c9265e613470d151284b7b7745c81e1a47cb8
2023-03-29 15:56:39,True,1.424e-07,4.489e-10,436574602.0,1.96,0xde...fa58,https://bscscan.com/tx/0x045d771b6838b41daa5eee06e63b92c55be9a9433b02ca4277aa5ed1b1ec36ec
2023-03-29 15:55:48,False,1.418e-07,4.469e-10,926299327.0,4.14018,0xde...fa58,https://bscscan.com/tx/0x01f126b81bddc6fb66033cd68679b87d5c70027f799dbd9acb9355a2a7178894
2023-03-29 15:55:45,True,1.425e-07,4.493e-10,618658437.0,2.78,0x1b...7f6d,https://bscscan.com/tx/0xd5323b29b54694712f8f0217ea54dd23ffa0959a6fc7f1421f3243daf8835a5f
2023-03-29 15:54:07,True,1.423e-07,4.488e-10,385437632.0,1.73,0xde...fa58,https://bscscan.com/tx/0x250a7db76b79da6045b128964f84e2b854c4500c4a0ad77de54e68af83f31154
2023-03-29 15:53:24,True,1.415e-07,4.484e-10,381317950.0,1.71,0xde...fa58,https://bscscan.com/tx/0xdd8e4bd5993a787eca3483804dd550abc16d3a0eedfe375f617f423384de7316
2023-03-29 15:52:20,False,1.408e-07,4.464e-10,794707348.0,3.54771,0xec...0165,https://bscscan.com/tx/0xd944de05107a72548a5478978313561b4fca36fd802e24506b9976df2acc2782
2023-03-29 15:51:39,False,1.417e-07,4.47e-10,532536237.0,2.38096,0x1b...7f6d,https://bscscan.com/tx/0x06f18dec7a24fe7403e3b282fd3a7e572e97ad18c0cc5a2f4bfa29d471c38a83
2023-03-29 15:50:42,False,1.412e-07,4.476e-10,472209911.0,2.11368,0xde...fa58,https://bscscan.com/tx/0x08731b0684b90293df947590fb13981bd8b13b372cfc65aff8a5fe2b8c99cb9e
2023-03-29 15:49:57,False,1.42e-07,4.48e-10,343529532.0,1.53913,0x2a...576a,https://bscscan.com/tx/0x1d276f7e2b6cbfcb9543465d5059c43e7b883c8ba181cb6bc94cffceb31b7aa3
2023-03-29 15:49:51,True,1.427e-07,4.502e-10,397553644.0,1.79,0xde...fa58,https://bscscan.com/tx/0xd3e297b7a37ce1f251c94e50185349eb481d3f0d26e6321ea84e97af39ba4cb1
2023-03-29 15:49:36,True,1.425e-07,4.494e-10,1205992589.0,5.42,0x1b...7f6d,https://bscscan.com/tx/0x3aab1684171efc3f75cc2b60438c0cf3e24552d09e4babcdd62c1ee40104fdf0
2023-03-29 15:47:57,True,1.412e-07,4.481e-10,1164663954.0,5.22,0xec...0165,https://bscscan.com/tx/0x976a215b44c3831a25d01e83e27e5559627d60086895f3a7c1a28811af9bb6df
2023-03-29 15:45:03,False,1.411e-07,4.456e-10,508683590.0,2.26682,0x1b...7f6d,https://bscscan.com/tx/0xd97ed40df5c6c7063454a623598be7eeb2933d35a2d713cf062b90f1ceb1cb64
2023-03-29 15:43:57,False,1.413e-07,4.463e-10,845924885.0,3.77551,0xec...0165,https://bscscan.com/tx/0xded08e403d621c4cae92d40288e7ff0be21b05a8c6e5cf7829eef2c4bdb9f4ab
2023-03-29 15:43:36,False,1.416e-07,4.472e-10,981189665.0,4.38841,0x1b...7f6d,https://bscscan.com/tx/0x4bdee4c22b8e9001ef3a3ebefcdb304dd3d78dd0c44fad346ed53ac59c4deff9
2023-03-29 15:42:57,True,1.417e-07,4.496e-10,593732534.0,2.67,0xec...0165,https://bscscan.com/tx/0x2899bd6535bf9c6cffe578f6daac280a17ea05888d20a404c01deaf3aef4c095
2023-03-29 15:42:48,True,1.415e-07,4.49e-10,661399320.0,2.97,0x2a...576a,https://bscscan.com/tx/0xe73375cb587cc5c5520836ad0a4056c7ed7be981fffec0320360e6ed5a71a8fc
2023-03-29 15:42:12,False,1.415e-07,4.468e-10,651815459.0,2.91232,0xde...fa58,https://bscscan.com/tx/0x715cfc95d7c9ccc93372759f8921dc945f4fcb6c54a36afc7dd14347a1b25a28
2023-03-29 15:42:00,False,1.417e-07,4.475e-10,846711682.0,3.78963,0xec...0165,https://bscscan.com/tx/0xf5536f286b6a5867b421f63e9b74c97704ca8b4bdff7457aac550bf09c85becd
2023-03-29 15:41:54,True,1.423e-07,4.495e-10,1334633293.0,6.0,0x1b...7f6d,https://bscscan.com/tx/0x9efad50b7a74d117bc05bf1adc0af05aa8468b73bffb26d790eef479a8329e4e
2023-03-29 15:41:30,False,1.415e-07,4.469e-10,534084242.0,2.38685,0x2a...576a,https://bscscan.com/tx/0xebd22e0a7f95bfe34f631b768d5e340b1ee018cf2579ae87cfec684808f42903
2023-03-29 15:40:45,False,1.409e-07,4.473e-10,295473005.0,1.32174,0xec...0165,https://bscscan.com/tx/0x698051b781f3904d191be1356a305ac06102c2f1ac4ce127567b35fd39498922
2023-03-29 15:40:33,True,1.415e-07,4.493e-10,654221475.0,2.94,0xde...fa58,https://bscscan.com/tx/0x7ed820469f75e48214ddb4a9eb24665c31d764473b8e4eccfc8ee38d5dde5831
2023-03-29 15:40:03,False,1.408e-07,4.469e-10,347570716.0,1.5536,0x1b...7f6d,https://bscscan.com/tx/0x7ef554826789f9855983d220038b5e1b403cc04f58dd8a05200cd16b70145d55
2023-03-29 15:39:12,False,1.417e-07,4.476e-10,852946010.0,3.81783,0x1b...7f6d,https://bscscan.com/tx/0x6dc46c094267cf5513b13767b5db44a55a98228d166aef3c240b732fe74ebed3
2023-03-29 15:38:00,False,1.412e-07,4.482e-10,444390374.0,1.99208,0xde...fa58,https://bscscan.com/tx/0xe259dd4a69ddc1527b9db1435e0bf2da5becacedbe89d3c7e14ce427721fe5e2
2023-03-29 15:37:03,True,1.418e-07,4.503e-10,708284765.0,3.19,0x2a...576a,https://bscscan.com/tx/0xfea8dd820b2ad9f2909a174503ce3dc4e68dca2271a8e5d44ae3c567490e3f9e
2023-03-29 15:35:27,False,1.411e-07,4.48e-10,494978214.0,2.21762,0xde...fa58,https://bscscan.com/tx/0x160ad10529848def70436839e1763a46b71f3dcb591391d673af5c1a3396ba00
2023-03-29 15:35:18,True,1.419e-07,4.504e-10,60317946.0,0.2717,0x92...dc15,https://bscscan.com/tx/0x3eb0babf8d5cac104ff38aa0f814d13a18666ed8573f0e54b2d48e9d3d101598
2023-03-29 15:34:36,True,1.417e-07,4.501e-10,550890424.0,2.48,0xde...fa58,https://bscscan.com/tx/0x1c392d026e5a8307695c0f64eaf35b5ae8db05a8aef9512866da923d9af13365
2023-03-29 15:34:03,True,1.425e-07,4.498e-10,4749651.0,0.0213,0x90...157a,https://bscscan.com/tx/0x886d241c6113e8becc44cf6953bec3f6823a8a24b71c69b9977859af3539ced2
2023-03-29 15:34:00,True,1.424e-07,4.494e-10,934568119.0,4.2,0x1b...7f6d,https://bscscan.com/tx/0xd0879c5d2df650308c33c405e6e991afd4384b8139783f56a3c9befc445c9f32
2023-03-29 15:33:45,False,1.408e-07,4.468e-10,261770960.0,1.16963,0xde...fa58,https://bscscan.com/tx/0x7c3dc16287fa7ab41a152495fc6364c53ce7660e486a0d2b2affc34efa6e5ec9
2023-03-29 15:32:54,True,1.421e-07,4.486e-10,1034195910.0,4.64,0xde...fa58,https://bscscan.com/tx/0x5f8e5f21e0d1fb01fcf82a8024bac63d76b7f8bf74d8be3c08ec16159c6ff639
2023-03-29 15:32:45,True,1.418e-07,4.478e-10,629745192.0,2.82,0xec...0165,https://bscscan.com/tx/0xa451ff8450beadc8c881a0c5d79aff8045580b3f6b97b13693216335585d76cf
2023-03-29 15:32:21,False,1.404e-07,4.454e-10,396641597.0,1.76682,0x2a...576a,https://bscscan.com/tx/0x455866cc1581ea884f0cb3524cb7cb5a48a3e2ff98dd53018e2214d1f20f933b
2023-03-29 15:32:03,False,1.413e-07,4.462e-10,1178508303.0,5.2591,0xde...fa58,https://bscscan.com/tx/0x8af479d302fafcb1ed1a29d700308efc2dbd2a9c22891e2bab98848f0e3aabab
2023-03-29 15:31:57,True,1.415e-07,4.489e-10,338589248.0,1.52,0xec...0165,https://bscscan.com/tx/0x81d6b11f6833a51bd133aa9ecb5d93dbc7ebfb82b30f012074485980901e3428
2023-03-29 15:31:12,True,1.419e-07,4.481e-10,1167034943.0,5.23,0xde...fa58,https://bscscan.com/tx/0x98fd4262a647cbff0d1f240568476ae1bfbe2cb78636956126c4bebe52935725
2023-03-29 15:30:27,False,1.41e-07,4.453e-10,22151714.0,0.0986,0xff...40c8,https://bscscan.com/tx/0x964896ded571878cd9d6be2bc98beb96a0ee4da65ed014d9781cb01e0d517e1a
2023-03-29 15:29:57,True,1.409e-07,4.47e-10,995403974.0,4.45,0x08...af7e,https://bscscan.com/tx/0xa355e9433e04f5f3a795a0e5609a6e51c55b5666e063fe7e4c0e947e03803ac7
2023-03-29 15:29:51,False,1.401e-07,4.445e-10,555897883.0,2.47151,0xec...0165,https://bscscan.com/tx/0x53e017009943648841f288f79fc7e72bfa51e8ba730870f123fc2910b7ee87a1
2023-03-29 15:28:57,False,1.41e-07,4.451e-10,566344066.0,2.52119,0x1b...7f6d,https://bscscan.com/tx/0x5cfadadfaea33693b1c8ce738f563f47ab4e03cdf00243a0d5fb0b6808948fe8
2023-03-29 15:28:27,False,1.412e-07,4.456e-10,339074174.0,1.51102,0xec...0165,https://bscscan.com/tx/0xdb47ef6555ad47fa2309037840aa76e3f282baaaf2aa7b2b1149759c32496171
2023-03-29 15:27:48,False,1.413e-07,4.459e-10,373684912.0,1.66662,0xde...fa58,https://bscscan.com/tx/0x595d8a701927db3283027aebcf6408da501c0ddba54e64190c56a12e2dbdbc85
2023-03-29 15:27:42,True,1.42e-07,4.481e-10,613688338.0,2.75,0xec...0165,https://bscscan.com/tx/0xd2390434c80dff2d41f52c1a5f279506c95992cb0c732a1b9bff6832c7f18c49
2023-03-29 15:26:51,False,1.412e-07,4.455e-10,59471197.0,0.265,0x03...f286,https://bscscan.com/tx/0xc458f9de00a71862b41b209b6d0b2e1274db60ed086b10cbf51c93f2b4cca770
2023-03-29 15:26:36,False,1.413e-07,4.458e-10,521046384.0,2.32327,0xec...0165,https://bscscan.com/tx/0x6f01bc0a881afc9796f69c6140d4a1b5b96a38bab8fd11512ebc4dab7528bcfe
2023-03-29 15:26:06,True,1.42e-07,4.481e-10,394924124.0,1.77,0xde...fa58,https://bscscan.com/tx/0x4c8d343f28271ea351465be297109f9cc274807b21f01ff4eab39802add57efc
2023-03-29 15:25:45,False,1.406e-07,4.459e-10,434897131.0,1.93951,0x1b...7f6d,https://bscscan.com/tx/0x447a53d039fe18989ce11d177541be33b6e40653b632df569856bfe00e7f94e0
2023-03-29 15:24:21,False,1.414e-07,4.463e-10,395973408.0,1.76761,0x2a...576a,https://bscscan.com/tx/0xb3988be0c4065774b075740fda51582f87d2fcda9ff626bc53b8cca27762e731
2023-03-29 15:23:33,False,1.415e-07,4.467e-10,334700627.0,1.49534,0xde...fa58,https://bscscan.com/tx/0x10647f3c33b254752d1b19f46879191da90b70b9acce100f1dccc59d7e5d5216
2023-03-29 15:23:33,True,1.421e-07,4.486e-10,1002974412.0,4.5,0x1b...7f6d,https://bscscan.com/tx/0x7a30f670898c4b45295089f7057a7975cc640ad203cc8c9e0fcdaceace34a3a3
2023-03-29 15:23:09,False,1.407e-07,4.465e-10,1168821660.0,5.21891,0x08...af7e,https://bscscan.com/tx/0x38bfc3f3e35e9aae7468b289a245bb5a53a64d170e1040a09f43befad1237ad4
2023-03-29 15:22:30,False,1.417e-07,4.473e-10,439256439.0,1.96495,0x2a...576a,https://bscscan.com/tx/0x87aeb450de2e10b68753898f97962c0431806a190775e6960193b2ccb025e63e
2023-03-29 15:21:51,False,1.419e-07,4.478e-10,529071724.0,2.36936,0xde...fa58,https://bscscan.com/tx/0xd5e9b7dbdcc585cbdaba4f38df05df50398c465d019971911d27ba1b7aa569a6
2023-03-29 15:21:00,False,1.412e-07,4.482e-10,350818750.0,1.57267,0xde...fa58,https://bscscan.com/tx/0x8baa09978540f426a0a0255e8e9e1dd9c7a90fad0e9c4f0d84a697997149c643
2023-03-29 15:20:51,True,1.426e-07,4.501e-10,1030694647.0,4.64,0xec...0165,https://bscscan.com/tx/0x5c3a0fb6a7a48ba5379d70102502a09eada114ca537cbe57934a5d77e13db922
2023-03-29 15:20:24,True,1.416e-07,4.494e-10,447246897.0,2.01,0x2a...576a,https://bscscan.com/tx/0x95d8650fb12fbbdf9f66793b343638dcfa431e4131a97b34f6798f329dbe57f5
2023-03-29 15:20:09,False,1.417e-07,4.473e-10,852349889.0,3.81325,0x1b...7f6d,https://bscscan.com/tx/0x3947fce9b9036366f52816835bef3e1a61822336dee33f7ee582de0ca45a0c72
2023-03-29 15:19:12,True,1.423e-07,4.494e-10,1201488095.0,5.4,0x1b...7f6d,https://bscscan.com/tx/0x165316e81a096764786edc963e8e917e97b7f774f13439459f1966c7c493ab2a
2023-03-29 15:18:15,False,1.416e-07,4.467e-10,367769787.0,1.64308,0xec...0165,https://bscscan.com/tx/0xf30f95215dab87d6ed1c760d0ddcc3fe46897e3595552c652d3ff6c1f0134118
2023-03-29 15:17:24,False,1.411e-07,4.475e-10,1085894336.0,4.85956,0x1b...7f6d,https://bscscan.com/tx/0x9067e6d47fe774f6d6522dadeb7f0a9c9f49ed50852d4da0d3c15caeaf038027
2023-03-29 15:16:06,False,1.421e-07,4.485e-10,923987103.0,4.14456,0xec...0165,https://bscscan.com/tx/0xca1ad23a993a6b5262148e7e0f4650b1f97f1313ede5c631c466e63b16ac4603
2023-03-29 15:15:57,False,1.423e-07,4.492e-10,375039574.0,1.68476,0x2a...576a,https://bscscan.com/tx/0xe1100e061f6dcd3c050bc0a1b1d01b38bc80075d6af3223d4e1570d28d72a2e9
2023-03-29 15:15:30,True,1.431e-07,4.514e-10,396486890.0,1.79,0x1b...7f6d,https://bscscan.com/tx/0xf7c67d707997af6c559a6fc6030bd46d975da49bd0262526e88614795b5b170c
2023-03-29 15:15:03,True,1.429e-07,4.51e-10,379105949.0,1.71,0xde...fa58,https://bscscan.com/tx/0x64e00aa461f84b12477fb27aff7b38b0b41f80bc15f21899fbdd129f3fee3507
2023-03-29 15:14:12,True,1.427e-07,4.504e-10,799203494.0,3.6,0xde...fa58,https://bscscan.com/tx/0x86e637e0f296256efa58997ab0caad87a610031a67a11d44a31d77de0e76974f
2023-03-29 15:13:21,False,1.42e-07,4.479e-10,316562347.0,1.41804,0xde...fa58,https://bscscan.com/tx/0xe1baaf278be5ce3a37b8d17f994f1bb8e1c43630ae7f47062e5a825e7a436490
2023-03-29 15:12:32,False,1.421e-07,4.484e-10,623266575.0,2.79494,0xde...fa58,https://bscscan.com/tx/0xdd1a3e71fab148486639611ce64253aa132a52fa7d817528a180673f11c20971
2023-03-29 15:12:02,True,1.421e-07,4.506e-10,659026043.0,2.97,0x2a...576a,https://bscscan.com/tx/0x06906f348893b07d77640fc8177349691e156a0977aee5486230a37a2eaff245
2023-03-29 15:11:56,True,1.419e-07,4.501e-10,384339034.0,1.73,0xec...0165,https://bscscan.com/tx/0x09d255136c2b5eae2506404676125d4ba46eefe06dc46e2a52cbcfac9849af7e
2023-03-29 15:11:25,False,1.419e-07,4.478e-10,410841981.0,1.84012,0x2a...576a,https://bscscan.com/tx/0x283c64b6b7e7c665061fbe788cc8ed0fe1e9dd329586b509dc6af1b194241e48
2023-03-29 15:10:13,True,1.425e-07,4.497e-10,1147293963.0,5.16,0xec...0165,https://bscscan.com/tx/0x8741b3d8103c5de5e826e34cb7e16340c1c84c08b45544540c9820599a65aa02
2023-03-29 15:09:58,True,1.422e-07,4.488e-10,552492636.0,2.48,0xde...fa58,https://bscscan.com/tx/0x6610ad704fa596c53b96b6daf8cd4816778e33bd492a177278d85abaa5c5796d
2023-03-29 15:09:40,True,1.413e-07,4.483e-10,501861816.0,2.25,0x2a...576a,https://bscscan.com/tx/0xa9e4bd5a5c9ade3d48e7410605ceaa98567fb6b732ad4b7f0d1804b7d0f8811f
2023-03-29 15:09:31,True,1.411e-07,4.475e-10,1074816165.0,4.81,0x08...af7e,https://bscscan.com/tx/0xeee1aebdd6caca6b146a8d0c7e4f294212c4379b9521880cc1f9de13144f1b6e
2023-03-29 15:08:16,False,1.41e-07,4.452e-10,917536173.0,4.0849,0xde...fa58,https://bscscan.com/tx/0x2e136881ed9a6c2d195b72100c3484af2c4c51a717e36729bdbc641c55b9f2ad
2023-03-29 15:07:43,False,1.413e-07,4.459e-10,513204611.0,2.28855,0x2a...576a,https://bscscan.com/tx/0x5f4d9c28506d58171ff545e6bc6575e37552bdbb3a731fd5127d25dce32c4d2b
2023-03-29 15:07:25,True,1.411e-07,4.477e-10,1400449767.0,6.27,0xde...fa58,https://bscscan.com/tx/0x5b6ee844aa28c6caa87a3a0b450959066849b48d2bd93690e26aaec471d81a81
2023-03-29 15:07:07,False,1.403e-07,4.452e-10,859007422.0,3.82431,0xec...0165,https://bscscan.com/tx/0xcc71e00fd9d8aa7806a900352a9265abb04432bb5a73ebcf077406f7e553c793
2023-03-29 15:06:34,False,1.406e-07,4.461e-10,981818756.0,4.3803,0xde...fa58,https://bscscan.com/tx/0xf8ac990070a10547a9782d9adbfc57d1bcbb5421796dd6fe0e5edc16f6e1b95d
2023-03-29 15:06:22,False,1.409e-07,4.469e-10,538305825.0,2.4058,0x1b...7f6d,https://bscscan.com/tx/0xb73c3105fdfa7354931416a17f2763a7108553a68a88249b3932cf2204582ff1
2023-03-29 15:04:28,True,1.423e-07,4.492e-10,425180914.0,1.91,0xec...0165,https://bscscan.com/tx/0x3f8c3ebadb0613d2f3df6dc348319b7621313b4a33615c256496dc2c3f5b36d9
2023-03-29 15:04:10,True,1.421e-07,4.483e-10,1222206599.0,5.48,0x1b...7f6d,https://bscscan.com/tx/0x6a69c6a2c8b84485dee4f4f4cacf6dbd80d5daa7ea3aa47e30c1493c47f2b8a2
2023-03-29 15:03:13,False,1.414e-07,4.46e-10,1153308854.0,5.14485,0x08...af7e,https://bscscan.com/tx/0x108cdfe653c1fdca7cbfb81b8f196b093e74150410106e6cbe9a8b581989dff7
2023-03-29 15:03:10,True,1.421e-07,4.485e-10,793727765.0,3.56,0xde...fa58,https://bscscan.com/tx/0xfd5b986f8634946eea87eb73f7ed00ef64d57b204ff2d990ec811e0c954fc9ca
2023-03-29 15:02:28,False,1.407e-07,4.462e-10,704223042.0,3.14246,0x1b...7f6d,https://bscscan.com/tx/0xc255bb760bed79003dfee1eff3d2b05ba3aaf31349709c03b4a2acf54265c162
2023-03-29 15:01:28,False,1.417e-07,4.471e-10,1072757613.0,4.79675,0xde...fa58,https://bscscan.com/tx/0xabbff22de7f218cfd7c7ec277333b081027df7a3eb62300e9524326e459d463f
2023-03-29 15:00:40,True,1.418e-07,4.499e-10,4431724.0,0.0199,0x9f...1c60,https://bscscan.com/tx/0xdb71a8740e2534d8e24b50581251534cae47d30217a13a2549b6b22268e95b41
2023-03-29 14:58:10,False,1.419e-07,4.48e-10,719481754.0,3.22371,0x1b...7f6d,https://bscscan.com/tx/0xc433544bd5923909e27b3578f036782b4a7ce653610b3471a095b415189dd8fa
2023-03-29 14:58:04,True,1.426e-07,4.502e-10,828428963.0,3.73,0xde...fa58,https://bscscan.com/tx/0xd0c9f22da60366a584acb5866cc674e4433ab8fff03f341954edaf0f247c7311
2023-03-29 14:57:58,True,1.422e-07,4.492e-10,1126354506.0,5.06,0x2a...576a,https://bscscan.com/tx/0x5a44a762521f08cb27bc26e117eff78972a60bd8240e58b03dab7d7599ea4916
