datetime,buy_order,price_USD,price_native,amount_token,total_native,maker,etherscan_url
2023-03-26 20:46:05,False,1.541e-07,4.698e-10,794171918.0,3.73131,0x08...af7e,https://bscscan.com/tx/0x27bfb970b3781a7190e84666fb76a6d7e05227cc952d05216e627d94be7eea92
2023-03-26 20:42:59,True,1.54e-07,4.719e-10,1209851626.0,5.71,0x08...af7e,https://bscscan.com/tx/0x8a7ed28e8ef3a039149fd2c7b5730957c5453c8bee75ce23e47466b9412e6ae4
2023-03-26 20:41:29,True,1.544e-07,4.708e-10,777324163.0,3.66,0x2a...576a,https://bscscan.com/tx/0x7feed1dc1de1a3e01a6f1d2bf8ee19751414756be0f1e1a42c25fee5f381e8c2
2023-03-26 20:39:32,True,1.541e-07,4.699e-10,823487631.0,3.87,0xde...fa58,https://bscscan.com/tx/0x384361deb551eb7f2a972416b668e9156e2dadb83b14265ff76380e798bfa467
2023-03-26 20:38:20,False,1.533e-07,4.676e-10,880671706.0,4.11835,0x2a...576a,https://bscscan.com/tx/0x426cafd5374d55761282b85f9c10f195a61e2de6fdb9721ac25a3bba70c06235
2023-03-26 20:37:56,False,1.537e-07,4.687e-10,1117364984.0,5.23759,0xec...0165,https://bscscan.com/tx/0x3d62048f8a38dd61eb5b96d49922ede9c926087ce1384eee637742f24f3bc073
2023-03-26 20:36:29,False,1.533e-07,4.698e-10,905731399.0,4.25576,0xde...fa58,https://bscscan.com/tx/0xd18545a6cbbc72039acd4f0826721a8dba1000038b271c8a69a38b777c531f31
2023-03-26 20:35:47,True,1.542e-07,4.727e-10,3173035.0,0.015,0x33...d68d,https://bscscan.com/tx/0x5146a5d97a9dc108430c1001bb68201a68fa32c29a3c2cad625bc6008acbd301
2023-03-26 20:35:08,True,1.541e-07,4.723e-10,605430559.0,2.86,0x2a...576a,https://bscscan.com/tx/0x451f298815f19f6021a003a40483785d82fad9a80e5313cdb2e4e46a4f7e74f7
2023-03-26 20:34:50,True,1.539e-07,4.717e-10,481155114.0,2.27,0xec...0165,https://bscscan.com/tx/0x01d8648533585915bea6dcb6c789ee0eea4210ae8460e05c32515948247e4e05
2023-03-26 20:33:41,False,1.54e-07,4.696e-10,964695102.0,4.53112,0x08...af7e,https://bscscan.com/tx/0x4269c95e0106ee4ca56f0185faa80c5083d5af01dbe552ff1d7a7dd262c2db44
2023-03-26 20:33:29,True,1.54e-07,4.721e-10,823927895.0,3.89,0xde...fa58,https://bscscan.com/tx/0x7974cbe5e3bf8b57874736c0769a291a3906b738affa649040a22797eee0c34b
2023-03-26 20:33:26,False,1.532e-07,4.695e-10,464896551.0,2.18302,0x1b...7f6d,https://bscscan.com/tx/0xfcfcd4bb67140909a508275eb9bc77bbdcc4dbe41c98f319695183b9e16c8fca
2023-03-26 20:33:05,False,1.541e-07,4.698e-10,87050685.0,0.409,0x6a...1224,https://bscscan.com/tx/0x027447cfc9b73fc6fc570dd0ab2cb296615b5284d356a04f91cb960d41d4c6f7
2023-03-26 20:31:59,False,1.542e-07,4.701e-10,376989316.0,1.77237,0x2a...576a,https://bscscan.com/tx/0x31b5d1adda2fe707376581d9eb2b76c13c4f696182faa4ed8df81956e9fac617
2023-03-26 20:31:41,False,1.536e-07,4.707e-10,652664764.0,3.07217,0xec...0165,https://bscscan.com/tx/0x8de3cba3a35223352091c08d41fff48de8fc2dd3e1319ea1687be46e73c44a94
2023-03-26 20:30:38,True,1.551e-07,4.731e-10,549531179.0,2.6,0x08...af7e,https://bscscan.com/tx/0x79d97141f2af4dbf693b8359835d17e7de86f42370d20206edfc52587c33fdc9
2023-03-26 20:30:23,False,1.545e-07,4.71e-10,1015554849.0,4.78356,0xde...fa58,https://bscscan.com/tx/0x38cfae949cc160a48f4df438c8916d2b8cb82a686aead6eb1d3a90052ab4460e
2023-03-26 20:28:32,True,1.545e-07,4.736e-10,639777661.0,3.03,0xec...0165,https://bscscan.com/tx/0xa00237db9c7bed91ee12896a95c82f69c0ea872cf78f2aaef6c9c2ff38a16bc7
2023-03-26 20:27:23,True,1.542e-07,4.727e-10,863025244.0,4.08,0xde...fa58,https://bscscan.com/tx/0xab3f2acbdde119c6f7fccd6a93e86e486d41cfd5c95e23271ab8f2e4523767b4
2023-03-26 20:27:17,False,1.541e-07,4.702e-10,632543053.0,2.97463,0x1b...7f6d,https://bscscan.com/tx/0xcb5482b883d163b3c7dd2dea2168e4f1dc2c9dfb9c38b0b71e98a29d5ea934d0
2023-03-26 20:25:23,False,1.536e-07,4.71e-10,854392105.0,4.02501,0xec...0165,https://bscscan.com/tx/0x243fd80ca43aefbb7bc102f840eefb4a538e1356f7ee6ec010025d430740d4ab
2023-03-26 20:24:26,True,1.553e-07,4.736e-10,515147993.0,2.44,0x08...af7e,https://bscscan.com/tx/0x158cc4e7ea52b03f2a220aac9af93476a8bc478b545822dc617d2b7aaf48028f
2023-03-26 20:24:20,False,1.546e-07,4.715e-10,1011808904.0,4.77132,0xde...fa58,https://bscscan.com/tx/0x582d109374dbd7c9fc5ee46901e0f962fbb4411f3e3ca4dd30c45da873b7aa3d
2023-03-26 20:24:14,True,1.554e-07,4.74e-10,805832616.0,3.82,0x1b...7f6d,https://bscscan.com/tx/0xaa1a1ad9625ed11a43a0a2d06da5f756a05b74d7511a1bcbddfb9e820c01f447
2023-03-26 20:21:17,True,1.543e-07,4.732e-10,604333551.0,2.86,0xde...fa58,https://bscscan.com/tx/0x3ac9ba0805447244ea4a26692b21dec18c660c9273ecdfcf4272f48cc17a5dc4
2023-03-26 20:19:50,False,1.542e-07,4.705e-10,24366921.0,0.1146,0x50...645c,https://bscscan.com/tx/0xba22e17b124df573cda99a6802b5edfef85a79bd225bba3142c02fcc262bd51d
2023-03-26 20:19:20,False,1.542e-07,4.708e-10,459531343.0,2.16362,0x2a...576a,https://bscscan.com/tx/0xd005825aa26024787a4fd71d66fc032c465c4d41b0683482db169c3089e2dad1
2023-03-26 20:18:14,True,1.543e-07,4.732e-10,371902278.0,1.76,0xde...fa58,https://bscscan.com/tx/0x280e9554b65fc241d2b2cfc7e0a376807a66229c7d30ebe51c8742d1422309fe
2023-03-26 20:17:41,True,1.542e-07,4.729e-10,66047088.0,0.3124,0x9d...7a8e,https://bscscan.com/tx/0x00b361f408630cf63f6cf3044d629d78442e641a441523215e5690c1440f940d
2023-03-26 20:16:50,True,1.55e-07,4.729e-10,41259944.0,0.1951,0xaf...6885,https://bscscan.com/tx/0x1631277f122ee24d90a5de58023dea404262bb861389673825568513f1669d13
2023-03-26 20:16:11,True,1.54e-07,4.722e-10,1243082317.0,5.87,0x2a...576a,https://bscscan.com/tx/0x211bd56d761a716e3e817aa164f2dc41ba7ecd6c3966d58c6f993342bec68837
2023-03-26 20:15:14,False,1.538e-07,4.693e-10,391178064.0,1.83611,0xde...fa58,https://bscscan.com/tx/0x043cda7abb62307528f83aa144ea9324924f3cc4729cc74be05c7aba325b41b5
2023-03-26 20:15:08,False,1.54e-07,4.7e-10,805376278.0,3.78565,0x1b...7f6d,https://bscscan.com/tx/0x62a97ae3496e27451f4908827d9bb7c1f0c02fc198eb7f40e5bad5c2f1707807
2023-03-26 20:12:59,False,1.536e-07,4.71e-10,1019808189.0,4.80397,0x2a...576a,https://bscscan.com/tx/0x99947f707572ccf4cb2e8c5ebfc027972eae74ace20cdf025206f1f021eb25d6
2023-03-26 20:12:47,True,1.553e-07,4.735e-10,774971332.0,3.67,0xec...0165,https://bscscan.com/tx/0x538b98489333d3fc5c33a73fa6c63f8806a9af981055740475a7ee7612d85465
2023-03-26 20:12:08,True,1.55e-07,4.728e-10,526613059.0,2.49,0xde...fa58,https://bscscan.com/tx/0xeadea9d0e6345ae751a4536af7a8c53dda5da58ed9d9d243021ce2d220cb5095
2023-03-26 20:09:47,True,1.545e-07,4.718e-10,1282277787.0,6.05,0x2a...576a,https://bscscan.com/tx/0x43ca74480545749b97776c2f221b143af7bf7759fdbd74308a544786853cf391
2023-03-26 20:09:08,False,1.537e-07,4.694e-10,1203106334.0,5.64758,0xde...fa58,https://bscscan.com/tx/0xa94e747d4869617f72c880b5069c599bd5516c21d9621e4f78c3f98df2f0f485
2023-03-26 20:08:59,False,1.542e-07,4.707e-10,1209479022.0,5.69377,0x08...af7e,https://bscscan.com/tx/0x75bd03f3987d216e85f4b7fa382f190d995612b84805804b1c744c58c0f0245c
2023-03-26 20:06:38,False,1.545e-07,4.718e-10,684547032.0,3.22984,0x2a...576a,https://bscscan.com/tx/0x21f634c79e056bbd4339e947f44fe846170fa3e2f3f870508f0345d0842d946e
2023-03-26 20:05:56,False,1.547e-07,4.724e-10,439067027.0,2.07438,0x08...af7e,https://bscscan.com/tx/0xa8283e680aa623b39266722454b42cdda14bb2e1ee770594f1bf3924fdeff5ad
2023-03-26 20:03:26,False,1.549e-07,4.729e-10,436998019.0,2.06676,0x2a...576a,https://bscscan.com/tx/0x578c948d46988e4627b881fe2f1029587769de668630d6ebc907db397c4e201c
2023-03-26 20:03:02,True,1.549e-07,4.753e-10,391296308.0,1.86,0xde...fa58,https://bscscan.com/tx/0xece1adbbb7caffce297053b338ffeb0f729fe72a04af8c07af085e0538d6dad4
2023-03-26 20:02:47,True,1.547e-07,4.746e-10,762604170.0,3.62,0x08...af7e,https://bscscan.com/tx/0xa3edabe8248de206cde2490ca96c84af5db8460b1c3c0e1cdb205015396836b1
2023-03-26 20:02:05,True,1.554e-07,4.742e-10,52717100.0,0.25,0xa0...a915,https://bscscan.com/tx/0x0716d4d9deb359f41b90437fe9adda912983acc59dfaf243915b5ef4cef02082
2023-03-26 20:00:17,False,1.538e-07,4.72e-10,375548113.0,1.77274,0xec...0165,https://bscscan.com/tx/0xc95f40c54087cf15c49274d12997ec397822f2dcc483b883426a5ab34e136141
2023-03-26 19:59:53,True,1.545e-07,4.741e-10,769738816.0,3.65,0x1b...7f6d,https://bscscan.com/tx/0x31f822cb57104420f1064c8a21cd07cceb3b504f080732eac99c28f5d05cabae
2023-03-26 19:57:08,False,1.545e-07,4.717e-10,664429619.0,3.13451,0xec...0165,https://bscscan.com/tx/0xe94c2e98dcef514e849b95ed3b81aa0f67d37bf3f957570bfa658db4b4dd8a9e
2023-03-26 19:57:05,True,1.552e-07,4.739e-10,1038162398.0,4.92,0x2a...576a,https://bscscan.com/tx/0x3afa09e5c2de47d992c01c15d4873cb10e345aaf4ab3cb833e6d6b48f53d224f
2023-03-26 19:56:56,True,1.548e-07,4.727e-10,1023791645.0,4.84,0xde...fa58,https://bscscan.com/tx/0x462252f215040288aee9528fe797ad61197eed639b9c951d3601b78e9269961b
2023-03-26 19:56:44,True,1.546e-07,4.721e-10,100000.0,4.721e-05,0xf5...0a1f,https://bscscan.com/tx/0x61b4dbd1e9b3edd28098ccead898fa7701f7543d70ef1843d056aac6ee15d4c5
2023-03-26 19:54:35,False,1.531e-07,4.698e-10,96715812.0,0.4544,0xac...e800,https://bscscan.com/tx/0xbf0d4cdf67a8da809cc3f9fa82e33381de19a0bea756f4dfb97b062b79e2f06a
2023-03-26 19:54:02,True,1.537e-07,4.717e-10,989973274.0,4.67,0xec...0165,https://bscscan.com/tx/0x718b4e6a13eb0ac28ccf0689aefe1e097cdf65854c161722c7eddbb5cb6784fa
2023-03-26 19:53:56,True,1.534e-07,4.709e-10,369451061.0,1.74,0x2a...576a,https://bscscan.com/tx/0x2f48006d9b39a885618d2fd3315002bebfdb937f4636206325f41b2834800b5b
2023-03-26 19:53:47,True,1.533e-07,4.705e-10,412299193.0,1.94,0x1b...7f6d,https://bscscan.com/tx/0x978e7c047ea01861eefc2affe52bd8e63be566f16f7080edca46d3901010b6a3
2023-03-26 19:53:32,False,1.525e-07,4.681e-10,339640643.0,1.59,0x08...af7e,https://bscscan.com/tx/0xbf8568fd6d9adc23a8b8717ccc013b06768b7881aa314616a940a06ac657b3f5
2023-03-26 19:50:50,False,1.526e-07,4.685e-10,358559603.0,1.67996,0xec...0165,https://bscscan.com/tx/0x26abaf78cce6122493ae167cea22d2f568873abd03536726b23553bc28aed790
2023-03-26 19:50:44,False,1.535e-07,4.69e-10,534731502.0,2.50803,0x2a...576a,https://bscscan.com/tx/0xbd34a28303bc4b15aa24b0c4719d84e10f5037e22920c58c8acc646b8d445664
2023-03-26 19:47:35,False,1.529e-07,4.696e-10,581779496.0,2.73231,0x2a...576a,https://bscscan.com/tx/0xdf6961a5f2ba7cda5bd0c6d6a9ee24346e87f2b18de27d30bc67e9da1ec9f5c5
2023-03-26 19:47:20,True,1.545e-07,4.719e-10,714092185.0,3.37,0x08...af7e,https://bscscan.com/tx/0xc2baca374295a89ebe42a007f035765b5ef514444843d847dcc78fe2341cf390
2023-03-26 19:46:50,True,1.543e-07,4.715e-10,27540402.0,0.1298,0x65...ddb6,https://bscscan.com/tx/0x06107d6243b5cc891724ba2d4085ee84bb9e24ed6b984fb14c2e9e91bc1564e6
2023-03-26 19:33:47,True,1.543e-07,4.714e-10,20000000.0,0.0943,0xd0...6312,https://bscscan.com/tx/0xc8b98834255face957a5874caeda507bb13162cd09fc68b6d6d4dcafde92fff7
2023-03-26 19:30:06,True,1.535e-07,4.714e-10,126300000.0,0.5953,0xd0...6312,https://bscscan.com/tx/0x017de56f4bfb796b9802dfde36a3ee683c9ab9fa914628fb56239356933e44e9
2023-03-26 19:22:49,True,1.543e-07,4.713e-10,28110639.0,0.1324,0x4d...0b98,https://bscscan.com/tx/0xae9bc5b3e300cd33ca19e2878f5990c18c7918fa3576e9954ec8728909b971e0
2023-03-26 19:21:34,True,1.543e-07,4.711e-10,203305333.0,0.9579,0xe5...3bf7,https://bscscan.com/tx/0xab0b52aec86939959dc535ed944762828637084d8d61b6f9fbd0679824f4c50c
2023-03-26 19:03:55,True,1.542e-07,4.71e-10,15995064.0,0.0753,0x85...0744,https://bscscan.com/tx/0x496a59755f313088de2db8a278656230a96a53957cbe5b3c1e1ba1d034e83e45
2023-03-26 18:55:25,True,1.54e-07,4.707e-10,548062135.0,2.58,0x2a...576a,https://bscscan.com/tx/0xf034185f2ddfbbe2e5558710f2efe04b071e816cf44a74a7d302d0b616e94ecb
2023-03-26 18:54:11,True,1.53e-07,4.701e-10,550904465.0,2.59,0xec...0165,https://bscscan.com/tx/0xdf04ca3f874a7c7b0bf62a4abed96eb3c9860b1972aefac795ed13c202ed54a2
2023-03-26 18:51:02,True,1.537e-07,4.696e-10,334296675.0,1.57,0xec...0165,https://bscscan.com/tx/0x0069d821cf477e70a94ee7350bbf9557d395fa881af0cebf8749b74e5df9066e
2023-03-26 18:49:02,False,1.523e-07,4.677e-10,1100453917.0,5.14706,0x2a...576a,https://bscscan.com/tx/0x486c55c0ea5254eb0b9f28a687d73515e41da59d771ce4b56be19fc2ce418dd7
2023-03-26 18:47:53,False,1.534e-07,4.687e-10,807427390.0,3.78505,0xec...0165,https://bscscan.com/tx/0x380ba90c871d6f69a8ceb20cd6b2b4a9ec3000ce2975552e37d38d634ad83924
2023-03-26 18:47:38,False,1.528e-07,4.692e-10,1623577.0,0.0076,0x0c...5ec6,https://bscscan.com/tx/0x56b4b15a32661a416a6c08dcaafdd18f7bb0c64307fcebb3f53727c0e5b754d7
2023-03-26 18:47:23,True,1.535e-07,4.712e-10,549571652.0,2.59,0x08...af7e,https://bscscan.com/tx/0x3da2f7b7bef39d1306888a6fd6511b278db71fa7ef0d2f18b370cc70d20dc08b
2023-03-26 18:45:53,True,1.539e-07,4.703e-10,1160912262.0,5.46,0x2a...576a,https://bscscan.com/tx/0x30ecdc9cfa0fbeeb18028d2c5aa3c567ef7faba479f3ddc9e71d8188212beb7c
2023-03-26 18:44:44,True,1.528e-07,4.693e-10,660551177.0,3.1,0xec...0165,https://bscscan.com/tx/0xfcd70b6b092574c96f15f4e49a3309ab51e190c275f724c871c8d8884592921a
2023-03-26 18:41:11,False,1.529e-07,4.672e-10,1117993089.0,5.22343,0x08...af7e,https://bscscan.com/tx/0x9d929c2873a79c43da3fb690f7b37efca121be80f4d2f24520233edad29ef3df
2023-03-26 18:40:14,False,1.533e-07,4.684e-10,1186563285.0,5.55894,0x1b...7f6d,https://bscscan.com/tx/0x3a50380efafdcb0eb6f481d9d72406c1fab636f29bbbe3614f3de2325edc3b56
2023-03-26 18:38:56,True,1.543e-07,4.715e-10,35789.8,1.687e-05,0x25...2edd,https://bscscan.com/tx/0xe1992969ee3ff2cb8b1a0125db45fd44d9c1754df3116b34e7489351876268db
2023-03-26 18:38:56,True,1.543e-07,4.714e-10,14244575.0,0.0671,0x25...2edd,https://bscscan.com/tx/0xe1992969ee3ff2cb8b1a0125db45fd44d9c1754df3116b34e7489351876268db
2023-03-26 18:38:32,False,1.529e-07,4.697e-10,1124131988.0,5.28072,0xec...0165,https://bscscan.com/tx/0xaf967523db4976bce11f9b9f381db80d496ee581ba453e67cdc24cd75f689e2b
2023-03-26 18:38:08,True,1.538e-07,4.723e-10,664730167.0,3.14,0x08...af7e,https://bscscan.com/tx/0x33685af8ff0024843127230e6caef9302a28370580aae8733e53b9fb316a626e
2023-03-26 18:37:08,False,1.53e-07,4.698e-10,325059702.0,1.52721,0x1b...7f6d,https://bscscan.com/tx/0x9c10b39e3f83b5f815b39a7d2f6409fc2637fb4424d480e82276100a17509cbd
2023-03-26 18:36:59,False,1.531e-07,4.703e-10,678169034.0,3.18999,0xde...fa58,https://bscscan.com/tx/0x3780d1f41792607f71014f5ef8db4db54a27a33583e8373eb89dca93036983e1
2023-03-26 18:36:32,True,1.547e-07,4.728e-10,431397958.0,2.04,0x2a...576a,https://bscscan.com/tx/0xa6abf0a8d89a45fd3ba9cd47f9b88e26e79adc8d66dfc60aa74c10c655a6d9a8
2023-03-26 18:35:01,True,1.546e-07,4.724e-10,349248973.0,1.65,0x08...af7e,https://bscscan.com/tx/0x21fbd1fe114e38d3de9132f480c17b5d12c3fb6e674f04860577ff5965014cdb
2023-03-26 18:33:58,False,1.537e-07,4.699e-10,174483341.0,0.82,0xe6...3e38,https://bscscan.com/tx/0xc5b2b73552effc266d90e95d1ac52f38f556920b694a4140dcf3772408caf745
2023-03-26 18:33:58,True,1.544e-07,4.72e-10,669398483.0,3.16,0xde...fa58,https://bscscan.com/tx/0xf085e7928806425b2a1a9c498a61b9d82bdf8d7b29ed68e7ac6c3b716b30cfc8
2023-03-26 18:31:23,True,1.542e-07,4.716e-10,23756868.0,0.112,0xf1...8cf9,https://bscscan.com/tx/0xe18d67fc634c3613a1a6e3593314ad6b922e680045fc15f4fb400760929f8634
2023-03-26 18:30:56,False,1.535e-07,4.694e-10,319052281.0,1.49791,0xde...fa58,https://bscscan.com/tx/0xfc4bb5cbc70d0095d98c61c4a436a54e17d8b573737e1d4e95711b6d0d3ec2cd
2023-03-26 18:30:02,False,1.537e-07,4.7e-10,653039571.0,3.06947,0x2a...576a,https://bscscan.com/tx/0x9c6477dd53175a864f2bfa4c56f8dc3f4cd372620e8859a2d44d369f38edfe60
2023-03-26 18:29:05,True,1.537e-07,4.723e-10,669510405.0,3.16261,0x20...6638,https://bscscan.com/tx/0xb9c94035056d22d28b0b1926c065b06c0a5f6584f8b9f0ca6f152079e39585b6
2023-03-26 18:29:05,True,1.535e-07,4.717e-10,517266747.0,2.44,0xec...0165,https://bscscan.com/tx/0xf05d6115a5f2d68721f860ae84a54d81f647e2416c7b146abb0895680a5c9744
2023-03-26 18:28:50,False,1.535e-07,4.696e-10,964997615.0,4.53167,0x08...af7e,https://bscscan.com/tx/0x872d8ba5bed0eff25a3a4f6de1d0ec909dd17449b8358b4877ebee629a7e28cf
2023-03-26 18:26:53,False,1.531e-07,4.705e-10,703016889.0,3.30793,0x2a...576a,https://bscscan.com/tx/0x557087d68234c7c79446321be8e770cde4e4fc2696c36759886608fe72614c6a
2023-03-26 18:25:47,False,1.54e-07,4.709e-10,4542503.0,0.0213,0x9b...cef4,https://bscscan.com/tx/0x0d2a0594e0644ef090ac90b293def5640e4ad8f51dfd498ea9292477c154374d
2023-03-26 18:23:41,True,1.538e-07,4.726e-10,1104357764.0,5.22,0x2a...576a,https://bscscan.com/tx/0xbf59cf0453511049a239ee2bb30dc3b2a6b48e5bcefc5eaead3811d6871c7618
2023-03-26 18:22:47,False,1.536e-07,4.698e-10,318373272.0,1.49595,0xec...0165,https://bscscan.com/tx/0xd2e923496fcb9313d3900719afa2ad527d40fc14684e97581624e7e021b553cb
2023-03-26 18:22:41,True,1.544e-07,4.719e-10,758501178.0,3.58,0x08...af7e,https://bscscan.com/tx/0x2e140b415c46ff2c3f2128d92b9deb2ff990c79abd49dca6c6998628a106a04d
2023-03-26 18:21:56,True,1.533e-07,4.713e-10,445567802.0,2.1,0x1b...7f6d,https://bscscan.com/tx/0x401527fc572a46951cfbffebea218a4b62477360105ae4e3f08f7e9c3dbddb30
2023-03-26 18:19:38,True,1.539e-07,4.707e-10,533179045.0,2.51,0xec...0165,https://bscscan.com/tx/0xfa6fae6f806d8a356412bcc6d0c86b6e731f0820dee46c4728c9786ff918725d
2023-03-26 18:18:44,False,1.525e-07,4.687e-10,1142258384.0,5.35432,0xde...fa58,https://bscscan.com/tx/0x9268fc7d287617e07ac4c65adc90a333fb3d366d8c5eb5408611edcd45ea22c2
2023-03-26 18:17:20,False,1.528e-07,4.697e-10,610416351.0,2.86727,0x2a...576a,https://bscscan.com/tx/0x7e17ff8d21979c7cc1fc471c52828bf846a5fcd16856bfdbf2715edf6f502f21
2023-03-26 18:16:32,True,1.544e-07,4.721e-10,489254310.0,2.31,0xec...0165,https://bscscan.com/tx/0x5db50681aca8b7646dbe05061471cc4e62c44b91869d00efddc51301eff35c29
2023-03-26 18:16:29,False,1.537e-07,4.7e-10,933687006.0,4.38868,0x08...af7e,https://bscscan.com/tx/0xa0bfeaff1fd93aab79f4d289237486ba70151757618ed55dfa10b4b1c277a6cd
2023-03-26 18:15:53,False,1.539e-07,4.707e-10,398961782.0,1.87824,0x1b...7f6d,https://bscscan.com/tx/0xac1a334dbe048dfa40c4fffc1c5c2601524482fd420ee682f90074f180c49ef9
2023-03-26 18:14:11,False,1.533e-07,4.712e-10,517586431.0,2.43935,0x2a...576a,https://bscscan.com/tx/0x6e12123e9cf575e400cd511205aca310bffa6c9cb04bf57531a7993f81d00f33
2023-03-26 18:13:23,True,1.549e-07,4.735e-10,635569444.0,3.01,0x08...af7e,https://bscscan.com/tx/0x3141c019f3cf1205c87433624d39c99932e76daf5df84ce183eaaac2cfbc81b4
2023-03-26 18:13:20,False,1.541e-07,4.711e-10,561114758.0,2.64388,0xec...0165,https://bscscan.com/tx/0x0211a20a6abedeb460fa2c8fcc190acd75ee7535afc355d6c989a9765b8ab373
2023-03-26 18:12:50,True,1.549e-07,4.736e-10,420161781.0,1.99,0x1b...7f6d,https://bscscan.com/tx/0x728c370a7866f44289ba34094506293eddcf2dc14df80310bec197372e54259f
2023-03-26 18:12:38,True,1.547e-07,4.73e-10,663825109.0,3.14,0xde...fa58,https://bscscan.com/tx/0xed03801e7ab66a3d9af7786b836fd3617d8662fd9c82bd6891f7706cdcabcccd
2023-03-26 18:10:14,True,1.546e-07,4.723e-10,446663174.0,2.11,0xec...0165,https://bscscan.com/tx/0x04e0f0e14e60428ff36c58fe14d2c13b696f12be7aee51fc907c34f124df592a
2023-03-26 18:06:44,True,1.543e-07,4.716e-10,816226407.0,3.85,0x1b...7f6d,https://bscscan.com/tx/0x4b7180c0ac20e26020b84e21e752e72d1f9c47ad3a0aea6d8c02829ad092364c
2023-03-26 18:06:35,True,1.54e-07,4.707e-10,928391946.0,4.37,0xde...fa58,https://bscscan.com/tx/0xa8bb2411c5bd3fae754e81b079e99f9aba44773257d8f1d7ef01d86de302a131
2023-03-26 18:06:17,False,1.523e-07,4.678e-10,15225762.0,0.0712,0xe3...c5cb,https://bscscan.com/tx/0x7cca7529433ac7bfb61849e43e53299d884b5d28d532b9b62675fc2aa994600f
2023-03-26 18:03:41,True,1.53e-07,4.699e-10,374470993.0,1.76,0x1b...7f6d,https://bscscan.com/tx/0xfb8a15317bec32090e2be5fba9ad8349d134eeabc777d267b6560fb658bc2e1e
2023-03-26 18:02:41,True,1.529e-07,4.697e-10,7176099.0,0.0337,0xa6...6a5a,https://bscscan.com/tx/0x3bb466b2cd9fc8fcc6272d25e8d9acc1ea57b91e6d41f7cc1cb326ad5a9119ac
2023-03-26 18:01:02,True,1.536e-07,4.697e-10,106538334.0,0.5004,0xc4...dcfe,https://bscscan.com/tx/0x1449a4fca4d887466e372a817c4e546dcf9cfb75ca99259a434ecbdd40096a33
2023-03-26 18:01:02,False,1.529e-07,4.675e-10,431896495.0,2.01935,0x08...af7e,https://bscscan.com/tx/0xd1815903bae3b5869bbbb17414c96aba1622e476234a1d2ecacc30fd8308e10e
2023-03-26 18:00:47,False,1.532e-07,4.682e-10,837519444.0,3.92176,0xec...0165,https://bscscan.com/tx/0xb810499eeef5c3acd3ee5c0a43309a88d76a0cbbf5604a7659316ccfc456aeb0
2023-03-26 18:00:29,False,1.535e-07,4.693e-10,1148368646.0,5.39,0xde...fa58,https://bscscan.com/tx/0x684c136f5ccdd63767830de154f8ad826a15e5726484cbd69e8d9ee6cdda21b3
2023-03-26 17:57:35,False,1.531e-07,4.705e-10,932387340.0,4.38708,0x1b...7f6d,https://bscscan.com/tx/0x03b831456428118d40ccd35d30f1874bd0d3c7e27fa4df58bf9a756bda1e7149
2023-03-26 17:55:08,True,1.546e-07,4.726e-10,1362564364.0,6.44,0x2a...576a,https://bscscan.com/tx/0x61f3c5222025ea8d051dc90a2a0c32bb10defcc4f32d17e41a2d6c25713f7818
2023-03-26 17:54:35,True,1.534e-07,4.715e-10,555600495.0,2.62,0x1b...7f6d,https://bscscan.com/tx/0xc4b9f74cfa6cfca400648738fcb779265f6caa103ea7783c5a43f1783a312d1a
2023-03-26 17:54:29,True,1.532e-07,4.709e-10,603083495.0,2.84,0xec...0165,https://bscscan.com/tx/0xcf1708e47fb892480a56cc513d0a536e9c6e87cf291017162aa2ef8707a1b74c
2023-03-26 17:53:42,False,1.531e-07,4.682e-10,51398558.0,0.2406,0x3c...f2e4,https://bscscan.com/tx/0x87eaa12c44f29e8afaab89b9a0f28e9aba8b6d6ae9463c6948e23e809bfa39d3
2023-03-26 17:51:32,False,1.533e-07,4.687e-10,783047480.0,3.67029,0x1b...7f6d,https://bscscan.com/tx/0x6610d738ef198216ae80a6f19e3605221c0844871b8ce22aa39c88fd63ea15cd
2023-03-26 17:51:23,False,1.528e-07,4.695e-10,762718992.0,3.58156,0xec...0165,https://bscscan.com/tx/0x2b12abdea0e038b2d553ea3a8bdfcb878284288b7a69a4d595d0e50f92eecb32
2023-03-26 17:51:20,True,1.535e-07,4.718e-10,854027812.0,4.03,0xde...fa58,https://bscscan.com/tx/0x12ff7d89cf476806d361e061fbb7bf317700719a3456dcbdc83152efbc49d012
2023-03-26 17:48:47,False,1.528e-07,4.696e-10,1052129618.0,4.94118,0x2a...576a,https://bscscan.com/tx/0xdeeb750946437671e633fb5931d9ddb9526d0ece6b0ff743c5b6e7d875e82b73
2023-03-26 17:48:41,True,1.545e-07,4.723e-10,393767768.0,1.86,0x08...af7e,https://bscscan.com/tx/0x4775b19e2b9fbf550da7eebfda989b0547a2e9b723a56b08feaa5dfbdacaaf6a
2023-03-26 17:48:29,False,1.53e-07,4.7e-10,413011996.0,1.9412,0x1b...7f6d,https://bscscan.com/tx/0xb3ee6806ab7c88bdcbe8c1b206cb8dab4862396eda7dbdec88370b3f48770eb2
2023-03-26 17:48:14,True,1.538e-07,4.724e-10,330217546.0,1.56,0xec...0165,https://bscscan.com/tx/0x436a76ba6e61d160de9fed7c4e5a04b2239c5e62edb2bfb183740ec727f20108
2023-03-26 17:45:38,True,1.536e-07,4.719e-10,521255268.0,2.46,0x2a...576a,https://bscscan.com/tx/0x02c0a7d5c64bd581f0d82ada0f70e1f608ba1a177e081d9db587b809f0c77cff
2023-03-26 17:45:35,False,1.529e-07,4.697e-10,817941979.0,3.84225,0x08...af7e,https://bscscan.com/tx/0x90f417c21f2b5b9cb8673b6234cfbe95aef8c41f7f4d9fd6000a892d263202a8
2023-03-26 17:45:26,True,1.545e-07,4.722e-10,622602388.0,2.94,0x1b...7f6d,https://bscscan.com/tx/0x3a9a464101eb9100cf20ece0a5978f600361079a82944319d62139ec3f486e9a
2023-03-26 17:45:14,False,1.537e-07,4.697e-10,505371926.0,2.37418,0xde...fa58,https://bscscan.com/tx/0x8526f4300a1bb734bf4ed9943056b8dbba81b649bcbfc8a2359c18d51dd922ff
2023-03-26 17:45:05,False,1.539e-07,4.704e-10,724350322.0,3.40788,0xec...0165,https://bscscan.com/tx/0x0f44e859ae57cd75200606c42864d6dcd3a5ffe888a1d7aadba0ce805c03434d
2023-03-26 17:42:29,False,1.535e-07,4.713e-10,827976313.0,3.9026,0x2a...576a,https://bscscan.com/tx/0xdc7250f7fcc0a28ef1e48e087e1b776ca42cfe85a41d034cc3a6191c06022a31
2023-03-26 17:42:23,False,1.537e-07,4.719e-10,322310954.0,1.52126,0x1b...7f6d,https://bscscan.com/tx/0x8f1c23851b2c2d3f166c4ced3cad4ae30e48a71d4848eff27147880a95c52ebc
2023-03-26 17:41:56,True,1.551e-07,4.741e-10,685438472.0,3.25,0xec...0165,https://bscscan.com/tx/0x519db1e7751b1a9c155e8ce4d9725acf22d7fc4040d59d59114c7be166de6ee7
2023-03-26 17:40:35,True,1.542e-07,4.737e-10,63770914.0,0.3021,0x0d...946c,https://bscscan.com/tx/0x9bd708f69c421c7e9a14f471178854ec1b2ac341833b4d4eebbc2f82535e9eb9
2023-03-26 17:39:20,True,1.549e-07,4.734e-10,483716899.0,2.29,0x1b...7f6d,https://bscscan.com/tx/0x56f38888bf118987b3822c64fb9758234c9c7724b9a97541f600b0f3d6399af6
2023-03-26 17:39:17,False,1.541e-07,4.71e-10,414363054.0,1.95171,0x2a...576a,https://bscscan.com/tx/0x93eb279922caadebfef67f8d5737b9c9e4a76853ef32c5bf5b656d30f140a6e1
2023-03-26 17:39:11,True,1.548e-07,4.731e-10,779844776.0,3.69,0xde...fa58,https://bscscan.com/tx/0xdbbff48ccc132e52e7fc92c200c26f99e88b70f7b27b4398d0d6c779796fea54
2023-03-26 17:37:41,False,1.531e-07,4.704e-10,195787486.0,0.9211,0x05...7a0f,https://bscscan.com/tx/0x4e6de0d8bc442b4b28e01d6fe91ea5f7ea4b5a0d10d042ea344030dc8a3a9baf
2023-03-26 17:35:38,True,1.546e-07,4.725e-10,643263518.0,3.04,0xec...0165,https://bscscan.com/tx/0x68e0aa4ccb005912b6a1bd9dafb81ff536b185c8a0d2627a7ebd113a75c41259
2023-03-26 17:33:23,False,1.538e-07,4.702e-10,642022391.0,3.01898,0x1b...7f6d,https://bscscan.com/tx/0x9d308c61ee867aeeb504803d82f3e776366bd3e9863b44a70f92174a307b7541
2023-03-26 17:32:59,True,1.545e-07,4.726e-10,594565104.0,2.81,0x2a...576a,https://bscscan.com/tx/0x17069fbae8e7b25f931449f3308c85d0ab33e3f5ef259e90a77198bb34adf72c
2023-03-26 17:32:29,False,1.529e-07,4.7e-10,249035302.0,1.17062,0xec...0165,https://bscscan.com/tx/0xfc415d680daf36450830c7df86045794e5d5d731f0fc65fcf8b7179800a0bf36
2023-03-26 17:29:47,True,1.544e-07,4.722e-10,626843457.0,2.96,0x2a...576a,https://bscscan.com/tx/0xe3d0740154057dec184dc47ce0bcd19e56606631b28404cfb109d1bbffcce4bc
2023-03-26 17:29:20,False,1.536e-07,4.696e-10,316003499.0,1.48419,0xec...0165,https://bscscan.com/tx/0x52baa51e6f562ff1bd85a85d06948e9977a00dbe113ef263b4e0dfa68c822c9e
2023-03-26 17:26:59,False,1.537e-07,4.702e-10,791025023.0,3.72014,0xde...fa58,https://bscscan.com/tx/0x1bd4274c69468538ed32f3e885e349434857738745a2e0fe400b64c278516a57
2023-03-26 17:26:35,False,1.533e-07,4.711e-10,718611970.0,3.38565,0x2a...576a,https://bscscan.com/tx/0x54aa9195c91f555feb5e34c63f4322deb29e0f538eaab349cb9cd52b01dd2824
2023-03-26 17:26:11,True,1.548e-07,4.735e-10,565895553.0,2.68,0xec...0165,https://bscscan.com/tx/0xc9606b6214f07452a9a75be98752084b6f93aae33807c681a4781cbfe3af8933
2023-03-26 17:24:08,True,1.546e-07,4.73e-10,386852219.0,1.83,0x1b...7f6d,https://bscscan.com/tx/0x8c3212190d4165d3bfaebccbdf3f77b2b49aaa2ca495f63db1a776bd626d2d59
2023-03-26 17:23:05,False,1.531e-07,4.707e-10,465666482.0,2.19203,0xec...0165,https://bscscan.com/tx/0xd094ef105edb5d4eef4761a0e6d2ef4f2ecd312dce7aa21696390b18b383c463
2023-03-26 17:19:56,False,1.541e-07,4.712e-10,490084608.0,2.3096,0xec...0165,https://bscscan.com/tx/0x9054e388d789f8a27bccf207e4c25bd3a5cefcc41996cb88dfb56ed3786e7661
2023-03-26 17:18:05,False,1.535e-07,4.719e-10,651149996.0,3.07281,0x1b...7f6d,https://bscscan.com/tx/0x15e8be11e8e1ef732f09d6347f31893dee3aff889b29de0271e229f98f0d35cd
2023-03-26 17:17:53,True,1.551e-07,4.744e-10,392059176.0,1.86,0xde...fa58,https://bscscan.com/tx/0x37d20ff68611ce7f5afa25a3caefadada4a72fe90d79d3e888e80a680e572ca5
2023-03-26 17:16:47,True,1.548e-07,4.735e-10,1119171828.0,5.3,0xec...0165,https://bscscan.com/tx/0x9e1aa8131ddbfaa66a9fd61e6fb2f79b10f22674dbd38bc5bdcee16d94a1a96b
2023-03-26 17:15:59,True,1.538e-07,4.729e-10,4681913.0,0.0221,0x40...cc3f,https://bscscan.com/tx/0xaf835517d179e550ed42571a5db800db7f617fe6eeceb62d469b21474c33eabe
2023-03-26 17:15:02,True,1.536e-07,4.723e-10,1020419099.0,4.82,0x1b...7f6d,https://bscscan.com/tx/0x4c0332af878ec18281b3d434bc68af2a35d5a08fd5bd60dba68b32efd7f7c92e
2023-03-26 17:14:50,True,1.541e-07,4.715e-10,411407547.0,1.94,0xde...fa58,https://bscscan.com/tx/0xfe87a0976c31b294361581a6692f81c5e4491a1933da8b1027cd6be01a565d09
2023-03-26 17:14:41,True,1.532e-07,4.71e-10,413933876.0,1.95,0x08...af7e,https://bscscan.com/tx/0x5808330950a39faef073373fb8cb5ed71287080c37cfb30187c613b046eccb5a
2023-03-26 17:13:56,True,1.539e-07,4.706e-10,365448943.0,1.72,0x2a...576a,https://bscscan.com/tx/0xf0fbb02390e88c9cab8d344693ebab890f067d59a3dd297a1c4b3954b022b68a
2023-03-26 17:13:38,False,1.531e-07,4.685e-10,803810343.0,3.76623,0xec...0165,https://bscscan.com/tx/0x50cc335f3c23a5381711c81a1125cda598df72438f21119594480af3274e47b6
2023-03-26 17:11:35,True,1.531e-07,4.707e-10,1051495729.0,4.95,0x08...af7e,https://bscscan.com/tx/0xf9681391240623aac414fd044cce0f95fab17cccbf33ebf3a1d78836046f70ac
2023-03-26 17:11:14,False,1.522e-07,4.678e-10,30455847.0,0.1424,0x4a...ab5c,https://bscscan.com/tx/0xe91ee80e9541532bbfc268cd762221c350ce9397c81577ee7719c2c659925ee2
2023-03-26 17:10:59,True,1.537e-07,4.702e-10,4253483.0,0.02,0x6a...6b00,https://bscscan.com/tx/0x9e2e8b8899a0181ac18506501552d01043f1d2bd9f462b5e1886fcf13cfb4b85
2023-03-26 17:10:44,False,1.53e-07,4.68e-10,396246204.0,1.85472,0x2a...576a,https://bscscan.com/tx/0x5831a8e01999e7fe9392acc3e2f5bcadd637d4b37266ccf67d391e61ffef4a72
2023-03-26 17:10:32,False,1.531e-07,4.684e-10,341834264.0,1.60135,0xec...0165,https://bscscan.com/tx/0x64eafe46574dd4ba6b5a51ba1dda43ef22730844d7be745768a70f780edf9035
2023-03-26 17:08:56,False,1.525e-07,4.688e-10,343138391.0,1.60884,0x1b...7f6d,https://bscscan.com/tx/0x4f74bfe3a3abe6a5611c77db5cc480eff9f7806d0fad83c279cb77f53e6e26c1
2023-03-26 17:08:47,False,1.526e-07,4.692e-10,399145652.0,1.87309,0xde...fa58,https://bscscan.com/tx/0x8d455a7338b7f71cee74ad630db5f9a615d290a057c77cabcec86fc052ac9edd
2023-03-26 17:05:56,True,1.533e-07,4.713e-10,927158592.0,4.37,0x1b...7f6d,https://bscscan.com/tx/0x59482a40c5a221188ffc4dc14874d00be87cd97f96e6b1e3f928ae5834b89e19
2023-03-26 17:05:41,False,1.525e-07,4.688e-10,780071615.0,3.65773,0xde...fa58,https://bscscan.com/tx/0x68003c6249b8502edad916901909d7c4cefb9a36fda33d974ebe99e761527ade
2023-03-26 17:05:26,False,1.536e-07,4.698e-10,922937167.0,4.33637,0x08...af7e,https://bscscan.com/tx/0x8dce36474f30a5d9cee538b390174fa51ed7fd2d76d01f25e8760f71b032ad12
2023-03-26 17:04:14,True,1.535e-07,4.719e-10,1341200275.0,6.33,0xec...0165,https://bscscan.com/tx/0xe0f71cc1ea31cbf2619c553112e3a78004c92b5d83c59c3dfaf727e5303569ef
2023-03-26 17:02:52,False,1.526e-07,4.694e-10,994254101.0,4.66718,0x1b...7f6d,https://bscscan.com/tx/0x82ca3d78fc3d4d4c53aba4cbde560762411afe306490e8c106cd01ce3fe09bf7
2023-03-26 17:02:46,True,1.536e-07,4.723e-10,21108807.0,0.0997,0xbb...4869,https://bscscan.com/tx/0x5ab6c38690afc50d7407d5179571bcc4702bc65a608df5cfdd6e42e8508ba9a9
2023-03-26 17:02:43,True,1.542e-07,4.718e-10,796854743.0,3.76,0xde...fa58,https://bscscan.com/tx/0x65f514d35e25cb9b5087bf88d4c128323832b9271445574e1b0e4be081232c84
2023-03-26 17:02:20,True,1.539e-07,4.709e-10,794115853.0,3.74,0x08...af7e,https://bscscan.com/tx/0x4c6063fe2135ae71f155bda2131802422365dbce295ab9a954fbead3bdcbbb49
2023-03-26 17:01:14,True,1.535e-07,4.698e-10,1193988224.0,5.61,0x2a...576a,https://bscscan.com/tx/0x94500c71683483dd58cfccddf867c7200c956c7f19d944864f35123f19538ea2
2023-03-26 17:01:05,False,1.526e-07,4.67e-10,318489330.0,1.48742,0xec...0165,https://bscscan.com/tx/0xdc057dcaaec05649567ddfd2d2e17387688bb5e5b483cbea46beb973eaca77d2
2023-03-26 16:59:53,False,1.529e-07,4.675e-10,654342092.0,3.05945,0x1b...7f6d,https://bscscan.com/tx/0xf47ea536694f5f8547740201fcf6750e62c85669bfec15ccfc5ed4dc67ec5671
2023-03-26 16:57:56,False,1.531e-07,4.683e-10,785139452.0,3.67727,0xec...0165,https://bscscan.com/tx/0xb6381fa712615f2b5da3fa03aa2a7bf9442cfedf16856c7e008d6f48dd93424d
2023-03-26 16:56:08,False,1.526e-07,4.691e-10,594407418.0,2.7885,0x08...af7e,https://bscscan.com/tx/0x848f5b1c9b2b00bbb21094963631e7d09c020886b27b75cedb8612ed54015bbc
2023-03-26 16:54:50,True,1.541e-07,4.712e-10,1007967461.0,4.75,0xec...0165,https://bscscan.com/tx/0x79606879000abe75122ea1ee18cc2e9a10792279dc66ede8b5f8c6b468db4b65
2023-03-26 16:53:02,True,1.538e-07,4.703e-10,597429851.0,2.81,0x08...af7e,https://bscscan.com/tx/0x904c1ec436d1a667afa99079045448cca4dc402dcba4a7971afd2734981df002
2023-03-26 16:51:38,False,1.531e-07,4.679e-10,522310389.0,2.44419,0xec...0165,https://bscscan.com/tx/0x3bc16baa4b3b5269fce9ed5c6ad7c06ff72858faf4acf0165e0172c46cde6fa6
2023-03-26 16:51:32,True,1.54e-07,4.705e-10,30185457.0,0.142,0xc6...0704,https://bscscan.com/tx/0x3f66a73f2b1134ff0d0a58ecc3c070930da7593787748fa54c7d6cece7d7dfd2
2023-03-26 16:50:02,False,1.526e-07,4.687e-10,998970016.0,4.68286,0x08...af7e,https://bscscan.com/tx/0xfdf7baf5a50befe5a97b5a9f5c7a3fd12076b569e126b58589946a7a6e39644c
2023-03-26 16:48:32,True,1.535e-07,4.713e-10,511252359.0,2.41,0xec...0165,https://bscscan.com/tx/0x2059aa51da67fb381422c4d600377f3d29880b10078cd9a0ac891bc22acde67d
2023-03-26 16:48:14,False,1.535e-07,4.688e-10,256098639.0,1.20083,0xd5...ff0c,https://bscscan.com/tx/0x5aa26ee9063db69ad3f0e73f006b40816876cca6146a588d18b9b6fec43eacfe
2023-03-26 16:47:38,True,1.54e-07,4.706e-10,1336468554.0,6.29,0x1b...7f6d,https://bscscan.com/tx/0x811f727d204cd7d0fa34f0624b0db8feec602da81997961b660cbe23fdffcec7
2023-03-26 16:47:26,False,1.532e-07,4.68e-10,920128644.0,4.30677,0xde...fa58,https://bscscan.com/tx/0x492e2bbe6b846621214d33a5d6217d29ac99f51233b83fda92fbb5dc301fa1da
2023-03-26 16:46:53,True,1.533e-07,4.707e-10,378151062.0,1.78,0x08...af7e,https://bscscan.com/tx/0x6a4f66b563c93804312fccdff87491bb00108ba0f5a33707d0c4c02e51292e46
2023-03-26 16:45:23,False,1.534e-07,4.688e-10,1230608231.0,5.76952,0x2a...576a,https://bscscan.com/tx/0xe44c311482eeeffa62d82fe77e0d528e78a850120f4f08e9d3ce04d802ff1020
2023-03-26 16:44:35,False,1.53e-07,4.697e-10,375624342.0,1.76441,0x1b...7f6d,https://bscscan.com/tx/0xb6c44f878ed205cef80b2394fbf0705ed6d411c5f1f1cfdb6ddcd05014702f67
2023-03-26 16:44:23,True,1.537e-07,4.72e-10,394006339.0,1.86,0xde...fa58,https://bscscan.com/tx/0x427bc4aae2ad4803dfb526d5a83fc1ca288850e8fbc9e17c52fd897cb3e70b78
2023-03-26 16:43:47,False,1.53e-07,4.699e-10,840107347.0,3.94821,0x08...af7e,https://bscscan.com/tx/0xd7b920c96c3441826c556bd48fd6f362a2b6f833af9b8d52fb138515503fa17d
2023-03-26 16:42:14,False,1.533e-07,4.708e-10,793106556.0,3.73456,0xec...0165,https://bscscan.com/tx/0xf5e05f40d7298ed6eaaa4b671060e795f670ca815193361fa46f2b08bb9092fc
2023-03-26 16:42:14,True,1.541e-07,4.731e-10,923568747.0,4.37,0x2a...576a,https://bscscan.com/tx/0xf5032c3dcd008defc808293468e89efbade61b7a9e84671e9e02bc9aa3087861
2023-03-26 16:41:32,True,1.546e-07,4.722e-10,690302157.0,3.26,0x1b...7f6d,https://bscscan.com/tx/0x88ff79c20ef3bee041be30a8adce213bf3f19fce03584da462fe9ee3ce67dd02
2023-03-26 16:41:11,True,1.544e-07,4.718e-10,77450603.0,0.3654,0x59...56e6,https://bscscan.com/tx/0x5703d2ace1f4bdf28534cc02ccf2ac192dc140089d31c5d989807e06d88d2b0d
2023-03-26 16:37:41,True,1.536e-07,4.717e-10,20000001.0,0.0943,0x07...c95b,https://bscscan.com/tx/0xfd376bbd5cdaeff2978be66d2c699f91125df002b3a439f65316de6419bfed27
2023-03-26 16:37:32,True,1.536e-07,4.717e-10,45432701.0,0.2143,0x9b...2322,https://bscscan.com/tx/0xae1f9dc180fe96c9d312553fc7fd6aa464315a2737289cc0ab7c52d35c51b69c
2023-03-26 16:37:05,False,1.528e-07,4.694e-10,90411198.0,0.4243,0x1a...f441,https://bscscan.com/tx/0xbd431b507211fe1a6f0edd08f2916d067d10026578611b4a3cb7371ea324e4a3
2023-03-26 16:34:32,True,1.542e-07,4.712e-10,1067459723.0,5.03,0x08...af7e,https://bscscan.com/tx/0x97b896094e46163af21be9eef805e0f50001023861192a657d816924937c767d
2023-03-26 16:32:26,False,1.528e-07,4.686e-10,709303581.0,3.32422,0x1b...7f6d,https://bscscan.com/tx/0x358f35a1dd7f20f9846352d6fa1ab96ea4b187a6b43fc691bacf190f7a35379b
2023-03-26 16:31:26,False,1.531e-07,4.695e-10,922410911.0,4.33134,0x08...af7e,https://bscscan.com/tx/0x59db32fe0232af149de837d6021c6dd792144078bbe9742350b17448f91b0cf9
2023-03-26 16:30:47,True,1.548e-07,4.724e-10,6456810.0,0.0305,0xb6...b0ff,https://bscscan.com/tx/0xdcffa6a09a0a7bf6c1c89e2fbe4794bbe44f62bb64ae24d4331d0db774ab1dd6
2023-03-26 16:29:41,False,1.541e-07,4.703e-10,545570397.0,2.56624,0xec...0165,https://bscscan.com/tx/0x474475641d6940dbb0a212011b5b992b88fc5fcba0cf9cb334a8d611926c966a
2023-03-26 16:29:23,False,1.544e-07,4.711e-10,800916021.0,3.77336,0x1b...7f6d,https://bscscan.com/tx/0xbba47bde0420ea770cb6a496636e99597dc067033b1d2cb5317fe63fdf60dbe8
2023-03-26 16:28:20,True,1.552e-07,4.735e-10,703201562.0,3.33,0x08...af7e,https://bscscan.com/tx/0x079086c20ddb7f54975346256e3cd5cdf07b9daff72896cc6aa6563a1c480e5e
2023-03-26 16:26:38,True,1.549e-07,4.726e-10,954265089.0,4.51,0xec...0165,https://bscscan.com/tx/0x96c42e97288805d74c4a0f24889a9ce2ebba804601e8eae7e02cc6dac1b8cf20
2023-03-26 16:26:20,True,1.537e-07,4.713e-10,1249527420.0,5.89,0x1b...7f6d,https://bscscan.com/tx/0xc8b36572709451ef17a9599cc97bf49006610f41c34ff078e38b960f41d06c2c
2023-03-26 16:26:08,False,1.535e-07,4.684e-10,275099418.0,1.28879,0xde...fa58,https://bscscan.com/tx/0x6c74697a956f7f58c0511c642e135891a895bc37ae2e8b6e8d6a13f3e612048c
2023-03-26 16:23:23,False,1.537e-07,4.689e-10,604272104.0,2.83386,0xec...0165,https://bscscan.com/tx/0x72ce629fa70f622e11a54709d701e3cfea1999c628f8167130ef4cda6c41eb69
2023-03-26 16:23:17,False,1.54e-07,4.698e-10,1015242915.0,4.77035,0x1b...7f6d,https://bscscan.com/tx/0xbd4094a9773075c40752197ed0e2f5a2166dfc78e312d7ed083bd6bdf45e1cd6
2023-03-26 16:23:11,False,1.535e-07,4.707e-10,532102143.0,2.5048,0x2a...576a,https://bscscan.com/tx/0x3cb2ea1d268ed7ddc9cac8a928f227709123b09005740d413db064e107cc587b
2023-03-26 16:20:17,False,1.545e-07,4.712e-10,469477105.0,2.21263,0xec...0165,https://bscscan.com/tx/0xfbf8f5649aaadc0723f0bff4478e275b7c4b42b4dd546756ff8f6e1b75dee0b3
2023-03-26 16:20:05,False,1.547e-07,4.717e-10,325264003.0,1.5344,0xde...fa58,https://bscscan.com/tx/0x157a13ae1fbabd6c78fe56003ab49ea597b9591ef1b6a184014ab7b62804db6f
2023-03-26 16:19:59,False,1.548e-07,4.722e-10,517678445.0,2.44455,0x2a...576a,https://bscscan.com/tx/0xe7e0dcd239b6a525b6ff1a9cf12fd0390cc16f7cf1a53f3aca0a885b0022e3e2
2023-03-26 16:17:05,True,1.555e-07,4.741e-10,1244274904.0,5.9,0xec...0165,https://bscscan.com/tx/0x879f0a3de58708754ba5862b9f236d7f4edfadb31565248daaa056dc08c9659c
2023-03-26 16:17:02,True,1.551e-07,4.729e-10,911289489.0,4.31,0xde...fa58,https://bscscan.com/tx/0x95a672d4a5f3beab9770a4cb96797f392f65a80a2f1e82f5e2abbaf606cfa30f
2023-03-26 16:16:50,True,1.547e-07,4.716e-10,1331365368.0,6.28,0x2a...576a,https://bscscan.com/tx/0xf6bf6882efed2b7ad6437362fdf63dd398fc5dc60cc90e6e7e0219f576a98c1e
2023-03-26 16:15:59,False,1.538e-07,4.689e-10,634685374.0,2.97637,0x08...af7e,https://bscscan.com/tx/0x3fecdfaf40575928c272303fced5396caa87e6d0e751d0c75c94811424765439
2023-03-26 16:14:11,True,1.546e-07,4.714e-10,328754897.0,1.55,0x1b...7f6d,https://bscscan.com/tx/0x6fb77719bfc2639ec2d8051f5a92f4dd1e7c0b3858eb0e70b2c1973e8ac297bf
2023-03-26 16:13:59,True,1.537e-07,4.71e-10,450068157.0,2.12,0xde...fa58,https://bscscan.com/tx/0x09470e7a2cd90102ca4062f92efcbf61470d3b6ce07fe1ddaff730f5cadb935f
2023-03-26 16:12:53,True,1.534e-07,4.7e-10,1263608949.0,5.94,0x08...af7e,https://bscscan.com/tx/0x5f765502cea50bded3eb7288305aaccae3e1cfadc5331f1978c50d8ed3a492b3
2023-03-26 16:11:35,False,1.531e-07,4.67e-10,1490310.0,0.0069,0xdb...a9fb,https://bscscan.com/tx/0x04979949dcaa5637e54b00403209cd257544701d6e04ca135f495c8ab0264d20
2023-03-26 16:11:05,False,1.533e-07,4.673e-10,554121083.0,2.58965,0x1b...7f6d,https://bscscan.com/tx/0x0ab0028ef01605149d7317cf61da2e88341b160c98dcb188fdd5b2a0b7f84197
2023-03-26 16:10:56,False,1.535e-07,4.681e-10,899879793.0,4.21277,0xde...fa58,https://bscscan.com/tx/0x467d396f75ef39f735f8fa05fbd58dff6db9b6f44832cce6cd1a356bd32049d1
2023-03-26 16:10:50,False,1.538e-07,4.689e-10,616707691.0,2.8923,0xec...0165,https://bscscan.com/tx/0x5324519ddd647fa560c11e9fa4a6b317d7629bda22032a0a2b048ad9a2fd6acd
2023-03-26 16:10:29,False,1.533e-07,4.696e-10,573622294.0,2.69403,0x2a...576a,https://bscscan.com/tx/0xda12303ae400c19714455103a96b575ee6246629b903e52985e05d4de7790e71
2023-03-26 16:09:50,False,1.543e-07,4.704e-10,822081685.0,3.86733,0x08...af7e,https://bscscan.com/tx/0x0780e28a300a5191df39a37d858b8c6ad556fed54636c4b2ca59d6ea2a8c1cc6
2023-03-26 16:07:53,False,1.546e-07,4.711e-10,522153238.0,2.46029,0xde...fa58,https://bscscan.com/tx/0x93921fed1b38d1df7b843c3149ac6bb65528f6518da3f2c11cf3cea3fbd96420
2023-03-26 16:07:44,True,1.553e-07,4.733e-10,900002241.0,4.26,0xec...0165,https://bscscan.com/tx/0x5d5a56a3a2334aa25b20ae40f86bd21025b4a7c95f0bac29ad5cd047812f44d6
2023-03-26 16:07:20,False,1.544e-07,4.707e-10,540576098.0,2.54485,0x2a...576a,https://bscscan.com/tx/0x61d1c46047e33b8b922a5febf53ec4ffa1e16b040c57998ce2469607f8b3f395
2023-03-26 16:06:44,False,1.546e-07,4.712e-10,278932430.0,1.3144,0x08...af7e,https://bscscan.com/tx/0xf159281997e202953db015196b02f2eb020a1ff236fc423d317c7bd286967bd6
2023-03-26 16:05:02,True,1.545e-07,4.731e-10,1107536385.0,5.24,0x1b...7f6d,https://bscscan.com/tx/0xdd6287634968c66c807369a6a72418e5e25f6b4643a44bffac8b24f6570ddd67
2023-03-26 16:04:50,True,1.541e-07,4.719e-10,930130648.0,4.39,0xde...fa58,https://bscscan.com/tx/0xf210c56a9a1d3cfca1b0535686a5b04ef01b3ad349dae1eea619f2b94d5f5034
2023-03-26 16:04:08,True,1.546e-07,4.71e-10,806787894.0,3.8,0x2a...576a,https://bscscan.com/tx/0xcf6d3a1a980de1d794a8ce25d482cb71f249ee27309f448e8b9ae0f1dcd3b9cd
2023-03-26 16:03:38,True,1.536e-07,4.702e-10,621004450.0,2.92,0x08...af7e,https://bscscan.com/tx/0x7d2673a405f434fd091954817c63d2a9790f81edf182248af98623c614f3393f
2023-03-26 16:01:47,False,1.536e-07,4.678e-10,524233554.0,2.45239,0xde...fa58,https://bscscan.com/tx/0x6166e3671d986485e341f64f672416b3091464d432871443748e726f00da487b
2023-03-26 16:01:23,False,1.539e-07,4.687e-10,1173108879.0,5.4989,0xec...0165,https://bscscan.com/tx/0x8aef98307360eabbcacde1e20864fe7b018a753ab224c8c3a3bfd7db793af168
2023-03-26 16:00:32,False,1.534e-07,4.696e-10,480254441.0,2.25559,0x08...af7e,https://bscscan.com/tx/0xfc2e14843a81ede8673b12cadbca35080b5c69d0d3618812d74e05b2a3891002
2023-03-26 15:58:56,False,1.543e-07,4.704e-10,842055756.0,3.96105,0x1b...7f6d,https://bscscan.com/tx/0xfdde6d31e6db3bcae9905a4da8e24a3c01b298193d8e0a8cd80ce450633292fe
2023-03-26 15:58:47,True,1.551e-07,4.729e-10,594204813.0,2.81,0xde...fa58,https://bscscan.com/tx/0xb460ad801b5a7d0fce4250c913f118b1e3186883333f92624d0eff2163dd76e8
2023-03-26 15:58:14,True,1.548e-07,4.72e-10,896066523.0,4.23,0xec...0165,https://bscscan.com/tx/0x96a56b24a434446cd0fc508b9948d5c1ef17b2a98a96f283d8b0fe07134cf26c
2023-03-26 15:57:26,False,1.54e-07,4.695e-10,646241160.0,3.03453,0x08...af7e,https://bscscan.com/tx/0x26a3c5a0165fab22d25fcccdc7a1925897447ec1ed4055ccf4f8361872dc4c02
2023-03-26 15:55:53,True,1.547e-07,4.717e-10,979364910.0,4.62,0x1b...7f6d,https://bscscan.com/tx/0x117eebfea51a19e0e2334e3fd8b8bea32c27850d7257610603aef45b0aa680eb
2023-03-26 15:55:08,False,1.539e-07,4.692e-10,825924831.0,3.87601,0xec...0165,https://bscscan.com/tx/0x5bb8421f6b61bc411edf32bdb205f9c7b75f8878e01d51f22cbcfcc6217410b8
2023-03-26 15:53:14,True,1.54e-07,4.72e-10,17581024.0,0.083,0xd8...5cca,https://bscscan.com/tx/0xebe14a81ecf7f358fb72a065a54a53d09d041b81194b6a0c21c079bfd1b62e2b
2023-03-26 15:52:53,False,1.541e-07,4.7e-10,588634547.0,2.76694,0x1b...7f6d,https://bscscan.com/tx/0x641a909f7eda8bbc5d688d45c1b108c3a9864c5013fe01a9106ada24a191e5d0
2023-03-26 15:51:59,True,1.55e-07,4.724e-10,620235930.0,2.93,0xec...0165,https://bscscan.com/tx/0xa89adbe9df8bb8f3af8489c47e2f6a5621dd6b2e3c8c5f3992da10b446f3d6e0
2023-03-26 15:51:29,True,1.547e-07,4.719e-10,97458005.0,0.46,0xbe...af03,https://bscscan.com/tx/0x007877db37754f04f15d3904279f6abdb1ce8fa423c784a5e35956ebbf5e95b9
2023-03-26 15:51:26,False,1.541e-07,4.701e-10,998924446.0,4.69639,0x2a...576a,https://bscscan.com/tx/0xe9fc51a0b6419dd55b7bc1716d825fd93213d15e3bcd9120619faec805d2e11d
2023-03-26 15:51:17,True,1.541e-07,4.724e-10,1062511580.0,5.02,0x08...af7e,https://bscscan.com/tx/0xe848cd5216229c55dea060c02fa42a848fc502a3878688a9cf5dd288e2332929
2023-03-26 15:49:38,False,1.533e-07,4.7e-10,1049225832.0,4.9324,0xde...fa58,https://bscscan.com/tx/0xa99de7736938f3ad90163e539195375c35e676222f09699f197453c9647ea2e4
2023-03-26 15:48:50,False,1.545e-07,4.71e-10,661311593.0,3.11513,0xec...0165,https://bscscan.com/tx/0x0229be852680ef2043498da2c1bade39d89276b19e279485c075ba17b917fcc4
2023-03-26 15:48:17,True,1.544e-07,4.732e-10,974136348.0,4.61,0x2a...576a,https://bscscan.com/tx/0xee8f3d278a733814c5ac7b5d2d1debe09c5bfa466f5702635577f29abe655add
2023-03-26 15:46:47,False,1.542e-07,4.705e-10,341176283.0,1.60531,0x1b...7f6d,https://bscscan.com/tx/0x87b9866ad91c454e80c9f47e31575621b178f22df1b0f0badb4997accf586854
2023-03-26 15:45:41,True,1.541e-07,4.724e-10,1085798132.0,5.13,0xec...0165,https://bscscan.com/tx/0x6cc1132435e74f8d25988b383d6407876100df5c03e0d0e1d30b145051805766
2023-03-26 15:43:35,True,1.545e-07,4.714e-10,663864357.0,3.13,0xde...fa58,https://bscscan.com/tx/0x99ea6d461b422426233b4e705443a5bb6931e468acc7d876d13aa20d3e94d3f2
2023-03-26 15:43:17,True,1.536e-07,4.711e-10,8702931.0,0.041,0x78...f3cd,https://bscscan.com/tx/0x68bddf1679f6f5ca4ff77675ade142379aa1bcc27d00ffa20feb2c4a1c40699a
2023-03-26 15:42:32,False,1.538e-07,4.692e-10,865055856.0,4.0591,0xec...0165,https://bscscan.com/tx/0x3473f5e5b38528488e046e46bc13fbf54074014616ba1c30de5cc2c77b2800a9
2023-03-26 15:41:59,True,1.546e-07,4.717e-10,555371738.0,2.62,0x08...af7e,https://bscscan.com/tx/0x58b66100235d18eeeb5070facf85c516de082fde00cc185fb4253dc4be2d34c2
2023-03-26 15:41:56,False,1.539e-07,4.694e-10,662903771.0,3.11207,0x2a...576a,https://bscscan.com/tx/0x2d29331213fe531d821def7d86598748bc62e26f2bcdba474232f21341365a1d
2023-03-26 15:41:26,False,1.541e-07,4.701e-10,581212811.0,2.73259,0xde...fa58,https://bscscan.com/tx/0x8e5e5d612cee66978c2dbd8a93c01f3041631bf1b7a6db2e175e8bcb64449f36
2023-03-26 15:39:23,False,1.535e-07,4.707e-10,413331372.0,1.94559,0xec...0165,https://bscscan.com/tx/0x0a78ef1084b3ce8672235e6cfe9552599630fc01930aaa93bbfa99d2f2bc690f
2023-03-26 15:38:47,True,1.541e-07,4.73e-10,397396699.0,1.88,0x2a...576a,https://bscscan.com/tx/0x6183c52a9432998e82d8c1c26c21d22bdf06f681e2733347014ea051ef682004
2023-03-26 15:37:38,False,1.541e-07,4.706e-10,270469395.0,1.27295,0x1b...7f6d,https://bscscan.com/tx/0x8866f12cebf740fcd0f8f2e1e1af6e86159b6417971028f9ea3eccfb11be56f8
2023-03-26 15:37:29,True,1.547e-07,4.724e-10,1233955541.0,5.83,0xde...fa58,https://bscscan.com/tx/0x2876a094032d89e923f7f55337f84f674040f67e0baed36b5212f1641a08a463
2023-03-26 15:35:48,False,1.53e-07,4.697e-10,625125331.0,2.93662,0x08...af7e,https://bscscan.com/tx/0xd1bc893648fee3e5a73040ad5676dd44d85a63087b305d0a4847a11598f36d32
2023-03-26 15:34:27,False,1.533e-07,4.706e-10,899359625.0,4.23253,0xde...fa58,https://bscscan.com/tx/0x4ef4ed4e20142111227f7e73e13780120affa792e4efceccd26f113f033561b6
2023-03-26 15:33:07,True,1.541e-07,4.732e-10,382448278.0,1.81,0xec...0165,https://bscscan.com/tx/0x37ebe9aeb769451e04e06ceaaf63203ca70d1d85ec72c224b7a984718adb4eb9
2023-03-26 15:32:25,True,1.547e-07,4.726e-10,715119017.0,3.38,0x2a...576a,https://bscscan.com/tx/0x21136afc502f0dd0cd624ccae0ce372a063d658e48a7592ac49b96195a3d9898
2023-03-26 15:31:34,True,1.543e-07,4.715e-10,1253331225.0,5.91,0x1b...7f6d,https://bscscan.com/tx/0xde638bff4ed0783ede902e9be638d02a4b18b7287eee072e52448357f395e1c1
2023-03-26 15:31:25,True,1.54e-07,4.703e-10,812095247.0,3.82,0xde...fa58,https://bscscan.com/tx/0xa0304c62d365ed6c4433b78d2c0d66b7150fc6b1553db0d4f03a83174ead2ebd
2023-03-26 15:29:58,False,1.531e-07,4.678e-10,464936548.0,2.17519,0xec...0165,https://bscscan.com/tx/0x382d75d5bcd34c899215916bd6e41d2820352dbb860974105500c9b2ed59b002
2023-03-26 15:29:37,False,1.533e-07,4.683e-10,357634266.0,1.67481,0x08...af7e,https://bscscan.com/tx/0x1eedc86c730d6eb2cfdb757be7b94b166beb101136ff61c3084bbf041dd3b672
2023-03-26 15:29:16,False,1.535e-07,4.689e-10,842615237.0,3.95161,0x2a...576a,https://bscscan.com/tx/0xa19acc20059ee0038fbea6a68722e7b77f7a4e24124eea6e38f3a2094d7826e6
2023-03-26 15:28:31,False,1.537e-07,4.696e-10,323523103.0,1.51932,0x1b...7f6d,https://bscscan.com/tx/0x076af3bbab819f33be8b3e6aa7686c698ab11fb9f0511dd6990ae27071d24207
2023-03-26 15:26:04,False,1.538e-07,4.701e-10,558943156.0,2.62765,0x2a...576a,https://bscscan.com/tx/0x15737f7ec47c3264cd925b503781d6b3c47588797dc57dfbbb7e8874395fdf7a
2023-03-26 15:25:16,False,1.541e-07,4.71e-10,1042112988.0,4.9084,0xde...fa58,https://bscscan.com/tx/0xb1b6f12a062c3d8cc5b1a79dbb704a2a4df7f231ed66c58bc2a35ce573f69fd5
2023-03-26 15:23:40,True,1.549e-07,4.733e-10,1128208146.0,5.34,0xec...0165,https://bscscan.com/tx/0x0666ccb920162af35ef96ea052beb7837a59489d798621456311a050cfd1a574
2023-03-26 15:22:28,False,1.54e-07,4.706e-10,560878252.0,2.63969,0x1b...7f6d,https://bscscan.com/tx/0x906d642e8b1563bdf39b531c0cc3935ab5efe5ee6d310c692472130baff90ba2
2023-03-26 15:20:34,False,1.543e-07,4.716e-10,1210751285.0,5.71024,0xec...0165,https://bscscan.com/tx/0x8beea54925f0c6074b8ebb2933ad3b59954a024db17ddedcf63e5a75eec17463
2023-03-26 15:19:25,True,1.551e-07,4.74e-10,1153951419.0,5.47,0x1b...7f6d,https://bscscan.com/tx/0x90a903d707a33a5c8736881be369e09a49091e65eb832786fe7318fb4ecf0756
2023-03-26 15:19:16,True,1.547e-07,4.73e-10,623650713.0,2.95,0xde...fa58,https://bscscan.com/tx/0x2c9506d28e46b7c795181f1ea6facf5f626731958f455b742c59ac15d3716928
2023-03-26 15:16:16,False,1.539e-07,4.704e-10,247157770.0,1.16274,0xde...fa58,https://bscscan.com/tx/0x3e3f2d1991957a31f2627f61875324092d38bfa854998a675de245d231ed41ab
2023-03-26 15:14:16,False,1.54e-07,4.708e-10,545475355.0,2.5686,0x08...af7e,https://bscscan.com/tx/0x523fd832db592429f141c1256ce401570bd0db05ebc100a4b0977d7c11877051
2023-03-26 15:13:19,False,1.542e-07,4.715e-10,619760597.0,2.92244,0x1b...7f6d,https://bscscan.com/tx/0x9a92b932434e3b3cc6f9831cbdafe72bfbfd164d78b083e2f5dfa7d596bb3338
2023-03-26 15:13:07,True,1.543e-07,4.739e-10,533803226.0,2.53,0xde...fa58,https://bscscan.com/tx/0xf0fc24a07770e847e8646c756a8aa263a35106eab3887690dd05ade689cc7ac1
2023-03-26 15:10:13,True,1.548e-07,4.734e-10,399213363.0,1.89,0x2a...576a,https://bscscan.com/tx/0xa895f7be2bff107171029cf2817a230a5655eb93bd9369329f647fa0c0223d65
2023-03-26 15:10:04,True,1.547e-07,4.729e-10,469402480.0,2.22,0xde...fa58,https://bscscan.com/tx/0x42cc06c930d6add60ae18fcf7b500d59fba99a4112d30170407f4a024ea4be6c
2023-03-26 15:07:58,True,1.536e-07,4.72e-10,1107922268.0,5.23,0xec...0165,https://bscscan.com/tx/0x31d90289252169d5653d00b37cc230a0f5e00070bbe06c915e527bcfb68aba5a
2023-03-26 15:07:13,True,1.534e-07,4.71e-10,662332004.0,3.12,0x1b...7f6d,https://bscscan.com/tx/0x7cfce0fad4e3216e018a393c6c949e6d41ee69f44ddb96e351667929cc9c76cd
2023-03-26 15:07:04,True,1.539e-07,4.705e-10,335809391.0,1.58,0x2a...576a,https://bscscan.com/tx/0xb586b914900813970b0cc83b2c8f54a938484d52996a1edf35d80756f3b335d9
2023-03-26 15:05:46,True,1.539e-07,4.703e-10,9925323.0,0.0466,0xdc...dab3,https://bscscan.com/tx/0x0ebb10d57787ccff9c3c1f67bade05c06febf755f1fdfaff2427c33c166d4ecb
2023-03-26 15:04:55,True,1.529e-07,4.695e-10,1360885395.0,6.39,0x08...af7e,https://bscscan.com/tx/0xa45abe43e0bf56a7521dee7b473a201931424d12a530c771480b02a06fb0122e
2023-03-26 15:03:58,False,1.527e-07,4.667e-10,592973733.0,2.76787,0xde...fa58,https://bscscan.com/tx/0xb5ad96963daa86a00cfe893782c80dd774c8794bbf6cea54aecd7590f9418cc9
2023-03-26 15:03:52,False,1.522e-07,4.676e-10,957850629.0,4.47923,0x2a...576a,https://bscscan.com/tx/0x171405ad16f3f75d3a30fdb7e715eff8a178d074bd1f6bfb24f36ddcfb897156
2023-03-26 15:01:43,False,1.533e-07,4.684e-10,594443267.0,2.78494,0xec...0165,https://bscscan.com/tx/0xae80ff8885d5bd4bf83dfd70f5bf7c458a38d43a15d09fe218fa022954654965
2023-03-26 15:00:43,True,1.539e-07,4.705e-10,1192322595.0,5.61,0x2a...576a,https://bscscan.com/tx/0x6b7a3de29e8982eb5ff41f014d557b1172ad52ba16225038940e264482e6622d
2023-03-26 14:58:37,True,1.527e-07,4.692e-10,992985101.0,4.66,0xec...0165,https://bscscan.com/tx/0xb235a6bde7be0e7db853b66b6ee7b27d36f5cde13ec47af614677c856b8ef33c
2023-03-26 14:55:40,False,1.527e-07,4.67e-10,1142610618.0,5.33635,0x08...af7e,https://bscscan.com/tx/0xc9d4d87c1a90f8dbeec0377c304717878b629e2a6035b76261220632601fb73a
2023-03-26 14:55:01,False,1.523e-07,4.679e-10,576755991.0,2.69911,0x1b...7f6d,https://bscscan.com/tx/0x26e2b503113ff20481c5abe77b5e96a39d070aeb2b89e76c7371bd9d62b2c871
2023-03-26 14:52:34,True,1.538e-07,4.7e-10,1093522795.0,5.14,0x08...af7e,https://bscscan.com/tx/0x118cdba5c3f0188431d544c224e38565356198a8f288f2bf83095dc22f50903f
2023-03-26 14:52:19,False,1.522e-07,4.674e-10,714744665.0,3.34131,0xec...0165,https://bscscan.com/tx/0x9d659a15fc07f225314356bf7995ad2488669ef62339eee9b64c41589982c7aa
2023-03-26 14:51:13,True,1.537e-07,4.699e-10,555417985.0,2.61,0x2a...576a,https://bscscan.com/tx/0xf3bccbbf7c488fec74d49d159c65a7267ea2ad4b0a744b6fc59b2bc0b75e5146
2023-03-26 14:49:28,False,1.529e-07,4.675e-10,439756056.0,2.05588,0x08...af7e,https://bscscan.com/tx/0x7525084b7bf3cd85be2597b39114efc99fca66a1db065bda6baa1e72c9a39de8
2023-03-26 14:49:10,True,1.536e-07,4.698e-10,440565884.0,2.07,0xec...0165,https://bscscan.com/tx/0x31660e8fe8a91d42c160c6191e2f5e4b86fd6923587c5831c558287bf3e7a032
2023-03-26 14:48:58,False,1.528e-07,4.674e-10,362166634.0,1.69299,0x1b...7f6d,https://bscscan.com/tx/0x2b05b3644eca26ab19f29518d2a6a4ef4bc7926e125a1825c8fa0a11a05b913b
2023-03-26 14:48:49,False,1.529e-07,4.678e-10,291135411.0,1.362,0xde...fa58,https://bscscan.com/tx/0x714375f89dd0fdb5c9e77de9b0d0294a12a43c37e7322d2fda324221e0dea2f7
2023-03-26 14:48:01,False,1.526e-07,4.686e-10,1162733886.0,5.44891,0x2a...576a,https://bscscan.com/tx/0x898b1423ffe8c320feb5cfec7c43b71d9e8bf24bfe1f9c21bb18e96536d275ed
2023-03-26 14:46:22,False,1.53e-07,4.696e-10,741382271.0,3.48218,0x08...af7e,https://bscscan.com/tx/0x1140172ef517d1690a79af7c2df9efed053fe40192cb19445f00d7a97f19444a
2023-03-26 14:46:01,False,1.541e-07,4.706e-10,1044755924.0,4.91751,0xec...0165,https://bscscan.com/tx/0xe5978dfe5c6d13d24a3948d9f7da9c0a761e5ce92375ebd36b3fe2b418007a92
2023-03-26 14:45:55,True,1.542e-07,4.731e-10,800961390.0,3.79,0x1b...7f6d,https://bscscan.com/tx/0xbe59fef01ae9c54318aa934aa955f8a19082abe176cb898cc9ffabc2eea7ddfe
2023-03-26 14:45:46,True,1.54e-07,4.725e-10,344946742.0,1.63,0xde...fa58,https://bscscan.com/tx/0x2649474944d8373667915fd4209b07104ad059a0047de824525c37fba4f41c37
2023-03-26 14:44:43,True,1.54e-07,4.722e-10,108839502.0,0.514,0xf2...6172,https://bscscan.com/tx/0x2bfb841560b69e6bca1a2666c3d7a31b1dd761a80bc5478c000cd1c6bddb0e24
2023-03-26 14:43:34,False,1.539e-07,4.698e-10,30380666.0,0.1427,0xfd...6f59,https://bscscan.com/tx/0x8a15079768be2798b82da87068a869228821563d177cff15318d77b1fae533aa
2023-03-26 14:43:04,True,1.545e-07,4.717e-10,888171243.0,4.19,0xec...0165,https://bscscan.com/tx/0x821f840cb9103ec793622de7f157d06c172d1a46edabce78be7e9f2fff4f6b9b
2023-03-26 14:41:40,True,1.543e-07,4.71e-10,341777180.0,1.61,0x2a...576a,https://bscscan.com/tx/0xd0c61e9450ebd5351048678dff7a013f862cbcff5f93da4b34ea21eaa622a399
2023-03-26 14:39:49,False,1.528e-07,4.687e-10,468348268.0,2.19555,0x1b...7f6d,https://bscscan.com/tx/0x59f71e0f85227759e8804a566137655b11c6cf6d72e6ee4120889e41b53cbd1c
2023-03-26 14:39:43,False,1.53e-07,4.695e-10,912420787.0,4.2843,0xec...0165,https://bscscan.com/tx/0x3155d4918a02364b301f06864e621f6825273710d13c543975d3fcb060691679
2023-03-26 14:39:40,True,1.547e-07,4.722e-10,357884679.0,1.69,0xde...fa58,https://bscscan.com/tx/0x90be933f0bc0b670977ef5212fbbd3766aa9671895b03304df94f18fce1ddcd4
2023-03-26 14:38:34,False,1.54e-07,4.701e-10,858239930.0,4.03493,0x2a...576a,https://bscscan.com/tx/0x09d9d1903ab988e9857aed20b0494d20510e1339a1c6b72734517177536272d0
2023-03-26 14:34:01,True,1.547e-07,4.723e-10,1132650732.0,5.35,0x08...af7e,https://bscscan.com/tx/0x0090376fac52f8b28d2b26069b48353cea6180922861beb7db7244dac83625bf
2023-03-26 14:32:10,True,1.544e-07,4.713e-10,568532347.0,2.68,0x2a...576a,https://bscscan.com/tx/0x9f1ac70f739ca1d52d863af364b2a2899475e2693c71bd53e47f5b98338ccf9a
2023-03-26 14:30:55,True,1.535e-07,4.708e-10,331290599.0,1.56,0x08...af7e,https://bscscan.com/tx/0x5b01017bfcc651069716fa8bc3084c93e8dc3192eb65f70157fc770d88eb9d9b
2023-03-26 14:30:43,False,1.528e-07,4.689e-10,1005096290.0,4.71299,0x1b...7f6d,https://bscscan.com/tx/0x3cfd7df9eda3a85868f39d336c99cec706e26211622ba009112651c512bac90b
2023-03-26 14:27:49,False,1.532e-07,4.701e-10,1226854966.0,5.76808,0x08...af7e,https://bscscan.com/tx/0x0877ee3c3763e2f617532ad41b624eb8b8e3bd23e614df276b6447be76599d7a
2023-03-26 14:27:43,False,1.535e-07,4.71e-10,407608324.0,1.9201,0xde...fa58,https://bscscan.com/tx/0x8cef4a865476b4aa5a71e54efc92cc219376ef7930c30a39bc7fd7f74193999d
2023-03-26 14:27:13,False,1.537e-07,4.714e-10,330524306.0,1.55835,0xec...0165,https://bscscan.com/tx/0xc71c491a6f92a7d2d8e02822e8a20b97fdd1061c6bb293fc64e9bb9e81727edb
2023-03-26 14:24:43,True,1.544e-07,4.737e-10,565746626.0,2.68,0x08...af7e,https://bscscan.com/tx/0xd36a04b8a06fad1ca98b988171e17305f64c529a8bf95e2c5800c585e56ae0f0
2023-03-26 14:24:25,False,1.544e-07,4.711e-10,279559942.0,1.31724,0xde...fa58,https://bscscan.com/tx/0xccbf1c2ea6a2b7790ba9fe3c331b8b1bbc10c212aedc98db239c448e63413b9c
2023-03-26 14:22:40,False,1.546e-07,4.717e-10,818910070.0,3.86346,0x2a...576a,https://bscscan.com/tx/0xf911ee836394671da272d0d4ec5a6f5ad11d52209bb3fd76cd7dc77d01fccbb9
2023-03-26 14:21:37,False,1.549e-07,4.725e-10,545960861.0,2.58003,0x08...af7e,https://bscscan.com/tx/0x8f9fe38e5b0cbb6e9683dd5d0d19a9fb1f41f2a9abd5199c6f82942ae47c791b
2023-03-26 14:21:22,True,1.549e-07,4.749e-10,444215874.0,2.11,0xde...fa58,https://bscscan.com/tx/0x9e3362bc3d37d792a88dc6803841f4438e307fe42e79a679a6672f192195c42d
2023-03-26 14:20:52,True,1.546e-07,4.74e-10,1181249385.0,5.6,0xec...0165,https://bscscan.com/tx/0xfe1f13de931120065cee4935df8242fbe5f48530b557b7fec50de682aadc5642
2023-03-26 14:18:34,False,1.544e-07,4.712e-10,429403645.0,2.02371,0x08...af7e,https://bscscan.com/tx/0x09fcb85a3819b36ea2b55af085fd6875a135ac436967b2cfc6eddcbbe0e42934
2023-03-26 14:18:31,True,1.551e-07,4.732e-10,1210883915.0,5.73,0x1b...7f6d,https://bscscan.com/tx/0x140c24e90e4d2dcf3bbe1a72f3593524f96ff20efaf25804efb71b026203f099
2023-03-26 14:18:22,False,1.535e-07,4.708e-10,1165734831.0,5.48851,0xde...fa58,https://bscscan.com/tx/0x24fc49ffc73a8b3967faf6ad7fa755051c2b3f10b6a193d664612bee57945458
2023-03-26 14:17:43,False,1.539e-07,4.718e-10,668803113.0,3.15572,0xec...0165,https://bscscan.com/tx/0x9135e7d67f3252816c763b3054f53b42563af0afbb02982a84b6ad12e8b0f606
2023-03-26 14:15:19,True,1.546e-07,4.743e-10,474360451.0,2.25,0xde...fa58,https://bscscan.com/tx/0x6df3eec9be7661106012a5de4674b55e29cdb8595f44e3b228de2c2dbc04bf87
2023-03-26 14:14:34,True,1.544e-07,4.736e-10,673458340.0,3.19,0xec...0165,https://bscscan.com/tx/0xfbd95a376273c2ea940ea0bf9371b13b8e661f77456e34747b7dd3765657d993
2023-03-26 14:12:31,False,1.536e-07,4.711e-10,305373720.0,1.43862,0x1b...7f6d,https://bscscan.com/tx/0x2165b41b91a76db11935bcb7d6850e08bb099eb30e77b7c0c0752195e4021c25
2023-03-26 14:12:19,False,1.537e-07,4.715e-10,503748404.0,2.37546,0xde...fa58,https://bscscan.com/tx/0xd11cb99415c79b5b6eab7c722f5ad03962f4cab2fccf7f0d0ba5d4ecc29744e6
2023-03-26 14:09:23,True,1.545e-07,4.739e-10,497969661.0,2.36,0x1b...7f6d,https://bscscan.com/tx/0xae51bddd2d386bfd5526b4b51a6afd2bc622fba3ef7a1f38573eae9cee5e4e2d
2023-03-26 14:08:17,True,1.543e-07,4.733e-10,585236001.0,2.77,0xec...0165,https://bscscan.com/tx/0xe4aaf1681f49b2c33567791977080150239ca9eb06127462a73ba0ad8e0d6a9b
2023-03-26 14:05:11,False,1.534e-07,4.708e-10,423187874.0,1.99262,0xec...0165,https://bscscan.com/tx/0x7bb742fdd96cb05966a528448bc28da667f3d66052a8db9b2f735e851084500f
2023-03-26 14:03:38,True,1.542e-07,4.732e-10,321163996.0,1.52,0x2a...576a,https://bscscan.com/tx/0x6e549cd82f572d3ef771a922655fbb6d4eebf8b68f26ee179735186f1f4d0545
2023-03-26 14:00:17,False,1.534e-07,4.713e-10,1011842117.0,4.76883,0x1b...7f6d,https://bscscan.com/tx/0xa8c52745006f17fd1d6168faad378109fa73120f8e94e9c514ff49dc13fad4f6
2023-03-26 14:00:02,True,1.543e-07,4.738e-10,694321239.0,3.29,0x08...af7e,https://bscscan.com/tx/0xf07164f10d09c0a378d70005477319682f5194e57a65ce712e0add7b0de9d17d
2023-03-26 13:58:53,False,1.542e-07,4.714e-10,608650993.0,2.86936,0xec...0165,https://bscscan.com/tx/0x6441ae4567522a7e9f1c2269d614cfd422c56b52d88fb1d98d49cef65c0519d8
2023-03-26 13:57:14,False,1.542e-07,4.719e-10,295484099.0,1.3945,0x1b...7f6d,https://bscscan.com/tx/0xae54eb8aad77aea7f59c561a22e348fdcd1a29fece7c539ec315808b3229ad27
2023-03-26 13:56:59,False,1.543e-07,4.722e-10,261767174.0,1.23619,0x08...af7e,https://bscscan.com/tx/0x8d683d0da1b105afe0ed438dac055ed6687f4ceeb6ce86580cf9597a1847b7f8
2023-03-26 13:55:44,True,1.542e-07,4.744e-10,611271827.0,2.9,0xec...0165,https://bscscan.com/tx/0x1796698227aa5af92f21a5b21a446a68ec9d0c70d20055f98341e9f7fe390716
2023-03-26 13:54:11,False,1.541e-07,4.718e-10,264377327.0,1.24748,0x1b...7f6d,https://bscscan.com/tx/0x917ac6918d23d6bea0d37d8a06ca6f418dc439dedd354c44b22cb689f775d947
2023-03-26 13:53:59,True,1.549e-07,4.74e-10,527342444.0,2.5,0xde...fa58,https://bscscan.com/tx/0x970523ebea2e3e38275733f548d376ec08f499d87603481b548b7871aa0f4ce0
2023-03-26 13:53:50,True,1.545e-07,4.731e-10,1103232253.0,5.22,0x08...af7e,https://bscscan.com/tx/0xae8a835fd9e00dee2c37b914763b75a4bdef9cba106267106a96b98fd37243d9
2023-03-26 13:52:35,False,1.538e-07,4.708e-10,1237001348.0,5.82463,0xec...0165,https://bscscan.com/tx/0x5d4661aef16b5a1ac43f12c1e0819db43698cdce6bc2c8677cec2c17c1014921
2023-03-26 13:51:44,True,1.539e-07,4.739e-10,27431378.0,0.13,0xbe...af03,https://bscscan.com/tx/0xb3aca1dd183129b436c6febf3c652edda5d89fc4e28721cca5ea98b4b34a8160
2023-03-26 13:49:26,True,1.537e-07,4.731e-10,1238389364.0,5.86,0xec...0165,https://bscscan.com/tx/0x1b81ac49ed4feb5b92fa6ddaf27481d8ba3907773cc48844272efe18e74e40ec
2023-03-26 13:48:11,True,1.54e-07,4.718e-10,1161395449.0,5.48,0x1b...7f6d,https://bscscan.com/tx/0xa9cb76cc405dbb9992d75ac39c41651b04fd51c2be2903ad2b84a0a60e741dca
2023-03-26 13:47:56,False,1.532e-07,4.69e-10,352004986.0,1.65104,0xde...fa58,https://bscscan.com/tx/0x453b269bdd9328b22239cb8b5f1230b99fa251a036a1f64c0b385c7c6be1f19b
2023-03-26 13:45:02,False,1.529e-07,4.698e-10,1140925162.0,5.36087,0x1b...7f6d,https://bscscan.com/tx/0x645c2c3c63bc90cced537f8715fc7d4c54d5a6df828cc06d5a8c9e98a2a4245f
2023-03-26 13:44:53,True,1.537e-07,4.725e-10,620081452.0,2.93,0xde...fa58,https://bscscan.com/tx/0x1511c583e0a8878f37cbfa00e7b6288ffaee1d07af2486e6ab9c25a50dc74c09
2023-03-26 13:44:35,True,1.534e-07,4.714e-10,1228045117.0,5.79,0x2a...576a,https://bscscan.com/tx/0x358a2f34595366d6b984ab962e2251185209ab2ffe28c7d5f628e8ce9b79dbe4
2023-03-26 13:43:14,False,1.526e-07,4.689e-10,997872577.0,4.68001,0xec...0165,https://bscscan.com/tx/0xfd23031bf9a23dbe3fdea2a30de37ed4f851cfdbfdb3530c6612414f9d834a0a
2023-03-26 13:41:50,True,1.534e-07,4.715e-10,727464009.0,3.43,0xde...fa58,https://bscscan.com/tx/0xe8a9bf189ea77c088ac8a3371b949031703154f58c06ca120a440002b9824067
2023-03-26 13:38:38,False,1.533e-07,4.687e-10,6091168.0,0.0285,0xe2...47a1,https://bscscan.com/tx/0xce360b7de9dd9aba68215a8050a0aef6f13e4f9fda9d2273afe4b5a14e0781e7
2023-03-26 13:38:23,False,1.535e-07,4.691e-10,725355405.0,3.40302,0x08...af7e,https://bscscan.com/tx/0x141e01708fc45fcff74b5b4077af1b627e1c309a629e45beb7feef012ee2e15d
2023-03-26 13:38:14,False,1.537e-07,4.698e-10,529188875.0,2.4864,0x2a...576a,https://bscscan.com/tx/0x6c89624c350be5504702a46ba9e03437e80342b151ca6ee2998a65ee6394a06b
2023-03-26 13:37:38,False,1.538e-07,4.701e-10,64392329.0,0.3027,0xe2...47a1,https://bscscan.com/tx/0x259a6915bd0e488b8f7b5d6a5eb866eb64d46063f709b341f566e2971932c9ef
2023-03-26 13:36:53,True,1.537e-07,4.722e-10,516635862.0,2.44,0xec...0165,https://bscscan.com/tx/0xb4ff73ca5ba2d92dd0062f386ac66d60fa62a4daedc51488e96d739c694a45f9
2023-03-26 13:35:47,False,1.53e-07,4.699e-10,529312391.0,2.48742,0xde...fa58,https://bscscan.com/tx/0x5d432183a00f47d9718382c2ce75aa68c9d9cc1f61ab974705ef4b01ee901634
2023-03-26 13:35:24,False,1.539e-07,4.704e-10,314820638.0,1.48093,0x08...af7e,https://bscscan.com/tx/0xf8f539793dd9d7c976d4939ac4e7263725bafcecbe40f3574e3cd4f9e80040e2
2023-03-26 13:35:06,False,1.541e-07,4.71e-10,840620987.0,3.95976,0x2a...576a,https://bscscan.com/tx/0x58984ff16e972d90f1d2ba9bf6334f284f3526683f1ccd5144771aec6adf67fc
2023-03-26 13:33:45,False,1.536e-07,4.719e-10,762258086.0,3.59748,0xec...0165,https://bscscan.com/tx/0xabee42b6cb6cfc5bfb63dcdc2e0667d268d1525c085f5dbe8d90322b4e1eba7c
2023-03-26 13:32:55,True,1.552e-07,4.744e-10,590201768.0,2.8,0x1b...7f6d,https://bscscan.com/tx/0xe3b19409689c7071ccbf0c18e95a24de1de20ac7a7a4c99d7229118e4ab0b06a
2023-03-26 13:32:42,False,1.536e-07,4.719e-10,471659184.0,2.22613,0xde...fa58,https://bscscan.com/tx/0xea7bb3cb88492f9e6f6ec8aa6678c62d5245b468c7bb07a3683dc174cdc866a3
2023-03-26 13:31:56,True,1.55e-07,4.738e-10,1283006450.0,6.08,0x2a...576a,https://bscscan.com/tx/0xc7e2d3862005f4d925250216da6b7e13bfda7edc5e9bbef710e75756326fe040
2023-03-26 13:29:50,True,1.539e-07,4.729e-10,391167292.0,1.85,0x1b...7f6d,https://bscscan.com/tx/0x27202bae6aad3d7e4f17f8699e9a7fcee063afc19c3c9280c6b5ddaae44fae08
2023-03-26 13:29:38,False,1.532e-07,4.705e-10,394594782.0,1.8569,0xde...fa58,https://bscscan.com/tx/0x9049d5e0fb36ebf17d6139d498068c7c1d9136194ee9b57b5d516c5403d8e9c6
2023-03-26 13:29:05,False,1.533e-07,4.71e-10,438985203.0,2.06784,0x08...af7e,https://bscscan.com/tx/0x389e24caf6b6a37dd8e467ed4b5e450d497471f5d27001a86deb1bbccb32cad9
2023-03-26 13:28:44,True,1.548e-07,4.734e-10,445703578.0,2.11,0x2a...576a,https://bscscan.com/tx/0x916e92476a45856ba9cd3ab4d5dca1dde78c9905c69ba480aebcc8b107375bae
2023-03-26 13:26:50,False,1.533e-07,4.71e-10,403577922.0,1.90094,0x1b...7f6d,https://bscscan.com/tx/0xa4bdcae15f34c972d09cc00faee49ba337d8050f613a3dcbbee617c7395a56b3
2023-03-26 13:26:02,True,1.547e-07,4.729e-10,1188307574.0,5.62,0x08...af7e,https://bscscan.com/tx/0x7951462d8d8a896bdf68d55bf0df41da44894136d7a7776779a04261ef825043
2023-03-26 13:23:35,True,1.543e-07,4.718e-10,743871254.0,3.51,0xde...fa58,https://bscscan.com/tx/0x24b042f72823a703902263464cd50911e3e094e6df577ed84686f15a479be351
2023-03-26 13:22:56,False,1.528e-07,4.695e-10,789590640.0,3.70733,0x08...af7e,https://bscscan.com/tx/0xd37d35407dfaf7d125e8172af721b4a79c1e8da73b5f03f2742b0cbd4ab7c0ba
2023-03-26 13:22:23,False,1.538e-07,4.701e-10,255055910.0,1.19904,0x2a...576a,https://bscscan.com/tx/0xe753421b22282d0e0a29c4245abda7a888cc0f33ef8f18dd86e081269dd23626
2023-03-26 13:21:11,True,1.537e-07,4.722e-10,605587953.0,2.86,0xec...0165,https://bscscan.com/tx/0x530a09cb83b677e7ececbf104ccf6060350e554693dc14ea06ad7dd575b48c37
2023-03-26 13:20:44,True,1.542e-07,4.713e-10,1024708330.0,4.83,0x1b...7f6d,https://bscscan.com/tx/0x2b23a84e08b55fb53e2fb32ddc44f45e8d5cc2a25feb7dd51ea6e43ffdfb6b5b
2023-03-26 13:18:02,True,1.538e-07,4.704e-10,603686259.0,2.84,0xec...0165,https://bscscan.com/tx/0x3527c5dfee7f0e38f9ef635d7fb969cb2ebdb166afa40335dff97144efb588a1
2023-03-26 13:17:41,False,1.53e-07,4.679e-10,300098984.0,1.40424,0x1b...7f6d,https://bscscan.com/tx/0xe87197cbdd7a1bee85d2fef22bd70885a409e432b28db46e1215fb9c9c128a04
2023-03-26 13:17:29,True,1.537e-07,4.701e-10,525367578.0,2.47,0xde...fa58,https://bscscan.com/tx/0x119b1c6c85fd3b5e60678bfc486104b5bb743f04b60abaa925e6e7f0a9a82471
2023-03-26 13:16:44,True,1.527e-07,4.695e-10,474882924.0,2.23,0x08...af7e,https://bscscan.com/tx/0x3dd9e66500fa65cf662fc6769fd7752b50dbed86f4f817a140645f7b1c6a60c4
2023-03-26 13:12:53,False,1.528e-07,4.676e-10,1202347542.0,5.62275,0x2a...576a,https://bscscan.com/tx/0x3dd1f653742231432085d632c66714548696041f91dae82518c2aecd42351e06
2023-03-26 13:11:47,False,1.524e-07,4.685e-10,359375542.0,1.68372,0xec...0165,https://bscscan.com/tx/0xefd505d90bb79ef7a0db23ba7863d044e23afb88ef7e067045728a9653e84d8c
2023-03-26 13:11:35,False,1.525e-07,4.69e-10,562169704.0,2.63671,0x1b...7f6d,https://bscscan.com/tx/0xc9825602530974660e98f27cbe7dbb358cf58318c824ddbc0c9c534deeefee51
2023-03-26 13:11:23,False,1.536e-07,4.698e-10,955716283.0,4.49062,0xde...fa58,https://bscscan.com/tx/0x11976b4bbaa6c3e3eba897b5e9f4a3bfd0fc77ff8b7dcecfa22203f2bcc3ca6c
2023-03-26 13:10:35,False,1.538e-07,4.706e-10,429676156.0,2.02224,0x08...af7e,https://bscscan.com/tx/0x2c408546a0ffaad82dea491cf79d5ec5c926bd8599384fef61177bfef47313f7
2023-03-26 13:08:44,True,1.546e-07,4.73e-10,348800943.0,1.65,0xec...0165,https://bscscan.com/tx/0x6a41788a3d6eaad30f16adb0023bd9d45c95491753943b1db69a2cc0ca5b2cf1
2023-03-26 13:08:32,True,1.545e-07,4.726e-10,435879627.0,2.06,0x1b...7f6d,https://bscscan.com/tx/0xf50760f94d4d83e0af12473d644b4d967274b83dc66ff1ec2243cb7c9b58c77f
2023-03-26 13:07:29,False,1.529e-07,4.703e-10,685473818.0,3.22438,0x08...af7e,https://bscscan.com/tx/0xa85a5b8f40660f57606308f259c323c1dbf17f515dcfefa5c425ac8ccb7e1749
2023-03-26 13:06:32,True,1.544e-07,4.726e-10,786987245.0,3.72,0x2a...576a,https://bscscan.com/tx/0xf1d0e012c5f0c1bf60f9b4b7ef6da02fc9fca108cf6cc56e6ae93edbf93daba6
2023-03-26 13:05:29,False,1.529e-07,4.704e-10,934074678.0,4.39399,0xec...0165,https://bscscan.com/tx/0x4499a4eae5aec3ce5d8ab50dd1ce4eea78ae9c24732c9094a0232c2668180b3f
2023-03-26 13:02:26,False,1.541e-07,4.715e-10,1174579317.0,5.53921,0x1b...7f6d,https://bscscan.com/tx/0x3d6fe4cd18f359383b8feb63a592a88d2d218958648b505f3390a5349bdf7bb0
2023-03-26 13:02:17,True,1.55e-07,4.743e-10,451131087.0,2.14,0xde...fa58,https://bscscan.com/tx/0x0b99ae8ea1e245bd154cdc452cb2e7d98c5299bf4ee81f3f8fbc87a6c9b8e036
2023-03-26 13:01:17,True,1.547e-07,4.736e-10,869901464.0,4.12,0x08...af7e,https://bscscan.com/tx/0x3533d7a6e9abf2b5276120e81084cca437daccef641acdba0a0453ac63a99670
2023-03-26 12:59:11,True,1.536e-07,4.727e-10,687482171.0,3.25,0xec...0165,https://bscscan.com/tx/0xeb298c721567b4c30788a5f7f970846b77d5aa25f0cc29a1e5760737712958d6
2023-03-26 12:57:02,False,1.536e-07,4.702e-10,541956494.0,2.54881,0x2a...576a,https://bscscan.com/tx/0xf3d6f835b12f6bdcbc03efb752c76c0ee94cdb48482336026d1f5caee862effe
2023-03-26 12:56:23,True,1.544e-07,4.725e-10,787271343.0,3.72,0x1b...7f6d,https://bscscan.com/tx/0x3dcb18fd4a3dd6a38c8f5e632527415d4b6a73d87783521bc5ceadde84eded54
2023-03-26 12:56:11,False,1.528e-07,4.7e-10,575383538.0,2.70453,0xec...0165,https://bscscan.com/tx/0xe022634901327af3a9ff509c71ee4c5b5cbcd217c1d3ae4ec5b25a5d70f5e9a1
2023-03-26 12:55:08,True,1.543e-07,4.722e-10,813104791.0,3.84,0x08...af7e,https://bscscan.com/tx/0xb03412d069c9f0c9e170198a9d1268cedfcc513e38cf9176f29afb57b284876e
2023-03-26 12:53:50,True,1.54e-07,4.713e-10,867773775.0,4.09,0x2a...576a,https://bscscan.com/tx/0x44b4271b0eac54b223f409fd6248dcfaf60ee877a5f1cde937517ef6207b4a43
2023-03-26 12:53:20,False,1.531e-07,4.687e-10,496866456.0,2.32912,0x1b...7f6d,https://bscscan.com/tx/0x6bbe5943d61eaf4015355a10cbeafe6cd9b52ac21134726b0aec42dc57090891
2023-03-26 12:53:08,True,1.531e-07,4.712e-10,339558386.0,1.6,0xde...fa58,https://bscscan.com/tx/0x98ed97bc647015f44e4e681cd74724cab7927845adf88c181ef1005c00fa9915
2023-03-26 12:52:56,True,1.537e-07,4.706e-10,684192999.0,3.22,0xec...0165,https://bscscan.com/tx/0x7730e2d89728ddf49b6658f41462bbfcf9dc84108c3ad01fa57cd90ec9f341a4
2023-03-26 12:50:17,True,1.527e-07,4.697e-10,819518301.0,3.85,0x1b...7f6d,https://bscscan.com/tx/0xf6899b2b08a1d65114e13c265e64babc27e38f34b413bc5da643460ad6f7fcbc
2023-03-26 12:50:05,False,1.52e-07,4.676e-10,1236842969.0,5.78439,0xde...fa58,https://bscscan.com/tx/0xf3985e77f9da027d201d94e4c6bd82d5017a0e38df164c8e58fdfef26a66931b
2023-03-26 12:49:47,False,1.523e-07,4.687e-10,631461162.0,2.95971,0xec...0165,https://bscscan.com/tx/0xb474e43813f9b9399a239961f5baef855ff30449f18bf23e67f9fdf2b1988c1b
2023-03-26 12:46:38,True,1.53e-07,4.706e-10,1287465092.0,6.06,0xec...0165,https://bscscan.com/tx/0xcd4da0a9ea9b85a15e8a5335a3c919e42ad28cacfcffe3f54a8762d85834cd25
2023-03-26 12:43:29,False,1.528e-07,4.677e-10,301688532.0,1.41128,0xec...0165,https://bscscan.com/tx/0x7d398cd9f3f572530b81b24fd957af1779a73403ba68f415083af1a16e6bac04
2023-03-26 12:42:44,False,1.522e-07,4.681e-10,383684725.0,1.79631,0x08...af7e,https://bscscan.com/tx/0x0e4cedd0b71dc6c5fd40d068d45368ff11a2395a1651caa46a9707181e01743c
2023-03-26 12:41:08,False,1.524e-07,4.688e-10,917039964.0,4.29997,0x1b...7f6d,https://bscscan.com/tx/0x4532bfb1cf73a50735f2dfdd65d58fcd35d306455bbfb0878e7d260431682aa2
2023-03-26 12:40:59,True,1.54e-07,4.714e-10,545119625.0,2.57,0xde...fa58,https://bscscan.com/tx/0x1efa2971474dbeb620b99841477795fc321720d10afccbcea211e41cceaf2fb1
2023-03-26 12:40:23,False,1.524e-07,4.69e-10,377833090.0,1.77207,0xec...0165,https://bscscan.com/tx/0x4187357e23c948813bd38a07f6f28d3ace58094694e2439fc4453ae5a4cf281a
2023-03-26 12:39:41,True,1.532e-07,4.712e-10,541091167.0,2.55,0x08...af7e,https://bscscan.com/tx/0x6e81eba71e76c1866bb3f7b43ad9e5d64e3827e1e65346350c29c24604eec539
2023-03-26 12:38:05,True,1.53e-07,4.707e-10,416370773.0,1.96,0x1b...7f6d,https://bscscan.com/tx/0x49ab13430b46e235c4a6645f9bb1033a50258eec94d4416feba5129ad139c0c2
2023-03-26 12:37:11,False,1.531e-07,4.686e-10,836292872.0,3.91901,0xec...0165,https://bscscan.com/tx/0x10fc1d8b82389e81c46c329505a142e9b65ccf99d500e67cb3d12ba0e2ed5f4c
2023-03-26 12:36:35,False,1.527e-07,4.696e-10,1077112352.0,5.059,0x08...af7e,https://bscscan.com/tx/0x12d6cb726e27ba6a679422a67fcdf218d500bf12fe04fad797ccb2e4f07b55fa
2023-03-26 12:34:53,True,1.542e-07,4.72e-10,991349126.0,4.68,0xde...fa58,https://bscscan.com/tx/0xae5a85a42ab1e67c056671d9ddba828a4fb477537756bf9163b330f66319fd57
2023-03-26 12:33:29,True,1.539e-07,4.711e-10,598481172.0,2.82,0x08...af7e,https://bscscan.com/tx/0x22dd5de9ad78543def4523f4d8441935b9bf2db7effe1c9479c92ae36526c0c7
2023-03-26 12:31:50,False,1.531e-07,4.688e-10,631516593.0,2.96092,0xde...fa58,https://bscscan.com/tx/0x9e79481cb57160ad35ee24e1e5a8b35655969ff5e21580508aa10153f2d5ad2d
2023-03-26 12:31:41,False,1.533e-07,4.694e-10,507223522.0,2.38137,0x2a...576a,https://bscscan.com/tx/0x89903d1381dc97bb2e4e9762a6019778c7481a8014ae0a7e0e01a020316e6888
2023-03-26 12:30:56,True,1.541e-07,4.717e-10,659232124.0,3.11,0xec...0165,https://bscscan.com/tx/0xca3c5645329b30c26b00b055bb34669119df5a55b68d47ef3c92184553b00f34
2023-03-26 12:28:47,True,1.538e-07,4.709e-10,749514070.0,3.53,0xde...fa58,https://bscscan.com/tx/0x27a86b399fa29bcf7b6a7559bdfd71d6e69b0e5dfc245185ee43297678390c6f
2023-03-26 12:28:29,True,1.536e-07,4.701e-10,763624429.0,3.59,0x2a...576a,https://bscscan.com/tx/0x06136b7da8fb4ada78d911ed39847f14ee9c658cf4c899406aac98395fc0d549
2023-03-26 12:27:47,False,1.52e-07,4.677e-10,629044815.0,2.94207,0xec...0165,https://bscscan.com/tx/0xa0edeabfb476e98bcdbc0f98df112d9e3e917dc7304bb5b7d99d593873693108
2023-03-26 12:25:56,True,1.526e-07,4.698e-10,974765324.0,4.58,0x1b...7f6d,https://bscscan.com/tx/0xe1ccbb5879febe91e4f5f1786bfd09038902ba92d298492696b773fac6f0b4a2
2023-03-26 12:24:38,True,1.53e-07,4.685e-10,1286816394.0,6.03,0xec...0165,https://bscscan.com/tx/0xecc73ee17f04f92f8ef5ac7c37a2ee378cf331c3ab977d16dceae901f5e99fec
2023-03-26 12:24:14,False,1.514e-07,4.658e-10,469207340.0,2.1856,0x08...af7e,https://bscscan.com/tx/0x04c2cc6b81dea15ef05e4425dc4122555bbc96fabcee28f67b35e6331b41ba5f
2023-03-26 12:21:32,False,1.523e-07,4.663e-10,579935434.0,2.70473,0xec...0165,https://bscscan.com/tx/0x7c9f1135c63f57b3b27dbbeb0283521ec0c70b107a49d29b24415ee04dcfdbd8
2023-03-26 12:19:41,False,1.525e-07,4.671e-10,797887997.0,3.7273,0xde...fa58,https://bscscan.com/tx/0xdfae6f07df07a8661efdcd1b96c23eaa6884f825a3784a0f3f8ddf160ca042be
2023-03-26 12:18:59,False,1.52e-07,4.679e-10,664278100.0,3.10852,0x2a...576a,https://bscscan.com/tx/0xea963687da0059080ac8c9907060adeb71be686d7748a6d4ddac5ed73ab5ea56
2023-03-26 12:18:02,False,1.53e-07,4.687e-10,847771453.0,3.9743,0x08...af7e,https://bscscan.com/tx/0xe767ed550bbdeced3cd71114a4eafb3aa13bb7e7bcb05a6a9539f7725709cb51
2023-03-26 12:16:50,False,1.533e-07,4.697e-10,796626834.0,3.74183,0xec...0165,https://bscscan.com/tx/0x52f54a109aa89b3320fb9cc64fe6897e6b5f9fbbad1d3584f21d6345d9e736c9
2023-03-26 12:16:23,False,1.527e-07,4.701e-10,9410095.0,0.0442,0x0c...be0e,https://bscscan.com/tx/0x2519164dc39822416a9a26e43bd93ebcb68462812d92f0d49be9bf87a2b8d849
2023-03-26 12:15:47,False,1.528e-07,4.704e-10,461190823.0,2.16954,0x2a...576a,https://bscscan.com/tx/0x06f9ce1bffa534add3cb1ce2b455fac2838e45ccc87b8e195afd20d76dd9d738
2023-03-26 12:14:56,True,1.535e-07,4.725e-10,916355000.0,4.33,0x08...af7e,https://bscscan.com/tx/0x40467c6f31839a71353dace5ebd13b3b2174ac68d854a4e064499eb771fe85dd
2023-03-26 12:13:37,False,1.534e-07,4.699e-10,527327366.0,2.47816,0xde...fa58,https://bscscan.com/tx/0xddf2c21da23d77c5fd93d2fcad50861f22cae5479ca91759486c7fd5970201f7
2023-03-26 12:12:39,True,1.542e-07,4.723e-10,397987125.0,1.88,0x2a...576a,https://bscscan.com/tx/0x8e271119fca131b93eee3d6a7f264edcaf975b70bcf8476a9fc2d69baad4955c
2023-03-26 12:10:44,False,1.528e-07,4.704e-10,1201996571.0,5.65501,0x1b...7f6d,https://bscscan.com/tx/0x863dbf786e562c0ef719e46d6c1d3d73577d75ebbb35fd5d69ac19dbcef2c060
2023-03-26 12:08:56,True,1.537e-07,4.731e-10,557917228.0,2.64,0xec...0165,https://bscscan.com/tx/0xdaa2bb3be320836d40a125b3c6b295bd9acd4d3f7a3e6e43005a491ff6fbcb87
2023-03-26 12:08:47,True,1.535e-07,4.724e-10,675140229.0,3.19,0x08...af7e,https://bscscan.com/tx/0xefdd2cb443cec36423d59c65269b954c5bd8043d0b716131a8c04e18bf9833d2
2023-03-26 12:05:50,False,1.526e-07,4.699e-10,409873599.0,1.92635,0xec...0165,https://bscscan.com/tx/0x7f2519a58cf5c990900465cf316d38a1b8a56398924b7ace613503278394b423
2023-03-26 12:02:47,False,1.535e-07,4.703e-10,283110930.0,1.33168,0xec...0165,https://bscscan.com/tx/0x2db625bc167d1919162fe3222ba5d897f53017f524feb1349acc0ec6b7de6e40
2023-03-26 12:01:35,True,1.534e-07,4.724e-10,810691324.0,3.83,0x1b...7f6d,https://bscscan.com/tx/0x43fc2f7a1cf1446e9b5a4e908d1c24786a3c71f4fc65d2c245970b8a478a8353
2023-03-26 12:01:26,True,1.532e-07,4.716e-10,517287945.0,2.44,0xde...fa58,https://bscscan.com/tx/0x4c3eaa8fff6aaf38efb9e171a6bec8001206f757199c5ef05b8546aea8ef27ae
2023-03-26 12:00:05,True,1.53e-07,4.711e-10,373520921.0,1.76,0x2a...576a,https://bscscan.com/tx/0x60123b1c4eb2d7af4424e8f1cc3834698718ee0cdbc8f3ecae9b9155a6a38139
2023-03-26 11:59:29,False,1.522e-07,4.687e-10,247208651.0,1.15884,0x08...af7e,https://bscscan.com/tx/0x74b6f7e519503803415ea5ca1486340ee627469fde410caaf4c783fd9aeb402d
2023-03-26 11:58:32,False,1.525e-07,4.695e-10,1069552623.0,5.02157,0x1b...7f6d,https://bscscan.com/tx/0xdb83288075daf695f9220968679f2329f58e8def21fa16aab80312acd21c2bf3
2023-03-26 11:58:23,True,1.541e-07,4.722e-10,412939694.0,1.95,0xde...fa58,https://bscscan.com/tx/0xb0271f5fd7ad2de6fbbac99f98bbe4f1a701904edd08d118f58660dbcec9ea6a
2023-03-26 11:53:35,False,1.535e-07,4.701e-10,914724900.0,4.30054,0x2a...576a,https://bscscan.com/tx/0xa08495f25c0381e69590b91093e772047569b1856121a392907072d288e57085
2023-03-26 11:53:14,True,1.542e-07,4.723e-10,1141040676.0,5.39,0xec...0165,https://bscscan.com/tx/0xd8007203d12c6f9957490b489662637db2b7033ec967c02fd01b000bf076de7e
2023-03-26 11:52:29,True,1.532e-07,4.717e-10,6153855.0,0.029,0x68...8d79,https://bscscan.com/tx/0x1cb7d692e78c7af114414ba869f0fbe2a1c2686ffbb31a1579aa8649a87ca236
2023-03-26 11:52:17,False,1.533e-07,4.698e-10,850012892.0,3.99376,0xde...fa58,https://bscscan.com/tx/0xafb5eb6a5e677b46723e09f710e90849e7f01c5be3acab473cf56a5dee71d83b
2023-03-26 11:51:02,True,1.542e-07,4.726e-10,74047301.0,0.3499,0x68...8d79,https://bscscan.com/tx/0x658b216de78c887046a2b91f15bdb8680210fb7135cc4d4c29579a75cc9abc10
2023-03-26 11:50:26,True,1.541e-07,4.722e-10,618316347.0,2.92,0x2a...576a,https://bscscan.com/tx/0x474897ee3875d24d3c4efdd6359685c6ceef4f239034377994d31669ba54b357
2023-03-26 11:50:17,False,1.533e-07,4.699e-10,635789697.0,2.98759,0x08...af7e,https://bscscan.com/tx/0x774e3c16d1033727fedfe1970ec15b336ab17fda10988478a2df2d99673735a9
2023-03-26 11:49:26,True,1.533e-07,4.72e-10,991402912.0,4.68,0x1b...7f6d,https://bscscan.com/tx/0xeb19320bffa700fe95d379610021c042833278076cf634f3a5ba1e2094ea4804
2023-03-26 11:46:23,True,1.537e-07,4.712e-10,522060238.0,2.46,0x1b...7f6d,https://bscscan.com/tx/0x109cfebb9900afec0537d915c095dbab6da541028979666bde55da73ea98a6c2
2023-03-26 11:46:14,False,1.529e-07,4.687e-10,398196478.0,1.8667,0xde...fa58,https://bscscan.com/tx/0x83e75d75bfbf7862d1a4df728ac37d74a5e15b61828d31f8081ce1fbb5c7236c
2023-03-26 11:44:05,False,1.534e-07,4.696e-10,1171071156.0,5.50007,0x2a...576a,https://bscscan.com/tx/0xe0d5c1b0c156e6a1dd8278f9b63e5ca10d92b08e9c21ccfe59695e47c637009b
2023-03-26 11:43:47,False,1.538e-07,4.709e-10,1176632139.0,5.54161,0xec...0165,https://bscscan.com/tx/0xa7e6d5c2c18d4e2ef09d08be103224f3bf55d65ba1b36210ff5749a217714222
2023-03-26 11:43:11,True,1.546e-07,4.733e-10,1187339969.0,5.62,0xde...fa58,https://bscscan.com/tx/0xc53d49c9dc61740c2c92ebc0ef58d64dc64089d5443df99c945b1096323ae6b6
2023-03-26 11:40:59,False,1.536e-07,4.704e-10,260848771.0,1.22715,0x08...af7e,https://bscscan.com/tx/0x41daeb9cd957aa85f762ee76668a18b3c22658842bf5ba9fe2e0afda4e1ee039
2023-03-26 11:40:56,True,1.543e-07,4.725e-10,647499706.0,3.06,0x2a...576a,https://bscscan.com/tx/0x3692c57a9e3b7a544afc257832b41a81b135551d7219c46f205e04839609eb10
2023-03-26 11:40:20,False,1.535e-07,4.699e-10,255870448.0,1.20259,0x1b...7f6d,https://bscscan.com/tx/0x71805d85f2c00f6392d2e753565c65381dd8b110c0617b400e9219024f40029e
2023-03-26 11:37:50,False,1.536e-07,4.703e-10,406702160.0,1.91304,0x08...af7e,https://bscscan.com/tx/0xb4278689f09329a9c179ed959b644c79b7d46717848bf77de913164195376a98
2023-03-26 11:37:44,True,1.543e-07,4.724e-10,859290191.0,4.06,0x2a...576a,https://bscscan.com/tx/0xaad0c38ee9ba0e89e856321ceae3ccdf8f0993345c5042a771b0d37b7ab71cb8
2023-03-26 11:37:29,True,1.54e-07,4.716e-10,693367477.0,3.27,0xec...0165,https://bscscan.com/tx/0x0b96c181d505caf440272aa0fa8f721b99a4456b46af6275baebc189633d01af
2023-03-26 11:37:05,False,1.532e-07,4.691e-10,526384606.0,2.46958,0xde...fa58,https://bscscan.com/tx/0x4279a185f07a02d406536fb8c2bbf611078ae751d7a3a9766977a2d0102540bd
2023-03-26 11:29:02,False,1.532e-07,4.694e-10,24208165.0,0.1136,0x83...c040,https://bscscan.com/tx/0xbab013e4a21921e8322b13ca71ab1caf8bcb325b009525ae8c25a2bbc8edfe00
2023-03-26 11:27:11,True,1.54e-07,4.718e-10,1218638.0,0.0057,0xdc...c7f2,https://bscscan.com/tx/0x26962d016331c76b0b90dc57c81822a4b728d0c87a5f593deb5ca267fb2e714e
2023-03-26 11:27:11,True,1.539e-07,4.715e-10,485298752.0,2.2885,0xdc...c7f2,https://bscscan.com/tx/0x26962d016331c76b0b90dc57c81822a4b728d0c87a5f593deb5ca267fb2e714e
2023-03-26 11:01:24,True,1.528e-07,4.712e-10,52168701.0,0.2458,0xd2...c704,https://bscscan.com/tx/0xabc655613457fa6525f811f6983f6fcf7b44de91a705e5995e5a45ea879d58e1
2023-03-26 10:50:21,False,1.529e-07,4.686e-10,73944.4,3.465e-05,0x24...b9d0,https://bscscan.com/tx/0xb5dc9e403daee64cd463ad84c2dc809ff5205cf06858bfd5ae3d61031dfbbd8c
2023-03-26 10:48:45,False,1.53e-07,4.688e-10,7164285.0,0.0335,0xc4...e959,https://bscscan.com/tx/0x24e97f2da989fe13013e6c2afbe5b5c970df34e907527ee6956677022f726bd8
2023-03-26 10:38:42,True,1.531e-07,4.712e-10,5000000.0,0.0235,0x4c...2950,https://bscscan.com/tx/0xff5489b66ec6bff1e6f6f30f3962d0577bf18465b9814e501c58062eabf7a18b
2023-03-26 10:24:18,True,1.53e-07,4.712e-10,29989244.0,0.1413,0x74...c229,https://bscscan.com/tx/0x3c21f69be051f4d869a3c2faebff46991119315acb5d208a32b9b8c8ec6997d5
2023-03-26 10:07:57,False,1.519e-07,4.688e-10,32827900.0,0.1539,0x3a...a0c7,https://bscscan.com/tx/0x87d6179679f43e36488fe89e90c3d987420b18c16d8d506ebc0fd73dd6998a6e
2023-03-26 10:05:06,True,1.528e-07,4.712e-10,1803110.0,0.0085,0x3d...eb21,https://bscscan.com/tx/0x48816a19bb16eefa864c7e908453bfdd33344a7b38a5c55870a16f75b3ac65fa
2023-03-26 09:41:01,True,1.52e-07,4.712e-10,15643707.0,0.0737,0x59...56e6,https://bscscan.com/tx/0x5a8a5ce871a5ecffd0dc21105181529d470ab6ae8db8bcf0e27e561e9ea23709
2023-03-26 09:36:22,True,1.527e-07,4.711e-10,63669191.0,0.3,0x59...56e6,https://bscscan.com/tx/0x171f0f4088f3bd13d4481d4ebf64d705627867f35dc2b77349d5ae17deb045ba
2023-03-26 09:18:24,True,1.526e-07,4.711e-10,15494293.0,0.073,0xd0...c4d2,https://bscscan.com/tx/0xb3cd475d607ac429f0cb02cd0248ab9f98967d93ab7b917c9b3b9561fe36ee0f
2023-03-26 09:13:03,True,1.52e-07,4.711e-10,3086458.0,0.0145,0x2b...29d6,https://bscscan.com/tx/0x0d1bfe6e779204b4e07d82dc494e7bd0cb185f8e2669a35b9cfb2d7623656282
2023-03-26 09:12:18,False,1.512e-07,4.687e-10,9390005.0,0.044,0x4e...00a9,https://bscscan.com/tx/0x48923f7192dfca3c08ee91c962727479704d51f9191cb4b1b46e86af89de4071
2023-03-26 08:56:40,True,1.519e-07,4.711e-10,1676235.0,0.0079,0x3d...eb21,https://bscscan.com/tx/0x3e0cb59dd32b7e40261dbf5f76a542e957b381c37b568e9fa4205fe15f7782ba
2023-03-26 08:54:25,True,1.527e-07,4.711e-10,7703196.0,0.0362,0x3d...eb21,https://bscscan.com/tx/0xc955f77a6886c3aba18ddac192de4e35137ba5225b4427db9ad60d469dc1794c
2023-03-26 08:53:34,False,1.52e-07,4.691e-10,645404015.0,3.02782,0x36...b401,https://bscscan.com/tx/0x1f0fe07836723391e8b67b499f9aeaead4c8dd3a9846cce6e5c7bf654093d009
2023-03-26 08:44:46,False,1.524e-07,4.7e-10,1032981860.0,4.85573,0x2a...576a,https://bscscan.com/tx/0x787b810d5dcad3e684cdeba1b7e5af85288f8d193f10265782740234fbfa608a
2023-03-26 08:41:34,True,1.532e-07,4.726e-10,647421359.0,3.06,0x2a...576a,https://bscscan.com/tx/0x2f133abcda2fceac9dcdad18f758cb9fd8a69eb0878a907e0da9fcb9c83bbc6d
2023-03-26 08:37:52,False,1.516e-07,4.7e-10,243350802.0,1.14389,0xec...0165,https://bscscan.com/tx/0x4b1d023011a8e93cf0bac989ba7d58e9a56e596d23b37a405f6e2506016055c0
2023-03-26 08:35:16,False,1.525e-07,4.705e-10,592249969.0,2.78668,0x2a...576a,https://bscscan.com/tx/0x9536d3b35dfbce1bce35da9713f1181875c40db8df0e6dd22f5efba1bc5dd2ea
2023-03-26 08:34:46,False,1.527e-07,4.711e-10,498515021.0,2.34868,0xec...0165,https://bscscan.com/tx/0x0825fdf492bfe0187e35c326a2f494cb50d4013952c7d8072dd591bce0ef2408
2023-03-26 08:32:04,False,1.529e-07,4.715e-10,244249358.0,1.15176,0x2a...576a,https://bscscan.com/tx/0xc42bdb500c8bc445b02d892a5e40bc3f4742d318d339abd23fd9edabed559c65
2023-03-26 08:29:46,True,1.536e-07,4.738e-10,428439466.0,2.03,0x08...af7e,https://bscscan.com/tx/0x91f42f423624035a5e745d47988b739bf9a0b9b6129270f68c1ca6c6c768aa44
2023-03-26 08:28:04,True,1.526e-07,4.73e-10,974586352.0,4.61,0xde...fa58,https://bscscan.com/tx/0x5bdc03d60dd2267d7717cc52c2da6ea0b80fc5c6c43f3cb6e1ae66ed25b41be1
2023-03-26 08:26:40,True,1.53e-07,4.719e-10,1008674864.0,4.76,0x08...af7e,https://bscscan.com/tx/0x0ef193395f835bc16265db32ad08296d530d690a6641d7be6755eacdb65a7fc9
2023-03-26 08:25:22,True,1.519e-07,4.71e-10,547730821.0,2.58,0xec...0165,https://bscscan.com/tx/0x08a790ded660f1b96fdd5cdf28c04567275841bd192387e942fe41ff1ddf976c
2023-03-26 08:24:37,False,1.52e-07,4.689e-10,1011261367.0,4.74221,0x1b...7f6d,https://bscscan.com/tx/0x8ba86c17c8d3a504081cebf27b86153e5e5cdd53339f1b0e079dca80b247ec40
2023-03-26 08:23:34,False,1.523e-07,4.697e-10,412313908.0,1.93677,0x08...af7e,https://bscscan.com/tx/0xa8542a2c53f218a4021bbb1a5efea2382ed12d483a09cdf4f55ada52efbb6112
2023-03-26 08:22:34,True,1.523e-07,4.72e-10,417297385.0,1.97,0x2a...576a,https://bscscan.com/tx/0x7d83de0beac9a2386f4bb983c5cbf43b13b3cc5e62360bbc506e70dc283c4aea
2023-03-26 08:22:13,True,1.52e-07,4.712e-10,1073742307.0,5.06,0xec...0165,https://bscscan.com/tx/0x15f64e9c7de273bd407901d85e111f8d7d566cd2253804379c538f2b771399d8
2023-03-26 08:21:58,False,1.519e-07,4.686e-10,596699656.0,2.79631,0xde...fa58,https://bscscan.com/tx/0xa4fa7c1b9f3e8cee8a92bdd5517a598694925707177cd01c92641860596f244e
2023-03-26 08:20:37,False,1.512e-07,4.687e-10,142200.0,6.665e-05,0x53...45f5,https://bscscan.com/tx/0x8101d0b19953e5c1b8c638dd2ca13f461533d026eedb8988c496658fa957df78
2023-03-26 08:19:25,True,1.519e-07,4.707e-10,1002647998.0,4.72,0x2a...576a,https://bscscan.com/tx/0xed3e26db33ae47be46bb4264ae366776fb4edc0032da451601a455723dfada53
2023-03-26 08:19:04,False,1.517e-07,4.68e-10,327554180.0,1.53304,0xec...0165,https://bscscan.com/tx/0x471dc4e41780e29bac9b4cef97ed3b6dca8539846d7ad031c9d4c8a9d9fe7cfd
2023-03-26 08:18:31,True,1.523e-07,4.697e-10,1375080269.0,6.46,0x1b...7f6d,https://bscscan.com/tx/0x7ce3479edb659dc2b6a9dbc20ef91792f8c8ed7a246c3b3d9e99f615cdd2506b
2023-03-26 08:15:55,False,1.514e-07,4.67e-10,660382016.0,3.08431,0xec...0165,https://bscscan.com/tx/0xb2dafbf48061dfa415c2ac24caa84320f0e07c8e8940d415c1dcc1ae7cd2dc26
2023-03-26 08:15:28,False,1.517e-07,4.678e-10,722989207.0,3.38225,0x1b...7f6d,https://bscscan.com/tx/0xabb30841bc8b9dd51dbcc5bc19655a41bbf48a337eea1d5e834d1d71b3704fd5
2023-03-26 08:13:01,False,1.519e-07,4.684e-10,426008928.0,1.99564,0x2a...576a,https://bscscan.com/tx/0x05ef5e6e554eec69045696f6fb91cf904225c1059bde7e62485e1c4ca67d5abe
2023-03-26 08:12:28,False,1.521e-07,4.69e-10,684625033.0,3.21134,0x1b...7f6d,https://bscscan.com/tx/0xfb66b3c95861eff66ce259bad503fa0a2105b98ea69331ce144a14b81ad7d9be
2023-03-26 08:09:52,False,1.524e-07,4.697e-10,579310553.0,2.72144,0x2a...576a,https://bscscan.com/tx/0xc68ba04bbf34114093a6380ef8fef71f549da7abe5127ac3f0c927268f9940fc
2023-03-26 08:09:28,True,1.531e-07,4.721e-10,599428155.0,2.83,0x1b...7f6d,https://bscscan.com/tx/0xab6c5cc8fdd19af70207d56e5244715387a3d8037d81bfa937bf0e6839d75b2d
2023-03-26 08:08:07,True,1.529e-07,4.715e-10,477187569.0,2.25,0x08...af7e,https://bscscan.com/tx/0x44dc948fecff6ae8a588b0e0eb147512fae526f8219e17b0cccad9fcebcea5bb
2023-03-26 08:06:46,True,1.528e-07,4.709e-10,456485419.0,2.15,0xde...fa58,https://bscscan.com/tx/0x2efd8a3c356a8ab967ee1356270b0d79d0cc5145a1f827c6d0abb99dbeef6ae0
2023-03-26 08:05:01,False,1.512e-07,4.686e-10,534705178.0,2.50606,0x08...af7e,https://bscscan.com/tx/0x39c62fdca75d08c4dd70feabe70a2f7f5da75f7e4fc673ab0cce4c63e86e3731
2023-03-26 08:03:43,False,1.522e-07,4.692e-10,418197904.0,1.96223,0xde...fa58,https://bscscan.com/tx/0x09a0e3a8d8a903f39c0a8bd369a3b486d5f151c94fa99d78528f2a8bbf7b562b
2023-03-26 08:03:31,True,1.529e-07,4.714e-10,668187654.0,3.15,0x2a...576a,https://bscscan.com/tx/0x3e42bf9b813838f5ff035e8154da52b7172378abf685ae65ca5d5b8532e4fb08
2023-03-26 08:03:19,True,1.527e-07,4.707e-10,582081165.0,2.74,0xec...0165,https://bscscan.com/tx/0x1792a708f0512e19eae127fdaec20020e8c4b674166b13125a8f0b6573b2ac80
2023-03-26 08:03:19,False,1.52e-07,4.686e-10,1018832939.0,4.77442,0x1b...7f6d,https://bscscan.com/tx/0xffb779d99aef175e1b7e8e45a6b3436bed4656fa76ef9981c78713cb9a9ac66d
2023-03-26 08:01:55,True,1.528e-07,4.712e-10,568738780.0,2.68,0x08...af7e,https://bscscan.com/tx/0x08c4ac00da542b428362507de8c3c6490da51f9d7e6d691121edb1c3c3a87057
2023-03-26 08:00:40,False,1.513e-07,4.687e-10,389617862.0,1.82639,0xde...fa58,https://bscscan.com/tx/0x2cb1fdf2d32422136ea8c93134db241fa9dbb34e8f4dfd2631bb601c26b748d5
2023-03-26 08:00:22,False,1.516e-07,4.696e-10,1111903225.0,5.22151,0x2a...576a,https://bscscan.com/tx/0xa02d027687b25262e051fd81a1f9540530cd658e96ce8c6d1ebe7a350f70c6a5
2023-03-26 08:00:13,False,1.526e-07,4.703e-10,252212665.0,1.18631,0xec...0165,https://bscscan.com/tx/0xd42a16ae00605c81aebaf965e73590c759e5284f747f21c4f4b529e48a0c532f
2023-03-26 07:59:01,False,1.526e-07,4.705e-10,23358487.0,0.1099,0xf8...2d5b,https://bscscan.com/tx/0xe0ec71f8fde60e4085708055ac34ad8820ff6a5a1dbe8c09d487d675d2b31068
2023-03-26 07:57:37,True,1.526e-07,4.727e-10,332132814.0,1.57,0xde...fa58,https://bscscan.com/tx/0x6db237a9877c362e6f4b04e330b086aedbabc2cc9f1d52cb1d8c3d40e16c8d9e
2023-03-26 07:57:10,True,1.531e-07,4.72e-10,889801331.0,4.2,0x2a...576a,https://bscscan.com/tx/0x98fa2e857eb61c7a862adc8d555c471e22440975c6b02bcf2fbc23d50f289bf3
2023-03-26 07:57:04,False,1.523e-07,4.695e-10,684486821.0,3.21397,0xec...0165,https://bscscan.com/tx/0x8b613e4b3d8cc92066db384da0c47ad4ee8412743d8d1e270f253eb08f3a2226
2023-03-26 07:54:37,True,1.523e-07,4.719e-10,601765196.0,2.84,0xde...fa58,https://bscscan.com/tx/0x318d750d72b1eb180f95eee990ad8f2079d1eb1361e9c1234717e63de8b487cc
2023-03-26 07:53:52,True,1.52e-07,4.708e-10,1312458366.0,6.18,0xec...0165,https://bscscan.com/tx/0xe5d1a99de19fb5668d06721cac451b3cbb30e49d0416a53a91a9167d4288b638
2023-03-26 07:51:34,False,1.519e-07,4.681e-10,692188343.0,3.24066,0xde...fa58,https://bscscan.com/tx/0xd45c1db6c7693fd1037465a6c7f1f59f48e3594e10257b7a700170b94f082d05
2023-03-26 07:50:52,False,1.52e-07,4.689e-10,688686682.0,3.22954,0x2a...576a,https://bscscan.com/tx/0xb93e148c1ce873754b7becb2285cf72987434ac524962305da58b7c32d9cf4d0
2023-03-26 07:49:34,False,1.515e-07,4.698e-10,946097807.0,4.44527,0x08...af7e,https://bscscan.com/tx/0x917ea042647e17aa35758377469ab28a94b7467bef0d53d641c95a68394c78a5
2023-03-26 07:48:31,False,1.526e-07,4.707e-10,703525139.0,3.31201,0xde...fa58,https://bscscan.com/tx/0x5df097bd899fd0ad6876fc182a8a7c7aef1aa4a9fa3cdd96efca80ee02ed042c
2023-03-26 07:47:43,True,1.534e-07,4.732e-10,521937330.0,2.47,0x2a...576a,https://bscscan.com/tx/0x8377f90d435c8387b18cc8a8515327ca0b2eff3d675d6d1ef4d6c0a125ed217d
2023-03-26 07:46:28,False,1.526e-07,4.708e-10,554540321.0,2.61129,0x08...af7e,https://bscscan.com/tx/0xaf03acd75023a81c5f2d0ac9a8249d9e5c50cda24c4e3860a0dc1276533c7384
2023-03-26 07:45:04,True,1.533e-07,4.73e-10,847621685.0,4.01,0x1b...7f6d,https://bscscan.com/tx/0x2a07ae1ed1bd9b6896f4cf0000372ed15564a071808660440f405db1980bb4a0
2023-03-26 07:44:28,False,1.526e-07,4.708e-10,1100965887.0,5.18409,0xec...0165,https://bscscan.com/tx/0xe084a0b38fe89586ab81eda16000dcea00519fb11b1473773ac1e55757ab4c62
2023-03-26 07:42:25,True,1.535e-07,4.734e-10,637818052.0,3.02,0xde...fa58,https://bscscan.com/tx/0x5d51d37dc7e4ab19138b73e7c26d44605f9a0a8a35b69ec116cade27a94cfab1
2023-03-26 07:42:01,False,1.519e-07,4.71e-10,563121782.0,2.65277,0x1b...7f6d,https://bscscan.com/tx/0xbf1cdff190c3f6d945acf0cd4ac475bf008c98b031afdecbd79f53f9bfaed494
2023-03-26 07:41:22,True,1.535e-07,4.735e-10,401235822.0,1.9,0xec...0165,https://bscscan.com/tx/0x54d56e0841ce8f31ecae531bdfcbb5df9964f9d30ffde12f8898ddf1dba0a5ff
2023-03-26 07:41:22,False,1.528e-07,4.714e-10,952049528.0,4.48874,0x2a...576a,https://bscscan.com/tx/0x5bf177117e53e12a5fa3a9e7f93e67b3507895b5e8ccbfe6fffc119dfd484b86
2023-03-26 07:40:43,False,1.53e-07,4.721e-10,226387022.0,1.06887,0x5c...88eb,https://bscscan.com/tx/0x8c589ac89e202839ddefce5292071b561049316fb23845c6844d944cfa4c8e0d
2023-03-26 07:39:22,True,1.537e-07,4.742e-10,638866905.0,3.03,0xde...fa58,https://bscscan.com/tx/0xdf686de59f8896921ed7a897cd445e8b4f99683d7cceeb8699de66b51a86265b
2023-03-26 07:38:58,True,1.527e-07,4.734e-10,741291836.0,3.51,0x1b...7f6d,https://bscscan.com/tx/0xa8867bee65c759b2830cc293b1c237a587b57bff9026ef140cee0980a5614463
2023-03-26 07:38:13,False,1.527e-07,4.712e-10,1037370345.0,4.88912,0xec...0165,https://bscscan.com/tx/0xeccc3126425c370306bd679401792be640f01fb3d4ce9027e982a0773a700fd0
2023-03-26 07:38:10,True,1.536e-07,4.739e-10,571820729.0,2.71,0x2a...576a,https://bscscan.com/tx/0xd5fc951f2818c76ddcd4a31b31583f7907cd3233d1a123dc975fc3d2df84d063
2023-03-26 07:36:19,False,1.521e-07,4.716e-10,732434247.0,3.45451,0xde...fa58,https://bscscan.com/tx/0xf483392bd5710c95da4bda188447735cc3556631939a11b6a4f63fa723347f51
2023-03-26 07:35:55,False,1.531e-07,4.722e-10,302415612.0,1.42809,0x1b...7f6d,https://bscscan.com/tx/0xbb139a91860f1720cc268db85b773fb289c2d147276b9b0ad959fa18a98c69a0
2023-03-26 07:31:49,True,1.531e-07,4.744e-10,476291438.0,2.26,0x2a...576a,https://bscscan.com/tx/0xaa950b41c49f0af59c4d9905cda561ecd4e8c8a9213338b35d2539d2895a0b05
2023-03-26 07:31:01,True,1.537e-07,4.739e-10,419837616.0,1.99,0x08...af7e,https://bscscan.com/tx/0x1aaa98bebc4277ca2dcd11fd0ddc766bbb0f264b4c186b7b2adafb8035c6fbd5
2023-03-26 07:28:46,True,1.526e-07,4.729e-10,1344616835.0,6.36,0xec...0165,https://bscscan.com/tx/0x72f61f302ec92eff523ee3d2b853629cef32191dcc137b3c4a97007465adf324
2023-03-26 07:28:40,False,1.518e-07,4.705e-10,1105449063.0,5.20115,0x2a...576a,https://bscscan.com/tx/0x11d1395d53b739050f4b41330a96833e481049bb124a53f295972e9a8aaca6f3
2023-03-26 07:27:55,False,1.52e-07,4.712e-10,287507461.0,1.35496,0x08...af7e,https://bscscan.com/tx/0x4b1f00afd4df3701ccc314ba730ecf2f857cbd9c9322d3fff2078743be0c605f
2023-03-26 07:26:46,False,1.529e-07,4.717e-10,530149564.0,2.50092,0x1b...7f6d,https://bscscan.com/tx/0xba5387b03a51d9385c562d12e56ea674a4bf7f5d223e1eab3409a975053a758f
2023-03-26 07:25:37,False,1.523e-07,4.722e-10,406461959.0,1.91957,0xec...0165,https://bscscan.com/tx/0x54dc41c60e4aea6a8ce21019ad7c50d286925d0be909474a21b3e209bdb138a0
2023-03-26 07:25:28,True,1.537e-07,4.742e-10,1132381195.0,5.37,0x2a...576a,https://bscscan.com/tx/0x2c4682d9120b792a37aeadcd29589e13cda1437aeeb66fe2c6147bc94570e7be
2023-03-26 07:23:46,True,1.525e-07,4.73e-10,993610511.0,4.7,0x1b...7f6d,https://bscscan.com/tx/0xa802bbbe0a9ea0516c5f26482eccd779c38a0c82b79db3e55c317aba6de6ff5d
2023-03-26 07:22:28,False,1.517e-07,4.704e-10,658346428.0,3.09734,0xec...0165,https://bscscan.com/tx/0x3ef983a0b40fb6a636cde976c47315f696f19e8c1c245560f2fa7a75873eeb37
2023-03-26 07:21:46,True,1.532e-07,4.726e-10,896979550.0,4.24,0x08...af7e,https://bscscan.com/tx/0x8eacefbf1e960373100963b6698c28a4be70975ccd8b42965f0f81a80e0f279a
2023-03-26 07:21:07,False,1.516e-07,4.702e-10,730534475.0,3.43529,0xde...fa58,https://bscscan.com/tx/0xbee6b5cdc41faa823ed60e2b9c3fa24657a06ab584601dd455478a90ec6a1650
2023-03-26 07:20:43,False,1.519e-07,4.71e-10,690690776.0,3.25342,0x1b...7f6d,https://bscscan.com/tx/0x7cdbe2ceabf174e6a19a381ca7ad9b7a5b3382287a53cdb84c36488972c0670d
2023-03-26 07:19:22,True,1.533e-07,4.731e-10,1067229228.0,5.05,0xec...0165,https://bscscan.com/tx/0x8996ef1fc10b9a72379c27734872c24d599ec0ef9efe54989536d7f7ff46c194
2023-03-26 07:19:07,True,1.523e-07,4.721e-10,690386526.0,3.26,0x2a...576a,https://bscscan.com/tx/0x8da6b9e668b803ec2eb5c7f1a9744b0467bfc01ae288faf11ad7bd29e086d6f2
2023-03-26 07:18:40,False,1.523e-07,4.7e-10,1150062814.0,5.40642,0x08...af7e,https://bscscan.com/tx/0xbbae92813b5a890e485c5f486f4d9f1c547828acf79191b8d99569c962c3140d
2023-03-26 07:16:13,False,1.519e-07,4.711e-10,779826666.0,3.67436,0xec...0165,https://bscscan.com/tx/0xdcf842ce7b1c7751fd2dba2025dcc08b64c30961cb832cd4303504eb78485030
2023-03-26 07:15:37,True,1.527e-07,4.734e-10,1016042071.0,4.81,0x08...af7e,https://bscscan.com/tx/0xb569efb32c387bd73a194259ed1c9e19e9a71cfbf98659894cf22955596cefeb
2023-03-26 07:15:01,True,1.523e-07,4.721e-10,1283595227.0,6.06,0xde...fa58,https://bscscan.com/tx/0x214dc7105d9fde1e5bd49c305c569e42ab8ee5772f4b2e21d9c3bb1a4a3018d2
2023-03-26 07:14:37,True,1.526e-07,4.706e-10,1310931227.0,6.17,0x1b...7f6d,https://bscscan.com/tx/0x56342cfad144f654bc6d2e2ef5d1c4dd2ca0397cb7f341559288aef4564684e0
2023-03-26 07:13:04,False,1.508e-07,4.677e-10,281115856.0,1.31488,0xec...0165,https://bscscan.com/tx/0xb623e35dc3bdb6a2ff1746e036a36d56b035a81f65977b54e31e28f300061b87
2023-03-26 07:12:46,False,1.517e-07,4.681e-10,475334210.0,2.2253,0x2a...576a,https://bscscan.com/tx/0x1539a3440cba539da7a176ff7beddd55ccfbb5338f490bf0be59820a99f6228a
2023-03-26 07:09:55,True,1.515e-07,4.702e-10,888847101.0,4.18,0xec...0165,https://bscscan.com/tx/0x5ddd5a87c17014b9d6308c58f402269bf42e146c524d1e37251eb5d27d60d56a
2023-03-26 07:09:37,False,1.515e-07,4.68e-10,1132850968.0,5.30241,0x2a...576a,https://bscscan.com/tx/0x45c4bf2de03f620de3383d9003c230c5202097f7648480f530d7dd8fc07b4056
2023-03-26 07:09:22,False,1.517e-07,4.688e-10,345430320.0,1.61965,0x08...af7e,https://bscscan.com/tx/0x7ac85d52629216c88f7e6a36162f5050ad9d5f188c8b383ca84943667d87f01d
2023-03-26 07:08:55,False,1.511e-07,4.694e-10,591418979.0,2.77612,0xde...fa58,https://bscscan.com/tx/0xb0d261fa6172a87bfbd5efdf9eddc77df3004097ed7f77dfc358f415438d3081
2023-03-26 07:08:34,False,1.513e-07,4.699e-10,386059988.0,1.81427,0x1b...7f6d,https://bscscan.com/tx/0xf40dd8820a166385eba4fde35d2ba1207fba1e86fce82270b194803a7cbef03e
2023-03-26 07:05:55,True,1.52e-07,4.72e-10,749844596.0,3.54,0xde...fa58,https://bscscan.com/tx/0xf85e37001ac06a2f82ce19725773d3366b8f3715db6b9de99c20a1cc61b63b6c
2023-03-26 07:03:13,False,1.522e-07,4.697e-10,695232232.0,3.26557,0x08...af7e,https://bscscan.com/tx/0xb9baf64385b882c59b79fb27f9cc0fa946124a3ddfd37bd271848e3762efa52c
2023-03-26 07:02:52,False,1.525e-07,4.707e-10,1230751562.0,5.7942,0xde...fa58,https://bscscan.com/tx/0x231e71a77578d6adea0415f2005743028fbc543fc2704d26141eaa804cb61b36
2023-03-26 07:02:28,False,1.528e-07,4.716e-10,393703544.0,1.85708,0x1b...7f6d,https://bscscan.com/tx/0xe4dc0c04a71c9808876728f10bcdec1fd2838ea65861dab6d628842fcc4d0dd9
2023-03-26 07:00:31,False,1.523e-07,4.724e-10,904247463.0,4.27188,0xec...0165,https://bscscan.com/tx/0x150e943d082b519b4756557d6860d6bf2bb1d5bbae8267f35e1fdd73d4e9c427
2023-03-26 07:00:10,True,1.538e-07,4.749e-10,688545089.0,3.27,0x08...af7e,https://bscscan.com/tx/0x37326b0723ef14dac50719aa560b2fe78cfcc3c5aa19806ddde0f26df207a363
2023-03-26 07:00:07,True,1.536e-07,4.74e-10,898703273.0,4.26,0x2a...576a,https://bscscan.com/tx/0x1fe755350865e0e3a0bcc745281be55434920e328e9424a22a964588e04fbfd7
2023-03-26 06:59:49,True,1.533e-07,4.732e-10,498702567.0,2.36,0xde...fa58,https://bscscan.com/tx/0x6b2aa2e30afb6c709d5cec3c1e1c1f002d116b5ea65f58339694e8ca41f2d7ba
