datetime,buy_order,price_USD,price_native,amount_token,total_native,maker,etherscan_url
2023-03-29 08:40:37,False,1.417e-07,4.476e-10,642616368.0,2.87683,0xec...0165,https://bscscan.com/tx/0x48549da7ac36ad9dbdba5574a964bbfc2b4606ceb7f1406a8cc7b54c754a6986
2023-03-29 08:40:28,True,1.425e-07,4.5e-10,393290767.0,1.77,0x08...af7e,https://bscscan.com/tx/0x734692020aa0faa7174a3bc3f8a7c68edf0c2d283093606e063e885b855bff9c
2023-03-29 08:39:58,True,1.415e-07,4.491e-10,1260042207.0,5.66,0xec...0165,https://bscscan.com/tx/0x6c4ded7cb87c1a61f863955328ad5a8f1199338bc667f222cec59176cd39727a
2023-03-29 08:39:37,False,1.414e-07,4.466e-10,631803758.0,2.82179,0x08...af7e,https://bscscan.com/tx/0x6bd5285a62c8b24588ee71726e0621f2bbb776f466321ff3eea36ee95cf50a2d
2023-03-29 08:39:22,False,1.417e-07,4.474e-10,1009095258.0,4.51538,0xec...0165,https://bscscan.com/tx/0x9ae10f4a2884d72546863adf619c2d9d1961564023b4aa1e037e88cf51a65f91
2023-03-29 08:38:46,False,1.419e-07,4.481e-10,300317199.0,1.34585,0x08...af7e,https://bscscan.com/tx/0x64648e2f4563c55ecc602968778d66a170f64fcf090f5e7e2678b32a8c0a8c8d
2023-03-29 08:38:46,True,1.425e-07,4.501e-10,713053752.0,3.21,0xec...0165,https://bscscan.com/tx/0x8a552bd54c34cd6b09e09621da5a008d945cb9ea453b3182e8b85d33ec2b5763
2023-03-29 08:36:46,False,1.412e-07,4.481e-10,1080855260.0,4.84351,0x1b...7f6d,https://bscscan.com/tx/0xc06477b98c8e8e20de3b980eb03e81ffe6c7dcd01268512b5161e72d583757a1
2023-03-29 08:36:40,False,1.414e-07,4.488e-10,339804050.0,1.52522,0x2a...576a,https://bscscan.com/tx/0xaa659c61bdc87ef50af8d467e8e37f1c5e3d530386aa693adebf662597db147d
2023-03-29 08:36:25,True,1.428e-07,4.509e-10,665286538.0,3.0,0xde...fa58,https://bscscan.com/tx/0x7aed340b7d2312f18f3a9f7004fa477ffce965c23a0b5048fbb2c65174aa8a82
2023-03-29 08:36:04,False,1.421e-07,4.485e-10,373711324.0,1.67621,0xec...0165,https://bscscan.com/tx/0x81ab57cf6b85f39e6cde7a4eb430735d622553b37f8f7452a8d25287e4e398a4
2023-03-29 08:36:04,True,1.426e-07,4.503e-10,1199063728.0,5.4,0x1b...7f6d,https://bscscan.com/tx/0x2b026758a5a77baafd7bc380a1516bda675c84812aa91cec343e54e0813f9d6c
2023-03-29 08:35:37,False,1.412e-07,4.481e-10,1228334774.0,5.50438,0xde...fa58,https://bscscan.com/tx/0xf4e3bc9bcd05ce236f93c65fb04db9e8e823899f1a8c1da5c68498dc84c85afe
2023-03-29 08:35:22,True,1.42e-07,4.508e-10,381540440.0,1.72,0x2a...576a,https://bscscan.com/tx/0x21fb0dfbac5d0fbd8a1bb7359bca5d5f5dc5590d263662b239f57ef7a3bce985
2023-03-29 08:35:19,False,1.413e-07,4.485e-10,401964395.0,1.80307,0x08...af7e,https://bscscan.com/tx/0x3dceae08cc865662b69f8e9e129593cb966a86546a0bd08d0c67763729acf9b9
2023-03-29 08:34:49,False,1.415e-07,4.49e-10,601025480.0,2.6991,0xec...0165,https://bscscan.com/tx/0xa031cb0ec7f79c2fae15bfd234527108634eb9649d82233b70663016e830dac9
2023-03-29 08:34:49,True,1.422e-07,4.514e-10,474079864.0,2.14,0x2a...576a,https://bscscan.com/tx/0x2e1fc2d05e9788645270de9d18f28ca27ac70c84fd301a8d6a4162566eee2327
2023-03-29 08:34:31,False,1.416e-07,4.494e-10,996251008.0,4.47733,0x1b...7f6d,https://bscscan.com/tx/0x74befc4d79531b8b702cb2599da4d904ed3607335d9a3b0b21e69de7e86742d4
2023-03-29 08:33:52,True,1.431e-07,4.517e-10,812366756.0,3.67,0xec...0165,https://bscscan.com/tx/0xdbb7c937dcc2f3910b9fb6eb1dc6d14a169a9237120c27259fc9aeea3872b37c
2023-03-29 08:33:37,True,1.427e-07,4.507e-10,1093677401.0,4.93,0xde...fa58,https://bscscan.com/tx/0xadc4ca55deb7faf4e33ffa64c034b4fa1948226c2dbe6e97cce83704cae6320d
2023-03-29 08:33:22,True,1.425e-07,4.5e-10,339978862.0,1.53,0x1b...7f6d,https://bscscan.com/tx/0xaaa79887c1b6e29bf536c5971aab42a627a604b010741cbf2cb5e913df0aa57f
2023-03-29 08:33:10,False,1.411e-07,4.481e-10,1029153208.0,4.61201,0x2a...576a,https://bscscan.com/tx/0x1449f8f27eecb5bb6790afe3fa3cd9060cc0298a6aa35f33a25999e2ad98ee05
2023-03-29 08:32:43,False,1.414e-07,4.488e-10,394248458.0,1.76967,0x08...af7e,https://bscscan.com/tx/0x81e039db8d994e4c9867a49720b65d1548f0dd843b7fa799f65cf7f4017b2690
2023-03-29 08:32:34,True,1.42e-07,4.509e-10,789502563.0,3.56,0x2a...576a,https://bscscan.com/tx/0x979512dfe9898583e984f46e43e364efc17c9c467a2e8819f57273ae3c4f6def
2023-03-29 08:32:01,False,1.413e-07,4.485e-10,498906004.0,2.23767,0x2a...576a,https://bscscan.com/tx/0xc215fc757dfeac3bb182f1324d483fb1a3162c707bd50bfd0144804c791f58fd
2023-03-29 08:31:55,False,1.423e-07,4.494e-10,1239240528.0,5.56933,0xde...fa58,https://bscscan.com/tx/0x4cc1d51932a604579e7d2f0b44f0d00b68c804b61c7bbac17da872fdd1b60b0b
2023-03-29 08:31:34,False,1.418e-07,4.501e-10,268157916.0,1.20723,0xec...0165,https://bscscan.com/tx/0x68ba0f0741cf2da680d0194baca50b9059804e942afdd787ae2573dc7936d26a
2023-03-29 08:31:28,True,1.424e-07,4.523e-10,417794165.0,1.89,0x2a...576a,https://bscscan.com/tx/0x1a457bf690dbf6022592f0f3a7d5d6e5a0c5afefc9cbc3e777e9b59425b6cf7e
2023-03-29 08:30:52,False,1.418e-07,4.504e-10,1066938563.0,4.80607,0x2a...576a,https://bscscan.com/tx/0xae128e7106eb18bbdc7479edcc1e878458eacf4df34923960d48e75fbeeb2fab
2023-03-29 08:30:43,True,1.426e-07,4.53e-10,496675951.0,2.25,0x1b...7f6d,https://bscscan.com/tx/0x1303ae6a22454a3bca2a2b134e7c607d3a10c900a113d4d0b8c271a50c2eb9bc
2023-03-29 08:29:40,True,1.429e-07,4.524e-10,492824927.0,2.23,0x1b...7f6d,https://bscscan.com/tx/0xfd0a9412d5f55678487a4692be32cece5ad95f81408130616b18860660b25243
2023-03-29 08:29:10,False,1.421e-07,4.501e-10,336071760.0,1.51283,0xec...0165,https://bscscan.com/tx/0xa7320fa0278c675dcb098b67f62801fec05bd7f7d6f5d469471db0460b1367ba
2023-03-29 08:28:58,True,1.427e-07,4.52e-10,1053015083.0,4.76,0xde...fa58,https://bscscan.com/tx/0x9732c8e7420972840961781863672892675ac23ff30e5152f0a0ab8893d63b6a
2023-03-29 08:28:58,False,1.418e-07,4.494e-10,395706884.0,1.77845,0x1b...7f6d,https://bscscan.com/tx/0x9b95abb51baea6fe20e20cac511f346e1ed3e6c8d47c8c2947d1a63a8c200d44
2023-03-29 08:28:01,False,1.415e-07,4.501e-10,961573138.0,4.32844,0xde...fa58,https://bscscan.com/tx/0x3af80c7c406f72af441483787f1d9310bdd61fd52b7a9c942122aa21f476fe9f
2023-03-29 08:27:31,True,1.415e-07,4.525e-10,678383889.0,3.07,0x08...af7e,https://bscscan.com/tx/0x5bb8ddf5403b7c5a50602e736f6bc55be505512827ad25dfce8c07e50acbbb70
2023-03-29 08:26:52,True,1.42e-07,4.518e-10,701599686.0,3.17,0xde...fa58,https://bscscan.com/tx/0x2c501918297f9749b4f652f56f0f7af1ce91ca26dcae4b4c151030023b249982
2023-03-29 08:26:46,True,1.416e-07,4.507e-10,1431066820.0,6.45,0xec...0165,https://bscscan.com/tx/0xbb1335d22f887a3c3dd9260a5f3132207e7f5c93ef4606834098fda8ba1a122f
2023-03-29 08:26:25,True,1.413e-07,4.497e-10,406885171.0,1.83,0x2a...576a,https://bscscan.com/tx/0x3281408fee5acd1643dab2b272da8a0909b59c5bd1de5f67ca55f9342c4458cc
2023-03-29 08:25:55,False,1.407e-07,4.476e-10,704779576.0,3.15506,0xec...0165,https://bscscan.com/tx/0x3876296e1aefdc0f5e981291547b069c5b8cd4a4e6ba42a6fcb9301868cf17e9
2023-03-29 08:25:46,True,1.413e-07,4.496e-10,1129666209.0,5.08,0x08...af7e,https://bscscan.com/tx/0x211f7854606517ef63ee6fa125eb9b7a4348f91ba8dff25c262f4a40c4c6e456
2023-03-29 08:25:16,False,1.405e-07,4.472e-10,676946338.0,3.02738,0xec...0165,https://bscscan.com/tx/0x74910d9ffe1e1b8dd8585b076a5cc35a0652d0cc64bf8bbef33c23c61c3962c9
2023-03-29 08:25:04,False,1.407e-07,4.477e-10,277505312.0,1.2424,0x2a...576a,https://bscscan.com/tx/0x9fd0620f6dcb477111cd99b11238d0db4bacebb9ffac5c778db25adb092453a4
2023-03-29 08:25:01,False,1.409e-07,4.484e-10,1093005589.0,4.90114,0x1b...7f6d,https://bscscan.com/tx/0xdf25880c5a72fe1283a50671403c38d9257b2f2eb753929548ac162d68d269be
2023-03-29 08:24:25,True,1.415e-07,4.505e-10,1394004186.0,6.28,0x2a...576a,https://bscscan.com/tx/0x38652a8f0541569e9a82a99c745753553f72c4e691f5790e29d7d6770ce8fb69
2023-03-29 08:24:01,True,1.412e-07,4.495e-10,424862724.0,1.91,0xec...0165,https://bscscan.com/tx/0x65bf4da619b90294bfadc687f6f198e50754ec29d9e3067a4398e5db8bb101f9
2023-03-29 08:23:55,False,1.405e-07,4.474e-10,666895585.0,2.98394,0xde...fa58,https://bscscan.com/tx/0x70170e32994226c3776f5ea70118252e2fd3eeafd964d8221ea871ee773dcb70
2023-03-29 08:23:31,True,1.412e-07,4.495e-10,996641811.0,4.48,0x1b...7f6d,https://bscscan.com/tx/0xa6c38205e0352379e0879ad96bea30dea4a0af608f5c69f9e2d6d9849f4e2d94
2023-03-29 08:23:13,False,1.404e-07,4.471e-10,831855989.0,3.71989,0x08...af7e,https://bscscan.com/tx/0xa3c0aff34805a7e4438ba6b91d39bc9d8d1e03738b73d745355f8af212d9d638
2023-03-29 08:22:58,False,1.407e-07,4.479e-10,587868163.0,2.63312,0x1b...7f6d,https://bscscan.com/tx/0xe47792ef1f1f0c434e6f26bc7fdeaae414bb938c4a34c1ca580e431649e4a5b8
2023-03-29 08:22:28,False,1.408e-07,4.483e-10,285514311.0,1.28013,0xec...0165,https://bscscan.com/tx/0x9caf111f0dff452a4a2b7591e3733b96b78b724d045c123beaa73f8b255ff8ff
2023-03-29 08:22:22,True,1.414e-07,4.505e-10,355102476.0,1.6,0xde...fa58,https://bscscan.com/tx/0xb224c1be2ec18c572a34b940a506924ddd30fc46f19a7268e46e4becc1353c2f
2023-03-29 08:22:19,True,1.413e-07,4.5e-10,651037011.0,2.93,0x08...af7e,https://bscscan.com/tx/0xd414964b9ebf8bedebad5a48a3b5549dac16d4c578f9fa7fe1651d86584a518a
2023-03-29 08:21:40,False,1.404e-07,4.475e-10,80465801.0,0.36,0x79...6d8a,https://bscscan.com/tx/0xd943d046bd826b59e549b667ebd91f9656c8627e23750551177db808eddbd795
2023-03-29 08:21:31,False,1.405e-07,4.477e-10,398236903.0,1.78313,0x08...af7e,https://bscscan.com/tx/0x329598447e22e952401246d6e8a59156a7e63661a6d347d91b134e96e23a0ce8
2023-03-29 08:20:59,False,1.4e-07,4.482e-10,628577673.0,2.81783,0x2a...576a,https://bscscan.com/tx/0x13e4a3d518ca4796ed7cf4567e58f444aae5c427107d2116cb2d2d43ee9c66e8
2023-03-29 08:20:52,True,1.413e-07,4.503e-10,974788701.0,4.39,0xec...0165,https://bscscan.com/tx/0x9d8bc98bf663cf25ec9e9342bae0e47464ace3049f3ff0a515ffcb00505e8da8
2023-03-29 08:20:40,True,1.41e-07,4.494e-10,749789958.0,3.37,0xde...fa58,https://bscscan.com/tx/0x49b5ed4f4ed9ee7dba91d205a0a6f6febf629ca96a0e0adbe1b26699c3a6d580
2023-03-29 08:20:36,True,1.408e-07,4.488e-10,519159259.0,2.33,0x08...af7e,https://bscscan.com/tx/0x9cc9fe4c9e732ca70af6fe6e03cc413137997c98607701ddd4366da6036e143e
2023-03-29 08:20:27,False,1.401e-07,4.466e-10,713731477.0,3.18796,0x2a...576a,https://bscscan.com/tx/0x55955451354e653e71146cbedbe013f33c13e1604e05b7480e60b96dc62565a3
2023-03-29 08:20:15,False,1.396e-07,4.473e-10,628641249.0,2.81223,0xec...0165,https://bscscan.com/tx/0x057b93d54642aaa1d7e414b39d3a596b33f1b30d43543d3c33a1f71636c5a6ed
2023-03-29 08:19:44,False,1.405e-07,4.478e-10,354944210.0,1.58964,0x08...af7e,https://bscscan.com/tx/0xcef8647718a225b6c22f562afe7e3aabef5070a6d1ca45fca697f19b74958aa0
2023-03-29 08:19:09,True,1.403e-07,4.498e-10,851401960.0,3.83,0x1b...7f6d,https://bscscan.com/tx/0x101ec4a177f1a752aeaf724ba12f90127456b92640224bf24807d024521378d5
2023-03-29 08:19:02,True,1.401e-07,4.489e-10,824093294.0,3.7,0x2a...576a,https://bscscan.com/tx/0x1af61b248d4cccd4093b70b1b748861fc454a1ba0b1b173e3776753f29d4610a
2023-03-29 08:18:17,False,1.4e-07,4.466e-10,747438152.0,3.33878,0xde...fa58,https://bscscan.com/tx/0x388a388d0406957f81fcab787769eaf267f98417a30faad80b4297c1aefab63f
2023-03-29 08:18:05,False,1.402e-07,4.473e-10,440523827.0,1.97049,0x1b...7f6d,https://bscscan.com/tx/0x491ad9f9b998f5c82b8c92ac54542140bab839c6cc7e35d42553711a790300d1
2023-03-29 08:17:35,False,1.404e-07,4.477e-10,484655036.0,2.1702,0x1b...7f6d,https://bscscan.com/tx/0x45af1500262c8db7830072eef7065894a675d2e17115fca6e79943a17dbecd37
2023-03-29 08:16:40,False,1.407e-07,4.486e-10,1236571900.0,5.54815,0x2a...576a,https://bscscan.com/tx/0xfd3a547c1c6486c1ba8308856568c07968d434b0fb8a68adaab481e57a6b529e
2023-03-29 08:16:04,True,1.413e-07,4.508e-10,1404065865.0,6.33,0x2a...576a,https://bscscan.com/tx/0x79fa848308111e5a47b1324ebce9be5be3da25495e33f4bf5a0ddd60f6f19c43
2023-03-29 08:15:55,False,1.405e-07,4.482e-10,742821768.0,3.32963,0x1b...7f6d,https://bscscan.com/tx/0xfa41e6067d03c1c00b5f1adb9d786547cc9b94ec54db8a7198e4d8725c8729a4
2023-03-29 08:15:55,True,1.412e-07,4.504e-10,850294957.0,3.83,0xec...0165,https://bscscan.com/tx/0x176b985f6aab22813f28a7cb4221282e0d04089aadb4f8d48a36a4d45ea408c2
2023-03-29 08:15:25,False,1.398e-07,4.481e-10,853107524.0,3.82349,0x08...af7e,https://bscscan.com/tx/0x364f97f58f887a622ef9bd92072d289bbf756853bd63b37dcce8649a40387a90
2023-03-29 08:15:19,False,1.399e-07,4.486e-10,38327313.0,0.1719,0x4a...b304,https://bscscan.com/tx/0xdc53220645f9f922864c5d2154f756ace922e7aee7643900aef370c48ab49095
2023-03-29 08:14:31,True,1.412e-07,4.503e-10,1065813339.0,4.8,0xde...fa58,https://bscscan.com/tx/0x9d53f0fa005722ed9790ae4239d3fa664be9503dfe8763817d3dbff21fd93366
2023-03-29 08:14:28,False,1.404e-07,4.478e-10,512974078.0,2.29723,0x2a...576a,https://bscscan.com/tx/0xd3a0b40e3c6d9f4e85414276349ec716f510939bf30b783b40f7353f1978ce99
2023-03-29 08:13:55,False,1.406e-07,4.485e-10,939271184.0,4.21334,0xde...fa58,https://bscscan.com/tx/0x00cd3d2a2196b4f860b9f526945fc3e02d4b2c3bbc0cf52b9c238d8e07f37576
2023-03-29 08:13:43,True,1.414e-07,4.511e-10,363536072.0,1.64,0x2a...576a,https://bscscan.com/tx/0xa6e8f08c60054c6eea297703707d303a60330cc983fb6e1aaf32cb9b15ef5160
2023-03-29 08:13:25,False,1.401e-07,4.49e-10,758005781.0,3.40402,0xec...0165,https://bscscan.com/tx/0xcfccba9b60a1adf2476edd90fa5e8374670bff67e5f6a20f896ab235597db248
2023-03-29 08:13:04,True,1.415e-07,4.514e-10,518326436.0,2.34,0xde...fa58,https://bscscan.com/tx/0xb3803c3010e9c31e0ecdc6424b78782dbcf000f39ae0f3a149c6a231b7f894ec
2023-03-29 08:12:55,False,1.408e-07,4.492e-10,651863438.0,2.92861,0x2a...576a,https://bscscan.com/tx/0x018fc30eefb32c4abcf8bff554f88ab3890c659c962eab5a52c4d9e3bcd58bc5
2023-03-29 08:12:55,True,1.415e-07,4.514e-10,815177203.0,3.68,0x1b...7f6d,https://bscscan.com/tx/0x8b3d86adc39ac2a04b20acdf134cbea8922b289285f1ffb66df2bd849cc8ba45
2023-03-29 08:12:49,True,1.413e-07,4.505e-10,790058529.0,3.56,0x08...af7e,https://bscscan.com/tx/0x0e67546c946135b42fae68098a77d661b25a19e2d325c00254560f5588babbdf
2023-03-29 08:12:37,True,1.41e-07,4.496e-10,1014093822.0,4.56,0xec...0165,https://bscscan.com/tx/0x7254a1ce4dd57f94e54bdf850de6297316791a88b09718580030e56005a4cb9a
2023-03-29 08:12:10,False,1.397e-07,4.47e-10,374046717.0,1.67232,0x1b...7f6d,https://bscscan.com/tx/0x2ca70cfa2b954b38132b3e05c94dcb5b8e988fb9bc5dee6087a50aecca0259b9
2023-03-29 08:11:22,True,1.403e-07,4.491e-10,643379479.0,2.89,0x1b...7f6d,https://bscscan.com/tx/0x1d9c5908cd0ea51e455f11ba3c8a3772a6998d637c79b3aeee65b6e8978b7592
2023-03-29 08:11:16,False,1.397e-07,4.472e-10,1182204503.0,5.28711,0xde...fa58,https://bscscan.com/tx/0x7049f2a21eabdfc29f91c759948a3bcafb2530bca98a928cd8b202818d634aa7
2023-03-29 08:11:04,False,1.4e-07,4.481e-10,560472149.0,2.5116,0x08...af7e,https://bscscan.com/tx/0x947be033198168672d982f5b18ba26c88a0cbe3694318461208b6c3ee36aaa95
2023-03-29 08:10:13,False,1.408e-07,4.486e-10,412189566.0,1.84918,0x08...af7e,https://bscscan.com/tx/0x8585d59ff1457df5c89f8d69fcd0de058435a470d7ce731d2f23e6da6c6d82db
2023-03-29 08:10:04,True,1.415e-07,4.508e-10,543470964.0,2.45,0x2a...576a,https://bscscan.com/tx/0x41da04f97fe150685982291c7dcb98518f15168025b0b955d00ab3c118a1a8cd
2023-03-29 08:10:01,True,1.413e-07,4.501e-10,733101557.0,3.3,0x1b...7f6d,https://bscscan.com/tx/0xce20ec770541dbb0f0ea62d348bc9daa7c31e5d181a56e53fb82852cda56f7fa
2023-03-29 08:09:34,False,1.407e-07,4.481e-10,1194929149.0,5.35487,0x2a...576a,https://bscscan.com/tx/0xd3c16e121cb6e7f48aad1858178321d53d62f9327dc3ca08fe9ec9dcb48c49fe
2023-03-29 08:08:28,True,1.414e-07,4.502e-10,1368010481.0,6.16,0x08...af7e,https://bscscan.com/tx/0xfddf95cce4016b6c5c34117dffc60e34711df237dd1ef579cd9b2733ef7da1a2
2023-03-29 08:08:13,False,1.406e-07,4.478e-10,1053584546.0,4.71877,0xec...0165,https://bscscan.com/tx/0xddce1918e4c097e6354532a6560fe8eba546e36282fca94c4751bd271b94fcc0
2023-03-29 08:07:10,True,1.414e-07,4.501e-10,966305193.0,4.35,0xec...0165,https://bscscan.com/tx/0x7eebfc587e18a0e7c0567dd3564890279f680e1e725a44ebf77d4dac056fba51
2023-03-29 08:06:46,False,1.4e-07,4.48e-10,1212891086.0,5.43433,0x08...af7e,https://bscscan.com/tx/0x8794756d8c5446ce38ce971e33f681cdb82578bf30a72d20bfc791eb19759460
2023-03-29 08:05:52,False,1.41e-07,4.489e-10,508230565.0,2.28163,0x08...af7e,https://bscscan.com/tx/0x5167e5cc76be86f68c54408fdab2e111e4e1bdeaf22aab0452b2c012e0d16a20
2023-03-29 08:05:40,False,1.412e-07,4.498e-10,1239453683.0,5.57558,0xec...0165,https://bscscan.com/tx/0x634066d4dce9360cb3bb59934b106628211dae536cab4233afdf8df03115c7fa
2023-03-29 08:05:19,True,1.421e-07,4.525e-10,426498594.0,1.93,0xde...fa58,https://bscscan.com/tx/0x96140127e7275e23e8f72d8ac7eabd6bce049027873f7dc06eb380a68a1a15e7
2023-03-29 08:04:58,False,1.408e-07,4.506e-10,1186547301.0,5.34727,0x1b...7f6d,https://bscscan.com/tx/0x2efa6c6d337518e95baf0744beb6423d670d156d68e553ba6651761d6b9b77eb
2023-03-29 08:03:37,True,1.423e-07,4.531e-10,673012575.0,3.05,0x1b...7f6d,https://bscscan.com/tx/0x9745a1498a38d01e1a12a9c0bdf870b6fed8a81941f24f18ebea7924a894ed61
2023-03-29 08:03:16,True,1.42e-07,4.522e-10,1129926910.0,5.11,0x08...af7e,https://bscscan.com/tx/0xe137c81d601305a82f05c5f4e424fcd62efaaf1eacdeb996f2f8f893fd0c3bdb
2023-03-29 08:03:10,True,1.417e-07,4.513e-10,660304366.0,2.98,0xec...0165,https://bscscan.com/tx/0x02522b8975b40155c7ffacd72f58ef3f9a6d10533f296181732b295b93511fac
2023-03-29 08:02:49,False,1.404e-07,4.49e-10,727455750.0,3.26692,0x1b...7f6d,https://bscscan.com/tx/0x504a192af4bb607a3db029c98d06704d94ffdca35131212be7ddb2c4b4d279d7
2023-03-29 08:02:34,True,1.411e-07,4.514e-10,609213309.0,2.75,0x2a...576a,https://bscscan.com/tx/0x5701e0fe3a9715155e188d54ec3b45ae3f2bb87097a5022c0d47e98a6e8627ca
2023-03-29 08:02:16,True,1.409e-07,4.508e-10,543476687.0,2.45,0xde...fa58,https://bscscan.com/tx/0x3059c70f1e112bad85f52845c477a8d34a170f052174a41e6f1db5533563ccc6
2023-03-29 08:01:34,True,1.416e-07,4.504e-10,106288703.0,0.4787,0x79...6d8a,https://bscscan.com/tx/0x243570d9b34a594eed7a42eecc5123a2c737670a777d7c7a6b56847afa40f5bb
2023-03-29 08:01:07,False,1.41e-07,4.483e-10,324709419.0,1.45576,0x1b...7f6d,https://bscscan.com/tx/0x68f227e896e9a65722bc31b325189b693c8828706c281714ba94883432567f9a
2023-03-29 08:01:01,False,1.406e-07,4.489e-10,968824171.0,4.34998,0xec...0165,https://bscscan.com/tx/0x5c393ef67db4e6ddc5021edf9d86f99bf279ecf9b0700d7395f7943b08a0f1e6
2023-03-29 08:00:49,True,1.42e-07,4.513e-10,677893022.0,3.06,0x2a...576a,https://bscscan.com/tx/0x34e3b8525e50c2c2801fb1f1ca1586dc47c093d54b806534aa9eabde072257d7
2023-03-29 08:00:40,False,1.413e-07,4.491e-10,645810354.0,2.90051,0x08...af7e,https://bscscan.com/tx/0xfffb67cbd9cac9614dfecc8de9fa596156a17a63148243b0e1e96eee1d3f08a9
2023-03-29 08:00:28,True,1.419e-07,4.511e-10,1037289171.0,4.68,0xec...0165,https://bscscan.com/tx/0xf307375e5dd19747d427f1bd635b317a0c17940e245af774a1b616c87ee78ed3
2023-03-29 08:00:13,False,1.412e-07,4.486e-10,444028224.0,1.99198,0x2a...576a,https://bscscan.com/tx/0x3f45316015fbfafca9dd330c99ab12b736e85650bfdbaa88404e867297c98eba
2023-03-29 07:59:49,True,1.419e-07,4.508e-10,567877335.0,2.56,0x08...af7e,https://bscscan.com/tx/0xbf3c53168c4a12687e44639f6ce22eeb70150e86188b155d07aa4653780b9905
2023-03-29 07:58:46,False,1.405e-07,4.486e-10,688758581.0,3.08986,0xde...fa58,https://bscscan.com/tx/0x34c6d41b711089de46938b78002642ebdb0111ec9d158efe769a60e804dfa32e
2023-03-29 07:58:34,True,1.419e-07,4.508e-10,692009347.0,3.12,0x2a...576a,https://bscscan.com/tx/0x34a4ccc48b67470a6d114afb6b524b4d6b620bb081599839bbf0357c8c8438ea
2023-03-29 07:58:07,False,1.411e-07,4.484e-10,409887243.0,1.83819,0xec...0165,https://bscscan.com/tx/0x73887e98e3a1ced82f41367aa03137df16fe24e7a107358031a36c755039d0c6
2023-03-29 07:57:46,True,1.412e-07,4.509e-10,925419.0,0.0041,0xb1...e80b,https://bscscan.com/tx/0x4701df37780caf854893988dfff80fad04e69a226dbea3550e94be0513ad373a
2023-03-29 07:57:31,True,1.418e-07,4.505e-10,747997613.0,3.37,0xde...fa58,https://bscscan.com/tx/0x6071cdcb94af7d3ddcc47fcd6f58105646bbc88684ac7fb742fe679dc383e5ed
2023-03-29 07:57:13,False,1.403e-07,4.481e-10,429745699.0,1.92578,0x08...af7e,https://bscscan.com/tx/0x49908eef07c13420acbdc822458105ab0dc81c866ace2aead6b6eee12837afae
2023-03-29 07:57:10,True,1.41e-07,4.502e-10,626294308.0,2.82,0x1b...7f6d,https://bscscan.com/tx/0xe35d4b2f17cb75c575fddd2f4417537d489bb2d3a70f1f5f7660cb7744223dd2
2023-03-29 07:56:43,True,1.414e-07,4.494e-10,965643061.0,4.34,0xec...0165,https://bscscan.com/tx/0xa29b2602241b0948f783fc6d11d79fa4ecd9f2c8408417e99e81fbb17d91c1bf
2023-03-29 07:56:22,True,1.411e-07,4.484e-10,952169859.0,4.27,0x08...af7e,https://bscscan.com/tx/0xa7faf08eea6826ac6efec47586e79bd6e898230fde7c53b9b319e3556f3564bb
2023-03-29 07:55:31,False,1.405e-07,4.463e-10,1194282714.0,5.33049,0x08...af7e,https://bscscan.com/tx/0x32dfa574e027dff4b78dd7f1658e2d7504e0447d6e4cd3f61a75faac4ff4edb3
2023-03-29 07:55:16,False,1.401e-07,4.472e-10,615225545.0,2.75168,0x2a...576a,https://bscscan.com/tx/0x44db76c55338405ed5017c0a6550d74a47a12f2b7d0147c92bf93432bad7bab9
2023-03-29 07:54:58,False,1.409e-07,4.477e-10,294076079.0,1.31667,0xde...fa58,https://bscscan.com/tx/0x283e01358c755dcf225da1e352d596dbbe8134020637f85725ffe63a3d6680c4
2023-03-29 07:54:31,True,1.408e-07,4.496e-10,991960003.0,4.46,0x1b...7f6d,https://bscscan.com/tx/0xaed91f8e0ee9492b5fef9083c58b66e5c90b47d31f972eaa8e678233f8699ccd
2023-03-29 07:54:25,False,1.4e-07,4.47e-10,401130402.0,1.79331,0x08...af7e,https://bscscan.com/tx/0xfb5a1d96d97bd37c4b7e372e925d61d064e872ad58b55d5197b90814c34cc412
2023-03-29 07:54:22,True,1.406e-07,4.49e-10,841721468.0,3.78,0x2a...576a,https://bscscan.com/tx/0x2b674ea84c424986bbe7fd2accca7e7e4092cd9c5c857d860880841e800a0af0
2023-03-29 07:53:58,False,1.399e-07,4.465e-10,363428209.0,1.62304,0x1b...7f6d,https://bscscan.com/tx/0xfebb4c6db541ab00bfc3a754f03264a3c192333c9665ae53bc448c280b2983e8
2023-03-29 07:53:55,True,1.404e-07,4.483e-10,1266826711.0,5.68,0x08...af7e,https://bscscan.com/tx/0x179bb1435ca8c981a691193bfd65baf0cab6d1996b76419f1b1772fa4a2811df
2023-03-29 07:53:46,False,1.396e-07,4.458e-10,750813547.0,3.34758,0xde...fa58,https://bscscan.com/tx/0x618661b615b59d38fada00306dbb05f90ff5942e9663b7cdf6ae7049ce7f1436
2023-03-29 07:53:31,False,1.399e-07,4.466e-10,704352574.0,3.14568,0x2a...576a,https://bscscan.com/tx/0xbebca406adba53795bcbc4384079f81f5bd012acbc89a224f9d1c96e76612909
2023-03-29 07:53:19,False,1.4e-07,4.469e-10,4868381.0,0.0217,0x08...a4b2,https://bscscan.com/tx/0x70a51310605c8462d8b956526d6e7030a63ecb847512fb1a59dcaca8380a7398
2023-03-29 07:53:10,True,1.405e-07,4.485e-10,1284134196.0,5.76,0xde...fa58,https://bscscan.com/tx/0x10565f70cce554d0ac96960481c068dc593efc3fb8920291b062cf74edd44749
2023-03-29 07:52:49,False,1.404e-07,4.46e-10,687278768.0,3.0653,0x2a...576a,https://bscscan.com/tx/0x9e51cb01368e994f83fc6d932e866100eb2d5ab8f1e87340845630cda9f4818e
2023-03-29 07:52:22,False,1.406e-07,4.466e-10,509367497.0,2.27493,0x08...af7e,https://bscscan.com/tx/0x817d063fccfc1d8727c457bcc1c93b81c3b1756170e7941e2e11c6529e25481f
2023-03-29 07:51:52,False,1.4e-07,4.472e-10,664108802.0,2.97004,0x1b...7f6d,https://bscscan.com/tx/0xae2b7139c2ac623eb8ef66645b814b662e99ac7ea98795d621a1301d2bf72e8d
2023-03-29 07:51:31,False,1.402e-07,4.477e-10,374263030.0,1.67578,0x08...af7e,https://bscscan.com/tx/0xeb197b174edfa1ade5add7b63ed6a4b2a9f50289eabbb0361768efd52eb53e99
2023-03-29 07:51:22,False,1.404e-07,4.482e-10,537311615.0,2.40837,0x1b...7f6d,https://bscscan.com/tx/0xdf3337db19eb667d2350b07857029825967b79d2fdc6e04b69d9e5a2628a7757
2023-03-29 07:50:28,True,1.416e-07,4.501e-10,1197430036.0,5.39,0x08...af7e,https://bscscan.com/tx/0x84fdaa1e9a6aa11bfb7cd5443aa47514985e51361f2a44d70622d17bb12147fe
2023-03-29 07:50:07,True,1.405e-07,4.488e-10,1236440009.0,5.55,0x1b...7f6d,https://bscscan.com/tx/0x7b60eea5da3a5b7056c267f0a049f0a64340bd1d686b13c1c4c978e3b8439d3c
2023-03-29 07:49:34,False,1.398e-07,4.462e-10,564361181.0,2.51864,0xde...fa58,https://bscscan.com/tx/0x92e8607e8ac8166e483cee8c77d423d39286dc3e569bf00611a3dc169e75779d
2023-03-29 07:48:28,True,1.404e-07,4.482e-10,1019439407.0,4.57,0x2a...576a,https://bscscan.com/tx/0x35f449053e6a28a6e7bbd33e25e26a78644e6dd4302f538837f98df0157d7dee
2023-03-29 07:47:43,False,1.396e-07,4.458e-10,621982984.0,2.77307,0x08...af7e,https://bscscan.com/tx/0x21c4557e5f0e4096a55d7b8b506e33e905dd24e1b31ed98759bfce241de498e5
2023-03-29 07:46:43,False,1.406e-07,4.465e-10,770442022.0,3.44046,0xec...0165,https://bscscan.com/tx/0x78c5be6c11df9d4d78fca7b81d74cb89014dd31e750719ce6affe6fd6bc1f74a
2023-03-29 07:46:40,True,1.413e-07,4.488e-10,721891019.0,3.24,0xde...fa58,https://bscscan.com/tx/0x8d96223ea5b4aff40e32f08d07f4573b3d024eb50d0af6fbc0cce9b8ab5f7a5b
2023-03-29 07:46:22,False,1.4e-07,4.468e-10,1170170790.0,5.22845,0x2a...576a,https://bscscan.com/tx/0x5312b4b61e57577376ffa96c67190ff4947bacb200757d1047e8b8182d8d0ba3
2023-03-29 07:45:58,False,1.41e-07,4.478e-10,815336263.0,3.65133,0x08...af7e,https://bscscan.com/tx/0x5ace52a22cc6f5df535ca51425f80e1eef10024d4aa03f10867502208381b4e4
2023-03-29 07:45:49,False,1.407e-07,4.488e-10,1195612249.0,5.36675,0xde...fa58,https://bscscan.com/tx/0xb1415d9a0336d538f965a4d534662452eeb96ddc3716470e6768c505a0d2bce2
2023-03-29 07:45:28,True,1.422e-07,4.514e-10,642433680.0,2.9,0x2a...576a,https://bscscan.com/tx/0x1f210c9f83c990be84b0974335861682a10a6a8b1c584703e40555ed5c848620
2023-03-29 07:45:25,False,1.414e-07,4.49e-10,491357454.0,2.20657,0x1b...7f6d,https://bscscan.com/tx/0xcbbb1aac59c1a470bd5b177d5facb944a376348884e15d4a610d3f46b04f087c
2023-03-29 07:44:34,False,1.409e-07,4.496e-10,523707745.0,2.3546,0x1b...7f6d,https://bscscan.com/tx/0x2f2178332b49cc5b44d49b11bab9f02a5d9d5f6c311037202b6bce91a82e773d
2023-03-29 07:44:16,True,1.423e-07,4.519e-10,380588512.0,1.72,0x08...af7e,https://bscscan.com/tx/0xb9a0bb2611f547cb93c292f1d79f39b1b5a7607d2397faed2d4b7e7ce07c1cd1
2023-03-29 07:44:10,True,1.421e-07,4.511e-10,1181513522.0,5.33,0xde...fa58,https://bscscan.com/tx/0x2b3e77af4cecf9020d5258721d681c26f88b4344de2ade8b1776473980075288
2023-03-29 07:44:04,False,1.413e-07,4.485e-10,578634083.0,2.59547,0xec...0165,https://bscscan.com/tx/0xbeb562432bd4edc4b5585fde0bbb6eead3f973fcc6b31f78fbc5443f79ce6f31
2023-03-29 07:43:43,False,1.408e-07,4.491e-10,611824455.0,2.74811,0x2a...576a,https://bscscan.com/tx/0x45faaaffb801213803c26d5c4cc1862494cfdb575baa96bc2c826c44b8442eb9
2023-03-29 07:43:13,False,1.409e-07,4.497e-10,503591419.0,2.26488,0xec...0165,https://bscscan.com/tx/0x58d24b7c6d8d84093d280567049f9fb7485af466dc8c36e4c61ba1cd0b3a47a3
2023-03-29 07:43:01,False,1.418e-07,4.502e-10,496018292.0,2.23339,0xde...fa58,https://bscscan.com/tx/0xa6038419c9461235d1ba6dbe17bf690cdaa6a8e78428a9bcce0560f7e2a3d9d9
2023-03-29 07:42:19,True,1.418e-07,4.524e-10,652019275.0,2.95,0xec...0165,https://bscscan.com/tx/0xb04b779bfc85e5b8ab92f1977ad8e3f559665e43628bcb61d278372e8bce2c67
2023-03-29 07:41:40,True,1.416e-07,4.516e-10,885667347.0,4.0,0x08...af7e,https://bscscan.com/tx/0x53c3517352c85bbb95c9bb371fb88c1aa34a9c18567f54bb173fd889af156465
2023-03-29 07:41:28,False,1.415e-07,4.491e-10,394480710.0,1.77172,0xec...0165,https://bscscan.com/tx/0x755137a04c396054a4d1c08b7cd3deee6d2991b001628c678eba79c3e6aa8aad
2023-03-29 07:41:19,False,1.41e-07,4.496e-10,663376231.0,2.98304,0x1b...7f6d,https://bscscan.com/tx/0x4ecc52a0af35770f00cc44c2ab6f6aefb03b43e9b22b3221015971e4f11f298b
2023-03-29 07:40:48,False,1.412e-07,4.504e-10,879446477.0,3.9617,0x08...af7e,https://bscscan.com/tx/0x20c48015fe99ac232cdd081a7474c35757276de9c4c5d773f49b34edc71ebcdd
2023-03-29 07:40:11,True,1.426e-07,4.527e-10,907845984.0,4.11,0x2a...576a,https://bscscan.com/tx/0xf7a97665447e8170528f063613d6a5a419f6dbfefb263fcb798d61743811ced0
2023-03-29 07:39:49,True,1.418e-07,4.522e-10,48715252.0,0.2203,0xf9...4fc5,https://bscscan.com/tx/0xc4b9f685822c4c0392fd1499ff6103cae02d4a6c8d7b34f704ee2b2c2b7f8f83
2023-03-29 07:39:40,True,1.416e-07,4.514e-10,1422081422.0,6.42,0xec...0165,https://bscscan.com/tx/0x684bdda43530a9b23ed3ba4d5988c39ddf055227fbc3355c14a0c7948b19159e
2023-03-29 07:39:27,True,1.418e-07,4.5e-10,1257620182.0,5.66,0x1b...7f6d,https://bscscan.com/tx/0x9263c07d89033d7b7e58d977d81cc8077eac46071a52a9799aa86867098cb9f5
2023-03-29 07:38:37,False,1.405e-07,4.477e-10,1077077539.0,4.82225,0x1b...7f6d,https://bscscan.com/tx/0x2f4adba57dbc53cf66a6ce903be8df49d6b010ab70765943b7bcb29705c67b81
2023-03-29 07:37:46,False,1.415e-07,4.487e-10,961813139.0,4.31631,0xde...fa58,https://bscscan.com/tx/0x5c8ce3fe747b1871bdda2ef2b46b5ad53340f7f7ded8a4e99d2992b336678bd3
2023-03-29 07:32:35,True,1.424e-07,4.515e-10,33222431.0,0.15,0xbe...af03,https://bscscan.com/tx/0xf8fecdc2bb2f2fca49d2172ff78a87b56fcbf84f3449976e2030a4e46fe1e08e
2023-03-29 07:25:26,True,1.416e-07,4.514e-10,8226228.0,0.0371,0x57...6f52,https://bscscan.com/tx/0xc9e312761a7f1b5c3e1aee57600f4fb0d389e9a21cceff58ec802585f9ed4b14
2023-03-29 07:22:23,False,1.416e-07,4.489e-10,143587.0,6.447e-05,0x24...b9d0,https://bscscan.com/tx/0x48e9e1ce961da04b6082a9a1c18f4a6011743ff5ae9e193daaf32380835a2c8e
2023-03-29 07:10:11,True,1.423e-07,4.514e-10,1000000.0,0.0045,0xce...ad46,https://bscscan.com/tx/0x1df8e54101daeccb68015d74cf9264d9ce3e0610e726fa4a5e021519a8c530c2
2023-03-29 07:08:32,True,1.416e-07,4.514e-10,498.366,2.25e-07,0xf7...4f56,https://bscscan.com/tx/0x4ed8a90c17d201e0040bbd9964927a397f8b34a8d735c7753df675faa05f24c5
2023-03-29 07:08:32,True,1.416e-07,4.514e-10,198350.0,8.955e-05,0xf7...4f56,https://bscscan.com/tx/0x4ed8a90c17d201e0040bbd9964927a397f8b34a8d735c7753df675faa05f24c5
2023-03-29 07:01:02,True,1.422e-07,4.514e-10,332244.0,0.0015,0x95...adc1,https://bscscan.com/tx/0x456125e29da73d8c3cf539ea37ae895dccbb0126dea280748c9ad22441456e9b
2023-03-29 07:01:02,True,1.422e-07,4.514e-10,132253511.0,0.597,0x95...adc1,https://bscscan.com/tx/0x456125e29da73d8c3cf539ea37ae895dccbb0126dea280748c9ad22441456e9b
2023-03-29 06:51:59,False,1.409e-07,4.497e-10,1227323913.0,5.51952,0x2a...576a,https://bscscan.com/tx/0x188653788979d441ffb7a8e9882aa270c37331da397eea7ea5247d689c7227e8
2023-03-29 06:49:23,True,1.424e-07,4.521e-10,979864787.0,4.43,0x2a...576a,https://bscscan.com/tx/0x6133067c4dd74faa080988d7db5ec8775e614a4b94b150b1c2dce14b57d5a8f9
2023-03-29 06:47:56,False,1.416e-07,4.495e-10,324485727.0,1.45858,0xec...0165,https://bscscan.com/tx/0x9c88a7b219cb681bdea0c1d76b80c34787a2545c36acb5f9094e0fef44e70f61
2023-03-29 06:47:35,False,1.41e-07,4.5e-10,723077539.0,3.2542,0x2a...576a,https://bscscan.com/tx/0x8a130a723a031d8955418d8eca17aa112cee0c9146cecb9fe0ceed4e316d223f
2023-03-29 06:47:14,True,1.418e-07,4.526e-10,14585037.0,0.066,0x5b...4dae,https://bscscan.com/tx/0xcc7c37ae1af9491ef6e6febd418213cc908023420a96a071d2b6387c393cf6c0
2023-03-29 06:46:41,True,1.425e-07,4.524e-10,375713589.0,1.7,0x2a...576a,https://bscscan.com/tx/0x3df67147efdc16fe36a95a948aec573b3410ba665f2ac18630b0f69e4a84dc6d
2023-03-29 06:45:17,False,1.419e-07,4.505e-10,1108077847.0,4.99293,0xec...0165,https://bscscan.com/tx/0xe9a5f88eb87c7260be4089d19267219243593fba826a4677ea614f7956ead935
2023-03-29 06:44:23,True,1.419e-07,4.53e-10,686422236.0,3.11,0xec...0165,https://bscscan.com/tx/0x754123c520d63e7d3ea6466862969acc394578e040d9c2661fc7a19bccb0209d
2023-03-29 06:44:02,True,1.425e-07,4.524e-10,523826460.0,2.37,0x2a...576a,https://bscscan.com/tx/0xe88a62a9d0f4a8352f29a83d17a09551a355d6ad31e7dd2465cab7a4d092bb46
2023-03-29 06:43:32,False,1.417e-07,4.501e-10,414237534.0,1.86458,0xec...0165,https://bscscan.com/tx/0xa4824f1b7763f90d16fec151de45dd35f6095610343166b23f9d4689a03e1517
2023-03-29 06:43:08,False,1.419e-07,4.506e-10,652806063.0,2.94206,0x2a...576a,https://bscscan.com/tx/0x086605b9dd35be109521b99bb934b55f45ff4ff136de81aeb515e7b1f0280f10
2023-03-29 06:41:47,True,1.426e-07,4.53e-10,399495429.0,1.81,0xec...0165,https://bscscan.com/tx/0x37e55f001f742083cfe5c08ad2e523b2a3332054f694b3b43d862efdfb2fea89
2023-03-29 06:41:23,False,1.412e-07,4.507e-10,369013692.0,1.66349,0x2a...576a,https://bscscan.com/tx/0xdd70c5bcc58ef336c008a4993f3557710ea8911756c406126cd0b5124ad2cee1
2023-03-29 06:40:53,True,1.426e-07,4.529e-10,569600172.0,2.58,0xec...0165,https://bscscan.com/tx/0xe194d54b6584310f4fe9cb7ce9ae257d2a90e86d3f69a2833a2d4bf4906262f4
2023-03-29 06:39:08,True,1.424e-07,4.524e-10,470817694.0,2.13,0xec...0165,https://bscscan.com/tx/0x73c27617e7e5ec46dc45909a6aaa8685942b241bd679301ae6f7d68de676dee5
2023-03-29 06:38:38,False,1.417e-07,4.5e-10,281279839.0,1.26589,0x08...af7e,https://bscscan.com/tx/0x1e34cca344772310caf21c426e438926cb5806c06969f717bcd27c3753aa4342
2023-03-29 06:38:14,False,1.419e-07,4.507e-10,1106792880.0,4.98908,0xec...0165,https://bscscan.com/tx/0x825a003dee11a6baf02ed024dcdcde887437c3162b009a6a9180ffe0b7204174
2023-03-29 06:37:47,True,1.426e-07,4.529e-10,1280530695.0,5.8,0x2a...576a,https://bscscan.com/tx/0x31809657d45daa311941dee8e9725da05d9b3999997e045164545f35d81c8683
2023-03-29 06:37:23,True,1.422e-07,4.518e-10,708126436.0,3.2,0xec...0165,https://bscscan.com/tx/0xcdb932e6ded2a5a1d1f63f1391c8d55697604c4fb4f0ea89ea0a552c3537214c
2023-03-29 06:36:29,False,1.415e-07,4.495e-10,560325901.0,2.51902,0xec...0165,https://bscscan.com/tx/0x9ce729fbbc5f4d12a4e843575a4c362847dd3cd0ab37db87828972041b90c8bd
2023-03-29 06:36:02,False,1.417e-07,4.501e-10,536575140.0,2.4153,0x2a...576a,https://bscscan.com/tx/0x770f60e538e2f159fd8ab0aea15a56552600e2e49618c5e2755d1f207fd465a3
2023-03-29 06:35:35,False,1.419e-07,4.509e-10,961766232.0,4.33672,0xec...0165,https://bscscan.com/tx/0xf044b96771aa72d4856ffc62c8479670b5eb9582a48e113f38adbd7ebdfc7f86
2023-03-29 06:35:11,True,1.418e-07,4.531e-10,1021756966.0,4.63,0x08...af7e,https://bscscan.com/tx/0xe831c4f5fc2cdaac82d37b29e723009fcf11c9b96e829aeb1103b74357a7847e
2023-03-29 06:35:08,False,1.411e-07,4.507e-10,863864350.0,3.89426,0x2a...576a,https://bscscan.com/tx/0x389b19ba4a8c2ae51d3a99bd764293d54d9075e28a5e7a8ab4b96e6409157e35
2023-03-29 06:34:44,True,1.425e-07,4.528e-10,1218893511.0,5.52,0xec...0165,https://bscscan.com/tx/0xbbda9a4a3dbb07899880ce7c39f97ad3208e444400eb23b9ed9fbb93656a69cb
2023-03-29 06:34:02,True,1.422e-07,4.517e-10,914214525.0,4.13,0xde...fa58,https://bscscan.com/tx/0x35292910980af0d2684808b88dc23b1f3b873ed2d87c2f1003d2e00cfc73bda3
2023-03-29 06:33:26,False,1.414e-07,4.491e-10,339319527.0,1.52422,0x08...af7e,https://bscscan.com/tx/0xce872d51cfd6bd49f21a8ece3d070e1d0407e7b1d4d3c74f2cbbaea39b4f5cff
2023-03-29 06:33:20,True,1.42e-07,4.514e-10,427551899.0,1.93,0x2a...576a,https://bscscan.com/tx/0xcecf70a7cd3a139b862fe3e408d8b4fb9b33d4da00472e6741fdb2d847ea7532
2023-03-29 06:33:11,False,1.406e-07,4.49e-10,272232035.0,1.22252,0xde...fa58,https://bscscan.com/tx/0x2a82fbe848bea78d054b8535b587b10284f953b0bd61b1ba3f341eedd76dda82
2023-03-29 06:32:56,True,1.42e-07,4.512e-10,483139439.0,2.18,0xec...0165,https://bscscan.com/tx/0x71f85c381211eeef9009e01da778f1b0f9dbe62de41ce02c07db04fafa6d9b48
2023-03-29 06:32:35,False,1.412e-07,4.49e-10,678523582.0,3.047,0x08...af7e,https://bscscan.com/tx/0xaf24f625bcd029a3b6157e1284cf5969aa63ced769c2dd225cdad9d440325a18
2023-03-29 06:32:29,False,1.414e-07,4.496e-10,403671622.0,1.815,0x2a...576a,https://bscscan.com/tx/0x7659e81cfbdf853eed6844ce5129feb003f9cbe57fdd3b762bbbc1cc2b4fcb95
2023-03-29 06:32:20,False,1.416e-07,4.501e-10,585380686.0,2.63502,0xde...fa58,https://bscscan.com/tx/0x24c4a94d1e5bc15e4de8b06d8a19171f10f943e37b3c6f2b42ee4b7c289a3eb1
2023-03-29 06:32:05,False,1.418e-07,4.506e-10,496466822.0,2.23757,0xec...0165,https://bscscan.com/tx/0xc2ee2dc4f78a92a0ece678f46172adb003868fa9a52692747b2223804802dd49
2023-03-29 06:31:14,False,1.419e-07,4.513e-10,839049049.0,3.78743,0xec...0165,https://bscscan.com/tx/0x999c69aea11e84932dd642d744ccc72c7aebe76a2138912d20859477d4788a0f
2023-03-29 06:30:38,True,1.418e-07,4.534e-10,1329948841.0,6.03,0xde...fa58,https://bscscan.com/tx/0xc7e4ac537462b179861810921d30db26e730e176e207d38e851edb0b45d88e20
2023-03-29 06:30:20,True,1.421e-07,4.52e-10,1334054818.0,6.03,0xec...0165,https://bscscan.com/tx/0x8cc751c8d6833d7b329ec2bebc40b3a14039228e57c4814606ee2a813be84a03
2023-03-29 06:30:02,True,1.417e-07,4.507e-10,1102644205.0,4.97,0x1b...7f6d,https://bscscan.com/tx/0x54a52583b0338c09fcd7331ddade5d41fccd92f82edcb1de0c3a7b45cabce69e
2023-03-29 06:29:47,False,1.402e-07,4.482e-10,654229544.0,2.9326,0xde...fa58,https://bscscan.com/tx/0xa2a299fe120071906f582e4cff846fbdc5b5a4fe03fcaa8a9c7f98290225e5f2
2023-03-29 06:29:11,False,1.411e-07,4.487e-10,288324878.0,1.29382,0x1b...7f6d,https://bscscan.com/tx/0x53e52a45ca972d0703ff53df3a38ae6448ea9311e37df56021b1b8c9abedf4da
2023-03-29 06:29:05,True,1.409e-07,4.505e-10,1194180844.0,5.38,0x08...af7e,https://bscscan.com/tx/0x2099ede5de2b8b63b2394f3dc5e641d7b2cfd5f297a1cd3f8a35ca0bdc89fcd2
2023-03-29 06:28:56,True,1.406e-07,4.493e-10,1141761611.0,5.13,0x2a...576a,https://bscscan.com/tx/0x6b4da37c493d641c5880f83c7643952089e605209311c4f2ea5e754224355a11
2023-03-29 06:28:35,False,1.405e-07,4.468e-10,813746027.0,3.63657,0xec...0165,https://bscscan.com/tx/0x0d7c928d29a6a6d7aeaa0060b911b2215e6f1037df1512667ad284978d2eca66
2023-03-29 06:28:20,True,1.405e-07,4.49e-10,988768985.0,4.44,0x1b...7f6d,https://bscscan.com/tx/0x1b5c13c1d728667bb6b2b3d1654fedba5a47f76ca3eff54a91f8610aecdd24e4
2023-03-29 06:28:14,False,1.397e-07,4.465e-10,423835615.0,1.89247,0x08...af7e,https://bscscan.com/tx/0x2eba1c313a60aba5753a6a5b3519edfff4e18151f1a0d259959483ad3d8d53b6
2023-03-29 06:28:05,True,1.41e-07,4.485e-10,847209812.0,3.8,0xde...fa58,https://bscscan.com/tx/0xd84447fb0625769265d0def724fcc68a015d49e31760fe08a31b7e79702333c8
2023-03-29 06:28:02,False,1.403e-07,4.463e-10,876992360.0,3.91407,0x2a...576a,https://bscscan.com/tx/0x7bc2654277a1bffadb6dfd8491f3884ce0b09e2028c1e0e53385735a18a6fa30
2023-03-29 06:27:50,True,1.404e-07,4.486e-10,610677491.0,2.74,0xec...0165,https://bscscan.com/tx/0xc4365fe1773f01af07396ece518b57e56f90a9f302bf39ca2e62d81358aac55b
2023-03-29 06:27:29,False,1.405e-07,4.467e-10,1227439668.0,5.48369,0x1b...7f6d,https://bscscan.com/tx/0x8d349053f1c69d2d3a90bbcbfca112a5355e754871e9cb8bfe09ab41ccf22d82
2023-03-29 06:26:38,True,1.413e-07,4.494e-10,340410577.0,1.53,0x1b...7f6d,https://bscscan.com/tx/0x981bae770bfcf4b35a8df7ee364b36851aa6b78b8c1de6e78317149ce7a0d357
2023-03-29 06:26:29,True,1.405e-07,4.49e-10,487719790.0,2.19,0x08...af7e,https://bscscan.com/tx/0x08692e2727b2c54b9370c82ec682f7fc2a6d23e525520047f7566a1c6e62b33e
2023-03-29 06:24:47,False,1.398e-07,4.469e-10,711418361.0,3.17934,0x08...af7e,https://bscscan.com/tx/0x50e5e39f6c5fa0287c80377209525e3c31ec319ee48bfd6b3bbe4ad790dcd937
2023-03-29 06:24:38,False,1.4e-07,4.476e-10,749092114.0,3.35333,0xec...0165,https://bscscan.com/tx/0xea1ad4679097f2dcdbd962dc07a01ebe6f90ad87bfc69b200d70f349b1f18745
2023-03-29 06:24:05,False,1.409e-07,4.482e-10,332695866.0,1.49118,0x1b...7f6d,https://bscscan.com/tx/0x19b5eadedb6c1fa181362a79d6f1bb043ab0f573503c737837df48fb10abb180
2023-03-29 06:23:50,False,1.404e-07,4.487e-10,754779194.0,3.38724,0xde...fa58,https://bscscan.com/tx/0x92f87132b1ccb9b26cdbc3e8907208cbf26c68bbd588ce0ab59d2b99e32d315b
2023-03-29 06:23:17,True,1.417e-07,4.507e-10,1284536383.0,5.79,0x1b...7f6d,https://bscscan.com/tx/0x4ed90f2f7071ab224af0d3c2e1dd0f3994093e398f254b3de3983926c99088b3
2023-03-29 06:22:44,True,1.414e-07,4.496e-10,769437126.0,3.46,0x2a...576a,https://bscscan.com/tx/0x0a8977de07b7313434d346611a9544659d0a720b7f45902f3e7174ec4d046aea
2023-03-29 06:22:23,False,1.399e-07,4.471e-10,243534430.0,1.089,0xec...0165,https://bscscan.com/tx/0xdcb50be679014f18b85f11b4dafdabb1d502df581a0304ba0c049753a55adf07
2023-03-29 06:22:20,False,1.407e-07,4.476e-10,713413536.0,3.19364,0x1b...7f6d,https://bscscan.com/tx/0x7527dc397e8d6999d6aa4a65c2b115da809afe850c906c56d2a0b5460afedf91
2023-03-29 06:22:08,False,1.409e-07,4.483e-10,646510152.0,2.89867,0xde...fa58,https://bscscan.com/tx/0xe66fb55cdeffebaee7b0ba2853374dd0f690daf197f9f5dc4c7aae2ec65baff9
2023-03-29 06:21:50,False,1.411e-07,4.489e-10,432964210.0,1.94364,0x2a...576a,https://bscscan.com/tx/0x26495829b1b1e7d690b5541123be1d0f2561b55c9e4640b26e6c6742fad1030a
2023-03-29 06:21:32,False,1.413e-07,4.496e-10,898882013.0,4.04142,0x1b...7f6d,https://bscscan.com/tx/0x62404eaae4ed09ae6fa00524752f70d80a7fc7685332afc65c7c736f2e0a836d
2023-03-29 06:20:38,True,1.414e-07,4.519e-10,818763741.0,3.7,0xec...0165,https://bscscan.com/tx/0x45496420c79676df503d5e1d8735a39dfb05151b1c9d35480c4001504631182c
2023-03-29 06:20:26,True,1.418e-07,4.511e-10,629509097.0,2.84,0x08...af7e,https://bscscan.com/tx/0x442694fd30fdcc4543778437764f2c1817105b2e938ada57c9df080196e4d421
2023-03-29 06:20:02,True,1.416e-07,4.503e-10,868183570.0,3.91,0x2a...576a,https://bscscan.com/tx/0x96ec3f16325182cad0bb24bb57bf163b82453b0943a17e65ab3bd8400e017606
2023-03-29 06:19:47,False,1.408e-07,4.48e-10,716226883.0,3.20897,0xec...0165,https://bscscan.com/tx/0x0655fe889d671274c72be0d44621b8053462b7bbd8ee3b1fd745bf61666769a1
2023-03-29 06:19:35,False,1.404e-07,4.49e-10,1202190409.0,5.39819,0x08...af7e,https://bscscan.com/tx/0xfdef40c4c3350fafb122b56e5bb331018981bcb12f53675b231dd003d6272095
2023-03-29 06:19:35,True,1.413e-07,4.517e-10,356414118.0,1.61,0xde...fa58,https://bscscan.com/tx/0x4e1348f5dc393a412744bf1daf7ceb6b008bed085df97ebe78ba3bd24af86a7d
2023-03-29 06:19:08,False,1.413e-07,4.496e-10,713428891.0,3.20794,0x2a...576a,https://bscscan.com/tx/0xe8cc23eed0610cb73a284ba24c9f9409fd1bdb9d57709dc2afcd6d3e41e1099a
2023-03-29 06:18:41,True,1.421e-07,4.519e-10,555323438.0,2.51,0xde...fa58,https://bscscan.com/tx/0x9db21e6b85c0d5a392dd055d02ad70a27ca1e9091a9a53c7b6d413f789a5478c
2023-03-29 06:18:17,False,1.414e-07,4.497e-10,633520599.0,2.8494,0x2a...576a,https://bscscan.com/tx/0x1d6e6fe1e191457972ce4257e32fd2ad509c2f34f2defc5eb406326323827d16
2023-03-29 06:18:02,True,1.421e-07,4.519e-10,838642632.0,3.79,0xec...0165,https://bscscan.com/tx/0x9338a8c60efa6639767c821bc042c19bafcca172e638468599b6f51770c26915
2023-03-29 06:17:50,True,1.418e-07,4.512e-10,489774996.0,2.21,0x08...af7e,https://bscscan.com/tx/0x05a703194785340eb5cc8038012503905249bcb7de34fd64bbc86204379fd7f7
2023-03-29 06:17:23,True,1.416e-07,4.503e-10,1170166493.0,5.27,0x2a...576a,https://bscscan.com/tx/0x98c250134fad87bf0af150248bf7222ae90fd93107702a236f9cd6f820bc9907
2023-03-29 06:17:17,False,1.408e-07,4.477e-10,369739239.0,1.65533,0x1b...7f6d,https://bscscan.com/tx/0x2cb95cd41e2aa5265c2a0bc64fa12b18ac7803449292ad7fe1eee3c08792cbcb
2023-03-29 06:17:08,True,1.415e-07,4.499e-10,360038477.0,1.62,0xec...0165,https://bscscan.com/tx/0xead3584351587ea3d5dae9e98de2ac2daa5d6fc22f8850bfc03f8d32f79bc320
2023-03-29 06:16:59,False,1.409e-07,4.479e-10,764507280.0,3.42433,0xde...fa58,https://bscscan.com/tx/0x74d58390591649157eb8d4a6bae5d4b99a7b22d2a5433fef33e887b7f13aa7e0
2023-03-29 06:16:29,False,1.411e-07,4.485e-10,374678387.0,1.68044,0x2a...576a,https://bscscan.com/tx/0x5ced1e2f840cbffff8519bf125cd8738ab93038b27d37bacf264c311fc0c496e
2023-03-29 06:16:26,True,1.418e-07,4.507e-10,412662520.0,1.86,0x1b...7f6d,https://bscscan.com/tx/0x74da5fe3072b359ee11a0ed1302c959a59767bb2a2b2d3f54ef246e497454f7d
2023-03-29 06:16:17,False,1.404e-07,4.487e-10,1011319990.0,4.53871,0xec...0165,https://bscscan.com/tx/0x157f818e649a923ee12ebd7af8c45230a9a20c18bb0818885f57370b8a3ad7a0
2023-03-29 06:16:08,False,1.407e-07,4.497e-10,783610865.0,3.52405,0x08...af7e,https://bscscan.com/tx/0x2d789ca370be4f19977596ba4c00e25f10be5cd6fe666905502775fd9c8ead0e
2023-03-29 06:15:35,False,1.409e-07,4.502e-10,302086228.0,1.36024,0x2a...576a,https://bscscan.com/tx/0x26b548a443375309de0a1faef1e504e154afaada58ad91707eed96d4833e8720
2023-03-29 06:15:32,True,1.415e-07,4.521e-10,1052749876.0,4.76,0x1b...7f6d,https://bscscan.com/tx/0xcb9a5285a66a5f0895aab43ada5de45ae71d40421f5b77734c96e129904e922a
2023-03-29 06:14:44,True,1.419e-07,4.511e-10,857804228.0,3.87,0x2a...576a,https://bscscan.com/tx/0x29ea2328ef3dc1ef24eb8348121c424139a8fa7632dd7abf387b10b14d6d23e8
2023-03-29 06:14:29,True,1.408e-07,4.499e-10,1411200453.0,6.35,0xde...fa58,https://bscscan.com/tx/0x26752ababe71b98df49d1716c6b43907078bf47f090b2eced219a521c951a0c6
2023-03-29 06:13:50,False,1.408e-07,4.473e-10,772161696.0,3.45461,0x2a...576a,https://bscscan.com/tx/0x5e05763d43250ac31efa5da9317a23d8edee5f9146814d010a6d0b2c6edde9c8
2023-03-29 06:13:35,True,1.408e-07,4.497e-10,569213332.0,2.56,0xec...0165,https://bscscan.com/tx/0x8d03cd834851a327e0940f39e147a8c35986c026f38a9340cb9ee7d7866d7449
2023-03-29 06:13:29,False,1.4e-07,4.472e-10,15945762.0,0.0713,0x0b...8c2f,https://bscscan.com/tx/0xdc5bc35861c71d7af8f75aa2e285c5b5fe9d292eba42b7ee23c688498945f984
2023-03-29 06:12:56,True,1.406e-07,4.492e-10,362805120.0,1.63,0x2a...576a,https://bscscan.com/tx/0x5d4fe80219d56787adf80ef9f87e103dcbf542f405606ce45ba340b636bbc436
2023-03-29 06:12:44,False,1.4e-07,4.473e-10,1013625129.0,4.53464,0xec...0165,https://bscscan.com/tx/0xc74d6481c02a14108fbd40204d6a7bc49eab94177631cc8781beae6568f1721b
2023-03-29 06:12:02,False,1.411e-07,4.483e-10,961737207.0,4.3123,0x2a...576a,https://bscscan.com/tx/0xaada70508869bade70d4c0c79fbff5271eedb3a20f00c2e07b5b5b9049d4ab0f
2023-03-29 06:11:53,False,1.413e-07,4.492e-10,678825447.0,3.04952,0xde...fa58,https://bscscan.com/tx/0x2242b762019cf5210015a4bc3e75ac028bbb74eaa3d5796f15833ad54e2d33d2
2023-03-29 06:11:17,False,1.408e-07,4.497e-10,313883344.0,1.41169,0x1b...7f6d,https://bscscan.com/tx/0x2e722464f5e475955fbed68e2bb4b5780244c7a64c884502f5019b1fba893722
2023-03-29 06:11:08,True,1.415e-07,4.519e-10,500101444.0,2.26,0x2a...576a,https://bscscan.com/tx/0x74753b386bdd92512e70409edf15f6f3bdbff4cdda4eb9371e98f2dfb4c244a0
2023-03-29 06:11:02,True,1.412e-07,4.51e-10,1090720361.0,4.92,0xec...0165,https://bscscan.com/tx/0x84a8693753856c333260a0b16504877ac276b03cdebcb273cc6741d2ab30ca89
2023-03-29 06:10:38,False,1.406e-07,4.488e-10,1167390945.0,5.24001,0x1b...7f6d,https://bscscan.com/tx/0x5cda502e82f1a799fa9d59697ce30992c7593f9fba2c9e72458188ec1e1380f3
2023-03-29 06:10:17,True,1.414e-07,4.513e-10,717847345.0,3.24,0x2a...576a,https://bscscan.com/tx/0x020b2650260f0a7e7ca7b07c41087663f213481e13a2b66471085736d9d7ca4b
2023-03-29 06:10:11,False,1.406e-07,4.488e-10,270764559.0,1.21536,0xde...fa58,https://bscscan.com/tx/0x8b07c8a127b965dfe9c1252e7e0cbc0fc87ab4374145ea6ce2688f740b3abe02
2023-03-29 06:10:05,False,1.408e-07,4.493e-10,652639273.0,2.93258,0xec...0165,https://bscscan.com/tx/0xcbfc1767fe150807a21cd1ec392f00bcdd06b9e4eb7b7f6a42d139470e3e581f
2023-03-29 06:10:05,True,1.414e-07,4.513e-10,1063402977.0,4.8,0x08...af7e,https://bscscan.com/tx/0xd4a76eded3ca66b84b11f246c69c2b91a806ad16ecc48c9f782921d6a3b12d4d
2023-03-29 06:09:50,True,1.419e-07,4.506e-10,335069411.0,1.51,0x2a...576a,https://bscscan.com/tx/0xf5ef986d7712ad5d68852b7d54e73b355dafbfa84c7e7da7014666b0f51074d2
2023-03-29 06:09:20,False,1.412e-07,4.485e-10,610699180.0,2.73926,0xde...fa58,https://bscscan.com/tx/0x90741ac15580f55098094aae8fe7dc5c872001164a145831fcd3f8c5377755e5
2023-03-29 06:09:11,False,1.414e-07,4.493e-10,857653190.0,3.85348,0x08...af7e,https://bscscan.com/tx/0x88de6a832e4e135b88177752d6c7ae60028072467bb8715203fd66cacae00692
2023-03-29 06:08:20,False,1.41e-07,4.501e-10,789299412.0,3.5531,0xec...0165,https://bscscan.com/tx/0xb34ed0c975acac490a98d2dc4dfbf4c0d996ad42145c8ced82f8f4eb38a41924
2023-03-29 06:07:52,True,1.417e-07,4.522e-10,1081228208.0,4.89,0x1b...7f6d,https://bscscan.com/tx/0x6c6bba99224eee267f3366c798f2270281f2f2eeb5d750191d0f1acd056bd1aa
2023-03-29 06:07:38,True,1.414e-07,4.513e-10,662452872.0,2.99,0xde...fa58,https://bscscan.com/tx/0x5bb7d2cf6f9f404fbb5e0fb18f55d58b9ebb2f5ac6e3c5ab40ccf7e5f64d4882
2023-03-29 06:07:25,True,1.418e-07,4.505e-10,918919439.0,4.14,0xec...0165,https://bscscan.com/tx/0x219ca9fde86c7bb51145ab2b09a4d4eaacf2d750160e8dabfd359b0fa86ed220
2023-03-29 06:07:02,False,1.404e-07,4.483e-10,1006629478.0,4.51297,0x1b...7f6d,https://bscscan.com/tx/0x12f2e09dcf0b698ac3ff4fdef9cd92cdf36b1bf45e6ecc18932dbe5901f166cc
2023-03-29 06:06:46,False,1.414e-07,4.492e-10,841944830.0,3.78269,0x2a...576a,https://bscscan.com/tx/0x9a6b4f7433bf271d8e65a49f9882f73a1dab72fd487dde13915a7d70c5807f8b
2023-03-29 06:06:37,True,1.421e-07,4.513e-10,1183104146.0,5.34,0x08...af7e,https://bscscan.com/tx/0xf01fb4925d5cd87448ebffceafed30e6c91bbe721a32a93b38fc2f5ec40b6cea
2023-03-29 06:06:34,False,1.406e-07,4.488e-10,638614180.0,2.86622,0xec...0165,https://bscscan.com/tx/0x6e9b5975bbe9f926420b84caa2bce3b3303c7deaaf069dada465cacf12e26931
2023-03-29 06:06:19,True,1.41e-07,4.506e-10,1424576580.0,6.42,0x1b...7f6d,https://bscscan.com/tx/0x6fa5492b2e9f5c4fb86a51e90ea1887e2a6f17be50bcddbeccd6de27b89b4d31
2023-03-29 06:05:55,True,1.407e-07,4.494e-10,918914265.0,4.13,0xde...fa58,https://bscscan.com/tx/0xe379237ff2f8a3b18d1e5f92084bfa85ca799b947e13a94e309ee255003d736e
2023-03-29 06:05:42,True,1.404e-07,4.485e-10,867298361.0,3.89,0xec...0165,https://bscscan.com/tx/0x2f97cc3fddcb219d67a365a78585e35011cae9d889d4316312b75c59b3de3fe0
2023-03-29 06:05:18,False,1.397e-07,4.462e-10,866535972.0,3.86717,0x1b...7f6d,https://bscscan.com/tx/0xab95887be1a3097068b6cac772cca121cf9edc7e7b7ab4d867003e0432c7894e
2023-03-29 06:05:06,False,1.398e-07,4.468e-10,296044374.0,1.32295,0xde...fa58,https://bscscan.com/tx/0x74f946c05570fe8a02485c7026232406fe963005f5cd98b24c78751c55a7d16d
2023-03-29 06:04:48,True,1.405e-07,4.488e-10,744065390.0,3.34,0xec...0165,https://bscscan.com/tx/0x4ccb1f91cdc372b16f2fc28ed0a663f7cad7fa352ab2ea2da758982167ec2fb1
2023-03-29 06:04:30,True,1.401e-07,4.478e-10,1342093257.0,6.01,0x1b...7f6d,https://bscscan.com/tx/0xfc19360d417aea038d87da7986652dc930f5f1c1dbb9ef5dc87eda0142f3f5ef
2023-03-29 06:04:15,False,1.394e-07,4.454e-10,1008074825.0,4.48997,0xde...fa58,https://bscscan.com/tx/0x66f5ecccad28212015587c162ac5d494a591b43a1d21116e943e8afac6e4386a
2023-03-29 06:04:03,True,1.402e-07,4.478e-10,509052772.0,2.28,0x2a...576a,https://bscscan.com/tx/0x421693f41666daf5710803e2e3582f81b59e0548c71e53862ca2c38bf416b3f1
2023-03-29 06:03:09,False,1.395e-07,4.458e-10,802652209.0,3.57826,0x2a...576a,https://bscscan.com/tx/0x7bef4dd82e7765f551020ae7b7cdce68d28f3c5f8a392b7b4c8c50381cc1aeda
2023-03-29 06:02:33,False,1.404e-07,4.463e-10,256986819.0,1.14705,0xde...fa58,https://bscscan.com/tx/0xcb590d101c48717fd5149eb97a1825be1fe279a985b19ab3e273340a98bc6490
2023-03-29 06:02:18,False,1.406e-07,4.47e-10,1052552237.0,4.70512,0x08...af7e,https://bscscan.com/tx/0x7d4888dd9530e6b09afb7121bc159023d46f9eafea6fff1cce2d79e73891ea3f
2023-03-29 06:02:15,True,1.414e-07,4.495e-10,469344252.0,2.11,0x2a...576a,https://bscscan.com/tx/0x5a26cd79a79f613bd820d4f8d7a4ec84563027dc2f726ed6956fb76a1ba394e8
2023-03-29 06:02:12,False,1.408e-07,4.475e-10,849012610.0,3.79945,0xec...0165,https://bscscan.com/tx/0x22492570859f7779711e0534d9a796001bd82dafb1341fe7756571a7e22dfa44
2023-03-29 06:01:54,False,1.403e-07,4.481e-10,425121811.0,1.90527,0x1b...7f6d,https://bscscan.com/tx/0x71a025688bd66dea713e9c7cb42bcd9b9dd220937fa11416fd6439bbe9ab7d37
2023-03-29 06:01:42,True,1.41e-07,4.503e-10,517351540.0,2.33,0xde...fa58,https://bscscan.com/tx/0xb784f65c36270fa8b1026e2b83bd6a0348afcacfb93ea6f1ade4b97515557f36
2023-03-29 06:01:24,False,1.402e-07,4.479e-10,267009228.0,1.19618,0x2a...576a,https://bscscan.com/tx/0xe0b8e34e64c4ed1ba5c452abbb2c7f7e29988ae67c2b798b098e6e9c301c2396
2023-03-29 06:01:18,True,1.416e-07,4.501e-10,530989807.0,2.39,0xec...0165,https://bscscan.com/tx/0x5f7e61b6f3558428cad80608f9fb997a631aed83c65a394e88d43a6a53972781
2023-03-29 06:01:03,False,1.41e-07,4.482e-10,1231904030.0,5.52161,0x1b...7f6d,https://bscscan.com/tx/0xe001cd038f78eb9195d91de60893d6719a1604a3de27ac8a916cab7c2775e70c
2023-03-29 06:00:51,True,1.41e-07,4.506e-10,923163755.0,4.16,0xde...fa58,https://bscscan.com/tx/0x10920aa9d55177c9b30add65076816605f930e739b9dab8459e93e77add82c58
2023-03-29 06:00:33,True,1.414e-07,4.494e-10,1299307862.0,5.84,0x08...af7e,https://bscscan.com/tx/0xa5148c3bf14459a483e24ba8e4f397b81858c4ada3949761522a6b84f219427c
2023-03-29 06:00:33,False,1.406e-07,4.469e-10,713301045.0,3.18791,0x2a...576a,https://bscscan.com/tx/0x6c16631ce5b690dc21f0a1778a912d0f77b1f2ad21532a5c85219b3f4eb662e8
2023-03-29 05:59:57,False,1.408e-07,4.476e-10,676398463.0,3.02782,0xde...fa58,https://bscscan.com/tx/0x99c303240af4a4e0be3417e57fa3badaff0ec32cf92b35ab1761f95df1a638d3
2023-03-29 05:59:39,False,1.404e-07,4.486e-10,1199085725.0,5.37918,0x08...af7e,https://bscscan.com/tx/0xcd93755fa96b74f9cfbf849a0c4f8234842cacd38af7a4b290cf3a6d08a7d694
2023-03-29 05:59:21,True,1.411e-07,4.508e-10,1277688186.0,5.76,0x1b...7f6d,https://bscscan.com/tx/0x48cf24585128b8ecb78a08e194004f55588d1a16de79c13b89d3e7e4477cd1aa
2023-03-29 05:58:48,True,1.408e-07,4.498e-10,651383505.0,2.93,0x08...af7e,https://bscscan.com/tx/0x19f953597d32b074fc7bde96f42719f2769f58211761ab03058fa23f293cbf02
2023-03-29 05:58:42,True,1.405e-07,4.487e-10,1374893531.0,6.17,0x2a...576a,https://bscscan.com/tx/0x12ee23f34974a4033fea94b79753638d6ee347bfb9c2bdaef4d807b1b890e2fe
2023-03-29 05:58:15,False,1.404e-07,4.463e-10,990246319.0,4.4197,0xde...fa58,https://bscscan.com/tx/0x010497820dcd98ce41030eb3bcdd8da178c6dc9edad061ad9130a50bff4951a3
2023-03-29 05:57:30,True,1.413e-07,4.49e-10,73154702.0,0.3284,0x48...1c81,https://bscscan.com/tx/0xf38abb34f1da6921db79f95ba53dbe427976cc42da2d3e67b3a7ac27890f6a99
2023-03-29 05:57:06,True,1.412e-07,4.487e-10,548233663.0,2.46,0x08...af7e,https://bscscan.com/tx/0xcf7a84bcf2bce4573a319417d252ef53e2cc42fef1dd6d963ac796f9351dc681
2023-03-29 05:56:54,False,1.405e-07,4.463e-10,276732719.0,1.23515,0xec...0165,https://bscscan.com/tx/0xf7cbf326883f020fe3488c9233d1c42b943e4fa4111ebfcb791cc3e79a3c4d78
2023-03-29 05:56:33,True,1.404e-07,4.484e-10,503952042.0,2.26,0xde...fa58,https://bscscan.com/tx/0xd84da58c4428cc3c409297bd84b41000d7bef48c7abd890a7a4134ab19f49e3d
2023-03-29 05:56:15,False,1.405e-07,4.463e-10,691714876.0,3.08721,0x08...af7e,https://bscscan.com/tx/0x97678245fe018c0d9252355ef1c8d50a6186578244d2a449f2ce3259cfb628b5
2023-03-29 05:56:00,False,1.399e-07,4.468e-10,444332467.0,1.9857,0xec...0165,https://bscscan.com/tx/0x02507bde3f5e320640760b2ce5388b35203bce90b6a8c633b42bbdc9499ecb24
2023-03-29 05:55:57,False,1.401e-07,4.473e-10,490484910.0,2.19431,0x1b...7f6d,https://bscscan.com/tx/0xffe4b81e0000c6bd323741f76015d58ae5b46eb33ab113a3a8f492ee96b9e8b7
2023-03-29 05:55:12,False,1.403e-07,4.48e-10,814814042.0,3.65077,0x2a...576a,https://bscscan.com/tx/0x26e3bbdeebb46ee121a15ac5d98f9c9d97cd06e99e04f359fcf3c6811a6df173
2023-03-29 05:55:06,True,1.411e-07,4.504e-10,488383882.0,2.2,0x1b...7f6d,https://bscscan.com/tx/0x7a78c02982bcbec16364c339ed66d650c16964d91a93c867424da17309c3869f
2023-03-29 05:54:51,True,1.415e-07,4.496e-10,1176600186.0,5.29,0xde...fa58,https://bscscan.com/tx/0x401a71d53411a511f58041bf19786ee0a24e247ae5113f748fda3d61b69ccf36
2023-03-29 05:54:30,False,1.4e-07,4.471e-10,744482376.0,3.32882,0x08...af7e,https://bscscan.com/tx/0x5ca854353709f660928456c087f94526d23b50b9af9bcdf720d9310227b51da4
2023-03-29 05:54:18,True,1.408e-07,4.494e-10,533945679.0,2.4,0x2a...576a,https://bscscan.com/tx/0x64df0bb6b8fbc8d21f974f3b5d62976282eccd30006016ffc04383da8e2c0d23
2023-03-29 05:54:15,False,1.401e-07,4.472e-10,600981380.0,2.68803,0x1b...7f6d,https://bscscan.com/tx/0x002dc061cb52f6b60cb11822b4c35aa7a1873749b4997dd91555b2bd1bb546fd
2023-03-29 05:53:45,True,1.415e-07,4.496e-10,366961429.0,1.65,0xec...0165,https://bscscan.com/tx/0x9e906c2d00ca5639fdd79bb83a5955ac68754d3dc555a54e4c6be247df2dbe44
2023-03-29 05:53:24,False,1.4e-07,4.474e-10,540405361.0,2.41822,0x1b...7f6d,https://bscscan.com/tx/0x59a1c8c7ba89239aab5db9e6805e7849c2575251ba9cba9f676373ad2c9ac280
2023-03-29 05:52:45,True,1.408e-07,4.495e-10,845254432.0,3.8,0x08...af7e,https://bscscan.com/tx/0x74052cbb6dc4b8bb4deae7bb924bb282ba96627fffe3a935c0388261e14c9e1f
2023-03-29 05:52:30,False,1.4e-07,4.474e-10,1091087109.0,4.88207,0x2a...576a,https://bscscan.com/tx/0x5585529b77a05808d55d52d6fc959e1847d8b209be6b933f7c647b971c783148
2023-03-29 05:51:36,False,1.41e-07,4.482e-10,488055356.0,2.18778,0xec...0165,https://bscscan.com/tx/0x2411853d51581141ff189ec7be1ca4aa8b80e049464ff963ae364e4184007529
2023-03-29 05:51:27,False,1.413e-07,4.491e-10,1143655563.0,5.13625,0xde...fa58,https://bscscan.com/tx/0xafc7a3010761e8ffbdd70f8c36f33de110c08dde456e72a1b1efda110260406e
2023-03-29 05:51:03,True,1.414e-07,4.517e-10,416169423.0,1.88,0x08...af7e,https://bscscan.com/tx/0xfe54e17af472bac5d4fc58ea50476a0c275dcf146824afde47a9577253ffd4a2
2023-03-29 05:50:45,False,1.414e-07,4.495e-10,520364195.0,2.33923,0xec...0165,https://bscscan.com/tx/0xd065f1815dccb4cf30ab0b68c0d5e79be8ec48c504b09858aee17b88df29948a
2023-03-29 05:50:36,True,1.42e-07,4.515e-10,943373125.0,4.26,0xde...fa58,https://bscscan.com/tx/0xc46cdde6b7e3e57b7427421fc707bd63569cd476cbfa1f251132db5687a4c8e3
2023-03-29 05:50:09,False,1.412e-07,4.491e-10,690036757.0,3.09954,0x08...af7e,https://bscscan.com/tx/0x115b61fc6259d919037be203a32b055932914cd83630b27695ac2eb40b73aed9
2023-03-29 05:50:00,True,1.414e-07,4.517e-10,36101991.0,0.1631,0xe5...1a8c,https://bscscan.com/tx/0x1d919acb56063d5112fd18904326e3cdb0d62fd6bf3cbec8210d182dedb7b9e5
2023-03-29 05:50:00,True,1.412e-07,4.511e-10,1112640501.0,5.02,0x1b...7f6d,https://bscscan.com/tx/0xa421c8a6b4aef08148d6e6856e49a6493894abdece8c9368eec4f77c52934f97
2023-03-29 05:49:45,False,1.404e-07,4.486e-10,483714666.0,2.16994,0xde...fa58,https://bscscan.com/tx/0x835c88631e442b8df41e3d9bc0b2bcdf8cc5bf63baa39768c2391ab1e9b0726f
2023-03-29 05:48:27,False,1.412e-07,4.491e-10,505378187.0,2.26971,0x08...af7e,https://bscscan.com/tx/0x2eed9d461f0f65855ccac7931fe2cf3cc2405dfc4440a4c071afc28de473c645
2023-03-29 05:48:15,False,1.406e-07,4.493e-10,4285200.0,0.0192,0x1d...15df,https://bscscan.com/tx/0x085cd5c3e4426ff9fbf5e9e143d5f4a799606220867a3c5419d0212e3a0988dd
2023-03-29 05:47:39,True,1.411e-07,4.511e-10,1006412065.0,4.54,0xec...0165,https://bscscan.com/tx/0xc20f64524b5b1e1234403d4c097998994122bd99457bacac9a8e86dd0a7088dc
2023-03-29 05:47:33,True,1.415e-07,4.5e-10,995409432.0,4.48,0x08...af7e,https://bscscan.com/tx/0xe404528baa7112c21c5e47f21fc4adffa32b18bd129566335b76bbdfb39947dc
2023-03-29 05:47:24,True,1.413e-07,4.493e-10,411718226.0,1.85,0x1b...7f6d,https://bscscan.com/tx/0x6ff23338d00d94402f8c66f6100a3627ac7b19de272eab4a82834cb0a3ff9555
2023-03-29 05:47:12,False,1.399e-07,4.471e-10,594653454.0,2.65921,0xde...fa58,https://bscscan.com/tx/0x49369691d80aedcfb422e5a99869e2fa39f53b89a2bed2a29e3110bea267fa4f
2023-03-29 05:46:42,False,1.409e-07,4.478e-10,694472819.0,3.1102,0x08...af7e,https://bscscan.com/tx/0x3d9431f6e4ee76a9e9e4ac5a42471774bff81abae1ca35239da411e248151c01
2023-03-29 05:46:36,False,1.41e-07,4.484e-10,478654473.0,2.14655,0x1b...7f6d,https://bscscan.com/tx/0xaaae799cfd74554f7743cdf06b56883d182b4d05f75adaf39a21b1478aecbcd8
2023-03-29 05:46:21,True,1.409e-07,4.502e-10,1383723867.0,6.23,0xde...fa58,https://bscscan.com/tx/0x1933589b70fc0b9cbde70502bc0a0f6c41218e54cd0b732804ed794eb1670efc
2023-03-29 05:45:51,True,1.406e-07,4.491e-10,739201239.0,3.32,0x08...af7e,https://bscscan.com/tx/0x60345f920d7d410e33660092d047e193bceacd89fb27bd5ec9fea57998f88e7a
2023-03-29 05:45:45,True,1.404e-07,4.485e-10,450371768.0,2.02,0x1b...7f6d,https://bscscan.com/tx/0x585b05ebfa59e5bcbb30271bfa8798f0d5c64dd4df783c440d395e9dfa38eaab
2023-03-29 05:45:30,False,1.404e-07,4.464e-10,726651725.0,3.24392,0xde...fa58,https://bscscan.com/tx/0xc86901d9c682072f5ac7e234a171578da9cf74c8658c11dfd1cdc9a971be88ad
2023-03-29 05:45:27,False,1.406e-07,4.471e-10,755982625.0,3.38062,0xec...0165,https://bscscan.com/tx/0x1acab0b68ffedf1d7824be7c9b4039b5c76f613f6a49dcae70cb7221b91c40e2
2023-03-29 05:45:27,True,1.413e-07,4.493e-10,957001111.0,4.3,0x2a...576a,https://bscscan.com/tx/0x0a62ccf46952757ac7ae0d56ae468e7d89714482108c6c5867b245588f3ad276
2023-03-29 05:45:00,False,1.398e-07,4.468e-10,589406032.0,2.63398,0x08...af7e,https://bscscan.com/tx/0x40cebeae568fde0c70973f8da4f636373649e3c9eee86ceb82b0620e1923e64b
2023-03-29 05:44:39,False,1.401e-07,4.477e-10,1163364705.0,5.20943,0xde...fa58,https://bscscan.com/tx/0x6ec714008a6814f1eb03b232e1ebcdcc0004989afe31fddcb022d0d449c10c5d
2023-03-29 05:44:33,False,1.412e-07,4.487e-10,734460484.0,3.29603,0x2a...576a,https://bscscan.com/tx/0xd2fd9413c9e59b7d76c8ce88300a0ed4f8d2c3d2456d1b7176b7a7c75d187d5f
2023-03-29 05:44:30,True,1.42e-07,4.514e-10,1329192.0,0.006,0x7d...de37,https://bscscan.com/tx/0x0254922ef2328c3016ecc06997ad8b4f511b0a36b105afa9496332688bfc6b0e
2023-03-29 05:44:06,True,1.42e-07,4.511e-10,432204076.0,1.95,0x08...af7e,https://bscscan.com/tx/0x0fbace4f0a50f046c64298add0c38f9ea992c3155d2827dc3286374bd749b612
2023-03-29 05:44:03,False,1.413e-07,4.489e-10,477048362.0,2.14169,0x1b...7f6d,https://bscscan.com/tx/0x84de1e8bce5b9f5731d93ae8d325e222efbca5dbc005daf255ccebde6b0c9fa1
2023-03-29 05:43:48,True,1.412e-07,4.511e-10,629546612.0,2.84,0xde...fa58,https://bscscan.com/tx/0xd134eb6bfca01c0c448513feccb4fd50a441fc31a666a16287be9dffd243deb3
2023-03-29 05:43:42,True,1.409e-07,4.501e-10,1250722718.0,5.63,0xec...0165,https://bscscan.com/tx/0xbee9182caadaea7cf9f97bf837eaedf2e614687aa958a05adf570e89161baf50
2023-03-29 05:43:15,True,1.406e-07,4.492e-10,413998909.0,1.86,0x08...af7e,https://bscscan.com/tx/0x168de1d095379383214a93683db2d20d98e143bad18f32baa2f4bf3b7b7d054b
2023-03-29 05:43:09,False,1.4e-07,4.473e-10,1088186385.0,4.86833,0x1b...7f6d,https://bscscan.com/tx/0xf02ea87ae11c2c3ec7e8a0ee9bdf5f8e0065b96d4deaddf019eada1b5c9c03d7
2023-03-29 05:42:54,False,1.403e-07,4.481e-10,460642148.0,2.0645,0xde...fa58,https://bscscan.com/tx/0xe2b9a14bd717f16c84def41262cd435835767f1d70ff60294f9e5786776bd59f
2023-03-29 05:42:48,False,1.404e-07,4.485e-10,274985894.0,1.23347,0xec...0165,https://bscscan.com/tx/0xc02853df185c43e545b9af424c4e759279fea3aac945bf4e36ea39d5d798cd50
2023-03-29 05:42:45,True,1.418e-07,4.507e-10,405998984.0,1.83,0x2a...576a,https://bscscan.com/tx/0xc5a324dd6177c1ccb169d99cea73cf9a455496132ec82e974d00f9a7f858a189
2023-03-29 05:42:24,False,1.41e-07,4.484e-10,245189260.0,1.09944,0x08...af7e,https://bscscan.com/tx/0x140ae0755a7d4f25f45be1f8c0e0e51f2f67d68ab1bf119c9d780b71bcd5c4e8
2023-03-29 05:41:57,False,1.405e-07,4.49e-10,918495708.0,4.12412,0xec...0165,https://bscscan.com/tx/0x832e50898e2253cb7f88dfc205764e14faa177b4a4a42a12f78dc97a4c3c56f2
2023-03-29 05:41:51,False,1.407e-07,4.496e-10,369869197.0,1.66321,0x2a...576a,https://bscscan.com/tx/0x59a6ab0834513cc4a288edc19eaef103f2d075ad38011192c5edb9c5831792e7
2023-03-29 05:41:30,False,1.409e-07,4.503e-10,902752612.0,4.06542,0x08...af7e,https://bscscan.com/tx/0xb9f485e5c3f60c29df455f99068e3601550b38afb214959a72f5c615bc586fcc
2023-03-29 05:41:27,True,1.416e-07,4.524e-10,1235577981.0,5.59,0x1b...7f6d,https://bscscan.com/tx/0xa2e9c4fcd99b544bbd6177865fd8be42c5604aa4e3e25857c459e5fa2653a7bc
2023-03-29 05:41:12,True,1.42e-07,4.515e-10,400828354.0,1.81,0xde...fa58,https://bscscan.com/tx/0xba857c3d778fd7e696daa626c1558a9cc51496be57932068c2300727813da66a
2023-03-29 05:41:03,True,1.418e-07,4.508e-10,1007029985.0,4.54,0xec...0165,https://bscscan.com/tx/0x2cac2830a2d727ba7d90212758fecc6dcaae2480a03123babf7f9cb3474640e5
2023-03-29 05:40:39,False,1.403e-07,4.482e-10,406469191.0,1.82207,0x1b...7f6d,https://bscscan.com/tx/0x451e52a5e9b5fcc860206d59f237d58eccf30486fcabd80bca4880125c1a9b50
2023-03-29 05:40:24,True,1.41e-07,4.504e-10,563898855.0,2.54,0xde...fa58,https://bscscan.com/tx/0xeeaab05b8f1c8db43abfadffc454905d4a55e8c72524dfa449439d7b8fcc93e4
2023-03-29 05:40:12,False,1.41e-07,4.482e-10,648907494.0,2.9086,0xec...0165,https://bscscan.com/tx/0x8c2f30ac91c012ea7b0937b0d86030cfcac6e55efe3d6b610c5da7801cf04b29
2023-03-29 05:40:03,True,1.409e-07,4.501e-10,1355222717.0,6.1,0x2a...576a,https://bscscan.com/tx/0x0cec39281889d3ebd9b49d26b717ca9eab8ada7c2ffb9f648d0f8f66d56cd890
2023-03-29 05:39:48,True,1.405e-07,4.487e-10,1321526908.0,5.93,0x08...af7e,https://bscscan.com/tx/0xea1472ac226d194c1d900a34084034a86a0d8efdc5d14922e335df6169106804
2023-03-29 05:39:45,False,1.396e-07,4.459e-10,374594036.0,1.67068,0x1b...7f6d,https://bscscan.com/tx/0xac7bb82d0847e2b533ade859f9dc7e2fc6a868c7dae444ee897208fde2d81b7e
2023-03-29 05:39:30,False,1.405e-07,4.466e-10,893063604.0,3.98884,0xde...fa58,https://bscscan.com/tx/0x44982e628c2e365f7b394547f3852ba598c6a82c09fec3769a82e32e14665362
2023-03-29 05:39:18,True,1.413e-07,4.49e-10,545576750.0,2.45,0xec...0165,https://bscscan.com/tx/0xf9b2ac067eddcb58913bf08896757746eaf79ee149660341b9d25615ed801a22
2023-03-29 05:39:12,False,1.406e-07,4.468e-10,692278037.0,3.09378,0x2a...576a,https://bscscan.com/tx/0xa02be8a905a10545b8c15e22b4db763320f4bf06bcd90af2cd7aeb68e850c51e
2023-03-29 05:38:54,False,1.401e-07,4.476e-10,839674855.0,3.75912,0x08...af7e,https://bscscan.com/tx/0xb6dac5a8326b68723f0ddbf9a3d50caf15490515b6a888f78da259e4a77a43e1
2023-03-29 05:38:27,False,1.404e-07,4.485e-10,879821996.0,3.94666,0xec...0165,https://bscscan.com/tx/0xf51396360f85e9080cfb6750d68eb8857dbfebfa035aca5fd7fb753f12e55bb3
2023-03-29 05:38:03,False,1.413e-07,4.492e-10,453250980.0,2.03629,0x1b...7f6d,https://bscscan.com/tx/0x82446815590f8469744aa86f06764ec0aac14973036c3410011feb0fca9bbed4
2023-03-29 05:38:03,True,1.42e-07,4.513e-10,810934935.0,3.66,0x08...af7e,https://bscscan.com/tx/0xba0b7ab690d3b3df0384a7748ba7277bb4b0a95bc5a11c2a3fb6f3f517474fb8
2023-03-29 05:37:48,True,1.417e-07,4.503e-10,1110295775.0,5.0,0xde...fa58,https://bscscan.com/tx/0xb39c462c312f907c37aa50f9163cdd77661fe34a8889601311078b7dbe0d2b51
2023-03-29 05:37:33,True,1.413e-07,4.492e-10,979418420.0,4.4,0xec...0165,https://bscscan.com/tx/0xc0bb5d095f402614a7c7040e3ba4a32f06310ddb9b09a117d7e6cd0b88d4935c
2023-03-29 05:37:12,True,1.411e-07,4.483e-10,657895475.0,2.95,0x1b...7f6d,https://bscscan.com/tx/0x6bf5a7da13497435c478c4e196f1f0121a2eb3a8b50c0195fec21322cc093abb
2023-03-29 05:37:12,False,1.404e-07,4.463e-10,1092536778.0,4.8769,0x08...af7e,https://bscscan.com/tx/0xe30d31cf6c3677e387156c9ba921615aba196126db64cd48f8fb55f54772bd2b
2023-03-29 05:36:57,True,1.412e-07,4.489e-10,436563935.0,1.96,0xde...fa58,https://bscscan.com/tx/0x1ab2288c47cf02cd002fe2042f2ae4e986085c30690aac45d28cdb01ec60e050
2023-03-29 05:36:39,False,1.399e-07,4.471e-10,1187036677.0,5.3073,0xec...0165,https://bscscan.com/tx/0x8336c9d675938b70381eca2006c134fc5dc84d3d16e574efb49fac22a6c42da1
2023-03-29 05:36:30,True,1.414e-07,4.494e-10,943328715.0,4.24,0x2a...576a,https://bscscan.com/tx/0x273fedd0066ad42de98f8c02333dd51b5d224f361a6dbf94dc52450496596414
2023-03-29 05:36:21,True,1.411e-07,4.485e-10,800321394.0,3.59,0x08...af7e,https://bscscan.com/tx/0x732d3f04d8663a3082d58b23b9a7066071552f32e4ced9bf64810d5f7326e822
2023-03-29 05:35:39,False,1.397e-07,4.462e-10,642361736.0,2.86653,0x2a...576a,https://bscscan.com/tx/0x1d61ca42d057e4d28d53c8bcf9c80c5c18283c4197cd34e13686a792993a124e
2023-03-29 05:35:30,True,1.41e-07,4.483e-10,1001559392.0,4.49,0x1b...7f6d,https://bscscan.com/tx/0xbdebb2f08bc70ebdebf43d648f35e451993f4acf6bc53a3c8e6a4e097fd6e6c9
2023-03-29 05:35:27,False,1.403e-07,4.458e-10,669178385.0,2.98381,0x08...af7e,https://bscscan.com/tx/0xaecb1ea083fe6ea95727311140bc9579b996db112a55271c44cd343568efd04a
2023-03-29 05:35:00,True,1.402e-07,4.48e-10,845913205.0,3.79,0xec...0165,https://bscscan.com/tx/0xa37b5d51d4f19a9e507b700b89de3eb1067baa5b1bed6c5d7510c73028b78ba9
2023-03-29 05:34:24,False,1.396e-07,4.459e-10,1073393970.0,4.78643,0xde...fa58,https://bscscan.com/tx/0x08eacb7b934c8c406b10fb9830ef5bdf47fb52355ddfedf8aee13e6beee2d0b5
2023-03-29 05:34:00,False,1.405e-07,4.466e-10,419256953.0,1.87274,0xec...0165,https://bscscan.com/tx/0x423b0491db08a02006f21691432fb31690013384492a09210d835ad8034f20c2
2023-03-29 05:33:48,False,1.4e-07,4.471e-10,548694078.0,2.45364,0x1b...7f6d,https://bscscan.com/tx/0x1080e03373bf21eedc265e9950574ded7fdcd9bc3c76833574c1aca0e3cad4fc
2023-03-29 05:33:45,True,1.407e-07,4.494e-10,420478636.0,1.89,0x08...af7e,https://bscscan.com/tx/0x360e27253891a518a6774017579cdd013324941a3627ae2c74b6989fcc32416e
2023-03-29 05:33:33,False,1.407e-07,4.473e-10,589009519.0,2.63482,0xde...fa58,https://bscscan.com/tx/0x52d28d5b767068d32fbef4a317ad26140ac5ce164c2f1052c770b5f32867df41
2023-03-29 05:32:57,True,1.414e-07,4.496e-10,516001133.0,2.32,0x2a...576a,https://bscscan.com/tx/0x1a0ae57346ee51d561cf54c6a3359ec27e4aafb23e0efbb9cd5ec38cb2a9438b
2023-03-29 05:32:51,True,1.412e-07,4.487e-10,1181104924.0,5.3,0xec...0165,https://bscscan.com/tx/0x0731f407e0f2b9a10ab9a804a2b2d96e36c0a66651b3049989ddad93c709333e
2023-03-29 05:32:42,True,1.409e-07,4.477e-10,674446395.0,3.02,0xde...fa58,https://bscscan.com/tx/0xf39f412b2214fb332a4da5c0f21f66856a45591858b53d8ed60a4b12a78b4ebe
2023-03-29 05:32:06,False,1.402e-07,4.455e-10,658459974.0,2.93364,0x1b...7f6d,https://bscscan.com/tx/0x1765275d2c5d6a92597b64129c96fdd40d0e27a41dc779360c284b5d2cdb1d25
2023-03-29 05:32:00,False,1.404e-07,4.462e-10,744180237.0,3.3209,0x08...af7e,https://bscscan.com/tx/0xfece4977f10223103d01ecc30a070236ffceb9ad95193735f58bb72e3d71c854
2023-03-29 05:31:57,True,1.412e-07,4.488e-10,712899.0,0.0032,0x92...2471,https://bscscan.com/tx/0x6e4468285df67a23bb681b963a5f2716c2037ce398f773f05ab77983b0041183
2023-03-29 05:31:51,True,1.411e-07,4.485e-10,588541762.0,2.64,0xde...fa58,https://bscscan.com/tx/0xd7cda7ab01482892fcf93170f78aff16109d4e7c222957af69ef3c9c6b6be9cf
2023-03-29 05:31:18,True,1.408e-07,4.476e-10,1204089584.0,5.39,0x1b...7f6d,https://bscscan.com/tx/0x76c311f78c60e0858870ef28a634f71fa1e96017fd530d7e93742d7103e4ea21
2023-03-29 05:31:12,False,1.401e-07,4.453e-10,1069917575.0,4.76474,0x2a...576a,https://bscscan.com/tx/0xe57c8cb2671b7dc6fee7b40818bb1a8ba6d7be80ab9bfa9c71d4f1e2ba74c3aa
2023-03-29 05:31:06,True,1.409e-07,4.477e-10,766093676.0,3.43,0x08...af7e,https://bscscan.com/tx/0x59bc91f60dfb7219a79c315ce7c10d21ad7ed7adc50cb291dc193875cf1bcff7
2023-03-29 05:31:00,False,1.401e-07,4.454e-10,619501034.0,2.75935,0xde...fa58,https://bscscan.com/tx/0x044b07d57f311ff24e67d8026372312a885bbce558ed31fd890e857c27a942c9
2023-03-29 05:30:21,False,1.404e-07,4.461e-10,782767221.0,3.49218,0x2a...576a,https://bscscan.com/tx/0x99a26e9465bcb7b077b134beb9f2be8c38c5429b899325299dd6949374e4ff93
2023-03-29 05:30:15,True,1.404e-07,4.485e-10,452578665.0,2.03,0x08...af7e,https://bscscan.com/tx/0x1a8e245487ac46bf424b235852858392189c3d1a23be0b2658c7c21da6808ae9
2023-03-29 05:30:09,True,1.402e-07,4.48e-10,555778566.0,2.49,0xde...fa58,https://bscscan.com/tx/0x539eda1b0b5406dadfdb4619421374daf88e06eb0b5f7eb994a4559f7a636e82
2023-03-29 05:29:54,True,1.408e-07,4.474e-10,558726882.0,2.5,0x2a...576a,https://bscscan.com/tx/0x22df1d7461b965028ca70b22734ae6202080a334051ee0707ed8468a125d4d53
2023-03-29 05:29:36,False,1.394e-07,4.454e-10,1054809066.0,4.69881,0xec...0165,https://bscscan.com/tx/0x97e22c92a307ab58e45f3557fea50aa5d37bd2b4910580eb5b4a7ab99c6d98c2
2023-03-29 05:29:18,True,1.409e-07,4.48e-10,448649533.0,2.01,0xde...fa58,https://bscscan.com/tx/0x53adc2c299effafd5c2f79062b4394343af9b792bec9a1130ee76e662c3fb1e3
2023-03-29 05:28:45,True,1.4e-07,4.473e-10,927785217.0,4.15,0xec...0165,https://bscscan.com/tx/0x6185a991a8ea204211604ad323025d8fda528cc85b64922d5f6af00438c731a5
2023-03-29 05:28:42,False,1.392e-07,4.447e-10,262656521.0,1.16811,0x1b...7f6d,https://bscscan.com/tx/0xf5b6b7b5a9aa3a3afc1bcc053d64d7b0356db977eb523271f78df39bb6089213
2023-03-29 05:28:36,True,1.398e-07,4.466e-10,940415968.0,4.2,0x2a...576a,https://bscscan.com/tx/0xae74bec4def2755918d0e0dffc068a98b8592aa16cc1e03692cd150e077fda4f
2023-03-29 05:28:33,False,1.397e-07,4.442e-10,603567250.0,2.6811,0x08...af7e,https://bscscan.com/tx/0x3a10353a297c5121be8c037381de586aa26b0a82e1468298007b86a468fa9094
2023-03-29 05:28:27,False,1.399e-07,4.447e-10,369532597.0,1.64333,0xde...fa58,https://bscscan.com/tx/0x8063b61eeb290ebc1fb4381f7ba683cdd1d66a9f8538a1b8ae93f4837c22153b
2023-03-29 05:27:55,False,1.393e-07,4.451e-10,549107312.0,2.44448,0xec...0165,https://bscscan.com/tx/0xf1a58d8881daedaddca744d521d4a36c9ebbe4a4285c5367c36fd94d43e37c2e
2023-03-29 05:27:41,True,1.401e-07,4.474e-10,435788384.0,1.95,0x08...af7e,https://bscscan.com/tx/0x765b68caacf15339ea00538d83354ba948ccd78806e04d3d9da413dffe15b7c6
2023-03-29 05:27:38,False,1.395e-07,4.455e-10,1127205473.0,5.02265,0x2a...576a,https://bscscan.com/tx/0xc0aa73a93fe325dade11961f8ae483efde8319b75632b6ea72c40de503bab356
2023-03-29 05:27:35,False,1.397e-07,4.464e-10,612410516.0,2.73426,0xde...fa58,https://bscscan.com/tx/0x4ef274602c9487dce5041f9a0041700c93bea0d3250186fc9fc55b8e1d634f46
2023-03-29 05:27:07,False,1.407e-07,4.473e-10,1062431322.0,4.75264,0x1b...7f6d,https://bscscan.com/tx/0x6375fbf59e5ed1469083fcaeaf5484a3347f6b199efb486cd2fa9d77d1723fd8
2023-03-29 05:27:00,True,1.415e-07,4.498e-10,466782645.0,2.1,0xec...0165,https://bscscan.com/tx/0xb7a4c8e3e02a7071743c800d8aa3f4b978b8a9c7d28723eef2fb43b7492a42ff
2023-03-29 05:26:45,True,1.414e-07,4.494e-10,364884852.0,1.64,0x2a...576a,https://bscscan.com/tx/0xba3fdbd66229baf99fc4eb19a53f7b5b9e13b2f7816dad13215e01fdc935b24b
2023-03-29 05:26:08,False,1.408e-07,4.475e-10,929085014.0,4.15769,0xec...0165,https://bscscan.com/tx/0x219540d2414c7ec25c211d05e340202e7753bdadb74735d3cdbdf3f4e2a10dfd
2023-03-29 05:25:16,True,1.414e-07,4.496e-10,1147601704.0,5.16,0x1b...7f6d,https://bscscan.com/tx/0xc4dd6daeeb1b2351f4fccaec459abdf4bd4f14496f15a3d9d4018547fb150dde
2023-03-29 05:25:13,False,1.407e-07,4.472e-10,805573657.0,3.60262,0xec...0165,https://bscscan.com/tx/0x3c5b407e4716ff250b28011ae64c624c6036869a4c100080c8d902bc8a0db1d1
2023-03-29 05:25:04,False,1.41e-07,4.481e-10,1080076795.0,4.84073,0x08...af7e,https://bscscan.com/tx/0x0bf50d523c49a904173690a24bb226e1b4c41c41a45916ef2789ea00ac7c0797
2023-03-29 05:24:58,True,1.411e-07,4.507e-10,412620243.0,1.86,0x2a...576a,https://bscscan.com/tx/0x999a3c0f2972cd8217e9aed49aef6c0e3809cbc1ff49e376b97ac0322aa184e5
2023-03-29 05:24:13,True,1.417e-07,4.503e-10,375248842.0,1.69,0x08...af7e,https://bscscan.com/tx/0x15ecb97973cbc581becbf7e3236d9d34ab67288fc8a7122bbad17cee6d7455a1
2023-03-29 05:24:10,False,1.41e-07,4.48e-10,279166862.0,1.25086,0xde...fa58,https://bscscan.com/tx/0xd2a826a9172753fbc3c9731cfadd51fd44b163846fdbbe62514800bcd177b617
2023-03-29 05:23:34,False,1.411e-07,4.483e-10,255625520.0,1.14608,0x1b...7f6d,https://bscscan.com/tx/0x916d6b14532cc5ec4e7fafcf6643e559a2b07ac96d6b53d1a172b027712df24b
2023-03-29 05:23:28,True,1.417e-07,4.502e-10,912820923.0,4.11,0xec...0165,https://bscscan.com/tx/0x5080e4d2bb0d26c8b53ec529695fa8321ab340d158e9c9a2243d07fb75f093bd
2023-03-29 05:23:19,True,1.413e-07,4.49e-10,1329356525.0,5.97,0xde...fa58,https://bscscan.com/tx/0xb01c8e822cb29c54fe04456b705961aaba750ab94edb03beb0f68c51e2ab088c
2023-03-29 05:23:13,False,1.404e-07,4.463e-10,389976098.0,1.74071,0x2a...576a,https://bscscan.com/tx/0x06ebd6bab759e0354188afce3d6ebbe61957b7663e020c65c6bedb44362b5435
2023-03-29 05:22:31,True,1.404e-07,4.484e-10,662263375.0,2.97,0x08...af7e,https://bscscan.com/tx/0x569fec677c22ada43710939d35eebcb90ef078396b7c5820b8be74ae49e09647
2023-03-29 05:21:52,False,1.405e-07,4.464e-10,1196181137.0,5.34091,0x1b...7f6d,https://bscscan.com/tx/0x422002927c3c9dd9273d568967b8a768b24e0b1d33f745f18946cac79c9dc776
2023-03-29 05:21:01,True,1.413e-07,4.49e-10,498779949.0,2.24,0x1b...7f6d,https://bscscan.com/tx/0x9c5736433bc499944bd2e821b1e69e3bd07990f68af1a97b886481ed977da75f
2023-03-29 05:20:46,False,1.407e-07,4.47e-10,786200840.0,3.51433,0xde...fa58,https://bscscan.com/tx/0x761ec2740c46eb7470500b727ab1c4afc297f35f3e6e6383dd6e207cdea118a3
2023-03-29 05:20:46,True,1.414e-07,4.494e-10,436113722.0,1.96,0x08...af7e,https://bscscan.com/tx/0x0dfad047da8f733db2715ee7b0e260e8aeafa4d6ff0aa7dc653f4b2c20fcd092
2023-03-29 05:20:31,True,1.413e-07,4.489e-10,387529985.0,1.74,0x2a...576a,https://bscscan.com/tx/0xc0014d545817b15a209e7144179bec9ab95b8b760ce41baf39aaab687e509494
2023-03-29 05:19:58,True,1.404e-07,4.483e-10,776100200.0,3.48,0xec...0165,https://bscscan.com/tx/0xc7c3b8df237c5ed918d73422f879eec7a0236dd90a416a4c78648b4a60edcd5f
2023-03-29 05:19:55,False,1.397e-07,4.461e-10,749302539.0,3.34296,0xde...fa58,https://bscscan.com/tx/0x314e9a8cedce580f0a02ea69d2366dcdcf950f949d5c3545064d0681b57ef48e
2023-03-29 05:19:40,False,1.407e-07,4.47e-10,1068486346.0,4.77695,0x2a...576a,https://bscscan.com/tx/0xbf7879054636fadf9a60627fd51963e2b9d06d967ebfb4626a16deb02bea7111
2023-03-29 05:19:01,False,1.402e-07,4.478e-10,495699452.0,2.22015,0x08...af7e,https://bscscan.com/tx/0x8cda6e55d1a4770e26ac15d5e4882bb63ab4ce158e5167b41b5ce353b0fbe0da
2023-03-29 05:18:34,False,1.411e-07,4.482e-10,309612796.0,1.38798,0x1b...7f6d,https://bscscan.com/tx/0xe886a4592b1bbbc4fb1e282cbc0341976d36a24ac6b254a2cd89a027b791d053
2023-03-29 05:18:13,True,1.416e-07,4.5e-10,1255405590.0,5.65,0xde...fa58,https://bscscan.com/tx/0x4c3edfb9fb9f8845325e421898677e52b541e25a47f97bb98a232f0ab0ff9317
2023-03-29 05:18:10,False,1.408e-07,4.475e-10,771493222.0,3.45287,0xec...0165,https://bscscan.com/tx/0x4422c1839942df2794317b0bd6eafcb6a8ed0b5dcd2438fe0ebc6611662cf842
2023-03-29 05:17:37,True,1.409e-07,4.499e-10,497840989.0,2.24,0x1b...7f6d,https://bscscan.com/tx/0xa15ab38dafdb467dc6e5c37a4a44134dcfff63d20141d2bbad93e452167840ce
2023-03-29 05:17:28,True,1.415e-07,4.496e-10,1111891.0,0.005,0x92...2471,https://bscscan.com/tx/0x6fd29e0c9b8f69f769a90cf8c9fda5557b13f835fae124aa09638791ba8237f3
2023-03-29 05:17:22,True,1.414e-07,4.493e-10,687695542.0,3.09,0xec...0165,https://bscscan.com/tx/0xb23c069389cb2a2c5dad9008f8d61e6eb4260c4b1c5086673c43ebeed4a4858f
2023-03-29 05:16:46,False,1.4e-07,4.471e-10,751682453.0,3.36089,0x1b...7f6d,https://bscscan.com/tx/0x59d31b2900c530b5f191290ea651090971928158a138c57445b56130345b2979
2023-03-29 05:16:25,True,1.414e-07,4.494e-10,538413641.0,2.42,0x2a...576a,https://bscscan.com/tx/0x5de6f88f0092f05a41a586cccc0fed32627d21ccac5c32570108e3cb28f02274
2023-03-29 05:15:55,True,1.412e-07,4.488e-10,721899587.0,3.24,0x1b...7f6d,https://bscscan.com/tx/0x161b1f2a5fd9d1e73aded792bc3449fb0699927f3e828188c6a6bffb41209e70
2023-03-29 05:15:34,False,1.398e-07,4.465e-10,644439709.0,2.87765,0x08...af7e,https://bscscan.com/tx/0x21e79ed4c98c5b7148dbdde8b3761e042353930aee59f8d75519d095e32afaf1
2023-03-29 05:15:19,True,1.411e-07,4.484e-10,1226383294.0,5.5,0x2a...576a,https://bscscan.com/tx/0x550bb1c8b00247a82029e7e18d9b6f2fb22e44bea1fc582176cd43da94532eb3
2023-03-29 05:15:04,False,1.404e-07,4.46e-10,860056062.0,3.83624,0xec...0165,https://bscscan.com/tx/0x4b1f7914f7b5f5f63075b8f4ad1c621cfd919418df469b76edd371cfacaed6f9
2023-03-29 05:14:49,False,1.399e-07,4.467e-10,591609653.0,2.64325,0xde...fa58,https://bscscan.com/tx/0x749f74d7acb633fdd9ce1867848626ef54cf773151dc1b446a389f48e9abb5d2
2023-03-29 05:14:40,True,1.406e-07,4.489e-10,706057984.0,3.17,0x08...af7e,https://bscscan.com/tx/0xfc39276c5aed07e4fdb4b23942408104cefd550aac0dd5f99ebde919d234cc26
2023-03-29 05:14:31,True,1.403e-07,4.482e-10,653625637.0,2.93,0x1b...7f6d,https://bscscan.com/tx/0xe10657540aaae978f6f402461e2212781bae16a0b21cb65ee035692b107a776c
2023-03-29 05:14:13,False,1.404e-07,4.46e-10,722242296.0,3.22167,0x1b...7f6d,https://bscscan.com/tx/0x4f067d2860941eb75bb2294fe0cede8117f537d9c87dedceb53f73d9530e0418
2023-03-29 05:13:58,False,1.398e-07,4.465e-10,285659264.0,1.2757,0xde...fa58,https://bscscan.com/tx/0x6079002575412686fa58d50e3aed841b93b8a05d9c56f6af24677df740d3a8d3
2023-03-29 05:13:49,True,1.405e-07,4.486e-10,626328450.0,2.81,0xec...0165,https://bscscan.com/tx/0x709e2376060f09eee2592b12b9f72dcd68d5d3d4bde3d3b34a156b0998c616c3
2023-03-29 05:12:58,True,1.41e-07,4.481e-10,374891725.0,1.68,0x08...af7e,https://bscscan.com/tx/0x4f371bee61fb08d4f42bb443e516ee79427b10da7a29e77b28238f0b4ce0bcaa
2023-03-29 05:12:31,False,1.404e-07,4.461e-10,816984956.0,3.64472,0x1b...7f6d,https://bscscan.com/tx/0x34ace43a0b912aa51fbd007b41cfb070f06e70d85048d4eae3338965c2473bd6
2023-03-29 05:12:04,False,1.406e-07,4.466e-10,271684573.0,1.21355,0x08...af7e,https://bscscan.com/tx/0x021c2cd353126d52384ec94ea95a6533655a2569acd3298dc49e53c254d2b29a
2023-03-29 05:11:13,False,1.401e-07,4.473e-10,1078108565.0,4.82315,0x08...af7e,https://bscscan.com/tx/0xab6e05cce4cc5079af1f2f82abb5bc9c3a120ede237f29d977f2a2db33362776
2023-03-29 05:11:10,False,1.404e-07,4.484e-10,1045730845.0,4.68975,0xec...0165,https://bscscan.com/tx/0xe74565d402d9640f538e5248f9dee686fddd0153bcaecc016762bb65b4010429
2023-03-29 05:10:49,True,1.412e-07,4.508e-10,729685544.0,3.29,0x1b...7f6d,https://bscscan.com/tx/0x1a9d40235336e9594c32be8ab351cd8bbd9627181622cbd641672178676f7af9
2023-03-29 05:10:34,False,1.404e-07,4.484e-10,469002468.0,2.10344,0xde...fa58,https://bscscan.com/tx/0x32d63c65d0374b420ca473067e011749637590039b9307aa456bcf2f6417f89a
2023-03-29 05:10:22,True,1.417e-07,4.503e-10,1219046921.0,5.49,0x08...af7e,https://bscscan.com/tx/0x7588a8e317579f7c9ee3adb74ad66bbb0fdbe6fed470f038de66c532247a6e4b
2023-03-29 05:09:55,False,1.409e-07,4.477e-10,442549085.0,1.9813,0x1b...7f6d,https://bscscan.com/tx/0x457ca753b996769cf722cf754cb3da8c2f95a39dd896ad48d89f2a772cdf6455
2023-03-29 05:08:52,True,1.415e-07,4.496e-10,958460233.0,4.31,0xde...fa58,https://bscscan.com/tx/0xfbb02ea362ad575e843123d06d62e29e36fe4518f0f1af2ad217629c0ab0b9fb
2023-03-29 05:08:07,False,1.4e-07,4.472e-10,591474393.0,2.64534,0x2a...576a,https://bscscan.com/tx/0x8e18cfdf1854b2b051d0c7208ad36d18bd493648b4c8f8dc63d2c3ceac446793
2023-03-29 05:08:01,False,1.41e-07,4.48e-10,1022160500.0,4.58006,0xde...fa58,https://bscscan.com/tx/0xe4f54262028fb250ac60d1c55c720d724227aa88a31801e0065d81df1777be7c
2023-03-29 05:07:46,False,1.405e-07,4.487e-10,351093146.0,1.57565,0x08...af7e,https://bscscan.com/tx/0xcfd84524217ea0cfef0e59b61f67d905c4c46136aad06632fafbbaf0008ed122
2023-03-29 05:07:40,False,1.406e-07,4.491e-10,334072432.0,1.50045,0xec...0165,https://bscscan.com/tx/0x591b5f4ffac6412c737bc63b14f44d827124adeece87650ff72e03c902bdb777
2023-03-29 05:07:25,False,1.415e-07,4.495e-10,545299741.0,2.45164,0x1b...7f6d,https://bscscan.com/tx/0xf863935ef6ec58249b1630a74edbe58892a12ae620366c77f3cb20a33c7cad9e
2023-03-29 05:07:10,True,1.413e-07,4.514e-10,1309110041.0,5.91,0xde...fa58,https://bscscan.com/tx/0x4b1b9535a735c71cee53634f6959515eb2af008494071088ca81c23b4e492a0d
2023-03-29 05:06:55,False,1.405e-07,4.487e-10,517354943.0,2.32182,0x08...af7e,https://bscscan.com/tx/0x0156874543ba63b9ed2072866b8d2acabdf2e1c10c1d20f3778a62a3a95520e2
2023-03-29 05:06:43,False,1.407e-07,4.492e-10,446697762.0,2.00695,0x2a...576a,https://bscscan.com/tx/0x4b19f6330824d95095c60cac2cdc9cc0171f2aeb16f55999bf50d879556d72cf
2023-03-29 05:06:16,False,1.409e-07,4.499e-10,846406555.0,3.80846,0xde...fa58,https://bscscan.com/tx/0xaafdc4ce00deece3287015d753c1ea100c5a06aaab5fd5cee4dd5f946e99ff55
2023-03-29 05:05:43,True,1.422e-07,4.52e-10,1225624822.0,5.54,0x1b...7f6d,https://bscscan.com/tx/0xd923b684cb078e25d7ca4f0f1160ed557adc7a00657662d984996508ebe9f3c7
2023-03-29 05:05:28,True,1.412e-07,4.509e-10,747253433.0,3.37,0x2a...576a,https://bscscan.com/tx/0x2cf335ae4c258c4a0064112543856f197ccb2897c2abf26a84c923157f0ef904
2023-03-29 05:05:25,False,1.404e-07,4.485e-10,407254292.0,1.82677,0xde...fa58,https://bscscan.com/tx/0x69b77431316fb6a1830c75179444c3afa68e460478e09beac27fb3176cd83825
2023-03-29 05:05:10,False,1.413e-07,4.49e-10,456645636.0,2.05036,0x08...af7e,https://bscscan.com/tx/0x9edc36ec9fc65897798c8cbef047c6ba99316472d3d8dfd6d55f52c5d56732b7
2023-03-29 05:04:49,False,1.415e-07,4.496e-10,861124554.0,3.87236,0x1b...7f6d,https://bscscan.com/tx/0xedd648cdb0ed5ae66dc3d8fb466b3d9bd91107ae723c5f0fa99c75b1298de47f
2023-03-29 05:04:37,False,1.417e-07,4.502e-10,264838396.0,1.19249,0x2a...576a,https://bscscan.com/tx/0xbe807b6b1329e1faabd4cc819718819e948bf657bf2de9d657c37998df674eb3
2023-03-29 05:03:58,True,1.417e-07,4.526e-10,4850492.0,0.0219,0x1c...5286,https://bscscan.com/tx/0xdd1033fda21eea61f14f0f759966fbf26f123ff5980576a0109669169d6981d7
2023-03-29 05:03:58,True,1.416e-07,4.523e-10,630065981.0,2.85,0x1b...7f6d,https://bscscan.com/tx/0x49ceb11f4f94a230c5eb2b7fb653dab012c84a231ac4b63e4483e68052d10ae4
2023-03-29 05:03:13,True,1.42e-07,4.514e-10,987844863.0,4.46,0xec...0165,https://bscscan.com/tx/0x87ca96d31cf5c9b8a06d7beb06b8f3e2aca95fbe09ee6dc04f24e2072ab3df79
2023-03-29 05:02:16,True,1.411e-07,4.505e-10,734591714.0,3.31,0x1b...7f6d,https://bscscan.com/tx/0xc6a7f060dea58fa04543e9efc504d876acdc3fe661c15d59bdcefa57bb33af84
2023-03-29 05:01:43,True,1.415e-07,4.497e-10,809269839.0,3.64,0x08...af7e,https://bscscan.com/tx/0xbf6b3c14132079a3e9b97db683cb72645b26af31d11352be514debf457a5de8d
2023-03-29 05:01:40,False,1.407e-07,4.472e-10,247335771.0,1.10621,0xec...0165,https://bscscan.com/tx/0xe5130f0fcdf1b7db206d56e3a0381c5622a659cc3553d1fba7ca18047afb5eac
2023-03-29 05:01:28,True,1.415e-07,4.496e-10,14461854.0,0.065,0x1c...5286,https://bscscan.com/tx/0xd90f6780496165e2ee8e3df6c75749eaed9f568f2a9f7c80ac14b52320308712
2023-03-29 05:01:25,False,1.408e-07,4.476e-10,483019643.0,2.16206,0x1b...7f6d,https://bscscan.com/tx/0x185c553a5a9db123f2334020d435a35f1041d31422066cab8c4b318ab0bfd61c
2023-03-29 05:00:58,True,1.409e-07,4.5e-10,35296478.0,0.1588,0x20...d6fa,https://bscscan.com/tx/0xc9815795fd2363de68e8a66dec1c046967510459a12c19a4ae15e6fbb1c1083e
2023-03-29 05:00:49,True,1.408e-07,4.497e-10,635919060.0,2.86,0x08...af7e,https://bscscan.com/tx/0xc790e80c755df3efdcd6d784679163ebedb68d81c9a7f4c468edce714e9bedf6
2023-03-29 05:00:37,True,1.413e-07,4.491e-10,567778370.0,2.55,0xec...0165,https://bscscan.com/tx/0xe68d42f7004a69bf99a42b95c3fe6bd5c78555dfc1b13ec879bec99916d0b938
2023-03-29 05:00:34,False,1.406e-07,4.469e-10,773495754.0,3.45739,0x1b...7f6d,https://bscscan.com/tx/0x62f19df1f568218f88d596879d62740ac4bea58d8a3f0446ad05a9afae78414c
2023-03-29 05:00:19,True,1.414e-07,4.493e-10,563057476.0,2.53,0xde...fa58,https://bscscan.com/tx/0xcd8add09a19b2d5796d3c4c49f915d3e1f877d334570217c4abc0dea0218cc37
2023-03-29 05:00:07,False,1.4e-07,4.472e-10,884218824.0,3.9547,0x2a...576a,https://bscscan.com/tx/0xc497f45b2cf7662a63a5ba0c39f660a08fce6650e441f2fef88f21642b856ca1
2023-03-29 04:59:46,True,1.415e-07,4.496e-10,535939944.0,2.41,0x1b...7f6d,https://bscscan.com/tx/0x094971b9befb4fb87ece7888685d65639d4bf33aee20c3e7a36334bf207e8445
2023-03-29 04:59:43,False,1.408e-07,4.474e-10,647229106.0,2.89628,0xec...0165,https://bscscan.com/tx/0x2fe3b7323caa8cb26072780be7be7db86fac7ee836804270c3efae4a89104bd6
2023-03-29 04:59:28,True,1.414e-07,4.494e-10,1130188368.0,5.08,0xde...fa58,https://bscscan.com/tx/0x658df0b85ee9dd02b9fb0aceb45a0088d6512be22029750e17b8a797d15eb11f
2023-03-29 04:59:13,True,1.404e-07,4.484e-10,784853079.0,3.52,0x2a...576a,https://bscscan.com/tx/0xb51a523a80c78831b6adba053701e4867ec467162871a6f76fb1643feef9a418
2023-03-29 04:59:07,False,1.397e-07,4.462e-10,869616958.0,3.88106,0x08...af7e,https://bscscan.com/tx/0x90cfdfabfe52acdb448f596f62525aaea934abb821329e44bc2a873d730ba5d9
2023-03-29 04:58:52,True,1.405e-07,4.488e-10,347591076.0,1.56,0xec...0165,https://bscscan.com/tx/0xf22d8fb3a0126be8ed84523ca7e30128b5ac1c9a3737e980f13c4bdb9f8969ea
2023-03-29 04:58:22,True,1.411e-07,4.483e-10,544227144.0,2.44,0x2a...576a,https://bscscan.com/tx/0xf8da0bcb8532bf5726cf85dfe72df26daf85001c4e70da8e3597bea509c152ef
2023-03-29 04:58:16,True,1.402e-07,4.478e-10,370643107.0,1.66,0x08...af7e,https://bscscan.com/tx/0xaf0ab4621175397614cc7dab92ba099af3d924148ef53757d475995a7b1d4c92
2023-03-29 04:58:13,False,1.395e-07,4.456e-10,320451643.0,1.42796,0x1b...7f6d,https://bscscan.com/tx/0x03370f7b70dfe9863c333f7c127c21a9555e87cf5badd24f3a322a7f89a0757d
2023-03-29 04:57:58,False,1.404e-07,4.461e-10,809648369.0,3.61255,0xec...0165,https://bscscan.com/tx/0x03fc6c30f6b6b3bd03c0dd30da82e0a69954c971a5c44fddac86f35030a51ea7
2023-03-29 04:57:46,False,1.407e-07,4.471e-10,1059579983.0,4.73788,0xde...fa58,https://bscscan.com/tx/0x6b2d15a384b74ebad31663e5cd5588e3d590e3dc0165a931111c9441939d20e1
2023-03-29 04:57:25,False,1.41e-07,4.48e-10,747570299.0,3.3497,0x08...af7e,https://bscscan.com/tx/0x7fe2ff399bbf6aa42965ce57849c11d9ecd180d6eb039f5a0993b34ab23c37cc
2023-03-29 04:57:10,True,1.416e-07,4.502e-10,939530016.0,4.23,0x1b...7f6d,https://bscscan.com/tx/0x4c793ebe31afcc6bc4a8e5b9213e9830724bab0c695940e8c8e6912f2d6f984a
2023-03-29 04:56:55,False,1.409e-07,4.477e-10,530531775.0,2.37554,0xde...fa58,https://bscscan.com/tx/0xe0a85af5cfdc6ecc5680f8dba93ad702bc17a09e7d30811249eccb38c7cb6cfd
2023-03-29 04:56:31,True,1.415e-07,4.498e-10,933744345.0,4.2,0x08...af7e,https://bscscan.com/tx/0xfaa4d1e1671bc12bd8622b2755d54800af39b2b0c5e8b9e047d7c001a9471fc4
2023-03-29 04:56:04,True,1.405e-07,4.489e-10,625843886.0,2.81,0xde...fa58,https://bscscan.com/tx/0x7e004f52c087c0276f1e80d871357deafbd57dc91ccc9654dd7a2836ba01d7cc
2023-03-29 04:55:40,False,1.405e-07,4.467e-10,534415600.0,2.38726,0x2a...576a,https://bscscan.com/tx/0x170386f2609c70af80de550f7e50b14ca956c1558e62542e12251ef777ab3e85
2023-03-29 04:55:19,True,1.404e-07,4.486e-10,1016279076.0,4.56,0xec...0165,https://bscscan.com/tx/0x03df7a1836ecca6572b3e5910ac5f342366a1ea9d181a3e844c1e7d1ba334005
2023-03-29 04:54:52,True,1.402e-07,4.479e-10,402502285.0,1.80306,0x42...f8b9,https://bscscan.com/tx/0x7c0f0d25c105f1f5f941dcfb1d9c1b1cbcbdff5deff0d337d25199773e118f20
2023-03-29 04:54:49,False,1.396e-07,4.461e-10,1210501320.0,5.40054,0x2a...576a,https://bscscan.com/tx/0xec6b4dd734fb043fae8f8eb2bc95185b698d637bd257c6f1922aaa5d0e143e11
2023-03-29 04:54:25,False,1.407e-07,4.473e-10,1140389394.0,5.10151,0xec...0165,https://bscscan.com/tx/0xf54967ffffa29859e7c688a5806cdb9e9f6e5674c4f8b7c3e6d9424ee504bfe1
2023-03-29 04:54:22,False,1.41e-07,4.483e-10,729391531.0,3.26995,0xde...fa58,https://bscscan.com/tx/0xe3d6ad4bd66b3e71931f5abc14f9f7b011cdf0eafbbd350589075d049d4fceb2
2023-03-29 04:54:04,True,1.41e-07,4.505e-10,827952677.0,3.73,0x2a...576a,https://bscscan.com/tx/0x718b6a78a0295ac70a78d981074e53d6b692160156aaef60b525c57422daf435
2023-03-29 04:53:46,False,1.403e-07,4.482e-10,843578291.0,3.78148,0x1b...7f6d,https://bscscan.com/tx/0x53b58a9b55a0fc9b59f53be06446339407446cd9bbbcc9feb1a81769afde44e0
2023-03-29 04:53:40,True,1.41e-07,4.505e-10,714631443.0,3.22,0xec...0165,https://bscscan.com/tx/0x18a4dd8e6102fb5f1ef3ddc3cd7f31a612bbe1c6174b06bef9f3b879898b170b
2023-03-29 04:53:31,True,1.414e-07,4.495e-10,1254563253.0,5.64,0xde...fa58,https://bscscan.com/tx/0x7f1b843f1c27de5fa4d347c6492988994801170cb2f46e533628677c51831ade
2023-03-29 04:53:01,False,1.406e-07,4.469e-10,593387759.0,2.65228,0x2a...576a,https://bscscan.com/tx/0xa63c2f97a6054b0fa165a3054a6fe7f8ed1cc8294e9aa936c3d9f88f02a787e3
2023-03-29 04:52:55,True,1.414e-07,4.493e-10,351626626.0,1.58,0x1b...7f6d,https://bscscan.com/tx/0x4aa1ee384ef790d7a45268bc2d5750797f2adac020b7d88e3602b51eadf7898f
2023-03-29 04:52:40,False,1.407e-07,4.471e-10,384175847.0,1.7177,0xec...0165,https://bscscan.com/tx/0x5c4917f9e56eef1130504a544fe2fc66354d11ad3cdae1eb0cac4d2fd28b25d3
2023-03-29 04:52:13,False,1.408e-07,4.474e-10,287233336.0,1.28525,0x08...af7e,https://bscscan.com/tx/0x02fa51c1dfea77cbdf1cc2e0557df0ebea8c85b6f087ca4c8a714d2bce7b8204
2023-03-29 04:51:49,True,1.414e-07,4.494e-10,745329303.0,3.35,0xec...0165,https://bscscan.com/tx/0xbb5b463b60119aef157a91fe9a67aa65972e9ca8d9f03aafc8221fe236d705c4
2023-03-29 04:51:19,True,1.405e-07,4.488e-10,367573700.0,1.65,0x08...af7e,https://bscscan.com/tx/0x0b8459ff513ed5c679720061640a03850bd705d67e1a62ba925639b13d7c38c6
2023-03-29 04:51:16,True,1.403e-07,4.482e-10,863351462.0,3.87,0x2a...576a,https://bscscan.com/tx/0xf71029397bd420965f60d59379f6adb3e6e0d23f67f9ec3e1ebba6de099e90d4
2023-03-29 04:50:55,True,1.401e-07,4.476e-10,366382915.0,1.64,0xec...0165,https://bscscan.com/tx/0xa481e0f82dcdc99fa212524ff0ae40e48e0508516ce4500fee5ef7761cc533ad
2023-03-29 04:50:28,False,1.395e-07,4.455e-10,784234806.0,3.49453,0x08...af7e,https://bscscan.com/tx/0x343f977e3b5ffe76fc0fce96908dc73fbf9579bf6b7ce85c708d57fb15063190
2023-03-29 04:50:22,False,1.404e-07,4.463e-10,631145604.0,2.81695,0x1b...7f6d,https://bscscan.com/tx/0x69db8529e20b356fef70aa2d35f145d658ef2cfcca1b3f3ef36db64d4795c871
2023-03-29 04:50:07,False,1.399e-07,4.468e-10,308532709.0,1.37854,0xde...fa58,https://bscscan.com/tx/0x09a1a870124834e492859e07d67be6377b59d6392d85678ca96a3dfe4b335fc3
2023-03-29 04:50:01,False,1.4e-07,4.473e-10,801535440.0,3.58588,0xec...0165,https://bscscan.com/tx/0x12ee2768fd94b9591ff56d5c70f8b09529df6335c5e7cad92b1f21e21657f262
2023-03-29 04:49:37,True,1.414e-07,4.494e-10,1081262711.0,4.86,0x08...af7e,https://bscscan.com/tx/0xf7072ad78582551566f31419f071dc513eaa5c0583061af74c0ac1029ea4614c
2023-03-29 04:49:28,False,1.399e-07,4.469e-10,581397807.0,2.59869,0x2a...576a,https://bscscan.com/tx/0xb356c51e31acc810be53af29e5e0921fe4b63d37a8a21de022bd410d03249005
2023-03-29 04:49:16,False,1.401e-07,4.476e-10,758914890.0,3.39738,0xde...fa58,https://bscscan.com/tx/0xf22f5425fcd9c65a74dbb9f2ff16a9e2fa3639c67e07c7d76832949191e2692a
2023-03-29 04:49:10,True,1.408e-07,4.497e-10,1060588142.0,4.77,0xec...0165,https://bscscan.com/tx/0x12980a4d2b7ce9ad7c83b8f7dd66400d86540de78229961ab0957a7db8c24c53
2023-03-29 04:48:43,False,1.407e-07,4.471e-10,454793862.0,2.0338,0x08...af7e,https://bscscan.com/tx/0x03dd391f6752a10e19c8f51071c9ab833cdbb03ee2225866a0e9a93973a4c18c
2023-03-29 04:48:40,True,1.413e-07,4.491e-10,975141621.0,4.38,0x1b...7f6d,https://bscscan.com/tx/0xbea21d3f51021441fb878d3a21bdcbd9b8aa44939f4dc4be3e87c33a18540f9b
2023-03-29 04:48:34,True,1.411e-07,4.483e-10,512939386.0,2.3,0x2a...576a,https://bscscan.com/tx/0x9dd847648df8f93e7e51533592ba31eff733e3a3666aaf5f5ba75d2c94d4f036
2023-03-29 04:48:16,False,1.397e-07,4.462e-10,669589260.0,2.98796,0xec...0165,https://bscscan.com/tx/0x642be409c39d742568a25e1e3158d3ef37d794bba29028db0d8bfaf111ef42e7
2023-03-29 04:48:13,False,1.407e-07,4.471e-10,1094005292.0,4.89177,0x1b...7f6d,https://bscscan.com/tx/0x68f7148075f31b986c691de94cc01624bb9ed72537c0bf3558bb3d23b1ed1568
2023-03-29 04:47:40,False,1.41e-07,4.481e-10,810477582.0,3.63195,0x2a...576a,https://bscscan.com/tx/0xc86064f2056e5eae9618f8e7f7438251dbe3089628b5a6fe9a19ca512cc823ea
2023-03-29 04:46:31,False,1.412e-07,4.486e-10,243647535.0,1.09317,0xec...0165,https://bscscan.com/tx/0xfa004e46343ba38155f9e1e62694a2efeab50390d2ad91cb3c87cf7458b986cc
2023-03-29 04:46:31,True,1.418e-07,4.505e-10,941058818.0,4.24,0x1b...7f6d,https://bscscan.com/tx/0x8e3ac5ecdc979fb253e757047233223130a4f2a74b0b5297167e9477335bc225
2023-03-29 04:46:10,False,1.403e-07,4.481e-10,680500980.0,3.04981,0x08...af7e,https://bscscan.com/tx/0x281e144aa4d0f859e11f8da83cb2581dc8948e9fd0247e2526ec4d642197b8cd
2023-03-29 04:45:55,True,1.411e-07,4.505e-10,335109508.0,1.51,0x2a...576a,https://bscscan.com/tx/0x16a6aee2416c006825d1ac46082aee06f6cf8f0da3f3bd1459883074081697da
2023-03-29 04:45:40,False,1.404e-07,4.485e-10,668552790.0,2.9986,0xec...0165,https://bscscan.com/tx/0x0d77712a0b8a245e779607b461c11f87b5afeae4b36b4bad7735cbba4e64f137
2023-03-29 04:45:13,False,1.406e-07,4.492e-10,725652456.0,3.25994,0x1b...7f6d,https://bscscan.com/tx/0x6cbf9a6d29800ab1edcb70baf846ecb1e24221bd0d1fe7d3586d3cf28c3ac2f5
2023-03-29 04:45:10,True,1.414e-07,4.516e-10,442827347.0,2.0,0x2a...576a,https://bscscan.com/tx/0x30498217c6e327d92962524016c5e04927bc8b9723d8ac70810e19354d5bdf31
2023-03-29 04:45:01,True,1.411e-07,4.508e-10,1037991436.0,4.68,0xde...fa58,https://bscscan.com/tx/0x44251a5bc0851e961473312c8bc182cbe70f84bec8d6798621e371a15690b15e
2023-03-29 04:44:46,True,1.416e-07,4.5e-10,613316841.0,2.76,0xec...0165,https://bscscan.com/tx/0x030bb4f11786943fd2e78c485e06da13ab3b33335c36292f147cb8e33a14a88e
2023-03-29 04:44:25,True,1.407e-07,4.491e-10,955034288.0,4.29,0x08...af7e,https://bscscan.com/tx/0xd09691101fe5c914bb7fde023f013d16968fc5cf7345789bde6ac2614c38ce83
2023-03-29 04:44:07,False,1.407e-07,4.469e-10,871096191.0,3.89303,0xde...fa58,https://bscscan.com/tx/0xcf17a97e053cd903437fcf7510ba970ea366f51d1666b85f66daac7409174890
2023-03-29 04:43:34,True,1.406e-07,4.488e-10,1445900797.0,6.49,0x1b...7f6d,https://bscscan.com/tx/0x1f41e8ef06e4cc0e8fe5798961d6bda89c890ab8055333ebdee4aaec74381a30
2023-03-29 04:43:34,False,1.398e-07,4.464e-10,1046725463.0,4.67267,0x08...af7e,https://bscscan.com/tx/0x742aec81912860afa4a65d35ecea13d802509f638f47387ce33c8a1c2422e834
2023-03-29 04:43:28,True,1.407e-07,4.491e-10,4697737.0,0.0211,0xe6...7f30,https://bscscan.com/tx/0xb543510b2a1ca1048329defeb94c1fd39f4365bf943adeaa4a06985e3cb681c6
2023-03-29 04:43:16,True,1.405e-07,4.486e-10,1078852958.0,4.84,0xde...fa58,https://bscscan.com/tx/0x7ee3f21d7b33588aa33b899124872e809c230e3da695f3ab6577c2a6f34eaa83
2023-03-29 04:43:16,False,1.397e-07,4.46e-10,511670575.0,2.28253,0x2a...576a,https://bscscan.com/tx/0x97aa2cdc903712f1ef4d7f4b3d6ab0fdacfb5e98608973a07744da3c51e2b956
2023-03-29 04:42:40,True,1.404e-07,4.483e-10,508551609.0,2.28,0x08...af7e,https://bscscan.com/tx/0x780704751ea344131a349c748ad738748034a41d9ec5ab52622335ada7ec313f
2023-03-29 04:42:25,False,1.397e-07,4.459e-10,266988482.0,1.19069,0xde...fa58,https://bscscan.com/tx/0x5f1c104c1ad6b60b90a58b1e4e5ba4a219e736d0e920ba1c2ca829889de5a8d6
2023-03-29 04:42:22,False,1.405e-07,4.461e-10,34366182.0,0.1533,0x8d...3f11,https://bscscan.com/tx/0x7ea9309f9ba09405fda1557556f30d2593755ad2302381466f2c812fba424a76
2023-03-29 04:42:22,True,1.41e-07,4.478e-10,964539913.0,4.32,0x2a...576a,https://bscscan.com/tx/0x16dd30fe94e8ade27812c3f4f54ca9ec18c7fe4e75ac660d83eb7d4857d39825
2023-03-29 04:42:07,True,1.4e-07,4.468e-10,957725144.0,4.28,0xec...0165,https://bscscan.com/tx/0x9af67192e33044a29a1aeef1870510259612db146d185639e8799d1052936c3e
2023-03-29 04:41:49,True,1.398e-07,4.461e-10,495352871.0,2.21,0x08...af7e,https://bscscan.com/tx/0x2844c24148f8edbbcd36637176eca8f59ad159f2e830bc7afcf1b50d03332533
2023-03-29 04:41:34,False,1.391e-07,4.44e-10,762598198.0,3.38635,0xde...fa58,https://bscscan.com/tx/0x3aa23c0d8361eef5ca0554ee3481bdbd881c750a4b922bf0b723dc31cf963f64
2023-03-29 04:41:28,False,1.394e-07,4.45e-10,1210959022.0,5.38952,0x2a...576a,https://bscscan.com/tx/0x22c5b9dde4d7b4902db9c004dfa4850fde01dedd6507702b427433160543354c
2023-03-29 04:40:58,False,1.404e-07,4.46e-10,757107040.0,3.37721,0x08...af7e,https://bscscan.com/tx/0x2a94b6c379836870b28e9a763db595213155a5f13692b3abf87242ffb54e4203
2023-03-29 04:40:43,False,1.406e-07,4.464e-10,8137229.0,0.0363,0xd2...b5e8,https://bscscan.com/tx/0x0fbabb048f499458c01e6ad0ee168e00fbc00ee2494f7178e4e92606dd62c21b
2023-03-29 04:40:43,False,1.407e-07,4.468e-10,690894049.0,3.08705,0xde...fa58,https://bscscan.com/tx/0xef2b25ac8be58bf007c5c4fbce342b408128eac89556b94de76aa7ab67720cb6
2023-03-29 04:40:22,False,1.402e-07,4.475e-10,743767964.0,3.32879,0xec...0165,https://bscscan.com/tx/0xb4eae343d315d8000b303f6a10a90694bd9a07772e5694b0f37cf0e4a0bf9fd7
2023-03-29 04:40:07,False,1.405e-07,4.485e-10,1205516536.0,5.40751,0x1b...7f6d,https://bscscan.com/tx/0x085a14347c23a8306c02489ab896ae76face09029307835fa8a44a2bd5c382d5
2023-03-29 04:40:04,True,1.413e-07,4.509e-10,993518272.0,4.48,0x08...af7e,https://bscscan.com/tx/0xd47f1608b92e10623584674d5926d618bb2b59c7fc5fed76b67f6642f389e76d
2023-03-29 04:39:52,True,1.417e-07,4.499e-10,860078868.0,3.87,0xde...fa58,https://bscscan.com/tx/0x77f5360d58d718279c6194c55ad78e2010a1d201096e70a5c93bb98ef7a8eadb
2023-03-29 04:39:34,False,1.409e-07,4.474e-10,293849599.0,1.31474,0xec...0165,https://bscscan.com/tx/0xc3871d0131604614625047f9fccd37323a6fdae4ce8318ef4f205ded338ab52f
2023-03-29 04:39:16,False,1.41e-07,4.476e-10,243173247.0,1.08868,0x1b...7f6d,https://bscscan.com/tx/0x2f53e2fb4bf903e9a610a1852d1372575bc1168cf0d08a9d9526039a436da957
2023-03-29 04:38:49,True,1.416e-07,4.495e-10,931971205.0,4.19,0x2a...576a,https://bscscan.com/tx/0xb71559f954eb91b0e011130519a1d3eae2c399219ddeed031d0d9a015f4bc0dd
2023-03-29 04:38:46,False,1.408e-07,4.47e-10,452197940.0,2.02174,0xec...0165,https://bscscan.com/tx/0x5a35da43dd6c901d7a915a43d3fd9f7433c1d0c7bd414f954e46df37d61450c6
2023-03-29 04:38:22,False,1.41e-07,4.477e-10,842314653.0,3.77154,0x08...af7e,https://bscscan.com/tx/0x59efedefcb584e82bce1b7218cffc842a4715b85417f427de4db5fb8b68984bf
2023-03-29 04:38:10,True,1.416e-07,4.498e-10,1133704114.0,5.1,0xde...fa58,https://bscscan.com/tx/0x4cbb01ac914bc246d5c5f4b5fdf6a8da2d60e80aa90e7d33d6b781737a34d9d4
2023-03-29 04:37:43,True,1.414e-07,4.489e-10,521163623.0,2.34,0xec...0165,https://bscscan.com/tx/0xa1a6c7e301ec72411fecac22e1265722be5c18e8250c61fcb8a6a7f0547bddc1
2023-03-29 04:37:34,False,1.406e-07,4.466e-10,289535405.0,1.29316,0x1b...7f6d,https://bscscan.com/tx/0x1f1c9208c842d6f1ac2b4281dd071d869f60bd9c808d6c9def7eeda12340f627
2023-03-29 04:37:19,False,1.402e-07,4.472e-10,868791898.0,3.8855,0xde...fa58,https://bscscan.com/tx/0x6238812a5de4361d0f24d62bc7a1edea5f3464027746cb6bebc40548a255ca14
2023-03-29 04:36:52,False,1.404e-07,4.48e-10,678291624.0,3.03893,0xec...0165,https://bscscan.com/tx/0x28e056891eae47be8d5e35b8d05ef1093151b22902d400dc36fa599cebdc204a
