datetime,buy_order,price_USD,price_native,amount_token,total_native,maker,etherscan_url
2023-03-27 21:48:06,True,3.375e-05,1.093e-08,1185089.0,0.1296,0x5b...34d9,https://bscscan.com/tx/0x8773a1b2ee5c851cb578fd533600debf3756ec745002b02397dce18a18e1770c
2023-03-27 21:47:48,True,3.374e-05,1.093e-08,12788758.0,1.39844,0x64...eda3,https://bscscan.com/tx/0xf5edccf24db409fa5ecc891a70034e396434804afa401823002ce29f2b351b5f
2023-03-27 21:41:45,True,3.378e-05,1.093e-08,182929.0,0.02,0x95...2e82,https://bscscan.com/tx/0x43eb22fd2685285ab48eee71d9d475d26a04d84825f90e1c8b71f4bcec31a5f1
2023-03-27 21:36:15,True,3.376e-05,1.093e-08,592349.0,0.0647,0x5a...4b85,https://bscscan.com/tx/0xb449ca892e45d6010e4e9763b549f4378c82502433357b2e92e7d9e94dc40fa9
2023-03-27 21:34:03,True,3.38e-05,1.093e-08,2942980.0,0.3217,0x84...c68a,https://bscscan.com/tx/0x3cdecb93e00f16320114611df05f775b335b40ca60ccdec5b99215c87811723f
2023-03-27 21:32:42,False,3.346e-05,1.087e-08,1679393.0,0.1826,0x3e...06fe,https://bscscan.com/tx/0x5bb1583f99f4802c075a8dc533d34a76a56ad0f9692e27430e90b2fd51ba5e4f
2023-03-27 21:32:42,False,3.346e-05,1.087e-08,2547.1,2.77e-05,0x3e...06fe,https://bscscan.com/tx/0x5bb1583f99f4802c075a8dc533d34a76a56ad0f9692e27430e90b2fd51ba5e4f
2023-03-27 21:28:42,False,3.364e-05,1.087e-08,940540.0,0.1023,0x9b...d3d0,https://bscscan.com/tx/0xf71e83d4fd30b155a8ebd9eb92bceae549f1aaffa6f3c6457c8daa31050262e3
2023-03-27 21:28:42,False,3.364e-05,1.087e-08,4548.0,4.947e-05,0x9b...d3d0,https://bscscan.com/tx/0xf71e83d4fd30b155a8ebd9eb92bceae549f1aaffa6f3c6457c8daa31050262e3
2023-03-27 21:27:27,False,3.363e-05,1.087e-08,1679393.0,0.1826,0x3e...06fe,https://bscscan.com/tx/0xb831055eb3ffb9e2dbcb65e3014de883ef2e2e97e33b1f869f4a1c0d0ad584d8
2023-03-27 21:27:27,False,3.363e-05,1.087e-08,424225.0,0.0461,0x3e...06fe,https://bscscan.com/tx/0xb831055eb3ffb9e2dbcb65e3014de883ef2e2e97e33b1f869f4a1c0d0ad584d8
2023-03-27 21:27:15,True,3.378e-05,1.093e-08,5961263.0,0.6517,0x9b...d3d0,https://bscscan.com/tx/0x80336a6751b1efb422f614cf9fd7e38eef68884df331ca2e981fd7d8a95c4448
2023-03-27 21:27:00,True,3.361e-05,1.093e-08,100000.0,0.0109,0xbe...2ffb,https://bscscan.com/tx/0x3bd66384eb69f7efe06c1f3628937aa4493162e8f200c11633c6f4f7d1f0528d
2023-03-27 21:24:03,False,3.362e-05,1.089e-08,148318367.0,16.1622,0x7c...5744,https://bscscan.com/tx/0x662e62188dc4af7f7f1652bdacc60522d9d3211350a4fd0d298bf7faeff51212
2023-03-27 21:24:03,False,3.368e-05,1.091e-08,30906.5,0.0033,0x7c...5744,https://bscscan.com/tx/0x662e62188dc4af7f7f1652bdacc60522d9d3211350a4fd0d298bf7faeff51212
2023-03-27 21:21:06,True,3.381e-05,1.097e-08,371161.0,0.0407,0xc8...4c99,https://bscscan.com/tx/0x5d1cd83448bfd7224eab495d492d2da042684ea25cc0e3d8f900e4855b548ad8
2023-03-27 21:21:03,True,3.381e-05,1.097e-08,2954926.0,0.3241,0xb5...adb5,https://bscscan.com/tx/0xf73670efbcd0d2a0d3e60a8c110db9b3349b96ac8190bcca93c48b728666003c
2023-03-27 21:21:00,False,3.364e-05,1.091e-08,8096390.0,0.8838,0x00...a62b,https://bscscan.com/tx/0x2acd0ff4736d9ba525ee80c3de2b250034e0eaa439dc9afce716d20e5cdda6a7
2023-03-27 21:21:00,False,3.364e-05,1.091e-08,5141.26,5.613e-05,0x00...a62b,https://bscscan.com/tx/0x2acd0ff4736d9ba525ee80c3de2b250034e0eaa439dc9afce716d20e5cdda6a7
2023-03-27 21:19:27,True,3.363e-05,1.097e-08,384826.0,0.0422,0x35...3cd6,https://bscscan.com/tx/0xf9934a6ea19c4bd81fd2b12a5854acc138735c021271915ff093d60c3cd1729b
2023-03-27 21:19:15,False,3.346e-05,1.091e-08,1514786.0,0.1653,0x1d...d093,https://bscscan.com/tx/0x2a7e03055289ac8f121cbf18fb40717b494bc3adadc4dfb5587e0d5ad435edb8
2023-03-27 21:19:15,False,3.346e-05,1.091e-08,16200.0,0.0017,0x1d...d093,https://bscscan.com/tx/0x2a7e03055289ac8f121cbf18fb40717b494bc3adadc4dfb5587e0d5ad435edb8
2023-03-27 21:17:36,False,3.346e-05,1.091e-08,5982000.0,0.6531,0x78...39b8,https://bscscan.com/tx/0xae2d33ae1ab15c900d4a9efb3015946b3fa768ef5f4f3acc06363bbdae94c3dc
2023-03-27 21:17:36,False,3.346e-05,1.091e-08,7155.25,7.813e-05,0x78...39b8,https://bscscan.com/tx/0xae2d33ae1ab15c900d4a9efb3015946b3fa768ef5f4f3acc06363bbdae94c3dc
2023-03-27 21:17:24,True,3.38e-05,1.097e-08,200000.0,0.0219,0x28...5842,https://bscscan.com/tx/0xadbb17842b863eddbb734a8998b56850861996ef12266212ee8125b800020bd9
2023-03-27 21:17:15,True,3.38e-05,1.097e-08,2137584.0,0.2345,0xdf...3bd3,https://bscscan.com/tx/0x427e81168344996f0ab6db9c0449514d3472124a5c097ca3d612c41814c22dd5
2023-03-27 21:17:09,False,3.346e-05,1.091e-08,311571.0,0.034,0x1e...be7b,https://bscscan.com/tx/0xbe95b733e70bd46a4b8560a124067007380d9474b83fedac92596ff09a75f8f1
2023-03-27 21:17:09,False,3.346e-05,1.091e-08,112061.0,0.0122,0x1e...be7b,https://bscscan.com/tx/0xbe95b733e70bd46a4b8560a124067007380d9474b83fedac92596ff09a75f8f1
2023-03-27 21:15:57,True,3.361e-05,1.096e-08,36465817.0,4.0,0x78...39b8,https://bscscan.com/tx/0x0223dc70891adbfe6321592c3048e70d558086bbb34004ef183dfb8a69b3554d
2023-03-27 21:12:48,True,3.376e-05,1.096e-08,1459307.0,0.16,0xae...d969,https://bscscan.com/tx/0x44e9b57570fd5762b3500c188bd515c963f320992b67a295d788f2a5b69cf872
2023-03-27 21:12:03,True,3.376e-05,1.096e-08,1276931.0,0.14,0xc4...5e09,https://bscscan.com/tx/0x956b17e3e087d7ac106f7cdf6afdcca526219cfd513ed15ec064b537717ec0f9
2023-03-27 21:11:18,False,3.359e-05,1.09e-08,539675.0,0.0588,0xcb...a1b2,https://bscscan.com/tx/0xbab9e804779f271286989071ff4bccda77aa77138eed551ff8c1eefda020f440
2023-03-27 21:11:18,False,3.359e-05,1.09e-08,195380.0,0.0213,0xcb...a1b2,https://bscscan.com/tx/0xbab9e804779f271286989071ff4bccda77aa77138eed551ff8c1eefda020f440
2023-03-27 21:08:15,True,3.357e-05,1.095e-08,30090976.0,3.29789,0x20...946b,https://bscscan.com/tx/0xa2dd17f6139822fd814b1a58f9dc09e586b445ee280501c14c38b08e4869d45b
2023-03-27 21:06:54,True,3.359e-05,1.095e-08,29759034.0,3.25913,0xc1...f4fe,https://bscscan.com/tx/0xece3907cd1749ba7571a3d7aa40d37aeb3df1b865f2e0c890d4f1d48deda7178
2023-03-27 21:04:15,True,3.376e-05,1.094e-08,1480998.0,0.1621,0x42...d461,https://bscscan.com/tx/0x7f8ae31db435c4527fc057aa5c3a645884aff93d74d00618e25ea2c38c0d3379
2023-03-27 21:04:15,True,3.376e-05,1.094e-08,247075.0,0.027,0x0f...b54e,https://bscscan.com/tx/0xe2f0ab2668497d6da993041a5ed0d0bf912e707d57c38ddfd8ed93914bbfd11a
2023-03-27 21:03:45,True,3.375e-05,1.094e-08,2308436.0,0.2527,0xe8...51de,https://bscscan.com/tx/0xbd4db4583b8d53d312589115444138e0e6a6927b3663b596ffac207a8e1d9b63
2023-03-27 21:03:33,False,3.359e-05,1.089e-08,3489500.0,0.38,0x42...6722,https://bscscan.com/tx/0x9f6f8abc01941b74a2abd4dbe99b4f4ee4a2c34451216d4e595630a6bb0aa219
2023-03-27 21:03:33,False,3.359e-05,1.089e-08,380492.0,0.0414,0x42...6722,https://bscscan.com/tx/0x9f6f8abc01941b74a2abd4dbe99b4f4ee4a2c34451216d4e595630a6bb0aa219
2023-03-27 21:03:00,True,3.357e-05,1.094e-08,1330971.0,0.1457,0x35...3cd6,https://bscscan.com/tx/0x0f82887f1f4d2ebb789d4e98910f0c7f03af2f7acf4e2080a66c54458fe48a64
2023-03-27 21:02:36,True,3.359e-05,1.094e-08,28000.0,0.003,0x0f...b54e,https://bscscan.com/tx/0x30dd9b1f4c5a0df5091f6cc6a75da6e1bdc8ff7702667edc950aee24ccd3da4d
2023-03-27 21:01:21,True,3.374e-05,1.094e-08,20001000.0,2.18905,0xe8...51de,https://bscscan.com/tx/0x5ea2f9eb9c70c923f28ea4f375940a4ec909bdb6b27472add351845538fdc982
2023-03-27 21:01:00,True,3.373e-05,1.094e-08,8892187.0,0.9728,0x3a...1a31,https://bscscan.com/tx/0x530ed21a8de8d93b5d89a5f7fceacc5e5bdebd880a39ee061389d7ae7d9760da
2023-03-27 20:59:45,True,3.356e-05,1.093e-08,2255149.0,0.2467,0xd1...c051,https://bscscan.com/tx/0xe5e1a0417c3b7cbfa5866adf852c9ab77bc33c8b3ec80fbb9552527cdca47a16
2023-03-27 20:58:41,True,3.356e-05,1.093e-08,106536.0,0.0116,0x56...659c,https://bscscan.com/tx/0xe91df641c49445ff91b6f982abfa5d141e4e2e599d7de7d5bdd21c2baca22a15
2023-03-27 20:58:20,True,3.357e-05,1.093e-08,150150.0,0.0164,0x0f...b54e,https://bscscan.com/tx/0xcf4ec6ae4ecf068e5be5a37ed2264eea6cc98c908f424567f66af0fb770a59aa
2023-03-27 20:58:17,True,3.357e-05,1.093e-08,1005589.0,0.11,0x17...a3d7,https://bscscan.com/tx/0x3982358e0b20ef127de79c72bbd50a1424bc81536d709b615575a11a707f58d4
2023-03-27 20:55:17,True,3.355e-05,1.093e-08,36567.3,0.004,0xe2...8a2a,https://bscscan.com/tx/0x56b0f309a9db0d62f53c8590774a0c8c590737ccd23fadd454c310d7ca3a0299
2023-03-27 20:55:05,True,3.37e-05,1.093e-08,30091002.0,3.29036,0x20...946b,https://bscscan.com/tx/0x173874b2e58d5810e584e028b32d860247b3b5ca3fd7ba015af16c30b4aa6664
2023-03-27 20:54:53,True,3.369e-05,1.093e-08,73188.4,0.008,0xc5...a52f,https://bscscan.com/tx/0xed7744d7dabd87afdc908db2e885b62aa8731ae8a0f2a548c6051c63cc78832d
2023-03-27 20:54:08,True,3.368e-05,1.092e-08,29769340.0,3.25281,0xc1...f4fe,https://bscscan.com/tx/0x08ffc8ada32f9fa8b2c3d2281bb052b8f9f0db2cad913a2318c3a1b6e401129a
2023-03-27 20:53:29,True,3.367e-05,1.092e-08,183101.0,0.02,0xc1...7c0b,https://bscscan.com/tx/0x15f4b534fd688fbaf5e281babd3dc80a30809ce03d5cc459ae1ac9e64cb4ad73
2023-03-27 20:53:17,False,3.335e-05,1.087e-08,46859000.0,5.09562,0x28...c22f,https://bscscan.com/tx/0x713b4aa7d24d8f7139ae3d92efa7686018db8a74fac9faa00eba8e969659d26a
2023-03-27 20:53:17,False,3.337e-05,1.088e-08,8657.83,9.42e-05,0x28...c22f,https://bscscan.com/tx/0x713b4aa7d24d8f7139ae3d92efa7686018db8a74fac9faa00eba8e969659d26a
2023-03-27 20:52:47,True,3.37e-05,1.093e-08,536015.0,0.0586,0x4f...ed43,https://bscscan.com/tx/0x566d24fa55bbd70c9d73db3a434d852d15d89c018439e91d33901e1af4246ab8
2023-03-27 20:51:41,False,3.355e-05,1.088e-08,2662578.0,0.2897,0x92...453e,https://bscscan.com/tx/0xd8607424fa285d7979ffe9bbe073b409c6ae0abfdc3d0f73d10c21bda1bac28b
2023-03-27 20:51:41,False,3.355e-05,1.088e-08,31175.8,0.0033,0x92...453e,https://bscscan.com/tx/0xd8607424fa285d7979ffe9bbe073b409c6ae0abfdc3d0f73d10c21bda1bac28b
2023-03-27 20:50:47,True,3.372e-05,1.093e-08,1480693.0,0.1619,0xc1...7adb,https://bscscan.com/tx/0x0ced81f9944efe1d9deff07a7132d335fb753c2e11d245870456674a226bf201
2023-03-27 20:50:20,True,3.371e-05,1.093e-08,36578.7,0.004,0x0d...26f8,https://bscscan.com/tx/0xd6a5cc8f6472632d84b7fe9b62b5003e2269cced38979c8e181ccb5acf10e50d
2023-03-27 20:49:53,False,3.355e-05,1.088e-08,9999218.0,1.08812,0xc9...c90f,https://bscscan.com/tx/0x0b7a3f8e5302b1655152ccca816544ab35ede493c03c566eca84f350d4a57515
2023-03-27 20:49:53,False,3.355e-05,1.088e-08,827.447,9.005e-06,0xc9...c90f,https://bscscan.com/tx/0x0b7a3f8e5302b1655152ccca816544ab35ede493c03c566eca84f350d4a57515
2023-03-27 20:49:41,False,3.355e-05,1.088e-08,305543.0,0.0332,0x22...5e18,https://bscscan.com/tx/0x9fc84e1363d989cf0b4ac42137aab9f16192b3428f7508be738c9dcb4eef4f27
2023-03-27 20:49:41,False,3.355e-05,1.088e-08,27000.0,0.0029,0x22...5e18,https://bscscan.com/tx/0x9fc84e1363d989cf0b4ac42137aab9f16192b3428f7508be738c9dcb4eef4f27
2023-03-27 20:49:14,False,3.339e-05,1.088e-08,9970000.0,1.08521,0x78...39b8,https://bscscan.com/tx/0x5966b10ca5b85df00e070d8fd7866aadcec93662cc4a8a0aa0b01745fce1e9af
2023-03-27 20:49:14,False,3.339e-05,1.088e-08,88128.4,0.0095,0x78...39b8,https://bscscan.com/tx/0x5966b10ca5b85df00e070d8fd7866aadcec93662cc4a8a0aa0b01745fce1e9af
2023-03-27 20:48:32,True,3.354e-05,1.093e-08,29716933.0,3.25008,0xc1...f4fe,https://bscscan.com/tx/0xea4612d59e560702a0419483e4cf18fd1bbfb8d6c0e36369376216977288b90a
2023-03-27 20:45:41,False,3.337e-05,1.087e-08,2914438.0,0.317,0x44...7b15,https://bscscan.com/tx/0x37fa719b475a8989c49bf543ee7857754477d6f8152b38263e942a2e85116fe1
2023-03-27 20:45:41,False,3.337e-05,1.087e-08,2735.85,2.976e-05,0x44...7b15,https://bscscan.com/tx/0x37fa719b475a8989c49bf543ee7857754477d6f8152b38263e942a2e85116fe1
2023-03-27 20:45:20,False,3.354e-05,1.087e-08,1010240.0,0.1099,0x6a...47ef,https://bscscan.com/tx/0x85be5bc2a41b91bacc46042681f6c70754f63c31d48c2685003c3fa00281b9b1
2023-03-27 20:45:20,False,3.354e-05,1.087e-08,5400.0,5.874e-05,0x6a...47ef,https://bscscan.com/tx/0x85be5bc2a41b91bacc46042681f6c70754f63c31d48c2685003c3fa00281b9b1
2023-03-27 20:45:14,False,3.354e-05,1.087e-08,1994000.0,0.2169,0x4e...abb7,https://bscscan.com/tx/0x08ee3947ccb926f3aefa83b56ff553abbd432d460d6688626778e138c0e74f99
2023-03-27 20:45:14,False,3.354e-05,1.087e-08,1256.01,1.366e-05,0x4e...abb7,https://bscscan.com/tx/0x08ee3947ccb926f3aefa83b56ff553abbd432d460d6688626778e138c0e74f99
2023-03-27 20:44:29,False,3.354e-05,1.087e-08,463794.0,0.0504,0x32...dfa7,https://bscscan.com/tx/0x7a83dda95ea390027d03e5eb88d761c27f456d4234c7de2761bae511bf5cbcff
2023-03-27 20:44:29,False,3.354e-05,1.087e-08,108246.0,0.0117,0x32...dfa7,https://bscscan.com/tx/0x7a83dda95ea390027d03e5eb88d761c27f456d4234c7de2761bae511bf5cbcff
2023-03-27 20:44:29,True,3.37e-05,1.093e-08,30091006.0,3.28911,0x20...946b,https://bscscan.com/tx/0xacfe37e25c62817d704adf416645c846f1141c7674e6e27fc1fba484b0263131
2023-03-27 20:43:20,False,3.353e-05,1.087e-08,9970000.0,1.08407,0x78...39b8,https://bscscan.com/tx/0xbd0346c35a91fa798de088a4ebb434b634ca49068089bf6c347ff8a163b73cac
2023-03-27 20:43:20,False,3.353e-05,1.087e-08,15916.9,0.0017,0x78...39b8,https://bscscan.com/tx/0xbd0346c35a91fa798de088a4ebb434b634ca49068089bf6c347ff8a163b73cac
2023-03-27 20:41:50,True,3.353e-05,1.092e-08,2074463.0,0.2267,0x3e...06fe,https://bscscan.com/tx/0x02090967053f10c5fc3d2fe3b19b4b245a1138fa0613b769e38264f0a02fad7f
2023-03-27 20:41:47,True,3.353e-05,1.092e-08,2076990.0,0.2269,0xdc...37a9,https://bscscan.com/tx/0xc8e04d1c53c86804431f59423aaca49bb9fb0fb7e2b393ed6d6ecae047b5da8b
2023-03-27 20:41:14,False,3.353e-05,1.087e-08,809056.0,0.0879,0x3b...324e,https://bscscan.com/tx/0x67bfbcad4c846c3a5663f46bfa7fe668acd9c4b804b1ae8d5371943a5e23dc0b
2023-03-27 20:41:14,False,3.353e-05,1.087e-08,27000.0,0.0029,0x3b...324e,https://bscscan.com/tx/0x67bfbcad4c846c3a5663f46bfa7fe668acd9c4b804b1ae8d5371943a5e23dc0b
2023-03-27 20:38:26,False,3.338e-05,1.087e-08,9970000.0,1.08424,0x78...39b8,https://bscscan.com/tx/0x0989f359ef91f30e49e14f70970d8419645b7a915487b50a82be3c91c5283ae1
2023-03-27 20:38:26,False,3.338e-05,1.087e-08,217246.0,0.0236,0x78...39b8,https://bscscan.com/tx/0x0989f359ef91f30e49e14f70970d8419645b7a915487b50a82be3c91c5283ae1
2023-03-27 20:38:11,True,3.354e-05,1.092e-08,23472875.0,2.56509,0x20...946b,https://bscscan.com/tx/0xab7e82bef801df51f8bddcf6ef83bd7f3a564d31bf01e117662cabef984534fe
2023-03-27 20:35:50,True,3.37e-05,1.092e-08,29780626.0,3.25229,0xc1...f4fe,https://bscscan.com/tx/0x320b9975abaeb645f335b7256c7be903b875c612b35a7408c8a825b76315b60a
2023-03-27 20:33:02,True,3.359e-05,1.091e-08,210684.0,0.023,0x18...021b,https://bscscan.com/tx/0x2b1115c400753fc3372d33452fadb23f50b337fff6f2600d22c229c096e74fab
2023-03-27 20:32:44,True,3.361e-05,1.091e-08,2960201.0,0.3231,0x6f...fe8d,https://bscscan.com/tx/0x2883142e2cb83f6cea6b6dbfd47b806a9829e6758444902413a8f1ca4b4fddfe
2023-03-27 20:31:44,True,3.378e-05,1.091e-08,194743.0,0.0212,0x70...8397,https://bscscan.com/tx/0x81733a614c21031902950ab2032c926cee65786faad438218afb2db8fc47efb4
2023-03-27 20:30:11,True,3.38e-05,1.091e-08,183233.0,0.02,0xf0...8824,https://bscscan.com/tx/0xf2116596d2bbde92dfd4c4670833253af90159ee18056a5804a5cc1e728d51c5
2023-03-27 20:29:50,True,3.365e-05,1.091e-08,2533500.0,0.2765,0x34...6e65,https://bscscan.com/tx/0x87b3f4280e13e82fb71f1d71a2b7244a756b576ec1ee4c6d6c31c516ab9ead25
2023-03-27 20:27:47,False,3.366e-05,1.086e-08,13215113.0,1.43549,0x4c...3b03,https://bscscan.com/tx/0x077eb1547241d8cd4dc59a348ec7dc97774a1cdb43611b78c7f79d09f1d0b00e
2023-03-27 20:27:47,False,3.367e-05,1.086e-08,13500.0,0.0014,0x4c...3b03,https://bscscan.com/tx/0x077eb1547241d8cd4dc59a348ec7dc97774a1cdb43611b78c7f79d09f1d0b00e
2023-03-27 20:25:56,False,3.367e-05,1.086e-08,4985000.0,0.5416,0xa8...7ca9,https://bscscan.com/tx/0x072e9e7ab5062800bae65ea117e3131ce3e6f7c996810ab02ee8f90063cd1162
2023-03-27 20:25:56,False,3.367e-05,1.086e-08,3620.01,3.933e-05,0xa8...7ca9,https://bscscan.com/tx/0x072e9e7ab5062800bae65ea117e3131ce3e6f7c996810ab02ee8f90063cd1162
2023-03-27 20:24:14,True,3.367e-05,1.092e-08,91574.6,0.01,0x8a...c09b,https://bscscan.com/tx/0x709d45f83a3cb79aed5440f371b1762c847fee2948f9308c01191aeb76271a5f
2023-03-27 20:23:44,False,3.351e-05,1.086e-08,1245423.0,0.1353,0xc7...122d,https://bscscan.com/tx/0xdc1768d3259a732b16bcece89b20271604f4038632287dc2bfcc74a6cca73cdb
2023-03-27 20:23:44,False,3.351e-05,1.086e-08,1212.77,1.317e-05,0xc7...122d,https://bscscan.com/tx/0xdc1768d3259a732b16bcece89b20271604f4038632287dc2bfcc74a6cca73cdb
2023-03-27 20:23:11,True,3.384e-05,1.092e-08,150000.0,0.0163,0xf1...39b6,https://bscscan.com/tx/0x0018a54a3f509c7089a12f7ec56cff94d04bb2f6c4e03009a92bccfd898ae5bb
2023-03-27 20:23:08,False,3.368e-05,1.086e-08,298277.0,0.0324,0x7c...e637,https://bscscan.com/tx/0xca7aad7c27fcb4b0856777f53de6d33e9e0cf9d8f57db011978b6860bb82d66d
2023-03-27 20:23:08,False,3.368e-05,1.086e-08,2122.96,2.306e-05,0x7c...e637,https://bscscan.com/tx/0xca7aad7c27fcb4b0856777f53de6d33e9e0cf9d8f57db011978b6860bb82d66d
2023-03-27 20:22:41,False,3.368e-05,1.086e-08,783922.0,0.0851,0x3c...4927,https://bscscan.com/tx/0x8726d3b212a36c4893042e977505ea1ca5d880f8bfebee0d1f0f6aa6520ddee2
2023-03-27 20:22:41,False,3.368e-05,1.086e-08,120799.0,0.0131,0x3c...4927,https://bscscan.com/tx/0x8726d3b212a36c4893042e977505ea1ca5d880f8bfebee0d1f0f6aa6520ddee2
2023-03-27 20:22:17,True,3.368e-05,1.092e-08,393214.0,0.0429,0x35...6a65,https://bscscan.com/tx/0xa62ca7e4f6549bf4bf405dad83e14c3bb435f1e2b19a5f67e54dbea3748fbff9
2023-03-27 20:20:26,True,3.384e-05,1.092e-08,393280.0,0.0429,0x35...6a65,https://bscscan.com/tx/0xfff870eb40d29c23d2790452345e644533fef9647daf32e6ff22172255f4ef7a
2023-03-27 20:18:44,True,3.372e-05,1.091e-08,43766225.0,4.77692,0x26...c9e3,https://bscscan.com/tx/0xe20b4103263d6b0d3116596b7353e9bde269fa24d9148b3fae9a9f425abc2231
2023-03-27 20:17:14,False,3.335e-05,1.085e-08,186992.0,0.0203,0x33...f88e,https://bscscan.com/tx/0x1e0012806fa25ad45f966daa0ceb8d9239f98702f7c43e5a3c39341c2622b7c2
2023-03-27 20:17:14,False,3.335e-05,1.085e-08,3469.64,3.766e-05,0x33...f88e,https://bscscan.com/tx/0x1e0012806fa25ad45f966daa0ceb8d9239f98702f7c43e5a3c39341c2622b7c2
2023-03-27 20:17:08,True,3.369e-05,1.09e-08,18333.7,0.002,0x04...3d69,https://bscscan.com/tx/0x7a309e56f80d661c8ac9b4008a334dd742ff698ee32a25f9759fa12f2e96dd09
2023-03-27 20:15:38,False,3.352e-05,1.085e-08,1262920.0,0.137,0x4e...abb7,https://bscscan.com/tx/0xa6da4ec6700989533aafde812e38a4a66058502f753219395e85982ed44e4e13
2023-03-27 20:15:38,False,3.352e-05,1.085e-08,102301.0,0.0111,0x4e...abb7,https://bscscan.com/tx/0xa6da4ec6700989533aafde812e38a4a66058502f753219395e85982ed44e4e13
2023-03-27 20:15:32,True,3.368e-05,1.09e-08,17391274.0,1.89685,0xe3...a028,https://bscscan.com/tx/0xadb6c31ac34208efdad3608a709bfaa3e85c18fcab8ce4475ad93d951cb202d3
2023-03-27 20:14:56,True,3.348e-05,1.09e-08,17402132.0,1.89723,0xe3...a028,https://bscscan.com/tx/0x3f59b6fcd988b27ae658631740447709122ca5cbcfc04382eda1c43e56daf3aa
2023-03-27 20:14:44,False,3.33e-05,1.084e-08,3086410.0,0.3347,0xc2...1d47,https://bscscan.com/tx/0x08acfbe9042cc4fe57b36a0d49eb9c95741a1121fb8e898176e777a456b21fb6
2023-03-27 20:14:44,False,3.331e-05,1.084e-08,14436.1,0.0015,0xc2...1d47,https://bscscan.com/tx/0x08acfbe9042cc4fe57b36a0d49eb9c95741a1121fb8e898176e777a456b21fb6
2023-03-27 20:13:32,False,3.329e-05,1.084e-08,5330670.0,0.5782,0x5b...bc09,https://bscscan.com/tx/0x793b00264b93eb32fcee892a26b5d1098b54171466a4c903ac9048747e500419
2023-03-27 20:13:32,False,3.329e-05,1.084e-08,1660830.0,0.1801,0x5b...bc09,https://bscscan.com/tx/0x793b00264b93eb32fcee892a26b5d1098b54171466a4c903ac9048747e500419
2023-03-27 20:13:20,True,3.363e-05,1.09e-08,910000.0,0.0992,0x78...769b,https://bscscan.com/tx/0x71e5c192f3c7facbabf22e6c0dea0de49710255154a17f1fa154efd18b88247f
2023-03-27 20:12:44,True,3.363e-05,1.09e-08,267598.0,0.0291,0x30...d3b1,https://bscscan.com/tx/0x42de54b74c3dfb0c0f76540c348164562e9f7fd8e28392b1acee56300f77df07
2023-03-27 20:12:41,True,3.362e-05,1.09e-08,11869496.0,1.29387,0x5c...25d1,https://bscscan.com/tx/0x091ba9fb8375af83901ca464a913fdb8b85df299f6699172982421ebbc1c3b14
2023-03-27 20:11:41,True,3.359e-05,1.089e-08,65882828.0,7.17495,0x19...6dd1,https://bscscan.com/tx/0xbe9db77492746db71f11dc09097abc4b7603bd00c0e8b582ec0e17caa2843179
2023-03-27 20:11:29,True,3.355e-05,1.087e-08,30069260.0,3.27087,0x20...946b,https://bscscan.com/tx/0x8fb706947ff36a6381f6ea56ebdfb8b633c69d026f6ed881eb31b3aa05ff5f4f
2023-03-27 20:11:23,True,3.352e-05,1.086e-08,29860900.0,3.24584,0xc1...f4fe,https://bscscan.com/tx/0x018adc52b1f03560f8bb32a7c5e1d556d994fdb54c90b226b6049786d34c4200
2023-03-27 20:11:11,True,3.35e-05,1.086e-08,14923662.0,1.6213,0x17...4266,https://bscscan.com/tx/0x63770c311e8d6cdcabdd512237dbac1434fa711d242be3f90f581ffc5dd1638c
2023-03-27 20:11:08,True,3.349e-05,1.085e-08,61338310.0,6.66094,0x7c...eff1,https://bscscan.com/tx/0xd6d45638b9ed3b427d442611941f132d4e263edebcaf2a2b44aa0f1c0e44833a
2023-03-27 20:11:08,True,3.344e-05,1.084e-08,11091181.0,1.20277,0x93...9236,https://bscscan.com/tx/0xd4daeec715fa720b7ee41de21aaba42cc5b7cbc41d5a2e725282e8274b268f42
2023-03-27 20:11:08,True,3.343e-05,1.084e-08,14066907.0,1.525,0x80...4181,https://bscscan.com/tx/0xf23f99c2bf43839e566d86fc3ed48905c338f4fcd57d14812ac9177cf89e3652
2023-03-27 20:11:08,False,3.342e-05,1.083e-08,398800000.0,43.2197,0x83...98c1,https://bscscan.com/tx/0x0202dcc8801ee3ba178fe21b6ebce4f04e11bd282768aa750aba18229a450653
2023-03-27 20:11:08,False,3.358e-05,1.088e-08,203295.0,0.0221,0x83...98c1,https://bscscan.com/tx/0x0202dcc8801ee3ba178fe21b6ebce4f04e11bd282768aa750aba18229a450653
2023-03-27 20:10:47,True,3.358e-05,1.094e-08,200000.0,0.0218,0x4a...159d,https://bscscan.com/tx/0x8ae3e3f7767333d122166f9bc3da515be0f9ebff23288ae9e477c50f2e6357f0
2023-03-27 20:06:02,False,3.342e-05,1.089e-08,74868977.0,8.1606,0x0c...fcc1,https://bscscan.com/tx/0x1d1f1afe0b881abeec91e27204031039e83142a99560522636028921b621fe11
2023-03-27 20:06:02,False,3.345e-05,1.09e-08,444.863,4.853e-06,0x0c...fcc1,https://bscscan.com/tx/0x1d1f1afe0b881abeec91e27204031039e83142a99560522636028921b621fe11
2023-03-27 20:04:32,False,3.361e-05,1.09e-08,164270.0,0.0179,0x78...d2d7,https://bscscan.com/tx/0x10d9795c8fa3041539b48fb0de5550df4a755bdcc623aa12e93797ed2c7e41c9
2023-03-27 20:04:32,False,3.361e-05,1.09e-08,119405.0,0.013,0x78...d2d7,https://bscscan.com/tx/0x10d9795c8fa3041539b48fb0de5550df4a755bdcc623aa12e93797ed2c7e41c9
2023-03-27 20:03:05,False,3.364e-05,1.091e-08,44091265.0,4.81286,0xff...a8c4,https://bscscan.com/tx/0x7f9ba2019653fda07bdd38de3b080e92756bae7a6549f5a2ff49844fd6590917
2023-03-27 20:03:05,False,3.365e-05,1.092e-08,5572.25,6.085e-05,0xff...a8c4,https://bscscan.com/tx/0x7f9ba2019653fda07bdd38de3b080e92756bae7a6549f5a2ff49844fd6590917
2023-03-27 20:00:43,False,3.348e-05,1.092e-08,2057607.0,0.2247,0xc2...1d47,https://bscscan.com/tx/0xb6ac79f587564a8d15c127506a288da7545220369d75ea1f1ecd0ecf87cf334a
2023-03-27 20:00:43,False,3.348e-05,1.092e-08,55561.2,0.006,0xc2...1d47,https://bscscan.com/tx/0xb6ac79f587564a8d15c127506a288da7545220369d75ea1f1ecd0ecf87cf334a
2023-03-27 20:00:37,True,3.382e-05,1.097e-08,177392.0,0.0194,0xc2...d263,https://bscscan.com/tx/0x2b00f3b7d9d20ca95b5c8f8ec1c0ef57c79926317e20d2fef57bf517f2fb1eae
2023-03-27 19:59:41,True,3.386e-05,1.097e-08,2816725.0,0.3091,0xe3...a028,https://bscscan.com/tx/0xdaa7ab9aa792bc92b88a4e822df3f397754d7fd66c237d134c4e541cfcf54077
2023-03-27 19:58:56,True,3.386e-05,1.097e-08,45553.5,0.005,0xb6...e815,https://bscscan.com/tx/0x664f96607b20d6a2be27335bf894328e5f567d6325a286e159123d75a4c9e22a
2023-03-27 19:58:47,True,3.369e-05,1.097e-08,50729.0,0.0055,0x20...f960,https://bscscan.com/tx/0x4d84a1b2809503b6ab141400d08da7761a4ff3e3067fe5b9bea343ec8923ed63
2023-03-27 19:58:14,True,3.37e-05,1.097e-08,216875.0,0.0238,0xbd...3739,https://bscscan.com/tx/0xc48d5ea6da9f8041b5107a0d6855034e40a6f968c58d37450c62b2da2ee4b0e5
2023-03-27 19:58:05,True,3.388e-05,1.097e-08,16604005.0,1.82209,0xe3...a028,https://bscscan.com/tx/0x2bcd08fa804b2ed8af79d9ec55a22ad4f8b8337918b5216fecc838c39a44a8b0
2023-03-27 19:57:14,True,3.389e-05,1.097e-08,20000.0,0.0021,0x55...0764,https://bscscan.com/tx/0xa754423e96b44ef4101fa36133d49b928effe6d35e804369adf4c22c74f0f425
2023-03-27 19:56:59,False,3.372e-05,1.091e-08,645018.0,0.0704,0x79...9df9,https://bscscan.com/tx/0x8be18407e7de797f5f37962a909bf036668f270bf58fc3dde86bbacd293914b3
2023-03-27 19:56:59,False,3.372e-05,1.091e-08,142669.0,0.0155,0x79...9df9,https://bscscan.com/tx/0x8be18407e7de797f5f37962a909bf036668f270bf58fc3dde86bbacd293914b3
2023-03-27 19:56:26,True,3.387e-05,1.096e-08,29517486.0,3.23743,0xe3...a028,https://bscscan.com/tx/0x46742aadcd0cdcab28939d13f56e7049df28c27a1c2eb2e8aec44dfd47dbaeae
2023-03-27 19:56:05,True,3.37e-05,1.096e-08,1373869.0,0.1506,0xdf...e049,https://bscscan.com/tx/0x3672fb2cfe97477af1ea61d4dd81ffdf8419a0d25c73116d4426ec954afccd38
2023-03-27 19:54:14,True,3.369e-05,1.096e-08,202979.0,0.0222,0x41...d39e,https://bscscan.com/tx/0xd90d4629bd15f540b8c4fb2efb7a8946127c25d511446e8f8123a2836d9a0afd
2023-03-27 19:54:11,True,3.369e-05,1.096e-08,2491709.0,0.2731,0x1c...ee15,https://bscscan.com/tx/0x23f34918d337180b5067b8858ddc45550f171e89e83465d4b4010e913ac51bbd
2023-03-27 19:53:56,True,3.386e-05,1.096e-08,2500993.0,0.2741,0x1c...ee15,https://bscscan.com/tx/0x383f1aa76b5901869417cd9c37652eeb0223ff1755f93c902e51f9998c014d3d
2023-03-27 19:53:44,False,3.352e-05,1.09e-08,16703191.0,1.82225,0x41...4c19,https://bscscan.com/tx/0x1f14c88326df03377e0e4731b63d88f96c9cc7bd8c2637225c35dc9721a6c334
2023-03-27 19:53:44,False,3.353e-05,1.091e-08,23188.9,0.0025,0x41...4c19,https://bscscan.com/tx/0x1f14c88326df03377e0e4731b63d88f96c9cc7bd8c2637225c35dc9721a6c334
2023-03-27 19:53:05,False,3.37e-05,1.091e-08,8562717.0,0.9344,0x05...7066,https://bscscan.com/tx/0x7c93119eb8be1375d8b1892dc9260a9a89f749f10e1adc1b332efc22abc294cb
2023-03-27 19:53:05,False,3.371e-05,1.091e-08,94265.1,0.0102,0x05...7066,https://bscscan.com/tx/0x7c93119eb8be1375d8b1892dc9260a9a89f749f10e1adc1b332efc22abc294cb
2023-03-27 19:53:05,False,3.372e-05,1.091e-08,34808276.0,3.80063,0x05...7066,https://bscscan.com/tx/0xa87411daa39eea079a96beef346f14c66e66f4a7662414c1bbce68d83a30fb9a
2023-03-27 19:53:05,False,3.374e-05,1.092e-08,80723.3,0.0088,0x05...7066,https://bscscan.com/tx/0xa87411daa39eea079a96beef346f14c66e66f4a7662414c1bbce68d83a30fb9a
2023-03-27 19:51:53,False,3.378e-05,1.092e-08,29807813.0,3.25721,0xc0...1f4f,https://bscscan.com/tx/0x4b4d9306664116bd522021f91411213f6b8310426552cffe6175ae5ff99ee5d2
2023-03-27 19:51:53,False,3.379e-05,1.093e-08,28365.5,0.0031,0xc0...1f4f,https://bscscan.com/tx/0x4b4d9306664116bd522021f91411213f6b8310426552cffe6175ae5ff99ee5d2
2023-03-27 19:51:35,False,3.361e-05,1.093e-08,10474207.0,1.14512,0x05...7066,https://bscscan.com/tx/0x7cb9f7f0de56360b0181452ebc6bb71d2067a8e5e60904843b289a5366c95c07
2023-03-27 19:51:35,False,3.362e-05,1.093e-08,111282.0,0.0121,0x05...7066,https://bscscan.com/tx/0x7cb9f7f0de56360b0181452ebc6bb71d2067a8e5e60904843b289a5366c95c07
2023-03-27 19:50:23,True,3.387e-05,1.098e-08,310000.0,0.034,0x73...fc69,https://bscscan.com/tx/0x85a6b730a1dbf6a9f82a93318c9898ff7059f33243b9120fd3f517efe1e58eed
2023-03-27 19:49:53,True,3.387e-05,1.098e-08,4550276.0,0.5,0x67...a059,https://bscscan.com/tx/0xa93a1c32e1d58313fa9aa41a2aed3af0e9e628952f4719083d9b76dbe90d647e
2023-03-27 19:47:20,True,3.402e-05,1.098e-08,3570507.0,0.3923,0x0d...53da,https://bscscan.com/tx/0x0aeb901cb53b37837e32c718ae9ba727e531cc4123a1405b14e47b4050a46cb8
2023-03-27 19:46:32,True,3.402e-05,1.098e-08,29410342.0,3.23009,0xe3...a028,https://bscscan.com/tx/0x4d11e02deeea7533bc1f662264cf2634070c1d6fb89f1334a8974002bdd85108
2023-03-27 19:46:26,True,3.4e-05,1.097e-08,192402.0,0.0211,0x64...b51d,https://bscscan.com/tx/0x6b51d03f117f9af98ce398334f04fbbd184dfa5b5e189728451bdbbe5305b468
2023-03-27 19:42:41,False,3.375e-05,1.092e-08,2991000.0,0.3267,0x78...39b8,https://bscscan.com/tx/0x46d7f8dd0f761e1040fee164533015da7e1145a4cac9276924669cb0f4e0bd09
2023-03-27 19:42:41,False,3.375e-05,1.092e-08,1681.22,1.836e-05,0x78...39b8,https://bscscan.com/tx/0x46d7f8dd0f761e1040fee164533015da7e1145a4cac9276924669cb0f4e0bd09
2023-03-27 19:42:41,False,3.375e-05,1.092e-08,620806.0,0.0678,0x0c...cc63,https://bscscan.com/tx/0x3f4c474e4a06fd35e3fd72eb33413a736b2fe408b5ca149a2f93c69e214ed511
2023-03-27 19:42:41,False,3.376e-05,1.092e-08,49781.5,0.0054,0x0c...cc63,https://bscscan.com/tx/0x3f4c474e4a06fd35e3fd72eb33413a736b2fe408b5ca149a2f93c69e214ed511
2023-03-27 19:42:41,True,3.392e-05,1.097e-08,18225887.0,2.00072,0x36...14b1,https://bscscan.com/tx/0x0d91ce88dbc788c78da8ca90eadc5bd52876a9ee91b511b010676dd98365bf35
2023-03-27 19:41:26,True,3.392e-05,1.097e-08,61700.6,0.0067,0x41...d39e,https://bscscan.com/tx/0x9c0a4d4da0904e8be24b16530adb1d1b19eebd26923171ffb5bac8fb2c50eabd
2023-03-27 19:41:14,False,3.392e-05,1.092e-08,149550.0,0.0163,0x61...5754,https://bscscan.com/tx/0x28ab29a5b2a0c8e15f6c0a51f38ab6a99bca7378a528ae0573e85b70393c6aaf
2023-03-27 19:41:14,False,3.392e-05,1.092e-08,4222.5,4.611e-05,0x61...5754,https://bscscan.com/tx/0x28ab29a5b2a0c8e15f6c0a51f38ab6a99bca7378a528ae0573e85b70393c6aaf
2023-03-27 19:41:02,True,3.392e-05,1.097e-08,63781.6,0.007,0x3f...45b3,https://bscscan.com/tx/0xc6f55ca43e2f6015b40bd8593d7ef909215b090b9735384e3d498c189736c291
2023-03-27 19:39:26,False,3.374e-05,1.092e-08,1495605.0,0.1633,0x1f...4f4f,https://bscscan.com/tx/0x175d589375b866eccaef0559af2fe1794c770cc5a1ade2d5df153545958f703b
2023-03-27 19:39:26,False,3.375e-05,1.092e-08,116461.0,0.0127,0x1f...4f4f,https://bscscan.com/tx/0x175d589375b866eccaef0559af2fe1794c770cc5a1ade2d5df153545958f703b
2023-03-27 19:37:50,True,3.414e-05,1.097e-08,22784605.0,2.5,0x78...39b8,https://bscscan.com/tx/0xdd8a346a2564cda2972bcfe60e5f682a748bbe96c67bd10cef902c8c9b7021ad
2023-03-27 19:36:44,True,3.396e-05,1.096e-08,207603.0,0.0227,0xc4...c5da,https://bscscan.com/tx/0x922972f382af75d030dc36ccf33ed40895f0797df7c11b6ecf5ce5f5d200a314
2023-03-27 19:46:32,True,3.402e-05,1.098e-08,29410342.0,3.23009,0xe3...a028,https://bscscan.com/tx/0x4d11e02deeea7533bc1f662264cf2634070c1d6fb89f1334a8974002bdd85108
2023-03-27 19:46:26,True,3.4e-05,1.097e-08,192402.0,0.0211,0x64...b51d,https://bscscan.com/tx/0x6b51d03f117f9af98ce398334f04fbbd184dfa5b5e189728451bdbbe5305b468
2023-03-27 19:42:41,False,3.375e-05,1.092e-08,2991000.0,0.3267,0x78...39b8,https://bscscan.com/tx/0x46d7f8dd0f761e1040fee164533015da7e1145a4cac9276924669cb0f4e0bd09
2023-03-27 19:42:41,False,3.375e-05,1.092e-08,1681.22,1.836e-05,0x78...39b8,https://bscscan.com/tx/0x46d7f8dd0f761e1040fee164533015da7e1145a4cac9276924669cb0f4e0bd09
2023-03-27 19:42:41,False,3.375e-05,1.092e-08,620806.0,0.0678,0x0c...cc63,https://bscscan.com/tx/0x3f4c474e4a06fd35e3fd72eb33413a736b2fe408b5ca149a2f93c69e214ed511
2023-03-27 19:42:41,False,3.376e-05,1.092e-08,49781.5,0.0054,0x0c...cc63,https://bscscan.com/tx/0x3f4c474e4a06fd35e3fd72eb33413a736b2fe408b5ca149a2f93c69e214ed511
2023-03-27 19:42:41,True,3.392e-05,1.097e-08,18225887.0,2.00072,0x36...14b1,https://bscscan.com/tx/0x0d91ce88dbc788c78da8ca90eadc5bd52876a9ee91b511b010676dd98365bf35
2023-03-27 19:41:26,True,3.392e-05,1.097e-08,61700.6,0.0067,0x41...d39e,https://bscscan.com/tx/0x9c0a4d4da0904e8be24b16530adb1d1b19eebd26923171ffb5bac8fb2c50eabd
2023-03-27 19:41:14,False,3.392e-05,1.092e-08,149550.0,0.0163,0x61...5754,https://bscscan.com/tx/0x28ab29a5b2a0c8e15f6c0a51f38ab6a99bca7378a528ae0573e85b70393c6aaf
2023-03-27 19:41:14,False,3.392e-05,1.092e-08,4222.5,4.611e-05,0x61...5754,https://bscscan.com/tx/0x28ab29a5b2a0c8e15f6c0a51f38ab6a99bca7378a528ae0573e85b70393c6aaf
2023-03-27 19:41:02,True,3.392e-05,1.097e-08,63781.6,0.007,0x3f...45b3,https://bscscan.com/tx/0xc6f55ca43e2f6015b40bd8593d7ef909215b090b9735384e3d498c189736c291
2023-03-27 19:39:26,False,3.374e-05,1.092e-08,1495605.0,0.1633,0x1f...4f4f,https://bscscan.com/tx/0x175d589375b866eccaef0559af2fe1794c770cc5a1ade2d5df153545958f703b
2023-03-27 19:39:26,False,3.375e-05,1.092e-08,116461.0,0.0127,0x1f...4f4f,https://bscscan.com/tx/0x175d589375b866eccaef0559af2fe1794c770cc5a1ade2d5df153545958f703b
2023-03-27 19:37:50,True,3.414e-05,1.097e-08,22784605.0,2.5,0x78...39b8,https://bscscan.com/tx/0xdd8a346a2564cda2972bcfe60e5f682a748bbe96c67bd10cef902c8c9b7021ad
2023-03-27 19:36:44,True,3.396e-05,1.096e-08,207603.0,0.0227,0xc4...c5da,https://bscscan.com/tx/0x922972f382af75d030dc36ccf33ed40895f0797df7c11b6ecf5ce5f5d200a314
2023-03-27 19:46:32,True,3.402e-05,1.098e-08,29410342.0,3.23009,0xe3...a028,https://bscscan.com/tx/0x4d11e02deeea7533bc1f662264cf2634070c1d6fb89f1334a8974002bdd85108
2023-03-27 19:46:26,True,3.4e-05,1.097e-08,192402.0,0.0211,0x64...b51d,https://bscscan.com/tx/0x6b51d03f117f9af98ce398334f04fbbd184dfa5b5e189728451bdbbe5305b468
2023-03-27 19:42:41,False,3.375e-05,1.092e-08,2991000.0,0.3267,0x78...39b8,https://bscscan.com/tx/0x46d7f8dd0f761e1040fee164533015da7e1145a4cac9276924669cb0f4e0bd09
2023-03-27 19:42:41,False,3.375e-05,1.092e-08,1681.22,1.836e-05,0x78...39b8,https://bscscan.com/tx/0x46d7f8dd0f761e1040fee164533015da7e1145a4cac9276924669cb0f4e0bd09
2023-03-27 19:42:41,False,3.375e-05,1.092e-08,620806.0,0.0678,0x0c...cc63,https://bscscan.com/tx/0x3f4c474e4a06fd35e3fd72eb33413a736b2fe408b5ca149a2f93c69e214ed511
2023-03-27 19:42:41,False,3.376e-05,1.092e-08,49781.5,0.0054,0x0c...cc63,https://bscscan.com/tx/0x3f4c474e4a06fd35e3fd72eb33413a736b2fe408b5ca149a2f93c69e214ed511
2023-03-27 19:42:41,True,3.392e-05,1.097e-08,18225887.0,2.00072,0x36...14b1,https://bscscan.com/tx/0x0d91ce88dbc788c78da8ca90eadc5bd52876a9ee91b511b010676dd98365bf35
2023-03-27 19:41:26,True,3.392e-05,1.097e-08,61700.6,0.0067,0x41...d39e,https://bscscan.com/tx/0x9c0a4d4da0904e8be24b16530adb1d1b19eebd26923171ffb5bac8fb2c50eabd
2023-03-27 19:41:14,False,3.392e-05,1.092e-08,149550.0,0.0163,0x61...5754,https://bscscan.com/tx/0x28ab29a5b2a0c8e15f6c0a51f38ab6a99bca7378a528ae0573e85b70393c6aaf
2023-03-27 19:41:14,False,3.392e-05,1.092e-08,4222.5,4.611e-05,0x61...5754,https://bscscan.com/tx/0x28ab29a5b2a0c8e15f6c0a51f38ab6a99bca7378a528ae0573e85b70393c6aaf
2023-03-27 19:41:02,True,3.392e-05,1.097e-08,63781.6,0.007,0x3f...45b3,https://bscscan.com/tx/0xc6f55ca43e2f6015b40bd8593d7ef909215b090b9735384e3d498c189736c291
2023-03-27 19:39:26,False,3.374e-05,1.092e-08,1495605.0,0.1633,0x1f...4f4f,https://bscscan.com/tx/0x175d589375b866eccaef0559af2fe1794c770cc5a1ade2d5df153545958f703b
2023-03-27 19:39:26,False,3.375e-05,1.092e-08,116461.0,0.0127,0x1f...4f4f,https://bscscan.com/tx/0x175d589375b866eccaef0559af2fe1794c770cc5a1ade2d5df153545958f703b
2023-03-27 19:37:50,True,3.414e-05,1.097e-08,22784605.0,2.5,0x78...39b8,https://bscscan.com/tx/0xdd8a346a2564cda2972bcfe60e5f682a748bbe96c67bd10cef902c8c9b7021ad
2023-03-27 19:36:44,True,3.396e-05,1.096e-08,207603.0,0.0227,0xc4...c5da,https://bscscan.com/tx/0x922972f382af75d030dc36ccf33ed40895f0797df7c11b6ecf5ce5f5d200a314
2023-03-27 19:46:32,True,3.402e-05,1.098e-08,29410342.0,3.23009,0xe3...a028,https://bscscan.com/tx/0x4d11e02deeea7533bc1f662264cf2634070c1d6fb89f1334a8974002bdd85108
2023-03-27 19:46:26,True,3.4e-05,1.097e-08,192402.0,0.0211,0x64...b51d,https://bscscan.com/tx/0x6b51d03f117f9af98ce398334f04fbbd184dfa5b5e189728451bdbbe5305b468
2023-03-27 19:42:41,False,3.375e-05,1.092e-08,2991000.0,0.3267,0x78...39b8,https://bscscan.com/tx/0x46d7f8dd0f761e1040fee164533015da7e1145a4cac9276924669cb0f4e0bd09
2023-03-27 19:42:41,False,3.375e-05,1.092e-08,1681.22,1.836e-05,0x78...39b8,https://bscscan.com/tx/0x46d7f8dd0f761e1040fee164533015da7e1145a4cac9276924669cb0f4e0bd09
2023-03-27 19:42:41,False,3.375e-05,1.092e-08,620806.0,0.0678,0x0c...cc63,https://bscscan.com/tx/0x3f4c474e4a06fd35e3fd72eb33413a736b2fe408b5ca149a2f93c69e214ed511
2023-03-27 19:42:41,False,3.376e-05,1.092e-08,49781.5,0.0054,0x0c...cc63,https://bscscan.com/tx/0x3f4c474e4a06fd35e3fd72eb33413a736b2fe408b5ca149a2f93c69e214ed511
2023-03-27 19:42:41,True,3.392e-05,1.097e-08,18225887.0,2.00072,0x36...14b1,https://bscscan.com/tx/0x0d91ce88dbc788c78da8ca90eadc5bd52876a9ee91b511b010676dd98365bf35
2023-03-27 19:41:26,True,3.392e-05,1.097e-08,61700.6,0.0067,0x41...d39e,https://bscscan.com/tx/0x9c0a4d4da0904e8be24b16530adb1d1b19eebd26923171ffb5bac8fb2c50eabd
2023-03-27 19:41:14,False,3.392e-05,1.092e-08,149550.0,0.0163,0x61...5754,https://bscscan.com/tx/0x28ab29a5b2a0c8e15f6c0a51f38ab6a99bca7378a528ae0573e85b70393c6aaf
2023-03-27 19:41:14,False,3.392e-05,1.092e-08,4222.5,4.611e-05,0x61...5754,https://bscscan.com/tx/0x28ab29a5b2a0c8e15f6c0a51f38ab6a99bca7378a528ae0573e85b70393c6aaf
2023-03-27 19:41:02,True,3.392e-05,1.097e-08,63781.6,0.007,0x3f...45b3,https://bscscan.com/tx/0xc6f55ca43e2f6015b40bd8593d7ef909215b090b9735384e3d498c189736c291
2023-03-27 19:39:26,False,3.374e-05,1.092e-08,1495605.0,0.1633,0x1f...4f4f,https://bscscan.com/tx/0x175d589375b866eccaef0559af2fe1794c770cc5a1ade2d5df153545958f703b
2023-03-27 19:39:26,False,3.375e-05,1.092e-08,116461.0,0.0127,0x1f...4f4f,https://bscscan.com/tx/0x175d589375b866eccaef0559af2fe1794c770cc5a1ade2d5df153545958f703b
2023-03-27 19:37:50,True,3.414e-05,1.097e-08,22784605.0,2.5,0x78...39b8,https://bscscan.com/tx/0xdd8a346a2564cda2972bcfe60e5f682a748bbe96c67bd10cef902c8c9b7021ad
2023-03-27 19:36:44,True,3.396e-05,1.096e-08,207603.0,0.0227,0xc4...c5da,https://bscscan.com/tx/0x922972f382af75d030dc36ccf33ed40895f0797df7c11b6ecf5ce5f5d200a314
2023-03-27 19:46:32,True,3.402e-05,1.098e-08,29410342.0,3.23009,0xe3...a028,https://bscscan.com/tx/0x4d11e02deeea7533bc1f662264cf2634070c1d6fb89f1334a8974002bdd85108
2023-03-27 19:46:26,True,3.4e-05,1.097e-08,192402.0,0.0211,0x64...b51d,https://bscscan.com/tx/0x6b51d03f117f9af98ce398334f04fbbd184dfa5b5e189728451bdbbe5305b468
2023-03-27 19:42:41,False,3.375e-05,1.092e-08,2991000.0,0.3267,0x78...39b8,https://bscscan.com/tx/0x46d7f8dd0f761e1040fee164533015da7e1145a4cac9276924669cb0f4e0bd09
2023-03-27 19:42:41,False,3.375e-05,1.092e-08,1681.22,1.836e-05,0x78...39b8,https://bscscan.com/tx/0x46d7f8dd0f761e1040fee164533015da7e1145a4cac9276924669cb0f4e0bd09
2023-03-27 19:42:41,False,3.375e-05,1.092e-08,620806.0,0.0678,0x0c...cc63,https://bscscan.com/tx/0x3f4c474e4a06fd35e3fd72eb33413a736b2fe408b5ca149a2f93c69e214ed511
2023-03-27 19:42:41,False,3.376e-05,1.092e-08,49781.5,0.0054,0x0c...cc63,https://bscscan.com/tx/0x3f4c474e4a06fd35e3fd72eb33413a736b2fe408b5ca149a2f93c69e214ed511
2023-03-27 19:42:41,True,3.392e-05,1.097e-08,18225887.0,2.00072,0x36...14b1,https://bscscan.com/tx/0x0d91ce88dbc788c78da8ca90eadc5bd52876a9ee91b511b010676dd98365bf35
2023-03-27 19:41:26,True,3.392e-05,1.097e-08,61700.6,0.0067,0x41...d39e,https://bscscan.com/tx/0x9c0a4d4da0904e8be24b16530adb1d1b19eebd26923171ffb5bac8fb2c50eabd
2023-03-27 19:41:14,False,3.392e-05,1.092e-08,149550.0,0.0163,0x61...5754,https://bscscan.com/tx/0x28ab29a5b2a0c8e15f6c0a51f38ab6a99bca7378a528ae0573e85b70393c6aaf
2023-03-27 19:41:14,False,3.392e-05,1.092e-08,4222.5,4.611e-05,0x61...5754,https://bscscan.com/tx/0x28ab29a5b2a0c8e15f6c0a51f38ab6a99bca7378a528ae0573e85b70393c6aaf
2023-03-27 19:41:02,True,3.392e-05,1.097e-08,63781.6,0.007,0x3f...45b3,https://bscscan.com/tx/0xc6f55ca43e2f6015b40bd8593d7ef909215b090b9735384e3d498c189736c291
2023-03-27 19:39:26,False,3.374e-05,1.092e-08,1495605.0,0.1633,0x1f...4f4f,https://bscscan.com/tx/0x175d589375b866eccaef0559af2fe1794c770cc5a1ade2d5df153545958f703b
2023-03-27 19:39:26,False,3.375e-05,1.092e-08,116461.0,0.0127,0x1f...4f4f,https://bscscan.com/tx/0x175d589375b866eccaef0559af2fe1794c770cc5a1ade2d5df153545958f703b
2023-03-27 19:37:50,True,3.414e-05,1.097e-08,22784605.0,2.5,0x78...39b8,https://bscscan.com/tx/0xdd8a346a2564cda2972bcfe60e5f682a748bbe96c67bd10cef902c8c9b7021ad
2023-03-27 19:36:44,True,3.396e-05,1.096e-08,207603.0,0.0227,0xc4...c5da,https://bscscan.com/tx/0x922972f382af75d030dc36ccf33ed40895f0797df7c11b6ecf5ce5f5d200a314
2023-03-27 19:46:32,True,3.402e-05,1.098e-08,29410342.0,3.23009,0xe3...a028,https://bscscan.com/tx/0x4d11e02deeea7533bc1f662264cf2634070c1d6fb89f1334a8974002bdd85108
2023-03-27 19:46:26,True,3.4e-05,1.097e-08,192402.0,0.0211,0x64...b51d,https://bscscan.com/tx/0x6b51d03f117f9af98ce398334f04fbbd184dfa5b5e189728451bdbbe5305b468
2023-03-27 19:42:41,False,3.375e-05,1.092e-08,2991000.0,0.3267,0x78...39b8,https://bscscan.com/tx/0x46d7f8dd0f761e1040fee164533015da7e1145a4cac9276924669cb0f4e0bd09
2023-03-27 19:42:41,False,3.375e-05,1.092e-08,1681.22,1.836e-05,0x78...39b8,https://bscscan.com/tx/0x46d7f8dd0f761e1040fee164533015da7e1145a4cac9276924669cb0f4e0bd09
2023-03-27 19:42:41,False,3.375e-05,1.092e-08,620806.0,0.0678,0x0c...cc63,https://bscscan.com/tx/0x3f4c474e4a06fd35e3fd72eb33413a736b2fe408b5ca149a2f93c69e214ed511
2023-03-27 19:42:41,False,3.376e-05,1.092e-08,49781.5,0.0054,0x0c...cc63,https://bscscan.com/tx/0x3f4c474e4a06fd35e3fd72eb33413a736b2fe408b5ca149a2f93c69e214ed511
2023-03-27 19:42:41,True,3.392e-05,1.097e-08,18225887.0,2.00072,0x36...14b1,https://bscscan.com/tx/0x0d91ce88dbc788c78da8ca90eadc5bd52876a9ee91b511b010676dd98365bf35
2023-03-27 19:41:26,True,3.392e-05,1.097e-08,61700.6,0.0067,0x41...d39e,https://bscscan.com/tx/0x9c0a4d4da0904e8be24b16530adb1d1b19eebd26923171ffb5bac8fb2c50eabd
2023-03-27 19:41:14,False,3.392e-05,1.092e-08,149550.0,0.0163,0x61...5754,https://bscscan.com/tx/0x28ab29a5b2a0c8e15f6c0a51f38ab6a99bca7378a528ae0573e85b70393c6aaf
2023-03-27 19:41:14,False,3.392e-05,1.092e-08,4222.5,4.611e-05,0x61...5754,https://bscscan.com/tx/0x28ab29a5b2a0c8e15f6c0a51f38ab6a99bca7378a528ae0573e85b70393c6aaf
2023-03-27 19:41:02,True,3.392e-05,1.097e-08,63781.6,0.007,0x3f...45b3,https://bscscan.com/tx/0xc6f55ca43e2f6015b40bd8593d7ef909215b090b9735384e3d498c189736c291
2023-03-27 19:39:26,False,3.374e-05,1.092e-08,1495605.0,0.1633,0x1f...4f4f,https://bscscan.com/tx/0x175d589375b866eccaef0559af2fe1794c770cc5a1ade2d5df153545958f703b
2023-03-27 19:39:26,False,3.375e-05,1.092e-08,116461.0,0.0127,0x1f...4f4f,https://bscscan.com/tx/0x175d589375b866eccaef0559af2fe1794c770cc5a1ade2d5df153545958f703b
2023-03-27 19:37:50,True,3.414e-05,1.097e-08,22784605.0,2.5,0x78...39b8,https://bscscan.com/tx/0xdd8a346a2564cda2972bcfe60e5f682a748bbe96c67bd10cef902c8c9b7021ad
2023-03-27 19:36:44,True,3.396e-05,1.096e-08,207603.0,0.0227,0xc4...c5da,https://bscscan.com/tx/0x922972f382af75d030dc36ccf33ed40895f0797df7c11b6ecf5ce5f5d200a314
2023-03-27 19:46:32,True,3.402e-05,1.098e-08,29410342.0,3.23009,0xe3...a028,https://bscscan.com/tx/0x4d11e02deeea7533bc1f662264cf2634070c1d6fb89f1334a8974002bdd85108
2023-03-27 19:46:26,True,3.4e-05,1.097e-08,192402.0,0.0211,0x64...b51d,https://bscscan.com/tx/0x6b51d03f117f9af98ce398334f04fbbd184dfa5b5e189728451bdbbe5305b468
2023-03-27 19:42:41,False,3.375e-05,1.092e-08,2991000.0,0.3267,0x78...39b8,https://bscscan.com/tx/0x46d7f8dd0f761e1040fee164533015da7e1145a4cac9276924669cb0f4e0bd09
2023-03-27 19:42:41,False,3.375e-05,1.092e-08,1681.22,1.836e-05,0x78...39b8,https://bscscan.com/tx/0x46d7f8dd0f761e1040fee164533015da7e1145a4cac9276924669cb0f4e0bd09
2023-03-27 19:42:41,False,3.375e-05,1.092e-08,620806.0,0.0678,0x0c...cc63,https://bscscan.com/tx/0x3f4c474e4a06fd35e3fd72eb33413a736b2fe408b5ca149a2f93c69e214ed511
2023-03-27 19:42:41,False,3.376e-05,1.092e-08,49781.5,0.0054,0x0c...cc63,https://bscscan.com/tx/0x3f4c474e4a06fd35e3fd72eb33413a736b2fe408b5ca149a2f93c69e214ed511
2023-03-27 19:42:41,True,3.392e-05,1.097e-08,18225887.0,2.00072,0x36...14b1,https://bscscan.com/tx/0x0d91ce88dbc788c78da8ca90eadc5bd52876a9ee91b511b010676dd98365bf35
2023-03-27 19:41:26,True,3.392e-05,1.097e-08,61700.6,0.0067,0x41...d39e,https://bscscan.com/tx/0x9c0a4d4da0904e8be24b16530adb1d1b19eebd26923171ffb5bac8fb2c50eabd
2023-03-27 19:41:14,False,3.392e-05,1.092e-08,149550.0,0.0163,0x61...5754,https://bscscan.com/tx/0x28ab29a5b2a0c8e15f6c0a51f38ab6a99bca7378a528ae0573e85b70393c6aaf
2023-03-27 19:41:14,False,3.392e-05,1.092e-08,4222.5,4.611e-05,0x61...5754,https://bscscan.com/tx/0x28ab29a5b2a0c8e15f6c0a51f38ab6a99bca7378a528ae0573e85b70393c6aaf
2023-03-27 19:41:02,True,3.392e-05,1.097e-08,63781.6,0.007,0x3f...45b3,https://bscscan.com/tx/0xc6f55ca43e2f6015b40bd8593d7ef909215b090b9735384e3d498c189736c291
2023-03-27 19:39:26,False,3.374e-05,1.092e-08,1495605.0,0.1633,0x1f...4f4f,https://bscscan.com/tx/0x175d589375b866eccaef0559af2fe1794c770cc5a1ade2d5df153545958f703b
2023-03-27 19:39:26,False,3.375e-05,1.092e-08,116461.0,0.0127,0x1f...4f4f,https://bscscan.com/tx/0x175d589375b866eccaef0559af2fe1794c770cc5a1ade2d5df153545958f703b
2023-03-27 19:37:50,True,3.414e-05,1.097e-08,22784605.0,2.5,0x78...39b8,https://bscscan.com/tx/0xdd8a346a2564cda2972bcfe60e5f682a748bbe96c67bd10cef902c8c9b7021ad
2023-03-27 19:36:44,True,3.396e-05,1.096e-08,207603.0,0.0227,0xc4...c5da,https://bscscan.com/tx/0x922972f382af75d030dc36ccf33ed40895f0797df7c11b6ecf5ce5f5d200a314
2023-03-27 19:46:32,True,3.402e-05,1.098e-08,29410342.0,3.23009,0xe3...a028,https://bscscan.com/tx/0x4d11e02deeea7533bc1f662264cf2634070c1d6fb89f1334a8974002bdd85108
2023-03-27 19:46:26,True,3.4e-05,1.097e-08,192402.0,0.0211,0x64...b51d,https://bscscan.com/tx/0x6b51d03f117f9af98ce398334f04fbbd184dfa5b5e189728451bdbbe5305b468
2023-03-27 19:42:41,False,3.375e-05,1.092e-08,2991000.0,0.3267,0x78...39b8,https://bscscan.com/tx/0x46d7f8dd0f761e1040fee164533015da7e1145a4cac9276924669cb0f4e0bd09
2023-03-27 19:42:41,False,3.375e-05,1.092e-08,1681.22,1.836e-05,0x78...39b8,https://bscscan.com/tx/0x46d7f8dd0f761e1040fee164533015da7e1145a4cac9276924669cb0f4e0bd09
2023-03-27 19:42:41,False,3.375e-05,1.092e-08,620806.0,0.0678,0x0c...cc63,https://bscscan.com/tx/0x3f4c474e4a06fd35e3fd72eb33413a736b2fe408b5ca149a2f93c69e214ed511
2023-03-27 19:42:41,False,3.376e-05,1.092e-08,49781.5,0.0054,0x0c...cc63,https://bscscan.com/tx/0x3f4c474e4a06fd35e3fd72eb33413a736b2fe408b5ca149a2f93c69e214ed511
2023-03-27 19:42:41,True,3.392e-05,1.097e-08,18225887.0,2.00072,0x36...14b1,https://bscscan.com/tx/0x0d91ce88dbc788c78da8ca90eadc5bd52876a9ee91b511b010676dd98365bf35
2023-03-27 19:41:26,True,3.392e-05,1.097e-08,61700.6,0.0067,0x41...d39e,https://bscscan.com/tx/0x9c0a4d4da0904e8be24b16530adb1d1b19eebd26923171ffb5bac8fb2c50eabd
2023-03-27 19:41:14,False,3.392e-05,1.092e-08,149550.0,0.0163,0x61...5754,https://bscscan.com/tx/0x28ab29a5b2a0c8e15f6c0a51f38ab6a99bca7378a528ae0573e85b70393c6aaf
2023-03-27 19:41:14,False,3.392e-05,1.092e-08,4222.5,4.611e-05,0x61...5754,https://bscscan.com/tx/0x28ab29a5b2a0c8e15f6c0a51f38ab6a99bca7378a528ae0573e85b70393c6aaf
2023-03-27 19:41:02,True,3.392e-05,1.097e-08,63781.6,0.007,0x3f...45b3,https://bscscan.com/tx/0xc6f55ca43e2f6015b40bd8593d7ef909215b090b9735384e3d498c189736c291
2023-03-27 19:39:26,False,3.374e-05,1.092e-08,1495605.0,0.1633,0x1f...4f4f,https://bscscan.com/tx/0x175d589375b866eccaef0559af2fe1794c770cc5a1ade2d5df153545958f703b
2023-03-27 19:39:26,False,3.375e-05,1.092e-08,116461.0,0.0127,0x1f...4f4f,https://bscscan.com/tx/0x175d589375b866eccaef0559af2fe1794c770cc5a1ade2d5df153545958f703b
2023-03-27 19:37:50,True,3.414e-05,1.097e-08,22784605.0,2.5,0x78...39b8,https://bscscan.com/tx/0xdd8a346a2564cda2972bcfe60e5f682a748bbe96c67bd10cef902c8c9b7021ad
2023-03-27 19:36:44,True,3.396e-05,1.096e-08,207603.0,0.0227,0xc4...c5da,https://bscscan.com/tx/0x922972f382af75d030dc36ccf33ed40895f0797df7c11b6ecf5ce5f5d200a314
2023-03-27 19:46:32,True,3.402e-05,1.098e-08,29410342.0,3.23009,0xe3...a028,https://bscscan.com/tx/0x4d11e02deeea7533bc1f662264cf2634070c1d6fb89f1334a8974002bdd85108
2023-03-27 19:46:26,True,3.4e-05,1.097e-08,192402.0,0.0211,0x64...b51d,https://bscscan.com/tx/0x6b51d03f117f9af98ce398334f04fbbd184dfa5b5e189728451bdbbe5305b468
2023-03-27 19:42:41,False,3.375e-05,1.092e-08,2991000.0,0.3267,0x78...39b8,https://bscscan.com/tx/0x46d7f8dd0f761e1040fee164533015da7e1145a4cac9276924669cb0f4e0bd09
2023-03-27 19:42:41,False,3.375e-05,1.092e-08,1681.22,1.836e-05,0x78...39b8,https://bscscan.com/tx/0x46d7f8dd0f761e1040fee164533015da7e1145a4cac9276924669cb0f4e0bd09
2023-03-27 19:42:41,False,3.375e-05,1.092e-08,620806.0,0.0678,0x0c...cc63,https://bscscan.com/tx/0x3f4c474e4a06fd35e3fd72eb33413a736b2fe408b5ca149a2f93c69e214ed511
2023-03-27 19:42:41,False,3.376e-05,1.092e-08,49781.5,0.0054,0x0c...cc63,https://bscscan.com/tx/0x3f4c474e4a06fd35e3fd72eb33413a736b2fe408b5ca149a2f93c69e214ed511
2023-03-27 19:42:41,True,3.392e-05,1.097e-08,18225887.0,2.00072,0x36...14b1,https://bscscan.com/tx/0x0d91ce88dbc788c78da8ca90eadc5bd52876a9ee91b511b010676dd98365bf35
2023-03-27 19:41:26,True,3.392e-05,1.097e-08,61700.6,0.0067,0x41...d39e,https://bscscan.com/tx/0x9c0a4d4da0904e8be24b16530adb1d1b19eebd26923171ffb5bac8fb2c50eabd
2023-03-27 19:41:14,False,3.392e-05,1.092e-08,149550.0,0.0163,0x61...5754,https://bscscan.com/tx/0x28ab29a5b2a0c8e15f6c0a51f38ab6a99bca7378a528ae0573e85b70393c6aaf
2023-03-27 19:41:14,False,3.392e-05,1.092e-08,4222.5,4.611e-05,0x61...5754,https://bscscan.com/tx/0x28ab29a5b2a0c8e15f6c0a51f38ab6a99bca7378a528ae0573e85b70393c6aaf
2023-03-27 19:41:02,True,3.392e-05,1.097e-08,63781.6,0.007,0x3f...45b3,https://bscscan.com/tx/0xc6f55ca43e2f6015b40bd8593d7ef909215b090b9735384e3d498c189736c291
2023-03-27 19:39:26,False,3.374e-05,1.092e-08,1495605.0,0.1633,0x1f...4f4f,https://bscscan.com/tx/0x175d589375b866eccaef0559af2fe1794c770cc5a1ade2d5df153545958f703b
2023-03-27 19:39:26,False,3.375e-05,1.092e-08,116461.0,0.0127,0x1f...4f4f,https://bscscan.com/tx/0x175d589375b866eccaef0559af2fe1794c770cc5a1ade2d5df153545958f703b
2023-03-27 19:37:50,True,3.414e-05,1.097e-08,22784605.0,2.5,0x78...39b8,https://bscscan.com/tx/0xdd8a346a2564cda2972bcfe60e5f682a748bbe96c67bd10cef902c8c9b7021ad
2023-03-27 19:36:44,True,3.396e-05,1.096e-08,207603.0,0.0227,0xc4...c5da,https://bscscan.com/tx/0x922972f382af75d030dc36ccf33ed40895f0797df7c11b6ecf5ce5f5d200a314
2023-03-27 19:46:32,True,3.402e-05,1.098e-08,29410342.0,3.23009,0xe3...a028,https://bscscan.com/tx/0x4d11e02deeea7533bc1f662264cf2634070c1d6fb89f1334a8974002bdd85108
2023-03-27 19:46:26,True,3.4e-05,1.097e-08,192402.0,0.0211,0x64...b51d,https://bscscan.com/tx/0x6b51d03f117f9af98ce398334f04fbbd184dfa5b5e189728451bdbbe5305b468
2023-03-27 19:42:41,False,3.375e-05,1.092e-08,2991000.0,0.3267,0x78...39b8,https://bscscan.com/tx/0x46d7f8dd0f761e1040fee164533015da7e1145a4cac9276924669cb0f4e0bd09
2023-03-27 19:42:41,False,3.375e-05,1.092e-08,1681.22,1.836e-05,0x78...39b8,https://bscscan.com/tx/0x46d7f8dd0f761e1040fee164533015da7e1145a4cac9276924669cb0f4e0bd09
2023-03-27 19:42:41,False,3.375e-05,1.092e-08,620806.0,0.0678,0x0c...cc63,https://bscscan.com/tx/0x3f4c474e4a06fd35e3fd72eb33413a736b2fe408b5ca149a2f93c69e214ed511
2023-03-27 19:42:41,False,3.376e-05,1.092e-08,49781.5,0.0054,0x0c...cc63,https://bscscan.com/tx/0x3f4c474e4a06fd35e3fd72eb33413a736b2fe408b5ca149a2f93c69e214ed511
2023-03-27 19:42:41,True,3.392e-05,1.097e-08,18225887.0,2.00072,0x36...14b1,https://bscscan.com/tx/0x0d91ce88dbc788c78da8ca90eadc5bd52876a9ee91b511b010676dd98365bf35
2023-03-27 19:41:26,True,3.392e-05,1.097e-08,61700.6,0.0067,0x41...d39e,https://bscscan.com/tx/0x9c0a4d4da0904e8be24b16530adb1d1b19eebd26923171ffb5bac8fb2c50eabd
2023-03-27 19:41:14,False,3.392e-05,1.092e-08,149550.0,0.0163,0x61...5754,https://bscscan.com/tx/0x28ab29a5b2a0c8e15f6c0a51f38ab6a99bca7378a528ae0573e85b70393c6aaf
2023-03-27 19:41:14,False,3.392e-05,1.092e-08,4222.5,4.611e-05,0x61...5754,https://bscscan.com/tx/0x28ab29a5b2a0c8e15f6c0a51f38ab6a99bca7378a528ae0573e85b70393c6aaf
2023-03-27 19:41:02,True,3.392e-05,1.097e-08,63781.6,0.007,0x3f...45b3,https://bscscan.com/tx/0xc6f55ca43e2f6015b40bd8593d7ef909215b090b9735384e3d498c189736c291
2023-03-27 19:39:26,False,3.374e-05,1.092e-08,1495605.0,0.1633,0x1f...4f4f,https://bscscan.com/tx/0x175d589375b866eccaef0559af2fe1794c770cc5a1ade2d5df153545958f703b
2023-03-27 19:39:26,False,3.375e-05,1.092e-08,116461.0,0.0127,0x1f...4f4f,https://bscscan.com/tx/0x175d589375b866eccaef0559af2fe1794c770cc5a1ade2d5df153545958f703b
2023-03-27 19:37:50,True,3.414e-05,1.097e-08,22784605.0,2.5,0x78...39b8,https://bscscan.com/tx/0xdd8a346a2564cda2972bcfe60e5f682a748bbe96c67bd10cef902c8c9b7021ad
2023-03-27 19:36:44,True,3.396e-05,1.096e-08,207603.0,0.0227,0xc4...c5da,https://bscscan.com/tx/0x922972f382af75d030dc36ccf33ed40895f0797df7c11b6ecf5ce5f5d200a314
2023-03-27 19:46:32,True,3.402e-05,1.098e-08,29410342.0,3.23009,0xe3...a028,https://bscscan.com/tx/0x4d11e02deeea7533bc1f662264cf2634070c1d6fb89f1334a8974002bdd85108
2023-03-27 19:46:26,True,3.4e-05,1.097e-08,192402.0,0.0211,0x64...b51d,https://bscscan.com/tx/0x6b51d03f117f9af98ce398334f04fbbd184dfa5b5e189728451bdbbe5305b468
2023-03-27 19:42:41,False,3.375e-05,1.092e-08,2991000.0,0.3267,0x78...39b8,https://bscscan.com/tx/0x46d7f8dd0f761e1040fee164533015da7e1145a4cac9276924669cb0f4e0bd09
2023-03-27 19:42:41,False,3.375e-05,1.092e-08,1681.22,1.836e-05,0x78...39b8,https://bscscan.com/tx/0x46d7f8dd0f761e1040fee164533015da7e1145a4cac9276924669cb0f4e0bd09
2023-03-27 19:42:41,False,3.375e-05,1.092e-08,620806.0,0.0678,0x0c...cc63,https://bscscan.com/tx/0x3f4c474e4a06fd35e3fd72eb33413a736b2fe408b5ca149a2f93c69e214ed511
2023-03-27 19:42:41,False,3.376e-05,1.092e-08,49781.5,0.0054,0x0c...cc63,https://bscscan.com/tx/0x3f4c474e4a06fd35e3fd72eb33413a736b2fe408b5ca149a2f93c69e214ed511
2023-03-27 19:42:41,True,3.392e-05,1.097e-08,18225887.0,2.00072,0x36...14b1,https://bscscan.com/tx/0x0d91ce88dbc788c78da8ca90eadc5bd52876a9ee91b511b010676dd98365bf35
2023-03-27 19:41:26,True,3.392e-05,1.097e-08,61700.6,0.0067,0x41...d39e,https://bscscan.com/tx/0x9c0a4d4da0904e8be24b16530adb1d1b19eebd26923171ffb5bac8fb2c50eabd
2023-03-27 19:41:14,False,3.392e-05,1.092e-08,149550.0,0.0163,0x61...5754,https://bscscan.com/tx/0x28ab29a5b2a0c8e15f6c0a51f38ab6a99bca7378a528ae0573e85b70393c6aaf
2023-03-27 19:41:14,False,3.392e-05,1.092e-08,4222.5,4.611e-05,0x61...5754,https://bscscan.com/tx/0x28ab29a5b2a0c8e15f6c0a51f38ab6a99bca7378a528ae0573e85b70393c6aaf
2023-03-27 19:41:02,True,3.392e-05,1.097e-08,63781.6,0.007,0x3f...45b3,https://bscscan.com/tx/0xc6f55ca43e2f6015b40bd8593d7ef909215b090b9735384e3d498c189736c291
2023-03-27 19:39:26,False,3.374e-05,1.092e-08,1495605.0,0.1633,0x1f...4f4f,https://bscscan.com/tx/0x175d589375b866eccaef0559af2fe1794c770cc5a1ade2d5df153545958f703b
2023-03-27 19:39:26,False,3.375e-05,1.092e-08,116461.0,0.0127,0x1f...4f4f,https://bscscan.com/tx/0x175d589375b866eccaef0559af2fe1794c770cc5a1ade2d5df153545958f703b
2023-03-27 19:37:50,True,3.414e-05,1.097e-08,22784605.0,2.5,0x78...39b8,https://bscscan.com/tx/0xdd8a346a2564cda2972bcfe60e5f682a748bbe96c67bd10cef902c8c9b7021ad
2023-03-27 19:36:44,True,3.396e-05,1.096e-08,207603.0,0.0227,0xc4...c5da,https://bscscan.com/tx/0x922972f382af75d030dc36ccf33ed40895f0797df7c11b6ecf5ce5f5d200a314
2023-03-27 19:46:32,True,3.402e-05,1.098e-08,29410342.0,3.23009,0xe3...a028,https://bscscan.com/tx/0x4d11e02deeea7533bc1f662264cf2634070c1d6fb89f1334a8974002bdd85108
2023-03-27 19:46:26,True,3.4e-05,1.097e-08,192402.0,0.0211,0x64...b51d,https://bscscan.com/tx/0x6b51d03f117f9af98ce398334f04fbbd184dfa5b5e189728451bdbbe5305b468
2023-03-27 19:42:41,False,3.375e-05,1.092e-08,2991000.0,0.3267,0x78...39b8,https://bscscan.com/tx/0x46d7f8dd0f761e1040fee164533015da7e1145a4cac9276924669cb0f4e0bd09
2023-03-27 19:42:41,False,3.375e-05,1.092e-08,1681.22,1.836e-05,0x78...39b8,https://bscscan.com/tx/0x46d7f8dd0f761e1040fee164533015da7e1145a4cac9276924669cb0f4e0bd09
2023-03-27 19:42:41,False,3.375e-05,1.092e-08,620806.0,0.0678,0x0c...cc63,https://bscscan.com/tx/0x3f4c474e4a06fd35e3fd72eb33413a736b2fe408b5ca149a2f93c69e214ed511
2023-03-27 19:42:41,False,3.376e-05,1.092e-08,49781.5,0.0054,0x0c...cc63,https://bscscan.com/tx/0x3f4c474e4a06fd35e3fd72eb33413a736b2fe408b5ca149a2f93c69e214ed511
2023-03-27 19:42:41,True,3.392e-05,1.097e-08,18225887.0,2.00072,0x36...14b1,https://bscscan.com/tx/0x0d91ce88dbc788c78da8ca90eadc5bd52876a9ee91b511b010676dd98365bf35
2023-03-27 19:41:26,True,3.392e-05,1.097e-08,61700.6,0.0067,0x41...d39e,https://bscscan.com/tx/0x9c0a4d4da0904e8be24b16530adb1d1b19eebd26923171ffb5bac8fb2c50eabd
2023-03-27 19:41:14,False,3.392e-05,1.092e-08,149550.0,0.0163,0x61...5754,https://bscscan.com/tx/0x28ab29a5b2a0c8e15f6c0a51f38ab6a99bca7378a528ae0573e85b70393c6aaf
2023-03-27 19:41:14,False,3.392e-05,1.092e-08,4222.5,4.611e-05,0x61...5754,https://bscscan.com/tx/0x28ab29a5b2a0c8e15f6c0a51f38ab6a99bca7378a528ae0573e85b70393c6aaf
2023-03-27 19:41:02,True,3.392e-05,1.097e-08,63781.6,0.007,0x3f...45b3,https://bscscan.com/tx/0xc6f55ca43e2f6015b40bd8593d7ef909215b090b9735384e3d498c189736c291
2023-03-27 19:39:26,False,3.374e-05,1.092e-08,1495605.0,0.1633,0x1f...4f4f,https://bscscan.com/tx/0x175d589375b866eccaef0559af2fe1794c770cc5a1ade2d5df153545958f703b
2023-03-27 19:39:26,False,3.375e-05,1.092e-08,116461.0,0.0127,0x1f...4f4f,https://bscscan.com/tx/0x175d589375b866eccaef0559af2fe1794c770cc5a1ade2d5df153545958f703b
2023-03-27 19:37:50,True,3.414e-05,1.097e-08,22784605.0,2.5,0x78...39b8,https://bscscan.com/tx/0xdd8a346a2564cda2972bcfe60e5f682a748bbe96c67bd10cef902c8c9b7021ad
2023-03-27 19:36:44,True,3.396e-05,1.096e-08,207603.0,0.0227,0xc4...c5da,https://bscscan.com/tx/0x922972f382af75d030dc36ccf33ed40895f0797df7c11b6ecf5ce5f5d200a314
2023-03-27 19:46:32,True,3.402e-05,1.098e-08,29410342.0,3.23009,0xe3...a028,https://bscscan.com/tx/0x4d11e02deeea7533bc1f662264cf2634070c1d6fb89f1334a8974002bdd85108
2023-03-27 19:46:26,True,3.4e-05,1.097e-08,192402.0,0.0211,0x64...b51d,https://bscscan.com/tx/0x6b51d03f117f9af98ce398334f04fbbd184dfa5b5e189728451bdbbe5305b468
2023-03-27 19:42:41,False,3.375e-05,1.092e-08,2991000.0,0.3267,0x78...39b8,https://bscscan.com/tx/0x46d7f8dd0f761e1040fee164533015da7e1145a4cac9276924669cb0f4e0bd09
2023-03-27 19:42:41,False,3.375e-05,1.092e-08,1681.22,1.836e-05,0x78...39b8,https://bscscan.com/tx/0x46d7f8dd0f761e1040fee164533015da7e1145a4cac9276924669cb0f4e0bd09
2023-03-27 19:42:41,False,3.375e-05,1.092e-08,620806.0,0.0678,0x0c...cc63,https://bscscan.com/tx/0x3f4c474e4a06fd35e3fd72eb33413a736b2fe408b5ca149a2f93c69e214ed511
2023-03-27 19:42:41,False,3.376e-05,1.092e-08,49781.5,0.0054,0x0c...cc63,https://bscscan.com/tx/0x3f4c474e4a06fd35e3fd72eb33413a736b2fe408b5ca149a2f93c69e214ed511
2023-03-27 19:42:41,True,3.392e-05,1.097e-08,18225887.0,2.00072,0x36...14b1,https://bscscan.com/tx/0x0d91ce88dbc788c78da8ca90eadc5bd52876a9ee91b511b010676dd98365bf35
2023-03-27 19:41:26,True,3.392e-05,1.097e-08,61700.6,0.0067,0x41...d39e,https://bscscan.com/tx/0x9c0a4d4da0904e8be24b16530adb1d1b19eebd26923171ffb5bac8fb2c50eabd
2023-03-27 19:41:14,False,3.392e-05,1.092e-08,149550.0,0.0163,0x61...5754,https://bscscan.com/tx/0x28ab29a5b2a0c8e15f6c0a51f38ab6a99bca7378a528ae0573e85b70393c6aaf
2023-03-27 19:41:14,False,3.392e-05,1.092e-08,4222.5,4.611e-05,0x61...5754,https://bscscan.com/tx/0x28ab29a5b2a0c8e15f6c0a51f38ab6a99bca7378a528ae0573e85b70393c6aaf
2023-03-27 19:41:02,True,3.392e-05,1.097e-08,63781.6,0.007,0x3f...45b3,https://bscscan.com/tx/0xc6f55ca43e2f6015b40bd8593d7ef909215b090b9735384e3d498c189736c291
2023-03-27 19:39:26,False,3.374e-05,1.092e-08,1495605.0,0.1633,0x1f...4f4f,https://bscscan.com/tx/0x175d589375b866eccaef0559af2fe1794c770cc5a1ade2d5df153545958f703b
2023-03-27 19:39:26,False,3.375e-05,1.092e-08,116461.0,0.0127,0x1f...4f4f,https://bscscan.com/tx/0x175d589375b866eccaef0559af2fe1794c770cc5a1ade2d5df153545958f703b
2023-03-27 19:37:50,True,3.414e-05,1.097e-08,22784605.0,2.5,0x78...39b8,https://bscscan.com/tx/0xdd8a346a2564cda2972bcfe60e5f682a748bbe96c67bd10cef902c8c9b7021ad
2023-03-27 19:36:44,True,3.396e-05,1.096e-08,207603.0,0.0227,0xc4...c5da,https://bscscan.com/tx/0x922972f382af75d030dc36ccf33ed40895f0797df7c11b6ecf5ce5f5d200a314
2023-03-27 19:46:32,True,3.402e-05,1.098e-08,29410342.0,3.23009,0xe3...a028,https://bscscan.com/tx/0x4d11e02deeea7533bc1f662264cf2634070c1d6fb89f1334a8974002bdd85108
2023-03-27 19:46:26,True,3.4e-05,1.097e-08,192402.0,0.0211,0x64...b51d,https://bscscan.com/tx/0x6b51d03f117f9af98ce398334f04fbbd184dfa5b5e189728451bdbbe5305b468
2023-03-27 19:42:41,False,3.375e-05,1.092e-08,2991000.0,0.3267,0x78...39b8,https://bscscan.com/tx/0x46d7f8dd0f761e1040fee164533015da7e1145a4cac9276924669cb0f4e0bd09
2023-03-27 19:42:41,False,3.375e-05,1.092e-08,1681.22,1.836e-05,0x78...39b8,https://bscscan.com/tx/0x46d7f8dd0f761e1040fee164533015da7e1145a4cac9276924669cb0f4e0bd09
2023-03-27 19:42:41,False,3.375e-05,1.092e-08,620806.0,0.0678,0x0c...cc63,https://bscscan.com/tx/0x3f4c474e4a06fd35e3fd72eb33413a736b2fe408b5ca149a2f93c69e214ed511
2023-03-27 19:42:41,False,3.376e-05,1.092e-08,49781.5,0.0054,0x0c...cc63,https://bscscan.com/tx/0x3f4c474e4a06fd35e3fd72eb33413a736b2fe408b5ca149a2f93c69e214ed511
2023-03-27 19:42:41,True,3.392e-05,1.097e-08,18225887.0,2.00072,0x36...14b1,https://bscscan.com/tx/0x0d91ce88dbc788c78da8ca90eadc5bd52876a9ee91b511b010676dd98365bf35
2023-03-27 19:41:26,True,3.392e-05,1.097e-08,61700.6,0.0067,0x41...d39e,https://bscscan.com/tx/0x9c0a4d4da0904e8be24b16530adb1d1b19eebd26923171ffb5bac8fb2c50eabd
2023-03-27 19:41:14,False,3.392e-05,1.092e-08,149550.0,0.0163,0x61...5754,https://bscscan.com/tx/0x28ab29a5b2a0c8e15f6c0a51f38ab6a99bca7378a528ae0573e85b70393c6aaf
2023-03-27 19:41:14,False,3.392e-05,1.092e-08,4222.5,4.611e-05,0x61...5754,https://bscscan.com/tx/0x28ab29a5b2a0c8e15f6c0a51f38ab6a99bca7378a528ae0573e85b70393c6aaf
2023-03-27 19:41:02,True,3.392e-05,1.097e-08,63781.6,0.007,0x3f...45b3,https://bscscan.com/tx/0xc6f55ca43e2f6015b40bd8593d7ef909215b090b9735384e3d498c189736c291
2023-03-27 19:39:26,False,3.374e-05,1.092e-08,1495605.0,0.1633,0x1f...4f4f,https://bscscan.com/tx/0x175d589375b866eccaef0559af2fe1794c770cc5a1ade2d5df153545958f703b
2023-03-27 19:39:26,False,3.375e-05,1.092e-08,116461.0,0.0127,0x1f...4f4f,https://bscscan.com/tx/0x175d589375b866eccaef0559af2fe1794c770cc5a1ade2d5df153545958f703b
2023-03-27 19:37:50,True,3.414e-05,1.097e-08,22784605.0,2.5,0x78...39b8,https://bscscan.com/tx/0xdd8a346a2564cda2972bcfe60e5f682a748bbe96c67bd10cef902c8c9b7021ad
2023-03-27 19:36:44,True,3.396e-05,1.096e-08,207603.0,0.0227,0xc4...c5da,https://bscscan.com/tx/0x922972f382af75d030dc36ccf33ed40895f0797df7c11b6ecf5ce5f5d200a314
2023-03-27 19:46:32,True,3.402e-05,1.098e-08,29410342.0,3.23009,0xe3...a028,https://bscscan.com/tx/0x4d11e02deeea7533bc1f662264cf2634070c1d6fb89f1334a8974002bdd85108
2023-03-27 19:46:26,True,3.4e-05,1.097e-08,192402.0,0.0211,0x64...b51d,https://bscscan.com/tx/0x6b51d03f117f9af98ce398334f04fbbd184dfa5b5e189728451bdbbe5305b468
2023-03-27 19:42:41,False,3.375e-05,1.092e-08,2991000.0,0.3267,0x78...39b8,https://bscscan.com/tx/0x46d7f8dd0f761e1040fee164533015da7e1145a4cac9276924669cb0f4e0bd09
2023-03-27 19:42:41,False,3.375e-05,1.092e-08,1681.22,1.836e-05,0x78...39b8,https://bscscan.com/tx/0x46d7f8dd0f761e1040fee164533015da7e1145a4cac9276924669cb0f4e0bd09
2023-03-27 19:42:41,False,3.375e-05,1.092e-08,620806.0,0.0678,0x0c...cc63,https://bscscan.com/tx/0x3f4c474e4a06fd35e3fd72eb33413a736b2fe408b5ca149a2f93c69e214ed511
2023-03-27 19:42:41,False,3.376e-05,1.092e-08,49781.5,0.0054,0x0c...cc63,https://bscscan.com/tx/0x3f4c474e4a06fd35e3fd72eb33413a736b2fe408b5ca149a2f93c69e214ed511
2023-03-27 19:42:41,True,3.392e-05,1.097e-08,18225887.0,2.00072,0x36...14b1,https://bscscan.com/tx/0x0d91ce88dbc788c78da8ca90eadc5bd52876a9ee91b511b010676dd98365bf35
2023-03-27 19:41:26,True,3.392e-05,1.097e-08,61700.6,0.0067,0x41...d39e,https://bscscan.com/tx/0x9c0a4d4da0904e8be24b16530adb1d1b19eebd26923171ffb5bac8fb2c50eabd
2023-03-27 19:41:14,False,3.392e-05,1.092e-08,149550.0,0.0163,0x61...5754,https://bscscan.com/tx/0x28ab29a5b2a0c8e15f6c0a51f38ab6a99bca7378a528ae0573e85b70393c6aaf
2023-03-27 19:41:14,False,3.392e-05,1.092e-08,4222.5,4.611e-05,0x61...5754,https://bscscan.com/tx/0x28ab29a5b2a0c8e15f6c0a51f38ab6a99bca7378a528ae0573e85b70393c6aaf
2023-03-27 19:41:02,True,3.392e-05,1.097e-08,63781.6,0.007,0x3f...45b3,https://bscscan.com/tx/0xc6f55ca43e2f6015b40bd8593d7ef909215b090b9735384e3d498c189736c291
2023-03-27 19:39:26,False,3.374e-05,1.092e-08,1495605.0,0.1633,0x1f...4f4f,https://bscscan.com/tx/0x175d589375b866eccaef0559af2fe1794c770cc5a1ade2d5df153545958f703b
2023-03-27 19:39:26,False,3.375e-05,1.092e-08,116461.0,0.0127,0x1f...4f4f,https://bscscan.com/tx/0x175d589375b866eccaef0559af2fe1794c770cc5a1ade2d5df153545958f703b
2023-03-27 19:37:50,True,3.414e-05,1.097e-08,22784605.0,2.5,0x78...39b8,https://bscscan.com/tx/0xdd8a346a2564cda2972bcfe60e5f682a748bbe96c67bd10cef902c8c9b7021ad
2023-03-27 19:36:44,True,3.396e-05,1.096e-08,207603.0,0.0227,0xc4...c5da,https://bscscan.com/tx/0x922972f382af75d030dc36ccf33ed40895f0797df7c11b6ecf5ce5f5d200a314
2023-03-27 19:46:32,True,3.402e-05,1.098e-08,29410342.0,3.23009,0xe3...a028,https://bscscan.com/tx/0x4d11e02deeea7533bc1f662264cf2634070c1d6fb89f1334a8974002bdd85108
2023-03-27 19:46:26,True,3.4e-05,1.097e-08,192402.0,0.0211,0x64...b51d,https://bscscan.com/tx/0x6b51d03f117f9af98ce398334f04fbbd184dfa5b5e189728451bdbbe5305b468
2023-03-27 19:42:41,False,3.375e-05,1.092e-08,2991000.0,0.3267,0x78...39b8,https://bscscan.com/tx/0x46d7f8dd0f761e1040fee164533015da7e1145a4cac9276924669cb0f4e0bd09
2023-03-27 19:42:41,False,3.375e-05,1.092e-08,1681.22,1.836e-05,0x78...39b8,https://bscscan.com/tx/0x46d7f8dd0f761e1040fee164533015da7e1145a4cac9276924669cb0f4e0bd09
2023-03-27 19:42:41,False,3.375e-05,1.092e-08,620806.0,0.0678,0x0c...cc63,https://bscscan.com/tx/0x3f4c474e4a06fd35e3fd72eb33413a736b2fe408b5ca149a2f93c69e214ed511
2023-03-27 19:42:41,False,3.376e-05,1.092e-08,49781.5,0.0054,0x0c...cc63,https://bscscan.com/tx/0x3f4c474e4a06fd35e3fd72eb33413a736b2fe408b5ca149a2f93c69e214ed511
2023-03-27 19:42:41,True,3.392e-05,1.097e-08,18225887.0,2.00072,0x36...14b1,https://bscscan.com/tx/0x0d91ce88dbc788c78da8ca90eadc5bd52876a9ee91b511b010676dd98365bf35
2023-03-27 19:41:26,True,3.392e-05,1.097e-08,61700.6,0.0067,0x41...d39e,https://bscscan.com/tx/0x9c0a4d4da0904e8be24b16530adb1d1b19eebd26923171ffb5bac8fb2c50eabd
2023-03-27 19:41:14,False,3.392e-05,1.092e-08,149550.0,0.0163,0x61...5754,https://bscscan.com/tx/0x28ab29a5b2a0c8e15f6c0a51f38ab6a99bca7378a528ae0573e85b70393c6aaf
2023-03-27 19:41:14,False,3.392e-05,1.092e-08,4222.5,4.611e-05,0x61...5754,https://bscscan.com/tx/0x28ab29a5b2a0c8e15f6c0a51f38ab6a99bca7378a528ae0573e85b70393c6aaf
2023-03-27 19:41:02,True,3.392e-05,1.097e-08,63781.6,0.007,0x3f...45b3,https://bscscan.com/tx/0xc6f55ca43e2f6015b40bd8593d7ef909215b090b9735384e3d498c189736c291
2023-03-27 19:39:26,False,3.374e-05,1.092e-08,1495605.0,0.1633,0x1f...4f4f,https://bscscan.com/tx/0x175d589375b866eccaef0559af2fe1794c770cc5a1ade2d5df153545958f703b
2023-03-27 19:39:26,False,3.375e-05,1.092e-08,116461.0,0.0127,0x1f...4f4f,https://bscscan.com/tx/0x175d589375b866eccaef0559af2fe1794c770cc5a1ade2d5df153545958f703b
2023-03-27 19:37:50,True,3.414e-05,1.097e-08,22784605.0,2.5,0x78...39b8,https://bscscan.com/tx/0xdd8a346a2564cda2972bcfe60e5f682a748bbe96c67bd10cef902c8c9b7021ad
2023-03-27 19:36:44,True,3.396e-05,1.096e-08,207603.0,0.0227,0xc4...c5da,https://bscscan.com/tx/0x922972f382af75d030dc36ccf33ed40895f0797df7c11b6ecf5ce5f5d200a314
2023-03-27 19:46:32,True,3.402e-05,1.098e-08,29410342.0,3.23009,0xe3...a028,https://bscscan.com/tx/0x4d11e02deeea7533bc1f662264cf2634070c1d6fb89f1334a8974002bdd85108
2023-03-27 19:46:26,True,3.4e-05,1.097e-08,192402.0,0.0211,0x64...b51d,https://bscscan.com/tx/0x6b51d03f117f9af98ce398334f04fbbd184dfa5b5e189728451bdbbe5305b468
2023-03-27 19:42:41,False,3.375e-05,1.092e-08,2991000.0,0.3267,0x78...39b8,https://bscscan.com/tx/0x46d7f8dd0f761e1040fee164533015da7e1145a4cac9276924669cb0f4e0bd09
2023-03-27 19:42:41,False,3.375e-05,1.092e-08,1681.22,1.836e-05,0x78...39b8,https://bscscan.com/tx/0x46d7f8dd0f761e1040fee164533015da7e1145a4cac9276924669cb0f4e0bd09
2023-03-27 19:42:41,False,3.375e-05,1.092e-08,620806.0,0.0678,0x0c...cc63,https://bscscan.com/tx/0x3f4c474e4a06fd35e3fd72eb33413a736b2fe408b5ca149a2f93c69e214ed511
2023-03-27 19:42:41,False,3.376e-05,1.092e-08,49781.5,0.0054,0x0c...cc63,https://bscscan.com/tx/0x3f4c474e4a06fd35e3fd72eb33413a736b2fe408b5ca149a2f93c69e214ed511
2023-03-27 19:42:41,True,3.392e-05,1.097e-08,18225887.0,2.00072,0x36...14b1,https://bscscan.com/tx/0x0d91ce88dbc788c78da8ca90eadc5bd52876a9ee91b511b010676dd98365bf35
2023-03-27 19:41:26,True,3.392e-05,1.097e-08,61700.6,0.0067,0x41...d39e,https://bscscan.com/tx/0x9c0a4d4da0904e8be24b16530adb1d1b19eebd26923171ffb5bac8fb2c50eabd
2023-03-27 19:41:14,False,3.392e-05,1.092e-08,149550.0,0.0163,0x61...5754,https://bscscan.com/tx/0x28ab29a5b2a0c8e15f6c0a51f38ab6a99bca7378a528ae0573e85b70393c6aaf
2023-03-27 19:41:14,False,3.392e-05,1.092e-08,4222.5,4.611e-05,0x61...5754,https://bscscan.com/tx/0x28ab29a5b2a0c8e15f6c0a51f38ab6a99bca7378a528ae0573e85b70393c6aaf
2023-03-27 19:41:02,True,3.392e-05,1.097e-08,63781.6,0.007,0x3f...45b3,https://bscscan.com/tx/0xc6f55ca43e2f6015b40bd8593d7ef909215b090b9735384e3d498c189736c291
2023-03-27 19:39:26,False,3.374e-05,1.092e-08,1495605.0,0.1633,0x1f...4f4f,https://bscscan.com/tx/0x175d589375b866eccaef0559af2fe1794c770cc5a1ade2d5df153545958f703b
2023-03-27 19:39:26,False,3.375e-05,1.092e-08,116461.0,0.0127,0x1f...4f4f,https://bscscan.com/tx/0x175d589375b866eccaef0559af2fe1794c770cc5a1ade2d5df153545958f703b
2023-03-27 19:37:50,True,3.414e-05,1.097e-08,22784605.0,2.5,0x78...39b8,https://bscscan.com/tx/0xdd8a346a2564cda2972bcfe60e5f682a748bbe96c67bd10cef902c8c9b7021ad
2023-03-27 19:36:44,True,3.396e-05,1.096e-08,207603.0,0.0227,0xc4...c5da,https://bscscan.com/tx/0x922972f382af75d030dc36ccf33ed40895f0797df7c11b6ecf5ce5f5d200a314
2023-03-27 19:46:32,True,3.402e-05,1.098e-08,29410342.0,3.23009,0xe3...a028,https://bscscan.com/tx/0x4d11e02deeea7533bc1f662264cf2634070c1d6fb89f1334a8974002bdd85108
2023-03-27 19:46:26,True,3.4e-05,1.097e-08,192402.0,0.0211,0x64...b51d,https://bscscan.com/tx/0x6b51d03f117f9af98ce398334f04fbbd184dfa5b5e189728451bdbbe5305b468
2023-03-27 19:42:41,False,3.375e-05,1.092e-08,2991000.0,0.3267,0x78...39b8,https://bscscan.com/tx/0x46d7f8dd0f761e1040fee164533015da7e1145a4cac9276924669cb0f4e0bd09
2023-03-27 19:42:41,False,3.375e-05,1.092e-08,1681.22,1.836e-05,0x78...39b8,https://bscscan.com/tx/0x46d7f8dd0f761e1040fee164533015da7e1145a4cac9276924669cb0f4e0bd09
2023-03-27 19:42:41,False,3.375e-05,1.092e-08,620806.0,0.0678,0x0c...cc63,https://bscscan.com/tx/0x3f4c474e4a06fd35e3fd72eb33413a736b2fe408b5ca149a2f93c69e214ed511
2023-03-27 19:42:41,False,3.376e-05,1.092e-08,49781.5,0.0054,0x0c...cc63,https://bscscan.com/tx/0x3f4c474e4a06fd35e3fd72eb33413a736b2fe408b5ca149a2f93c69e214ed511
2023-03-27 19:42:41,True,3.392e-05,1.097e-08,18225887.0,2.00072,0x36...14b1,https://bscscan.com/tx/0x0d91ce88dbc788c78da8ca90eadc5bd52876a9ee91b511b010676dd98365bf35
2023-03-27 19:41:26,True,3.392e-05,1.097e-08,61700.6,0.0067,0x41...d39e,https://bscscan.com/tx/0x9c0a4d4da0904e8be24b16530adb1d1b19eebd26923171ffb5bac8fb2c50eabd
2023-03-27 19:41:14,False,3.392e-05,1.092e-08,149550.0,0.0163,0x61...5754,https://bscscan.com/tx/0x28ab29a5b2a0c8e15f6c0a51f38ab6a99bca7378a528ae0573e85b70393c6aaf
2023-03-27 19:41:14,False,3.392e-05,1.092e-08,4222.5,4.611e-05,0x61...5754,https://bscscan.com/tx/0x28ab29a5b2a0c8e15f6c0a51f38ab6a99bca7378a528ae0573e85b70393c6aaf
2023-03-27 19:41:02,True,3.392e-05,1.097e-08,63781.6,0.007,0x3f...45b3,https://bscscan.com/tx/0xc6f55ca43e2f6015b40bd8593d7ef909215b090b9735384e3d498c189736c291
2023-03-27 19:39:26,False,3.374e-05,1.092e-08,1495605.0,0.1633,0x1f...4f4f,https://bscscan.com/tx/0x175d589375b866eccaef0559af2fe1794c770cc5a1ade2d5df153545958f703b
2023-03-27 19:39:26,False,3.375e-05,1.092e-08,116461.0,0.0127,0x1f...4f4f,https://bscscan.com/tx/0x175d589375b866eccaef0559af2fe1794c770cc5a1ade2d5df153545958f703b
2023-03-27 19:37:50,True,3.414e-05,1.097e-08,22784605.0,2.5,0x78...39b8,https://bscscan.com/tx/0xdd8a346a2564cda2972bcfe60e5f682a748bbe96c67bd10cef902c8c9b7021ad
2023-03-27 19:36:44,True,3.396e-05,1.096e-08,207603.0,0.0227,0xc4...c5da,https://bscscan.com/tx/0x922972f382af75d030dc36ccf33ed40895f0797df7c11b6ecf5ce5f5d200a314
2023-03-27 19:46:32,True,3.402e-05,1.098e-08,29410342.0,3.23009,0xe3...a028,https://bscscan.com/tx/0x4d11e02deeea7533bc1f662264cf2634070c1d6fb89f1334a8974002bdd85108
2023-03-27 19:46:26,True,3.4e-05,1.097e-08,192402.0,0.0211,0x64...b51d,https://bscscan.com/tx/0x6b51d03f117f9af98ce398334f04fbbd184dfa5b5e189728451bdbbe5305b468
2023-03-27 19:42:41,False,3.375e-05,1.092e-08,2991000.0,0.3267,0x78...39b8,https://bscscan.com/tx/0x46d7f8dd0f761e1040fee164533015da7e1145a4cac9276924669cb0f4e0bd09
2023-03-27 19:42:41,False,3.375e-05,1.092e-08,1681.22,1.836e-05,0x78...39b8,https://bscscan.com/tx/0x46d7f8dd0f761e1040fee164533015da7e1145a4cac9276924669cb0f4e0bd09
2023-03-27 19:42:41,False,3.375e-05,1.092e-08,620806.0,0.0678,0x0c...cc63,https://bscscan.com/tx/0x3f4c474e4a06fd35e3fd72eb33413a736b2fe408b5ca149a2f93c69e214ed511
2023-03-27 19:42:41,False,3.376e-05,1.092e-08,49781.5,0.0054,0x0c...cc63,https://bscscan.com/tx/0x3f4c474e4a06fd35e3fd72eb33413a736b2fe408b5ca149a2f93c69e214ed511
2023-03-27 19:42:41,True,3.392e-05,1.097e-08,18225887.0,2.00072,0x36...14b1,https://bscscan.com/tx/0x0d91ce88dbc788c78da8ca90eadc5bd52876a9ee91b511b010676dd98365bf35
2023-03-27 19:41:26,True,3.392e-05,1.097e-08,61700.6,0.0067,0x41...d39e,https://bscscan.com/tx/0x9c0a4d4da0904e8be24b16530adb1d1b19eebd26923171ffb5bac8fb2c50eabd
2023-03-27 19:41:14,False,3.392e-05,1.092e-08,149550.0,0.0163,0x61...5754,https://bscscan.com/tx/0x28ab29a5b2a0c8e15f6c0a51f38ab6a99bca7378a528ae0573e85b70393c6aaf
2023-03-27 19:41:14,False,3.392e-05,1.092e-08,4222.5,4.611e-05,0x61...5754,https://bscscan.com/tx/0x28ab29a5b2a0c8e15f6c0a51f38ab6a99bca7378a528ae0573e85b70393c6aaf
2023-03-27 19:41:02,True,3.392e-05,1.097e-08,63781.6,0.007,0x3f...45b3,https://bscscan.com/tx/0xc6f55ca43e2f6015b40bd8593d7ef909215b090b9735384e3d498c189736c291
2023-03-27 19:39:26,False,3.374e-05,1.092e-08,1495605.0,0.1633,0x1f...4f4f,https://bscscan.com/tx/0x175d589375b866eccaef0559af2fe1794c770cc5a1ade2d5df153545958f703b
2023-03-27 19:39:26,False,3.375e-05,1.092e-08,116461.0,0.0127,0x1f...4f4f,https://bscscan.com/tx/0x175d589375b866eccaef0559af2fe1794c770cc5a1ade2d5df153545958f703b
2023-03-27 19:37:50,True,3.414e-05,1.097e-08,22784605.0,2.5,0x78...39b8,https://bscscan.com/tx/0xdd8a346a2564cda2972bcfe60e5f682a748bbe96c67bd10cef902c8c9b7021ad
2023-03-27 19:36:44,True,3.396e-05,1.096e-08,207603.0,0.0227,0xc4...c5da,https://bscscan.com/tx/0x922972f382af75d030dc36ccf33ed40895f0797df7c11b6ecf5ce5f5d200a314
2023-03-27 19:46:32,True,3.402e-05,1.098e-08,29410342.0,3.23009,0xe3...a028,https://bscscan.com/tx/0x4d11e02deeea7533bc1f662264cf2634070c1d6fb89f1334a8974002bdd85108
2023-03-27 19:46:26,True,3.4e-05,1.097e-08,192402.0,0.0211,0x64...b51d,https://bscscan.com/tx/0x6b51d03f117f9af98ce398334f04fbbd184dfa5b5e189728451bdbbe5305b468
2023-03-27 19:42:41,False,3.375e-05,1.092e-08,2991000.0,0.3267,0x78...39b8,https://bscscan.com/tx/0x46d7f8dd0f761e1040fee164533015da7e1145a4cac9276924669cb0f4e0bd09
2023-03-27 19:42:41,False,3.375e-05,1.092e-08,1681.22,1.836e-05,0x78...39b8,https://bscscan.com/tx/0x46d7f8dd0f761e1040fee164533015da7e1145a4cac9276924669cb0f4e0bd09
2023-03-27 19:42:41,False,3.375e-05,1.092e-08,620806.0,0.0678,0x0c...cc63,https://bscscan.com/tx/0x3f4c474e4a06fd35e3fd72eb33413a736b2fe408b5ca149a2f93c69e214ed511
2023-03-27 19:42:41,False,3.376e-05,1.092e-08,49781.5,0.0054,0x0c...cc63,https://bscscan.com/tx/0x3f4c474e4a06fd35e3fd72eb33413a736b2fe408b5ca149a2f93c69e214ed511
2023-03-27 19:42:41,True,3.392e-05,1.097e-08,18225887.0,2.00072,0x36...14b1,https://bscscan.com/tx/0x0d91ce88dbc788c78da8ca90eadc5bd52876a9ee91b511b010676dd98365bf35
2023-03-27 19:41:26,True,3.392e-05,1.097e-08,61700.6,0.0067,0x41...d39e,https://bscscan.com/tx/0x9c0a4d4da0904e8be24b16530adb1d1b19eebd26923171ffb5bac8fb2c50eabd
2023-03-27 19:41:14,False,3.392e-05,1.092e-08,149550.0,0.0163,0x61...5754,https://bscscan.com/tx/0x28ab29a5b2a0c8e15f6c0a51f38ab6a99bca7378a528ae0573e85b70393c6aaf
2023-03-27 19:41:14,False,3.392e-05,1.092e-08,4222.5,4.611e-05,0x61...5754,https://bscscan.com/tx/0x28ab29a5b2a0c8e15f6c0a51f38ab6a99bca7378a528ae0573e85b70393c6aaf
2023-03-27 19:41:02,True,3.392e-05,1.097e-08,63781.6,0.007,0x3f...45b3,https://bscscan.com/tx/0xc6f55ca43e2f6015b40bd8593d7ef909215b090b9735384e3d498c189736c291
2023-03-27 19:39:26,False,3.374e-05,1.092e-08,1495605.0,0.1633,0x1f...4f4f,https://bscscan.com/tx/0x175d589375b866eccaef0559af2fe1794c770cc5a1ade2d5df153545958f703b
2023-03-27 19:39:26,False,3.375e-05,1.092e-08,116461.0,0.0127,0x1f...4f4f,https://bscscan.com/tx/0x175d589375b866eccaef0559af2fe1794c770cc5a1ade2d5df153545958f703b
2023-03-27 19:37:50,True,3.414e-05,1.097e-08,22784605.0,2.5,0x78...39b8,https://bscscan.com/tx/0xdd8a346a2564cda2972bcfe60e5f682a748bbe96c67bd10cef902c8c9b7021ad
2023-03-27 19:36:44,True,3.396e-05,1.096e-08,207603.0,0.0227,0xc4...c5da,https://bscscan.com/tx/0x922972f382af75d030dc36ccf33ed40895f0797df7c11b6ecf5ce5f5d200a314
2023-03-27 19:46:32,True,3.402e-05,1.098e-08,29410342.0,3.23009,0xe3...a028,https://bscscan.com/tx/0x4d11e02deeea7533bc1f662264cf2634070c1d6fb89f1334a8974002bdd85108
2023-03-27 19:46:26,True,3.4e-05,1.097e-08,192402.0,0.0211,0x64...b51d,https://bscscan.com/tx/0x6b51d03f117f9af98ce398334f04fbbd184dfa5b5e189728451bdbbe5305b468
2023-03-27 19:42:41,False,3.375e-05,1.092e-08,2991000.0,0.3267,0x78...39b8,https://bscscan.com/tx/0x46d7f8dd0f761e1040fee164533015da7e1145a4cac9276924669cb0f4e0bd09
2023-03-27 19:42:41,False,3.375e-05,1.092e-08,1681.22,1.836e-05,0x78...39b8,https://bscscan.com/tx/0x46d7f8dd0f761e1040fee164533015da7e1145a4cac9276924669cb0f4e0bd09
2023-03-27 19:42:41,False,3.375e-05,1.092e-08,620806.0,0.0678,0x0c...cc63,https://bscscan.com/tx/0x3f4c474e4a06fd35e3fd72eb33413a736b2fe408b5ca149a2f93c69e214ed511
2023-03-27 19:42:41,False,3.376e-05,1.092e-08,49781.5,0.0054,0x0c...cc63,https://bscscan.com/tx/0x3f4c474e4a06fd35e3fd72eb33413a736b2fe408b5ca149a2f93c69e214ed511
2023-03-27 19:42:41,True,3.392e-05,1.097e-08,18225887.0,2.00072,0x36...14b1,https://bscscan.com/tx/0x0d91ce88dbc788c78da8ca90eadc5bd52876a9ee91b511b010676dd98365bf35
2023-03-27 19:41:26,True,3.392e-05,1.097e-08,61700.6,0.0067,0x41...d39e,https://bscscan.com/tx/0x9c0a4d4da0904e8be24b16530adb1d1b19eebd26923171ffb5bac8fb2c50eabd
2023-03-27 19:41:14,False,3.392e-05,1.092e-08,149550.0,0.0163,0x61...5754,https://bscscan.com/tx/0x28ab29a5b2a0c8e15f6c0a51f38ab6a99bca7378a528ae0573e85b70393c6aaf
2023-03-27 19:41:14,False,3.392e-05,1.092e-08,4222.5,4.611e-05,0x61...5754,https://bscscan.com/tx/0x28ab29a5b2a0c8e15f6c0a51f38ab6a99bca7378a528ae0573e85b70393c6aaf
2023-03-27 19:41:02,True,3.392e-05,1.097e-08,63781.6,0.007,0x3f...45b3,https://bscscan.com/tx/0xc6f55ca43e2f6015b40bd8593d7ef909215b090b9735384e3d498c189736c291
2023-03-27 19:39:26,False,3.374e-05,1.092e-08,1495605.0,0.1633,0x1f...4f4f,https://bscscan.com/tx/0x175d589375b866eccaef0559af2fe1794c770cc5a1ade2d5df153545958f703b
2023-03-27 19:39:26,False,3.375e-05,1.092e-08,116461.0,0.0127,0x1f...4f4f,https://bscscan.com/tx/0x175d589375b866eccaef0559af2fe1794c770cc5a1ade2d5df153545958f703b
2023-03-27 19:37:50,True,3.414e-05,1.097e-08,22784605.0,2.5,0x78...39b8,https://bscscan.com/tx/0xdd8a346a2564cda2972bcfe60e5f682a748bbe96c67bd10cef902c8c9b7021ad
2023-03-27 19:36:44,True,3.396e-05,1.096e-08,207603.0,0.0227,0xc4...c5da,https://bscscan.com/tx/0x922972f382af75d030dc36ccf33ed40895f0797df7c11b6ecf5ce5f5d200a314
2023-03-27 19:46:32,True,3.402e-05,1.098e-08,29410342.0,3.23009,0xe3...a028,https://bscscan.com/tx/0x4d11e02deeea7533bc1f662264cf2634070c1d6fb89f1334a8974002bdd85108
2023-03-27 19:46:26,True,3.4e-05,1.097e-08,192402.0,0.0211,0x64...b51d,https://bscscan.com/tx/0x6b51d03f117f9af98ce398334f04fbbd184dfa5b5e189728451bdbbe5305b468
2023-03-27 19:42:41,False,3.375e-05,1.092e-08,2991000.0,0.3267,0x78...39b8,https://bscscan.com/tx/0x46d7f8dd0f761e1040fee164533015da7e1145a4cac9276924669cb0f4e0bd09
2023-03-27 19:42:41,False,3.375e-05,1.092e-08,1681.22,1.836e-05,0x78...39b8,https://bscscan.com/tx/0x46d7f8dd0f761e1040fee164533015da7e1145a4cac9276924669cb0f4e0bd09
2023-03-27 19:42:41,False,3.375e-05,1.092e-08,620806.0,0.0678,0x0c...cc63,https://bscscan.com/tx/0x3f4c474e4a06fd35e3fd72eb33413a736b2fe408b5ca149a2f93c69e214ed511
2023-03-27 19:42:41,False,3.376e-05,1.092e-08,49781.5,0.0054,0x0c...cc63,https://bscscan.com/tx/0x3f4c474e4a06fd35e3fd72eb33413a736b2fe408b5ca149a2f93c69e214ed511
2023-03-27 19:42:41,True,3.392e-05,1.097e-08,18225887.0,2.00072,0x36...14b1,https://bscscan.com/tx/0x0d91ce88dbc788c78da8ca90eadc5bd52876a9ee91b511b010676dd98365bf35
2023-03-27 19:41:26,True,3.392e-05,1.097e-08,61700.6,0.0067,0x41...d39e,https://bscscan.com/tx/0x9c0a4d4da0904e8be24b16530adb1d1b19eebd26923171ffb5bac8fb2c50eabd
2023-03-27 19:41:14,False,3.392e-05,1.092e-08,149550.0,0.0163,0x61...5754,https://bscscan.com/tx/0x28ab29a5b2a0c8e15f6c0a51f38ab6a99bca7378a528ae0573e85b70393c6aaf
2023-03-27 19:41:14,False,3.392e-05,1.092e-08,4222.5,4.611e-05,0x61...5754,https://bscscan.com/tx/0x28ab29a5b2a0c8e15f6c0a51f38ab6a99bca7378a528ae0573e85b70393c6aaf
2023-03-27 19:41:02,True,3.392e-05,1.097e-08,63781.6,0.007,0x3f...45b3,https://bscscan.com/tx/0xc6f55ca43e2f6015b40bd8593d7ef909215b090b9735384e3d498c189736c291
2023-03-27 19:39:26,False,3.374e-05,1.092e-08,1495605.0,0.1633,0x1f...4f4f,https://bscscan.com/tx/0x175d589375b866eccaef0559af2fe1794c770cc5a1ade2d5df153545958f703b
2023-03-27 19:39:26,False,3.375e-05,1.092e-08,116461.0,0.0127,0x1f...4f4f,https://bscscan.com/tx/0x175d589375b866eccaef0559af2fe1794c770cc5a1ade2d5df153545958f703b
2023-03-27 19:37:50,True,3.414e-05,1.097e-08,22784605.0,2.5,0x78...39b8,https://bscscan.com/tx/0xdd8a346a2564cda2972bcfe60e5f682a748bbe96c67bd10cef902c8c9b7021ad
2023-03-27 19:36:44,True,3.396e-05,1.096e-08,207603.0,0.0227,0xc4...c5da,https://bscscan.com/tx/0x922972f382af75d030dc36ccf33ed40895f0797df7c11b6ecf5ce5f5d200a314
2023-03-27 19:46:32,True,3.402e-05,1.098e-08,29410342.0,3.23009,0xe3...a028,https://bscscan.com/tx/0x4d11e02deeea7533bc1f662264cf2634070c1d6fb89f1334a8974002bdd85108
2023-03-27 19:46:26,True,3.4e-05,1.097e-08,192402.0,0.0211,0x64...b51d,https://bscscan.com/tx/0x6b51d03f117f9af98ce398334f04fbbd184dfa5b5e189728451bdbbe5305b468
2023-03-27 19:42:41,False,3.375e-05,1.092e-08,2991000.0,0.3267,0x78...39b8,https://bscscan.com/tx/0x46d7f8dd0f761e1040fee164533015da7e1145a4cac9276924669cb0f4e0bd09
2023-03-27 19:42:41,False,3.375e-05,1.092e-08,1681.22,1.836e-05,0x78...39b8,https://bscscan.com/tx/0x46d7f8dd0f761e1040fee164533015da7e1145a4cac9276924669cb0f4e0bd09
2023-03-27 19:42:41,False,3.375e-05,1.092e-08,620806.0,0.0678,0x0c...cc63,https://bscscan.com/tx/0x3f4c474e4a06fd35e3fd72eb33413a736b2fe408b5ca149a2f93c69e214ed511
2023-03-27 19:42:41,False,3.376e-05,1.092e-08,49781.5,0.0054,0x0c...cc63,https://bscscan.com/tx/0x3f4c474e4a06fd35e3fd72eb33413a736b2fe408b5ca149a2f93c69e214ed511
2023-03-27 19:42:41,True,3.392e-05,1.097e-08,18225887.0,2.00072,0x36...14b1,https://bscscan.com/tx/0x0d91ce88dbc788c78da8ca90eadc5bd52876a9ee91b511b010676dd98365bf35
2023-03-27 19:41:26,True,3.392e-05,1.097e-08,61700.6,0.0067,0x41...d39e,https://bscscan.com/tx/0x9c0a4d4da0904e8be24b16530adb1d1b19eebd26923171ffb5bac8fb2c50eabd
2023-03-27 19:41:14,False,3.392e-05,1.092e-08,149550.0,0.0163,0x61...5754,https://bscscan.com/tx/0x28ab29a5b2a0c8e15f6c0a51f38ab6a99bca7378a528ae0573e85b70393c6aaf
2023-03-27 19:41:14,False,3.392e-05,1.092e-08,4222.5,4.611e-05,0x61...5754,https://bscscan.com/tx/0x28ab29a5b2a0c8e15f6c0a51f38ab6a99bca7378a528ae0573e85b70393c6aaf
2023-03-27 19:41:02,True,3.392e-05,1.097e-08,63781.6,0.007,0x3f...45b3,https://bscscan.com/tx/0xc6f55ca43e2f6015b40bd8593d7ef909215b090b9735384e3d498c189736c291
2023-03-27 19:39:26,False,3.374e-05,1.092e-08,1495605.0,0.1633,0x1f...4f4f,https://bscscan.com/tx/0x175d589375b866eccaef0559af2fe1794c770cc5a1ade2d5df153545958f703b
2023-03-27 19:39:26,False,3.375e-05,1.092e-08,116461.0,0.0127,0x1f...4f4f,https://bscscan.com/tx/0x175d589375b866eccaef0559af2fe1794c770cc5a1ade2d5df153545958f703b
2023-03-27 19:37:50,True,3.414e-05,1.097e-08,22784605.0,2.5,0x78...39b8,https://bscscan.com/tx/0xdd8a346a2564cda2972bcfe60e5f682a748bbe96c67bd10cef902c8c9b7021ad
2023-03-27 19:36:44,True,3.396e-05,1.096e-08,207603.0,0.0227,0xc4...c5da,https://bscscan.com/tx/0x922972f382af75d030dc36ccf33ed40895f0797df7c11b6ecf5ce5f5d200a314
2023-03-27 19:46:32,True,3.402e-05,1.098e-08,29410342.0,3.23009,0xe3...a028,https://bscscan.com/tx/0x4d11e02deeea7533bc1f662264cf2634070c1d6fb89f1334a8974002bdd85108
2023-03-27 19:46:26,True,3.4e-05,1.097e-08,192402.0,0.0211,0x64...b51d,https://bscscan.com/tx/0x6b51d03f117f9af98ce398334f04fbbd184dfa5b5e189728451bdbbe5305b468
2023-03-27 19:42:41,False,3.375e-05,1.092e-08,2991000.0,0.3267,0x78...39b8,https://bscscan.com/tx/0x46d7f8dd0f761e1040fee164533015da7e1145a4cac9276924669cb0f4e0bd09
2023-03-27 19:42:41,False,3.375e-05,1.092e-08,1681.22,1.836e-05,0x78...39b8,https://bscscan.com/tx/0x46d7f8dd0f761e1040fee164533015da7e1145a4cac9276924669cb0f4e0bd09
2023-03-27 19:42:41,False,3.375e-05,1.092e-08,620806.0,0.0678,0x0c...cc63,https://bscscan.com/tx/0x3f4c474e4a06fd35e3fd72eb33413a736b2fe408b5ca149a2f93c69e214ed511
2023-03-27 19:42:41,False,3.376e-05,1.092e-08,49781.5,0.0054,0x0c...cc63,https://bscscan.com/tx/0x3f4c474e4a06fd35e3fd72eb33413a736b2fe408b5ca149a2f93c69e214ed511
2023-03-27 19:42:41,True,3.392e-05,1.097e-08,18225887.0,2.00072,0x36...14b1,https://bscscan.com/tx/0x0d91ce88dbc788c78da8ca90eadc5bd52876a9ee91b511b010676dd98365bf35
2023-03-27 19:41:26,True,3.392e-05,1.097e-08,61700.6,0.0067,0x41...d39e,https://bscscan.com/tx/0x9c0a4d4da0904e8be24b16530adb1d1b19eebd26923171ffb5bac8fb2c50eabd
2023-03-27 19:41:14,False,3.392e-05,1.092e-08,149550.0,0.0163,0x61...5754,https://bscscan.com/tx/0x28ab29a5b2a0c8e15f6c0a51f38ab6a99bca7378a528ae0573e85b70393c6aaf
2023-03-27 19:41:14,False,3.392e-05,1.092e-08,4222.5,4.611e-05,0x61...5754,https://bscscan.com/tx/0x28ab29a5b2a0c8e15f6c0a51f38ab6a99bca7378a528ae0573e85b70393c6aaf
2023-03-27 19:41:02,True,3.392e-05,1.097e-08,63781.6,0.007,0x3f...45b3,https://bscscan.com/tx/0xc6f55ca43e2f6015b40bd8593d7ef909215b090b9735384e3d498c189736c291
2023-03-27 19:39:26,False,3.374e-05,1.092e-08,1495605.0,0.1633,0x1f...4f4f,https://bscscan.com/tx/0x175d589375b866eccaef0559af2fe1794c770cc5a1ade2d5df153545958f703b
2023-03-27 19:39:26,False,3.375e-05,1.092e-08,116461.0,0.0127,0x1f...4f4f,https://bscscan.com/tx/0x175d589375b866eccaef0559af2fe1794c770cc5a1ade2d5df153545958f703b
2023-03-27 19:37:50,True,3.414e-05,1.097e-08,22784605.0,2.5,0x78...39b8,https://bscscan.com/tx/0xdd8a346a2564cda2972bcfe60e5f682a748bbe96c67bd10cef902c8c9b7021ad
2023-03-27 19:36:44,True,3.396e-05,1.096e-08,207603.0,0.0227,0xc4...c5da,https://bscscan.com/tx/0x922972f382af75d030dc36ccf33ed40895f0797df7c11b6ecf5ce5f5d200a314
2023-03-27 19:46:32,True,3.402e-05,1.098e-08,29410342.0,3.23009,0xe3...a028,https://bscscan.com/tx/0x4d11e02deeea7533bc1f662264cf2634070c1d6fb89f1334a8974002bdd85108
2023-03-27 19:46:26,True,3.4e-05,1.097e-08,192402.0,0.0211,0x64...b51d,https://bscscan.com/tx/0x6b51d03f117f9af98ce398334f04fbbd184dfa5b5e189728451bdbbe5305b468
2023-03-27 19:42:41,False,3.375e-05,1.092e-08,2991000.0,0.3267,0x78...39b8,https://bscscan.com/tx/0x46d7f8dd0f761e1040fee164533015da7e1145a4cac9276924669cb0f4e0bd09
2023-03-27 19:42:41,False,3.375e-05,1.092e-08,1681.22,1.836e-05,0x78...39b8,https://bscscan.com/tx/0x46d7f8dd0f761e1040fee164533015da7e1145a4cac9276924669cb0f4e0bd09
2023-03-27 19:42:41,False,3.375e-05,1.092e-08,620806.0,0.0678,0x0c...cc63,https://bscscan.com/tx/0x3f4c474e4a06fd35e3fd72eb33413a736b2fe408b5ca149a2f93c69e214ed511
2023-03-27 19:42:41,False,3.376e-05,1.092e-08,49781.5,0.0054,0x0c...cc63,https://bscscan.com/tx/0x3f4c474e4a06fd35e3fd72eb33413a736b2fe408b5ca149a2f93c69e214ed511
2023-03-27 19:42:41,True,3.392e-05,1.097e-08,18225887.0,2.00072,0x36...14b1,https://bscscan.com/tx/0x0d91ce88dbc788c78da8ca90eadc5bd52876a9ee91b511b010676dd98365bf35
2023-03-27 19:41:26,True,3.392e-05,1.097e-08,61700.6,0.0067,0x41...d39e,https://bscscan.com/tx/0x9c0a4d4da0904e8be24b16530adb1d1b19eebd26923171ffb5bac8fb2c50eabd
2023-03-27 19:41:14,False,3.392e-05,1.092e-08,149550.0,0.0163,0x61...5754,https://bscscan.com/tx/0x28ab29a5b2a0c8e15f6c0a51f38ab6a99bca7378a528ae0573e85b70393c6aaf
2023-03-27 19:41:14,False,3.392e-05,1.092e-08,4222.5,4.611e-05,0x61...5754,https://bscscan.com/tx/0x28ab29a5b2a0c8e15f6c0a51f38ab6a99bca7378a528ae0573e85b70393c6aaf
2023-03-27 19:41:02,True,3.392e-05,1.097e-08,63781.6,0.007,0x3f...45b3,https://bscscan.com/tx/0xc6f55ca43e2f6015b40bd8593d7ef909215b090b9735384e3d498c189736c291
2023-03-27 19:39:26,False,3.374e-05,1.092e-08,1495605.0,0.1633,0x1f...4f4f,https://bscscan.com/tx/0x175d589375b866eccaef0559af2fe1794c770cc5a1ade2d5df153545958f703b
2023-03-27 19:39:26,False,3.375e-05,1.092e-08,116461.0,0.0127,0x1f...4f4f,https://bscscan.com/tx/0x175d589375b866eccaef0559af2fe1794c770cc5a1ade2d5df153545958f703b
2023-03-27 19:37:50,True,3.414e-05,1.097e-08,22784605.0,2.5,0x78...39b8,https://bscscan.com/tx/0xdd8a346a2564cda2972bcfe60e5f682a748bbe96c67bd10cef902c8c9b7021ad
2023-03-27 19:36:44,True,3.396e-05,1.096e-08,207603.0,0.0227,0xc4...c5da,https://bscscan.com/tx/0x922972f382af75d030dc36ccf33ed40895f0797df7c11b6ecf5ce5f5d200a314
2023-03-27 19:46:32,True,3.402e-05,1.098e-08,29410342.0,3.23009,0xe3...a028,https://bscscan.com/tx/0x4d11e02deeea7533bc1f662264cf2634070c1d6fb89f1334a8974002bdd85108
2023-03-27 19:46:26,True,3.4e-05,1.097e-08,192402.0,0.0211,0x64...b51d,https://bscscan.com/tx/0x6b51d03f117f9af98ce398334f04fbbd184dfa5b5e189728451bdbbe5305b468
2023-03-27 19:42:41,False,3.375e-05,1.092e-08,2991000.0,0.3267,0x78...39b8,https://bscscan.com/tx/0x46d7f8dd0f761e1040fee164533015da7e1145a4cac9276924669cb0f4e0bd09
2023-03-27 19:42:41,False,3.375e-05,1.092e-08,1681.22,1.836e-05,0x78...39b8,https://bscscan.com/tx/0x46d7f8dd0f761e1040fee164533015da7e1145a4cac9276924669cb0f4e0bd09
2023-03-27 19:42:41,False,3.375e-05,1.092e-08,620806.0,0.0678,0x0c...cc63,https://bscscan.com/tx/0x3f4c474e4a06fd35e3fd72eb33413a736b2fe408b5ca149a2f93c69e214ed511
2023-03-27 19:42:41,False,3.376e-05,1.092e-08,49781.5,0.0054,0x0c...cc63,https://bscscan.com/tx/0x3f4c474e4a06fd35e3fd72eb33413a736b2fe408b5ca149a2f93c69e214ed511
2023-03-27 19:42:41,True,3.392e-05,1.097e-08,18225887.0,2.00072,0x36...14b1,https://bscscan.com/tx/0x0d91ce88dbc788c78da8ca90eadc5bd52876a9ee91b511b010676dd98365bf35
2023-03-27 19:41:26,True,3.392e-05,1.097e-08,61700.6,0.0067,0x41...d39e,https://bscscan.com/tx/0x9c0a4d4da0904e8be24b16530adb1d1b19eebd26923171ffb5bac8fb2c50eabd
2023-03-27 19:41:14,False,3.392e-05,1.092e-08,149550.0,0.0163,0x61...5754,https://bscscan.com/tx/0x28ab29a5b2a0c8e15f6c0a51f38ab6a99bca7378a528ae0573e85b70393c6aaf
2023-03-27 19:41:14,False,3.392e-05,1.092e-08,4222.5,4.611e-05,0x61...5754,https://bscscan.com/tx/0x28ab29a5b2a0c8e15f6c0a51f38ab6a99bca7378a528ae0573e85b70393c6aaf
2023-03-27 19:41:02,True,3.392e-05,1.097e-08,63781.6,0.007,0x3f...45b3,https://bscscan.com/tx/0xc6f55ca43e2f6015b40bd8593d7ef909215b090b9735384e3d498c189736c291
2023-03-27 19:39:26,False,3.374e-05,1.092e-08,1495605.0,0.1633,0x1f...4f4f,https://bscscan.com/tx/0x175d589375b866eccaef0559af2fe1794c770cc5a1ade2d5df153545958f703b
2023-03-27 19:39:26,False,3.375e-05,1.092e-08,116461.0,0.0127,0x1f...4f4f,https://bscscan.com/tx/0x175d589375b866eccaef0559af2fe1794c770cc5a1ade2d5df153545958f703b
2023-03-27 19:37:50,True,3.414e-05,1.097e-08,22784605.0,2.5,0x78...39b8,https://bscscan.com/tx/0xdd8a346a2564cda2972bcfe60e5f682a748bbe96c67bd10cef902c8c9b7021ad
2023-03-27 19:36:44,True,3.396e-05,1.096e-08,207603.0,0.0227,0xc4...c5da,https://bscscan.com/tx/0x922972f382af75d030dc36ccf33ed40895f0797df7c11b6ecf5ce5f5d200a314
2023-03-27 19:46:32,True,3.402e-05,1.098e-08,29410342.0,3.23009,0xe3...a028,https://bscscan.com/tx/0x4d11e02deeea7533bc1f662264cf2634070c1d6fb89f1334a8974002bdd85108
2023-03-27 19:46:26,True,3.4e-05,1.097e-08,192402.0,0.0211,0x64...b51d,https://bscscan.com/tx/0x6b51d03f117f9af98ce398334f04fbbd184dfa5b5e189728451bdbbe5305b468
2023-03-27 19:42:41,False,3.375e-05,1.092e-08,2991000.0,0.3267,0x78...39b8,https://bscscan.com/tx/0x46d7f8dd0f761e1040fee164533015da7e1145a4cac9276924669cb0f4e0bd09
2023-03-27 19:42:41,False,3.375e-05,1.092e-08,1681.22,1.836e-05,0x78...39b8,https://bscscan.com/tx/0x46d7f8dd0f761e1040fee164533015da7e1145a4cac9276924669cb0f4e0bd09
2023-03-27 19:42:41,False,3.375e-05,1.092e-08,620806.0,0.0678,0x0c...cc63,https://bscscan.com/tx/0x3f4c474e4a06fd35e3fd72eb33413a736b2fe408b5ca149a2f93c69e214ed511
2023-03-27 19:42:41,False,3.376e-05,1.092e-08,49781.5,0.0054,0x0c...cc63,https://bscscan.com/tx/0x3f4c474e4a06fd35e3fd72eb33413a736b2fe408b5ca149a2f93c69e214ed511
2023-03-27 19:42:41,True,3.392e-05,1.097e-08,18225887.0,2.00072,0x36...14b1,https://bscscan.com/tx/0x0d91ce88dbc788c78da8ca90eadc5bd52876a9ee91b511b010676dd98365bf35
2023-03-27 19:41:26,True,3.392e-05,1.097e-08,61700.6,0.0067,0x41...d39e,https://bscscan.com/tx/0x9c0a4d4da0904e8be24b16530adb1d1b19eebd26923171ffb5bac8fb2c50eabd
2023-03-27 19:41:14,False,3.392e-05,1.092e-08,149550.0,0.0163,0x61...5754,https://bscscan.com/tx/0x28ab29a5b2a0c8e15f6c0a51f38ab6a99bca7378a528ae0573e85b70393c6aaf
2023-03-27 19:41:14,False,3.392e-05,1.092e-08,4222.5,4.611e-05,0x61...5754,https://bscscan.com/tx/0x28ab29a5b2a0c8e15f6c0a51f38ab6a99bca7378a528ae0573e85b70393c6aaf
2023-03-27 19:41:02,True,3.392e-05,1.097e-08,63781.6,0.007,0x3f...45b3,https://bscscan.com/tx/0xc6f55ca43e2f6015b40bd8593d7ef909215b090b9735384e3d498c189736c291
2023-03-27 19:39:26,False,3.374e-05,1.092e-08,1495605.0,0.1633,0x1f...4f4f,https://bscscan.com/tx/0x175d589375b866eccaef0559af2fe1794c770cc5a1ade2d5df153545958f703b
2023-03-27 19:39:26,False,3.375e-05,1.092e-08,116461.0,0.0127,0x1f...4f4f,https://bscscan.com/tx/0x175d589375b866eccaef0559af2fe1794c770cc5a1ade2d5df153545958f703b
2023-03-27 19:37:50,True,3.414e-05,1.097e-08,22784605.0,2.5,0x78...39b8,https://bscscan.com/tx/0xdd8a346a2564cda2972bcfe60e5f682a748bbe96c67bd10cef902c8c9b7021ad
2023-03-27 19:36:44,True,3.396e-05,1.096e-08,207603.0,0.0227,0xc4...c5da,https://bscscan.com/tx/0x922972f382af75d030dc36ccf33ed40895f0797df7c11b6ecf5ce5f5d200a314
2023-03-27 19:46:32,True,3.402e-05,1.098e-08,29410342.0,3.23009,0xe3...a028,https://bscscan.com/tx/0x4d11e02deeea7533bc1f662264cf2634070c1d6fb89f1334a8974002bdd85108
2023-03-27 19:46:26,True,3.4e-05,1.097e-08,192402.0,0.0211,0x64...b51d,https://bscscan.com/tx/0x6b51d03f117f9af98ce398334f04fbbd184dfa5b5e189728451bdbbe5305b468
2023-03-27 19:42:41,False,3.375e-05,1.092e-08,2991000.0,0.3267,0x78...39b8,https://bscscan.com/tx/0x46d7f8dd0f761e1040fee164533015da7e1145a4cac9276924669cb0f4e0bd09
2023-03-27 19:42:41,False,3.375e-05,1.092e-08,1681.22,1.836e-05,0x78...39b8,https://bscscan.com/tx/0x46d7f8dd0f761e1040fee164533015da7e1145a4cac9276924669cb0f4e0bd09
2023-03-27 19:42:41,False,3.375e-05,1.092e-08,620806.0,0.0678,0x0c...cc63,https://bscscan.com/tx/0x3f4c474e4a06fd35e3fd72eb33413a736b2fe408b5ca149a2f93c69e214ed511
2023-03-27 19:42:41,False,3.376e-05,1.092e-08,49781.5,0.0054,0x0c...cc63,https://bscscan.com/tx/0x3f4c474e4a06fd35e3fd72eb33413a736b2fe408b5ca149a2f93c69e214ed511
2023-03-27 19:42:41,True,3.392e-05,1.097e-08,18225887.0,2.00072,0x36...14b1,https://bscscan.com/tx/0x0d91ce88dbc788c78da8ca90eadc5bd52876a9ee91b511b010676dd98365bf35
2023-03-27 19:41:26,True,3.392e-05,1.097e-08,61700.6,0.0067,0x41...d39e,https://bscscan.com/tx/0x9c0a4d4da0904e8be24b16530adb1d1b19eebd26923171ffb5bac8fb2c50eabd
2023-03-27 19:41:14,False,3.392e-05,1.092e-08,149550.0,0.0163,0x61...5754,https://bscscan.com/tx/0x28ab29a5b2a0c8e15f6c0a51f38ab6a99bca7378a528ae0573e85b70393c6aaf
2023-03-27 19:41:14,False,3.392e-05,1.092e-08,4222.5,4.611e-05,0x61...5754,https://bscscan.com/tx/0x28ab29a5b2a0c8e15f6c0a51f38ab6a99bca7378a528ae0573e85b70393c6aaf
2023-03-27 19:41:02,True,3.392e-05,1.097e-08,63781.6,0.007,0x3f...45b3,https://bscscan.com/tx/0xc6f55ca43e2f6015b40bd8593d7ef909215b090b9735384e3d498c189736c291
2023-03-27 19:39:26,False,3.374e-05,1.092e-08,1495605.0,0.1633,0x1f...4f4f,https://bscscan.com/tx/0x175d589375b866eccaef0559af2fe1794c770cc5a1ade2d5df153545958f703b
2023-03-27 19:39:26,False,3.375e-05,1.092e-08,116461.0,0.0127,0x1f...4f4f,https://bscscan.com/tx/0x175d589375b866eccaef0559af2fe1794c770cc5a1ade2d5df153545958f703b
2023-03-27 19:37:50,True,3.414e-05,1.097e-08,22784605.0,2.5,0x78...39b8,https://bscscan.com/tx/0xdd8a346a2564cda2972bcfe60e5f682a748bbe96c67bd10cef902c8c9b7021ad
2023-03-27 19:36:44,True,3.396e-05,1.096e-08,207603.0,0.0227,0xc4...c5da,https://bscscan.com/tx/0x922972f382af75d030dc36ccf33ed40895f0797df7c11b6ecf5ce5f5d200a314
2023-03-27 19:46:32,True,3.402e-05,1.098e-08,29410342.0,3.23009,0xe3...a028,https://bscscan.com/tx/0x4d11e02deeea7533bc1f662264cf2634070c1d6fb89f1334a8974002bdd85108
2023-03-27 19:46:26,True,3.4e-05,1.097e-08,192402.0,0.0211,0x64...b51d,https://bscscan.com/tx/0x6b51d03f117f9af98ce398334f04fbbd184dfa5b5e189728451bdbbe5305b468
2023-03-27 19:42:41,False,3.375e-05,1.092e-08,2991000.0,0.3267,0x78...39b8,https://bscscan.com/tx/0x46d7f8dd0f761e1040fee164533015da7e1145a4cac9276924669cb0f4e0bd09
2023-03-27 19:42:41,False,3.375e-05,1.092e-08,1681.22,1.836e-05,0x78...39b8,https://bscscan.com/tx/0x46d7f8dd0f761e1040fee164533015da7e1145a4cac9276924669cb0f4e0bd09
2023-03-27 19:42:41,False,3.375e-05,1.092e-08,620806.0,0.0678,0x0c...cc63,https://bscscan.com/tx/0x3f4c474e4a06fd35e3fd72eb33413a736b2fe408b5ca149a2f93c69e214ed511
2023-03-27 19:42:41,False,3.376e-05,1.092e-08,49781.5,0.0054,0x0c...cc63,https://bscscan.com/tx/0x3f4c474e4a06fd35e3fd72eb33413a736b2fe408b5ca149a2f93c69e214ed511
2023-03-27 19:42:41,True,3.392e-05,1.097e-08,18225887.0,2.00072,0x36...14b1,https://bscscan.com/tx/0x0d91ce88dbc788c78da8ca90eadc5bd52876a9ee91b511b010676dd98365bf35
2023-03-27 19:41:26,True,3.392e-05,1.097e-08,61700.6,0.0067,0x41...d39e,https://bscscan.com/tx/0x9c0a4d4da0904e8be24b16530adb1d1b19eebd26923171ffb5bac8fb2c50eabd
2023-03-27 19:41:14,False,3.392e-05,1.092e-08,149550.0,0.0163,0x61...5754,https://bscscan.com/tx/0x28ab29a5b2a0c8e15f6c0a51f38ab6a99bca7378a528ae0573e85b70393c6aaf
2023-03-27 19:41:14,False,3.392e-05,1.092e-08,4222.5,4.611e-05,0x61...5754,https://bscscan.com/tx/0x28ab29a5b2a0c8e15f6c0a51f38ab6a99bca7378a528ae0573e85b70393c6aaf
2023-03-27 19:41:02,True,3.392e-05,1.097e-08,63781.6,0.007,0x3f...45b3,https://bscscan.com/tx/0xc6f55ca43e2f6015b40bd8593d7ef909215b090b9735384e3d498c189736c291
2023-03-27 19:39:26,False,3.374e-05,1.092e-08,1495605.0,0.1633,0x1f...4f4f,https://bscscan.com/tx/0x175d589375b866eccaef0559af2fe1794c770cc5a1ade2d5df153545958f703b
2023-03-27 19:39:26,False,3.375e-05,1.092e-08,116461.0,0.0127,0x1f...4f4f,https://bscscan.com/tx/0x175d589375b866eccaef0559af2fe1794c770cc5a1ade2d5df153545958f703b
2023-03-27 19:37:50,True,3.414e-05,1.097e-08,22784605.0,2.5,0x78...39b8,https://bscscan.com/tx/0xdd8a346a2564cda2972bcfe60e5f682a748bbe96c67bd10cef902c8c9b7021ad
2023-03-27 19:36:44,True,3.396e-05,1.096e-08,207603.0,0.0227,0xc4...c5da,https://bscscan.com/tx/0x922972f382af75d030dc36ccf33ed40895f0797df7c11b6ecf5ce5f5d200a314
2023-03-27 19:46:32,True,3.402e-05,1.098e-08,29410342.0,3.23009,0xe3...a028,https://bscscan.com/tx/0x4d11e02deeea7533bc1f662264cf2634070c1d6fb89f1334a8974002bdd85108
2023-03-27 19:46:26,True,3.4e-05,1.097e-08,192402.0,0.0211,0x64...b51d,https://bscscan.com/tx/0x6b51d03f117f9af98ce398334f04fbbd184dfa5b5e189728451bdbbe5305b468
2023-03-27 19:42:41,False,3.375e-05,1.092e-08,2991000.0,0.3267,0x78...39b8,https://bscscan.com/tx/0x46d7f8dd0f761e1040fee164533015da7e1145a4cac9276924669cb0f4e0bd09
2023-03-27 19:42:41,False,3.375e-05,1.092e-08,1681.22,1.836e-05,0x78...39b8,https://bscscan.com/tx/0x46d7f8dd0f761e1040fee164533015da7e1145a4cac9276924669cb0f4e0bd09
2023-03-27 19:42:41,False,3.375e-05,1.092e-08,620806.0,0.0678,0x0c...cc63,https://bscscan.com/tx/0x3f4c474e4a06fd35e3fd72eb33413a736b2fe408b5ca149a2f93c69e214ed511
2023-03-27 19:42:41,False,3.376e-05,1.092e-08,49781.5,0.0054,0x0c...cc63,https://bscscan.com/tx/0x3f4c474e4a06fd35e3fd72eb33413a736b2fe408b5ca149a2f93c69e214ed511
2023-03-27 19:42:41,True,3.392e-05,1.097e-08,18225887.0,2.00072,0x36...14b1,https://bscscan.com/tx/0x0d91ce88dbc788c78da8ca90eadc5bd52876a9ee91b511b010676dd98365bf35
2023-03-27 19:41:26,True,3.392e-05,1.097e-08,61700.6,0.0067,0x41...d39e,https://bscscan.com/tx/0x9c0a4d4da0904e8be24b16530adb1d1b19eebd26923171ffb5bac8fb2c50eabd
2023-03-27 19:41:14,False,3.392e-05,1.092e-08,149550.0,0.0163,0x61...5754,https://bscscan.com/tx/0x28ab29a5b2a0c8e15f6c0a51f38ab6a99bca7378a528ae0573e85b70393c6aaf
