datetime,buy_order,price_USD,price_native,amount_token,total_native,maker,etherscan_url
2023-03-27 10:12:58,False,3.558e-05,1.087e-08,6091864.0,0.6624,0xd5...01fb,https://bscscan.com/tx/0x6192ffc45652178cd0747aea5ed3ba128c45d51cd00c809e75963533cc6fa8b0
2023-03-27 10:12:58,False,3.558e-05,1.087e-08,27463.8,0.0029,0xd5...01fb,https://bscscan.com/tx/0x6192ffc45652178cd0747aea5ed3ba128c45d51cd00c809e75963533cc6fa8b0
2023-03-27 10:11:55,False,3.541e-05,1.087e-08,10141249.0,1.10303,0xfb...34c8,https://bscscan.com/tx/0xe398d27b86c1e47edd2c642815fe9c5901cd79421431bf1e3f8e73bff400adff
2023-03-27 10:11:55,False,3.541e-05,1.087e-08,23366.7,0.0025,0xfb...34c8,https://bscscan.com/tx/0xe398d27b86c1e47edd2c642815fe9c5901cd79421431bf1e3f8e73bff400adff
2023-03-27 10:07:28,False,3.559e-05,1.087e-08,8628376.0,0.9387,0x87...e46e,https://bscscan.com/tx/0x5391c168dd3aa21f53e9d19f2aeaafcba056709811a442bbab29e81e75ad4b63
2023-03-27 10:07:28,False,3.56e-05,1.088e-08,83808.0,0.0091,0x87...e46e,https://bscscan.com/tx/0x5391c168dd3aa21f53e9d19f2aeaafcba056709811a442bbab29e81e75ad4b63
2023-03-27 10:06:16,False,3.56e-05,1.088e-08,30946880.0,3.3684,0x03...82c7,https://bscscan.com/tx/0x44babc80aa9f560c252a0857953d1b7e1f746b5f3c6211d8f0e493d52abc8f9a
2023-03-27 10:06:16,False,3.562e-05,1.088e-08,16200.3,0.0017,0x03...82c7,https://bscscan.com/tx/0x44babc80aa9f560c252a0857953d1b7e1f746b5f3c6211d8f0e493d52abc8f9a
2023-03-27 10:03:55,False,3.544e-05,1.088e-08,5982129.0,0.6514,0x74...d542,https://bscscan.com/tx/0x10cd7755ea64f52461ba84a7d320a4cdef87667859f0b798576e3fd3100852f8
2023-03-27 10:03:55,False,3.544e-05,1.089e-08,408.784,4.451e-06,0x74...d542,https://bscscan.com/tx/0x10cd7755ea64f52461ba84a7d320a4cdef87667859f0b798576e3fd3100852f8
2023-03-27 10:03:28,False,3.562e-05,1.089e-08,150947.0,0.0164,0xd7...23e8,https://bscscan.com/tx/0x479de83c2b11f3eb8843edd23be45389894245841fa8cf5618017f4917a503ca
2023-03-27 10:03:28,False,3.562e-05,1.089e-08,55180.1,0.006,0xd7...23e8,https://bscscan.com/tx/0x479de83c2b11f3eb8843edd23be45389894245841fa8cf5618017f4917a503ca
2023-03-27 10:01:55,True,3.58e-05,1.094e-08,2231873.0,0.2442,0x08...89ee,https://bscscan.com/tx/0x00b7602eda204feb642bc03b9dd6fda1651917c2b40fea7081e57bc60fd1c707
2023-03-27 09:57:52,True,3.58e-05,1.094e-08,12647270.0,1.38394,0xe5...f823,https://bscscan.com/tx/0x8a42afca1f922f180a2183c9cdb3488d02a88bd5cfc954d99d89563a7ecbe6d6
2023-03-27 09:57:19,False,3.562e-05,1.088e-08,5541250.0,0.6032,0x6a...3665,https://bscscan.com/tx/0xaf99cd21b91e13947721906037b807b04e5ea6013a6ef95d915efb1d8109e92a
2023-03-27 09:57:19,False,3.562e-05,1.088e-08,27901.2,0.003,0x6a...3665,https://bscscan.com/tx/0xaf99cd21b91e13947721906037b807b04e5ea6013a6ef95d915efb1d8109e92a
2023-03-27 09:57:13,True,3.579e-05,1.094e-08,4569652.0,0.5,0x67...9eb2,https://bscscan.com/tx/0xdd7b933f0356a8a68b182c91820905fd48845f84ddfb3a028efb33c8bd953160
2023-03-27 09:55:31,False,3.544e-05,1.088e-08,5746843.0,0.6256,0x19...b675,https://bscscan.com/tx/0x5a7a14efb741e1c22400425d84672f0be04caddbd407306a6404b4ba76ea6118
2023-03-27 09:55:31,False,3.544e-05,1.088e-08,3122.15,3.399e-05,0x19...b675,https://bscscan.com/tx/0x5a7a14efb741e1c22400425d84672f0be04caddbd407306a6404b4ba76ea6118
2023-03-27 09:53:58,True,3.582e-05,1.094e-08,536889.0,0.0587,0xd4...6da3,https://bscscan.com/tx/0x631ce053a3e48996b505c23a4dc07e6f097fc33745069e56297863a7d0aae569
2023-03-27 09:51:55,False,3.546e-05,1.088e-08,617603.0,0.0672,0xc7...0f45,https://bscscan.com/tx/0x3fa8d16e10f3e592bb9fcc3239dd6883bf13f05b06c4be32d06c141ad8d51e12
2023-03-27 09:51:55,False,3.546e-05,1.088e-08,63581.6,0.0069,0xc7...0f45,https://bscscan.com/tx/0x3fa8d16e10f3e592bb9fcc3239dd6883bf13f05b06c4be32d06c141ad8d51e12
2023-03-27 09:48:52,True,3.582e-05,1.094e-08,803294.0,0.0879,0x1c...87d7,https://bscscan.com/tx/0x06d6f4e264d3c89d743c72523603ae5b909166b4341171f718b957a74de0e1cd
2023-03-27 09:47:04,True,3.564e-05,1.094e-08,15456683.0,1.69103,0x3e...6b78,https://bscscan.com/tx/0x6852c9906a9259df9e6223ad978319d7fe64aae29b5e0ca5666a34ed4960823d
2023-03-27 09:45:49,False,3.545e-05,1.088e-08,7266891.0,0.7909,0x3a...bcdd,https://bscscan.com/tx/0xfac283329a215f26faffaf38bd0338d46adcb5e25987541908e14e6689d312f7
2023-03-27 09:45:49,False,3.546e-05,1.088e-08,18850.0,0.002,0x3a...bcdd,https://bscscan.com/tx/0xfac283329a215f26faffaf38bd0338d46adcb5e25987541908e14e6689d312f7
2023-03-27 09:30:12,True,3.584e-05,1.093e-08,5781480.0,0.6324,0x19...b675,https://bscscan.com/tx/0x40b21776147e7e294216000c2eeb7122fd6fad7362ff9e44f160ef718d840fc3
2023-03-27 09:29:48,True,3.584e-05,1.093e-08,1100000.0,0.1203,0xcc...580f,https://bscscan.com/tx/0xf09cad49b0ea2f1954568f3ce0701670b40fd097e5eb7496ae1e486875f6d4fd
2023-03-27 09:29:36,False,3.566e-05,1.088e-08,99700.0,0.0108,0x0b...2d3e,https://bscscan.com/tx/0xe8ad177ea1d7c438512d9c2da9c1aed0e710d3946bec0a6b4ccfe423ca1b8e4f
2023-03-27 09:29:36,False,3.566e-05,1.088e-08,197171.0,0.0214,0x0b...2d3e,https://bscscan.com/tx/0xe8ad177ea1d7c438512d9c2da9c1aed0e710d3946bec0a6b4ccfe423ca1b8e4f
2023-03-27 09:24:09,True,3.563e-05,1.093e-08,27727171.0,3.03193,0x45...e8c5,https://bscscan.com/tx/0x98e519ca6c3fafc687950a76a75864047a8ee3193b1c902654ed9497b87153d4
2023-03-27 09:24:09,False,3.546e-05,1.088e-08,45163324.0,4.91493,0x9d...4de0,https://bscscan.com/tx/0x9931699ddf433b9c87dd19a48afbbb04c5c399ffd47a6de0a2cf17a5a811774b
2023-03-27 09:24:09,False,3.547e-05,1.088e-08,673187.0,0.0733,0x9d...4de0,https://bscscan.com/tx/0x9931699ddf433b9c87dd19a48afbbb04c5c399ffd47a6de0a2cf17a5a811774b
2023-03-27 09:24:06,True,3.565e-05,1.094e-08,140000.0,0.0153,0xac...fda6,https://bscscan.com/tx/0xcbee0dfe1fe2f91bb158a3165b2a3b445f404c143cf9a5353dc77cba5015f67b
2023-03-27 09:23:27,True,3.566e-05,1.094e-08,253028.0,0.0276,0xad...7326,https://bscscan.com/tx/0x0d4a3671918639499e098543c04498a7eb2e48bf584c8382bb2aa5ac68f71ca7
2023-03-27 09:21:51,True,3.554e-05,1.091e-08,245928159.0,26.832,0xf2...7e55,https://bscscan.com/tx/0x9f704b607385dd5f9fe9e15d99b3002d4de7bf5cc9c841e2b253f88ec864f091
2023-03-27 09:21:27,False,3.543e-05,1.082e-08,2998348.0,0.3245,0x2d...f60a,https://bscscan.com/tx/0x81c2f0b0d2054022b0750e72bd21f9553f7a2656225188da497ff8e7c2eb6f49
2023-03-27 09:21:27,False,3.543e-05,1.082e-08,6750.0,7.306e-05,0x2d...f60a,https://bscscan.com/tx/0x81c2f0b0d2054022b0750e72bd21f9553f7a2656225188da497ff8e7c2eb6f49
2023-03-27 09:20:12,False,3.546e-05,1.082e-08,2492500.0,0.2698,0xd7...9069,https://bscscan.com/tx/0xdc667e19f6aac256142559e02a103ca03d372f774d0395233a70d97e5aed6ecb
2023-03-27 09:20:12,False,3.546e-05,1.082e-08,6812.99,7.375e-05,0xd7...9069,https://bscscan.com/tx/0xdc667e19f6aac256142559e02a103ca03d372f774d0395233a70d97e5aed6ecb
2023-03-27 09:19:51,True,3.562e-05,1.087e-08,1939038.0,0.2109,0x0a...bc83,https://bscscan.com/tx/0x91e0a9c0e87f4f582203ba5d63b6d3914298c37467b844c140acfa669348c71c
2023-03-27 09:18:57,False,3.545e-05,1.082e-08,25820.8,0.0027,0x94...3a05,https://bscscan.com/tx/0x9c23494f518f0e2af8c875c5376d2fc791f262496e183c85f27c726047ae1368
2023-03-27 09:17:18,True,3.545e-05,1.087e-08,5277639.0,0.5741,0x65...c4f0,https://bscscan.com/tx/0x95e9edc8c92eee6de7de294fd6a163d6fd92367add85c6719bf2fc93db616d27
2023-03-27 09:14:57,True,3.562e-05,1.087e-08,2807086.0,0.3053,0x00...7e6c,https://bscscan.com/tx/0x2bcb87bac018f42d6da78a129ba42ef4de937293e38140167ce61b3da0d1f689
2023-03-27 09:13:54,True,3.562e-05,1.087e-08,485377.0,0.0527,0x97...dd9e,https://bscscan.com/tx/0x438b6fdd90c89880c12d314155abf8f731ee8a8753b399c0c0c14c30a76f6ad1
2023-03-27 09:10:21,False,3.526e-05,1.082e-08,990168.0,0.1071,0xf2...61fb,https://bscscan.com/tx/0x4f8ce5e8b5a608f3582383d5a0746f5e8db30152ac63697bef603d3a3076c8a7
2023-03-27 09:10:21,False,3.526e-05,1.082e-08,5941.83,6.43e-05,0xf2...61fb,https://bscscan.com/tx/0x4f8ce5e8b5a608f3582383d5a0746f5e8db30152ac63697bef603d3a3076c8a7
2023-03-27 09:08:00,True,3.561e-05,1.087e-08,1100679.0,0.1197,0x0a...bc83,https://bscscan.com/tx/0x966f46e0848ba16a8eeb28de1cf5b2dc88ebf7589e7c31f4fc090e2184515752
2023-03-27 09:04:30,False,3.525e-05,1.082e-08,1096700.0,0.1186,0xcb...f147,https://bscscan.com/tx/0x2f4ada9ea5343452f07ab03510dc83123451535d267c5199d0397b795d30fda3
2023-03-27 09:04:30,False,3.525e-05,1.082e-08,17155.1,0.0018,0xcb...f147,https://bscscan.com/tx/0x2f4ada9ea5343452f07ab03510dc83123451535d267c5199d0397b795d30fda3
2023-03-27 08:58:36,True,3.569e-05,1.087e-08,73550.5,0.008,0x35...1205,https://bscscan.com/tx/0xa2694970017e5b205e9b3340e6e35fc82a122a6a22cfd17569a7e9666700f951
2023-03-27 08:55:39,True,3.569e-05,1.087e-08,1280195.0,0.1392,0x5a...c94a,https://bscscan.com/tx/0x8d0bbe36c25184a5b06b353bc851ac7bd4bea7c9767d16661d7cd2164a36609f
2023-03-27 08:49:12,False,3.551e-05,1.082e-08,4985000.0,0.5395,0x7d...9294,https://bscscan.com/tx/0x43ba01fa7eeca597e9e9aae17c159c00ce6b0a8fd007425d1c4960f8cb6483a1
2023-03-27 08:49:12,False,3.551e-05,1.082e-08,80407.0,0.0087,0x7d...9294,https://bscscan.com/tx/0x43ba01fa7eeca597e9e9aae17c159c00ce6b0a8fd007425d1c4960f8cb6483a1
2023-03-27 08:45:39,True,3.569e-05,1.087e-08,14681618.0,1.59676,0x8e...a156,https://bscscan.com/tx/0x2789fce8f2fc9787fddeecf9ef9ef5ed54006085301d2cefc54f21e6bac43914
2023-03-27 08:44:21,False,3.533e-05,1.082e-08,15053471.0,1.62904,0x47...67e1,https://bscscan.com/tx/0x41ca0e941eecd63015aa2f24ff9556f02848e544b07733d05ceae5fc2e3f165a
2023-03-27 08:44:21,False,3.534e-05,1.082e-08,617.748,6.686e-06,0x47...67e1,https://bscscan.com/tx/0x41ca0e941eecd63015aa2f24ff9556f02848e544b07733d05ceae5fc2e3f165a
2023-03-27 08:41:45,False,3.552e-05,1.082e-08,228109.0,0.0246,0xa5...4580,https://bscscan.com/tx/0x46ea7f6f9f0b40de549b0773e858515913aa64ba606f5581bae8726d7065506c
2023-03-27 08:41:45,False,3.552e-05,1.082e-08,1446.96,1.566e-05,0xa5...4580,https://bscscan.com/tx/0x46ea7f6f9f0b40de549b0773e858515913aa64ba606f5581bae8726d7065506c
2023-03-27 08:38:09,False,3.534e-05,1.082e-08,534303.0,0.0578,0x99...2b9e,https://bscscan.com/tx/0xe4cc49510a8c29fe818559eb093b44cd6346be711dc207fc05c62ef39a7c4757
2023-03-27 08:38:09,False,3.534e-05,1.082e-08,79077.7,0.0085,0x99...2b9e,https://bscscan.com/tx/0xe4cc49510a8c29fe818559eb093b44cd6346be711dc207fc05c62ef39a7c4757
2023-03-27 08:36:00,False,3.536e-05,1.082e-08,29200184.0,3.16171,0x9d...4de0,https://bscscan.com/tx/0x344340c428932aec25b42ae7df5e44023d309108070e807164b9f60f41774617
2023-03-27 08:36:00,False,3.537e-05,1.083e-08,56391.0,0.0061,0x9d...4de0,https://bscscan.com/tx/0x344340c428932aec25b42ae7df5e44023d309108070e807164b9f60f41774617
2023-03-27 08:35:09,False,3.538e-05,1.083e-08,20822906.0,2.25601,0xcc...d5a4,https://bscscan.com/tx/0xabfbb5ecac0c8d810c615991a4c64f4ef65a774f3450dfa3c1a05335575d6725
2023-03-27 08:35:09,False,3.539e-05,1.083e-08,11203.7,0.0012,0xcc...d5a4,https://bscscan.com/tx/0xabfbb5ecac0c8d810c615991a4c64f4ef65a774f3450dfa3c1a05335575d6725
2023-03-27 08:34:45,True,3.556e-05,1.089e-08,149508.0,0.0162,0xc2...7e35,https://bscscan.com/tx/0x98473fce49750653afb13c5d7e317650f4639507df8e5697ce307ccbcb29cc8c
2023-03-27 08:30:21,False,3.539e-05,1.083e-08,3988000.0,0.4322,0x93...f57c,https://bscscan.com/tx/0x6f00cf8d40dffc2ea0cd1a85b2277180effe4a26bebef84ceb767ce7588968d5
2023-03-27 08:30:21,False,3.539e-05,1.083e-08,78426.9,0.0085,0x93...f57c,https://bscscan.com/tx/0x6f00cf8d40dffc2ea0cd1a85b2277180effe4a26bebef84ceb767ce7588968d5
2023-03-27 08:30:21,True,3.557e-05,1.089e-08,73225.2,0.0079,0x8e...9798,https://bscscan.com/tx/0xd085069b6ac263cd35e7d32e5cc4459e8c5fdf254d8aaecb8f3ea03c62b10a33
2023-03-27 08:28:27,True,3.575e-05,1.089e-08,1301879.0,0.1418,0xdc...c6dd,https://bscscan.com/tx/0xe0496a19aa672af883e8453616999f568ea282897ffe04f66860b2b662e19b8d
2023-03-27 08:26:51,False,3.539e-05,1.084e-08,27588884.0,2.991,0xd3...5e23,https://bscscan.com/tx/0xb56d9295fb0540dfa85a44c6a3fbab986da6e58556c966326decee5afd061acd
2023-03-27 08:26:51,False,3.541e-05,1.084e-08,21972.0,0.0023,0xd3...5e23,https://bscscan.com/tx/0xb56d9295fb0540dfa85a44c6a3fbab986da6e58556c966326decee5afd061acd
2023-03-27 08:25:36,True,3.558e-05,1.089e-08,18349.7,0.002,0xde...2b58,https://bscscan.com/tx/0x16110c53af6be3da6369087917c212527a159bee602a0972f18a2d6340a10d12
2023-03-27 08:24:03,True,3.558e-05,1.089e-08,18349.7,0.002,0xde...2b58,https://bscscan.com/tx/0x2e524b4111a7e62c151a50854ac472861f312d850b63c2c8f9abd37da4a02f5b
2023-03-27 08:21:15,True,3.558e-05,1.089e-08,307559.0,0.0335,0xbb...18c5,https://bscscan.com/tx/0x28bfe2c800e80f6e3b3d2b225f16e7bb7265600af0528f79986b8b1bd5278c6b
2023-03-27 08:19:30,True,3.558e-05,1.089e-08,100000.0,0.0109,0x9d...f5de,https://bscscan.com/tx/0x9bdeeaab68722ca1e3539ecf5c03f81342cca9e278634add7d6bbc174f26797b
2023-03-27 08:19:30,True,3.558e-05,1.089e-08,559189.0,0.0609,0xbb...18c5,https://bscscan.com/tx/0xcf151f145309626b0fd6f7e65973c74e6063f7141b230351b68d5882e533b9c4
2023-03-27 08:18:24,True,3.576e-05,1.089e-08,5584194.0,0.6085,0xff...99b4,https://bscscan.com/tx/0x3ee71fe2e10ed50f733381e325a111b67736e35bfd30291fceab462a64214ef9
2023-03-27 08:13:48,False,3.558e-05,1.084e-08,1545475.0,0.1675,0x02...c105,https://bscscan.com/tx/0x765c816d2ae94b6008d4e804d56886d3dc57eeadd838e1b59192d70aa970170c
2023-03-27 08:13:48,False,3.558e-05,1.084e-08,23751.6,0.0025,0x02...c105,https://bscscan.com/tx/0x765c816d2ae94b6008d4e804d56886d3dc57eeadd838e1b59192d70aa970170c
2023-03-27 08:09:24,True,3.558e-05,1.089e-08,59605.1,0.0065,0x86...c523,https://bscscan.com/tx/0x9543e35938471f8d2278acf664947f2eebba57238e9766d91d6aed4ffb7ea939
2023-03-27 08:01:11,False,3.563e-05,1.084e-08,87568.3,0.0095,0x8d...f30d,https://bscscan.com/tx/0x4d50abf90a3df7cf553a90e33a225a4b9eb455f78171d02881300a77942f7b95
2023-03-27 08:01:11,False,3.563e-05,1.084e-08,52784.5,0.0057,0x8d...f30d,https://bscscan.com/tx/0x4d50abf90a3df7cf553a90e33a225a4b9eb455f78171d02881300a77942f7b95
2023-03-27 08:00:02,True,3.58e-05,1.089e-08,2103190.0,0.2292,0x5d...2948,https://bscscan.com/tx/0x4f01ba07004b8a8ddf8304822b6e7cf80e88b3a2a2b1dd63fb9d791de180873c
2023-03-27 07:59:59,True,3.58e-05,1.089e-08,103743.0,0.0113,0x8f...1de7,https://bscscan.com/tx/0x88e586b1221d1d0c5554c2eb9c74c8f9b9731730c84e911568ac60b852520920
2023-03-27 07:59:56,True,3.58e-05,1.089e-08,2569483.0,0.28,0xd2...acae,https://bscscan.com/tx/0x482b199fe4799a17e112d0439aedcab1fc3297c859372871cb64ea156d348a49
2023-03-27 07:56:53,False,3.563e-05,1.084e-08,14729077.0,1.59727,0xee...60af,https://bscscan.com/tx/0xaeacf672f68acb1fdee50a56cb8387ba7c9ad6751bec3479744663c85689e964
2023-03-27 07:56:53,False,3.564e-05,1.084e-08,11560.0,0.0012,0xee...60af,https://bscscan.com/tx/0xaeacf672f68acb1fdee50a56cb8387ba7c9ad6751bec3479744663c85689e964
2023-03-27 07:56:14,False,3.564e-05,1.084e-08,4268629.0,0.463,0x83...e2a3,https://bscscan.com/tx/0xcd07e8d42787defc33ef964d999d7cd2138b22aa2eaf829f1d4b57e43b12f3e2
2023-03-27 07:56:14,False,3.564e-05,1.084e-08,10026.4,0.001,0x83...e2a3,https://bscscan.com/tx/0xcd07e8d42787defc33ef964d999d7cd2138b22aa2eaf829f1d4b57e43b12f3e2
2023-03-27 07:54:59,True,3.584e-05,1.09e-08,2590149.0,0.2825,0xfe...b6f1,https://bscscan.com/tx/0x038d74590307fcf942ddb347f17942a77e02574342c3da4562ef833df1b43d1e
2023-03-27 07:53:05,False,3.547e-05,1.084e-08,1119964.0,0.1214,0x15...36b9,https://bscscan.com/tx/0xc0293c6f122e9bf893784eebce01fb92d59f5da621b0cdb10e5b9d9578bf14ec
2023-03-27 07:53:05,False,3.547e-05,1.084e-08,135000.0,0.0146,0x15...36b9,https://bscscan.com/tx/0xc0293c6f122e9bf893784eebce01fb92d59f5da621b0cdb10e5b9d9578bf14ec
2023-03-27 07:47:32,False,3.566e-05,1.085e-08,49850000.0,5.41052,0xc1...21cb,https://bscscan.com/tx/0xc496596e0f9a9be0706ea73b24993f206a14f79f5f3ff0284cebcb503053e35d
2023-03-27 07:47:32,False,3.569e-05,1.086e-08,30381.1,0.0033,0xc1...21cb,https://bscscan.com/tx/0xc496596e0f9a9be0706ea73b24993f206a14f79f5f3ff0284cebcb503053e35d
2023-03-27 07:42:59,True,3.594e-05,1.091e-08,493653.0,0.0538,0xad...7137,https://bscscan.com/tx/0x5e42a25c85ab989d35251798c8c4049d3c142cb9c67f1f1c40c4a214deb94e2e
2023-03-27 07:36:59,True,3.594e-05,1.091e-08,500000.0,0.0545,0x26...7ce2,https://bscscan.com/tx/0xeecb4e18594af9da2ba1a1b5fe174854aa24fdd35e9869708fd692b3b9ba59c7
2023-03-27 07:33:59,True,3.594e-05,1.091e-08,2030993.0,0.2216,0xcb...66c8,https://bscscan.com/tx/0x4915f47840f29a7878390545902d93c546b8ce698487d9f778d4c6d105243250
2023-03-27 07:32:42,True,3.594e-05,1.091e-08,4398300.0,0.48,0xfc...a03e,https://bscscan.com/tx/0xd431c3ce6eb87337ecc09219846cc1caf29506a09795f4ed7c715fe65066bc77
2023-03-27 07:30:47,True,3.594e-05,1.091e-08,1652561.0,0.1803,0xfe...b309,https://bscscan.com/tx/0x00bed8c9b3168e3d8ede79aac73d941994c50dd0e37116fc3d36f86fe8b443c8
2023-03-27 07:29:20,False,3.576e-05,1.085e-08,2170227.0,0.2356,0x44...af67,https://bscscan.com/tx/0xcee681d9bf731a26e82d5edda4e1cd9fda416322b156da34aaa08741369201b4
2023-03-27 07:29:20,False,3.576e-05,1.085e-08,6355.51,6.901e-05,0x44...af67,https://bscscan.com/tx/0xcee681d9bf731a26e82d5edda4e1cd9fda416322b156da34aaa08741369201b4
2023-03-27 07:28:35,True,3.594e-05,1.091e-08,83388.1,0.0091,0x03...4257,https://bscscan.com/tx/0xc710af9be90a71350523b97fd9953a2d839a0e574675b8e08c02ad0369f709b9
2023-03-27 07:27:47,False,3.576e-05,1.085e-08,2263694.0,0.2458,0x34...89d0,https://bscscan.com/tx/0x1926ae0e882fb031b3e55cec311e4f3945e72a9b64f1bfc420aec900ee60dccf
2023-03-27 07:27:47,False,3.576e-05,1.085e-08,12493.6,0.0013,0x34...89d0,https://bscscan.com/tx/0x1926ae0e882fb031b3e55cec311e4f3945e72a9b64f1bfc420aec900ee60dccf
2023-03-27 07:24:47,False,3.576e-05,1.085e-08,4613387.0,0.5009,0xfa...45cf,https://bscscan.com/tx/0x60fa1ce20932bbb6e1ddce1ddb72db0399f8e72ea5b933421860ad8723b1dae0
2023-03-27 07:24:47,False,3.577e-05,1.086e-08,3439.08,3.734e-05,0xfa...45cf,https://bscscan.com/tx/0x60fa1ce20932bbb6e1ddce1ddb72db0399f8e72ea5b933421860ad8723b1dae0
2023-03-27 07:23:02,False,3.577e-05,1.086e-08,1269914.0,0.1379,0xb4...68f4,https://bscscan.com/tx/0xac094d91da480a54ad8910c17949f331c2ee7d7daba22ca664d5effd3fcf7d1d
2023-03-27 07:23:02,False,3.577e-05,1.086e-08,104208.0,0.0113,0xb4...68f4,https://bscscan.com/tx/0xac094d91da480a54ad8910c17949f331c2ee7d7daba22ca664d5effd3fcf7d1d
2023-03-27 07:22:11,True,3.594e-05,1.091e-08,622505.0,0.0679,0x11...b2a4,https://bscscan.com/tx/0x437486abf701a324f563c9d7cb34c03c030279a33e942a3a6593a8c13b6908cf
2023-03-27 07:18:41,False,3.577e-05,1.086e-08,36785011.0,3.99676,0x12...8abf,https://bscscan.com/tx/0x698239620d6ff3154472032a84140f4fe4deb74b82e2d6fe92ac29eaadf98ec4
2023-03-27 07:18:41,False,3.579e-05,1.087e-08,33206.1,0.0036,0x12...8abf,https://bscscan.com/tx/0x698239620d6ff3154472032a84140f4fe4deb74b82e2d6fe92ac29eaadf98ec4
2023-03-27 07:17:05,False,3.579e-05,1.087e-08,12261670.0,1.33305,0x12...8abf,https://bscscan.com/tx/0xe0103134a958d52730134a3a1ffc5c7a1bc402caff8248443b3d7158d6ce439f
2023-03-27 07:17:05,False,3.58e-05,1.087e-08,7360.74,8.003e-05,0x12...8abf,https://bscscan.com/tx/0xe0103134a958d52730134a3a1ffc5c7a1bc402caff8248443b3d7158d6ce439f
2023-03-27 07:13:29,False,3.58e-05,1.087e-08,2718021.0,0.2955,0x5f...8d02,https://bscscan.com/tx/0xe2f34a873a2d28235be8a3926bc53d3293f90a3cabf74007292756ab67d837d8
2023-03-27 07:13:29,False,3.58e-05,1.087e-08,30344.4,0.0033,0x5f...8d02,https://bscscan.com/tx/0xe2f34a873a2d28235be8a3926bc53d3293f90a3cabf74007292756ab67d837d8
2023-03-27 07:11:59,True,3.582e-05,1.093e-08,906.569,9.912e-06,0xac...9eaa,https://bscscan.com/tx/0xe8f03643cee97f77a56072d146d63747937ecc982619326cb768dc668f1c9b37
2023-03-27 07:08:20,True,3.58e-05,1.092e-08,9220764.0,1.00759,0x86...c1fb,https://bscscan.com/tx/0x280d69a9635704d2d2f4c8500033044bb3a53f993880f14acf8fe61585a1c80b
2023-03-27 07:08:08,False,3.562e-05,1.087e-08,2010961.0,0.2186,0xf3...8195,https://bscscan.com/tx/0xf8caf7488dc361dd0dcc3ee2bb4736aec9a02e8d360912216c9fc44f63b09747
2023-03-27 07:08:08,False,3.562e-05,1.087e-08,45822.5,0.0049,0xf3...8195,https://bscscan.com/tx/0xf8caf7488dc361dd0dcc3ee2bb4736aec9a02e8d360912216c9fc44f63b09747
2023-03-27 07:02:56,True,3.598e-05,1.092e-08,265101.0,0.0289,0xe3...39b3,https://bscscan.com/tx/0x6fa22b16375335128ad9a261250d1d5bdad2093ebee01aa7b0545d4f98caaeb4
2023-03-27 06:58:24,False,3.582e-05,1.087e-08,16627744.0,1.80814,0x48...f0d7,https://bscscan.com/tx/0xdc869e48023d3c6dcad5c6027ce161f4534f39808f85f18ab021676deaf64dbc
2023-03-27 06:58:24,False,3.583e-05,1.087e-08,1076.76,1.171e-05,0x48...f0d7,https://bscscan.com/tx/0xdc869e48023d3c6dcad5c6027ce161f4534f39808f85f18ab021676deaf64dbc
2023-03-27 06:58:18,False,3.583e-05,1.087e-08,397604.0,0.0432,0xc8...bbb0,https://bscscan.com/tx/0x664211b5ef32e070f3a9a9ca7f300084dab0ac26f3473d4970f298240fef2251
2023-03-27 06:58:18,False,3.583e-05,1.087e-08,1432.52,1.558e-05,0xc8...bbb0,https://bscscan.com/tx/0x664211b5ef32e070f3a9a9ca7f300084dab0ac26f3473d4970f298240fef2251
2023-03-27 06:54:30,False,3.582e-05,1.087e-08,528971.0,0.0575,0xbc...38f1,https://bscscan.com/tx/0x8f94fbc7b4913944b833b048847c4986fa7a74e86bc6ae5bb8fd45fd58927b4b
2023-03-27 06:54:30,False,3.582e-05,1.087e-08,175.5,1.908e-06,0xbc...38f1,https://bscscan.com/tx/0x8f94fbc7b4913944b833b048847c4986fa7a74e86bc6ae5bb8fd45fd58927b4b
2023-03-27 06:52:09,False,3.564e-05,1.087e-08,64805.0,0.007,0xf0...8870,https://bscscan.com/tx/0x93b5856f931a70f657a6dce2ba9950e4d21c52dee67ca17e54410c431064dd3a
2023-03-27 06:52:09,False,3.564e-05,1.087e-08,21206.6,0.0023,0xf0...8870,https://bscscan.com/tx/0x93b5856f931a70f657a6dce2ba9950e4d21c52dee67ca17e54410c431064dd3a
2023-03-27 06:51:54,True,3.602e-05,1.093e-08,2809765.0,0.3072,0xed...b03c,https://bscscan.com/tx/0xa2d95aff774c706265ce1d20583804ffbc1e00f437b0d79d2c050fd9d914f4a0
2023-03-27 06:44:33,False,3.582e-05,1.087e-08,5029412.0,0.547,0xb0...a0d1,https://bscscan.com/tx/0xdb636b8e1cb2496048c41a800d6d7d69de988b1de9f95e5cb2b42253e1f17344
2023-03-27 06:44:33,False,3.582e-05,1.087e-08,1350.0,1.468e-05,0xb0...a0d1,https://bscscan.com/tx/0xdb636b8e1cb2496048c41a800d6d7d69de988b1de9f95e5cb2b42253e1f17344
2023-03-27 06:37:30,False,3.564e-05,1.087e-08,498500.0,0.0542,0x8a...7823,https://bscscan.com/tx/0x750110ea702a92334debc5a565b9ef407e6a29dd2b27aef810cf5527d8d88ae9
2023-03-27 06:37:30,False,3.564e-05,1.087e-08,326869.0,0.0355,0x8a...7823,https://bscscan.com/tx/0x750110ea702a92334debc5a565b9ef407e6a29dd2b27aef810cf5527d8d88ae9
2023-03-27 06:35:09,True,3.601e-05,1.093e-08,412530.0,0.0451,0x61...0647,https://bscscan.com/tx/0xfa4f501e5a5a5406051d952acad80467fc320432ba03f1162effd65a15e1ce87
2023-03-27 06:32:51,True,3.598e-05,1.093e-08,1600836.0,0.175,0x85...788a,https://bscscan.com/tx/0x338b554a461658442e8187ba92632d17de20a80d492ef2a1d58ca420112932b0
2023-03-27 06:31:15,True,3.58e-05,1.092e-08,18071615.0,1.97508,0xcc...0331,https://bscscan.com/tx/0x1f608860791d50433e9a4ea3b2a63c6744f8f54d7ef244509d030c41da062a3f
2023-03-27 06:31:09,False,3.583e-05,1.088e-08,100674682.0,10.959,0xcf...89ae,https://bscscan.com/tx/0x0da0b7ee3ca83a3532b38f2ff165c183015c9e809a6e8ff40b44c7632048ee31
2023-03-27 06:31:09,False,3.588e-05,1.089e-08,8043.3,8.766e-05,0xcf...89ae,https://bscscan.com/tx/0x0da0b7ee3ca83a3532b38f2ff165c183015c9e809a6e8ff40b44c7632048ee31
2023-03-27 06:27:00,False,3.588e-05,1.089e-08,2970063.0,0.3237,0x97...bd4b,https://bscscan.com/tx/0x817f1730f8eef485b57924fb31168137922f0a1a4b72e0a3d49c765dcf2b9b0f
2023-03-27 06:27:00,False,3.588e-05,1.089e-08,160675.0,0.0175,0x97...bd4b,https://bscscan.com/tx/0x817f1730f8eef485b57924fb31168137922f0a1a4b72e0a3d49c765dcf2b9b0f
2023-03-27 06:18:27,True,3.602e-05,1.095e-08,5160424.0,0.5652,0x6b...9f5d,https://bscscan.com/tx/0x1905a6cc8fb5ec7f8d98dda59baee53e1c7b5c0851801177c941754cbb855edc
2023-03-27 06:18:18,True,3.583e-05,1.095e-08,5115325.0,0.5602,0x6b...9f5d,https://bscscan.com/tx/0x2de5474aecd8a692eaffadcf20bdf02613ed5ffbde4abbc545250ac3894d2744
2023-03-27 06:18:05,True,3.583e-05,1.095e-08,5074324.0,0.5556,0x6b...9f5d,https://bscscan.com/tx/0xc77a4534266a0c0671a7bfe4401e88bd1404822cf2546bc149f90cc657f13bec
2023-03-27 06:17:59,True,3.582e-05,1.094e-08,5104125.0,0.5588,0x6b...9f5d,https://bscscan.com/tx/0x69fb90c70788d169184ffd9790f574cb825c3d8ee3724dec5deaa647aa21c991
2023-03-27 06:17:53,True,3.582e-05,1.094e-08,5038618.0,0.5516,0x6b...9f5d,https://bscscan.com/tx/0x96026fabb03895affe459b477cbf225f4915a4a6f599a3a38ff89a853cb99d6b
2023-03-27 06:17:44,True,3.581e-05,1.094e-08,5149281.0,0.5636,0x6b...9f5d,https://bscscan.com/tx/0x04926a557111aa712d3913a159bc8832ba37fac8154c442007688e408ffb7904
2023-03-27 06:17:41,True,3.58e-05,1.094e-08,18062547.0,1.97673,0xcc...0331,https://bscscan.com/tx/0xa74177e51b375309b8a669e0f094ca047a8038ffe061eecd315ad9186ca7b1f2
2023-03-27 06:17:37,False,3.58e-05,1.088e-08,10772172.0,1.17289,0x73...496b,https://bscscan.com/tx/0xe77dc67aff1c6bf855fb29173ddc1ae2b1632b1984c914c709db813b4aa0099c
2023-03-27 06:17:37,False,3.58e-05,1.088e-08,41771.1,0.0045,0x73...496b,https://bscscan.com/tx/0xe77dc67aff1c6bf855fb29173ddc1ae2b1632b1984c914c709db813b4aa0099c
2023-03-27 06:17:37,True,3.598e-05,1.094e-08,5088866.0,0.5569,0x6b...9f5d,https://bscscan.com/tx/0xa1331d0124829550b841ed10a79497fa0278b56774464067216bf6b3a29ab0c9
2023-03-27 06:17:30,True,3.598e-05,1.094e-08,5135950.0,0.5619,0x6b...9f5d,https://bscscan.com/tx/0xfa38d9ee55f41752a0ee7ed7875cac3419cbf88306fa818cabdd99754d671cdc
2023-03-27 06:14:13,True,3.579e-05,1.094e-08,2000000.0,0.2188,0xe4...9432,https://bscscan.com/tx/0xdf2370b771e26ca8d2d795a89c8384894f39ee357ff652c90372a006e3db7a4f
2023-03-27 06:08:36,False,3.561e-05,1.088e-08,3236223.0,0.3523,0x3b...324e,https://bscscan.com/tx/0xfb97c0bd9dde71f2edc922cb25aeb553bf2c4acd38c1164911c144ef17247d73
2023-03-27 06:08:36,False,3.561e-05,1.088e-08,10583.2,0.0011,0x3b...324e,https://bscscan.com/tx/0xfb97c0bd9dde71f2edc922cb25aeb553bf2c4acd38c1164911c144ef17247d73
2023-03-27 06:05:03,True,3.578e-05,1.094e-08,2780543.0,0.3042,0x8f...8afe,https://bscscan.com/tx/0xe07879d590b06303399ad8a4064376b64823487a18ac99a80cc325f7930c43f1
2023-03-27 05:50:24,False,3.575e-05,1.088e-08,1135758.0,0.1236,0xeb...9e92,https://bscscan.com/tx/0xd94e8c1899dd97059781080a9f52a905382871d6777fef62c7e8c5cd30f5aa02
2023-03-27 05:50:24,False,3.575e-05,1.088e-08,73866.0,0.008,0xeb...9e92,https://bscscan.com/tx/0xd94e8c1899dd97059781080a9f52a905382871d6777fef62c7e8c5cd30f5aa02
2023-03-27 05:50:15,True,3.592e-05,1.093e-08,25662765.0,2.807,0xbc...0072,https://bscscan.com/tx/0xebad174d0735c77fa2cd194b5fb21d342925fc1586277c6c8c7e8539256ce67b
2023-03-27 05:48:07,True,3.58e-05,1.093e-08,226133.0,0.0247,0x43...f8c1,https://bscscan.com/tx/0x8428358c9b46214711e88c71dadc73566b067ba582e01ff4a5f796ff3eb2db98
2023-03-27 05:47:52,True,3.598e-05,1.093e-08,155795.0,0.017,0x1d...a056,https://bscscan.com/tx/0x89b200f8db892d248324b59a0cf4fb3cede52f555e119edadcfbe761fef25c7d
2023-03-27 05:42:55,False,3.562e-05,1.088e-08,1309157.0,0.1424,0x67...e5e7,https://bscscan.com/tx/0x0397ac47cf4716e1c483d48b6c971250d6757b5d603b0df94133fb7eec8957f3
2023-03-27 05:42:55,False,3.562e-05,1.088e-08,6999.86,7.616e-05,0x67...e5e7,https://bscscan.com/tx/0x0397ac47cf4716e1c483d48b6c971250d6757b5d603b0df94133fb7eec8957f3
2023-03-27 05:38:46,True,3.58e-05,1.093e-08,443293.0,0.0484,0xe2...c4ba,https://bscscan.com/tx/0xa5ba9e57ceda7cf9c1857df07f5c654e1f0c29415c87faa86dde2673559fbe8b
2023-03-27 05:28:43,True,3.6e-05,1.094e-08,989561.0,0.1082,0x21...5e12,https://bscscan.com/tx/0x3b771f070c5a9ccd7599f52dbaa1278f26a869db6fa0b06b5fa930da4903f814
2023-03-27 05:23:10,True,3.58e-05,1.093e-08,548728.0,0.06,0x9d...3057,https://bscscan.com/tx/0x124ed38dfdce40964991b86f884f8c47d47e31d21a0f71532a1c07a1789b0adb
2023-03-27 05:21:28,False,3.58e-05,1.087e-08,609127.0,0.0662,0xf5...17e4,https://bscscan.com/tx/0x72d7af9b15067d3a5429f426368aedab690eb1c3a38817df5ca8f42f967cb3a1
2023-03-27 05:21:28,False,3.58e-05,1.087e-08,138185.0,0.015,0xf5...17e4,https://bscscan.com/tx/0x72d7af9b15067d3a5429f426368aedab690eb1c3a38817df5ca8f42f967cb3a1
2023-03-27 05:20:34,True,3.581e-05,1.093e-08,68058.7,0.0074,0x7b...95e5,https://bscscan.com/tx/0x90c0a96016eccbd422c0b591281e4585393db32c561ec8813daee47df681d6d3
2023-03-27 05:20:31,True,3.58e-05,1.093e-08,1111728.0,0.1215,0xd8...629b,https://bscscan.com/tx/0x02e116d016d53c62224ec0db431973e51ee6e2035d4e37bbe7d553c449203fb7
2023-03-27 05:12:49,False,3.582e-05,1.088e-08,49850000.0,5.42677,0xc1...21cb,https://bscscan.com/tx/0xb1832649d71cc892fb2ded16207a560cb194b7840943baeabe061197e9731239
2023-03-27 05:12:49,False,3.585e-05,1.089e-08,44549.7,0.0048,0xc1...21cb,https://bscscan.com/tx/0xb1832649d71cc892fb2ded16207a560cb194b7840943baeabe061197e9731239
2023-03-27 05:08:42,True,3.585e-05,1.094e-08,958862.0,0.1049,0x0b...2d3e,https://bscscan.com/tx/0x10ef9c56091e651f46781c4b7e399867c09b406ac4f255ec65576e410114a381
2023-03-27 05:06:03,False,3.585e-05,1.089e-08,15494417.0,1.68806,0x05...7066,https://bscscan.com/tx/0x27bda6853f58289ca01de21420577d20b79a059c9e58a39294152e43beb927b8
2023-03-27 05:06:03,False,3.586e-05,1.089e-08,645.3,7.031e-06,0x05...7066,https://bscscan.com/tx/0x27bda6853f58289ca01de21420577d20b79a059c9e58a39294152e43beb927b8
2023-03-27 05:05:36,False,3.568e-05,1.089e-08,238283.0,0.0259,0x1f...4f4f,https://bscscan.com/tx/0xfdf39baa37fc8884bbf6d9247b2eed6280df8095ed7b556084805a835cc780d1
2023-03-27 05:05:36,False,3.568e-05,1.089e-08,1323.53,1.442e-05,0x1f...4f4f,https://bscscan.com/tx/0xfdf39baa37fc8884bbf6d9247b2eed6280df8095ed7b556084805a835cc780d1
2023-03-27 05:05:00,False,3.568e-05,1.089e-08,488726.0,0.0532,0x92...453e,https://bscscan.com/tx/0x0ad5900acfb6ea9a4652791a7ce17712a652c1bcbae80af222a5bcc3ad633291
2023-03-27 05:05:00,False,3.568e-05,1.089e-08,3975.03,4.331e-05,0x92...453e,https://bscscan.com/tx/0x0ad5900acfb6ea9a4652791a7ce17712a652c1bcbae80af222a5bcc3ad633291
2023-03-27 04:56:45,True,3.603e-05,1.095e-08,1169583.0,0.128,0x3f...df12,https://bscscan.com/tx/0x1c66aced1af590ec325962a0d821058468a820666e61a37141c13bdad93f3d2e
2023-03-27 04:56:39,False,3.585e-05,1.089e-08,301741.0,0.0328,0x2b...a1c3,https://bscscan.com/tx/0xf464b9401b18ab5edb86206dae2e8106e04e2a22e35eb30abad2a283f758e93e
2023-03-27 04:56:39,False,3.585e-05,1.089e-08,106259.0,0.0115,0x2b...a1c3,https://bscscan.com/tx/0xf464b9401b18ab5edb86206dae2e8106e04e2a22e35eb30abad2a283f758e93e
2023-03-27 04:55:21,True,3.603e-05,1.095e-08,1109941.0,0.1215,0x74...733d,https://bscscan.com/tx/0x8a84d848cd8f6cdb52d7ace953abfc876ca68133a8163b095fa2951f5534b45a
2023-03-27 04:52:54,True,3.603e-05,1.095e-08,1500000.0,0.1642,0x5a...df6f,https://bscscan.com/tx/0x1b5e4f54aa9a5970d83f2d603a199603ad08c353cfdc874e90d6499e1b141f9a
2023-03-27 04:51:48,True,3.583e-05,1.094e-08,32238311.0,3.52891,0x13...cbdd,https://bscscan.com/tx/0x308328cc80d383c82baecbfbfeb5d69ac9bb19a44834c0c979b4bd3f7134918f
2023-03-27 04:46:18,False,3.566e-05,1.088e-08,747750.0,0.0814,0x48...6149,https://bscscan.com/tx/0xc4485ce60a11ed556fe7259772528dd7f0b74dbd0e53516092f3fdbf5c351d12
2023-03-27 04:46:18,False,3.566e-05,1.088e-08,346.025,3.767e-06,0x48...6149,https://bscscan.com/tx/0xc4485ce60a11ed556fe7259772528dd7f0b74dbd0e53516092f3fdbf5c351d12
2023-03-27 04:45:18,False,3.585e-05,1.088e-08,127773.0,0.0139,0x54...78f1,https://bscscan.com/tx/0xa5d1e36c6c11b3765758e1153b13cb6793fe4c868aec44c27f54e0fed8b99aa4
2023-03-27 04:45:18,False,3.585e-05,1.088e-08,4803.47,5.229e-05,0x54...78f1,https://bscscan.com/tx/0xa5d1e36c6c11b3765758e1153b13cb6793fe4c868aec44c27f54e0fed8b99aa4
2023-03-27 04:44:51,False,3.585e-05,1.088e-08,1773725.0,0.1931,0x0b...2d3e,https://bscscan.com/tx/0x5c98c4730ac73f70c11b8f3715170b3c46d8b469e7756517928eae2b292cf180
2023-03-27 04:44:51,False,3.585e-05,1.088e-08,3511.82,3.823e-05,0x0b...2d3e,https://bscscan.com/tx/0x5c98c4730ac73f70c11b8f3715170b3c46d8b469e7756517928eae2b292cf180
2023-03-27 04:43:51,True,3.603e-05,1.094e-08,1053999.0,0.1153,0x22...4a7b,https://bscscan.com/tx/0xd845df2c9be78bfb03ab609a4071746f4f0f8da415313605d08172d7ca671685
2023-03-27 04:41:30,False,3.567e-05,1.088e-08,245936.0,0.0267,0x36...c43a,https://bscscan.com/tx/0xdfb0552f6747009f79c9ad6cb5940ef6ea5660ca2adacf3083125c30a3191ff1
2023-03-27 04:41:30,False,3.567e-05,1.088e-08,77181.1,0.0084,0x36...c43a,https://bscscan.com/tx/0xdfb0552f6747009f79c9ad6cb5940ef6ea5660ca2adacf3083125c30a3191ff1
2023-03-27 04:40:18,True,3.603e-05,1.094e-08,3168691.0,0.3467,0xd5...3df1,https://bscscan.com/tx/0x68719a6e9e616b238ac44ff0a7bde8cc7be309d2402707969ffb7f99c42c2f0b
2023-03-27 04:39:06,True,3.603e-05,1.094e-08,109672.0,0.012,0xa6...7bdb,https://bscscan.com/tx/0x4ff2479248eb9126b6b10a489a790445a64f5bfeb88f2bd9f712e574733348e9
2023-03-27 04:34:39,True,3.581e-05,1.094e-08,541596.0,0.0592,0x2f...92c6,https://bscscan.com/tx/0x32a5e81674b365663223d180b365fd102d7270cb51dc8bf5891118e1899b0cee
2023-03-27 04:29:33,True,3.6e-05,1.094e-08,61135.9,0.0066,0x2b...c4a6,https://bscscan.com/tx/0xeae87ce7046b0a2e0fd3987cd094e9f46c363dccc88efb8ac4684a11cd3ae942
2023-03-27 04:24:21,True,3.581e-05,1.094e-08,361212.0,0.0395,0xfd...31ee,https://bscscan.com/tx/0x2e590069a981985078811d61d40cb05b86c93182ab474b9fbfe88ff0ceab362b
2023-03-27 04:15:03,True,3.578e-05,1.094e-08,556079.0,0.0608,0x63...fd28,https://bscscan.com/tx/0x673f8fdbf0a4035fdfabef7656f5f5a78d08d946d195fa3d1e850e8595276e96
2023-03-27 04:08:54,True,3.595e-05,1.094e-08,987988.0,0.1081,0x23...a6ec,https://bscscan.com/tx/0x0894964ff553f69275e34f26ebb00aa9c110c425ffda1092230e7a3cd2bf7639
2023-03-27 04:08:43,True,3.595e-05,1.094e-08,1749198.0,0.1913,0x4e...585e,https://bscscan.com/tx/0x754aba1248dca62eb432a0256e16942b48bcffc5794b6bd1f699b4b24e91effa
2023-03-27 04:08:22,True,3.577e-05,1.094e-08,2820000.0,0.3085,0x00...2ce4,https://bscscan.com/tx/0x139c51fe83942027cd69674f398720c2370d52f13edec4b39b2c27aa8f836882
2023-03-27 03:57:43,False,3.56e-05,1.088e-08,17960400.0,1.95544,0x4c...7678,https://bscscan.com/tx/0x6806764983a30b68b6f9fe571084f1ea305aec859fe05d28ec574a081b390750
2023-03-27 03:57:43,False,3.561e-05,1.088e-08,54156.0,0.0059,0x4c...7678,https://bscscan.com/tx/0x6806764983a30b68b6f9fe571084f1ea305aec859fe05d28ec574a081b390750
2023-03-27 03:57:25,False,3.562e-05,1.089e-08,19997601.0,2.17825,0x4c...7678,https://bscscan.com/tx/0x9707adfe18ed3c54724a0fff2c383fef23a71f5705f0790d9e09b1f868862daa
2023-03-27 03:57:25,False,3.563e-05,1.089e-08,2560.04,2.789e-05,0x4c...7678,https://bscscan.com/tx/0x9707adfe18ed3c54724a0fff2c383fef23a71f5705f0790d9e09b1f868862daa
2023-03-27 03:53:25,True,3.599e-05,1.094e-08,146120.0,0.016,0x8d...b28a,https://bscscan.com/tx/0x05d277c6ce499c37ad143830e0bb1c3e8bb053fc9d351c9e499bd066cd679184
2023-03-27 03:51:25,True,3.599e-05,1.094e-08,547956.0,0.06,0x8d...b28a,https://bscscan.com/tx/0xa07f7943be49c20cc93685457b7e4bf1eb5db49e36f65cf8ca12daa1c6103734
2023-03-27 03:50:55,False,3.563e-05,1.089e-08,253323.0,0.0276,0xbc...a6b8,https://bscscan.com/tx/0x8aabd8b824ebc6f384c5926b454c14799d93cc3df362f40722f3003e23539393
2023-03-27 03:50:55,False,3.563e-05,1.089e-08,1498.59,1.632e-05,0xbc...a6b8,https://bscscan.com/tx/0x8aabd8b824ebc6f384c5926b454c14799d93cc3df362f40722f3003e23539393
2023-03-27 03:49:13,False,3.563e-05,1.089e-08,553368.0,0.0602,0x10...256c,https://bscscan.com/tx/0xa0f41359ea2cd3208ad7328d7aba05b5fea514567edfe5753f32eb990f4686a1
2023-03-27 03:49:13,False,3.563e-05,1.089e-08,106034.0,0.0115,0x10...256c,https://bscscan.com/tx/0xa0f41359ea2cd3208ad7328d7aba05b5fea514567edfe5753f32eb990f4686a1
2023-03-27 03:40:40,True,3.599e-05,1.094e-08,13353825.0,1.462,0x63...983f,https://bscscan.com/tx/0xda990f3776877a2af4c767be7d6d5e5e9a0997da22ca985cd182913c1d7a40c6
2023-03-27 03:40:19,True,3.599e-05,1.094e-08,18270.9,0.002,0x74...2e9c,https://bscscan.com/tx/0x571fbc3fdb8c795b94d1743080fee8733d5793b95faaf5458ce1c269a5842f70
2023-03-27 03:28:18,False,3.564e-05,1.089e-08,25517660.0,2.78018,0xbc...0072,https://bscscan.com/tx/0x78671171e88b7ed5dfb9578cca35f00e31eb5fcc28e50e90bb9243cf8684a97c
2023-03-27 03:28:18,False,3.565e-05,1.089e-08,94009.3,0.0102,0xbc...0072,https://bscscan.com/tx/0x78671171e88b7ed5dfb9578cca35f00e31eb5fcc28e50e90bb9243cf8684a97c
2023-03-27 03:25:27,False,3.584e-05,1.09e-08,34713790.0,3.78489,0x50...5244,https://bscscan.com/tx/0x96bea6060715b03e28725870da20c25d56479109e63e421978beb2c9c800084c
2023-03-27 03:25:27,False,3.586e-05,1.09e-08,25354.6,0.0027,0x50...5244,https://bscscan.com/tx/0x96bea6060715b03e28725870da20c25d56479109e63e421978beb2c9c800084c
2023-03-27 03:23:21,False,3.569e-05,1.09e-08,9150296.0,0.9982,0x05...7066,https://bscscan.com/tx/0x85731b6e61c45a497252f239240c4722360b7073640cc724093ee32f6a87ac70
2023-03-27 03:23:21,False,3.57e-05,1.091e-08,18861.2,0.002,0x05...7066,https://bscscan.com/tx/0x85731b6e61c45a497252f239240c4722360b7073640cc724093ee32f6a87ac70
2023-03-27 03:23:21,False,3.57e-05,1.091e-08,6964689.0,0.7599,0x05...7066,https://bscscan.com/tx/0x8cb084fb03bc0846affbfed07864112281b0238dc64b98cc3d377b26a069eb4e
2023-03-27 03:23:21,False,3.57e-05,1.091e-08,10876.4,0.0011,0x05...7066,https://bscscan.com/tx/0x8cb084fb03bc0846affbfed07864112281b0238dc64b98cc3d377b26a069eb4e
2023-03-27 03:21:45,False,3.589e-05,1.091e-08,4016205.0,0.4382,0xf5...3424,https://bscscan.com/tx/0x2f3b5433ff4edd195133eaedadcadb7a54086fc0433e9bac57d4b1c29e7b990f
2023-03-27 03:21:45,False,3.589e-05,1.091e-08,47408.2,0.0051,0xf5...3424,https://bscscan.com/tx/0x2f3b5433ff4edd195133eaedadcadb7a54086fc0433e9bac57d4b1c29e7b990f
2023-03-27 03:21:36,True,3.607e-05,1.096e-08,505491.0,0.0554,0xd3...792a,https://bscscan.com/tx/0x21c6530b3862bf59632cdf50870ceefd18fbab73f8d0c7d59ada5a82fcff0848
2023-03-27 03:20:06,False,3.571e-05,1.091e-08,12477866.0,1.36191,0x05...7066,https://bscscan.com/tx/0xaaa77f878e62e0e114d166f8f54964d51a754a5d33d69424f7c06d365cf7e024
2023-03-27 03:20:06,False,3.572e-05,1.091e-08,36269.9,0.0039,0x05...7066,https://bscscan.com/tx/0xaaa77f878e62e0e114d166f8f54964d51a754a5d33d69424f7c06d365cf7e024
2023-03-27 03:19:27,True,3.608e-05,1.097e-08,455747.0,0.05,0x7a...70f1,https://bscscan.com/tx/0x37ff74ac358124cec08079bf3e3a8a53d6fd2a0a96d3bae22292c0b032f2abe8
2023-03-27 03:05:55,False,3.579e-05,1.091e-08,5583200.0,0.6095,0x35...e7b5,https://bscscan.com/tx/0x839f65fede59335d483fba34eb74e791a02aac50f6d359b32a2b4681e3e3efa6
2023-03-27 03:05:55,False,3.579e-05,1.091e-08,6750.19,7.369e-05,0x35...e7b5,https://bscscan.com/tx/0x839f65fede59335d483fba34eb74e791a02aac50f6d359b32a2b4681e3e3efa6
2023-03-27 03:01:49,True,3.615e-05,1.097e-08,71.5879,7.854e-07,0x4a...c1d3,https://bscscan.com/tx/0x673e572d86f16448b0fa54c90d81a314d1a72db8cbb3a53af0cd075c6a9c44dd
2023-03-27 02:58:34,False,3.597e-05,1.091e-08,2492500.0,0.2721,0x8c...cb20,https://bscscan.com/tx/0x1c0a9ecbbe098af93f9f560d2d5e51f7027672f90efded5d65d5a1e9e4f19359
2023-03-27 02:58:34,False,3.597e-05,1.091e-08,1755.0,1.916e-05,0x8c...cb20,https://bscscan.com/tx/0x1c0a9ecbbe098af93f9f560d2d5e51f7027672f90efded5d65d5a1e9e4f19359
2023-03-27 02:56:43,False,3.597e-05,1.091e-08,648050.0,0.0707,0xe2...85cc,https://bscscan.com/tx/0x769bcb506824dd30065d3455b6ea2d27828b658561dafafd5d896872fe316a48
2023-03-27 02:56:43,False,3.597e-05,1.091e-08,217.471,2.374e-06,0xe2...85cc,https://bscscan.com/tx/0x769bcb506824dd30065d3455b6ea2d27828b658561dafafd5d896872fe316a48
2023-03-27 02:54:30,False,3.597e-05,1.091e-08,80303.0,0.0087,0x35...f018,https://bscscan.com/tx/0x1c5eea906700897f39081363c02db7c22835a0cc2b939c6c1f211e2bd18239d4
2023-03-27 02:54:30,False,3.597e-05,1.091e-08,36282.8,0.0039,0x35...f018,https://bscscan.com/tx/0x1c5eea906700897f39081363c02db7c22835a0cc2b939c6c1f211e2bd18239d4
2023-03-27 02:51:25,False,3.579e-05,1.092e-08,13397751.0,1.46307,0x05...7066,https://bscscan.com/tx/0x090febffd700e6234986dbc1b5cc56fdebb990eab83de5883a2de9a7a3dfa465
2023-03-27 02:51:25,False,3.58e-05,1.092e-08,30902.4,0.0033,0x05...7066,https://bscscan.com/tx/0x090febffd700e6234986dbc1b5cc56fdebb990eab83de5883a2de9a7a3dfa465
2023-03-27 02:51:25,False,3.58e-05,1.092e-08,11410996.0,1.24649,0x05...7066,https://bscscan.com/tx/0xeb91863a3359c6aaf10e02a8a80e3b1bed5e2edb2d917e3b0dfae17f461c9465
2023-03-27 02:51:25,False,3.581e-05,1.092e-08,18779.6,0.002,0x05...7066,https://bscscan.com/tx/0xeb91863a3359c6aaf10e02a8a80e3b1bed5e2edb2d917e3b0dfae17f461c9465
2023-03-27 02:51:13,False,3.581e-05,1.092e-08,6934552.0,0.7576,0x05...7066,https://bscscan.com/tx/0x2ade087408fdca4b44f2c667251daaa1a9a2fdbfb0020426143e98af935d6c97
2023-03-27 02:51:13,False,3.581e-05,1.092e-08,13742.6,0.0015,0x05...7066,https://bscscan.com/tx/0x2ade087408fdca4b44f2c667251daaa1a9a2fdbfb0020426143e98af935d6c97
2023-03-27 02:50:44,True,3.598e-05,1.098e-08,54635.8,0.006,0x74...8a67,https://bscscan.com/tx/0x9042cea5ecc4b6cf833ea55dec554c767761df9ffdaa610b3ccf5aa01521aa95
2023-03-27 02:50:31,False,3.599e-05,1.092e-08,5020098.0,0.5485,0x6b...9f5d,https://bscscan.com/tx/0x26cdb6f8f68348dbf6744ee19cd2209146bd29e7ef9adb132f5bf5a1e8e5c345
2023-03-27 02:50:31,False,3.599e-05,1.092e-08,13582.8,0.0014,0x6b...9f5d,https://bscscan.com/tx/0x26cdb6f8f68348dbf6744ee19cd2209146bd29e7ef9adb132f5bf5a1e8e5c345
2023-03-27 02:50:25,False,3.599e-05,1.092e-08,5015570.0,0.5481,0x6b...9f5d,https://bscscan.com/tx/0x47d52ae7f8d95bda25feb2b57b783aee957e25ae9316558020013581e3a7aa1e
2023-03-27 02:50:25,False,3.599e-05,1.092e-08,13985.1,0.0015,0x6b...9f5d,https://bscscan.com/tx/0x47d52ae7f8d95bda25feb2b57b783aee957e25ae9316558020013581e3a7aa1e
2023-03-27 02:50:16,False,3.6e-05,1.093e-08,5164140.0,0.5644,0x6b...9f5d,https://bscscan.com/tx/0x41da7730318a90955abcf540a03205de61469f3d8e40515be183156440a7acdc
2023-03-27 02:50:16,False,3.6e-05,1.093e-08,13598.3,0.0014,0x6b...9f5d,https://bscscan.com/tx/0x41da7730318a90955abcf540a03205de61469f3d8e40515be183156440a7acdc
2023-03-27 02:50:07,False,3.582e-05,1.093e-08,5021313.0,0.5489,0x6b...9f5d,https://bscscan.com/tx/0xb56760f5b6f6cb613807f99fb6a39c7389fb04173669acc872bb1f17e0a06722
2023-03-27 02:50:07,False,3.582e-05,1.093e-08,14024.6,0.0015,0x6b...9f5d,https://bscscan.com/tx/0xb56760f5b6f6cb613807f99fb6a39c7389fb04173669acc872bb1f17e0a06722
2023-03-27 02:49:57,False,3.582e-05,1.093e-08,5178727.0,0.5661,0x6b...9f5d,https://bscscan.com/tx/0x8c570de3b16be4dfa5b4c05a2780fa2683a3b67969a2c5da3cdbe06e2ebe6632
2023-03-27 02:49:57,False,3.583e-05,1.093e-08,80973.0,0.0088,0x6b...9f5d,https://bscscan.com/tx/0x8c570de3b16be4dfa5b4c05a2780fa2683a3b67969a2c5da3cdbe06e2ebe6632
2023-03-27 02:49:54,False,3.602e-05,1.093e-08,29900030.0,3.27039,0x20...946b,https://bscscan.com/tx/0xb632fa8db885fc0df6cb36d05a574a2a1b5e0752bfc8c82c7f49f8135cacf26c
2023-03-27 02:49:54,False,3.603e-05,1.094e-08,13825.8,0.0015,0x20...946b,https://bscscan.com/tx/0xb632fa8db885fc0df6cb36d05a574a2a1b5e0752bfc8c82c7f49f8135cacf26c
2023-03-27 02:49:51,False,3.604e-05,1.094e-08,5105321.0,0.5586,0x6b...9f5d,https://bscscan.com/tx/0x20ef2f6f5833a7733bf315892c1e573f2add4faf83ac5006574f15fefb2be725
2023-03-27 02:49:51,False,3.604e-05,1.094e-08,13532.7,0.0014,0x6b...9f5d,https://bscscan.com/tx/0x20ef2f6f5833a7733bf315892c1e573f2add4faf83ac5006574f15fefb2be725
2023-03-27 02:49:42,False,3.604e-05,1.094e-08,4997068.0,0.5468,0x6b...9f5d,https://bscscan.com/tx/0x3e1b66dbe6a14e0cb2842583554db1a7962feeff1c12c1667bfb07b73db56de6
2023-03-27 02:49:42,False,3.604e-05,1.094e-08,4689.11,5.131e-05,0x6b...9f5d,https://bscscan.com/tx/0x3e1b66dbe6a14e0cb2842583554db1a7962feeff1c12c1667bfb07b73db56de6
2023-03-27 02:48:41,True,3.603e-05,1.099e-08,1233.92,1.357e-05,0x74...8a67,https://bscscan.com/tx/0x37372d43a612efa79b3bd7668f2cff0abd1a1c6b351c0c7d7ab7a332b4183fee
2023-03-27 02:48:38,False,3.586e-05,1.094e-08,1730269.0,0.1893,0xeb...3f67,https://bscscan.com/tx/0x08ea9db06d59fe708750b6a4303ebade5d50a4c7f54824c71b40c1e0b8aebddd
2023-03-27 02:48:38,False,3.586e-05,1.094e-08,13987.9,0.0015,0xeb...3f67,https://bscscan.com/tx/0x08ea9db06d59fe708750b6a4303ebade5d50a4c7f54824c71b40c1e0b8aebddd
2023-03-27 02:48:32,False,3.586e-05,1.094e-08,5165168.0,0.5653,0x6b...9f5d,https://bscscan.com/tx/0x4dff7fea8ac96f5d3462a18ad9dd5faf2066da632175bd90baf04c3282fbce13
2023-03-27 02:48:32,False,3.586e-05,1.094e-08,19926.4,0.0021,0x6b...9f5d,https://bscscan.com/tx/0x4dff7fea8ac96f5d3462a18ad9dd5faf2066da632175bd90baf04c3282fbce13
2023-03-27 02:46:17,False,3.604e-05,1.094e-08,551962.0,0.0604,0x70...b217,https://bscscan.com/tx/0x1094f8f263a7691f79b58bf47a2897df5d0326f0e3de3e8a79864f6b03915276
2023-03-27 02:46:17,False,3.604e-05,1.094e-08,183629.0,0.0201,0x70...b217,https://bscscan.com/tx/0x1094f8f263a7691f79b58bf47a2897df5d0326f0e3de3e8a79864f6b03915276
2023-03-27 02:43:57,True,3.604e-05,1.1e-08,275632.0,0.0303,0xe7...98f6,https://bscscan.com/tx/0xd1b8f12b96a01762ce7bce953fdf9c8af124bd5fa0274aa6b347f11881d8ae85
2023-03-27 02:43:27,False,3.589e-05,1.095e-08,67531720.0,7.39839,0xa8...d5ef,https://bscscan.com/tx/0x0e54d3442575ab2b29438eda9269c8f3c8efcff5eb5cb3156a61ff6747c4fb6c
2023-03-27 02:43:27,False,3.592e-05,1.096e-08,21600.0,0.0023,0xa8...d5ef,https://bscscan.com/tx/0x0e54d3442575ab2b29438eda9269c8f3c8efcff5eb5cb3156a61ff6747c4fb6c
2023-03-27 02:43:09,False,3.611e-05,1.096e-08,7976000.0,0.8746,0x62...7106,https://bscscan.com/tx/0xea9cb0bb5ef103d9c326b4091ae66af00308a131a498429ccb8509d0e3f9fde5
2023-03-27 02:43:09,False,3.611e-05,1.096e-08,1764.71,1.935e-05,0x62...7106,https://bscscan.com/tx/0xea9cb0bb5ef103d9c326b4091ae66af00308a131a498429ccb8509d0e3f9fde5
2023-03-27 02:37:36,False,3.594e-05,1.096e-08,651634.0,0.0714,0x92...453e,https://bscscan.com/tx/0x9decec0b076f35529ef4fa4a5d7718d04b3ee81a1d03cbc4566cec42572af5bc
2023-03-27 02:37:36,False,3.594e-05,1.096e-08,5237.25,5.743e-05,0x92...453e,https://bscscan.com/tx/0x9decec0b076f35529ef4fa4a5d7718d04b3ee81a1d03cbc4566cec42572af5bc
2023-03-27 02:36:27,True,3.611e-05,1.102e-08,1441912.0,0.1589,0xe7...98f6,https://bscscan.com/tx/0xce4f37ef26d24172a2443aa98358d63bdd82680741308222192c41a57483c40f
2023-03-27 02:36:18,False,3.612e-05,1.096e-08,496315.0,0.0544,0x1e...5d8d,https://bscscan.com/tx/0xcd4a4322ec44aec6e1095d4de2710648305b999c999c5dcca1d57fccefb84f28
2023-03-27 02:36:18,False,3.612e-05,1.096e-08,62294.1,0.0068,0x1e...5d8d,https://bscscan.com/tx/0xcd4a4322ec44aec6e1095d4de2710648305b999c999c5dcca1d57fccefb84f28
2023-03-27 02:34:18,True,3.63e-05,1.102e-08,243471.0,0.0268,0xc4...c5da,https://bscscan.com/tx/0xe5475100d686449fc1d29bd90e7349487a211507c07503de2bca9b39fa539b90
2023-03-27 02:29:12,True,3.612e-05,1.102e-08,181464.0,0.02,0x9d...4d76,https://bscscan.com/tx/0x0bdc275956f2c9b49dec1d32dfcc5d1bf9449e7915c0e85769cfc5139a1b0b3d
2023-03-27 02:27:03,True,3.63e-05,1.102e-08,80143.4,0.0088,0x15...4042,https://bscscan.com/tx/0x15facfea3ea1fa129f0377f96e90f063163743737f67c4677eb668cbb5b0269a
2023-03-27 02:17:09,True,3.629e-05,1.102e-08,90000.0,0.0099,0xe7...458d,https://bscscan.com/tx/0xcdd1b359c29928083af180aeb4f807bd898d4fb7626cd0cec3d40903b3d0afc7
2023-03-27 02:16:24,True,3.611e-05,1.102e-08,90000.0,0.0099,0xe7...458d,https://bscscan.com/tx/0x8a0d925779ecca40904e4cbc558fd9bf24c73ca7ee92352cda70ee45df311a22
2023-03-27 02:10:18,False,3.594e-05,1.096e-08,13259515.0,1.45432,0x4c...9e4b,https://bscscan.com/tx/0xf1f1ec13506814030e9f2a2b00214d19731968659fdc121e08a86d54d8f6d935
2023-03-27 02:10:18,False,3.595e-05,1.096e-08,1096.29,1.202e-05,0x4c...9e4b,https://bscscan.com/tx/0xf1f1ec13506814030e9f2a2b00214d19731968659fdc121e08a86d54d8f6d935
2023-03-27 02:08:45,False,3.613e-05,1.096e-08,404817.0,0.0444,0xdd...2d9d,https://bscscan.com/tx/0xa05485a71d8243d103fc7b7974807c930c5e6060c1762e1c49def8b34a864d21
2023-03-27 02:08:45,False,3.613e-05,1.096e-08,9775.83,0.001,0xdd...2d9d,https://bscscan.com/tx/0xa05485a71d8243d103fc7b7974807c930c5e6060c1762e1c49def8b34a864d21
2023-03-27 02:06:18,True,3.613e-05,1.102e-08,317459.0,0.035,0x75...33cd,https://bscscan.com/tx/0x72175536a5a30e53d111d57ee44afb3ffa496a673336a64cddf67888f56b0c97
2023-03-27 02:04:51,True,3.631e-05,1.102e-08,85529.2,0.0094,0x8c...d228,https://bscscan.com/tx/0x7c2de87fe6e1292b5111b80820c9e50206f7985b0e367f294d80c2c5b21ae042
2023-03-27 02:02:51,True,3.631e-05,1.102e-08,217689.0,0.024,0x78...acfa,https://bscscan.com/tx/0xe09e215afee9d79f16ebc0d206b8940902bae47185187de42f2989c78ea7740b
2023-03-27 02:02:51,False,3.613e-05,1.097e-08,2991000.0,0.3281,0x19...66fd,https://bscscan.com/tx/0xb4a44ede0d29f376bec96646b293438cb9b6084633bdd9ba289aa5c83190adfa
2023-03-27 02:02:51,False,3.613e-05,1.097e-08,174640.0,0.0191,0x19...66fd,https://bscscan.com/tx/0xb4a44ede0d29f376bec96646b293438cb9b6084633bdd9ba289aa5c83190adfa
2023-03-27 02:01:45,True,3.61e-05,1.102e-08,39926127.0,4.4,0xc6...db45,https://bscscan.com/tx/0xd21e31c10646cf6ad9aa1051ed51c34db4a1a23e77f8f0e52f4d275ab0096267
2023-03-27 02:01:45,True,3.609e-05,1.101e-08,1154549.0,0.1271,0x8c...d228,https://bscscan.com/tx/0x27a2e429f828392728294964464aa7c2d7bad46657dad50b3f5fc4d7ebd216ff
2023-03-27 01:58:06,False,3.592e-05,1.096e-08,23529905.0,2.57954,0x17...8009,https://bscscan.com/tx/0x4ded86e4f1ae16c92b84fc52c9f5a321a56d3ef6440c07d1c20c46cb0407a5b1
2023-03-27 01:58:06,False,3.593e-05,1.096e-08,17598.3,0.0019,0x17...8009,https://bscscan.com/tx/0x4ded86e4f1ae16c92b84fc52c9f5a321a56d3ef6440c07d1c20c46cb0407a5b1
2023-03-27 01:56:51,False,3.593e-05,1.096e-08,6498346.0,0.7126,0x1a...8bc9,https://bscscan.com/tx/0xcd2efdc7da5d247a80ab627ce828ebd37f3b5e158fe5d6eca4ca8347038087e2
2023-03-27 01:56:51,False,3.593e-05,1.096e-08,2498.36,2.74e-05,0x1a...8bc9,https://bscscan.com/tx/0xcd2efdc7da5d247a80ab627ce828ebd37f3b5e158fe5d6eca4ca8347038087e2
2023-03-27 01:47:00,True,3.611e-05,1.102e-08,226804.0,0.025,0x08...7c56,https://bscscan.com/tx/0xdad9360ed9c912cc08339b0e79f863925ba880b7cb542f4a17ce96c7c8065d90
2023-03-27 01:46:57,False,3.611e-05,1.096e-08,696417.0,0.0763,0x82...7f8c,https://bscscan.com/tx/0x45568df7daaf3c8c15542d93138bc61c11e62447df232528b96ce2cb8c746296
2023-03-27 01:46:57,False,3.611e-05,1.096e-08,37125.0,0.004,0x82...7f8c,https://bscscan.com/tx/0x45568df7daaf3c8c15542d93138bc61c11e62447df232528b96ce2cb8c746296
2023-03-27 01:46:18,False,3.594e-05,1.096e-08,13708750.0,1.50381,0x4a...b087,https://bscscan.com/tx/0x1da7eb515d03f83cdb959a74af5bf451e75c1a4256a1cfa73dc3bedcf91d8970
2023-03-27 01:46:18,False,3.594e-05,1.097e-08,32776.9,0.0036,0x4a...b087,https://bscscan.com/tx/0x1da7eb515d03f83cdb959a74af5bf451e75c1a4256a1cfa73dc3bedcf91d8970
2023-03-27 01:43:36,True,3.612e-05,1.102e-08,6280366.0,0.6924,0xa9...c746,https://bscscan.com/tx/0x76d1731313859efff0c70e04f399a281a36966ed61664a169d27b05c5880adef
2023-03-27 01:43:27,True,3.63e-05,1.102e-08,235000.0,0.0259,0xaf...e16a,https://bscscan.com/tx/0x78004ae0aa0200d209e088d78f02b0b201f0b65adfa31a25500c915698ed7249
2023-03-27 01:41:06,True,3.611e-05,1.102e-08,2630513.0,0.29,0xb9...fe70,https://bscscan.com/tx/0xc111402d07cd68c985ba5d965f8f7b693e26e9d31034a68aefd7f8373b3385b2
2023-03-27 01:35:57,True,3.612e-05,1.102e-08,2145456.0,0.2365,0xc9...f135,https://bscscan.com/tx/0x1956b58d611437e296d319483a98eb0952811b4184250aab0d50d555b69a1b87
2023-03-27 01:35:51,False,3.594e-05,1.096e-08,279160.0,0.0306,0xd5...7de6,https://bscscan.com/tx/0x5fd422964bd418591822bbf74243e4d69bd12d57ab08cbc5cc394b018fe878ab
2023-03-27 01:35:51,False,3.594e-05,1.096e-08,34459.1,0.0037,0xd5...7de6,https://bscscan.com/tx/0x5fd422964bd418591822bbf74243e4d69bd12d57ab08cbc5cc394b018fe878ab
2023-03-27 01:35:15,False,3.613e-05,1.097e-08,12724327.0,1.39589,0xf5...7fed,https://bscscan.com/tx/0x13a5f57310e323858c5ee54d73a7c49f208bea9a29ccdb9d7e6bf0cae01934e4
2023-03-27 01:35:15,False,3.613e-05,1.097e-08,23473.1,0.0025,0xf5...7fed,https://bscscan.com/tx/0x13a5f57310e323858c5ee54d73a7c49f208bea9a29ccdb9d7e6bf0cae01934e4
2023-03-27 01:29:36,True,3.613e-05,1.102e-08,108823.0,0.012,0x26...1849,https://bscscan.com/tx/0x8eb9e2aca6b7bb1a9b14241c5f7eaabb7a126df8c900f3fa09a1377bf5f5bff3
2023-03-27 01:29:33,False,3.595e-05,1.097e-08,8559154.0,0.9392,0x1a...74db,https://bscscan.com/tx/0x0529ad826874eebfdcb88e2db67e6a6ce800d3d27aed359f8f66a5ca057dd5aa
2023-03-27 01:29:33,False,3.596e-05,1.097e-08,5098.04,5.594e-05,0x1a...74db,https://bscscan.com/tx/0x0529ad826874eebfdcb88e2db67e6a6ce800d3d27aed359f8f66a5ca057dd5aa
2023-03-27 01:20:54,True,3.631e-05,1.102e-08,1375621.0,0.1517,0x81...3308,https://bscscan.com/tx/0xa3f51c9b3cf2ef3ff97e9957d89db7834bbd50f3bfd8bf12454db218c6989f8a
2023-03-27 01:19:24,False,3.592e-05,1.097e-08,341398.0,0.0374,0x89...93b1,https://bscscan.com/tx/0xb52d68743b93f3472de5caa2c5ddfaeadd4f0820411f26b30ada31d13d44f263
2023-03-27 01:19:24,False,3.592e-05,1.097e-08,25262.6,0.0027,0x89...93b1,https://bscscan.com/tx/0xb52d68743b93f3472de5caa2c5ddfaeadd4f0820411f26b30ada31d13d44f263
2023-03-27 01:19:09,True,3.61e-05,1.102e-08,1300000.0,0.1433,0x84...65cc,https://bscscan.com/tx/0x27674ffd2e1767515f1b39527f330457ed4325c9588bc7d505eb9a9ae1efde17
2023-03-27 01:06:36,False,3.61e-05,1.097e-08,2360355.0,0.259,0x18...b278,https://bscscan.com/tx/0x0d8fcfe1db16f2309627b26f202ebde4b707f6e9f6008d01b5cb5e98185bd54f
2023-03-27 01:06:36,False,3.61e-05,1.097e-08,15537.3,0.0017,0x18...b278,https://bscscan.com/tx/0x0d8fcfe1db16f2309627b26f202ebde4b707f6e9f6008d01b5cb5e98185bd54f
2023-03-27 00:59:33,True,3.628e-05,1.102e-08,95492.8,0.0105,0x51...8309,https://bscscan.com/tx/0xd4c758110a2ba84dcf52700470d260177e539cb6492e5a7c07b23770c02c3b3c
2023-03-27 00:49:45,True,3.628e-05,1.102e-08,4533625.0,0.5,0xb3...5eb4,https://bscscan.com/tx/0xbf025279a0504818e7ce7dfa0ba9c88b090742072f06b965f9bb7b6599ac4757
2023-03-27 00:48:51,False,3.592e-05,1.097e-08,1122064.0,0.1231,0xf3...b1a0,https://bscscan.com/tx/0x298bd474c6684abfb144deb91e939e1a0cd986cf01ec476cdf36f4387523794e
2023-03-27 00:48:51,False,3.592e-05,1.097e-08,4529.16,4.969e-05,0xf3...b1a0,https://bscscan.com/tx/0x298bd474c6684abfb144deb91e939e1a0cd986cf01ec476cdf36f4387523794e
2023-03-27 00:47:36,False,3.61e-05,1.097e-08,1672435.0,0.1835,0xff...59a4,https://bscscan.com/tx/0x75916445eb53f528008513b44e9b6aabbb780d88e0aa12a42251f9e8a6c61511
2023-03-27 00:47:36,False,3.61e-05,1.097e-08,6502.31,7.135e-05,0xff...59a4,https://bscscan.com/tx/0x75916445eb53f528008513b44e9b6aabbb780d88e0aa12a42251f9e8a6c61511
2023-03-27 00:41:00,False,3.592e-05,1.097e-08,2401040.0,0.2634,0x58...8320,https://bscscan.com/tx/0x83f25391665896916f623837a6bde7f6496b36edeb82b3359fb635b0096e4cfd
2023-03-27 00:41:00,False,3.592e-05,1.097e-08,21943.5,0.0024,0x58...8320,https://bscscan.com/tx/0x83f25391665896916f623837a6bde7f6496b36edeb82b3359fb635b0096e4cfd
2023-03-27 00:37:48,False,3.593e-05,1.097e-08,8102833.0,0.8893,0x9d...922c,https://bscscan.com/tx/0x3d84d10aedec9c788b104fe5985b0188823990a5146ac8c8a4d9bc3dbdbb64e8
2023-03-27 00:37:48,False,3.593e-05,1.097e-08,504.059,5.532e-06,0x9d...922c,https://bscscan.com/tx/0x3d84d10aedec9c788b104fe5985b0188823990a5146ac8c8a4d9bc3dbdbb64e8
2023-03-27 00:36:24,False,3.612e-05,1.097e-08,186128.0,0.0204,0x0b...f035,https://bscscan.com/tx/0xfdcceb168b4de59c5024386b1bae45fcea9044cae87e2e1b6d12a073ef53b8eb
2023-03-27 00:36:24,False,3.612e-05,1.097e-08,1464.14,1.607e-05,0x0b...f035,https://bscscan.com/tx/0xfdcceb168b4de59c5024386b1bae45fcea9044cae87e2e1b6d12a073ef53b8eb
2023-03-27 00:35:00,False,3.594e-05,1.097e-08,540646.0,0.0593,0x3b...bd98,https://bscscan.com/tx/0xe3076c2e0389c5dcd989ff30f94152ec830f7199c6d0c6bc3183a0bcb1fdbfc5
2023-03-27 00:35:00,False,3.594e-05,1.097e-08,3366.4,3.695e-05,0x3b...bd98,https://bscscan.com/tx/0xe3076c2e0389c5dcd989ff30f94152ec830f7199c6d0c6bc3183a0bcb1fdbfc5
2023-03-27 00:33:06,True,3.613e-05,1.103e-08,280765.0,0.0309,0x15...668f,https://bscscan.com/tx/0xa8eeac7f6d4ec83f0b51a943131370657ab5533f7d7ed5adad58db04002cc693
2023-03-27 00:30:12,True,3.612e-05,1.103e-08,136000.0,0.015,0x36...cd8a,https://bscscan.com/tx/0xcc5850c259648a4e1ab348996f10f97434d4bfd68f217b166f2d8fc0412097e3
2023-03-27 00:29:51,False,3.594e-05,1.097e-08,827559.0,0.0908,0xca...04ec,https://bscscan.com/tx/0x8b6882d30b096d19c4245902b3d7e4131c1a519fa1eebcca82a7df268ea586dc
2023-03-27 00:29:51,False,3.594e-05,1.097e-08,1951.73,2.142e-05,0xca...04ec,https://bscscan.com/tx/0x8b6882d30b096d19c4245902b3d7e4131c1a519fa1eebcca82a7df268ea586dc
2023-03-27 00:27:09,False,3.612e-05,1.097e-08,720694.0,0.0791,0xf3...c3da,https://bscscan.com/tx/0x85b6d613788570a58472ea6eec5d913cd3908571c23a3862ad337fc6af42631f
2023-03-27 00:27:09,False,3.612e-05,1.097e-08,7519.94,8.254e-05,0xf3...c3da,https://bscscan.com/tx/0x85b6d613788570a58472ea6eec5d913cd3908571c23a3862ad337fc6af42631f
2023-03-27 00:25:30,True,3.63e-05,1.103e-08,2685163.0,0.2962,0xd6...78f7,https://bscscan.com/tx/0xc9b31d82ae3fff282f73184cfe14980953653687090ba7d8d38392f31d616932
2023-03-27 00:21:51,False,3.609e-05,1.097e-08,99700.0,0.0109,0x8a...7823,https://bscscan.com/tx/0x7d979a89f2d2c37d2a0584c2e7fdc3deddd7f9bd73bc4d47ace7d31250f2d084
2023-03-27 00:21:51,False,3.609e-05,1.097e-08,26.919,2.954e-07,0x8a...7823,https://bscscan.com/tx/0x7d979a89f2d2c37d2a0584c2e7fdc3deddd7f9bd73bc4d47ace7d31250f2d084
2023-03-27 00:20:36,False,3.61e-05,1.097e-08,9940.09,0.001,0xfd...81c7,https://bscscan.com/tx/0x02580b3d78ed83b2a80b666fa59874cdef25965fe4a49fe158690837281f8bc4
2023-03-27 00:20:36,False,3.61e-05,1.097e-08,70689.7,0.0077,0xfd...81c7,https://bscscan.com/tx/0x02580b3d78ed83b2a80b666fa59874cdef25965fe4a49fe158690837281f8bc4
2023-03-27 00:20:36,True,3.628e-05,1.103e-08,2232238.0,0.2462,0xaf...a769,https://bscscan.com/tx/0x2bd539b4d86101fb3cec0f2bfa65322d46705c5f425e8aa19e72bb0b0fc661b1
2023-03-27 00:18:54,True,3.628e-05,1.103e-08,58925.4,0.0065,0x5c...3c39,https://bscscan.com/tx/0x464f7ec5beb1c0c5bec3db73123824772b205c537e83c38c494ed6142397650f
2023-03-27 00:16:39,False,3.593e-05,1.097e-08,23572771.0,2.58805,0x9d...c700,https://bscscan.com/tx/0x55671114ac4dfe7655f84b7aa8ba494861c00fd28daacc3f19b6dbcf1816adb7
2023-03-27 00:16:39,False,3.594e-05,1.098e-08,18292.0,0.002,0x9d...c700,https://bscscan.com/tx/0x55671114ac4dfe7655f84b7aa8ba494861c00fd28daacc3f19b6dbcf1816adb7
2023-03-27 00:15:00,False,3.612e-05,1.098e-08,6754479.0,0.7418,0x89...84fd,https://bscscan.com/tx/0x74050e9336c9853cca2730f41bc6deadc519a9f2d9d325eb1df518c0ad502a72
2023-03-27 00:15:00,False,3.612e-05,1.098e-08,42906.9,0.0047,0x89...84fd,https://bscscan.com/tx/0x74050e9336c9853cca2730f41bc6deadc519a9f2d9d325eb1df518c0ad502a72
2023-03-27 00:13:12,True,3.624e-05,1.103e-08,9059734.0,1.0,0x6a...5aa4,https://bscscan.com/tx/0x951e880faa5c4fa2d8ef664580215f072278753b0aeb179fdf50d25b7bc2a314
2023-03-27 00:10:24,False,3.602e-05,1.098e-08,6811221.0,0.748,0xe4...6a17,https://bscscan.com/tx/0xd35154d175835f4d071f7a43694f78a4b37e7886f91eb3969121b0c037d4660b
2023-03-27 00:10:24,False,3.603e-05,1.098e-08,1884.33,2.069e-05,0xe4...6a17,https://bscscan.com/tx/0xd35154d175835f4d071f7a43694f78a4b37e7886f91eb3969121b0c037d4660b
2023-03-27 00:08:24,False,3.603e-05,1.098e-08,695806.0,0.0764,0xd4...3496,https://bscscan.com/tx/0xca184b4644b8f2d8fcf98373cbed8f3b139395f541ada35829a4f45e22273ac6
2023-03-27 00:08:24,False,3.603e-05,1.098e-08,5054.23,5.551e-05,0xd4...3496,https://bscscan.com/tx/0xca184b4644b8f2d8fcf98373cbed8f3b139395f541ada35829a4f45e22273ac6
2023-03-27 00:07:15,False,3.603e-05,1.098e-08,1582802.0,0.1738,0x16...ce7e,https://bscscan.com/tx/0x7f25c6937d9d43791d16b9bbbff7c5b17b72e2b33eed41bdb2c421b707f37c46
2023-03-27 00:07:15,False,3.603e-05,1.098e-08,9752.39,0.001,0x16...ce7e,https://bscscan.com/tx/0x7f25c6937d9d43791d16b9bbbff7c5b17b72e2b33eed41bdb2c421b707f37c46
2023-03-27 00:05:15,True,3.621e-05,1.103e-08,773273.0,0.0853,0x03...74cc,https://bscscan.com/tx/0xc2a1008f8db60d9317ba04b580f9115eb861dfa238912e07529398e637aaadb8
2023-03-27 00:05:12,True,3.62e-05,1.103e-08,1716795.0,0.1895,0x36...0bc4,https://bscscan.com/tx/0x8c996b20803439d0018053eb0ee522f93cc8180d5c9e1b6d4f10c111f53c4609
2023-03-27 00:03:48,False,3.584e-05,1.098e-08,310967.0,0.0341,0x0c...c856,https://bscscan.com/tx/0x636c0466402144fd234a33c99aefcecf184f7d6f63b06d43695db96bce477125
2023-03-27 00:03:48,False,3.584e-05,1.098e-08,3189.64,3.503e-05,0x0c...c856,https://bscscan.com/tx/0x636c0466402144fd234a33c99aefcecf184f7d6f63b06d43695db96bce477125
2023-03-27 00:02:33,True,3.62e-05,1.103e-08,1103757.0,0.1218,0x91...7139,https://bscscan.com/tx/0x1cb58cd955d106260af0eb29b4754b2f2bb391882e5fcaae672e4b7ae60d7058
2023-03-26 23:58:24,False,3.585e-05,1.098e-08,77358.5,0.0085,0x0c...e56e,https://bscscan.com/tx/0x625c1d50cca6e58f587695b0996c0208523c9078474acbd3c3e8a3f7dfb58862
2023-03-26 23:58:24,False,3.585e-05,1.098e-08,9804.01,0.001,0x0c...e56e,https://bscscan.com/tx/0x625c1d50cca6e58f587695b0996c0208523c9078474acbd3c3e8a3f7dfb58862
2023-03-26 23:54:24,True,3.604e-05,1.103e-08,1811911.0,0.2,0xe5...f3f4,https://bscscan.com/tx/0x3bb45b87bf21b717dc3c9e52351c706da2aa6402b623ec6830bf437b466a5096
2023-03-26 23:53:09,True,3.622e-05,1.103e-08,154560.0,0.017,0x9c...f3c2,https://bscscan.com/tx/0x67b5a4ac3969c6a9863e4ec63845085ff631dbf311d9fe87465efd80ebf55230
2023-03-26 23:38:26,True,3.62e-05,1.103e-08,63419.1,0.007,0xe4...c077,https://bscscan.com/tx/0x3fbd77643128fafe78ba2a802e29050bb25e362e408627a69f7169c6529a52ba
2023-03-26 23:37:59,True,3.62e-05,1.103e-08,18119.8,0.002,0x15...3df7,https://bscscan.com/tx/0x025553af67bb96066ccb57388911b497bec3f2092a0578e4b31cbef692453cd4
2023-03-26 23:35:23,True,3.602e-05,1.103e-08,692408.0,0.0764,0xe4...c077,https://bscscan.com/tx/0x783ddc1f6b77cb4e2f933ecd51899b2d6b00ffabcd8fbba147ff8e939200d285
2023-03-26 23:34:11,False,3.602e-05,1.098e-08,287544.0,0.0315,0xe2...bfcd,https://bscscan.com/tx/0x1c46e8125fec75b9bd6e11c209f86f711f5988c3dd05897135b9d88e01ffb455
2023-03-26 23:34:11,False,3.602e-05,1.098e-08,1471.54,1.616e-05,0xe2...bfcd,https://bscscan.com/tx/0x1c46e8125fec75b9bd6e11c209f86f711f5988c3dd05897135b9d88e01ffb455
2023-03-26 23:31:08,False,3.584e-05,1.098e-08,543378.0,0.0596,0xab...4ee4,https://bscscan.com/tx/0xbcfdebcfd6a222ba398c97178900bf4fbc337ff81ca18a1c952f7bedba8499d0
2023-03-26 23:31:08,False,3.584e-05,1.098e-08,205200.0,0.0225,0xab...4ee4,https://bscscan.com/tx/0xbcfdebcfd6a222ba398c97178900bf4fbc337ff81ca18a1c952f7bedba8499d0
2023-03-26 23:29:47,False,3.585e-05,1.099e-08,75772000.0,8.32948,0xf9...addd,https://bscscan.com/tx/0x591cfe64a3f69b06e6ea1a07a8d91390cb68aea8d513220746511306316149b1
2023-03-26 23:29:47,False,3.589e-05,1.1e-08,3489.56,3.839e-05,0xf9...addd,https://bscscan.com/tx/0x591cfe64a3f69b06e6ea1a07a8d91390cb68aea8d513220746511306316149b1
2023-03-26 23:24:59,True,3.625e-05,1.105e-08,20000.0,0.0022,0x15...3df7,https://bscscan.com/tx/0x14e61ddc6fbba707b4bd58475aa6643e30960aa0c811f1f5e3104d9116b365a9
2023-03-26 23:22:53,False,3.606e-05,1.1e-08,1268612.0,0.1395,0x1e...890b,https://bscscan.com/tx/0x3643bf8cf68728d9ca00f0002166ff6ca0e3169467d509432f9221be20406941
2023-03-26 23:22:53,False,3.606e-05,1.1e-08,1596.42,1.756e-05,0x1e...890b,https://bscscan.com/tx/0x3643bf8cf68728d9ca00f0002166ff6ca0e3169467d509432f9221be20406941
2023-03-26 23:19:50,False,3.588e-05,1.1e-08,589494.0,0.0648,0x39...c745,https://bscscan.com/tx/0xdb33a936a36a808a4563ef73ae74a85136f8ab99bb7c099388b59702ff8fc74b
2023-03-26 23:19:50,False,3.588e-05,1.1e-08,93.15,1.024e-06,0x39...c745,https://bscscan.com/tx/0xdb33a936a36a808a4563ef73ae74a85136f8ab99bb7c099388b59702ff8fc74b
2023-03-26 23:19:17,False,3.588e-05,1.1e-08,34396.5,0.0037,0xfd...28a9,https://bscscan.com/tx/0xd0aae3afda1443203b7d241359ae40fb4f20c854472ace2049cc8e0151288193
2023-03-26 23:19:17,False,3.588e-05,1.1e-08,5443.29,5.989e-05,0xfd...28a9,https://bscscan.com/tx/0xd0aae3afda1443203b7d241359ae40fb4f20c854472ace2049cc8e0151288193
2023-03-26 23:17:50,False,3.606e-05,1.1e-08,1824678.0,0.2007,0xcd...c1f3,https://bscscan.com/tx/0x1dd9df7d304e4c29cc6286f5ecd266a08ddaf1cd181e4cda31489d1e0540c308
2023-03-26 23:17:50,False,3.606e-05,1.1e-08,213341.0,0.0234,0xcd...c1f3,https://bscscan.com/tx/0x1dd9df7d304e4c29cc6286f5ecd266a08ddaf1cd181e4cda31489d1e0540c308
2023-03-26 23:16:02,True,3.624e-05,1.105e-08,165527.0,0.0183,0xa3...6060,https://bscscan.com/tx/0xd7f99fd4ecc718fbc258e21f77d697b432758b37841c9a56c0ccf512f97bb04c
2023-03-26 23:14:05,True,3.624e-05,1.105e-08,2622330.0,0.29,0xe6...1361,https://bscscan.com/tx/0x7b81ebb4ceaa3ef242c02c7c849c9c39d07728c3416c373e8a1deecd6dedee0c
2023-03-26 23:13:20,True,3.624e-05,1.105e-08,138115.0,0.0152,0x48...7744,https://bscscan.com/tx/0xcdb9826b1d97e8e060bf045dd5d81f97991c63cf9047d06d5221820edb528f7b
2023-03-26 23:12:50,True,3.624e-05,1.105e-08,806901.0,0.0892,0x91...de1d,https://bscscan.com/tx/0x5bb598fba61cc2398bc9861486d1f8e97041fa5c45e5eb46a0fc00502652f547
2023-03-26 23:10:32,True,3.608e-05,1.106e-08,159880.0,0.0176,0x74...8379,https://bscscan.com/tx/0xb4ee5c8520e70cab3c771ccc753e7c875231942dc7d661b57022caf5ac19a6c0
2023-03-26 23:10:08,True,3.624e-05,1.105e-08,2984316.0,0.33,0x36...8df7,https://bscscan.com/tx/0x36591ffe23300f73d32ecc6bfc8a590b34620dedf166ac3976bf6cc79e8ce8e4
2023-03-26 23:09:35,True,3.605e-05,1.105e-08,2762744.0,0.3054,0xeb...228b,https://bscscan.com/tx/0xd0d27f783fd0cf03002b934a01465589a7980acca6d9ec5e426d30dffac56920
2023-03-26 22:58:50,True,3.623e-05,1.105e-08,298464.0,0.033,0xa7...f0a3,https://bscscan.com/tx/0x4cc6d3eafa85fb398c9dd03bef078600f326764f0c240f816f81a16f5aa11292
2023-03-26 22:58:29,True,3.621e-05,1.104e-08,49864294.0,5.50991,0x40...058b,https://bscscan.com/tx/0x93f96bfd0c14ed82b9d7da8b6719062ab76a272109f961efac217e1426b4967e
2023-03-26 22:58:26,True,3.618e-05,1.104e-08,10851425.0,1.19817,0x17...5ecd,https://bscscan.com/tx/0xea127b1f0e7eeb538bc90cffffb104b1c17843a035216785d631f916cd7ff85a
2023-03-26 22:57:11,False,3.582e-05,1.098e-08,7928672.0,0.871,0xe8...7311,https://bscscan.com/tx/0xcc449226b4973d03e42554e8fc38dc6f6809b36720652f5fdbb396174a10def4
2023-03-26 22:57:11,False,3.582e-05,1.098e-08,7983.32,8.771e-05,0xe8...7311,https://bscscan.com/tx/0xcc449226b4973d03e42554e8fc38dc6f6809b36720652f5fdbb396174a10def4
2023-03-26 22:56:29,False,3.583e-05,1.098e-08,2947914.0,0.3239,0x2e...981b,https://bscscan.com/tx/0xf0d194a60ac0ac2f39826a48a8588c8366a4fd4c3e1c97a6083246cc85928a56
2023-03-26 22:56:29,False,3.583e-05,1.098e-08,34770.7,0.0038,0x2e...981b,https://bscscan.com/tx/0xf0d194a60ac0ac2f39826a48a8588c8366a4fd4c3e1c97a6083246cc85928a56
2023-03-26 22:53:17,True,3.618e-05,1.104e-08,12180132.0,1.34486,0xe3...8a76,https://bscscan.com/tx/0x3359bab59cdb4a239e7d30468253741559d43a9aa2fff734b73f8b6545e70b3c
2023-03-26 22:53:08,False,3.6e-05,1.098e-08,695806.0,0.0764,0x9f...374c,https://bscscan.com/tx/0x22d212a7c5434868c00bea98b7673e7f2a6ea0cb4d2fd6720a26823433464328
2023-03-26 22:53:08,False,3.6e-05,1.098e-08,13849.0,0.0015,0x9f...374c,https://bscscan.com/tx/0x22d212a7c5434868c00bea98b7673e7f2a6ea0cb4d2fd6720a26823433464328
2023-03-26 22:51:05,True,3.601e-05,1.103e-08,2763758.0,0.3051,0xd8...24de,https://bscscan.com/tx/0x124e925b649174465770f4d2cf8ef83008f15fda81ac6c55c3d9c20dd6a5ea15
2023-03-26 22:50:11,False,3.602e-05,1.098e-08,2358386.0,0.259,0x2f...8846,https://bscscan.com/tx/0x42af3da5a9c12dcce4e61bfeb4f310184528110667dac927be3f3622ca7c80a6
2023-03-26 22:50:11,False,3.602e-05,1.098e-08,50872.4,0.0055,0x2f...8846,https://bscscan.com/tx/0x42af3da5a9c12dcce4e61bfeb4f310184528110667dac927be3f3622ca7c80a6
2023-03-26 22:44:59,True,3.622e-05,1.103e-08,1005457.0,0.111,0x48...f0d7,https://bscscan.com/tx/0x19b98f61574b0bb0459e43affecedb1a89589e298973b5f1b6aad9401ef52b3d
2023-03-26 22:43:29,True,3.622e-05,1.103e-08,235516.0,0.026,0xda...93df,https://bscscan.com/tx/0x46c98e78a58f45b2dd82b9709c9ed936ef07418a964cb3fe2564bfba3e5fc65b
2023-03-26 22:43:26,True,3.622e-05,1.103e-08,276085.0,0.0304,0x42...50cf,https://bscscan.com/tx/0x0b7f83a272f08b0819d9881c07289fe27163af569e525e8a1ce7344827b4efb6
2023-03-26 22:42:50,True,3.603e-05,1.103e-08,1905228.0,0.2103,0x35...f5c8,https://bscscan.com/tx/0x936502b8b109bfe4bb7c6fff54c02645125c13aa922ad88c40f01f2a8efea9e9
2023-03-26 22:40:32,False,3.605e-05,1.098e-08,14250363.0,1.56551,0xca...95b3,https://bscscan.com/tx/0xf91fb89b55662abd1b7888d28d450c34912459aa6eabdc387ac4a8d06bc54397
2023-03-26 22:40:32,False,3.605e-05,1.098e-08,733.735,8.062e-06,0xca...95b3,https://bscscan.com/tx/0xf91fb89b55662abd1b7888d28d450c34912459aa6eabdc387ac4a8d06bc54397
2023-03-26 22:37:35,False,3.589e-05,1.098e-08,270939.0,0.0297,0xa1...668a,https://bscscan.com/tx/0xeae26bc24cf89ca1027677f2997348d80b6ff1b7ca674538ac1199b9816c365b
2023-03-26 22:37:35,False,3.589e-05,1.098e-08,7950.62,8.735e-05,0xa1...668a,https://bscscan.com/tx/0xeae26bc24cf89ca1027677f2997348d80b6ff1b7ca674538ac1199b9816c365b
2023-03-26 22:36:26,True,3.626e-05,1.104e-08,1377345.0,0.1521,0xa9...17df,https://bscscan.com/tx/0x30c623fab246031ff049cb32d894a5061a0fb7353f29d5a6888fa58d417d7d67
2023-03-26 22:34:20,False,3.59e-05,1.098e-08,1562628.0,0.1717,0xa8...2243,https://bscscan.com/tx/0xb24ff5cde728d8f330317efd41da3c376cc9cfea28207a4031e3514eab79ccb0
2023-03-26 22:34:20,False,3.59e-05,1.098e-08,10853.7,0.0011,0xa8...2243,https://bscscan.com/tx/0xb24ff5cde728d8f330317efd41da3c376cc9cfea28207a4031e3514eab79ccb0
2023-03-26 22:32:27,True,3.608e-05,1.104e-08,320797.0,0.0354,0x3b...d0d5,https://bscscan.com/tx/0x7a04c144c048fc1fd38dd276bc4fb2c338e8cf3d0f8e6c27be66627ee91a39aa
2023-03-26 22:32:27,True,3.608e-05,1.104e-08,699089.0,0.0772,0x84...ef97,https://bscscan.com/tx/0x6fb46defc4ce5a8d5bb2dbf50f526599cec979a453d5d9cbb09659fb0908e108
2023-03-26 22:31:03,False,3.59e-05,1.098e-08,2991000.0,0.3286,0xa8...2243,https://bscscan.com/tx/0x016f66d6bb069278114132d0b1a48c9471514f5cc3f7f7b9e706b353456cb178
2023-03-26 22:31:03,False,3.59e-05,1.098e-08,6292.5,6.914e-05,0xa8...2243,https://bscscan.com/tx/0x016f66d6bb069278114132d0b1a48c9471514f5cc3f7f7b9e706b353456cb178
2023-03-26 22:28:33,False,3.59e-05,1.098e-08,2323564.0,0.2553,0x48...fe33,https://bscscan.com/tx/0xfb21cc769f71c1c79ecc087bc4fed392490e815bcb88f67f9b3bce75fa97f344
2023-03-26 22:28:24,False,3.591e-05,1.098e-08,7809594.0,0.8582,0xd4...cc47,https://bscscan.com/tx/0x3c75cfc39b1b4cafa2b0a1e51f994340811f799c346fa250d3a95c184c07def0
2023-03-26 22:28:24,False,3.591e-05,1.099e-08,369034.0,0.0405,0xd4...cc47,https://bscscan.com/tx/0x3c75cfc39b1b4cafa2b0a1e51f994340811f799c346fa250d3a95c184c07def0
2023-03-26 22:27:47,True,3.627e-05,1.104e-08,658625.0,0.0727,0x36...4987,https://bscscan.com/tx/0xf4f7160ed6a0694428e22cc6efd9096cf12aac5a78eb2f1a5b8bb687d9321acd
2023-03-26 22:24:36,True,3.622e-05,1.102e-08,136020651.0,15.0,0xa8...919f,https://bscscan.com/tx/0x5ff05b5e47d1063fec67f6027904730f75b80d577bb49727bad4e55fee2ece71
2023-03-26 22:24:36,False,3.598e-05,1.095e-08,5956781.0,0.6525,0x00...24dd,https://bscscan.com/tx/0x30e4444c6c345ed6b32a6d25c3d745668e6539888eaa7dc263d2bcc0c22fefdd
2023-03-26 22:24:36,False,3.598e-05,1.095e-08,124.69,1.366e-06,0x00...24dd,https://bscscan.com/tx/0x30e4444c6c345ed6b32a6d25c3d745668e6539888eaa7dc263d2bcc0c22fefdd
2023-03-26 22:23:33,False,3.58e-05,1.095e-08,46042.9,0.005,0x9a...0c5d,https://bscscan.com/tx/0x8684c98ecfdd70089a8929a133785ffeaba475faee21b99149a693ef5b48a1f1
2023-03-26 22:23:33,False,3.58e-05,1.095e-08,9375.72,0.001,0x9a...0c5d,https://bscscan.com/tx/0x8684c98ecfdd70089a8929a133785ffeaba475faee21b99149a693ef5b48a1f1
2023-03-26 22:23:30,False,3.58e-05,1.095e-08,3462071.0,0.3793,0xb5...3d19,https://bscscan.com/tx/0x16c9d218d56e14bba2dbff4dc7766374b7edb8847cea7965816075794f97597d
2023-03-26 22:23:30,False,3.58e-05,1.095e-08,1485.59,1.627e-05,0xb5...3d19,https://bscscan.com/tx/0x16c9d218d56e14bba2dbff4dc7766374b7edb8847cea7965816075794f97597d
2023-03-26 22:23:06,False,3.598e-05,1.095e-08,548567.0,0.0601,0xa6...5f66,https://bscscan.com/tx/0x833c8d2d4319d3c0517665a639e11663b9e0f783b355bbeb2a15b884475b1223
2023-03-26 22:23:06,False,3.598e-05,1.095e-08,18318.3,0.002,0xa6...5f66,https://bscscan.com/tx/0x833c8d2d4319d3c0517665a639e11663b9e0f783b355bbeb2a15b884475b1223
2023-03-26 22:22:18,True,3.616e-05,1.101e-08,80038.9,0.0088,0x9b...d771,https://bscscan.com/tx/0x219f0802515ce40a3eb6296c5e5bc6ccde32a280e3bff0e1f16e3c3ade5f1905
2023-03-26 22:22:18,True,3.616e-05,1.101e-08,3581074.0,0.3943,0xa8...2243,https://bscscan.com/tx/0x4a875ea9c0616d93be3c0ab3415db66936757b415f69fc736a1e1c393a5bc38b
2023-03-26 22:21:00,True,3.616e-05,1.101e-08,1000000.0,0.1101,0xa8...2243,https://bscscan.com/tx/0xcc0c503d6ad7fc1159581462b93ded20b88243bdd61d409b6c844c3592d35f89
2023-03-26 22:20:00,False,3.598e-05,1.095e-08,2117076.0,0.2319,0x9e...4ffd,https://bscscan.com/tx/0x4cd8d5103cac33d93f543a240d05686c9fbc8fb43c3092fb51a976373add13c8
2023-03-26 22:20:00,False,3.598e-05,1.095e-08,8952.62,9.808e-05,0x9e...4ffd,https://bscscan.com/tx/0x4cd8d5103cac33d93f543a240d05686c9fbc8fb43c3092fb51a976373add13c8
2023-03-26 22:19:00,True,3.598e-05,1.101e-08,1399339.0,0.154,0xcc...3298,https://bscscan.com/tx/0x6fbfb83f5e163bf9d668393cd663802bd99bbadf7d449edcb2a2673be6052d19
2023-03-26 22:18:30,False,3.598e-05,1.095e-08,1910696.0,0.2093,0x7a...9b9b,https://bscscan.com/tx/0xe1e93d6aa369c6e22b450cb7b08c6dc61bad59f8c81156a924cb36c53caf18b2
2023-03-26 22:18:30,False,3.598e-05,1.095e-08,63220.9,0.0069,0x7a...9b9b,https://bscscan.com/tx/0xe1e93d6aa369c6e22b450cb7b08c6dc61bad59f8c81156a924cb36c53caf18b2
2023-03-26 22:17:39,False,3.599e-05,1.095e-08,22507977.0,2.46679,0x89...a9eb,https://bscscan.com/tx/0xbc0e978d15bf227d9b682b0146e122b9e55e38d670404ee456a10be1d1a91a43
2023-03-26 22:17:39,False,3.6e-05,1.096e-08,727774.0,0.0797,0x89...a9eb,https://bscscan.com/tx/0xbc0e978d15bf227d9b682b0146e122b9e55e38d670404ee456a10be1d1a91a43
2023-03-26 22:16:45,True,3.617e-05,1.101e-08,16558124.0,1.82398,0xca...1645,https://bscscan.com/tx/0x9212e3b8dc8f538782b68de368c6a9c58b743b89ae0a6f56e0138fd4e3185505
2023-03-26 22:16:45,True,3.616e-05,1.101e-08,2366121.0,0.2605,0xdd...571b,https://bscscan.com/tx/0xb9b6b5edb621b1d3bde2501eb0270ac1fbed44f822980aef7e34fff6f43d7225
2023-03-26 22:13:00,True,3.615e-05,1.101e-08,130463.0,0.0143,0x15...4042,https://bscscan.com/tx/0x41b56a75cafdccb5cfb321208b97a9497377379782af71572a443ac027511a4f
2023-03-26 22:12:36,True,3.616e-05,1.101e-08,41891.9,0.0046,0x55...6e76,https://bscscan.com/tx/0x68e7889140c7372d41ed02c003f41bd7352499343b9f6b914d79a3a28e95a394
2023-03-26 22:11:48,True,3.616e-05,1.101e-08,120455.0,0.0132,0x3f...fba7,https://bscscan.com/tx/0x699499703431cd088c3a2c3c286010d73de1c45558ebaabce7d605655c0908af
2023-03-26 22:10:00,True,3.615e-05,1.101e-08,9073759.0,0.9991,0x8c...560c,https://bscscan.com/tx/0xd8d78e5a7d91112e2b599fd23b604b703d2cd011ce55275d9c8fe68566745c51
2023-03-26 22:09:24,True,3.615e-05,1.101e-08,552847.0,0.0608,0x2f...beeb,https://bscscan.com/tx/0xca922dd58c44303ec62c1d17b441bcff8d5923f6ef58e941a654afd876199b16
2023-03-26 22:08:57,True,3.587e-05,1.097e-08,226830942.0,24.9051,0x6e...2e00,https://bscscan.com/tx/0xbe363d3a35ad6799293037d96cdb39a0d9f1d781473acd0356d2061c6452a3e9
2023-03-26 22:04:39,True,3.593e-05,1.094e-08,12871328.0,1.40909,0x4d...5589,https://bscscan.com/tx/0xdaef8147d26e765c32290e5379d29244576a34be0f9fb90c909a0ff81e655994
2023-03-26 22:03:36,False,3.575e-05,1.089e-08,997000.0,0.1085,0x6b...9094,https://bscscan.com/tx/0x104f7dec2729d1cd5f895c51dde3bc2156196e4bad7f513a21afa14f18a495ce
2023-03-26 22:03:36,False,3.575e-05,1.089e-08,40197.0,0.0043,0x6b...9094,https://bscscan.com/tx/0x104f7dec2729d1cd5f895c51dde3bc2156196e4bad7f513a21afa14f18a495ce
2023-03-26 22:02:42,True,3.592e-05,1.094e-08,13744776.0,1.50426,0x2e...f345,https://bscscan.com/tx/0xae15af71b6d2d8eb89d3833fabe8da79352042a2ff7bce7958354cac5939b6f7
2023-03-26 22:00:39,True,3.591e-05,1.094e-08,500000.0,0.0547,0x08...a3b2,https://bscscan.com/tx/0x666dca9be96464c3e5f13281c733a2c8bc294e3f28aecb55bf6e4d78cc945033
2023-03-26 21:59:12,False,3.574e-05,1.088e-08,490414.0,0.0533,0x9d...303c,https://bscscan.com/tx/0xfae7da71f7f5ae4739509e48e5ad2af185d878e9efe2c5237e20984c15213a72
2023-03-26 21:59:12,False,3.574e-05,1.088e-08,6346.34,6.909e-05,0x9d...303c,https://bscscan.com/tx/0xfae7da71f7f5ae4739509e48e5ad2af185d878e9efe2c5237e20984c15213a72
2023-03-26 21:58:30,True,3.574e-05,1.094e-08,365551.0,0.04,0x87...5d27,https://bscscan.com/tx/0x7ea890212a99b6e17d688dcc63d2573bec2fc686045a40011449532144eb45af
2023-03-26 21:58:00,True,3.574e-05,1.094e-08,150000.0,0.0164,0x66...90c0,https://bscscan.com/tx/0x3b7c73affed83a0e6cf28715bd857c22bb8a19b31019d8c69235596c8b78d588
2023-03-26 21:57:57,False,3.556e-05,1.088e-08,1829440.0,0.1991,0xe2...815d,https://bscscan.com/tx/0x1a561973f320004c9d802526e44c3e40c77c22540e916a41acf87e32b274ed15
2023-03-26 21:57:57,False,3.556e-05,1.088e-08,3102.58,3.378e-05,0xe2...815d,https://bscscan.com/tx/0x1a561973f320004c9d802526e44c3e40c77c22540e916a41acf87e32b274ed15
2023-03-26 21:57:12,True,3.592e-05,1.094e-08,1005241.0,0.11,0x4f...9a5a,https://bscscan.com/tx/0xe85463750986aa513733d9772563624d6d657b2dc83d9fccea24d569424b2326
2023-03-26 21:56:36,False,3.574e-05,1.088e-08,143431.0,0.0156,0x3c...c133,https://bscscan.com/tx/0xf68bf0dba029abc133ddc54a402c45b0bab7213c8a4f1e6559fb200220c96efd
2023-03-26 21:56:36,False,3.574e-05,1.088e-08,25108.8,0.0027,0x3c...c133,https://bscscan.com/tx/0xf68bf0dba029abc133ddc54a402c45b0bab7213c8a4f1e6559fb200220c96efd
2023-03-26 21:54:42,True,3.574e-05,1.094e-08,1188039.0,0.13,0xd8...17c7,https://bscscan.com/tx/0x70e79ffc4d09134cb4524afd7ee78ad965cc1636038f655c24966317d506c2c7
2023-03-26 21:54:21,False,3.574e-05,1.088e-08,8087175.0,0.8805,0xa2...53c2,https://bscscan.com/tx/0x1020e375e3374302a7de8b5c23c9f56c467aa3beb61a76e5002642a04276b0ba
2023-03-26 21:54:21,False,3.574e-05,1.088e-08,89330.0,0.0097,0xa2...53c2,https://bscscan.com/tx/0x1020e375e3374302a7de8b5c23c9f56c467aa3beb61a76e5002642a04276b0ba
2023-03-26 21:54:15,True,3.573e-05,1.094e-08,31451218.0,3.44083,0x93...f5d3,https://bscscan.com/tx/0x7f95c7e0e27bc76b0adb3a9a752943172b7792ea4ca78d6b4013e1775abd5cdf
2023-03-26 21:42:00,False,3.553e-05,1.088e-08,83035.1,0.009,0x50...6009,https://bscscan.com/tx/0x775db92aab134ced3f0b9d37d7f8de0109926ab99be1f7c3eb7244d6bfaf4fd5
2023-03-26 21:42:00,False,3.553e-05,1.088e-08,82.9382,9.024e-07,0x50...6009,https://bscscan.com/tx/0x775db92aab134ced3f0b9d37d7f8de0109926ab99be1f7c3eb7244d6bfaf4fd5
2023-03-26 21:38:39,False,3.57e-05,1.088e-08,30625.7,0.0033,0x17...75db,https://bscscan.com/tx/0xf26909812469b6eae21d43f48f4c57ec69f980c13e29d914afbc2893a9b5e0ae
2023-03-26 21:38:39,False,3.57e-05,1.088e-08,76746.4,0.0083,0x17...75db,https://bscscan.com/tx/0xf26909812469b6eae21d43f48f4c57ec69f980c13e29d914afbc2893a9b5e0ae
2023-03-26 21:35:15,True,3.569e-05,1.093e-08,27977008.0,3.05854,0xc1...f4fe,https://bscscan.com/tx/0x2c302b21284b5d2dcf7f3af36ae9a1ff8764f62b1303b483f130485d8c4806c0
2023-03-26 21:34:51,False,3.55e-05,1.087e-08,446254.0,0.0485,0xc2...7c52,https://bscscan.com/tx/0xafd2cae3819ac3dd96bdec7c6fa996b36fd44c2f648d266fa3a21787d731f8fe
2023-03-26 21:34:51,False,3.55e-05,1.087e-08,1941.53,2.111e-05,0xc2...7c52,https://bscscan.com/tx/0xafd2cae3819ac3dd96bdec7c6fa996b36fd44c2f648d266fa3a21787d731f8fe
2023-03-26 21:26:48,True,3.588e-05,1.093e-08,688898.0,0.0753,0xbf...9895,https://bscscan.com/tx/0xabb04edf36fb3f3ff0851685c84071dbf7a3d8d0165ff73024db7e916594aaf9
2023-03-26 21:24:12,False,3.568e-05,1.087e-08,30095.7,0.0032,0xcb...0b3d,https://bscscan.com/tx/0x03a01ef480fa66b457c649ecc8b3b02ebcd7a64cbcfd17e0ba4dfe25a11402f9
2023-03-26 21:24:12,False,3.568e-05,1.087e-08,3733.53,4.059e-05,0xcb...0b3d,https://bscscan.com/tx/0x03a01ef480fa66b457c649ecc8b3b02ebcd7a64cbcfd17e0ba4dfe25a11402f9
2023-03-26 21:22:48,False,3.55e-05,1.087e-08,1378639.0,0.1499,0x35...d757,https://bscscan.com/tx/0xd7c845e849df9a0ac0949d84f4077f580d46dd28c60e4483d765ae089ddd3a64
2023-03-26 21:22:48,False,3.55e-05,1.087e-08,139674.0,0.0151,0x35...d757,https://bscscan.com/tx/0xd7c845e849df9a0ac0949d84f4077f580d46dd28c60e4483d765ae089ddd3a64
2023-03-26 21:20:15,True,3.568e-05,1.092e-08,5042914.0,0.5511,0x6b...9f5d,https://bscscan.com/tx/0x7834df993cbd8822605953097c732c29b9dadcd130ba398c9c0b2464113f4f0c
2023-03-26 21:20:06,True,3.567e-05,1.092e-08,5111423.0,0.5585,0x6b...9f5d,https://bscscan.com/tx/0x1204d29991ff91ce09a83ac5878221938e650e8efb8f2d4fc30d716b36e395e6
2023-03-26 21:20:03,False,3.551e-05,1.087e-08,41452144.0,4.50883,0xa0...b0df,https://bscscan.com/tx/0xedab394f81ac64d8454ae9ec808a230b70c055c06cc0068c0ab3c3dfb3a1bb6c
2023-03-26 21:20:03,False,3.553e-05,1.088e-08,37300.9,0.004,0xa0...b0df,https://bscscan.com/tx/0xedab394f81ac64d8454ae9ec808a230b70c055c06cc0068c0ab3c3dfb3a1bb6c
2023-03-26 21:19:30,True,3.588e-05,1.093e-08,5059898.0,0.5533,0x6b...9f5d,https://bscscan.com/tx/0x1a2a3573502dccb1db01534bf8fd75af33c0bd5a29d0334331b45e2bd58843ea
2023-03-26 21:19:06,True,3.57e-05,1.093e-08,5027943.0,0.5498,0x6b...9f5d,https://bscscan.com/tx/0xcc71daa42e59ce7564f51f7f6300fc80976fbd46f0fe0deedbb0e1537cc5e357
2023-03-26 21:17:18,True,3.589e-05,1.093e-08,1504650.0,0.1646,0x39...0252,https://bscscan.com/tx/0xa45890fa789c6cca997d6b9c5fe667fddb7b01bfb0a79b2da9ddba69539ab1d4
2023-03-26 21:11:33,True,3.569e-05,1.093e-08,1280405.0,0.14,0xe2...b65c,https://bscscan.com/tx/0xd5f83d4cc89dd363f81e201162d6982dd1e79fadbb829212bab6f810e483cee2
2023-03-26 21:09:51,False,3.569e-05,1.087e-08,939417.0,0.1022,0x4c...a052,https://bscscan.com/tx/0x5489e22c185c3507d85c9a0357640c15d996c8c667569b39d5b55829a42d2683
2023-03-26 21:09:51,False,3.569e-05,1.087e-08,5693.16,6.193e-05,0x4c...a052,https://bscscan.com/tx/0x5489e22c185c3507d85c9a0357640c15d996c8c667569b39d5b55829a42d2683
2023-03-26 21:07:57,True,3.569e-05,1.093e-08,1388459.0,0.1518,0x07...765c,https://bscscan.com/tx/0xf068e9f69114c036a11077dfb0319a66239e2362716e68edcc57f5b2a3cb78b8
2023-03-26 21:07:48,False,3.551e-05,1.087e-08,717958.0,0.0781,0x41...5dff,https://bscscan.com/tx/0x0be49125bc6b67e2fad2bdddd100a69fc834ce970504e32891cb437d51b11c60
2023-03-26 21:07:48,False,3.551e-05,1.087e-08,91867.4,0.0099,0x41...5dff,https://bscscan.com/tx/0x0be49125bc6b67e2fad2bdddd100a69fc834ce970504e32891cb437d51b11c60
2023-03-26 21:05:33,True,3.586e-05,1.093e-08,228646.0,0.025,0x30...9481,https://bscscan.com/tx/0x4e85077698dc08bc06810cb23f8f81296fefbbe86cfb758c8dcf61f2605720bb
2023-03-26 21:05:33,True,3.586e-05,1.093e-08,528634.0,0.0578,0xa0...52c7,https://bscscan.com/tx/0x375ed9ac6f88018055145982342b0a42b9f061492f40ce633c3e55faf0743bce
2023-03-26 21:01:59,True,3.586e-05,1.093e-08,9054.52,9.9e-05,0xc3...9d35,https://bscscan.com/tx/0x28aa168ccca3902ea900cd8ad36814de3f29c2d99ecc261e73707a3e64459b60
2023-03-26 20:57:14,True,3.569e-05,1.093e-08,18292.0,0.002,0x82...a484,https://bscscan.com/tx/0x7be91f87f86cf393a363bb174e1f04a2ec94c75ae70b430fd697c2ffa9d11251
2023-03-26 20:54:23,True,3.569e-05,1.093e-08,182920.0,0.02,0x9a...d189,https://bscscan.com/tx/0xe7af63ab8bbbaf19886caa4862b38de68d3810295f1db9bcac7f76bd9694f79a
2023-03-26 20:53:41,True,3.568e-05,1.092e-08,29198302.0,3.19132,0x48...f0d7,https://bscscan.com/tx/0x4c883a000646e535e700f5dbcc690c03d887592f01dc89223ce6bc57adf23cbf
2023-03-26 20:49:38,False,3.567e-05,1.087e-08,3668183.0,0.3988,0x9e...45f6,https://bscscan.com/tx/0x939886df81d3f92ed7545d54b15282be0ef68fde2aa6b5ad01592cbe89f287dd
2023-03-26 20:49:38,False,3.567e-05,1.087e-08,1336.78,1.453e-05,0x9e...45f6,https://bscscan.com/tx/0x939886df81d3f92ed7545d54b15282be0ef68fde2aa6b5ad01592cbe89f287dd
2023-03-26 20:49:35,True,3.567e-05,1.092e-08,28370.3,0.0031,0xcd...7cfc,https://bscscan.com/tx/0xf49ca5a19b99f66ca26291b2e7cabb5823432a75d77f68326d2bc74dca7f3703
2023-03-26 20:47:41,True,3.567e-05,1.092e-08,38332.4,0.0041,0x04...2093,https://bscscan.com/tx/0xb84c9b18ba477f9c09b5e1f292390dde860cbcb807434c2cd213b1520f6e90f9
2023-03-26 20:41:59,False,3.549e-05,1.087e-08,427114.0,0.0464,0xf2...b61a,https://bscscan.com/tx/0x182a34e10ecbe2b42a2b24c3ce85f4cb7450ef5f3240c7d0aa43726f9e74fa57
2023-03-26 20:41:59,False,3.549e-05,1.087e-08,2700.0,2.935e-05,0xf2...b61a,https://bscscan.com/tx/0x182a34e10ecbe2b42a2b24c3ce85f4cb7450ef5f3240c7d0aa43726f9e74fa57
2023-03-26 20:41:17,False,3.548e-05,1.087e-08,997000.0,0.1084,0x35...bb97,https://bscscan.com/tx/0x410ea31f46070042a0fd1ab5bda02aab80bafdd7d3fc37395a941707648f4374
2023-03-26 20:41:17,False,3.549e-05,1.087e-08,160694.0,0.0174,0x35...bb97,https://bscscan.com/tx/0x410ea31f46070042a0fd1ab5bda02aab80bafdd7d3fc37395a941707648f4374
2023-03-26 20:40:50,True,3.584e-05,1.092e-08,4248977.0,0.4642,0x80...916d,https://bscscan.com/tx/0x607575a83b7f9b86782be731496bb37457bd0d1a8e3e563cf46b4ca0aaec663f
2023-03-26 20:39:35,False,3.568e-05,1.087e-08,55101552.0,5.99445,0x27...51e0,https://bscscan.com/tx/0x3fb028a44ad8186c0064907873c44ab56d85b99d98a55abc15ffae422d64dd3a
2023-03-26 20:39:35,False,3.571e-05,1.088e-08,8231.53,8.961e-05,0x27...51e0,https://bscscan.com/tx/0x3fb028a44ad8186c0064907873c44ab56d85b99d98a55abc15ffae422d64dd3a
2023-03-26 20:39:14,True,3.571e-05,1.094e-08,48716.7,0.0053,0xb3...6c9b,https://bscscan.com/tx/0x49258ea4e15457e8a3df7aef960b7a70e30b6abc842ee1c78cf009c19ed6f815
2023-03-26 20:37:59,False,3.571e-05,1.088e-08,2991000.0,0.3256,0xbe...0067,https://bscscan.com/tx/0x5b5765d27c0fbea1918dd5c157081ec0d569855203bee22d468e1ed6c35936f8
2023-03-26 20:37:59,False,3.571e-05,1.088e-08,6094.79,6.635e-05,0xbe...0067,https://bscscan.com/tx/0x5b5765d27c0fbea1918dd5c157081ec0d569855203bee22d468e1ed6c35936f8
2023-03-26 20:37:53,False,3.571e-05,1.088e-08,2250558.0,0.245,0xe2...b65c,https://bscscan.com/tx/0x5f8368ba8c319a6761747745436e5a9871a05bb187daf5646177926dc33ab1f5
2023-03-26 20:37:53,False,3.571e-05,1.088e-08,668.256,7.275e-06,0xe2...b65c,https://bscscan.com/tx/0x5f8368ba8c319a6761747745436e5a9871a05bb187daf5646177926dc33ab1f5
2023-03-26 20:36:59,True,3.571e-05,1.094e-08,93712.8,0.0102,0xc8...ff36,https://bscscan.com/tx/0x73a24d31771a30a3b0821f2e48fa67c630e337f390b7378546ae3b3a3010fa73
2023-03-26 20:35:41,False,3.553e-05,1.088e-08,153328.0,0.0166,0xd4...427e,https://bscscan.com/tx/0x68fce982ef5f3e6223a7069f116089558ae45d586c4ed56a2e05517ca4e8ef6f
2023-03-26 20:35:41,False,3.553e-05,1.088e-08,14329.7,0.0015,0xd4...427e,https://bscscan.com/tx/0x68fce982ef5f3e6223a7069f116089558ae45d586c4ed56a2e05517ca4e8ef6f
2023-03-26 20:35:41,True,3.571e-05,1.094e-08,301585.0,0.033,0x9b...55b3,https://bscscan.com/tx/0x42ed96f92b0db5fda19b9b26711f3c2abf5f035fb636556d716131ba68c9f31a
2023-03-26 20:27:26,True,3.57e-05,1.094e-08,259150.0,0.0283,0xff...4bd2,https://bscscan.com/tx/0xf9f6e918d7bcda93d9f81c95f776a3049515e2d22a9100fc440c4bd2c1158abe
2023-03-26 20:24:56,True,3.569e-05,1.094e-08,2284822.0,0.25,0x20...962f,https://bscscan.com/tx/0x8f90e2e0cc220df8c0b9abbf0d57181b6efe99baffb7f69e3f0ba9c86aeea4e9
2023-03-26 20:21:23,True,3.587e-05,1.094e-08,935634.0,0.1023,0x67...ff0e,https://bscscan.com/tx/0xa2aaed00654b4602d2d6541d7185377b4154683242109ef54b485e199eb33897
2023-03-26 20:17:59,True,3.568e-05,1.094e-08,300000.0,0.0328,0x0d...b60a,https://bscscan.com/tx/0xe5846dbf12d89fb1d1b68410cc2ed5a37f98796fa560657f2fcaa5ccaea8e73b
2023-03-26 20:16:29,False,3.568e-05,1.088e-08,1222421.0,0.133,0xb0...35e0,https://bscscan.com/tx/0x04ec2176a2917af811142cdd15ccf4ad331e0a51961cef3d9564931e3f0db2f4
2023-03-26 20:16:29,False,3.568e-05,1.088e-08,270.0,2.939e-06,0xb0...35e0,https://bscscan.com/tx/0x04ec2176a2917af811142cdd15ccf4ad331e0a51961cef3d9564931e3f0db2f4
2023-03-26 20:11:08,False,3.567e-05,1.088e-08,99700.0,0.0108,0xaf...93b2,https://bscscan.com/tx/0x26fdfa2701340a15f1667130b4dfcb0e2f82774c7c0d37bc413feeecc576000a
2023-03-26 20:11:08,False,3.567e-05,1.088e-08,34925.6,0.0038,0xaf...93b2,https://bscscan.com/tx/0x26fdfa2701340a15f1667130b4dfcb0e2f82774c7c0d37bc413feeecc576000a
2023-03-26 20:10:56,True,3.569e-05,1.094e-08,126770.0,0.0138,0x3c...8d4c,https://bscscan.com/tx/0xd00ee57c430cd3b14e198b1aa9d082e7e5e877e00b67d20be66eb0eee051a514
2023-03-26 20:09:41,False,3.567e-05,1.088e-08,12770206.0,1.39049,0x11...ade1,https://bscscan.com/tx/0xb9f893b43c52ab7d3e35e400082254f0666a2ab225b6b2f7e6c6f0e3fa825f44
2023-03-26 20:09:41,False,3.567e-05,1.089e-08,120.944,1.317e-06,0x11...ade1,https://bscscan.com/tx/0xb9f893b43c52ab7d3e35e400082254f0666a2ab225b6b2f7e6c6f0e3fa825f44
2023-03-26 20:08:47,False,3.567e-05,1.089e-08,44659.6,0.0048,0x85...0193,https://bscscan.com/tx/0x0c9afe799ef6e6a8d3145763fc54cdbc272ce8233a51782c537ad19765d3832f
2023-03-26 20:08:47,False,3.567e-05,1.089e-08,58719.6,0.0063,0x85...0193,https://bscscan.com/tx/0x0c9afe799ef6e6a8d3145763fc54cdbc272ce8233a51782c537ad19765d3832f
2023-03-26 20:06:59,True,3.587e-05,1.095e-08,551319.0,0.0603,0xfd...c298,https://bscscan.com/tx/0x872b10f3b3c93435bbbedda94bfb2a850277d6440c875839d57db2aaa562cdf1
2023-03-26 20:04:56,True,3.568e-05,1.094e-08,1603573.0,0.1755,0xa9...9eaa,https://bscscan.com/tx/0xb44d0d98e9165d6d173d3e0897fd55a274bae5df6b9f1ad678a60112e3df2871
2023-03-26 20:03:50,True,3.585e-05,1.094e-08,109244.0,0.0119,0xd4...6da3,https://bscscan.com/tx/0x4d02f9ee6aec1e8cd6ec179994abfa5b43764be6cbb1f42290d7b4cf951d3083
2023-03-26 20:01:53,True,3.584e-05,1.094e-08,13339431.0,1.45967,0x4c...9e4b,https://bscscan.com/tx/0x3e8d1d75a78c03d9e47a38a92cac34ff14b9f58095a8f3c7fcf32d6e04f9faca
2023-03-26 20:00:53,True,3.565e-05,1.094e-08,539273.0,0.059,0xee...ae17,https://bscscan.com/tx/0xa7ef289ac1dd942e34d9899f4cb36eaf51e030f62b737cda5ae1adbeef9b9fbe
2023-03-26 19:59:08,True,3.565e-05,1.094e-08,178854.0,0.0195,0xa5...5185,https://bscscan.com/tx/0xd8d2fe36e9ee252ad5b819fee2d3450ea7c0697fe4b78d9d3b9f2126b6ccd760
2023-03-26 19:58:35,False,3.547e-05,1.088e-08,1495500.0,0.1628,0x40...76c5,https://bscscan.com/tx/0x192103649f7584880db2551884d85089487ddf6ca5e68aceb543fc4d98453d5e
2023-03-26 19:58:35,False,3.547e-05,1.088e-08,8773.48,9.551e-05,0x40...76c5,https://bscscan.com/tx/0x192103649f7584880db2551884d85089487ddf6ca5e68aceb543fc4d98453d5e
2023-03-26 19:54:38,True,3.565e-05,1.094e-08,1398442.0,0.153,0xca...eacb,https://bscscan.com/tx/0xc50a5079a8b5f43aab5b2d06452182863c6162cc0d58eb16edfe71f200b8f6f5
2023-03-26 19:51:56,False,3.546e-05,1.088e-08,1845442.0,0.2009,0x95...9c64,https://bscscan.com/tx/0xa5874359ca0aa6e9ee8cebf03d0dc51ff863bd3efab2b2922fffe672e931d8a5
2023-03-26 19:51:56,False,3.546e-05,1.088e-08,40820.1,0.0044,0x95...9c64,https://bscscan.com/tx/0xa5874359ca0aa6e9ee8cebf03d0dc51ff863bd3efab2b2922fffe672e931d8a5
2023-03-26 19:51:47,True,3.564e-05,1.094e-08,118543.0,0.0129,0x4a...5991,https://bscscan.com/tx/0x6b3b015213030bae07ec558095e53707943f2e5a4917c880e3f3644a88e7e64a
2023-03-26 19:51:14,False,3.564e-05,1.088e-08,14955000.0,1.62836,0x48...f0d7,https://bscscan.com/tx/0x2a86c996044dbec2f7d2daa77fa492dfb1e9d965c0340b777e28c5351e31a05b
2023-03-26 19:51:14,False,3.565e-05,1.089e-08,19647.2,0.0021,0x48...f0d7,https://bscscan.com/tx/0x2a86c996044dbec2f7d2daa77fa492dfb1e9d965c0340b777e28c5351e31a05b
2023-03-26 19:50:38,False,3.548e-05,1.089e-08,7254918.0,0.7901,0x93...f527,https://bscscan.com/tx/0xcf419cd709b9234eb5dc208f5a9a37673c62146bb6aca13f109fe33ae9451936
2023-03-26 19:50:38,False,3.548e-05,1.089e-08,73878.3,0.008,0x93...f527,https://bscscan.com/tx/0xcf419cd709b9234eb5dc208f5a9a37673c62146bb6aca13f109fe33ae9451936
2023-03-26 19:49:50,True,3.584e-05,1.094e-08,578912.0,0.0633,0xef...2fcd,https://bscscan.com/tx/0xc7746ed1c7d30043281aabe9b70696be5658221322c308524a4d452d1159727c
2023-03-26 19:45:23,True,3.584e-05,1.094e-08,837176.0,0.0916,0x35...e73c,https://bscscan.com/tx/0x2c2b9e8c230c23ed1920d0e2702c6ba5bfa39263d1566807853fd337b228ce2e
2023-03-26 19:44:29,True,3.583e-05,1.094e-08,174534.0,0.0191,0x9a...ec7d,https://bscscan.com/tx/0xbd3a94b6945b974d0327f00f4dec1a9fb46cc90117e4b7525684551c8c58938f
2023-03-26 19:43:44,True,3.582e-05,1.094e-08,25671458.0,2.80926,0xbc...0072,https://bscscan.com/tx/0x5ea7f79f27edd6307f2e8535d789e2a3ab5870f1fb1dd300f6030f82fe83daea
2023-03-26 19:42:14,False,3.563e-05,1.088e-08,99938.9,0.0108,0x99...3a9d,https://bscscan.com/tx/0xb4771c2c7a089b1464b4945122a0387a33300b9c5c7cae16c2844fe93634c90b
2023-03-26 19:42:14,False,3.563e-05,1.088e-08,90737.0,0.0098,0x99...3a9d,https://bscscan.com/tx/0xb4771c2c7a089b1464b4945122a0387a33300b9c5c7cae16c2844fe93634c90b
2023-03-26 19:42:02,True,3.581e-05,1.093e-08,6912964.0,0.7562,0x17...2019,https://bscscan.com/tx/0xeba98338842f406d3e9ac929e6b61e8aa00c39e11159dc32a445260e62d88288
2023-03-26 19:39:08,False,3.564e-05,1.088e-08,26613270.0,2.89734,0x97...5247,https://bscscan.com/tx/0xd08dc2db4d5c0cf9b1a2083490e4435065dbe271beca5f3b07898019e8fdbecd
2023-03-26 19:39:08,False,3.565e-05,1.089e-08,26065.5,0.0028,0x97...5247,https://bscscan.com/tx/0xd08dc2db4d5c0cf9b1a2083490e4435065dbe271beca5f3b07898019e8fdbecd
2023-03-26 19:38:44,True,3.583e-05,1.094e-08,149041.0,0.0163,0x2a...7bc0,https://bscscan.com/tx/0x22585cb3377fe31264579358f8f92f8dcf30b6affeb0098f29065a7f1376a747
2023-03-26 19:36:17,False,3.565e-05,1.089e-08,9386008.0,1.02228,0x38...6d49,https://bscscan.com/tx/0x3fff9cc293033b0404c23e6ff57a51845a0b06b2220f5b7d85480f2044bdcfc3
2023-03-26 19:36:17,False,3.566e-05,1.089e-08,151935.0,0.0165,0x38...6d49,https://bscscan.com/tx/0x3fff9cc293033b0404c23e6ff57a51845a0b06b2220f5b7d85480f2044bdcfc3
2023-03-26 19:24:39,True,3.565e-05,1.093e-08,56262083.0,6.15506,0x56...346a,https://bscscan.com/tx/0xd76ff3caa37e28bab904ce828a4178b2cc735bf22448f6700c5ddb314541dd9d
2023-03-26 19:21:58,False,3.563e-05,1.087e-08,9970.0,0.001,0xd7...f752,https://bscscan.com/tx/0x3948340a0617377e1428fb77406e395586b1e1868ce1b101c80023c9e9337b30
2023-03-26 19:21:58,False,3.563e-05,1.087e-08,298557.0,0.0324,0xd7...f752,https://bscscan.com/tx/0x3948340a0617377e1428fb77406e395586b1e1868ce1b101c80023c9e9337b30
2023-03-26 19:17:43,False,3.551e-05,1.089e-08,110245090.0,12.0085,0xa6...147a,https://bscscan.com/tx/0x4a3dd881ff8af2468dd6d9c432d6e14377c524faff1c880d909b4191aad956a3
2023-03-26 19:17:43,False,3.555e-05,1.09e-08,57761.0,0.0063,0xa6...147a,https://bscscan.com/tx/0x4a3dd881ff8af2468dd6d9c432d6e14377c524faff1c880d909b4191aad956a3
2023-03-26 19:17:28,False,3.573e-05,1.09e-08,329715.0,0.0359,0x0a...8000,https://bscscan.com/tx/0xa7a062a5db5084e4fb30f8f501be51307e1d483d132a37d5fae0369c7d230a92
2023-03-26 19:17:28,False,3.573e-05,1.09e-08,25259.9,0.0027,0x0a...8000,https://bscscan.com/tx/0xa7a062a5db5084e4fb30f8f501be51307e1d483d132a37d5fae0369c7d230a92
2023-03-26 19:16:10,True,3.592e-05,1.096e-08,511000.0,0.056,0x3e...68b5,https://bscscan.com/tx/0x75d8d1a463fc1339dffe827fbd1cc376461c2049047379f36407d822ef02faff
2023-03-26 19:15:01,True,3.592e-05,1.096e-08,1500000.0,0.1644,0x3e...68b5,https://bscscan.com/tx/0x441ab480385a5f1beeae7089cb510ea6b2140d8488935d9d0ae46db3bbbef38c
2023-03-26 19:12:25,True,3.573e-05,1.096e-08,6910752.0,0.7574,0x4d...5589,https://bscscan.com/tx/0xdf0c0435a60adb18c8c1b3838502950e05f15ee1068c32264cf75f67b1eb0977
2023-03-26 19:08:22,True,3.572e-05,1.095e-08,200737.0,0.022,0x5b...e7d2,https://bscscan.com/tx/0x66c47190ae5b314476ef6163df03764560ded2fee7eb0ab12aeb4831ad5d8a46
2023-03-26 19:07:04,False,3.554e-05,1.09e-08,232326.0,0.0253,0x50...9894,https://bscscan.com/tx/0xf916acf30ef13aa9d463d3ae96ad0e323ca56b7445af414c1053701baf5779ac
2023-03-26 19:07:04,False,3.554e-05,1.09e-08,19932.7,0.0021,0x50...9894,https://bscscan.com/tx/0xf916acf30ef13aa9d463d3ae96ad0e323ca56b7445af414c1053701baf5779ac
2023-03-26 19:06:10,True,3.572e-05,1.095e-08,182488.0,0.02,0xf8...e7dd,https://bscscan.com/tx/0xca20748a8c7553d08ab38371c63842f8d9501434eaab1563e84b9628fcc81993
2023-03-26 19:04:49,False,3.555e-05,1.09e-08,7178400.0,0.7828,0x48...f0d7,https://bscscan.com/tx/0xcaa6f4ef6887e2e143ad444919f243a9ab8dec43943503641d8427d1ae6eb90e
2023-03-26 19:04:49,False,3.555e-05,1.09e-08,60197.9,0.0065,0x48...f0d7,https://bscscan.com/tx/0xcaa6f4ef6887e2e143ad444919f243a9ab8dec43943503641d8427d1ae6eb90e
2023-03-26 19:04:07,False,3.555e-05,1.09e-08,22228627.0,2.42509,0xe7...a86d,https://bscscan.com/tx/0x7eb9d9a8234bc2f9a986d2c87325dca23e99d99f0dff0d45dbd6287029df6923
2023-03-26 19:04:07,False,3.556e-05,1.091e-08,13200.5,0.0014,0xe7...a86d,https://bscscan.com/tx/0x7eb9d9a8234bc2f9a986d2c87325dca23e99d99f0dff0d45dbd6287029df6923
2023-03-26 19:02:19,True,3.59e-05,1.096e-08,335864.0,0.0368,0x82...3ce6,https://bscscan.com/tx/0x5fd3c6e7835ce6255d5ca9dfd53e20f16b3bd97ce26ea8324dcb889245f0d9e2
2023-03-26 19:00:46,True,3.571e-05,1.096e-08,4180931.0,0.4585,0xa8...9ce9,https://bscscan.com/tx/0xa5a62f110c7fb04030acffb92fa44282274c28cbdcf2dd58a034b2a7f23c29ac
2023-03-26 18:56:55,False,3.554e-05,1.091e-08,371151.0,0.0405,0x0c...d272,https://bscscan.com/tx/0xcb7b638757e55c214bc09088e550fdd68fccb946e065bb09f71291fc4b169b30
2023-03-26 18:56:55,False,3.554e-05,1.091e-08,148357.0,0.0161,0x0c...d272,https://bscscan.com/tx/0xcb7b638757e55c214bc09088e550fdd68fccb946e065bb09f71291fc4b169b30
2023-03-26 18:56:46,True,3.589e-05,1.096e-08,1147851.0,0.1258,0x63...7d5d,https://bscscan.com/tx/0x380f13a1f4d94e7192c440e5ce9ca13e3455b76efa6323c06e3da8de4f1fcbcf
2023-03-26 18:55:25,True,3.571e-05,1.096e-08,65000.0,0.0071,0x38...0a38,https://bscscan.com/tx/0xad0da83772ef77237d86d1897476217966f88d0665bf57e2ec699653736dfb6a
2023-03-26 18:54:39,False,3.556e-05,1.091e-08,53573162.0,5.84936,0xa6...147a,https://bscscan.com/tx/0xccfc7ec1f0a55fc09941f5181009c33b4b85c7cbb16a52f8380a4a17904c311c
2023-03-26 18:54:39,False,3.558e-05,1.092e-08,7874.08,8.602e-05,0xa6...147a,https://bscscan.com/tx/0xccfc7ec1f0a55fc09941f5181009c33b4b85c7cbb16a52f8380a4a17904c311c
2023-03-26 18:52:38,True,3.594e-05,1.098e-08,916327.0,0.1006,0x4c...84c0,https://bscscan.com/tx/0x5e50bfc757c980b926cabd34dd688d2a8a8fd100b4725488a13a7963afeba822
2023-03-26 18:50:29,False,3.558e-05,1.092e-08,1994000.0,0.2178,0x5d...6b33,https://bscscan.com/tx/0xedd29e4a18100259714240246d12e1d7a95330017014e60738a6efedd8d2ee38
2023-03-26 18:50:29,False,3.558e-05,1.092e-08,496.711,5.426e-06,0x5d...6b33,https://bscscan.com/tx/0xedd29e4a18100259714240246d12e1d7a95330017014e60738a6efedd8d2ee38
2023-03-26 18:50:11,False,3.558e-05,1.092e-08,183415.0,0.02,0x83...a2cc,https://bscscan.com/tx/0xa1d012dabda5d1f16ada28d7c23aa3d910c74d89fd9eaf8b8c97090e766a305b
2023-03-26 18:50:11,False,3.558e-05,1.092e-08,7381.03,8.064e-05,0x83...a2cc,https://bscscan.com/tx/0xa1d012dabda5d1f16ada28d7c23aa3d910c74d89fd9eaf8b8c97090e766a305b
2023-03-26 18:48:08,True,3.594e-05,1.098e-08,333713.0,0.0366,0xa7...8cc6,https://bscscan.com/tx/0x87f538c98f6a65093f52a6dc0a249ad21e000e8eed87d444acfe5a90f6677f26
2023-03-26 18:48:02,False,3.576e-05,1.092e-08,2392800.0,0.2614,0xf9...3d6a,https://bscscan.com/tx/0xa9b89df94acfd1e88b9cf5bb0b7582244dac026f4dff7ce957b1d4c8184a2bc8
2023-03-26 18:48:02,False,3.576e-05,1.092e-08,15645.5,0.0017,0xf9...3d6a,https://bscscan.com/tx/0xa9b89df94acfd1e88b9cf5bb0b7582244dac026f4dff7ce957b1d4c8184a2bc8
2023-03-26 18:47:44,True,3.576e-05,1.098e-08,2703931.0,0.2969,0x6e...6cc1,https://bscscan.com/tx/0xd9f9f08fb93f8ef8d9c2095e57a4d5ee8bbf54e0d0e73b3d00fb2c88e435f48d
2023-03-26 18:47:08,False,3.576e-05,1.092e-08,3081428.0,0.3366,0xc3...7f84,https://bscscan.com/tx/0x21f178270d0280920a5e81871cda1eff5f3c366f76a984568c8661dd11b48a0e
2023-03-26 18:47:08,False,3.576e-05,1.092e-08,13500.0,0.0014,0xc3...7f84,https://bscscan.com/tx/0x21f178270d0280920a5e81871cda1eff5f3c366f76a984568c8661dd11b48a0e
2023-03-26 18:46:23,False,3.559e-05,1.092e-08,4985000.0,0.5447,0xa9...c040,https://bscscan.com/tx/0x72fc6ead1d14787a0d127bd608d9e89df928f5a326b4491eca793258c2383a20
2023-03-26 18:46:23,False,3.559e-05,1.092e-08,810.0,8.851e-06,0xa9...c040,https://bscscan.com/tx/0x72fc6ead1d14787a0d127bd608d9e89df928f5a326b4491eca793258c2383a20
2023-03-26 18:45:20,False,3.577e-05,1.092e-08,299100.0,0.0326,0x16...1667,https://bscscan.com/tx/0xe07681268793d3692563ea446ffe2e2ce1eebfb9a34b30cb84bda0eca0c3ed08
2023-03-26 18:45:20,False,3.577e-05,1.092e-08,228782.0,0.025,0x16...1667,https://bscscan.com/tx/0xe07681268793d3692563ea446ffe2e2ce1eebfb9a34b30cb84bda0eca0c3ed08
2023-03-26 18:44:44,True,3.574e-05,1.097e-08,64937736.0,7.12637,0xe6...ef7f,https://bscscan.com/tx/0x0d29457a6102d6f915eae2f3c197bebf1d4e5d1e7a858df2b44864a35429311f
2023-03-26 18:43:53,True,3.571e-05,1.096e-08,300000.0,0.0329,0x62...239f,https://bscscan.com/tx/0x1ffd698c9cb083869b6fad17ce13fe5fb2b9a7cd1ca5555e34311d2b9e5703c2
2023-03-26 18:40:38,True,3.589e-05,1.096e-08,91196.1,0.01,0x19...5f63,https://bscscan.com/tx/0x5142d481dc46fd1d84a7667408e7b0f4da9e3ba7b28caffffd1e53f2cabc408b
2023-03-26 18:38:47,True,3.571e-05,1.096e-08,563675.0,0.0618,0xd7...f752,https://bscscan.com/tx/0x3923d958b26e019b2a2d5951913dd6aa8fb9f87ccaff8ed77385d5923158c089
2023-03-26 18:38:05,True,3.588e-05,1.096e-08,13933609.0,1.52759,0xe6...ef7f,https://bscscan.com/tx/0xf2a05587ba0c764756716d46f3c7e8c851ad587902296dcdbd09003532ecbc1f
2023-03-26 18:37:29,True,3.57e-05,1.096e-08,1237684.0,0.1356,0xbb...c106,https://bscscan.com/tx/0x4425ccc0b73675d577292ecd4515cb1802a774765b720f5d8c037860f72fe3e0
2023-03-26 18:37:17,False,3.552e-05,1.09e-08,3659094.0,0.399,0xf7...aa91,https://bscscan.com/tx/0x02afbdfeff4dad38e8c844d125a4c16bd78f891dacb14e722dfaa54907337ed3
