datetime,buy_order,price_USD,price_native,amount_token,total_native,maker,etherscan_url
2023-03-27 22:21:42,True,3.334e-05,1.084e-08,781947.0,0.0848,0x38...9fac,https://bscscan.com/tx/0xd2941f7ec91ed7cc53da9800a0b6366e4aafdc69227a1969e8b409a3dc6d0138
2023-03-27 22:20:36,True,3.317e-05,1.084e-08,180008.0,0.0195,0xfa...9f46,https://bscscan.com/tx/0x9b0350eda4d2200064932acbe2538cb06f193fffe06566eaccc078abb0d9176e
2023-03-27 22:20:30,False,3.301e-05,1.079e-08,1552263.0,0.1675,0x89...68cf,https://bscscan.com/tx/0xd2700bbe9cf2b0fd7523f68756d88d00f9d82a200e3e064c0fc2909a9f2a1333
2023-03-27 22:20:30,False,3.301e-05,1.079e-08,1995.29,2.153e-05,0x89...68cf,https://bscscan.com/tx/0xd2700bbe9cf2b0fd7523f68756d88d00f9d82a200e3e064c0fc2909a9f2a1333
2023-03-27 22:17:30,False,3.301e-05,1.079e-08,736780.0,0.0795,0x82...a569,https://bscscan.com/tx/0xb834140f01567c2cd3cbf2222de86b4347d6c9523820bc2d873b8bb71634d361
2023-03-27 22:17:30,False,3.301e-05,1.079e-08,16123.3,0.0017,0x82...a569,https://bscscan.com/tx/0xb834140f01567c2cd3cbf2222de86b4347d6c9523820bc2d873b8bb71634d361
2023-03-27 22:16:30,False,3.301e-05,1.079e-08,5953672.0,0.6425,0x93...5a02,https://bscscan.com/tx/0x6a014f199586c38e19424d30ae715af90eb8f9e7d0af555c8f32f001869b0721
2023-03-27 22:16:30,False,3.302e-05,1.079e-08,4392.36,4.74e-05,0x93...5a02,https://bscscan.com/tx/0x6a014f199586c38e19424d30ae715af90eb8f9e7d0af555c8f32f001869b0721
2023-03-27 22:15:48,True,3.335e-05,1.084e-08,826801.0,0.0896,0xb5...703d,https://bscscan.com/tx/0x666d1ab81bab12b9363a825ab159ae00c88b5be34ac62ba979146dba207813dd
2023-03-27 22:14:36,False,3.318e-05,1.079e-08,797600.0,0.086,0x0c...8ff3,https://bscscan.com/tx/0xe48f444f8e1ded172a44b4fbcb49cb78e59597b432a828fb6264350e73797014
2023-03-27 22:14:36,False,3.318e-05,1.079e-08,4509.88,4.867e-05,0x0c...8ff3,https://bscscan.com/tx/0xe48f444f8e1ded172a44b4fbcb49cb78e59597b432a828fb6264350e73797014
2023-03-27 22:14:30,True,3.336e-05,1.085e-08,456689.0,0.0495,0xf0...ee8e,https://bscscan.com/tx/0x51862414c4b124d89131a4eaf951f96072ce3f7639d8b66f330d993534a9133c
2023-03-27 22:13:45,False,3.302e-05,1.079e-08,1209998.0,0.1306,0xad...1ec0,https://bscscan.com/tx/0x3f1c3e3b69fdf70882f9b593122d038b5620a455db8a014e26574d11e64cbdcc
2023-03-27 22:13:45,False,3.302e-05,1.079e-08,119700.0,0.0129,0xad...1ec0,https://bscscan.com/tx/0x3f1c3e3b69fdf70882f9b593122d038b5620a455db8a014e26574d11e64cbdcc
2023-03-27 22:13:30,True,3.335e-05,1.084e-08,460941.0,0.05,0x3e...06fe,https://bscscan.com/tx/0xeb9c8acfa3c007006331a3db1c469165c6cd7705094f455b57d9e2f57988a275
2023-03-27 22:11:06,False,3.32e-05,1.079e-08,43740592.0,4.72348,0xa3...bfa5,https://bscscan.com/tx/0x8b9bcf32f5ce499e21ee152e58dac106e03a3277dd85707d7534e0d457a2c31b
2023-03-27 22:11:06,False,3.322e-05,1.08e-08,801508.0,0.0866,0xa3...bfa5,https://bscscan.com/tx/0x8b9bcf32f5ce499e21ee152e58dac106e03a3277dd85707d7534e0d457a2c31b
2023-03-27 22:10:39,True,3.339e-05,1.085e-08,3454334.0,0.375,0x95...3444,https://bscscan.com/tx/0x716dc870bace2adb670aaa5e32cb3b59f6f35e862bae6ae7a3df6c486db34a82
2023-03-27 22:10:27,True,3.339e-05,1.085e-08,193405.0,0.021,0x3f...94de,https://bscscan.com/tx/0x46be9ffa90f1a3d36ed19939776e0262946a355a2370b6121d4afc85d5dfe557
2023-03-27 22:09:51,True,3.338e-05,1.085e-08,4558079.0,0.4948,0x89...3571,https://bscscan.com/tx/0x36efa7e44e735f6c13c59e320743c70fd0cf2dba5110eb18321198654c628b16
2023-03-27 22:09:33,True,3.338e-05,1.085e-08,104789.0,0.0113,0x82...a569,https://bscscan.com/tx/0x0e058ea20aeaabc9ebae834f10b4d2c8c42b97451545311210e94772c2623555
2023-03-27 22:09:21,True,3.321e-05,1.085e-08,523465.0,0.0568,0x84...c68a,https://bscscan.com/tx/0x94535d71dd99bbca409d39eb43f02e4033fd869631e6ea881c23664cdd768228
2023-03-27 22:09:00,False,3.317e-05,1.084e-08,295145075.0,31.9974,0xc4...01ac,https://bscscan.com/tx/0x135ee83a7a66b58a94180de918912871838cc87685d2154d3d508bf2e3ad05b9
2023-03-27 22:09:00,False,3.329e-05,1.088e-08,17843.7,0.0019,0xc4...01ac,https://bscscan.com/tx/0x135ee83a7a66b58a94180de918912871838cc87685d2154d3d508bf2e3ad05b9
2023-03-27 22:08:36,False,3.329e-05,1.088e-08,6588956.0,0.7169,0x6e...2e82,https://bscscan.com/tx/0xf1745fa6d63bd34f8e98454e6b86afca3cd59d42794b1c5684cac0e7a65797f0
2023-03-27 22:08:36,False,3.329e-05,1.088e-08,65247.4,0.0071,0x6e...2e82,https://bscscan.com/tx/0xf1745fa6d63bd34f8e98454e6b86afca3cd59d42794b1c5684cac0e7a65797f0
2023-03-27 22:06:48,True,3.346e-05,1.093e-08,2285999.0,0.25,0x3e...06fe,https://bscscan.com/tx/0x171413ee7ac505b652728a7d223fa78bcfc8d0ff5bddb1df45bd8471f9d33ccc
2023-03-27 22:06:45,True,3.346e-05,1.093e-08,704113.0,0.077,0x4f...ba15,https://bscscan.com/tx/0xaa2bd9712d955c46fc1149e4883d994627da8f844f765ff100d92299e08414ca
2023-03-27 22:05:30,True,3.364e-05,1.093e-08,8588701.0,0.9396,0xb3...f1b5,https://bscscan.com/tx/0x32c4c774aa76bacbfb9eae6fd98d32eeb0d2e0bf70b7c81feab51c8d05c3b677
2023-03-27 22:04:27,False,3.348e-05,1.088e-08,9970000.0,1.08474,0x78...39b8,https://bscscan.com/tx/0x01d285884c3efaf4cf3dcc44d4fb587e86de0bbfdf54ccdeadf4263a5fd83dad
2023-03-27 22:04:27,False,3.348e-05,1.088e-08,24534.4,0.0026,0x78...39b8,https://bscscan.com/tx/0x01d285884c3efaf4cf3dcc44d4fb587e86de0bbfdf54ccdeadf4263a5fd83dad
2023-03-27 22:03:30,False,3.347e-05,1.088e-08,8142444.0,0.8861,0x91...55fe,https://bscscan.com/tx/0xa5920ecc8446a66e3d91bce7152a3bc7b2a95c62aff47ac9f5b51dd99db0dc49
2023-03-27 22:03:30,False,3.348e-05,1.088e-08,64808.4,0.007,0x91...55fe,https://bscscan.com/tx/0xa5920ecc8446a66e3d91bce7152a3bc7b2a95c62aff47ac9f5b51dd99db0dc49
2023-03-27 22:01:48,True,3.367e-05,1.094e-08,1449264.0,0.1586,0x49...3ffe,https://bscscan.com/tx/0x3fe96549a74ed1733d1a68c269073f1f6729867492c3b328bc9054caa6de7f00
2023-03-27 21:59:54,True,3.349e-05,1.093e-08,654831.0,0.0716,0x76...a7cd,https://bscscan.com/tx/0xc72cec8cecf78c70a7e6b4c4547b9e4682c9bb004466d18c8b82b7a1077bb65f
2023-03-27 21:53:57,True,3.375e-05,1.093e-08,517434.0,0.0565,0x7e...c2dd,https://bscscan.com/tx/0x4919e56dcdb13afb32e1beee3db5f4bec840f6b6c4e1c4a095e7873e33b857b3
2023-03-27 21:53:00,True,3.359e-05,1.093e-08,200000.0,0.0218,0x55...757d,https://bscscan.com/tx/0xfbd9423e9399e556046a271d7b35141a52786546a7dece5e6413dff04ed261b2
2023-03-27 21:50:09,True,3.376e-05,1.093e-08,1805022.0,0.1974,0x4f...31fa,https://bscscan.com/tx/0x63183526851b8f423202e6eea341df1664b2fe3760688ba25c76e640c9dc8f50
2023-03-27 21:48:06,True,3.375e-05,1.093e-08,1185089.0,0.1296,0x5b...34d9,https://bscscan.com/tx/0x8773a1b2ee5c851cb578fd533600debf3756ec745002b02397dce18a18e1770c
2023-03-27 21:47:48,True,3.374e-05,1.093e-08,12788758.0,1.39844,0x64...eda3,https://bscscan.com/tx/0xf5edccf24db409fa5ecc891a70034e396434804afa401823002ce29f2b351b5f
2023-03-27 21:41:45,True,3.378e-05,1.093e-08,182929.0,0.02,0x95...2e82,https://bscscan.com/tx/0x43eb22fd2685285ab48eee71d9d475d26a04d84825f90e1c8b71f4bcec31a5f1
2023-03-27 21:36:15,True,3.376e-05,1.093e-08,592349.0,0.0647,0x5a...4b85,https://bscscan.com/tx/0xb449ca892e45d6010e4e9763b549f4378c82502433357b2e92e7d9e94dc40fa9
2023-03-27 21:34:03,True,3.38e-05,1.093e-08,2942980.0,0.3217,0x84...c68a,https://bscscan.com/tx/0x3cdecb93e00f16320114611df05f775b335b40ca60ccdec5b99215c87811723f
2023-03-27 21:32:42,False,3.346e-05,1.087e-08,1679393.0,0.1826,0x3e...06fe,https://bscscan.com/tx/0x5bb1583f99f4802c075a8dc533d34a76a56ad0f9692e27430e90b2fd51ba5e4f
2023-03-27 21:32:42,False,3.346e-05,1.087e-08,2547.1,2.77e-05,0x3e...06fe,https://bscscan.com/tx/0x5bb1583f99f4802c075a8dc533d34a76a56ad0f9692e27430e90b2fd51ba5e4f
2023-03-27 21:28:42,False,3.364e-05,1.087e-08,940540.0,0.1023,0x9b...d3d0,https://bscscan.com/tx/0xf71e83d4fd30b155a8ebd9eb92bceae549f1aaffa6f3c6457c8daa31050262e3
2023-03-27 21:28:42,False,3.364e-05,1.087e-08,4548.0,4.947e-05,0x9b...d3d0,https://bscscan.com/tx/0xf71e83d4fd30b155a8ebd9eb92bceae549f1aaffa6f3c6457c8daa31050262e3
2023-03-27 21:27:27,False,3.363e-05,1.087e-08,1679393.0,0.1826,0x3e...06fe,https://bscscan.com/tx/0xb831055eb3ffb9e2dbcb65e3014de883ef2e2e97e33b1f869f4a1c0d0ad584d8
2023-03-27 21:27:27,False,3.363e-05,1.087e-08,424225.0,0.0461,0x3e...06fe,https://bscscan.com/tx/0xb831055eb3ffb9e2dbcb65e3014de883ef2e2e97e33b1f869f4a1c0d0ad584d8
2023-03-27 21:27:15,True,3.378e-05,1.093e-08,5961263.0,0.6517,0x9b...d3d0,https://bscscan.com/tx/0x80336a6751b1efb422f614cf9fd7e38eef68884df331ca2e981fd7d8a95c4448
2023-03-27 21:27:00,True,3.361e-05,1.093e-08,100000.0,0.0109,0xbe...2ffb,https://bscscan.com/tx/0x3bd66384eb69f7efe06c1f3628937aa4493162e8f200c11633c6f4f7d1f0528d
2023-03-27 21:24:03,False,3.362e-05,1.089e-08,148318367.0,16.1622,0x7c...5744,https://bscscan.com/tx/0x662e62188dc4af7f7f1652bdacc60522d9d3211350a4fd0d298bf7faeff51212
2023-03-27 21:24:03,False,3.368e-05,1.091e-08,30906.5,0.0033,0x7c...5744,https://bscscan.com/tx/0x662e62188dc4af7f7f1652bdacc60522d9d3211350a4fd0d298bf7faeff51212
2023-03-27 21:21:06,True,3.381e-05,1.097e-08,371161.0,0.0407,0xc8...4c99,https://bscscan.com/tx/0x5d1cd83448bfd7224eab495d492d2da042684ea25cc0e3d8f900e4855b548ad8
2023-03-27 21:21:03,True,3.381e-05,1.097e-08,2954926.0,0.3241,0xb5...adb5,https://bscscan.com/tx/0xf73670efbcd0d2a0d3e60a8c110db9b3349b96ac8190bcca93c48b728666003c
2023-03-27 21:21:00,False,3.364e-05,1.091e-08,8096390.0,0.8838,0x00...a62b,https://bscscan.com/tx/0x2acd0ff4736d9ba525ee80c3de2b250034e0eaa439dc9afce716d20e5cdda6a7
2023-03-27 21:21:00,False,3.364e-05,1.091e-08,5141.26,5.613e-05,0x00...a62b,https://bscscan.com/tx/0x2acd0ff4736d9ba525ee80c3de2b250034e0eaa439dc9afce716d20e5cdda6a7
2023-03-27 21:19:27,True,3.363e-05,1.097e-08,384826.0,0.0422,0x35...3cd6,https://bscscan.com/tx/0xf9934a6ea19c4bd81fd2b12a5854acc138735c021271915ff093d60c3cd1729b
2023-03-27 21:19:15,False,3.346e-05,1.091e-08,1514786.0,0.1653,0x1d...d093,https://bscscan.com/tx/0x2a7e03055289ac8f121cbf18fb40717b494bc3adadc4dfb5587e0d5ad435edb8
2023-03-27 21:19:15,False,3.346e-05,1.091e-08,16200.0,0.0017,0x1d...d093,https://bscscan.com/tx/0x2a7e03055289ac8f121cbf18fb40717b494bc3adadc4dfb5587e0d5ad435edb8
2023-03-27 21:17:36,False,3.346e-05,1.091e-08,5982000.0,0.6531,0x78...39b8,https://bscscan.com/tx/0xae2d33ae1ab15c900d4a9efb3015946b3fa768ef5f4f3acc06363bbdae94c3dc
2023-03-27 21:17:36,False,3.346e-05,1.091e-08,7155.25,7.813e-05,0x78...39b8,https://bscscan.com/tx/0xae2d33ae1ab15c900d4a9efb3015946b3fa768ef5f4f3acc06363bbdae94c3dc
2023-03-27 21:17:24,True,3.38e-05,1.097e-08,200000.0,0.0219,0x28...5842,https://bscscan.com/tx/0xadbb17842b863eddbb734a8998b56850861996ef12266212ee8125b800020bd9
2023-03-27 21:17:15,True,3.38e-05,1.097e-08,2137584.0,0.2345,0xdf...3bd3,https://bscscan.com/tx/0x427e81168344996f0ab6db9c0449514d3472124a5c097ca3d612c41814c22dd5
2023-03-27 21:17:09,False,3.346e-05,1.091e-08,311571.0,0.034,0x1e...be7b,https://bscscan.com/tx/0xbe95b733e70bd46a4b8560a124067007380d9474b83fedac92596ff09a75f8f1
2023-03-27 21:17:09,False,3.346e-05,1.091e-08,112061.0,0.0122,0x1e...be7b,https://bscscan.com/tx/0xbe95b733e70bd46a4b8560a124067007380d9474b83fedac92596ff09a75f8f1
2023-03-27 21:15:57,True,3.361e-05,1.096e-08,36465817.0,4.0,0x78...39b8,https://bscscan.com/tx/0x0223dc70891adbfe6321592c3048e70d558086bbb34004ef183dfb8a69b3554d
2023-03-27 21:12:48,True,3.376e-05,1.096e-08,1459307.0,0.16,0xae...d969,https://bscscan.com/tx/0x44e9b57570fd5762b3500c188bd515c963f320992b67a295d788f2a5b69cf872
2023-03-27 21:12:03,True,3.376e-05,1.096e-08,1276931.0,0.14,0xc4...5e09,https://bscscan.com/tx/0x956b17e3e087d7ac106f7cdf6afdcca526219cfd513ed15ec064b537717ec0f9
2023-03-27 21:11:18,False,3.359e-05,1.09e-08,539675.0,0.0588,0xcb...a1b2,https://bscscan.com/tx/0xbab9e804779f271286989071ff4bccda77aa77138eed551ff8c1eefda020f440
2023-03-27 21:11:18,False,3.359e-05,1.09e-08,195380.0,0.0213,0xcb...a1b2,https://bscscan.com/tx/0xbab9e804779f271286989071ff4bccda77aa77138eed551ff8c1eefda020f440
2023-03-27 21:08:15,True,3.357e-05,1.095e-08,30090976.0,3.29789,0x20...946b,https://bscscan.com/tx/0xa2dd17f6139822fd814b1a58f9dc09e586b445ee280501c14c38b08e4869d45b
2023-03-27 21:06:54,True,3.359e-05,1.095e-08,29759034.0,3.25913,0xc1...f4fe,https://bscscan.com/tx/0xece3907cd1749ba7571a3d7aa40d37aeb3df1b865f2e0c890d4f1d48deda7178
2023-03-27 21:04:15,True,3.376e-05,1.094e-08,1480998.0,0.1621,0x42...d461,https://bscscan.com/tx/0x7f8ae31db435c4527fc057aa5c3a645884aff93d74d00618e25ea2c38c0d3379
2023-03-27 21:04:15,True,3.376e-05,1.094e-08,247075.0,0.027,0x0f...b54e,https://bscscan.com/tx/0xe2f0ab2668497d6da993041a5ed0d0bf912e707d57c38ddfd8ed93914bbfd11a
2023-03-27 21:03:45,True,3.375e-05,1.094e-08,2308436.0,0.2527,0xe8...51de,https://bscscan.com/tx/0xbd4db4583b8d53d312589115444138e0e6a6927b3663b596ffac207a8e1d9b63
2023-03-27 21:03:33,False,3.359e-05,1.089e-08,3489500.0,0.38,0x42...6722,https://bscscan.com/tx/0x9f6f8abc01941b74a2abd4dbe99b4f4ee4a2c34451216d4e595630a6bb0aa219
2023-03-27 21:03:33,False,3.359e-05,1.089e-08,380492.0,0.0414,0x42...6722,https://bscscan.com/tx/0x9f6f8abc01941b74a2abd4dbe99b4f4ee4a2c34451216d4e595630a6bb0aa219
2023-03-27 21:03:00,True,3.357e-05,1.094e-08,1330971.0,0.1457,0x35...3cd6,https://bscscan.com/tx/0x0f82887f1f4d2ebb789d4e98910f0c7f03af2f7acf4e2080a66c54458fe48a64
2023-03-27 21:02:36,True,3.359e-05,1.094e-08,28000.0,0.003,0x0f...b54e,https://bscscan.com/tx/0x30dd9b1f4c5a0df5091f6cc6a75da6e1bdc8ff7702667edc950aee24ccd3da4d
2023-03-27 21:01:21,True,3.374e-05,1.094e-08,20001000.0,2.18905,0xe8...51de,https://bscscan.com/tx/0x5ea2f9eb9c70c923f28ea4f375940a4ec909bdb6b27472add351845538fdc982
2023-03-27 21:01:00,True,3.373e-05,1.094e-08,8892187.0,0.9728,0x3a...1a31,https://bscscan.com/tx/0x530ed21a8de8d93b5d89a5f7fceacc5e5bdebd880a39ee061389d7ae7d9760da
2023-03-27 20:59:45,True,3.356e-05,1.093e-08,2255149.0,0.2467,0xd1...c051,https://bscscan.com/tx/0xe5e1a0417c3b7cbfa5866adf852c9ab77bc33c8b3ec80fbb9552527cdca47a16
2023-03-27 20:58:41,True,3.356e-05,1.093e-08,106536.0,0.0116,0x56...659c,https://bscscan.com/tx/0xe91df641c49445ff91b6f982abfa5d141e4e2e599d7de7d5bdd21c2baca22a15
2023-03-27 20:58:20,True,3.357e-05,1.093e-08,150150.0,0.0164,0x0f...b54e,https://bscscan.com/tx/0xcf4ec6ae4ecf068e5be5a37ed2264eea6cc98c908f424567f66af0fb770a59aa
2023-03-27 20:58:17,True,3.357e-05,1.093e-08,1005589.0,0.11,0x17...a3d7,https://bscscan.com/tx/0x3982358e0b20ef127de79c72bbd50a1424bc81536d709b615575a11a707f58d4
2023-03-27 20:55:17,True,3.355e-05,1.093e-08,36567.3,0.004,0xe2...8a2a,https://bscscan.com/tx/0x56b0f309a9db0d62f53c8590774a0c8c590737ccd23fadd454c310d7ca3a0299
2023-03-27 20:55:05,True,3.37e-05,1.093e-08,30091002.0,3.29036,0x20...946b,https://bscscan.com/tx/0x173874b2e58d5810e584e028b32d860247b3b5ca3fd7ba015af16c30b4aa6664
2023-03-27 20:54:53,True,3.369e-05,1.093e-08,73188.4,0.008,0xc5...a52f,https://bscscan.com/tx/0xed7744d7dabd87afdc908db2e885b62aa8731ae8a0f2a548c6051c63cc78832d
2023-03-27 20:54:08,True,3.368e-05,1.092e-08,29769340.0,3.25281,0xc1...f4fe,https://bscscan.com/tx/0x08ffc8ada32f9fa8b2c3d2281bb052b8f9f0db2cad913a2318c3a1b6e401129a
2023-03-27 20:53:29,True,3.367e-05,1.092e-08,183101.0,0.02,0xc1...7c0b,https://bscscan.com/tx/0x15f4b534fd688fbaf5e281babd3dc80a30809ce03d5cc459ae1ac9e64cb4ad73
2023-03-27 20:53:17,False,3.335e-05,1.087e-08,46859000.0,5.09562,0x28...c22f,https://bscscan.com/tx/0x713b4aa7d24d8f7139ae3d92efa7686018db8a74fac9faa00eba8e969659d26a
2023-03-27 20:53:17,False,3.337e-05,1.088e-08,8657.83,9.42e-05,0x28...c22f,https://bscscan.com/tx/0x713b4aa7d24d8f7139ae3d92efa7686018db8a74fac9faa00eba8e969659d26a
2023-03-27 20:52:47,True,3.37e-05,1.093e-08,536015.0,0.0586,0x4f...ed43,https://bscscan.com/tx/0x566d24fa55bbd70c9d73db3a434d852d15d89c018439e91d33901e1af4246ab8
2023-03-27 20:51:41,False,3.355e-05,1.088e-08,2662578.0,0.2897,0x92...453e,https://bscscan.com/tx/0xd8607424fa285d7979ffe9bbe073b409c6ae0abfdc3d0f73d10c21bda1bac28b
2023-03-27 20:51:41,False,3.355e-05,1.088e-08,31175.8,0.0033,0x92...453e,https://bscscan.com/tx/0xd8607424fa285d7979ffe9bbe073b409c6ae0abfdc3d0f73d10c21bda1bac28b
2023-03-27 20:50:47,True,3.372e-05,1.093e-08,1480693.0,0.1619,0xc1...7adb,https://bscscan.com/tx/0x0ced81f9944efe1d9deff07a7132d335fb753c2e11d245870456674a226bf201
2023-03-27 20:50:20,True,3.371e-05,1.093e-08,36578.7,0.004,0x0d...26f8,https://bscscan.com/tx/0xd6a5cc8f6472632d84b7fe9b62b5003e2269cced38979c8e181ccb5acf10e50d
2023-03-27 20:49:53,False,3.355e-05,1.088e-08,9999218.0,1.08812,0xc9...c90f,https://bscscan.com/tx/0x0b7a3f8e5302b1655152ccca816544ab35ede493c03c566eca84f350d4a57515
2023-03-27 20:49:53,False,3.355e-05,1.088e-08,827.447,9.005e-06,0xc9...c90f,https://bscscan.com/tx/0x0b7a3f8e5302b1655152ccca816544ab35ede493c03c566eca84f350d4a57515
2023-03-27 20:49:41,False,3.355e-05,1.088e-08,305543.0,0.0332,0x22...5e18,https://bscscan.com/tx/0x9fc84e1363d989cf0b4ac42137aab9f16192b3428f7508be738c9dcb4eef4f27
2023-03-27 20:49:41,False,3.355e-05,1.088e-08,27000.0,0.0029,0x22...5e18,https://bscscan.com/tx/0x9fc84e1363d989cf0b4ac42137aab9f16192b3428f7508be738c9dcb4eef4f27
2023-03-27 20:49:14,False,3.339e-05,1.088e-08,9970000.0,1.08521,0x78...39b8,https://bscscan.com/tx/0x5966b10ca5b85df00e070d8fd7866aadcec93662cc4a8a0aa0b01745fce1e9af
2023-03-27 20:49:14,False,3.339e-05,1.088e-08,88128.4,0.0095,0x78...39b8,https://bscscan.com/tx/0x5966b10ca5b85df00e070d8fd7866aadcec93662cc4a8a0aa0b01745fce1e9af
2023-03-27 20:48:32,True,3.354e-05,1.093e-08,29716933.0,3.25008,0xc1...f4fe,https://bscscan.com/tx/0xea4612d59e560702a0419483e4cf18fd1bbfb8d6c0e36369376216977288b90a
2023-03-27 20:45:41,False,3.337e-05,1.087e-08,2914438.0,0.317,0x44...7b15,https://bscscan.com/tx/0x37fa719b475a8989c49bf543ee7857754477d6f8152b38263e942a2e85116fe1
2023-03-27 20:45:41,False,3.337e-05,1.087e-08,2735.85,2.976e-05,0x44...7b15,https://bscscan.com/tx/0x37fa719b475a8989c49bf543ee7857754477d6f8152b38263e942a2e85116fe1
2023-03-27 20:45:20,False,3.354e-05,1.087e-08,1010240.0,0.1099,0x6a...47ef,https://bscscan.com/tx/0x85be5bc2a41b91bacc46042681f6c70754f63c31d48c2685003c3fa00281b9b1
2023-03-27 20:45:20,False,3.354e-05,1.087e-08,5400.0,5.874e-05,0x6a...47ef,https://bscscan.com/tx/0x85be5bc2a41b91bacc46042681f6c70754f63c31d48c2685003c3fa00281b9b1
2023-03-27 20:45:14,False,3.354e-05,1.087e-08,1994000.0,0.2169,0x4e...abb7,https://bscscan.com/tx/0x08ee3947ccb926f3aefa83b56ff553abbd432d460d6688626778e138c0e74f99
2023-03-27 20:45:14,False,3.354e-05,1.087e-08,1256.01,1.366e-05,0x4e...abb7,https://bscscan.com/tx/0x08ee3947ccb926f3aefa83b56ff553abbd432d460d6688626778e138c0e74f99
2023-03-27 20:44:29,False,3.354e-05,1.087e-08,463794.0,0.0504,0x32...dfa7,https://bscscan.com/tx/0x7a83dda95ea390027d03e5eb88d761c27f456d4234c7de2761bae511bf5cbcff
2023-03-27 20:44:29,False,3.354e-05,1.087e-08,108246.0,0.0117,0x32...dfa7,https://bscscan.com/tx/0x7a83dda95ea390027d03e5eb88d761c27f456d4234c7de2761bae511bf5cbcff
2023-03-27 20:44:29,True,3.37e-05,1.093e-08,30091006.0,3.28911,0x20...946b,https://bscscan.com/tx/0xacfe37e25c62817d704adf416645c846f1141c7674e6e27fc1fba484b0263131
2023-03-27 20:43:20,False,3.353e-05,1.087e-08,9970000.0,1.08407,0x78...39b8,https://bscscan.com/tx/0xbd0346c35a91fa798de088a4ebb434b634ca49068089bf6c347ff8a163b73cac
2023-03-27 20:43:20,False,3.353e-05,1.087e-08,15916.9,0.0017,0x78...39b8,https://bscscan.com/tx/0xbd0346c35a91fa798de088a4ebb434b634ca49068089bf6c347ff8a163b73cac
2023-03-27 20:41:50,True,3.353e-05,1.092e-08,2074463.0,0.2267,0x3e...06fe,https://bscscan.com/tx/0x02090967053f10c5fc3d2fe3b19b4b245a1138fa0613b769e38264f0a02fad7f
2023-03-27 20:41:47,True,3.353e-05,1.092e-08,2076990.0,0.2269,0xdc...37a9,https://bscscan.com/tx/0xc8e04d1c53c86804431f59423aaca49bb9fb0fb7e2b393ed6d6ecae047b5da8b
2023-03-27 20:41:14,False,3.353e-05,1.087e-08,809056.0,0.0879,0x3b...324e,https://bscscan.com/tx/0x67bfbcad4c846c3a5663f46bfa7fe668acd9c4b804b1ae8d5371943a5e23dc0b
2023-03-27 20:41:14,False,3.353e-05,1.087e-08,27000.0,0.0029,0x3b...324e,https://bscscan.com/tx/0x67bfbcad4c846c3a5663f46bfa7fe668acd9c4b804b1ae8d5371943a5e23dc0b
2023-03-27 20:38:26,False,3.338e-05,1.087e-08,9970000.0,1.08424,0x78...39b8,https://bscscan.com/tx/0x0989f359ef91f30e49e14f70970d8419645b7a915487b50a82be3c91c5283ae1
2023-03-27 20:38:26,False,3.338e-05,1.087e-08,217246.0,0.0236,0x78...39b8,https://bscscan.com/tx/0x0989f359ef91f30e49e14f70970d8419645b7a915487b50a82be3c91c5283ae1
2023-03-27 20:38:11,True,3.354e-05,1.092e-08,23472875.0,2.56509,0x20...946b,https://bscscan.com/tx/0xab7e82bef801df51f8bddcf6ef83bd7f3a564d31bf01e117662cabef984534fe
2023-03-27 20:35:50,True,3.37e-05,1.092e-08,29780626.0,3.25229,0xc1...f4fe,https://bscscan.com/tx/0x320b9975abaeb645f335b7256c7be903b875c612b35a7408c8a825b76315b60a
2023-03-27 20:33:02,True,3.359e-05,1.091e-08,210684.0,0.023,0x18...021b,https://bscscan.com/tx/0x2b1115c400753fc3372d33452fadb23f50b337fff6f2600d22c229c096e74fab
2023-03-27 20:32:44,True,3.361e-05,1.091e-08,2960201.0,0.3231,0x6f...fe8d,https://bscscan.com/tx/0x2883142e2cb83f6cea6b6dbfd47b806a9829e6758444902413a8f1ca4b4fddfe
2023-03-27 20:31:44,True,3.378e-05,1.091e-08,194743.0,0.0212,0x70...8397,https://bscscan.com/tx/0x81733a614c21031902950ab2032c926cee65786faad438218afb2db8fc47efb4
2023-03-27 20:30:11,True,3.38e-05,1.091e-08,183233.0,0.02,0xf0...8824,https://bscscan.com/tx/0xf2116596d2bbde92dfd4c4670833253af90159ee18056a5804a5cc1e728d51c5
2023-03-27 20:29:50,True,3.365e-05,1.091e-08,2533500.0,0.2765,0x34...6e65,https://bscscan.com/tx/0x87b3f4280e13e82fb71f1d71a2b7244a756b576ec1ee4c6d6c31c516ab9ead25
2023-03-27 20:27:47,False,3.366e-05,1.086e-08,13215113.0,1.43549,0x4c...3b03,https://bscscan.com/tx/0x077eb1547241d8cd4dc59a348ec7dc97774a1cdb43611b78c7f79d09f1d0b00e
2023-03-27 20:27:47,False,3.367e-05,1.086e-08,13500.0,0.0014,0x4c...3b03,https://bscscan.com/tx/0x077eb1547241d8cd4dc59a348ec7dc97774a1cdb43611b78c7f79d09f1d0b00e
2023-03-27 20:25:56,False,3.367e-05,1.086e-08,4985000.0,0.5416,0xa8...7ca9,https://bscscan.com/tx/0x072e9e7ab5062800bae65ea117e3131ce3e6f7c996810ab02ee8f90063cd1162
2023-03-27 20:25:56,False,3.367e-05,1.086e-08,3620.01,3.933e-05,0xa8...7ca9,https://bscscan.com/tx/0x072e9e7ab5062800bae65ea117e3131ce3e6f7c996810ab02ee8f90063cd1162
2023-03-27 20:24:14,True,3.367e-05,1.092e-08,91574.6,0.01,0x8a...c09b,https://bscscan.com/tx/0x709d45f83a3cb79aed5440f371b1762c847fee2948f9308c01191aeb76271a5f
2023-03-27 20:23:44,False,3.351e-05,1.086e-08,1245423.0,0.1353,0xc7...122d,https://bscscan.com/tx/0xdc1768d3259a732b16bcece89b20271604f4038632287dc2bfcc74a6cca73cdb
2023-03-27 20:23:44,False,3.351e-05,1.086e-08,1212.77,1.317e-05,0xc7...122d,https://bscscan.com/tx/0xdc1768d3259a732b16bcece89b20271604f4038632287dc2bfcc74a6cca73cdb
2023-03-27 20:23:11,True,3.384e-05,1.092e-08,150000.0,0.0163,0xf1...39b6,https://bscscan.com/tx/0x0018a54a3f509c7089a12f7ec56cff94d04bb2f6c4e03009a92bccfd898ae5bb
2023-03-27 20:23:08,False,3.368e-05,1.086e-08,298277.0,0.0324,0x7c...e637,https://bscscan.com/tx/0xca7aad7c27fcb4b0856777f53de6d33e9e0cf9d8f57db011978b6860bb82d66d
2023-03-27 20:23:08,False,3.368e-05,1.086e-08,2122.96,2.306e-05,0x7c...e637,https://bscscan.com/tx/0xca7aad7c27fcb4b0856777f53de6d33e9e0cf9d8f57db011978b6860bb82d66d
2023-03-27 20:22:41,False,3.368e-05,1.086e-08,783922.0,0.0851,0x3c...4927,https://bscscan.com/tx/0x8726d3b212a36c4893042e977505ea1ca5d880f8bfebee0d1f0f6aa6520ddee2
2023-03-27 20:22:41,False,3.368e-05,1.086e-08,120799.0,0.0131,0x3c...4927,https://bscscan.com/tx/0x8726d3b212a36c4893042e977505ea1ca5d880f8bfebee0d1f0f6aa6520ddee2
2023-03-27 20:22:17,True,3.368e-05,1.092e-08,393214.0,0.0429,0x35...6a65,https://bscscan.com/tx/0xa62ca7e4f6549bf4bf405dad83e14c3bb435f1e2b19a5f67e54dbea3748fbff9
2023-03-27 20:20:26,True,3.384e-05,1.092e-08,393280.0,0.0429,0x35...6a65,https://bscscan.com/tx/0xfff870eb40d29c23d2790452345e644533fef9647daf32e6ff22172255f4ef7a
2023-03-27 20:18:44,True,3.372e-05,1.091e-08,43766225.0,4.77692,0x26...c9e3,https://bscscan.com/tx/0xe20b4103263d6b0d3116596b7353e9bde269fa24d9148b3fae9a9f425abc2231
2023-03-27 20:17:14,False,3.335e-05,1.085e-08,186992.0,0.0203,0x33...f88e,https://bscscan.com/tx/0x1e0012806fa25ad45f966daa0ceb8d9239f98702f7c43e5a3c39341c2622b7c2
2023-03-27 20:17:14,False,3.335e-05,1.085e-08,3469.64,3.766e-05,0x33...f88e,https://bscscan.com/tx/0x1e0012806fa25ad45f966daa0ceb8d9239f98702f7c43e5a3c39341c2622b7c2
2023-03-27 20:17:08,True,3.369e-05,1.09e-08,18333.7,0.002,0x04...3d69,https://bscscan.com/tx/0x7a309e56f80d661c8ac9b4008a334dd742ff698ee32a25f9759fa12f2e96dd09
2023-03-27 20:15:38,False,3.352e-05,1.085e-08,1262920.0,0.137,0x4e...abb7,https://bscscan.com/tx/0xa6da4ec6700989533aafde812e38a4a66058502f753219395e85982ed44e4e13
2023-03-27 20:15:38,False,3.352e-05,1.085e-08,102301.0,0.0111,0x4e...abb7,https://bscscan.com/tx/0xa6da4ec6700989533aafde812e38a4a66058502f753219395e85982ed44e4e13
2023-03-27 20:15:32,True,3.368e-05,1.09e-08,17391274.0,1.89685,0xe3...a028,https://bscscan.com/tx/0xadb6c31ac34208efdad3608a709bfaa3e85c18fcab8ce4475ad93d951cb202d3
2023-03-27 20:14:56,True,3.348e-05,1.09e-08,17402132.0,1.89723,0xe3...a028,https://bscscan.com/tx/0x3f59b6fcd988b27ae658631740447709122ca5cbcfc04382eda1c43e56daf3aa
2023-03-27 20:14:44,False,3.33e-05,1.084e-08,3086410.0,0.3347,0xc2...1d47,https://bscscan.com/tx/0x08acfbe9042cc4fe57b36a0d49eb9c95741a1121fb8e898176e777a456b21fb6
2023-03-27 20:14:44,False,3.331e-05,1.084e-08,14436.1,0.0015,0xc2...1d47,https://bscscan.com/tx/0x08acfbe9042cc4fe57b36a0d49eb9c95741a1121fb8e898176e777a456b21fb6
2023-03-27 20:13:32,False,3.329e-05,1.084e-08,5330670.0,0.5782,0x5b...bc09,https://bscscan.com/tx/0x793b00264b93eb32fcee892a26b5d1098b54171466a4c903ac9048747e500419
2023-03-27 20:13:32,False,3.329e-05,1.084e-08,1660830.0,0.1801,0x5b...bc09,https://bscscan.com/tx/0x793b00264b93eb32fcee892a26b5d1098b54171466a4c903ac9048747e500419
2023-03-27 20:13:20,True,3.363e-05,1.09e-08,910000.0,0.0992,0x78...769b,https://bscscan.com/tx/0x71e5c192f3c7facbabf22e6c0dea0de49710255154a17f1fa154efd18b88247f
2023-03-27 20:12:44,True,3.363e-05,1.09e-08,267598.0,0.0291,0x30...d3b1,https://bscscan.com/tx/0x42de54b74c3dfb0c0f76540c348164562e9f7fd8e28392b1acee56300f77df07
2023-03-27 20:12:41,True,3.362e-05,1.09e-08,11869496.0,1.29387,0x5c...25d1,https://bscscan.com/tx/0x091ba9fb8375af83901ca464a913fdb8b85df299f6699172982421ebbc1c3b14
2023-03-27 20:11:41,True,3.359e-05,1.089e-08,65882828.0,7.17495,0x19...6dd1,https://bscscan.com/tx/0xbe9db77492746db71f11dc09097abc4b7603bd00c0e8b582ec0e17caa2843179
2023-03-27 20:11:29,True,3.355e-05,1.087e-08,30069260.0,3.27087,0x20...946b,https://bscscan.com/tx/0x8fb706947ff36a6381f6ea56ebdfb8b633c69d026f6ed881eb31b3aa05ff5f4f
2023-03-27 20:11:23,True,3.352e-05,1.086e-08,29860900.0,3.24584,0xc1...f4fe,https://bscscan.com/tx/0x018adc52b1f03560f8bb32a7c5e1d556d994fdb54c90b226b6049786d34c4200
2023-03-27 20:11:11,True,3.35e-05,1.086e-08,14923662.0,1.6213,0x17...4266,https://bscscan.com/tx/0x63770c311e8d6cdcabdd512237dbac1434fa711d242be3f90f581ffc5dd1638c
2023-03-27 20:11:08,True,3.349e-05,1.085e-08,61338310.0,6.66094,0x7c...eff1,https://bscscan.com/tx/0xd6d45638b9ed3b427d442611941f132d4e263edebcaf2a2b44aa0f1c0e44833a
2023-03-27 20:11:08,True,3.344e-05,1.084e-08,11091181.0,1.20277,0x93...9236,https://bscscan.com/tx/0xd4daeec715fa720b7ee41de21aaba42cc5b7cbc41d5a2e725282e8274b268f42
2023-03-27 20:11:08,True,3.343e-05,1.084e-08,14066907.0,1.525,0x80...4181,https://bscscan.com/tx/0xf23f99c2bf43839e566d86fc3ed48905c338f4fcd57d14812ac9177cf89e3652
2023-03-27 20:11:08,False,3.342e-05,1.083e-08,398800000.0,43.2197,0x83...98c1,https://bscscan.com/tx/0x0202dcc8801ee3ba178fe21b6ebce4f04e11bd282768aa750aba18229a450653
2023-03-27 20:11:08,False,3.358e-05,1.088e-08,203295.0,0.0221,0x83...98c1,https://bscscan.com/tx/0x0202dcc8801ee3ba178fe21b6ebce4f04e11bd282768aa750aba18229a450653
2023-03-27 20:10:47,True,3.358e-05,1.094e-08,200000.0,0.0218,0x4a...159d,https://bscscan.com/tx/0x8ae3e3f7767333d122166f9bc3da515be0f9ebff23288ae9e477c50f2e6357f0
2023-03-27 20:06:02,False,3.342e-05,1.089e-08,74868977.0,8.1606,0x0c...fcc1,https://bscscan.com/tx/0x1d1f1afe0b881abeec91e27204031039e83142a99560522636028921b621fe11
2023-03-27 20:06:02,False,3.345e-05,1.09e-08,444.863,4.853e-06,0x0c...fcc1,https://bscscan.com/tx/0x1d1f1afe0b881abeec91e27204031039e83142a99560522636028921b621fe11
2023-03-27 20:04:32,False,3.361e-05,1.09e-08,164270.0,0.0179,0x78...d2d7,https://bscscan.com/tx/0x10d9795c8fa3041539b48fb0de5550df4a755bdcc623aa12e93797ed2c7e41c9
2023-03-27 20:04:32,False,3.361e-05,1.09e-08,119405.0,0.013,0x78...d2d7,https://bscscan.com/tx/0x10d9795c8fa3041539b48fb0de5550df4a755bdcc623aa12e93797ed2c7e41c9
2023-03-27 20:03:05,False,3.364e-05,1.091e-08,44091265.0,4.81286,0xff...a8c4,https://bscscan.com/tx/0x7f9ba2019653fda07bdd38de3b080e92756bae7a6549f5a2ff49844fd6590917
2023-03-27 20:03:05,False,3.365e-05,1.092e-08,5572.25,6.085e-05,0xff...a8c4,https://bscscan.com/tx/0x7f9ba2019653fda07bdd38de3b080e92756bae7a6549f5a2ff49844fd6590917
2023-03-27 20:00:43,False,3.348e-05,1.092e-08,2057607.0,0.2247,0xc2...1d47,https://bscscan.com/tx/0xb6ac79f587564a8d15c127506a288da7545220369d75ea1f1ecd0ecf87cf334a
2023-03-27 20:00:43,False,3.348e-05,1.092e-08,55561.2,0.006,0xc2...1d47,https://bscscan.com/tx/0xb6ac79f587564a8d15c127506a288da7545220369d75ea1f1ecd0ecf87cf334a
2023-03-27 20:00:37,True,3.382e-05,1.097e-08,177392.0,0.0194,0xc2...d263,https://bscscan.com/tx/0x2b00f3b7d9d20ca95b5c8f8ec1c0ef57c79926317e20d2fef57bf517f2fb1eae
2023-03-27 19:59:41,True,3.386e-05,1.097e-08,2816725.0,0.3091,0xe3...a028,https://bscscan.com/tx/0xdaa7ab9aa792bc92b88a4e822df3f397754d7fd66c237d134c4e541cfcf54077
2023-03-27 19:58:56,True,3.386e-05,1.097e-08,45553.5,0.005,0xb6...e815,https://bscscan.com/tx/0x664f96607b20d6a2be27335bf894328e5f567d6325a286e159123d75a4c9e22a
2023-03-27 19:58:47,True,3.369e-05,1.097e-08,50729.0,0.0055,0x20...f960,https://bscscan.com/tx/0x4d84a1b2809503b6ab141400d08da7761a4ff3e3067fe5b9bea343ec8923ed63
2023-03-27 19:58:14,True,3.37e-05,1.097e-08,216875.0,0.0238,0xbd...3739,https://bscscan.com/tx/0xc48d5ea6da9f8041b5107a0d6855034e40a6f968c58d37450c62b2da2ee4b0e5
2023-03-27 19:58:05,True,3.388e-05,1.097e-08,16604005.0,1.82209,0xe3...a028,https://bscscan.com/tx/0x2bcd08fa804b2ed8af79d9ec55a22ad4f8b8337918b5216fecc838c39a44a8b0
2023-03-27 19:57:14,True,3.389e-05,1.097e-08,20000.0,0.0021,0x55...0764,https://bscscan.com/tx/0xa754423e96b44ef4101fa36133d49b928effe6d35e804369adf4c22c74f0f425
2023-03-27 19:56:59,False,3.372e-05,1.091e-08,645018.0,0.0704,0x79...9df9,https://bscscan.com/tx/0x8be18407e7de797f5f37962a909bf036668f270bf58fc3dde86bbacd293914b3
2023-03-27 19:56:59,False,3.372e-05,1.091e-08,142669.0,0.0155,0x79...9df9,https://bscscan.com/tx/0x8be18407e7de797f5f37962a909bf036668f270bf58fc3dde86bbacd293914b3
2023-03-27 19:56:26,True,3.387e-05,1.096e-08,29517486.0,3.23743,0xe3...a028,https://bscscan.com/tx/0x46742aadcd0cdcab28939d13f56e7049df28c27a1c2eb2e8aec44dfd47dbaeae
2023-03-27 19:56:05,True,3.37e-05,1.096e-08,1373869.0,0.1506,0xdf...e049,https://bscscan.com/tx/0x3672fb2cfe97477af1ea61d4dd81ffdf8419a0d25c73116d4426ec954afccd38
2023-03-27 19:54:14,True,3.369e-05,1.096e-08,202979.0,0.0222,0x41...d39e,https://bscscan.com/tx/0xd90d4629bd15f540b8c4fb2efb7a8946127c25d511446e8f8123a2836d9a0afd
2023-03-27 19:54:11,True,3.369e-05,1.096e-08,2491709.0,0.2731,0x1c...ee15,https://bscscan.com/tx/0x23f34918d337180b5067b8858ddc45550f171e89e83465d4b4010e913ac51bbd
2023-03-27 19:53:56,True,3.386e-05,1.096e-08,2500993.0,0.2741,0x1c...ee15,https://bscscan.com/tx/0x383f1aa76b5901869417cd9c37652eeb0223ff1755f93c902e51f9998c014d3d
2023-03-27 19:53:44,False,3.352e-05,1.09e-08,16703191.0,1.82225,0x41...4c19,https://bscscan.com/tx/0x1f14c88326df03377e0e4731b63d88f96c9cc7bd8c2637225c35dc9721a6c334
2023-03-27 19:53:44,False,3.353e-05,1.091e-08,23188.9,0.0025,0x41...4c19,https://bscscan.com/tx/0x1f14c88326df03377e0e4731b63d88f96c9cc7bd8c2637225c35dc9721a6c334
2023-03-27 19:53:05,False,3.37e-05,1.091e-08,8562717.0,0.9344,0x05...7066,https://bscscan.com/tx/0x7c93119eb8be1375d8b1892dc9260a9a89f749f10e1adc1b332efc22abc294cb
2023-03-27 19:53:05,False,3.371e-05,1.091e-08,94265.1,0.0102,0x05...7066,https://bscscan.com/tx/0x7c93119eb8be1375d8b1892dc9260a9a89f749f10e1adc1b332efc22abc294cb
2023-03-27 19:53:05,False,3.372e-05,1.091e-08,34808276.0,3.80063,0x05...7066,https://bscscan.com/tx/0xa87411daa39eea079a96beef346f14c66e66f4a7662414c1bbce68d83a30fb9a
2023-03-27 19:53:05,False,3.374e-05,1.092e-08,80723.3,0.0088,0x05...7066,https://bscscan.com/tx/0xa87411daa39eea079a96beef346f14c66e66f4a7662414c1bbce68d83a30fb9a
2023-03-27 19:51:53,False,3.378e-05,1.092e-08,29807813.0,3.25721,0xc0...1f4f,https://bscscan.com/tx/0x4b4d9306664116bd522021f91411213f6b8310426552cffe6175ae5ff99ee5d2
2023-03-27 19:51:53,False,3.379e-05,1.093e-08,28365.5,0.0031,0xc0...1f4f,https://bscscan.com/tx/0x4b4d9306664116bd522021f91411213f6b8310426552cffe6175ae5ff99ee5d2
2023-03-27 19:51:35,False,3.361e-05,1.093e-08,10474207.0,1.14512,0x05...7066,https://bscscan.com/tx/0x7cb9f7f0de56360b0181452ebc6bb71d2067a8e5e60904843b289a5366c95c07
2023-03-27 19:51:35,False,3.362e-05,1.093e-08,111282.0,0.0121,0x05...7066,https://bscscan.com/tx/0x7cb9f7f0de56360b0181452ebc6bb71d2067a8e5e60904843b289a5366c95c07
2023-03-27 19:50:23,True,3.387e-05,1.098e-08,310000.0,0.034,0x73...fc69,https://bscscan.com/tx/0x85a6b730a1dbf6a9f82a93318c9898ff7059f33243b9120fd3f517efe1e58eed
2023-03-27 19:49:53,True,3.387e-05,1.098e-08,4550276.0,0.5,0x67...a059,https://bscscan.com/tx/0xa93a1c32e1d58313fa9aa41a2aed3af0e9e628952f4719083d9b76dbe90d647e
2023-03-27 19:47:20,True,3.402e-05,1.098e-08,3570507.0,0.3923,0x0d...53da,https://bscscan.com/tx/0x0aeb901cb53b37837e32c718ae9ba727e531cc4123a1405b14e47b4050a46cb8
2023-03-27 19:46:32,True,3.402e-05,1.098e-08,29410342.0,3.23009,0xe3...a028,https://bscscan.com/tx/0x4d11e02deeea7533bc1f662264cf2634070c1d6fb89f1334a8974002bdd85108
2023-03-27 19:46:26,True,3.4e-05,1.097e-08,192402.0,0.0211,0x64...b51d,https://bscscan.com/tx/0x6b51d03f117f9af98ce398334f04fbbd184dfa5b5e189728451bdbbe5305b468
2023-03-27 19:42:41,False,3.375e-05,1.092e-08,2991000.0,0.3267,0x78...39b8,https://bscscan.com/tx/0x46d7f8dd0f761e1040fee164533015da7e1145a4cac9276924669cb0f4e0bd09
2023-03-27 19:42:41,False,3.375e-05,1.092e-08,1681.22,1.836e-05,0x78...39b8,https://bscscan.com/tx/0x46d7f8dd0f761e1040fee164533015da7e1145a4cac9276924669cb0f4e0bd09
2023-03-27 19:42:41,False,3.375e-05,1.092e-08,620806.0,0.0678,0x0c...cc63,https://bscscan.com/tx/0x3f4c474e4a06fd35e3fd72eb33413a736b2fe408b5ca149a2f93c69e214ed511
2023-03-27 19:42:41,False,3.376e-05,1.092e-08,49781.5,0.0054,0x0c...cc63,https://bscscan.com/tx/0x3f4c474e4a06fd35e3fd72eb33413a736b2fe408b5ca149a2f93c69e214ed511
2023-03-27 19:42:41,True,3.392e-05,1.097e-08,18225887.0,2.00072,0x36...14b1,https://bscscan.com/tx/0x0d91ce88dbc788c78da8ca90eadc5bd52876a9ee91b511b010676dd98365bf35
2023-03-27 19:41:26,True,3.392e-05,1.097e-08,61700.6,0.0067,0x41...d39e,https://bscscan.com/tx/0x9c0a4d4da0904e8be24b16530adb1d1b19eebd26923171ffb5bac8fb2c50eabd
2023-03-27 19:41:14,False,3.392e-05,1.092e-08,149550.0,0.0163,0x61...5754,https://bscscan.com/tx/0x28ab29a5b2a0c8e15f6c0a51f38ab6a99bca7378a528ae0573e85b70393c6aaf
2023-03-27 19:41:14,False,3.392e-05,1.092e-08,4222.5,4.611e-05,0x61...5754,https://bscscan.com/tx/0x28ab29a5b2a0c8e15f6c0a51f38ab6a99bca7378a528ae0573e85b70393c6aaf
2023-03-27 19:41:02,True,3.392e-05,1.097e-08,63781.6,0.007,0x3f...45b3,https://bscscan.com/tx/0xc6f55ca43e2f6015b40bd8593d7ef909215b090b9735384e3d498c189736c291
2023-03-27 19:39:26,False,3.374e-05,1.092e-08,1495605.0,0.1633,0x1f...4f4f,https://bscscan.com/tx/0x175d589375b866eccaef0559af2fe1794c770cc5a1ade2d5df153545958f703b
2023-03-27 19:39:26,False,3.375e-05,1.092e-08,116461.0,0.0127,0x1f...4f4f,https://bscscan.com/tx/0x175d589375b866eccaef0559af2fe1794c770cc5a1ade2d5df153545958f703b
2023-03-27 19:37:50,True,3.414e-05,1.097e-08,22784605.0,2.5,0x78...39b8,https://bscscan.com/tx/0xdd8a346a2564cda2972bcfe60e5f682a748bbe96c67bd10cef902c8c9b7021ad
2023-03-27 19:36:44,True,3.396e-05,1.096e-08,207603.0,0.0227,0xc4...c5da,https://bscscan.com/tx/0x922972f382af75d030dc36ccf33ed40895f0797df7c11b6ecf5ce5f5d200a314
2023-03-27 19:36:11,True,3.398e-05,1.096e-08,2283524.0,0.2504,0x97...757c,https://bscscan.com/tx/0x597a306267d85df251eb20d4c6dd49f204f3175650714f728095824087e5b1b1
2023-03-27 19:36:02,False,3.399e-05,1.091e-08,17804449.0,1.94357,0x09...2ecd,https://bscscan.com/tx/0x25a06db12a1529bf8fb65852b58c84f1f50a7f4376bb8aa4493e34618827bb87
2023-03-27 19:36:02,False,3.399e-05,1.091e-08,89946.7,0.0098,0x09...2ecd,https://bscscan.com/tx/0x25a06db12a1529bf8fb65852b58c84f1f50a7f4376bb8aa4493e34618827bb87
2023-03-27 19:35:38,True,3.416e-05,1.097e-08,8142010.0,0.8933,0xda...9a72,https://bscscan.com/tx/0x74738f1b5f3dc918483a5e60a4212995e0ed18a0f614eca9f6279a3d8a67cb3f
2023-03-27 19:33:59,True,3.399e-05,1.097e-08,273444.0,0.03,0x46...5906,https://bscscan.com/tx/0x71a177d51a412848f4c7560e69e3b31b7905b3243d3fcb48ea51207b9b6bbb29
2023-03-27 19:33:44,False,3.4e-05,1.091e-08,24823429.0,2.71063,0xa0...bb4b,https://bscscan.com/tx/0x684e25c71a8dd0979ff3b9ed2631f5ba7815dc3a3a6b40bc8fc8271aeb8e1da8
2023-03-27 19:33:44,False,3.401e-05,1.092e-08,34128.4,0.0037,0xa0...bb4b,https://bscscan.com/tx/0x684e25c71a8dd0979ff3b9ed2631f5ba7815dc3a3a6b40bc8fc8271aeb8e1da8
2023-03-27 19:29:23,True,3.401e-05,1.097e-08,273280.0,0.03,0xe9...e846,https://bscscan.com/tx/0x2d03abec86efa26ae4e3e8f31549422a1a85c8e2519b3ee6a21ec546574bde24
2023-03-27 19:27:44,False,3.406e-05,1.092e-08,9586746.0,1.04727,0xc1...4691,https://bscscan.com/tx/0x041d21bf67bebc2c97452b26a97126e80b97d1e6a110adf3d949531afbcfc747
2023-03-27 19:27:44,False,3.406e-05,1.092e-08,9126.28,9.97e-05,0xc1...4691,https://bscscan.com/tx/0x041d21bf67bebc2c97452b26a97126e80b97d1e6a110adf3d949531afbcfc747
2023-03-27 19:27:17,True,3.425e-05,1.098e-08,63750.8,0.007,0x8e...fd91,https://bscscan.com/tx/0x53b0925ba1745d709381f5a9dba625ab324348ee063836fe73fd880102c04a43
2023-03-27 19:24:35,True,3.433e-05,1.097e-08,2911380.0,0.3196,0x53...f8f9,https://bscscan.com/tx/0x5342550e9a7fdd5584b035d7d45af0a1ea25961ea09712cf996c9e2bb4523101
2023-03-27 19:23:41,False,3.414e-05,1.092e-08,403757.0,0.0441,0x20...6d9d,https://bscscan.com/tx/0x51c7d3e45e7404f6c6d1ef08a72d0914aba54942fd87536e1e9c4b6bd09fdcad
2023-03-27 19:23:41,False,3.414e-05,1.092e-08,9438.41,0.001,0x20...6d9d,https://bscscan.com/tx/0x51c7d3e45e7404f6c6d1ef08a72d0914aba54942fd87536e1e9c4b6bd09fdcad
2023-03-27 19:21:50,False,3.397e-05,1.092e-08,3485219.0,0.3807,0x0c...7773,https://bscscan.com/tx/0x8c2db46c8fd5286fb9486bbe5c659dcd03d8959d3dc8f4e2be898c1fc13d0260
2023-03-27 19:21:50,False,3.397e-05,1.092e-08,15870.1,0.0017,0x0c...7773,https://bscscan.com/tx/0x8c2db46c8fd5286fb9486bbe5c659dcd03d8959d3dc8f4e2be898c1fc13d0260
2023-03-27 19:21:44,True,3.414e-05,1.098e-08,91070.5,0.01,0x50...0256,https://bscscan.com/tx/0xa26a6b7bb6a96d68d7919aea289688e2fb1846e99b27451faf110a730828a2e7
2023-03-27 19:21:29,True,3.431e-05,1.097e-08,5282437.0,0.58,0xc4...d30c,https://bscscan.com/tx/0x9ce9345fd5f004a74d669199e7169c36c4cfd1474061107baf8f57b7c7bbb8d0
2023-03-27 19:20:32,False,3.414e-05,1.092e-08,502786.0,0.0549,0x5c...5543,https://bscscan.com/tx/0xe6d78e9485c7e8f4592e971d2f3c5909fdddcfce393e831f15b9734d61b335d2
2023-03-27 19:20:32,False,3.414e-05,1.092e-08,215.552,2.354e-06,0x5c...5543,https://bscscan.com/tx/0xe6d78e9485c7e8f4592e971d2f3c5909fdddcfce393e831f15b9734d61b335d2
2023-03-27 19:19:38,False,3.415e-05,1.092e-08,79594.4,0.0087,0x35...bf10,https://bscscan.com/tx/0x948af23c93fa3f7430f772419611788f061e7e32775640ae316b7ce56bbf5a68
2023-03-27 19:19:38,False,3.415e-05,1.092e-08,4244.57,4.636e-05,0x35...bf10,https://bscscan.com/tx/0x948af23c93fa3f7430f772419611788f061e7e32775640ae316b7ce56bbf5a68
2023-03-27 19:17:53,True,3.432e-05,1.097e-08,2732.43,3e-05,0xe7...91c3,https://bscscan.com/tx/0x70793a38a825be78cb3dd5480242f4de1e2a9fde83c9a8dcf3e94756b862343d
2023-03-27 19:17:20,True,3.432e-05,1.097e-08,1000000.0,0.1097,0x73...83a1,https://bscscan.com/tx/0x762638823c71db2ef1e0643d54234c80261266664281436aa5306b7076c7aebd
2023-03-27 19:14:20,False,3.4e-05,1.092e-08,567622.0,0.062,0x44...f1c2,https://bscscan.com/tx/0xe7a6c8492d55eac6a69ce335e324a2f169a43b641dc35543308528e868b08c0c
2023-03-27 19:14:20,False,3.4e-05,1.092e-08,3811.39,4.163e-05,0x44...f1c2,https://bscscan.com/tx/0xe7a6c8492d55eac6a69ce335e324a2f169a43b641dc35543308528e868b08c0c
2023-03-27 19:11:20,True,3.437e-05,1.097e-08,32271.4,0.0035,0xc6...1e25,https://bscscan.com/tx/0x67cf22e6d253e224ad4a9ab0f87cda8835850e8bfa2fe0cf2a57209b3bfd88cf
2023-03-27 19:08:53,True,3.419e-05,1.097e-08,481383.0,0.0528,0x86...0265,https://bscscan.com/tx/0xd36f8cfb2f7b307a012bf335fb96852862ce8798e60dccd01269b98c8e194669
2023-03-27 19:08:05,False,3.406e-05,1.092e-08,895279.0,0.0978,0x79...9df9,https://bscscan.com/tx/0x7788a3c761f2d93ac80315e4f0501148f0073c1d7a437d1c4c8bf65f05ac2459
2023-03-27 19:08:05,False,3.406e-05,1.092e-08,37633.2,0.0041,0x79...9df9,https://bscscan.com/tx/0x7788a3c761f2d93ac80315e4f0501148f0073c1d7a437d1c4c8bf65f05ac2459
2023-03-27 19:06:10,True,3.421e-05,1.097e-08,637573.0,0.07,0x95...7776,https://bscscan.com/tx/0x19de9e43666ede3aed859e16b8e5d4d38b06ce1cad5b898dc94e76b65b7d0258
2023-03-27 19:04:50,False,3.423e-05,1.092e-08,1296751.0,0.1416,0x3e...06fe,https://bscscan.com/tx/0xa2a958f4412ddef622794e815e9e00d02d68b8d99ba410a0d558f764f8c2de03
2023-03-27 19:04:50,False,3.423e-05,1.092e-08,45075.7,0.0049,0x3e...06fe,https://bscscan.com/tx/0xa2a958f4412ddef622794e815e9e00d02d68b8d99ba410a0d558f764f8c2de03
2023-03-27 19:03:47,True,3.435e-05,1.097e-08,6403604.0,0.703,0x68...403a,https://bscscan.com/tx/0xe124d2c0dd391653274ec685e98e613bf80b5687e8e31fc818f045a020552e60
2023-03-27 19:03:41,True,3.435e-05,1.097e-08,291099.0,0.0319,0x29...1986,https://bscscan.com/tx/0xce22942915544d6a02bac0530add78aa4d2d2c25e30b56ed6eee7e7e4b4d2ad9
2023-03-27 19:01:33,False,3.415e-05,1.092e-08,9970000.0,1.08914,0x78...39b8,https://bscscan.com/tx/0x486385a7631bb7687a13dcb51c21d6a06f12f1786ddcbd10a9ea4880b1457827
2023-03-27 19:01:33,False,3.416e-05,1.092e-08,21816.2,0.0023,0x78...39b8,https://bscscan.com/tx/0x486385a7631bb7687a13dcb51c21d6a06f12f1786ddcbd10a9ea4880b1457827
2023-03-27 18:58:35,True,3.433e-05,1.097e-08,4267986.0,0.4686,0xc2...1d47,https://bscscan.com/tx/0x2b03c62b8b7a28c7f34c4f621cfc0526bb7f26861ba65a52c7989cc9456546db
2023-03-27 18:56:54,False,3.416e-05,1.092e-08,3800646.0,0.4152,0x60...a254,https://bscscan.com/tx/0x8011198848a2857bca4af8e0c66568365518cec6f59b7457516a0f93a4a0004c
2023-03-27 18:56:54,False,3.416e-05,1.092e-08,27196.6,0.0029,0x60...a254,https://bscscan.com/tx/0x8011198848a2857bca4af8e0c66568365518cec6f59b7457516a0f93a4a0004c
2023-03-27 18:56:30,True,3.433e-05,1.098e-08,72815.9,0.008,0xe2...72fb,https://bscscan.com/tx/0x0dac60d212a32a3ff0208cef0b5daf1fb2cee4794a76dddec68b985929278722
2023-03-27 18:55:48,False,3.399e-05,1.092e-08,9970000.0,1.08939,0x16...3d3c,https://bscscan.com/tx/0xb87aebc976c62634820eca4f6932acf2082c1a5d11a29604ca95dc9b7e29fa24
2023-03-27 18:55:48,False,3.399e-05,1.092e-08,16214.8,0.0017,0x16...3d3c,https://bscscan.com/tx/0xb87aebc976c62634820eca4f6932acf2082c1a5d11a29604ca95dc9b7e29fa24
2023-03-27 18:55:15,True,3.416e-05,1.098e-08,5463.08,6e-05,0xe7...91c3,https://bscscan.com/tx/0x23a64c5501a9b3ffac1d105313320c1c4ffe9c6cd5147394af469e38c362588e
2023-03-27 18:54:36,False,3.4e-05,1.092e-08,5982000.0,0.6537,0x32...8eb7,https://bscscan.com/tx/0xad106be1884122416288354d490ea043c63ec88b36ac1dd7a1167afb7d5e415b
2023-03-27 18:54:36,False,3.4e-05,1.092e-08,283044.0,0.0309,0x32...8eb7,https://bscscan.com/tx/0xad106be1884122416288354d490ea043c63ec88b36ac1dd7a1167afb7d5e415b
2023-03-27 18:54:12,True,3.435e-05,1.098e-08,5990290.0,0.6579,0xfe...9c2d,https://bscscan.com/tx/0xc0faeca775b854073cbe4f84686468d55714f22f1d2741b5fef2500e5813f888
2023-03-27 18:54:12,False,3.422e-05,1.094e-08,104516688.0,11.4362,0xf6...7f40,https://bscscan.com/tx/0xde2d6b0e5019dc8a29d4b84ca968f7197442ff28b07a3193545d2f2346c4ed00
2023-03-27 18:54:12,False,3.426e-05,1.095e-08,114468.0,0.0125,0xf6...7f40,https://bscscan.com/tx/0xde2d6b0e5019dc8a29d4b84ca968f7197442ff28b07a3193545d2f2346c4ed00
2023-03-27 18:51:57,False,3.411e-05,1.096e-08,42268450.0,4.6333,0xc5...63ff,https://bscscan.com/tx/0xe04b95d12da1ceae1e2ea9ab764aa4abae3838710e29cc795d3d17d554b513c9
2023-03-27 18:51:57,False,3.412e-05,1.096e-08,15926.0,0.0017,0xc5...63ff,https://bscscan.com/tx/0xe04b95d12da1ceae1e2ea9ab764aa4abae3838710e29cc795d3d17d554b513c9
2023-03-27 18:50:09,True,3.446e-05,1.102e-08,500000.0,0.0551,0xbe...1239,https://bscscan.com/tx/0xfb7cca2f3732fe632e4228a23d91645e98b30917c1656287a7db81d21018f933
2023-03-27 18:49:15,False,3.429e-05,1.096e-08,4920853.0,0.5397,0x76...a683,https://bscscan.com/tx/0x6497ddf1bee74eeb696493206764863c40a54a38c967d6dd5fa428c87206e39a
2023-03-27 18:49:15,False,3.429e-05,1.096e-08,28404.0,0.0031,0x76...a683,https://bscscan.com/tx/0x6497ddf1bee74eeb696493206764863c40a54a38c967d6dd5fa428c87206e39a
2023-03-27 18:48:33,True,3.447e-05,1.102e-08,520000.0,0.0573,0xaa...03a2,https://bscscan.com/tx/0xc3f726888414fdc63266109fbaeb761720ee7e5ed77040058fbbb80538ef8bb7
2023-03-27 18:48:15,False,3.413e-05,1.096e-08,9970000.0,1.09367,0x78...39b8,https://bscscan.com/tx/0x9260130257e25b1282797dd15faa08b1406cbb8b230ef96380c695be594b2a6e
2023-03-27 18:48:15,False,3.413e-05,1.097e-08,4165.5,4.569e-05,0x78...39b8,https://bscscan.com/tx/0x9260130257e25b1282797dd15faa08b1406cbb8b230ef96380c695be594b2a6e
2023-03-27 18:42:18,False,3.431e-05,1.097e-08,777575.0,0.0853,0xd4...b5b5,https://bscscan.com/tx/0x7e1e9e64466c97fce60bcd08cc4ffde17c502af9ff9e54419322dfe52e0953df
2023-03-27 18:42:18,False,3.431e-05,1.097e-08,82775.4,0.009,0xd4...b5b5,https://bscscan.com/tx/0x7e1e9e64466c97fce60bcd08cc4ffde17c502af9ff9e54419322dfe52e0953df
2023-03-27 18:41:48,False,3.432e-05,1.097e-08,30565568.0,3.35466,0x8e...a156,https://bscscan.com/tx/0x940931e34b6ecd2bf36ad5b7324a37d88314e3e2c9fd2453acf13bede2014e04
2023-03-27 18:41:48,False,3.433e-05,1.097e-08,30504.4,0.0033,0x8e...a156,https://bscscan.com/tx/0x940931e34b6ecd2bf36ad5b7324a37d88314e3e2c9fd2453acf13bede2014e04
2023-03-27 18:41:39,True,3.451e-05,1.103e-08,6000000.0,0.662,0xe4...9432,https://bscscan.com/tx/0x9ec66617d2996d11c2e86321d329ba18ad7854053d3b93f3abe068bf50944170
2023-03-27 18:40:57,True,3.449e-05,1.103e-08,4352467.0,0.4801,0xa8...9ce9,https://bscscan.com/tx/0x31c619e13293787695a10fbd8ab533f8016909af7a11b6ff01fa07cd69e44c6b
2023-03-27 18:40:57,False,3.431e-05,1.097e-08,942611.0,0.1034,0xa6...3186,https://bscscan.com/tx/0x9c3d64ccf5c3b5579b29893a2041e06b1e34f8be2e135da1125291fd03fa68c9
2023-03-27 18:40:57,False,3.431e-05,1.097e-08,244846.0,0.0268,0xa6...3186,https://bscscan.com/tx/0x9c3d64ccf5c3b5579b29893a2041e06b1e34f8be2e135da1125291fd03fa68c9
2023-03-27 18:40:24,True,3.451e-05,1.102e-08,70623906.0,7.78451,0xf0...1684,https://bscscan.com/tx/0x72eabe1ca78030014a51798d742103cec428c65792da653b1db29894246b5f88
2023-03-27 18:37:33,True,3.44e-05,1.101e-08,1926437.0,0.2121,0x89...5fd2,https://bscscan.com/tx/0x9e1df40c483f3e70342ff62fa55b62b39e20684d8a2f90130399e47cad9ca184
2023-03-27 18:36:48,False,3.423e-05,1.095e-08,2991000.0,0.3277,0x6c...95ad,https://bscscan.com/tx/0x2918f02e5b5dad8a58e98343cbe7304745c847e5317bd43b51df75f4dc7503cc
2023-03-27 18:36:48,False,3.423e-05,1.095e-08,1350.0,1.479e-05,0x6c...95ad,https://bscscan.com/tx/0x2918f02e5b5dad8a58e98343cbe7304745c847e5317bd43b51df75f4dc7503cc
2023-03-27 18:36:30,False,3.423e-05,1.095e-08,498500.0,0.0546,0x34...fe84,https://bscscan.com/tx/0x6a2d9c45190796e5ef55907811d08e119ae8db85f5459349fc2fcec1e1764363
2023-03-27 18:36:30,False,3.423e-05,1.095e-08,3231.19,3.54e-05,0x34...fe84,https://bscscan.com/tx/0x6a2d9c45190796e5ef55907811d08e119ae8db85f5459349fc2fcec1e1764363
2023-03-27 18:36:12,True,3.44e-05,1.101e-08,72638.8,0.008,0x29...fd94,https://bscscan.com/tx/0x7ecd8f22129860bd445096d8fdcf3f9c89091fbe919bc09f037daee446bb8344
2023-03-27 18:35:57,False,3.44e-05,1.095e-08,1120728.0,0.1228,0xdb...2fdf,https://bscscan.com/tx/0xcb5d1337f0e770f9e5fd30c4c1579c8467ba4368d577503a427435151f3415ac
2023-03-27 18:35:57,False,3.44e-05,1.095e-08,3870.7,4.241e-05,0xdb...2fdf,https://bscscan.com/tx/0xcb5d1337f0e770f9e5fd30c4c1579c8467ba4368d577503a427435151f3415ac
2023-03-27 18:35:00,False,3.442e-05,1.095e-08,305193.0,0.0334,0x73...3d23,https://bscscan.com/tx/0xe918103e9009269e2601cd01984e678ed16fb5a2e72c96ae0dd222f111aee116
2023-03-27 18:35:00,False,3.442e-05,1.095e-08,12433.9,0.0013,0x73...3d23,https://bscscan.com/tx/0xe918103e9009269e2601cd01984e678ed16fb5a2e72c96ae0dd222f111aee116
2023-03-27 18:33:33,True,3.444e-05,1.101e-08,226960.0,0.025,0x29...fd94,https://bscscan.com/tx/0xa65c87de0b4d6c4a665ebf1442434ba99d40550dba5621bcb0b77da393faee4a
2023-03-27 18:32:42,False,3.442e-05,1.095e-08,4365071.0,0.4783,0xcc...25cf,https://bscscan.com/tx/0x196097c151303116188fc3aa1187cf84cb88bf2476a8fd0a5bb6fe0401fa0761
2023-03-27 18:32:42,False,3.442e-05,1.095e-08,505427.0,0.0553,0xcc...25cf,https://bscscan.com/tx/0x196097c151303116188fc3aa1187cf84cb88bf2476a8fd0a5bb6fe0401fa0761
2023-03-27 18:32:36,True,3.457e-05,1.1e-08,51372454.0,5.65513,0x11...f8bd,https://bscscan.com/tx/0xcaeb3e48b32710fb145880806a723e4647c0a0e586aabe8c712aa8a603c4c613
2023-03-27 18:32:03,True,3.455e-05,1.1e-08,210000.0,0.0231,0x0a...a087,https://bscscan.com/tx/0x3e0414a8501642f7a75bded57195eb3f9aeff0f9dfd039a65ee72b1e84a21bc6
2023-03-27 18:31:51,False,3.426e-05,1.096e-08,135205751.0,14.8243,0xa8...919f,https://bscscan.com/tx/0xf6d0c04b16e0df8d7a36bfffada8ccef61340301bdadec6038ba0ffab24fe2a7
2023-03-27 18:31:51,False,3.432e-05,1.098e-08,130569.0,0.0143,0xa8...919f,https://bscscan.com/tx/0xf6d0c04b16e0df8d7a36bfffada8ccef61340301bdadec6038ba0ffab24fe2a7
2023-03-27 18:31:06,True,3.447e-05,1.103e-08,36764553.0,4.05607,0xf2...f5f6,https://bscscan.com/tx/0x70a255317e5b8ce03faed83f5985f2668e071c4029f668a207c8d5ad6ab40749
2023-03-27 18:30:12,True,3.456e-05,1.102e-08,90681.8,0.01,0xaa...1bbd,https://bscscan.com/tx/0x35bae335014eea7df0b5f07482b56e1f9ce0ba7e72df24189bfaea144a7b207a
2023-03-27 18:29:18,False,3.437e-05,1.097e-08,6071581.0,0.6662,0xda...2f33,https://bscscan.com/tx/0x92bd8d56f34bcdd6d99fb8787feb18e450b16219bd8c807bd4dc3676d4175e16
2023-03-27 18:29:18,False,3.437e-05,1.097e-08,5198.69,5.705e-05,0xda...2f33,https://bscscan.com/tx/0x92bd8d56f34bcdd6d99fb8787feb18e450b16219bd8c807bd4dc3676d4175e16
2023-03-27 18:27:57,False,3.434e-05,1.097e-08,1919665.0,0.2106,0xdc...c6dd,https://bscscan.com/tx/0xcfcdd22898b1f3ed85a3806c670cb302e4ba4381b0eed39c689c8956e68982c4
2023-03-27 18:27:57,False,3.434e-05,1.097e-08,95686.2,0.0105,0xdc...c6dd,https://bscscan.com/tx/0xcfcdd22898b1f3ed85a3806c670cb302e4ba4381b0eed39c689c8956e68982c4
2023-03-27 18:27:36,True,3.457e-05,1.102e-08,314605.0,0.0347,0x82...756e,https://bscscan.com/tx/0xccfa95a85894544ef4ac94966c7d362fd8c8c4502bed1d2f51a53ae6baeacb8b
2023-03-27 18:26:09,True,3.438e-05,1.102e-08,14469232.0,1.59562,0x17...4266,https://bscscan.com/tx/0x45388818a8374b34d17e92612ba94623f30624fa6932801e7381cae62ed632c3
2023-03-27 18:25:09,True,3.459e-05,1.102e-08,14469873.0,1.59513,0x17...4266,https://bscscan.com/tx/0x5c8d86afc46cfad80ef721f287de7650db2475eb507b2bd38899b285e5e46f99
2023-03-27 18:24:48,True,3.459e-05,1.102e-08,2883130.0,0.3177,0x1e...d0d6,https://bscscan.com/tx/0xe0a831354f0f42f646587fcca5ff3764a0953036ed2eab3a4ed298052c8701a1
2023-03-27 18:24:45,True,3.459e-05,1.102e-08,1651546.0,0.182,0x92...48c9,https://bscscan.com/tx/0xdc3dfd0a5fb875c1a02f73467266fb548906cf765d8ecabd7240efb3e6e73293
2023-03-27 18:24:36,True,3.442e-05,1.102e-08,289073.0,0.0318,0x05...79ba,https://bscscan.com/tx/0x5d78c7bc479c2166b7e9c48414cbb6e790d0df411c9d10d8d94be1bb8b83ae32
2023-03-27 18:24:00,False,3.442e-05,1.096e-08,456756.0,0.05,0x2a...e55a,https://bscscan.com/tx/0x0dd5e8f787349d2057db8b74d36bb7e56afb9509ae07a4e5c52e0b83c91561b2
2023-03-27 18:23:45,False,3.442e-05,1.096e-08,11673236.0,1.28023,0x9d...2cc0,https://bscscan.com/tx/0x89cd048f12c91b33a289d8712cd6b636be1cd63f6024666bf0d43c393caa39f3
2023-03-27 18:23:45,False,3.443e-05,1.096e-08,8832952.0,0.9689,0x00...f531,https://bscscan.com/tx/0x081fa6587d7d694a830e1ee810162a63e1826e07fe759e26cb95fb972ad9a6ad
2023-03-27 18:23:45,False,3.443e-05,1.097e-08,506096.0,0.0555,0x00...f531,https://bscscan.com/tx/0x081fa6587d7d694a830e1ee810162a63e1826e07fe759e26cb95fb972ad9a6ad
2023-03-27 18:23:45,True,3.453e-05,1.1e-08,186555200.0,20.5233,0xcc...25cf,https://bscscan.com/tx/0x8bde811be450010bbf80c9f0926328c2bb91dd976a383463bde11fa7c0f6157d
2023-03-27 18:23:24,False,3.428e-05,1.092e-08,885208.0,0.0966,0xb7...994d,https://bscscan.com/tx/0x1737b729e30f3ccffd658532d8b63ed4e3c03cbf7693b519986e832bec1db081
2023-03-27 18:23:24,False,3.428e-05,1.092e-08,78501.8,0.0085,0xb7...994d,https://bscscan.com/tx/0x1737b729e30f3ccffd658532d8b63ed4e3c03cbf7693b519986e832bec1db081
2023-03-27 18:23:12,True,3.444e-05,1.097e-08,14515655.0,1.59302,0x17...4266,https://bscscan.com/tx/0x08d38044b8143be19bff8f89ccad863aaea315bf203fcf18156aa6df9abcbb42
2023-03-27 18:22:36,True,3.443e-05,1.097e-08,14522834.0,1.59324,0x17...4266,https://bscscan.com/tx/0x438d1852bf5d8e301dfa99f8006926c897bc9d4f18160638dbcf933083f5caca
2023-03-27 18:22:21,False,3.411e-05,1.091e-08,36145.6,0.0039,0x05...3662,https://bscscan.com/tx/0xe47a3402a0a466a028d02487d2be0cfd9bfb91dc9ea4436425e223c645d631a1
2023-03-27 18:22:21,False,3.411e-05,1.091e-08,346130.0,0.0377,0x05...3662,https://bscscan.com/tx/0xe47a3402a0a466a028d02487d2be0cfd9bfb91dc9ea4436425e223c645d631a1
2023-03-27 18:22:21,True,3.428e-05,1.096e-08,5809551.0,0.6371,0x09...712a,https://bscscan.com/tx/0x534893d12cc458dd47271e3e80de187aa1981a5ecd5c9efadaa63c6e8d372bbc
2023-03-27 18:21:48,True,3.432e-05,1.096e-08,273544.0,0.03,0x4e...abb7,https://bscscan.com/tx/0x6dabcf086fea90e5ca799edcbeebbad86724c7a378b6c32f1c0afe06e590e1a3
2023-03-27 18:21:42,True,3.432e-05,1.096e-08,14505711.0,1.59058,0x17...4266,https://bscscan.com/tx/0x9c71375efbff7da67c1c9f34881e441a48d8b7a2bd1702de33ea294515a4725c
2023-03-27 18:21:15,True,3.443e-05,1.094e-08,104226607.0,11.4121,0xcf...89ae,https://bscscan.com/tx/0xc901d7a312feebf02d5189ee237278fa9687bb3685606a6c27905e1df36f8e6e
2023-03-27 18:21:09,True,3.44e-05,1.093e-08,2000000.0,0.2187,0x4e...abb7,https://bscscan.com/tx/0xa64e07313a1d8372c897409be4a1251e662fd5b2ed542da81723369a4b85dfd1
2023-03-27 18:20:48,True,3.441e-05,1.093e-08,914512.0,0.1,0x16...136f,https://bscscan.com/tx/0x7d0197e27df94c98a1928b961a910be3c6978bd312322f321dc80757d1b7fdc5
2023-03-27 18:20:21,False,3.409e-05,1.088e-08,465113.0,0.0506,0x22...dd68,https://bscscan.com/tx/0x1707b97ca1e57641c2a062f7f1a371142d9a796588c1a49ed4a00bdc75cbd20d
2023-03-27 18:20:21,False,3.409e-05,1.088e-08,229159.0,0.0249,0x22...dd68,https://bscscan.com/tx/0x1707b97ca1e57641c2a062f7f1a371142d9a796588c1a49ed4a00bdc75cbd20d
2023-03-27 18:20:09,True,3.443e-05,1.093e-08,1514131.0,0.1655,0xce...f402,https://bscscan.com/tx/0x8990b89497447dc93cccd571530723a0465ae9dba0b1e444c71ec438c53527d5
2023-03-27 18:19:56,True,3.443e-05,1.093e-08,8711893.0,0.9525,0x30...af77,https://bscscan.com/tx/0x143cda35bcda9b5fc7466de08a1e73a9a5ec4dbe7f040ba197574e6e33d66309
2023-03-27 18:18:48,True,3.442e-05,1.093e-08,704268.0,0.0769,0xb6...940c,https://bscscan.com/tx/0x0a10e8e2dadde9b098c85e2ded8afa873ff4aa3d25b39a6e6ff639ccddebcdbd
2023-03-27 18:18:48,True,3.442e-05,1.093e-08,3293234.0,0.36,0x4b...9e50,https://bscscan.com/tx/0x5d33315a731bc58929980568ba30a86ff35d59963e0388bf402d83b6c13872ae
2023-03-27 18:18:02,True,3.421e-05,1.092e-08,50735400.0,5.54249,0xfe...5ad3,https://bscscan.com/tx/0x0f260a1113f91effb5be79d35a8e0b3dc4ee77158bb8a1a48f92a502dbe0e412
2023-03-27 18:16:43,False,3.419e-05,1.086e-08,1009038.0,0.1096,0xc4...3cf6,https://bscscan.com/tx/0x9715ef76b93526a21da58d73d0fa52d79e710758d7911db53d88a841c3cd5806
2023-03-27 18:16:43,False,3.419e-05,1.086e-08,17423.4,0.0018,0xc4...3cf6,https://bscscan.com/tx/0x9715ef76b93526a21da58d73d0fa52d79e710758d7911db53d88a841c3cd5806
2023-03-27 18:16:01,True,3.435e-05,1.091e-08,5820915.0,0.6354,0x09...712a,https://bscscan.com/tx/0xc6fe5ce44348057fad5f263d7328dedb3c6e82882a563a207b0a92e63867a6e5
2023-03-27 18:15:46,False,3.401e-05,1.086e-08,630311.0,0.0684,0x8e...9ae2,https://bscscan.com/tx/0x79a50dd72b43e98c996d4ba4625f8b23e9abd13cd162723e3fe4b07f829f424d
2023-03-27 18:15:46,False,3.401e-05,1.086e-08,2472.04,2.685e-05,0x8e...9ae2,https://bscscan.com/tx/0x79a50dd72b43e98c996d4ba4625f8b23e9abd13cd162723e3fe4b07f829f424d
2023-03-27 18:15:40,False,3.401e-05,1.086e-08,912823.0,0.0991,0x14...1cfc,https://bscscan.com/tx/0xda567777f3aa1988ac4ad26aec567386cadd8c3e3115db11e9ad27bd4d82e536
2023-03-27 18:15:40,False,3.402e-05,1.086e-08,13095.8,0.0014,0x14...1cfc,https://bscscan.com/tx/0xda567777f3aa1988ac4ad26aec567386cadd8c3e3115db11e9ad27bd4d82e536
2023-03-27 18:15:34,False,3.419e-05,1.086e-08,4835730.0,0.5253,0xe9...9d82,https://bscscan.com/tx/0xf0df43e7d39cdd5521da20fa1f5c607c3689cc31e1586a051a1ce1810ffe0c4e
2023-03-27 18:15:34,False,3.419e-05,1.086e-08,163723.0,0.0177,0xe9...9d82,https://bscscan.com/tx/0xf0df43e7d39cdd5521da20fa1f5c607c3689cc31e1586a051a1ce1810ffe0c4e
2023-03-27 18:15:31,True,3.436e-05,1.091e-08,290631.0,0.0317,0x97...acf9,https://bscscan.com/tx/0xf88dbcfc64a12b3998bcfd26fc1acedc5e8fa9f40efa53c69844d11ec3686e1e
2023-03-27 18:15:31,True,3.435e-05,1.091e-08,14552214.0,1.58852,0x17...4266,https://bscscan.com/tx/0x822e1bb2b8c37ccda528870901de35211e2f1ab57e8d6393f2ae0374a63c1a97
2023-03-27 18:14:46,True,3.435e-05,1.091e-08,14553060.0,1.58805,0x9f...d87c,https://bscscan.com/tx/0xd98913945af5e46100ddcc38b983ed5b77b2f26d8edda9d9be5340011c527322
2023-03-27 18:13:49,True,3.42e-05,1.09e-08,29095474.0,3.17326,0x17...4266,https://bscscan.com/tx/0x9088c5814f5805696cb06f459ce2aa5144493be55bac6c8192e1fdd46b140638
2023-03-27 18:13:43,False,3.402e-05,1.084e-08,2140284.0,0.2321,0xbb...c106,https://bscscan.com/tx/0xf98e7341ab47b640cf60f45816a82d998d75f0d0d76594ca4cb964961f905245
2023-03-27 18:13:31,False,3.402e-05,1.084e-08,8772549.0,0.9518,0x0b...e086,https://bscscan.com/tx/0x3eb0aa213d7581cd28dc7f849e86a1610323f4d7d2a7c8b51d4ca921502fe7ce
2023-03-27 18:13:31,False,3.403e-05,1.085e-08,5711157.0,0.6197,0x00...12aa,https://bscscan.com/tx/0xe991897e5dc4a3603d1768136dc3808da204c835a32d6fdee27a629cd0cb35b8
2023-03-27 18:13:31,False,3.403e-05,1.085e-08,587475.0,0.0637,0x00...12aa,https://bscscan.com/tx/0xe991897e5dc4a3603d1768136dc3808da204c835a32d6fdee27a629cd0cb35b8
2023-03-27 18:13:31,True,3.413e-05,1.088e-08,178192041.0,19.3934,0x3b...a99e,https://bscscan.com/tx/0xc86335f04b4917639aca184f8a65dd3340a3f3eaa202b504f4aa6a0cdf4c964e
2023-03-27 18:13:28,True,3.404e-05,1.085e-08,29223653.0,3.17254,0x17...4266,https://bscscan.com/tx/0x5452d03d7bed3f30723707ca6bfd22d02f78562dba8c1950f3829ea9450024af
2023-03-27 18:12:46,False,3.387e-05,1.079e-08,10137214.0,1.09475,0x1e...890b,https://bscscan.com/tx/0x3d78fe4ffeaec74b45176cddcc0d08565e2a225511e44bea0124ae0d3e9c42b3
2023-03-27 18:12:46,False,3.387e-05,1.08e-08,603104.0,0.0651,0x1e...890b,https://bscscan.com/tx/0x3d78fe4ffeaec74b45176cddcc0d08565e2a225511e44bea0124ae0d3e9c42b3
2023-03-27 18:12:22,True,3.406e-05,1.085e-08,8767729.0,0.9516,0x9f...d87c,https://bscscan.com/tx/0x1b549cb75b3c95dc222902b7ca4ba77146c380bc31b2e7a029ab54ab61d69d13
2023-03-27 18:12:04,True,3.425e-05,1.085e-08,14601708.0,1.58441,0x17...4266,https://bscscan.com/tx/0xb7ca3b233a1b2f3ee999136a299ee518ab163c7a3915586c608b1da5e57115a5
2023-03-27 18:12:01,True,3.424e-05,1.084e-08,2582210.0,0.2801,0x55...602f,https://bscscan.com/tx/0x186f1884209631eb2bc19a1ecefb1c0bf5b6076d323042303ff7a5c5511bafb3
2023-03-27 18:11:40,True,3.405e-05,1.084e-08,30749790.0,3.33456,0x8e...a156,https://bscscan.com/tx/0xb1aaec9c979fc806392d1df0229f7892164e22415a0740a4a4ebee8d21ff0784
2023-03-27 18:11:34,True,3.403e-05,1.083e-08,29233021.0,3.16777,0x17...4266,https://bscscan.com/tx/0x6171dc688e57d27c9b28c779cfa878fb83cf5ebbaa1a5c310c84e6e83d07058d
2023-03-27 18:10:49,True,3.417e-05,1.082e-08,29258100.0,3.16824,0x17...4266,https://bscscan.com/tx/0x76edb2355616350a0e7516ddd07292c7c5e0c0703ccd27001afb1656c14eb426
2023-03-27 18:10:34,True,3.415e-05,1.082e-08,29279366.0,3.1683,0x17...4266,https://bscscan.com/tx/0x7e26558d7c26ece54613bedeb040857d07d9d9d260c1a003e368a503762617a4
2023-03-27 18:10:07,True,3.413e-05,1.081e-08,5858437.0,0.6336,0x09...712a,https://bscscan.com/tx/0xf5c82ce9a554043a8401c9e08626545aa0fcb53e128aa8fa683a9aa3df23e415
2023-03-27 18:09:58,False,3.399e-05,1.076e-08,64010595.0,6.89387,0x2e...f977,https://bscscan.com/tx/0x9311076dac1cc7ea633bf9af9e6c5e97ebaf54ea085e7afc710a5b20a3efba1d
2023-03-27 18:09:58,False,3.401e-05,1.077e-08,729486.0,0.0786,0x2e...f977,https://bscscan.com/tx/0x9311076dac1cc7ea633bf9af9e6c5e97ebaf54ea085e7afc710a5b20a3efba1d
2023-03-27 18:08:52,True,3.402e-05,1.083e-08,536031.0,0.058,0xc4...ece2,https://bscscan.com/tx/0xa4a3d0362a0039eb227788ccaa6ad64d6e60d2736766480e2fcebd04e5a7d5bc
2023-03-27 18:08:46,True,3.402e-05,1.083e-08,971406.0,0.1052,0xdc...a7d3,https://bscscan.com/tx/0x85b5b7d0b6209559af1a324a18fc0b5ba07fe745e28576a39e5721fae51bc504
2023-03-27 18:08:40,True,3.402e-05,1.083e-08,92318.3,0.01,0xa5...b0a0,https://bscscan.com/tx/0xd2d15c3cc90ee14d592ed948ba15f316f6a298bb60eacf3ff0384e6656f4968e
2023-03-27 18:07:43,True,3.414e-05,1.081e-08,100000000.0,10.8189,0x2e...2e43,https://bscscan.com/tx/0xf6d86a33b38f852708347b261408264f9102a909acd7bd54c1f28bec11bd4fb1
2023-03-27 18:07:10,True,3.41e-05,1.08e-08,1000000.0,0.108,0xc7...9576,https://bscscan.com/tx/0xa97eb8a0fa43bc8d4dd50d49068dc1b1436fe10c30bc357c056d29095ba59381
2023-03-27 18:07:10,True,3.409e-05,1.08e-08,8475418.0,0.9157,0x53...a498,https://bscscan.com/tx/0x18fc0426469f18e7393b6593091f34abcb066f88625cd9b76e7fd65cca6d64d8
2023-03-27 18:07:07,True,3.392e-05,1.08e-08,1453001.0,0.1569,0x04...44a9,https://bscscan.com/tx/0xe73d9bb29be4fed0554297c39da89ac2dafa66c0ffb005d22927172766e84557
2023-03-27 18:07:07,True,3.391e-05,1.079e-08,29340590.0,3.16854,0x84...40b6,https://bscscan.com/tx/0x60f2de600dba5d1c51ad27062544cda926267eba1ddd78586f0063c668f921e7
2023-03-27 18:06:52,True,3.385e-05,1.079e-08,7895670.0,0.8522,0x53...a498,https://bscscan.com/tx/0x819fe85ebbef39c8eb9df321e0b4548552d0241b24714c1b3af4e4a9e5b0438a
2023-03-27 18:06:49,True,3.38e-05,1.077e-08,110974456.0,11.9617,0x16...460d,https://bscscan.com/tx/0x3a74f8eecb6c2681a91ef98a34f8570dc12da54b2426068fc0ff2b8650eefc70
2023-03-27 18:06:37,False,3.376e-05,1.071e-08,5427552.0,0.5813,0x72...3fb9,https://bscscan.com/tx/0x83c5f6fc1a497152bf369bda30303bd280c99df4e9f06496a68c96c9fca90178
2023-03-27 18:06:37,False,3.376e-05,1.071e-08,220124.0,0.0235,0x72...3fb9,https://bscscan.com/tx/0x83c5f6fc1a497152bf369bda30303bd280c99df4e9f06496a68c96c9fca90178
2023-03-27 18:06:19,True,3.392e-05,1.076e-08,29480364.0,3.17267,0x84...40b6,https://bscscan.com/tx/0xc4ed50355386b576fc0454a8b71975efacf2c2a53c587ba5cf41c4f6750b7cac
2023-03-27 18:05:22,True,3.371e-05,1.075e-08,51124.1,0.0055,0x71...8bfd,https://bscscan.com/tx/0x53ea787bb479217a825b144f3a43b7bd106cd53e851355dddfce1fa9b68cb79e
2023-03-27 18:05:10,True,3.383e-05,1.075e-08,35454778.0,3.81264,0x7c...6cb0,https://bscscan.com/tx/0x7480a8946db8056ae81552ca620d9cf3adade8849429df1c891ff5e7bb95a8b3
2023-03-27 18:04:49,True,3.36e-05,1.074e-08,5914630.0,0.6357,0x09...712a,https://bscscan.com/tx/0x141ba3b5713a72a9c3d2efe5420774014038e7448122718f10c4a6f82efb7e16
2023-03-27 18:03:19,False,3.362e-05,1.069e-08,1931002.0,0.2065,0x68...8f13,https://bscscan.com/tx/0x4f9ce5760c64365c529fbe4a6abab96ad772c21ebff616ee2624b5a77c71a384
2023-03-27 18:03:19,False,3.363e-05,1.069e-08,117.638,1.258e-06,0x68...8f13,https://bscscan.com/tx/0x4f9ce5760c64365c529fbe4a6abab96ad772c21ebff616ee2624b5a77c71a384
2023-03-27 18:03:13,False,3.363e-05,1.069e-08,43438.7,0.0046,0xe0...6656,https://bscscan.com/tx/0x0b5216255af632d54c8acce7808e4023d592ab261700cefc2a284fc9196fbf43
2023-03-27 18:03:13,False,3.363e-05,1.069e-08,266186.0,0.0284,0xe0...6656,https://bscscan.com/tx/0x0b5216255af632d54c8acce7808e4023d592ab261700cefc2a284fc9196fbf43
2023-03-27 18:01:52,True,3.381e-05,1.074e-08,7503849.0,0.8064,0x33...8948,https://bscscan.com/tx/0xa11d2beb0278a26c3b18950308552494341fc18d1452fb0d0ff53d389ceac224
2023-03-27 18:01:04,True,3.377e-05,1.073e-08,88819026.0,9.53427,0x3e...8467,https://bscscan.com/tx/0x51faf17cead9aa62f2fe3ede50db805dbcffd01887a709399237c4cd7947bf5f
2023-03-27 18:00:22,False,3.357e-05,1.066e-08,1618112.0,0.1726,0x3b...324e,https://bscscan.com/tx/0x8b23ca59bbb151a65b820e688008a5771b7f39fe4049dea4948a80496e579839
2023-03-27 18:00:22,False,3.357e-05,1.066e-08,146252.0,0.0156,0x3b...324e,https://bscscan.com/tx/0x8b23ca59bbb151a65b820e688008a5771b7f39fe4049dea4948a80496e579839
2023-03-27 18:00:07,True,3.372e-05,1.071e-08,33180187.0,3.55664,0xfe...5ad3,https://bscscan.com/tx/0x9d00494d49af6218dd61fc90128d250059f548a50f74cfb5e9b2cdbb69f368c3
2023-03-27 18:00:04,False,3.354e-05,1.066e-08,3122977.0,0.3329,0x9a...f558,https://bscscan.com/tx/0x3ca533e302f08448085e34b3027da8cfbe08f2c20f34eb10204ba8e970fc5116
2023-03-27 18:00:04,False,3.354e-05,1.066e-08,67699.8,0.0072,0x9a...f558,https://bscscan.com/tx/0x3ca533e302f08448085e34b3027da8cfbe08f2c20f34eb10204ba8e970fc5116
2023-03-27 17:59:43,True,3.354e-05,1.071e-08,914555.0,0.098,0xf7...fb42,https://bscscan.com/tx/0x15b845d1ae650180b28e8f4bdcd14599f815d39a2900efea9f158579773a4517
2023-03-27 17:59:34,False,3.357e-05,1.066e-08,15564292.0,1.65977,0xc4...33b8,https://bscscan.com/tx/0xd5b08bf5e121b56e53a5ed7abab3d4c9bae9243bc91622cc027e5595bb712697
2023-03-27 17:59:34,False,3.357e-05,1.066e-08,82470.4,0.0088,0xc4...33b8,https://bscscan.com/tx/0xd5b08bf5e121b56e53a5ed7abab3d4c9bae9243bc91622cc027e5595bb712697
2023-03-27 17:56:52,True,3.36e-05,1.071e-08,17075204.0,1.83,0xa0...b0df,https://bscscan.com/tx/0xc306ee109159fdfc5a9f11cc293273a293d9b7a67e1efa7ff5870ad6bc7e7f85
2023-03-27 17:56:31,True,3.376e-05,1.071e-08,531527.0,0.0569,0xd7...1abd,https://bscscan.com/tx/0x1ded30cccebb75fe9f03ee22310e40daf08934faa8ecd541737dde4599393a73
2023-03-27 17:56:25,True,3.376e-05,1.071e-08,2937880.0,0.3147,0x7e...b69b,https://bscscan.com/tx/0xe191414bc6a31803b36a90f6fe5c1cf516e8cc2f9fda0c43261ddcfe4a80668b
2023-03-27 17:56:25,False,3.359e-05,1.066e-08,9970000.0,1.063,0x48...f0d7,https://bscscan.com/tx/0xc1b64b0325fe275beae6728de6748de4c13cdbab264dbc348c8f454b4b85a679
2023-03-27 17:56:25,False,3.36e-05,1.066e-08,1232.27,1.314e-05,0x48...f0d7,https://bscscan.com/tx/0xc1b64b0325fe275beae6728de6748de4c13cdbab264dbc348c8f454b4b85a679
2023-03-27 17:55:58,True,3.377e-05,1.071e-08,410574.0,0.044,0xbb...0ac2,https://bscscan.com/tx/0x7f38f12629bcb8196e65eef822109850cfd731ce0e64fd8b4b2247c1749ad685
2023-03-27 17:52:46,False,3.358e-05,1.066e-08,45686.7,0.0048,0x29...4ecf,https://bscscan.com/tx/0x03175dff934201901f76168d1ec36736fc19e29641d540ff457ffb41c9fb8643
2023-03-27 17:52:46,False,3.358e-05,1.066e-08,3855.26,4.11e-05,0x29...4ecf,https://bscscan.com/tx/0x03175dff934201901f76168d1ec36736fc19e29641d540ff457ffb41c9fb8643
2023-03-27 17:52:37,True,3.375e-05,1.071e-08,279939.0,0.03,0x33...cd2b,https://bscscan.com/tx/0x7c2c8646498f1781b1fa0c15821e00f51e75f0b07834b2b34c78967554260f7d
2023-03-27 17:52:04,False,3.339e-05,1.066e-08,1144491.0,0.122,0xe7...859a,https://bscscan.com/tx/0x36b1ca5dbcaf30894d151200abb4a789ef068e51db143d6abdc1d0ccba1e989f
2023-03-27 17:52:04,False,3.339e-05,1.066e-08,242117.0,0.0258,0xe7...859a,https://bscscan.com/tx/0x36b1ca5dbcaf30894d151200abb4a789ef068e51db143d6abdc1d0ccba1e989f
2023-03-27 17:49:07,True,3.371e-05,1.071e-08,29610977.0,3.17226,0xfa...d5ee,https://bscscan.com/tx/0x8420a3b1c396fc2230fa18d4ba86705b64864f195b7611c15f03286a2fda9432
2023-03-27 17:47:22,False,3.339e-05,1.066e-08,59844906.0,6.38157,0xb8...2afe,https://bscscan.com/tx/0x13590848b191642e609eac2b7a3d73f46727d2610433ca439964e97c89527827
2023-03-27 17:47:22,False,3.341e-05,1.067e-08,244281.0,0.026,0xb8...2afe,https://bscscan.com/tx/0x13590848b191642e609eac2b7a3d73f46727d2610433ca439964e97c89527827
2023-03-27 17:47:19,True,3.372e-05,1.071e-08,79631669.0,8.53213,0xed...6884,https://bscscan.com/tx/0x1a8d178c511545fab98f7cf7a7b170198bb111db4906a70a76762d5acd4a9b77
2023-03-27 17:46:40,False,3.352e-05,1.065e-08,10810139.0,1.15151,0xe0...86ac,https://bscscan.com/tx/0xe1bb17210b9e43b3838028841abde6646b725d797f7b9b16e60cf01a4b0f44a9
2023-03-27 17:46:40,False,3.352e-05,1.065e-08,1350.21,1.438e-05,0xe0...86ac,https://bscscan.com/tx/0xe1bb17210b9e43b3838028841abde6646b725d797f7b9b16e60cf01a4b0f44a9
2023-03-27 17:46:34,False,3.335e-05,1.065e-08,498579.0,0.0531,0x8d...ffd0,https://bscscan.com/tx/0x0a1ffbecdd851149cc9e8689af2a6e65f4879c1a2a414ad3e1eadbc0e12bd522
2023-03-27 17:46:34,False,3.335e-05,1.065e-08,464717.0,0.0495,0x8d...ffd0,https://bscscan.com/tx/0x0a1ffbecdd851149cc9e8689af2a6e65f4879c1a2a414ad3e1eadbc0e12bd522
2023-03-27 17:45:52,True,3.37e-05,1.07e-08,2075084.0,0.2221,0x5e...e21d,https://bscscan.com/tx/0x738decdd484dce5f9b6a73dc2c6b4b04d51906dd45ff76ecb4ab389d14ba169f
2023-03-27 17:45:01,True,3.362e-05,1.069e-08,112512876.0,12.0301,0x16...460d,https://bscscan.com/tx/0x38a3c0b5792e17804e9523c9dc7535452dc018198f2d7dcc99c705690181f90c
2023-03-27 17:44:58,True,3.356e-05,1.067e-08,35847441.0,3.82605,0xfe...5ad3,https://bscscan.com/tx/0xd0471a2430a233863b3dce27a2354565f8aba32d37b81677648d39040ec10748
2023-03-27 17:40:49,True,3.352e-05,1.066e-08,100000.0,0.0106,0xde...c30a,https://bscscan.com/tx/0xc92f960b62884de97328d00fbff8dfb8d8f1daffb1b09942196e6c1ba18e13b0
2023-03-27 17:38:32,False,3.332e-05,1.061e-08,1653827.0,0.1755,0x85...27e1,https://bscscan.com/tx/0x89be4f3782aecd1568854cad63cee8ef684709a6a3fee8ccaba436b48db6a607
2023-03-27 17:38:32,False,3.332e-05,1.061e-08,1294.39,1.374e-05,0x85...27e1,https://bscscan.com/tx/0x89be4f3782aecd1568854cad63cee8ef684709a6a3fee8ccaba436b48db6a607
2023-03-27 17:38:26,False,3.317e-05,1.061e-08,477965.0,0.0507,0x62...8c63,https://bscscan.com/tx/0xae08eb3b4132fda2d366e10f64720de0f76f33ee6a1ef2ac103ac122c813ceed
2023-03-27 17:38:26,False,3.317e-05,1.061e-08,42588.2,0.0045,0x62...8c63,https://bscscan.com/tx/0xae08eb3b4132fda2d366e10f64720de0f76f33ee6a1ef2ac103ac122c813ceed
2023-03-27 17:38:23,True,3.333e-05,1.066e-08,740000.0,0.0789,0xde...c30a,https://bscscan.com/tx/0x3a2181776adac6ece6acf436793aba188d254fbbcca058e3ce013832da1fa5af
2023-03-27 17:38:20,True,3.333e-05,1.066e-08,4203299.0,0.4484,0x56...13dd,https://bscscan.com/tx/0xb2e0f8b67bd7bca20675f2a2b99567cb092fc45e0aa80896ad79c96693853eb1
2023-03-27 17:38:17,True,3.333e-05,1.066e-08,8986431.0,0.9585,0xef...6deb,https://bscscan.com/tx/0xa6c5d99b927ce6f84f7bba86bfd50cb278fc4771375aa6776493b5d8089ed032
2023-03-27 17:37:46,False,3.339e-05,1.061e-08,1838154.0,0.195,0xdc...c6dd,https://bscscan.com/tx/0x4df102a1ef98920a0f02d18a1c513b211ff5cb1e68e42420de5c5049196fcae5
2023-03-27 17:37:46,False,3.339e-05,1.061e-08,199117.0,0.0211,0xdc...c6dd,https://bscscan.com/tx/0x4df102a1ef98920a0f02d18a1c513b211ff5cb1e68e42420de5c5049196fcae5
2023-03-27 17:37:24,True,3.338e-05,1.066e-08,29800418.0,3.17738,0xfa...d5ee,https://bscscan.com/tx/0x776ee386bf26c362af7b4ccd6526c9860c02df1dc55f3e4ca5175711f080d5c8
2023-03-27 17:37:06,True,3.354e-05,1.065e-08,11300744.0,1.20431,0x6a...3665,https://bscscan.com/tx/0x6bfccd757cfb8cdc1331cf37110960003905c70446ef072a50587f01b2094161
2023-03-27 17:36:20,False,3.346e-05,1.06e-08,32388086.0,3.43521,0xfb...c7b8,https://bscscan.com/tx/0xf5aa8a16ca4686fb28e60d808e5f9931e87a2961cbcbf618bc94a34c6a89fb72
2023-03-27 17:36:08,False,3.334e-05,1.061e-08,7912239.0,0.8396,0xd4...cc47,https://bscscan.com/tx/0x6d16593c19ed394846a32e3401f933d24ad677a8d1ad647cea003fd1cd8a160e
2023-03-27 17:36:08,False,3.334e-05,1.061e-08,925.734,9.824e-06,0xd4...cc47,https://bscscan.com/tx/0x6d16593c19ed394846a32e3401f933d24ad677a8d1ad647cea003fd1cd8a160e
2023-03-27 17:36:05,False,3.354e-05,1.061e-08,341836.0,0.0362,0xfa...6194,https://bscscan.com/tx/0xf139bf3d205dca19349bd6b619d0ee543e1cdef40fce2f53ae1f36624d921cf6
2023-03-27 17:36:05,False,3.354e-05,1.061e-08,501163.0,0.0531,0xfa...6194,https://bscscan.com/tx/0xf139bf3d205dca19349bd6b619d0ee543e1cdef40fce2f53ae1f36624d921cf6
2023-03-27 17:35:41,True,3.357e-05,1.065e-08,63851011.0,6.80512,0x19...6dd1,https://bscscan.com/tx/0xd72da770180a65b50861f7db11c04555d1030ad09d9734a7eb8d82883c0c7f2e
2023-03-27 17:35:26,True,3.348e-05,1.063e-08,112764823.0,11.9928,0x16...460d,https://bscscan.com/tx/0x7cb2c1f136096c664e61da2909ada98c16701fe89e26078e7aa1d7c932a3bca8
2023-03-27 17:35:20,False,3.327e-05,1.056e-08,8973000.0,0.9483,0x78...39b8,https://bscscan.com/tx/0x91fd065cffe872cef01c14fadff138a7b09958fada9c4fdf045b54bdfb89b6a0
2023-03-27 17:35:20,False,3.328e-05,1.057e-08,397731.0,0.042,0x78...39b8,https://bscscan.com/tx/0x91fd065cffe872cef01c14fadff138a7b09958fada9c4fdf045b54bdfb89b6a0
2023-03-27 17:35:20,True,3.341e-05,1.061e-08,89307873.0,9.47719,0x3e...8467,https://bscscan.com/tx/0xb0fba862f1930162083d47b0b6aec790ceb24d9ede501f31a34de3ea2ac966bd
2023-03-27 17:35:05,False,3.323e-05,1.055e-08,57826001.0,6.10344,0x4a...8bf3,https://bscscan.com/tx/0xd2863101644b400bd67ee8f8836bb258c247852516e4d15c7d13e9204e46f5f5
2023-03-27 17:35:05,False,3.325e-05,1.056e-08,33196.4,0.0035,0x4a...8bf3,https://bscscan.com/tx/0xd2863101644b400bd67ee8f8836bb258c247852516e4d15c7d13e9204e46f5f5
2023-03-27 17:34:26,False,3.344e-05,1.056e-08,12258089.0,1.29491,0x42...6722,https://bscscan.com/tx/0x5aa58dae8b66563796bcd1380cef30d6888e4cba4de2ba97adc535b3fe7bf32b
2023-03-27 17:34:26,False,3.344e-05,1.056e-08,753234.0,0.0795,0x42...6722,https://bscscan.com/tx/0x5aa58dae8b66563796bcd1380cef30d6888e4cba4de2ba97adc535b3fe7bf32b
2023-03-27 17:33:47,True,3.36e-05,1.061e-08,51136565.0,5.42658,0xfe...5ad3,https://bscscan.com/tx/0x578bf7615da96153e37dde6c97dbb8518a7e1406239b3db13667dd942458f411
2023-03-27 17:33:29,True,3.336e-05,1.059e-08,100000000.0,10.5927,0xbd...9333,https://bscscan.com/tx/0x6657e01209ef23a2928618d540d8010d2aff8e652a3c018d7d3bb667cebf8216
2023-03-27 17:32:29,True,3.352e-05,1.057e-08,5965054.0,0.631,0x30...af77,https://bscscan.com/tx/0xe5a27b2859b6f163be80df5b0643d96ebdc22a1c48784342ce3e8b7218490548
2023-03-27 17:32:11,True,3.351e-05,1.057e-08,779979.0,0.0825,0xfb...f86d,https://bscscan.com/tx/0x50fab2d68c67d6835c6e2a8e889b09cc543b537287218ac91dd5f21fbf6c0e34
2023-03-27 17:32:05,True,3.351e-05,1.057e-08,2402855.0,0.2541,0x31...8f48,https://bscscan.com/tx/0xa72e35429403c387bd31377ab0a25e5895ee9e113d454dd17c8b482743a3ab7f
2023-03-27 17:31:38,True,3.356e-05,1.057e-08,780038.0,0.0825,0xfb...f86d,https://bscscan.com/tx/0x8be3f50dd8076ac4f6b5e76ba7bb10f96ada16ba59c7df2c8790aea96355e784
2023-03-27 17:31:32,True,3.337e-05,1.057e-08,47495402.0,5.02098,0xbd...9333,https://bscscan.com/tx/0xaeba60cf5d2465e68e861f8664cece4cab511acdc2ba795764189e83c3719fa8
2023-03-27 17:30:53,True,3.334e-05,1.056e-08,14919927.0,1.57608,0x9f...d87c,https://bscscan.com/tx/0x3d2a4df9abdf0c6c2cd28c978b7954828dd7a2a471db9b31394e9d6c9aeeab6d
2023-03-27 17:30:44,True,3.349e-05,1.055e-08,29857742.0,3.15237,0x84...40b6,https://bscscan.com/tx/0x6ae17783166b212a3b6bab9c54a93d3692c66163f6f3c44e660c2b2fca4e0fdd
2023-03-27 17:30:23,False,3.314e-05,1.05e-08,299124.0,0.0314,0x9d...57e1,https://bscscan.com/tx/0xd73113c656ee46d549e810db65aacb50642d48b02fa2caf3f4d071811df7a3a4
2023-03-27 17:30:23,False,3.314e-05,1.05e-08,87874.5,0.0092,0x9d...57e1,https://bscscan.com/tx/0xd73113c656ee46d549e810db65aacb50642d48b02fa2caf3f4d071811df7a3a4
2023-03-27 17:30:14,True,3.33e-05,1.055e-08,20912934.0,2.20666,0xce...a5f7,https://bscscan.com/tx/0x75fd4fb14584cca8a15e9779ed9f80a5411c4410603ef3d78a2c4c0b8ac1edab
2023-03-27 17:29:59,False,3.312e-05,1.049e-08,11598281.0,1.21756,0xd4...cc47,https://bscscan.com/tx/0x36f554598b7936c3da6dc2f0fbac35402b75ed295cbce8fc8fa93219d4be2f64
2023-03-27 17:29:59,False,3.313e-05,1.049e-08,505933.0,0.0531,0xd4...cc47,https://bscscan.com/tx/0x36f554598b7936c3da6dc2f0fbac35402b75ed295cbce8fc8fa93219d4be2f64
2023-03-27 17:29:29,True,3.345e-05,1.054e-08,22874527.0,2.41307,0xfe...5ad3,https://bscscan.com/tx/0x7102da9754f9b7e096c768351e1c74c30a69b0856d6c02e93ea2d28a321c2c69
2023-03-27 17:29:20,True,3.343e-05,1.054e-08,25420806.0,2.68013,0x4b...ad7f,https://bscscan.com/tx/0x1fc7ab4d0f8ca633dcaad05b6ef7e9379b0a23122fda176a61efa8a95d1bc572
2023-03-27 17:29:11,True,3.337e-05,1.052e-08,100000000.0,10.5273,0xbd...9333,https://bscscan.com/tx/0xe770b3823e724a133226189443a9ef837ba6d870705b1f88577da709ae261883
2023-03-27 17:29:05,False,3.317e-05,1.046e-08,6827788.0,0.7143,0xdc...c6dd,https://bscscan.com/tx/0x857dc24f727f6b159cf16248cbe10d6b627e8521986ddec746498f438e796caa
2023-03-27 17:29:05,False,3.317e-05,1.046e-08,1040563.0,0.1088,0xdc...c6dd,https://bscscan.com/tx/0x857dc24f727f6b159cf16248cbe10d6b627e8521986ddec746498f438e796caa
2023-03-27 17:29:05,True,3.334e-05,1.051e-08,1141061.0,0.12,0xae...4b5c,https://bscscan.com/tx/0xffe857552abea9ad1265ac116b59e521c79a9ca92079ec3c38b1d37365a91e05
2023-03-27 17:28:50,True,3.334e-05,1.05e-08,113257966.0,11.8945,0x16...460d,https://bscscan.com/tx/0xbf8cda70cc98289cb80b098889a43c60349b6249ba299aad747559e2439d719a
2023-03-27 17:28:38,True,3.312e-05,1.048e-08,6006675.0,0.6299,0x09...712a,https://bscscan.com/tx/0xc757689dd7c8e731ed62dc20d3a5d01424e417922b453f9f58f009959b6d39a1
2023-03-27 17:28:38,True,3.31e-05,1.048e-08,40628497.0,4.25844,0x53...a498,https://bscscan.com/tx/0x11468d7a82d1518b300aa2975e44dfaebfcadcce88e32ee0ca10cb0fd08ea945
2023-03-27 17:28:35,True,3.308e-05,1.047e-08,15035720.0,1.57491,0x9f...d87c,https://bscscan.com/tx/0x0dd93e7bf3782769a3efe6970538b3aabbc4ea7cb78b0f4bcf042ccc986b28ec
2023-03-27 17:28:35,True,3.305e-05,1.046e-08,60965337.0,6.38,0xc9...5d93,https://bscscan.com/tx/0xc43247e0956bc5f8248f5909db134d44c2ff92b3d9f0196140106dd65c292392
2023-03-27 17:28:32,True,3.302e-05,1.045e-08,30132426.0,3.14993,0x17...4266,https://bscscan.com/tx/0x328a63a64ec7cd2939046967eb911e193db0a2b46e389c64f5b58100e3b3a98b
2023-03-27 17:28:32,True,3.299e-05,1.044e-08,41227227.0,4.30608,0x53...a498,https://bscscan.com/tx/0x274d4a108127f062d2e744e36e0cf34a7cb41ca562d0bce6e393de2b6e8e5ec5
2023-03-27 17:28:29,True,3.312e-05,1.043e-08,30185278.0,3.1501,0x17...4266,https://bscscan.com/tx/0xaf2f944f27f7bb90dd075f401d7de9c7f0a720a150a2565fba6d83d17463db9d
2023-03-27 17:28:26,False,3.295e-05,1.038e-08,19289483.0,2.00271,0xd4...cc47,https://bscscan.com/tx/0xd37eaa71fdbe7c49d7c729ea237b21fd6c1a82fc7ebf319dc66878eb8d82cf5a
2023-03-27 17:28:26,False,3.296e-05,1.038e-08,742980.0,0.0771,0xd4...cc47,https://bscscan.com/tx/0xd37eaa71fdbe7c49d7c729ea237b21fd6c1a82fc7ebf319dc66878eb8d82cf5a
2023-03-27 17:28:26,True,3.311e-05,1.043e-08,30193437.0,3.15018,0x17...4266,https://bscscan.com/tx/0xa08314f4ba43907e8a48adf7b5e5572f51f075bc83c074b3e8c61ff2892fc806
2023-03-27 17:28:26,True,3.308e-05,1.042e-08,39647828.0,4.13315,0x53...a498,https://bscscan.com/tx/0xa3b75a179632f67caa3a348270a8b90714be24e971ad214262b7fb76f025b61f
2023-03-27 17:28:23,True,3.305e-05,1.041e-08,40110305.0,4.1774,0x53...a498,https://bscscan.com/tx/0x8013a6eb6439ed4b2bcf32bf2ca0e907b000a2d8e72a365e7a771cf9edbfee22
2023-03-27 17:28:23,True,3.3e-05,1.039e-08,100300903.0,10.4287,0x9b...2220,https://bscscan.com/tx/0xa83604d451e17666c58e0d168d602994529bfac2a090e3f1fe850617bc01ea3f
2023-03-27 17:28:23,True,3.296e-05,1.038e-08,45334519.0,4.70784,0xe9...6bdf,https://bscscan.com/tx/0x663b25c14397b542311fbde2f6570bfb4d5c3d053d9331154eebcd560a43db96
2023-03-27 17:28:20,False,3.277e-05,1.032e-08,16622823.0,1.71616,0xd4...cc47,https://bscscan.com/tx/0x0ccfc256c027cee7bcc95bab7529fc31b3fc053c3bdd684b566e7b2b98110cb9
2023-03-27 17:28:20,False,3.277e-05,1.032e-08,907178.0,0.0936,0xd4...cc47,https://bscscan.com/tx/0x0ccfc256c027cee7bcc95bab7529fc31b3fc053c3bdd684b566e7b2b98110cb9
2023-03-27 17:28:20,True,3.293e-05,1.037e-08,6071706.0,0.63,0x09...712a,https://bscscan.com/tx/0xca187485c384fdec7c34a0d867ee6a917e5c8c0fe104de97670f431ca250bb0d
2023-03-27 17:28:20,True,3.295e-05,1.038e-08,2626913.0,0.2727,0x39...3921,https://bscscan.com/tx/0xdeae046c024b2635591c253c25011104d68b2fd6fb1b815992fe1dc9ee2e7025
2023-03-27 17:28:17,True,3.291e-05,1.037e-08,40646172.0,4.21543,0x53...a498,https://bscscan.com/tx/0x5b6bfaddd8832697699153148912636ef5f82118ec4a5d0e82c3a892a2fd1f6c
2023-03-27 17:28:14,True,3.288e-05,1.036e-08,30404646.0,3.15062,0x84...40b6,https://bscscan.com/tx/0x5b8bbb20bd1dd9193bf07573822bb4f4752784b3a6ff23816b49c54c2fed5f0b
2023-03-27 17:28:14,True,3.289e-05,1.036e-08,1776449.0,0.1841,0x39...3921,https://bscscan.com/tx/0x298445704fe78857346640f6f2cd3b0f35e749be0da225d45681d3ba4715d015
2023-03-27 17:28:14,True,3.283e-05,1.034e-08,100300903.0,10.377,0x9b...2220,https://bscscan.com/tx/0x418f98f047ccc562d8e22472edb2b17cd4252f0c292ce91782e7d118ca7f3ec3
2023-03-27 17:28:14,True,3.279e-05,1.033e-08,14816636.0,1.53082,0x6f...5f25,https://bscscan.com/tx/0xa9a58e5610c16fc2e4dd96d9933752b1ff7e9541725bfde0389674c448a51673
2023-03-27 17:28:14,True,3.279e-05,1.033e-08,31997520.0,3.30572,0x44...5539,https://bscscan.com/tx/0xc7a0b5a3a0071a6b72785c004a959d14f7a888db41b67744f904fa63b3dbaba1
2023-03-27 17:28:11,True,3.274e-05,1.031e-08,30533514.0,3.15056,0x17...4266,https://bscscan.com/tx/0x4a2cd783894c462c5412f825364f7327476738e7c63048ccf7362c97a74e145c
2023-03-27 17:28:11,True,3.272e-05,1.03e-08,45843062.0,4.72598,0xf6...d5e4,https://bscscan.com/tx/0x6e36666c8b60ff0cf45d4e417eb0637e8ccccf8d1b81a60f13de2db9e2baf70d
2023-03-27 17:28:08,False,3.254e-05,1.025e-08,14227311.0,1.45883,0x79...b8fd,https://bscscan.com/tx/0x0773a958dc6b989100a3e712c70424dd21badb337b222b8ca834af92aa5c3002
2023-03-27 17:28:08,False,3.255e-05,1.025e-08,14366090.0,1.47356,0x39...ee28,https://bscscan.com/tx/0x510a1c9abadae651b555f0d62dec2f7ab26b3972080110676e2c51579eb03360
2023-03-27 17:28:08,False,3.256e-05,1.025e-08,7477637.0,0.7671,0x39...ee28,https://bscscan.com/tx/0x510a1c9abadae651b555f0d62dec2f7ab26b3972080110676e2c51579eb03360
2023-03-27 17:28:08,True,3.249e-05,1.023e-08,656572294.0,67.2183,0xc1...9a48,https://bscscan.com/tx/0x2a4426be404f9dfe2430bf162b6c64f107232dbb9a2ad764e618187b1beeb4e9
2023-03-27 17:28:08,True,3.219e-05,1.014e-08,73828935.0,7.49001,0x84...3a88,https://bscscan.com/tx/0x3edb1c71c528ef5a45cf6bb53f85a0fb3c38ddaa0802c0dc6ade3aac306b3e64
2023-03-27 17:28:08,True,3.217e-05,1.013e-08,3583020.0,0.3631,0xe6...b38f,https://bscscan.com/tx/0x9474a0f64a86e34f5ddaece9c454ac5544a8193ad2a14245318b833a4c670583
2023-03-27 17:28:08,True,3.216e-05,1.013e-08,1359402.0,0.1377,0xb2...d341,https://bscscan.com/tx/0x1c86b154b408b45b73b1b9bcc57fd9b16980cfbd3a57a3f994293eac1382a5e8
2023-03-27 17:28:08,True,3.214e-05,1.012e-08,56723528.0,5.74518,0xdd...a1f3,https://bscscan.com/tx/0xe36f3935d51098092fef9c4e945c4f2bd8a9593578a36bb1492da7bc9b4ec8ef
2023-03-27 17:28:08,True,3.211e-05,1.011e-08,20270605.0,2.05123,0x41...da41,https://bscscan.com/tx/0x9aba66c33bde6c564bf7a5c255987449b6962634d61ef83aeee21b42d3540522
2023-03-27 17:28:08,True,3.207e-05,1.01e-08,99462102.0,10.0507,0x83...2f18,https://bscscan.com/tx/0xfe0bfe9403fea6626abc0ca2555d7f70c2ca1a66f3728081344c6718f49d70b3
2023-03-27 17:28:08,False,3.263e-05,1.028e-08,1982282979.0,203.801,0x37...6bae,https://bscscan.com/tx/0x324157851972a1868f73f693c4dfc16eb3e15d6693e8c2c68b7570c82b954a5d
2023-03-27 17:28:08,False,3.34e-05,1.052e-08,90103.8,0.0094,0x37...6bae,https://bscscan.com/tx/0x324157851972a1868f73f693c4dfc16eb3e15d6693e8c2c68b7570c82b954a5d
2023-03-27 17:27:05,False,3.325e-05,1.052e-08,33271679.0,3.50303,0xae...0095,https://bscscan.com/tx/0x3da70bb7742e7b0f3aca4f4f33bee6fe32533022bc9ac70f60af0e70bec84902
2023-03-27 17:27:05,False,3.327e-05,1.053e-08,400.87,4.222e-06,0xae...0095,https://bscscan.com/tx/0x3da70bb7742e7b0f3aca4f4f33bee6fe32533022bc9ac70f60af0e70bec84902
2023-03-27 17:25:29,False,3.326e-05,1.053e-08,148025.0,0.0155,0x09...d00a,https://bscscan.com/tx/0xd4a81fabc3e6ace459ed8d6893478ea1d84f499b60893f1fd1c786c861a0757b
2023-03-27 17:25:29,False,3.326e-05,1.053e-08,169264.0,0.0178,0x09...d00a,https://bscscan.com/tx/0xd4a81fabc3e6ace459ed8d6893478ea1d84f499b60893f1fd1c786c861a0757b
2023-03-27 17:25:29,True,3.342e-05,1.058e-08,17413644.0,1.84297,0xc3...74ce,https://bscscan.com/tx/0xae9bf30423aa623b5f8954b9c6737744a7e2bcb1b03b9761ab0f09bd31b031a7
2023-03-27 17:25:05,True,3.357e-05,1.058e-08,7863028.0,0.8319,0x6e...9fd1,https://bscscan.com/tx/0xfaadf424efb158c16bd65deadf5513cc3b544972e489e8ebd4bf703fd13e6519
2023-03-27 17:24:14,True,3.341e-05,1.057e-08,28745364.0,3.04,0x78...39b8,https://bscscan.com/tx/0xb4d14e1d4b0d5a99395e8b914afd9b22e938176bec1088397d108ffff4f4fdab
2023-03-27 17:23:53,False,3.34e-05,1.052e-08,8642345.0,0.9092,0x41...53fa,https://bscscan.com/tx/0xe3449e7c82b14d85a4604aead9d087a1b46fce0aa4754ed616f9c414e1f9a7a2
2023-03-27 17:23:53,False,3.34e-05,1.052e-08,14234.8,0.0015,0x41...53fa,https://bscscan.com/tx/0xe3449e7c82b14d85a4604aead9d087a1b46fce0aa4754ed616f9c414e1f9a7a2
2023-03-27 17:23:53,True,3.357e-05,1.057e-08,148917.0,0.0157,0x09...d00a,https://bscscan.com/tx/0x91b3144ab7783adc3e8591d197c0e55cd7f802f58538907e91706ae21916d9cc
2023-03-27 17:23:14,False,3.341e-05,1.052e-08,5107872.0,0.5374,0x7d...6b02,https://bscscan.com/tx/0x5b33db8ba8203713a8f1c283e20a35d7f7724b0dda09060f692a33e3bf6866ab
2023-03-27 17:23:14,False,3.341e-05,1.052e-08,103992.0,0.0109,0x7d...6b02,https://bscscan.com/tx/0x5b33db8ba8203713a8f1c283e20a35d7f7724b0dda09060f692a33e3bf6866ab
2023-03-27 17:23:05,True,3.357e-05,1.057e-08,7618759.0,0.8056,0x74...29f0,https://bscscan.com/tx/0x4c277b3dca94bd0b2911bfdfd34c797bc8bcdfa1161dbf5282f7ce95d8945262
2023-03-27 17:22:32,True,3.338e-05,1.056e-08,30794834.0,3.2549,0xef...0dfe,https://bscscan.com/tx/0x981650e3493704e17fd106ede4d2e343427e55e93b2ff09ada0d1bcdea09cfba
2023-03-27 17:22:26,False,3.319e-05,1.051e-08,101712.0,0.0106,0x08...5b01,https://bscscan.com/tx/0x6915a0dd5664706f9e7125ab4bfc0c7a47a9a0dd057b0e74257a83a81c7c1b24
2023-03-27 17:22:26,False,3.319e-05,1.051e-08,44463.3,0.0046,0x08...5b01,https://bscscan.com/tx/0x6915a0dd5664706f9e7125ab4bfc0c7a47a9a0dd057b0e74257a83a81c7c1b24
2023-03-27 17:22:08,True,3.354e-05,1.056e-08,100000.0,0.0105,0x5f...4aa7,https://bscscan.com/tx/0x8fefe34aeb176d12f056d5efb5b0b2458ac8375fea0858a210ef7cbb2db7a50b
2023-03-27 17:21:44,True,3.335e-05,1.056e-08,15658099.0,1.65408,0xc4...33b8,https://bscscan.com/tx/0x7ceb5ca3dd9450a312e76ff1b7304b3178e0d9ae303aef92b01b8492871e0d67
2023-03-27 17:21:35,True,3.334e-05,1.056e-08,357018.0,0.0377,0xd7...1abd,https://bscscan.com/tx/0x77832956e88753f4e76b847774278a65dae56956077ce9a34649bdcabf098f63
2023-03-27 17:20:26,False,3.332e-05,1.05e-08,351695.0,0.0369,0x8e...d332,https://bscscan.com/tx/0xc3e6518ded7d589c88a7e67eb7984da8dd5f98c9cd3906e183bc3063e50ce684
2023-03-27 17:20:26,False,3.332e-05,1.05e-08,344570.0,0.0362,0x8e...d332,https://bscscan.com/tx/0xc3e6518ded7d589c88a7e67eb7984da8dd5f98c9cd3906e183bc3063e50ce684
2023-03-27 17:19:50,True,3.349e-05,1.054e-08,112485761.0,11.8646,0x16...460d,https://bscscan.com/tx/0xbdb2aef5a07240742ce4e5def6ecbbcf91b1119eaaec25426d24b442356e30a5
2023-03-27 17:19:44,True,3.344e-05,1.053e-08,6000000.0,0.6319,0xe4...9432,https://bscscan.com/tx/0x1af6d55323c6ab733dbb3af9fdbf00a25103e36e6d182b56167a13e211db0d66
2023-03-27 17:19:44,True,3.344e-05,1.053e-08,384942.0,0.0405,0xf1...ee70,https://bscscan.com/tx/0x84e294c6eda3c0eb59ae447c5a3948f39c321b695e616cddd9ee411dc11759ae
2023-03-27 17:19:05,True,3.327e-05,1.053e-08,208890.0,0.022,0xdf...195c,https://bscscan.com/tx/0x8aa12aadc4114da11d9f29def553164768ecbbe1095c7c17396eb0d05f86a8c1
2023-03-27 17:18:47,True,3.327e-05,1.053e-08,228903.0,0.0241,0x89...cd2b,https://bscscan.com/tx/0x38f1ea40efc71ef59b2585a22453b6ea36a5a112fa53642bae3090807ebf1ff6
2023-03-27 17:18:29,False,3.316e-05,1.047e-08,2522367.0,0.2643,0xc3...0e94,https://bscscan.com/tx/0xe3ba30bc443982e1c12acb61b375e8f8f95cdc43e3eee4ac0a851532072586f2
2023-03-27 17:18:29,False,3.316e-05,1.047e-08,816628.0,0.0855,0xc3...0e94,https://bscscan.com/tx/0xe3ba30bc443982e1c12acb61b375e8f8f95cdc43e3eee4ac0a851532072586f2
2023-03-27 17:17:47,True,3.33e-05,1.053e-08,17994603.0,1.89489,0x20...946b,https://bscscan.com/tx/0x2c840b94d484bc421a70caba7b7bc8fbc01bb8f42aab46710a04c95952dc44d8
2023-03-27 17:17:41,True,3.311e-05,1.052e-08,33472211.0,3.52256,0xae...0095,https://bscscan.com/tx/0xfe1c8e95943e3b2110445ed9d669353adffc5bf9e78f0bbb64474e0e3902c542
2023-03-27 17:17:08,True,3.32e-05,1.051e-08,24971576.0,2.62614,0x4b...ad7f,https://bscscan.com/tx/0x76a3e6b7bf607fc2200d5c7159711a968f5d957bf99ad9793b7edf195510f2d7
2023-03-27 17:16:34,True,3.297e-05,1.05e-08,37380352.0,3.92818,0x36...99a4,https://bscscan.com/tx/0xb60a1faa30c0eac625db1f5204c7df13bb4aadc34b599c4c9f049d96ac5d76c1
2023-03-27 17:16:31,True,3.294e-05,1.049e-08,50919948.0,5.34537,0xfe...5ad3,https://bscscan.com/tx/0x2f2b0ede296d6681f40eeddfabaed460eb5955070268195ae68e9b4ddd5032a2
2023-03-27 17:16:28,True,3.289e-05,1.047e-08,90793755.0,9.51506,0x3e...8467,https://bscscan.com/tx/0xcc4f136b0cfc0d762f31f632ea9cc76532832dd7a0a320eb3036058b4e2713bd
2023-03-27 17:16:19,True,3.285e-05,1.046e-08,47312.8,0.0049,0x74...b28c,https://bscscan.com/tx/0x4957d3fd55dd3da0926b0043d97a30b051fcec2173e044b0934ffdaf6a085002
2023-03-27 17:16:13,True,3.284e-05,1.046e-08,18057486.0,1.88995,0x20...946b,https://bscscan.com/tx/0xd6c4ca63a23578bd87ccb23cc6e1ea331d881926e008fadaa873367b31ed6db8
2023-03-27 17:15:46,True,3.284e-05,1.046e-08,798926.0,0.0836,0xdc...c6dd,https://bscscan.com/tx/0xa9c61925718addf53d7c6b869e910e11606a47a8ffe17ebcdf8ed3c4c2b941d1
2023-03-27 17:15:25,True,3.299e-05,1.046e-08,303390.0,0.0317,0x89...79ac,https://bscscan.com/tx/0x84b7d4f77b57d3e772712ec45712554bbe437679d508169498f2734e05d11342
2023-03-27 17:15:16,False,3.283e-05,1.041e-08,498500.0,0.0519,0x8a...7823,https://bscscan.com/tx/0x259270cc0ece9b20c66a8cdca1b777c505e059b2d53416e2328c29d69dd71484
2023-03-27 17:15:16,False,3.283e-05,1.041e-08,97236.2,0.0101,0x8a...7823,https://bscscan.com/tx/0x259270cc0ece9b20c66a8cdca1b777c505e059b2d53416e2328c29d69dd71484
2023-03-27 17:15:04,True,3.282e-05,1.046e-08,15308499.0,1.60157,0xdb...5205,https://bscscan.com/tx/0xa92b6225ab47c1b04cabfb1ad46617d6c3b9e90bd0a1b87f4af8f7b5c2428454
2023-03-27 17:14:43,False,3.283e-05,1.041e-08,20495653.0,2.13368,0xf9...addd,https://bscscan.com/tx/0xd7dfe0fb1f062cd303a2f1f6f8002519f32ea7dc4af6b72d37f564304ea757da
2023-03-27 17:14:43,False,3.284e-05,1.041e-08,87795.6,0.0091,0xf9...addd,https://bscscan.com/tx/0xd7dfe0fb1f062cd303a2f1f6f8002519f32ea7dc4af6b72d37f564304ea757da
2023-03-27 17:14:37,True,3.299e-05,1.046e-08,17411953.0,1.82182,0xdb...5205,https://bscscan.com/tx/0x17ee30a4739697cdc13d12eac45b9e3a6fcab6f7499a9e5eeebd3b4b5f504dc9
2023-03-27 17:14:10,False,3.282e-05,1.041e-08,15059631.0,1.56778,0x9f...d87c,https://bscscan.com/tx/0x60d1889746a463983288122a04dc505f80ec7a8da917d49034e48433c4fb3ff2
2023-03-27 17:14:10,False,3.283e-05,1.041e-08,64874.5,0.0067,0x9f...d87c,https://bscscan.com/tx/0x60d1889746a463983288122a04dc505f80ec7a8da917d49034e48433c4fb3ff2
2023-03-27 17:13:04,True,3.279e-05,1.046e-08,1177576.0,0.1232,0x18...afde,https://bscscan.com/tx/0x709c4d179ec0cb4c0da785b604e32c051c47b6ae6ec8c64cc9964ef911811547
2023-03-27 17:12:40,True,3.277e-05,1.046e-08,20000000.0,2.09237,0xfa...5069,https://bscscan.com/tx/0xd133c759186602ad90e2b16aa1e479388a8bb1e1ffd416af6901f4f588257f0c
2023-03-27 17:12:40,False,3.26e-05,1.04e-08,2841450.0,0.2957,0x0c...9f6d,https://bscscan.com/tx/0x59c1a9027509ab12543516d644f57729890da64571e224e7f46cd768741fe8ed
2023-03-27 17:12:40,False,3.26e-05,1.04e-08,344832.0,0.0358,0x0c...9f6d,https://bscscan.com/tx/0x59c1a9027509ab12543516d644f57729890da64571e224e7f46cd768741fe8ed
2023-03-27 17:12:04,True,3.277e-05,1.045e-08,4500000.0,0.4706,0xe4...9432,https://bscscan.com/tx/0xccd1e377d38c80c4c33649f811b505d6053cb80934fe107b47488bab79e04b4d
2023-03-27 17:12:01,True,3.296e-05,1.045e-08,22902500.0,2.39472,0xa8...969d,https://bscscan.com/tx/0xb7032b9cd2408ef20468e5bcc00b45672a3336e7ff9b6991712a827a6a200d9e
2023-03-27 17:11:55,True,3.293e-05,1.044e-08,54869283.0,5.7319,0x40...058b,https://bscscan.com/tx/0xd6ffc7ff7d5e9979b19cabb1ab7329567767c9acc3263e4c5db13f9887b5c146
2023-03-27 17:10:46,True,3.281e-05,1.043e-08,4420557.0,0.4614,0x9e...ed09,https://bscscan.com/tx/0xa9df53ea15147e266eb860c5d666782413db8925a90d77148f67e6271e6d3c30
2023-03-27 17:10:40,True,3.281e-05,1.043e-08,6132201.0,0.64,0xa2...b4ef,https://bscscan.com/tx/0xb4af979ee2114f868ac393e09fbabe18b360880d6e9a7728feddcc530e8ca337
2023-03-27 17:10:28,True,3.297e-05,1.043e-08,4413526.0,0.4606,0x9e...ed09,https://bscscan.com/tx/0x073eb90411358793a2b8f4f87802f794bd99d58f2c62de09307c76696727123e
2023-03-27 17:09:58,True,3.297e-05,1.043e-08,287469.0,0.03,0x10...3f54,https://bscscan.com/tx/0xe40a45c10900a7dbe090697ce58c2fce81b7606427def624a86397d61df608de
2023-03-27 17:09:58,False,3.282e-05,1.038e-08,30099466.0,3.12657,0x17...4266,https://bscscan.com/tx/0xb6c009829ee2c551bbba48e6c5fc86077f9b788081a7be7adefc966365395d49
2023-03-27 17:09:58,False,3.283e-05,1.039e-08,53940.5,0.0056,0x17...4266,https://bscscan.com/tx/0xb6c009829ee2c551bbba48e6c5fc86077f9b788081a7be7adefc966365395d49
2023-03-27 17:09:43,False,3.27e-05,1.039e-08,19918027.0,2.07021,0xc9...5d93,https://bscscan.com/tx/0x78bca2900fbe046aaf110a41d40022c80b6eb594127c6158b69eb1c80236e8e2
2023-03-27 17:09:43,False,3.27e-05,1.039e-08,2672.19,2.778e-05,0xc9...5d93,https://bscscan.com/tx/0x78bca2900fbe046aaf110a41d40022c80b6eb594127c6158b69eb1c80236e8e2
2023-03-27 17:09:31,False,3.29e-05,1.039e-08,986731.0,0.1025,0x9d...57e1,https://bscscan.com/tx/0x94e3f61af8bf1321b650f28dbb475dfeecbe0f118cff2dd1b638c799315a7db7
2023-03-27 17:09:31,False,3.29e-05,1.039e-08,22986.4,0.0023,0x9d...57e1,https://bscscan.com/tx/0x94e3f61af8bf1321b650f28dbb475dfeecbe0f118cff2dd1b638c799315a7db7
2023-03-27 17:09:25,True,3.306e-05,1.044e-08,1437887.0,0.1502,0x18...afde,https://bscscan.com/tx/0xaf193a99c683c05fdd7d5e62cbc4a93fb66715b415f8576906b4ac3b3343761c
2023-03-27 17:09:04,False,3.273e-05,1.039e-08,7054381.0,0.7334,0x17...a9f2,https://bscscan.com/tx/0xd6702eb0fa2c338a5cdc9b6e1a8fa78e57898c1a4206166e80935253c04468f6
2023-03-27 17:09:04,False,3.273e-05,1.039e-08,757.185,7.873e-06,0x17...a9f2,https://bscscan.com/tx/0xd6702eb0fa2c338a5cdc9b6e1a8fa78e57898c1a4206166e80935253c04468f6
2023-03-27 17:09:01,False,3.289e-05,1.039e-08,279598.0,0.029,0xe5...4056,https://bscscan.com/tx/0x2f195c4d98437dd79609be93de39b92b2a6a42544ee20ba78d48ba8f5eebc060
2023-03-27 17:09:01,False,3.289e-05,1.039e-08,81608.5,0.0084,0xe5...4056,https://bscscan.com/tx/0x2f195c4d98437dd79609be93de39b92b2a6a42544ee20ba78d48ba8f5eebc060
2023-03-27 17:08:22,True,3.292e-05,1.044e-08,269247.0,0.0281,0x95...b8ea,https://bscscan.com/tx/0x0776dbce4f1e8fee3374f8b6d62a22ddcec0c61faf7ec89aaf757b2c56a30a74
2023-03-27 17:08:19,False,3.277e-05,1.04e-08,29866264.0,3.10653,0x17...4266,https://bscscan.com/tx/0xef1c12634badc3865b94f7c4a075ba2a0946653eb36e8736299369b7b2a4c2e6
2023-03-27 17:08:19,False,3.278e-05,1.04e-08,67716.0,0.007,0x17...4266,https://bscscan.com/tx/0xef1c12634badc3865b94f7c4a075ba2a0946653eb36e8736299369b7b2a4c2e6
2023-03-27 17:08:10,False,3.296e-05,1.04e-08,25004760.0,2.60256,0xc9...80d8,https://bscscan.com/tx/0x16ada88d626f01c9ed07cfd8aea94bb7318cfc7b3848cbd12883d12c9d1cd3c9
2023-03-27 17:08:10,False,3.297e-05,1.041e-08,70861.9,0.0073,0xc9...80d8,https://bscscan.com/tx/0x16ada88d626f01c9ed07cfd8aea94bb7318cfc7b3848cbd12883d12c9d1cd3c9
2023-03-27 17:08:10,True,3.313e-05,1.046e-08,12411882.0,1.29854,0xc8...0188,https://bscscan.com/tx/0x7f794708faa2a869a99dcd2287a86259663eb25534d47f25f56ee2454161883d
2023-03-27 17:08:01,False,3.273e-05,1.04e-08,13791751.0,1.43572,0xac...fbf4,https://bscscan.com/tx/0xcafbb617419cc1f8c124e8962373b6024540b31279cd4d84c112383674a7bc89
2023-03-27 17:08:01,False,3.274e-05,1.041e-08,328928.0,0.0342,0xac...fbf4,https://bscscan.com/tx/0xcafbb617419cc1f8c124e8962373b6024540b31279cd4d84c112383674a7bc89
2023-03-27 17:07:43,False,3.295e-05,1.042e-08,121459525.0,12.6644,0x3a...438d,https://bscscan.com/tx/0x4ef48b1314dd223b927068ba7b747d4d6a961593cc183d21bdc2ea199d51244a
2023-03-27 17:07:43,False,3.299e-05,1.044e-08,108000.0,0.0112,0x3a...438d,https://bscscan.com/tx/0x4ef48b1314dd223b927068ba7b747d4d6a961593cc183d21bdc2ea199d51244a
2023-03-27 17:07:22,False,3.301e-05,1.044e-08,39880000.0,4.16622,0x48...f0d7,https://bscscan.com/tx/0x1fa6af82c90008358aa62477d042e634dce011ee9127c8b95dce00c5768ba486
2023-03-27 17:07:22,False,3.302e-05,1.045e-08,19320.4,0.002,0x48...f0d7,https://bscscan.com/tx/0x1fa6af82c90008358aa62477d042e634dce011ee9127c8b95dce00c5768ba486
2023-03-27 17:07:22,True,3.319e-05,1.05e-08,5156246.0,0.5416,0x9e...ed09,https://bscscan.com/tx/0x51616a7b835fe3f9497f4954f6a9708637d0be3cbb482e9e643cfc8325b57cf5
2023-03-27 17:06:55,True,3.302e-05,1.05e-08,1999472.0,0.21,0x3e...06fe,https://bscscan.com/tx/0x2f1a67ca55ee07a52b509fab05dd2c59fd6c037c8b764df75e28eed9684fd89a
2023-03-27 17:06:13,False,3.283e-05,1.045e-08,8027972.0,0.839,0xd4...cc47,https://bscscan.com/tx/0xaac06c2233035e692d7590f147c2ccb457e2c62b4b411bb5c9410ceceae0cab8
2023-03-27 17:06:01,False,3.286e-05,1.045e-08,8315044.0,0.8691,0x00...2655,https://bscscan.com/tx/0x1a372ef2d9314460be3e8bd2234ff668be931518ce3558f0f8fb47e79920395e
2023-03-27 17:06:01,False,3.286e-05,1.045e-08,311517.0,0.0325,0x00...2655,https://bscscan.com/tx/0x1a372ef2d9314460be3e8bd2234ff668be931518ce3558f0f8fb47e79920395e
2023-03-27 17:06:01,True,3.298e-05,1.049e-08,100300903.0,10.5257,0x9b...2220,https://bscscan.com/tx/0x235927f79140df9ec58b6dbb6a85b4dddd27b0e324463dc6bcfcef97b0f7f6dc
2023-03-27 17:05:55,False,3.279e-05,1.043e-08,15030552.0,1.56785,0x17...4266,https://bscscan.com/tx/0x04c6d9699320f6e5574bcd048e400a2cc03d0591ca8c0259db4fd8ed31ac903c
2023-03-27 17:05:55,False,3.279e-05,1.043e-08,271217.0,0.0283,0x17...4266,https://bscscan.com/tx/0x04c6d9699320f6e5574bcd048e400a2cc03d0591ca8c0259db4fd8ed31ac903c
2023-03-27 17:05:46,True,3.308e-05,1.047e-08,100300903.0,10.5044,0x9b...2220,https://bscscan.com/tx/0x591a067a1bae37f6fac920885b4e7fefddb25c40bf6aeb56a12cc8fc95649ea3
2023-03-27 17:05:16,True,3.304e-05,1.046e-08,150000.0,0.0156,0xf4...a552,https://bscscan.com/tx/0xd5c68e176b1ad8481bcd9b8289f0e80fe07321baeadc2ca7c8c54c9972ecee11
2023-03-27 17:05:07,False,3.288e-05,1.04e-08,13325464.0,1.38714,0x0e...7f19,https://bscscan.com/tx/0xac107247f69aab44edbce43f327da48b49342a2dceaf5d4adff065a8e331051c
2023-03-27 17:05:07,False,3.289e-05,1.041e-08,1087365.0,0.1132,0x0e...7f19,https://bscscan.com/tx/0xac107247f69aab44edbce43f327da48b49342a2dceaf5d4adff065a8e331051c
2023-03-27 17:05:07,True,3.301e-05,1.045e-08,100300903.0,10.4828,0x9b...2220,https://bscscan.com/tx/0x65f581d43e589c55800983fc47ea99ce4e6468be5335497a7d0822e3b9006e14
2023-03-27 17:05:01,True,3.298e-05,1.043e-08,20000.0,0.002,0x79...5603,https://bscscan.com/tx/0x228bf2da39eb274ef4cb78834cdf31861c89dc47fe2a081ffd93e5aacb85eb1b
2023-03-27 17:04:52,True,3.294e-05,1.042e-08,100300903.0,10.4578,0x9b...2220,https://bscscan.com/tx/0xb3a1757cba39bf04745602066909c3de07353ab38864b6d5e5fc37bc00d5b481
2023-03-27 17:04:49,True,3.286e-05,1.04e-08,100300903.0,10.4329,0x9b...2220,https://bscscan.com/tx/0x32733efceee1dbff0f97f7ff5b676bb070a77a50f5aa2b3782ade666eedcc2ce
2023-03-27 17:04:46,False,3.277e-05,1.034e-08,86274670.0,8.92766,0xa5...8025,https://bscscan.com/tx/0xe58c5939141de002c6239ca8a4cb929450758e7bc575ea58d30a3aa6cf4f5041
2023-03-27 17:04:46,False,3.28e-05,1.035e-08,1525323.0,0.158,0xa5...8025,https://bscscan.com/tx/0xe58c5939141de002c6239ca8a4cb929450758e7bc575ea58d30a3aa6cf4f5041
2023-03-27 17:04:43,True,3.293e-05,1.039e-08,100300903.0,10.4298,0x9b...2220,https://bscscan.com/tx/0x52072f6a7ce9753817144be5010b7c7e56324327431738d27753be667ba6ced8
2023-03-27 17:04:40,True,3.289e-05,1.038e-08,4534453.0,0.4709,0xeb...fd86,https://bscscan.com/tx/0xa3e47b8d4ec7a4d487031fd6c23ccde467fb96f8c441a2dd7a19c69146f75cfb
2023-03-27 17:04:37,True,3.289e-05,1.038e-08,155000.0,0.0161,0xf9...52e0,https://bscscan.com/tx/0xf530e5b8ecd4c9184cdc20fb3e474477ae8d510ba5d5b13ece1ef1ed6b7f4817
2023-03-27 17:04:37,True,3.285e-05,1.037e-08,100300903.0,10.4038,0x9b...2220,https://bscscan.com/tx/0x05ce8d35778e5fb0386a4bd49b5d83d4e9a4d0e16d2689cc43f2cf51c9928200
2023-03-27 17:04:31,True,3.289e-05,1.035e-08,2186254.0,0.2265,0x0e...7f19,https://bscscan.com/tx/0xa86913e199013f62e284a7acd364fa5502c68764ebae4aa9770db71aa9a7a4d9
