datetime,buy_order,price_USD,price_native,amount_token,total_native,maker,etherscan_url
2023-03-23 21:37:23,False,3.771e-05,1.148e-08,997000.0,0.1145,0xc3...7f84,https://bscscan.com/tx/0x4e5f2b935e90792e263df0fc610e7d5d19bf814a897d750d4950029d54afd912
2023-03-23 21:37:23,False,3.771e-05,1.148e-08,711326.0,0.0817,0xc3...7f84,https://bscscan.com/tx/0x4e5f2b935e90792e263df0fc610e7d5d19bf814a897d750d4950029d54afd912
2023-03-23 21:34:17,True,3.81e-05,1.154e-08,119167.0,0.0137,0xb8...9a37,https://bscscan.com/tx/0x35af7044d63519297c3481909f2060ef9fa0cac04a0ce5733efb7fa0d657e29b
2023-03-23 21:33:23,True,3.803e-05,1.153e-08,100300903.0,11.5679,0x9b...2220,https://bscscan.com/tx/0x2db7580390ab6c42536d5039d5077afd6ef6ebe79f98e6d11172ecb3e0a8253f
2023-03-23 21:33:20,True,3.797e-05,1.151e-08,30010194.0,3.45549,0x20...946b,https://bscscan.com/tx/0xd0ad300eb7bceb0e285a2b8c065ddf364629fa0e0009dd4e790eab2817929f12
2023-03-23 21:33:20,True,3.791e-05,1.149e-08,100300903.0,11.5302,0x9b...2220,https://bscscan.com/tx/0x92b12eff7d155fee00f3a4d6251c285457fcd957bf2309f34b621e60452ec715
2023-03-23 21:32:44,True,3.766e-05,1.147e-08,26521281.0,3.04397,0xc1...f4fe,https://bscscan.com/tx/0xb6b36bf1edd2030cea4fe560e8befd7ce1ace4b44f01eb0b79c9df3d80755c5d
2023-03-23 21:32:29,False,3.746e-05,1.141e-08,10560.9,0.0012,0x46...6fce,https://bscscan.com/tx/0xcffa430741ca2c80376f8e682730d5142b6b89af715cbd1aa2e82372227013d8
2023-03-23 21:32:29,False,3.746e-05,1.141e-08,30452.9,0.0034,0x46...6fce,https://bscscan.com/tx/0xcffa430741ca2c80376f8e682730d5142b6b89af715cbd1aa2e82372227013d8
2023-03-23 21:32:23,True,3.783e-05,1.147e-08,3941053.0,0.4521,0xfb...f86d,https://bscscan.com/tx/0xc25072899f1ffc59048fdbc0081599d78eaa32f714e5f94b9c1e73a2304a264e
2023-03-23 21:31:29,False,3.744e-05,1.141e-08,7315784.0,0.8351,0x4d...7ad1,https://bscscan.com/tx/0xa379f80c5b614f8571b324aebebb29cb3e8f19f7439838b633ef8ba21b196b33
2023-03-23 21:31:29,False,3.744e-05,1.141e-08,3244.78,3.704e-05,0x4d...7ad1,https://bscscan.com/tx/0xa379f80c5b614f8571b324aebebb29cb3e8f19f7439838b633ef8ba21b196b33
2023-03-23 21:30:17,False,3.765e-05,1.141e-08,1198166.0,0.1368,0x55...7ff7,https://bscscan.com/tx/0xda3cb036c3979ebc90d2ff0315707f518a41f9de2e66f8e38e9908db953b0518
2023-03-23 21:30:17,False,3.765e-05,1.141e-08,115304.0,0.0131,0x55...7ff7,https://bscscan.com/tx/0xda3cb036c3979ebc90d2ff0315707f518a41f9de2e66f8e38e9908db953b0518
2023-03-23 21:26:05,True,3.783e-05,1.147e-08,26543582.0,3.04487,0xc1...f4fe,https://bscscan.com/tx/0xa572f014bcebdcacd02617baf66312a71defb8e324fa67a9ef55c761c47308b4
2023-03-23 21:25:14,True,3.763e-05,1.146e-08,2808589.0,0.322,0x11...ca3a,https://bscscan.com/tx/0xf43ea639e52a82c8a5053350c1120e62df45181c361ec44a95166b11f67fddde
2023-03-23 21:23:05,False,3.744e-05,1.141e-08,13313102.0,1.51919,0xe7...5e51,https://bscscan.com/tx/0xd8dd29d6f80fdc385f5e7af41e9dd36c00d8eb0451e7a13c6c9ca788e31b8662
2023-03-23 21:23:05,False,3.745e-05,1.141e-08,15175.5,0.0017,0xe7...5e51,https://bscscan.com/tx/0xd8dd29d6f80fdc385f5e7af41e9dd36c00d8eb0451e7a13c6c9ca788e31b8662
2023-03-23 21:22:29,True,3.782e-05,1.147e-08,1255552.0,0.144,0x74...e034,https://bscscan.com/tx/0xe0f3f807e53e93905bbbf7586993afd82a02f58918c6fb6e3857cd9f1af1a2ec
2023-03-23 21:19:14,True,3.784e-05,1.146e-08,1005225.0,0.1153,0x43...efb6,https://bscscan.com/tx/0x6db149c418addf77288e00203b66d752318aaedf50cd74efd9d695f72d9a6787
2023-03-23 21:16:14,True,3.765e-05,1.146e-08,2615.57,3e-05,0xbf...6c04,https://bscscan.com/tx/0x3a16d9fc86627a3d94ec03f8afefc2a379d8032407291321e0ceb4d5b6c79beb
2023-03-23 21:15:41,True,3.765e-05,1.146e-08,3132535.0,0.3592,0x32...cf44,https://bscscan.com/tx/0xbb1e85bcdd380fe85f52e37c96f165599afb86315714f8cff4f5a946ec5a9bf3
2023-03-23 21:15:26,False,3.745e-05,1.141e-08,223953.0,0.0255,0xcb...312e,https://bscscan.com/tx/0x169e7e2cf26a3214e69649f509a6af3510c0e491177b66e75e104fa0b0c798d8
2023-03-23 21:15:26,False,3.745e-05,1.141e-08,42350.4,0.0048,0xcb...312e,https://bscscan.com/tx/0x169e7e2cf26a3214e69649f509a6af3510c0e491177b66e75e104fa0b0c798d8
2023-03-23 21:13:41,True,3.786e-05,1.146e-08,113991.0,0.013,0xdd...2d9d,https://bscscan.com/tx/0x3e709dfefe2106288b7db9ca54f61177ce32894ee74648e2e2c29fcd2bb4f11f
2023-03-23 21:13:41,True,3.786e-05,1.146e-08,228609.0,0.0262,0xdd...2d9d,https://bscscan.com/tx/0x3e709dfefe2106288b7db9ca54f61177ce32894ee74648e2e2c29fcd2bb4f11f
2023-03-23 21:13:17,True,3.785e-05,1.146e-08,13627992.0,1.56271,0x64...eda3,https://bscscan.com/tx/0xcecfee9c121cee7b3fb09c8deaa0799be07dd8a263cde3590e170d7d0e3147bf
2023-03-23 21:12:47,False,3.765e-05,1.14e-08,185020.0,0.0211,0xea...3238,https://bscscan.com/tx/0xe154ad680fdb7bba303201d21df6b3053f9b5e8f2f5c871b17c1f6f6282bd927
2023-03-23 21:12:47,False,3.765e-05,1.14e-08,53299.5,0.006,0xea...3238,https://bscscan.com/tx/0xe154ad680fdb7bba303201d21df6b3053f9b5e8f2f5c871b17c1f6f6282bd927
2023-03-23 21:11:44,False,3.747e-05,1.141e-08,19681331.0,2.24575,0x3c...3e12,https://bscscan.com/tx/0x7b7e9ab1eabff96b5c39efd7df842d6ce58ebfa65fb66008c2b37241c27220df
2023-03-23 21:11:44,False,3.748e-05,1.141e-08,10782.6,0.0012,0x3c...3e12,https://bscscan.com/tx/0x7b7e9ab1eabff96b5c39efd7df842d6ce58ebfa65fb66008c2b37241c27220df
2023-03-23 21:11:44,True,3.767e-05,1.147e-08,840289.0,0.0963,0xce...a4e8,https://bscscan.com/tx/0xb58c9115a7b6bd906c3812889d7d33e48437f7edcc8bcb62a4d4a6a946ac0889
2023-03-23 21:09:38,False,3.746e-05,1.141e-08,3143792.0,0.3588,0x84...8f35,https://bscscan.com/tx/0xbb1ded5708aace602b9df1cc457aed052219a3feb727e89c3848bcf4924507ff
2023-03-23 21:09:38,False,3.747e-05,1.141e-08,7324.15,8.359e-05,0x84...8f35,https://bscscan.com/tx/0xbb1ded5708aace602b9df1cc457aed052219a3feb727e89c3848bcf4924507ff
2023-03-23 21:08:59,True,3.786e-05,1.147e-08,26413.8,0.003,0x41...2747,https://bscscan.com/tx/0x772c2608d9a31e52fa3a6ba0fe88ceee20dcefe6bf7684cf5f9d48d2c8a8aae0
2023-03-23 21:06:41,True,3.786e-05,1.147e-08,200000.0,0.0229,0x37...8225,https://bscscan.com/tx/0x8c2b6848755c94077fa46a9e0d3caae5d8814a81346cca1e6a4151e47e9965cf
2023-03-23 21:04:29,False,3.749e-05,1.141e-08,2416223.0,0.2757,0x4a...f5c2,https://bscscan.com/tx/0xe33d0626b5a8ec546ee0bb1f1f0e6b0b8287c26db82ee9690b2d6591ea444973
2023-03-23 21:04:29,False,3.749e-05,1.141e-08,1060.91,1.21e-05,0x4a...f5c2,https://bscscan.com/tx/0xe33d0626b5a8ec546ee0bb1f1f0e6b0b8287c26db82ee9690b2d6591ea444973
2023-03-23 21:03:38,False,3.768e-05,1.141e-08,391750.0,0.0447,0x61...80b8,https://bscscan.com/tx/0xdf5d2b572128f9d1ea50cc99cb1a33689ba602d601448e06993cde5c8fc72741
2023-03-23 21:03:38,False,3.768e-05,1.141e-08,3944.43,4.502e-05,0x61...80b8,https://bscscan.com/tx/0xdf5d2b572128f9d1ea50cc99cb1a33689ba602d601448e06993cde5c8fc72741
2023-03-23 21:02:38,False,3.749e-05,1.141e-08,1456517.0,0.1662,0xc2...4fc1,https://bscscan.com/tx/0xcf0f8f2d63f87537036d50de76700f522efd42da172a43fccc9286860ec4bbb8
2023-03-23 21:02:38,False,3.749e-05,1.141e-08,193721.0,0.0221,0xc2...4fc1,https://bscscan.com/tx/0xcf0f8f2d63f87537036d50de76700f522efd42da172a43fccc9286860ec4bbb8
2023-03-23 21:02:29,True,3.768e-05,1.147e-08,188875.0,0.0216,0x08...ec7a,https://bscscan.com/tx/0x01d26fd45664bcb394813625219eb3b4d46b2abc4370b1f199c4e60d69c0c66f
2023-03-23 21:00:11,True,3.767e-05,1.147e-08,3726311.0,0.4274,0x3f...0c42,https://bscscan.com/tx/0xcf285e12c7b3116b55152c92ee17a57aba1459a1f00d1da662ce12c469a57c47
2023-03-23 20:59:53,True,3.785e-05,1.146e-08,30085544.0,3.44993,0x20...946b,https://bscscan.com/tx/0x5a2ffbe3fa9b5bfc1ffbbcb5a9612a6071eef298d49e27239148c2ca2d921148
2023-03-23 20:59:20,True,3.764e-05,1.146e-08,7747874.0,0.888,0xd8...41ea,https://bscscan.com/tx/0xf932f819e4b7d55334b96c5d29f324ae318a8f6e6ba8e111f761373401fa056b
2023-03-23 20:57:38,False,3.746e-05,1.14e-08,29910000.0,3.412,0x97...2157,https://bscscan.com/tx/0xbdaac92bc5dce6b2211015b8f65e249ec7bd3629b9650c22a7f6498617428c17
2023-03-23 20:57:38,False,3.748e-05,1.141e-08,197763.0,0.0225,0x97...2157,https://bscscan.com/tx/0xbdaac92bc5dce6b2211015b8f65e249ec7bd3629b9650c22a7f6498617428c17
2023-03-23 20:57:26,True,3.785e-05,1.146e-08,13192489.0,1.51282,0x30...409c,https://bscscan.com/tx/0xa6da19491f10f7bd2e2b15e473a7f5dc9ade22ee0f83624dc6465052353b630c
2023-03-23 20:57:11,True,3.784e-05,1.146e-08,53000.0,0.006,0xf1...d92e,https://bscscan.com/tx/0xa67d17bcf1b084650c86c002e681f6fcbcea8351f965361eb297c4abc71105af
2023-03-23 20:56:32,False,3.749e-05,1.141e-08,59820000.0,6.82941,0x3b...c389,https://bscscan.com/tx/0x2ec75248eea14e8808dff67652e5da275565e5669c04685e3791bc568b40eb0c
2023-03-23 20:56:32,False,3.752e-05,1.142e-08,144301.0,0.0164,0x3b...c389,https://bscscan.com/tx/0x2ec75248eea14e8808dff67652e5da275565e5669c04685e3791bc568b40eb0c
2023-03-23 20:55:59,True,3.79e-05,1.148e-08,26126.7,0.003,0x8c...5ddb,https://bscscan.com/tx/0xc2def44ac5589b7dd7697da35592cd083630ff26686a1602b19d0f04fda2f4c7
2023-03-23 20:55:32,True,3.79e-05,1.148e-08,278686.0,0.032,0x28...85ee,https://bscscan.com/tx/0x671663405a4402b13803985f3e317240841eb9679020f77a491b9f5ec4a4642f
2023-03-23 20:55:14,True,3.787e-05,1.147e-08,52837908.0,6.06305,0x7c...6cb0,https://bscscan.com/tx/0xa55904ed2f44c87f8d4db7092488483e8e13405ed293badde35712173e1279cc
2023-03-23 20:54:32,False,3.746e-05,1.141e-08,301365.0,0.0343,0x8a...4fef,https://bscscan.com/tx/0xf92f174f7ce236d8e47d675f007f6acce6ef9e5a63c8026e46b1debc4afea437
2023-03-23 20:54:32,False,3.746e-05,1.141e-08,547.78,6.25e-06,0x8a...4fef,https://bscscan.com/tx/0xf92f174f7ce236d8e47d675f007f6acce6ef9e5a63c8026e46b1debc4afea437
2023-03-23 20:53:56,False,3.765e-05,1.141e-08,202273.0,0.023,0xa5...5202,https://bscscan.com/tx/0xf31dfe2e6457267c5811fab3d5be4c0f6daa6563f21438ab18ca7f8500e4ce82
2023-03-23 20:53:56,False,3.765e-05,1.141e-08,230829.0,0.0263,0xa5...5202,https://bscscan.com/tx/0xf31dfe2e6457267c5811fab3d5be4c0f6daa6563f21438ab18ca7f8500e4ce82
2023-03-23 20:52:05,True,3.782e-05,1.146e-08,28787416.0,3.3,0x78...39b8,https://bscscan.com/tx/0xc973f1fcc8673254fecee5b81f46c0fcae93d5216293ae2233bda05600c2d30b
2023-03-23 20:51:38,True,3.78e-05,1.145e-08,1700000.0,0.1948,0x84...0139,https://bscscan.com/tx/0x130e6b6cf86d667b3287bacd7c146c61fe0d0bcb2e51a77f7aaa156c2a7e90b5
2023-03-23 20:51:38,True,3.78e-05,1.145e-08,392715.0,0.045,0x08...7d34,https://bscscan.com/tx/0x09213e93dc0fc27a26a6f61b67d59b4ce6328cc26fd9996cef0225cd3e048d86
2023-03-23 20:51:08,True,3.758e-05,1.145e-08,30085554.0,3.4461,0x20...946b,https://bscscan.com/tx/0xde1904fb8a7be19aa3be8d17f5778323772cabe69adf3f6cef03507f8bb12b35
2023-03-23 20:50:53,True,3.756e-05,1.144e-08,17185403.0,1.96731,0x52...86b0,https://bscscan.com/tx/0x243dbada31a567bfcb69ba334fdc5ef08bb33852f98107e66876448a3607f050
2023-03-23 20:49:59,False,3.734e-05,1.138e-08,1693264.0,0.1928,0xe3...9360,https://bscscan.com/tx/0x8e274527c5b2a13eace9c5e01fc6f4fbdbd4200bd99965a73b36a58cbb8bdda8
2023-03-23 20:49:59,False,3.734e-05,1.138e-08,27000.0,0.003,0xe3...9360,https://bscscan.com/tx/0x8e274527c5b2a13eace9c5e01fc6f4fbdbd4200bd99965a73b36a58cbb8bdda8
2023-03-23 20:49:50,False,3.734e-05,1.138e-08,9970000.0,1.13557,0x32...74cb,https://bscscan.com/tx/0xfe086a0373b9e6523eeb1e98f76d1287b6f8b105135d95b8cda39f0401a21db1
2023-03-23 20:49:50,False,3.734e-05,1.139e-08,3240.0,3.69e-05,0x32...74cb,https://bscscan.com/tx/0xfe086a0373b9e6523eeb1e98f76d1287b6f8b105135d95b8cda39f0401a21db1
2023-03-23 20:48:47,True,3.772e-05,1.144e-08,600000.0,0.0686,0xae...9bd7,https://bscscan.com/tx/0xc6cf3920fe0b2e401218fbb732b332e65c0bfd78ce9aad7c9f496ef05ec8da0f
2023-03-23 20:45:47,False,3.754e-05,1.139e-08,598200.0,0.0681,0x6a...b536,https://bscscan.com/tx/0xa7957a8df18242839dca41211c290674bc15e87cd0590061e55294eaf173b043
2023-03-23 20:45:47,False,3.755e-05,1.139e-08,4933.88,5.62e-05,0x6a...b536,https://bscscan.com/tx/0xa7957a8df18242839dca41211c290674bc15e87cd0590061e55294eaf173b043
2023-03-23 20:45:23,False,3.755e-05,1.139e-08,1821882.0,0.2075,0x03...07a5,https://bscscan.com/tx/0x33899346163f5619f4d397b9181ac02ce731c5de66fcf431735b441b7dc0d92e
2023-03-23 20:45:23,False,3.755e-05,1.139e-08,423563.0,0.0482,0x03...07a5,https://bscscan.com/tx/0x33899346163f5619f4d397b9181ac02ce731c5de66fcf431735b441b7dc0d92e
2023-03-23 20:45:05,True,3.77e-05,1.144e-08,51142424.0,5.85161,0x0c...c0eb,https://bscscan.com/tx/0x83a1fa1ed34ac834626af5596cb80847c144aa04ce7b2decfdaf4f17b25de2cf
2023-03-23 20:44:53,True,3.767e-05,1.143e-08,13476072.0,1.54066,0x10...f2a6,https://bscscan.com/tx/0xf23b6dc2b2cab98c9fb51b4c35293e2aedcf85386180180665670e41c5fed667
2023-03-23 20:44:20,True,3.746e-05,1.142e-08,13124756.0,1.5,0x78...39b8,https://bscscan.com/tx/0x3ad9047a331582bdd57b9be1d1b5ba676b0086e4ec8c73c0aba6ba8e8690272b
2023-03-23 20:43:50,True,3.764e-05,1.143e-08,4768974.0,0.5451,0x5e...375b,https://bscscan.com/tx/0x9debaec4649429c9a29067f0e739502a76340f21d5504b599e44d119c8fff8d3
2023-03-23 20:43:38,True,3.741e-05,1.141e-08,53021096.0,6.05395,0x7c...6cb0,https://bscscan.com/tx/0x3f28530055e795fbf94b97a62ccfffa7814199bd9a8759f7b9e154e159c4f35f
2023-03-23 20:43:38,True,3.738e-05,1.14e-08,5048172.0,0.5759,0x6b...9f5d,https://bscscan.com/tx/0x20d665a17ab9d9044ec6d465e9051a902d295e13bd16335000aa9767afcff709
2023-03-23 20:43:29,True,3.738e-05,1.14e-08,5091053.0,0.5808,0x6b...9f5d,https://bscscan.com/tx/0x13c6a60b8ed2bcdec77da0d6bdd937af0750ff6ee185890e24fae14f07e609e3
2023-03-23 20:43:23,True,3.736e-05,1.14e-08,5049726.0,0.576,0x6b...9f5d,https://bscscan.com/tx/0x238a046a8cab8513524e79333372e9e664f4fc61a93c814df5337aa9cfa8b050
2023-03-23 20:43:20,False,3.717e-05,1.135e-08,6134373.0,0.6962,0x31...873b,https://bscscan.com/tx/0x13f99b720fcf7bbb93b22450871b4e2ac08b88b5015e1b70613d0447e94e5084
2023-03-23 20:43:20,False,3.718e-05,1.135e-08,23785.1,0.0027,0x31...873b,https://bscscan.com/tx/0x13f99b720fcf7bbb93b22450871b4e2ac08b88b5015e1b70613d0447e94e5084
2023-03-23 20:42:14,True,3.736e-05,1.14e-08,350636.0,0.04,0x44...1e7a,https://bscscan.com/tx/0x752e32637fce11e912322d5c4bdfbf38964e69a81d568ce2e40fe84e5329cd1e
2023-03-23 20:41:53,True,3.734e-05,1.14e-08,3383933.0,0.386,0x57...06cd,https://bscscan.com/tx/0xd1e5609a345449ca694531c89fd0075236d53dc3038096f23eeb160b2b4abda4
2023-03-23 20:38:05,True,3.755e-05,1.14e-08,2250000.0,0.2566,0xb5...19c8,https://bscscan.com/tx/0xe0244767df6a43708d00f6322ebfb4c142bd58b2c607f5ef69668efa29784ad0
2023-03-23 20:38:02,False,3.736e-05,1.134e-08,2816264.0,0.3196,0x17...2019,https://bscscan.com/tx/0x057d7c5bb58e57fce522e647e1ec824dc85b873a065ab19317f40c50b3a123cb
2023-03-23 20:38:02,False,3.736e-05,1.135e-08,278006.0,0.0315,0x17...2019,https://bscscan.com/tx/0x057d7c5bb58e57fce522e647e1ec824dc85b873a065ab19317f40c50b3a123cb
2023-03-23 20:36:59,True,3.752e-05,1.14e-08,723102.0,0.0824,0xc5...8b28,https://bscscan.com/tx/0xdba323f3d56a536fc2f10d3debbfd87788a5c0e357ff3b1cb19dc8515aefaf28
2023-03-23 20:36:53,True,3.75e-05,1.14e-08,44267173.0,5.04672,0xe8...bbe9,https://bscscan.com/tx/0x4919448da7ef2599688e2daef8949861498d3ce8fe61bf99b1278b56f824182d
2023-03-23 20:35:41,False,3.729e-05,1.134e-08,54835000.0,6.22111,0x3b...c389,https://bscscan.com/tx/0x4e69ab57c5dfd1e006af922d313a8bf596678651a1c090636695989dca4542bb
2023-03-23 20:35:41,False,3.732e-05,1.135e-08,39495.6,0.0044,0x3b...c389,https://bscscan.com/tx/0x4e69ab57c5dfd1e006af922d313a8bf596678651a1c090636695989dca4542bb
2023-03-23 20:35:23,True,3.751e-05,1.14e-08,136000.0,0.0155,0x28...988b,https://bscscan.com/tx/0xb93ba9ca0ea7adb91b36f5e9fa25272fa9a27bfbe204ad24e9b9f102a04f13a9
2023-03-23 20:35:11,True,3.751e-05,1.14e-08,596735.0,0.068,0x6b...7e40,https://bscscan.com/tx/0x36319b62c64eaa102c81e24f798f7ff9a29ad2aa5a271450a178a6651aea3cc9
2023-03-23 20:34:17,True,3.749e-05,1.14e-08,467097.0,0.0532,0x1a...4504,https://bscscan.com/tx/0xc62234184d03076d537d2d3487e4aa0bc6d7dd49e7d888b1c6523f37f2731b7e
2023-03-23 20:32:53,True,3.751e-05,1.141e-08,539987.0,0.0616,0x85...f105,https://bscscan.com/tx/0xf1efb5feba3e26ce6508bf8ce21caabf47a1a2dd93628e3070fe75e681c68c19
2023-03-23 20:30:32,True,3.731e-05,1.14e-08,505000.0,0.0576,0xa5...8898,https://bscscan.com/tx/0x1e175f06048544318832522edae7f805b90796779db723b275f0475bfb8a55fd
2023-03-23 20:29:26,True,3.731e-05,1.14e-08,4382.42,5e-05,0x9d...50f1,https://bscscan.com/tx/0xa9df697d25cfc5afe72b2bed6457f458b34c18ea200b521bb35b3e30be16b325
2023-03-23 20:28:56,True,3.728e-05,1.14e-08,7011.88,8e-05,0x9d...50f1,https://bscscan.com/tx/0xc065ecaf2f8e9cd920a95e0a76dc8f4ef385b9c3d5a72e268f1a1b9518ebd704
2023-03-23 20:24:17,True,3.748e-05,1.14e-08,87648.6,0.01,0xba...351f,https://bscscan.com/tx/0x94dab8bb2060069dc0cb6aa755782ba097a7a2115ded825c6b0f2618d06bfcfd
2023-03-23 20:23:23,True,3.729e-05,1.14e-08,247228.0,0.0282,0x06...4daf,https://bscscan.com/tx/0x55ec45bca481852fa60d916c7a2486b0c2d2e636e85d99ad6c690c0f4e90db9a
2023-03-23 20:22:44,True,3.747e-05,1.14e-08,965960.0,0.1102,0xaa...833f,https://bscscan.com/tx/0x808963ca44ff9d35f7114e28402c8f6ed04e0e62f3b314862ca7782426c35436
2023-03-23 20:22:23,True,3.728e-05,1.14e-08,103628.0,0.0118,0xa0...e0db,https://bscscan.com/tx/0xc870b42041b7746485b2363984fdbe0f2b23a63f5f131a0780d4597cb96e3fb4
2023-03-23 20:22:17,False,3.71e-05,1.135e-08,2953183.0,0.3352,0x22...e14b,https://bscscan.com/tx/0xd77fd4f7f11917bb53e0e2bb00c55376a955698901f2c681d456ee751aed4f19
2023-03-23 20:22:17,False,3.71e-05,1.135e-08,41395.1,0.0047,0x22...e14b,https://bscscan.com/tx/0xd77fd4f7f11917bb53e0e2bb00c55376a955698901f2c681d456ee751aed4f19
2023-03-23 20:21:50,True,3.749e-05,1.141e-08,5331506.0,0.6085,0x8f...e3fc,https://bscscan.com/tx/0x4beb69d4366bb129527622ccb6ffc90348be07258534bba01100d265ea2902ca
2023-03-23 20:21:41,False,3.729e-05,1.135e-08,9970000.0,1.13185,0x78...39b8,https://bscscan.com/tx/0x998bd8f7165d18fe7a0c03e93be23625cf165ae41b3db64719eb17f4f76c40c8
2023-03-23 20:21:41,False,3.729e-05,1.135e-08,2732.96,3.102e-05,0x78...39b8,https://bscscan.com/tx/0x998bd8f7165d18fe7a0c03e93be23625cf165ae41b3db64719eb17f4f76c40c8
2023-03-23 20:21:41,False,3.729e-05,1.135e-08,1009169.0,0.1145,0xd8...6fdf,https://bscscan.com/tx/0xf9438ded9207f3a9c9cd1940686d54c964c9b36d3ac8d98050d9bd2e1cfbe436
2023-03-23 20:21:41,False,3.729e-05,1.135e-08,768621.0,0.0872,0xd8...6fdf,https://bscscan.com/tx/0xf9438ded9207f3a9c9cd1940686d54c964c9b36d3ac8d98050d9bd2e1cfbe436
2023-03-23 20:17:32,True,3.747e-05,1.141e-08,533752.0,0.0609,0x0e...5a61,https://bscscan.com/tx/0xcf9db9813f18124005a6e77bd55a6a8a4a310e12fcbe6b7ce05219e03b8cf804
2023-03-23 20:15:23,True,3.746e-05,1.141e-08,19293.4,0.0022,0xbe...625a,https://bscscan.com/tx/0xcd4c2a3a10fcd7be1a141057617dc2adceb2aa763f105d58eb5b9d04c6a738a5
2023-03-23 20:13:44,False,3.722e-05,1.139e-08,283269092.0,32.277,0x2a...45eb,https://bscscan.com/tx/0x5258bcc89f9fad9923d8febd2012fbd9803ce46f1d8786e70031b67364fdf7a3
2023-03-23 20:13:44,False,3.735e-05,1.143e-08,271.519,3.104e-06,0x2a...45eb,https://bscscan.com/tx/0x5258bcc89f9fad9923d8febd2012fbd9803ce46f1d8786e70031b67364fdf7a3
2023-03-23 20:13:23,False,3.754e-05,1.143e-08,100261.0,0.0114,0x80...05fa,https://bscscan.com/tx/0x093c9ba56d569c7b72f3b46035acb673d63df4b478b9c0edfeb2dfdca2c06435
2023-03-23 20:13:23,False,3.754e-05,1.143e-08,2656.4,3.037e-05,0x80...05fa,https://bscscan.com/tx/0x093c9ba56d569c7b72f3b46035acb673d63df4b478b9c0edfeb2dfdca2c06435
2023-03-23 20:10:32,False,3.735e-05,1.143e-08,980899.0,0.1121,0x94...19ba,https://bscscan.com/tx/0x7d899deddfed9fee901151a282bb09e1b92486d0656d8034770a1b6cd1f6e642
2023-03-23 20:10:32,False,3.736e-05,1.143e-08,17595.1,0.002,0x94...19ba,https://bscscan.com/tx/0x7d899deddfed9fee901151a282bb09e1b92486d0656d8034770a1b6cd1f6e642
2023-03-23 20:05:29,False,3.737e-05,1.143e-08,831295.0,0.095,0xb1...4b96,https://bscscan.com/tx/0xf039cf6fb12fb2a907f44934f4186cd1dcf693bd8e7b9b58b5e23356a1827e09
2023-03-23 20:05:29,False,3.737e-05,1.143e-08,46744.8,0.0053,0xb1...4b96,https://bscscan.com/tx/0xf039cf6fb12fb2a907f44934f4186cd1dcf693bd8e7b9b58b5e23356a1827e09
2023-03-23 20:04:41,True,3.774e-05,1.149e-08,39195.2,0.0045,0xbe...625a,https://bscscan.com/tx/0x0dfbcc01fca642923ce27a64cb550628604279779ed97253ae29427ba0c09a53
2023-03-23 20:04:26,True,3.755e-05,1.149e-08,1075710.0,0.1236,0x60...dacd,https://bscscan.com/tx/0x6084fe9cadf016cbaf8ea9bd8ed6cf79fc9f96537b1f818d0a3cac71dd718fbb
2023-03-23 20:04:26,False,3.737e-05,1.143e-08,16149395.0,1.84704,0x05...7066,https://bscscan.com/tx/0xca7eb8119256f3d481ce5c19888bd5b34b31ea1daf511bed56a70ab2c6329037
2023-03-23 20:04:26,False,3.738e-05,1.143e-08,23518.3,0.0026,0x05...7066,https://bscscan.com/tx/0xca7eb8119256f3d481ce5c19888bd5b34b31ea1daf511bed56a70ab2c6329037
2023-03-23 20:04:17,False,3.739e-05,1.144e-08,8684350.0,0.9935,0x05...7066,https://bscscan.com/tx/0x01744ebdcf890e978c8e159c62a7874fc5b392fa52298302ebe0a39d392ddbc4
2023-03-23 20:04:17,False,3.739e-05,1.144e-08,14213.9,0.0016,0x05...7066,https://bscscan.com/tx/0x01744ebdcf890e978c8e159c62a7874fc5b392fa52298302ebe0a39d392ddbc4
2023-03-23 20:03:56,True,3.758e-05,1.149e-08,200000.0,0.023,0xad...e882,https://bscscan.com/tx/0x85e0126c45f0d5042176620d5725317a7e2ae7d15fddd29e932a5dcf6a59ae07
2023-03-23 20:02:50,False,3.739e-05,1.144e-08,5049227.0,0.5777,0x6b...9f5d,https://bscscan.com/tx/0x81ad66d3b6e59e27c99edd8e3930310602a12c970709893c60141bbf7be412c2
2023-03-23 20:02:50,False,3.739e-05,1.144e-08,49479.9,0.0056,0x6b...9f5d,https://bscscan.com/tx/0x81ad66d3b6e59e27c99edd8e3930310602a12c970709893c60141bbf7be412c2
2023-03-23 20:02:47,False,3.74e-05,1.144e-08,18270907.0,2.09129,0x05...7066,https://bscscan.com/tx/0x60fd73a508704b72179cf6cd9024bd28e75331561ef6434d48ed26a073e6838b
2023-03-23 20:02:47,False,3.741e-05,1.144e-08,16054.8,0.0018,0x05...7066,https://bscscan.com/tx/0x60fd73a508704b72179cf6cd9024bd28e75331561ef6434d48ed26a073e6838b
2023-03-23 20:01:53,False,3.76e-05,1.144e-08,5928370.0,0.6787,0xd9...02ab,https://bscscan.com/tx/0x551599434721105430dc928767eea894b2698347473bffcd4c32ef29116cb989
2023-03-23 20:01:53,False,3.761e-05,1.145e-08,20376.2,0.0023,0xd9...02ab,https://bscscan.com/tx/0x551599434721105430dc928767eea894b2698347473bffcd4c32ef29116cb989
2023-03-23 20:00:11,False,3.749e-05,1.145e-08,7524102.0,0.8616,0x05...7066,https://bscscan.com/tx/0x9f9df4e16a4ecd1698b55eae5f2fb26027644c75f89a7c3d8377e734f4726c83
2023-03-23 20:00:11,False,3.749e-05,1.145e-08,10045.2,0.0011,0x05...7066,https://bscscan.com/tx/0x9f9df4e16a4ecd1698b55eae5f2fb26027644c75f89a7c3d8377e734f4726c83
2023-03-23 19:57:25,True,3.766e-05,1.15e-08,3195680.0,0.3678,0xee...60af,https://bscscan.com/tx/0xd3fd02925da5ef6a31cc3efc5b850948ed325a5b7debd15b4a79f223cb531495
2023-03-23 19:54:07,False,3.762e-05,1.145e-08,523196.0,0.0599,0x3c...9584,https://bscscan.com/tx/0x25e0a62d0405586b504de3818edc65c8cc0c6cdb1d229968f2ecaee13270fe78
2023-03-23 19:54:07,False,3.762e-05,1.145e-08,134510.0,0.0154,0x3c...9584,https://bscscan.com/tx/0x25e0a62d0405586b504de3818edc65c8cc0c6cdb1d229968f2ecaee13270fe78
2023-03-23 19:52:52,True,3.762e-05,1.15e-08,10114901.0,1.164,0xaf...59a7,https://bscscan.com/tx/0x1ba4bafb1039d15e63e9bfbb5fb04d6634f4c6e10ac695fd2f0b042d7c891225
2023-03-23 19:51:16,True,3.779e-05,1.15e-08,13169762.0,1.51511,0x29...c71a,https://bscscan.com/tx/0x31b2404746692ff10b577d95171c724043307941d3d1f1305aaa46b16802eee0
2023-03-23 19:50:07,False,3.744e-05,1.144e-08,25259484.0,2.89188,0xa4...884c,https://bscscan.com/tx/0xc308e1e0d81ebb8a3bb09cf4b908a06c3de2e5c1bf185e0d2b331a4306b644c2
2023-03-23 19:50:07,False,3.745e-05,1.145e-08,26819.3,0.003,0xa4...884c,https://bscscan.com/tx/0xc308e1e0d81ebb8a3bb09cf4b908a06c3de2e5c1bf185e0d2b331a4306b644c2
2023-03-23 19:49:55,True,3.765e-05,1.15e-08,243933.0,0.028,0x15...4042,https://bscscan.com/tx/0xd9120b7d0d6733e1b0fcec09b5fe70c159e8aa9c54b763316858c0e4a1d769fe
2023-03-23 19:49:40,False,3.768e-05,1.145e-08,9660058.0,1.10643,0x05...7066,https://bscscan.com/tx/0xfb31b3ab5dbc385820dbeeff6a47e29da00014193740ecbdba401c087dacd126
2023-03-23 19:49:40,False,3.769e-05,1.145e-08,19140.9,0.0021,0x05...7066,https://bscscan.com/tx/0xfb31b3ab5dbc385820dbeeff6a47e29da00014193740ecbdba401c087dacd126
2023-03-23 19:49:13,True,3.789e-05,1.151e-08,2500000.0,0.2878,0x23...a6ec,https://bscscan.com/tx/0x5de6bf0bd40655ae3806eb3f3ea79ab5cb39a25b5d524c843d5fd35bf0ef3878
2023-03-23 19:48:34,False,3.752e-05,1.145e-08,4575445.0,0.5241,0x05...7066,https://bscscan.com/tx/0xc6b3f73ec0027131f455c793709d8906c8d4d94abf58b195e258f6ba5bef3162
2023-03-23 19:48:34,False,3.752e-05,1.145e-08,21480.2,0.0024,0x05...7066,https://bscscan.com/tx/0xc6b3f73ec0027131f455c793709d8906c8d4d94abf58b195e258f6ba5bef3162
2023-03-23 19:48:19,False,3.755e-05,1.145e-08,7931760.0,0.9087,0x05...7066,https://bscscan.com/tx/0x3af3ecd449e6686296d7e78d63739d636e875d52b1cab3227c4febbb56b11190
2023-03-23 19:48:19,False,3.755e-05,1.145e-08,13653.6,0.0015,0x05...7066,https://bscscan.com/tx/0x3af3ecd449e6686296d7e78d63739d636e875d52b1cab3227c4febbb56b11190
2023-03-23 19:47:55,False,3.774e-05,1.145e-08,5041735.0,0.5777,0x6b...9f5d,https://bscscan.com/tx/0x314e5a8b5575e32b6cd1d85fc2c1c59e9710354e093d10c50c200e3f5852411a
2023-03-23 19:47:55,False,3.774e-05,1.145e-08,7758.19,8.89e-05,0x6b...9f5d,https://bscscan.com/tx/0x314e5a8b5575e32b6cd1d85fc2c1c59e9710354e093d10c50c200e3f5852411a
2023-03-23 19:47:04,True,3.793e-05,1.151e-08,2618860.0,0.3016,0xfc...c55a,https://bscscan.com/tx/0xa21307f5df91576ed1c16bc47248c59e90d9017bdb645060e345c4c456b8214d
2023-03-23 19:46:40,False,3.755e-05,1.145e-08,253779.0,0.029,0x6d...9b9b,https://bscscan.com/tx/0xcd0ad32e4e96f372eeaa6cdc17b32f14c7eb89ecb934da0dca71bb1eee325508
2023-03-23 19:46:40,False,3.755e-05,1.145e-08,18082.6,0.002,0x6d...9b9b,https://bscscan.com/tx/0xcd0ad32e4e96f372eeaa6cdc17b32f14c7eb89ecb934da0dca71bb1eee325508
2023-03-23 19:46:34,True,3.774e-05,1.151e-08,57723.0,0.0066,0xbd...b4f3,https://bscscan.com/tx/0xe582bdabf5276f536477454f1add4a8f4a0107054d7700484f214bea43f74df1
2023-03-23 19:46:16,False,3.756e-05,1.145e-08,6619636.0,0.7585,0x05...7066,https://bscscan.com/tx/0x4838ddf0c8b6b78ddb2926b2586a9e8f1241d0e5601dbbc0a4cd6f29f73148f8
2023-03-23 19:46:16,False,3.756e-05,1.146e-08,30462.2,0.0034,0x05...7066,https://bscscan.com/tx/0x4838ddf0c8b6b78ddb2926b2586a9e8f1241d0e5601dbbc0a4cd6f29f73148f8
2023-03-23 19:46:16,False,3.756e-05,1.146e-08,11248453.0,1.28931,0x05...7066,https://bscscan.com/tx/0x4ea963f5c8f543c8efd9afd3db1c6a8f53f4066c042809a915e033fc5b20b9f4
2023-03-23 19:46:16,False,3.757e-05,1.146e-08,13957.8,0.0016,0x05...7066,https://bscscan.com/tx/0x4ea963f5c8f543c8efd9afd3db1c6a8f53f4066c042809a915e033fc5b20b9f4
2023-03-23 19:44:40,False,3.757e-05,1.146e-08,5154037.0,0.5908,0x6b...9f5d,https://bscscan.com/tx/0x60aa338f2c952c5200e856599ef7a8a9e98584bfbbcea88c855894a15ba0c226
2023-03-23 19:44:40,False,3.758e-05,1.146e-08,335537.0,0.0384,0x6b...9f5d,https://bscscan.com/tx/0x60aa338f2c952c5200e856599ef7a8a9e98584bfbbcea88c855894a15ba0c226
2023-03-23 19:44:37,True,3.771e-05,1.15e-08,121458499.0,13.9742,0xea...aa87,https://bscscan.com/tx/0x454bcb9ca1295c0a03f9602915111ead705589aa5c1730cda8ae1d2c137e079c
2023-03-23 19:43:46,True,3.784e-05,1.148e-08,30000.0,0.0034,0xd8...cfe8,https://bscscan.com/tx/0xf94044a03bc1dbef284197ac5ba590ffa5881bfa0b6cba720bde9f94908050f2
2023-03-23 19:42:52,True,3.784e-05,1.148e-08,195366.0,0.0224,0x43...0b77,https://bscscan.com/tx/0x1b85b2d68738155f18b2a1abbb7d08fe877a65eeadbe5e2fc2f8a35c9af506ec
2023-03-23 19:42:52,True,3.784e-05,1.148e-08,792100.0,0.0909,0x9d...57e1,https://bscscan.com/tx/0xda3ebbab08513df229ff0637455f8b9791adc840b2ca44f6320e8091cdad0c6f
2023-03-23 19:42:40,True,3.767e-05,1.148e-08,1700.31,1.953e-05,0xaa...db34,https://bscscan.com/tx/0x62f6b44d76de346f19ba4ac7a3a1e06711d53cae6dbb49b0cc6ccc592ed3a502
2023-03-23 19:39:06,False,3.768e-05,1.143e-08,1229951.0,0.1405,0xc2...8eea,https://bscscan.com/tx/0xe976178a8ba6e45f8ee65b0a1596b5ec265885482c595639159e00da47c399ae
2023-03-23 19:39:06,False,3.768e-05,1.143e-08,518.795,5.93e-06,0xc2...8eea,https://bscscan.com/tx/0xe976178a8ba6e45f8ee65b0a1596b5ec265885482c595639159e00da47c399ae
2023-03-23 19:37:54,False,3.75e-05,1.143e-08,91869.8,0.0105,0x7d...404d,https://bscscan.com/tx/0x91fa4dbb7e1e2b0c3f4e284af747928cbd35d8e69b1c3a23141efefcd7c24a98
2023-03-23 19:37:54,False,3.75e-05,1.143e-08,242413.0,0.0277,0x7d...404d,https://bscscan.com/tx/0x91fa4dbb7e1e2b0c3f4e284af747928cbd35d8e69b1c3a23141efefcd7c24a98
2023-03-23 19:37:48,True,3.787e-05,1.148e-08,52000.0,0.0059,0x5c...ea39,https://bscscan.com/tx/0x422735fc5af52e50369bae589c58dffff89492ef77af8f101bb7dd5a0cb9cb01
2023-03-23 19:33:51,True,3.783e-05,1.147e-08,88760685.0,10.1856,0xa9...f9e5,https://bscscan.com/tx/0x353acac121d949143d2e128192f3d2e8a6b14705674c2c2f4810254ac8f223a4
2023-03-23 19:33:03,False,3.741e-05,1.14e-08,967090.0,0.1103,0x44...3b78,https://bscscan.com/tx/0x70d955e85de0f045f33d2dd17b4f2e07ac37efe6031733dd5fa7f4047e1d7f67
2023-03-23 19:33:03,False,3.742e-05,1.14e-08,65400.9,0.0074,0x44...3b78,https://bscscan.com/tx/0x70d955e85de0f045f33d2dd17b4f2e07ac37efe6031733dd5fa7f4047e1d7f67
2023-03-23 19:31:09,True,3.779e-05,1.146e-08,264942.0,0.0303,0x38...d53b,https://bscscan.com/tx/0x24ba107639303e4cb70bb67c8f3858ed9a175050e60978cc95aec3be13855c27
2023-03-23 19:29:09,True,3.763e-05,1.146e-08,1382932.0,0.1586,0xec...3fe9,https://bscscan.com/tx/0x1d57308156120b700deb82f3685e4775558cd92fa55a88bd8bf5e2305454faa6
2023-03-23 19:26:42,True,3.762e-05,1.146e-08,200000.0,0.0229,0xe3...bf59,https://bscscan.com/tx/0xba3f3b7ea839f7c1ea1023cd8597f203f7857b5a8348ec2dd7284c40fd7d05e5
2023-03-23 19:25:03,True,3.763e-05,1.146e-08,68407.5,0.0078,0x22...8d04,https://bscscan.com/tx/0x9308c01579b8f8230b3833572cd54285dfad92ce1a7aa6db1903f58b48bed8ba
2023-03-23 19:24:09,True,3.762e-05,1.146e-08,1322132.0,0.1515,0xfe...218a,https://bscscan.com/tx/0x3df7a2c22b6ce4b08df28045e6ee66d64662227ee3c801f47c38e157a2ed8bf5
2023-03-23 19:24:00,False,3.745e-05,1.14e-08,20022464.0,2.28408,0xe5...7d05,https://bscscan.com/tx/0x80aef4142f1b1b2f78fd0dcf7731390256c1ec4d62362cf6c5ed24a155ba8bba
2023-03-23 19:24:00,False,3.746e-05,1.141e-08,2430.0,2.772e-05,0xe5...7d05,https://bscscan.com/tx/0x80aef4142f1b1b2f78fd0dcf7731390256c1ec4d62362cf6c5ed24a155ba8bba
2023-03-23 19:23:51,False,3.745e-05,1.141e-08,897300.0,0.1023,0x7e...cf94,https://bscscan.com/tx/0x9361fcc4f0132c1328af9afd3ba37608a5acf132ddf991e914e8a0f2aec953a1
2023-03-23 19:23:51,False,3.746e-05,1.141e-08,29299.0,0.0033,0x7e...cf94,https://bscscan.com/tx/0x9361fcc4f0132c1328af9afd3ba37608a5acf132ddf991e914e8a0f2aec953a1
2023-03-23 19:21:36,True,3.785e-05,1.146e-08,28427.3,0.0032,0x23...e72f,https://bscscan.com/tx/0xcf1c603b72c0784b98ac63b3030c2fdb02c229fc4e8910ebd2930929e33a57aa
2023-03-23 19:19:23,True,3.763e-05,1.146e-08,1089553.0,0.1249,0x61...65a2,https://bscscan.com/tx/0xccdf479cc812aa43ff701963c9d397050e077d581174affed321fdc9c9bd7620
2023-03-23 19:18:30,True,3.763e-05,1.146e-08,296093.0,0.0339,0x61...65a2,https://bscscan.com/tx/0x3b4e67f493bf0617fd0bdcd2c793ccedf3a182209a9c6475c6a8c86428724e0b
2023-03-23 19:11:24,True,3.78e-05,1.146e-08,1760178.0,0.2018,0x8e...908c,https://bscscan.com/tx/0xc83d6e4df13352e40de8c558a0bc842bb04c65de5817987c5d09f3ae42060556
2023-03-23 19:10:12,False,3.74e-05,1.141e-08,1994000.0,0.2275,0x7b...8439,https://bscscan.com/tx/0x38a5cb4c80dd695988b4d6d9473f8a0df74c57ae0942d9cbdc36d97cbec89d8f
2023-03-23 19:10:12,False,3.74e-05,1.141e-08,9507.48,0.001,0x7b...8439,https://bscscan.com/tx/0x38a5cb4c80dd695988b4d6d9473f8a0df74c57ae0942d9cbdc36d97cbec89d8f
2023-03-23 19:09:42,True,3.777e-05,1.146e-08,185118.0,0.0212,0x21...8948,https://bscscan.com/tx/0x5e69ee039196b6bbf8db655656e3600ef7b2910d949509fb73656479b3f3f0cd
2023-03-23 19:05:06,False,3.759e-05,1.141e-08,3326162.0,0.3795,0x9b...b164,https://bscscan.com/tx/0x1c39e554626950b7fed29b5e88b803dff7ce74433a1404ab4060ce80e2d62b1d
2023-03-23 19:05:06,False,3.759e-05,1.141e-08,1082.49,1.235e-05,0x9b...b164,https://bscscan.com/tx/0x1c39e554626950b7fed29b5e88b803dff7ce74433a1404ab4060ce80e2d62b1d
2023-03-23 19:02:45,True,3.759e-05,1.146e-08,17439.0,0.002,0x01...9695,https://bscscan.com/tx/0xd45c5581fd9413b8a881ea085d25776f714459c77847ff396a0c62df3e1163ce
2023-03-23 19:02:33,False,3.74e-05,1.141e-08,382333.0,0.0436,0x2b...1162,https://bscscan.com/tx/0xf382ac10a27819d7ed0c2f44cc71b273cb61b69d8396bfeb7b7b0214af17308f
2023-03-23 19:02:33,False,3.74e-05,1.141e-08,2700.0,3.081e-05,0x2b...1162,https://bscscan.com/tx/0xf382ac10a27819d7ed0c2f44cc71b273cb61b69d8396bfeb7b7b0214af17308f
2023-03-23 19:01:54,False,3.759e-05,1.141e-08,997000.0,0.1137,0xc3...7f84,https://bscscan.com/tx/0xceb86e5fb2967521402fdb27436f27ce3944c59ce2169c03b159f8fdf10acbfb
2023-03-23 19:01:54,False,3.759e-05,1.141e-08,81000.0,0.0092,0xc3...7f84,https://bscscan.com/tx/0xceb86e5fb2967521402fdb27436f27ce3944c59ce2169c03b159f8fdf10acbfb
2023-03-23 19:01:48,False,3.76e-05,1.141e-08,29910000.0,3.4145,0x97...2157,https://bscscan.com/tx/0x473553f77e9f5da05d5219f03f9fe02c01fce2bb460ec55af070f337a9759dad
2023-03-23 19:01:48,False,3.761e-05,1.142e-08,4521.86,5.164e-05,0x97...2157,https://bscscan.com/tx/0x473553f77e9f5da05d5219f03f9fe02c01fce2bb460ec55af070f337a9759dad
2023-03-23 19:00:35,False,3.761e-05,1.142e-08,789425.0,0.0901,0x2e...9a77,https://bscscan.com/tx/0x147e10f9b527b8db2acae4cbf8c578e34ecbf00a446209fe468bd1bf8df5ca1f
2023-03-23 19:00:35,False,3.761e-05,1.142e-08,3404.34,3.887e-05,0x2e...9a77,https://bscscan.com/tx/0x147e10f9b527b8db2acae4cbf8c578e34ecbf00a446209fe468bd1bf8df5ca1f
2023-03-23 18:59:29,True,3.782e-05,1.148e-08,263666.0,0.0302,0x71...ca42,https://bscscan.com/tx/0xf69351fcb7eaa652f3919354dba81a82d03f8d9a3329fd1a272fee02aefc765e
2023-03-23 18:59:04,True,3.779e-05,1.147e-08,158740.0,0.0182,0x5f...cda1,https://bscscan.com/tx/0x8f582f2c95beac1acfcf04d40014e0ace762d50f1e3b2f161c22e9d058208c14
2023-03-23 18:58:34,False,3.749e-05,1.142e-08,835945.0,0.0954,0x07...9e5e,https://bscscan.com/tx/0x35482ba244de48a7c2028a384c95f70d4b507755fd6f0d6d4d129c1e8448595d
2023-03-23 18:58:34,False,3.749e-05,1.142e-08,17964.6,0.002,0x07...9e5e,https://bscscan.com/tx/0x35482ba244de48a7c2028a384c95f70d4b507755fd6f0d6d4d129c1e8448595d
2023-03-23 18:58:04,True,3.789e-05,1.148e-08,653568.0,0.075,0x71...ca42,https://bscscan.com/tx/0x674e565d9b4e19480b5eec02b242bbfec86bbb5f8d415f4ccdc37b86800a9068
2023-03-23 18:54:46,False,3.749e-05,1.142e-08,5982000.0,0.6832,0x90...a1a9,https://bscscan.com/tx/0x77743fcd7ab8328ba1633c8b0fcba55ea537b003c7bed3f9e09c67de90e68cfb
2023-03-23 18:54:46,False,3.749e-05,1.142e-08,14865.7,0.0017,0x90...a1a9,https://bscscan.com/tx/0x77743fcd7ab8328ba1633c8b0fcba55ea537b003c7bed3f9e09c67de90e68cfb
2023-03-23 18:51:37,True,3.787e-05,1.147e-08,197884.0,0.0227,0x46...a215,https://bscscan.com/tx/0x939436fe2def7aecedea19c5ecbb32ccab389960b50a2a7576f69e1a15ee5269
2023-03-23 18:50:58,False,3.768e-05,1.142e-08,5292018.0,0.6044,0xa6...8406,https://bscscan.com/tx/0xb33610081b9e40503c37c355363c50bc5b262c9d5f6c528288840b72f27c895a
2023-03-23 18:50:58,False,3.768e-05,1.142e-08,159379.0,0.0182,0xa6...8406,https://bscscan.com/tx/0xb33610081b9e40503c37c355363c50bc5b262c9d5f6c528288840b72f27c895a
2023-03-23 18:48:28,True,3.787e-05,1.148e-08,7000.0,8.036e-05,0xa1...0ace,https://bscscan.com/tx/0xcf2ab9a8d8d062fd8da6de149ffb263c076e8239ae2767579b7db9c9166938cf
2023-03-23 18:47:19,False,3.752e-05,1.143e-08,58845333.0,6.72716,0x19...bf5d,https://bscscan.com/tx/0xd89f9afd49e59295d0ab59c2b26295d2b2c1cb03ada4397835c76cc98aea7e5e
2023-03-23 18:47:19,False,3.755e-05,1.144e-08,14213.6,0.0016,0x19...bf5d,https://bscscan.com/tx/0xd89f9afd49e59295d0ab59c2b26295d2b2c1cb03ada4397835c76cc98aea7e5e
2023-03-23 18:46:37,True,3.774e-05,1.149e-08,263281.0,0.0302,0xba...398a,https://bscscan.com/tx/0x2ec643f1110ba9c29dc56e7e35569e977fefd8e323786846b108e1d0ffb6a4d5
2023-03-23 18:44:01,True,3.792e-05,1.149e-08,1000.0,1.149e-05,0x56...56e1,https://bscscan.com/tx/0x2fb4c1af48422db8210533eb679fa07b88fb6575c48600e2a30f91b0a948992e
2023-03-23 18:43:34,False,3.773e-05,1.144e-08,4985000.0,0.5703,0xfc...d80c,https://bscscan.com/tx/0x759714695dc18ad489601a4e9706de5a41e4faf5e09a334d1f36b8ee17e5a104
2023-03-23 18:43:34,False,3.774e-05,1.144e-08,508.98,5.823e-06,0xfc...d80c,https://bscscan.com/tx/0x759714695dc18ad489601a4e9706de5a41e4faf5e09a334d1f36b8ee17e5a104
2023-03-23 18:43:13,False,3.755e-05,1.144e-08,187946.0,0.0215,0x36...374f,https://bscscan.com/tx/0xa67b8b4f4feb51b9c72ec7ba7451472421abd806d14c088a58d78ae2479a94d9
2023-03-23 18:43:13,False,3.755e-05,1.144e-08,13064.6,0.0014,0x36...374f,https://bscscan.com/tx/0xa67b8b4f4feb51b9c72ec7ba7451472421abd806d14c088a58d78ae2479a94d9
2023-03-23 18:42:37,True,3.793e-05,1.149e-08,1537443.0,0.1767,0xcb...da80,https://bscscan.com/tx/0x33605c2f8ec2a9d2f6c307520f5bed08d3c38f6f850e5296f30d92cf59883092
2023-03-23 18:42:16,False,3.774e-05,1.144e-08,262834.0,0.03,0x0b...a9da,https://bscscan.com/tx/0x92826dd3404d79296fb2ba5762db6e87c88506f1da1db90e55d289184f2b0cc8
2023-03-23 18:42:16,False,3.774e-05,1.144e-08,24981.4,0.0028,0x0b...a9da,https://bscscan.com/tx/0x92826dd3404d79296fb2ba5762db6e87c88506f1da1db90e55d289184f2b0cc8
2023-03-23 18:41:46,True,3.774e-05,1.149e-08,2596737.0,0.2985,0x6a...b0e4,https://bscscan.com/tx/0x893b09a4f96a8574e03704930c1fb8a745d5251db64effce74e94b5feb8456e5
2023-03-23 18:37:10,True,3.791e-05,1.149e-08,263228.0,0.0302,0x97...acf9,https://bscscan.com/tx/0x96d3ed80e3e0fee9f846f7e351095e8c6670267ac72cd0605a0fa91f988da3e1
2023-03-23 18:36:31,True,3.791e-05,1.149e-08,1047315.0,0.1204,0xdd...84a5,https://bscscan.com/tx/0x823d432a47f52182781d52808787d900b6058988af12812866f125271735fe13
2023-03-23 18:36:07,True,3.791e-05,1.149e-08,3946421.0,0.4537,0xa8...9ce9,https://bscscan.com/tx/0xe5508ba54a9aa8ea87eccac1b6deb0c01562885abbf6e4db51745ec11596b14a
2023-03-23 18:34:46,False,3.753e-05,1.143e-08,1394474.0,0.1595,0x21...b8be,https://bscscan.com/tx/0x89d9fc94f8665dd4134b930e87f5bd6535b4afedf97f91fdf437cbeddfc1d37c
2023-03-23 18:34:46,False,3.753e-05,1.143e-08,1179.41,1.349e-05,0x21...b8be,https://bscscan.com/tx/0x89d9fc94f8665dd4134b930e87f5bd6535b4afedf97f91fdf437cbeddfc1d37c
2023-03-23 18:32:04,False,3.772e-05,1.143e-08,435507.0,0.0498,0x9a...72f2,https://bscscan.com/tx/0xa97a2f870a75137a9db735d188990ffaacae24f9c5eb309bf6e5d173ea4359a6
2023-03-23 18:32:04,False,3.772e-05,1.143e-08,20397.2,0.0023,0x9a...72f2,https://bscscan.com/tx/0xa97a2f870a75137a9db735d188990ffaacae24f9c5eb309bf6e5d173ea4359a6
2023-03-23 18:31:34,True,3.772e-05,1.149e-08,687131.0,0.079,0xab...5c0a,https://bscscan.com/tx/0x1b988b54c2e0d8bc86eee3d163a74d780f4ad7bec9596449df38adf7fa04cc5f
2023-03-23 18:29:49,False,3.752e-05,1.144e-08,6846783.0,0.7833,0x3d...b50d,https://bscscan.com/tx/0x295a55bba58d6658e5b9c0380c0a3e98c8818e7bd7c3e97035c37fc2678b4fe6
2023-03-23 18:29:49,False,3.752e-05,1.144e-08,10902.5,0.0012,0x3d...b50d,https://bscscan.com/tx/0x295a55bba58d6658e5b9c0380c0a3e98c8818e7bd7c3e97035c37fc2678b4fe6
2023-03-23 18:26:49,True,3.794e-05,1.149e-08,565279.0,0.065,0x7b...bdcd,https://bscscan.com/tx/0xed3d3aeefe6c70ee8023adae9ada52ff45207c6211dcb131009a9af611386ecd
2023-03-23 18:26:28,True,3.776e-05,1.149e-08,688634.0,0.0791,0x8e...da56,https://bscscan.com/tx/0x6dfd1c5d75fd846c572264b951f366521be251719f9df78d1a37a7509848344b
2023-03-23 18:25:13,False,3.777e-05,1.144e-08,1994000.0,0.2281,0xc3...7f84,https://bscscan.com/tx/0x5ff580c896ade1ba7c354da888b17d1c50de1a34b3e561f84aad61823fe40e83
2023-03-23 18:25:13,False,3.777e-05,1.144e-08,7740.06,8.855e-05,0xc3...7f84,https://bscscan.com/tx/0x5ff580c896ade1ba7c354da888b17d1c50de1a34b3e561f84aad61823fe40e83
2023-03-23 18:24:22,True,3.796e-05,1.149e-08,361670.0,0.0415,0xba...749f,https://bscscan.com/tx/0xf7293fd6e9467ccd8a308c6384720d3fb7666abed81782d61d58f4f529225909
2023-03-23 18:23:28,False,3.777e-05,1.144e-08,2497503.0,0.2857,0x92...453e,https://bscscan.com/tx/0x1729450974abb8668bb8e87dbb53f0d52d53ea3986c5993eb1bac288de4bbca6
2023-03-23 18:23:28,False,3.777e-05,1.144e-08,320026.0,0.0366,0x92...453e,https://bscscan.com/tx/0x1729450974abb8668bb8e87dbb53f0d52d53ea3986c5993eb1bac288de4bbca6
2023-03-23 18:18:35,True,3.797e-05,1.149e-08,1453860.0,0.1671,0xdf...7213,https://bscscan.com/tx/0x3d7c623207b90ae4ceb11e5efb7c9d9b8e77a6fda8185854657fb594325119a1
2023-03-23 18:17:01,True,3.796e-05,1.149e-08,984712.0,0.1132,0x3f...67e9,https://bscscan.com/tx/0x505df1b30ec1f018abb4a8f9b63a328b9e50088b71d55a7cd74a81ecb040883d
2023-03-23 18:16:37,True,3.796e-05,1.149e-08,2435060.0,0.28,0xe6...fc62,https://bscscan.com/tx/0x76cca75eedc62ea08d3165f0c9a6f2a0872a353d8dac798f69b41db317cc458e
2023-03-23 18:16:04,True,3.777e-05,1.149e-08,92078.6,0.0105,0x35...e528,https://bscscan.com/tx/0xe8f5a438b17608787d66f01745b7075c506efe36a36eedabad10ebe89662db73
2023-03-23 18:15:37,False,3.782e-05,1.145e-08,104992692.0,12.0279,0x12...5c3e,https://bscscan.com/tx/0x07943c88a1128027c9aae60eab202b92880d66a8a9bc98fa158cc785a2073e48
2023-03-23 18:15:37,False,3.787e-05,1.147e-08,38697.3,0.0044,0x12...5c3e,https://bscscan.com/tx/0x07943c88a1128027c9aae60eab202b92880d66a8a9bc98fa158cc785a2073e48
2023-03-23 18:15:01,True,3.806e-05,1.152e-08,568785.0,0.0655,0x1e...40b2,https://bscscan.com/tx/0xdeb887bb6f71ddbf65880096a76ef226c68a0470ac7019b406ae9cc7861062e4
2023-03-23 18:14:13,True,3.804e-05,1.152e-08,753262.0,0.0868,0xd4...cf2a,https://bscscan.com/tx/0x7befc3e299a13252a060a52e91798c6c96c845ece32edd7d0b479cf40d7878ed
2023-03-23 18:12:43,True,3.787e-05,1.152e-08,7508708.0,0.8655,0xbe...f98e,https://bscscan.com/tx/0xaaaa3364daec167ef33046b0142a68866c82ef5d9b39780e6df306b162030a75
2023-03-23 18:10:55,True,3.806e-05,1.152e-08,4483991.0,0.5167,0xea...d24d,https://bscscan.com/tx/0x8b35d1a97d01f241d6800764f546695d904de7174af2b4f6f87241614e668016
2023-03-23 18:10:10,False,3.768e-05,1.146e-08,1014541.0,0.1163,0x3f...67e9,https://bscscan.com/tx/0x17c3a558fb7c083a556fc8883bcf566bc87fa5b5f04b96b54f2515fbf9a7bc87
2023-03-23 18:10:10,False,3.768e-05,1.146e-08,5400.0,6.192e-05,0x3f...67e9,https://bscscan.com/tx/0x17c3a558fb7c083a556fc8883bcf566bc87fa5b5f04b96b54f2515fbf9a7bc87
2023-03-23 18:09:34,False,3.789e-05,1.146e-08,1994000.0,0.2286,0xfc...d80c,https://bscscan.com/tx/0x44acf15095d2597611b82c4977d18b4d3cb7ef17c6bbb3e615c7ec4dcb8ca1e2
2023-03-23 18:09:34,False,3.789e-05,1.146e-08,3582.91,4.108e-05,0xfc...d80c,https://bscscan.com/tx/0x44acf15095d2597611b82c4977d18b4d3cb7ef17c6bbb3e615c7ec4dcb8ca1e2
2023-03-23 18:09:31,False,3.789e-05,1.146e-08,1323022.0,0.1517,0x5d...3120,https://bscscan.com/tx/0x7b8659ad82ef33f8bf8bbf6cefec235087824fbf27c56734d56a494ca939dd5d
2023-03-23 18:09:31,False,3.79e-05,1.146e-08,627.316,7.194e-06,0x5d...3120,https://bscscan.com/tx/0x7b8659ad82ef33f8bf8bbf6cefec235087824fbf27c56734d56a494ca939dd5d
2023-03-23 18:09:19,False,3.769e-05,1.146e-08,231642.0,0.0265,0x5f...9ffd,https://bscscan.com/tx/0xc751ceec83e3c3a697247a627b65c07bc17c917b7aee2397e9a1904b6abb0c7e
2023-03-23 18:09:19,False,3.769e-05,1.146e-08,3240.0,3.715e-05,0x5f...9ffd,https://bscscan.com/tx/0xc751ceec83e3c3a697247a627b65c07bc17c917b7aee2397e9a1904b6abb0c7e
2023-03-23 18:08:40,False,3.769e-05,1.146e-08,1196400.0,0.1372,0x8f...d5f6,https://bscscan.com/tx/0xf5eb646c284a6e014bed0970e9a37e4bfdd6762f0195982d90f9913d39a94646
2023-03-23 18:08:40,False,3.769e-05,1.146e-08,172.253,1.975e-06,0x8f...d5f6,https://bscscan.com/tx/0xf5eb646c284a6e014bed0970e9a37e4bfdd6762f0195982d90f9913d39a94646
2023-03-23 18:07:22,False,3.787e-05,1.146e-08,63605.9,0.0072,0x52...348c,https://bscscan.com/tx/0x3f4f59639551dab78d02cb4935dc803fcfbcd267a2b619cd98948081035551d8
2023-03-23 18:07:22,False,3.787e-05,1.146e-08,14669.4,0.0016,0x52...348c,https://bscscan.com/tx/0x3f4f59639551dab78d02cb4935dc803fcfbcd267a2b619cd98948081035551d8
2023-03-23 18:05:37,True,3.788e-05,1.152e-08,136192.0,0.0157,0x3f...67e9,https://bscscan.com/tx/0x00956cdb8a53a378dea094be91178bda62015a6310021e26010b66db399b40ec
2023-03-23 18:05:31,False,3.769e-05,1.146e-08,5281020.0,0.6057,0x7a...cff1,https://bscscan.com/tx/0x3ecfcfaf72b8f0b373142f18b03517bb3c3356aea23721e3f572f1e8e3bcefeb
2023-03-23 18:05:31,False,3.769e-05,1.147e-08,3304.78,3.79e-05,0x7a...cff1,https://bscscan.com/tx/0x3ecfcfaf72b8f0b373142f18b03517bb3c3356aea23721e3f572f1e8e3bcefeb
2023-03-23 18:04:16,False,3.788e-05,1.147e-08,1220322.0,0.1399,0x81...f20a,https://bscscan.com/tx/0xaf7f47b4bde1209f562fcfc359af469d79572efe4b2776da287bb8a446011d7b
2023-03-23 18:04:16,False,3.788e-05,1.147e-08,11882.1,0.0013,0x81...f20a,https://bscscan.com/tx/0xaf7f47b4bde1209f562fcfc359af469d79572efe4b2776da287bb8a446011d7b
2023-03-23 18:03:49,False,3.788e-05,1.147e-08,4387560.0,0.5033,0xa4...fd3b,https://bscscan.com/tx/0x7518975f02260342900994e125ae26c7dd45978a8c01c737c4276e92c8e9df76
2023-03-23 18:03:49,False,3.788e-05,1.147e-08,8123.63,9.319e-05,0xa4...fd3b,https://bscscan.com/tx/0x7518975f02260342900994e125ae26c7dd45978a8c01c737c4276e92c8e9df76
2023-03-23 18:03:25,True,3.788e-05,1.152e-08,451022.0,0.052,0xfe...f6a1,https://bscscan.com/tx/0xd90d06b2dd31cd506db8c3ed4d737b49b4f1d7bb6505228f8dbfc407e3bf7c5c
2023-03-23 18:03:04,True,3.807e-05,1.152e-08,1474530.0,0.17,0xcc...2a35,https://bscscan.com/tx/0xa9142bc2327762d20735985b6c7b49ae5ff39f51d065c4a41280ec74dc3288bd
2023-03-23 18:02:04,False,3.769e-05,1.147e-08,1079950.0,0.1238,0xc3...7f84,https://bscscan.com/tx/0x0a888f7e9c140f2f5c0dc92e95295c16c2379a5ee8728257fabc5f78a0175f5e
2023-03-23 18:02:04,False,3.769e-05,1.147e-08,2030.51,2.329e-05,0xc3...7f84,https://bscscan.com/tx/0x0a888f7e9c140f2f5c0dc92e95295c16c2379a5ee8728257fabc5f78a0175f5e
2023-03-23 18:01:28,True,3.788e-05,1.152e-08,52041.8,0.006,0x83...a7fe,https://bscscan.com/tx/0xe2e072a148abe9f1339bc3e33d9394b27e349ff898ece7975d01b12fca8cf1e9
2023-03-23 17:56:07,False,3.788e-05,1.147e-08,697900.0,0.08,0x21...b8be,https://bscscan.com/tx/0x7e8e0e00085ea44a0efdf787f93f89a7909340c4655c6a7a9ea734a020795a1d
2023-03-23 17:56:07,False,3.788e-05,1.147e-08,78164.1,0.0089,0x21...b8be,https://bscscan.com/tx/0x7e8e0e00085ea44a0efdf787f93f89a7909340c4655c6a7a9ea734a020795a1d
2023-03-23 17:55:58,True,3.788e-05,1.152e-08,485717.0,0.056,0xd5...bc66,https://bscscan.com/tx/0xfdca1f419bdcf864bead44138f26f93a40ffa151f795c146add74f0b638a8cb9
2023-03-23 17:55:10,True,3.806e-05,1.152e-08,877879.0,0.1012,0x0d...46ec,https://bscscan.com/tx/0xf058d4fe503c82df613c8a97d4e57d4647dcebfb118e3a81b6a1ef5c21d15a70
2023-03-23 17:53:13,True,3.805e-05,1.152e-08,17107974.0,1.97196,0x52...86b0,https://bscscan.com/tx/0x337f2063bb835be0e0eb8c17f9025c63a142edf2325db1d173db340686648bb9
2023-03-23 17:52:40,True,3.785e-05,1.152e-08,69419.9,0.008,0xe5...f786,https://bscscan.com/tx/0x9c3056f4382bf69d44bb0c2a5c25b5b291bcfc54a3dba947b82c6830660312eb
2023-03-23 17:52:37,True,3.785e-05,1.152e-08,235186.0,0.0271,0x9c...b293,https://bscscan.com/tx/0x8a38cb602460c676711af53f5ae133cef4e448a40afa6957707973be1669aa21
2023-03-23 17:52:13,True,3.804e-05,1.152e-08,6000000.0,0.6913,0xe4...9432,https://bscscan.com/tx/0x45d4e098979ad81f2cec1f703819dd21409001b80fd83d709e943a71d78d87ea
2023-03-23 17:49:37,False,3.765e-05,1.146e-08,4160970.0,0.477,0xa3...9555,https://bscscan.com/tx/0x7ed1428cc5e80fb74fd4301d55cc6cb7ebf0aa0d80115660897b96ed223b7b58
2023-03-23 17:49:37,False,3.766e-05,1.146e-08,18744.6,0.0021,0xa3...9555,https://bscscan.com/tx/0x7ed1428cc5e80fb74fd4301d55cc6cb7ebf0aa0d80115660897b96ed223b7b58
2023-03-23 17:49:28,True,3.785e-05,1.152e-08,407866.0,0.047,0x28...35a5,https://bscscan.com/tx/0x8dbcf2372171f9a4274aa527940c55e2e81347c6e5634a006654a471886be421
2023-03-23 17:47:31,True,3.805e-05,1.152e-08,465150.0,0.0536,0xe5...f786,https://bscscan.com/tx/0xbe42722961dd7fe4c527745d200990e9a3f07c86f8df18979d1a5111b9054955
2023-03-23 17:47:31,True,3.805e-05,1.152e-08,69425.2,0.008,0xef...3ef3,https://bscscan.com/tx/0x1e5dc02e8ea7fded60bb97e90a7f893dc2fd6bac123ee93083a0836b197eccef
2023-03-23 17:47:22,False,3.768e-05,1.146e-08,5982000.0,0.6859,0xab...48c7,https://bscscan.com/tx/0xc391688f39a86ddbc91cd05d0213b27f0cf4cb9e02c1611b6433116dda00fc27
2023-03-23 17:47:22,False,3.768e-05,1.146e-08,2700.0,3.096e-05,0xab...48c7,https://bscscan.com/tx/0xc391688f39a86ddbc91cd05d0213b27f0cf4cb9e02c1611b6433116dda00fc27
2023-03-23 17:46:34,False,3.768e-05,1.146e-08,997000.0,0.1143,0xc3...1432,https://bscscan.com/tx/0x777c7dbef83bcf34b790aeb6a7613908c4b94cab63d02512bc13e7bbe48369b3
2023-03-23 17:46:34,False,3.768e-05,1.146e-08,1586.47,1.819e-05,0xc3...1432,https://bscscan.com/tx/0x777c7dbef83bcf34b790aeb6a7613908c4b94cab63d02512bc13e7bbe48369b3
2023-03-23 17:46:04,False,3.768e-05,1.146e-08,585819.0,0.0671,0x62...d099,https://bscscan.com/tx/0x04361eb3f03eb6d3b910269a84b0197456c635039e3ba61ab205a8c23eab7974
2023-03-23 17:46:04,False,3.768e-05,1.146e-08,1511.08,1.732e-05,0x62...d099,https://bscscan.com/tx/0x04361eb3f03eb6d3b910269a84b0197456c635039e3ba61ab205a8c23eab7974
2023-03-23 17:45:22,False,3.787e-05,1.146e-08,557980.0,0.0639,0xc2...09ce,https://bscscan.com/tx/0xcfb367777376aee52461096c4ba64d44aa6346ed5696b6232feb504eddddc05b
2023-03-23 17:45:22,False,3.787e-05,1.146e-08,5533.24,6.345e-05,0xc2...09ce,https://bscscan.com/tx/0xcfb367777376aee52461096c4ba64d44aa6346ed5696b6232feb504eddddc05b
2023-03-23 17:45:16,False,3.787e-05,1.146e-08,2043201.0,0.2343,0xc3...1432,https://bscscan.com/tx/0x2ca68807ec99ba86914ca90c94acc58a0a7f41e29e3f1d3319957229f9886a11
2023-03-23 17:45:16,False,3.788e-05,1.146e-08,3302.52,3.787e-05,0xc3...1432,https://bscscan.com/tx/0x2ca68807ec99ba86914ca90c94acc58a0a7f41e29e3f1d3319957229f9886a11
2023-03-23 17:41:46,True,3.788e-05,1.152e-08,180532.0,0.0208,0xfc...1618,https://bscscan.com/tx/0x6eb1587cbf8cde333e7b03631104d507b37dcfd2e44b78ab7312e8e5b38bfa58
2023-03-23 17:41:04,False,3.79e-05,1.146e-08,213119.0,0.0244,0x91...a539,https://bscscan.com/tx/0xf64ae35f9dc1b8aa31fdb6ba377105bddd9fbd70b85feb252cd417fc79801c37
2023-03-23 17:41:04,False,3.79e-05,1.146e-08,13052.3,0.0015,0x91...a539,https://bscscan.com/tx/0xf64ae35f9dc1b8aa31fdb6ba377105bddd9fbd70b85feb252cd417fc79801c37
2023-03-23 17:39:13,False,3.772e-05,1.146e-08,4819684.0,0.5527,0x7b...b594,https://bscscan.com/tx/0x704e5b0c00e58b49a04134c5dc2e02945ee18502cce64f092b1779c0c589aa31
2023-03-23 17:39:13,False,3.773e-05,1.146e-08,16726.6,0.0019,0x7b...b594,https://bscscan.com/tx/0x704e5b0c00e58b49a04134c5dc2e02945ee18502cce64f092b1779c0c589aa31
2023-03-23 17:33:10,True,3.814e-05,1.152e-08,141558.0,0.0163,0xf9...0102,https://bscscan.com/tx/0x8f52cf5f34b145548a8a9e3b47d5bae7b15456597e884edbc6b0fdd78e43dae3
2023-03-23 17:32:22,False,3.776e-05,1.147e-08,5547960.0,0.6363,0xa3...9555,https://bscscan.com/tx/0xe68e91f966a82875a903bc747b4dd3c1cee32cf3199e6b4475444a60522e1b7e
2023-03-23 17:32:22,False,3.777e-05,1.147e-08,30802.9,0.0035,0xa3...9555,https://bscscan.com/tx/0xe68e91f966a82875a903bc747b4dd3c1cee32cf3199e6b4475444a60522e1b7e
2023-03-23 17:29:49,True,3.814e-05,1.152e-08,596944.0,0.0688,0xcb...842b,https://bscscan.com/tx/0xb5cdc86e405d6178f39b163fd0e9f8f47e49f1cb920008d15b103f9a94ab7ef2
2023-03-23 17:28:19,False,3.776e-05,1.147e-08,6779600.0,0.7777,0xa0...3d15,https://bscscan.com/tx/0xd248632adbe59b3eb6a519ec124898840f716b843892418097813a8ab83a1354
2023-03-23 17:28:19,False,3.776e-05,1.147e-08,188347.0,0.0216,0xa0...3d15,https://bscscan.com/tx/0xd248632adbe59b3eb6a519ec124898840f716b843892418097813a8ab83a1354
2023-03-23 17:28:19,True,3.794e-05,1.152e-08,10000000.0,1.15295,0x7f...5e82,https://bscscan.com/tx/0xe6986e6f67d9e24973c8b8f37a836ef46a0c31cb1bab6ec6b5d37dcbc1564ae0
2023-03-23 17:27:01,True,3.813e-05,1.152e-08,286489.0,0.033,0x61...9121,https://bscscan.com/tx/0x5b3e823f36376f01f07bddd240a737f4a1266edf8414407bcff1a3e76ce9efae
2023-03-23 17:26:04,True,3.794e-05,1.152e-08,5603327.0,0.6459,0x75...c47e,https://bscscan.com/tx/0x42a398bc99672cd40bed9398825fcac2fe00999642959206735c9d29f0f1a686
2023-03-23 17:25:55,False,3.777e-05,1.147e-08,53706867.0,6.16366,0x0c...c0eb,https://bscscan.com/tx/0x97314cbb514a005f0dcf8754e1b23ccda177b3541d69c7e081ce721556dd4451
2023-03-23 17:25:55,False,3.78e-05,1.148e-08,1307.25,1.501e-05,0x0c...c0eb,https://bscscan.com/tx/0x97314cbb514a005f0dcf8754e1b23ccda177b3541d69c7e081ce721556dd4451
2023-03-23 17:24:52,False,3.779e-05,1.148e-08,482713.0,0.0554,0x0e...4328,https://bscscan.com/tx/0x8d4983c1a89ddc2f9eb8354ba0173e75113015217dec6bb2bbb729fd0adc6e31
2023-03-23 17:24:52,False,3.779e-05,1.148e-08,28668.5,0.0032,0x0e...4328,https://bscscan.com/tx/0x8d4983c1a89ddc2f9eb8354ba0173e75113015217dec6bb2bbb729fd0adc6e31
2023-03-23 17:24:34,False,3.799e-05,1.148e-08,10586127.0,1.21591,0xe2...b88a,https://bscscan.com/tx/0x93340ad1388937983305db83ee65db0f096e65601b5ab041523dd270585d94cf
2023-03-23 17:24:34,False,3.799e-05,1.148e-08,12267.2,0.0014,0xe2...b88a,https://bscscan.com/tx/0x93340ad1388937983305db83ee65db0f096e65601b5ab041523dd270585d94cf
2023-03-23 17:24:28,False,3.799e-05,1.148e-08,4529762.0,0.5203,0x19...3e79,https://bscscan.com/tx/0xae536fce9d6838e6aa61af63c961880c46ddae4127c54e3a5819e41e7d43092a
2023-03-23 17:24:28,False,3.8e-05,1.148e-08,3080.52,3.539e-05,0x19...3e79,https://bscscan.com/tx/0xae536fce9d6838e6aa61af63c961880c46ddae4127c54e3a5819e41e7d43092a
2023-03-23 17:23:22,False,3.8e-05,1.148e-08,1137510.0,0.1306,0xc4...528e,https://bscscan.com/tx/0xede6d2d36e2c08ade34f481b6449f97456d7c28a4b2a99647741b24ad09202d1
2023-03-23 17:23:22,False,3.8e-05,1.148e-08,20887.9,0.0024,0xc4...528e,https://bscscan.com/tx/0xede6d2d36e2c08ade34f481b6449f97456d7c28a4b2a99647741b24ad09202d1
2023-03-23 17:21:37,True,3.8e-05,1.154e-08,7362116.0,0.85,0x1d...5d08,https://bscscan.com/tx/0x3f73029658a1025e013fc1e85936db743dc110d9ec6a823d3ef45d3846b7d0a9
2023-03-23 17:21:13,True,3.8e-05,1.154e-08,190567.0,0.022,0xe3...f39b,https://bscscan.com/tx/0x0be5dc40b169a27e5095af5740e3dd6d826b94bdf1af1c2f829d7ba9f01a90a2
2023-03-23 17:20:46,True,3.818e-05,1.154e-08,32222.3,0.0037,0xb9...f553,https://bscscan.com/tx/0xbe0efb41f5ca81a0e3cbc8191b8acc2c4f93dc762d384c3fd9c0c6c4de18e69a
2023-03-23 17:20:16,False,3.781e-05,1.148e-08,150914.0,0.0173,0x33...3ab3,https://bscscan.com/tx/0x4a75f4414da87670f8cc5e2bfade51832876ed8ebe448f70c49ae4dab399bd58
2023-03-23 17:20:16,False,3.781e-05,1.148e-08,3714.82,4.267e-05,0x33...3ab3,https://bscscan.com/tx/0x4a75f4414da87670f8cc5e2bfade51832876ed8ebe448f70c49ae4dab399bd58
2023-03-23 17:20:16,False,3.781e-05,1.148e-08,1371732.0,0.1575,0x6f...4225,https://bscscan.com/tx/0x4eef2648f7d4403dc5a9806964f201ca629d2ef5d08178e0bae1ee8980e1526b
2023-03-23 17:20:16,False,3.782e-05,1.148e-08,16200.0,0.0018,0x6f...4225,https://bscscan.com/tx/0x4eef2648f7d4403dc5a9806964f201ca629d2ef5d08178e0bae1ee8980e1526b
2023-03-23 17:19:04,False,3.786e-05,1.148e-08,5982000.0,0.6872,0xa4...62a2,https://bscscan.com/tx/0x4c7b6ef1ea8b9b3cc76770fe1d0523f75da6fbeb8a84f3944c68c88e2a5766bd
2023-03-23 17:19:04,False,3.786e-05,1.148e-08,15625.5,0.0018,0xa4...62a2,https://bscscan.com/tx/0x4c7b6ef1ea8b9b3cc76770fe1d0523f75da6fbeb8a84f3944c68c88e2a5766bd
2023-03-23 17:18:58,True,3.805e-05,1.154e-08,86605.4,0.01,0x9e...5c4f,https://bscscan.com/tx/0xc8da1c82708a399a52301c67eee3bb49cf16f3942bf087b812d259035d12d55a
2023-03-23 17:16:43,False,3.806e-05,1.148e-08,5683502.0,0.653,0x75...c47e,https://bscscan.com/tx/0x5f37ca52a58298a6a726379867bd14b7b5fef90ca5a3dea973c740ddfdda4f71
2023-03-23 17:16:43,False,3.806e-05,1.149e-08,7519.37,8.64e-05,0x75...c47e,https://bscscan.com/tx/0x5f37ca52a58298a6a726379867bd14b7b5fef90ca5a3dea973c740ddfdda4f71
2023-03-23 17:16:16,True,3.825e-05,1.154e-08,2419661.0,0.2794,0xec...fcc5,https://bscscan.com/tx/0xf6061a246179ce786981cadfdf68c972edc706023a8879a328d16fd7170941a3
2023-03-23 17:15:43,False,3.806e-05,1.148e-08,364196.0,0.0418,0xb1...4d83,https://bscscan.com/tx/0xf31a4590602cdfdb3acd8dbb3ef164da6dd54833c50169c8cb677262aaccb8b8
2023-03-23 17:15:43,False,3.806e-05,1.149e-08,69640.2,0.008,0xb1...4d83,https://bscscan.com/tx/0xf31a4590602cdfdb3acd8dbb3ef164da6dd54833c50169c8cb677262aaccb8b8
2023-03-23 17:11:25,True,3.812e-05,1.154e-08,234347.0,0.027,0x80...1516,https://bscscan.com/tx/0x63c6b9c02d9b56fb16f994071f26ea7c4f030f6a9028e809e89181c9b49fb992
2023-03-23 17:11:07,True,3.811e-05,1.154e-08,23211276.0,2.67957,0xeb...ffca,https://bscscan.com/tx/0xb08f805a5b5a7aebb9b50b7dcb62f3a2c8a8eed282fca4eed31d3073f0ec3efe
2023-03-23 17:03:30,True,3.822e-05,1.154e-08,1605207.0,0.1852,0x03...df54,https://bscscan.com/tx/0x8a759ce0d260f1f9c1ee7657e3f056a53a1d9833f58b0c2e7e5b261063c13ac1
2023-03-23 17:02:21,True,3.803e-05,1.154e-08,330145.0,0.0381,0x2f...4cfc,https://bscscan.com/tx/0x1e17f5dff48f560f07fbe4b9b345e8a7ea8e4e24731ac960825a86d4fedb3a9f
2023-03-23 17:01:24,False,3.802e-05,1.148e-08,121850.0,0.0139,0xc6...27bb,https://bscscan.com/tx/0x5b12d5ef9d6a5318d215e58aa7e873f6beb4aca4b27c2bffbd99379c1594ef1f
2023-03-23 17:01:24,False,3.802e-05,1.148e-08,1723.18,1.978e-05,0xc6...27bb,https://bscscan.com/tx/0x5b12d5ef9d6a5318d215e58aa7e873f6beb4aca4b27c2bffbd99379c1594ef1f
2023-03-23 16:59:18,False,3.783e-05,1.148e-08,121850.0,0.0139,0xc6...27bb,https://bscscan.com/tx/0x9ecfe9041885951cdb683050863bea1bcaddace02220aa109cd46d3167ae2970
2023-03-23 16:59:18,False,3.783e-05,1.148e-08,134334.0,0.0154,0xc6...27bb,https://bscscan.com/tx/0x9ecfe9041885951cdb683050863bea1bcaddace02220aa109cd46d3167ae2970
2023-03-23 16:58:12,True,3.802e-05,1.154e-08,119112.0,0.0137,0x5d...0524,https://bscscan.com/tx/0xdeb0ce4bb76cd1b9e0a27758ffd3ab287d00cf9d4c79a0761dd49148d8d91add
2023-03-23 16:58:06,False,3.804e-05,1.148e-08,49485369.0,5.68582,0x0e...a523,https://bscscan.com/tx/0x2fb91de1751a6e25934256924a22fc401cf9f637e3b4e20db0b2262dc4e49a56
2023-03-23 16:58:06,False,3.807e-05,1.149e-08,41004.0,0.0047,0x0e...a523,https://bscscan.com/tx/0x2fb91de1751a6e25934256924a22fc401cf9f637e3b4e20db0b2262dc4e49a56
2023-03-23 16:54:03,True,3.814e-05,1.155e-08,983575.0,0.1136,0x55...d88f,https://bscscan.com/tx/0x64c73f5ce292ba9987175d25906817e030461851f37f3b1b50ffbd988ce81e8b
2023-03-23 16:52:27,True,3.791e-05,1.155e-08,4887500.0,0.5646,0xd5...3fba,https://bscscan.com/tx/0x032893291abf25bfb0aab6742d35048aa1d3e6e58e59caeaffabebc5f0167b42
2023-03-23 16:49:12,True,3.81e-05,1.155e-08,770369.0,0.089,0xeb...239f,https://bscscan.com/tx/0xa04a9f62d68d10f7df434398c7be490489afbacc7994e33d690aee31726331d6
2023-03-23 16:49:06,False,3.791e-05,1.149e-08,5782600.0,0.6647,0xea...e9b0,https://bscscan.com/tx/0x1bceb2659b48e0054fe1be3fdc011f5d08dd945b234893cba0cc1252bc7286b8
2023-03-23 16:49:06,False,3.792e-05,1.149e-08,9603.0,0.0011,0xea...e9b0,https://bscscan.com/tx/0x1bceb2659b48e0054fe1be3fdc011f5d08dd945b234893cba0cc1252bc7286b8
2023-03-23 16:48:54,False,3.792e-05,1.149e-08,3545997.0,0.4076,0xa6...be71,https://bscscan.com/tx/0xb2b0a97b361d7b5cf05b295978722438531b2a7b866cad1d1b7f9dd70ef00315
2023-03-23 16:48:54,False,3.792e-05,1.149e-08,428.459,4.926e-06,0xa6...be71,https://bscscan.com/tx/0xb2b0a97b361d7b5cf05b295978722438531b2a7b866cad1d1b7f9dd70ef00315
2023-03-23 16:47:58,False,3.773e-05,1.149e-08,158213.0,0.0181,0x31...dc26,https://bscscan.com/tx/0x1121e8e0236e026d4fa8039c71cbdddbeb8f54adbaaeee630b8d2a9a00dea476
2023-03-23 16:47:58,False,3.773e-05,1.149e-08,7473.87,8.593e-05,0x31...dc26,https://bscscan.com/tx/0x1121e8e0236e026d4fa8039c71cbdddbeb8f54adbaaeee630b8d2a9a00dea476
2023-03-23 16:47:34,True,3.811e-05,1.155e-08,1154430.0,0.1334,0xab...2a1a,https://bscscan.com/tx/0x42ac6ef7cf84870eab0380970c33077b4ead68e28a9950b7ea3d95fc2bb359b8
2023-03-23 16:45:16,False,3.789e-05,1.149e-08,1608829.0,0.1849,0xc4...8e4d,https://bscscan.com/tx/0xce13812881a3c22d686942e9a83789fd0bdb35805b4dd7fe9450db7fe3b6854d
2023-03-23 16:45:16,False,3.789e-05,1.149e-08,27309.1,0.0031,0xc4...8e4d,https://bscscan.com/tx/0xce13812881a3c22d686942e9a83789fd0bdb35805b4dd7fe9450db7fe3b6854d
2023-03-23 16:45:13,True,3.807e-05,1.155e-08,8061950.0,0.9315,0xcc...697a,https://bscscan.com/tx/0x1504f2ec86cdb9ccb011a9b5b5533053f57514be5dec8574b9fc0a7f429c4960
2023-03-23 16:44:37,True,3.806e-05,1.155e-08,785531.0,0.0907,0x32...9fd9,https://bscscan.com/tx/0x022d2334ea1278b9081794c2d5cb91836113b0d184a1afb6b7e434a49fbbb89e
2023-03-23 16:43:01,False,3.787e-05,1.149e-08,1263182.0,0.1452,0x2e...5fe5,https://bscscan.com/tx/0x61e491f655addd0bf6099beafde104af9cc1cca6cb45a6b26b1ec1afcca68c51
2023-03-23 16:43:01,False,3.787e-05,1.149e-08,42934.6,0.0049,0x2e...5fe5,https://bscscan.com/tx/0x61e491f655addd0bf6099beafde104af9cc1cca6cb45a6b26b1ec1afcca68c51
2023-03-23 16:39:52,True,3.799e-05,1.155e-08,3825059.0,0.4419,0x3e...6b78,https://bscscan.com/tx/0xfe69ac6b725cd1d75604e983a5143545161b57e69c1166b9179e2c74b12bd1d7
2023-03-23 16:37:46,True,3.795e-05,1.155e-08,69249.9,0.008,0x30...63de,https://bscscan.com/tx/0xb5367cf480fef79aab946b6c2f3862eda555028f90669be6ee2b9b24ffb48298
2023-03-23 16:34:04,False,3.787e-05,1.149e-08,146514.0,0.0168,0x95...0117,https://bscscan.com/tx/0x27c2304a42831a53fadffa26221f4b18517d8a892b0c9aa431935387b06126ed
2023-03-23 16:34:04,False,3.787e-05,1.149e-08,27760.0,0.0031,0x95...0117,https://bscscan.com/tx/0x27c2304a42831a53fadffa26221f4b18517d8a892b0c9aa431935387b06126ed
2023-03-23 16:33:49,True,3.787e-05,1.155e-08,98626.7,0.0113,0xa3...bdf7,https://bscscan.com/tx/0xbbf3b2102579f2cd6f20571bc17f9adc932ac9c36aaa536ec30cdf73d5f0f71b
2023-03-23 16:33:43,False,3.789e-05,1.149e-08,10152317.0,1.16713,0x16...3db6,https://bscscan.com/tx/0xc55843f55525187e591347f03777c6301bd9906de59b5ee8b201d8a3250a21df
2023-03-23 16:33:43,False,3.789e-05,1.149e-08,215588.0,0.0247,0x16...3db6,https://bscscan.com/tx/0xc55843f55525187e591347f03777c6301bd9906de59b5ee8b201d8a3250a21df
2023-03-23 16:33:28,True,3.807e-05,1.155e-08,85123.7,0.0098,0x97...92c4,https://bscscan.com/tx/0xb6ce6edcccc80f2bdae56214a72d505017dd9225275dc9f9d48cb233f88b357a
2023-03-23 16:33:16,True,3.784e-05,1.154e-08,78857024.0,9.1032,0x3e...8467,https://bscscan.com/tx/0x6876732fdec078599b0869fa24b6bbcc86448f0da562b39173dd95af1cec5754
2023-03-23 16:33:13,True,3.78e-05,1.153e-08,152456.0,0.0175,0x44...068d,https://bscscan.com/tx/0xf7bbe18470887a567fd151df0c9d909980c06a8b3eae8e37a5bb7655779f3ff7
2023-03-23 16:31:34,True,3.781e-05,1.153e-08,355519.0,0.041,0x94...9263,https://bscscan.com/tx/0xad167be31ab86950418b3043a03c9e34bff97a63d21381f5de73966d4e61dfde
2023-03-23 16:30:56,False,3.76e-05,1.147e-08,396239.0,0.0454,0xc4...8529,https://bscscan.com/tx/0x5c425b5c79af2eb2b68ac2516bc5c5f54838dc76fdb3feab517290cd73f88432
2023-03-23 16:30:56,False,3.76e-05,1.147e-08,9547.04,0.0011,0xc4...8529,https://bscscan.com/tx/0x5c425b5c79af2eb2b68ac2516bc5c5f54838dc76fdb3feab517290cd73f88432
2023-03-23 16:29:35,True,3.797e-05,1.153e-08,1506902.0,0.1737,0x3f...7740,https://bscscan.com/tx/0xde7bc7229fe3b9980bc83864a62e2046124b15ccb1b215bc346eb2cc03aa76a7
2023-03-23 16:28:50,True,3.797e-05,1.153e-08,1311497.0,0.1512,0xae...7d43,https://bscscan.com/tx/0xe16328d1edb7ddfa9eef98e36928c22e42ec1c4cc831f5d63d388a1ea3bc0954
2023-03-23 16:28:15,True,3.777e-05,1.153e-08,398020.0,0.0459,0x97...92c4,https://bscscan.com/tx/0xab5a1111ecd2d605353bd902b8cff712cbec11d2915fcba77f0c667aecd66f54
2023-03-23 16:28:02,False,3.758e-05,1.147e-08,318561.0,0.0365,0x54...4632,https://bscscan.com/tx/0x4992b81ae96f593976a86187c1ecf822a1a9daed3f2879e7ab2207ddaa2a7ad0
2023-03-23 16:28:02,False,3.758e-05,1.147e-08,337.185,3.868e-06,0x54...4632,https://bscscan.com/tx/0x4992b81ae96f593976a86187c1ecf822a1a9daed3f2879e7ab2207ddaa2a7ad0
2023-03-23 16:27:05,False,3.776e-05,1.147e-08,124509.0,0.0142,0x3e...d793,https://bscscan.com/tx/0xdf19fccd45e1de8cd0730f5727093161464941e4b6645bf0419c4a7b8ba8a8df
2023-03-23 16:27:05,False,3.776e-05,1.147e-08,37728.9,0.0043,0x3e...d793,https://bscscan.com/tx/0xdf19fccd45e1de8cd0730f5727093161464941e4b6645bf0419c4a7b8ba8a8df
2023-03-23 16:23:32,True,3.785e-05,1.153e-08,5707640.0,0.6581,0x77...aa93,https://bscscan.com/tx/0xa5d9940504888691b4ea2961a8c625ef548ad35d6115c15caff669bf810710e4
2023-03-23 16:23:08,True,3.804e-05,1.152e-08,1169884.0,0.1348,0x97...92c4,https://bscscan.com/tx/0x7cfc46c75b1c6a52e47820195ee02fff6d10d16dd1afe4e95e1c4d8b74da6ae0
2023-03-23 16:21:38,True,3.804e-05,1.152e-08,2417341.0,0.2787,0x4c...a988,https://bscscan.com/tx/0x0dc58120065e01ad607c9fa1698cb2dcc5931aa72de62c976930e2fa7da5c73e
2023-03-23 16:20:53,False,3.769e-05,1.147e-08,2691900.0,0.3088,0x78...39b8,https://bscscan.com/tx/0x56dd6b696dca8e1c6102b406da9b78f0efd2ed71437cb4ee3e6f1ac34a8225ce
2023-03-23 16:20:53,False,3.769e-05,1.147e-08,49724.9,0.0057,0x78...39b8,https://bscscan.com/tx/0x56dd6b696dca8e1c6102b406da9b78f0efd2ed71437cb4ee3e6f1ac34a8225ce
2023-03-23 16:19:47,True,3.811e-05,1.152e-08,2804116.0,0.3233,0xb9...7311,https://bscscan.com/tx/0x2e335bde2edcc68d1a23edc12026b8e715a100d643d6506d5aa967072e9ff563
2023-03-23 16:19:41,True,3.811e-05,1.152e-08,2466168.0,0.2843,0x5c...f948,https://bscscan.com/tx/0x625763ab7e459d21c547b28d58c4531fdef313bcca0d30a5bac02c5bdfb6aca7
2023-03-23 16:19:35,True,3.81e-05,1.152e-08,2378207.0,0.2741,0x6b...683b,https://bscscan.com/tx/0x214b518fe478e0fb1e3c3c5b761bb60b613923adf781483afb31ca8f191c441b
2023-03-23 16:19:35,True,3.81e-05,1.152e-08,9616408.0,1.10841,0x4c...a988,https://bscscan.com/tx/0x44a54faf68a8349eae1d57896dc1f51f5271365d8104dd88717cbb9a316d7355
2023-03-23 16:17:23,False,3.77e-05,1.146e-08,1148271.0,0.1316,0x8a...5514,https://bscscan.com/tx/0x06bda728b6eda07ac859bcc5364a3a7052ce504970158f34b2a7c7978c08339a
2023-03-23 16:17:23,False,3.77e-05,1.146e-08,21640.7,0.0024,0x8a...5514,https://bscscan.com/tx/0x06bda728b6eda07ac859bcc5364a3a7052ce504970158f34b2a7c7978c08339a
2023-03-23 16:16:11,True,3.803e-05,1.152e-08,5203643.0,0.5996,0xc0...167d,https://bscscan.com/tx/0xd3b6d3ee789c37c497c6efa64c5f6c24cf6c82ec8698c63241dfc36b7387fd83
2023-03-23 16:16:08,False,3.784e-05,1.146e-08,2802979.0,0.3214,0xb9...86b5,https://bscscan.com/tx/0xacf7b2da5adeb6e1a8cc1bb48f1a19f3c4318c4dbbcb8d2e793133dc041d24de
2023-03-23 16:16:08,False,3.784e-05,1.146e-08,594304.0,0.0681,0xb9...86b5,https://bscscan.com/tx/0xacf7b2da5adeb6e1a8cc1bb48f1a19f3c4318c4dbbcb8d2e793133dc041d24de
2023-03-23 16:15:50,True,3.796e-05,1.151e-08,43278958.0,4.98505,0x05...00de,https://bscscan.com/tx/0x889979aa65d6ef5309e8a7f707e1fea0808943e81c92e16a09eb8f70e137caee
2023-03-23 16:15:11,True,3.783e-05,1.149e-08,108728477.0,12.5,0x8a...0720,https://bscscan.com/tx/0x3f03aadb1723d2308d272bacebfd9320df15f95269ea656cb018f26f8da9d373
2023-03-23 16:13:32,True,3.778e-05,1.148e-08,1236868.0,0.142,0xbc...e5e0,https://bscscan.com/tx/0x6c39e7e8a2f8c43affc349d793c1c07dbad03336d12bad4eaca821b7bb87f4d4
2023-03-23 16:13:20,True,3.777e-05,1.147e-08,17424525.0,2.0,0xa8...8a78,https://bscscan.com/tx/0x87974f4ae7aec13b8e966ef51fda2f45fcb0275f74630446f56e46bcd1406380
2023-03-23 16:12:38,True,3.754e-05,1.147e-08,300000.0,0.0344,0x51...ed17,https://bscscan.com/tx/0x7b982c496776c29270820ab327030f8c3bd02594331880292ab15461ca95e5b6
2023-03-23 16:11:59,True,3.752e-05,1.147e-08,30076973.0,3.45018,0x20...946b,https://bscscan.com/tx/0x2ba163bc3f527958c2bd96850ae6ab81806eccfe1c0baeef7714ee7e00ffa983
2023-03-23 16:11:56,True,3.75e-05,1.146e-08,11376761.0,1.30437,0x52...86b0,https://bscscan.com/tx/0xa6673ed91a14e673fb24af34c7d885644aa960a649fc71d480fbfb2849d054dc
2023-03-23 16:11:14,True,3.748e-05,1.146e-08,713616.0,0.0818,0x2a...e55a,https://bscscan.com/tx/0xf9f10686236764c740ba4a0f12901b8707c4adf66432643ced9faf050c5b71e1
2023-03-23 16:07:59,False,3.747e-05,1.14e-08,242938.0,0.0277,0x6f...9206,https://bscscan.com/tx/0x2d3d40637296eb49f81584508afdba2f591f1530d9c04762d91c2667609662c8
2023-03-23 16:07:59,False,3.747e-05,1.14e-08,222249.0,0.0253,0x6f...9206,https://bscscan.com/tx/0x2d3d40637296eb49f81584508afdba2f591f1530d9c04762d91c2667609662c8
2023-03-23 16:07:51,True,3.764e-05,1.145e-08,27412302.0,3.14135,0x0c...c0eb,https://bscscan.com/tx/0xce8895a3ddb811698af009655909d9e53683b66f9dc49ecb032266000c0ce124
2023-03-23 16:05:54,True,3.744e-05,1.145e-08,332198.0,0.038,0x4d...ef6b,https://bscscan.com/tx/0xd9e02289cec864ebc7d5afcb7d34ed1a961dbed371201cc42b2bcf6d288bae56
2023-03-23 16:04:18,True,3.762e-05,1.145e-08,17285509.0,1.97973,0x52...86b0,https://bscscan.com/tx/0xa8b8ef7c9ab025dc960f2eca41d4973aa6d7693513e80dc11a2a5ada01fcf06a
2023-03-23 16:03:15,True,3.737e-05,1.144e-08,26618263.0,3.04696,0x0c...c0eb,https://bscscan.com/tx/0x02bffc0a055eabcec0df4115a567b49cf8f1c63e4914bbe97db591a9179f6581
2023-03-23 16:03:03,False,3.717e-05,1.138e-08,497005.0,0.0565,0xae...9bd7,https://bscscan.com/tx/0xb7534308c9d05f2f524b03f6d1f9ec087d4c2bd7bbd79af87f8aa2dad46b2d55
2023-03-23 16:03:03,False,3.717e-05,1.138e-08,855191.0,0.0973,0xae...9bd7,https://bscscan.com/tx/0xb7534308c9d05f2f524b03f6d1f9ec087d4c2bd7bbd79af87f8aa2dad46b2d55
2023-03-23 16:02:15,True,3.735e-05,1.144e-08,17258284.0,1.97452,0x52...86b0,https://bscscan.com/tx/0xacd160450c5e8a78b741c087b186ecc464c6bdb7b1d761d6771a8392c28bc1e4
2023-03-23 16:02:12,True,3.732e-05,1.143e-08,30085569.0,3.44005,0x20...946b,https://bscscan.com/tx/0xb771487120bbc06fa611218cb78ac07ff00c4fab0eb612e1db2fbae7e159caf4
2023-03-23 16:00:56,True,3.729e-05,1.142e-08,2438079.0,0.2786,0x84...3e1a,https://bscscan.com/tx/0x722bff62d632518db5adde5f0b30e6656856412e891057f7bc70263817fc6763
2023-03-23 16:00:08,True,3.734e-05,1.142e-08,10477993.0,1.1974,0x52...86b0,https://bscscan.com/tx/0x1c5c3e3ac6bb0ddee40cd8dab5064f0fef6a1ba5cc189ea8794b1e63023494d7
2023-03-23 15:59:47,True,3.73e-05,1.141e-08,48409959.0,5.52811,0xfe...5ad3,https://bscscan.com/tx/0x7152b0312ed834c271169f709beac7b7942ac6e500b1ef0ec4fabc89e6351740
2023-03-23 15:59:29,True,3.712e-05,1.14e-08,30085590.0,3.43223,0x20...946b,https://bscscan.com/tx/0x1cec58a4b60d3bac82ae4a1b35220cac6990b980aa95ea5c07e381846ccedd40
2023-03-23 15:59:17,True,3.71e-05,1.14e-08,221751.0,0.0252,0x93...a658,https://bscscan.com/tx/0x8736be52c4fa327c355f9ee39ff7383a4ebf5be4e8e55b8f62d95a3548f33379
2023-03-23 15:58:50,True,3.692e-05,1.14e-08,4384711.0,0.5,0x67...a059,https://bscscan.com/tx/0xff039a4ebceee371482cc2111d085e63378459bec7e55ce520fcee1c8e5693f5
2023-03-23 15:58:32,True,3.706e-05,1.139e-08,80907546.0,9.2163,0x3e...8467,https://bscscan.com/tx/0x48ca4e9db16757f2034170ecfda47276453a7887467116bf6198dd6eade2fba5
2023-03-23 15:56:56,True,3.697e-05,1.137e-08,175752.0,0.02,0x7d...2ef6,https://bscscan.com/tx/0x2f2af8b5547255182b15fd5d6307455436438f03a2fb0331568ed611ed3ee30b
2023-03-23 15:56:20,True,3.678e-05,1.137e-08,392327.0,0.0446,0x35...3a2b,https://bscscan.com/tx/0xb8ec6b0db7880ed5829e8fbff7409b00d480c8335b6f4039357fcb32b6e6ec08
2023-03-23 15:54:59,True,3.697e-05,1.137e-08,659083.0,0.075,0xcc...4243,https://bscscan.com/tx/0x1f16b43c6d3f64dc35e0e3cbab66f8435487ab03664f940ea74481d14c5a9787
2023-03-23 15:53:44,True,3.678e-05,1.137e-08,246146.0,0.028,0xd9...9ee1,https://bscscan.com/tx/0xd163186078808a6425fa7181894a69c6a92d743b8c748a8bd5a5b86e69e96acf
2023-03-23 15:50:35,True,3.674e-05,1.137e-08,270212.0,0.0307,0x97...acf9,https://bscscan.com/tx/0x1bca24f62a24c6e53bb40e6ae2f5d8abd4ca7867dad3a66de0dc04439f040005
2023-03-23 15:50:05,True,3.692e-05,1.137e-08,697810.0,0.0794,0xa6...c898,https://bscscan.com/tx/0x57efb34f3fcdaacb1c17654eb4f3123801976d3f479b3fd3cc0047ea6e029c4b
2023-03-23 15:48:23,True,3.684e-05,1.137e-08,1356888.0,0.1544,0xa9...dbca,https://bscscan.com/tx/0x90ff4829d38c8f28dc1f694d7c26412809a54b73ed7d78f05ec30a10d9d98cba
2023-03-23 15:47:47,True,3.664e-05,1.137e-08,61518.9,0.007,0x97...23ab,https://bscscan.com/tx/0x2f58148512297eb1ed78e0b7d0703e1a5a705be71dfde68df1c5ed4dd619168a
2023-03-23 15:47:26,True,3.682e-05,1.137e-08,1860719.0,0.2117,0xb5...65a8,https://bscscan.com/tx/0xa090c1d23aaa1355a4d2a1c9f9fea9ad8cdb30d007127b3ccf0ae4692d7bed7f
2023-03-23 15:47:23,True,3.682e-05,1.137e-08,9850528.0,1.12066,0x07...f496,https://bscscan.com/tx/0x7e4f79d2c0a3cd6705fa359a11476268dd222bef26f10f0f30e56ec93aebb06c
2023-03-23 15:45:11,True,3.672e-05,1.137e-08,1000000.0,0.1137,0x97...23ab,https://bscscan.com/tx/0x9f06e07f856afe0599cb0f10c8039305a72dad298bf42cb8e0ee8d6e457b6e93
2023-03-23 15:43:56,True,3.654e-05,1.137e-08,728233.0,0.0828,0xb5...65a8,https://bscscan.com/tx/0x78465abd7c86618046334a9836ce10e17e4b76ba2d1fe9ebcd23d84444429643
2023-03-23 15:43:47,True,3.654e-05,1.137e-08,122266.0,0.0139,0xef...3ef3,https://bscscan.com/tx/0x5c253492fd5ad4e1580b1d3159f025234cbb76b5eb2af74942a232378f5b9fa6
2023-03-23 15:41:29,True,3.674e-05,1.137e-08,1600064.0,0.182,0xd5...bc66,https://bscscan.com/tx/0x7cc6cc5e95911f91c3565fbe084688aa09792b82cc1954943ae0cd01efb17490
2023-03-23 15:41:29,True,3.674e-05,1.137e-08,284826.0,0.0324,0xb5...65a8,https://bscscan.com/tx/0x026bb45ee66658cfabf4eaf5e12ddfd3078c4e49dd4146a6507b96582cdfc2ff
2023-03-23 15:41:05,True,3.674e-05,1.137e-08,237379.0,0.027,0x27...b291,https://bscscan.com/tx/0xca20cd602d71935377a8a4dc5b0667509f821d8d81e63c58988297c699edd790
2023-03-23 15:38:23,True,3.675e-05,1.137e-08,136042.0,0.0154,0x50...9a09,https://bscscan.com/tx/0xe62731820d29dbaa81e09bb3703518c97c69bafc2469652b3d0e0f5ab42bbc95
2023-03-23 15:37:02,True,3.659e-05,1.137e-08,5387596.0,0.6127,0x89...3571,https://bscscan.com/tx/0x425da9a85ebd2b54d43aedddb1b1c468d1d05f66b9a804ec83d889795f1ea33a
2023-03-23 15:36:38,False,3.662e-05,1.132e-08,67015048.0,7.58962,0x69...bc09,https://bscscan.com/tx/0xd7e6c70a1888a4ac939ed45cc8b6cb783362c8ef987e56e88b11b359edf1843f
2023-03-23 15:36:38,False,3.665e-05,1.133e-08,6297.72,7.138e-05,0x69...bc09,https://bscscan.com/tx/0xd7e6c70a1888a4ac939ed45cc8b6cb783362c8ef987e56e88b11b359edf1843f
2023-03-23 15:36:05,True,3.665e-05,1.139e-08,1280733.0,0.1458,0xdc...c6dd,https://bscscan.com/tx/0x4aa300b501b00e7d454e097fd3b8582ecc3091be56dfb1e2370aa32d87c94aad
2023-03-23 15:35:38,True,3.683e-05,1.139e-08,526727.0,0.06,0xdd...6601,https://bscscan.com/tx/0x7ac20ed1b75878328a32768931f59e70ea957c2dc4ce717fc2972adbd8824fa3
2023-03-23 15:32:11,False,3.647e-05,1.133e-08,523455.0,0.0593,0xbc...58c1,https://bscscan.com/tx/0x97d19092f57b0909a5804f350ae499f7c7f44ae6d917a30e520a6643968e116f
2023-03-23 15:32:11,False,3.647e-05,1.133e-08,151077.0,0.0171,0xbc...58c1,https://bscscan.com/tx/0x97d19092f57b0909a5804f350ae499f7c7f44ae6d917a30e520a6643968e116f
2023-03-23 15:30:50,True,3.682e-05,1.139e-08,105344.0,0.012,0xa3...59b1,https://bscscan.com/tx/0xba336a0e2d4ef376f45ff715d8f7b404517c5e0f03d1f7b9c96c64fa2b9ea08e
2023-03-23 15:30:20,False,3.652e-05,1.134e-08,55681708.0,6.3155,0x0c...c0eb,https://bscscan.com/tx/0x278b0b4a1ac266a7ba9a08fbe6d45aa1b6c15274f32e3f88b8f0946c1ea42483
2023-03-23 15:30:20,False,3.654e-05,1.134e-08,6750.0,7.661e-05,0x0c...c0eb,https://bscscan.com/tx/0x278b0b4a1ac266a7ba9a08fbe6d45aa1b6c15274f32e3f88b8f0946c1ea42483
2023-03-23 15:29:41,True,3.672e-05,1.14e-08,1000000.0,0.114,0xcd...e9e8,https://bscscan.com/tx/0xf68365d7658bf8d8808257899b0db1fb9147d5ddf064c86078b969921c4b1cd4
2023-03-23 15:29:14,False,3.672e-05,1.134e-08,1495500.0,0.1697,0x96...07a6,https://bscscan.com/tx/0x8834ef7d24a7b1b97127374be5cfcc4e89403f6317dd296a8458b96fb49a8aed
2023-03-23 15:29:14,False,3.672e-05,1.135e-08,1276.08,1.448e-05,0x96...07a6,https://bscscan.com/tx/0x8834ef7d24a7b1b97127374be5cfcc4e89403f6317dd296a8458b96fb49a8aed
2023-03-23 15:28:11,False,3.675e-05,1.135e-08,471205.0,0.0534,0xb4...696d,https://bscscan.com/tx/0xec626e0884c7094aa08215197a2165f7548a7e3c2288fefd4a58a34c74ff1bd7
2023-03-23 15:28:11,False,3.675e-05,1.135e-08,238.212,2.703e-06,0xb4...696d,https://bscscan.com/tx/0xec626e0884c7094aa08215197a2165f7548a7e3c2288fefd4a58a34c74ff1bd7
2023-03-23 15:27:50,False,3.675e-05,1.135e-08,87962.0,0.0099,0x88...8b3e,https://bscscan.com/tx/0x0ecfe033b5930dc8729d75945fe35f9e75d78d06863ffae130274872f6043591
2023-03-23 15:27:50,False,3.675e-05,1.135e-08,25688.9,0.0029,0x88...8b3e,https://bscscan.com/tx/0x0ecfe033b5930dc8729d75945fe35f9e75d78d06863ffae130274872f6043591
2023-03-23 15:27:08,True,3.673e-05,1.14e-08,704871.0,0.0804,0x53...5296,https://bscscan.com/tx/0xb817597c8d801ce32f51c744a171117c30614ef2dc3c61b8fca599777b2b9e71
2023-03-23 15:26:14,False,3.674e-05,1.135e-08,8783122.0,0.997,0xc1...e030,https://bscscan.com/tx/0xca6b27e547cf2d23ef543eab431bc16542a87be79ab3b883c09f467dba63d177
2023-03-23 15:26:14,False,3.674e-05,1.135e-08,9239.8,0.001,0xc1...e030,https://bscscan.com/tx/0xca6b27e547cf2d23ef543eab431bc16542a87be79ab3b883c09f467dba63d177
2023-03-23 15:26:11,True,3.693e-05,1.14e-08,70116.8,0.008,0xf3...0205,https://bscscan.com/tx/0xe72490bd56405834c509494e83783bc5849ab562caea8102d4ed74551069d2bc
2023-03-23 15:24:47,False,3.655e-05,1.135e-08,3282353.0,0.3726,0x57...06cd,https://bscscan.com/tx/0x567fcf93e0a347199c273c30877273aea5cfc545221c872595e9e21884da741d
2023-03-23 15:24:47,False,3.655e-05,1.135e-08,905.072,1.027e-05,0x57...06cd,https://bscscan.com/tx/0x567fcf93e0a347199c273c30877273aea5cfc545221c872595e9e21884da741d
2023-03-23 15:23:11,False,3.657e-05,1.135e-08,334206.0,0.0379,0x97...b427,https://bscscan.com/tx/0x86d2675d81f0d501510a9aca1edc8abd8882ee6c15ceb799f0189498f2e4b053
2023-03-23 15:23:11,False,3.657e-05,1.135e-08,31081.8,0.0035,0x97...b427,https://bscscan.com/tx/0x86d2675d81f0d501510a9aca1edc8abd8882ee6c15ceb799f0189498f2e4b053
2023-03-23 15:20:47,False,3.678e-05,1.135e-08,11041462.0,1.25377,0x9e...532c,https://bscscan.com/tx/0x9cc54471415f3fcd5ba80bc722b1ffc73896f73f40760cb5e4f573317af537c1
2023-03-23 15:20:47,False,3.679e-05,1.135e-08,73196.8,0.0083,0x9e...532c,https://bscscan.com/tx/0x9cc54471415f3fcd5ba80bc722b1ffc73896f73f40760cb5e4f573317af537c1
2023-03-23 15:20:47,False,3.68e-05,1.136e-08,27028613.0,3.0706,0x64...eda3,https://bscscan.com/tx/0xab4e8809f2678a9637452e837a489ed6dbaa2e6a59fb4146fbfbcdd97bd83156
2023-03-23 15:20:47,False,3.681e-05,1.136e-08,31616.1,0.0035,0x64...eda3,https://bscscan.com/tx/0xab4e8809f2678a9637452e837a489ed6dbaa2e6a59fb4146fbfbcdd97bd83156
2023-03-23 15:20:38,True,3.699e-05,1.142e-08,60000.0,0.0068,0xbb...dd30,https://bscscan.com/tx/0x9c53eb59d77d2411fb772d3bdfc444e1f4700eac618df3e07c6e152727b7f248
2023-03-23 15:19:47,True,3.698e-05,1.142e-08,6199670.0,0.708,0xee...60af,https://bscscan.com/tx/0xe278ee42df35cf339b0cd0cd1d9e10aa0877279c5b7ad05a1dbad283fcc23354
2023-03-23 15:19:20,True,3.68e-05,1.141e-08,329377.0,0.0376,0x7e...0731,https://bscscan.com/tx/0x261f34f0b276f9aff3f21f08df7b2ac788386a8813e8ea12789b824f3100ec85
2023-03-23 15:16:41,False,3.679e-05,1.136e-08,5105250.0,0.5801,0x95...a3cc,https://bscscan.com/tx/0xfa2f1cc404a2a38d164e4ac142eaa809c6692bb8b6c06ecb1a634debf5dc2e5e
2023-03-23 15:16:41,False,3.68e-05,1.136e-08,232.798,2.645e-06,0x95...a3cc,https://bscscan.com/tx/0xfa2f1cc404a2a38d164e4ac142eaa809c6692bb8b6c06ecb1a634debf5dc2e5e
2023-03-23 15:16:29,False,3.661e-05,1.136e-08,85962.7,0.0097,0x80...0a27,https://bscscan.com/tx/0x5003addf87472183d08e3a06f851a131267309f090a99e45c7f53e2ed8e3faf7
2023-03-23 15:16:29,False,3.661e-05,1.136e-08,14377.5,0.0016,0x80...0a27,https://bscscan.com/tx/0x5003addf87472183d08e3a06f851a131267309f090a99e45c7f53e2ed8e3faf7
2023-03-23 15:16:14,True,3.679e-05,1.142e-08,324997.0,0.0371,0x57...8e3d,https://bscscan.com/tx/0xe869514e20ea912b997866d211d7f1bd7921c7ee232e8ea5a4001202f113f5a2
2023-03-23 15:14:47,False,3.66e-05,1.136e-08,4985000.0,0.5665,0xda...2f33,https://bscscan.com/tx/0xa41a8d6ed8e572d1064aa5e333f7e0d1d5015533eb4788dad5eb7aec2f17a43b
2023-03-23 15:14:47,False,3.661e-05,1.136e-08,17093.1,0.0019,0xda...2f33,https://bscscan.com/tx/0xa41a8d6ed8e572d1064aa5e333f7e0d1d5015533eb4788dad5eb7aec2f17a43b
2023-03-23 15:13:02,False,3.66e-05,1.136e-08,6311780.0,0.7174,0xf8...b7f8,https://bscscan.com/tx/0x326c078339e5f134f581f7d70332b2c9e3aa37e6b3a5f3cf8c3935176219818c
2023-03-23 15:13:02,False,3.661e-05,1.136e-08,17964.4,0.002,0xf8...b7f8,https://bscscan.com/tx/0x326c078339e5f134f581f7d70332b2c9e3aa37e6b3a5f3cf8c3935176219818c
2023-03-23 15:12:53,True,3.697e-05,1.142e-08,3953463.0,0.4516,0x83...ac9f,https://bscscan.com/tx/0x655e63952670310c7f57b3f1f56457885630e3b6bb4503284c44fd5995dea7ea
2023-03-23 15:12:02,False,3.678e-05,1.136e-08,2691900.0,0.3059,0x54...a5ff,https://bscscan.com/tx/0x5ca1ae22d32f3371011ba21d54d84582b7547266b2a9f1300894fc4c6eaa3539
2023-03-23 15:12:02,False,3.678e-05,1.136e-08,97554.4,0.011,0x54...a5ff,https://bscscan.com/tx/0x5ca1ae22d32f3371011ba21d54d84582b7547266b2a9f1300894fc4c6eaa3539
2023-03-23 15:11:05,True,3.696e-05,1.142e-08,29277.6,0.0033,0x80...2e30,https://bscscan.com/tx/0x9da8a65f65fb8b3052e4e9d05c81ceb07b52c9f773694b6a13e658c558652605
2023-03-23 15:10:47,True,3.697e-05,1.142e-08,1541997.0,0.1761,0x58...3b72,https://bscscan.com/tx/0xb8a27fe545fe1d334acefaa359059d31a016096f31c11f1f6039be7cb11c2586
2023-03-23 15:09:05,False,3.682e-05,1.137e-08,34456320.0,3.91809,0xac...6901,https://bscscan.com/tx/0x70e1df210af484708491c4332ead5c07450baf1cfe519e0feca57e4fc2f23f12
2023-03-23 15:09:05,False,3.683e-05,1.137e-08,77716.8,0.0088,0xac...6901,https://bscscan.com/tx/0x70e1df210af484708491c4332ead5c07450baf1cfe519e0feca57e4fc2f23f12
2023-03-23 15:08:53,True,3.683e-05,1.143e-08,69972.0,0.008,0x08...6541,https://bscscan.com/tx/0x77c75d824f654262c22e531cb99a1636a797ad520e7cf21115135d6cc7522833
2023-03-23 15:08:41,False,3.666e-05,1.138e-08,28627887.0,3.25788,0x9a...883a,https://bscscan.com/tx/0x876e4a4b4d3eaa9c07bf528664c3492ed2d51b0a5546efb7ec649d24ef1f9ef8
2023-03-23 15:08:41,False,3.668e-05,1.138e-08,3801.43,4.327e-05,0x9a...883a,https://bscscan.com/tx/0x876e4a4b4d3eaa9c07bf528664c3492ed2d51b0a5546efb7ec649d24ef1f9ef8
2023-03-23 15:07:53,False,3.688e-05,1.138e-08,1403714.0,0.1598,0x3f...fc43,https://bscscan.com/tx/0x08f10ea84dad37c2275959f3e81f6be8730475a53a6bc4295ff34838e71655c8
2023-03-23 15:07:53,False,3.688e-05,1.138e-08,43842.9,0.0049,0x3f...fc43,https://bscscan.com/tx/0x08f10ea84dad37c2275959f3e81f6be8730475a53a6bc4295ff34838e71655c8
2023-03-23 15:07:41,True,3.706e-05,1.144e-08,786604.0,0.09,0x4c...bca3,https://bscscan.com/tx/0xaeb0a579618bfa54d3a0d296d35479eb0a1cc8ec34a210d84d135e50f72d97bf
2023-03-23 15:06:47,True,3.689e-05,1.144e-08,359843.0,0.0411,0x43...72d1,https://bscscan.com/tx/0xf3ac300c12bb790112dda3e0e284d3c7a09a527c059610646b197462da52c8b7
2023-03-23 15:05:11,False,3.688e-05,1.138e-08,5076371.0,0.5779,0xbe...1239,https://bscscan.com/tx/0xb4670b48818e465e4a02062487dd64f96ac5b8fcd476a4786f88861bf2b38e1f
2023-03-23 15:05:11,False,3.688e-05,1.138e-08,17285.7,0.0019,0xbe...1239,https://bscscan.com/tx/0xb4670b48818e465e4a02062487dd64f96ac5b8fcd476a4786f88861bf2b38e1f
2023-03-23 15:04:35,True,3.709e-05,1.144e-08,174782.0,0.02,0x0e...ee53,https://bscscan.com/tx/0x98abbdfb594f2e56d0e7321d92531fe026ef3955b6624a989ed9bd94ffa87ab8
2023-03-23 15:04:20,True,3.709e-05,1.144e-08,2667399.0,0.3052,0x5a...e6e3,https://bscscan.com/tx/0x2a17d05cf45036bb767411e66e90b893352decf5cbc7ccc5308524da69a96a54
2023-03-23 15:04:17,True,3.709e-05,1.144e-08,3382416.0,0.387,0x58...d401,https://bscscan.com/tx/0xaae8e8d75fad0d6dd0f765134df72e66d4d77e0e81f0bb659828276c552fafe3
2023-03-23 15:04:05,False,3.672e-05,1.138e-08,176980.0,0.0201,0x8c...95da,https://bscscan.com/tx/0x3b53aac466a34a5e5422f81750ca245dadba3c7bbe0987498dc53f0c9d7b92fd
2023-03-23 15:04:05,False,3.672e-05,1.138e-08,172.563,1.964e-06,0x8c...95da,https://bscscan.com/tx/0x3b53aac466a34a5e5422f81750ca245dadba3c7bbe0987498dc53f0c9d7b92fd
2023-03-23 15:01:32,False,3.689e-05,1.138e-08,63720.3,0.0072,0x63...5046,https://bscscan.com/tx/0x0fd134089fda7e1ee1c9d7af1b54ebb0f93a7a109d4b476cfac68133b4628fa7
2023-03-23 15:01:32,False,3.689e-05,1.138e-08,4539.2,5.167e-05,0x63...5046,https://bscscan.com/tx/0x0fd134089fda7e1ee1c9d7af1b54ebb0f93a7a109d4b476cfac68133b4628fa7
2023-03-23 14:56:35,False,3.69e-05,1.138e-08,1676141.0,0.1908,0xf1...7660,https://bscscan.com/tx/0x6b89d3aa780e7ec9711b0a6b2706f98a4eda60a98e5eb4bb5e94c8fd33a55005
2023-03-23 14:56:35,False,3.69e-05,1.138e-08,7237.88,8.239e-05,0xf1...7660,https://bscscan.com/tx/0x6b89d3aa780e7ec9711b0a6b2706f98a4eda60a98e5eb4bb5e94c8fd33a55005
2023-03-23 14:55:05,True,3.707e-05,1.144e-08,1100165.0,0.1258,0x8a...c35d,https://bscscan.com/tx/0x4d4aade8b61907e9f0e53a4687d37714e5c42941d976bc28af96b154ccfbf53f
2023-03-23 14:55:02,True,3.707e-05,1.144e-08,350000.0,0.04,0xaf...e16a,https://bscscan.com/tx/0xc677b3d6833b567bf8215706b7d10cc2cebdb355f618d34b75b09ba96341a8a1
2023-03-23 14:53:29,True,3.689e-05,1.144e-08,196611.0,0.0224,0x3d...d34e,https://bscscan.com/tx/0x83540a5437217e9d56283850199cc2d63d904489f93331f037c7082b95065604
2023-03-23 14:52:38,True,3.705e-05,1.144e-08,163747.0,0.0187,0x2e...9d72,https://bscscan.com/tx/0xa3d05576855c8c47a6d929e7da36d9e80970438529c82030071d07e13c5a6320
2023-03-23 14:50:44,True,3.708e-05,1.144e-08,380000.0,0.0434,0x4e...bae7,https://bscscan.com/tx/0x1d60608d949ac3997a58310b5ca7adeced2ac605e4fff8df82d91779aee8661d
2023-03-23 14:50:35,False,3.689e-05,1.138e-08,488704.0,0.0556,0x29...11b4,https://bscscan.com/tx/0x3612adfa892b0a4204e73ea4430019590ae2c7e0ad2db62e1e8add7e5d1a4884
2023-03-23 14:50:35,False,3.689e-05,1.138e-08,83426.8,0.0095,0x29...11b4,https://bscscan.com/tx/0x3612adfa892b0a4204e73ea4430019590ae2c7e0ad2db62e1e8add7e5d1a4884
2023-03-23 14:49:02,False,3.691e-05,1.138e-08,30687387.0,3.49479,0x65...a3f6,https://bscscan.com/tx/0x18386b41cd45afa79526e34581cab0eeebb1eebe8c5a70dc2e97bae76dcb2cbd
2023-03-23 14:49:02,False,3.692e-05,1.139e-08,624833.0,0.0711,0x65...a3f6,https://bscscan.com/tx/0x18386b41cd45afa79526e34581cab0eeebb1eebe8c5a70dc2e97bae76dcb2cbd
2023-03-23 14:48:47,True,3.712e-05,1.144e-08,390761.0,0.0447,0x3d...d34e,https://bscscan.com/tx/0xe0eb56a0deb7181d6165a7f3f6ae3fd49a164c481615e6ca270f59113dd57709
2023-03-23 14:48:29,True,3.693e-05,1.144e-08,4367075.0,0.5,0xa8...8a78,https://bscscan.com/tx/0x1c73d67c0c18e06da7cff44e9fdc7d18349313680f08ae756667fe8b14205a13
2023-03-23 14:47:12,True,3.713e-05,1.144e-08,944946.0,0.1081,0x39...e246,https://bscscan.com/tx/0xc6aba6ba3b7ce6695b81c442c94db7e47c49340c2b834f664e26925b7e427b53
2023-03-23 14:43:45,True,3.707e-05,1.143e-08,97262279.0,11.1215,0xbd...9333,https://bscscan.com/tx/0xee217e0ad333170a74088417ac3615dd76283351185f39ad92f42186eefae23e
2023-03-23 14:43:30,True,3.699e-05,1.141e-08,30085212.0,3.43465,0x20...946b,https://bscscan.com/tx/0x79b3e53800f6ed84cfb6753c74eeaea41b7db9d4f2fcc8952da1b84fcdc4ae09
2023-03-23 14:43:21,True,3.697e-05,1.14e-08,27158205.0,3.09828,0xc1...f4fe,https://bscscan.com/tx/0x0b67daaf17912417dfec3724c2431b5ab28441def4a9f5f7193248c2d22409a5
2023-03-23 14:43:09,True,3.695e-05,1.14e-08,17457764.0,1.99052,0x52...86b0,https://bscscan.com/tx/0x0c5eaefafc0db0f7d5701ba5fdc57a748917b63c1e9ebd4573fa604eb8b4f28b
2023-03-23 14:41:15,False,3.678e-05,1.134e-08,49878785.0,5.66103,0xca...8c6d,https://bscscan.com/tx/0xbf3ca7b6f3523ca4a00e5cb70152a97a3be9fbbacce269e39177f0e54ca7844f
2023-03-23 14:41:15,False,3.68e-05,1.135e-08,56766.4,0.0064,0xca...8c6d,https://bscscan.com/tx/0xbf3ca7b6f3523ca4a00e5cb70152a97a3be9fbbacce269e39177f0e54ca7844f
2023-03-23 14:39:18,True,3.698e-05,1.141e-08,2974053.0,0.3394,0xd1...629a,https://bscscan.com/tx/0x355f49c669467f9d8338c5fd758043e4cca10416aa5b7cddc0f27de36d753608
2023-03-23 14:39:09,True,3.698e-05,1.141e-08,1275370.0,0.1455,0x3d...d34e,https://bscscan.com/tx/0x470bfd18dbdc33595087cfd390b710b7ab92e624f0f130ce5a3e6f9d5ff0a6f6
2023-03-23 14:38:15,True,3.698e-05,1.141e-08,219061.0,0.025,0x2b...6e0c,https://bscscan.com/tx/0x9719067eb163b3b82be4d870eeddfd5b26f839ccfe0ae91724a7e7b09abb0d4c
2023-03-23 14:37:39,False,3.681e-05,1.135e-08,16506429.0,1.87475,0xf6...8692,https://bscscan.com/tx/0x6b6a1032c98da9c9bb2877a209103d2a39865f9b4a13041f855ba684c6fc32d1
2023-03-23 14:37:39,False,3.681e-05,1.136e-08,13594.1,0.0015,0xf6...8692,https://bscscan.com/tx/0x6b6a1032c98da9c9bb2877a209103d2a39865f9b4a13041f855ba684c6fc32d1
2023-03-23 14:37:30,False,3.682e-05,1.136e-08,5019745.0,0.5702,0x89...cb83,https://bscscan.com/tx/0xa37a3d3618976b772a17721aef4cc511e43dfa1cb2a60b83a0a5b83a98328b51
2023-03-23 14:37:30,False,3.682e-05,1.136e-08,108534.0,0.0123,0x89...cb83,https://bscscan.com/tx/0xa37a3d3618976b772a17721aef4cc511e43dfa1cb2a60b83a0a5b83a98328b51
2023-03-23 14:36:00,False,3.685e-05,1.136e-08,40077222.0,4.55563,0xe8...9f2c,https://bscscan.com/tx/0x00800cac8c0bdd23d23113d5e450ed38f41b8865f8f4fe96bd1c1c2814a45f3d
2023-03-23 14:36:00,False,3.687e-05,1.137e-08,141287.0,0.016,0xe8...9f2c,https://bscscan.com/tx/0x00800cac8c0bdd23d23113d5e450ed38f41b8865f8f4fe96bd1c1c2814a45f3d
2023-03-23 14:35:21,True,3.686e-05,1.142e-08,801183.0,0.0915,0x3d...d34e,https://bscscan.com/tx/0x0b7ac393e56ac93c138f0bfb712f4b650eda8fb09544294d2a331241c4588a0c
2023-03-23 14:33:51,True,3.685e-05,1.142e-08,35212465.0,4.0229,0xcd...c3b0,https://bscscan.com/tx/0xe4dd732b583f5ab6a1f62ccf4425998909e9b80b3c737391913290faab2721bf
2023-03-23 14:32:45,True,3.702e-05,1.141e-08,5094078.0,0.5816,0x6b...9f5d,https://bscscan.com/tx/0x3cd38aac85a9d16aa5c839baf048c90999fe84bf6615a5c0ad7dab1b54803adf
2023-03-23 14:32:30,True,3.683e-05,1.141e-08,5067848.0,0.5786,0x6b...9f5d,https://bscscan.com/tx/0x512a1cd2a4905dc11acde32d45ae676bc47e2d23b5ee6a294ce3bb6c0ab060d4
2023-03-23 14:32:00,True,3.701e-05,1.141e-08,5152786.0,0.5882,0x6b...9f5d,https://bscscan.com/tx/0x755b1a8d57ee794302d8eca84df9c436afaaa91e988994473c2d68fe75cbc47e
2023-03-23 14:31:54,False,3.683e-05,1.135e-08,997000.0,0.1132,0x4d...ff63,https://bscscan.com/tx/0x2875ffb771b23d655eb7300ac1647c7b033a06b2e733789af43d97330d9e35cc
2023-03-23 14:31:54,False,3.683e-05,1.135e-08,213125.0,0.0242,0x4d...ff63,https://bscscan.com/tx/0x2875ffb771b23d655eb7300ac1647c7b033a06b2e733789af43d97330d9e35cc
2023-03-23 14:31:54,True,3.701e-05,1.141e-08,5061910.0,0.5778,0x6b...9f5d,https://bscscan.com/tx/0xd53c3475c8f8a6ed78421bea4aa4c7352a899c4cd6ec70ef734d9f8ebcbf5f1a
2023-03-23 14:31:45,True,3.7e-05,1.141e-08,5109799.0,0.5832,0x6b...9f5d,https://bscscan.com/tx/0xbfee01422711c9ff73242cd1e1c75b8e8347fab6dbc5e95bf58e373e7cf084b2
2023-03-23 14:31:36,True,3.7e-05,1.141e-08,5156709.0,0.5884,0x6b...9f5d,https://bscscan.com/tx/0xb9b4e48b41fa1364c381e32f9fb0695eb6ebbbfa942fd1d5ceb55711cc495197
2023-03-23 14:31:27,True,3.7e-05,1.141e-08,5003255.0,0.5709,0x6b...9f5d,https://bscscan.com/tx/0x1ecacaac96a5a71da0ee932c265ff06741d0eb20184fab0ca69febc034a3ca40
2023-03-23 14:31:18,True,3.7e-05,1.14e-08,5067060.0,0.5781,0x6b...9f5d,https://bscscan.com/tx/0x49c8c148929d071a2ef83c5e8f009d4a05ce877f7e03023286c342ab44ea6504
2023-03-23 14:31:09,True,3.7e-05,1.14e-08,5027326.0,0.5735,0x6b...9f5d,https://bscscan.com/tx/0x5973830c2f66a90905204b873e65783df3f2947a2350b1f6a59a88dae7014232
2023-03-23 14:31:09,False,3.683e-05,1.135e-08,48363474.0,5.49257,0xeb...04e9,https://bscscan.com/tx/0x525834bae9d01360c8644979c272b2df9e3b4e30e7d7610c4d48c436dc9fef6c
2023-03-23 14:31:09,False,3.685e-05,1.136e-08,147807.0,0.0168,0xeb...04e9,https://bscscan.com/tx/0x525834bae9d01360c8644979c272b2df9e3b4e30e7d7610c4d48c436dc9fef6c
2023-03-23 14:24:27,False,3.69e-05,1.137e-08,54579095.0,6.20643,0xcd...c3b0,https://bscscan.com/tx/0x660d13432e7a38658e6dc0608a2728c9f39097d0ab1667ce026c6e28fc1e5d08
2023-03-23 14:24:27,False,3.692e-05,1.137e-08,114194.0,0.0129,0xcd...c3b0,https://bscscan.com/tx/0x660d13432e7a38658e6dc0608a2728c9f39097d0ab1667ce026c6e28fc1e5d08
2023-03-23 14:23:42,True,3.709e-05,1.143e-08,28666735.0,3.27724,0x8d...4ad1,https://bscscan.com/tx/0xda10412685691dda7039074d897728ddd6bbf3c2701f2a0056dd887925197816
2023-03-23 14:22:26,False,3.69e-05,1.137e-08,9970000.0,1.13383,0x33...f5cf,https://bscscan.com/tx/0xf2c5fdc963784b28486686a36886ff04b80e9a7b6a04f9873a8555408f9a6b08
2023-03-23 14:22:26,False,3.69e-05,1.137e-08,10780.7,0.0012,0x33...f5cf,https://bscscan.com/tx/0xf2c5fdc963784b28486686a36886ff04b80e9a7b6a04f9873a8555408f9a6b08
2023-03-23 14:22:26,False,3.69e-05,1.137e-08,3980885.0,0.4528,0x83...ac9f,https://bscscan.com/tx/0xff04585d5cd2ef461ebd1aaa61914f058eca0921957a003df9119ac9711833ed
2023-03-23 14:22:26,False,3.691e-05,1.137e-08,1969.62,2.24e-05,0x83...ac9f,https://bscscan.com/tx/0xff04585d5cd2ef461ebd1aaa61914f058eca0921957a003df9119ac9711833ed
2023-03-23 14:21:30,False,3.69e-05,1.137e-08,727302.0,0.0827,0x38...06ea,https://bscscan.com/tx/0xf863f6ad11ffafe1b62e2f9c6f1f970bee5c6f62a580fb904f628d9eeef9e719
2023-03-23 14:21:30,False,3.69e-05,1.137e-08,5460.09,6.21e-05,0x38...06ea,https://bscscan.com/tx/0xf863f6ad11ffafe1b62e2f9c6f1f970bee5c6f62a580fb904f628d9eeef9e719
2023-03-23 14:21:11,False,3.69e-05,1.137e-08,2016187.0,0.2293,0x3e...6b78,https://bscscan.com/tx/0xbd69b4e64b439b42a0f3b140fc018b35ababe6f0a54aa5c94d788b57e44182a4
2023-03-23 14:21:11,False,3.69e-05,1.137e-08,226485.0,0.0257,0x3e...6b78,https://bscscan.com/tx/0xbd69b4e64b439b42a0f3b140fc018b35ababe6f0a54aa5c94d788b57e44182a4
2023-03-23 14:20:58,True,3.71e-05,1.143e-08,5363752.0,0.6135,0x00...9fcd,https://bscscan.com/tx/0x3d75660d4b53c7e1bcab59aa44768bbfa49ba79b6f3914e60a300baec5f94e89
2023-03-23 14:20:55,True,3.708e-05,1.143e-08,108995.0,0.0124,0xe6...63a8,https://bscscan.com/tx/0x52bd9ec38080f4a3e96f606327a3e60ebfc955785540d0616eda0b001cc37b6a
2023-03-23 14:20:34,False,3.694e-05,1.138e-08,83523128.0,9.51005,0x05...7066,https://bscscan.com/tx/0x2b53c9c6f7e938420964d4b36a590546248c15c4f41916da4a81df6b77fe70d7
2023-03-23 14:20:34,False,3.698e-05,1.139e-08,30699.7,0.0035,0x05...7066,https://bscscan.com/tx/0x2b53c9c6f7e938420964d4b36a590546248c15c4f41916da4a81df6b77fe70d7
2023-03-23 14:19:56,True,3.716e-05,1.145e-08,1741611.0,0.1995,0xbf...2ba8,https://bscscan.com/tx/0x7af920ea5a0b8bceea86de779214459387297d67a864d022625ff86f5ce1abfc
2023-03-23 14:19:06,False,3.678e-05,1.139e-08,1994000.0,0.2272,0xda...2f33,https://bscscan.com/tx/0xc993629af09c832703f6f473ca38a811a5cd81731e22a55b44872ed35088af83
2023-03-23 14:19:06,False,3.678e-05,1.139e-08,31267.4,0.0035,0xda...2f33,https://bscscan.com/tx/0xc993629af09c832703f6f473ca38a811a5cd81731e22a55b44872ed35088af83
2023-03-23 14:18:41,False,3.68e-05,1.139e-08,11545794.0,1.31618,0x05...7066,https://bscscan.com/tx/0xcbe4d36f1646ac1b5e69a90fe247289a80cf74813776964c9b694d9ab116cc82
2023-03-23 14:18:41,False,3.68e-05,1.14e-08,270000.0,0.0307,0x05...7066,https://bscscan.com/tx/0xcbe4d36f1646ac1b5e69a90fe247289a80cf74813776964c9b694d9ab116cc82
2023-03-23 14:18:41,True,3.698e-05,1.145e-08,10391298.0,1.19054,0x00...3524,https://bscscan.com/tx/0x007e8e7b72d0bad28715d7c11549bf97c6463b1347b64922043851c8955dae82
2023-03-23 14:18:41,False,3.684e-05,1.141e-08,99700000.0,11.3784,0x9b...2220,https://bscscan.com/tx/0x68bb9cb35c1399ea77ac14b484145c13abaa24f382b89a15be9fcbcfd8d9e5df
2023-03-23 14:18:41,False,3.689e-05,1.142e-08,270000.0,0.0308,0x9b...2220,https://bscscan.com/tx/0x68bb9cb35c1399ea77ac14b484145c13abaa24f382b89a15be9fcbcfd8d9e5df
2023-03-23 14:18:32,False,3.694e-05,1.144e-08,99700000.0,11.4068,0x9b...2220,https://bscscan.com/tx/0x1a3264ce678be70fc382ad069f5a16e4e1b9b5c39fbe9dad2d74befc60cb68d6
2023-03-23 14:18:32,False,3.699e-05,1.145e-08,77875.4,0.0089,0x9b...2220,https://bscscan.com/tx/0x1a3264ce678be70fc382ad069f5a16e4e1b9b5c39fbe9dad2d74befc60cb68d6
2023-03-23 14:18:23,False,3.7e-05,1.145e-08,28756230.0,3.29531,0x05...7066,https://bscscan.com/tx/0x9535cadae7e924ad28e1d0fec3e7ffd33741f7643c3a786a449574c10c1f3eea
2023-03-23 14:18:23,False,3.701e-05,1.146e-08,47052.5,0.0053,0x05...7066,https://bscscan.com/tx/0x9535cadae7e924ad28e1d0fec3e7ffd33741f7643c3a786a449574c10c1f3eea
2023-03-23 14:17:29,True,3.738e-05,1.152e-08,4135134.0,0.4763,0x89...3571,https://bscscan.com/tx/0xac27960327c0a5399ec2b2d7e6fc08cbad5cbad638131e896a289f8e9b3afc58
2023-03-23 14:17:19,False,3.719e-05,1.146e-08,8404558.0,0.9634,0x05...7066,https://bscscan.com/tx/0x38eeb72b76f83e268e11af4c4397c7f844a354b7ebd0bd40a2e47a965f4cbf39
2023-03-23 14:17:19,False,3.72e-05,1.146e-08,270000.0,0.0309,0x05...7066,https://bscscan.com/tx/0x38eeb72b76f83e268e11af4c4397c7f844a354b7ebd0bd40a2e47a965f4cbf39
2023-03-23 14:17:19,False,3.725e-05,1.147e-08,99700000.0,11.4447,0x9b...2220,https://bscscan.com/tx/0x2746fec8fe410eb1aaa6b5ebd2eb220545e1e983a34cf203ee6cf17141ce0156
2023-03-23 14:17:19,False,3.729e-05,1.149e-08,81457.5,0.0093,0x9b...2220,https://bscscan.com/tx/0x2746fec8fe410eb1aaa6b5ebd2eb220545e1e983a34cf203ee6cf17141ce0156
2023-03-23 14:17:13,False,3.731e-05,1.149e-08,30078922.0,3.45842,0x05...7066,https://bscscan.com/tx/0x6902a7b80d451e01853bb3d7c9fd68d99df9a687a90ef848875150174c9873dc
2023-03-23 14:17:13,False,3.732e-05,1.15e-08,73329.5,0.0084,0x05...7066,https://bscscan.com/tx/0x6902a7b80d451e01853bb3d7c9fd68d99df9a687a90ef848875150174c9873dc
2023-03-23 14:17:10,False,3.733e-05,1.15e-08,27077583.0,3.11556,0x17...4266,https://bscscan.com/tx/0x184fc23b4266122b6dc7a529fe178772d889de0fd35be37db85733c63a08ec28
2023-03-23 14:17:10,False,3.735e-05,1.15e-08,270000.0,0.031,0x17...4266,https://bscscan.com/tx/0x184fc23b4266122b6dc7a529fe178772d889de0fd35be37db85733c63a08ec28
2023-03-23 14:17:10,False,3.739e-05,1.152e-08,99700000.0,11.4898,0x9b...2220,https://bscscan.com/tx/0xfd82f2c478b72d2f5ea280a028d568f7bc6e25cfd2811fb7af5aa1cbcb60e3ec
2023-03-23 14:17:10,False,3.744e-05,1.153e-08,113168.0,0.013,0x9b...2220,https://bscscan.com/tx/0xfd82f2c478b72d2f5ea280a028d568f7bc6e25cfd2811fb7af5aa1cbcb60e3ec
2023-03-23 14:17:10,False,3.746e-05,1.154e-08,41788259.0,4.8244,0x05...7066,https://bscscan.com/tx/0x49cfe1560a1e17f022d603ee6599ba49c74ff666a18a41d02821e5e1eb16eda3
2023-03-23 14:17:10,False,3.748e-05,1.155e-08,23169.2,0.0026,0x05...7066,https://bscscan.com/tx/0x49cfe1560a1e17f022d603ee6599ba49c74ff666a18a41d02821e5e1eb16eda3
2023-03-23 14:16:59,False,3.748e-05,1.155e-08,8555433.0,0.9883,0x05...7066,https://bscscan.com/tx/0x98b6de10e238dcbe92529b2b3c76736b15d382ba4d90f9c36aa56f806469e1b4
2023-03-23 14:16:59,False,3.749e-05,1.155e-08,13815.8,0.0016,0x05...7066,https://bscscan.com/tx/0x98b6de10e238dcbe92529b2b3c76736b15d382ba4d90f9c36aa56f806469e1b4
2023-03-23 14:16:44,False,3.749e-05,1.155e-08,5101597.0,0.5894,0x6b...9f5d,https://bscscan.com/tx/0x7e957ebe7dc23b3d07850bcaf483096540069af4f7a6d99a20cdbc11d215bc11
2023-03-23 14:16:44,False,3.749e-05,1.155e-08,7390.29,8.539e-05,0x6b...9f5d,https://bscscan.com/tx/0x7e957ebe7dc23b3d07850bcaf483096540069af4f7a6d99a20cdbc11d215bc11
2023-03-23 14:15:57,False,3.733e-05,1.155e-08,2728933.0,0.3153,0x82...62ac,https://bscscan.com/tx/0xd4bfed69d20b3144ae69a1e866b3becdd8c9fd38e0d3e491b0b36ac4942cdf9b
2023-03-23 14:15:57,False,3.733e-05,1.155e-08,65316.1,0.0075,0x82...62ac,https://bscscan.com/tx/0xd4bfed69d20b3144ae69a1e866b3becdd8c9fd38e0d3e491b0b36ac4942cdf9b
2023-03-23 14:15:54,False,3.734e-05,1.155e-08,9168542.0,1.05961,0x05...7066,https://bscscan.com/tx/0xed70b7df88ac7973c479cb16458f542a19017d744ca753668be47bf2f656ebde
2023-03-23 14:15:54,False,3.734e-05,1.155e-08,13995.6,0.0016,0x05...7066,https://bscscan.com/tx/0xed70b7df88ac7973c479cb16458f542a19017d744ca753668be47bf2f656ebde
2023-03-23 14:15:45,True,3.772e-05,1.161e-08,135504.0,0.0157,0x11...9d8c,https://bscscan.com/tx/0x9e1b0803e5f2fe06dec42b2a3f9efcbe27f2d06497199008e2a7e3bedf87d869
2023-03-23 14:15:39,False,3.753e-05,1.155e-08,5032926.0,0.5817,0x6b...9f5d,https://bscscan.com/tx/0x8151fe2c4020d5e43e555be5a62a874918e8f9e67e88ef5d91511dc80a0d4208
2023-03-23 14:15:39,False,3.754e-05,1.155e-08,26647.4,0.003,0x6b...9f5d,https://bscscan.com/tx/0x8151fe2c4020d5e43e555be5a62a874918e8f9e67e88ef5d91511dc80a0d4208
2023-03-23 14:15:36,False,3.754e-05,1.156e-08,9839808.0,1.1376,0x05...7066,https://bscscan.com/tx/0xb447ccfdc78d9bde95b0e75df4a6e1dd70c76d784e588fdd0a04625c45ddcb44
2023-03-23 14:15:36,False,3.754e-05,1.156e-08,56096.8,0.0064,0x05...7066,https://bscscan.com/tx/0xb447ccfdc78d9bde95b0e75df4a6e1dd70c76d784e588fdd0a04625c45ddcb44
2023-03-23 14:15:36,False,3.755e-05,1.156e-08,20714274.0,2.39574,0x05...7066,https://bscscan.com/tx/0x7291c9cd472548cdaaa21c33458c84f1a7f7bfe003b6426bb1213cac6493b684
2023-03-23 14:15:36,False,3.756e-05,1.156e-08,13993.9,0.0016,0x05...7066,https://bscscan.com/tx/0x7291c9cd472548cdaaa21c33458c84f1a7f7bfe003b6426bb1213cac6493b684
2023-03-23 14:15:30,False,3.757e-05,1.156e-08,5167362.0,0.5978,0x6b...9f5d,https://bscscan.com/tx/0xb512446a205e475c6649e6e8eb99198e86d7d125521f877ddf8f6989805d17a1
2023-03-23 14:15:30,False,3.757e-05,1.157e-08,18350.1,0.0021,0x6b...9f5d,https://bscscan.com/tx/0xb512446a205e475c6649e6e8eb99198e86d7d125521f877ddf8f6989805d17a1
2023-03-23 14:15:03,False,3.758e-05,1.157e-08,6775961.0,0.784,0x05...7066,https://bscscan.com/tx/0xffc73ec65da9757abf474d8d896e096ca31b70a3a1336e4663f02f781946327f
2023-03-23 14:15:03,False,3.758e-05,1.157e-08,15309.2,0.0017,0x05...7066,https://bscscan.com/tx/0xffc73ec65da9757abf474d8d896e096ca31b70a3a1336e4663f02f781946327f
2023-03-23 14:14:57,True,3.777e-05,1.163e-08,663310.0,0.0771,0x6f...7f17,https://bscscan.com/tx/0x1268dbb11053423648800d22928153a035bffd3a451574bc54a678c126b1def8
