datetime,buy_order,price_USD,price_native,amount_token,total_native,maker,etherscan_url
2023-03-21 21:44:11,False,3.897e-05,1.15e-08,486586.0,0.0559,0x18...18c0,https://bscscan.com/tx/0x0542d12e6e8b62b7ff81bd9d7f00a33ce32559c022231f6d42a85d2dc469ff3c
2023-03-21 21:44:11,False,3.897e-05,1.15e-08,25996.2,0.0029,0x18...18c0,https://bscscan.com/tx/0x0542d12e6e8b62b7ff81bd9d7f00a33ce32559c022231f6d42a85d2dc469ff3c
2023-03-21 21:43:14,True,3.899e-05,1.157e-08,2453423.0,0.2838,0xed...6dea,https://bscscan.com/tx/0x5b19d1a9581e3099de04142a660d26e6b2a187807724c21757fc11cae5c5972a
2023-03-21 21:43:11,False,3.877e-05,1.15e-08,4714540.0,0.5425,0xb3...0f71,https://bscscan.com/tx/0x0b67d75465f9832270367f0ad9a665f5c2a6e472450f4e3fc9d2585e686a9e91
2023-03-21 21:43:11,False,3.878e-05,1.15e-08,42610.2,0.0049,0xb3...0f71,https://bscscan.com/tx/0x0b67d75465f9832270367f0ad9a665f5c2a6e472450f4e3fc9d2585e686a9e91
2023-03-21 21:42:23,True,3.897e-05,1.156e-08,778185.0,0.09,0x4f...ba15,https://bscscan.com/tx/0x1415f8d0fce004f35aef0845f8ab914ba7c452dc1d6649afc99e2317582cb4bd
2023-03-21 21:40:32,False,3.878e-05,1.15e-08,14958352.0,1.72166,0x0a...0550,https://bscscan.com/tx/0xa874b42042181700d81db0b780761df375b8f4dea346ba59f36e9f3cd938b3d1
2023-03-21 21:40:32,False,3.879e-05,1.151e-08,2148.52,2.473e-05,0x0a...0550,https://bscscan.com/tx/0xa874b42042181700d81db0b780761df375b8f4dea346ba59f36e9f3cd938b3d1
2023-03-21 21:40:23,False,3.879e-05,1.151e-08,793361.0,0.0913,0xcd...6962,https://bscscan.com/tx/0x5a85859ccfc92a91cc2afaa0ce940389b4b9b670aa79e519e07a6b225d13fb3b
2023-03-21 21:40:23,False,3.879e-05,1.151e-08,12960.0,0.0014,0xcd...6962,https://bscscan.com/tx/0x5a85859ccfc92a91cc2afaa0ce940389b4b9b670aa79e519e07a6b225d13fb3b
2023-03-21 21:37:50,False,3.879e-05,1.151e-08,4785600.0,0.5509,0x8d...ffd0,https://bscscan.com/tx/0xc436d44850a04d40541b2808d8b4a4ec891dddd2eb1ac2586d1afc9017a5fbe1
2023-03-21 21:37:50,False,3.879e-05,1.151e-08,27000.2,0.0031,0x8d...ffd0,https://bscscan.com/tx/0xc436d44850a04d40541b2808d8b4a4ec891dddd2eb1ac2586d1afc9017a5fbe1
2023-03-21 21:36:59,False,3.879e-05,1.151e-08,9970090.0,1.14804,0x8a...f9a5,https://bscscan.com/tx/0x59e5a94cee8534e5a4d2895a5daf4dd25c753cffad2bf201a667d8fb70cbd82f
2023-03-21 21:36:59,False,3.88e-05,1.151e-08,15713.4,0.0018,0x8a...f9a5,https://bscscan.com/tx/0x59e5a94cee8534e5a4d2895a5daf4dd25c753cffad2bf201a667d8fb70cbd82f
2023-03-21 21:36:26,True,3.918e-05,1.157e-08,603783.0,0.0698,0x24...45ed,https://bscscan.com/tx/0xe1437b468016fcb72f8ef28e0ec94ff97662fb9d6ce7700c0baf44b31a3e511c
2023-03-21 21:35:41,True,3.917e-05,1.157e-08,2466580.0,0.2854,0x24...45ed,https://bscscan.com/tx/0x115caa03647b8832edcc64106baaba664cf285fdb6e7fc43d11b55d99de7bf56
2023-03-21 21:34:38,True,3.898e-05,1.157e-08,2258823.0,0.2614,0x62...12c2,https://bscscan.com/tx/0xb767edaea64ed7ad63dfa2a1a766d42021205d2b28b6e576678adae3b757c56f
2023-03-21 21:34:02,True,3.917e-05,1.157e-08,384765.0,0.0445,0x8a...a3cb,https://bscscan.com/tx/0xe860dd0739e6c9d96e641ae45e0aadebb48cd00fac86fbe2d2e9e44de3ccb7f2
2023-03-21 21:33:14,False,3.898e-05,1.151e-08,105517.0,0.0121,0x26...2c5b,https://bscscan.com/tx/0x3a7d4bbc2ad530a73031cd6dbc2dec314d3c677ab34759b4a0d9374847c9cd57
2023-03-21 21:33:14,False,3.898e-05,1.151e-08,328860.0,0.0378,0x26...2c5b,https://bscscan.com/tx/0x3a7d4bbc2ad530a73031cd6dbc2dec314d3c677ab34759b4a0d9374847c9cd57
2023-03-21 21:31:08,True,3.891e-05,1.156e-08,43392896.0,5.01894,0xe8...bbe9,https://bscscan.com/tx/0x53caf7fe91db94037bb88cf9c6f8204fd6caeb8f3e81263324d3be58c04a6697
2023-03-21 21:30:32,True,3.888e-05,1.155e-08,30066160.0,3.47434,0x20...946b,https://bscscan.com/tx/0x489e1981e5c7f4e1c944672e95c1821ee08ec33823c0ed3c6243b03675e9c4a5
2023-03-21 21:30:29,True,3.885e-05,1.154e-08,25648076.0,2.96173,0xc1...f4fe,https://bscscan.com/tx/0xa5c788ea03a06d976afe9fd8627ae1c60cb796e8ce8a2d1afa5fa620dc1bd3e2
2023-03-21 21:30:11,False,3.884e-05,1.148e-08,7555787.0,0.8679,0x3f...394b,https://bscscan.com/tx/0x6f47c34fa17d473b11cc820939ee6e033f92264d6da02560168c47e285c79457
2023-03-21 21:30:11,False,3.885e-05,1.148e-08,4050.0,4.652e-05,0x3f...394b,https://bscscan.com/tx/0x6f47c34fa17d473b11cc820939ee6e033f92264d6da02560168c47e285c79457
2023-03-21 21:29:11,False,3.884e-05,1.148e-08,1495500.0,0.1718,0x78...39b8,https://bscscan.com/tx/0x8c8d00048aa40f40830691c3efa1297e7415f9d2dc6d63219d00682865e8d811
2023-03-21 21:29:11,False,3.884e-05,1.148e-08,7569.36,8.696e-05,0x78...39b8,https://bscscan.com/tx/0x8c8d00048aa40f40830691c3efa1297e7415f9d2dc6d63219d00682865e8d811
2023-03-21 21:28:38,False,3.867e-05,1.148e-08,314454.0,0.0361,0x28...0596,https://bscscan.com/tx/0x6c05a527818cbc9703ee42f05559599bf149304be0bf99e1e34f50c6cf197e48
2023-03-21 21:28:38,False,3.867e-05,1.148e-08,138844.0,0.0159,0x28...0596,https://bscscan.com/tx/0x6c05a527818cbc9703ee42f05559599bf149304be0bf99e1e34f50c6cf197e48
2023-03-21 21:28:14,True,3.907e-05,1.155e-08,2495555.0,0.2882,0xa6...84ad,https://bscscan.com/tx/0xe214428f7b59cb8b88239023410a1c4ae8423350e33b91b417b3120c9723564d
2023-03-21 21:27:08,False,3.869e-05,1.149e-08,48781322.0,5.60753,0xdc...411a,https://bscscan.com/tx/0x780fe4c088ff89360daf51c00786e863d2579bcf9ab4ec23753279727183cb1c
2023-03-21 21:27:08,False,3.871e-05,1.15e-08,55704.7,0.0064,0xdc...411a,https://bscscan.com/tx/0x780fe4c088ff89360daf51c00786e863d2579bcf9ab4ec23753279727183cb1c
2023-03-21 21:25:02,True,3.909e-05,1.155e-08,51903.2,0.006,0x21...b00e,https://bscscan.com/tx/0xebc74a30f117ba083d130e619d28fbb90aedea49c669cce4af66369afa15bf6f
2023-03-21 21:24:47,True,3.888e-05,1.155e-08,12768651.0,1.47582,0xf1...26bd,https://bscscan.com/tx/0x85d9c3643fa87c83c5c19ef76425a89837076ef0a3c9eb7d89c976073f5aba74
2023-03-21 21:24:41,False,3.869e-05,1.149e-08,5021894.0,0.5774,0x97...27fa,https://bscscan.com/tx/0x7b510781a683820049ab5586a84b903ad9800e6bce40d134fa4c0dc78f533785
2023-03-21 21:24:41,False,3.869e-05,1.15e-08,51318.4,0.0059,0x97...27fa,https://bscscan.com/tx/0x7b510781a683820049ab5586a84b903ad9800e6bce40d134fa4c0dc78f533785
2023-03-21 21:24:20,True,3.91e-05,1.156e-08,2493935.0,0.2883,0x84...e8e5,https://bscscan.com/tx/0x23de3e16e052f3ad8e0dcf138e57a31b0841819ccb2b597f25cc2f65da91c89e
2023-03-21 21:24:08,True,3.907e-05,1.155e-08,2336310.0,0.27,0x2c...d174,https://bscscan.com/tx/0x91c4dad1a26bb1293bd995809f389858adb696104981d9b2c631d68fdc4b92b8
2023-03-21 21:22:20,False,3.869e-05,1.15e-08,11579159.0,1.33164,0x89...393c,https://bscscan.com/tx/0x4e80a28587a54c318459ea2e1f02d6f6d9dfb76536d7b8710fd0d795ce799746
2023-03-21 21:22:20,False,3.87e-05,1.15e-08,78560.0,0.009,0x89...393c,https://bscscan.com/tx/0x4e80a28587a54c318459ea2e1f02d6f6d9dfb76536d7b8710fd0d795ce799746
2023-03-21 21:21:05,True,3.889e-05,1.155e-08,1246098.0,0.144,0xfe...a5c3,https://bscscan.com/tx/0x8485d1a1945324497ddb90b6672f0f40fa31493a9c89199a7dda59af02ad30d5
2023-03-21 21:20:20,True,3.908e-05,1.155e-08,25625390.0,2.96118,0xc1...f4fe,https://bscscan.com/tx/0x03489fb64de8155423a94202d598b0cc3c1cd9a638781a796ce2804a11bcdb22
2023-03-21 21:20:17,False,3.867e-05,1.149e-08,2218121.0,0.2549,0xd3...db58,https://bscscan.com/tx/0x2055d1b820395f35372afd5dd81807f487dab573b7cf6b611cf23b54fb6a4ab8
2023-03-21 21:20:17,False,3.868e-05,1.149e-08,32134.1,0.0036,0xd3...db58,https://bscscan.com/tx/0x2055d1b820395f35372afd5dd81807f487dab573b7cf6b611cf23b54fb6a4ab8
2023-03-21 21:19:35,True,3.906e-05,1.155e-08,1439740.0,0.1663,0xd1...15df,https://bscscan.com/tx/0x9ab3e17d6f30c1512ff022f5b2f1bf3a8b382aaa2878b9a7e73d26aa7bf8e607
2023-03-21 21:19:14,False,3.887e-05,1.149e-08,9970000.0,1.14614,0x78...39b8,https://bscscan.com/tx/0x0d1d789c67e89bbc7aed84e9763b28c9a60668bbb792b692e348268555f33f13
2023-03-21 21:19:14,False,3.888e-05,1.149e-08,30689.4,0.0035,0x78...39b8,https://bscscan.com/tx/0x0d1d789c67e89bbc7aed84e9763b28c9a60668bbb792b692e348268555f33f13
2023-03-21 21:18:53,True,3.888e-05,1.155e-08,2596351.0,0.3,0xfe...a5c3,https://bscscan.com/tx/0xec95fcdfce92312f3ec3aee07bfe499ef17ddbb742218634f1b529a2f72677c2
2023-03-21 21:18:50,True,3.888e-05,1.155e-08,278062.0,0.0321,0xa9...10d8,https://bscscan.com/tx/0xc137d92649b1a3fad074e9856eb18f6e0a2e249ab28210c3591e3576e2933cd1
2023-03-21 21:17:17,False,3.868e-05,1.149e-08,5902942.0,0.6786,0xe2...eb8b,https://bscscan.com/tx/0x7ef0fddedd36b2a9a6a6454dfeefde88707bd2c5427e31199d8c02867e337e57
2023-03-21 21:17:17,False,3.869e-05,1.149e-08,85134.4,0.0097,0xe2...eb8b,https://bscscan.com/tx/0x7ef0fddedd36b2a9a6a6454dfeefde88707bd2c5427e31199d8c02867e337e57
2023-03-21 21:15:35,True,3.889e-05,1.155e-08,77882.0,0.009,0xe3...6553,https://bscscan.com/tx/0x2e908249ac9251ee8b5c8cad56a39201f494345540a401b1f5fdaf5555fe3b29
2023-03-21 21:15:23,True,3.91e-05,1.155e-08,400000.0,0.0462,0x2a...61ba,https://bscscan.com/tx/0xf562685abba2abd8eaf3821b060a97c744947e22b1d3f114910d648676dd479f
2023-03-21 21:12:44,True,3.908e-05,1.155e-08,127778.0,0.0147,0xb0...c682,https://bscscan.com/tx/0x1bf4d79c41353557bcd50ac79d5443b6cc5c96a394d23a1eeb1da23e412cf3af
2023-03-21 21:10:59,True,3.888e-05,1.155e-08,259611.0,0.03,0x27...b291,https://bscscan.com/tx/0x4106e8fd74123c4098608dca14386abe63dfd472a3322e25aaddc363c12d18b6
2023-03-21 21:10:56,True,3.888e-05,1.155e-08,2756952.0,0.3185,0xe9...05d5,https://bscscan.com/tx/0x594464ee0bfc1058018c2158fefdc968a6dd6fe8eab7ac53d76d4fda9a2530aa
2023-03-21 21:08:23,True,3.892e-05,1.155e-08,138470.0,0.016,0x47...32c8,https://bscscan.com/tx/0x70ad95ec458841f8c7f4e84871e4ce5847767d42493d06ea85e4cb0b83608e59
2023-03-21 21:08:14,True,3.891e-05,1.155e-08,25682031.0,2.96657,0xaf...9dcd,https://bscscan.com/tx/0x57ffaef8381c629fb381363e23a80e95f50929b90ff1cf1f2b5d534a77262c2b
2023-03-21 21:06:59,False,3.871e-05,1.148e-08,1189769.0,0.1367,0xc0...cdb7,https://bscscan.com/tx/0xfc40f368cc05d3a40451307c7106785773355dec72cb611be444c845d982a035
2023-03-21 21:06:59,False,3.871e-05,1.149e-08,2972793.0,0.3415,0xc0...cdb7,https://bscscan.com/tx/0xfc40f368cc05d3a40451307c7106785773355dec72cb611be444c845d982a035
2023-03-21 21:06:32,True,3.89e-05,1.154e-08,25631678.0,2.95916,0xaf...9dcd,https://bscscan.com/tx/0x16a0717c2bdf77bc925e3344886c8150ca5074abc9b373d7f15e88d05dd12d37
2023-03-21 21:06:32,True,3.887e-05,1.153e-08,25659116.0,2.96042,0xc1...f4fe,https://bscscan.com/tx/0x8ad348ef16bff41eb039b1d7a9da8ce13ed11123748b19ae179aabccea408e90
2023-03-21 21:06:23,True,3.885e-05,1.153e-08,19503759.0,2.24898,0xaf...9dcd,https://bscscan.com/tx/0xdfd093b19aa27866b230b951c313b834d173c69f5b62a892d094b06a9747a583
2023-03-21 21:06:17,True,3.902e-05,1.152e-08,12809700.0,1.47649,0x17...4266,https://bscscan.com/tx/0x40810d04e8cdfea1b3768fbc2bd6a77decf8298f74e9fb17fcbd9c0ab56505a5
2023-03-21 21:06:17,True,3.901e-05,1.152e-08,6739657.0,0.7766,0x53...a498,https://bscscan.com/tx/0x37c8ab8321542d7a05836895b827fd4d3f379b3412ecff58f9ba075a7aa57af3
2023-03-21 21:06:14,True,3.899e-05,1.151e-08,25637141.0,2.9531,0x17...4266,https://bscscan.com/tx/0x5e8d6866031338d10d81844a3a6529bec4fc556e907b2f30c4cf9c9a7c90ed4c
2023-03-21 21:06:14,True,3.896e-05,1.151e-08,34971647.0,4.02527,0x53...a498,https://bscscan.com/tx/0x3a558acc6eb24d85770dabbedad6ed403a30ce2690e5c9f3397deb7f6cf1eb12
2023-03-21 21:06:11,True,3.894e-05,1.15e-08,5134367.0,0.5906,0x09...712a,https://bscscan.com/tx/0xae9d9389c1623687624156637d3b9ccff1d93a05431ac138d21b850c671a47ad
2023-03-21 21:06:11,True,3.892e-05,1.149e-08,35626172.0,4.09647,0x53...a498,https://bscscan.com/tx/0x0af079156d21055df46888292395ef328c746e73c8ce6d57a9e59845c8cd17e8
2023-03-21 21:06:11,True,3.889e-05,1.148e-08,25706745.0,2.95362,0x84...40b6,https://bscscan.com/tx/0x2e5e171f7853a94fb536c5a23ee9985380f6a16c786102917bc090a9eef99220
2023-03-21 21:06:08,True,3.887e-05,1.148e-08,12860849.0,1.47696,0x9f...d87c,https://bscscan.com/tx/0x0e63e018bd99c5db7e4bc4adb40e2efd6f4be5ad140747f7aec7105c5629fb72
2023-03-21 21:06:05,True,3.879e-05,1.145e-08,197995123.0,22.6896,0xca...010c,https://bscscan.com/tx/0x704630fc8bce7f122e21e75ce8bb84f07588938a4cd942b5a04d9a04df450cca
2023-03-21 21:06:05,True,3.867e-05,1.142e-08,10000330.0,1.14247,0xdd...2b56,https://bscscan.com/tx/0x5ca761a21e7d381d04ed443eeddcbab6354af68902788557b86afecc8d016c36
2023-03-21 21:06:05,True,3.866e-05,1.142e-08,13902957.0,1.58784,0xd7...1fed,https://bscscan.com/tx/0x9593ddc9682840f2b30565e50f501023189870fff365cdd6e8fc3672bd8ad94a
2023-03-21 21:06:05,True,3.864e-05,1.141e-08,21042306.0,2.40217,0x2c...94e1,https://bscscan.com/tx/0xc47c8cd69ad39879830fe1b64040c6df87b47d032530f5be70283d0bb0d4b4cb
2023-03-21 21:06:05,False,3.874e-05,1.144e-08,633033186.0,72.4572,0x3a...438d,https://bscscan.com/tx/0x2d35147274fe997a8fae403c84bc1f873703bf0050c87eaa3b0bdd7d1f74ffba
2023-03-21 21:06:05,False,3.905e-05,1.153e-08,3102.72,3.579e-05,0x3a...438d,https://bscscan.com/tx/0x2d35147274fe997a8fae403c84bc1f873703bf0050c87eaa3b0bdd7d1f74ffba
2023-03-21 21:04:11,True,3.905e-05,1.159e-08,1071375.0,0.1242,0xe3...2dda,https://bscscan.com/tx/0x6f4197a8e62f5b428d8091c5efaa27f59dd426d22a7ccfbaa50b62c81b46343c
2023-03-21 21:04:08,False,3.885e-05,1.153e-08,77546.2,0.0089,0x72...46a7,https://bscscan.com/tx/0xa897925fa04409b464cf943e42af60f70c2419acf69f42ad135a3dd1cc3e9d2e
2023-03-21 21:04:08,False,3.885e-05,1.153e-08,12932.5,0.0014,0x72...46a7,https://bscscan.com/tx/0xa897925fa04409b464cf943e42af60f70c2419acf69f42ad135a3dd1cc3e9d2e
2023-03-21 21:02:02,False,3.903e-05,1.153e-08,4775447.0,0.5509,0x55...1e7d,https://bscscan.com/tx/0xad1e3be81ca9eb884b0fa1281f66b15603fc14309d717634e35022c97d8e0fc4
2023-03-21 21:02:02,False,3.903e-05,1.153e-08,253.679,2.926e-06,0x55...1e7d,https://bscscan.com/tx/0xad1e3be81ca9eb884b0fa1281f66b15603fc14309d717634e35022c97d8e0fc4
2023-03-21 21:01:38,False,3.906e-05,1.153e-08,93673.3,0.0108,0xea...9b85,https://bscscan.com/tx/0xa30b3a247f873ebd30891780016ed53b383f317fdd372887b855105fe89a5b05
2023-03-21 21:01:38,False,3.906e-05,1.153e-08,34364.1,0.0039,0xea...9b85,https://bscscan.com/tx/0xa30b3a247f873ebd30891780016ed53b383f317fdd372887b855105fe89a5b05
2023-03-21 21:01:05,False,3.886e-05,1.153e-08,12689277.0,1.46429,0x16...3799,https://bscscan.com/tx/0xa03168224ebd422aee5ecf178eeff034801958b5d9e93cd3ab806a408f4c757c
2023-03-21 21:01:05,False,3.887e-05,1.154e-08,44860.2,0.0051,0x16...3799,https://bscscan.com/tx/0xa03168224ebd422aee5ecf178eeff034801958b5d9e93cd3ab806a408f4c757c
2023-03-21 21:00:47,True,3.908e-05,1.159e-08,400144.0,0.0464,0x65...e39b,https://bscscan.com/tx/0xe9ed12bc743b30cbeb15603642f62807c64688b755636b10cb7fd1cd074a1596
2023-03-21 21:00:20,True,3.907e-05,1.159e-08,1810502.0,0.21,0xe2...bc26,https://bscscan.com/tx/0xf62535434b243766890acea71000f6b11471588ad8cfe84d86ee3d768785a1e6
2023-03-21 21:00:20,True,3.907e-05,1.159e-08,9183099.0,1.065,0x16...3799,https://bscscan.com/tx/0x1ba0922b18e5330a131ba6f9cc513be0ce6f2861b666aaca8dc23f87cc306561
2023-03-21 21:00:14,False,3.887e-05,1.153e-08,5205490.0,0.6006,0x14...2028,https://bscscan.com/tx/0x75b2bf08e44867272e7d27269a89d73b05491ae905a16c2c611eb30b3f342623
2023-03-21 21:00:14,False,3.887e-05,1.153e-08,25241.1,0.0029,0x14...2028,https://bscscan.com/tx/0x75b2bf08e44867272e7d27269a89d73b05491ae905a16c2c611eb30b3f342623
2023-03-21 21:00:02,False,3.888e-05,1.154e-08,9320506.0,1.07568,0xe8...c941,https://bscscan.com/tx/0x3fa52f6a3e0e62b9da9872822b25207b385cb79e6ce07e8542f7b52358e3e48b
2023-03-21 21:00:02,False,3.888e-05,1.154e-08,13475.9,0.0015,0xe8...c941,https://bscscan.com/tx/0x3fa52f6a3e0e62b9da9872822b25207b385cb79e6ce07e8542f7b52358e3e48b
2023-03-21 20:58:44,True,3.926e-05,1.159e-08,3582658.0,0.4155,0x16...3799,https://bscscan.com/tx/0x32e9acf46525602602d372d281ddacf1e2b74fbc06f78ffafcaf19f5a6d1051c
2023-03-21 20:57:50,True,3.927e-05,1.159e-08,200000.0,0.0232,0x54...a88f,https://bscscan.com/tx/0x9331c727382fbd158731a337dda8e9fd08ac31320be5497103f8204c891dc517
2023-03-21 20:57:50,False,3.907e-05,1.154e-08,1204802.0,0.139,0x7c...59ab,https://bscscan.com/tx/0x39b679904c7c20a164c8c1e90489baa509ccb3662fbf04ebabd52134d2305d6b
2023-03-21 20:57:50,False,3.907e-05,1.154e-08,29157.2,0.0033,0x7c...59ab,https://bscscan.com/tx/0x39b679904c7c20a164c8c1e90489baa509ccb3662fbf04ebabd52134d2305d6b
2023-03-21 20:57:14,True,3.907e-05,1.159e-08,493313.0,0.0572,0xdd...fa85,https://bscscan.com/tx/0x639e825bfa7dee8633c6399059a95762ac6ea99444a26c80674dc8d53bfaf8a3
2023-03-21 20:57:08,True,3.907e-05,1.159e-08,603484.0,0.07,0xd7...f752,https://bscscan.com/tx/0xe72c79e47b3dce5c105629ef2a06f4ca343b50ea046accfc8450ab4c91ba2a8c
2023-03-21 20:56:29,False,3.911e-05,1.154e-08,9673051.0,1.11653,0x2c...5488,https://bscscan.com/tx/0x2e8a02e53ee76e0e569404cd3dc3e7feb497b09391eb8ff147794e306d320bff
2023-03-21 20:56:29,False,3.912e-05,1.154e-08,1858.44,2.145e-05,0x2c...5488,https://bscscan.com/tx/0x2e8a02e53ee76e0e569404cd3dc3e7feb497b09391eb8ff147794e306d320bff
2023-03-21 20:56:17,True,3.931e-05,1.16e-08,106312.0,0.0123,0x09...a543,https://bscscan.com/tx/0xf56278931a2b95550571acc41722796cce5f68f818d6f9bf4f318395d658ebb9
2023-03-21 20:54:47,False,3.912e-05,1.154e-08,580254.0,0.0669,0xb5...96e0,https://bscscan.com/tx/0x18a5ce1ecd0c206a8ab124a893f1ca1c5b16b8f037c245702bb84a0ffd1c0789
2023-03-21 20:54:47,False,3.912e-05,1.154e-08,934.745,1.079e-05,0xb5...96e0,https://bscscan.com/tx/0x18a5ce1ecd0c206a8ab124a893f1ca1c5b16b8f037c245702bb84a0ffd1c0789
2023-03-21 20:54:29,False,3.893e-05,1.154e-08,345163.0,0.0398,0x08...6981,https://bscscan.com/tx/0x15e1d92234fd81a53cbacb72a644e4a2a905ebdb3d9aa9c844e76c1031500693
2023-03-21 20:54:29,False,3.893e-05,1.154e-08,40585.1,0.0046,0x08...6981,https://bscscan.com/tx/0x15e1d92234fd81a53cbacb72a644e4a2a905ebdb3d9aa9c844e76c1031500693
2023-03-21 20:53:20,True,3.913e-05,1.16e-08,517143.0,0.06,0xf9...e575,https://bscscan.com/tx/0xdee011883aaf63ce407c130271dc194091838fd1685261b883bfbac2a3601872
2023-03-21 20:52:23,True,3.932e-05,1.16e-08,14472.0,0.0016,0xb0...9882,https://bscscan.com/tx/0xb821ebedaf016f9c62b84b425348a5c1adce1babae96bfddefdd1d0e38940bc6
2023-03-21 20:51:02,True,3.912e-05,1.16e-08,59009.3,0.0068,0xf8...9ea7,https://bscscan.com/tx/0xfbc70473f8fab9cdbea30101d958a9f90887e5c3a2f81de825bd284fd2acc067
2023-03-21 20:50:59,True,3.912e-05,1.16e-08,100000.0,0.0116,0x54...a88f,https://bscscan.com/tx/0x9dd7d64d23fb1cfb67a2e1eec4931b845c762d4b884d811eabda76dbfb088e28
2023-03-21 20:49:59,False,3.891e-05,1.154e-08,14195600.0,1.63905,0x6a...0faa,https://bscscan.com/tx/0xaa0c0b225dd9eb161ef73c8a85db20eb80e82a40951edaac10abfa274fd2dd6f
2023-03-21 20:49:59,False,3.892e-05,1.154e-08,52159.4,0.006,0x6a...0faa,https://bscscan.com/tx/0xaa0c0b225dd9eb161ef73c8a85db20eb80e82a40951edaac10abfa274fd2dd6f
2023-03-21 20:48:56,True,3.91e-05,1.16e-08,1046541.0,0.1214,0xba...9c55,https://bscscan.com/tx/0x6398c934134dcaacfbe41e00d2d3baea6743452441217f56cb33001c55acff2c
2023-03-21 20:48:32,False,3.892e-05,1.155e-08,18216943.0,2.10417,0xfa...45cf,https://bscscan.com/tx/0x67685099f7f6e7cdf69af5a357b11eac371be74879acb62af95c358ab2915564
2023-03-21 20:48:32,False,3.892e-05,1.155e-08,10931.3,0.0012,0xfa...45cf,https://bscscan.com/tx/0x67685099f7f6e7cdf69af5a357b11eac371be74879acb62af95c358ab2915564
2023-03-21 20:45:08,True,3.932e-05,1.161e-08,936802.0,0.1087,0x26...2531,https://bscscan.com/tx/0xef1f0ad92f317d82b2222031a578acaba008b5e1ebca7290327487edb6f01275
2023-03-21 20:43:14,True,3.933e-05,1.161e-08,264640.0,0.0307,0xc5...54fb,https://bscscan.com/tx/0x50c1927d1dc78827ca15a2133d838374e55534c39d77e870d41f8f067b452e7d
2023-03-21 20:41:53,True,3.933e-05,1.161e-08,2500000.0,0.2902,0x43...2512,https://bscscan.com/tx/0xea8207cc90dfa6fb236d4085a77620182468573aea9e8e034c19caf1112a1af3
2023-03-21 20:41:08,True,3.913e-05,1.161e-08,238572.0,0.0277,0x8e...e3d3,https://bscscan.com/tx/0x6c8091ee730664b5918eec228222e608d992929cd5d0546da606f38ef0bb5a8c
2023-03-21 20:40:08,False,3.893e-05,1.155e-08,108285.0,0.0125,0xfd...3f8c,https://bscscan.com/tx/0x22ec5df9379438411514fde4b8ff997fc5d26de9a910d1cc688893fead657872
2023-03-21 20:40:08,False,3.893e-05,1.155e-08,10677.5,0.0012,0xfd...3f8c,https://bscscan.com/tx/0x22ec5df9379438411514fde4b8ff997fc5d26de9a910d1cc688893fead657872
2023-03-21 20:38:14,False,3.912e-05,1.155e-08,1512326.0,0.1747,0x74...8d68,https://bscscan.com/tx/0xa0c06766b05aed6035547e75864b1de29ea57d74581a2b31aae5dc902ba06935
2023-03-21 20:38:14,False,3.912e-05,1.155e-08,92514.5,0.0106,0x74...8d68,https://bscscan.com/tx/0xa0c06766b05aed6035547e75864b1de29ea57d74581a2b31aae5dc902ba06935
2023-03-21 20:36:37,True,3.912e-05,1.161e-08,241160.0,0.028,0x8b...5c61,https://bscscan.com/tx/0xd39e722e0530de4fcdd01d7067cb49147aa86ebe17aed7bb02d4c0f93f0cb630
2023-03-21 20:36:22,False,3.894e-05,1.155e-08,33921386.0,3.92045,0xf7...d5e0,https://bscscan.com/tx/0x0715f2655092a56bd69124c0a062b97526b7ceed2287a6c26c68ec64c03bb10b
2023-03-21 20:36:22,False,3.896e-05,1.156e-08,2700.0,3.121e-05,0xf7...d5e0,https://bscscan.com/tx/0x0715f2655092a56bd69124c0a062b97526b7ceed2287a6c26c68ec64c03bb10b
2023-03-21 20:34:22,False,3.913e-05,1.156e-08,997000.0,0.1152,0x41...cd26,https://bscscan.com/tx/0x45555f43651acbad4d8a3cc89a33a4b9af16888640adef76f33893636d4752b2
2023-03-21 20:34:22,False,3.913e-05,1.156e-08,2619.0,3.028e-05,0x41...cd26,https://bscscan.com/tx/0x45555f43651acbad4d8a3cc89a33a4b9af16888640adef76f33893636d4752b2
2023-03-21 20:34:01,False,3.893e-05,1.156e-08,967090.0,0.1118,0xe8...aff3,https://bscscan.com/tx/0x3d9d9643a0bf9c38a0d6344fbcd931f462b42ecce05547a0039dcc088ea1e52c
2023-03-21 20:34:01,False,3.893e-05,1.156e-08,1350.0,1.56e-05,0xe8...aff3,https://bscscan.com/tx/0x3d9d9643a0bf9c38a0d6344fbcd931f462b42ecce05547a0039dcc088ea1e52c
2023-03-21 20:33:49,False,3.893e-05,1.156e-08,498500.0,0.0576,0x52...5fe3,https://bscscan.com/tx/0x6c23465d410082744f2fa24b1e92a60cb492657b7ddff51e718334201de87350
2023-03-21 20:33:49,False,3.893e-05,1.156e-08,394407.0,0.0456,0x52...5fe3,https://bscscan.com/tx/0x6c23465d410082744f2fa24b1e92a60cb492657b7ddff51e718334201de87350
2023-03-21 20:33:10,True,3.906e-05,1.16e-08,145046591.0,16.8255,0xae...1f47,https://bscscan.com/tx/0x7a581e81c2ea65e3f63ffc258427827e9d0c770c4bc1c78978a6931fca4c3bfe
2023-03-21 20:31:01,False,3.898e-05,1.152e-08,1026910.0,0.1183,0xc1...a092,https://bscscan.com/tx/0xa6f40cf2f3e5a47c0b24a94959f7ccfd830ea2f162b7847a57d52399d4cc9dfc
2023-03-21 20:31:01,False,3.898e-05,1.152e-08,962.446,1.108e-05,0xc1...a092,https://bscscan.com/tx/0xa6f40cf2f3e5a47c0b24a94959f7ccfd830ea2f162b7847a57d52399d4cc9dfc
2023-03-21 20:29:52,False,3.898e-05,1.152e-08,255692.0,0.0294,0xa0...2bcc,https://bscscan.com/tx/0x4e31799bb342558bc0cb57af59fcea51a4ec121e27ae7bc19e088398f4298d9c
2023-03-21 20:29:52,False,3.898e-05,1.152e-08,23571.0,0.0027,0xa0...2bcc,https://bscscan.com/tx/0x4e31799bb342558bc0cb57af59fcea51a4ec121e27ae7bc19e088398f4298d9c
2023-03-21 20:29:31,False,3.879e-05,1.152e-08,8703810.0,1.00292,0x31...7860,https://bscscan.com/tx/0x3e2fd90d83dbe1797475b990f30883bc9e1893120bff99d68b7947bc4bc3634c
2023-03-21 20:29:31,False,3.879e-05,1.152e-08,21772.4,0.0025,0x31...7860,https://bscscan.com/tx/0x3e2fd90d83dbe1797475b990f30883bc9e1893120bff99d68b7947bc4bc3634c
2023-03-21 20:28:40,False,3.879e-05,1.152e-08,8039658.0,0.9265,0xd1...ece0,https://bscscan.com/tx/0xf788d8c2b52680795036bd73cbfcf79325c430209d49afeac35a3171285fefc6
2023-03-21 20:28:40,False,3.88e-05,1.152e-08,21705.6,0.0025,0xd1...ece0,https://bscscan.com/tx/0xf788d8c2b52680795036bd73cbfcf79325c430209d49afeac35a3171285fefc6
2023-03-21 20:27:58,True,3.919e-05,1.158e-08,7798.62,9.034e-05,0xca...0ef7,https://bscscan.com/tx/0x9a5989124a4d7d19096b2339dc67ad2a4651ce35f164141fb0c35f9922f33429
2023-03-21 20:27:01,True,3.918e-05,1.158e-08,100343.0,0.0116,0xd3...1374,https://bscscan.com/tx/0x4b6dcbaa3cfe207cb3acf9256f81a9ef5f839293741078212e0ddc947d1c7695
2023-03-21 20:26:37,True,3.899e-05,1.158e-08,1430953.0,0.1657,0xef...61a4,https://bscscan.com/tx/0x1b73b109df90e23b244304c836445fe96049399ecbd93c54e697102516982cec
2023-03-21 20:26:37,False,3.879e-05,1.152e-08,4985000.0,0.5746,0x8a...f9a5,https://bscscan.com/tx/0x3d3992e5713e5757d677872398974c9fd17e89ce2b04d8646dceb593756cbe3a
2023-03-21 20:26:37,False,3.88e-05,1.152e-08,14958.7,0.0017,0x8a...f9a5,https://bscscan.com/tx/0x3d3992e5713e5757d677872398974c9fd17e89ce2b04d8646dceb593756cbe3a
2023-03-21 20:24:46,True,3.899e-05,1.158e-08,4747.57,5.5e-05,0x6a...7727,https://bscscan.com/tx/0x4c1955a109630efe6de64924b0f92a8486bc8439999783354f009ad719fac182
2023-03-21 20:24:13,True,3.899e-05,1.158e-08,6544.03,7.581e-05,0x37...a462,https://bscscan.com/tx/0xd8f977bfc60a64d6ccba38a479648062d4ee9023694ff0fde9f0ec86877c94b5
2023-03-21 20:21:58,True,3.9e-05,1.158e-08,1275639.0,0.1477,0xcd...7e53,https://bscscan.com/tx/0xc066123df0d1bfe2c072c0082b7600003b57156d726106b4fb52cf98b65343cd
2023-03-21 20:21:19,True,3.919e-05,1.158e-08,20021.3,0.0023,0x6b...be45,https://bscscan.com/tx/0xafd8d983745a06816fd43671914cb16ab5d1891e72a02bd966e23da6e1f3c4a2
2023-03-21 20:20:40,True,3.899e-05,1.158e-08,142806.0,0.0165,0x6b...be45,https://bscscan.com/tx/0x43ab59328ad6063728bfa4eb5956f4742cb694b40795c6b2bb08d89c986dbe85
2023-03-21 20:19:04,True,3.918e-05,1.158e-08,3016378.0,0.3494,0xfa...ce4c,https://bscscan.com/tx/0x9003838178731f1f4b5fec7df6789bf7f81593070fa2f09b972e47120de6d5c2
2023-03-21 20:18:46,True,3.898e-05,1.158e-08,29023.8,0.0033,0x20...b71d,https://bscscan.com/tx/0xd8e70592562b4176d5dac4162c630712e79483af5d39aac12dc76bd13cac29f3
2023-03-21 20:18:31,False,3.898e-05,1.152e-08,103190.0,0.0118,0x8a...f9a5,https://bscscan.com/tx/0xe3af5c55a206f27fc7b030228faabe6ea927dfd1c6f4784b6ea696aba7d4cae5
2023-03-21 20:18:31,False,3.898e-05,1.152e-08,6179.15,7.122e-05,0x8a...f9a5,https://bscscan.com/tx/0xe3af5c55a206f27fc7b030228faabe6ea927dfd1c6f4784b6ea696aba7d4cae5
2023-03-21 20:17:40,True,3.896e-05,1.158e-08,254957.0,0.0295,0xa9...10d8,https://bscscan.com/tx/0x4cb45b4add5d8bfcb074ef96f3b14646eb078bf3ac289e48a5d26bf385c2f729
2023-03-21 20:17:16,True,3.896e-05,1.158e-08,638404.0,0.0739,0x26...a4eb,https://bscscan.com/tx/0x755bcd970128da8fa4094a1707ae2045c37cf2f0a446c1ddd26b53aa327363a5
2023-03-21 20:16:13,True,3.896e-05,1.158e-08,762457.0,0.0883,0xbb...a63c,https://bscscan.com/tx/0x6b2de63da0b5f11c979e434f0eebb2104abeb7a3a0cb2a4c7cf9c7a471d8ecc0
2023-03-21 20:15:43,False,3.896e-05,1.152e-08,131776.0,0.0151,0xd3...1374,https://bscscan.com/tx/0x4a2cb6b49cd7b907437651e0477297a77e8ab4cc5d8427f61fc3e8569eae5cc2
2023-03-21 20:15:43,False,3.897e-05,1.152e-08,15537.0,0.0017,0xd3...1374,https://bscscan.com/tx/0x4a2cb6b49cd7b907437651e0477297a77e8ab4cc5d8427f61fc3e8569eae5cc2
2023-03-21 20:15:13,True,3.896e-05,1.158e-08,286437.0,0.0331,0x9c...39be,https://bscscan.com/tx/0x8bafb5da0ccd81c57ea5d75158615e405bc231917ba85143c2bcda3b306d6961
2023-03-21 20:14:49,True,3.916e-05,1.158e-08,101696.0,0.0117,0xc9...6204,https://bscscan.com/tx/0xccf29f6e4dd47bccc5e553e06a38327d9e472a7bd464759ac97f035ba2bac5a6
2023-03-21 20:14:40,True,3.916e-05,1.158e-08,540809.0,0.0626,0x89...3bda,https://bscscan.com/tx/0xed47070be95b5fff436f8869ab3eb9c83a188736135bfbea630616504f27e970
2023-03-21 20:14:34,False,3.897e-05,1.152e-08,4811019.0,0.5545,0xc6...693c,https://bscscan.com/tx/0xb02f51b462837fcfec80b06673d3fbd32f158a201a8d84f9bf016625ab7d2082
2023-03-21 20:14:34,False,3.897e-05,1.152e-08,32516.2,0.0037,0xc6...693c,https://bscscan.com/tx/0xb02f51b462837fcfec80b06673d3fbd32f158a201a8d84f9bf016625ab7d2082
2023-03-21 20:14:19,True,3.916e-05,1.158e-08,132570.0,0.0153,0xd3...1374,https://bscscan.com/tx/0xd74f29ceee0298a39f8195a6b3df2c352d4d75dc8c6a3aaba3db4b68ac8469a9
2023-03-21 20:13:31,True,3.916e-05,1.158e-08,3068.8,3.555e-05,0xc7...77dc,https://bscscan.com/tx/0x6449ec9e1d4d66f0487165cdc18f405b6c1604345595c961d2e073306786c8af
2023-03-21 20:12:58,True,3.896e-05,1.158e-08,4647.99,5.384e-05,0x6c...ca3b,https://bscscan.com/tx/0x479f3e8746f53ab4b7e3df284bb36954d6b76707591d9bdc6cdb5b8d7176dfa4
2023-03-21 20:12:49,True,3.896e-05,1.158e-08,8279.44,9.591e-05,0x1c...4913,https://bscscan.com/tx/0x7aa0e7939504787e3f7d0fca54a70cb29f826871652e3412ae0a308f8cfd1d79
2023-03-21 20:10:37,True,3.917e-05,1.158e-08,11843412.0,1.37249,0x6a...0faa,https://bscscan.com/tx/0x2ddc58c2ef38e45d1dd06f195e7caf904c525afea023fe0f1e4cd1e841c8f429
2023-03-21 20:08:34,True,3.89e-05,1.158e-08,12677.8,0.0014,0xec...6d29,https://bscscan.com/tx/0x73997f7d68e98585fee765f2721968737b751a030804fe401dfe605533fcc511
2023-03-21 20:08:28,False,3.871e-05,1.152e-08,38251.7,0.0044,0xa1...2175,https://bscscan.com/tx/0xd9333f21052396cb9ce113c465e7f4aaf8ea97f6aafb09b04652aabe0cac4740
2023-03-21 20:08:28,False,3.871e-05,1.152e-08,1031.8,1.188e-05,0xa1...2175,https://bscscan.com/tx/0xd9333f21052396cb9ce113c465e7f4aaf8ea97f6aafb09b04652aabe0cac4740
2023-03-21 20:07:34,False,3.888e-05,1.152e-08,381002.0,0.0439,0x58...31da,https://bscscan.com/tx/0xa6be6fcd387014a14587ad3b83415aac47442804b4c2d4f2ec7f273f8b069d30
2023-03-21 20:07:34,False,3.888e-05,1.152e-08,8382.57,9.659e-05,0x58...31da,https://bscscan.com/tx/0xa6be6fcd387014a14587ad3b83415aac47442804b4c2d4f2ec7f273f8b069d30
2023-03-21 20:06:48,True,3.887e-05,1.158e-08,12110.9,0.0014,0x95...d771,https://bscscan.com/tx/0xf567eb9c97b68a72e3444636c508d04410276d3db49937aa2857a1107b9ad3a2
2023-03-21 20:04:32,True,3.906e-05,1.158e-08,25044.1,0.0029,0x48...13c4,https://bscscan.com/tx/0x105c8f38e9a8b21746093cf8186f1fb097942740d741ef1d2d4bf5f63b0c40cf
2023-03-21 20:03:26,True,3.886e-05,1.158e-08,299363.0,0.0346,0x92...f0e7,https://bscscan.com/tx/0xd5dca0150ff2d9e0b073a60df29d9296b1ab1448bd65fe2c369a1279d7b5af3e
2023-03-21 20:03:02,True,3.907e-05,1.158e-08,201185.0,0.0233,0xba...6c94,https://bscscan.com/tx/0xb60b483a0d99643ed7e2ca35800c220331c034c561c12ecebbeba5a337f3a3f6
2023-03-21 20:02:41,False,3.886e-05,1.152e-08,2559252.0,0.2949,0x93...4b4e,https://bscscan.com/tx/0xf527e9e58e98ac874ac4b54333c331103eb96de5f6a5da45a08a66a1449974ca
2023-03-21 20:02:41,False,3.886e-05,1.152e-08,1750.54,2.017e-05,0x93...4b4e,https://bscscan.com/tx/0xf527e9e58e98ac874ac4b54333c331103eb96de5f6a5da45a08a66a1449974ca
2023-03-21 20:01:59,True,3.906e-05,1.158e-08,6498.01,7.525e-05,0x41...d68b,https://bscscan.com/tx/0x7895cc3901480b1ffc852f2bce668af1ffaed9065942fc2990bcf5f0535b80a3
2023-03-21 20:01:44,True,3.906e-05,1.158e-08,10444.8,0.0012,0x4a...3f44,https://bscscan.com/tx/0xab70b2e4d8829c90ff7e85bbcedee04524ac8b7961db9b567706ae0e3b3e1663
2023-03-21 20:01:41,False,3.886e-05,1.152e-08,629509.0,0.0725,0x84...0a39,https://bscscan.com/tx/0xbd76b91dd0dda69339ca043743219202f38819c8a1e222f126c00b01ffa722a7
2023-03-21 20:01:41,False,3.887e-05,1.152e-08,34766.1,0.004,0x84...0a39,https://bscscan.com/tx/0xbd76b91dd0dda69339ca043743219202f38819c8a1e222f126c00b01ffa722a7
2023-03-21 20:00:35,True,3.907e-05,1.158e-08,14324.9,0.0016,0x10...4d14,https://bscscan.com/tx/0xee37d4d69ca4ba87cb2186b245863d20f2a30c602a0012b7a25dd9ae06b3a739
2023-03-21 20:00:32,True,3.907e-05,1.158e-08,110017.0,0.0127,0x2c...07af,https://bscscan.com/tx/0x14c08de26cd2f63b17fb9cfe78a26a07381c566fc09a22412b1c6dc04f121c0a
2023-03-21 20:00:26,True,3.907e-05,1.158e-08,103609.0,0.012,0x92...1874,https://bscscan.com/tx/0x783e3097bfe184060943662d6afb6cc90c3d0658cdefbf69e6a85374054c2b14
2023-03-21 20:00:17,True,3.887e-05,1.158e-08,12287208.0,1.42288,0x58...fe25,https://bscscan.com/tx/0xf5165bba690dd515302fc5cb7af2d15e37d808eb4dcb57ee48dafe761d89cb2a
2023-03-21 20:00:08,True,3.886e-05,1.157e-08,27853.4,0.0032,0x13...4c80,https://bscscan.com/tx/0x776cf0d0ef7089af3906a7bb2568ebdb81122cc466f41ad67c42f3ea11ccda18
2023-03-21 19:57:08,False,3.866e-05,1.152e-08,332333.0,0.0382,0x2f...0419,https://bscscan.com/tx/0x2931d06a7b14abd89cee53a106e1e1202d704c04d96c19b0ac33243a373d4fa3
2023-03-21 19:57:08,False,3.866e-05,1.152e-08,347.307,4.001e-06,0x2f...0419,https://bscscan.com/tx/0x2931d06a7b14abd89cee53a106e1e1202d704c04d96c19b0ac33243a373d4fa3
2023-03-21 19:55:56,False,3.885e-05,1.152e-08,128246.0,0.0147,0xb3...b3ef,https://bscscan.com/tx/0xe4df45e35f94928906f0893770f40dd94115a51d6f8a52151f8c688c7fd2deef
2023-03-21 19:55:56,False,3.885e-05,1.152e-08,1111.17,1.28e-05,0xb3...b3ef,https://bscscan.com/tx/0xe4df45e35f94928906f0893770f40dd94115a51d6f8a52151f8c688c7fd2deef
2023-03-21 19:53:47,True,3.885e-05,1.157e-08,269476.0,0.0312,0xab...24e9,https://bscscan.com/tx/0x32380bd49f15bf68ec47a3de6ad6c9b4a592f5ee036885e70c4be503bba296a0
2023-03-21 19:53:26,True,3.885e-05,1.157e-08,8636.73,0.001,0xaf...16cf,https://bscscan.com/tx/0x6a30fcc6dc26feb0faa0c4533df3c9c245f3052751aa833602547ba60b0288ac
2023-03-21 19:53:05,False,3.885e-05,1.152e-08,133032.0,0.0153,0xfb...4a4f,https://bscscan.com/tx/0xe1e9103c2ced245d2794063b96631402f9de6375b0aa1a14cd6496a32f222261
2023-03-21 19:53:05,False,3.885e-05,1.152e-08,8078.79,9.307e-05,0xfb...4a4f,https://bscscan.com/tx/0xe1e9103c2ced245d2794063b96631402f9de6375b0aa1a14cd6496a32f222261
2023-03-21 19:52:23,True,3.904e-05,1.157e-08,29000.0,0.0033,0x32...c9ff,https://bscscan.com/tx/0x1d7c4955242d51514f11cbe90fc387dbf8edea939c44899ad5f1d2c247715cb6
2023-03-21 19:51:56,True,3.885e-05,1.157e-08,3407.0,3.944e-05,0x74...784c,https://bscscan.com/tx/0x88f1e6947e94e6814de25d4766bae40d8a26a4501a3d62a31b02cb7669c454bd
2023-03-21 19:51:29,True,3.885e-05,1.157e-08,2700860.0,0.3127,0x20...b893,https://bscscan.com/tx/0xdbe5b1c4453ea77641862233a9673841d04b34f44edfca91c8ae41cc244442b0
2023-03-21 19:49:32,False,3.883e-05,1.151e-08,258100.0,0.0297,0xe6...cf70,https://bscscan.com/tx/0xe098082d482dab80dbf5c45e86ae008d1324c2d0f5b5d9db799d817b6b761265
2023-03-21 19:49:32,False,3.883e-05,1.151e-08,56210.2,0.0064,0xe6...cf70,https://bscscan.com/tx/0xe098082d482dab80dbf5c45e86ae008d1324c2d0f5b5d9db799d817b6b761265
2023-03-21 19:49:05,True,3.903e-05,1.157e-08,371587.0,0.043,0x35...3a2b,https://bscscan.com/tx/0x483af525b85fbdb3f4a893bc01f36482ea9cc9fc75d3e9f253690ff340f2d973
2023-03-21 19:48:08,True,3.883e-05,1.157e-08,350207.0,0.0405,0xa9...926a,https://bscscan.com/tx/0x2f529fc80c72e080374348a9a2dcaee6c2788c7ff03fea48949fb1ca722abd2c
2023-03-21 19:46:47,False,3.865e-05,1.152e-08,20036491.0,2.30874,0x5c...2229,https://bscscan.com/tx/0x36168efc894058ed37924142fc6e8564b2b3ed313b6e29c0d19feb6a627d8198
2023-03-21 19:46:47,False,3.866e-05,1.152e-08,26773.4,0.003,0x5c...2229,https://bscscan.com/tx/0x36168efc894058ed37924142fc6e8564b2b3ed313b6e29c0d19feb6a627d8198
2023-03-21 19:46:08,True,3.886e-05,1.158e-08,7770332.0,0.8999,0xfa...ce4c,https://bscscan.com/tx/0x506be190c7d383bc607f6b0a8f20031510df861b6fe52b333017617cb3d81dd8
2023-03-21 19:44:44,False,3.867e-05,1.152e-08,2139310.0,0.2465,0xe3...27a2,https://bscscan.com/tx/0x59d90cd6f78ca4639c73827594d958a550b8063f3c8940cf29de9f35fd363bd3
2023-03-21 19:44:44,False,3.867e-05,1.152e-08,4693.25,5.408e-05,0xe3...27a2,https://bscscan.com/tx/0x59d90cd6f78ca4639c73827594d958a550b8063f3c8940cf29de9f35fd363bd3
2023-03-21 19:44:14,True,3.906e-05,1.158e-08,439776.0,0.0509,0x8c...59a7,https://bscscan.com/tx/0xb0767afe68dc00bc75416f9c0d18e4f94881b888a6b42cc66b9174dcf7656c33
2023-03-21 19:44:05,False,3.886e-05,1.152e-08,1294569.0,0.1491,0x25...fef7,https://bscscan.com/tx/0xbbb9ed5999a5c2da07e4f4b2a633a5aa137874d995988361190551fca16f8935
2023-03-21 19:44:05,False,3.886e-05,1.152e-08,66229.0,0.0076,0x25...fef7,https://bscscan.com/tx/0xbbb9ed5999a5c2da07e4f4b2a633a5aa137874d995988361190551fca16f8935
2023-03-21 19:42:23,True,3.906e-05,1.157e-08,17099129.0,1.98,0x05...29cd,https://bscscan.com/tx/0x3baafcc6236fe4976eda2f45c5a8110679760b3f47c77001d00d4f2184d13720
2023-03-21 19:41:05,True,3.905e-05,1.157e-08,49354.4,0.0057,0x89...0000,https://bscscan.com/tx/0x4ba621c5b1a1472a176525340a23a95ff6b06467d6909b67924452bf692a9d87
2023-03-21 19:39:50,True,3.886e-05,1.157e-08,561460.0,0.065,0x8a...f9a5,https://bscscan.com/tx/0x5822b156e1dac0c2d1d60e4371e55da5b94574bc86bbfa1161f0df62be4a7c65
2023-03-21 19:38:47,True,3.906e-05,1.157e-08,116100.0,0.0134,0x8a...f9a5,https://bscscan.com/tx/0xe01de3d6649117a5147e5e44666d4181293054a1c36393b39c6bc6653363c7df
2023-03-21 19:37:17,True,3.904e-05,1.157e-08,396478.0,0.0459,0x8a...f9a5,https://bscscan.com/tx/0xb76625684c7cea81a1c665475526ea8c89405a56ec04f2283228b4bd8afe53c3
2023-03-21 19:36:08,True,3.884e-05,1.157e-08,658332.0,0.0762,0xa9...926a,https://bscscan.com/tx/0xc71b779defa9bb6a11683b3c6ccfc32031b03e742004243b7b2dcc82ebb17e3a
2023-03-21 19:35:38,False,3.865e-05,1.151e-08,2991002.0,0.3445,0x4e...abb7,https://bscscan.com/tx/0x66243e50cce7cb8de87acef7933f121f9aa1e92e188d984369060432a0bf5493
2023-03-21 19:35:38,False,3.865e-05,1.151e-08,49560.7,0.0057,0x4e...abb7,https://bscscan.com/tx/0x66243e50cce7cb8de87acef7933f121f9aa1e92e188d984369060432a0bf5493
2023-03-21 19:34:02,True,3.881e-05,1.157e-08,4513828.0,0.5225,0xea...e9b0,https://bscscan.com/tx/0x04aeeb730e10a6cd621868bff33e7cf68116b49763e2d9abc0d5df735e59dd27
2023-03-21 19:33:50,False,3.862e-05,1.152e-08,13800455.0,1.58985,0x8e...6246,https://bscscan.com/tx/0xf766b3d5b229dce22a75a5b6ce17018c185c256d04362fa3b16e2d877ca7f531
2023-03-21 19:33:50,False,3.862e-05,1.152e-08,118263.0,0.0136,0x8e...6246,https://bscscan.com/tx/0xf766b3d5b229dce22a75a5b6ce17018c185c256d04362fa3b16e2d877ca7f531
2023-03-21 19:31:47,True,3.881e-05,1.157e-08,25698988.0,2.97502,0xc1...f4fe,https://bscscan.com/tx/0x4d162f23db0e2969aa07133932b27358f36bfde599ad65e549757db3d7667cda
2023-03-21 19:31:14,True,3.899e-05,1.157e-08,6795615.0,0.7863,0xea...e9b0,https://bscscan.com/tx/0x55fd54bcce5ce46f6b848c353a235d25105bda622ab6d86b1cda78267189f191
2023-03-21 19:31:02,False,3.88e-05,1.151e-08,11272515.0,1.29798,0x33...d487,https://bscscan.com/tx/0x7fee25009afc10407c03eefe862bc4a5367e7765d3d43519e97773c19a4eaccc
2023-03-21 19:31:02,False,3.88e-05,1.151e-08,167641.0,0.0193,0x33...d487,https://bscscan.com/tx/0x7fee25009afc10407c03eefe862bc4a5367e7765d3d43519e97773c19a4eaccc
2023-03-21 19:30:53,True,3.9e-05,1.157e-08,321000.0,0.0371,0xa0...0536,https://bscscan.com/tx/0x843dfe6625ef29ad05b3294239a74b5791d103cbb9419e6895014142c97bf44c
2023-03-21 19:30:53,True,3.9e-05,1.157e-08,336966.0,0.039,0x08...6d99,https://bscscan.com/tx/0x8af9ba29e1c8699618d15c10e99e5cd487ce224e4c62a326c4313da96c56aa5e
2023-03-21 19:27:53,True,3.898e-05,1.157e-08,25778456.0,2.98259,0x7c...6cb0,https://bscscan.com/tx/0xfeef35061798f5114742ae83741363fc8dfbdb142595f06962864082716ea6ef
2023-03-21 19:27:02,True,3.877e-05,1.156e-08,1386878.0,0.1604,0x41...864f,https://bscscan.com/tx/0x9393771c0fc0273933783668baa50428ebba76455e65b6368502cb2d055bd9b6
2023-03-21 19:26:11,True,3.876e-05,1.156e-08,25788302.0,2.9817,0xc1...f4fe,https://bscscan.com/tx/0x75734681a18af8dcca5479ec32a8aee5b7b958efc609b13c70f0d5e6f6f2f2ec
2023-03-21 19:22:48,False,3.878e-05,1.15e-08,3988000.0,0.4586,0x4b...b912,https://bscscan.com/tx/0x5192b507673870030bd08e57ce340163aca46eb4a133167477ea4b23d21fac7a
2023-03-21 19:22:48,False,3.879e-05,1.15e-08,34514.1,0.0039,0x4b...b912,https://bscscan.com/tx/0x5192b507673870030bd08e57ce340163aca46eb4a133167477ea4b23d21fac7a
2023-03-21 19:21:57,True,3.898e-05,1.155e-08,60555.6,0.007,0x75...d0a1,https://bscscan.com/tx/0xcae178982f71e467765e58473f0b261b25616f7aef4298f3ff529113ab21fd9a
2023-03-21 19:21:06,True,3.878e-05,1.155e-08,102961.0,0.0119,0x15...4042,https://bscscan.com/tx/0xf4a21d2e5f2008a76fcc3fca1b4a360bd7616dc5d3f65ba5d297b5f260c3d4ab
2023-03-21 19:21:06,True,3.878e-05,1.155e-08,542146.0,0.0626,0xdc...9ed2,https://bscscan.com/tx/0x0a6180a296bab8456e1161f81e74a96f186029d5aa5b67cde6727edd36b51492
2023-03-21 19:21:03,True,3.878e-05,1.155e-08,2200000.0,0.2543,0xa3...a890,https://bscscan.com/tx/0x87ac792b11deef1a2fb033d76f46eda624ba9c1b1dd09773eb1435b1932d35b8
2023-03-21 19:20:06,False,3.878e-05,1.15e-08,9847701.0,1.13273,0x50...d0d7,https://bscscan.com/tx/0x74a57d6c51c568b2a82dcf11904b31ad00a992162cad959a43b256a0f43771e8
2023-03-21 19:20:06,False,3.879e-05,1.15e-08,3349.42,3.853e-05,0x50...d0d7,https://bscscan.com/tx/0x74a57d6c51c568b2a82dcf11904b31ad00a992162cad959a43b256a0f43771e8
2023-03-21 19:20:03,True,3.898e-05,1.156e-08,490525.0,0.0567,0x56...2893,https://bscscan.com/tx/0x3f6dff59d7b39b7f53aee5c0a297f690e25cfa50d403a14f7e8512a6b234136e
2023-03-21 19:18:18,False,3.877e-05,1.15e-08,747750.0,0.086,0x0e...18de,https://bscscan.com/tx/0xdd8624185989bb862134456ba9e3c70419751491bef2eda49f6c19af7a4ad62b
2023-03-21 19:18:18,False,3.877e-05,1.15e-08,10806.3,0.0012,0x0e...18de,https://bscscan.com/tx/0xdd8624185989bb862134456ba9e3c70419751491bef2eda49f6c19af7a4ad62b
2023-03-21 19:16:57,True,3.877e-05,1.156e-08,2940848.0,0.34,0xaf...0811,https://bscscan.com/tx/0x1181633256fd719f3ace3d701d0f44aa6ae1783a38f419faf75f1c57701637b1
2023-03-21 19:16:57,True,3.876e-05,1.156e-08,34516.1,0.0039,0x75...d0a1,https://bscscan.com/tx/0xb2cf9f7354ac3b76f32cf42a28a3740a2dceb4a0f5c1237a5e30217076a9f6f0
2023-03-21 19:16:45,True,3.876e-05,1.156e-08,274572.0,0.0317,0x97...891d,https://bscscan.com/tx/0xd7851a16bd6283a34f6250d9a5eed54cbe2b55650d8ac52532bcb6e47223e642
2023-03-21 19:14:17,True,3.876e-05,1.156e-08,329655.0,0.0381,0x24...5517,https://bscscan.com/tx/0x78d2ce6944ef415f7a701fa352f31f5f490f1b4f359fcd154eb28cb794f85664
2023-03-21 19:14:08,False,3.857e-05,1.15e-08,421464.0,0.0484,0x09...f8d7,https://bscscan.com/tx/0x7bf03034d4d5d4ee834c588287abeb74d76cfa3b65b562a9c8165844e1615e36
2023-03-21 19:14:08,False,3.857e-05,1.15e-08,48662.0,0.0056,0x09...f8d7,https://bscscan.com/tx/0x7bf03034d4d5d4ee834c588287abeb74d76cfa3b65b562a9c8165844e1615e36
2023-03-21 19:12:11,True,3.897e-05,1.156e-08,26269.7,0.003,0x6a...a854,https://bscscan.com/tx/0x4aa5409616fa196f9a04cf81e72f70d0cc88d09a2299c7ed1f3c027af743335a
2023-03-21 19:10:29,True,3.878e-05,1.156e-08,5126500.0,0.5926,0x0b...6aaa,https://bscscan.com/tx/0x1a30537dbd411999f8126834f5cc022de52bc7832d586ff0233c767e255233a1
2023-03-21 19:10:11,True,3.878e-05,1.155e-08,179589.0,0.0207,0x26...8eac,https://bscscan.com/tx/0x8a346c25e02fcf574fb975a88beea5f4201acbdba0f2f8ba3e9ece5ace14d259
2023-03-21 19:09:32,True,3.896e-05,1.155e-08,9732541.0,1.12487,0x41...864f,https://bscscan.com/tx/0xe49681771b5c1a6062c2b8bdec5d082fb5ec86545ac3dec17aef8d56dcecac39
2023-03-21 19:08:17,True,3.897e-05,1.155e-08,609616.0,0.0704,0x89...7c30,https://bscscan.com/tx/0xa6ffdea88e7881e1aac7e5226fd97c7fa7858bba6fb99edeba37a675570489d2
2023-03-21 19:06:23,True,3.898e-05,1.155e-08,576292.0,0.0666,0x30...cd05,https://bscscan.com/tx/0x2fcb4b229ea03ee7f765cb2f8ca2d98c415409380e2811c7e2e2c29669ec2740
2023-03-21 19:05:32,True,3.898e-05,1.155e-08,259604.0,0.03,0x05...cc45,https://bscscan.com/tx/0x2d02d747bdf31e0ad20f65c44ef3d02dd08b4216023a859cc226e00e9393d9ca
2023-03-21 19:04:26,True,3.899e-05,1.155e-08,1298045.0,0.15,0x77...d697,https://bscscan.com/tx/0x780da79fb076dd42ff6df239983c6fb16efcb28fa38a9967dbcb633af287f413
2023-03-21 19:03:17,False,3.858e-05,1.149e-08,213869.0,0.0245,0x2e...b789,https://bscscan.com/tx/0x1fa0de4cc54d3a1fef27b86516efff1176647ac1f78cddaaf31f5c33ed9f8f8a
2023-03-21 19:03:17,False,3.858e-05,1.149e-08,7944.25,9.134e-05,0x2e...b789,https://bscscan.com/tx/0x1fa0de4cc54d3a1fef27b86516efff1176647ac1f78cddaaf31f5c33ed9f8f8a
2023-03-21 19:02:59,False,3.858e-05,1.149e-08,2933487.0,0.3373,0xe1...f9a8,https://bscscan.com/tx/0xd4d412317449fc2b84522812b11b6f6e1660f6fd278dc569a695d3406dd8c293
2023-03-21 19:02:59,False,3.858e-05,1.149e-08,970.073,1.115e-05,0xe1...f9a8,https://bscscan.com/tx/0xd4d412317449fc2b84522812b11b6f6e1660f6fd278dc569a695d3406dd8c293
2023-03-21 19:02:08,False,3.876e-05,1.149e-08,358208.0,0.0411,0xf1...384d,https://bscscan.com/tx/0x73042d2c2f34c7da77d8f1af8493a7e8a0d9da891ced4a11ab7665df9f3a2a14
2023-03-21 19:02:08,False,3.876e-05,1.149e-08,36353.9,0.0041,0xf1...384d,https://bscscan.com/tx/0x73042d2c2f34c7da77d8f1af8493a7e8a0d9da891ced4a11ab7665df9f3a2a14
2023-03-21 19:02:05,True,3.896e-05,1.155e-08,187448.0,0.0216,0x58...5168,https://bscscan.com/tx/0x6d26ba5ff2a85f34d0a8257607e4655992853f43f1b6b4974473448d23c7bf08
2023-03-21 19:01:47,True,3.895e-05,1.155e-08,8605222.0,0.9943,0x1c...ee15,https://bscscan.com/tx/0xc233e9be308ab84e3bc35e03728be0e03fd5da2abf2ce82e70305144b7e0c896
2023-03-21 19:01:35,True,3.894e-05,1.155e-08,1595383.0,0.1843,0x1c...ee15,https://bscscan.com/tx/0x3e27ed9ce84c7b035999b36282ad8f32f67721bb958e89806614694a00618eb7
2023-03-21 19:01:11,False,3.875e-05,1.149e-08,3067119.0,0.3526,0xa9...41f5,https://bscscan.com/tx/0x869ca0a474b67188a5e3da9453bac9dee5c0f8fcb34d0a45d5d870f8dedb6299
2023-03-21 19:01:11,False,3.875e-05,1.149e-08,215648.0,0.0247,0xa9...41f5,https://bscscan.com/tx/0x869ca0a474b67188a5e3da9453bac9dee5c0f8fcb34d0a45d5d870f8dedb6299
2023-03-21 19:00:53,False,3.88e-05,1.15e-08,79630073.0,9.16414,0x5f...83d8,https://bscscan.com/tx/0x4f4dae0b802466e13c77ae8eb3f3c312dac0542cec484c131d7ec73ea9020944
2023-03-21 19:00:53,False,3.884e-05,1.151e-08,7209.17,8.304e-05,0x5f...83d8,https://bscscan.com/tx/0x4f4dae0b802466e13c77ae8eb3f3c312dac0542cec484c131d7ec73ea9020944
2023-03-21 18:59:29,False,3.864e-05,1.152e-08,2662051.0,0.3066,0x57...8274,https://bscscan.com/tx/0x0db9f3f4a1afc47f30cfb7eff5c1666b822e0d68b340701e7dd2f9d1203b5c50
2023-03-21 18:59:29,False,3.864e-05,1.152e-08,9653.64,0.0011,0x57...8274,https://bscscan.com/tx/0x0db9f3f4a1afc47f30cfb7eff5c1666b822e0d68b340701e7dd2f9d1203b5c50
2023-03-21 18:58:59,False,3.883e-05,1.152e-08,3564694.0,0.4106,0x4b...60e4,https://bscscan.com/tx/0xe01b439ff71746cbc7c26ee496adefdbc36f21249a6cd540d7a7cc953e0e8733
2023-03-21 18:58:59,False,3.884e-05,1.152e-08,409.605,4.719e-06,0x4b...60e4,https://bscscan.com/tx/0xe01b439ff71746cbc7c26ee496adefdbc36f21249a6cd540d7a7cc953e0e8733
2023-03-21 18:58:17,False,3.864e-05,1.152e-08,151251.0,0.0174,0x9e...6f5c,https://bscscan.com/tx/0xc26a29bb381222accec8d2452646ce46327e381ba65bfc4f1d5293776e2b4758
2023-03-21 18:58:17,False,3.864e-05,1.152e-08,3620.53,4.171e-05,0x9e...6f5c,https://bscscan.com/tx/0xc26a29bb381222accec8d2452646ce46327e381ba65bfc4f1d5293776e2b4758
2023-03-21 18:57:47,True,3.884e-05,1.157e-08,1105416.0,0.128,0x37...ca9a,https://bscscan.com/tx/0x189a23eff65c93b017cc26600bb2f184ea8139cfbf189ff11b1efee619be7544
2023-03-21 18:56:47,False,3.864e-05,1.152e-08,234813.0,0.027,0xf8...4823,https://bscscan.com/tx/0xb982265478610cd542201cf5ddb349fa07fb2526895de1b1366981a3fa154ac4
2023-03-21 18:56:47,False,3.864e-05,1.152e-08,566.73,6.529e-06,0xf8...4823,https://bscscan.com/tx/0xb982265478610cd542201cf5ddb349fa07fb2526895de1b1366981a3fa154ac4
2023-03-21 18:56:23,False,3.864e-05,1.152e-08,209270.0,0.0241,0x8a...f9a5,https://bscscan.com/tx/0x73741638dcd2d2620f0db7c521aac3e155fb312570df3ff59ff4f172e63527a2
2023-03-21 18:56:23,False,3.864e-05,1.152e-08,47387.0,0.0054,0x8a...f9a5,https://bscscan.com/tx/0x73741638dcd2d2620f0db7c521aac3e155fb312570df3ff59ff4f172e63527a2
2023-03-21 18:54:31,True,3.902e-05,1.157e-08,50949.1,0.0059,0x4d...ba6e,https://bscscan.com/tx/0xc78b59a22546675efc278099bf0c96b0d954da31ecb77089900f2489f8b2896d
2023-03-21 18:53:52,True,3.882e-05,1.157e-08,127043.0,0.0147,0xad...3efc,https://bscscan.com/tx/0x6969d4d2013f31af0e622045f9dd6aa28f1fa1f5e560642c9cc36692cba92127
2023-03-21 18:49:58,True,3.914e-05,1.157e-08,43180.6,0.005,0x13...ed1b,https://bscscan.com/tx/0xa064c28f6464da9671ee95f8812cd9c94136e551484da162bf9eb41fe51a3816
2023-03-21 18:49:31,True,3.893e-05,1.157e-08,15548059.0,1.8,0xeb...6fb6,https://bscscan.com/tx/0xf94d1a811fb20e16b9772af6ba8a2c564d444d534e2169e944868df7be33b6d1
2023-03-21 18:48:37,True,3.893e-05,1.157e-08,190356.0,0.022,0x5b...2f2c,https://bscscan.com/tx/0xd424e9ad2e8bb90ab2924ec2f3fdc849471857236b020922be6d7c8baabab6d2
2023-03-21 18:46:52,True,3.894e-05,1.157e-08,86395.4,0.01,0x74...1396,https://bscscan.com/tx/0x87f772dfd01478dcd20e51cd949faec1f0e151f2e1b1fd97c16c37be0bd3c527
2023-03-21 18:46:49,True,3.894e-05,1.157e-08,863965.0,0.1,0x6f...efee,https://bscscan.com/tx/0x6de5b977a64b666b71f7b76f6e26a6f9505131647fe86bd734299d0430835930
2023-03-21 18:46:07,False,3.893e-05,1.151e-08,638855.0,0.0735,0x2d...f4d0,https://bscscan.com/tx/0x0179cf99e8e58ddd8471c1fe457c32492d69f68e6e37d25983d5b555cef8a9f8
2023-03-21 18:46:07,False,3.893e-05,1.151e-08,5777.59,6.653e-05,0x2d...f4d0,https://bscscan.com/tx/0x0179cf99e8e58ddd8471c1fe457c32492d69f68e6e37d25983d5b555cef8a9f8
2023-03-21 18:45:43,False,3.875e-05,1.151e-08,2133428.0,0.2457,0xac...9896,https://bscscan.com/tx/0x547ff3fab1312b0218ad9339967cacf06ed065337ab30611394a0d90cc5c9a5e
2023-03-21 18:45:43,False,3.875e-05,1.151e-08,4567.89,5.261e-05,0xac...9896,https://bscscan.com/tx/0x547ff3fab1312b0218ad9339967cacf06ed065337ab30611394a0d90cc5c9a5e
2023-03-21 18:45:31,True,3.895e-05,1.157e-08,755384.0,0.0874,0xb0...1630,https://bscscan.com/tx/0x20bd50c553d33a4329350c663d4002dd8eb11259ca2ac2b2c21cc8ab874e25d6
2023-03-21 18:43:49,False,3.895e-05,1.151e-08,134893.0,0.0155,0x81...9b30,https://bscscan.com/tx/0x14ce7cec8131515006bd59fd031088d0300cff34e8b6b2db8c2a384d33bc0242
2023-03-21 18:43:49,False,3.895e-05,1.151e-08,33291.1,0.0038,0x81...9b30,https://bscscan.com/tx/0x14ce7cec8131515006bd59fd031088d0300cff34e8b6b2db8c2a384d33bc0242
2023-03-21 18:43:34,True,3.914e-05,1.157e-08,3110975.0,0.36,0x5a...b3ce,https://bscscan.com/tx/0xda3a7583c5ac6326d7b64fce55e57573174baef67bdeeb34e3d143fb73cbad2a
2023-03-21 18:42:49,True,3.893e-05,1.157e-08,10367.9,0.0012,0x7a...2cc4,https://bscscan.com/tx/0xc4d495fb9299ac94eb8de5d80c876bc30c2288661feed30d834f1e687223186f
2023-03-21 18:42:49,False,3.874e-05,1.151e-08,9181077.0,1.05745,0x91...ec60,https://bscscan.com/tx/0xde2040ac6e6e28c29288f357309ebb42c29c4ba5bc04e1334045ca6014575bdb
2023-03-21 18:42:49,False,3.875e-05,1.151e-08,163244.0,0.0188,0x91...ec60,https://bscscan.com/tx/0xde2040ac6e6e28c29288f357309ebb42c29c4ba5bc04e1334045ca6014575bdb
2023-03-21 18:42:40,True,3.894e-05,1.157e-08,7312220.0,0.8464,0xee...60af,https://bscscan.com/tx/0x8be95ec84cc0f196481c623e76de876aec30cfdcd88a7c20aec72e819967cb66
2023-03-21 18:41:58,True,3.893e-05,1.157e-08,23600596.0,2.7309,0x1c...b1ad,https://bscscan.com/tx/0x4e42a39c0aa57332069bacdec79f875f028fc7d6024d83d8ff440e49a686847f
2023-03-21 18:41:31,True,3.911e-05,1.156e-08,50000.0,0.0057,0xbb...8059,https://bscscan.com/tx/0x8593fd81c74e511b5ec62125c3a95db80d3769bad87b4ca3e897d8cbc2833a7b
2023-03-21 18:39:40,False,3.873e-05,1.151e-08,25810473.0,2.97177,0xc0...1f4f,https://bscscan.com/tx/0x7eadf0abc8c6603854ee4a46347725478b4fa8eb41ced843f495dac6f02d6b48
2023-03-21 18:39:40,False,3.874e-05,1.151e-08,45016.7,0.0051,0xc0...1f4f,https://bscscan.com/tx/0x7eadf0abc8c6603854ee4a46347725478b4fa8eb41ced843f495dac6f02d6b48
2023-03-21 18:39:28,False,3.875e-05,1.151e-08,16622824.0,1.91494,0x05...7066,https://bscscan.com/tx/0xa217ce73f75a689deed11795c0916ba07f8c55cf0bd68048bc2b9e6a7bf0c9a8
2023-03-21 18:39:28,False,3.876e-05,1.152e-08,10333.4,0.0011,0x05...7066,https://bscscan.com/tx/0xa217ce73f75a689deed11795c0916ba07f8c55cf0bd68048bc2b9e6a7bf0c9a8
2023-03-21 18:39:25,True,3.895e-05,1.157e-08,1468588.0,0.17,0xea...b46a,https://bscscan.com/tx/0x68e1f7f368d8eb07e22583cbf4a3b58efcae8b78a0f9c760fecdcc65761877b8
2023-03-21 18:37:49,True,3.917e-05,1.157e-08,510548.0,0.0591,0x8e...cce4,https://bscscan.com/tx/0x241e45bbe4644aa359346c9a34617e7a17ada4f0da81665c8ced8a9b237f4f4a
2023-03-21 18:35:48,True,3.895e-05,1.157e-08,687707.0,0.0796,0xba...17b7,https://bscscan.com/tx/0x182ca00740a9e21e987841862728b678db26c0bbe433e69e26d7283fc3afb4fb
2023-03-21 18:35:00,False,3.878e-05,1.152e-08,169455.0,0.0195,0x6a...1d33,https://bscscan.com/tx/0x3ca1cb040b0f60e1122cf64e7e5320e9b12ea13003fb3d1d763e58e0efb739a9
2023-03-21 18:35:00,False,3.878e-05,1.152e-08,1485.05,1.711e-05,0x6a...1d33,https://bscscan.com/tx/0x3ca1cb040b0f60e1122cf64e7e5320e9b12ea13003fb3d1d763e58e0efb739a9
2023-03-21 18:34:36,True,3.917e-05,1.157e-08,36271.2,0.0042,0x38...7418,https://bscscan.com/tx/0x43f73d93611c9f0652bbb42511df9b7a21e9ce885ec756159bacdb93965848b5
2023-03-21 18:34:18,False,3.878e-05,1.152e-08,512205.0,0.059,0x27...5f7f,https://bscscan.com/tx/0x19f2e2deefa7cab678df06f75b02757307785747644d24b5658483c70a70b353
2023-03-21 18:34:18,False,3.878e-05,1.152e-08,90245.4,0.0104,0x27...5f7f,https://bscscan.com/tx/0x19f2e2deefa7cab678df06f75b02757307785747644d24b5658483c70a70b353
2023-03-21 18:33:36,True,3.894e-05,1.157e-08,24924215.0,2.88522,0x3b...e915,https://bscscan.com/tx/0xe98f2852b98d135238d12b9bd152b0333b68601e5d5716b7451edf59e24651ec
2023-03-21 18:32:36,False,3.893e-05,1.151e-08,8474500.0,0.9759,0xef...b39a,https://bscscan.com/tx/0x35323dea6d4d9e0d496d60c03366966ba0fd1f2902e054c6ed3959e8af1ab99f
2023-03-21 18:32:36,False,3.894e-05,1.151e-08,39814.3,0.0045,0xef...b39a,https://bscscan.com/tx/0x35323dea6d4d9e0d496d60c03366966ba0fd1f2902e054c6ed3959e8af1ab99f
2023-03-21 18:30:54,True,3.912e-05,1.157e-08,14414444.0,1.66815,0x6e...9fd1,https://bscscan.com/tx/0xa0565f184457d5f9801f86eb5c0ecd2b113f6d1bf3baf68495b02163126153f5
2023-03-21 18:29:33,False,3.872e-05,1.151e-08,330609.0,0.038,0xcd...4588,https://bscscan.com/tx/0x11b93862aa3d5fd35b39992f81d9c9c0b909a1d55fb1def2970634f43fa1f6cc
2023-03-21 18:29:33,False,3.872e-05,1.151e-08,143944.0,0.0165,0xcd...4588,https://bscscan.com/tx/0x11b93862aa3d5fd35b39992f81d9c9c0b909a1d55fb1def2970634f43fa1f6cc
2023-03-21 18:28:15,True,3.909e-05,1.157e-08,7666.55,8.87e-05,0x24...45ed,https://bscscan.com/tx/0xcfd7b372ef1b2fd4f5cc45a7eb03404767aa7cbe6e6341edb6f5209b982dca2f
2023-03-21 18:27:51,True,3.892e-05,1.157e-08,375765.0,0.0434,0x6a...a854,https://bscscan.com/tx/0xa8d73a80120a6fe0718b6ecf15f461f3bad7c14fe588561ff162c6715a1e6cfd
2023-03-21 18:27:45,False,3.875e-05,1.152e-08,52770522.0,6.07944,0xa0...b0df,https://bscscan.com/tx/0xc6d007ef45603ef6e413fb4daa9cb0f924387141e6e482f167f05f1bae9fb89a
2023-03-21 18:27:45,False,3.878e-05,1.152e-08,8142.6,9.386e-05,0xa0...b0df,https://bscscan.com/tx/0xc6d007ef45603ef6e413fb4daa9cb0f924387141e6e482f167f05f1bae9fb89a
2023-03-21 18:27:03,True,3.915e-05,1.158e-08,1020000.0,0.1181,0xfb...c9a1,https://bscscan.com/tx/0xe9bd7c8121fbded024f9031bac148723da27154cfe6398c21c7a504fa3075f0b
2023-03-21 18:26:12,True,3.921e-05,1.158e-08,456202.0,0.0528,0xb5...0b96,https://bscscan.com/tx/0xfd885159b5684200fed4d5eabe74b2b5ee59dc4c7e363850bcc50037cff88933
2023-03-21 18:25:57,True,3.92e-05,1.158e-08,759574.0,0.088,0xeb...239f,https://bscscan.com/tx/0x33b206bc4a9279f0ec06aaf4acba1e356d6445323fb72877e1971b3b943d88d9
2023-03-21 18:25:39,False,3.882e-05,1.152e-08,777660.0,0.0896,0xf6...a3cd,https://bscscan.com/tx/0xc73a1f9aca991a3ce0a1c66bf2b846af8110758d5b4e081406417640efe43e3d
2023-03-21 18:25:39,False,3.882e-05,1.152e-08,2389.89,2.754e-05,0xf6...a3cd,https://bscscan.com/tx/0xc73a1f9aca991a3ce0a1c66bf2b846af8110758d5b4e081406417640efe43e3d
2023-03-21 18:25:18,False,3.882e-05,1.152e-08,882491.0,0.1017,0xc7...4e41,https://bscscan.com/tx/0x9bdafce573415d8dbab2131c42f330782dbbfff1777077bd5ed34e66708645f3
2023-03-21 18:25:18,False,3.882e-05,1.152e-08,1144.39,1.319e-05,0xc7...4e41,https://bscscan.com/tx/0x9bdafce573415d8dbab2131c42f330782dbbfff1777077bd5ed34e66708645f3
2023-03-21 18:23:45,False,3.902e-05,1.152e-08,422575.0,0.0487,0x61...ca35,https://bscscan.com/tx/0xa64eef28cd2c6679bd585d054568159958667d0f5cadd2a9147d077da2b148ba
2023-03-21 18:23:45,False,3.902e-05,1.152e-08,810.0,9.337e-06,0x61...ca35,https://bscscan.com/tx/0xa64eef28cd2c6679bd585d054568159958667d0f5cadd2a9147d077da2b148ba
2023-03-21 18:23:09,False,3.883e-05,1.152e-08,299100.0,0.0344,0xe9...ffa2,https://bscscan.com/tx/0x6ce525a557de2fdb27ebc59ce45031e903c279c7bda23360fa32433d82b7e452
2023-03-21 18:23:09,False,3.883e-05,1.152e-08,5158.66,5.946e-05,0xe9...ffa2,https://bscscan.com/tx/0x6ce525a557de2fdb27ebc59ce45031e903c279c7bda23360fa32433d82b7e452
2023-03-21 18:21:54,False,3.881e-05,1.152e-08,1904883.0,0.2196,0xbd...532e,https://bscscan.com/tx/0xdc776c3862b9eff989415e8d4a916a42c4c2ca08c98270de3bdf1d69224b4df2
2023-03-21 18:21:54,False,3.881e-05,1.152e-08,2656.64,3.062e-05,0xbd...532e,https://bscscan.com/tx/0xdc776c3862b9eff989415e8d4a916a42c4c2ca08c98270de3bdf1d69224b4df2
2023-03-21 18:21:39,True,3.92e-05,1.158e-08,520000.0,0.0602,0x40...ee7d,https://bscscan.com/tx/0x9bdb6f6c065a2b7dc89351bbadafbed0e62df3f5acc3dba584f1512ebf4df563
2023-03-21 18:21:36,False,3.9e-05,1.152e-08,462550.0,0.0533,0x47...be98,https://bscscan.com/tx/0xf57b4670d2ac13b0aeb4396ddafff6bcd1b55d8b6e5b4fea2eaca9fa8fa7660e
2023-03-21 18:21:36,False,3.9e-05,1.152e-08,14040.0,0.0016,0x47...be98,https://bscscan.com/tx/0xf57b4670d2ac13b0aeb4396ddafff6bcd1b55d8b6e5b4fea2eaca9fa8fa7660e
2023-03-21 18:21:24,False,3.9e-05,1.152e-08,5184400.0,0.5977,0x8d...ffd0,https://bscscan.com/tx/0xf4dca47141b5cc832269e7e7c07d725e5748f8f773b69b4c7326489bbcdafed2
2023-03-21 18:21:24,False,3.9e-05,1.153e-08,8511.71,9.814e-05,0x8d...ffd0,https://bscscan.com/tx/0xf4dca47141b5cc832269e7e7c07d725e5748f8f773b69b4c7326489bbcdafed2
2023-03-21 18:20:42,False,3.881e-05,1.153e-08,3143027.0,0.3624,0xb3...0f71,https://bscscan.com/tx/0x02ada17097411016dc00b5d24701ec15f039d62ae6e45bd04e70784dc600f949
2023-03-21 18:20:42,False,3.881e-05,1.153e-08,10406.7,0.0012,0xb3...0f71,https://bscscan.com/tx/0x02ada17097411016dc00b5d24701ec15f039d62ae6e45bd04e70784dc600f949
2023-03-21 18:20:30,False,3.881e-05,1.153e-08,3842775.0,0.4431,0xf0...be20,https://bscscan.com/tx/0xe0fd19f405ad8abfa36eecd7621ddbc7b22d4ef5f8900e43084383518d37ff69
2023-03-21 18:20:30,False,3.881e-05,1.153e-08,18332.0,0.0021,0xf0...be20,https://bscscan.com/tx/0xe0fd19f405ad8abfa36eecd7621ddbc7b22d4ef5f8900e43084383518d37ff69
2023-03-21 18:20:15,True,3.918e-05,1.159e-08,102735.0,0.0119,0x3d...c6b8,https://bscscan.com/tx/0xdd102a710d3021a73b2b3c34509883b834a878be8647cc27988b1cb992ad1e2e
2023-03-21 18:18:54,True,3.921e-05,1.159e-08,271994.0,0.0315,0x98...d901,https://bscscan.com/tx/0x68160b82651fe0c216506e15765290cbc2ac05f33f283cb05a25a99db0c5a57f
2023-03-21 18:18:54,True,3.92e-05,1.158e-08,547496.0,0.0634,0x98...d901,https://bscscan.com/tx/0x68160b82651fe0c216506e15765290cbc2ac05f33f283cb05a25a99db0c5a57f
2023-03-21 18:18:45,True,3.92e-05,1.158e-08,122018.0,0.0141,0x6a...a854,https://bscscan.com/tx/0xec12ef1acaf70b7042f3f6095a9cadb35cd1dc2dab59308e2bc2cf76b8ade0ce
2023-03-21 18:18:24,True,3.92e-05,1.158e-08,4549973.0,0.5273,0x48...f0d7,https://bscscan.com/tx/0xb7c21fec08df3769450b691eea6f667c5dd5c9d71a0f4238536c23c037ebbfa0
2023-03-21 18:17:51,False,3.9e-05,1.153e-08,1191821.0,0.1374,0x50...4fab,https://bscscan.com/tx/0x6ce5b2e7629685bcee588aeacd4bb539c331aa3f9821f185f9732e4314c78f37
2023-03-21 18:17:51,False,3.901e-05,1.153e-08,2967.09,3.421e-05,0x50...4fab,https://bscscan.com/tx/0x6ce5b2e7629685bcee588aeacd4bb539c331aa3f9821f185f9732e4314c78f37
2023-03-21 18:17:39,True,3.92e-05,1.158e-08,1026182.0,0.1189,0x05...ef88,https://bscscan.com/tx/0x013138cc945ca4b6da03c1b3fc57df75eb7a2dcc896ce03190334bb003d77f05
2023-03-21 18:17:06,False,3.881e-05,1.153e-08,72522.5,0.0083,0x85...0193,https://bscscan.com/tx/0xf49e6cc27559777ae6d2d76471e12f621e34490e0c46e0202ef877b36b73c6ae
2023-03-21 18:17:06,False,3.881e-05,1.153e-08,128407.0,0.0148,0x85...0193,https://bscscan.com/tx/0xf49e6cc27559777ae6d2d76471e12f621e34490e0c46e0202ef877b36b73c6ae
2023-03-21 18:16:18,True,3.92e-05,1.158e-08,2194199.0,0.2542,0xee...60af,https://bscscan.com/tx/0x1bb9a5448c448f369de26a16fcf8033014f19f245b94da0b4917164c535e68ef
2023-03-21 18:15:42,False,3.884e-05,1.153e-08,45227923.0,5.21777,0x11...f8bd,https://bscscan.com/tx/0x401d6efd8286c7be9d45e76a110ec42537c4e2a114283680a3ea7fdb15c2b6e3
2023-03-21 18:15:42,False,3.886e-05,1.154e-08,65009.3,0.0075,0x11...f8bd,https://bscscan.com/tx/0x401d6efd8286c7be9d45e76a110ec42537c4e2a114283680a3ea7fdb15c2b6e3
2023-03-21 18:15:21,True,3.905e-05,1.16e-08,344797.0,0.04,0x74...23e3,https://bscscan.com/tx/0x8014dbfa2ffb049b61f0b1c3cfb971366fc8c0445b093e9a93b68c86e4dc22e6
2023-03-21 18:15:15,True,3.905e-05,1.16e-08,130000.0,0.015,0x34...8d50,https://bscscan.com/tx/0x2a2d69c9c2346043a15c7a9f10ec7ea3da4517cfe8ae7da60aac953a1a6ff761
2023-03-21 18:12:49,True,3.905e-05,1.16e-08,741325.0,0.086,0x26...57e1,https://bscscan.com/tx/0xdb258761b9a7aa5831ba65099403604984fa774102ef10037311b00bfd2937c1
2023-03-21 18:12:10,True,3.904e-05,1.16e-08,120682.0,0.014,0x02...9be5,https://bscscan.com/tx/0x8f0aba270b389d3b9d587ab71397266f6a70268feb941e32343ab3f33ead0aa9
2023-03-21 18:11:43,False,3.904e-05,1.154e-08,13091608.0,1.51138,0xc7...0058,https://bscscan.com/tx/0xb167bdbbd1053be9e9e1d07290a3ac954430720efcfdb0b2279148b6bc919a1d
2023-03-21 18:11:43,False,3.905e-05,1.154e-08,7019.91,8.105e-05,0xc7...0058,https://bscscan.com/tx/0xb167bdbbd1053be9e9e1d07290a3ac954430720efcfdb0b2279148b6bc919a1d
2023-03-21 18:11:19,False,3.905e-05,1.154e-08,2592168.0,0.2993,0x38...7823,https://bscscan.com/tx/0x7c74bad433cdbef916e94fd825b93b67e8eba909a69b92d91205bcb1f32fd528
2023-03-21 18:11:19,False,3.905e-05,1.154e-08,431705.0,0.0498,0x38...7823,https://bscscan.com/tx/0x7c74bad433cdbef916e94fd825b93b67e8eba909a69b92d91205bcb1f32fd528
2023-03-21 18:11:04,True,3.923e-05,1.159e-08,51673191.0,5.99298,0x19...4ebe,https://bscscan.com/tx/0x550b70f5f904fb6584128992ae428b7bdaee1c509f98dfe42476ec9707a33f31
2023-03-21 18:10:37,True,3.92e-05,1.159e-08,57408.6,0.0066,0xda...1636,https://bscscan.com/tx/0x398f4bcb5546d615719b3cca70e09c3bf3ed1a97e6305012a7c5a70be87ff9f3
2023-03-21 18:10:04,True,3.899e-05,1.158e-08,5608521.0,0.65,0xc7...4e41,https://bscscan.com/tx/0xd20d3ce3e81c6a359ee3c08fe0782f9af4397bbe4f350beedfbe7e255efdbae3
2023-03-21 18:09:43,True,3.913e-05,1.157e-08,101281459.0,11.7223,0xcf...89ae,https://bscscan.com/tx/0x1ff4c51459b1e10b56495fb4170e81767339f78b1b7606d013e31e838d10f923
2023-03-21 18:09:31,False,3.889e-05,1.15e-08,767856.0,0.0883,0x40...a807,https://bscscan.com/tx/0x126d103f1b9cc960dff38edb25bd216ab1301a272befb46b102a214829b9724a
2023-03-21 18:09:31,False,3.889e-05,1.15e-08,1116.45,1.284e-05,0x40...a807,https://bscscan.com/tx/0x126d103f1b9cc960dff38edb25bd216ab1301a272befb46b102a214829b9724a
2023-03-21 18:09:16,True,3.89e-05,1.155e-08,400000.0,0.0462,0xec...e03b,https://bscscan.com/tx/0xc7b62e35f462121b47bc5d6208e71540a4cf17e3bc62e30b702538a8afcc38ef
2023-03-21 18:09:13,False,3.87e-05,1.15e-08,13458.5,0.0015,0x52...5fe3,https://bscscan.com/tx/0x196b20676a84cf648e1ca3f38c43c5e3572ebe9577dde3bd16fe3f776405f472
2023-03-21 18:09:13,False,3.87e-05,1.15e-08,12772.4,0.0014,0x52...5fe3,https://bscscan.com/tx/0x196b20676a84cf648e1ca3f38c43c5e3572ebe9577dde3bd16fe3f776405f472
2023-03-21 18:08:25,True,3.911e-05,1.155e-08,108038.0,0.0124,0x8b...8337,https://bscscan.com/tx/0xb359b6a3db2d61b66790cabf5fc0485a9d8ff14672b80bdd33286b1b2d58abdb
2023-03-21 18:08:16,False,3.891e-05,1.15e-08,4608620.0,0.5301,0x3a...d694,https://bscscan.com/tx/0x50e959136c32bf6ff84a484cbeac520b63faa5048a0968912c5c3adf7769ef25
2023-03-21 18:08:16,False,3.892e-05,1.15e-08,418.577,4.814e-06,0x3a...d694,https://bscscan.com/tx/0x50e959136c32bf6ff84a484cbeac520b63faa5048a0968912c5c3adf7769ef25
2023-03-21 18:07:38,False,3.871e-05,1.15e-08,154564.0,0.0177,0xf2...dd29,https://bscscan.com/tx/0x51143ab52b83fa1ab47047241f2e99dbc5fc6fd3e100c7aecf356701030deae5
2023-03-21 18:07:38,False,3.871e-05,1.15e-08,1967.9,2.263e-05,0xf2...dd29,https://bscscan.com/tx/0x51143ab52b83fa1ab47047241f2e99dbc5fc6fd3e100c7aecf356701030deae5
2023-03-21 18:07:22,False,3.891e-05,1.15e-08,726667.0,0.0835,0x52...7a35,https://bscscan.com/tx/0x90c94c2a6b0e198e2f5090c5f05e4963b33a39f2ad02318586a272f50946f28c
2023-03-21 18:07:22,False,3.891e-05,1.15e-08,7440.58,8.559e-05,0x52...7a35,https://bscscan.com/tx/0x90c94c2a6b0e198e2f5090c5f05e4963b33a39f2ad02318586a272f50946f28c
2023-03-21 18:07:10,True,3.891e-05,1.156e-08,152365.0,0.0176,0x9c...2c15,https://bscscan.com/tx/0x03e701f583082557f154c23803ce27e751e78d4a2cf6e8027937812211fb4e50
2023-03-21 18:06:26,True,3.917e-05,1.156e-08,518993.0,0.06,0x02...9be5,https://bscscan.com/tx/0x7cf39b1406cba818ebcbe5eb0216af013cff80bf96f079cfdab37dc28fbfea56
2023-03-21 18:05:09,True,3.9e-05,1.156e-08,1520469.0,0.1757,0x08...2721,https://bscscan.com/tx/0x1c44b0a8069d9e136c013a97aedb54ec51a16158322d4139fdccd1b3ec82cefe
2023-03-21 18:03:39,False,3.901e-05,1.15e-08,562250.0,0.0646,0x47...be98,https://bscscan.com/tx/0x1d251fab7caa75189f485247c6a1198365b4898f64b5283568260e7434b7cfc4
2023-03-21 18:03:39,False,3.901e-05,1.15e-08,18507.4,0.0021,0x47...be98,https://bscscan.com/tx/0x1d251fab7caa75189f485247c6a1198365b4898f64b5283568260e7434b7cfc4
2023-03-21 18:02:00,True,3.919e-05,1.156e-08,108597.0,0.0125,0x68...9469,https://bscscan.com/tx/0x8d8ef1568af1bb46cb2c424f161bab8e05209cdbe32d88b7c99bb7674dcb711f
2023-03-21 18:01:54,True,3.919e-05,1.156e-08,594519.0,0.0687,0x9c...2c15,https://bscscan.com/tx/0x7a48480ae9093c2acc3d3071ef3958e72721ff5a99037abb79d8dea010cda9d1
2023-03-21 18:00:33,True,3.9e-05,1.155e-08,3085605.0,0.3566,0xa9...41f5,https://bscscan.com/tx/0x4ecdbd5f4daa011621bca7559fd09dd064b49a5a2d56ac088d9dd8ff7f9022db
2023-03-21 18:00:03,False,3.9e-05,1.15e-08,2183829.0,0.2511,0x4e...abb7,https://bscscan.com/tx/0xf75d477886115d53c2085a5adc35d37642c8a095a6e763a30d5a56f37692e768
2023-03-21 18:00:03,False,3.9e-05,1.15e-08,20835.8,0.0024,0x4e...abb7,https://bscscan.com/tx/0xf75d477886115d53c2085a5adc35d37642c8a095a6e763a30d5a56f37692e768
2023-03-21 17:59:54,True,3.899e-05,1.155e-08,409744.0,0.0473,0xac...56a2,https://bscscan.com/tx/0xc6af3c3ad086155baec14a9d96295d5535ffb1d4453b08d3c1a8a697336cff80
2023-03-21 17:59:06,True,3.904e-05,1.155e-08,30277.0,0.0035,0xcb...0b3d,https://bscscan.com/tx/0x55e9d1d73907e6512e56aeacd6abe196a30432cdc7643f4872ab0b9d2dd8d6a7
2023-03-21 17:58:48,True,3.902e-05,1.155e-08,102899.0,0.0119,0x9c...2c15,https://bscscan.com/tx/0x7e807865ff55facbd00b381d207ee384f8ffd1cda8a08d6f86a9fb7595bb45ec
2023-03-21 17:56:45,True,3.903e-05,1.155e-08,1954529.0,0.2259,0x07...210a,https://bscscan.com/tx/0x736a2ccb462a2b9f406c2e6cfee9717128b89242e71582ec9115c0b0efae173a
2023-03-21 17:56:36,False,3.903e-05,1.15e-08,122223.0,0.014,0x4e...585e,https://bscscan.com/tx/0x1a70107e2d8d7655a8645fbec0b27a4eeb1c1966bee259881e40a5f9ae6f293a
2023-03-21 17:56:36,False,3.903e-05,1.15e-08,20187.9,0.0023,0x4e...585e,https://bscscan.com/tx/0x1a70107e2d8d7655a8645fbec0b27a4eeb1c1966bee259881e40a5f9ae6f293a
2023-03-21 17:56:18,True,3.922e-05,1.155e-08,415143.0,0.0479,0xa7...27f2,https://bscscan.com/tx/0xb6c34e51cbfe361e5e0c9ceb60743e24376e5c845f76368464acc0ea6d6db2b2
2023-03-21 17:55:45,True,3.902e-05,1.155e-08,118943.0,0.0137,0xba...17b7,https://bscscan.com/tx/0xa02bf2b92e14f45c3168e04e4c230acb45e44500c7aca683c61374293b9317a7
2023-03-21 17:54:24,True,3.901e-05,1.155e-08,1758132.0,0.2032,0x0d...037e,https://bscscan.com/tx/0xff69286260a62a4f3cfbd2a7abcb3adb669b9437ba8dfdad26b3047d9e9ace27
2023-03-21 17:54:24,True,3.901e-05,1.155e-08,2495692.0,0.2884,0x53...8b3a,https://bscscan.com/tx/0x387895999af3a4ea67938b2633ce46592642096b2adb4debe32af232986c09a0
2023-03-21 17:52:31,True,3.919e-05,1.155e-08,1423398.0,0.1645,0x68...9469,https://bscscan.com/tx/0x9d009bbdb0f15b651f48ea44f7ba1e143b7344dc0a33e6ff0d89bf1d79a2337b
2023-03-21 17:50:46,False,3.9e-05,1.149e-08,997000.0,0.1146,0x40...76c5,https://bscscan.com/tx/0x68360bd27b81fcb7d0d96edc77cfb4f98cfa7316c580276e06c7a2118ad445af
2023-03-21 17:50:46,False,3.9e-05,1.15e-08,1443.46,1.659e-05,0x40...76c5,https://bscscan.com/tx/0x68360bd27b81fcb7d0d96edc77cfb4f98cfa7316c580276e06c7a2118ad445af
2023-03-21 17:50:13,True,3.9e-05,1.155e-08,34608.5,0.004,0x47...8c44,https://bscscan.com/tx/0x4285e2216bd96e19d91e8e60b37aec71770fb96861f37be192d166e37f30c0f1
2023-03-21 17:49:43,False,3.88e-05,1.15e-08,498505.0,0.0573,0xb6...ec9d,https://bscscan.com/tx/0xd87e5e7fa5d613c7f4c66a5d78c948cfe4921069bbb7a6b392cc6a36abbb806f
2023-03-21 17:49:43,False,3.88e-05,1.15e-08,136.036,1.564e-06,0xb6...ec9d,https://bscscan.com/tx/0xd87e5e7fa5d613c7f4c66a5d78c948cfe4921069bbb7a6b392cc6a36abbb806f
2023-03-21 17:48:52,False,3.899e-05,1.15e-08,50232.4,0.0057,0x62...1c43,https://bscscan.com/tx/0x700725bbcf5e8eeb2712b56a869f48b59cbb26b4a1d40a73c2cc88d74db2335a
2023-03-21 17:48:52,False,3.899e-05,1.15e-08,102653.0,0.0118,0x62...1c43,https://bscscan.com/tx/0x700725bbcf5e8eeb2712b56a869f48b59cbb26b4a1d40a73c2cc88d74db2335a
2023-03-21 17:47:21,True,3.898e-05,1.155e-08,3820078.0,0.4415,0xa8...9ce9,https://bscscan.com/tx/0xd755e0d2fdd75d2ac1821ac0c5558de42f4188543abdc80b0e36b3052f2f422d
2023-03-21 17:46:51,True,3.921e-05,1.155e-08,24651954.0,2.84812,0x87...a157,https://bscscan.com/tx/0xc8569a1846fd4f748fb601960e2903e3e2a1932dca84d8ef8d13451af72727a7
2023-03-21 17:43:48,True,3.9e-05,1.154e-08,6529897.0,0.7541,0xfa...ce4c,https://bscscan.com/tx/0x0ff81e6af54162061c7e4ff16daadb4678354d675038aac101a218e62a5a4d26
2023-03-21 17:43:45,True,3.899e-05,1.154e-08,276834.0,0.0319,0xba...17b7,https://bscscan.com/tx/0xeacafd1f69ef55404dba14c8adb9e580e9cb002186744c4dd309a2113089684a
2023-03-21 17:43:03,False,3.882e-05,1.149e-08,2691900.0,0.3093,0x0c...9f6d,https://bscscan.com/tx/0x38668290bfb56928e38a7eafbbca194b72ca58f59f426476c783d08877661ddd
2023-03-21 17:43:03,False,3.882e-05,1.149e-08,60337.0,0.0069,0x0c...9f6d,https://bscscan.com/tx/0x38668290bfb56928e38a7eafbbca194b72ca58f59f426476c783d08877661ddd
2023-03-21 17:41:54,True,3.901e-05,1.154e-08,2276.0,2.628e-05,0xc7...1b18,https://bscscan.com/tx/0x96757e1842c245672ccbf25d5eeda94a541758b9c0daf0bf373d627840e4b3ef
2023-03-21 17:40:18,True,3.902e-05,1.154e-08,4329764.0,0.5,0x1b...4e94,https://bscscan.com/tx/0x4e65ab4726351ac88a3409515bf23e49598d5bb379f0e1c629c8f1ffa3c967d7
2023-03-21 17:38:48,True,3.922e-05,1.154e-08,17323757.0,2.0,0xa8...8a78,https://bscscan.com/tx/0x42b1a57cc68ec84f6770e677367362bc62107cf00ead0e567c9f69c0007ec7cb
2023-03-21 17:37:30,False,3.898e-05,1.148e-08,689149.0,0.0791,0x9d...2999,https://bscscan.com/tx/0x7538825c5404fb0aadf0a060c967c9937c591a0ec805da807eda2971c46c559d
2023-03-21 17:37:30,False,3.898e-05,1.148e-08,58335.8,0.0067,0x9d...2999,https://bscscan.com/tx/0x7538825c5404fb0aadf0a060c967c9937c591a0ec805da807eda2971c46c559d
2023-03-21 17:36:54,True,3.915e-05,1.154e-08,14725981.0,1.69944,0x20...946b,https://bscscan.com/tx/0x3237407f873f8c3f5fe95d97553f42d5da96704d05b11bbbb79a064361677cd8
2023-03-21 17:36:48,False,3.895e-05,1.148e-08,557961.0,0.064,0xfb...c215,https://bscscan.com/tx/0x82a7a4ef2ae5ae2722e41aec4feb8f6538f6d221a26445e9a235c0b4b096b7a8
2023-03-21 17:36:48,False,3.895e-05,1.148e-08,296945.0,0.034,0xfb...c215,https://bscscan.com/tx/0x82a7a4ef2ae5ae2722e41aec4feb8f6538f6d221a26445e9a235c0b4b096b7a8
2023-03-21 17:36:48,True,3.912e-05,1.153e-08,51144944.0,5.8976,0x7c...6cb0,https://bscscan.com/tx/0x3e1dfc59d03ce7085aa661297821532557a0b227365001bb86b39b11e6fb7dc3
2023-03-21 17:36:36,True,3.903e-05,1.152e-08,20479554.0,2.35941,0x0c...cee3,https://bscscan.com/tx/0x61390520551d04a4867d27459b604738f9d69ebe7a4c6eaa63df64824486f355
2023-03-21 17:35:42,True,3.899e-05,1.151e-08,7652806.0,0.8813,0x8d...ef50,https://bscscan.com/tx/0x850f4b38c2d354090404ca5c984482d202c3bab830e66653d40a6055ddac0e16
2023-03-21 17:34:24,True,3.878e-05,1.151e-08,264748.0,0.0304,0x38...d1c9,https://bscscan.com/tx/0xb183fe108d5a77b4b60aa3f34d740258f249e206b94427cb49efd710d22180da
2023-03-21 17:34:03,True,3.899e-05,1.151e-08,600000.0,0.069,0x23...2612,https://bscscan.com/tx/0xf7d6675051e16aa9fac3f1eb4f6116dbfce51fed7ca47adb2cc76a0071bd6d28
2023-03-21 17:33:42,True,3.879e-05,1.151e-08,500800.0,0.0576,0xdc...c569,https://bscscan.com/tx/0xdd0cc92fab7efd472c9718f343fa37e947ba4843a2db406f33d35aec57ce3bae
2023-03-21 17:33:39,True,3.878e-05,1.151e-08,25595399.0,2.94644,0x0c...cee3,https://bscscan.com/tx/0x8386430c4a29bc867688979c3fdc0913cb6e706e94f962ffa3aff5c2209c2f5f
2023-03-21 17:33:27,False,3.857e-05,1.145e-08,3730176.0,0.4271,0xab...48c7,https://bscscan.com/tx/0xe9475e9acee6f9c221b148872d72aaab3f8fb1d2bbe047c5d388b9c2e4bbca43
2023-03-21 17:33:27,False,3.857e-05,1.145e-08,31076.1,0.0035,0xab...48c7,https://bscscan.com/tx/0xe9475e9acee6f9c221b148872d72aaab3f8fb1d2bbe047c5d388b9c2e4bbca43
2023-03-21 17:33:15,True,3.876e-05,1.15e-08,103218.0,0.0118,0xf7...0f9a,https://bscscan.com/tx/0x87c799b22a77fbeb5c96639f1d8d8ed8d47aa4e0d5f398c347659ec1167446d8
2023-03-21 17:32:39,True,3.881e-05,1.15e-08,10259729.0,1.18064,0x8c...092b,https://bscscan.com/tx/0xbebe20c3382a192748ad8b31c6718240734b83597ee7dcf24ae14c86a19995cd
2023-03-21 17:30:21,False,3.888e-05,1.144e-08,897301.0,0.1027,0xa8...8a78,https://bscscan.com/tx/0x904e792d833d47ec896e2b15a284976cfd7f0c5d5039801d56522e76d897b66e
2023-03-21 17:30:21,False,3.888e-05,1.144e-08,37003.6,0.0042,0xa8...8a78,https://bscscan.com/tx/0x904e792d833d47ec896e2b15a284976cfd7f0c5d5039801d56522e76d897b66e
2023-03-21 17:29:15,True,3.884e-05,1.15e-08,100000.0,0.0115,0x01...b917,https://bscscan.com/tx/0xdca6e386ae6f2c076c1a91e3c7f4d8b89a5ed3b4e0edaf1609dd311ddb0bf12f
2023-03-21 17:29:06,True,3.882e-05,1.15e-08,695081.0,0.0799,0x60...4ed8,https://bscscan.com/tx/0xc17c504c2dd71c970fad4e1ad3fcca2d2b3b97f4c45c1e7036b4e7a110d9a6e6
2023-03-21 17:29:03,True,3.882e-05,1.15e-08,608191.0,0.0699,0x60...4ed8,https://bscscan.com/tx/0xbd3a0cabb1d280383e88d0692dabe492da322db47e53b84d9e8c61a1a7f61e35
2023-03-21 17:29:03,False,3.863e-05,1.145e-08,12264871.0,1.40435,0x4e...585e,https://bscscan.com/tx/0xe7e02dc106ddf041100dd8d1f0293381cfb90e96681d1f77894feaf45faa50fb
2023-03-21 17:29:03,False,3.864e-05,1.145e-08,12968.8,0.0014,0x4e...585e,https://bscscan.com/tx/0xe7e02dc106ddf041100dd8d1f0293381cfb90e96681d1f77894feaf45faa50fb
2023-03-21 17:28:30,True,3.899e-05,1.15e-08,52131.4,0.006,0xcc...346c,https://bscscan.com/tx/0xbd17008c2701bb248a5f2eea43bb68106eb64fc63d9d31318f20fea1316d9bb7
2023-03-21 17:26:57,True,3.877e-05,1.15e-08,277850.0,0.0319,0x23...4b9c,https://bscscan.com/tx/0x110977447fa6c5208ca037a69c672214c2bbeea5df2b5d643a21785c4959288b
2023-03-21 17:26:18,True,3.897e-05,1.15e-08,2437637.0,0.2805,0xff...fc0e,https://bscscan.com/tx/0x06440f45474f6fd0c203f9c3a3e899b4e7f3797e352b0f9a42d7b6e4bef7de9c
2023-03-21 17:26:03,True,3.897e-05,1.15e-08,35625.6,0.0041,0xe0...5978,https://bscscan.com/tx/0x5a72c25c82af5d419eb0c7db065efe0490f0678e709aa6445b4ec23d5ea403e1
2023-03-21 17:25:57,False,3.877e-05,1.145e-08,1994000.0,0.2283,0x78...39b8,https://bscscan.com/tx/0x1155fc2071d91cdc20042ff03ca1162321e9d05d0840d68252704dc5bac8105a
2023-03-21 17:25:57,False,3.877e-05,1.145e-08,13534.2,0.0015,0x78...39b8,https://bscscan.com/tx/0x1155fc2071d91cdc20042ff03ca1162321e9d05d0840d68252704dc5bac8105a
2023-03-21 17:25:39,True,3.896e-05,1.15e-08,3792742.0,0.4364,0x91...fb0e,https://bscscan.com/tx/0x34f218f41fe26425e2c98a931dc8baf78d2f80c906648d8ae0eb1ae715e3cd2b
2023-03-21 17:24:12,True,3.894e-05,1.15e-08,71254.4,0.0082,0x7b...023a,https://bscscan.com/tx/0x40bec90bcb93816c1f2710d28ade4a16ccd24854543047ff191a6eeac586a4e0
2023-03-21 17:22:51,True,3.875e-05,1.15e-08,8689.57,0.001,0x93...0d64,https://bscscan.com/tx/0xd3f3ceaf1554d8fbfdab77fa3bc8b4f374c09c0f4eaa05b69cbebc96c40a0fa0
2023-03-21 17:22:03,False,3.855e-05,1.145e-08,922226.0,0.1056,0xa8...8a78,https://bscscan.com/tx/0xbb6b6065b88c62a5831314d0a6a5cac651b651775e009ac16232cae3b1c404db
2023-03-21 17:22:03,False,3.855e-05,1.145e-08,176499.0,0.0202,0xa8...8a78,https://bscscan.com/tx/0xbb6b6065b88c62a5831314d0a6a5cac651b651775e009ac16232cae3b1c404db
2023-03-21 17:21:54,True,3.876e-05,1.151e-08,2410589.0,0.2775,0xad...7f29,https://bscscan.com/tx/0x0e07482980b73f3d438771ff1f1e2ad009c40f6adb9b0729b465a32b9a26f290
2023-03-21 17:20:33,True,3.874e-05,1.15e-08,8448866.0,0.9721,0x95...99e3,https://bscscan.com/tx/0x4f0e5377218ff809ae43935475bf0ca131bfb53b3f1d85feef924cf0ce8d4134
2023-03-21 17:19:18,False,3.852e-05,1.145e-08,54346868.0,6.22574,0x45...84d2,https://bscscan.com/tx/0xa1e1692bdcc256153846e6e5a850388b37e2d4018fc634d3fa6e8e764f556d31
2023-03-21 17:19:18,False,3.855e-05,1.146e-08,2555.8,2.929e-05,0x45...84d2,https://bscscan.com/tx/0xa1e1692bdcc256153846e6e5a850388b37e2d4018fc634d3fa6e8e764f556d31
2023-03-21 17:18:51,False,3.855e-05,1.146e-08,943751.0,0.1081,0x98...ec86,https://bscscan.com/tx/0xef5e15d4cf360899b14b7b7363129797aa85ba9f96d82819d5cc438626736278
2023-03-21 17:18:51,False,3.855e-05,1.146e-08,70706.0,0.0081,0x98...ec86,https://bscscan.com/tx/0xef5e15d4cf360899b14b7b7363129797aa85ba9f96d82819d5cc438626736278
2023-03-21 17:17:30,True,3.893e-05,1.151e-08,25618454.0,2.95059,0x0c...cee3,https://bscscan.com/tx/0x7ca1bd490df4f7d2604695fe62c06a5c9fddd733287f9213d49dd34ebc23f164
2023-03-21 17:17:21,False,3.872e-05,1.145e-08,567237.0,0.0649,0xf4...f67f,https://bscscan.com/tx/0x4324da2c31af4611990dd5d7f52dc4191afe57cc4865948fdc3924202512e6f0
2023-03-21 17:17:21,False,3.872e-05,1.145e-08,15883.8,0.0018,0xf4...f67f,https://bscscan.com/tx/0x4324da2c31af4611990dd5d7f52dc4191afe57cc4865948fdc3924202512e6f0
2023-03-21 17:16:51,True,3.889e-05,1.151e-08,2024363.0,0.233,0xdc...c569,https://bscscan.com/tx/0x375ff1f1270a76224015b37d4865efb447f017bf4eea834a27c06cfeef8f2bb2
2023-03-21 17:16:21,False,3.851e-05,1.145e-08,357452.0,0.0409,0x63...f370,https://bscscan.com/tx/0xf914cf94b47c5e225b31f07d2aa337c8b731c87cb0f4aa976f01b2c5ccdc01c4
2023-03-21 17:16:21,False,3.851e-05,1.145e-08,183618.0,0.021,0x63...f370,https://bscscan.com/tx/0xf914cf94b47c5e225b31f07d2aa337c8b731c87cb0f4aa976f01b2c5ccdc01c4
2023-03-21 17:16:21,True,3.87e-05,1.151e-08,10056571.0,1.15772,0xef...b39a,https://bscscan.com/tx/0x68bcf844ab095300923521bb9660cb9db6cd8b278416d87926ecf2ee44478394
2023-03-21 17:16:18,True,3.869e-05,1.151e-08,254850.0,0.0293,0xbc...a6b8,https://bscscan.com/tx/0x2cb53044f9ce580ba421825d7ef6c0754d44699a664d7940b4064941a9305eca
2023-03-21 17:14:12,True,3.869e-05,1.151e-08,134089.0,0.0154,0xd5...b26e,https://bscscan.com/tx/0xe2560031042ee3390b7502da24a630b5007a62dc59bd26c0a1e1c1d260bdd089
2023-03-21 17:13:47,True,3.868e-05,1.151e-08,536542.0,0.0617,0xba...17b7,https://bscscan.com/tx/0x4491c60ee6093fa6facaa86866c9d72b1e44dd67735efeef07f6da8eb73e3ff5
2023-03-21 17:13:38,True,3.868e-05,1.151e-08,295388.0,0.034,0x71...f618,https://bscscan.com/tx/0xbac2126e8d392554f356846ae706b7891d9b1eb32c1abd034f1e6c14b4127120
2023-03-21 17:13:29,True,3.868e-05,1.15e-08,3109062.0,0.3578,0x74...8629,https://bscscan.com/tx/0x4dbfbd4dbc73b7524bcb03d386bf3f27e6ce2342a1ecebf2df424a13922b6b45
2023-03-21 17:12:59,False,3.871e-05,1.145e-08,50847000.0,5.82664,0xf5...e1b5,https://bscscan.com/tx/0x93d1c6da39a54d40c55b143da1703ec8eedd1cc97663f6bf58836a0b57f6887d
2023-03-21 17:12:59,False,3.873e-05,1.146e-08,150290.0,0.0172,0xf5...e1b5,https://bscscan.com/tx/0x93d1c6da39a54d40c55b143da1703ec8eedd1cc97663f6bf58836a0b57f6887d
2023-03-21 17:11:44,False,3.874e-05,1.147e-08,55495908.0,6.36784,0x17...278b,https://bscscan.com/tx/0x4ba00a5a63eded9e37cf4da0d885227a176cda50e6a19b919d5e3b5df839b223
2023-03-21 17:11:44,False,3.876e-05,1.148e-08,6049.72,6.946e-05,0x17...278b,https://bscscan.com/tx/0x4ba00a5a63eded9e37cf4da0d885227a176cda50e6a19b919d5e3b5df839b223
2023-03-21 17:11:32,False,3.857e-05,1.148e-08,2233917.0,0.2565,0xc6...3924,https://bscscan.com/tx/0xedc6038da747cdec0c347f5e539288c682fbe369df475112a1990811e0eb2c30
2023-03-21 17:11:32,False,3.857e-05,1.148e-08,71049.3,0.0081,0xc6...3924,https://bscscan.com/tx/0xedc6038da747cdec0c347f5e539288c682fbe369df475112a1990811e0eb2c30
2023-03-21 17:11:11,True,3.877e-05,1.154e-08,1308891.0,0.151,0xba...17b7,https://bscscan.com/tx/0x2c71b679b38dd7db5898a7529ca9ca7a5fb384e94782e20315f147bb042da663
2023-03-21 17:10:02,True,3.876e-05,1.153e-08,9834948.0,1.13484,0x0c...cee3,https://bscscan.com/tx/0x86473c4685c9bbf6d736e35903efbf37d699c1b2bf33a0c359b3bde971c4164d
2023-03-21 17:09:20,False,3.855e-05,1.148e-08,9599886.0,1.10218,0x3b...e915,https://bscscan.com/tx/0x5f00ef4882267d2b5f5848b64dfaba2f2c696c5f39a64e312c52fcb66427b769
2023-03-21 17:09:20,False,3.856e-05,1.148e-08,11841.5,0.0013,0x3b...e915,https://bscscan.com/tx/0x5f00ef4882267d2b5f5848b64dfaba2f2c696c5f39a64e312c52fcb66427b769
2023-03-21 17:08:20,True,3.894e-05,1.154e-08,850298.0,0.0981,0xa8...9ce9,https://bscscan.com/tx/0x13c8621d03ea41f3b07843c26e7f0f2152b5ba63180505b290edc5684be1f2fe
2023-03-21 17:07:38,True,3.876e-05,1.153e-08,1614656.0,0.1863,0xea...6129,https://bscscan.com/tx/0xe075f2c5e0d0731dcd75005e54d329eef8ec702c89de922b10b725a268db5f29
2023-03-21 17:07:02,False,3.856e-05,1.148e-08,1915009.0,0.2198,0xf8...0e33,https://bscscan.com/tx/0x677c6c16f232b61ada59796a07669410b487df922ae6fc0361a2c91c34b83032
2023-03-21 17:07:02,False,3.856e-05,1.148e-08,1290.7,1.482e-05,0xf8...0e33,https://bscscan.com/tx/0x677c6c16f232b61ada59796a07669410b487df922ae6fc0361a2c91c34b83032
2023-03-21 17:06:17,False,3.856e-05,1.148e-08,476603.0,0.0547,0x63...f370,https://bscscan.com/tx/0xad02dd15772ee3f7d51cf74abeba9bfe98900ec2a1e04895ef8860394cc65e35
2023-03-21 17:06:17,False,3.856e-05,1.148e-08,1914.18,2.197e-05,0x63...f370,https://bscscan.com/tx/0xad02dd15772ee3f7d51cf74abeba9bfe98900ec2a1e04895ef8860394cc65e35
2023-03-21 17:04:26,True,3.876e-05,1.154e-08,100000.0,0.0115,0xad...916a,https://bscscan.com/tx/0x6bcb233e31470e2ec9de80d19be8ae7b6fa3ad35b002eccea09c1ba3b41cd74c
2023-03-21 17:04:08,True,3.896e-05,1.154e-08,78866.2,0.0091,0x5d...a2f1,https://bscscan.com/tx/0x62f837423695435eb463a85a387e569d0e4ab60433411d2dd3b25dd43d6e3d34
2023-03-21 17:03:59,False,3.877e-05,1.148e-08,528500.0,0.0606,0x9b...1194,https://bscscan.com/tx/0xf6df83d25b60fda19bbc2768ec4312801a706da3dc4a192ecd01bc7163592f51
2023-03-21 17:03:59,False,3.877e-05,1.148e-08,32652.5,0.0037,0x9b...1194,https://bscscan.com/tx/0xf6df83d25b60fda19bbc2768ec4312801a706da3dc4a192ecd01bc7163592f51
2023-03-21 17:03:59,True,3.896e-05,1.154e-08,1126503.0,0.13,0x50...c7f6,https://bscscan.com/tx/0x944510d0d18f2aab8f8dcad69ad5911ca34f9964ac94b096111d3b5b59139a89
2023-03-21 17:02:47,False,3.88e-05,1.148e-08,10934099.0,1.25566,0x55...c3b5,https://bscscan.com/tx/0x8723852baedb901dffaddc6aa98df3ce4b8bbceac2c60fbeaeec8f5ad0f203c3
2023-03-21 17:02:47,False,3.881e-05,1.148e-08,716.988,8.234e-06,0x55...c3b5,https://bscscan.com/tx/0x8723852baedb901dffaddc6aa98df3ce4b8bbceac2c60fbeaeec8f5ad0f203c3
2023-03-21 17:02:35,False,3.881e-05,1.148e-08,264754.0,0.0304,0x33...63b0,https://bscscan.com/tx/0xda6a3b807cdbb03584a85927df18ae8a5967d1443c8fe34cc5751fb311cfe65b
2023-03-21 17:02:35,False,3.881e-05,1.148e-08,1720.93,1.976e-05,0x33...63b0,https://bscscan.com/tx/0xda6a3b807cdbb03584a85927df18ae8a5967d1443c8fe34cc5751fb311cfe65b
2023-03-21 17:02:32,False,3.881e-05,1.148e-08,635471.0,0.0729,0x63...f370,https://bscscan.com/tx/0xeba747b94d365b65f5b80549b37bf506247f364a13e554c1d21f34d61069b39b
2023-03-21 17:02:32,False,3.881e-05,1.148e-08,11359.0,0.0013,0x63...f370,https://bscscan.com/tx/0xeba747b94d365b65f5b80549b37bf506247f364a13e554c1d21f34d61069b39b
2023-03-21 16:59:29,True,3.88e-05,1.154e-08,2051265.0,0.2367,0xf7...acb3,https://bscscan.com/tx/0x3e08e1c596f538c795049629b7a7dac31409918e9b7bd7b8a524de94de156503
2023-03-21 16:56:14,False,3.877e-05,1.148e-08,2149319.0,0.2468,0xc3...4d84,https://bscscan.com/tx/0xaef2e09dc7570305c390b334c5f2d055b6ec6ca90fe362012a0ca5bf6190c79f
2023-03-21 16:56:14,False,3.877e-05,1.148e-08,550.366,6.321e-06,0xc3...4d84,https://bscscan.com/tx/0xaef2e09dc7570305c390b334c5f2d055b6ec6ca90fe362012a0ca5bf6190c79f
2023-03-21 16:55:59,False,3.858e-05,1.148e-08,203228.0,0.0233,0x35...f252,https://bscscan.com/tx/0x56d633a7a6ec70ce3facdbb17bd6f19764654d164d5219f77553b6d5a0c6e66b
2023-03-21 16:55:59,False,3.858e-05,1.148e-08,8629.48,9.911e-05,0x35...f252,https://bscscan.com/tx/0x56d633a7a6ec70ce3facdbb17bd6f19764654d164d5219f77553b6d5a0c6e66b
2023-03-21 16:54:32,True,3.895e-05,1.154e-08,2000000.0,0.2308,0xa4...8f3d,https://bscscan.com/tx/0x0f9d211bd6a3a79faa7ed782393808e8b24783675d47155600379657b308a89e
2023-03-21 16:54:02,False,3.876e-05,1.148e-08,1192514.0,0.1369,0x6e...47ca,https://bscscan.com/tx/0x0f51b7c99b5a9540a3bdb3cbb89f3abfcb4ad79b38614c809c8f555121606ca7
2023-03-21 16:54:02,False,3.876e-05,1.148e-08,3500.04,4.02e-05,0x6e...47ca,https://bscscan.com/tx/0x0f51b7c99b5a9540a3bdb3cbb89f3abfcb4ad79b38614c809c8f555121606ca7
2023-03-21 16:53:44,False,3.876e-05,1.148e-08,1292421.0,0.1484,0xab...5719,https://bscscan.com/tx/0x63c9a440c4241558dd6144874c85bd778ae4f295962ecc2e441b37b389736018
2023-03-21 16:53:44,False,3.876e-05,1.148e-08,2025.0,2.325e-05,0xab...5719,https://bscscan.com/tx/0x63c9a440c4241558dd6144874c85bd778ae4f295962ecc2e441b37b389736018
2023-03-21 16:53:32,False,3.876e-05,1.148e-08,747750.0,0.0858,0x42...6722,https://bscscan.com/tx/0x7a3319d7b13359fd3eca56508d685416a7f0303093d388a012370c9c21c733b4
2023-03-21 16:53:32,False,3.876e-05,1.148e-08,285801.0,0.0328,0x42...6722,https://bscscan.com/tx/0x7a3319d7b13359fd3eca56508d685416a7f0303093d388a012370c9c21c733b4
2023-03-21 16:51:59,True,3.893e-05,1.154e-08,3307731.0,0.3818,0x62...09ea,https://bscscan.com/tx/0x98b00a02ad82d8480389fd3b5e5ad7711cd5f7682fcc4b123dc5ca19e357b667
2023-03-21 16:48:17,True,3.871e-05,1.153e-08,30085489.0,3.47145,0x20...946b,https://bscscan.com/tx/0x571e267c3889443f6516709e0da848995bf0597b82133c9a7d38045c614c6d29
2023-03-21 16:48:05,True,3.869e-05,1.153e-08,771894.0,0.089,0xa3...a33b,https://bscscan.com/tx/0x30ff28141961b66ebd9756af4d9f450ff929d628db0e7f2c79c2e75a2a7520ec
2023-03-21 16:46:23,True,3.867e-05,1.152e-08,60553745.0,6.979,0x20...977c,https://bscscan.com/tx/0xeabee79567345f93550be37716bbe94720508109012e72366e99f808ff96d5c4
2023-03-21 16:45:53,True,3.867e-05,1.151e-08,4328777.0,0.4985,0xbc...7f0b,https://bscscan.com/tx/0x0f07d8f9efe24d1f7db4f1864cb8504f0ee40750fa697656b602423d4fb9fa8a
2023-03-21 16:40:41,True,3.868e-05,1.151e-08,1042103.0,0.12,0xad...2468,https://bscscan.com/tx/0xc7bae78846f1592fc287d8f7987c8f75b7145a58a7b8f08d17ea1076ba3cc8f7
2023-03-21 16:38:26,False,3.868e-05,1.145e-08,5246773.0,0.6011,0x3b...e915,https://bscscan.com/tx/0xa9c85460d48cf559523d1b6910096cc4c4d71801110a21d5405bb95218178d99
2023-03-21 16:38:26,False,3.868e-05,1.145e-08,70658.7,0.0081,0x3b...e915,https://bscscan.com/tx/0xa9c85460d48cf559523d1b6910096cc4c4d71801110a21d5405bb95218178d99
2023-03-21 16:37:47,False,3.87e-05,1.146e-08,26091391.0,2.9908,0xc1...e030,https://bscscan.com/tx/0x50cf953fc93d42caf2a97ef6074b43c728533a3449a7bb82cb9dfb0f909387a3
2023-03-21 16:37:47,False,3.871e-05,1.146e-08,7006.5,8.034e-05,0xc1...e030,https://bscscan.com/tx/0x50cf953fc93d42caf2a97ef6074b43c728533a3449a7bb82cb9dfb0f909387a3
2023-03-21 16:37:38,False,3.871e-05,1.146e-08,2587215.0,0.2966,0x42...dd7d,https://bscscan.com/tx/0x8334ddff2975cbc14610a8c302e84e9c01af99482f6f5e56546e3278e6f90e9d
2023-03-21 16:37:38,False,3.872e-05,1.146e-08,47229.1,0.0054,0x42...dd7d,https://bscscan.com/tx/0x8334ddff2975cbc14610a8c302e84e9c01af99482f6f5e56546e3278e6f90e9d
2023-03-21 16:37:14,True,3.89e-05,1.152e-08,190909.0,0.022,0x01...39fa,https://bscscan.com/tx/0x4ccabebb22c0e407a0f9b627174640e3c5069e1d50e27a5a54fadb8402be5a34
2023-03-21 16:37:05,True,3.89e-05,1.152e-08,3429249.0,0.3952,0xb3...0f71,https://bscscan.com/tx/0x9a1d24037d1461cb25f63cfc77d996255517406aff581cc41dfb7dde437c592d
2023-03-21 16:35:50,True,3.89e-05,1.152e-08,7712397.0,0.8886,0xd9...1726,https://bscscan.com/tx/0xf83c5b63c7bd53f44dbd50311ab20d5348f631e3d24e0e2ff48c0cdf4a878494
2023-03-21 16:35:03,True,3.89e-05,1.152e-08,142964.0,0.0164,0xad...c487,https://bscscan.com/tx/0x0e420058eb3a09d5e6d14e7a13cc169efde50f096eac1f2d65e81ca28dba6c3f
2023-03-21 16:33:51,False,3.867e-05,1.146e-08,5157357.0,0.5912,0x90...7746,https://bscscan.com/tx/0xa8dbf285abe2e34980f4e6e259742d24f2a5cf028659be2cf947126f0e45d123
2023-03-21 16:33:51,False,3.867e-05,1.146e-08,10567.9,0.0012,0x90...7746,https://bscscan.com/tx/0xa8dbf285abe2e34980f4e6e259742d24f2a5cf028659be2cf947126f0e45d123
2023-03-21 16:33:24,True,3.886e-05,1.152e-08,1335156.0,0.1538,0x6c...3d2a,https://bscscan.com/tx/0xdf8ddff6992cf174debd6e452e4cc26fdad4773a6cc5044d02510c93b842781c
2023-03-21 16:33:00,False,3.847e-05,1.146e-08,2571139.0,0.2947,0x0c...13ab,https://bscscan.com/tx/0x9294caac2b8e79c5d66a9e445e8835a6589ab4e172f38cd6977d62cb20473314
2023-03-21 16:33:00,False,3.847e-05,1.146e-08,22208.5,0.0025,0x0c...13ab,https://bscscan.com/tx/0x9294caac2b8e79c5d66a9e445e8835a6589ab4e172f38cd6977d62cb20473314
2023-03-21 16:30:57,False,3.843e-05,1.146e-08,8200680.0,0.9403,0x2a...f2c0,https://bscscan.com/tx/0xa53885d94ce13041c26c4930c0e28b3fb0157deede51c25f280944e63a72b592
2023-03-21 16:30:57,False,3.844e-05,1.146e-08,37154.7,0.0042,0x2a...f2c0,https://bscscan.com/tx/0xa53885d94ce13041c26c4930c0e28b3fb0157deede51c25f280944e63a72b592
2023-03-21 16:29:33,False,3.846e-05,1.147e-08,13719708.0,1.57367,0x91...23f5,https://bscscan.com/tx/0xe4d494bef28dce0abec4ab484f20d9974f1661b67019b2a6491b854dd9e75e45
2023-03-21 16:29:33,False,3.847e-05,1.147e-08,14170.5,0.0016,0x91...23f5,https://bscscan.com/tx/0xe4d494bef28dce0abec4ab484f20d9974f1661b67019b2a6491b854dd9e75e45
2023-03-21 16:27:45,False,3.845e-05,1.147e-08,5232596.0,0.6003,0xe5...777c,https://bscscan.com/tx/0xb73c32cf994a96bad7e5ab2f1dd942438fd7a081930d33c9e47e4f931f22c489
2023-03-21 16:27:45,False,3.846e-05,1.147e-08,25370.1,0.0029,0xe5...777c,https://bscscan.com/tx/0xb73c32cf994a96bad7e5ab2f1dd942438fd7a081930d33c9e47e4f931f22c489
2023-03-21 16:27:09,False,3.865e-05,1.147e-08,9368151.0,1.07499,0x76...b52f,https://bscscan.com/tx/0x6239ecb378a231848ae2732e2c1ff235fb7574cf0b0cbe48ab313996fd7f4f7b
2023-03-21 16:27:09,False,3.865e-05,1.147e-08,727.542,8.349e-06,0x76...b52f,https://bscscan.com/tx/0x6239ecb378a231848ae2732e2c1ff235fb7574cf0b0cbe48ab313996fd7f4f7b
2023-03-21 16:27:03,False,3.865e-05,1.147e-08,268652.0,0.0308,0x39...dc6f,https://bscscan.com/tx/0x6197348793e44d502578027a7ade5b2a61f892d7ade48985ac352ad88d082d60
2023-03-21 16:27:03,False,3.865e-05,1.147e-08,51841.8,0.0059,0x39...dc6f,https://bscscan.com/tx/0x6197348793e44d502578027a7ade5b2a61f892d7ade48985ac352ad88d082d60
2023-03-21 16:26:33,True,3.865e-05,1.153e-08,4210000.0,0.4855,0x10...205d,https://bscscan.com/tx/0xc80595214a761c30d031e94c21491394472095d293e4fc3e3c848edf60ce9c24
2023-03-21 16:26:03,True,3.865e-05,1.153e-08,2191987.0,0.2527,0x99...7a2b,https://bscscan.com/tx/0x8309abba0e45714fc85d2d8112bba2c8a3043da8c8d4d41a7fe7c951a9b286c4
2023-03-21 16:24:03,True,3.878e-05,1.153e-08,768059.0,0.0885,0x77...6d06,https://bscscan.com/tx/0xf07c330f834bc4c8c28b58945962bc3e627fb9746cbfa5bba73d3fabd10872fc
2023-03-21 16:23:57,True,3.858e-05,1.153e-08,165746.0,0.0191,0x77...8d70,https://bscscan.com/tx/0xeb7f919d4f4d396a3d0b8de04c9a3320a7034e520975cc5f3a13372913471e43
2023-03-21 16:23:30,False,3.856e-05,1.147e-08,11829263.0,1.35752,0x14...33a6,https://bscscan.com/tx/0xa57473f8f10da71271ea13b2745856b553dbbc00bb5385e39435a1853425bc79
2023-03-21 16:23:30,False,3.856e-05,1.147e-08,17261.6,0.0019,0x14...33a6,https://bscscan.com/tx/0xa57473f8f10da71271ea13b2745856b553dbbc00bb5385e39435a1853425bc79
2023-03-21 16:23:15,True,3.876e-05,1.153e-08,997236.0,0.115,0xc9...f646,https://bscscan.com/tx/0x8b74d75c28b7ca1b7b9aea6d850fcd51716e7c7fe91319a57eb7c06cc09be97a
2023-03-21 16:23:12,True,3.875e-05,1.153e-08,96970.0,0.0111,0x77...8d70,https://bscscan.com/tx/0xb139aa70b487cdda5f06e04a3b9e784680828a15e5d02c98fbff03fc7a2c4d9b
2023-03-21 16:21:54,True,3.878e-05,1.153e-08,715535.0,0.0825,0xcb...da80,https://bscscan.com/tx/0x3f18d958f19e98b7f99ac587db29c84cf4b4643aacb47e55a78e1b480f7b9aec
2023-03-21 16:21:48,False,3.858e-05,1.147e-08,4364885.0,0.5009,0x3b...e915,https://bscscan.com/tx/0x7d10cc642880465f535868ca1d2fb5d61dd80b932f691d42b9f13e847dd9e9e7
2023-03-21 16:21:48,False,3.859e-05,1.147e-08,28828.8,0.0033,0x3b...e915,https://bscscan.com/tx/0x7d10cc642880465f535868ca1d2fb5d61dd80b932f691d42b9f13e847dd9e9e7
2023-03-21 16:21:36,True,3.866e-05,1.153e-08,192240.0,0.0221,0xa7...37bd,https://bscscan.com/tx/0x74cde84feca19bba3cb4c02514be10dc23ee5876156b84e1210c12db017110a3
2023-03-21 16:21:00,True,3.887e-05,1.153e-08,520111.0,0.06,0x90...e403,https://bscscan.com/tx/0xaaf66f872a265fe180fe43c1e81b2f445fb11c490762a4ce696dd3f556d7c2e3
2023-03-21 16:20:30,True,3.885e-05,1.153e-08,10000.0,0.0011,0xe4...4255,https://bscscan.com/tx/0xdb05916e9f9a14a19d065494279911f4984c9f7dcc2234c4b4565783347b496f
2023-03-21 16:19:54,False,3.845e-05,1.147e-08,9925135.0,1.13937,0x32...74cb,https://bscscan.com/tx/0xded54cce31bab575187f124ff9cb2454d8e6ab3e7b28fe9eed4fe8f04c22a6a3
2023-03-21 16:19:54,False,3.845e-05,1.148e-08,136101.0,0.0156,0x32...74cb,https://bscscan.com/tx/0xded54cce31bab575187f124ff9cb2454d8e6ab3e7b28fe9eed4fe8f04c22a6a3
2023-03-21 16:19:54,True,3.862e-05,1.153e-08,45611430.0,5.25997,0xfe...5ad3,https://bscscan.com/tx/0x274444a36537c2d3f1d99228e370e88a8a6622d52d9b46396640dea1dc4a0860
2023-03-21 16:19:27,True,3.86e-05,1.152e-08,3550.8,4.092e-05,0xf7...35bf,https://bscscan.com/tx/0x662d92f2452aa0992f21087ce98ebdeac122934ed5eae1fe083fbe47b555fad5
2023-03-21 16:18:12,True,3.862e-05,1.152e-08,39875.8,0.0046,0xf7...35bf,https://bscscan.com/tx/0xb0e5bb0bd351f2e1f8e03490a93f1a7be81a870a77c3eaf4e5294bd67105f0ba
2023-03-21 16:16:57,True,3.881e-05,1.152e-08,515265.0,0.0593,0x3b...bf58,https://bscscan.com/tx/0x9f13a4b275b73e10e26b06a56c714d3cf723bea4d53305928ea8cbd6b79a5dcd
2023-03-21 16:16:51,True,3.881e-05,1.152e-08,3978561.0,0.4585,0x3f...df12,https://bscscan.com/tx/0x5a3dbe3200f0780a5d2808cdf081b8dcb763c41e3a4510198a0840de6f1748ee
2023-03-21 16:15:54,False,3.862e-05,1.146e-08,258442.0,0.0296,0x70...e2bd,https://bscscan.com/tx/0xc710a4aa12e5f8ae48d61f8ba0359fa73745b00545e397a422c827bb9e4c2f9f
2023-03-21 16:15:54,False,3.862e-05,1.146e-08,43532.9,0.0049,0x70...e2bd,https://bscscan.com/tx/0xc710a4aa12e5f8ae48d61f8ba0359fa73745b00545e397a422c827bb9e4c2f9f
2023-03-21 16:15:51,False,3.863e-05,1.146e-08,16074915.0,1.84364,0x11...cb63,https://bscscan.com/tx/0xa8c857003636b1cb00e14b591eebe4691061cf3e704824d14bbbfc5ed23d9bce
2023-03-21 16:15:51,False,3.863e-05,1.147e-08,67500.0,0.0077,0x11...cb63,https://bscscan.com/tx/0xa8c857003636b1cb00e14b591eebe4691061cf3e704824d14bbbfc5ed23d9bce
2023-03-21 16:15:45,False,3.865e-05,1.147e-08,24925001.0,2.86014,0x72...3ac9,https://bscscan.com/tx/0xb2414a63f71b16e951d3e63ee81e363fa16f313b4850f016f7e583dc2b326a29
2023-03-21 16:15:45,False,3.866e-05,1.147e-08,146209.0,0.0167,0x72...3ac9,https://bscscan.com/tx/0xb2414a63f71b16e951d3e63ee81e363fa16f313b4850f016f7e583dc2b326a29
2023-03-21 16:15:09,True,3.862e-05,1.152e-08,52749426.0,6.08125,0x78...39b8,https://bscscan.com/tx/0xc0cabc871b6d4e34eca3b3faae10f653de6aa7f8e3ab8e973d943feb8496cd00
2023-03-21 16:14:18,True,3.859e-05,1.152e-08,1028449.0,0.1184,0x8d...b28a,https://bscscan.com/tx/0x8c97fe2e90d45c563e943e13d11a8485d2b17f98657b31d334d9d3cafa2091c5
2023-03-21 16:13:51,True,3.858e-05,1.152e-08,273770.0,0.0315,0xba...f190,https://bscscan.com/tx/0x9dd136e0e18d4a5822955ac3dffdc2a8f808ef81395487c98a9c4ef06dd3e7c2
2023-03-21 16:13:09,False,3.839e-05,1.146e-08,99700.0,0.0114,0x2f...9653,https://bscscan.com/tx/0xdd0b0512fb8c0537f0c8a949878ce37795db22054643a61c8cc780d4885ebe4f
2023-03-21 16:13:09,False,3.839e-05,1.146e-08,49014.9,0.0056,0x2f...9653,https://bscscan.com/tx/0xdd0b0512fb8c0537f0c8a949878ce37795db22054643a61c8cc780d4885ebe4f
2023-03-21 16:12:51,False,3.84e-05,1.146e-08,18099221.0,2.0752,0xc7...1eb9,https://bscscan.com/tx/0xe3d0aead90ddc7e50b035e2de5351fe2932c5a3911bb0c99b16e1a7ca9836276
2023-03-21 16:12:51,False,3.841e-05,1.146e-08,16434.3,0.0018,0xc7...1eb9,https://bscscan.com/tx/0xe3d0aead90ddc7e50b035e2de5351fe2932c5a3911bb0c99b16e1a7ca9836276
2023-03-21 16:12:24,True,3.858e-05,1.152e-08,86761.6,0.01,0xb1...9d3f,https://bscscan.com/tx/0x9fd7637a482265a12a7b1afca7bc191c0daf3afb4600a392fe1fb4c594a0a641
2023-03-21 16:12:09,False,3.84e-05,1.146e-08,5982000.0,0.686,0x5f...8d02,https://bscscan.com/tx/0xcb9520855016d288d6ce6355c335ef6f52fec4d84ed1828f15e332d88c6724cd
2023-03-21 16:12:09,False,3.841e-05,1.146e-08,23135.2,0.0026,0x5f...8d02,https://bscscan.com/tx/0xcb9520855016d288d6ce6355c335ef6f52fec4d84ed1828f15e332d88c6724cd
2023-03-21 16:11:09,True,3.879e-05,1.152e-08,2430433.0,0.2801,0x32...7e6e,https://bscscan.com/tx/0xbf40bc02359d6f1ba4b97395f726a88fc982fc99152f3f478b73e1ae03712f39
2023-03-21 16:10:30,True,3.859e-05,1.152e-08,1755000.0,0.2022,0x03...988d,https://bscscan.com/tx/0x47010ff4bbc7557acf8bc5591744ad5b9621d3ef976450e39e1377645ba9823a
2023-03-21 16:09:57,True,3.878e-05,1.152e-08,3449767.0,0.3976,0x6a...6a5a,https://bscscan.com/tx/0xc8127230476f7ca4b02834b589e67e7c1b7d05441bea27eddbb283f2eb574f9b
2023-03-21 16:09:15,False,3.839e-05,1.146e-08,498500.0,0.0571,0x7b...8439,https://bscscan.com/tx/0xe224889a9c6bcfb328651ccaab124462bae31949430bc39d56ac0660ce5e4ef4
2023-03-21 16:09:15,False,3.839e-05,1.146e-08,6254.77,7.172e-05,0x7b...8439,https://bscscan.com/tx/0xe224889a9c6bcfb328651ccaab124462bae31949430bc39d56ac0660ce5e4ef4
2023-03-21 16:08:54,False,3.84e-05,1.146e-08,2309630.0,0.2648,0xcd...95ca,https://bscscan.com/tx/0x8ba440630eb68515e14dacad91376f1e80824c2b8c8c107e7fdce0cd616cddc2
2023-03-21 16:08:54,False,3.84e-05,1.146e-08,4320.08,4.954e-05,0xcd...95ca,https://bscscan.com/tx/0x8ba440630eb68515e14dacad91376f1e80824c2b8c8c107e7fdce0cd616cddc2
2023-03-21 16:08:48,True,3.86e-05,1.152e-08,1100030.0,0.1267,0xf8...af80,https://bscscan.com/tx/0xcb973ed4641d539c9782d129d7f230e2463feea200847f9a31cb1f16e4228e98
2023-03-21 16:07:27,False,3.841e-05,1.146e-08,498500.0,0.0571,0x9b...d0f9,https://bscscan.com/tx/0x31a24e9562aebc0e1aeeed5ed783725f8467d23cd9fdf3c25183441866cce1c3
2023-03-21 16:07:27,False,3.841e-05,1.146e-08,29420.8,0.0033,0x9b...d0f9,https://bscscan.com/tx/0x31a24e9562aebc0e1aeeed5ed783725f8467d23cd9fdf3c25183441866cce1c3
2023-03-21 16:07:15,True,3.86e-05,1.152e-08,140074.0,0.0161,0xa7...37bd,https://bscscan.com/tx/0x2a4b51636aafeeefc860aadbc4b131bbd853616a3cc6ce93f3d85eeb8e6f3754
2023-03-21 16:05:09,True,3.859e-05,1.152e-08,282699.0,0.0325,0x0f...09aa,https://bscscan.com/tx/0x7a4252851f07f31d9f931ce3d68636681c1359bcc1a19c2ae40ec2f7d901f1e4
2023-03-21 16:04:09,True,3.859e-05,1.152e-08,111812.0,0.0128,0x29...44aa,https://bscscan.com/tx/0x46339f2bf70b17279e9fb5dc447a494bcfe5eea3d1e5e6bb2d1574d37d745df8
2023-03-21 16:03:54,False,3.84e-05,1.146e-08,9970000.0,1.14353,0x78...39b8,https://bscscan.com/tx/0x0edb123ac1c4aff8f8cfee72be8ea9be2c400bfeff44ea0b2bb0cf60c2d858f6
2023-03-21 16:03:54,False,3.841e-05,1.147e-08,36259.0,0.0041,0x78...39b8,https://bscscan.com/tx/0x0edb123ac1c4aff8f8cfee72be8ea9be2c400bfeff44ea0b2bb0cf60c2d858f6
2023-03-21 16:01:51,True,3.86e-05,1.152e-08,130214.0,0.015,0x11...60ed,https://bscscan.com/tx/0x2625fcf832f9a0bed4a169d9ce488ffdadcb380d996c7d76f7d869134509c3f2
2023-03-21 16:01:39,True,3.879e-05,1.152e-08,2169205.0,0.25,0x76...a7cd,https://bscscan.com/tx/0x643ea426ba0392b58d0580e60f4e7c2d05fa677fb2c235f093da26a86b10e548
2023-03-21 16:01:00,True,3.859e-05,1.152e-08,4282786.0,0.4937,0xd9...b830,https://bscscan.com/tx/0x5563f270be3ead0104fcb51402b079b63f4ebbb1207d232b17d64210e9ae8dff
2023-03-21 16:00:48,False,3.84e-05,1.147e-08,6826527.0,0.783,0x7d...e655,https://bscscan.com/tx/0xc01e3755a7a40b49f3f2c0285cb47c8c513c32c0a123da2c7737aae0a55edd47
2023-03-21 16:00:48,False,3.84e-05,1.147e-08,16853.9,0.0019,0x7d...e655,https://bscscan.com/tx/0xc01e3755a7a40b49f3f2c0285cb47c8c513c32c0a123da2c7737aae0a55edd47
2023-03-21 15:59:42,True,3.86e-05,1.152e-08,2069181.0,0.2385,0x57...e93f,https://bscscan.com/tx/0xe473d57a906c5cc104a31a70455f1c58a399c9d1e016dbc43bb38e04c0cd957c
2023-03-21 15:59:27,True,3.879e-05,1.152e-08,1301179.0,0.15,0x12...8599,https://bscscan.com/tx/0x2dc520195bb90e9b31491677095b29199d22b9680de306917c048d71f83918b7
2023-03-21 15:58:33,True,3.878e-05,1.152e-08,26024.0,0.003,0xc6...3ee3,https://bscscan.com/tx/0x18da8fbf7543cc81e46c16d4164effc697f51d9cab53edbaa5df85b2ed50734c
2023-03-21 15:58:06,True,3.859e-05,1.152e-08,1908471.0,0.22,0x90...e403,https://bscscan.com/tx/0x5fcce5e5dd9c5f74a03c869450c7ff9c78cd004cbf6841ec1632aa93284240b0
2023-03-21 15:57:14,True,3.879e-05,1.152e-08,433757.0,0.05,0x69...aaae,https://bscscan.com/tx/0x3ddb9255a00f3959cf91553d3028f5d9c6db96bc8e9a63a0b1c53e568f284c01
2023-03-21 15:57:02,True,3.859e-05,1.152e-08,283570.0,0.0326,0x61...265f,https://bscscan.com/tx/0x07ba8b63c900541a04403752333a10221aa5abc2239d8db9fdcd34a61a23aefe
2023-03-21 15:56:53,False,3.859e-05,1.146e-08,219355.0,0.0251,0xe3...db0d,https://bscscan.com/tx/0x5fce4637521d9952087ac9c0aaad8c202d138d72757c1b9274bbf1eab0965961
2023-03-21 15:56:53,False,3.859e-05,1.146e-08,281392.0,0.0322,0xe3...db0d,https://bscscan.com/tx/0x5fce4637521d9952087ac9c0aaad8c202d138d72757c1b9274bbf1eab0965961
2023-03-21 15:56:23,True,3.858e-05,1.152e-08,18049817.0,2.08017,0x51...fe68,https://bscscan.com/tx/0xb0e5bd38d49d6ee420d58c3854fae9ccc2565c05e467e0d269aa657f7ba246ff
2023-03-21 15:55:22,True,3.858e-05,1.152e-08,439259.0,0.0506,0x76...a7cd,https://bscscan.com/tx/0x329f0933d80a1f66e0010886af3c6058df9d9274cf929ee13bc784412e6b54ee
