datetime,buy_order,price_USD,price_native,amount_token,total_native,maker,etherscan_url
2023-03-31 08:34:13,False,3.312e-05,1.046e-08,398800.0,0.0417,0xd4...a965,https://bscscan.com/tx/0x1be8b73b2523177dcc4626d2c6b48b33aec81f44dfc753b402ca51b3a68f4f02
2023-03-31 08:34:13,False,3.312e-05,1.046e-08,10171.9,0.001,0xd4...a965,https://bscscan.com/tx/0x1be8b73b2523177dcc4626d2c6b48b33aec81f44dfc753b402ca51b3a68f4f02
2023-03-31 08:29:46,True,3.328e-05,1.051e-08,9507.07,0.001,0x43...f867,https://bscscan.com/tx/0xa9f087a3f2959faf02ed4e0c77045fa664bd1e6ea36f258eaac44d2b9e029186
2023-03-31 08:28:19,True,3.312e-05,1.051e-08,760572.0,0.08,0x1d...98e4,https://bscscan.com/tx/0xf101c80f8272ac9ffce728f8972ba3233a5c2e1c7421969eb9f9d00dc69a42a4
2023-03-31 08:28:10,True,3.312e-05,1.051e-08,427828.0,0.045,0x43...f867,https://bscscan.com/tx/0x71acf9c7b4d8abf475906efc783d60cfa974d8351fd335179a18c44e8e1533df
2023-03-31 08:26:22,False,3.31e-05,1.046e-08,2561749.0,0.2681,0xc6...2112,https://bscscan.com/tx/0x36e0e8d738b180239420b4fb7dc83ba16bf52c56db3c1225c3c818828f869cf9
2023-03-31 08:26:22,False,3.31e-05,1.046e-08,183410.0,0.0192,0xc6...2112,https://bscscan.com/tx/0x36e0e8d738b180239420b4fb7dc83ba16bf52c56db3c1225c3c818828f869cf9
2023-03-31 08:25:10,True,3.309e-05,1.051e-08,27464414.0,2.888,0x71...207d,https://bscscan.com/tx/0x4d9b99aa8a6ec09d6106f80aaf9c7be81587c386a66d6c3de5ea13951853c729
2023-03-31 08:22:34,True,3.311e-05,1.051e-08,180000.0,0.0189,0xfa...898d,https://bscscan.com/tx/0xb61caa4bd3b907091d251df5347b540e8632a4f078f931b93aab2b9c64ef1e2b
2023-03-31 08:07:43,True,3.313e-05,1.051e-08,30000.0,0.0031,0x5d...abd8,https://bscscan.com/tx/0x485121209199340e8c4638b5f1a3deea7739d2adf513ee6e093e2a5c6de8a86f
2023-03-31 08:05:46,True,3.312e-05,1.051e-08,100000.0,0.0105,0x5d...abd8,https://bscscan.com/tx/0x04d89a0188adbc9ce9a28df4c8ce974ba33d678746375dc7ed1c1dd6d4779d19
2023-03-31 08:05:19,True,3.328e-05,1.05e-08,19555964.0,2.05522,0xcc...0331,https://bscscan.com/tx/0xc4276b0db26869253440c78ce7e8f291a80e40d492fb1de46dfe22b7a760f498
2023-03-31 08:03:19,True,3.31e-05,1.05e-08,19561298.0,2.05483,0xcc...0331,https://bscscan.com/tx/0x4ee9155d477254d8330964e82da2134ec54cf7ecb56bfed9073559a3f453bcad
2023-03-31 08:03:01,False,3.309e-05,1.044e-08,1034887.0,0.1081,0x53...e0e2,https://bscscan.com/tx/0x70638457ac1845b8beaa6e1badc7a884925e1e702b8779b38a32c77e309b27ee
2023-03-31 08:03:01,False,3.309e-05,1.044e-08,5355.2,5.596e-05,0x53...e0e2,https://bscscan.com/tx/0x70638457ac1845b8beaa6e1badc7a884925e1e702b8779b38a32c77e309b27ee
2023-03-31 08:02:40,False,3.309e-05,1.045e-08,1977459.0,0.2066,0xb0...5d20,https://bscscan.com/tx/0x1ca4430b5abefbad002db825c5b52fcf13a9aca7fea9ef98b422357da5dce0f5
2023-03-31 08:02:40,False,3.309e-05,1.045e-08,3971.91,4.15e-05,0xb0...5d20,https://bscscan.com/tx/0x1ca4430b5abefbad002db825c5b52fcf13a9aca7fea9ef98b422357da5dce0f5
2023-03-31 07:59:22,True,3.309e-05,1.05e-08,335521.0,0.0352,0xfb...9ff5,https://bscscan.com/tx/0xd93ace621b40a6f3a2a60e9ef61a56dd01f4fde4a9124444bb4fefa29c30dc78
2023-03-31 07:56:58,False,3.293e-05,1.045e-08,1132151.0,0.1183,0x99...aa37,https://bscscan.com/tx/0x37ee30133603b64a5e516e4b7ad8d2461fdb6f912561dbe3b1f5661ab3cb106b
2023-03-31 07:56:58,False,3.293e-05,1.045e-08,2160.0,2.257e-05,0x99...aa37,https://bscscan.com/tx/0x37ee30133603b64a5e516e4b7ad8d2461fdb6f912561dbe3b1f5661ab3cb106b
2023-03-31 07:52:34,False,3.299e-05,1.045e-08,797600.0,0.0833,0x2f...9653,https://bscscan.com/tx/0x37593e59f8f8463ad8b16cad99cab4a019511d4a85ba5328aa67cbd5c0610b99
2023-03-31 07:52:34,False,3.299e-05,1.045e-08,106475.0,0.0111,0x2f...9653,https://bscscan.com/tx/0x37593e59f8f8463ad8b16cad99cab4a019511d4a85ba5328aa67cbd5c0610b99
2023-03-31 07:51:55,True,3.315e-05,1.05e-08,19523265.0,2.0501,0xcc...0331,https://bscscan.com/tx/0xcf118eb421c4d22849da4f402a09f7d45093fb08e530730781ceeef746610ad2
2023-03-31 07:49:55,True,3.331e-05,1.049e-08,19518589.0,2.04866,0xcc...0331,https://bscscan.com/tx/0xcc23a6ecc7bbe89db9b49058cab0d3d2dea4ab12f494382732f0ccbf780ab580
2023-03-31 07:49:13,False,3.314e-05,1.044e-08,392284.0,0.0409,0x5c...e99f,https://bscscan.com/tx/0x2d09ad4fa20fd4236be236d721a9b60971475e17ab24dbba68df94ef3458b9c4
2023-03-31 07:49:13,False,3.314e-05,1.044e-08,301537.0,0.0314,0x5c...e99f,https://bscscan.com/tx/0x2d09ad4fa20fd4236be236d721a9b60971475e17ab24dbba68df94ef3458b9c4
2023-03-31 07:47:55,True,3.313e-05,1.049e-08,19519501.0,2.04784,0xcc...0331,https://bscscan.com/tx/0x94da996ec1b42808aab80806f269b00b0dd578dd124aab608abf8645dcbf702f
2023-03-31 07:47:49,True,3.311e-05,1.048e-08,30146848.0,3.1609,0xc1...f4fe,https://bscscan.com/tx/0xc28883f428e9e1fefe5ce7e64f9f52b0a0617de9f5916698d0aab53f1ad4a41e
2023-03-31 07:47:34,True,3.31e-05,1.048e-08,3629.57,3.804e-05,0xb9...7d27,https://bscscan.com/tx/0x2742e5c93e7a33f18b0840a003488cdfcf383ff6f219c83d1a809cbaaff59656
2023-03-31 07:47:28,False,3.296e-05,1.043e-08,61824280.0,6.45235,0x1e...393c,https://bscscan.com/tx/0x8d62ff56a7574a8f1fc854a762ae699597b6031210aceef0e5013669baa22225
2023-03-31 07:47:28,False,3.298e-05,1.044e-08,85685.9,0.0089,0x1e...393c,https://bscscan.com/tx/0x8d62ff56a7574a8f1fc854a762ae699597b6031210aceef0e5013669baa22225
2023-03-31 07:45:55,True,3.33e-05,1.049e-08,19522407.0,2.04873,0xcc...0331,https://bscscan.com/tx/0x44faca751d809074bbeffe80da689e33fed15eb44d79b75919ad0b1b5592c0ba
2023-03-31 07:44:19,False,3.313e-05,1.044e-08,12024491.0,1.25547,0xd5...806f,https://bscscan.com/tx/0xdd5b9ae393ca10ba6b3d7bf059213dd4ed0f67f181ee90c0f76247187510fd77
2023-03-31 07:44:19,False,3.314e-05,1.044e-08,505921.0,0.0528,0xd5...806f,https://bscscan.com/tx/0xdd5b9ae393ca10ba6b3d7bf059213dd4ed0f67f181ee90c0f76247187510fd77
2023-03-31 07:44:04,True,3.313e-05,1.049e-08,19549093.0,2.05119,0xcc...0331,https://bscscan.com/tx/0x3e0467486eccae26b8dc5fe65ab54ea87e5c2d61e4412ac2158261c88769f831
2023-03-31 07:40:52,True,3.312e-05,1.048e-08,953295.0,0.1,0x9e...4ffd,https://bscscan.com/tx/0x286a5bbb3e9b37ad367e640a9abf14f38cf61caf30cad9b1398d15313add2b77
2023-03-31 07:39:49,True,3.311e-05,1.048e-08,19543561.0,2.0496,0xcc...0331,https://bscscan.com/tx/0xe17b3414806abc4c1e40544c05ee5edeb10944f3a6cf6f3e514e29983a52dc33
2023-03-31 07:38:07,True,3.327e-05,1.048e-08,18091784.0,1.8965,0xc1...f4fe,https://bscscan.com/tx/0xbfb90af5563f444940f2bd2d83f468bb56c96fe9d3263867a605773acde61d91
2023-03-31 07:37:40,True,3.325e-05,1.047e-08,23462276.0,2.45825,0x20...946b,https://bscscan.com/tx/0x5ff214589c47fd552535998cea21600518bdf5d466ff11ed080ec873990445d1
2023-03-31 07:37:34,True,3.323e-05,1.047e-08,19561692.0,2.04852,0xcc...0331,https://bscscan.com/tx/0x939620ab67578303978aa3beaa165bf884ddc4d31fcad031112ae7a155edb07d
2023-03-31 07:34:19,True,3.322e-05,1.046e-08,477081.0,0.0499,0xd7...32c0,https://bscscan.com/tx/0x95538b40433adf73a0a1c9565f6cee9c9d9417b1d1a297bb97a08a9b83abfc49
2023-03-31 07:34:01,True,3.306e-05,1.046e-08,148669.0,0.0155,0xfb...f289,https://bscscan.com/tx/0x9663cdf1bdc9bf00aa47c0d6bdb25eb85b1a7fd231d16d8fcaf891d52b715f93
2023-03-31 07:33:37,True,3.322e-05,1.046e-08,19590639.0,2.05056,0xcc...0331,https://bscscan.com/tx/0xd09f7f8b21525e4f41370873b5578bb976f249a35d77741cc1a124f69db4cb01
2023-03-31 07:31:40,True,3.32e-05,1.046e-08,18650546.0,1.95128,0x20...946b,https://bscscan.com/tx/0xe6ff6b5f3864de6b3959b459d0c994fa2fe050f1b5774cba9879ff99730019a8
2023-03-31 07:31:37,True,3.318e-05,1.045e-08,19646958.0,2.05459,0xcc...0331,https://bscscan.com/tx/0xd949dc862aa3768f85c68e078385d8bd35f7ae2e6751a543164df8343cded3af
2023-03-31 07:27:46,False,3.286e-05,1.04e-08,9577464.0,0.9964,0x17...2019,https://bscscan.com/tx/0xc473867f506078d5266fe80c635b127a288610141db0c1cd5ec24f4c2664053c
2023-03-31 07:27:46,False,3.287e-05,1.04e-08,2885.19,3.002e-05,0x17...2019,https://bscscan.com/tx/0xc473867f506078d5266fe80c635b127a288610141db0c1cd5ec24f4c2664053c
2023-03-31 07:25:04,False,3.304e-05,1.04e-08,1065385.0,0.1108,0x4e...585e,https://bscscan.com/tx/0x62319e0fc031c7fc0c411f3a439d2470c0b12512c82d6b067c3cf2f2270406a6
2023-03-31 07:25:04,False,3.304e-05,1.04e-08,8075.65,8.403e-05,0x4e...585e,https://bscscan.com/tx/0x62319e0fc031c7fc0c411f3a439d2470c0b12512c82d6b067c3cf2f2270406a6
2023-03-31 07:20:04,False,3.302e-05,1.04e-08,2982009.0,0.3103,0x7e...3c8b,https://bscscan.com/tx/0xeb203dbc7b6f3b5a4232ecd23120ea172032c660474408c259c6f1886f164a0c
2023-03-31 07:20:04,False,3.303e-05,1.04e-08,3054.01,3.178e-05,0x7e...3c8b,https://bscscan.com/tx/0xeb203dbc7b6f3b5a4232ecd23120ea172032c660474408c259c6f1886f164a0c
2023-03-31 07:19:34,True,3.319e-05,1.045e-08,1064717.0,0.1113,0x27...f1c0,https://bscscan.com/tx/0x2820622bcabd5fae478d293c3bdf4ba84954ccb0353e518b2908c2611fa51b11
2023-03-31 07:14:16,False,3.286e-05,1.04e-08,66199.6,0.0068,0x05...d7ee,https://bscscan.com/tx/0x7dae919ee352d5806ae25f3160cc294e345bb8b29a2a71bd04517763a0b2f7ed
2023-03-31 07:14:16,False,3.286e-05,1.04e-08,18859.0,0.0019,0x05...d7ee,https://bscscan.com/tx/0x7dae919ee352d5806ae25f3160cc294e345bb8b29a2a71bd04517763a0b2f7ed
2023-03-31 07:10:04,True,3.319e-05,1.045e-08,2980612.0,0.3117,0xd7...9069,https://bscscan.com/tx/0x5376624d73ae984395d00961dcd3cd88c6c386b61b3be4ffa10fb54ee238ab5c
2023-03-31 07:07:28,True,3.302e-05,1.045e-08,1277823.0,0.1336,0x57...0cd6,https://bscscan.com/tx/0x9ed3d493437466be321c4f92abe6e8cf16d9bac032e18adb4e9ac1636f568058
2023-03-31 07:06:58,False,3.302e-05,1.04e-08,2718212.0,0.2828,0xeb...ccfa,https://bscscan.com/tx/0x392cd11702c4c9b0e16170ec39c2ad4899a272405c63cc7deada2dd08bbe26c0
2023-03-31 07:06:58,False,3.302e-05,1.04e-08,3738.98,3.89e-05,0xeb...ccfa,https://bscscan.com/tx/0x392cd11702c4c9b0e16170ec39c2ad4899a272405c63cc7deada2dd08bbe26c0
2023-03-31 07:01:04,False,3.286e-05,1.04e-08,1380654.0,0.1436,0xcb...5cc2,https://bscscan.com/tx/0x88a95ef34f224a4bb56c045f6554c1ad9a620106a4e96e0880647abbaba8d30a
2023-03-31 07:01:04,False,3.286e-05,1.04e-08,1294.89,1.347e-05,0xcb...5cc2,https://bscscan.com/tx/0x88a95ef34f224a4bb56c045f6554c1ad9a620106a4e96e0880647abbaba8d30a
2023-03-31 06:59:39,False,3.302e-05,1.04e-08,478150.0,0.0497,0xeb...dd0e,https://bscscan.com/tx/0x88c307ae3763e0ae6fadf842412cc8ad9df95c85c5b11c749d68b6d33286b18c
2023-03-31 06:59:39,False,3.302e-05,1.04e-08,1686.5,1.754e-05,0xeb...dd0e,https://bscscan.com/tx/0x88c307ae3763e0ae6fadf842412cc8ad9df95c85c5b11c749d68b6d33286b18c
2023-03-31 06:58:00,False,3.302e-05,1.04e-08,622755.0,0.0648,0xa8...afed,https://bscscan.com/tx/0x4c11f6f6cf54102e62b096707451b154c9930265f559f2453fab13dd87927141
2023-03-31 06:58:00,False,3.302e-05,1.04e-08,81621.5,0.0084,0xa8...afed,https://bscscan.com/tx/0x4c11f6f6cf54102e62b096707451b154c9930265f559f2453fab13dd87927141
2023-03-31 06:55:48,False,3.303e-05,1.04e-08,30139479.0,3.13752,0x4d...9621,https://bscscan.com/tx/0xc72026d077be9548ebc0c45618ea8e4b97f6ca7a33e856b9f5775cf461db957d
2023-03-31 06:55:48,False,3.305e-05,1.041e-08,72955.9,0.0076,0x4d...9621,https://bscscan.com/tx/0xc72026d077be9548ebc0c45618ea8e4b97f6ca7a33e856b9f5775cf461db957d
2023-03-31 06:48:30,True,3.321e-05,1.046e-08,19588866.0,2.04969,0xcc...0331,https://bscscan.com/tx/0x16e9db58bb53edc912c070bb7bd7bd13972099be113125d8571593c1ae1a1a42
2023-03-31 06:47:57,False,3.286e-05,1.04e-08,7409542.0,0.7713,0xe7...a86d,https://bscscan.com/tx/0x261598376c5e6f1e6e2deb460250bc1eafbc3c66fe2c31c71aea49fa2c28ca57
2023-03-31 06:47:57,False,3.286e-05,1.041e-08,322.697,3.359e-06,0xe7...a86d,https://bscscan.com/tx/0x261598376c5e6f1e6e2deb460250bc1eafbc3c66fe2c31c71aea49fa2c28ca57
2023-03-31 06:47:39,False,3.302e-05,1.041e-08,119159.0,0.0124,0x20...0716,https://bscscan.com/tx/0x295cd36eaa36c6bf1a8873752cc1b8dd7ced465dad3f153a5d62f0aedd7ded60
2023-03-31 06:47:39,False,3.302e-05,1.041e-08,6779.12,7.057e-05,0x20...0716,https://bscscan.com/tx/0x295cd36eaa36c6bf1a8873752cc1b8dd7ced465dad3f153a5d62f0aedd7ded60
2023-03-31 06:44:00,False,3.286e-05,1.041e-08,2503254.0,0.2606,0xcc...31e0,https://bscscan.com/tx/0xe0c5d6eb2c58b32835d79ec95e7b295685cf88208ad446003258ca958c40c705
2023-03-31 06:44:00,False,3.286e-05,1.041e-08,169155.0,0.0176,0xcc...31e0,https://bscscan.com/tx/0xe0c5d6eb2c58b32835d79ec95e7b295685cf88208ad446003258ca958c40c705
2023-03-31 06:43:09,True,3.302e-05,1.046e-08,19593617.0,2.04973,0xcc...0331,https://bscscan.com/tx/0x793b7a0908a03a99aebbe9afd9b92b44dc36a8c394641406ae6a202bb5685495
2023-03-31 06:40:57,True,3.316e-05,1.045e-08,19601235.0,2.04957,0xcc...0331,https://bscscan.com/tx/0x7b81cda10be7418a043a7c6cab8d7d32f928dedcd8fc75ee82416b96bf4c55d7
2023-03-31 06:38:54,True,3.315e-05,1.045e-08,19617236.0,2.05028,0xcc...0331,https://bscscan.com/tx/0xfb81c6cdc62c6fdfc51fef60d4de1aabba3aed5aa19c88817541018a5b5a5aa7
2023-03-31 06:38:00,False,3.297e-05,1.039e-08,3826486.0,0.3978,0xfa...60f0,https://bscscan.com/tx/0x847b5bc6a8006caf313930b285e3f64f3e9e3e34eca24000fac9e47f7e8839da
2023-03-31 06:38:00,False,3.298e-05,1.039e-08,457691.0,0.0475,0xfa...60f0,https://bscscan.com/tx/0x847b5bc6a8006caf313930b285e3f64f3e9e3e34eca24000fac9e47f7e8839da
2023-03-31 06:36:54,True,3.313e-05,1.044e-08,19611485.0,2.04894,0xcc...0331,https://bscscan.com/tx/0x3c96954bddcbe90eac07fbedaf18d9a1f059e6748f96aecd8da2c555b484db7e
2023-03-31 06:36:00,True,3.295e-05,1.044e-08,30290721.0,3.16278,0xc1...f4fe,https://bscscan.com/tx/0x1302e8c068f1d158bc47edc1924d8f215a0d1c906211e577520ad0dde5a08fe1
2023-03-31 06:35:12,True,3.293e-05,1.043e-08,19613014.0,2.04666,0xcc...0331,https://bscscan.com/tx/0x49a57ffbfae7227e4c48f38334134f2fde44abe18e1ae572fa2a790dc67f151d
2023-03-31 06:35:09,False,3.279e-05,1.039e-08,99700000.0,10.3618,0x70...7ec9,https://bscscan.com/tx/0xccc764836b8373c8d6de77201eedbaa34c9285406795e4e872586e32d9c3da8a
2023-03-31 06:35:09,False,3.283e-05,1.04e-08,2700.0,2.809e-05,0x70...7ec9,https://bscscan.com/tx/0xccc764836b8373c8d6de77201eedbaa34c9285406795e4e872586e32d9c3da8a
2023-03-31 06:33:21,False,3.284e-05,1.04e-08,997000.0,0.1037,0x80...1527,https://bscscan.com/tx/0x0e71e5a43ea0f668ec915bd3ecddb4598b3d21536bbcf050769f220f72140562
2023-03-31 06:33:21,False,3.284e-05,1.04e-08,177485.0,0.0184,0x80...1527,https://bscscan.com/tx/0x0e71e5a43ea0f668ec915bd3ecddb4598b3d21536bbcf050769f220f72140562
2023-03-31 06:33:03,True,3.3e-05,1.045e-08,19622534.0,2.05161,0xcc...0331,https://bscscan.com/tx/0x13c52525e3cb95779642409ad477dbbeaaf2d801aed708a6781e46a38312359b
2023-03-31 06:30:48,True,3.299e-05,1.045e-08,19634591.0,2.05191,0xcc...0331,https://bscscan.com/tx/0xcb856fb8b348df6043d24cd23447cd3d7a81abe971cf9b74f16c1d1b4eb4c9ad
2023-03-31 06:29:48,True,3.315e-05,1.044e-08,191424.0,0.02,0x2d...48f8,https://bscscan.com/tx/0xffa08e64681daeea6f06162baa2eab421869357d3911cd4b329cb112088c4981
2023-03-31 06:29:21,True,3.299e-05,1.044e-08,2492560.0,0.2604,0x25...fdd5,https://bscscan.com/tx/0x8e4ba73d5596fd2023c05ffbde3cb74059581440a7415c693d816e79f0b2e013
2023-03-31 06:29:03,True,3.299e-05,1.044e-08,287154.0,0.03,0xca...ee5e,https://bscscan.com/tx/0xb3454720d400ae9835cdf555a863ce0c02aa1cbacc9b13329c792de6d9060c2f
2023-03-31 06:28:18,True,3.315e-05,1.044e-08,452406.0,0.0472,0xb5...2c37,https://bscscan.com/tx/0xf9ec368cb7b4d1566ed8d3880ec45f38ec2f7bb8dc60b96eea909548131b953a
2023-03-31 06:25:48,True,3.317e-05,1.044e-08,19648533.0,2.05224,0xcc...0331,https://bscscan.com/tx/0xbd66e800a148f9aa5b23692388237b086b3d5202197ee9cc4758468551017f66
2023-03-31 06:25:39,False,3.3e-05,1.039e-08,3395869.0,0.3528,0xc0...5117,https://bscscan.com/tx/0x7308f0b60ea0387a14eb797267894d8d7214f0ff00b27b9ace6927286050580e
2023-03-31 06:25:39,False,3.3e-05,1.039e-08,188769.0,0.0196,0xc0...5117,https://bscscan.com/tx/0x7308f0b60ea0387a14eb797267894d8d7214f0ff00b27b9ace6927286050580e
2023-03-31 06:22:33,True,3.3e-05,1.044e-08,3105284.0,0.3242,0x81...e9fa,https://bscscan.com/tx/0xee8d52a5e74946e5dfbe48e546a5400e67fb63d338c1f6552a0cce8f119aa02a
2023-03-31 06:22:30,True,3.299e-05,1.043e-08,19654653.0,2.05194,0xcc...0331,https://bscscan.com/tx/0xf812e9b71b02314f1dab1640bcf6fb0b1a435395e90340d6dfe8be800393c8c1
2023-03-31 06:21:51,True,3.315e-05,1.043e-08,5759356.0,0.601,0xd0...cfd2,https://bscscan.com/tx/0x2a33ab137f9acb3636c45b1edfbaae07bc1e712e826b216681a50212a79e3b02
2023-03-31 06:19:58,True,3.298e-05,1.043e-08,19669832.0,2.05229,0xcc...0331,https://bscscan.com/tx/0x98f62aa37bf2015c41b8860cf94547276f0f0a2994f53aaf09e7b15d816e493b
2023-03-31 06:17:36,True,3.313e-05,1.042e-08,12273565.0,1.2801,0x71...207d,https://bscscan.com/tx/0x16f8e0245602a91addb37a8d582eb7c2882ad1c584fe68f556de77a95b810447
2023-03-31 06:15:18,True,3.297e-05,1.042e-08,86304.6,0.009,0xbd...a81d,https://bscscan.com/tx/0x81c37ae368ac1fa5742f15dc054c01a94c3f7da9a8a320ea4e58be7675826f9b
2023-03-31 06:13:06,True,3.315e-05,1.042e-08,500000.0,0.0521,0x8c...fd5c,https://bscscan.com/tx/0xaff7cc9684467f70eace97568c4b6604c5a91421dcac8dbdfade52ded5abd2f4
2023-03-31 06:08:06,True,3.315e-05,1.042e-08,306866.0,0.032,0x47...74e6,https://bscscan.com/tx/0x169b2f218e42794889beb16d80c78b56e264a3c23096dc556d9113503b516976
2023-03-31 06:07:03,True,3.315e-05,1.042e-08,76716.8,0.008,0x76...07ec,https://bscscan.com/tx/0x41eda163b8381d6cc6f3e3b7c6e9b214453e28a54f0ce58f9cbed691f6b9779a
2023-03-31 06:03:33,True,3.316e-05,1.042e-08,150766.0,0.0157,0xd1...8c38,https://bscscan.com/tx/0x40968d6d9dfa7313eea43898f7efaf0e548c70690d1809ad772b6fa9ba8a89f2
2023-03-31 06:03:00,True,3.299e-05,1.042e-08,223518.0,0.0233,0xb7...d1f1,https://bscscan.com/tx/0x21dd3fa4069c6f9d7bfb7672ec3790559aaaaf87ccea419aed21b64a9320294c
2023-03-31 06:02:39,True,3.316e-05,1.042e-08,661694.0,0.069,0xd6...eeea,https://bscscan.com/tx/0x6a14263d4d615243c1d4d04c5bcd8bb97e05a065204a469a91514a2cf07e161c
2023-03-31 06:01:45,False,3.299e-05,1.037e-08,938729.0,0.0974,0x90...59e7,https://bscscan.com/tx/0xef5a89abe89fa272a0ff6679652f32e4a02a9ad232c59f0013fab1f8ccba1236
2023-03-31 06:01:45,False,3.299e-05,1.037e-08,41161.9,0.0042,0x90...59e7,https://bscscan.com/tx/0xef5a89abe89fa272a0ff6679652f32e4a02a9ad232c59f0013fab1f8ccba1236
2023-03-31 06:01:06,True,3.3e-05,1.042e-08,1399390.0,0.1459,0xee...60af,https://bscscan.com/tx/0x718d1f3eebb064bf6f76441c8910ede51b77080ee3d177c1dc4499a6d4449698
2023-03-31 05:57:39,True,3.317e-05,1.042e-08,559394.0,0.0583,0x3d...a5b5,https://bscscan.com/tx/0xc8533f44fa4dd9b8b65a0ccf1ddf9835ec28c8a77cc88708781b54a3b81fb190
2023-03-31 05:46:35,True,3.3e-05,1.042e-08,60417.5,0.0063,0x10...eebc,https://bscscan.com/tx/0xb2ff2261b6e58f9cc1e5ea5a6a2315a3f2ec7acdd4ff8c537b97ccd1279cc0f0
2023-03-31 05:43:26,True,3.3e-05,1.042e-08,11577300.0,1.20705,0xee...60af,https://bscscan.com/tx/0x4469600746625303569f3ef32090d341b415dfc1e98fb67eafbcb5dd5b79224a
2023-03-31 05:40:26,False,3.298e-05,1.037e-08,1643688.0,0.1705,0x41...d500,https://bscscan.com/tx/0x3747ac25e658bfeccc81380889ec30c28a839aeaf88709df303064f297cb5973
2023-03-31 05:40:26,False,3.298e-05,1.037e-08,5652.04,5.862e-05,0x41...d500,https://bscscan.com/tx/0x3747ac25e658bfeccc81380889ec30c28a839aeaf88709df303064f297cb5973
2023-03-31 05:37:11,True,3.298e-05,1.042e-08,823575.0,0.0858,0xa6...3186,https://bscscan.com/tx/0xda7c0d449a0f1cd9305623f5eaad6afd049d0e74c005891926c18287a0a479e6
2023-03-31 05:37:02,True,3.3e-05,1.042e-08,582111.0,0.0607,0x2f...5130,https://bscscan.com/tx/0x93e93b5d06adb01d04c6d4f5715c5c57183ee4de76705e142c53ffee85fbdaca
2023-03-31 05:36:11,True,3.313e-05,1.042e-08,30175.8,0.0031,0xd5...bd0f,https://bscscan.com/tx/0xb3eaff54168e326c7b67f5213c648df72e8428245462933bb82efd9df1634a51
2023-03-31 05:35:53,False,3.279e-05,1.037e-08,655513.0,0.0679,0x2e...a6e4,https://bscscan.com/tx/0x1c07176fe3d6d18cb67b5a65cca7992021d8f0b91731b7533f4f96ecb6e0ce49
2023-03-31 05:35:53,False,3.279e-05,1.037e-08,144941.0,0.015,0x2e...a6e4,https://bscscan.com/tx/0x1c07176fe3d6d18cb67b5a65cca7992021d8f0b91731b7533f4f96ecb6e0ce49
2023-03-31 05:35:47,True,3.296e-05,1.042e-08,452807.0,0.0472,0xe6...5b33,https://bscscan.com/tx/0x45a5e95c9c48dd056af8efcb5a8b6cc4db4045c4b3dab7c917faf28152bfdf47
2023-03-31 05:35:02,True,3.294e-05,1.042e-08,7393467.0,0.7706,0xcf...d44b,https://bscscan.com/tx/0xcb9d669715af5cf66a419e1595b8d5017c20db3847f9380a206804fb4ee1bbb3
2023-03-31 05:29:21,True,3.31e-05,1.042e-08,1397702.0,0.1456,0xab...ec77,https://bscscan.com/tx/0x28feb1b91c853ef2528c2d265247d86db06a2aac5f3c565bb45d9ba6b796e16f
2023-03-31 05:27:18,True,3.307e-05,1.041e-08,39902304.0,4.15685,0xfe...5ad3,https://bscscan.com/tx/0x18e78460460fd0b4ea6812d8799485b9d329faa844d6358def1326f95b3f9b36
2023-03-31 05:24:09,False,3.273e-05,1.036e-08,3618632.0,0.3749,0x11...fd45,https://bscscan.com/tx/0x477946be65e3fa7d0d5f361faa0464fd60c1c0c3c1ba1a2193a3bcdefd5ca8aa
2023-03-31 05:24:09,False,3.273e-05,1.036e-08,291806.0,0.0302,0x11...fd45,https://bscscan.com/tx/0x477946be65e3fa7d0d5f361faa0464fd60c1c0c3c1ba1a2193a3bcdefd5ca8aa
2023-03-31 05:21:15,True,3.306e-05,1.041e-08,19666260.0,2.04749,0xcc...0331,https://bscscan.com/tx/0x8fbae04c097687bc60500d77749bf7651b5872bb191b02894d755ddf55f498a6
2023-03-31 05:19:30,True,3.305e-05,1.04e-08,1457192.0,0.1516,0x79...d44a,https://bscscan.com/tx/0xfe4673cd9358a2c1d853f212df2ce0e13ac978c18532c781e7a2f003bb4694c8
2023-03-31 05:19:27,True,3.304e-05,1.04e-08,19678011.0,2.04768,0xcc...0331,https://bscscan.com/tx/0x1387c002643337e84fd3f727aeed3fd42aa7a11c3bf9def8889227a3b61278b1
2023-03-31 05:15:54,True,3.303e-05,1.04e-08,19675741.0,2.04649,0xcc...0331,https://bscscan.com/tx/0x87daa9fd5929792cd16eccf7f3835770c581a98757630f710d6002acc26a85fa
2023-03-31 05:13:57,True,3.287e-05,1.039e-08,19693921.0,2.04743,0xcc...0331,https://bscscan.com/tx/0x32e810c93c17f0c74c474484e6aebe2758af0e129b9bfbe63fed1f84d004ebd7
2023-03-31 05:12:39,True,3.301e-05,1.039e-08,26042804.0,2.706,0xbc...0072,https://bscscan.com/tx/0x4b10b17461b23e48f59a400afd4d9cb67af9ebb52063aa83f00fbfcc7d6561f6
2023-03-31 05:12:27,True,3.3e-05,1.038e-08,50000.0,0.0051,0xba...6c94,https://bscscan.com/tx/0xcf3a1e92a5016f2a9311193f9aaced9011c9cb8233874b4f04c3e90fc60f9e02
2023-03-31 05:12:21,False,3.284e-05,1.033e-08,997000.0,0.103,0x1e...552f,https://bscscan.com/tx/0xafe85a37bb8d263117820bd781f7de9ca3352caa63505555e008714983ddeb8d
2023-03-31 05:12:21,False,3.284e-05,1.033e-08,56032.6,0.0057,0x1e...552f,https://bscscan.com/tx/0xafe85a37bb8d263117820bd781f7de9ca3352caa63505555e008714983ddeb8d
2023-03-31 05:11:21,True,3.3e-05,1.038e-08,19711184.0,2.04705,0xcc...0331,https://bscscan.com/tx/0x3b59922d9595d4fefc72c265c3cb25054789a2ce68adab537ce2bd24ef101a60
2023-03-31 05:10:27,False,3.266e-05,1.033e-08,1038492.0,0.1072,0x7e...136d,https://bscscan.com/tx/0xf076c55610c9486f5734c344c717c747163a25bc462c842b2d2d08fe908b12e0
2023-03-31 05:10:27,False,3.266e-05,1.033e-08,3126.77,3.23e-05,0x7e...136d,https://bscscan.com/tx/0xf076c55610c9486f5734c344c717c747163a25bc462c842b2d2d08fe908b12e0
2023-03-31 05:07:33,True,3.283e-05,1.038e-08,57786.6,0.006,0x8d...aedb,https://bscscan.com/tx/0x7fbb69e12d6b094bfa0bdadf1b9eb1ef669afec045683ee77e9820d9df967898
2023-03-31 05:06:57,True,3.291e-05,1.035e-08,0.428,4.444e-09,0x47...ad5d,https://bscscan.com/tx/0xa462a6adffccde033541b449e4dd5e502814b1f8a8cf7c88a40f9b1930ace8c5
2023-03-31 05:05:39,False,3.283e-05,1.033e-08,1096975.0,0.1133,0x6c...df39,https://bscscan.com/tx/0xa9d7bb7a8eedfd7a6105c59507c4829562def2ce42de1ba705cc4d410c982f68
2023-03-31 05:05:39,False,3.283e-05,1.033e-08,2186.85,2.259e-05,0x6c...df39,https://bscscan.com/tx/0xa9d7bb7a8eedfd7a6105c59507c4829562def2ce42de1ba705cc4d410c982f68
2023-03-31 05:02:39,False,3.283e-05,1.033e-08,807516.0,0.0834,0x2f...831e,https://bscscan.com/tx/0x8c825a5fbc2a7b6e34b3b704d16c03af738d5fb4795d0d025eeee72a084a9700
2023-03-31 05:02:39,False,3.283e-05,1.033e-08,124509.0,0.0128,0x2f...831e,https://bscscan.com/tx/0x8c825a5fbc2a7b6e34b3b704d16c03af738d5fb4795d0d025eeee72a084a9700
2023-03-31 05:01:15,True,3.282e-05,1.038e-08,19735479.0,2.04876,0xcc...0331,https://bscscan.com/tx/0x486ce8f231ad657f3aea2af79dd83dbafef3abb00ab3c2de4f33e2fdef2022d3
2023-03-31 04:58:36,True,3.299e-05,1.037e-08,1282526.0,0.1331,0x78...f17f,https://bscscan.com/tx/0xeaeacddf646a525530ffd5f3ce2b69577f415e580e5878ce68497d241f15b5a1
2023-03-31 04:55:54,True,3.299e-05,1.037e-08,377453.0,0.0391,0x63...3adb,https://bscscan.com/tx/0xc975e712244ec94f913f753e4fb3e7152269ef8e5914c715beedcc4b031e60a0
2023-03-31 04:55:27,True,3.299e-05,1.037e-08,96355.5,0.01,0x47...ad5d,https://bscscan.com/tx/0xec6cee809f78e76acc2005f932cdad837c38d127add26e01bf146dcb0495eed9
2023-03-31 04:55:09,True,3.299e-05,1.037e-08,331225.0,0.0343,0x9b...3144,https://bscscan.com/tx/0xb8db37385ba1f2f86b9a69a3efa6de8ff2faa13c46b2f27fee8ca8c0c000ed17
2023-03-31 04:50:00,True,3.283e-05,1.037e-08,9221199.0,0.9568,0xa1...5279,https://bscscan.com/tx/0x2eb0c099cb0db6d20a56e86e3331804b803e082b4a3c94afd8c25c20bf899ed8
2023-03-31 04:49:00,True,3.299e-05,1.037e-08,2495.89,2.589e-05,0x68...2687,https://bscscan.com/tx/0xd1f3359e950b9f96ea95ca47370135dd058d59fd56cd2698476effe353bcad3f
2023-03-31 04:48:36,True,3.298e-05,1.037e-08,13946792.0,1.44686,0xcc...0331,https://bscscan.com/tx/0xdfa6691de2fc52532e6f92e12a28aed3b71202c609ea9f22189242eabda22295
2023-03-31 04:46:21,False,3.281e-05,1.032e-08,1117423.0,0.1153,0x09...a667,https://bscscan.com/tx/0x5b752ed8fe1df58f04236a3aae4f28252a683fb288919c1077a558342cc4b317
2023-03-31 04:46:21,False,3.281e-05,1.032e-08,234427.0,0.0242,0x09...a667,https://bscscan.com/tx/0x5b752ed8fe1df58f04236a3aae4f28252a683fb288919c1077a558342cc4b317
2023-03-31 04:45:00,True,3.28e-05,1.037e-08,116368.0,0.012,0x90...3a4a,https://bscscan.com/tx/0x3d14286cba78544a901e5645b4653e7ca794c5795e1f4c70816f7fca9c3b254e
2023-03-31 04:43:45,True,3.296e-05,1.037e-08,544705.0,0.0565,0x15...4042,https://bscscan.com/tx/0xb26d3d7c105562ddd645a1333180a0b5658264d45ca0761b8e315251629f4d95
2023-03-31 04:42:54,True,3.296e-05,1.037e-08,19716540.0,2.04464,0xcc...0331,https://bscscan.com/tx/0x367ee087dd5f48cf0837fbef91aecb3888d8f32bda90bbc084e19fb51d30ae9e
2023-03-31 04:42:33,True,3.295e-05,1.036e-08,479532.0,0.0497,0x68...2687,https://bscscan.com/tx/0x2b04222dbb41374b8a784c0e13b85a9dfd239001a0e96b72a44d2b7ac7f01683
2023-03-31 04:42:12,False,3.265e-05,1.032e-08,65769761.0,6.79001,0x23...1502,https://bscscan.com/tx/0xb98ded9ac33258a7f795803a5d3a1dfe2b68f2dd4f515f624516eac1c8638dab
2023-03-31 04:42:12,False,3.267e-05,1.033e-08,74693.6,0.0077,0x23...1502,https://bscscan.com/tx/0xb98ded9ac33258a7f795803a5d3a1dfe2b68f2dd4f515f624516eac1c8638dab
2023-03-31 04:42:12,True,3.3e-05,1.038e-08,7140791.0,0.7414,0xe7...8c1d,https://bscscan.com/tx/0xe5e3aebd37a5708789b25776f39fb344185521c9f308d8fa9ad88dd17a2e6cb1
2023-03-31 04:41:12,True,3.299e-05,1.037e-08,19708504.0,2.04567,0xcc...0331,https://bscscan.com/tx/0x45bd38cbcb5e2192d7196e4752b54246d96d34ee3b44cd1c1b137966f4cfa23f
2023-03-31 04:38:42,True,3.298e-05,1.037e-08,96365.3,0.01,0x40...32b3,https://bscscan.com/tx/0x768f8f9d0c19f59e51aa0b37562219b8fbbe436539f8ea65213d11ba7a6c988b
2023-03-31 04:38:21,True,3.281e-05,1.037e-08,602499.0,0.0625,0x8d...8897,https://bscscan.com/tx/0xcf35265bb29d32f539e177daad548082f4b6b7800bb3b29fa4dadcb0a9a2e4d4
2023-03-31 04:34:27,False,3.281e-05,1.032e-08,115771.0,0.0119,0xbc...11c1,https://bscscan.com/tx/0x855ee65938459e36df7ab8350fa02cda85249f02856325162fde66bdc93a9ca5
2023-03-31 04:34:27,False,3.281e-05,1.032e-08,2910.79,3.005e-05,0xbc...11c1,https://bscscan.com/tx/0x855ee65938459e36df7ab8350fa02cda85249f02856325162fde66bdc93a9ca5
2023-03-31 04:32:42,False,3.281e-05,1.032e-08,1074835.0,0.1109,0xc7...d478,https://bscscan.com/tx/0xa3a3e21403a87fd213540445e4372595c9779d979717747b595c263bee004bd9
2023-03-31 04:32:42,False,3.281e-05,1.032e-08,27006.9,0.0027,0xc7...d478,https://bscscan.com/tx/0xa3a3e21403a87fd213540445e4372595c9779d979717747b595c263bee004bd9
2023-03-31 04:29:36,True,3.281e-05,1.037e-08,402568.0,0.0417,0xe8...daa2,https://bscscan.com/tx/0xf40a6b1f8a773cce230d598b541d009b2699b41c871abf73e421b625a10db194
2023-03-31 04:28:12,False,3.265e-05,1.032e-08,7477500.0,0.7721,0x5c...8d7a,https://bscscan.com/tx/0xb0871826f22bf0943339e98204ef11bea5ad9cce71d4f0ad78900ba686313b28
2023-03-31 04:28:12,False,3.265e-05,1.032e-08,314872.0,0.0325,0x5c...8d7a,https://bscscan.com/tx/0xb0871826f22bf0943339e98204ef11bea5ad9cce71d4f0ad78900ba686313b28
2023-03-31 04:26:15,True,3.282e-05,1.037e-08,1366031.0,0.1417,0xbb...c106,https://bscscan.com/tx/0x1fab64c2b90aaa824c88dda2c44a0f1cc9cba1d321f94bd1394bb317e3a97ee8
2023-03-31 04:25:42,False,3.286e-05,1.034e-08,114907440.0,11.8826,0x18...346b,https://bscscan.com/tx/0x0039bbf33a65fd4e9a2d946080d7fe3746511c64018460ba9578bbd68be55362
2023-03-31 04:25:42,False,3.291e-05,1.035e-08,4228.59,4.378e-05,0x18...346b,https://bscscan.com/tx/0x0039bbf33a65fd4e9a2d946080d7fe3746511c64018460ba9578bbd68be55362
2023-03-31 04:20:12,True,3.29e-05,1.04e-08,1066140.0,0.1109,0x05...d4d8,https://bscscan.com/tx/0x3e786986b1d5ec4868a4a2e7f2c94d1fd4f6bddbddb2e2f37f6f72b9a382e6d3
2023-03-31 04:19:33,False,3.271e-05,1.035e-08,498505.0,0.0516,0xc4...7af3,https://bscscan.com/tx/0x1c075ff30161a31df272fa5c806e825907b42fea7185347d1311959bed86daed
2023-03-31 04:19:33,False,3.271e-05,1.035e-08,10745.5,0.0011,0xc4...7af3,https://bscscan.com/tx/0x1c075ff30161a31df272fa5c806e825907b42fea7185347d1311959bed86daed
2023-03-31 04:13:24,False,3.289e-05,1.035e-08,2991000.0,0.3097,0xa5...ca62,https://bscscan.com/tx/0x265a42bb327e846bcc8b299ea65f07c74104a6fe66ddbc3f9c456b554d7374e3
2023-03-31 04:13:24,False,3.289e-05,1.035e-08,66258.9,0.0068,0xa5...ca62,https://bscscan.com/tx/0x265a42bb327e846bcc8b299ea65f07c74104a6fe66ddbc3f9c456b554d7374e3
2023-03-31 04:12:06,True,3.289e-05,1.04e-08,326595.0,0.0339,0xd4...ba34,https://bscscan.com/tx/0x2b5c84184fca700843e63cf310cc2d23419b72b9f4dcea599c5abaaf1b0c7350
2023-03-31 04:01:30,True,3.291e-05,1.04e-08,263200.0,0.0273,0xd4...ba34,https://bscscan.com/tx/0x8a5e9a61a29989f6eb925e29d666fa1f512a2d128e064593a5a0eb7a5bd3b42a
2023-03-31 03:57:33,True,3.308e-05,1.04e-08,749463.0,0.078,0x71...4783,https://bscscan.com/tx/0x239286e02d101a5ff2ba736992014c5684f0ab948df4b7582ee9577fcafea8cc
2023-03-31 03:51:05,True,3.308e-05,1.04e-08,2882674.0,0.3,0x2d...a407,https://bscscan.com/tx/0x3313b29999deb0f108406617ecf5338331415a5320b78162ade3e7f5153dd72e
2023-03-31 03:44:35,False,3.291e-05,1.035e-08,20087559.0,2.0805,0x39...b178,https://bscscan.com/tx/0x1844fcb3a34d7dce6867a076ca5fee2f47700cca2f56486acef4feed9b87ee07
2023-03-31 03:44:35,False,3.292e-05,1.035e-08,3686.19,3.818e-05,0x39...b178,https://bscscan.com/tx/0x1844fcb3a34d7dce6867a076ca5fee2f47700cca2f56486acef4feed9b87ee07
2023-03-31 03:44:11,True,3.309e-05,1.041e-08,39107.3,0.004,0x76...07ec,https://bscscan.com/tx/0x1ffc971148eb6db4b65f3d804fabeebdb709432809b3d9c8b2eba9ecc98affa8
2023-03-31 03:41:23,True,3.313e-05,1.041e-08,98286.9,0.0102,0x65...816d,https://bscscan.com/tx/0xd024bcc18a28699a907a871f2deb68fd117e13f79fb159fb5946c2e35bc647e2
2023-03-31 03:36:44,False,3.295e-05,1.035e-08,264530.0,0.0274,0x7b...92bc,https://bscscan.com/tx/0x21a061b86ebd1774e092d870063c48d3efa70f8e8dfce579e9740ff2016a067c
2023-03-31 03:36:44,False,3.295e-05,1.035e-08,3417.49,3.54e-05,0x7b...92bc,https://bscscan.com/tx/0x21a061b86ebd1774e092d870063c48d3efa70f8e8dfce579e9740ff2016a067c
2023-03-31 03:30:50,False,3.296e-05,1.035e-08,1261941.0,0.1307,0xf7...207d,https://bscscan.com/tx/0x82eacf3e94f906ebcb34a97ad5d303b682c23d9db9d04c8ab3843bbaea754adb
2023-03-31 03:30:50,False,3.296e-05,1.035e-08,4995.33,5.175e-05,0xf7...207d,https://bscscan.com/tx/0x82eacf3e94f906ebcb34a97ad5d303b682c23d9db9d04c8ab3843bbaea754adb
2023-03-31 03:27:59,False,3.279e-05,1.036e-08,1844571.0,0.1911,0x3c...3e28,https://bscscan.com/tx/0xd9197b088f1028c29b84f9716ebba674de44ca8fdb4e6737a2ca6fcb1b728457
2023-03-31 03:27:59,False,3.279e-05,1.036e-08,17566.5,0.0018,0x3c...3e28,https://bscscan.com/tx/0xd9197b088f1028c29b84f9716ebba674de44ca8fdb4e6737a2ca6fcb1b728457
2023-03-31 03:27:21,True,3.313e-05,1.041e-08,40725.5,0.0042,0x23...e72f,https://bscscan.com/tx/0xc60da4836ae5bc86dee49be0f9b46dbc10febd95898954b8b32ec191f002e4fb
2023-03-31 03:24:03,True,3.296e-05,1.041e-08,259307.0,0.027,0xa7...7658,https://bscscan.com/tx/0xa2a7d9807513cccc31132f7b97eafac80549488185533dfeca88d53b5f0acdbd
2023-03-31 03:21:51,True,3.313e-05,1.041e-08,5500657.0,0.5727,0x1f...9877,https://bscscan.com/tx/0xeabd6d0823c73b24f1f3e227f0e0240f8458bfa41df2065b5d083093537ff94c
2023-03-31 03:20:42,False,3.296e-05,1.035e-08,498500.0,0.0516,0x8a...7823,https://bscscan.com/tx/0x3024d351e233a7a007666daddea0a4a647292feea97496aae32d31eae3891a96
2023-03-31 03:20:42,False,3.296e-05,1.035e-08,83797.3,0.0086,0x8a...7823,https://bscscan.com/tx/0x3024d351e233a7a007666daddea0a4a647292feea97496aae32d31eae3891a96
2023-03-31 03:20:15,True,3.295e-05,1.04e-08,19635845.0,2.04383,0xcc...0331,https://bscscan.com/tx/0x95ed3a8e6b3c121c579f4734d8d99563a14f5ac342af57831aaa3bb86898c122
2023-03-31 03:18:45,False,3.295e-05,1.035e-08,11069283.0,1.1463,0x8d...3c0d,https://bscscan.com/tx/0x76a1ee6f056ca2960f3e9ce41e952b608c3da5699a34923435033ca5b6980852
2023-03-31 03:18:45,False,3.295e-05,1.035e-08,53168.2,0.0055,0x8d...3c0d,https://bscscan.com/tx/0x76a1ee6f056ca2960f3e9ce41e952b608c3da5699a34923435033ca5b6980852
2023-03-31 03:18:15,True,3.311e-05,1.04e-08,19633538.0,2.04318,0xcc...0331,https://bscscan.com/tx/0x7b661fd0a28e0e10fcfb60a675fb1a162057f2d0d6448fef10e598af6afe59f2
2023-03-31 03:18:12,False,3.293e-05,1.035e-08,58195.0,0.006,0xac...aa22,https://bscscan.com/tx/0xf416481c674a5b21c0882049be7333fd01cc16a04897ae67d25989272618409d
2023-03-31 03:18:12,False,3.293e-05,1.035e-08,1955710.0,0.2024,0xac...aa22,https://bscscan.com/tx/0xf416481c674a5b21c0882049be7333fd01cc16a04897ae67d25989272618409d
2023-03-31 03:18:00,True,3.306e-05,1.039e-08,100300903.0,10.4235,0x9b...2220,https://bscscan.com/tx/0x9cd2b22f7dff620c56867e72a6f27ccd58405e1d51a573013e616c3f3fc8e108
2023-03-31 03:17:51,True,3.302e-05,1.037e-08,15142183.0,1.57146,0x9f...d87c,https://bscscan.com/tx/0x4404fa4ef357369c18652813fb3691731295b9f67971c407aa9ee0a8d2e48fe3
2023-03-31 03:17:51,True,3.297e-05,1.036e-08,100300903.0,10.395,0x9b...2220,https://bscscan.com/tx/0xc6227ac7fb81d5009e3fd7047bd122124afb4a77a12a5cee9334b4a59e7b7b1d
2023-03-31 03:17:48,True,3.293e-05,1.035e-08,6072870.0,0.6285,0x09...712a,https://bscscan.com/tx/0x6f7a8f85288cc1f4330578e99970971e968c4eaa66856e1aebae4e2330b4e5cc
2023-03-31 03:17:45,True,3.293e-05,1.035e-08,19853275.0,2.05537,0x7c...eff1,https://bscscan.com/tx/0x069b84a2e7a5d01e85126f615f102abb7073c87365a204786e995f03e41b5eab
2023-03-31 03:17:45,True,3.291e-05,1.034e-08,7677308.0,0.7941,0x4c...b52e,https://bscscan.com/tx/0x6ef11237b107b4a8f7252aa82f3e0a216d59365f0688a0ec0d5acf4e056fed2a
2023-03-31 03:17:45,True,3.29e-05,1.034e-08,9176692.0,0.949,0x06...bfa4,https://bscscan.com/tx/0xd101603c30ed0a3b8f8795f6cae0c22bfac1f6d500bdfcc65cca975300119eaa
2023-03-31 03:17:45,False,3.292e-05,1.034e-08,481218948.0,49.798,0x61...4394,https://bscscan.com/tx/0xac6366015577c520bd0ed04f59be33467f6d50813ed25206b64b1327986db621
2023-03-31 03:17:45,False,3.311e-05,1.04e-08,65874.9,0.0068,0x61...4394,https://bscscan.com/tx/0xac6366015577c520bd0ed04f59be33467f6d50813ed25206b64b1327986db621
2023-03-31 03:16:24,True,3.31e-05,1.045e-08,19533655.0,2.04267,0xcc...0331,https://bscscan.com/tx/0x3b99a8bccec14f2779fc0d0cf0cfce878cb99ba396b475f130d92ef40cf82bc7
2023-03-31 03:15:42,False,3.293e-05,1.04e-08,4849864.0,0.5045,0x4b...ab85,https://bscscan.com/tx/0x3b6b3a1d83e549f86aa69d5243f4d00b7745fa43a36c2f2e23ab1dbf46817baa
2023-03-31 03:15:42,False,3.293e-05,1.04e-08,45617.1,0.0047,0x4b...ab85,https://bscscan.com/tx/0x3b6b3a1d83e549f86aa69d5243f4d00b7745fa43a36c2f2e23ab1dbf46817baa
2023-03-31 03:15:33,False,3.294e-05,1.04e-08,16844530.0,1.75281,0xc7...1efc,https://bscscan.com/tx/0x96f766dc49128a3dd548ec3c16a4f8a7cd6c533c2ec9ba6f8d4f7977286c11b0
2023-03-31 03:15:33,False,3.294e-05,1.04e-08,63333.5,0.0065,0xc7...1efc,https://bscscan.com/tx/0x96f766dc49128a3dd548ec3c16a4f8a7cd6c533c2ec9ba6f8d4f7977286c11b0
2023-03-31 03:13:57,True,3.327e-05,1.045e-08,19520928.0,2.04145,0xcc...0331,https://bscscan.com/tx/0x4608246a3b2a0f7535700edd5b5ed4cfee6bafd1ee55a093e9ac147473c19a24
2023-03-31 03:13:45,True,3.326e-05,1.045e-08,34432.3,0.0036,0xf4...7438,https://bscscan.com/tx/0xcd4ecca4aac30df5d4d5a42ff56c0627f44ec5e55b7f77d4d60b16044ed2a492
2023-03-31 03:12:09,False,3.293e-05,1.04e-08,997000.0,0.1037,0x87...4de4,https://bscscan.com/tx/0xf3713faff53a427d540808c7ef082a3a8d83d1ba4111488f1d009f5f240f6967
2023-03-31 03:12:09,False,3.293e-05,1.04e-08,210.133,2.186e-06,0x87...4de4,https://bscscan.com/tx/0xf3713faff53a427d540808c7ef082a3a8d83d1ba4111488f1d009f5f240f6967
2023-03-31 03:11:36,False,3.309e-05,1.04e-08,77593.4,0.008,0xac...aa22,https://bscscan.com/tx/0x08a9490552a9bbbb4eb5b7d3f8072abcd911bb27db6e9b05486ef1d75a769a98
2023-03-31 03:11:36,False,3.309e-05,1.04e-08,59666.0,0.0062,0xac...aa22,https://bscscan.com/tx/0x08a9490552a9bbbb4eb5b7d3f8072abcd911bb27db6e9b05486ef1d75a769a98
2023-03-31 03:10:48,True,3.307e-05,1.045e-08,38257.1,0.004,0xf5...d081,https://bscscan.com/tx/0x4ea392e09cc878e64b69a1226beab727b5bf3b1f40a3c7882f4980febe8ed64c
2023-03-31 03:10:42,True,3.307e-05,1.045e-08,915400.0,0.0957,0x73...7d61,https://bscscan.com/tx/0x3269db7709036f3a9e489658ce489b292b1dab883421e075c70265dc2152bc6e
2023-03-31 03:10:36,True,3.322e-05,1.045e-08,19521812.0,2.0406,0xcc...0331,https://bscscan.com/tx/0x5ebe9e91904f67a510f0500fbbb1197911c7f18401fc37a71b1dd221e6dc1b0e
2023-03-31 03:09:27,False,3.305e-05,1.039e-08,1618162.0,0.1682,0x4a...271f,https://bscscan.com/tx/0xdbd8cde22c3b42b71549990aa86ccb741084df48c21cfc258b0f3cdaa4b67043
2023-03-31 03:09:27,False,3.305e-05,1.039e-08,20475.9,0.0021,0x4a...271f,https://bscscan.com/tx/0xdbd8cde22c3b42b71549990aa86ccb741084df48c21cfc258b0f3cdaa4b67043
2023-03-31 03:09:21,False,3.289e-05,1.039e-08,7560900.0,0.7863,0x5e...ed43,https://bscscan.com/tx/0xd12cff48d4bdb6cabdaac065ba6a97561074e6b36da3442119c25bcff1c24160
2023-03-31 03:09:21,False,3.289e-05,1.04e-08,354419.0,0.0368,0x5e...ed43,https://bscscan.com/tx/0xd12cff48d4bdb6cabdaac065ba6a97561074e6b36da3442119c25bcff1c24160
2023-03-31 03:09:09,True,3.306e-05,1.045e-08,138375.0,0.0144,0x4a...79a8,https://bscscan.com/tx/0x01a7721c0d9aed0fed051cf9f124b29f1449727afee034a35ab47f6be0221c85
2023-03-31 03:09:09,True,3.304e-05,1.044e-08,29462454.0,3.07857,0x41...a7a2,https://bscscan.com/tx/0x111b751cd44894e7aa0452e6c53877a195855945b9413530da23b0e6bd4cdb8b
2023-03-31 03:08:18,True,3.319e-05,1.044e-08,15168817.0,1.58417,0x20...946b,https://bscscan.com/tx/0x7355a8b5787604af94dd9403a3c4caf6a51a947ae525ed16dc4c5a5e97468901
2023-03-31 03:07:57,True,3.318e-05,1.043e-08,13944547.0,1.45581,0x3d...4dd5,https://bscscan.com/tx/0x82a3427ce6e3ad214fbc0e2d36580b67a51042f651aa1b31d210fc5a22b0e8a7
2023-03-31 03:07:48,True,3.317e-05,1.043e-08,2570335.0,0.2682,0xc9...35ff,https://bscscan.com/tx/0xdaf6540168d2311e4c306cbaf1b3c4e666c3986cc0a6ef78c9a54f03df7da760
2023-03-31 03:06:15,True,3.316e-05,1.043e-08,19565303.0,2.04168,0xcc...0331,https://bscscan.com/tx/0xbd85b4c3fc48d926fdbda2c1057c74f3109cf8ae1cd3bf1920c9b4a0faab4f1a
2023-03-31 03:06:09,True,3.315e-05,1.043e-08,1437803.0,0.15,0xe5...1d00,https://bscscan.com/tx/0x793b84b8c5637c202feaad6f83bf2ec37e932d1b5dd945ddb2660ae263a7e826
2023-03-31 03:04:18,True,3.298e-05,1.043e-08,115206.0,0.012,0xf4...7438,https://bscscan.com/tx/0xa6924d5296c051ca99df0056aff6192831c2a281bf0b0b4fcc5e71a0f502659f
2023-03-31 03:03:48,True,3.297e-05,1.043e-08,5072593.0,0.5291,0x6b...9f5d,https://bscscan.com/tx/0xf05eb083b9cfc99b9e5da0c1fc5176079affcda9be848676e234f5003521dc97
2023-03-31 03:03:45,True,3.297e-05,1.043e-08,5069818.0,0.5288,0x6b...9f5d,https://bscscan.com/tx/0x56f37495e7da16eb5c4b3064be4a8d57d869b98cf117e11f5ef1b8e3ae8a16f6
2023-03-31 03:03:42,True,3.296e-05,1.042e-08,5004020.0,0.5218,0x6b...9f5d,https://bscscan.com/tx/0x7a162a7218091daf6426f51d03bc4f7bec8bf6e694728b9aa8cade5d3e0358ed
2023-03-31 03:03:42,True,3.296e-05,1.042e-08,5168483.0,0.5389,0x6b...9f5d,https://bscscan.com/tx/0xb31a9ea8f49b3b5781c93dd51ee983a8b671d2656a4c8fbbff96c31f4d907486
2023-03-31 03:03:39,True,3.296e-05,1.042e-08,5017457.0,0.5231,0x6b...9f5d,https://bscscan.com/tx/0x7d726f2817b58a226216c248ec14db5dcf2b5fdc1caede0534e1c6aa9fb97f1c
2023-03-31 03:03:36,True,3.312e-05,1.042e-08,5093200.0,0.5309,0x6b...9f5d,https://bscscan.com/tx/0xebdd4928415d525d63502b5dcdd8f582dd8d8664c8e9c0569726ec82703839fa
2023-03-31 03:02:24,True,3.307e-05,1.042e-08,5020358.0,0.5233,0x6b...9f5d,https://bscscan.com/tx/0x60f9fa0ad92a051fa5cef21bc748b7c81199edf584fa7f56a0ad3933fa1046b4
2023-03-31 03:01:36,True,3.306e-05,1.042e-08,5136853.0,0.5354,0x6b...9f5d,https://bscscan.com/tx/0x75fafaf32863f6e45352c74414e92179577a3cc8100cd9e50ba13ab70f54475c
2023-03-31 03:01:18,False,3.273e-05,1.037e-08,2364266.0,0.2451,0x82...d139,https://bscscan.com/tx/0xd90bce17bc36949d21d8f7ca7517ea8b4510542bd9cc3f1859d465b1d2eb51ea
2023-03-31 03:01:18,False,3.273e-05,1.037e-08,135281.0,0.014,0x82...d139,https://bscscan.com/tx/0xd90bce17bc36949d21d8f7ca7517ea8b4510542bd9cc3f1859d465b1d2eb51ea
2023-03-31 02:57:36,True,3.306e-05,1.042e-08,16852787.0,1.7562,0xde...e36b,https://bscscan.com/tx/0x0a552c7fc63914aa215a2ec14fe85becad6b48624d7b649518ed72b2b9a8ab4c
2023-03-31 02:56:39,True,3.305e-05,1.041e-08,5120137.0,0.5334,0x6b...9f5d,https://bscscan.com/tx/0x38035af29d8637d16438bf36ef13c65a79a4b35c2eedd5223f8e895ee4ab60a0
2023-03-31 02:56:39,True,3.305e-05,1.041e-08,5170580.0,0.5386,0x6b...9f5d,https://bscscan.com/tx/0xbd449c7883d54c0068dc9993e3fc0f1493f4bcc7dca9499a326ffb9a357275e5
2023-03-31 02:54:42,True,3.303e-05,1.041e-08,2331328.0,0.2428,0x18...cd88,https://bscscan.com/tx/0x378edc8fa23b202b5bc47c0abb5ab0d5174335b705f0bc5e4a1161972fe0aa9b
2023-03-31 02:54:39,True,3.286e-05,1.041e-08,170000.0,0.0177,0x9a...9ee8,https://bscscan.com/tx/0x0a0d52baafb8c0d84724f9e5aad5f92cf36f01fbc8fa031582a59a7825045ca2
2023-03-31 02:54:33,True,3.285e-05,1.041e-08,10769308.0,1.12154,0x64...7661,https://bscscan.com/tx/0x9f753d2c19d45e03d7897f70eb2173eb78b1a3e8ed17a8e0c26455fb4659172f
2023-03-31 02:54:27,True,3.285e-05,1.041e-08,1958703.0,0.2039,0x20...f2cc,https://bscscan.com/tx/0xb1482fd12fd9e95110566179b4cf3d3f8a8ceee3271e88221f7d788a3fc33f58
2023-03-31 02:50:27,True,3.284e-05,1.041e-08,7203000.0,0.7499,0x5b...f5cf,https://bscscan.com/tx/0xd8715bd9a94be3dea6b50591bb1db36fbb5e331c1639355fa4e8cf44e30c7b57
2023-03-31 02:40:57,False,3.285e-05,1.035e-08,390375.0,0.0404,0x33...5e0b,https://bscscan.com/tx/0x68840144dfbfa625e8b8fa10141301253d3cb89ca8e66a5baa3a2a123d4b9407
2023-03-31 02:40:57,False,3.285e-05,1.035e-08,1306.86,1.353e-05,0x33...5e0b,https://bscscan.com/tx/0x68840144dfbfa625e8b8fa10141301253d3cb89ca8e66a5baa3a2a123d4b9407
2023-03-31 02:40:00,True,3.301e-05,1.041e-08,275815.0,0.0287,0xc4...c5da,https://bscscan.com/tx/0xadfbeb8b2fd24fee35c6b8314d652ca5877bf18b62908371f6e6397064f64800
2023-03-31 02:39:15,False,3.285e-05,1.035e-08,207584.0,0.0215,0xd4...b5b5,https://bscscan.com/tx/0xad1fe4b2cad560dc04433617c42de91a5fe73108a120c3188b254187bfd06a81
2023-03-31 02:39:15,False,3.285e-05,1.035e-08,60957.8,0.0063,0xd4...b5b5,https://bscscan.com/tx/0xad1fe4b2cad560dc04433617c42de91a5fe73108a120c3188b254187bfd06a81
2023-03-31 02:38:48,True,3.301e-05,1.041e-08,2214853.0,0.2305,0xd4...b5b5,https://bscscan.com/tx/0xc89a21b0d9c191ce42d0c5b7c3fef2ed70fb91ca6404b82dba0944ae2fc426ea
2023-03-31 02:36:54,True,3.286e-05,1.041e-08,15894.0,0.0016,0xcc...515b,https://bscscan.com/tx/0x1ff16f200c3760a724cd0cda19abce10c9d6a7651f8d959d0ce5fba08fd60de3
2023-03-31 02:34:00,True,3.302e-05,1.041e-08,150000.0,0.0156,0x9a...9ee8,https://bscscan.com/tx/0x104e4d368546de254a23bc56ce6ac5988e88bf57016819065dd3af3b320a10b1
2023-03-31 02:32:39,True,3.302e-05,1.041e-08,196199.0,0.0204,0x58...17fa,https://bscscan.com/tx/0x438099d5966e677a9889d3f0fbfce32ca36f3a04cea91787b474e7b07ef34d41
2023-03-31 02:31:21,False,3.286e-05,1.036e-08,19940000.0,2.0659,0xea...e9b0,https://bscscan.com/tx/0x1d817fdbb8b5f839e3ee1a23a2692a1fd8eb0379586230a79b5d9d47c490d33b
2023-03-31 02:31:21,False,3.287e-05,1.036e-08,10336.5,0.001,0xea...e9b0,https://bscscan.com/tx/0x1d817fdbb8b5f839e3ee1a23a2692a1fd8eb0379586230a79b5d9d47c490d33b
2023-03-31 02:30:51,True,3.287e-05,1.041e-08,576094.0,0.06,0xcc...515b,https://bscscan.com/tx/0x2be743c0fb6588aea4094d6574149f8c9fdac91e3911854be10213370c291184
2023-03-31 02:30:33,False,3.286e-05,1.036e-08,3242494.0,0.336,0x8e...3d56,https://bscscan.com/tx/0x1f5a398d421ca8da5e3bc172c32cb3abac39518a27240d24f856f91e6894609b
2023-03-31 02:30:33,False,3.287e-05,1.036e-08,7238.36,7.501e-05,0x8e...3d56,https://bscscan.com/tx/0x1f5a398d421ca8da5e3bc172c32cb3abac39518a27240d24f856f91e6894609b
2023-03-31 02:30:15,False,3.27e-05,1.036e-08,2672833.0,0.277,0xd8...bf72,https://bscscan.com/tx/0x04745469e7c2d70a69d34a069d633c2fee13ed767f5d56301d40bfe596dfeea8
2023-03-31 02:30:15,False,3.27e-05,1.036e-08,4447.78,4.609e-05,0xd8...bf72,https://bscscan.com/tx/0x04745469e7c2d70a69d34a069d633c2fee13ed767f5d56301d40bfe596dfeea8
2023-03-31 02:29:30,True,3.303e-05,1.041e-08,714283.0,0.0744,0x18...0005,https://bscscan.com/tx/0xac02bc318629f86a50e2e597b597c9975ae2a6746d58592ddcb6f6ae596e1e80
2023-03-31 02:29:00,True,3.285e-05,1.041e-08,468665.0,0.0488,0xe8...5a6d,https://bscscan.com/tx/0xd6d9c4aa60e0dcfbe91d34d5eee6e830ae76ee7e30f607dd3d21f6593648160e
2023-03-31 02:22:36,False,3.285e-05,1.036e-08,462986.0,0.0479,0x26...b397,https://bscscan.com/tx/0x8e7d8f2163564190571c4cbdd511fa1cf0549c1350d974f38313c0ecd5046b3d
2023-03-31 02:22:36,False,3.285e-05,1.036e-08,16013.4,0.0016,0x26...b397,https://bscscan.com/tx/0x8e7d8f2163564190571c4cbdd511fa1cf0549c1350d974f38313c0ecd5046b3d
2023-03-31 02:21:57,True,3.285e-05,1.041e-08,123592.0,0.0128,0xae...dbec,https://bscscan.com/tx/0x6ac146e235360ea5698e64972bdc471b3c8f63643a6f0f254695f15b1c0b3440
2023-03-31 02:20:03,True,3.301e-05,1.041e-08,1326760.0,0.1382,0x81...d662,https://bscscan.com/tx/0x718f94d605b1f239035bc9347b9d083533e57ceb6e5d84ec3bc55ce4e3dfdbb9
2023-03-31 02:19:48,False,3.284e-05,1.036e-08,4467086.0,0.4629,0x67...32d6,https://bscscan.com/tx/0x0eb95d1e63f9116f55499fba814a8481c652b4609f13ab81a2d121442a732189
2023-03-31 02:19:48,False,3.285e-05,1.036e-08,5400.0,5.597e-05,0x67...32d6,https://bscscan.com/tx/0x0eb95d1e63f9116f55499fba814a8481c652b4609f13ab81a2d121442a732189
2023-03-31 02:19:00,False,3.285e-05,1.036e-08,1994000.0,0.2066,0x87...4de4,https://bscscan.com/tx/0xa70936288fdc8d6e0c345b564de557ff98341516079e3bee7e4b4e536c04ce7d
2023-03-31 02:19:00,False,3.285e-05,1.036e-08,1429.66,1.481e-05,0x87...4de4,https://bscscan.com/tx/0xa70936288fdc8d6e0c345b564de557ff98341516079e3bee7e4b4e536c04ce7d
2023-03-31 02:18:57,False,3.285e-05,1.036e-08,527916.0,0.0547,0xdf...f02c,https://bscscan.com/tx/0x611564863c4e65a88a1d8042f5d03d1f344bf5e2c2287b29276f246aa89f46b3
2023-03-31 02:18:57,False,3.285e-05,1.036e-08,2538.57,2.631e-05,0xdf...f02c,https://bscscan.com/tx/0x611564863c4e65a88a1d8042f5d03d1f344bf5e2c2287b29276f246aa89f46b3
2023-03-31 02:15:24,False,3.269e-05,1.036e-08,937391.0,0.0971,0x8e...0f6c,https://bscscan.com/tx/0xe71c7b90d2402cd50a1bc0a3f9f525638c7568614837be56e16310e8768a52f8
2023-03-31 02:15:24,False,3.269e-05,1.036e-08,3063.75,3.175e-05,0x8e...0f6c,https://bscscan.com/tx/0xe71c7b90d2402cd50a1bc0a3f9f525638c7568614837be56e16310e8768a52f8
2023-03-31 02:14:15,False,3.285e-05,1.036e-08,1131318.0,0.1172,0xbc...a7c5,https://bscscan.com/tx/0x56cb4e6d4ab7b5f4997dcd5fb2f07b3e87346c7185a75c02fdbf9a4df53a55e0
2023-03-31 02:14:15,False,3.286e-05,1.036e-08,76444.9,0.0079,0xbc...a7c5,https://bscscan.com/tx/0x56cb4e6d4ab7b5f4997dcd5fb2f07b3e87346c7185a75c02fdbf9a4df53a55e0
2023-03-31 02:11:54,True,3.302e-05,1.041e-08,15630.3,0.0016,0x88...0deb,https://bscscan.com/tx/0xbde2072c3993fd4e2e312e467d0cc2b6288c01e3520d70011041c8601a07e64e
2023-03-31 02:09:42,True,3.302e-05,1.041e-08,19191247.0,1.9989,0x0a...de92,https://bscscan.com/tx/0x59cdc7d73f918929aeb06b5ea296818a7c2e5e2cef7183dc48ab620933801225
2023-03-31 02:09:27,True,3.301e-05,1.041e-08,645440.0,0.0672,0x57...8de6,https://bscscan.com/tx/0xee93a05a24e0961c6679affc3f048fb5c4225aee5d3356af1c1d50feac6b066d
2023-03-31 02:08:09,False,3.268e-05,1.036e-08,8435225.0,0.874,0x2c...4769,https://bscscan.com/tx/0xd1a64484d1dc5f6505afd35dd2c8dd92efedf92d6c5b65446dd302cc2613e2a9
2023-03-31 02:08:09,False,3.269e-05,1.036e-08,59128.6,0.0061,0x2c...4769,https://bscscan.com/tx/0xd1a64484d1dc5f6505afd35dd2c8dd92efedf92d6c5b65446dd302cc2613e2a9
2023-03-31 02:07:33,True,3.302e-05,1.041e-08,1319200.0,0.1374,0xd1...b7ed,https://bscscan.com/tx/0x66ed35e136d7ba3d5b31ac713be08110472f36c253366733e6bf73522e05efd0
2023-03-31 02:05:12,True,3.302e-05,1.041e-08,544037.0,0.0566,0x0e...3419,https://bscscan.com/tx/0xa3b087483ac01de86899b24e2038c2382604db504443e9b7c1cd2d80f5c4f703
2023-03-31 02:04:39,True,3.301e-05,1.041e-08,48008.6,0.005,0x20...dd3c,https://bscscan.com/tx/0xadd7c612f71047823dfec3ec78f0b4f1b05dbf1bef5ebc655598685ed3786bb6
2023-03-31 02:03:51,True,3.285e-05,1.041e-08,1332233.0,0.1387,0xd0...3481,https://bscscan.com/tx/0x429036b0b7d7c6cdc536cd8fb512e2c56b8d6995effee8d8e68b8b51fed2df4d
2023-03-31 02:02:15,False,3.269e-05,1.036e-08,18600025.0,1.92785,0xea...2f00,https://bscscan.com/tx/0xb7693e0c63ae49b8bd6e25b7c5add3fc69cfd3a49af7878f3cb634d93591d7ad
2023-03-31 02:02:15,False,3.269e-05,1.036e-08,28221.8,0.0029,0xea...2f00,https://bscscan.com/tx/0xb7693e0c63ae49b8bd6e25b7c5add3fc69cfd3a49af7878f3cb634d93591d7ad
2023-03-31 02:01:18,True,3.304e-05,1.042e-08,305836.0,0.0318,0xce...5a74,https://bscscan.com/tx/0x351bb129e1c899f290343460354eced567a1f6d965fed87e2b19ea8ca0cd6d33
2023-03-31 02:00:06,True,3.302e-05,1.041e-08,501637.0,0.0522,0xf0...6f58,https://bscscan.com/tx/0x7c0c75b476b169792a63bbe9f6d5246191767f9ee582354e19fd5c78676ee5f6
2023-03-31 01:59:54,False,3.286e-05,1.036e-08,9616106.0,0.997,0xc1...e030,https://bscscan.com/tx/0x6c0f9827e58485fb5b8b87687f3c496177ae88bf8887a305be0403c16299a79f
2023-03-31 01:59:54,False,3.286e-05,1.036e-08,17025.2,0.0017,0xc1...e030,https://bscscan.com/tx/0x6c0f9827e58485fb5b8b87687f3c496177ae88bf8887a305be0403c16299a79f
2023-03-31 01:59:03,False,3.27e-05,1.036e-08,6286727.0,0.6519,0x1f...2ec2,https://bscscan.com/tx/0x9bd1222645724db24e8c58117ecc82ace74b92284f637f3c3e427030673cd333
2023-03-31 01:59:03,False,3.27e-05,1.037e-08,29887.7,0.0031,0x1f...2ec2,https://bscscan.com/tx/0x9bd1222645724db24e8c58117ecc82ace74b92284f637f3c3e427030673cd333
2023-03-31 01:53:26,True,3.303e-05,1.042e-08,105538.0,0.011,0x37...bdaf,https://bscscan.com/tx/0x157789373019da7e2bc4c1ae8d5b11f7605006dba454a67b887c9bd6c37c20e9
2023-03-31 01:53:02,True,3.303e-05,1.042e-08,3640169.0,0.3793,0xc7...4dd4,https://bscscan.com/tx/0x30bc49bb7265bd6cf7520ce21db394002406608be400d0afc8ad486902a9624c
2023-03-31 01:52:50,True,3.303e-05,1.042e-08,907991.0,0.0946,0x95...fc94,https://bscscan.com/tx/0xf3028761e03bf27dcb070ebf2aba49b921641112b23928f01f71a4abe75a3a39
2023-03-31 01:49:11,True,3.303e-05,1.042e-08,3027558.0,0.3155,0x9e...ed09,https://bscscan.com/tx/0x73009ea2c14d7b7d7750028fdd4302400f4ce43af15ff1279cb804976705c661
2023-03-31 01:48:50,True,3.286e-05,1.042e-08,3027789.0,0.3155,0x9e...ed09,https://bscscan.com/tx/0x67e442e44df315488f77f0389594989b4ac11e76027a94140b2db32865c91fe2
2023-03-31 01:48:20,False,3.286e-05,1.036e-08,298370.0,0.0309,0xff...345a,https://bscscan.com/tx/0x12da2ee391b9eda501eea7444ef34950623d7aa7f62d474e9a720bdfad7fdcb8
2023-03-31 01:48:20,False,3.286e-05,1.036e-08,24933.6,0.0025,0xff...345a,https://bscscan.com/tx/0x12da2ee391b9eda501eea7444ef34950623d7aa7f62d474e9a720bdfad7fdcb8
2023-03-31 01:48:14,True,3.302e-05,1.041e-08,3027987.0,0.3155,0x9e...ed09,https://bscscan.com/tx/0x054e3773ed35b5faaa3d1138e47d8f205c26819f67a8c0731fbc24ce9ff5a957
2023-03-31 01:47:47,True,3.285e-05,1.041e-08,3028238.0,0.3155,0x9e...ed09,https://bscscan.com/tx/0xe86b0a324d5e235d06050627164bd638824f974c491e2f412da011ceb5cf74c6
2023-03-31 01:47:32,True,3.302e-05,1.041e-08,3028451.0,0.3155,0x9e...ed09,https://bscscan.com/tx/0x5eaa6a39ced96f5a02bca0c65e6556b06106e8ad3193122f5b540552aed4eeaa
2023-03-31 01:46:38,False,3.268e-05,1.036e-08,149550.0,0.0155,0x77...cee0,https://bscscan.com/tx/0xe5890f2c757563db9b33aac388a6a7f96fd694c32bc3b3429057d343e710fe8a
2023-03-31 01:46:38,False,3.268e-05,1.036e-08,45582.1,0.0047,0x77...cee0,https://bscscan.com/tx/0xe5890f2c757563db9b33aac388a6a7f96fd694c32bc3b3429057d343e710fe8a
2023-03-31 01:41:08,True,3.301e-05,1.041e-08,2100000.0,0.2187,0x6d...4933,https://bscscan.com/tx/0xcd289b4a99e153412457ead0705110131f0512a4c13cd6597679f5e4e8b57403
2023-03-31 01:38:08,True,3.301e-05,1.041e-08,3032324.0,0.3158,0x16...e480,https://bscscan.com/tx/0x557077029843c020d661d81a2bfa6922c60badb56e4d24c2c04bd34661d95071
2023-03-31 01:37:20,True,3.301e-05,1.041e-08,56757.6,0.0059,0x50...3c1d,https://bscscan.com/tx/0xe7932dc27b34781554d2819fc11179ebbd07ebd77c74f6912827f713991ac455
2023-03-31 01:35:59,True,3.301e-05,1.041e-08,4000000.0,0.4166,0xe4...9432,https://bscscan.com/tx/0xa7ab3f936d44870cb0199467219733448325c8179aa4dfb5556de3f97102b5b4
2023-03-31 01:34:59,True,3.283e-05,1.041e-08,3947823.0,0.4111,0xef...636f,https://bscscan.com/tx/0x57e2e6b5bc428919f7011945ea19bad57f3bb261dfce56240aa2dd5db83e46b0
2023-03-31 01:28:14,True,3.284e-05,1.041e-08,1039248.0,0.1082,0x59...5863,https://bscscan.com/tx/0xb3a57324c7c3a8739d98a14faa554d2abb493f9db0895d682e4de601b08026b8
2023-03-31 01:28:11,True,3.284e-05,1.041e-08,154655.0,0.0161,0xb1...a133,https://bscscan.com/tx/0x071882e9eb0c6a828b67a5f97a24405f7d24548ad3883e23fc5526219756edd9
2023-03-31 01:26:32,True,3.284e-05,1.041e-08,942455.0,0.0981,0x0a...21d5,https://bscscan.com/tx/0x9d7e73d8981463912753461ccc4486a544e9ed288ef0720de1230e39549d6078
2023-03-31 01:26:26,True,3.3e-05,1.041e-08,359003.0,0.0373,0x33...11fa,https://bscscan.com/tx/0x7e1eef13975565c016eadbddb555b49c43e38b9b3928fad19afd3d31753fa370
2023-03-31 01:26:11,False,3.284e-05,1.036e-08,1246250.0,0.1291,0xc3...7f84,https://bscscan.com/tx/0xc3167029101d547a6feb1d433cb5722df77f2d8de19a97b5b99dcdc84d609fcc
2023-03-31 01:26:11,False,3.284e-05,1.036e-08,19625.6,0.002,0xc3...7f84,https://bscscan.com/tx/0xc3167029101d547a6feb1d433cb5722df77f2d8de19a97b5b99dcdc84d609fcc
2023-03-31 01:24:35,True,3.302e-05,1.041e-08,2700586.0,0.2813,0x39...0252,https://bscscan.com/tx/0x9dda12b0ac7a90286efd2f2d47468365bfc825b6703ffe9563407f777ce13d56
2023-03-31 01:24:29,False,3.285e-05,1.036e-08,4554433.0,0.4719,0xf3...07b5,https://bscscan.com/tx/0x2f2751f495bb1185b8bd1f3a6512486e457d5ee54f2ec364d9a89b2fe5aea048
2023-03-31 01:24:29,False,3.285e-05,1.036e-08,8766.13,9.084e-05,0xf3...07b5,https://bscscan.com/tx/0x2f2751f495bb1185b8bd1f3a6512486e457d5ee54f2ec364d9a89b2fe5aea048
2023-03-31 01:23:56,True,3.284e-05,1.041e-08,246714.0,0.0257,0x7d...c151,https://bscscan.com/tx/0x4c6082af1a9338635e7681f86b1a3fd4723140c1abdd4a451352f836989208e0
2023-03-31 01:22:50,False,3.268e-05,1.036e-08,2991000.0,0.3099,0x78...39b8,https://bscscan.com/tx/0x596d454a75b4ea2b6160527210efecbfd2b3dd3fc047404d6ede5e0d7d9ec4c1
2023-03-31 01:22:50,False,3.268e-05,1.036e-08,96583.3,0.01,0x78...39b8,https://bscscan.com/tx/0x596d454a75b4ea2b6160527210efecbfd2b3dd3fc047404d6ede5e0d7d9ec4c1
2023-03-31 01:17:05,True,3.282e-05,1.041e-08,33616760.0,3.5,0x78...39b8,https://bscscan.com/tx/0x85a016470754521377bc7f21100e240365f176582ad115abf99659baa8d2eea5
2023-03-31 01:15:53,False,3.264e-05,1.035e-08,2148369.0,0.2224,0x69...6f65,https://bscscan.com/tx/0xae6bc84eb55aec78b59e216aa358624568f27823f42fa156d553595f90003417
2023-03-31 01:15:53,False,3.264e-05,1.035e-08,49320.6,0.0051,0x69...6f65,https://bscscan.com/tx/0xae6bc84eb55aec78b59e216aa358624568f27823f42fa156d553595f90003417
2023-03-31 01:15:08,True,3.297e-05,1.04e-08,2971949.0,0.3093,0xd2...8863,https://bscscan.com/tx/0x9b57bd22057e897ba1b5d497ae099518cc8bab41dfc845b87dcb574c2d2822e3
2023-03-31 01:11:32,False,3.265e-05,1.035e-08,15249045.0,1.57935,0x65...41c8,https://bscscan.com/tx/0xb9bea2970047b3e4ee87e0ca52863bfe05522746c97ace51f6b60e60e080e61a
2023-03-31 01:11:32,False,3.266e-05,1.035e-08,2214.0,2.293e-05,0x65...41c8,https://bscscan.com/tx/0xb9bea2970047b3e4ee87e0ca52863bfe05522746c97ace51f6b60e60e080e61a
2023-03-31 01:06:56,False,3.283e-05,1.035e-08,817540.0,0.0846,0xcb...bc0a,https://bscscan.com/tx/0x4445b9ab34797d98f9ee02bc466a5994a2b0b886d1295b169b60265e705f3fd5
2023-03-31 01:06:56,False,3.283e-05,1.035e-08,19617.4,0.002,0xcb...bc0a,https://bscscan.com/tx/0x4445b9ab34797d98f9ee02bc466a5994a2b0b886d1295b169b60265e705f3fd5
2023-03-31 01:06:34,True,3.299e-05,1.041e-08,855282.0,0.089,0x70...6fb7,https://bscscan.com/tx/0xc633a80837fa973d37a500fc303a4d442c7970c25cdb676e9bd2db822ba62cb3
2023-03-31 01:06:28,False,3.267e-05,1.035e-08,6391205.0,0.6621,0x48...639a,https://bscscan.com/tx/0xe7fb4686c4bf94085383912cd26b7714f309f1a88219e8b4fb5a0263d48f34da
2023-03-31 01:06:28,False,3.267e-05,1.036e-08,83598.9,0.0086,0x48...639a,https://bscscan.com/tx/0xe7fb4686c4bf94085383912cd26b7714f309f1a88219e8b4fb5a0263d48f34da
2023-03-31 01:05:30,True,3.3e-05,1.041e-08,1522077.0,0.1584,0x6b...9d2e,https://bscscan.com/tx/0xc64acd0fe760302fe3f9feafa16cf7afe1bb50837c289203af7d333f425b002f
2023-03-31 01:03:30,False,3.268e-05,1.036e-08,29352158.0,3.04198,0x05...7066,https://bscscan.com/tx/0xc8f9d0294ff10131eb07884b5ce5a37e40465b0b163691591901b42cd6fe8382
2023-03-31 01:03:30,False,3.269e-05,1.036e-08,2966.19,3.075e-05,0x05...7066,https://bscscan.com/tx/0xc8f9d0294ff10131eb07884b5ce5a37e40465b0b163691591901b42cd6fe8382
2023-03-31 01:02:45,False,3.269e-05,1.036e-08,1095292.0,0.1135,0xa5...8f8a,https://bscscan.com/tx/0xc80467b11a96821e97bd3b74f296b2ceacde74c30e58fba7fbf2434f8751330d
2023-03-31 01:02:45,False,3.269e-05,1.036e-08,80973.0,0.0083,0xa5...8f8a,https://bscscan.com/tx/0xc80467b11a96821e97bd3b74f296b2ceacde74c30e58fba7fbf2434f8751330d
2023-03-31 01:01:59,False,3.287e-05,1.037e-08,29900030.0,3.10102,0x20...946b,https://bscscan.com/tx/0x8ae12f98760de45be444ac4d02cf14441094dafb5e06250001f644b3cb765d0e
2023-03-31 01:01:59,False,3.288e-05,1.037e-08,30159.3,0.0031,0x20...946b,https://bscscan.com/tx/0x8ae12f98760de45be444ac4d02cf14441094dafb5e06250001f644b3cb765d0e
2023-03-31 01:00:58,True,3.304e-05,1.042e-08,116997.0,0.0122,0xb5...fb41,https://bscscan.com/tx/0x047a1ccb5bb7e09743fbb0b0b6dc602cd8987d0cc01ba7df2a9a411301c7792f
2023-03-31 01:00:01,True,3.304e-05,1.042e-08,1053127.0,0.1098,0x19...5a3c,https://bscscan.com/tx/0xed636b2fb1ad7ecc6cf4d923ff9932edc6ab68ff19017eb9803f218bf1c9e42a
2023-03-31 00:57:03,False,3.272e-05,1.037e-08,9970000.0,1.03448,0x78...39b8,https://bscscan.com/tx/0xc3f4400186c393cac369371fa1081c233a2204c33400300dafcd0ae20dca2ffa
2023-03-31 00:57:03,False,3.272e-05,1.037e-08,20568.7,0.0021,0x78...39b8,https://bscscan.com/tx/0xc3f4400186c393cac369371fa1081c233a2204c33400300dafcd0ae20dca2ffa
2023-03-31 00:56:19,False,3.289e-05,1.037e-08,7595183.0,0.7882,0x05...7066,https://bscscan.com/tx/0xd739e85d134df95699527255ddbca0f8b7c39a12e8c754614495eb0cec4855fd
2023-03-31 00:56:19,False,3.289e-05,1.037e-08,20568.7,0.0021,0x05...7066,https://bscscan.com/tx/0xd739e85d134df95699527255ddbca0f8b7c39a12e8c754614495eb0cec4855fd
2023-03-31 00:56:19,False,3.289e-05,1.037e-08,7595183.0,0.7883,0x05...7066,https://bscscan.com/tx/0xf96d0bfee311f9a732060bf9ce2ac5241c0edaa669c809a954156c72e0d6648e
2023-03-31 00:56:19,False,3.29e-05,1.038e-08,27578.2,0.0028,0x05...7066,https://bscscan.com/tx/0xf96d0bfee311f9a732060bf9ce2ac5241c0edaa669c809a954156c72e0d6648e
2023-03-31 00:55:46,False,3.29e-05,1.038e-08,10183490.0,1.05727,0x05...7066,https://bscscan.com/tx/0x6c6890bb0b31059b72fbcf38ce3c241fae731147d26c2ab8fa22d2550733f218
2023-03-31 00:55:46,False,3.291e-05,1.038e-08,44321.4,0.0046,0x05...7066,https://bscscan.com/tx/0x6c6890bb0b31059b72fbcf38ce3c241fae731147d26c2ab8fa22d2550733f218
2023-03-31 00:54:46,False,3.293e-05,1.038e-08,16366080.0,1.69969,0x05...7066,https://bscscan.com/tx/0x7aeee5b398a68094907f749bd5243bcf902555e782f15321f4a5cb8f6ef12031
2023-03-31 00:54:46,False,3.293e-05,1.038e-08,23948.3,0.0024,0x05...7066,https://bscscan.com/tx/0x7aeee5b398a68094907f749bd5243bcf902555e782f15321f4a5cb8f6ef12031
2023-03-31 00:54:37,False,3.294e-05,1.038e-08,8843136.0,0.9186,0x05...7066,https://bscscan.com/tx/0x94e8b658d228d4c88d4d00c221f3be109324f6de14b952c62d037de3eefaa4dc
2023-03-31 00:54:37,False,3.294e-05,1.038e-08,67914.8,0.007,0x05...7066,https://bscscan.com/tx/0x94e8b658d228d4c88d4d00c221f3be109324f6de14b952c62d037de3eefaa4dc
2023-03-31 00:54:31,False,3.295e-05,1.039e-08,25078177.0,2.60631,0x05...7066,https://bscscan.com/tx/0xc40ea60f208f6ecffd99a2548df3fc6e4474dbfb423740207450cb4c1948a3d9
2023-03-31 00:54:31,False,3.296e-05,1.039e-08,26666.7,0.0027,0x05...7066,https://bscscan.com/tx/0xc40ea60f208f6ecffd99a2548df3fc6e4474dbfb423740207450cb4c1948a3d9
2023-03-31 00:54:13,False,3.297e-05,1.039e-08,9846928.0,1.02379,0x05...7066,https://bscscan.com/tx/0x03b12cf8163058a88dc7f970fd955f0bb723f848af4f2c54f4b3a64e0fc1326c
2023-03-31 00:54:13,False,3.298e-05,1.039e-08,55893.6,0.0058,0x05...7066,https://bscscan.com/tx/0x03b12cf8163058a88dc7f970fd955f0bb723f848af4f2c54f4b3a64e0fc1326c
2023-03-31 00:53:25,True,3.314e-05,1.045e-08,371817.0,0.0388,0xfe...0d6a,https://bscscan.com/tx/0x4bc68a3bdf82f9fd7f4f8cc146ef79d0941c2a59726bc5877a04a909ae40b382
2023-03-31 00:53:07,False,3.298e-05,1.04e-08,14950015.0,1.55481,0x20...946b,https://bscscan.com/tx/0x7fdffd585ca2d6ec319fe6e65f1e87e0bd3650c39345c01d5e535e350673941e
2023-03-31 00:53:07,False,3.299e-05,1.04e-08,70961.8,0.0073,0x20...946b,https://bscscan.com/tx/0x7fdffd585ca2d6ec319fe6e65f1e87e0bd3650c39345c01d5e535e350673941e
2023-03-31 00:52:37,True,3.299e-05,1.045e-08,3640442.0,0.3805,0x11...fd45,https://bscscan.com/tx/0xb0ec881193cdb01d024347699d0700436d6494d0f7f844dd1d8c2ecd4cb334e2
2023-03-31 00:51:31,False,3.299e-05,1.04e-08,7623783.0,0.793,0x54...4511,https://bscscan.com/tx/0x9af1013986267c536b59b403074ef6c42b8ea5eb3547a7c966c48d55269823f2
2023-03-31 00:51:31,False,3.299e-05,1.04e-08,74644.0,0.0077,0x54...4511,https://bscscan.com/tx/0x9af1013986267c536b59b403074ef6c42b8ea5eb3547a7c966c48d55269823f2
2023-03-31 00:50:25,True,3.316e-05,1.045e-08,400000.0,0.0418,0xf2...d625,https://bscscan.com/tx/0x785ab670371bcb581c191259ebedc0e69c8ea6acf8c7597674a0e908f06c8fef
2023-03-31 00:50:04,True,3.299e-05,1.045e-08,2515615.0,0.263,0xd5...bc66,https://bscscan.com/tx/0xd46bc48cda5b1c036401810b0574f76b63892e452897af24a5d99cade6519113
2023-03-31 00:49:58,True,3.318e-05,1.045e-08,8039136.0,0.8403,0x12...ad83,https://bscscan.com/tx/0x4f59c22daac94a1b8dbe6049b0100eec3d15feced1e58534050747d6c80ed7c1
2023-03-31 00:49:40,True,3.317e-05,1.045e-08,15040061.0,1.57176,0x5c...25d1,https://bscscan.com/tx/0x544e2b89d5b04ee78455ebc5027e4e3a7634cad7a3b1f73d43f687dff6cad00d
2023-03-31 00:49:37,False,3.3e-05,1.039e-08,1646155.0,0.1711,0xd6...1b15,https://bscscan.com/tx/0xe1c8deb07cb7f06fbc88c3c24add45036d2638b32ad5261f30f3cc3b943e24d0
2023-03-31 00:49:37,False,3.3e-05,1.039e-08,26819.3,0.0027,0xd6...1b15,https://bscscan.com/tx/0xe1c8deb07cb7f06fbc88c3c24add45036d2638b32ad5261f30f3cc3b943e24d0
2023-03-31 00:49:04,True,3.317e-05,1.044e-08,133079.0,0.0139,0x9a...ec7d,https://bscscan.com/tx/0xa98d0a9fc1905c75de3b7ebbda32ceca487b67268f54d130a1c1f4dfc7d9f924
2023-03-31 00:47:49,False,3.284e-05,1.039e-08,9770600.0,1.01595,0xea...e9b0,https://bscscan.com/tx/0x81a16821c2a36dfe5684f0321a52d9afce2563fa319552aa9691e1cfb066908f
2023-03-31 00:47:49,False,3.284e-05,1.039e-08,6563.06,6.825e-05,0xea...e9b0,https://bscscan.com/tx/0x81a16821c2a36dfe5684f0321a52d9afce2563fa319552aa9691e1cfb066908f
2023-03-31 00:47:25,False,3.301e-05,1.039e-08,2423472.0,0.252,0x84...3e1a,https://bscscan.com/tx/0xf06335b2b7b0758fe2860a1253516cbaa3a7dc71cd2a25fc29c4e5145e65b669
2023-03-31 00:47:25,False,3.301e-05,1.039e-08,8100.0,8.423e-05,0x84...3e1a,https://bscscan.com/tx/0xf06335b2b7b0758fe2860a1253516cbaa3a7dc71cd2a25fc29c4e5145e65b669
2023-03-31 00:47:19,False,3.301e-05,1.04e-08,2991000.0,0.311,0x78...39b8,https://bscscan.com/tx/0x797952965c9ae1bf5fb6735745efe976b87d17499723c86d0e83efb49b20cc74
2023-03-31 00:47:19,False,3.301e-05,1.04e-08,8490.68,8.83e-05,0x78...39b8,https://bscscan.com/tx/0x797952965c9ae1bf5fb6735745efe976b87d17499723c86d0e83efb49b20cc74
2023-03-31 00:42:16,False,3.284e-05,1.04e-08,3135260.0,0.3261,0xda...2f33,https://bscscan.com/tx/0xa87331890adf56415760af95b8cfd70423277052b77fceaea6b37ac446fbb83c
2023-03-31 00:42:16,False,3.284e-05,1.04e-08,6947.95,7.226e-05,0xda...2f33,https://bscscan.com/tx/0xa87331890adf56415760af95b8cfd70423277052b77fceaea6b37ac446fbb83c
2023-03-31 00:39:34,True,3.301e-05,1.045e-08,130976.0,0.0136,0x5f...d703,https://bscscan.com/tx/0xda590fb7c7d9651383d6b5aca81f3489907ee1d8ccc2418be11dd2542d33432c
2023-03-31 00:39:07,True,3.317e-05,1.045e-08,142177.0,0.0148,0xbf...c7f9,https://bscscan.com/tx/0x515208bca089547eacbd4bf457ff0f807d96706eb05a4e8bfce4f53e7ee5fcee
2023-03-31 00:38:25,False,3.301e-05,1.04e-08,1994000.0,0.2074,0x78...39b8,https://bscscan.com/tx/0x10e0d8c0e0d7e8195e89e44039aa0bb841dcc3ddc94d69b16fe284b7daa87b3f
2023-03-31 00:38:25,False,3.301e-05,1.04e-08,43147.3,0.0044,0x78...39b8,https://bscscan.com/tx/0x10e0d8c0e0d7e8195e89e44039aa0bb841dcc3ddc94d69b16fe284b7daa87b3f
2023-03-31 00:38:01,True,3.301e-05,1.045e-08,66960.0,0.007,0x46...420b,https://bscscan.com/tx/0xb35dda1a46e59e783c369f2e3e03787ce8a3bb9928fdb4f456f6b5b44db1a07d
2023-03-31 00:37:04,True,3.317e-05,1.045e-08,12437274.0,1.3,0x2d...cb0f,https://bscscan.com/tx/0x39fc96d499a47e069d77c8952df87c3f4dd2c86726cb416f58c6162beb0dc441
2023-03-31 00:36:46,False,3.283e-05,1.039e-08,3465824.0,0.3604,0xe5...1617,https://bscscan.com/tx/0xb4103761cc0329ce94b194dd14ffcb09d75ce720da28c47914a4a64238cd31aa
2023-03-31 00:36:46,False,3.284e-05,1.039e-08,276100.0,0.0287,0xe5...1617,https://bscscan.com/tx/0xb4103761cc0329ce94b194dd14ffcb09d75ce720da28c47914a4a64238cd31aa
2023-03-31 00:33:01,True,3.316e-05,1.045e-08,4784122.0,0.5,0x78...39b8,https://bscscan.com/tx/0x5b811a86ae5b42483352395cc969f65c8192bc923ffb28a6d18ca32306eaf63a
2023-03-31 00:32:22,False,3.287e-05,1.041e-08,97182867.0,10.1172,0x27...21be,https://bscscan.com/tx/0x6d37a7d09f420d41d5461de5b445ae9af96613d9eb0918f7840461db4ff14271
2023-03-31 00:32:22,False,3.29e-05,1.042e-08,2134.24,2.224e-05,0x27...21be,https://bscscan.com/tx/0x6d37a7d09f420d41d5461de5b445ae9af96613d9eb0918f7840461db4ff14271
2023-03-31 00:31:22,False,3.307e-05,1.042e-08,788089.0,0.0821,0x82...d139,https://bscscan.com/tx/0x281d8aaefdec459e63b46141f1e878ac532303b279081eaed14dfa6d76c496c0
2023-03-31 00:31:22,False,3.308e-05,1.042e-08,1069.76,1.114e-05,0x82...d139,https://bscscan.com/tx/0x281d8aaefdec459e63b46141f1e878ac532303b279081eaed14dfa6d76c496c0
2023-03-31 00:29:22,False,3.291e-05,1.042e-08,395020.0,0.0411,0x45...8914,https://bscscan.com/tx/0xd79023fb8ccd7613178e6f85735a2255d45d09558841975804ddfa07752db026
2023-03-31 00:29:22,False,3.291e-05,1.042e-08,74172.1,0.0077,0x45...8914,https://bscscan.com/tx/0xd79023fb8ccd7613178e6f85735a2255d45d09558841975804ddfa07752db026
2023-03-31 00:28:49,False,3.309e-05,1.042e-08,27388718.0,2.8556,0x58...0988,https://bscscan.com/tx/0x6c179554ae1c5dd5d812f3ae985dd096a770609c63e8ba48634f017d4d2f4965
2023-03-31 00:28:49,False,3.31e-05,1.042e-08,2996.96,3.125e-05,0x58...0988,https://bscscan.com/tx/0x6c179554ae1c5dd5d812f3ae985dd096a770609c63e8ba48634f017d4d2f4965
2023-03-31 00:28:19,True,3.326e-05,1.048e-08,150000.0,0.0157,0xa6...a57f,https://bscscan.com/tx/0x4b9072164ce3f70145ee8b7bcbf221da44af2cbb09695610328be254cc441dd9
2023-03-31 00:27:16,False,3.293e-05,1.042e-08,957104.0,0.0998,0x4c...088a,https://bscscan.com/tx/0x82451c14296d476132b8ed2e69c2ebf0b697ea8b0887fec990bcf481fe5ec416
2023-03-31 00:27:16,False,3.293e-05,1.042e-08,5870.6,6.122e-05,0x4c...088a,https://bscscan.com/tx/0x82451c14296d476132b8ed2e69c2ebf0b697ea8b0887fec990bcf481fe5ec416
2023-03-31 00:26:16,False,3.294e-05,1.043e-08,2167773.0,0.2261,0x47...7cfc,https://bscscan.com/tx/0xd9260df3e1ab105702702fe29b8fb6dbefb18d45871990102662bca34da4a462
2023-03-31 00:26:16,False,3.294e-05,1.043e-08,7805.04,8.14e-05,0x47...7cfc,https://bscscan.com/tx/0xd9260df3e1ab105702702fe29b8fb6dbefb18d45871990102662bca34da4a462
2023-03-31 00:25:01,True,3.31e-05,1.048e-08,30120.0,0.0031,0xf5...e13e,https://bscscan.com/tx/0xba045d085a5258cbfa23dc06e88041d4dbcbaf4d78e2471abd7e3e3c84957de6
2023-03-31 00:23:40,False,3.31e-05,1.043e-08,2852053.0,0.2974,0xe9...3dba,https://bscscan.com/tx/0x7cb2f5d7b5b4e7b031c6d6181935bf1b394fca394810d42b752e588db17ca425
2023-03-31 00:23:40,False,3.31e-05,1.043e-08,15818.0,0.0016,0xe9...3dba,https://bscscan.com/tx/0x7cb2f5d7b5b4e7b031c6d6181935bf1b394fca394810d42b752e588db17ca425
2023-03-31 00:23:04,True,3.31e-05,1.048e-08,858510.0,0.09,0x3f...9a70,https://bscscan.com/tx/0xb398708b63615019578aa05c65d1a850292001fd720cc3c74db3655fcb48122e
2023-03-31 00:22:01,False,3.31e-05,1.043e-08,4985000.0,0.52,0xea...e9b0,https://bscscan.com/tx/0x8904e29d974fda27fe9e3ffe57fc982cf23449a724ee91c0e48f633c479b87da
2023-03-31 00:22:01,False,3.31e-05,1.043e-08,3442.49,3.591e-05,0xea...e9b0,https://bscscan.com/tx/0x8904e29d974fda27fe9e3ffe57fc982cf23449a724ee91c0e48f633c479b87da
2023-03-31 00:21:55,True,3.327e-05,1.048e-08,150000.0,0.0157,0x85...cbc3,https://bscscan.com/tx/0x9a69ed73a22aa6f5daba47fd7a220b53a01d8ac2232bbea9e70df54dc6239233
2023-03-31 00:18:58,True,3.327e-05,1.048e-08,441469.0,0.0462,0xa8...0a21,https://bscscan.com/tx/0x8c024775bf99fd8bab5ff76f63b9d1e004eafee48a7daad031309baae50d67aa
2023-03-31 00:18:16,False,3.31e-05,1.043e-08,681476.0,0.071,0xf1...727e,https://bscscan.com/tx/0x606e4a3638cf795295a1ebc5cda9bfc68ae7cfead03e443ff78a659b41341283
2023-03-31 00:18:16,False,3.31e-05,1.043e-08,1510.95,1.576e-05,0xf1...727e,https://bscscan.com/tx/0x606e4a3638cf795295a1ebc5cda9bfc68ae7cfead03e443ff78a659b41341283
2023-03-31 00:16:07,False,3.294e-05,1.043e-08,358949.0,0.0374,0xcc...c81e,https://bscscan.com/tx/0xa14f2acddfaeba6b93b03b64c361ff00ce2817153364c0521c44ade0200d1807
2023-03-31 00:16:07,False,3.294e-05,1.043e-08,13500.0,0.0014,0xcc...c81e,https://bscscan.com/tx/0xa14f2acddfaeba6b93b03b64c361ff00ce2817153364c0521c44ade0200d1807
2023-03-31 00:16:04,False,3.294e-05,1.043e-08,4985000.0,0.52,0xea...e9b0,https://bscscan.com/tx/0xcc47a28bf0481ba909a89a3c51dacdd43f0d355f7140f454bb913df2084ae513
2023-03-31 00:16:04,False,3.294e-05,1.043e-08,31044.7,0.0032,0xea...e9b0,https://bscscan.com/tx/0xcc47a28bf0481ba909a89a3c51dacdd43f0d355f7140f454bb913df2084ae513
2023-03-31 00:11:31,False,3.311e-05,1.043e-08,8973000.0,0.9362,0xea...e9b0,https://bscscan.com/tx/0x844a7773f53db0d3bf5a17fafc3d5a090ee85c1e32b4f90d1bd25df6bf7d92d9
2023-03-31 00:11:31,False,3.311e-05,1.043e-08,14842.6,0.0015,0xea...e9b0,https://bscscan.com/tx/0x844a7773f53db0d3bf5a17fafc3d5a090ee85c1e32b4f90d1bd25df6bf7d92d9
2023-03-31 00:11:28,False,3.312e-05,1.043e-08,5480763.0,0.5719,0xb1...520c,https://bscscan.com/tx/0x910d70225361e934181e738109fa6035d2ffc74ff7b68665067454b9f68928b1
2023-03-31 00:11:28,False,3.312e-05,1.043e-08,28160.9,0.0029,0xb1...520c,https://bscscan.com/tx/0x910d70225361e934181e738109fa6035d2ffc74ff7b68665067454b9f68928b1
2023-03-31 00:10:01,True,3.312e-05,1.048e-08,104868.0,0.011,0x97...bac8,https://bscscan.com/tx/0xfdabf3287b0823a9db1b7a3ffc5145e51aac9a2f5746e3a616a21d9125497fef
2023-03-31 00:09:31,False,3.296e-05,1.043e-08,10294122.0,1.07453,0xef...9b75,https://bscscan.com/tx/0xef03487e468c28a03fd2e7b2875fc643b6a281e0c2a7afec4e10640ae68d7859
2023-03-31 00:09:31,False,3.296e-05,1.043e-08,6131.09,6.4e-05,0xef...9b75,https://bscscan.com/tx/0xef03487e468c28a03fd2e7b2875fc643b6a281e0c2a7afec4e10640ae68d7859
2023-03-31 00:06:04,True,3.313e-05,1.049e-08,1684808.0,0.1767,0x65...0dfd,https://bscscan.com/tx/0x4ab5447b8df06aed30b7a7a7928c7dc865d5d72e54d83903a9f0f15599b3c7b0
2023-03-31 00:04:22,False,3.296e-05,1.043e-08,584209.0,0.0609,0xbd...c3fb,https://bscscan.com/tx/0x320b3963032892ba8e3f140faec6d5ca16882e5f63f1d1f39ae9cb3cfd27d3dd
2023-03-31 00:04:22,False,3.296e-05,1.043e-08,4174.62,4.358e-05,0xbd...c3fb,https://bscscan.com/tx/0x320b3963032892ba8e3f140faec6d5ca16882e5f63f1d1f39ae9cb3cfd27d3dd
2023-03-31 00:01:04,True,3.313e-05,1.049e-08,285942.0,0.03,0x8d...bc86,https://bscscan.com/tx/0x183db42fa0093384a0648d5865b712be3c95ecaf3964c034672b39e442eaf13a
2023-03-30 23:59:40,True,3.313e-05,1.049e-08,979671.0,0.1027,0xb2...e08b,https://bscscan.com/tx/0xe40465ffdca7b264455670a916adc02343b7cf73cc9ab9520e4fd27ec10b938d
2023-03-30 23:59:37,False,3.314e-05,1.043e-08,279702.0,0.0292,0x27...7f10,https://bscscan.com/tx/0xd681b27903543f9dfcabaf3a9ed645513e7853800cafc536456e357f5588f278
2023-03-30 23:59:37,False,3.314e-05,1.043e-08,26606.1,0.0027,0x27...7f10,https://bscscan.com/tx/0xd681b27903543f9dfcabaf3a9ed645513e7853800cafc536456e357f5588f278
2023-03-30 23:59:13,False,3.314e-05,1.044e-08,9824538.0,1.02571,0x3d...4dd5,https://bscscan.com/tx/0xb8af730bfaadf690939cbc9c38e7d2c0dce0bec34a0674662c8dcc94e56a0257
2023-03-30 23:59:13,False,3.314e-05,1.044e-08,757.467,7.909e-06,0x3d...4dd5,https://bscscan.com/tx/0xb8af730bfaadf690939cbc9c38e7d2c0dce0bec34a0674662c8dcc94e56a0257
2023-03-30 23:58:07,False,3.298e-05,1.044e-08,279702.0,0.0292,0x27...7f10,https://bscscan.com/tx/0xf092245db452780f29ec7831e96dbd67612f993ca4ec3cf9e260845d7ad94480
2023-03-30 23:58:07,False,3.298e-05,1.044e-08,2861.62,2.987e-05,0x27...7f10,https://bscscan.com/tx/0xf092245db452780f29ec7831e96dbd67612f993ca4ec3cf9e260845d7ad94480
2023-03-30 23:58:04,False,3.298e-05,1.044e-08,1056679.0,0.1103,0x7a...9b9b,https://bscscan.com/tx/0xf24bd573d6a98514628ce6f08b801e860d9f24706dfac978366af8a5a4323d8b
2023-03-30 23:58:04,False,3.298e-05,1.044e-08,3343.33,3.491e-05,0x7a...9b9b,https://bscscan.com/tx/0xf24bd573d6a98514628ce6f08b801e860d9f24706dfac978366af8a5a4323d8b
2023-03-30 23:57:31,True,3.331e-05,1.049e-08,952917.0,0.1,0x63...c71c,https://bscscan.com/tx/0xb6becaec17d6170eadab33455f6e7c08e3dc07d4aaf19bafa64dfacc88ea400b
2023-03-30 23:56:46,False,3.298e-05,1.044e-08,284496.0,0.0297,0xc2...6138,https://bscscan.com/tx/0x9e2c338a7ad82cee1c19e80d5970b6c13542cd8a182bebf240c536dc660a3b75
2023-03-30 23:56:46,False,3.298e-05,1.044e-08,102565.0,0.0107,0xc2...6138,https://bscscan.com/tx/0x9e2c338a7ad82cee1c19e80d5970b6c13542cd8a182bebf240c536dc660a3b75
2023-03-30 23:56:13,True,3.331e-05,1.049e-08,15993967.0,1.6781,0xe0...61af,https://bscscan.com/tx/0x0202e6ee0b8214ee140e015e9798a8784f7fe75ca29c27f1aae22c1c07af3357
2023-03-30 23:56:04,True,3.33e-05,1.049e-08,95328.3,0.01,0x5f...e407,https://bscscan.com/tx/0x89517bf0700fb74e94e5175139d9400bf2efeebc3e6df2680356c2a8bda3682d
2023-03-30 23:54:01,False,3.314e-05,1.044e-08,21832208.0,2.27937,0xda...0d66,https://bscscan.com/tx/0xee815b3a5decdea8b7f9a9d802c9c6b4b43c70654ebf3b79cc6521787b7616cf
2023-03-30 23:54:01,False,3.315e-05,1.044e-08,3375.0,3.524e-05,0xda...0d66,https://bscscan.com/tx/0xee815b3a5decdea8b7f9a9d802c9c6b4b43c70654ebf3b79cc6521787b7616cf
2023-03-30 23:52:37,False,3.315e-05,1.044e-08,1246250.0,0.1301,0xc3...7f84,https://bscscan.com/tx/0xe8ac3cf1ef0c06c8162f2f30d9284706fc65935aaacafdda164d3d2a7ede6a3d
2023-03-30 23:52:37,False,3.315e-05,1.044e-08,560.917,5.857e-06,0xc3...7f84,https://bscscan.com/tx/0xe8ac3cf1ef0c06c8162f2f30d9284706fc65935aaacafdda164d3d2a7ede6a3d
2023-03-30 23:52:16,False,3.315e-05,1.044e-08,207124.0,0.0216,0xfa...eb2b,https://bscscan.com/tx/0x489a76b85c075538c1e1bd8fff1d66611cbce1c01ebf6412da5620b0e0f12419
2023-03-30 23:52:16,False,3.315e-05,1.044e-08,3744.35,3.91e-05,0xfa...eb2b,https://bscscan.com/tx/0x489a76b85c075538c1e1bd8fff1d66611cbce1c01ebf6412da5620b0e0f12419
2023-03-30 23:46:40,False,3.298e-05,1.044e-08,1154745.0,0.1206,0x56...13dd,https://bscscan.com/tx/0x3e77317c69d8e5c9298f72edd1bb518600197aa292c9f02f13a3465ee7d773fd
2023-03-30 23:46:40,False,3.299e-05,1.044e-08,73012.1,0.0076,0x56...13dd,https://bscscan.com/tx/0x3e77317c69d8e5c9298f72edd1bb518600197aa292c9f02f13a3465ee7d773fd
2023-03-30 23:46:04,False,3.316e-05,1.044e-08,26960394.0,2.81658,0x54...eff9,https://bscscan.com/tx/0xf4c343e5ac960d9d2a42c9c6e09c8b9b3bbe5b9677fedcd557538893ca8cdf0e
2023-03-30 23:46:04,False,3.317e-05,1.045e-08,5311.07,5.55e-05,0x54...eff9,https://bscscan.com/tx/0xf4c343e5ac960d9d2a42c9c6e09c8b9b3bbe5b9677fedcd557538893ca8cdf0e
2023-03-30 23:45:19,False,3.317e-05,1.045e-08,1961160.0,0.2049,0xc3...aa43,https://bscscan.com/tx/0x6256b59c2ec5857b0cd0dc426eaa787677df217c77f1ee16a39be7d831767d1a
2023-03-30 23:45:19,False,3.317e-05,1.045e-08,40888.0,0.0042,0xc3...aa43,https://bscscan.com/tx/0x6256b59c2ec5857b0cd0dc426eaa787677df217c77f1ee16a39be7d831767d1a
2023-03-30 23:41:31,False,3.318e-05,1.045e-08,15098269.0,1.5782,0x58...0988,https://bscscan.com/tx/0xa8eae5ba830a31601374d40a3ec8f4a8a34968d5332d7b82e59ad3d0f9d4a3c5
2023-03-30 23:41:31,False,3.318e-05,1.045e-08,33228.1,0.0034,0x58...0988,https://bscscan.com/tx/0xa8eae5ba830a31601374d40a3ec8f4a8a34968d5332d7b82e59ad3d0f9d4a3c5
2023-03-30 23:37:19,True,3.317e-05,1.05e-08,599652.0,0.063,0x4f...60b2,https://bscscan.com/tx/0x5e114f57ee2261608b4808b8e16c444a5f080dd372bd2ea704ae1a07429b9521
2023-03-30 23:37:10,False,3.319e-05,1.045e-08,11671918.0,1.22042,0x0c...6ce3,https://bscscan.com/tx/0x9d99dff5dde0c39ef8aa4c733e46f6581e39f9d7cf20958917371f0ed1ef9200
2023-03-30 23:37:10,False,3.319e-05,1.045e-08,369577.0,0.0386,0x0c...6ce3,https://bscscan.com/tx/0x9d99dff5dde0c39ef8aa4c733e46f6581e39f9d7cf20958917371f0ed1ef9200
2023-03-30 23:35:25,False,3.324e-05,1.047e-08,136469725.0,14.2947,0xba...66ac,https://bscscan.com/tx/0x43f368ca0358dce89839d00fc5cd2af9e16e520c876438ad069631d471a0f947
2023-03-30 23:35:25,False,3.329e-05,1.049e-08,16952.4,0.0017,0xba...66ac,https://bscscan.com/tx/0x43f368ca0358dce89839d00fc5cd2af9e16e520c876438ad069631d471a0f947
2023-03-30 23:35:10,True,3.346e-05,1.054e-08,708480.0,0.0747,0xe3...bc5a,https://bscscan.com/tx/0x5eab15e295175ab334d4639275eb5a1380151e2ecf0392ed3ddc2baf289148af
2023-03-30 23:33:52,True,3.329e-05,1.054e-08,942979.0,0.0994,0x0a...a105,https://bscscan.com/tx/0x6a9370e0b5dd909f71400f969a571558f38ee90c2b0d9eeb1b811235526ecdba
2023-03-30 23:33:13,True,3.329e-05,1.054e-08,2814414.0,0.2967,0x52...61c5,https://bscscan.com/tx/0x483937b9ec1059fa2d59abd0dfcb02805b824791503b56a022e37e063356dcf6
2023-03-30 23:30:43,True,3.346e-05,1.054e-08,562792.0,0.0593,0xea...b46a,https://bscscan.com/tx/0xf6a363fcc055724b4002c1dde238aebded40ac3dfd06d4d1ae9551e5da81e5d8
2023-03-30 23:28:40,False,3.312e-05,1.049e-08,1246250.0,0.1307,0x56...b28e,https://bscscan.com/tx/0x9508a015da593e3a71f936e30ef654ca39c434c22c27642d19972a281e71aa99
2023-03-30 23:28:40,False,3.312e-05,1.049e-08,7578.99,7.95e-05,0x56...b28e,https://bscscan.com/tx/0x9508a015da593e3a71f936e30ef654ca39c434c22c27642d19972a281e71aa99
2023-03-30 23:26:25,False,3.312e-05,1.049e-08,2798611.0,0.2936,0xab...f15c,https://bscscan.com/tx/0x2a2d10fb0919317f403b07fb47166a8511acdf2be0de506a04ef64ae456715a5
2023-03-30 23:26:25,False,3.313e-05,1.049e-08,243.0,2.549e-06,0xab...f15c,https://bscscan.com/tx/0x2a2d10fb0919317f403b07fb47166a8511acdf2be0de506a04ef64ae456715a5
2023-03-30 23:25:43,True,3.346e-05,1.054e-08,90000.0,0.0094,0x59...20ac,https://bscscan.com/tx/0x7cdf713f4230dfaa2a8a1b0cedc7afc4d3b82f0c3b6c111e7d97fceff66a7c10
2023-03-30 23:25:37,False,3.329e-05,1.049e-08,6553968.0,0.6876,0xe9...1702,https://bscscan.com/tx/0x9138f1229e17cafa3aefee4758400c82d8857484f675aa0655a6633d45733d53
2023-03-30 23:25:34,False,3.33e-05,1.049e-08,9486677.0,0.9955,0x00...6382,https://bscscan.com/tx/0x983ea2b65549a4a0d2f2a4c4b4a06b98c94d2398c5ef7f9a15d204c3b835d027
2023-03-30 23:25:34,False,3.33e-05,1.049e-08,979026.0,0.1027,0x00...6382,https://bscscan.com/tx/0x983ea2b65549a4a0d2f2a4c4b4a06b98c94d2398c5ef7f9a15d204c3b835d027
2023-03-30 23:25:34,True,3.341e-05,1.053e-08,143459382.0,15.1066,0xb8...d448,https://bscscan.com/tx/0x13edfaf6bcde8dfa1444c3e8cfc4df9798590349e6dc5f61fd57f31c1f148a6a
2023-03-30 23:23:55,True,3.319e-05,1.051e-08,11144304.0,1.17136,0xcf...870c,https://bscscan.com/tx/0x221ac8969d7057ba74a5e482f1dadab2558c47bbebaae16f1ee23b93c5a91eb4
2023-03-30 23:22:04,True,3.318e-05,1.05e-08,11742266.0,1.23387,0x0c...6ce3,https://bscscan.com/tx/0x45bfc40718b5342e3fec625e0fdb8e56b027a162e63e9a76098ecf8a93c2033e
2023-03-30 23:20:13,True,3.327e-05,1.048e-08,181232558.0,19.0,0xe8...716a,https://bscscan.com/tx/0x196fbfcea75fd828480a85a7686ba3294eef7853ebc0aae8b2242a25f7c9ec04
2023-03-30 23:18:10,True,3.303e-05,1.045e-08,14484597.0,1.515,0x57...a62c,https://bscscan.com/tx/0xe3a443f0ce634b698a4799e453ea41c457c4340d16d04539ce5b65cc1249c3bb
2023-03-30 23:16:46,False,3.286e-05,1.04e-08,537356.0,0.0559,0xeb...0d6d,https://bscscan.com/tx/0x2c9f971e946c0d55f15cdb94b24b5a75d733d353698d903aea44084d3e2bd46e
2023-03-30 23:16:46,False,3.286e-05,1.04e-08,1080.0,1.123e-05,0xeb...0d6d,https://bscscan.com/tx/0x2c9f971e946c0d55f15cdb94b24b5a75d733d353698d903aea44084d3e2bd46e
2023-03-30 23:16:01,False,3.302e-05,1.04e-08,398800.0,0.0415,0xb8...1a29,https://bscscan.com/tx/0x6f5fcdc93301fd6b7a97dd74c923a00a1294fcaa2f647a4a86e56fb276335718
2023-03-30 23:16:01,False,3.302e-05,1.04e-08,5094.59,5.301e-05,0xb8...1a29,https://bscscan.com/tx/0x6f5fcdc93301fd6b7a97dd74c923a00a1294fcaa2f647a4a86e56fb276335718
2023-03-30 23:13:55,True,3.319e-05,1.045e-08,61564.0,0.0064,0xf1...ee70,https://bscscan.com/tx/0xf52930fab765aa326927a79feac6c26751b0488a55c71f8ad26dd6016ea4d2d8
2023-03-30 23:13:13,False,3.302e-05,1.04e-08,1819844.0,0.1893,0xb8...1a29,https://bscscan.com/tx/0x4b2d15bc87c17e0bcd26ac7e08379c9056b91d49165d0226d3cb5eeadf13a6bf
2023-03-30 23:13:13,False,3.302e-05,1.04e-08,16433.9,0.0017,0xb8...1a29,https://bscscan.com/tx/0x4b2d15bc87c17e0bcd26ac7e08379c9056b91d49165d0226d3cb5eeadf13a6bf
2023-03-30 23:12:31,True,3.302e-05,1.045e-08,1545801.0,0.1616,0x4b...85f3,https://bscscan.com/tx/0x0638caaa2dabed3d13eba959b8f78a2bba699d52abc71dfc58147f9ca3dd36fd
2023-03-30 23:11:37,True,3.318e-05,1.045e-08,203569.0,0.0212,0x60...b9e8,https://bscscan.com/tx/0xbb6e7d6820abd9f5ae8ef270ec48e1bca44c861dbb345789cd11a819e45a76c9
2023-03-30 23:10:31,True,3.318e-05,1.045e-08,3164325.0,0.3309,0x7d...a14a,https://bscscan.com/tx/0x64a90906c7bf853effd477a981ff5b882ecdff8ae242654e6fd2d480bc8e0a6b
2023-03-30 23:08:28,False,3.301e-05,1.04e-08,1169404.0,0.1216,0x41...d86d,https://bscscan.com/tx/0xd99d101b601c26bc76ba5ed23ea83bbfec1759c1552e8aeafd0253c3d53ec264
2023-03-30 23:08:28,False,3.301e-05,1.04e-08,3260.52,3.392e-05,0x41...d86d,https://bscscan.com/tx/0xd99d101b601c26bc76ba5ed23ea83bbfec1759c1552e8aeafd0253c3d53ec264
2023-03-30 23:04:51,False,3.301e-05,1.04e-08,997000.0,0.1037,0x4e...abb7,https://bscscan.com/tx/0xfe36faec37ce72ef4d6bd9b5e31e35628bf42326f74b76396a9a365fa329cf7c
2023-03-30 23:04:51,False,3.301e-05,1.04e-08,44651.3,0.0046,0x4e...abb7,https://bscscan.com/tx/0xfe36faec37ce72ef4d6bd9b5e31e35628bf42326f74b76396a9a365fa329cf7c
2023-03-30 23:04:27,True,3.317e-05,1.045e-08,11537505.0,1.20638,0xa9...c040,https://bscscan.com/tx/0xe0729c8b96f934e99fb9f7c4f969196153d7dcb5af87868abec23774feb9f0c8
2023-03-30 23:02:54,False,3.301e-05,1.04e-08,4985000.0,0.5185,0x2b...827b,https://bscscan.com/tx/0x2f34f0e0cd316587098df58e52679df129d638c983ef1bfa3191017aa9c9146a
2023-03-30 23:02:54,False,3.301e-05,1.04e-08,25414.5,0.0026,0x2b...827b,https://bscscan.com/tx/0x2f34f0e0cd316587098df58e52679df129d638c983ef1bfa3191017aa9c9146a
2023-03-30 22:54:39,True,3.318e-05,1.046e-08,7912794.0,0.8276,0x8a...6dac,https://bscscan.com/tx/0x1c74b221e6238fde5e65344e7b47725a9343a63a54ad6a6d023cb5c413b7dc87
2023-03-30 22:54:22,False,3.283e-05,1.04e-08,1495500.0,0.1555,0x2c...57f7,https://bscscan.com/tx/0xafecd7b3cb75e5f76778bd69c3af21bb9f9e71d5fb818f63ce637de9cd86471b
2023-03-30 22:54:22,False,3.283e-05,1.04e-08,22219.1,0.0023,0x2c...57f7,https://bscscan.com/tx/0xafecd7b3cb75e5f76778bd69c3af21bb9f9e71d5fb818f63ce637de9cd86471b
2023-03-30 22:53:43,True,3.316e-05,1.045e-08,3826334.0,0.4,0xe7...ce50,https://bscscan.com/tx/0x98df14b3759c8660a4b17bbcfacf9972b86da9fe97ebe038e7801392ed8be099
2023-03-30 22:53:13,True,3.315e-05,1.045e-08,3080907.0,0.322,0xb3...902c,https://bscscan.com/tx/0x8c33b143a2e361a55de6613e4c2883c4295982d4ba9861ef3d47088cc7e1f4a2
2023-03-30 22:51:04,False,3.282e-05,1.04e-08,1318084.0,0.137,0xf6...b3b8,https://bscscan.com/tx/0xb1e687c3a16811c3a73472cbb45286c260fdbfc6ecc17d468c113af9415dbc21
2023-03-30 22:51:04,False,3.283e-05,1.04e-08,1890.0,1.965e-05,0xf6...b3b8,https://bscscan.com/tx/0xb1e687c3a16811c3a73472cbb45286c260fdbfc6ecc17d468c113af9415dbc21
2023-03-30 22:50:16,False,3.282e-05,1.04e-08,697900.0,0.0725,0x79...71da,https://bscscan.com/tx/0x033f414c634f330646afdc0d124f89f5270a8311e6f3b37d17e0c2fe284e6349
2023-03-30 22:50:16,False,3.282e-05,1.04e-08,15894.4,0.0016,0x79...71da,https://bscscan.com/tx/0x033f414c634f330646afdc0d124f89f5270a8311e6f3b37d17e0c2fe284e6349
2023-03-30 22:49:52,False,3.299e-05,1.04e-08,5869138.0,0.6104,0x19...db05,https://bscscan.com/tx/0x937807a4d5d066af8c6d8bfedad73fd6c09831be123b6acfbb10736dadf94d3e
2023-03-30 22:49:52,False,3.299e-05,1.04e-08,161595.0,0.0168,0x19...db05,https://bscscan.com/tx/0x937807a4d5d066af8c6d8bfedad73fd6c09831be123b6acfbb10736dadf94d3e
2023-03-30 22:48:46,True,3.299e-05,1.045e-08,2898200.0,0.3029,0x1d...b5da,https://bscscan.com/tx/0x452fedd0c3781ac5d849dc8e04ce8b68a188d8b282c3af69f4d4d4222bdb3c76
2023-03-30 22:46:52,False,3.301e-05,1.04e-08,56780937.0,5.91017,0xf6...4031,https://bscscan.com/tx/0xf28039e0896d4a5c8ad45628313ed83a68e56b3f4a3c20c0bfb498a6497b3250
2023-03-30 22:46:52,False,3.303e-05,1.041e-08,2947.62,3.07e-05,0xf6...4031,https://bscscan.com/tx/0xf28039e0896d4a5c8ad45628313ed83a68e56b3f4a3c20c0bfb498a6497b3250
2023-03-30 22:46:04,False,3.285e-05,1.041e-08,1088436.0,0.1133,0x45...b566,https://bscscan.com/tx/0xf1dbb6f7f0c2e129b360409730cad5c52a058cd022bb18c7b095b55501741946
2023-03-30 22:46:04,False,3.285e-05,1.041e-08,1309.5,1.363e-05,0x45...b566,https://bscscan.com/tx/0xf1dbb6f7f0c2e129b360409730cad5c52a058cd022bb18c7b095b55501741946
2023-03-30 22:45:40,False,3.285e-05,1.041e-08,483545.0,0.0503,0x84...4d69,https://bscscan.com/tx/0xd635920169e99dc92792c9a6684b57a6712a67f70c7568a7d9acbb923996e157
2023-03-30 22:45:40,False,3.285e-05,1.041e-08,27000.0,0.0028,0x84...4d69,https://bscscan.com/tx/0xd635920169e99dc92792c9a6684b57a6712a67f70c7568a7d9acbb923996e157
2023-03-30 22:45:13,False,3.285e-05,1.041e-08,9970000.0,1.03861,0x1d...79e8,https://bscscan.com/tx/0xcbe823e95be217e5b3b3974e62ccd36af7ac6c1ecd9b4a116da4dc216a1e5488
2023-03-30 22:45:13,False,3.285e-05,1.041e-08,14093.6,0.0014,0x1d...79e8,https://bscscan.com/tx/0xcbe823e95be217e5b3b3974e62ccd36af7ac6c1ecd9b4a116da4dc216a1e5488
2023-03-30 22:44:18,False,3.302e-05,1.041e-08,5204205.0,0.5422,0x6e...a9ce,https://bscscan.com/tx/0x934ee3abdc6ff22de86a339100710d3921c62eb076bedc7b482334414c5f8750
2023-03-30 22:44:18,False,3.302e-05,1.041e-08,2700.0,2.813e-05,0x6e...a9ce,https://bscscan.com/tx/0x934ee3abdc6ff22de86a339100710d3921c62eb076bedc7b482334414c5f8750
2023-03-30 22:44:12,False,3.286e-05,1.042e-08,997000.0,0.1038,0x78...39b8,https://bscscan.com/tx/0xc78027c2a06b0b4851d073f8b267140dc24b8419b6edcd74ce4c15c7164fa636
2023-03-30 22:44:12,False,3.286e-05,1.042e-08,8454.1,8.809e-05,0x78...39b8,https://bscscan.com/tx/0xc78027c2a06b0b4851d073f8b267140dc24b8419b6edcd74ce4c15c7164fa636
2023-03-30 22:41:15,False,3.286e-05,1.042e-08,3121756.0,0.3253,0xb3...902c,https://bscscan.com/tx/0xe8b118ee8e9de73a0e579143aafa0426df853d9cb0f8d2ea3c31ee22f024928c
2023-03-30 22:41:15,False,3.286e-05,1.042e-08,2705.59,2.819e-05,0xb3...902c,https://bscscan.com/tx/0xe8b118ee8e9de73a0e579143aafa0426df853d9cb0f8d2ea3c31ee22f024928c
2023-03-30 22:39:12,False,3.302e-05,1.042e-08,999065.0,0.1041,0xd0...bca5,https://bscscan.com/tx/0xc917f859a218a4212064cdef4f980dd03fdc555779190574575a51ca61cbdc76
2023-03-30 22:39:12,False,3.303e-05,1.042e-08,38983.3,0.004,0xd0...bca5,https://bscscan.com/tx/0xc917f859a218a4212064cdef4f980dd03fdc555779190574575a51ca61cbdc76
2023-03-30 22:37:57,True,3.301e-05,1.047e-08,9883752.0,1.03505,0x3d...4dd5,https://bscscan.com/tx/0x3f6dfc6fa288c7536f976eb4fe8af2bc65e1198e26c643dc38299bacab1a045b
2023-03-30 22:36:33,True,3.315e-05,1.047e-08,753774.0,0.0789,0x0f...aee9,https://bscscan.com/tx/0x72667679c6d8e6232bc4595eb6bf7792e83979a86a4db54ef315051d151eaa6d
2023-03-30 22:34:54,True,3.314e-05,1.047e-08,494233.0,0.0517,0x12...d163,https://bscscan.com/tx/0x5c60c79719b397365946ff72b7cf478a89e0a24bb6df870e11e09d8a858dcc81
2023-03-30 22:33:39,True,3.298e-05,1.047e-08,897061.0,0.0939,0xed...74f9,https://bscscan.com/tx/0x91e760d5865b2700853ee043d80cc55a5245b06606a1016d4d50eb13b3123f9f
2023-03-30 22:32:18,True,3.298e-05,1.047e-08,2277072.0,0.2384,0x76...a7cd,https://bscscan.com/tx/0xc39ee10f7baf7adf390ad11c286b75e74c0a1d88e7aa770656eaf554f3955f5f
2023-03-30 22:30:45,False,3.28e-05,1.041e-08,131952.0,0.0137,0xee...1d06,https://bscscan.com/tx/0xf514a95f111621125446775a801b75eabbbbd3002af553adefe0eb79621fa753
2023-03-30 22:30:45,False,3.28e-05,1.041e-08,31581.5,0.0032,0xee...1d06,https://bscscan.com/tx/0xf514a95f111621125446775a801b75eabbbbd3002af553adefe0eb79621fa753
2023-03-30 22:28:00,True,3.297e-05,1.046e-08,430000.0,0.045,0x0c...7754,https://bscscan.com/tx/0x0973a56414d872a8081236f188a3ee740fe68a32aab261956516171ba649a0f2
2023-03-30 22:27:06,False,3.281e-05,1.041e-08,11233041.0,1.17037,0x6a...3665,https://bscscan.com/tx/0x2e05acc99cdc9a292aaa3e2ae29c926cc1d9d3afa015fe72afe5268b7eae3dcc
2023-03-30 22:27:06,False,3.281e-05,1.042e-08,7289.63,7.596e-05,0x6a...3665,https://bscscan.com/tx/0x2e05acc99cdc9a292aaa3e2ae29c926cc1d9d3afa015fe72afe5268b7eae3dcc
2023-03-30 22:26:39,True,3.314e-05,1.047e-08,57292.2,0.006,0x20...7658,https://bscscan.com/tx/0x4530b844e6117fb5dd9c38f4e9e86532224a929b1d22d89ebe1308a420397fca
2023-03-30 22:26:30,False,3.298e-05,1.042e-08,2634641.0,0.2745,0x8b...d2e2,https://bscscan.com/tx/0x84d223f20f83fced26ee24553b05d6697e1b5858272a4a836de742842dca53ab
2023-03-30 22:26:30,False,3.298e-05,1.042e-08,6750.0,7.034e-05,0x8b...d2e2,https://bscscan.com/tx/0x84d223f20f83fced26ee24553b05d6697e1b5858272a4a836de742842dca53ab
2023-03-30 22:25:09,False,3.298e-05,1.042e-08,2492500.0,0.2597,0xc3...7f84,https://bscscan.com/tx/0xf289547115123eb47b8e837b1d688dfc18414bf5c0c0d8527ae141206cf43ba9
2023-03-30 22:25:09,False,3.298e-05,1.042e-08,1798.14,1.873e-05,0xc3...7f84,https://bscscan.com/tx/0xf289547115123eb47b8e837b1d688dfc18414bf5c0c0d8527ae141206cf43ba9
2023-03-30 22:24:33,False,3.28e-05,1.042e-08,663981.0,0.0692,0x6a...4bff,https://bscscan.com/tx/0x8b1100344cae97359993a47cf37ce557b8bb5084af3a542ba89c3fcf05462706
2023-03-30 22:24:33,False,3.28e-05,1.042e-08,4239.0,4.417e-05,0x6a...4bff,https://bscscan.com/tx/0x8b1100344cae97359993a47cf37ce557b8bb5084af3a542ba89c3fcf05462706
2023-03-30 22:22:17,False,3.298e-05,1.042e-08,1565290.0,0.1631,0x42...47dd,https://bscscan.com/tx/0xec25e3b97f1a451d7ef8e0e3b160ab3d7a37445c5b9a8395bdb198421e616429
2023-03-30 22:22:17,False,3.298e-05,1.042e-08,2700.0,2.813e-05,0x42...47dd,https://bscscan.com/tx/0xec25e3b97f1a451d7ef8e0e3b160ab3d7a37445c5b9a8395bdb198421e616429
2023-03-30 22:16:56,False,3.297e-05,1.042e-08,997000.0,0.1039,0xea...e8a7,https://bscscan.com/tx/0x48dc02672ab8fdb0fef9a693989d86a22cff80b34d42b2d0a93e577ae06fcac0
2023-03-30 22:16:56,False,3.297e-05,1.042e-08,26746.1,0.0027,0xea...e8a7,https://bscscan.com/tx/0x48dc02672ab8fdb0fef9a693989d86a22cff80b34d42b2d0a93e577ae06fcac0
2023-03-30 22:16:47,False,3.298e-05,1.042e-08,9876252.0,1.02946,0xfb...286b,https://bscscan.com/tx/0x53a21a206ab131f42a8e5ca4fa5b424d03669baf1af45e135bf160e3a6e34c4d
2023-03-30 22:16:47,False,3.298e-05,1.042e-08,9905.83,0.001,0xfb...286b,https://bscscan.com/tx/0x53a21a206ab131f42a8e5ca4fa5b424d03669baf1af45e135bf160e3a6e34c4d
2023-03-30 22:16:47,False,3.298e-05,1.042e-08,3657818.0,0.3813,0xb8...fcf4,https://bscscan.com/tx/0x777949bc3dab4e8df45eec721ce25ce1d9f7213cae41a8c7e58e1099390c015c
2023-03-30 22:16:47,False,3.298e-05,1.042e-08,28365.7,0.0029,0xb8...fcf4,https://bscscan.com/tx/0x777949bc3dab4e8df45eec721ce25ce1d9f7213cae41a8c7e58e1099390c015c
2023-03-30 22:16:38,True,3.315e-05,1.047e-08,448557.0,0.047,0x97...2267,https://bscscan.com/tx/0xa685b108bda09e3826a54e2fd4704a97c5e37e84c151737047e8ababc4240fd0
2023-03-30 22:14:08,True,3.315e-05,1.047e-08,57262.9,0.006,0xee...1d06,https://bscscan.com/tx/0xc6437a0deb6add163b9306f575a24602192cf2c6c6d5c4e8aad4a3fe4918f650
2023-03-30 22:13:14,False,3.281e-05,1.042e-08,9970000.0,1.03956,0x4b...b912,https://bscscan.com/tx/0x5589562469c42c2ef89ec7b5d1868d3bbaf2b4cfbdf0453d6ae7cf54aa17fd9b
2023-03-30 22:13:14,False,3.281e-05,1.042e-08,10570.3,0.0011,0x4b...b912,https://bscscan.com/tx/0x5589562469c42c2ef89ec7b5d1868d3bbaf2b4cfbdf0453d6ae7cf54aa17fd9b
2023-03-30 22:11:38,True,3.314e-05,1.048e-08,1068713.0,0.112,0x17...6053,https://bscscan.com/tx/0x68cbb8def1618815183a503b23f098386308350cfdf716ce392d185118df3caf
2023-03-30 22:11:23,False,3.298e-05,1.042e-08,1231739.0,0.1284,0x44...cd0a,https://bscscan.com/tx/0x77744b24a9058ae90e13c4593cfe305656b821685da80094269537eb418be6b9
2023-03-30 22:11:23,False,3.298e-05,1.042e-08,24981.7,0.0026,0x44...cd0a,https://bscscan.com/tx/0x77744b24a9058ae90e13c4593cfe305656b821685da80094269537eb418be6b9
2023-03-30 22:08:47,False,3.281e-05,1.042e-08,9224720.0,0.962,0x74...ca79,https://bscscan.com/tx/0xc0f03fcf4d6827a68cba241b3c60469dc3863e717b9f62c112ed0356adc03497
2023-03-30 22:08:47,False,3.281e-05,1.043e-08,16015.7,0.0016,0x74...ca79,https://bscscan.com/tx/0xc0f03fcf4d6827a68cba241b3c60469dc3863e717b9f62c112ed0356adc03497
2023-03-30 22:06:53,True,3.297e-05,1.048e-08,4827730.0,0.506,0x1c...45a0,https://bscscan.com/tx/0x7a5bfd937828d8ae169c90829766dbcb3c444ef776b818e8d33883a88169d84f
2023-03-30 22:02:02,True,3.313e-05,1.048e-08,954064.0,0.1,0xee...c946,https://bscscan.com/tx/0x9605aaaf5470b1e950862527092c77ccc89b9bf354d4c2b0612aa0c246309635
2023-03-30 21:58:14,False,3.297e-05,1.042e-08,149500.0,0.0155,0x89...93aa,https://bscscan.com/tx/0x57cfb9534a171030b93060038b20f1fcfbb23458e569d703a9a5ce1e045f4dd1
2023-03-30 21:58:14,False,3.297e-05,1.042e-08,21898.0,0.0022,0x89...93aa,https://bscscan.com/tx/0x57cfb9534a171030b93060038b20f1fcfbb23458e569d703a9a5ce1e045f4dd1
2023-03-30 21:57:29,True,3.297e-05,1.048e-08,6067597.0,0.6359,0x9a...a881,https://bscscan.com/tx/0x0f96450e476072f266efd7379b160afb41559a8219992268e460245c87b84726
2023-03-30 21:56:56,False,3.296e-05,1.042e-08,1082072.0,0.1128,0xb3...961d,https://bscscan.com/tx/0x186c9b441283bd6e868cc65b4b149aebfc81d8fa78bcd6ef1ead0bc421becf48
2023-03-30 21:56:56,False,3.296e-05,1.042e-08,4354.35,4.54e-05,0xb3...961d,https://bscscan.com/tx/0x186c9b441283bd6e868cc65b4b149aebfc81d8fa78bcd6ef1ead0bc421becf48
2023-03-30 21:56:35,False,3.28e-05,1.042e-08,1607884.0,0.1676,0x5b...61f3,https://bscscan.com/tx/0xa20428cbca003b67812d81b0f5f89e87f195e7ac65d9ce36233c0f5b26a2c044
2023-03-30 21:56:35,False,3.28e-05,1.042e-08,7006.17,7.306e-05,0x5b...61f3,https://bscscan.com/tx/0xa20428cbca003b67812d81b0f5f89e87f195e7ac65d9ce36233c0f5b26a2c044
2023-03-30 21:55:56,True,3.313e-05,1.048e-08,2416495.0,0.2532,0x86...37a4,https://bscscan.com/tx/0xc2cbb958e1ff0d82240eb381b124a3319fe72d87dfcc5518421de2ff3bc91e46
2023-03-30 21:55:02,False,3.28e-05,1.042e-08,177848.0,0.0185,0xab...9fe6,https://bscscan.com/tx/0xa223821a7c3d34dd635b4ded064c27581ca8f194090ffe2eb7530d41f5fbeb06
2023-03-30 21:55:02,False,3.28e-05,1.042e-08,39280.4,0.0041,0xab...9fe6,https://bscscan.com/tx/0xa223821a7c3d34dd635b4ded064c27581ca8f194090ffe2eb7530d41f5fbeb06
2023-03-30 21:53:47,True,3.313e-05,1.047e-08,2416622.0,0.2532,0x7e...5409,https://bscscan.com/tx/0xb3d235f67a86c25dd2b1cb723d96d637116b990ad17173a7dd741a87174176ff
2023-03-30 21:52:50,True,3.313e-05,1.047e-08,754388.0,0.079,0xb9...7803,https://bscscan.com/tx/0x256e4d9da25a896750a9c21d620c5c85d523ca7dad01521ed608e72e434aeaa1
2023-03-30 21:51:59,True,3.297e-05,1.047e-08,331887.0,0.0347,0xc0...2e6a,https://bscscan.com/tx/0x0e877d1f8d91f02fad2bdb71e9de882dae12312211907bfb8ec296200213047a
2023-03-30 21:51:47,True,3.297e-05,1.047e-08,905154.0,0.0948,0xbc...a6c9,https://bscscan.com/tx/0x5921cdf0d2bdefb96a57851d3ca3a7bf46832d8cd723ac23ce9d7aab212604c9
2023-03-30 21:49:00,True,3.313e-05,1.047e-08,9960232.0,1.0436,0xfb...f289,https://bscscan.com/tx/0x762203928aed449d43007978f41f4cbf082e31633cef787d892b23d3d2ea304d
2023-03-30 21:49:00,False,3.296e-05,1.042e-08,179460.0,0.0187,0xcb...bc0a,https://bscscan.com/tx/0x090987f79ee1f204f73a23221dac452ff575e3eab778cc16e7758ba4d05b9d23
2023-03-30 21:49:00,False,3.296e-05,1.042e-08,10065.2,0.001,0xcb...bc0a,https://bscscan.com/tx/0x090987f79ee1f204f73a23221dac452ff575e3eab778cc16e7758ba4d05b9d23
2023-03-30 21:47:47,False,3.28e-05,1.042e-08,3716682.0,0.3874,0xa2...b9b2,https://bscscan.com/tx/0x39680d584779f6682c551ed815b2ab6eb29a8874c1ed8d93c0c5f9632e1fb229
2023-03-30 21:47:47,False,3.28e-05,1.042e-08,136388.0,0.0142,0xa2...b9b2,https://bscscan.com/tx/0x39680d584779f6682c551ed815b2ab6eb29a8874c1ed8d93c0c5f9632e1fb229
2023-03-30 21:47:05,True,3.297e-05,1.047e-08,2020408.0,0.2116,0x91...48b0,https://bscscan.com/tx/0xbfb4335f909c09e2a36b0fca70baf65d6eea90dd2218cffc0ed9766c5fb1740b
2023-03-30 21:44:52,True,3.296e-05,1.047e-08,6777343.0,0.71,0x91...48b0,https://bscscan.com/tx/0xd1934cc9bc3c52a3693fb27b406b5a15b1803a79cabc66c77ceae3affcddb52b
2023-03-30 21:44:37,True,3.312e-05,1.047e-08,16448418.0,1.72267,0x41...4c19,https://bscscan.com/tx/0x4c0171fc752e9e25ca6c8c099676859e9790f6257c7294148d8e02e82bf207b0
2023-03-30 21:44:30,True,3.294e-05,1.046e-08,15099575.0,1.58081,0x5c...898d,https://bscscan.com/tx/0xdb7a34289c650c42bcbb717ea8933e006e4e8e92743b612916d47ff699c4dfa6
2023-03-30 21:43:50,False,3.294e-05,1.041e-08,10137765.0,1.05599,0x6a...fa53,https://bscscan.com/tx/0x297af0345acb6bfecbd83106b6b607b10075073bfc810933e4e63f5313205a6f
2023-03-30 21:43:50,False,3.294e-05,1.041e-08,191251.0,0.0199,0x6a...fa53,https://bscscan.com/tx/0x297af0345acb6bfecbd83106b6b607b10075073bfc810933e4e63f5313205a6f
2023-03-30 21:43:37,True,3.311e-05,1.046e-08,76409.3,0.008,0x73...de1d,https://bscscan.com/tx/0xbdb5648ab0610c54ef37c5161bb8846eeac83fa453bb3b334031a55a980c8110
2023-03-30 21:43:13,True,3.311e-05,1.046e-08,1351454.0,0.1414,0x91...48b0,https://bscscan.com/tx/0x0410b45d598307af18cd7fac7de000514c6633501b5bbe65ddf6680de2333e1d
2023-03-30 21:42:46,True,3.311e-05,1.046e-08,583807.0,0.0611,0x91...48b0,https://bscscan.com/tx/0x7b5d5f6b2d85f9b88ecc5fcf8718a449f008427f7e53d7e6e739211d88e42d25
2023-03-30 21:42:16,True,3.311e-05,1.046e-08,260000.0,0.0272,0x65...6865,https://bscscan.com/tx/0x52938ca797d440a3a0a5e52e194f87c6d1c45ebbd7dabac165056630ec8c8d17
2023-03-30 21:41:16,True,3.294e-05,1.046e-08,8356611.0,0.8748,0x78...4605,https://bscscan.com/tx/0xba4f383fdf39410eedf4d039de3959bc4f2d51c3017429acbe1260ae1ec18de4
2023-03-30 21:40:13,False,3.296e-05,1.042e-08,60024684.0,6.25605,0x19...7378,https://bscscan.com/tx/0x4caa076d92e489d56e73a9f13cddd3f6601b0678533d6ce9df1a03955e7f9204
2023-03-30 21:40:13,False,3.298e-05,1.042e-08,4620.46,4.819e-05,0x19...7378,https://bscscan.com/tx/0x4caa076d92e489d56e73a9f13cddd3f6601b0678533d6ce9df1a03955e7f9204
2023-03-30 21:37:31,True,3.315e-05,1.048e-08,50000.0,0.0052,0x91...2baf,https://bscscan.com/tx/0x19c0f33d8d56173d4d8371a1f69a4c63c7fbe7b9fe7804f99ed1760c80061575
2023-03-30 21:37:07,False,3.297e-05,1.043e-08,1656296.0,0.1727,0x4d...1124,https://bscscan.com/tx/0xc1561321e63c910d3580b074ff9acd3b01ed7182b3c6e3608f4f94f9c138408d
2023-03-30 21:37:07,False,3.297e-05,1.043e-08,10731.3,0.0011,0x4d...1124,https://bscscan.com/tx/0xc1561321e63c910d3580b074ff9acd3b01ed7182b3c6e3608f4f94f9c138408d
2023-03-30 21:37:01,False,3.298e-05,1.043e-08,3962628.0,0.4133,0x5d...62b3,https://bscscan.com/tx/0x43c3d6b180abc6a08545388b7119a98efbf9551cc394eac814e9a5ccfdbe236a
2023-03-30 21:37:01,False,3.298e-05,1.043e-08,22459.7,0.0023,0x5d...62b3,https://bscscan.com/tx/0x43c3d6b180abc6a08545388b7119a98efbf9551cc394eac814e9a5ccfdbe236a
2023-03-30 21:35:31,False,3.298e-05,1.043e-08,8293449.0,0.8652,0x8d...73a9,https://bscscan.com/tx/0xbe3f6df5c40509e108b5e2fb06a29276095201ff53d5deffa895e65cb0f5ee62
2023-03-30 21:35:31,False,3.298e-05,1.043e-08,2970.0,3.098e-05,0x8d...73a9,https://bscscan.com/tx/0xbe3f6df5c40509e108b5e2fb06a29276095201ff53d5deffa895e65cb0f5ee62
2023-03-30 21:35:22,False,3.282e-05,1.043e-08,1096701.0,0.1144,0xa8...8a78,https://bscscan.com/tx/0xc11f3f4809bdb3b91c2fcd650229a468b4c110f3d97ee87ed66b30d317e1c3ad
