datetime,buy_order,price_USD,price_native,amount_token,total_native,maker,etherscan_url
2023-03-22 21:39:41,False,3.674e-05,1.144e-08,3958648.0,0.4532,0x89...3571,https://bscscan.com/tx/0xb8b456115a375481d9701b3499a6b39590fecc13f5c30aa4ade1be5fbd137390
2023-03-22 21:39:14,False,3.656e-05,1.145e-08,8774998.0,1.00477,0xd4...cc47,https://bscscan.com/tx/0x5a2fda425fcbb4581eabb1735f478117f3c21e3409c9cbe7273c4ea12f93680d
2023-03-22 21:39:14,False,3.657e-05,1.145e-08,715712.0,0.0819,0xd4...cc47,https://bscscan.com/tx/0x5a2fda425fcbb4581eabb1735f478117f3c21e3409c9cbe7273c4ea12f93680d
2023-03-22 21:39:11,True,3.663e-05,1.147e-08,264000000.0,30.2846,0x5c...5876,https://bscscan.com/tx/0xf240fda056e4a6173e4824393f66e7e8b1b97b9f8bd6979017928a502ab53cb6
2023-03-22 21:38:47,False,3.633e-05,1.137e-08,676963.0,0.077,0x55...d458,https://bscscan.com/tx/0xd1c876151bfe760380fe17da4d6e3339952e3d9007ccd334765e4bb7621d833f
2023-03-22 21:38:47,False,3.633e-05,1.137e-08,41123.3,0.0046,0x55...d458,https://bscscan.com/tx/0xd1c876151bfe760380fe17da4d6e3339952e3d9007ccd334765e4bb7621d833f
2023-03-22 21:38:32,True,3.65e-05,1.143e-08,2230834.0,0.255,0xe6...065d,https://bscscan.com/tx/0xe5b95471f9ee8421140137e4b88d3be5fd643603d0a293b2d47851c213b78ed3
2023-03-22 21:37:47,True,3.668e-05,1.143e-08,3000000.0,0.3429,0xcb...cb5d,https://bscscan.com/tx/0x1b5c0533785ecb760c3ac7ae095e37259ccf99397a220993de0013b67d6958c8
2023-03-22 21:35:56,False,3.645e-05,1.137e-08,9970000.0,1.13427,0x78...39b8,https://bscscan.com/tx/0x8113874fddac90b0c0b12d958225cfed81cde167bb18b8d1ece378b7396c271b
2023-03-22 21:35:56,False,3.645e-05,1.137e-08,268074.0,0.0305,0x78...39b8,https://bscscan.com/tx/0x8113874fddac90b0c0b12d958225cfed81cde167bb18b8d1ece378b7396c271b
2023-03-22 21:35:41,True,3.663e-05,1.143e-08,10000000.0,1.1434,0xfa...5069,https://bscscan.com/tx/0xd1f5bfed47e0d57c78b3f4e29181366fbe57e7b5529c3c990eaba432427cc219
2023-03-22 21:34:11,True,3.661e-05,1.143e-08,428604.0,0.049,0x28...ba94,https://bscscan.com/tx/0x55e73d83717df5a8abec02c93d8d48905788c7776d998f083f34152d0bde95d8
2023-03-22 21:33:35,False,3.646e-05,1.138e-08,88591336.0,10.0887,0xa0...b0df,https://bscscan.com/tx/0x824fedb2c2ea74dcd32c2e1d00aabc5866abec41a7036d778d59f80ae14cfb8d
2023-03-22 21:33:35,False,3.65e-05,1.14e-08,200537.0,0.0228,0xa0...b0df,https://bscscan.com/tx/0x824fedb2c2ea74dcd32c2e1d00aabc5866abec41a7036d778d59f80ae14cfb8d
2023-03-22 21:33:08,False,3.654e-05,1.141e-08,74050214.0,8.44987,0xcc...25cf,https://bscscan.com/tx/0x189a209019704629862a357498430fe5e307310b799fe7d72abc6ac94f898dd8
2023-03-22 21:33:08,False,3.657e-05,1.142e-08,14902.2,0.0017,0xcc...25cf,https://bscscan.com/tx/0x189a209019704629862a357498430fe5e307310b799fe7d72abc6ac94f898dd8
2023-03-22 21:33:05,True,3.675e-05,1.147e-08,569826.0,0.0654,0xdc...a6f0,https://bscscan.com/tx/0xc5da408e93f9a3cc8dfa73a2c9b96575a2f31c4915c16607fdb5a0c7464f2dcb
2023-03-22 21:32:59,False,3.639e-05,1.142e-08,4934667.0,0.5636,0xe9...9d82,https://bscscan.com/tx/0x88a91209e39540ec1b8744f1a94f4c5a17e091c6ce710d5de56bf84d0cffad50
2023-03-22 21:32:59,False,3.639e-05,1.142e-08,9316.28,0.001,0xe9...9d82,https://bscscan.com/tx/0x88a91209e39540ec1b8744f1a94f4c5a17e091c6ce710d5de56bf84d0cffad50
2023-03-22 21:32:35,True,3.657e-05,1.147e-08,2500000.0,0.2869,0xc3...7f84,https://bscscan.com/tx/0x84006d80d3d1b5e7ebff171a512124ec167959979adc81ced0e36d3034572170
2023-03-22 21:32:35,True,3.657e-05,1.147e-08,950473.0,0.1091,0xfd...567d,https://bscscan.com/tx/0x15cd123718fc43fddfdd7a7ff013c4b7ca5dc9784cd0a7f3e37a3b98274583bb
2023-03-22 21:32:23,False,3.64e-05,1.142e-08,6399100.0,0.7309,0xdc...c6dd,https://bscscan.com/tx/0x325462a5b210ca0d50e05d6fe144124e740df95aa8d8bb7793af5dc4a180618c
2023-03-22 21:32:23,False,3.64e-05,1.142e-08,737411.0,0.0842,0xdc...c6dd,https://bscscan.com/tx/0x325462a5b210ca0d50e05d6fe144124e740df95aa8d8bb7793af5dc4a180618c
2023-03-22 21:32:23,True,3.658e-05,1.148e-08,32271.3,0.0037,0x33...cd2b,https://bscscan.com/tx/0xafda77cc12cd35ee995482846985ca3c94c3d12270154064b76b179782601d87
2023-03-22 21:32:11,True,3.645e-05,1.144e-08,272896885.0,31.2251,0xcc...25cf,https://bscscan.com/tx/0xb30e44f8706bb442819c2360d1ebf3f325668973ad93b62254f96dfa8206bc18
2023-03-22 21:31:56,True,3.651e-05,1.14e-08,120000.0,0.0136,0xad...916a,https://bscscan.com/tx/0x0ba21f5dc0ccdc0d8318a4f57b5120e6d7ec777f72d257bd74d7ec350ae2a6ed
2023-03-22 21:31:20,False,3.634e-05,1.134e-08,65838.9,0.0074,0xb9...df4c,https://bscscan.com/tx/0x2b65ef3a9bbb75c3493a6daae79e8793e0f5e1b49349ef222ea01703e9bbcabe
2023-03-22 21:31:20,False,3.634e-05,1.134e-08,327616.0,0.0371,0xb9...df4c,https://bscscan.com/tx/0x2b65ef3a9bbb75c3493a6daae79e8793e0f5e1b49349ef222ea01703e9bbcabe
2023-03-22 21:31:17,True,3.652e-05,1.14e-08,105232.0,0.012,0xe2...65fe,https://bscscan.com/tx/0xf70b85ab9c856a51a9f5189fc60c2fa244f39382d532d911c87050dc4bc7a588
2023-03-22 21:30:35,True,3.645e-05,1.138e-08,109766966.0,12.5,0x27...21be,https://bscscan.com/tx/0x44db42eabbf459fdb7ab7289dc87381b7f16fae41ec92b41cfadf28a31906c10
2023-03-22 21:30:23,True,3.622e-05,1.137e-08,8467080.0,0.9628,0xee...60af,https://bscscan.com/tx/0x5bd88cca42c9ed3ede36d69d22740ed81da7936552ccc79dec9b35b2920a7b82
2023-03-22 21:30:08,False,3.603e-05,1.131e-08,2991000.0,0.3383,0x78...39b8,https://bscscan.com/tx/0x74ae4cf50be63a62bed31c8251c3a1b897892a65eb58a768566d5f917a561175
2023-03-22 21:30:08,False,3.604e-05,1.131e-08,326051.0,0.0368,0x78...39b8,https://bscscan.com/tx/0x74ae4cf50be63a62bed31c8251c3a1b897892a65eb58a768566d5f917a561175
2023-03-22 21:29:59,True,3.618e-05,1.135e-08,90574541.0,10.2874,0x89...a9eb,https://bscscan.com/tx/0x3f69df139a94325fc3ae3125ae83754e5c51780ffa58eb0adf8e179581225c8d
2023-03-22 21:29:56,True,3.615e-05,1.135e-08,1143812.0,0.1298,0xa4...9412,https://bscscan.com/tx/0x5d39bdc2443563232cf7ccc0c959dc7110c8ccf07734b071f49669cc31d89626
2023-03-22 21:29:38,True,3.632e-05,1.134e-08,274738.0,0.0311,0xab...f15c,https://bscscan.com/tx/0xce8b905f8119fbbbb2418d1f6177fe2ac953390a80fcc0bc4c8a70e222be5804
2023-03-22 21:29:23,True,3.631e-05,1.134e-08,17893083.0,2.02949,0x52...86b0,https://bscscan.com/tx/0x1169709b6c9aface3739c83164fdf3df0319f8d82afb7eedce436485f544f39a
2023-03-22 21:29:23,True,3.63e-05,1.133e-08,5153551.0,0.5843,0x6b...9f5d,https://bscscan.com/tx/0x3bdeaa235977e593ce74cb770005b0299ea5b4d05b583c5c8b6b8f044c8de833
2023-03-22 21:29:02,False,3.612e-05,1.128e-08,5702573.0,0.6433,0x11...ca3a,https://bscscan.com/tx/0x6964a72854074906e5bf6f30c09f0238254f1e3e2aeddec1750f78c1259f7369
2023-03-22 21:29:02,False,3.612e-05,1.128e-08,525437.0,0.0592,0x11...ca3a,https://bscscan.com/tx/0x6964a72854074906e5bf6f30c09f0238254f1e3e2aeddec1750f78c1259f7369
2023-03-22 21:28:53,True,3.612e-05,1.133e-08,7138298.0,0.8094,0xe4...faac,https://bscscan.com/tx/0xc0be37f00c18dc1dcdedcb9b84f32c3c8484926de54abcdc47eecec33e2a437b
2023-03-22 21:28:53,True,3.611e-05,1.133e-08,6016694.0,0.6821,0x04...8bf1,https://bscscan.com/tx/0x6fcf750df75e3f172d2bbc0f27a46084246a47efbe4f69e8b21af06fd926bd2b
2023-03-22 21:28:53,False,3.602e-05,1.13e-08,194022368.0,21.9381,0x10...d71b,https://bscscan.com/tx/0xcdf290d1b8b66cb441ca77983ea4441615331bbe9115a97df4f844266d8240fc
2023-03-22 21:28:53,False,3.61e-05,1.133e-08,15268.5,0.0017,0x10...d71b,https://bscscan.com/tx/0xcdf290d1b8b66cb441ca77983ea4441615331bbe9115a97df4f844266d8240fc
2023-03-22 21:28:26,True,3.646e-05,1.139e-08,655001.0,0.0746,0x04...44a9,https://bscscan.com/tx/0x5184dae1e1793f64e34d25ace19fcef513c4b49540ae5b2fa0af10ac3432798b
2023-03-22 21:28:11,False,3.609e-05,1.133e-08,4985000.0,0.565,0x8d...ffd0,https://bscscan.com/tx/0x46de1a0f9e6fedf591de9cab66487968b30d2554a6bf1c5443d0668fccbf2d8a
2023-03-22 21:28:11,False,3.609e-05,1.133e-08,42647.1,0.0048,0x8d...ffd0,https://bscscan.com/tx/0x46de1a0f9e6fedf591de9cab66487968b30d2554a6bf1c5443d0668fccbf2d8a
2023-03-22 21:27:32,False,3.628e-05,1.133e-08,15747824.0,1.78543,0x05...7066,https://bscscan.com/tx/0xb4c69725f257e56acbb5d8fc94f76aa56e5136a899adbc6f6b07ed8512519d1c
2023-03-22 21:27:32,False,3.628e-05,1.133e-08,461810.0,0.0523,0x05...7066,https://bscscan.com/tx/0xb4c69725f257e56acbb5d8fc94f76aa56e5136a899adbc6f6b07ed8512519d1c
2023-03-22 21:27:14,False,3.637e-05,1.136e-08,170527663.0,19.3788,0x05...7066,https://bscscan.com/tx/0x1b6813bb1e4b4ee24a8b3b91b58c7610f3951af3c4eef933a8c864a73dbf4b8d
2023-03-22 21:27:14,False,3.645e-05,1.138e-08,76256.0,0.0086,0x05...7066,https://bscscan.com/tx/0x1b6813bb1e4b4ee24a8b3b91b58c7610f3951af3c4eef933a8c864a73dbf4b8d
2023-03-22 21:27:11,True,3.663e-05,1.144e-08,500000.0,0.0572,0xaf...e16a,https://bscscan.com/tx/0x9db79cea77c8a3dfcfb04ca1f302d7c598bd502f2bfdf6ea923a6dbe67958b7c
2023-03-22 21:26:59,False,3.628e-05,1.139e-08,27659735.0,3.15097,0xc0...1f4f,https://bscscan.com/tx/0x75d10b86aea590a95e2da7d1f1196315852fb2c33f812f351fda3dd587829e85
2023-03-22 21:26:59,False,3.629e-05,1.139e-08,194505.0,0.0221,0xc0...1f4f,https://bscscan.com/tx/0x75d10b86aea590a95e2da7d1f1196315852fb2c33f812f351fda3dd587829e85
2023-03-22 21:26:59,True,3.647e-05,1.145e-08,948094.0,0.1085,0x4a...1045,https://bscscan.com/tx/0xaf2b0a72fdc2e4fdfa117d89089699342e31c4fe8c0cfa3083c0ce7d0f708edd
2023-03-22 21:26:26,True,3.647e-05,1.145e-08,5156794.0,0.5905,0x69...c479,https://bscscan.com/tx/0x3cd9f44cb64511ed3847f9fb59823b9301d49e71147144be8ac0c97042cfc5e8
2023-03-22 21:26:14,True,3.647e-05,1.145e-08,5414593.0,0.62,0x2d...bd3b,https://bscscan.com/tx/0x0f36dea2e9f1bdac5b1e0a4f23f46211ef6c5a7edf4d025124ea516c8d53e06a
2023-03-22 21:26:14,False,3.63e-05,1.139e-08,39407906.0,4.49178,0x05...7066,https://bscscan.com/tx/0x693d15c4f334e3aeec3c39079f79fa60315ade7c77a5d3c80f2b27938c04b610
2023-03-22 21:26:14,False,3.632e-05,1.14e-08,115196.0,0.0131,0x05...7066,https://bscscan.com/tx/0x693d15c4f334e3aeec3c39079f79fa60315ade7c77a5d3c80f2b27938c04b610
2023-03-22 21:26:05,False,3.634e-05,1.14e-08,42537215.0,4.85343,0x05...7066,https://bscscan.com/tx/0x1e5cf2523614dbe413249f9f1b2dd18e33ef131a5815fa6de8d87bf5cb2ca80e
2023-03-22 21:26:05,False,3.636e-05,1.141e-08,75301.7,0.0086,0x05...7066,https://bscscan.com/tx/0x1e5cf2523614dbe413249f9f1b2dd18e33ef131a5815fa6de8d87bf5cb2ca80e
2023-03-22 21:26:02,False,3.637e-05,1.141e-08,27805848.0,3.17539,0xc0...1f4f,https://bscscan.com/tx/0x711b7118a161c66b1d3c24b1be643fd5e172bcd2b3acbaa34fb6b63aa8b8f007
2023-03-22 21:26:02,False,3.638e-05,1.142e-08,37531.1,0.0042,0xc0...1f4f,https://bscscan.com/tx/0x711b7118a161c66b1d3c24b1be643fd5e172bcd2b3acbaa34fb6b63aa8b8f007
2023-03-22 21:25:56,False,3.658e-05,1.142e-08,13858704.0,1.58347,0x17...4266,https://bscscan.com/tx/0x172d5c6e86d687672d97380e7edc9f2609863571ea4669a97dc6c5c038146532
2023-03-22 21:25:56,False,3.658e-05,1.142e-08,533064.0,0.0609,0x17...4266,https://bscscan.com/tx/0x172d5c6e86d687672d97380e7edc9f2609863571ea4669a97dc6c5c038146532
2023-03-22 21:25:53,False,3.667e-05,1.145e-08,196838968.0,22.5499,0x05...7066,https://bscscan.com/tx/0x9cba9f07abf57b38c73225738b5ea1982d8c2ece635d1705f9874a71572015c7
2023-03-22 21:25:53,False,3.676e-05,1.148e-08,37397.9,0.0042,0x05...7066,https://bscscan.com/tx/0x9cba9f07abf57b38c73225738b5ea1982d8c2ece635d1705f9874a71572015c7
2023-03-22 21:25:47,False,3.677e-05,1.148e-08,13809516.0,1.58618,0x9f...d87c,https://bscscan.com/tx/0xf8e24a5abb8c7b53b50d8d4363efc04754b0cf297ab19328565d042e6dc62f5a
2023-03-22 21:25:47,False,3.678e-05,1.148e-08,15024.3,0.0017,0x9f...d87c,https://bscscan.com/tx/0xf8e24a5abb8c7b53b50d8d4363efc04754b0cf297ab19328565d042e6dc62f5a
2023-03-22 21:25:44,False,3.678e-05,1.148e-08,5547853.0,0.6373,0x09...712a,https://bscscan.com/tx/0xd942b266ccc03bb307f9fc8b790df0477bafe1c3e07f2a4f7dd68b49c79d4476
2023-03-22 21:25:44,False,3.678e-05,1.148e-08,16911.4,0.0019,0x09...712a,https://bscscan.com/tx/0xd942b266ccc03bb307f9fc8b790df0477bafe1c3e07f2a4f7dd68b49c79d4476
2023-03-22 21:25:41,False,3.66e-05,1.149e-08,6244687.0,0.7175,0x05...7066,https://bscscan.com/tx/0x4fafc0808bb59ab2c4359948a39983ce96303cce6203033b238b7e185adcd290
2023-03-22 21:25:41,False,3.66e-05,1.149e-08,37636.4,0.0043,0x05...7066,https://bscscan.com/tx/0x4fafc0808bb59ab2c4359948a39983ce96303cce6203033b238b7e185adcd290
2023-03-22 21:25:38,False,3.661e-05,1.149e-08,13897588.0,1.59732,0x9f...d87c,https://bscscan.com/tx/0xcfe3c08be05155b5a5b5800fe4836c9a9ea41f27dbe60af2e5e36420afadf53c
2023-03-22 21:25:38,False,3.662e-05,1.149e-08,15042.3,0.0017,0x9f...d87c,https://bscscan.com/tx/0xcfe3c08be05155b5a5b5800fe4836c9a9ea41f27dbe60af2e5e36420afadf53c
2023-03-22 21:25:35,False,3.662e-05,1.149e-08,5554518.0,0.6385,0x09...712a,https://bscscan.com/tx/0x1978aef1a1ddc254b047ac7c421f82420e505b7e08edd95c12a85db8db99be70
2023-03-22 21:25:35,False,3.662e-05,1.149e-08,20523.7,0.0023,0x09...712a,https://bscscan.com/tx/0x1978aef1a1ddc254b047ac7c421f82420e505b7e08edd95c12a85db8db99be70
2023-03-22 21:25:35,False,3.662e-05,1.149e-08,7578570.0,0.8714,0x05...7066,https://bscscan.com/tx/0xe5448b31919670fb770df58eafb301e80a5e780283c2225f02c6e465ce7f9430
2023-03-22 21:25:35,False,3.663e-05,1.149e-08,37611.3,0.0043,0x05...7066,https://bscscan.com/tx/0xe5448b31919670fb770df58eafb301e80a5e780283c2225f02c6e465ce7f9430
2023-03-22 21:25:32,False,3.663e-05,1.15e-08,13888318.0,1.59734,0x9f...d87c,https://bscscan.com/tx/0xdfcf4f26379330677d4e6514141a8b95008bd31869f2124968321dda17b84e90
2023-03-22 21:25:32,False,3.664e-05,1.15e-08,40352.7,0.0046,0x9f...d87c,https://bscscan.com/tx/0xdfcf4f26379330677d4e6514141a8b95008bd31869f2124968321dda17b84e90
2023-03-22 21:25:29,False,3.662e-05,1.15e-08,13886285.0,1.59766,0x17...4266,https://bscscan.com/tx/0x4017f2e3a0e78a3055348ffd965aa130a69c6ca8b8bfce424903fe753a8a4bae
2023-03-22 21:25:29,False,3.662e-05,1.15e-08,20523.7,0.0023,0x17...4266,https://bscscan.com/tx/0x4017f2e3a0e78a3055348ffd965aa130a69c6ca8b8bfce424903fe753a8a4bae
2023-03-22 21:25:29,False,3.663e-05,1.15e-08,7578570.0,0.8721,0x05...7066,https://bscscan.com/tx/0xe99d94f73c052736f9229d489e25125ae37de84591929f94ca7d795c27dfb19e
2023-03-22 21:25:29,False,3.663e-05,1.15e-08,15069.9,0.0017,0x05...7066,https://bscscan.com/tx/0xe99d94f73c052736f9229d489e25125ae37de84591929f94ca7d795c27dfb19e
2023-03-22 21:25:26,False,3.663e-05,1.151e-08,5564683.0,0.6405,0x09...712a,https://bscscan.com/tx/0x30e7a989ca8be1b7fca7bbf2bedb4ded9fd12a26f27b5874e55077ea89b213bd
2023-03-22 21:25:26,False,3.664e-05,1.151e-08,50368.1,0.0058,0x09...712a,https://bscscan.com/tx/0x30e7a989ca8be1b7fca7bbf2bedb4ded9fd12a26f27b5874e55077ea89b213bd
2023-03-22 21:25:23,False,3.664e-05,1.151e-08,13904903.0,1.60089,0x9f...d87c,https://bscscan.com/tx/0x0d93fa9fd8d0c1c0b3beee3a7980008194caa240529f69953c5bfc10fff37b14
2023-03-22 21:25:23,False,3.665e-05,1.151e-08,8240381.0,0.9489,0x00...2048,https://bscscan.com/tx/0x4158c89566bf422771535f6a30fdd10aba69c01d53779067d3b27e82c8fdacc6
2023-03-22 21:25:23,False,3.667e-05,1.152e-08,25461960.0,2.93352,0x00...ba8b,https://bscscan.com/tx/0xca99b9f5d8578c7f82815510d5a1b30983664dba6440b7be79b92754511a492e
2023-03-22 21:25:23,False,3.668e-05,1.152e-08,92286.2,0.0106,0x00...ba8b,https://bscscan.com/tx/0xca99b9f5d8578c7f82815510d5a1b30983664dba6440b7be79b92754511a492e
2023-03-22 21:25:20,False,3.669e-05,1.152e-08,29369414.0,3.38603,0x1c...275b,https://bscscan.com/tx/0x642cf546a3224cba0b866f756505c5ce2b6226e7f4b7dbb127d0795ed0dc7019
2023-03-22 21:25:20,False,3.671e-05,1.153e-08,6129.79,7.069e-05,0x1c...275b,https://bscscan.com/tx/0x642cf546a3224cba0b866f756505c5ce2b6226e7f4b7dbb127d0795ed0dc7019
2023-03-22 21:25:20,False,3.672e-05,1.153e-08,30598225.0,3.53035,0x2c...94e1,https://bscscan.com/tx/0x5038d8074647854d068bfa36751974d77635bb39f553b4522b8b8a60c2d4fa46
2023-03-22 21:25:20,False,3.674e-05,1.154e-08,2702642.0,0.3119,0x2c...94e1,https://bscscan.com/tx/0x5038d8074647854d068bfa36751974d77635bb39f553b4522b8b8a60c2d4fa46
2023-03-22 21:25:20,True,3.655e-05,1.148e-08,804608665.0,92.4075,0xcc...25cf,https://bscscan.com/tx/0x4521daf9858ba7a1852355f0b802368e1d828274dde1998b39b26c54a0c24ead
2023-03-22 21:25:20,True,3.61e-05,1.134e-08,195191762.0,22.1397,0x90...d82b,https://bscscan.com/tx/0x7505ddd212127cd1e8806f5950d562657e97674c2d826be62889a2415accbe99
2023-03-22 21:25:14,False,3.583e-05,1.125e-08,1174465.0,0.1322,0x1c...7203,https://bscscan.com/tx/0x84f85737b306de6a14fa914d68c9986cd195fac04b9900676e8828d1dca8f5f1
2023-03-22 21:25:14,False,3.583e-05,1.125e-08,78542.1,0.0088,0x1c...7203,https://bscscan.com/tx/0x84f85737b306de6a14fa914d68c9986cd195fac04b9900676e8828d1dca8f5f1
2023-03-22 21:24:53,True,3.621e-05,1.131e-08,972130.0,0.11,0x9b...20fa,https://bscscan.com/tx/0x05cb9a29ed1c0df560e93e38d765d4a79e6839f574ee462d84fc1cd85d3d5be6
2023-03-22 21:24:47,True,3.621e-05,1.131e-08,77767.0,0.0088,0xef...aa7d,https://bscscan.com/tx/0xa5b038b74a766d3c3717982209f53139ba3d1d7ada4ada115ec3ae6271cfe59f
2023-03-22 21:24:47,False,3.604e-05,1.126e-08,27955658.0,3.14853,0xc0...1f4f,https://bscscan.com/tx/0x83859b2d3c36cdb7ecfaf3aab05d9c8d033e992f3ef3156dd77ab2e8c7aa7d33
2023-03-22 21:24:47,False,3.605e-05,1.126e-08,1225.44,1.38e-05,0xc0...1f4f,https://bscscan.com/tx/0x83859b2d3c36cdb7ecfaf3aab05d9c8d033e992f3ef3156dd77ab2e8c7aa7d33
2023-03-22 21:24:47,False,3.605e-05,1.126e-08,452506.0,0.0509,0x6b...9f5d,https://bscscan.com/tx/0x09be72eb487b7205cfa28121e737e0a4a257d400940c3df2806a5da37f05c3ba
2023-03-22 21:24:47,False,3.605e-05,1.126e-08,152875.0,0.0172,0x6b...9f5d,https://bscscan.com/tx/0x09be72eb487b7205cfa28121e737e0a4a257d400940c3df2806a5da37f05c3ba
2023-03-22 21:24:26,True,3.604e-05,1.131e-08,26630196.0,3.01439,0x88...4da1,https://bscscan.com/tx/0xe4240dbda9ddedd404dda10f55a21ceedd2efdf3069b6b179e0117f8620e0186
2023-03-22 21:23:59,False,3.586e-05,1.126e-08,29900029.0,3.36776,0x20...946b,https://bscscan.com/tx/0x36ed54d0374b6ef1efa43fab78a8bde9a7ad72bca7d6930e09daf910ecba2912
2023-03-22 21:23:59,False,3.587e-05,1.126e-08,3063.6,3.451e-05,0x20...946b,https://bscscan.com/tx/0x36ed54d0374b6ef1efa43fab78a8bde9a7ad72bca7d6930e09daf910ecba2912
2023-03-22 21:23:53,False,3.587e-05,1.126e-08,1131264.0,0.1274,0x6b...9f5d,https://bscscan.com/tx/0xa1b79d3c250f8780487a535c530cdba55ed67f42c4a47f4e0235f18264774261
2023-03-22 21:23:53,False,3.587e-05,1.126e-08,34651.5,0.0039,0x6b...9f5d,https://bscscan.com/tx/0xa1b79d3c250f8780487a535c530cdba55ed67f42c4a47f4e0235f18264774261
2023-03-22 21:22:59,True,3.605e-05,1.132e-08,6953211.0,0.7873,0x75...7418,https://bscscan.com/tx/0xf6ea26ead4a512e0a13a33f7a6bfac5afd21fa27a24c45420822477674f1e64a
2023-03-22 21:22:26,False,3.604e-05,1.126e-08,5863046.0,0.6605,0x05...7066,https://bscscan.com/tx/0x8cd41f8dfbd4d04a93e6889010d67035a7c0d193f96f139e6fc8573734104375
2023-03-22 21:22:26,False,3.605e-05,1.126e-08,26699.4,0.003,0x05...7066,https://bscscan.com/tx/0x8cd41f8dfbd4d04a93e6889010d67035a7c0d193f96f139e6fc8573734104375
2023-03-22 21:21:56,False,3.605e-05,1.126e-08,9859011.0,1.11101,0x05...7066,https://bscscan.com/tx/0x9203d9e324aa220c8fc5907037265d01cfeee77a1f5ada22c8f15ebf793559d7
2023-03-22 21:21:56,False,3.605e-05,1.127e-08,109959.0,0.0123,0x05...7066,https://bscscan.com/tx/0x9203d9e324aa220c8fc5907037265d01cfeee77a1f5ada22c8f15ebf793559d7
2023-03-22 21:21:53,True,3.623e-05,1.132e-08,1232232.0,0.1395,0x43...7ce6,https://bscscan.com/tx/0x3c0fdebdc120a19d5a8eb12e2b66399d96578e5cda8b5801e7cc49f76941abff
2023-03-22 21:21:26,True,3.604e-05,1.132e-08,10400643.0,1.17788,0x25...e992,https://bscscan.com/tx/0xc99fb685a3fedb55598ed94218ea638c5f4ee417d533eaf883a08005d5c71095
2023-03-22 21:21:26,True,3.604e-05,1.132e-08,1165762.0,0.132,0x83...055b,https://bscscan.com/tx/0x23270e165d07de2ee01dea29675b2a4e4be4a1769a9d1cf15a7ab19cdc7c0980
2023-03-22 21:21:20,False,3.587e-05,1.127e-08,27843157.0,3.13811,0xc0...1f4f,https://bscscan.com/tx/0x26b2b794ff09ef1c033f3a7ef0f576e7e0a09066cb8827e95a3c56ccd051fccd
2023-03-22 21:21:20,False,3.588e-05,1.127e-08,150063.0,0.0169,0xc0...1f4f,https://bscscan.com/tx/0x26b2b794ff09ef1c033f3a7ef0f576e7e0a09066cb8827e95a3c56ccd051fccd
2023-03-22 21:21:11,False,3.591e-05,1.128e-08,55412137.0,6.25178,0x81...c915,https://bscscan.com/tx/0x7976b31fa671134482f378df0e2e06ac13f8e28a4fbc142d85e74fbebdf3511e
2023-03-22 21:21:11,False,3.593e-05,1.129e-08,31245.6,0.0035,0x81...c915,https://bscscan.com/tx/0x7976b31fa671134482f378df0e2e06ac13f8e28a4fbc142d85e74fbebdf3511e
2023-03-22 21:21:02,False,3.612e-05,1.129e-08,11537745.0,1.30281,0x05...7066,https://bscscan.com/tx/0xb288811634fbd3ef5e99bf7dfbfd9361931c4d9ca35d08c8448b0f6ce6b09891
2023-03-22 21:21:02,False,3.613e-05,1.129e-08,7659.01,8.649e-05,0x05...7066,https://bscscan.com/tx/0xb288811634fbd3ef5e99bf7dfbfd9361931c4d9ca35d08c8448b0f6ce6b09891
2023-03-22 21:20:47,False,3.613e-05,1.129e-08,2828160.0,0.3194,0x6b...9f5d,https://bscscan.com/tx/0xc533315c150e09ad61c889bf209eeaf206803fd323ccdcee8a463a7efa7f0941
2023-03-22 21:20:47,False,3.613e-05,1.129e-08,80973.0,0.0091,0x6b...9f5d,https://bscscan.com/tx/0xc533315c150e09ad61c889bf209eeaf206803fd323ccdcee8a463a7efa7f0941
2023-03-22 21:20:44,False,3.614e-05,1.129e-08,29900029.0,3.37819,0x20...946b,https://bscscan.com/tx/0x43616327b1f67319ce38270240ae012346b038e5dfb28ce1e3bdfb36f2d9a58f
2023-03-22 21:20:44,False,3.615e-05,1.13e-08,17502.2,0.0019,0x20...946b,https://bscscan.com/tx/0x43616327b1f67319ce38270240ae012346b038e5dfb28ce1e3bdfb36f2d9a58f
2023-03-22 21:20:02,True,3.634e-05,1.135e-08,1147129.0,0.1303,0xae...2291,https://bscscan.com/tx/0x99a0ebf8ab31d86e4533913ef392078d60cd431d801ba6014d8e6b4fb76adf60
2023-03-22 21:19:53,True,3.633e-05,1.135e-08,151346.0,0.0171,0xba...6c94,https://bscscan.com/tx/0x00417d4afd39167d1ec68fe63cff0e5a1d62087c23d25aee2c3e4ea18118681a
2023-03-22 21:19:47,False,3.598e-05,1.13e-08,5168260.0,0.5841,0x6b...9f5d,https://bscscan.com/tx/0x5ae441fa42fb94afcf4aa6bb70ae2c9e1e497854b8bf7c88883ba0312a47b4ac
2023-03-22 21:19:47,False,3.598e-05,1.13e-08,13926.9,0.0015,0x6b...9f5d,https://bscscan.com/tx/0x5ae441fa42fb94afcf4aa6bb70ae2c9e1e497854b8bf7c88883ba0312a47b4ac
2023-03-22 21:19:41,False,3.598e-05,1.13e-08,5142623.0,0.5813,0x6b...9f5d,https://bscscan.com/tx/0x249481ed49ee9215399647d9df8315e69964372fea54d8b1d1395388c0d6a535
2023-03-22 21:19:41,False,3.598e-05,1.13e-08,200679.0,0.0226,0x6b...9f5d,https://bscscan.com/tx/0x249481ed49ee9215399647d9df8315e69964372fea54d8b1d1395388c0d6a535
2023-03-22 21:19:11,True,3.615e-05,1.135e-08,57803156.0,6.56276,0xc7...10c0,https://bscscan.com/tx/0x74e57e5fbf4c0307304b6dbc7b71e0ce0dedf0d5da6740b2ec6ffa5817e66bce
2023-03-22 21:19:11,True,3.612e-05,1.134e-08,833881.0,0.0946,0x2f...c3b1,https://bscscan.com/tx/0x05e587d3ddf5300843b0400b5f6da77ca19ed517a294aa1a0f99faca050d9e9d
2023-03-22 21:19:08,True,3.612e-05,1.134e-08,3580805.0,0.4062,0x22...e3eb,https://bscscan.com/tx/0x4e071723b85868c14f650e330512a1bd6d9a60d634307b34b605e8fdd4fde7c8
2023-03-22 21:19:08,True,3.612e-05,1.134e-08,4520001.0,0.5127,0x04...44a9,https://bscscan.com/tx/0x479925bbe27f9fccbdacff31928e104a17b0bd6583d692f2437bccf288ef6c8a
2023-03-22 21:19:08,False,3.594e-05,1.128e-08,7565126.0,0.8539,0x26...27db,https://bscscan.com/tx/0x1c582fcbae3c33cbd0e484e0ffea2fcf7171802408cccfb305df3fa6697e5636
2023-03-22 21:19:08,False,3.594e-05,1.128e-08,60167.0,0.0067,0x26...27db,https://bscscan.com/tx/0x1c582fcbae3c33cbd0e484e0ffea2fcf7171802408cccfb305df3fa6697e5636
2023-03-22 21:18:53,True,3.612e-05,1.134e-08,10649931.0,1.20809,0xe2...b88a,https://bscscan.com/tx/0xbbf451902b6f151d3941e70a5e5f2c254245c0c2014c5bc2a9721a9b9266a030
2023-03-22 21:18:44,False,3.612e-05,1.128e-08,10056225.0,1.13504,0xd4...cc47,https://bscscan.com/tx/0x4d39ac0787a0eef5bed751f9633e7875385fe55696576d2fab776d790e96cf3d
2023-03-22 21:18:32,False,3.613e-05,1.128e-08,10754610.0,1.21417,0x00...749a,https://bscscan.com/tx/0x1facc46a36cca1153132a904c6468e7f710177d258b3909a6626d4c155458ff6
2023-03-22 21:18:32,False,3.614e-05,1.129e-08,8817741.0,0.9957,0x00...0ef0,https://bscscan.com/tx/0x54ccd950b40c1378cca494fd2cf3de100fd760b35a477e80cdf737fe94f7933c
2023-03-22 21:18:32,False,3.614e-05,1.129e-08,351821.0,0.0397,0x00...0ef0,https://bscscan.com/tx/0x54ccd950b40c1378cca494fd2cf3de100fd760b35a477e80cdf737fe94f7933c
2023-03-22 21:18:32,True,3.627e-05,1.133e-08,110487692.0,12.5238,0xcd...c3b0,https://bscscan.com/tx/0x10a92db7e17d3d1c5d9899c83c8823ac1157c9cd487a7f364210e38fd6110577
2023-03-22 21:18:14,True,3.621e-05,1.131e-08,7431740.0,0.8411,0xcb...2138,https://bscscan.com/tx/0xdcf2c6d6d8639c44fb80d17df14ba1054c4746e3977355359e40abd0dee74501
2023-03-22 21:18:05,False,3.603e-05,1.126e-08,12347588.0,1.39066,0xd4...cc47,https://bscscan.com/tx/0xeab4732db32499eda467f739d8435120b5ac5e75205c3b48a2224fe8b939dbef
2023-03-22 21:18:05,False,3.604e-05,1.126e-08,399450.0,0.045,0xd4...cc47,https://bscscan.com/tx/0xeab4732db32499eda467f739d8435120b5ac5e75205c3b48a2224fe8b939dbef
2023-03-22 21:18:02,True,3.615e-05,1.13e-08,147944600.0,16.7181,0xcc...70ab,https://bscscan.com/tx/0x433597da70a216e78a5f63191bc372efac31c01f5c8c4394a9e97eda78bad628
2023-03-22 21:16:38,False,3.569e-05,1.122e-08,11500541.0,1.29091,0x0e...7f19,https://bscscan.com/tx/0x074cc40df4c3aba4a2e17e83e8dd72b9c12014ee1f56bcf4c3c81a7343cae2c2
2023-03-22 21:16:38,False,3.57e-05,1.122e-08,7841593.0,0.8804,0x00...0ae6,https://bscscan.com/tx/0x1bcbd8f478393a6258629feebdeee7adbd3c819701f54806e895a000c9a8f866
2023-03-22 21:16:38,False,3.57e-05,1.122e-08,611036.0,0.0686,0x00...0ae6,https://bscscan.com/tx/0x1bcbd8f478393a6258629feebdeee7adbd3c819701f54806e895a000c9a8f866
2023-03-22 21:16:38,True,3.578e-05,1.125e-08,219004695.0,24.648,0xd5...cdf0,https://bscscan.com/tx/0xe02b9fddb28770d7698ba613e5120e35588621d549742f19503b29fe47d8a5f6
2023-03-22 21:16:35,True,3.569e-05,1.122e-08,139432.0,0.0156,0x8e...2221,https://bscscan.com/tx/0x9a41963343f3501904c0688ba159aecc502e5cee7c233fb293ed02df1a55d158
2023-03-22 21:16:23,True,3.569e-05,1.122e-08,144520.0,0.0162,0x5c...8058,https://bscscan.com/tx/0xe580d512e4672ade7365c2b6223ebc1ea7961a0f44b5edd0e27f36443d49f3cd
2023-03-22 21:16:08,False,3.551e-05,1.116e-08,6999849.0,0.7818,0x05...7066,https://bscscan.com/tx/0x3363e4db6a707a594e82091e2f03e9a603c9509c8d1e93d2bbd61aadf77598f1
2023-03-22 21:16:08,False,3.551e-05,1.116e-08,16049.8,0.0017,0x05...7066,https://bscscan.com/tx/0x3363e4db6a707a594e82091e2f03e9a603c9509c8d1e93d2bbd61aadf77598f1
2023-03-22 21:15:56,False,3.57e-05,1.117e-08,5926548.0,0.662,0x05...7066,https://bscscan.com/tx/0x722bc353aa232292131c25b88c17a3ba7bb14ee3a9804f084db3fbe5d0bbf7ee
2023-03-22 21:15:56,False,3.57e-05,1.117e-08,16693.0,0.0018,0x05...7066,https://bscscan.com/tx/0x722bc353aa232292131c25b88c17a3ba7bb14ee3a9804f084db3fbe5d0bbf7ee
2023-03-22 21:15:14,True,3.57e-05,1.122e-08,1037628.0,0.1165,0x81...64b8,https://bscscan.com/tx/0xd8894d6f3200a6bf33121881d1b8b06d58113b261d12f6fee26415d767b35a5d
2023-03-22 21:14:38,False,3.553e-05,1.117e-08,5129517.0,0.573,0x6b...9f5d,https://bscscan.com/tx/0x8da87f61e25cf270236f5496e8b431db69523df8790cdbd57fa30a2819038582
2023-03-22 21:14:38,False,3.553e-05,1.117e-08,87038.5,0.0097,0x6b...9f5d,https://bscscan.com/tx/0x8da87f61e25cf270236f5496e8b431db69523df8790cdbd57fa30a2819038582
2023-03-22 21:14:35,False,3.555e-05,1.117e-08,32139780.0,3.59232,0x05...7066,https://bscscan.com/tx/0x65c81e1a09013b401ff3aaca45558518f9ca6270de01cfb86d585b41030bcc81
2023-03-22 21:14:35,False,3.556e-05,1.118e-08,13890.8,0.0015,0x05...7066,https://bscscan.com/tx/0x65c81e1a09013b401ff3aaca45558518f9ca6270de01cfb86d585b41030bcc81
2023-03-22 21:14:29,False,3.556e-05,1.118e-08,5129319.0,0.5735,0x6b...9f5d,https://bscscan.com/tx/0x678f6c4ffbc02e85f707065450b8a64228e15d8f16c1e51a82ce7e7010f20a72
2023-03-22 21:14:29,False,3.557e-05,1.118e-08,17824.0,0.0019,0x6b...9f5d,https://bscscan.com/tx/0x678f6c4ffbc02e85f707065450b8a64228e15d8f16c1e51a82ce7e7010f20a72
2023-03-22 21:14:20,False,3.575e-05,1.118e-08,6581671.0,0.736,0x05...7066,https://bscscan.com/tx/0x5c0c5f085571b1fc4d5083ef1b129c693d56163cbbdbfbfa1331fb8c47c525dc
2023-03-22 21:14:20,False,3.575e-05,1.118e-08,13778.7,0.0015,0x05...7066,https://bscscan.com/tx/0x5c0c5f085571b1fc4d5083ef1b129c693d56163cbbdbfbfa1331fb8c47c525dc
2023-03-22 21:14:20,False,3.576e-05,1.118e-08,5087919.0,0.5691,0x6b...9f5d,https://bscscan.com/tx/0x6ae3fc8d61249b1e7deb5e7fdde3f66e14dc66a1c50c4a949c5a34403fb30829
2023-03-22 21:14:20,False,3.576e-05,1.118e-08,195706.0,0.0218,0x6b...9f5d,https://bscscan.com/tx/0x6ae3fc8d61249b1e7deb5e7fdde3f66e14dc66a1c50c4a949c5a34403fb30829
2023-03-22 21:14:14,True,3.591e-05,1.123e-08,67257856.0,7.55514,0x08...ba3f,https://bscscan.com/tx/0x6ea0465958eac81477228a3d113691eaf78068966de89f2f2b2b5dcc8ebe776a
2023-03-22 21:14:14,True,3.588e-05,1.122e-08,89096.6,0.01,0x3c...5338,https://bscscan.com/tx/0x7183b15e5dc318b63dfb4a50d9ced880fbba4d8cf430fc50d54677f0e2727f3e
2023-03-22 21:14:11,False,3.57e-05,1.116e-08,5121377.0,0.5719,0x6b...9f5d,https://bscscan.com/tx/0x74be26e65ba6e799489b53d3dea33e8f9e3b45c2580dca2f0677cdde7963b627
2023-03-22 21:14:11,False,3.57e-05,1.116e-08,13914.3,0.0015,0x6b...9f5d,https://bscscan.com/tx/0x74be26e65ba6e799489b53d3dea33e8f9e3b45c2580dca2f0677cdde7963b627
2023-03-22 21:14:05,False,3.57e-05,1.116e-08,5137987.0,0.5739,0x6b...9f5d,https://bscscan.com/tx/0x2330518d7e98f923991c4a28c912e5b47070d7e9bd691c32c86e80f87a47d2a6
2023-03-22 21:14:05,False,3.571e-05,1.117e-08,26190.0,0.0029,0x6b...9f5d,https://bscscan.com/tx/0x2330518d7e98f923991c4a28c912e5b47070d7e9bd691c32c86e80f87a47d2a6
2023-03-22 21:13:56,True,3.588e-05,1.122e-08,6000001.0,0.6735,0xd8...24de,https://bscscan.com/tx/0xe9acd08d61acdb1586aac718965f9f2da4ccc560c3a9c2973a80150396989f44
2023-03-22 21:13:38,False,3.57e-05,1.116e-08,3688900.0,0.412,0xc7...8a12,https://bscscan.com/tx/0xe8eca40c511957f3e8d276bb0370a827c49f5541b1235315687472333d80cfa7
2023-03-22 21:13:38,False,3.57e-05,1.116e-08,13017.3,0.0014,0xc7...8a12,https://bscscan.com/tx/0xe8eca40c511957f3e8d276bb0370a827c49f5541b1235315687472333d80cfa7
2023-03-22 21:13:38,True,3.588e-05,1.122e-08,454007.0,0.0509,0x69...3cd5,https://bscscan.com/tx/0xa88c5481435a4817d196d0a75ae22311c087259c6fdcb03d553e1ceae384e101
2023-03-22 21:12:17,False,3.552e-05,1.117e-08,4354114.0,0.4863,0x4e...57f8,https://bscscan.com/tx/0xb04eb31478056d913dfcaf529c3729575c0672e7b7d9f3c80b114974d216e805
2023-03-22 21:12:17,False,3.553e-05,1.117e-08,475016.0,0.053,0x4e...57f8,https://bscscan.com/tx/0xb04eb31478056d913dfcaf529c3729575c0672e7b7d9f3c80b114974d216e805
2023-03-22 21:12:11,True,3.585e-05,1.121e-08,78820624.0,8.84071,0x23...8ce8,https://bscscan.com/tx/0x46a323e77b65ab9bad462f8dfa30b55729b1fae437f1c5976ef04dfa86e89dd3
2023-03-22 21:11:53,True,3.577e-05,1.119e-08,90543779.0,10.1344,0x07...7e84,https://bscscan.com/tx/0x2c4ab3ac9bbe0094cd03d1d55f55eaa83737ec378a28646d5c2263abf87f325c
2023-03-22 21:10:08,True,3.569e-05,1.117e-08,3567369.0,0.3988,0xa6...be71,https://bscscan.com/tx/0x4602980bed49148f429574be532d6f19fc8d4abf80a72428f97d36f2de4573d2
2023-03-22 21:09:50,False,3.55e-05,1.112e-08,2991000.0,0.3327,0x78...39b8,https://bscscan.com/tx/0x44e72cff0eeaf449cf99c641b63dd31a6b639bf0d5614cb37a45a400ee3a3c88
2023-03-22 21:09:50,False,3.55e-05,1.112e-08,251312.0,0.0279,0x78...39b8,https://bscscan.com/tx/0x44e72cff0eeaf449cf99c641b63dd31a6b639bf0d5614cb37a45a400ee3a3c88
2023-03-22 21:09:32,True,3.566e-05,1.117e-08,21424816.0,2.39472,0xa8...969d,https://bscscan.com/tx/0x974f0f2e9abd79b60c6f5fd1099ee3a624bcac5172cd088e492df1166ab79975
2023-03-22 21:09:26,True,3.564e-05,1.116e-08,33454501.0,3.73679,0x81...c915,https://bscscan.com/tx/0x96ed6b7e23dc886f8901fffa5769bbc6420f88bcb13545c00167d50b428cda8a
2023-03-22 21:08:44,True,3.541e-05,1.116e-08,4964408.0,0.5542,0xe9...9d82,https://bscscan.com/tx/0x45172d484e878546fe29b86f333876da3dbbdab30515ce768f22ca40f3a5a770
2023-03-22 21:08:38,True,3.559e-05,1.116e-08,912083.0,0.1018,0x11...5d01,https://bscscan.com/tx/0xb585ad71beded9b30dc30eaae925a7c7f0fa9ebe5ec7d0fa7ed6810c71ba206b
2023-03-22 21:08:17,False,3.542e-05,1.11e-08,9925354.0,1.10262,0x05...7066,https://bscscan.com/tx/0x10e4072d747871b65fea9b9d8bd9137d5449f080b0a6d441d0d541dd2d4088b0
2023-03-22 21:08:17,False,3.542e-05,1.111e-08,25418.7,0.0028,0x05...7066,https://bscscan.com/tx/0x10e4072d747871b65fea9b9d8bd9137d5449f080b0a6d441d0d541dd2d4088b0
2023-03-22 21:07:59,True,3.542e-05,1.116e-08,3940626.0,0.44,0x98...fd48,https://bscscan.com/tx/0x752b2d47c58b9eeaa248e7d3e10be3af799e08d8e960d148220167143d035d27
2023-03-22 21:06:53,False,3.524e-05,1.111e-08,5102181.0,0.5668,0x6b...9f5d,https://bscscan.com/tx/0x34d517b1e798a3c4099dbfd0ab7f4c423319e915c010c2ebe75fd138bd67b50b
2023-03-22 21:06:53,False,3.524e-05,1.111e-08,621.0,6.899e-06,0x6b...9f5d,https://bscscan.com/tx/0x34d517b1e798a3c4099dbfd0ab7f4c423319e915c010c2ebe75fd138bd67b50b
2023-03-22 21:06:14,False,3.542e-05,1.111e-08,229310.0,0.0254,0x21...31ef,https://bscscan.com/tx/0x23d1cd826bf8121f03159e5833c1f6339be396bfe25b552e5c3a6b23837f5dd3
2023-03-22 21:06:14,False,3.542e-05,1.111e-08,21273.0,0.0023,0x21...31ef,https://bscscan.com/tx/0x23d1cd826bf8121f03159e5833c1f6339be396bfe25b552e5c3a6b23837f5dd3
2023-03-22 21:06:08,True,3.542e-05,1.116e-08,5652901.0,0.6312,0x5a...e6e3,https://bscscan.com/tx/0x4294db05590e8ece5c57dd587cac461710696bffc3d23244cd3dcfdf090e18ff
2023-03-22 21:05:29,True,3.559e-05,1.116e-08,225883.0,0.0252,0x8b...b5b5,https://bscscan.com/tx/0xa90cab056074c805acab66b63e5a3caa39d54886588d43019362e57cc6b0c925
2023-03-22 21:05:26,True,3.559e-05,1.116e-08,2000100.0,0.2233,0x53...435b,https://bscscan.com/tx/0xfda0c425ab0c6f17fab5fa340771ad35e478926e2e6b1ec4fcac2ce6f18b552b
2023-03-22 21:05:23,False,3.542e-05,1.11e-08,7796322.0,0.8661,0x13...1236,https://bscscan.com/tx/0x063d89cff82876b165b9329d3056b7ef873a102760abd6525c14c52cf5a6683c
2023-03-22 21:05:23,False,3.542e-05,1.111e-08,11841.7,0.0013,0x13...1236,https://bscscan.com/tx/0x063d89cff82876b165b9329d3056b7ef873a102760abd6525c14c52cf5a6683c
2023-03-22 21:05:23,True,3.56e-05,1.116e-08,2802332.0,0.3129,0xae...2375,https://bscscan.com/tx/0x367df22ba5c048c074286399b0954f0ce4ce788f7bf512c1c23dcbc2323a5f6f
2023-03-22 21:05:08,True,3.559e-05,1.116e-08,107486.0,0.012,0x7b...0eff,https://bscscan.com/tx/0xb6c4a9dee62bacacfd6c12de34a15bedfbb845e3ebb27f9e553a19b7b2c0f57d
2023-03-22 21:05:05,False,3.541e-05,1.111e-08,1471572.0,0.1635,0xe5...7eed,https://bscscan.com/tx/0x8b8b9411fa61a9c6fbcde627fc1a71b2bdcb0f680e5677650a84fe47da58baf6
2023-03-22 21:05:05,False,3.541e-05,1.111e-08,1392750.0,0.1547,0xe5...7eed,https://bscscan.com/tx/0x8b8b9411fa61a9c6fbcde627fc1a71b2bdcb0f680e5677650a84fe47da58baf6
2023-03-22 21:04:50,True,3.548e-05,1.113e-08,211056709.0,23.5067,0x12...ca0e,https://bscscan.com/tx/0xed816f1c3d301117f86f94eb73644e546cce059e722c2aa5084910fcf484ae60
2023-03-22 21:04:35,True,3.537e-05,1.11e-08,3141321.0,0.3489,0xbc...7f0b,https://bscscan.com/tx/0x8b1d069f1ab8f8cff25aa2e4bb6dbe243320b092dbefa4a87b87679ba318687b
2023-03-22 21:04:35,True,3.536e-05,1.11e-08,19200884.0,2.13232,0x20...946b,https://bscscan.com/tx/0x678531b5058068c3b65258ecb120fa6ac089af3bbd530c320ec1857f8cccca20
2023-03-22 21:04:32,True,3.532e-05,1.108e-08,94958638.0,10.5307,0x89...3b20,https://bscscan.com/tx/0xb7f0a934297a8d0d8218e4f2aa23b9361b0ddb13485a05a187a50ec9145e16c9
2023-03-22 21:04:32,True,3.526e-05,1.107e-08,25043589.0,2.77319,0xae...0095,https://bscscan.com/tx/0xe0104676839ef2c958970fb9671fea34bc99a5777b70dae389f8679b1201c112
2023-03-22 21:04:20,True,3.504e-05,1.106e-08,903347.0,0.1,0x74...1ac2,https://bscscan.com/tx/0xfc4ef7c67fe6453bd388a031a63ab6c96d8b537dec15c50fb130f314a05f8208
2023-03-22 21:04:14,True,3.5e-05,1.105e-08,95291185.0,10.5362,0x89...3b20,https://bscscan.com/tx/0x5150e928d2168bef15f65815247ca776a0b03d8066352556a3e580da7461baa0
2023-03-22 21:04:11,True,3.514e-05,1.104e-08,18457969.0,2.03804,0x52...86b0,https://bscscan.com/tx/0x7d1dcabd44fbeb1f75746f43938e7b0dbb7a6652f59a004ace26f8be7f1742fd
2023-03-22 21:03:44,True,3.515e-05,1.104e-08,7198963.0,0.795,0x13...f2da,https://bscscan.com/tx/0xdbce8adbe391a48f91a922b1dd336c673c67b1f6d5d87f5f812ce914ba07db10
2023-03-22 21:03:41,True,3.509e-05,1.103e-08,22222222.0,2.45201,0x2a...e0fa,https://bscscan.com/tx/0x2af3f72a97105289d38318e8e3d3adafe4f831dac430d82c4a61cf1db3687c2e
2023-03-22 21:03:35,False,3.491e-05,1.097e-08,7477500.0,0.8208,0xc3...7f84,https://bscscan.com/tx/0x08e55cea28450c574201f3fccb3f60198d7a2bdc91e984f862aca75353d7b7ea
2023-03-22 21:03:35,False,3.492e-05,1.097e-08,11369.6,0.0012,0xc3...7f84,https://bscscan.com/tx/0x08e55cea28450c574201f3fccb3f60198d7a2bdc91e984f862aca75353d7b7ea
2023-03-22 21:03:32,False,3.492e-05,1.097e-08,4198340.0,0.4609,0x41...f8d2,https://bscscan.com/tx/0xfd8c83be45de90cadbf2f80f3fedadc15995a88796a01465bebfa9641dd97617
2023-03-22 21:03:32,False,3.492e-05,1.097e-08,104733.0,0.0115,0x41...f8d2,https://bscscan.com/tx/0xfd8c83be45de90cadbf2f80f3fedadc15995a88796a01465bebfa9641dd97617
2023-03-22 21:03:32,True,3.508e-05,1.103e-08,30085892.0,3.31853,0x20...946b,https://bscscan.com/tx/0x306d91f07d809251df1dba97691df0477f13e8ce3794d870888082fe2b4552be
2023-03-22 21:02:47,True,3.505e-05,1.102e-08,6000000.0,0.6615,0xe4...9432,https://bscscan.com/tx/0x4f03484e4e4f81ecd1382d4c699c702d31f209b15b8ddc120c47c7d4ef69352b
2023-03-22 21:02:32,True,3.487e-05,1.102e-08,871170.0,0.096,0x92...48c9,https://bscscan.com/tx/0xe20d7f9207127e37ee8b12e723c5b2a7298ae6c31c517e8a6197ee2770596c1d
2023-03-22 21:02:08,False,3.487e-05,1.096e-08,1827501.0,0.2004,0xdf...5554,https://bscscan.com/tx/0x41b78dc1f6209a3de86d991d749d5a0e7de3457d388d582b9d166a1d8dcb9667
2023-03-22 21:02:08,False,3.487e-05,1.096e-08,429124.0,0.047,0xdf...5554,https://bscscan.com/tx/0x41b78dc1f6209a3de86d991d749d5a0e7de3457d388d582b9d166a1d8dcb9667
2023-03-22 21:01:50,True,3.504e-05,1.102e-08,2914778.0,0.3213,0xa1...05f3,https://bscscan.com/tx/0x02337ccbb697e0de4fe9056d0bcb843694597c58a2abe4a74d7f9d7fff76b063
2023-03-22 21:01:35,True,3.501e-05,1.102e-08,28566220.0,3.14806,0xc1...f4fe,https://bscscan.com/tx/0xdd99ebe35a5cf8785f66c74b390cec089520a2ca3dae5a4df12e74ac67f77bee
2023-03-22 21:01:26,True,3.478e-05,1.101e-08,5713864.0,0.6294,0x09...712a,https://bscscan.com/tx/0xb6e11ed8e1e43437a528c613de87597be7166c6a9268ee048cd3b1cc69701bf3
2023-03-22 21:01:14,True,3.478e-05,1.101e-08,5188306.0,0.5714,0x6b...9f5d,https://bscscan.com/tx/0xdc598c97db2697ac886fa6740a631744848cd0c80d2b8089063e91cfeeae49da
2023-03-22 21:01:05,False,3.482e-05,1.097e-08,106234774.0,11.6568,0xfa...45cf,https://bscscan.com/tx/0x913884dee26131aa8cbbf657259a57fb87632240aae3f8662ccae3129698ea54
2023-03-22 21:01:05,False,3.487e-05,1.098e-08,1248848.0,0.1372,0xfa...45cf,https://bscscan.com/tx/0x913884dee26131aa8cbbf657259a57fb87632240aae3f8662ccae3129698ea54
2023-03-22 21:01:05,True,3.504e-05,1.104e-08,5036861.0,0.5561,0x6b...9f5d,https://bscscan.com/tx/0xf9841ae10da4ac237f2177ccf62cab0b6e890148139ebccc19c0d6911b663574
2023-03-22 21:00:56,True,3.504e-05,1.104e-08,5128190.0,0.5661,0x6b...9f5d,https://bscscan.com/tx/0x237baabd505f1542468708da3371cb67cfae220802f326f2141b607ac09f8e39
2023-03-22 21:00:53,True,3.502e-05,1.103e-08,30082131.0,3.31973,0x20...946b,https://bscscan.com/tx/0x62575358a468be581a864df213e199d5635cfbe3e1aab9c72bd6b1826477c1fd
2023-03-22 21:00:47,True,3.501e-05,1.103e-08,5103663.0,0.5629,0x6b...9f5d,https://bscscan.com/tx/0x1f9c45cd93b2c88811dd037848aaa192ea27ec3e95008bbc0c817f5d58d85406
2023-03-22 21:00:26,True,3.5e-05,1.102e-08,11009237.0,1.21417,0x70...b7d2,https://bscscan.com/tx/0xd3ab9cb666189fcff4faedcc23b28c2b0bbad790864e6e28e609ce7b69b4ed25
2023-03-22 21:00:23,True,3.5e-05,1.102e-08,5146254.0,0.5674,0x6b...9f5d,https://bscscan.com/tx/0x6ee9bd9530a0f6ece8722285dc00c4525e95d82a668b89149ad3bfb9cd41f7d3
2023-03-22 21:00:17,True,3.499e-05,1.102e-08,5046859.0,0.5564,0x6b...9f5d,https://bscscan.com/tx/0x08b14257d2c0c07355d88e075d356cb41027f387f616ad1f7294e9939cca8059
2023-03-22 21:00:14,True,3.499e-05,1.102e-08,420321.0,0.0463,0x00...1fab,https://bscscan.com/tx/0x9c9d0d21e57261b8582a4ebf0877315aeaab9b8a92cd82d7eb0f33a2e464caaf
2023-03-22 21:00:08,True,3.481e-05,1.102e-08,5127153.0,0.5652,0x6b...9f5d,https://bscscan.com/tx/0xe0c52c427460d809b121a98df82f01c3a6bb36c142a76eed6fc4df4d8630789d
2023-03-22 20:59:59,True,3.481e-05,1.102e-08,5011988.0,0.5524,0x6b...9f5d,https://bscscan.com/tx/0x4a6951155bb7f9132cb13fe09784cc28c45f109bd94789a6b889e1ecfa404a2b
2023-03-22 20:59:53,True,3.497e-05,1.102e-08,5178512.0,0.5707,0x6b...9f5d,https://bscscan.com/tx/0xd4883f298374d8c3a9b135cef46107b841ea79d6b146ce538bedda0b061c0716
2023-03-22 20:59:53,True,3.496e-05,1.101e-08,18479131.0,2.03597,0x52...86b0,https://bscscan.com/tx/0xd6eae2a44668ad5d689d3d3d608719378b3db83148d878a5ec378b0ed704058e
2023-03-22 20:59:50,True,3.496e-05,1.101e-08,24499817.0,2.69924,0x7c...eff1,https://bscscan.com/tx/0xefafe40ec1363b001385f1875faa7abe53ab434cd4debef4825829f3c012a46e
2023-03-22 20:59:50,True,3.493e-05,1.1e-08,8611230.0,0.9478,0x00...e900,https://bscscan.com/tx/0x73efc3dcf0c3affd579a498a3e664f77d08e9b7d83ef951567910cb70a0121c5
2023-03-22 20:59:50,True,3.492e-05,1.1e-08,13661635.0,1.50339,0xb9...d4cd,https://bscscan.com/tx/0xc5f9c7e7f51bde72721d35806f6507132bfddd6ffe9d1f65bcf715af7313d7f1
2023-03-22 20:59:50,False,3.488e-05,1.099e-08,336254202.0,36.9637,0x33...43fa,https://bscscan.com/tx/0xd7ec2245ab3225c75334014cb50c163b8f9748af58c6e063b57e91f5751dd7d8
2023-03-22 20:59:50,False,3.503e-05,1.103e-08,895.994,9.889e-06,0x33...43fa,https://bscscan.com/tx/0xd7ec2245ab3225c75334014cb50c163b8f9748af58c6e063b57e91f5751dd7d8
2023-03-22 20:59:05,False,3.49e-05,1.103e-08,330854.0,0.0365,0x90...aaa8,https://bscscan.com/tx/0x05a39e854c0333099526cfca2970aa903b47275041e72a598e61c75632e59896
2023-03-22 20:59:05,False,3.49e-05,1.103e-08,13675.4,0.0015,0x90...aaa8,https://bscscan.com/tx/0x05a39e854c0333099526cfca2970aa903b47275041e72a598e61c75632e59896
2023-03-22 20:58:32,False,3.49e-05,1.103e-08,5049776.0,0.5574,0xe9...9d82,https://bscscan.com/tx/0x96f002093a48ac6e1558698192e4deab97e8f91543231372e1bce79a3c2c3076
2023-03-22 20:58:32,False,3.491e-05,1.103e-08,56509.8,0.0062,0xe9...9d82,https://bscscan.com/tx/0x96f002093a48ac6e1558698192e4deab97e8f91543231372e1bce79a3c2c3076
2023-03-22 20:57:53,True,3.526e-05,1.109e-08,2704048.0,0.3,0x9b...3cc9,https://bscscan.com/tx/0xf3e143c089451b38ed0ec0850652ca3c265ce84e5300425626bf459891a902e8
2023-03-22 20:57:20,True,3.528e-05,1.109e-08,2428968.0,0.2694,0x56...a02e,https://bscscan.com/tx/0x4a84f78a0b8a05d7459008cbb7fd6642f46fb2658baf858c89c6b6b21ce35b17
2023-03-22 20:56:53,False,3.489e-05,1.103e-08,7254680.0,0.8008,0x75...7418,https://bscscan.com/tx/0xaef72e0f23746bbd2ab6b46e81cc8461092c97c1a293707746588ac5faec3444
2023-03-22 20:56:53,False,3.489e-05,1.104e-08,132521.0,0.0146,0x75...7418,https://bscscan.com/tx/0xaef72e0f23746bbd2ab6b46e81cc8461092c97c1a293707746588ac5faec3444
2023-03-22 20:56:23,True,3.506e-05,1.109e-08,13228300.0,1.4675,0xce...1fa8,https://bscscan.com/tx/0x250fa39f5c8809b151029e48bab132da701bf90361fa3d434c337af308919b88
2023-03-22 20:56:11,False,3.49e-05,1.104e-08,35247615.0,3.89177,0x05...7066,https://bscscan.com/tx/0xfb84df7ff164006bb50dac058f2ec228dbbe7d5e54a3928846932aff2e8089be
2023-03-22 20:56:11,False,3.491e-05,1.104e-08,155326.0,0.0171,0x05...7066,https://bscscan.com/tx/0xfb84df7ff164006bb50dac058f2ec228dbbe7d5e54a3928846932aff2e8089be
2023-03-22 20:56:05,False,3.515e-05,1.105e-08,57355590.0,6.33998,0xcd...c3b0,https://bscscan.com/tx/0xec1bf6fa1457bb5dfbbcdc3ad6e4f10331459179adc30d97e11e7858b014a98a
2023-03-22 20:56:05,False,3.517e-05,1.106e-08,268446.0,0.0296,0xcd...c3b0,https://bscscan.com/tx/0xec1bf6fa1457bb5dfbbcdc3ad6e4f10331459179adc30d97e11e7858b014a98a
2023-03-22 20:55:38,False,3.504e-05,1.107e-08,99126125.0,10.9783,0xac...53e5,https://bscscan.com/tx/0x25d2c7799349f9ce8ee06cbf085043a7ed9a950f04f014a390a3a270bae58492
2023-03-22 20:55:38,False,3.508e-05,1.108e-08,102019.0,0.0113,0xac...53e5,https://bscscan.com/tx/0x25d2c7799349f9ce8ee06cbf085043a7ed9a950f04f014a390a3a270bae58492
2023-03-22 20:55:20,True,3.543e-05,1.114e-08,6000000.0,0.6686,0xe4...9432,https://bscscan.com/tx/0x9713ee45222883f713c81fca060ab56c19f67abb1fa99ba10c23b849d7c01a93
2023-03-22 20:55:11,True,3.543e-05,1.114e-08,1794952.0,0.2,0xab...c0e9,https://bscscan.com/tx/0xf065184bdad4c557186913a1d45a725017883d93ec217182717f8583015d3e99
2023-03-22 20:55:11,False,3.526e-05,1.109e-08,29900030.0,3.31608,0x20...946b,https://bscscan.com/tx/0x909fc6ad8c4ea82b36d677552cafaf5fa0f1365249b007cb29364c4da461b9fc
2023-03-22 20:55:11,False,3.528e-05,1.109e-08,74548.2,0.0082,0x20...946b,https://bscscan.com/tx/0x909fc6ad8c4ea82b36d677552cafaf5fa0f1365249b007cb29364c4da461b9fc
2023-03-22 20:54:47,True,3.526e-05,1.115e-08,1092142.0,0.1217,0x1f...406b,https://bscscan.com/tx/0x2fb21329d8b0b3603ca23e37ca6db99fdba64e1b27c4382b568e538c5056bacb
2023-03-22 20:54:35,False,3.53e-05,1.109e-08,26438747.0,2.93416,0x05...7066,https://bscscan.com/tx/0x9d5c1b506f46e9270fd6ca8c4122b3eeb12bdae356787a807147ac8cca8c62f6
2023-03-22 20:54:35,False,3.531e-05,1.11e-08,192752.0,0.0214,0x05...7066,https://bscscan.com/tx/0x9d5c1b506f46e9270fd6ca8c4122b3eeb12bdae356787a807147ac8cca8c62f6
2023-03-22 20:54:29,True,3.546e-05,1.114e-08,70390356.0,7.84686,0x76...66b3,https://bscscan.com/tx/0xa89753ed4eb4433bd57784ed0837e5bee792bff9ac55f3a9e0190c2f09b8a2d0
2023-03-22 20:53:53,False,3.527e-05,1.108e-08,996346.0,0.1104,0x99...7a2b,https://bscscan.com/tx/0x8ea1bb051b3770458111219b42935f55bbac765c97cdc266cee7192158efa501
2023-03-22 20:53:53,False,3.527e-05,1.108e-08,3375.0,3.74e-05,0x99...7a2b,https://bscscan.com/tx/0x8ea1bb051b3770458111219b42935f55bbac765c97cdc266cee7192158efa501
2023-03-22 20:53:50,False,3.527e-05,1.108e-08,1246250.0,0.1381,0xfd...8a71,https://bscscan.com/tx/0x7eba0b9f6788b5c7caa73f8dd41c6604ab3e4c23f398804b933d194fd7c4289b
2023-03-22 20:53:50,False,3.527e-05,1.108e-08,70666.1,0.0078,0xfd...8a71,https://bscscan.com/tx/0x7eba0b9f6788b5c7caa73f8dd41c6604ab3e4c23f398804b933d194fd7c4289b
2023-03-22 20:53:32,False,3.528e-05,1.108e-08,26094094.0,2.89294,0x05...7066,https://bscscan.com/tx/0x670623a0bcd4d52daa12e6a7ca2bed07f8e29a445a5cf5dd42bce5abd35740e0
2023-03-22 20:53:32,False,3.529e-05,1.109e-08,77270.0,0.0085,0x05...7066,https://bscscan.com/tx/0x670623a0bcd4d52daa12e6a7ca2bed07f8e29a445a5cf5dd42bce5abd35740e0
2023-03-22 20:53:29,False,3.53e-05,1.109e-08,28532646.0,3.16542,0xc0...1f4f,https://bscscan.com/tx/0xea116a832d7c7ab8ff4b43394c80dd0ff864ce1cc7401127157fe1d6613a19ff
2023-03-22 20:53:29,False,3.532e-05,1.109e-08,80973.0,0.0089,0xc0...1f4f,https://bscscan.com/tx/0xea116a832d7c7ab8ff4b43394c80dd0ff864ce1cc7401127157fe1d6613a19ff
2023-03-22 20:53:29,False,3.533e-05,1.11e-08,29900029.0,3.3195,0x20...946b,https://bscscan.com/tx/0xe7227e94cb9e064e3fc6a2e32842ccc1ffbb98e3347bd5afe84becc1e75f2edf
2023-03-22 20:53:29,False,3.534e-05,1.11e-08,104090.0,0.0115,0x20...946b,https://bscscan.com/tx/0xe7227e94cb9e064e3fc6a2e32842ccc1ffbb98e3347bd5afe84becc1e75f2edf
2023-03-22 20:53:17,False,3.536e-05,1.111e-08,38436023.0,4.27076,0x05...7066,https://bscscan.com/tx/0xe50dd24521191475b678ac827b221eced780698014ddf5d05c40706d42fe7885
2023-03-22 20:53:17,False,3.538e-05,1.111e-08,60223.2,0.0066,0x05...7066,https://bscscan.com/tx/0xe50dd24521191475b678ac827b221eced780698014ddf5d05c40706d42fe7885
2023-03-22 20:52:59,False,3.521e-05,1.111e-08,22237986.0,2.47279,0x05...7066,https://bscscan.com/tx/0xe8365543dd0e61352a4a4b1b01130738783c5c069292c01dde181809730ac1e9
2023-03-22 20:52:59,False,3.522e-05,1.112e-08,115225.0,0.0128,0x05...7066,https://bscscan.com/tx/0xe8365543dd0e61352a4a4b1b01130738783c5c069292c01dde181809730ac1e9
2023-03-22 20:52:44,True,3.557e-05,1.117e-08,8239133.0,0.9209,0x14...1969,https://bscscan.com/tx/0x45ba0975f7c76eae1e9ddd9ed6b3cd61194ce14d46f13ef41284088a7e1d3a61
2023-03-22 20:52:41,False,3.539e-05,1.112e-08,5737839.0,0.6381,0x09...712a,https://bscscan.com/tx/0xbd0d2ea8347bfa0099dd17923d180a6ec16a5ab55323bd2f573e80059452f31e
2023-03-22 20:52:41,False,3.54e-05,1.112e-08,20155.3,0.0022,0x09...712a,https://bscscan.com/tx/0xbd0d2ea8347bfa0099dd17923d180a6ec16a5ab55323bd2f573e80059452f31e
2023-03-22 20:52:32,True,3.557e-05,1.117e-08,1703936.0,0.1904,0x90...bf58,https://bscscan.com/tx/0x057980e16254b89dbc7fe1f16a3806313a772a256a37432384a745301c984cca
2023-03-22 20:52:32,False,3.54e-05,1.112e-08,5743708.0,0.6388,0x09...712a,https://bscscan.com/tx/0x91ce722300daf63fbe7d788866aacb9b3bf8e13978ac8699b66dbc1c20b72604
2023-03-22 20:52:32,False,3.54e-05,1.112e-08,270000.0,0.03,0x09...712a,https://bscscan.com/tx/0x91ce722300daf63fbe7d788866aacb9b3bf8e13978ac8699b66dbc1c20b72604
2023-03-22 20:52:29,False,3.544e-05,1.113e-08,99700000.0,11.1035,0x9b...2220,https://bscscan.com/tx/0x314ed39d4b90bc77f3dff5aa381cc4f063d03ef31b09d5b7ba6d6e7919a45a67
2023-03-22 20:52:29,False,3.549e-05,1.115e-08,38719.3,0.0043,0x9b...2220,https://bscscan.com/tx/0x314ed39d4b90bc77f3dff5aa381cc4f063d03ef31b09d5b7ba6d6e7919a45a67
2023-03-22 20:52:26,False,3.549e-05,1.115e-08,14297478.0,1.59453,0x9f...d87c,https://bscscan.com/tx/0x94dab7daef68b781878ae88ed8bc55b8219532537debf7ada57bb8d94ee0ee41
2023-03-22 20:52:26,False,3.55e-05,1.115e-08,38718.6,0.0043,0x9f...d87c,https://bscscan.com/tx/0x94dab7daef68b781878ae88ed8bc55b8219532537debf7ada57bb8d94ee0ee41
2023-03-22 20:52:23,False,3.535e-05,1.115e-08,14297185.0,1.59506,0x17...4266,https://bscscan.com/tx/0x867b4280269be09aff0fb46836f99b63ad0f804e9b2f7f91eef6be7a27792f5f
2023-03-22 20:52:23,False,3.536e-05,1.115e-08,38710.1,0.0043,0x17...4266,https://bscscan.com/tx/0x867b4280269be09aff0fb46836f99b63ad0f804e9b2f7f91eef6be7a27792f5f
2023-03-22 20:52:20,False,3.536e-05,1.116e-08,14294061.0,1.59527,0x9f...d87c,https://bscscan.com/tx/0x3c2f2111f47feeb26e0f122e860d4aa7b0981dc9bc32b514d7e44e8acfdb1da2
2023-03-22 20:52:20,False,3.537e-05,1.116e-08,38613.8,0.0043,0x9f...d87c,https://bscscan.com/tx/0x3c2f2111f47feeb26e0f122e860d4aa7b0981dc9bc32b514d7e44e8acfdb1da2
2023-03-22 20:52:17,False,3.538e-05,1.116e-08,14258520.0,1.59186,0x17...4266,https://bscscan.com/tx/0x68af7a54a950ed3cc0ca1d1db85da64178bba88509d48735cfb26a5f838299cb
2023-03-22 20:52:17,False,3.538e-05,1.116e-08,33607.6,0.0037,0x17...4266,https://bscscan.com/tx/0x68af7a54a950ed3cc0ca1d1db85da64178bba88509d48735cfb26a5f838299cb
2023-03-22 20:52:14,False,3.539e-05,1.116e-08,12409932.0,1.38594,0xc3...8152,https://bscscan.com/tx/0xc6134c75917057332d03c457977358ac813019ca0164d659d4457e0dbee1749a
2023-03-22 20:52:14,False,3.539e-05,1.116e-08,38326.1,0.0042,0xc3...8152,https://bscscan.com/tx/0xc6134c75917057332d03c457977358ac813019ca0164d659d4457e0dbee1749a
2023-03-22 20:52:11,False,3.54e-05,1.117e-08,14152263.0,1.58104,0xc0...1f4f,https://bscscan.com/tx/0xef552094f853b665686b39397b54e4804ba0079a7bc385410fbe3be08b92a3f5
2023-03-22 20:52:11,False,3.541e-05,1.117e-08,15436.1,0.0017,0xc0...1f4f,https://bscscan.com/tx/0xef552094f853b665686b39397b54e4804ba0079a7bc385410fbe3be08b92a3f5
2023-03-22 20:52:11,False,3.541e-05,1.117e-08,5699919.0,0.6369,0x09...712a,https://bscscan.com/tx/0x6a5ea1d340bb5a91f95e1c48d16bc3d3712c712d0b97f75c10199a7f20cdc9a8
2023-03-22 20:52:11,False,3.541e-05,1.117e-08,38600.2,0.0043,0x09...712a,https://bscscan.com/tx/0x6a5ea1d340bb5a91f95e1c48d16bc3d3712c712d0b97f75c10199a7f20cdc9a8
2023-03-22 20:52:05,False,3.543e-05,1.117e-08,14253477.0,1.59313,0x17...4266,https://bscscan.com/tx/0x9fa8d65c50aabf6a0df447745557d1814406673d6d7cc313feb1910869e7ba5c
2023-03-22 20:52:05,False,3.543e-05,1.117e-08,82721.5,0.0092,0x17...4266,https://bscscan.com/tx/0x9fa8d65c50aabf6a0df447745557d1814406673d6d7cc313feb1910869e7ba5c
2023-03-22 20:51:53,True,3.579e-05,1.123e-08,647589.0,0.0727,0xbe...a1f7,https://bscscan.com/tx/0xdc1617c170151bebe466f4882b65c48c6db495be28236b608924fe33a4462951
2023-03-22 20:51:53,False,3.562e-05,1.118e-08,29900029.0,3.34374,0x20...946b,https://bscscan.com/tx/0x22446b66a49d29bb62f03e856587ff91d04109508694c200ebb50d9f312e03ff
2023-03-22 20:51:53,False,3.564e-05,1.118e-08,87484.0,0.0097,0x20...946b,https://bscscan.com/tx/0x22446b66a49d29bb62f03e856587ff91d04109508694c200ebb50d9f312e03ff
2023-03-22 20:51:50,True,3.581e-05,1.124e-08,4000000.0,0.4497,0x53...435b,https://bscscan.com/tx/0x95a8dd8f3573ab55a4fa6bca4e748f0d111dc24b8e1f0e6be6ccad258c0843b9
2023-03-22 20:51:02,True,3.563e-05,1.124e-08,1307960.0,0.147,0x7c...3bb5,https://bscscan.com/tx/0x735cd9e81d929541fdfe39dff43b9ec7ec424e074b89245ce1a692014433afe4
2023-03-22 20:50:41,True,3.581e-05,1.123e-08,13979999.0,1.57134,0x46...c1ef,https://bscscan.com/tx/0xb8f35b576a84520d7c6a1b4169d2d23413fdbfc4d595f63801f2d2003c3bfc83
2023-03-22 20:50:32,False,3.545e-05,1.118e-08,13074167.0,1.46217,0x8c...c568,https://bscscan.com/tx/0x7f55e4113e9f7a802c47469d811a380897eb4eaadfcbfb0a929716c1a0ceb51b
2023-03-22 20:50:32,False,3.545e-05,1.118e-08,62254.8,0.0069,0x8c...c568,https://bscscan.com/tx/0x7f55e4113e9f7a802c47469d811a380897eb4eaadfcbfb0a929716c1a0ceb51b
2023-03-22 20:50:29,False,3.546e-05,1.118e-08,20833278.0,2.33091,0x05...7066,https://bscscan.com/tx/0x98b2e2c6915cc7ed95ce42072829dd27a65490023c486b3e59d18f0a6bff26f8
2023-03-22 20:50:29,False,3.547e-05,1.119e-08,35628.1,0.0039,0x05...7066,https://bscscan.com/tx/0x98b2e2c6915cc7ed95ce42072829dd27a65490023c486b3e59d18f0a6bff26f8
2023-03-22 20:50:14,False,3.566e-05,1.119e-08,13156013.0,1.47256,0x20...946b,https://bscscan.com/tx/0x0cd8378707573ec72e4aef87516792dc918eb0362b5280db0cfe420edbc34e29
2023-03-22 20:50:14,False,3.566e-05,1.119e-08,47795.1,0.0053,0x20...946b,https://bscscan.com/tx/0x0cd8378707573ec72e4aef87516792dc918eb0362b5280db0cfe420edbc34e29
2023-03-22 20:50:05,False,3.567e-05,1.119e-08,904749.0,0.1012,0x2f...c3b1,https://bscscan.com/tx/0x25e142475da4b5e60ac790db31a74b1aa5f14d24641348976bc91e278f4944ed
2023-03-22 20:50:05,False,3.567e-05,1.119e-08,241737.0,0.027,0x2f...c3b1,https://bscscan.com/tx/0x25e142475da4b5e60ac790db31a74b1aa5f14d24641348976bc91e278f4944ed
2023-03-22 20:49:59,False,3.571e-05,1.12e-08,89263684.0,10.0043,0xd8...3db3,https://bscscan.com/tx/0x2be902b9611e4e5e9130a32a01dda5e37c83edbce5b353525d9c58b013459090
2023-03-22 20:49:59,False,3.575e-05,1.121e-08,42501.7,0.0047,0xd8...3db3,https://bscscan.com/tx/0x2be902b9611e4e5e9130a32a01dda5e37c83edbce5b353525d9c58b013459090
2023-03-22 20:49:56,False,3.575e-05,1.122e-08,15694154.0,1.76121,0x05...7066,https://bscscan.com/tx/0x134503dc57a7de7b4a6e864fae5a3c2352c434a137cf7d20520b310da0c3c026
2023-03-22 20:49:56,False,3.576e-05,1.122e-08,152284.0,0.017,0x05...7066,https://bscscan.com/tx/0x134503dc57a7de7b4a6e864fae5a3c2352c434a137cf7d20520b310da0c3c026
2023-03-22 20:49:41,False,3.579e-05,1.123e-08,56232098.0,6.31605,0xcd...c3b0,https://bscscan.com/tx/0xb6b1129012f6fa64292de20c53cba7bace4a68f6f04cf9b02f53728aadf9a31b
2023-03-22 20:49:41,False,3.581e-05,1.123e-08,76375.1,0.0085,0xcd...c3b0,https://bscscan.com/tx/0xb6b1129012f6fa64292de20c53cba7bace4a68f6f04cf9b02f53728aadf9a31b
2023-03-22 20:49:35,False,3.562e-05,1.124e-08,28202215.0,3.17101,0xc0...1f4f,https://bscscan.com/tx/0x6f98d649a21a6a3c45418cfedacc7c4cd8b5a5366ed5a60d9f40aa51774226dd
2023-03-22 20:49:35,False,3.564e-05,1.124e-08,639.208,7.189e-06,0xc0...1f4f,https://bscscan.com/tx/0x6f98d649a21a6a3c45418cfedacc7c4cd8b5a5366ed5a60d9f40aa51774226dd
2023-03-22 20:49:14,False,3.579e-05,1.124e-08,236033.0,0.0265,0xd2...85a0,https://bscscan.com/tx/0x916fa965615d3ab9e7488e424e562ade82c5720f13277a5ff9edbd491d58af42
2023-03-22 20:49:14,False,3.579e-05,1.124e-08,50992.0,0.0057,0xd2...85a0,https://bscscan.com/tx/0x916fa965615d3ab9e7488e424e562ade82c5720f13277a5ff9edbd491d58af42
2023-03-22 20:49:08,False,3.58e-05,1.125e-08,18829263.0,2.11838,0x8c...2412,https://bscscan.com/tx/0xc3b7b2bf294d5b9f83715f408699653568fa600272a6366c98eb6604ad5824a2
2023-03-22 20:49:08,False,3.581e-05,1.125e-08,59358.3,0.0066,0x8c...2412,https://bscscan.com/tx/0xc3b7b2bf294d5b9f83715f408699653568fa600272a6366c98eb6604ad5824a2
2023-03-22 20:48:50,False,3.581e-05,1.125e-08,5074487.0,0.571,0x6b...9f5d,https://bscscan.com/tx/0x3c441cdec05d488844774c743fc1b472429b2c4fdc5fc4fd768720ac13a98c95
2023-03-22 20:48:50,False,3.581e-05,1.125e-08,14006.9,0.0015,0x6b...9f5d,https://bscscan.com/tx/0x3c441cdec05d488844774c743fc1b472429b2c4fdc5fc4fd768720ac13a98c95
2023-03-22 20:48:44,False,3.581e-05,1.125e-08,5172178.0,0.5821,0x6b...9f5d,https://bscscan.com/tx/0xdf541e947fb3e1aa582d5de8319b5bba5302954331efcad3082848ad46078006
2023-03-22 20:48:44,False,3.582e-05,1.125e-08,14918.2,0.0016,0x6b...9f5d,https://bscscan.com/tx/0xdf541e947fb3e1aa582d5de8319b5bba5302954331efcad3082848ad46078006
2023-03-22 20:48:41,True,3.6e-05,1.131e-08,425147.0,0.048,0x92...48c9,https://bscscan.com/tx/0xd1416980267d83107b78765d2551dc2890831884d49933d9851b0841705882c8
2023-03-22 20:48:35,False,3.565e-05,1.125e-08,5084812.0,0.5723,0x6b...9f5d,https://bscscan.com/tx/0x0267041883d626d4c38ee7f2a23acd88879778f189ebe95f7fdcae8057e0738c
2023-03-22 20:48:35,False,3.566e-05,1.125e-08,13543.3,0.0015,0x6b...9f5d,https://bscscan.com/tx/0x0267041883d626d4c38ee7f2a23acd88879778f189ebe95f7fdcae8057e0738c
2023-03-22 20:48:26,False,3.566e-05,1.125e-08,5000971.0,0.563,0x6b...9f5d,https://bscscan.com/tx/0x7479db130b8e8d40a826fd7df8a41ff147e25ff658e1a85aefb4e9f96f51466a
2023-03-22 20:48:26,False,3.566e-05,1.125e-08,30135.5,0.0033,0x6b...9f5d,https://bscscan.com/tx/0x7479db130b8e8d40a826fd7df8a41ff147e25ff658e1a85aefb4e9f96f51466a
2023-03-22 20:48:17,False,3.588e-05,1.125e-08,5147824.0,0.5796,0x6b...9f5d,https://bscscan.com/tx/0x0d72a4d271b8a1dc489bd490a14cef3aff50f1b5ef9f27a1df40984057056287
2023-03-22 20:48:17,False,3.588e-05,1.126e-08,17355.4,0.0019,0x6b...9f5d,https://bscscan.com/tx/0x0d72a4d271b8a1dc489bd490a14cef3aff50f1b5ef9f27a1df40984057056287
2023-03-22 20:48:08,True,3.606e-05,1.131e-08,127036.0,0.0143,0xc4...6ea2,https://bscscan.com/tx/0xc02a52be29d04f63ca81ab83182150746a8923c901fc43645dd888ebdd31a811
2023-03-22 20:47:20,True,3.613e-05,1.131e-08,2826719.0,0.3198,0xa1...05f3,https://bscscan.com/tx/0xfc2d557a56e7e821301779b25505c393ea4f7d81f4a40954fd4560a63878aa12
2023-03-22 20:47:14,False,3.595e-05,1.125e-08,3463737.0,0.39,0x5e...217e,https://bscscan.com/tx/0x122c8770fba8fc8aa4c648300ef71b1c8ab20f14752d43fab7a4e1cda88456b4
2023-03-22 20:47:14,False,3.595e-05,1.126e-08,123769.0,0.0139,0x5e...217e,https://bscscan.com/tx/0x122c8770fba8fc8aa4c648300ef71b1c8ab20f14752d43fab7a4e1cda88456b4
2023-03-22 20:46:08,True,3.61e-05,1.131e-08,63159.9,0.0071,0xdf...fcc6,https://bscscan.com/tx/0x816817d6ba5bf34fb8a612fe4672f5db3c267db4241a03ed6adb2a237b6c4cf7
2023-03-22 20:45:53,False,3.598e-05,1.126e-08,45640061.0,5.14209,0x05...00de,https://bscscan.com/tx/0x6a50effb0014ae67ce4be7a1918133df63b2552f87f69ede451ff66c60c0b188
2023-03-22 20:45:53,False,3.6e-05,1.127e-08,45074.7,0.005,0x05...00de,https://bscscan.com/tx/0x6a50effb0014ae67ce4be7a1918133df63b2552f87f69ede451ff66c60c0b188
2023-03-22 20:45:50,True,3.62e-05,1.132e-08,4763992.0,0.5397,0x89...3571,https://bscscan.com/tx/0x9727110b4e6ec1ead7485db4e3a45430f084eeb5e993c64ac6713d74732dce03
2023-03-22 20:45:35,False,3.603e-05,1.127e-08,16644265.0,1.87647,0x05...7066,https://bscscan.com/tx/0xa2974bbc5d2b48553210f424bcd71724923e0bc4f349d7abd07038d29087abde
2023-03-22 20:45:35,False,3.603e-05,1.127e-08,501150.0,0.0565,0x05...7066,https://bscscan.com/tx/0xa2974bbc5d2b48553210f424bcd71724923e0bc4f349d7abd07038d29087abde
2023-03-22 20:45:32,True,3.622e-05,1.133e-08,570259.0,0.0646,0x55...7815,https://bscscan.com/tx/0xa99ff6d9ffbc901c8ca43bae6078f924edeaca86d7a75a7b35f67e265018abd4
2023-03-22 20:44:53,False,3.616e-05,1.13e-08,184485861.0,20.8508,0x32...cafd,https://bscscan.com/tx/0x8352703fff48c105214c506602661ee42a5d00cd1e87fbd32867631dc2a02d88
2023-03-22 20:44:53,False,3.624e-05,1.132e-08,90845.1,0.0102,0x32...cafd,https://bscscan.com/tx/0x8352703fff48c105214c506602661ee42a5d00cd1e87fbd32867631dc2a02d88
2023-03-22 20:44:44,False,3.625e-05,1.133e-08,19744656.0,2.23722,0x05...7066,https://bscscan.com/tx/0x25315e7d94e3fee76a7993141282eb213e2444b26753c307662c7f4bda4796f1
2023-03-22 20:44:44,False,3.626e-05,1.133e-08,9389.85,0.001,0x05...7066,https://bscscan.com/tx/0x25315e7d94e3fee76a7993141282eb213e2444b26753c307662c7f4bda4796f1
2023-03-22 20:44:44,False,3.626e-05,1.133e-08,3467289.0,0.3929,0x05...7066,https://bscscan.com/tx/0x32a08b1b9c4137998ba32ba86a18abb6bb0427440b097a0c6207d8672132f0a9
2023-03-22 20:44:44,False,3.626e-05,1.133e-08,305902.0,0.0346,0x05...7066,https://bscscan.com/tx/0x32a08b1b9c4137998ba32ba86a18abb6bb0427440b097a0c6207d8672132f0a9
2023-03-22 20:44:38,False,3.632e-05,1.135e-08,112957304.0,12.8212,0x05...7066,https://bscscan.com/tx/0x05c2d14b423cdbdbe00969aebc96e07f9f9408767d5851736011a66c2994d7a1
2023-03-22 20:44:38,False,3.637e-05,1.136e-08,13815.2,0.0015,0x05...7066,https://bscscan.com/tx/0x05c2d14b423cdbdbe00969aebc96e07f9f9408767d5851736011a66c2994d7a1
2023-03-22 20:44:38,False,3.637e-05,1.136e-08,5101378.0,0.5798,0x6b...9f5d,https://bscscan.com/tx/0x5306ce67bf7c1691cf00f6a42e7ecc43df77386b175713a4ef5aecc6f91e779c
2023-03-22 20:44:38,False,3.637e-05,1.136e-08,13979.2,0.0015,0x6b...9f5d,https://bscscan.com/tx/0x5306ce67bf7c1691cf00f6a42e7ecc43df77386b175713a4ef5aecc6f91e779c
2023-03-22 20:44:29,False,3.64e-05,1.136e-08,5161956.0,0.5868,0x6b...9f5d,https://bscscan.com/tx/0xeb811e35411ad2e10093a75bb44c2b681c7da230d59e2aceb1e25b6d7a4b5225
2023-03-22 20:44:29,False,3.641e-05,1.136e-08,13611.3,0.0015,0x6b...9f5d,https://bscscan.com/tx/0xeb811e35411ad2e10093a75bb44c2b681c7da230d59e2aceb1e25b6d7a4b5225
2023-03-22 20:44:20,False,3.66e-05,1.137e-08,5026082.0,0.5714,0x6b...9f5d,https://bscscan.com/tx/0x682d5a063192399c2f9470c14412a7d074c483594533188849d864183ed95dee
2023-03-22 20:44:20,False,3.66e-05,1.137e-08,270000.0,0.0307,0x6b...9f5d,https://bscscan.com/tx/0x682d5a063192399c2f9470c14412a7d074c483594533188849d864183ed95dee
2023-03-22 20:44:17,False,3.665e-05,1.138e-08,99700000.0,11.3508,0x9b...2220,https://bscscan.com/tx/0xec3860a89c41ec06774db1b593b696e8ae5f7128fb5684cd28f49bad5f1157ef
2023-03-22 20:44:17,False,3.669e-05,1.139e-08,13984.5,0.0015,0x9b...2220,https://bscscan.com/tx/0xec3860a89c41ec06774db1b593b696e8ae5f7128fb5684cd28f49bad5f1157ef
2023-03-22 20:44:11,False,3.669e-05,1.139e-08,5163906.0,0.5886,0x6b...9f5d,https://bscscan.com/tx/0x0df4b47eb77b331914938b4677f2f0b973f2f1c67bfdcceb89be60bd1aa1b689
2023-03-22 20:44:11,False,3.67e-05,1.14e-08,525276.0,0.0598,0x6b...9f5d,https://bscscan.com/tx/0x0df4b47eb77b331914938b4677f2f0b973f2f1c67bfdcceb89be60bd1aa1b689
2023-03-22 20:44:08,False,3.677e-05,1.142e-08,193962861.0,22.1666,0xb6...b410,https://bscscan.com/tx/0xf486a07e84b19f4f96b3569653fb7a3fc66618a9a55bf5b59cc8f0f847993e8b
2023-03-22 20:44:08,False,3.686e-05,1.145e-08,8984192.0,1.02934,0x05...ca10,https://bscscan.com/tx/0x60efbe5f20a05b5878d0b34e2835677f3e3bd2365534af9886ddca045e88b4ef
2023-03-22 20:44:08,False,3.687e-05,1.146e-08,14937901.0,1.71197,0x00...bcca,https://bscscan.com/tx/0x5b3d1a578ab1bfe8aca53d90341e084930788b32b8c7a665db6b6022b5de82ae
2023-03-22 20:44:08,False,3.688e-05,1.146e-08,2122338.0,0.2432,0x00...bcca,https://bscscan.com/tx/0x5b3d1a578ab1bfe8aca53d90341e084930788b32b8c7a665db6b6022b5de82ae
2023-03-22 20:44:08,True,3.68e-05,1.143e-08,581367635.0,66.4945,0xcc...70ab,https://bscscan.com/tx/0x09b26b4cd974b976b9b35dfabf6f24e620d4b998e6d5c1ad501eded1490df2d3
2023-03-22 20:44:08,True,3.644e-05,1.132e-08,195110064.0,22.1014,0xb4...4462,https://bscscan.com/tx/0x0172cd60c6a608d28d4b4d61aea340222ed6f2ee75a8ea315ea2442c21259bef
2023-03-22 20:43:59,False,3.618e-05,1.124e-08,9544830.0,1.07334,0x54...1282,https://bscscan.com/tx/0x586b07aa5e002735d3dbce2587b8682f0b800232cd98dc40397ebcdf2c146e74
2023-03-22 20:43:59,False,3.618e-05,1.124e-08,72146.1,0.0081,0x54...1282,https://bscscan.com/tx/0x586b07aa5e002735d3dbce2587b8682f0b800232cd98dc40397ebcdf2c146e74
2023-03-22 20:43:05,False,3.603e-05,1.125e-08,26640604.0,2.99714,0x5e...b1a3,https://bscscan.com/tx/0x240c2e61d2e969a96ef9d25f7f030a116f3ab56f6783d620024ab0f105750d19
2023-03-22 20:43:05,False,3.604e-05,1.125e-08,63078.0,0.0071,0x5e...b1a3,https://bscscan.com/tx/0x240c2e61d2e969a96ef9d25f7f030a116f3ab56f6783d620024ab0f105750d19
2023-03-22 20:42:59,True,3.622e-05,1.131e-08,420213.0,0.0475,0xa0...136b,https://bscscan.com/tx/0x621dad21c5065c48b12a66378204269d9d5e6dd586ea8c23ec4dbdceeadf9fba
2023-03-22 20:41:29,True,3.622e-05,1.131e-08,884157.0,0.1,0x08...82c9,https://bscscan.com/tx/0x2e442b192768cf929428aac95bc3e675aa7ddb77e36ca3dd9f947516bfbb9cc8
2023-03-22 20:41:05,True,3.622e-05,1.13e-08,862503.0,0.0975,0x1a...6bab,https://bscscan.com/tx/0xc80572505276bedcd03ccc2e6aaa56c1d1e773d1443186e98ad267ed26b72cc7
2023-03-22 20:39:59,True,3.641e-05,1.13e-08,382100.0,0.0432,0x4f...43c4,https://bscscan.com/tx/0x83bcf7073e12913c24ed9cb74a3153b044178dda3288e116805a5b94fd1fdac0
2023-03-22 20:39:05,True,3.64e-05,1.13e-08,128915.0,0.0145,0x74...29f0,https://bscscan.com/tx/0x59e7fe581161f9bc8f8bf6fcfb3c6613de008d172001c4a1ef5ca813a65e2c0e
2023-03-22 20:38:26,True,3.629e-05,1.13e-08,8022167.0,0.9071,0xd4...cc47,https://bscscan.com/tx/0x98767a581483bf0d2ae44f9a17c23b1e42c4220fca4dc5f809e4ec645e0af66c
2023-03-22 20:38:23,True,3.628e-05,1.13e-08,2586924.0,0.2925,0x04...5f21,https://bscscan.com/tx/0xe7720dbee4813ac89587c1e7c3e5f4839ecb0e67c7e07fff194a0cf34bacd4ab
2023-03-22 20:38:14,True,3.647e-05,1.13e-08,75232.0,0.0085,0x16...82bf,https://bscscan.com/tx/0xd1d3daa1a0f57a2545ce058babcf1f11ca9f0354a7c65e0ca8da4f4f0d286b3c
2023-03-22 20:38:14,False,3.629e-05,1.125e-08,9970000.0,1.12179,0x9d...01e6,https://bscscan.com/tx/0xaf435ef07a864adffdc0911389a39e5d7affe3769e7437838cdd1b9642e9aa0e
2023-03-22 20:38:14,False,3.63e-05,1.125e-08,1077342.0,0.1212,0x9d...01e6,https://bscscan.com/tx/0xaf435ef07a864adffdc0911389a39e5d7affe3769e7437838cdd1b9642e9aa0e
2023-03-22 20:38:05,True,3.648e-05,1.13e-08,758035.0,0.0857,0x2a...e55a,https://bscscan.com/tx/0xc9499a6b18461fc7e43b5bdc009188bca3320201793a90ca59fdf3bc60b921aa
2023-03-22 20:37:44,True,3.629e-05,1.13e-08,17784457.0,2.0109,0x52...86b0,https://bscscan.com/tx/0x0e6aed15eba8074c422e6cca1889365209f0326b7fe6713084b438dfb8c735e3
2023-03-22 20:37:41,True,3.628e-05,1.13e-08,9483143.0,1.07191,0x1c...275b,https://bscscan.com/tx/0xeee1f877825b98201a11c97e3286e4fb64b9f358c7db2eca04a3e9e26cc03d3f
2023-03-22 20:37:41,True,3.627e-05,1.13e-08,7653641.0,0.8649,0x00...e5c8,https://bscscan.com/tx/0x03fe13c3d4e192d4d5c2558447c86e8009e2070a69c56aa7688cfbeeafde4223
2023-03-22 20:37:41,False,3.644e-05,1.129e-08,379331575.0,42.8508,0xf7...1421,https://bscscan.com/tx/0x47e7f7058fbc4efe3ca219cebb74b5702c5a70d28b44f176183c4aa5ec03c515
2023-03-22 20:37:41,False,3.661e-05,1.134e-08,231710.0,0.0263,0xf7...1421,https://bscscan.com/tx/0x47e7f7058fbc4efe3ca219cebb74b5702c5a70d28b44f176183c4aa5ec03c515
2023-03-22 20:36:50,False,3.65e-05,1.136e-08,85561170.0,9.72118,0xdf...ace6,https://bscscan.com/tx/0xa1282d822e0ea57ae74343c1dd00757cfafcb6dd33b1ec3d5776854879eff813
2023-03-22 20:36:50,False,3.654e-05,1.137e-08,101114.0,0.0115,0xdf...ace6,https://bscscan.com/tx/0xa1282d822e0ea57ae74343c1dd00757cfafcb6dd33b1ec3d5776854879eff813
2023-03-22 20:36:02,True,3.699e-05,1.143e-08,174966.0,0.02,0xef...294f,https://bscscan.com/tx/0xadd1c529378f057fa703cbe9d57b6a0e4a5cc78e03d14ae41e0466654c1139fd
2023-03-22 20:36:02,True,3.699e-05,1.143e-08,174966.0,0.02,0xef...294f,https://bscscan.com/tx/0xadd1c529378f057fa703cbe9d57b6a0e4a5cc78e03d14ae41e0466654c1139fd
2023-03-22 20:34:14,True,3.682e-05,1.143e-08,241391.0,0.0275,0x74...29f0,https://bscscan.com/tx/0xb718ebcb98e4998f3db2fa782934d220ce54011bb2300a14b6f83608ef68d9a9
2023-03-22 20:33:26,True,3.7e-05,1.143e-08,4074769.0,0.4657,0x74...29f0,https://bscscan.com/tx/0x488d86767772f46d6832b002ecb91d8da01a598e4ccb48c6e277e4ea9a4dded9
2023-03-22 20:33:23,True,3.699e-05,1.142e-08,26973848.0,3.08196,0x6e...8b15,https://bscscan.com/tx/0x7a3361bec29e83cdcbe8097cb5cc6dd83e590e12402530c5ad9a9f5b0f91edca
2023-03-22 20:32:53,True,3.701e-05,1.142e-08,5366775.0,0.6129,0x56...13dd,https://bscscan.com/tx/0x92ab99e248cb3ada71fb5e177b111bf1cfe8015f9e67f2af35c04a056897fa1a
2023-03-22 20:30:29,False,3.682e-05,1.136e-08,615969.0,0.07,0xd9...09bb,https://bscscan.com/tx/0x35150d0e0ed25e8cc761c6313cd8dfcf7f4570a30f47d0934b3ec30cf2e5a457
2023-03-22 20:30:29,False,3.682e-05,1.136e-08,652739.0,0.0741,0xd9...09bb,https://bscscan.com/tx/0x35150d0e0ed25e8cc761c6313cd8dfcf7f4570a30f47d0934b3ec30cf2e5a457
2023-03-22 20:28:44,True,3.681e-05,1.141e-08,30072454.0,3.4332,0x20...946b,https://bscscan.com/tx/0x67595d704f1b43ae74c25bc284c7ab302941197cf88ba9dd968cdaf4e71ca178
2023-03-22 20:28:41,True,3.679e-05,1.14e-08,17544417.0,2.00176,0x52...86b0,https://bscscan.com/tx/0xd72d7501878fe7d26538c2aeabbc4f7e9b8dfcee0143ac1199b80ecd6a9c21d0
2023-03-22 20:27:05,True,3.679e-05,1.14e-08,5524439.0,0.6301,0xa1...05f3,https://bscscan.com/tx/0x83e3f699c16e87c5a8c481c43cfc2f3b2a24aa83012f2fe1a8b413fea9dc8652
2023-03-22 20:26:44,False,3.688e-05,1.137e-08,188048180.0,21.391,0x4e...4130,https://bscscan.com/tx/0xa38d059c98217f38c4db6089b13d782b3a81936e1ed5a1cc628c05169e5c2b57
2023-03-22 20:26:44,False,3.696e-05,1.14e-08,27563.9,0.0031,0x4e...4130,https://bscscan.com/tx/0xa38d059c98217f38c4db6089b13d782b3a81936e1ed5a1cc628c05169e5c2b57
2023-03-22 20:26:44,False,3.697e-05,1.14e-08,10178236.0,1.16065,0xfd...bd33,https://bscscan.com/tx/0x830f4c3ee5f7ee4487f6765ba2d57fd310bdd58638d96a095a794975d228f1b4
2023-03-22 20:26:44,False,3.697e-05,1.14e-08,807.104,9.204e-06,0xfd...bd33,https://bscscan.com/tx/0x830f4c3ee5f7ee4487f6765ba2d57fd310bdd58638d96a095a794975d228f1b4
2023-03-22 20:26:26,False,3.697e-05,1.14e-08,298031.0,0.0339,0x1e...0ddf,https://bscscan.com/tx/0x41931e37c4201f21a9134ee7b4b5c55cdac1b85b6c7dd78bfda295e5a9bbbb5c
2023-03-22 20:26:26,False,3.697e-05,1.14e-08,61968.5,0.007,0x1e...0ddf,https://bscscan.com/tx/0x41931e37c4201f21a9134ee7b4b5c55cdac1b85b6c7dd78bfda295e5a9bbbb5c
2023-03-22 20:25:08,True,3.718e-05,1.146e-08,2482417.0,0.2845,0xd5...3fba,https://bscscan.com/tx/0x5c475434b13d2472669249443a383da073c4a9081b07c381abe41f8a85dca10e
2023-03-22 20:24:26,True,3.7e-05,1.146e-08,414245.0,0.0474,0x4b...98ac,https://bscscan.com/tx/0x20b7a71b3a09da07a8621ed86505536e20972ee3434f9cbc3f7197a7aad27295
2023-03-22 20:24:23,True,3.7e-05,1.146e-08,54625.8,0.0062,0x65...8689,https://bscscan.com/tx/0x8f2c0f8b7b6fb1cd017ea2a4d50a34d2f3150e043761247475485c54df3a8853
2023-03-22 20:24:11,False,3.682e-05,1.14e-08,19940000.0,2.27452,0xc0...8725,https://bscscan.com/tx/0x96e401bf468864b47020ba779324435164adf7347bca2f58dae8024232d73379
2023-03-22 20:24:11,False,3.683e-05,1.14e-08,2756.07,3.144e-05,0xc0...8725,https://bscscan.com/tx/0x96e401bf468864b47020ba779324435164adf7347bca2f58dae8024232d73379
2023-03-22 20:24:02,False,3.683e-05,1.14e-08,1017704.0,0.1161,0xec...7f00,https://bscscan.com/tx/0x8f073aed97b9ea4edf4b40afdeab655bee5298abc7e007d5b9bf342defb95b55
2023-03-22 20:24:02,False,3.683e-05,1.14e-08,197723.0,0.0225,0xec...7f00,https://bscscan.com/tx/0x8f073aed97b9ea4edf4b40afdeab655bee5298abc7e007d5b9bf342defb95b55
2023-03-22 20:23:50,True,3.72e-05,1.146e-08,2005758.0,0.23,0x1c...b10a,https://bscscan.com/tx/0x6168ed60f6dd4acf971c89b2fe01340d78f8f71e7f25d548e06aa288835bc05e
2023-03-22 20:23:41,True,3.701e-05,1.146e-08,393627.0,0.0451,0x3f...7b96,https://bscscan.com/tx/0x04ed0701854d70c80657e2154866a09c48ed58ec71ef979b66946c306ed34266
2023-03-22 20:22:47,True,3.719e-05,1.146e-08,15034482.0,1.72362,0x74...29f0,https://bscscan.com/tx/0x4a03603efc7a774ebd66df78b7d20145521aa5fd8a33f710441506c29108312c
2023-03-22 20:22:41,True,3.715e-05,1.145e-08,28800430.0,3.3,0x9a...883a,https://bscscan.com/tx/0x18a8e87d9e0af08e5d7b4ed7d464b123e1d93529f6063cd0fc90ea544acf16f7
2023-03-22 20:22:32,True,3.714e-05,1.145e-08,173241.0,0.0198,0x65...8689,https://bscscan.com/tx/0xfe4455d797756b5c3985f138fe3b09b4cab9096ae639797f122495e2ff6d6060
2023-03-22 20:22:17,True,3.715e-05,1.145e-08,2968500.0,0.34,0x47...67e1,https://bscscan.com/tx/0x73d824b79de17b09772afe5da51ea5ab0efef9c457eb4185cdfb6442552a6d8e
2023-03-22 20:21:59,True,3.686e-05,1.144e-08,23618532.0,2.70427,0xee...425b,https://bscscan.com/tx/0xc5f24f807813766bd5bd46e1db6ba571aadcb06cefe3037ea3b489b84ad89b1d
2023-03-22 20:21:26,True,3.699e-05,1.144e-08,132379.0,0.0151,0xba...6c94,https://bscscan.com/tx/0xcb5328ef499d9cb9cec0993b39e667505c681d899dcf8400f0bbc8002fac794a
2023-03-22 20:21:08,False,3.661e-05,1.138e-08,103426.0,0.0117,0x97...b427,https://bscscan.com/tx/0x6e9efc0d9c77e34bff407c53c45bdb84d1c6e9795cc3ebe447b52ae82d4a4ed7
2023-03-22 20:21:08,False,3.661e-05,1.138e-08,3368.89,3.836e-05,0x97...b427,https://bscscan.com/tx/0x6e9efc0d9c77e34bff407c53c45bdb84d1c6e9795cc3ebe447b52ae82d4a4ed7
2023-03-22 20:21:02,False,3.661e-05,1.138e-08,1243994.0,0.1416,0x4b...2e5d,https://bscscan.com/tx/0xfec0c0844262017aeda5b6c5b53ddbab4dd2e4937dc138cf1428f9ccab072132
2023-03-22 20:21:02,False,3.661e-05,1.138e-08,236658.0,0.0269,0x4b...2e5d,https://bscscan.com/tx/0xfec0c0844262017aeda5b6c5b53ddbab4dd2e4937dc138cf1428f9ccab072132
2023-03-22 20:19:56,True,3.679e-05,1.144e-08,3100001.0,0.3548,0x04...44a9,https://bscscan.com/tx/0xb57bd437746528646266b9abeb7ba451e8186282d0bd9def2c62c8bd968a3d4d
2023-03-22 20:19:17,True,3.697e-05,1.144e-08,18995252.0,2.17367,0xcd...c3b0,https://bscscan.com/tx/0xc149023924bc75c4bd1b7f1ed770258b6e2a9b0cbdf499104264f40121113cb6
2023-03-22 20:18:38,True,3.692e-05,1.143e-08,65350120.0,7.4703,0x1b...270a,https://bscscan.com/tx/0xcdd4d2cabda51b2a0b254237e5b5898c72b825fcbd22c791368b46c3990cafa9
2023-03-22 20:18:32,False,3.67e-05,1.136e-08,205271.0,0.0233,0x0d...05be,https://bscscan.com/tx/0x7a1856bef86a9c287642bfb561f675753b09204d376d9760cf014b6a2b7d9597
2023-03-22 20:18:32,False,3.67e-05,1.136e-08,265960.0,0.0302,0x0d...05be,https://bscscan.com/tx/0x7a1856bef86a9c287642bfb561f675753b09204d376d9760cf014b6a2b7d9597
2023-03-22 20:18:20,True,3.685e-05,1.141e-08,49061180.0,5.60036,0xfe...5ad3,https://bscscan.com/tx/0x1dbfcc9eff6ea966e2589a7381c848a7fc891d5ddfe0e1bc4e748a475ddf5bfb
2023-03-22 20:18:17,True,3.682e-05,1.14e-08,17597407.0,2.00709,0x52...86b0,https://bscscan.com/tx/0x292377777a2c71443284ddf6d502b1943ddf71ceb24a8b195b2934f20bdc107b
2023-03-22 20:18:05,True,3.681e-05,1.14e-08,413551.0,0.0471,0xa3...2f5e,https://bscscan.com/tx/0xa47a7734173a273a76248755bacbbce9e4d54f5f49e98aeb4ae36c6057a76e6b
2023-03-22 20:17:59,True,3.681e-05,1.14e-08,250000.0,0.0285,0x8c...e4f2,https://bscscan.com/tx/0x34247a9787e36c3e1429f10fdd6f6f179a5e75991464be1aa7d5b3d444f281b2
2023-03-22 20:17:53,True,3.661e-05,1.139e-08,30085599.0,3.42935,0x20...946b,https://bscscan.com/tx/0x87a7836bedf68411870f5c198d960f8d323ff34ac3a255b00d70b5d0af95cc39
2023-03-22 20:17:41,True,3.678e-05,1.139e-08,96539.0,0.011,0x3c...5338,https://bscscan.com/tx/0xa8affb348aaf632c8ed56a16114fc99b6477b45c0f71da4a82a2eb3414e6fb9f
2023-03-22 20:16:44,False,3.659e-05,1.133e-08,996346.0,0.1129,0x99...7a2b,https://bscscan.com/tx/0x2646c65c7d5fabf302c1b288f2033f21470e3355a783018c5a2ed097a16ef0be
2023-03-22 20:16:44,False,3.659e-05,1.133e-08,1202.84,1.363e-05,0x99...7a2b,https://bscscan.com/tx/0x2646c65c7d5fabf302c1b288f2033f21470e3355a783018c5a2ed097a16ef0be
2023-03-22 20:16:23,False,3.66e-05,1.133e-08,444160.0,0.0503,0x0c...e49e,https://bscscan.com/tx/0x88f275d89fdd561fb273f60465d849ea68e1af73a3815fc40cd6abb29d8c66f5
2023-03-22 20:16:23,False,3.66e-05,1.133e-08,1271.1,1.441e-05,0x0c...e49e,https://bscscan.com/tx/0x88f275d89fdd561fb273f60465d849ea68e1af73a3815fc40cd6abb29d8c66f5
2023-03-22 20:16:11,False,3.66e-05,1.133e-08,469365.0,0.0532,0x33...0bd5,https://bscscan.com/tx/0x2da9a137f7d4ce272a58b2d4de42ae701e721a114ea4e1acacadb4874e2f8d9d
2023-03-22 20:16:11,False,3.66e-05,1.133e-08,256384.0,0.029,0x33...0bd5,https://bscscan.com/tx/0x2da9a137f7d4ce272a58b2d4de42ae701e721a114ea4e1acacadb4874e2f8d9d
2023-03-22 20:16:11,True,3.677e-05,1.139e-08,30084189.0,3.4268,0x20...946b,https://bscscan.com/tx/0xcc3c203d78b6db67224198b0362f6410bcf1847dc7e01ddb61c42b7ecd355141
2023-03-22 20:16:05,True,3.675e-05,1.138e-08,1894553.0,0.2157,0x2e...f345,https://bscscan.com/tx/0xffe2ebf905f709b2b1d2f0a8f1faabe670e7605072965db82b5bdf7f5049a3f1
2023-03-22 20:16:02,True,3.675e-05,1.138e-08,5018137.0,0.5713,0x6b...9f5d,https://bscscan.com/tx/0x23a9533275349c321e3d9be17d43413a8c09978ecd66732d376592bcdb7ad683
2023-03-22 20:15:53,True,3.676e-05,1.138e-08,5049512.0,0.5748,0x6b...9f5d,https://bscscan.com/tx/0x2541893135dc818ed420e7b860b42ae8da8912c5f47e884293452561e8ba0ff7
2023-03-22 20:15:53,True,3.675e-05,1.138e-08,17677877.0,2.01184,0x52...86b0,https://bscscan.com/tx/0xba628ff8836d51d62626532f9c33f0b091c83005ce3d999d9a26ee4b9b9f5f88
2023-03-22 20:15:44,True,3.674e-05,1.137e-08,5027595.0,0.572,0x6b...9f5d,https://bscscan.com/tx/0xec7e05fc1f6f6dfe909674c428d4c4e0decc32724dccf8d706b66cf6f28d2d42
2023-03-22 20:15:23,True,3.67e-05,1.137e-08,27227431.0,3.09651,0x17...4266,https://bscscan.com/tx/0x7cb50b03699b1d33d5460649fd26791ce4d9a03898830e8adebcea188e1749ca
2023-03-22 20:14:14,False,3.625e-05,1.131e-08,2968992.0,0.3358,0x71...8b20,https://bscscan.com/tx/0x81dac4e6b6a7a8ead17f0d0aa2321998a6e9cc24d8dec8636022f925313e3a48
2023-03-22 20:14:14,False,3.625e-05,1.131e-08,788016.0,0.0891,0x71...8b20,https://bscscan.com/tx/0x81dac4e6b6a7a8ead17f0d0aa2321998a6e9cc24d8dec8636022f925313e3a48
2023-03-22 20:13:56,True,3.661e-05,1.136e-08,33345521.0,3.78981,0x9b...5c1b,https://bscscan.com/tx/0x55fb72a32fc19d0eac0671d5db1b7538a016fea74172ec1d9f2fac9ddd17298d
2023-03-22 20:13:53,True,3.659e-05,1.136e-08,175520.0,0.0199,0x1f...406b,https://bscscan.com/tx/0x2c245a7f7a6be06620d27b347cd92a9a8272ccac2670baec6f7680176cb97851
2023-03-22 20:13:38,True,3.64e-05,1.135e-08,6388440.0,0.7257,0x9c...0a08,https://bscscan.com/tx/0x244bdfd7147d5d5cddb8a61dee99ecf0ea675bd6d24ac84ae0fa4ea7dbb8bf8c
2023-03-22 20:13:38,True,3.64e-05,1.135e-08,5025128.0,0.5707,0x73...d8c2,https://bscscan.com/tx/0xd1d80810890b04c4a6f7a3d951995bb836dff9b10e89d1d41d45ecaa6abbb2be
2023-03-22 20:13:38,False,3.633e-05,1.133e-08,257561796.0,29.1993,0xe7...5025,https://bscscan.com/tx/0x6fcddad7c9e97ea3aa6845b004d9b390365f14333ce161bca1d2eea7b1894ee5
2023-03-22 20:13:38,False,3.645e-05,1.137e-08,227451.0,0.0258,0xe7...5025,https://bscscan.com/tx/0x6fcddad7c9e97ea3aa6845b004d9b390365f14333ce161bca1d2eea7b1894ee5
2023-03-22 20:13:08,True,3.68e-05,1.141e-08,81294236.0,9.28267,0xc4...01ac,https://bscscan.com/tx/0xdec6099dd76f8466d206abece31ae7f796de9913f4e34de4214516c790a3271f
2023-03-22 20:12:47,False,3.653e-05,1.135e-08,2937882.0,0.3334,0xb9...7311,https://bscscan.com/tx/0x91329c16092319fd0f48cea6aeca7495300a681c9c78fd5a639439af61143e29
2023-03-22 20:12:47,False,3.653e-05,1.135e-08,3084.95,3.501e-05,0xb9...7311,https://bscscan.com/tx/0x91329c16092319fd0f48cea6aeca7495300a681c9c78fd5a639439af61143e29
2023-03-22 20:12:41,False,3.652e-05,1.135e-08,1139145.0,0.1293,0x24...dbe1,https://bscscan.com/tx/0x88816bc68d89fd4c0061a7b3fd55b946ef5d3084c58e3e4dd1c1ec5d55317a6f
2023-03-22 20:12:41,False,3.653e-05,1.135e-08,30924.7,0.0035,0x24...dbe1,https://bscscan.com/tx/0x88816bc68d89fd4c0061a7b3fd55b946ef5d3084c58e3e4dd1c1ec5d55317a6f
2023-03-22 20:12:32,True,3.671e-05,1.14e-08,3058872.0,0.3489,0x1f...406b,https://bscscan.com/tx/0x784fe016f00aed06842782999bffa73411534270a316162462bce80be1bf34ea
2023-03-22 20:11:47,False,3.666e-05,1.135e-08,8369547.0,0.95,0x04...44a9,https://bscscan.com/tx/0x17059e6500796a2514b31787b154fa443cea4a85ba5125ad53f6556b2952428d
2023-03-22 20:11:47,False,3.667e-05,1.135e-08,133761.0,0.0151,0x04...44a9,https://bscscan.com/tx/0x17059e6500796a2514b31787b154fa443cea4a85ba5125ad53f6556b2952428d
2023-03-22 20:11:29,True,3.684e-05,1.14e-08,45030365.0,5.13498,0xa0...b0df,https://bscscan.com/tx/0xe04c5349f404dedf9a3faa577847ad90579c011839e0b5c5daf23863b17a45ae
2023-03-22 20:11:14,False,3.664e-05,1.134e-08,4497097.0,0.51,0xfa...45cf,https://bscscan.com/tx/0xafbe5d77be880de06fd7e53e4c5d54f00c8e963f4c4ad8f01b894c22dec4de15
2023-03-22 20:11:14,False,3.664e-05,1.134e-08,585900.0,0.0664,0xfa...45cf,https://bscscan.com/tx/0xafbe5d77be880de06fd7e53e4c5d54f00c8e963f4c4ad8f01b894c22dec4de15
2023-03-22 20:10:56,True,3.661e-05,1.139e-08,8072988.0,0.9201,0xe8...670d,https://bscscan.com/tx/0xddb808e7f7898afd008f786df175ca71e95342ac6e62c8fa60681bff7f1aecbe
2023-03-22 20:10:56,True,3.66e-05,1.139e-08,7640634.0,0.8706,0x73...d8c2,https://bscscan.com/tx/0x694bdea4344b1891fcce6d1fef4954854a632ac9c9ce64ad8c2bc9a20540f8a4
2023-03-22 20:10:56,False,3.651e-05,1.136e-08,216349000.0,24.5938,0xd5...cdf0,https://bscscan.com/tx/0xa919dc57eaf03d0c1d5cb0fee081198faae7f168ce1eb42aaae41fd017ddde2b
2023-03-22 20:10:56,False,3.661e-05,1.139e-08,41618.0,0.0047,0xd5...cdf0,https://bscscan.com/tx/0xa919dc57eaf03d0c1d5cb0fee081198faae7f168ce1eb42aaae41fd017ddde2b
2023-03-22 20:10:29,False,3.662e-05,1.14e-08,15367829.0,1.75199,0x0f...3c11,https://bscscan.com/tx/0x2e4c0e8bee16d5bf698f27bc79d5ac41de7afe0f891025dfd439a2a5fcb789bc
2023-03-22 20:10:29,False,3.663e-05,1.14e-08,535352.0,0.061,0x0f...3c11,https://bscscan.com/tx/0x2e4c0e8bee16d5bf698f27bc79d5ac41de7afe0f891025dfd439a2a5fcb789bc
2023-03-22 20:10:17,True,3.682e-05,1.145e-08,113439.0,0.013,0x9e...5c4f,https://bscscan.com/tx/0x65f446ecbab84f50c1dc5211f3637363fe5fae1043810b70b16ffd9c3ef03b55
2023-03-22 20:09:44,True,3.682e-05,1.145e-08,1440691.0,0.1651,0x2a...89a8,https://bscscan.com/tx/0x26f683e464666edfc1858fdb4e8da39830f30f85e309a54535bd6417b726e2c5
2023-03-22 20:09:08,True,3.687e-05,1.145e-08,8706611.0,0.9976,0xd4...cc47,https://bscscan.com/tx/0xa9e3c73598cb53ef5fad9c6d059f881cc6372126c9fa87b731afc66ab995abc2
2023-03-22 20:08:41,True,3.715e-05,1.145e-08,10332316.0,1.18362,0x72...3edf,https://bscscan.com/tx/0x87b0851bf673625182e1dfaf3b7fd00e3face00b648230efa12672f0b6b08596
2023-03-22 20:08:41,False,3.705e-05,1.142e-08,182160334.0,20.8078,0x89...3b20,https://bscscan.com/tx/0x192ccf8f4562b129c759a507c67660d79d9878a36739c0962e4348a0f68678da
2023-03-22 20:08:41,False,3.713e-05,1.144e-08,193862.0,0.0221,0x89...3b20,https://bscscan.com/tx/0x192ccf8f4562b129c759a507c67660d79d9878a36739c0962e4348a0f68678da
2023-03-22 20:08:32,True,3.732e-05,1.15e-08,1378399.0,0.1586,0x0b...de29,https://bscscan.com/tx/0x36da1dfccb7bf6c95e6c5fe9d89d04b4a9835f159b4c03480bca83faa0f241b0
2023-03-22 20:08:20,True,3.733e-05,1.15e-08,1253139.0,0.1441,0xbb...c106,https://bscscan.com/tx/0x8f140b42e94492c910e46053ad5d7ba4d7a4604f50612196af16f1fc3a58b5a3
2023-03-22 20:08:11,False,3.717e-05,1.145e-08,68961630.0,7.90153,0x05...7066,https://bscscan.com/tx/0xdf85cd05ef5448bb0ce98f6e9cfb9d935724d84827d99207f8f8989b504edde9
2023-03-22 20:08:11,False,3.72e-05,1.146e-08,24124.3,0.0027,0x05...7066,https://bscscan.com/tx/0xdf85cd05ef5448bb0ce98f6e9cfb9d935724d84827d99207f8f8989b504edde9
2023-03-22 20:08:08,False,3.721e-05,1.146e-08,8908130.0,1.02167,0xfa...45cf,https://bscscan.com/tx/0xafd532e7642606ef86d8fc853e505023e053dd73a5341c686d12fd7bdcdcfcf6
2023-03-22 20:08:08,False,3.721e-05,1.147e-08,36219.7,0.0041,0xfa...45cf,https://bscscan.com/tx/0xafd532e7642606ef86d8fc853e505023e053dd73a5341c686d12fd7bdcdcfcf6
2023-03-22 20:08:05,False,3.722e-05,1.147e-08,13374457.0,1.53434,0x05...7066,https://bscscan.com/tx/0x5aea80829934978351dc17bbbe1c25d249cecdede1e1c24dd440fd108dff471b
2023-03-22 20:08:05,False,3.722e-05,1.147e-08,364728.0,0.0418,0x05...7066,https://bscscan.com/tx/0x5aea80829934978351dc17bbbe1c25d249cecdede1e1c24dd440fd108dff471b
2023-03-22 20:07:41,False,3.71e-05,1.149e-08,133198628.0,15.309,0xcd...d54e,https://bscscan.com/tx/0x8293d414c892a513691b945258fdaa843f52b4731d12562bd602c96863256b7d
2023-03-22 20:07:41,False,3.716e-05,1.151e-08,64367.7,0.0074,0xcd...d54e,https://bscscan.com/tx/0x8293d414c892a513691b945258fdaa843f52b4731d12562bd602c96863256b7d
2023-03-22 20:07:23,False,3.717e-05,1.151e-08,16146016.0,1.85918,0x20...946b,https://bscscan.com/tx/0x2bf38fd73630a84d4d2c64cd880ca55cd5386a6a79164f397fbf4e3d28fbe732
2023-03-22 20:07:23,False,3.718e-05,1.151e-08,44577.6,0.0051,0x20...946b,https://bscscan.com/tx/0x2bf38fd73630a84d4d2c64cd880ca55cd5386a6a79164f397fbf4e3d28fbe732
2023-03-22 20:07:17,False,3.718e-05,1.151e-08,2706684.0,0.3117,0x6b...683b,https://bscscan.com/tx/0x2bb067afb015b0716e20877e63555a8eec9d0060fe15a92669ae19ba0b33f469
2023-03-22 20:07:17,False,3.718e-05,1.151e-08,175741.0,0.0202,0x6b...683b,https://bscscan.com/tx/0x2bb067afb015b0716e20877e63555a8eec9d0060fe15a92669ae19ba0b33f469
2023-03-22 20:06:50,False,3.741e-05,1.152e-08,64894044.0,7.48056,0x08...ba3f,https://bscscan.com/tx/0x1d93c7d170bf320bf50d093af6b30a00fc74766fbf2d7ac87cffd94ffcbc171f
2023-03-22 20:06:50,False,3.744e-05,1.153e-08,13652.1,0.0015,0x08...ba3f,https://bscscan.com/tx/0x1d93c7d170bf320bf50d093af6b30a00fc74766fbf2d7ac87cffd94ffcbc171f
2023-03-22 20:06:47,False,3.744e-05,1.153e-08,5041171.0,0.5816,0x6b...9f5d,https://bscscan.com/tx/0x5bea59439f90f4502a840e7bdd564791ddc45aeed3d1600382d615cd1b300330
2023-03-22 20:06:47,False,3.744e-05,1.153e-08,235241.0,0.0271,0x6b...9f5d,https://bscscan.com/tx/0x5bea59439f90f4502a840e7bdd564791ddc45aeed3d1600382d615cd1b300330
2023-03-22 20:06:44,True,3.763e-05,1.159e-08,5474692.0,0.6348,0x65...a7ce,https://bscscan.com/tx/0x6cc798dd17d1379b915ab893d514dfd3ba83ffe5c5c577bababa5d14a379c4a9
2023-03-22 20:06:44,False,3.748e-05,1.154e-08,86865041.0,10.0322,0x07...7e84,https://bscscan.com/tx/0xbbb2cc94a8f7496f8c3fe9f89f7dcf8b23f1ee741c6194d2d535ce728373c141
2023-03-22 20:06:44,False,3.752e-05,1.156e-08,13914.7,0.0016,0x07...7e84,https://bscscan.com/tx/0xbbb2cc94a8f7496f8c3fe9f89f7dcf8b23f1ee741c6194d2d535ce728373c141
2023-03-22 20:06:38,False,3.756e-05,1.156e-08,5138124.0,0.5941,0x6b...9f5d,https://bscscan.com/tx/0x61fe24e503ae7fc9da19c02f899c2ac62843847568011a0ef8a4d2386b227446
2023-03-22 20:06:38,False,3.756e-05,1.156e-08,35110.9,0.004,0x6b...9f5d,https://bscscan.com/tx/0x61fe24e503ae7fc9da19c02f899c2ac62843847568011a0ef8a4d2386b227446
2023-03-22 20:06:35,False,3.757e-05,1.156e-08,12965042.0,1.49943,0x05...7066,https://bscscan.com/tx/0xd0456407addabb07ef29acadc2cf6d6745330314389351174ca50f0d7588d07d
2023-03-22 20:06:35,False,3.757e-05,1.156e-08,1505.77,1.741e-05,0x05...7066,https://bscscan.com/tx/0xd0456407addabb07ef29acadc2cf6d6745330314389351174ca50f0d7588d07d
2023-03-22 20:06:32,False,3.757e-05,1.156e-08,556019.0,0.0643,0x95...0327,https://bscscan.com/tx/0x7fcd2c9854bd1f7b9e479749adfeecd32ed0614d8bab95314dbfa0f2b10e4fd9
2023-03-22 20:06:32,False,3.757e-05,1.156e-08,13830.5,0.0016,0x95...0327,https://bscscan.com/tx/0x7fcd2c9854bd1f7b9e479749adfeecd32ed0614d8bab95314dbfa0f2b10e4fd9
2023-03-22 20:06:29,False,3.742e-05,1.156e-08,5107025.0,0.5907,0x6b...9f5d,https://bscscan.com/tx/0x9fc616948a70203844cdc1b9f8d5b0c28c71e3711137ea4f864024972de84da9
2023-03-22 20:06:29,False,3.742e-05,1.156e-08,13559.9,0.0015,0x6b...9f5d,https://bscscan.com/tx/0x9fc616948a70203844cdc1b9f8d5b0c28c71e3711137ea4f864024972de84da9
2023-03-22 20:06:23,False,3.742e-05,1.156e-08,5007104.0,0.5792,0x6b...9f5d,https://bscscan.com/tx/0x9f86a0791d43d879e437164d2a82ccf2a245d5a85d4d317d59f9e4509bf33227
2023-03-22 20:06:23,False,3.742e-05,1.157e-08,37769.3,0.0043,0x6b...9f5d,https://bscscan.com/tx/0x9f86a0791d43d879e437164d2a82ccf2a245d5a85d4d317d59f9e4509bf33227
2023-03-22 20:06:20,False,3.743e-05,1.157e-08,13946681.0,1.61393,0x05...7066,https://bscscan.com/tx/0x56293bf7b81aa587ff8bf05836ddffd955efc1375f2c7ef180b021fbed1a903f
2023-03-22 20:06:20,False,3.744e-05,1.157e-08,13792.2,0.0016,0x05...7066,https://bscscan.com/tx/0x56293bf7b81aa587ff8bf05836ddffd955efc1375f2c7ef180b021fbed1a903f
2023-03-22 20:06:14,False,3.744e-05,1.157e-08,5092881.0,0.5895,0x6b...9f5d,https://bscscan.com/tx/0xb379641e09610d9c251c5eb9fbd256ec2d7486a18d201e5569e450b3bf754e75
2023-03-22 20:06:14,False,3.744e-05,1.157e-08,6798.0,7.869e-05,0x6b...9f5d,https://bscscan.com/tx/0xb379641e09610d9c251c5eb9fbd256ec2d7486a18d201e5569e450b3bf754e75
2023-03-22 20:06:11,False,3.744e-05,1.157e-08,2510226.0,0.2905,0x5c...f948,https://bscscan.com/tx/0xc92ecd87f74e223738d8c3f56b7c01c6bf9135bf0a8feaddfd50719d3ae2950b
2023-03-22 20:06:11,False,3.745e-05,1.157e-08,174753.0,0.0202,0x5c...f948,https://bscscan.com/tx/0xc92ecd87f74e223738d8c3f56b7c01c6bf9135bf0a8feaddfd50719d3ae2950b
2023-03-22 20:05:56,False,3.748e-05,1.158e-08,64529301.0,7.47627,0x1b...270a,https://bscscan.com/tx/0x3c667af9ade31826da29c65dbcd0ede916ff0ec9c4d8d7fdc27d1fb0282cdf61
2023-03-22 20:05:56,False,3.751e-05,1.159e-08,72423.4,0.0084,0x1b...270a,https://bscscan.com/tx/0x3c667af9ade31826da29c65dbcd0ede916ff0ec9c4d8d7fdc27d1fb0282cdf61
2023-03-22 20:05:32,False,3.752e-05,1.159e-08,26743010.0,3.10196,0x05...7066,https://bscscan.com/tx/0x0ddb11f8bfd48c368a546dd8c289cc92b4ed1047de5c7e0a006ea4eb3a8679be
2023-03-22 20:05:32,False,3.754e-05,1.16e-08,6966.54,8.083e-05,0x05...7066,https://bscscan.com/tx/0x0ddb11f8bfd48c368a546dd8c289cc92b4ed1047de5c7e0a006ea4eb3a8679be
2023-03-22 20:05:29,False,3.754e-05,1.16e-08,2572458.0,0.2984,0x58...6823,https://bscscan.com/tx/0x95237d30bf715de09474a2dcae8bdba4169bea9dd1819ebe2650dd3046a4846c
2023-03-22 20:05:29,False,3.754e-05,1.16e-08,53406.5,0.0062,0x58...6823,https://bscscan.com/tx/0x95237d30bf715de09474a2dcae8bdba4169bea9dd1819ebe2650dd3046a4846c
2023-03-22 20:04:59,False,3.761e-05,1.16e-08,19720858.0,2.28893,0x20...946b,https://bscscan.com/tx/0xf34ef395e2b0b59eead27425eb2d33efb9e60b0fcc05924995c65398fbda778b
2023-03-22 20:04:59,False,3.762e-05,1.16e-08,84212.5,0.0097,0x20...946b,https://bscscan.com/tx/0xf34ef395e2b0b59eead27425eb2d33efb9e60b0fcc05924995c65398fbda778b
2023-03-22 20:04:50,False,3.768e-05,1.161e-08,20937000.0,2.43133,0x20...946b,https://bscscan.com/tx/0x0e08a5290c229dea819df462bd60d11deef08c2e5508d7da8aa498f807707eea
2023-03-22 20:04:50,False,3.769e-05,1.161e-08,45031.3,0.0052,0x20...946b,https://bscscan.com/tx/0x0e08a5290c229dea819df462bd60d11deef08c2e5508d7da8aa498f807707eea
2023-03-22 20:04:50,False,3.77e-05,1.161e-08,7655207.0,0.8892,0x05...7066,https://bscscan.com/tx/0x954df3fdd9f71c43d0342e416056c5f3ec45803d8fc40a5657927b2326af59e3
2023-03-22 20:04:50,False,3.77e-05,1.161e-08,21823.9,0.0025,0x05...7066,https://bscscan.com/tx/0x954df3fdd9f71c43d0342e416056c5f3ec45803d8fc40a5657927b2326af59e3
2023-03-22 20:04:35,True,3.809e-05,1.167e-08,1178998.0,0.1376,0x4e...4d15,https://bscscan.com/tx/0xd17d7bba1a0a11668d1e0ddac5be9d0d45555b078fde7448f227cc6bd2bb3977
2023-03-22 20:04:26,False,3.792e-05,1.161e-08,6883229.0,0.7997,0x05...7066,https://bscscan.com/tx/0x05be98f26a0eb591434c86ee64b7a73b3677c5330d88a8b30336e9a1486ef643
2023-03-22 20:04:26,False,3.792e-05,1.161e-08,179518.0,0.0208,0x05...7066,https://bscscan.com/tx/0x05be98f26a0eb591434c86ee64b7a73b3677c5330d88a8b30336e9a1486ef643
2023-03-22 20:04:17,True,3.811e-05,1.167e-08,200000.0,0.0233,0xec...d732,https://bscscan.com/tx/0xdb50885590c1d0702426600f53560e009b97d98ca073fe36071765bbd13bbe21
2023-03-22 20:03:47,False,3.798e-05,1.162e-08,66089437.0,7.68571,0x04...5a59,https://bscscan.com/tx/0xd5b7e0b1cb418144d17fba75d08e8a8ec60f00468413ddd1cdaefe72b8efdf6f
2023-03-22 20:03:47,False,3.801e-05,1.163e-08,71628.2,0.0083,0x04...5a59,https://bscscan.com/tx/0xd5b7e0b1cb418144d17fba75d08e8a8ec60f00468413ddd1cdaefe72b8efdf6f
2023-03-22 20:03:32,False,3.787e-05,1.164e-08,26449387.0,3.07945,0xc0...1f4f,https://bscscan.com/tx/0x5546185ec46f843e14bf1320db4c378787bffee7747875fee6249dead7aae235
2023-03-22 20:03:32,False,3.788e-05,1.164e-08,29353.1,0.0034,0xc0...1f4f,https://bscscan.com/tx/0x5546185ec46f843e14bf1320db4c378787bffee7747875fee6249dead7aae235
2023-03-22 20:03:14,False,3.788e-05,1.164e-08,5093095.0,0.5932,0x6b...9f5d,https://bscscan.com/tx/0xe054aae3cbb8c525d7274c97874a6cad9a02fb0b37ed8e2d5f623ae0b025ea5e
2023-03-22 20:03:14,False,3.789e-05,1.164e-08,284691.0,0.0331,0x6b...9f5d,https://bscscan.com/tx/0xe054aae3cbb8c525d7274c97874a6cad9a02fb0b37ed8e2d5f623ae0b025ea5e
2023-03-22 20:03:05,False,3.793e-05,1.166e-08,99700000.0,11.6279,0x9b...2220,https://bscscan.com/tx/0x235852bd22633fcd73d907875a9a6ed11946ab040694c1a3340b8ed5b71db800
2023-03-22 20:03:05,False,3.798e-05,1.167e-08,13781.9,0.0016,0x9b...2220,https://bscscan.com/tx/0x235852bd22633fcd73d907875a9a6ed11946ab040694c1a3340b8ed5b71db800
2023-03-22 20:03:02,False,3.798e-05,1.167e-08,5089080.0,0.5943,0x6b...9f5d,https://bscscan.com/tx/0xf36e59a27bd9b3c328282e14363767ea35152a9817f77fae2aeb1462223031f8
2023-03-22 20:03:02,False,3.799e-05,1.167e-08,37260.0,0.0043,0x6b...9f5d,https://bscscan.com/tx/0xf36e59a27bd9b3c328282e14363767ea35152a9817f77fae2aeb1462223031f8
2023-03-22 20:02:59,False,3.799e-05,1.168e-08,13758600.0,1.60715,0x20...946b,https://bscscan.com/tx/0x704c27e67b44ff102f73811f5bf9a0f889dfaaebbadcc2db1120fa75cd2cf1fb
2023-03-22 20:02:59,False,3.8e-05,1.168e-08,446368.0,0.0521,0x20...946b,https://bscscan.com/tx/0x704c27e67b44ff102f73811f5bf9a0f889dfaaebbadcc2db1120fa75cd2cf1fb
2023-03-22 20:02:11,True,3.83e-05,1.174e-08,4293225.0,0.504,0xd4...cc47,https://bscscan.com/tx/0x4cbc5ac7ee0e52958cf36f433dee2c6ad994b704533618ffd5d14a3e48dac908
2023-03-22 20:02:05,False,3.817e-05,1.17e-08,144393926.0,16.8988,0xfa...ce4c,https://bscscan.com/tx/0xf958c6994180649b2a4f82871f448c72888311506f0bb90401127bf04e13a11c
2023-03-22 20:02:05,False,3.824e-05,1.172e-08,325931.0,0.0382,0xfa...ce4c,https://bscscan.com/tx/0xf958c6994180649b2a4f82871f448c72888311506f0bb90401127bf04e13a11c
2023-03-22 20:01:53,True,3.843e-05,1.178e-08,467879.0,0.0551,0x8f...7a4c,https://bscscan.com/tx/0x21cf8d1a23df8e2941491103f25c15cacd6967e1a7bd9934e2eb9480cedab2cb
2023-03-22 19:58:23,True,3.847e-05,1.177e-08,25819735.0,3.04144,0xc4...01ac,https://bscscan.com/tx/0x6ff54984d7f77fd36ecb25f01528b987fc0a448b86c4147512b8e2499e840c2f
2023-03-22 19:57:53,False,3.85e-05,1.173e-08,94144203.0,11.0439,0xc6...eb40,https://bscscan.com/tx/0x1e5b03424556a7074a3e196348b363a10c249ad51a180c1348f1cdf6085d34a7
2023-03-22 19:57:53,False,3.854e-05,1.174e-08,17181.5,0.002,0xc6...eb40,https://bscscan.com/tx/0x1e5b03424556a7074a3e196348b363a10c249ad51a180c1348f1cdf6085d34a7
2023-03-22 19:57:02,False,3.856e-05,1.174e-08,6344416.0,0.7452,0xa4...36fb,https://bscscan.com/tx/0xd035b633b19f90d32279fe4d7b3d764d046586dd7f7ed75088fab2e7ba569002
2023-03-22 19:57:02,False,3.856e-05,1.174e-08,2889.71,3.394e-05,0xa4...36fb,https://bscscan.com/tx/0xd035b633b19f90d32279fe4d7b3d764d046586dd7f7ed75088fab2e7ba569002
2023-03-22 19:56:53,True,3.875e-05,1.18e-08,848763.0,0.1002,0x73...eac9,https://bscscan.com/tx/0x56718591ed73fb842df3338c63ca39e98cc2ae205f7361b27795db688ff5b351
2023-03-22 19:55:29,False,3.847e-05,1.174e-08,220835.0,0.0259,0xcb...eb12,https://bscscan.com/tx/0xa00791f2a9d2d39e1a356e56d85f1fca5fb7190bbff598e8592928a579ffb039
2023-03-22 19:55:29,False,3.847e-05,1.174e-08,1296.0,1.522e-05,0xcb...eb12,https://bscscan.com/tx/0xa00791f2a9d2d39e1a356e56d85f1fca5fb7190bbff598e8592928a579ffb039
2023-03-22 19:53:55,False,3.871e-05,1.174e-08,478560.0,0.0562,0x5f...a29b,https://bscscan.com/tx/0x76dfa290067afe82256a0e5c4e78dbae2fe6affa6d938953ef7f3ddbc31e5bec
2023-03-22 19:53:55,False,3.871e-05,1.174e-08,2025.66,2.379e-05,0x5f...a29b,https://bscscan.com/tx/0x76dfa290067afe82256a0e5c4e78dbae2fe6affa6d938953ef7f3ddbc31e5bec
2023-03-22 19:52:43,False,3.851e-05,1.174e-08,747993.0,0.0878,0x43...ea05,https://bscscan.com/tx/0xd4b80a2318ba2f014100578a537767dfc25c21ddeaff175601a052a55ce286ab
2023-03-22 19:52:43,False,3.851e-05,1.174e-08,81394.9,0.0095,0x43...ea05,https://bscscan.com/tx/0xd4b80a2318ba2f014100578a537767dfc25c21ddeaff175601a052a55ce286ab
2023-03-22 19:50:55,True,3.866e-05,1.18e-08,30085289.0,3.55045,0x20...946b,https://bscscan.com/tx/0x6a3b24e5d35907949ce7b530296820c12deb85cfec4baacb6d0c39b42e343eba
2023-03-22 19:50:07,False,3.864e-05,1.173e-08,60776.4,0.0071,0xa0...8031,https://bscscan.com/tx/0x8641256662514607b80d0345c1e20066e171db9a1404ee763ff384d62da81096
2023-03-22 19:50:07,False,3.864e-05,1.173e-08,361695.0,0.0424,0xa0...8031,https://bscscan.com/tx/0x8641256662514607b80d0345c1e20066e171db9a1404ee763ff384d62da81096
2023-03-22 19:49:40,True,3.863e-05,1.179e-08,13902249.0,1.63975,0x20...946b,https://bscscan.com/tx/0x164df259286acf72e26056ed2fd74b7fc1133cd6785b2dd13363f76ee1ee7d00
2023-03-22 19:49:34,True,3.861e-05,1.179e-08,16713331.0,1.97055,0x52...86b0,https://bscscan.com/tx/0x8cca04a3aa940fc9d8c775bc4d908dafc86dcd94f66612c9a7c634618341462f
2023-03-22 19:49:10,True,3.879e-05,1.178e-08,3612559.0,0.4258,0x15...5f78,https://bscscan.com/tx/0x4cced3b2ff2f0986bfbd324856948962bb750de64947806450a5b2e30a36152b
2023-03-22 19:48:14,True,3.877e-05,1.178e-08,30085304.0,3.54472,0x20...946b,https://bscscan.com/tx/0x38d287e184e264a0f0e436f305b6c0d03e4d2d3e156e978cc9aaadec98c561e9
2023-03-22 19:47:51,True,3.871e-05,1.177e-08,68979.9,0.0081,0xee...734d,https://bscscan.com/tx/0x49a35d6c1389eab1f123ab393bb52ef90e24f7b2593bb5dcd592a19ec744127b
2023-03-22 19:47:39,True,3.869e-05,1.177e-08,25887839.0,3.048,0xc1...f4fe,https://bscscan.com/tx/0x1b06eb0d4b85d705283bc2cd5838726347129b5e7a137926de673a9c95d0a5f1
2023-03-22 19:47:09,True,3.866e-05,1.176e-08,18046249.0,2.12356,0x20...946b,https://bscscan.com/tx/0x29ea58c12ae003620999c3d0d5a9d0a62d3a8fb55aec9c5533a320d82c0542e3
2023-03-22 19:47:09,True,3.864e-05,1.176e-08,16808865.0,1.97708,0x52...86b0,https://bscscan.com/tx/0xfc93a17b527f0142f0741669650d37a036a8d1ab6276d8ad9fa8ac39eba99e87
2023-03-22 19:45:56,True,3.851e-05,1.175e-08,15069.1,0.0017,0xee...734d,https://bscscan.com/tx/0xfb94a742930bb4a881342c336154a606a18830df7453e60d47abe1ec4a38df2f
2023-03-22 19:45:47,False,3.832e-05,1.17e-08,1641608.0,0.192,0x54...1dec,https://bscscan.com/tx/0xe7830527591bb4c67e06bc8431dc6644d7591c40d2d9f4e83629ea704b97d9e5
2023-03-22 19:45:47,False,3.832e-05,1.17e-08,628015.0,0.0734,0x54...1dec,https://bscscan.com/tx/0xe7830527591bb4c67e06bc8431dc6644d7591c40d2d9f4e83629ea704b97d9e5
2023-03-22 19:44:44,True,3.847e-05,1.176e-08,204077.0,0.024,0x27...b291,https://bscscan.com/tx/0xa25f372b211ca657e0ab21e7f70b55e3ac86ed4ed71e9b1695e3764c1fc8dfee
2023-03-22 19:42:41,True,3.839e-05,1.173e-08,183258234.0,21.5018,0x89...3b20,https://bscscan.com/tx/0x88c0d94b123ece12e80b451b084b697970d6e927b22cdfbeafaaf88edffc536d
2023-03-22 19:41:41,True,3.823e-05,1.17e-08,260945.0,0.0305,0x97...acf9,https://bscscan.com/tx/0xfc9deb21bd8cb1382ec0a1578495ae28b817e0c83ee23bee1c87d5e52fd6635e
2023-03-22 19:41:38,True,3.823e-05,1.17e-08,2869409.0,0.3358,0x1f...406b,https://bscscan.com/tx/0x0c4f91a4fce6fd76d57d413157cd820720315835256356df324ad174c5ea815e
2023-03-22 19:41:32,True,3.823e-05,1.17e-08,2829300.0,0.3311,0xdd...4cd0,https://bscscan.com/tx/0xcbfec476504e3813de3db32e95a7c52236e7a67fe18df365f36d6ec8f2f52091
2023-03-22 19:41:17,False,3.806e-05,1.165e-08,45867633.0,5.34472,0x02...8d82,https://bscscan.com/tx/0x23ae7519fe4bfaa9db71e6e0a7acfda0bc61cbbdd05df357bcb946c6607095fd
2023-03-22 19:41:17,False,3.808e-05,1.165e-08,8692.26,0.001,0x02...8d82,https://bscscan.com/tx/0x23ae7519fe4bfaa9db71e6e0a7acfda0bc61cbbdd05df357bcb946c6607095fd
2023-03-22 19:40:26,True,3.827e-05,1.171e-08,354501.0,0.0415,0x05...9852,https://bscscan.com/tx/0xae17bf169fdd81a247894075b76b9696890e28e422764f5f54e94d25804d70af
2023-03-22 19:39:53,False,3.808e-05,1.165e-08,2856259.0,0.333,0xa0...3d15,https://bscscan.com/tx/0x3c71f2811719446f595b550fc6cbf8ca4ab20ad684a9467b2f792d150944bab0
2023-03-22 19:39:53,False,3.809e-05,1.165e-08,57646.4,0.0067,0xa0...3d15,https://bscscan.com/tx/0x3c71f2811719446f595b550fc6cbf8ca4ab20ad684a9467b2f792d150944bab0
2023-03-22 19:39:41,True,3.828e-05,1.171e-08,656790.0,0.0769,0x2a...e55a,https://bscscan.com/tx/0x03e11aaf424dd655e5f9425282d9640eecdfaf64122d7fa5adbdd3d76fdbfc4a
2023-03-22 19:39:29,True,3.827e-05,1.171e-08,6248493.0,0.7321,0x73...d8c2,https://bscscan.com/tx/0x9733b64a243b9f58d5a11afd975c13afbebd74c24ea03fd564a059ac0588bae1
2023-03-22 19:39:29,False,3.809e-05,1.166e-08,20631658.0,2.40585,0xa8...8a78,https://bscscan.com/tx/0x24b027d6050f2d102649180a2375d3737649ed482008275c8872377b80846b67
2023-03-22 19:39:29,False,3.81e-05,1.166e-08,250521.0,0.0292,0xa8...8a78,https://bscscan.com/tx/0x24b027d6050f2d102649180a2375d3737649ed482008275c8872377b80846b67
2023-03-22 19:39:08,True,3.809e-05,1.172e-08,6926409.0,0.8118,0x89...3571,https://bscscan.com/tx/0xaed1dc6da86d636f96db27ed0d5d6da0b3f8d9aa898b2bf755f9bdbf46e2c45d
2023-03-22 19:38:32,False,3.791e-05,1.167e-08,92507223.0,10.8008,0x89...3b20,https://bscscan.com/tx/0xe2c71524900e91e55d190bc37884e8cbadf6d705b1e3b209b4f503e0a4dc25a4
2023-03-22 19:38:32,False,3.796e-05,1.168e-08,367739.0,0.0429,0x89...3b20,https://bscscan.com/tx/0xe2c71524900e91e55d190bc37884e8cbadf6d705b1e3b209b4f503e0a4dc25a4
