datetime,buy_order,price_USD,price_native,amount_token,total_native,maker,etherscan_url
2023-03-24 08:56:59,True,3.788e-05,1.159e-08,16798.7,0.0019,0xb7...354c,https://bscscan.com/tx/0xb64996128e6aadbaa015866c25e951e3a6d88d1c4ade3b8460aa5f388d356616
2023-03-24 08:56:11,False,3.751e-05,1.154e-08,419511.0,0.0484,0xdc...271e,https://bscscan.com/tx/0x1f6fa409cedd481af014a106208f639d5d3259024eb49c9573e1e0be56d29b34
2023-03-24 08:56:11,False,3.751e-05,1.154e-08,46354.6,0.0053,0xdc...271e,https://bscscan.com/tx/0x1f6fa409cedd481af014a106208f639d5d3259024eb49c9573e1e0be56d29b34
2023-03-24 08:56:08,True,3.769e-05,1.159e-08,15090078.0,1.75,0x54...51b4,https://bscscan.com/tx/0x9b79eb5b69f5ed268a225e4d25b64a0dc4cc5c33117b5b4b26541271e51ec120
2023-03-24 08:55:14,False,3.749e-05,1.153e-08,2072056.0,0.239,0xef...02db,https://bscscan.com/tx/0xaf708ea8ea0a5593b9240c9383bea4f5802a2cce3567945ceee71bf72a5ce8f6
2023-03-24 08:55:14,False,3.749e-05,1.153e-08,1975.74,2.279e-05,0xef...02db,https://bscscan.com/tx/0xaf708ea8ea0a5593b9240c9383bea4f5802a2cce3567945ceee71bf72a5ce8f6
2023-03-24 08:50:23,True,3.787e-05,1.159e-08,137986.0,0.016,0xbc...8111,https://bscscan.com/tx/0x546c418aafe13fcc99b5d068a46be4d9fd81ebd293ef5aae30b21536752d7261
2023-03-24 08:41:14,True,3.767e-05,1.159e-08,393894.0,0.0456,0xe5...7eed,https://bscscan.com/tx/0x99ae64950ad793ea1b24b1a377636b96383b0014ea10f2bd1599b6f88d6c0860
2023-03-24 08:39:32,False,3.771e-05,1.153e-08,199277.0,0.0229,0x0a...e68b,https://bscscan.com/tx/0xe7cd425f6275983f10e971a963b534e0731540cf036eb63f84c4e87dadf182eb
2023-03-24 08:39:32,False,3.771e-05,1.153e-08,381995.0,0.044,0x0a...e68b,https://bscscan.com/tx/0xe7cd425f6275983f10e971a963b534e0731540cf036eb63f84c4e87dadf182eb
2023-03-24 08:38:53,True,3.771e-05,1.159e-08,2667630.0,0.3093,0x95...1e02,https://bscscan.com/tx/0x6b400b09baa291fc5f7e4f02c4d26a2c6c2abd20f3c9f29fd368676be48c1c7c
2023-03-24 08:38:23,True,3.767e-05,1.158e-08,76228651.0,8.83,0x04...5622,https://bscscan.com/tx/0xf1415a9dda95dd6c508559128e4d37edd14264a2e6cee5013ec7fa1c7e6532b4
2023-03-24 08:34:17,True,3.783e-05,1.157e-08,14862558.0,1.71965,0x31...400d,https://bscscan.com/tx/0x1d364cc2b87f044399af4cfc71d91dc391b8164593ff59c49ec4b444d930c482
2023-03-24 08:32:14,True,3.782e-05,1.156e-08,793063.0,0.0917,0x95...1e02,https://bscscan.com/tx/0xbe76264fa732c278e6c81b197565e297a6957fe6652d068f6e57742fba7948f3
2023-03-24 08:31:50,True,3.782e-05,1.156e-08,327838.0,0.0379,0x44...7580,https://bscscan.com/tx/0x2773f5e9f5f4dd3e588fd78ffceebb0e03440dd7aee01bbb4920d858e8e37d04
2023-03-24 08:31:35,False,3.747e-05,1.151e-08,44865006.0,5.16691,0x46...65b4,https://bscscan.com/tx/0x2f0e7623ba7d3f1d99d16138769123da46bd8aba27d05045022ffc2581082f9b
2023-03-24 08:31:35,False,3.749e-05,1.152e-08,15039.7,0.0017,0x46...65b4,https://bscscan.com/tx/0x2f0e7623ba7d3f1d99d16138769123da46bd8aba27d05045022ffc2581082f9b
2023-03-24 08:31:17,True,3.786e-05,1.158e-08,17570.2,0.002,0x0d...2de7,https://bscscan.com/tx/0x0d1e4586787ba87b4ef06d1e4796e46b61eae756648584c97eca98328706e62a
2023-03-24 08:30:23,True,3.786e-05,1.158e-08,25947.6,0.003,0x0d...2de7,https://bscscan.com/tx/0x8dc6cccb151e876f535659bddad7d1ea832f9bcbd0514f7d2309bd4131cbf788
2023-03-24 08:29:02,False,3.768e-05,1.152e-08,5510167.0,0.6349,0x09...90b9,https://bscscan.com/tx/0xc0210be54e43a8a9cfeb2c3b73b6c402d967f36ec9737ac3d29d799d39a92715
2023-03-24 08:29:02,False,3.768e-05,1.152e-08,42834.2,0.0049,0x09...90b9,https://bscscan.com/tx/0xc0210be54e43a8a9cfeb2c3b73b6c402d967f36ec9737ac3d29d799d39a92715
2023-03-24 08:28:02,True,3.786e-05,1.158e-08,4103860.0,0.4753,0x1c...ee15,https://bscscan.com/tx/0x593dd5d9d5b8c87b2aa7b986288aa62d59487e3d17bf8681a870abc5f6376358
2023-03-24 08:27:44,True,3.786e-05,1.158e-08,303343.0,0.0351,0x02...7d85,https://bscscan.com/tx/0x9d955b4d85aafc0d5b20698e8045fd8932b5f066b40e241d11552af6ee6c2d22
2023-03-24 08:25:29,True,3.768e-05,1.158e-08,906653.0,0.105,0x92...ee32,https://bscscan.com/tx/0x23b2ef5f80066138df5d748ca7f143b62ff9e9ae9cd2e64b6e0a1fc9586e7d1b
2023-03-24 08:24:05,True,3.786e-05,1.158e-08,2000000.0,0.2316,0x95...1e02,https://bscscan.com/tx/0xe6c26be1a37bd2f066aea4f0d8a5fd06d633ecf1f9a0bd1a367b2d25dd832543
2023-03-24 08:21:44,True,3.769e-05,1.157e-08,3367919.0,0.39,0x04...6ad0,https://bscscan.com/tx/0xfdf7e4ab92847e32649e5e3351bb86e36c76d07aade5c26abd317551d4a7cc7c
2023-03-24 08:21:44,False,3.75e-05,1.152e-08,5167181.0,0.5953,0x54...3b45,https://bscscan.com/tx/0x2b77254760fa10bf834f5776a16062440c6bf40d819c57d558f35f666258b969
2023-03-24 08:21:44,False,3.75e-05,1.152e-08,33050.5,0.0038,0x54...3b45,https://bscscan.com/tx/0x2b77254760fa10bf834f5776a16062440c6bf40d819c57d558f35f666258b969
2023-03-24 08:19:47,False,3.77e-05,1.152e-08,12204207.0,1.40651,0x31...400d,https://bscscan.com/tx/0x4e9d10552c4f96968413445dbf5102bc7ba124eee3b8183151bbf80c980063ea
2023-03-24 08:19:47,False,3.77e-05,1.152e-08,810.0,9.336e-06,0x31...400d,https://bscscan.com/tx/0x4e9d10552c4f96968413445dbf5102bc7ba124eee3b8183151bbf80c980063ea
2023-03-24 08:18:29,False,3.767e-05,1.152e-08,299100.0,0.0344,0x1d...45a7,https://bscscan.com/tx/0xa1c21737f0ef59fae5fb7cfdbb979fad70687c4c075687a3b4db5b11c94dd234
2023-03-24 08:18:29,False,3.767e-05,1.152e-08,3092.23,3.564e-05,0x1d...45a7,https://bscscan.com/tx/0xa1c21737f0ef59fae5fb7cfdbb979fad70687c4c075687a3b4db5b11c94dd234
2023-03-24 08:17:20,True,3.786e-05,1.158e-08,581364.0,0.0673,0xb4...f612,https://bscscan.com/tx/0x34c2e69e66ae541ef92648ab6a8c9642565c1f3168fb1d2c8fdca74df0b1deb2
2023-03-24 08:12:41,False,3.766e-05,1.152e-08,562215.0,0.0648,0x54...2b70,https://bscscan.com/tx/0x87360b964d696e19179c9cd73bdc8674aeb791c0760005159163eee4b54bb20d
2023-03-24 08:12:41,False,3.766e-05,1.152e-08,1387.64,1.599e-05,0x54...2b70,https://bscscan.com/tx/0x87360b964d696e19179c9cd73bdc8674aeb791c0760005159163eee4b54bb20d
2023-03-24 08:12:35,False,3.766e-05,1.152e-08,512398.0,0.059,0xaa...43a1,https://bscscan.com/tx/0x1e24ce8fd263a148fc9fb03383d07d08693001e2560b7e477a09ea797ad1b6fc
2023-03-24 08:12:35,False,3.766e-05,1.152e-08,577.719,6.659e-06,0xaa...43a1,https://bscscan.com/tx/0x1e24ce8fd263a148fc9fb03383d07d08693001e2560b7e477a09ea797ad1b6fc
2023-03-24 08:09:47,False,3.746e-05,1.152e-08,213328.0,0.0245,0x3a...1e94,https://bscscan.com/tx/0x0c8acc54a2771af26639e33d23ac8b2e391fe6f048f21caa18dc068912952122
2023-03-24 08:09:47,False,3.746e-05,1.152e-08,84985.4,0.0098,0x3a...1e94,https://bscscan.com/tx/0x0c8acc54a2771af26639e33d23ac8b2e391fe6f048f21caa18dc068912952122
2023-03-24 08:09:20,True,3.783e-05,1.158e-08,7751816.0,0.8979,0x6f...2957,https://bscscan.com/tx/0x61809044948b5ac387c226713f8ef6120f5094f19e1114612e1ff1793c8ab39d
2023-03-24 08:08:47,True,3.764e-05,1.158e-08,2532539.0,0.2933,0x1a...bd5a,https://bscscan.com/tx/0x1888c698a4fca75937da6961c8e6b18a05eb0799ac3962ae7c9b06acc46c2d57
2023-03-24 08:07:08,True,3.764e-05,1.158e-08,4490080.0,0.52,0x04...6ad0,https://bscscan.com/tx/0x37da8189c19655b2331546ba88153dcdfc40e2aff73687ec5397c00c23f6afe6
2023-03-24 08:06:17,True,3.763e-05,1.158e-08,954045.0,0.1104,0x52...ce18,https://bscscan.com/tx/0x4c92f691a816cc4d96e829b14c6c93c223da1e270c6c9523be76fd906e2257b0
2023-03-24 08:05:56,True,3.782e-05,1.157e-08,10705570.0,1.23955,0x96...dc54,https://bscscan.com/tx/0x11016a3dd3681b59d05d730a0efd04dbd5d56feced06212c1f0911e7bad76bbb
2023-03-24 08:02:44,True,3.783e-05,1.157e-08,214110.0,0.0247,0x41...d39e,https://bscscan.com/tx/0x31545ea4ab39be6c616edca17b1e325fc376a0164d04d7dc52a18d8dcd43a584
2023-03-24 08:02:41,False,3.765e-05,1.151e-08,4813427.0,0.5545,0xb0...dd6e,https://bscscan.com/tx/0xd4dcd5f12032b9bd8860875d5087b07c0dadb3317cbab2bba9648a83c3885d6c
2023-03-24 08:02:41,False,3.765e-05,1.152e-08,10577.0,0.0012,0xb0...dd6e,https://bscscan.com/tx/0xd4dcd5f12032b9bd8860875d5087b07c0dadb3317cbab2bba9648a83c3885d6c
2023-03-24 08:01:02,False,3.746e-05,1.152e-08,3905660.0,0.4499,0x78...6599,https://bscscan.com/tx/0xd8ab316f51d04c9487e43b5dfdd4b6c9f89609dbc7122db4ed1b4ede0e726e0a
2023-03-24 08:01:02,False,3.746e-05,1.152e-08,1082.22,1.246e-05,0x78...6599,https://bscscan.com/tx/0xd8ab316f51d04c9487e43b5dfdd4b6c9f89609dbc7122db4ed1b4ede0e726e0a
2023-03-24 07:58:47,False,3.766e-05,1.152e-08,399619.0,0.046,0x82...c203,https://bscscan.com/tx/0x196e1dae1552386acfb881f9ddf7a7779f2240a6f00400b2a9ff22b492f604df
2023-03-24 07:58:47,False,3.766e-05,1.152e-08,387753.0,0.0446,0x82...c203,https://bscscan.com/tx/0x196e1dae1552386acfb881f9ddf7a7779f2240a6f00400b2a9ff22b492f604df
2023-03-24 07:57:14,True,3.779e-05,1.155e-08,142745727.0,16.5,0x5a...dc67,https://bscscan.com/tx/0x88828ba45609cc37563ace861ca31d9708a20ca5c2e0c416efce8221f9e5f2ca
2023-03-24 07:57:05,False,3.735e-05,1.148e-08,863964.0,0.0991,0x43...0b77,https://bscscan.com/tx/0x34ef023af06ed187ad6959df0822a65a04ace1a9a8c755b020b5ec3d332472bf
2023-03-24 07:57:05,False,3.735e-05,1.148e-08,5018.34,5.761e-05,0x43...0b77,https://bscscan.com/tx/0x34ef023af06ed187ad6959df0822a65a04ace1a9a8c755b020b5ec3d332472bf
2023-03-24 07:55:59,True,3.772e-05,1.153e-08,523644.0,0.0604,0x79...a009,https://bscscan.com/tx/0x7a5ea5bbd25c43e844fb53ba124c3e85885034631667b0ebbaa1e8d197dc9e43
2023-03-24 07:55:32,True,3.753e-05,1.153e-08,338001.0,0.039,0x49...6752,https://bscscan.com/tx/0x5cdb92b8e18ed048d6b699a413787e81849d18d8e4b1296bcc2522fa8a7f2796
2023-03-24 07:54:35,False,3.753e-05,1.148e-08,994009.0,0.1141,0xbe...36f4,https://bscscan.com/tx/0xbad334abdc13536f5c01745d9d882935e3b8c8421f4964d3483333dff73fd1f8
2023-03-24 07:54:35,False,3.753e-05,1.148e-08,19339.6,0.0022,0xbe...36f4,https://bscscan.com/tx/0xbad334abdc13536f5c01745d9d882935e3b8c8421f4964d3483333dff73fd1f8
2023-03-24 07:51:35,True,3.771e-05,1.153e-08,1927069.0,0.2223,0xbc...c423,https://bscscan.com/tx/0xcd7c491302ac671e3e68606380e00ddafe1af71d035750d9d7f3b2db6328781d
2023-03-24 07:51:17,True,3.752e-05,1.153e-08,910038.0,0.105,0x41...3bda,https://bscscan.com/tx/0x64f9c17a3fee96edb733e3f3ac413c0a12afb998e14ca4c87b313d4c9cf2d7a4
2023-03-24 07:47:35,True,3.771e-05,1.153e-08,1325699.0,0.1529,0xdd...4f50,https://bscscan.com/tx/0xd14fa22044e01ef8646d8b02b8b38ca7dad0470c577972f244462d8f32b7817f
2023-03-24 07:44:41,False,3.736e-05,1.148e-08,2991000.0,0.3433,0xa3...dfbf,https://bscscan.com/tx/0x4ea6084d6747ba0554dc7360fe44da3deb3c50df6ab3f69470e5d6b0a1c7e5da
2023-03-24 07:44:41,False,3.736e-05,1.148e-08,413.884,4.751e-06,0xa3...dfbf,https://bscscan.com/tx/0x4ea6084d6747ba0554dc7360fe44da3deb3c50df6ab3f69470e5d6b0a1c7e5da
2023-03-24 07:43:56,False,3.736e-05,1.148e-08,152831.0,0.0175,0x52...20d7,https://bscscan.com/tx/0xc7ae3be31dc7396a46b1d8040d8c7f867e75a1d7f0b6d38369f91b0f7f196cbc
2023-03-24 07:43:56,False,3.736e-05,1.148e-08,226458.0,0.026,0x52...20d7,https://bscscan.com/tx/0xc7ae3be31dc7396a46b1d8040d8c7f867e75a1d7f0b6d38369f91b0f7f196cbc
2023-03-24 07:43:29,False,3.759e-05,1.149e-08,83621875.0,9.61053,0x64...108a,https://bscscan.com/tx/0xa8a33cd36633c243917cfa6bfd2eb5fc88171f8a3a2f4e54cf787ad5c93f61ec
2023-03-24 07:43:29,False,3.763e-05,1.15e-08,12074.1,0.0013,0x64...108a,https://bscscan.com/tx/0xa8a33cd36633c243917cfa6bfd2eb5fc88171f8a3a2f4e54cf787ad5c93f61ec
2023-03-24 07:36:53,True,3.761e-05,1.156e-08,3892053.0,0.45,0x04...6ad0,https://bscscan.com/tx/0x323626ba72cb953058d397d61bd0cdfacb2bc061433a1e0a76d7724ddd8bcdb6
2023-03-24 07:36:41,True,3.761e-05,1.156e-08,239827.0,0.0277,0xbd...b4f3,https://bscscan.com/tx/0x204c9a0f60c005e3b926d18b3698eeef93e8542f3a792371855592ff601a7de8
2023-03-24 07:35:13,False,3.742e-05,1.15e-08,338980.0,0.039,0x2c...368d,https://bscscan.com/tx/0x31fb0de33ad0f376ddc731467f1282151109920001c179995c1d2efe3ed4d21c
2023-03-24 07:35:13,False,3.742e-05,1.15e-08,40059.3,0.0046,0x2c...368d,https://bscscan.com/tx/0x31fb0de33ad0f376ddc731467f1282151109920001c179995c1d2efe3ed4d21c
2023-03-24 07:35:05,True,3.76e-05,1.155e-08,13265819.0,1.53347,0xdc...49ce,https://bscscan.com/tx/0x388ddb72ef5f1cf8c9e1567b3deeefe71bbffe88e00b7ab147c223ebc57219e8
2023-03-24 07:33:20,False,3.742e-05,1.15e-08,1566246.0,0.1801,0x0c...be0e,https://bscscan.com/tx/0xaa8eccd24b5b64cfa7a215ba2a7e70947cf6732f304c734e7b6c8957e3d8c40b
2023-03-24 07:33:20,False,3.742e-05,1.15e-08,5672.65,6.523e-05,0x0c...be0e,https://bscscan.com/tx/0xaa8eccd24b5b64cfa7a215ba2a7e70947cf6732f304c734e7b6c8957e3d8c40b
2023-03-24 07:31:26,False,3.743e-05,1.15e-08,2094678.0,0.2409,0x8a...5304,https://bscscan.com/tx/0xf39c28aac1e3f5b59d42285e039304e15fbbf1ffd83c44f3418e0df46b63fe63
2023-03-24 07:31:26,False,3.743e-05,1.15e-08,2240.11,2.576e-05,0x8a...5304,https://bscscan.com/tx/0xf39c28aac1e3f5b59d42285e039304e15fbbf1ffd83c44f3418e0df46b63fe63
2023-03-24 07:29:11,True,3.775e-05,1.155e-08,529670.0,0.0612,0x95...b391,https://bscscan.com/tx/0x2a6f6d5545f24bf3cd03fdf9965cdcbd08324bac3e28df89b134a4ea5f742521
2023-03-24 07:27:59,False,3.738e-05,1.15e-08,299100.0,0.0344,0xdb...b1b3,https://bscscan.com/tx/0x1a7b88d4ad6605bb1ae9db204af8bd0ac025248261f3c84d788c59b0800e9d68
2023-03-24 07:27:59,False,3.738e-05,1.15e-08,9833.64,0.0011,0xdb...b1b3,https://bscscan.com/tx/0x1a7b88d4ad6605bb1ae9db204af8bd0ac025248261f3c84d788c59b0800e9d68
2023-03-24 07:27:41,True,3.775e-05,1.155e-08,250000.0,0.0289,0x5f...3e40,https://bscscan.com/tx/0xf1fb2cecda5475e14b4c96751014eba119a07202d92c3e05dc2f54a3b3b83e04
2023-03-24 07:26:20,True,3.756e-05,1.155e-08,2595559.0,0.3,0x04...6ad0,https://bscscan.com/tx/0xaf6db307911c93d17f02932e502e7c3708a13c1f208b1e5a4d9e2f0acffbd5ef
2023-03-24 07:24:59,True,3.775e-05,1.155e-08,259565.0,0.03,0x1b...e6cb,https://bscscan.com/tx/0x131429e72c24cefde3f2d0dc21a9bd7a4720ccb4563a61ff69d4ac1b1b145591
2023-03-24 07:24:47,False,3.738e-05,1.15e-08,535354.0,0.0615,0x78...4300,https://bscscan.com/tx/0x528c3f6bbbdbc2001dbd48ebc654ee95df4fcab2b0bc9ccc96f9475e10d560bb
2023-03-24 07:24:47,False,3.738e-05,1.15e-08,19196.6,0.0022,0x78...4300,https://bscscan.com/tx/0x528c3f6bbbdbc2001dbd48ebc654ee95df4fcab2b0bc9ccc96f9475e10d560bb
2023-03-24 07:22:56,True,3.756e-05,1.155e-08,720789.0,0.0833,0x8b...5810,https://bscscan.com/tx/0x194a9a7eae5567bad2428fa221b8e20ad7b5301e66af8d3467d07cc5ee9c1213
2023-03-24 07:20:26,True,3.775e-05,1.155e-08,3350940.0,0.3872,0x56...13dd,https://bscscan.com/tx/0x0e6f13098bec98b38366ff38c8c67e900254381a671bcb253e2dda14e96aaa86
2023-03-24 07:17:05,False,3.755e-05,1.149e-08,3029026.0,0.3483,0xa3...dfbf,https://bscscan.com/tx/0x7f896f59f48370917506ac9b99802ef98779f06f3d14890f1d3c53032b13f69d
2023-03-24 07:17:05,False,3.755e-05,1.149e-08,12770.5,0.0014,0xa3...dfbf,https://bscscan.com/tx/0x7f896f59f48370917506ac9b99802ef98779f06f3d14890f1d3c53032b13f69d
2023-03-24 07:11:15,True,3.773e-05,1.155e-08,4400000.0,0.5085,0x53...435b,https://bscscan.com/tx/0x6a88b0ffee863f868cf3370a10ba3415f5a4bf8f0b7cfa56429e10fa37143d60
2023-03-24 07:04:06,False,3.747e-05,1.149e-08,328815.0,0.0378,0xaa...53c6,https://bscscan.com/tx/0xec58b01b6a4b4075e50b80e0b1e4a8a3988c2473dab18ddd6825a14afad61325
2023-03-24 07:04:06,False,3.747e-05,1.149e-08,58915.2,0.0067,0xaa...53c6,https://bscscan.com/tx/0xec58b01b6a4b4075e50b80e0b1e4a8a3988c2473dab18ddd6825a14afad61325
2023-03-24 07:02:15,True,3.766e-05,1.155e-08,430000.0,0.0496,0x31...3a67,https://bscscan.com/tx/0xc96ab028f4609348b4bbfe8bdadc613b893081a399cdaf9e9c7c6dd5fe087799
2023-03-24 06:54:21,True,3.768e-05,1.155e-08,6902447.0,0.7976,0x86...c1fb,https://bscscan.com/tx/0x3cb53ee3673ef65afd9fa466811dd80e37cfce971fd7edc300e7c501354a924f
2023-03-24 06:52:42,True,3.789e-05,1.156e-08,257243.0,0.0297,0x5e...7b4d,https://bscscan.com/tx/0xa7d948bc41859078c6df3e8cf8ed54a6426cbcf8c006cbed13efc38860d06928
2023-03-24 06:49:12,True,3.768e-05,1.155e-08,2732428.0,0.3157,0xcf...d44b,https://bscscan.com/tx/0xc9bbd736be43f66b76d335c4920d22e09252de9ef1f55897ccfdfd668871d675
2023-03-24 06:47:39,True,3.768e-05,1.155e-08,935244.0,0.108,0xcf...d44b,https://bscscan.com/tx/0x6e88a2061ba1d71458601cca091011d2ee35e3186c99d51f94d3b60ed68320ce
2023-03-24 06:47:33,True,3.768e-05,1.155e-08,5292702.0,0.6114,0xdc...49ce,https://bscscan.com/tx/0x2780abdc9645bafdb2578e96f3fd1c62f02cf0bec7d2cadf25231758373fc86e
2023-03-24 06:46:51,True,3.768e-05,1.155e-08,786864.0,0.0908,0x45...e039,https://bscscan.com/tx/0xeca2661cd62a8f300496c5dc34845336b3abe582933cb98023b212d33100d8b4
2023-03-24 06:46:39,True,3.767e-05,1.155e-08,1250579.0,0.1444,0x54...097c,https://bscscan.com/tx/0x3b96421046846898d5b746937c2ed50746d7958d370e28490c4a33b469a587cb
2023-03-24 06:46:27,False,3.749e-05,1.149e-08,1500499.0,0.1724,0x57...224e,https://bscscan.com/tx/0x142f4fab34f9958722b9a8f2a6f931ed2aaff488d0c71b8c005dc26ec79c22b8
2023-03-24 06:46:27,False,3.749e-05,1.149e-08,775610.0,0.0891,0x57...224e,https://bscscan.com/tx/0x142f4fab34f9958722b9a8f2a6f931ed2aaff488d0c71b8c005dc26ec79c22b8
2023-03-24 06:38:10,True,3.787e-05,1.155e-08,1644810.0,0.19,0xcf...d44b,https://bscscan.com/tx/0x0ab35e5034c4fa809a4b89715888d1ea684d8f01aee84bd1ffa158ea63c828b2
2023-03-24 06:36:37,True,3.764e-05,1.153e-08,100300903.0,11.5714,0x9b...2220,https://bscscan.com/tx/0xc14990bd10c0f036cc384f0a177678a3b1239241162926fefc65918e0b034f5c
2023-03-24 06:36:34,True,3.757e-05,1.151e-08,30085505.0,3.46523,0x20...946b,https://bscscan.com/tx/0x0d5a9f64b16414c495d8ef1b7304bb85793fbdc39a4793fa47de33274e837566
2023-03-24 06:35:46,True,3.756e-05,1.151e-08,5023583.0,0.5783,0x6b...9f5d,https://bscscan.com/tx/0x4bd00d1449875bd08436ff14f26851ee0e0441386b1a36fe88c37a3b5d60803a
2023-03-24 06:35:37,True,3.775e-05,1.151e-08,5136390.0,0.5912,0x6b...9f5d,https://bscscan.com/tx/0x8893fbad2bc90b33556047e7601f0919cb072871e01dfe35612351147d321482
2023-03-24 06:34:18,True,3.755e-05,1.15e-08,5016681.0,0.5774,0x6b...9f5d,https://bscscan.com/tx/0x843043f942967b336463cb9c5e0dcbf5a98f4b73b33535669e444008c62b7bd9
2023-03-24 06:34:09,True,3.773e-05,1.15e-08,5137945.0,0.5913,0x6b...9f5d,https://bscscan.com/tx/0x3aa4bfee1efc12c1a2131dcb66de8cced22bca630ea38f12e0065afca3fd2c98
2023-03-24 06:33:59,True,3.773e-05,1.15e-08,5043047.0,0.5803,0x6b...9f5d,https://bscscan.com/tx/0x76c6fe31f35ce142f16d1e66ecfca47ff800f1588667f213cc8045b5a9de39d3
2023-03-24 06:33:49,True,3.772e-05,1.15e-08,5165715.0,0.5943,0x6b...9f5d,https://bscscan.com/tx/0x84b67d013172aec69a12880e03631e13ad7e692508b523b54d5e0b6472d94c62
2023-03-24 06:33:40,True,3.772e-05,1.15e-08,5112953.0,0.5882,0x6b...9f5d,https://bscscan.com/tx/0x5f825a8ec4134389e46b7e7bee1080ed9b8434b3509f59e9f97f4845a13006ab
2023-03-24 06:32:44,True,3.771e-05,1.15e-08,5028274.0,0.5783,0x6b...9f5d,https://bscscan.com/tx/0xdfcd4506ba7b54fc4460b612b80af4bc1c03ee0a53bb736b1600231f8e935d67
2023-03-24 06:27:02,False,3.738e-05,1.146e-08,109109352.0,12.504,0x27...21be,https://bscscan.com/tx/0x14df50b16088721a0e0325c49879f8e88983e60b9a35f476eb32aef32b58dcad
2023-03-24 06:27:02,False,3.743e-05,1.147e-08,3961.08,4.545e-05,0x27...21be,https://bscscan.com/tx/0x14df50b16088721a0e0325c49879f8e88983e60b9a35f476eb32aef32b58dcad
2023-03-24 06:25:23,True,3.762e-05,1.153e-08,1249392.0,0.144,0xdc...c6dd,https://bscscan.com/tx/0xef2ad5ef5ca003724686f622336b658832a73c18b40ca137a135db1bce97cfcd
2023-03-24 06:23:11,False,3.741e-05,1.147e-08,217023.0,0.0249,0x8b...7bdb,https://bscscan.com/tx/0x9bba3de41860ae2152aee31ee0e2972b4e65cb7a9dd49c8de84731d031b15392
2023-03-24 06:23:11,False,3.741e-05,1.147e-08,2830.2,3.247e-05,0x8b...7bdb,https://bscscan.com/tx/0x9bba3de41860ae2152aee31ee0e2972b4e65cb7a9dd49c8de84731d031b15392
2023-03-24 06:22:35,True,3.762e-05,1.153e-08,48223.5,0.0055,0x99...11e1,https://bscscan.com/tx/0x40ab93520d1223430a9a6e2748573d280fd8f38a45f42fa09c4e2be004dd3275
2023-03-24 06:22:14,False,3.762e-05,1.147e-08,997000.0,0.1144,0xbd...bcd8,https://bscscan.com/tx/0x229f585638be16f86ff2c3cba30f9bc024871836a2aac38c0ba725c33d5d314b
2023-03-24 06:22:14,False,3.762e-05,1.147e-08,540.0,6.196e-06,0xbd...bcd8,https://bscscan.com/tx/0x229f585638be16f86ff2c3cba30f9bc024871836a2aac38c0ba725c33d5d314b
2023-03-24 06:14:41,False,3.762e-05,1.147e-08,199400.0,0.0228,0x31...50a1,https://bscscan.com/tx/0x7995357d56c2daf56139d76b4b28cee5c2e317f41dc95192604fff41add194e7
2023-03-24 06:14:41,False,3.762e-05,1.147e-08,3118.53,3.578e-05,0x31...50a1,https://bscscan.com/tx/0x7995357d56c2daf56139d76b4b28cee5c2e317f41dc95192604fff41add194e7
2023-03-24 06:08:35,False,3.743e-05,1.147e-08,1106564.0,0.1269,0xfb...7746,https://bscscan.com/tx/0x7be7a03250f32b439a9cef40ca32d0c62843e1468aeedabd3436089ec3f639cd
2023-03-24 06:08:35,False,3.743e-05,1.147e-08,8702.38,9.986e-05,0xfb...7746,https://bscscan.com/tx/0x7be7a03250f32b439a9cef40ca32d0c62843e1468aeedabd3436089ec3f639cd
2023-03-24 06:08:32,True,3.762e-05,1.153e-08,326170.0,0.0376,0x3b...7a99,https://bscscan.com/tx/0xafc59a31b596cabf9d9a3f704d8f8fbb9b66cbae971eda73f66f70f7b3e0f967
2023-03-24 06:08:14,True,3.783e-05,1.153e-08,2448284.0,0.2825,0xfe...b6f1,https://bscscan.com/tx/0xe449d0325d1620730e257147142aed86c8f717ed7e28446e439ccdb7d293dbf5
2023-03-24 06:07:32,False,3.762e-05,1.147e-08,447304.0,0.0513,0x87...6149,https://bscscan.com/tx/0x1fc3846684bae50cc566a83fbdcae9a5a7b2240dae37d61ded4e69d795ba36e1
2023-03-24 06:07:32,False,3.762e-05,1.147e-08,82554.5,0.0094,0x87...6149,https://bscscan.com/tx/0x1fc3846684bae50cc566a83fbdcae9a5a7b2240dae37d61ded4e69d795ba36e1
2023-03-24 06:07:02,False,3.745e-05,1.147e-08,30484007.0,3.49949,0xe9...15ac,https://bscscan.com/tx/0x00894138d1ddac95e93789f14e94323e008ff4cb18aeb97e4d16a17464aa8e69
2023-03-24 06:07:02,False,3.746e-05,1.148e-08,24693.3,0.0028,0xe9...15ac,https://bscscan.com/tx/0x00894138d1ddac95e93789f14e94323e008ff4cb18aeb97e4d16a17464aa8e69
2023-03-24 05:59:17,False,3.747e-05,1.148e-08,6631199.0,0.7616,0x05...7066,https://bscscan.com/tx/0xcdda7e62a0c2f0a161e490d86313d9c8f17eabf1daf5af50f7c6e875cecf30d1
2023-03-24 05:59:17,False,3.747e-05,1.148e-08,17461.1,0.002,0x05...7066,https://bscscan.com/tx/0xcdda7e62a0c2f0a161e490d86313d9c8f17eabf1daf5af50f7c6e875cecf30d1
2023-03-24 05:57:35,False,3.768e-05,1.148e-08,6447659.0,0.7406,0x05...7066,https://bscscan.com/tx/0x956cca809f8606578cffc9ef900b7a1e71830990f0827ff812d499175cbb3b55
2023-03-24 05:57:35,False,3.769e-05,1.148e-08,16446.7,0.0018,0x05...7066,https://bscscan.com/tx/0x956cca809f8606578cffc9ef900b7a1e71830990f0827ff812d499175cbb3b55
2023-03-24 05:57:02,False,3.75e-05,1.148e-08,6073098.0,0.6977,0x05...7066,https://bscscan.com/tx/0xd37d48c3c84408c811e5035842a6cf3f6a5d3d939e101a99ffae6d6dd1652023
2023-03-24 05:57:02,False,3.751e-05,1.148e-08,28422.0,0.0032,0x05...7066,https://bscscan.com/tx/0xd37d48c3c84408c811e5035842a6cf3f6a5d3d939e101a99ffae6d6dd1652023
2023-03-24 05:56:32,True,3.769e-05,1.154e-08,526660.0,0.0608,0xda...d76e,https://bscscan.com/tx/0x9a2941c3cebd8b6f4d0d84a5666d5a8a0c44b8d60f5a5106154b9e7ea6ec9fe5
2023-03-24 05:55:26,False,3.77e-05,1.149e-08,9970000.0,1.14564,0x21...42cb,https://bscscan.com/tx/0xc2b232369163b098cd79139c0646b0bc5ede2cfb1020e633a77226bdf5882bdf
2023-03-24 05:55:26,False,3.77e-05,1.149e-08,5400.0,6.205e-05,0x21...42cb,https://bscscan.com/tx/0xc2b232369163b098cd79139c0646b0bc5ede2cfb1020e633a77226bdf5882bdf
2023-03-24 05:54:14,False,3.769e-05,1.149e-08,1994000.0,0.2291,0x5a...48c9,https://bscscan.com/tx/0xacd0a82fed77858f8b6765d709b731c563cbc7c66ea69cee5b7e12f3bde2ea8b
2023-03-24 05:54:14,False,3.769e-05,1.149e-08,16460.2,0.0018,0x5a...48c9,https://bscscan.com/tx/0xacd0a82fed77858f8b6765d709b731c563cbc7c66ea69cee5b7e12f3bde2ea8b
2023-03-24 05:47:02,True,3.769e-05,1.155e-08,2708411.0,0.3128,0x1c...2f1d,https://bscscan.com/tx/0xa11bd84942125cd9bfce3951d7f97cf8375a3ec1c19b579034cfa9cd39d626bd
2023-03-24 05:46:14,False,3.769e-05,1.149e-08,3111637.0,0.3576,0xec...c32e,https://bscscan.com/tx/0xd06f29d79d97d1245ccc10234b7abe08da78b0b22c4d6b38e555347ed3608659
2023-03-24 05:46:14,False,3.769e-05,1.149e-08,27565.3,0.0031,0xec...c32e,https://bscscan.com/tx/0xd06f29d79d97d1245ccc10234b7abe08da78b0b22c4d6b38e555347ed3608659
2023-03-24 05:45:47,False,3.751e-05,1.149e-08,10178742.0,1.17,0x05...7066,https://bscscan.com/tx/0x59aaf0bcc528a17b24b0e68c8e6001dd8a2486db66a3821a7c2b86f24bd25564
2023-03-24 05:45:47,False,3.751e-05,1.149e-08,9572.39,0.0011,0x05...7066,https://bscscan.com/tx/0x59aaf0bcc528a17b24b0e68c8e6001dd8a2486db66a3821a7c2b86f24bd25564
2023-03-24 05:44:02,False,3.77e-05,1.149e-08,3534695.0,0.4063,0xf4...8294,https://bscscan.com/tx/0x27fafd8d213e3bc479410a508380688e8720091ec5095410829af9e51c733dc1
2023-03-24 05:44:02,False,3.77e-05,1.149e-08,214.082,2.461e-06,0xf4...8294,https://bscscan.com/tx/0x27fafd8d213e3bc479410a508380688e8720091ec5095410829af9e51c733dc1
2023-03-24 05:43:32,False,3.751e-05,1.149e-08,79051.6,0.009,0x62...1c43,https://bscscan.com/tx/0x77496c168bc954a4bf2ffd8d42bd0fc3b0e8d1d10e824899d327b87192248a50
2023-03-24 05:43:32,False,3.751e-05,1.149e-08,16303.8,0.0018,0x62...1c43,https://bscscan.com/tx/0x77496c168bc954a4bf2ffd8d42bd0fc3b0e8d1d10e824899d327b87192248a50
2023-03-24 05:35:02,True,3.789e-05,1.155e-08,4862971.0,0.5618,0x1f...4f4f,https://bscscan.com/tx/0x71ee310a331ce122ed69c97f1c1e9fbdc85698c822dbc6b0835286fc5e178587
2023-03-24 05:28:14,True,3.769e-05,1.155e-08,259667.0,0.03,0x67...d135,https://bscscan.com/tx/0x42d92428066f8cabd061fcd34ae55277ee1daba776ccad9e81b15e09c25137dc
2023-03-24 05:27:35,True,3.769e-05,1.155e-08,34622.3,0.004,0x20...0716,https://bscscan.com/tx/0x5ef0dcb68fa552cce7ae1facb995a7863d6a5368e87b33aecafc4c79e80e22c9
2023-03-24 05:26:47,False,3.769e-05,1.149e-08,878524.0,0.1009,0x26...6e8e,https://bscscan.com/tx/0x2a27e678598abb11cf5f43c938e4bdf110029cab527e7563e51daea9d09a9dc6
2023-03-24 05:26:47,False,3.769e-05,1.149e-08,9021.85,0.001,0x26...6e8e,https://bscscan.com/tx/0x2a27e678598abb11cf5f43c938e4bdf110029cab527e7563e51daea9d09a9dc6
2023-03-24 05:23:32,True,3.769e-05,1.155e-08,432772.0,0.05,0x30...0d9c,https://bscscan.com/tx/0xe944ba468467920731bae42ada53c569fe92d0978c593211bf5cbd31379c0935
2023-03-24 05:15:14,False,3.751e-05,1.149e-08,2899927.0,0.3333,0x05...9852,https://bscscan.com/tx/0x9f45770d66b35b1e0b5d79195764e21664d33f8ca66aa3ddd4ba5d1782bfaeb6
2023-03-24 05:15:14,False,3.751e-05,1.149e-08,22604.3,0.0026,0x05...9852,https://bscscan.com/tx/0x9f45770d66b35b1e0b5d79195764e21664d33f8ca66aa3ddd4ba5d1782bfaeb6
2023-03-24 05:14:53,True,3.789e-05,1.155e-08,6134010.0,0.7086,0x1f...4f4f,https://bscscan.com/tx/0x77240878b1be5d163c44bf88e33b99d27d910f406c2d77a919ce6fbc6139ef39
2023-03-24 05:04:08,False,3.752e-05,1.149e-08,2231241.0,0.2564,0xf0...fb9a,https://bscscan.com/tx/0x41a58b8a1ee14b9bdb25b17ed4c7528ad96a4f33d736ffee91b3d69ce76fcebf
2023-03-24 05:04:08,False,3.752e-05,1.149e-08,62484.9,0.0071,0xf0...fb9a,https://bscscan.com/tx/0x41a58b8a1ee14b9bdb25b17ed4c7528ad96a4f33d736ffee91b3d69ce76fcebf
2023-03-24 05:03:26,True,3.77e-05,1.155e-08,19472403.0,2.24912,0xef...0dfe,https://bscscan.com/tx/0x97e0ccb102be5ca4f7e1b27b6e7890f214d58d1bf634c0732e4736c845c43f6a
2023-03-24 05:03:14,False,3.751e-05,1.149e-08,3659136.0,0.4204,0x15...450b,https://bscscan.com/tx/0x4bbc180cb62513fb65602ecc55fe084654faf20b12d73cf9d1fb5bd849a1ef0e
2023-03-24 05:03:14,False,3.751e-05,1.149e-08,119491.0,0.0137,0x15...450b,https://bscscan.com/tx/0x4bbc180cb62513fb65602ecc55fe084654faf20b12d73cf9d1fb5bd849a1ef0e
2023-03-24 05:01:41,True,3.789e-05,1.154e-08,99579.8,0.0115,0xc3...9d35,https://bscscan.com/tx/0x890f26f3150cec8fd4fe23ce2d3e01c7cd8c320fd87fc4a86d22453e18625cd2
2023-03-24 04:59:05,True,3.788e-05,1.154e-08,16527444.0,1.90828,0x09...2ecd,https://bscscan.com/tx/0x35dff2577017e706309af2106e76a14d6a16eca45ce0aa9863a88a1cc1f77479
2023-03-24 04:57:32,True,3.768e-05,1.154e-08,875085.0,0.101,0xea...e2bf,https://bscscan.com/tx/0xcab0f258854e75090a272fac6064250b81e9a1a37f183f5b341ca3c8baadeba2
2023-03-24 04:57:26,False,3.75e-05,1.148e-08,26673501.0,3.0647,0x3c...9659,https://bscscan.com/tx/0xfbd5318904cf120c3aaf692043c8d28fb54c0d0e2fb7ef554d36756e74cd84b9
2023-03-24 04:57:26,False,3.752e-05,1.149e-08,2600.75,2.989e-05,0x3c...9659,https://bscscan.com/tx/0xfbd5318904cf120c3aaf692043c8d28fb54c0d0e2fb7ef554d36756e74cd84b9
2023-03-24 04:57:02,True,3.789e-05,1.155e-08,263240.0,0.0304,0x97...acf9,https://bscscan.com/tx/0x0ab59b2aacdecf2b6ded7610b65a73f8987a712742a66ec1a0b1aecd9b83f39e
2023-03-24 04:55:59,False,3.752e-05,1.149e-08,697900.0,0.0802,0xed...d2d4,https://bscscan.com/tx/0x87893e03cc9a419190e1cb6f8ab0914261b76e95f3e1a453d6c8bfa87769b160
2023-03-24 04:55:59,False,3.752e-05,1.149e-08,19089.8,0.0021,0xed...d2d4,https://bscscan.com/tx/0x87893e03cc9a419190e1cb6f8ab0914261b76e95f3e1a453d6c8bfa87769b160
2023-03-24 04:55:20,False,3.756e-05,1.149e-08,7049091.0,0.8102,0x05...7066,https://bscscan.com/tx/0x37e5f006cbd09763b8d071e6d654f9d3ddfd524d5678a94883dcb36995c0c854
2023-03-24 04:55:20,False,3.757e-05,1.149e-08,20742.2,0.0023,0x05...7066,https://bscscan.com/tx/0x37e5f006cbd09763b8d071e6d654f9d3ddfd524d5678a94883dcb36995c0c854
2023-03-24 04:54:02,False,3.774e-05,1.149e-08,7659241.0,0.8805,0x05...7066,https://bscscan.com/tx/0x93e192fa04d9a94cbd70de622d60b0dcae0db20f1f14a6d06e5b321dee7a1854
2023-03-24 04:54:02,False,3.775e-05,1.149e-08,40371.5,0.0046,0x05...7066,https://bscscan.com/tx/0x93e192fa04d9a94cbd70de622d60b0dcae0db20f1f14a6d06e5b321dee7a1854
2023-03-24 04:53:23,False,3.775e-05,1.15e-08,14907537.0,1.71437,0x05...7066,https://bscscan.com/tx/0xdc34a81436726a5eb5a09f151e38bd68db147835f99d50da016e26d1d56d863e
2023-03-24 04:53:23,False,3.776e-05,1.15e-08,49027.5,0.0056,0x05...7066,https://bscscan.com/tx/0xdc34a81436726a5eb5a09f151e38bd68db147835f99d50da016e26d1d56d863e
2023-03-24 04:53:08,False,3.777e-05,1.15e-08,18103848.0,2.08281,0x05...7066,https://bscscan.com/tx/0xe726d24d08eb9171e62baaf91f47f6ad1ef5f7808bee5339c79341dd6486de65
2023-03-24 04:53:08,False,3.778e-05,1.15e-08,552493.0,0.0635,0x05...7066,https://bscscan.com/tx/0xe726d24d08eb9171e62baaf91f47f6ad1ef5f7808bee5339c79341dd6486de65
2023-03-24 04:53:05,True,3.778e-05,1.156e-08,1364950.0,0.1578,0x9b...20fa,https://bscscan.com/tx/0xfb8848801184d7911f602bf34528782457faa072aec7e9d6cce83f46c8e50159
2023-03-24 04:52:29,True,3.786e-05,1.153e-08,200675532.0,23.1496,0x28...a487,https://bscscan.com/tx/0x4e7c2941b0e299b52a1c7a8c60683a83c5b00228c814147fc98d803005cdc2c9
2023-03-24 04:44:23,True,3.775e-05,1.15e-08,34761.0,0.004,0xe1...bf1e,https://bscscan.com/tx/0x6f63bee28478dc23a0438f0e30e756ef592ad5c913e4461f7a2c35254a123b3c
2023-03-24 04:39:02,True,3.775e-05,1.15e-08,529728.0,0.0609,0xe6...5b33,https://bscscan.com/tx/0x8d0531535d4ecbacfcc4b52e1b8cb306d2d10722395629b217a77f02ec80c465
2023-03-24 04:37:17,False,3.756e-05,1.144e-08,548350.0,0.0627,0xdf...1596,https://bscscan.com/tx/0xf40823a909dc8d41d46fe3ed81710e61ad0afc2b452425463461a5f0ae15a24d
2023-03-24 04:37:17,False,3.756e-05,1.144e-08,2361.52,2.703e-05,0xdf...1596,https://bscscan.com/tx/0xf40823a909dc8d41d46fe3ed81710e61ad0afc2b452425463461a5f0ae15a24d
2023-03-24 04:36:35,False,3.756e-05,1.144e-08,872015.0,0.0998,0xb0...a336,https://bscscan.com/tx/0xa6f3117a623663418785b3d743e53b222d85ba1eedf90a7eda894c6af7c763ac
2023-03-24 04:36:35,False,3.756e-05,1.144e-08,162000.0,0.0185,0xb0...a336,https://bscscan.com/tx/0xa6f3117a623663418785b3d743e53b222d85ba1eedf90a7eda894c6af7c763ac
2023-03-24 04:36:05,False,3.759e-05,1.145e-08,59820000.0,6.85436,0x97...6df0,https://bscscan.com/tx/0xd6624cf0789c9657d66789066716911d79b82b2c40b3a12c1863a85eb3e26130
2023-03-24 04:36:05,False,3.762e-05,1.146e-08,18113.4,0.002,0x97...6df0,https://bscscan.com/tx/0xd6624cf0789c9657d66789066716911d79b82b2c40b3a12c1863a85eb3e26130
2023-03-24 04:33:53,False,3.762e-05,1.146e-08,6688536.0,0.767,0xb6...dde6,https://bscscan.com/tx/0x96d72d7e8f95385e2457cd893e6c50268c9ef5c27c567551764c30ab64a8e5ff
2023-03-24 04:33:53,False,3.762e-05,1.146e-08,11785.2,0.0013,0xb6...dde6,https://bscscan.com/tx/0x96d72d7e8f95385e2457cd893e6c50268c9ef5c27c567551764c30ab64a8e5ff
2023-03-24 04:33:20,True,3.762e-05,1.152e-08,1735193.0,0.2,0x6b...76a9,https://bscscan.com/tx/0x9d7bf8706e6cfa0408886387bcd590347a02a8274d681a977545a5b0265bdad5
2023-03-24 04:21:20,True,3.767e-05,1.152e-08,433810.0,0.05,0x3b...cdc2,https://bscscan.com/tx/0xb5e8647f57e723504157297a7f898f107ea0fbd69827d12db686f966c5242859
2023-03-24 04:17:17,False,3.749e-05,1.146e-08,2189285.0,0.251,0x33...7f8e,https://bscscan.com/tx/0xddb6d631333e2a96d90fb6355dafa86b4056964ab63cbba92cece1c460081c3b
2023-03-24 04:17:17,False,3.749e-05,1.146e-08,25018.7,0.0028,0x33...7f8e,https://bscscan.com/tx/0xddb6d631333e2a96d90fb6355dafa86b4056964ab63cbba92cece1c460081c3b
2023-03-24 04:16:50,True,3.768e-05,1.152e-08,88598.1,0.0102,0x2f...2444,https://bscscan.com/tx/0x5cfb9732225e5bcf0d088d2da816f61c3305cb60e0eeed736d6c22b9e1a95ae3
2023-03-24 04:16:50,True,3.768e-05,1.152e-08,177586.0,0.0204,0x2f...2444,https://bscscan.com/tx/0x5cfb9732225e5bcf0d088d2da816f61c3305cb60e0eeed736d6c22b9e1a95ae3
2023-03-24 04:16:26,False,3.768e-05,1.147e-08,8973000.0,1.0292,0x29...9470,https://bscscan.com/tx/0x1292922b741ab48f60f852b489f0e25de9c7ce79a603937e83ebc4c1d9eef7d6
2023-03-24 04:16:26,False,3.768e-05,1.147e-08,8809.23,0.001,0x29...9470,https://bscscan.com/tx/0x1292922b741ab48f60f852b489f0e25de9c7ce79a603937e83ebc4c1d9eef7d6
2023-03-24 04:15:53,False,3.769e-05,1.147e-08,3252889.0,0.3731,0x58...d401,https://bscscan.com/tx/0xc3fd0c018c6ad7921f3aadd02db1152e6b79bba33ca87b7a3e16120425ea779a
2023-03-24 04:15:53,False,3.769e-05,1.147e-08,9463.19,0.001,0x58...d401,https://bscscan.com/tx/0xc3fd0c018c6ad7921f3aadd02db1152e6b79bba33ca87b7a3e16120425ea779a
2023-03-24 04:15:38,True,3.788e-05,1.152e-08,95405.0,0.011,0x93...068d,https://bscscan.com/tx/0x40879caa94969625f592f66fd1067873f887b79c27dba73fd28fc6e441d015fd
2023-03-24 04:14:26,True,3.769e-05,1.152e-08,475254.0,0.0548,0x5a...e41c,https://bscscan.com/tx/0xa39fa4336e40db0790578dc1d5e49b0ae5511c412129ce0c1e5527fbe83882d3
2023-03-24 04:14:02,False,3.769e-05,1.147e-08,2925425.0,0.3356,0x21...e3f3,https://bscscan.com/tx/0x04ea01a687944bba8ccfd8f8c609c64dad6c4bb2d2e78acc1197365a1df12ec6
2023-03-24 04:14:02,False,3.769e-05,1.147e-08,6581.18,7.55e-05,0x21...e3f3,https://bscscan.com/tx/0x04ea01a687944bba8ccfd8f8c609c64dad6c4bb2d2e78acc1197365a1df12ec6
2023-03-24 04:07:37,True,3.769e-05,1.153e-08,134749.0,0.0155,0x02...7d85,https://bscscan.com/tx/0x2961c46c03e2a24feabdf819ab5c332a7994968674ba681ce94163621cdde5a4
2023-03-24 04:02:10,True,3.791e-05,1.153e-08,948764.0,0.1094,0xc4...208b,https://bscscan.com/tx/0xfdb4545f73cc6120aec9d18d276b62ff7492de66759243e1fa75b37f024f9d31
2023-03-24 04:01:07,False,3.753e-05,1.147e-08,1135368.0,0.1302,0xfa...45cf,https://bscscan.com/tx/0x58470baafae6ed38f3e8f3d3124acc41a404b31697b3a252ba1c1f33b2474d9e
2023-03-24 04:01:07,False,3.753e-05,1.147e-08,5521.25,6.334e-05,0xfa...45cf,https://bscscan.com/tx/0x58470baafae6ed38f3e8f3d3124acc41a404b31697b3a252ba1c1f33b2474d9e
2023-03-24 03:59:52,False,3.753e-05,1.147e-08,2038772.0,0.2339,0xac...a356,https://bscscan.com/tx/0x50883b6e0e6977f8c5f3a2883654d8e44d5bbee295f6c6d3b6df02d4631ff3a8
2023-03-24 03:59:52,False,3.753e-05,1.147e-08,6239.7,7.159e-05,0xac...a356,https://bscscan.com/tx/0x50883b6e0e6977f8c5f3a2883654d8e44d5bbee295f6c6d3b6df02d4631ff3a8
2023-03-24 03:49:13,False,3.755e-05,1.147e-08,2304067.0,0.2643,0x95...1e02,https://bscscan.com/tx/0xbc29803d7b212ac59e44adbca3845057566d5cc6000e15bcc5b55b777ec3f370
2023-03-24 03:49:13,False,3.755e-05,1.147e-08,260452.0,0.0298,0x95...1e02,https://bscscan.com/tx/0xbc29803d7b212ac59e44adbca3845057566d5cc6000e15bcc5b55b777ec3f370
2023-03-24 03:48:22,True,3.774e-05,1.153e-08,338196.0,0.039,0xd0...9f89,https://bscscan.com/tx/0xe17b4cbfcd9c597cf53e37851a6fb57c3f93ddfcb3e0064d1028b93870faa3d0
2023-03-24 03:45:43,True,3.774e-05,1.153e-08,1049120.0,0.1209,0xc4...208b,https://bscscan.com/tx/0xa519f1cb765d1726e2ecb337857d8cb51bc6caddc2372adbe994ff21ae2a37e4
2023-03-24 03:45:37,True,3.774e-05,1.153e-08,1581751.0,0.1823,0x74...733d,https://bscscan.com/tx/0x241bc38a951a1ea8de91a07347470f1e03abcbce2b2fe323e8a30601e116abce
2023-03-24 03:43:04,False,3.778e-05,1.148e-08,91595667.0,10.5212,0x0e...c0e4,https://bscscan.com/tx/0x6706e3400eba6efb602ff4f0024304624950a091b6333e0fef4aca9fc346f997
2023-03-24 03:43:04,False,3.782e-05,1.149e-08,57073.4,0.0065,0x0e...c0e4,https://bscscan.com/tx/0x6706e3400eba6efb602ff4f0024304624950a091b6333e0fef4aca9fc346f997
2023-03-24 03:39:58,False,3.783e-05,1.15e-08,10897592.0,1.25336,0xe7...318d,https://bscscan.com/tx/0xc6d6e63e93383ec680e82861586add5cd0ac055d29be9efda250d5fb3a6084fd
2023-03-24 03:39:58,False,3.783e-05,1.15e-08,401.235,4.615e-06,0xe7...318d,https://bscscan.com/tx/0xc6d6e63e93383ec680e82861586add5cd0ac055d29be9efda250d5fb3a6084fd
2023-03-24 03:32:46,False,3.77e-05,1.15e-08,148160.0,0.017,0xd8...e772,https://bscscan.com/tx/0x63d055abde8f39b9805d658c6d953d4deb676164754ab191095b944d9dd4aee3
2023-03-24 03:32:46,False,3.77e-05,1.15e-08,2641.19,3.038e-05,0xd8...e772,https://bscscan.com/tx/0x63d055abde8f39b9805d658c6d953d4deb676164754ab191095b944d9dd4aee3
2023-03-24 03:32:04,True,3.789e-05,1.156e-08,234035.0,0.027,0xc2...74aa,https://bscscan.com/tx/0x2b862d1dfd3b253712e029a9846966679fe26ec5580f5493211c848581e5bd57
2023-03-24 03:29:37,True,3.789e-05,1.156e-08,344184.0,0.0397,0x94...1954,https://bscscan.com/tx/0x6ce6585bb4c5011b4868f67fd81c170cc4c96b1fddd9a0201b13a38ae834b7c8
2023-03-24 03:27:46,False,3.77e-05,1.15e-08,398800.0,0.0458,0xad...93ed,https://bscscan.com/tx/0x4fb4d4d54a193061be1be69d374b5bf045df19b090898263f42ecdb6cde0cbaa
2023-03-24 03:27:46,False,3.77e-05,1.15e-08,185306.0,0.0213,0xad...93ed,https://bscscan.com/tx/0x4fb4d4d54a193061be1be69d374b5bf045df19b090898263f42ecdb6cde0cbaa
2023-03-24 03:27:34,True,3.808e-05,1.156e-08,1297531.0,0.15,0x24...1b02,https://bscscan.com/tx/0x9ff9c025cc55b0f2d9a912ef44da00e4708622aeacef82ee6ae79fe8411f86d5
2023-03-24 03:24:43,True,3.79e-05,1.156e-08,14781.4,0.0017,0x00...7758,https://bscscan.com/tx/0xe24d858d498ce91f083984a8b6f179062325c98757683fafee8f895af47c5759
2023-03-24 03:14:43,True,3.788e-05,1.155e-08,55400731.0,6.4,0xe3...5aaa,https://bscscan.com/tx/0x0e69a924adea6cf7a2b09b1f78281ce03cee20cd4a81887b070e3e2730b15b35
2023-03-24 03:13:52,False,3.786e-05,1.148e-08,8728696.0,1.00273,0xbe...6f6e,https://bscscan.com/tx/0xb49e855f1649145cfcff85d5102ed0c23423963e1be33ed047b5bf3ee8d977dd
2023-03-24 03:13:52,False,3.786e-05,1.148e-08,39346.6,0.0045,0xbe...6f6e,https://bscscan.com/tx/0xb49e855f1649145cfcff85d5102ed0c23423963e1be33ed047b5bf3ee8d977dd
2023-03-24 03:10:43,True,3.785e-05,1.154e-08,7276905.0,0.8401,0x47...0bf4,https://bscscan.com/tx/0x2c123cb8f3f57f4fdeda5bd74eb1a61818ff672b78626b4bdd7e24b9bcc7e683
2023-03-24 03:10:19,False,3.766e-05,1.148e-08,7274036.0,0.8356,0x11...cb63,https://bscscan.com/tx/0x56f6afc74a6bf9395425fd4c1c680a988412d2153e657633f65d083c6a45a733
2023-03-24 03:10:19,False,3.766e-05,1.148e-08,14088.9,0.0016,0x11...cb63,https://bscscan.com/tx/0x56f6afc74a6bf9395425fd4c1c680a988412d2153e657633f65d083c6a45a733
2023-03-24 03:08:55,True,3.785e-05,1.154e-08,4148097.0,0.4789,0x98...797c,https://bscscan.com/tx/0x224f91b4b7ff13768c16faabf37529f567cdab63b899076f2c16d87b739f1eed
2023-03-24 03:08:37,True,3.785e-05,1.154e-08,100000.0,0.0115,0x04...5618,https://bscscan.com/tx/0xcd3a8333f2437899007fa2a7228738badac76da040ea3c74017711c3cca48b44
2023-03-24 03:08:34,False,3.785e-05,1.148e-08,967090.0,0.1111,0x8c...9b4f,https://bscscan.com/tx/0x4d64ae6f116ab0b9a9cf8a13fdf7aa0b1319cfbb01023dcff28c115876152e0a
2023-03-24 03:08:34,False,3.785e-05,1.148e-08,163988.0,0.0188,0x8c...9b4f,https://bscscan.com/tx/0x4d64ae6f116ab0b9a9cf8a13fdf7aa0b1319cfbb01023dcff28c115876152e0a
2023-03-24 03:07:34,True,3.785e-05,1.154e-08,123120.0,0.0142,0xca...00a8,https://bscscan.com/tx/0x6ce65e758a7acf80908a6571f6e727337a58a3e03093e33799f0fef913235c6f
2023-03-24 03:05:40,True,3.802e-05,1.153e-08,55760242.0,6.43345,0xc2...c746,https://bscscan.com/tx/0xd6081c48094c320af2fbb4b6c0bbea9c8a07b03003d7338b2b60380fc9ad409a
2023-03-24 03:02:58,True,3.783e-05,1.152e-08,390473.0,0.045,0xd6...b200,https://bscscan.com/tx/0x6209bb47bd7c8a061fda94f5ac28af4aec567c2451252cf835a5b839c750e75b
2023-03-24 03:02:52,True,3.783e-05,1.152e-08,1489308.0,0.1717,0xf2...9c17,https://bscscan.com/tx/0x8306c7f13db981055416a136de79e33ff55c53990ffd7fbf82bc8d428c937790
2023-03-24 03:02:37,False,3.764e-05,1.147e-08,2964081.0,0.34,0x61...237b,https://bscscan.com/tx/0x3d26dd095f9f4e30fc10bd2802cac59e0347e581d8bf583aea4be3f28905adb3
2023-03-24 03:02:37,False,3.764e-05,1.147e-08,25879.2,0.0029,0x61...237b,https://bscscan.com/tx/0x3d26dd095f9f4e30fc10bd2802cac59e0347e581d8bf583aea4be3f28905adb3
2023-03-24 03:01:43,True,3.783e-05,1.152e-08,3495966.0,0.403,0xf8...89b0,https://bscscan.com/tx/0x59e87035c1fcc5d4585c73469ff04096e6bb4d7808ab289e80a15061f385d442
2023-03-24 03:01:34,True,3.802e-05,1.152e-08,2943057.0,0.3392,0x21...e3f3,https://bscscan.com/tx/0x099e5c5ec3d24e12d57cd42d149ba17ccdcfb548ec99e8d162186bb0616adf96
2023-03-24 03:00:37,True,3.785e-05,1.153e-08,171885.0,0.0198,0x03...9cb3,https://bscscan.com/tx/0x72cd60487ddd599220a1ced2176dffaf9eeb3686f8a339d8a3f1bc2c3d7c33ab
2023-03-24 02:57:28,True,3.784e-05,1.152e-08,310248.0,0.0357,0x13...eeb0,https://bscscan.com/tx/0x210ee6e586503edcfcf8aa75787a170a7c23bdd55f936bda4f6e65906fd8d7ff
2023-03-24 02:54:28,True,3.803e-05,1.152e-08,149053.0,0.0171,0xd8...e772,https://bscscan.com/tx/0xcebf07128812c1617464efbacea2a57b940644800264f550357b2e25437cb1ab
2023-03-24 02:54:07,False,3.784e-05,1.147e-08,2507143.0,0.2875,0x45...af8b,https://bscscan.com/tx/0x6720bdd3d828a9a3d966773922ff82fc5fdeb0f4d173430b8fe9b805671ec6e7
2023-03-24 02:54:07,False,3.784e-05,1.147e-08,3206.02,3.677e-05,0x45...af8b,https://bscscan.com/tx/0x6720bdd3d828a9a3d966773922ff82fc5fdeb0f4d173430b8fe9b805671ec6e7
2023-03-24 02:51:42,False,3.766e-05,1.147e-08,87153.4,0.01,0x7f...1ba8,https://bscscan.com/tx/0x3421ce48624c314ce543d889ccb9f19c54a316b50748fd15699cb40c4a9c7660
2023-03-24 02:51:42,False,3.766e-05,1.147e-08,3123.71,3.583e-05,0x7f...1ba8,https://bscscan.com/tx/0x3421ce48624c314ce543d889ccb9f19c54a316b50748fd15699cb40c4a9c7660
2023-03-24 02:51:39,True,3.785e-05,1.152e-08,269420.0,0.031,0xf9...9098,https://bscscan.com/tx/0xa1d041416e55b54c2a137c955479c6da235b85064e8f8723714814004069cea0
2023-03-24 02:51:09,True,3.785e-05,1.152e-08,37701.1,0.0043,0xca...00a8,https://bscscan.com/tx/0x570656b2cde7b9aadfba57af194fe40285a73a54a7bf5c5afd246d4d8720a74d
2023-03-24 02:51:06,True,3.804e-05,1.152e-08,76809.7,0.0088,0x7a...f012,https://bscscan.com/tx/0x1ae9000b881ab369ac678035f2a13b1e745c4bf5181ece0e48176146b5679d26
2023-03-24 02:48:36,False,3.766e-05,1.147e-08,770681.0,0.0884,0x61...237b,https://bscscan.com/tx/0xd41e98398fcda0fd83bc647f456191bb88942c2278568ced099ba9e72c25dd9d
2023-03-24 02:48:36,False,3.766e-05,1.147e-08,9120.81,0.001,0x61...237b,https://bscscan.com/tx/0xd41e98398fcda0fd83bc647f456191bb88942c2278568ced099ba9e72c25dd9d
2023-03-24 02:47:15,True,3.803e-05,1.152e-08,2378079.0,0.2741,0x91...9049,https://bscscan.com/tx/0xef4a7c5bc486d6f1fcfefcc506173166b528751d3a5bd473829ffd015ef7e666
2023-03-24 02:45:33,False,3.784e-05,1.147e-08,997000.0,0.1143,0xaa...7a38,https://bscscan.com/tx/0x99dfae21a0ba6da6c8679272a2031ab7c2de4ad7a953aed63ade54c8ed988d90
2023-03-24 02:45:33,False,3.784e-05,1.147e-08,1615.14,1.852e-05,0xaa...7a38,https://bscscan.com/tx/0x99dfae21a0ba6da6c8679272a2031ab7c2de4ad7a953aed63ade54c8ed988d90
2023-03-24 02:41:14,False,3.785e-05,1.147e-08,596405.0,0.0684,0x02...8686,https://bscscan.com/tx/0x3dde725dc418f6a5f34e82e21ab3e5bffae52064b341b4ffe831ee32a2d17d30
2023-03-24 02:41:14,False,3.786e-05,1.147e-08,12961.4,0.0014,0x02...8686,https://bscscan.com/tx/0x3dde725dc418f6a5f34e82e21ab3e5bffae52064b341b4ffe831ee32a2d17d30
2023-03-24 02:40:17,True,3.806e-05,1.153e-08,85939.0,0.0099,0x04...ef26,https://bscscan.com/tx/0xf67978765732e0dcbf7e35d23c1c7914d7b07a0a2945bf87e070b7f8ae70c236
2023-03-24 02:38:47,True,3.785e-05,1.152e-08,1349162.0,0.1555,0x17...4d65,https://bscscan.com/tx/0x8262a65156879a2c7ac3ed4e29fd654868b006fd3d59af72011f2b9775d17169
2023-03-24 02:37:11,False,3.785e-05,1.147e-08,3355306.0,0.3848,0x5a...e6e3,https://bscscan.com/tx/0x39d480d2dd3d0f70f5d9ba5e7e8f0feb74f85152df811af0c868662ac2f79d0c
2023-03-24 02:37:11,False,3.785e-05,1.147e-08,46789.8,0.0053,0x5a...e6e3,https://bscscan.com/tx/0x39d480d2dd3d0f70f5d9ba5e7e8f0feb74f85152df811af0c868662ac2f79d0c
2023-03-24 02:34:17,True,3.805e-05,1.152e-08,1087942.0,0.1254,0x0c...7131,https://bscscan.com/tx/0x52500bf8539971652fed3a9ee65faf908664fbf1a52919b41ec186543732c28b
2023-03-24 02:29:20,True,3.808e-05,1.153e-08,5242501.0,0.6046,0x43...03af,https://bscscan.com/tx/0x8b2bde15f9a7e2535f06b30a2fb86c8e4b6b4902b2eae2904d215bd5e693edf9
2023-03-24 02:28:35,True,3.786e-05,1.152e-08,10963273.0,1.2636,0xe7...318d,https://bscscan.com/tx/0x7d034435874e36062e9d56264d42bb32f83bd7dcc09af97623c1ee55e5ecec8c
2023-03-24 02:27:32,False,3.766e-05,1.146e-08,35734.9,0.0041,0x20...139b,https://bscscan.com/tx/0x9b7f352f9956f67b5a37d104aa9bea891433838674138c10bd19396139da6bea
2023-03-24 02:27:32,False,3.766e-05,1.146e-08,15498.0,0.0017,0x20...139b,https://bscscan.com/tx/0x9b7f352f9956f67b5a37d104aa9bea891433838674138c10bd19396139da6bea
2023-03-24 02:22:18,True,3.805e-05,1.152e-08,199998.0,0.023,0xc3...ad07,https://bscscan.com/tx/0x8b560357301608f8e67667df52e67362199ed80e4495f3779152e08e5e677356
2023-03-24 02:20:12,False,3.767e-05,1.146e-08,5523380.0,0.6333,0xfa...45cf,https://bscscan.com/tx/0x23028bb56515c8c8779df542fec41a6f1948b0d2ea709a53dfe5e9f897ae7821
2023-03-24 02:20:12,False,3.767e-05,1.146e-08,239330.0,0.0274,0xfa...45cf,https://bscscan.com/tx/0x23028bb56515c8c8779df542fec41a6f1948b0d2ea709a53dfe5e9f897ae7821
2023-03-24 02:18:30,False,3.79e-05,1.148e-08,88374691.0,10.1462,0x55...cd94,https://bscscan.com/tx/0xcebf20f4e52d63bc72945ec40e2b3a31496cea35303a8b4ac0934430055eb253
2023-03-24 02:18:30,False,3.795e-05,1.149e-08,863.691,9.926e-06,0x55...cd94,https://bscscan.com/tx/0xcebf20f4e52d63bc72945ec40e2b3a31496cea35303a8b4ac0934430055eb253
2023-03-24 02:18:21,False,3.795e-05,1.149e-08,318926.0,0.0366,0x61...237b,https://bscscan.com/tx/0xa3ba9afd0e137d5877f33640947d95de9711fc9d83c3a68a30836f340d198b3b
2023-03-24 02:18:21,False,3.795e-05,1.149e-08,64266.4,0.0073,0x61...237b,https://bscscan.com/tx/0xa3ba9afd0e137d5877f33640947d95de9711fc9d83c3a68a30836f340d198b3b
2023-03-24 02:15:15,True,3.814e-05,1.155e-08,209983.0,0.0242,0x31...9d2c,https://bscscan.com/tx/0x7ea16144207e577d14d11756b4def23888050036dc547aa70aa46053c1b89dba
2023-03-24 02:14:18,True,3.794e-05,1.155e-08,3272494.0,0.378,0x58...d401,https://bscscan.com/tx/0xb66bf95b935d0efeb6a35d68027928b8fe69a1a0668759f49a1c4f398535afe2
2023-03-24 02:13:42,True,3.813e-05,1.155e-08,319906.0,0.0369,0x9c...b48a,https://bscscan.com/tx/0xc49ccac829f2cb68a869500bc1d41278e64b34f3be6986a99b617d435d67527e
2023-03-24 02:13:15,False,3.776e-05,1.149e-08,19940000.0,2.29219,0xe3...5aaa,https://bscscan.com/tx/0x764fd6d0abd781fac0356d49f69eeb94e5ed28acd48669239a78dcfea6f78848
2023-03-24 02:13:15,False,3.777e-05,1.149e-08,36524.2,0.0042,0xe3...5aaa,https://bscscan.com/tx/0x764fd6d0abd781fac0356d49f69eeb94e5ed28acd48669239a78dcfea6f78848
2023-03-24 02:10:06,False,3.796e-05,1.15e-08,13486911.0,1.55103,0x05...7066,https://bscscan.com/tx/0x80f062801725bf07ce40f91a80051aa95e353538d0938895a198b3b011970434
2023-03-24 02:10:06,False,3.797e-05,1.15e-08,44908.2,0.0051,0x05...7066,https://bscscan.com/tx/0x80f062801725bf07ce40f91a80051aa95e353538d0938895a198b3b011970434
2023-03-24 02:08:51,False,3.797e-05,1.15e-08,16582753.0,1.90778,0x05...7066,https://bscscan.com/tx/0x26582c5c9d570ee2a188bb596bc297b49c68bd119721ece6dd75a593eefca528
2023-03-24 02:08:51,False,3.798e-05,1.15e-08,35725.2,0.0041,0x05...7066,https://bscscan.com/tx/0x26582c5c9d570ee2a188bb596bc297b49c68bd119721ece6dd75a593eefca528
2023-03-24 02:08:33,False,3.78e-05,1.15e-08,13191865.0,1.51824,0x05...7066,https://bscscan.com/tx/0x8ced661d541124f3d69bc8f1b6dca2deb61c11847fd26497139639b98a600824
2023-03-24 02:08:33,False,3.78e-05,1.151e-08,80973.0,0.0093,0x05...7066,https://bscscan.com/tx/0x8ced661d541124f3d69bc8f1b6dca2deb61c11847fd26497139639b98a600824
2023-03-24 02:08:30,False,3.782e-05,1.151e-08,29900029.0,3.44303,0x20...946b,https://bscscan.com/tx/0xf9e0b583b92a46547ec8a9e1a6e20627fa74538c8cd7df8b8ef977e21bc3e515
2023-03-24 02:08:30,False,3.783e-05,1.151e-08,55673.5,0.0064,0x20...946b,https://bscscan.com/tx/0xf9e0b583b92a46547ec8a9e1a6e20627fa74538c8cd7df8b8ef977e21bc3e515
2023-03-24 02:04:09,False,3.804e-05,1.152e-08,20557958.0,2.36877,0x05...7066,https://bscscan.com/tx/0xe118f798be4ae71a1e184bf44bbba84cac8a7b4841a06c1968600d9fc23d9922
2023-03-24 02:04:09,False,3.805e-05,1.152e-08,23422.8,0.0027,0x05...7066,https://bscscan.com/tx/0xe118f798be4ae71a1e184bf44bbba84cac8a7b4841a06c1968600d9fc23d9922
2023-03-24 02:04:06,True,3.824e-05,1.158e-08,2244689.0,0.26,0xf0...fb9a,https://bscscan.com/tx/0x77557a8b9c787f6729fb0bed3eebc5e24284a6241bd1ad7f7307f2c53c9e6a1b
2023-03-24 02:03:04,False,3.807e-05,1.152e-08,6411123.0,0.7389,0x05...7066,https://bscscan.com/tx/0x46f1a83d9aefed896da3781bfb70b325f55d8cc3ef78ba1eb5a5c31b9b972fd4
2023-03-24 02:03:04,False,3.807e-05,1.152e-08,77897.9,0.0089,0x05...7066,https://bscscan.com/tx/0x46f1a83d9aefed896da3781bfb70b325f55d8cc3ef78ba1eb5a5c31b9b972fd4
2023-03-24 02:02:45,True,3.826e-05,1.158e-08,15452305.0,1.78972,0xf8...9a09,https://bscscan.com/tx/0x126cb62f3125b6fc8c50e860294f083098d4e9a0b063cb510073eb1f68b6fe91
2023-03-24 02:02:41,False,3.807e-05,1.152e-08,13358571.0,1.53945,0x05...7066,https://bscscan.com/tx/0x400b68d2e9c687438b100c2daa4429527ec7dc07c9085c4cdac6a1bae42a420b
2023-03-24 02:02:41,False,3.807e-05,1.152e-08,34492.6,0.0039,0x05...7066,https://bscscan.com/tx/0x400b68d2e9c687438b100c2daa4429527ec7dc07c9085c4cdac6a1bae42a420b
2023-03-24 02:02:27,True,3.824e-05,1.158e-08,5093626.0,0.59,0xda...2f33,https://bscscan.com/tx/0xf63430fbe771733d320c7e483f45f77ac01030427018fc67fe21ecff60215eeb
2023-03-24 02:01:51,False,3.784e-05,1.152e-08,7658360.0,0.8826,0x05...7066,https://bscscan.com/tx/0x432579ea5f8b7eced3d46f682d651cd2f50793c98f05d14c2b521115b846a637
2023-03-24 02:01:51,False,3.784e-05,1.152e-08,32856.2,0.0037,0x05...7066,https://bscscan.com/tx/0x432579ea5f8b7eced3d46f682d651cd2f50793c98f05d14c2b521115b846a637
2023-03-24 02:01:36,False,3.804e-05,1.152e-08,12132444.0,1.39869,0x05...7066,https://bscscan.com/tx/0x8ba2e7dd068d50130ed8d299508fb935fe2826c4c84f06828ea38af60ff3d07e
2023-03-24 02:01:36,False,3.805e-05,1.153e-08,60776.2,0.007,0x05...7066,https://bscscan.com/tx/0x8ba2e7dd068d50130ed8d299508fb935fe2826c4c84f06828ea38af60ff3d07e
2023-03-24 02:01:03,False,3.806e-05,1.153e-08,22442168.0,2.58837,0x05...7066,https://bscscan.com/tx/0x8b0e54b8b854bad010d077f2dfb9bcbffa6143ea86dbdedf2222c42e9113c148
2023-03-24 02:01:03,False,3.807e-05,1.153e-08,13734.1,0.0015,0x05...7066,https://bscscan.com/tx/0x8b0e54b8b854bad010d077f2dfb9bcbffa6143ea86dbdedf2222c42e9113c148
2023-03-24 02:00:51,False,3.807e-05,1.153e-08,5071432.0,0.5851,0x6b...9f5d,https://bscscan.com/tx/0xd60b8942f4c91c430abd1587f1fed78d05b54e261ef2246559c87b06a1c5e325
2023-03-24 02:00:51,False,3.807e-05,1.153e-08,13543.8,0.0015,0x6b...9f5d,https://bscscan.com/tx/0xd60b8942f4c91c430abd1587f1fed78d05b54e261ef2246559c87b06a1c5e325
2023-03-24 02:00:42,False,3.807e-05,1.153e-08,5001178.0,0.577,0x6b...9f5d,https://bscscan.com/tx/0x71b4a1ca8faf12b87b6ec2976ff7fc09333dc0aa875db69e6dce6f251551951e
2023-03-24 02:00:42,False,3.808e-05,1.153e-08,13905.5,0.0016,0x6b...9f5d,https://bscscan.com/tx/0x71b4a1ca8faf12b87b6ec2976ff7fc09333dc0aa875db69e6dce6f251551951e
2023-03-24 02:00:12,False,3.808e-05,1.154e-08,5134735.0,0.5925,0x6b...9f5d,https://bscscan.com/tx/0x7fb4e4c6544d74cfaa95b2e964961b43f08eb245b54f12a17929e2eaa388fce6
2023-03-24 02:00:12,False,3.808e-05,1.154e-08,13713.2,0.0015,0x6b...9f5d,https://bscscan.com/tx/0x7fb4e4c6544d74cfaa95b2e964961b43f08eb245b54f12a17929e2eaa388fce6
2023-03-24 02:00:06,False,3.808e-05,1.154e-08,5063733.0,0.5844,0x6b...9f5d,https://bscscan.com/tx/0x18d5ad2783d299648259cb642ca42a376c871178162dc409c5debab8ed595b72
2023-03-24 02:00:06,False,3.808e-05,1.154e-08,37031.3,0.0042,0x6b...9f5d,https://bscscan.com/tx/0x18d5ad2783d299648259cb642ca42a376c871178162dc409c5debab8ed595b72
2023-03-24 02:00:00,False,3.809e-05,1.154e-08,13674158.0,1.57863,0x05...7066,https://bscscan.com/tx/0xb412c050c0573fb55c2b8fe1b1e9f0ba9ada673ccf6ea0b2cf27bc482d6c5ca6
2023-03-24 02:00:00,False,3.81e-05,1.154e-08,13772.2,0.0015,0x05...7066,https://bscscan.com/tx/0xb412c050c0573fb55c2b8fe1b1e9f0ba9ada673ccf6ea0b2cf27bc482d6c5ca6
2023-03-24 01:59:57,False,3.81e-05,1.154e-08,5085495.0,0.5872,0x6b...9f5d,https://bscscan.com/tx/0x86174efb4cd5a6778d44679455c3b39fc96048e7e92d8a17a9c6faa6dd53b0af
2023-03-24 01:59:57,False,3.81e-05,1.154e-08,13770.0,0.0015,0x6b...9f5d,https://bscscan.com/tx/0x86174efb4cd5a6778d44679455c3b39fc96048e7e92d8a17a9c6faa6dd53b0af
2023-03-24 01:59:48,False,3.791e-05,1.154e-08,5084716.0,0.5872,0x6b...9f5d,https://bscscan.com/tx/0x54cb4afa03079fdc9043ca6188b29f738a59efc0e4f08667b67bb7d29337ca95
2023-03-24 01:59:48,False,3.792e-05,1.154e-08,48699.4,0.0056,0x6b...9f5d,https://bscscan.com/tx/0x54cb4afa03079fdc9043ca6188b29f738a59efc0e4f08667b67bb7d29337ca95
2023-03-24 01:59:36,False,3.792e-05,1.155e-08,17982691.0,2.07739,0x05...7066,https://bscscan.com/tx/0x023ebf0c5fa48fd5bad1905bffce8daf3613125b94b2f8db172a43a01d90711a
2023-03-24 01:59:36,False,3.793e-05,1.155e-08,13953.2,0.0016,0x05...7066,https://bscscan.com/tx/0x023ebf0c5fa48fd5bad1905bffce8daf3613125b94b2f8db172a43a01d90711a
2023-03-24 01:59:33,False,3.794e-05,1.155e-08,5152348.0,0.5953,0x6b...9f5d,https://bscscan.com/tx/0xac7bb6b3db5d1b28d024b68743ed2937908e86a1a008a4b56273993b11178b2e
2023-03-24 01:59:33,False,3.794e-05,1.155e-08,13693.7,0.0015,0x6b...9f5d,https://bscscan.com/tx/0xac7bb6b3db5d1b28d024b68743ed2937908e86a1a008a4b56273993b11178b2e
2023-03-24 01:59:24,False,3.794e-05,1.155e-08,5056512.0,0.5843,0x6b...9f5d,https://bscscan.com/tx/0xf3ab5e5a7e9c2008a73388ed940a1374c3b2ea39a738fe72f68359f56cbd8fe8
2023-03-24 01:59:24,False,3.794e-05,1.155e-08,433948.0,0.0501,0x6b...9f5d,https://bscscan.com/tx/0xf3ab5e5a7e9c2008a73388ed940a1374c3b2ea39a738fe72f68359f56cbd8fe8
2023-03-24 01:58:57,True,3.832e-05,1.161e-08,3264620.0,0.3792,0x7f...5e82,https://bscscan.com/tx/0x675ad3608a3993b476065d2ac4760ef61e77900410b8c1d4b1d7ecb918f6ead2
2023-03-24 01:53:21,True,3.827e-05,1.16e-08,100599432.0,11.6698,0x19...bf5d,https://bscscan.com/tx/0x7bcc1e685ceb727f07484ee8217a4c6d016f627cdfc46be33a090ee7e5f25490
2023-03-24 01:51:27,True,3.819e-05,1.157e-08,55592236.0,6.4362,0xc2...c746,https://bscscan.com/tx/0xb3ab6776cb1c0bc7d03404f796ba8bd1d2e36ecee200742b37be7b0e9176503b
2023-03-24 01:50:27,False,3.778e-05,1.151e-08,403091.0,0.0464,0xee...72e2,https://bscscan.com/tx/0x7c67881a96e1934f95226b9beed70768565dddfc19b412aa1a4945e2354b335f
2023-03-24 01:50:27,False,3.778e-05,1.151e-08,12114.8,0.0013,0xee...72e2,https://bscscan.com/tx/0x7c67881a96e1934f95226b9beed70768565dddfc19b412aa1a4945e2354b335f
2023-03-24 01:47:51,True,3.799e-05,1.157e-08,1969640.0,0.2279,0x87...e5c6,https://bscscan.com/tx/0x6dc28e9fdcb43e72e31852f33e3aadf60ebce685236efe6734dbea8a19fb2dc9
2023-03-24 01:47:09,True,3.818e-05,1.157e-08,342556.0,0.0396,0x04...ef26,https://bscscan.com/tx/0x4352199ec7901ceb667dee89ac32d06802ba1d7c2e7d01369ec2bd7c3a3380b2
2023-03-24 01:46:09,True,3.797e-05,1.156e-08,100000.0,0.0115,0x18...7fcb,https://bscscan.com/tx/0xda261bee5ee8a83a47bd5b114e3c8339f01dc0dd3448e11099e3ae0e946c617e
2023-03-24 01:44:33,False,3.778e-05,1.151e-08,2068529.0,0.2381,0x7b...a52b,https://bscscan.com/tx/0xe47b7acc004d952c6a21ec3bd5b6861678bc1a6f9df2e83fda4757f9116db355
2023-03-24 01:44:33,False,3.778e-05,1.151e-08,51995.3,0.0059,0x7b...a52b,https://bscscan.com/tx/0xe47b7acc004d952c6a21ec3bd5b6861678bc1a6f9df2e83fda4757f9116db355
2023-03-24 01:40:46,True,3.797e-05,1.156e-08,204667.0,0.0236,0xe8...3b13,https://bscscan.com/tx/0xd65d71302604f104f5456fd637be449428306542227013c2293366bc3ba6f346
2023-03-24 01:38:19,False,3.798e-05,1.151e-08,17447500.0,2.00893,0xe3...5aaa,https://bscscan.com/tx/0xb359c363160cfd13e1fd0e4f5b243735bcbb9c2317a1f4777369b3613cdb7996
2023-03-24 01:38:19,False,3.798e-05,1.151e-08,3998.12,4.604e-05,0xe3...5aaa,https://bscscan.com/tx/0xb359c363160cfd13e1fd0e4f5b243735bcbb9c2317a1f4777369b3613cdb7996
2023-03-24 01:36:49,False,3.798e-05,1.151e-08,1476343.0,0.17,0x15...49e7,https://bscscan.com/tx/0x7043b92f7afc9f36b14838dc405c71cbaccf5a234dab08c72e829b24a343259a
2023-03-24 01:36:49,False,3.799e-05,1.151e-08,90498.6,0.0104,0x15...49e7,https://bscscan.com/tx/0x7043b92f7afc9f36b14838dc405c71cbaccf5a234dab08c72e829b24a343259a
2023-03-24 01:30:34,False,3.8e-05,1.152e-08,31864619.0,3.67135,0x55...cd94,https://bscscan.com/tx/0xeec45dbed50ee868206e5978fe53c78b7254479b7118cd48c9841cafb57a1d84
2023-03-24 01:30:34,False,3.801e-05,1.152e-08,3370.01,3.884e-05,0x55...cd94,https://bscscan.com/tx/0xeec45dbed50ee868206e5978fe53c78b7254479b7118cd48c9841cafb57a1d84
2023-03-24 01:29:40,True,3.801e-05,1.158e-08,199239.0,0.023,0x10...7b5f,https://bscscan.com/tx/0x6e9e187f22c0be1994800af2c1d84aa193ebf1cfb17fb4b74c348b9dbfa94f07
2023-03-24 01:28:01,False,3.782e-05,1.152e-08,1045765.0,0.1205,0xbb...ac72,https://bscscan.com/tx/0x7e3ee1ddc6b5788154780de0c428702a7c8ee00f6d30f2d3a12480c6ca928c4a
2023-03-24 01:28:01,False,3.783e-05,1.152e-08,42029.8,0.0048,0xbb...ac72,https://bscscan.com/tx/0x7e3ee1ddc6b5788154780de0c428702a7c8ee00f6d30f2d3a12480c6ca928c4a
2023-03-24 01:26:28,True,3.821e-05,1.158e-08,44752.9,0.0051,0x10...7b5f,https://bscscan.com/tx/0x52720c4d9e443d14f5a82b751bf321f913fba2f8ede48848350834f834857078
2023-03-24 01:23:01,True,3.82e-05,1.158e-08,31584.4,0.0036,0x10...7b5f,https://bscscan.com/tx/0x789795216d29964095ec6ab58050f15d3d4ce2942ff251baa7edc3c9df03cb0d
2023-03-24 01:20:49,False,3.783e-05,1.152e-08,14422258.0,1.66269,0xef...0dfe,https://bscscan.com/tx/0x69d448c06fe83e64964ca481408fff020865a9ce9588150a2ff380b48a487026
2023-03-24 01:20:49,False,3.783e-05,1.153e-08,13781.3,0.0015,0xef...0dfe,https://bscscan.com/tx/0x69d448c06fe83e64964ca481408fff020865a9ce9588150a2ff380b48a487026
2023-03-24 01:20:19,True,3.821e-05,1.158e-08,104170.0,0.012,0x10...7b5f,https://bscscan.com/tx/0xbf78c05138b4105361431baa41ae951dcd1ebdd576836288080a15bf6e29c92f
2023-03-24 01:18:10,False,3.803e-05,1.153e-08,4985000.0,0.5748,0xa4...62a2,https://bscscan.com/tx/0xa6b4b8a287bc35ca1c8711ac5a66cea6e16b604177446ac2528fc4a38cdd4eeb
2023-03-24 01:18:10,False,3.803e-05,1.153e-08,62088.2,0.0071,0xa4...62a2,https://bscscan.com/tx/0xa6b4b8a287bc35ca1c8711ac5a66cea6e16b604177446ac2528fc4a38cdd4eeb
2023-03-24 01:17:43,True,3.823e-05,1.159e-08,22186.8,0.0025,0x10...7b5f,https://bscscan.com/tx/0x0a8227c4270cb67b5f61df18cd6eef69a4b04336ec6d15df5a77b598c1cbc93f
2023-03-24 01:08:28,True,3.803e-05,1.158e-08,261605.0,0.0303,0x27...c7bb,https://bscscan.com/tx/0x9022c71f4ea57021b75e1514429a13bbaf145b058b4814bd7046283c891e7a3c
2023-03-24 01:02:13,False,3.805e-05,1.153e-08,19940000.0,2.30007,0x97...2157,https://bscscan.com/tx/0xcef745184ae51ffe808c9126817d6c31e96a8d4c26a0df593e3a1b5a1ec77164
2023-03-24 01:02:13,False,3.806e-05,1.153e-08,6755.29,7.794e-05,0x97...2157,https://bscscan.com/tx/0xcef745184ae51ffe808c9126817d6c31e96a8d4c26a0df593e3a1b5a1ec77164
2023-03-24 01:00:25,True,3.824e-05,1.159e-08,1714849.0,0.1988,0xe9...9ebd,https://bscscan.com/tx/0x21e58969afd2813553c7b089a0008a582231165c2cafc80346091c4916b10855
2023-03-24 00:59:58,True,3.824e-05,1.159e-08,20000.0,0.0023,0x7b...c9dc,https://bscscan.com/tx/0xd07dc6000ec5924aaa9ecbd1d6617871f7624fceae6c0f9471f136593ba89f31
2023-03-24 00:59:28,True,3.805e-05,1.159e-08,100000.0,0.0116,0x5f...7772,https://bscscan.com/tx/0xecd9f1660b427edbf70cb44fcbc316d92ba5254b5e434ee7eb68b7d7d3d3b1b2
2023-03-24 00:58:43,True,3.824e-05,1.159e-08,450000.0,0.0521,0x87...6149,https://bscscan.com/tx/0xfb6bc9a0063d5c818c820332a12924c2595ba2c3e985338c06de7adca2cd9254
2023-03-24 00:56:22,False,3.785e-05,1.153e-08,216458.0,0.0249,0xa5...396e,https://bscscan.com/tx/0x53dd4ee65e65007fe83959605f31560184a31147e0352d3afa80ae413212e52b
2023-03-24 00:56:22,False,3.785e-05,1.153e-08,49889.5,0.0057,0xa5...396e,https://bscscan.com/tx/0x53dd4ee65e65007fe83959605f31560184a31147e0352d3afa80ae413212e52b
2023-03-24 00:53:22,True,3.823e-05,1.159e-08,146872.0,0.017,0x07...f666,https://bscscan.com/tx/0xe39b4f3eded5273916f5d70a817518e2032030d0da5f5847dc8f55af89c9fb6f
2023-03-24 00:48:33,True,3.823e-05,1.159e-08,17057911.0,1.97746,0x61...3c84,https://bscscan.com/tx/0xafab05da07edd3faafb8e36d33f0e6b63afe96e100a327fa064bc5bf1a35fe0d
2023-03-24 00:47:34,False,3.784e-05,1.153e-08,599008.0,0.069,0x05...9513,https://bscscan.com/tx/0xc8054a2dca5e92a34b62eb96f5f7194aafcbcc65b6d7f3f107231cc5329a68a4
2023-03-24 00:47:34,False,3.784e-05,1.153e-08,4346.46,5.012e-05,0x05...9513,https://bscscan.com/tx/0xc8054a2dca5e92a34b62eb96f5f7194aafcbcc65b6d7f3f107231cc5329a68a4
2023-03-24 00:46:04,False,3.804e-05,1.153e-08,1604970.0,0.1851,0x35...3cd6,https://bscscan.com/tx/0x5eedfa2a9da4b14101b0cab808cff5beffecc879f40dbbd8f5119e538d7871d2
2023-03-24 00:46:04,False,3.804e-05,1.153e-08,27570.2,0.0031,0x35...3cd6,https://bscscan.com/tx/0x5eedfa2a9da4b14101b0cab808cff5beffecc879f40dbbd8f5119e538d7871d2
2023-03-24 00:41:19,False,3.785e-05,1.153e-08,10180568.0,1.17426,0xe2...aede,https://bscscan.com/tx/0x9c2dff2a5204d18d35fed21c63c812acf4ffb847b0ea44b9d86f0f6d5b7b756b
2023-03-24 00:41:19,False,3.786e-05,1.153e-08,31057.4,0.0035,0xe2...aede,https://bscscan.com/tx/0x9c2dff2a5204d18d35fed21c63c812acf4ffb847b0ea44b9d86f0f6d5b7b756b
2023-03-24 00:32:13,True,3.804e-05,1.159e-08,7848927.0,0.9099,0xf7...1421,https://bscscan.com/tx/0xbdc2a70068652e761bd9bdce69cb2c2f8c96b08e377e447496553a29acb71dcc
2023-03-24 00:30:43,False,3.803e-05,1.153e-08,1352240.0,0.1559,0xd5...7c30,https://bscscan.com/tx/0xd6ac43fc2e1324e6722f801e79d8eff301623294d5bd0021f440e8eb85160148
2023-03-24 00:30:43,False,3.803e-05,1.153e-08,836.109,9.643e-06,0xd5...7c30,https://bscscan.com/tx/0xd6ac43fc2e1324e6722f801e79d8eff301623294d5bd0021f440e8eb85160148
2023-03-24 00:27:40,False,3.784e-05,1.153e-08,308741.0,0.0356,0x0a...a087,https://bscscan.com/tx/0x4aab4bd422857f85f001edb49ab3eea7b69f805b3d853ec478d3b1711c358c5d
2023-03-24 00:27:40,False,3.784e-05,1.153e-08,6763.21,7.8e-05,0x0a...a087,https://bscscan.com/tx/0x4aab4bd422857f85f001edb49ab3eea7b69f805b3d853ec478d3b1711c358c5d
2023-03-24 00:18:19,True,3.821e-05,1.159e-08,2429610.0,0.2816,0xad...9196,https://bscscan.com/tx/0xc6e13683e8b46814a3484a12395657dce057bebe5e57bb95762a18204a162080
2023-03-24 00:16:28,False,3.802e-05,1.153e-08,75056.6,0.0086,0x12...be96,https://bscscan.com/tx/0x361eef6221649dfaa8d914fdd71ecd61164e333811afd42ddd6a0fcc303adcb6
2023-03-24 00:16:28,False,3.802e-05,1.153e-08,46791.0,0.0054,0x12...be96,https://bscscan.com/tx/0x361eef6221649dfaa8d914fdd71ecd61164e333811afd42ddd6a0fcc303adcb6
2023-03-24 00:13:52,False,3.784e-05,1.153e-08,17278010.0,1.99317,0xff...c380,https://bscscan.com/tx/0x79c297bebadda2900c6dd54f2aebb78d55904faecf4fc20f3239668beaeecaeb
2023-03-24 00:13:52,False,3.785e-05,1.153e-08,5400.0,6.23e-05,0xff...c380,https://bscscan.com/tx/0x79c297bebadda2900c6dd54f2aebb78d55904faecf4fc20f3239668beaeecaeb
2023-03-24 00:11:49,False,3.785e-05,1.153e-08,1994000.0,0.23,0x4d...022d,https://bscscan.com/tx/0x784d31c4e7e4c9f35de78ec21103f90a47ec354f6162ddcb2edfdaa7b93f1e61
2023-03-24 00:11:49,False,3.785e-05,1.153e-08,125600.0,0.0144,0x4d...022d,https://bscscan.com/tx/0x784d31c4e7e4c9f35de78ec21103f90a47ec354f6162ddcb2edfdaa7b93f1e61
2023-03-24 00:11:31,True,3.803e-05,1.159e-08,18371203.0,2.13,0x78...39b8,https://bscscan.com/tx/0xfd65412b341f0b186ea35b7ec3081baba5021ee44666b59938b96b086629ffd2
2023-03-24 00:10:43,True,3.802e-05,1.159e-08,70741.2,0.0082,0x7a...0797,https://bscscan.com/tx/0x03ce6b39aa5ff398d7a4a1804d30b162926d2a0df62df10788d8b1e653711ea2
2023-03-24 00:10:40,True,3.802e-05,1.159e-08,108585.0,0.0125,0x00...55ec,https://bscscan.com/tx/0xf2bd319bce61960f19d0c113ec06b7ad7c16ffeee77ccf85f7380131fcece1d2
2023-03-24 00:10:40,True,3.802e-05,1.159e-08,217763.0,0.0252,0x00...55ec,https://bscscan.com/tx/0xf2bd319bce61960f19d0c113ec06b7ad7c16ffeee77ccf85f7380131fcece1d2
2023-03-24 00:10:16,True,3.821e-05,1.159e-08,4917723.0,0.57,0x33...cd2b,https://bscscan.com/tx/0x88c84e8a58c4f613a7e2bc094d64264c5366d87984a44bcfb24207f848822422
2023-03-24 00:09:22,True,3.799e-05,1.158e-08,3577550.0,0.4146,0xb0...06dc,https://bscscan.com/tx/0x4172dbc4cef4d8b565e104bf08b04150651b93c91a38c6481ee678301e0deeb5
2023-03-24 00:03:19,True,3.819e-05,1.158e-08,10000000.0,1.15875,0x78...39b8,https://bscscan.com/tx/0x72b93ae49bd8126ce221f41b3f49fa09135949c3318dd1ad7987b7c535a011e1
2023-03-24 00:02:13,True,3.818e-05,1.158e-08,863115.0,0.1,0x39...20fd,https://bscscan.com/tx/0xd54643b0d1690baa66fd25722bb036d258252653f50937db4348ba97201c375f
2023-03-24 00:01:22,True,3.818e-05,1.158e-08,1649439.0,0.1911,0x2b...fb05,https://bscscan.com/tx/0xfaad80673e32d326540f493e687d5cd8974cffa6ad9e4635ed39e7cf28cf8314
2023-03-24 00:01:10,True,3.799e-05,1.158e-08,165014.0,0.0191,0xc2...2c3a,https://bscscan.com/tx/0x462c82f76121709fadfefc54b89ca354c62eb693a0ee73326a6729a0a7088e23
2023-03-24 00:00:10,True,3.818e-05,1.158e-08,492234.0,0.057,0x4c...04e4,https://bscscan.com/tx/0xd6471344d6055c6f3c9bfd38ccec276a48364dee54d32c90e64e5f7515a327c9
2023-03-23 23:57:55,True,3.799e-05,1.158e-08,1264649.0,0.1465,0xb2...e500,https://bscscan.com/tx/0x068b887fef32e1b78c2c144da53b57fc00cb0b2a423f5c29e1e70a7b30750295
2023-03-23 23:55:31,False,3.799e-05,1.152e-08,1477578.0,0.1703,0x61...5aed,https://bscscan.com/tx/0xdc616ecadd7524c25b9a32082e78ce1d5f9881d487743794112ee177748144e6
2023-03-23 23:55:31,False,3.799e-05,1.152e-08,4819.58,5.555e-05,0x61...5aed,https://bscscan.com/tx/0xdc616ecadd7524c25b9a32082e78ce1d5f9881d487743794112ee177748144e6
2023-03-23 23:55:25,False,3.78e-05,1.152e-08,1779675.0,0.2051,0x6b...7900,https://bscscan.com/tx/0x1474981941e2e9ce2ef78eeb2bf5632547bc92facf4b6a1529e857f981c2835c
2023-03-23 23:55:25,False,3.78e-05,1.152e-08,947.237,1.091e-05,0x6b...7900,https://bscscan.com/tx/0x1474981941e2e9ce2ef78eeb2bf5632547bc92facf4b6a1529e857f981c2835c
2023-03-23 23:54:19,False,3.782e-05,1.152e-08,349776.0,0.0403,0xb3...891b,https://bscscan.com/tx/0x345c2d2c274c7c6af98f3473a8123f1f3e1efe33ab717d244860b93fbf4f9602
2023-03-23 23:54:19,False,3.782e-05,1.152e-08,1620.0,1.867e-05,0xb3...891b,https://bscscan.com/tx/0x345c2d2c274c7c6af98f3473a8123f1f3e1efe33ab717d244860b93fbf4f9602
2023-03-23 23:52:58,False,3.782e-05,1.152e-08,598200.0,0.0689,0x03...a33c,https://bscscan.com/tx/0x3e9a8af771c764bb107423106be4f5e18fc316b9d18de3859f6a4018f3eb72ea
2023-03-23 23:52:58,False,3.782e-05,1.152e-08,46336.4,0.0053,0x03...a33c,https://bscscan.com/tx/0x3e9a8af771c764bb107423106be4f5e18fc316b9d18de3859f6a4018f3eb72ea
2023-03-23 23:51:13,True,3.801e-05,1.158e-08,3452581.0,0.4,0x9b...d3d0,https://bscscan.com/tx/0x0b0ae9c5c29a64eb919b389a3c95348a5590fc75754f773e9b6af6addb199e80
2023-03-23 23:50:27,True,3.82e-05,1.158e-08,924966.0,0.1071,0xf5...2c15,https://bscscan.com/tx/0x87221632fd5ad1d3da0df5b3beaf3e7ee2682a3677c3d69429e958ca7b258e37
2023-03-23 23:49:18,True,3.8e-05,1.158e-08,2784099.0,0.3225,0x18...f395,https://bscscan.com/tx/0xb51cc58e9721a7d11e405a36b0ffbc992517ae56fb6eb2c35cbcba77c3e419fd
2023-03-23 23:47:21,False,3.801e-05,1.152e-08,9970000.0,1.14929,0x78...39b8,https://bscscan.com/tx/0x87f2346127a7bf4c35888c4f8b0bb0eaf1071e07b5e77e68b8fccabaa0ef4fa3
2023-03-23 23:47:21,False,3.801e-05,1.152e-08,14836.5,0.0017,0x78...39b8,https://bscscan.com/tx/0x87f2346127a7bf4c35888c4f8b0bb0eaf1071e07b5e77e68b8fccabaa0ef4fa3
2023-03-23 23:43:15,False,3.778e-05,1.152e-08,2791601.0,0.3218,0xc1...19b9,https://bscscan.com/tx/0x6460acde9b027a0ea04a8051a2d27b79b3293ed991531c9caa43f344e0e56246
2023-03-23 23:43:15,False,3.778e-05,1.152e-08,1506.07,1.736e-05,0xc1...19b9,https://bscscan.com/tx/0x6460acde9b027a0ea04a8051a2d27b79b3293ed991531c9caa43f344e0e56246
2023-03-23 23:34:12,False,3.779e-05,1.152e-08,57327.5,0.0066,0xad...d735,https://bscscan.com/tx/0x3faeea08841617329dbebb4e622bf84dbc3925d7df1abc31efe9a489424886ca
2023-03-23 23:34:12,False,3.779e-05,1.152e-08,45430.9,0.0052,0xad...d735,https://bscscan.com/tx/0x3faeea08841617329dbebb4e622bf84dbc3925d7df1abc31efe9a489424886ca
2023-03-23 23:33:57,True,3.816e-05,1.158e-08,13296358.0,1.54048,0x5a...f377,https://bscscan.com/tx/0xb18d274a6c36a0b022859084fc8f8fc3533668b321e308137353026dc6035dae
2023-03-23 23:25:57,True,3.816e-05,1.158e-08,570398.0,0.066,0x88...b6b4,https://bscscan.com/tx/0xc765a05c2619b49b9fe565fdd3791438073d8dd02e862dd4aa7ddd97da81efa4
2023-03-23 23:24:51,True,3.797e-05,1.158e-08,115443.0,0.0133,0xf1...19e8,https://bscscan.com/tx/0x8eec97f6d452718ba382ca68017994140c2b3da5dd20d3e034a3cce582a223cc
2023-03-23 23:23:21,True,3.797e-05,1.158e-08,59999.0,0.0069,0xf6...258a,https://bscscan.com/tx/0x1e269d1f1ee12ef610dc60c692955e6bdefc66b7ebf9aa1d65391a10af9ef250
2023-03-23 23:22:12,False,3.778e-05,1.152e-08,1604970.0,0.1849,0x35...3cd6,https://bscscan.com/tx/0x0615cbc6f8e03e2e7185101d9e9197d4a2775843d96205d9753aabf104e5d70e
2023-03-23 23:22:12,False,3.778e-05,1.152e-08,52988.1,0.0061,0x35...3cd6,https://bscscan.com/tx/0x0615cbc6f8e03e2e7185101d9e9197d4a2775843d96205d9753aabf104e5d70e
2023-03-23 23:21:54,True,3.816e-05,1.158e-08,700000.0,0.081,0x4f...2351,https://bscscan.com/tx/0x8801701b1de3506b07389dcafde5a17f7dd3784cd8635c86a31187b7603b50ea
2023-03-23 23:17:54,True,3.816e-05,1.158e-08,555936.0,0.0644,0x88...b6b4,https://bscscan.com/tx/0x37ad62f4f2abfe96715349a63a01a48a02146cc8d6c9c26f7b1b7aa32113f974
2023-03-23 23:15:45,False,3.779e-05,1.152e-08,17447500.0,2.01141,0xe3...5aaa,https://bscscan.com/tx/0x78cb1c4e5399c4e6dbab423f1cd610d11d44bef544f82bd1f300c25c351f1fcb
2023-03-23 23:15:45,False,3.78e-05,1.153e-08,13500.0,0.0015,0xe3...5aaa,https://bscscan.com/tx/0x78cb1c4e5399c4e6dbab423f1cd610d11d44bef544f82bd1f300c25c351f1fcb
2023-03-23 23:15:27,False,3.78e-05,1.153e-08,4985000.0,0.5748,0xe3...5aaa,https://bscscan.com/tx/0xb72c388d33bad35c5d398a1b252fdcf7838da88f05ca44ad1f84309f77ac31ce
2023-03-23 23:15:27,False,3.781e-05,1.153e-08,159.382,1.838e-06,0xe3...5aaa,https://bscscan.com/tx/0xb72c388d33bad35c5d398a1b252fdcf7838da88f05ca44ad1f84309f77ac31ce
2023-03-23 23:14:06,False,3.8e-05,1.153e-08,58853.2,0.0067,0x97...58c8,https://bscscan.com/tx/0x1546794eb7135e23b6c460a5d6b233e1677df5f968883159fb1875b221a90d65
2023-03-23 23:14:06,False,3.8e-05,1.153e-08,12933.7,0.0014,0x97...58c8,https://bscscan.com/tx/0x1546794eb7135e23b6c460a5d6b233e1677df5f968883159fb1875b221a90d65
2023-03-23 23:11:00,True,3.799e-05,1.159e-08,1417986.0,0.1643,0x28...bda2,https://bscscan.com/tx/0xfaef0c2060576eb5d0a701229d160ff21c5f82d8a9d602cc62b2cb37f48e4bf6
2023-03-23 23:08:12,False,3.78e-05,1.153e-08,3362152.0,0.3877,0x58...d401,https://bscscan.com/tx/0xb1922373e32cf8c58a60070ff53dcf47332424b604dad2e1f7ac7f613b27c0c8
2023-03-23 23:08:12,False,3.78e-05,1.153e-08,3259.62,3.759e-05,0x58...d401,https://bscscan.com/tx/0xb1922373e32cf8c58a60070ff53dcf47332424b604dad2e1f7ac7f613b27c0c8
2023-03-23 23:07:54,False,3.8e-05,1.153e-08,1203643.0,0.1388,0xf4...f290,https://bscscan.com/tx/0x9993c85e551b90058ef253cf7bed35634725a7d8318c1c1d105bbc1c846cedf5
2023-03-23 23:07:54,False,3.801e-05,1.153e-08,16684.4,0.0019,0xf4...f290,https://bscscan.com/tx/0x9993c85e551b90058ef253cf7bed35634725a7d8318c1c1d105bbc1c846cedf5
2023-03-23 22:57:50,False,3.799e-05,1.153e-08,6160859.0,0.7106,0x82...dffe,https://bscscan.com/tx/0xd26cd44edac3c4d558864f6badca58fd41216c4d86b7bf519e728671e6074565
2023-03-23 22:57:50,False,3.799e-05,1.153e-08,12053.5,0.0013,0x82...dffe,https://bscscan.com/tx/0xd26cd44edac3c4d558864f6badca58fd41216c4d86b7bf519e728671e6074565
2023-03-23 22:54:41,True,3.798e-05,1.159e-08,1800000.0,0.2086,0x53...435b,https://bscscan.com/tx/0xd5ef9241c59219321559cce23db8cf0c36ab11e91f15e2a0b1a9a5b575834d60
2023-03-23 22:52:38,False,3.799e-05,1.153e-08,1327157.0,0.153,0x6c...3d2a,https://bscscan.com/tx/0xe3a3da8d0c881576bea3224c03220c2cfe269a561e19a4e90e3f823d83e50d94
2023-03-23 22:52:38,False,3.799e-05,1.153e-08,54284.9,0.0062,0x6c...3d2a,https://bscscan.com/tx/0xe3a3da8d0c881576bea3224c03220c2cfe269a561e19a4e90e3f823d83e50d94
2023-03-23 22:50:14,False,3.782e-05,1.153e-08,20045209.0,2.31278,0x83...164a,https://bscscan.com/tx/0xfa1e212aebfaf3d5819bf710c5a8f2fc8ae66bdd50335be03f7be86163b06f59
2023-03-23 22:50:14,False,3.783e-05,1.154e-08,7988.22,9.218e-05,0x83...164a,https://bscscan.com/tx/0xfa1e212aebfaf3d5819bf710c5a8f2fc8ae66bdd50335be03f7be86163b06f59
2023-03-23 22:46:14,False,3.801e-05,1.154e-08,2074829.0,0.2394,0x20...962f,https://bscscan.com/tx/0x4ebeed18c1e1a13f3aa3382959e40999f7ccc1fd6f265d89e8b777f72386a052
2023-03-23 22:46:14,False,3.801e-05,1.154e-08,33816.4,0.0039,0x20...962f,https://bscscan.com/tx/0x4ebeed18c1e1a13f3aa3382959e40999f7ccc1fd6f265d89e8b777f72386a052
2023-03-23 22:46:11,True,3.82e-05,1.159e-08,5243473.0,0.6081,0x39...7a71,https://bscscan.com/tx/0x93358dba915ee0618cbbbea9bbf073f9b0fe603b7c78de868606b3aacfe99fc0
2023-03-23 22:45:35,True,3.801e-05,1.159e-08,2277337.0,0.2641,0x34...89d0,https://bscscan.com/tx/0xbf2b63c0f526c9da0ee3d1e9cb9993ec396c04eb2b905d111f7d6682d075dad1
2023-03-23 22:44:02,False,3.782e-05,1.153e-08,4988789.0,0.5757,0xc0...d1b7,https://bscscan.com/tx/0x856641994c2fff655e9b0490a44bc851ba8d4d8709c2deeab523f74e7336f09a
2023-03-23 22:44:02,False,3.782e-05,1.154e-08,8562.25,9.881e-05,0xc0...d1b7,https://bscscan.com/tx/0x856641994c2fff655e9b0490a44bc851ba8d4d8709c2deeab523f74e7336f09a
2023-03-23 22:41:07,False,3.801e-05,1.154e-08,3161689.0,0.3648,0xa5...4161,https://bscscan.com/tx/0xc7ea0c64b5a88b0048cf75bdd463a7b212697c9029b20722325c35f6660b34d1
2023-03-23 22:41:07,False,3.801e-05,1.154e-08,86807.6,0.01,0xa5...4161,https://bscscan.com/tx/0xc7ea0c64b5a88b0048cf75bdd463a7b212697c9029b20722325c35f6660b34d1
2023-03-23 22:39:10,True,3.82e-05,1.159e-08,8603279.0,0.9978,0x28...35a5,https://bscscan.com/tx/0xf1698bf06d9d5f397f00803fd5ec1aa2b9be31270261593e07fcb097fe6a4d11
2023-03-23 22:38:34,False,3.782e-05,1.154e-08,23477034.0,2.70982,0xee...425b,https://bscscan.com/tx/0x306d90d32c755cb680ab0980a918ce66af97c3da317309d9d471cad65654d32c
2023-03-23 22:38:34,False,3.783e-05,1.154e-08,37884.7,0.0043,0xee...425b,https://bscscan.com/tx/0x306d90d32c755cb680ab0980a918ce66af97c3da317309d9d471cad65654d32c
2023-03-23 22:37:43,True,3.821e-05,1.16e-08,8618809.0,1.0,0x28...35a5,https://bscscan.com/tx/0xa3b3578d8751057d2f9c6e1faf083c011ac4e6d39c093ffccaa3669769a7a9f5
2023-03-23 22:35:52,False,3.783e-05,1.154e-08,5396333.0,0.6229,0x14...2028,https://bscscan.com/tx/0xc98f03d55f57ca5d9fc5b1d52c2976a727bc3a15fc32e2ce08cec59acd26b3b5
2023-03-23 22:35:52,False,3.783e-05,1.154e-08,4961.3,5.727e-05,0x14...2028,https://bscscan.com/tx/0xc98f03d55f57ca5d9fc5b1d52c2976a727bc3a15fc32e2ce08cec59acd26b3b5
2023-03-23 22:35:49,True,3.802e-05,1.16e-08,362313.0,0.042,0x5f...3a2a,https://bscscan.com/tx/0xeea1378877769bb1f2035d9e3f145ca96897a335b7b0dbb26723b58c5ee3e53a
2023-03-23 22:35:19,True,3.802e-05,1.16e-08,1042870.0,0.121,0x0e...8bdc,https://bscscan.com/tx/0xc407521d566f56043f7d3b75128b7f8631550f6b3de352b66cfe4912a90da8aa
2023-03-23 22:33:58,False,3.802e-05,1.154e-08,431038.0,0.0497,0x7f...74de,https://bscscan.com/tx/0xb27206effb1ed82135f24de7cb9e2a4e89f0469cabb7e5172293b1045a1d3dc8
2023-03-23 22:33:58,False,3.802e-05,1.154e-08,883.716,1.02e-05,0x7f...74de,https://bscscan.com/tx/0xb27206effb1ed82135f24de7cb9e2a4e89f0469cabb7e5172293b1045a1d3dc8
2023-03-23 22:33:10,False,3.802e-05,1.154e-08,326320.0,0.0376,0xc8...a1c5,https://bscscan.com/tx/0x1ac25929862a9ae7cc64886dcf6e75716923ec823fc325cfdf441f1a3c70e44b
2023-03-23 22:33:10,False,3.802e-05,1.154e-08,5400.0,6.234e-05,0xc8...a1c5,https://bscscan.com/tx/0x1ac25929862a9ae7cc64886dcf6e75716923ec823fc325cfdf441f1a3c70e44b
2023-03-23 22:31:22,False,3.783e-05,1.154e-08,1994000.0,0.2302,0x6c...e29f,https://bscscan.com/tx/0xb9b442eb0528bb3a9a0961e628139946e27720ac4970386a2d1855cab610ef1a
2023-03-23 22:31:22,False,3.783e-05,1.154e-08,9317.15,0.001,0x6c...e29f,https://bscscan.com/tx/0xb9b442eb0528bb3a9a0961e628139946e27720ac4970386a2d1855cab610ef1a
2023-03-23 22:28:52,True,3.802e-05,1.16e-08,853219.0,0.099,0x53...435b,https://bscscan.com/tx/0x24e6f86a124c64b82df5818c857e437dce76b77fed6f9ff9287b7cf15026d2d1
2023-03-23 22:25:58,True,3.821e-05,1.16e-08,897575.0,0.1041,0x63...98be,https://bscscan.com/tx/0x6d6a236b45eb0ef5a8fe981511738caa21f027c52763fef30643b93411e49377
2023-03-23 22:25:10,False,3.783e-05,1.154e-08,1694902.0,0.1956,0x77...b8fe,https://bscscan.com/tx/0xc58e5bacd8a8699edfbeeec7b34730b180c0970a4be06b24928c182eb92b3639
2023-03-23 22:25:10,False,3.783e-05,1.154e-08,20764.4,0.0024,0x77...b8fe,https://bscscan.com/tx/0xc58e5bacd8a8699edfbeeec7b34730b180c0970a4be06b24928c182eb92b3639
2023-03-23 22:24:34,True,3.821e-05,1.16e-08,2000000.0,0.232,0x53...435b,https://bscscan.com/tx/0xca12c1203b37bc507340fca86359a9a3018bc23fc2c458146ec995c4c7defe39
2023-03-23 22:24:28,False,3.783e-05,1.154e-08,5673446.0,0.655,0x77...aa93,https://bscscan.com/tx/0xfa23b3e4f795447c211252e01d486c4bc0fc6c4daf6e960a24b08fe5d1d14b93
2023-03-23 22:24:28,False,3.783e-05,1.154e-08,12604.3,0.0014,0x77...aa93,https://bscscan.com/tx/0xfa23b3e4f795447c211252e01d486c4bc0fc6c4daf6e960a24b08fe5d1d14b93
2023-03-23 22:23:43,True,3.802e-05,1.16e-08,2142735.0,0.2486,0x9d...0872,https://bscscan.com/tx/0xdeb69aa70c85daca2597aa4b5bac1421128104e22be3ac56b5e8a0e3ef763a13
2023-03-23 22:22:52,True,3.821e-05,1.16e-08,727815.0,0.0844,0x37...5d6c,https://bscscan.com/tx/0xcb26b4e066844b66f1dedf75fbd05441e51ff8118119058c4dd862c4e39e2d7b
2023-03-23 22:22:01,False,3.802e-05,1.154e-08,498500.0,0.0575,0x77...b8fe,https://bscscan.com/tx/0x912b37b86979dd4852df3556f7c707fa36a4bd1be7d218b744b7ab96baff2195
2023-03-23 22:22:01,False,3.802e-05,1.154e-08,95.5899,1.103e-06,0x77...b8fe,https://bscscan.com/tx/0x912b37b86979dd4852df3556f7c707fa36a4bd1be7d218b744b7ab96baff2195
2023-03-23 22:19:31,False,3.803e-05,1.154e-08,35297.4,0.004,0xee...a237,https://bscscan.com/tx/0xa504f0e1bf12b96846edcd2cadb395ee8fb2c02973dd325f5f685a987bc48bc9
2023-03-23 22:19:31,False,3.803e-05,1.154e-08,7112.26,8.211e-05,0xee...a237,https://bscscan.com/tx/0xa504f0e1bf12b96846edcd2cadb395ee8fb2c02973dd325f5f685a987bc48bc9
2023-03-23 22:17:52,False,3.803e-05,1.154e-08,2626267.0,0.3032,0x9f...72d2,https://bscscan.com/tx/0x6ab535814bdffa015cf01a25b159fcf28b7afb87617cd90eeef1b6e9579ece3d
2023-03-23 22:17:52,False,3.803e-05,1.154e-08,6112.79,7.058e-05,0x9f...72d2,https://bscscan.com/tx/0x6ab535814bdffa015cf01a25b159fcf28b7afb87617cd90eeef1b6e9579ece3d
2023-03-23 22:17:34,False,3.803e-05,1.154e-08,2257204.0,0.2606,0x9c...209a,https://bscscan.com/tx/0xb49f6f58656c152ae394319ca31f3db8af25660b7260fa14138db58d013d90b0
2023-03-23 22:17:34,False,3.803e-05,1.154e-08,22632.6,0.0026,0x9c...209a,https://bscscan.com/tx/0xb49f6f58656c152ae394319ca31f3db8af25660b7260fa14138db58d013d90b0
2023-03-23 22:14:58,True,3.805e-05,1.16e-08,622463.0,0.0722,0x0e...5a61,https://bscscan.com/tx/0x4744fc0cf789e7d903e5344b967efe7f7152ae10b4acd0543126ea3569090f9c
2023-03-23 22:14:37,False,3.788e-05,1.154e-08,7736720.0,0.8934,0x59...f796,https://bscscan.com/tx/0x3d61e30d4ac8193041e691b166d7182a378dc3c74e4eb72ea0890aa0b5287ef9
2023-03-23 22:14:37,False,3.788e-05,1.154e-08,5567.99,6.43e-05,0x59...f796,https://bscscan.com/tx/0x3d61e30d4ac8193041e691b166d7182a378dc3c74e4eb72ea0890aa0b5287ef9
2023-03-23 22:13:28,False,3.808e-05,1.154e-08,672659.0,0.0776,0x94...42cd,https://bscscan.com/tx/0x2802d8cd13c72adddc378b4999dcd1964970aef821066927e03df14671d97621
2023-03-23 22:13:28,False,3.808e-05,1.154e-08,3284.86,3.793e-05,0x94...42cd,https://bscscan.com/tx/0x2802d8cd13c72adddc378b4999dcd1964970aef821066927e03df14671d97621
2023-03-23 22:12:40,True,3.808e-05,1.16e-08,1016613.0,0.118,0x4f...ba15,https://bscscan.com/tx/0x41b93273f8327932860c6ead4575069cf02725973306ba00cb71226fc4f8300c
2023-03-23 22:11:40,False,3.789e-05,1.154e-08,199400.0,0.023,0x80...05fa,https://bscscan.com/tx/0x3e4a8a974b5c5b000af714b4011c648b9a7e209cbd96d0a3a266b4da6b43a7af
2023-03-23 22:11:40,False,3.789e-05,1.154e-08,9525.93,0.0011,0x80...05fa,https://bscscan.com/tx/0x3e4a8a974b5c5b000af714b4011c648b9a7e209cbd96d0a3a266b4da6b43a7af
2023-03-23 22:10:34,False,3.808e-05,1.154e-08,3517537.0,0.4062,0xc7...f876,https://bscscan.com/tx/0xab5eaba04909ebcfb2378233683b6f3d5b1719f669bb094b896cadf65402eb92
2023-03-23 22:10:34,False,3.808e-05,1.155e-08,9525.93,0.0011,0xc7...f876,https://bscscan.com/tx/0xab5eaba04909ebcfb2378233683b6f3d5b1719f669bb094b896cadf65402eb92
2023-03-23 22:10:01,False,3.789e-05,1.155e-08,3517537.0,0.4063,0xc7...f876,https://bscscan.com/tx/0x7f8bbb2f1d5050a0b219c8e957e10544eab62512d40ca1690f31c3104f0213ef
2023-03-23 22:10:01,False,3.79e-05,1.155e-08,1370.89,1.583e-05,0xc7...f876,https://bscscan.com/tx/0x7f8bbb2f1d5050a0b219c8e957e10544eab62512d40ca1690f31c3104f0213ef
2023-03-23 22:09:49,False,3.79e-05,1.155e-08,506213.0,0.0584,0x68...3bc6,https://bscscan.com/tx/0x3142593d949da09ad03778a61b784cc643c560adc1275b01f4997ee3350c4e06
2023-03-23 22:09:49,False,3.79e-05,1.155e-08,215421.0,0.0248,0x68...3bc6,https://bscscan.com/tx/0x3142593d949da09ad03778a61b784cc643c560adc1275b01f4997ee3350c4e06
2023-03-23 22:09:22,True,3.805e-05,1.159e-08,71558506.0,8.3,0xca...8c6d,https://bscscan.com/tx/0xb8484941212427f869a6421e539408bd695446d1bd1c6c8ad0f4ba03b35f3bbf
2023-03-23 22:08:13,False,3.783e-05,1.153e-08,8202509.0,0.9459,0xf7...8c83,https://bscscan.com/tx/0x63688d7b80cf290766ceec9ef99af6099ba17922bbac5daa77d1197507a32bad
2023-03-23 22:08:13,False,3.784e-05,1.153e-08,812.721,9.373e-06,0xf7...8c83,https://bscscan.com/tx/0x63688d7b80cf290766ceec9ef99af6099ba17922bbac5daa77d1197507a32bad
2023-03-23 22:07:49,False,3.784e-05,1.153e-08,300105.0,0.0346,0xe0...ae41,https://bscscan.com/tx/0x663aa5853e7edab251afc24f8a08295ad53eb8685e71aa616ca15b28326d9d14
2023-03-23 22:07:49,False,3.784e-05,1.153e-08,7452.59,8.595e-05,0xe0...ae41,https://bscscan.com/tx/0x663aa5853e7edab251afc24f8a08295ad53eb8685e71aa616ca15b28326d9d14
2023-03-23 22:06:52,True,3.803e-05,1.159e-08,560219.0,0.0649,0x9e...f658,https://bscscan.com/tx/0xd009fee599be2d0f85acdfcecc99e888ce790ecff44bba40f491b81f082b78f1
2023-03-23 22:06:46,False,3.784e-05,1.153e-08,2193400.0,0.2529,0x0e...4c9a,https://bscscan.com/tx/0x6e759ecbbef1d3bb3d80c91de168864d1731cb7fe50d4f697aad78482b23b054
2023-03-23 22:06:46,False,3.784e-05,1.153e-08,35542.0,0.0041,0x0e...4c9a,https://bscscan.com/tx/0x6e759ecbbef1d3bb3d80c91de168864d1731cb7fe50d4f697aad78482b23b054
2023-03-23 22:06:25,False,3.804e-05,1.153e-08,13124199.0,1.51394,0x7a...fa06,https://bscscan.com/tx/0xe0d4d66e07bdf93cf6a0d94db187245e3d81ff504d67d4433fc7abe717727f72
2023-03-23 22:06:25,False,3.804e-05,1.153e-08,2727.91,3.147e-05,0x7a...fa06,https://bscscan.com/tx/0xe0d4d66e07bdf93cf6a0d94db187245e3d81ff504d67d4433fc7abe717727f72
2023-03-23 22:04:52,True,3.806e-05,1.16e-08,10335.5,0.0012,0x58...0822,https://bscscan.com/tx/0xc20ffc9c7a8b4445dfe6557f7f756c1544bfe1b246159cb066e62ab6542f8851
2023-03-23 22:03:58,False,3.804e-05,1.153e-08,997000.0,0.115,0x8a...7823,https://bscscan.com/tx/0x2059c7b0191fa7cc2f6822e4830f9b917374b873361cfad86b0ad121f9450fae
2023-03-23 22:03:58,False,3.804e-05,1.153e-08,2299.13,2.652e-05,0x8a...7823,https://bscscan.com/tx/0x2059c7b0191fa7cc2f6822e4830f9b917374b873361cfad86b0ad121f9450fae
2023-03-23 22:02:25,False,3.785e-05,1.153e-08,848973.0,0.0979,0xcf...36b0,https://bscscan.com/tx/0xca7a8060afb1e8c02778067c8396e01e0f5f195b8bcbd45b44a4edc9cbe1a3a0
2023-03-23 22:02:25,False,3.785e-05,1.153e-08,6000.0,6.922e-05,0xcf...36b0,https://bscscan.com/tx/0xca7a8060afb1e8c02778067c8396e01e0f5f195b8bcbd45b44a4edc9cbe1a3a0
2023-03-23 22:02:10,False,3.785e-05,1.153e-08,2215555.0,0.2556,0x9f...c06a,https://bscscan.com/tx/0x1b85c45e3a7fef4c732c7a61d3b12687d34af08618b70615267abc523b32096b
2023-03-23 22:02:10,False,3.786e-05,1.153e-08,7374.78,8.509e-05,0x9f...c06a,https://bscscan.com/tx/0x1b85c45e3a7fef4c732c7a61d3b12687d34af08618b70615267abc523b32096b
2023-03-23 22:01:46,True,3.805e-05,1.159e-08,110968.0,0.0128,0x1e...1c62,https://bscscan.com/tx/0x810f701875629992686b042951e98c290eec5629f8f1df08ce2ed8a5dac4fc38
2023-03-23 22:01:19,True,3.805e-05,1.159e-08,939258.0,0.1089,0x01...dd2f,https://bscscan.com/tx/0x5f73cf518804f05d0dd9f67afe75509dd757b89f5b0db505f3de74fff05a9fd0
2023-03-23 22:00:39,True,3.805e-05,1.159e-08,125042.0,0.0145,0x73...b0c3,https://bscscan.com/tx/0xb1f497b213a57f7e8ca5f62e036ed86bce1f8331f4573f039b897a1e955190aa
2023-03-23 22:00:17,True,3.805e-05,1.159e-08,1321149.0,0.1532,0x6d...1394,https://bscscan.com/tx/0xf9bdaa170a312fecd5ef50675fb3411176c0759ba2eef01ce4ddcdb6834b3929
2023-03-23 22:00:11,False,3.784e-05,1.153e-08,234278.0,0.027,0x9f...55a1,https://bscscan.com/tx/0xb3613c986b4e6eacfebf3544b8f27c71e089f72e646b959c3a0084c574ac958e
2023-03-23 22:00:11,False,3.784e-05,1.153e-08,7376.56,8.51e-05,0x9f...55a1,https://bscscan.com/tx/0xb3613c986b4e6eacfebf3544b8f27c71e089f72e646b959c3a0084c574ac958e
2023-03-23 21:57:41,True,3.818e-05,1.159e-08,43119.1,0.005,0x0f...bace,https://bscscan.com/tx/0x63cac463c4fb0d0a5e9e2c198b3925fc8348450272751a4fd5d1dc5d8cbc1c9d
2023-03-23 21:57:32,False,3.799e-05,1.153e-08,2680873.0,0.3093,0xd5...7c30,https://bscscan.com/tx/0x950bb3a6c0296784b915b1db33fc1282dc5b67042498f6e75c78fdbacdaab53b
2023-03-23 21:57:32,False,3.799e-05,1.153e-08,33340.2,0.0038,0xd5...7c30,https://bscscan.com/tx/0x950bb3a6c0296784b915b1db33fc1282dc5b67042498f6e75c78fdbacdaab53b
2023-03-23 21:55:11,False,3.798e-05,1.153e-08,1033769.0,0.1192,0x39...dc6f,https://bscscan.com/tx/0xa40e7f9fe658e2ca74c3c9eb855d4455475082e37fd4d40bec267de87f087378
2023-03-23 21:55:11,False,3.798e-05,1.153e-08,2599.14,2.999e-05,0x39...dc6f,https://bscscan.com/tx/0xa40e7f9fe658e2ca74c3c9eb855d4455475082e37fd4d40bec267de87f087378
2023-03-23 21:54:53,False,3.798e-05,1.153e-08,959757.0,0.1107,0x83...2080,https://bscscan.com/tx/0x5b44f271cf928c46300719b2f05203bc08ac567c4e7eef4dd51a68e9ebefcef3
2023-03-23 21:54:44,False,3.784e-05,1.154e-08,5350102.0,0.6174,0xdc...c6dd,https://bscscan.com/tx/0x20a53d5b3d9cc5ce3145dc6f8605af583b5ac27f8758f657fe4ededc94d409e6
2023-03-23 21:54:44,False,3.784e-05,1.154e-08,110274.0,0.0127,0xdc...c6dd,https://bscscan.com/tx/0x20a53d5b3d9cc5ce3145dc6f8605af583b5ac27f8758f657fe4ededc94d409e6
2023-03-23 21:54:18,True,3.82e-05,1.159e-08,40542339.0,4.7,0x70...6880,https://bscscan.com/tx/0xd258d28690d0bfd614be87d49117b53297f26c75b6742d98b667b3d25a3137e8
2023-03-23 21:53:10,False,3.778e-05,1.152e-08,299100.0,0.0344,0x73...21f6,https://bscscan.com/tx/0x3d68ea6a9e800f65e494d30b8c8da03d3ab4a75d9e8bee03cfe11acd4d0dd76f
2023-03-23 21:53:10,False,3.778e-05,1.152e-08,212933.0,0.0245,0x73...21f6,https://bscscan.com/tx/0x3d68ea6a9e800f65e494d30b8c8da03d3ab4a75d9e8bee03cfe11acd4d0dd76f
2023-03-23 21:52:58,True,3.816e-05,1.158e-08,25899340.0,3.0,0x70...6880,https://bscscan.com/tx/0xc93418109088bcfac5691333537c9b4007416122acc83567851cc18e16c902ab
2023-03-23 21:52:32,True,3.813e-05,1.157e-08,25916182.0,3.0,0x70...6880,https://bscscan.com/tx/0xbf04a787407877d972ebdcc85a3a72b762d72aed435b55f07166ca58c7047bf7
2023-03-23 21:52:11,True,3.81e-05,1.156e-08,25933040.0,3.0,0x70...6880,https://bscscan.com/tx/0xe1b101010b23a182071526d250be14fe782a8ad0ae7b32026af88300874831b1
2023-03-23 21:51:47,False,3.771e-05,1.15e-08,1112094.0,0.1279,0xa5...396e,https://bscscan.com/tx/0xbac1d2c513583d00957df17ebcf377f47a690fca8635db7feefcc571f4db41a2
2023-03-23 21:51:47,False,3.771e-05,1.15e-08,40927.4,0.0047,0xa5...396e,https://bscscan.com/tx/0xbac1d2c513583d00957df17ebcf377f47a690fca8635db7feefcc571f4db41a2
2023-03-23 21:50:58,False,3.791e-05,1.15e-08,15112822.0,1.73937,0x9d...0872,https://bscscan.com/tx/0x96bb86616cebf47dbd75a2042a291183d9c8fce1ac854ff411caa4a8b0edf1c8
2023-03-23 21:50:58,False,3.792e-05,1.151e-08,2223.88,2.56e-05,0x9d...0872,https://bscscan.com/tx/0x96bb86616cebf47dbd75a2042a291183d9c8fce1ac854ff411caa4a8b0edf1c8
2023-03-23 21:49:14,True,3.813e-05,1.156e-08,823658.0,0.0952,0xaa...11df,https://bscscan.com/tx/0xd59885cfe02f19a690935b4ae557388823067b0380cdfc58d895173b28cff1b1
2023-03-23 21:48:14,False,3.775e-05,1.151e-08,6819482.0,0.785,0x04...8bf1,https://bscscan.com/tx/0xf1da33cb8083186503f7a19dcf27c8af2f6511dcfc7f6e0b404671ae02b7ce51
2023-03-23 21:48:14,False,3.775e-05,1.151e-08,11332.7,0.0013,0x04...8bf1,https://bscscan.com/tx/0xf1da33cb8083186503f7a19dcf27c8af2f6511dcfc7f6e0b404671ae02b7ce51
2023-03-23 21:48:14,True,3.794e-05,1.157e-08,997280.0,0.1153,0x76...6945,https://bscscan.com/tx/0xd4ce5afc4e7515a77996ad9332d777b618fc29a317410b970aa6cb09199a5778
2023-03-23 21:47:11,False,3.777e-05,1.151e-08,3190400.0,0.3673,0x1c...bb7b,https://bscscan.com/tx/0x7aa141893ad4f8e0e4f4bb8aaee9619ef3aab68b611e6905ed41073b27b797f6
2023-03-23 21:47:11,False,3.777e-05,1.151e-08,6750.57,7.772e-05,0x1c...bb7b,https://bscscan.com/tx/0x7aa141893ad4f8e0e4f4bb8aaee9619ef3aab68b611e6905ed41073b27b797f6
2023-03-23 21:45:17,False,3.796e-05,1.151e-08,2492709.0,0.287,0x8a...263e,https://bscscan.com/tx/0x3c0afb7f2fa70c3cd58f716418ad920d6b9976d9a002dbf4a0371c98d99cdc71
2023-03-23 21:45:17,False,3.796e-05,1.151e-08,234820.0,0.027,0x8a...263e,https://bscscan.com/tx/0x3c0afb7f2fa70c3cd58f716418ad920d6b9976d9a002dbf4a0371c98d99cdc71
2023-03-23 21:43:44,True,3.796e-05,1.157e-08,5227155.0,0.6048,0xcc...9375,https://bscscan.com/tx/0x6672767bcb2f6f960eea79dce39ee38628c248c388efd9ff312964ddea5cc6ac
2023-03-23 21:43:26,True,3.798e-05,1.157e-08,5104534.0,0.5906,0xc6...accd,https://bscscan.com/tx/0x8fcd044d479688b798d3bff2bef58a2375de6ff4185658738191d627a1ce0785
2023-03-23 21:42:41,True,3.797e-05,1.156e-08,182556.0,0.0211,0x73...1100,https://bscscan.com/tx/0x11e4fb56ec544e68ff790c534938ca5dc90cf4840f302b982b41ed1c6a0b7c93
2023-03-23 21:42:17,True,3.796e-05,1.156e-08,30263929.0,3.5,0xdc...411a,https://bscscan.com/tx/0x9ee916fc5c5547e72898dd35c118e5ea343c98bf948c7f35eb547d6a2818af48
2023-03-23 21:41:08,True,3.811e-05,1.155e-08,43274064.0,5.0,0x70...6880,https://bscscan.com/tx/0x4a6b643e51ef54f4809964fc058b14344a9831333eb2ccfda8665e22c378a1e1
2023-03-23 21:39:20,True,3.809e-05,1.154e-08,1486483.0,0.1716,0x61...5aed,https://bscscan.com/tx/0xd918f97e7307e20cb12bd8c15f9a5d380c29d34a5f4fdd714edc03dbd8971787
2023-03-23 21:38:59,True,3.789e-05,1.154e-08,1265119.0,0.146,0x3c...3a17,https://bscscan.com/tx/0x64d8cc96017ae658c0b54dcd59c538af3fc12e3cf61c0fa9d747ee71723c580a
2023-03-23 21:38:53,False,3.771e-05,1.148e-08,149550.0,0.0171,0xd8...24de,https://bscscan.com/tx/0x41ffb38eac2387838cc7c919cd8fab422bd8b8b510d69ede77b837b60228aafb
2023-03-23 21:38:53,False,3.771e-05,1.148e-08,2841.61,3.264e-05,0xd8...24de,https://bscscan.com/tx/0x41ffb38eac2387838cc7c919cd8fab422bd8b8b510d69ede77b837b60228aafb
2023-03-23 21:38:35,True,3.79e-05,1.154e-08,52447.3,0.006,0xec...2b4c,https://bscscan.com/tx/0xe580f84c4960860bd19fded904c0a8a3a6e16c3b033a4bc105f155e087052e51
2023-03-23 21:37:23,False,3.771e-05,1.148e-08,997000.0,0.1145,0xc3...7f84,https://bscscan.com/tx/0x4e5f2b935e90792e263df0fc610e7d5d19bf814a897d750d4950029d54afd912
2023-03-23 21:37:23,False,3.771e-05,1.148e-08,711326.0,0.0817,0xc3...7f84,https://bscscan.com/tx/0x4e5f2b935e90792e263df0fc610e7d5d19bf814a897d750d4950029d54afd912
2023-03-23 21:34:17,True,3.81e-05,1.154e-08,119167.0,0.0137,0xb8...9a37,https://bscscan.com/tx/0x35af7044d63519297c3481909f2060ef9fa0cac04a0ce5733efb7fa0d657e29b
2023-03-23 21:33:23,True,3.803e-05,1.153e-08,100300903.0,11.5679,0x9b...2220,https://bscscan.com/tx/0x2db7580390ab6c42536d5039d5077afd6ef6ebe79f98e6d11172ecb3e0a8253f
2023-03-23 21:33:20,True,3.797e-05,1.151e-08,30010194.0,3.45549,0x20...946b,https://bscscan.com/tx/0xd0ad300eb7bceb0e285a2b8c065ddf364629fa0e0009dd4e790eab2817929f12
2023-03-23 21:33:20,True,3.791e-05,1.149e-08,100300903.0,11.5302,0x9b...2220,https://bscscan.com/tx/0x92b12eff7d155fee00f3a4d6251c285457fcd957bf2309f34b621e60452ec715
2023-03-23 21:32:44,True,3.766e-05,1.147e-08,26521281.0,3.04397,0xc1...f4fe,https://bscscan.com/tx/0xb6b36bf1edd2030cea4fe560e8befd7ce1ace4b44f01eb0b79c9df3d80755c5d
2023-03-23 21:32:29,False,3.746e-05,1.141e-08,10560.9,0.0012,0x46...6fce,https://bscscan.com/tx/0xcffa430741ca2c80376f8e682730d5142b6b89af715cbd1aa2e82372227013d8
2023-03-23 21:32:29,False,3.746e-05,1.141e-08,30452.9,0.0034,0x46...6fce,https://bscscan.com/tx/0xcffa430741ca2c80376f8e682730d5142b6b89af715cbd1aa2e82372227013d8
2023-03-23 21:32:23,True,3.783e-05,1.147e-08,3941053.0,0.4521,0xfb...f86d,https://bscscan.com/tx/0xc25072899f1ffc59048fdbc0081599d78eaa32f714e5f94b9c1e73a2304a264e
2023-03-23 21:31:29,False,3.744e-05,1.141e-08,7315784.0,0.8351,0x4d...7ad1,https://bscscan.com/tx/0xa379f80c5b614f8571b324aebebb29cb3e8f19f7439838b633ef8ba21b196b33
2023-03-23 21:31:29,False,3.744e-05,1.141e-08,3244.78,3.704e-05,0x4d...7ad1,https://bscscan.com/tx/0xa379f80c5b614f8571b324aebebb29cb3e8f19f7439838b633ef8ba21b196b33
2023-03-23 21:30:17,False,3.765e-05,1.141e-08,1198166.0,0.1368,0x55...7ff7,https://bscscan.com/tx/0xda3cb036c3979ebc90d2ff0315707f518a41f9de2e66f8e38e9908db953b0518
2023-03-23 21:30:17,False,3.765e-05,1.141e-08,115304.0,0.0131,0x55...7ff7,https://bscscan.com/tx/0xda3cb036c3979ebc90d2ff0315707f518a41f9de2e66f8e38e9908db953b0518
2023-03-23 21:26:05,True,3.783e-05,1.147e-08,26543582.0,3.04487,0xc1...f4fe,https://bscscan.com/tx/0xa572f014bcebdcacd02617baf66312a71defb8e324fa67a9ef55c761c47308b4
2023-03-23 21:25:14,True,3.763e-05,1.146e-08,2808589.0,0.322,0x11...ca3a,https://bscscan.com/tx/0xf43ea639e52a82c8a5053350c1120e62df45181c361ec44a95166b11f67fddde
2023-03-23 21:23:05,False,3.744e-05,1.141e-08,13313102.0,1.51919,0xe7...5e51,https://bscscan.com/tx/0xd8dd29d6f80fdc385f5e7af41e9dd36c00d8eb0451e7a13c6c9ca788e31b8662
2023-03-23 21:23:05,False,3.745e-05,1.141e-08,15175.5,0.0017,0xe7...5e51,https://bscscan.com/tx/0xd8dd29d6f80fdc385f5e7af41e9dd36c00d8eb0451e7a13c6c9ca788e31b8662
2023-03-23 21:22:29,True,3.782e-05,1.147e-08,1255552.0,0.144,0x74...e034,https://bscscan.com/tx/0xe0f3f807e53e93905bbbf7586993afd82a02f58918c6fb6e3857cd9f1af1a2ec
2023-03-23 21:19:14,True,3.784e-05,1.146e-08,1005225.0,0.1153,0x43...efb6,https://bscscan.com/tx/0x6db149c418addf77288e00203b66d752318aaedf50cd74efd9d695f72d9a6787
2023-03-23 21:16:14,True,3.765e-05,1.146e-08,2615.57,3e-05,0xbf...6c04,https://bscscan.com/tx/0x3a16d9fc86627a3d94ec03f8afefc2a379d8032407291321e0ceb4d5b6c79beb
2023-03-23 21:15:41,True,3.765e-05,1.146e-08,3132535.0,0.3592,0x32...cf44,https://bscscan.com/tx/0xbb1e85bcdd380fe85f52e37c96f165599afb86315714f8cff4f5a946ec5a9bf3
2023-03-23 21:15:26,False,3.745e-05,1.141e-08,223953.0,0.0255,0xcb...312e,https://bscscan.com/tx/0x169e7e2cf26a3214e69649f509a6af3510c0e491177b66e75e104fa0b0c798d8
2023-03-23 21:15:26,False,3.745e-05,1.141e-08,42350.4,0.0048,0xcb...312e,https://bscscan.com/tx/0x169e7e2cf26a3214e69649f509a6af3510c0e491177b66e75e104fa0b0c798d8
2023-03-23 21:13:41,True,3.786e-05,1.146e-08,113991.0,0.013,0xdd...2d9d,https://bscscan.com/tx/0x3e709dfefe2106288b7db9ca54f61177ce32894ee74648e2e2c29fcd2bb4f11f
2023-03-23 21:13:41,True,3.786e-05,1.146e-08,228609.0,0.0262,0xdd...2d9d,https://bscscan.com/tx/0x3e709dfefe2106288b7db9ca54f61177ce32894ee74648e2e2c29fcd2bb4f11f
2023-03-23 21:13:17,True,3.785e-05,1.146e-08,13627992.0,1.56271,0x64...eda3,https://bscscan.com/tx/0xcecfee9c121cee7b3fb09c8deaa0799be07dd8a263cde3590e170d7d0e3147bf
2023-03-23 21:12:47,False,3.765e-05,1.14e-08,185020.0,0.0211,0xea...3238,https://bscscan.com/tx/0xe154ad680fdb7bba303201d21df6b3053f9b5e8f2f5c871b17c1f6f6282bd927
2023-03-23 21:12:47,False,3.765e-05,1.14e-08,53299.5,0.006,0xea...3238,https://bscscan.com/tx/0xe154ad680fdb7bba303201d21df6b3053f9b5e8f2f5c871b17c1f6f6282bd927
2023-03-23 21:11:44,False,3.747e-05,1.141e-08,19681331.0,2.24575,0x3c...3e12,https://bscscan.com/tx/0x7b7e9ab1eabff96b5c39efd7df842d6ce58ebfa65fb66008c2b37241c27220df
2023-03-23 21:11:44,False,3.748e-05,1.141e-08,10782.6,0.0012,0x3c...3e12,https://bscscan.com/tx/0x7b7e9ab1eabff96b5c39efd7df842d6ce58ebfa65fb66008c2b37241c27220df
2023-03-23 21:11:44,True,3.767e-05,1.147e-08,840289.0,0.0963,0xce...a4e8,https://bscscan.com/tx/0xb58c9115a7b6bd906c3812889d7d33e48437f7edcc8bcb62a4d4a6a946ac0889
2023-03-23 21:09:38,False,3.746e-05,1.141e-08,3143792.0,0.3588,0x84...8f35,https://bscscan.com/tx/0xbb1ded5708aace602b9df1cc457aed052219a3feb727e89c3848bcf4924507ff
2023-03-23 21:09:38,False,3.747e-05,1.141e-08,7324.15,8.359e-05,0x84...8f35,https://bscscan.com/tx/0xbb1ded5708aace602b9df1cc457aed052219a3feb727e89c3848bcf4924507ff
2023-03-23 21:08:59,True,3.786e-05,1.147e-08,26413.8,0.003,0x41...2747,https://bscscan.com/tx/0x772c2608d9a31e52fa3a6ba0fe88ceee20dcefe6bf7684cf5f9d48d2c8a8aae0
2023-03-23 21:06:41,True,3.786e-05,1.147e-08,200000.0,0.0229,0x37...8225,https://bscscan.com/tx/0x8c2b6848755c94077fa46a9e0d3caae5d8814a81346cca1e6a4151e47e9965cf
2023-03-23 21:04:29,False,3.749e-05,1.141e-08,2416223.0,0.2757,0x4a...f5c2,https://bscscan.com/tx/0xe33d0626b5a8ec546ee0bb1f1f0e6b0b8287c26db82ee9690b2d6591ea444973
2023-03-23 21:04:29,False,3.749e-05,1.141e-08,1060.91,1.21e-05,0x4a...f5c2,https://bscscan.com/tx/0xe33d0626b5a8ec546ee0bb1f1f0e6b0b8287c26db82ee9690b2d6591ea444973
2023-03-23 21:03:38,False,3.768e-05,1.141e-08,391750.0,0.0447,0x61...80b8,https://bscscan.com/tx/0xdf5d2b572128f9d1ea50cc99cb1a33689ba602d601448e06993cde5c8fc72741
2023-03-23 21:03:38,False,3.768e-05,1.141e-08,3944.43,4.502e-05,0x61...80b8,https://bscscan.com/tx/0xdf5d2b572128f9d1ea50cc99cb1a33689ba602d601448e06993cde5c8fc72741
2023-03-23 21:02:38,False,3.749e-05,1.141e-08,1456517.0,0.1662,0xc2...4fc1,https://bscscan.com/tx/0xcf0f8f2d63f87537036d50de76700f522efd42da172a43fccc9286860ec4bbb8
2023-03-23 21:02:38,False,3.749e-05,1.141e-08,193721.0,0.0221,0xc2...4fc1,https://bscscan.com/tx/0xcf0f8f2d63f87537036d50de76700f522efd42da172a43fccc9286860ec4bbb8
2023-03-23 21:02:29,True,3.768e-05,1.147e-08,188875.0,0.0216,0x08...ec7a,https://bscscan.com/tx/0x01d26fd45664bcb394813625219eb3b4d46b2abc4370b1f199c4e60d69c0c66f
2023-03-23 21:00:11,True,3.767e-05,1.147e-08,3726311.0,0.4274,0x3f...0c42,https://bscscan.com/tx/0xcf285e12c7b3116b55152c92ee17a57aba1459a1f00d1da662ce12c469a57c47
2023-03-23 20:59:53,True,3.785e-05,1.146e-08,30085544.0,3.44993,0x20...946b,https://bscscan.com/tx/0x5a2ffbe3fa9b5bfc1ffbbcb5a9612a6071eef298d49e27239148c2ca2d921148
2023-03-23 20:59:20,True,3.764e-05,1.146e-08,7747874.0,0.888,0xd8...41ea,https://bscscan.com/tx/0xf932f819e4b7d55334b96c5d29f324ae318a8f6e6ba8e111f761373401fa056b
2023-03-23 20:57:38,False,3.746e-05,1.14e-08,29910000.0,3.412,0x97...2157,https://bscscan.com/tx/0xbdaac92bc5dce6b2211015b8f65e249ec7bd3629b9650c22a7f6498617428c17
2023-03-23 20:57:38,False,3.748e-05,1.141e-08,197763.0,0.0225,0x97...2157,https://bscscan.com/tx/0xbdaac92bc5dce6b2211015b8f65e249ec7bd3629b9650c22a7f6498617428c17
2023-03-23 20:57:26,True,3.785e-05,1.146e-08,13192489.0,1.51282,0x30...409c,https://bscscan.com/tx/0xa6da19491f10f7bd2e2b15e473a7f5dc9ade22ee0f83624dc6465052353b630c
2023-03-23 20:57:11,True,3.784e-05,1.146e-08,53000.0,0.006,0xf1...d92e,https://bscscan.com/tx/0xa67d17bcf1b084650c86c002e681f6fcbcea8351f965361eb297c4abc71105af
2023-03-23 20:56:32,False,3.749e-05,1.141e-08,59820000.0,6.82941,0x3b...c389,https://bscscan.com/tx/0x2ec75248eea14e8808dff67652e5da275565e5669c04685e3791bc568b40eb0c
2023-03-23 20:56:32,False,3.752e-05,1.142e-08,144301.0,0.0164,0x3b...c389,https://bscscan.com/tx/0x2ec75248eea14e8808dff67652e5da275565e5669c04685e3791bc568b40eb0c
2023-03-23 20:55:59,True,3.79e-05,1.148e-08,26126.7,0.003,0x8c...5ddb,https://bscscan.com/tx/0xc2def44ac5589b7dd7697da35592cd083630ff26686a1602b19d0f04fda2f4c7
2023-03-23 20:55:32,True,3.79e-05,1.148e-08,278686.0,0.032,0x28...85ee,https://bscscan.com/tx/0x671663405a4402b13803985f3e317240841eb9679020f77a491b9f5ec4a4642f
2023-03-23 20:55:14,True,3.787e-05,1.147e-08,52837908.0,6.06305,0x7c...6cb0,https://bscscan.com/tx/0xa55904ed2f44c87f8d4db7092488483e8e13405ed293badde35712173e1279cc
2023-03-23 20:54:32,False,3.746e-05,1.141e-08,301365.0,0.0343,0x8a...4fef,https://bscscan.com/tx/0xf92f174f7ce236d8e47d675f007f6acce6ef9e5a63c8026e46b1debc4afea437
2023-03-23 20:54:32,False,3.746e-05,1.141e-08,547.78,6.25e-06,0x8a...4fef,https://bscscan.com/tx/0xf92f174f7ce236d8e47d675f007f6acce6ef9e5a63c8026e46b1debc4afea437
