datetime,buy_order,price_USD,price_native,amount_token,total_native,maker,etherscan_url
2023-04-02 08:18:42,True,3.754e-05,1.186e-08,99053253.0,11.7509,0x04...5a59,https://bscscan.com/tx/0xcd1e1ab61e48ebf83467f97edde98e7468b40ba1ba7c84eaa45def7a2d22cd0b
2023-04-02 08:18:36,False,3.73e-05,1.178e-08,1677374.0,0.1977,0x63...3367,https://bscscan.com/tx/0xe6fb7c843f6c23d544555a48bfdf64eaa344a75d81e62a3ea2cc1183e62a1f8c
2023-04-02 08:18:36,False,3.73e-05,1.178e-08,19114.6,0.0022,0x63...3367,https://bscscan.com/tx/0xe6fb7c843f6c23d544555a48bfdf64eaa344a75d81e62a3ea2cc1183e62a1f8c
2023-04-02 08:17:39,True,3.748e-05,1.184e-08,253190.0,0.03,0x46...5906,https://bscscan.com/tx/0xb61f256247975fad7c16ea26f2f80cdc6914c2c84c37fc5ed29812b6bc11d339
2023-04-02 08:17:09,False,3.73e-05,1.179e-08,6805814.0,0.8024,0x05...7066,https://bscscan.com/tx/0x1b4b258d99134e9befd14781fdc08938f7480d1ae43e61b1744f4ff50fdffeb3
2023-04-02 08:17:09,False,3.73e-05,1.179e-08,15872.0,0.0018,0x05...7066,https://bscscan.com/tx/0x1b4b258d99134e9befd14781fdc08938f7480d1ae43e61b1744f4ff50fdffeb3
2023-04-02 08:16:57,False,3.712e-05,1.179e-08,5860892.0,0.6911,0x05...7066,https://bscscan.com/tx/0xa59652503fd6ca47a7620a6bc98bfde759d0874b427603bf42caebbba08b675d
2023-04-02 08:16:57,False,3.712e-05,1.179e-08,17505.5,0.002,0x05...7066,https://bscscan.com/tx/0xa59652503fd6ca47a7620a6bc98bfde759d0874b427603bf42caebbba08b675d
2023-04-02 08:16:36,False,3.731e-05,1.179e-08,6464050.0,0.7623,0x05...7066,https://bscscan.com/tx/0x45108c3139668a8cb94d9f7ef3f5e7640c70675fa549f72756f0a2f5392a591c
2023-04-02 08:16:36,False,3.732e-05,1.179e-08,73007.9,0.0086,0x05...7066,https://bscscan.com/tx/0x45108c3139668a8cb94d9f7ef3f5e7640c70675fa549f72756f0a2f5392a591c
2023-04-02 08:15:45,False,3.733e-05,1.179e-08,26958852.0,3.18097,0x3b...0b3f,https://bscscan.com/tx/0x95a685ddb9de6f041da7602b911f439f97903d09eddaf2eb2d3e88b0f6e05a75
2023-04-02 08:15:45,False,3.734e-05,1.18e-08,20412.0,0.0024,0x3b...0b3f,https://bscscan.com/tx/0x95a685ddb9de6f041da7602b911f439f97903d09eddaf2eb2d3e88b0f6e05a75
2023-04-02 08:15:24,False,3.735e-05,1.18e-08,7537329.0,0.8897,0x05...7066,https://bscscan.com/tx/0x8fa98f6cf53d5b99ebe28c497a750f364065a7721b3eca0c9301424d17142313
2023-04-02 08:15:24,False,3.735e-05,1.18e-08,80973.0,0.0095,0x05...7066,https://bscscan.com/tx/0x8fa98f6cf53d5b99ebe28c497a750f364065a7721b3eca0c9301424d17142313
2023-04-02 08:14:39,False,3.717e-05,1.181e-08,29900029.0,3.53123,0x20...946b,https://bscscan.com/tx/0x257ae90e2e987ad44498c6b078d731206871547641f8eb78accf174859056a43
2023-04-02 08:14:39,False,3.719e-05,1.181e-08,119163.0,0.014,0x20...946b,https://bscscan.com/tx/0x257ae90e2e987ad44498c6b078d731206871547641f8eb78accf174859056a43
2023-04-02 08:13:39,False,3.721e-05,1.182e-08,44001968.0,5.20156,0xe8...bbe9,https://bscscan.com/tx/0xcf058cb8d52597d1376843a26a4080842d40ca035dc64709279aed5f615062a1
2023-04-02 08:13:39,False,3.723e-05,1.182e-08,9310.4,0.0011,0xe8...bbe9,https://bscscan.com/tx/0xcf058cb8d52597d1376843a26a4080842d40ca035dc64709279aed5f615062a1
2023-04-02 08:12:39,True,3.742e-05,1.188e-08,2300000.0,0.2734,0x8f...cfdd,https://bscscan.com/tx/0xa33b668daf9c39e58703db72105d02786a84b246dd3f561e4267c592a298e57b
2023-04-02 08:09:45,True,3.762e-05,1.188e-08,148295.0,0.0176,0x88...a063,https://bscscan.com/tx/0xa09e61c299e6f71cc8514faa3b63d728a4438d090791be468ae9bf1c33a79d47
2023-04-02 08:09:33,False,3.724e-05,1.182e-08,997000.0,0.1179,0x96...2fef,https://bscscan.com/tx/0xaa7de2818055a9f0cf1ef1c99cc1c7c37f3eaffa896c7bc7080518c736367e8f
2023-04-02 08:09:33,False,3.724e-05,1.182e-08,128761.0,0.0152,0x96...2fef,https://bscscan.com/tx/0xaa7de2818055a9f0cf1ef1c99cc1c7c37f3eaffa896c7bc7080518c736367e8f
2023-04-02 08:06:45,True,3.742e-05,1.188e-08,989658.0,0.1176,0xd1...ccaf,https://bscscan.com/tx/0xe355a3f92951cc73b9fbe4523c99fd2161a928fe7f0f3d5049425cf5311f58b9
2023-04-02 08:06:30,True,3.761e-05,1.188e-08,2054036.0,0.2441,0xa8...3eb5,https://bscscan.com/tx/0x201075aff8653d1b8f8e8ee7037a33569c9f6db0d6f8b985b6a6be05f4e199e2
2023-04-02 08:04:36,True,3.741e-05,1.188e-08,15691518.0,1.86469,0x84...e883,https://bscscan.com/tx/0x4ed8e8fe129840b1185b58edf2aac046cf82141c9b0c5325c5ab4f23a9f53480
2023-04-02 08:04:18,True,3.758e-05,1.187e-08,12159875.0,1.4445,0x3d...4dd5,https://bscscan.com/tx/0x326d2c0f6061fad305266295a88b396898d0f89ed451afbae3c86b4bb5d67082
2023-04-02 08:02:54,True,3.757e-05,1.187e-08,10939322.0,1.29913,0x2a...f2c0,https://bscscan.com/tx/0x6b1e0c678eec482cea92a35ebd9f2461324a6a60b8ff5e0682682b7011b9ff18
2023-04-02 08:00:15,False,3.72e-05,1.181e-08,5837458.0,0.6897,0xa4...13ed,https://bscscan.com/tx/0xf2f621a55a10f6de967e757404a6b82577fef851a3467cba72cfa4530a20299c
2023-04-02 08:00:15,False,3.72e-05,1.181e-08,22493.3,0.0026,0xa4...13ed,https://bscscan.com/tx/0xf2f621a55a10f6de967e757404a6b82577fef851a3467cba72cfa4530a20299c
2023-04-02 07:58:12,True,3.758e-05,1.187e-08,2256300.0,0.2679,0x0d...3c33,https://bscscan.com/tx/0x1f9851655c11020cfbd965d756d204c4ec63f48f3c4fa4eb37ddf967d5718628
2023-04-02 07:57:48,True,3.758e-05,1.187e-08,62030.7,0.0073,0x4c...fa9c,https://bscscan.com/tx/0x599a5a574c5290086d922e1e17d96ee49af296dbdcd6cc6c824b5bf4264ff565
2023-04-02 07:57:45,True,3.758e-05,1.187e-08,800000.0,0.095,0xda...950e,https://bscscan.com/tx/0x70a44744ba99b73d20603ea9d9ee46a828d528137bfd8a0ce55d6eb61a066d4a
2023-04-02 07:57:45,False,3.739e-05,1.181e-08,292447.0,0.0345,0x14...bf50,https://bscscan.com/tx/0xa2ae4acefa84eae26baa39d34fd3fe0271a888b57ef8583ea4b2d4c47993f499
2023-04-02 07:57:45,False,3.739e-05,1.181e-08,245025.0,0.0289,0x14...bf50,https://bscscan.com/tx/0xa2ae4acefa84eae26baa39d34fd3fe0271a888b57ef8583ea4b2d4c47993f499
2023-04-02 07:56:42,True,3.755e-05,1.186e-08,35756445.0,4.24419,0xdd...28d7,https://bscscan.com/tx/0x8cbd7d38888807be7f7fa03d5511fb0e0326d350b47d15368f886786db073dde
2023-04-02 07:56:12,True,3.753e-05,1.186e-08,160144.0,0.019,0xff...c575,https://bscscan.com/tx/0x75c0b717ae2ca400ce00cb480ec8b7904ff184482970136f2375454b9a7afd35
2023-04-02 07:54:30,False,3.72e-05,1.181e-08,50461231.0,5.96079,0x19...114f,https://bscscan.com/tx/0xf96f84486cdbc38aaa705f9466acfc782007b342c5e8e6d064fcda37a7f6995f
2023-04-02 07:54:30,False,3.722e-05,1.182e-08,3324.04,3.929e-05,0x19...114f,https://bscscan.com/tx/0xf96f84486cdbc38aaa705f9466acfc782007b342c5e8e6d064fcda37a7f6995f
2023-04-02 07:53:57,True,3.759e-05,1.187e-08,428928.0,0.0509,0x57...012b,https://bscscan.com/tx/0xbd74d36d2ff0d2ec61d7930ec8b68ac3bf815e5289c1300fc2e1ccf9e2854bb4
2023-04-02 07:52:52,False,3.742e-05,1.182e-08,799790.0,0.0945,0xd7...1abd,https://bscscan.com/tx/0xdc862598aa4b592f1a863658f212037d9e0787fde9d20354f6660913bb26ed7b
2023-04-02 07:52:52,False,3.742e-05,1.182e-08,113781.0,0.0134,0xd7...1abd,https://bscscan.com/tx/0xdc862598aa4b592f1a863658f212037d9e0787fde9d20354f6660913bb26ed7b
2023-04-02 07:50:45,True,3.759e-05,1.187e-08,8421.0,0.001,0x7b...7235,https://bscscan.com/tx/0x8fe4665d3254ebf12b5da4449ca3f7a26725b3c3f20a352bd4b84b1c45b5fd56
2023-04-02 07:50:39,True,3.759e-05,1.187e-08,17132667.0,2.03485,0x2c...b520,https://bscscan.com/tx/0x536d5f246ac6f9fde1456a0b9a4d356d5a219fa2fdeb524f5692b5dad3ba0199
2023-04-02 07:48:39,False,3.721e-05,1.181e-08,24925000.0,2.94585,0x2b...ab1e,https://bscscan.com/tx/0xa4c06b3f7123def3a9c417bfa89b5a5d4fda2f7adcb9e298a4848b0f665dd6f4
2023-04-02 07:48:39,False,3.723e-05,1.182e-08,6094.66,7.205e-05,0x2b...ab1e,https://bscscan.com/tx/0xa4c06b3f7123def3a9c417bfa89b5a5d4fda2f7adcb9e298a4848b0f665dd6f4
2023-04-02 07:47:27,False,3.741e-05,1.182e-08,2250511.0,0.266,0x3b...324e,https://bscscan.com/tx/0x5bdef97240cffc53e1b507373199581bc747b7cb2d3de2817ac3a90531162e55
2023-04-02 07:47:27,False,3.741e-05,1.182e-08,928.648,1.097e-05,0x3b...324e,https://bscscan.com/tx/0x5bdef97240cffc53e1b507373199581bc747b7cb2d3de2817ac3a90531162e55
2023-04-02 07:45:04,True,3.758e-05,1.188e-08,65000.0,0.0077,0x05...28b9,https://bscscan.com/tx/0xf070dc1a60f44f0272519378ba68ae8bad72ddd94aefc2309bd137982fa5449f
2023-04-02 07:44:51,False,3.739e-05,1.182e-08,278107.0,0.0328,0xa0...2ae4,https://bscscan.com/tx/0x3c4def891137991fe7a139643bc5ee2151b15ee7fb4ef1ec8e1723bafd7ff56a
2023-04-02 07:44:51,False,3.739e-05,1.182e-08,17561.3,0.002,0xa0...2ae4,https://bscscan.com/tx/0x3c4def891137991fe7a139643bc5ee2151b15ee7fb4ef1ec8e1723bafd7ff56a
2023-04-02 07:43:21,True,3.758e-05,1.188e-08,300000.0,0.0356,0x05...28b9,https://bscscan.com/tx/0xbe07c9382531d74ddcaab8ec749cf1543d1ab82813354e97b7e85a10ac4f52c4
2023-04-02 07:42:06,False,3.738e-05,1.182e-08,6185587.0,0.7313,0xbc...863a,https://bscscan.com/tx/0x3908974f44f548a791befafea70a61beca7f58f99d1b7690f11b468ae8fd32de
2023-04-02 07:42:06,False,3.738e-05,1.182e-08,136593.0,0.0161,0xbc...863a,https://bscscan.com/tx/0x3908974f44f548a791befafea70a61beca7f58f99d1b7690f11b468ae8fd32de
2023-04-02 07:41:54,True,3.757e-05,1.188e-08,4097846.0,0.4869,0xa8...92b9,https://bscscan.com/tx/0x72dbb168920086c52212d1f7ef719ca431a8c6461eddccc7c997ea0c27f1a631
2023-04-02 07:40:47,True,3.756e-05,1.188e-08,4235391.0,0.5032,0xec...208e,https://bscscan.com/tx/0xd208ebd55cc1e890bef16091eed5d43d25ada109cbfdeb9bf9030602fe6c2935
2023-04-02 07:38:29,False,3.735e-05,1.182e-08,17071355.0,2.01872,0x1f...a3e1,https://bscscan.com/tx/0xa2cb316527c5685cccd04e6f3992b7db121acfe770a2a893da5fad5dd1d49e94
2023-04-02 07:38:29,False,3.736e-05,1.182e-08,67304.3,0.0079,0x1f...a3e1,https://bscscan.com/tx/0xa2cb316527c5685cccd04e6f3992b7db121acfe770a2a893da5fad5dd1d49e94
2023-04-02 07:36:02,True,3.755e-05,1.188e-08,266626.0,0.0316,0x6e...f5bb,https://bscscan.com/tx/0xa2f36dfe9ee121a619d24078f9f2e32194f600625dbcc3377730a513d7c9bfcd
2023-04-02 07:36:02,True,3.754e-05,1.188e-08,665806.0,0.0791,0x33...63b0,https://bscscan.com/tx/0xd7432c3c61aee0c58a4f70ae0081e415ca5c98483ad92708c47f232939aad406
2023-04-02 07:34:56,True,3.735e-05,1.188e-08,3365207.0,0.4,0x9e...cf88,https://bscscan.com/tx/0xde2163e6895bc96746b0af1b95664899e9afec6350d6d6a9c480f94c908afb90
2023-04-02 07:34:47,True,3.753e-05,1.188e-08,4380640.0,0.5206,0x8c...d95b,https://bscscan.com/tx/0x3fd97cf4a94e71d7951ae47748e3c730c7c93f401841fbed5d5d09e2fceabdcd
2023-04-02 07:34:23,True,3.753e-05,1.188e-08,26925.8,0.0032,0x08...9feb,https://bscscan.com/tx/0x33549e1e22e1aeadf0574a64664d0231f726355479052aa87dd83188a8f9a18c
2023-04-02 07:33:32,True,3.751e-05,1.188e-08,14236700.0,1.69166,0xb1...520c,https://bscscan.com/tx/0x26aa3e978fbb4c18e7919316cebe4a89049c76b6514054da377104b9d84310d6
2023-04-02 07:33:26,True,3.75e-05,1.187e-08,1985630.0,0.2358,0xcf...0fcb,https://bscscan.com/tx/0xe73a0c0ebd5c30759d3e37776467bfc1a53c76c3f01f28c69de0db859c94158d
2023-04-02 07:33:05,False,3.717e-05,1.182e-08,3310951.0,0.3913,0xdf...7213,https://bscscan.com/tx/0x8d92e49ccfdd774c4280f09489dbb800247dee5b8adbb1ce6de4bc3f5c50322c
2023-04-02 07:32:56,False,3.718e-05,1.182e-08,8625896.0,1.0198,0xd4...cc47,https://bscscan.com/tx/0x8b5cd4aa6beb0d07a36a625398460364cf03287c180582de4885077db0a5b979
2023-04-02 07:32:56,False,3.718e-05,1.182e-08,98483.2,0.0116,0xd4...cc47,https://bscscan.com/tx/0x8b5cd4aa6beb0d07a36a625398460364cf03287c180582de4885077db0a5b979
2023-04-02 07:32:53,True,3.735e-05,1.187e-08,33675257.0,4.0,0x9e...cf88,https://bscscan.com/tx/0xa5b09192848d9251c8590d829350652565734f997f9a2d21c9eb6da67f32739d
2023-04-02 07:31:26,False,3.716e-05,1.181e-08,2791600.0,0.3298,0x0c...9f6d,https://bscscan.com/tx/0xae4b7b852487a0b087a8e76c0b54921a0eb9a45a94cf9381a9710c3746e9728c
2023-04-02 07:31:26,False,3.716e-05,1.181e-08,234482.0,0.0277,0x0c...9f6d,https://bscscan.com/tx/0xae4b7b852487a0b087a8e76c0b54921a0eb9a45a94cf9381a9710c3746e9728c
2023-04-02 07:31:17,True,3.731e-05,1.186e-08,42131318.0,5.0,0x9e...cf88,https://bscscan.com/tx/0x371073622e05da786ef679f8d4f7de13ce45266709975ebd02fd08cd2438fa36
2023-04-02 07:31:11,True,3.729e-05,1.186e-08,337232.0,0.04,0xfe...1871,https://bscscan.com/tx/0x9345513d5983299ce15d5efa9994e24b962528405e3142e67e82c5cc07f62097
2023-04-02 07:30:32,True,3.747e-05,1.185e-08,42176703.0,5.0,0x9e...cf88,https://bscscan.com/tx/0xc344574cc741f6fb8f03dbfc8980853d124a91bb6d1ccc605e32c686312848c3
2023-04-02 07:30:05,False,3.708e-05,1.178e-08,2193400.0,0.2586,0x71...b72a,https://bscscan.com/tx/0x58812b58c0bb74acccf2a16e8d3ec351d2fc104682a9ad798a7d71561e4f8b51
2023-04-02 07:30:05,False,3.708e-05,1.179e-08,143300.0,0.0169,0x71...b72a,https://bscscan.com/tx/0x58812b58c0bb74acccf2a16e8d3ec351d2fc104682a9ad798a7d71561e4f8b51
2023-04-02 07:29:59,True,3.743e-05,1.184e-08,42219308.0,5.0,0x9e...cf88,https://bscscan.com/tx/0x2915210dadb479a6115dd4104bc510f5adb054a9d3629d2d41beed9b08610c8e
2023-04-02 07:28:47,False,3.722e-05,1.177e-08,10822378.0,1.27478,0xe2...b88a,https://bscscan.com/tx/0xd61cb2d601b72157a4c945d28e8b7599c79d8257b6f29b062994343e51c09e78
2023-04-02 07:28:47,False,3.723e-05,1.178e-08,15121.0,0.0017,0xe2...b88a,https://bscscan.com/tx/0xd61cb2d601b72157a4c945d28e8b7599c79d8257b6f29b062994343e51c09e78
2023-04-02 07:28:11,True,3.74e-05,1.183e-08,100000.0,0.0118,0x05...28b9,https://bscscan.com/tx/0x7ba50a823c546f098256e1c5cbb0b620718790f3f3099ee42e23a07cae69ab87
2023-04-02 07:26:08,False,3.722e-05,1.178e-08,5483869.0,0.646,0x96...beb4,https://bscscan.com/tx/0xeebdc0973496b13a6c401fbb1a46d2126614ccca550bdf00854a32995bc4ac56
2023-04-02 07:26:08,False,3.722e-05,1.178e-08,137656.0,0.0162,0x96...beb4,https://bscscan.com/tx/0xeebdc0973496b13a6c401fbb1a46d2126614ccca550bdf00854a32995bc4ac56
2023-04-02 07:23:44,True,3.738e-05,1.183e-08,50595248.0,5.98739,0xfe...5ad3,https://bscscan.com/tx/0x308a1718f0ea134d52827e2d3add8464c9d07215c2edf1f3384a77cdec9dd95e
2023-04-02 07:23:41,False,3.717e-05,1.176e-08,387456.0,0.0455,0xa7...4450,https://bscscan.com/tx/0x99c4d9bd50799bf1532749fe7fced162c12aa3e98bb1231330785cfbb10cfcb6
2023-04-02 07:23:41,False,3.717e-05,1.176e-08,757962.0,0.0891,0xa7...4450,https://bscscan.com/tx/0x99c4d9bd50799bf1532749fe7fced162c12aa3e98bb1231330785cfbb10cfcb6
2023-04-02 07:23:38,True,3.733e-05,1.181e-08,50765366.0,6.0,0x19...114f,https://bscscan.com/tx/0x48dee795375ef0826afdf05f3c56bd4d1535cf16ba0f90913dd60c293ade9770
2023-04-02 07:23:32,True,3.731e-05,1.181e-08,550000.0,0.0649,0x3a...1336,https://bscscan.com/tx/0xb8fde98fe26759d4b3057768f23334c0d6ed51ce861743b1f7193635caf0decc
2023-04-02 07:22:14,True,3.731e-05,1.181e-08,550000.0,0.0649,0x05...28b9,https://bscscan.com/tx/0xda41ecdd2673a634f36e4377f254870bc7badf2d9ac62da436b227ddaa5d06ed
2023-04-02 07:21:40,True,3.707e-05,1.179e-08,100300903.0,11.8317,0x9b...2220,https://bscscan.com/tx/0x4476c7bc6fa1fddf2252d02f1ebefe1a5ed39361c76d5dec8bddf95fdcd06f8c
2023-04-02 07:21:40,True,3.702e-05,1.178e-08,5374028.0,0.633,0x09...712a,https://bscscan.com/tx/0x7e17e1d203e278a2a069acf4b97dc5eec5d03fcf6aa88f360aecf0a55d7d46f0
2023-04-02 07:21:10,True,3.719e-05,1.177e-08,26900817.0,3.16775,0xc1...f4fe,https://bscscan.com/tx/0x9bbecb833a6fa048502459eece26534247347ee9a7ca5a92f149acf9b271cdd5
2023-04-02 07:21:01,True,3.698e-05,1.176e-08,30090168.0,3.54077,0x20...946b,https://bscscan.com/tx/0x8acd9dd417c093538c6052b22c298ef50bea4a116e53eaf66394fc55f15cfbc5
2023-04-02 07:19:37,True,3.697e-05,1.176e-08,525717.0,0.0618,0xf1...6451,https://bscscan.com/tx/0x6ec37ddfe33096a4ad31a97a689f159b26818111c716d9e4ea75aa84d4f17bae
2023-04-02 07:19:22,True,3.697e-05,1.176e-08,834283.0,0.0981,0xe1...6347,https://bscscan.com/tx/0xe55902783ec5563fbccbe6fa4e6fb8563eab4cab5ea2acb689086d6f06d39841
2023-04-02 07:19:19,True,3.715e-05,1.176e-08,2700000.0,0.3175,0x05...28b9,https://bscscan.com/tx/0x4f3e3093712bbc506cd2269492cce43635e301da50ca668650bd805d7d13be88
2023-04-02 07:18:46,True,3.696e-05,1.176e-08,8357668.0,0.9828,0xac...7b83,https://bscscan.com/tx/0x3277e3ebcfa872f09ee2644a86d4b5fbc9024271f92c829344857f944ddc803d
2023-04-02 07:17:46,False,3.698e-05,1.17e-08,44457366.0,5.20458,0xf3...19f4,https://bscscan.com/tx/0x1d67ddae8017dc0eefc22ab12de9c81dcae91527ef0c4063af896334f7cf2e32
2023-04-02 07:17:46,False,3.7e-05,1.171e-08,3816.93,4.47e-05,0xf3...19f4,https://bscscan.com/tx/0x1d67ddae8017dc0eefc22ab12de9c81dcae91527ef0c4063af896334f7cf2e32
2023-04-02 07:15:10,False,3.699e-05,1.171e-08,1406772.0,0.1647,0x46...a215,https://bscscan.com/tx/0x15feda29fb14012e1cb77df9a9af6ce942062bced952b5c1533371e7f7186277
2023-04-02 07:15:10,False,3.699e-05,1.171e-08,427121.0,0.05,0x46...a215,https://bscscan.com/tx/0x15feda29fb14012e1cb77df9a9af6ce942062bced952b5c1533371e7f7186277
2023-04-02 07:14:46,True,3.696e-05,1.176e-08,73674893.0,8.66551,0x16...460d,https://bscscan.com/tx/0x0a48624b706454f6743b3006e91af4a790a6e7ee5ffdfc53bda0e13005b30265
2023-04-02 07:12:55,True,3.691e-05,1.174e-08,33045459.0,3.88152,0xfe...5ad3,https://bscscan.com/tx/0x8c7a9af7e823066366ada4c6c5d604c56d325bf8604be8d5d89c430b4b19f990
2023-04-02 07:12:52,True,3.688e-05,1.173e-08,30090197.0,3.53159,0x20...946b,https://bscscan.com/tx/0x619e4798a4b773815fa02b89544948ce9f975c683ccea564b7e4b8fc66245ce4
2023-04-02 07:11:37,False,3.687e-05,1.167e-08,20376763.0,2.37932,0xea...3ea2,https://bscscan.com/tx/0x60e488b7c06e4f32b31b872d7f8e4d9dfaf6cb0f681ad626b7427bb1fc179594
2023-04-02 07:11:37,False,3.688e-05,1.167e-08,379988.0,0.0443,0xea...3ea2,https://bscscan.com/tx/0x60e488b7c06e4f32b31b872d7f8e4d9dfaf6cb0f681ad626b7427bb1fc179594
2023-04-02 07:10:52,True,3.701e-05,1.171e-08,135211052.0,15.8445,0x5c...216d,https://bscscan.com/tx/0x0e33396808eeb51138f0a17052c639d361fa6bc89e0a2a2d78d1f537ee592519
2023-04-02 07:08:40,True,3.676e-05,1.169e-08,40926.0,0.0047,0x13...1ed0,https://bscscan.com/tx/0x6174c8ddf3d6d8897ca15ad4daaa62f8c6b316b8b8ae6cc1d97dd70a32d936df
2023-04-02 07:08:34,False,3.658e-05,1.164e-08,5467702.0,0.6364,0x1f...9877,https://bscscan.com/tx/0xfdb927ed4a2b91a5cdf5356ab358ad53c70d8a617052dc341e73aff7c2ac501e
2023-04-02 07:08:34,False,3.658e-05,1.164e-08,855.505,9.959e-06,0x1f...9877,https://bscscan.com/tx/0xfdb927ed4a2b91a5cdf5356ab358ad53c70d8a617052dc341e73aff7c2ac501e
2023-04-02 07:05:07,False,3.676e-05,1.164e-08,315903.0,0.0367,0xc6...78b7,https://bscscan.com/tx/0xb83d2daebad0cf46f14a91a94ec64e819676a6a67fd093392c78afd5f3e9ec82
2023-04-02 07:05:07,False,3.676e-05,1.164e-08,76154.5,0.0088,0xc6...78b7,https://bscscan.com/tx/0xb83d2daebad0cf46f14a91a94ec64e819676a6a67fd093392c78afd5f3e9ec82
2023-04-02 07:04:34,False,3.659e-05,1.164e-08,28120741.0,3.2749,0xed...38a8,https://bscscan.com/tx/0x9cfda5916b0ff057cee0d6b30802ba022b1ff965c1fc88bee33d9111c5126c35
2023-04-02 07:04:34,False,3.661e-05,1.164e-08,41506.2,0.0048,0xed...38a8,https://bscscan.com/tx/0x9cfda5916b0ff057cee0d6b30802ba022b1ff965c1fc88bee33d9111c5126c35
2023-04-02 06:58:52,True,3.697e-05,1.17e-08,46023.3,0.0053,0xe0...dd33,https://bscscan.com/tx/0xc68c53f1d2e9cca82faccecb1baf9a0e8f8df6809cd9f33f1851376c85b464b0
2023-04-02 06:57:49,True,3.678e-05,1.17e-08,5215124.0,0.6105,0xe7...6c46,https://bscscan.com/tx/0xbb7db6fd4fc4c09c22995e1d8c47a34c2c84d5f4dc0c8f8d3df88b961eaa964d
2023-04-02 06:57:16,True,3.696e-05,1.17e-08,400623.0,0.0469,0x59...b70f,https://bscscan.com/tx/0x1ffb0d9ad56913e1e5e42362b3af40dabad7c147e7ae213c75cebea456c50afc
2023-04-02 06:56:13,True,3.698e-05,1.17e-08,269246.0,0.0315,0x1c...550e,https://bscscan.com/tx/0x4382fd0508606ea6ae90d67d6297a49a500ad2a91996ba03d64e647da5832c03
2023-04-02 06:52:34,True,3.677e-05,1.17e-08,8690041.0,1.0172,0xef...b39a,https://bscscan.com/tx/0x9921970c81702d019ee3ebe49a98b809d8bfa4299007b3b0855aab3f2a9ef15d
2023-04-02 06:50:13,False,3.659e-05,1.164e-08,46397.9,0.0054,0x77...9ebc,https://bscscan.com/tx/0x4a520a6e3a69bd50b439936ecdb5065714d0a66a1c56a3667990a9c0241730a2
2023-04-02 06:50:13,False,3.659e-05,1.164e-08,31398.0,0.0036,0x77...9ebc,https://bscscan.com/tx/0x4a520a6e3a69bd50b439936ecdb5065714d0a66a1c56a3667990a9c0241730a2
2023-04-02 06:49:28,True,3.695e-05,1.17e-08,4699471.0,0.55,0xc4...d30c,https://bscscan.com/tx/0x71e78caa4468407afcae39ef163a5663f610b1af32f413b5c46ef9c5246a3cfd
2023-04-02 06:47:37,True,3.694e-05,1.17e-08,42725.0,0.005,0xdc...8812,https://bscscan.com/tx/0x095ee4bb61cfe98c726f28b9e3fb61390f4a7ccaae4346dc4e46742917d51b32
2023-04-02 06:46:55,True,3.694e-05,1.17e-08,273441.0,0.032,0x99...f202,https://bscscan.com/tx/0x7fdcaa32515825208c110d8b9f4f514b0b7dc7192258a90f0bce24b4a3b2573b
2023-04-02 06:46:43,True,3.675e-05,1.17e-08,135345.0,0.0158,0xd1...8c38,https://bscscan.com/tx/0x0cbf174e6f7c2cd10fd6461653882efac903477ca4e4ff78cfc147b46f6883be
2023-04-02 06:45:34,True,3.694e-05,1.17e-08,3930938.0,0.46,0x60...3b07,https://bscscan.com/tx/0x26808a77cacaf5d70904e05f3a31239498085a0203891062517e8e672516f5f3
2023-04-02 06:42:16,True,3.694e-05,1.17e-08,828965.0,0.097,0x92...c0bb,https://bscscan.com/tx/0x2a6bd1b30a722feee9fec606a67112582b53ad7f74d249afe914d182cfd78a41
2023-04-02 06:41:55,True,3.694e-05,1.17e-08,213154.0,0.0249,0x16...e7ae,https://bscscan.com/tx/0x8f5be2e20b7641974205921fa77ec44e2050175cb1375c94f2a8d7887034c0ba
2023-04-02 06:41:28,False,3.657e-05,1.164e-08,1500341.0,0.1746,0x3b...324e,https://bscscan.com/tx/0xc7f48239de5f134722d93056d1813722a63b679290ab4f3ed48abdb7877bbe31
2023-04-02 06:41:28,False,3.657e-05,1.164e-08,7032.56,8.188e-05,0x3b...324e,https://bscscan.com/tx/0xc7f48239de5f134722d93056d1813722a63b679290ab4f3ed48abdb7877bbe31
2023-04-02 06:40:58,False,3.657e-05,1.164e-08,2596836.0,0.3023,0x70...6fea,https://bscscan.com/tx/0x10aee3e4b5622a6ed4350b295dbca737ff306d3fa8b0f8fa0ba8bc9691e58ae2
2023-04-02 06:40:58,False,3.657e-05,1.164e-08,1485.0,1.729e-05,0x70...6fea,https://bscscan.com/tx/0x10aee3e4b5622a6ed4350b295dbca737ff306d3fa8b0f8fa0ba8bc9691e58ae2
2023-04-02 06:39:46,False,3.675e-05,1.164e-08,548350.0,0.0638,0x8a...7823,https://bscscan.com/tx/0x8de4e260ea33cb716b9c706bf27f22c989c9a793313678018ff6d8c30d6d457f
2023-04-02 06:39:46,False,3.675e-05,1.164e-08,52938.3,0.0061,0x8a...7823,https://bscscan.com/tx/0x8de4e260ea33cb716b9c706bf27f22c989c9a793313678018ff6d8c30d6d457f
2023-04-02 06:38:40,True,3.694e-05,1.169e-08,18800000.0,2.19956,0x55...3fa9,https://bscscan.com/tx/0x62c2dc973b7121632b5d6406484321faa36d4b644c62fa1c866def4bd61f2cbc
2023-04-02 06:37:40,False,3.674e-05,1.163e-08,804348.0,0.0936,0x8f...2785,https://bscscan.com/tx/0x7e78171d5f3f3cb37689a7ba5bf8144c40a54affaee926b4cfe95b9a63d3c1ce
2023-04-02 06:37:40,False,3.674e-05,1.163e-08,28000.9,0.0032,0x8f...2785,https://bscscan.com/tx/0x7e78171d5f3f3cb37689a7ba5bf8144c40a54affaee926b4cfe95b9a63d3c1ce
2023-04-02 06:37:19,False,3.675e-05,1.164e-08,10339582.0,1.20356,0x98...0fa6,https://bscscan.com/tx/0xa20fabc9b82c87271906826e5cd60c872b96d7669c1cb48febb829f9f298df29
2023-04-02 06:37:19,False,3.675e-05,1.164e-08,14558.1,0.0016,0x98...0fa6,https://bscscan.com/tx/0xa20fabc9b82c87271906826e5cd60c872b96d7669c1cb48febb829f9f298df29
2023-04-02 06:37:13,False,3.676e-05,1.164e-08,5375706.0,0.6258,0x19...376c,https://bscscan.com/tx/0xd53f7a78e2a93ad672e6e0f15cb9e744f90961da11e63dbb0ec71bc0a969e919
2023-04-02 06:37:13,False,3.676e-05,1.164e-08,442239.0,0.0514,0x19...376c,https://bscscan.com/tx/0xd53f7a78e2a93ad672e6e0f15cb9e744f90961da11e63dbb0ec71bc0a969e919
2023-04-02 06:36:46,True,3.676e-05,1.17e-08,7253130.0,0.8486,0xfe...9c2d,https://bscscan.com/tx/0x139a66f373ea8db62fa59e123b96ad1f39aa3097dad34f79a33ec5bb06b4d63f
2023-04-02 06:36:46,True,3.675e-05,1.169e-08,9299876.0,1.08795,0xc0...c83e,https://bscscan.com/tx/0x5a632e8411c41f590905a087e4437b16677681bea5ec823469cfe925afbfe7de
2023-04-02 06:36:46,False,3.664e-05,1.166e-08,163300883.0,19.0452,0xa5...0e47,https://bscscan.com/tx/0xa6023e27dbf0a45c77f19300ab76e93c2c3bf7fbffab8ecf1654feeb3feececb
2023-04-02 06:36:46,False,3.671e-05,1.168e-08,62640.7,0.0073,0xa5...0e47,https://bscscan.com/tx/0xa6023e27dbf0a45c77f19300ab76e93c2c3bf7fbffab8ecf1654feeb3feececb
2023-04-02 06:36:31,False,3.672e-05,1.168e-08,23130657.0,2.70397,0x19...9032,https://bscscan.com/tx/0x8c028d065f4ff8f8880b51e91e7786a59052b397a818f18bbdc5f6fcc0a8622f
2023-04-02 06:36:31,False,3.673e-05,1.169e-08,28807.1,0.0033,0x19...9032,https://bscscan.com/tx/0x8c028d065f4ff8f8880b51e91e7786a59052b397a818f18bbdc5f6fcc0a8622f
2023-04-02 06:35:55,False,3.674e-05,1.169e-08,10637305.0,1.24403,0x54...833b,https://bscscan.com/tx/0x572ed91ed47dc8f844b396cc83202457ac5fefdabb80e3366f3b45fe2cefe5a2
2023-04-02 06:35:55,False,3.675e-05,1.169e-08,5085.36,5.948e-05,0x54...833b,https://bscscan.com/tx/0x572ed91ed47dc8f844b396cc83202457ac5fefdabb80e3366f3b45fe2cefe5a2
2023-04-02 06:34:31,False,3.692e-05,1.169e-08,1877815.0,0.2196,0x87...52dd,https://bscscan.com/tx/0x94a324d0f08a179d871c26c8f53963087a13f0d97a6a1b7eb6ef5ce43943bc2d
2023-04-02 06:34:31,False,3.692e-05,1.169e-08,206510.0,0.0241,0x87...52dd,https://bscscan.com/tx/0x94a324d0f08a179d871c26c8f53963087a13f0d97a6a1b7eb6ef5ce43943bc2d
2023-04-02 06:34:10,True,3.692e-05,1.175e-08,981833.0,0.1154,0x16...e7ae,https://bscscan.com/tx/0x107bb6b9f06b0fe9f718eee91928043cdbf2fa50993a42d573a84639624f8369
2023-04-02 06:32:34,True,3.689e-05,1.174e-08,71904928.0,8.44515,0xe1...e4d5,https://bscscan.com/tx/0xb3eb1158c3370edffa99e62fe4006ca8cada340ef9a46a74427b3cd95c531564
2023-04-02 06:31:46,False,3.686e-05,1.167e-08,3587540.0,0.4188,0x2d...cb0f,https://bscscan.com/tx/0xffa833771fa4fe2a6d84ce978def00b48bb9a0d7a8ce29865a5fe3c828ffeae8
2023-04-02 06:31:46,False,3.686e-05,1.167e-08,549585.0,0.0641,0x2d...cb0f,https://bscscan.com/tx/0xffa833771fa4fe2a6d84ce978def00b48bb9a0d7a8ce29865a5fe3c828ffeae8
2023-04-02 06:30:39,True,3.686e-05,1.173e-08,720618.0,0.0845,0xdc...c6dd,https://bscscan.com/tx/0xe273db6c102aafa007ba4e01bf7eed6b21e3e3540314ffef8c843cbe302cb5e8
2023-04-02 06:30:18,True,3.685e-05,1.173e-08,398038.0,0.0467,0xbb...c106,https://bscscan.com/tx/0x4f462abd64a1a934ad6ce496c9f157d5da419038f120e4a7414090c3891acba0
2023-04-02 06:30:18,True,3.684e-05,1.173e-08,4837280.0,0.5676,0x23...54c9,https://bscscan.com/tx/0x70547f7d7478d6f023757169dfc5032aee9848c4b2f1f85f634b0418bd0bc7fd
2023-04-02 06:30:12,False,3.675e-05,1.17e-08,201824013.0,23.6232,0x18...1ab1,https://bscscan.com/tx/0x605c2b5032971b72bc21e30ad363eafb42d0a0244312f1288b497c6a0460ddfa
2023-04-02 06:30:12,False,3.684e-05,1.173e-08,73300.0,0.0086,0x18...1ab1,https://bscscan.com/tx/0x605c2b5032971b72bc21e30ad363eafb42d0a0244312f1288b497c6a0460ddfa
2023-04-02 06:30:00,False,3.687e-05,1.173e-08,27066717.0,3.17726,0x3b...0b3f,https://bscscan.com/tx/0x00ef0d093127a70a8e9fbef664e92979f5de77e5c80d3935e46d6316a4d6ce82
2023-04-02 06:30:00,False,3.689e-05,1.174e-08,270000.0,0.0317,0x3b...0b3f,https://bscscan.com/tx/0x00ef0d093127a70a8e9fbef664e92979f5de77e5c80d3935e46d6316a4d6ce82
2023-04-02 06:29:42,False,3.711e-05,1.175e-08,99700000.0,11.7222,0x9b...2220,https://bscscan.com/tx/0x58e28d71ab40030e9aab0b6148788c584170a05bfca4c46e7d132352d17395a7
2023-04-02 06:29:42,False,3.716e-05,1.177e-08,42106.0,0.0049,0x9b...2220,https://bscscan.com/tx/0x58e28d71ab40030e9aab0b6148788c584170a05bfca4c46e7d132352d17395a7
2023-04-02 06:29:24,False,3.698e-05,1.177e-08,15548015.0,1.83072,0x20...946b,https://bscscan.com/tx/0x997b19182220eaa6c5fc0365f624fd2a7e2d953ac45758f582b85a62cd01d630
2023-04-02 06:29:24,False,3.698e-05,1.177e-08,112037.0,0.0131,0x20...946b,https://bscscan.com/tx/0x997b19182220eaa6c5fc0365f624fd2a7e2d953ac45758f582b85a62cd01d630
2023-04-02 06:28:30,False,3.702e-05,1.178e-08,27018766.0,3.18307,0x3b...0b3f,https://bscscan.com/tx/0xa187499dedfdc0d43aaf9e310d6c8a4f50266be66e5c45c97af0551f48c9b6cc
2023-04-02 06:28:30,False,3.703e-05,1.178e-08,217098.0,0.0255,0x3b...0b3f,https://bscscan.com/tx/0xa187499dedfdc0d43aaf9e310d6c8a4f50266be66e5c45c97af0551f48c9b6cc
2023-04-02 06:24:48,False,3.723e-05,1.179e-08,80165324.0,9.4571,0x16...460d,https://bscscan.com/tx/0x2044bc03dce4f9678b5592c14b313f2cc97ce68d135d7f1a8ee31be30fb244c7
2023-04-02 06:24:48,False,3.726e-05,1.18e-08,18263.6,0.0021,0x16...460d,https://bscscan.com/tx/0x2044bc03dce4f9678b5592c14b313f2cc97ce68d135d7f1a8ee31be30fb244c7
2023-04-02 06:23:39,True,3.729e-05,1.186e-08,63194.1,0.0075,0xff...fd76,https://bscscan.com/tx/0xee8864a426097af408b1e255f257d6b1c3226b3e983a6ed32f10285b984e1055
2023-04-02 06:20:30,True,3.749e-05,1.186e-08,723873.0,0.0859,0x38...a461,https://bscscan.com/tx/0x7bf507fd70bbb3fe72d0df190b9885fcebde61e5380cb160ce7f15e03f4f593d
2023-04-02 06:18:54,False,3.731e-05,1.18e-08,3497172.0,0.4129,0x22...a0be,https://bscscan.com/tx/0xf2890296dae20b3ff82bc6c009c692272c334e9c6d63e3c48546b87a85a1e9be
2023-04-02 06:18:54,False,3.731e-05,1.18e-08,25052.6,0.0029,0x22...a0be,https://bscscan.com/tx/0xf2890296dae20b3ff82bc6c009c692272c334e9c6d63e3c48546b87a85a1e9be
2023-04-02 06:12:54,False,3.731e-05,1.181e-08,9250905.0,1.09264,0x5a...e6e3,https://bscscan.com/tx/0xeca045091e285bd4b0c8f4e7b55dbfc6c7b14d1356b8042cedf52f65324b5f90
2023-04-02 06:12:54,False,3.732e-05,1.181e-08,13543.5,0.0016,0x5a...e6e3,https://bscscan.com/tx/0xeca045091e285bd4b0c8f4e7b55dbfc6c7b14d1356b8042cedf52f65324b5f90
2023-04-02 06:10:36,False,3.714e-05,1.181e-08,16053.8,0.0019,0x4f...6db9,https://bscscan.com/tx/0xabf85a11778a1788f2402181eb3c8b620314cf1f88269aa42d1dc6aa4c7431d5
2023-04-02 06:10:36,False,3.714e-05,1.181e-08,33289.9,0.0039,0x4f...6db9,https://bscscan.com/tx/0xabf85a11778a1788f2402181eb3c8b620314cf1f88269aa42d1dc6aa4c7431d5
2023-04-02 06:10:06,False,3.733e-05,1.181e-08,12292592.0,1.45229,0x3d...4dd5,https://bscscan.com/tx/0x028d7cd4a24083de5e93122ee5243b501e203ac41322978d3d0507b27e2676b3
2023-04-02 06:10:06,False,3.734e-05,1.181e-08,42481.9,0.005,0x3d...4dd5,https://bscscan.com/tx/0x028d7cd4a24083de5e93122ee5243b501e203ac41322978d3d0507b27e2676b3
2023-04-02 06:09:12,False,3.734e-05,1.181e-08,15686817.0,1.85396,0xb6...855b,https://bscscan.com/tx/0x4eb4b9a081b4a43d8bad5c4e2c0193156b4d08197c2f187eeb9faca0789fb88d
2023-04-02 06:09:12,False,3.735e-05,1.182e-08,20248.6,0.0023,0xb6...855b,https://bscscan.com/tx/0x4eb4b9a081b4a43d8bad5c4e2c0193156b4d08197c2f187eeb9faca0789fb88d
2023-04-02 06:08:30,False,3.735e-05,1.182e-08,7476987.0,0.8839,0x05...7066,https://bscscan.com/tx/0xd4c576cdf6ec67b8846a654ee5ccad98a663c294b137575b57af4c8ab4dc6f88
2023-04-02 06:08:30,False,3.735e-05,1.182e-08,19308.6,0.0022,0x05...7066,https://bscscan.com/tx/0xd4c576cdf6ec67b8846a654ee5ccad98a663c294b137575b57af4c8ab4dc6f88
2023-04-02 06:07:51,False,3.717e-05,1.182e-08,7129892.0,0.843,0xb4...72f1,https://bscscan.com/tx/0x5535b295487353b3231740e0407c2cff085dfcd2d3605fcc984413805cc65d1e
2023-04-02 06:07:51,False,3.717e-05,1.182e-08,72621.6,0.0085,0xb4...72f1,https://bscscan.com/tx/0x5535b295487353b3231740e0407c2cff085dfcd2d3605fcc984413805cc65d1e
2023-04-02 06:07:15,False,3.737e-05,1.182e-08,26816210.0,3.17218,0x3b...0b3f,https://bscscan.com/tx/0xa1ab9f1456ec45f32bcf5cc224959f228220c90d55775c3c77a6a9153552f84c
2023-04-02 06:07:15,False,3.738e-05,1.183e-08,37566.6,0.0044,0x3b...0b3f,https://bscscan.com/tx/0xa1ab9f1456ec45f32bcf5cc224959f228220c90d55775c3c77a6a9153552f84c
2023-04-02 06:07:09,False,3.739e-05,1.183e-08,13871800.0,1.64179,0x05...7066,https://bscscan.com/tx/0xa8031184fe83e5e41dc6e54bf8761fc195f713c9c1142e9496949a5a11624f45
2023-04-02 06:07:09,False,3.74e-05,1.183e-08,270000.0,0.0319,0x05...7066,https://bscscan.com/tx/0xa8031184fe83e5e41dc6e54bf8761fc195f713c9c1142e9496949a5a11624f45
2023-04-02 06:06:57,False,3.744e-05,1.185e-08,99700000.0,11.817,0x9b...2220,https://bscscan.com/tx/0x5688925d103d00e821319b1a24adf589486d4992dd86947b239dcace07186f39
2023-04-02 06:06:57,False,3.749e-05,1.186e-08,80973.0,0.0096,0x9b...2220,https://bscscan.com/tx/0x5688925d103d00e821319b1a24adf589486d4992dd86947b239dcace07186f39
2023-04-02 06:06:54,False,3.75e-05,1.187e-08,29900030.0,3.54975,0x20...946b,https://bscscan.com/tx/0x1e09bccab79fbf532fbbdc5aa5a19d15a32d5bc5f3eefaf3f8aeb3885555e361
2023-04-02 06:06:54,False,3.752e-05,1.187e-08,18001.4,0.0021,0x20...946b,https://bscscan.com/tx/0x1e09bccab79fbf532fbbdc5aa5a19d15a32d5bc5f3eefaf3f8aeb3885555e361
2023-04-02 06:03:03,False,3.751e-05,1.187e-08,6647198.0,0.7895,0x4a...9a01,https://bscscan.com/tx/0x2180a0b284ff211ef7efb675121b4bb53edc667c26d9eb986467a296dc212746
2023-04-02 06:03:03,False,3.752e-05,1.187e-08,8404265.0,0.9984,0x00...b31a,https://bscscan.com/tx/0xdebce3f311e0aceae5d7de18234a2c12fdb34b62322637871bd881b531a67f4f
2023-04-02 06:03:03,False,3.753e-05,1.188e-08,5855722.0,0.6957,0x00...3a3b,https://bscscan.com/tx/0x27e78e1a68446041903a415387b3067625b96417d5f97b68fe7ae1b67b6b4ffd
2023-04-02 06:03:03,False,3.753e-05,1.188e-08,357327.0,0.0424,0x00...3a3b,https://bscscan.com/tx/0x27e78e1a68446041903a415387b3067625b96417d5f97b68fe7ae1b67b6b4ffd
2023-04-02 06:03:00,True,3.766e-05,1.192e-08,130776130.0,15.5921,0x8b...29ef,https://bscscan.com/tx/0x262e308d6b7f3272baf7e62740c1bfaaaf9483ef39b4ddaceb5ca755c7e101db
2023-04-02 06:01:51,False,3.741e-05,1.184e-08,1562656.0,0.185,0x0e...c17d,https://bscscan.com/tx/0x194fa0d494e71f2d38172f9e52cdabb713a02c27b804bab81e3ee6c652f6aebd
2023-04-02 06:01:51,False,3.741e-05,1.184e-08,10402.1,0.0012,0x0e...c17d,https://bscscan.com/tx/0x194fa0d494e71f2d38172f9e52cdabb713a02c27b804bab81e3ee6c652f6aebd
2023-04-02 06:01:48,False,3.741e-05,1.184e-08,3841065.0,0.4549,0x01...585d,https://bscscan.com/tx/0xf466c1171c38bfd693394ad4d533c5c9abc103bb997a0a2cb622551e20d2d09a
2023-04-02 06:01:48,False,3.741e-05,1.184e-08,2.26121,2.678e-08,0x01...585d,https://bscscan.com/tx/0xf466c1171c38bfd693394ad4d533c5c9abc103bb997a0a2cb622551e20d2d09a
2023-04-02 06:01:45,False,3.741e-05,1.184e-08,834.973,9.89e-06,0xee...399a,https://bscscan.com/tx/0x64f87a168bbc004f4c52002e2aea1f4d191256ebb1a0f2ba60921032db113059
2023-04-02 06:01:45,False,3.741e-05,1.184e-08,226902.0,0.0268,0xee...399a,https://bscscan.com/tx/0x64f87a168bbc004f4c52002e2aea1f4d191256ebb1a0f2ba60921032db113059
2023-04-02 06:01:30,True,3.76e-05,1.19e-08,840.005,1e-05,0xee...399a,https://bscscan.com/tx/0x6be34c425e987128c11c878b02d3aa5ba096094134d55ce05733304cd734fa44
2023-04-02 06:01:24,True,3.76e-05,1.19e-08,2612488.0,0.311,0x70...6fea,https://bscscan.com/tx/0x9dbe530918257be2513ffec165b5c015558c37f9334f14b7286166461f3847c8
2023-04-02 06:01:09,True,3.737e-05,1.189e-08,80648489.0,9.59048,0x16...460d,https://bscscan.com/tx/0x7e40d580c1c944952cd55c71ec03f561e1f53e1b42c871d179324e357715d907
2023-04-02 06:00:48,False,3.715e-05,1.182e-08,773707.0,0.0914,0x8b...8ec8,https://bscscan.com/tx/0x6db7b61e5f4a688360aafb8769007f581201ec9c210ff6e74f740cedaad8a8da
2023-04-02 06:00:48,False,3.715e-05,1.182e-08,145909.0,0.0172,0x8b...8ec8,https://bscscan.com/tx/0x6db7b61e5f4a688360aafb8769007f581201ec9c210ff6e74f740cedaad8a8da
2023-04-02 06:00:09,True,3.733e-05,1.187e-08,14791395.0,1.75686,0xf6...8692,https://bscscan.com/tx/0xbdb7331650a59a953569cafeb02dfe1f51b2f4f4123417622f3eb5aa94d25df7
2023-04-02 05:59:15,True,3.749e-05,1.187e-08,30509662.0,3.62174,0xe8...9f2c,https://bscscan.com/tx/0xf4a9cf7273cccc37bc59973c7a17664716958aa8e357f4a60cb102b09a3b9b74
2023-04-02 05:59:00,True,3.727e-05,1.186e-08,337093.0,0.04,0x64...1792,https://bscscan.com/tx/0xbf21a19e38b96abe1a6bc18935ae63897a7a37f11c99a4076de92fcefc89f6de
2023-04-02 05:57:36,False,3.73e-05,1.18e-08,2876527.0,0.3396,0xb2...368d,https://bscscan.com/tx/0x0b24369c8877fdbe5b67b2dd1e9f36144d1c1ce31aaa326a4351fdeee5f17a29
2023-04-02 05:57:36,False,3.73e-05,1.18e-08,3874.49,4.574e-05,0xb2...368d,https://bscscan.com/tx/0x0b24369c8877fdbe5b67b2dd1e9f36144d1c1ce31aaa326a4351fdeee5f17a29
2023-04-02 05:57:15,True,3.749e-05,1.186e-08,434997.0,0.0516,0xf0...8824,https://bscscan.com/tx/0xfa4d1f45cdb484b860ed38ff6747b105ea0a4df1e2e8f6e15e9f0c6e8fdc8170
2023-04-02 05:56:57,False,3.712e-05,1.18e-08,997000.0,0.1177,0x84...6a2f,https://bscscan.com/tx/0xa087b1abdbe183e2c58cbb951847e636fe4d71c264c4ff5338c5d395dd4cd43d
2023-04-02 05:56:57,False,3.712e-05,1.18e-08,43940.6,0.0051,0x84...6a2f,https://bscscan.com/tx/0xa087b1abdbe183e2c58cbb951847e636fe4d71c264c4ff5338c5d395dd4cd43d
2023-04-02 05:56:45,True,3.749e-05,1.186e-08,266472.0,0.0316,0x97...acf9,https://bscscan.com/tx/0xd4b9e1dcfc39c38b6530fc1e879155acc2671e39947da78cb8a2d9c758a07e96
2023-04-02 05:56:00,True,3.73e-05,1.186e-08,333333.0,0.0395,0x3a...2ec4,https://bscscan.com/tx/0x5b19153ff49fb9cfc1bad6e8d06c655f669e4c6902fe04878a0b101c114980f7
2023-04-02 05:52:39,True,3.747e-05,1.186e-08,12366681.0,1.46732,0x3d...4dd5,https://bscscan.com/tx/0x02cdc3ea41caa20adf99d05e6c9ac711672736fe4c2e41871ce65fa6563cfe28
2023-04-02 05:47:39,False,3.71e-05,1.18e-08,3289442.0,0.3883,0xf4...7438,https://bscscan.com/tx/0x54a2065886a35235886198847cf24a1e53c18f6b7137dbd56ea2fd08f09d4c75
2023-04-02 05:47:39,False,3.71e-05,1.18e-08,476367.0,0.0562,0xf4...7438,https://bscscan.com/tx/0x54a2065886a35235886198847cf24a1e53c18f6b7137dbd56ea2fd08f09d4c75
2023-04-02 05:46:57,True,3.748e-05,1.186e-08,2600000.0,0.3084,0x01...4ce3,https://bscscan.com/tx/0xf7a9d01ce182f9c5cbc29820effe82f7830d85674b7486f1f3618f0ca5afa4d4
2023-04-02 05:46:33,True,3.739e-05,1.183e-08,167637284.0,19.8456,0xc1...37bb,https://bscscan.com/tx/0xe3bb684cbec0bed67a37a36698158ab097c2b25eeac3328db8bb6d2d3a4b3e52
2023-04-02 05:46:15,False,3.693e-05,1.175e-08,6176415.0,0.726,0x7f...d64d,https://bscscan.com/tx/0x28f0643cee05532a1927f81771fd1d7eba222b8ecd48da464ab3d01eaa8f60f0
2023-04-02 05:46:15,False,3.693e-05,1.175e-08,45806.3,0.0053,0x7f...d64d,https://bscscan.com/tx/0x28f0643cee05532a1927f81771fd1d7eba222b8ecd48da464ab3d01eaa8f60f0
2023-04-02 05:44:48,False,3.714e-05,1.175e-08,16914404.0,1.98892,0xee...60af,https://bscscan.com/tx/0x0b9e60d97ef6e31b2f4abc84e5a873749cc5873d4377c2b5fa0be7321d791810
2023-04-02 05:44:48,False,3.715e-05,1.176e-08,73031.4,0.0085,0xee...60af,https://bscscan.com/tx/0x0b9e60d97ef6e31b2f4abc84e5a873749cc5873d4377c2b5fa0be7321d791810
2023-04-02 05:44:27,False,3.716e-05,1.176e-08,26967525.0,3.1728,0x3b...0b3f,https://bscscan.com/tx/0xf4da0ed78e5c72de75c30b620e5fb3fab4006da3b9afecbfcbf67223947ffd6f
2023-04-02 05:44:27,False,3.718e-05,1.176e-08,80973.0,0.0095,0x3b...0b3f,https://bscscan.com/tx/0xf4da0ed78e5c72de75c30b620e5fb3fab4006da3b9afecbfcbf67223947ffd6f
2023-04-02 05:44:18,False,3.719e-05,1.177e-08,29900029.0,3.52035,0x20...946b,https://bscscan.com/tx/0x6906661f43e22081300fb7293c7363ebb9f0521903a1c39e0a7214e8afeeb99f
2023-04-02 05:44:18,False,3.72e-05,1.177e-08,270000.0,0.0318,0x20...946b,https://bscscan.com/tx/0x6906661f43e22081300fb7293c7363ebb9f0521903a1c39e0a7214e8afeeb99f
2023-04-02 05:44:15,False,3.725e-05,1.179e-08,99700000.0,11.7577,0x9b...2220,https://bscscan.com/tx/0x7f140b6f88c99c61af1012cc6cfec5b7919588c6ccc0a570d5a6f50aac080dc0
2023-04-02 05:44:15,False,3.73e-05,1.18e-08,54347.1,0.0064,0x9b...2220,https://bscscan.com/tx/0x7f140b6f88c99c61af1012cc6cfec5b7919588c6ccc0a570d5a6f50aac080dc0
2023-04-02 05:43:57,True,3.748e-05,1.186e-08,1860558.0,0.2207,0x1b...0362,https://bscscan.com/tx/0x85c09d90f2280edc6d7f39fec6ea5a6c48c27313fc46c7ce8275f643b3cc9212
2023-04-02 05:42:09,False,3.73e-05,1.18e-08,13714006.0,1.61955,0x5a...f377,https://bscscan.com/tx/0x1c926a892dcba657ab8abcd6da7aba5a8e9495dd970753f265b3ff4c13bd07dc
2023-04-02 05:42:09,False,3.731e-05,1.181e-08,126508.0,0.0149,0x5a...f377,https://bscscan.com/tx/0x1c926a892dcba657ab8abcd6da7aba5a8e9495dd970753f265b3ff4c13bd07dc
2023-04-02 05:40:45,True,3.748e-05,1.186e-08,32449538.0,3.85044,0xab...b0fb,https://bscscan.com/tx/0xd515e0ede23b4602c8671938ca8afe033d8df7862baf0fca9dbd1b489a9ed047
2023-04-02 05:39:15,True,3.727e-05,1.186e-08,1572126.0,0.1864,0x9d...c141,https://bscscan.com/tx/0x4a77b1f5fa4b192512d0723f3a3ffb9bab615fab154d376eaf0924ec5479bec8
2023-04-02 05:37:36,True,3.746e-05,1.186e-08,168626.0,0.02,0x91...ccf6,https://bscscan.com/tx/0x26d1b781075c14f8c35293336de1d8a933d034d94c670f29d0f075bb7698c579
2023-04-02 05:37:21,True,3.746e-05,1.186e-08,168627.0,0.02,0x91...ccf6,https://bscscan.com/tx/0xaad871db07a0fed1652a6801d03221d2684c40c5ae00cec166871f1b43e5e18e
2023-04-02 05:36:42,False,3.728e-05,1.18e-08,12458571.0,1.4705,0x3d...4dd5,https://bscscan.com/tx/0x192a07279bf4122ad0a00d78dbde1834211d5db1d854cbc047fd4011685100c2
2023-04-02 05:36:42,False,3.728e-05,1.18e-08,80973.0,0.0095,0x3d...4dd5,https://bscscan.com/tx/0x192a07279bf4122ad0a00d78dbde1834211d5db1d854cbc047fd4011685100c2
2023-04-02 05:36:33,False,3.73e-05,1.18e-08,29900029.0,3.53104,0x20...946b,https://bscscan.com/tx/0x493f6579e12a7f9de24da4423ded1e6eb1a4f296d177f5405f0b8b1724729f27
2023-04-02 05:36:33,False,3.731e-05,1.181e-08,25790.1,0.003,0x20...946b,https://bscscan.com/tx/0x493f6579e12a7f9de24da4423ded1e6eb1a4f296d177f5405f0b8b1724729f27
2023-04-02 05:31:33,False,3.714e-05,1.181e-08,9018136.0,1.06552,0x85...0b83,https://bscscan.com/tx/0xa8088074fa886692c972d435266a17691e89899020f91d6a065f7f1306527650
2023-04-02 05:31:33,False,3.714e-05,1.181e-08,969798.0,0.1146,0x85...0b83,https://bscscan.com/tx/0xa8088074fa886692c972d435266a17691e89899020f91d6a065f7f1306527650
2023-04-02 05:30:59,True,3.751e-05,1.187e-08,3309268.0,0.393,0xf4...7438,https://bscscan.com/tx/0x8cb9d1a515bd33e2f4a342e7b329cb2f7d6074e8f1c11fdc2b81ee560fe566ed
2023-04-02 05:29:55,True,3.728e-05,1.186e-08,81270345.0,9.6411,0x16...460d,https://bscscan.com/tx/0x260586508aa38fbd32c35c69631ea93df5f1daddb1ff145ef736f2ae26a05b72
2023-04-02 05:29:49,True,3.723e-05,1.184e-08,13360476.0,1.58306,0x17...4266,https://bscscan.com/tx/0xcbcbb7e25e1f0f292647ed8a1178886a4eddc58e48b1d199cb2f6bd65d7c8c13
2023-04-02 05:29:49,True,3.718e-05,1.183e-08,100300903.0,11.8674,0x9b...2220,https://bscscan.com/tx/0x5e440fbae7cd59e789d5a4658d83767546dfcc7c0ad26d8480546546748d8c76
2023-04-02 05:29:46,True,3.712e-05,1.181e-08,18760417.0,2.21635,0x84...40b6,https://bscscan.com/tx/0x0c2591e04e911cc29780a31955776e1106c2ce54cea15617f634f77bda87c010
2023-04-02 05:29:46,True,3.708e-05,1.18e-08,56470746.0,6.66509,0x19...6dd1,https://bscscan.com/tx/0x65129585d383b9403c98c9cacf67fe7713df731872de12c3733ba0ec51a79b1b
2023-04-02 05:29:43,True,3.704e-05,1.178e-08,30054687.0,3.5434,0x20...946b,https://bscscan.com/tx/0x2db4d4bfc7c6d1549544e48fa5338a045e032d1c5cd9b2abce74670c76bc2a72
2023-04-02 05:29:43,True,3.702e-05,1.178e-08,13435991.0,1.58321,0x17...4266,https://bscscan.com/tx/0xfb15833e6793e413e5b1e13d4bd89f93eb6ec9141ad2b572fd754c4499e6de19
2023-04-02 05:29:43,True,3.703e-05,1.178e-08,2030626.0,0.2393,0xe9...6bdf,https://bscscan.com/tx/0x23d3d7033922f4b4b5c5eb19fb62fc869479aea71d5e6ce035d6592aa0fb5527
2023-04-02 05:29:43,True,3.7e-05,1.177e-08,21481674.0,2.53002,0xf6...d5e4,https://bscscan.com/tx/0xcf569607787c461a218a821909c31e26826945e931e117223b71e30ecd8c2386
2023-04-02 05:29:40,True,3.701e-05,1.177e-08,9771083.0,1.15092,0xb6...01ad,https://bscscan.com/tx/0x396a18b514fdc257cbff9473568273edb9bd904b9e7f6efffc25650f613db98d
2023-04-02 05:29:01,False,3.699e-05,1.171e-08,8911515.0,1.04389,0x7d...d4eb,https://bscscan.com/tx/0xa1c57dad61e38739f7049e4968b918091edd96125f7a9d29322d209182ca5a6f
2023-04-02 05:29:01,False,3.699e-05,1.171e-08,14587.0,0.0017,0x7d...d4eb,https://bscscan.com/tx/0xa1c57dad61e38739f7049e4968b918091edd96125f7a9d29322d209182ca5a6f
2023-04-02 05:28:28,True,3.717e-05,1.177e-08,158726.0,0.0186,0x68...773c,https://bscscan.com/tx/0x27d0d1c668ded3d0bd81f2ffa847ecf5d23bb6e76f9f2d0992b19f9aa5885da2
2023-04-02 05:28:13,True,3.717e-05,1.177e-08,1443878.0,0.17,0xc6...318e,https://bscscan.com/tx/0xd9b899529f859705a9c0f3ac9528f57906bd5177e9c0834db4165018777dd80e
2023-04-02 05:28:01,False,3.699e-05,1.171e-08,3788600.0,0.4438,0x4e...abb7,https://bscscan.com/tx/0x34bb3ade85fa67102a8d5cd55af27ff1cedc1192fb512f5855bf2d024a3c24a6
2023-04-02 05:28:01,False,3.699e-05,1.171e-08,1350.0,1.581e-05,0x4e...abb7,https://bscscan.com/tx/0x34bb3ade85fa67102a8d5cd55af27ff1cedc1192fb512f5855bf2d024a3c24a6
2023-04-02 05:27:43,False,3.678e-05,1.171e-08,498500.0,0.0584,0x8a...7823,https://bscscan.com/tx/0x1300ad0da9b1843ce9ad364d4b5d9b1ae0a5456336db70ed3d7d16213e845b31
2023-04-02 05:27:43,False,3.678e-05,1.171e-08,40713.3,0.0047,0x8a...7823,https://bscscan.com/tx/0x1300ad0da9b1843ce9ad364d4b5d9b1ae0a5456336db70ed3d7d16213e845b31
2023-04-02 05:26:37,False,3.699e-05,1.171e-08,14955000.0,1.75248,0xef...6deb,https://bscscan.com/tx/0xe8f2a714b0d50fd60e564f49099d3a5b7db78d9ccfbbebf6c240a81c32214e12
2023-04-02 05:26:37,False,3.7e-05,1.172e-08,59521.0,0.0069,0xef...6deb,https://bscscan.com/tx/0xe8f2a714b0d50fd60e564f49099d3a5b7db78d9ccfbbebf6c240a81c32214e12
2023-04-02 05:25:28,True,3.699e-05,1.177e-08,14848161.0,1.74869,0xf6...8692,https://bscscan.com/tx/0x0261cac2e142b16180e64b3aa614f6c336cfa45d5138b7067b1d7b868504d6ac
2023-04-02 05:25:01,False,3.699e-05,1.171e-08,7175080.0,0.8407,0x2d...cb0f,https://bscscan.com/tx/0x3529e8c015493c57d8b078b2f2f1accf336e80ff196c0d4854daa4cced01c305
2023-04-02 05:25:01,False,3.699e-05,1.171e-08,668162.0,0.0783,0x2d...cb0f,https://bscscan.com/tx/0x3529e8c015493c57d8b078b2f2f1accf336e80ff196c0d4854daa4cced01c305
2023-04-02 05:24:55,True,3.718e-05,1.177e-08,67034.4,0.0078,0xbe...1378,https://bscscan.com/tx/0xc7b745d86068dd32590c02f775730a0ca118966fed9fcbfeb0a113a551cc071e
2023-04-02 05:24:01,True,3.716e-05,1.177e-08,30743765.0,3.61937,0xeb...04e9,https://bscscan.com/tx/0xc0b3840ceb2c8fd8daeeadee99d0a90e551225b76994f865c5b9ccc0d66c1f65
2023-04-02 05:23:37,True,3.714e-05,1.176e-08,1269245.0,0.1493,0xdd...4cd0,https://bscscan.com/tx/0x083cfd0b8628b0bd1872baff39c8ac0122ee1347d837ef4c2b5a18d47b208087
2023-04-02 05:23:19,False,3.687e-05,1.174e-08,214741317.0,25.2123,0xa3...7ada,https://bscscan.com/tx/0xcb34269c968b7b80cb8aaeb36d7c4612158d0750cf9f43f4c55f557ec24410b9
2023-04-02 05:23:19,False,3.697e-05,1.177e-08,540.0,6.357e-06,0xa3...7ada,https://bscscan.com/tx/0xcb34269c968b7b80cb8aaeb36d7c4612158d0750cf9f43f4c55f557ec24410b9
2023-04-02 05:22:52,False,3.714e-05,1.177e-08,199400.0,0.0234,0x25...37b6,https://bscscan.com/tx/0x0dacd4e6c21dc0ea8ab3fe5c6d50f8ab3e0db39a86ff686c8dd48f483c61c9a8
2023-04-02 05:22:52,False,3.715e-05,1.177e-08,270228.0,0.0318,0x25...37b6,https://bscscan.com/tx/0x0dacd4e6c21dc0ea8ab3fe5c6d50f8ab3e0db39a86ff686c8dd48f483c61c9a8
2023-04-02 05:22:34,True,3.733e-05,1.183e-08,84518.3,0.01,0xbe...1378,https://bscscan.com/tx/0xb14afdd682f35f1ce21df8a313644fe91dd6a63cac5b14a868f1d585310c4b15
2023-04-02 05:22:07,False,3.7e-05,1.178e-08,99700000.0,11.7522,0x9b...2220,https://bscscan.com/tx/0x5f695c43c2d3ccdf017d60ea964ffbadfefadcf6b675a397bffdbf8f39b396ff
2023-04-02 05:22:07,False,3.705e-05,1.18e-08,73035.0,0.0086,0x9b...2220,https://bscscan.com/tx/0x5f695c43c2d3ccdf017d60ea964ffbadfefadcf6b675a397bffdbf8f39b396ff
2023-04-02 05:22:04,False,3.706e-05,1.18e-08,26968864.0,3.18405,0x3b...0b3f,https://bscscan.com/tx/0xb96694a79a7435dc84dc5304120258ab2074ea70c4d21b15cc6601189f7f154e
2023-04-02 05:22:04,False,3.707e-05,1.181e-08,141368.0,0.0167,0x3b...0b3f,https://bscscan.com/tx/0xb96694a79a7435dc84dc5304120258ab2074ea70c4d21b15cc6601189f7f154e
2023-04-02 05:20:55,False,3.709e-05,1.181e-08,27866709.0,3.29235,0x80...0790,https://bscscan.com/tx/0xb218bb3a68fab3d19e6667dafa58ca4b2836aeb9115626b79afd2caddca414d3
2023-04-02 05:20:55,False,3.71e-05,1.181e-08,72862.2,0.0086,0x80...0790,https://bscscan.com/tx/0xb218bb3a68fab3d19e6667dafa58ca4b2836aeb9115626b79afd2caddca414d3
2023-04-02 05:20:28,False,3.73e-05,1.182e-08,26905045.0,3.18094,0x3b...0b3f,https://bscscan.com/tx/0x552305c303440baba54327aceb6a0c41fb4b015512e0eef3a3f8d572232f055d
2023-04-02 05:20:28,False,3.731e-05,1.182e-08,124396.0,0.0147,0x3b...0b3f,https://bscscan.com/tx/0x552305c303440baba54327aceb6a0c41fb4b015512e0eef3a3f8d572232f055d
2023-04-02 05:20:19,True,3.733e-05,1.189e-08,12921817.0,1.53644,0xa6...6bfd,https://bscscan.com/tx/0x6c83075a123ac4a79354c6944e0ba1a1e62625d0a9e37875bce595d282411655
2023-04-02 05:20:16,True,3.73e-05,1.188e-08,2402205.0,0.2854,0x81...143d,https://bscscan.com/tx/0xed309cb1f6fe463412856576f71afa797638cb6db30ccec8ab96eb620ca1cd27
2023-04-02 05:19:52,False,3.731e-05,1.182e-08,26876173.0,3.17846,0x3b...0b3f,https://bscscan.com/tx/0x0837e94d31a31d4d739e2be72a5b16f9ec2f8eede0d48307cf73f747779b0c90
2023-04-02 05:19:52,False,3.733e-05,1.183e-08,270000.0,0.0319,0x3b...0b3f,https://bscscan.com/tx/0x0837e94d31a31d4d739e2be72a5b16f9ec2f8eede0d48307cf73f747779b0c90
2023-04-02 05:19:37,False,3.737e-05,1.184e-08,99700000.0,11.8098,0x9b...2220,https://bscscan.com/tx/0x58fceed1aee72586d9a7b5c0b0a0e324aa6fbed91239e53d79e5b8709c71590e
2023-04-02 05:19:37,False,3.742e-05,1.186e-08,56303.5,0.0066,0x9b...2220,https://bscscan.com/tx/0x58fceed1aee72586d9a7b5c0b0a0e324aa6fbed91239e53d79e5b8709c71590e
2023-04-02 05:19:13,True,3.761e-05,1.191e-08,6577919.0,0.784,0xb3...5eb4,https://bscscan.com/tx/0x36fe4130bfeaf47f60e93377e3024d82f5722666c68d1ee4d73d3c1e779567f1
2023-04-02 05:19:13,False,3.742e-05,1.186e-08,14232414.0,1.68804,0x20...946b,https://bscscan.com/tx/0x581a07e812c234d94eba19b0273cabef8d4e68e0beee82e762196886425dd554
2023-04-02 05:19:13,False,3.743e-05,1.186e-08,103604.0,0.0122,0x20...946b,https://bscscan.com/tx/0x581a07e812c234d94eba19b0273cabef8d4e68e0beee82e762196886425dd554
2023-04-02 05:19:07,False,3.744e-05,1.186e-08,31559270.0,3.74527,0x4d...e3b0,https://bscscan.com/tx/0xaac605c5a156a6cfca3414de769d2d6c184e553a63b8974fb0b95fa17f2e1d68
2023-04-02 05:19:07,False,3.746e-05,1.187e-08,32965.5,0.0039,0x4d...e3b0,https://bscscan.com/tx/0xaac605c5a156a6cfca3414de769d2d6c184e553a63b8974fb0b95fa17f2e1d68
2023-04-02 05:18:55,True,3.746e-05,1.193e-08,190169.0,0.0226,0x92...3a74,https://bscscan.com/tx/0xbfe6959d1d66f32bcab062b6b403a726a98780afc42f0f6139e6100a64f63cab
2023-04-02 05:18:13,True,3.764e-05,1.193e-08,3754563.0,0.4479,0x98...304f,https://bscscan.com/tx/0xf6a0e1d4118927099f9406b2788228c769549fc4225f6a6503da64ac078564fa
2023-04-02 05:17:34,False,3.746e-05,1.187e-08,8239921.0,0.9782,0x1a...b6d3,https://bscscan.com/tx/0x2fa180962325aa52cefed57fb5fe950fe2a8e98f8cceedcd0b37adeed68c7c50
2023-04-02 05:17:34,False,3.746e-05,1.187e-08,12114.1,0.0014,0x1a...b6d3,https://bscscan.com/tx/0x2fa180962325aa52cefed57fb5fe950fe2a8e98f8cceedcd0b37adeed68c7c50
2023-04-02 05:17:31,False,3.746e-05,1.187e-08,4473252.0,0.5311,0x2e...2a47,https://bscscan.com/tx/0xbf4314a9cb55d2ec0f9cd9bd76fa658448fee50c082e8893eccaac6e7ed3a34e
2023-04-02 05:17:31,False,3.746e-05,1.187e-08,84866.2,0.01,0x2e...2a47,https://bscscan.com/tx/0xbf4314a9cb55d2ec0f9cd9bd76fa658448fee50c082e8893eccaac6e7ed3a34e
2023-04-02 05:15:40,True,3.764e-05,1.193e-08,332351.0,0.0396,0x88...c58a,https://bscscan.com/tx/0x651ec5dfea0893dfade4870c0ba18419e8a9fe9367cff3b5d287cf959063b60b
2023-04-02 05:13:19,False,3.746e-05,1.187e-08,31006260.0,3.68336,0x72...d241,https://bscscan.com/tx/0x8676e9122c55fdeb754dfcd4f405e118ca0da4fa8e31cf3427cd66a0a93bf1d8
2023-04-02 05:13:19,False,3.748e-05,1.188e-08,1011.68,1.202e-05,0x72...d241,https://bscscan.com/tx/0x8676e9122c55fdeb754dfcd4f405e118ca0da4fa8e31cf3427cd66a0a93bf1d8
2023-04-02 05:13:13,False,3.729e-05,1.188e-08,373572.0,0.0444,0xeb...93e1,https://bscscan.com/tx/0x916f79e43c75c021bd02c17b6f6505e9b4226dbfde891bbe65e354ab1472f334
2023-04-02 05:13:13,False,3.729e-05,1.188e-08,19316.8,0.0023,0xeb...93e1,https://bscscan.com/tx/0x916f79e43c75c021bd02c17b6f6505e9b4226dbfde891bbe65e354ab1472f334
2023-04-02 05:12:31,False,3.749e-05,1.188e-08,7132916.0,0.8477,0x01...4ce3,https://bscscan.com/tx/0xb355ff907a9485a101e43bffb0d4d15617c5b6d947d218ef75780048315e17b8
2023-04-02 05:12:31,False,3.749e-05,1.188e-08,46317.4,0.0055,0x01...4ce3,https://bscscan.com/tx/0xb355ff907a9485a101e43bffb0d4d15617c5b6d947d218ef75780048315e17b8
2023-04-02 05:12:22,False,3.75e-05,1.188e-08,17103123.0,2.03338,0x3b...0b3f,https://bscscan.com/tx/0x70393e2fab4acef9540887d1ea80a737c5f91aedbd72de1916996951959ff777
2023-04-02 05:12:22,False,3.751e-05,1.189e-08,296054.0,0.0352,0x3b...0b3f,https://bscscan.com/tx/0x70393e2fab4acef9540887d1ea80a737c5f91aedbd72de1916996951959ff777
2023-04-02 05:12:10,False,3.737e-05,1.19e-08,99700000.0,11.871,0x9b...2220,https://bscscan.com/tx/0xaa84d73a953f0fe455082f7baf00e342d357f8eda18c266790d69ef9e271a7d3
2023-04-02 05:12:10,False,3.741e-05,1.192e-08,39166.4,0.0046,0x9b...2220,https://bscscan.com/tx/0xaa84d73a953f0fe455082f7baf00e342d357f8eda18c266790d69ef9e271a7d3
2023-04-02 05:11:07,False,3.761e-05,1.192e-08,14462558.0,1.72451,0x4c...d13f,https://bscscan.com/tx/0xc6ace1a6d4dc4ab3b5772292e4d28b5c0ac28c2c8c8ace235b5ed988f52dc8a6
2023-04-02 05:11:07,False,3.761e-05,1.192e-08,46677.4,0.0055,0x4c...d13f,https://bscscan.com/tx/0xc6ace1a6d4dc4ab3b5772292e4d28b5c0ac28c2c8c8ace235b5ed988f52dc8a6
2023-04-02 05:11:07,True,3.78e-05,1.198e-08,58100.3,0.0069,0xa8...7a53,https://bscscan.com/tx/0xe2dea12caa1bc4220147613d89d86860d7039a106acbc4b03faf36a3635bf251
2023-04-02 05:10:40,False,3.762e-05,1.192e-08,16016031.0,1.91048,0x3b...0b3f,https://bscscan.com/tx/0x1ee2b0dab271424735a32a3f5c25ddfc7f617100a59a63f9e986705d5101bc6a
2023-04-02 05:10:40,False,3.763e-05,1.193e-08,313258.0,0.0373,0x3b...0b3f,https://bscscan.com/tx/0x1ee2b0dab271424735a32a3f5c25ddfc7f617100a59a63f9e986705d5101bc6a
2023-04-02 05:10:37,True,3.783e-05,1.199e-08,82625.0,0.0099,0x9b...85ef,https://bscscan.com/tx/0xa42163d1dd2cd8759dfe7006b910793b313d329f4250ecf83d050c4a567c267d
2023-04-02 05:10:28,False,3.767e-05,1.194e-08,99700000.0,11.9104,0x9b...2220,https://bscscan.com/tx/0x6f769d6cdc9c9288aabcf6d028494a8f79d8a40ae90152d0f79c6dd8d8589185
2023-04-02 05:10:28,False,3.772e-05,1.196e-08,80973.0,0.0096,0x9b...2220,https://bscscan.com/tx/0x6f769d6cdc9c9288aabcf6d028494a8f79d8a40ae90152d0f79c6dd8d8589185
2023-04-02 05:10:16,False,3.755e-05,1.196e-08,29900030.0,3.57782,0x20...946b,https://bscscan.com/tx/0x1630168c98026d97f610680e475b6a909ed5f980123c99bc9ab542592eebd293
2023-04-02 05:10:16,False,3.756e-05,1.197e-08,440511.0,0.0527,0x20...946b,https://bscscan.com/tx/0x1630168c98026d97f610680e475b6a909ed5f980123c99bc9ab542592eebd293
2023-04-02 05:08:28,False,3.783e-05,1.199e-08,162662694.0,19.5122,0xc4...01ac,https://bscscan.com/tx/0x768ba3c6a1b891c690e609b575d04f98c32f1a03dcc51c37f7b7665b1d5d0711
2023-04-02 05:08:28,False,3.791e-05,1.202e-08,331153.0,0.0398,0xc4...01ac,https://bscscan.com/tx/0x768ba3c6a1b891c690e609b575d04f98c32f1a03dcc51c37f7b7665b1d5d0711
2023-04-02 05:08:28,True,3.81e-05,1.208e-08,2624461.0,0.317,0x1b...0362,https://bscscan.com/tx/0x8430cedfeef7223ec10125fe9d597bbed22788d2d0de35d78432e9b70e59ccbf
2023-04-02 05:07:19,True,3.803e-05,1.206e-08,119524645.0,14.4165,0xdb...a267,https://bscscan.com/tx/0x25632eeaa5e29cfac3c69887b29ecf4389180141c50bbd0e6bf660c2d347424f
2023-04-02 05:07:19,False,3.778e-05,1.198e-08,498500.0,0.0597,0x04...11bf,https://bscscan.com/tx/0xf38170affe6b6c0d4443b15e1d5dfa48c601100035179f10eb3a0c6fde3ca58d
2023-04-02 05:07:19,False,3.778e-05,1.198e-08,4914.0,5.888e-05,0x04...11bf,https://bscscan.com/tx/0xf38170affe6b6c0d4443b15e1d5dfa48c601100035179f10eb3a0c6fde3ca58d
2023-04-02 05:06:31,False,3.76e-05,1.198e-08,1814540.0,0.2174,0x65...3ffb,https://bscscan.com/tx/0xaebbb09a9fce007cd1e2443d1e15aaf7dd9836e6658522bf5e0fb9d7278ed0d3
2023-04-02 05:06:31,False,3.761e-05,1.198e-08,1546530.0,0.1853,0x65...3ffb,https://bscscan.com/tx/0xaebbb09a9fce007cd1e2443d1e15aaf7dd9836e6658522bf5e0fb9d7278ed0d3
2023-04-02 05:05:49,True,3.779e-05,1.204e-08,12533660.0,1.50935,0x3d...4dd5,https://bscscan.com/tx/0xf2bd0e89d4c5d4617fe868db6247b9631e15f95464747f8fc995b6ced08bfc68
2023-04-02 05:05:19,True,3.791e-05,1.202e-08,131948375.0,15.8604,0x5c...216d,https://bscscan.com/tx/0xc60def71d11036c3c70ae4905d2032fd93914f97ea8662cb261381a23f8b61a4
2023-04-02 05:05:16,True,3.781e-05,1.198e-08,82046802.0,9.83531,0x16...460d,https://bscscan.com/tx/0x6d28375c4d1f56e6faa137b7f8c8fb06d8d9222ba5da4c7236c702cdf3871892
2023-04-02 05:05:16,True,3.776e-05,1.197e-08,30089973.0,3.60187,0x20...946b,https://bscscan.com/tx/0xf8efe921d5181e8b9198553c8df63c9e088bb854f27066f57b1869a1b9c24730
2023-04-02 05:05:07,True,3.774e-05,1.196e-08,356513.0,0.0426,0x94...6a21,https://bscscan.com/tx/0x25acfa5ab1cb0ab5a1a8dd840f595ffd784520425ec1f93b6febcc1a24d2e15e
2023-04-02 05:05:04,True,3.774e-05,1.196e-08,6645792.0,0.7951,0x24...8a94,https://bscscan.com/tx/0x213e1d9c1bb26cab4fd76a15166ded62e6d3c35334949c75e81a1769b9b63503
2023-04-02 05:05:04,False,3.77e-05,1.195e-08,314866121.0,37.6319,0x7f...810e,https://bscscan.com/tx/0xcba57c6ab6118e7c34f769e62d6cc56be7ddb8af81eed4f465b723a15be73346
2023-04-02 05:05:04,False,3.785e-05,1.199e-08,756.707,9.08e-06,0x7f...810e,https://bscscan.com/tx/0xcba57c6ab6118e7c34f769e62d6cc56be7ddb8af81eed4f465b723a15be73346
2023-04-02 05:04:01,False,3.785e-05,1.199e-08,279421.0,0.0335,0xa6...134a,https://bscscan.com/tx/0x3e64c54a011484478625da65535ea98587ca5b3858ec4e9c020ee2824ca889df
2023-04-02 05:04:01,False,3.785e-05,1.199e-08,28050.4,0.0033,0xa6...134a,https://bscscan.com/tx/0x3e64c54a011484478625da65535ea98587ca5b3858ec4e9c020ee2824ca889df
2023-04-02 05:02:22,True,3.804e-05,1.205e-08,2125015.0,0.2562,0x4c...0be7,https://bscscan.com/tx/0x25eec28fcc8c2183fe895c5d2caa5cb5735f3dd949c28560a6e9e88ef51544ae
2023-04-02 05:01:55,True,3.785e-05,1.205e-08,1896269.0,0.2286,0xe5...8ab4,https://bscscan.com/tx/0xd8cb525bd1d714c229c7d63bc69c052adcb582075dc32aa1c12565efc90e62b1
2023-04-02 05:00:31,True,3.804e-05,1.205e-08,275314.0,0.0332,0xd0...1f21,https://bscscan.com/tx/0x05f28343a377dca305af69e8d80a93aeab65c5457c1d1dae65aef8c3e85a6ad0
2023-04-02 05:00:25,False,3.785e-05,1.199e-08,6074175.0,0.7288,0xdc...73fb,https://bscscan.com/tx/0x8a7cb41e5989aa20c1102e1a693726d541a8164ad82fb008562cfe8a0d84a868
2023-04-02 05:00:25,False,3.785e-05,1.2e-08,58300.6,0.007,0xdc...73fb,https://bscscan.com/tx/0x8a7cb41e5989aa20c1102e1a693726d541a8164ad82fb008562cfe8a0d84a868
2023-04-02 05:00:13,False,3.786e-05,1.2e-08,21528021.0,2.58413,0x20...946b,https://bscscan.com/tx/0x16e0246cc3dc67d5ed94c33c90d8ee82e921be0661a59ed9ccdbb88a1dc9cdcf
2023-04-02 05:00:13,False,3.787e-05,1.2e-08,180740.0,0.0217,0x20...946b,https://bscscan.com/tx/0x16e0246cc3dc67d5ed94c33c90d8ee82e921be0661a59ed9ccdbb88a1dc9cdcf
2023-04-02 05:00:10,True,3.805e-05,1.206e-08,26252508.0,3.16687,0x85...151d,https://bscscan.com/tx/0x9f374d56aff165b49e5648b42f2cc9982357f6f9c439a68935165259d455cbc8
2023-04-02 04:59:04,True,3.803e-05,1.205e-08,12274838.0,1.48,0xff...4edf,https://bscscan.com/tx/0xfcb59b9794415b27d66238044908a0655c4ae9fb6fb62c36315378dfac10bfe6
2023-04-02 04:58:46,True,3.784e-05,1.205e-08,582791.0,0.0702,0xf8...1698,https://bscscan.com/tx/0x5f76fc12e2c7b8104e21ce49c7cb66a6acbb8eae92cdef4c9dd188bffb3dd9f7
2023-04-02 04:58:22,True,3.783e-05,1.205e-08,11029917.0,1.32948,0x8e...a156,https://bscscan.com/tx/0x70e817c71af9ed70cf233f8e077ac68dde7104f9f3217253157f6d4bce701a8b
2023-04-02 04:57:46,False,3.785e-05,1.199e-08,7879648.0,0.9449,0xf6...c07e,https://bscscan.com/tx/0x67a0f580be7cd15e4692d85e1ee7e8c1923992ba0bfac92d68f112cf422f4f32
2023-04-02 04:57:46,False,3.785e-05,1.199e-08,891301.0,0.1069,0xf6...c07e,https://bscscan.com/tx/0x67a0f580be7cd15e4692d85e1ee7e8c1923992ba0bfac92d68f112cf422f4f32
2023-04-02 04:57:25,True,3.802e-05,1.205e-08,589299.0,0.071,0xb5...0cf0,https://bscscan.com/tx/0x70875f5753ea8727ec2d3191cb80d31700acd6233ab1a0d54f07d9730748420f
2023-04-02 04:56:58,True,3.783e-05,1.205e-08,600383.0,0.0723,0xea...711b,https://bscscan.com/tx/0xb33e7d40ce65b880b90617d4cf99b57631889a54143cf8343b923f241736e2f4
2023-04-02 04:56:43,True,3.802e-05,1.205e-08,10786245.0,1.3,0x57...8ab8,https://bscscan.com/tx/0xe18af9f241997113a5a8c14f7ae703f364370d9d2c2f996d833dcfc8e202ec86
2023-04-02 04:56:31,True,3.801e-05,1.205e-08,1301227.0,0.1568,0xb2...368d,https://bscscan.com/tx/0x08613986abf4dd9a779716737790d3bf83de3a2742a08acc3b442f4f88f07576
2023-04-02 04:56:10,True,3.783e-05,1.204e-08,2791803.0,0.3364,0x2a...e55a,https://bscscan.com/tx/0x3b1f4d262fda62e54baf91311801f53b6ba36e65c4a67e5e83e6cd0f6fb1c30d
2023-04-02 04:56:01,False,3.798e-05,1.203e-08,314866121.0,37.9024,0x7f...810e,https://bscscan.com/tx/0xfd591aa0d996d1f00363b4fcc45ac9451e4895baaba520997046ca312fbe0f65
2023-04-02 04:56:01,False,3.813e-05,1.208e-08,627140.0,0.0758,0x7f...810e,https://bscscan.com/tx/0xfd591aa0d996d1f00363b4fcc45ac9451e4895baaba520997046ca312fbe0f65
2023-04-02 04:53:50,True,3.833e-05,1.214e-08,3914774.0,0.4755,0x8e...a156,https://bscscan.com/tx/0x26325cc022032748e4767b20fdd76477d6c91e10065c594e822a94ff76c0f8fe
2023-04-02 04:53:15,True,3.813e-05,1.214e-08,2344791.0,0.2847,0xea...711b,https://bscscan.com/tx/0x2740f562b22b24347d84a695d46655c81c076f457b65a6f2840930db02b9b0b0
2023-04-02 04:53:12,True,3.808e-05,1.212e-08,100300903.0,12.1658,0x9b...2220,https://bscscan.com/tx/0xdeda967634e1a36afec23886607adf9b08e23bb4e1bae88bd9cc5bcac8115db4
2023-04-02 04:53:02,True,3.821e-05,1.21e-08,30088889.0,3.6435,0x20...946b,https://bscscan.com/tx/0x7b87977e3cd1ae67f6b560ce6c3761df28283675efe1d22d5e41738396998b22
2023-04-02 04:52:54,True,3.815e-05,1.209e-08,81570470.0,9.86335,0x16...460d,https://bscscan.com/tx/0x419eca2874d381f26334b733e7352dc71f906301c2d5ebb5982e805fbb0566cf
2023-04-02 04:52:12,True,3.811e-05,1.207e-08,4200000.0,0.5073,0xb6...c377,https://bscscan.com/tx/0x0a3982522a89c826cdc1ac34eabb80537c7948094af9019dd5cab3c18851a5d0
2023-04-02 04:50:23,False,3.792e-05,1.201e-08,2922149.0,0.3511,0xe3...cd17,https://bscscan.com/tx/0x9a4b689a65289c9130f5880acdf5ce7a294bee87d633bf57924bb36fb52bbc32
2023-04-02 04:50:23,False,3.792e-05,1.201e-08,6580.19,7.908e-05,0xe3...cd17,https://bscscan.com/tx/0x9a4b689a65289c9130f5880acdf5ce7a294bee87d633bf57924bb36fb52bbc32
2023-04-02 04:49:15,False,3.774e-05,1.201e-08,974050.0,0.117,0xe3...cd17,https://bscscan.com/tx/0xaa25b2ca36b358011e43383b53f3f5748e398c6c98153ab681950c6bb9abd542
2023-04-02 04:49:15,False,3.774e-05,1.201e-08,237657.0,0.0285,0xe3...cd17,https://bscscan.com/tx/0xaa25b2ca36b358011e43383b53f3f5748e398c6c98153ab681950c6bb9abd542
2023-04-02 04:49:12,True,3.792e-05,1.207e-08,23270068.0,2.81,0x19...9032,https://bscscan.com/tx/0x614d5f0743a2084dccab2a17d16a84525beb6dd830527f32f50c0b6dd927ec22
2023-04-02 04:49:03,True,3.79e-05,1.207e-08,4606666.0,0.556,0x89...cb83,https://bscscan.com/tx/0x92473edeba32c92f44e3af7041099eae6529199466aa3f63eaf49481901850c9
2023-04-02 04:48:45,True,3.806e-05,1.206e-08,57144230.0,6.8926,0x19...6dd1,https://bscscan.com/tx/0xfc0db54a293ed2efcf4be7e84b525bdd08804b379b98404bea13f67ecb694aed
2023-04-02 04:48:24,False,3.766e-05,1.199e-08,2991000.0,0.3587,0x16...e480,https://bscscan.com/tx/0x130e5c73e1766a8f514c62c523a5aacd57407cda713c9b47b2642692f09f4105
2023-04-02 04:48:24,False,3.766e-05,1.199e-08,502146.0,0.0602,0x16...e480,https://bscscan.com/tx/0x130e5c73e1766a8f514c62c523a5aacd57407cda713c9b47b2642692f09f4105
2023-04-02 04:48:12,True,3.803e-05,1.205e-08,5291150.0,0.6377,0x8e...a156,https://bscscan.com/tx/0x3180f55d35e6ddd0b3950d128a08da8940a81d886c40fa0887c0092f3e6ff943
2023-04-02 04:48:03,False,3.793e-05,1.201e-08,180146794.0,21.6534,0xe8...716a,https://bscscan.com/tx/0xf2c674f1ae3ef4e125cd58f4cca1981e3ef9bb62034beeb8e3c9b9ebbaaf867a
2023-04-02 04:48:03,False,3.802e-05,1.204e-08,27139.4,0.0032,0xe8...716a,https://bscscan.com/tx/0xf2c674f1ae3ef4e125cd58f4cca1981e3ef9bb62034beeb8e3c9b9ebbaaf867a
2023-04-02 04:47:36,True,3.82e-05,1.21e-08,6110784.0,0.7398,0xdc...73fb,https://bscscan.com/tx/0x58ef1c040c2fbfc63f6cb93ea52834f568e42678174a80bf5f71bc1a897146c2
2023-04-02 04:47:12,True,3.819e-05,1.21e-08,50567.2,0.0061,0xa1...d9b6,https://bscscan.com/tx/0xde36208ac1507dd39ddcdf421728daa3de297f92b1b1d5172bd1a3d764243a7a
2023-04-02 04:47:12,True,3.819e-05,1.21e-08,50671.1,0.0061,0xa1...d9b6,https://bscscan.com/tx/0xde36208ac1507dd39ddcdf421728daa3de297f92b1b1d5172bd1a3d764243a7a
2023-04-02 04:47:12,False,3.801e-05,1.204e-08,3828102.0,0.4611,0x95...7ebe,https://bscscan.com/tx/0xead9f7ab74bfe35717d3402dd627bcd7d0d0cac7f4d607ae793b0b6f3aee0ce7
2023-04-02 04:47:12,False,3.801e-05,1.204e-08,329066.0,0.0396,0x95...7ebe,https://bscscan.com/tx/0xead9f7ab74bfe35717d3402dd627bcd7d0d0cac7f4d607ae793b0b6f3aee0ce7
2023-04-02 04:47:01,True,3.816e-05,1.209e-08,76547837.0,9.25879,0x65...57ed,https://bscscan.com/tx/0xaf0bb1e078b19e7bfeaa1755bb8341600c3350a03ec82e7d18febd78c4488750
2023-04-02 04:46:36,False,3.795e-05,1.203e-08,45192586.0,5.43676,0xe5...22f8,https://bscscan.com/tx/0x019a69673f43dc345fdae376f1b4aa46255c6afe7e0502376b7c262224f4d803
2023-04-02 04:46:36,False,3.798e-05,1.203e-08,56807.3,0.0068,0xe5...22f8,https://bscscan.com/tx/0x019a69673f43dc345fdae376f1b4aa46255c6afe7e0502376b7c262224f4d803
2023-04-02 04:46:07,True,3.816e-05,1.209e-08,15789972.0,1.90982,0x89...cb83,https://bscscan.com/tx/0xc270324ea7ba72fdfb378ad693349af0b59f9a8177484261182a00c2959e9e1d
2023-04-02 04:45:33,True,3.796e-05,1.209e-08,249756.0,0.0302,0xe7...f37c,https://bscscan.com/tx/0x3813da96d45d913aa5be64a5e1b1c67ae54171d98c516dda7c199bbe2e24a518
2023-04-02 04:45:00,False,3.797e-05,1.203e-08,4985000.0,0.5998,0xf4...f399,https://bscscan.com/tx/0x20bab10cc77e2bca3aebf3752b3348f7dc1491f73937ece1a7896f7f8f30f759
2023-04-02 04:45:00,False,3.797e-05,1.203e-08,2086.85,2.511e-05,0xf4...f399,https://bscscan.com/tx/0x20bab10cc77e2bca3aebf3752b3348f7dc1491f73937ece1a7896f7f8f30f759
2023-04-02 04:44:17,False,3.778e-05,1.203e-08,770589.0,0.0927,0x33...7abe,https://bscscan.com/tx/0xb74a2bc991aa979ae5dddcc78586291d5e098db7f603c1a5ff70ff4ae88f1eac
2023-04-02 04:44:17,False,3.778e-05,1.203e-08,2536.4,3.052e-05,0x33...7abe,https://bscscan.com/tx/0xb74a2bc991aa979ae5dddcc78586291d5e098db7f603c1a5ff70ff4ae88f1eac
2023-04-02 04:43:35,False,3.778e-05,1.203e-08,936591.0,0.1127,0x7a...4ab8,https://bscscan.com/tx/0xc46e6da6e2646eb10e880e600d8cf3f81c6aae779bd50dd7ab0c76ba0e1bff75
2023-04-02 04:43:35,False,3.778e-05,1.203e-08,87841.7,0.0105,0x7a...4ab8,https://bscscan.com/tx/0xc46e6da6e2646eb10e880e600d8cf3f81c6aae779bd50dd7ab0c76ba0e1bff75
2023-04-02 04:43:14,True,3.795e-05,1.208e-08,31523135.0,3.81109,0x1a...63e6,https://bscscan.com/tx/0x00bc1eeeeea9d199ed19b7338d2463c91e3ee564e1b8fbff27cfbd6124201b96
2023-04-02 04:43:08,False,3.775e-05,1.202e-08,1007814.0,0.1211,0xdc...73fb,https://bscscan.com/tx/0xe53746216f1c4b5b52f9a288b0ca5c340ab0b83855172470b842e6c4faeeb506
2023-04-02 04:43:08,False,3.775e-05,1.202e-08,46964.3,0.0056,0xdc...73fb,https://bscscan.com/tx/0xe53746216f1c4b5b52f9a288b0ca5c340ab0b83855172470b842e6c4faeeb506
2023-04-02 04:43:08,False,3.776e-05,1.202e-08,17342017.0,2.08583,0x20...946b,https://bscscan.com/tx/0xbb4e8e8681eb10a9da92e83203b90f2b8b504ddcd3573ad2c3f9446aba9c075a
2023-04-02 04:43:08,False,3.776e-05,1.203e-08,37349.9,0.0044,0x20...946b,https://bscscan.com/tx/0xbb4e8e8681eb10a9da92e83203b90f2b8b504ddcd3573ad2c3f9446aba9c075a
2023-04-02 04:42:59,False,3.777e-05,1.203e-08,1233788.0,0.1484,0x5e...df3e,https://bscscan.com/tx/0x921ad8cf27f30ced32aabed18787fbe5b9c26305d73f52c0344f00f0ddd2ac4e
2023-04-02 04:42:59,False,3.777e-05,1.203e-08,67387.5,0.0081,0x5e...df3e,https://bscscan.com/tx/0x921ad8cf27f30ced32aabed18787fbe5b9c26305d73f52c0344f00f0ddd2ac4e
2023-04-02 04:42:05,False,3.797e-05,1.203e-08,24883475.0,2.9946,0xb1...5054,https://bscscan.com/tx/0x2fc5e45645ae7c4db3cfe53297cfdb16396f5f721f955d03b764693724168fbd
2023-04-02 04:42:05,False,3.798e-05,1.203e-08,40445.8,0.0048,0xb1...5054,https://bscscan.com/tx/0x2fc5e45645ae7c4db3cfe53297cfdb16396f5f721f955d03b764693724168fbd
2023-04-02 04:41:59,False,3.799e-05,1.204e-08,14934985.0,1.79826,0x89...cb83,https://bscscan.com/tx/0x57e6a54b89d1a715a0a62ed79c94eafb4c71706e9747d2c4648ae438344f1a7b
2023-04-02 04:41:59,False,3.8e-05,1.204e-08,51485.5,0.0062,0x89...cb83,https://bscscan.com/tx/0x57e6a54b89d1a715a0a62ed79c94eafb4c71706e9747d2c4648ae438344f1a7b
2023-04-02 04:41:53,False,3.8e-05,1.204e-08,19011512.0,2.2901,0x05...7066,https://bscscan.com/tx/0x5066f8385cf9a4ea9a8a9be68c42d696567a974fb39b1ae3ba78006f26a5a550
2023-04-02 04:41:53,False,3.801e-05,1.204e-08,59330.3,0.0071,0x05...7066,https://bscscan.com/tx/0x5066f8385cf9a4ea9a8a9be68c42d696567a974fb39b1ae3ba78006f26a5a550
2023-04-02 04:41:38,False,3.783e-05,1.205e-08,11355093.0,1.36835,0x05...7066,https://bscscan.com/tx/0x98f8c4d912c22271c415eac038b78c34bc6370dc79d3c0efc93c73ab606999ba
2023-04-02 04:41:38,False,3.783e-05,1.205e-08,270000.0,0.0325,0x05...7066,https://bscscan.com/tx/0x98f8c4d912c22271c415eac038b78c34bc6370dc79d3c0efc93c73ab606999ba
2023-04-02 04:41:26,False,3.808e-05,1.206e-08,99700000.0,12.0316,0x9b...2220,https://bscscan.com/tx/0x59a48136f7085c63f2ee5bb4a3a4d6ed1a665ad63be272747a85bcd35c08feed
2023-04-02 04:41:26,False,3.813e-05,1.208e-08,42090.6,0.005,0x9b...2220,https://bscscan.com/tx/0x59a48136f7085c63f2ee5bb4a3a4d6ed1a665ad63be272747a85bcd35c08feed
2023-04-02 04:41:23,False,3.814e-05,1.208e-08,15542328.0,1.87837,0x69...fc0d,https://bscscan.com/tx/0x324fdafcc4ae9cc6b226269f8ccafa510199a423a7b5f77ca8c4c59f08561f93
2023-04-02 04:41:23,False,3.815e-05,1.208e-08,3341.25,4.038e-05,0x69...fc0d,https://bscscan.com/tx/0x324fdafcc4ae9cc6b226269f8ccafa510199a423a7b5f77ca8c4c59f08561f93
2023-04-02 04:41:17,False,3.815e-05,1.208e-08,1233788.0,0.1491,0x5e...df3e,https://bscscan.com/tx/0xeb20f311351d4784a1cd548e4ad69696677c222c8beeb58b4bb6e114b7a0ba45
2023-04-02 04:41:17,False,3.815e-05,1.208e-08,48286.9,0.0058,0x5e...df3e,https://bscscan.com/tx/0xeb20f311351d4784a1cd548e4ad69696677c222c8beeb58b4bb6e114b7a0ba45
2023-04-02 04:41:11,False,3.816e-05,1.209e-08,11589744.0,1.40122,0x43...5e9c,https://bscscan.com/tx/0x63b32f0a53615754f180b5121bb0709f6974cd66067e4a1920105ad5ff5c3783
2023-04-02 04:41:11,False,3.816e-05,1.209e-08,70862.2,0.0085,0x43...5e9c,https://bscscan.com/tx/0x63b32f0a53615754f180b5121bb0709f6974cd66067e4a1920105ad5ff5c3783
2023-04-02 04:40:56,False,3.797e-05,1.209e-08,26166539.0,3.1651,0x3b...0b3f,https://bscscan.com/tx/0x553f8021c8ac310e8b6d98d7cb79bc88892fdc04e602cbbab274f279602231b1
2023-04-02 04:40:56,False,3.798e-05,1.21e-08,59325.1,0.0071,0x3b...0b3f,https://bscscan.com/tx/0x553f8021c8ac310e8b6d98d7cb79bc88892fdc04e602cbbab274f279602231b1
2023-04-02 04:40:53,False,3.799e-05,1.21e-08,21906325.0,2.65142,0x05...7066,https://bscscan.com/tx/0x7a9c84c5161303b4f988a1eb2ec37c5ea2a5977713ed081e0507075f9a64b7e2
2023-04-02 04:40:53,False,3.8e-05,1.21e-08,19083.6,0.0023,0x05...7066,https://bscscan.com/tx/0x7a9c84c5161303b4f988a1eb2ec37c5ea2a5977713ed081e0507075f9a64b7e2
2023-04-02 04:40:50,True,3.819e-05,1.216e-08,4592982.0,0.5588,0x39...5645,https://bscscan.com/tx/0xb1bacacbce9df97b8b981ee2e8b26bd23896c3097c93a67f4f4eeac1208fd717
2023-04-02 04:40:50,False,3.8e-05,1.21e-08,2467575.0,0.2987,0x5e...df3e,https://bscscan.com/tx/0xeebb3133062b72a19179c70455de95df4f760775c74a31ee437773d01fb22753
2023-04-02 04:40:50,False,3.8e-05,1.21e-08,270000.0,0.0326,0x5e...df3e,https://bscscan.com/tx/0xeebb3133062b72a19179c70455de95df4f760775c74a31ee437773d01fb22753
2023-04-02 04:40:47,False,3.805e-05,1.212e-08,99700000.0,12.0854,0x9b...2220,https://bscscan.com/tx/0x7ad8332651166c6336bb6cc92d3b211838c5ccb1959d865a740d77e8befaa784
2023-04-02 04:40:47,False,3.81e-05,1.213e-08,105454.0,0.0128,0x9b...2220,https://bscscan.com/tx/0x7ad8332651166c6336bb6cc92d3b211838c5ccb1959d865a740d77e8befaa784
2023-04-02 04:40:44,False,3.814e-05,1.214e-08,38939825.0,4.72859,0x11...7f90,https://bscscan.com/tx/0x1a801b79d4abad66f1ac45a03b3d010550c0a0fd1a96022c82a7d75a70ce7b36
2023-04-02 04:40:44,False,3.816e-05,1.214e-08,270000.0,0.0328,0x11...7f90,https://bscscan.com/tx/0x1a801b79d4abad66f1ac45a03b3d010550c0a0fd1a96022c82a7d75a70ce7b36
2023-04-02 04:40:38,False,3.82e-05,1.216e-08,99700000.0,12.1286,0x9b...2220,https://bscscan.com/tx/0x4e5040431261e72d1019a366ed8b0410193553d5a9345364e5f3924db974e99e
2023-04-02 04:40:38,False,3.825e-05,1.218e-08,80973.0,0.0098,0x9b...2220,https://bscscan.com/tx/0x4e5040431261e72d1019a366ed8b0410193553d5a9345364e5f3924db974e99e
2023-04-02 04:40:32,False,3.827e-05,1.218e-08,29900030.0,3.64341,0x20...946b,https://bscscan.com/tx/0x7de373bc8117885b6a211b3fb84d019978b6af0cfa770743bf285f74bf1b22a4
2023-04-02 04:40:32,False,3.828e-05,1.218e-08,33624.2,0.0041,0x20...946b,https://bscscan.com/tx/0x7de373bc8117885b6a211b3fb84d019978b6af0cfa770743bf285f74bf1b22a4
2023-04-02 04:40:20,False,3.829e-05,1.219e-08,12416049.0,1.51376,0x3d...4dd5,https://bscscan.com/tx/0x83e20e3c2199c0e022b68eb143af58d575dfa1113946a89e368f6ac199e36841
2023-04-02 04:40:20,False,3.83e-05,1.219e-08,6315.28,7.7e-05,0x3d...4dd5,https://bscscan.com/tx/0x83e20e3c2199c0e022b68eb143af58d575dfa1113946a89e368f6ac199e36841
2023-04-02 04:40:05,True,3.849e-05,1.225e-08,775234.0,0.095,0x33...7abe,https://bscscan.com/tx/0x5c1b44c3adcffa9106166f05d1c58c6329838acc885b7a861976739066cbe788
2023-04-02 04:39:59,False,3.829e-05,1.219e-08,1559068.0,0.1901,0x2a...e55a,https://bscscan.com/tx/0xbb2509dd15ffbac41e69e2832739180d93cf7f8b202d824524332a6971096174
2023-04-02 04:39:44,False,3.83e-05,1.219e-08,7951162.0,0.9696,0xd4...cc47,https://bscscan.com/tx/0x2746293890c6d2debb11f632d4f31ddb2b95ee5b45f5ebf69945f69e3d707cec
2023-04-02 04:39:44,False,3.83e-05,1.219e-08,17182.1,0.0021,0xd4...cc47,https://bscscan.com/tx/0x2746293890c6d2debb11f632d4f31ddb2b95ee5b45f5ebf69945f69e3d707cec
2023-04-02 04:39:44,False,3.831e-05,1.219e-08,4935150.0,0.6019,0x5e...df3e,https://bscscan.com/tx/0xd7da13da73887b2b1bb4f1d103b2d0fc8a3592993f8afb128163c9175b2da442
2023-04-02 04:39:44,False,3.831e-05,1.219e-08,232687.0,0.0283,0x5e...df3e,https://bscscan.com/tx/0xd7da13da73887b2b1bb4f1d103b2d0fc8a3592993f8afb128163c9175b2da442
2023-04-02 04:39:41,True,3.846e-05,1.224e-08,82880456.0,10.1499,0x82...d52b,https://bscscan.com/tx/0x11c8a2d227f456145e974ceefaef151579f0aaaef30e983f1c9f6b388307bbaa
2023-04-02 04:39:26,False,3.821e-05,1.217e-08,3290100.0,0.4005,0x5e...df3e,https://bscscan.com/tx/0xed0e7db2f16cfb42fa06326c063f74ad268d7c1e7de5a381fe7f5a1f9e53d537
2023-04-02 04:39:26,False,3.821e-05,1.217e-08,5464.48,6.652e-05,0x5e...df3e,https://bscscan.com/tx/0xed0e7db2f16cfb42fa06326c063f74ad268d7c1e7de5a381fe7f5a1f9e53d537
2023-04-02 04:39:23,False,3.821e-05,1.217e-08,2017809.0,0.2456,0xfe...1e0f,https://bscscan.com/tx/0x9a6365ff492def82843c38fc34507c4b07f76ea2c45c512e4349a8c440ea283f
2023-04-02 04:39:20,False,3.821e-05,1.217e-08,7478361.0,0.9105,0x00...3dbd,https://bscscan.com/tx/0xede5baff712f182edb0c15f94cdeb00dc4f1cf36998a6626b9400e7a1cadf25b
2023-04-02 04:39:20,False,3.822e-05,1.217e-08,618944.0,0.0753,0x00...3dbd,https://bscscan.com/tx/0xede5baff712f182edb0c15f94cdeb00dc4f1cf36998a6626b9400e7a1cadf25b
2023-04-02 04:39:20,True,3.834e-05,1.221e-08,128604223.0,15.712,0x92...b704,https://bscscan.com/tx/0xb97f349cd8c92b048349b652adbee838dcde42d124d88a0c0683172f6a7207a4
2023-04-02 04:38:35,True,3.849e-05,1.219e-08,14637334.0,1.785,0x38...9f0e,https://bscscan.com/tx/0xf1e093da1e704b4166077743df59783d6b7d1125b6ce46cfdd5a0887eaf16448
2023-04-02 04:38:23,True,3.828e-05,1.219e-08,5803388.0,0.7075,0xab...e688,https://bscscan.com/tx/0xdfc64a9fd918769294379d0aee1e6510d1ef26083cf03bad354b747e2eb65f63
2023-04-02 04:37:35,True,3.828e-05,1.219e-08,2603478.0,0.3173,0xd8...24de,https://bscscan.com/tx/0xcba47f99e7e188d2dc770a4f7d21567cedf7432b77bd69a600993096c766393e
2023-04-02 04:37:29,False,3.812e-05,1.214e-08,77357429.0,9.39204,0xd7...410c,https://bscscan.com/tx/0x7b287b92777e4cf6e8ea6092968169658dd2b5c6679703da9289f8d71a422486
2023-04-02 04:37:29,False,3.816e-05,1.215e-08,77335.6,0.0094,0xd7...410c,https://bscscan.com/tx/0x7b287b92777e4cf6e8ea6092968169658dd2b5c6679703da9289f8d71a422486
2023-04-02 04:37:11,False,3.817e-05,1.215e-08,27891301.0,3.39089,0x35...ec11,https://bscscan.com/tx/0x56d193f6c348ec1c9f2f1af68f8370d739c2430e6c54e040777d932a36f84eda
2023-04-02 04:37:11,False,3.819e-05,1.216e-08,79712.4,0.0096,0x35...ec11,https://bscscan.com/tx/0x56d193f6c348ec1c9f2f1af68f8370d739c2430e6c54e040777d932a36f84eda
2023-04-02 04:37:11,True,3.838e-05,1.222e-08,6452268.0,0.7885,0x2a...3eb3,https://bscscan.com/tx/0x12d528428b063fd10f9778a044ef152dc13d207e0a89cf0f89644d29d3f746ad
2023-04-02 04:37:08,True,3.837e-05,1.221e-08,15636004.0,1.91047,0x69...fc0d,https://bscscan.com/tx/0x4bc1a31693d3ec0ca5e4eefcec724335834a65ffeb3dfefa29ed4e60b1eb59d8
2023-04-02 04:37:05,True,3.836e-05,1.221e-08,6386532.0,0.7801,0x08...9187,https://bscscan.com/tx/0x4aecb66f3371129b3b155c23c3a1093db6e4e513d1af6133cd16c97f7d41a6af
2023-04-02 04:36:53,False,3.835e-05,1.215e-08,1045177.0,0.127,0xdc...c6dd,https://bscscan.com/tx/0x8b189872dc2350da12d263c21332b3464d8f1a64293e1cea051964ebfe9fde1e
2023-04-02 04:36:53,False,3.835e-05,1.215e-08,1547475.0,0.188,0xdc...c6dd,https://bscscan.com/tx/0x8b189872dc2350da12d263c21332b3464d8f1a64293e1cea051964ebfe9fde1e
2023-04-02 04:36:47,True,3.854e-05,1.221e-08,2456119.0,0.3,0x4e...abb7,https://bscscan.com/tx/0xa5215140accd6c1706941ddcfda7775861eac3c34433adde356e2ed50958707f
2023-04-02 04:36:38,True,3.849e-05,1.219e-08,100300903.0,12.235,0x9b...2220,https://bscscan.com/tx/0x8a220e59eb1622b1dcc9ae8dfe517e02512b15683ace7d0fc4d8bca3dcc1afbf
2023-04-02 04:36:35,True,3.844e-05,1.218e-08,13006181.0,1.58422,0x9f...d87c,https://bscscan.com/tx/0x52a4c892a52c3e8f021f444dce3719da115f90d82da65f14691630ad9e98c258
2023-04-02 04:36:35,True,3.842e-05,1.217e-08,26025847.0,3.1685,0x84...40b6,https://bscscan.com/tx/0x2c1eed7687e9ca6852f1865fac7ee41b93c7c685fabe836970640d8bef88875a
2023-04-02 04:36:32,True,3.819e-05,1.216e-08,34798606.0,4.23322,0x53...a498,https://bscscan.com/tx/0xb4671834dd58c030b5209d251cf07ac098a45715ab883ff86982c1ad0db117a6
2023-04-02 04:36:32,True,3.813e-05,1.214e-08,100300903.0,12.1804,0x9b...2220,https://bscscan.com/tx/0xabe064c5e24bd0f73f8de199060adf9e12b3e7df040f2a23458a8f28771051c4
2023-04-02 04:36:29,True,3.804e-05,1.211e-08,78433310.0,9.50304,0x3e...8467,https://bscscan.com/tx/0x6c2971967c9a4a510b0160e5608b583c09deb7e86d922187c406f5dd24e61556
2023-04-02 04:36:29,True,3.8e-05,1.21e-08,5236421.0,0.6337,0x09...712a,https://bscscan.com/tx/0x627376e5ada2066f6468cbf6eaedb36fc24f36e82cc3afd50f629ad4ee78774f
2023-04-02 04:36:26,True,3.801e-05,1.21e-08,2560108.0,0.3099,0x39...3921,https://bscscan.com/tx/0xd709fc44ba1a2de8d73145e46752a6db21a62223b0fa44825290eaa941603ef4
2023-04-02 04:36:26,True,3.799e-05,1.21e-08,5237567.0,0.6337,0x09...712a,https://bscscan.com/tx/0xcfe2b528a503ba5aec0f36e1383a90734a768fc33d059ca25e5dc07f87b89197
2023-04-02 04:36:23,True,3.797e-05,1.209e-08,26198513.0,3.16893,0x17...4266,https://bscscan.com/tx/0x9854da4a47e17a4c63121361705b1d10bd0170296dca4e34e301587b2b2ac5d2
2023-04-02 04:36:23,True,3.791e-05,1.207e-08,100300903.0,12.1126,0x9b...2220,https://bscscan.com/tx/0x69d4c34fe885f17bba3fb830bf7560f4c9cfba7d854c857384924c9fa820baaa
2023-04-02 04:36:17,True,3.786e-05,1.205e-08,10049310.0,1.21187,0x50...aa5a,https://bscscan.com/tx/0x86234146963820ae5730fcb155da8d7a0e5e0a837e035cacaac8a5b46c622205
2023-04-02 04:36:17,True,3.785e-05,1.205e-08,13143235.0,1.58451,0x9f...d87c,https://bscscan.com/tx/0x3fce04545b14852c9e5008a8c61eeef2075628288cdf1d269947d0942f73e509
2023-04-02 04:35:59,False,3.785e-05,1.199e-08,13668735.0,1.63964,0x77...0008,https://bscscan.com/tx/0xc4186c0349fea9976ea97eb8365ae604e8a62b244b3f353eadde1dcbbe87fd8f
2023-04-02 04:35:59,False,3.786e-05,1.199e-08,882603.0,0.1058,0x77...0008,https://bscscan.com/tx/0xc4186c0349fea9976ea97eb8365ae604e8a62b244b3f353eadde1dcbbe87fd8f
2023-04-02 04:35:47,True,3.782e-05,1.205e-08,28290227.0,3.41004,0xed...38a8,https://bscscan.com/tx/0x1817e5f96a8586101b2c3913515df22ddc51f86285f28f4de50f1fd284927522
2023-04-02 04:35:20,True,3.801e-05,1.204e-08,12500000.0,1.50594,0x89...cb83,https://bscscan.com/tx/0x4b04e9b0dd9260c69aeb22705d57c656709aa27d105a2a44a1ddfc137abdc6b0
2023-04-02 04:34:44,True,3.8e-05,1.204e-08,10401900.0,1.2528,0x08...7b88,https://bscscan.com/tx/0xdefdb65408825b64eba6a6f4b95639d98e0412fd1ea4e783f512579d325b3c80
2023-04-02 04:34:11,True,3.787e-05,1.2e-08,240413384.0,28.8628,0x7f...810e,https://bscscan.com/tx/0xa74a4974254822f8b797e3fb3b0aa282525dd45449593060b2926fd4bd6b1c54
2023-04-02 04:33:56,True,3.753e-05,1.196e-08,30089979.0,3.60002,0x20...946b,https://bscscan.com/tx/0x879222d3649fb820d6cb1be3e68266372faf6f588a3f274a652c26b57a096b30
2023-04-02 04:33:44,True,3.773e-05,1.195e-08,2417626.0,0.2891,0x3f...c5e3,https://bscscan.com/tx/0x9fe47c97cdb1b5355ef050d37587948e47418bdd26d6d4526f4973f64ccaebff
2023-04-02 04:33:41,False,3.754e-05,1.189e-08,2768440.0,0.3294,0xa1...05f3,https://bscscan.com/tx/0xf9ffc4d354e090279f8b98018130c81240794b5e8ab7e6b9be2e68caf4f41a54
2023-04-02 04:33:41,False,3.754e-05,1.19e-08,132412.0,0.0157,0xa1...05f3,https://bscscan.com/tx/0xf9ffc4d354e090279f8b98018130c81240794b5e8ab7e6b9be2e68caf4f41a54
2023-04-02 04:33:29,True,3.752e-05,1.195e-08,1708734.0,0.2043,0x8e...d5d9,https://bscscan.com/tx/0xcbea11933e0de209939a8075b0c4d3993ae6c657fec4899406105027b6f78946
2023-04-02 04:33:17,True,3.75e-05,1.195e-08,31193138.0,3.72898,0x72...d241,https://bscscan.com/tx/0x5f31f825462c7ef607815398d804035060e926fdfc47d50a69db6930c123b6d5
2023-04-02 04:32:56,False,3.752e-05,1.189e-08,16091251.0,1.91365,0x69...fc0d,https://bscscan.com/tx/0x9448fe119f60c209331b2796889601f9443338b460c7f9092f4092b378ea7ec1
2023-04-02 04:32:56,False,3.752e-05,1.189e-08,16564.6,0.0019,0x69...fc0d,https://bscscan.com/tx/0x9448fe119f60c209331b2796889601f9443338b460c7f9092f4092b378ea7ec1
2023-04-02 04:32:50,False,3.753e-05,1.189e-08,6116623.0,0.7276,0x05...7066,https://bscscan.com/tx/0x922ad015973033530e29f633cbdb652e9c1331bfc4dd5c5939675c9b4144394b
2023-04-02 04:32:50,False,3.753e-05,1.189e-08,30945.8,0.0036,0x05...7066,https://bscscan.com/tx/0x922ad015973033530e29f633cbdb652e9c1331bfc4dd5c5939675c9b4144394b
2023-04-02 04:32:50,False,3.753e-05,1.189e-08,11427009.0,1.35965,0x05...7066,https://bscscan.com/tx/0x2e02bbeb6c4b85107422a373256c80f5cd7118e9272261ab8992034d32963ea3
2023-04-02 04:32:50,False,3.754e-05,1.19e-08,102067.0,0.0121,0x05...7066,https://bscscan.com/tx/0x2e02bbeb6c4b85107422a373256c80f5cd7118e9272261ab8992034d32963ea3
2023-04-02 04:32:44,False,3.735e-05,1.19e-08,37689000.0,4.48725,0x69...2dc4,https://bscscan.com/tx/0x89d03e4ed5e01b1e5f3d84f34e62cffa041903562d9f90b2653826c4de8e88ff
2023-04-02 04:32:44,False,3.737e-05,1.191e-08,72565.2,0.0086,0x69...2dc4,https://bscscan.com/tx/0x89d03e4ed5e01b1e5f3d84f34e62cffa041903562d9f90b2653826c4de8e88ff
2023-04-02 04:32:29,False,3.759e-05,1.191e-08,26795389.0,3.19287,0x3b...0b3f,https://bscscan.com/tx/0xf638fead87ca17e4cc41e6173e993459fbef41903cd698eb4d1b1cd1553f9801
2023-04-02 04:32:29,False,3.76e-05,1.191e-08,784372.0,0.0935,0x3b...0b3f,https://bscscan.com/tx/0xf638fead87ca17e4cc41e6173e993459fbef41903cd698eb4d1b1cd1553f9801
2023-04-02 04:32:17,True,3.751e-05,1.195e-08,190508112.0,22.7673,0x37...6bae,https://bscscan.com/tx/0x172c25a6ec20901cf95c7ba2fbd463830751b60fab02cfbe59666ac3f0adbce7
2023-04-02 04:32:17,False,3.728e-05,1.187e-08,99700000.0,11.8418,0x9b...2220,https://bscscan.com/tx/0x9d05f3d2eda4b954ed641271bda6dea44981ff3193e43b745e39809334005cc2
2023-04-02 04:32:17,False,3.733e-05,1.189e-08,382281.0,0.0454,0x9b...2220,https://bscscan.com/tx/0x9d05f3d2eda4b954ed641271bda6dea44981ff3193e43b745e39809334005cc2
2023-04-02 04:32:11,False,3.74e-05,1.191e-08,141160679.0,16.8178,0x05...7066,https://bscscan.com/tx/0x9900d0359a9b38a4d2ebfd4c9f6c056e92bf9be9e6c99503f300c3851a4b9751
2023-04-02 04:32:11,False,3.746e-05,1.193e-08,273567.0,0.0326,0x05...7066,https://bscscan.com/tx/0x9900d0359a9b38a4d2ebfd4c9f6c056e92bf9be9e6c99503f300c3851a4b9751
2023-04-02 04:32:08,True,3.765e-05,1.199e-08,1321204.0,0.1584,0x69...3bf1,https://bscscan.com/tx/0x5a12d2f30d03989022317a2d724c578cb17e1fd3e0f70e6cdd77bae15086f998
2023-04-02 04:32:08,False,3.751e-05,1.195e-08,99700000.0,11.9143,0x9b...2220,https://bscscan.com/tx/0x106c553c461f254222305e3ae028162ef9761305181549fb74a9b40b3dac5a80
2023-04-02 04:32:08,False,3.756e-05,1.196e-08,782432.0,0.0936,0x9b...2220,https://bscscan.com/tx/0x106c553c461f254222305e3ae028162ef9761305181549fb74a9b40b3dac5a80
2023-04-02 04:32:02,True,3.784e-05,1.199e-08,189789633.0,22.7681,0x37...6bae,https://bscscan.com/tx/0xbe1438261b92244a401251e7e42766d7996560607cf51af38a22b98fb9fc60ca
2023-04-02 04:32:02,False,3.761e-05,1.192e-08,99700000.0,11.8871,0x9b...2220,https://bscscan.com/tx/0x4526992be663ad1fe8ac7dfb6f341f50a9d2539139bbf99454f6aaa3c9c95521
2023-04-02 04:32:02,False,3.766e-05,1.193e-08,291403.0,0.0347,0x9b...2220,https://bscscan.com/tx/0x4526992be663ad1fe8ac7dfb6f341f50a9d2539139bbf99454f6aaa3c9c95521
2023-04-02 04:31:56,True,3.784e-05,1.199e-08,7927140.0,0.951,0xf6...c07e,https://bscscan.com/tx/0xaea5f80715255242a61ce4f273c4562530473e2ac94b6d872caa3f3670890723
2023-04-02 04:31:56,False,3.77e-05,1.195e-08,99700000.0,11.915,0x9b...2220,https://bscscan.com/tx/0xfa6508c82751dcde724857f6f7a9a3284e4701e28d4f4180ba998dc9cb189184
2023-04-02 04:31:56,False,3.775e-05,1.196e-08,272544.0,0.0326,0x9b...2220,https://bscscan.com/tx/0xfa6508c82751dcde724857f6f7a9a3284e4701e28d4f4180ba998dc9cb189184
2023-04-02 04:31:53,True,3.794e-05,1.202e-08,942236.0,0.1133,0x7a...4ab8,https://bscscan.com/tx/0x473fdd08ed4157abb05bdd6b7808d1a4f1a24f80cf923fb5ad7244cad33b4ec7
2023-04-02 04:31:50,False,3.779e-05,1.198e-08,99700000.0,11.945,0x9b...2220,https://bscscan.com/tx/0xb3a28ebc5354ec736ed5983069919fd8453b9a7ef2bef6a904c25387d62166dd
2023-04-02 04:31:50,False,3.784e-05,1.199e-08,6059.75,7.269e-05,0x9b...2220,https://bscscan.com/tx/0xb3a28ebc5354ec736ed5983069919fd8453b9a7ef2bef6a904c25387d62166dd
2023-04-02 04:31:41,False,3.766e-05,1.199e-08,13618014.0,1.63393,0x00...e8a0,https://bscscan.com/tx/0xa26697b24bb087e75d377bc7db1658e895b4737077133429a160273a1142aaf1
2023-04-02 04:31:41,False,3.767e-05,1.2e-08,11846507.0,1.42184,0xc9...b99e,https://bscscan.com/tx/0x00c7d90e58f30e346b9c36431f17fef68da217d06708cf83fde6a89ea1cb6c1b
2023-04-02 04:31:41,False,3.768e-05,1.2e-08,41066.7,0.0049,0xc9...b99e,https://bscscan.com/tx/0x00c7d90e58f30e346b9c36431f17fef68da217d06708cf83fde6a89ea1cb6c1b
2023-04-02 04:31:41,False,3.769e-05,1.2e-08,15164245.0,1.82067,0xbe...e4e1,https://bscscan.com/tx/0xa40bcda2d7901f9c81e4da9f41e9fb68ba6f16b5cd638e67dcd5a392b7ba9329
2023-04-02 04:31:41,False,3.769e-05,1.2e-08,24453.2,0.0029,0xbe...e4e1,https://bscscan.com/tx/0xa40bcda2d7901f9c81e4da9f41e9fb68ba6f16b5cd638e67dcd5a392b7ba9329
2023-04-02 04:31:41,False,3.77e-05,1.201e-08,9029577.0,1.08445,0xe2...1b51,https://bscscan.com/tx/0xa6d0c60e2555f9f6cf82bd6a1ac8abee8ebd74e22d1d14aa529be55654fecbac
2023-04-02 04:31:41,False,3.77e-05,1.201e-08,1104383.0,0.1326,0xe2...1b51,https://bscscan.com/tx/0xa6d0c60e2555f9f6cf82bd6a1ac8abee8ebd74e22d1d14aa529be55654fecbac
2023-04-02 04:31:41,True,3.771e-05,1.201e-08,379040588.0,45.5369,0x37...6bae,https://bscscan.com/tx/0xa4edb065f34e7e1620eb0eea9d2079b3f651833cd643a6e91d2dbcf2186ebd46
2023-04-02 04:31:32,False,3.754e-05,1.19e-08,29900029.0,3.55831,0x20...946b,https://bscscan.com/tx/0x335a0be823b4fb3f3a776a15ffc2c45e40bccd23c7bbe5a767d7134457695294
2023-04-02 04:31:23,False,3.756e-05,1.19e-08,8714126.0,1.03755,0xd4...cc47,https://bscscan.com/tx/0x80e5b459fc2c521dddd5c179e64d67f3c3f14f00c08af3accfd4fe9ad59c5c98
2023-04-02 04:31:23,False,3.756e-05,1.19e-08,6665.03,7.936e-05,0xd4...cc47,https://bscscan.com/tx/0x80e5b459fc2c521dddd5c179e64d67f3c3f14f00c08af3accfd4fe9ad59c5c98
2023-04-02 04:31:20,False,3.756e-05,1.19e-08,2461123.0,0.293,0x05...ca10,https://bscscan.com/tx/0x739f4b0cff8aea2144dadbaa0e1a7fa1a03bf541f586c8615ef053fda4be444e
2023-04-02 04:31:20,False,3.757e-05,1.19e-08,4949.36,5.893e-05,0x05...ca10,https://bscscan.com/tx/0x739f4b0cff8aea2144dadbaa0e1a7fa1a03bf541f586c8615ef053fda4be444e
2023-04-02 04:31:20,False,3.757e-05,1.19e-08,1827596.0,0.2176,0xac...1d6c,https://bscscan.com/tx/0xb26a69810f39513999552c856361a38156b2d77fc0bd5ba14f31f3330856bac6
2023-04-02 04:31:20,False,3.757e-05,1.191e-08,11054987.0,1.31674,0x00...2ed5,https://bscscan.com/tx/0x4053940238498b590cbdc713eb3631533e0089ba0e464547398a0c99beb3b309
2023-04-02 04:31:20,False,3.758e-05,1.191e-08,686851.0,0.0818,0x00...2ed5,https://bscscan.com/tx/0x4053940238498b590cbdc713eb3631533e0089ba0e464547398a0c99beb3b309
2023-04-02 04:31:17,True,3.746e-05,1.193e-08,254389161.0,30.3582,0x37...6bae,https://bscscan.com/tx/0x28503e42bae414665e6ec667ffdd2a3ca9b830f09fc804fcf7afb6f759a94ea2
2023-04-02 04:31:05,False,3.715e-05,1.183e-08,10130489.0,1.19919,0x98...139f,https://bscscan.com/tx/0xee4d849479c772dea5635fb8942807eee2a6366ca012c3db2edd5e51b4517f97
2023-04-02 04:31:05,False,3.716e-05,1.184e-08,12576602.0,1.48917,0x60...290b,https://bscscan.com/tx/0xd8653bf8f19d9aaf3fa6baf31522931bd85f52295b962a127e21491873b4fc9f
2023-04-02 04:31:05,False,3.717e-05,1.184e-08,1946758.0,0.2305,0x60...290b,https://bscscan.com/tx/0xd8653bf8f19d9aaf3fa6baf31522931bd85f52295b962a127e21491873b4fc9f
2023-04-02 04:31:05,True,3.72e-05,1.185e-08,341548990.0,40.4779,0x37...6bae,https://bscscan.com/tx/0x7200a884714dee6a05e7b3b16eb8a0c999fcc86076f3260a9ba8368610dfb751
2023-04-02 04:30:20,True,3.703e-05,1.179e-08,12876114.0,1.51916,0xc2...ac42,https://bscscan.com/tx/0x13a288c904a0839a566906f404e2f04d5ecf22886ef8b9b393f485c7382a36ec
2023-04-02 04:30:08,True,3.702e-05,1.179e-08,19269870.0,2.27259,0x20...946b,https://bscscan.com/tx/0xc032d2cc47b419773b202c2e45f47f5080488729d332fdcae7894694399b2aa1
2023-04-02 04:29:23,True,3.7e-05,1.178e-08,16170806.0,1.90625,0xaf...9dcd,https://bscscan.com/tx/0xa47b929279529b1b09463d028fbe50048706e3e9b5dbc886d47362ca0231e13a
2023-04-02 04:29:11,True,3.716e-05,1.178e-08,30049193.0,3.54019,0x20...946b,https://bscscan.com/tx/0xbff670a09f44efa20b84000c9d04ead9befe34a426e6382e8098c1bfbe06513a
2023-04-02 04:29:05,True,3.714e-05,1.177e-08,26982660.0,3.17662,0xaf...9dcd,https://bscscan.com/tx/0x00c0dae3c3ffff61396c8b72c528fad6649e23125989a2efa5e89b63f7fd59d4
2023-04-02 04:29:05,True,3.711e-05,1.176e-08,27008536.0,3.1775,0xc1...f4fe,https://bscscan.com/tx/0x22f4b9546cb41c2f2f125051bd207ed0a96e04f88bdb498c0d6bfd08b204192b
2023-04-02 04:28:53,True,3.709e-05,1.175e-08,20000040.0,2.35157,0xaf...9dcd,https://bscscan.com/tx/0x45bfcd43bd8f0ef8ad88059aa4c3b2d608d0aef63d2c2466e0c88205507e6470
2023-04-02 04:28:47,True,3.707e-05,1.175e-08,13484926.0,1.58487,0x9f...d87c,https://bscscan.com/tx/0x333d02436a6d607c1fec6a527a9f7121078b6799d59b7539ea0cf078373c5098
2023-04-02 04:28:23,True,3.687e-05,1.174e-08,18936970.0,2.22473,0xaf...9dcd,https://bscscan.com/tx/0x57636ece3e6aaeed718448899af3465dbe6f79acda8e2d96ee4a5341f60a2c86
2023-04-02 04:28:20,True,3.685e-05,1.174e-08,30090193.0,3.53283,0x20...946b,https://bscscan.com/tx/0x3f6f467394d31c21ff55288c7af870b81954ee0292038a6455116359c3a5a8da
2023-04-02 04:27:59,True,3.702e-05,1.173e-08,5507620.0,0.6463,0x8d...781d,https://bscscan.com/tx/0x4cd10057257dfd7bd844675d90e442e246d8b8b63903b9ccda7fd8509e6a637b
2023-04-02 04:27:35,True,3.698e-05,1.172e-08,80567106.0,9.44473,0x16...460d,https://bscscan.com/tx/0x650241f83a62a24d86119665f882a94e9771211382acf0c69f8379adc4406660
2023-04-02 04:27:32,True,3.693e-05,1.17e-08,16286725.0,1.90694,0xaf...9dcd,https://bscscan.com/tx/0x899e791f3945e686c9eb159750d2a2208b5bb41740515ff3ba50e2f8330957e3
2023-04-02 04:27:23,True,3.674e-05,1.17e-08,9072489.0,1.06192,0x85...0b83,https://bscscan.com/tx/0x46dda1a791e6d42e8387f229d682b6a10d488befac5b9f33d07b2472643fb352
2023-04-02 04:27:20,True,3.672e-05,1.17e-08,18658624.0,2.18319,0x20...946b,https://bscscan.com/tx/0x8e8921bf86a9794e3be0fd424aa3618cb295285c9b2199d6835a29db9aca6256
2023-04-02 04:27:05,False,3.672e-05,1.163e-08,3074792.0,0.3579,0x53...0042,https://bscscan.com/tx/0x00ca6e239a63f516dc07aabaac7c34078d7e4dd970507c6f20604d38b795e622
2023-04-02 04:27:05,False,3.672e-05,1.164e-08,2089992.0,0.2432,0x53...0042,https://bscscan.com/tx/0x00ca6e239a63f516dc07aabaac7c34078d7e4dd970507c6f20604d38b795e622
2023-04-02 04:26:14,True,3.686e-05,1.168e-08,81340666.0,9.50669,0x3e...8467,https://bscscan.com/tx/0x031d444aff1b0d6084620a7475e326d2ada1fdeeedbfcec1ec3c1919eb79525d
2023-04-02 04:26:14,True,3.674e-05,1.165e-08,165196418.0,19.2476,0x7f...810e,https://bscscan.com/tx/0x76340325e069d3c28576a77ef15623ce562112ea6fe10af02b2b51d67bedf905
2023-04-02 04:26:14,True,3.666e-05,1.162e-08,5453961.0,0.6341,0x09...712a,https://bscscan.com/tx/0x8e9f1f2367068b3c583abdfde6ddad5d584c58653fce1538886f175b0d66a7e1
2023-04-02 04:26:11,True,3.666e-05,1.162e-08,13638277.0,1.58526,0x9f...d87c,https://bscscan.com/tx/0x80475a64fd5fd22b44aa606d98925185b127ba0b1b4caabf7aba822f33a08f74
2023-04-02 04:25:56,True,3.647e-05,1.162e-08,1032569.0,0.12,0xd6...4ef7,https://bscscan.com/tx/0x2b7d47e34ef656cf5b66ce01d1db3c9476b4cfb7d69aca2eaa6807bac52d3ffa
2023-04-02 04:25:47,True,3.664e-05,1.161e-08,19702699.0,2.28915,0xaf...9dcd,https://bscscan.com/tx/0x18067191364bc0c1c22044606465534afe01dec76a677f5b0528affbef4b95d0
2023-04-02 04:25:23,True,3.662e-05,1.161e-08,30090319.0,3.49385,0x20...946b,https://bscscan.com/tx/0x5dacc67f8c8e662699a47833a0e33a25a0657cd018bbe2d0eefd9b8b412cae9c
2023-04-02 04:25:05,True,3.659e-05,1.16e-08,27390663.0,3.1781,0xaf...9dcd,https://bscscan.com/tx/0x5d984ddab911f0a576fd2d942c02c71dc81f2366385c9770e2d4625dad71f674
2023-04-02 04:24:44,True,3.656e-05,1.159e-08,43130944.0,5.0,0xd7...410c,https://bscscan.com/tx/0x2ad9205053c14e7c2b2e61f3034168e41b45105c0dcf3def9db4f6d5f5d7f7b8
2023-04-02 04:24:29,True,3.632e-05,1.157e-08,80929165.0,9.36723,0x16...460d,https://bscscan.com/tx/0x2000b360ac99995e5fce8b4b992583b268110eee5c4b39bfd1ee8dee0277b59d
2023-04-02 04:24:26,True,3.628e-05,1.156e-08,3929027.0,0.4542,0x7f...810e,https://bscscan.com/tx/0x646f8ee8f59b0a4410b42ec697cd13f68a1bf27212673e3b38d6a7d5e205d2f4
2023-04-02 04:24:23,True,3.627e-05,1.155e-08,30073804.0,3.47575,0x20...946b,https://bscscan.com/tx/0xd02278eabe889f5da4b921e7644193060d3c106c11b3ba7114fc1c6cf3861f2f
2023-04-02 04:24:17,True,3.624e-05,1.154e-08,22034645.0,2.54498,0xaf...9dcd,https://bscscan.com/tx/0xc88c91610956385a9c296c983aa2eff88c919483591577a4f88372bc7ee2508b
2023-04-02 04:24:05,True,3.623e-05,1.154e-08,13731362.0,1.58525,0x17...4266,https://bscscan.com/tx/0x5e6ea9b22b69877ec7df77eabe0bb0c3d9db6efd162caabe06b4181e51c41680
2023-04-02 04:24:05,True,3.621e-05,1.153e-08,27527881.0,3.17638,0xaf...9dcd,https://bscscan.com/tx/0x5d3ec163bf8307a51566951cca9a9a4a045b5819e1535c29d17242c14f77df76
2023-04-02 04:23:47,True,3.616e-05,1.152e-08,34692727.0,4.0,0xd7...410c,https://bscscan.com/tx/0xf6a523d3b027fa08c1c8fbb6fc3a14e1578890f87b5c13b89b808c567cf60e55
2023-04-02 04:23:41,True,3.616e-05,1.152e-08,20419763.0,2.35274,0xaf...9dcd,https://bscscan.com/tx/0x533ecc9abce0dd872f1ff9da9edb04fae471d68bc466317a27d476d657a61749
2023-04-02 04:23:35,True,3.615e-05,1.151e-08,852445.0,0.0981,0xad...c85d,https://bscscan.com/tx/0x4cc27ebee0c3b7d3c6b9dc4b58f06995c3639d25ea398efa04796b5e38eebd7f
2023-04-02 04:23:26,True,3.632e-05,1.151e-08,23462751.0,2.70181,0x20...946b,https://bscscan.com/tx/0xaa38f4e00ff8e8dde531cd5c4b1e3b1c7b0dda9861aeff8f7990042b6fc3538a
2023-04-02 04:23:26,True,3.63e-05,1.15e-08,16577950.0,1.90805,0xc1...f4fe,https://bscscan.com/tx/0x4d8544e673fab7f13655b189e2b249d9b76dd80479209eb78f68d70964df231b
2023-04-02 04:21:38,True,3.628e-05,1.15e-08,16188235.0,1.86243,0x69...fc0d,https://bscscan.com/tx/0xf7ae9dd7884d76cd36f89ddafefbe1fa011d87428adb226b911764a0df3cb21f
2023-04-02 04:21:26,True,3.608e-05,1.149e-08,30090430.0,3.45986,0x20...946b,https://bscscan.com/tx/0x060c10fa25dad63c86cca229af024475f413a269ef4fb50094ec407f11fd63f4
2023-04-02 04:21:14,False,3.588e-05,1.143e-08,1545350.0,0.1767,0x01...585d,https://bscscan.com/tx/0xb5b9e23bb9e463e40016c2b5d8a4adfdbd91341edb615b87f644d877b3876938
2023-04-02 04:21:14,False,3.588e-05,1.143e-08,44599.4,0.0051,0x01...585d,https://bscscan.com/tx/0xb5b9e23bb9e463e40016c2b5d8a4adfdbd91341edb615b87f644d877b3876938
2023-04-02 04:21:08,True,3.606e-05,1.149e-08,347999.0,0.04,0x59...77d7,https://bscscan.com/tx/0x35ff62a52e151cd288b4bdad56eb7fbdcb0245b6c9aa4c47eeab8dfa5e2ddc6f
2023-04-02 04:20:44,True,3.625e-05,1.149e-08,870010.0,0.1,0x4e...abb7,https://bscscan.com/tx/0xfeba5546f2dac7ffe7c43290779995231e4cfdbfa82dd871db5d660721e5ae19
2023-04-02 04:17:59,False,3.606e-05,1.143e-08,1016157.0,0.1162,0xdc...c6dd,https://bscscan.com/tx/0x7e1740cf75aa3d1fc9082ecad64c76b4973d213eb2e950a793f36b0e434e1c38
2023-04-02 04:17:59,False,3.606e-05,1.143e-08,787293.0,0.09,0xdc...c6dd,https://bscscan.com/tx/0x7e1740cf75aa3d1fc9082ecad64c76b4973d213eb2e950a793f36b0e434e1c38
2023-04-02 04:17:56,True,3.624e-05,1.149e-08,7908014.0,0.9089,0x75...13f8,https://bscscan.com/tx/0x5e5e96ab46691f9734f036072d63fbdd58fc71f197f3e337035f8285489d55a9
2023-04-02 04:17:44,True,3.595e-05,1.146e-08,223988877.0,25.6695,0x7f...810e,https://bscscan.com/tx/0x49d2735ff36b190c8fe5536fbac49c98b3947083c6740c2beba9ee0258efb35a
2023-04-02 04:17:26,True,3.584e-05,1.142e-08,27834545.0,3.17991,0xaf...9dcd,https://bscscan.com/tx/0x5a7c479b59ff39f21dba8f3da34892b118e40f21ecef744014536eb4cf55f309
2023-04-02 04:16:47,True,3.582e-05,1.141e-08,12038901.0,1.37468,0x20...946b,https://bscscan.com/tx/0xa0433c7dea3a6222e94e927bc240ffd7c57eebe2a60744c78c54df2524bc8142
2023-04-02 04:16:23,False,3.583e-05,1.136e-08,8008603.0,0.9098,0x32...b696,https://bscscan.com/tx/0xfe188fbfcdc8e3e9f245764f68b4bc7c490d282c3954d9eb979c1886e4185ba8
2023-04-02 04:16:23,False,3.583e-05,1.136e-08,6978151.0,0.7929,0x00...6a91,https://bscscan.com/tx/0xd65113f6c3976f67f4f41ffbc9d1203ae6ddf36ed770964b0327ba3bbf35d654
2023-04-02 04:16:23,False,3.584e-05,1.136e-08,4166196.0,0.4734,0x00...6a91,https://bscscan.com/tx/0xd65113f6c3976f67f4f41ffbc9d1203ae6ddf36ed770964b0327ba3bbf35d654
2023-04-02 04:16:23,True,3.598e-05,1.141e-08,81751165.0,9.32844,0x16...460d,https://bscscan.com/tx/0xdbdbd93b78d2e3d61b0eb0fd8b9cd467fdda2e6e481aaa69e3bf5c54e3dec13b
2023-04-02 04:16:20,True,3.591e-05,1.138e-08,83473553.0,9.50545,0x3e...8467,https://bscscan.com/tx/0xb408197f3ea1463b9ea84fc4e7457aba1a521719c7180ae92f5c9430b8885177
2023-04-02 04:16:20,True,3.587e-05,1.137e-08,13938921.0,1.58536,0x9f...d87c,https://bscscan.com/tx/0x34d19bdfb941ff490a21be61247ab6ff2fb2b80a5b636daebd658c3f342ab49b
2023-04-02 04:16:08,True,3.567e-05,1.136e-08,13943841.0,1.58537,0x17...4266,https://bscscan.com/tx/0xcfb4ac9fb71c31e7e2154cccc7b02e292aa1f2869cf820ad391fa99b1529e9ef
2023-04-02 04:16:05,True,3.562e-05,1.135e-08,100300903.0,11.3878,0x9b...2220,https://bscscan.com/tx/0x3ae688cb056b68a0b0edc8eb63a1b3ec14c538ee7567a8bf9a638918a6203f8d
2023-04-02 04:16:02,True,3.557e-05,1.133e-08,13983721.0,1.58541,0x17...4266,https://bscscan.com/tx/0x1df9ce93bf98825f5f78a72312fa5a901f68bde8eb649cd916af469767faa284
2023-04-02 04:16:02,True,3.555e-05,1.133e-08,27982464.0,3.17087,0x84...40b6,https://bscscan.com/tx/0xa9d24b584d97f12903928e1484726109a138a2ad6f27b33c0311dd58f9b4bb4f
2023-04-02 04:15:59,True,3.554e-05,1.132e-08,5598908.0,0.6341,0x09...712a,https://bscscan.com/tx/0xafa3b96b976b6d2241a757fc061948b4bf2f3c8aace2d82dd4168b724df50b83
2023-04-02 04:15:56,True,3.552e-05,1.132e-08,28006575.0,3.17096,0x17...4266,https://bscscan.com/tx/0xb35e2e3b70e8b19a613ae9e285f1fccbcad8939a311c39287fba22b46f734ad1
2023-04-02 04:15:50,True,3.55e-05,1.131e-08,30086440.0,3.404,0x20...946b,https://bscscan.com/tx/0x0a634582d11bce7b1dd1d7544b4e55b11ff8c5f1d566ca521ab978055f6bc185
2023-04-02 04:15:50,True,3.548e-05,1.13e-08,5607895.0,0.6342,0x09...712a,https://bscscan.com/tx/0xecea776f4d522028793edc7568a0a409bf469fa951d5fc26c93059e5119952cf
2023-04-02 04:15:08,True,3.547e-05,1.13e-08,28114923.0,3.17821,0xaf...9dcd,https://bscscan.com/tx/0xc83d9867388cf0ec0ddb7791e383889a2a514c083706b07cdf25943765e6955f
2023-04-02 04:14:56,True,3.544e-05,1.129e-08,28134371.0,3.1782,0xaf...9dcd,https://bscscan.com/tx/0x5eb914de90b7c116842992e51a7c3918a3338f0b55858637fd58e6a3f5e2354b
2023-04-02 04:14:50,True,3.542e-05,1.128e-08,30090639.0,3.39674,0x20...946b,https://bscscan.com/tx/0xa47829777075c678451d16b20127430942a078370daf76b756ba690e049ace1c
2023-04-02 04:14:44,True,3.539e-05,1.128e-08,22541396.0,2.5429,0xaf...9dcd,https://bscscan.com/tx/0x5db6eada1f3063350a1ce3dd84ad082b38a7028c28c7504b1432624583989b19
2023-04-02 04:14:26,True,3.536e-05,1.127e-08,14102091.0,1.59014,0xaf...9dcd,https://bscscan.com/tx/0x6e31fcba0179e67bf33b5f5edd3a1d523c18c45e9b28951af2152ad643735b34
2023-04-02 04:14:08,True,3.536e-05,1.127e-08,13307190.0,1.5,0xd6...4ef7,https://bscscan.com/tx/0xf90141622905ad62ef48e0451443b4dcd62cef38449a85756b9785bc2f395ff2
2023-04-02 04:13:59,True,3.535e-05,1.126e-08,15611245.0,1.75909,0x20...946b,https://bscscan.com/tx/0xa5743e5f6a19f7d2761a5194fb68c9dbb222e092aa288b1541dddb5bd75c088a
2023-04-02 04:13:56,True,3.53e-05,1.125e-08,100300903.0,11.2858,0x9b...2220,https://bscscan.com/tx/0x26228003912e4158cea84959fb9e16e1d3698509b50f8dac53b10606151d0a47
2023-04-02 04:13:50,True,3.521e-05,1.122e-08,100300903.0,11.2579,0x9b...2220,https://bscscan.com/tx/0xe35dcfa19a706bb62592d3765e2b98bbe87e5a1d1998e443822c9232f945c1d9
