datetime,buy_order,price_USD,price_native,amount_token,total_native,maker,etherscan_url
2023-03-29 21:01:36,True,3.442e-05,1.086e-08,5939354.0,0.645,0xa8...9ce9,https://bscscan.com/tx/0xac7430d6b50936ede038b94ad9a5c142d0def535a6ccb9ba54cd40e9546415cc
2023-03-29 20:59:45,True,3.442e-05,1.085e-08,115638.0,0.0125,0x2e...6ac5,https://bscscan.com/tx/0xa3a7c23a944bb938e6a5e5836290e6b7791e41dd0c38142f3ce13dc2b1022374
2023-03-29 20:56:33,True,3.443e-05,1.086e-08,562775.0,0.0611,0x27...7f10,https://bscscan.com/tx/0x0459d8e4dd2df6873255b080cd0a895e34e3f07ad8093e88bc3966359164f050
2023-03-29 20:56:21,False,3.424e-05,1.08e-08,962868.0,0.104,0x56...d918,https://bscscan.com/tx/0xe98d6c835987f89089d0c9ddd150854b832f5f4ef6ee8a818a692198643c00de
2023-03-29 20:56:21,False,3.424e-05,1.08e-08,25487.2,0.0027,0x56...d918,https://bscscan.com/tx/0xe98d6c835987f89089d0c9ddd150854b832f5f4ef6ee8a818a692198643c00de
2023-03-29 20:54:02,True,3.424e-05,1.085e-08,6000000.0,0.6515,0xe4...9432,https://bscscan.com/tx/0xf71e8b44076fbbbb471a47dbe0f0a265cf68a6d397e8f6fc801df23835879f1b
2023-03-29 20:51:41,True,3.441e-05,1.085e-08,1000000.0,0.1085,0x48...ff73,https://bscscan.com/tx/0x0629f2de3d0cbffa7f8b1fef323c53397577151a00c927444e5d4ec39abff53d
2023-03-29 20:51:01,False,3.424e-05,1.08e-08,1594203.0,0.1722,0xe5...63bb,https://bscscan.com/tx/0x7ba87f3e777a4da81094770dadde97dfbfe6a8a86aae8b645ce423a580aea3a2
2023-03-29 20:51:01,False,3.424e-05,1.08e-08,54000.0,0.0058,0xe5...63bb,https://bscscan.com/tx/0x7ba87f3e777a4da81094770dadde97dfbfe6a8a86aae8b645ce423a580aea3a2
2023-03-29 20:50:31,False,3.425e-05,1.08e-08,19940000.0,2.15485,0x87...4ed9,https://bscscan.com/tx/0x3059d13f96e2fbacd9d4cfd5f1e9707c13c5af8e1069b999e5737a0995d38762
2023-03-29 20:50:31,False,3.426e-05,1.08e-08,84660.7,0.0091,0x87...4ed9,https://bscscan.com/tx/0x3059d13f96e2fbacd9d4cfd5f1e9707c13c5af8e1069b999e5737a0995d38762
2023-03-29 20:50:09,True,3.425e-05,1.085e-08,30355814.0,3.2965,0xc1...8b5f,https://bscscan.com/tx/0xb2ba8e8525c894dee69f5be1f229366459b43995cc6209f1a50ce578c87b0342
2023-03-29 20:49:26,False,3.423e-05,1.08e-08,997000.0,0.1076,0x9c...cd00,https://bscscan.com/tx/0xe81fd42dde6b099a27600ddbc67e44a9b9e0446f3be3d139ab29280e63330483
2023-03-29 20:49:26,False,3.423e-05,1.08e-08,143825.0,0.0155,0x9c...cd00,https://bscscan.com/tx/0xe81fd42dde6b099a27600ddbc67e44a9b9e0446f3be3d139ab29280e63330483
2023-03-29 20:49:16,True,3.421e-05,1.084e-08,50000000.0,5.42463,0xe7...d66e,https://bscscan.com/tx/0xdb9153ffcfce967c9ef738366d1428f6d4902445a59d7c6aae58dac405982c15
2023-03-29 20:48:32,False,3.402e-05,1.078e-08,3258691.0,0.3515,0x2e...6df9,https://bscscan.com/tx/0xb04df5762b2237212bf24cfde18bdb58df4faf5344003bc11ef777314e71591a
2023-03-29 20:48:32,False,3.402e-05,1.078e-08,295.739,3.19e-06,0x2e...6df9,https://bscscan.com/tx/0xb04df5762b2237212bf24cfde18bdb58df4faf5344003bc11ef777314e71591a
2023-03-29 20:48:28,False,3.402e-05,1.078e-08,109204.0,0.0117,0xaa...e966,https://bscscan.com/tx/0x560599838ce63deb20808d013072ed309be7006629481aec6688110d7fdd7b51
2023-03-29 20:48:28,False,3.402e-05,1.078e-08,1487.89,1.605e-05,0xaa...e966,https://bscscan.com/tx/0x560599838ce63deb20808d013072ed309be7006629481aec6688110d7fdd7b51
2023-03-29 20:47:41,False,3.402e-05,1.078e-08,549417.0,0.0592,0x72...9228,https://bscscan.com/tx/0x8ea8d706332e5bb9673c1f1e543007996fbf628e7c73f66d3b1cb2671647f9a5
2023-03-29 20:47:41,False,3.402e-05,1.078e-08,1992.44,2.149e-05,0x72...9228,https://bscscan.com/tx/0x8ea8d706332e5bb9673c1f1e543007996fbf628e7c73f66d3b1cb2671647f9a5
2023-03-29 20:41:49,False,3.42e-05,1.078e-08,735727.0,0.0793,0xdb...df2b,https://bscscan.com/tx/0xf0215b09cd088c431c83b2a3bb40c9c4e87d6bbdf8ecfacf98f6eb97c2be7e03
2023-03-29 20:41:49,False,3.42e-05,1.078e-08,662680.0,0.0715,0xdb...df2b,https://bscscan.com/tx/0xf0215b09cd088c431c83b2a3bb40c9c4e87d6bbdf8ecfacf98f6eb97c2be7e03
2023-03-29 20:40:25,True,3.431e-05,1.084e-08,2093903.0,0.227,0x0d...1cc5,https://bscscan.com/tx/0xfa0cd858449f500366ad510d55783e813168a333f41e3746d24576788ed10c41
2023-03-29 20:34:43,True,3.414e-05,1.084e-08,2951174.0,0.32,0xe5...e1e2,https://bscscan.com/tx/0x127e38983cbcc7b3f33f8ba76578e3e1d04a094f6fe8ab958f5f952b880ad97c
2023-03-29 20:34:22,True,3.43e-05,1.083e-08,30091101.0,3.26151,0x20...946b,https://bscscan.com/tx/0x475c2a8ff59fcc0fb33e43f0c48a8221c58db4e90b0e453e54204da2150d47e8
2023-03-29 20:34:16,True,3.407e-05,1.082e-08,100300903.0,10.8543,0x9b...2220,https://bscscan.com/tx/0xfdd121cf36cfce7008548f6f10678f9a4edaf310b88ecc10e90bad248b2fe556
2023-03-29 20:34:07,False,3.391e-05,1.076e-08,109670000.0,11.8102,0x0b...3fc9,https://bscscan.com/tx/0xe99a32bd42c569754dd38911df6c82ea1f6b711eb091b923f02fa1caafa9d896
2023-03-29 20:34:07,False,3.395e-05,1.078e-08,2700.0,2.911e-05,0x0b...3fc9,https://bscscan.com/tx/0xe99a32bd42c569754dd38911df6c82ea1f6b711eb091b923f02fa1caafa9d896
2023-03-29 20:32:31,False,3.412e-05,1.078e-08,997000.0,0.1075,0xb5...87a0,https://bscscan.com/tx/0x29fb22b8abb059c53e0f2ad2863c262ccbad84677d4adfe6a7f7e06e54c0eb2b
2023-03-29 20:32:31,False,3.412e-05,1.078e-08,71587.7,0.0077,0xb5...87a0,https://bscscan.com/tx/0x29fb22b8abb059c53e0f2ad2863c262ccbad84677d4adfe6a7f7e06e54c0eb2b
2023-03-29 20:30:07,True,3.412e-05,1.083e-08,276817.0,0.03,0xc7...f908,https://bscscan.com/tx/0x2e30cd25e925a75286310eed765aaa5f50d16c82f8eac3bfc4ce494574197638
2023-03-29 20:28:34,True,3.43e-05,1.083e-08,18921640.0,2.05015,0xcc...0331,https://bscscan.com/tx/0x3253d7f40c49deddfd31ee1de7348e91e60bf79d34aff4eb61a12d9a716acea7
2023-03-29 20:27:40,False,3.395e-05,1.077e-08,7226256.0,0.7789,0xc4...645a,https://bscscan.com/tx/0x9708fa7d1170bdbc117dc42d2d21de35a024e18ea5ee112996f98f3e4332b763
2023-03-29 20:27:40,False,3.396e-05,1.078e-08,212005.0,0.0228,0xc4...645a,https://bscscan.com/tx/0x9708fa7d1170bdbc117dc42d2d21de35a024e18ea5ee112996f98f3e4332b763
2023-03-29 20:26:58,True,3.429e-05,1.083e-08,29209185.0,3.16353,0xc1...f4fe,https://bscscan.com/tx/0xae042d9fad2abb17e8b959e305cd67cb6e38d5e009ef99268732950908a63d75
2023-03-29 20:26:34,True,3.427e-05,1.082e-08,18956560.0,2.05191,0xcc...0331,https://bscscan.com/tx/0xbd69146782f97100b10262d81be4e812d871c96c8954cab7794ad675f9be1872
2023-03-29 20:26:28,True,3.408e-05,1.082e-08,12039075.0,1.30265,0x20...946b,https://bscscan.com/tx/0xe71951361f419d7055cb729c58fa077e2e51c78045c0892dfa8a3bb823068dae
2023-03-29 20:26:01,False,3.408e-05,1.076e-08,211529.0,0.0227,0x78...679e,https://bscscan.com/tx/0x8c7eefe2357347949aaa23b2624d0586c9c611746c7bf30c2314b5b3cd22eed9
2023-03-29 20:26:01,False,3.408e-05,1.076e-08,190594.0,0.0205,0x78...679e,https://bscscan.com/tx/0x8c7eefe2357347949aaa23b2624d0586c9c611746c7bf30c2314b5b3cd22eed9
2023-03-29 20:25:43,True,3.407e-05,1.081e-08,5839433.0,0.6317,0x58...fe25,https://bscscan.com/tx/0x2421254a2cc5373b5b77f0eb2e9223bbc344f0c43c647cf080f6c9b56d751d5f
2023-03-29 20:24:43,True,3.407e-05,1.081e-08,780870.0,0.0844,0x30...63de,https://bscscan.com/tx/0xbda7d074075fd9db8a3fd5a834d265596dcce1696c1ab48ede7a97ed01dcb5de
2023-03-29 20:24:37,True,3.406e-05,1.081e-08,18967235.0,2.05122,0xcc...0331,https://bscscan.com/tx/0xc0adf929b3d7b798070ae536c5cb40ce9e694a132d2ce5e324b6809372ddd62d
2023-03-29 20:24:34,False,3.39e-05,1.076e-08,44867868.0,4.82953,0x0b...3fc9,https://bscscan.com/tx/0xfb5ab909aa58e4998e67754b3b1d8e7bb490c4e0a780af13b846bdf728f8e506
2023-03-29 20:24:34,False,3.392e-05,1.076e-08,338.559,3.646e-06,0x0b...3fc9,https://bscscan.com/tx/0xfb5ab909aa58e4998e67754b3b1d8e7bb490c4e0a780af13b846bdf728f8e506
2023-03-29 20:23:04,False,3.411e-05,1.076e-08,125016.0,0.0134,0xb9...9a4d,https://bscscan.com/tx/0xe9c2ed3fd19f79269eca8148fecb3d8aaa116e669dfc1fffc2161b7298b09c0e
2023-03-29 20:23:04,False,3.411e-05,1.076e-08,8835.65,9.515e-05,0xb9...9a4d,https://bscscan.com/tx/0xe9c2ed3fd19f79269eca8148fecb3d8aaa116e669dfc1fffc2161b7298b09c0e
2023-03-29 20:16:58,True,3.408e-05,1.082e-08,2098177.0,0.2271,0x37...b076,https://bscscan.com/tx/0x751f220a3fcfd5e12d6122ca7fb034faed0831b0163af896fc63bbb78e0c2635
2023-03-29 20:15:07,False,3.408e-05,1.076e-08,1170763.0,0.126,0x1f...4f4f,https://bscscan.com/tx/0x8c6bda52709f0c1c2307546faf9407872dcd0a7c12d8fc5543ba494fbe46e0b8
2023-03-29 20:15:07,False,3.408e-05,1.076e-08,1871.96,2.016e-05,0x1f...4f4f,https://bscscan.com/tx/0x8c6bda52709f0c1c2307546faf9407872dcd0a7c12d8fc5543ba494fbe46e0b8
2023-03-29 20:12:28,True,3.426e-05,1.082e-08,46195.5,0.005,0x86...76e0,https://bscscan.com/tx/0x76aed2b56803dffe55c8c1e9dcbc3317cc3d8a73db064f935117bac76ca5bf4f
2023-03-29 20:11:34,True,3.426e-05,1.082e-08,291875.0,0.0315,0xc0...2e6a,https://bscscan.com/tx/0xeb59689bbef0ea1acce23fcb4b20376bd3ca70b99b45dd37ce6a4f8c7831a125
2023-03-29 20:10:19,False,3.408e-05,1.076e-08,242504.0,0.0261,0xf5...cf85,https://bscscan.com/tx/0x2ee4000619dddf38b1a30ca7b77fa93e0e7a495e07c8d4b6fd11a56fb5331324
2023-03-29 20:10:19,False,3.408e-05,1.076e-08,3170.57,3.414e-05,0xf5...cf85,https://bscscan.com/tx/0x2ee4000619dddf38b1a30ca7b77fa93e0e7a495e07c8d4b6fd11a56fb5331324
2023-03-29 20:10:01,False,3.391e-05,1.076e-08,1170763.0,0.126,0x1f...4f4f,https://bscscan.com/tx/0x23dfb0e246c4ba4aabe17cdc934417a08e768f2fa0903430800bcc430e22dcd3
2023-03-29 20:10:01,False,3.391e-05,1.076e-08,129.6,1.395e-06,0x1f...4f4f,https://bscscan.com/tx/0x23dfb0e246c4ba4aabe17cdc934417a08e768f2fa0903430800bcc430e22dcd3
2023-03-29 20:01:06,False,3.393e-05,1.076e-08,47856.0,0.0051,0xc7...545d,https://bscscan.com/tx/0x3b942cf86f972a1b9fc12a17b57d45a4f432dc1f988eb78e27bd83de4bda4897
2023-03-29 20:01:06,False,3.393e-05,1.076e-08,4682.74,5.043e-05,0xc7...545d,https://bscscan.com/tx/0x3b942cf86f972a1b9fc12a17b57d45a4f432dc1f988eb78e27bd83de4bda4897
2023-03-29 20:00:15,True,3.428e-05,1.082e-08,1512446.0,0.1637,0x74...cca6,https://bscscan.com/tx/0x42ee6e4d853d7b123e75b736aa042803d4a70488abba8afc5862271c1a8d2a39
2023-03-29 19:57:42,False,3.411e-05,1.076e-08,221238.0,0.0238,0x2c...d0d8,https://bscscan.com/tx/0x42710892cb535ac5fbec78cd50b4f97b043f47bf41931aea7c80e007dae91d90
2023-03-29 19:57:42,False,3.411e-05,1.076e-08,6363.88,6.853e-05,0x2c...d0d8,https://bscscan.com/tx/0x42710892cb535ac5fbec78cd50b4f97b043f47bf41931aea7c80e007dae91d90
2023-03-29 19:54:30,False,3.411e-05,1.076e-08,2349920.0,0.253,0x35...9ab5,https://bscscan.com/tx/0x66bcc9614e2373af84c5adbe14d374b9c3d7f78426ccab24cd6fbdbb7a149246
2023-03-29 19:54:30,False,3.411e-05,1.077e-08,100460.0,0.0108,0x35...9ab5,https://bscscan.com/tx/0x66bcc9614e2373af84c5adbe14d374b9c3d7f78426ccab24cd6fbdbb7a149246
2023-03-29 19:49:54,True,3.411e-05,1.082e-08,5181026.0,0.5607,0x6b...9f5d,https://bscscan.com/tx/0xeb7d584847ace651aa43feda209c4dd3999a690fcbdfff57ec8fb85ad8029550
2023-03-29 19:49:54,True,3.41e-05,1.082e-08,5120921.0,0.5541,0x6b...9f5d,https://bscscan.com/tx/0x3e60a43ff52c8eba08f46a217749f0dbb770ac5c704f353ae26748a8dfb13d4b
2023-03-29 19:49:51,True,3.41e-05,1.082e-08,5117698.0,0.5537,0x6b...9f5d,https://bscscan.com/tx/0x88ad34b8a51f428e4ac26cc9a1c61c2e2347475ef1b9cc766328b4cbcf24c521
2023-03-29 19:49:48,True,3.409e-05,1.081e-08,5087677.0,0.5504,0x6b...9f5d,https://bscscan.com/tx/0x831523cbdc7704d4f902052a673a48161e6eb05c3c6e40c93f48350d12ab6a1e
2023-03-29 19:49:48,True,3.409e-05,1.081e-08,5099028.0,0.5516,0x6b...9f5d,https://bscscan.com/tx/0x410ed2c6bbcd382ceb11f08ba914c34a7d2919007f9b286a4ace0dc31b59dff3
2023-03-29 19:49:48,True,3.408e-05,1.081e-08,5129015.0,0.5547,0x6b...9f5d,https://bscscan.com/tx/0x2b20e060bdb5cfbe2a7953145e813ffa5315a6a17b2266ce091bbff58146fd7f
2023-03-29 19:49:36,True,3.425e-05,1.081e-08,5171938.0,0.5593,0x6b...9f5d,https://bscscan.com/tx/0x854f6cccc3c908c3fd342202ae167ea273f89c8e9211c536b6173b026f08303a
2023-03-29 19:48:03,False,3.408e-05,1.076e-08,1296110.0,0.1394,0x8a...10cf,https://bscscan.com/tx/0x7e2dbb115e99d82ea9fd5c3f79fb4edc9c17e22f42a63e2559a3728da0e20e9a
2023-03-29 19:48:03,False,3.408e-05,1.076e-08,1080.0,1.162e-05,0x8a...10cf,https://bscscan.com/tx/0x7e2dbb115e99d82ea9fd5c3f79fb4edc9c17e22f42a63e2559a3728da0e20e9a
2023-03-29 19:47:18,False,3.39e-05,1.076e-08,398800.0,0.0429,0x47...57de,https://bscscan.com/tx/0xd41b686ce02395e4079115d60aaf569cf22ea45ccff1bc830bf008e847778d56
2023-03-29 19:47:18,False,3.39e-05,1.076e-08,38303.2,0.0041,0x47...57de,https://bscscan.com/tx/0xd41b686ce02395e4079115d60aaf569cf22ea45ccff1bc830bf008e847778d56
2023-03-29 19:46:42,True,3.407e-05,1.081e-08,5190801.0,0.5613,0x6b...9f5d,https://bscscan.com/tx/0xd709f6fc3b135bf270a3cbc2b2958a7220f3f1e3a16033cb685b0ec3685a3512
2023-03-29 19:46:39,True,3.407e-05,1.081e-08,1156695.0,0.125,0x55...602f,https://bscscan.com/tx/0x61f07adebd2f6953f675133a4a1b357e4e40ceb099dc2cb9d49a9a5ed1069b7f
2023-03-29 19:46:33,True,3.407e-05,1.081e-08,5109057.0,0.5524,0x6b...9f5d,https://bscscan.com/tx/0xf7a3129896e220c7992e376605f76d206eea7eed8a2d02c9b2c23e0441de4b17
2023-03-29 19:43:54,True,3.406e-05,1.081e-08,184976.0,0.02,0x11...976a,https://bscscan.com/tx/0xcd3616b99107920a2e2411fc3c03a4b2bc469a280e80355217d1459140774457
2023-03-29 19:43:26,True,3.423e-05,1.081e-08,92488.5,0.01,0x21...a7f5,https://bscscan.com/tx/0x351ae191631b34ab09c8a6e5c5fbb0440ec7dd2a8ec321f72e52f1ea6c712bc9
2023-03-29 19:42:56,True,3.423e-05,1.081e-08,92488.8,0.01,0x1d...30fc,https://bscscan.com/tx/0x2d410b8bd22c2f1224ebb8591088feaa685e16a65f3c7bc0fb3e3ab7ebbcfe65
2023-03-29 19:42:50,False,3.406e-05,1.075e-08,2352780.0,0.2531,0x99...1e5f,https://bscscan.com/tx/0xa0846b9bb8cb60c14fdd6d5f6a18ac9d20e90983055440cdfc0b91861877b612
2023-03-29 19:42:50,False,3.406e-05,1.075e-08,3480.57,3.744e-05,0x99...1e5f,https://bscscan.com/tx/0xa0846b9bb8cb60c14fdd6d5f6a18ac9d20e90983055440cdfc0b91861877b612
2023-03-29 19:41:53,True,3.406e-05,1.081e-08,64738.6,0.007,0xaa...1bbd,https://bscscan.com/tx/0x12102ea79f33f934720a64e6503e63b4d6e7021039de9b8c72fc37156595ad87
2023-03-29 19:40:14,False,3.406e-05,1.075e-08,1220688.0,0.1313,0x7d...af11,https://bscscan.com/tx/0x19251ac662563e1a395d7980f889372d89216a840fd4dfd4ca393042ae5c1488
2023-03-29 19:40:14,False,3.406e-05,1.075e-08,112082.0,0.012,0x7d...af11,https://bscscan.com/tx/0x19251ac662563e1a395d7980f889372d89216a840fd4dfd4ca393042ae5c1488
2023-03-29 19:39:50,False,3.408e-05,1.076e-08,41387422.0,4.45513,0x11...f8bd,https://bscscan.com/tx/0x8210b5e1c3d2110bb9daf7c46f159f25dac4e353adba6634276d42dfa8659764
2023-03-29 19:39:50,False,3.41e-05,1.076e-08,6288.61,6.772e-05,0x11...f8bd,https://bscscan.com/tx/0x8210b5e1c3d2110bb9daf7c46f159f25dac4e353adba6634276d42dfa8659764
2023-03-29 19:35:53,False,3.41e-05,1.077e-08,2322129.0,0.2501,0x8d...4089,https://bscscan.com/tx/0xb79fcacc53bdd70613496aa7a278189d77669149224cecc64553686ca41d2b9a
2023-03-29 19:35:53,False,3.411e-05,1.077e-08,562.271,6.055e-06,0x8d...4089,https://bscscan.com/tx/0xb79fcacc53bdd70613496aa7a278189d77669149224cecc64553686ca41d2b9a
2023-03-29 19:32:50,False,3.409e-05,1.077e-08,207624.0,0.0223,0xe4...a496,https://bscscan.com/tx/0x8b03cdfaf4df266d0977b06dadeb76de44c8aa37639ae620f32c7be8553a4849
2023-03-29 19:32:50,False,3.409e-05,1.077e-08,193318.0,0.0208,0xe4...a496,https://bscscan.com/tx/0x8b03cdfaf4df266d0977b06dadeb76de44c8aa37639ae620f32c7be8553a4849
2023-03-29 19:31:14,True,3.425e-05,1.082e-08,5163715.0,0.5589,0x6b...9f5d,https://bscscan.com/tx/0xcdd99507a0ea8fbb788223af1e78f871dd95b659a2d719cb8305fab28105ba56
2023-03-29 19:30:50,True,3.408e-05,1.082e-08,5018604.0,0.5431,0x6b...9f5d,https://bscscan.com/tx/0x1b26455eb5baf80ace4a1044ac78119497989bd4401a21b2da78d490690ae472
2023-03-29 19:30:47,False,3.393e-05,1.077e-08,61232532.0,6.59833,0x55...875f,https://bscscan.com/tx/0xdddfe18f60b8c700db064bf6ebb4df7dc97f3573a73643fd3683a689928d951e
2023-03-29 19:30:47,False,3.396e-05,1.078e-08,2840.63,3.063e-05,0x55...875f,https://bscscan.com/tx/0xdddfe18f60b8c700db064bf6ebb4df7dc97f3573a73643fd3683a689928d951e
2023-03-29 19:20:50,False,3.411e-05,1.078e-08,1048929.0,0.1131,0x3e...06fe,https://bscscan.com/tx/0x5a536970a6ebc2a5097bcbe296e62e766835f177fbf905248d07584f44c2838c
2023-03-29 19:20:50,False,3.411e-05,1.078e-08,6517.0,7.027e-05,0x3e...06fe,https://bscscan.com/tx/0x5a536970a6ebc2a5097bcbe296e62e766835f177fbf905248d07584f44c2838c
2023-03-29 19:19:59,False,3.395e-05,1.078e-08,2406463.0,0.2595,0x51...1ca5,https://bscscan.com/tx/0x2ea12e0c8ed34a4f201d798df81a7b06117db4aa811fb529479d86d3756f86a7
2023-03-29 19:19:59,False,3.395e-05,1.078e-08,46009.5,0.0049,0x51...1ca5,https://bscscan.com/tx/0x2ea12e0c8ed34a4f201d798df81a7b06117db4aa811fb529479d86d3756f86a7
2023-03-29 19:17:59,True,3.43e-05,1.083e-08,235739.0,0.0255,0x18...c205,https://bscscan.com/tx/0xddc07f0e7fc71233f1d73e622a91b831dd03d33a206d80111aa2f8f5ae6813c7
2023-03-29 19:14:53,True,3.43e-05,1.083e-08,1737448.0,0.1883,0x06...34f2,https://bscscan.com/tx/0xd7cf10d52ee20002046ccb590c5515cedf24437da2c7a7e0fbbf8d44afbc6b4e
2023-03-29 19:10:14,False,3.414e-05,1.078e-08,14955001.0,1.61307,0x0d...f99b,https://bscscan.com/tx/0xa8c1bed4b5ee3146854119696ff1f8178fded0ea703d1304a9cb97e7468e76ad
2023-03-29 19:10:14,False,3.414e-05,1.078e-08,12000.5,0.0012,0x0d...f99b,https://bscscan.com/tx/0xa8c1bed4b5ee3146854119696ff1f8178fded0ea703d1304a9cb97e7468e76ad
2023-03-29 19:08:17,False,3.397e-05,1.078e-08,4431302.0,0.478,0x4d...e890,https://bscscan.com/tx/0xcf946e94cdf98e0ca78b17f2ae1895f35867a13d1203f409f010c15cbba6a80d
2023-03-29 19:08:17,False,3.398e-05,1.078e-08,10648.8,0.0011,0x4d...e890,https://bscscan.com/tx/0xcf946e94cdf98e0ca78b17f2ae1895f35867a13d1203f409f010c15cbba6a80d
2023-03-29 19:05:47,True,3.414e-05,1.084e-08,3555359.0,0.3855,0xcf...d44b,https://bscscan.com/tx/0xdac1793dd747cfff34d959be9209e0e3310f5f07b4e1fffbf3917fdc16eff9ea
2023-03-29 19:02:38,False,3.413e-05,1.078e-08,202202.0,0.0218,0xde...40ec,https://bscscan.com/tx/0xab3d269b96a5347d156bc37054cc74bd51b8bbb94daeca02a97060f23c051e8b
2023-03-29 19:02:38,False,3.413e-05,1.078e-08,15621.1,0.0016,0xde...40ec,https://bscscan.com/tx/0xab3d269b96a5347d156bc37054cc74bd51b8bbb94daeca02a97060f23c051e8b
2023-03-29 19:02:02,True,3.431e-05,1.084e-08,4058285.0,0.44,0xcf...d44b,https://bscscan.com/tx/0xe717bc2d4b56dc172a1b99cac60d573765c2863755ccf87917abf27d8a4577bc
2023-03-29 19:00:20,False,3.396e-05,1.078e-08,1722140.0,0.1857,0x3d...4dd5,https://bscscan.com/tx/0x72d3b81e6b52ca53244e699c89142ba3aef18e1f780a8068cccab57f2a1230d0
2023-03-29 19:00:20,False,3.396e-05,1.078e-08,3609.86,3.894e-05,0x3d...4dd5,https://bscscan.com/tx/0x72d3b81e6b52ca53244e699c89142ba3aef18e1f780a8068cccab57f2a1230d0
2023-03-29 18:58:17,False,3.396e-05,1.078e-08,1332974.0,0.1438,0x45...ab2c,https://bscscan.com/tx/0xb23b26eee4e4219a345a1f77a692e4a27d818db7711fd1eb4eb5a2a0560b12d2
2023-03-29 18:58:17,False,3.396e-05,1.078e-08,697140.0,0.0752,0x45...ab2c,https://bscscan.com/tx/0xb23b26eee4e4219a345a1f77a692e4a27d818db7711fd1eb4eb5a2a0560b12d2
2023-03-29 18:55:59,True,3.431e-05,1.084e-08,2564163.0,0.278,0x0e...5a61,https://bscscan.com/tx/0x374a93f15b11f0f60b1b2f9b00e324ddec9cf040d30681649b6d01ecb530506d
2023-03-29 18:53:20,True,3.406e-05,1.081e-08,166815745.0,18.0493,0x3b...a99e,https://bscscan.com/tx/0x5e9a8ffc775ceff0dbb42e34f7a6cd0b46cef4af43787251e347887a59aa0879
2023-03-29 18:52:32,True,3.417e-05,1.079e-08,905711.0,0.0978,0xe5...f3f4,https://bscscan.com/tx/0xdec0afe29024ab7ed5fdfde0b98a3838a8e18a7d71f6b2941a5b37f041cc631d
2023-03-29 18:51:59,True,3.413e-05,1.078e-08,87864297.0,9.47738,0x3e...8467,https://bscscan.com/tx/0x58cee0678d9223d1d160af10e67cf909f39a341033222aefb0654fc8326a3808
2023-03-29 18:50:17,False,3.392e-05,1.072e-08,49850.0,0.0053,0x0a...f13e,https://bscscan.com/tx/0x6b147415cc2bf7c3a6d3e21d1bd8aba7ba617120aa0d24326526b7d0e1898793
2023-03-29 18:50:17,False,3.392e-05,1.072e-08,15583.0,0.0016,0x0a...f13e,https://bscscan.com/tx/0x6b147415cc2bf7c3a6d3e21d1bd8aba7ba617120aa0d24326526b7d0e1898793
2023-03-29 18:49:20,True,3.409e-05,1.077e-08,5721480.0,0.6164,0xcf...d44b,https://bscscan.com/tx/0x645f8f1d7ef456e850c177a0ab2c5b422db0d06a35bfb1c6c5a877585a9a8189
2023-03-29 18:48:59,False,3.392e-05,1.071e-08,49850.0,0.0053,0x0a...f13e,https://bscscan.com/tx/0x4d62c9cddf65f999930ad16fc45ded4ccef3390e20d7cec56a4b28d2e8f9ab11
2023-03-29 18:48:59,False,3.392e-05,1.071e-08,2254.49,2.416e-05,0x0a...f13e,https://bscscan.com/tx/0x4d62c9cddf65f999930ad16fc45ded4ccef3390e20d7cec56a4b28d2e8f9ab11
2023-03-29 18:47:29,True,3.392e-05,1.077e-08,134998.0,0.0145,0x3d...4dd5,https://bscscan.com/tx/0xb3c528240d7467bc7b042c1eb793782f30f4b4d81af774ff012da1e3089df7c3
2023-03-29 18:46:59,False,3.392e-05,1.071e-08,697900.0,0.0748,0x05...9852,https://bscscan.com/tx/0xc5d4bf52bba07d4e0d2973de45230fc0d00f63a3b46330335f6dcee50ca015ef
2023-03-29 18:46:59,False,3.392e-05,1.071e-08,1278.99,1.371e-05,0x05...9852,https://bscscan.com/tx/0xc5d4bf52bba07d4e0d2973de45230fc0d00f63a3b46330335f6dcee50ca015ef
2023-03-29 18:42:14,False,3.377e-05,1.071e-08,472279.0,0.0506,0x0f...b54e,https://bscscan.com/tx/0xdd319c608ef50cb56e9b6e84ecbc4d7e5d34672538234c9985f8faf351c526ea
2023-03-29 18:42:14,False,3.377e-05,1.071e-08,5424.67,5.815e-05,0x0f...b54e,https://bscscan.com/tx/0xdd319c608ef50cb56e9b6e84ecbc4d7e5d34672538234c9985f8faf351c526ea
2023-03-29 18:42:14,False,3.377e-05,1.072e-08,2003108.0,0.2147,0x51...1ca5,https://bscscan.com/tx/0x3dd44ce0f393585f6d463140a19492e56b70b6826cde869b63e7af81b86fa9bf
2023-03-29 18:42:14,False,3.377e-05,1.072e-08,102020.0,0.0109,0x51...1ca5,https://bscscan.com/tx/0x3dd44ce0f393585f6d463140a19492e56b70b6826cde869b63e7af81b86fa9bf
2023-03-29 18:40:20,True,3.395e-05,1.077e-08,1392224.0,0.15,0xa0...1c4c,https://bscscan.com/tx/0x054f15b670ec422f184b3f9eb953479b7d1c74bf22441fa5d56a2bbf7f28e222
2023-03-29 18:40:17,True,3.397e-05,1.077e-08,1966525.0,0.2119,0xb4...72f1,https://bscscan.com/tx/0xe797053480c1ee97e5e1ed022d3243d6cf8d871694f382c66a61638264a3d0c0
2023-03-29 18:38:56,True,3.393e-05,1.076e-08,29308136.0,3.15637,0x41...7d11,https://bscscan.com/tx/0xb50c91669bc5365c34c425222a15436bbbb120bb78a5a5394390baa7c59e8886
2023-03-29 18:38:50,False,3.375e-05,1.071e-08,5102924.0,0.5466,0x3c...ee26,https://bscscan.com/tx/0x3ee005a07395f13b1c1b98c81e7023e23af8aafb491f0fc5d77ebb07782e9ce3
2023-03-29 18:38:50,False,3.376e-05,1.071e-08,9672.86,0.001,0x3c...ee26,https://bscscan.com/tx/0x3ee005a07395f13b1c1b98c81e7023e23af8aafb491f0fc5d77ebb07782e9ce3
2023-03-29 18:36:08,True,3.392e-05,1.076e-08,120831.0,0.013,0xd2...d453,https://bscscan.com/tx/0xe4ad6e9db6527d1813e1cc5e6748c9bc404be7121d9646cb8be035bacf4bf0b2
2023-03-29 18:34:53,True,3.391e-05,1.076e-08,1597522.0,0.172,0x3d...4dd5,https://bscscan.com/tx/0xbda7025a325680b0624acb80de768b42c506a1019a7120a14fa0e538ca14b769
2023-03-29 18:33:14,False,3.374e-05,1.071e-08,1160913.0,0.1243,0x8f...fa66,https://bscscan.com/tx/0xb3b75573e7896e7df674cd24bd6b1f7e0965e26aac1ded52d7909d96304d6043
2023-03-29 18:33:14,False,3.374e-05,1.071e-08,280878.0,0.03,0x8f...fa66,https://bscscan.com/tx/0xb3b75573e7896e7df674cd24bd6b1f7e0965e26aac1ded52d7909d96304d6043
2023-03-29 18:33:02,True,3.392e-05,1.076e-08,14428071.0,1.55321,0x20...946b,https://bscscan.com/tx/0xcd32fb4d6a0d1dff0252ba00f629357b5117b2168765fff4fbbcef453c32e076
2023-03-29 18:32:59,True,3.39e-05,1.075e-08,52869446.0,5.68687,0xfe...5ad3,https://bscscan.com/tx/0x84b5c1dc12bdcaf649977f3c0f22e943c78dcb8c2c3b894d9634078f8f902998
2023-03-29 18:32:14,True,3.404e-05,1.074e-08,19067773.0,2.04923,0xcc...0331,https://bscscan.com/tx/0xbaf3586994eb88380d7d8380eacbb7123f307cde4310707980016f9b8fdca9a5
2023-03-29 18:31:32,False,3.369e-05,1.069e-08,1994000.0,0.2131,0xc3...7f84,https://bscscan.com/tx/0xaa91f9f3dac752fd9d4c3eccdf5cb3673d32a32794ca97596bc55e85980f5c3a
2023-03-29 18:31:32,False,3.37e-05,1.069e-08,6449579.0,0.6896,0xc3...7f84,https://bscscan.com/tx/0xaa91f9f3dac752fd9d4c3eccdf5cb3673d32a32794ca97596bc55e85980f5c3a
2023-03-29 18:30:59,True,3.387e-05,1.074e-08,1011467.0,0.1087,0xc0...b43b,https://bscscan.com/tx/0x064fc35f42c1b66443a0e71ecba47c968cf043d7b2dfc1dca7aea745a5ccafe4
2023-03-29 18:30:41,True,3.386e-05,1.074e-08,10177129.0,1.09356,0xe8...82ab,https://bscscan.com/tx/0x813945ec4d447c8867c92ad9e202456d127b8bf3d33615096b5b8e626e06c4bd
2023-03-29 18:30:26,True,3.403e-05,1.074e-08,858051.0,0.0921,0x7f...2f74,https://bscscan.com/tx/0x89736b148beb0920d1751294bde0611d021c8e021a68d57c081904124d42a6d8
2023-03-29 18:30:23,True,3.385e-05,1.074e-08,14695134.0,1.57852,0x17...4266,https://bscscan.com/tx/0x40070cbecf16e85fbc3be00ca67441dcedac3d7e7207903741a75f2b1a2d4f81
2023-03-29 18:30:20,True,3.382e-05,1.073e-08,38791632.0,4.16423,0x53...a498,https://bscscan.com/tx/0xebe759b7c9a329099ae653efcfd94abd47051576ca7b58de44a8cb604f19ead2
2023-03-29 18:30:20,True,3.38e-05,1.072e-08,29434880.0,3.1572,0x84...40b6,https://bscscan.com/tx/0x537a5c58bc8c2e58df18bd4ed05f67cfeccd7be8808e7bf3288fada632b6950c
2023-03-29 18:30:20,True,3.374e-05,1.07e-08,100300903.0,10.7415,0x9b...2220,https://bscscan.com/tx/0x313d4fcf2a945e6fd97e4e86afd3738cbea9630fe189a56fc1072cd60cd246c2
2023-03-29 18:30:17,True,3.37e-05,1.069e-08,14761155.0,1.57863,0x9f...d87c,https://bscscan.com/tx/0x52842f241854be68025378aa2ee89624725a1bd03793b654ef0c06e63dd96747
2023-03-29 18:30:17,True,3.368e-05,1.069e-08,18999029.0,2.03102,0xcc...0331,https://bscscan.com/tx/0xb25eb1f8ecb937d8161c56f81e87b59028682fdcd0c1cf7608b6231aa93c2be1
2023-03-29 18:30:14,True,3.356e-05,1.065e-08,327726930.0,34.9061,0xdc...e006,https://bscscan.com/tx/0xb9489316c63d670b57e4bfc199dcabfd03b4ab555abe2068a8a9d9dbe9fb4be4
2023-03-29 18:30:14,True,3.341e-05,1.06e-08,8664903.0,0.9187,0x00...03ae,https://bscscan.com/tx/0x998ba0b5e3818dccc0acdf0ae2c7ccfe429c69e0b3f8f8b6e41c37fe96bbd2af
2023-03-29 18:30:14,True,3.338e-05,1.059e-08,49251388.0,5.21838,0x75...d8d4,https://bscscan.com/tx/0x38ed5eff303cfa8bac0a0bf591072ded95fd3898ec91df2665297f9720823734
2023-03-29 18:30:14,True,3.336e-05,1.058e-08,3656363.0,0.3871,0x00...820e,https://bscscan.com/tx/0xc927d08c681ff0bc3d6fffdf2fc3c72bc39e4e74689dde79e9fbbe35351848f5
2023-03-29 18:30:14,True,3.334e-05,1.058e-08,47285095.0,5.00382,0x05...ba3a,https://bscscan.com/tx/0xcccccd0899d6db10ea8bdcd570a751ffea0b4fd14b7ab4472d23f99012592737
2023-03-29 18:30:14,True,3.328e-05,1.056e-08,101325268.0,10.7034,0x10...64d7,https://bscscan.com/tx/0x80fe7168356fbe3a8c277651c6fedd8898e858aab8b2283c88d874cc696502e1
2023-03-29 18:30:14,False,3.376e-05,1.071e-08,1693957493.0,181.502,0x37...6bae,https://bscscan.com/tx/0x14dc5183b5ffcebd6451a23760683c2cb74bf577883fb0bc827d7edf21fe27af
2023-03-29 18:30:14,False,3.445e-05,1.093e-08,7450.53,8.147e-05,0x37...6bae,https://bscscan.com/tx/0x14dc5183b5ffcebd6451a23760683c2cb74bf577883fb0bc827d7edf21fe27af
2023-03-29 18:27:50,False,3.463e-05,1.093e-08,1814917.0,0.1984,0x22...4f59,https://bscscan.com/tx/0x5ed4c9f54b2a77e78ffec9f62197d53064349451ec6a865c8cfa6143e6794d11
2023-03-29 18:27:50,False,3.463e-05,1.093e-08,10477.6,0.0011,0x22...4f59,https://bscscan.com/tx/0x5ed4c9f54b2a77e78ffec9f62197d53064349451ec6a865c8cfa6143e6794d11
2023-03-29 18:27:26,True,3.463e-05,1.099e-08,109184.0,0.012,0xf9...1a71,https://bscscan.com/tx/0x84b496a91579e1090950310edece2283183b564cc83e44a2ebcadc0d8b22b73c
2023-03-29 18:25:52,True,3.481e-05,1.099e-08,771397.0,0.0847,0xcf...d44b,https://bscscan.com/tx/0xd6183b0caeeea18fe912ffe38bc8b2c44b40f04dd1c4547e1791f5348108b37a
2023-03-29 18:25:15,False,3.445e-05,1.093e-08,2991001.0,0.327,0x04...44a9,https://bscscan.com/tx/0x7d408be3c98843cd117e60f038a4ce443fe83c09a4b2acd37fb3e06a85d6be47
2023-03-29 18:25:15,False,3.445e-05,1.093e-08,523.8,5.728e-06,0x04...44a9,https://bscscan.com/tx/0x7d408be3c98843cd117e60f038a4ce443fe83c09a4b2acd37fb3e06a85d6be47
2023-03-29 18:24:53,False,3.445e-05,1.093e-08,193418.0,0.0211,0xf7...9122,https://bscscan.com/tx/0x1ecc61787c65739462f2c7c6a600bfc087725508fccd71a48390a4e187365a29
2023-03-29 18:24:53,False,3.445e-05,1.093e-08,22167.5,0.0024,0xf7...9122,https://bscscan.com/tx/0x1ecc61787c65739462f2c7c6a600bfc087725508fccd71a48390a4e187365a29
2023-03-29 18:23:59,True,3.481e-05,1.099e-08,2872521.0,0.3157,0x9b...dee7,https://bscscan.com/tx/0x68c6006b34632500c254dc0cfee88c4ffa729ad61d1e9cc4568048c98b6b09c1
2023-03-29 18:22:53,True,3.464e-05,1.099e-08,1364837.0,0.15,0xc5...3d49,https://bscscan.com/tx/0xdc980cf8514e7b0f4ea5db12817fe5c4a71e6ec49d6f5aa95c45edb68b61314f
2023-03-29 18:21:20,True,3.464e-05,1.099e-08,231598.0,0.0254,0x47...e323,https://bscscan.com/tx/0x174d6d7a7dfda6f8358104ef386dfa721d923b9683ceaaf0aba343a3ec225c74
2023-03-29 18:19:32,True,3.481e-05,1.098e-08,2992432.0,0.3288,0x6d...1394,https://bscscan.com/tx/0xaa5eefa697d70d74cc5691015977eb81acdaf357d138f91b85b0a1aeea285e4c
2023-03-29 18:16:14,False,3.446e-05,1.093e-08,498500.0,0.0545,0x8a...7823,https://bscscan.com/tx/0x2f1e5840c02e728ef43ad57d421709d1e55f0ca07edc4f2ff352ec606555dcf1
2023-03-29 18:16:14,False,3.446e-05,1.093e-08,2037.58,2.228e-05,0x8a...7823,https://bscscan.com/tx/0x2f1e5840c02e728ef43ad57d421709d1e55f0ca07edc4f2ff352ec606555dcf1
2023-03-29 18:13:41,False,3.464e-05,1.093e-08,752396.0,0.0822,0x39...d49b,https://bscscan.com/tx/0xe906e990a87333c025ce1c59f98f9f428deafb1e00f8d5f30a72d5794cd12c32
2023-03-29 18:13:41,False,3.464e-05,1.093e-08,5102.86,5.579e-05,0x39...d49b,https://bscscan.com/tx/0xe906e990a87333c025ce1c59f98f9f428deafb1e00f8d5f30a72d5794cd12c32
2023-03-29 18:13:08,True,3.464e-05,1.098e-08,961548.0,0.1056,0x94...ae94,https://bscscan.com/tx/0xda72360a65e81d2c6549a912addeb3d51e9aa90218529f9006a73f7a38158c68
2023-03-29 18:12:56,False,3.464e-05,1.093e-08,925615.0,0.1012,0xf8...7641,https://bscscan.com/tx/0x0c8b85774c90aa164ccbe8ef178641d40c532b086bbc33538106fadaa7c3875d
2023-03-29 18:12:56,False,3.464e-05,1.093e-08,1306.44,1.428e-05,0xf8...7641,https://bscscan.com/tx/0x0c8b85774c90aa164ccbe8ef178641d40c532b086bbc33538106fadaa7c3875d
2023-03-29 18:08:14,False,3.448e-05,1.093e-08,482417.0,0.0527,0x03...42f8,https://bscscan.com/tx/0xa58e31ce8d556b9c13d8dfec163cf313a3977aa554410442f242a8396acebcc2
2023-03-29 18:08:14,False,3.448e-05,1.093e-08,2700.0,2.952e-05,0x03...42f8,https://bscscan.com/tx/0xa58e31ce8d556b9c13d8dfec163cf313a3977aa554410442f242a8396acebcc2
2023-03-29 18:03:29,False,3.466e-05,1.093e-08,997000.0,0.109,0x84...5155,https://bscscan.com/tx/0x04290d07dd2080577e7e82797244edbe4367788421393e1b9f9ce5fc4fe375d8
2023-03-29 18:03:29,False,3.466e-05,1.093e-08,80879.1,0.0088,0x84...5155,https://bscscan.com/tx/0x04290d07dd2080577e7e82797244edbe4367788421393e1b9f9ce5fc4fe375d8
2023-03-29 18:02:16,True,3.484e-05,1.098e-08,947666.0,0.1041,0xcf...d44b,https://bscscan.com/tx/0xf4fbb27cac1cf33905c0c9e1da85657b7dcff449c9e325ba4587f93ad4c3c747
2023-03-29 18:00:31,True,3.466e-05,1.098e-08,4549939.0,0.5,0x9d...0872,https://bscscan.com/tx/0x05ecb814f38697f382b50691a73b382a200df3e888b2307332848bb596ca9bc1
2023-03-29 17:59:28,True,3.466e-05,1.098e-08,7162998.0,0.787,0x9d...0872,https://bscscan.com/tx/0x37a8b4e759ad0e8d536f6de7a55eb9cdcfa9bea588520e9de4e47930d9f9127c
2023-03-29 17:58:19,False,3.449e-05,1.093e-08,17242720.0,1.88533,0x9d...0872,https://bscscan.com/tx/0x56a915c66479bf9f347b7ae70a53733693a74fd1d3bc3cb72121d3740767d8c2
2023-03-29 17:58:19,False,3.449e-05,1.093e-08,533.096,5.83e-06,0x9d...0872,https://bscscan.com/tx/0x56a915c66479bf9f347b7ae70a53733693a74fd1d3bc3cb72121d3740767d8c2
2023-03-29 17:56:37,False,3.467e-05,1.093e-08,196851.0,0.0215,0x79...84a7,https://bscscan.com/tx/0x474b2a79ea9cf3e36376244ebc75bc15b05e7c411b8402b7ee980087c13a1652
2023-03-29 17:56:37,False,3.467e-05,1.093e-08,279602.0,0.0305,0x79...84a7,https://bscscan.com/tx/0x474b2a79ea9cf3e36376244ebc75bc15b05e7c411b8402b7ee980087c13a1652
2023-03-29 17:55:37,True,3.465e-05,1.099e-08,136471.0,0.015,0x9b...d3d0,https://bscscan.com/tx/0x62840d5c51f94b327631559632465e68727c2be4c6b3fcfe955d1173d23a09c6
2023-03-29 17:54:46,True,3.465e-05,1.099e-08,3760145.0,0.4132,0xa9...b654,https://bscscan.com/tx/0xde52f1c44731f3244a45a501ab67b62acd9c31074cb5df00ed8ed31e4441e62c
2023-03-29 17:53:37,True,3.483e-05,1.099e-08,2001811.0,0.22,0x9b...d3d0,https://bscscan.com/tx/0x282989557df60d96e797d13f32b2fae169286acf1db7d8295eafbfa9baae3020
2023-03-29 17:52:01,True,3.465e-05,1.098e-08,5089104.0,0.5592,0xab...c827,https://bscscan.com/tx/0x5b66a6bb7e76f28ded128bc656a070a48db602f7dd73616f372ed9a999d47c07
2023-03-29 17:47:52,True,3.465e-05,1.098e-08,440884.0,0.0484,0x45...6a61,https://bscscan.com/tx/0x21f45ab90ed1b22338451454d6d818104b503bcb1fde3bff1bc47f01318a3f90
2023-03-29 17:46:49,True,3.478e-05,1.098e-08,768456.0,0.0844,0x34...193e,https://bscscan.com/tx/0x69c9292da540f1e363c98261f0c07ea210920d1dec6bad65641b6f2f5bd16eb8
2023-03-29 17:44:43,True,3.459e-05,1.098e-08,25500000.0,2.80109,0x93...883e,https://bscscan.com/tx/0x262b55d5358e6cd314a4597b4ca3216f7c950b29f0524fc7e440eb6db5874d91
2023-03-29 17:43:46,True,3.458e-05,1.098e-08,242847.0,0.0266,0x48...d897,https://bscscan.com/tx/0x5215464cdb5362ef4bb0c4c7d06af3c1c3ef101624895e6eed0e13efb4359c5b
2023-03-29 17:41:25,True,3.472e-05,1.097e-08,64007453.0,7.0233,0xd8...23cb,https://bscscan.com/tx/0x4f9b33b746a62c7df7d76821f7f775e550dcc935c4c32283bcf66c594a0b82e6
2023-03-29 17:41:19,False,3.452e-05,1.09e-08,1604168.0,0.175,0xc6...b2f0,https://bscscan.com/tx/0xe85f2ef0931dc5fd83e0bd72adb73525f15c26e01d502ba60d95d5f032a5b82c
2023-03-29 17:41:19,False,3.452e-05,1.09e-08,5611.7,6.122e-05,0xc6...b2f0,https://bscscan.com/tx/0xe85f2ef0931dc5fd83e0bd72adb73525f15c26e01d502ba60d95d5f032a5b82c
2023-03-29 17:41:01,True,3.469e-05,1.096e-08,345648.0,0.0379,0x4f...5867,https://bscscan.com/tx/0x16b84ec38513e8dee44eb2c01f83a42d8d4e9e64dc327c81755a4b6ec678f665
2023-03-29 17:40:07,True,3.451e-05,1.096e-08,1003258.0,0.11,0x4f...5867,https://bscscan.com/tx/0x322cc78d37882c87f5ce7d09b612fb6d3853fedc5378c89828fe786cb91e5cea
2023-03-29 17:39:55,False,3.434e-05,1.09e-08,727312.0,0.0793,0x9b...20fa,https://bscscan.com/tx/0x59eec80b10e22d8bb22fa5dec4a476a8ffe00b8969f1e9d790dce5a6bb8f7bc5
2023-03-29 17:39:55,False,3.434e-05,1.09e-08,196651.0,0.0214,0x9b...20fa,https://bscscan.com/tx/0x59eec80b10e22d8bb22fa5dec4a476a8ffe00b8969f1e9d790dce5a6bb8f7bc5
2023-03-29 17:39:07,True,3.451e-05,1.096e-08,2892173.0,0.3171,0x7e...b69b,https://bscscan.com/tx/0x4fc05bac2e2cb6a97e6e7a6e07cdb47a41c5177ee9a38d7f021540d165076375
2023-03-29 17:38:43,True,3.468e-05,1.096e-08,200000.0,0.0219,0xdc...75ed,https://bscscan.com/tx/0xdbf49fd7b07d709aae32a442ff3a3a976f51e39345f2ba66059cb4cd614d69af
2023-03-29 17:37:37,True,3.469e-05,1.096e-08,4560816.0,0.5,0x16...facc,https://bscscan.com/tx/0x6946784c994eeef98f732c04ec5a4c8eccddf89caeb37bfde28bd0ec1a5d7ddb
2023-03-29 17:35:27,True,3.45e-05,1.096e-08,7725624.0,0.8468,0x28...bda2,https://bscscan.com/tx/0x9597e2e72c50b6bb7743625296adb5d98c1fef060b9d72add546cfe898a71d16
2023-03-29 17:35:18,True,3.448e-05,1.095e-08,51916898.0,5.68664,0xfe...5ad3,https://bscscan.com/tx/0xc237dfb6daa4c3cb312a94cb20ef83c8cbbf4d14068a69ecd4eecf520d31b9c5
2023-03-29 17:32:58,True,3.461e-05,1.094e-08,3518250.0,0.3851,0x22...a0be,https://bscscan.com/tx/0x12496c8146b1e97aa185e84edfd55d7998a3ba3b4ce4680efa1e3c82a61de436
2023-03-29 17:30:45,True,3.458e-05,1.094e-08,1827278.0,0.2,0x3e...bcb6,https://bscscan.com/tx/0xc1eac48eaf971ce3c8cba799594d58b549791fa9005bba891c1981677882cc7c
2023-03-29 17:30:30,False,3.441e-05,1.089e-08,192067.0,0.0209,0x1a...d638,https://bscscan.com/tx/0xda1f8662863dc7f60290f46ceece795186bc110603643f42239b30786732407c
2023-03-29 17:30:30,False,3.441e-05,1.089e-08,43263.0,0.0047,0x1a...d638,https://bscscan.com/tx/0xda1f8662863dc7f60290f46ceece795186bc110603643f42239b30786732407c
2023-03-29 17:30:09,True,3.441e-05,1.094e-08,4294398.0,0.47,0x3f...2cde,https://bscscan.com/tx/0xd83516c1d8d521a4aa0e76b2328fb68eb8c2e2810b51ae0e94669ff5a90a9600
2023-03-29 17:28:54,True,3.458e-05,1.094e-08,1728951.0,0.1892,0x07...9afd,https://bscscan.com/tx/0x7c1263b3a3338c5f9b283a9acec744d79e0ec0e7e2e5e30072980a601275e8b8
2023-03-29 17:27:27,False,3.44e-05,1.089e-08,9970000.0,1.08575,0x0e...eb86,https://bscscan.com/tx/0x631934d121b420ce321bf6d415ed5a8642c02a9772e7f0f73be32e1776a77140
2023-03-29 17:27:27,False,3.44e-05,1.089e-08,1650.68,1.797e-05,0x0e...eb86,https://bscscan.com/tx/0x631934d121b420ce321bf6d415ed5a8642c02a9772e7f0f73be32e1776a77140
2023-03-29 17:21:53,False,3.421e-05,1.089e-08,609530.0,0.0663,0x07...f1bd,https://bscscan.com/tx/0x7c0fcd3834866b37302a115a6d1a3d034bf173621b32b9273bdf474038997bdc
2023-03-29 17:21:53,False,3.421e-05,1.089e-08,3507.24,3.819e-05,0x07...f1bd,https://bscscan.com/tx/0x7c0fcd3834866b37302a115a6d1a3d034bf173621b32b9273bdf474038997bdc
2023-03-29 17:19:59,True,3.436e-05,1.094e-08,1202303.0,0.1316,0x84...946d,https://bscscan.com/tx/0x493cb71d313a076012f4413b6f8bcc2bbc6aa0d16a38b6635c575f0849700892
2023-03-29 17:18:50,False,3.419e-05,1.089e-08,96385.7,0.0105,0xe4...c9f0,https://bscscan.com/tx/0xfc3aaa5175367067962f00074ab8d4d611866620dc7a5502bf2cd909b459bf40
2023-03-29 17:18:50,False,3.419e-05,1.089e-08,60683.2,0.0066,0xe4...c9f0,https://bscscan.com/tx/0xfc3aaa5175367067962f00074ab8d4d611866620dc7a5502bf2cd909b459bf40
2023-03-29 17:16:23,True,3.453e-05,1.094e-08,431891.0,0.0472,0x68...271c,https://bscscan.com/tx/0x7a1954d843e526bf7213899b556b41555e1ec2bb06766f0c988c6a6f5a3f1b68
2023-03-29 17:14:32,False,3.42e-05,1.089e-08,15995222.0,1.74241,0xe8...81c4,https://bscscan.com/tx/0x68dd9736ec4b9460631a2fe94d414072e183aca1d10ca2935750ffb166a95088
2023-03-29 17:14:32,False,3.421e-05,1.089e-08,135576.0,0.0147,0xe8...81c4,https://bscscan.com/tx/0x68dd9736ec4b9460631a2fe94d414072e183aca1d10ca2935750ffb166a95088
2023-03-29 17:13:32,False,3.423e-05,1.09e-08,50062782.0,5.45791,0xc8...61c5,https://bscscan.com/tx/0x08194e7b25eb4b6cf2d3040de8a4b76e75730e57554f10e97ecb47a320edc8d5
2023-03-29 17:13:32,False,3.425e-05,1.09e-08,76691.9,0.0083,0xc8...61c5,https://bscscan.com/tx/0x08194e7b25eb4b6cf2d3040de8a4b76e75730e57554f10e97ecb47a320edc8d5
2023-03-29 17:11:48,True,3.459e-05,1.096e-08,1741570.0,0.1909,0x02...e506,https://bscscan.com/tx/0x4ef0b7c620255c2d49c8ec7091fdaab1403ba4a4bcc961d526df41e3fd337355
2023-03-29 17:09:09,False,3.443e-05,1.091e-08,14620565.0,1.59514,0x77...4db6,https://bscscan.com/tx/0x613264a9df462ace7bf6b8cc8599affe21e49b3155fd41ecc40b993510d8b6a9
2023-03-29 17:09:09,False,3.443e-05,1.091e-08,207900.0,0.0226,0x77...4db6,https://bscscan.com/tx/0x613264a9df462ace7bf6b8cc8599affe21e49b3155fd41ecc40b993510d8b6a9
2023-03-29 17:09:03,True,3.46e-05,1.096e-08,3420315.0,0.375,0xea...e9aa,https://bscscan.com/tx/0x56b88827380344fb9400cbbfbc3297deb77a26a4a86d13861016dc169a36b4cf
2023-03-29 17:08:51,False,3.429e-05,1.092e-08,76769000.0,8.38436,0xc5...63ff,https://bscscan.com/tx/0x0febce7358ea767c67398a541eea5805a46db02baab4edff8be6bec40452513f
2023-03-29 17:08:51,False,3.432e-05,1.093e-08,129464.0,0.0141,0xc5...63ff,https://bscscan.com/tx/0x0febce7358ea767c67398a541eea5805a46db02baab4edff8be6bec40452513f
2023-03-29 17:06:24,True,3.45e-05,1.098e-08,1820499.0,0.2,0x1c...ee15,https://bscscan.com/tx/0x69737b36f0fbb88a8b470068113948e2baba6caea8a776dc83aed076bff3da1b
2023-03-29 17:06:06,True,3.45e-05,1.098e-08,1821105.0,0.2,0x1c...ee15,https://bscscan.com/tx/0x3959e5c61181e0a3818f982d1aebf7cda428e2f47da15ac60f68af41945f55f7
2023-03-29 17:03:30,False,3.436e-05,1.093e-08,43726456.0,4.7822,0xea...4652,https://bscscan.com/tx/0x3777d3270fdfb67d99a7eb4c1264dcb798049b294bef56b0f0e7e04fe6d224dd
2023-03-29 17:03:30,False,3.437e-05,1.094e-08,28381.8,0.0031,0xea...4652,https://bscscan.com/tx/0x3777d3270fdfb67d99a7eb4c1264dcb798049b294bef56b0f0e7e04fe6d224dd
2023-03-29 17:02:57,True,3.474e-05,1.099e-08,63651.7,0.007,0x44...1e7a,https://bscscan.com/tx/0xfb5be93f15acde9407d3360d98b16506e27d65ce85463bb98b1eb429322b8083
2023-03-29 17:02:36,True,3.457e-05,1.099e-08,534245.0,0.0587,0xa5...5153,https://bscscan.com/tx/0x9c5e466a321f53cb26f68fcfc788e7ee634764db591065168974c2e97ed2a86f
2023-03-29 17:01:15,False,3.457e-05,1.094e-08,9884130.0,1.08168,0x18...e038,https://bscscan.com/tx/0x88d330388c7c7f2b3ce8a19031989309bf512d66b559738576b09948f6fc7b75
2023-03-29 17:01:15,False,3.457e-05,1.094e-08,17745.0,0.0019,0x18...e038,https://bscscan.com/tx/0x88d330388c7c7f2b3ce8a19031989309bf512d66b559738576b09948f6fc7b75
2023-03-29 16:59:48,True,3.458e-05,1.099e-08,2899193.0,0.3189,0x26...c6bc,https://bscscan.com/tx/0x5c6d2810d5dc6302ec136b2d86d98e0a3bbdefab067c7ea9bc7fd19eb6306850
2023-03-29 16:57:42,False,3.459e-05,1.094e-08,3662012.0,0.4007,0x3b...e915,https://bscscan.com/tx/0x623becc000593d2568a4d4ac5a0fd0fe911bae88db027e1151157805a8125dd0
2023-03-29 16:57:42,False,3.459e-05,1.094e-08,16973.3,0.0018,0x3b...e915,https://bscscan.com/tx/0x623becc000593d2568a4d4ac5a0fd0fe911bae88db027e1151157805a8125dd0
2023-03-29 16:56:27,True,3.459e-05,1.099e-08,692471.0,0.0761,0xd1...b3a1,https://bscscan.com/tx/0xa2e33a97ef9a5c85c1232fa2fa66665a00f46c0cb1f7f375b38f5546943a0694
2023-03-29 16:56:00,False,3.459e-05,1.094e-08,780508.0,0.0854,0x1f...4f4f,https://bscscan.com/tx/0x0ed7bed6bac3db2d66e4ca123532ec6fbf3034494bd464af625796863b749556
2023-03-29 16:56:00,False,3.459e-05,1.094e-08,43206.8,0.0047,0x1f...4f4f,https://bscscan.com/tx/0x0ed7bed6bac3db2d66e4ca123532ec6fbf3034494bd464af625796863b749556
2023-03-29 16:54:42,True,3.478e-05,1.1e-08,1531180.0,0.1685,0xd6...3aa2,https://bscscan.com/tx/0xcb9ecdb589b65f8f305e128534ee5699f7ddc415c78d315cd620f757605ee557
2023-03-29 16:54:36,True,3.478e-05,1.1e-08,284837.0,0.0313,0xcc...d864,https://bscscan.com/tx/0xe56318a45de2e52a25c02726eedcdebb53fb49ffde5db223fafa5d0fbea0438d
2023-03-29 16:51:36,True,3.472e-05,1.099e-08,89491.4,0.0098,0x6a...46ef,https://bscscan.com/tx/0x6978550296c57cabbd813c5b25f3b5cc754cf55128e3330460c10b11770f540a
2023-03-29 16:50:15,True,3.474e-05,1.099e-08,2072336.0,0.2279,0xbf...594b,https://bscscan.com/tx/0x58d8ab88a41e0ae2c62459ae1c40977f95bd413c49865654350584dae0300791
2023-03-29 16:47:03,True,3.481e-05,1.099e-08,295030.0,0.0324,0x2c...e368,https://bscscan.com/tx/0x945e4d7097b35029ac61505d09c80c6f738bf9a66a8979d5d379af9867b41a10
2023-03-29 16:46:24,True,3.481e-05,1.099e-08,107885.0,0.0118,0x17...6c06,https://bscscan.com/tx/0x0b9e6d1ec9fabb4368b46a0542937f0fbad4eca5b718c32cfe901ffe9d62d985
2023-03-29 16:45:42,True,3.481e-05,1.099e-08,718226.0,0.079,0x20...34c7,https://bscscan.com/tx/0xfbb8b0d87bb9abacbfb795569d48e3538214c71a983b3a6b56e38cb6953ed546
2023-03-29 16:45:03,True,3.481e-05,1.099e-08,6721875.0,0.7392,0x10...c904,https://bscscan.com/tx/0x9814f702b835f9536d2e1c26f9ea031462b315de0e6cf4171f879230d5c69763
2023-03-29 16:42:45,False,3.446e-05,1.094e-08,4169119.0,0.4562,0xf9...a2b8,https://bscscan.com/tx/0x0e98d9d3255e8a8972c3476fa048aba1218dc1ac4874c6e9d4d3f881c7a4bc88
2023-03-29 16:42:45,False,3.446e-05,1.094e-08,56525.5,0.0061,0xf9...a2b8,https://bscscan.com/tx/0x0e98d9d3255e8a8972c3476fa048aba1218dc1ac4874c6e9d4d3f881c7a4bc88
2023-03-29 16:40:09,True,3.481e-05,1.099e-08,352638.0,0.0387,0x17...6c06,https://bscscan.com/tx/0x19f32a1782aa9693a863d9537a81578a55faf3468205064622bf8505a67351ea
2023-03-29 16:40:00,True,3.48e-05,1.099e-08,664827.0,0.0731,0x29...d2df,https://bscscan.com/tx/0x8c41075b2dfb414402e2814812e0c813e5fc10bd21a4561d684dc9359b6927f5
2023-03-29 16:39:54,False,3.464e-05,1.094e-08,19858165.0,2.17358,0x05...7066,https://bscscan.com/tx/0xd833fb54046ce9d28ed93deae3f57e187a82f77c0df5b4221172c07fe154ff13
2023-03-29 16:39:54,False,3.465e-05,1.094e-08,71967.1,0.0078,0x05...7066,https://bscscan.com/tx/0xd833fb54046ce9d28ed93deae3f57e187a82f77c0df5b4221172c07fe154ff13
2023-03-29 16:39:21,False,3.448e-05,1.095e-08,26574520.0,2.91037,0xca...d7ca,https://bscscan.com/tx/0xf13feac5bde5d6746c59a2e615d9a4b68b0f162093fa7aa53d2039cbdb588702
2023-03-29 16:39:21,False,3.45e-05,1.095e-08,38820.0,0.0042,0xca...d7ca,https://bscscan.com/tx/0xf13feac5bde5d6746c59a2e615d9a4b68b0f162093fa7aa53d2039cbdb588702
2023-03-29 16:39:15,False,3.45e-05,1.095e-08,14334648.0,1.57067,0x05...7066,https://bscscan.com/tx/0x3caddff145ea504e772010c5a8c5e185fce7517800392c7833ec565540cf3728
2023-03-29 16:39:15,False,3.451e-05,1.095e-08,18876.8,0.002,0x05...7066,https://bscscan.com/tx/0x3caddff145ea504e772010c5a8c5e185fce7517800392c7833ec565540cf3728
2023-03-29 16:38:30,False,3.47e-05,1.096e-08,6970417.0,0.7639,0x05...7066,https://bscscan.com/tx/0xbdcce7346ee911a40cd17218b720f496288da318e5b96dd3823e21a96c28e616
2023-03-29 16:38:30,False,3.47e-05,1.096e-08,40486.5,0.0044,0x05...7066,https://bscscan.com/tx/0xbdcce7346ee911a40cd17218b720f496288da318e5b96dd3823e21a96c28e616
2023-03-29 16:38:21,False,3.454e-05,1.096e-08,14950015.0,1.63897,0x20...946b,https://bscscan.com/tx/0xdf30de4e868f60d9f8484f3a06f1061c5718200279e921c5996a46bf218118c5
2023-03-29 16:38:21,False,3.455e-05,1.096e-08,658.285,7.218e-06,0x20...946b,https://bscscan.com/tx/0xdf30de4e868f60d9f8484f3a06f1061c5718200279e921c5996a46bf218118c5
2023-03-29 16:38:18,False,3.455e-05,1.096e-08,243078.0,0.0266,0x1f...4f4f,https://bscscan.com/tx/0x2dc8083bc5504608dc8addab380963b9659c0eef78d03d5943d45aea05f4d54b
2023-03-29 16:38:18,False,3.455e-05,1.096e-08,490.577,5.379e-06,0x1f...4f4f,https://bscscan.com/tx/0x2dc8083bc5504608dc8addab380963b9659c0eef78d03d5943d45aea05f4d54b
2023-03-29 16:37:54,False,3.473e-05,1.096e-08,181150.0,0.0198,0xc2...a17e,https://bscscan.com/tx/0x4e52e235c854c824e9a68898e0ca86a54a90ba7788aa67ea4ffade6ac8995b90
2023-03-29 16:37:54,False,3.473e-05,1.096e-08,34046.2,0.0037,0xc2...a17e,https://bscscan.com/tx/0x4e52e235c854c824e9a68898e0ca86a54a90ba7788aa67ea4ffade6ac8995b90
2023-03-29 16:36:03,True,3.492e-05,1.102e-08,526357.0,0.058,0x17...6c06,https://bscscan.com/tx/0x8d47e0870cbc8e3c948945e3fc9d12fc1c3f495706c3f14750b82e90cec4d89d
2023-03-29 16:35:18,True,3.475e-05,1.101e-08,2196967.0,0.2421,0x07...4f0e,https://bscscan.com/tx/0x6e4c09d0253daeab4c0a687b51e8ba701daf39ba30237cceb3bb008fed565f9e
2023-03-29 16:29:33,False,3.454e-05,1.096e-08,9802494.0,1.07491,0x07...7a27,https://bscscan.com/tx/0xd7b23c783d1d55e6cc4a250766f9f38c48d1daee059d8301eb08d9d2ec1ecddd
2023-03-29 16:29:33,False,3.455e-05,1.096e-08,2254.34,2.472e-05,0x07...7a27,https://bscscan.com/tx/0xd7b23c783d1d55e6cc4a250766f9f38c48d1daee059d8301eb08d9d2ec1ecddd
2023-03-29 16:25:45,True,3.479e-05,1.102e-08,18145.5,0.002,0xad...619c,https://bscscan.com/tx/0xe0bd9e8df84df879bf24aa246956e1106b539da5e089a5a3f30b97b3eb137bf1
2023-03-29 16:23:12,False,3.479e-05,1.096e-08,814344.0,0.0893,0x97...f59d,https://bscscan.com/tx/0x1d12d4d6425f91ca16cc5cefbca2e2164e147f074eb3c0fa56d87961374e69f1
2023-03-29 16:23:12,False,3.479e-05,1.096e-08,3389.98,3.717e-05,0x97...f59d,https://bscscan.com/tx/0x1d12d4d6425f91ca16cc5cefbca2e2164e147f074eb3c0fa56d87961374e69f1
2023-03-29 16:22:15,True,3.497e-05,1.102e-08,255549.0,0.0281,0xa5...b17f,https://bscscan.com/tx/0xd234ba21eb4891f82aab25ce837fb3b774329958d783f465f8e57ddc417eb04a
2023-03-29 16:21:12,False,3.48e-05,1.096e-08,997000.0,0.1093,0xdb...539a,https://bscscan.com/tx/0x1b3b9a0ed15977c250285aa2fcd804f59fb098ac927139e3ce5fa9277122bf31
2023-03-29 16:21:12,False,3.48e-05,1.096e-08,3950.24,4.332e-05,0xdb...539a,https://bscscan.com/tx/0x1b3b9a0ed15977c250285aa2fcd804f59fb098ac927139e3ce5fa9277122bf31
2023-03-29 16:19:09,False,3.48e-05,1.096e-08,1121704.0,0.123,0x1f...4f4f,https://bscscan.com/tx/0xbbada98f8d9ade51653b98087dbd116ade8c19e9d5a3bebdc736d387e4840011
2023-03-29 16:19:09,False,3.48e-05,1.096e-08,1098.1,1.204e-05,0x1f...4f4f,https://bscscan.com/tx/0xbbada98f8d9ade51653b98087dbd116ade8c19e9d5a3bebdc736d387e4840011
2023-03-29 16:17:57,False,3.476e-05,1.096e-08,405485.0,0.0444,0x49...a4ce,https://bscscan.com/tx/0xa14d86c6b9b0bf6e56a365988bf24d2fffce1ac7ec396df7b4d948bd88a97f71
2023-03-29 16:17:57,False,3.476e-05,1.096e-08,7669.53,8.411e-05,0x49...a4ce,https://bscscan.com/tx/0xa14d86c6b9b0bf6e56a365988bf24d2fffce1ac7ec396df7b4d948bd88a97f71
2023-03-29 16:17:51,False,3.477e-05,1.096e-08,2832045.0,0.3106,0xb7...7b0f,https://bscscan.com/tx/0xf6609b5f027726861e8cb5dfb063851580f6be2ca0f3de63b5b1d0cec8247c33
2023-03-29 16:17:51,False,3.477e-05,1.096e-08,1767.36,1.938e-05,0xb7...7b0f,https://bscscan.com/tx/0xf6609b5f027726861e8cb5dfb063851580f6be2ca0f3de63b5b1d0cec8247c33
2023-03-29 16:16:42,False,3.459e-05,1.096e-08,652615.0,0.0715,0x0e...6a94,https://bscscan.com/tx/0x0ee80a80d02b6048e1a5ca9f82f29eae170f57777d02ce187c89cf0331a30ada
2023-03-29 16:16:42,False,3.459e-05,1.096e-08,357585.0,0.0392,0x0e...6a94,https://bscscan.com/tx/0x0ee80a80d02b6048e1a5ca9f82f29eae170f57777d02ce187c89cf0331a30ada
2023-03-29 16:15:57,True,3.488e-05,1.1e-08,129327362.0,14.2344,0xbe...866d,https://bscscan.com/tx/0xe4f5f0ed590c64513e11da7b149412ddb1fc3ccab6cc73602c2916aa3bce9fdb
2023-03-29 16:15:09,False,3.448e-05,1.093e-08,3102275.0,0.3392,0xbe...1239,https://bscscan.com/tx/0x24ee6e864309e7ad835434d348980000d172d04a5f52ab1816e8550bcb27f9a8
2023-03-29 16:15:09,False,3.448e-05,1.093e-08,3043.88,3.328e-05,0xbe...1239,https://bscscan.com/tx/0x24ee6e864309e7ad835434d348980000d172d04a5f52ab1816e8550bcb27f9a8
2023-03-29 16:14:24,True,3.482e-05,1.098e-08,864435.0,0.095,0xa1...9fed,https://bscscan.com/tx/0x245f7f56c976c8a02dd50d46c0ec5715b596fc58650ba2088fb358cff2a88886
2023-03-29 16:13:33,False,3.448e-05,1.093e-08,262139.0,0.0286,0x7c...8468,https://bscscan.com/tx/0xe78b15b791e5bccc696475ae528c85144a891e7e61623a0e2f00c355c4613494
2023-03-29 16:13:33,False,3.448e-05,1.093e-08,3982.19,4.354e-05,0x7c...8468,https://bscscan.com/tx/0xe78b15b791e5bccc696475ae528c85144a891e7e61623a0e2f00c355c4613494
2023-03-29 16:12:30,True,3.465e-05,1.098e-08,574884.0,0.0631,0xb1...caa1,https://bscscan.com/tx/0x9d118bec6731cee084337a66c46c22f2322ef811dfd138d8506d281d3d9b8b4c
2023-03-29 16:10:33,False,3.447e-05,1.093e-08,897300.0,0.0981,0xec...c32e,https://bscscan.com/tx/0x55d76bf88d0195fae0eaad9159a5c9dcd69aeeb16f3e7b1733e807728a815320
2023-03-29 16:10:33,False,3.447e-05,1.093e-08,16950.6,0.0018,0xec...c32e,https://bscscan.com/tx/0x55d76bf88d0195fae0eaad9159a5c9dcd69aeeb16f3e7b1733e807728a815320
2023-03-29 16:10:30,True,3.463e-05,1.098e-08,1490049.0,0.1637,0xbb...c106,https://bscscan.com/tx/0x342f3238c385afdbc27a2e3af48d15198c89850d7504fbbcc44978e1cbe84c88
2023-03-29 16:08:42,True,3.49e-05,1.098e-08,134464.0,0.0147,0x06...af8d,https://bscscan.com/tx/0xc8eb3c2d63a571ad0728bcd21a9dbfbd21f3039645a9791b3e563ddee0515c3e
2023-03-29 16:07:12,True,3.491e-05,1.098e-08,2000000.0,0.2197,0x26...056c,https://bscscan.com/tx/0x23cbbbce735e1390f84f043fde3616836d062017202c6296e636bd87bf6caa60
2023-03-29 16:06:06,False,3.456e-05,1.093e-08,2645545.0,0.2892,0x97...6a3f,https://bscscan.com/tx/0x535535ec3f856f6286ea77146ed4bd4804e394b7a89a2f9101881b77897ebc89
2023-03-29 16:06:06,False,3.456e-05,1.093e-08,4037.85,4.415e-05,0x97...6a3f,https://bscscan.com/tx/0x535535ec3f856f6286ea77146ed4bd4804e394b7a89a2f9101881b77897ebc89
2023-03-29 16:06:03,False,3.456e-05,1.093e-08,1491014.0,0.163,0xc7...b46e,https://bscscan.com/tx/0x49b4df1d4e0509158b5da12d37ff5379ab2bc6b177983094d6f00eaf505ba830
2023-03-29 16:06:03,False,3.456e-05,1.093e-08,535.95,5.86e-06,0xc7...b46e,https://bscscan.com/tx/0x49b4df1d4e0509158b5da12d37ff5379ab2bc6b177983094d6f00eaf505ba830
2023-03-29 16:05:42,False,3.458e-05,1.093e-08,197905.0,0.0216,0x94...82e6,https://bscscan.com/tx/0xb984b28ee530f589b13ee7c3eaa45aeed89a9f73aac929b7672a25b4628915da
2023-03-29 16:05:42,False,3.458e-05,1.093e-08,332689.0,0.0363,0x94...82e6,https://bscscan.com/tx/0xb984b28ee530f589b13ee7c3eaa45aeed89a9f73aac929b7672a25b4628915da
2023-03-29 16:05:42,False,3.463e-05,1.095e-08,122848506.0,13.454,0x05...7066,https://bscscan.com/tx/0x64f912b321c0d1ee33be6889009cb6277c76ec1c184ee3b7e38f218511285758
2023-03-29 16:05:42,False,3.468e-05,1.096e-08,4436.65,4.866e-05,0x05...7066,https://bscscan.com/tx/0x64f912b321c0d1ee33be6889009cb6277c76ec1c184ee3b7e38f218511285758
2023-03-29 16:04:24,True,3.503e-05,1.102e-08,147703.0,0.0162,0x68...195a,https://bscscan.com/tx/0x95b10ae66fae4524728e7b2afc017c3f15f0c3249735ad4829e6be8c1488ef63
2023-03-29 16:03:42,False,3.486e-05,1.096e-08,1491014.0,0.1635,0xc7...b46e,https://bscscan.com/tx/0x8f0e4b12308b6be228b3930a2def080180db139c462b0ba5f147e2165831f88f
2023-03-29 16:03:42,False,3.486e-05,1.096e-08,80973.0,0.0088,0xc7...b46e,https://bscscan.com/tx/0x8f0e4b12308b6be228b3930a2def080180db139c462b0ba5f147e2165831f88f
2023-03-29 16:03:39,False,3.487e-05,1.097e-08,29900029.0,3.28076,0x20...946b,https://bscscan.com/tx/0xf55f81815b4b67b5abc0e53124864f254795baf9b66ec919bc3f440a0f4f293c
2023-03-29 16:03:39,False,3.488e-05,1.097e-08,1497.32,1.643e-05,0x20...946b,https://bscscan.com/tx/0xf55f81815b4b67b5abc0e53124864f254795baf9b66ec919bc3f440a0f4f293c
2023-03-29 16:02:57,False,3.488e-05,1.097e-08,552900.0,0.0606,0x36...1431,https://bscscan.com/tx/0xa2f90da3cb5aa1bfc8de24d0cdcd72095431c8a2e2e45ea728baf92d066d8b3c
2023-03-29 16:02:57,False,3.488e-05,1.097e-08,18090.0,0.0019,0x36...1431,https://bscscan.com/tx/0xa2f90da3cb5aa1bfc8de24d0cdcd72095431c8a2e2e45ea728baf92d066d8b3c
2023-03-29 16:02:12,True,3.506e-05,1.103e-08,600000.0,0.0661,0x18...346b,https://bscscan.com/tx/0x1b7dcfbbd4bcac94a25b8c378566e661a4bc7d0654c59224935549b804cb96d8
2023-03-29 16:02:06,False,3.488e-05,1.097e-08,6081700.0,0.6676,0xb3...bfaa,https://bscscan.com/tx/0x3dafcbb265617341db84c007bb166578506bf2fc201c2b4d78d2be67c2e48fbf
2023-03-29 16:02:06,False,3.489e-05,1.097e-08,80973.0,0.0088,0xb3...bfaa,https://bscscan.com/tx/0x3dafcbb265617341db84c007bb166578506bf2fc201c2b4d78d2be67c2e48fbf
2023-03-29 16:01:30,False,3.49e-05,1.098e-08,29900029.0,3.28365,0x20...946b,https://bscscan.com/tx/0x8f583b8616a7aa6016a862c0129181f46bbd2ce16d651ad3331cd1274e6a3181
2023-03-29 16:01:30,False,3.491e-05,1.098e-08,452632.0,0.0497,0x20...946b,https://bscscan.com/tx/0x8f583b8616a7aa6016a862c0129181f46bbd2ce16d651ad3331cd1274e6a3181
2023-03-29 16:00:21,True,3.489e-05,1.104e-08,1999307.0,0.2207,0xc2...22c1,https://bscscan.com/tx/0x49e9b6b2147f84c3368ebc74fcb9eaaacebc25a2871c638cf2cd551320d10c2d
2023-03-29 15:59:15,True,3.508e-05,1.102e-08,115000000.0,12.6791,0x18...346b,https://bscscan.com/tx/0x41a32a60b11835e741aa79745b03a045d15ae89811c05e8481bd7121cee8a834
2023-03-29 15:57:27,True,3.475e-05,1.1e-08,10481939.0,1.15389,0x62...e518,https://bscscan.com/tx/0x5d841408adc5c93f4cff43eb292b3d57ef72598a509ecadd1d9fa4aef5578df6
2023-03-29 15:56:48,True,3.492e-05,1.1e-08,160124.0,0.0176,0x68...195a,https://bscscan.com/tx/0x5431ce343c05b4cf93facb5e96e70b0b5695f513d7953d13702ffbe5033637a8
2023-03-29 15:56:15,False,3.476e-05,1.095e-08,39880000.0,4.36978,0xeb...ab74,https://bscscan.com/tx/0x4e4663027c81e556137e14e7a2cb410e290d6943c9b260de9113e1d2a8197410
2023-03-29 15:56:15,False,3.478e-05,1.096e-08,55238.5,0.006,0xeb...ab74,https://bscscan.com/tx/0x4e4663027c81e556137e14e7a2cb410e290d6943c9b260de9113e1d2a8197410
2023-03-29 15:55:45,False,3.479e-05,1.096e-08,20397335.0,2.23665,0x8a...d6d8,https://bscscan.com/tx/0x18de818773a02cf6c7385a375f590b0c4c4999a7429ab24592fead937f717452
2023-03-29 15:55:45,False,3.479e-05,1.096e-08,2772.51,3.04e-05,0x8a...d6d8,https://bscscan.com/tx/0x18de818773a02cf6c7385a375f590b0c4c4999a7429ab24592fead937f717452
2023-03-29 15:55:18,True,3.478e-05,1.102e-08,287439.0,0.0316,0x6c...a340,https://bscscan.com/tx/0xc630dd5f8a3d14bad2d9c70f631ec7f9cfc993f791c31aa0e351549ce90f5e66
2023-03-29 15:55:09,False,3.461e-05,1.096e-08,737200.0,0.0808,0x36...1431,https://bscscan.com/tx/0x252c79ca09206e2109611f4d0c95263a041ade8f263df56aa78b781b813c46db
2023-03-29 15:55:09,False,3.461e-05,1.096e-08,214349.0,0.0235,0x36...1431,https://bscscan.com/tx/0x252c79ca09206e2109611f4d0c95263a041ade8f263df56aa78b781b813c46db
2023-03-29 15:55:01,True,3.478e-05,1.102e-08,1430044.0,0.1576,0xd2...e078,https://bscscan.com/tx/0x93241806e8ca536ba9a0aafe1db5f8a976fd11975dd1417c9ac027c29982d079
2023-03-29 15:53:36,False,3.481e-05,1.097e-08,77724622.0,8.53285,0x05...7066,https://bscscan.com/tx/0x77f85cf3b16985b02f183df90a5e8954bc270d9eaf398bf3a715062001d5bc53
2023-03-29 15:53:36,False,3.485e-05,1.098e-08,15303.2,0.0016,0x05...7066,https://bscscan.com/tx/0x77f85cf3b16985b02f183df90a5e8954bc270d9eaf398bf3a715062001d5bc53
2023-03-29 15:47:15,False,3.481e-05,1.098e-08,4847010.0,0.5326,0x0d...1820,https://bscscan.com/tx/0x60f90cc568ef333f66b3c64d9b78aa0c740a01193fe918b8be1d0558b27d3803
2023-03-29 15:47:15,False,3.481e-05,1.099e-08,80973.0,0.0089,0x0d...1820,https://bscscan.com/tx/0x60f90cc568ef333f66b3c64d9b78aa0c740a01193fe918b8be1d0558b27d3803
2023-03-29 15:46:42,False,3.465e-05,1.099e-08,29900030.0,3.28722,0x20...946b,https://bscscan.com/tx/0x4b34cb819fc9e63161de9c24f9332a2973eb9301b2efd543dc74f4c48f03f46b
2023-03-29 15:46:42,False,3.466e-05,1.099e-08,270000.0,0.0296,0x20...946b,https://bscscan.com/tx/0x4b34cb819fc9e63161de9c24f9332a2973eb9301b2efd543dc74f4c48f03f46b
2023-03-29 15:46:39,False,3.488e-05,1.101e-08,99700000.0,10.9785,0x9b...2220,https://bscscan.com/tx/0x980520f30bd4d920562cd339049af74883703613bf6db303526363c0f7b37c44
2023-03-29 15:46:39,False,3.492e-05,1.102e-08,77979.9,0.0086,0x9b...2220,https://bscscan.com/tx/0x980520f30bd4d920562cd339049af74883703613bf6db303526363c0f7b37c44
2023-03-29 15:46:06,False,3.493e-05,1.102e-08,28794799.0,3.17574,0xc0...1f4f,https://bscscan.com/tx/0xc6ab6f9dfb622d728d9b6b770233854b9b0ad561e9707a04832adab0c60ae4ba
2023-03-29 15:46:06,False,3.494e-05,1.103e-08,8543.69,9.426e-05,0xc0...1f4f,https://bscscan.com/tx/0xc6ab6f9dfb622d728d9b6b770233854b9b0ad561e9707a04832adab0c60ae4ba
2023-03-29 15:45:27,False,3.477e-05,1.103e-08,3154837.0,0.348,0x7c...86bc,https://bscscan.com/tx/0x6de8812dc1764776f33c07d55c7b2daba92f2593a06cef18da0b533db6a22570
2023-03-29 15:45:27,False,3.477e-05,1.103e-08,42527.1,0.0046,0x7c...86bc,https://bscscan.com/tx/0x6de8812dc1764776f33c07d55c7b2daba92f2593a06cef18da0b533db6a22570
2023-03-29 15:45:21,False,3.495e-05,1.103e-08,15703521.0,1.733,0xd4...cc47,https://bscscan.com/tx/0xd71719144f6973407eb33b47f9abc873c3dce94eac95f55681f7e90de374b245
2023-03-29 15:45:21,False,3.496e-05,1.103e-08,81904.2,0.009,0xd4...cc47,https://bscscan.com/tx/0xd71719144f6973407eb33b47f9abc873c3dce94eac95f55681f7e90de374b245
2023-03-29 15:45:09,True,3.514e-05,1.109e-08,1540449.0,0.1708,0x1b...e4ce,https://bscscan.com/tx/0x1cc8437319dc40796d048b8dad3427ea672e8f29f18d8a99281677f5bff208c2
2023-03-29 15:45:09,False,3.497e-05,1.104e-08,28708042.0,3.16975,0xc0...1f4f,https://bscscan.com/tx/0x2aa92b957ed02a9756ac8521e5255876c46da48ac2452539acc48f47c55af7ef
2023-03-29 15:45:09,False,3.498e-05,1.104e-08,50016.1,0.0055,0xc0...1f4f,https://bscscan.com/tx/0x2aa92b957ed02a9756ac8521e5255876c46da48ac2452539acc48f47c55af7ef
2023-03-29 15:44:51,False,3.482e-05,1.104e-08,18468906.0,2.04039,0x5a...d342,https://bscscan.com/tx/0x0b28521335852b50c5512fc0b810f0b42d08f3c196afef26b8bb196add8fc658
2023-03-29 15:44:51,False,3.483e-05,1.105e-08,80973.0,0.0089,0x5a...d342,https://bscscan.com/tx/0x0b28521335852b50c5512fc0b810f0b42d08f3c196afef26b8bb196add8fc658
2023-03-29 15:44:51,False,3.484e-05,1.105e-08,29900030.0,3.30523,0x20...946b,https://bscscan.com/tx/0xe8c0da907c9bde1cb4cae3210fd85137a3b23c4ed328dbe6b2143a8f3088a681
2023-03-29 15:44:51,False,3.485e-05,1.105e-08,976.593,1.079e-05,0x20...946b,https://bscscan.com/tx/0xe8c0da907c9bde1cb4cae3210fd85137a3b23c4ed328dbe6b2143a8f3088a681
2023-03-29 15:43:39,False,3.502e-05,1.105e-08,360616.0,0.0398,0x43...cbf7,https://bscscan.com/tx/0xbcada1f0ae00470f21e2c67acf0bfe730840938fffb84715445087cbdca3d8f2
2023-03-29 15:43:39,False,3.502e-05,1.105e-08,3416.91,3.778e-05,0x43...cbf7,https://bscscan.com/tx/0xbcada1f0ae00470f21e2c67acf0bfe730840938fffb84715445087cbdca3d8f2
2023-03-29 15:43:27,False,3.502e-05,1.105e-08,1261727.0,0.1395,0x6c...4928,https://bscscan.com/tx/0x3c6864686c2042dfda161cb50d3e94276cfce27903d98f4068aa6f0b0e31c819
2023-03-29 15:43:27,False,3.502e-05,1.105e-08,77941.5,0.0086,0x6c...4928,https://bscscan.com/tx/0x3c6864686c2042dfda161cb50d3e94276cfce27903d98f4068aa6f0b0e31c819
2023-03-29 15:43:09,True,3.502e-05,1.111e-08,106170.0,0.0118,0xe0...7bc3,https://bscscan.com/tx/0x1abe579ebda2c7c9313da3a1285c85badea53e63ea2afee6b262af4c7e7fff17
2023-03-29 15:42:18,False,3.503e-05,1.106e-08,28674777.0,3.17218,0xc0...1f4f,https://bscscan.com/tx/0x56bc7ab030ede53bbac0c05bb5544994226d8773a42500827dfa98de72679568
2023-03-29 15:42:18,False,3.505e-05,1.106e-08,112043.0,0.0124,0xc0...1f4f,https://bscscan.com/tx/0x56bc7ab030ede53bbac0c05bb5544994226d8773a42500827dfa98de72679568
2023-03-29 15:39:39,True,3.503e-05,1.112e-08,5341972.0,0.5941,0x30...60ca,https://bscscan.com/tx/0xb770159d0a61f830cd4ab6c37a0e6451a15ed4d7d0d8e9db0b67834348e39554
2023-03-29 15:39:33,True,3.502e-05,1.111e-08,14202856.0,1.57917,0x9a...e00b,https://bscscan.com/tx/0x0f2bb746dd83a536267f6e81b302f80f099755cde3d3d3f369611e8f6a350963
2023-03-29 15:38:57,True,3.519e-05,1.111e-08,17994856.0,2.0,0xca...2e64,https://bscscan.com/tx/0x68e6201fbe399c37e5f20246e52f843cb989cb68ce130342ff43347c1034b94d
2023-03-29 15:38:54,False,3.501e-05,1.105e-08,3945825.0,0.4362,0x22...a0be,https://bscscan.com/tx/0xd547462df21275a460197ed90d8da2fcf1d8cc3891a423216d41897a240bf80c
2023-03-29 15:38:54,False,3.501e-05,1.105e-08,92572.4,0.0102,0x22...a0be,https://bscscan.com/tx/0xd547462df21275a460197ed90d8da2fcf1d8cc3891a423216d41897a240bf80c
2023-03-29 15:38:48,True,3.518e-05,1.111e-08,251315.0,0.0279,0x02...a3bc,https://bscscan.com/tx/0xf8e6d5f11f5e75a92d04d523d9987cb8a53a7bc00a0b10f06d41b219d7b49541
2023-03-29 15:38:21,True,3.518e-05,1.111e-08,5275468.0,0.5862,0x74...29f0,https://bscscan.com/tx/0x93be794c6e4bc451633519c640d0d3d2e6a4b00e1a7823f5d4c2787888e565b0
2023-03-29 15:38:06,False,3.484e-05,1.105e-08,28673029.0,3.17119,0xc0...1f4f,https://bscscan.com/tx/0x2b860ee53d05c09c4512548288b0568d24f2178500be016b45ec9e24728d4b95
2023-03-29 15:38:06,False,3.485e-05,1.106e-08,6011.32,6.65e-05,0xc0...1f4f,https://bscscan.com/tx/0x2b860ee53d05c09c4512548288b0568d24f2178500be016b45ec9e24728d4b95
2023-03-29 15:37:36,True,3.52e-05,1.111e-08,350000.0,0.0389,0x65...3c03,https://bscscan.com/tx/0x10c4ffdbd387aff88c6c1ae24c70fd30251964a623714a028b7bda2d85736a4d
2023-03-29 15:36:45,True,3.503e-05,1.111e-08,80000.0,0.0089,0x17...2791,https://bscscan.com/tx/0xdaf53d18e05d3c091e5d73714ba03c7958f764e5d9243d8c17ca33a44978e1d6
2023-03-29 15:36:24,False,3.503e-05,1.106e-08,1791026.0,0.1981,0xfd...2c52,https://bscscan.com/tx/0x926dc23fff473e9c4f8edb89feac21157ad642c52517282c69fc307cfeea3891
2023-03-29 15:36:24,False,3.503e-05,1.106e-08,245627.0,0.0271,0xfd...2c52,https://bscscan.com/tx/0x926dc23fff473e9c4f8edb89feac21157ad642c52517282c69fc307cfeea3891
2023-03-29 15:36:09,True,3.52e-05,1.111e-08,323752.0,0.036,0x71...f618,https://bscscan.com/tx/0xada76d15aaa76510116539a4a84db57d62b223ee942fccad4904ddd82bcb0de0
2023-03-29 15:35:57,True,3.52e-05,1.111e-08,5666076.0,0.63,0xb8...ad10,https://bscscan.com/tx/0x605caef6f603ac26f91be6da315ede2c0416f58f33f427a2a0c829de00d92b6a
2023-03-29 15:35:33,True,3.517e-05,1.11e-08,77897769.0,8.65242,0xc5...63ff,https://bscscan.com/tx/0xbc4ca20f601b9b9a919c2778458b8a88d3f95a18996fbcd08f0d45dae9594d79
2023-03-29 15:32:09,True,3.515e-05,1.109e-08,5069167.0,0.5624,0x30...60ca,https://bscscan.com/tx/0xdecc3de64d857cec90d9e652a456f6a827f5db8c8f59d33741dc1b4db7aa6a7a
2023-03-29 15:30:33,True,3.497e-05,1.109e-08,55000.0,0.0061,0x7f...03ec,https://bscscan.com/tx/0xbd30876e2ea6f17890e44862c985c76009628860cc4bbc4f76cde7584f454027
2023-03-29 15:28:09,False,3.481e-05,1.104e-08,1955454.0,0.2158,0xb4...72f1,https://bscscan.com/tx/0x4f70605656692664fe6bbdd5926ce795f47f2a9d2562c0604090b49fa2e04b80
2023-03-29 15:28:09,False,3.481e-05,1.104e-08,38592.5,0.0042,0xb4...72f1,https://bscscan.com/tx/0x4f70605656692664fe6bbdd5926ce795f47f2a9d2562c0604090b49fa2e04b80
2023-03-29 15:27:36,True,3.516e-05,1.109e-08,11752315.0,1.30384,0xa5...484c,https://bscscan.com/tx/0xf15d8a680bc24bbaaf5fd3b64ab93c539160c681839fd4ddec88a8bafbe338ea
2023-03-29 15:27:33,False,3.498e-05,1.103e-08,2533582.0,0.2796,0xa1...6779,https://bscscan.com/tx/0x72e7c26651e2d4e22b7eadc69fb61871f313c1a1a76127c1e41d6991a97e014a
2023-03-29 15:27:33,False,3.498e-05,1.103e-08,283.77,3.132e-06,0xa1...6779,https://bscscan.com/tx/0x72e7c26651e2d4e22b7eadc69fb61871f313c1a1a76127c1e41d6991a97e014a
2023-03-29 15:27:12,False,3.48e-05,1.103e-08,104785.0,0.0115,0xe4...d390,https://bscscan.com/tx/0xf7bec528648bc7f9e037ae7371192b1eda74c480c443e31b5b1bcda13dd0addf
2023-03-29 15:27:12,False,3.48e-05,1.103e-08,19848.1,0.0021,0xe4...d390,https://bscscan.com/tx/0xf7bec528648bc7f9e037ae7371192b1eda74c480c443e31b5b1bcda13dd0addf
2023-03-29 15:26:54,True,3.515e-05,1.109e-08,6865779.0,0.7615,0xf4...220b,https://bscscan.com/tx/0x59b5b75e098756b24143224a2169aecb5e2a4244e4249aeb3218988012e2279b
2023-03-29 15:26:39,False,3.497e-05,1.103e-08,483905.0,0.0534,0x94...00a4,https://bscscan.com/tx/0x66361125115cf45fb031856bb5e4d00f5069670a2787ec051408d728d13d9e9d
2023-03-29 15:26:39,False,3.497e-05,1.103e-08,3243.15,3.579e-05,0x94...00a4,https://bscscan.com/tx/0x66361125115cf45fb031856bb5e4d00f5069670a2787ec051408d728d13d9e9d
2023-03-29 15:26:18,False,3.48e-05,1.103e-08,1197562.0,0.1321,0xea...278a,https://bscscan.com/tx/0x681354d4466b5b976b94b25cf19f4d5ac655caea1b036e878603507d71237d17
2023-03-29 15:26:18,False,3.48e-05,1.103e-08,77827.0,0.0085,0xea...278a,https://bscscan.com/tx/0x681354d4466b5b976b94b25cf19f4d5ac655caea1b036e878603507d71237d17
2023-03-29 15:22:30,False,3.498e-05,1.104e-08,28738354.0,3.17288,0xc0...1f4f,https://bscscan.com/tx/0x6b0550e911ecfb0ddccc3f0bf6bb2566ea9a9c985bf0d38af36f87852791ffb3
2023-03-29 15:22:30,False,3.499e-05,1.104e-08,85152.8,0.0094,0xc0...1f4f,https://bscscan.com/tx/0x6b0550e911ecfb0ddccc3f0bf6bb2566ea9a9c985bf0d38af36f87852791ffb3
2023-03-29 15:20:33,True,3.514e-05,1.109e-08,28450924.0,3.15692,0x9a...e00b,https://bscscan.com/tx/0x3a89c54d2589c72f4b1de933b9f9c6b63957b3c02e0d7e1a4e735fbdc081184d
2023-03-29 15:17:57,True,3.516e-05,1.109e-08,2550000.0,0.2828,0x93...8b2d,https://bscscan.com/tx/0xfc4d93db8696fef97faf8570efc200f81847f1cfa64b408e40f7b58920449b0f
2023-03-29 15:17:57,True,3.516e-05,1.109e-08,58888.0,0.0065,0xf7...df0d,https://bscscan.com/tx/0x9a3a009bc346930919b2ab0fc624c96321a73d3b148d8e1733a0c581876e4d22
2023-03-29 15:16:15,False,3.48e-05,1.103e-08,476831.0,0.0526,0x74...ef47,https://bscscan.com/tx/0x9826aaeb3971ecfeaad07f734617ca0d9427d56c17f00da469e2bb6650b8e1ef
2023-03-29 15:16:15,False,3.48e-05,1.103e-08,5427.71,5.99e-05,0x74...ef47,https://bscscan.com/tx/0x9826aaeb3971ecfeaad07f734617ca0d9427d56c17f00da469e2bb6650b8e1ef
2023-03-29 15:15:51,False,3.498e-05,1.103e-08,2004233.0,0.2212,0x3f...8ef8,https://bscscan.com/tx/0x71bb94f54ec74e433b64f79224dfd715edae7d2d9eb42b56a4066639f89cf281
2023-03-29 15:15:51,False,3.498e-05,1.103e-08,3965.55,4.376e-05,0x3f...8ef8,https://bscscan.com/tx/0x71bb94f54ec74e433b64f79224dfd715edae7d2d9eb42b56a4066639f89cf281
2023-03-29 15:14:03,False,3.481e-05,1.103e-08,1464318.0,0.1616,0x79...1e05,https://bscscan.com/tx/0x03333bcf0bd8cabb3d318b62581607485360b46b1e8a81b59a0f7ebe44f67c86
2023-03-29 15:14:03,False,3.481e-05,1.103e-08,6288.61,6.94e-05,0x79...1e05,https://bscscan.com/tx/0x03333bcf0bd8cabb3d318b62581607485360b46b1e8a81b59a0f7ebe44f67c86
2023-03-29 15:13:03,False,3.498e-05,1.103e-08,2322129.0,0.2563,0x8d...4089,https://bscscan.com/tx/0x4ad38664544b4ef9e7c2aac064077c31eba6f1f940c9a85d69156d89183823c2
2023-03-29 15:13:03,False,3.498e-05,1.103e-08,20660.6,0.0022,0x8d...4089,https://bscscan.com/tx/0x4ad38664544b4ef9e7c2aac064077c31eba6f1f940c9a85d69156d89183823c2
2023-03-29 15:12:47,True,3.518e-05,1.109e-08,2434002.0,0.27,0x60...8e41,https://bscscan.com/tx/0x5dc081ef4bcddfe79719efe94771f53e73a609206e333461f0889d7570ae78da
2023-03-29 15:12:32,True,3.516e-05,1.109e-08,200000.0,0.0221,0x9a...7b02,https://bscscan.com/tx/0xe3a474edfbf3db8308a468888a7838066b94f5645f22acd5d1cf3f32e6391d55
2023-03-29 15:05:58,False,3.497e-05,1.103e-08,4734722.0,0.5226,0xd4...cc47,https://bscscan.com/tx/0xba75d22b340b74f0338d66e88532a400738394f0c2b5733de2d6d9057594614d
2023-03-29 15:04:52,False,3.498e-05,1.103e-08,9987475.0,1.10259,0x00...167b,https://bscscan.com/tx/0xcabd39232b9d9692b6baef79fbdf1c3432d348c32977e4e91798a58718e9c17b
2023-03-29 15:04:52,False,3.499e-05,1.104e-08,8833230.0,0.9753,0x00...9ea1,https://bscscan.com/tx/0x919216d39cdf64411e720fef4e22a32ad87035f3489708b242e68c5d5d77d118
2023-03-29 15:04:52,False,3.499e-05,1.104e-08,943150.0,0.1041,0x00...9ea1,https://bscscan.com/tx/0x919216d39cdf64411e720fef4e22a32ad87035f3489708b242e68c5d5d77d118
2023-03-29 15:04:52,True,3.504e-05,1.105e-08,289143309.0,31.9788,0x73...a846,https://bscscan.com/tx/0x061e8e6a653aec11745d70a059fab599684b423e417b93e0bcc126c515756a73
2023-03-29 15:02:55,True,3.49e-05,1.101e-08,57289740.0,6.30938,0x9a...e00b,https://bscscan.com/tx/0x62d561d0798169551f1f1f770d9f73aa0140979ace0631946ba31c6eddbe39a1
2023-03-29 15:00:34,True,3.487e-05,1.1e-08,141892.0,0.0156,0x9f...659d,https://bscscan.com/tx/0x6fa112e662c6a9160299bfea83483d7cafab06e8fda20971f4a3d364a51defbb
2023-03-29 14:58:40,True,3.468e-05,1.1e-08,155102.0,0.017,0xf7...df0d,https://bscscan.com/tx/0x38f20d94d80bf3a164892b1d305b0dc4e0fdcbe5923e8c85263123d12f91762f
2023-03-29 14:57:55,False,3.468e-05,1.095e-08,1786037.0,0.1955,0xe6...197d,https://bscscan.com/tx/0x2b80b5a929c5a78689ce6b07cba808c8ca0bf7b26ff09e637a1f356cde6542ff
2023-03-29 14:57:55,False,3.468e-05,1.095e-08,118397.0,0.0129,0xe6...197d,https://bscscan.com/tx/0x2b80b5a929c5a78689ce6b07cba808c8ca0bf7b26ff09e637a1f356cde6542ff
2023-03-29 14:54:40,True,3.483e-05,1.1e-08,43050864.0,4.73561,0x9a...e00b,https://bscscan.com/tx/0x26dfa9337b7ecaf7afa179b4a99d7a61f6c46fcd04aaeba7459fe5772a9195ef
2023-03-29 14:52:37,False,3.463e-05,1.093e-08,797600.0,0.0872,0x17...4d65,https://bscscan.com/tx/0x49e8c1ec17e15adb869c8eca9daf0e41c67a72232f4baeabb69b2cf4df80bb35
2023-03-29 14:52:37,False,3.463e-05,1.093e-08,3271.5,3.578e-05,0x17...4d65,https://bscscan.com/tx/0x49e8c1ec17e15adb869c8eca9daf0e41c67a72232f4baeabb69b2cf4df80bb35
2023-03-29 14:51:31,False,3.463e-05,1.093e-08,1208030.0,0.1321,0xd9...7aae,https://bscscan.com/tx/0x730ce47e1e94b4e5ae84f3c0435f90d3aae4d63b331ef666b094914f0ae13597
2023-03-29 14:51:31,False,3.464e-05,1.093e-08,3602.71,3.941e-05,0xd9...7aae,https://bscscan.com/tx/0x730ce47e1e94b4e5ae84f3c0435f90d3aae4d63b331ef666b094914f0ae13597
2023-03-29 14:46:43,True,3.483e-05,1.099e-08,87337.9,0.0096,0x6f...acac,https://bscscan.com/tx/0xc5a531e422d1817a8a9562ab104932059863b52281df35b969d3e6c0b9d8dc85
2023-03-29 14:46:40,False,3.466e-05,1.094e-08,1243259.0,0.136,0x0c...8ff3,https://bscscan.com/tx/0x24a0c7a763d3b65df81ac547f812715a63091ed57359bf5c5f087520dc2eb325
2023-03-29 14:46:40,False,3.466e-05,1.094e-08,138.296,1.512e-06,0x0c...8ff3,https://bscscan.com/tx/0x24a0c7a763d3b65df81ac547f812715a63091ed57359bf5c5f087520dc2eb325
2023-03-29 14:44:10,False,3.466e-05,1.094e-08,51067.2,0.0055,0x28...41fb,https://bscscan.com/tx/0x4f8f01945e6fe871fa115104170bf6eaf2fceb59df573a6eec1594a39aaad2e7
2023-03-29 14:44:10,False,3.466e-05,1.094e-08,2909.71,3.183e-05,0x28...41fb,https://bscscan.com/tx/0x4f8f01945e6fe871fa115104170bf6eaf2fceb59df573a6eec1594a39aaad2e7
2023-03-29 14:41:07,False,3.474e-05,1.094e-08,1074437.0,0.1175,0xae...d7dd,https://bscscan.com/tx/0x58f22e3f1ad41fa96e47eda6f5ef6d73212ef4799af6139d638be74ce89c6a67
2023-03-29 14:41:07,False,3.474e-05,1.094e-08,20423.9,0.0022,0xae...d7dd,https://bscscan.com/tx/0x58f22e3f1ad41fa96e47eda6f5ef6d73212ef4799af6139d638be74ce89c6a67
2023-03-29 14:40:19,False,3.457e-05,1.094e-08,7541708.0,0.8251,0x05...7066,https://bscscan.com/tx/0x9dcd728772e048bf7e59a5045d95cba8e49585e1d44f08682a46db035018ff54
2023-03-29 14:40:19,False,3.457e-05,1.094e-08,69141.9,0.0075,0x05...7066,https://bscscan.com/tx/0x9dcd728772e048bf7e59a5045d95cba8e49585e1d44f08682a46db035018ff54
2023-03-29 14:39:43,True,3.475e-05,1.099e-08,654701.0,0.072,0xbd...ccfd,https://bscscan.com/tx/0xe342bed26e3a7f8d331c9f45da01df04962e6b6181aebabc4d514ea8178dfa2b
2023-03-29 14:38:37,True,3.492e-05,1.099e-08,272795.0,0.03,0x6b...592e,https://bscscan.com/tx/0xaa65d2d530b8ae6797cc8b7db6f860917cb272971adfcea1492bd76fadd1e506
2023-03-29 14:37:52,True,3.474e-05,1.099e-08,427383.0,0.047,0x67...6386,https://bscscan.com/tx/0x2e9b80a9afa50b572413f95d5c9242b8ba6a1d11b33fbcff26bb1b8f441296ce
2023-03-29 14:35:28,False,3.457e-05,1.094e-08,9230456.0,1.01013,0x01...f60c,https://bscscan.com/tx/0x5e24ad0400eb85c414c4a00f571816a02fbcef2b2d09dfc406dee45609792e8a
2023-03-29 14:35:28,False,3.458e-05,1.094e-08,108953.0,0.0119,0x01...f60c,https://bscscan.com/tx/0x5e24ad0400eb85c414c4a00f571816a02fbcef2b2d09dfc406dee45609792e8a
2023-03-29 14:33:19,True,3.475e-05,1.099e-08,1051655.0,0.1156,0xdc...c6dd,https://bscscan.com/tx/0xfa73385707620b0962d90eae9d6ef5e12d1405f8cdcede24a16328b1ce33457f
2023-03-29 14:32:52,True,3.475e-05,1.099e-08,1528218.0,0.168,0xdc...c6dd,https://bscscan.com/tx/0xe925aa97efdea7a6993fb5bd3ec73bc606373cd46d9674d26825b00d29997178
2023-03-29 14:32:01,True,3.492e-05,1.099e-08,62733.5,0.0069,0x82...5cd6,https://bscscan.com/tx/0x44992a55c4b25dda38c4b0cd7d00651e2a0203417e3c2746b2f923bcdf790c46
2023-03-29 14:29:07,True,3.492e-05,1.099e-08,6000000.0,0.6598,0xe4...9432,https://bscscan.com/tx/0xcda86fa6b38d7e75595068f4f222999546e93faee1b8a6532aa3ad62d27c8537
2023-03-29 14:27:22,True,3.474e-05,1.099e-08,1231595.0,0.1354,0x2f...2262,https://bscscan.com/tx/0x828b0ae70e537a3c30b95322bba59aca43d60e9cf4320f262ee70f8dd9f9c1d2
2023-03-29 14:26:58,True,3.491e-05,1.099e-08,1432138.0,0.1574,0x69...3bf1,https://bscscan.com/tx/0x2bb62be8114974edd204731a26b479bb58a3a30551405e0daaa7647abc3cef91
2023-03-29 14:26:46,True,3.473e-05,1.099e-08,115880.0,0.0127,0x0c...e733,https://bscscan.com/tx/0xb20ba153b34f32a4eb073acc2896faf2a4aac3380788d8039e12748f950a35fb
2023-03-29 14:26:13,False,3.455e-05,1.094e-08,28844104.0,3.15712,0x2e...2e43,https://bscscan.com/tx/0x7af88fc31e0f43c3f7f00e05203f61e5d1d9c1e017625fd6564393ab45921377
2023-03-29 14:26:13,False,3.456e-05,1.094e-08,118966.0,0.013,0x2e...2e43,https://bscscan.com/tx/0x7af88fc31e0f43c3f7f00e05203f61e5d1d9c1e017625fd6564393ab45921377
2023-03-29 14:26:00,True,3.475e-05,1.1e-08,1402744.0,0.1543,0xc4...e840,https://bscscan.com/tx/0x939edfbdb06df8cc24814c1a3edcbe566df6b48992cf471a46e44543f75b1c3b
2023-03-29 14:23:59,False,3.476e-05,1.095e-08,42530929.0,4.65911,0x05...7066,https://bscscan.com/tx/0x1495ceb13b174b2bf421d696b3c099ff6079c78badfe710e213ea8465514b82f
2023-03-29 14:23:59,False,3.478e-05,1.096e-08,33703.7,0.0036,0x05...7066,https://bscscan.com/tx/0x1495ceb13b174b2bf421d696b3c099ff6079c78badfe710e213ea8465514b82f
2023-03-29 14:23:05,False,3.462e-05,1.096e-08,12445421.0,1.36427,0x05...7066,https://bscscan.com/tx/0x5634135da83340c2c581be6b23e550cea451857ac2ba56204abb1b546a2f754f
2023-03-29 14:23:05,False,3.462e-05,1.096e-08,122778.0,0.0134,0x05...7066,https://bscscan.com/tx/0x5634135da83340c2c581be6b23e550cea451857ac2ba56204abb1b546a2f754f
2023-03-29 14:22:51,False,3.481e-05,1.096e-08,28042374.0,3.07553,0x05...7066,https://bscscan.com/tx/0x6b78d0997347840c1fccd7afabd5e99ac355447402d3446ab185a930ced4fb6b
2023-03-29 14:22:51,False,3.482e-05,1.097e-08,270000.0,0.0296,0x05...7066,https://bscscan.com/tx/0x6b78d0997347840c1fccd7afabd5e99ac355447402d3446ab185a930ced4fb6b
2023-03-29 14:22:42,False,3.486e-05,1.098e-08,99700000.0,10.9517,0x9b...2220,https://bscscan.com/tx/0xb1b4651f940dc702f02581be58c14ea12d822b886204009a45793d13221a11d8
2023-03-29 14:22:42,False,3.49e-05,1.099e-08,32291.0,0.0035,0x9b...2220,https://bscscan.com/tx/0xb1b4651f940dc702f02581be58c14ea12d822b886204009a45793d13221a11d8
2023-03-29 14:22:30,False,3.492e-05,1.099e-08,11923766.0,1.31157,0x05...7066,https://bscscan.com/tx/0x48ab80f60ee09cf7b13feb3e013e582c3462f755188f5f2ad001d8bce20165dc
2023-03-29 14:22:30,False,3.492e-05,1.1e-08,21171.6,0.0023,0x05...7066,https://bscscan.com/tx/0x48ab80f60ee09cf7b13feb3e013e582c3462f755188f5f2ad001d8bce20165dc
2023-03-29 14:21:42,False,3.478e-05,1.1e-08,7817823.0,0.8601,0x05...7066,https://bscscan.com/tx/0xa4f83b150898896522a0fb30ab3b8090c1be9c50d0028ee20447eb8136454959
2023-03-29 14:21:42,False,3.479e-05,1.1e-08,270000.0,0.0297,0x05...7066,https://bscscan.com/tx/0xa4f83b150898896522a0fb30ab3b8090c1be9c50d0028ee20447eb8136454959
2023-03-29 14:21:15,False,3.483e-05,1.101e-08,99700000.0,10.9837,0x9b...2220,https://bscscan.com/tx/0x863e93aa979847dfe938ee11dddbd6f6369b46d7a78b192d26d9b08ee6e6210f
2023-03-29 14:21:15,False,3.487e-05,1.103e-08,70651.3,0.0077,0x9b...2220,https://bscscan.com/tx/0x863e93aa979847dfe938ee11dddbd6f6369b46d7a78b192d26d9b08ee6e6210f
2023-03-29 14:19:54,True,3.525e-05,1.108e-08,331030.0,0.0367,0xbd...ccfd,https://bscscan.com/tx/0x171ab6d65c5cdf299505391132cc2bf20f7cbdcccfde9d20719c5d0d282eb616
2023-03-29 14:17:09,False,3.491e-05,1.103e-08,22104446.0,2.43881,0x05...7066,https://bscscan.com/tx/0x210f4ad6956d6ce17767e5a563d4405415c0df3fcba72a4b0a3ecf08581d53d9
2023-03-29 14:17:09,False,3.492e-05,1.103e-08,81000.0,0.0089,0x05...7066,https://bscscan.com/tx/0x210f4ad6956d6ce17767e5a563d4405415c0df3fcba72a4b0a3ecf08581d53d9
2023-03-29 14:17:00,False,3.493e-05,1.104e-08,29910000.0,3.30211,0xc1...8b5f,https://bscscan.com/tx/0x2c7d7ec3d42bf98c92ccbb24ffc88b1ce139334aedb60e49a1be68d4e3a67adb
2023-03-29 14:17:00,False,3.494e-05,1.104e-08,67975.5,0.0075,0xc1...8b5f,https://bscscan.com/tx/0x2c7d7ec3d42bf98c92ccbb24ffc88b1ce139334aedb60e49a1be68d4e3a67adb
2023-03-29 14:16:48,False,3.496e-05,1.104e-08,25100590.0,2.77301,0x05...7066,https://bscscan.com/tx/0x5f6a07f26f2c8a8c2a66fd881e888d6965e9b6feb33408c0e0d8e94ead4ab0a7
2023-03-29 14:16:48,False,3.497e-05,1.105e-08,59995.6,0.0066,0x05...7066,https://bscscan.com/tx/0x5f6a07f26f2c8a8c2a66fd881e888d6965e9b6feb33408c0e0d8e94ead4ab0a7
2023-03-29 14:16:15,True,3.532e-05,1.11e-08,47017.5,0.0052,0x83...a1b2,https://bscscan.com/tx/0x0dbdd9ae1ef4ab12826876375b9b46849dfe57f10239e4a5251410b2b9fbc22f
2023-03-29 14:15:51,True,3.532e-05,1.11e-08,13164.2,0.0014,0x83...a1b2,https://bscscan.com/tx/0x311fe511fd434ca926c8147475d1c45fa9e89851c36549ec5434e791a3d9af6b
2023-03-29 14:15:44,True,3.533e-05,1.111e-08,1070476.0,0.1189,0x2f...f6ba,https://bscscan.com/tx/0xd01cdd03ea49024302adeccf72eaaf8a37b02d39c3fe01d8eb5a522d0cc73841
2023-03-29 14:12:26,True,3.513e-05,1.11e-08,250000.0,0.0277,0x74...2f0a,https://bscscan.com/tx/0xdd6d26da87d0209bbbbc1c936a6cb27ee9ce04f046f9e0dce22fbdb078d062e8
2023-03-29 14:09:02,False,3.519e-05,1.105e-08,1153709.0,0.1274,0xfa...d819,https://bscscan.com/tx/0x9ca13d2ad3c37dff316813b07f832bcbbc56c0e3e49629b472f2d8aa0fa97928
2023-03-29 14:09:02,False,3.519e-05,1.105e-08,5615.6,6.205e-05,0xfa...d819,https://bscscan.com/tx/0x9ca13d2ad3c37dff316813b07f832bcbbc56c0e3e49629b472f2d8aa0fa97928
2023-03-29 14:06:14,False,3.519e-05,1.105e-08,2073611.0,0.2291,0x27...40fb,https://bscscan.com/tx/0x60dfdc76c29f86481548bdb7a8a8cad86e03ca9396940aaf01aef8abcad2bf91
2023-03-29 14:06:14,False,3.519e-05,1.105e-08,8370.0,9.25e-05,0x27...40fb,https://bscscan.com/tx/0x60dfdc76c29f86481548bdb7a8a8cad86e03ca9396940aaf01aef8abcad2bf91
2023-03-29 14:05:23,False,3.521e-05,1.105e-08,2991000.0,0.3305,0xdb...ca58,https://bscscan.com/tx/0xf14a6bc8243f3076cc2b9653a0c781de7ab2b8ca9a50d08cb1b198b3073dfa77
2023-03-29 14:05:23,False,3.521e-05,1.105e-08,538.151,5.947e-06,0xdb...ca58,https://bscscan.com/tx/0xf14a6bc8243f3076cc2b9653a0c781de7ab2b8ca9a50d08cb1b198b3073dfa77
2023-03-29 14:03:40,False,3.52e-05,1.105e-08,198717.0,0.0219,0xb8...e5c3,https://bscscan.com/tx/0xdb838e86422cb7a21412f499cc742bda9eccbec723f0fcf4d6b33c3bed9cd034
2023-03-29 14:03:40,False,3.52e-05,1.105e-08,16121.6,0.0017,0xb8...e5c3,https://bscscan.com/tx/0xdb838e86422cb7a21412f499cc742bda9eccbec723f0fcf4d6b33c3bed9cd034
2023-03-29 14:02:22,True,3.52e-05,1.11e-08,2970952.0,0.33,0xfe...a5c3,https://bscscan.com/tx/0x86d55a6b57d06423e5292d47c416ed398550b59e613e45f4e9ee36b6d4576fc0
2023-03-29 14:01:26,False,3.502e-05,1.105e-08,2991000.0,0.3305,0x6c...95ad,https://bscscan.com/tx/0x75e029db01f3a1d224b19f01eb12ab3612304d3a0f1908e9687061f465cf66a7
2023-03-29 14:01:26,False,3.502e-05,1.105e-08,64318.5,0.0071,0x6c...95ad,https://bscscan.com/tx/0x75e029db01f3a1d224b19f01eb12ab3612304d3a0f1908e9687061f465cf66a7
2023-03-29 13:57:41,True,3.519e-05,1.11e-08,9003619.0,1.0,0xbf...d12b,https://bscscan.com/tx/0x3034fc619c3b89c3cdad930d5517979b06d4c6b13f349d07e379929a3c2b6497
2023-03-29 13:55:47,True,3.537e-05,1.11e-08,261135.0,0.029,0x6e...797c,https://bscscan.com/tx/0x38246baaaa29ffda795689ab1031fbd5327f396c2c4d8efbce15453598ad7290
2023-03-29 13:54:32,False,3.52e-05,1.105e-08,14513229.0,1.60398,0x4a...c6cf,https://bscscan.com/tx/0xb4f2c87fa0885f2cd59edb68e03585682fb683dfdb76ca529495735f7e63853a
2023-03-29 13:54:32,False,3.52e-05,1.105e-08,12029.5,0.0013,0x4a...c6cf,https://bscscan.com/tx/0xb4f2c87fa0885f2cd59edb68e03585682fb683dfdb76ca529495735f7e63853a
2023-03-29 13:52:50,False,3.504e-05,1.105e-08,4442016.0,0.491,0x8b...a58f,https://bscscan.com/tx/0xed3261e38599398ee01d7b8eea2251c55b21fbff379332036c35360dfe2bafe4
2023-03-29 13:52:50,False,3.504e-05,1.105e-08,23.2609,2.571e-07,0x8b...a58f,https://bscscan.com/tx/0xed3261e38599398ee01d7b8eea2251c55b21fbff379332036c35360dfe2bafe4
2023-03-29 13:51:59,False,3.504e-05,1.105e-08,8589.3,9.495e-05,0x35...aa91,https://bscscan.com/tx/0x5546b83fc47b61048363d31a52bffd950ca0635210c575fe1aaf5dc3a0ef8b17
2023-03-29 13:51:59,False,3.504e-05,1.105e-08,93.0436,1.028e-06,0x35...aa91,https://bscscan.com/tx/0x5546b83fc47b61048363d31a52bffd950ca0635210c575fe1aaf5dc3a0ef8b17
2023-03-29 13:48:02,False,3.522e-05,1.105e-08,34357.2,0.0038,0x35...aa91,https://bscscan.com/tx/0x6a1c8f3fdb6e37d9847eb66eafc87920edfb68190d2a976caa8bed6758f576d1
2023-03-29 13:48:02,False,3.522e-05,1.105e-08,7704.21,8.517e-05,0x35...aa91,https://bscscan.com/tx/0x6a1c8f3fdb6e37d9847eb66eafc87920edfb68190d2a976caa8bed6758f576d1
2023-03-29 13:47:53,False,3.522e-05,1.105e-08,2844850.0,0.3145,0x6d...9a8d,https://bscscan.com/tx/0xf6c0ecbf9e5bc44f259b29ff77108c87d2a78e506be9e0ceda7aede3b5820ce7
2023-03-29 13:47:53,False,3.522e-05,1.105e-08,52384.1,0.0057,0x6d...9a8d,https://bscscan.com/tx/0xf6c0ecbf9e5bc44f259b29ff77108c87d2a78e506be9e0ceda7aede3b5820ce7
2023-03-29 13:43:41,False,3.504e-05,1.105e-08,19343324.0,2.13907,0x2a...5404,https://bscscan.com/tx/0xd5655855c332f3637a8d59ecfafe26fd2553917b12168a8678ff3c0f192ff12d
2023-03-29 13:43:41,False,3.505e-05,1.106e-08,7492.02,8.286e-05,0x2a...5404,https://bscscan.com/tx/0xd5655855c332f3637a8d59ecfafe26fd2553917b12168a8678ff3c0f192ff12d
2023-03-29 13:41:20,False,3.505e-05,1.106e-08,2766499.0,0.306,0x7d...6239,https://bscscan.com/tx/0x954a98df0cc7f364f34f0f4df6289f51c0cbcfdf20607226601f8adc2d83df8e
2023-03-29 13:41:20,False,3.505e-05,1.106e-08,3429.16,3.793e-05,0x7d...6239,https://bscscan.com/tx/0x954a98df0cc7f364f34f0f4df6289f51c0cbcfdf20607226601f8adc2d83df8e
2023-03-29 13:40:05,False,3.505e-05,1.106e-08,1266247.0,0.14,0xdc...8fb1,https://bscscan.com/tx/0x452bb2bb1e852d8f71125346c34750c4fc486728d2b16a20a2c29b5ee471cad5
2023-03-29 13:40:05,False,3.505e-05,1.106e-08,19834.3,0.0021,0xdc...8fb1,https://bscscan.com/tx/0x452bb2bb1e852d8f71125346c34750c4fc486728d2b16a20a2c29b5ee471cad5
2023-03-29 13:39:26,True,3.522e-05,1.111e-08,5073597.0,0.564,0x30...8be9,https://bscscan.com/tx/0xc1b05bf691d2c56b6fb45d6c90cb73ffb2ef58c0813f963381cb4aad8055eacd
2023-03-29 13:39:11,False,3.522e-05,1.106e-08,520235.0,0.0575,0x20...f437,https://bscscan.com/tx/0x1bf29d33d8dabefe7e4ab4bcafacd1ca70cd8f92bbe2ba215365c55ae1f7caac
2023-03-29 13:39:11,False,3.522e-05,1.106e-08,216000.0,0.0238,0x20...f437,https://bscscan.com/tx/0x1bf29d33d8dabefe7e4ab4bcafacd1ca70cd8f92bbe2ba215365c55ae1f7caac
2023-03-29 13:39:08,False,3.525e-05,1.107e-08,79760000.0,8.83087,0x14...80be,https://bscscan.com/tx/0xb8fe2fa675a0bc41bedc50d36b995589490c9ea49db7dcec1ab1a5e93f5df14a
2023-03-29 13:39:08,False,3.529e-05,1.108e-08,220.295,2.441e-06,0x14...80be,https://bscscan.com/tx/0xb8fe2fa675a0bc41bedc50d36b995589490c9ea49db7dcec1ab1a5e93f5df14a
2023-03-29 13:38:38,False,3.529e-05,1.108e-08,81345.9,0.009,0x88...6d2c,https://bscscan.com/tx/0x08c8e064f89b99a2114f034a4c1285e3d5b50308e8c8f15e11e84af16306fae4
2023-03-29 13:38:38,False,3.529e-05,1.108e-08,464.195,5.144e-06,0x88...6d2c,https://bscscan.com/tx/0x08c8e064f89b99a2114f034a4c1285e3d5b50308e8c8f15e11e84af16306fae4
2023-03-29 13:34:47,False,3.528e-05,1.108e-08,171408.0,0.019,0xe5...63bb,https://bscscan.com/tx/0x79c336eabee96273c0575801ec51f2165e340f7ccce99fbc2fa0183309b42b41
2023-03-29 13:34:47,False,3.528e-05,1.108e-08,6593.25,7.307e-05,0xe5...63bb,https://bscscan.com/tx/0x79c336eabee96273c0575801ec51f2165e340f7ccce99fbc2fa0183309b42b41
2023-03-29 13:31:17,True,3.544e-05,1.113e-08,2240233.0,0.2495,0x2d...dac7,https://bscscan.com/tx/0x80d3affa978a0aa2dafe4fc14b4b3314d3bc5c1ecacf4593a0e14499abbf3bab
2023-03-29 13:31:08,False,3.526e-05,1.108e-08,201106.0,0.0222,0x33...3059,https://bscscan.com/tx/0x46bce0c3183983e8cc8603dc14a54a8cfc6f3f5736bfc219c61b861763b41bfc
2023-03-29 13:31:08,False,3.526e-05,1.108e-08,14940.0,0.0016,0x33...3059,https://bscscan.com/tx/0x46bce0c3183983e8cc8603dc14a54a8cfc6f3f5736bfc219c61b861763b41bfc
2023-03-29 13:30:59,False,3.526e-05,1.108e-08,5516730.0,0.6114,0x06...edbd,https://bscscan.com/tx/0x091e8cc8743531aeb7eb57d3697f8ef75377de4de6abe83e5e78a95eeda66cd1
2023-03-29 13:30:59,False,3.527e-05,1.108e-08,17550.0,0.0019,0x06...edbd,https://bscscan.com/tx/0x091e8cc8743531aeb7eb57d3697f8ef75377de4de6abe83e5e78a95eeda66cd1
2023-03-29 13:29:23,False,3.509e-05,1.108e-08,6480500.0,0.7183,0xf2...7abe,https://bscscan.com/tx/0xddf2074c5a2d81c382a1dfb5c8e45c65c56d153202f5df46a8b37422bfe9457e
2023-03-29 13:29:23,False,3.509e-05,1.108e-08,508.133,5.632e-06,0xf2...7abe,https://bscscan.com/tx/0xddf2074c5a2d81c382a1dfb5c8e45c65c56d153202f5df46a8b37422bfe9457e
2023-03-29 13:28:17,False,3.509e-05,1.108e-08,187633.0,0.0208,0x49...9849,https://bscscan.com/tx/0xe65c72fef11f93141f2aed18866b11ef0cdd5b1e8367614f265e4c5ff58f79b4
2023-03-29 13:28:17,False,3.509e-05,1.108e-08,3583.33,3.972e-05,0x49...9849,https://bscscan.com/tx/0xe65c72fef11f93141f2aed18866b11ef0cdd5b1e8367614f265e4c5ff58f79b4
2023-03-29 13:28:02,True,3.527e-05,1.114e-08,110819.0,0.0123,0x67...4bf1,https://bscscan.com/tx/0x1da30254d6a2c4a6a46e3a60681915c70ba9e52fdbd65bd49adb1db9b299207b
2023-03-29 13:23:44,True,3.524e-05,1.114e-08,126122.0,0.014,0xff...4a8d,https://bscscan.com/tx/0x88a6a6afc28bd5a8b256c39dbbcf000e4fc50d739428b25c0840318d456a7f69
2023-03-29 13:23:26,True,3.543e-05,1.114e-08,214972.0,0.0239,0x9a...ec7d,https://bscscan.com/tx/0x3cb081f6efcb139cc0fdf9cf357febca3e6874e8e56457330e044d43f1226f1f
2023-03-29 13:20:47,False,3.508e-05,1.108e-08,872620.0,0.0967,0x0d...46ec,https://bscscan.com/tx/0x71d4839e907831b0bb4dc4f46409d020f1f26057d11e3779d6b24de1e6436b92
2023-03-29 13:20:47,False,3.508e-05,1.108e-08,65548.4,0.0072,0x0d...46ec,https://bscscan.com/tx/0x71d4839e907831b0bb4dc4f46409d020f1f26057d11e3779d6b24de1e6436b92
2023-03-29 13:19:44,True,3.526e-05,1.114e-08,282281.0,0.0314,0x97...acf9,https://bscscan.com/tx/0x8fb61803c9d92151183d2a47fe2fd858ce306c36d1dc76300f17a975c0dfd228
2023-03-29 13:16:35,True,3.525e-05,1.113e-08,13465849.0,1.5,0x17...6d5b,https://bscscan.com/tx/0x37e904e7f7a2272454321e59be6b050261f39564356eba1578cc2608802a59fb
2023-03-29 13:15:32,False,3.524e-05,1.108e-08,10497453.0,1.16346,0x26...9e5c,https://bscscan.com/tx/0xa0911f34be947cf31c3b0fa37b57fc194a2fe59a2098a94538f4ffa99bce31fc
2023-03-29 13:15:32,False,3.525e-05,1.108e-08,56689.2,0.0062,0x26...9e5c,https://bscscan.com/tx/0xa0911f34be947cf31c3b0fa37b57fc194a2fe59a2098a94538f4ffa99bce31fc
2023-03-29 13:13:20,True,3.543e-05,1.113e-08,2775479.0,0.3091,0xbb...320e,https://bscscan.com/tx/0x8f46dc724c15aacd33a326b0e052c261ad526d1dd6df107723ec45d13a8cfa7b
2023-03-29 13:11:53,True,3.525e-05,1.113e-08,12790909.0,1.42463,0x5a...d6a3,https://bscscan.com/tx/0x11cf5bc1df83660512136e2858d9d0766c36dc87fde84355b03ca67a79ad5d6f
2023-03-29 13:10:26,False,3.507e-05,1.108e-08,5413325.0,0.5998,0x13...7d41,https://bscscan.com/tx/0x3bb7f7b5eee296964f9698d1870adf17e0f6d7a759257e71b6f9f083629298e7
2023-03-29 13:10:26,False,3.507e-05,1.108e-08,106.313,1.178e-06,0x13...7d41,https://bscscan.com/tx/0x3bb7f7b5eee296964f9698d1870adf17e0f6d7a759257e71b6f9f083629298e7
2023-03-29 13:10:14,False,3.507e-05,1.108e-08,39257.0,0.0043,0x70...a037,https://bscscan.com/tx/0x5bdc43bd8720fbb6f5e440bffa899dd8e36508bfb4398416e45801fc2197389e
2023-03-29 13:10:14,False,3.507e-05,1.108e-08,36402.4,0.004,0x70...a037,https://bscscan.com/tx/0x5bdc43bd8720fbb6f5e440bffa899dd8e36508bfb4398416e45801fc2197389e
2023-03-29 13:09:59,False,3.508e-05,1.108e-08,13441935.0,1.48987,0x01...3da0,https://bscscan.com/tx/0x51530b13b00c07a1b750180e519e00dc0f8113c43518e34d38d43e1281a3db26
2023-03-29 13:09:59,False,3.508e-05,1.108e-08,92727.4,0.0102,0x01...3da0,https://bscscan.com/tx/0x51530b13b00c07a1b750180e519e00dc0f8113c43518e34d38d43e1281a3db26
2023-03-29 13:08:50,True,3.526e-05,1.114e-08,1436128.0,0.16,0x67...ff0e,https://bscscan.com/tx/0xfa1f0e36583c635b8915c3cd94f6ca8884c93aed1065c61addfbe81e9d0d121f
2023-03-29 13:08:02,False,3.531e-05,1.108e-08,32808626.0,3.63838,0xdb...5205,https://bscscan.com/tx/0x0a57cc39fc4fa0dbcf4dc22f0113ffe9c2925e981f328b09afdbbca4215a7cd3
2023-03-29 13:08:02,False,3.533e-05,1.109e-08,106.313,1.179e-06,0xdb...5205,https://bscscan.com/tx/0x0a57cc39fc4fa0dbcf4dc22f0113ffe9c2925e981f328b09afdbbca4215a7cd3
2023-03-29 13:04:41,False,3.533e-05,1.109e-08,39257.0,0.0043,0x70...a037,https://bscscan.com/tx/0x27b76da836535e4f4d7497a92e7512e64cf620e3f5ea92dffd0372012f867b3c
2023-03-29 13:04:41,False,3.533e-05,1.109e-08,45547.2,0.005,0x70...a037,https://bscscan.com/tx/0x27b76da836535e4f4d7497a92e7512e64cf620e3f5ea92dffd0372012f867b3c
2023-03-29 13:00:37,True,3.534e-05,1.114e-08,48969.0,0.0054,0x95...8aa6,https://bscscan.com/tx/0x54f28a3ff191e899bdf549068b890b5299072e24826d88c1149bad850cc2ca5f
2023-03-29 13:00:14,True,3.552e-05,1.114e-08,792949.0,0.0884,0xe2...dcfc,https://bscscan.com/tx/0xb4c9bc1ca7334dd46a99dcf7f9706cb8fba0e742677ba2fe31d32e4300b8458a
2023-03-29 12:58:45,True,3.552e-05,1.114e-08,143503.0,0.016,0x0e...e77b,https://bscscan.com/tx/0xbf48a19a716d8add91322733b34072ab12505c77156ef328521540f6aaef3820
2023-03-29 12:58:12,False,3.535e-05,1.109e-08,15836264.0,1.7572,0x05...7066,https://bscscan.com/tx/0xdc2ce910deb2b29df47b59d02078e54985fbf351cc211e13bb6727ba76e56b5f
2023-03-29 12:58:12,False,3.536e-05,1.109e-08,1555.54,1.726e-05,0x05...7066,https://bscscan.com/tx/0xdc2ce910deb2b29df47b59d02078e54985fbf351cc211e13bb6727ba76e56b5f
2023-03-29 12:57:24,True,3.535e-05,1.115e-08,356785.0,0.0398,0x98...304f,https://bscscan.com/tx/0x9b467ea3e83ad39a2376e2647016a2ab341141bafce9c6f963379f99ba714458
2023-03-29 12:56:45,False,3.535e-05,1.109e-08,218682.0,0.0242,0x4a...bb28,https://bscscan.com/tx/0x8646002c1875a21580860a7fa6782ef53442d17e9958c2a53efc23531cdc47f5
2023-03-29 12:56:45,False,3.536e-05,1.109e-08,22723.9,0.0025,0x4a...bb28,https://bscscan.com/tx/0x8646002c1875a21580860a7fa6782ef53442d17e9958c2a53efc23531cdc47f5
2023-03-29 12:52:09,False,3.534e-05,1.109e-08,3265585.0,0.3624,0x4e...57f8,https://bscscan.com/tx/0x9e0592dc5de71dd484d1c5d2cc878510a59ae959d530d9e9848be0a94efe1d12
2023-03-29 12:52:09,False,3.534e-05,1.109e-08,19202.2,0.0021,0x4e...57f8,https://bscscan.com/tx/0x9e0592dc5de71dd484d1c5d2cc878510a59ae959d530d9e9848be0a94efe1d12
2023-03-29 12:51:00,False,3.534e-05,1.11e-08,7090575.0,0.787,0x85...c25b,https://bscscan.com/tx/0x7aac428b6724f13579ed0a0fd35a44971893503db200ade13a9f04251f5ae6b6
2023-03-29 12:51:00,False,3.534e-05,1.11e-08,633450.0,0.0703,0x85...c25b,https://bscscan.com/tx/0x7aac428b6724f13579ed0a0fd35a44971893503db200ade13a9f04251f5ae6b6
2023-03-29 12:48:27,True,3.532e-05,1.115e-08,42481726.0,4.73717,0x28...4040,https://bscscan.com/tx/0xbcad9049a26a91e4d25c0804e6c4237a01dcfd3e9e468b51314660c98349411b
2023-03-29 12:47:42,False,3.513e-05,1.108e-08,936353.0,0.1038,0xa8...1ed4,https://bscscan.com/tx/0x5469f7fc5df0d3095a1ddb4a18ce96d84d16dc822cf14780305899cfbc1d71fc
2023-03-29 12:47:42,False,3.513e-05,1.108e-08,18141.3,0.002,0xa8...1ed4,https://bscscan.com/tx/0x5469f7fc5df0d3095a1ddb4a18ce96d84d16dc822cf14780305899cfbc1d71fc
2023-03-29 12:47:21,False,3.531e-05,1.109e-08,6698843.0,0.7429,0xaa...0342,https://bscscan.com/tx/0x1b3016c32342fc9ff00bc27ed882875d461a44f80d30340e75b78c9cc09c58da
2023-03-29 12:47:21,False,3.531e-05,1.109e-08,1515.65,1.681e-05,0xaa...0342,https://bscscan.com/tx/0x1b3016c32342fc9ff00bc27ed882875d461a44f80d30340e75b78c9cc09c58da
2023-03-29 12:45:39,False,3.531e-05,1.109e-08,559667.0,0.062,0xfe...7193,https://bscscan.com/tx/0x3ae116169dd7bb376b0d31eeb1f5d221a28228bf27e836b0f6dc6ce385734fbd
2023-03-29 12:45:39,False,3.531e-05,1.109e-08,78269.3,0.0086,0xfe...7193,https://bscscan.com/tx/0x3ae116169dd7bb376b0d31eeb1f5d221a28228bf27e836b0f6dc6ce385734fbd
2023-03-29 12:42:51,True,3.549e-05,1.114e-08,8074346.0,0.9,0x17...6d5b,https://bscscan.com/tx/0x752a59870287df00363fbe906c5046e1705cf2d9e3a564f1dc45dd65fcce63e0
2023-03-29 12:42:48,True,3.548e-05,1.114e-08,19914279.0,2.21896,0x97...16a4,https://bscscan.com/tx/0x22caae61ce114f9fb10b5368db3122ecdebfe2de4493e51c2678463910ed2dd4
2023-03-29 12:39:48,False,3.528e-05,1.108e-08,997008.0,0.1105,0x05...9852,https://bscscan.com/tx/0x10b44ecf4f7b00a179e0a262a4a44b6d2038606f1c10fd9dae9d0857b99f33a4
2023-03-29 12:39:48,False,3.528e-05,1.108e-08,57896.2,0.0064,0x05...9852,https://bscscan.com/tx/0x10b44ecf4f7b00a179e0a262a4a44b6d2038606f1c10fd9dae9d0857b99f33a4
2023-03-29 12:38:48,True,3.529e-05,1.113e-08,1656733.0,0.1845,0xbc...8bf9,https://bscscan.com/tx/0x0947eaab7ee44f19d1cd3e774310502445b3f29ad8e25b1223cc901c872fe8d2
2023-03-29 12:38:12,True,3.528e-05,1.113e-08,17081863.0,1.90247,0xdc...7b47,https://bscscan.com/tx/0xa110c7d2d6c90a596d683a0cc08ed04d18c0c27605644fbcb507e223ea4eb50e
2023-03-29 12:35:21,False,3.53e-05,1.107e-08,2696332.0,0.2987,0x57...cbeb,https://bscscan.com/tx/0xa3c44ba903ec594b91774029cfc7894cadec464cba5bd3db654694693cd3c8b8
2023-03-29 12:35:21,False,3.53e-05,1.108e-08,4060.92,4.499e-05,0x57...cbeb,https://bscscan.com/tx/0xa3c44ba903ec594b91774029cfc7894cadec464cba5bd3db654694693cd3c8b8
2023-03-29 12:34:03,False,3.528e-05,1.108e-08,1499533.0,0.1661,0x33...a5aa,https://bscscan.com/tx/0xf8806eb8f9636ac9d314cd34b9baf3cd07800e7b02f74d0ff6e4dd0cb4bab8e9
2023-03-29 12:34:03,False,3.528e-05,1.108e-08,2901.61,3.215e-05,0x33...a5aa,https://bscscan.com/tx/0xf8806eb8f9636ac9d314cd34b9baf3cd07800e7b02f74d0ff6e4dd0cb4bab8e9
2023-03-29 12:32:54,False,3.511e-05,1.108e-08,1071448.0,0.1187,0x77...37dc,https://bscscan.com/tx/0x3645ab0fe3fa82e004c77baf9e43d0baa00ef449067112d97e43ea1312c02870
2023-03-29 12:32:54,False,3.511e-05,1.108e-08,28291.5,0.0031,0x77...37dc,https://bscscan.com/tx/0x3645ab0fe3fa82e004c77baf9e43d0baa00ef449067112d97e43ea1312c02870
2023-03-29 12:29:51,True,3.546e-05,1.113e-08,76090.9,0.0084,0x01...1a6b,https://bscscan.com/tx/0x3adb374e8d80054d1eba2101157522117e5f0d6331785d86cd8a8c1c228db8a9
2023-03-29 12:29:26,False,3.529e-05,1.108e-08,10371033.0,1.14934,0xfd...78b6,https://bscscan.com/tx/0x9fdd5577072609890e0e0921712efa0fb55287080b7258c1f5d0911a8cc15347
2023-03-29 12:29:26,False,3.529e-05,1.108e-08,7039.39,7.802e-05,0xfd...78b6,https://bscscan.com/tx/0x9fdd5577072609890e0e0921712efa0fb55287080b7258c1f5d0911a8cc15347
2023-03-29 12:26:35,False,3.514e-05,1.108e-08,2599358.0,0.2881,0x06...edbd,https://bscscan.com/tx/0x77dd8d60532ff2c3bbc089328cb9011f43fb60a319fe0af247a5896dc2f5082e
2023-03-29 12:26:35,False,3.514e-05,1.108e-08,829.909,9.199e-06,0x06...edbd,https://bscscan.com/tx/0x77dd8d60532ff2c3bbc089328cb9011f43fb60a319fe0af247a5896dc2f5082e
2023-03-29 12:24:26,False,3.514e-05,1.108e-08,235598.0,0.0261,0xf7...42a3,https://bscscan.com/tx/0x66d26695ae36fc150b8320a3d6bff663f2b6d7b685bb9cc989a709ab23b4ed92
2023-03-29 12:24:26,False,3.514e-05,1.108e-08,42236.0,0.0046,0xf7...42a3,https://bscscan.com/tx/0x66d26695ae36fc150b8320a3d6bff663f2b6d7b685bb9cc989a709ab23b4ed92
2023-03-29 12:24:23,True,3.532e-05,1.113e-08,6041073.0,0.6729,0xe4...f8a0,https://bscscan.com/tx/0x6c82bfe868dd5a35a0fcd05ca445534948ae97057539aa70bc434d6aa884e0c6
2023-03-29 12:22:08,True,3.549e-05,1.113e-08,2507003.0,0.2792,0xe2...8b2d,https://bscscan.com/tx/0x0014cffac4aab66d7914efc097b159a116ed5ed056b1ab3884c1a22e86a13e0d
2023-03-29 12:21:59,True,3.531e-05,1.113e-08,4489496.0,0.5,0x93...7a96,https://bscscan.com/tx/0xb0529ef33df2c9f373a71ab63553b1bf87d6547506922246aa3381ecdc2ed0bc
2023-03-29 12:21:47,True,3.548e-05,1.113e-08,542140.0,0.0603,0x72...0d61,https://bscscan.com/tx/0x1deaa3ef74cde904b34e42b140a4847ddeea1a4b4bd303faaf2e36669eeb7d5b
2023-03-29 12:21:23,False,3.531e-05,1.108e-08,2057072.0,0.2279,0xe2...8b2d,https://bscscan.com/tx/0x509af17dc71c29d7de7b6fc2a2842b69447e3ab9ff79b01fc431ddd048f68294
2023-03-29 12:21:23,False,3.531e-05,1.108e-08,12221.3,0.0013,0xe2...8b2d,https://bscscan.com/tx/0x509af17dc71c29d7de7b6fc2a2842b69447e3ab9ff79b01fc431ddd048f68294
2023-03-29 12:19:44,False,3.513e-05,1.108e-08,4440443.0,0.492,0x88...ce03,https://bscscan.com/tx/0x9c94e1f3c5900da7f1aba66c74c608c6b1147c2c4d77eea7ac1b9a9e67729040
2023-03-29 12:19:44,False,3.514e-05,1.108e-08,62006.0,0.0068,0x88...ce03,https://bscscan.com/tx/0x9c94e1f3c5900da7f1aba66c74c608c6b1147c2c4d77eea7ac1b9a9e67729040
2023-03-29 12:18:02,False,3.533e-05,1.108e-08,22896293.0,2.5382,0x05...7066,https://bscscan.com/tx/0x3ab035eb4a5d6360d8cc2a6a8f6b1f49fde3685c1bb480e0a61eb0252d2247d9
2023-03-29 12:18:02,False,3.534e-05,1.108e-08,16424.6,0.0018,0x05...7066,https://bscscan.com/tx/0x3ab035eb4a5d6360d8cc2a6a8f6b1f49fde3685c1bb480e0a61eb0252d2247d9
2023-03-29 12:17:53,False,3.533e-05,1.108e-08,6064944.0,0.6725,0x05...7066,https://bscscan.com/tx/0x3b66c21dd611cfb72e7f86efb5f09f2bb8cd7668a04ec81504484fe82a0b9c58
2023-03-29 12:17:53,False,3.534e-05,1.109e-08,128794.0,0.0142,0x05...7066,https://bscscan.com/tx/0x3b66c21dd611cfb72e7f86efb5f09f2bb8cd7668a04ec81504484fe82a0b9c58
2023-03-29 12:17:50,False,3.536e-05,1.109e-08,47558517.0,5.27752,0x91...f573,https://bscscan.com/tx/0x2669759a8c2617aa17131beecee35c745a6adcd4375fa0024878364baf6b2cb8
2023-03-29 12:17:50,False,3.538e-05,1.11e-08,24300.0,0.0027,0x91...f573,https://bscscan.com/tx/0x2669759a8c2617aa17131beecee35c745a6adcd4375fa0024878364baf6b2cb8
2023-03-29 12:17:17,False,3.538e-05,1.11e-08,8973000.0,0.9964,0xd9...4bbe,https://bscscan.com/tx/0x574a74dee59cf92bde030c51212b12d4ee8ae0b421d966d14db3adb75a5a39da
2023-03-29 12:17:17,False,3.538e-05,1.11e-08,80973.0,0.0089,0xd9...4bbe,https://bscscan.com/tx/0x574a74dee59cf92bde030c51212b12d4ee8ae0b421d966d14db3adb75a5a39da
2023-03-29 12:16:35,False,3.539e-05,1.11e-08,29900029.0,3.32187,0x20...946b,https://bscscan.com/tx/0xfb190f71b63f66db7a2d0f8eb785b6b2db90d8bda34b4c5fb63df18e4a99f26a
2023-03-29 12:16:35,False,3.54e-05,1.111e-08,358.883,3.988e-06,0x20...946b,https://bscscan.com/tx/0xfb190f71b63f66db7a2d0f8eb785b6b2db90d8bda34b4c5fb63df18e4a99f26a
2023-03-29 12:15:02,False,3.54e-05,1.111e-08,132521.0,0.0147,0x43...9e63,https://bscscan.com/tx/0xa1074dde5cf05746aa1dc6cf5e357e294068a7c8bc050f7f13e5a7bbcaa8b551
2023-03-29 12:15:02,False,3.54e-05,1.111e-08,83964.6,0.0093,0x43...9e63,https://bscscan.com/tx/0xa1074dde5cf05746aa1dc6cf5e357e294068a7c8bc050f7f13e5a7bbcaa8b551
2023-03-29 12:12:23,True,3.559e-05,1.116e-08,410038.0,0.0458,0xb8...f652,https://bscscan.com/tx/0x257b32d33a83ce049d4017c6c73e8b3cd48f2d095456f2d6198499933a4fb484
2023-03-29 12:11:11,True,3.541e-05,1.116e-08,500000.0,0.0558,0x94...82e6,https://bscscan.com/tx/0xd72eac2719696204c371303b08af3783c3656510a50643a44f37948974798214
2023-03-29 12:06:05,True,3.559e-05,1.116e-08,197949.0,0.0221,0xe6...a27d,https://bscscan.com/tx/0x4ae32e50c2ee38d4fd919f674a08f6ac5ea4c772d6fdfc305c0466d22f46b122
2023-03-29 12:05:20,False,3.542e-05,1.111e-08,29900029.0,3.32424,0x20...946b,https://bscscan.com/tx/0x8ce99b4167178faa633b1caae9d3653365a43ef181ccafb1773856b08b5a81e2
2023-03-29 12:05:20,False,3.543e-05,1.112e-08,15254.9,0.0017,0x20...946b,https://bscscan.com/tx/0x8ce99b4167178faa633b1caae9d3653365a43ef181ccafb1773856b08b5a81e2
2023-03-29 12:04:23,False,3.525e-05,1.112e-08,5633017.0,0.6265,0x3a...c7f1,https://bscscan.com/tx/0x46e48b45e4b1940760977e4e6522992fc1ee8de7db0b2fe6278e830ae8c2bcb1
2023-03-29 12:04:02,False,3.543e-05,1.112e-08,5279520.0,0.5873,0xdc...c6dd,https://bscscan.com/tx/0xcee343bd9e895d3f3a5b877808653006389563dcbf118406b7992a6afa013941
2023-03-29 12:04:02,False,3.544e-05,1.112e-08,40143.9,0.0044,0xdc...c6dd,https://bscscan.com/tx/0xcee343bd9e895d3f3a5b877808653006389563dcbf118406b7992a6afa013941
