datetime,buy_order,price_USD,price_native,amount_token,total_native,maker,etherscan_url
2023-04-01 20:21:50,True,3.293e-05,1.045e-08,322936.0,0.0337,0xb7...74dc,https://bscscan.com/tx/0x3c3c639cdca5b3cd44e7fe3692f2256f2a43bd066d099e037f8cdeb642bb668f
2023-04-01 20:20:41,True,3.276e-05,1.045e-08,9133369.0,0.955,0xdb...5205,https://bscscan.com/tx/0x9483d3d760db234f3c83afefc1ea9b58b6f3655fc93295c3d56ac06a95bbc0c2
2023-04-01 20:20:07,False,3.276e-05,1.04e-08,4985000.0,0.5186,0xcc...3145,https://bscscan.com/tx/0x808600bcfe4a80bb3d311ceac748b7db813a7a08c91123cec00453de38479736
2023-04-01 20:20:07,False,3.276e-05,1.04e-08,13500.0,0.0014,0xcc...3145,https://bscscan.com/tx/0x808600bcfe4a80bb3d311ceac748b7db813a7a08c91123cec00453de38479736
2023-04-01 20:18:11,False,3.276e-05,1.04e-08,4985000.0,0.5186,0xa9...c040,https://bscscan.com/tx/0xb6292ac36bab6b2733568164b1c74a342a82abb7a8564c31899b1ecd3abd29fb
2023-04-01 20:18:11,False,3.276e-05,1.04e-08,21786.8,0.0022,0xa9...c040,https://bscscan.com/tx/0xb6292ac36bab6b2733568164b1c74a342a82abb7a8564c31899b1ecd3abd29fb
2023-04-01 20:16:25,True,3.276e-05,1.045e-08,860634.0,0.09,0xf6...9343,https://bscscan.com/tx/0xb03c9cad40ee555c94617cf441e9961c818d1f71eef8452b119d2d9af08b255e
2023-04-01 20:15:54,True,3.276e-05,1.045e-08,1567984.0,0.1639,0xf3...c3da,https://bscscan.com/tx/0x71edbf3a0603bc5c8da38e2f932407f5f677d97d96c9f2e0a86dfbb9de2c7bf6
2023-04-01 20:11:17,True,3.292e-05,1.045e-08,1086658.0,0.1136,0x1c...ee15,https://bscscan.com/tx/0xa90c2f5b1c26683cd097cd44107bee9e5eec14b42a5e7c5ff302a5771212f4b2
2023-04-01 20:11:05,True,3.292e-05,1.045e-08,1083708.0,0.1133,0x1c...ee15,https://bscscan.com/tx/0x9cb029bd61cb5fe3c56c1f8af0595d10acc94694cc381ffc5b8be8bb81ac5373
2023-04-01 20:10:47,True,3.292e-05,1.045e-08,1086726.0,0.1136,0x1c...ee15,https://bscscan.com/tx/0x3bf0d3af5be164d776198908871cbd1b9393e4d859aaedfc8a2df2c1bd20c6e5
2023-04-01 20:10:41,False,3.276e-05,1.04e-08,2376334.0,0.2472,0x16...c650,https://bscscan.com/tx/0x192d02a7b60ffb7c5de37fb0f45eb48ecbf7f9c50592f4c70de08c44523ee77d
2023-04-01 20:10:41,False,3.276e-05,1.04e-08,74570.5,0.0077,0x16...c650,https://bscscan.com/tx/0x192d02a7b60ffb7c5de37fb0f45eb48ecbf7f9c50592f4c70de08c44523ee77d
2023-04-01 20:10:35,True,3.292e-05,1.045e-08,1089693.0,0.1139,0x1c...ee15,https://bscscan.com/tx/0x8cf73e0eefe62adf64e7583657eebc65b1fced5badfb7323f98a4ebd4a51c2f6
2023-04-01 20:06:56,True,3.275e-05,1.045e-08,14888071.0,1.55649,0x3d...bd38,https://bscscan.com/tx/0xd91df49ebf74d90a6e02fb24cc4483204aae9dce7de95c14da73f94110700c96
2023-04-01 20:04:17,True,3.274e-05,1.045e-08,1332279.0,0.1392,0x70...f534,https://bscscan.com/tx/0x72c736dda7ad37bbe12853fe0894c7aa4608b01c411b76318e5327e4428237a7
2023-04-01 20:02:59,True,3.29e-05,1.045e-08,210479.0,0.022,0x31...d78b,https://bscscan.com/tx/0xdec8679e054cdf0d2c1d513c5df65323fb8889f4aefe9ea22b275207c3b8aa37
2023-04-01 20:02:50,False,3.274e-05,1.04e-08,8572403.0,0.8916,0xac...701b,https://bscscan.com/tx/0xc0af8c0174284de3988ff672f8cec5fd49d67674110e3898e237da364379b3a7
2023-04-01 20:02:50,False,3.275e-05,1.04e-08,32078.2,0.0033,0xac...701b,https://bscscan.com/tx/0xc0af8c0174284de3988ff672f8cec5fd49d67674110e3898e237da364379b3a7
2023-04-01 20:02:38,True,3.291e-05,1.045e-08,1160532.0,0.1213,0x4b...14f5,https://bscscan.com/tx/0xe73be12cbb6944f04b39d9c8423cbf2e2f9fc093d331acde0eb4ee357aeb70ca
2023-04-01 20:02:05,False,3.259e-05,1.04e-08,10688137.0,1.11192,0x78...70b6,https://bscscan.com/tx/0xdece6ec5c4dc5d0499a55f4e6a564a7366a569784bdcf7d77bd38601d0cdbf82
2023-04-01 20:02:05,False,3.259e-05,1.04e-08,810.0,8.427e-06,0x78...70b6,https://bscscan.com/tx/0xdece6ec5c4dc5d0499a55f4e6a564a7366a569784bdcf7d77bd38601d0cdbf82
2023-04-01 19:58:26,False,3.275e-05,1.04e-08,299100.0,0.0311,0x88...0d9e,https://bscscan.com/tx/0xbbe84db4f692bed1b94114a38faa565a4afb5aa79dddc55e60caef6e1d8d5ada
2023-04-01 19:58:26,False,3.275e-05,1.04e-08,5348.35,5.564e-05,0x88...0d9e,https://bscscan.com/tx/0xbbe84db4f692bed1b94114a38faa565a4afb5aa79dddc55e60caef6e1d8d5ada
2023-04-01 19:58:05,True,3.275e-05,1.045e-08,37757.0,0.0039,0x1b...d3a5,https://bscscan.com/tx/0x5d1b611e4b455b09b6129adb2cdd01955961476e8fdd90fcdefd8b598aa34843
2023-04-01 19:58:02,False,3.275e-05,1.04e-08,1937282.0,0.2015,0xc3...b627,https://bscscan.com/tx/0x45f92b19fdf51c4849c71aa9fe74a1c8deecb89130fae48bfbe8df4a36764d44
2023-04-01 19:58:02,False,3.275e-05,1.04e-08,47496.9,0.0049,0xc3...b627,https://bscscan.com/tx/0x45f92b19fdf51c4849c71aa9fe74a1c8deecb89130fae48bfbe8df4a36764d44
2023-04-01 19:57:08,True,3.291e-05,1.045e-08,5655527.0,0.5913,0xd1...3a65,https://bscscan.com/tx/0x85fb696714a530c73ce01da565f855bcd0cf73ce6d7390d9ef03d1631333336a
2023-04-01 19:56:59,True,3.291e-05,1.045e-08,979593.0,0.1024,0x8b...2481,https://bscscan.com/tx/0xf7b6ae1459bdabf043533bca627c6be1f7b6a114844053f846e3d12260f8e4d5
2023-04-01 19:53:00,True,3.289e-05,1.045e-08,1028141.0,0.1075,0x3e...680c,https://bscscan.com/tx/0xd1091ba37eb77ad7e0d01789c314edd351ecb994f68e21a9dbc13377f65e8b4d
2023-04-01 19:52:47,True,3.272e-05,1.045e-08,459645.0,0.048,0x5f...1775,https://bscscan.com/tx/0x8cb26fd28d544a527aace45ece1d6b95a07b4de90b22c35c79bbb01e3e58f1ca
2023-04-01 19:51:42,True,3.289e-05,1.045e-08,910474.0,0.0951,0x0e...7dbf,https://bscscan.com/tx/0x8296ee8727fe33046598552347da71dffe832ca5d28e592651db6b7b30ec5833
2023-04-01 19:51:19,True,3.288e-05,1.045e-08,1373492.0,0.1436,0x3e...680c,https://bscscan.com/tx/0x6e21caf9a13a3051782a819f1a586f99112eea1ec8c5c0bbf3317c3b9d24fac2
2023-04-01 19:47:59,True,3.275e-05,1.045e-08,3684563.0,0.3852,0x3e...680c,https://bscscan.com/tx/0x7d46b873c896ae9a384c3070badf92992fa3c6ab64e891668c25a533cbc2b59f
2023-04-01 19:46:59,False,3.275e-05,1.04e-08,3489500.0,0.3629,0xbd...9b01,https://bscscan.com/tx/0x90eed570ae0ee91ec1f0b1ca065642be196d365dccbeef3db23b8590f7ed9d3c
2023-04-01 19:46:59,False,3.275e-05,1.04e-08,2084.6,2.168e-05,0xbd...9b01,https://bscscan.com/tx/0x90eed570ae0ee91ec1f0b1ca065642be196d365dccbeef3db23b8590f7ed9d3c
2023-04-01 19:46:17,False,3.259e-05,1.04e-08,769757.0,0.08,0x2f...3d77,https://bscscan.com/tx/0xeccf898e30eb928ecd0032becc7c4e2fe0a956fa621a9c9347bc44e0a8c24112
2023-04-01 19:46:17,False,3.259e-05,1.04e-08,4576.23,4.76e-05,0x2f...3d77,https://bscscan.com/tx/0xeccf898e30eb928ecd0032becc7c4e2fe0a956fa621a9c9347bc44e0a8c24112
2023-04-01 19:44:11,False,3.275e-05,1.04e-08,1689815.0,0.1757,0x66...6c85,https://bscscan.com/tx/0x20c3cdaabb3dbbaf2c130e0604aaa77d9ce5c3e25614c31454235c6ed1ea1a57
2023-04-01 19:44:11,False,3.275e-05,1.04e-08,55007.7,0.0057,0x66...6c85,https://bscscan.com/tx/0x20c3cdaabb3dbbaf2c130e0604aaa77d9ce5c3e25614c31454235c6ed1ea1a57
2023-04-01 19:43:26,True,3.292e-05,1.045e-08,139963.0,0.0146,0x44...51fe,https://bscscan.com/tx/0xd64b1abf964b900bacaff4b2ea93a0a8538e9133182d886bf50ff6a031b05d79
2023-04-01 19:39:26,False,3.275e-05,1.04e-08,9976222.0,1.03796,0x3d...4dd5,https://bscscan.com/tx/0x263319db97f70d43dbbed9cb580dc3e1e64210e2d02428984fa4a6f6eb3491b6
2023-04-01 19:39:26,False,3.275e-05,1.04e-08,122989.0,0.0128,0x3d...4dd5,https://bscscan.com/tx/0x263319db97f70d43dbbed9cb580dc3e1e64210e2d02428984fa4a6f6eb3491b6
2023-04-01 19:38:53,True,3.29e-05,1.045e-08,45000000.0,4.70352,0x33...43fa,https://bscscan.com/tx/0x08a46e81622c7fb5a8a8224a1aea80a1f0917da7ca4368bf2bf83ec92e55397e
2023-04-01 19:36:59,True,3.288e-05,1.044e-08,152236.0,0.0159,0xe2...a9ff,https://bscscan.com/tx/0x6a32c52e821b1d5ef07de66ae9385f81c31ca70bf95e3aa64945978b17191f92
2023-04-01 19:35:26,False,3.271e-05,1.039e-08,398094.0,0.0413,0x3a...0b04,https://bscscan.com/tx/0xc1373fb8666437fdd8ee10c76df4ba46570062813b9b9291d411f6aa6d862b04
2023-04-01 19:35:26,False,3.271e-05,1.039e-08,256749.0,0.0266,0x3a...0b04,https://bscscan.com/tx/0xc1373fb8666437fdd8ee10c76df4ba46570062813b9b9291d411f6aa6d862b04
2023-04-01 19:33:56,True,3.271e-05,1.044e-08,10036349.0,1.04835,0x3d...4dd5,https://bscscan.com/tx/0x422fe399832b5e22f6fe8004a895584af64aa8110e697f2a4506052e5f256b18
2023-04-01 19:33:47,True,3.271e-05,1.044e-08,2738425.0,0.286,0xc0...96dc,https://bscscan.com/tx/0xab76a5c205874dccf43e83fe90f834862b9ae7976b4dc588e6487e3ef8fbc6e2
2023-04-01 19:32:59,True,3.287e-05,1.044e-08,433524.0,0.0452,0x69...6591,https://bscscan.com/tx/0x6ce811df6834a9d56b352ddb369ea8f7490fb984a1f780500641286ca94310f9
2023-04-01 19:30:53,True,3.272e-05,1.044e-08,313065.0,0.0327,0x6c...4022,https://bscscan.com/tx/0x86e579a5501966fc4651c635c8361e9280f42bdb66294566a81662ed91772e48
2023-04-01 19:29:35,True,3.287e-05,1.044e-08,833067.0,0.087,0xcd...3371,https://bscscan.com/tx/0x8360cf79e917de6f1d490331fa773492d721a8b8c029ea8b181f95ab594b8941
2023-04-01 19:29:17,True,3.27e-05,1.044e-08,1418374.0,0.1481,0xbb...c106,https://bscscan.com/tx/0xb1355b7e7e6e517a7a89b3dcc3d23e62e27cfc387996efa8eadf0d83d9546385
2023-04-01 19:28:32,False,3.273e-05,1.04e-08,79081516.0,8.22487,0xbd...747b,https://bscscan.com/tx/0x53d358a850cc6dbd31c99ed76997761881e513ffd3e22d8d07cd3670c5eadff2
2023-04-01 19:28:32,False,3.276e-05,1.041e-08,65571.7,0.0068,0xbd...747b,https://bscscan.com/tx/0x53d358a850cc6dbd31c99ed76997761881e513ffd3e22d8d07cd3670c5eadff2
2023-04-01 19:28:23,True,3.276e-05,1.046e-08,1518377.0,0.1588,0xe8...f949,https://bscscan.com/tx/0xdcc4246f0fe31ae7e04768b486a751fa37e4226eb497122f9e82c4720fe0a8be
2023-04-01 19:27:23,False,3.278e-05,1.041e-08,10220496.0,1.06407,0x05...7066,https://bscscan.com/tx/0x668cfe254aabc469cbbb9a966f2e1a19171bcc99b4022176f0251ee121a7cbb7
2023-04-01 19:27:23,False,3.278e-05,1.041e-08,42036.2,0.0043,0x05...7066,https://bscscan.com/tx/0x668cfe254aabc469cbbb9a966f2e1a19171bcc99b4022176f0251ee121a7cbb7
2023-04-01 19:26:23,False,3.276e-05,1.041e-08,15522265.0,1.61654,0x05...7066,https://bscscan.com/tx/0x5222ecaab751f302fb2ae519d861708d356666652323d05b26f97ba55819ae7e
2023-04-01 19:26:23,False,3.277e-05,1.041e-08,270000.0,0.0281,0x05...7066,https://bscscan.com/tx/0x5222ecaab751f302fb2ae519d861708d356666652323d05b26f97ba55819ae7e
2023-04-01 19:26:20,False,3.281e-05,1.042e-08,99700000.0,10.3974,0x9b...2220,https://bscscan.com/tx/0x08a6f2e53eff7a227677d150d7bd33a0cc8b7dbb1d08afdf8b40d28c1fe108cb
2023-04-01 19:26:20,False,3.285e-05,1.044e-08,13900.3,0.0014,0x9b...2220,https://bscscan.com/tx/0x08a6f2e53eff7a227677d150d7bd33a0cc8b7dbb1d08afdf8b40d28c1fe108cb
2023-04-01 19:26:17,False,3.285e-05,1.044e-08,5132803.0,0.5359,0x6b...9f5d,https://bscscan.com/tx/0x79e47b7c33e9748ed3a8a9ef66f5e7de0eaca8447e12da1fc17107cc048c5026
2023-04-01 19:26:17,False,3.285e-05,1.044e-08,80973.0,0.0084,0x6b...9f5d,https://bscscan.com/tx/0x79e47b7c33e9748ed3a8a9ef66f5e7de0eaca8447e12da1fc17107cc048c5026
2023-04-01 19:26:17,False,3.286e-05,1.044e-08,29900029.0,3.12338,0x20...946b,https://bscscan.com/tx/0x7cee7ac5c57dae6ab620d3d54d1b09f8af776c8d4a41dc0210d9dcc3a1657335
2023-04-01 19:26:17,False,3.287e-05,1.044e-08,13877.5,0.0014,0x20...946b,https://bscscan.com/tx/0x7cee7ac5c57dae6ab620d3d54d1b09f8af776c8d4a41dc0210d9dcc3a1657335
2023-04-01 19:26:14,False,3.288e-05,1.045e-08,5124377.0,0.5355,0x6b...9f5d,https://bscscan.com/tx/0xeb4d14dd0b49773e4f09d3d5c5c4cc8865e64c6f3ff1d7141c3d8cec7433e0f4
2023-04-01 19:26:14,False,3.288e-05,1.045e-08,13729.2,0.0014,0x6b...9f5d,https://bscscan.com/tx/0xeb4d14dd0b49773e4f09d3d5c5c4cc8865e64c6f3ff1d7141c3d8cec7433e0f4
2023-04-01 19:26:14,False,3.288e-05,1.045e-08,5069619.0,0.5298,0x6b...9f5d,https://bscscan.com/tx/0x96ece6ddf400594995e3c4ee5a87976fe8cdcc6c8da9bcd279514a240ce02e4b
2023-04-01 19:26:14,False,3.288e-05,1.045e-08,13733.3,0.0014,0x6b...9f5d,https://bscscan.com/tx/0x96ece6ddf400594995e3c4ee5a87976fe8cdcc6c8da9bcd279514a240ce02e4b
2023-04-01 19:26:14,False,3.288e-05,1.045e-08,5071148.0,0.53,0x6b...9f5d,https://bscscan.com/tx/0x510d94fa9ac9d24ef9f63fbb20fa99508e1ca429d6f84032d244641a9dc587ab
2023-04-01 19:26:14,False,3.289e-05,1.045e-08,13830.4,0.0014,0x6b...9f5d,https://bscscan.com/tx/0x510d94fa9ac9d24ef9f63fbb20fa99508e1ca429d6f84032d244641a9dc587ab
2023-04-01 19:26:14,False,3.289e-05,1.045e-08,5107016.0,0.5339,0x6b...9f5d,https://bscscan.com/tx/0xf1ea558395d724023a283d42f9d82e20b6e2bed5f4c8bbceb99697aac253a322
2023-04-01 19:26:14,False,3.289e-05,1.045e-08,270000.0,0.0282,0x6b...9f5d,https://bscscan.com/tx/0xf1ea558395d724023a283d42f9d82e20b6e2bed5f4c8bbceb99697aac253a322
2023-04-01 19:26:14,False,3.293e-05,1.046e-08,99700000.0,10.436,0x9b...2220,https://bscscan.com/tx/0x5a3d3d6de347dd9cd322021054d297ce623077911273a1d8090aa043741a2718
2023-04-01 19:26:14,False,3.297e-05,1.047e-08,13888.6,0.0014,0x9b...2220,https://bscscan.com/tx/0x5a3d3d6de347dd9cd322021054d297ce623077911273a1d8090aa043741a2718
2023-04-01 19:26:11,False,3.297e-05,1.048e-08,5128492.0,0.5374,0x6b...9f5d,https://bscscan.com/tx/0x31a2e1a4b211a13535b5f196e153c21d46706c891de5c26297f3d2d0a131631e
2023-04-01 19:26:11,False,3.297e-05,1.048e-08,13651.9,0.0014,0x6b...9f5d,https://bscscan.com/tx/0x31a2e1a4b211a13535b5f196e153c21d46706c891de5c26297f3d2d0a131631e
2023-04-01 19:26:11,False,3.297e-05,1.048e-08,5041095.0,0.5283,0x6b...9f5d,https://bscscan.com/tx/0xb4333ef08618adf2a8b6c3f3a05f5fd10d7c3b3beeeeb4ba7d904d9f8f1cbc44
2023-04-01 19:26:11,False,3.298e-05,1.048e-08,143005.0,0.0149,0x6b...9f5d,https://bscscan.com/tx/0xb4333ef08618adf2a8b6c3f3a05f5fd10d7c3b3beeeeb4ba7d904d9f8f1cbc44
2023-04-01 19:26:08,True,3.314e-05,1.053e-08,3941346.0,0.4152,0x6d...97b6,https://bscscan.com/tx/0xdb470181f0a4b94d55a0655d1e500d7541e795e3e4544ed1cd091cd77df11d98
2023-04-01 19:25:35,True,3.296e-05,1.053e-08,26174872.0,2.75639,0xbc...0072,https://bscscan.com/tx/0xe4a08b18a23584eaae3b58d59b616703f124d83c8aa91c86d4fedc659aa1dccf
2023-04-01 19:23:23,True,3.312e-05,1.053e-08,7467892.0,0.7865,0xdd...330b,https://bscscan.com/tx/0x0f3e4f5ee22a50f6a5488c74be253b5e74c380326147f54b85308020830dca7f
2023-04-01 19:23:11,False,3.294e-05,1.047e-08,15334479.0,1.60627,0xe5...03be,https://bscscan.com/tx/0x4ed348bb82f941ea7c856ebb5fed80f217e3382a5a3e2cc2e8d5a80fafce01b9
2023-04-01 19:23:11,False,3.295e-05,1.047e-08,540.0,5.657e-06,0xe5...03be,https://bscscan.com/tx/0x4ed348bb82f941ea7c856ebb5fed80f217e3382a5a3e2cc2e8d5a80fafce01b9
2023-04-01 19:22:02,False,3.295e-05,1.047e-08,199400.0,0.0208,0xc7...80b8,https://bscscan.com/tx/0xa27d52eefb3a8141a6b88a981fe7e10d0ab3eed731415cffbe3e836dce388002
2023-04-01 19:22:02,False,3.295e-05,1.047e-08,21600.0,0.0022,0xc7...80b8,https://bscscan.com/tx/0xa27d52eefb3a8141a6b88a981fe7e10d0ab3eed731415cffbe3e836dce388002
2023-04-01 19:16:29,False,3.28e-05,1.047e-08,7976000.0,0.8357,0x06...4556,https://bscscan.com/tx/0xa1920309522784acce49923ad49c33cd9e7f69835a2be21aa4251babb30e2ff3
2023-04-01 19:16:29,False,3.28e-05,1.047e-08,30377.1,0.0031,0x06...4556,https://bscscan.com/tx/0xa1920309522784acce49923ad49c33cd9e7f69835a2be21aa4251babb30e2ff3
2023-04-01 19:16:02,True,3.313e-05,1.053e-08,1177446.0,0.124,0xc1...a4ff,https://bscscan.com/tx/0x42811e8da8e3ceee2a94108b1bcfd9aaef86f280d48810299b80e543aef9c2db
2023-04-01 19:12:29,True,3.296e-05,1.053e-08,459640.0,0.0484,0xba...e177,https://bscscan.com/tx/0x7478c48382a6ee7a206948e6ad1cc6ca7cbd0872741a4887972809720708e9fd
2023-04-01 19:11:38,True,3.312e-05,1.052e-08,8547064.0,0.9,0xf0...393f,https://bscscan.com/tx/0xd660956bc425ad047f26bbacff84a4af631941755a5893434f74ecb5ecd1b32e
2023-04-01 19:07:50,False,3.295e-05,1.047e-08,1063444.0,0.1114,0x8a...dc7e,https://bscscan.com/tx/0xc652ab00fb7a2d944a661671eeede825dd9e2f6f5c6a6b24ecebf46919d56097
2023-04-01 19:07:50,False,3.295e-05,1.047e-08,157414.0,0.0164,0x8a...dc7e,https://bscscan.com/tx/0xc652ab00fb7a2d944a661671eeede825dd9e2f6f5c6a6b24ecebf46919d56097
2023-04-01 19:07:23,True,3.292e-05,1.052e-08,54390946.0,5.72319,0x54...e2bc,https://bscscan.com/tx/0x819b1d4cdca1a1c80b6520fc7762ed095dec2fb676c7f08d3539b30d727db244
2023-04-01 19:06:56,True,3.307e-05,1.051e-08,207082.0,0.0217,0xf5...45b2,https://bscscan.com/tx/0x01c8d9fcf91447cb519ad09a4f0bd76d79198557a79919ae2cacd42adda021c6
2023-04-01 18:58:17,False,3.272e-05,1.046e-08,3692433.0,0.3863,0x10...65e0,https://bscscan.com/tx/0xe87d82da57b0ad2b602b9424e3e26959ffaefea4e9e9523f840a76e3f21585ab
2023-04-01 18:58:17,False,3.272e-05,1.046e-08,50383.8,0.0052,0x10...65e0,https://bscscan.com/tx/0xe87d82da57b0ad2b602b9424e3e26959ffaefea4e9e9523f840a76e3f21585ab
2023-04-01 18:57:47,True,3.309e-05,1.051e-08,1298674.0,0.1365,0x18...0005,https://bscscan.com/tx/0x12a262a6e11b979f601414a1d973744dbea5b516d8eb8f90c21716c669433282
2023-04-01 18:54:26,True,3.308e-05,1.051e-08,7531465.0,0.7919,0x55...ce90,https://bscscan.com/tx/0x1cf6c34e29ddff1d59d4b10e578452418b603f479271d1296140faabe0c3872d
2023-04-01 18:54:02,True,3.291e-05,1.051e-08,3692055.0,0.3881,0xb4...72f1,https://bscscan.com/tx/0x5caf1bebd9059f28d9a7ac4a8d197b22985e5d46b9767d404198c4de7783f297
2023-04-01 18:50:47,False,3.279e-05,1.046e-08,5805647.0,0.6073,0x4d...396b,https://bscscan.com/tx/0xd4a8e41555c3869fbfe1f53728b6ad8dc2120d6d91ec9a9200e55e1d18ed21b5
2023-04-01 18:50:47,False,3.279e-05,1.046e-08,7355.78,7.695e-05,0x4d...396b,https://bscscan.com/tx/0xd4a8e41555c3869fbfe1f53728b6ad8dc2120d6d91ec9a9200e55e1d18ed21b5
2023-04-01 18:49:20,True,3.297e-05,1.051e-08,1724363.0,0.1814,0x07...eb22,https://bscscan.com/tx/0x12a3218dfc49196155f7ae4c97f2c447acd0f723a70006be04bbf4adbcedf620
2023-04-01 18:49:17,False,3.279e-05,1.046e-08,997000.0,0.1043,0x96...2fef,https://bscscan.com/tx/0x2cf21d065a985704a9650133ee73655273e541ac79cb0e9dab99a6fa63c51a3c
2023-04-01 18:49:17,False,3.279e-05,1.046e-08,28645.2,0.003,0x96...2fef,https://bscscan.com/tx/0x2cf21d065a985704a9650133ee73655273e541ac79cb0e9dab99a6fa63c51a3c
2023-04-01 18:46:20,False,3.296e-05,1.046e-08,9566463.0,1.00096,0x29...9470,https://bscscan.com/tx/0x372eac316e12ace54e5980fd2b53263b0225899ae23c4e6e7c1275bd6b3ae86e
2023-04-01 18:46:20,False,3.297e-05,1.046e-08,5225.41,5.468e-05,0x29...9470,https://bscscan.com/tx/0x372eac316e12ace54e5980fd2b53263b0225899ae23c4e6e7c1275bd6b3ae86e
2023-04-01 18:46:08,True,3.313e-05,1.051e-08,215130.0,0.0226,0xea...aa87,https://bscscan.com/tx/0x43d6de1d86cb84acc9eea32013858ac8a8d9f1a712dac9518931b354d3f07fd8
2023-04-01 18:44:59,True,3.311e-05,1.051e-08,1535993.0,0.1615,0xda...e7aa,https://bscscan.com/tx/0x3f9a98ddb90bd4f856fde6fe644f0c288eb6fa307330ae9f4cf49e785c613bd2
2023-04-01 18:43:38,False,3.295e-05,1.046e-08,183661.0,0.0192,0xe5...264e,https://bscscan.com/tx/0xe912f3adf981228a05dc19f0addbe7eacc7089abf1d21035833523e921c2ba5d
2023-04-01 18:43:38,False,3.295e-05,1.046e-08,26016.8,0.0027,0xe5...264e,https://bscscan.com/tx/0xe912f3adf981228a05dc19f0addbe7eacc7089abf1d21035833523e921c2ba5d
2023-04-01 18:42:53,True,3.311e-05,1.051e-08,7425495.0,0.7808,0xf7...8c83,https://bscscan.com/tx/0x5030c9d58426c818d465e47c823d04218f9281a5c876c8b41a2c36c76ebc03af
2023-04-01 18:41:53,False,3.278e-05,1.046e-08,2203739.0,0.2305,0x4f...9ea4,https://bscscan.com/tx/0xcc8c01443ca8129aadde58605c4b068ff6b2ab9e63c5f5b117798b8d7cf7d59a
2023-04-01 18:41:53,False,3.278e-05,1.046e-08,14008.4,0.0014,0x4f...9ea4,https://bscscan.com/tx/0xcc8c01443ca8129aadde58605c4b068ff6b2ab9e63c5f5b117798b8d7cf7d59a
2023-04-01 18:40:41,True,3.311e-05,1.051e-08,1050000.0,0.1104,0xeb...3c39,https://bscscan.com/tx/0x84bd4e6181dc9d28cc1ff357debc9db3112746acbf31cfb2e4169498531505fd
2023-04-01 18:39:47,True,3.311e-05,1.051e-08,90712.7,0.0095,0xe6...7f30,https://bscscan.com/tx/0xe37008e071be4e0d02ad18dcefb481bdcde28c71b8e6fb1a3bf95840b9666683
2023-04-01 18:37:08,True,3.293e-05,1.051e-08,1197143.0,0.1258,0xbd...2a11,https://bscscan.com/tx/0x19b8f07fd451ae9813c21abad20565d8fdb0409e7bd2fd9f69f17101ed953178
2023-04-01 18:34:41,False,3.293e-05,1.046e-08,2841907.0,0.2973,0xb3...9036,https://bscscan.com/tx/0xbed0ad7f6c59f4d761785e53eb3a4c0775d9887b0dd07b9c2c04165dd23e668b
2023-04-01 18:34:41,False,3.293e-05,1.046e-08,6514.91,6.816e-05,0xb3...9036,https://bscscan.com/tx/0xbed0ad7f6c59f4d761785e53eb3a4c0775d9887b0dd07b9c2c04165dd23e668b
2023-04-01 18:34:41,True,3.31e-05,1.051e-08,1902025.0,0.2,0x1f...d1e4,https://bscscan.com/tx/0xcf743453cf57a8d271f695427ec1809c5b1faceba912c2c8cc4d168cbf1d892c
2023-04-01 18:33:44,True,3.31e-05,1.052e-08,37689.6,0.0039,0xe1...6390,https://bscscan.com/tx/0xe211480fb8b085e45145b728dbc2282bcb357a62b629eba6641a4041afbf45af
2023-04-01 18:33:29,True,3.291e-05,1.051e-08,190207.0,0.02,0x91...a539,https://bscscan.com/tx/0xc3ce44d9fba1189ba48e2df568f8898c1b8995927f0a4c140e979aede42bde67
2023-04-01 18:32:29,False,3.29e-05,1.046e-08,282159.0,0.0295,0x2b...6e64,https://bscscan.com/tx/0xac6b76e4d4c63d4f70ed7a3d861da4229b02099a729a6a756d38d57bd9b02234
2023-04-01 18:32:29,False,3.29e-05,1.046e-08,2686.43,2.81e-05,0x2b...6e64,https://bscscan.com/tx/0xac6b76e4d4c63d4f70ed7a3d861da4229b02099a729a6a756d38d57bd9b02234
2023-04-01 18:29:53,False,3.273e-05,1.046e-08,991988.0,0.1037,0xb8...b7ba,https://bscscan.com/tx/0xfd403b6122e1cae8a47fcca4deb3eeb8278f01fc20b1bb274264308a73942764
2023-04-01 18:29:53,False,3.273e-05,1.046e-08,3713.24,3.885e-05,0xb8...b7ba,https://bscscan.com/tx/0xfd403b6122e1cae8a47fcca4deb3eeb8278f01fc20b1bb274264308a73942764
2023-04-01 18:29:26,False,3.289e-05,1.046e-08,1371147.0,0.1434,0xfc...ab11,https://bscscan.com/tx/0xe35a963c85c96b6236f15296973b4d97c93dfa85a53d691040cfc72b8c59c632
2023-04-01 18:29:26,False,3.289e-05,1.046e-08,13976.3,0.0014,0xfc...ab11,https://bscscan.com/tx/0xe35a963c85c96b6236f15296973b4d97c93dfa85a53d691040cfc72b8c59c632
2023-04-01 18:28:11,True,3.308e-05,1.052e-08,9421.85,9.912e-05,0x6c...4022,https://bscscan.com/tx/0x6ef95cb1fd2ccef018c99fba9ae132d9b82cb108ec7c15b0a4c83add228e0834
2023-04-01 18:25:26,False,3.29e-05,1.046e-08,5151490.0,0.539,0x6e...cba2,https://bscscan.com/tx/0xf60b5d53a93295c9da1bcb6d49994ea155d77fa425cd7c44bb890b1c88e568e7
2023-04-01 18:25:26,False,3.29e-05,1.046e-08,7446.84,7.792e-05,0x6e...cba2,https://bscscan.com/tx/0xf60b5d53a93295c9da1bcb6d49994ea155d77fa425cd7c44bb890b1c88e568e7
2023-04-01 18:21:41,False,3.291e-05,1.046e-08,1552278.0,0.1624,0xd8...e3db,https://bscscan.com/tx/0x40fe3c54c5f2b81c7f7dddc54ea139b21c81111a582ec35795f25e2d81988c26
2023-04-01 18:21:41,False,3.291e-05,1.046e-08,1250298.0,0.1308,0xd8...e3db,https://bscscan.com/tx/0x40fe3c54c5f2b81c7f7dddc54ea139b21c81111a582ec35795f25e2d81988c26
2023-04-01 18:16:29,True,3.307e-05,1.051e-08,5032157.0,0.5292,0x6b...9f5d,https://bscscan.com/tx/0xd1813b040e7bd012d2905e2cb588895c09b279b9ef0c6e77e80d3d059b22f416
2023-04-01 18:16:29,True,3.307e-05,1.051e-08,5083944.0,0.5346,0x6b...9f5d,https://bscscan.com/tx/0xe9e3f21ec73a01dd649f622452f94e9a6229725bbe403d2eb9dd32048a0f3cd0
2023-04-01 18:15:59,True,3.306e-05,1.051e-08,2096578.0,0.2204,0x57...2c8c,https://bscscan.com/tx/0xbc8966b976b430cedc1be7a63db28e229d78d2b028b201f1cfd2b9e01b9bf2dd
2023-04-01 18:15:29,True,3.29e-05,1.051e-08,2917002.0,0.3066,0xa8...9ce9,https://bscscan.com/tx/0xc01f752204944d8156200ba2762abdf8602f8832e3f359772dcec39b9fb1a33d
2023-04-01 18:15:17,True,3.306e-05,1.051e-08,5195214.0,0.5461,0x6b...9f5d,https://bscscan.com/tx/0x47d5e18fd891c071238cd67805111247c5e7d07933bbc941f8f6cc1663156463
2023-04-01 18:15:17,True,3.306e-05,1.051e-08,5095205.0,0.5355,0x6b...9f5d,https://bscscan.com/tx/0x83d82559a2772997a87f2cdd2569f3b0183f154be5ac34b7c4ee8525526cf6e0
2023-04-01 18:15:11,True,3.305e-05,1.051e-08,5176451.0,0.544,0x6b...9f5d,https://bscscan.com/tx/0x493bf39c11d72930d829b4a44f65a791f92c6e24006a03f42f0c380e6d239e2f
2023-04-01 18:15:08,True,3.305e-05,1.05e-08,5057424.0,0.5314,0x6b...9f5d,https://bscscan.com/tx/0xe76c4e043b3bd0a16ce037f82e7d39a40debd4dcecce6eb9a4654cef5acd1ce3
2023-04-01 18:15:02,True,3.304e-05,1.05e-08,5050183.0,0.5306,0x6b...9f5d,https://bscscan.com/tx/0xad71ed015254f8f1e67c596a26deae9a7546fdca7eb9508f0dfcf44de5c46bcb
2023-04-01 18:14:59,True,3.303e-05,1.05e-08,5012367.0,0.5266,0x6b...9f5d,https://bscscan.com/tx/0x5e3b00778839354f37de079625ceb460aa4a805a46d87780608136c7ecf6b7f0
2023-04-01 18:14:59,True,3.299e-05,1.049e-08,100300903.0,10.525,0x9b...2220,https://bscscan.com/tx/0xcd930f2b695eb91121ccd6175c20e8e2b0dde5cdc9ab385a320002603b2ed153
2023-04-01 18:14:56,True,3.295e-05,1.048e-08,5074278.0,0.5318,0x6b...9f5d,https://bscscan.com/tx/0x0952f7f9a563858e7d22ca65eb63906e226ede9d60eee978af2e126704f1efc9
2023-04-01 18:14:56,True,3.294e-05,1.047e-08,19653191.0,2.0591,0xcc...0331,https://bscscan.com/tx/0x7da1b819d490b86fd254df6848b96516c0dab291701ab25a331ac12496e66e1b
2023-04-01 18:14:53,True,3.293e-05,1.047e-08,11404505.0,1.19443,0x24...8a94,https://bscscan.com/tx/0x03d02c9751e31026eac43cf61a3d893419407d3b0e0aff55a5d1bd5b87196685
2023-04-01 18:14:53,True,3.292e-05,1.047e-08,12303804.0,1.28825,0x00...084d,https://bscscan.com/tx/0xd1a7226ca24ca55c19952f42bf87dc39d90ae5e707f16cad9bf2d2565fe466aa
2023-04-01 18:14:53,True,3.291e-05,1.046e-08,10425234.0,1.09127,0x9c...0a08,https://bscscan.com/tx/0xf7f1fd5c72b3961826fae1edd6910d9c671225f0cbd05635ed46227627eb6d9e
2023-04-01 18:14:53,False,3.285e-05,1.044e-08,280081135.0,29.265,0xb8...d448,https://bscscan.com/tx/0xa6b6410f43500ea3c4befe3c8f38f1f2a4da2d5132db67dcb08178824172b1ec
2023-04-01 18:14:53,False,3.296e-05,1.048e-08,45900.1,0.0048,0xb8...d448,https://bscscan.com/tx/0xa6b6410f43500ea3c4befe3c8f38f1f2a4da2d5132db67dcb08178824172b1ec
2023-04-01 18:14:41,False,3.28e-05,1.048e-08,16949032.0,1.77723,0xfc...4aaa,https://bscscan.com/tx/0xee2b3f281980576bef84a636555eccf4e5b0d73d86a8b3aab9ff5c9df4f79c86
2023-04-01 18:14:41,False,3.281e-05,1.048e-08,221493.0,0.0232,0xfc...4aaa,https://bscscan.com/tx/0xee2b3f281980576bef84a636555eccf4e5b0d73d86a8b3aab9ff5c9df4f79c86
2023-04-01 18:13:53,True,3.294e-05,1.053e-08,77034539.0,8.11237,0xcd...c3b0,https://bscscan.com/tx/0x3f8edd51e0bf9ddad061ae0671e9b824cee161038795b73ae230b4c21537e7cd
2023-04-01 18:09:57,False,3.291e-05,1.046e-08,4985000.0,0.5218,0x95...7776,https://bscscan.com/tx/0x69dc8c300795aa993c10b08901f9af4d8aac675dda90305e4ee656a1aa5afff5
2023-04-01 18:09:57,False,3.291e-05,1.046e-08,7100.3,7.433e-05,0x95...7776,https://bscscan.com/tx/0x69dc8c300795aa993c10b08901f9af4d8aac675dda90305e4ee656a1aa5afff5
2023-04-01 18:09:30,True,3.308e-05,1.052e-08,2419603.0,0.2545,0x0f...530b,https://bscscan.com/tx/0x7a6c0b2122b0b3ff6a6590c470044d30879361f3a82b32a0ea9ca50a8beb7ab7
2023-04-01 18:09:09,False,3.275e-05,1.046e-08,209508.0,0.0219,0x9d...5829,https://bscscan.com/tx/0x886451db817db49501c8bcb285b59dd0b8c9b3b36b7946063454a24af64a3311
2023-04-01 18:09:09,False,3.275e-05,1.046e-08,292916.0,0.0306,0x9d...5829,https://bscscan.com/tx/0x886451db817db49501c8bcb285b59dd0b8c9b3b36b7946063454a24af64a3311
2023-04-01 18:08:15,True,3.292e-05,1.052e-08,8487507.0,0.8929,0xe2...431a,https://bscscan.com/tx/0xee13c50e764f436f8b2b4be6003433c4b8712b4d07f8d459a5d213472e3a544a
2023-04-01 18:08:15,False,3.279e-05,1.047e-08,99700000.0,10.4483,0xc1...21cb,https://bscscan.com/tx/0xf95dac72f3c572e771187dca75e55ab33d79a64bc5eb50dfbb8ee0683f96b060
2023-04-01 18:08:15,False,3.283e-05,1.049e-08,1584.27,1.662e-05,0xc1...21cb,https://bscscan.com/tx/0xf95dac72f3c572e771187dca75e55ab33d79a64bc5eb50dfbb8ee0683f96b060
2023-04-01 18:07:54,False,3.299e-05,1.049e-08,585007.0,0.0613,0x89...0341,https://bscscan.com/tx/0xbde241f9f1529e90ba51f23511e6c28949ff13ca151e0ad9f0bc89a2454558db
2023-04-01 18:07:54,False,3.299e-05,1.049e-08,34169.0,0.0035,0x89...0341,https://bscscan.com/tx/0xbde241f9f1529e90ba51f23511e6c28949ff13ca151e0ad9f0bc89a2454558db
2023-04-01 18:07:42,True,3.316e-05,1.054e-08,663829.0,0.07,0x16...0efb,https://bscscan.com/tx/0xbe0e5c28b8559f1cf01b98f059841a16aa72029dc6c20ee27e09a42f8fb4a42e
2023-04-01 18:06:57,True,3.315e-05,1.054e-08,8079733.0,0.8519,0x12...ad83,https://bscscan.com/tx/0xf29188bce633d98bde72ddb07cd9d77eafd0b8ac55565cbd10c3885d8cd4bf9a
2023-04-01 18:02:12,True,3.321e-05,1.054e-08,288768.0,0.0304,0x10...ca4b,https://bscscan.com/tx/0x9de8e64597cf6d705f27fb5a1be7617e383e7c051dc8b4362174250df2ce7c43
2023-04-01 18:01:48,True,3.321e-05,1.054e-08,676935.0,0.0713,0xb8...fa9a,https://bscscan.com/tx/0x750f26faedd68b7697e751e7a0e3364513f25a83f9fe3f71402ec755b29c544e
2023-04-01 18:00:24,True,3.306e-05,1.054e-08,260182.0,0.0274,0xe6...7f30,https://bscscan.com/tx/0x0d17fb4610f47a4b41dac2c11033586a2e803a3a60779983ba1a327b379d38c5
2023-04-01 17:55:54,False,3.289e-05,1.048e-08,1124270.0,0.1179,0x0d...9a5b,https://bscscan.com/tx/0xe8855a50d2236623bf4674157edd43b878a582be77c9544a9d95bcb6c380c88a
2023-04-01 17:55:54,False,3.289e-05,1.049e-08,11349.5,0.0011,0x0d...9a5b,https://bscscan.com/tx/0xe8855a50d2236623bf4674157edd43b878a582be77c9544a9d95bcb6c380c88a
2023-04-01 17:55:36,True,3.306e-05,1.054e-08,303528.0,0.032,0x11...ac43,https://bscscan.com/tx/0x6bbf0fd3e784621b2f3bc1ed9189be1db51e2b3f26be9175fe15208d4db56019
2023-04-01 17:53:42,False,3.306e-05,1.049e-08,3888300.0,0.4079,0x9f...4484,https://bscscan.com/tx/0xe041b932a26431c667149e70d3588cdff2155a3bd468a6c8ce5b17a7ad48e763
2023-04-01 17:53:42,False,3.306e-05,1.049e-08,16377.9,0.0017,0x9f...4484,https://bscscan.com/tx/0xe041b932a26431c667149e70d3588cdff2155a3bd468a6c8ce5b17a7ad48e763
2023-04-01 17:50:48,True,3.309e-05,1.054e-08,610789.0,0.0644,0x07...eb22,https://bscscan.com/tx/0x30757bc45d15d49b02f0f168f2c0b98fb8116c4b9188b44518bd45b418aa79df
2023-04-01 17:50:09,True,3.325e-05,1.054e-08,625551.0,0.0659,0xd3...5a40,https://bscscan.com/tx/0xad7087a215468b2d48fa03e6b44f8eb660bdb83b1ae734b040e9c24ddf1796cd
2023-04-01 17:49:57,True,3.308e-05,1.054e-08,1279581.0,0.1349,0x9a...f0ca,https://bscscan.com/tx/0xc03ec927d0765b02277b4df584008e7a302e59b4799f8f64a1ec42ec1a8960ff
2023-04-01 17:48:24,True,3.308e-05,1.054e-08,360274.0,0.0379,0xbb...c106,https://bscscan.com/tx/0xc690b16c2c0ed53fcd9684909fb2cfe55c78396599a3f6f9fb19340db644c73d
2023-04-01 17:47:24,True,3.323e-05,1.054e-08,189687.0,0.02,0x96...be4a,https://bscscan.com/tx/0x5196a56a74bdb8b50d643da8bf369c80005e21ab81b7f65213bc829b603405dd
2023-04-01 17:47:21,False,3.307e-05,1.049e-08,2991000.0,0.3137,0x6c...95ad,https://bscscan.com/tx/0x0600022472d746e5627c1555f8006da58da89d3dea6b6f73edc76d007e92af52
2023-04-01 17:47:21,False,3.307e-05,1.049e-08,4050.0,4.248e-05,0x6c...95ad,https://bscscan.com/tx/0x0600022472d746e5627c1555f8006da58da89d3dea6b6f73edc76d007e92af52
2023-04-01 17:45:15,False,3.289e-05,1.049e-08,1495500.0,0.1569,0xb8...2739,https://bscscan.com/tx/0xa1e8570459780cedbe7e2a883d59d7f4b6ee6b79813cbe2159ab074585dc5ca8
2023-04-01 17:45:15,False,3.289e-05,1.049e-08,309.821,3.25e-06,0xb8...2739,https://bscscan.com/tx/0xa1e8570459780cedbe7e2a883d59d7f4b6ee6b79813cbe2159ab074585dc5ca8
2023-04-01 17:45:12,False,3.289e-05,1.049e-08,114404.0,0.012,0xfe...28e0,https://bscscan.com/tx/0x40b2b8c5f33794a892f35bb57f00b590e67de1f35a795f966d1b7879dfe5627e
2023-04-01 17:45:12,False,3.289e-05,1.049e-08,6750.0,7.081e-05,0xfe...28e0,https://bscscan.com/tx/0x40b2b8c5f33794a892f35bb57f00b590e67de1f35a795f966d1b7879dfe5627e
2023-04-01 17:45:09,False,3.289e-05,1.049e-08,2492500.0,0.2615,0x69...2dc4,https://bscscan.com/tx/0x8514edaf1f2b3e0168982dc40048370d1731c7121b5f4b038d764acd80c0ed6f
2023-04-01 17:45:09,False,3.29e-05,1.049e-08,270154.0,0.0283,0x69...2dc4,https://bscscan.com/tx/0x8514edaf1f2b3e0168982dc40048370d1731c7121b5f4b038d764acd80c0ed6f
2023-04-01 17:44:00,True,3.323e-05,1.054e-08,56900.5,0.006,0xe2...8a2a,https://bscscan.com/tx/0x02e735531ee7731454b9a84dc1b3761b781bf77a728721cf0e627ef49adff1a0
2023-04-01 17:43:42,True,3.306e-05,1.054e-08,4067782.0,0.4289,0x89...3571,https://bscscan.com/tx/0xae4ced36b142e1e69e41ed31ca14fe5488cf92d3ecb6383377f8f2bc2103c8ea
2023-04-01 17:43:15,False,3.293e-05,1.05e-08,99700000.0,10.472,0xc1...21cb,https://bscscan.com/tx/0x956d8bce07d5ca180708bdadf2b0a4ae60fedcd09de7cc61e28ebeb826b12389
2023-04-01 17:43:15,False,3.297e-05,1.051e-08,43683.9,0.0045,0xc1...21cb,https://bscscan.com/tx/0x956d8bce07d5ca180708bdadf2b0a4ae60fedcd09de7cc61e28ebeb826b12389
2023-04-01 17:43:12,True,3.314e-05,1.056e-08,158520.0,0.0167,0xb8...fa9a,https://bscscan.com/tx/0xd365d40f71d9cbc24a3e910675aa1c22847414803dde66bef69b8b3496962800
2023-04-01 17:41:27,True,3.314e-05,1.056e-08,213068.0,0.0225,0xb9...9d13,https://bscscan.com/tx/0x90d02e95782d230da4be0d1b3c07c63c79ace50750022b7854f1a24f25528444
2023-04-01 17:40:24,True,3.314e-05,1.056e-08,286786.0,0.0303,0x94...28ff,https://bscscan.com/tx/0x69e48468508e4b086f9799e78fab5ad1f03aa756e14ab59ab07ad109bf61c713
2023-04-01 17:36:27,True,3.33e-05,1.056e-08,283860.0,0.03,0x2b...6e64,https://bscscan.com/tx/0x56a25544dbf418c2227930db053eeeeef744a144eea3feabd7d029d79ad03532
2023-04-01 17:36:12,True,3.33e-05,1.056e-08,466978.0,0.0493,0x87...3481,https://bscscan.com/tx/0xcaed3daf3c0cbb0616b1d8603149995f97915f9eb96b3cc7dcfc6768cc609ed8
2023-04-01 17:35:24,True,3.33e-05,1.056e-08,327050.0,0.0345,0xb8...fa9a,https://bscscan.com/tx/0x80b990c007667f3dd757d25a3de35e37513d29718de4ede52388e030af6d6a48
2023-04-01 17:34:18,True,3.313e-05,1.056e-08,197310.0,0.0208,0x72...bde3,https://bscscan.com/tx/0x11b00bac8b98e602bac87c1e549f7a7cc5432dc5b3aa5025b06bb40d1c43b6b0
2023-04-01 17:28:41,False,3.313e-05,1.051e-08,13874840.0,1.45926,0x1e...0e7b,https://bscscan.com/tx/0xead1c34727a62954ce080bda7da31e6476257e300803ecfb8b6b88d426debb33
2023-04-01 17:28:41,False,3.313e-05,1.051e-08,365.975,3.849e-06,0x1e...0e7b,https://bscscan.com/tx/0xead1c34727a62954ce080bda7da31e6476257e300803ecfb8b6b88d426debb33
2023-04-01 17:26:59,False,3.312e-05,1.051e-08,135140.0,0.0142,0x14...ed79,https://bscscan.com/tx/0xa5a2aff16c7d6afce10734c0e2a44d0f9aff4d4173d580900d2a847f2e2306ec
2023-04-01 17:26:59,False,3.312e-05,1.051e-08,37533.9,0.0039,0x14...ed79,https://bscscan.com/tx/0xa5a2aff16c7d6afce10734c0e2a44d0f9aff4d4173d580900d2a847f2e2306ec
2023-04-01 17:26:53,True,3.329e-05,1.057e-08,2234629.0,0.2362,0x30...1158,https://bscscan.com/tx/0x28858444cc1c5e5b46f141179f55dcda7b55fb2b91e7ccda4e4c77d879f96e7c
2023-04-01 17:25:32,True,3.311e-05,1.057e-08,7579105.0,0.8011,0x42...bd12,https://bscscan.com/tx/0x29999ced8c513a91e48fa0670a47c68fa1c546299779de70cfde4d8b82a84918
2023-04-01 17:24:59,False,3.311e-05,1.051e-08,4075437.0,0.4286,0x18...2885,https://bscscan.com/tx/0xe9ea53822d72b5b0bf96505332a1d9e1862eedfb7e22d54357a9d2b2d493d4aa
2023-04-01 17:24:59,False,3.311e-05,1.051e-08,28469.3,0.0029,0x18...2885,https://bscscan.com/tx/0xe9ea53822d72b5b0bf96505332a1d9e1862eedfb7e22d54357a9d2b2d493d4aa
2023-04-01 17:22:08,False,3.311e-05,1.051e-08,947918.0,0.0997,0x7e...cf94,https://bscscan.com/tx/0x5eccd7e372090d3e76819b83710e58e82bfc3d33ea54b2862dddaddbf5a6b31d
2023-04-01 17:22:08,False,3.311e-05,1.051e-08,20611.4,0.0021,0x7e...cf94,https://bscscan.com/tx/0x5eccd7e372090d3e76819b83710e58e82bfc3d33ea54b2862dddaddbf5a6b31d
2023-04-01 17:20:41,True,3.327e-05,1.057e-08,633835.0,0.067,0x9f...f143,https://bscscan.com/tx/0x675dadf0bb675d6c728025bad1ed9ff3cc71bfd071e9c828a602cd65e119f4c1
2023-04-01 17:20:11,False,3.311e-05,1.051e-08,6979000.0,0.734,0xc1...ee86,https://bscscan.com/tx/0xf89bc02ac287f4371b8b2dd2f59e567a55f0fbc1bda4f5d002ba31b2d2d92ab6
2023-04-01 17:20:11,False,3.311e-05,1.051e-08,365822.0,0.0384,0xc1...ee86,https://bscscan.com/tx/0xf89bc02ac287f4371b8b2dd2f59e567a55f0fbc1bda4f5d002ba31b2d2d92ab6
2023-04-01 17:19:56,True,3.328e-05,1.057e-08,3190522.0,0.3373,0xbf...2ba8,https://bscscan.com/tx/0x364ae741cef76edc2346f6ee0f84116d4ef3a97ace8e7d50f6d3738d8767faa8
2023-04-01 17:17:56,True,3.328e-05,1.057e-08,251722.0,0.0266,0xb8...fa9a,https://bscscan.com/tx/0x3564d058ad71ac92d40fbc0b7f6cbad8520a5c04073c0105daff9cf289ee5c8c
2023-04-01 17:17:50,True,3.328e-05,1.056e-08,19030030.0,2.0113,0xef...cb6a,https://bscscan.com/tx/0x2d3b72c7c1cfca91c012afb51af07e0117aa6b234f13224e4512416878ae19af
2023-04-01 17:15:38,True,3.325e-05,1.056e-08,713608.0,0.0754,0xbb...c106,https://bscscan.com/tx/0x54da1674a3b7e968eeb1791ace389deea7f7c62df78ddf36e858ddd1a7d2648f
2023-04-01 17:15:26,True,3.325e-05,1.056e-08,1590468.0,0.168,0x2a...e55a,https://bscscan.com/tx/0x49088769bfab066e9840d57d7dad506446adf749fe36fad8ffd2315f0244558b
2023-04-01 17:15:17,True,3.308e-05,1.056e-08,7527009.0,0.7952,0x9c...ea73,https://bscscan.com/tx/0x5591a3281092c941059a76f685e48ce78750f91ddc3aee43ddcec9dcea0417b5
2023-04-01 17:15:14,False,3.296e-05,1.052e-08,110381137.0,11.6179,0xef...cb6a,https://bscscan.com/tx/0xdf54dca00fcd8e959394d4e962c139cc3d9f51b44a599f263479ea7da33f0250
2023-04-01 17:15:14,False,3.3e-05,1.053e-08,210600.0,0.0222,0xef...cb6a,https://bscscan.com/tx/0xdf54dca00fcd8e959394d4e962c139cc3d9f51b44a599f263479ea7da33f0250
2023-04-01 17:14:20,False,3.303e-05,1.054e-08,77766000.0,8.20356,0x69...2dc4,https://bscscan.com/tx/0x86a18eb8c3dfecdd2a3871edb2cc2a9c3227646bc52c9f7f7dc01b9f18ff0e1e
2023-04-01 17:14:20,False,3.306e-05,1.055e-08,16120.4,0.0017,0x69...2dc4,https://bscscan.com/tx/0x86a18eb8c3dfecdd2a3871edb2cc2a9c3227646bc52c9f7f7dc01b9f18ff0e1e
2023-04-01 17:14:20,False,3.307e-05,1.055e-08,5952611.0,0.6285,0x0f...57af,https://bscscan.com/tx/0xe85998b3e8eb9da66043484701f7acbe666dc0989b064470147566f84662a25e
2023-04-01 17:14:20,False,3.307e-05,1.056e-08,24570.0,0.0025,0x0f...57af,https://bscscan.com/tx/0xe85998b3e8eb9da66043484701f7acbe666dc0989b064470147566f84662a25e
2023-04-01 17:14:11,True,3.323e-05,1.061e-08,5300000.0,0.5624,0x01...a372,https://bscscan.com/tx/0x9d86593ca7576a34e1bd957fd796a2cd1e07c5b47bf97e94360781a738fe29a0
2023-04-01 17:13:38,False,3.323e-05,1.055e-08,2461807.0,0.2599,0x79...cd9f,https://bscscan.com/tx/0x01ec3bcb22f073344aaf0776e26e9aa097d19bac8d0badd5004daa1724c8ef5c
2023-04-01 17:13:38,False,3.323e-05,1.055e-08,38787.0,0.0041,0x79...cd9f,https://bscscan.com/tx/0x01ec3bcb22f073344aaf0776e26e9aa097d19bac8d0badd5004daa1724c8ef5c
2023-04-01 17:10:56,False,3.323e-05,1.056e-08,14322471.0,1.51266,0xf7...4b57,https://bscscan.com/tx/0xf21a799bb4bedb017535e8c1280b7de3fd55ce681931352cef8e88317d14f9dd
2023-04-01 17:10:56,False,3.324e-05,1.056e-08,590.127,6.233e-06,0xf7...4b57,https://bscscan.com/tx/0xf21a799bb4bedb017535e8c1280b7de3fd55ce681931352cef8e88317d14f9dd
2023-04-01 17:10:32,False,3.307e-05,1.056e-08,217910.0,0.023,0xec...49ca,https://bscscan.com/tx/0x6b6eafbe1d3b749558fb0d99919bec042a94bb6a4bc4863a873021513ac59b0a
2023-04-01 17:10:32,False,3.307e-05,1.056e-08,80003.3,0.0084,0xec...49ca,https://bscscan.com/tx/0x6b6eafbe1d3b749558fb0d99919bec042a94bb6a4bc4863a873021513ac59b0a
2023-04-01 17:10:23,False,3.308e-05,1.056e-08,29541948.0,3.12172,0xa8...8a78,https://bscscan.com/tx/0x1dae17722c482cb593e30693b7ae9048cfc51bbe4e3a6f540db143def31deb25
2023-04-01 17:10:23,False,3.309e-05,1.057e-08,8569.37,9.058e-05,0xa8...8a78,https://bscscan.com/tx/0x1dae17722c482cb593e30693b7ae9048cfc51bbe4e3a6f540db143def31deb25
2023-04-01 17:09:05,False,3.325e-05,1.057e-08,3164318.0,0.3345,0x03...a09d,https://bscscan.com/tx/0xb795da47e6aebe0439abdd4eab51ebd60f6c5fdf5ea3971e338c8a2f23ce9902
2023-04-01 17:09:05,False,3.325e-05,1.057e-08,753.148,7.961e-06,0x03...a09d,https://bscscan.com/tx/0xb795da47e6aebe0439abdd4eab51ebd60f6c5fdf5ea3971e338c8a2f23ce9902
2023-04-01 17:08:47,False,3.325e-05,1.057e-08,278107.0,0.0294,0xa0...2ae4,https://bscscan.com/tx/0x6da18c705596faebd993aed7e087898748aa80f613988e6e87ea360357d07b4c
2023-04-01 17:08:47,False,3.325e-05,1.057e-08,1997.11,2.111e-05,0xa0...2ae4,https://bscscan.com/tx/0x6da18c705596faebd993aed7e087898748aa80f613988e6e87ea360357d07b4c
2023-04-01 17:04:44,False,3.308e-05,1.057e-08,410363.0,0.0433,0x38...e50f,https://bscscan.com/tx/0x234ec6214ba775207fb53c1df4fbe81203cb22e83da47ceb983698c89b4e722a
2023-04-01 17:04:44,False,3.308e-05,1.057e-08,21364.3,0.0022,0x38...e50f,https://bscscan.com/tx/0x234ec6214ba775207fb53c1df4fbe81203cb22e83da47ceb983698c89b4e722a
2023-04-01 17:00:20,False,3.308e-05,1.057e-08,7853644.0,0.8303,0xa9...08e3,https://bscscan.com/tx/0x81372d520f651d9f96dcef551ae21b58706d4421bfc682bb7a57a4cb94a9b11a
2023-04-01 17:00:20,False,3.309e-05,1.057e-08,7290.0,7.708e-05,0xa9...08e3,https://bscscan.com/tx/0x81372d520f651d9f96dcef551ae21b58706d4421bfc682bb7a57a4cb94a9b11a
2023-04-01 16:59:23,False,3.326e-05,1.057e-08,2691900.0,0.2846,0xb5...21cf,https://bscscan.com/tx/0x6a55179c7a680639298ef7bfd50415671c4017b3bcefd2d277267eb29e14bd86
2023-04-01 16:59:23,False,3.326e-05,1.057e-08,2518.74,2.663e-05,0xb5...21cf,https://bscscan.com/tx/0x6a55179c7a680639298ef7bfd50415671c4017b3bcefd2d277267eb29e14bd86
2023-04-01 16:58:50,True,3.343e-05,1.062e-08,376383.0,0.04,0xf6...b3bc,https://bscscan.com/tx/0x151e764e5971aed6216b3ca354cf84d343299459c3d39791eab9d061c7b34899
2023-04-01 16:58:47,False,3.309e-05,1.057e-08,554814.0,0.0586,0x5e...a62b,https://bscscan.com/tx/0x60824d9d4bbc632d3d7bb161ade3014c0fb3e762aa00e40aab0654e904daaf87
2023-04-01 16:58:47,False,3.309e-05,1.057e-08,154970.0,0.0163,0x5e...a62b,https://bscscan.com/tx/0x60824d9d4bbc632d3d7bb161ade3014c0fb3e762aa00e40aab0654e904daaf87
2023-04-01 16:57:08,True,3.326e-05,1.062e-08,100000.0,0.0106,0x65...d3fb,https://bscscan.com/tx/0xe2d0cab15f72fc4597fb762a57373f61b8df520424dfd42b2f39b25d974b3b3f
2023-04-01 16:53:23,True,3.347e-05,1.062e-08,3140534.0,0.3337,0xc4...648c,https://bscscan.com/tx/0x2a31c94d09377234f19ed228783dc16cdec709b9e063c351c4bb05320062ff86
2023-04-01 16:52:44,True,3.33e-05,1.062e-08,1079241.0,0.1146,0x65...b289,https://bscscan.com/tx/0x8a7c6ad6cbceace8ca50f491bda5f13e02d068f1080e4ae8e83ef3170688fc4b
2023-04-01 16:51:05,False,3.316e-05,1.058e-08,52917415.0,5.59874,0x31...258d,https://bscscan.com/tx/0x4d0ef4cf6e3e4aae49e1e9898e1edfa6033c907eb5e6c853a6d3a9451dd1dea4
2023-04-01 16:51:05,False,3.318e-05,1.058e-08,3217.82,3.406e-05,0x31...258d,https://bscscan.com/tx/0x4d0ef4cf6e3e4aae49e1e9898e1edfa6033c907eb5e6c853a6d3a9451dd1dea4
2023-04-01 16:50:41,False,3.334e-05,1.058e-08,1188211.0,0.1258,0x33...63b0,https://bscscan.com/tx/0xb4a47dfda939581cdbfc8cfed285aaca4e830f24c97eb49ffb1aa58697d31770
2023-04-01 16:50:41,False,3.335e-05,1.058e-08,12425.9,0.0013,0x33...63b0,https://bscscan.com/tx/0xb4a47dfda939581cdbfc8cfed285aaca4e830f24c97eb49ffb1aa58697d31770
2023-04-01 16:49:53,False,3.334e-05,1.058e-08,424033.0,0.0448,0x1e...40b2,https://bscscan.com/tx/0xcf11b288591c1352013988dc625136bfaff2411c13b85849afddecec50f088d2
2023-04-01 16:49:53,False,3.334e-05,1.058e-08,22894.1,0.0024,0x1e...40b2,https://bscscan.com/tx/0xcf11b288591c1352013988dc625136bfaff2411c13b85849afddecec50f088d2
2023-04-01 16:44:29,False,3.335e-05,1.058e-08,2417837.0,0.2559,0xac...c478,https://bscscan.com/tx/0xa9cc0660e9623eeaefc3ac6aad788e8bff59d04dc57c304d3f3bff0f8d055e8f
2023-04-01 16:44:29,False,3.335e-05,1.058e-08,81572.4,0.0086,0xac...c478,https://bscscan.com/tx/0xa9cc0660e9623eeaefc3ac6aad788e8bff59d04dc57c304d3f3bff0f8d055e8f
2023-04-01 16:43:41,False,3.318e-05,1.059e-08,30121354.0,3.19037,0xc0...1f4f,https://bscscan.com/tx/0x378773057991315c4457fe76f21d08747784e933059e08cf0c7fd2ec4074c036
2023-04-01 16:43:41,False,3.319e-05,1.059e-08,60147.7,0.0063,0xc0...1f4f,https://bscscan.com/tx/0x378773057991315c4457fe76f21d08747784e933059e08cf0c7fd2ec4074c036
2023-04-01 16:43:38,False,3.32e-05,1.059e-08,22210105.0,2.35391,0x05...7066,https://bscscan.com/tx/0x13e885aa822c3cfa0656eb59763662112fc5342dfd5a329af40740dd7f7630c8
2023-04-01 16:43:38,False,3.321e-05,1.06e-08,40176.5,0.0042,0x05...7066,https://bscscan.com/tx/0x13e885aa822c3cfa0656eb59763662112fc5342dfd5a329af40740dd7f7630c8
2023-04-01 16:43:29,False,3.323e-05,1.06e-08,14835561.0,1.57303,0x05...7066,https://bscscan.com/tx/0xc7aed1304aa254e64db8a6c087e33b476ae362b03f6bf01493bdcc582dc98bd6
2023-04-01 16:43:29,False,3.323e-05,1.06e-08,44628.5,0.0047,0x05...7066,https://bscscan.com/tx/0xc7aed1304aa254e64db8a6c087e33b476ae362b03f6bf01493bdcc582dc98bd6
2023-04-01 16:43:29,False,3.324e-05,1.06e-08,16479469.0,1.74799,0x05...7066,https://bscscan.com/tx/0x120b7bd7e6b1b52e9d55759b65e494ae998bca8e5eb60d55f44599e3711230c4
2023-04-01 16:43:29,False,3.325e-05,1.06e-08,26294.3,0.0027,0x05...7066,https://bscscan.com/tx/0x120b7bd7e6b1b52e9d55759b65e494ae998bca8e5eb60d55f44599e3711230c4
2023-04-01 16:42:05,False,3.342e-05,1.061e-08,9709422.0,1.03021,0x05...7066,https://bscscan.com/tx/0x7f4093343bb0d21d0f33144d9494b10b53f496bcdc2105cfdc53dace93904e31
2023-04-01 16:42:05,False,3.342e-05,1.061e-08,80973.0,0.0085,0x05...7066,https://bscscan.com/tx/0x7f4093343bb0d21d0f33144d9494b10b53f496bcdc2105cfdc53dace93904e31
2023-04-01 16:41:59,False,3.344e-05,1.061e-08,29900030.0,3.17403,0x20...946b,https://bscscan.com/tx/0xee43d3f822538f1bbd7b662cd72dbca52c67e005f5b292d132d0244f9bf480aa
2023-04-01 16:41:59,False,3.345e-05,1.061e-08,2902.97,3.082e-05,0x20...946b,https://bscscan.com/tx/0xee43d3f822538f1bbd7b662cd72dbca52c67e005f5b292d132d0244f9bf480aa
2023-04-01 16:41:05,True,3.361e-05,1.067e-08,60000.0,0.0064,0x39...4e9b,https://bscscan.com/tx/0x87bc47dd807a449b55306b32b66e4759042a832a73f1cdd51f01574211764b51
2023-04-01 16:40:26,True,3.361e-05,1.067e-08,35.0,3.735e-07,0x6f...cc4c,https://bscscan.com/tx/0x36526d8d875e13aff453f7b8758f825859f66de637030602b0b7be611eed0c3d
2023-04-01 16:40:11,True,3.345e-05,1.067e-08,125000.0,0.0133,0x39...4e9b,https://bscscan.com/tx/0x4bb341b67ac16d34db2b30737fa7e82c764aabce09a10cbd6faf2de8f2f9b127
2023-04-01 16:39:29,False,3.329e-05,1.061e-08,887470.0,0.0942,0xee...4e89,https://bscscan.com/tx/0x5744b1a151a6afd3dc57c410c3ae4be5af24d1c87dc56cd7c4b731ade7e1f66a
2023-04-01 16:39:29,False,3.329e-05,1.061e-08,182505.0,0.0193,0xee...4e89,https://bscscan.com/tx/0x5744b1a151a6afd3dc57c410c3ae4be5af24d1c87dc56cd7c4b731ade7e1f66a
2023-04-01 16:35:56,True,3.363e-05,1.067e-08,594375.0,0.0634,0x0e...7dbf,https://bscscan.com/tx/0x271ed9dd1dff5a46271115f513291fdc44cdb2d9157fd55de9fdbf74c176b277
2023-04-01 16:32:44,False,3.348e-05,1.062e-08,66799000.0,7.09931,0xce...a5f7,https://bscscan.com/tx/0xffc4f0dfe4640355526c5d14faa6d5e87f6662ec7a0a41b36a4dc7b51b229b8d
2023-04-01 16:32:44,False,3.351e-05,1.063e-08,26026.5,0.0027,0xce...a5f7,https://bscscan.com/tx/0xffc4f0dfe4640355526c5d14faa6d5e87f6662ec7a0a41b36a4dc7b51b229b8d
2023-04-01 16:32:26,True,3.369e-05,1.069e-08,2317123.0,0.2478,0xac...9663,https://bscscan.com/tx/0x117d100fe06ec9a808a99126a704fa94c4bb5987320c047eb82e3236abb44c9e
2023-04-01 16:31:59,True,3.35e-05,1.068e-08,159550.0,0.017,0x82...33cf,https://bscscan.com/tx/0x8e2769c3310264743cd3c283254ae4da3deb8113e55a76d5eb73bda52184cdc8
2023-04-01 16:28:20,True,3.351e-05,1.068e-08,4278120.0,0.4572,0xd4...0b4c,https://bscscan.com/tx/0x5524268bcb958e170c02b5b4dc0e7a09d68c715ef69f9c7b464f82e765e58313
2023-04-01 16:27:05,False,3.334e-05,1.063e-08,2876010.0,0.3058,0x17...3d81,https://bscscan.com/tx/0x204adf8f3f30344638c959060b6b65cf9f66309a6f711c3b2e9f02f4d1f15a15
2023-04-01 16:27:05,False,3.334e-05,1.063e-08,8455.69,8.992e-05,0x17...3d81,https://bscscan.com/tx/0x204adf8f3f30344638c959060b6b65cf9f66309a6f711c3b2e9f02f4d1f15a15
2023-04-01 16:26:38,True,3.351e-05,1.068e-08,112660.0,0.012,0x6b...c7da,https://bscscan.com/tx/0x544f7e3caa9e7b4e49bc166b8d9fa2b22b48160e8dfe7a21e8bf1f945042c90b
2023-04-01 16:26:32,True,3.351e-05,1.068e-08,18711.3,0.002,0x7c...feda,https://bscscan.com/tx/0x4b4e35901c5217fefb8b66ab9d39ee55783f94ac8f02a6880043eaac73b367ef
2023-04-01 16:16:23,True,3.351e-05,1.068e-08,1483648.0,0.1585,0x0e...7dbf,https://bscscan.com/tx/0x37f452e6c4f345b909c252958b2c30b12ea63339451d37843ee94102c052a190
2023-04-01 16:16:20,True,3.368e-05,1.068e-08,29912.8,0.0032,0x8d...cf40,https://bscscan.com/tx/0xca7ee7f03957f9a96b067420ea5d4aff93e67abdcbda038de05be4e8eac5d9d0
2023-04-01 16:16:02,False,3.351e-05,1.063e-08,1091156.0,0.116,0x51...46d1,https://bscscan.com/tx/0x843db3180d6313cf25adf327381159cbf1fff0ee5713fadf78b5eb2abed61f09
2023-04-01 16:16:02,False,3.351e-05,1.063e-08,70687.6,0.0075,0x51...46d1,https://bscscan.com/tx/0x843db3180d6313cf25adf327381159cbf1fff0ee5713fadf78b5eb2abed61f09
2023-04-01 16:15:59,True,3.368e-05,1.068e-08,215921.0,0.023,0x8b...d137,https://bscscan.com/tx/0xc15624bc1904b13d5f711f55df174ceb61326506cc27d7e68ca39c758be6a990
2023-04-01 16:14:56,False,3.335e-05,1.063e-08,25886782.0,2.75397,0xbc...0072,https://bscscan.com/tx/0x2cfe1e96b018a2b253e21f379f397c473c9120f8525c3d3f87eb0ccead7502ec
2023-04-01 16:14:56,False,3.336e-05,1.064e-08,6574.12,6.996e-05,0xbc...0072,https://bscscan.com/tx/0x2cfe1e96b018a2b253e21f379f397c473c9120f8525c3d3f87eb0ccead7502ec
2023-04-01 16:03:59,True,3.35e-05,1.069e-08,326238.0,0.0348,0x61...29b1,https://bscscan.com/tx/0x91849b113c96910babe507b276a71e02f8b351d379a3eb3b43f442336e35f2ce
2023-04-01 16:02:08,False,3.336e-05,1.064e-08,2102297.0,0.2237,0x12...bf34,https://bscscan.com/tx/0x358ba9882951b7b87e1fdf600185ee3e9d78db47965839c6201c2df8969b6e4b
2023-04-01 16:02:08,False,3.336e-05,1.064e-08,16133.9,0.0017,0x12...bf34,https://bscscan.com/tx/0x358ba9882951b7b87e1fdf600185ee3e9d78db47965839c6201c2df8969b6e4b
2023-04-01 15:59:32,False,3.353e-05,1.064e-08,5957598.0,0.634,0xd4...4ac3,https://bscscan.com/tx/0x926dfaa5dcc7cf0f591f3ee7dc7f138f9a043c56c6f2e578d72218f7a23bebde
2023-04-01 15:59:32,False,3.353e-05,1.064e-08,14194.1,0.0015,0xd4...4ac3,https://bscscan.com/tx/0x926dfaa5dcc7cf0f591f3ee7dc7f138f9a043c56c6f2e578d72218f7a23bebde
2023-04-01 15:57:35,True,3.352e-05,1.069e-08,40000.0,0.0042,0x55...42e0,https://bscscan.com/tx/0x892586195234173966ff583ed1b3c812774db7d0830d5e4ff07b9a69b0058e67
2023-04-01 15:53:05,True,3.369e-05,1.069e-08,93482.3,0.01,0x02...409c,https://bscscan.com/tx/0x8bc1f1484f302afa2023a24e328133a5b1849440168306aa5fc08d055b57ce1a
2023-04-01 15:50:59,False,3.352e-05,1.064e-08,129610.0,0.0138,0xf3...3ac4,https://bscscan.com/tx/0x1f49073e3cba5386c533a5b5e5448a70b9c23626094f60f707239574e7f94f3f
2023-04-01 15:50:59,False,3.352e-05,1.064e-08,34582.6,0.0036,0xf3...3ac4,https://bscscan.com/tx/0x1f49073e3cba5386c533a5b5e5448a70b9c23626094f60f707239574e7f94f3f
2023-04-01 15:50:53,True,3.369e-05,1.069e-08,467413.0,0.05,0x08...7c56,https://bscscan.com/tx/0x2e9664ea5e1f824fb251f5bb7d6d8331793323a1e2dbc114829c38838751b0e4
2023-04-01 15:50:38,True,3.369e-05,1.069e-08,540952.0,0.0578,0x8e...9fda,https://bscscan.com/tx/0x3a895e8c0d424502eafa68f14b407e7949ab0e14622d0c1d3ca2efb8514f8a46
2023-04-01 15:48:32,False,3.336e-05,1.064e-08,11764600.0,1.25235,0xa9...c040,https://bscscan.com/tx/0x0679c6fcdb60b839f50916ccec0823b924b13466669503da22123a580581c004
2023-04-01 15:48:32,False,3.336e-05,1.064e-08,80973.0,0.0086,0xa9...c040,https://bscscan.com/tx/0x0679c6fcdb60b839f50916ccec0823b924b13466669503da22123a580581c004
2023-04-01 15:48:26,False,3.338e-05,1.065e-08,29900030.0,3.18448,0x20...946b,https://bscscan.com/tx/0x6f3010c247ce30e31bddf77dd6df6d22bce1f45a280b6ab0f06506a562944283
2023-04-01 15:48:26,False,3.339e-05,1.065e-08,51421.4,0.0054,0x20...946b,https://bscscan.com/tx/0x6f3010c247ce30e31bddf77dd6df6d22bce1f45a280b6ab0f06506a562944283
2023-04-01 15:42:53,True,3.375e-05,1.07e-08,2926175.0,0.3133,0xa8...9a89,https://bscscan.com/tx/0x490a5308f7014d8cbf3e359b1b3c925aa2e6119c72bb71e41a4177089310ee19
2023-04-01 15:42:38,True,3.375e-05,1.07e-08,267471.0,0.0286,0x6b...f437,https://bscscan.com/tx/0xe20355689fc84d8c17bda66013cfd35968fbfa74f01a7eb8fa52734ade40e8cb
2023-04-01 15:39:20,True,3.375e-05,1.07e-08,6866187.0,0.7351,0x92...7c82,https://bscscan.com/tx/0xb016e8342f502bb42421f18fd8eb704c4bf28f0507fc254f5ef59e332cfdb899
2023-04-01 15:37:53,True,3.374e-05,1.07e-08,2010000.0,0.2151,0xbe...1239,https://bscscan.com/tx/0x386a9b373177f91f331227e339f6313b3b847d6e75cb992b27fcce279d67d7d1
2023-04-01 15:36:26,False,3.341e-05,1.065e-08,6954203.0,0.7407,0x58...da48,https://bscscan.com/tx/0xc6a8c603eab46b2f29efee4ed5b89aa2c9d72fea4ef9432e0457d9a394454c8a
2023-04-01 15:36:26,False,3.341e-05,1.065e-08,38610.0,0.0041,0x58...da48,https://bscscan.com/tx/0xc6a8c603eab46b2f29efee4ed5b89aa2c9d72fea4ef9432e0457d9a394454c8a
2023-04-01 15:35:50,False,3.359e-05,1.065e-08,14257100.0,1.51906,0xf5...1281,https://bscscan.com/tx/0xd845df6e035f0615386ba4f8d26e97b2c91acde8ece7065e42b872dd1fbc2af3
2023-04-01 15:35:50,False,3.359e-05,1.065e-08,5303.96,5.652e-05,0xf5...1281,https://bscscan.com/tx/0xd845df6e035f0615386ba4f8d26e97b2c91acde8ece7065e42b872dd1fbc2af3
2023-04-01 15:35:11,True,3.376e-05,1.07e-08,1867441.0,0.2,0x32...f499,https://bscscan.com/tx/0x7e0bb3f2c78a145e3200b655032877ef35c97d54f35a3d11c25017f3cf0dc235
2023-04-01 15:32:53,False,3.359e-05,1.065e-08,96698.6,0.0103,0x5c...1362,https://bscscan.com/tx/0x355874c1a5259b0fa802cc20f813d2a1376065cdf0ab8fc565a5ef0d54a901ac
2023-04-01 15:32:53,False,3.359e-05,1.065e-08,3378.83,3.6e-05,0x5c...1362,https://bscscan.com/tx/0x355874c1a5259b0fa802cc20f813d2a1376065cdf0ab8fc565a5ef0d54a901ac
2023-04-01 15:32:14,False,3.342e-05,1.065e-08,1247666.0,0.1329,0x27...8bf4,https://bscscan.com/tx/0x5332a3e67ab6daa08c5800961ee4702f0e9425f8ece65e554803b4fe4d37b012
2023-04-01 15:32:14,False,3.343e-05,1.065e-08,2021.5,2.154e-05,0x27...8bf4,https://bscscan.com/tx/0x5332a3e67ab6daa08c5800961ee4702f0e9425f8ece65e554803b4fe4d37b012
2023-04-01 15:31:23,True,3.359e-05,1.07e-08,300000.0,0.0321,0x02...c891,https://bscscan.com/tx/0xf36a890b3ceda4a56e5528537394b6ad31a35330db34a9108b8e295b003f4b49
2023-04-01 15:30:14,False,3.342e-05,1.065e-08,447356.0,0.0476,0xa9...cfc7,https://bscscan.com/tx/0xf6df633b68c247ef018087df3f571b23a6d5bb5515f1e5fe80e7967c88047985
2023-04-01 15:30:14,False,3.342e-05,1.065e-08,617.332,6.578e-06,0xa9...cfc7,https://bscscan.com/tx/0xf6df633b68c247ef018087df3f571b23a6d5bb5515f1e5fe80e7967c88047985
2023-04-01 15:23:59,False,3.342e-05,1.065e-08,113638.0,0.0121,0x12...eae2,https://bscscan.com/tx/0xcec79d21ba2a09ead58deb32812916051ca36fbf5ce5a4b47a67394e337fbe81
2023-04-01 15:23:59,False,3.342e-05,1.065e-08,280965.0,0.0299,0x12...eae2,https://bscscan.com/tx/0xcec79d21ba2a09ead58deb32812916051ca36fbf5ce5a4b47a67394e337fbe81
2023-04-01 15:22:32,True,3.372e-05,1.069e-08,100026306.0,10.7,0x93...9ae1,https://bscscan.com/tx/0x467f191c7f135c39fb8e1a2dd7b53379a1d1caf002a097f42369ed9db874f3f4
2023-04-01 15:22:20,True,3.368e-05,1.068e-08,450000.0,0.048,0x45...8859,https://bscscan.com/tx/0x23738a92faf831103d197d9f89c183822bc343b5c548298f92881001e5aa481f
2023-04-01 15:22:08,True,3.368e-05,1.068e-08,1584850.0,0.1693,0x20...5762,https://bscscan.com/tx/0x6e424b11a4d182f97281858c9187e2f091beed7cc24cb81893d935c94ed5baf8
2023-04-01 15:21:20,False,3.335e-05,1.063e-08,1994000.0,0.2119,0x49...643c,https://bscscan.com/tx/0x12d8e83b63f3fb9e69b13fed8390a0a0adf84181a2441c392b691df072a91e09
2023-04-01 15:21:20,False,3.335e-05,1.063e-08,8021.7,8.527e-05,0x49...643c,https://bscscan.com/tx/0x12d8e83b63f3fb9e69b13fed8390a0a0adf84181a2441c392b691df072a91e09
2023-04-01 15:21:02,True,3.37e-05,1.068e-08,342515.0,0.0366,0xb4...72f1,https://bscscan.com/tx/0xf1aff0ac87e1996a1072807ff4c4b59a8c6604ed766ee1a4fec82eb079e2fbd1
2023-04-01 15:19:38,True,3.368e-05,1.068e-08,411824.0,0.044,0x77...aead,https://bscscan.com/tx/0x449279f1b7f59821f979e6267e9deb445d1202afe99750a23b01d9496313c78b
2023-04-01 15:18:26,False,3.352e-05,1.063e-08,2210012.0,0.2349,0x73...967b,https://bscscan.com/tx/0xf6629b91c6cd6d53b975ebb82422e8c8b064e0564955000385ee65f6b85d6d9a
2023-04-01 15:18:26,False,3.352e-05,1.063e-08,126900.0,0.0134,0x73...967b,https://bscscan.com/tx/0xf6629b91c6cd6d53b975ebb82422e8c8b064e0564955000385ee65f6b85d6d9a
2023-04-01 15:14:59,True,3.37e-05,1.068e-08,2000000.0,0.2136,0xbe...1239,https://bscscan.com/tx/0x7b208cfdf023bd1fad6da157429271455ac62a4c95e2f0a6a24e1469131c3363
2023-04-01 15:12:41,False,3.336e-05,1.063e-08,44865000.0,4.77211,0x71...13b2,https://bscscan.com/tx/0x58b3c06038363ee53e580fe0e7ff2aaeee25acf81f8de8a54f1032f83a59ae32
2023-04-01 15:12:41,False,3.338e-05,1.064e-08,1438.55,1.53e-05,0x71...13b2,https://bscscan.com/tx/0x58b3c06038363ee53e580fe0e7ff2aaeee25acf81f8de8a54f1032f83a59ae32
2023-04-01 15:04:09,True,3.353e-05,1.069e-08,98547.7,0.0105,0xfd...a5ff,https://bscscan.com/tx/0x7658aec4f2fc304bcc2657f5c299ab28c4ea1a9fc8f31c48b16977d4e2f26f0e
2023-04-01 15:04:09,True,3.353e-05,1.069e-08,300000.0,0.032,0x14...d91a,https://bscscan.com/tx/0xb9e3e562e8733e1468fb06c0c0496b9c50c4d730bbe0a9693465741106fd7737
2023-04-01 15:01:12,False,3.336e-05,1.064e-08,133848.0,0.0142,0xfd...d281,https://bscscan.com/tx/0xef44ca0a8f90b2637b88e366e6b0c7af3f72194833e9636d94d7ab1c96c8bab8
2023-04-01 15:01:12,False,3.336e-05,1.064e-08,10166.3,0.001,0xfd...d281,https://bscscan.com/tx/0xef44ca0a8f90b2637b88e366e6b0c7af3f72194833e9636d94d7ab1c96c8bab8
2023-04-01 14:59:36,True,3.37e-05,1.069e-08,596780.0,0.0638,0xa8...9ff4,https://bscscan.com/tx/0xc40dc160fad633861084091fa66b8b905027af8d09a117c98cdba88e78824a0f
2023-04-01 14:59:24,False,3.353e-05,1.064e-08,3159001.0,0.3362,0x10...8ea8,https://bscscan.com/tx/0x7a18fab7188b21bfa2c677aae12dd98a44ca60d932077185dbd039972e9487b4
2023-04-01 14:59:24,False,3.353e-05,1.064e-08,172268.0,0.0183,0x10...8ea8,https://bscscan.com/tx/0x7a18fab7188b21bfa2c677aae12dd98a44ca60d932077185dbd039972e9487b4
2023-04-01 14:58:06,True,3.356e-05,1.069e-08,701179.0,0.075,0xf2...bdd4,https://bscscan.com/tx/0xbd3bbb60d005a186b19a3ba699629838efc353a9f07ea9918799b2b983a5749c
2023-04-01 14:57:45,True,3.357e-05,1.069e-08,1028417.0,0.11,0x71...379b,https://bscscan.com/tx/0x54e0747b0489167ba37e46a14ec8d0f0c31648f243729b5993592f2a5d333679
2023-04-01 14:54:27,True,3.374e-05,1.069e-08,18076533.0,1.93303,0x8d...2032,https://bscscan.com/tx/0x4b040f9af21a1449b778e88615bc50c91aa2b4ca0ecb7062d01116c27444d411
2023-04-01 14:53:33,True,3.374e-05,1.068e-08,20449260.0,2.18575,0x8d...2032,https://bscscan.com/tx/0x4360464aed648bb722adc858392f9aa7b811c620fcfa5ed929297a1b04289136
2023-04-01 14:52:48,True,3.356e-05,1.068e-08,20456042.0,2.1854,0x8d...2032,https://bscscan.com/tx/0xeff9343aef5d852dcbf52140cf5723f76b84bcd85f4c99c4e44f418f3d2739ee
2023-04-01 14:51:03,True,3.355e-05,1.068e-08,678515.0,0.0724,0x5b...000f,https://bscscan.com/tx/0xcaed73a588d50939206d4670653b2a9d735bb5e08da434dc0b5da6f5f74b518b
2023-04-01 14:51:03,False,3.338e-05,1.062e-08,2318163.0,0.2463,0x0c...11ea,https://bscscan.com/tx/0x48d3b2549fd9118c0b4d375d3341a41f2b8aa10ab33a1d5ac4df4ee867b02fdb
2023-04-01 14:51:03,False,3.338e-05,1.062e-08,980.806,1.042e-05,0x0c...11ea,https://bscscan.com/tx/0x48d3b2549fd9118c0b4d375d3341a41f2b8aa10ab33a1d5ac4df4ee867b02fdb
2023-04-01 14:50:57,True,3.355e-05,1.068e-08,270000.0,0.0288,0x89...3008,https://bscscan.com/tx/0x0a9435012dbf6f61ede66aa8d878344d2393a1161f253229cc4d28fadedea896
2023-04-01 14:49:48,False,3.356e-05,1.062e-08,92981.7,0.0098,0x5b...affc,https://bscscan.com/tx/0x959d23e56fba8ca9b5b2a13d69f5b792a7326160330b6bec42d6ca0fe714a7b0
2023-04-01 14:49:48,False,3.356e-05,1.062e-08,1119.66,1.189e-05,0x5b...affc,https://bscscan.com/tx/0x959d23e56fba8ca9b5b2a13d69f5b792a7326160330b6bec42d6ca0fe714a7b0
2023-04-01 14:49:45,False,3.356e-05,1.062e-08,413445.0,0.0439,0xdc...3eb9,https://bscscan.com/tx/0x452f93136a434bb441a0e69bc16843858fe7d8fb9aa40593f5aeda97809414bb
2023-04-01 14:49:45,False,3.356e-05,1.062e-08,97731.5,0.0103,0xdc...3eb9,https://bscscan.com/tx/0x452f93136a434bb441a0e69bc16843858fe7d8fb9aa40593f5aeda97809414bb
2023-04-01 14:49:06,True,3.372e-05,1.068e-08,174029.0,0.0185,0x10...e4ce,https://bscscan.com/tx/0xe04d75479a246e34c1506b627cf814f06b96c4d16f972e2f0e8a1b93c677fefc
2023-04-01 14:49:00,True,3.372e-05,1.068e-08,500000.0,0.0534,0xec...e03b,https://bscscan.com/tx/0x5d719bf92e5554edaac50cd5da212d493dec8145d8373dc1a20992483678951c
2023-04-01 14:45:51,True,3.355e-05,1.068e-08,90708.7,0.0096,0xec...ddb5,https://bscscan.com/tx/0xf25f7d149a5b84864f834334f456c9b936affc2730232bf1c68ca73fedf932dd
2023-04-01 14:44:27,False,3.357e-05,1.063e-08,35325815.0,3.75592,0x07...2cc9,https://bscscan.com/tx/0x341bb50f86f5a2bcc847584e8dc1210b911a084163a5ee822f14a284a5ea3ecc
2023-04-01 14:44:27,False,3.358e-05,1.063e-08,118667.0,0.0126,0x07...2cc9,https://bscscan.com/tx/0x341bb50f86f5a2bcc847584e8dc1210b911a084163a5ee822f14a284a5ea3ecc
2023-04-01 14:41:50,False,3.358e-05,1.064e-08,43818788.0,4.66336,0xa0...b0df,https://bscscan.com/tx/0x192abbcefae2b61473c9d9ff7814981641fcded41a0763154ea8f444b2a8a127
2023-04-01 14:41:50,False,3.36e-05,1.064e-08,12233.5,0.0013,0xa0...b0df,https://bscscan.com/tx/0x192abbcefae2b61473c9d9ff7814981641fcded41a0763154ea8f444b2a8a127
2023-04-01 14:40:23,True,3.376e-05,1.07e-08,1500000.0,0.1605,0xec...ddb5,https://bscscan.com/tx/0xfe99cf401d6ec38ee479a5b8675a3f645a09c47caa902ee5ca9b00d8463c82dc
2023-04-01 14:40:17,True,3.358e-05,1.07e-08,58645.5,0.0062,0xa8...d4aa,https://bscscan.com/tx/0x06e4df78428a5133ad6648c49fc2711cfe7060303ab779032b9caa3e5b3763ee
2023-04-01 14:34:18,True,3.358e-05,1.07e-08,1150000.0,0.123,0xe7...ec62,https://bscscan.com/tx/0xc0d48fe2f6f8d935576a0e57925d35fa241e7d072ddc359dd04a37848a54802b
2023-04-01 14:34:03,False,3.342e-05,1.064e-08,1816800.0,0.1934,0xb4...0531,https://bscscan.com/tx/0xc965a391ab84c96a809372b1ccf69eb681fffe871e1340ab2590e0a9642f8880
2023-04-01 14:34:03,False,3.342e-05,1.064e-08,19245.8,0.002,0xb4...0531,https://bscscan.com/tx/0xc965a391ab84c96a809372b1ccf69eb681fffe871e1340ab2590e0a9642f8880
2023-04-01 14:33:27,True,3.375e-05,1.07e-08,798117.0,0.0854,0xde...24b0,https://bscscan.com/tx/0x3e87d9512ac78960ad0ecd90b45ad9d39ff51eeef062ef768093abc4caf84984
2023-04-01 14:32:21,True,3.358e-05,1.07e-08,46724.8,0.005,0xc4...e683,https://bscscan.com/tx/0xc32de39e3d03ce05f6501a977f5a43a44c9086f27410309c57aa8cb9405f4d8d
2023-04-01 14:24:49,True,3.358e-05,1.07e-08,4951766.0,0.5301,0xf3...3184,https://bscscan.com/tx/0xe5befa4ef91fb0ec4dcfb9fa22607fee177e55d4a8b6851844d0a838a7984300
2023-04-01 14:21:58,False,3.356e-05,1.064e-08,1327475.0,0.1413,0x45...a2b8,https://bscscan.com/tx/0x6268b9f993357f70af13f5e92d0488bf6bccfa213d06a3c0505f16884084a970
2023-04-01 14:21:58,False,3.356e-05,1.064e-08,2286.23,2.434e-05,0x45...a2b8,https://bscscan.com/tx/0x6268b9f993357f70af13f5e92d0488bf6bccfa213d06a3c0505f16884084a970
2023-04-01 14:20:04,False,3.339e-05,1.064e-08,844211.0,0.0898,0x43...e42b,https://bscscan.com/tx/0x7960244497af61b2a1820dd8e9be7d759d76601714d63690d45e31416310bf92
2023-04-01 14:20:04,False,3.339e-05,1.064e-08,4085.46,4.349e-05,0x43...e42b,https://bscscan.com/tx/0x7960244497af61b2a1820dd8e9be7d759d76601714d63690d45e31416310bf92
2023-04-01 14:19:30,False,3.339e-05,1.064e-08,926232.0,0.0986,0x8c...5f75,https://bscscan.com/tx/0xead18d4be165431244ee32cb69a7137041442bcb77e55ca4782f5167bf02e089
2023-04-01 14:19:30,False,3.339e-05,1.064e-08,55043.1,0.0058,0x8c...5f75,https://bscscan.com/tx/0xead18d4be165431244ee32cb69a7137041442bcb77e55ca4782f5167bf02e089
2023-04-01 14:19:14,False,3.34e-05,1.064e-08,20325187.0,2.16456,0x05...7066,https://bscscan.com/tx/0xd2e7dd5039f7efa8d426379fabeebb4d940b00f607492619b186734e8cdffb72
2023-04-01 14:19:14,False,3.341e-05,1.065e-08,25150.0,0.0026,0x05...7066,https://bscscan.com/tx/0xd2e7dd5039f7efa8d426379fabeebb4d940b00f607492619b186734e8cdffb72
2023-04-01 14:18:36,True,3.358e-05,1.07e-08,562926.0,0.0602,0x7a...ea0c,https://bscscan.com/tx/0xcf8f9d2150b384fa0c40b3d45c08899a5a889187cf471912c8e015eb41ef4ca3
2023-04-01 14:18:36,True,3.358e-05,1.07e-08,2763744.0,0.2958,0x82...646f,https://bscscan.com/tx/0xdc10f47c2d61acd38600dd7aa175097d05ee0754d182a37af8609252e0c2af88
2023-04-01 14:18:15,False,3.341e-05,1.065e-08,5970168.0,0.6359,0x05...7066,https://bscscan.com/tx/0x681fef1cfbd8391511e72f597622c41548e580b38967683324e3fcd930b53967
2023-04-01 14:18:15,False,3.341e-05,1.065e-08,80836.4,0.0086,0x05...7066,https://bscscan.com/tx/0x681fef1cfbd8391511e72f597622c41548e580b38967683324e3fcd930b53967
2023-04-01 14:18:12,False,3.343e-05,1.065e-08,29849583.0,3.18101,0xc0...1f4f,https://bscscan.com/tx/0x550f0e8efead1db9f158993c146a008ab797b964a97008ed2d9c023604511b47
2023-04-01 14:18:12,False,3.344e-05,1.066e-08,206915.0,0.022,0xc0...1f4f,https://bscscan.com/tx/0x550f0e8efead1db9f158993c146a008ab797b964a97008ed2d9c023604511b47
2023-04-01 14:17:58,False,3.363e-05,1.067e-08,76405274.0,8.1528,0x05...7066,https://bscscan.com/tx/0x9243389346558c0d744383edc51bc2261589aa1df6163f5524d589ba59e2b0a7
2023-04-01 14:17:58,False,3.366e-05,1.068e-08,270000.0,0.0288,0x05...7066,https://bscscan.com/tx/0x9243389346558c0d744383edc51bc2261589aa1df6163f5524d589ba59e2b0a7
2023-04-01 14:17:49,False,3.37e-05,1.069e-08,99700000.0,10.6611,0x9b...2220,https://bscscan.com/tx/0xfe36136ad4671eed6766d2f8b717ebb936a2b4a4ab4930d71829654ab9e3ac9c
2023-04-01 14:17:49,False,3.374e-05,1.07e-08,732854.0,0.0784,0x9b...2220,https://bscscan.com/tx/0xfe36136ad4671eed6766d2f8b717ebb936a2b4a4ab4930d71829654ab9e3ac9c
2023-04-01 14:17:44,True,3.381e-05,1.072e-08,254185878.0,27.2664,0x08...0173,https://bscscan.com/tx/0xaa01dbf43c514ac6125a9ffffe115a4c91dc2a3751546353c57d4a3d9972bade
2023-04-01 14:13:47,True,3.371e-05,1.069e-08,14961586.0,1.59973,0x0e...5009,https://bscscan.com/tx/0xcbabe5fa8cd8f789d86d1f1c42023ed4451d7ca77fdaffe158737e607e663c56
2023-04-01 14:12:29,False,3.335e-05,1.063e-08,2273160.0,0.2418,0xaa...0342,https://bscscan.com/tx/0x51699709996e2bf6f8eb007f0554e58f1fe2593c68c733b05e6ca2d37d861cda
2023-04-01 14:12:29,False,3.335e-05,1.063e-08,60060.6,0.0063,0xaa...0342,https://bscscan.com/tx/0x51699709996e2bf6f8eb007f0554e58f1fe2593c68c733b05e6ca2d37d861cda
2023-04-01 14:11:20,True,3.353e-05,1.068e-08,8901922.0,0.9516,0x36...6b9d,https://bscscan.com/tx/0x574aa0b4392bd0684fe9fad518ca1909deffcb636f40c8a8b22676f98ddbf986
2023-04-01 14:09:08,True,3.352e-05,1.068e-08,12464000.0,1.33203,0xe6...75d9,https://bscscan.com/tx/0xaad7f25f33bfa50e3987806f3ee3222c47159aa86db5a8eea1ba23e4bbd13e1f
2023-04-01 14:06:38,False,3.336e-05,1.063e-08,776412.0,0.0825,0xa9...3c53,https://bscscan.com/tx/0x2e3c6342e1f1a34fdc8d672debd00804f71f4709a436ce50f78414e445852a26
2023-04-01 14:06:38,False,3.336e-05,1.063e-08,101758.0,0.0108,0xa9...3c53,https://bscscan.com/tx/0x2e3c6342e1f1a34fdc8d672debd00804f71f4709a436ce50f78414e445852a26
2023-04-01 14:06:29,True,3.369e-05,1.068e-08,2369961.0,0.2532,0x64...8975,https://bscscan.com/tx/0x0083e66e8367bded0a23ea127828b7868819d8b089de8b36547de204d094becb
2023-04-01 14:03:23,True,3.369e-05,1.068e-08,2000000.0,0.2137,0x36...a041,https://bscscan.com/tx/0xbda1ff36227cbffdfbe7b373b7392b1799400efda2ceba0a2d211055aaec32d2
2023-04-01 14:03:20,False,3.354e-05,1.063e-08,33218075.0,3.53288,0x05...7066,https://bscscan.com/tx/0xdccd4372a47ec8313cb8ec0178e9f6796f883dec74e438c6e0160cf19b44948b
2023-04-01 14:03:20,False,3.355e-05,1.063e-08,80973.0,0.0086,0x05...7066,https://bscscan.com/tx/0xdccd4372a47ec8313cb8ec0178e9f6796f883dec74e438c6e0160cf19b44948b
2023-04-01 13:58:50,False,3.341e-05,1.064e-08,29900030.0,3.18241,0x20...946b,https://bscscan.com/tx/0x87ab0e9063da53fecd584b8f87ec34805633dcfb8c78ca4d0500f485b9c9188f
2023-04-01 13:58:50,False,3.343e-05,1.064e-08,48706.7,0.0051,0x20...946b,https://bscscan.com/tx/0x87ab0e9063da53fecd584b8f87ec34805633dcfb8c78ca4d0500f485b9c9188f
2023-04-01 13:57:29,False,3.343e-05,1.064e-08,17985390.0,1.91538,0xc0...1f4f,https://bscscan.com/tx/0x9607ebfb6d9a76b60a30f921b3c78a5249fc4bb402c5da22c068f54be9a9cb94
2023-04-01 13:57:29,False,3.344e-05,1.065e-08,59920.0,0.0063,0xc0...1f4f,https://bscscan.com/tx/0x9607ebfb6d9a76b60a30f921b3c78a5249fc4bb402c5da22c068f54be9a9cb94
2023-04-01 13:57:08,False,3.345e-05,1.065e-08,22126022.0,2.35748,0x20...946b,https://bscscan.com/tx/0x97eeebed753fbbf787fd54a5b78dd537564f7252402b74e2bef706593cfccce2
2023-04-01 13:57:08,False,3.346e-05,1.065e-08,64354.6,0.0068,0x20...946b,https://bscscan.com/tx/0x97eeebed753fbbf787fd54a5b78dd537564f7252402b74e2bef706593cfccce2
2023-04-01 13:56:32,True,3.38e-05,1.071e-08,604717.0,0.0647,0xcd...4f36,https://bscscan.com/tx/0x630304f837d74bf5fdf348526d5dddffb8a883cb2a526a05bf3fa08b84db2e06
2023-04-01 13:56:02,False,3.364e-05,1.065e-08,15386604.0,1.64013,0x05...7066,https://bscscan.com/tx/0x96260af20f4af4d15ed17bbc5a04f7ae7aa951bb38fa053b476a1fc07ceb720a
2023-04-01 13:56:02,False,3.364e-05,1.066e-08,68780.7,0.0073,0x05...7066,https://bscscan.com/tx/0x96260af20f4af4d15ed17bbc5a04f7ae7aa951bb38fa053b476a1fc07ceb720a
2023-04-01 13:55:05,False,3.365e-05,1.066e-08,25397907.0,2.70861,0x05...7066,https://bscscan.com/tx/0x7c3ffe0597565d1fa954bd2595b447c845b730604fec335bc5e450c8bd913a81
2023-04-01 13:55:05,False,3.367e-05,1.066e-08,80973.0,0.0086,0x05...7066,https://bscscan.com/tx/0x7c3ffe0597565d1fa954bd2595b447c845b730604fec335bc5e450c8bd913a81
2023-04-01 13:51:23,False,3.368e-05,1.067e-08,29900029.0,3.19087,0x20...946b,https://bscscan.com/tx/0x57ff093a1f4853a8edfe28ae92a553ba91df232006e6a51675171f16a82dc86c
2023-04-01 13:51:23,False,3.369e-05,1.067e-08,82484.6,0.0088,0x20...946b,https://bscscan.com/tx/0x57ff093a1f4853a8edfe28ae92a553ba91df232006e6a51675171f16a82dc86c
2023-04-01 13:49:50,True,3.369e-05,1.072e-08,279611.0,0.03,0x76...b859,https://bscscan.com/tx/0xd5eae55398f160e6ca0604a1b02d7007a5eb1f4b5cda8a4e736b71d130276c43
2023-04-01 13:48:47,False,3.37e-05,1.067e-08,29900029.0,3.19315,0x20...946b,https://bscscan.com/tx/0x13f3f6b63b7302b448aff937816e16eb23932f7fe116fbc91369354d7d5131c5
2023-04-01 13:48:47,False,3.371e-05,1.068e-08,17275.9,0.0018,0x20...946b,https://bscscan.com/tx/0x13f3f6b63b7302b448aff937816e16eb23932f7fe116fbc91369354d7d5131c5
2023-04-01 13:48:08,False,3.372e-05,1.068e-08,6379278.0,0.6815,0xb0...0304,https://bscscan.com/tx/0x9295c92ac457aaa331d8d1bda7969c44d56824bff4693deb444074e3f61e5c55
2023-04-01 13:48:08,False,3.372e-05,1.068e-08,99613.7,0.0106,0xb0...0304,https://bscscan.com/tx/0x9295c92ac457aaa331d8d1bda7969c44d56824bff4693deb444074e3f61e5c55
2023-04-01 13:41:26,True,3.389e-05,1.073e-08,3220670.0,0.3458,0x48...b83b,https://bscscan.com/tx/0x39646e273043d9968231dcf330b3771160185344ef5f24d997f4fc286ab91b3c
2023-04-01 13:40:05,False,3.373e-05,1.068e-08,33572283.0,3.58835,0x05...7066,https://bscscan.com/tx/0xa99c77bab214d6fe134cd97562fa8a3e7cb22edb320308b0bcaa8e3b6ccc8695
2023-04-01 13:40:05,False,3.374e-05,1.069e-08,7349.87,7.859e-05,0x05...7066,https://bscscan.com/tx/0xa99c77bab214d6fe134cd97562fa8a3e7cb22edb320308b0bcaa8e3b6ccc8695
2023-04-01 13:39:04,True,3.391e-05,1.074e-08,171938.0,0.0184,0x6d...a4a7,https://bscscan.com/tx/0x49a722ed49e45801d43ceac02bd79030454f201fb336d48f74aa901c6253ede8
2023-04-01 13:38:04,False,3.358e-05,1.069e-08,2542584.0,0.2718,0xb6...b2c1,https://bscscan.com/tx/0xbbf6911a7832122bfb808d163878eac0444fef96d0e61110406318be91bc7a03
2023-04-01 13:38:04,False,3.358e-05,1.069e-08,272.29,2.911e-06,0xb6...b2c1,https://bscscan.com/tx/0xbbf6911a7832122bfb808d163878eac0444fef96d0e61110406318be91bc7a03
2023-04-01 13:37:45,False,3.375e-05,1.069e-08,100545.0,0.0107,0x40...997c,https://bscscan.com/tx/0x85c8151591b713c4cec0732a5da9b9d76db417a12a1d5d269f2eebd48ff7668b
2023-04-01 13:37:45,False,3.375e-05,1.069e-08,18259.0,0.0019,0x40...997c,https://bscscan.com/tx/0x85c8151591b713c4cec0732a5da9b9d76db417a12a1d5d269f2eebd48ff7668b
2023-04-01 13:37:19,True,3.374e-05,1.074e-08,590136.0,0.0634,0xd4...e788,https://bscscan.com/tx/0xb2b030137d72f46d8244bd5d6c6cd68151fd1312f7d7ebb8391a2d73de179a0f
2023-04-01 13:36:52,True,3.374e-05,1.074e-08,31675.4,0.0034,0x5b...ea9f,https://bscscan.com/tx/0xb105639642fef18115332a277dbb77ce8d7bcc2c0e3fe15ca146d6b4645be545
2023-04-01 13:36:40,False,3.374e-05,1.069e-08,6122377.0,0.6547,0x05...7066,https://bscscan.com/tx/0x8175f7ccc2dad84b5d34c12f158da9666883b0f6b3cfaba3c2d8f46078fa4c80
2023-04-01 13:36:40,False,3.375e-05,1.069e-08,80532.0,0.0086,0x05...7066,https://bscscan.com/tx/0x8175f7ccc2dad84b5d34c12f158da9666883b0f6b3cfaba3c2d8f46078fa4c80
2023-04-01 13:36:32,False,3.376e-05,1.069e-08,29737180.0,3.18148,0xc0...1f4f,https://bscscan.com/tx/0x2dcb17065604420722e3d31af8935e9060304ddf0316452cb5d9e3d6d1bd255d
2023-04-01 13:36:32,False,3.377e-05,1.07e-08,90855.1,0.0097,0xc0...1f4f,https://bscscan.com/tx/0x2dcb17065604420722e3d31af8935e9060304ddf0316452cb5d9e3d6d1bd255d
2023-04-01 13:36:20,False,3.362e-05,1.07e-08,33549096.0,3.59205,0x05...7066,https://bscscan.com/tx/0xc833b65e3a9ec70d091a4fdca3d4badb97ca5b6e1c20433882869c3613cb5af7
2023-04-01 13:36:20,False,3.363e-05,1.071e-08,270000.0,0.0289,0x05...7066,https://bscscan.com/tx/0xc833b65e3a9ec70d091a4fdca3d4badb97ca5b6e1c20433882869c3613cb5af7
2023-04-01 13:36:09,False,3.383e-05,1.072e-08,99700000.0,10.6919,0x9b...2220,https://bscscan.com/tx/0x11662eb83e2fdf2c78ee2cc945d88ac101869b9ea93e2df2e1d87d6762d2705d
2023-04-01 13:36:09,False,3.387e-05,1.073e-08,3010.6,3.232e-05,0x9b...2220,https://bscscan.com/tx/0x11662eb83e2fdf2c78ee2cc945d88ac101869b9ea93e2df2e1d87d6762d2705d
2023-04-01 13:36:06,False,3.388e-05,1.073e-08,1111693.0,0.1193,0x6b...9f5d,https://bscscan.com/tx/0x766148fa62c3b14cd63e7940a6f866ea915d1196cc05b0e679ff1dc0888cb46f
2023-04-01 13:36:06,False,3.388e-05,1.073e-08,642450.0,0.0689,0x6b...9f5d,https://bscscan.com/tx/0x766148fa62c3b14cd63e7940a6f866ea915d1196cc05b0e679ff1dc0888cb46f
2023-04-01 13:36:03,True,3.396e-05,1.076e-08,216035586.0,23.2523,0xa3...7ada,https://bscscan.com/tx/0x5ca9d4ac42f898889b4de79f5bc1f5dd786ecdb5fb1b038f23142753bc96188b
2023-04-01 13:35:18,True,3.37e-05,1.073e-08,433021.0,0.0464,0x16...e7f4,https://bscscan.com/tx/0x8f5b3ac0bade80325423adc19f7c5d29eba7f35ba3239945b256e64353a5a93c
2023-04-01 13:33:27,True,3.387e-05,1.073e-08,475847.0,0.051,0x34...6ee3,https://bscscan.com/tx/0x1d45a1a9ea0b19059a7aac29e9d8119df6496757e829c360322baadd168843aa
2023-04-01 13:26:28,True,3.385e-05,1.073e-08,10337855.0,1.10963,0x58...0988,https://bscscan.com/tx/0x9bbd12d310d78e2a9e8c2aa68df2e63ff5fb190a4ecce7e275a3d4ec837f8f23
2023-04-01 13:22:25,False,3.351e-05,1.068e-08,10354322.0,1.10584,0x66...e61d,https://bscscan.com/tx/0xdd75e5a0f0deed71716482289ab122052aa81b2737c98c654c94d6c6a5900079
2023-04-01 13:22:25,False,3.352e-05,1.068e-08,81000.0,0.0086,0x66...e61d,https://bscscan.com/tx/0xdd75e5a0f0deed71716482289ab122052aa81b2737c98c654c94d6c6a5900079
2023-04-01 13:18:54,False,3.37e-05,1.068e-08,29910000.0,3.19595,0xfc...9e19,https://bscscan.com/tx/0x80ffce90848fec89046425643dfcb2d3906deef7fe675274258a389a5aa9bd66
2023-04-01 13:18:54,False,3.371e-05,1.068e-08,3855.11,4.12e-05,0xfc...9e19,https://bscscan.com/tx/0x80ffce90848fec89046425643dfcb2d3906deef7fe675274258a389a5aa9bd66
2023-04-01 13:16:57,True,3.388e-05,1.074e-08,200000.0,0.0214,0xe7...ec62,https://bscscan.com/tx/0x86da6907cf5a9c154b6e90f866f36a6cfd08779fe9969e53259924e36b0567da
2023-04-01 13:16:12,False,3.355e-05,1.068e-08,1224136.0,0.1308,0xd1...9022,https://bscscan.com/tx/0x0cf83972ff86ad823ec322397433a3a2cd3014e18d8cecd14c474ec8e6677885
2023-04-01 13:16:12,False,3.355e-05,1.068e-08,37370.7,0.0039,0xd1...9022,https://bscscan.com/tx/0x0cf83972ff86ad823ec322397433a3a2cd3014e18d8cecd14c474ec8e6677885
2023-04-01 13:16:12,True,3.371e-05,1.074e-08,6088746.0,0.654,0xea...e9b0,https://bscscan.com/tx/0xc14c3f02744cd707bb9ed08663905730fcee782437d6bad2889ce43c4072279d
2023-04-01 13:15:18,True,3.387e-05,1.074e-08,145297.0,0.0156,0x6c...0ef7,https://bscscan.com/tx/0xb245e90cf5f8b2a83f9920a6e4ce0ed2ea4819550702b08c4a92dc5453d2a566
2023-04-01 13:13:33,True,3.369e-05,1.074e-08,715336.0,0.0768,0x4f...194d,https://bscscan.com/tx/0x2fd0abb9c948d0d635556cefcff4bb10ca8d3cf40b1b18c016954616ec6c3acf
2023-04-01 13:09:02,False,3.351e-05,1.068e-08,6580200.0,0.7033,0x16...e480,https://bscscan.com/tx/0x961de4043e89783f85f08933f5a444ce3ee2472ca60209e7e5ffb739fdda93cd
2023-04-01 13:09:02,False,3.351e-05,1.068e-08,1392.48,1.488e-05,0x16...e480,https://bscscan.com/tx/0x961de4043e89783f85f08933f5a444ce3ee2472ca60209e7e5ffb739fdda93cd
2023-04-01 13:08:59,False,3.351e-05,1.068e-08,514188.0,0.0549,0x41...4c96,https://bscscan.com/tx/0x91eb1c39b672409a1d76a17486c564fff5248dce6ecf20fbbe8d278abaab81af
2023-04-01 13:08:59,False,3.351e-05,1.068e-08,8100.0,8.658e-05,0x41...4c96,https://bscscan.com/tx/0x91eb1c39b672409a1d76a17486c564fff5248dce6ecf20fbbe8d278abaab81af
2023-04-01 13:03:34,False,3.368e-05,1.068e-08,2991000.0,0.3197,0x30...5c55,https://bscscan.com/tx/0xa79fd6e5438a70bc187aa367454c349d230f7d3f5448d0279bc7a24998c6023f
2023-04-01 13:03:34,False,3.368e-05,1.069e-08,2134.54,2.281e-05,0x30...5c55,https://bscscan.com/tx/0xa79fd6e5438a70bc187aa367454c349d230f7d3f5448d0279bc7a24998c6023f
2023-04-01 13:03:13,False,3.369e-05,1.069e-08,788199.0,0.0842,0xe2...dcfc,https://bscscan.com/tx/0x6b14521613a8e6b275b5ca61ecf3f904c172107127e1d9e0ea025c29c822f6bb
2023-04-01 13:03:13,False,3.369e-05,1.069e-08,21054.4,0.0022,0xe2...dcfc,https://bscscan.com/tx/0x6b14521613a8e6b275b5ca61ecf3f904c172107127e1d9e0ea025c29c822f6bb
2023-04-01 13:01:13,True,3.385e-05,1.074e-08,73240.7,0.0078,0x3b...59ce,https://bscscan.com/tx/0x5415d77f5ae0d52ce07c7ded9c429caa0990c1b075ddae8dae71d1407338d103
2023-04-01 13:00:55,True,3.368e-05,1.074e-08,2700000.0,0.29,0x88...9af9,https://bscscan.com/tx/0x34a8d04d9ff392ac19b9f4526143ca33b7b97f465132e4c34f94765094f1ae6b
2023-04-01 12:59:37,False,3.368e-05,1.069e-08,5009606.0,0.5355,0x17...272e,https://bscscan.com/tx/0xea9d630580f8ed48799a65cdfca338d4f6dd47c4ebac24e216e1305a5ae75204
2023-04-01 12:59:37,False,3.368e-05,1.069e-08,39283.2,0.0042,0x17...272e,https://bscscan.com/tx/0xea9d630580f8ed48799a65cdfca338d4f6dd47c4ebac24e216e1305a5ae75204
2023-04-01 12:52:37,True,3.388e-05,1.074e-08,651496.0,0.07,0x84...fcfa,https://bscscan.com/tx/0x4b796516abb568931be8ced6fae889c19929e08ea75347cbd5b367b88a7f85fb
2023-04-01 12:50:34,True,3.388e-05,1.074e-08,50000.0,0.0053,0xec...01a6,https://bscscan.com/tx/0x618efe8c683acbdbf10b5ff375cba6715b9357b94d7b1fa6efa689ffabd8a76b
2023-04-01 12:49:22,True,3.388e-05,1.074e-08,7305769.0,0.7848,0xaa...0342,https://bscscan.com/tx/0x27a1d0adf72b14ded5e866aaa70a80afadff8eeafef71296a05becdadc540148
2023-04-01 12:46:52,False,3.354e-05,1.068e-08,1537434.0,0.1643,0x09...8c5c,https://bscscan.com/tx/0xec13f509c078049ae44092d14853dbd2ffaf5256d70adf8c32e75d6c374f42c4
2023-04-01 12:46:52,False,3.354e-05,1.068e-08,20326.5,0.0021,0x09...8c5c,https://bscscan.com/tx/0xec13f509c078049ae44092d14853dbd2ffaf5256d70adf8c32e75d6c374f42c4
2023-04-01 12:46:16,True,3.389e-05,1.074e-08,2045345.0,0.2198,0xec...d5ca,https://bscscan.com/tx/0x39d735c083a7a9a930a690e568fe3d429945efbf7faba90b700e664fa7b5b03e
2023-04-01 12:46:13,True,3.388e-05,1.074e-08,931000.0,0.1,0x13...dd14,https://bscscan.com/tx/0x84790f9e45c59c412c0764d4fdbde6bf34d2d5da32e199d09f4f61d612b4b04c
2023-04-01 12:41:49,True,3.372e-05,1.074e-08,1844652.0,0.1982,0xac...9663,https://bscscan.com/tx/0x6f7056d782b81c432520cc6fc1e55c7fecb4cf147013e350b27e4d291b9aa206
2023-04-01 12:41:43,True,3.37e-05,1.074e-08,1681873.0,0.1806,0xd7...8281,https://bscscan.com/tx/0xe3fd6714e34aaec9925cb39ad9957dcec5d278257f5090d321f951a2a0729484
2023-04-01 12:41:34,False,3.354e-05,1.068e-08,116808.0,0.0124,0x17...cd20,https://bscscan.com/tx/0x41efadb64277e30f4733060878505c0c624a4b526fec83ce535e3fba4277e0dc
2023-04-01 12:41:34,False,3.354e-05,1.068e-08,22389.0,0.0023,0x17...cd20,https://bscscan.com/tx/0x41efadb64277e30f4733060878505c0c624a4b526fec83ce535e3fba4277e0dc
2023-04-01 12:39:18,True,3.387e-05,1.074e-08,878763.0,0.0943,0xb3...02ac,https://bscscan.com/tx/0x2896a44091b7b24d56ff811867c4178521e4b0e616064b99c5e9792fa92da05b
2023-04-01 12:36:29,True,3.386e-05,1.074e-08,6086550.0,0.6537,0xea...e9b0,https://bscscan.com/tx/0x04f7354cf8153930bac0519f4846cfff9ff0a65d7adf0655484c4d6fecff84e1
2023-04-01 12:33:59,True,3.385e-05,1.073e-08,252009.0,0.027,0xbd...77c2,https://bscscan.com/tx/0x41656be7b87db0b3ec9deada1577dfd78e7731baa0fee1ebdc664b5ea11ca482
2023-04-01 12:31:29,True,3.368e-05,1.073e-08,1034894.0,0.1111,0xbd...77c2,https://bscscan.com/tx/0x3a54eaea913b319ea0a43cd76a96ef0f0b2be44e3e5cbecad7546e9ee7c3105f
2023-04-01 12:30:53,False,3.367e-05,1.068e-08,39880.0,0.0042,0x8c...2412,https://bscscan.com/tx/0xdd73f24204db4b76c2a29a7db545f36c984d1eee05f3144fece5579810ad9f2f
2023-04-01 12:30:53,False,3.367e-05,1.068e-08,90649.7,0.0096,0x8c...2412,https://bscscan.com/tx/0xdd73f24204db4b76c2a29a7db545f36c984d1eee05f3144fece5579810ad9f2f
2023-04-01 12:27:11,True,3.383e-05,1.073e-08,526334.0,0.0565,0xbd...77c2,https://bscscan.com/tx/0x926cc5b1b13148edc04b6d64d990a0310c3335402a30afc3751925aec7a35cd2
2023-04-01 12:24:32,True,3.381e-05,1.073e-08,18211825.0,1.95534,0x40...63cf,https://bscscan.com/tx/0x604cedc27093334ca39128dc5136636ce9262d593b4e5ef332518a39a776b9c5
2023-04-01 12:23:47,False,3.365e-05,1.068e-08,498500.0,0.0532,0x40...76c5,https://bscscan.com/tx/0xbc3b6d2fcf3384ddf9b47c8b87db67a327cfacde20d3fb2a2d7acefdc525d523
2023-04-01 12:23:47,False,3.365e-05,1.068e-08,88887.6,0.0094,0x40...76c5,https://bscscan.com/tx/0xbc3b6d2fcf3384ddf9b47c8b87db67a327cfacde20d3fb2a2d7acefdc525d523
2023-04-01 12:23:29,True,3.379e-05,1.073e-08,31301121.0,3.35874,0xd4...eeaa,https://bscscan.com/tx/0xa93e421e1b587b707e7d3c2099d8d7246528938b0ded1d5c13f305db3cd14fbe
2023-04-01 12:22:20,False,3.344e-05,1.067e-08,1615338.0,0.1724,0xea...b6ec,https://bscscan.com/tx/0xf7c27cbe6249c9bcfbef3c05c6b7ac4e0c95d99761a3126a6138567754f8102e
2023-04-01 12:22:20,False,3.344e-05,1.067e-08,41096.6,0.0043,0xea...b6ec,https://bscscan.com/tx/0xf7c27cbe6249c9bcfbef3c05c6b7ac4e0c95d99761a3126a6138567754f8102e
2023-04-01 12:22:08,True,3.36e-05,1.072e-08,15100978.0,1.61955,0xea...e9b0,https://bscscan.com/tx/0xd590e75c57c2d524620068ad8ba1d2338390411316736d14b0888a146d349af8
2023-04-01 12:17:34,False,3.359e-05,1.066e-08,119640.0,0.0127,0xa2...bc78,https://bscscan.com/tx/0x0bd4c6d73445da257a18f2c41f7498ea29f299e3a62d80847e243f855e4bedea
2023-04-01 12:17:34,False,3.359e-05,1.066e-08,783.0,8.354e-06,0xa2...bc78,https://bscscan.com/tx/0x0bd4c6d73445da257a18f2c41f7498ea29f299e3a62d80847e243f855e4bedea
2023-04-01 12:17:09,False,3.359e-05,1.066e-08,289130.0,0.0308,0xe5...63bb,https://bscscan.com/tx/0x463fed7c223a7b618f86f9404f15490e27a25e61fd78b674b8b2fac870b708d4
2023-04-01 12:17:09,False,3.359e-05,1.066e-08,380409.0,0.0405,0xe5...63bb,https://bscscan.com/tx/0x463fed7c223a7b618f86f9404f15490e27a25e61fd78b674b8b2fac870b708d4
2023-04-01 12:13:06,True,3.376e-05,1.072e-08,20059.2,0.0021,0xf1...d25c,https://bscscan.com/tx/0x4e9c9899c4b7cfe2c7cbcffae44d39a58d0b0a64546b3af8ac19cef969e334e3
2023-04-01 12:13:06,True,3.376e-05,1.072e-08,12034.7,0.0012,0xf1...d25c,https://bscscan.com/tx/0x4e9c9899c4b7cfe2c7cbcffae44d39a58d0b0a64546b3af8ac19cef969e334e3
2023-04-01 12:10:21,True,3.364e-05,1.072e-08,10052729.0,1.07783,0xa0...16cb,https://bscscan.com/tx/0x924b3b73b82fd8542e9aab7db9ec9508a473698a0d991b41af6161e79e5e06cb
2023-04-01 12:10:18,True,3.363e-05,1.072e-08,1479077.0,0.1585,0x34...589a,https://bscscan.com/tx/0x9ca6f63cbed88f8fff858bcafadfa672b49728509289fd6d53606b21ef66bb23
2023-04-01 12:09:12,True,3.38e-05,1.071e-08,2332135.0,0.25,0x0c...11ea,https://bscscan.com/tx/0xfb473bf7c68f2932dbb02e464e3145c2594a507b8f595c113e13065ad44178fe
2023-04-01 12:05:00,True,3.38e-05,1.071e-08,20709292.0,2.21938,0x44...095e,https://bscscan.com/tx/0x69bfc617867bd345a02d0b3be72cc8e23b97509b4e6de9aa536e22b2967d572a
2023-04-01 12:03:42,True,3.358e-05,1.07e-08,88925551.0,9.5174,0x44...095e,https://bscscan.com/tx/0xd13d269375b25e90856f7c30a48d93796dac3a3caf8455bfe08c0a4baa9f4db4
2023-04-01 12:01:27,False,3.355e-05,1.064e-08,17309319.0,1.84172,0xc3...74ce,https://bscscan.com/tx/0x7b1cf044d96f0d0f51e3102aca94aaa4f6cb83a1e127a08a29db6ca70361917a
2023-04-01 12:01:27,False,3.356e-05,1.064e-08,7590.82,8.078e-05,0xc3...74ce,https://bscscan.com/tx/0x7b1cf044d96f0d0f51e3102aca94aaa4f6cb83a1e127a08a29db6ca70361917a
2023-04-01 11:59:06,False,3.356e-05,1.064e-08,2802979.0,0.2983,0xb9...86b5,https://bscscan.com/tx/0x8f753dee9e79c54e0763e0ad4626607bf2b27da1f53b9a2b6014ab2dc712de82
2023-04-01 11:59:06,False,3.356e-05,1.064e-08,3211.96,3.418e-05,0xb9...86b5,https://bscscan.com/tx/0x8f753dee9e79c54e0763e0ad4626607bf2b27da1f53b9a2b6014ab2dc712de82
2023-04-01 11:58:27,True,3.356e-05,1.069e-08,180000.0,0.0192,0x6f...d2c6,https://bscscan.com/tx/0x8dbaf74a5920e91043f9855e04e4952800dcb1bfcfcb942d0a1f0907d7b8b1c2
2023-04-01 11:55:27,False,3.339e-05,1.064e-08,997000.0,0.1061,0xb6...a074,https://bscscan.com/tx/0xdf5909c71c90d02a90ef9bb2e7ad005f1f25b811d9a72fec534629481c826b04
2023-04-01 11:55:27,False,3.339e-05,1.064e-08,178731.0,0.019,0xb6...a074,https://bscscan.com/tx/0xdf5909c71c90d02a90ef9bb2e7ad005f1f25b811d9a72fec534629481c826b04
2023-04-01 11:54:00,True,3.373e-05,1.069e-08,592808.0,0.0634,0x0f...27cd,https://bscscan.com/tx/0xbcd8c78fdb3b2f4648e09be1ad0d43fdac0e76a86a8cdc41258a7ff22ee02366
2023-04-01 11:52:03,True,3.373e-05,1.069e-08,747915.0,0.08,0xa6...eb6c,https://bscscan.com/tx/0x239fb7b6d40c888610942349c2c8a052c90ddfebe165c34a77d3564352f26dcd
2023-04-01 11:50:57,True,3.373e-05,1.069e-08,187001.0,0.02,0x71...c8a5,https://bscscan.com/tx/0x9ea23ed6c81e1c9c4530ba0bc361d1eb6645852a69342c42bb3be8d6473a31b8
2023-04-01 11:50:51,True,3.373e-05,1.069e-08,1663864.0,0.1779,0xb4...8904,https://bscscan.com/tx/0x5f53f80f56e4a36331500a27e7acbb2ff9cb72383a4eab6eb77704a386116ebc
2023-04-01 11:49:51,False,3.358e-05,1.065e-08,62816117.0,6.6902,0xac...111d,https://bscscan.com/tx/0x6b772cba214cc7b0ea8bf076b4b0a5e5ecbfc9f368cd68853cda96f4618437e8
2023-04-01 11:49:51,False,3.361e-05,1.065e-08,1792.02,1.91e-05,0xac...111d,https://bscscan.com/tx/0x6b772cba214cc7b0ea8bf076b4b0a5e5ecbfc9f368cd68853cda96f4618437e8
2023-04-01 11:44:24,True,3.361e-05,1.071e-08,221165.0,0.0236,0x8b...0a34,https://bscscan.com/tx/0xf23dd3f7e937f4d46e96e6eb3a12b5fd971d1df162d56655a4016fd24317eaa2
2023-04-01 11:43:06,False,3.361e-05,1.065e-08,211076.0,0.0225,0x75...764a,https://bscscan.com/tx/0x2c6a2de2e88a35ee7544c61b9ec765a4ced75036b1ce93d975d5cb21d4ad3e9a
2023-04-01 11:43:06,False,3.361e-05,1.065e-08,8910.0,9.496e-05,0x75...764a,https://bscscan.com/tx/0x2c6a2de2e88a35ee7544c61b9ec765a4ced75036b1ce93d975d5cb21d4ad3e9a
2023-04-01 11:42:39,False,3.361e-05,1.065e-08,3290100.0,0.3506,0x89...cf77,https://bscscan.com/tx/0x05ef7dfcfb24870f87ed6b026702a90e12dd360146669b334c1af4a0a9856b89
2023-04-01 11:42:39,False,3.361e-05,1.065e-08,5346.04,5.698e-05,0x89...cf77,https://bscscan.com/tx/0x05ef7dfcfb24870f87ed6b026702a90e12dd360146669b334c1af4a0a9856b89
2023-04-01 11:40:33,True,3.378e-05,1.071e-08,1598474.0,0.1712,0xad...c85d,https://bscscan.com/tx/0x8c58db79c9ad35f429caae8351a503617cc437fb17081bdc7a3c7afb3f1511c6
2023-04-01 11:39:21,False,3.344e-05,1.065e-08,380395.0,0.0405,0x82...84dd,https://bscscan.com/tx/0x556cc744c3346f90e9ef80854b602310cb3a70aa413f5a037f4e599ac3db7b6a
2023-04-01 11:39:21,False,3.344e-05,1.065e-08,100.492,1.071e-06,0x82...84dd,https://bscscan.com/tx/0x556cc744c3346f90e9ef80854b602310cb3a70aa413f5a037f4e599ac3db7b6a
2023-04-01 11:39:03,False,3.344e-05,1.065e-08,37107.4,0.0039,0xbb...7fd2,https://bscscan.com/tx/0x698e9c33211233a21e068dbcfa1785cf34852b378eef5d3ebc3ce3469637c389
2023-04-01 11:39:03,False,3.344e-05,1.065e-08,39293.9,0.0041,0xbb...7fd2,https://bscscan.com/tx/0x698e9c33211233a21e068dbcfa1785cf34852b378eef5d3ebc3ce3469637c389
2023-04-01 11:37:42,True,3.361e-05,1.071e-08,888158.0,0.0951,0xa4...3eb4,https://bscscan.com/tx/0x6930072b0437f8a2cb8008e6eaf2cd466c1d0f33cabf44c85e2634cc5a3bd04d
2023-04-01 11:32:21,True,3.361e-05,1.071e-08,1586991.0,0.17,0xf4...3a1a,https://bscscan.com/tx/0xade06919aa65d5479756b2114f4898ab35a071b1767ceadf6f9f11904e892197
2023-04-01 11:29:45,False,3.363e-05,1.065e-08,12041929.0,1.28366,0x56...241a,https://bscscan.com/tx/0x901c980784a10eee9c089e31419c8f07310246397dc8dd18da69e502cdba3e25
2023-04-01 11:29:45,False,3.363e-05,1.066e-08,11493.0,0.0012,0x56...241a,https://bscscan.com/tx/0x901c980784a10eee9c089e31419c8f07310246397dc8dd18da69e502cdba3e25
2023-04-01 11:29:15,True,3.363e-05,1.071e-08,194956.0,0.0208,0x43...b316,https://bscscan.com/tx/0xc1ca8bd47d0ea61bb5254c854d215e322f3213acf46188986c153aa1194df96e
2023-04-01 11:27:22,True,3.363e-05,1.071e-08,769198.0,0.0824,0xd6...1f9c,https://bscscan.com/tx/0xe17fd415b46ab70578b5ba661597d9f8ad9cf54ad6aa2e2bc2af26f26fc515ef
2023-04-01 11:26:42,False,3.362e-05,1.066e-08,716399.0,0.0763,0xd4...f3e1,https://bscscan.com/tx/0xa9218f802c32a8cf316a075e54d08877ef9785b2dd52a74fa854d2deb088c6cf
2023-04-01 11:26:42,False,3.362e-05,1.066e-08,12083.0,0.0012,0xd4...f3e1,https://bscscan.com/tx/0xa9218f802c32a8cf316a075e54d08877ef9785b2dd52a74fa854d2deb088c6cf
2023-04-01 11:20:20,True,3.364e-05,1.071e-08,37331.1,0.004,0xbb...7fd2,https://bscscan.com/tx/0x8983b171dfa8720d351bf02ad7d86132e566c6dd74948e75dcb0c0125fc59fb9
2023-04-01 11:20:08,True,3.38e-05,1.071e-08,489390.0,0.0524,0x12...bf34,https://bscscan.com/tx/0x6aa5bee0b45c2c56760dea59c201fe0d52fef9afa1c2a82804282c37506055ce
2023-04-01 11:19:53,False,3.347e-05,1.066e-08,2439222.0,0.26,0x17...2019,https://bscscan.com/tx/0xa76677d7f9a1a40d8723aa1801353e06f6020c1c913b43a837ed8b788a1100bd
2023-04-01 11:19:53,False,3.347e-05,1.066e-08,65974.1,0.007,0x17...2019,https://bscscan.com/tx/0xa76677d7f9a1a40d8723aa1801353e06f6020c1c913b43a837ed8b788a1100bd
2023-04-01 11:18:35,True,3.38e-05,1.071e-08,4434857.0,0.4751,0x71...cd66,https://bscscan.com/tx/0x49380f08d6c5ba0c7752efad3c8d72d00566a6c0817715e1042aefad0b432f3a
2023-04-01 11:18:29,False,3.364e-05,1.066e-08,19940000.0,2.12627,0x4b...b912,https://bscscan.com/tx/0x68b7efba96ff2d93b446b0f102579f24d1b816ef63d847d0855f1a3bbfe1c4cb
2023-04-01 11:18:29,False,3.365e-05,1.066e-08,2856.51,3.046e-05,0x4b...b912,https://bscscan.com/tx/0x68b7efba96ff2d93b446b0f102579f24d1b816ef63d847d0855f1a3bbfe1c4cb
2023-04-01 11:18:20,True,3.382e-05,1.071e-08,57967.2,0.0062,0x9f...796c,https://bscscan.com/tx/0xf7681568230679e223e07af973fe024d5d4642142f4588bfbf1f5f1493cb1b8f
2023-04-01 11:18:20,False,3.365e-05,1.066e-08,997000.0,0.1063,0xa4...61d6,https://bscscan.com/tx/0x221876656f33ce9a01091f530901114422c0e284cd27a94ad4b3e60be03356f9
2023-04-01 11:18:20,False,3.365e-05,1.066e-08,14998.7,0.0016,0xa4...61d6,https://bscscan.com/tx/0x221876656f33ce9a01091f530901114422c0e284cd27a94ad4b3e60be03356f9
2023-04-01 11:17:26,True,3.382e-05,1.071e-08,1477814.0,0.1584,0x71...cd66,https://bscscan.com/tx/0x8bcd8857fc0c67c3945e04378f6e2c1cd17bd17e6fe290d5cc825e535b62ec8b
2023-04-01 11:14:49,True,3.382e-05,1.071e-08,2956637.0,0.3169,0x1c...10f8,https://bscscan.com/tx/0x69d6151b4b9453167838849f165ae19f82c87b366a0efd2fb3854047c7b34d7b
2023-04-01 11:14:34,False,3.365e-05,1.066e-08,1117275.0,0.1191,0xab...af53,https://bscscan.com/tx/0xf4630b7930bd40beccba5d5356301b9059b751107d8b38eafaa5cf8b286fae54
2023-04-01 11:14:34,False,3.365e-05,1.066e-08,817.776,8.721e-06,0xab...af53,https://bscscan.com/tx/0xf4630b7930bd40beccba5d5356301b9059b751107d8b38eafaa5cf8b286fae54
2023-04-01 11:11:34,False,3.348e-05,1.066e-08,301971.0,0.0322,0x82...84dd,https://bscscan.com/tx/0x6b1f71dc15d6e651ff4ae6fcc766684adce3c4cb117822e3b4b5868fbdffc172
2023-04-01 11:11:34,False,3.348e-05,1.066e-08,52295.3,0.0055,0x82...84dd,https://bscscan.com/tx/0x6b1f71dc15d6e651ff4ae6fcc766684adce3c4cb117822e3b4b5868fbdffc172
2023-04-01 11:07:01,True,3.363e-05,1.071e-08,1530034.0,0.164,0xa4...3eb4,https://bscscan.com/tx/0x491c3e1696f4aed50fb37b086e0cf3dd7ee41fb5ecad26df78423edef0b43f2f
2023-04-01 11:03:34,True,3.379e-05,1.071e-08,1450000.0,0.1554,0xd0...3b31,https://bscscan.com/tx/0xcb4519f77f0a9760b03dff4ca6b23b3de7e4c084dbf67cc7eb052ed2655c70c2
2023-04-01 11:02:43,True,3.362e-05,1.071e-08,6064925.0,0.65,0x53...6deb,https://bscscan.com/tx/0x1bf37863ddd9d7c460d98c5887123658c372c0de4be359427c670c7d79feea64
2023-04-01 11:02:19,True,3.378e-05,1.071e-08,1000000.0,0.1071,0xcc...acff,https://bscscan.com/tx/0xc4e6b9923b60fb353dfa9b5aea14417032b2c5a0c9ec368c4ef0b9d577618ebe
2023-04-01 11:01:40,False,3.344e-05,1.066e-08,442064.0,0.0471,0xa6...0952,https://bscscan.com/tx/0x7bc673e78554bc33087f9894bb846f1cab043b3bcbb3e50e40e3da5bcb7bca85
2023-04-01 11:01:40,False,3.344e-05,1.066e-08,7650.74,8.157e-05,0xa6...0952,https://bscscan.com/tx/0x7bc673e78554bc33087f9894bb846f1cab043b3bcbb3e50e40e3da5bcb7bca85
2023-04-01 11:01:31,True,3.361e-05,1.071e-08,7465.17,8e-05,0xec...66b9,https://bscscan.com/tx/0x8e14336e316c3b84d856658653473f4711b2cc316acc3c643622dc96d639d082
2023-04-01 10:59:34,True,3.362e-05,1.072e-08,38549.0,0.0041,0xba...7aaf,https://bscscan.com/tx/0xb97358d6d0a52787c6d7c03ece48dc1e3692739da8bb013e798b45f3b865340a
2023-04-01 10:58:25,False,3.36e-05,1.066e-08,2779232.0,0.2963,0x6b...9f5d,https://bscscan.com/tx/0x2720d710cd93055f5d85e2272dcbe0fd16018d7443b643ecb53297bcff354886
2023-04-01 10:58:25,False,3.361e-05,1.066e-08,14035.6,0.0015,0x6b...9f5d,https://bscscan.com/tx/0x2720d710cd93055f5d85e2272dcbe0fd16018d7443b643ecb53297bcff354886
2023-04-01 10:58:16,False,3.361e-05,1.066e-08,5182772.0,0.5527,0x6b...9f5d,https://bscscan.com/tx/0xfa3c505013f2c2e72fbacd465d121c0541fe25852f0c68a5838850de64ea554e
2023-04-01 10:58:16,False,3.361e-05,1.066e-08,13669.6,0.0014,0x6b...9f5d,https://bscscan.com/tx/0xfa3c505013f2c2e72fbacd465d121c0541fe25852f0c68a5838850de64ea554e
2023-04-01 10:58:16,False,3.361e-05,1.066e-08,5047621.0,0.5383,0x6b...9f5d,https://bscscan.com/tx/0xda3787455df7ed03d437faeaf0ca680e192ec67391a46c637e49392d1e620419
2023-04-01 10:58:16,False,3.361e-05,1.066e-08,263408.0,0.0281,0x6b...9f5d,https://bscscan.com/tx/0xda3787455df7ed03d437faeaf0ca680e192ec67391a46c637e49392d1e620419
2023-04-01 10:58:10,True,3.378e-05,1.071e-08,7901864.0,0.8469,0xfc...0cf8,https://bscscan.com/tx/0x2d45a8feb81b22545da2f7d16424eac46cd0e4cd72a41a51a041c3656f316924
2023-04-01 10:56:22,True,3.377e-05,1.071e-08,5598536.0,0.6,0xd3...79c6,https://bscscan.com/tx/0xda9bfbdb6751da60f67b2ca3d5913bee5a19c8023cd92bd1c793ff8e97905a22
2023-04-01 10:55:46,True,3.373e-05,1.07e-08,82890616.0,8.87399,0x43...6296,https://bscscan.com/tx/0x6a653d2c40beb431ef62ce7475d91f88315af2c78d7691668099fe2f1751db70
2023-04-01 10:55:34,True,3.37e-05,1.069e-08,557709.0,0.0596,0x63...fd28,https://bscscan.com/tx/0xcee49441519d5b495c2dadae14f2ef23b3266c6a72d389e3ff21fa44f90e1de5
2023-04-01 10:52:22,False,3.336e-05,1.064e-08,607952.0,0.0647,0x33...da32,https://bscscan.com/tx/0x498e8417b0109bc7419e7730f6d0f6fe9ca71b4682dd9b11a7959e92a3e1b9a8
2023-04-01 10:52:22,False,3.336e-05,1.064e-08,37630.1,0.004,0x33...da32,https://bscscan.com/tx/0x498e8417b0109bc7419e7730f6d0f6fe9ca71b4682dd9b11a7959e92a3e1b9a8
2023-04-01 10:52:01,True,3.369e-05,1.069e-08,74801.3,0.008,0x46...2343,https://bscscan.com/tx/0x67177189b4a7dc214385c44f12d4365306a671ed4dc3b62de46ca262f6cd1293
2023-04-01 10:51:34,True,3.368e-05,1.069e-08,12366035.0,1.32235,0xfc...0cf8,https://bscscan.com/tx/0x915e268dfb216be6fd92fcc75ba5c4fbe1141d97db422fbeb941cf6416aa46db
2023-04-01 10:50:31,False,3.334e-05,1.063e-08,1491750.0,0.1587,0x60...afb6,https://bscscan.com/tx/0x0f0d3e09ee7a2b3b59b3330fccb361e146b7d0b52d5f04124b0002650ece172b
2023-04-01 10:50:31,False,3.334e-05,1.063e-08,10586.0,0.0011,0x60...afb6,https://bscscan.com/tx/0x0f0d3e09ee7a2b3b59b3330fccb361e146b7d0b52d5f04124b0002650ece172b
2023-04-01 10:48:13,True,3.351e-05,1.069e-08,100000.0,0.0106,0xaa...4d7f,https://bscscan.com/tx/0x4f890bf72efcff46cbe176cebe5489f106a31ace2fc0ce15fe117fd97cc16462
2023-04-01 10:43:07,False,3.354e-05,1.063e-08,1008287.0,0.1072,0x0d...71f6,https://bscscan.com/tx/0x82185d2288e2e7ebb5bf745f18a29cae67b5c636334d87add8d46138d7f42a3c
2023-04-01 10:43:07,False,3.354e-05,1.063e-08,5878.38,6.254e-05,0x0d...71f6,https://bscscan.com/tx/0x82185d2288e2e7ebb5bf745f18a29cae67b5c636334d87add8d46138d7f42a3c
2023-04-01 10:41:46,True,3.354e-05,1.069e-08,4000.0,4.276e-05,0x0c...ee84,https://bscscan.com/tx/0x7818ac30214eb9befc64c1cece47797ea684db18ce300e38ada12b634eeb98e8
2023-04-01 10:41:16,True,3.371e-05,1.069e-08,1000000.0,0.1069,0x0c...ee84,https://bscscan.com/tx/0xbeda80db8eb80b98123e37c909e918be7a19bc9400e6181180b07ae273d007d8
2023-04-01 10:41:07,False,3.354e-05,1.063e-08,1169658.0,0.1244,0x50...4e0b,https://bscscan.com/tx/0x7bbb449dcfe7d5237be571d1f9dc2e2aa04fce60b78aceedf7ea85998ad94265
2023-04-01 10:41:07,False,3.354e-05,1.063e-08,34930.7,0.0037,0x50...4e0b,https://bscscan.com/tx/0x7bbb449dcfe7d5237be571d1f9dc2e2aa04fce60b78aceedf7ea85998ad94265
2023-04-01 10:39:19,True,3.369e-05,1.069e-08,10000.0,0.001,0x7a...14fa,https://bscscan.com/tx/0xd7642087e59961b44e8c530b7699843d1cc59890af818b1da543f8f1110fef14
2023-04-01 10:35:31,True,3.351e-05,1.069e-08,150002.0,0.016,0x8d...35df,https://bscscan.com/tx/0xf998f237fbc0833f06d0d0caa6faa4b12c20230a8b44f2e4aff55f78bfda34bb
2023-04-01 10:33:37,False,3.351e-05,1.064e-08,12738950.0,1.35551,0xa4...429e,https://bscscan.com/tx/0xb552f5e10d243848a1d576896637753c8ce31db8e89d26e3d6741660b78954de
2023-04-01 10:33:37,False,3.352e-05,1.064e-08,617.198,6.568e-06,0xa4...429e,https://bscscan.com/tx/0xb552f5e10d243848a1d576896637753c8ce31db8e89d26e3d6741660b78954de
2023-04-01 10:30:46,False,3.335e-05,1.064e-08,227906.0,0.0242,0x97...c7db,https://bscscan.com/tx/0xba88975e839f1d8bf104796f144bee3252723d6261e3ff9c43a03d9d081cb9c2
2023-04-01 10:30:46,False,3.335e-05,1.064e-08,1401.03,1.491e-05,0x97...c7db,https://bscscan.com/tx/0xba88975e839f1d8bf104796f144bee3252723d6261e3ff9c43a03d9d081cb9c2
2023-04-01 10:29:32,False,3.352e-05,1.064e-08,517343.0,0.055,0xdb...4d8d,https://bscscan.com/tx/0x454c8d683f0c95dd75b9af4129b8fd6911a30b477365ca8fe199b3fd6e33e2d0
2023-04-01 10:29:32,False,3.352e-05,1.064e-08,3542.88,3.77e-05,0xdb...4d8d,https://bscscan.com/tx/0x454c8d683f0c95dd75b9af4129b8fd6911a30b477365ca8fe199b3fd6e33e2d0
2023-04-01 10:26:42,True,3.352e-05,1.069e-08,672071.0,0.0718,0xd3...ad6b,https://bscscan.com/tx/0x4ad92d8b5cad0136fcca56c4abdaad0c31470018adeda71dfbcf266ba0d6d08a
2023-04-01 10:26:03,False,3.353e-05,1.064e-08,638185.0,0.0679,0x4e...16b1,https://bscscan.com/tx/0x7d2553a94715d0fbda63c7d01f4389f79d4526b2e8b6c1cbc32c4a01a8b2d78b
2023-04-01 10:26:03,False,3.353e-05,1.064e-08,2222.79,2.365e-05,0x4e...16b1,https://bscscan.com/tx/0x7d2553a94715d0fbda63c7d01f4389f79d4526b2e8b6c1cbc32c4a01a8b2d78b
2023-04-01 10:25:18,True,3.353e-05,1.069e-08,324756.0,0.0347,0x22...e3a7,https://bscscan.com/tx/0xcb900cafb6b2a5ba68ae865cd85e3989522e9bc224233085c594466204614ec2
2023-04-01 10:24:06,False,3.353e-05,1.064e-08,497005.0,0.0528,0x04...11bf,https://bscscan.com/tx/0xccef8f66dbc7615d07e3ff74aca004a251b822ea23dc061676dd1575ec88529d
2023-04-01 10:24:06,False,3.353e-05,1.064e-08,12467.2,0.0013,0x04...11bf,https://bscscan.com/tx/0xccef8f66dbc7615d07e3ff74aca004a251b822ea23dc061676dd1575ec88529d
2023-04-01 10:20:36,False,3.352e-05,1.064e-08,821037.0,0.0873,0x96...44ff,https://bscscan.com/tx/0x2bbb42b237b89ef0427b57439b88eb6b80e11213128a8edf0d56878e5db596cd
2023-04-01 10:20:36,False,3.352e-05,1.064e-08,18007.9,0.0019,0x96...44ff,https://bscscan.com/tx/0x2bbb42b237b89ef0427b57439b88eb6b80e11213128a8edf0d56878e5db596cd
2023-04-01 10:17:03,False,3.352e-05,1.064e-08,1265690.0,0.1347,0x99...7a2b,https://bscscan.com/tx/0x1378d185f0f819ff04ca584e0b0685856ea071dbd9d2dd6e2c514be4e8e1a0d7
2023-04-01 10:17:03,False,3.352e-05,1.064e-08,3286.53,3.497e-05,0x99...7a2b,https://bscscan.com/tx/0x1378d185f0f819ff04ca584e0b0685856ea071dbd9d2dd6e2c514be4e8e1a0d7
2023-04-01 10:10:45,True,3.356e-05,1.069e-08,899620.0,0.0962,0x2a...d6fc,https://bscscan.com/tx/0x567084983600e23bb2ec3536478b547835bd8d7eb01e5e5d7d2f5731f88618b1
2023-04-01 10:08:27,True,3.355e-05,1.069e-08,220612.0,0.0236,0x34...12d6,https://bscscan.com/tx/0x086f578ae534a71147be2e09086e8990e39b59c4701f0c877854cd9075b2e940
2023-04-01 10:08:18,False,3.338e-05,1.064e-08,96709.0,0.0102,0x8c...1514,https://bscscan.com/tx/0x6e5ff4fc4440e91990ef8439379ff7b783612d1f9804ebe10d64ad38588be292
2023-04-01 10:08:18,False,3.338e-05,1.064e-08,3326.9,3.54e-05,0x8c...1514,https://bscscan.com/tx/0x6e5ff4fc4440e91990ef8439379ff7b783612d1f9804ebe10d64ad38588be292
2023-04-01 10:06:24,True,3.372e-05,1.069e-08,911105.0,0.0974,0x2a...d6fc,https://bscscan.com/tx/0xd3ba511cfdcfd1f5f86c0ef3e2cc989536aa757333d9e0b4ea78386e24c68f22
2023-04-01 10:05:48,False,3.338e-05,1.064e-08,320116.0,0.034,0x2e...6125,https://bscscan.com/tx/0xcbe7e459432e224449910bf5dafaf894aca01ffb75ba3104ecddc3b5bb5b8ae1
2023-04-01 10:05:48,False,3.339e-05,1.064e-08,2505.01,2.665e-05,0x2e...6125,https://bscscan.com/tx/0xcbe7e459432e224449910bf5dafaf894aca01ffb75ba3104ecddc3b5bb5b8ae1
2023-04-01 10:03:38,False,3.339e-05,1.064e-08,924999.0,0.0984,0x42...25da,https://bscscan.com/tx/0x709b3b69dadd25febf074a3625b6bdc9bb962677529cb83b76fa348b025e09e5
2023-04-01 10:03:38,False,3.339e-05,1.064e-08,30433.3,0.0032,0x42...25da,https://bscscan.com/tx/0x709b3b69dadd25febf074a3625b6bdc9bb962677529cb83b76fa348b025e09e5
2023-04-01 09:45:28,False,3.338e-05,1.064e-08,9756889.0,1.03854,0x17...2019,https://bscscan.com/tx/0x3c67de88be25ebbafe9efa96951ee9466f523fb4dc3c0c992bb22e376a818be8
2023-04-01 09:45:28,False,3.338e-05,1.064e-08,1792.38,1.908e-05,0x17...2019,https://bscscan.com/tx/0x3c67de88be25ebbafe9efa96951ee9466f523fb4dc3c0c992bb22e376a818be8
2023-04-01 09:45:13,False,3.339e-05,1.064e-08,661855.0,0.0704,0x1c...bfea,https://bscscan.com/tx/0x761e9dd563b002a9c404e2ea5e7ba38201c59dceb920c9cdc8ab68b12bb84ab5
