datetime,buy_order,price_USD,price_native,amount_token,total_native,maker,etherscan_url
2023-03-19 20:45:38,True,3.967e-05,1.166e-08,131247.0,0.0153,0x89...5f73,https://bscscan.com/tx/0x75be30aa13f30371e48c3d5408f1df0c103e4033b25e72bfba75faa6b5a7b632
2023-03-19 20:45:38,True,3.967e-05,1.166e-08,1214561.0,0.1416,0x7b...95c2,https://bscscan.com/tx/0x7128345c035b114821971dd10eda48818c3ac6cf329a913103937d000ba3817e
2023-03-19 20:45:32,False,3.947e-05,1.16e-08,199400.0,0.0231,0xd0...98dc,https://bscscan.com/tx/0xa00c100d9decf8091bdca55d82112799a6145aef685c07e62fe3309523d5c634
2023-03-19 20:45:32,False,3.947e-05,1.16e-08,23413.4,0.0027,0xd0...98dc,https://bscscan.com/tx/0xa00c100d9decf8091bdca55d82112799a6145aef685c07e62fe3309523d5c634
2023-03-19 20:44:38,False,3.927e-05,1.16e-08,24925.5,0.0028,0xd0...98dc,https://bscscan.com/tx/0x8c6bcede37273e35bfb7d7f373302c17790c36e6846e27047c19e11da3a3bdab
2023-03-19 20:44:38,False,3.927e-05,1.16e-08,275144.0,0.0319,0xd0...98dc,https://bscscan.com/tx/0x8c6bcede37273e35bfb7d7f373302c17790c36e6846e27047c19e11da3a3bdab
2023-03-19 20:44:02,True,3.966e-05,1.166e-08,1905217.0,0.2222,0x64...07ce,https://bscscan.com/tx/0x62609e72228c8186529ed7915406a1114ba442dfd7659dcfc761a373c061f05c
2023-03-19 20:43:59,False,3.947e-05,1.161e-08,99700000.0,11.585,0x5e...c49b,https://bscscan.com/tx/0xbc491d400851b2d1aa9486ba0340e4cafa3439567ed3d87f25f731fd91b5c740
2023-03-19 20:43:59,False,3.952e-05,1.163e-08,130325.0,0.0151,0x5e...c49b,https://bscscan.com/tx/0xbc491d400851b2d1aa9486ba0340e4cafa3439567ed3d87f25f731fd91b5c740
2023-03-19 20:42:29,True,3.958e-05,1.169e-08,1000000.0,0.1169,0x86...f869,https://bscscan.com/tx/0x87121d956c077fbf0d183c027c275417a12e02ad58941946de0c253b7b55c621
2023-03-19 20:42:29,False,3.94e-05,1.164e-08,47126554.0,5.48602,0x52...4f27,https://bscscan.com/tx/0x12983aeab1df895cbbaf9a946675c90afb327f1e4950d3c6f481427beeb98efc
2023-03-19 20:42:29,False,3.943e-05,1.164e-08,24200.1,0.0028,0x52...4f27,https://bscscan.com/tx/0x12983aeab1df895cbbaf9a946675c90afb327f1e4950d3c6f481427beeb98efc
2023-03-19 20:42:08,False,3.963e-05,1.164e-08,8936099.0,1.04099,0x8b...5b50,https://bscscan.com/tx/0x2c60821d5bcae946e8114c709382c28e19198d8b9308a5399b324929e62cacb2
2023-03-19 20:42:08,False,3.963e-05,1.165e-08,23536.9,0.0027,0x8b...5b50,https://bscscan.com/tx/0x2c60821d5bcae946e8114c709382c28e19198d8b9308a5399b324929e62cacb2
2023-03-19 20:41:29,True,3.985e-05,1.17e-08,717269.0,0.0839,0xe6...813b,https://bscscan.com/tx/0x1a076358733808e3bcc79a6bb233ae6f26fc501c8905efd2c8358d266e1cdb38
2023-03-19 20:41:05,False,3.966e-05,1.165e-08,7976091.0,0.9293,0x3c...3ca8,https://bscscan.com/tx/0x014a76544896f5a17c2a2049e73c5f97b6e8c053e244d45d1c96d07f16f41fb3
2023-03-19 20:41:05,False,3.966e-05,1.165e-08,46600.5,0.0054,0x3c...3ca8,https://bscscan.com/tx/0x014a76544896f5a17c2a2049e73c5f97b6e8c053e244d45d1c96d07f16f41fb3
2023-03-19 20:40:44,True,3.988e-05,1.17e-08,12331989.0,1.444,0xe9...1b38,https://bscscan.com/tx/0xf5bc42489857c34874ca58e195f33b7f5ac1b69b599a6b5fc83678596ad15599
2023-03-19 20:39:53,True,3.963e-05,1.17e-08,1259215.0,0.1474,0xee...27c0,https://bscscan.com/tx/0x8f37c0186be5ed282d61393a74b3881a7d3316a666433b367d469b7bf1fc012a
2023-03-19 20:39:41,False,3.944e-05,1.164e-08,1151948.0,0.1341,0xda...ff60,https://bscscan.com/tx/0x41e86924fb3f6f2b16f448c8619dec3b6fc4e0e7f9ba8942aa5d825384f74cb7
2023-03-19 20:39:41,False,3.944e-05,1.164e-08,15801.8,0.0018,0xda...ff60,https://bscscan.com/tx/0x41e86924fb3f6f2b16f448c8619dec3b6fc4e0e7f9ba8942aa5d825384f74cb7
2023-03-19 20:39:32,True,3.963e-05,1.17e-08,1000000.0,0.117,0xd9...70c3,https://bscscan.com/tx/0x6ba49a319b5a36c191de8484c779f803ce5a71365171d4c68cc2cb8c8e5c43b8
2023-03-19 20:39:20,False,3.944e-05,1.164e-08,4837951.0,0.5636,0xf5...1145,https://bscscan.com/tx/0xb09bc5ea5d925bc0e70b495218932035bead990db7a75d3c7e735c394e09a655
2023-03-19 20:39:20,False,3.944e-05,1.165e-08,57809.9,0.0067,0xf5...1145,https://bscscan.com/tx/0xb09bc5ea5d925bc0e70b495218932035bead990db7a75d3c7e735c394e09a655
2023-03-19 20:38:44,True,3.986e-05,1.17e-08,122398.0,0.0143,0x4f...dea6,https://bscscan.com/tx/0x38611d5c195bf3463748fa843bc9f8557ea98d4baaa3fcbfa479f1e1fdba6bdc
2023-03-19 20:36:53,True,3.991e-05,1.17e-08,12484728.0,1.46156,0xc3...8152,https://bscscan.com/tx/0xd5956e3c10e02256f97389c9adb5651e02ee7d3593abd68676e63be79bd430b8
2023-03-19 20:36:41,True,3.99e-05,1.17e-08,2498733.0,0.2924,0x7b...95c2,https://bscscan.com/tx/0x594fe4edef0bf20afa29827e4d7e66bfbaeff22a66ab40ed17bff0b342953225
2023-03-19 20:35:17,True,3.99e-05,1.17e-08,92319.0,0.0108,0xc7...5a65,https://bscscan.com/tx/0x46b76314807c67fc59654424170fb3b839da0b0a75f83f0954ee5f6299eda489
2023-03-19 20:34:08,False,3.97e-05,1.164e-08,1746982.0,0.2034,0x92...23d6,https://bscscan.com/tx/0x08e089dd54cd48b3f888849d3ef1e36be265bb9b1407b6336a53c5c00e2a4324
2023-03-19 20:34:08,False,3.97e-05,1.164e-08,14840.2,0.0017,0x92...23d6,https://bscscan.com/tx/0x08e089dd54cd48b3f888849d3ef1e36be265bb9b1407b6336a53c5c00e2a4324
2023-03-19 20:32:08,True,3.989e-05,1.17e-08,4161992.0,0.4871,0x7b...a52b,https://bscscan.com/tx/0x5542fb2d9b51dcc0c369f48af3e217943a50d49752a4b95a796cc9e73107ffd3
2023-03-19 20:29:26,False,3.972e-05,1.164e-08,1330367.0,0.1549,0xd1...ac54,https://bscscan.com/tx/0xf73f45ee493b862986dffb291495e88496057e1ab6b1c4d6febad66faba2694a
2023-03-19 20:29:26,False,3.972e-05,1.164e-08,2292.91,2.67e-05,0xd1...ac54,https://bscscan.com/tx/0xf73f45ee493b862986dffb291495e88496057e1ab6b1c4d6febad66faba2694a
2023-03-19 20:29:14,False,3.952e-05,1.164e-08,846677.0,0.0986,0x4b...8e16,https://bscscan.com/tx/0xcfc52a99cb835d999de550839488ee81cda1b1f2956cf717adc34093fdd9a386
2023-03-19 20:29:14,False,3.952e-05,1.164e-08,675.0,7.86e-06,0x4b...8e16,https://bscscan.com/tx/0xcfc52a99cb835d999de550839488ee81cda1b1f2956cf717adc34093fdd9a386
2023-03-19 20:28:41,False,3.953e-05,1.164e-08,249250.0,0.029,0x7e...f0e8,https://bscscan.com/tx/0x5e200cc8d967f973f745cbf7c31dfd0ae7098caa9f0285aa995d474da53aba5f
2023-03-19 20:28:41,False,3.953e-05,1.164e-08,148500.0,0.0172,0x7e...f0e8,https://bscscan.com/tx/0x5e200cc8d967f973f745cbf7c31dfd0ae7098caa9f0285aa995d474da53aba5f
2023-03-19 20:27:32,False,3.975e-05,1.165e-08,54835000.0,6.39039,0x16...3d3c,https://bscscan.com/tx/0xfc06a22331ff82d31da7f6edeb669f9427a4abca79a13d2864d8c0a659d6ccb4
2023-03-19 20:27:32,False,3.978e-05,1.166e-08,22331.7,0.0026,0x16...3d3c,https://bscscan.com/tx/0xfc06a22331ff82d31da7f6edeb669f9427a4abca79a13d2864d8c0a659d6ccb4
2023-03-19 20:25:05,True,3.98e-05,1.172e-08,1259172.0,0.1475,0x01...5e2b,https://bscscan.com/tx/0xd24afb1b59a6bd568f7dd4b1065fdf60ec6a0eb986764a67a1ff92f2e0e675fc
2023-03-19 20:24:17,True,3.98e-05,1.171e-08,426621.0,0.05,0x46...6cfd,https://bscscan.com/tx/0x5b492ca915eed6554d5699befdcc8f39472fa53f88fdebf4950c2b24b2947d4c
2023-03-19 20:20:50,True,3.981e-05,1.171e-08,1604072.0,0.1879,0x0e...40ad,https://bscscan.com/tx/0xa4ac8de1d48cc1581657bd72f37d48791eebef3f8b65b7151fb7bbc987e1aef7
2023-03-19 20:19:26,False,3.981e-05,1.166e-08,3948473.0,0.4604,0xd4...0b4c,https://bscscan.com/tx/0x5d73bf4de1359a68bb5dd9be272d743eb81689821ec44ea9331f85aac62b3888
2023-03-19 20:19:26,False,3.982e-05,1.166e-08,22840.3,0.0026,0xd4...0b4c,https://bscscan.com/tx/0x5d73bf4de1359a68bb5dd9be272d743eb81689821ec44ea9331f85aac62b3888
2023-03-19 20:18:35,True,3.981e-05,1.171e-08,7391222.0,0.8662,0x0c...c0eb,https://bscscan.com/tx/0x427ac87ffd35685820b23ef1cff71f9d2b27afb97426e1e633a095ef90bd82ee
2023-03-19 20:18:14,False,3.959e-05,1.166e-08,1064937.0,0.1241,0x83...dba0,https://bscscan.com/tx/0xc6e8261397e0fe883b255e81cd65444b43efb3523878b3b4535465c29126ec30
2023-03-19 20:18:14,False,3.959e-05,1.166e-08,100084.0,0.0116,0x83...dba0,https://bscscan.com/tx/0xc6e8261397e0fe883b255e81cd65444b43efb3523878b3b4535465c29126ec30
2023-03-19 20:17:26,True,3.991e-05,1.171e-08,35429102.0,4.15,0x8b...dbc0,https://bscscan.com/tx/0xb77e10e548310c466a9f5624558522bf2200c1741a1a1cb276a193fa6e7f27ed
2023-03-19 20:15:29,True,3.969e-05,1.17e-08,238943.0,0.0279,0x7f...95cd,https://bscscan.com/tx/0x152fb9c658749450e0cc7d5194dca430b48847a6c309ccc1b0e3f524e1a31938
2023-03-19 20:15:26,True,3.989e-05,1.17e-08,54323.5,0.0063,0x45...807c,https://bscscan.com/tx/0x07ce82cb975d3512f3ec4a1bbe7c3090b7127853915eb4c4da19b1288dcdfe73
2023-03-19 20:14:56,True,3.989e-05,1.17e-08,117623.0,0.0137,0x15...4042,https://bscscan.com/tx/0xe66e9043c51fd0d5492bccd9b4a589c00f510a341b788dd951e7c5e4cf61010a
2023-03-19 20:12:23,True,3.989e-05,1.17e-08,256232.0,0.03,0xcd...c1ed,https://bscscan.com/tx/0x479912febd88e70418adef5a4c4462652d3e03f0323c97af9b6bf3436961fdbd
2023-03-19 20:12:20,True,3.989e-05,1.17e-08,34093.3,0.0039,0x55...6e76,https://bscscan.com/tx/0x4287c6a61b4224730d53169484de14bc02e7b6d18b4f100c0154c9fceee60a47
2023-03-19 20:12:11,False,3.969e-05,1.165e-08,3700255.0,0.431,0x23...54c9,https://bscscan.com/tx/0x5d3a1de9103d712dd96e69e1eee5afa996908faade21ca540f0f87aaf9b68f7c
2023-03-19 20:11:56,False,3.969e-05,1.165e-08,7471114.0,0.8705,0x00...cbff,https://bscscan.com/tx/0x557878bff260dc25e95d230acfa10a08417fa27bcefff9a1e007074ca41b0ec4
2023-03-19 20:11:56,False,3.969e-05,1.165e-08,688430.0,0.0802,0x00...cbff,https://bscscan.com/tx/0x557878bff260dc25e95d230acfa10a08417fa27bcefff9a1e007074ca41b0ec4
2023-03-19 20:11:56,True,3.977e-05,1.167e-08,251433966.0,29.3536,0x7f...6ad6,https://bscscan.com/tx/0x8b1d38906e6d719ca3fdd586f475b69c1c0c6f2fa0f2cc3281ac9b90e4b68cda
2023-03-19 20:11:47,True,3.963e-05,1.163e-08,332691.0,0.0387,0x55...6e76,https://bscscan.com/tx/0x3a18211e2dc24b5a97ad654b8d2c389a0edb584545d8401b6f39bbfc6d35b04d
2023-03-19 20:10:35,True,3.965e-05,1.163e-08,2420853.0,0.2817,0x59...e7a1,https://bscscan.com/tx/0x4eeffeb18c8ff8228fc4a04c49951734cc17ed46dc9f441e2ccf5b8556c23ef6
2023-03-19 20:09:34,False,3.944e-05,1.157e-08,784080.0,0.0907,0x3e...6fd5,https://bscscan.com/tx/0xaa45c11deef0afd75f6d95728b01cb602c65b78b07383adb0fa2c89b16395abd
2023-03-19 20:09:34,False,3.944e-05,1.157e-08,103360.0,0.0119,0x3e...6fd5,https://bscscan.com/tx/0xaa45c11deef0afd75f6d95728b01cb602c65b78b07383adb0fa2c89b16395abd
2023-03-19 20:08:39,True,3.96e-05,1.163e-08,34469525.0,4.00948,0xa4...8fe9,https://bscscan.com/tx/0xab35b9bd71f9cb11841f2e73cd49b226e1ef25fc12da087f5873a236002eee45
2023-03-19 20:08:24,False,3.938e-05,1.156e-08,3800558.0,0.4397,0xfc...c1a3,https://bscscan.com/tx/0x6674831420d80b988fe60818cfc48ab14febd92fbd736555fb6709f76a3a4fcb
2023-03-19 20:08:24,False,3.938e-05,1.157e-08,369311.0,0.0427,0xfc...c1a3,https://bscscan.com/tx/0x6674831420d80b988fe60818cfc48ab14febd92fbd736555fb6709f76a3a4fcb
2023-03-19 20:08:21,True,3.958e-05,1.162e-08,276301.0,0.0321,0x2a...00a6,https://bscscan.com/tx/0x7d59be491e9411070d134ddf28021c6fd1dcc23cf1acf3331f4ed14f0a85571a
2023-03-19 20:07:59,True,3.958e-05,1.162e-08,149796.0,0.0174,0xc2...9ac1,https://bscscan.com/tx/0x81f5c69f981922aaaeb6c96acab5b2210a9d9b863fc56f3636c020e1553fc4c1
2023-03-19 20:07:56,True,3.934e-05,1.162e-08,29813027.0,3.46536,0x36...99a4,https://bscscan.com/tx/0xac01bf64b514fc8c0c9a4dfb0abdb934ff4f85891f2f98deaa6e4235de3274d7
2023-03-19 20:07:56,True,3.931e-05,1.161e-08,25292725.0,2.9379,0x4b...ad7f,https://bscscan.com/tx/0xf2384578dbe6de51c826856c0744aa5ee23ed367d306300ec4dce1183a619b5b
2023-03-19 20:07:29,True,3.951e-05,1.16e-08,25333096.0,2.94072,0xc1...f4fe,https://bscscan.com/tx/0x36ed8dfb89248e052aa68e6a7a1564577ba5af44858e972f43548236915b6493
2023-03-19 20:07:17,True,3.948e-05,1.16e-08,12661362.0,1.46905,0x17...4266,https://bscscan.com/tx/0x98d46574e236982c3d2292e6d4b165b415b2cbaa66159f9f9c197528248ff5c6
2023-03-19 20:07:11,True,3.947e-05,1.159e-08,12665707.0,1.46909,0x17...4266,https://bscscan.com/tx/0xcd78ef1c0de5d18b1385406758ace7fe2d8e4b1424a972a5273596d505625077
2023-03-19 20:06:16,False,3.927e-05,1.154e-08,26916697.0,3.10702,0xc9...2ec3,https://bscscan.com/tx/0x9d06968cf48adfd773b8ca3b31403f625c4e3d3f94aff85c1fff6ba2128cef5d
2023-03-19 20:06:16,False,3.928e-05,1.154e-08,734643.0,0.0848,0xc9...2ec3,https://bscscan.com/tx/0x9d06968cf48adfd773b8ca3b31403f625c4e3d3f94aff85c1fff6ba2128cef5d
2023-03-19 20:05:34,True,3.946e-05,1.16e-08,23972423.0,2.7812,0xf5...ac7b,https://bscscan.com/tx/0x5ecc9d0188fc72ef87d97510131278f313727b326f49b1c1548a2da7cc0ffbcf
2023-03-19 20:04:27,True,3.943e-05,1.159e-08,12678572.0,1.47025,0x17...4266,https://bscscan.com/tx/0xefdba1b3d7fc6548383651cea14bfcd3e9e71f5e5d12c0a7c9aebe2c923120f5
2023-03-19 20:04:00,True,3.94e-05,1.159e-08,25379085.0,2.94163,0x4b...ad7f,https://bscscan.com/tx/0x5a8c4ced74a3872c8012663bf634465036b9dc91c4ebc03ed18ee6ad9e996743
2023-03-19 20:03:48,True,3.938e-05,1.158e-08,9605941.0,1.11291,0xd8...900a,https://bscscan.com/tx/0xbf42a38433ce231bd67f1e5e6d5f4e36d02902054a45fa67d876767229d0696c
2023-03-19 20:03:00,False,3.927e-05,1.155e-08,199400000.0,23.0414,0xcc...25cf,https://bscscan.com/tx/0x1185fa96f6bcda7becd31cc127d77998e05cc8dbe9a69a93c39f322638611b45
2023-03-19 20:03:00,False,3.937e-05,1.158e-08,13500.0,0.0015,0xcc...25cf,https://bscscan.com/tx/0x1185fa96f6bcda7becd31cc127d77998e05cc8dbe9a69a93c39f322638611b45
2023-03-19 20:02:42,False,3.937e-05,1.158e-08,4985000.0,0.5775,0xaf...63c4,https://bscscan.com/tx/0xb4c55a9ad34d8636b49d41057b0b9622d506f62b032f82d663985a307c512ab0
2023-03-19 20:02:42,False,3.937e-05,1.158e-08,1440.61,1.669e-05,0xaf...63c4,https://bscscan.com/tx/0xb4c55a9ad34d8636b49d41057b0b9622d506f62b032f82d663985a307c512ab0
2023-03-19 20:02:00,False,3.938e-05,1.158e-08,531960.0,0.0616,0x21...0733,https://bscscan.com/tx/0xd1c37f3913154f31049f441b580113d4bbd5b1eed88a2a524d41c77a87b9069d
2023-03-19 20:02:00,False,3.938e-05,1.158e-08,2070.13,2.398e-05,0x21...0733,https://bscscan.com/tx/0xd1c37f3913154f31049f441b580113d4bbd5b1eed88a2a524d41c77a87b9069d
2023-03-19 20:01:33,True,3.938e-05,1.164e-08,171763.0,0.02,0x77...cfb6,https://bscscan.com/tx/0xcb49fb3b7612deb0c834d2317d39b7135110456ed9f6c1257caf044878141fef
2023-03-19 20:01:27,True,3.937e-05,1.164e-08,478989.0,0.0557,0x09...c3c1,https://bscscan.com/tx/0xd84be14d03879d73c33ab04440e5c957c1bcd9fe62c502bead5d487beac2d5c1
2023-03-19 20:01:27,False,3.918e-05,1.158e-08,115615.0,0.0133,0xc0...4454,https://bscscan.com/tx/0x4c34a0bcca51f1004cb4b951628e272c10a91d413dd8c7951a8909224420bcd4
2023-03-19 20:01:27,False,3.918e-05,1.158e-08,5130.58,5.944e-05,0xc0...4454,https://bscscan.com/tx/0x4c34a0bcca51f1004cb4b951628e272c10a91d413dd8c7951a8909224420bcd4
2023-03-19 20:01:23,True,3.957e-05,1.164e-08,479122.0,0.0557,0x09...c3c1,https://bscscan.com/tx/0xd84be14d03879d73c33ab04440e5c957c1bcd9fe62c502bead5d487beac2d5c1
2023-03-19 20:01:23,False,3.937e-05,1.158e-08,115615.0,0.0133,0xc0...4454,https://bscscan.com/tx/0x4c34a0bcca51f1004cb4b951628e272c10a91d413dd8c7951a8909224420bcd4
2023-03-19 20:01:23,False,3.937e-05,1.158e-08,5130.58,5.944e-05,0xc0...4454,https://bscscan.com/tx/0x4c34a0bcca51f1004cb4b951628e272c10a91d413dd8c7951a8909224420bcd4
2023-03-19 20:00:53,True,3.957e-05,1.164e-08,463767.0,0.054,0xc2...9ac1,https://bscscan.com/tx/0xa5e3b87b96b97f928eddcf63537ad2302acd9a631ed20d96218ac9a6ff9f9c64
2023-03-19 20:00:11,False,3.937e-05,1.158e-08,991014.0,0.1148,0x39...0252,https://bscscan.com/tx/0x0097f7853b990806a886aaf893984dba2c475e73bd9085f59f311180f320739e
2023-03-19 20:00:11,False,3.937e-05,1.158e-08,785.7,9.103e-06,0x39...0252,https://bscscan.com/tx/0x0097f7853b990806a886aaf893984dba2c475e73bd9085f59f311180f320739e
2023-03-19 20:00:05,False,3.918e-05,1.158e-08,290127.0,0.0336,0xb1...e2e3,https://bscscan.com/tx/0x0e553a1203061df4cae2c0585e4f9c0572e12256d0afba5c38d78092ecba7be1
2023-03-19 20:00:05,False,3.918e-05,1.158e-08,318165.0,0.0368,0xb1...e2e3,https://bscscan.com/tx/0x0e553a1203061df4cae2c0585e4f9c0572e12256d0afba5c38d78092ecba7be1
2023-03-19 19:59:47,True,3.956e-05,1.164e-08,25364822.0,2.95258,0xc1...f4fe,https://bscscan.com/tx/0x71e9ed679ab2646975e8ae93fb9fc3e66d0b1dcb889689acc1f89e1a915eae74
2023-03-19 19:58:55,True,3.931e-05,1.163e-08,86050.5,0.01,0x21...8ada,https://bscscan.com/tx/0xd8c26893a9ff3cd941b08d4bf49792dc948ac90a82747bdf25cc5ca7273f3737
2023-03-19 19:58:43,True,3.949e-05,1.163e-08,30044147.0,3.49483,0x20...946b,https://bscscan.com/tx/0xa2144b44fd92dac5a31b2aaad714538cdcd616901215d6f6abe9f11b7f45bc7f
2023-03-19 19:58:43,True,3.944e-05,1.161e-08,54572856.0,6.34133,0x19...6dd1,https://bscscan.com/tx/0x87a473ea22ee77299ee54f9f7f821dec375396c8d5c1b497ca38155ba4ac1137
2023-03-19 19:58:28,True,3.922e-05,1.161e-08,7610722.0,0.8836,0x26...27db,https://bscscan.com/tx/0x2439f0b06f535847bc61b433cb02e55f5f1979ce46c65181b24b39082e1b62e3
2023-03-19 19:56:49,False,3.921e-05,1.155e-08,159890.0,0.0184,0x65...e39b,https://bscscan.com/tx/0x0475b1b82b10946114f5622a87313d04f1ae2cebcdc72dd2941bd28b40a63f63
2023-03-19 19:56:49,False,3.921e-05,1.155e-08,4774.27,5.515e-05,0x65...e39b,https://bscscan.com/tx/0x0475b1b82b10946114f5622a87313d04f1ae2cebcdc72dd2941bd28b40a63f63
2023-03-19 19:56:37,False,3.921e-05,1.155e-08,1762945.0,0.2036,0x39...0252,https://bscscan.com/tx/0xf5cc1045b12721b91b80b555b0f1aaf7da05420075457cd955f75519c39cff60
2023-03-19 19:56:37,False,3.921e-05,1.155e-08,3470.52,4.009e-05,0x39...0252,https://bscscan.com/tx/0xf5cc1045b12721b91b80b555b0f1aaf7da05420075457cd955f75519c39cff60
2023-03-19 19:54:45,True,3.943e-05,1.161e-08,855007.0,0.0992,0x5b...2f2c,https://bscscan.com/tx/0x4aaf807f9bec4553354d079985256218cd4a6b843464e03c1b0df0d00e2b8ad2
2023-03-19 19:52:54,False,3.925e-05,1.155e-08,420191.0,0.0485,0x5d...9dc4,https://bscscan.com/tx/0x3e34d32443bc6ca914dd565fece9645fbb7543469521f9fef943e9a774e54903
2023-03-19 19:52:54,False,3.925e-05,1.155e-08,2715.2,3.136e-05,0x5d...9dc4,https://bscscan.com/tx/0x3e34d32443bc6ca914dd565fece9645fbb7543469521f9fef943e9a774e54903
2023-03-19 19:52:51,False,3.925e-05,1.155e-08,1002612.0,0.1158,0xff...cf0f,https://bscscan.com/tx/0x70d5da29734b277b0300732ef3ef7bf454eddfca3d5c20f93071fcb3377a03ff
2023-03-19 19:52:51,False,3.925e-05,1.155e-08,59897.4,0.0069,0xff...cf0f,https://bscscan.com/tx/0x70d5da29734b277b0300732ef3ef7bf454eddfca3d5c20f93071fcb3377a03ff
2023-03-19 19:52:09,True,3.923e-05,1.16e-08,12684754.0,1.47253,0x3e...5fe8,https://bscscan.com/tx/0x52a60bc51047d6cd2e8b3802f94ac1a4c6970dc1af85e1f2e3a5372222d89f5d
2023-03-19 19:51:15,False,3.923e-05,1.155e-08,9470986.0,1.09392,0xe2...b88a,https://bscscan.com/tx/0x7bad8b45a26d56cc8f6d318d3f59dcc209d5b822084acb64148fa8c30cc17cc4
2023-03-19 19:51:15,False,3.923e-05,1.155e-08,3255806.0,0.3761,0xe2...b88a,https://bscscan.com/tx/0x7bad8b45a26d56cc8f6d318d3f59dcc209d5b822084acb64148fa8c30cc17cc4
2023-03-19 19:50:09,True,3.923e-05,1.161e-08,1259785.0,0.1462,0x1a...7d98,https://bscscan.com/tx/0x7829be00fc151aa464ae05f73117876b895923456839174a55dabe9bc12ae6cd
2023-03-19 19:47:51,True,3.942e-05,1.161e-08,252441.0,0.0293,0x81...627a,https://bscscan.com/tx/0x0810126381d04b97c22a3b4c953a2a9bad1207d5ed99938ec90dcbb29bcb8414
2023-03-19 19:47:36,True,3.941e-05,1.16e-08,16926610.0,1.96477,0x46...1fd0,https://bscscan.com/tx/0x5ee8c6e3400ce288e8a6480db075400996c89f01a0e94cdcdfd8d8afdb0aeff9
2023-03-19 19:47:24,True,3.938e-05,1.16e-08,30085435.0,3.49013,0x20...946b,https://bscscan.com/tx/0x8438ef197951f6526e009c000e115caa7f0a88113a1141cf454151a4e4fc6bee
2023-03-19 19:46:27,True,3.917e-05,1.159e-08,2537570.0,0.2942,0xc3...0e94,https://bscscan.com/tx/0xf0dca0181d4c28a1461c20cf381d2c41501aa21eb24b18616264c73cc9a8830b
2023-03-19 19:45:45,True,3.916e-05,1.159e-08,20447511.0,2.3704,0x20...946b,https://bscscan.com/tx/0xbe995b2e215e37669eca3cdf11326f6c4d17fa0041238e40876feb1803862130
2023-03-19 19:45:15,True,3.913e-05,1.158e-08,25422388.0,2.94542,0x4b...ad7f,https://bscscan.com/tx/0x5a4e4e713fe6c6eb99c070bfb0ee91c4a44223d61128d5b21c210afe8605b263
2023-03-19 19:44:09,True,3.927e-05,1.156e-08,100300903.0,11.6025,0x9b...2220,https://bscscan.com/tx/0xfd5dd787d34b61c72268a81a16d311eed3997f7a742dd524d8af45cfe062644d
2023-03-19 19:44:06,True,3.919e-05,1.154e-08,30023316.0,3.46732,0x20...946b,https://bscscan.com/tx/0xf0acb4f4fea2ff9bbad13836c94447ee8df98abaef0e4d7f3228b19a5386c92f
2023-03-19 19:44:06,True,3.917e-05,1.154e-08,12759847.0,1.47281,0x17...4266,https://bscscan.com/tx/0x2832c4c16840439ccf1511e9e4f77d59ce488c689aef4132a2a51f3779045d8b
2023-03-19 19:44:03,True,3.916e-05,1.153e-08,5105156.0,0.5891,0x09...712a,https://bscscan.com/tx/0x935cd7e358e1f0400b4314702179e492128cd4177c28ced94a46aa52f0f91d9b
2023-03-19 19:44:03,True,3.915e-05,1.153e-08,26328133.0,3.03706,0x53...a498,https://bscscan.com/tx/0x5fb8c160d271b46831dedc5cc287e0be6b8fa09bb45f1678d2656dd4162708df
2023-03-19 19:44:03,True,3.912e-05,1.152e-08,25554189.0,2.94587,0x84...40b6,https://bscscan.com/tx/0xae25460b4d18efde4b8895c1e9ba80313ec7c6de053c739132b5996dc0db75a6
2023-03-19 19:44:00,True,3.91e-05,1.152e-08,25571524.0,2.94598,0x17...4266,https://bscscan.com/tx/0x072eaa6e433079bcf9c8a085f7b70ec8d84400492214bd7a1e864cd31317564a
2023-03-19 19:43:57,True,3.9e-05,1.149e-08,207829851.0,23.8852,0xc9...4506,https://bscscan.com/tx/0x38463a4811ed2114507b893ae7b37d8e9489ecf6b9564361bfa45c83b64042a3
2023-03-19 19:43:57,True,3.887e-05,1.145e-08,22213002.0,2.54426,0x66...064e,https://bscscan.com/tx/0x6b3ab6f1127a5bb784003f9b28e7cc454cbcfd1b4a3c83032716311a4449ff31
2023-03-19 19:43:57,True,3.885e-05,1.144e-08,30823462.0,3.52816,0x25...ce11,https://bscscan.com/tx/0x95cf3772c8f03127b37e3d789cc2e49bd381d5864bcd9ce735a31e24d87b2a88
2023-03-19 19:43:57,True,3.882e-05,1.143e-08,20490138.0,2.34387,0xf5...f101,https://bscscan.com/tx/0xc015a94a1a56183435f8d283657725f02da11f584ce40290ba8025cb117643d7
2023-03-19 19:43:57,False,3.892e-05,1.146e-08,614089904.0,70.4163,0x88...307c,https://bscscan.com/tx/0xbff16a18d67353f68a33411516bcf9f71fe16ccf2dffe12cef4435a0f0563251
2023-03-19 19:43:57,False,3.922e-05,1.155e-08,350498.0,0.0405,0x88...307c,https://bscscan.com/tx/0xbff16a18d67353f68a33411516bcf9f71fe16ccf2dffe12cef4435a0f0563251
2023-03-19 19:43:51,False,3.928e-05,1.157e-08,129424686.0,14.9795,0x97...780e,https://bscscan.com/tx/0xd3061a7fdd18f75d2a824ce9e6fad0f03caeac647ebeff639822eb90fc1d43de
2023-03-19 19:43:51,False,3.934e-05,1.159e-08,38339.0,0.0044,0x97...780e,https://bscscan.com/tx/0xd3061a7fdd18f75d2a824ce9e6fad0f03caeac647ebeff639822eb90fc1d43de
2023-03-19 19:42:54,False,3.915e-05,1.159e-08,14157042.0,1.64148,0x02...3f05,https://bscscan.com/tx/0x019b6406980489872df747b2e455b7b612b10ca4406f09516ed1ecbbe73bdb28
2023-03-19 19:42:54,False,3.916e-05,1.159e-08,13500.0,0.0015,0x02...3f05,https://bscscan.com/tx/0x019b6406980489872df747b2e455b7b612b10ca4406f09516ed1ecbbe73bdb28
2023-03-19 19:42:27,False,3.935e-05,1.159e-08,4985000.0,0.5781,0xb2...adfb,https://bscscan.com/tx/0xb5f4cd5ab80623b6430e9059b5c4907d4ae3067ba3c935cbfdf098dc7f7f9acf
2023-03-19 19:42:27,False,3.936e-05,1.159e-08,40617.0,0.0047,0xb2...adfb,https://bscscan.com/tx/0xb5f4cd5ab80623b6430e9059b5c4907d4ae3067ba3c935cbfdf098dc7f7f9acf
2023-03-19 19:41:57,True,3.952e-05,1.165e-08,1069532.0,0.1246,0xa2...6a72,https://bscscan.com/tx/0xdc4047c8a5bf789dad00956cfab06068daa7d5122593a56085161e063e8800a0
2023-03-19 19:40:21,True,3.952e-05,1.165e-08,603842.0,0.0703,0xbf...594b,https://bscscan.com/tx/0x97fe66170d7fa17b38203809a2b97459ebe8fcb6272566421a76884d5a9a17dc
2023-03-19 19:40:03,False,3.913e-05,1.159e-08,13329858.0,1.54624,0x41...b3b1,https://bscscan.com/tx/0x9792c76da969e13f08b293ee85cea13845847e416da6051e6f8778a81a102ab4
2023-03-19 19:40:03,False,3.913e-05,1.16e-08,52181.9,0.006,0x41...b3b1,https://bscscan.com/tx/0x9792c76da969e13f08b293ee85cea13845847e416da6051e6f8778a81a102ab4
2023-03-19 19:39:39,False,3.934e-05,1.16e-08,18926979.0,2.19638,0xf6...4031,https://bscscan.com/tx/0x65db0514b760d8d44d107abc37244cb8e9cb0f06a1c66ec4e861284f5fd5502b
2023-03-19 19:39:39,False,3.935e-05,1.16e-08,365.939,4.247e-06,0xf6...4031,https://bscscan.com/tx/0x65db0514b760d8d44d107abc37244cb8e9cb0f06a1c66ec4e861284f5fd5502b
2023-03-19 19:38:51,False,3.915e-05,1.16e-08,135126.0,0.0156,0xc5...a434,https://bscscan.com/tx/0x159cb18816afd92ade329d3ca6e11df4ffcb5d34d68b92512db7676a8268bd55
2023-03-19 19:38:51,False,3.915e-05,1.16e-08,7210.7,8.369e-05,0xc5...a434,https://bscscan.com/tx/0x159cb18816afd92ade329d3ca6e11df4ffcb5d34d68b92512db7676a8268bd55
2023-03-19 19:37:48,False,3.914e-05,1.16e-08,2662619.0,0.309,0xb0...dec6,https://bscscan.com/tx/0x4840bdf3958d65b59b7a34c14816ecfd4f739da75c301c06483cdb4f66295b99
2023-03-19 19:37:48,False,3.914e-05,1.16e-08,46802.6,0.0054,0xb0...dec6,https://bscscan.com/tx/0x4840bdf3958d65b59b7a34c14816ecfd4f739da75c301c06483cdb4f66295b99
2023-03-19 19:36:06,False,3.933e-05,1.161e-08,17282297.0,2.00658,0x3d...8c04,https://bscscan.com/tx/0x7052bfebeaa79542cd5d655f2e27fe2ccf298e30a2a8398f7ff081929ba68198
2023-03-19 19:36:06,False,3.934e-05,1.161e-08,289159.0,0.0335,0x3d...8c04,https://bscscan.com/tx/0x7052bfebeaa79542cd5d655f2e27fe2ccf298e30a2a8398f7ff081929ba68198
2023-03-19 19:35:03,True,3.932e-05,1.166e-08,25303789.0,2.95239,0x4b...ad7f,https://bscscan.com/tx/0xac7f625f3ed3090c9044304ad469c9d5df1f885ec006899aa44f6f6b9b7f3a7e
2023-03-19 19:34:33,True,3.949e-05,1.165e-08,30085390.0,3.50785,0x20...946b,https://bscscan.com/tx/0x63cb0a6c9c2977a40507a49c7c33002d8788e0d6958f4e041580435f037101d5
2023-03-19 19:34:12,True,3.947e-05,1.164e-08,40554670.0,4.72432,0x7c...6cb0,https://bscscan.com/tx/0x598bc388b1325d258b2496b5ad04b811066a09c5b993b50e49f7db67369a2065
2023-03-19 19:33:42,False,3.923e-05,1.158e-08,997000.0,0.1155,0x9b...20fa,https://bscscan.com/tx/0xc85e71dc97993e4336473b406b2c12b2b00d6ca3ce1ae47a68f3b3f0c445114d
2023-03-19 19:33:42,False,3.923e-05,1.158e-08,308.307,3.571e-06,0x9b...20fa,https://bscscan.com/tx/0xc85e71dc97993e4336473b406b2c12b2b00d6ca3ce1ae47a68f3b3f0c445114d
2023-03-19 19:33:36,False,3.923e-05,1.158e-08,113845.0,0.0131,0x5d...3279,https://bscscan.com/tx/0xaf4d61becda24ef6de1691c5da7134fcfe1dddf24634c1f26f73795b4054c981
2023-03-19 19:33:36,False,3.923e-05,1.158e-08,8607.88,9.972e-05,0x5d...3279,https://bscscan.com/tx/0xaf4d61becda24ef6de1691c5da7134fcfe1dddf24634c1f26f73795b4054c981
2023-03-19 19:32:22,True,3.921e-05,1.164e-08,87094.9,0.0101,0x09...cb28,https://bscscan.com/tx/0x913f7d3d33ecbd253b92cb83070a57ecc20e19cd54189d64e5b8656c6c2eaf29
2023-03-19 19:31:10,False,3.924e-05,1.158e-08,3091707.0,0.3582,0x14...2028,https://bscscan.com/tx/0x39e81aa0ac8c941f48254dd75f7046151aad132a1cedfed94003e4662f4ca233
2023-03-19 19:31:10,False,3.924e-05,1.158e-08,1642.64,1.903e-05,0x14...2028,https://bscscan.com/tx/0x39e81aa0ac8c941f48254dd75f7046151aad132a1cedfed94003e4662f4ca233
2023-03-19 19:30:58,False,3.924e-05,1.158e-08,606558.0,0.0702,0xde...4129,https://bscscan.com/tx/0x40e768fa100727da362f6fe5273c943190716f52b658742c981f16d911e24229
2023-03-19 19:30:58,False,3.924e-05,1.158e-08,18862.5,0.0021,0xde...4129,https://bscscan.com/tx/0x40e768fa100727da362f6fe5273c943190716f52b658742c981f16d911e24229
2023-03-19 19:28:00,True,3.922e-05,1.164e-08,2986090.0,0.3477,0xc2...22c1,https://bscscan.com/tx/0xa92558973b2868e9b579357147cd190574ff61596dd14751110f93c7f19a5268
2023-03-19 19:27:45,False,3.903e-05,1.158e-08,3988006.0,0.462,0xd3...31fd,https://bscscan.com/tx/0x38db479f9aae4db857ccf71a869c2bc94dcda70c0ff250e49f76b22c7c463900
2023-03-19 19:27:45,False,3.903e-05,1.158e-08,5002.56,5.796e-05,0xd3...31fd,https://bscscan.com/tx/0x38db479f9aae4db857ccf71a869c2bc94dcda70c0ff250e49f76b22c7c463900
2023-03-19 19:27:36,False,3.903e-05,1.158e-08,1847243.0,0.214,0x28...8f12,https://bscscan.com/tx/0x7ec4027df83a84cbd9db32f354f46df0b1accaad61c790e4a16fa5d7ce69cda4
2023-03-19 19:27:36,False,3.903e-05,1.158e-08,1141157.0,0.1322,0x28...8f12,https://bscscan.com/tx/0x7ec4027df83a84cbd9db32f354f46df0b1accaad61c790e4a16fa5d7ce69cda4
2023-03-19 19:27:33,False,3.921e-05,1.158e-08,1847243.0,0.214,0x28...8f12,https://bscscan.com/tx/0x7ec4027df83a84cbd9db32f354f46df0b1accaad61c790e4a16fa5d7ce69cda4
2023-03-19 19:27:33,False,3.921e-05,1.158e-08,1141157.0,0.1322,0x28...8f12,https://bscscan.com/tx/0x7ec4027df83a84cbd9db32f354f46df0b1accaad61c790e4a16fa5d7ce69cda4
2023-03-19 19:26:50,True,3.919e-05,1.164e-08,1985489.0,0.2312,0x63...f370,https://bscscan.com/tx/0xa924c97b6d638da73ba7c34a6b509616fbef556964c0ee1746b08259580bfa55
2023-03-19 19:20:10,True,3.919e-05,1.164e-08,11997196.0,1.3969,0x95...208e,https://bscscan.com/tx/0x0a2640d5b2babfc0fde5cf993fe3010d36afd33e35daf0daeadbc7c2c4d8041e
2023-03-19 19:20:01,True,3.918e-05,1.163e-08,25429595.0,2.95951,0xfe...5ad3,https://bscscan.com/tx/0x7d223c9a12c0fe448c534a53e454fd7fa4ced561912a1a45a03aa4f9ef898e78
2023-03-19 19:20:01,True,3.916e-05,1.162e-08,30085413.0,3.49891,0x20...946b,https://bscscan.com/tx/0x20d3159b2918b3af448487a2f7747497963ed4dbf1b9e93033ccea8c8ab18bf6
2023-03-19 19:19:38,True,3.912e-05,1.161e-08,50875272.0,5.91073,0x7c...6cb0,https://bscscan.com/tx/0xad337e13bd83c24ee572a6aac74364534d06736ab2ec46999226ac2ff0b9d195
2023-03-19 19:18:58,True,3.924e-05,1.159e-08,100300903.0,11.6309,0x9b...2220,https://bscscan.com/tx/0x71951f3e9038d54dbfcdb5247018f294da4171eadbf7f10278ffcc1ccdb06ce6
2023-03-19 19:18:52,True,3.921e-05,1.158e-08,1977005.0,0.229,0x7c...eff1,https://bscscan.com/tx/0xc4993c1e205de9064327597d38557df850ea975ff986080da91a9da1783e0b41
2023-03-19 19:18:52,False,3.909e-05,1.155e-08,199400000.0,23.0345,0xcc...25cf,https://bscscan.com/tx/0x2157848d590e6412f1b401e65431806f3072ab1aaa5b7b787442edf711595c4b
2023-03-19 19:18:52,False,3.919e-05,1.158e-08,278341.0,0.0322,0xcc...25cf,https://bscscan.com/tx/0x2157848d590e6412f1b401e65431806f3072ab1aaa5b7b787442edf711595c4b
2023-03-19 19:18:52,True,3.934e-05,1.162e-08,100300903.0,11.6593,0x9b...2220,https://bscscan.com/tx/0x7354d1cd3c0e59f4d3ee60b8437c18345f26fbd6693a504451298ae38d09ac15
2023-03-19 19:18:02,True,3.909e-05,1.16e-08,60294.7,0.007,0xeb...d695,https://bscscan.com/tx/0xcc5cba47566d59e7fdd7bd1821a9707a0327a47613a42f2ea22c25755a2135c7
2023-03-19 19:17:24,True,3.91e-05,1.16e-08,2228083.0,0.2586,0x60...b8fa,https://bscscan.com/tx/0x6055b7715655703cf091378a5dbd4583c46ceaebd437f2e2fb3bb36abbba8850
2023-03-19 19:14:55,False,3.91e-05,1.155e-08,498500.0,0.0575,0x7e...f0e8,https://bscscan.com/tx/0x5e022efe37630f787024638bafb833abdc3d82dd5aa2d5fb36f396bf1ccaf8a1
2023-03-19 19:14:55,False,3.91e-05,1.155e-08,1472.82,1.701e-05,0x7e...f0e8,https://bscscan.com/tx/0x5e022efe37630f787024638bafb833abdc3d82dd5aa2d5fb36f396bf1ccaf8a1
2023-03-19 19:13:11,False,3.91e-05,1.155e-08,543854.0,0.0628,0xa2...4e64,https://bscscan.com/tx/0xb626d81931c97bcae9c5962e8af6653853b875fdd5c106e65230bab682214f29
2023-03-19 19:13:11,False,3.91e-05,1.155e-08,3410.13,3.939e-05,0xa2...4e64,https://bscscan.com/tx/0xb626d81931c97bcae9c5962e8af6653853b875fdd5c106e65230bab682214f29
2023-03-19 19:13:08,True,3.93e-05,1.16e-08,100700.0,0.0116,0x5c...44ac,https://bscscan.com/tx/0x06894c3ac584f6773b54b01204abe47ce9555a1c3cfc0566907855dd0d8253ff
2023-03-19 19:11:55,False,3.911e-05,1.155e-08,249250.0,0.0287,0x7e...f0e8,https://bscscan.com/tx/0x84fb006330b4cfd59e6ad163d304e51f76a41e1a311b3176edb94492e96e966a
2023-03-19 19:11:55,False,3.911e-05,1.155e-08,1919.86,2.217e-05,0x7e...f0e8,https://bscscan.com/tx/0x84fb006330b4cfd59e6ad163d304e51f76a41e1a311b3176edb94492e96e966a
2023-03-19 19:11:37,False,3.91e-05,1.155e-08,708926.0,0.0818,0xf5...0b5f,https://bscscan.com/tx/0x40f9097d8817e01a7b9fb442e56077c15a95ed193d00ba44148dcdb3e19fb7dc
2023-03-19 19:11:37,False,3.91e-05,1.155e-08,3598.02,4.156e-05,0xf5...0b5f,https://bscscan.com/tx/0x40f9097d8817e01a7b9fb442e56077c15a95ed193d00ba44148dcdb3e19fb7dc
2023-03-19 19:10:19,True,3.909e-05,1.16e-08,332601.0,0.0386,0xcd...4588,https://bscscan.com/tx/0x003045b017bc69c3d066d8809c98ef670dabce63d35485721624b888cd8eb406
2023-03-19 19:09:38,False,3.909e-05,1.155e-08,997000.0,0.1151,0xce...1637,https://bscscan.com/tx/0x47baa8c8fc611ea28c6539523ae9bb21bda36fd77acb7eec5280009a8723cd4a
2023-03-19 19:09:38,False,3.91e-05,1.155e-08,1183.04,1.366e-05,0xce...1637,https://bscscan.com/tx/0x47baa8c8fc611ea28c6539523ae9bb21bda36fd77acb7eec5280009a8723cd4a
2023-03-19 19:09:05,True,3.91e-05,1.16e-08,43928.6,0.0051,0x57...e93f,https://bscscan.com/tx/0xb7e3a5d20a5a7229556033692d9945d050accd311bb87f8e43c6b7049f958317
2023-03-19 19:06:54,False,3.91e-05,1.155e-08,393051.0,0.0454,0x74...cb57,https://bscscan.com/tx/0x4974c089729d6a78935cee1cdf3788cc5fd50ab3cdcb93479ae2c23b64ff42b4
2023-03-19 19:06:54,False,3.91e-05,1.155e-08,69720.7,0.008,0x74...cb57,https://bscscan.com/tx/0x4974c089729d6a78935cee1cdf3788cc5fd50ab3cdcb93479ae2c23b64ff42b4
2023-03-19 19:03:24,False,3.909e-05,1.155e-08,25745003.0,2.975,0xc0...1f4f,https://bscscan.com/tx/0x4d98a64a6ac6854a4c8c752847d1e4d5e5c17f566aacb4040d61551c0e34408c
2023-03-19 19:03:24,False,3.91e-05,1.155e-08,36174.6,0.0041,0xc0...1f4f,https://bscscan.com/tx/0x4d98a64a6ac6854a4c8c752847d1e4d5e5c17f566aacb4040d61551c0e34408c
2023-03-19 19:02:36,False,3.91e-05,1.156e-08,13357806.0,1.54434,0xd0...c292,https://bscscan.com/tx/0x13568c4972cb814b97d11416c5b7b8bd2ce83a9b74d419b522f98e5d24a65f3d
2023-03-19 19:02:36,False,3.911e-05,1.156e-08,12605.4,0.0014,0xd0...c292,https://bscscan.com/tx/0x13568c4972cb814b97d11416c5b7b8bd2ce83a9b74d419b522f98e5d24a65f3d
2023-03-19 19:02:30,True,3.93e-05,1.162e-08,1815677.0,0.211,0x48...f0d7,https://bscscan.com/tx/0x5e17a298671731a6e926cab1f315de009a07b31868c09bbe4fe90f6ee711b355
2023-03-19 19:02:00,True,3.93e-05,1.162e-08,610655.0,0.0709,0xc3...e89f,https://bscscan.com/tx/0x6fc5252a063aca52b4a230709afce2f74f67e366c1bc3ae16f043dad58b877a7
2023-03-19 19:01:51,False,3.911e-05,1.156e-08,2235601.0,0.2585,0x56...a02e,https://bscscan.com/tx/0x7f7610508d0feab51133d66b5ae1885322d97b576feb3d86ee21de5366fac1a4
2023-03-19 19:01:51,False,3.911e-05,1.156e-08,38112.6,0.0044,0x56...a02e,https://bscscan.com/tx/0x7f7610508d0feab51133d66b5ae1885322d97b576feb3d86ee21de5366fac1a4
2023-03-19 19:00:54,True,3.93e-05,1.162e-08,2276225.0,0.2645,0x61...9732,https://bscscan.com/tx/0xb7f3a548251f9ac99402016dfa5546513367b528813725f35070da249f7a7fb4
2023-03-19 18:59:12,True,3.932e-05,1.161e-08,10839549.0,1.25944,0x67...dfb7,https://bscscan.com/tx/0x5ac21716800ca738e57ab44b95d619d1efc77f4fc6f30e74a1f7531404670820
2023-03-19 18:58:33,False,3.892e-05,1.155e-08,997000.0,0.1152,0x7c...2764,https://bscscan.com/tx/0x64d9beea0b10fce1a87b01d45ef307a66224c0a0d4ee07c0d80d5351b00ae33a
2023-03-19 18:58:33,False,3.892e-05,1.155e-08,21598.2,0.0025,0x7c...2764,https://bscscan.com/tx/0x64d9beea0b10fce1a87b01d45ef307a66224c0a0d4ee07c0d80d5351b00ae33a
2023-03-19 18:58:09,True,3.915e-05,1.162e-08,2984901.0,0.3469,0x52...d7f2,https://bscscan.com/tx/0xfaada7ce2ea50a08c18961659e60dba44c6bc9c4c05b8bf445a521464ec23191
2023-03-19 18:57:00,True,3.913e-05,1.161e-08,1969873.0,0.2288,0xf0...e861,https://bscscan.com/tx/0xc8ae1f5e75afb85924daa7917b9aaf610294c69e5fc3245847bd7e37004b6d1e
2023-03-19 18:54:51,True,3.936e-05,1.161e-08,599204.0,0.0696,0xa3...2f5e,https://bscscan.com/tx/0x49c9502a545c7dad52ff80ae9a4903ed3341bd44b35f7cd37aa07aa1ce41c252
2023-03-19 18:54:39,False,3.919e-05,1.155e-08,2438020.0,0.2818,0xb1...7009,https://bscscan.com/tx/0xbe3a1343ba4a99cf9105fa845239932cde778bb77851e9552b79c76ad2e0093a
2023-03-19 18:54:39,False,3.919e-05,1.155e-08,2714.76,3.137e-05,0xb1...7009,https://bscscan.com/tx/0xbe3a1343ba4a99cf9105fa845239932cde778bb77851e9552b79c76ad2e0093a
2023-03-19 18:54:15,False,3.919e-05,1.155e-08,1002451.0,0.1158,0xc1...6dc2,https://bscscan.com/tx/0xea997f062c51e9c96aca7826dd28714242c940717391553d585fbcfb3203cdb2
2023-03-19 18:54:15,False,3.919e-05,1.155e-08,998.597,1.154e-05,0xc1...6dc2,https://bscscan.com/tx/0xea997f062c51e9c96aca7826dd28714242c940717391553d585fbcfb3203cdb2
2023-03-19 18:53:27,True,3.936e-05,1.161e-08,103296.0,0.012,0x8b...b698,https://bscscan.com/tx/0xef4985619da2cd1a0583735539f8996ffb452f008eb6a16ed575b8261a31ddaf
2023-03-19 18:53:03,False,3.916e-05,1.155e-08,265755.0,0.0307,0x24...d473,https://bscscan.com/tx/0x63277f8ab49f16f682c0b046cf2de644685e648ed16a4d2aa40411fa9a28b68b
2023-03-19 18:53:03,False,3.916e-05,1.155e-08,2700.0,3.12e-05,0x24...d473,https://bscscan.com/tx/0x63277f8ab49f16f682c0b046cf2de644685e648ed16a4d2aa40411fa9a28b68b
2023-03-19 18:52:33,False,3.897e-05,1.155e-08,997000.0,0.1152,0x40...76c5,https://bscscan.com/tx/0x63be6621fe2ad86322743560380d38c3e1e694bd7af97ad02dcb11446373f230
2023-03-19 18:52:33,False,3.897e-05,1.155e-08,76475.2,0.0088,0x40...76c5,https://bscscan.com/tx/0x63be6621fe2ad86322743560380d38c3e1e694bd7af97ad02dcb11446373f230
2023-03-19 18:48:33,True,3.944e-05,1.161e-08,51216.2,0.0059,0x69...a283,https://bscscan.com/tx/0x2d389c96762609ded588e11c88b5deec36879d5ed9afff7be49a942bebbf9531
2023-03-19 18:47:33,True,3.939e-05,1.161e-08,14001761.0,1.62636,0x32...ee49,https://bscscan.com/tx/0x108510b50465ca99348ec5b67e019cc5fa5a43140e78939e8e85c77527243d86
2023-03-19 18:47:24,False,3.893e-05,1.155e-08,2791600.0,0.3225,0x8d...b28a,https://bscscan.com/tx/0xfe5b3d9c3811de2072e26b80224a454ded4023c538ef1fe81af669661ca69c62
2023-03-19 18:47:24,False,3.894e-05,1.155e-08,2254.81,2.605e-05,0x8d...b28a,https://bscscan.com/tx/0xfe5b3d9c3811de2072e26b80224a454ded4023c538ef1fe81af669661ca69c62
2023-03-19 18:47:24,False,3.894e-05,1.155e-08,832608.0,0.0962,0x4d...dc6f,https://bscscan.com/tx/0xa7ff843ce8d94edfd278de484a8171bf0194cc1db2c56f9fcfe51a336b838f0d
2023-03-19 18:47:24,False,3.894e-05,1.155e-08,525.334,6.07e-06,0x4d...dc6f,https://bscscan.com/tx/0xa7ff843ce8d94edfd278de484a8171bf0194cc1db2c56f9fcfe51a336b838f0d
2023-03-19 18:46:03,False,3.912e-05,1.155e-08,193984.0,0.0224,0x37...7cac,https://bscscan.com/tx/0xf7203c4a2fc6ca9c217e116c8825dbce1e02d4aa41b50c1c34e0420b0e861503
2023-03-19 18:46:03,False,3.912e-05,1.155e-08,397804.0,0.0459,0x37...7cac,https://bscscan.com/tx/0xf7203c4a2fc6ca9c217e116c8825dbce1e02d4aa41b50c1c34e0420b0e861503
2023-03-19 18:44:03,True,3.912e-05,1.161e-08,729531.0,0.0847,0xd0...1f21,https://bscscan.com/tx/0xdc547afb9d1cd627a07d96d06f4b2ef7f9bfed66ca99038d22969642a9b16848
2023-03-19 18:44:00,True,3.905e-05,1.159e-08,135158749.0,15.6711,0xa7...48a0,https://bscscan.com/tx/0x2d78e9495c1e24c2ed797cd6c67f2635fa228119a0639cf24a26d77084ffa7a1
2023-03-19 18:42:53,False,3.877e-05,1.151e-08,10686733.0,1.23097,0x81...1ec9,https://bscscan.com/tx/0x02f9cc3f2a09ace10103e92302be8260dfd0b77f5a78b74296a234b67865fa8b
2023-03-19 18:42:53,False,3.877e-05,1.152e-08,5648.85,6.507e-05,0x81...1ec9,https://bscscan.com/tx/0x02f9cc3f2a09ace10103e92302be8260dfd0b77f5a78b74296a234b67865fa8b
2023-03-19 18:41:08,True,3.914e-05,1.157e-08,7773.33,9e-05,0x7f...f28e,https://bscscan.com/tx/0x3f7a0f4145052d2a53cc76cb8115f6fa3e2cbadd841d88213425823bc9a06f4d
2023-03-19 18:40:50,False,3.875e-05,1.152e-08,2078141.0,0.2394,0xd0...f6fc,https://bscscan.com/tx/0xc82bcbd3c03531f55a80e5a772148bf6756a9f1d472eb1a102f42a02ad7475be
2023-03-19 18:40:50,False,3.875e-05,1.152e-08,9171.65,0.001,0xd0...f6fc,https://bscscan.com/tx/0xc82bcbd3c03531f55a80e5a772148bf6756a9f1d472eb1a102f42a02ad7475be
2023-03-19 18:38:32,True,3.915e-05,1.157e-08,8636.58,0.001,0x34...3d66,https://bscscan.com/tx/0x26ff0f33cf070aa77c7c90d7c2367b57a2b80c2deea81bc02105f4af60c5734e
2023-03-19 18:37:38,False,3.876e-05,1.152e-08,2991000.0,0.3446,0x7f...c9f2,https://bscscan.com/tx/0xc3cf585ee1a87bf5dc7f11843b8e0600a63c685f203e1c7b368cb92da223220d
2023-03-19 18:37:38,False,3.876e-05,1.152e-08,57520.2,0.0066,0x7f...c9f2,https://bscscan.com/tx/0xc3cf585ee1a87bf5dc7f11843b8e0600a63c685f203e1c7b368cb92da223220d
2023-03-19 18:33:29,True,3.913e-05,1.157e-08,3022687.0,0.35,0x6f...6c88,https://bscscan.com/tx/0x5a2df485536439a0f8f6fab43b66616fab737062bfb0e21e49f5921f17dcf39c
2023-03-19 18:33:18,True,3.915e-05,1.158e-08,5053452.0,0.5853,0x19...7180,https://bscscan.com/tx/0xf6439b8f6b88603eaf50a0d238abefde688ebec3f4ecf3af0619188fa77385c5
2023-03-19 18:33:00,False,3.874e-05,1.152e-08,13187963.0,1.51942,0xaf...fb75,https://bscscan.com/tx/0xcb5274ebf2c15574fcad0c4419d21292257645b5b516f87ca3ab16598954f5ba
2023-03-19 18:33:00,False,3.875e-05,1.152e-08,29512.9,0.0034,0xaf...fb75,https://bscscan.com/tx/0xcb5274ebf2c15574fcad0c4419d21292257645b5b516f87ca3ab16598954f5ba
2023-03-19 18:32:28,True,3.894e-05,1.158e-08,5000019.0,0.579,0xd8...24de,https://bscscan.com/tx/0xe5c4b82974b679e6ba427844bc9e3b0863a34542a207bd835df75ad5f116422c
2023-03-19 18:32:14,False,3.875e-05,1.152e-08,5912890.0,0.6813,0x08...1dc4,https://bscscan.com/tx/0x30e487f625674caffa603bb4d81d15cc32f92a186a6605e0bbcbe2528f2135ca
2023-03-19 18:32:14,False,3.875e-05,1.152e-08,138020.0,0.0159,0x08...1dc4,https://bscscan.com/tx/0x30e487f625674caffa603bb4d81d15cc32f92a186a6605e0bbcbe2528f2135ca
2023-03-19 18:32:11,True,3.892e-05,1.157e-08,49734702.0,5.75634,0xb5...471c,https://bscscan.com/tx/0x6828e59fb5d59b7afa45be130642708f6b7eca9e4ea6816944c3a2fd9daa2f87
2023-03-19 18:31:16,True,3.89e-05,1.156e-08,383679.0,0.0443,0x81...f20a,https://bscscan.com/tx/0xa68a138704b76d6ce0ef2ba0da12505f2940298303751d6a25a7155edff31471
2023-03-19 18:30:32,False,3.874e-05,1.15e-08,997000.0,0.1147,0x7a...4beb,https://bscscan.com/tx/0xa5dde133594605241483bb322b304ef73b4dd1da5469e718bd4895eeda40bf4c
2023-03-19 18:30:32,False,3.874e-05,1.15e-08,93090.6,0.0107,0x7a...4beb,https://bscscan.com/tx/0xa5dde133594605241483bb322b304ef73b4dd1da5469e718bd4895eeda40bf4c
2023-03-19 18:30:05,True,3.893e-05,1.156e-08,91901.6,0.0106,0x01...48d4,https://bscscan.com/tx/0xe74c0b7d7c658cbbeedbf2fcd35ef46d774cdcac6201218d051dbb91aed55abd
2023-03-19 18:28:05,True,3.894e-05,1.156e-08,28523863.0,3.29819,0xf2...362e,https://bscscan.com/tx/0xaa2d1c62bc118affde8f24cc8d7c9f9370b6bc6d6931dcf6599a633b43b6178f
2023-03-19 18:27:51,True,3.912e-05,1.155e-08,2510699.0,0.2902,0xe8...1b84,https://bscscan.com/tx/0x1e6e6f52b61d846bd6662ad7165238ddbf189052c111e6f23fa0a7ad3aed9641
2023-03-19 18:27:24,False,3.893e-05,1.15e-08,3341476.0,0.3843,0x1e...890b,https://bscscan.com/tx/0x8c7ee56ef542781faed10259b66b204925dce189101ddb8b76202ffd7e128102
2023-03-19 18:27:24,False,3.893e-05,1.15e-08,698.6,8.034e-06,0x1e...890b,https://bscscan.com/tx/0x8c7ee56ef542781faed10259b66b204925dce189101ddb8b76202ffd7e128102
2023-03-19 18:26:38,False,3.875e-05,1.15e-08,257965.0,0.0296,0x50...2517,https://bscscan.com/tx/0xd79c993c4d3d4f914709dcc57e7d23a22118b5600ee73a1d21297c26695b802f
2023-03-19 18:26:38,False,3.875e-05,1.15e-08,5400.0,6.21e-05,0x50...2517,https://bscscan.com/tx/0xd79c993c4d3d4f914709dcc57e7d23a22118b5600ee73a1d21297c26695b802f
2023-03-19 18:26:13,False,3.896e-05,1.15e-08,1994000.0,0.2293,0x74...d7f4,https://bscscan.com/tx/0xaa1430d097b6268d575c7fd507069ff0915dc082740d202fbb92e394f4f20f80
2023-03-19 18:26:13,False,3.896e-05,1.15e-08,53090.9,0.0061,0x74...d7f4,https://bscscan.com/tx/0xaa1430d097b6268d575c7fd507069ff0915dc082740d202fbb92e394f4f20f80
2023-03-19 18:25:31,True,3.917e-05,1.155e-08,16754485.0,1.93636,0xf5...3aec,https://bscscan.com/tx/0x5a0962001c3c78e4d8f1d63b840314447bd3b0b780e4619b6dcfab3d1735702d
2023-03-19 18:25:22,True,3.897e-05,1.155e-08,692358.0,0.08,0xfb...d0e1,https://bscscan.com/tx/0x1144da379feed1651c9a1e62eaf041a7293993d101d899931b093a86bef66266
2023-03-19 18:25:10,False,3.896e-05,1.149e-08,2209788.0,0.254,0x7c...ed7d,https://bscscan.com/tx/0xcb3b1736141af3c1e1520404fff48b2a18276fb002080bfc42cd5be468cd91b2
2023-03-19 18:25:10,False,3.896e-05,1.149e-08,3751.05,4.312e-05,0x7c...ed7d,https://bscscan.com/tx/0xcb3b1736141af3c1e1520404fff48b2a18276fb002080bfc42cd5be468cd91b2
2023-03-19 18:25:04,False,3.896e-05,1.149e-08,1385108.0,0.1592,0xf6...63ab,https://bscscan.com/tx/0xd5461611bd76aec09f53c4b4dc86de94ea1a22d139b09981698b8a5cf9f30689
2023-03-19 18:25:04,False,3.896e-05,1.149e-08,254033.0,0.0292,0xf6...63ab,https://bscscan.com/tx/0xd5461611bd76aec09f53c4b4dc86de94ea1a22d139b09981698b8a5cf9f30689
2023-03-19 18:24:55,True,3.916e-05,1.155e-08,28559388.0,3.29906,0xf2...362e,https://bscscan.com/tx/0x6679ad5febb2f99f164516b389d4730a7e0c08a10c85746cb5d79a4af3a71991
2023-03-19 18:24:37,False,3.898e-05,1.149e-08,65330218.0,7.51245,0x05...7066,https://bscscan.com/tx/0x79b41039e9e861265aef379d829a5556a7b5508420de76e76cd3dd799501ed61
2023-03-19 18:24:37,False,3.901e-05,1.15e-08,16086.0,0.0018,0x05...7066,https://bscscan.com/tx/0x79b41039e9e861265aef379d829a5556a7b5508420de76e76cd3dd799501ed61
2023-03-19 18:24:16,False,3.901e-05,1.15e-08,5939902.0,0.6836,0x05...7066,https://bscscan.com/tx/0x460cb5445db6ebc9f3fc929be23c6ef0520b7851aa090c78063a6783c89a6fb0
2023-03-19 18:24:16,False,3.901e-05,1.151e-08,20705.6,0.0023,0x05...7066,https://bscscan.com/tx/0x460cb5445db6ebc9f3fc929be23c6ef0520b7851aa090c78063a6783c89a6fb0
2023-03-19 18:23:07,True,3.923e-05,1.156e-08,147557.0,0.017,0xd9...cb0b,https://bscscan.com/tx/0x39392eda0aae83bf0639f5d4a636be884dbd2818861cdb9ca1eb64d665f76e27
2023-03-19 18:22:40,True,3.921e-05,1.156e-08,5278072.0,0.6105,0xb0...a783,https://bscscan.com/tx/0xa979eeb6b6beedf35c9b6e86db793df9addc48d603080d953fdc73e123983c78
2023-03-19 18:22:37,True,3.921e-05,1.156e-08,778098.0,0.09,0xe6...fc62,https://bscscan.com/tx/0x4457198ff5f8bb7c5d018e183b9e03980da9144914a5f6b91ca72bf3f472522a
2023-03-19 18:22:04,False,3.901e-05,1.15e-08,1460608.0,0.1681,0x38...c3eb,https://bscscan.com/tx/0xf1ecb48cea7034edfc58ce30fbcb23735d32849090040c8c8b17365aa9915608
2023-03-19 18:22:04,False,3.901e-05,1.15e-08,28634.0,0.0033,0x38...c3eb,https://bscscan.com/tx/0xf1ecb48cea7034edfc58ce30fbcb23735d32849090040c8c8b17365aa9915608
2023-03-19 18:21:58,True,3.923e-05,1.156e-08,605189.0,0.07,0xff...b77a,https://bscscan.com/tx/0x797e01e64d458f76e14a8df040183b0149a4e20a1b7cfbe55ecf583719183b38
2023-03-19 18:20:22,False,3.884e-05,1.151e-08,9970000.0,1.14757,0x26...d814,https://bscscan.com/tx/0x1e028857595cdf74e8de9a167074e305dcda5d36084c663094ce6c8539838f92
2023-03-19 18:20:22,False,3.884e-05,1.151e-08,34941.3,0.004,0x26...d814,https://bscscan.com/tx/0x1e028857595cdf74e8de9a167074e305dcda5d36084c663094ce6c8539838f92
2023-03-19 18:17:52,True,3.923e-05,1.156e-08,10328535.0,1.1948,0x49...9007,https://bscscan.com/tx/0x2b65bfd9edf3ca04e56825b37bd9aa151ba6bd70bb64188d909c40bec241088f
2023-03-19 18:16:37,True,3.902e-05,1.156e-08,394042.0,0.0455,0x46...5cba,https://bscscan.com/tx/0xab8dec04565151615c68d6e08c5c392f3bd11ccc38e668199787f9cc2afd1fb1
2023-03-19 18:16:13,False,3.882e-05,1.15e-08,227979.0,0.0262,0xf2...7e5d,https://bscscan.com/tx/0x738d62ed7921f1946c96be1f62032e27bcf9f54c73312a3dd37c3ecc9187ca0c
2023-03-19 18:16:13,False,3.882e-05,1.15e-08,64011.5,0.0073,0xf2...7e5d,https://bscscan.com/tx/0x738d62ed7921f1946c96be1f62032e27bcf9f54c73312a3dd37c3ecc9187ca0c
2023-03-19 18:16:13,True,3.901e-05,1.156e-08,14601550.0,1.68857,0xd5...c624,https://bscscan.com/tx/0x08ae897ec59325b1a2ebd532db7577045fa9c8db939690d99b2ec5e9535f142c
2023-03-19 18:15:25,True,3.9e-05,1.156e-08,254609.0,0.0294,0x6c...a9b7,https://bscscan.com/tx/0xf38b52ef049ec772483c1511b84dddac53f5e405a66dd3050866a50a6fac7eda
2023-03-19 18:14:49,False,3.882e-05,1.15e-08,8825255.0,1.0154,0x32...cf44,https://bscscan.com/tx/0xfb245a9b7c8a03cd2e1b2bd3f0761a63b880b2a31edab11b0dafb8c6db13fcb9
2023-03-19 18:14:49,False,3.882e-05,1.15e-08,369.879,4.256e-06,0x32...cf44,https://bscscan.com/tx/0xfb245a9b7c8a03cd2e1b2bd3f0761a63b880b2a31edab11b0dafb8c6db13fcb9
2023-03-19 18:14:25,False,3.901e-05,1.15e-08,136581.0,0.0157,0xc1...bd78,https://bscscan.com/tx/0xbb0647f17b137104d251e65a6fdc2b38123217a52b659c4131122c0555c66d48
2023-03-19 18:14:25,False,3.901e-05,1.15e-08,2803.78,3.226e-05,0xc1...bd78,https://bscscan.com/tx/0xbb0647f17b137104d251e65a6fdc2b38123217a52b659c4131122c0555c66d48
2023-03-19 18:08:22,False,3.896e-05,1.15e-08,994910.0,0.1144,0x30...7899,https://bscscan.com/tx/0x96c2b99469e2a438e55e00a56f6093a4cec60aa6af2f59cc96caffbbe987c787
2023-03-19 18:08:22,False,3.896e-05,1.15e-08,22601.4,0.0026,0x30...7899,https://bscscan.com/tx/0x96c2b99469e2a438e55e00a56f6093a4cec60aa6af2f59cc96caffbbe987c787
2023-03-19 18:08:16,True,3.915e-05,1.156e-08,1500000.0,0.1734,0x53...435b,https://bscscan.com/tx/0x28ee2f805dc8438b98f045021960490dd2c0d4bba7519c3990026d67c6d6d32e
2023-03-19 18:07:28,True,3.915e-05,1.156e-08,800470.0,0.0925,0xfc...c1a3,https://bscscan.com/tx/0x88cb4432a6ab68f1ba3a037a3fb7e035deb6a931ff04e1ebedde7705a0eba93f
2023-03-19 18:03:43,False,3.875e-05,1.15e-08,6052193.0,0.6964,0x05...7066,https://bscscan.com/tx/0xaf0dcd66701a1178ab4f1143284d297063521c935cb21cea10041322dbef615e
2023-03-19 18:03:43,False,3.875e-05,1.15e-08,22857.8,0.0026,0x05...7066,https://bscscan.com/tx/0xaf0dcd66701a1178ab4f1143284d297063521c935cb21cea10041322dbef615e
2023-03-19 18:03:31,False,3.895e-05,1.15e-08,8440441.0,0.9714,0x05...7066,https://bscscan.com/tx/0x84663a8a5dd92cef6893ff207b290f4412f6d3b0cc1dbcc936dabb80280befbe
2023-03-19 18:03:31,False,3.896e-05,1.151e-08,48583.8,0.0055,0x05...7066,https://bscscan.com/tx/0x84663a8a5dd92cef6893ff207b290f4412f6d3b0cc1dbcc936dabb80280befbe
2023-03-19 18:03:28,False,3.897e-05,1.151e-08,17940018.0,2.0655,0x20...946b,https://bscscan.com/tx/0x9868b0b7f5d010248bcbcedfd2d2e7c213a1ec7e625c2346b3c62c14d81403a4
2023-03-19 18:03:28,False,3.898e-05,1.151e-08,59862.6,0.0068,0x20...946b,https://bscscan.com/tx/0x9868b0b7f5d010248bcbcedfd2d2e7c213a1ec7e625c2346b3c62c14d81403a4
2023-03-19 18:03:22,False,3.898e-05,1.151e-08,10144814.0,1.16842,0x05...7066,https://bscscan.com/tx/0xf2541413b724725cd579ec759772df8d9580a423cb415d0d2ee1c07d3e86ff27
2023-03-19 18:03:22,False,3.899e-05,1.151e-08,280793.0,0.0323,0x05...7066,https://bscscan.com/tx/0xf2541413b724725cd579ec759772df8d9580a423cb415d0d2ee1c07d3e86ff27
2023-03-19 18:03:13,False,3.885e-05,1.153e-08,103685448.0,11.959,0x31...e9f2,https://bscscan.com/tx/0x266d53ce6b711515346909e54405a95d582c58d1a01da30b8fdf1b5d702d8677
2023-03-19 18:03:13,False,3.89e-05,1.154e-08,41774.5,0.0048,0x31...e9f2,https://bscscan.com/tx/0x266d53ce6b711515346909e54405a95d582c58d1a01da30b8fdf1b5d702d8677
2023-03-19 18:02:58,False,3.91e-05,1.155e-08,15425624.0,1.78184,0xc0...1f4f,https://bscscan.com/tx/0x8f90d80375d74a0759554808cd25e00b40f9076ad4e990dbc3e0e2389f633942
2023-03-19 18:02:58,False,3.911e-05,1.155e-08,9336.2,0.001,0xc0...1f4f,https://bscscan.com/tx/0x8f90d80375d74a0759554808cd25e00b40f9076ad4e990dbc3e0e2389f633942
2023-03-19 18:02:55,True,3.93e-05,1.161e-08,2311610.0,0.2684,0x92...db4c,https://bscscan.com/tx/0xb6f78bac00ed33c1ad87fe18d8b35c1878c32d276df33ca2792323960a9c4145
2023-03-19 18:02:16,False,3.894e-05,1.155e-08,1142805.0,0.132,0x0f...5a24,https://bscscan.com/tx/0x4e5df164e5b45b79915d7f4cb65c54ce2535d103230fe4f4fa6cf2555ef71eec
2023-03-19 18:02:16,False,3.894e-05,1.155e-08,11376.9,0.0013,0x0f...5a24,https://bscscan.com/tx/0x4e5df164e5b45b79915d7f4cb65c54ce2535d103230fe4f4fa6cf2555ef71eec
2023-03-19 18:02:07,False,3.895e-05,1.155e-08,4201031.0,0.4853,0x07...210a,https://bscscan.com/tx/0x71a8824088f072b2bd56fcc8d6988f809f193ce5563073c64d86df5ac03bdcdb
2023-03-19 18:02:07,False,3.895e-05,1.155e-08,49521.6,0.0057,0x07...210a,https://bscscan.com/tx/0x71a8824088f072b2bd56fcc8d6988f809f193ce5563073c64d86df5ac03bdcdb
2023-03-19 18:01:40,False,3.905e-05,1.155e-08,18286312.0,2.11335,0x05...7066,https://bscscan.com/tx/0x4c4a799d55ebb9fb5bf11d52b95b8219740d166b3e8bddc840790c14e845af9b
2023-03-19 18:01:40,False,3.906e-05,1.155e-08,49011.0,0.0056,0x05...7066,https://bscscan.com/tx/0x4c4a799d55ebb9fb5bf11d52b95b8219740d166b3e8bddc840790c14e845af9b
2023-03-19 18:01:04,False,3.916e-05,1.156e-08,12916813.0,1.49338,0x20...946b,https://bscscan.com/tx/0xb7d235f8fb51c45e8585f0a55f004e08c8a54ef457f9283228a8f72300025969
2023-03-19 18:01:04,False,3.916e-05,1.156e-08,74342.1,0.0086,0x20...946b,https://bscscan.com/tx/0xb7d235f8fb51c45e8585f0a55f004e08c8a54ef457f9283228a8f72300025969
2023-03-19 17:59:37,False,3.939e-05,1.156e-08,12054430.0,1.39411,0x05...7066,https://bscscan.com/tx/0xc88127a767027bba643fd21b2d7e9d356a7fd8e887a7cb1aeb9842c488940f67
2023-03-19 17:59:37,False,3.939e-05,1.156e-08,18215.6,0.0021,0x05...7066,https://bscscan.com/tx/0xc88127a767027bba643fd21b2d7e9d356a7fd8e887a7cb1aeb9842c488940f67
2023-03-19 17:59:16,False,3.92e-05,1.156e-08,6726271.0,0.778,0x05...7066,https://bscscan.com/tx/0x8edc4b52b28feeb0cfcbc826484b759eee215181411b05bd4d173fe70eaa4cf2
2023-03-19 17:59:16,False,3.92e-05,1.156e-08,120805.0,0.0139,0x05...7066,https://bscscan.com/tx/0x8edc4b52b28feeb0cfcbc826484b759eee215181411b05bd4d173fe70eaa4cf2
2023-03-19 17:59:10,False,3.923e-05,1.157e-08,44608506.0,5.16361,0x05...7066,https://bscscan.com/tx/0x9a78d6059126a64733799e81c7680230068ae25cb01c37eb6fa7e79c9a84cdc5
2023-03-19 17:59:10,False,3.925e-05,1.158e-08,97067.7,0.0112,0x05...7066,https://bscscan.com/tx/0x9a78d6059126a64733799e81c7680230068ae25cb01c37eb6fa7e79c9a84cdc5
2023-03-19 17:59:07,True,3.945e-05,1.164e-08,54859.0,0.0063,0x66...711d,https://bscscan.com/tx/0x3b84a63a8cfa48f5a4537869d72be07e4e70c41a289dcf56e89a44394f1efd42
2023-03-19 17:58:55,True,3.944e-05,1.163e-08,10310603.0,1.2,0x10...6ba8,https://bscscan.com/tx/0x65010b292882b2414995ecbb6920a933dbb43b1772fab9c5423118bc5e12435a
2023-03-19 17:58:46,False,3.925e-05,1.158e-08,25508765.0,2.95458,0xc0...1f4f,https://bscscan.com/tx/0xa47358e92a2083589c6b9561f9c3cd46f5fb520c37dd17113cf052d432c8e47c
2023-03-19 17:58:46,False,3.926e-05,1.158e-08,163697.0,0.0189,0xc0...1f4f,https://bscscan.com/tx/0xa47358e92a2083589c6b9561f9c3cd46f5fb520c37dd17113cf052d432c8e47c
2023-03-19 17:58:40,False,3.929e-05,1.159e-08,60446765.0,7.00891,0x81...c915,https://bscscan.com/tx/0x93e28c2ce621a796c423fb94960c6b3c05cbb8dab3767b896e37a2c08ac646a8
2023-03-19 17:58:40,False,3.932e-05,1.16e-08,68916.4,0.008,0x81...c915,https://bscscan.com/tx/0x93e28c2ce621a796c423fb94960c6b3c05cbb8dab3767b896e37a2c08ac646a8
2023-03-19 17:58:01,False,3.953e-05,1.16e-08,25448015.0,2.95393,0xc0...1f4f,https://bscscan.com/tx/0xf0d207568bfeee589db4bef2c8d2f5a1b158d988c4d008f5d1be14db81b9db48
2023-03-19 17:58:01,False,3.954e-05,1.161e-08,34564.3,0.004,0xc0...1f4f,https://bscscan.com/tx/0xf0d207568bfeee589db4bef2c8d2f5a1b158d988c4d008f5d1be14db81b9db48
2023-03-19 17:57:43,False,3.935e-05,1.161e-08,12763171.0,1.48223,0x05...7066,https://bscscan.com/tx/0x259bd8f6526726e57e103cb01013ad4510f13ad02f909e2a592c5192d4550168
2023-03-19 17:57:43,False,3.935e-05,1.161e-08,417316.0,0.0484,0x05...7066,https://bscscan.com/tx/0x259bd8f6526726e57e103cb01013ad4510f13ad02f909e2a592c5192d4550168
2023-03-19 17:57:25,True,3.968e-05,1.165e-08,138134954.0,16.0972,0x58...0988,https://bscscan.com/tx/0xc7d39d95a96f594f7c4095880331253c692b1633d72244919a3dba8233443b77
2023-03-19 17:57:22,False,3.942e-05,1.157e-08,16377129.0,1.89603,0x05...7066,https://bscscan.com/tx/0x0e29a6154724afac838f41d80a1ec7f1ad56aa5f449b451c4c8597bb146f04e2
2023-03-19 17:57:22,False,3.943e-05,1.157e-08,73257.1,0.0084,0x05...7066,https://bscscan.com/tx/0x0e29a6154724afac838f41d80a1ec7f1ad56aa5f449b451c4c8597bb146f04e2
2023-03-19 17:57:10,False,3.944e-05,1.158e-08,27050852.0,3.13347,0x05...7066,https://bscscan.com/tx/0xf1a7f08fe87ebb633026928b8774838abd7278870c1c7b7a2193f3b49423a0e3
2023-03-19 17:57:10,False,3.946e-05,1.158e-08,425.161,4.926e-06,0x05...7066,https://bscscan.com/tx/0xf1a7f08fe87ebb633026928b8774838abd7278870c1c7b7a2193f3b49423a0e3
2023-03-19 17:56:46,False,3.924e-05,1.158e-08,156995.0,0.0181,0xc3...bf1c,https://bscscan.com/tx/0x335168a328ff503eca7b1a7dac11d813702ef506edb3fe162ff3fa5254bd320a
2023-03-19 17:56:46,False,3.924e-05,1.158e-08,68885.4,0.0079,0xc3...bf1c,https://bscscan.com/tx/0x335168a328ff503eca7b1a7dac11d813702ef506edb3fe162ff3fa5254bd320a
2023-03-19 17:56:34,False,3.944e-05,1.159e-08,25436582.0,2.94844,0xc0...1f4f,https://bscscan.com/tx/0xc144e53400083dc484c4141ecaf1db4cae6917dfc12b331148d6e1ebb5bb96e5
2023-03-19 17:56:34,False,3.945e-05,1.159e-08,270000.0,0.0313,0xc0...1f4f,https://bscscan.com/tx/0xc144e53400083dc484c4141ecaf1db4cae6917dfc12b331148d6e1ebb5bb96e5
2023-03-19 17:56:28,False,3.95e-05,1.16e-08,99700000.0,11.5749,0x9b...2220,https://bscscan.com/tx/0xde5673e3536a3d3b05359be4459b5f2d0ec3b6093433f1c2ee9565cdf0b5050d
2023-03-19 17:56:28,False,3.955e-05,1.162e-08,40076.9,0.0046,0x9b...2220,https://bscscan.com/tx/0xde5673e3536a3d3b05359be4459b5f2d0ec3b6093433f1c2ee9565cdf0b5050d
2023-03-19 17:56:13,False,3.936e-05,1.162e-08,14798778.0,1.72057,0x05...7066,https://bscscan.com/tx/0xefdcc77dfa9a74d7529c1f07e06f6400b82e20479287ccd88664845b06b4edcf
2023-03-19 17:56:13,False,3.936e-05,1.162e-08,34595.6,0.004,0x05...7066,https://bscscan.com/tx/0xefdcc77dfa9a74d7529c1f07e06f6400b82e20479287ccd88664845b06b4edcf
2023-03-19 17:55:43,False,3.936e-05,1.163e-08,12477026.0,1.45113,0x05...7066,https://bscscan.com/tx/0xf125a5fcbb72d68b7f6e031729178c7fc6497d7e58d4bd378740cb5d3c8d6b62
2023-03-19 17:55:43,False,3.937e-05,1.163e-08,20968.9,0.0024,0x05...7066,https://bscscan.com/tx/0xf125a5fcbb72d68b7f6e031729178c7fc6497d7e58d4bd378740cb5d3c8d6b62
2023-03-19 17:55:40,False,3.937e-05,1.163e-08,7742952.0,0.9007,0x05...7066,https://bscscan.com/tx/0x397c74c7d378c9276db98e5ceb1496b5e92c8e14c2452e49cb419ef8121047a9
2023-03-19 17:55:40,False,3.937e-05,1.163e-08,16349.1,0.0019,0x05...7066,https://bscscan.com/tx/0x397c74c7d378c9276db98e5ceb1496b5e92c8e14c2452e49cb419ef8121047a9
2023-03-19 17:55:34,False,3.938e-05,1.163e-08,6037069.0,0.7024,0x05...7066,https://bscscan.com/tx/0x963fe859fff2bd6a5e7568ec8a323706870462a4e6153880708abc80ff877ac5
2023-03-19 17:55:34,False,3.938e-05,1.163e-08,5588.95,6.503e-05,0x05...7066,https://bscscan.com/tx/0x963fe859fff2bd6a5e7568ec8a323706870462a4e6153880708abc80ff877ac5
2023-03-19 17:55:19,True,3.958e-05,1.169e-08,769981.0,0.09,0xad...1df5,https://bscscan.com/tx/0x9f637b83b2bcd567b8a85aa2408de9d2248cba004d8319796ace012e40dd1b7d
2023-03-19 17:55:19,False,3.938e-05,1.163e-08,1296100.0,0.1508,0x2f...0ea9,https://bscscan.com/tx/0x6bd1b0a14b8bed3464e9ebb88cc7b4e2009f82486ab6c5e697b2893052a7d54c
2023-03-19 17:55:19,False,3.938e-05,1.163e-08,60648.9,0.007,0x2f...0ea9,https://bscscan.com/tx/0x6bd1b0a14b8bed3464e9ebb88cc7b4e2009f82486ab6c5e697b2893052a7d54c
2023-03-19 17:54:34,True,3.978e-05,1.169e-08,136812.0,0.016,0x98...a498,https://bscscan.com/tx/0x008e61a6963346a866f9e81a36a1d1c2dc4df52d7f4ad0ff7884bb838e3e7a58
2023-03-19 17:51:54,True,3.959e-05,1.169e-08,756595.0,0.0884,0xd9...3cd5,https://bscscan.com/tx/0x69ae5e21c6e412a254e2266e897b310a095b9bd109b74b2b55c272ac9d4cffd5
2023-03-19 17:50:37,True,3.978e-05,1.169e-08,2890460.0,0.338,0x30...8189,https://bscscan.com/tx/0x9b7a3086644e3cc70573ae76b9d905a1d7a76acae3241fb121610278aca3d863
2023-03-19 17:49:49,False,3.958e-05,1.163e-08,16661059.0,1.93898,0xa4...429e,https://bscscan.com/tx/0x0d2c25a7138e23ec3b033bc4b8a57995c63df9b6e1b72de899712365c855d6f8
2023-03-19 17:49:49,False,3.959e-05,1.164e-08,175154.0,0.0203,0xa4...429e,https://bscscan.com/tx/0x0d2c25a7138e23ec3b033bc4b8a57995c63df9b6e1b72de899712365c855d6f8
2023-03-19 17:49:01,True,3.975e-05,1.168e-08,60871956.0,7.11576,0x81...c915,https://bscscan.com/tx/0x4fad8ed24467bb040a9bd22c17e5eec368af845130ae50dfcac624dda9ab78ab
2023-03-19 17:48:43,False,3.951e-05,1.162e-08,3988000.0,0.4635,0x75...17b5,https://bscscan.com/tx/0xf05d2e5b031e991859366db9150916e36e55f649bcb1366ec6aaeefca9695484
2023-03-19 17:48:43,False,3.951e-05,1.162e-08,15386.1,0.0017,0x75...17b5,https://bscscan.com/tx/0xf05d2e5b031e991859366db9150916e36e55f649bcb1366ec6aaeefca9695484
2023-03-19 17:47:16,False,3.951e-05,1.162e-08,5681449.0,0.6604,0x6d...9a8d,https://bscscan.com/tx/0x10b3d52480a7ebbedf051e101590574ca789d0dac130ec43d52f27b6c8b7d3f8
2023-03-19 17:47:16,False,3.951e-05,1.162e-08,80973.0,0.0094,0x6d...9a8d,https://bscscan.com/tx/0x10b3d52480a7ebbedf051e101590574ca789d0dac130ec43d52f27b6c8b7d3f8
2023-03-19 17:47:07,False,3.952e-05,1.162e-08,29900029.0,3.47727,0x20...946b,https://bscscan.com/tx/0x240741f4c1afab0f56128c7e84ea6198cf8f2a5ed1917d697fe86d8093601008
2023-03-19 17:47:07,False,3.954e-05,1.163e-08,114764.0,0.0133,0x20...946b,https://bscscan.com/tx/0x240741f4c1afab0f56128c7e84ea6198cf8f2a5ed1917d697fe86d8093601008
2023-03-19 17:46:04,True,3.959e-05,1.169e-08,12557276.0,1.46802,0x75...9799,https://bscscan.com/tx/0x80abab15a4c9657d0988fd9a88775f4aa4b5eb773e1baada15cd51f48d95f62d
2023-03-19 17:45:58,False,3.94e-05,1.163e-08,29858146.0,3.47392,0x05...7066,https://bscscan.com/tx/0x6f8ad49f1a4e051a2355067123ff65635d88101c75fd29e63ba1724ce4b4f397
2023-03-19 17:45:58,False,3.942e-05,1.163e-08,18928.9,0.0022,0x05...7066,https://bscscan.com/tx/0x6f8ad49f1a4e051a2355067123ff65635d88101c75fd29e63ba1724ce4b4f397
2023-03-19 17:45:28,False,3.962e-05,1.164e-08,6989689.0,0.8136,0x05...7066,https://bscscan.com/tx/0x0b4753a779ca9a6725fac29b0c6be5226f7b10c56cf20c15683351bb68dfbef6
2023-03-19 17:45:28,False,3.962e-05,1.164e-08,270.0,3.143e-06,0x05...7066,https://bscscan.com/tx/0x0b4753a779ca9a6725fac29b0c6be5226f7b10c56cf20c15683351bb68dfbef6
2023-03-19 17:44:37,False,3.963e-05,1.164e-08,99700.0,0.0116,0x2f...317d,https://bscscan.com/tx/0xb4385e616eb8de2f178cfb5137af4af07fd49739311fb9932872448746ea1ee3
2023-03-19 17:44:37,False,3.963e-05,1.164e-08,80973.0,0.0094,0x2f...317d,https://bscscan.com/tx/0xb4385e616eb8de2f178cfb5137af4af07fd49739311fb9932872448746ea1ee3
2023-03-19 17:44:34,False,3.962e-05,1.164e-08,29900029.0,3.48205,0x20...946b,https://bscscan.com/tx/0xbbebd14a3387b1b4563cb406f2ed4c1162099491ddbd53df3df9ccadc14e1210
2023-03-19 17:44:34,False,3.963e-05,1.165e-08,74628.0,0.0086,0x20...946b,https://bscscan.com/tx/0xbbebd14a3387b1b4563cb406f2ed4c1162099491ddbd53df3df9ccadc14e1210
2023-03-19 17:44:13,False,3.962e-05,1.165e-08,27557062.0,3.21152,0x05...7066,https://bscscan.com/tx/0x649fe3383f27b63021e8edf0745570784d17af039f0c3ad4a079d6519868231a
2023-03-19 17:44:13,False,3.963e-05,1.165e-08,45160.0,0.0052,0x05...7066,https://bscscan.com/tx/0x649fe3383f27b63021e8edf0745570784d17af039f0c3ad4a079d6519868231a
2023-03-19 17:44:01,False,3.944e-05,1.166e-08,16675755.0,1.94449,0x05...7066,https://bscscan.com/tx/0x6e0ad641208daf463d7cef9d279c3dfe8b6c2ac9c246514cd0584b4e922ea4e3
2023-03-19 17:44:01,False,3.944e-05,1.166e-08,69356.6,0.008,0x05...7066,https://bscscan.com/tx/0x6e0ad641208daf463d7cef9d279c3dfe8b6c2ac9c246514cd0584b4e922ea4e3
2023-03-19 17:43:58,True,3.964e-05,1.171e-08,13306471.0,1.55947,0x7e...b69b,https://bscscan.com/tx/0xd1e8bc98272d47ee1c513627a1df690ef527311ad1b45bac1f8b05b344c72241
2023-03-19 17:43:34,False,3.945e-05,1.166e-08,12344028.0,1.43943,0x05...7066,https://bscscan.com/tx/0xf0d319913874a280cfc226dd0c9f9221b896dd4cd9d9b8da90cdbc29e3d0a515
2023-03-19 17:43:22,False,3.946e-05,1.166e-08,10225203.0,1.1927,0xd2...6f27,https://bscscan.com/tx/0xe10203bdce8ceaadd1288a4b87baa3e2917662aae6bdbb3c211b703bd0782141
2023-03-19 17:43:22,False,3.947e-05,1.166e-08,13287946.0,1.5504,0x00...95ae,https://bscscan.com/tx/0xa1cd8a5796bf46c76bc6d0831497a1b48fb01746e4cfbd2d8dd23965436ee9ab
2023-03-19 17:43:22,False,3.948e-05,1.167e-08,14788883.0,1.72614,0x0f...4475,https://bscscan.com/tx/0xb5ff2ff6942412e26b28d59b1b42a42646a13240d37cf714f2c1085c21dce2f3
2023-03-19 17:43:22,False,3.95e-05,1.167e-08,9776702.0,1.14148,0xc1...9287,https://bscscan.com/tx/0x76049f8106287897c4b09fa141921894443d729aaa7f4b3e83cd4a73789b732a
2023-03-19 17:43:22,False,3.95e-05,1.167e-08,106377.0,0.0124,0xc1...9287,https://bscscan.com/tx/0x76049f8106287897c4b09fa141921894443d729aaa7f4b3e83cd4a73789b732a
2023-03-19 17:43:22,False,3.952e-05,1.168e-08,39280844.0,4.58908,0xb2...baf1,https://bscscan.com/tx/0xaa83256c0f91b8fe18f3c8a780a49605e0021218f57b8f91964a115b5f81a8f1
2023-03-19 17:43:22,False,3.954e-05,1.168e-08,1915935.0,0.2239,0xb2...baf1,https://bscscan.com/tx/0xaa83256c0f91b8fe18f3c8a780a49605e0021218f57b8f91964a115b5f81a8f1
2023-03-19 17:43:22,True,3.948e-05,1.167e-08,514061497.0,60.0,0x4c...94b3,https://bscscan.com/tx/0xf0ffeab93af88518b827b7f651f191ea20666df0ea62212941412aa0c95d95be
2023-03-19 17:42:52,True,3.938e-05,1.158e-08,87016669.0,10.0798,0x3b...a99e,https://bscscan.com/tx/0x9ca25613ee5575c2fec0fc24a238dc1e3d53eadd4816b6ace5f3ca81d073b074
2023-03-19 17:42:28,True,3.934e-05,1.157e-08,2082828.0,0.241,0x23...7b52,https://bscscan.com/tx/0x2a3b7aee1029f380334bc6bfba078154c4a763b5f6279e84cf5ce3cc81188441
2023-03-19 17:42:25,True,3.934e-05,1.157e-08,648205.0,0.075,0xd5...8beb,https://bscscan.com/tx/0x9adb24b96bb1917d11152f69bd16d5bdd65aac0eb4bd482e3b6e134d3fb2fc70
2023-03-19 17:41:55,True,3.929e-05,1.156e-08,7102296.0,0.8216,0xa9...cfc7,https://bscscan.com/tx/0x85619d0f6af754d17f2cfed38831fbb9c04a9b5059b01fc750b8630d5e9bc288
2023-03-19 17:41:43,True,3.909e-05,1.156e-08,2514225.0,0.2908,0xae...78e8,https://bscscan.com/tx/0x792c16a3b7da19340983f07fab7def0774abb01fc5230b2da06bddc0f529d3e3
2023-03-19 17:40:58,True,3.923e-05,1.155e-08,87431101.0,10.1025,0x3b...a99e,https://bscscan.com/tx/0xc8ca4d95a31abfc9dd73736bfb6fa558b50d98f63b9a230fe078b2d182af5301
2023-03-19 17:40:01,True,3.897e-05,1.154e-08,1000000.0,0.1154,0x2c...0e41,https://bscscan.com/tx/0xc1feadb0253537f2cf165f439d726ae465f9184583b9877e6a08f66d848c4fad
2023-03-19 17:38:58,True,3.894e-05,1.154e-08,6466237.0,0.7462,0xde...67ee,https://bscscan.com/tx/0xb962fba9c8e1ed9330bff82edffd3ab0dcf5875d9f92f91459e498687bccf267
2023-03-19 17:38:34,True,3.906e-05,1.153e-08,503723.0,0.0581,0x96...8f14,https://bscscan.com/tx/0x320434885c1a41dd187b092a04a283f3ffbaa70ebb75c8591c7e2c352d2c5356
2023-03-19 17:38:31,True,3.906e-05,1.153e-08,8647.66,9.979e-05,0xfc...c1a3,https://bscscan.com/tx/0xfce42e6ad37eb1b7719f7768be5132f30a37549676392387ed51cb82fd7c344c
2023-03-19 17:38:28,False,3.886e-05,1.148e-08,767690.0,0.0881,0x8b...d2e2,https://bscscan.com/tx/0x5abced37a156245229fdecbb92e8035184207edcc8c4473812d6a25202bb0dbe
2023-03-19 17:38:28,False,3.886e-05,1.148e-08,9821.5,0.0011,0x8b...d2e2,https://bscscan.com/tx/0x5abced37a156245229fdecbb92e8035184207edcc8c4473812d6a25202bb0dbe
2023-03-19 17:36:43,True,3.878e-05,1.153e-08,3014338.0,0.3478,0xfc...c1a3,https://bscscan.com/tx/0x48f08da93f3744d29bf3e1e82d16c17bc42606b06d7af871bac201df653ecd50
2023-03-19 17:35:55,False,3.861e-05,1.148e-08,621386.0,0.0713,0x01...154a,https://bscscan.com/tx/0x88897bfcbe1b31ccc1dbdc5b81feaaf42c5ce57859156df4c3cd2ae9fda32b92
2023-03-19 17:35:55,False,3.861e-05,1.148e-08,168981.0,0.0194,0x01...154a,https://bscscan.com/tx/0x88897bfcbe1b31ccc1dbdc5b81feaaf42c5ce57859156df4c3cd2ae9fda32b92
2023-03-19 17:35:49,True,3.88e-05,1.153e-08,7122199.0,0.8217,0xee...b9ab,https://bscscan.com/tx/0x76c4bcdf3731d65dc15fca476e8e77d4011f56a5ec0e9b95657095a8d737d45b
2023-03-19 17:35:22,True,3.899e-05,1.153e-08,233248.0,0.0269,0x01...154a,https://bscscan.com/tx/0x916a7ba0269467a68b45dd470654dde413fb051a447df742c733c52346d33acc
2023-03-19 17:33:55,True,3.87e-05,1.153e-08,10618036.0,1.22487,0x3c...3e12,https://bscscan.com/tx/0x94f8264858241cd5e6d621c282f1be491b9f13cf3f117b425fd038b61754f29b
2023-03-19 17:32:22,True,3.885e-05,1.153e-08,25737511.0,2.96767,0x0c...c0eb,https://bscscan.com/tx/0x7460122af0231da739487a9bbecc7c9b5287507d4af17ecae58eca537da58d76
2023-03-19 17:32:04,True,3.884e-05,1.152e-08,514934.0,0.0593,0xfa...2a8f,https://bscscan.com/tx/0xdf1e569348b7bbe8bcdb1fa8c4ba9d605a7ac3b134a7b5fade51ecba00511677
2023-03-19 17:28:58,True,3.877e-05,1.152e-08,9978126.0,1.15,0x3c...3e12,https://bscscan.com/tx/0xd4faab8165d72fd1bcd397720bdfbf7ef399a6557b691506041dc0a5c002f6e9
2023-03-19 17:27:58,True,3.896e-05,1.152e-08,3017229.0,0.3476,0x96...07a6,https://bscscan.com/tx/0xba0f5a880288588e652fb35a4298a36581708e075b9db9792074b8e397d7938f
2023-03-19 17:24:16,True,3.882e-05,1.152e-08,2376610.0,0.2738,0x8e...3d56,https://bscscan.com/tx/0xc7e3e9ad9c19ca036e9d9a6bf7a397490da380dc1a5df34796441ce31ae29f1e
2023-03-19 17:23:49,False,3.882e-05,1.146e-08,1860075.0,0.2132,0x23...283f,https://bscscan.com/tx/0x1f45e3f19e345000c814a4fb54548f5cd321e173eac3e96a642990185527bfdb
2023-03-19 17:23:49,False,3.882e-05,1.146e-08,121764.0,0.0139,0x23...283f,https://bscscan.com/tx/0x1f45e3f19e345000c814a4fb54548f5cd321e173eac3e96a642990185527bfdb
2023-03-19 17:22:49,True,3.9e-05,1.151e-08,26043881.0,3.0,0xf7...1421,https://bscscan.com/tx/0x1a0fc0e5a4ed95aa26aedd3f01205be93568fd61c713f41f7a41a5b8bd5aec26
2023-03-19 17:22:22,True,3.899e-05,1.151e-08,5398588.0,0.6216,0xc9...61ab,https://bscscan.com/tx/0xa0a52e9218e50cbd22108c582b5b82a2717a614fd9946f60000871756d0ee4d4
2023-03-19 17:21:58,True,3.898e-05,1.151e-08,10142764.0,1.16766,0x32...cf44,https://bscscan.com/tx/0x9105a2655d70cb23210b1577f94cc9529485c89f362db86b06e3af7ae3753956
2023-03-19 17:20:24,False,3.879e-05,1.145e-08,3129116.0,0.3584,0x0b...1c48,https://bscscan.com/tx/0x3ff3edfae6ec8de240912522073a4123830af45eaf098793242aabd5c207fafb
2023-03-19 17:20:24,False,3.879e-05,1.145e-08,16989.8,0.0019,0x0b...1c48,https://bscscan.com/tx/0x3ff3edfae6ec8de240912522073a4123830af45eaf098793242aabd5c207fafb
2023-03-19 17:19:35,True,3.878e-05,1.151e-08,5274033.0,0.607,0x9e...45f6,https://bscscan.com/tx/0x4ba9599d16e02116e3f127e59320a3a2920081acd8818bea003bec9a728e03f2
2023-03-19 17:18:42,False,3.857e-05,1.145e-08,1015445.0,0.1163,0x3f...6086,https://bscscan.com/tx/0x786e8cd67eb9bcf6022427a0d5f6e6e7342188a04a614ccaefec54439c936644
2023-03-19 17:18:42,False,3.858e-05,1.145e-08,26920.4,0.003,0x3f...6086,https://bscscan.com/tx/0x786e8cd67eb9bcf6022427a0d5f6e6e7342188a04a614ccaefec54439c936644
2023-03-19 17:16:20,False,3.859e-05,1.145e-08,831347.0,0.0952,0xc2...34d0,https://bscscan.com/tx/0x44b08e025e68fa20a965b2f5adc6f8ee2952b8f8e28df79abb8fc52102216a6b
2023-03-19 17:16:20,False,3.859e-05,1.145e-08,8262.03,9.462e-05,0xc2...34d0,https://bscscan.com/tx/0x44b08e025e68fa20a965b2f5adc6f8ee2952b8f8e28df79abb8fc52102216a6b
2023-03-19 17:14:40,False,3.862e-05,1.145e-08,3050831.0,0.3494,0xa2...42c7,https://bscscan.com/tx/0xf0fd9fa40dddebbe5a2c6b644089b84acbcaa8eb1cc13b8575c904bb932cb768
2023-03-19 17:14:40,False,3.862e-05,1.145e-08,23463.0,0.0026,0xa2...42c7,https://bscscan.com/tx/0xf0fd9fa40dddebbe5a2c6b644089b84acbcaa8eb1cc13b8575c904bb932cb768
2023-03-19 17:13:06,False,3.863e-05,1.145e-08,8663930.0,0.9924,0xc2...34d0,https://bscscan.com/tx/0x71c735fea625c2d1724fcd5f894e45342bd7930d8adc3096f6f704a943513af1
2023-03-19 17:13:06,False,3.863e-05,1.145e-08,94018.5,0.0107,0xc2...34d0,https://bscscan.com/tx/0x71c735fea625c2d1724fcd5f894e45342bd7930d8adc3096f6f704a943513af1
2023-03-19 17:12:09,True,3.902e-05,1.151e-08,3484613.0,0.4012,0x5e...217e,https://bscscan.com/tx/0x8f5e8809d2a67bfc38d5b1e8461d02de716e5c8339f0a25e96d1e1d7db9295d2
2023-03-19 17:12:09,True,3.902e-05,1.151e-08,5197104.0,0.5983,0x71...6af6,https://bscscan.com/tx/0x345b17e6b533947c3575c45d97655536b9c2b414a7f52119282d134a717b9b80
2023-03-19 17:12:04,True,3.902e-05,1.151e-08,255240.0,0.0293,0x43...1f1b,https://bscscan.com/tx/0xdc7c00a826a007644a641aa3d7d1498ef516a1203ccbc38c708057f7ad7ed898
2023-03-19 17:11:49,False,3.864e-05,1.145e-08,25807069.0,2.95691,0xc0...1f4f,https://bscscan.com/tx/0x2b9e594806cd4fdb7f17543874f6594a381acba17ded43423144732f1af7633f
2023-03-19 17:11:49,False,3.865e-05,1.146e-08,810.0,9.283e-06,0xc0...1f4f,https://bscscan.com/tx/0x2b9e594806cd4fdb7f17543874f6594a381acba17ded43423144732f1af7633f
2023-03-19 17:09:54,False,3.875e-05,1.146e-08,299100.0,0.0342,0x43...67ae,https://bscscan.com/tx/0x4ed6b3d1e97e1e24a2421d9803aee0a11a79ad76a31b1b2bbfb66c1be55b86ef
2023-03-19 17:09:54,False,3.875e-05,1.146e-08,5607.74,6.427e-05,0x43...67ae,https://bscscan.com/tx/0x4ed6b3d1e97e1e24a2421d9803aee0a11a79ad76a31b1b2bbfb66c1be55b86ef
2023-03-19 17:09:25,False,3.87e-05,1.146e-08,2070709.0,0.2373,0x6e...123b,https://bscscan.com/tx/0x83734515bb3d02dcf61ac5029d29b3256d6233463f47c5c3e3ed5c5179fb324f
2023-03-19 17:09:25,False,3.87e-05,1.146e-08,61407.4,0.007,0x6e...123b,https://bscscan.com/tx/0x83734515bb3d02dcf61ac5029d29b3256d6233463f47c5c3e3ed5c5179fb324f
2023-03-19 17:09:13,False,3.89e-05,1.146e-08,22675270.0,2.59981,0xd0...e940,https://bscscan.com/tx/0x64822a1d3d8fbaf1534d6aae4882281b79bd54268b158822f498bcd0b3b42fe2
2023-03-19 17:09:13,False,3.892e-05,1.146e-08,15911.0,0.0018,0xd0...e940,https://bscscan.com/tx/0x64822a1d3d8fbaf1534d6aae4882281b79bd54268b158822f498bcd0b3b42fe2
2023-03-19 17:08:20,True,3.891e-05,1.152e-08,3437532.0,0.3962,0x55...9571,https://bscscan.com/tx/0xeb2663d00977a261153770b4ac5a59ec9a07deebc5a30a7d10e237d91f4fdb8c
2023-03-19 17:07:52,False,3.891e-05,1.146e-08,2448054.0,0.2807,0x16...23ef,https://bscscan.com/tx/0x04538d67a47bd94b9ca43f161927f619852aeb6c2e4ddb8d9e451ea78b9bd540
2023-03-19 17:07:52,False,3.891e-05,1.146e-08,82998.4,0.0095,0x16...23ef,https://bscscan.com/tx/0x04538d67a47bd94b9ca43f161927f619852aeb6c2e4ddb8d9e451ea78b9bd540
2023-03-19 17:07:36,False,3.873e-05,1.147e-08,30647913.0,3.51617,0x05...7066,https://bscscan.com/tx/0xe83cb34bc228a1f3296608af9eab9161c1e74b72f84fa4d6bcb1d3f14ed0c2bb
2023-03-19 17:07:36,False,3.875e-05,1.147e-08,39544.9,0.0045,0x05...7066,https://bscscan.com/tx/0xe83cb34bc228a1f3296608af9eab9161c1e74b72f84fa4d6bcb1d3f14ed0c2bb
2023-03-19 17:07:27,False,3.894e-05,1.147e-08,14602314.0,1.67624,0x05...7066,https://bscscan.com/tx/0x4dad705d5671d2ab6df40fbf869dc102c52f69f30ab53771493990c3b6e0396f
2023-03-19 17:07:27,False,3.894e-05,1.148e-08,810.0,9.299e-06,0x05...7066,https://bscscan.com/tx/0x4dad705d5671d2ab6df40fbf869dc102c52f69f30ab53771493990c3b6e0396f
2023-03-19 17:07:18,False,3.895e-05,1.148e-08,299100.0,0.0343,0x07...0240,https://bscscan.com/tx/0x6f73ff9d3f6b0dee85ffcaee70050cfe8758e9cec2a9756676b22bf983a3c264
2023-03-19 17:07:18,False,3.895e-05,1.148e-08,13179.7,0.0015,0x07...0240,https://bscscan.com/tx/0x6f73ff9d3f6b0dee85ffcaee70050cfe8758e9cec2a9756676b22bf983a3c264
2023-03-19 17:07:06,False,3.892e-05,1.148e-08,4866739.0,0.5588,0x81...9906,https://bscscan.com/tx/0xe5f54e8d89afcaa13d1376b8b4d5180904c0d92184e15fcc3d3a0a6a62cbc96e
2023-03-19 17:07:06,False,3.892e-05,1.148e-08,58240.5,0.0066,0x81...9906,https://bscscan.com/tx/0xe5f54e8d89afcaa13d1376b8b4d5180904c0d92184e15fcc3d3a0a6a62cbc96e
2023-03-19 17:07:06,False,3.893e-05,1.148e-08,21505839.0,2.47016,0x05...7066,https://bscscan.com/tx/0xc201db900ace07d4c68ed7b387d99023439bb73e9133707bf410eabafe264e13
2023-03-19 17:07:06,False,3.894e-05,1.148e-08,25478.3,0.0029,0x05...7066,https://bscscan.com/tx/0xc201db900ace07d4c68ed7b387d99023439bb73e9133707bf410eabafe264e13
2023-03-19 17:06:51,True,3.913e-05,1.154e-08,8677901.0,1.0019,0x05...d359,https://bscscan.com/tx/0x363b0fdffd3835f94ba3e0f7c47701149a4ba2536454edf41f9be5d3381afee5
2023-03-19 17:06:48,True,3.913e-05,1.154e-08,508507.0,0.0587,0x9d...8c8a,https://bscscan.com/tx/0x3e0c1588705464e06e74000394a5b58eb3162bd4dd16ba78f4a73a1719f4c21b
2023-03-19 17:06:15,False,3.894e-05,1.148e-08,249250.0,0.0286,0x9f...3127,https://bscscan.com/tx/0x1376b9898a30134d81f1df94b71abe341ac168453733e840a3a359c274a4ad01
2023-03-19 17:06:15,False,3.894e-05,1.148e-08,2456.3,2.821e-05,0x9f...3127,https://bscscan.com/tx/0x1376b9898a30134d81f1df94b71abe341ac168453733e840a3a359c274a4ad01
2023-03-19 17:06:12,False,3.894e-05,1.148e-08,907013.0,0.1041,0xc4...4c79,https://bscscan.com/tx/0x211955f0f917cbbc5decf7e64cac041815f5ee6d32e4eae68328d376876585e1
2023-03-19 17:06:12,False,3.894e-05,1.148e-08,77299.9,0.0088,0xc4...4c79,https://bscscan.com/tx/0x211955f0f917cbbc5decf7e64cac041815f5ee6d32e4eae68328d376876585e1
2023-03-19 17:06:12,True,3.913e-05,1.154e-08,10751143.0,1.24099,0x81...1ec9,https://bscscan.com/tx/0x07355da1f51713560bb886adba435282774902d4f50d396910bb46b3bf916107
2023-03-19 17:06:03,False,3.894e-05,1.148e-08,17824812.0,2.0474,0x05...7066,https://bscscan.com/tx/0x86e42cc5356d60a2f2780e482f4296f140d1ec855d33fae998c475c63afb779b
2023-03-19 17:06:03,False,3.895e-05,1.148e-08,16376.6,0.0018,0x05...7066,https://bscscan.com/tx/0x86e42cc5356d60a2f2780e482f4296f140d1ec855d33fae998c475c63afb779b
2023-03-19 17:05:44,False,3.895e-05,1.148e-08,6047215.0,0.6948,0x05...7066,https://bscscan.com/tx/0x4e82e328e75d70718d1c1ed2712147874c640bc302b04eea3beacc83d2b84971
2023-03-19 17:05:44,False,3.896e-05,1.149e-08,80973.0,0.0093,0x05...7066,https://bscscan.com/tx/0x4e82e328e75d70718d1c1ed2712147874c640bc302b04eea3beacc83d2b84971
2023-03-19 17:05:38,False,3.897e-05,1.149e-08,29900029.0,3.43697,0x20...946b,https://bscscan.com/tx/0xb11b25024400be22f3e81d71ac657437748b2fa2372e3a46cbae5eccbecf6042
2023-03-19 17:05:38,False,3.899e-05,1.149e-08,2096179.0,0.241,0x20...946b,https://bscscan.com/tx/0xb11b25024400be22f3e81d71ac657437748b2fa2372e3a46cbae5eccbecf6042
2023-03-19 17:05:03,False,3.953e-05,1.161e-08,773414290.0,89.8114,0x9f...78eb,https://bscscan.com/tx/0x13835f8bb723bfcd0412766143ae992cfc9a2d478edc84034b3e9533408bdf6f
2023-03-19 17:05:03,False,3.991e-05,1.172e-08,2303778.0,0.2701,0x9f...78eb,https://bscscan.com/tx/0x13835f8bb723bfcd0412766143ae992cfc9a2d478edc84034b3e9533408bdf6f
2023-03-19 17:05:03,True,3.969e-05,1.166e-08,837352766.0,97.6467,0x9d...4fd0,https://bscscan.com/tx/0x043c9e2e481b2cb60517255b222f47db0223ba8e45d5bce3d08c3b9e967365bc
2023-03-19 17:05:03,False,3.909e-05,1.148e-08,15850503.0,1.82023,0x1c...5259,https://bscscan.com/tx/0x1b868e7580f4666b43c24e55bd9e553cb68fe2a40e990e36e2e2c2ba0eb70527
2023-03-19 17:05:03,False,3.91e-05,1.148e-08,5651.54,6.491e-05,0x1c...5259,https://bscscan.com/tx/0x1b868e7580f4666b43c24e55bd9e553cb68fe2a40e990e36e2e2c2ba0eb70527
2023-03-19 17:05:03,False,3.91e-05,1.148e-08,9507713.0,1.09219,0x00...3cb8,https://bscscan.com/tx/0x72091866783c767f122a86472892c2a422a9cbc2f8a09c6b6c89d8e79d494d8f
2023-03-19 17:05:03,False,3.912e-05,1.149e-08,27498702.0,3.16034,0x00...42e4,https://bscscan.com/tx/0x02002e22c3db58fedc78075c80f024730eed10af7b0c4ab7908b558bfc59e8f3
2023-03-19 17:05:03,False,3.914e-05,1.15e-08,23578230.0,2.71151,0x00...820e,https://bscscan.com/tx/0x5bf2462db8e5ec8d52546895015a6548de9ae83dd454bda1703f1c25b21159a2
2023-03-19 17:05:03,False,3.916e-05,1.15e-08,2104648.0,0.2421,0x00...820e,https://bscscan.com/tx/0x5bf2462db8e5ec8d52546895015a6548de9ae83dd454bda1703f1c25b21159a2
2023-03-19 17:05:03,True,3.897e-05,1.144e-08,778075742.0,89.0883,0xaf...b673,https://bscscan.com/tx/0x138bf3e7f425fec68e7c573e083505e42c3287473743a6656a20d73e49f88f39
2023-03-19 17:04:50,True,3.84e-05,1.133e-08,1225098.0,0.1389,0x57...e93f,https://bscscan.com/tx/0x8cda30961e19f9da210c17edc581722b910350088d0308db2ac01a4933f93f26
2023-03-19 17:04:34,False,3.821e-05,1.128e-08,197879.0,0.0223,0xcd...d0b9,https://bscscan.com/tx/0x116162067a950c0d1d5f8db1831214657e79dec7102a5ae0371166bde977803b
2023-03-19 17:04:34,False,3.821e-05,1.128e-08,2923.74,3.298e-05,0xcd...d0b9,https://bscscan.com/tx/0x116162067a950c0d1d5f8db1831214657e79dec7102a5ae0371166bde977803b
2023-03-19 17:02:08,False,3.84e-05,1.128e-08,29910.0,0.0033,0xf2...c935,https://bscscan.com/tx/0x0ac32320c65548e21fdcf7625dcfa02b6e5b44a9ff096c3556e5466200069f82
2023-03-19 17:02:08,False,3.84e-05,1.128e-08,6254.64,7.056e-05,0xf2...c935,https://bscscan.com/tx/0x0ac32320c65548e21fdcf7625dcfa02b6e5b44a9ff096c3556e5466200069f82
2023-03-19 17:01:24,False,3.844e-05,1.128e-08,2309584.0,0.2605,0xd0...e5f7,https://bscscan.com/tx/0x28b72098d6a5edc971b0603cd760c328b93741660cdf3a1ed2edff84053e49c7
2023-03-19 17:01:24,False,3.844e-05,1.128e-08,388239.0,0.0438,0xd0...e5f7,https://bscscan.com/tx/0x28b72098d6a5edc971b0603cd760c328b93741660cdf3a1ed2edff84053e49c7
2023-03-19 16:57:50,True,3.841e-05,1.132e-08,100300903.0,11.3596,0x9b...2220,https://bscscan.com/tx/0x2b16d466f0b0bcb62552f060f96a58457e3b38d08cd34c316e52b70845790d54
2023-03-19 16:57:17,True,3.851e-05,1.131e-08,12.183,1.378e-07,0x32...6d09,https://bscscan.com/tx/0xa322faaddaad315fc53585a91efe1c5df099bcefa78d169344887740df222f37
2023-03-19 16:55:29,True,3.83e-05,1.131e-08,3759182.0,0.4252,0x78...4605,https://bscscan.com/tx/0x32faeb4330b5a881c525aa19d4c6e022cab274852a3f95a990fd11d7ae88a1df
2023-03-19 16:53:38,True,3.827e-05,1.13e-08,23200295.0,2.62329,0x8e...a156,https://bscscan.com/tx/0xaf198f9591a637c6dc90c3ce2b989ea202a85b759d4c8b0881255739e404142f
2023-03-19 16:52:14,False,3.827e-05,1.124e-08,16482052.0,1.85419,0x56...54f0,https://bscscan.com/tx/0x0ce5bb753ef84557cf2cedb18ebe9228900837ed1f88a09af8c186fc8771fec9
2023-03-19 16:52:14,False,3.828e-05,1.125e-08,151043.0,0.017,0x56...54f0,https://bscscan.com/tx/0x0ce5bb753ef84557cf2cedb18ebe9228900837ed1f88a09af8c186fc8771fec9
2023-03-19 16:50:47,True,3.844e-05,1.13e-08,13089553.0,1.48,0x5a...c924,https://bscscan.com/tx/0x440e6e0496c194684326547daa8b6061c2bfaa1ffcce6d15cffff9fd746f2e16
2023-03-19 16:49:08,True,3.838e-05,1.13e-08,884583.0,0.1,0x2a...5057,https://bscscan.com/tx/0x8a79e83e6328596b196cc3dacf7c2fdbf5b1159b68eabd5e16f43fab4d04d805
2023-03-19 16:48:38,True,3.819e-05,1.13e-08,7718072.0,0.8724,0x08...ebe1,https://bscscan.com/tx/0x3dfa799fa8d76e2f402b14e4e0156f7bd6139182cf23e6a0da60d9ec6cd09120
2023-03-19 16:47:20,True,3.837e-05,1.13e-08,3801325.0,0.4296,0xfa...ce4c,https://bscscan.com/tx/0x301f3a7e98339d35952fd2c92416361a91936276526ad305e3c9e7d79142d3e8
2023-03-19 16:46:40,False,3.818e-05,1.124e-08,19940000.0,2.2428,0x76...b52f,https://bscscan.com/tx/0x7aef2d11658872fcd6fc3c8080f3229e27f126eb64ef49ff62e78fe9b792a39e
2023-03-19 16:46:40,False,3.819e-05,1.125e-08,5400.0,6.075e-05,0x76...b52f,https://bscscan.com/tx/0x7aef2d11658872fcd6fc3c8080f3229e27f126eb64ef49ff62e78fe9b792a39e
2023-03-19 16:46:37,False,3.819e-05,1.125e-08,1994000.0,0.2243,0x78...39b8,https://bscscan.com/tx/0x508ac87acf03bb2eb2246e367fe134be3f3de52d09eb0412b01dce3647e7fa43
2023-03-19 16:46:37,False,3.819e-05,1.125e-08,72994.5,0.0082,0x78...39b8,https://bscscan.com/tx/0x508ac87acf03bb2eb2246e367fe134be3f3de52d09eb0412b01dce3647e7fa43
2023-03-19 16:46:25,True,3.838e-05,1.13e-08,11870842.0,1.34211,0x11...f8bd,https://bscscan.com/tx/0x223c9bd460e6ea530d2abfdf2ad2f2b8dd5c9d3439022d245b9e8a4cad72f9fd
2023-03-19 16:46:08,True,3.835e-05,1.13e-08,741223.0,0.0837,0x5a...c304,https://bscscan.com/tx/0xd7d5a2e4b56cfab8f07084e201e3eb68913a5672028ee834fee0c854879ac12e
2023-03-19 16:45:47,True,3.835e-05,1.13e-08,12386866.0,1.4,0x78...39b8,https://bscscan.com/tx/0xac0170464eebaf055dcc0fb4197d48f2fd6f99ae106818005fbbf508b30841f7
2023-03-19 16:45:25,True,3.842e-05,1.13e-08,283824.0,0.032,0x9b...f248,https://bscscan.com/tx/0x702ab1e7359a3fb007e5baf695c7d2f00ee8f384263f2c127e4278c50582d7f3
2023-03-19 16:45:04,True,3.842e-05,1.13e-08,1592884.0,0.18,0x6c...9dc3,https://bscscan.com/tx/0x9856a09a900b06a20cdb894e921c1198397b1ac560fdb4ffa8285858b8662f48
2023-03-19 16:44:42,True,3.842e-05,1.13e-08,69555.2,0.0078,0xde...21a3,https://bscscan.com/tx/0x04af2da3f4f08835f40831694cc9bb3cf61dc1aca020a94d86f0083de92e58b9
2023-03-19 16:44:32,False,3.804e-05,1.124e-08,89530.6,0.01,0x2c...dfc5,https://bscscan.com/tx/0x1229cf9db95eadfbd8d03477668fd1d47c6acbd55705187ab5fa6a21f615c922
2023-03-19 16:44:32,False,3.804e-05,1.124e-08,93782.1,0.0105,0x2c...dfc5,https://bscscan.com/tx/0x1229cf9db95eadfbd8d03477668fd1d47c6acbd55705187ab5fa6a21f615c922
2023-03-19 16:42:51,True,3.841e-05,1.129e-08,15736956.0,1.77794,0xcc...b556,https://bscscan.com/tx/0x0a7c4607c71ea063526f24a3fe6c915cc07d6a0e551212d3a0d83bd64530ce35
2023-03-19 16:41:46,False,3.822e-05,1.124e-08,18940149.0,2.12923,0x3d...4dd5,https://bscscan.com/tx/0xdac7b38ca902a2fdd3f5dbc166198907a6b358d8be6ae52170c111b95dae156f
2023-03-19 16:41:46,False,3.823e-05,1.124e-08,608268.0,0.0684,0x3d...4dd5,https://bscscan.com/tx/0xdac7b38ca902a2fdd3f5dbc166198907a6b358d8be6ae52170c111b95dae156f
2023-03-19 16:41:43,True,3.842e-05,1.13e-08,365831.0,0.0413,0x51...f632,https://bscscan.com/tx/0x79a6a24417cb63a80dba8e88c837cd0433275bf3dab00ab05d3cb81b1058244b
2023-03-19 16:41:04,True,3.842e-05,1.13e-08,265464.0,0.03,0x73...273a,https://bscscan.com/tx/0x473e3e060405afbb275404d19457fb0f8420f27612229c015b8ef8b8cc91a043
2023-03-19 16:40:24,True,3.842e-05,1.13e-08,30971.1,0.0035,0xf8...88fe,https://bscscan.com/tx/0x8abf5f263dd8ee5f0345b906ab7f8807d02cb597b6b3c4776d19af52b2c81dc0
2023-03-19 16:40:02,True,3.842e-05,1.13e-08,44244.2,0.005,0x68...e3ad,https://bscscan.com/tx/0x42d071361b17d1fae583cebb291763ee4cb1483b95e2914a5752c1140fefda57
2023-03-19 16:39:56,True,3.842e-05,1.13e-08,6104787.0,0.6898,0xfb...c7b8,https://bscscan.com/tx/0x5caa3f5cc9185b1d8416976eb70c0b0d289d3ddf6a540ca40905df5b8f0f41f5
2023-03-19 16:39:29,True,3.822e-05,1.129e-08,260331.0,0.0294,0x2f...6d46,https://bscscan.com/tx/0xe12f176be05cd839ec18a1646a87b74a4b1955138787eb3757c24720993dbad0
2023-03-19 16:37:58,True,3.838e-05,1.129e-08,39071040.0,4.41255,0x81...c915,https://bscscan.com/tx/0xdf565113ff12497cad10a0675025fde08641d62d789db7bcc6d1e18fedff821d
2023-03-19 16:37:55,True,3.814e-05,1.128e-08,56047073.0,6.3223,0x19...6dd1,https://bscscan.com/tx/0x327dc17a1aab3f25e5665faeb7ae6424832d1dc67083c830797bed61420b266a
2023-03-19 16:37:19,True,3.829e-05,1.125e-08,100300903.0,11.2924,0x9b...2220,https://bscscan.com/tx/0xe3ccc4cc3b05c263cab8e002a5a805fea6f1b3db10e4b55b5c90c9820cd94e42
2023-03-19 16:37:10,True,3.824e-05,1.124e-08,418797.0,0.047,0xeb...6678,https://bscscan.com/tx/0x03d73288e8b1768b08616e0aa00da58a1d631970c17d797072841d05de484af2
2023-03-19 16:36:34,True,3.824e-05,1.124e-08,585151.0,0.0658,0x6d...9a8d,https://bscscan.com/tx/0xd533222d6f81dffa04497cfde6b045edb9908b4967880b8e0aefc4fd53071c50
2023-03-19 16:34:40,True,3.822e-05,1.124e-08,5130540.0,0.5768,0x6d...9a8d,https://bscscan.com/tx/0x631c43f878841988161f2b4d4851ec39eedf377f322cb5ea8609712e465d132c
2023-03-19 16:34:40,True,3.821e-05,1.124e-08,1500000.0,0.1686,0xad...78dd,https://bscscan.com/tx/0x6d31dc60b94d62714ad97d5e9c3c3e051cefb3389682b6db356093d94089cac3
2023-03-19 16:33:49,True,3.823e-05,1.124e-08,5159364.0,0.58,0x2d...bd3b,https://bscscan.com/tx/0x4bb4415a0fa5c7c95addddf64b7b8c80b8029dcfa3d2f88b64a5a0b651894557
2023-03-19 16:33:43,False,3.804e-05,1.118e-08,9970000.0,1.11527,0x78...39b8,https://bscscan.com/tx/0x782d43410fb26544f0888fc24ccb1ddc41d21eb861dfe38e6e0c6df251004867
2023-03-19 16:33:43,False,3.805e-05,1.118e-08,92823.3,0.0103,0x78...39b8,https://bscscan.com/tx/0x782d43410fb26544f0888fc24ccb1ddc41d21eb861dfe38e6e0c6df251004867
2023-03-19 16:29:19,True,3.803e-05,1.124e-08,10185998.0,1.14515,0xac...9db0,https://bscscan.com/tx/0x8457926504a6e509c665696017e7cc8bdd0aa982fb4869ef29bb508a3d3365f7
2023-03-19 16:29:10,True,3.802e-05,1.124e-08,2918.0,3.28e-05,0x95...8aa6,https://bscscan.com/tx/0x7a21e077b83c20d1931cd683045918c1aa92e74078d7f37ca1101343d2cc8c05
2023-03-19 16:28:25,True,3.801e-05,1.124e-08,4405.0,4.951e-05,0x95...8aa6,https://bscscan.com/tx/0x086bbe5a72d1825426c15584cd501001a06eee83db24de2ee2f5de318e6278ee
2023-03-19 16:28:13,True,3.803e-05,1.124e-08,132228.0,0.0148,0x22...869b,https://bscscan.com/tx/0x166d1f9cfd90de2e16d4d4621090ec64b729a90953c4a0205aeb873ddf784a6e
2023-03-19 16:27:34,False,3.785e-05,1.118e-08,23577092.0,2.63781,0x8e...a156,https://bscscan.com/tx/0xa60b4b12da2811abd558a2f31b3db01286cf7c4e0e0a9366cae2d57d6bfd61b0
2023-03-19 16:27:34,False,3.786e-05,1.119e-08,25288.0,0.0028,0x8e...a156,https://bscscan.com/tx/0xa60b4b12da2811abd558a2f31b3db01286cf7c4e0e0a9366cae2d57d6bfd61b0
2023-03-19 16:25:37,False,3.806e-05,1.119e-08,9337820.0,1.04514,0xa5...f2d3,https://bscscan.com/tx/0x8d5e79994fe02112f359296f345fb275ef241e6cf8918b598265cf5016207fc7
2023-03-19 16:25:37,False,3.807e-05,1.119e-08,21049.0,0.0023,0xa5...f2d3,https://bscscan.com/tx/0x8d5e79994fe02112f359296f345fb275ef241e6cf8918b598265cf5016207fc7
2023-03-19 16:25:28,True,3.807e-05,1.125e-08,13138.0,0.0014,0x95...8aa6,https://bscscan.com/tx/0xac1a69b89bae9ed4dca3192d26b3a71af66c4ec9839e512d34b8807220571cf8
2023-03-19 16:24:37,True,3.807e-05,1.125e-08,260835.0,0.0293,0x85...75cb,https://bscscan.com/tx/0x0ff7aed151a94b76454fd3e40fe8121380b91a79425a4604a80c2da91cf1c2a7
2023-03-19 16:24:37,True,3.807e-05,1.124e-08,522690.0,0.0588,0x05...9852,https://bscscan.com/tx/0x1c0af90ddbff60a9be48d85bb232e605e2171c04f01f8f244ef0060c5e6d92ac
2023-03-19 16:23:19,False,3.798e-05,1.119e-08,6978282.0,0.7811,0xfb...311d,https://bscscan.com/tx/0x939e9b60c07c36d68a069f6681e06f8d08be6fb2a0f1081dc672a05c2ce38f3d
2023-03-19 16:23:19,False,3.798e-05,1.119e-08,81341.6,0.0091,0xfb...311d,https://bscscan.com/tx/0x939e9b60c07c36d68a069f6681e06f8d08be6fb2a0f1081dc672a05c2ce38f3d
2023-03-19 16:23:07,True,3.816e-05,1.124e-08,24763901.0,2.78553,0x76...b52f,https://bscscan.com/tx/0x124524d1f6361eca0763641d3d7122688369f86424781c018b8296f97755af67
2023-03-19 16:23:04,True,3.817e-05,1.125e-08,516464.0,0.0581,0xcd...5c67,https://bscscan.com/tx/0xf2a3a10fadd9def694529e270390d503f91eab442074eacf57ba0abd136093c9
2023-03-19 16:22:40,False,3.815e-05,1.118e-08,124884.0,0.0139,0x90...a663,https://bscscan.com/tx/0x957854b0ee276e7688fc2341dec4b17bd83698a9a7673b7fa62fbf083df045e7
2023-03-19 16:22:40,False,3.815e-05,1.118e-08,5598.98,6.264e-05,0x90...a663,https://bscscan.com/tx/0x957854b0ee276e7688fc2341dec4b17bd83698a9a7673b7fa62fbf083df045e7
2023-03-19 16:21:31,True,3.835e-05,1.124e-08,1564624.0,0.1759,0xb7...4bab,https://bscscan.com/tx/0x67f04ba662d01e11b802e5baf1f47ca00590a444bd39f1a0a926ff533975a3a4
2023-03-19 16:18:28,False,3.814e-05,1.118e-08,507546.0,0.0567,0x1b...abe8,https://bscscan.com/tx/0x77363584bbc7b8b04fb11592e5e02eed62017dc413f11c7310eebbe0c6f4c5e3
2023-03-19 16:18:28,False,3.814e-05,1.118e-08,29316.8,0.0032,0x1b...abe8,https://bscscan.com/tx/0x77363584bbc7b8b04fb11592e5e02eed62017dc413f11c7310eebbe0c6f4c5e3
2023-03-19 16:16:01,True,3.833e-05,1.124e-08,2143089.0,0.2409,0xcd...33b2,https://bscscan.com/tx/0x70088cf30ec80130a0fbf2330df1bfc1f67e5bd26f83fc7f7067716af8384c2e
2023-03-19 16:14:22,False,3.794e-05,1.118e-08,1062085.0,0.1188,0x2d...8126,https://bscscan.com/tx/0x0921bb9c037e8878131c7aa8c25f40626085c348b4034dc14ce980db96284c08
2023-03-19 16:14:22,False,3.794e-05,1.118e-08,139936.0,0.0156,0x2d...8126,https://bscscan.com/tx/0x0921bb9c037e8878131c7aa8c25f40626085c348b4034dc14ce980db96284c08
2023-03-19 16:12:37,True,3.819e-05,1.124e-08,799048.0,0.0898,0xa2...15c9,https://bscscan.com/tx/0x978285ef63cd201c51f42d9fd11487569da49a4c3ff07f0f293b17132839ebae
2023-03-19 16:12:01,True,3.818e-05,1.124e-08,23719194.0,2.66621,0x8e...a156,https://bscscan.com/tx/0xe18049ffe64fbcc948831c13251b114637409d3df7ec6f64eee5dc1a4ea507ec
2023-03-19 16:09:43,True,3.817e-05,1.123e-08,134046.0,0.015,0x46...8468,https://bscscan.com/tx/0x6b8228b8fdeead547c5a2fd4a9b8aed827e6d1936b628f3367d2c76de598033b
2023-03-19 16:09:07,True,3.816e-05,1.123e-08,19054304.0,2.1407,0x3d...4dd5,https://bscscan.com/tx/0x4e307ae32b50756446f20c82a6b5d7c8918c7de2c3e3f9b4fb05e2b97981c24d
2023-03-19 16:08:52,False,3.815e-05,1.117e-08,8097159.0,0.905,0xda...258e,https://bscscan.com/tx/0x9a2ce1bda9e1b292c1ce4940f15afe1bb8ec282965598fc4915236876669b21c
2023-03-19 16:08:52,False,3.816e-05,1.117e-08,3563.05,3.982e-05,0xda...258e,https://bscscan.com/tx/0x9a2ce1bda9e1b292c1ce4940f15afe1bb8ec282965598fc4915236876669b21c
2023-03-19 16:08:16,True,3.839e-05,1.123e-08,300000.0,0.0337,0x41...2047,https://bscscan.com/tx/0x6bc413b6488fd8919b4127cea8d815b830ceb47881a5dacd8af98eb0a2451127
2023-03-19 16:08:10,False,3.82e-05,1.117e-08,1016591.0,0.1136,0xb2...e500,https://bscscan.com/tx/0x46d16bdb6b1b3db911caa8622feb967b9fa6de98335a1a8a802bc2849b0e962f
2023-03-19 16:08:10,False,3.82e-05,1.117e-08,1525.03,1.704e-05,0xb2...e500,https://bscscan.com/tx/0x46d16bdb6b1b3db911caa8622feb967b9fa6de98335a1a8a802bc2849b0e962f
2023-03-19 16:07:58,False,3.822e-05,1.117e-08,563130.0,0.0629,0xf3...b6ec,https://bscscan.com/tx/0x75d3322b73e24d6800feabbe4b8f3007fa4d99c826c44456edfce4874637ed3e
2023-03-19 16:07:58,False,3.822e-05,1.117e-08,10924.1,0.0012,0xf3...b6ec,https://bscscan.com/tx/0x75d3322b73e24d6800feabbe4b8f3007fa4d99c826c44456edfce4874637ed3e
2023-03-19 16:07:58,True,3.841e-05,1.123e-08,3228158.0,0.3626,0xfa...ce4c,https://bscscan.com/tx/0x91c8ac9c38ce6f56394995526b20c40ca91159ff3b58b817a644d8b80966f8d4
2023-03-19 16:07:25,True,3.842e-05,1.123e-08,50000.0,0.0056,0x9c...355b,https://bscscan.com/tx/0x401f91b1e77f71f98e02af6f507f00079162b7d1cff4bddece64393a406cc5bf
2023-03-19 16:07:16,True,3.842e-05,1.123e-08,17803.5,0.002,0xd5...4c4e,https://bscscan.com/tx/0xe90488d137922f9fc4653cf46c153045ebfa3ca074675fa5c5d8f4ea599d6271
2023-03-19 16:07:16,False,3.822e-05,1.117e-08,747765.0,0.0835,0x77...10d9,https://bscscan.com/tx/0x5dd9da04a8cad27619c950f095ece16b4d43d9c4dcd9526262c779b8b7b282b7
2023-03-19 16:07:16,False,3.822e-05,1.117e-08,103069.0,0.0115,0x77...10d9,https://bscscan.com/tx/0x5dd9da04a8cad27619c950f095ece16b4d43d9c4dcd9526262c779b8b7b282b7
2023-03-19 16:05:07,True,3.83e-05,1.122e-08,37712385.0,4.23463,0x81...c915,https://bscscan.com/tx/0x20b8847173c0b25307ec20838b8d9a03df70a28b9911e8af78522812b3c41d59
2023-03-19 16:05:04,True,3.828e-05,1.122e-08,400945.0,0.045,0x93...a658,https://bscscan.com/tx/0x0e85b5714a7dc3c626205136089bfd5565f32e16525ea8a36d4b9afedb6c2812
2023-03-19 16:03:40,False,3.789e-05,1.116e-08,60159.3,0.0067,0xaf...f1d0,https://bscscan.com/tx/0x33aebd0aac0becb3b393802f208b026de2a3339ea22428d556cc11f1e97200f4
2023-03-19 16:03:40,False,3.789e-05,1.116e-08,6476.7,7.232e-05,0xaf...f1d0,https://bscscan.com/tx/0x33aebd0aac0becb3b393802f208b026de2a3339ea22428d556cc11f1e97200f4
2023-03-19 16:01:25,True,3.825e-05,1.122e-08,98341.3,0.011,0xc9...5234,https://bscscan.com/tx/0x9f09276578c613385057ce3df05efc4ac46a47c06fb0bbaa2e1f4945795b8072
2023-03-19 16:01:13,False,3.787e-05,1.116e-08,125089.0,0.0139,0x6a...dd77,https://bscscan.com/tx/0xee90989b60e37ce0b3a5c409e4ef302717576611bd45a01e0e64b275dae0d371
2023-03-19 16:01:13,False,3.787e-05,1.116e-08,130.918,1.462e-06,0x6a...dd77,https://bscscan.com/tx/0xee90989b60e37ce0b3a5c409e4ef302717576611bd45a01e0e64b275dae0d371
2023-03-19 16:00:13,False,3.805e-05,1.116e-08,48342.7,0.0054,0xc9...5234,https://bscscan.com/tx/0x10601c14d0830087338059801220e6c4493ffd710ba09161a749a4e1ffaa06d7
2023-03-19 16:00:13,False,3.805e-05,1.116e-08,1919.86,2.143e-05,0xc9...5234,https://bscscan.com/tx/0x10601c14d0830087338059801220e6c4493ffd710ba09161a749a4e1ffaa06d7
2023-03-19 15:58:01,False,3.783e-05,1.116e-08,708926.0,0.0791,0xf5...0b5f,https://bscscan.com/tx/0xba955f0e76b42b356cfab0e5be80339b0ec6a282ac7e6e08a5260b0b3c85562b
2023-03-19 15:58:01,False,3.783e-05,1.116e-08,7538.91,8.419e-05,0xf5...0b5f,https://bscscan.com/tx/0xba955f0e76b42b356cfab0e5be80339b0ec6a282ac7e6e08a5260b0b3c85562b
2023-03-19 15:57:16,True,3.821e-05,1.122e-08,453652.0,0.0509,0x15...4042,https://bscscan.com/tx/0x53ef70e205fae3de5d591625e9fc0c5b5df2272bbe970a64441d2d9b713bccf6
2023-03-19 15:56:19,True,3.821e-05,1.122e-08,1220668.0,0.137,0xa7...3ecc,https://bscscan.com/tx/0xe6da16fefed34844f256c621d3c2862a787a76047ff2fdffbbee09bc35a5b45f
2023-03-19 15:54:04,False,3.799e-05,1.116e-08,1009718.0,0.1127,0x1e...c848,https://bscscan.com/tx/0xfeab269957a79959b58394a5f1923fb0cbc578b1faa2bd1f145ee6382a1e4339
2023-03-19 15:54:04,False,3.799e-05,1.116e-08,19303.8,0.0021,0x1e...c848,https://bscscan.com/tx/0xfeab269957a79959b58394a5f1923fb0cbc578b1faa2bd1f145ee6382a1e4339
2023-03-19 15:53:52,False,3.8e-05,1.116e-08,7128123.0,0.7961,0x4b...14f5,https://bscscan.com/tx/0x6617d01c821344f03bd5460152afd46ffabd9feaf80a52fdc580e66c6ea5f0ab
2023-03-19 15:53:52,False,3.8e-05,1.116e-08,112175.0,0.0125,0x4b...14f5,https://bscscan.com/tx/0x6617d01c821344f03bd5460152afd46ffabd9feaf80a52fdc580e66c6ea5f0ab
2023-03-19 15:51:43,True,3.8e-05,1.122e-08,700000.0,0.0785,0xd2...f0c4,https://bscscan.com/tx/0x573841d020178a704a637b72ec112073576de233c696af2f09f2956b803a310c
2023-03-19 15:51:37,True,3.798e-05,1.122e-08,37819205.0,4.24333,0x7b...254e,https://bscscan.com/tx/0x0d1a0f5bd87db066ec328982dacd7738ee39c16e932dbf9a3e6e5dfcaa846c6c
2023-03-19 15:51:37,True,3.815e-05,1.121e-08,44584.0,0.005,0xec...bcb9,https://bscscan.com/tx/0xe88391144bd6fedfee0496deae557ce41379fce81fcc987d191b16c2b7bcbc15
2023-03-19 15:49:40,False,3.778e-05,1.115e-08,2973463.0,0.3318,0x99...efa8,https://bscscan.com/tx/0xeff1632c67b06d5ad3c18fe4e1fb7e0055f4f694dfbfc0cb267b251d5451b095
2023-03-19 15:49:40,False,3.779e-05,1.115e-08,62812.4,0.007,0x99...efa8,https://bscscan.com/tx/0xeff1632c67b06d5ad3c18fe4e1fb7e0055f4f694dfbfc0cb267b251d5451b095
2023-03-19 15:48:40,True,3.816e-05,1.121e-08,391677.0,0.0439,0x88...a404,https://bscscan.com/tx/0xc190b47b7f9a9f4f6e9880d8971d19f7d89f003716fd6b1d48b646a2c9a9df77
2023-03-19 15:48:31,True,3.797e-05,1.121e-08,1569666.0,0.176,0x1d...9428,https://bscscan.com/tx/0x85da840c655111c6a636dc164a79d7c64eff5acdc80b126927a45811f29eaa7d
2023-03-19 15:48:07,True,3.816e-05,1.121e-08,802499.0,0.09,0x04...99fb,https://bscscan.com/tx/0x8e2e9a5009d2bceaaf02d2280744620490185fd989dacaa2f34ced127f931da7
2023-03-19 15:44:37,False,3.798e-05,1.116e-08,20438500.0,2.28128,0xa9...efd8,https://bscscan.com/tx/0xf1bff2df776fd987784f911edfee3a857c45f915c02ca794d00ee6acd71491d0
2023-03-19 15:44:37,False,3.799e-05,1.116e-08,67708.8,0.0075,0xa9...efd8,https://bscscan.com/tx/0xf1bff2df776fd987784f911edfee3a857c45f915c02ca794d00ee6acd71491d0
2023-03-19 15:44:37,True,3.817e-05,1.121e-08,12996369.0,1.45803,0xfa...ce4c,https://bscscan.com/tx/0xf90009f9db919ba7e898efe63029369bc0967d8c4a3b06f38de3fb55ccc2f246
2023-03-19 15:44:07,True,3.797e-05,1.121e-08,8969167.0,1.00595,0x40...afee,https://bscscan.com/tx/0xbab7df7d7ae6397145f4acbb9968e2b7aadb218eedfa9dec996f0d808d4e1aea
2023-03-19 15:44:04,True,3.816e-05,1.121e-08,89170.9,0.01,0xff...cde8,https://bscscan.com/tx/0x71e9ebeb9e427336a4e46e86d2401d47f16633a505b3c012601f728e6df92a65
2023-03-19 15:43:52,True,3.816e-05,1.121e-08,2000000.0,0.2242,0xc2...349f,https://bscscan.com/tx/0x9efa07ef5b3f5ded42e82831a8be519307a5077b6b6d1824d864a369479b7a24
2023-03-19 15:41:01,False,3.778e-05,1.115e-08,1003949.0,0.112,0xac...91ca,https://bscscan.com/tx/0x367cc534a1cec3aae72c1356adcbb51390c7fc81615a30f71d26bdf9a55bc280
2023-03-19 15:41:01,False,3.779e-05,1.115e-08,36062.4,0.004,0xac...91ca,https://bscscan.com/tx/0x367cc534a1cec3aae72c1356adcbb51390c7fc81615a30f71d26bdf9a55bc280
2023-03-19 15:40:52,True,3.816e-05,1.121e-08,141.992,1.592e-06,0x1e...87dc,https://bscscan.com/tx/0xbf8aacf34b2022b2996f2b11209accb9a61710765eff5281bfb26ed335140c4c
2023-03-19 15:40:40,True,3.816e-05,1.121e-08,9945845.0,1.1152,0xe2...4015,https://bscscan.com/tx/0xc3be8acaed655f397055178e32c3b1535ff4d082a1045e41dc72e788eb6bb6e8
2023-03-19 15:39:31,False,3.797e-05,1.115e-08,3400209.0,0.3793,0x5f...5698,https://bscscan.com/tx/0x0767b817fb7560bd11109dff2dd9c90883bdd69c7db5c55efab3f73fa88354df
2023-03-19 15:39:31,False,3.797e-05,1.115e-08,52996.1,0.0059,0x5f...5698,https://bscscan.com/tx/0x0767b817fb7560bd11109dff2dd9c90883bdd69c7db5c55efab3f73fa88354df
2023-03-19 15:38:43,True,3.815e-05,1.121e-08,10829866.0,1.21412,0x91...4fb1,https://bscscan.com/tx/0x105d448dea4f5afc4e6cec51de16b027867dfab17a5e775407af9118bffd2e9b
2023-03-19 15:38:22,False,3.796e-05,1.115e-08,270272.0,0.0301,0x25...841c,https://bscscan.com/tx/0xdf2ab71128b05aab3e4e006783d7b0ebe162778c22abee871a4b325791e3f317
2023-03-19 15:38:22,False,3.796e-05,1.115e-08,29730.7,0.0033,0x25...841c,https://bscscan.com/tx/0xdf2ab71128b05aab3e4e006783d7b0ebe162778c22abee871a4b325791e3f317
2023-03-19 15:38:13,True,3.817e-05,1.12e-08,262118.0,0.0293,0xd9...e44d,https://bscscan.com/tx/0xbb16547b989e7ee15dc2dea83d95759b0b5326b383925d40c1befe0ba82828fa
2023-03-19 15:37:04,True,3.817e-05,1.12e-08,50000.0,0.0056,0xf0...f7ea,https://bscscan.com/tx/0x27cf3550f1cac6d3c143dbbefa3aec89f1139c4a8014f4682c075e3e8597ab8a
2023-03-19 15:35:46,True,3.818e-05,1.12e-08,10000.0,0.0011,0xf0...f7ea,https://bscscan.com/tx/0x64f0cf8d9117114f88989fa965b269bc4161bd2fa2730a2c1c7ead9fb596c587
2023-03-19 15:35:22,True,3.817e-05,1.12e-08,8922121.0,1.0,0xb0...5d4f,https://bscscan.com/tx/0x0711e153ec0a06656f1e1d55eb312019eb875b7fc641fa198e249c42e6b5b540
2023-03-19 15:31:58,True,3.816e-05,1.12e-08,756612.0,0.0847,0x91...aa56,https://bscscan.com/tx/0xc6ffe1676d984dc103d831004ecd185618a78336488a9ca1e11e1f6013bb9b15
2023-03-19 15:31:22,True,3.796e-05,1.12e-08,10521.7,0.0011,0x7a...8eb0,https://bscscan.com/tx/0xb2c0cb5cd51ef691fbf7cac8407db0415438a5b4a5964e1354427de90fb4c472
2023-03-19 15:30:46,False,3.778e-05,1.115e-08,997000.0,0.1111,0x66...b929,https://bscscan.com/tx/0xef7d43c31da82eceb797e51eeecf021e199c7780a1089ac15881c48cf3ea702c
2023-03-19 15:30:46,False,3.778e-05,1.115e-08,33632.2,0.0037,0x66...b929,https://bscscan.com/tx/0xef7d43c31da82eceb797e51eeecf021e199c7780a1089ac15881c48cf3ea702c
2023-03-19 15:29:01,False,3.768e-05,1.115e-08,3474272.0,0.3874,0xb9...48e6,https://bscscan.com/tx/0xad760d0f92e4ebb860758401e919384a743c952dfcc0ca097631eb9af665e539
2023-03-19 15:29:01,False,3.768e-05,1.115e-08,8376.43,9.341e-05,0xb9...48e6,https://bscscan.com/tx/0xad760d0f92e4ebb860758401e919384a743c952dfcc0ca097631eb9af665e539
