datetime,buy_order,price_USD,price_native,amount_token,total_native,maker,etherscan_url
2023-03-26 21:26:48,True,3.588e-05,1.093e-08,688898.0,0.0753,0xbf...9895,https://bscscan.com/tx/0xabb04edf36fb3f3ff0851685c84071dbf7a3d8d0165ff73024db7e916594aaf9
2023-03-26 21:24:12,False,3.568e-05,1.087e-08,30095.7,0.0032,0xcb...0b3d,https://bscscan.com/tx/0x03a01ef480fa66b457c649ecc8b3b02ebcd7a64cbcfd17e0ba4dfe25a11402f9
2023-03-26 21:24:12,False,3.568e-05,1.087e-08,3733.53,4.059e-05,0xcb...0b3d,https://bscscan.com/tx/0x03a01ef480fa66b457c649ecc8b3b02ebcd7a64cbcfd17e0ba4dfe25a11402f9
2023-03-26 21:22:48,False,3.55e-05,1.087e-08,1378639.0,0.1499,0x35...d757,https://bscscan.com/tx/0xd7c845e849df9a0ac0949d84f4077f580d46dd28c60e4483d765ae089ddd3a64
2023-03-26 21:22:48,False,3.55e-05,1.087e-08,139674.0,0.0151,0x35...d757,https://bscscan.com/tx/0xd7c845e849df9a0ac0949d84f4077f580d46dd28c60e4483d765ae089ddd3a64
2023-03-26 21:20:15,True,3.568e-05,1.092e-08,5042914.0,0.5511,0x6b...9f5d,https://bscscan.com/tx/0x7834df993cbd8822605953097c732c29b9dadcd130ba398c9c0b2464113f4f0c
2023-03-26 21:20:06,True,3.567e-05,1.092e-08,5111423.0,0.5585,0x6b...9f5d,https://bscscan.com/tx/0x1204d29991ff91ce09a83ac5878221938e650e8efb8f2d4fc30d716b36e395e6
2023-03-26 21:20:03,False,3.551e-05,1.087e-08,41452144.0,4.50883,0xa0...b0df,https://bscscan.com/tx/0xedab394f81ac64d8454ae9ec808a230b70c055c06cc0068c0ab3c3dfb3a1bb6c
2023-03-26 21:20:03,False,3.553e-05,1.088e-08,37300.9,0.004,0xa0...b0df,https://bscscan.com/tx/0xedab394f81ac64d8454ae9ec808a230b70c055c06cc0068c0ab3c3dfb3a1bb6c
2023-03-26 21:19:30,True,3.588e-05,1.093e-08,5059898.0,0.5533,0x6b...9f5d,https://bscscan.com/tx/0x1a2a3573502dccb1db01534bf8fd75af33c0bd5a29d0334331b45e2bd58843ea
2023-03-26 21:19:06,True,3.57e-05,1.093e-08,5027943.0,0.5498,0x6b...9f5d,https://bscscan.com/tx/0xcc71daa42e59ce7564f51f7f6300fc80976fbd46f0fe0deedbb0e1537cc5e357
2023-03-26 21:17:18,True,3.589e-05,1.093e-08,1504650.0,0.1646,0x39...0252,https://bscscan.com/tx/0xa45890fa789c6cca997d6b9c5fe667fddb7b01bfb0a79b2da9ddba69539ab1d4
2023-03-26 21:11:33,True,3.569e-05,1.093e-08,1280405.0,0.14,0xe2...b65c,https://bscscan.com/tx/0xd5f83d4cc89dd363f81e201162d6982dd1e79fadbb829212bab6f810e483cee2
2023-03-26 21:09:51,False,3.569e-05,1.087e-08,939417.0,0.1022,0x4c...a052,https://bscscan.com/tx/0x5489e22c185c3507d85c9a0357640c15d996c8c667569b39d5b55829a42d2683
2023-03-26 21:09:51,False,3.569e-05,1.087e-08,5693.16,6.193e-05,0x4c...a052,https://bscscan.com/tx/0x5489e22c185c3507d85c9a0357640c15d996c8c667569b39d5b55829a42d2683
2023-03-26 21:07:57,True,3.569e-05,1.093e-08,1388459.0,0.1518,0x07...765c,https://bscscan.com/tx/0xf068e9f69114c036a11077dfb0319a66239e2362716e68edcc57f5b2a3cb78b8
2023-03-26 21:07:48,False,3.551e-05,1.087e-08,717958.0,0.0781,0x41...5dff,https://bscscan.com/tx/0x0be49125bc6b67e2fad2bdddd100a69fc834ce970504e32891cb437d51b11c60
2023-03-26 21:07:48,False,3.551e-05,1.087e-08,91867.4,0.0099,0x41...5dff,https://bscscan.com/tx/0x0be49125bc6b67e2fad2bdddd100a69fc834ce970504e32891cb437d51b11c60
2023-03-26 21:05:33,True,3.586e-05,1.093e-08,228646.0,0.025,0x30...9481,https://bscscan.com/tx/0x4e85077698dc08bc06810cb23f8f81296fefbbe86cfb758c8dcf61f2605720bb
2023-03-26 21:05:33,True,3.586e-05,1.093e-08,528634.0,0.0578,0xa0...52c7,https://bscscan.com/tx/0x375ed9ac6f88018055145982342b0a42b9f061492f40ce633c3e55faf0743bce
2023-03-26 21:01:59,True,3.586e-05,1.093e-08,9054.52,9.9e-05,0xc3...9d35,https://bscscan.com/tx/0x28aa168ccca3902ea900cd8ad36814de3f29c2d99ecc261e73707a3e64459b60
2023-03-26 20:57:14,True,3.569e-05,1.093e-08,18292.0,0.002,0x82...a484,https://bscscan.com/tx/0x7be91f87f86cf393a363bb174e1f04a2ec94c75ae70b430fd697c2ffa9d11251
2023-03-26 20:54:23,True,3.569e-05,1.093e-08,182920.0,0.02,0x9a...d189,https://bscscan.com/tx/0xe7af63ab8bbbaf19886caa4862b38de68d3810295f1db9bcac7f76bd9694f79a
2023-03-26 20:53:41,True,3.568e-05,1.092e-08,29198302.0,3.19132,0x48...f0d7,https://bscscan.com/tx/0x4c883a000646e535e700f5dbcc690c03d887592f01dc89223ce6bc57adf23cbf
2023-03-26 20:49:38,False,3.567e-05,1.087e-08,3668183.0,0.3988,0x9e...45f6,https://bscscan.com/tx/0x939886df81d3f92ed7545d54b15282be0ef68fde2aa6b5ad01592cbe89f287dd
2023-03-26 20:49:38,False,3.567e-05,1.087e-08,1336.78,1.453e-05,0x9e...45f6,https://bscscan.com/tx/0x939886df81d3f92ed7545d54b15282be0ef68fde2aa6b5ad01592cbe89f287dd
2023-03-26 20:49:35,True,3.567e-05,1.092e-08,28370.3,0.0031,0xcd...7cfc,https://bscscan.com/tx/0xf49ca5a19b99f66ca26291b2e7cabb5823432a75d77f68326d2bc74dca7f3703
2023-03-26 20:47:41,True,3.567e-05,1.092e-08,38332.4,0.0041,0x04...2093,https://bscscan.com/tx/0xb84c9b18ba477f9c09b5e1f292390dde860cbcb807434c2cd213b1520f6e90f9
2023-03-26 20:41:59,False,3.549e-05,1.087e-08,427114.0,0.0464,0xf2...b61a,https://bscscan.com/tx/0x182a34e10ecbe2b42a2b24c3ce85f4cb7450ef5f3240c7d0aa43726f9e74fa57
2023-03-26 20:41:59,False,3.549e-05,1.087e-08,2700.0,2.935e-05,0xf2...b61a,https://bscscan.com/tx/0x182a34e10ecbe2b42a2b24c3ce85f4cb7450ef5f3240c7d0aa43726f9e74fa57
2023-03-26 20:41:17,False,3.548e-05,1.087e-08,997000.0,0.1084,0x35...bb97,https://bscscan.com/tx/0x410ea31f46070042a0fd1ab5bda02aab80bafdd7d3fc37395a941707648f4374
2023-03-26 20:41:17,False,3.549e-05,1.087e-08,160694.0,0.0174,0x35...bb97,https://bscscan.com/tx/0x410ea31f46070042a0fd1ab5bda02aab80bafdd7d3fc37395a941707648f4374
2023-03-26 20:40:50,True,3.584e-05,1.092e-08,4248977.0,0.4642,0x80...916d,https://bscscan.com/tx/0x607575a83b7f9b86782be731496bb37457bd0d1a8e3e563cf46b4ca0aaec663f
2023-03-26 20:39:35,False,3.568e-05,1.087e-08,55101552.0,5.99445,0x27...51e0,https://bscscan.com/tx/0x3fb028a44ad8186c0064907873c44ab56d85b99d98a55abc15ffae422d64dd3a
2023-03-26 20:39:35,False,3.571e-05,1.088e-08,8231.53,8.961e-05,0x27...51e0,https://bscscan.com/tx/0x3fb028a44ad8186c0064907873c44ab56d85b99d98a55abc15ffae422d64dd3a
2023-03-26 20:39:14,True,3.571e-05,1.094e-08,48716.7,0.0053,0xb3...6c9b,https://bscscan.com/tx/0x49258ea4e15457e8a3df7aef960b7a70e30b6abc842ee1c78cf009c19ed6f815
2023-03-26 20:37:59,False,3.571e-05,1.088e-08,2991000.0,0.3256,0xbe...0067,https://bscscan.com/tx/0x5b5765d27c0fbea1918dd5c157081ec0d569855203bee22d468e1ed6c35936f8
2023-03-26 20:37:59,False,3.571e-05,1.088e-08,6094.79,6.635e-05,0xbe...0067,https://bscscan.com/tx/0x5b5765d27c0fbea1918dd5c157081ec0d569855203bee22d468e1ed6c35936f8
2023-03-26 20:37:53,False,3.571e-05,1.088e-08,2250558.0,0.245,0xe2...b65c,https://bscscan.com/tx/0x5f8368ba8c319a6761747745436e5a9871a05bb187daf5646177926dc33ab1f5
2023-03-26 20:37:53,False,3.571e-05,1.088e-08,668.256,7.275e-06,0xe2...b65c,https://bscscan.com/tx/0x5f8368ba8c319a6761747745436e5a9871a05bb187daf5646177926dc33ab1f5
2023-03-26 20:36:59,True,3.571e-05,1.094e-08,93712.8,0.0102,0xc8...ff36,https://bscscan.com/tx/0x73a24d31771a30a3b0821f2e48fa67c630e337f390b7378546ae3b3a3010fa73
2023-03-26 20:35:41,False,3.553e-05,1.088e-08,153328.0,0.0166,0xd4...427e,https://bscscan.com/tx/0x68fce982ef5f3e6223a7069f116089558ae45d586c4ed56a2e05517ca4e8ef6f
2023-03-26 20:35:41,False,3.553e-05,1.088e-08,14329.7,0.0015,0xd4...427e,https://bscscan.com/tx/0x68fce982ef5f3e6223a7069f116089558ae45d586c4ed56a2e05517ca4e8ef6f
2023-03-26 20:35:41,True,3.571e-05,1.094e-08,301585.0,0.033,0x9b...55b3,https://bscscan.com/tx/0x42ed96f92b0db5fda19b9b26711f3c2abf5f035fb636556d716131ba68c9f31a
2023-03-26 20:27:26,True,3.57e-05,1.094e-08,259150.0,0.0283,0xff...4bd2,https://bscscan.com/tx/0xf9f6e918d7bcda93d9f81c95f776a3049515e2d22a9100fc440c4bd2c1158abe
2023-03-26 20:24:56,True,3.569e-05,1.094e-08,2284822.0,0.25,0x20...962f,https://bscscan.com/tx/0x8f90e2e0cc220df8c0b9abbf0d57181b6efe99baffb7f69e3f0ba9c86aeea4e9
2023-03-26 20:21:23,True,3.587e-05,1.094e-08,935634.0,0.1023,0x67...ff0e,https://bscscan.com/tx/0xa2aaed00654b4602d2d6541d7185377b4154683242109ef54b485e199eb33897
2023-03-26 20:17:59,True,3.568e-05,1.094e-08,300000.0,0.0328,0x0d...b60a,https://bscscan.com/tx/0xe5846dbf12d89fb1d1b68410cc2ed5a37f98796fa560657f2fcaa5ccaea8e73b
2023-03-26 20:16:29,False,3.568e-05,1.088e-08,1222421.0,0.133,0xb0...35e0,https://bscscan.com/tx/0x04ec2176a2917af811142cdd15ccf4ad331e0a51961cef3d9564931e3f0db2f4
2023-03-26 20:16:29,False,3.568e-05,1.088e-08,270.0,2.939e-06,0xb0...35e0,https://bscscan.com/tx/0x04ec2176a2917af811142cdd15ccf4ad331e0a51961cef3d9564931e3f0db2f4
2023-03-26 20:11:08,False,3.567e-05,1.088e-08,99700.0,0.0108,0xaf...93b2,https://bscscan.com/tx/0x26fdfa2701340a15f1667130b4dfcb0e2f82774c7c0d37bc413feeecc576000a
2023-03-26 20:11:08,False,3.567e-05,1.088e-08,34925.6,0.0038,0xaf...93b2,https://bscscan.com/tx/0x26fdfa2701340a15f1667130b4dfcb0e2f82774c7c0d37bc413feeecc576000a
2023-03-26 20:10:56,True,3.569e-05,1.094e-08,126770.0,0.0138,0x3c...8d4c,https://bscscan.com/tx/0xd00ee57c430cd3b14e198b1aa9d082e7e5e877e00b67d20be66eb0eee051a514
2023-03-26 20:09:41,False,3.567e-05,1.088e-08,12770206.0,1.39049,0x11...ade1,https://bscscan.com/tx/0xb9f893b43c52ab7d3e35e400082254f0666a2ab225b6b2f7e6c6f0e3fa825f44
2023-03-26 20:09:41,False,3.567e-05,1.089e-08,120.944,1.317e-06,0x11...ade1,https://bscscan.com/tx/0xb9f893b43c52ab7d3e35e400082254f0666a2ab225b6b2f7e6c6f0e3fa825f44
2023-03-26 20:08:47,False,3.567e-05,1.089e-08,44659.6,0.0048,0x85...0193,https://bscscan.com/tx/0x0c9afe799ef6e6a8d3145763fc54cdbc272ce8233a51782c537ad19765d3832f
2023-03-26 20:08:47,False,3.567e-05,1.089e-08,58719.6,0.0063,0x85...0193,https://bscscan.com/tx/0x0c9afe799ef6e6a8d3145763fc54cdbc272ce8233a51782c537ad19765d3832f
2023-03-26 20:06:59,True,3.587e-05,1.095e-08,551319.0,0.0603,0xfd...c298,https://bscscan.com/tx/0x872b10f3b3c93435bbbedda94bfb2a850277d6440c875839d57db2aaa562cdf1
2023-03-26 20:04:56,True,3.568e-05,1.094e-08,1603573.0,0.1755,0xa9...9eaa,https://bscscan.com/tx/0xb44d0d98e9165d6d173d3e0897fd55a274bae5df6b9f1ad678a60112e3df2871
2023-03-26 20:03:50,True,3.585e-05,1.094e-08,109244.0,0.0119,0xd4...6da3,https://bscscan.com/tx/0x4d02f9ee6aec1e8cd6ec179994abfa5b43764be6cbb1f42290d7b4cf951d3083
2023-03-26 20:01:53,True,3.584e-05,1.094e-08,13339431.0,1.45967,0x4c...9e4b,https://bscscan.com/tx/0x3e8d1d75a78c03d9e47a38a92cac34ff14b9f58095a8f3c7fcf32d6e04f9faca
2023-03-26 20:00:53,True,3.565e-05,1.094e-08,539273.0,0.059,0xee...ae17,https://bscscan.com/tx/0xa7ef289ac1dd942e34d9899f4cb36eaf51e030f62b737cda5ae1adbeef9b9fbe
2023-03-26 19:59:08,True,3.565e-05,1.094e-08,178854.0,0.0195,0xa5...5185,https://bscscan.com/tx/0xd8d2fe36e9ee252ad5b819fee2d3450ea7c0697fe4b78d9d3b9f2126b6ccd760
2023-03-26 19:58:35,False,3.547e-05,1.088e-08,1495500.0,0.1628,0x40...76c5,https://bscscan.com/tx/0x192103649f7584880db2551884d85089487ddf6ca5e68aceb543fc4d98453d5e
2023-03-26 19:58:35,False,3.547e-05,1.088e-08,8773.48,9.551e-05,0x40...76c5,https://bscscan.com/tx/0x192103649f7584880db2551884d85089487ddf6ca5e68aceb543fc4d98453d5e
2023-03-26 19:54:38,True,3.565e-05,1.094e-08,1398442.0,0.153,0xca...eacb,https://bscscan.com/tx/0xc50a5079a8b5f43aab5b2d06452182863c6162cc0d58eb16edfe71f200b8f6f5
2023-03-26 19:51:56,False,3.546e-05,1.088e-08,1845442.0,0.2009,0x95...9c64,https://bscscan.com/tx/0xa5874359ca0aa6e9ee8cebf03d0dc51ff863bd3efab2b2922fffe672e931d8a5
2023-03-26 19:51:56,False,3.546e-05,1.088e-08,40820.1,0.0044,0x95...9c64,https://bscscan.com/tx/0xa5874359ca0aa6e9ee8cebf03d0dc51ff863bd3efab2b2922fffe672e931d8a5
2023-03-26 19:51:47,True,3.564e-05,1.094e-08,118543.0,0.0129,0x4a...5991,https://bscscan.com/tx/0x6b3b015213030bae07ec558095e53707943f2e5a4917c880e3f3644a88e7e64a
2023-03-26 19:51:14,False,3.564e-05,1.088e-08,14955000.0,1.62836,0x48...f0d7,https://bscscan.com/tx/0x2a86c996044dbec2f7d2daa77fa492dfb1e9d965c0340b777e28c5351e31a05b
2023-03-26 19:51:14,False,3.565e-05,1.089e-08,19647.2,0.0021,0x48...f0d7,https://bscscan.com/tx/0x2a86c996044dbec2f7d2daa77fa492dfb1e9d965c0340b777e28c5351e31a05b
2023-03-26 19:50:38,False,3.548e-05,1.089e-08,7254918.0,0.7901,0x93...f527,https://bscscan.com/tx/0xcf419cd709b9234eb5dc208f5a9a37673c62146bb6aca13f109fe33ae9451936
2023-03-26 19:50:38,False,3.548e-05,1.089e-08,73878.3,0.008,0x93...f527,https://bscscan.com/tx/0xcf419cd709b9234eb5dc208f5a9a37673c62146bb6aca13f109fe33ae9451936
2023-03-26 19:49:50,True,3.584e-05,1.094e-08,578912.0,0.0633,0xef...2fcd,https://bscscan.com/tx/0xc7746ed1c7d30043281aabe9b70696be5658221322c308524a4d452d1159727c
2023-03-26 19:45:23,True,3.584e-05,1.094e-08,837176.0,0.0916,0x35...e73c,https://bscscan.com/tx/0x2c2b9e8c230c23ed1920d0e2702c6ba5bfa39263d1566807853fd337b228ce2e
2023-03-26 19:44:29,True,3.583e-05,1.094e-08,174534.0,0.0191,0x9a...ec7d,https://bscscan.com/tx/0xbd3a94b6945b974d0327f00f4dec1a9fb46cc90117e4b7525684551c8c58938f
2023-03-26 19:43:44,True,3.582e-05,1.094e-08,25671458.0,2.80926,0xbc...0072,https://bscscan.com/tx/0x5ea7f79f27edd6307f2e8535d789e2a3ab5870f1fb1dd300f6030f82fe83daea
2023-03-26 19:42:14,False,3.563e-05,1.088e-08,99938.9,0.0108,0x99...3a9d,https://bscscan.com/tx/0xb4771c2c7a089b1464b4945122a0387a33300b9c5c7cae16c2844fe93634c90b
2023-03-26 19:42:14,False,3.563e-05,1.088e-08,90737.0,0.0098,0x99...3a9d,https://bscscan.com/tx/0xb4771c2c7a089b1464b4945122a0387a33300b9c5c7cae16c2844fe93634c90b
2023-03-26 19:42:02,True,3.581e-05,1.093e-08,6912964.0,0.7562,0x17...2019,https://bscscan.com/tx/0xeba98338842f406d3e9ac929e6b61e8aa00c39e11159dc32a445260e62d88288
2023-03-26 19:39:08,False,3.564e-05,1.088e-08,26613270.0,2.89734,0x97...5247,https://bscscan.com/tx/0xd08dc2db4d5c0cf9b1a2083490e4435065dbe271beca5f3b07898019e8fdbecd
2023-03-26 19:39:08,False,3.565e-05,1.089e-08,26065.5,0.0028,0x97...5247,https://bscscan.com/tx/0xd08dc2db4d5c0cf9b1a2083490e4435065dbe271beca5f3b07898019e8fdbecd
2023-03-26 19:38:44,True,3.583e-05,1.094e-08,149041.0,0.0163,0x2a...7bc0,https://bscscan.com/tx/0x22585cb3377fe31264579358f8f92f8dcf30b6affeb0098f29065a7f1376a747
2023-03-26 19:36:17,False,3.565e-05,1.089e-08,9386008.0,1.02228,0x38...6d49,https://bscscan.com/tx/0x3fff9cc293033b0404c23e6ff57a51845a0b06b2220f5b7d85480f2044bdcfc3
2023-03-26 19:36:17,False,3.566e-05,1.089e-08,151935.0,0.0165,0x38...6d49,https://bscscan.com/tx/0x3fff9cc293033b0404c23e6ff57a51845a0b06b2220f5b7d85480f2044bdcfc3
2023-03-26 19:24:39,True,3.565e-05,1.093e-08,56262083.0,6.15506,0x56...346a,https://bscscan.com/tx/0xd76ff3caa37e28bab904ce828a4178b2cc735bf22448f6700c5ddb314541dd9d
2023-03-26 19:21:58,False,3.563e-05,1.087e-08,9970.0,0.001,0xd7...f752,https://bscscan.com/tx/0x3948340a0617377e1428fb77406e395586b1e1868ce1b101c80023c9e9337b30
2023-03-26 19:21:58,False,3.563e-05,1.087e-08,298557.0,0.0324,0xd7...f752,https://bscscan.com/tx/0x3948340a0617377e1428fb77406e395586b1e1868ce1b101c80023c9e9337b30
2023-03-26 19:17:43,False,3.551e-05,1.089e-08,110245090.0,12.0085,0xa6...147a,https://bscscan.com/tx/0x4a3dd881ff8af2468dd6d9c432d6e14377c524faff1c880d909b4191aad956a3
2023-03-26 19:17:43,False,3.555e-05,1.09e-08,57761.0,0.0063,0xa6...147a,https://bscscan.com/tx/0x4a3dd881ff8af2468dd6d9c432d6e14377c524faff1c880d909b4191aad956a3
2023-03-26 19:17:28,False,3.573e-05,1.09e-08,329715.0,0.0359,0x0a...8000,https://bscscan.com/tx/0xa7a062a5db5084e4fb30f8f501be51307e1d483d132a37d5fae0369c7d230a92
2023-03-26 19:17:28,False,3.573e-05,1.09e-08,25259.9,0.0027,0x0a...8000,https://bscscan.com/tx/0xa7a062a5db5084e4fb30f8f501be51307e1d483d132a37d5fae0369c7d230a92
2023-03-26 19:16:10,True,3.592e-05,1.096e-08,511000.0,0.056,0x3e...68b5,https://bscscan.com/tx/0x75d8d1a463fc1339dffe827fbd1cc376461c2049047379f36407d822ef02faff
2023-03-26 19:15:01,True,3.592e-05,1.096e-08,1500000.0,0.1644,0x3e...68b5,https://bscscan.com/tx/0x441ab480385a5f1beeae7089cb510ea6b2140d8488935d9d0ae46db3bbbef38c
2023-03-26 19:12:25,True,3.573e-05,1.096e-08,6910752.0,0.7574,0x4d...5589,https://bscscan.com/tx/0xdf0c0435a60adb18c8c1b3838502950e05f15ee1068c32264cf75f67b1eb0977
2023-03-26 19:08:22,True,3.572e-05,1.095e-08,200737.0,0.022,0x5b...e7d2,https://bscscan.com/tx/0x66c47190ae5b314476ef6163df03764560ded2fee7eb0ab12aeb4831ad5d8a46
2023-03-26 19:07:04,False,3.554e-05,1.09e-08,232326.0,0.0253,0x50...9894,https://bscscan.com/tx/0xf916acf30ef13aa9d463d3ae96ad0e323ca56b7445af414c1053701baf5779ac
2023-03-26 19:07:04,False,3.554e-05,1.09e-08,19932.7,0.0021,0x50...9894,https://bscscan.com/tx/0xf916acf30ef13aa9d463d3ae96ad0e323ca56b7445af414c1053701baf5779ac
2023-03-26 19:06:10,True,3.572e-05,1.095e-08,182488.0,0.02,0xf8...e7dd,https://bscscan.com/tx/0xca20748a8c7553d08ab38371c63842f8d9501434eaab1563e84b9628fcc81993
2023-03-26 19:04:49,False,3.555e-05,1.09e-08,7178400.0,0.7828,0x48...f0d7,https://bscscan.com/tx/0xcaa6f4ef6887e2e143ad444919f243a9ab8dec43943503641d8427d1ae6eb90e
2023-03-26 19:04:49,False,3.555e-05,1.09e-08,60197.9,0.0065,0x48...f0d7,https://bscscan.com/tx/0xcaa6f4ef6887e2e143ad444919f243a9ab8dec43943503641d8427d1ae6eb90e
2023-03-26 19:04:07,False,3.555e-05,1.09e-08,22228627.0,2.42509,0xe7...a86d,https://bscscan.com/tx/0x7eb9d9a8234bc2f9a986d2c87325dca23e99d99f0dff0d45dbd6287029df6923
2023-03-26 19:04:07,False,3.556e-05,1.091e-08,13200.5,0.0014,0xe7...a86d,https://bscscan.com/tx/0x7eb9d9a8234bc2f9a986d2c87325dca23e99d99f0dff0d45dbd6287029df6923
2023-03-26 19:02:19,True,3.59e-05,1.096e-08,335864.0,0.0368,0x82...3ce6,https://bscscan.com/tx/0x5fd3c6e7835ce6255d5ca9dfd53e20f16b3bd97ce26ea8324dcb889245f0d9e2
2023-03-26 19:00:46,True,3.571e-05,1.096e-08,4180931.0,0.4585,0xa8...9ce9,https://bscscan.com/tx/0xa5a62f110c7fb04030acffb92fa44282274c28cbdcf2dd58a034b2a7f23c29ac
2023-03-26 18:56:55,False,3.554e-05,1.091e-08,371151.0,0.0405,0x0c...d272,https://bscscan.com/tx/0xcb7b638757e55c214bc09088e550fdd68fccb946e065bb09f71291fc4b169b30
2023-03-26 18:56:55,False,3.554e-05,1.091e-08,148357.0,0.0161,0x0c...d272,https://bscscan.com/tx/0xcb7b638757e55c214bc09088e550fdd68fccb946e065bb09f71291fc4b169b30
2023-03-26 18:56:46,True,3.589e-05,1.096e-08,1147851.0,0.1258,0x63...7d5d,https://bscscan.com/tx/0x380f13a1f4d94e7192c440e5ce9ca13e3455b76efa6323c06e3da8de4f1fcbcf
2023-03-26 18:55:25,True,3.571e-05,1.096e-08,65000.0,0.0071,0x38...0a38,https://bscscan.com/tx/0xad0da83772ef77237d86d1897476217966f88d0665bf57e2ec699653736dfb6a
2023-03-26 18:54:39,False,3.556e-05,1.091e-08,53573162.0,5.84936,0xa6...147a,https://bscscan.com/tx/0xccfc7ec1f0a55fc09941f5181009c33b4b85c7cbb16a52f8380a4a17904c311c
2023-03-26 18:54:39,False,3.558e-05,1.092e-08,7874.08,8.602e-05,0xa6...147a,https://bscscan.com/tx/0xccfc7ec1f0a55fc09941f5181009c33b4b85c7cbb16a52f8380a4a17904c311c
2023-03-26 18:52:38,True,3.594e-05,1.098e-08,916327.0,0.1006,0x4c...84c0,https://bscscan.com/tx/0x5e50bfc757c980b926cabd34dd688d2a8a8fd100b4725488a13a7963afeba822
2023-03-26 18:50:29,False,3.558e-05,1.092e-08,1994000.0,0.2178,0x5d...6b33,https://bscscan.com/tx/0xedd29e4a18100259714240246d12e1d7a95330017014e60738a6efedd8d2ee38
2023-03-26 18:50:29,False,3.558e-05,1.092e-08,496.711,5.426e-06,0x5d...6b33,https://bscscan.com/tx/0xedd29e4a18100259714240246d12e1d7a95330017014e60738a6efedd8d2ee38
2023-03-26 18:50:11,False,3.558e-05,1.092e-08,183415.0,0.02,0x83...a2cc,https://bscscan.com/tx/0xa1d012dabda5d1f16ada28d7c23aa3d910c74d89fd9eaf8b8c97090e766a305b
2023-03-26 18:50:11,False,3.558e-05,1.092e-08,7381.03,8.064e-05,0x83...a2cc,https://bscscan.com/tx/0xa1d012dabda5d1f16ada28d7c23aa3d910c74d89fd9eaf8b8c97090e766a305b
2023-03-26 18:48:08,True,3.594e-05,1.098e-08,333713.0,0.0366,0xa7...8cc6,https://bscscan.com/tx/0x87f538c98f6a65093f52a6dc0a249ad21e000e8eed87d444acfe5a90f6677f26
2023-03-26 18:48:02,False,3.576e-05,1.092e-08,2392800.0,0.2614,0xf9...3d6a,https://bscscan.com/tx/0xa9b89df94acfd1e88b9cf5bb0b7582244dac026f4dff7ce957b1d4c8184a2bc8
2023-03-26 18:48:02,False,3.576e-05,1.092e-08,15645.5,0.0017,0xf9...3d6a,https://bscscan.com/tx/0xa9b89df94acfd1e88b9cf5bb0b7582244dac026f4dff7ce957b1d4c8184a2bc8
2023-03-26 18:47:44,True,3.576e-05,1.098e-08,2703931.0,0.2969,0x6e...6cc1,https://bscscan.com/tx/0xd9f9f08fb93f8ef8d9c2095e57a4d5ee8bbf54e0d0e73b3d00fb2c88e435f48d
2023-03-26 18:47:08,False,3.576e-05,1.092e-08,3081428.0,0.3366,0xc3...7f84,https://bscscan.com/tx/0x21f178270d0280920a5e81871cda1eff5f3c366f76a984568c8661dd11b48a0e
2023-03-26 18:47:08,False,3.576e-05,1.092e-08,13500.0,0.0014,0xc3...7f84,https://bscscan.com/tx/0x21f178270d0280920a5e81871cda1eff5f3c366f76a984568c8661dd11b48a0e
2023-03-26 18:46:23,False,3.559e-05,1.092e-08,4985000.0,0.5447,0xa9...c040,https://bscscan.com/tx/0x72fc6ead1d14787a0d127bd608d9e89df928f5a326b4491eca793258c2383a20
2023-03-26 18:46:23,False,3.559e-05,1.092e-08,810.0,8.851e-06,0xa9...c040,https://bscscan.com/tx/0x72fc6ead1d14787a0d127bd608d9e89df928f5a326b4491eca793258c2383a20
2023-03-26 18:45:20,False,3.577e-05,1.092e-08,299100.0,0.0326,0x16...1667,https://bscscan.com/tx/0xe07681268793d3692563ea446ffe2e2ce1eebfb9a34b30cb84bda0eca0c3ed08
2023-03-26 18:45:20,False,3.577e-05,1.092e-08,228782.0,0.025,0x16...1667,https://bscscan.com/tx/0xe07681268793d3692563ea446ffe2e2ce1eebfb9a34b30cb84bda0eca0c3ed08
2023-03-26 18:44:44,True,3.574e-05,1.097e-08,64937736.0,7.12637,0xe6...ef7f,https://bscscan.com/tx/0x0d29457a6102d6f915eae2f3c197bebf1d4e5d1e7a858df2b44864a35429311f
2023-03-26 18:43:53,True,3.571e-05,1.096e-08,300000.0,0.0329,0x62...239f,https://bscscan.com/tx/0x1ffd698c9cb083869b6fad17ce13fe5fb2b9a7cd1ca5555e34311d2b9e5703c2
2023-03-26 18:40:38,True,3.589e-05,1.096e-08,91196.1,0.01,0x19...5f63,https://bscscan.com/tx/0x5142d481dc46fd1d84a7667408e7b0f4da9e3ba7b28caffffd1e53f2cabc408b
2023-03-26 18:38:47,True,3.571e-05,1.096e-08,563675.0,0.0618,0xd7...f752,https://bscscan.com/tx/0x3923d958b26e019b2a2d5951913dd6aa8fb9f87ccaff8ed77385d5923158c089
2023-03-26 18:38:05,True,3.588e-05,1.096e-08,13933609.0,1.52759,0xe6...ef7f,https://bscscan.com/tx/0xf2a05587ba0c764756716d46f3c7e8c851ad587902296dcdbd09003532ecbc1f
2023-03-26 18:37:29,True,3.57e-05,1.096e-08,1237684.0,0.1356,0xbb...c106,https://bscscan.com/tx/0x4425ccc0b73675d577292ecd4515cb1802a774765b720f5d8c037860f72fe3e0
2023-03-26 18:37:17,False,3.552e-05,1.09e-08,3659094.0,0.399,0xf7...aa91,https://bscscan.com/tx/0x02afbdfeff4dad38e8c844d125a4c16bd78f891dacb14e722dfaa54907337ed3
2023-03-26 18:37:17,False,3.552e-05,1.09e-08,1213.29,1.323e-05,0xf7...aa91,https://bscscan.com/tx/0x02afbdfeff4dad38e8c844d125a4c16bd78f891dacb14e722dfaa54907337ed3
2023-03-26 18:35:47,True,3.587e-05,1.096e-08,100000.0,0.0109,0x22...5f8b,https://bscscan.com/tx/0x0644f0308647bff68857f61f6790ccc501813cc3292912acfe4fd3c07d17c352
2023-03-26 18:35:41,False,3.569e-05,1.09e-08,348317.0,0.0379,0x55...2ce8,https://bscscan.com/tx/0x57d869bb60a7004f83b5c89134ef02cff27cc5fff2f88aed06f9b049f37f2d18
2023-03-26 18:35:41,False,3.569e-05,1.09e-08,31445.7,0.0034,0x55...2ce8,https://bscscan.com/tx/0x57d869bb60a7004f83b5c89134ef02cff27cc5fff2f88aed06f9b049f37f2d18
2023-03-26 18:34:27,True,3.568e-05,1.096e-08,1405001.0,0.154,0x04...44a9,https://bscscan.com/tx/0xa4c0780cf9f1fbaace967f89dcd38ea0965142edefcf6fb29276db11afd16603
2023-03-26 18:34:10,True,3.567e-05,1.096e-08,741551.0,0.0812,0x2a...e55a,https://bscscan.com/tx/0x62dab5c08bc9eb2a5f4ccdcbca67914b65cd50cd840e80b22fa2c6404064aa5e
2023-03-26 18:31:53,False,3.567e-05,1.09e-08,9471500.0,1.03317,0x29...9470,https://bscscan.com/tx/0xff2d9f547a0da498172a9c2e2e85ffcbf18d5ef5346985f1cf0a5cfb27858368
2023-03-26 18:31:53,False,3.568e-05,1.09e-08,311087.0,0.0339,0x29...9470,https://bscscan.com/tx/0xff2d9f547a0da498172a9c2e2e85ffcbf18d5ef5346985f1cf0a5cfb27858368
2023-03-26 18:31:17,True,3.586e-05,1.096e-08,1000.0,1.096e-05,0x7e...fe62,https://bscscan.com/tx/0x90e2274b3ed02f913ebc63bb8e124eb7c14124879f9af15e063420708b788e1d
2023-03-26 18:29:41,True,3.568e-05,1.096e-08,10000.0,0.0011,0x7e...fe62,https://bscscan.com/tx/0x8f71d6aa5287aafb368de47082168d541c06165662ac2ce627cb2fcd10a6b1b1
2023-03-26 18:29:08,True,3.567e-05,1.096e-08,10022686.0,1.09878,0x78...39b8,https://bscscan.com/tx/0xc62fec9d140f80353059e109edda2fdd810f6d54d13aca615c0040221e13af34
2023-03-26 18:28:53,True,3.585e-05,1.096e-08,10000.0,0.0011,0x7e...fe62,https://bscscan.com/tx/0x1c5bfb9c7c2e6b4a59736a4e909e87b31d250997fa851dc9534e809631ddf83c
2023-03-26 18:28:50,True,3.585e-05,1.096e-08,1419431.0,0.1555,0x48...f0d7,https://bscscan.com/tx/0xcb8f54e1219a216af56edd7ba12b65c7a33a789975ee0a5cd2f5505dfd676516
2023-03-26 18:28:11,True,3.567e-05,1.096e-08,10000.0,0.0011,0x7e...fe62,https://bscscan.com/tx/0x194ea5021d48bbbe9f234f8001020b5592985068de6805bf488f12cbf339cc37
2023-03-26 18:27:14,True,3.584e-05,1.096e-08,10000.0,0.0011,0x7e...fe62,https://bscscan.com/tx/0xbded0229e9afbf8cde8f29329d0a3854300b92f8277bd6b87e550b362dd57520
2023-03-26 18:27:02,False,3.571e-05,1.092e-08,103423162.0,11.294,0xa6...147a,https://bscscan.com/tx/0x3931534f25555d29975db63d0f963e05ec5bbcb06eeb3d2add80bea1889bccb1
2023-03-26 18:27:02,False,3.575e-05,1.093e-08,74449.9,0.0081,0xa6...147a,https://bscscan.com/tx/0x3931534f25555d29975db63d0f963e05ec5bbcb06eeb3d2add80bea1889bccb1
2023-03-26 18:25:50,True,3.593e-05,1.098e-08,2651.87,2.914e-05,0x7e...fe62,https://bscscan.com/tx/0x8bf07a0368b9d18164ec8fd66a27ed58e1a45554c2cc8609295b63976178ac87
2023-03-26 18:25:08,True,3.593e-05,1.098e-08,32467.9,0.0035,0x7e...fe62,https://bscscan.com/tx/0x51be8721ca691cb7bea481ed0303b7398eebb5f1b00a8d918c1bfd587eb77c9d
2023-03-26 18:23:35,True,3.576e-05,1.098e-08,100000.0,0.0109,0x22...5f8b,https://bscscan.com/tx/0xcf74881ba12eaf647856cedae1d955448a0c67595a1f26da7f798caf8f7c149a
2023-03-26 18:23:20,True,3.576e-05,1.098e-08,10509.0,0.0011,0xbd...b28e,https://bscscan.com/tx/0xec967c6cd4a72de18bf9c3f25dd82b95816418c3dba9f3a7665ec1d5f8327bc9
2023-03-26 18:22:20,False,3.577e-05,1.093e-08,27346116.0,2.991,0xc1...e030,https://bscscan.com/tx/0xd4922a725b2795b067c662a0a98f563b6c1c4a9695bee3b22a89d79178e15b7d
2023-03-26 18:22:20,False,3.578e-05,1.094e-08,22046.4,0.0024,0xc1...e030,https://bscscan.com/tx/0xd4922a725b2795b067c662a0a98f563b6c1c4a9695bee3b22a89d79178e15b7d
2023-03-26 18:21:38,True,3.578e-05,1.099e-08,16847.9,0.0018,0x7e...fe62,https://bscscan.com/tx/0xad96585d002c08c8ae5c04de51421decf7ee2b3bc26990c73a7171174bc8fcc4
2023-03-26 18:19:38,False,3.579e-05,1.094e-08,8124030.0,0.8889,0xeb...2d9f,https://bscscan.com/tx/0xc08e0f6813bfd8b70a6a7e810e3467304e0f664b0a0da7f3925722aa7e56a5af
2023-03-26 18:19:38,False,3.579e-05,1.094e-08,623.964,6.828e-06,0xeb...2d9f,https://bscscan.com/tx/0xc08e0f6813bfd8b70a6a7e810e3467304e0f664b0a0da7f3925722aa7e56a5af
2023-03-26 18:18:02,False,3.579e-05,1.094e-08,139926.0,0.0153,0x8b...b5b5,https://bscscan.com/tx/0x6a1c2def769878be5ade05f737c9e4f4f94182d35adde23ef02206003e7e3a2c
2023-03-26 18:18:02,False,3.579e-05,1.094e-08,154981.0,0.0169,0x8b...b5b5,https://bscscan.com/tx/0x6a1c2def769878be5ade05f737c9e4f4f94182d35adde23ef02206003e7e3a2c
2023-03-26 18:17:38,True,3.577e-05,1.099e-08,56798571.0,6.24258,0xb1...3d5b,https://bscscan.com/tx/0xda52c64ec5f415d8eef94703836bb1ecad91a775186acc9e3d8e2ff9040e654b
2023-03-26 18:17:26,False,3.574e-05,1.092e-08,599869.0,0.0655,0xd7...f752,https://bscscan.com/tx/0x6d2858b7cd74cc46add4820535b48ec9eba031ec20b6992f2ab73a27f520c20c
2023-03-26 18:17:26,False,3.574e-05,1.092e-08,17586.2,0.0019,0xd7...f752,https://bscscan.com/tx/0x6d2858b7cd74cc46add4820535b48ec9eba031ec20b6992f2ab73a27f520c20c
2023-03-26 18:13:50,True,3.574e-05,1.098e-08,4948192.0,0.5434,0x28...d577,https://bscscan.com/tx/0x24ee43bdca45f19ba404f45c9f29ce4ee83af291d48fc46cd035da2f8b0b6d3b
2023-03-26 18:11:59,True,3.592e-05,1.098e-08,493720.0,0.0542,0x45...4c36,https://bscscan.com/tx/0xc272d1326590091e3b3384832156f36fb5ae37382c61c0f1493ce17f9d45b963
2023-03-26 18:06:11,True,3.575e-05,1.098e-08,29005.7,0.0031,0xbd...b28e,https://bscscan.com/tx/0xa394788313b07115df4402ee5a74fccb1355e021cc18f5083e0673dab3d81414
2023-03-26 18:00:11,False,3.557e-05,1.092e-08,483545.0,0.0528,0xf1...228a,https://bscscan.com/tx/0x47345d572001f4da5b944f178f6762b1ce123ade510977e203d72ff0e8755737
2023-03-26 18:00:11,False,3.557e-05,1.092e-08,23864.8,0.0026,0xf1...228a,https://bscscan.com/tx/0x47345d572001f4da5b944f178f6762b1ce123ade510977e203d72ff0e8755737
2023-03-26 17:58:11,True,3.592e-05,1.098e-08,54635.1,0.006,0x42...16f7,https://bscscan.com/tx/0x7469895d0035366cba820c768c139909fc74c5ae8e6430f031da19d908444c98
2023-03-26 17:56:59,True,3.593e-05,1.098e-08,7398425.0,0.8128,0x50...26a2,https://bscscan.com/tx/0x763049caf6e27de5e37f5505788d07a1e85933a9adb5ff56f6750ba1d7ad3c4a
2023-03-26 17:54:20,False,3.573e-05,1.092e-08,1381580.0,0.1509,0x79...d431,https://bscscan.com/tx/0x16bc23e18a7d1e86f2dd3ec6ba2bfa3b0094244aa427a0ee562dc6d936e7a67e
2023-03-26 17:54:20,False,3.573e-05,1.092e-08,78592.8,0.0085,0x79...d431,https://bscscan.com/tx/0x16bc23e18a7d1e86f2dd3ec6ba2bfa3b0094244aa427a0ee562dc6d936e7a67e
2023-03-26 17:52:11,False,3.557e-05,1.092e-08,29021108.0,3.17183,0xa8...8a78,https://bscscan.com/tx/0x5054d7a7e7c085c2ab5ba5b5cf9d4675b6bfbe59354751e94e263a5050c5e30a
2023-03-26 17:52:11,False,3.558e-05,1.093e-08,69146.0,0.0075,0xa8...8a78,https://bscscan.com/tx/0x5054d7a7e7c085c2ab5ba5b5cf9d4675b6bfbe59354751e94e263a5050c5e30a
2023-03-26 17:50:17,False,3.559e-05,1.093e-08,25532800.0,2.79244,0xbc...0072,https://bscscan.com/tx/0x4d33502cd427773ff5e5ec0e90491ba6923810c9ddc30279d90e5751bead7bfe
2023-03-26 17:50:17,False,3.56e-05,1.094e-08,20857.5,0.0022,0xbc...0072,https://bscscan.com/tx/0x4d33502cd427773ff5e5ec0e90491ba6923810c9ddc30279d90e5751bead7bfe
2023-03-26 17:49:02,True,3.578e-05,1.099e-08,633690.0,0.0696,0xac...2887,https://bscscan.com/tx/0xa90c69bff82f84f4bdd74085cf88301443485b33eb82131b44a5133654858ae4
2023-03-26 17:47:26,False,3.562e-05,1.094e-08,7070031.0,0.7735,0xbc...bcf2,https://bscscan.com/tx/0xafee6cb96bd7c473dbcc9e5f57f0d106ae8f9fe45b8573f712741b37cfa62d33
2023-03-26 17:47:26,False,3.562e-05,1.094e-08,175349.0,0.0191,0xbc...bcf2,https://bscscan.com/tx/0xafee6cb96bd7c473dbcc9e5f57f0d106ae8f9fe45b8573f712741b37cfa62d33
2023-03-26 17:47:17,False,3.583e-05,1.095e-08,64749168.0,7.09035,0xa6...147a,https://bscscan.com/tx/0xbaabd22360cc496884f26fbf88cc3f085eec3bf9d38e31fc4336e7ced13794ab
2023-03-26 17:47:17,False,3.586e-05,1.095e-08,253951.0,0.0278,0xa6...147a,https://bscscan.com/tx/0xbaabd22360cc496884f26fbf88cc3f085eec3bf9d38e31fc4336e7ced13794ab
2023-03-26 17:44:41,True,3.587e-05,1.101e-08,800010.0,0.0881,0x57...f8b5,https://bscscan.com/tx/0x0ba4b78661ed598c0ce864e98ab9cb9740f58c3222800f106b4e63d3589f45e4
2023-03-26 17:43:02,False,3.59e-05,1.096e-08,78763000.0,8.63993,0xa6...147a,https://bscscan.com/tx/0x399c5f67eebbc6f3b351f696d822af896bb9b1fbd64f65a8b69629a2b98a776c
2023-03-26 17:43:02,False,3.594e-05,1.098e-08,72900.0,0.008,0xa6...147a,https://bscscan.com/tx/0x399c5f67eebbc6f3b351f696d822af896bb9b1fbd64f65a8b69629a2b98a776c
2023-03-26 17:42:50,False,3.595e-05,1.098e-08,26919000.0,2.9567,0x27...51e0,https://bscscan.com/tx/0x690611606da5715af3e478e98b920fa40fd3344c34102f7c91a73c83873ac45a
2023-03-26 17:42:50,False,3.596e-05,1.098e-08,2700.02,2.966e-05,0x27...51e0,https://bscscan.com/tx/0x690611606da5715af3e478e98b920fa40fd3344c34102f7c91a73c83873ac45a
2023-03-26 17:42:20,False,3.578e-05,1.098e-08,997007.0,0.1095,0x80...e8c4,https://bscscan.com/tx/0x1978f045527620ca2807d42ad86e32d61e1ba546703eefd6066e05bfd6361b15
2023-03-26 17:42:20,False,3.578e-05,1.098e-08,7623.79,8.376e-05,0x80...e8c4,https://bscscan.com/tx/0x1978f045527620ca2807d42ad86e32d61e1ba546703eefd6066e05bfd6361b15
2023-03-26 17:41:29,True,3.614e-05,1.104e-08,1854477.0,0.2047,0x02...5364,https://bscscan.com/tx/0xa2efd04971a3c5178d01c343ecef9e58cbedd70e8dbfc35afd3ed59a2372c5d6
2023-03-26 17:40:17,False,3.578e-05,1.098e-08,966241.0,0.1061,0x99...4341,https://bscscan.com/tx/0xafb68e22d339ca3651748294bf8b3f4a837bd3bd0694e519fc38adfce7392caa
2023-03-26 17:40:17,False,3.578e-05,1.098e-08,5223.54,5.739e-05,0x99...4341,https://bscscan.com/tx/0xafb68e22d339ca3651748294bf8b3f4a837bd3bd0694e519fc38adfce7392caa
2023-03-26 17:39:44,True,3.614e-05,1.104e-08,21734.3,0.0024,0x60...bff8,https://bscscan.com/tx/0x1f36c303eb168982dbda91cfdda52c5618b6be3dcd6829be4d2c0df2462bc1d6
2023-03-26 17:38:05,True,3.613e-05,1.104e-08,181119.0,0.02,0xc4...ad74,https://bscscan.com/tx/0x9bab9b750af457a1c3459ebcef087812629ddd583724221a07a9f29eac7f4d43
2023-03-26 17:36:47,False,3.595e-05,1.098e-08,1726595.0,0.1897,0xcc...31e0,https://bscscan.com/tx/0x2250ba6df6e869d9da0249ca6885664de0d6fdd8873889e8711ebb2284289eae
2023-03-26 17:36:47,False,3.595e-05,1.098e-08,47958.6,0.0052,0xcc...31e0,https://bscscan.com/tx/0x2250ba6df6e869d9da0249ca6885664de0d6fdd8873889e8711ebb2284289eae
2023-03-26 17:36:05,True,3.612e-05,1.104e-08,5989556.0,0.6613,0x93...5a02,https://bscscan.com/tx/0x10d1df5dbcaf35d0c5f6d50b9317d311b07a022327b85ed46a9739e14fd14b9f
2023-03-26 17:35:20,True,3.612e-05,1.104e-08,35000.0,0.0038,0xb7...3f83,https://bscscan.com/tx/0x5d3273d9e7d0d1ad8f113d497e1b1491ce1009837a8ad1af0b5ce23bb53c50a8
2023-03-26 17:33:08,True,3.611e-05,1.103e-08,10538033.0,1.16338,0x21...8e0f,https://bscscan.com/tx/0x4af6a6fbabd5d5116cc4d10a35487efecb0557094ba8558b8f379e47e98c2370
2023-03-26 17:32:44,False,3.594e-05,1.098e-08,1166480.0,0.1281,0x28...e3e3,https://bscscan.com/tx/0x51261b97a4c9bc3ae877c05cbf6f9b043df5e93a6ac21d06191ab4b4a7201aac
2023-03-26 17:32:44,False,3.594e-05,1.098e-08,2700.0,2.965e-05,0x28...e3e3,https://bscscan.com/tx/0x51261b97a4c9bc3ae877c05cbf6f9b043df5e93a6ac21d06191ab4b4a7201aac
2023-03-26 17:31:38,False,3.574e-05,1.098e-08,997000.0,0.1095,0xd7...7728,https://bscscan.com/tx/0x2a553afe95a228dda13fdad97e8ecc204415199ecb9e016df9e6552aff7c6f1a
2023-03-26 17:31:38,False,3.574e-05,1.098e-08,614.486,6.749e-06,0xd7...7728,https://bscscan.com/tx/0x2a553afe95a228dda13fdad97e8ecc204415199ecb9e016df9e6552aff7c6f1a
2023-03-26 17:30:02,False,3.573e-05,1.098e-08,139580.0,0.0153,0xad...c487,https://bscscan.com/tx/0xf7c33f38cd997a0d5f66a6db1de753ef939a3a45091092a3d45beacb294a15ed
2023-03-26 17:30:02,False,3.573e-05,1.098e-08,1504.89,1.652e-05,0xad...c487,https://bscscan.com/tx/0xf7c33f38cd997a0d5f66a6db1de753ef939a3a45091092a3d45beacb294a15ed
2023-03-26 17:28:59,False,3.591e-05,1.098e-08,555696.0,0.061,0xe8...5086,https://bscscan.com/tx/0x07ce31319b32d92fd72cf1b9d59fa3bbba0865b7bd7b95699616864da549ab23
2023-03-26 17:28:59,False,3.591e-05,1.098e-08,2472.0,2.715e-05,0xe8...5086,https://bscscan.com/tx/0x07ce31319b32d92fd72cf1b9d59fa3bbba0865b7bd7b95699616864da549ab23
2023-03-26 17:28:53,False,3.591e-05,1.098e-08,912809.0,0.1002,0x81...b003,https://bscscan.com/tx/0x7ef2266738439852a0ee9592670d81daffd44ad0be066df7071958a3c172a98b
2023-03-26 17:28:53,False,3.591e-05,1.098e-08,29355.7,0.0032,0x81...b003,https://bscscan.com/tx/0x7ef2266738439852a0ee9592670d81daffd44ad0be066df7071958a3c172a98b
2023-03-26 17:28:17,True,3.592e-05,1.103e-08,467453.0,0.0516,0x50...9894,https://bscscan.com/tx/0x0b6ec985b0f4a21670c436e6bb136436261a098e6161fbc82f2ea089cd4ed945
2023-03-26 17:28:11,False,3.574e-05,1.098e-08,10373827.0,1.13963,0xfd...6540,https://bscscan.com/tx/0x29656fd7f3f97dc9de05bf8007d745ec487600710fda46bdb889041a9950db90
2023-03-26 17:28:11,False,3.575e-05,1.098e-08,3357.12,3.688e-05,0xfd...6540,https://bscscan.com/tx/0x29656fd7f3f97dc9de05bf8007d745ec487600710fda46bdb889041a9950db90
2023-03-26 17:28:02,True,3.593e-05,1.104e-08,543377.0,0.06,0x6e...797c,https://bscscan.com/tx/0xa53588c99832ca78d9358b3dce2e5a9a898c70f5e5261cda6319a1efd553b78f
2023-03-26 17:27:29,False,3.593e-05,1.098e-08,697900.0,0.0766,0x99...1e9a,https://bscscan.com/tx/0xd84b7963cbcc42b32e680ca7dcdf3e5cab0904be2e8c65b7613d5b507c623481
2023-03-26 17:27:29,False,3.593e-05,1.098e-08,1506.89,1.655e-05,0x99...1e9a,https://bscscan.com/tx/0xd84b7963cbcc42b32e680ca7dcdf3e5cab0904be2e8c65b7613d5b507c623481
2023-03-26 17:25:29,True,3.61e-05,1.104e-08,390000.0,0.043,0x4e...bae7,https://bscscan.com/tx/0x0df77d07ddb88550f0bcfd456d042ab6b1e2b5d1bf5a1271a41e77c716cfe0db
2023-03-26 17:21:26,False,3.592e-05,1.098e-08,167603.0,0.0184,0x40...f0f0,https://bscscan.com/tx/0x03d003b5ee6b66982c1d8a9312a9882d27d25efe80aeae2ae029798804bbe67c
2023-03-26 17:21:26,False,3.592e-05,1.098e-08,24225.3,0.0026,0x40...f0f0,https://bscscan.com/tx/0x03d003b5ee6b66982c1d8a9312a9882d27d25efe80aeae2ae029798804bbe67c
2023-03-26 17:17:56,True,3.611e-05,1.104e-08,2264122.0,0.25,0xe2...b65c,https://bscscan.com/tx/0xafd51068f63cce47ffa4e7edf47a4fca5326ed6cb30f002943db2b2b9e7d010c
2023-03-26 17:16:08,False,3.574e-05,1.098e-08,764563.0,0.084,0x56...1f4e,https://bscscan.com/tx/0x6ab08565025d8b454092fa31069c9210b065212c7b7236ea65ac79c074b11aee
2023-03-26 17:16:08,False,3.574e-05,1.098e-08,32700.1,0.0035,0x56...1f4e,https://bscscan.com/tx/0x6ab08565025d8b454092fa31069c9210b065212c7b7236ea65ac79c074b11aee
2023-03-26 17:14:35,True,3.592e-05,1.104e-08,80658.0,0.0089,0x15...4042,https://bscscan.com/tx/0x853b16d9fa7a3f746e7d2df31655804eb7e02c6372b57a90704d83d387af5188
2023-03-26 17:14:20,True,3.592e-05,1.104e-08,50000.0,0.0055,0x03...b3e8,https://bscscan.com/tx/0xf30401a56c317186591031c0028b8d8c05a3dc75b04f04b185140cd65f469fdd
2023-03-26 17:13:02,True,3.61e-05,1.104e-08,53698.9,0.0059,0x46...7587,https://bscscan.com/tx/0x2ec2b5d0466a4ca442ba832339fe138c24ad119861462f10f8f24d39cc8d0504
2023-03-26 17:11:38,True,3.61e-05,1.104e-08,50000.0,0.0055,0x03...b3e8,https://bscscan.com/tx/0x489c36cc61c516b17d709f7479ed2fd9f8f59ca076662f6f887a746cb9de6ebc
2023-03-26 17:07:32,True,3.61e-05,1.104e-08,8408461.0,0.9283,0xc0...1fb0,https://bscscan.com/tx/0xa4ed1ba75d86eee438b21877fdeaba40a61afa159358372e2c145101aff81dd7
2023-03-26 17:05:05,False,3.591e-05,1.098e-08,3457942.0,0.3798,0xdd...581f,https://bscscan.com/tx/0x845df486b4d5a2523bec3f270ea4a9382bf643a88c1963c2c94ae25c0e755059
2023-03-26 17:05:05,False,3.591e-05,1.098e-08,23543.4,0.0025,0xdd...581f,https://bscscan.com/tx/0x845df486b4d5a2523bec3f270ea4a9382bf643a88c1963c2c94ae25c0e755059
2023-03-26 17:04:20,True,3.591e-05,1.103e-08,4005502.0,0.4422,0x62...258f,https://bscscan.com/tx/0x9c4e77a9d5eb587acec21fc72b3e5fd4642931086c9284551d0a8effdcc7912e
2023-03-26 17:03:52,False,3.573e-05,1.098e-08,4700126.0,0.5163,0x4c...e62b,https://bscscan.com/tx/0xf682943ab897f422bbe8baf9f200f5527da5e564fdfd0dcc27ba0b1341ed84ce
2023-03-26 17:03:52,False,3.573e-05,1.098e-08,43200.0,0.0047,0x4c...e62b,https://bscscan.com/tx/0xf682943ab897f422bbe8baf9f200f5527da5e564fdfd0dcc27ba0b1341ed84ce
2023-03-26 17:03:37,False,3.592e-05,1.098e-08,15952000.0,1.75273,0x41...892e,https://bscscan.com/tx/0xc308b9407651f9293c879659c413df6762f9402d88a2dcdae0b8ec0db704b9de
2023-03-26 17:03:37,False,3.592e-05,1.098e-08,9329.6,0.001,0x41...892e,https://bscscan.com/tx/0xc308b9407651f9293c879659c413df6762f9402d88a2dcdae0b8ec0db704b9de
2023-03-26 17:03:03,False,3.592e-05,1.099e-08,3445039.0,0.3786,0x6b...ac31,https://bscscan.com/tx/0x99a1da26ffc07b1da3725f267d983f96f85efc2883975191c56214c88db995d5
2023-03-26 17:03:03,False,3.592e-05,1.099e-08,327123.0,0.0359,0x6b...ac31,https://bscscan.com/tx/0x99a1da26ffc07b1da3725f267d983f96f85efc2883975191c56214c88db995d5
2023-03-26 17:02:43,False,3.598e-05,1.1e-08,120793120.0,13.2956,0xa6...147a,https://bscscan.com/tx/0x133bb05f588f444c83df7835e5679db50bdc092121024575bf86fbfd1b5b8173
2023-03-26 17:02:43,False,3.603e-05,1.102e-08,36545.5,0.004,0xa6...147a,https://bscscan.com/tx/0x133bb05f588f444c83df7835e5679db50bdc092121024575bf86fbfd1b5b8173
2023-03-26 16:59:32,False,3.585e-05,1.102e-08,2991000.0,0.3297,0xa9...c040,https://bscscan.com/tx/0x4c19c09a297f6331503ebddd94affd38135e2c4174d0d860a3af34d7a16e07dc
2023-03-26 16:59:32,False,3.585e-05,1.102e-08,179.218,1.975e-06,0xa9...c040,https://bscscan.com/tx/0x4c19c09a297f6331503ebddd94affd38135e2c4174d0d860a3af34d7a16e07dc
2023-03-26 16:57:35,False,3.587e-05,1.102e-08,66178.0,0.0073,0xe7...31a5,https://bscscan.com/tx/0xb7309bf0df9035028d30adeaa2dac528833fab05e4ff8da797b573a26fda7911
2023-03-26 16:57:35,False,3.587e-05,1.102e-08,45212.0,0.0049,0xe7...31a5,https://bscscan.com/tx/0xb7309bf0df9035028d30adeaa2dac528833fab05e4ff8da797b573a26fda7911
2023-03-26 16:56:17,False,3.588e-05,1.102e-08,16694958.0,1.84083,0xca...1645,https://bscscan.com/tx/0x33358064711f1c02b2f9f1304cc6971554ef587ecae7aa4e9ca01953a0f6bfc4
2023-03-26 16:56:17,False,3.588e-05,1.102e-08,23847.6,0.0026,0xca...1645,https://bscscan.com/tx/0x33358064711f1c02b2f9f1304cc6971554ef587ecae7aa4e9ca01953a0f6bfc4
2023-03-26 16:56:05,True,3.606e-05,1.108e-08,2748321.0,0.3046,0x65...53a4,https://bscscan.com/tx/0x96badeb681efd3d28962bfe5f9ed14057d85611c6f07c7ffa770f367b9038d3a
2023-03-26 16:54:29,False,3.606e-05,1.102e-08,6065882.0,0.6689,0x05...7066,https://bscscan.com/tx/0x5dcf43b143444fd2bae23f292914ddd927c97a78ad947a710fc2183074da79d7
2023-03-26 16:54:29,False,3.606e-05,1.102e-08,50132.1,0.0055,0x05...7066,https://bscscan.com/tx/0x5dcf43b143444fd2bae23f292914ddd927c97a78ad947a710fc2183074da79d7
2023-03-26 16:54:11,False,3.589e-05,1.103e-08,18511743.0,2.04221,0x05...7066,https://bscscan.com/tx/0xecfcfe992799379a230edc24694735e6da9ec8e63054eb799832decf56fcf1d0
2023-03-26 16:54:11,False,3.59e-05,1.103e-08,62583.5,0.0069,0x05...7066,https://bscscan.com/tx/0xecfcfe992799379a230edc24694735e6da9ec8e63054eb799832decf56fcf1d0
2023-03-26 16:52:32,False,3.609e-05,1.103e-08,7430764.0,0.82,0x05...7066,https://bscscan.com/tx/0xba25671b593901947e65452fb1dbf41728a4c5a7420ab5829a334850f77e8bc2
2023-03-26 16:52:32,False,3.609e-05,1.103e-08,393087.0,0.0433,0x05...7066,https://bscscan.com/tx/0xba25671b593901947e65452fb1dbf41728a4c5a7420ab5829a334850f77e8bc2
2023-03-26 16:50:08,False,3.619e-05,1.105e-08,139585824.0,15.4319,0x37...6bae,https://bscscan.com/tx/0xf5d26c9b6f99970fffc91b6411df556e68e29e08cff226a1e6f7a9f7568aa1c1
2023-03-26 16:50:08,False,3.625e-05,1.107e-08,31822.5,0.0035,0x37...6bae,https://bscscan.com/tx/0xf5d26c9b6f99970fffc91b6411df556e68e29e08cff226a1e6f7a9f7568aa1c1
2023-03-26 16:50:05,False,3.625e-05,1.107e-08,11750737.0,1.30151,0x05...7066,https://bscscan.com/tx/0x987a440606038ecda8b9a44ec98031ad9676bd0914c4c9bf4cde4a798887422d
2023-03-26 16:50:05,False,3.626e-05,1.107e-08,13500.0,0.0015,0x05...7066,https://bscscan.com/tx/0x987a440606038ecda8b9a44ec98031ad9676bd0914c4c9bf4cde4a798887422d
2023-03-26 16:48:44,False,3.626e-05,1.107e-08,4985000.0,0.5522,0x78...39b8,https://bscscan.com/tx/0x03d8e9bb1285e0cc0b6f52400b26b728dc254c92d4612d42adcb670cab421cf7
2023-03-26 16:48:44,False,3.627e-05,1.107e-08,18659.6,0.002,0x78...39b8,https://bscscan.com/tx/0x03d8e9bb1285e0cc0b6f52400b26b728dc254c92d4612d42adcb670cab421cf7
2023-03-26 16:47:02,False,3.609e-05,1.107e-08,6890217.0,0.7634,0x05...7066,https://bscscan.com/tx/0x46f4bdd7a6411847279c1f8252de9ee9798eb665c06e28f925091a61b34cab7a
2023-03-26 16:47:02,False,3.609e-05,1.108e-08,5623.58,6.231e-05,0x05...7066,https://bscscan.com/tx/0x46f4bdd7a6411847279c1f8252de9ee9798eb665c06e28f925091a61b34cab7a
2023-03-26 16:46:53,True,3.645e-05,1.113e-08,1901085.0,0.2117,0xe7...d9d4,https://bscscan.com/tx/0x4fbb6d671a181790a4d00b9179285c6360807af0a53663a4d74561f6abe1849c
2023-03-26 16:46:17,False,3.627e-05,1.108e-08,181175.0,0.02,0x6f...1161,https://bscscan.com/tx/0x5b6acee76439a3a34cf90f4dbd98c6d71d76337a0d7625896e2b6dac6bad3bc6
2023-03-26 16:46:17,False,3.627e-05,1.108e-08,21990.3,0.0024,0x6f...1161,https://bscscan.com/tx/0x5b6acee76439a3a34cf90f4dbd98c6d71d76337a0d7625896e2b6dac6bad3bc6
2023-03-26 16:45:50,True,3.645e-05,1.113e-08,292945.0,0.0326,0x26...3e5d,https://bscscan.com/tx/0xb9261c3b095ee6836b269a1c00aabd3072ae8e56581db0a81c14b93c7363fb2f
2023-03-26 16:45:50,False,3.627e-05,1.108e-08,7828042.0,0.8674,0x05...7066,https://bscscan.com/tx/0xe5761040b9e9846ff02a964af28e524ab513e0129395113f7271206c8a5006f4
2023-03-26 16:45:50,False,3.628e-05,1.108e-08,45866.9,0.005,0x05...7066,https://bscscan.com/tx/0xe5761040b9e9846ff02a964af28e524ab513e0129395113f7271206c8a5006f4
2023-03-26 16:45:38,False,3.629e-05,1.108e-08,16936771.0,1.87739,0x05...7066,https://bscscan.com/tx/0xf412f6371f218aa927bdd13e2e4ff0b1432aef5f290e2d631278c5fc85ca0180
2023-03-26 16:45:38,False,3.629e-05,1.108e-08,14504.4,0.0016,0x05...7066,https://bscscan.com/tx/0xf412f6371f218aa927bdd13e2e4ff0b1432aef5f290e2d631278c5fc85ca0180
2023-03-26 16:45:29,True,3.647e-05,1.114e-08,197174.0,0.0219,0x6c...df39,https://bscscan.com/tx/0x6994a0b8c6c8f494b96eac611c3ec37668c4ba55461ad893c944a037eca57875
2023-03-26 16:45:20,False,3.63e-05,1.108e-08,5159317.0,0.572,0x6b...9f5d,https://bscscan.com/tx/0x45a83882649dac7383f2888902e70adad202d482ec3beb190cae246d4dd91ecb
2023-03-26 16:45:20,False,3.63e-05,1.108e-08,82160.6,0.0091,0x6b...9f5d,https://bscscan.com/tx/0x45a83882649dac7383f2888902e70adad202d482ec3beb190cae246d4dd91ecb
2023-03-26 16:45:11,True,3.63e-05,1.114e-08,39866.5,0.0044,0x85...5514,https://bscscan.com/tx/0xda838326772a7bf9e999862465b52bbcdcbb33fed23e94706c2b36d9a0a37b8e
2023-03-26 16:45:08,True,3.63e-05,1.114e-08,400000.0,0.0445,0x4e...bae7,https://bscscan.com/tx/0xac649dfdd4a8e9b92b67524ff01157ae3ae7c9bc100fd5292e62b426c1285ba8
2023-03-26 16:44:59,False,3.613e-05,1.109e-08,29900029.0,3.31662,0x20...946b,https://bscscan.com/tx/0x01dce5a347351e2aeee760ebe47a97e2437c9461ede6e5205ece78cd43f01817
2023-03-26 16:44:59,False,3.614e-05,1.109e-08,86793.2,0.0096,0x20...946b,https://bscscan.com/tx/0x01dce5a347351e2aeee760ebe47a97e2437c9461ede6e5205ece78cd43f01817
2023-03-26 16:44:38,True,3.631e-05,1.114e-08,25214800.0,2.81111,0xa6...027f,https://bscscan.com/tx/0xa4e7cd5b92cd5d8a6840628135409227125fed8da8d85bc471d6f0c76dbd2320
2023-03-26 16:42:14,False,3.612e-05,1.109e-08,6910020.0,0.7663,0x05...7066,https://bscscan.com/tx/0xa7fa032841029a55a21b7b7333648af13d278204a4b2a3535554e14d004fd0a8
2023-03-26 16:42:14,False,3.613e-05,1.109e-08,17061.7,0.0018,0x05...7066,https://bscscan.com/tx/0xa7fa032841029a55a21b7b7333648af13d278204a4b2a3535554e14d004fd0a8
2023-03-26 16:42:02,False,3.613e-05,1.109e-08,6300182.0,0.6988,0x05...7066,https://bscscan.com/tx/0x1894504d3fbc000892a111463918d47687ff95bd25e42464f400550d427ca8f3
2023-03-26 16:42:02,False,3.613e-05,1.109e-08,32144.0,0.0035,0x05...7066,https://bscscan.com/tx/0x1894504d3fbc000892a111463918d47687ff95bd25e42464f400550d427ca8f3
2023-03-26 16:40:44,False,3.632e-05,1.109e-08,11869481.0,1.31689,0x05...7066,https://bscscan.com/tx/0x2e496ca68d38d9a1195d2e95bd50593c2f4575edeef635ec04ab78ce1622951a
2023-03-26 16:40:44,False,3.632e-05,1.109e-08,13772.3,0.0015,0x05...7066,https://bscscan.com/tx/0x2e496ca68d38d9a1195d2e95bd50593c2f4575edeef635ec04ab78ce1622951a
2023-03-26 16:40:41,False,3.615e-05,1.109e-08,5085548.0,0.5643,0x6b...9f5d,https://bscscan.com/tx/0x34e7fafb5a309dc301d545eb1d1d7fd42ba6d3b5aed445a518fdb0421acabded
2023-03-26 16:40:41,False,3.615e-05,1.109e-08,13707.4,0.0015,0x6b...9f5d,https://bscscan.com/tx/0x34e7fafb5a309dc301d545eb1d1d7fd42ba6d3b5aed445a518fdb0421acabded
2023-03-26 16:40:35,False,3.615e-05,1.109e-08,5061577.0,0.5617,0x6b...9f5d,https://bscscan.com/tx/0x1d2c588b5394bc627f94d53e802b20982457a71b90c713bcb96576605b565c0c
2023-03-26 16:40:35,False,3.615e-05,1.109e-08,132395.0,0.0146,0x6b...9f5d,https://bscscan.com/tx/0x1d2c588b5394bc627f94d53e802b20982457a71b90c713bcb96576605b565c0c
2023-03-26 16:40:26,True,3.632e-05,1.115e-08,22950758.0,2.55941,0x31...258d,https://bscscan.com/tx/0x6fa4b56fc011f5a3de0ede914b7e4108a1c832a0e933b57540fd41353a6841da
2023-03-26 16:40:17,True,3.631e-05,1.114e-08,717584.0,0.08,0xf8...56a5,https://bscscan.com/tx/0xaa5dedf95836cf6439e096d93a1f4e0af7e345f5c045eefcfa81059d541d3f19
2023-03-26 16:39:38,True,3.63e-05,1.114e-08,20905207.0,2.33,0x48...f0d7,https://bscscan.com/tx/0x4b9f2e66967ad4e9eaea36b89c01ac4092a8b3a0a0b80f54b5dcc122f96c66ad
2023-03-26 16:36:23,False,3.629e-05,1.108e-08,4448241.0,0.4932,0x05...7066,https://bscscan.com/tx/0x2f5493c61f9c2cc1be68e39fc677b1ad5100d3ff0a0c943004b2def6ef6e65e6
2023-03-26 16:36:23,False,3.629e-05,1.108e-08,18658.2,0.002,0x05...7066,https://bscscan.com/tx/0x2f5493c61f9c2cc1be68e39fc677b1ad5100d3ff0a0c943004b2def6ef6e65e6
2023-03-26 16:34:47,False,3.63e-05,1.108e-08,6889706.0,0.764,0x05...7066,https://bscscan.com/tx/0x421c53dc9305e514293e425a0a5724e78d5ae463148578499252e0990dd9e0ba
2023-03-26 16:34:47,False,3.63e-05,1.109e-08,52804.7,0.0058,0x05...7066,https://bscscan.com/tx/0x421c53dc9305e514293e425a0a5724e78d5ae463148578499252e0990dd9e0ba
2023-03-26 16:34:35,False,3.632e-05,1.109e-08,19498627.0,2.16294,0x05...7066,https://bscscan.com/tx/0xd8e686d64a9bc1d57ffcada0be5235ab74b7b606bfdef4aa81f46df9a7f96d70
2023-03-26 16:34:35,False,3.632e-05,1.109e-08,74911.6,0.0083,0x05...7066,https://bscscan.com/tx/0xd8e686d64a9bc1d57ffcada0be5235ab74b7b606bfdef4aa81f46df9a7f96d70
2023-03-26 16:34:32,False,3.634e-05,1.109e-08,27661785.0,3.07025,0xc0...1f4f,https://bscscan.com/tx/0x87e5ecb18f396c24f24682a7d9e12014155a7c7f717d427b5adfd5734c98c7e5
2023-03-26 16:34:32,False,3.635e-05,1.11e-08,25409.7,0.0028,0xc0...1f4f,https://bscscan.com/tx/0x87e5ecb18f396c24f24682a7d9e12014155a7c7f717d427b5adfd5734c98c7e5
2023-03-26 16:34:32,False,3.635e-05,1.11e-08,9382753.0,1.04189,0x05...7066,https://bscscan.com/tx/0xc61d2e83673c5bffc14e67e84f6c2c439f908efc072162623ecd77c46ca2297b
2023-03-26 16:34:32,False,3.636e-05,1.11e-08,14007.0,0.0015,0x05...7066,https://bscscan.com/tx/0xc61d2e83673c5bffc14e67e84f6c2c439f908efc072162623ecd77c46ca2297b
2023-03-26 16:34:26,False,3.636e-05,1.11e-08,5172219.0,0.5744,0x6b...9f5d,https://bscscan.com/tx/0xbe93631964001c5f5f4613f63987e666da1ccbe74fa636658878147f94dbbe7c
2023-03-26 16:34:26,False,3.636e-05,1.11e-08,5922.64,6.578e-05,0x6b...9f5d,https://bscscan.com/tx/0xbe93631964001c5f5f4613f63987e666da1ccbe74fa636658878147f94dbbe7c
2023-03-26 16:34:08,False,3.641e-05,1.11e-08,2186989.0,0.2429,0xe8...c048,https://bscscan.com/tx/0x9d106a57800eefd1fec5693bf8c13090c8aeaf242349d63dddaa9561faeb05cc
2023-03-26 16:34:08,False,3.641e-05,1.11e-08,10583.0,0.0011,0xe8...c048,https://bscscan.com/tx/0x9d106a57800eefd1fec5693bf8c13090c8aeaf242349d63dddaa9561faeb05cc
2023-03-26 16:29:23,False,3.641e-05,1.11e-08,3907883.0,0.434,0xf6...c911,https://bscscan.com/tx/0x5bf657c56071c2e472f1042bd491a2f325f23a73da4de3cc598653ab22330b90
2023-03-26 16:29:23,False,3.641e-05,1.11e-08,34686.5,0.0038,0xf6...c911,https://bscscan.com/tx/0x5bf657c56071c2e472f1042bd491a2f325f23a73da4de3cc598653ab22330b90
2023-03-26 16:28:26,True,3.66e-05,1.116e-08,10929042.0,1.22,0xbd...e335,https://bscscan.com/tx/0x52932d0237920cfdd75c7d8f4667bd775153c46e7ec4d2eb29840a9ff70a17c7
2023-03-26 16:28:02,False,3.641e-05,1.11e-08,1912052.0,0.2123,0xe2...b65c,https://bscscan.com/tx/0x61033f27a49afa1c4fe468e141f75649d9e4f5cf3c812df04b0295614d29cc17
2023-03-26 16:28:02,False,3.641e-05,1.11e-08,3983.95,4.424e-05,0xe2...b65c,https://bscscan.com/tx/0x61033f27a49afa1c4fe468e141f75649d9e4f5cf3c812df04b0295614d29cc17
2023-03-26 16:26:05,True,3.659e-05,1.116e-08,71672.2,0.008,0xfc...b487,https://bscscan.com/tx/0xc490ff7ef3a684edf6b3a9f642e66e019d6df632fa6eacbba7e1f6bba097443b
2023-03-26 16:24:29,True,3.641e-05,1.116e-08,538421.0,0.0601,0x8f...9d7c,https://bscscan.com/tx/0xffd673b6d1cb41794e2060c71e907d25dee68f082976aa8b9acbca86ba7ee022
2023-03-26 16:23:17,True,3.659e-05,1.116e-08,492189.0,0.0549,0xe5...4ccb,https://bscscan.com/tx/0x09e0e644523cd877bfaa7715d4c5914b7a180e4e648343ed3078c75d0d65d2e6
2023-03-26 16:21:11,False,3.642e-05,1.11e-08,372135.0,0.0413,0xe4...1c66,https://bscscan.com/tx/0xed08d32cbe30c55c1034419edf52487e39bc7cb496f76f41869d20e7b4820103
2023-03-26 16:21:11,False,3.642e-05,1.11e-08,7754.69,8.612e-05,0xe4...1c66,https://bscscan.com/tx/0xed08d32cbe30c55c1034419edf52487e39bc7cb496f76f41869d20e7b4820103
2023-03-26 16:17:41,False,3.644e-05,1.11e-08,2492500.0,0.2768,0x15...f0ed,https://bscscan.com/tx/0x128480fe8c22870bc362254f6326c37f9adac0593d77be67ae613bd73ee8a256
2023-03-26 16:17:41,False,3.644e-05,1.11e-08,5069.06,5.63e-05,0x15...f0ed,https://bscscan.com/tx/0x128480fe8c22870bc362254f6326c37f9adac0593d77be67ae613bd73ee8a256
2023-03-26 16:16:23,False,3.626e-05,1.11e-08,1871797.0,0.2079,0x1e...4786,https://bscscan.com/tx/0x3359d33e876016dbdf4bb5d34b896fee9d48d9385eecacd8d41cc1b6663cb048
2023-03-26 16:16:23,False,3.626e-05,1.11e-08,6969.38,7.741e-05,0x1e...4786,https://bscscan.com/tx/0x3359d33e876016dbdf4bb5d34b896fee9d48d9385eecacd8d41cc1b6663cb048
2023-03-26 16:12:17,False,3.643e-05,1.11e-08,2573506.0,0.2858,0xbb...d0b8,https://bscscan.com/tx/0x3ee1dd243b4e94603d42fc6837d6a7b8d57db864cc2310602112c776492958da
2023-03-26 16:12:17,False,3.643e-05,1.11e-08,30006.0,0.0033,0xbb...d0b8,https://bscscan.com/tx/0x3ee1dd243b4e94603d42fc6837d6a7b8d57db864cc2310602112c776492958da
2023-03-26 16:10:35,True,3.662e-05,1.116e-08,441883.0,0.0493,0xf3...6dc2,https://bscscan.com/tx/0x5ec2bef82e706926bbcdad386d226bb2a99a399f0561992d76428143686f288f
2023-03-26 16:10:29,True,3.662e-05,1.116e-08,10000.0,0.0011,0xf6...0179,https://bscscan.com/tx/0x7bd8f36fe2295ff2fbd9d8c547b042ad21f669d27fd477e67bd2c585d2bacf96
2023-03-26 16:10:08,True,3.662e-05,1.116e-08,927763.0,0.1035,0xdd...0a82,https://bscscan.com/tx/0xf8ee7644d95d119d1d67715c7fb977992dcee1569b2ceb321bb730623df202d9
2023-03-26 16:10:02,True,3.662e-05,1.116e-08,8680380.0,0.9689,0x87...e46e,https://bscscan.com/tx/0x6739ca1b02c96af4b4677e09b197062e632a22514179ec4b63ac84cfce987ea6
2023-03-26 16:09:08,True,3.662e-05,1.116e-08,26879.6,0.003,0xe2...d71c,https://bscscan.com/tx/0xd800c18df2fe599ab30bcb2c4fd8c28cb66dfe62bb4355d1d9900f990d68b0bd
2023-03-26 16:08:29,False,3.644e-05,1.11e-08,674411.0,0.0749,0x2d...5130,https://bscscan.com/tx/0xbe9536fc6fbcdb1be2655d5bd846b85bbb4f46e18f464f941991724e028602f7
2023-03-26 16:08:29,False,3.644e-05,1.11e-08,675.0,7.496e-06,0x2d...5130,https://bscscan.com/tx/0xbe9536fc6fbcdb1be2655d5bd846b85bbb4f46e18f464f941991724e028602f7
2023-03-26 16:08:29,False,3.644e-05,1.11e-08,249250.0,0.0276,0x67...a562,https://bscscan.com/tx/0x648befe515f2d8ff78f25675b2d075a22410a155e089fabbd49045b0817e7c7e
2023-03-26 16:08:29,False,3.644e-05,1.11e-08,6822.57,7.576e-05,0x67...a562,https://bscscan.com/tx/0x648befe515f2d8ff78f25675b2d075a22410a155e089fabbd49045b0817e7c7e
2023-03-26 16:07:32,True,3.662e-05,1.116e-08,26879.0,0.003,0xf8...925a,https://bscscan.com/tx/0x273ed74856d27380ec33f507c43823904a1c5d131ca089e261521b2bfe3ec500
2023-03-26 16:05:23,False,3.627e-05,1.11e-08,2492500.0,0.2768,0x15...f0ed,https://bscscan.com/tx/0x7a210343aad311801c3934a2eb59f8d7ea545e3ae8db81dbfd20f1e20dfde0f3
2023-03-26 16:05:23,False,3.627e-05,1.11e-08,1139.08,1.265e-05,0x15...f0ed,https://bscscan.com/tx/0x7a210343aad311801c3934a2eb59f8d7ea545e3ae8db81dbfd20f1e20dfde0f3
2023-03-26 16:04:41,False,3.627e-05,1.11e-08,420617.0,0.0467,0xc6...ce9a,https://bscscan.com/tx/0x9d894750c1a2f190fd836ccacf3aa49e8bce0f2be084fa73b28b899b43cfc2f0
2023-03-26 16:04:41,False,3.627e-05,1.11e-08,50160.0,0.0055,0xc6...ce9a,https://bscscan.com/tx/0x9d894750c1a2f190fd836ccacf3aa49e8bce0f2be084fa73b28b899b43cfc2f0
2023-03-26 16:04:02,True,3.665e-05,1.116e-08,4031755.0,0.45,0x69...c367,https://bscscan.com/tx/0x7405a70a81cf9534438da2558345e82f95d048506720691368f253c4e84cd897
2023-03-26 16:03:20,True,3.664e-05,1.115e-08,13645881.0,1.52274,0x91...b1ec,https://bscscan.com/tx/0x97a133c863ad3ced8462cefdbdcc99e9e4d2259be79fcbd0be5bb5122bb547ea
2023-03-26 16:02:32,False,3.645e-05,1.11e-08,897441.0,0.0996,0x9e...45f6,https://bscscan.com/tx/0xb68f957b9d335e517af46b18b6e9e2385da201f76940d42f91a5ca5a7fc11eb2
2023-03-26 16:02:32,False,3.645e-05,1.11e-08,77887.7,0.0086,0x9e...45f6,https://bscscan.com/tx/0xb68f957b9d335e517af46b18b6e9e2385da201f76940d42f91a5ca5a7fc11eb2
2023-03-26 16:02:11,False,3.626e-05,1.11e-08,28760746.0,3.19404,0xee...425b,https://bscscan.com/tx/0x4d0b4816216926ed7e7eaa2b9384cd8b107d86ee5c02cfbe77e023338b9217a9
2023-03-26 16:02:11,False,3.627e-05,1.11e-08,401051.0,0.0445,0xee...425b,https://bscscan.com/tx/0x4d0b4816216926ed7e7eaa2b9384cd8b107d86ee5c02cfbe77e023338b9217a9
2023-03-26 16:01:50,True,3.666e-05,1.116e-08,2540305.0,0.2836,0x5e...e21d,https://bscscan.com/tx/0x824fc516713057c35e5a4b89a583acbfafe9a30af227ae28c091cb97f8063e18
2023-03-26 15:58:23,True,3.642e-05,1.116e-08,30085806.0,3.35773,0x20...946b,https://bscscan.com/tx/0x2121597c09aa7c40f8811ebd2bead095187bbba4ffc93a8142ae00bbaf1c7348
2023-03-26 15:57:14,True,3.641e-05,1.115e-08,546536.0,0.0609,0x88...0d9e,https://bscscan.com/tx/0x422f6d35041690ccf7210727fa2ab6bddbea03ac571241d78fab45cdfd470600
2023-03-26 15:55:53,True,3.659e-05,1.115e-08,80000.0,0.0089,0xc0...56e2,https://bscscan.com/tx/0x1f02d56d40d3da231b8094349bd2d165a92186c64730893f4f033931a56522d9
2023-03-26 15:55:29,True,3.659e-05,1.115e-08,3278524.0,0.3657,0x5e...217e,https://bscscan.com/tx/0x8e744464f7235a3a3d9f00421487359e6409c42677fb28277d070787d7b0d906
2023-03-26 15:54:35,True,3.659e-05,1.115e-08,33148.5,0.0037,0x2a...c2f0,https://bscscan.com/tx/0x1d5356603b7620e477cb30374bab8253388b8859a4e8ebdd535556c880f0ad90
2023-03-26 15:54:32,True,3.658e-05,1.115e-08,17766882.0,1.98152,0xcc...0331,https://bscscan.com/tx/0x048c4bd977d3a48e23fb9872bc5b1329678065225dce39ce659dc780a1b853bc
2023-03-26 15:54:02,True,3.655e-05,1.114e-08,46467540.0,5.17837,0xfe...5ad3,https://bscscan.com/tx/0x1f5b71416426e98d1442276cbeb5fd14b6f8385ace2df76dc445c874561db53a
2023-03-26 15:53:53,True,3.652e-05,1.113e-08,13689697.0,1.52446,0xce...a5f7,https://bscscan.com/tx/0xf2bddaef97d35b859c7bc71e2e0bb49f9ab8a87c65c0d0d0a2c2772df24d15ec
2023-03-26 15:51:41,True,3.633e-05,1.113e-08,1565528.0,0.1743,0xf8...56a5,https://bscscan.com/tx/0xbd9c3721d3b1ba70065b57475cde4b77b811434504899ad459b6cad45aa337fa
2023-03-26 15:51:29,False,3.633e-05,1.107e-08,4985000.0,0.5522,0x48...f0d7,https://bscscan.com/tx/0x12089460d60ad0ac27ba23c4030db5f1c08db259631ca9c3851a186694e2db5f
2023-03-26 15:51:29,False,3.633e-05,1.107e-08,20449.2,0.0022,0x48...f0d7,https://bscscan.com/tx/0x12089460d60ad0ac27ba23c4030db5f1c08db259631ca9c3851a186694e2db5f
2023-03-26 15:50:53,True,3.651e-05,1.113e-08,2573762.0,0.2865,0xa5...628a,https://bscscan.com/tx/0x8a7de758d60ec310ce2aeea2412e181a1d07db97474628a1c2cef5211696010d
2023-03-26 15:50:44,False,3.615e-05,1.107e-08,4985000.0,0.5523,0x48...f0d7,https://bscscan.com/tx/0x8dc54b978a1018f300ea4034d819eff7be7a08e2b31007055c4800a1e7f6d8e1
2023-03-26 15:50:44,False,3.615e-05,1.107e-08,2387.11,2.644e-05,0x48...f0d7,https://bscscan.com/tx/0x8dc54b978a1018f300ea4034d819eff7be7a08e2b31007055c4800a1e7f6d8e1
2023-03-26 15:49:23,True,3.651e-05,1.113e-08,390951.0,0.0435,0x11...d43f,https://bscscan.com/tx/0xfbe41197294ba84d139fe75e2f48c371378597572c41aae3c5611f5e3dac6ad1
2023-03-26 15:49:23,False,3.633e-05,1.107e-08,491683.0,0.0544,0xf7...ca3d,https://bscscan.com/tx/0xfa32535e9423c87c30752390652bd01d7bf8d3bd765748b20c362322c132b5c7
2023-03-26 15:49:23,False,3.633e-05,1.107e-08,8100.0,8.974e-05,0xf7...ca3d,https://bscscan.com/tx/0xfa32535e9423c87c30752390652bd01d7bf8d3bd765748b20c362322c132b5c7
2023-03-26 15:48:20,False,3.633e-05,1.108e-08,2991000.0,0.3314,0xc3...2ba9,https://bscscan.com/tx/0xb8ae76886ad8c690205e215624669c6e35e831a247c64ec25351c2b282d1a5a0
2023-03-26 15:48:20,False,3.633e-05,1.108e-08,43232.6,0.0047,0xc3...2ba9,https://bscscan.com/tx/0xb8ae76886ad8c690205e215624669c6e35e831a247c64ec25351c2b282d1a5a0
2023-03-26 15:45:47,True,3.65e-05,1.113e-08,15088472.0,1.68,0x78...39b8,https://bscscan.com/tx/0xbf9aa8b33fd6778dc5293b869c48594462fcce8c0c4b2239c3301b2fe106f6e1
2023-03-26 15:45:44,False,3.631e-05,1.107e-08,920829.0,0.102,0x66...bf74,https://bscscan.com/tx/0x30936043ee8f97a675a2b0147c44af33ed1e4cff84412cfa9be26ec85918575e
2023-03-26 15:45:44,False,3.631e-05,1.107e-08,58708.3,0.0065,0x66...bf74,https://bscscan.com/tx/0x30936043ee8f97a675a2b0147c44af33ed1e4cff84412cfa9be26ec85918575e
2023-03-26 15:43:02,True,3.63e-05,1.112e-08,19325854.0,2.15095,0xa9...c040,https://bscscan.com/tx/0x90f88571708677b9b05dffbbffdeedf97a1ceaf7ceb56b9a4b5f085c024f65ec
2023-03-26 15:37:38,True,3.643e-05,1.112e-08,469969.0,0.0522,0x2d...ace1,https://bscscan.com/tx/0xd0bf5ee0ad9f217b8b96819d040496b7e01f8b7c799fca2151d78a54990d5727
2023-03-26 15:36:30,True,3.643e-05,1.112e-08,1554790.0,0.173,0x02...c105,https://bscscan.com/tx/0x3ad98139303fd5108fb661f4c0793d46b131aa391139d8179f23b73f45460d4d
2023-03-26 15:35:27,True,3.644e-05,1.113e-08,47031.4,0.0052,0x03...8502,https://bscscan.com/tx/0x7d32f7e54875b1a41b1b535416f9a70658e7e573d722ad0fb8085faf477298e4
2023-03-26 15:31:49,False,3.624e-05,1.107e-08,265039.0,0.0293,0x88...d337,https://bscscan.com/tx/0xe679997944be27af78416aa7d840c86bca09be4d981fd7c7cc9a1367791a8d1d
2023-03-26 15:31:49,False,3.624e-05,1.107e-08,2700.0,2.989e-05,0x88...d337,https://bscscan.com/tx/0xe679997944be27af78416aa7d840c86bca09be4d981fd7c7cc9a1367791a8d1d
2023-03-26 15:31:37,False,3.624e-05,1.107e-08,997000.0,0.1103,0xa9...c040,https://bscscan.com/tx/0x1f324d2446161bcb35276be2b6520b59c3fd6f686a94925334a4c397f8685e12
2023-03-26 15:31:37,False,3.624e-05,1.107e-08,27000.0,0.0029,0xa9...c040,https://bscscan.com/tx/0x1f324d2446161bcb35276be2b6520b59c3fd6f686a94925334a4c397f8685e12
2023-03-26 15:31:10,False,3.625e-05,1.107e-08,9970000.0,1.10396,0xa9...c040,https://bscscan.com/tx/0x1067626908c15fdd132226d48f6e7eb28c82e29db5c5d5096c13808426e594e1
2023-03-26 15:31:10,False,3.625e-05,1.107e-08,538.38,5.962e-06,0xa9...c040,https://bscscan.com/tx/0x1067626908c15fdd132226d48f6e7eb28c82e29db5c5d5096c13808426e594e1
2023-03-26 15:29:01,False,3.607e-05,1.107e-08,198802.0,0.022,0x37...8225,https://bscscan.com/tx/0x898f22451e741efca49f946b1ae202899c215ff94ecad816e48e6f8cc87b365e
2023-03-26 15:29:01,False,3.607e-05,1.107e-08,27000.0,0.0029,0x37...8225,https://bscscan.com/tx/0x898f22451e741efca49f946b1ae202899c215ff94ecad816e48e6f8cc87b365e
2023-03-26 15:27:16,False,3.607e-05,1.107e-08,9970000.0,1.10424,0xa9...c040,https://bscscan.com/tx/0x504bff04d5a1843d4de873b61e2ef56e4ecb8731417909e71c36fc7aeb4c435b
2023-03-26 15:27:16,False,3.608e-05,1.107e-08,4366.23,4.836e-05,0xa9...c040,https://bscscan.com/tx/0x504bff04d5a1843d4de873b61e2ef56e4ecb8731417909e71c36fc7aeb4c435b
2023-03-26 15:24:01,True,3.625e-05,1.113e-08,275309.0,0.0306,0x64...bec3,https://bscscan.com/tx/0x08f224c3581f88fe000c1d9ee1470626ab9a4f58f2cc92e62abc9e6fd40ae8f6
2023-03-26 15:23:40,True,3.643e-05,1.113e-08,89827.5,0.01,0x1d...157f,https://bscscan.com/tx/0xa0a8017394cdf1d4a9d6f675bdee7adfb54d592114a1b76ddbe7dc44ee000def
2023-03-26 15:22:43,False,3.606e-05,1.107e-08,1248230.0,0.1382,0x06...8929,https://bscscan.com/tx/0x999bf1a722f979dc5c1ff013a9d80f0491960c905ceff5e106d48714dff8df73
2023-03-26 15:22:43,False,3.607e-05,1.107e-08,619.219,6.859e-06,0x06...8929,https://bscscan.com/tx/0x999bf1a722f979dc5c1ff013a9d80f0491960c905ceff5e106d48714dff8df73
2023-03-26 15:17:37,True,3.642e-05,1.113e-08,70000.0,0.0077,0x7a...ad76,https://bscscan.com/tx/0x37c35e5e546f36d32330f239bf148600732961447a451188c1ba88854d6252f9
2023-03-26 15:16:43,True,3.642e-05,1.113e-08,8788.48,9.784e-05,0x99...1950,https://bscscan.com/tx/0xb1c0a12001572bb76afd4620b0842bc57b0be0ec210196877e87702424f5b05e
2023-03-26 15:16:40,False,3.624e-05,1.107e-08,150100.0,0.0166,0xcc...57d9,https://bscscan.com/tx/0xbe9ebfc9e02a1d65afc29eb1e4149bbbfe3b00f8a0769df6c48bdc3e0b18f082
2023-03-26 15:16:40,False,3.624e-05,1.107e-08,12389.1,0.0013,0xcc...57d9,https://bscscan.com/tx/0xbe9ebfc9e02a1d65afc29eb1e4149bbbfe3b00f8a0769df6c48bdc3e0b18f082
2023-03-26 15:15:49,True,3.642e-05,1.113e-08,1366344.0,0.1521,0x60...84c8,https://bscscan.com/tx/0x274797f4d9dca0d12872ed485a259d6e91da1c362095249db463a9039367c7be
2023-03-26 15:14:34,False,3.606e-05,1.107e-08,3212555.0,0.3558,0x48...f0d7,https://bscscan.com/tx/0xdf38446a16ff74a2afd4be6cdcd342799845453ccb5d654632963d6bd1c484bd
2023-03-26 15:14:34,False,3.606e-05,1.107e-08,2835.0,3.14e-05,0x48...f0d7,https://bscscan.com/tx/0xdf38446a16ff74a2afd4be6cdcd342799845453ccb5d654632963d6bd1c484bd
2023-03-26 15:13:01,True,3.624e-05,1.113e-08,50000.0,0.0055,0x0f...b54e,https://bscscan.com/tx/0xa424c8ce7870a1c2192ece8b381ba25d0ec16d4c32c8e7d14ef2576dae80807a
2023-03-26 15:11:37,False,3.624e-05,1.107e-08,997000.0,0.1104,0x0e...3419,https://bscscan.com/tx/0x4537a9c26def240060ff8a498cd29bbcbf87a04885c9a9c3f7478d4988295b18
2023-03-26 15:11:37,False,3.624e-05,1.107e-08,2692.55,2.982e-05,0x0e...3419,https://bscscan.com/tx/0x4537a9c26def240060ff8a498cd29bbcbf87a04885c9a9c3f7478d4988295b18
2023-03-26 15:11:37,True,3.642e-05,1.113e-08,147241.0,0.0163,0x73...2663,https://bscscan.com/tx/0xf8a785e0a5667ff59778e617689057568042185d8a85a8483d93a8fa10d4b863
2023-03-26 15:10:01,False,3.605e-05,1.107e-08,847450.0,0.0938,0x14...4c02,https://bscscan.com/tx/0xa9887a09f4d145fb32f6265cab78c30499750f216eabc54b3762ed8f85aaa02b
2023-03-26 15:10:01,False,3.606e-05,1.107e-08,18273.3,0.002,0x14...4c02,https://bscscan.com/tx/0xa9887a09f4d145fb32f6265cab78c30499750f216eabc54b3762ed8f85aaa02b
2023-03-26 15:09:22,False,3.624e-05,1.107e-08,6479913.0,0.7179,0x52...33a9,https://bscscan.com/tx/0x5caef22f437c2560ed02ab0b5e0c466759920cc7bcc56207dfdf1b8de46168e1
2023-03-26 15:09:22,False,3.624e-05,1.107e-08,51427.2,0.0057,0x52...33a9,https://bscscan.com/tx/0x5caef22f437c2560ed02ab0b5e0c466759920cc7bcc56207dfdf1b8de46168e1
2023-03-26 15:07:40,True,3.644e-05,1.113e-08,1498158.0,0.1668,0xaf...260b,https://bscscan.com/tx/0x10c3b6ae0583b67c22f7a98f215bfeeded5b36f2e49be32211b9636bb2c4dcff
2023-03-26 15:06:34,True,3.624e-05,1.113e-08,2514642.0,0.28,0xda...2f33,https://bscscan.com/tx/0xfc106ef552d02e447f5ed8162a39b646a11d39e8f305ccf1a20e58de9421e0ba
2023-03-26 15:03:04,True,3.643e-05,1.113e-08,200000.0,0.0222,0xb1...c45c,https://bscscan.com/tx/0x8349f8a83bc1dff5431be947ed54f2fc05e7f267fd7e65386b2ad1c60782e0cd
2023-03-26 15:01:55,True,3.625e-05,1.113e-08,1358132.0,0.1512,0x1c...ee15,https://bscscan.com/tx/0x1b58e6c22633f80d26608ca56cfbe4fb33e1bcc5ebcf8dc30221548e4f09a21c
2023-03-26 15:01:40,True,3.643e-05,1.113e-08,1367032.0,0.1522,0x1c...ee15,https://bscscan.com/tx/0x80b5ea9665e2b0609b1dcd0b25817fa6da88d826da4b1c36229c185e22b3ceea
2023-03-26 15:01:16,True,3.643e-05,1.113e-08,2724994.0,0.3033,0x1c...ee15,https://bscscan.com/tx/0xafd8a44bcbc1e1c575110c4ec273e7421d506b817ce015acba60c6cf4ce280b0
2023-03-26 15:00:55,True,3.642e-05,1.113e-08,1827179.0,0.2034,0x1c...ee15,https://bscscan.com/tx/0x8a2d00bd912bbb9fcdfc779425322c56f69444dff3579d4761ce0df043e8c490
2023-03-26 15:00:40,True,3.624e-05,1.113e-08,2449448.0,0.2726,0x1c...ee15,https://bscscan.com/tx/0x0d24202957c282b78c14e6f000e26f6056af7e5fcc379565cf4647988e87fc8b
2023-03-26 15:00:25,True,3.642e-05,1.113e-08,470606.0,0.0523,0xae...b47b,https://bscscan.com/tx/0xac3ec999f11c59dad4788c693b2e630e65f315c30ecb3bb25a3420e8899dcf7e
2023-03-26 15:00:25,True,3.642e-05,1.113e-08,3593533.0,0.4,0xda...2f33,https://bscscan.com/tx/0x3e4835ba7206af21b40cc302d308e171219d17f34ac263ef75fecb34fddd60af
2023-03-26 15:00:07,False,3.605e-05,1.107e-08,1040271.0,0.1152,0xba...9c55,https://bscscan.com/tx/0x41e46d87feda917aca7de62876d4283754aa41092fe710f8c4e2cdd6cfb3a430
2023-03-26 15:00:07,False,3.606e-05,1.107e-08,385.82,4.273e-06,0xba...9c55,https://bscscan.com/tx/0x41e46d87feda917aca7de62876d4283754aa41092fe710f8c4e2cdd6cfb3a430
2023-03-26 15:00:01,False,3.605e-05,1.107e-08,142468.0,0.0157,0x9a...e636,https://bscscan.com/tx/0xa9590f82b9f0c74bf3c16de738512aad243fd904ee49552648a43de2b66ffc9d
2023-03-26 15:00:01,False,3.606e-05,1.107e-08,477845.0,0.0529,0x9a...e636,https://bscscan.com/tx/0xa9590f82b9f0c74bf3c16de738512aad243fd904ee49552648a43de2b66ffc9d
2023-03-26 14:59:07,True,3.633e-05,1.11e-08,176789695.0,19.6359,0x3b...a99e,https://bscscan.com/tx/0xf8e2a9cbb25865992f5454add74417fd78d67e4b9dcef367b5606cd65e7129be
2023-03-26 14:59:07,False,3.607e-05,1.102e-08,189375.0,0.0208,0xa4...f408,https://bscscan.com/tx/0x3a78def8a8f3e54e8e91f4602f8c2f30e7a718ef2ac9a116b3658b174da491d6
2023-03-26 14:59:07,False,3.607e-05,1.102e-08,5949.49,6.56e-05,0xa4...f408,https://bscscan.com/tx/0x3a78def8a8f3e54e8e91f4602f8c2f30e7a718ef2ac9a116b3658b174da491d6
2023-03-26 14:58:40,False,3.589e-05,1.102e-08,2196905.0,0.2422,0x38...b27e,https://bscscan.com/tx/0xf8850128e38f987c7e5cf58df8a4859c8aba44759a59a3c122072160d9b1594a
2023-03-26 14:58:40,False,3.589e-05,1.102e-08,544.018,5.999e-06,0x38...b27e,https://bscscan.com/tx/0xf8850128e38f987c7e5cf58df8a4859c8aba44759a59a3c122072160d9b1594a
2023-03-26 14:57:25,False,3.59e-05,1.102e-08,200884.0,0.0221,0x03...6980,https://bscscan.com/tx/0x57ced28a208169248017d96eacee1a0c2257e5c007eaa5a6e9d4b0b550005bc5
2023-03-26 14:57:25,False,3.59e-05,1.102e-08,279247.0,0.0308,0x03...6980,https://bscscan.com/tx/0x57ced28a208169248017d96eacee1a0c2257e5c007eaa5a6e9d4b0b550005bc5
2023-03-26 14:56:13,True,3.626e-05,1.108e-08,86501.2,0.0095,0xc4...cdad,https://bscscan.com/tx/0x6901790ba6908bfe7a4673c519b034679eee2f22cfbedc64340bacf0477bd260
2023-03-26 14:55:31,True,3.608e-05,1.108e-08,1526018.0,0.1691,0x38...1b0d,https://bscscan.com/tx/0xed50968e9d3495e51f6013fc0821948414af1f9ab014e0b894948cd3d10f3ded
2023-03-26 14:55:04,True,3.621e-05,1.106e-08,100000000.0,11.0696,0xbd...9333,https://bscscan.com/tx/0x1025c532c7f75e2c4bbee11d8b86acff9857f5933f78cf5a7c76c65d30ef893e
2023-03-26 14:55:01,True,3.617e-05,1.105e-08,814042.0,0.09,0x82...84dd,https://bscscan.com/tx/0x08621d3a93bff922d1e731e40a9517c53967a20890ae9743e94356152aa2dcda
2023-03-26 14:54:25,True,3.617e-05,1.105e-08,90000.0,0.0099,0x33...962d,https://bscscan.com/tx/0xbeb22b6cb1d22b41a6906cf4856a18d02b94cdf61fd43ab3d433cf0140a6deac
2023-03-26 14:53:58,False,3.58e-05,1.1e-08,905660.0,0.0996,0xa9...082e,https://bscscan.com/tx/0x1961a3dec444420ae7d5bec04d05eac38567483034c1795ed85e632c5cae41cc
2023-03-26 14:53:58,False,3.58e-05,1.1e-08,540.0,5.94e-06,0xa9...082e,https://bscscan.com/tx/0x1961a3dec444420ae7d5bec04d05eac38567483034c1795ed85e632c5cae41cc
2023-03-26 14:53:10,False,3.581e-05,1.1e-08,199400.0,0.0219,0x18...4e02,https://bscscan.com/tx/0xe3fd690e915c7b860dd8e8cc732fc992a6abde0ffe8b34a0ed8f9e57044b722e
2023-03-26 14:53:10,False,3.581e-05,1.1e-08,3951.39,4.346e-05,0x18...4e02,https://bscscan.com/tx/0xe3fd690e915c7b860dd8e8cc732fc992a6abde0ffe8b34a0ed8f9e57044b722e
2023-03-26 14:52:58,False,3.599e-05,1.1e-08,1459089.0,0.1605,0x9e...45f6,https://bscscan.com/tx/0x172e10e09aa537c373d77ea7b7fcd9a6498208b760b7a07320f117b1232c7bf0
2023-03-26 14:52:58,False,3.6e-05,1.1e-08,412553.0,0.0453,0x9e...45f6,https://bscscan.com/tx/0x172e10e09aa537c373d77ea7b7fcd9a6498208b760b7a07320f117b1232c7bf0
2023-03-26 14:52:15,True,3.599e-05,1.105e-08,17954124.0,1.98468,0xcc...0331,https://bscscan.com/tx/0xce741f2defbb6929bed65c1c97252645dfd381e4dfd569c904ccd6fd1e011d0d
2023-03-26 14:51:52,True,3.616e-05,1.105e-08,1332001.0,0.1472,0x04...44a9,https://bscscan.com/tx/0x958b2af5ff66b8839e72410e7439467278a6ebca598a094019768f145e57ecc9
2023-03-26 14:50:52,True,3.617e-05,1.105e-08,2765806.0,0.3056,0x1e...d0d6,https://bscscan.com/tx/0x3792e0055959f3eb083ce4fd326ff5082f8eeee19d7efe3690f32d7cb4ec0ca9
2023-03-26 14:50:22,True,3.615e-05,1.105e-08,1411644.0,0.1559,0x0b...de29,https://bscscan.com/tx/0x30373fa165926cec8f1a8ec73edd5c1ac9caba1a9fcc927f59cc9babff7fd788
2023-03-26 14:50:22,True,3.614e-05,1.104e-08,17985065.0,1.98696,0xcc...0331,https://bscscan.com/tx/0x44bc69191297ea7e1697bf3a0420ca062a14da2840762c95eef887e26c343581
2023-03-26 14:50:01,True,3.609e-05,1.103e-08,83087186.0,9.16796,0x3e...8467,https://bscscan.com/tx/0x9295715da1f42b1979ff611928596fa2d52d89e723dc27087fdabad3ed619d4c
2023-03-26 14:48:19,False,3.591e-05,1.096e-08,486024.0,0.0533,0x2e...f345,https://bscscan.com/tx/0x61e964e36d450b3b5751e91a16de9c0f9dd089de396b1c7f410d1e9707440891
2023-03-26 14:48:19,False,3.591e-05,1.096e-08,232828.0,0.0255,0x2e...f345,https://bscscan.com/tx/0x61e964e36d450b3b5751e91a16de9c0f9dd089de396b1c7f410d1e9707440891
2023-03-26 14:48:13,True,3.608e-05,1.102e-08,17994010.0,1.98307,0xcc...0331,https://bscscan.com/tx/0x3afcad9f5cbe684ceda0465f3876d30137415f3f05bd71745223797db6b078e1
2023-03-26 14:46:16,True,3.588e-05,1.101e-08,17994462.0,1.98225,0xcc...0331,https://bscscan.com/tx/0x6e267fdf80d1842891c244606cbce7b6158de0d0603c01e3d98471cdc15d989b
2023-03-26 14:46:07,True,3.606e-05,1.101e-08,244086.0,0.0268,0xb3...a69d,https://bscscan.com/tx/0x4456f763a07570f68c132c858aa9969de827e852a0dfa228d9a95fcea0d72621
2023-03-26 14:45:55,False,3.59e-05,1.096e-08,49850000.0,5.46608,0xc1...21cb,https://bscscan.com/tx/0xe3a0c63ceff1e79d308f4b27ec2e11e2994d00c94c7d38402ce8ce9dfafdc553
2023-03-26 14:45:55,False,3.592e-05,1.097e-08,58631.4,0.0064,0xc1...21cb,https://bscscan.com/tx/0xe3a0c63ceff1e79d308f4b27ec2e11e2994d00c94c7d38402ce8ce9dfafdc553
2023-03-26 14:45:22,True,3.595e-05,1.102e-08,3627688.0,0.4,0xf2...6172,https://bscscan.com/tx/0x97a4e720e6332aa254ee1a9cd982fb4bb403e01955b272c0827891c8aa7099df
2023-03-26 14:44:16,True,3.611e-05,1.102e-08,17997201.0,1.9839,0xcc...0331,https://bscscan.com/tx/0xfd6f279c931818cfca29a7bf49528b8524b231b29f7f799ec32bb42a967bd8b9
2023-03-26 14:43:58,False,3.593e-05,1.096e-08,90160.4,0.0098,0x48...0bbd,https://bscscan.com/tx/0x7144ce5417b801c17675a74f8bc49f6be6058d88888b4679fb9fe23fc3e5bc97
2023-03-26 14:43:58,False,3.593e-05,1.096e-08,55343.6,0.006,0x48...0bbd,https://bscscan.com/tx/0x7144ce5417b801c17675a74f8bc49f6be6058d88888b4679fb9fe23fc3e5bc97
2023-03-26 14:42:16,True,3.592e-05,1.101e-08,17996264.0,1.98293,0xcc...0331,https://bscscan.com/tx/0x7eb0e82e4cb761850d7dcbfe45057a410e31148e518a974a87ff782b5f7f36da
2023-03-26 14:41:52,True,3.609e-05,1.101e-08,1014084.0,0.1117,0xd7...7db8,https://bscscan.com/tx/0x93320237408d78b313923e97c5832d9a2e009fa4dad53ad76396da64468a3e83
2023-03-26 14:41:16,True,3.591e-05,1.101e-08,487272.0,0.0536,0x3e...2c9e,https://bscscan.com/tx/0x2c85873a84d14a7925ef135df63aa41268d655e91df398c0b1d2876cda7494a8
2023-03-26 14:40:28,False,3.591e-05,1.096e-08,997000.0,0.1092,0x1e...7fa7,https://bscscan.com/tx/0x34418ea1d9da49c551b279f61179d34411e372da7eb62e0dd34f5ea6c1a51e49
2023-03-26 14:40:28,False,3.591e-05,1.096e-08,54865.5,0.006,0x1e...7fa7,https://bscscan.com/tx/0x34418ea1d9da49c551b279f61179d34411e372da7eb62e0dd34f5ea6c1a51e49
2023-03-26 14:40:16,True,3.608e-05,1.101e-08,18020501.0,1.98471,0xcc...0331,https://bscscan.com/tx/0xf4811178cfe154fe27179c1f6cfb5567edf852be47396fbd1194218aa042bb76
2023-03-26 14:39:52,True,3.589e-05,1.101e-08,144754.0,0.0159,0xf9...7e3c,https://bscscan.com/tx/0x2795519a4130f0066c5d30dabab05170fd9bd9dcbf3950a0285035efef9db0eb
2023-03-26 14:38:40,False,3.572e-05,1.095e-08,2148849.0,0.2354,0x85...be88,https://bscscan.com/tx/0x1523694d72a850946a1961f75d453b3fe6fa30e2d88ed29f2531e95a7cf706bb
2023-03-26 14:38:40,False,3.572e-05,1.095e-08,49004.9,0.0053,0x85...be88,https://bscscan.com/tx/0x1523694d72a850946a1961f75d453b3fe6fa30e2d88ed29f2531e95a7cf706bb
2023-03-26 14:38:13,True,3.607e-05,1.1e-08,18011800.0,1.98297,0xcc...0331,https://bscscan.com/tx/0x8d6abe0687b651d040305dc713ab834663c7d2d5da3a3cee95c52f6f6c16fb30
2023-03-26 14:37:34,False,3.57e-05,1.095e-08,137742.0,0.015,0xe3...cc75,https://bscscan.com/tx/0x97cde52376a84e85126c9e43c4b2743e99fb12814d0eee3ad8b0141af90d4d6e
2023-03-26 14:37:34,False,3.57e-05,1.095e-08,6915.02,7.573e-05,0xe3...cc75,https://bscscan.com/tx/0x97cde52376a84e85126c9e43c4b2743e99fb12814d0eee3ad8b0141af90d4d6e
2023-03-26 14:36:34,True,3.606e-05,1.1e-08,2292319.0,0.2523,0xa8...4cf3,https://bscscan.com/tx/0x124ec7fe21405d5bb5689d06530a1a5a3e06abf3abc4decb7a324f3a3621d772
2023-03-26 14:36:34,False,3.588e-05,1.095e-08,267994.0,0.0293,0x7e...fef2,https://bscscan.com/tx/0xbb273458e1fbbabe2cd643983a37e2df689edf0c1ebc7058ee953e0d50899989
2023-03-26 14:36:34,False,3.588e-05,1.095e-08,84636.8,0.0092,0x7e...fef2,https://bscscan.com/tx/0xbb273458e1fbbabe2cd643983a37e2df689edf0c1ebc7058ee953e0d50899989
2023-03-26 14:36:13,True,3.587e-05,1.1e-08,18016743.0,1.98256,0xcc...0331,https://bscscan.com/tx/0xa8db5ee8505a9b210b6cf6f98d9c98292e5b0646747fcdf88f12740fc63f2f9d
2023-03-26 14:35:37,False,3.57e-05,1.094e-08,13290229.0,1.45507,0x6f...2a66,https://bscscan.com/tx/0xa0c67a7430d8d0ddf53fd6110cb37c6927a3e9f6f19f6dc3abfb5515f0f05477
2023-03-26 14:35:37,False,3.57e-05,1.095e-08,1080.0,1.182e-05,0x6f...2a66,https://bscscan.com/tx/0xa0c67a7430d8d0ddf53fd6110cb37c6927a3e9f6f19f6dc3abfb5515f0f05477
2023-03-26 14:35:34,False,3.588e-05,1.095e-08,398800.0,0.0436,0x2f...9653,https://bscscan.com/tx/0xe1253336d99a192ca3431bddfa0271d39d0e266ddb09a12923032d65d5f9278f
2023-03-26 14:35:34,False,3.588e-05,1.095e-08,134233.0,0.0147,0x2f...9653,https://bscscan.com/tx/0xe1253336d99a192ca3431bddfa0271d39d0e266ddb09a12923032d65d5f9278f
2023-03-26 14:35:01,True,3.586e-05,1.099e-08,44362153.0,4.87952,0xfe...5ad3,https://bscscan.com/tx/0xc2bd63a446ef09a391d22741515bb063daf4938a7d143c85be82142a94ad7eb6
2023-03-26 14:34:37,False,3.566e-05,1.093e-08,5337735.0,0.5839,0x40...e5e5,https://bscscan.com/tx/0x677830fdeb1e7f2cd8e5d3070be3dc1b6b6699821907b4b4cc1aa83e8f61f6da
2023-03-26 14:34:37,False,3.567e-05,1.093e-08,50478.2,0.0055,0x40...e5e5,https://bscscan.com/tx/0x677830fdeb1e7f2cd8e5d3070be3dc1b6b6699821907b4b4cc1aa83e8f61f6da
2023-03-26 14:34:16,True,3.602e-05,1.099e-08,18049422.0,1.98406,0xcc...0331,https://bscscan.com/tx/0xea449bb305c167cbe483d60070c6c788cf82dbb99b3683d3e0bfaf54cca75a0f
2023-03-26 14:33:58,False,3.583e-05,1.093e-08,644251.0,0.0704,0x02...36d8,https://bscscan.com/tx/0xaec11f9bf6635d36b9c59f321c0c1d80ac3a060fe400f86356df53ed2727dc93
2023-03-26 14:33:58,False,3.583e-05,1.093e-08,285810.0,0.0312,0x02...36d8,https://bscscan.com/tx/0xaec11f9bf6635d36b9c59f321c0c1d80ac3a060fe400f86356df53ed2727dc93
2023-03-26 14:33:37,True,3.6e-05,1.098e-08,27603069.0,3.0326,0xff...a8c4,https://bscscan.com/tx/0x9c8a64283ab77835b3d29458b6e598ae2d47b8f871b29b640b44a0a865ab9ed7
2023-03-26 14:32:13,True,3.598e-05,1.098e-08,18066560.0,1.98377,0xcc...0331,https://bscscan.com/tx/0x30fae745eba50c978f7911db753f539c472b4ec4497302f1d0c9ee68287c2dc9
2023-03-26 14:31:19,True,3.579e-05,1.097e-08,1543945.0,0.1694,0x24...7fff,https://bscscan.com/tx/0xb9e0fc389eefb812598d3a9e84a582bf218e20629a75d1541cfc56fd11a159a6
2023-03-26 14:30:13,True,3.596e-05,1.097e-08,18103097.0,1.98683,0xcc...0331,https://bscscan.com/tx/0x029c8255447316424602ce740be2b4d4145fb0fda1586a520d7b8d8aadf219b0
2023-03-26 14:29:01,True,3.595e-05,1.097e-08,278046.0,0.0305,0x97...acf9,https://bscscan.com/tx/0x657c87e5d601db69c9f03ff32b19857ac9562631483c9ef1071eb1d1518d14dd
2023-03-26 14:28:16,True,3.594e-05,1.097e-08,18113743.0,1.98711,0xcc...0331,https://bscscan.com/tx/0x9ada13f13e99821af44db45f8123e0ef4fed0a32d6480de50387de8586cf7b9d
2023-03-26 14:24:43,True,3.594e-05,1.096e-08,7021189.0,0.77,0xe5...802b,https://bscscan.com/tx/0x1ce26647b818a6c7df45834701da6c1eceed82ed228749b9fdc40f4ea20281ae
2023-03-26 14:24:37,False,3.577e-05,1.091e-08,15080602.0,1.64576,0x6b...bf0a,https://bscscan.com/tx/0xf41cab905830e2060443b0b2ce0b9ad86d47e98c93dee44fe5c17aec3ebd993f
2023-03-26 14:24:37,False,3.577e-05,1.091e-08,585521.0,0.0639,0x6b...bf0a,https://bscscan.com/tx/0xf41cab905830e2060443b0b2ce0b9ad86d47e98c93dee44fe5c17aec3ebd993f
2023-03-26 14:24:34,True,3.595e-05,1.096e-08,776489.0,0.0851,0xad...3efc,https://bscscan.com/tx/0xa22cccaeccc48e3a83b9c61fa93a01e5218759eca5fc5ebc82947e2e455a0666
2023-03-26 14:24:34,True,3.594e-05,1.096e-08,18082019.0,1.98313,0xcc...0331,https://bscscan.com/tx/0xa7e89f993cc55663e21d5f3c2de9b1ce28977a134bd39aae169d565ab47f0b12
2023-03-26 14:23:52,True,3.592e-05,1.096e-08,27915146.0,3.05985,0xc1...f4fe,https://bscscan.com/tx/0xc68b048e810b2f8ecb4a28610236539fa28ab616e1ad9448c8c49e1f80e74ab9
2023-03-26 14:23:46,True,3.572e-05,1.095e-08,30085954.0,3.29547,0x20...946b,https://bscscan.com/tx/0x9fec98e2e692ff93eb16b52b573892acf69b8071d1ca5dff3a836e7cbebec7f3
2023-03-26 14:23:34,False,3.577e-05,1.091e-08,139579999.0,15.2329,0x56...346a,https://bscscan.com/tx/0xc95c58113f8c32d650c4038bb88f54c33344a553789223bf41e474cb24d75c64
2023-03-26 14:23:34,False,3.583e-05,1.093e-08,100677.0,0.011,0x56...346a,https://bscscan.com/tx/0xc95c58113f8c32d650c4038bb88f54c33344a553789223bf41e474cb24d75c64
2023-03-26 14:22:37,True,3.583e-05,1.098e-08,18070267.0,1.9849,0xcc...0331,https://bscscan.com/tx/0x0e9dbcb29bd21e5e601dce924e0337ab4d0092a0811ea36601f25b8741bb9bb7
2023-03-26 14:20:37,True,3.581e-05,1.097e-08,18084203.0,1.98556,0xcc...0331,https://bscscan.com/tx/0x962cbb7d5f9a41f6e773996c371e823d0a229cccbbec5f304c714c2126a1ac01
2023-03-26 14:18:52,False,3.562e-05,1.092e-08,569061.0,0.0621,0xac...9e8e,https://bscscan.com/tx/0x88b30ceb8ab5b0f026479d4a5c7019ee9696c227cc0f5e78ca366d22c5087a60
2023-03-26 14:18:52,False,3.562e-05,1.092e-08,4849.5,5.296e-05,0xac...9e8e,https://bscscan.com/tx/0x88b30ceb8ab5b0f026479d4a5c7019ee9696c227cc0f5e78ca366d22c5087a60
2023-03-26 14:17:01,True,3.58e-05,1.097e-08,138938.0,0.0152,0x63...559c,https://bscscan.com/tx/0x61ca0d9856a4b55c8ef4a4c45414774b2faf8d79a18df577079c26759006f062
2023-03-26 14:15:40,True,3.597e-05,1.097e-08,1389766.0,0.1525,0x11...2e83,https://bscscan.com/tx/0x772555cfb163ea7f950f9a3372ceb9ba7a99bd459c37a4abd468df216e3fcc83
2023-03-26 14:14:46,False,3.561e-05,1.092e-08,86873.6,0.0094,0x6e...b19d,https://bscscan.com/tx/0x3a25acaab359f6e4007ef8f2fb5083c607acbbc7033279f769636e5153228ec9
2023-03-26 14:14:46,False,3.561e-05,1.092e-08,205.216,2.241e-06,0x6e...b19d,https://bscscan.com/tx/0x3a25acaab359f6e4007ef8f2fb5083c607acbbc7033279f769636e5153228ec9
2023-03-26 14:14:07,False,3.561e-05,1.092e-08,75778.0,0.0082,0x2e...233a,https://bscscan.com/tx/0x72403be5b8883bd0b588dc8ca2d562ce6b198f172bf8d7df6d5c827978971526
2023-03-26 14:14:07,False,3.561e-05,1.092e-08,53389.6,0.0058,0x2e...233a,https://bscscan.com/tx/0x72403be5b8883bd0b588dc8ca2d562ce6b198f172bf8d7df6d5c827978971526
2023-03-26 14:13:37,True,3.597e-05,1.097e-08,8145188.0,0.894,0x00...a62b,https://bscscan.com/tx/0x301600e39453ce4bf128d15c476c160a9af8b56ce45c6b3329a23c6280641dda
2023-03-26 14:07:26,True,3.596e-05,1.097e-08,11121193.0,1.22035,0xb7...7873,https://bscscan.com/tx/0x1f4911013980ea27b0be9960d82dd90ad3a3d006787e8a1a5405b170d7113557
2023-03-26 14:05:26,False,3.558e-05,1.091e-08,249250.0,0.0272,0x4e...4b52,https://bscscan.com/tx/0xfeaaf266271c40eafbde79bd60c1ae9d827b5fbd02455074bc1c97d16dfa7262
2023-03-26 14:05:26,False,3.558e-05,1.091e-08,326135.0,0.0356,0x4e...4b52,https://bscscan.com/tx/0xfeaaf266271c40eafbde79bd60c1ae9d827b5fbd02455074bc1c97d16dfa7262
2023-03-26 14:04:20,True,3.594e-05,1.097e-08,200000.0,0.0219,0xf8...6d98,https://bscscan.com/tx/0x821862a61a90f9fa6ea24a49fe40b1dfe0a5a92968146f401fa7eb0cc30d7815
2023-03-26 14:04:17,True,3.594e-05,1.097e-08,200000.0,0.0219,0xf8...6d98,https://bscscan.com/tx/0x821862a61a90f9fa6ea24a49fe40b1dfe0a5a92968146f401fa7eb0cc30d7815
2023-03-26 14:04:14,True,3.59e-05,1.095e-08,100000000.0,10.9584,0xbd...9333,https://bscscan.com/tx/0x02f064fd8489e10c71d280aa80ab889c2f758c7df07efaad6eb38200438244b1
2023-03-26 14:03:29,False,3.569e-05,1.089e-08,20528785.0,2.23624,0x20...bfc8,https://bscscan.com/tx/0x9582c05e45065b302f033571a895f1ee0440e67b0b938f62c3ca3f6d04d7eba1
2023-03-26 14:03:29,False,3.569e-05,1.089e-08,112213.0,0.0122,0x20...bfc8,https://bscscan.com/tx/0x9582c05e45065b302f033571a895f1ee0440e67b0b938f62c3ca3f6d04d7eba1
2023-03-26 14:03:05,True,3.587e-05,1.094e-08,5151551.0,0.564,0x6b...9f5d,https://bscscan.com/tx/0xc125de0a160b274c3b5aa306c54f0b2033d39f105cd9057bcd0f8074b6c46af0
2023-03-26 14:03:05,True,3.586e-05,1.094e-08,18084047.0,1.97963,0xcc...0331,https://bscscan.com/tx/0xb66fd34e7585e030e107f7cca58cb013cbbb7eb09ff26972ac65dcf5d6437486
2023-03-26 14:02:56,True,3.565e-05,1.094e-08,5148442.0,0.5634,0x6b...9f5d,https://bscscan.com/tx/0xc74c7f30021932386f6f17ffa8ee38e5f03b3d4dbfdabd44a6016045aa503cd7
2023-03-26 14:02:47,True,3.565e-05,1.094e-08,5014500.0,0.5487,0x6b...9f5d,https://bscscan.com/tx/0x0134f1cacab2a429e0e66049e3bb33bbfd56cee19bc5da2d740c3049d66f2fbc
2023-03-26 14:02:26,True,3.565e-05,1.094e-08,5161770.0,0.5647,0x6b...9f5d,https://bscscan.com/tx/0xcd5c07d00309e44e2721c9c8cee3befd71767ae3adbb31448ec41853477a82bc
2023-03-26 14:01:47,False,3.547e-05,1.088e-08,2991000.0,0.3256,0x9c...209a,https://bscscan.com/tx/0x26652d9d49ad6604379aecef0103a96395b5edd7bcd69aacefc2f9693112fe91
2023-03-26 14:01:47,False,3.547e-05,1.088e-08,82118.7,0.0089,0x9c...209a,https://bscscan.com/tx/0x26652d9d49ad6604379aecef0103a96395b5edd7bcd69aacefc2f9693112fe91
2023-03-26 14:01:47,True,3.565e-05,1.094e-08,5028537.0,0.5501,0x6b...9f5d,https://bscscan.com/tx/0xf8a88026846dbc0758754a0607ef5a6c91fe52b06b1bc9ff7518723b5fffd591
2023-03-26 14:01:23,True,3.565e-05,1.093e-08,5197127.0,0.5685,0x6b...9f5d,https://bscscan.com/tx/0xe9939284e19e7e705b03d8ce742efd1709527df89822ee2431900ecdaf4a15e0
2023-03-26 14:01:14,True,3.564e-05,1.093e-08,5135047.0,0.5616,0x6b...9f5d,https://bscscan.com/tx/0x600134913f663d7806997a47e59ceb0860f5b282b22cbf0b90b2dd4886f8ad66
2023-03-26 14:00:17,True,3.581e-05,1.093e-08,5029086.0,0.55,0x6b...9f5d,https://bscscan.com/tx/0xd095a4ffa7d4107a2f21bbe8bb3c4ab2ba9e58d578f08d39705d94d99aa5865e
2023-03-26 13:58:32,True,3.576e-05,1.093e-08,5024534.0,0.5494,0x6b...9f5d,https://bscscan.com/tx/0x94563251b2b3ef2b2793f3e8f7df38d76de05d5507c9a579183bc966a13537c9
2023-03-26 13:58:20,False,3.556e-05,1.088e-08,4985000.0,0.5423,0x78...39b8,https://bscscan.com/tx/0x0137f983cad93ed4c713ff265651ed9275e571375ae4945b2149f485e7b674df
2023-03-26 13:58:20,False,3.557e-05,1.088e-08,8711.43,9.478e-05,0x78...39b8,https://bscscan.com/tx/0x0137f983cad93ed4c713ff265651ed9275e571375ae4945b2149f485e7b674df
2023-03-26 13:57:47,True,3.557e-05,1.093e-08,1206392.0,0.1319,0x0b...e88f,https://bscscan.com/tx/0x76a001c1707a9a515ce81b7602bbd57f33feb7da851aa1952696d49dbafe8c3b
2023-03-26 13:57:20,False,3.556e-05,1.088e-08,2014005.0,0.2191,0x49...dfa3,https://bscscan.com/tx/0xc330be24e0cc850408cdc5649ef4a9725f1f878ad6522b576fd4c10b80c7186c
2023-03-26 13:57:20,False,3.556e-05,1.088e-08,3112.06,3.386e-05,0x49...dfa3,https://bscscan.com/tx/0xc330be24e0cc850408cdc5649ef4a9725f1f878ad6522b576fd4c10b80c7186c
2023-03-26 13:56:02,True,3.556e-05,1.093e-08,239759.0,0.0262,0x5e...2bb6,https://bscscan.com/tx/0x5b02740f26db62b8c3db7b989303a650af17f946c7c6ef5c1fc261298ae162f0
2023-03-26 13:54:44,True,3.555e-05,1.093e-08,397950.0,0.0435,0x49...646c,https://bscscan.com/tx/0xe28cf880208d4bdb225066763c6e2f4140b76f3497136c7b84e16e9d01958cfe
2023-03-26 13:53:26,False,3.554e-05,1.088e-08,513362.0,0.0558,0x77...8d70,https://bscscan.com/tx/0xbff00b4283cd81210c77e78c1499b83ad5ea8bb0ca7ee28ee4de6a343dc1af83
2023-03-26 13:53:26,False,3.554e-05,1.088e-08,2970.0,3.231e-05,0x77...8d70,https://bscscan.com/tx/0xbff00b4283cd81210c77e78c1499b83ad5ea8bb0ca7ee28ee4de6a343dc1af83
2023-03-26 13:50:53,False,3.536e-05,1.088e-08,1096700.0,0.1193,0x77...8d70,https://bscscan.com/tx/0x208c64276aecf2da3aab75a8590d0ed24691fa616fd156f26adf34a2f5d5d815
2023-03-26 13:50:53,False,3.536e-05,1.088e-08,562432.0,0.0612,0x77...8d70,https://bscscan.com/tx/0x208c64276aecf2da3aab75a8590d0ed24691fa616fd156f26adf34a2f5d5d815
2023-03-26 13:50:50,True,3.554e-05,1.093e-08,13383963.0,1.46347,0xd4...cc47,https://bscscan.com/tx/0xc9756f9b5a893c4c96a469cf6baf03b4b51dcc10fc55c432742785674417ae05
2023-03-26 13:50:47,True,3.553e-05,1.093e-08,6640751.0,0.7259,0x00...2a8d,https://bscscan.com/tx/0xda5d7a75708e6852e95f3ae5c45761eacca2979a4e149ae6957436d98726635a
2023-03-26 13:50:47,True,3.552e-05,1.092e-08,8425088.0,0.9208,0x00...3cb8,https://bscscan.com/tx/0xeccf5f3f59aec1c4a9919777e3e2f08eef243f56e30dfd2fdd12b2e428742358
2023-03-26 13:50:47,False,3.542e-05,1.089e-08,194339384.0,21.1828,0x66...1302,https://bscscan.com/tx/0xc437914145027e2d4fe9268464a8891d784720a276269446eb553698c055ed24
2023-03-26 13:50:47,False,3.551e-05,1.092e-08,7570.33,8.271e-05,0x66...1302,https://bscscan.com/tx/0xc437914145027e2d4fe9268464a8891d784720a276269446eb553698c055ed24
2023-03-26 13:48:17,True,3.566e-05,1.098e-08,2732202.0,0.3,0x65...8039,https://bscscan.com/tx/0x754cfed851a9b5637cd3aac71ce17ba832807e1d6f549be30e185c0659b2ce4f
2023-03-26 13:45:38,False,3.553e-05,1.092e-08,71410.7,0.0078,0x44...ff0f,https://bscscan.com/tx/0x9fefa95004897d2465e57c3d7dd020dbee4ee8d5e796fdfada8ea4a89fc169d0
2023-03-26 13:45:38,False,3.553e-05,1.092e-08,11287.3,0.0012,0x44...ff0f,https://bscscan.com/tx/0x9fefa95004897d2465e57c3d7dd020dbee4ee8d5e796fdfada8ea4a89fc169d0
2023-03-26 13:45:14,True,3.571e-05,1.097e-08,910773.0,0.1,0x65...8039,https://bscscan.com/tx/0xd8994320aa72a532bc3536eb5e80bc314c6281e2c20f58b2a84224c04768d8c7
2023-03-26 13:44:59,True,3.572e-05,1.097e-08,388888.0,0.0427,0xf4...0c2b,https://bscscan.com/tx/0x9d883430c8716d588cd62be13d0eb38bdbd381a61f36f2f4df09dbaeaf054a3b
2023-03-26 13:42:08,True,3.575e-05,1.098e-08,2346228.0,0.2577,0x9b...6632,https://bscscan.com/tx/0xe4028b0c4880489d5e926e94cf56f86f022c36292318d7d749c3e92b27f4e399
2023-03-26 13:37:47,True,3.592e-05,1.097e-08,300579.0,0.033,0x47...ce9b,https://bscscan.com/tx/0xd38be786b9e3c43b3f2df7271afc17d0869935ab2dd458797523db8e8426cfcc
2023-03-26 13:36:50,True,3.592e-05,1.097e-08,9614.7,0.001,0x80...2e30,https://bscscan.com/tx/0xb29151cf29de0d86971e2ae9de3a6c77705d0016643032755ec00582b40ab10d
2023-03-26 13:33:48,False,3.574e-05,1.092e-08,223717.0,0.0244,0x37...0768,https://bscscan.com/tx/0x24d8264373240983531ea28ee26c4cad7f8b91407b004c35e6e8e4f7380d46e1
2023-03-26 13:33:48,False,3.574e-05,1.092e-08,3861.0,4.217e-05,0x37...0768,https://bscscan.com/tx/0x24d8264373240983531ea28ee26c4cad7f8b91407b004c35e6e8e4f7380d46e1
2023-03-26 13:30:48,False,3.574e-05,1.092e-08,1425710.0,0.1557,0x4f...ba15,https://bscscan.com/tx/0x486ad9bd4871aea5b2928769ef05c5479af6703b90fc4aa722c607de411fd4de
2023-03-26 13:30:48,False,3.574e-05,1.092e-08,5968.67,6.52e-05,0x4f...ba15,https://bscscan.com/tx/0x486ad9bd4871aea5b2928769ef05c5479af6703b90fc4aa722c607de411fd4de
2023-03-26 13:29:35,False,3.556e-05,1.092e-08,2203987.0,0.2407,0x58...d9f7,https://bscscan.com/tx/0x80eae25a6563a0b700e86bf5da6a2c635f4246f537f3e6f67a5fab5560121ca0
2023-03-26 13:29:35,False,3.556e-05,1.092e-08,762988.0,0.0833,0x58...d9f7,https://bscscan.com/tx/0x80eae25a6563a0b700e86bf5da6a2c635f4246f537f3e6f67a5fab5560121ca0
2023-03-26 13:29:32,True,3.574e-05,1.097e-08,702982.0,0.0771,0x4a...9897,https://bscscan.com/tx/0xc45282ff323e65b536f32de53ff22e5d0acce884cb69b60fe890092c67933936
2023-03-26 13:26:59,True,3.592e-05,1.097e-08,1474283.0,0.1618,0xbb...c106,https://bscscan.com/tx/0x57bcc889f99efb86a56e4c89aa06eedbcfe53e3039e01e3e9c4f2b85423a51a4
2023-03-26 13:26:38,True,3.592e-05,1.097e-08,4555032.0,0.5,0xcf...496d,https://bscscan.com/tx/0x13adaea33c25a6379ae03751cfff34b030cde44de523dcb6e7764acd17469f42
2023-03-26 13:26:29,True,3.591e-05,1.097e-08,12706697.0,1.39475,0xbb...c7bd,https://bscscan.com/tx/0x36c9b20f39b663039c3ce0f920b16057a7e57d9637fbd708c2058359fe916bd2
2023-03-26 13:26:29,False,3.585e-05,1.095e-08,279569767.0,30.6333,0x3a...438d,https://bscscan.com/tx/0x2fed39c69ed70c19ff5495dc6911c16853d68a4e9d92dfc8e7df42249faba66c
2023-03-26 13:26:29,False,3.597e-05,1.099e-08,5400.0,5.937e-05,0x3a...438d,https://bscscan.com/tx/0x2fed39c69ed70c19ff5495dc6911c16853d68a4e9d92dfc8e7df42249faba66c
2023-03-26 13:25:38,False,3.597e-05,1.099e-08,1994000.0,0.2192,0xd2...206e,https://bscscan.com/tx/0x92bfbce2c2f27fb945dc0dd6580991f1a9545cf10441abd8a036527e1996be13
2023-03-26 13:25:38,False,3.597e-05,1.099e-08,27000.0,0.0029,0xd2...206e,https://bscscan.com/tx/0x92bfbce2c2f27fb945dc0dd6580991f1a9545cf10441abd8a036527e1996be13
2023-03-26 13:24:17,False,3.598e-05,1.099e-08,9970000.0,1.09636,0xc5...56e0,https://bscscan.com/tx/0x5179717a86a35f0f885ffab1727f055c677dbdea106687f5fdc5b2411f65b090
2023-03-26 13:24:17,False,3.598e-05,1.099e-08,5400.0,5.938e-05,0xc5...56e0,https://bscscan.com/tx/0x5179717a86a35f0f885ffab1727f055c677dbdea106687f5fdc5b2411f65b090
2023-03-26 13:24:14,False,3.598e-05,1.099e-08,1994000.0,0.2193,0x74...d7f4,https://bscscan.com/tx/0x7441d45d548644df39a416d91c23fdafa1b023b6f355e81781ca053fef58d9f5
2023-03-26 13:24:14,False,3.598e-05,1.099e-08,11844.6,0.0013,0x74...d7f4,https://bscscan.com/tx/0x7441d45d548644df39a416d91c23fdafa1b023b6f355e81781ca053fef58d9f5
2023-03-26 13:22:05,True,3.618e-05,1.105e-08,8082.48,8.938e-05,0xbc...f634,https://bscscan.com/tx/0x0f08cb5f71769b2280a664cd27d4b386091d66308a193b5c34085b3fa74ea0f3
2023-03-26 13:19:17,True,3.599e-05,1.105e-08,2062218.0,0.2279,0x73...83a1,https://bscscan.com/tx/0x8e65b65950cd19cb4dc3968d19aef729ce063e08a4f68322110fc5e6485dfe44
2023-03-26 13:17:38,False,3.596e-05,1.099e-08,2309630.0,0.254,0xcd...95ca,https://bscscan.com/tx/0xcac7a68bc045aa6aade9590845d3aedcac92d7ac0d82b40962c7e827956a5a19
2023-03-26 13:17:38,False,3.596e-05,1.099e-08,1096.02,1.205e-05,0xcd...95ca,https://bscscan.com/tx/0xcac7a68bc045aa6aade9590845d3aedcac92d7ac0d82b40962c7e827956a5a19
2023-03-26 13:16:08,False,3.596e-05,1.099e-08,404717.0,0.0445,0x71...0049,https://bscscan.com/tx/0xd928cbb25790d22ffdcedc7723d8488095f5b7add8dbbf5b45a84c3f2fa7de2a
2023-03-26 13:16:08,False,3.596e-05,1.099e-08,34188.9,0.0037,0x71...0049,https://bscscan.com/tx/0xd928cbb25790d22ffdcedc7723d8488095f5b7add8dbbf5b45a84c3f2fa7de2a
2023-03-26 13:11:53,True,3.595e-05,1.105e-08,9200000.0,1.01684,0x4e...b5ed,https://bscscan.com/tx/0xdf8b9fa925ab1fc34002638660631a615a9796ad7363b36eafd5b5174a303ea1
2023-03-26 13:06:59,False,3.575e-05,1.099e-08,2930825.0,0.3222,0x8d...af4a,https://bscscan.com/tx/0x8ff279fc73bfd53117b9d0098f4d17b807eb5e69c8854c3ed688169effec1cc8
2023-03-26 13:06:59,False,3.576e-05,1.099e-08,9789.07,0.001,0x8d...af4a,https://bscscan.com/tx/0x8ff279fc73bfd53117b9d0098f4d17b807eb5e69c8854c3ed688169effec1cc8
2023-03-26 13:06:23,True,3.611e-05,1.105e-08,1687483.0,0.1865,0x63...3367,https://bscscan.com/tx/0xefc571ebbe6dfaaf05699d82d07d26874dcce1b3077cb2a1a3e2b6c407db6ba8
2023-03-26 12:58:11,True,3.593e-05,1.105e-08,1384586.0,0.153,0xb4...dfde,https://bscscan.com/tx/0xc43cdb3b2dacef1c1bc5666dceb92348f2b85542022062ab4346fc127f20ae6f
2023-03-26 12:58:08,False,3.575e-05,1.099e-08,551852.0,0.0606,0x91...27e4,https://bscscan.com/tx/0x4338e1f541c32f9049e678c21230320a4b3dbf6ffa16670a899061be6d880c86
2023-03-26 12:58:08,False,3.575e-05,1.099e-08,1805.75,1.985e-05,0x91...27e4,https://bscscan.com/tx/0x4338e1f541c32f9049e678c21230320a4b3dbf6ffa16670a899061be6d880c86
2023-03-26 12:53:38,False,3.593e-05,1.099e-08,512762.0,0.0563,0x87...0c59,https://bscscan.com/tx/0xe0698e81002a10a7b4250317206e28b9551385e93dea6f6981ce6c1fbc2eb1ea
2023-03-26 12:53:38,False,3.593e-05,1.099e-08,66768.4,0.0073,0x87...0c59,https://bscscan.com/tx/0xe0698e81002a10a7b4250317206e28b9551385e93dea6f6981ce6c1fbc2eb1ea
2023-03-26 12:51:56,True,3.591e-05,1.105e-08,5907065.0,0.6527,0xd9...c96a,https://bscscan.com/tx/0xcb4087b9e37686a42531efb4ec3f04690683e50cc98a39619af46c6b70995b76
2023-03-26 12:48:44,True,3.609e-05,1.105e-08,30810.3,0.0034,0x17...75db,https://bscscan.com/tx/0xf548f0d065853199bac4558e41c31a9e051442f54a93d49ebc947aec89458e4d
2023-03-26 12:40:53,True,3.61e-05,1.105e-08,50000.0,0.0055,0xad...0e06,https://bscscan.com/tx/0x1046ae419a3318becf40d93d8de3ff75f40e048162bb666e7233e96bfcc95746
2023-03-26 12:40:47,False,3.575e-05,1.099e-08,15952000.0,1.75424,0x46...c1ef,https://bscscan.com/tx/0x16cf6589679d21655877e3692ab62ff8ac6754e90da2a7cda06c97beb0f918d0
2023-03-26 12:40:47,False,3.576e-05,1.099e-08,217525.0,0.0239,0x46...c1ef,https://bscscan.com/tx/0x16cf6589679d21655877e3692ab62ff8ac6754e90da2a7cda06c97beb0f918d0
2023-03-26 12:39:26,False,3.597e-05,1.1e-08,80191133.0,8.82901,0x7e...c977,https://bscscan.com/tx/0x64afd0990caa7e8b5fceda508b1846cce78cf3d81af88596c1b9ba0d0a241401
2023-03-26 12:39:26,False,3.601e-05,1.102e-08,69989.3,0.0077,0x7e...c977,https://bscscan.com/tx/0x64afd0990caa7e8b5fceda508b1846cce78cf3d81af88596c1b9ba0d0a241401
2023-03-26 12:39:23,True,3.619e-05,1.107e-08,115268.0,0.0127,0x4c...845e,https://bscscan.com/tx/0x4a1dd6efc7e175dfe43762a0df74a32622bfa35a8671daac17d756938326eb59
2023-03-26 12:38:41,True,3.601e-05,1.107e-08,2708638.0,0.3,0x9d...410c,https://bscscan.com/tx/0x20530d7dd719632cb4cbc261c6735fa654165b00fa192950b34f3cefa7cf1e5f
2023-03-26 12:38:08,True,3.619e-05,1.107e-08,185469.0,0.0205,0xea...d827,https://bscscan.com/tx/0xec78291fd753ee0cca7b9208bf0d1a0bbb580217086ab711294fcd8ce467a135
2023-03-26 12:35:17,False,3.601e-05,1.102e-08,18957025.0,2.08954,0xc0...1f4f,https://bscscan.com/tx/0x034df39611e85a21211cbb3f6a9ec5aa13934f18282f3d27993e01128a289acb
2023-03-26 12:35:17,False,3.602e-05,1.102e-08,32156.8,0.0035,0xc0...1f4f,https://bscscan.com/tx/0x034df39611e85a21211cbb3f6a9ec5aa13934f18282f3d27993e01128a289acb
2023-03-26 12:34:44,False,3.602e-05,1.102e-08,2953260.0,0.3256,0x6b...9f5d,https://bscscan.com/tx/0x8adb02fdcc5c74432e668045521a0995349021e1af017b4b17c55be653929ed7
2023-03-26 12:34:44,False,3.602e-05,1.102e-08,13723.3,0.0015,0x6b...9f5d,https://bscscan.com/tx/0x8adb02fdcc5c74432e668045521a0995349021e1af017b4b17c55be653929ed7
2023-03-26 12:34:23,False,3.602e-05,1.102e-08,5067459.0,0.5587,0x6b...9f5d,https://bscscan.com/tx/0x97b6b820583f15b6003789b74045df39041c8b81a2cfb5285938b5bc4c560d84
2023-03-26 12:34:23,False,3.603e-05,1.102e-08,13733.8,0.0015,0x6b...9f5d,https://bscscan.com/tx/0x97b6b820583f15b6003789b74045df39041c8b81a2cfb5285938b5bc4c560d84
2023-03-26 12:34:17,False,3.603e-05,1.102e-08,5071315.0,0.5592,0x6b...9f5d,https://bscscan.com/tx/0x346a0f804e8538fac03593120edea6ba565fc599b26acfe38973c40529b2f1b5
2023-03-26 12:34:17,False,3.603e-05,1.102e-08,13598.9,0.0015,0x6b...9f5d,https://bscscan.com/tx/0x346a0f804e8538fac03593120edea6ba565fc599b26acfe38973c40529b2f1b5
2023-03-26 12:34:08,False,3.603e-05,1.102e-08,5021531.0,0.5538,0x6b...9f5d,https://bscscan.com/tx/0x1edfdb3fb8b0683024460df5055762b76b453ee51328daed04bacc8aacfdfcef
2023-03-26 12:34:08,False,3.604e-05,1.102e-08,14000.6,0.0015,0x6b...9f5d,https://bscscan.com/tx/0x1edfdb3fb8b0683024460df5055762b76b453ee51328daed04bacc8aacfdfcef
2023-03-26 12:33:59,False,3.604e-05,1.103e-08,5169862.0,0.5702,0x6b...9f5d,https://bscscan.com/tx/0xb905dac1cde3b45be97d3cab9ab5ca8ca2bb6ff5301174d343c9254d15c026ab
2023-03-26 12:33:59,False,3.604e-05,1.103e-08,13692.9,0.0015,0x6b...9f5d,https://bscscan.com/tx/0xb905dac1cde3b45be97d3cab9ab5ca8ca2bb6ff5301174d343c9254d15c026ab
2023-03-26 12:33:50,False,3.586e-05,1.103e-08,5056232.0,0.5578,0x6b...9f5d,https://bscscan.com/tx/0x39098a828ae5066e7755778c2482ac912c95da93512b4ae277f1beb96564d88c
2023-03-26 12:33:50,False,3.586e-05,1.103e-08,13571.1,0.0015,0x6b...9f5d,https://bscscan.com/tx/0x39098a828ae5066e7755778c2482ac912c95da93512b4ae277f1beb96564d88c
2023-03-26 12:33:41,False,3.587e-05,1.103e-08,5011265.0,0.5529,0x6b...9f5d,https://bscscan.com/tx/0x56c38e7032632944fa3782154080dc8ce336b3a868da1e6bf2999b050d7744cf
2023-03-26 12:33:41,False,3.587e-05,1.103e-08,15774.6,0.0017,0x6b...9f5d,https://bscscan.com/tx/0x56c38e7032632944fa3782154080dc8ce336b3a868da1e6bf2999b050d7744cf
2023-03-26 12:31:44,False,3.605e-05,1.103e-08,1994000.0,0.22,0x55...3fa9,https://bscscan.com/tx/0x2e66811422f2fb3be8751a5fd46cf766d9c4e930130f2157f38baae40ff02ab0
2023-03-26 12:31:44,False,3.605e-05,1.103e-08,670.032,7.393e-06,0x55...3fa9,https://bscscan.com/tx/0x2e66811422f2fb3be8751a5fd46cf766d9c4e930130f2157f38baae40ff02ab0
2023-03-26 12:31:08,False,3.605e-05,1.103e-08,247415.0,0.0273,0x47...7682,https://bscscan.com/tx/0xb5865ce914be943d7497744166fda20895c6ca285a6db7adaf03a16a40fa0a4a
2023-03-26 12:31:08,False,3.605e-05,1.103e-08,570.253,6.292e-06,0x47...7682,https://bscscan.com/tx/0xb5865ce914be943d7497744166fda20895c6ca285a6db7adaf03a16a40fa0a4a
2023-03-26 12:30:38,False,3.605e-05,1.103e-08,210571.0,0.0232,0x3f...fba7,https://bscscan.com/tx/0xe4e6490b87ac60e3b808f16fe7041bbea637c75df67d04a76b821c2658f3fc41
2023-03-26 12:30:38,False,3.605e-05,1.103e-08,13500.0,0.0014,0x3f...fba7,https://bscscan.com/tx/0xe4e6490b87ac60e3b808f16fe7041bbea637c75df67d04a76b821c2658f3fc41
2023-03-26 12:30:29,False,3.587e-05,1.103e-08,4985000.0,0.5501,0xfd...bf3a,https://bscscan.com/tx/0xb070f300bbc5f4fe4623225036cf50bd8976c11fea62ed9ff85e2f19d4228fbf
2023-03-26 12:30:29,False,3.587e-05,1.103e-08,30465.2,0.0033,0xfd...bf3a,https://bscscan.com/tx/0xb070f300bbc5f4fe4623225036cf50bd8976c11fea62ed9ff85e2f19d4228fbf
2023-03-26 12:29:41,False,3.588e-05,1.103e-08,11249561.0,1.24169,0x46...c1ef,https://bscscan.com/tx/0x8b1f4840ee90ed8588af15b3e410bc2fe05f6ed601681a1d1620c6f2e6c60f87
2023-03-26 12:29:41,False,3.589e-05,1.103e-08,197562.0,0.0218,0x46...c1ef,https://bscscan.com/tx/0x8b1f4840ee90ed8588af15b3e410bc2fe05f6ed601681a1d1620c6f2e6c60f87
2023-03-26 12:28:17,True,3.625e-05,1.109e-08,551700.0,0.0612,0xe5...2be7,https://bscscan.com/tx/0x791b990564712a68292d9700fcb77fb121655f4e42aac8fd77a830942e14dc26
2023-03-26 12:24:32,True,3.606e-05,1.109e-08,2756026.0,0.3057,0xc0...9097,https://bscscan.com/tx/0xb88ad062f51548beb18e945d96ff44ffdd747342d1c9f868ac375853218f87f8
