datetime,buy_order,price_USD,price_native,amount_token,total_native,maker,etherscan_url
2023-03-24 19:56:07,True,3.536e-05,1.105e-08,28181070.0,3.1165,0xc1...f4fe,https://bscscan.com/tx/0xd0d2109c325854f14211a4576f59ae1f2e40fe1f17e0c3cdd8d081f3f4658f17
2023-03-24 19:55:43,True,3.532e-05,1.105e-08,30085874.0,3.32478,0x20...946b,https://bscscan.com/tx/0x1143ac6c0b2c7c8db07f29438afd2cb4b97fc474ec3eb8489bba8f9c2ca7f94d
2023-03-24 19:55:25,True,3.529e-05,1.104e-08,5424307.0,0.5991,0x83...98c1,https://bscscan.com/tx/0x91277b1f4a08cc2aa1b859bd8ffe497b0265d758f86737fc4bed5f2377914833
2023-03-24 19:53:40,True,3.541e-05,1.104e-08,1448590.0,0.16,0xc3...afe4,https://bscscan.com/tx/0x1b06fa05b5402e4f4f65c52de74ab590a6f087d5bcd4002a40190dd044a15c89
2023-03-24 19:53:22,True,3.539e-05,1.104e-08,724314.0,0.08,0xd3...71e2,https://bscscan.com/tx/0x5ff8ab674a9fa346d6b20f92b5e6667bde0eb913d36f7bedbd7f19d8304563d3
2023-03-24 19:52:10,False,3.525e-05,1.099e-08,70566828.0,7.76177,0xcc...712e,https://bscscan.com/tx/0x97a4c3596ea4490cdcfe7a7e089fb1e9b1d0ad0eb3e875e4be9735b3b15dc822
2023-03-24 19:52:10,False,3.528e-05,1.1e-08,11244.1,0.0012,0xcc...712e,https://bscscan.com/tx/0x97a4c3596ea4490cdcfe7a7e089fb1e9b1d0ad0eb3e875e4be9735b3b15dc822
2023-03-24 19:47:19,True,3.546e-05,1.106e-08,426790.0,0.0472,0xe6...5760,https://bscscan.com/tx/0xe9c4bdf64b47ca6c20e050c0c7d93c7104d08c4b5ad17dc769a76fd846bbe603
2023-03-24 19:46:37,False,3.511e-05,1.1e-08,303184.0,0.0333,0x96...069c,https://bscscan.com/tx/0x7b16f1af4086ced96af3bf2330b636b7476a87c1e0ccf0fd97795ba4d4c78b6a
2023-03-24 19:46:37,False,3.511e-05,1.1e-08,121286.0,0.0133,0x96...069c,https://bscscan.com/tx/0x7b16f1af4086ced96af3bf2330b636b7476a87c1e0ccf0fd97795ba4d4c78b6a
2023-03-24 19:46:37,True,3.528e-05,1.106e-08,1129816.0,0.125,0x01...fcd3,https://bscscan.com/tx/0x7b2a056fdb1f9b1fe5ba482d9b5db41f090403ef5442a710e375601f9da598c1
2023-03-24 19:45:22,False,3.53e-05,1.101e-08,43659392.0,4.80875,0x55...5b8a,https://bscscan.com/tx/0x14e7f773cf16ac7cea917960b5031b6e67a14c9448a5fa9516d0adbea5db2652
2023-03-24 19:45:22,False,3.532e-05,1.102e-08,8100.0,8.926e-05,0x55...5b8a,https://bscscan.com/tx/0x14e7f773cf16ac7cea917960b5031b6e67a14c9448a5fa9516d0adbea5db2652
2023-03-24 19:43:07,False,3.531e-05,1.102e-08,2991000.0,0.3296,0x53...435b,https://bscscan.com/tx/0xbfbad2bd70d054e626685bee046e5ff4596d580bfe623a2708f0e07b4b345992
2023-03-24 19:43:07,False,3.531e-05,1.102e-08,355230.0,0.0391,0x53...435b,https://bscscan.com/tx/0xbfbad2bd70d054e626685bee046e5ff4596d580bfe623a2708f0e07b4b345992
2023-03-24 19:40:37,True,3.531e-05,1.107e-08,18056.5,0.002,0x0d...26f8,https://bscscan.com/tx/0xe01cae45ef11eb7f6bfc8596242aa05d6807b3ef6a13f0c8a70697a79caed5b2
2023-03-24 19:40:07,True,3.548e-05,1.107e-08,756374.0,0.0837,0x60...b8fa,https://bscscan.com/tx/0xfda34b3f7c067083d7005c20977d282d9284d902ff7022ff5a8291edb0213340
2023-03-24 19:40:01,True,3.548e-05,1.107e-08,576708.0,0.0638,0x54...f8df,https://bscscan.com/tx/0x0ed72fcce1c6db1a3bf22106c50e4a714fe88a059370ffd72b8659a102830719
2023-03-24 19:38:25,True,3.548e-05,1.107e-08,500000.0,0.0553,0x8a...4014,https://bscscan.com/tx/0x2e204d7849162cf6047defa9782e692aa58e3f7735ba1fd2ede64103ea65a832
2023-03-24 19:36:37,True,3.548e-05,1.107e-08,1022059.0,0.1132,0x9b...20fa,https://bscscan.com/tx/0xf7a14c7d664893705863ef31a3d47ebf80a5c7ad2efc5a4438881e57b33dd982
2023-03-24 19:36:10,True,3.548e-05,1.107e-08,3301103.0,0.3656,0x9b...20fa,https://bscscan.com/tx/0x1d00bd536d11d2304b0740b6d634132ca367d326b9ee433ef968323861bbeeea
2023-03-24 19:35:10,True,3.528e-05,1.107e-08,5132456.0,0.5683,0x9b...20fa,https://bscscan.com/tx/0x61c554f2ee65997895f19b9990cabd8e99df89a055b7036636ad0db16b4de337
2023-03-24 19:32:13,True,3.546e-05,1.107e-08,903086.0,0.1,0x74...1ac2,https://bscscan.com/tx/0x1cea8c5e84479dd21b00a32a4fd97e9c39db4bc71316499e30f5a6e0726bc460
2023-03-24 19:30:19,True,3.544e-05,1.106e-08,50322733.0,5.5688,0xfe...5ad3,https://bscscan.com/tx/0x57a63fab6c943c8f6a252cf3c040db75b906b2b551edef1db2611444853343b0
2023-03-24 19:30:10,True,3.541e-05,1.105e-08,28336926.0,3.13279,0xc1...f4fe,https://bscscan.com/tx/0x753bfcfdf384f106e1e6b6f695f7c74cd479b09dadae33c9ad1dddd942ffc25d
2023-03-24 19:30:01,True,3.538e-05,1.104e-08,30085725.0,3.32375,0x20...946b,https://bscscan.com/tx/0xa0163ea162ac6301a043a5bd862ca666657e0312a4f3d28138f956e1d1fa433b
2023-03-24 19:29:52,True,3.537e-05,1.104e-08,5087935.0,0.5618,0x6b...9f5d,https://bscscan.com/tx/0x0ea1943d9b4bf4d37861bdb3e39bc286430e891d17fcc40b475a714854242ae4
2023-03-24 19:29:46,True,3.538e-05,1.104e-08,1444591.0,0.1595,0xa6...da5f,https://bscscan.com/tx/0x0dfd221716971c1606b5133affaf09a8b23a7e17d91d9d776d0f6a10aa1ec0ea
2023-03-24 19:29:31,False,3.519e-05,1.098e-08,2991000.0,0.3286,0x74...d7f4,https://bscscan.com/tx/0xffc8d50c853e7752b0777d36222ae3e2c497ce1df98b6b61c7f82640b0d6dfc4
2023-03-24 19:29:31,False,3.519e-05,1.098e-08,242551.0,0.0266,0x74...d7f4,https://bscscan.com/tx/0xffc8d50c853e7752b0777d36222ae3e2c497ce1df98b6b61c7f82640b0d6dfc4
2023-03-24 19:28:04,True,3.536e-05,1.104e-08,5115927.0,0.5649,0x6b...9f5d,https://bscscan.com/tx/0xb05b1ada9d131dded32b2b83dffe2d6d03c6a983e6a2cb887cf62b732af47345
2023-03-24 19:27:55,True,3.536e-05,1.104e-08,5006114.0,0.5527,0x6b...9f5d,https://bscscan.com/tx/0x52cc8764a493b802a53a0a59137b22dd014e0a41d35d4932470341e92974b1d2
2023-03-24 19:27:49,True,3.518e-05,1.103e-08,5096978.0,0.5626,0x6b...9f5d,https://bscscan.com/tx/0x1452b18fd218b3a9cc49abcc7e73bd4ba0f85ffcc995603e9879ace8ffa96d96
2023-03-24 19:27:43,True,3.518e-05,1.103e-08,994682.0,0.1098,0x58...c33d,https://bscscan.com/tx/0x08cdedfab507579e97d0095fba22f3a95aa89a181c4279f8622069c32ae9e449
2023-03-24 19:27:43,True,3.517e-05,1.103e-08,5121250.0,0.5652,0x6b...9f5d,https://bscscan.com/tx/0x6b2dc575d433d9583a93837a4d2379cabd43e513f06528b513c99e6384554fe0
2023-03-24 19:27:37,True,3.535e-05,1.103e-08,5062169.0,0.5586,0x6b...9f5d,https://bscscan.com/tx/0x459d1adda0fffd75e5fc92e4b2b38a3bcc9a252b7c796a9016ef8bb31f4191d0
2023-03-24 19:27:28,True,3.534e-05,1.103e-08,5117070.0,0.5646,0x6b...9f5d,https://bscscan.com/tx/0xf271a5a3c0e84d5171d20f7731dd63bc86e8312e7daa51a1c8db48da03a0cfe5
2023-03-24 19:27:22,True,3.516e-05,1.103e-08,5027180.0,0.5546,0x6b...9f5d,https://bscscan.com/tx/0x0727511746c067a7d8365c757a2c0484612f872a6d823c732be875cdc6f096ea
2023-03-24 19:27:16,True,3.516e-05,1.103e-08,5178894.0,0.5713,0x6b...9f5d,https://bscscan.com/tx/0x910a5ccdf78088f2b4f3933a5a0ba7aa223042af9c2c6ade6fd8ec0c4d6fe2c1
2023-03-24 19:27:10,True,3.516e-05,1.103e-08,1178475.0,0.13,0x01...fcd3,https://bscscan.com/tx/0xb8b99008b0bcacd968b2242344fd2bf92acab789111d5a352e6e467af7150e02
2023-03-24 19:26:07,False,3.5e-05,1.098e-08,46794159.0,5.13905,0x6b...1747,https://bscscan.com/tx/0x5e6bf07a5ec945867d0a5f81c49b2188f37e4499c6e568834dd406834a8fec19
2023-03-24 19:26:07,False,3.502e-05,1.098e-08,930440.0,0.1022,0x6b...1747,https://bscscan.com/tx/0x5e6bf07a5ec945867d0a5f81c49b2188f37e4499c6e568834dd406834a8fec19
2023-03-24 19:25:40,True,3.519e-05,1.104e-08,150000.0,0.0165,0x8c...e4f2,https://bscscan.com/tx/0x59592cbb08d7d707927128a3e1e38b48e069e9aab148cc65f5e1980f2f99efe1
2023-03-24 19:25:22,True,3.537e-05,1.104e-08,4000000.0,0.4417,0xe4...9432,https://bscscan.com/tx/0xedd54019294a571bc0b09395ddbe3d08937dd138bc4e2d9d536ce2629b7d4c96
2023-03-24 19:25:19,True,3.537e-05,1.104e-08,17121.5,0.0018,0xd6...6876,https://bscscan.com/tx/0x730711b4ab9a01c436da6a77f73feb88a53d7e524a1bd39200552bf7715e1c4a
2023-03-24 19:25:01,False,3.516e-05,1.103e-08,339418824.0,37.4496,0x44...ff0f,https://bscscan.com/tx/0x5a605d561ad7268b2225001cd9f357adb5ee48d0e87002823b368ced713a4d8b
2023-03-24 19:25:01,False,3.531e-05,1.107e-08,7332.58,8.124e-05,0x44...ff0f,https://bscscan.com/tx/0x5a605d561ad7268b2225001cd9f357adb5ee48d0e87002823b368ced713a4d8b
2023-03-24 19:23:07,False,3.533e-05,1.107e-08,2330786.0,0.2582,0x3e...06fe,https://bscscan.com/tx/0x42264d8e6ab145fd9b4da35a68f0fc55cb70471a84e5fbec9cd74f0ce3e969f8
2023-03-24 19:23:07,False,3.533e-05,1.107e-08,67904.2,0.0075,0x3e...06fe,https://bscscan.com/tx/0x42264d8e6ab145fd9b4da35a68f0fc55cb70471a84e5fbec9cd74f0ce3e969f8
2023-03-24 19:22:52,True,3.568e-05,1.113e-08,8981192.0,1.0,0x01...69e6,https://bscscan.com/tx/0xa4c2eaec4509ddcede2d51fe1aecc33f02b563f98d0567d3c7a65105a184586f
2023-03-24 19:22:07,True,3.549e-05,1.113e-08,13240777.0,1.47388,0x0b...c6a2,https://bscscan.com/tx/0x53c6a237bbb3e93030a3518d0495e647aef9b3c4faa17661b4f443d7907cbeac
2023-03-24 19:20:28,False,3.548e-05,1.107e-08,2918937.0,0.3232,0x56...74b8,https://bscscan.com/tx/0xa877efe2bd2005818dd9ba038a6f87c52353b2000b997609ba314d959347569f
2023-03-24 19:20:28,False,3.548e-05,1.107e-08,3602.18,3.989e-05,0x56...74b8,https://bscscan.com/tx/0xa877efe2bd2005818dd9ba038a6f87c52353b2000b997609ba314d959347569f
2023-03-24 19:19:34,False,3.531e-05,1.107e-08,1330139.0,0.1473,0x8e...4c52,https://bscscan.com/tx/0x5adc4e1e72371dc5c44014d7d48b4ff2603d52f78d2b1bb3ea6794f26a7f3ee0
2023-03-24 19:19:34,False,3.531e-05,1.107e-08,1201.5,1.33e-05,0x8e...4c52,https://bscscan.com/tx/0x5adc4e1e72371dc5c44014d7d48b4ff2603d52f78d2b1bb3ea6794f26a7f3ee0
2023-03-24 19:19:13,False,3.531e-05,1.107e-08,443665.0,0.0491,0xd6...b087,https://bscscan.com/tx/0x06876471f88a3c5e2536295ca0b3903d2ed6c175df9014d5441f1b345348554a
2023-03-24 19:19:13,False,3.531e-05,1.107e-08,126724.0,0.014,0xd6...b087,https://bscscan.com/tx/0x06876471f88a3c5e2536295ca0b3903d2ed6c175df9014d5441f1b345348554a
2023-03-24 19:15:45,False,3.552e-05,1.108e-08,46794159.0,5.18555,0x6b...1747,https://bscscan.com/tx/0xcc84e8c468eb6d0604554d5fde176969198c6cdbe0aaa16ec6d66afc3a1205c8
2023-03-24 19:15:45,False,3.554e-05,1.108e-08,6157.99,6.827e-05,0x6b...1747,https://bscscan.com/tx/0xcc84e8c468eb6d0604554d5fde176969198c6cdbe0aaa16ec6d66afc3a1205c8
2023-03-24 19:14:49,False,3.537e-05,1.108e-08,2273894.0,0.2521,0xdd...571b,https://bscscan.com/tx/0x17483fd2a28b94fd8511d316ebe3ec8d88c06b845e28be02a8b7d619875f7455
2023-03-24 19:14:49,False,3.537e-05,1.108e-08,6369.86,7.063e-05,0xdd...571b,https://bscscan.com/tx/0x17483fd2a28b94fd8511d316ebe3ec8d88c06b845e28be02a8b7d619875f7455
2023-03-24 19:12:36,False,3.528e-05,1.108e-08,2352129.0,0.2608,0x53...435b,https://bscscan.com/tx/0xe9b406f7bce894fdfc168c9c0f9c0bd771000a5a2cd599fabac31edde402e3ea
2023-03-24 19:12:36,False,3.528e-05,1.108e-08,13759.3,0.0015,0x53...435b,https://bscscan.com/tx/0xe9b406f7bce894fdfc168c9c0f9c0bd771000a5a2cd599fabac31edde402e3ea
2023-03-24 19:12:27,False,3.53e-05,1.108e-08,5080742.0,0.5634,0x13...053b,https://bscscan.com/tx/0xeb97034146ff13d80f5cdb5fb7f1702a67ca6e90e2e8741aaa5a2770e6e49465
2023-03-24 19:12:27,False,3.53e-05,1.109e-08,44758.1,0.0049,0x13...053b,https://bscscan.com/tx/0xeb97034146ff13d80f5cdb5fb7f1702a67ca6e90e2e8741aaa5a2770e6e49465
2023-03-24 19:12:04,True,3.549e-05,1.114e-08,94201.7,0.0105,0x36...0128,https://bscscan.com/tx/0xb9e0138cb37f1a9548df723e542afd8cd525925d7c47840ac32c4bbe36176f4b
2023-03-24 19:11:04,True,3.549e-05,1.114e-08,1892621.0,0.2109,0x7f...2e9f,https://bscscan.com/tx/0x0cd492117c876f5a5379be1ba18ebcef11f1cf6b30dacf1197b12b72ca2b3b96
2023-03-24 19:10:52,True,3.546e-05,1.114e-08,561103.0,0.0625,0x01...fcd3,https://bscscan.com/tx/0xe3cb0af1b9ad6f144f096917e34cfc572a1548bb6d4478ad1fb812f5274b47b1
2023-03-24 19:10:06,True,3.561e-05,1.114e-08,1612688.0,0.1797,0x13...053b,https://bscscan.com/tx/0x84221a851782f5fb396ee25bbc9cce3434e42f2d8c4bf8b27a0fd27dd6ef3836
2023-03-24 19:08:24,True,3.537e-05,1.114e-08,669041.0,0.0745,0x5e...815a,https://bscscan.com/tx/0x175808802494d3f3b4dcf4bac17713b50a1dc1725707b341a455a15537a4a003
2023-03-24 19:07:39,True,3.537e-05,1.114e-08,1689943.0,0.1883,0xf2...f488,https://bscscan.com/tx/0x48b44647592bdf1a6fdd49c732d110f086444e4cca1562a21a42cd8d6cb78262
2023-03-24 19:07:39,True,3.537e-05,1.114e-08,843882.0,0.094,0x01...fcd3,https://bscscan.com/tx/0x91d7a7c46bf8707e507cc2346eaa4248d9de469dafa12b669070c6f40d4e7ae1
2023-03-24 19:06:09,True,3.531e-05,1.114e-08,1509794.0,0.1682,0x38...cfbd,https://bscscan.com/tx/0xa76c1c141a8bd530d22f35167cda3f3f7493fccf8874587c9f49930ba61515ec
2023-03-24 19:05:42,True,3.55e-05,1.114e-08,7320919.0,0.8157,0x53...435b,https://bscscan.com/tx/0xd0a9a360231514ccad7b0d288ff65c6e55cc6518f60f96b8d36fbb7b971f819f
2023-03-24 19:04:36,False,3.53e-05,1.108e-08,381741.0,0.0423,0x0a...9108,https://bscscan.com/tx/0xb545d21b4968333c2429ba75ce7965fe766e60c7e9c7c1904c1c9c0b7c293ada
2023-03-24 19:04:36,False,3.53e-05,1.108e-08,24351.6,0.0027,0x0a...9108,https://bscscan.com/tx/0xb545d21b4968333c2429ba75ce7965fe766e60c7e9c7c1904c1c9c0b7c293ada
2023-03-24 19:04:30,False,3.531e-05,1.108e-08,8992054.0,0.997,0xc1...e030,https://bscscan.com/tx/0xd89160e6eb6ba9d988eb47f7196ac0db33c16bbe264728408e6cad21d74a8c40
2023-03-24 19:04:30,False,3.531e-05,1.108e-08,23247.5,0.0025,0xc1...e030,https://bscscan.com/tx/0xd89160e6eb6ba9d988eb47f7196ac0db33c16bbe264728408e6cad21d74a8c40
2023-03-24 19:02:57,False,3.532e-05,1.108e-08,8584354.0,0.952,0x32...da65,https://bscscan.com/tx/0xaa1e311e2f0710ceb59abbba88fe1fd463d1764f2a3f691d91303755accc7ac0
2023-03-24 19:02:57,False,3.532e-05,1.109e-08,129139.0,0.0143,0x32...da65,https://bscscan.com/tx/0xaa1e311e2f0710ceb59abbba88fe1fd463d1764f2a3f691d91303755accc7ac0
2023-03-24 19:02:03,True,3.531e-05,1.114e-08,1400000.0,0.156,0x8a...69cc,https://bscscan.com/tx/0x3c2b17e9f6e9a23cb3f0e4e74ffc061b35b552186222871722c0f2511cd7d0bc
2023-03-24 19:00:51,True,3.532e-05,1.114e-08,2816668.0,0.3139,0x5c...25d1,https://bscscan.com/tx/0x04ff88785a35110d26c573b3c12a1166683046bdada7169b8d731408ba80020f
2023-03-24 19:00:39,True,3.531e-05,1.114e-08,3026456.0,0.3373,0x38...cfbd,https://bscscan.com/tx/0xa9ee1914b5a32549f50c3e911566fae9dcae5d221c07aaaa61b0bacb2ff44920
2023-03-24 19:00:12,False,3.537e-05,1.109e-08,40464393.0,4.48941,0xb6...2c55,https://bscscan.com/tx/0x7ab69e91c7e0a6df0149cd9a5b2717c7dc030aa0c07370ff827c337b2ec0a81a
2023-03-24 19:00:12,False,3.539e-05,1.11e-08,369.466,4.101e-06,0xb6...2c55,https://bscscan.com/tx/0x7ab69e91c7e0a6df0149cd9a5b2717c7dc030aa0c07370ff827c337b2ec0a81a
2023-03-24 18:54:38,False,3.518e-05,1.11e-08,136429.0,0.0151,0x5c...8a29,https://bscscan.com/tx/0x5a4364fd69a2be6fc6af84d108df26c23e324bee226cc82aa611e35d0c177630
2023-03-24 18:54:38,False,3.518e-05,1.11e-08,9104.55,0.001,0x5c...8a29,https://bscscan.com/tx/0x5a4364fd69a2be6fc6af84d108df26c23e324bee226cc82aa611e35d0c177630
2023-03-24 18:52:17,True,3.554e-05,1.115e-08,247504.0,0.0276,0xc4...c5da,https://bscscan.com/tx/0xd100eeac787eb327f6e997b9ec6f30841b82f927898ca387079cec8378bb8764
2023-03-24 18:51:26,False,3.52e-05,1.11e-08,3115178.0,0.3458,0xf9...4bcc,https://bscscan.com/tx/0x0c3ad0dd29b62d69b077e5ad2649223e76acc6077df715dcb2a6e31e9ee654c2
2023-03-24 18:51:26,False,3.52e-05,1.11e-08,4531.86,5.03e-05,0xf9...4bcc,https://bscscan.com/tx/0x0c3ad0dd29b62d69b077e5ad2649223e76acc6077df715dcb2a6e31e9ee654c2
2023-03-24 18:50:56,True,3.557e-05,1.115e-08,966571.0,0.1078,0x33...7733,https://bscscan.com/tx/0x57f0da2f72b404f5547de9a600a992d8095f803f698448266a05709f0f89faa4
2023-03-24 18:50:32,False,3.521e-05,1.11e-08,709758.0,0.0787,0x0b...e7bd,https://bscscan.com/tx/0xf8280044edb615041896dd72760671b9c9c55006cd4277b644586881c7562892
2023-03-24 18:50:32,False,3.521e-05,1.11e-08,704.269,7.818e-06,0x0b...e7bd,https://bscscan.com/tx/0xf8280044edb615041896dd72760671b9c9c55006cd4277b644586881c7562892
2023-03-24 18:50:08,False,3.524e-05,1.11e-08,260058.0,0.0288,0x0e...8712,https://bscscan.com/tx/0x558c3aaa183cccaad4f316684d5ea99bcbc897ef87d4315ba02a3cf9f6bf0e60
2023-03-24 18:50:08,False,3.524e-05,1.11e-08,30307.3,0.0033,0x0e...8712,https://bscscan.com/tx/0x558c3aaa183cccaad4f316684d5ea99bcbc897ef87d4315ba02a3cf9f6bf0e60
2023-03-24 18:48:14,True,3.57e-05,1.115e-08,5331281.0,0.5947,0x74...631f,https://bscscan.com/tx/0xed014f187894f9e0c03025199f194c2473901b2410565c6bb2ba7d6f1ea16510
2023-03-24 18:45:56,True,3.55e-05,1.115e-08,1057808.0,0.118,0x75...d451,https://bscscan.com/tx/0x7ca599035bd4e9a856268b8271a29a695fa0f20049f0f42d420b3f2a6b072604
2023-03-24 18:45:53,True,3.568e-05,1.115e-08,488047.0,0.0544,0x7c...ed7d,https://bscscan.com/tx/0x434175641c2eba54c73edd6d96f8eefb04e53767d7a4495e0f6a601ead61f18c
2023-03-24 18:45:50,True,3.568e-05,1.115e-08,116541.0,0.013,0xdf...5589,https://bscscan.com/tx/0x76f4973bc79f40cd583a058cf9dd5c8a54e35efc997b091dfeac2abac20ca35c
2023-03-24 18:45:41,True,3.568e-05,1.115e-08,1731946.0,0.1931,0xd3...47f9,https://bscscan.com/tx/0xf8070a1d919d302fd988ebab547efca8e36a73ca6452a14e209b9bd5e4ce5712
2023-03-24 18:45:11,False,3.532e-05,1.109e-08,2312122.0,0.2566,0x19...0432,https://bscscan.com/tx/0xabea4bb8b9de86647a5b1370461251e1d173ea4bc6ecaf8ce3caa4b3d0ba62fb
2023-03-24 18:45:11,False,3.532e-05,1.109e-08,401528.0,0.0445,0x19...0432,https://bscscan.com/tx/0xabea4bb8b9de86647a5b1370461251e1d173ea4bc6ecaf8ce3caa4b3d0ba62fb
2023-03-24 18:44:56,True,3.567e-05,1.115e-08,9127048.0,1.01802,0x8c...092b,https://bscscan.com/tx/0x17961d59dc3c83dbf44edc0831db736e35aa7c4ed58affe340fb3bedbc0ed6bf
2023-03-24 18:44:41,True,3.561e-05,1.113e-08,134721154.0,15.0,0x8a...0720,https://bscscan.com/tx/0xb8fc8fbc20e746ccff5540b6c392c634abd475c1d5d1a251aa6fa9a7e188f8ee
2023-03-24 18:43:50,True,3.555e-05,1.111e-08,225014.0,0.025,0x46...8ab1,https://bscscan.com/tx/0xf090003f290b78072774fb14137cd455e3b35ba94721225bb2e402b170efc365
2023-03-24 18:41:03,True,3.545e-05,1.111e-08,4498417.0,0.5,0x67...a059,https://bscscan.com/tx/0x46870205acc28ea3d63592bb6339b86942135f7be069001d7e9b81dfd99829af
2023-03-24 18:37:08,False,3.546e-05,1.105e-08,141830.0,0.0156,0xe4...7c47,https://bscscan.com/tx/0x374b458d68b38d781171d81817fa996008b8bffa0c63669e0114fb0f6b06a4b9
2023-03-24 18:37:08,False,3.546e-05,1.105e-08,129973.0,0.0143,0xe4...7c47,https://bscscan.com/tx/0x374b458d68b38d781171d81817fa996008b8bffa0c63669e0114fb0f6b06a4b9
2023-03-24 18:37:02,True,3.564e-05,1.111e-08,44986.4,0.005,0xbe...cf73,https://bscscan.com/tx/0x4f00707ed17190fa4e23623f8e9ff0b53f83da7e7f0ae18142582bda4411cdee
2023-03-24 18:34:35,True,3.543e-05,1.111e-08,2795891.0,0.3107,0x7e...b69b,https://bscscan.com/tx/0xa336f07ce805524c7fe926a4625ef93cfb63699c79bb016e263a0fa70b3fa4ec
2023-03-24 18:34:17,True,3.561e-05,1.111e-08,20000.0,0.0022,0x57...88e5,https://bscscan.com/tx/0x46396b4e76b39c654e74896677bcece7098b90967930c098239b6f34a927861a
2023-03-24 18:33:35,True,3.543e-05,1.111e-08,2055638.0,0.2284,0x48...f0d7,https://bscscan.com/tx/0xe8c608cb47ef4657c7d1e859dab40aa6dd54fbbe679f458219a05e09fd0bb552
2023-03-24 18:32:59,True,3.561e-05,1.111e-08,200000.0,0.0222,0x78...02c7,https://bscscan.com/tx/0x9ca08cf083d4723bdd36d65abeb91ead7488d3778c9f464654b0e7ef0904454d
2023-03-24 18:32:59,True,3.561e-05,1.111e-08,451562.0,0.0501,0xdd...571b,https://bscscan.com/tx/0x80a195226978a07ed2341040389d4b05fe78dbc80068759d9d7c9b9c768b0339
2023-03-24 18:32:23,False,3.527e-05,1.106e-08,41501912.0,4.5914,0xab...3c42,https://bscscan.com/tx/0x7b4d3ffac0c245da5d7b32981daef848beed634ab4cece3faba85aa8a1a2a64b
2023-03-24 18:32:23,False,3.529e-05,1.106e-08,2632.54,2.913e-05,0xab...3c42,https://bscscan.com/tx/0x7b4d3ffac0c245da5d7b32981daef848beed634ab4cece3faba85aa8a1a2a64b
2023-03-24 18:31:50,False,3.544e-05,1.106e-08,446658.0,0.0494,0xbc...c872,https://bscscan.com/tx/0x37fbd0ca1eaab8f521d222b8eec7336bdee8171b4dc807383348e8a01d39ec7a
2023-03-24 18:31:50,False,3.544e-05,1.106e-08,4832.47,5.348e-05,0xbc...c872,https://bscscan.com/tx/0x37fbd0ca1eaab8f521d222b8eec7336bdee8171b4dc807383348e8a01d39ec7a
2023-03-24 18:31:14,False,3.526e-05,1.106e-08,1784435.0,0.1975,0x44...cde9,https://bscscan.com/tx/0xbb5258eba4f9cb48e6fa8098ea693d7dc90ba9e4afb02480f14a9fa553e31df8
2023-03-24 18:29:00,False,3.545e-05,1.107e-08,8081953.0,0.8947,0xd4...cc47,https://bscscan.com/tx/0xf7c20d6b31c95af8c91889eae789fad145bc6e48b9660cb000621683773c1487
2023-03-24 18:29:00,False,3.545e-05,1.107e-08,545470.0,0.0603,0xd4...cc47,https://bscscan.com/tx/0xf7c20d6b31c95af8c91889eae789fad145bc6e48b9660cb000621683773c1487
2023-03-24 18:28:57,True,3.563e-05,1.112e-08,449350.0,0.05,0xbc...c872,https://bscscan.com/tx/0xef24368ab9f1c5308bbd0658446b20a8c9e77f9fb63b5f9422246ae2f6077597
2023-03-24 18:27:57,True,3.563e-05,1.112e-08,733986.0,0.0816,0x47...4184,https://bscscan.com/tx/0xf8fc33d3f92eca911c3b79ccf964e0df6f9b904b8fe1ad73280b97e72b3b52f1
2023-03-24 18:27:48,True,3.555e-05,1.11e-08,180142950.0,20.0,0x8a...0720,https://bscscan.com/tx/0x9045c7301d974dd9b973d0b0541a0259b16b814a62f300df219a60d93d4f2697
2023-03-24 18:27:39,True,3.547e-05,1.107e-08,918008.0,0.1016,0xdd...571b,https://bscscan.com/tx/0xeffc767ad87a42887a000d7698b00d189b47b4df962f9dc8de616a2e16a850e2
2023-03-24 18:27:30,True,3.547e-05,1.107e-08,918029.0,0.1016,0xdd...571b,https://bscscan.com/tx/0x1fd40ea367e8c52abbd12ad13794f8b83a153b787031d0d53917d1ebc1d2e97e
2023-03-24 18:25:36,True,3.546e-05,1.107e-08,3069459.0,0.34,0x53...435b,https://bscscan.com/tx/0x3399fa0002534f6c70ba0ce076746f5fc13b3b7c8dff4df191dfaf429330d039
2023-03-24 18:24:21,False,3.538e-05,1.102e-08,235788.0,0.0259,0x2c...0da1,https://bscscan.com/tx/0x19a0ff641b948d9d415d8a8630d851b1457c33f680a2db19e6d5e1c7393f7f24
2023-03-24 18:24:21,False,3.538e-05,1.102e-08,137876.0,0.0152,0x2c...0da1,https://bscscan.com/tx/0x19a0ff641b948d9d415d8a8630d851b1457c33f680a2db19e6d5e1c7393f7f24
2023-03-24 18:24:12,True,3.556e-05,1.107e-08,1010000.0,0.1118,0xe8...00a0,https://bscscan.com/tx/0x20f9a0524391dfb23f23462d88807d520cec8600ad1c5b3007932f76c65f6b91
2023-03-24 18:24:06,False,3.541e-05,1.102e-08,49904992.0,5.50338,0x97...2157,https://bscscan.com/tx/0x064777cdb3f29571476b0b3025d0cb888fcd09172a33008120be431d8dcc6234
2023-03-24 18:24:06,False,3.543e-05,1.103e-08,16418.7,0.0018,0x97...2157,https://bscscan.com/tx/0x064777cdb3f29571476b0b3025d0cb888fcd09172a33008120be431d8dcc6234
2023-03-24 18:23:33,True,3.56e-05,1.108e-08,5616979.0,0.6228,0xd3...47f9,https://bscscan.com/tx/0x2c056294d924ae058e8fdbe7526b6b41b3e836d7fdc7460156acd163c6b3c322
2023-03-24 18:23:03,True,3.56e-05,1.108e-08,82141.1,0.0091,0x15...4042,https://bscscan.com/tx/0xf46576a5905fb5c73311f0e440c9f8ae7bed462a7a869ff8e29a5f146df0e561
2023-03-24 18:22:36,False,3.524e-05,1.103e-08,380720.0,0.042,0x03...2eb9,https://bscscan.com/tx/0xb704b66705fe47513f4085eaceee82c171d94c0820c3d702c04fa53dc752dd72
2023-03-24 18:22:36,False,3.524e-05,1.103e-08,541183.0,0.0597,0x03...2eb9,https://bscscan.com/tx/0xb704b66705fe47513f4085eaceee82c171d94c0820c3d702c04fa53dc752dd72
2023-03-24 18:21:51,True,3.542e-05,1.108e-08,7400450.0,0.8205,0x6b...e777,https://bscscan.com/tx/0xc228ff1638da2a47908fb97d47f586332babb04628632bba2a92d10dcf0b457b
2023-03-24 18:21:03,True,3.559e-05,1.108e-08,1309193.0,0.1451,0xdf...7213,https://bscscan.com/tx/0x4b3114075c21eb4b0d707c15a2737ed8315a8ee624c729fa10f478bbe85ab70c
2023-03-24 18:20:51,False,3.549e-05,1.105e-08,184445000.0,20.3919,0xac...ab74,https://bscscan.com/tx/0xc82ac2c2149a7b9172225d00185ef1fd3f2ab2ece1d25272c3681003dc33fe44
2023-03-24 18:20:51,False,3.557e-05,1.108e-08,85320.0,0.0094,0xac...ab74,https://bscscan.com/tx/0xc82ac2c2149a7b9172225d00185ef1fd3f2ab2ece1d25272c3681003dc33fe44
2023-03-24 18:20:27,True,3.575e-05,1.113e-08,10000000.0,1.1135,0x36...d1b8,https://bscscan.com/tx/0x2287a83e5ffb4805ce47c00af3dc74efb09648824139006f5a51aa71b09daf28
2023-03-24 18:20:24,False,3.557e-05,1.107e-08,9571200.0,1.06043,0x20...946b,https://bscscan.com/tx/0xed1e2e885bc335aa72a9d8045a0ccd586a591fa9304b5f8bd994942d669dcee5
2023-03-24 18:20:24,False,3.557e-05,1.108e-08,136465.0,0.0151,0x20...946b,https://bscscan.com/tx/0xed1e2e885bc335aa72a9d8045a0ccd586a591fa9304b5f8bd994942d669dcee5
2023-03-24 18:20:12,False,3.561e-05,1.108e-08,42016285.0,4.65811,0x05...7066,https://bscscan.com/tx/0x40439fef2160244402f38cb975fba4e4fd9a1cd25a81843b14f12bd6839f8dd4
2023-03-24 18:20:12,False,3.563e-05,1.109e-08,36800.5,0.004,0x05...7066,https://bscscan.com/tx/0x40439fef2160244402f38cb975fba4e4fd9a1cd25a81843b14f12bd6839f8dd4
2023-03-24 18:20:03,True,3.578e-05,1.114e-08,2779899.0,0.3098,0x7e...b69b,https://bscscan.com/tx/0xd7e4e0d403132e76193691e0832042bd91587060623355f0ebeb6efec10c9a64
2023-03-24 18:19:18,True,3.578e-05,1.114e-08,4051221.0,0.4515,0x89...3571,https://bscscan.com/tx/0x76bbe6bdb00025626cd43d97fd66cac4cb8e824071b8714317e1c3d214e1b449
2023-03-24 18:19:12,False,3.561e-05,1.109e-08,10817349.0,1.19984,0x05...7066,https://bscscan.com/tx/0x2bd05593ceb932c6f4ad07b194921740a203eadbc2ad09ba652b14eb15805aa6
2023-03-24 18:19:12,False,3.561e-05,1.109e-08,156977.0,0.0174,0x05...7066,https://bscscan.com/tx/0x2bd05593ceb932c6f4ad07b194921740a203eadbc2ad09ba652b14eb15805aa6
2023-03-24 18:19:00,False,3.564e-05,1.11e-08,57965081.0,6.43482,0x05...7066,https://bscscan.com/tx/0x9bccb54b00124026c1d33bd1cc115a14a8b9adb603a710546bcdc598f2e0f7f7
2023-03-24 18:19:00,False,3.566e-05,1.11e-08,270000.0,0.0299,0x05...7066,https://bscscan.com/tx/0x9bccb54b00124026c1d33bd1cc115a14a8b9adb603a710546bcdc598f2e0f7f7
2023-03-24 18:19:00,False,3.571e-05,1.112e-08,99700000.0,11.0894,0x9b...2220,https://bscscan.com/tx/0xa262c0da54ad4267df809f4421cbfc46736b807a762dcd498b09d0d266ec63f7
2023-03-24 18:19:00,False,3.575e-05,1.113e-08,51719.5,0.0057,0x9b...2220,https://bscscan.com/tx/0xa262c0da54ad4267df809f4421cbfc46736b807a762dcd498b09d0d266ec63f7
2023-03-24 18:18:48,False,3.559e-05,1.113e-08,19097913.0,2.12733,0xc0...1f4f,https://bscscan.com/tx/0xa03a342c96a58ddff0f8dce09236fb443876ecc1089af8b401c40a743b8cc1db
2023-03-24 18:18:48,False,3.56e-05,1.114e-08,294339.0,0.0327,0xc0...1f4f,https://bscscan.com/tx/0xa03a342c96a58ddff0f8dce09236fb443876ecc1089af8b401c40a743b8cc1db
2023-03-24 18:18:42,False,3.564e-05,1.115e-08,99700000.0,11.122,0x9b...2220,https://bscscan.com/tx/0x6a89c440887b10a942147fede693122798bd1f17b020ff82f590f0edf21ff18b
2023-03-24 18:18:42,False,3.569e-05,1.116e-08,23490.0,0.0026,0x9b...2220,https://bscscan.com/tx/0x6a89c440887b10a942147fede693122798bd1f17b020ff82f590f0edf21ff18b
2023-03-24 18:18:39,False,3.569e-05,1.117e-08,8673900.0,0.9689,0x20...946b,https://bscscan.com/tx/0x9974f90ba4417d5a42abd52f8f1ac2c6fdb92815e3fc729c53903076b83b4dcd
2023-03-24 18:18:39,False,3.57e-05,1.117e-08,35832.5,0.004,0x20...946b,https://bscscan.com/tx/0x9974f90ba4417d5a42abd52f8f1ac2c6fdb92815e3fc729c53903076b83b4dcd
2023-03-24 18:18:36,False,3.57e-05,1.117e-08,6950371.0,0.7765,0x05...7066,https://bscscan.com/tx/0x6aaecfb911b97635637b52f742a52ba51ffab0188949ac46ff75bb7978cb924f
2023-03-24 18:18:36,False,3.57e-05,1.117e-08,18822.5,0.0021,0x05...7066,https://bscscan.com/tx/0x6aaecfb911b97635637b52f742a52ba51ffab0188949ac46ff75bb7978cb924f
2023-03-24 18:18:21,False,3.573e-05,1.117e-08,6950371.0,0.7766,0x05...7066,https://bscscan.com/tx/0xe06a8be576b4ef24d01a922efde9fb7cac32ea892b2d0ba9c5f742b783e85684
2023-03-24 18:18:21,False,3.573e-05,1.117e-08,75927.6,0.0084,0x05...7066,https://bscscan.com/tx/0xe06a8be576b4ef24d01a922efde9fb7cac32ea892b2d0ba9c5f742b783e85684
2023-03-24 18:18:00,False,3.574e-05,1.117e-08,28036955.0,3.13433,0xc0...1f4f,https://bscscan.com/tx/0x18bd19afbb0869d1007e1e047162fa01a4968ff410c5e332378871c1a93de0bc
2023-03-24 18:18:00,False,3.576e-05,1.118e-08,737.937,8.252e-06,0xc0...1f4f,https://bscscan.com/tx/0x18bd19afbb0869d1007e1e047162fa01a4968ff410c5e332378871c1a93de0bc
2023-03-24 18:17:45,False,3.575e-05,1.118e-08,272490.0,0.0304,0x25...ba68,https://bscscan.com/tx/0x1d5a4f3821299f3e332aebe6822d38060d9d32b4e1135b55a6b35e5479969fa0
2023-03-24 18:17:45,False,3.575e-05,1.118e-08,32400.0,0.0036,0x25...ba68,https://bscscan.com/tx/0x1d5a4f3821299f3e332aebe6822d38060d9d32b4e1135b55a6b35e5479969fa0
2023-03-24 18:17:00,False,3.596e-05,1.118e-08,11964000.0,1.33816,0x20...946b,https://bscscan.com/tx/0xaaa60702cc0a8a1453074870eb39d112aabb0589163c5979b2eee11ececd715d
2023-03-24 18:17:00,False,3.596e-05,1.118e-08,3982.22,4.454e-05,0x20...946b,https://bscscan.com/tx/0xaaa60702cc0a8a1453074870eb39d112aabb0589163c5979b2eee11ececd715d
2023-03-24 18:16:57,False,3.596e-05,1.118e-08,1470470.0,0.1645,0x7b...aee6,https://bscscan.com/tx/0x3c2da02a9921799de3d28e55a87e51c334b558face78e91664685f6a984d3908
2023-03-24 18:16:57,False,3.596e-05,1.118e-08,2605.76,2.915e-05,0x7b...aee6,https://bscscan.com/tx/0x3c2da02a9921799de3d28e55a87e51c334b558face78e91664685f6a984d3908
2023-03-24 18:16:18,False,3.578e-05,1.118e-08,962200.0,0.1076,0x48...4529,https://bscscan.com/tx/0xd4c08c3e06460ac7a2e5cfb4451e83b463f0a33f5e3c647fae83d05967b6e91d
2023-03-24 18:16:18,False,3.578e-05,1.118e-08,703.565,7.87e-06,0x48...4529,https://bscscan.com/tx/0xd4c08c3e06460ac7a2e5cfb4451e83b463f0a33f5e3c647fae83d05967b6e91d
2023-03-24 18:14:42,False,3.578e-05,1.118e-08,259798.0,0.029,0x5c...1efd,https://bscscan.com/tx/0x6e4dbc804ba6adfeeb372c0c1b75748c3a3892998d442ffe5fe0f9a784227b4b
2023-03-24 18:14:42,False,3.578e-05,1.118e-08,1350.0,1.51e-05,0x5c...1efd,https://bscscan.com/tx/0x6e4dbc804ba6adfeeb372c0c1b75748c3a3892998d442ffe5fe0f9a784227b4b
2023-03-24 18:14:15,False,3.578e-05,1.118e-08,498500.0,0.0557,0xf8...dee6,https://bscscan.com/tx/0x995472cfa40311eeeb1f1be26bd45b8f84d9f9db4904b8fd88e97cf9f7e124fd
2023-03-24 18:14:15,False,3.578e-05,1.118e-08,55806.6,0.0062,0xf8...dee6,https://bscscan.com/tx/0x995472cfa40311eeeb1f1be26bd45b8f84d9f9db4904b8fd88e97cf9f7e124fd
2023-03-24 18:13:33,True,3.613e-05,1.124e-08,20000000.0,2.24816,0x36...d1b8,https://bscscan.com/tx/0x50a93698357621f14619b75da4fb4e2004ed3d344292882433d8a50cca7ae009
2023-03-24 18:12:57,True,3.612e-05,1.123e-08,106954.0,0.012,0x5b...1d58,https://bscscan.com/tx/0xeb65454b8c06a238c0e35ef0a8636ea5eb136635d069aac8f5cfb6533897a88e
2023-03-24 18:12:57,False,3.594e-05,1.118e-08,560481.0,0.0626,0x9a...3717,https://bscscan.com/tx/0xd7ea4938cfcdd8e4fabb33e6919b1becda5f9420945da060f7dfa8bb0b21e133
2023-03-24 18:12:57,False,3.594e-05,1.118e-08,241005.0,0.0269,0x9a...3717,https://bscscan.com/tx/0xd7ea4938cfcdd8e4fabb33e6919b1becda5f9420945da060f7dfa8bb0b21e133
2023-03-24 18:11:09,True,3.595e-05,1.123e-08,419166.0,0.0471,0x56...568c,https://bscscan.com/tx/0x4b4a70e60cfe3ba4fbad84de47aac030726d4e2f15d44174bf172ef74b50197a
2023-03-24 18:08:57,True,3.613e-05,1.123e-08,51158.1,0.0057,0xbf...639d,https://bscscan.com/tx/0x397bbc73d3bc265f11daabd750a11b0bc75ee7519fc8da51b4e2c0b0659fdb8d
2023-03-24 18:06:36,True,3.613e-05,1.123e-08,10.0,1.123e-07,0x50...4e0b,https://bscscan.com/tx/0xa9248964209610c51aab972a2856c067cd66c7596e5e76cf5ca2502593a4c094
2023-03-24 18:06:06,True,3.613e-05,1.123e-08,1330342.0,0.1495,0xbb...c106,https://bscscan.com/tx/0x13ab5b7013d9bfe78bb1130d69aee1d0c074a87b902375a29f93f5223fc765d5
2023-03-24 18:05:45,True,3.613e-05,1.123e-08,10.0,1.123e-07,0x50...4e0b,https://bscscan.com/tx/0xf3c5ff2749b4a713442f4f1d2e86f22c5e5b8c522c9f08f7020e704d1df40629
2023-03-24 18:05:33,False,3.599e-05,1.119e-08,87198032.0,9.76062,0x05...7066,https://bscscan.com/tx/0xbf403951c179463ae188b434868951a4b7ec2207c2b7c6b3d94f5c19468198cd
2023-03-24 18:05:33,False,3.603e-05,1.12e-08,42120.0,0.0047,0x05...7066,https://bscscan.com/tx/0xbf403951c179463ae188b434868951a4b7ec2207c2b7c6b3d94f5c19468198cd
2023-03-24 18:04:27,False,3.603e-05,1.12e-08,15553200.0,1.74317,0x20...946b,https://bscscan.com/tx/0xca88dd07a4aea7687268db99498253fdc6ffe229de5a2351f6bb64fee5daee39
2023-03-24 18:04:27,False,3.604e-05,1.12e-08,174729.0,0.0195,0x20...946b,https://bscscan.com/tx/0xca88dd07a4aea7687268db99498253fdc6ffe229de5a2351f6bb64fee5daee39
2023-03-24 18:04:15,False,3.588e-05,1.121e-08,50163518.0,5.62683,0x05...7066,https://bscscan.com/tx/0x9d3ec86f46764ed2f76924aeb0445122a211d3eb746d447b39fea0a39db400d1
2023-03-24 18:04:15,False,3.591e-05,1.122e-08,25188.6,0.0028,0x05...7066,https://bscscan.com/tx/0x9d3ec86f46764ed2f76924aeb0445122a211d3eb746d447b39fea0a39db400d1
2023-03-24 18:04:00,False,3.609e-05,1.122e-08,9301126.0,1.04407,0x05...7066,https://bscscan.com/tx/0x7ab3706db66dc035edb6ac3ac94be324bf6dd1dd74ff303cef0d0a144065f8c6
2023-03-24 18:04:00,False,3.609e-05,1.122e-08,52475.4,0.0058,0x05...7066,https://bscscan.com/tx/0x7ab3706db66dc035edb6ac3ac94be324bf6dd1dd74ff303cef0d0a144065f8c6
2023-03-24 18:03:42,False,3.594e-05,1.122e-08,19377033.0,2.17589,0x05...7066,https://bscscan.com/tx/0x919ba9248748075fb7fdf10b4bc34e6aa43257109fbc664e330d8a03f7a83aab
2023-03-24 18:03:42,False,3.595e-05,1.123e-08,270000.0,0.0303,0x05...7066,https://bscscan.com/tx/0x919ba9248748075fb7fdf10b4bc34e6aa43257109fbc664e330d8a03f7a83aab
2023-03-24 18:03:36,False,3.599e-05,1.124e-08,99700000.0,11.2121,0x9b...2220,https://bscscan.com/tx/0x737783d0ae606fe2a7d5cf6287b11a44e35b64c7a5e9fa9fd3b6e9e845eedb7a
2023-03-24 18:03:36,False,3.604e-05,1.125e-08,75232.5,0.0084,0x9b...2220,https://bscscan.com/tx/0x737783d0ae606fe2a7d5cf6287b11a44e35b64c7a5e9fa9fd3b6e9e845eedb7a
2023-03-24 18:03:18,False,3.623e-05,1.126e-08,27780293.0,3.12905,0xc0...1f4f,https://bscscan.com/tx/0xb38c4f49765d2bfa09338842ea64856921686da9f84de752d728553a83c1c5c0
2023-03-24 18:03:18,False,3.624e-05,1.126e-08,38602.1,0.0043,0xc0...1f4f,https://bscscan.com/tx/0xb38c4f49765d2bfa09338842ea64856921686da9f84de752d728553a83c1c5c0
2023-03-24 18:03:12,False,3.625e-05,1.126e-08,14254193.0,1.60637,0x05...7066,https://bscscan.com/tx/0xb599901541429af95d081bc42a6155e61a2fe4e5cfabd9c8f9138e9a04648bac
2023-03-24 18:03:12,False,3.626e-05,1.127e-08,57137.4,0.0064,0x05...7066,https://bscscan.com/tx/0xb599901541429af95d081bc42a6155e61a2fe4e5cfabd9c8f9138e9a04648bac
2023-03-24 18:03:03,True,3.644e-05,1.132e-08,7769101.0,0.88,0x5a...aea2,https://bscscan.com/tx/0x20782657c5d09025ba1cfe29db6c8ba2ecb9fe1767bb04de3f31eab38b274978
2023-03-24 18:02:45,False,3.626e-05,1.127e-08,13352730.0,1.505,0x05...7066,https://bscscan.com/tx/0xebfc71296fde133a11bf071dc356dc41d9d737af689e681fdf92c60fa91585c6
2023-03-24 18:02:45,False,3.626e-05,1.127e-08,75205.7,0.0084,0x05...7066,https://bscscan.com/tx/0xebfc71296fde133a11bf071dc356dc41d9d737af689e681fdf92c60fa91585c6
2023-03-24 18:02:42,False,3.627e-05,1.127e-08,27770384.0,3.13164,0xc0...1f4f,https://bscscan.com/tx/0x2a8deec24039108ebc644a3a54ebe3952dbcf5ee6de4b86e6da4cde52a0ee19c
2023-03-24 18:02:42,False,3.629e-05,1.128e-08,74073.6,0.0083,0xc0...1f4f,https://bscscan.com/tx/0x2a8deec24039108ebc644a3a54ebe3952dbcf5ee6de4b86e6da4cde52a0ee19c
2023-03-24 18:02:09,False,3.629e-05,1.128e-08,7006671.0,0.7904,0x05...7066,https://bscscan.com/tx/0xc68fa34d5ccb0df7890d99903eec23b1173871ef172ca97445e9e2c9d8be68d0
2023-03-24 18:02:09,False,3.629e-05,1.128e-08,13651.3,0.0015,0x05...7066,https://bscscan.com/tx/0xc68fa34d5ccb0df7890d99903eec23b1173871ef172ca97445e9e2c9d8be68d0
2023-03-24 18:01:21,False,3.611e-05,1.128e-08,5040885.0,0.5687,0x6b...9f5d,https://bscscan.com/tx/0xb580db83874cde60bba20077db9224d7a8214bda413b892ce644bfaf67698d1d
2023-03-24 18:01:21,False,3.611e-05,1.128e-08,13582.0,0.0015,0x6b...9f5d,https://bscscan.com/tx/0xb580db83874cde60bba20077db9224d7a8214bda413b892ce644bfaf67698d1d
2023-03-24 18:01:12,False,3.612e-05,1.128e-08,5015286.0,0.5659,0x6b...9f5d,https://bscscan.com/tx/0x1b52c27f5ac5b142f09cd0b2136a9a5b948a770b5226fcb2448751b67787cbfc
2023-03-24 18:01:12,False,3.612e-05,1.128e-08,13904.9,0.0015,0x6b...9f5d,https://bscscan.com/tx/0x1b52c27f5ac5b142f09cd0b2136a9a5b948a770b5226fcb2448751b67787cbfc
2023-03-24 18:01:06,False,3.612e-05,1.128e-08,5134528.0,0.5795,0x6b...9f5d,https://bscscan.com/tx/0xe74b99340050c6bb44f272d3798826344ca31b01c761904b4a3adcc2b1235f68
2023-03-24 18:01:06,False,3.612e-05,1.128e-08,13614.2,0.0015,0x6b...9f5d,https://bscscan.com/tx/0xe74b99340050c6bb44f272d3798826344ca31b01c761904b4a3adcc2b1235f68
2023-03-24 18:00:57,False,3.613e-05,1.128e-08,5027166.0,0.5674,0x6b...9f5d,https://bscscan.com/tx/0xb1b420f9f3d5d82b1c4ee63e5c67989cfe3e3508fcd9b54f12f974c2b5c789d5
2023-03-24 18:00:57,False,3.613e-05,1.128e-08,74943.5,0.0084,0x6b...9f5d,https://bscscan.com/tx/0xb1b420f9f3d5d82b1c4ee63e5c67989cfe3e3508fcd9b54f12f974c2b5c789d5
2023-03-24 18:00:54,False,3.614e-05,1.129e-08,27673580.0,3.12499,0xc0...1f4f,https://bscscan.com/tx/0x44387477be4e695ca7755ef44df6fd68edf15758c1f8a258a639a0e302ba7eb4
2023-03-24 18:00:54,False,3.615e-05,1.129e-08,14206.8,0.0016,0xc0...1f4f,https://bscscan.com/tx/0x44387477be4e695ca7755ef44df6fd68edf15758c1f8a258a639a0e302ba7eb4
2023-03-24 18:00:51,True,3.634e-05,1.135e-08,251600.0,0.0285,0xcc...c4a6,https://bscscan.com/tx/0x3561b3c280668d430a33ca2d55e47745e753527b034f58082bcee293a21439db
2023-03-24 18:00:48,False,3.616e-05,1.129e-08,4995161.0,0.5642,0x6b...9f5d,https://bscscan.com/tx/0xad658a4dd89eb42cf3b9c68ff94fe9181e6fec84c4347bdde45ba6cf0ca77c8c
2023-03-24 18:00:48,False,3.616e-05,1.129e-08,13929.3,0.0015,0x6b...9f5d,https://bscscan.com/tx/0xad658a4dd89eb42cf3b9c68ff94fe9181e6fec84c4347bdde45ba6cf0ca77c8c
2023-03-24 18:00:39,False,3.617e-05,1.129e-08,5143521.0,0.5811,0x6b...9f5d,https://bscscan.com/tx/0xc1b038ecdb46d62e29cd0b06b22eba6508c41d6ae1855437a38e50032613e0ef
2023-03-24 18:00:39,False,3.617e-05,1.129e-08,81000.0,0.0091,0x6b...9f5d,https://bscscan.com/tx/0xc1b038ecdb46d62e29cd0b06b22eba6508c41d6ae1855437a38e50032613e0ef
2023-03-24 18:00:36,False,3.618e-05,1.13e-08,29910000.0,3.38078,0x20...946b,https://bscscan.com/tx/0x96506a0069148bb3e11a0b72fcc4bf1c8a88b3f6ee18e31d80cd2ef68debfd6b
2023-03-24 18:00:36,False,3.619e-05,1.13e-08,13586.3,0.0015,0x20...946b,https://bscscan.com/tx/0x96506a0069148bb3e11a0b72fcc4bf1c8a88b3f6ee18e31d80cd2ef68debfd6b
2023-03-24 18:00:30,False,3.638e-05,1.13e-08,5016883.0,0.5673,0x6b...9f5d,https://bscscan.com/tx/0xd9b4e2f51d4b62b2287038805cf474ffc23ff8301073858b2c93f40befbe3695
2023-03-24 18:00:30,False,3.638e-05,1.13e-08,14241.2,0.0016,0x6b...9f5d,https://bscscan.com/tx/0xd9b4e2f51d4b62b2287038805cf474ffc23ff8301073858b2c93f40befbe3695
2023-03-24 18:00:24,True,3.656e-05,1.136e-08,87985.4,0.01,0x56...c904,https://bscscan.com/tx/0xa9fe2bf9dba32726cdfcf93062c1dcc45c290feb6a8df5116a00d8b608fa05dc
2023-03-24 18:00:18,False,3.638e-05,1.13e-08,5170989.0,0.5848,0x6b...9f5d,https://bscscan.com/tx/0x42826fa6335ce2cea1b31f6f880ec6a5406af1419d83695ae3e8ede73819d948
2023-03-24 18:00:18,False,3.639e-05,1.131e-08,3591.95,4.062e-05,0x6b...9f5d,https://bscscan.com/tx/0x42826fa6335ce2cea1b31f6f880ec6a5406af1419d83695ae3e8ede73819d948
2023-03-24 17:59:51,True,3.639e-05,1.136e-08,389654.0,0.0442,0xfa...1a1a,https://bscscan.com/tx/0x0065b2c374f81fc116f24438bb7c8d7d80ebe182aa32a517be6f7760afcd0c56
2023-03-24 17:59:18,False,3.639e-05,1.131e-08,937875.0,0.106,0xc7...4e41,https://bscscan.com/tx/0x165c14785f64d6f0a29a50637d592a18308a24937f07e32d42f177255671d973
2023-03-24 17:59:18,False,3.639e-05,1.131e-08,1350.0,1.526e-05,0xc7...4e41,https://bscscan.com/tx/0x165c14785f64d6f0a29a50637d592a18308a24937f07e32d42f177255671d973
2023-03-24 17:57:51,False,3.621e-05,1.131e-08,498500.0,0.0563,0xec...5150,https://bscscan.com/tx/0x8b7d0ae7eeee8866584395435cbf61730fa7dfc5e80a93e39429fcbd74b21249
2023-03-24 17:57:51,False,3.621e-05,1.131e-08,28665.5,0.0032,0xec...5150,https://bscscan.com/tx/0x8b7d0ae7eeee8866584395435cbf61730fa7dfc5e80a93e39429fcbd74b21249
2023-03-24 17:57:45,True,3.659e-05,1.137e-08,2266183.0,0.2577,0xe1...91bd,https://bscscan.com/tx/0x8109ec85976458633923a6c3ee74baf254308bc81daae13697dd09926ecb6153
2023-03-24 17:56:51,True,3.657e-05,1.136e-08,7878780.0,0.8954,0x94...1bbb,https://bscscan.com/tx/0xc633b1e6ed27d32fc0f40e9397b81f25cff51811fabd701b5d79031bc85f46f5
2023-03-24 17:53:30,False,3.637e-05,1.13e-08,470474.0,0.0532,0x16...2e8d,https://bscscan.com/tx/0x4fc28a57233547b0890cafde284a439c896bacadbfa834d65b92c5a1245244db
2023-03-24 17:53:30,False,3.637e-05,1.13e-08,4165.73,4.71e-05,0x16...2e8d,https://bscscan.com/tx/0x4fc28a57233547b0890cafde284a439c896bacadbfa834d65b92c5a1245244db
2023-03-24 17:53:12,False,3.637e-05,1.13e-08,1538235.0,0.1739,0x60...5b84,https://bscscan.com/tx/0x9db154587148ae4fe9ecf3f4580b968f12a4151234399f47869064b3500099ee
2023-03-24 17:53:12,False,3.637e-05,1.13e-08,505.489,5.716e-06,0x60...5b84,https://bscscan.com/tx/0x9db154587148ae4fe9ecf3f4580b968f12a4151234399f47869064b3500099ee
2023-03-24 17:52:39,True,3.655e-05,1.136e-08,122385.0,0.0139,0xdc...8d3c,https://bscscan.com/tx/0x902d653f59b375afad8c1e2f5e5e89b399b6108d24dcc84045905e82ad7fe2ea
2023-03-24 17:52:00,False,3.619e-05,1.13e-08,64638.9,0.0073,0x8e...9016,https://bscscan.com/tx/0xce3ba28c26f9433f921e18c6ed3d2038ffd460aa1bb9b3c1b14a65d72f70c34c
2023-03-24 17:52:00,False,3.619e-05,1.13e-08,4320.0,4.885e-05,0x8e...9016,https://bscscan.com/tx/0xce3ba28c26f9433f921e18c6ed3d2038ffd460aa1bb9b3c1b14a65d72f70c34c
2023-03-24 17:51:51,True,3.637e-05,1.136e-08,1100000.0,0.125,0xa1...a28b,https://bscscan.com/tx/0x724a040db72de6da465b09a24b913d53e2d5fae3c6c43faf0946c7d6cbf1d311
2023-03-24 17:51:24,False,3.637e-05,1.13e-08,498500.0,0.0563,0xa9...e145,https://bscscan.com/tx/0x4f9d275a5495a2ff90f1aec9487fdea7bfbec8ebd78890b3ab27c062f0df42c7
2023-03-24 17:51:24,False,3.637e-05,1.13e-08,789.126,8.923e-06,0xa9...e145,https://bscscan.com/tx/0x4f9d275a5495a2ff90f1aec9487fdea7bfbec8ebd78890b3ab27c062f0df42c7
2023-03-24 17:49:24,False,3.637e-05,1.13e-08,291392.0,0.0329,0x28...4cca,https://bscscan.com/tx/0x3f0ddc9640535bb23f7095456ebe0ad4ce65ddb73ad6c2c30eee28b52f696d1f
2023-03-24 17:49:24,False,3.637e-05,1.13e-08,3219.48,3.64e-05,0x28...4cca,https://bscscan.com/tx/0x3f0ddc9640535bb23f7095456ebe0ad4ce65ddb73ad6c2c30eee28b52f696d1f
2023-03-24 17:49:12,True,3.655e-05,1.136e-08,692399.0,0.0786,0x15...30e0,https://bscscan.com/tx/0x57f13b706b61247e38e0649e0f5a3d5d5096d49d00ece7b76dd1188458158d24
2023-03-24 17:48:09,False,3.636e-05,1.13e-08,498500.0,0.0563,0xa9...e145,https://bscscan.com/tx/0xc7784f6033f3b109b8a5e2bdb0bcee7cbbf5e9435ef9c4a9bd90e890faf9adf5
2023-03-24 17:48:09,False,3.636e-05,1.13e-08,31963.7,0.0036,0xa9...e145,https://bscscan.com/tx/0xc7784f6033f3b109b8a5e2bdb0bcee7cbbf5e9435ef9c4a9bd90e890faf9adf5
2023-03-24 17:46:24,True,3.654e-05,1.136e-08,1820927.0,0.2069,0xcd...2e8f,https://bscscan.com/tx/0xd0ce3ab3fb1835d59de571d9775d4e9f87107535390348d6e2a8d6c406c5941f
2023-03-24 17:45:33,True,3.654e-05,1.136e-08,1447483.0,0.1644,0xf0...4c4b,https://bscscan.com/tx/0x83672e8ba8d6c7869825a0cf9bbd51013c298b28ded7b22de8c6dd3263fdd6fd
2023-03-24 17:44:24,True,3.636e-05,1.136e-08,5597870.0,0.636,0x7c...99df,https://bscscan.com/tx/0xfcc24a76256bc935f886ef0299dc8a9d44077b09b7671c436745b0d392bbfb01
2023-03-24 17:41:00,True,3.637e-05,1.136e-08,47436.1,0.0053,0x06...8d4a,https://bscscan.com/tx/0x11f4fb98574f323da3cca1df1efc1cb9ecce6e633a2b1ea2c8b1528269a57901
2023-03-24 17:40:15,True,3.637e-05,1.136e-08,1991309.0,0.2262,0xa6...7cd9,https://bscscan.com/tx/0xbec1abe3b8a2cf9a87ba8cc6199a6464db33181caaf871519f8e553baaf15390
2023-03-24 17:38:42,False,3.617e-05,1.13e-08,731195.0,0.0826,0x69...fbd2,https://bscscan.com/tx/0xfcf746b798cd5746d86f2ba4ba3bbf5000f6a638671452ae0cf30509bc0cf81c
2023-03-24 17:38:42,False,3.617e-05,1.13e-08,11348.3,0.0012,0x69...fbd2,https://bscscan.com/tx/0xfcf746b798cd5746d86f2ba4ba3bbf5000f6a638671452ae0cf30509bc0cf81c
2023-03-24 17:38:00,True,3.637e-05,1.136e-08,10170.1,0.0011,0xd3...ba8a,https://bscscan.com/tx/0x83bbcc8c3fea2de8522d8636dcf952cd76e7e2c4807744ba1ca4c7d1726b1fd7
2023-03-24 17:36:33,True,3.637e-05,1.136e-08,3398323.0,0.3861,0xf3...4509,https://bscscan.com/tx/0x24f6a705682c5a9f7de434cf4dd785d840d75099039f574aa5ab89b1ffeb944d
2023-03-24 17:35:54,True,3.655e-05,1.136e-08,101812.0,0.0115,0xd3...ba8a,https://bscscan.com/tx/0x2c5f452f04e31eed7309a43082a82c75aad5ea8766407d6a12f2997217b50474
2023-03-24 17:35:45,True,3.655e-05,1.136e-08,192760.0,0.0219,0x95...f434,https://bscscan.com/tx/0x3919490d692579508a428587aa340f36a61d2f084c36193c90133637e7f9845f
2023-03-24 17:34:00,False,3.637e-05,1.13e-08,498500.0,0.0563,0x96...07a6,https://bscscan.com/tx/0xf8c9dd4f4fe54b1342a78427c649e4fd95d64f9646035969c6c5be751b11ceff
2023-03-24 17:34:00,False,3.637e-05,1.13e-08,80927.6,0.0091,0x96...07a6,https://bscscan.com/tx/0xf8c9dd4f4fe54b1342a78427c649e4fd95d64f9646035969c6c5be751b11ceff
2023-03-24 17:33:33,True,3.637e-05,1.136e-08,17604.0,0.002,0x50...b448,https://bscscan.com/tx/0x9d5ccdb24851116a5e94907ae9f68e5cb9d2fae925a3d9acbd194601c140d410
2023-03-24 17:33:00,True,3.637e-05,1.136e-08,419033.0,0.0476,0xb7...b06e,https://bscscan.com/tx/0x2c1e5f0421af84dc1fd619e5b4ce18b60b10eaaacbb8dcb1fbc7b6e05f0a444b
2023-03-24 17:31:21,True,3.655e-05,1.136e-08,1161464.0,0.1319,0x4f...5867,https://bscscan.com/tx/0x5979b4518235df476f8ceaa95f3c595b4941302a52b493294e3c2ed06d7240ed
2023-03-24 17:29:39,True,3.637e-05,1.136e-08,3527099.0,0.4006,0x0b...226c,https://bscscan.com/tx/0xc692e7ab71c0e43c12664345f1a6f3f3437bd9b45a1984af46d4d77a670590e4
2023-03-24 17:22:39,True,3.638e-05,1.135e-08,612607.0,0.0695,0xa1...41f3,https://bscscan.com/tx/0x9fe716076b2044f8a99c82e2191482ba802ae1343b126aa72737bf0a93b7d84e
2023-03-24 17:20:54,True,3.637e-05,1.135e-08,10941837.0,1.24276,0x46...5b2c,https://bscscan.com/tx/0xf2827fcb090fde9f604ea23f7a0e4aed9cd23f7be19abf8ea309daa9ad4e09f8
2023-03-24 17:19:39,False,3.637e-05,1.13e-08,13253650.0,1.49786,0x05...7066,https://bscscan.com/tx/0x99bdf7fa481a212949d2ffa0f4844bdbf29800f927967f52a5d307a34925e2fb
2023-03-24 17:19:39,False,3.638e-05,1.13e-08,129171.0,0.0146,0x05...7066,https://bscscan.com/tx/0x99bdf7fa481a212949d2ffa0f4844bdbf29800f927967f52a5d307a34925e2fb
2023-03-24 17:19:24,False,3.622e-05,1.131e-08,47697539.0,5.39463,0x05...7066,https://bscscan.com/tx/0x769bbc4f1ed7568069956178c047d980145fd68c36e3d6285b16985cbe793427
2023-03-24 17:19:24,False,3.624e-05,1.131e-08,509325.0,0.0576,0x05...7066,https://bscscan.com/tx/0x769bbc4f1ed7568069956178c047d980145fd68c36e3d6285b16985cbe793427
2023-03-24 17:19:09,False,3.632e-05,1.133e-08,160560887.0,18.2068,0x05...7066,https://bscscan.com/tx/0x7ebbb4b5406d663ceaaaec0d1ee54e92a3bf38014e693546bdd1b1d1db05d18d
2023-03-24 17:19:09,False,3.639e-05,1.136e-08,270000.0,0.0306,0x05...7066,https://bscscan.com/tx/0x7ebbb4b5406d663ceaaaec0d1ee54e92a3bf38014e693546bdd1b1d1db05d18d
2023-03-24 17:19:09,False,3.644e-05,1.137e-08,99700000.0,11.3422,0x9b...2220,https://bscscan.com/tx/0x8cb60645b0f3f9d656e1644fa22f0b06442325ad9370adba9d0f25ea95d4567c
2023-03-24 17:19:09,False,3.648e-05,1.139e-08,270000.0,0.0307,0x9b...2220,https://bscscan.com/tx/0x8cb60645b0f3f9d656e1644fa22f0b06442325ad9370adba9d0f25ea95d4567c
2023-03-24 17:19:06,False,3.651e-05,1.14e-08,99700000.0,11.3704,0x9b...2220,https://bscscan.com/tx/0x2259678a2ab2c065fadd49120e36467c0b26240c3822114364c95a7b4de35aaa
2023-03-24 17:19:06,False,3.656e-05,1.141e-08,270000.0,0.0308,0x9b...2220,https://bscscan.com/tx/0x2259678a2ab2c065fadd49120e36467c0b26240c3822114364c95a7b4de35aaa
2023-03-24 17:19:00,False,3.66e-05,1.143e-08,99700000.0,11.3988,0x9b...2220,https://bscscan.com/tx/0x496c61f2b8779760fd621f745145d9c3a11fbb29792f10010d30d06d4203b975
2023-03-24 17:19:00,False,3.665e-05,1.144e-08,45618.6,0.0052,0x9b...2220,https://bscscan.com/tx/0x496c61f2b8779760fd621f745145d9c3a11fbb29792f10010d30d06d4203b975
2023-03-24 17:18:54,False,3.666e-05,1.144e-08,16845098.0,1.92871,0x73...fd11,https://bscscan.com/tx/0xfab79496cb858aacbd52b6d23c2474bfea830dde73237f3d9deeffc37d8c0b3b
2023-03-24 17:18:54,False,3.667e-05,1.145e-08,15470918.0,1.77209,0x5f...c313,https://bscscan.com/tx/0x9ff3f1d77d3f638dcbcc09e6328e4de04e54c65dcacd78537bea5f26886b6c66
2023-03-24 17:18:54,False,3.669e-05,1.145e-08,15379423.0,1.76229,0x2c...94e1,https://bscscan.com/tx/0xe3f5a3edd9488f79eb47bdc9967cd1818fcb82814e2f937f54ca29f27227c030
2023-03-24 17:18:54,False,3.669e-05,1.146e-08,1191815.0,0.1366,0x2c...94e1,https://bscscan.com/tx/0xe3f5a3edd9488f79eb47bdc9967cd1818fcb82814e2f937f54ca29f27227c030
2023-03-24 17:18:54,True,3.668e-05,1.145e-08,435396199.0,49.8803,0xcc...70ab,https://bscscan.com/tx/0xe3e928d40e262e3294401b6113414b8f5de1fcaee6f142f851f71388aa7f29bd
2023-03-24 17:17:01,True,3.666e-05,1.139e-08,1630423.0,0.1857,0x40...8613,https://bscscan.com/tx/0x637474d6b0de3251610a4c1060832520888dac0b4038f0dbe51d1da5285d768e
2023-03-24 17:16:43,True,3.647e-05,1.139e-08,4075860.0,0.4643,0xa8...9ce9,https://bscscan.com/tx/0x363912e8a96a7511da014d81c924789f46bace0c579c1467c00c995082c40a45
2023-03-24 17:14:40,False,3.647e-05,1.133e-08,309630.0,0.0351,0x02...a7ea,https://bscscan.com/tx/0xaba71f975cea2825bded7c35fb548fa8631b5fc6155507829617106a81aa10cb
2023-03-24 17:14:40,False,3.647e-05,1.133e-08,8100.0,9.182e-05,0x02...a7ea,https://bscscan.com/tx/0xaba71f975cea2825bded7c35fb548fa8631b5fc6155507829617106a81aa10cb
2023-03-24 17:13:01,False,3.647e-05,1.133e-08,2991000.0,0.339,0x0b...1c48,https://bscscan.com/tx/0x0ca62e5d3a3a8145463d0c23182d57c565fe0de546d7f1f7276d264f6ebb357a
2023-03-24 17:13:01,False,3.647e-05,1.133e-08,567.568,6.434e-06,0x0b...1c48,https://bscscan.com/tx/0x0ca62e5d3a3a8145463d0c23182d57c565fe0de546d7f1f7276d264f6ebb357a
2023-03-24 17:12:40,False,3.629e-05,1.133e-08,209580.0,0.0237,0x88...9b16,https://bscscan.com/tx/0xf91e11daaf03a5478fa0b629abf0e825b5c6edfb2b647688a5e3d0a185f7812c
2023-03-24 17:12:40,False,3.629e-05,1.133e-08,1529.08,1.733e-05,0x88...9b16,https://bscscan.com/tx/0xf91e11daaf03a5478fa0b629abf0e825b5c6edfb2b647688a5e3d0a185f7812c
2023-03-24 17:12:34,True,3.647e-05,1.139e-08,227448.0,0.0259,0xc4...e0e1,https://bscscan.com/tx/0xf114c77cc484e8707a54e1b39b6d1f02d4c2d1a878076a63e770b7b3add9c317
2023-03-24 17:11:28,False,3.647e-05,1.133e-08,337860.0,0.0383,0x65...cff9,https://bscscan.com/tx/0x2ea5be82d2af776a13670dd68ad71d0a648eb64699085e95a3732765bab22a27
2023-03-24 17:11:28,False,3.647e-05,1.133e-08,791.283,8.97e-06,0x65...cff9,https://bscscan.com/tx/0x2ea5be82d2af776a13670dd68ad71d0a648eb64699085e95a3732765bab22a27
2023-03-24 17:11:19,False,3.647e-05,1.133e-08,292189.0,0.0331,0x3b...298d,https://bscscan.com/tx/0x96f787a9cd5a8dd5599ea619ac8c7fe1563845d80a7cffdca914052dc4401d0d
2023-03-24 17:11:19,False,3.647e-05,1.133e-08,493.742,5.597e-06,0x3b...298d,https://bscscan.com/tx/0x96f787a9cd5a8dd5599ea619ac8c7fe1563845d80a7cffdca914052dc4401d0d
2023-03-24 17:11:01,True,3.647e-05,1.139e-08,54466.5,0.0062,0xc3...742a,https://bscscan.com/tx/0x2870f9b19033f081df63cbe6a5c25bc2b6987286982278198201872ac0f572e8
2023-03-24 17:10:34,True,3.666e-05,1.139e-08,30000.0,0.0034,0xa7...4d63,https://bscscan.com/tx/0x8c5e043dfb5a630303cec82a1cbddd74b43bf4677445b30a8ab7298f5ed49ea6
2023-03-24 17:09:52,False,3.629e-05,1.133e-08,98105.6,0.0111,0xa0...073f,https://bscscan.com/tx/0x4c906f7c4bc0ac4b91822bd6bae3af56f811170fd165792234309a2481b6a27d
2023-03-24 17:09:52,False,3.629e-05,1.133e-08,2160.0,2.448e-05,0xa0...073f,https://bscscan.com/tx/0x4c906f7c4bc0ac4b91822bd6bae3af56f811170fd165792234309a2481b6a27d
2023-03-24 17:09:04,False,3.629e-05,1.133e-08,797600.0,0.0904,0x56...df5d,https://bscscan.com/tx/0xcbbe046a4d013d5643148e63d2be5a3929d7e994da6aef4a00181aa83508165f
2023-03-24 17:09:04,False,3.629e-05,1.133e-08,8592.29,9.741e-05,0x56...df5d,https://bscscan.com/tx/0xcbbe046a4d013d5643148e63d2be5a3929d7e994da6aef4a00181aa83508165f
2023-03-24 17:08:28,False,3.63e-05,1.133e-08,3172781.0,0.3597,0xc4...72c8,https://bscscan.com/tx/0xdcd4c8dea5faa35a4e70249a3977b7f365e1abd08051ca7dcc3870efcd837c89
2023-03-24 17:08:28,False,3.63e-05,1.133e-08,9901.95,0.0011,0xc4...72c8,https://bscscan.com/tx/0xdcd4c8dea5faa35a4e70249a3977b7f365e1abd08051ca7dcc3870efcd837c89
2023-03-24 17:08:25,False,3.63e-05,1.133e-08,3656388.0,0.4145,0x11...ca3a,https://bscscan.com/tx/0xf196b4c86141dff2c273bab2c28f2ec483c83cd65d27621b4875f0762ad2cdaf
2023-03-24 17:08:25,False,3.63e-05,1.133e-08,64203.9,0.0072,0x11...ca3a,https://bscscan.com/tx/0xf196b4c86141dff2c273bab2c28f2ec483c83cd65d27621b4875f0762ad2cdaf
2023-03-24 17:08:19,False,3.631e-05,1.134e-08,23707868.0,2.68905,0xa8...8a78,https://bscscan.com/tx/0x161d96546a5489917756f996bdc05c5d3f6a5ce3c4ff4321db99c5e63746c8f3
2023-03-24 17:08:19,False,3.632e-05,1.134e-08,343.744,3.9e-06,0xa8...8a78,https://bscscan.com/tx/0x161d96546a5489917756f996bdc05c5d3f6a5ce3c4ff4321db99c5e63746c8f3
2023-03-24 17:07:07,False,3.632e-05,1.134e-08,126931.0,0.0144,0x4c...ed48,https://bscscan.com/tx/0xec0163fb8839b100309d7ee1862ed94636a2013f2965009f47b420a3ecb61619
2023-03-24 17:07:07,False,3.632e-05,1.134e-08,14192.9,0.0016,0x4c...ed48,https://bscscan.com/tx/0xec0163fb8839b100309d7ee1862ed94636a2013f2965009f47b420a3ecb61619
2023-03-24 17:06:22,True,3.668e-05,1.14e-08,244991.0,0.0279,0x86...2b7a,https://bscscan.com/tx/0x25234360272afbfaa27e22ee41fbe0ec76f496b4c4cdc735beff3873325c6bdb
2023-03-24 17:05:52,False,3.65e-05,1.134e-08,4996608.0,0.5669,0x1f...4f4f,https://bscscan.com/tx/0x5e8a30554511219e7a1f0609855cc73f6af9eefdede52e1d4e9ff16b82cd4c94
2023-03-24 17:05:52,False,3.65e-05,1.134e-08,74686.7,0.0084,0x1f...4f4f,https://bscscan.com/tx/0x5e8a30554511219e7a1f0609855cc73f6af9eefdede52e1d4e9ff16b82cd4c94
2023-03-24 17:04:40,True,3.65e-05,1.14e-08,40000.0,0.0045,0x00...02e4,https://bscscan.com/tx/0xbf7d9690d33d10016f5c9adc571518c1e4d6b9b5e27d85530a8185129586a549
2023-03-24 17:03:31,True,3.649e-05,1.14e-08,26411755.0,3.01103,0x31...659e,https://bscscan.com/tx/0x1e4c3a7e56fbad2f218072efe3169aa2fa50a18ab62b3ac04cee31d741ae4198
2023-03-24 17:02:01,False,3.628e-05,1.133e-08,1206370.0,0.1368,0x7f...f130,https://bscscan.com/tx/0x293264112465d1b0722f80df502f7b5a85b9a3185502b7e8dbdb3294c20eef9f
2023-03-24 17:02:01,False,3.628e-05,1.134e-08,969.991,1.099e-05,0x7f...f130,https://bscscan.com/tx/0x293264112465d1b0722f80df502f7b5a85b9a3185502b7e8dbdb3294c20eef9f
2023-03-24 17:01:31,True,3.662e-05,1.139e-08,263229.0,0.03,0x6b...8792,https://bscscan.com/tx/0x2a38fee887086552483c263dfe38b6cd5293810a5815f2e7ffb38cfd14cee8e0
2023-03-24 17:01:22,True,3.662e-05,1.139e-08,89829.0,0.0102,0x49...b188,https://bscscan.com/tx/0xa36e8456cfa095f5fb0bdcc16644a7f3cf9019824a3c50f6c94c7d4a9e3cf0e1
2023-03-24 17:00:37,False,3.643e-05,1.133e-08,6178.83,7.006e-05,0x7f...f130,https://bscscan.com/tx/0xfc5d32eed78ba12c7302426afdafa2e7c039d5caaf3083dcdd0b47a8da102e3d
2023-03-24 17:00:37,False,3.643e-05,1.133e-08,8170.36,9.265e-05,0x7f...f130,https://bscscan.com/tx/0xfc5d32eed78ba12c7302426afdafa2e7c039d5caaf3083dcdd0b47a8da102e3d
2023-03-24 17:00:07,False,3.643e-05,1.134e-08,3016981.0,0.3421,0x53...435b,https://bscscan.com/tx/0x1da08523fc8129dfaa24ef66ff551b696a90c46958cedf21bd45ce76270ba84c
2023-03-24 17:00:07,False,3.643e-05,1.134e-08,9214.15,0.001,0x53...435b,https://bscscan.com/tx/0x1da08523fc8129dfaa24ef66ff551b696a90c46958cedf21bd45ce76270ba84c
2023-03-24 16:59:25,False,3.644e-05,1.134e-08,3402410.0,0.3858,0x10...8fdb,https://bscscan.com/tx/0x4a23e4f0ac2edcd3ccababa8628dcb3a693b37fca3b10a939588f1cdffa7a16e
2023-03-24 16:59:25,False,3.644e-05,1.134e-08,59220.1,0.0067,0x10...8fdb,https://bscscan.com/tx/0x4a23e4f0ac2edcd3ccababa8628dcb3a693b37fca3b10a939588f1cdffa7a16e
2023-03-24 16:58:19,True,3.661e-05,1.139e-08,20000000.0,2.27917,0x78...39b8,https://bscscan.com/tx/0x1b6c6f2241fb70932d4759c6d798f985175e6666e1aa2b85c210e45610c42bfd
2023-03-24 16:58:10,False,3.642e-05,1.133e-08,1927569.0,0.2185,0x8c...a176,https://bscscan.com/tx/0x25962c7dedcde468c3ee5dbc6499b625a35766d40cee672b97cb2ee47b0fdd34
2023-03-24 16:58:10,False,3.642e-05,1.133e-08,30151.6,0.0034,0x8c...a176,https://bscscan.com/tx/0x25962c7dedcde468c3ee5dbc6499b625a35766d40cee672b97cb2ee47b0fdd34
2023-03-24 16:57:40,False,3.643e-05,1.133e-08,11133741.0,1.26237,0xfc...c55a,https://bscscan.com/tx/0x3a9518edb005134e93da1439aa8b38840792ef49b3f288e3d0b9f7766fcda85c
2023-03-24 16:57:40,False,3.643e-05,1.133e-08,30354.4,0.0034,0xfc...c55a,https://bscscan.com/tx/0x3a9518edb005134e93da1439aa8b38840792ef49b3f288e3d0b9f7766fcda85c
2023-03-24 16:57:37,True,3.661e-05,1.139e-08,61421.2,0.007,0x15...3897,https://bscscan.com/tx/0x7e5ee29e5262da4ee368213bf918297745ddb8e65451738992429a6fa65b689e
2023-03-24 16:56:31,True,3.643e-05,1.139e-08,343450.0,0.0391,0xbd...77c2,https://bscscan.com/tx/0xb67edbab1d4ec207061499707cb9dc50c5520db07d3d7daf83d31c536b56d4c8
2023-03-24 16:54:55,True,3.661e-05,1.139e-08,1399125.0,0.1594,0xbd...77c2,https://bscscan.com/tx/0xcc04e3baa906efbe6e403bb7d1a2d70b1020cf9d1e34938095135f8788772f1e
2023-03-24 16:53:28,False,3.626e-05,1.134e-08,9409202.0,1.06706,0x14...bc56,https://bscscan.com/tx/0x74b7d4c0139b142a92f2aff93604c5aeb5d17bd6113220b222028f1bbe76355d
2023-03-24 16:53:28,False,3.626e-05,1.134e-08,46334.8,0.0052,0x14...bc56,https://bscscan.com/tx/0x74b7d4c0139b142a92f2aff93604c5aeb5d17bd6113220b222028f1bbe76355d
2023-03-24 16:53:04,True,3.663e-05,1.139e-08,566337.0,0.0645,0xf5...7c24,https://bscscan.com/tx/0x662f6647ed7334e6c65fb71d57eb6cd567ae028fc38044d7c644277009ffd1ce
2023-03-24 16:52:16,False,3.628e-05,1.134e-08,16544916.0,1.87688,0xfc...c55a,https://bscscan.com/tx/0xcb08ed954bf987fbf71e4f9d0df7820483546891abaea90b440264344742c37d
2023-03-24 16:52:16,False,3.628e-05,1.134e-08,45793.9,0.0052,0xfc...c55a,https://bscscan.com/tx/0xcb08ed954bf987fbf71e4f9d0df7820483546891abaea90b440264344742c37d
2023-03-24 16:50:25,True,3.646e-05,1.14e-08,16359818.0,1.8652,0x0b...6aaa,https://bscscan.com/tx/0xb9460029f0ef431a4dc3563316e829cf5d3d13fa2d4123f4c31e75c31b846a90
2023-03-24 16:49:16,True,3.663e-05,1.139e-08,513168.0,0.0584,0xfb...32bc,https://bscscan.com/tx/0x097b9b81a9ad69aefda6daeadb706e4e7c5f604a1ed4d962c7f2b164a68fad97
2023-03-24 16:47:54,True,3.663e-05,1.139e-08,87729.9,0.01,0x08...5b01,https://bscscan.com/tx/0x931fe8321f8b556dbc7f2df812d2c7f8344b541d729a8c6d26c0bec47baad5b8
2023-03-24 16:47:51,False,3.645e-05,1.134e-08,11169740.0,1.26701,0x00...706f,https://bscscan.com/tx/0x52225516143fffffa3d9dbe48fbaddd4710e2310a42129f9e21c9b8f7ccdeafb
2023-03-24 16:47:51,False,3.646e-05,1.134e-08,82299.6,0.0093,0x00...706f,https://bscscan.com/tx/0x52225516143fffffa3d9dbe48fbaddd4710e2310a42129f9e21c9b8f7ccdeafb
2023-03-24 16:45:57,True,3.663e-05,1.139e-08,17328276.0,1.97531,0xfa...45cf,https://bscscan.com/tx/0xd68c496a0e14f3a8f91b7c28e8fda0363f1c9239a8d3623dfac08e4e7c30aca1
2023-03-24 16:45:12,True,3.644e-05,1.139e-08,618195.0,0.0704,0x53...10c7,https://bscscan.com/tx/0xaca34353ab5a70bb156bd39159789e6c1a29a7116d0eb3065fe1b6910d4946e8
2023-03-24 16:45:03,False,3.645e-05,1.134e-08,2492501.0,0.2826,0x8c...c784,https://bscscan.com/tx/0x73bf5ec7994a56b1116f8e8df63a777b2c82c4c427a50b4de11519ab84872572
2023-03-24 16:45:03,False,3.645e-05,1.134e-08,2994.73,3.396e-05,0x8c...c784,https://bscscan.com/tx/0x73bf5ec7994a56b1116f8e8df63a777b2c82c4c427a50b4de11519ab84872572
2023-03-24 16:43:39,False,3.627e-05,1.134e-08,1105830.0,0.1254,0x73...3b36,https://bscscan.com/tx/0xdd33acc9a83937d35b7cb22347ea6a28ccf74de87cb693c116fe1024aea0c121
2023-03-24 16:43:39,False,3.627e-05,1.134e-08,304.989,3.458e-06,0x73...3b36,https://bscscan.com/tx/0xdd33acc9a83937d35b7cb22347ea6a28ccf74de87cb693c116fe1024aea0c121
2023-03-24 16:42:33,False,3.645e-05,1.134e-08,112620.0,0.0127,0x65...cff9,https://bscscan.com/tx/0xf1801499b54782166dac6230b83e127e4c986daf24f6f21b3acd2fe9a40f5bd8
2023-03-24 16:42:33,False,3.645e-05,1.134e-08,1031.23,1.169e-05,0x65...cff9,https://bscscan.com/tx/0xf1801499b54782166dac6230b83e127e4c986daf24f6f21b3acd2fe9a40f5bd8
2023-03-24 16:42:33,False,3.645e-05,1.134e-08,380792.0,0.0431,0x4c...ed48,https://bscscan.com/tx/0xa07f47ebd6393c28a2d67e072e4849945ff6c10814f91138c0eeb1b4239dba38
2023-03-24 16:42:33,False,3.645e-05,1.134e-08,118202.0,0.0134,0x4c...ed48,https://bscscan.com/tx/0xa07f47ebd6393c28a2d67e072e4849945ff6c10814f91138c0eeb1b4239dba38
2023-03-24 16:42:15,True,3.662e-05,1.139e-08,24378482.0,2.77779,0x81...ce4f,https://bscscan.com/tx/0x363a4966f9e570509b3d92ff5230bda7e933a394b6074880894fe4e0d5999c7b
2023-03-24 16:42:12,False,3.643e-05,1.133e-08,19341848.0,2.19275,0xc0...cec8,https://bscscan.com/tx/0x9ac391b3cbd8c41b4d8e64486ad4fa4b18246812edf895a04212a3996d75aa9b
2023-03-24 16:42:12,False,3.644e-05,1.133e-08,5616.14,6.368e-05,0xc0...cec8,https://bscscan.com/tx/0x9ac391b3cbd8c41b4d8e64486ad4fa4b18246812edf895a04212a3996d75aa9b
2023-03-24 16:41:27,True,3.662e-05,1.139e-08,918615.0,0.1046,0x25...03f4,https://bscscan.com/tx/0xca8b911bd39322b5a88b84ee4a9dd595331849bbe769226264dd365548007f78
2023-03-24 16:38:48,True,3.643e-05,1.139e-08,179681.0,0.0204,0x4a...2f1a,https://bscscan.com/tx/0x5fa5504d6d7890c909a52956b590656c89fdd00c8b361dc4548b4bde6552599b
2023-03-24 16:38:27,False,3.625e-05,1.133e-08,978812.0,0.1109,0x3f...67e9,https://bscscan.com/tx/0xf7ab9d4bb7b9aa70c5fccb6a848f82acffc41588eda61e7c2d3026c2a2f1f58a
2023-03-24 16:38:27,False,3.625e-05,1.133e-08,469147.0,0.0532,0x3f...67e9,https://bscscan.com/tx/0xf7ab9d4bb7b9aa70c5fccb6a848f82acffc41588eda61e7c2d3026c2a2f1f58a
2023-03-24 16:37:21,True,3.661e-05,1.139e-08,86815.7,0.0098,0xbc...24a1,https://bscscan.com/tx/0x8635416a4e15dc6a951d73316a1486729ef79d00eaa7b47fdb37e4e42c4dcc5e
2023-03-24 16:36:27,True,3.653e-05,1.137e-08,163540271.0,18.6,0x33...43fa,https://bscscan.com/tx/0xd990f04213c4ce0a5c84554b627cfa25ac4151457d9a9031d59f812352faf670
2023-03-24 16:35:24,True,3.647e-05,1.135e-08,130934.0,0.0148,0x07...bc2c,https://bscscan.com/tx/0x99e42c50a5afa6f6b182aa5c708dc9ebdd5aa632e05faec7fc6f6e0a1b55f285
2023-03-24 16:35:09,False,3.628e-05,1.129e-08,9970000.0,1.12611,0x78...39b8,https://bscscan.com/tx/0xbd8e1fc7591a8e8f68f07c59e90ddbb5a317516e1a202997e75eef4cff0219a5
2023-03-24 16:35:09,False,3.628e-05,1.129e-08,32723.2,0.0037,0x78...39b8,https://bscscan.com/tx/0xbd8e1fc7591a8e8f68f07c59e90ddbb5a317516e1a202997e75eef4cff0219a5
2023-03-24 16:34:33,True,3.647e-05,1.135e-08,492796.0,0.0559,0x55...9571,https://bscscan.com/tx/0x51f8b2b09a314ef12b5391099a4a9294a04320f2cec21718fb630346897089f3
2023-03-24 16:34:18,False,3.63e-05,1.129e-08,11592041.0,1.30965,0xac...9db0,https://bscscan.com/tx/0xac353caa4d88caf33f924bbc0b9e0eff69c028ee1756ab00fa612a9d61c4050e
2023-03-24 16:34:18,False,3.63e-05,1.129e-08,5989.84,6.768e-05,0xac...9db0,https://bscscan.com/tx/0xac353caa4d88caf33f924bbc0b9e0eff69c028ee1756ab00fa612a9d61c4050e
2023-03-24 16:32:48,False,3.615e-05,1.129e-08,1743929.0,0.197,0xd0...fe85,https://bscscan.com/tx/0xf3cfc2925291a274ac127eed69afe38f1465275bee99750f8c2b4ef6289e1a62
2023-03-24 16:32:48,False,3.615e-05,1.129e-08,21897.0,0.0024,0xd0...fe85,https://bscscan.com/tx/0xf3cfc2925291a274ac127eed69afe38f1465275bee99750f8c2b4ef6289e1a62
2023-03-24 16:30:57,True,3.652e-05,1.135e-08,3110000.0,0.3531,0x0e...deac,https://bscscan.com/tx/0xbe42364fe2230814056c259ed9aa7d288c237fc394499276e74d14452125423a
2023-03-24 16:29:18,False,3.615e-05,1.129e-08,4985000.0,0.5632,0xbe...1239,https://bscscan.com/tx/0x84f6d9cadb532afee19e7b197a7d0ac02dc62fed77421468980bbf2e53f9d4c3
2023-03-24 16:29:18,False,3.615e-05,1.13e-08,10128.6,0.0011,0xbe...1239,https://bscscan.com/tx/0x84f6d9cadb532afee19e7b197a7d0ac02dc62fed77421468980bbf2e53f9d4c3
2023-03-24 16:29:12,True,3.633e-05,1.135e-08,342121.0,0.0388,0x28...5ffe,https://bscscan.com/tx/0x916763d3e143c07b0e46053136cba56b59a538faebcdf354a4a8ebe546ed6528
2023-03-24 16:27:51,True,3.633e-05,1.135e-08,1409228.0,0.16,0xc8...b0ae,https://bscscan.com/tx/0xeb6a66008244e460f89a4af381a675ffbbbe6a79bf4e00f72322fa76fd76d78b
2023-03-24 16:27:24,False,3.632e-05,1.13e-08,1994000.0,0.2253,0x78...39b8,https://bscscan.com/tx/0x50e593d0efca0b83afee65f62f540ac7e47eee784410c906b79f98d343556d57
2023-03-24 16:27:24,False,3.633e-05,1.13e-08,191889.0,0.0216,0x78...39b8,https://bscscan.com/tx/0x50e593d0efca0b83afee65f62f540ac7e47eee784410c906b79f98d343556d57
2023-03-24 16:26:24,True,3.631e-05,1.135e-08,28894518.0,3.28046,0x4c...1ce2,https://bscscan.com/tx/0x9ce159f39a55254aa9fac2a769a1098405a7207b45127c45612b3b0e9e18d58c
2023-03-24 16:25:54,True,3.647e-05,1.134e-08,10134174.0,1.15,0x78...39b8,https://bscscan.com/tx/0xa3d90971eab4822dda9c5fac443016063767af2907e2157ef8b03ef61ac1bd8e
2023-03-24 16:25:51,True,3.645e-05,1.134e-08,28912607.0,3.27934,0x4c...1ce2,https://bscscan.com/tx/0x09689db5c18f4ce307ab54f45f0997e109ee10a6d994b8cd596dbdb76dde0090
2023-03-24 16:24:54,True,3.646e-05,1.134e-08,279624.0,0.0317,0xa1...a09d,https://bscscan.com/tx/0xd5713b01299b5281cd0318f5ba5f353527da7668d2b64eaa18fceb63c27f7a95
2023-03-24 16:24:54,False,3.626e-05,1.128e-08,2840488.0,0.3204,0xec...5150,https://bscscan.com/tx/0x2ed7ee24073f7ba365d2a287806e63180c81f8a50981504b66d9d58b38bee2ae
2023-03-24 16:24:54,False,3.626e-05,1.128e-08,1450.28,1.636e-05,0xec...5150,https://bscscan.com/tx/0x2ed7ee24073f7ba365d2a287806e63180c81f8a50981504b66d9d58b38bee2ae
2023-03-24 16:24:03,False,3.626e-05,1.128e-08,535529.0,0.0604,0x9b...1b3a,https://bscscan.com/tx/0xd677f3fc01c61b3fa0528f0d1cea787214866d5986517bbbdb70c36d2edc0bcd
2023-03-24 16:24:03,False,3.626e-05,1.128e-08,21147.2,0.0023,0x9b...1b3a,https://bscscan.com/tx/0xd677f3fc01c61b3fa0528f0d1cea787214866d5986517bbbdb70c36d2edc0bcd
2023-03-24 16:22:39,True,3.625e-05,1.133e-08,1322884.0,0.15,0x9d...8116,https://bscscan.com/tx/0x08d14ca9e46473d523f24d7a02d56ed00e609dc10eac82912c03c9edbc7c78ca
2023-03-24 16:22:24,True,3.643e-05,1.133e-08,1509430.0,0.1711,0xdf...e049,https://bscscan.com/tx/0xbeacb95e8e9b08e8622fbca12f984de26ea7a2c997138a8a8f391307a37fd13a
2023-03-24 16:21:39,False,3.607e-05,1.128e-08,4985000.0,0.5624,0xe5...8977,https://bscscan.com/tx/0xa9ea1396806dd963aef282746e0d39b7db411a091ca249df5cded9b8ea64f5b3
2023-03-24 16:21:39,False,3.607e-05,1.128e-08,281345.0,0.0317,0xe5...8977,https://bscscan.com/tx/0xa9ea1396806dd963aef282746e0d39b7db411a091ca249df5cded9b8ea64f5b3
2023-03-24 16:21:39,True,3.625e-05,1.133e-08,1372098.0,0.1555,0x30...d3b1,https://bscscan.com/tx/0xca63646c2aa598c263d5f2aac42b71239843ec8a4cbaa2cd2ac6c62548732254
2023-03-24 16:21:15,True,3.644e-05,1.133e-08,352756.0,0.04,0x36...5a61,https://bscscan.com/tx/0x395bc85291d66ab0753a3a223b8bad5321434d946af5320c5189e2c31917c924
2023-03-24 16:18:06,False,3.615e-05,1.129e-08,102169645.0,11.542,0x7c...6cb0,https://bscscan.com/tx/0x2ed6f2a7300fb74efa4ff67c1a374ad91ffc0d64c38b2653a0d8dcfeef047352
2023-03-24 16:18:06,False,3.619e-05,1.131e-08,56134.6,0.0063,0x7c...6cb0,https://bscscan.com/tx/0x2ed6f2a7300fb74efa4ff67c1a374ad91ffc0d64c38b2653a0d8dcfeef047352
2023-03-24 16:17:03,False,3.62e-05,1.131e-08,12444213.0,1.40781,0x05...7066,https://bscscan.com/tx/0xb11396f4af53a504f2e7603e552d153b2622af2c6519b8676df474f0ee928089
2023-03-24 16:17:03,False,3.621e-05,1.131e-08,37643.6,0.0042,0x05...7066,https://bscscan.com/tx/0xb11396f4af53a504f2e7603e552d153b2622af2c6519b8676df474f0ee928089
2023-03-24 16:16:48,True,3.637e-05,1.137e-08,79145.1,0.009,0xfc...2936,https://bscscan.com/tx/0x315548108d88fd41e5ed22f595c471229f4c8bba590f6ee6f6ca715974067b58
2023-03-24 16:15:51,False,3.64e-05,1.131e-08,13821358.0,1.56412,0x57...c496,https://bscscan.com/tx/0x4df231dc04de7947023537ba786df729c0e47db27c81d3870bbba9776047f838
2023-03-24 16:15:51,False,3.64e-05,1.131e-08,13694.6,0.0015,0x57...c496,https://bscscan.com/tx/0x4df231dc04de7947023537ba786df729c0e47db27c81d3870bbba9776047f838
2023-03-24 16:15:24,False,3.622e-05,1.131e-08,5056843.0,0.5724,0x6b...9f5d,https://bscscan.com/tx/0xa815b35899a30164df6c10ad0c2301431145013ac0cd390d77d3b5c59b5b51f5
2023-03-24 16:15:24,False,3.622e-05,1.132e-08,38949.4,0.0044,0x6b...9f5d,https://bscscan.com/tx/0xa815b35899a30164df6c10ad0c2301431145013ac0cd390d77d3b5c59b5b51f5
2023-03-24 16:15:18,True,3.64e-05,1.137e-08,12006002.0,1.3657,0x78...39b8,https://bscscan.com/tx/0xb139db1d6ace7b10422ebe1e571c8eae9ac64a7378a6a74c45775203e3832ffc
2023-03-24 16:12:27,True,3.656e-05,1.137e-08,968867.0,0.1101,0xae...6f38,https://bscscan.com/tx/0x151c8d7488b96d8e10303e7d08925cf4fb28169ab75b0a918376a925c229820f
2023-03-24 16:09:39,True,3.672e-05,1.137e-08,1286317.0,0.1462,0x1b...270a,https://bscscan.com/tx/0x29416b7e9c0cf188b0611d520f57f596a52033a6e3ff96f8c897a3e5389c579f
2023-03-24 16:09:15,False,3.654e-05,1.131e-08,164026.0,0.0185,0xc2...2c3a,https://bscscan.com/tx/0xe86bdbdc734bccd73f27aaa024ef022d669fec83127fee563a35d883b506a973
2023-03-24 16:09:15,False,3.654e-05,1.131e-08,20100.6,0.0022,0xc2...2c3a,https://bscscan.com/tx/0xe86bdbdc734bccd73f27aaa024ef022d669fec83127fee563a35d883b506a973
2023-03-24 16:08:14,True,3.674e-05,1.137e-08,1755462.0,0.1996,0x4a...d8e9,https://bscscan.com/tx/0x915250535266fcd01ac2ae1ae8b7714d6ba14a774d79f548808b6f1928b46ef8
2023-03-24 16:04:34,False,3.64e-05,1.131e-08,4985000.0,0.5641,0xea...e9b0,https://bscscan.com/tx/0x72793e494a2cf5fbc561c9bcc4cd6969aba69472118ccc4a4ca242d0def1f697
2023-03-24 16:04:34,False,3.64e-05,1.131e-08,4124.93,4.668e-05,0xea...e9b0,https://bscscan.com/tx/0x72793e494a2cf5fbc561c9bcc4cd6969aba69472118ccc4a4ca242d0def1f697
2023-03-24 16:03:37,False,3.658e-05,1.131e-08,1523167.0,0.1723,0x4c...ed48,https://bscscan.com/tx/0xd8bdc33363c495218d167b32be0d100e6b8dd8133904697fdaa73b20c2a4a360
2023-03-24 16:03:37,False,3.658e-05,1.131e-08,68440.8,0.0077,0x4c...ed48,https://bscscan.com/tx/0xd8bdc33363c495218d167b32be0d100e6b8dd8133904697fdaa73b20c2a4a360
2023-03-24 16:00:55,True,3.663e-05,1.137e-08,20348462.0,2.31389,0xc8...0188,https://bscscan.com/tx/0xf741990fcdd9c8cbc264cdca72165b0b4497f4848c169f90d54d47c088139cff
2023-03-24 15:58:31,False,3.645e-05,1.131e-08,4985000.0,0.5639,0xfc...d80c,https://bscscan.com/tx/0x13f08513ba761d02875b22599471f07ef8820601a132db328e12c44e3e86f0f9
2023-03-24 15:58:31,False,3.645e-05,1.131e-08,15963.1,0.0018,0xfc...d80c,https://bscscan.com/tx/0x13f08513ba761d02875b22599471f07ef8820601a132db328e12c44e3e86f0f9
2023-03-24 15:57:55,True,3.682e-05,1.136e-08,1356036.0,0.1541,0x55...bfea,https://bscscan.com/tx/0xa902f15e1fd411e62435be50135d11202e79ccb5f6953a9ed6d880e46d33811d
2023-03-24 15:56:46,False,3.645e-05,1.131e-08,803800.0,0.0909,0x9f...374c,https://bscscan.com/tx/0x13622d59b21b898321abd103af2b883e3643a7d5d9daed122e772fce89a565cc
2023-03-24 15:56:46,False,3.645e-05,1.131e-08,7560.0,8.552e-05,0x9f...374c,https://bscscan.com/tx/0x13622d59b21b898321abd103af2b883e3643a7d5d9daed122e772fce89a565cc
2023-03-24 15:56:40,False,3.664e-05,1.131e-08,2791600.0,0.3158,0xa4...b005,https://bscscan.com/tx/0x5bf7daa6ce5bc96c0cdbea2c221d988107ecfdd1316d7580b3df1c2e08afda04
2023-03-24 15:56:40,False,3.664e-05,1.131e-08,7349.77,8.315e-05,0xa4...b005,https://bscscan.com/tx/0x5bf7daa6ce5bc96c0cdbea2c221d988107ecfdd1316d7580b3df1c2e08afda04
2023-03-24 15:56:16,False,3.664e-05,1.131e-08,2713969.0,0.307,0x31...fe6b,https://bscscan.com/tx/0x9a27060cba1e3fc87195050e88f6c894dce977f8dbd1f7912cccea6c73e3ad89
2023-03-24 15:56:16,False,3.664e-05,1.131e-08,29863.1,0.0033,0x31...fe6b,https://bscscan.com/tx/0x9a27060cba1e3fc87195050e88f6c894dce977f8dbd1f7912cccea6c73e3ad89
2023-03-24 15:55:46,False,3.647e-05,1.131e-08,11027224.0,1.24785,0xf0...5b89,https://bscscan.com/tx/0x7a4e8b47d8a6894b88eeaed2e20dee743cb03f6a5421ea3f52b6655ba82a0a04
2023-03-24 15:55:46,False,3.647e-05,1.131e-08,1443.6,1.633e-05,0xf0...5b89,https://bscscan.com/tx/0x7a4e8b47d8a6894b88eeaed2e20dee743cb03f6a5421ea3f52b6655ba82a0a04
2023-03-24 15:54:43,False,3.647e-05,1.131e-08,533064.0,0.0603,0x0b...4139,https://bscscan.com/tx/0xc42cebe22165b79f1af53a97bad0bbc72bea117996ad2a319ad8dd5086b609f0
2023-03-24 15:54:43,False,3.647e-05,1.131e-08,27.0,3.055e-07,0x0b...4139,https://bscscan.com/tx/0xc42cebe22165b79f1af53a97bad0bbc72bea117996ad2a319ad8dd5086b609f0
2023-03-24 15:52:40,False,3.665e-05,1.131e-08,9970.0,0.0011,0xc6...accd,https://bscscan.com/tx/0x67a9e467b156741a0605f0f6c1d7c4acf3fa1e5b5d7a2111621c7415319ffb82
2023-03-24 15:52:40,False,3.665e-05,1.131e-08,40055.4,0.0045,0xc6...accd,https://bscscan.com/tx/0x67a9e467b156741a0605f0f6c1d7c4acf3fa1e5b5d7a2111621c7415319ffb82
2023-03-24 15:52:31,False,3.666e-05,1.131e-08,14790811.0,1.6743,0x89...d5e7,https://bscscan.com/tx/0x88f4a8e1610ce95f08795e1f04f66ea5c32dcbdfc6c776daa9d88fb91b9a5e88
2023-03-24 15:52:31,False,3.667e-05,1.132e-08,27239.9,0.003,0x89...d5e7,https://bscscan.com/tx/0x88f4a8e1610ce95f08795e1f04f66ea5c32dcbdfc6c776daa9d88fb91b9a5e88
2023-03-24 15:49:37,True,3.686e-05,1.138e-08,570744.0,0.0649,0x3e...009b,https://bscscan.com/tx/0xad9ddd0eafee5f563835ed11896e24c8341a273cf15f4f4ae5fecaadec49e1ae
2023-03-24 15:49:13,True,3.683e-05,1.137e-08,9141018.0,1.04,0x78...39b8,https://bscscan.com/tx/0xe1ee1dc9988fa04089305cd63d2e1d3cc5052096a6a101b61cacf15833bcfc81
2023-03-24 15:49:10,True,3.683e-05,1.137e-08,9141018.0,1.04,0x78...39b8,https://bscscan.com/tx/0xe1ee1dc9988fa04089305cd63d2e1d3cc5052096a6a101b61cacf15833bcfc81
2023-03-24 15:48:52,False,3.665e-05,1.131e-08,375949.0,0.0425,0xd8...be6c,https://bscscan.com/tx/0x7ecc4cd55d5a5b057da10b557728d07525ede30cba773ee09ae23f605dac5c22
2023-03-24 15:48:52,False,3.665e-05,1.131e-08,6581.25,7.449e-05,0xd8...be6c,https://bscscan.com/tx/0x7ecc4cd55d5a5b057da10b557728d07525ede30cba773ee09ae23f605dac5c22
2023-03-24 15:46:01,True,3.665e-05,1.137e-08,96300.0,0.0109,0x8e...9a0d,https://bscscan.com/tx/0xba605c930e8ab679347c902b11f318bb0efd86a17a9b8f8caf7be587b0b30ca6
2023-03-24 15:39:07,True,3.671e-05,1.137e-08,1167674.0,0.1328,0x5a...b778,https://bscscan.com/tx/0x771ebe27a5e2431a83ad2e81678e9b305c8e2683774e88a7fed881f3208f0a99
2023-03-24 15:38:21,True,3.689e-05,1.137e-08,653686.0,0.0743,0x5f...5ba0,https://bscscan.com/tx/0x70a17e2c7900d5eab0545d53b8abc41c87dbd5c07ea74f173bc3bd65fc22f2d0
2023-03-24 15:37:41,False,3.652e-05,1.131e-08,417583.0,0.0472,0xd6...e6f9,https://bscscan.com/tx/0xec79c6396dcbda5093fc3b789671ccf257015882f9932cd1853fd5d1c8842f6b
2023-03-24 15:37:41,False,3.652e-05,1.131e-08,26220.4,0.0029,0xd6...e6f9,https://bscscan.com/tx/0xec79c6396dcbda5093fc3b789671ccf257015882f9932cd1853fd5d1c8842f6b
2023-03-24 15:37:23,True,3.689e-05,1.137e-08,421026.0,0.0478,0xd6...e6f9,https://bscscan.com/tx/0xfee87f4a7afb3a5e444de2eb88f20a4cd08d42367bbcf1732474a1ef28eb35ef
2023-03-24 15:35:56,True,3.689e-05,1.137e-08,369214.0,0.042,0x2d...5ca5,https://bscscan.com/tx/0x99a6585374bb043c526f6a84902d8fba79856df9abca2a1c0c98aba3191f42ac
2023-03-24 15:35:44,True,3.67e-05,1.137e-08,4780238.0,0.5437,0x5a...e6e3,https://bscscan.com/tx/0x73c21fd751c9b04440b4d520a84d5a798aac9077f51d15672a493b908737b13c
2023-03-24 15:35:23,True,3.688e-05,1.137e-08,272550.0,0.031,0xf4...82d0,https://bscscan.com/tx/0x6597cc9f0979c51cdcd9e492a2869ac050bc5df833b8a1cc585597b476592a8d
2023-03-24 15:34:56,True,3.669e-05,1.137e-08,1406737.0,0.16,0x83...91b6,https://bscscan.com/tx/0x95e538ab7f327168d651b9b95f499602bdfe17bb7f9aa3eb70183d6ada5847b8
2023-03-24 15:32:14,True,3.669e-05,1.137e-08,27256.0,0.0031,0x1a...ef59,https://bscscan.com/tx/0x30d3bd0e4780785cd02366a5d66bbed45e2d11cbb70ca3953e6ff7bfb2d95805
2023-03-24 15:30:53,True,3.687e-05,1.137e-08,387537.0,0.044,0x83...2f3f,https://bscscan.com/tx/0x71ae881cf39acfab6332a6f6021d17727705c8f4c193c291844e8eb54928c7fa
2023-03-24 15:29:53,False,3.669e-05,1.131e-08,2040560.0,0.2309,0x31...cee3,https://bscscan.com/tx/0xf19804a8408a52e74d5ac06c15c4ebaf40ee37b1486e31d5e78cd296176d4845
2023-03-24 15:29:53,False,3.669e-05,1.131e-08,28840.5,0.0032,0x31...cee3,https://bscscan.com/tx/0xf19804a8408a52e74d5ac06c15c4ebaf40ee37b1486e31d5e78cd296176d4845
2023-03-24 15:29:41,True,3.69e-05,1.137e-08,87106.1,0.0099,0x3b...cdc2,https://bscscan.com/tx/0x08fc8f37d4ac6f714546700d5f025024e501f8d7b5d72d30b52ac1c09b6f9baf
2023-03-24 15:29:11,True,3.688e-05,1.137e-08,105696.0,0.012,0x68...36fa,https://bscscan.com/tx/0xe4c4983490b430a22e78187b7105aeebe36af1d044671cce08e76f5d71e07814
2023-03-24 15:28:53,False,3.651e-05,1.131e-08,10457403.0,1.18364,0x71...a2c4,https://bscscan.com/tx/0x24aa79ad42e2e54c8ba3a5500ae2e697cdc90588a07bbb6aad6d92645544bba7
2023-03-24 15:28:53,False,3.652e-05,1.132e-08,27270.0,0.003,0x71...a2c4,https://bscscan.com/tx/0x24aa79ad42e2e54c8ba3a5500ae2e697cdc90588a07bbb6aad6d92645544bba7
2023-03-24 15:26:11,True,3.689e-05,1.137e-08,100000.0,0.0113,0x25...450f,https://bscscan.com/tx/0xbf3a4599a0e393b5f7f20330113e841ef088f2fe6a7b51ca852d2f42588409e3
2023-03-24 15:25:38,False,3.671e-05,1.132e-08,9970000.0,1.12876,0x78...39b8,https://bscscan.com/tx/0x16fc07c4e83b5c5965f48d6902fcc4854a31d3eac2d43b72fda3eda2db4033b6
2023-03-24 15:25:38,False,3.671e-05,1.132e-08,27000.0,0.003,0x78...39b8,https://bscscan.com/tx/0x16fc07c4e83b5c5965f48d6902fcc4854a31d3eac2d43b72fda3eda2db4033b6
2023-03-24 15:25:32,False,3.671e-05,1.132e-08,9970000.0,1.12904,0xc0...67de,https://bscscan.com/tx/0xfcde95ce59e31b9d0ddeb7aa81b642bdeba4171813c98d6dd074ac6d3f0e761c
2023-03-24 15:25:32,False,3.672e-05,1.132e-08,7829.68,8.867e-05,0xc0...67de,https://bscscan.com/tx/0xfcde95ce59e31b9d0ddeb7aa81b642bdeba4171813c98d6dd074ac6d3f0e761c
2023-03-24 15:25:29,True,3.69e-05,1.138e-08,68151.6,0.0077,0xca...f359,https://bscscan.com/tx/0x9e0a80c37e97043dced402dbac8f91d08ba68bd64cf17391edd17c7ba1cf16f1
2023-03-24 15:24:08,False,3.672e-05,1.132e-08,2823235.0,0.3197,0x24...4778,https://bscscan.com/tx/0xfa6fbd89761f3148b13a0c17b287e6f03afcca600a880fd5846b0ff188b47cef
2023-03-24 15:24:08,False,3.672e-05,1.132e-08,7341.25,8.315e-05,0x24...4778,https://bscscan.com/tx/0xfa6fbd89761f3148b13a0c17b287e6f03afcca600a880fd5846b0ff188b47cef
2023-03-24 15:23:44,True,3.69e-05,1.138e-08,664597.0,0.0756,0x00...f95e,https://bscscan.com/tx/0x4d0d9058adf8a2a3ec04f807d1c682bace70a82860617f792dd636184baf4a44
2023-03-24 15:23:20,False,3.672e-05,1.132e-08,2048221.0,0.2319,0x5b...561e,https://bscscan.com/tx/0x0217a72f79228d690926344534213cc1f19b7e688c051d52da704030a0db6977
2023-03-24 15:23:20,False,3.672e-05,1.132e-08,2244.01,2.541e-05,0x5b...561e,https://bscscan.com/tx/0x0217a72f79228d690926344534213cc1f19b7e688c051d52da704030a0db6977
2023-03-24 15:21:47,False,3.672e-05,1.132e-08,749524.0,0.0849,0xc8...f06d,https://bscscan.com/tx/0x07f2d9795155375526d134e20797def9d5a4cd524c681c607189c01e5bd8b772
2023-03-24 15:21:47,False,3.672e-05,1.132e-08,27000.0,0.003,0xc8...f06d,https://bscscan.com/tx/0x07f2d9795155375526d134e20797def9d5a4cd524c681c607189c01e5bd8b772
2023-03-24 15:21:41,False,3.655e-05,1.132e-08,9970000.0,1.12946,0x01...95ab,https://bscscan.com/tx/0x531312f992c686cc134d0e23a87ba8f9690dfc9063a2796048826f9c802a7ec8
2023-03-24 15:21:41,False,3.655e-05,1.132e-08,33518.5,0.0038,0x01...95ab,https://bscscan.com/tx/0x531312f992c686cc134d0e23a87ba8f9690dfc9063a2796048826f9c802a7ec8
2023-03-24 15:20:50,True,3.674e-05,1.138e-08,43910.4,0.005,0x6b...8792,https://bscscan.com/tx/0x0b6de30afc927590d6fc0ed0163cd1cd71da953aacce28a86c9203b6a7bbcc9e
2023-03-24 15:20:35,True,3.692e-05,1.138e-08,9525405.0,1.08451,0x4d...f13d,https://bscscan.com/tx/0x9f2806bbb65ed68696db4620bb1c93cf2e1ce21122a8662b208de2443d3c4c96
2023-03-24 15:19:29,True,3.672e-05,1.138e-08,261769.0,0.0298,0xec...5cfb,https://bscscan.com/tx/0xc54b9acce02429bc22295d1287d2c16d704a9c325c39b16a237a3f6181d56e84
2023-03-24 15:18:11,True,3.673e-05,1.138e-08,268877.0,0.0306,0xec...0c58,https://bscscan.com/tx/0x3cdc58e8f84be755239e08efd99b666da2004c6da081b5c74a1f7518e5cb7a51
2023-03-24 15:14:35,True,3.667e-05,1.138e-08,381778.0,0.0434,0xd3...2e38,https://bscscan.com/tx/0x0fa70391869e018878f4429dc4a0eb3426a58ae6eda2979e3e37db2a2d075019
2023-03-24 15:13:02,True,3.674e-05,1.138e-08,40704.4,0.0046,0xec...0c58,https://bscscan.com/tx/0xe7436d3f780d7436bf340c318720799ec7ee61685251b247a143079e18b65c26
2023-03-24 15:12:32,True,3.655e-05,1.138e-08,263532.0,0.03,0x1c...82f9,https://bscscan.com/tx/0xb44e19aff0d158e4b4407e715a5fcd825ac2e8323e544aca28586e8f99e452ce
2023-03-24 15:12:08,False,3.655e-05,1.132e-08,1623391.0,0.1838,0x94...a2b5,https://bscscan.com/tx/0xc7d3e611ac900138cecf1057fa82325e88c9f6f144a1dd0090a20601a61172cd
2023-03-24 15:12:08,False,3.655e-05,1.132e-08,27000.0,0.003,0x94...a2b5,https://bscscan.com/tx/0xc7d3e611ac900138cecf1057fa82325e88c9f6f144a1dd0090a20601a61172cd
2023-03-24 15:11:17,False,3.638e-05,1.132e-08,9970000.0,1.12948,0x78...39b8,https://bscscan.com/tx/0x6ea4ad99a81b10224fe0b6ccf67fb43f84f2dfdee21e77df52f8547cd83ded50
2023-03-24 15:11:17,False,3.638e-05,1.133e-08,19053.7,0.0021,0x78...39b8,https://bscscan.com/tx/0x6ea4ad99a81b10224fe0b6ccf67fb43f84f2dfdee21e77df52f8547cd83ded50
2023-03-24 15:09:23,False,3.656e-05,1.133e-08,7035756.0,0.7972,0x7b...f058,https://bscscan.com/tx/0xf1c24763e6d8e661d5b38538a9a707e1068d236c11236a7b0c33a480ee349970
2023-03-24 15:09:23,False,3.657e-05,1.133e-08,24676.6,0.0028,0x7b...f058,https://bscscan.com/tx/0xf1c24763e6d8e661d5b38538a9a707e1068d236c11236a7b0c33a480ee349970
2023-03-24 15:08:26,True,3.674e-05,1.138e-08,7295835.0,0.8308,0xb3...0f71,https://bscscan.com/tx/0x5b839cb984dd745474216793c22069a7a0da1ada465c3d2c32e3374e5b72102a
2023-03-24 15:07:17,False,3.656e-05,1.133e-08,869843.0,0.0985,0xea...e2bf,https://bscscan.com/tx/0x5db74fa3dcc56d7dd24a4130569bee903e9913174ed418bf3ef0112b686b392e
2023-03-24 15:07:17,False,3.656e-05,1.133e-08,42052.5,0.0047,0xea...e2bf,https://bscscan.com/tx/0x5db74fa3dcc56d7dd24a4130569bee903e9913174ed418bf3ef0112b686b392e
2023-03-24 15:06:41,True,3.673e-05,1.138e-08,5487161.0,0.6247,0x36...9e4e,https://bscscan.com/tx/0xc34ef8ba9d8d1c8797455a2c0888dce77f4de1c974a642666d7ac7f35e059f40
2023-03-24 15:02:50,True,3.657e-05,1.138e-08,87829.6,0.01,0xb8...4fe7,https://bscscan.com/tx/0x819b5287ee9ff9dd6c93cb7d6bbf75099270e27bd7080e7ae3e52fff04d218fb
2023-03-24 15:01:20,False,3.64e-05,1.133e-08,9970000.0,1.12962,0x78...39b8,https://bscscan.com/tx/0xfc3241f02e34eb835f19c98e281d9a81005df7d87727af3783c6a1cf941d22be
2023-03-24 15:01:20,False,3.64e-05,1.133e-08,3610.29,4.091e-05,0x78...39b8,https://bscscan.com/tx/0xfc3241f02e34eb835f19c98e281d9a81005df7d87727af3783c6a1cf941d22be
2023-03-24 15:01:05,False,3.66e-05,1.133e-08,1333134.0,0.151,0x59...b70f,https://bscscan.com/tx/0x1aeb92ecbf46e7fa6651fbff32d4254eb7f35e95092115ba30238e7ef732c32c
2023-03-24 15:01:05,False,3.66e-05,1.133e-08,8100.0,9.178e-05,0x59...b70f,https://bscscan.com/tx/0x1aeb92ecbf46e7fa6651fbff32d4254eb7f35e95092115ba30238e7ef732c32c
2023-03-24 15:00:47,False,3.64e-05,1.133e-08,2991000.0,0.3389,0x15...f0ed,https://bscscan.com/tx/0xa99ffd2523e5056203e4c23d8a6f9ebb72024959303e78328caab20591812ac0
2023-03-24 15:00:47,False,3.64e-05,1.133e-08,3062.02,3.47e-05,0x15...f0ed,https://bscscan.com/tx/0xa99ffd2523e5056203e4c23d8a6f9ebb72024959303e78328caab20591812ac0
2023-03-24 14:58:05,False,3.664e-05,1.133e-08,1130678.0,0.1281,0x70...eac6,https://bscscan.com/tx/0xe07ec5390ef9aac2d8cc84ff6e65fa11723b45560a4f9b304035a9529e4eea0f
2023-03-24 14:58:05,False,3.664e-05,1.133e-08,9784.98,0.0011,0x70...eac6,https://bscscan.com/tx/0xe07ec5390ef9aac2d8cc84ff6e65fa11723b45560a4f9b304035a9529e4eea0f
2023-03-24 14:56:47,False,3.664e-05,1.133e-08,3613194.0,0.4095,0xc0...5eca,https://bscscan.com/tx/0x99ae0c1c6389e7d8846f4c3bb7a88565767681c4ee801fc078d430deea9f57d6
2023-03-24 14:56:47,False,3.664e-05,1.133e-08,27992.5,0.0031,0xc0...5eca,https://bscscan.com/tx/0x99ae0c1c6389e7d8846f4c3bb7a88565767681c4ee801fc078d430deea9f57d6
2023-03-24 14:54:23,True,3.678e-05,1.139e-08,367589.0,0.0418,0x5f...a563,https://bscscan.com/tx/0xd3c7bfbe384e5e2a6228e6f2dd7b39a5ed76d8f07b1b7f8b5c7787671e3d5dbb
2023-03-24 14:53:47,False,3.642e-05,1.133e-08,9970000.0,1.13015,0x78...39b8,https://bscscan.com/tx/0x683625d253f9c3cde965fb3762aeac75c38e00bd4a2588ba7c1e560b94cacbb8
2023-03-24 14:53:47,False,3.642e-05,1.133e-08,4472.31,5.07e-05,0x78...39b8,https://bscscan.com/tx/0x683625d253f9c3cde965fb3762aeac75c38e00bd4a2588ba7c1e560b94cacbb8
2023-03-24 14:53:14,True,3.661e-05,1.139e-08,804833.0,0.0917,0x47...0bf4,https://bscscan.com/tx/0xfdff4a36d883122bdc4deebc67438cfdd39c383561a4a8c0dd7393160122b388
2023-03-24 14:52:24,True,3.681e-05,1.139e-08,135000.0,0.0153,0x69...25da,https://bscscan.com/tx/0x1596dfe49f7073b57450e3c60691e963416d464dc68991cb87eb1846b81b2644
2023-03-24 14:51:11,True,3.679e-05,1.139e-08,163077.0,0.0185,0xdd...4f50,https://bscscan.com/tx/0x3a687525dd298ee2b510f2558f5b692fd3e640520060cd2909cbd1d100bdb226
2023-03-24 14:51:05,True,3.66e-05,1.139e-08,252089.0,0.0287,0x5f...a563,https://bscscan.com/tx/0x753111ff90156bb00ecea889f27486ef3568b7872ef65e5fbbafd73bc2e8aaea
2023-03-24 14:49:54,False,3.66e-05,1.133e-08,300510.0,0.034,0xd9...73c6,https://bscscan.com/tx/0xd2a5fa12499b3feeaf771e2a8c0c96e41ea45a94930e603c54c1ebfcdab04b6f
2023-03-24 14:49:54,False,3.66e-05,1.133e-08,2700.0,3.06e-05,0xd9...73c6,https://bscscan.com/tx/0xd2a5fa12499b3feeaf771e2a8c0c96e41ea45a94930e603c54c1ebfcdab04b6f
2023-03-24 14:49:03,False,3.641e-05,1.133e-08,997000.0,0.113,0xa7...b7b6,https://bscscan.com/tx/0x87c6be6b3bced09748d5d1ec4980e5832bb83ecb3b794b91bc0c42e2d7fb0712
2023-03-24 14:49:03,False,3.641e-05,1.133e-08,1350.01,1.53e-05,0xa7...b7b6,https://bscscan.com/tx/0x87c6be6b3bced09748d5d1ec4980e5832bb83ecb3b794b91bc0c42e2d7fb0712
2023-03-24 14:45:01,False,3.644e-05,1.133e-08,498505.0,0.0565,0xb6...ec9d,https://bscscan.com/tx/0xb1a756eafdd22cc672a36c99fcbd4b7cb4da9c7cec6ba73e262c91e1c4df05cb
2023-03-24 14:45:01,False,3.644e-05,1.133e-08,734.843,8.33e-06,0xb6...ec9d,https://bscscan.com/tx/0xb1a756eafdd22cc672a36c99fcbd4b7cb4da9c7cec6ba73e262c91e1c4df05cb
2023-03-24 14:44:55,False,3.644e-05,1.133e-08,271348.0,0.0307,0x70...70ba,https://bscscan.com/tx/0x6f05767600cec8357f4f8035ac2f26bd94796debb74de90f2ae4446d40a7680b
2023-03-24 14:44:55,False,3.644e-05,1.133e-08,8121.48,9.207e-05,0x70...70ba,https://bscscan.com/tx/0x6f05767600cec8357f4f8035ac2f26bd94796debb74de90f2ae4446d40a7680b
2023-03-24 14:42:08,False,3.645e-05,1.133e-08,2998930.0,0.34,0x9d...a988,https://bscscan.com/tx/0xf682678a0a3ec5d8e82aaa3b1aa8597e36df84076f83b219989ab8ee40026eb0
2023-03-24 14:42:08,False,3.645e-05,1.133e-08,243.461,2.76e-06,0x9d...a988,https://bscscan.com/tx/0xf682678a0a3ec5d8e82aaa3b1aa8597e36df84076f83b219989ab8ee40026eb0
2023-03-24 14:41:26,False,3.663e-05,1.133e-08,89900.1,0.0101,0x0e...9ea9,https://bscscan.com/tx/0xe2ffec6f35bac429e6fd833a69c1df7490b53f255d91f7cf62d7810aaa6d5cc7
2023-03-24 14:41:26,False,3.663e-05,1.133e-08,15676.6,0.0017,0x0e...9ea9,https://bscscan.com/tx/0xe2ffec6f35bac429e6fd833a69c1df7490b53f255d91f7cf62d7810aaa6d5cc7
2023-03-24 14:37:59,True,3.682e-05,1.139e-08,1058157.0,0.1205,0xb1...80c4,https://bscscan.com/tx/0xf90469c2d8328737aafd485c572ad493a365943a31d5ea4b028c9ff7089aadb2
2023-03-24 14:36:29,True,3.682e-05,1.139e-08,2343290.0,0.267,0x39...03b1,https://bscscan.com/tx/0x976c41ed424e95497d69ba228ffb74dcab96c8874925ed6de0ef931f6616b819
2023-03-24 14:36:26,False,3.663e-05,1.133e-08,2397472.0,0.2718,0xb9...1fd1,https://bscscan.com/tx/0xf54643b1b40683b905aadf413dfe1299f1b53f275e92f8c5aa40f86bf825de27
2023-03-24 14:36:26,False,3.664e-05,1.133e-08,47755.1,0.0054,0xb9...1fd1,https://bscscan.com/tx/0xf54643b1b40683b905aadf413dfe1299f1b53f275e92f8c5aa40f86bf825de27
2023-03-24 14:36:23,True,3.682e-05,1.139e-08,34527.0,0.0039,0x73...7a1c,https://bscscan.com/tx/0xfdbe5cd7283ec52edae7b79562a99efa278677aa5bb731537aceb45b98de6bca
2023-03-24 14:33:53,True,3.681e-05,1.139e-08,13000000.0,1.48106,0x8a...4014,https://bscscan.com/tx/0x46306d552d0f016c79e523045af29de43788e0f0e4a2a22a2cc6100481a12a50
2023-03-24 14:31:44,False,3.644e-05,1.133e-08,4638594.0,0.5257,0x4f...5361,https://bscscan.com/tx/0x2f3dedbf1786771eba36cfd355bcca4632f7f3da4f3dc808b2abbd1bb070052b
2023-03-24 14:31:44,False,3.644e-05,1.133e-08,2833.7,3.212e-05,0x4f...5361,https://bscscan.com/tx/0x2f3dedbf1786771eba36cfd355bcca4632f7f3da4f3dc808b2abbd1bb070052b
2023-03-24 14:29:08,False,3.645e-05,1.133e-08,1046370.0,0.1186,0xa7...7903,https://bscscan.com/tx/0x2fa78f30723e528bff34ab1070a2b20f72b4ad5cd196e765feee0a5bae9576e8
2023-03-24 14:29:08,False,3.645e-05,1.133e-08,3417.26,3.873e-05,0xa7...7903,https://bscscan.com/tx/0x2fa78f30723e528bff34ab1070a2b20f72b4ad5cd196e765feee0a5bae9576e8
2023-03-24 14:23:17,False,3.651e-05,1.133e-08,1261853.0,0.143,0x96...587f,https://bscscan.com/tx/0x47141df04121978cea07f50bd13badd9efee0c4a0bf03dd82afa6014c312670a
2023-03-24 14:23:17,False,3.651e-05,1.133e-08,1865.03,2.114e-05,0x96...587f,https://bscscan.com/tx/0x47141df04121978cea07f50bd13badd9efee0c4a0bf03dd82afa6014c312670a
2023-03-24 14:21:59,False,3.674e-05,1.133e-08,688679.0,0.078,0x69...9533,https://bscscan.com/tx/0xd527b677a6fd5729c12462ecd3076178bc02ea941774dc0343cf4c978e33cfee
2023-03-24 14:21:59,False,3.674e-05,1.133e-08,5688.64,6.448e-05,0x69...9533,https://bscscan.com/tx/0xd527b677a6fd5729c12462ecd3076178bc02ea941774dc0343cf4c978e33cfee
2023-03-24 14:20:35,False,3.675e-05,1.133e-08,2100584.0,0.2381,0xef...8d30,https://bscscan.com/tx/0x19974582c80f9f7238e096e4ea0ead1efb61b4e9abef7055d8aeed303f45fb81
2023-03-24 14:20:35,False,3.675e-05,1.133e-08,10465.1,0.0011,0xef...8d30,https://bscscan.com/tx/0x19974582c80f9f7238e096e4ea0ead1efb61b4e9abef7055d8aeed303f45fb81
2023-03-24 14:20:08,False,3.676e-05,1.133e-08,3864329.0,0.4381,0x60...e88c,https://bscscan.com/tx/0xbbbd0c544bca05590c6e72103925f3f8c7e17aa3998eed1a162e131775e2defe
2023-03-24 14:20:08,False,3.676e-05,1.133e-08,3812.67,4.322e-05,0x60...e88c,https://bscscan.com/tx/0xbbbd0c544bca05590c6e72103925f3f8c7e17aa3998eed1a162e131775e2defe
2023-03-24 14:16:14,False,3.679e-05,1.133e-08,1407862.0,0.1596,0xc9...ecc9,https://bscscan.com/tx/0x1b86e449789a5c84dac208a20f4603733d96dfaeb3194b756a3c25ec4d8e41b3
2023-03-24 14:16:14,False,3.679e-05,1.133e-08,48349.1,0.0054,0xc9...ecc9,https://bscscan.com/tx/0x1b86e449789a5c84dac208a20f4603733d96dfaeb3194b756a3c25ec4d8e41b3
2023-03-24 14:11:02,True,3.678e-05,1.139e-08,5969151.0,0.6801,0xad...ee1f,https://bscscan.com/tx/0xaa046077ab08a99b7bd288588502255794077367bc6a126649cf6b5e09e744fe
2023-03-24 14:09:41,True,3.696e-05,1.139e-08,7899.26,9e-05,0x68...2420,https://bscscan.com/tx/0x0e4593e97a21831fb01896d9020564388ed33f1cd1532d9fe3437cca0ea23e9e
2023-03-24 14:07:14,True,3.696e-05,1.139e-08,1121342.0,0.1277,0xfe...e32e,https://bscscan.com/tx/0xdbfdd056ade45eed5105c3ddbf7f4ccffd8ea61651806c6d964d490e6d35facc
2023-03-24 14:04:44,True,3.678e-05,1.139e-08,110000.0,0.0125,0xf3...f7a5,https://bscscan.com/tx/0x2c3b7a520e1a2e0894855ecaf9d48d835748aed7227785ba462734a90c77ea35
2023-03-24 14:04:38,False,3.659e-05,1.133e-08,68880.9,0.0078,0x65...e4d0,https://bscscan.com/tx/0xa53ee555ed91e25aad54f6e1a853e4169e570dda822f11da6813f1fa595e57b4
2023-03-24 14:04:38,False,3.659e-05,1.133e-08,12754.8,0.0014,0x65...e4d0,https://bscscan.com/tx/0xa53ee555ed91e25aad54f6e1a853e4169e570dda822f11da6813f1fa595e57b4
2023-03-24 14:03:53,True,3.678e-05,1.139e-08,835988.0,0.0952,0xfe...e32e,https://bscscan.com/tx/0xe49849624fe78695333492ef3496d6d58db1cc75348073c74ecbb8c5ffe4bb52
2023-03-24 14:02:32,False,3.664e-05,1.133e-08,3876351.0,0.4394,0x27...40ed,https://bscscan.com/tx/0x3da67e3fdb0f6be9e99b89120f0a634c15cfec854e892e1c429ecb842d6f592c
2023-03-24 14:02:32,False,3.665e-05,1.133e-08,30975.3,0.0035,0x27...40ed,https://bscscan.com/tx/0x3da67e3fdb0f6be9e99b89120f0a634c15cfec854e892e1c429ecb842d6f592c
2023-03-24 14:00:17,False,3.683e-05,1.133e-08,11437925.0,1.29692,0xc0...1f4f,https://bscscan.com/tx/0xac6df2fbbe71b6cd1f244174d2bedc36e4470883f1c68230a10ed0b50fae6592
2023-03-24 14:00:17,False,3.684e-05,1.134e-08,7380.25,8.369e-05,0xc0...1f4f,https://bscscan.com/tx/0xac6df2fbbe71b6cd1f244174d2bedc36e4470883f1c68230a10ed0b50fae6592
2023-03-24 13:59:11,True,3.684e-05,1.139e-08,2193571.0,0.25,0x1a...fd06,https://bscscan.com/tx/0x03f3468058375c31b067a9d024653d6f4e4180ad1937f987c0154fb22d69dac8
2023-03-24 13:57:00,True,3.684e-05,1.139e-08,39856.7,0.0045,0x4c...fa9c,https://bscscan.com/tx/0x9a6b2e64e70d536aa201f214cc08862487184ac92158753e0f6b136105df6d5c
2023-03-24 13:56:57,False,3.665e-05,1.133e-08,498500.0,0.0565,0xb6...626b,https://bscscan.com/tx/0x4392521cd0e6c48e2e19f4fc4e49fdfea3ec316ec590796479b896ab041cdea9
2023-03-24 13:56:57,False,3.665e-05,1.133e-08,27043.2,0.003,0xb6...626b,https://bscscan.com/tx/0x4392521cd0e6c48e2e19f4fc4e49fdfea3ec316ec590796479b896ab041cdea9
2023-03-24 13:56:39,False,3.666e-05,1.134e-08,9985952.0,1.13253,0x6f...72b0,https://bscscan.com/tx/0x3dd55120dee0f4d1424e671d71250b1f6c637a2e5997f58d6ca4c7802e120b80
2023-03-24 13:56:39,False,3.666e-05,1.134e-08,5400.0,6.125e-05,0x6f...72b0,https://bscscan.com/tx/0x3dd55120dee0f4d1424e671d71250b1f6c637a2e5997f58d6ca4c7802e120b80
2023-03-24 13:55:41,False,3.667e-05,1.134e-08,1994000.0,0.2261,0x77...2d38,https://bscscan.com/tx/0xa496380492ba074010743f11d35d7301ffd8286995d3473ef369218b0fb190a9
2023-03-24 13:55:41,False,3.667e-05,1.134e-08,187363.0,0.0212,0x77...2d38,https://bscscan.com/tx/0xa496380492ba074010743f11d35d7301ffd8286995d3473ef369218b0fb190a9
2023-03-24 13:53:59,True,3.702e-05,1.14e-08,1023667.0,0.1167,0x2a...9260,https://bscscan.com/tx/0xf95a35164c1c4f769384dc08c269b85b91f24339c1f19040e4edbd3cb1f81045
2023-03-24 13:51:11,True,3.683e-05,1.139e-08,188598.0,0.0215,0x30...58cb,https://bscscan.com/tx/0x347028ef285fa3514fdbc92152753b9e6fceffab213dd654c1d4ecdec42df7fe
2023-03-24 13:48:02,True,3.7e-05,1.139e-08,26101400.0,2.97456,0x9e...b9ed,https://bscscan.com/tx/0x81a4ef7210e2cb98cb0c285396523bcbb7dbfb23b97d8809375daca9d1cc5307
2023-03-24 13:47:17,True,3.699e-05,1.139e-08,753399.0,0.0858,0x0d...0024,https://bscscan.com/tx/0x4d7d28f7190127a0e4f50f4b459301012263a09bc21d120a7a20247c5fb4741b
2023-03-24 13:47:05,True,3.698e-05,1.139e-08,126626.0,0.0144,0x15...4042,https://bscscan.com/tx/0x55470895ea48564896aee293b484192ee1a841334d44dc232b916088807ad66e
2023-03-24 13:45:29,False,3.682e-05,1.134e-08,41051157.0,4.65566,0xd7...938e,https://bscscan.com/tx/0xf4bcb470e22c35d566481df84a75a6d8844cc77e36236621d213c52b38ff2481
2023-03-24 13:45:29,False,3.684e-05,1.134e-08,270.0,3.063e-06,0xd7...938e,https://bscscan.com/tx/0xf4bcb470e22c35d566481df84a75a6d8844cc77e36236621d213c52b38ff2481
2023-03-24 13:44:56,False,3.684e-05,1.134e-08,99700.0,0.0113,0xa9...9045,https://bscscan.com/tx/0x15b824c3b5e7f3a31162cf2b37cbf67c5debfeeb94048d10976d9872bdbc8215
2023-03-24 13:44:56,False,3.684e-05,1.134e-08,893.428,1.013e-05,0xa9...9045,https://bscscan.com/tx/0x15b824c3b5e7f3a31162cf2b37cbf67c5debfeeb94048d10976d9872bdbc8215
2023-03-24 13:43:35,False,3.683e-05,1.134e-08,329907.0,0.0374,0x4e...585e,https://bscscan.com/tx/0x7b6dcd47ac03a01314742e2d2b2c467dc82b66692ff9f0a8621fd634630e6da1
2023-03-24 13:43:35,False,3.683e-05,1.134e-08,2533.81,2.875e-05,0x4e...585e,https://bscscan.com/tx/0x7b6dcd47ac03a01314742e2d2b2c467dc82b66692ff9f0a8621fd634630e6da1
2023-03-24 13:40:32,True,3.683e-05,1.14e-08,438447.0,0.05,0x92...5262,https://bscscan.com/tx/0xe9e1f8bf35ce73abaea223a0c23fc3dc718a12287c4adb0587f8d43fa8b36ed8
2023-03-24 13:39:23,False,3.664e-05,1.134e-08,498500.0,0.0565,0x96...07a6,https://bscscan.com/tx/0xff8a51f7d5067275db9126a23e92c073380599687141d761ddacde63b62937bb
2023-03-24 13:39:23,False,3.664e-05,1.134e-08,289372.0,0.0328,0x96...07a6,https://bscscan.com/tx/0xff8a51f7d5067275db9126a23e92c073380599687141d761ddacde63b62937bb
2023-03-24 13:37:41,True,3.676e-05,1.138e-08,106918141.0,12.1768,0x12...5c3e,https://bscscan.com/tx/0x66a5c8a060e60bc606ff98d1918cb47902763b6224641c378d88618f31cb00cf
2023-03-24 13:37:20,False,3.672e-05,1.131e-08,255926.0,0.0289,0x3b...a414,https://bscscan.com/tx/0xe905e9aed6cf8c285cf815a0fc1d1255e66bc383672c607deef1b0e6753ea169
2023-03-24 13:37:20,False,3.672e-05,1.131e-08,8690.74,9.835e-05,0x3b...a414,https://bscscan.com/tx/0xe905e9aed6cf8c285cf815a0fc1d1255e66bc383672c607deef1b0e6753ea169
2023-03-24 13:36:20,False,3.672e-05,1.131e-08,3209134.0,0.3631,0x05...a212,https://bscscan.com/tx/0x5ab9c64c891a892a6993f98eb20835dc1480a6296f63cbd8b2803f191deef404
2023-03-24 13:36:20,False,3.672e-05,1.131e-08,98617.7,0.0111,0x05...a212,https://bscscan.com/tx/0x5ab9c64c891a892a6993f98eb20835dc1480a6296f63cbd8b2803f191deef404
2023-03-24 13:34:59,True,3.688e-05,1.137e-08,145687.0,0.0165,0x35...2e01,https://bscscan.com/tx/0xc8b1e67fb40674e9fa9870740ebfadc49d7592e8bcaee08265ecc02dff5d7bcb
2023-03-24 13:31:56,True,3.671e-05,1.137e-08,2892600.0,0.329,0x5f...8d02,https://bscscan.com/tx/0x04735735035260865780412c660a9b4c9b12d9b0b02eef7bd7c21f5b41bcb58b
2023-03-24 13:31:26,True,3.67e-05,1.137e-08,2710671.0,0.3083,0x5c...25d1,https://bscscan.com/tx/0x38909a58fd65c98b14d3add6ba63116957fc55d489838b77fc7bbe362f3266b2
2023-03-24 13:30:20,True,3.688e-05,1.137e-08,110000.0,0.0125,0x82...7120,https://bscscan.com/tx/0xf3dca5557e1ee50fd273c2e4f7f7e91556d3cac46ce3be2e9dd61149dee82079
2023-03-24 13:28:44,True,3.687e-05,1.136e-08,30085621.0,3.42039,0x20...946b,https://bscscan.com/tx/0x449eb1af28845a7088957b92d1e20c425297f187dd39403e725282ca09ace2b2
2023-03-24 13:27:35,False,3.668e-05,1.13e-08,578737.0,0.0654,0x5b...e1aa,https://bscscan.com/tx/0x07d0fab0b34bb9db3e308bb44ad1b6f061ca5d324f55db5bd6dc6ecbdacbf507
2023-03-24 13:27:35,False,3.668e-05,1.13e-08,8817.8,9.971e-05,0x5b...e1aa,https://bscscan.com/tx/0x07d0fab0b34bb9db3e308bb44ad1b6f061ca5d324f55db5bd6dc6ecbdacbf507
2023-03-24 13:26:56,False,3.669e-05,1.13e-08,3256055.0,0.3682,0x20...85b5,https://bscscan.com/tx/0xc80f5021ab943d21a33bb0be57b879b93ad8ed8b3be29c0114f642f53b413b3a
2023-03-24 13:26:56,False,3.669e-05,1.13e-08,6336.38,7.165e-05,0x20...85b5,https://bscscan.com/tx/0xc80f5021ab943d21a33bb0be57b879b93ad8ed8b3be29c0114f642f53b413b3a
2023-03-24 13:14:17,False,3.645e-05,1.13e-08,978143.0,0.1106,0x1e...8806,https://bscscan.com/tx/0xa30e299d1ecf0e88b37098251b8982bbbc96cf97109999c1cc67b14d7b861af9
2023-03-24 13:14:17,False,3.645e-05,1.13e-08,5085.89,5.751e-05,0x1e...8806,https://bscscan.com/tx/0xa30e299d1ecf0e88b37098251b8982bbbc96cf97109999c1cc67b14d7b861af9
2023-03-24 13:13:20,False,3.645e-05,1.13e-08,1878013.0,0.2123,0x9e...828a,https://bscscan.com/tx/0xfee724c51b21234c37bc20f6d6896786486c00fc47875c794e190a9f84aaab66
2023-03-24 13:13:20,False,3.645e-05,1.13e-08,11049.2,0.0012,0x9e...828a,https://bscscan.com/tx/0xfee724c51b21234c37bc20f6d6896786486c00fc47875c794e190a9f84aaab66
2023-03-24 13:11:20,True,3.664e-05,1.136e-08,2116993.0,0.2406,0xaf...2d0e,https://bscscan.com/tx/0xb604435d593706caef33dc01ac9d14c118bfc91b658f405bb0005935062c9959
2023-03-24 13:10:38,False,3.645e-05,1.13e-08,683269.0,0.0772,0x11...54cc,https://bscscan.com/tx/0x2a9934bd144e7a356641d7acc5ca95cd03693f6fe77c77919e194efa5b1eadd8
2023-03-24 13:10:38,False,3.646e-05,1.13e-08,56719.3,0.0064,0x11...54cc,https://bscscan.com/tx/0x2a9934bd144e7a356641d7acc5ca95cd03693f6fe77c77919e194efa5b1eadd8
2023-03-24 13:09:14,True,3.642e-05,1.136e-08,351925.0,0.04,0x21...e609,https://bscscan.com/tx/0xabdab694f448db46c2c3d5482c1af93aaac8036950152e6ee92b6d38e2ea19ce
2023-03-24 13:03:50,False,3.643e-05,1.131e-08,19940000.0,2.25562,0xca...8c6d,https://bscscan.com/tx/0xdb1eaa0a3257ee1683d334c267600ccc23f9705aae478a184e237eeda36e340c
2023-03-24 13:03:50,False,3.643e-05,1.131e-08,4798.41,5.429e-05,0xca...8c6d,https://bscscan.com/tx/0xdb1eaa0a3257ee1683d334c267600ccc23f9705aae478a184e237eeda36e340c
2023-03-24 13:03:38,False,3.626e-05,1.131e-08,1771858.0,0.2004,0x46...ba3f,https://bscscan.com/tx/0xcaf5cc99ec3a9211b0e8efa86ce59c933478c035977408337ea345127da671d5
2023-03-24 13:03:38,False,3.626e-05,1.131e-08,11954.8,0.0013,0x46...ba3f,https://bscscan.com/tx/0xcaf5cc99ec3a9211b0e8efa86ce59c933478c035977408337ea345127da671d5
2023-03-24 13:03:26,False,3.625e-05,1.131e-08,4414418.0,0.4995,0x58...ded0,https://bscscan.com/tx/0x6387a32fc48ed38cff01497a7610cea014335d0650ecaad04fc6b99351eefe3f
2023-03-24 13:03:26,False,3.626e-05,1.131e-08,2668.74,3.02e-05,0x58...ded0,https://bscscan.com/tx/0x6387a32fc48ed38cff01497a7610cea014335d0650ecaad04fc6b99351eefe3f
2023-03-24 13:01:23,False,3.628e-05,1.131e-08,985457.0,0.1115,0x85...746f,https://bscscan.com/tx/0x9482d64ef08438564e873d25c991e5fe802fc38f2841a9964b1d196538ea7fcb
2023-03-24 13:01:23,False,3.628e-05,1.131e-08,15586.5,0.0017,0x85...746f,https://bscscan.com/tx/0x9482d64ef08438564e873d25c991e5fe802fc38f2841a9964b1d196538ea7fcb
2023-03-24 12:59:44,True,3.666e-05,1.137e-08,1388975.0,0.1579,0xcb...5cc2,https://bscscan.com/tx/0x0b5e49664760040ab37ae433afdf594801bb020bd3d8d08d762ec74ce6d60a09
2023-03-24 12:58:05,True,3.66e-05,1.137e-08,4000000.0,0.4549,0xe4...9432,https://bscscan.com/tx/0x33da21673734ac3f45e9519054852c8f8484c32fa8cf5264ae9f2d56b44166fd
2023-03-24 12:58:02,False,3.641e-05,1.131e-08,382655.0,0.0433,0xd6...863c,https://bscscan.com/tx/0xaf6fc19e36dd8b7ce31099d8ad6c13423835f7e73415131582233d333b219886
2023-03-24 12:58:02,False,3.641e-05,1.131e-08,9212.49,0.001,0xd6...863c,https://bscscan.com/tx/0xaf6fc19e36dd8b7ce31099d8ad6c13423835f7e73415131582233d333b219886
2023-03-24 12:57:20,False,3.642e-05,1.131e-08,3401799.0,0.3849,0xca...f828,https://bscscan.com/tx/0x299e6fc5d0dfe8621278240d9c4fc15b5e6faa736641a4642ba7d5c7b3e0479e
2023-03-24 12:57:20,False,3.642e-05,1.131e-08,985.435,1.115e-05,0xca...f828,https://bscscan.com/tx/0x299e6fc5d0dfe8621278240d9c4fc15b5e6faa736641a4642ba7d5c7b3e0479e
2023-03-24 12:56:59,False,3.63e-05,1.131e-08,363881.0,0.0411,0x92...a8b4,https://bscscan.com/tx/0x6ef19c855c90b1dda71f54010feffc6ee50240f6bb5b494f8932a8ca80469d0f
