datetime,buy_order,price_USD,price_native,amount_token,total_native,maker,etherscan_url
2023-04-02 18:42:36,True,3.431e-05,1.094e-08,17815236.0,1.95067,0x43...5e9c,https://bscscan.com/tx/0x5858049ae6f3b5a63cbf594ad678cf476356049ed7b8af2126d5dfc6a3eeeedd
2023-04-02 18:41:48,True,3.41e-05,1.094e-08,27276592.0,2.985,0xca...948c,https://bscscan.com/tx/0x782b6a2d38dfb64ab2db274465950180c511dea18e382cc6e43e3d75f44880e6
2023-04-02 18:39:27,True,3.427e-05,1.093e-08,137114.0,0.015,0x32...c729,https://bscscan.com/tx/0xf69c618057e887efa398551ab80e89074dcdc056b737b837710da247627928ad
2023-04-02 18:38:09,True,3.409e-05,1.093e-08,9096249.0,0.995,0xca...948c,https://bscscan.com/tx/0x4119df5741cf974572930102dcaf21b6eade732876002dccefa8110fc67ecb6e
2023-04-02 18:38:09,False,3.391e-05,1.088e-08,202139.0,0.022,0xa8...3b9e,https://bscscan.com/tx/0x69cd5f9e4f13646fc507c66ab824c912043fbc866d1d6e5a3b847d1cca8d8166
2023-04-02 18:38:09,False,3.391e-05,1.088e-08,44691.8,0.0048,0xa8...3b9e,https://bscscan.com/tx/0x69cd5f9e4f13646fc507c66ab824c912043fbc866d1d6e5a3b847d1cca8d8166
2023-04-02 18:36:27,True,3.425e-05,1.093e-08,182859.0,0.02,0x72...6817,https://bscscan.com/tx/0x211de87ae403c3174afbc151aefbd611f564a7a8eb469196ad08a70405085e22
2023-04-02 18:35:36,True,3.425e-05,1.093e-08,10915228.0,1.19368,0x8a...6661,https://bscscan.com/tx/0x8562c530050920751ed985bdc02a334be473a646434e3ae5ce5d3ac5c576bce2
2023-04-02 18:34:12,True,3.409e-05,1.093e-08,2873679.0,0.3142,0x26...18ce,https://bscscan.com/tx/0x769ea307372e935886b761cfb3ff7fe0bb156508ddd4799a0f462cd69899adad
2023-04-02 18:33:21,False,3.392e-05,1.087e-08,2573023.0,0.2799,0xe9...ffa2,https://bscscan.com/tx/0x500ef4da61ef05ceee12035945dbbd461d25a7ecdbf68ee6e35415bf1a2ac8e7
2023-04-02 18:33:21,False,3.392e-05,1.087e-08,91713.3,0.0099,0xe9...ffa2,https://bscscan.com/tx/0x500ef4da61ef05ceee12035945dbbd461d25a7ecdbf68ee6e35415bf1a2ac8e7
2023-04-02 18:32:57,True,3.427e-05,1.093e-08,620774.0,0.0678,0x39...dc6f,https://bscscan.com/tx/0xb80dbbd0ec0f1660028e2ce0eebd929dae3d1208478cad8e10d047a853ed2ffc
2023-04-02 18:32:48,True,3.427e-05,1.093e-08,3881887.0,0.4244,0xc1...7993,https://bscscan.com/tx/0x15d98c817d024310afcabb162a4a2dbb97819f905006bb140c793b2d3f0322cc
2023-04-02 18:32:03,False,3.392e-05,1.088e-08,33247057.0,3.61828,0xfa...ce4c,https://bscscan.com/tx/0x5e0acf4201b7101ad110b8c4b9fe9f6db1f4e59dc0153e657daf31b36b0555f2
2023-04-02 18:32:03,False,3.394e-05,1.088e-08,10502.8,0.0011,0xfa...ce4c,https://bscscan.com/tx/0x5e0acf4201b7101ad110b8c4b9fe9f6db1f4e59dc0153e657daf31b36b0555f2
2023-04-02 18:32:03,False,3.394e-05,1.088e-08,3878246.0,0.4222,0x05...7066,https://bscscan.com/tx/0x03876a7a281bf01b586e84c382f9fa30341036d7e46342ec94031cdc15575824
2023-04-02 18:32:03,False,3.394e-05,1.088e-08,26070.8,0.0028,0x05...7066,https://bscscan.com/tx/0x03876a7a281bf01b586e84c382f9fa30341036d7e46342ec94031cdc15575824
2023-04-02 18:31:36,False,3.395e-05,1.088e-08,9626872.0,1.04834,0xc0...d1b7,https://bscscan.com/tx/0x22a7e809c3dd7e8b6ce54ca6a31e6cf3436c95d977d16db55830bfafc983b7f6
2023-04-02 18:31:36,False,3.396e-05,1.089e-08,307725.0,0.0335,0xc0...d1b7,https://bscscan.com/tx/0x22a7e809c3dd7e8b6ce54ca6a31e6cf3436c95d977d16db55830bfafc983b7f6
2023-04-02 18:31:24,True,3.413e-05,1.094e-08,251240.0,0.0275,0x08...7c56,https://bscscan.com/tx/0x42568f99ece1168ab3dd4d767c797a087b3ed0916badd836f7bf932c244dd5ae
2023-04-02 18:31:18,True,3.43e-05,1.094e-08,4631547.0,0.5069,0xa8...9a89,https://bscscan.com/tx/0xef65475c7afd4c47214756d9e55757763efd9502a86e3735f52aea0ea91ea57a
2023-04-02 18:29:18,False,3.418e-05,1.09e-08,106556488.0,11.6188,0x05...7066,https://bscscan.com/tx/0x1cc470e89b0f792dcd960ab430486d7943936abc2cf4bf06ca34364823634d96
2023-04-02 18:29:18,False,3.423e-05,1.091e-08,384857.0,0.042,0x05...7066,https://bscscan.com/tx/0x1cc470e89b0f792dcd960ab430486d7943936abc2cf4bf06ca34364823634d96
2023-04-02 18:28:36,True,3.439e-05,1.097e-08,826369.0,0.0906,0xbb...c106,https://bscscan.com/tx/0xff93db05a1a5a6bf232af8f2b5abfb91fc7b52c17efc72582c1d19913a6322e0
2023-04-02 18:28:21,False,3.412e-05,1.093e-08,141288131.0,15.4522,0x23...1208,https://bscscan.com/tx/0x42c68d782020d32287ae423bf5a934e340995d34ae849d0b7b84dce54c4d95fc
2023-04-02 18:28:21,False,3.417e-05,1.095e-08,56681.1,0.0062,0x23...1208,https://bscscan.com/tx/0x42c68d782020d32287ae423bf5a934e340995d34ae849d0b7b84dce54c4d95fc
2023-04-02 18:28:21,False,3.418e-05,1.095e-08,20930021.0,2.29357,0x20...946b,https://bscscan.com/tx/0xbe8f81c2a57b0cf5b126b0106d49b099a557589d57a5dd3a8e13418f72ecb658
2023-04-02 18:28:21,False,3.419e-05,1.096e-08,103782.0,0.0113,0x20...946b,https://bscscan.com/tx/0xbe8f81c2a57b0cf5b126b0106d49b099a557589d57a5dd3a8e13418f72ecb658
2023-04-02 18:28:09,False,3.42e-05,1.096e-08,29352292.0,3.21848,0x3b...0b3f,https://bscscan.com/tx/0x97f55a4be441e7a1758794a76a4a153f85eb88a30039015afd3bdcdfc0597f56
2023-04-02 18:28:09,False,3.422e-05,1.096e-08,79112.3,0.0086,0x3b...0b3f,https://bscscan.com/tx/0x97f55a4be441e7a1758794a76a4a153f85eb88a30039015afd3bdcdfc0597f56
2023-04-02 18:27:30,False,3.423e-05,1.097e-08,29212956.0,3.2055,0x3b...0b3f,https://bscscan.com/tx/0xa947713e774b6e55f09ea6c1fcb84590c9202378272ce47086d58e94dcf7a1be
2023-04-02 18:27:30,False,3.424e-05,1.097e-08,17404.0,0.0019,0x3b...0b3f,https://bscscan.com/tx/0xa947713e774b6e55f09ea6c1fcb84590c9202378272ce47086d58e94dcf7a1be
2023-04-02 18:27:30,False,3.425e-05,1.097e-08,6426594.0,0.7054,0x05...7066,https://bscscan.com/tx/0x6d88cd7d21d85691ae7213a09443b037647df0cc644f7aa5acf106da6aaf38b7
2023-04-02 18:27:30,False,3.425e-05,1.097e-08,30307.5,0.0033,0x05...7066,https://bscscan.com/tx/0x6d88cd7d21d85691ae7213a09443b037647df0cc644f7aa5acf106da6aaf38b7
2023-04-02 18:27:18,False,3.425e-05,1.097e-08,11191329.0,1.22881,0x2a...f2c0,https://bscscan.com/tx/0x1ad6b500d1c03d413e1903397644ded24982ff7d78c767ce272c83e4c2bcf811
2023-04-02 18:27:18,False,3.426e-05,1.098e-08,33037.0,0.0036,0x2a...f2c0,https://bscscan.com/tx/0x1ad6b500d1c03d413e1903397644ded24982ff7d78c767ce272c83e4c2bcf811
2023-04-02 18:26:36,False,3.426e-05,1.098e-08,12199212.0,1.33986,0x20...946b,https://bscscan.com/tx/0x010b39edc49ea29ad9da3b417347c5cbdf019dbc438951ad53cac44da582a8c4
2023-04-02 18:26:36,False,3.427e-05,1.098e-08,34170.6,0.0037,0x20...946b,https://bscscan.com/tx/0x010b39edc49ea29ad9da3b417347c5cbdf019dbc438951ad53cac44da582a8c4
2023-04-02 18:26:27,False,3.425e-05,1.098e-08,6877002.0,0.7554,0x05...7066,https://bscscan.com/tx/0xa6f57a7c0816612a7c59e83cc8c4e0d21f3880c9afda4020fe58bbb46eaa0f55
2023-04-02 18:26:27,False,3.426e-05,1.098e-08,79027.7,0.0086,0x05...7066,https://bscscan.com/tx/0xa6f57a7c0816612a7c59e83cc8c4e0d21f3880c9afda4020fe58bbb46eaa0f55
2023-04-02 18:25:33,False,3.428e-05,1.099e-08,29181722.0,3.20723,0x3b...0b3f,https://bscscan.com/tx/0x41c6719672b24254660dc153d933ea5c29b5a31cdd09e3d2a7c5a0977c533c3b
2023-04-02 18:25:33,False,3.43e-05,1.099e-08,95477.0,0.0105,0x3b...0b3f,https://bscscan.com/tx/0x41c6719672b24254660dc153d933ea5c29b5a31cdd09e3d2a7c5a0977c533c3b
2023-04-02 18:24:51,False,3.431e-05,1.099e-08,29900029.0,3.28856,0x20...946b,https://bscscan.com/tx/0x3ac46969c24b8b4606e038a6d67e3e81f1519ce24d929e331bac76c0ca0c56dc
2023-04-02 18:24:51,False,3.432e-05,1.1e-08,25138.6,0.0027,0x20...946b,https://bscscan.com/tx/0x3ac46969c24b8b4606e038a6d67e3e81f1519ce24d929e331bac76c0ca0c56dc
2023-04-02 18:22:09,True,3.466e-05,1.105e-08,1555763.0,0.172,0x96...4694,https://bscscan.com/tx/0xb103bf3b56beddce69156a3c087ea4ee581754341045f6eca7ceb0d50f800e77
2023-04-02 18:22:09,False,3.449e-05,1.1e-08,7731556.0,0.8507,0x05...7066,https://bscscan.com/tx/0x50e0994dd100f9125adfa9a1487d4b107799b4e9b572974296b6dba852e11490
2023-04-02 18:22:09,False,3.449e-05,1.1e-08,34987.9,0.0038,0x05...7066,https://bscscan.com/tx/0x50e0994dd100f9125adfa9a1487d4b107799b4e9b572974296b6dba852e11490
2023-04-02 18:22:00,False,3.45e-05,1.1e-08,12919605.0,1.42192,0x05...7066,https://bscscan.com/tx/0x9036e1912a21272fb380b04c6839713422c5d862cc497f11ead7d7c87475dabf
2023-04-02 18:22:00,False,3.45e-05,1.1e-08,78921.6,0.0086,0x05...7066,https://bscscan.com/tx/0x9036e1912a21272fb380b04c6839713422c5d862cc497f11ead7d7c87475dabf
2023-04-02 18:20:51,False,3.453e-05,1.101e-08,29142525.0,3.20906,0x3b...0b3f,https://bscscan.com/tx/0xf8aa664b562121bb364dae1db3ba653e60761162cc5c016807a727b50af2e65b
2023-04-02 18:20:51,False,3.455e-05,1.101e-08,21524.6,0.0023,0x3b...0b3f,https://bscscan.com/tx/0xf8aa664b562121bb364dae1db3ba653e60761162cc5c016807a727b50af2e65b
2023-04-02 18:20:45,True,3.472e-05,1.107e-08,613323.0,0.0679,0xcc...c4a6,https://bscscan.com/tx/0xf9b6be2ac769ebb92abe9a04a9506d3e566520b547f59303efa95cf75e4a6107
2023-04-02 18:20:45,False,3.455e-05,1.101e-08,7336675.0,0.8082,0x05...7066,https://bscscan.com/tx/0xd61204c4c1262a19faf3839c935a99afbdab2a6fb7f5defc3390b5710a0e0e66
2023-04-02 18:20:45,False,3.455e-05,1.101e-08,30460.1,0.0033,0x05...7066,https://bscscan.com/tx/0xd61204c4c1262a19faf3839c935a99afbdab2a6fb7f5defc3390b5710a0e0e66
2023-04-02 18:20:36,False,3.456e-05,1.101e-08,11247690.0,1.23937,0x05...7066,https://bscscan.com/tx/0x769ec0d9f816e0f9f22c5a369bc7de33616cfa22c3e653f2920edd08784127ff
2023-04-02 18:20:36,False,3.456e-05,1.102e-08,103166.0,0.0113,0x05...7066,https://bscscan.com/tx/0x769ec0d9f816e0f9f22c5a369bc7de33616cfa22c3e653f2920edd08784127ff
2023-04-02 18:20:12,True,3.456e-05,1.107e-08,9029780.0,1.0,0x40...da76,https://bscscan.com/tx/0x7d161b0a2d336f8d5b71dfc9f9484e3cabd0e238e99c044a8ca08a5403a86e8c
2023-04-02 18:19:27,False,3.457e-05,1.102e-08,29092188.0,3.2065,0x3b...0b3f,https://bscscan.com/tx/0x9f3dc6856f5960df015d55dd4522d7e19d909f2812b624b6c0dc10e126a93aba
2023-04-02 18:19:27,False,3.458e-05,1.102e-08,80973.0,0.0089,0x3b...0b3f,https://bscscan.com/tx/0x9f3dc6856f5960df015d55dd4522d7e19d909f2812b624b6c0dc10e126a93aba
2023-04-02 18:19:05,False,3.442e-05,1.102e-08,29900030.0,3.29792,0x20...946b,https://bscscan.com/tx/0x4e96e24fa956cae2e4a992e74cef109ad1d1754a0629fc9f81da67a0f7cbb7bb
2023-04-02 18:19:05,False,3.444e-05,1.103e-08,5309.83,5.858e-05,0x20...946b,https://bscscan.com/tx/0x4e96e24fa956cae2e4a992e74cef109ad1d1754a0629fc9f81da67a0f7cbb7bb
2023-04-02 18:17:13,False,3.444e-05,1.103e-08,1875728.0,0.2069,0xf9...686e,https://bscscan.com/tx/0x114aa852aa65899b094890b76c39512e76099f5b4150238ff7319225c25b8dbe
2023-04-02 18:17:13,False,3.444e-05,1.103e-08,103407.0,0.0114,0xf9...686e,https://bscscan.com/tx/0x114aa852aa65899b094890b76c39512e76099f5b4150238ff7319225c25b8dbe
2023-04-02 18:16:04,True,3.477e-05,1.108e-08,30900203.0,3.42546,0x89...42ee,https://bscscan.com/tx/0x6f3f71937ac1e43e2d63f4d02f18280a2fc24b11ff19e7af5f12a8c4bb72ed48
2023-04-02 18:10:08,False,3.457e-05,1.102e-08,7376554.0,0.8134,0xb4...3b13,https://bscscan.com/tx/0x14502dad70a5ff5f679520704cb8ef2e377f9190b08333d515e22dc806412db6
2023-04-02 18:10:08,False,3.458e-05,1.102e-08,234.156,2.582e-06,0xb4...3b13,https://bscscan.com/tx/0x14502dad70a5ff5f679520704cb8ef2e377f9190b08333d515e22dc806412db6
2023-04-02 18:08:49,False,3.458e-05,1.102e-08,86464.4,0.0095,0xaa...473d,https://bscscan.com/tx/0xbd527e8c6b44bcd76790006b955ebd28d28648e2091f107bc510a5990f70a0e2
2023-04-02 18:08:49,False,3.458e-05,1.102e-08,16438.7,0.0018,0xaa...473d,https://bscscan.com/tx/0xbd527e8c6b44bcd76790006b955ebd28d28648e2091f107bc510a5990f70a0e2
2023-04-02 18:07:57,False,3.441e-05,1.102e-08,6070158.0,0.6694,0x05...7066,https://bscscan.com/tx/0x322141ba5e94e813fbea4358371b04f9c2ed2a78f3839f1861781ad9868e0817
2023-04-02 18:07:57,False,3.441e-05,1.102e-08,35019.8,0.0038,0x05...7066,https://bscscan.com/tx/0x322141ba5e94e813fbea4358371b04f9c2ed2a78f3839f1861781ad9868e0817
2023-04-02 18:07:45,False,3.459e-05,1.103e-08,12931388.0,1.42652,0x05...7066,https://bscscan.com/tx/0xbf56276441ea581c3ee5c23db2305b7b7a9450c1d9f2d66c33611fccac5b05d4
2023-04-02 18:07:45,False,3.459e-05,1.103e-08,36072.8,0.0039,0x05...7066,https://bscscan.com/tx/0xbf56276441ea581c3ee5c23db2305b7b7a9450c1d9f2d66c33611fccac5b05d4
2023-04-02 18:07:30,False,3.442e-05,1.103e-08,13320218.0,1.46989,0x05...7066,https://bscscan.com/tx/0x3c589a74e04671a28238b7b2f0b4713ab1235b12aa732c13599b61d825868f49
2023-04-02 18:07:30,False,3.442e-05,1.103e-08,78692.6,0.0086,0x05...7066,https://bscscan.com/tx/0x3c589a74e04671a28238b7b2f0b4713ab1235b12aa732c13599b61d825868f49
2023-04-02 18:06:39,False,3.443e-05,1.104e-08,29057954.0,3.20821,0x3b...0b3f,https://bscscan.com/tx/0xba58ccf91982dca2b1e554efa8e4279cddc94d7d9bb0d4379c01473e240741dd
2023-04-02 18:06:39,False,3.444e-05,1.104e-08,80973.0,0.0089,0x3b...0b3f,https://bscscan.com/tx/0xba58ccf91982dca2b1e554efa8e4279cddc94d7d9bb0d4379c01473e240741dd
2023-04-02 18:06:24,False,3.463e-05,1.104e-08,29900029.0,3.30357,0x20...946b,https://bscscan.com/tx/0x17256bfe98f3f4c185bf96a4b4e0119784d3b0cc7e77ce41f63fb75834d32414
2023-04-02 18:06:24,False,3.464e-05,1.105e-08,33955.8,0.0037,0x20...946b,https://bscscan.com/tx/0x17256bfe98f3f4c185bf96a4b4e0119784d3b0cc7e77ce41f63fb75834d32414
2023-04-02 18:06:21,False,3.465e-05,1.105e-08,12538504.0,1.38606,0x05...7066,https://bscscan.com/tx/0x85b44f4a8065d8b873f50b12a3ee5625829a921a2843674dfe5f95a7edf66608
2023-04-02 18:06:21,False,3.465e-05,1.105e-08,247474.0,0.0273,0x05...7066,https://bscscan.com/tx/0x85b44f4a8065d8b873f50b12a3ee5625829a921a2843674dfe5f95a7edf66608
2023-04-02 18:06:12,True,3.461e-05,1.109e-08,90465300.0,10.0411,0xcd...c3b0,https://bscscan.com/tx/0x42ed52868a8e0c908eeb9e48f0a9b68e3eab72d3221437c01c371c48eb2fa8f8
2023-04-02 18:05:33,False,3.44e-05,1.103e-08,1188096.0,0.131,0x3b...a99e,https://bscscan.com/tx/0xba8c65ae15366264cb97b3d8660cf4386de039e79d6f0f37e913b295d37900ee
2023-04-02 18:05:33,False,3.44e-05,1.103e-08,19414.8,0.0021,0x3b...a99e,https://bscscan.com/tx/0xba8c65ae15366264cb97b3d8660cf4386de039e79d6f0f37e913b295d37900ee
2023-04-02 18:04:51,True,3.457e-05,1.108e-08,940502.0,0.1042,0x31...6f44,https://bscscan.com/tx/0xe01b650c4fdb789a0c9d5945e348e9ab5c37df97a7d43946b8f14dee8e44b3fc
2023-04-02 18:03:48,False,3.44e-05,1.103e-08,6231431.0,0.6874,0x05...7066,https://bscscan.com/tx/0xf3c26d087e83c794ec1ceb940f399f15306c13f0d28c1a0461bb59f22acb95dc
2023-04-02 18:03:48,False,3.441e-05,1.103e-08,78757.3,0.0086,0x05...7066,https://bscscan.com/tx/0xf3c26d087e83c794ec1ceb940f399f15306c13f0d28c1a0461bb59f22acb95dc
2023-04-02 18:02:42,False,3.442e-05,1.103e-08,29081854.0,3.20989,0x3b...0b3f,https://bscscan.com/tx/0x038766436a19877c239f313ce465ed8a239dbd1e83617d6530af09f987ab5269
2023-04-02 18:02:42,False,3.443e-05,1.104e-08,78601.8,0.0086,0x3b...0b3f,https://bscscan.com/tx/0x038766436a19877c239f313ce465ed8a239dbd1e83617d6530af09f987ab5269
2023-04-02 18:01:48,False,3.462e-05,1.104e-08,29024457.0,3.20584,0x3b...0b3f,https://bscscan.com/tx/0xf2ef28afcb37c92a2eb03be40216436866fed60fd5d8b36ed04a353b38581490
2023-04-02 18:01:48,False,3.463e-05,1.104e-08,80973.0,0.0089,0x3b...0b3f,https://bscscan.com/tx/0xf2ef28afcb37c92a2eb03be40216436866fed60fd5d8b36ed04a353b38581490
2023-04-02 18:01:27,False,3.465e-05,1.105e-08,29900030.0,3.30493,0x20...946b,https://bscscan.com/tx/0x80dd2a6861a4c4bf7dadc9e0af7600697c92f995f6019a5526de859bc437bc3b
2023-04-02 18:01:27,False,3.466e-05,1.105e-08,140205.0,0.0155,0x20...946b,https://bscscan.com/tx/0x80dd2a6861a4c4bf7dadc9e0af7600697c92f995f6019a5526de859bc437bc3b
2023-04-02 18:01:12,True,3.466e-05,1.111e-08,2249711.0,0.25,0x36...8df7,https://bscscan.com/tx/0xb1e9e8219f6285c9c7e8809fa78c2de2b513b14093a40539c28a056f291e17fc
2023-04-02 18:01:09,True,3.463e-05,1.11e-08,48832199.0,5.4231,0xbd...747b,https://bscscan.com/tx/0xbeb87ac96e0ecc054b8b279f19a6bfcb6329d103e735fa3972a8709ec011336b
2023-04-02 18:00:57,False,3.444e-05,1.104e-08,843298.0,0.0931,0x79...abb7,https://bscscan.com/tx/0x7fe449b37e02f27d04a2369a7475e3d9aef243016ba85894a25f518a7c7c7d84
2023-04-02 18:00:57,False,3.444e-05,1.104e-08,7008.3,7.739e-05,0x79...abb7,https://bscscan.com/tx/0x7fe449b37e02f27d04a2369a7475e3d9aef243016ba85894a25f518a7c7c7d84
2023-04-02 17:56:55,False,3.46e-05,1.104e-08,2587880.0,0.2858,0xd8...24de,https://bscscan.com/tx/0x7adfc805e8809bb8de533db3de0e2461f0f9d4580b8d15de9d7f3f81a25ede5c
2023-04-02 17:56:55,False,3.461e-05,1.104e-08,2398.45,2.648e-05,0xd8...24de,https://bscscan.com/tx/0x7adfc805e8809bb8de533db3de0e2461f0f9d4580b8d15de9d7f3f81a25ede5c
2023-04-02 17:56:19,False,3.443e-05,1.104e-08,885649.0,0.0978,0x39...44e0,https://bscscan.com/tx/0xc4a25954ef1fa5ce1d8f071853992a0d8b5bf65c2e7cdbb47c4d348a7a8a54a2
2023-04-02 17:56:19,False,3.443e-05,1.104e-08,14706.9,0.0016,0x39...44e0,https://bscscan.com/tx/0xc4a25954ef1fa5ce1d8f071853992a0d8b5bf65c2e7cdbb47c4d348a7a8a54a2
2023-04-02 17:55:35,True,3.461e-05,1.11e-08,246855.0,0.0274,0xc4...c392,https://bscscan.com/tx/0x14eb826f39ed0dab91321201c91154d5c847c2085d5473ee3f4c2ebf28cacdf3
2023-04-02 17:54:28,False,3.444e-05,1.104e-08,5184553.0,0.5726,0xa0...b0df,https://bscscan.com/tx/0x2b1bc3f9a522b0169304ad044178e85fad1f06f6e3f1547ed34eb530f2375b83
2023-04-02 17:54:28,False,3.444e-05,1.104e-08,22781.4,0.0025,0xa0...b0df,https://bscscan.com/tx/0x2b1bc3f9a522b0169304ad044178e85fad1f06f6e3f1547ed34eb530f2375b83
2023-04-02 17:54:15,False,3.444e-05,1.104e-08,8412250.0,0.9293,0x05...7066,https://bscscan.com/tx/0xd4422f326a01b5124d73bcdf19546f9fd5bba05dae0332f4761bc7132e9f9bbb
2023-04-02 17:54:15,False,3.445e-05,1.104e-08,14040.4,0.0015,0x05...7066,https://bscscan.com/tx/0xd4422f326a01b5124d73bcdf19546f9fd5bba05dae0332f4761bc7132e9f9bbb
2023-04-02 17:54:09,False,3.445e-05,1.104e-08,5184553.0,0.5728,0xa0...b0df,https://bscscan.com/tx/0xb4fc0652341252ebfcfd9d36eaffb91523b951f5d0e470ac5239e652d95af317
2023-04-02 17:54:09,False,3.445e-05,1.104e-08,19705.1,0.0021,0xa0...b0df,https://bscscan.com/tx/0xb4fc0652341252ebfcfd9d36eaffb91523b951f5d0e470ac5239e652d95af317
2023-04-02 17:54:06,False,3.445e-05,1.105e-08,7276301.0,0.804,0x05...7066,https://bscscan.com/tx/0xb5d2622f87284637e2dd3030057943204d5f12bbe7b4b573b0db819a30647ee9
2023-04-02 17:54:06,False,3.446e-05,1.105e-08,78589.3,0.0086,0x05...7066,https://bscscan.com/tx/0xb5d2622f87284637e2dd3030057943204d5f12bbe7b4b573b0db819a30647ee9
2023-04-02 17:52:53,False,3.466e-05,1.105e-08,29019814.0,3.20832,0x3b...0b3f,https://bscscan.com/tx/0xca9c2f8dfab837619ac90fdd0663a0576c2a7508a6bc0d8963319af9079b134f
2023-04-02 17:52:53,False,3.467e-05,1.105e-08,80973.0,0.0089,0x3b...0b3f,https://bscscan.com/tx/0xca9c2f8dfab837619ac90fdd0663a0576c2a7508a6bc0d8963319af9079b134f
2023-04-02 17:52:37,False,3.467e-05,1.106e-08,29900029.0,3.30802,0x20...946b,https://bscscan.com/tx/0x5bf86b075d5dbaac4a36cb27ef7c960c0c9e5e1b3be577fe4d7d7aa97e5276b8
2023-04-02 17:52:37,False,3.468e-05,1.106e-08,22032.1,0.0024,0x20...946b,https://bscscan.com/tx/0x5bf86b075d5dbaac4a36cb27ef7c960c0c9e5e1b3be577fe4d7d7aa97e5276b8
2023-04-02 17:48:02,True,3.486e-05,1.112e-08,257222.0,0.0286,0xc4...c392,https://bscscan.com/tx/0x0bc1610a6970f755ecebe30aa402d633ccb4aeab10c69415b43a982d27f496cf
2023-04-02 17:45:44,True,3.486e-05,1.112e-08,10000.0,0.0011,0xbf...45b0,https://bscscan.com/tx/0x28c93f74f2667e325b8e099f7bac53ecf1ab839fa8006415280adc0e686955b0
2023-04-02 17:43:43,False,3.453e-05,1.106e-08,6912737.0,0.7651,0xa0...b0df,https://bscscan.com/tx/0x558a09a5a0fa7146b5b2c4791674cb7ca6c1987e510cb457ac2a7f085b68a5f0
2023-04-02 17:43:43,False,3.453e-05,1.106e-08,24960.7,0.0027,0xa0...b0df,https://bscscan.com/tx/0x558a09a5a0fa7146b5b2c4791674cb7ca6c1987e510cb457ac2a7f085b68a5f0
2023-04-02 17:43:11,False,3.471e-05,1.107e-08,9216983.0,1.02039,0xa0...b0df,https://bscscan.com/tx/0x4e1173f31f671e40b3a9f1a21679a6f23a7ec4c6fda518a49fb69593c00526d3
2023-04-02 17:43:11,False,3.471e-05,1.107e-08,20250.0,0.0022,0xa0...b0df,https://bscscan.com/tx/0x4e1173f31f671e40b3a9f1a21679a6f23a7ec4c6fda518a49fb69593c00526d3
2023-04-02 17:41:13,False,3.472e-05,1.107e-08,7477500.0,0.8279,0xe3...5aaa,https://bscscan.com/tx/0x2bc181bf3189927ba01d1063333ec9234341cad6bf019bfaffaca1c00fed6b7f
2023-04-02 17:41:13,False,3.472e-05,1.107e-08,306648.0,0.0339,0xe3...5aaa,https://bscscan.com/tx/0x2bc181bf3189927ba01d1063333ec9234341cad6bf019bfaffaca1c00fed6b7f
2023-04-02 17:38:16,True,3.47e-05,1.112e-08,1797036.0,0.2,0xe3...fe98,https://bscscan.com/tx/0x9d50fc2d3aea92d529df239310c14d3711372ca09c469aa62a8ff7b280f61e6a
2023-04-02 17:36:37,True,3.474e-05,1.113e-08,316851.0,0.0352,0xb2...2dc6,https://bscscan.com/tx/0xb5e857f3c2abc07a93426b2f47390abaf322b79aff9ca99ddee6a8f4ca5c4116
2023-04-02 17:35:31,True,3.467e-05,1.111e-08,105265901.0,11.7,0xa4...eeaa,https://bscscan.com/tx/0x23e5e95480aa84752920d0780b1a95f3634420f74209ee127d96172c9aa31e05
2023-04-02 17:33:13,False,3.463e-05,1.104e-08,752188.0,0.083,0xeb...8f55,https://bscscan.com/tx/0x662bf78f60f8cddf35cf2adeedab72a1b7ee3dc7f81a576efb496ce5ec02b7e7
2023-04-02 17:33:13,False,3.463e-05,1.104e-08,13573.5,0.0015,0xeb...8f55,https://bscscan.com/tx/0x662bf78f60f8cddf35cf2adeedab72a1b7ee3dc7f81a576efb496ce5ec02b7e7
2023-04-02 17:33:07,True,3.48e-05,1.11e-08,1801744.0,0.2,0x6b...76a9,https://bscscan.com/tx/0x1f1dab6f83118b9f4fd7f1c67fcb44a4f47bab2791d7bf52cb91881c44762cc9
2023-04-02 17:32:58,False,3.445e-05,1.104e-08,3215806.0,0.3551,0x3b...e6a9,https://bscscan.com/tx/0x2710cc615df0b39b5d18862a892d2c7734f2a3a71f50f083e70ae42887621cd2
2023-04-02 17:32:58,False,3.446e-05,1.104e-08,10673.2,0.0011,0x3b...e6a9,https://bscscan.com/tx/0x2710cc615df0b39b5d18862a892d2c7734f2a3a71f50f083e70ae42887621cd2
2023-04-02 17:31:22,False,3.463e-05,1.104e-08,3941190.0,0.4353,0xf8...a7dc,https://bscscan.com/tx/0xdd6b88a5f0183bce28b3a2c0024120ea75dbf0029eb5d89ca8564e7b7d2fe270
2023-04-02 17:31:22,False,3.464e-05,1.104e-08,6691.47,7.391e-05,0xf8...a7dc,https://bscscan.com/tx/0xdd6b88a5f0183bce28b3a2c0024120ea75dbf0029eb5d89ca8564e7b7d2fe270
2023-04-02 17:30:14,False,3.464e-05,1.104e-08,2470888.0,0.2729,0x6f...246d,https://bscscan.com/tx/0x951503ffd9e263a2131e631ec7910ea9bfebf648013167c5c2c77919512f13c6
2023-04-02 17:30:14,False,3.464e-05,1.104e-08,13230.0,0.0014,0x6f...246d,https://bscscan.com/tx/0x951503ffd9e263a2131e631ec7910ea9bfebf648013167c5c2c77919512f13c6
2023-04-02 17:30:02,False,3.464e-05,1.104e-08,4885300.0,0.5397,0x0f...9444,https://bscscan.com/tx/0x0a4817396e02c414e052558f2b9575946da7d3721cf52079a4fd9f4578b00ea3
2023-04-02 17:30:02,False,3.465e-05,1.104e-08,206150.0,0.0227,0x0f...9444,https://bscscan.com/tx/0x0a4817396e02c414e052558f2b9575946da7d3721cf52079a4fd9f4578b00ea3
2023-04-02 17:29:26,True,3.465e-05,1.11e-08,7255267.0,0.8055,0x5f...a563,https://bscscan.com/tx/0x3587f47f0d5ebac39bfc5c16712a020d43fc55abea28ed834606eef753518de3
2023-04-02 17:28:59,True,3.464e-05,1.11e-08,390919.0,0.0434,0x2a...47c9,https://bscscan.com/tx/0xf010cdcaee6f8628c79193aae7e122efecef07c2d59e84251072391056d19641
2023-04-02 17:26:38,True,3.48e-05,1.11e-08,14364286.0,1.59445,0xdd...28d7,https://bscscan.com/tx/0x2e9d97991aa22c72b01411e9244ced8a608cd38e8cfe4144ac0cae9b247b8a08
2023-04-02 17:24:01,True,3.461e-05,1.109e-08,23858944.0,2.64712,0xbd...747b,https://bscscan.com/tx/0xa516d0142a72ac3232b5110f50fabf7457653c80d416ece649cbd331131076a2
2023-04-02 17:23:43,True,3.478e-05,1.109e-08,1892843.0,0.2099,0x59...b70f,https://bscscan.com/tx/0x0e976531b2486218840e8003ec81f59c12ed0d66b05b578875e7714efb60e298
2023-04-02 17:21:40,True,3.46e-05,1.109e-08,3065630.0,0.34,0x4b...0442,https://bscscan.com/tx/0xcea67d7db586e05395f4be5de9faea374c5233d9ac23f3744bd7e411c896bee5
2023-04-02 17:21:40,False,3.444e-05,1.103e-08,25030193.0,2.7629,0xbc...0072,https://bscscan.com/tx/0x50aad34a7509f0e40333132b35da4c8a19747d294fdc8ade9ae210c5f5ec701f
2023-04-02 17:21:40,False,3.445e-05,1.104e-08,135354.0,0.0149,0xbc...0072,https://bscscan.com/tx/0x50aad34a7509f0e40333132b35da4c8a19747d294fdc8ade9ae210c5f5ec701f
2023-04-02 17:20:54,True,3.46e-05,1.109e-08,37090138.0,4.11406,0xa0...b0df,https://bscscan.com/tx/0xb8b3acc28abfa0eca2c36f73c5319083d6e2f0413e245934d635603ffe99792f
2023-04-02 17:20:18,True,3.458e-05,1.108e-08,5754024.0,0.6379,0x5f...a563,https://bscscan.com/tx/0x018cad4ec30840dbbb343abb9fe0a442df5394fca01b9c0b38ff518933ecc12a
2023-04-02 17:19:27,False,3.441e-05,1.103e-08,7264982.0,0.8014,0x05...7066,https://bscscan.com/tx/0xd0fd86a1768fc7a8b11ef4e11002ff8aeb61e1cffb99c1bd9c93140c7c2d4065
2023-04-02 17:19:27,False,3.442e-05,1.103e-08,16954.9,0.0018,0x05...7066,https://bscscan.com/tx/0xd0fd86a1768fc7a8b11ef4e11002ff8aeb61e1cffb99c1bd9c93140c7c2d4065
2023-04-02 17:19:27,False,3.442e-05,1.103e-08,6260746.0,0.6907,0x05...7066,https://bscscan.com/tx/0xbfcefc29c413d7a1d67636861b0ecd6a8d26d32d0f610af1eff4f75a6bcc0741
2023-04-02 17:19:27,False,3.442e-05,1.103e-08,54676.0,0.006,0x05...7066,https://bscscan.com/tx/0xbfcefc29c413d7a1d67636861b0ecd6a8d26d32d0f610af1eff4f75a6bcc0741
2023-04-02 17:19:18,True,3.459e-05,1.108e-08,500000.0,0.0554,0xc1...4dd1,https://bscscan.com/tx/0xe7a2ecbe570c7696ddf1b72ced43fdf625f272676af8c7f295df0c645536eec6
2023-04-02 17:18:33,False,3.46e-05,1.103e-08,19691105.0,2.17317,0x05...7066,https://bscscan.com/tx/0xb6916f209e7184cc4488f8fe4255041db03f8ce4ed2fdf8164b3a98fb9dea178
2023-04-02 17:18:33,False,3.461e-05,1.103e-08,80973.0,0.0089,0x05...7066,https://bscscan.com/tx/0xb6916f209e7184cc4488f8fe4255041db03f8ce4ed2fdf8164b3a98fb9dea178
2023-04-02 17:17:45,False,3.463e-05,1.104e-08,29900029.0,3.30187,0x20...946b,https://bscscan.com/tx/0xa93ea35136a3893c42d69c80b588da9169e222b84f61daebb0c8d639f5130bb5
2023-04-02 17:17:45,False,3.464e-05,1.104e-08,68482.0,0.0075,0x20...946b,https://bscscan.com/tx/0xa93ea35136a3893c42d69c80b588da9169e222b84f61daebb0c8d639f5130bb5
2023-04-02 17:16:50,True,3.464e-05,1.109e-08,21657241.0,2.40386,0x8c...f6eb,https://bscscan.com/tx/0x432c208cc1f1d7e327c39b334c1c21ea04e55110bd01e560a8da8903ee3da6e1
2023-04-02 17:16:12,True,3.463e-05,1.109e-08,3445588.0,0.3823,0x1a...f313,https://bscscan.com/tx/0xb4d77139a29a4dbf38260b4ccfdbd524f9b0b8cc637fc22ac04843060c30aab3
2023-04-02 17:15:33,False,3.463e-05,1.104e-08,260106.0,0.0287,0x90...6b87,https://bscscan.com/tx/0x40271d3c414e24c96e19cd5b97e3114c4087823df0361a63b383bf0d94f09059
2023-04-02 17:15:33,False,3.463e-05,1.104e-08,7560.0,8.346e-05,0x90...6b87,https://bscscan.com/tx/0x40271d3c414e24c96e19cd5b97e3114c4087823df0361a63b383bf0d94f09059
2023-04-02 17:15:12,False,3.446e-05,1.104e-08,2791600.0,0.3082,0x6f...f103,https://bscscan.com/tx/0x30910effd01c4bbb1ec74ced88dec0db08cb17baa6e959ad6ffb6684c9a9d7a5
2023-04-02 17:15:12,False,3.446e-05,1.104e-08,68843.5,0.0076,0x6f...f103,https://bscscan.com/tx/0x30910effd01c4bbb1ec74ced88dec0db08cb17baa6e959ad6ffb6684c9a9d7a5
2023-04-02 17:14:52,True,3.463e-05,1.109e-08,371740.0,0.0412,0x98...760d,https://bscscan.com/tx/0x88b6963bddd5cd3c2164e615be3254e0975a437baee1b0c78c00a1c8e9864083
2023-04-02 17:13:58,True,3.481e-05,1.109e-08,108143.0,0.012,0xd2...4849,https://bscscan.com/tx/0x4fb70a0c42efaee454806f8924dcceb4ef28640662ec6a5df2a0f27a6bf89f26
2023-04-02 17:13:28,False,3.464e-05,1.104e-08,24942649.0,2.75476,0x05...7066,https://bscscan.com/tx/0xdcf08dd58320a4cfed7659b43431646484d1710f904cedaad70b92a74cad6863
2023-04-02 17:13:28,False,3.466e-05,1.104e-08,22373.0,0.0024,0x05...7066,https://bscscan.com/tx/0xdcf08dd58320a4cfed7659b43431646484d1710f904cedaad70b92a74cad6863
2023-04-02 17:12:58,False,3.466e-05,1.104e-08,8261452.0,0.9128,0x05...7066,https://bscscan.com/tx/0x5aa1548546993b09324cf6a4f379c8aad57f807f6d2f5f2b1bd37c00af286b5d
2023-04-02 17:12:58,False,3.466e-05,1.104e-08,27105.2,0.003,0x05...7066,https://bscscan.com/tx/0x5aa1548546993b09324cf6a4f379c8aad57f807f6d2f5f2b1bd37c00af286b5d
2023-04-02 17:12:52,False,3.449e-05,1.105e-08,10008859.0,1.10611,0x47...f06b,https://bscscan.com/tx/0x27545c43855d5766ffc110159f40384f2b646f50422946f3576f85e54a2ab015
2023-04-02 17:12:52,False,3.45e-05,1.105e-08,34122.3,0.0037,0x47...f06b,https://bscscan.com/tx/0x27545c43855d5766ffc110159f40384f2b646f50422946f3576f85e54a2ab015
2023-04-02 17:12:37,False,3.45e-05,1.105e-08,12599958.0,1.39285,0x05...7066,https://bscscan.com/tx/0x438bd662c9e003d53a3af6843239a807e28a3a18349429db4a5f26fcfffe27fd
2023-04-02 17:12:37,False,3.451e-05,1.105e-08,18872.2,0.002,0x05...7066,https://bscscan.com/tx/0x438bd662c9e003d53a3af6843239a807e28a3a18349429db4a5f26fcfffe27fd
2023-04-02 17:12:22,False,3.468e-05,1.105e-08,6183697.0,0.6837,0xcd...2e8f,https://bscscan.com/tx/0x2f015267a1d8f19423cf124b7868f1969b8232d96bb4e808ff95b8b6ff43939e
2023-04-02 17:12:22,False,3.468e-05,1.105e-08,334233.0,0.0369,0xcd...2e8f,https://bscscan.com/tx/0x2f015267a1d8f19423cf124b7868f1969b8232d96bb4e808ff95b8b6ff43939e
2023-04-02 17:12:01,False,3.455e-05,1.107e-08,99700000.0,11.0382,0x9b...2220,https://bscscan.com/tx/0xa76abbbc08c9abeb5fc05467ec1b15f42f3efc0071ca0530e428c5aacd2ffc8e
2023-04-02 17:12:01,False,3.46e-05,1.108e-08,39476.5,0.0043,0x9b...2220,https://bscscan.com/tx/0xa76abbbc08c9abeb5fc05467ec1b15f42f3efc0071ca0530e428c5aacd2ffc8e
2023-04-02 17:11:55,False,3.478e-05,1.108e-08,14577049.0,1.61614,0x9f...d87c,https://bscscan.com/tx/0xf410eeca7524c706412262a23ee486dc0ce055fc3e15be4ccb09712d356ca87f
2023-04-02 17:11:55,False,3.479e-05,1.108e-08,270000.0,0.0299,0x9f...d87c,https://bscscan.com/tx/0xf410eeca7524c706412262a23ee486dc0ce055fc3e15be4ccb09712d356ca87f
2023-04-02 17:11:55,False,3.483e-05,1.11e-08,99700000.0,11.0692,0x9b...2220,https://bscscan.com/tx/0xe236cb565f758cb4b3fd24ad817363edbc1815d7f1136f38074b542f75f2cbb4
2023-04-02 17:11:55,False,3.487e-05,1.111e-08,15767.0,0.0017,0x9b...2220,https://bscscan.com/tx/0xe236cb565f758cb4b3fd24ad817363edbc1815d7f1136f38074b542f75f2cbb4
2023-04-02 17:11:52,False,3.487e-05,1.111e-08,5822110.0,0.6472,0x09...712a,https://bscscan.com/tx/0x98620fa0b4c92101a4f512d623cf1e0643237911d0687de3be1897df34fc1099
2023-04-02 17:11:52,False,3.488e-05,1.111e-08,51454.8,0.0057,0x09...712a,https://bscscan.com/tx/0x98620fa0b4c92101a4f512d623cf1e0643237911d0687de3be1897df34fc1099
2023-04-02 17:11:40,True,3.505e-05,1.117e-08,1575685.0,0.176,0x21...371e,https://bscscan.com/tx/0xdff0e7194498c0023c4c5a2b21b5d4a1849a049548f2c1cdc6cefd4601a22e77
2023-04-02 17:11:10,True,3.488e-05,1.117e-08,1898935.0,0.2121,0x21...371e,https://bscscan.com/tx/0xf44fa8de3d2b1df7f6733c1d04ad5650a372d9b423b4185a1aeee34cc6d15215
2023-04-02 17:10:49,False,3.491e-05,1.111e-08,585937.0,0.0651,0xe5...2a8e,https://bscscan.com/tx/0x5fd2e05e238fb661c4c54060b3bdad2623220e6b1a84f8c029d33a177db675d6
2023-04-02 17:10:49,False,3.491e-05,1.111e-08,35125.5,0.0039,0xe5...2a8e,https://bscscan.com/tx/0x5fd2e05e238fb661c4c54060b3bdad2623220e6b1a84f8c029d33a177db675d6
2023-04-02 17:10:40,True,3.491e-05,1.117e-08,1498207.0,0.1673,0x21...371e,https://bscscan.com/tx/0x457d85acef07e7d1056256ed548b3102153f10a70cf1a6830e6e15aa1f6d6cfc
2023-04-02 17:10:28,False,3.474e-05,1.111e-08,11476686.0,1.27598,0x35...9ab5,https://bscscan.com/tx/0x8b3794d7136c85611c6e06751a5c285bc09b27369d5391a78c25353df38de660
2023-04-02 17:10:28,False,3.474e-05,1.111e-08,27157.6,0.003,0x35...9ab5,https://bscscan.com/tx/0x8b3794d7136c85611c6e06751a5c285bc09b27369d5391a78c25353df38de660
2023-04-02 17:09:58,False,3.492e-05,1.112e-08,10028199.0,1.11523,0x1e...28c9,https://bscscan.com/tx/0xb3982d00daafcfe14ad60a1c7dba312f88dfb79bd546fa3365be34a21461352b
2023-04-02 17:09:58,False,3.493e-05,1.112e-08,88654.7,0.0098,0x1e...28c9,https://bscscan.com/tx/0xb3982d00daafcfe14ad60a1c7dba312f88dfb79bd546fa3365be34a21461352b
2023-04-02 17:09:40,True,3.493e-05,1.117e-08,2375760.0,0.2655,0x21...371e,https://bscscan.com/tx/0xd7c7463719889e08f16bad125b0cbd124d9fa0d029d1bd324173a114d465123b
2023-04-02 17:08:10,True,3.51e-05,1.117e-08,416139.0,0.0465,0xb5...6a2d,https://bscscan.com/tx/0x1f5ec1b131e7b8a6d307087eca9a1a7cc1bd4d1aa0bdc306f7d6d5c8c9567570
2023-04-02 17:07:28,True,3.493e-05,1.117e-08,626268.0,0.07,0xa5...d809,https://bscscan.com/tx/0x12b920d7e0663f805b8c821f7640e32091226516ce7d3d420a08ad24d5abc2af
2023-04-02 17:05:52,False,3.494e-05,1.112e-08,29328652.0,3.26294,0x30...5c55,https://bscscan.com/tx/0x97c12d99552487f859e97b55f0a1b1122fdf20dd22f2a01ba2bd576887a97890
2023-04-02 17:05:52,False,3.495e-05,1.112e-08,81662.2,0.009,0x30...5c55,https://bscscan.com/tx/0x97c12d99552487f859e97b55f0a1b1122fdf20dd22f2a01ba2bd576887a97890
2023-04-02 17:05:28,True,3.513e-05,1.118e-08,1492587.0,0.1669,0x2a...e55a,https://bscscan.com/tx/0xe517e939ea08d857cdf441187bf92be5bf745fe5c4449ab503f0c6cc39b5b0d5
2023-04-02 17:05:13,False,3.479e-05,1.113e-08,28666408.0,3.19142,0x3b...0b3f,https://bscscan.com/tx/0x3db8fb6cde37ae60d005e552868de6827b5c2a90af7fb20311c719d39fc959e0
2023-04-02 17:05:13,False,3.48e-05,1.113e-08,90495.5,0.01,0x3b...0b3f,https://bscscan.com/tx/0x3db8fb6cde37ae60d005e552868de6827b5c2a90af7fb20311c719d39fc959e0
2023-04-02 17:05:10,False,3.481e-05,1.114e-08,33416306.0,3.72307,0x05...7066,https://bscscan.com/tx/0x8f2bf8866ba5ad6e57ba98f618cd0ad3be9bc3393988cfb9e145dfcc2b628d3f
2023-04-02 17:05:10,False,3.483e-05,1.114e-08,16130.8,0.0018,0x05...7066,https://bscscan.com/tx/0x8f2bf8866ba5ad6e57ba98f618cd0ad3be9bc3393988cfb9e145dfcc2b628d3f
2023-04-02 17:04:34,False,3.483e-05,1.114e-08,5956443.0,0.6639,0x05...7066,https://bscscan.com/tx/0xf7096928ec9f6bf12dafa44b0777efb18456d508f9063f2aeed1f19607ee0ce3
2023-04-02 17:04:34,False,3.483e-05,1.114e-08,67058.2,0.0074,0x05...7066,https://bscscan.com/tx/0xf7096928ec9f6bf12dafa44b0777efb18456d508f9063f2aeed1f19607ee0ce3
2023-04-02 17:04:25,True,3.518e-05,1.12e-08,864647.0,0.0968,0x26...1b90,https://bscscan.com/tx/0xfe48137e7eb97ccd93b7c8fad9f1683f1dea559ca0c31bd193b84873042a8f5c
2023-04-02 17:04:13,False,3.501e-05,1.114e-08,11939783.0,1.33118,0x3d...4dd5,https://bscscan.com/tx/0x4252445cc06c65ca96a240d2aefbe76c8dedebe06dc44d9d21f1ec0dbd7cf792
2023-04-02 17:04:13,False,3.502e-05,1.115e-08,40239.9,0.0044,0x3d...4dd5,https://bscscan.com/tx/0x4252445cc06c65ca96a240d2aefbe76c8dedebe06dc44d9d21f1ec0dbd7cf792
2023-04-02 17:04:13,False,3.502e-05,1.115e-08,14858963.0,1.65719,0x05...7066,https://bscscan.com/tx/0x2b3ed1b34ae721245b9a4b012379e22361c0e61e46a03b9e3500d30409b080ed
2023-04-02 17:04:13,False,3.503e-05,1.115e-08,273027.0,0.0304,0x05...7066,https://bscscan.com/tx/0x2b3ed1b34ae721245b9a4b012379e22361c0e61e46a03b9e3500d30409b080ed
2023-04-02 17:04:10,True,3.52e-05,1.12e-08,7511122.0,0.8419,0x32...b696,https://bscscan.com/tx/0x6272fee4e723b6aa102878bd9997ee18c70dff1289dc13d36a2397fc3ace5f23
2023-04-02 17:04:10,True,3.52e-05,1.12e-08,1121048.0,0.1256,0x54...9f58,https://bscscan.com/tx/0xdd4a042c266e908e5a21cb0eaaa89d423dd0d6c5d691794e6d1550833ea7bc7b
2023-04-02 17:03:52,False,3.492e-05,1.116e-08,99700000.0,11.1327,0x9b...2220,https://bscscan.com/tx/0x2b2b02c9a5063135ceca4a380b2fd1b99bbeb6e3893d61c799da3087c46f12e9
2023-04-02 17:03:52,False,3.497e-05,1.117e-08,34044.7,0.0038,0x9b...2220,https://bscscan.com/tx/0x2b2b02c9a5063135ceca4a380b2fd1b99bbeb6e3893d61c799da3087c46f12e9
2023-04-02 17:03:49,False,3.497e-05,1.118e-08,12571332.0,1.40568,0x05...7066,https://bscscan.com/tx/0x22fe05673e49edcfc24a489afb6b02dba516ec26138870e7ba569ba5d10b8c17
2023-04-02 17:03:49,False,3.498e-05,1.118e-08,270000.0,0.0302,0x05...7066,https://bscscan.com/tx/0x22fe05673e49edcfc24a489afb6b02dba516ec26138870e7ba569ba5d10b8c17
2023-04-02 17:03:43,False,3.502e-05,1.119e-08,99700000.0,11.1636,0x9b...2220,https://bscscan.com/tx/0xa6b3804b4ee47552a73107a47d539f503c5585c6528bd3233e7ef61284dc76f2
2023-04-02 17:03:43,False,3.506e-05,1.121e-08,92993.5,0.0104,0x9b...2220,https://bscscan.com/tx/0xa6b3804b4ee47552a73107a47d539f503c5585c6528bd3233e7ef61284dc76f2
2023-04-02 17:03:16,True,3.546e-05,1.126e-08,574221.0,0.0647,0x4f...5867,https://bscscan.com/tx/0x405e03e936ca9f72d819dd79e2c27312b159d597343125253150e7a60f8ba216
2023-04-02 17:03:16,False,3.529e-05,1.121e-08,28514732.0,3.19784,0x3b...0b3f,https://bscscan.com/tx/0x18ac726052ab0fad5054a25864ffeaebffb2cdf3394e461ceffb3c14a2c88d70
2023-04-02 17:03:16,False,3.531e-05,1.121e-08,120050.0,0.0134,0x3b...0b3f,https://bscscan.com/tx/0x18ac726052ab0fad5054a25864ffeaebffb2cdf3394e461ceffb3c14a2c88d70
2023-04-02 17:02:52,False,3.533e-05,1.122e-08,44329409.0,4.97589,0xfa...ce4c,https://bscscan.com/tx/0x4950d4241be7f5fa6e607f79eaaa8c11eb87a91b023e19976b4ff8c57db07847
2023-04-02 17:02:52,False,3.535e-05,1.123e-08,76948.3,0.0086,0xfa...ce4c,https://bscscan.com/tx/0x4950d4241be7f5fa6e607f79eaaa8c11eb87a91b023e19976b4ff8c57db07847
2023-04-02 17:02:37,False,3.536e-05,1.123e-08,28413862.0,3.19227,0x3b...0b3f,https://bscscan.com/tx/0xc8d4f6fe3d8cf02b1ec08b41d79630cb0e6777f76266eb2364fb9ec1cbdfcb39
2023-04-02 17:02:37,False,3.537e-05,1.123e-08,40486.5,0.0045,0x3b...0b3f,https://bscscan.com/tx/0xc8d4f6fe3d8cf02b1ec08b41d79630cb0e6777f76266eb2364fb9ec1cbdfcb39
2023-04-02 17:02:37,False,3.537e-05,1.123e-08,6877007.0,0.7729,0x20...946b,https://bscscan.com/tx/0xe572a001f967d0e003bf81b594be7f4993dab176c7e6150615bc95d216f481d2
2023-04-02 17:02:37,False,3.538e-05,1.124e-08,53152.4,0.0059,0x20...946b,https://bscscan.com/tx/0xe572a001f967d0e003bf81b594be7f4993dab176c7e6150615bc95d216f481d2
2023-04-02 17:02:37,False,3.538e-05,1.124e-08,19627006.0,2.20676,0x05...7066,https://bscscan.com/tx/0x5d34a5fd0586bdd2c72af3c33fbc0223f88d345b4b884ac51dfe451c9c5f1fc5
2023-04-02 17:02:37,False,3.539e-05,1.124e-08,3593.04,4.04e-05,0x05...7066,https://bscscan.com/tx/0x5d34a5fd0586bdd2c72af3c33fbc0223f88d345b4b884ac51dfe451c9c5f1fc5
2023-04-02 17:02:25,True,3.557e-05,1.13e-08,809562.0,0.0915,0x99...240f,https://bscscan.com/tx/0xd2f2732b9c36f9c3a9a0801af7e8cd5113e4bc6cadc38bbc694a090d3c9ba1a0
2023-04-02 17:00:50,True,3.556e-05,1.13e-08,221192.0,0.025,0x1a...523e,https://bscscan.com/tx/0x2c1ea7e4b30e703319cd49866092647d3e8b8f72fbe96910d5616a4d8761054a
2023-04-02 17:00:50,False,3.538e-05,1.124e-08,299100.0,0.0336,0x57...c668,https://bscscan.com/tx/0x12703f6c8b22f85bf533638921c1f4bc23c6bfd2217407566a97ad3ff6522617
2023-04-02 17:00:50,False,3.538e-05,1.124e-08,191742.0,0.0215,0x57...c668,https://bscscan.com/tx/0x12703f6c8b22f85bf533638921c1f4bc23c6bfd2217407566a97ad3ff6522617
2023-04-02 16:59:38,True,3.555e-05,1.13e-08,16487865.0,1.86316,0xa1...0072,https://bscscan.com/tx/0x972b415f1b783c80b94a598ab6fc8be2a2364b863c87e386b4f4e5464f12890e
2023-04-02 16:58:44,True,3.545e-05,1.13e-08,1052337.0,0.1189,0xdc...5253,https://bscscan.com/tx/0xbc9ac8a012c003bc36373c34394809f284722f85dbfa5b714c3bffc6eabfe40c
2023-04-02 16:58:08,True,3.543e-05,1.129e-08,100000.0,0.0113,0xb0...f17e,https://bscscan.com/tx/0xbbbec08cef74a7e001d8e08429200fae638b298b5c123309984bc58eae274714
2023-04-02 16:56:23,True,3.56e-05,1.129e-08,703374.0,0.0794,0x0c...5989,https://bscscan.com/tx/0x1c3032a4f39eb2b2b008e1584a5cbc787aad7559dec00dd593e6fd0c54e2107c
2023-04-02 16:55:29,True,3.561e-05,1.129e-08,21664.3,0.0024,0x96...a087,https://bscscan.com/tx/0x8840f2b1ddff9aed146d7d8bf5b1bf5cadb3a63fdb930a56831a825d8b5785fc
2023-04-02 16:55:17,True,3.561e-05,1.129e-08,2650261.0,0.2994,0x18...c4eb,https://bscscan.com/tx/0x7e6ffe98080fc018062fba002a127597c820d935d5da4eefbf96d2cd0cd970b8
2023-04-02 16:54:02,False,3.545e-05,1.124e-08,49850000.0,5.6067,0x3b...1ea9,https://bscscan.com/tx/0x6bf6378e4b7411dc5014212a677fa2aaf61d50289598176f009e31d47476a0a1
2023-04-02 16:54:02,False,3.547e-05,1.125e-08,203328.0,0.0228,0x3b...1ea9,https://bscscan.com/tx/0x6bf6378e4b7411dc5014212a677fa2aaf61d50289598176f009e31d47476a0a1
2023-04-02 16:50:24,True,3.564e-05,1.13e-08,16869612.0,1.90765,0x43...5e9c,https://bscscan.com/tx/0xf9779c8a95ba2ea0c379af91cf628eea163e8df2dbac0561f34192581991c32f
2023-04-02 16:50:15,True,3.563e-05,1.13e-08,6617788.0,0.7481,0x61...d7fb,https://bscscan.com/tx/0xe63587ff13be64fbc4b3b32b9cb3bf9b2dc148958e09790d0ed3e887720f4307
2023-04-02 16:50:06,True,3.545e-05,1.13e-08,890238.0,0.1006,0xc6...5dd8,https://bscscan.com/tx/0xb124b021caa5437e0c2e816b02d0af44779a7b09f0ec2a5892a993cbaa2aae08
2023-04-02 16:49:13,False,3.547e-05,1.125e-08,49850000.0,5.61024,0x3b...1ea9,https://bscscan.com/tx/0x9a4aec4d92b47ccf285587d73bd38b066eef6c613c2bce2f118110292218d4bc
2023-04-02 16:49:13,False,3.549e-05,1.126e-08,188177.0,0.0211,0x3b...1ea9,https://bscscan.com/tx/0x9a4aec4d92b47ccf285587d73bd38b066eef6c613c2bce2f118110292218d4bc
2023-04-02 16:48:04,True,3.548e-05,1.131e-08,6617925.0,0.7489,0x61...d7fb,https://bscscan.com/tx/0x43c48a0d06b7f0836bb0a9eee683d8e0cb366c757bb4ef45a2ab4ff53ee75632
2023-04-02 16:47:22,False,3.551e-05,1.126e-08,62887858.0,7.08629,0x3b...1ea9,https://bscscan.com/tx/0xe5b0a774d419cdcd18436fe1c6b61308df268d7d6261916c09334a097383dab4
2023-04-02 16:47:22,False,3.554e-05,1.127e-08,7054.91,7.955e-05,0x3b...1ea9,https://bscscan.com/tx/0xe5b0a774d419cdcd18436fe1c6b61308df268d7d6261916c09334a097383dab4
2023-04-02 16:46:58,True,3.554e-05,1.133e-08,785982.0,0.089,0xe3...2764,https://bscscan.com/tx/0xd870cd199bf8870cbb18678b350777d16f168aebb36adb4089961fbf5fbc8260
2023-04-02 16:46:19,True,3.571e-05,1.133e-08,275259.0,0.0312,0x36...00c7,https://bscscan.com/tx/0xefbefb8b390472a4a8c4e875fd3d64afc7dee6cef328b6423bb226f7751500eb
2023-04-02 16:46:04,False,3.536e-05,1.127e-08,1495500.0,0.1686,0xe5...8233,https://bscscan.com/tx/0x3070de17b8fcaef2573508f7ca832c19d8e58b63d1e0fe3c902e4945bcebac83
2023-04-02 16:46:04,False,3.536e-05,1.127e-08,12432.9,0.0014,0xe5...8233,https://bscscan.com/tx/0x3070de17b8fcaef2573508f7ca832c19d8e58b63d1e0fe3c902e4945bcebac83
2023-04-02 16:46:04,True,3.553e-05,1.133e-08,260132.0,0.0294,0x71...3e87,https://bscscan.com/tx/0xa50d593b9574fa9f91ac95cf31c94fb9c1dcb30f0887b90cfe306fc5620ad713
2023-04-02 16:45:13,True,3.571e-05,1.133e-08,866718.0,0.0982,0x36...ea39,https://bscscan.com/tx/0xdaa37dfff40716eb93c5aa73a43633dda4f73d79601e637e8635e8d5c2953485
2023-04-02 16:44:43,True,3.552e-05,1.133e-08,799416.0,0.0906,0x70...5cac,https://bscscan.com/tx/0xe4615f895aed3fce28c28f0df91802b892a145c22bf4c095812f3d7645175ab7
2023-04-02 16:43:43,False,3.553e-05,1.127e-08,2670492.0,0.3011,0xe9...ba2c,https://bscscan.com/tx/0x636a27157948cf2d869e5417e1b8b4aeee25ccdce4b378c0a71e6d882a12601f
2023-04-02 16:43:43,False,3.553e-05,1.127e-08,195.203,2.201e-06,0xe9...ba2c,https://bscscan.com/tx/0x636a27157948cf2d869e5417e1b8b4aeee25ccdce4b378c0a71e6d882a12601f
2023-04-02 16:43:34,False,3.536e-05,1.127e-08,72080.7,0.0081,0xb7...e40c,https://bscscan.com/tx/0xc03bdbb01a6bc41e498d504ec700350dfc6d30b9d7baf4b91ddec16c06cd0102
2023-04-02 16:43:34,False,3.536e-05,1.127e-08,4151.22,4.681e-05,0xb7...e40c,https://bscscan.com/tx/0xc03bdbb01a6bc41e498d504ec700350dfc6d30b9d7baf4b91ddec16c06cd0102
2023-04-02 16:40:01,True,3.552e-05,1.133e-08,1055243.0,0.1196,0x08...2c07,https://bscscan.com/tx/0xa845e8ff77b8367d5c3303e2177d6fd44f246b647be54586fc609bc7e5c39f05
2023-04-02 16:38:58,False,3.534e-05,1.127e-08,480798.0,0.0542,0xd8...83b3,https://bscscan.com/tx/0x0fb05cce5182f627827cbd2cf5e2ebe122e8c18739b6980101663e519b9d47d9
2023-04-02 16:38:58,False,3.534e-05,1.127e-08,37793.1,0.0042,0xd8...83b3,https://bscscan.com/tx/0x0fb05cce5182f627827cbd2cf5e2ebe122e8c18739b6980101663e519b9d47d9
2023-04-02 16:36:58,True,3.569e-05,1.133e-08,2765129.0,0.3133,0x00...f7dd,https://bscscan.com/tx/0x745035cfc11096c98587326b32f68c8d36a0e49e9a2db8bf26255809f5ecde25
2023-04-02 16:36:46,True,3.569e-05,1.133e-08,496500.0,0.0562,0xfa...e541,https://bscscan.com/tx/0xaa3a2a9a85884fb55dcf73b190576ac17dc27577f5d0d00d02f34799622f7ae9
2023-04-02 16:35:46,True,3.551e-05,1.133e-08,7324567.0,0.83,0x95...7776,https://bscscan.com/tx/0x87725c648ea894bebdb1bb5dd7cc1f8652339472ea22f3ae23c5d8a7b70d39f4
2023-04-02 16:34:43,True,3.551e-05,1.133e-08,170537.0,0.0193,0x42...e835,https://bscscan.com/tx/0xfb38c9f4ba167a710d2c2e9521f363a554f2c63233c5a1b2479b95bed5cc9d4b
2023-04-02 16:33:16,True,3.55e-05,1.133e-08,526073.0,0.0596,0xbe...1378,https://bscscan.com/tx/0xa678217427405b753a886656df46047ca81c1cc91dff3bac359e90b127153a8c
2023-04-02 16:32:25,False,3.533e-05,1.127e-08,2706503.0,0.3051,0x88...b6b4,https://bscscan.com/tx/0x3fd23758f304279e1a43ec3c866f89ec65093eb23251df914eb613d7e0287840
2023-04-02 16:32:25,False,3.533e-05,1.127e-08,13500.0,0.0015,0x88...b6b4,https://bscscan.com/tx/0x3fd23758f304279e1a43ec3c866f89ec65093eb23251df914eb613d7e0287840
2023-04-02 16:31:19,False,3.551e-05,1.127e-08,4985000.0,0.562,0x7c...2ccd,https://bscscan.com/tx/0x08a1e50f9415ea0a2d9b5f33395256479be1ceda7169808e2a3149aef21b5b08
2023-04-02 16:31:19,False,3.551e-05,1.127e-08,405.0,4.566e-06,0x7c...2ccd,https://bscscan.com/tx/0x08a1e50f9415ea0a2d9b5f33395256479be1ceda7169808e2a3149aef21b5b08
2023-04-02 16:29:52,False,3.551e-05,1.127e-08,149550.0,0.0168,0x42...e835,https://bscscan.com/tx/0x06a845a28a46ee36365694bb093709ef5f4eeafbe0a592fed6925c0321ca1c9f
2023-04-02 16:29:52,False,3.551e-05,1.127e-08,42902.3,0.0048,0x42...e835,https://bscscan.com/tx/0x06a845a28a46ee36365694bb093709ef5f4eeafbe0a592fed6925c0321ca1c9f
2023-04-02 16:29:22,True,3.568e-05,1.133e-08,14336377.0,1.62441,0xf7...8c83,https://bscscan.com/tx/0xd4cfaacaa6f5b017a5280885e02da8f6e73063bb6510c334c7d5860233f18b5e
2023-04-02 16:27:28,True,3.55e-05,1.132e-08,1188054.0,0.1345,0x55...a069,https://bscscan.com/tx/0xa6a94fda5e1eb9ba139e298cbc8c5cab5995fcd96703bb9c04eb45ddfe87abf4
2023-04-02 16:27:22,True,3.567e-05,1.132e-08,335443.0,0.038,0x5d...8381,https://bscscan.com/tx/0x3fb597c3047d0e1ad3c52592685e87ed57708ef4fd3bb1598385aeb0761cf12e
2023-04-02 16:27:13,False,3.549e-05,1.127e-08,29765.6,0.0033,0x40...75c9,https://bscscan.com/tx/0xce9236b5327e251cd11954636ac2b315c0525e607fb832aa683bf14dc851e4d3
2023-04-02 16:27:13,False,3.549e-05,1.127e-08,946.33,1.066e-05,0x40...75c9,https://bscscan.com/tx/0xce9236b5327e251cd11954636ac2b315c0525e607fb832aa683bf14dc851e4d3
2023-04-02 16:23:13,False,3.55e-05,1.127e-08,349441.0,0.0393,0xb3...7a23,https://bscscan.com/tx/0xc7ea4665316438a2c6d49334a701ae616bd2a3330415def7a73cf4d60e443976
2023-04-02 16:23:13,False,3.55e-05,1.127e-08,19903.7,0.0022,0xb3...7a23,https://bscscan.com/tx/0xc7ea4665316438a2c6d49334a701ae616bd2a3330415def7a73cf4d60e443976
2023-04-02 16:21:49,True,3.55e-05,1.132e-08,264823.0,0.03,0x01...953f,https://bscscan.com/tx/0xa21189cb13023c6b9500ddd08a7975e4eb6e9f8af5a6e85efaed6b1cb36a4ae7
2023-04-02 16:21:46,True,3.55e-05,1.132e-08,3115053.0,0.3528,0x8d...781d,https://bscscan.com/tx/0x205d7d38c4993c305cc14fc8a4e226e2b2962fa63c4f16b018af4eb4320f1b7d
2023-04-02 16:21:37,True,3.55e-05,1.132e-08,2971466.0,0.3365,0xf4...fce0,https://bscscan.com/tx/0x7d06280450ab483a231d7cd3ebea06d8f2e70ad32cfb8b250c6736832851676a
2023-04-02 16:20:40,False,3.551e-05,1.127e-08,1017327.0,0.1146,0x04...5467,https://bscscan.com/tx/0x4789f3e590d12602cdab12effde1502649f22642786a07a669e30196a31f5a6e
2023-04-02 16:20:40,False,3.551e-05,1.127e-08,36002.1,0.004,0x04...5467,https://bscscan.com/tx/0x4789f3e590d12602cdab12effde1502649f22642786a07a669e30196a31f5a6e
2023-04-02 16:18:37,True,3.569e-05,1.132e-08,840429.0,0.0951,0xf9...0763,https://bscscan.com/tx/0xd91c47438a7183a958d53c3d3bd5442fe0f66e9ec50395efb6dba03ff89934d2
2023-04-02 16:17:43,True,3.569e-05,1.132e-08,3381900.0,0.383,0x16...e480,https://bscscan.com/tx/0xb11e7e5945c1d6e10ac14305edaa0cfd17dc0b5f875f43182a7c22d9278d33f3
2023-04-02 16:17:31,True,3.551e-05,1.132e-08,238047.0,0.0269,0xd3...59c1,https://bscscan.com/tx/0x4e12dee4f749d0ecb52fc90ce25c4dd5a0036d1473d52d16ac718f97cb373dc4
2023-04-02 16:17:25,True,3.551e-05,1.132e-08,882.952,1e-05,0xb2...34ad,https://bscscan.com/tx/0x8309ceb194e74d3e97092b1da2c1d8583177c45de27a186e533b88eb863731d8
2023-04-02 16:16:13,False,3.534e-05,1.127e-08,8846231.0,0.997,0xe5...1d00,https://bscscan.com/tx/0x3f752fa301f717a8f32ba02849756e440e2da54dbacf8add6f9b8f84b4a87b3f
2023-04-02 16:16:13,False,3.534e-05,1.127e-08,61712.6,0.0069,0xe5...1d00,https://bscscan.com/tx/0x3f752fa301f717a8f32ba02849756e440e2da54dbacf8add6f9b8f84b4a87b3f
2023-04-02 16:15:31,True,3.57e-05,1.132e-08,114759.0,0.013,0x8c...9c7e,https://bscscan.com/tx/0xff7cf7d726cf0f1709d70347d59d04d9af8674ddd7d0f25f6966ffed19684a70
2023-04-02 16:15:31,True,3.57e-05,1.132e-08,105487.0,0.0119,0x23...f3a6,https://bscscan.com/tx/0x0f61ef4c2d08346fdd95c0f25fe6d20bf5b14807127ec56e31fb56efb74cdb8a
2023-04-02 16:13:49,True,3.553e-05,1.132e-08,360735.0,0.0408,0xa5...5185,https://bscscan.com/tx/0xd86926185a67458dcb50411bbb8dcc20fa4ba7f15d6bb741c048ec488e58e7d4
2023-04-02 16:12:28,True,3.553e-05,1.132e-08,10944755.0,1.23965,0x54...833b,https://bscscan.com/tx/0xc1bffea6bae2d73680df27a3f42b20e86edbc9bad4295ecafc4e54eca63165c0
2023-04-02 16:09:36,True,3.554e-05,1.132e-08,10713370.0,1.21312,0xb6...6da7,https://bscscan.com/tx/0xb4e9c7340a3bf9a69528c460ea396ebd101066c7505a6202b8373ec1d9c2462f
2023-04-02 16:08:24,False,3.553e-05,1.126e-08,615544.0,0.0693,0x38...e50f,https://bscscan.com/tx/0x5f8beb81c9dd58eca46dd53a67949647d79385179aca83bf829a99a448105590
2023-04-02 16:08:24,False,3.553e-05,1.126e-08,675.0,7.604e-06,0x38...e50f,https://bscscan.com/tx/0x5f8beb81c9dd58eca46dd53a67949647d79385179aca83bf829a99a448105590
2023-04-02 16:07:54,False,3.554e-05,1.126e-08,249250.0,0.028,0xa6...3e60,https://bscscan.com/tx/0xb89d455971f2f42121d8e10e194a85cd53da0ebdf8fd12d6b0aa79e7ee8abc40
2023-04-02 16:07:54,False,3.554e-05,1.126e-08,2256.19,2.541e-05,0xa6...3e60,https://bscscan.com/tx/0xb89d455971f2f42121d8e10e194a85cd53da0ebdf8fd12d6b0aa79e7ee8abc40
2023-04-02 16:07:42,True,3.571e-05,1.132e-08,335627.0,0.038,0xdd...ae1e,https://bscscan.com/tx/0x2c304422f09f86da6354197bfad31f9dbf694eeba523c4d5b4ce5952546b20a1
2023-04-02 16:07:03,False,3.554e-05,1.126e-08,498500.0,0.0561,0xa8...a277,https://bscscan.com/tx/0x831a0a06f14da3d473e419b2301d9f06b866148793f30b2a273f24c7df8e4f85
2023-04-02 16:07:03,False,3.554e-05,1.126e-08,13173.9,0.0014,0xa8...a277,https://bscscan.com/tx/0x831a0a06f14da3d473e419b2301d9f06b866148793f30b2a273f24c7df8e4f85
2023-04-02 16:03:51,True,3.554e-05,1.132e-08,300000.0,0.0339,0x8a...4014,https://bscscan.com/tx/0x7ea51cde74754d4e48ea9dfb48607b3b0e7fe07d16813e455ed1546d676e51b3
2023-04-02 16:01:48,True,3.569e-05,1.132e-08,1700000.0,0.1924,0x8a...4014,https://bscscan.com/tx/0x0c26d5f43a31ec1d626eaaef215e4abdd6192dc709e842d9f1e926d95557bfa4
2023-04-02 16:00:58,True,3.551e-05,1.132e-08,1051946.0,0.1191,0xbe...1378,https://bscscan.com/tx/0xc38f924e929ed30a564b865039be013be73c1907781daa824ea317150f20a324
2023-04-02 16:00:10,True,3.569e-05,1.132e-08,525957.0,0.0595,0xbe...1378,https://bscscan.com/tx/0xba54313de8012bf47f2b5a7978aa985ca925447362ddd89967fc16c6270c1b89
2023-04-02 15:59:01,True,3.569e-05,1.132e-08,343103.0,0.0388,0xc9...2389,https://bscscan.com/tx/0x032f3cb40de5e2f24758d7911dbb282672fd0e376cd665e1890745555683bcbc
2023-04-02 15:58:34,True,3.55e-05,1.132e-08,343104.0,0.0388,0xc9...2389,https://bscscan.com/tx/0x009211258dfb10d5db25fad61119cff25d25df09af9ba39a73c36c5444e5153a
2023-04-02 15:57:46,False,3.551e-05,1.126e-08,498500.0,0.0561,0x57...d190,https://bscscan.com/tx/0x718e30ebef443c1b33954ab176cf09acf91fbaf51a4e04a4a5e3644b95da91d2
2023-04-02 15:57:46,False,3.551e-05,1.126e-08,59516.0,0.0067,0x57...d190,https://bscscan.com/tx/0x718e30ebef443c1b33954ab176cf09acf91fbaf51a4e04a4a5e3644b95da91d2
2023-04-02 15:57:19,True,3.569e-05,1.132e-08,1816130.0,0.2056,0xfe...42b1,https://bscscan.com/tx/0x7846e229950268894e1cb4f7f65217d7daec0328e86e890621069685e9a3d057
2023-04-02 15:51:55,False,3.535e-05,1.126e-08,19461887.0,2.19274,0x05...7066,https://bscscan.com/tx/0x3c9d974f496ac702d1c268a06df2e311a52b4f629e9c0b0c6b595373e17c0b1d
2023-04-02 15:51:55,False,3.536e-05,1.126e-08,52249.4,0.0058,0x05...7066,https://bscscan.com/tx/0x3c9d974f496ac702d1c268a06df2e311a52b4f629e9c0b0c6b595373e17c0b1d
2023-04-02 15:51:43,False,3.536e-05,1.127e-08,19293593.0,2.17482,0x05...7066,https://bscscan.com/tx/0x2f6a165b55eb8a3372ed21ea0a000ddf770896ac6d6131995693c441362275c0
2023-04-02 15:51:43,False,3.537e-05,1.127e-08,308236.0,0.0347,0x05...7066,https://bscscan.com/tx/0x2f6a165b55eb8a3372ed21ea0a000ddf770896ac6d6131995693c441362275c0
2023-04-02 15:50:31,False,3.541e-05,1.128e-08,99700000.0,11.255,0x9b...2220,https://bscscan.com/tx/0xa979e2aa7e864695b79f28dd556e4a12190cd044e6e2dc2c004721f5088f525f
2023-04-02 15:50:31,False,3.546e-05,1.13e-08,39676.8,0.0044,0x9b...2220,https://bscscan.com/tx/0xa979e2aa7e864695b79f28dd556e4a12190cd044e6e2dc2c004721f5088f525f
2023-04-02 15:50:16,False,3.564e-05,1.13e-08,14651014.0,1.65628,0x20...946b,https://bscscan.com/tx/0xf9e97ee115cd0f7dd37df0bfe489ea39bee52212158d146af4b7bc53e774612b
2023-04-02 15:50:16,False,3.565e-05,1.13e-08,43652.5,0.0049,0x20...946b,https://bscscan.com/tx/0xf9e97ee115cd0f7dd37df0bfe489ea39bee52212158d146af4b7bc53e774612b
2023-04-02 15:49:28,True,3.582e-05,1.136e-08,4514687.0,0.513,0x0e...a405,https://bscscan.com/tx/0xbe9421cc3f84372026051bfa00b8bab061da458d55444e208d56db2010ff12f2
2023-04-02 15:48:16,False,3.564e-05,1.13e-08,4985000.0,0.5636,0x22...0b22,https://bscscan.com/tx/0x058ea7f55eabd8b5504ab31bd10cbb28d4b8e6af52bff486ff4150123f745d15
2023-04-02 15:48:16,False,3.564e-05,1.13e-08,76018.2,0.0086,0x22...0b22,https://bscscan.com/tx/0x058ea7f55eabd8b5504ab31bd10cbb28d4b8e6af52bff486ff4150123f745d15
2023-04-02 15:47:31,True,3.58e-05,1.135e-08,27924874.0,3.17224,0xdd...28d7,https://bscscan.com/tx/0x3e5ad3c76e82a8d460c343160aeba8c4e0db9185ba372278d50f79fa4b1d5952
2023-04-02 15:45:07,False,3.543e-05,1.129e-08,229310.0,0.0259,0xa5...0044,https://bscscan.com/tx/0xfd8752908d2d50d007dae3c017da6d93afd59a9c2f0a3c4969c67cdd23f6ab76
2023-04-02 15:45:07,False,3.543e-05,1.129e-08,3047.33,3.443e-05,0xa5...0044,https://bscscan.com/tx/0xfd8752908d2d50d007dae3c017da6d93afd59a9c2f0a3c4969c67cdd23f6ab76
2023-04-02 15:44:10,False,3.543e-05,1.129e-08,1125256.0,0.1271,0x3b...324e,https://bscscan.com/tx/0xd52d9e1849b660debd191b62da48b342d3f860239df70f423a0917ded2714b2d
2023-04-02 15:44:10,False,3.543e-05,1.129e-08,156202.0,0.0176,0x3b...324e,https://bscscan.com/tx/0xd52d9e1849b660debd191b62da48b342d3f860239df70f423a0917ded2714b2d
2023-04-02 15:40:40,True,3.579e-05,1.135e-08,7638081.0,0.8673,0x88...9c07,https://bscscan.com/tx/0xffe2168f50da9f513f55bc5f9e810fd9efcc5c8a8c919cb70cb17a4da0703d4b
2023-04-02 15:39:16,True,3.56e-05,1.135e-08,2996780.0,0.3402,0x3d...4dd5,https://bscscan.com/tx/0x42f30e65e9e214b9343ac482b2bb88c3483e27b4d2bab83e34a02c96534fc680
2023-04-02 15:32:25,True,3.559e-05,1.135e-08,351262.0,0.0398,0x70...89b1,https://bscscan.com/tx/0xc17741c0445a7abcefed8f300b2f290b6e5fd429221d186144979d18b4760265
2023-04-02 15:32:13,True,3.559e-05,1.135e-08,279525.0,0.0317,0xe0...1bac,https://bscscan.com/tx/0x945e5990a6385a585f173ab3b6dab86279f4834a2a42e36c47d370c4b68056e9
2023-04-02 15:31:28,True,3.577e-05,1.135e-08,9014965.0,1.02337,0x3d...4dd5,https://bscscan.com/tx/0xa54bc8395a5496c675d9df0e57b9de1c3aeac5ff6a0ee7aab874b80179b068af
2023-04-02 15:31:22,True,3.576e-05,1.135e-08,506262.0,0.0574,0x6b...2d45,https://bscscan.com/tx/0x0cfb8c362f4134f7163e3969a095c6080682200c71a0d83e17e1eb89da4dc6fb
2023-04-02 15:31:07,True,3.558e-05,1.135e-08,1000000.0,0.1135,0x8f...62e3,https://bscscan.com/tx/0xb994d7a2d67d3e700d2bf026d103b791f00821f234e3a15c74de7671c4990387
2023-04-02 15:29:46,True,3.575e-05,1.134e-08,8391056.0,0.9523,0x6e...9fd1,https://bscscan.com/tx/0xa3f30a49554e83e4d6138914a47243a65199971416fb4a559ea1fdece77980b7
2023-04-02 15:29:31,True,3.556e-05,1.134e-08,25181052.0,2.85663,0xbc...0072,https://bscscan.com/tx/0x14aa378791ffbc337e8384fc725e7af850acc4a64c11632ea0dbfaafc6ae9cf1
2023-04-02 15:28:19,False,3.537e-05,1.128e-08,1012409.0,0.1142,0x17...6053,https://bscscan.com/tx/0x7da316e7a4efc5fceea0185fbe5c10bc88df63515e213c6b38e4bf85e97d4ed7
2023-04-02 15:28:19,False,3.537e-05,1.128e-08,29771.3,0.0033,0x17...6053,https://bscscan.com/tx/0x7da316e7a4efc5fceea0185fbe5c10bc88df63515e213c6b38e4bf85e97d4ed7
2023-04-02 15:27:19,False,3.555e-05,1.128e-08,10993332.0,1.24071,0x70...2954,https://bscscan.com/tx/0x2f83c6703fe57c63acba48bb661d038c0fd22c6289aa43066ff1f77cc7a0f120
2023-04-02 15:27:19,False,3.555e-05,1.128e-08,13392.0,0.0015,0x70...2954,https://bscscan.com/tx/0x2f83c6703fe57c63acba48bb661d038c0fd22c6289aa43066ff1f77cc7a0f120
2023-04-02 15:26:55,True,3.555e-05,1.134e-08,362373.0,0.0411,0xdd...4cd0,https://bscscan.com/tx/0xebd1c414a6742632a075a40130cc354ed2912c7385bf759ebc33629c92bd437a
2023-04-02 15:26:13,True,3.555e-05,1.134e-08,4504544.0,0.5109,0x23...a284,https://bscscan.com/tx/0x8dcab4cd44e3c0447647a55a95f93b6f2d2a8cda9951bde05361dc464df2281b
2023-04-02 15:26:10,False,3.537e-05,1.128e-08,92812.7,0.0104,0x1a...ec85,https://bscscan.com/tx/0x2a9a36dc1d9035b7ee9fbd08d23b8b99b067a3f623d0447bf96a41164f35cd61
2023-04-02 15:26:10,False,3.537e-05,1.128e-08,24338.7,0.0027,0x1a...ec85,https://bscscan.com/tx/0x2a9a36dc1d9035b7ee9fbd08d23b8b99b067a3f623d0447bf96a41164f35cd61
2023-04-02 15:23:07,True,3.554e-05,1.134e-08,6014327.0,0.6821,0xdb...7a61,https://bscscan.com/tx/0x1e4cc2f971a970baf314a663848b61bcd28baa526c56c26670fa52239b96892c
2023-04-02 15:21:55,False,3.555e-05,1.128e-08,2991000.0,0.3375,0x16...e480,https://bscscan.com/tx/0xa00352953958e1d6c81aa0b1e952ece4f8737909fca7c107a07327821588beb1
2023-04-02 15:21:55,False,3.555e-05,1.128e-08,77643.0,0.0087,0x16...e480,https://bscscan.com/tx/0xa00352953958e1d6c81aa0b1e952ece4f8737909fca7c107a07327821588beb1
2023-04-02 15:21:52,True,3.555e-05,1.134e-08,864130.0,0.098,0x87...acaa,https://bscscan.com/tx/0xc85bf7a02be23ba5c5fcb567614c0948c1245e3442700b4b86dd444e7458accc
2023-04-02 15:21:49,True,3.553e-05,1.133e-08,26459526.0,3.0,0xc5...63ff,https://bscscan.com/tx/0xe8cba55ad4998f37d056a2a6c42b94a2b1984a11cc33223430cf14b254358238
2023-04-02 15:21:34,True,3.57e-05,1.133e-08,1391231.0,0.1576,0x68...f795,https://bscscan.com/tx/0x6c7627a5cb4f639c13f051353eacaae82066c33c4e9c2938caa52717b3b1fd00
2023-04-02 15:18:40,False,3.553e-05,1.127e-08,41637.2,0.0047,0x54...773c,https://bscscan.com/tx/0xba76f8229b9a1f0d3bc3be2d6bd902b19ee5e25a2a2806eb922c92955fb57dab
2023-04-02 15:18:40,False,3.553e-05,1.127e-08,660.304,7.446e-06,0x54...773c,https://bscscan.com/tx/0xba76f8229b9a1f0d3bc3be2d6bd902b19ee5e25a2a2806eb922c92955fb57dab
2023-04-02 15:16:22,False,3.553e-05,1.127e-08,243823.0,0.0275,0xfb...4c52,https://bscscan.com/tx/0xa3ef8d630e1959d10aedc8151644b0eb57d5d2129869601d8284ed50d29d26df
2023-04-02 15:16:22,False,3.553e-05,1.127e-08,396251.0,0.0446,0xfb...4c52,https://bscscan.com/tx/0xa3ef8d630e1959d10aedc8151644b0eb57d5d2129869601d8284ed50d29d26df
2023-04-02 15:14:46,True,3.553e-05,1.133e-08,8684709.0,0.9842,0xc5...63ff,https://bscscan.com/tx/0xe1bccc693beb68924fedd7f480dac83035863b08df847984e7079459cdbcb2c2
2023-04-02 15:14:04,False,3.56e-05,1.129e-08,137660659.0,15.5479,0x43...6296,https://bscscan.com/tx/0xb9225b7c97dc03e57fb8d368a9b8eeabf663d8a908fe3a8da529350163aa5d76
2023-04-02 15:14:04,False,3.566e-05,1.131e-08,32733.2,0.0037,0x43...6296,https://bscscan.com/tx/0xb9225b7c97dc03e57fb8d368a9b8eeabf663d8a908fe3a8da529350163aa5d76
2023-04-02 15:12:37,False,3.567e-05,1.131e-08,12087025.0,1.36768,0x3d...4dd5,https://bscscan.com/tx/0x9e39041def1135add24b071f980ad80ffbff8974c07d94cfe27095cd06ab23fd
2023-04-02 15:12:37,False,3.568e-05,1.131e-08,79909.3,0.009,0x3d...4dd5,https://bscscan.com/tx/0x9e39041def1135add24b071f980ad80ffbff8974c07d94cfe27095cd06ab23fd
2023-04-02 15:12:34,True,3.586e-05,1.137e-08,113892.0,0.0129,0x8a...c658,https://bscscan.com/tx/0x09a49c2705e40e01b011563fab0ec719359185947fb6d355a921d7f169d8265f
2023-04-02 15:10:25,False,3.572e-05,1.132e-08,23976903.0,2.71426,0xd0...c292,https://bscscan.com/tx/0x2550aad675373f44bfc1934f8815ececbeb11893232588361206fb6c8a7dbe39
2023-04-02 15:10:25,False,3.573e-05,1.132e-08,40261.7,0.0045,0xd0...c292,https://bscscan.com/tx/0x2550aad675373f44bfc1934f8815ececbeb11893232588361206fb6c8a7dbe39
2023-04-02 15:07:49,True,3.593e-05,1.138e-08,70295.6,0.008,0x8a...8255,https://bscscan.com/tx/0x45458d677c9926b2a028916e1069691b0e09061025e5bc8f5b72583d96e93676
2023-04-02 15:07:34,True,3.575e-05,1.138e-08,413576.0,0.047,0x9d...ce23,https://bscscan.com/tx/0x79cf1dd2aefcb91afc2932d4c80e4253518ef58299da1167a02c0fb866879fcb
2023-04-02 15:06:52,False,3.556e-05,1.132e-08,14384583.0,1.62914,0xf7...8c83,https://bscscan.com/tx/0xbab3b8983d02b467a4a857f0b70a4899047492a2dd41be08c2e0834f33f6806f
2023-04-02 15:06:52,False,3.557e-05,1.132e-08,73474.8,0.0083,0xf7...8c83,https://bscscan.com/tx/0xbab3b8983d02b467a4a857f0b70a4899047492a2dd41be08c2e0834f33f6806f
2023-04-02 15:05:16,True,3.593e-05,1.138e-08,1209304.0,0.1376,0x8a...8255,https://bscscan.com/tx/0xb686ad080ee3365488887649ecf2496cc862631464041fe7c1b847df87bd12f4
2023-04-02 15:04:19,True,3.577e-05,1.138e-08,864836.0,0.0985,0x87...acaa,https://bscscan.com/tx/0xe00e2af9ad33dc80cda32b7f04f34c6f9afd187b8246dbcf2d25646b8af7f237
2023-04-02 15:04:13,False,3.558e-05,1.133e-08,25063316.0,2.83981,0xbc...0072,https://bscscan.com/tx/0xc53afb6e9bd486f8a484093ddf4e736572cb54172782478b9969be5b17ea1ea5
2023-04-02 15:04:13,False,3.559e-05,1.133e-08,2744.98,3.111e-05,0xbc...0072,https://bscscan.com/tx/0xc53afb6e9bd486f8a484093ddf4e736572cb54172782478b9969be5b17ea1ea5
2023-04-02 15:02:01,False,3.559e-05,1.133e-08,1013611.0,0.1148,0x29...9fa0,https://bscscan.com/tx/0xdfedaa90860618ac68c5d00235217b11a74e69c54bc09df5ec1b323681c9d127
2023-04-02 15:02:01,False,3.559e-05,1.133e-08,1740.33,1.972e-05,0x29...9fa0,https://bscscan.com/tx/0xdfedaa90860618ac68c5d00235217b11a74e69c54bc09df5ec1b323681c9d127
2023-04-02 15:01:52,False,3.559e-05,1.133e-08,642631.0,0.0728,0x1f...f88b,https://bscscan.com/tx/0x4d7a43cc84f99774f1f6b966e35adea1124323f9baa07c9796184ba75c85f272
2023-04-02 15:01:52,False,3.559e-05,1.133e-08,61823.4,0.007,0x1f...f88b,https://bscscan.com/tx/0x4d7a43cc84f99774f1f6b966e35adea1124323f9baa07c9796184ba75c85f272
2023-04-02 14:58:13,True,3.596e-05,1.139e-08,43892.7,0.005,0x0e...d9f3,https://bscscan.com/tx/0x1e1f2f1070505a2fe53da8132c8c5491912df452608d72ee23c5c04a84b2e678
2023-04-02 14:57:40,True,3.595e-05,1.139e-08,4288049.0,0.4884,0x52...5a26,https://bscscan.com/tx/0xc44cfbb4511ecee2801f50c0d3f2dadf99255f4ce3c44a6a3f411d208f56442e
2023-04-02 14:57:04,True,3.595e-05,1.139e-08,1000000.0,0.1139,0x18...b620,https://bscscan.com/tx/0xf6e47117ba5f2f36b7e82127ab1123ceda717c68716bb706ad434e594e7dcfc2
2023-04-02 14:56:30,True,3.575e-05,1.138e-08,1053571.0,0.12,0x50...e3ba,https://bscscan.com/tx/0xa57693d4b2c7d2ad19ac3b04266621d72ea9157ca51132b8800a802011e48dad
2023-04-02 14:55:22,True,3.577e-05,1.138e-08,100000.0,0.0113,0xa7...14d0,https://bscscan.com/tx/0xb9d3613070b05db9894ad2e9a07d61ed45a024e8efe6d9d5512cc52857dddefb
2023-04-02 14:54:46,True,3.578e-05,1.138e-08,3705072.0,0.4219,0x22...dfdc,https://bscscan.com/tx/0x88dd7734cff7dc7e05a977178ca6a61af33d06e7861b1f3e444a9a5a02656ea1
2023-04-02 14:51:39,True,3.596e-05,1.138e-08,11258780.0,1.28203,0x2a...f2c0,https://bscscan.com/tx/0x982326257480a7ce8dfb5baad69659aa53efc85cc6649de42c092ed5d6223d55
2023-04-02 14:50:48,False,3.577e-05,1.132e-08,1125256.0,0.1274,0x3b...324e,https://bscscan.com/tx/0x9cc4939aa04be2edf6531017176c5e52c8c540e25aec0f0ffb0f4c6b317075e6
2023-04-02 14:50:48,False,3.578e-05,1.132e-08,7334.68,8.309e-05,0x3b...324e,https://bscscan.com/tx/0x9cc4939aa04be2edf6531017176c5e52c8c540e25aec0f0ffb0f4c6b317075e6
2023-04-02 14:50:39,True,3.577e-05,1.138e-08,194591.0,0.0221,0xdf...195c,https://bscscan.com/tx/0xb7f9492a686879d77deade6a0d126cc944bac51b683a2d5a7284b444ca72b327
2023-04-02 14:49:53,True,3.595e-05,1.138e-08,21957.5,0.0025,0xe3...b3a1,https://bscscan.com/tx/0x18f39dd295d7d1696a16e631cc6dab95340dac525fb8d1e9f445689256cb93f4
2023-04-02 14:44:54,False,3.576e-05,1.132e-08,2492500.0,0.2823,0x08...b51e,https://bscscan.com/tx/0x4f48ead60bbdbc0d1942c9b66fa13cc36bbe1a5a86b0d5e0b0592a6d5fa0ae6d
2023-04-02 14:44:54,False,3.576e-05,1.132e-08,32486.1,0.0036,0x08...b51e,https://bscscan.com/tx/0x4f48ead60bbdbc0d1942c9b66fa13cc36bbe1a5a86b0d5e0b0592a6d5fa0ae6d
2023-04-02 14:44:48,True,3.594e-05,1.138e-08,3337474.0,0.38,0xfc...7857,https://bscscan.com/tx/0x5fced9f4b07f828c91a6a6e0c5c940670907f37a9b80700e1c4ecc4b449ffdb9
2023-04-02 14:42:30,True,3.576e-05,1.138e-08,5052.64,5.752e-05,0x87...cac5,https://bscscan.com/tx/0x127508cd97f8c129de26f2b8284dcb1f3c1bdfb35e56db295d9a2cefa18f02f6
2023-04-02 14:41:18,True,3.594e-05,1.138e-08,6956684.0,0.7919,0x36...6b9d,https://bscscan.com/tx/0xc71aff14e4b80c06771dc83ac2f35b885637b9cdf9eddaabab4fe5163a357fe9
2023-04-02 14:40:57,True,3.594e-05,1.138e-08,820000.0,0.0933,0xcc...0d3a,https://bscscan.com/tx/0x9f2805c702985dab797d6cf597dcc80addbfefde39cbf411d14c9df74586dba0
2023-04-02 14:40:06,True,3.575e-05,1.138e-08,26354.7,0.003,0x8b...6d63,https://bscscan.com/tx/0xec50c487b7607b0e9e617399b8cb1fcf6a2f3283f41c5287200c5f00518c79b5
2023-04-02 14:38:57,False,3.558e-05,1.132e-08,783967.0,0.0888,0x36...b269,https://bscscan.com/tx/0xff9a18ae39e21eefc67b42885adc5a238d5a6ecb05efd01400a05d67dabd6d2e
2023-04-02 14:38:57,False,3.558e-05,1.132e-08,39070.6,0.0044,0x36...b269,https://bscscan.com/tx/0xff9a18ae39e21eefc67b42885adc5a238d5a6ecb05efd01400a05d67dabd6d2e
2023-04-02 14:37:33,True,3.594e-05,1.138e-08,11147560.0,1.2688,0xe2...b88a,https://bscscan.com/tx/0x19739497c583762a418c13347f74bbd80e0316cedc3c1785abf8d7cc6866dfda
2023-04-02 14:37:27,True,3.593e-05,1.138e-08,206137.0,0.0234,0x63...c71c,https://bscscan.com/tx/0x9ad64e3a21a0b744649ca2aa618beccc2cc1bcb4a66e50e4f82a2b866eec0f9b
2023-04-02 14:35:42,True,3.576e-05,1.137e-08,1463064.0,0.1665,0x22...dfdc,https://bscscan.com/tx/0x462035ab2e2c69dc7b3308aeb39cfea196bacb3f68fc61bc66c218d7894cc4cb
2023-04-02 14:35:00,True,3.576e-05,1.137e-08,228953.0,0.026,0x29...f2c8,https://bscscan.com/tx/0x8b2f1b1ae234884c3699e221fca2c55ccc49bed561f8f64227b111f44c29ca12
2023-04-02 14:34:24,True,3.594e-05,1.137e-08,90000.0,0.0102,0x62...67fb,https://bscscan.com/tx/0x42607ba946d1daaaf2e756fcefcea25ceb64840bfd866b4844a6f98198b7afb0
2023-04-02 14:30:52,False,3.556e-05,1.132e-08,322565.0,0.0365,0xbd...864d,https://bscscan.com/tx/0xa03b7622940b0b79d870d190cddd8b8cab7a197933fd62ec53bace7c4c335ea0
2023-04-02 14:30:52,False,3.556e-05,1.132e-08,18204.9,0.002,0xbd...864d,https://bscscan.com/tx/0xa03b7622940b0b79d870d190cddd8b8cab7a197933fd62ec53bace7c4c335ea0
2023-04-02 14:30:42,True,3.574e-05,1.137e-08,337503.0,0.0384,0x07...d83e,https://bscscan.com/tx/0xf22f2303a2f11deb7ecb0a0bf4e3e790d2f0b79c15334d155923a0ab82c5304c
2023-04-02 14:30:30,True,3.591e-05,1.137e-08,4571871.0,0.5202,0x95...7ebe,https://bscscan.com/tx/0x70393e14b71423c6663ecb28f5f98deac12e358e10dde44774e4da4e6ac30c9e
2023-04-02 14:29:34,True,3.573e-05,1.137e-08,1045524.0,0.1189,0x2f...cdf4,https://bscscan.com/tx/0xc753908a6a74c709a7e12fdf3db722100603c620a88562b052ec3ee3175148f9
2023-04-02 14:18:58,False,3.577e-05,1.132e-08,785313.0,0.0889,0x8f...cbef,https://bscscan.com/tx/0xb5ecf9118f3cab9ee39fc1dcf19e998f69946c586d6de804e35636235e6dd7d7
2023-04-02 14:18:58,False,3.577e-05,1.132e-08,168630.0,0.019,0x8f...cbef,https://bscscan.com/tx/0xb5ecf9118f3cab9ee39fc1dcf19e998f69946c586d6de804e35636235e6dd7d7
2023-04-02 14:18:34,True,3.595e-05,1.137e-08,584111.0,0.0664,0x74...1d52,https://bscscan.com/tx/0x4b91b328fb6736437cb1e603afc3e92e77b29ec1b339425be00fc5b3f337061b
2023-04-02 14:12:58,True,3.576e-05,1.137e-08,43943.6,0.005,0xb9...a26a,https://bscscan.com/tx/0x9aef7be6b63fcde9e2bd33a03a3ffaa4d73266d048533ccf564435e8a2d78ee7
2023-04-02 14:12:52,False,3.561e-05,1.133e-08,61642081.0,6.98407,0x62...c182,https://bscscan.com/tx/0x704600375a11ae11eeab862a89181c94263e0e89b1d73bf08b30dcae70319abb
2023-04-02 14:12:52,False,3.564e-05,1.133e-08,1263.75,1.432e-05,0x62...c182,https://bscscan.com/tx/0x704600375a11ae11eeab862a89181c94263e0e89b1d73bf08b30dcae70319abb
2023-04-02 14:10:31,False,3.583e-05,1.133e-08,466651.0,0.0529,0x13...89d4,https://bscscan.com/tx/0xa80e602b9767c761c7cbdf259356c760f9bc60f6e1b1f41bc98159a01b545073
2023-04-02 14:10:31,False,3.583e-05,1.133e-08,1158.98,1.314e-05,0x13...89d4,https://bscscan.com/tx/0xa80e602b9767c761c7cbdf259356c760f9bc60f6e1b1f41bc98159a01b545073
2023-04-02 14:09:52,False,3.563e-05,1.133e-08,427966.0,0.0485,0x8a...e0a2,https://bscscan.com/tx/0xefc919ecdb743cff056c04bcf0549dc531537330e5d8733cbda8db2da6edefb3
2023-04-02 14:09:52,False,3.563e-05,1.133e-08,5989.35,6.791e-05,0x8a...e0a2,https://bscscan.com/tx/0xefc919ecdb743cff056c04bcf0549dc531537330e5d8733cbda8db2da6edefb3
2023-04-02 14:02:28,False,3.563e-05,1.133e-08,1978221.0,0.2243,0xed...65e0,https://bscscan.com/tx/0xa5d5d2883b390cc15b8784357ffa51c2d7e5b838eb86368f6cddd436ac778694
2023-04-02 14:02:28,False,3.563e-05,1.133e-08,1041.12,1.18e-05,0xed...65e0,https://bscscan.com/tx/0xa5d5d2883b390cc15b8784357ffa51c2d7e5b838eb86368f6cddd436ac778694
2023-04-02 14:01:19,False,3.58e-05,1.133e-08,384443.0,0.0435,0x88...0d9e,https://bscscan.com/tx/0x4970f5171489bf88a6ceda42f0f5b32772385d90caa4def9d0cb06e01f308048
2023-04-02 14:01:19,False,3.58e-05,1.133e-08,12363.0,0.0014,0x88...0d9e,https://bscscan.com/tx/0x4970f5171489bf88a6ceda42f0f5b32772385d90caa4def9d0cb06e01f308048
2023-04-02 14:00:31,True,3.58e-05,1.139e-08,4023357.0,0.4585,0x95...7ebe,https://bscscan.com/tx/0xeb6c431ca4b230b795f933c81cace6c5fbd0f16aabc663415fbfce3ac9914b79
2023-04-02 13:58:34,False,3.58e-05,1.133e-08,553863.0,0.0628,0x58...31da,https://bscscan.com/tx/0x4f283c67ecd638011570f80d1df2c11d7e441dcf6dab1d6bbeabddd6bb3a2426
2023-04-02 13:58:34,False,3.58e-05,1.133e-08,7049.89,7.993e-05,0x58...31da,https://bscscan.com/tx/0x4f283c67ecd638011570f80d1df2c11d7e441dcf6dab1d6bbeabddd6bb3a2426
2023-04-02 13:56:13,True,3.58e-05,1.139e-08,964567.0,0.1099,0x72...6ff6,https://bscscan.com/tx/0xad3d40186e818197a610c26dd10267938212fdc07d3bcfe02488d8f60994381f
2023-04-02 13:55:16,True,3.598e-05,1.139e-08,646504.0,0.0736,0x1f...f88b,https://bscscan.com/tx/0x6549d16dc1056a8eccc05afcddf58c3c8e9e0c374992ea64ed9c3632d946756e
2023-04-02 13:54:22,False,3.562e-05,1.133e-08,997000.0,0.113,0x40...76c5,https://bscscan.com/tx/0xbf657558a5973ba3c1cbdfde9f7694cc8c4843662a6374f86fb0aede41115a62
2023-04-02 13:54:22,False,3.562e-05,1.133e-08,58040.7,0.0065,0x40...76c5,https://bscscan.com/tx/0xbf657558a5973ba3c1cbdfde9f7694cc8c4843662a6374f86fb0aede41115a62
2023-04-02 13:51:52,True,3.579e-05,1.139e-08,12929563.0,1.47314,0xd2...b465,https://bscscan.com/tx/0x4981bf1272e5c84019cd75261d44a55224a7a4ea9aea4d8b8d867c26e4c7ad6e
2023-04-02 13:50:07,True,3.596e-05,1.139e-08,63698.3,0.0072,0x28...dcad,https://bscscan.com/tx/0xcb95ef7a80b868eafe214a8026b756776da5b1233576b5930a4eb0a5f34feacf
2023-04-02 13:49:19,True,3.577e-05,1.139e-08,31291.7,0.0035,0xc2...d28f,https://bscscan.com/tx/0xb8e77bc56a5f8b5775748db8caa3a6c56cfcd84e87546224fa3f21cc1a0a09d4
2023-04-02 13:49:16,False,3.578e-05,1.133e-08,8446587.0,0.9575,0x34...cea4,https://bscscan.com/tx/0x1013324ec42b9e0b8216a5aca442dbb9e8f2290c6c0f3a8db8170a13e966db91
2023-04-02 13:49:16,False,3.578e-05,1.133e-08,3274.75,3.712e-05,0x34...cea4,https://bscscan.com/tx/0x1013324ec42b9e0b8216a5aca442dbb9e8f2290c6c0f3a8db8170a13e966db91
2023-04-02 13:48:31,True,3.598e-05,1.139e-08,132567.0,0.0151,0xf2...33fa,https://bscscan.com/tx/0xc2ce4627bd5d08e4c71423744e997af02211aec339768064cfe92e9103d60bc9
2023-04-02 13:47:01,True,3.596e-05,1.139e-08,1000000.0,0.1139,0x4f...4bb5,https://bscscan.com/tx/0x7a3b5487c884d866aff4bc5759f7529b4283fa7dbde7876ad33405c7b75ed073
2023-04-02 13:44:40,False,3.559e-05,1.133e-08,28826.3,0.0032,0xe5...a57a,https://bscscan.com/tx/0x15554328ea12a8a7a1babe0601443b3f6b20f3196fb75b5154f53be902d89034
2023-04-02 13:44:40,False,3.559e-05,1.133e-08,3784.28,4.29e-05,0xe5...a57a,https://bscscan.com/tx/0x15554328ea12a8a7a1babe0601443b3f6b20f3196fb75b5154f53be902d89034
2023-04-02 13:42:34,True,3.594e-05,1.139e-08,402249.0,0.0458,0xa8...4cf3,https://bscscan.com/tx/0x5f475a381929f7b729432ebc6ea7fe603a8bf88814696b2f0db33e038e283238
2023-04-02 13:42:31,True,3.594e-05,1.139e-08,635398.0,0.0723,0x56...b468,https://bscscan.com/tx/0xc2cb26165de0970e02e1f4c6641de3b63ade2153fbaafb2df030748b56d831c0
2023-04-02 13:40:58,True,3.594e-05,1.139e-08,131655.0,0.015,0xba...af4a,https://bscscan.com/tx/0x2763409d26c77dab7e3b30d56b2a4eae171f8756a59ffe709445aa4a86193fd4
2023-04-02 13:40:28,False,3.576e-05,1.133e-08,231585.0,0.0262,0x52...d11e,https://bscscan.com/tx/0x73abc824d7984ba92a79a33787bc053b853e0c6049c332f25e9f466d6085edb9
2023-04-02 13:40:28,False,3.576e-05,1.133e-08,85425.8,0.0096,0x52...d11e,https://bscscan.com/tx/0x73abc824d7984ba92a79a33787bc053b853e0c6049c332f25e9f466d6085edb9
2023-04-02 13:37:16,True,3.592e-05,1.138e-08,27889189.0,3.17646,0xc1...f4fe,https://bscscan.com/tx/0x1ed9a5cddee81a288a5fd2c0db61e76ce671597aa6ca03fa6231eb1ba7162dee
2023-04-02 13:36:49,False,3.573e-05,1.132e-08,3738750.0,0.4235,0xb2...2cf1,https://bscscan.com/tx/0xdb18d240407f91fc894dd05b96cb991dd970eab46230bc8e918b1c7339e92365
2023-04-02 13:36:49,False,3.573e-05,1.132e-08,107542.0,0.0121,0xb2...2cf1,https://bscscan.com/tx/0xdb18d240407f91fc894dd05b96cb991dd970eab46230bc8e918b1c7339e92365
2023-04-02 13:36:43,True,3.572e-05,1.138e-08,30090545.0,3.42505,0x20...946b,https://bscscan.com/tx/0x400976ccd1a3527582266b4d20e44db853314182ea203d74455f41e79a3a2a37
2023-04-02 13:35:19,True,3.589e-05,1.137e-08,6152575.0,0.7,0xbb...983e,https://bscscan.com/tx/0xe9bb3983e50a796d425a36c206bee553187e1e79ade6e1bfea9b04bbacae3073
2023-04-02 13:35:04,False,3.571e-05,1.132e-08,3576540.0,0.4048,0xd2...e4da,https://bscscan.com/tx/0x0bf06ce2d1580465cba7b510f7232e902887859f4786c8fc80fcf11f5cde496a
2023-04-02 13:35:04,False,3.571e-05,1.132e-08,15840.7,0.0017,0xd2...e4da,https://bscscan.com/tx/0x0bf06ce2d1580465cba7b510f7232e902887859f4786c8fc80fcf11f5cde496a
2023-04-02 13:28:41,False,3.558e-05,1.132e-08,5849328.0,0.6622,0x7c...844e,https://bscscan.com/tx/0x84eef6f62e94a18555b9ffb41d92ea5593a3a7e675c22c10f37e5adc7a15cb7b
2023-04-02 13:28:41,False,3.558e-05,1.132e-08,1296.4,1.467e-05,0x7c...844e,https://bscscan.com/tx/0x84eef6f62e94a18555b9ffb41d92ea5593a3a7e675c22c10f37e5adc7a15cb7b
2023-04-02 13:27:53,False,3.558e-05,1.132e-08,478710.0,0.0542,0x6b...2d29,https://bscscan.com/tx/0xf11832dc568f797dd9445532fa4e45513e148f41ee9f93efbe201365b4813570
2023-04-02 13:27:53,False,3.558e-05,1.132e-08,621.0,7.031e-06,0x6b...2d29,https://bscscan.com/tx/0xf11832dc568f797dd9445532fa4e45513e148f41ee9f93efbe201365b4813570
2023-04-02 13:26:50,False,3.558e-05,1.132e-08,229310.0,0.0259,0xcc...8e43,https://bscscan.com/tx/0x9d128f9bdcd5f35896ff37420d3e4bf0ba2eed559819cb566665b32697a5fe9d
2023-04-02 13:26:50,False,3.558e-05,1.132e-08,31479.2,0.0035,0xcc...8e43,https://bscscan.com/tx/0x9d128f9bdcd5f35896ff37420d3e4bf0ba2eed559819cb566665b32697a5fe9d
2023-04-02 13:24:53,True,3.593e-05,1.137e-08,8646631.0,0.9838,0x32...e28c,https://bscscan.com/tx/0xcde5697aaead5563d0ad03572a1e34e77a95f5051f804c74b4e08bfd472c6bab
2023-04-02 13:18:41,False,3.556e-05,1.132e-08,3003284.0,0.3399,0x81...e9fa,https://bscscan.com/tx/0xc1a7867a1e21a5bee1c8b1d7b50b38c076b2873c86e36b71dba4c8316ed590ba
2023-04-02 13:18:41,False,3.556e-05,1.132e-08,11190.7,0.0012,0x81...e9fa,https://bscscan.com/tx/0xc1a7867a1e21a5bee1c8b1d7b50b38c076b2873c86e36b71dba4c8316ed590ba
2023-04-02 13:12:26,True,3.574e-05,1.137e-08,106345.0,0.0121,0x5b...d23b,https://bscscan.com/tx/0x4a1f5d9ef98e4d0222dfda3414cdd37490b1ebfbcc46d7784dd0c0b0075a469a
2023-04-02 13:11:20,False,3.556e-05,1.132e-08,4026256.0,0.4558,0x51...1ca5,https://bscscan.com/tx/0x24a9bba416e394c6d5c055bf1e41d7bce65605d3ce80ab64fceb2df58163a383
2023-04-02 13:11:20,False,3.556e-05,1.132e-08,10721.0,0.0012,0x51...1ca5,https://bscscan.com/tx/0x24a9bba416e394c6d5c055bf1e41d7bce65605d3ce80ab64fceb2df58163a383
2023-04-02 13:10:56,False,3.556e-05,1.132e-08,3958844.0,0.4482,0x87...7ea6,https://bscscan.com/tx/0x2b59b00395994eb7a7cc58a4339f73a71e2ee97e9c2a891999eba95479b5227c
2023-04-02 13:10:56,False,3.557e-05,1.132e-08,2835.0,3.21e-05,0x87...7ea6,https://bscscan.com/tx/0x2b59b00395994eb7a7cc58a4339f73a71e2ee97e9c2a891999eba95479b5227c
2023-04-02 13:09:55,False,1.698e-07,1.132e-08,1046850.0,0.1185,0x81...64b8,https://bscscan.com/tx/0xedaa730bc85e5aa9f34d37277e181c6ea3977f82184201543d04cccd18268d83
2023-04-02 13:09:55,False,1.698e-07,1.132e-08,31962.3,0.0036,0x81...64b8,https://bscscan.com/tx/0xedaa730bc85e5aa9f34d37277e181c6ea3977f82184201543d04cccd18268d83
2023-04-02 13:07:13,True,3.592e-05,1.138e-08,62106.2,0.007,0x78...6ca4,https://bscscan.com/tx/0x22df0c346fb4ec06e767817ef331760ebfde31477ae532a99f279489fe1bdea2
2023-04-02 13:05:37,True,3.592e-05,1.138e-08,697262.0,0.0793,0xa8...4cf3,https://bscscan.com/tx/0xcd25bd09e0b51bfd2bda25a44c38eb5a146c7086720b99a4bf8cf2cb7b4e5e72
2023-04-02 13:05:37,True,3.592e-05,1.137e-08,8300000.0,0.9444,0x1d...287c,https://bscscan.com/tx/0xe7e203ef89601042eefc8a6e9ce2c75416809f07513bc74e22a87997b467f03a
2023-04-02 13:05:07,False,3.573e-05,1.132e-08,2770203.0,0.3136,0x39...c301,https://bscscan.com/tx/0xcf4b1bf40e0a3f0283909b1a87b23c0d744a1ee3c86e4d08ece0c1e47bf82be0
2023-04-02 13:05:07,False,3.573e-05,1.132e-08,127818.0,0.0144,0x39...c301,https://bscscan.com/tx/0xcf4b1bf40e0a3f0283909b1a87b23c0d744a1ee3c86e4d08ece0c1e47bf82be0
2023-04-02 13:04:16,False,3.576e-05,1.132e-08,47197829.0,5.34673,0x91...f573,https://bscscan.com/tx/0xabe9be2eccfdbcbd6f58c68959da5685afbc6e8a9676b24b2928446df7c8990a
2023-04-02 13:04:16,False,3.578e-05,1.133e-08,10338.0,0.0011,0x91...f573,https://bscscan.com/tx/0xabe9be2eccfdbcbd6f58c68959da5685afbc6e8a9676b24b2928446df7c8990a
2023-04-02 13:03:01,False,3.578e-05,1.133e-08,3817416.0,0.4327,0x46...5c10,https://bscscan.com/tx/0xb94919a36559661cf49d90692d136bbc5dd04a315a889aed86f39deab2313eda
2023-04-02 13:03:01,False,3.578e-05,1.133e-08,15141.9,0.0017,0x46...5c10,https://bscscan.com/tx/0xb94919a36559661cf49d90692d136bbc5dd04a315a889aed86f39deab2313eda
2023-04-02 13:00:52,True,3.595e-05,1.139e-08,153665.0,0.0175,0xa7...14d0,https://bscscan.com/tx/0xab7d51275f9f415ccf014c294bf4762c48a0aa48f47b988f5b973da2b8b841cc
2023-04-02 13:00:19,True,3.595e-05,1.139e-08,55552.2,0.0063,0xb2...6ddf,https://bscscan.com/tx/0x618324279cba4d8c7b5ca3322d592f1e8048d5cf6065232051daa7c805969c39
2023-04-02 12:59:22,True,3.594e-05,1.139e-08,55545.9,0.0063,0xb2...6ddf,https://bscscan.com/tx/0x9f20b224c38b6966d3130f8a7dcfec7025178c9ff4786f620d10009d3cc01d4f
2023-04-02 12:58:52,True,3.594e-05,1.139e-08,93000.0,0.0106,0x0d...b981,https://bscscan.com/tx/0x76d5966571be21afe07181a8af116bb81bae730465f7aa52220821aaa60b3151
2023-04-02 12:58:25,True,3.594e-05,1.139e-08,154067.0,0.0175,0xdd...b03f,https://bscscan.com/tx/0x331ce6c98532d35e953ddbdeeea080978e4ed2f9bc23c4851de582253203c3a9
2023-04-02 12:58:19,True,3.594e-05,1.139e-08,157033.0,0.0178,0x60...cb33,https://bscscan.com/tx/0x1dec93efacd38a9ffc0a6b631d391b2e56fd759e141a6a253fed72d197f6a663
2023-04-02 12:56:10,True,3.575e-05,1.139e-08,1591045.0,0.1812,0x0e...c17d,https://bscscan.com/tx/0xd4680afb1bdd659f46084e3f6d1d9f2aa0fb8909e4d0823420e30772ad324b61
2023-04-02 12:55:46,True,3.575e-05,1.139e-08,1726276.0,0.1966,0x05...affb,https://bscscan.com/tx/0x0989d7087dafe4e204fdb1cf5f656e74cb2a5b8ebf1a342f1d5c3130bc2dede3
2023-04-02 12:52:16,True,3.592e-05,1.139e-08,534513.0,0.0608,0x0d...c760,https://bscscan.com/tx/0x85c1c697e316185a0a36a90eb7c6ed73da4d1a74b0c9683ba688e18722f4ccca
2023-04-02 12:51:16,False,3.556e-05,1.133e-08,616095.0,0.0698,0xfe...8ed5,https://bscscan.com/tx/0x4025b6d0d63e46b22cc4d19cd54cfb9c399adac1fb0d5f3fa30f390a4a229383
2023-04-02 12:51:16,False,3.556e-05,1.133e-08,2429214.0,0.2753,0xfe...8ed5,https://bscscan.com/tx/0x4025b6d0d63e46b22cc4d19cd54cfb9c399adac1fb0d5f3fa30f390a4a229383
2023-04-02 12:48:46,True,3.591e-05,1.139e-08,3367908.0,0.3836,0x36...8df7,https://bscscan.com/tx/0xc49bc09924d1c8d161783d69d2710f60214bad2a9979951b73197a25c6e4834a
2023-04-02 12:47:34,True,3.573e-05,1.139e-08,729838.0,0.0831,0x2a...e55a,https://bscscan.com/tx/0x9281bf76d1935870bfe71c5d9874505dd39e3e43abcafa0e30127f77ffb6368a
2023-04-02 12:47:19,True,3.59e-05,1.138e-08,37056784.0,4.21933,0x53...a498,https://bscscan.com/tx/0xe953531930a3786d963522d2c390b55b05d20e092e99e80aa1a2465adca0b918
2023-04-02 12:47:19,True,3.588e-05,1.138e-08,5575491.0,0.6345,0x09...712a,https://bscscan.com/tx/0x0863891379aea3f93b6a00c51a1cee93fa68e5192fdd78c4f16e848f350c212d
2023-04-02 12:47:19,True,3.584e-05,1.136e-08,100300903.0,11.3993,0x9b...2220,https://bscscan.com/tx/0x3ecf94b1339258d9f9f4f474e98a11240b152c5bf38180e3c1c96fbe2b901d4b
2023-04-02 12:47:16,True,3.578e-05,1.134e-08,27960089.0,3.17266,0x17...4266,https://bscscan.com/tx/0x1b580e8f67d69d307383ab9c28609682ba7794de5e7b1bcad95be7c8acef4645
2023-04-02 12:47:13,True,3.576e-05,1.133e-08,23063489.0,2.61538,0xf6...afc1,https://bscscan.com/tx/0x7d2bade1bec11bd3d19324407b7fe6753ef255f6b4c5f9f90af8b53c5b6d0302
2023-04-02 12:47:13,True,3.574e-05,1.133e-08,11722270.0,1.32872,0x00...7517,https://bscscan.com/tx/0xeebd4d8ff766c039f4a22241a9347c2ee18c95b0f3ec78588e39df2754ea8cdb
2023-04-02 12:47:13,True,3.574e-05,1.133e-08,38936536.0,4.41292,0x0d...e5e3,https://bscscan.com/tx/0x0dc596d4e0d5549dfefd0a298dc59b3e33aed8264a091ae3740b8f11e5d0e3ca
2023-04-02 12:47:13,True,3.569e-05,1.131e-08,17730309.0,2.00707,0x2d...8f1d,https://bscscan.com/tx/0xb4fbeb64175214120925812d7f71d65a013f152f0825170132e02a0e1be34088
2023-04-02 12:47:13,False,3.58e-05,1.135e-08,660729761.0,75.0173,0x16...0ab2,https://bscscan.com/tx/0xa13233b806c55029653cb9e7b24b42b2bb48affecb59a247df9ec91aec489a66
2023-04-02 12:47:13,False,3.609e-05,1.144e-08,39756.1,0.0045,0x16...0ab2,https://bscscan.com/tx/0xa13233b806c55029653cb9e7b24b42b2bb48affecb59a247df9ec91aec489a66
2023-04-02 12:42:22,True,3.611e-05,1.15e-08,812168.0,0.0934,0xe5...130a,https://bscscan.com/tx/0xae5a57d5a97d21a94b250e6a820be509e36ac46c5a1cf4c2ad7962bd96d41642
2023-04-02 12:40:01,False,3.611e-05,1.144e-08,13870563.0,1.588,0x4a...c6cf,https://bscscan.com/tx/0x87e89fbb6250928769673d1fa407eacd0c098bca8971fc710c68a3f916c1e021
2023-04-02 12:40:01,False,3.612e-05,1.145e-08,89860.2,0.0102,0x4a...c6cf,https://bscscan.com/tx/0x87e89fbb6250928769673d1fa407eacd0c098bca8971fc710c68a3f916c1e021
2023-04-02 12:39:07,True,3.611e-05,1.15e-08,27073782.0,3.11464,0x3a...ffd7,https://bscscan.com/tx/0xb1fa0aded68be4fc94219571ba31145e1c81c3facf2dfb1ba7d564eafedab2e8
2023-04-02 12:33:30,True,3.629e-05,1.149e-08,4050523.0,0.4658,0x51...1ca5,https://bscscan.com/tx/0x7719357790af02f9d149a2aeba70a692c3e1874e8966574af2243fb671c1e49a
2023-04-02 12:32:57,False,3.593e-05,1.144e-08,1153769.0,0.132,0xd3...a1c4,https://bscscan.com/tx/0x8d90f07ab0e95345a1591ca836314a316f27c56195af0794d50dd784869cfe4b
2023-04-02 12:32:57,False,3.593e-05,1.144e-08,125517.0,0.0143,0xd3...a1c4,https://bscscan.com/tx/0x8d90f07ab0e95345a1591ca836314a316f27c56195af0794d50dd784869cfe4b
2023-04-02 12:32:26,True,3.609e-05,1.149e-08,45137942.0,5.18776,0xe8...bbe9,https://bscscan.com/tx/0x6c1d935bace0a150faf3dcfb086b0e0dd29d5ab85dcda2769bc6939dcc7b2e33
2023-04-02 12:30:38,False,3.609e-05,1.142e-08,1345904.0,0.1538,0xf9...2710,https://bscscan.com/tx/0x70461e89d5eac60af054b323b022a1959534e8f452df2155de1c8f311b970565
2023-04-02 12:30:38,False,3.609e-05,1.142e-08,184311.0,0.021,0xf9...2710,https://bscscan.com/tx/0x70461e89d5eac60af054b323b022a1959534e8f452df2155de1c8f311b970565
2023-04-02 12:29:05,True,3.625e-05,1.147e-08,50592616.0,5.80796,0xe3...5aaa,https://bscscan.com/tx/0xc026af32b001239b769eb28301f906734f048d121d5a5c3512137e479308c531
2023-04-02 12:28:04,True,3.622e-05,1.147e-08,31738.3,0.0036,0xa7...5525,https://bscscan.com/tx/0x7e9ac36a8fbf4311a1922524836744decfb40c83c9a4112f674433ee52c8ad35
2023-04-02 12:28:01,False,3.605e-05,1.141e-08,17586213.0,2.00796,0xad...9323,https://bscscan.com/tx/0x24cd9619467b86ab7aeda865724f5ba0adea5809ebec895a9126e2bd636a7532
2023-04-02 12:28:01,False,3.606e-05,1.142e-08,102246.0,0.0116,0xad...9323,https://bscscan.com/tx/0x24cd9619467b86ab7aeda865724f5ba0adea5809ebec895a9126e2bd636a7532
2023-04-02 12:27:54,True,3.606e-05,1.147e-08,551658.0,0.0633,0x0f...27cd,https://bscscan.com/tx/0x6efbc1efcfd42c4b809b9ccf32392712629b966c78dbc08cc877882b6867c212
2023-04-02 12:26:58,True,3.606e-05,1.147e-08,52276.2,0.006,0xc8...062a,https://bscscan.com/tx/0xfc96de0445574d4625b23a7e7e7b4078c51b2abe9e4279dd8fb5d960ddae8557
2023-04-02 12:25:13,False,3.608e-05,1.142e-08,37153317.0,4.24494,0xb3...902c,https://bscscan.com/tx/0x241c8d6d2ec73c5b45f9fce7112e28e56f737fc3d56f705451b6827294fd8cea
2023-04-02 12:25:13,False,3.609e-05,1.143e-08,1610.65,1.841e-05,0xb3...902c,https://bscscan.com/tx/0x241c8d6d2ec73c5b45f9fce7112e28e56f737fc3d56f705451b6827294fd8cea
2023-04-02 12:23:49,False,3.591e-05,1.143e-08,594746.0,0.0679,0xd5...810e,https://bscscan.com/tx/0xfafd0ba373f8b21cbdad8bdcd94ca1498a5c9ca9bb42607097a31c2ec1ff105d
2023-04-02 12:23:49,False,3.591e-05,1.143e-08,23229.9,0.0026,0xd5...810e,https://bscscan.com/tx/0xfafd0ba373f8b21cbdad8bdcd94ca1498a5c9ca9bb42607097a31c2ec1ff105d
2023-04-02 12:23:13,True,3.627e-05,1.148e-08,2028.03,2.329e-05,0xc8...062a,https://bscscan.com/tx/0xb8dbd4f19d03dbc3c9ffeabed9ced056618f26a3eb785f2389cd9cf24778e8ac
2023-04-02 12:22:37,True,3.626e-05,1.148e-08,429501.0,0.0493,0x1b...2618,https://bscscan.com/tx/0x00b021277de860a4c051e019fa6cecc5bb1f9501a86fc9a16784e0a7b6b1c26a
2023-04-02 12:18:28,True,3.627e-05,1.148e-08,5359961.0,0.6157,0x17...2019,https://bscscan.com/tx/0xbad32892199c73511fd74188314df32faca72b4e97bb69b11700b68dec9e9c53
2023-04-02 12:15:34,False,3.591e-05,1.142e-08,2803728.0,0.3204,0x45...66f1,https://bscscan.com/tx/0x8657292e3e89ea4f9d6a64db47de041b7067334bb33c64f6052ccaf177ec0d6a
2023-04-02 12:15:34,False,3.592e-05,1.143e-08,26595.0,0.003,0x45...66f1,https://bscscan.com/tx/0x8657292e3e89ea4f9d6a64db47de041b7067334bb33c64f6052ccaf177ec0d6a
2023-04-02 12:14:43,False,3.592e-05,1.143e-08,9820450.0,1.12262,0x5f...3c57,https://bscscan.com/tx/0x5dbd56c2fe01000a8291fd0bcd0a6180ecd3458fe364dbecbf75872efe2088e8
2023-04-02 12:14:43,False,3.592e-05,1.143e-08,2845.32,3.253e-05,0x5f...3c57,https://bscscan.com/tx/0x5dbd56c2fe01000a8291fd0bcd0a6180ecd3458fe364dbecbf75872efe2088e8
2023-04-02 12:13:58,False,3.611e-05,1.143e-08,1050660.0,0.1201,0x52...30f8,https://bscscan.com/tx/0x01f56471928b1951da1bdef801f0819406cfe8e2207a4d66dde56d7bff15f85c
2023-04-02 12:13:58,False,3.611e-05,1.143e-08,5720.33,6.54e-05,0x52...30f8,https://bscscan.com/tx/0x01f56471928b1951da1bdef801f0819406cfe8e2207a4d66dde56d7bff15f85c
2023-04-02 12:11:37,False,3.61e-05,1.143e-08,2112284.0,0.2415,0x4c...0be7,https://bscscan.com/tx/0x25bd62bf6fe4694b0af6bb4256d9adeb5f0184c7e09fd8569db88561b1c65386
2023-04-02 12:11:37,False,3.61e-05,1.143e-08,961.245,1.099e-05,0x4c...0be7,https://bscscan.com/tx/0x25bd62bf6fe4694b0af6bb4256d9adeb5f0184c7e09fd8569db88561b1c65386
2023-04-02 12:09:34,False,3.61e-05,1.143e-08,354949.0,0.0405,0x25...450f,https://bscscan.com/tx/0x91f012480f9225b08addd01ea417fb85b8dac393f7245cb01fc572b841e012c0
2023-04-02 12:09:34,False,3.61e-05,1.143e-08,324.0,3.704e-06,0x25...450f,https://bscscan.com/tx/0x91f012480f9225b08addd01ea417fb85b8dac393f7245cb01fc572b841e012c0
2023-04-02 12:08:25,False,3.592e-05,1.143e-08,119640.0,0.0136,0x74...e6a3,https://bscscan.com/tx/0xfcb20dc1a8bee7de5df4bba89c715ccd625bea94114a72116990c6e519728c4a
2023-04-02 12:08:25,False,3.592e-05,1.143e-08,15315.0,0.0017,0x74...e6a3,https://bscscan.com/tx/0xfcb20dc1a8bee7de5df4bba89c715ccd625bea94114a72116990c6e519728c4a
2023-04-02 12:07:04,True,3.61e-05,1.149e-08,509094.0,0.0585,0xbe...1378,https://bscscan.com/tx/0xd503cc4d6dcb95b7a9d7d6beb1816aa17a362b5671b38f49f2893541997d3776
2023-04-02 12:06:58,True,3.61e-05,1.149e-08,1276601.0,0.1466,0x26...1b90,https://bscscan.com/tx/0x35d24c40a567d5bf91e368e61d19d727be668d740e537b0b0bc7f42cc92a1c55
2023-04-02 12:06:58,False,3.592e-05,1.143e-08,3874884.0,0.443,0x05...7066,https://bscscan.com/tx/0x42699ff108d55530939a39fd24832c0fd87227d0defebb9b49580fe6ac790102
2023-04-02 12:06:58,False,3.592e-05,1.143e-08,83975.9,0.0096,0x05...7066,https://bscscan.com/tx/0x42699ff108d55530939a39fd24832c0fd87227d0defebb9b49580fe6ac790102
2023-04-02 12:06:46,True,3.629e-05,1.149e-08,46181.7,0.0053,0xba...7aaf,https://bscscan.com/tx/0x0a2674cbccabd9bab379b312223ed393094729e456d0eb38fb97f50b731afbcf
2023-04-02 12:06:25,False,3.592e-05,1.143e-08,30962818.0,3.54181,0x05...7066,https://bscscan.com/tx/0x85ebed4faeacd0cb60b8a03bd292e9dbba1eec2e9162fe7ef6356e6fb758d6b2
2023-04-02 12:06:25,False,3.594e-05,1.144e-08,75191.7,0.0086,0x05...7066,https://bscscan.com/tx/0x85ebed4faeacd0cb60b8a03bd292e9dbba1eec2e9162fe7ef6356e6fb758d6b2
2023-04-02 12:06:10,False,3.595e-05,1.144e-08,27765243.0,3.17837,0x3b...0b3f,https://bscscan.com/tx/0x117dc78bed9ee7472cccc4694c9422087b88eb0c13c3617663f9fe68417dcf6d
2023-04-02 12:06:10,False,3.596e-05,1.145e-08,72807.4,0.0083,0x3b...0b3f,https://bscscan.com/tx/0x117dc78bed9ee7472cccc4694c9422087b88eb0c13c3617663f9fe68417dcf6d
2023-04-02 12:04:58,False,3.619e-05,1.145e-08,23322022.0,2.67144,0x20...946b,https://bscscan.com/tx/0x0e5e1329176e2b7d2682765fc933be028c225bd11299613dbf5b263efc100c49
2023-04-02 12:04:58,False,3.62e-05,1.145e-08,21319.1,0.0024,0x20...946b,https://bscscan.com/tx/0x0e5e1329176e2b7d2682765fc933be028c225bd11299613dbf5b263efc100c49
2023-04-02 12:02:40,True,3.638e-05,1.151e-08,195805.0,0.0225,0x92...9a7c,https://bscscan.com/tx/0xe4b5a1f299cbc2d2b3148e56bb24c920be02dbaffdc6e59e91482ead40b486a5
2023-04-02 12:02:37,False,3.62e-05,1.145e-08,1099069.0,0.1259,0x0e...e202,https://bscscan.com/tx/0x6a36267d4185b60b757a025737fb335d08652c817ec0598cbfc77efb831bbe35
2023-04-02 12:02:37,False,3.62e-05,1.145e-08,11263.0,0.0012,0x0e...e202,https://bscscan.com/tx/0x6a36267d4185b60b757a025737fb335d08652c817ec0598cbfc77efb831bbe35
2023-04-02 12:00:10,False,3.621e-05,1.145e-08,3988000.0,0.4569,0x74...9a6f,https://bscscan.com/tx/0x87e9f7a6f0c035ecc56dc0ae3213cc9e348affc8f81cf240da37162c72cdfac9
2023-04-02 12:00:10,False,3.621e-05,1.145e-08,34975.2,0.004,0x74...9a6f,https://bscscan.com/tx/0x87e9f7a6f0c035ecc56dc0ae3213cc9e348affc8f81cf240da37162c72cdfac9
2023-04-02 11:57:43,True,3.62e-05,1.151e-08,2047270.0,0.2357,0x08...693d,https://bscscan.com/tx/0x434a2d246aaed55f5e0bea9d959397c98204d479ade1a921f6b63a37183084ee
2023-04-02 11:54:58,False,3.621e-05,1.146e-08,10873785.0,1.24617,0x2a...f2c0,https://bscscan.com/tx/0x995a55a0a7851a6a8889b9c613050ddb5b5dece3a1c1f13a32493d463fe05d22
2023-04-02 11:54:58,False,3.621e-05,1.146e-08,142827.0,0.0163,0x2a...f2c0,https://bscscan.com/tx/0x995a55a0a7851a6a8889b9c613050ddb5b5dece3a1c1f13a32493d463fe05d22
2023-04-02 11:54:13,True,3.62e-05,1.151e-08,25214375.0,2.90363,0xbc...0072,https://bscscan.com/tx/0x2521096f9bee81d5b9c6a2c7bdd87f578e2603eefa3f66321f1d260af7be0f58
2023-04-02 11:53:40,True,3.637e-05,1.151e-08,5498502.0,0.6329,0xd1...9262,https://bscscan.com/tx/0xf035cedc0ae4bb872aea07d301aabda176a3928a1746dd91e35688bb68fc49cc
2023-04-02 11:51:19,False,3.619e-05,1.145e-08,22119448.0,2.53406,0x37...b9f7,https://bscscan.com/tx/0x0eb632ebc515f100aee0c7e134347181d9ce3fdbd93740ad24c84cd26e0a904b
2023-04-02 11:51:19,False,3.62e-05,1.145e-08,1221.87,1.4e-05,0x37...b9f7,https://bscscan.com/tx/0x0eb632ebc515f100aee0c7e134347181d9ce3fdbd93740ad24c84cd26e0a904b
2023-04-02 11:50:49,False,3.621e-05,1.145e-08,451188.0,0.0517,0xf3...8c3c,https://bscscan.com/tx/0xf5a29b03d3df23a55652dd9e0015095cf3b0dad1032e69ca1d0137066f97b1ca
2023-04-02 11:50:49,False,3.621e-05,1.145e-08,48327.2,0.0055,0xf3...8c3c,https://bscscan.com/tx/0xf5a29b03d3df23a55652dd9e0015095cf3b0dad1032e69ca1d0137066f97b1ca
2023-04-02 11:47:55,True,3.62e-05,1.151e-08,777723.0,0.0895,0xa0...c8c7,https://bscscan.com/tx/0xafa5cd809e85577385f882b2f59ac340bd725fcfdc6f5c8cd82dff99b0c76b78
2023-04-02 11:46:22,True,3.638e-05,1.151e-08,457715.0,0.0527,0x56...88d3,https://bscscan.com/tx/0x6bc2d39194043366694ec939306e891b4bbe5733ef9b4d7fd4e2ab5fa2ae5106
2023-04-02 11:46:07,True,3.62e-05,1.151e-08,10916441.0,1.25704,0x29...c71a,https://bscscan.com/tx/0x3a06acc5985a3ac8674ad0c888b3fcc064b0265f14fe6374ce22da029bfe6151
2023-04-02 11:46:04,True,3.619e-05,1.151e-08,1407059.0,0.162,0x6a...9cf0,https://bscscan.com/tx/0x257465c039076c92b21525bd5db4ee38fdd981e97e38f5924a3e330d2795cfed
2023-04-02 11:44:55,True,3.637e-05,1.151e-08,1174182.0,0.1351,0xd4...83e8,https://bscscan.com/tx/0xdc17688742dde9de01bc4ef88f45dc3f5fba68887503458bd40500923522a108
2023-04-02 11:44:40,False,3.601e-05,1.145e-08,2789435.0,0.3195,0xd7...1b0c,https://bscscan.com/tx/0x551962faf25eb64e761c4fe326e95f3a2b61debe1a7a836da9f11d415b2df81e
2023-04-02 11:44:40,False,3.601e-05,1.145e-08,581.237,6.658e-06,0xd7...1b0c,https://bscscan.com/tx/0x551962faf25eb64e761c4fe326e95f3a2b61debe1a7a836da9f11d415b2df81e
2023-04-02 11:44:01,False,3.619e-05,1.145e-08,214627.0,0.0245,0x8b...d137,https://bscscan.com/tx/0x25b0712f0a64df003a74c73b5612e527ff7d974c0ae17ca96b17a30c578fab57
2023-04-02 11:44:01,False,3.619e-05,1.145e-08,71702.5,0.0082,0x8b...d137,https://bscscan.com/tx/0x25b0712f0a64df003a74c73b5612e527ff7d974c0ae17ca96b17a30c578fab57
2023-04-02 11:43:16,True,3.618e-05,1.151e-08,14471280.0,1.66588,0xf7...8c83,https://bscscan.com/tx/0x437602e1892eb30cbe9a8a0fa6e2d7eea7cc4ffca990a771959608a36a3a23d4
2023-04-02 11:42:28,True,3.617e-05,1.15e-08,868852.0,0.1,0x1b...4e94,https://bscscan.com/tx/0x208811046e696b09922f3406e8624a7e977a5ff760b9336d5f80a8a7944ef7fb
2023-04-02 11:40:22,False,3.617e-05,1.145e-08,5474624.0,0.6269,0x8d...781d,https://bscscan.com/tx/0x3ffa6e40392f26016b2fe0b6f37cb8e5d700a902267f95c5bf180ade76243d26
2023-04-02 11:40:22,False,3.617e-05,1.145e-08,69719.8,0.0079,0x8d...781d,https://bscscan.com/tx/0x3ffa6e40392f26016b2fe0b6f37cb8e5d700a902267f95c5bf180ade76243d26
2023-04-02 11:40:19,False,3.619e-05,1.145e-08,25744684.0,2.94959,0xbc...0072,https://bscscan.com/tx/0x164737d76a5078656d4d02aefe7e9e3ec54820a95be20dda85f1300f1302c744
2023-04-02 11:40:19,False,3.62e-05,1.146e-08,1593.0,1.825e-05,0xbc...0072,https://bscscan.com/tx/0x164737d76a5078656d4d02aefe7e9e3ec54820a95be20dda85f1300f1302c744
2023-04-02 11:40:13,False,3.62e-05,1.146e-08,588230.0,0.0674,0xc1...bd78,https://bscscan.com/tx/0x3528cbfc4659eb8cb08e20aa82785c8c725b0eb83945489b3211bf2587bdd24e
2023-04-02 11:40:13,False,3.62e-05,1.146e-08,17530.3,0.002,0xc1...bd78,https://bscscan.com/tx/0x3528cbfc4659eb8cb08e20aa82785c8c725b0eb83945489b3211bf2587bdd24e
2023-04-02 11:40:07,False,3.602e-05,1.146e-08,6473234.0,0.7419,0x05...7066,https://bscscan.com/tx/0x34b84fd4705adab97a392c2219bfb21fa159205a54474895e4778b6dc4fecbaf
2023-04-02 11:40:07,False,3.602e-05,1.146e-08,45066.7,0.0051,0x05...7066,https://bscscan.com/tx/0x34b84fd4705adab97a392c2219bfb21fa159205a54474895e4778b6dc4fecbaf
2023-04-02 11:40:01,False,3.603e-05,1.146e-08,16641304.0,1.90795,0x3b...0b3f,https://bscscan.com/tx/0x4dfca555900abc3b54bdb0c91395e293f9c8ecbcebad4037e28a596d955c0bf5
2023-04-02 11:40:01,False,3.604e-05,1.146e-08,17671.5,0.002,0x3b...0b3f,https://bscscan.com/tx/0x4dfca555900abc3b54bdb0c91395e293f9c8ecbcebad4037e28a596d955c0bf5
2023-04-02 11:39:52,False,3.623e-05,1.146e-08,6525365.0,0.7483,0x05...7066,https://bscscan.com/tx/0xa0b6a971f87d03438842f30473a8723139e07d25b901699f77c9cd1f93885f1a
2023-04-02 11:39:52,False,3.623e-05,1.146e-08,318600.0,0.0365,0x05...7066,https://bscscan.com/tx/0xa0b6a971f87d03438842f30473a8723139e07d25b901699f77c9cd1f93885f1a
2023-04-02 11:39:40,False,3.628e-05,1.148e-08,99700000.0,11.4493,0x9b...2220,https://bscscan.com/tx/0x4dfa32175c0dea91da7b909b44810c178fa4fdb73145e4c180992ef72eae0cdf
2023-04-02 11:39:40,False,3.632e-05,1.149e-08,11116.0,0.0012,0x9b...2220,https://bscscan.com/tx/0x4dfa32175c0dea91da7b909b44810c178fa4fdb73145e4c180992ef72eae0cdf
2023-04-02 11:39:22,True,3.65e-05,1.155e-08,1497828.0,0.173,0x58...aad8,https://bscscan.com/tx/0x1de7730056130e5a4fe6ab51add68d11fad72e077bd1b947f89ea0930bea2e2f
2023-04-02 11:38:31,True,3.632e-05,1.155e-08,2458113.0,0.284,0x3e...84cc,https://bscscan.com/tx/0x9570160edf40dfce837b62b713f5a44edf68cc33b735d882a31b9076477c5391
2023-04-02 11:38:01,False,3.614e-05,1.149e-08,160627.0,0.0184,0x3c...79dd,https://bscscan.com/tx/0x751b84f8df3e6f6808c01363d51a1edd2cd826e40920498a5d8272e098e46af6
2023-04-02 11:38:01,False,3.614e-05,1.149e-08,3098.03,3.561e-05,0x3c...79dd,https://bscscan.com/tx/0x751b84f8df3e6f6808c01363d51a1edd2cd826e40920498a5d8272e098e46af6
2023-04-02 11:36:46,False,3.615e-05,1.149e-08,1143975.0,0.1315,0x79...88cf,https://bscscan.com/tx/0xa36f8d26e08f1d5891010c2749866ccab8614dd977b89dbedc134658385e76ed
2023-04-02 11:36:46,False,3.615e-05,1.149e-08,73923.0,0.0085,0x79...88cf,https://bscscan.com/tx/0xa36f8d26e08f1d5891010c2749866ccab8614dd977b89dbedc134658385e76ed
2023-04-02 11:35:07,True,3.633e-05,1.155e-08,3095599.0,0.3576,0x2a...e55a,https://bscscan.com/tx/0xf8078ef13cad9eb5a59bf79b56fc60c81d6290d10fa6a625e84c0ce1321ccf32
2023-04-02 11:34:49,False,3.615e-05,1.15e-08,27296757.0,3.13922,0xa8...8a78,https://bscscan.com/tx/0x25e0a05124d3ecfaf01970b5d1b1b494db77afc6e11d4d6a97116c8b1d74d902
2023-04-02 11:34:49,False,3.617e-05,1.15e-08,29680.6,0.0034,0xa8...8a78,https://bscscan.com/tx/0x25e0a05124d3ecfaf01970b5d1b1b494db77afc6e11d4d6a97116c8b1d74d902
2023-04-02 11:33:43,False,3.615e-05,1.15e-08,10959847.0,1.26102,0xab...ad92,https://bscscan.com/tx/0x0b950b39c88e87eed349285c5ffc0730577ce244a1850a7cc2e862c18f0807ff
2023-04-02 11:33:43,False,3.616e-05,1.15e-08,408087.0,0.0469,0xab...ad92,https://bscscan.com/tx/0x0b950b39c88e87eed349285c5ffc0730577ce244a1850a7cc2e862c18f0807ff
2023-04-02 11:32:52,False,3.622e-05,1.152e-08,150690047.0,17.3734,0x97...2157,https://bscscan.com/tx/0x0f4395f808e6d047316798ca975410d3cc44f710dbf42f15558b298ca1fb9a47
2023-04-02 11:32:52,False,3.629e-05,1.155e-08,1342.35,1.55e-05,0x97...2157,https://bscscan.com/tx/0x0f4395f808e6d047316798ca975410d3cc44f710dbf42f15558b298ca1fb9a47
2023-04-02 11:30:10,False,3.629e-05,1.155e-08,495674.0,0.0572,0x05...a990,https://bscscan.com/tx/0x290876058c661d25483c3e81b3ff9869a4f8c8b9335242c93b872b71cffce203
2023-04-02 11:30:10,False,3.629e-05,1.155e-08,130082.0,0.015,0x05...a990,https://bscscan.com/tx/0x290876058c661d25483c3e81b3ff9869a4f8c8b9335242c93b872b71cffce203
2023-04-02 11:30:01,True,3.647e-05,1.16e-08,6460986.0,0.75,0xa0...8d31,https://bscscan.com/tx/0x92f72424d995578b8b20f6304b25937a621e528120f45e99b21ca1befe9fde77
2023-04-02 11:29:55,True,3.648e-05,1.16e-08,25899850.0,3.00527,0xbc...0072,https://bscscan.com/tx/0x210c2f914673293ea0080a9b12e69a415850c40d07c765eaf63648427e4e3d04
2023-04-02 11:29:07,True,3.648e-05,1.16e-08,8541.22,9.912e-05,0x62...6df2,https://bscscan.com/tx/0x8b288b45849a187bfd971a903104a8da15d492a5f3f6d717ed477697815eec8b
2023-04-02 11:28:55,True,3.647e-05,1.159e-08,10000.0,0.0011,0x80...8e78,https://bscscan.com/tx/0x3b73c930b2383b9621aa506f4a3e1684fd25d46f9e48f47024d874f3ad081759
2023-04-02 11:26:06,False,3.646e-05,1.154e-08,15751834.0,1.81839,0x05...7066,https://bscscan.com/tx/0x0009a2c5154c0e0fea75eef7a82c136aafdca1963c48eb98f2ba41f6937bdb50
2023-04-02 11:26:06,False,3.646e-05,1.154e-08,810.0,9.352e-06,0x05...7066,https://bscscan.com/tx/0x0009a2c5154c0e0fea75eef7a82c136aafdca1963c48eb98f2ba41f6937bdb50
2023-04-02 11:25:09,False,3.646e-05,1.154e-08,299100.0,0.0345,0x83...1afe,https://bscscan.com/tx/0x3d40b80fc63045783497e08b7b158c7462b9c43299c6da2822d2ddd06dd8c6e9
2023-04-02 11:25:09,False,3.646e-05,1.154e-08,5317.57,6.139e-05,0x83...1afe,https://bscscan.com/tx/0x3d40b80fc63045783497e08b7b158c7462b9c43299c6da2822d2ddd06dd8c6e9
2023-04-02 11:24:54,False,3.627e-05,1.154e-08,1963562.0,0.2267,0xc6...d306,https://bscscan.com/tx/0xce0d6fbea99a5f1305c4bd0f15c440026038a2437a570868a5ec0f7cbbbda572
2023-04-02 11:24:54,False,3.627e-05,1.154e-08,43378.0,0.005,0xc6...d306,https://bscscan.com/tx/0xce0d6fbea99a5f1305c4bd0f15c440026038a2437a570868a5ec0f7cbbbda572
2023-04-02 11:24:24,True,3.663e-05,1.16e-08,13565925.0,1.57404,0xd5...c2fa,https://bscscan.com/tx/0x88a9beef7dd821340cbfb38e53db2434689a14e0604ef47fd8a3f48f085f49f4
2023-04-02 11:24:03,False,3.626e-05,1.154e-08,2492500.0,0.2877,0x95...7776,https://bscscan.com/tx/0xf73dc81b2be4566d5b7f9aab4d258cadefb64c94316ff521ad5f2984cc3ba698
2023-04-02 11:24:03,False,3.626e-05,1.154e-08,46893.9,0.0054,0x95...7776,https://bscscan.com/tx/0xf73dc81b2be4566d5b7f9aab4d258cadefb64c94316ff521ad5f2984cc3ba698
2023-04-02 11:23:45,True,3.662e-05,1.16e-08,5751829.0,0.6672,0xfc...0cf8,https://bscscan.com/tx/0x46ec109ad7407db30790f62dd1877a26cb830059a4a4bf6fdb50d45c8e0d2bdb
2023-04-02 11:23:36,True,3.661e-05,1.159e-08,623460.0,0.0723,0x26...1b90,https://bscscan.com/tx/0xc29ddd241e450a1ef0fbe41e127857ac34e62f502f4849f442d1be50b229a048
2023-04-02 11:23:12,False,3.643e-05,1.154e-08,10959847.0,1.26515,0xab...ad92,https://bscscan.com/tx/0x0689941406f3a04f9d23ca5824543fec51d93519c6a131c2ecee8e635830723d
2023-04-02 11:23:12,False,3.644e-05,1.154e-08,512.039,5.911e-06,0xab...ad92,https://bscscan.com/tx/0x0689941406f3a04f9d23ca5824543fec51d93519c6a131c2ecee8e635830723d
