datetime,buy_order,price_USD,price_native,amount_token,total_native,maker,etherscan_url
2023-03-31 20:20:18,True,3.358e-05,1.062e-08,50827857.0,5.40075,0xef...cb6a,https://bscscan.com/tx/0x45606f868a1d418058f305cf65a7879ab4fbc703aa031b51f95b279bbe7349b2
2023-03-31 20:20:12,False,3.357e-05,1.056e-08,202817.0,0.0214,0xa6...8fac,https://bscscan.com/tx/0x44c58b20c558cac96ab5a5b046ff6c6c3c98994de8b79fae27647bac5148fec6
2023-03-31 20:20:12,False,3.357e-05,1.056e-08,55292.3,0.0058,0xa6...8fac,https://bscscan.com/tx/0x44c58b20c558cac96ab5a5b046ff6c6c3c98994de8b79fae27647bac5148fec6
2023-03-31 20:19:27,False,3.357e-05,1.056e-08,20417191.0,2.15784,0xc3...8152,https://bscscan.com/tx/0x35297c9584efec1aca956400e2a1ecb8e3c5f2398adf876912fdcf8ec3c98991
2023-03-31 20:19:27,False,3.358e-05,1.057e-08,7745.98,8.188e-05,0xc3...8152,https://bscscan.com/tx/0x35297c9584efec1aca956400e2a1ecb8e3c5f2398adf876912fdcf8ec3c98991
2023-03-31 20:19:24,True,3.358e-05,1.062e-08,647779.0,0.0688,0xea...d827,https://bscscan.com/tx/0xa66b4d471b296c3f85555641e2ade8647c53fa9ce29637baf44afe4c22d5c6a2
2023-03-31 20:18:18,True,3.358e-05,1.062e-08,741103.0,0.0787,0x0f...27cd,https://bscscan.com/tx/0xfb0e89edb4128bc49ea0cbfcc979c8a1094d84a3db574af633e1be5e69ee6f4a
2023-03-31 20:17:54,False,3.358e-05,1.057e-08,1475560.0,0.1559,0x0d...a3ec,https://bscscan.com/tx/0x8fdc43eed69016c49380aee1ee06f2a68ba2dce482cdf2ef753a256035776e28
2023-03-31 20:17:54,False,3.358e-05,1.057e-08,747.966,7.906e-06,0x0d...a3ec,https://bscscan.com/tx/0x8fdc43eed69016c49380aee1ee06f2a68ba2dce482cdf2ef753a256035776e28
2023-03-31 20:17:14,False,3.358e-05,1.057e-08,276193.0,0.0292,0xea...96c6,https://bscscan.com/tx/0xc5da22aa6e1452c2b5821a239c3d746599a3dd10eb4ee5225bb73e5a1a6fee9e
2023-03-31 20:17:14,False,3.358e-05,1.057e-08,423098.0,0.0447,0xea...96c6,https://bscscan.com/tx/0xc5da22aa6e1452c2b5821a239c3d746599a3dd10eb4ee5225bb73e5a1a6fee9e
2023-03-31 20:14:34,True,3.357e-05,1.062e-08,32955577.0,3.5,0x97...6df0,https://bscscan.com/tx/0x1c1018dc0e730e4d3114c1736fc3f3b78aba5ac717bbca1425f0aa3289003ae3
2023-03-31 20:12:17,True,3.356e-05,1.061e-08,5840560.0,0.62,0x36...cd72,https://bscscan.com/tx/0x10e729cbe1f9e42ce11c0dee7ddb60de894265fbc2e4f52177595d541c57abfe
2023-03-31 20:10:41,False,3.344e-05,1.057e-08,117553251.0,12.4331,0x12...5c3e,https://bscscan.com/tx/0xa9b8b009c3385f82faab664e50619cc727ca492f9982c637c7885ff0f3803249
2023-03-31 20:10:41,False,3.348e-05,1.059e-08,1704.34,1.805e-05,0x12...5c3e,https://bscscan.com/tx/0xa9b8b009c3385f82faab664e50619cc727ca492f9982c637c7885ff0f3803249
2023-03-31 20:10:35,False,3.365e-05,1.059e-08,629342.0,0.0666,0x1a...bd5a,https://bscscan.com/tx/0x8ba11cc74821f24382f37a631a827000a76efdc1a9c83d942512d5f369c4a111
2023-03-31 20:10:35,False,3.365e-05,1.059e-08,5940.0,6.291e-05,0x1a...bd5a,https://bscscan.com/tx/0x8ba11cc74821f24382f37a631a827000a76efdc1a9c83d942512d5f369c4a111
2023-03-31 20:09:59,False,3.365e-05,1.059e-08,2193400.0,0.2323,0x84...f5a2,https://bscscan.com/tx/0xda542e8f6a19850453fe8e19a28b9bde47720f6ae96d62d581e71d5b29ab3226
2023-03-31 20:09:59,False,3.365e-05,1.059e-08,27272.6,0.0028,0x84...f5a2,https://bscscan.com/tx/0xda542e8f6a19850453fe8e19a28b9bde47720f6ae96d62d581e71d5b29ab3226
2023-03-31 20:09:17,True,3.382e-05,1.064e-08,3713461.0,0.3952,0x97...e988,https://bscscan.com/tx/0x4d2229d9aee6fca56fbdc4833baf38f8eee2bc4b628fbb4a059b7b23df1c792e
2023-03-31 20:08:08,False,3.348e-05,1.059e-08,6368348.0,0.6745,0xcb...152b,https://bscscan.com/tx/0x88177e96b3c803151150d0c29881c8370f92601dc9ba9fe88f672491978a2ef8
2023-03-31 20:08:08,False,3.348e-05,1.059e-08,13371.5,0.0014,0xcb...152b,https://bscscan.com/tx/0x88177e96b3c803151150d0c29881c8370f92601dc9ba9fe88f672491978a2ef8
2023-03-31 20:06:50,True,3.365e-05,1.064e-08,1037169.0,0.1104,0x8e...52cf,https://bscscan.com/tx/0x3855a1aa3bf271b5b3c99d7c6179fe57c0e5adfff2715ede382f1868d5366293
2023-03-31 20:05:20,False,3.348e-05,1.059e-08,3069074.0,0.3251,0x13...e80f,https://bscscan.com/tx/0xe7657ae4c5247ca3d9d1313920e5899371d5a0ba020af945f84b32d6180b02f6
2023-03-31 20:05:20,False,3.348e-05,1.059e-08,5755.05,6.096e-05,0x13...e80f,https://bscscan.com/tx/0xe7657ae4c5247ca3d9d1313920e5899371d5a0ba020af945f84b32d6180b02f6
2023-03-31 20:03:53,True,3.366e-05,1.064e-08,131499.0,0.014,0x63...049a,https://bscscan.com/tx/0xbac2cf323bc6bb92868b44c642b2f126b5f396d803e8b0d9d68a03a5e0024085
2023-03-31 20:02:44,False,3.366e-05,1.059e-08,1994000.0,0.2112,0x9b...20fa,https://bscscan.com/tx/0xc4c6ff6eebe35202fb6e1487482650725b7b4bc4e1b2549586f08b18ad4926a8
2023-03-31 20:02:44,False,3.366e-05,1.059e-08,5884.16,6.233e-05,0x9b...20fa,https://bscscan.com/tx/0xc4c6ff6eebe35202fb6e1487482650725b7b4bc4e1b2549586f08b18ad4926a8
2023-03-31 19:58:56,False,3.349e-05,1.059e-08,196210.0,0.0207,0x18...0999,https://bscscan.com/tx/0x8b4fd6af181cf98223ca83e544e5b543e7696bde81eaf25e4211110966521f18
2023-03-31 19:58:56,False,3.349e-05,1.059e-08,49528.6,0.0052,0x18...0999,https://bscscan.com/tx/0x8b4fd6af181cf98223ca83e544e5b543e7696bde81eaf25e4211110966521f18
2023-03-31 19:58:35,False,3.367e-05,1.059e-08,18288893.0,1.93793,0xb0...a783,https://bscscan.com/tx/0x36ca906d1c3eca76ab6ebd04df1c8d9a5d16a8e128737b78cc581390d03bc207
2023-03-31 19:58:35,False,3.368e-05,1.059e-08,372.6,3.949e-06,0xb0...a783,https://bscscan.com/tx/0x36ca906d1c3eca76ab6ebd04df1c8d9a5d16a8e128737b78cc581390d03bc207
2023-03-31 19:57:56,False,3.366e-05,1.059e-08,137586.0,0.0145,0xb0...a783,https://bscscan.com/tx/0x7986e672899ce896bf59550b23305dbb68ad850c0f23740c94542f7a590a1715
2023-03-31 19:57:56,False,3.366e-05,1.059e-08,45715.4,0.0048,0xb0...a783,https://bscscan.com/tx/0x7986e672899ce896bf59550b23305dbb68ad850c0f23740c94542f7a590a1715
2023-03-31 19:57:26,True,3.383e-05,1.065e-08,129400.0,0.0137,0x3e...86eb,https://bscscan.com/tx/0x0f0932e2ae4cd135ca16ee9a066f834b04128dc700ad16feee06339bc8204b59
2023-03-31 19:57:14,False,3.349e-05,1.06e-08,16751822.0,1.77581,0xde...e36b,https://bscscan.com/tx/0x8656fd7b530969fbfc40b8bac9503a178a2f4b41d7cb37cb5f8ba1a33c2bd6c6
2023-03-31 19:57:14,False,3.35e-05,1.06e-08,490.86,5.204e-06,0xde...e36b,https://bscscan.com/tx/0x8656fd7b530969fbfc40b8bac9503a178a2f4b41d7cb37cb5f8ba1a33c2bd6c6
2023-03-31 19:56:26,False,3.35e-05,1.06e-08,181255.0,0.0192,0xb0...a783,https://bscscan.com/tx/0x33f4ff1e08b279e60afa2b1eeda264e004ab10d262360f004d54a5a8550d93a5
2023-03-31 19:56:26,False,3.35e-05,1.06e-08,11021.4,0.0011,0xb0...a783,https://bscscan.com/tx/0x33f4ff1e08b279e60afa2b1eeda264e004ab10d262360f004d54a5a8550d93a5
2023-03-31 19:55:41,False,3.35e-05,1.06e-08,4069751.0,0.4315,0x45...3f2f,https://bscscan.com/tx/0x8400d444173f2711b1a4d038cbe4c76744f506f03a5b3015e45b7e6b1bc47895
2023-03-31 19:55:41,False,3.351e-05,1.06e-08,40526.6,0.0043,0x45...3f2f,https://bscscan.com/tx/0x8400d444173f2711b1a4d038cbe4c76744f506f03a5b3015e45b7e6b1bc47895
2023-03-31 19:55:08,True,3.384e-05,1.065e-08,6731151.0,0.7172,0xb0...a783,https://bscscan.com/tx/0x0dccdf4aafba754e0b46f74d14e43e3225decfa80c5ca933572ae2a22e8f9bae
2023-03-31 19:51:26,True,3.383e-05,1.065e-08,2663056.0,0.2837,0x6c...2055,https://bscscan.com/tx/0xd7a4518d1ab976b9df5af27124d5c8324933eea6a1839567f80a1cd637ab5611
2023-03-31 19:49:08,True,3.383e-05,1.065e-08,4664479.0,0.4969,0xe3...5644,https://bscscan.com/tx/0x7abfa075030d704756b86de392a12c1c4b7519a069dc1f11da0d2f12946356a5
2023-03-31 19:48:32,False,3.366e-05,1.06e-08,948329.0,0.1005,0x52...ce18,https://bscscan.com/tx/0xe8c51d15618d50fa0115e4b57814c14707101ce183a81dd26674109d18800112
2023-03-31 19:48:32,False,3.366e-05,1.06e-08,64522.9,0.0068,0x52...ce18,https://bscscan.com/tx/0xe8c51d15618d50fa0115e4b57814c14707101ce183a81dd26674109d18800112
2023-03-31 19:48:29,True,3.382e-05,1.065e-08,22189253.0,2.36336,0xf3...d829,https://bscscan.com/tx/0xf9532a7c67f823aec0bd91645a8683301cea2253a79eebc5d6cef069bc918878
2023-03-31 19:43:17,False,3.348e-05,1.059e-08,1448005.0,0.1534,0x02...dd38,https://bscscan.com/tx/0xf89e267cb82d0ec756f6898612cd0cc7ab04d768e2a4ea1fd4c4263a04ef4fc6
2023-03-31 19:43:17,False,3.348e-05,1.059e-08,35065.2,0.0037,0x02...dd38,https://bscscan.com/tx/0xf89e267cb82d0ec756f6898612cd0cc7ab04d768e2a4ea1fd4c4263a04ef4fc6
2023-03-31 19:42:14,True,3.363e-05,1.064e-08,8874436.0,0.9448,0x5e...e21d,https://bscscan.com/tx/0xf28a76d1ccb2d59d42c106031ed2002d7b853f87a99cec6f7a491fd412f111f1
2023-03-31 19:40:17,True,3.38e-05,1.064e-08,3015233.0,0.321,0x1f...406b,https://bscscan.com/tx/0x4f8a9bfd14c529e333d52a848a2900d553545dcc6ede31ebe79f945f2b0b649e
2023-03-31 19:35:02,True,3.363e-05,1.064e-08,443698.0,0.0472,0x5f...e4d2,https://bscscan.com/tx/0x2653dc41c4646554333ac054a37811dc2c318830c88ba19c7bf1d27802b358c0
2023-03-31 19:34:47,False,3.363e-05,1.059e-08,651789.0,0.069,0x83...055b,https://bscscan.com/tx/0x126ac004877b9e7b28ebd25e5b0c32a94315e595a93fb3bba96d191fb27a556a
2023-03-31 19:34:47,False,3.363e-05,1.059e-08,16220.9,0.0017,0x83...055b,https://bscscan.com/tx/0x126ac004877b9e7b28ebd25e5b0c32a94315e595a93fb3bba96d191fb27a556a
2023-03-31 19:33:14,True,3.381e-05,1.064e-08,5098406.0,0.5427,0xb3...d6f5,https://bscscan.com/tx/0xbcf72c096b46784f6e0bffa8006853d729443224c565a57df037d1721dd255e9
2023-03-31 19:29:32,False,3.364e-05,1.059e-08,906607.0,0.096,0x4b...76fa,https://bscscan.com/tx/0x8f71909cd3d69da054b9ea4b0fc208b081174be8cfbc428afbef2204bae6ee63
2023-03-31 19:29:32,False,3.364e-05,1.059e-08,13095.0,0.0013,0x4b...76fa,https://bscscan.com/tx/0x8f71909cd3d69da054b9ea4b0fc208b081174be8cfbc428afbef2204bae6ee63
2023-03-31 19:29:26,False,3.364e-05,1.059e-08,4835460.0,0.5121,0x9b...300c,https://bscscan.com/tx/0xb20e028dab7c35412b8b1770d11092f84dbff9c28294cb9cc99a90c7726d55db
2023-03-31 19:29:26,False,3.365e-05,1.059e-08,705.696,7.475e-06,0x9b...300c,https://bscscan.com/tx/0xb20e028dab7c35412b8b1770d11092f84dbff9c28294cb9cc99a90c7726d55db
2023-03-31 19:27:11,False,3.365e-05,1.059e-08,260585.0,0.0276,0x25...d420,https://bscscan.com/tx/0xa8fa89831ebb4f1838d2293477c3a5b27cfeafe77bf33706164bddb4a3b60df1
2023-03-31 19:27:11,False,3.365e-05,1.059e-08,219857.0,0.0232,0x25...d420,https://bscscan.com/tx/0xa8fa89831ebb4f1838d2293477c3a5b27cfeafe77bf33706164bddb4a3b60df1
2023-03-31 19:25:17,True,3.383e-05,1.064e-08,493598.0,0.0525,0xb5...fff0,https://bscscan.com/tx/0x25c90e908181f28f19a36ccd6a3ea516cd6349fdb2cc9ddbab97028102f0b077
2023-03-31 19:22:53,True,3.366e-05,1.064e-08,493604.0,0.0525,0xb5...fff0,https://bscscan.com/tx/0x7435bb87d7b65ca6279403751b06e37b78ee8d29c9084bcc37064ba0743c49ec
2023-03-31 19:22:29,True,3.365e-05,1.064e-08,18837738.0,2.00492,0xb0...bb6f,https://bscscan.com/tx/0xdfdc1fc920099209b7182e2d861db1a7dae33d57e00f97a8f5082cfa62ad229c
2023-03-31 19:19:41,True,3.364e-05,1.064e-08,295676.0,0.0314,0x97...acf9,https://bscscan.com/tx/0xb8b5409df47f92bc2c4ccd55e172acc35ea0d2d4e9360124cbbda664a53faf14
2023-03-31 19:15:29,True,3.364e-05,1.064e-08,929996.0,0.0989,0x1a...beb8,https://bscscan.com/tx/0x0c9e50d788aedff6eba7da0a370f6c2e3c347734e6b7a03ec220a04fa33e8d54
2023-03-31 19:14:26,False,3.369e-05,1.059e-08,60196788.0,6.37779,0xfa...5069,https://bscscan.com/tx/0xbb8f08be15e65fee2ac0677753118ffd1cce20f914687f23982746a4aa7e20aa
2023-03-31 19:14:26,False,3.371e-05,1.06e-08,24794.1,0.0026,0xfa...5069,https://bscscan.com/tx/0xbb8f08be15e65fee2ac0677753118ffd1cce20f914687f23982746a4aa7e20aa
2023-03-31 19:13:44,False,3.37e-05,1.06e-08,9155443.0,0.9708,0x25...fef7,https://bscscan.com/tx/0xc313f66971e72eda88bcc384c2214f8f7c2cd483c04ce4a476fed6cb83cfafec
2023-03-31 19:13:44,False,3.37e-05,1.06e-08,31380.4,0.0033,0x25...fef7,https://bscscan.com/tx/0xc313f66971e72eda88bcc384c2214f8f7c2cd483c04ce4a476fed6cb83cfafec
2023-03-31 19:13:17,True,3.37e-05,1.065e-08,894170.0,0.0953,0xa7...71a0,https://bscscan.com/tx/0x105a54beae847e73ddadf11a6458d2e3294bf25c23d424eba8da0dc665c47d5b
2023-03-31 19:13:14,True,3.37e-05,1.065e-08,9835495.0,1.04813,0x17...2019,https://bscscan.com/tx/0xbc46ca9731a55934db443485a20a87c77257f982301e2f290d34d25a038df951
2023-03-31 19:09:29,False,3.35e-05,1.06e-08,498500.0,0.0528,0x77...2d38,https://bscscan.com/tx/0xfc5b4e2a50855abbd85558e6647f5292819cea23de193efb626ce6a06396d760
2023-03-31 19:09:29,False,3.35e-05,1.06e-08,43881.9,0.0046,0x77...2d38,https://bscscan.com/tx/0xfc5b4e2a50855abbd85558e6647f5292819cea23de193efb626ce6a06396d760
2023-03-31 19:06:23,True,3.384e-05,1.065e-08,1477405.0,0.1574,0x11...2e83,https://bscscan.com/tx/0x824839527beaab38cf68fa71bd52afa7c36d92aa9680a20a81abe211cbef86ff
2023-03-31 19:06:08,True,3.384e-05,1.065e-08,14561.1,0.0015,0xb0...e000,https://bscscan.com/tx/0x42522a6c91a24323543a05a2293a222797cbb2762d805117a113168e5cf1e007
2023-03-31 19:04:05,True,3.383e-05,1.065e-08,10441833.0,1.11245,0xed...7ab7,https://bscscan.com/tx/0x09b4266020efe4c1f083d9f6b848bb5257b9d92af34f411ee38a0b021624df68
2023-03-31 18:59:14,False,3.367e-05,1.059e-08,4000909.0,0.424,0x3b...324e,https://bscscan.com/tx/0x55101a45206c04560165dc42ed061b8ab764f8098528b3b3b6361b0df40b7c14
2023-03-31 18:59:14,False,3.367e-05,1.06e-08,38231.4,0.004,0x3b...324e,https://bscscan.com/tx/0x55101a45206c04560165dc42ed061b8ab764f8098528b3b3b6361b0df40b7c14
2023-03-31 18:55:59,True,3.367e-05,1.065e-08,500000.0,0.0532,0x18...4f97,https://bscscan.com/tx/0x589c94577c4a29e8a299adc452e9dc21bc13decc55157e2da5d9816a572552e3
2023-03-31 18:55:05,True,3.365e-05,1.065e-08,369174.0,0.0393,0x2d...df93,https://bscscan.com/tx/0x61dc772010e22025a0f48fcb1f948fe8059c19ee88fe6e660ffc031261918362
2023-03-31 18:54:17,False,3.349e-05,1.06e-08,13176172.0,1.3969,0xee...3f6f,https://bscscan.com/tx/0xbcc106f8b3e8e79b86b0bf93912a27b278f70f11b57d8b1e85cb3f9047f331f4
2023-03-31 18:54:17,False,3.349e-05,1.06e-08,2904.23,3.079e-05,0xee...3f6f,https://bscscan.com/tx/0xbcc106f8b3e8e79b86b0bf93912a27b278f70f11b57d8b1e85cb3f9047f331f4
2023-03-31 18:52:41,False,3.349e-05,1.06e-08,1072415.0,0.1137,0x53...6cfa,https://bscscan.com/tx/0x04553765e50ce69e52a9a7e69e6b2c380b3f748b62b9f40b079d6c2eaebbc5d9
2023-03-31 18:52:41,False,3.349e-05,1.06e-08,4025.83,4.268e-05,0x53...6cfa,https://bscscan.com/tx/0x04553765e50ce69e52a9a7e69e6b2c380b3f748b62b9f40b079d6c2eaebbc5d9
2023-03-31 18:51:26,False,3.349e-05,1.06e-08,1437076.0,0.1523,0xc7...2869,https://bscscan.com/tx/0x9c3e727a413c5f326786c13c227656517a9d2b9d0f1ed9978e33ea7ea9a12bda
2023-03-31 18:51:26,False,3.349e-05,1.06e-08,5949.72,6.309e-05,0xc7...2869,https://bscscan.com/tx/0x9c3e727a413c5f326786c13c227656517a9d2b9d0f1ed9978e33ea7ea9a12bda
2023-03-31 18:50:17,True,3.386e-05,1.065e-08,1383131.0,0.1474,0xe6...a1fd,https://bscscan.com/tx/0x25c359683ca92d9ad15434ed74ead991d2c4fa6bc1e0dce6ed6edbb7f473e207
2023-03-31 18:50:05,True,3.369e-05,1.066e-08,731422.0,0.0779,0x9e...b422,https://bscscan.com/tx/0xe8bdbac450d2eeecd26d364b16fc4752ba1c5aa197470a4d7e3a434c92f92559
2023-03-31 18:49:47,False,3.351e-05,1.06e-08,88782.2,0.0094,0x84...f5a2,https://bscscan.com/tx/0x81d6b46917cb7ff4489a67bf39f9aeca940b64b0438fa857b78b06d126065e89
2023-03-31 18:49:47,False,3.351e-05,1.06e-08,11685.4,0.0012,0x84...f5a2,https://bscscan.com/tx/0x81d6b46917cb7ff4489a67bf39f9aeca940b64b0438fa857b78b06d126065e89
2023-03-31 18:48:44,True,3.367e-05,1.065e-08,1160270.0,0.1236,0x1a...d090,https://bscscan.com/tx/0xa142f38dd1b2435a3a52ed9aa46b9089e49e4f6bb5e4698ab1e7cb801ed32d41
2023-03-31 18:47:26,True,3.367e-05,1.065e-08,690667.0,0.0736,0x55...03de,https://bscscan.com/tx/0x58d7185d5d47cf4a1292a9d3e3967046b69e946f43710bb9590c26f18c31440d
2023-03-31 18:46:08,True,3.384e-05,1.065e-08,599651.0,0.0639,0x98...c414,https://bscscan.com/tx/0x87a073ccadc492d02d107508b78094d02f6aa92a1d3bd16fca357a263ea626ba
2023-03-31 18:46:05,False,3.367e-05,1.06e-08,1871691.0,0.1984,0x98...3cfc,https://bscscan.com/tx/0x83def5a58e7f98913c8168cd5c6bd5e5ff8f0f80405188ead58b8e40a50dd22c
2023-03-31 18:46:05,False,3.367e-05,1.06e-08,212.404,2.252e-06,0x98...3cfc,https://bscscan.com/tx/0x83def5a58e7f98913c8168cd5c6bd5e5ff8f0f80405188ead58b8e40a50dd22c
2023-03-31 18:46:02,True,3.384e-05,1.065e-08,60000.0,0.0063,0x85...d8e8,https://bscscan.com/tx/0x4d640533a89555b7674d7d9ee7585ff29c6873e67afab0a54b4b333e50c6e4b2
2023-03-31 18:45:08,False,3.35e-05,1.06e-08,18612.3,0.0019,0xf3...3fbb,https://bscscan.com/tx/0x4ccd83fb55699e7b12f100dd13a4d126976838350276d3759e0bc6ada5b1f730
2023-03-31 18:45:08,False,3.35e-05,1.06e-08,7245.75,7.682e-05,0xf3...3fbb,https://bscscan.com/tx/0x4ccd83fb55699e7b12f100dd13a4d126976838350276d3759e0bc6ada5b1f730
2023-03-31 18:44:41,True,3.367e-05,1.065e-08,1419849.0,0.1513,0x9d...0872,https://bscscan.com/tx/0x7898ea697d970b95c4ee2a4764b1f37363eafcd53ef78610d08d30479b62c80a
2023-03-31 18:43:14,False,3.369e-05,1.06e-08,1259970.0,0.1336,0xe2...d00d,https://bscscan.com/tx/0x01c9057a50534978cfac3afa32ce789bc87b87ad3d433f0c8c0b799d86aa46b8
2023-03-31 18:43:14,False,3.369e-05,1.06e-08,2368.08,2.51e-05,0xe2...d00d,https://bscscan.com/tx/0x01c9057a50534978cfac3afa32ce789bc87b87ad3d433f0c8c0b799d86aa46b8
2023-03-31 18:41:26,False,3.367e-05,1.06e-08,483545.0,0.0512,0xdc...90a4,https://bscscan.com/tx/0x919825d3e5cbd30599b7271825e3e49eb4b3c2901c3d787dd25cdf98ef00870d
2023-03-31 18:41:26,False,3.367e-05,1.06e-08,28350.7,0.003,0xdc...90a4,https://bscscan.com/tx/0x919825d3e5cbd30599b7271825e3e49eb4b3c2901c3d787dd25cdf98ef00870d
2023-03-31 18:41:05,True,3.367e-05,1.065e-08,5910925.0,0.6298,0xf7...16b9,https://bscscan.com/tx/0x14bcd4434cb9ea596e636728c4b131cb7689dd62bebdc678e9b886e7a36dc4d6
2023-03-31 18:38:07,True,3.366e-05,1.065e-08,10000.0,0.001,0x23...b03b,https://bscscan.com/tx/0x84402c1fc3c21665cbf8edb30cd98d0f82b208c7576346c3b523497adbda81a4
2023-03-31 18:34:25,False,3.366e-05,1.06e-08,4565607.0,0.484,0xdf...ec24,https://bscscan.com/tx/0x9f1d03a317121e6a97fb26d5a7cbfd297c7a12f77fab4e7b3779318bfbbd7ba3
2023-03-31 18:34:25,False,3.366e-05,1.06e-08,18541.3,0.0019,0xdf...ec24,https://bscscan.com/tx/0x9f1d03a317121e6a97fb26d5a7cbfd297c7a12f77fab4e7b3779318bfbbd7ba3
2023-03-31 18:32:49,False,3.35e-05,1.06e-08,6846547.0,0.726,0x84...f5a2,https://bscscan.com/tx/0xc8c23e8413b988ddea582be80040cb6f8b285ea198553460736a8c5cb4d5ba81
2023-03-31 18:32:49,False,3.35e-05,1.06e-08,7967.26,8.449e-05,0x84...f5a2,https://bscscan.com/tx/0xc8c23e8413b988ddea582be80040cb6f8b285ea198553460736a8c5cb4d5ba81
2023-03-31 18:30:01,True,3.366e-05,1.065e-08,666152.0,0.071,0x9b...3144,https://bscscan.com/tx/0xc3b11284df737fd07aea25a12dbb8dcea4c4ab428861fc37ba9e121418024db3
2023-03-31 18:28:13,False,3.35e-05,1.06e-08,2185284.0,0.2317,0xd9...e163,https://bscscan.com/tx/0xff6fb8e51c756e756e144e02558412d093b0da076f18f50b880bbafc039080d4
2023-03-31 18:28:13,False,3.35e-05,1.06e-08,1383.21,1.466e-05,0xd9...e163,https://bscscan.com/tx/0xff6fb8e51c756e756e144e02558412d093b0da076f18f50b880bbafc039080d4
2023-03-31 18:27:31,False,3.367e-05,1.06e-08,510762.0,0.0541,0x8c...11b1,https://bscscan.com/tx/0x0688191ef87b27d95c1db9e7c7eb95d3fe8d6a5c3fe22b2a99fc7a6da7e123bc
2023-03-31 18:27:31,False,3.367e-05,1.06e-08,59363.1,0.0063,0x8c...11b1,https://bscscan.com/tx/0x0688191ef87b27d95c1db9e7c7eb95d3fe8d6a5c3fe22b2a99fc7a6da7e123bc
2023-03-31 18:25:55,True,3.384e-05,1.065e-08,900000.0,0.0959,0x0d...b93f,https://bscscan.com/tx/0xf7513271372ea3fd7a9165150c2d6ff5be9c03daba7dd9ff86f5d4704158f1dc
2023-03-31 18:25:52,False,3.367e-05,1.06e-08,18943000.0,2.00939,0xea...e9b0,https://bscscan.com/tx/0x0f898bbf1554d2290f9ae49f09e064c8eab7dd02793cbe8d2a4424b3821702c3
2023-03-31 18:25:52,False,3.368e-05,1.06e-08,4313.43,4.576e-05,0xea...e9b0,https://bscscan.com/tx/0x0f898bbf1554d2290f9ae49f09e064c8eab7dd02793cbe8d2a4424b3821702c3
2023-03-31 18:23:16,True,3.384e-05,1.066e-08,997567.0,0.1063,0x3f...95c7,https://bscscan.com/tx/0xd1912a5736fed5d3fade831b7baebf65399c9a8f4e383456436314c0f63da199
2023-03-31 18:21:13,False,3.35e-05,1.06e-08,598200.0,0.0634,0x0d...b93f,https://bscscan.com/tx/0x0678b3e1708ea14faaeafc79142a48c84d01e62fa5ac755da6f073ef2765887b
2023-03-31 18:21:13,False,3.35e-05,1.06e-08,59276.8,0.0062,0x0d...b93f,https://bscscan.com/tx/0x0678b3e1708ea14faaeafc79142a48c84d01e62fa5ac755da6f073ef2765887b
2023-03-31 18:20:13,True,3.366e-05,1.066e-08,20000000.0,2.13211,0xff...698a,https://bscscan.com/tx/0x4aee34caef722911fd821fc5edb97d86aa0bdd7c1fb0321a78892744c66213df
2023-03-31 18:18:46,True,3.381e-05,1.065e-08,335041.0,0.0357,0xc9...6849,https://bscscan.com/tx/0x3111c56d67981d6fc4f5d5531ea3c6c40023467e313df01646e58fd0b7328d45
2023-03-31 18:14:34,True,3.363e-05,1.065e-08,100001.0,0.0106,0xcb...48ac,https://bscscan.com/tx/0x841bda360716dbdc9112a33662f4608618a236afaedfe8fc9cb0c65dfc3b6585
2023-03-31 18:14:19,False,3.346e-05,1.06e-08,1514786.0,0.1606,0x1d...d093,https://bscscan.com/tx/0xea3ac9bfb77f3a00a67f6c320d23fa3b132d984aabae798eda4309d31ce1473e
2023-03-31 18:14:19,False,3.346e-05,1.06e-08,14835.7,0.0015,0x1d...d093,https://bscscan.com/tx/0xea3ac9bfb77f3a00a67f6c320d23fa3b132d984aabae798eda4309d31ce1473e
2023-03-31 18:14:04,False,3.364e-05,1.06e-08,5478217.0,0.581,0xa2...b4ef,https://bscscan.com/tx/0xd464d6f255e6b24ee544ff0126496e9d29e6c1bfb6d162b2370af139031d645c
2023-03-31 18:14:04,False,3.364e-05,1.06e-08,59767.1,0.0063,0xa2...b4ef,https://bscscan.com/tx/0xd464d6f255e6b24ee544ff0126496e9d29e6c1bfb6d162b2370af139031d645c
2023-03-31 18:13:31,True,3.38e-05,1.065e-08,159479.0,0.017,0xfa...d038,https://bscscan.com/tx/0x23390dfa57c6c4f5c7ea7f4989fdd74a57ac264ffa3ecef52731860e54d139c9
2023-03-31 18:13:22,True,3.38e-05,1.065e-08,5620059.0,0.599,0xd5...c75f,https://bscscan.com/tx/0x0de76a2fd7c4b6c17126a1e79d7467b03b3ef9076b350c40dd9ec11bd6396b43
2023-03-31 18:13:19,True,3.363e-05,1.065e-08,1311150.0,0.1397,0x4d...1b32,https://bscscan.com/tx/0x9d2e6ab29b98236fff13c0e9ca4ae9607b26bf23d403cd0022a3dbe9238a073a
2023-03-31 18:09:34,True,3.365e-05,1.066e-08,1580343.0,0.1685,0xbd...5de9,https://bscscan.com/tx/0x3346c7a232d795954fa7c8b11f51a10639e315098c11ba149237c9675cc9f395
2023-03-31 18:09:28,True,3.363e-05,1.065e-08,221545.0,0.0236,0x0b...f006,https://bscscan.com/tx/0x83c893421318f5f8b059f64dfb58bfaf4e034422f37196ff4ca0600c50b54ea3
2023-03-31 18:08:16,True,3.362e-05,1.065e-08,544554.0,0.058,0xfd...567d,https://bscscan.com/tx/0x7398e3e90f0cce11283be1c4f35ccd18cb69635f43930844d73527c240a5f868
2023-03-31 18:08:13,False,3.346e-05,1.06e-08,12660737.0,1.34276,0x89...a9eb,https://bscscan.com/tx/0x72e282b800dec5f38dbbaf9a2902f869fb904aac385f93e165bf4fd69a17ccfc
2023-03-31 18:08:13,False,3.346e-05,1.06e-08,1231.15,1.305e-05,0x89...a9eb,https://bscscan.com/tx/0x72e282b800dec5f38dbbaf9a2902f869fb904aac385f93e165bf4fd69a17ccfc
2023-03-31 18:07:31,False,3.346e-05,1.06e-08,454614.0,0.0482,0x12...43ff,https://bscscan.com/tx/0xbbabbb1ac58396f1d84915c51cc0e6244f92a634116284ad2d877d06a9b91aed
2023-03-31 18:07:31,False,3.346e-05,1.06e-08,124080.0,0.0131,0x12...43ff,https://bscscan.com/tx/0xbbabbb1ac58396f1d84915c51cc0e6244f92a634116284ad2d877d06a9b91aed
2023-03-31 18:05:01,True,3.38e-05,1.066e-08,2579570.0,0.2749,0xa4...1743,https://bscscan.com/tx/0xc7b208414bb61f82bd0087039d8a2b7e38e4467adc4a7a802aadb5435e41bd20
2023-03-31 18:02:31,True,3.362e-05,1.065e-08,21017759.0,2.23993,0xe6...ef7f,https://bscscan.com/tx/0xe1fcb1237e503881640c8064f039a8a30680e55c8b61b748db418629579927f1
2023-03-31 18:01:13,True,3.36e-05,1.065e-08,21034154.0,2.24055,0xe6...ef7f,https://bscscan.com/tx/0x8edeba7e73b73be5797633ec4cf922633c0e6753f372133f6fca66c733279d73
2023-03-31 18:00:22,False,3.359e-05,1.059e-08,160546.0,0.017,0x5a...3fae,https://bscscan.com/tx/0xad4e1ba33a29cd75f2b66c9453e9a2560baec3ffd519b1b8b914c1bb22fa84f3
2023-03-31 18:00:22,False,3.359e-05,1.059e-08,4616.24,4.891e-05,0x5a...3fae,https://bscscan.com/tx/0xad4e1ba33a29cd75f2b66c9453e9a2560baec3ffd519b1b8b914c1bb22fa84f3
2023-03-31 17:58:07,True,3.376e-05,1.064e-08,1480694.0,0.1576,0x43...a572,https://bscscan.com/tx/0x02f4919370f783ce41659780d77fc682f8fa558854f5ca54a3d10e89daa6b7c1
2023-03-31 17:57:07,False,3.343e-05,1.059e-08,228337.0,0.0241,0xed...d7af,https://bscscan.com/tx/0x79b2a2b2ad05b0e1392af37a1b73d79cbdcf6b88006d4d5aa5eb0a6ad4f7b925
2023-03-31 17:57:07,False,3.343e-05,1.059e-08,136073.0,0.0144,0xed...d7af,https://bscscan.com/tx/0x79b2a2b2ad05b0e1392af37a1b73d79cbdcf6b88006d4d5aa5eb0a6ad4f7b925
2023-03-31 17:57:01,True,3.36e-05,1.064e-08,8828052.0,0.94,0x58...d401,https://bscscan.com/tx/0xe24462e33ab6231629a109bcd47d528dc38f53e90f0ccbc21c9b14492a327593
2023-03-31 17:56:34,False,3.345e-05,1.059e-08,41444764.0,4.39267,0xcf...89ae,https://bscscan.com/tx/0x968dc033dfa071288fb3b62d12de0499fc887c61d22585dfe343e4cf849158fa
2023-03-31 17:56:34,False,3.346e-05,1.06e-08,2705.29,2.868e-05,0xcf...89ae,https://bscscan.com/tx/0x968dc033dfa071288fb3b62d12de0499fc887c61d22585dfe343e4cf849158fa
2023-03-31 17:52:27,False,3.364e-05,1.06e-08,188039.0,0.0199,0x54...2b70,https://bscscan.com/tx/0xe74f6e79d2c6984c2f3e7878b6c814d131a150967a52c4225c5cb4af254eb3fe
2023-03-31 17:52:27,False,3.364e-05,1.06e-08,10111.6,0.001,0x54...2b70,https://bscscan.com/tx/0xe74f6e79d2c6984c2f3e7878b6c814d131a150967a52c4225c5cb4af254eb3fe
2023-03-31 17:49:36,True,3.365e-05,1.065e-08,1055736.0,0.1125,0x36...5a61,https://bscscan.com/tx/0xd083e9ac1ef64c79c2c60afab461b0c3076239954621999cfd70dbaaa98806be
2023-03-31 17:44:12,True,3.366e-05,1.066e-08,1859370.0,0.1982,0xbd...5de9,https://bscscan.com/tx/0x23c5dfd3e0391e58f49ba85c322665beb30e841deb99b0d35199d230d8a413c2
2023-03-31 17:42:51,False,3.354e-05,1.06e-08,827447.0,0.0877,0xd2...554d,https://bscscan.com/tx/0x876e4c098f11b00701925216232c2afe549ecc4008edf4de12cfdcda42525561
2023-03-31 17:42:51,False,3.354e-05,1.06e-08,1150.74,1.22e-05,0xd2...554d,https://bscscan.com/tx/0x876e4c098f11b00701925216232c2afe549ecc4008edf4de12cfdcda42525561
2023-03-31 17:39:21,False,3.361e-05,1.06e-08,424923.0,0.045,0x4c...8b32,https://bscscan.com/tx/0x843bc4222ef89294d2fcd00b61498eb11ed2dc000ec9a1f381134038adca88ae
2023-03-31 17:39:21,False,3.361e-05,1.06e-08,14009.1,0.0014,0x4c...8b32,https://bscscan.com/tx/0x843bc4222ef89294d2fcd00b61498eb11ed2dc000ec9a1f381134038adca88ae
2023-03-31 17:37:39,True,3.395e-05,1.065e-08,581784.0,0.062,0x73...c2c8,https://bscscan.com/tx/0xd9049541153462e976141f12be040ed5aa3f117e4198e443c9adf820d1ddc09e
2023-03-31 17:32:12,True,3.394e-05,1.065e-08,46918.4,0.005,0x39...d291,https://bscscan.com/tx/0x0c19979d42a79467371c934d90a31d5a032aa97a0ea72e7f5dbb5b9cc66e8c31
2023-03-31 17:27:27,True,3.399e-05,1.065e-08,2647575.0,0.2821,0x68...bc42,https://bscscan.com/tx/0x41519d7786185f93321eed7560a15c420c8d8709d21937c2f0d6901846fb57ce
2023-03-31 17:26:36,False,3.382e-05,1.06e-08,1337805.0,0.1418,0xff...c2c3,https://bscscan.com/tx/0xaeaa320ae1457aff9130e21bfc439b7eaf983a7edb216b3577d881a56edad838
2023-03-31 17:26:36,False,3.382e-05,1.06e-08,54578.4,0.0057,0xff...c2c3,https://bscscan.com/tx/0xaeaa320ae1457aff9130e21bfc439b7eaf983a7edb216b3577d881a56edad838
2023-03-31 17:24:57,True,3.382e-05,1.065e-08,4220836.0,0.4497,0x28...0382,https://bscscan.com/tx/0xf4d5ada788e4dbd40f6a086bc462b16203c6285c9c799a55373379b1e3df3ec7
2023-03-31 17:24:48,True,3.399e-05,1.065e-08,874439.0,0.0931,0x1c...ee15,https://bscscan.com/tx/0xd16bf9e1745d49f34e14aefe8353195cb4c2d320ab67bec9f07752a17b3a790c
2023-03-31 17:24:09,True,3.399e-05,1.065e-08,1742777.0,0.1856,0x1c...ee15,https://bscscan.com/tx/0xe103993f275a7f5f9b0b51c5bdbe68b764cf2c5978489bee8e0622f013f90b56
2023-03-31 17:23:06,False,3.364e-05,1.06e-08,13336025.0,1.41405,0x3d...4dd5,https://bscscan.com/tx/0xa991bf7ab915b02f37fe45dcecec3dd4bc753d857ec4fbff51cf642e6abeaa7d
2023-03-31 17:23:06,False,3.365e-05,1.06e-08,18259.6,0.0019,0x3d...4dd5,https://bscscan.com/tx/0xa991bf7ab915b02f37fe45dcecec3dd4bc753d857ec4fbff51cf642e6abeaa7d
2023-03-31 17:20:44,True,3.399e-05,1.065e-08,285616.0,0.0304,0x70...d83b,https://bscscan.com/tx/0xfc8cabe5835b327c5205db9e353680cb0ebf1ca94471b3addec520f39963820c
2023-03-31 17:19:23,False,3.366e-05,1.06e-08,6359109.0,0.6744,0x05...7066,https://bscscan.com/tx/0x4fdd8b18aafc401d47302c7c14e3d60cf939a0d85275e9dc30e46d7d5e7bdb3e
2023-03-31 17:19:23,False,3.367e-05,1.06e-08,28224.3,0.0029,0x05...7066,https://bscscan.com/tx/0x4fdd8b18aafc401d47302c7c14e3d60cf939a0d85275e9dc30e46d7d5e7bdb3e
2023-03-31 17:18:53,False,3.384e-05,1.06e-08,10422081.0,1.10555,0x05...7066,https://bscscan.com/tx/0xd906ee9f6154148deebfd289e1fedbb8e595fbd679d307dfd9e887ff51f20c41
2023-03-31 17:18:53,False,3.384e-05,1.06e-08,1508.02,1.599e-05,0x05...7066,https://bscscan.com/tx/0xd906ee9f6154148deebfd289e1fedbb8e595fbd679d307dfd9e887ff51f20c41
2023-03-31 17:18:02,False,3.368e-05,1.06e-08,556850.0,0.059,0xb8...078c,https://bscscan.com/tx/0xb30cca1b9d4e3423b15a74e08bf796453a40a843bde09a1354efe3398f7c517f
2023-03-31 17:18:02,False,3.368e-05,1.06e-08,48275.5,0.0051,0xb8...078c,https://bscscan.com/tx/0xb30cca1b9d4e3423b15a74e08bf796453a40a843bde09a1354efe3398f7c517f
2023-03-31 17:17:59,False,3.368e-05,1.061e-08,17826192.0,1.89163,0xc0...1f4f,https://bscscan.com/tx/0x21b3d9ffbc300caac1f895dc0df85e2f7bfb36d438350d61457d0e4dd28df085
2023-03-31 17:17:59,False,3.369e-05,1.061e-08,33172.4,0.0035,0xc0...1f4f,https://bscscan.com/tx/0x21b3d9ffbc300caac1f895dc0df85e2f7bfb36d438350d61457d0e4dd28df085
2023-03-31 17:17:56,False,3.37e-05,1.061e-08,12249201.0,1.3003,0x05...7066,https://bscscan.com/tx/0xa715634e3debfd9269328059b52b5890a7b3e82fc572a85387f4c60e54ac4f1e
2023-03-31 17:17:56,False,3.37e-05,1.061e-08,12150.6,0.0012,0x05...7066,https://bscscan.com/tx/0xa715634e3debfd9269328059b52b5890a7b3e82fc572a85387f4c60e54ac4f1e
2023-03-31 17:17:53,False,3.37e-05,1.061e-08,4486725.0,0.4763,0xfa...12c0,https://bscscan.com/tx/0xebe4ec005dc4cbf8b0fb47cbb54e1a131ab6ad859a6488b2a19c5fbf91f40e2e
2023-03-31 17:17:53,False,3.37e-05,1.061e-08,80973.0,0.0086,0xfa...12c0,https://bscscan.com/tx/0xebe4ec005dc4cbf8b0fb47cbb54e1a131ab6ad859a6488b2a19c5fbf91f40e2e
2023-03-31 17:17:53,False,3.372e-05,1.062e-08,29900029.0,3.17595,0x20...946b,https://bscscan.com/tx/0x9d203a575e6499feaff8a337ff881a60aaea9039c43af73d02c40f8382ade291
2023-03-31 17:17:53,False,3.373e-05,1.062e-08,4161.37,4.421e-05,0x20...946b,https://bscscan.com/tx/0x9d203a575e6499feaff8a337ff881a60aaea9039c43af73d02c40f8382ade291
2023-03-31 17:17:11,False,3.373e-05,1.062e-08,1536624.0,0.1632,0x05...7066,https://bscscan.com/tx/0xf919afcf3a0a40814b35850b41ea447a616d1bd69c2717600b3a9337aeb31a23
2023-03-31 17:17:11,False,3.373e-05,1.062e-08,59179.1,0.0062,0x05...7066,https://bscscan.com/tx/0xf919afcf3a0a40814b35850b41ea447a616d1bd69c2717600b3a9337aeb31a23
2023-03-31 17:17:11,False,3.374e-05,1.062e-08,21852433.0,2.32268,0x05...7066,https://bscscan.com/tx/0xde33759c0e4485c2c0f7ae9f4642265524af367624f19752e341e4ed5b7c1d74
2023-03-31 17:17:11,False,3.375e-05,1.063e-08,13500.0,0.0014,0x05...7066,https://bscscan.com/tx/0xde33759c0e4485c2c0f7ae9f4642265524af367624f19752e341e4ed5b7c1d74
2023-03-31 17:17:02,False,3.375e-05,1.063e-08,4985009.0,0.53,0x21...ebe7,https://bscscan.com/tx/0xf832da3bc12a9ea4122d8fa506e416accc7be13648fae2ebd562160f20ff2041
2023-03-31 17:17:02,False,3.375e-05,1.063e-08,39657.6,0.0042,0x21...ebe7,https://bscscan.com/tx/0xf832da3bc12a9ea4122d8fa506e416accc7be13648fae2ebd562160f20ff2041
2023-03-31 17:16:25,True,3.41e-05,1.068e-08,9295665.0,0.9932,0x6a...a660,https://bscscan.com/tx/0x55c3ef206646d23c61524b217676df136dc04f127f49c40c432af271cb01f053
2023-03-31 17:15:58,False,3.397e-05,1.063e-08,5376153.0,0.5715,0xef...bdce,https://bscscan.com/tx/0x4fe02c2cfea3925fb5e4eaf87cd4216b68e790831e321f65eb18ce4544bc1e86
2023-03-31 17:15:58,False,3.397e-05,1.063e-08,3693.35,3.926e-05,0xef...bdce,https://bscscan.com/tx/0x4fe02c2cfea3925fb5e4eaf87cd4216b68e790831e321f65eb18ce4544bc1e86
2023-03-31 17:07:58,True,3.415e-05,1.068e-08,300000.0,0.032,0x8b...2c8d,https://bscscan.com/tx/0x5be1b277961f6a175ddd40757f00c2f8d1c952bab7fdd53af36ebc3d1e9c68b2
2023-03-31 17:07:52,True,3.415e-05,1.068e-08,100000.0,0.0106,0x10...88ce,https://bscscan.com/tx/0x1435023afce75e959de751654158ddf3092d72effa038da9404f9238990ecbcf
2023-03-31 17:06:37,False,3.38e-05,1.063e-08,675335.0,0.0718,0x9c...5167,https://bscscan.com/tx/0xd2bee4a79913fcf7271ffe1c0a518f82a34277e33e00a612c2d5f5b082f160ea
2023-03-31 17:06:37,False,3.38e-05,1.063e-08,48600.0,0.0051,0x9c...5167,https://bscscan.com/tx/0xd2bee4a79913fcf7271ffe1c0a518f82a34277e33e00a612c2d5f5b082f160ea
2023-03-31 17:06:22,False,3.398e-05,1.063e-08,17946000.0,1.90844,0x31...f143,https://bscscan.com/tx/0xe115ad838ab004fb3662b406bcec06ec8f95e7c250bd5a7e4c8b0e1a657883f3
2023-03-31 17:06:22,False,3.398e-05,1.063e-08,26607.5,0.0028,0x31...f143,https://bscscan.com/tx/0xe115ad838ab004fb3662b406bcec06ec8f95e7c250bd5a7e4c8b0e1a657883f3
2023-03-31 17:05:40,True,3.398e-05,1.068e-08,2854639.0,0.3051,0xea...b46a,https://bscscan.com/tx/0x2353d08e0b1bd1573287d9df7418e320f2c5bf5da0ff6dc59dcfca3257452e99
2023-03-31 17:05:13,False,3.381e-05,1.063e-08,6979000.0,0.7423,0x87...4de4,https://bscscan.com/tx/0xf0158f0dc2b9e07f9b76fb31fbfbda8404cf0083a883bd5740bc88a09df5302a
2023-03-31 17:05:13,False,3.382e-05,1.063e-08,6654.33,7.078e-05,0x87...4de4,https://bscscan.com/tx/0xf0158f0dc2b9e07f9b76fb31fbfbda8404cf0083a883bd5740bc88a09df5302a
2023-03-31 17:02:01,True,3.416e-05,1.069e-08,120000.0,0.0128,0xe3...e65b,https://bscscan.com/tx/0xd4ce81c93a7553961f0b8020c40567bebb9c3c5ff4edd7e1e14191d910813762
2023-03-31 17:00:43,True,3.399e-05,1.069e-08,100000.0,0.0106,0x57...c9de,https://bscscan.com/tx/0x4db6f50a35a8e42ee8733da470f6c9dd4230e17ee2bba5240375cdbd15d86a85
2023-03-31 16:58:58,False,3.382e-05,1.063e-08,997000.0,0.106,0x6a...b0e4,https://bscscan.com/tx/0x824fa0e48e6404f58040de6e1356e1a2a2d6542c5484ec5a5e93ce4dfe2f9c85
2023-03-31 16:58:58,False,3.382e-05,1.063e-08,64624.4,0.0068,0x6a...b0e4,https://bscscan.com/tx/0x824fa0e48e6404f58040de6e1356e1a2a2d6542c5484ec5a5e93ce4dfe2f9c85
2023-03-31 16:58:58,True,3.399e-05,1.069e-08,3928611.0,0.42,0x9b...d3d0,https://bscscan.com/tx/0x3db06735cd600c493de002ed2ef082f1d72210bbfe4317007e8d03f2b9fa8562
2023-03-31 16:54:32,True,3.399e-05,1.068e-08,13416403.0,1.43402,0x3d...4dd5,https://bscscan.com/tx/0xca122624bc632b48e216fb7262d3348ebd64185b1c8d6b27d085e3f33d6dda0e
2023-03-31 16:50:29,False,3.399e-05,1.063e-08,5643395.0,0.6001,0x9e...ed09,https://bscscan.com/tx/0xc92d8fdd966969733b12e49b4506780ee0c2a048763532ff21ea3124795f4dd2
2023-03-31 16:50:29,False,3.399e-05,1.063e-08,15283.0,0.0016,0x9e...ed09,https://bscscan.com/tx/0xc92d8fdd966969733b12e49b4506780ee0c2a048763532ff21ea3124795f4dd2
2023-03-31 16:50:17,False,3.399e-05,1.063e-08,5643395.0,0.6002,0x9e...ed09,https://bscscan.com/tx/0x5ff738ca881c9814959d0b9de304c19e6f0052983a58e3d7d42ebcce509abcbd
2023-03-31 16:50:17,False,3.4e-05,1.063e-08,145192.0,0.0154,0x9e...ed09,https://bscscan.com/tx/0x5ff738ca881c9814959d0b9de304c19e6f0052983a58e3d7d42ebcce509abcbd
2023-03-31 16:50:11,True,3.415e-05,1.068e-08,50001100.0,5.34179,0x2f...1778,https://bscscan.com/tx/0xc19f6453052989f31ddfff438edcda0ce0fb2ab8b90130e7be0c9f5d5bc7e52b
2023-03-31 16:49:41,False,3.397e-05,1.062e-08,3762330.0,0.3997,0x9e...ed09,https://bscscan.com/tx/0x48b4871576f3f819923e85cc0bde0a90949846803888182a3d452c5267e224d6
2023-03-31 16:49:41,False,3.397e-05,1.062e-08,6963.36,7.398e-05,0x9e...ed09,https://bscscan.com/tx/0x48b4871576f3f819923e85cc0bde0a90949846803888182a3d452c5267e224d6
2023-03-31 16:48:08,True,3.413e-05,1.067e-08,2342628.0,0.2501,0xcd...b042,https://bscscan.com/tx/0xf2ed658a5e7a056b8a9e5bb1a36bb2d1db332449986486254ebe858d4a0ce50e
2023-03-31 16:47:08,False,3.395e-05,1.062e-08,235684.0,0.025,0xaa...3cad,https://bscscan.com/tx/0xe7b5f1caccf39a78403d36c9976f2bd8085e718cd4e9c1af65f862d7019c5aca
2023-03-31 16:47:08,False,3.395e-05,1.062e-08,10917.6,0.0011,0xaa...3cad,https://bscscan.com/tx/0xe7b5f1caccf39a78403d36c9976f2bd8085e718cd4e9c1af65f862d7019c5aca
2023-03-31 16:46:50,True,3.412e-05,1.067e-08,2941105.0,0.314,0xd5...c75f,https://bscscan.com/tx/0x46fc0534c352e4da6331e5460d30ffa491422214ba85f20ba3efda43b2ced190
2023-03-31 16:44:50,True,3.41e-05,1.067e-08,131866.0,0.014,0xff...5da9,https://bscscan.com/tx/0xc8b553099a7473e37088f56ebbd4b6635db99e008c534b439bdfaf762bc0f6b0
2023-03-31 16:44:05,False,3.393e-05,1.062e-08,967662.0,0.1028,0x18...7a22,https://bscscan.com/tx/0x7b7a7bb29db792cdd798a19ba4708c636e89e13527dcd6ee7f30bc86adb36f5b
2023-03-31 16:44:05,False,3.393e-05,1.062e-08,743.721,7.9e-06,0x18...7a22,https://bscscan.com/tx/0x7b7a7bb29db792cdd798a19ba4708c636e89e13527dcd6ee7f30bc86adb36f5b
2023-03-31 16:42:53,False,3.393e-05,1.062e-08,274626.0,0.0291,0x9a...c179,https://bscscan.com/tx/0x67acf4db46a61101e4547a4ab40befadf34f50b721a64a71b646539ecff20272
2023-03-31 16:42:53,False,3.393e-05,1.062e-08,8612.0,9.149e-05,0x9a...c179,https://bscscan.com/tx/0x67acf4db46a61101e4547a4ab40befadf34f50b721a64a71b646539ecff20272
2023-03-31 16:39:59,True,3.411e-05,1.067e-08,93660.4,0.01,0xc8...aa34,https://bscscan.com/tx/0x7c0c91b5888a71178beae55f139cf90f1403d672f9df840081bfbe5fd0c532b5
2023-03-31 16:38:35,False,3.378e-05,1.062e-08,3086681.0,0.3279,0x81...e9fa,https://bscscan.com/tx/0x7f9c714b8ac2ab335e9acedd64abedfe91aa284a21bd462a4c7494d086f2a9fd
2023-03-31 16:38:35,False,3.378e-05,1.062e-08,37426.7,0.0039,0x81...e9fa,https://bscscan.com/tx/0x7f9c714b8ac2ab335e9acedd64abedfe91aa284a21bd462a4c7494d086f2a9fd
2023-03-31 16:37:05,False,3.395e-05,1.062e-08,13820148.0,1.46854,0xc0...d1b7,https://bscscan.com/tx/0x612861a28ce46a01c3205fc74322b305416b1302586c52d824c03a94450fd35e
2023-03-31 16:37:05,False,3.396e-05,1.062e-08,428.556,4.554e-06,0xc0...d1b7,https://bscscan.com/tx/0x612861a28ce46a01c3205fc74322b305416b1302586c52d824c03a94450fd35e
2023-03-31 16:36:53,True,3.413e-05,1.068e-08,18724.5,0.002,0xf3...3fbb,https://bscscan.com/tx/0x33ac35262f9e62c584f7f30cd7694411cdccb7f768b201f7b9df6b5eb6dfd601
2023-03-31 16:36:35,False,3.379e-05,1.062e-08,139580.0,0.0148,0xfa...f0c2,https://bscscan.com/tx/0x15facbebbb738e6269815b10ceb1458f6d8cc44bedc7b477a5627b4bf61180f9
2023-03-31 16:36:35,False,3.379e-05,1.062e-08,3530.38,3.752e-05,0xfa...f0c2,https://bscscan.com/tx/0x15facbebbb738e6269815b10ceb1458f6d8cc44bedc7b477a5627b4bf61180f9
2023-03-31 16:35:53,False,3.377e-05,1.062e-08,1303624.0,0.1385,0x30...dd0f,https://bscscan.com/tx/0x2dde01acfe6c7b2cf52f7871fe190f77375495d8d16b8669af4afe21aa260df6
2023-03-31 16:35:53,False,3.377e-05,1.062e-08,5139.16,5.462e-05,0x30...dd0f,https://bscscan.com/tx/0x2dde01acfe6c7b2cf52f7871fe190f77375495d8d16b8669af4afe21aa260df6
2023-03-31 16:33:38,True,3.396e-05,1.068e-08,936202.0,0.1,0xca...8c6d,https://bscscan.com/tx/0xc9cbc128f95c65bcfa937691f7fa783f994261eb71950ec991c67e46d64c6f97
2023-03-31 16:30:29,False,3.395e-05,1.062e-08,964288.0,0.1024,0x49...f243,https://bscscan.com/tx/0xd1ec7519cb03a624ff2b0132ae25d8a43ee8cec2a04e3106a8b70d08b30e08ad
2023-03-31 16:30:29,False,3.395e-05,1.062e-08,13061.6,0.0013,0x49...f243,https://bscscan.com/tx/0xd1ec7519cb03a624ff2b0132ae25d8a43ee8cec2a04e3106a8b70d08b30e08ad
2023-03-31 16:29:59,False,3.395e-05,1.062e-08,4823127.0,0.5126,0x76...ad54,https://bscscan.com/tx/0x33d9bb27ef3ce32c5a96e1185a417f165f58d0f8bd6e956dd3e3be2a2ec36e0d
2023-03-31 16:29:59,False,3.395e-05,1.062e-08,8753.32,9.304e-05,0x76...ad54,https://bscscan.com/tx/0x33d9bb27ef3ce32c5a96e1185a417f165f58d0f8bd6e956dd3e3be2a2ec36e0d
2023-03-31 16:29:14,False,3.38e-05,1.062e-08,3232245.0,0.3435,0xbb...df08,https://bscscan.com/tx/0x545bbf54dbee63b993b210e759b816b199ff8b63d55f941c53c71681fdd8783e
2023-03-31 16:29:14,False,3.38e-05,1.063e-08,5437.82,5.78e-05,0xbb...df08,https://bscscan.com/tx/0x545bbf54dbee63b993b210e759b816b199ff8b63d55f941c53c71681fdd8783e
2023-03-31 16:28:32,False,3.398e-05,1.063e-08,2007965.0,0.2134,0x92...453e,https://bscscan.com/tx/0x6afbba6ffedd05947a7d960df378a443b07dd9feadf6851a1f2809c1c1908e3d
2023-03-31 16:28:32,False,3.398e-05,1.063e-08,2723.37,2.895e-05,0x92...453e,https://bscscan.com/tx/0x6afbba6ffedd05947a7d960df378a443b07dd9feadf6851a1f2809c1c1908e3d
2023-03-31 16:28:08,False,3.381e-05,1.063e-08,1005631.0,0.1069,0x37...f8a5,https://bscscan.com/tx/0xdbb701576acbdf234f46f772c9c444fbfa3a298a70077235f40277b6ce451019
2023-03-31 16:28:08,False,3.381e-05,1.063e-08,215202.0,0.0228,0x37...f8a5,https://bscscan.com/tx/0xdbb701576acbdf234f46f772c9c444fbfa3a298a70077235f40277b6ce451019
2023-03-31 16:27:38,True,3.395e-05,1.067e-08,62054833.0,6.62528,0xa4...eeaa,https://bscscan.com/tx/0x5ef312248b526947d26f0a9154de3316dffb4418e4a625623a3f383d10d4ca7a
2023-03-31 16:26:23,False,3.393e-05,1.061e-08,17596602.0,1.86832,0xe2...20e8,https://bscscan.com/tx/0x0214206acff5d74af9579e81b222f77af2e92d220ca53b0a9ff18ce3ef7d92ad
2023-03-31 16:26:23,False,3.393e-05,1.061e-08,19657.7,0.002,0xe2...20e8,https://bscscan.com/tx/0x0214206acff5d74af9579e81b222f77af2e92d220ca53b0a9ff18ce3ef7d92ad
2023-03-31 16:25:17,True,3.41e-05,1.067e-08,2314215.0,0.2469,0xbb...983e,https://bscscan.com/tx/0xf632f3166f66375fc1f334e8b6b79a1fc6f29c8e9baab4fd02a039ed87d985c0
2023-03-31 16:24:08,False,3.393e-05,1.061e-08,4670654.0,0.496,0xd4...cc47,https://bscscan.com/tx/0x19263315066e9b8cd5fe354fa96a533ec4dd7552372c244ee282794cd1a6798c
2023-03-31 16:24:08,False,3.393e-05,1.062e-08,32703.1,0.0034,0xd4...cc47,https://bscscan.com/tx/0x19263315066e9b8cd5fe354fa96a533ec4dd7552372c244ee282794cd1a6798c
2023-03-31 16:20:50,True,3.407e-05,1.067e-08,18737.7,0.002,0x8d...cf40,https://bscscan.com/tx/0xd878754d4cccbccf105652b2820ade633234a1a066cd3ddc7cf0c238a20c83fa
2023-03-31 16:19:20,False,3.39e-05,1.062e-08,11955686.0,1.26992,0xf1...bdaf,https://bscscan.com/tx/0xd86f627dfb9181ef182a852b6d64bb61d6f220dd8c94b564c740374ae4c98a38
2023-03-31 16:19:20,False,3.391e-05,1.062e-08,40500.0,0.0043,0xf1...bdaf,https://bscscan.com/tx/0xd86f627dfb9181ef182a852b6d64bb61d6f220dd8c94b564c740374ae4c98a38
2023-03-31 16:18:35,False,3.391e-05,1.062e-08,14955000.0,1.58902,0xfc...4aaa,https://bscscan.com/tx/0x71607dfc070badcca59249e9d41e0079c5339d90f7f071412392fdf776d8ba91
2023-03-31 16:18:35,False,3.392e-05,1.062e-08,15484.6,0.0016,0xfc...4aaa,https://bscscan.com/tx/0x71607dfc070badcca59249e9d41e0079c5339d90f7f071412392fdf776d8ba91
2023-03-31 16:18:26,True,3.408e-05,1.068e-08,63354.1,0.0067,0xd1...2443,https://bscscan.com/tx/0x00d6be637866a06eabd73a5442e20f8815379f9ab61657d4e7f381a952605da8
2023-03-31 16:15:26,True,3.391e-05,1.068e-08,304377.0,0.0325,0x25...6440,https://bscscan.com/tx/0xbbfee22cf3046ccff56439c8ffd5cc0c4ce117c96c3c3dc51e6fdd37c52b6670
2023-03-31 16:15:20,True,3.391e-05,1.068e-08,48864.9,0.0052,0x8d...cf40,https://bscscan.com/tx/0x266d79ba6ef64d006aa0a1784b3e89b8bdb34d84bea58d108ec1a72f0f2ab60f
2023-03-31 16:13:35,False,3.391e-05,1.062e-08,2405165.0,0.2556,0xec...fcc5,https://bscscan.com/tx/0x5ec9762f5660be4493930bd3c2e5ec4db830b58a3ac13e180b6ac2560d5b0701
2023-03-31 16:13:35,False,3.391e-05,1.062e-08,14898.0,0.0015,0xec...fcc5,https://bscscan.com/tx/0x5ec9762f5660be4493930bd3c2e5ec4db830b58a3ac13e180b6ac2560d5b0701
2023-03-31 16:10:56,True,3.407e-05,1.068e-08,187247.0,0.02,0x8d...cf40,https://bscscan.com/tx/0xd07034baecffc13cf3e031fe7d0f48f2d13a76de82b965692cba357589f39100
2023-03-31 16:10:16,True,3.407e-05,1.068e-08,190751.0,0.0203,0xb2...1906,https://bscscan.com/tx/0x6691a21170191b9d59d4bd80ef5cc4a36dc74432e8c8fdc5030230cdbf20a179
2023-03-31 16:08:13,False,3.374e-05,1.062e-08,5124366.0,0.5446,0x6b...9f5d,https://bscscan.com/tx/0xbfdd897dc7cf38a1b7fff7944d28a7fe39996308456361f3967ef8767f79e4bf
2023-03-31 16:08:13,False,3.374e-05,1.062e-08,13859.7,0.0014,0x6b...9f5d,https://bscscan.com/tx/0xbfdd897dc7cf38a1b7fff7944d28a7fe39996308456361f3967ef8767f79e4bf
2023-03-31 16:08:10,False,3.391e-05,1.062e-08,5117832.0,0.544,0x6b...9f5d,https://bscscan.com/tx/0x7db38339be7aba403a444caec0c3f061ee8de790fb20f0b9fafbee6a4ceb949d
2023-03-31 16:08:10,False,3.391e-05,1.063e-08,13591.6,0.0014,0x6b...9f5d,https://bscscan.com/tx/0x7db38339be7aba403a444caec0c3f061ee8de790fb20f0b9fafbee6a4ceb949d
2023-03-31 16:08:07,False,3.392e-05,1.063e-08,5018842.0,0.5335,0x6b...9f5d,https://bscscan.com/tx/0x161e022aa32658c716e7c7246498b32721103351c53b70a26439e0eb0acb8eac
2023-03-31 16:08:07,False,3.392e-05,1.063e-08,13756.8,0.0014,0x6b...9f5d,https://bscscan.com/tx/0x161e022aa32658c716e7c7246498b32721103351c53b70a26439e0eb0acb8eac
2023-03-31 16:08:01,False,3.392e-05,1.063e-08,5079841.0,0.5401,0x6b...9f5d,https://bscscan.com/tx/0x1a805eac03809f0951632a2a0c02293b101b091c9fedd7ad7de1fff7c8d064a8
2023-03-31 16:08:01,False,3.392e-05,1.063e-08,15730.6,0.0016,0x6b...9f5d,https://bscscan.com/tx/0x1a805eac03809f0951632a2a0c02293b101b091c9fedd7ad7de1fff7c8d064a8
2023-03-31 16:07:46,False,3.376e-05,1.063e-08,5025535.0,0.5343,0x6b...9f5d,https://bscscan.com/tx/0x65c40ca1ff2c047bc5cea54c04031c2128b6b366b07a2355c6d076770376b8fe
2023-03-31 16:07:46,False,3.376e-05,1.063e-08,13875.2,0.0014,0x6b...9f5d,https://bscscan.com/tx/0x65c40ca1ff2c047bc5cea54c04031c2128b6b366b07a2355c6d076770376b8fe
2023-03-31 16:07:40,False,3.393e-05,1.063e-08,5123530.0,0.5448,0x6b...9f5d,https://bscscan.com/tx/0x51466e4584ab384914a500c1ed62134a7eeda70c80df88c5b53a0c979b93916e
2023-03-31 16:07:40,False,3.393e-05,1.063e-08,13965.0,0.0014,0x6b...9f5d,https://bscscan.com/tx/0x51466e4584ab384914a500c1ed62134a7eeda70c80df88c5b53a0c979b93916e
2023-03-31 16:07:37,False,3.393e-05,1.063e-08,5156709.0,0.5484,0x6b...9f5d,https://bscscan.com/tx/0xd89f10c8a4a851c7c4569790e7a9b5be45c345593ffe04b854f400aee3161674
2023-03-31 16:07:34,False,3.394e-05,1.063e-08,9486675.0,1.00919,0x00...8311,https://bscscan.com/tx/0xfb186f36025757258dbef8843baf521bdb56d0db7563877b21572a3a5a3cb2f2
2023-03-31 16:07:34,False,3.394e-05,1.063e-08,6373611.0,0.6781,0x00...d7d6,https://bscscan.com/tx/0x8e2d4a0b1062d44f20d577ee34c286cd9bb349c1ac2a28bfaf6b534f53fca7fc
2023-03-31 16:07:34,False,3.395e-05,1.064e-08,721001.0,0.0767,0x00...d7d6,https://bscscan.com/tx/0x8e2d4a0b1062d44f20d577ee34c286cd9bb349c1ac2a28bfaf6b534f53fca7fc
2023-03-31 16:07:34,True,3.402e-05,1.066e-08,234427581.0,25.0,0xaa...cea0,https://bscscan.com/tx/0x66d488892331739ce44921445f7cb37fd71d1ed8da265f4216af1aaffd05b798
2023-03-31 16:00:58,True,3.392e-05,1.063e-08,510000.0,0.0542,0x7d...5f6c,https://bscscan.com/tx/0x83b01cda335737622f2dc1348a640944861401aacf6eff93223ac07929a9704a
2023-03-31 15:59:55,True,3.39e-05,1.063e-08,27468749.0,2.92011,0x59...6542,https://bscscan.com/tx/0xd2fe6682c5af26f2ade860a0b3536118f30bbe3347bc92742b1d2762e8f3ed12
2023-03-31 15:59:10,False,3.354e-05,1.057e-08,4617299.0,0.4882,0x4b...0dec,https://bscscan.com/tx/0x8aeca41ecb6dc7be7e2d0e75b85cda23c037027285b6da872a08849ee310a4b5
2023-03-31 15:59:10,False,3.354e-05,1.057e-08,50323.9,0.0053,0x4b...0dec,https://bscscan.com/tx/0x8aeca41ecb6dc7be7e2d0e75b85cda23c037027285b6da872a08849ee310a4b5
2023-03-31 15:56:16,True,3.372e-05,1.062e-08,20813.2,0.0022,0xf7...238c,https://bscscan.com/tx/0x404cd8e3014b7dc677389a738a99b47f4866f73745d877a3012256a50fd4a3ee
2023-03-31 15:56:07,True,3.389e-05,1.062e-08,8851152.0,0.9406,0x54...833b,https://bscscan.com/tx/0x1efad7300d27cb06cf0d2bdd3b9196996277da7f9f342022fd7cfb65f49618fa
2023-03-31 15:54:58,False,3.374e-05,1.057e-08,9737208.0,1.02964,0x17...2019,https://bscscan.com/tx/0x3eb522b780af66bd0e1ce9227d9a25744c8fe4157f38721554c8928947106cc5
2023-03-31 15:54:58,False,3.374e-05,1.057e-08,2700.0,2.855e-05,0x17...2019,https://bscscan.com/tx/0x3eb522b780af66bd0e1ce9227d9a25744c8fe4157f38721554c8928947106cc5
2023-03-31 15:53:43,False,3.357e-05,1.057e-08,997000.0,0.1054,0xb7...91c0,https://bscscan.com/tx/0x08e3d782d676fada030d4ce4a39a6e31dd5ad2271134d0ca2eb44364e0966c77
2023-03-31 15:53:43,False,3.357e-05,1.057e-08,781424.0,0.0826,0xb7...91c0,https://bscscan.com/tx/0x08e3d782d676fada030d4ce4a39a6e31dd5ad2271134d0ca2eb44364e0966c77
2023-03-31 15:51:46,True,3.389e-05,1.062e-08,20151649.0,2.14141,0xea...e9b0,https://bscscan.com/tx/0xca4ff666abca35fcc0ba078c7995047f33e8d52c5289cc92d1561451c97b025f
2023-03-31 15:46:58,True,3.389e-05,1.062e-08,82000.0,0.0087,0xf1...39b6,https://bscscan.com/tx/0x1a1bb0317a3de3afb65d4265f2508ef53ba77d28875843086e1dc715a9f7c176
2023-03-31 15:45:34,True,3.388e-05,1.062e-08,14183158.0,1.50654,0x4c...1ce2,https://bscscan.com/tx/0xf9f67425416233d92b6cb0aff0e20ead2fe2677ad1249a81d01e92034dd5097b
2023-03-31 15:45:13,True,3.387e-05,1.061e-08,14187986.0,1.50654,0x4c...1ce2,https://bscscan.com/tx/0x8660bec4d079ecbd3fc04331c4c7686e56c84fc581364dd07f26d376ec6a1885
2023-03-31 15:44:37,True,3.385e-05,1.061e-08,26575481.0,2.82052,0x4c...1ce2,https://bscscan.com/tx/0x7f2da70699bb55c5aeb7e5618cfab945333a7e18250c3ff6ee5abf3bccc8cef3
2023-03-31 15:44:10,True,3.366e-05,1.06e-08,23637504.0,2.5072,0x4c...1ce2,https://bscscan.com/tx/0x4f39cd5d6267ad8096352928bbeff823c4f811e1088a8742dc0d48377185b83d
2023-03-31 15:43:55,True,3.365e-05,1.06e-08,299703.0,0.0317,0x2e...6760,https://bscscan.com/tx/0xfa55180b4088f0f2b2d5f49aae6cc3374c553b2c7dbf2ec529c62a874c317a90
2023-03-31 15:40:18,True,3.384e-05,1.06e-08,335035.0,0.0355,0x6b...e777,https://bscscan.com/tx/0x0630854c588a9c14343d8a3a77546f9a1d6f2597c08656e4a932835d83a4a5c8
2023-03-31 15:37:54,True,3.386e-05,1.06e-08,728031.0,0.0772,0x4b...3aac,https://bscscan.com/tx/0xeb496f0fb6bf9dba282a3139ff5dadbd741c988ee3007ecb7603c8459813c4cf
2023-03-31 15:37:48,True,3.383e-05,1.06e-08,11378408.0,1.20635,0xd5...c2fa,https://bscscan.com/tx/0xaf19fc6b0d5bc3b5a2bc23481e5d45b5b22f70352b493dd57038d3ecaee9545a
2023-03-31 15:37:27,True,3.364e-05,1.059e-08,34019590.0,3.60482,0xfe...5ad3,https://bscscan.com/tx/0x71307d902dd8ed56d61f79e68471cd4e715fc855024f19aebdb3f71d79ce67cb
2023-03-31 15:37:03,True,3.378e-05,1.058e-08,30084007.0,3.18534,0x20...946b,https://bscscan.com/tx/0x6ebd7165ba3b31d368519c6896b02d7a6ba39c74ae7a5ed8c3424e7a0501f010
2023-03-31 15:37:00,True,3.376e-05,1.058e-08,5103121.0,0.5401,0x6b...9f5d,https://bscscan.com/tx/0x35b8bce21e9b41876ecaceaa35bb08977a19f0c7ed6ab0540f582dd86d66be1f
2023-03-31 15:36:57,True,3.376e-05,1.058e-08,5118897.0,0.5417,0x6b...9f5d,https://bscscan.com/tx/0xeefc3f2251259618d4e7ebe6f2bacc1b6d708f71f149f62e6e4a2070e13ae818
2023-03-31 15:36:12,True,3.358e-05,1.058e-08,6426644.0,0.68,0x14...9d80,https://bscscan.com/tx/0x0534b036349696cec49a570d612f97561466a70d950a1e8233178c78e371711a
2023-03-31 15:35:00,True,3.369e-05,1.057e-08,59343380.0,6.27415,0x7c...6cb0,https://bscscan.com/tx/0xf63c2940f733129e845bc19df5fe2d98d2500989c4f12e24e3166b28eba38b5d
2023-03-31 15:34:48,True,3.361e-05,1.056e-08,23669476.0,2.5,0xa8...8a78,https://bscscan.com/tx/0xe83f5ffb7f7bbb099561356170af2ef870f495dfe8770ff7190add65b6d85e6e
2023-03-31 15:33:27,False,3.339e-05,1.05e-08,2731078.0,0.2869,0x48...1824,https://bscscan.com/tx/0xf65e90b324f537ab4b3a1e7a7244c439ee8bebf6671a32d1d98d84a11596c8db
2023-03-31 15:33:27,False,3.339e-05,1.05e-08,10239.0,0.001,0x48...1824,https://bscscan.com/tx/0xf65e90b324f537ab4b3a1e7a7244c439ee8bebf6671a32d1d98d84a11596c8db
2023-03-31 15:33:12,True,3.356e-05,1.055e-08,3705233.0,0.3912,0xb0...dec6,https://bscscan.com/tx/0xc7b9aa5018cb081b8058161c84b2de153b124eff109f56a86c1e833a02f14837
2023-03-31 15:32:18,False,3.338e-05,1.05e-08,86732.2,0.0091,0xc5...0ecb,https://bscscan.com/tx/0x8957b7eae96b1dda6d01194f7e37da9d7b4ce99b8b50bb56a302f3335680375d
2023-03-31 15:32:18,False,3.338e-05,1.05e-08,13770.0,0.0014,0xc5...0ecb,https://bscscan.com/tx/0x8957b7eae96b1dda6d01194f7e37da9d7b4ce99b8b50bb56a302f3335680375d
2023-03-31 15:30:06,True,3.354e-05,1.055e-08,100000.0,0.0105,0x61...d72d,https://bscscan.com/tx/0xdb8c2671922dc1b994db4603bf45eafb47cdb1c9c6e4c71fb66e179987be165d
2023-03-31 15:29:54,False,3.32e-05,1.05e-08,4985000.0,0.5237,0x62...4471,https://bscscan.com/tx/0x5a08fdfd1cc6ffb1391cd14e5b3d620fc476991e097c63118f1353dc3ec19e82
2023-03-31 15:29:54,False,3.32e-05,1.05e-08,29301.5,0.003,0x62...4471,https://bscscan.com/tx/0x5a08fdfd1cc6ffb1391cd14e5b3d620fc476991e097c63118f1353dc3ec19e82
2023-03-31 15:29:54,True,3.337e-05,1.056e-08,852269.0,0.09,0x5b...83e6,https://bscscan.com/tx/0x232d06a3208da7b379a4987e6db0a637c42a6bcb1dc43363660cbf5376520560
2023-03-31 15:29:03,False,3.338e-05,1.05e-08,9970142.0,1.04771,0xfc...d80c,https://bscscan.com/tx/0x8de7d0df9a043e8d9343219fb9b2b6056a7aca446cd6eca028b2fcdf0ec5f682
2023-03-31 15:29:03,False,3.338e-05,1.05e-08,188314.0,0.0197,0xfc...d80c,https://bscscan.com/tx/0x8de7d0df9a043e8d9343219fb9b2b6056a7aca446cd6eca028b2fcdf0ec5f682
2023-03-31 15:28:54,False,3.341e-05,1.051e-08,69536853.0,7.31423,0x52...2bb1,https://bscscan.com/tx/0xdd7fabe8d86f882c9a16e62a07d06320cf310e6b90915b65450b1e1cdf9b6c89
2023-03-31 15:28:54,False,3.344e-05,1.052e-08,13068.8,0.0013,0x52...2bb1,https://bscscan.com/tx/0xdd7fabe8d86f882c9a16e62a07d06320cf310e6b90915b65450b1e1cdf9b6c89
2023-03-31 15:28:51,False,3.327e-05,1.052e-08,4825793.0,0.508,0x55...ce90,https://bscscan.com/tx/0xc120a13762ec9aa7aa4a5cec388dc63c24494ff19ecf8c4c1386606121949e79
2023-03-31 15:28:51,False,3.328e-05,1.052e-08,18900.0,0.0019,0x55...ce90,https://bscscan.com/tx/0xc120a13762ec9aa7aa4a5cec388dc63c24494ff19ecf8c4c1386606121949e79
2023-03-31 15:27:48,False,3.345e-05,1.052e-08,6979000.0,0.7348,0x4d...1124,https://bscscan.com/tx/0x1562ca0f52706f425d4a21401c5692bc3767a7294e9914b84f2da8469bfd4ba5
2023-03-31 15:27:48,False,3.345e-05,1.053e-08,15548.5,0.0016,0x4d...1124,https://bscscan.com/tx/0x1562ca0f52706f425d4a21401c5692bc3767a7294e9914b84f2da8469bfd4ba5
2023-03-31 15:27:24,True,3.345e-05,1.058e-08,260298.0,0.0275,0xdd...fc1c,https://bscscan.com/tx/0x99be7caa91f2697366bcf794cf45191fc2a12fc36c7077c4cf8c08b48e33bbbc
2023-03-31 15:24:06,False,3.343e-05,1.053e-08,3505346.0,0.3691,0xe0...c4cc,https://bscscan.com/tx/0x667dd2be3a1b4e6aff57138d34e87e9307e142f820fd29689f702b5a6c9e92ac
2023-03-31 15:24:06,False,3.344e-05,1.053e-08,17955.5,0.0018,0xe0...c4cc,https://bscscan.com/tx/0x667dd2be3a1b4e6aff57138d34e87e9307e142f820fd29689f702b5a6c9e92ac
2023-03-31 15:23:51,True,3.36e-05,1.058e-08,1039330.0,0.11,0xb0...982b,https://bscscan.com/tx/0x1589ca0ac7b6ddd6c45ea68259a7b24fd6dc70e23264f7069f1779d238178996
2023-03-31 15:21:51,True,3.359e-05,1.058e-08,427809.0,0.0452,0x35...2cc8,https://bscscan.com/tx/0x09c78e80be792b43b1cb69ecdfe5e48f6a48cba76d9b9852aeffde80dbb1d1d5
2023-03-31 15:20:27,False,3.326e-05,1.053e-08,4135364.0,0.4355,0xd4...c16b,https://bscscan.com/tx/0xb53168cd927aed56c24ef89c23894711a69104a0e2b57b15e3401ed0cd3c87de
2023-03-31 15:20:27,False,3.326e-05,1.053e-08,151421.0,0.0159,0xd4...c16b,https://bscscan.com/tx/0xb53168cd927aed56c24ef89c23894711a69104a0e2b57b15e3401ed0cd3c87de
2023-03-31 15:19:24,True,3.344e-05,1.058e-08,94477.1,0.01,0xeb...3340,https://bscscan.com/tx/0xdc82bc41b0b8a37086f94f606cab5ae4290d816e851860cab0da93485b5985c3
2023-03-31 15:18:18,True,3.36e-05,1.058e-08,13871239.0,1.46797,0x43...b681,https://bscscan.com/tx/0x18967f2faf1abb10401247370926265dd4fe7920c7dcfaa16235bf85fa6d6f3f
2023-03-31 15:17:36,True,3.341e-05,1.057e-08,41694556.0,4.40952,0xcf...89ae,https://bscscan.com/tx/0xaef1a783c657e77e73e3d22aec0317c6f2f089bf38ee9e3f49b9079632557693
2023-03-31 15:15:45,False,3.323e-05,1.051e-08,420244.0,0.0442,0x38...f5b4,https://bscscan.com/tx/0xdb50a358e5b6e94f3d381049db1f797fe2bec733c51b0f716d947573cb7e9391
2023-03-31 15:15:45,False,3.323e-05,1.051e-08,35149.0,0.0037,0x38...f5b4,https://bscscan.com/tx/0xdb50a358e5b6e94f3d381049db1f797fe2bec733c51b0f716d947573cb7e9391
2023-03-31 15:13:00,True,3.339e-05,1.057e-08,290000.0,0.0306,0x78...769b,https://bscscan.com/tx/0xfc34bacc127c85d68b340116a72f7d35990da0c8fa326978debd7db1afb56b53
2023-03-31 15:13:00,True,3.338e-05,1.056e-08,11897291.0,1.25743,0xb3...0f71,https://bscscan.com/tx/0x58683b48bb0067ccabed35593b6137b80b5774e2bbc6f1176d04c5ccb5779437
2023-03-31 15:12:21,False,3.337e-05,1.051e-08,828383.0,0.0871,0xdf...d67e,https://bscscan.com/tx/0xd964785d9c78a7000e12d15048a93fa663a7e600430cd75be289cfbdc560071a
2023-03-31 15:12:21,False,3.337e-05,1.051e-08,2254.62,2.37e-05,0xdf...d67e,https://bscscan.com/tx/0xd964785d9c78a7000e12d15048a93fa663a7e600430cd75be289cfbdc560071a
2023-03-31 15:09:39,True,3.337e-05,1.056e-08,218702.0,0.0231,0x4c...845e,https://bscscan.com/tx/0x4ec4a000f8b6f2c24234a5c4ca4b1e29a55c9e32e64ca41af06414105e839392
2023-03-31 15:09:33,False,3.321e-05,1.051e-08,614491.0,0.0646,0x53...10c7,https://bscscan.com/tx/0xaaf060295ad4deea463ecd87b81505211de3e237ec7b0e862b232db96310a3ab
2023-03-31 15:09:33,False,3.321e-05,1.051e-08,24533.3,0.0025,0x53...10c7,https://bscscan.com/tx/0xaaf060295ad4deea463ecd87b81505211de3e237ec7b0e862b232db96310a3ab
2023-03-31 15:04:51,True,3.338e-05,1.056e-08,1397111.0,0.1476,0x34...6a44,https://bscscan.com/tx/0x69770b377a2ff8bc73f2739cee8796d2ed0441076b43ba8fad7ef2a60ceaf950
2023-03-31 15:04:39,True,3.338e-05,1.056e-08,292462.0,0.0309,0x68...6e40,https://bscscan.com/tx/0x35d1106c1f6c3a3be3d163d3ecdf7d967582e2db9167524ffbb2add3def03e13
2023-03-31 15:03:12,True,3.354e-05,1.056e-08,178844.0,0.0189,0x16...d772,https://bscscan.com/tx/0xab6b1575eb8cb6a6e4218d20d3f192252f93875f0a51c064297ebdfad8440c7b
2023-03-31 14:59:42,True,3.338e-05,1.056e-08,326410.0,0.0344,0x97...4e03,https://bscscan.com/tx/0x2f7e95ccfe67db4ee86957246b2e3e97331ab692a32c129a872cb2f5e9415524
2023-03-31 14:57:09,True,3.354e-05,1.056e-08,1572075.0,0.1661,0x0e...c17d,https://bscscan.com/tx/0x2cfba82e6da77d87c602412c1df606569ac5aaa1379006b13f1cb610f2c8d027
2023-03-31 14:55:00,True,3.354e-05,1.056e-08,378543.0,0.04,0xc9...7a7c,https://bscscan.com/tx/0x66b78b51b9673bae063f7e864ad26c6b62abc5e68bcda4c782f77d6381f95d46
2023-03-31 14:54:54,True,3.354e-05,1.056e-08,800000.0,0.0845,0x91...17c0,https://bscscan.com/tx/0xdd3eb0cfb1b450db8d88551249dbcdcc26ec8fc18146369c13a0b12c3e900b1c
2023-03-31 14:51:45,True,3.355e-05,1.056e-08,1156336.0,0.1221,0x71...3b2f,https://bscscan.com/tx/0xcff8787d270c87aaaa8444b24444cc41e099bc6d8ee4b614063f61ed6de34cdf
2023-03-31 14:51:33,True,3.355e-05,1.056e-08,692143.0,0.0731,0x39...410a,https://bscscan.com/tx/0x9b366ca108dc9f687c642fba7f57c044f16c193757979b2ede56f8528f2e461e
2023-03-31 14:50:45,True,3.338e-05,1.056e-08,1022764.0,0.108,0x39...410a,https://bscscan.com/tx/0x51a82b30e1b658d82e9e2efb26719e28ef2d17e3656599495d90048831cf850c
2023-03-31 14:42:45,False,3.336e-05,1.051e-08,1247204.0,0.1311,0xff...cde8,https://bscscan.com/tx/0x63902b015ce37175dbc5f43a54c563a5ae3bdfb9819d4a18803c35d6e09b4348
2023-03-31 14:42:45,False,3.336e-05,1.051e-08,8100.0,8.515e-05,0xff...cde8,https://bscscan.com/tx/0x63902b015ce37175dbc5f43a54c563a5ae3bdfb9819d4a18803c35d6e09b4348
2023-03-31 14:41:57,False,3.336e-05,1.051e-08,2991000.0,0.3144,0x6c...95ad,https://bscscan.com/tx/0x08c9c46b33096146ac419ada491ad159c409548d40e5394e56b3c73ccc26394b
2023-03-31 14:41:57,False,3.336e-05,1.051e-08,131794.0,0.0138,0x6c...95ad,https://bscscan.com/tx/0x08c9c46b33096146ac419ada491ad159c409548d40e5394e56b3c73ccc26394b
2023-03-31 14:40:36,True,3.352e-05,1.056e-08,25299.7,0.0026,0x40...d0d3,https://bscscan.com/tx/0x277e9bbea3b7b47235a008cc493ddc9c132fa6e6c6c491c561045af3f244f8c2
2023-03-31 14:40:00,True,3.351e-05,1.056e-08,13250948.0,1.4,0x25...f5f1,https://bscscan.com/tx/0xa562baa747892d42b28090687393211d4517a6921757e1d1502867ad53f3d185
2023-03-31 14:39:33,True,3.351e-05,1.056e-08,189330.0,0.02,0x39...d291,https://bscscan.com/tx/0x72d7a768a3cc851cc3a41256881a67dd9fd8f3e62cee24a1be0617243f1d9f62
2023-03-31 14:37:15,True,3.333e-05,1.056e-08,1015788.0,0.1073,0x92...a288,https://bscscan.com/tx/0x84111ced9b1b3d0528440d31e4350eff4fc997b90f5fd63a4225e38beeb9a7c1
2023-03-31 14:36:39,True,3.35e-05,1.056e-08,104134.0,0.011,0x9e...5c4f,https://bscscan.com/tx/0x609d9d24c6a9633a828f31b5823a6306ebf62402a2a0fb69aefbde939c636649
2023-03-31 14:35:18,False,3.335e-05,1.051e-08,34124357.0,3.58811,0xae...0095,https://bscscan.com/tx/0x9b2397842cb95642b7ccba9cddf61b81c257b114d05596df29b1ba20311f02c7
2023-03-31 14:35:18,False,3.336e-05,1.051e-08,137977.0,0.0145,0xae...0095,https://bscscan.com/tx/0x9b2397842cb95642b7ccba9cddf61b81c257b114d05596df29b1ba20311f02c7
2023-03-31 14:31:39,False,3.319e-05,1.052e-08,43504022.0,4.57862,0xb0...33e6,https://bscscan.com/tx/0xebf3d8894a03af58923ed71d4d301c13ada1bf2a99bd0f47f67b397003319e95
2023-03-31 14:31:39,False,3.321e-05,1.053e-08,2700.0,2.843e-05,0xb0...33e6,https://bscscan.com/tx/0xebf3d8894a03af58923ed71d4d301c13ada1bf2a99bd0f47f67b397003319e95
2023-03-31 14:30:42,False,3.315e-05,1.053e-08,997000.0,0.1049,0x9d...57e1,https://bscscan.com/tx/0x84b05a6017c4e4e1022a02c4b3b9f8628734c47cfcc81e91e168a448b8b98f7c
2023-03-31 14:30:42,False,3.316e-05,1.053e-08,21861.2,0.0023,0x9d...57e1,https://bscscan.com/tx/0x84b05a6017c4e4e1022a02c4b3b9f8628734c47cfcc81e91e168a448b8b98f7c
2023-03-31 14:30:24,True,3.349e-05,1.058e-08,2826282.0,0.2991,0xde...622b,https://bscscan.com/tx/0x3ca8d4176f56122366fea84fb0675c3ff6f0ae3ef073384f2dc7b8c9351987af
2023-03-31 14:30:06,True,3.332e-05,1.058e-08,589870.0,0.0624,0x46...a215,https://bscscan.com/tx/0x58f4891af29f6cfb25f425d500db851036511aedbd112c82250b90bf2ff83171
2023-03-31 14:29:06,True,3.332e-05,1.058e-08,200000.0,0.0211,0x8f...cfdd,https://bscscan.com/tx/0xf80ff0e5396858b81fe6974a4a08f8bbff049471c67ffd2efe16568880955a06
2023-03-31 14:26:33,False,3.315e-05,1.052e-08,4467145.0,0.4703,0xc9...666b,https://bscscan.com/tx/0xf886ed81807ff65aebd02e3a12d50e2629b63ba8d4357fe9dc1590387f21de69
2023-03-31 14:26:33,False,3.316e-05,1.053e-08,12316.4,0.0013,0xc9...666b,https://bscscan.com/tx/0xf886ed81807ff65aebd02e3a12d50e2629b63ba8d4357fe9dc1590387f21de69
2023-03-31 14:25:20,True,3.33e-05,1.058e-08,4431062.0,0.4689,0xd4...6a36,https://bscscan.com/tx/0x203b947a4d3e51f56db69775fbeae25b5dfc2b9272a93c30de4c215db31912e1
2023-03-31 14:23:01,True,3.35e-05,1.058e-08,99425.9,0.0105,0xc8...52b9,https://bscscan.com/tx/0xcfe83e838c509c5e286f497dfc5379213a45610768712a02a3aadf5c979e2a4a
2023-03-31 14:21:04,False,3.333e-05,1.052e-08,31030.5,0.0032,0x5a...31ba,https://bscscan.com/tx/0x52b3bd50981d4aea3b3e86c3dfaedb9f97d4183bb0198dada383af9f49ba182a
2023-03-31 14:21:04,False,3.333e-05,1.052e-08,49448.5,0.0052,0x5a...31ba,https://bscscan.com/tx/0x52b3bd50981d4aea3b3e86c3dfaedb9f97d4183bb0198dada383af9f49ba182a
2023-03-31 14:20:01,True,3.349e-05,1.058e-08,6935243.0,0.7338,0x52...85c4,https://bscscan.com/tx/0x4eac4e863d1ecb870f62c2edadfdccc84294923b8d9052473c7612a6572975b6
2023-03-31 14:19:04,True,3.333e-05,1.058e-08,143620.0,0.0152,0x3f...ae5e,https://bscscan.com/tx/0x8ddb4a065f81ebaf89fa9baacd690397484ea06c870536476689e1c94279c3c1
2023-03-31 14:18:25,False,3.335e-05,1.052e-08,9970115.0,1.04974,0x8e...2a27,https://bscscan.com/tx/0x46bfaad2e4fd7d86f13d780f975ff925c1e0c04f7761207e634726a298633b5f
2023-03-31 14:18:25,False,3.336e-05,1.053e-08,22476.5,0.0023,0x8e...2a27,https://bscscan.com/tx/0x46bfaad2e4fd7d86f13d780f975ff925c1e0c04f7761207e634726a298633b5f
2023-03-31 14:16:04,True,3.352e-05,1.058e-08,3609429.0,0.3819,0x2f...225d,https://bscscan.com/tx/0x9ca919536502024ecd6d2cf92b671c4300df5274668f62517b4434da3cc7bd8a
2023-03-31 14:15:25,True,3.352e-05,1.058e-08,650000.0,0.0687,0xbf...678d,https://bscscan.com/tx/0x4206e216b4f6e8fc0f3e5552c978037fec1e6ac28b1d385af564ed6606e7abf6
2023-03-31 14:15:04,True,3.335e-05,1.058e-08,1502592.0,0.159,0x55...cce7,https://bscscan.com/tx/0x09fdeabc19b30c877a1fdc3cfa9003dcdd5a09ee26dda97cf79b146a81fe91d8
2023-03-31 14:14:34,False,3.32e-05,1.052e-08,2554936.0,0.269,0xc9...35ff,https://bscscan.com/tx/0x3163e70c9e074092e78133b5d689b99c2992ae2bce939d9df98c8f195b27dfc8
2023-03-31 14:14:34,False,3.32e-05,1.052e-08,21600.0,0.0022,0xc9...35ff,https://bscscan.com/tx/0x3163e70c9e074092e78133b5d689b99c2992ae2bce939d9df98c8f195b27dfc8
2023-03-31 14:10:44,False,3.34e-05,1.053e-08,7976000.0,0.8399,0xd1...4edc,https://bscscan.com/tx/0x4ac428ff06ce65f0024d333af496480c1c163df26dbc16f8600c9ec1275efd0b
2023-03-31 14:10:44,False,3.341e-05,1.053e-08,4450.7,4.687e-05,0xd1...4edc,https://bscscan.com/tx/0x4ac428ff06ce65f0024d333af496480c1c163df26dbc16f8600c9ec1275efd0b
2023-03-31 14:10:38,False,3.341e-05,1.053e-08,1643464.0,0.173,0xa1...6c3e,https://bscscan.com/tx/0x98576a09930036c3f2bdb8be4228ca555abc4dbfaa17e06410fffc435628eb53
2023-03-31 14:10:38,False,3.341e-05,1.053e-08,32103.4,0.0033,0xa1...6c3e,https://bscscan.com/tx/0x98576a09930036c3f2bdb8be4228ca555abc4dbfaa17e06410fffc435628eb53
2023-03-31 14:09:20,True,3.339e-05,1.058e-08,944778.0,0.1,0x39...20fd,https://bscscan.com/tx/0x18bd6262c621b9eff57c2ae4ebdf9c07e2bc63a8aa76e9c5699cf6153b11340b
2023-03-31 14:08:50,True,3.355e-05,1.058e-08,750500.0,0.0794,0x3b...af7a,https://bscscan.com/tx/0xfbc9331f0931994eb72eeb58f6f244b0d2678bbc550a90c9e5e14145048bc471
2023-03-31 14:08:35,True,3.355e-05,1.058e-08,1530730.0,0.162,0x71...c59e,https://bscscan.com/tx/0xb09a0f574627f03782ffafd2f99c084ac9cb4276f63591ef9ff468300a509b3d
2023-03-31 14:06:47,True,3.355e-05,1.058e-08,1039337.0,0.11,0x39...20fd,https://bscscan.com/tx/0xb43255cad99d32313e8c5ea07ca8aa0e2e8f67c81265b345c50a4ef8c30af8ac
2023-03-31 14:04:56,False,3.338e-05,1.053e-08,7601926.0,0.8006,0xdb...5205,https://bscscan.com/tx/0x22f1a8d254e4c67c28efeb869a1ec04888fbb95872b9fa22b42df0fc649f71db
2023-03-31 14:04:56,False,3.339e-05,1.053e-08,113887.0,0.012,0xdb...5205,https://bscscan.com/tx/0x22f1a8d254e4c67c28efeb869a1ec04888fbb95872b9fa22b42df0fc649f71db
2023-03-31 14:03:44,True,3.355e-05,1.058e-08,70000.0,0.0074,0x1b...6728,https://bscscan.com/tx/0x2656c31b80a74b3af71b316fb7d3962ec252cce18e8eee23261b48810b7f8cfd
2023-03-31 14:03:17,True,3.355e-05,1.058e-08,1508335.0,0.1596,0xec...264a,https://bscscan.com/tx/0xa5f19bac543cd98be2a42abccbcc495a9fb9351248631dee87ce5b665874b327
2023-03-31 14:03:02,False,3.34e-05,1.053e-08,40480243.0,4.26554,0xd6...4ef7,https://bscscan.com/tx/0x72a4ebd7fbda46441385c3c5a7290487a4cca993702a3e1fd8636213b5b0ad80
2023-03-31 14:03:02,False,3.341e-05,1.054e-08,25533.0,0.0026,0xd6...4ef7,https://bscscan.com/tx/0x72a4ebd7fbda46441385c3c5a7290487a4cca993702a3e1fd8636213b5b0ad80
2023-03-31 14:02:59,False,3.342e-05,1.054e-08,9428307.0,0.994,0x11...cb63,https://bscscan.com/tx/0x305cad27056254d754cae576c201399188c2cdb273e55ad409f3be96adf932e2
2023-03-31 14:02:59,False,3.342e-05,1.054e-08,23375.8,0.0024,0x11...cb63,https://bscscan.com/tx/0x305cad27056254d754cae576c201399188c2cdb273e55ad409f3be96adf932e2
2023-03-31 14:02:41,True,3.359e-05,1.059e-08,1014276.0,0.1074,0x1b...6728,https://bscscan.com/tx/0xe51ed5e79cb6719b351c90c6d9023d7ac55b959c1306ffd5416e5c2d8e88db7d
2023-03-31 13:56:16,True,3.343e-05,1.059e-08,6143425.0,0.651,0xdd...ab4e,https://bscscan.com/tx/0xb33a12009130e11388888ea4e71f4f6caaacaa675b41b771bcf3f42f784c7577
2023-03-31 13:52:55,False,3.326e-05,1.054e-08,1495500.0,0.1576,0xf5...bec8,https://bscscan.com/tx/0xbbed680642db31dd9aa5028fd37c5cb2ef6742ae91452c91f5c955e5933ae529
2023-03-31 13:52:55,False,3.326e-05,1.054e-08,16964.4,0.0017,0xf5...bec8,https://bscscan.com/tx/0xbbed680642db31dd9aa5028fd37c5cb2ef6742ae91452c91f5c955e5933ae529
2023-03-31 13:52:52,True,3.359e-05,1.059e-08,1089046.0,0.1154,0xee...b2ba,https://bscscan.com/tx/0x17fc5cffd1a984f192c5da1b2123d672cf6913f1d06f0f28c843ebddcd9f00c9
2023-03-31 13:52:28,True,3.342e-05,1.059e-08,4494069.0,0.4761,0xc9...666b,https://bscscan.com/tx/0x6d3fd7d2b67374673f20e5ce2c21577936924312bf951d37ba96a4a428be852a
2023-03-31 13:49:52,False,3.342e-05,1.054e-08,697900.0,0.0735,0xa9...dc27,https://bscscan.com/tx/0xf5987412f329deb21687bb6b220c2077455507edc057841d8c51f3cbb5a73145
2023-03-31 13:49:52,False,3.342e-05,1.054e-08,4903.44,5.169e-05,0xa9...dc27,https://bscscan.com/tx/0xf5987412f329deb21687bb6b220c2077455507edc057841d8c51f3cbb5a73145
2023-03-31 13:48:49,True,3.343e-05,1.059e-08,59603.3,0.0063,0xf9...7a86,https://bscscan.com/tx/0x1a0b43ce6b5c9cfec2b88a20d994b1774f9f58d0025f0a0400b4f8572ddcfac6
2023-03-31 13:39:40,True,3.343e-05,1.059e-08,377537.0,0.04,0x37...8225,https://bscscan.com/tx/0x8f0ee694e3688e86ad054094985fd341f7bcbf6ddc2f05a50ce58fb7aa21dcd4
2023-03-31 13:38:07,False,3.343e-05,1.054e-08,484015.0,0.051,0x6a...1513,https://bscscan.com/tx/0x34b34919ad00eda6c5e1c18672f209dede58c854a5e6b30a069f4f478f90ed70
2023-03-31 13:38:07,False,3.343e-05,1.054e-08,37760.0,0.0039,0x6a...1513,https://bscscan.com/tx/0x34b34919ad00eda6c5e1c18672f209dede58c854a5e6b30a069f4f478f90ed70
2023-03-31 13:37:28,True,3.359e-05,1.059e-08,4719438.0,0.5,0x5a...4a31,https://bscscan.com/tx/0x1c51e986b1f0677d494181040e7be644951acf9825e19aeabb70dd8e04629790
2023-03-31 13:37:28,True,3.359e-05,1.059e-08,311502.0,0.033,0x13...b6e3,https://bscscan.com/tx/0x9da0073b17514776b94fa9fbdb590e0a6a1eaaf92a26a5214420b0b89d17bd3c
2023-03-31 13:37:04,False,3.326e-05,1.054e-08,8927386.0,0.9411,0x01...69e6,https://bscscan.com/tx/0x4ed9aee610f78d85d2069165e39fafb8cc248b727d70a261ae056e3a62165bd5
2023-03-31 13:37:04,False,3.327e-05,1.054e-08,4521.08,4.766e-05,0x01...69e6,https://bscscan.com/tx/0x4ed9aee610f78d85d2069165e39fafb8cc248b727d70a261ae056e3a62165bd5
2023-03-31 13:35:22,True,3.36e-05,1.059e-08,1488072.0,0.1576,0x05...4c87,https://bscscan.com/tx/0x500a3965de0b91e393b9aeca873fb9473f0eaa5354dbf319927e60a847817d3b
2023-03-31 13:34:28,False,3.326e-05,1.054e-08,185844.0,0.0195,0x0e...ee53,https://bscscan.com/tx/0xbe404669f2946c44ebc30f989c8ab4dd0615127f5796bd3b04665bc7ebf0939d
2023-03-31 13:34:28,False,3.326e-05,1.054e-08,51255.5,0.0054,0x0e...ee53,https://bscscan.com/tx/0xbe404669f2946c44ebc30f989c8ab4dd0615127f5796bd3b04665bc7ebf0939d
2023-03-31 13:34:01,True,3.343e-05,1.059e-08,3663683.0,0.3881,0x26...27db,https://bscscan.com/tx/0x382589c9ab450ff5b84322ccfd6bba530a5a77ef9b07a6773a73c884c21a5da0
2023-03-31 13:32:19,True,3.343e-05,1.059e-08,3188850.0,0.3378,0x5c...5e0f,https://bscscan.com/tx/0x3d29179661df0a74834bdbf7d8a66208a3fcf20a743774420ea956c2b09ff877
2023-03-31 13:30:46,True,3.343e-05,1.059e-08,338817.0,0.0358,0xae...8050,https://bscscan.com/tx/0x12405dcbad58765d0402159a0a93da8338fb9c67c9a9e64d252c1eaecb0f05d4
2023-03-31 13:25:58,True,3.361e-05,1.059e-08,10413488.0,1.10306,0x36...6b9d,https://bscscan.com/tx/0x979d67c9ee208bf1b29907f0043875221c8473f210250b4df2a9bc3ff8eece09
2023-03-31 13:25:55,True,3.36e-05,1.059e-08,436239.0,0.0462,0x1c...a848,https://bscscan.com/tx/0xb8cd1b4ffa957d1efe7a6f23637a609f546c97708e529443df2029d4dffb5aa6
2023-03-31 13:23:25,False,3.343e-05,1.053e-08,939617.0,0.099,0x5c...c525,https://bscscan.com/tx/0xf0efb48de1bca49bd87812944cdc86d8d13e5ca59cde6d8f6f7a19de7f8d88e9
2023-03-31 13:23:25,False,3.343e-05,1.053e-08,5648.08,5.952e-05,0x5c...c525,https://bscscan.com/tx/0xf0efb48de1bca49bd87812944cdc86d8d13e5ca59cde6d8f6f7a19de7f8d88e9
2023-03-31 13:22:07,False,3.327e-05,1.053e-08,2085607.0,0.2198,0x37...b076,https://bscscan.com/tx/0xdad2a4767b9769d69d91f3eaa7e94ccf16b4c61613e326b9c067f72986a00681
2023-03-31 13:22:07,False,3.327e-05,1.053e-08,3699.0,3.898e-05,0x37...b076,https://bscscan.com/tx/0xdad2a4767b9769d69d91f3eaa7e94ccf16b4c61613e326b9c067f72986a00681
2023-03-31 13:18:19,False,3.343e-05,1.053e-08,1365890.0,0.1439,0x62...7106,https://bscscan.com/tx/0x38b772e98f95ffe393b62544e793e8ae3057bf4e1f063e51c7e20f980d56db5f
2023-03-31 13:18:19,False,3.343e-05,1.053e-08,4412.03,4.65e-05,0x62...7106,https://bscscan.com/tx/0x38b772e98f95ffe393b62544e793e8ae3057bf4e1f063e51c7e20f980d56db5f
2023-03-31 13:18:16,True,3.36e-05,1.059e-08,584084.0,0.0618,0x38...5c33,https://bscscan.com/tx/0x40dc23f47f3a34dee6ae21b2ab9d24855d3c392843ceec8f93223add709c59eb
2023-03-31 13:18:10,False,3.343e-05,1.053e-08,1046850.0,0.1103,0x32...4c5c,https://bscscan.com/tx/0x9f82c77debb4989112f36da7ae1b7ff9d87017f99535c77a8c19400b776840a3
2023-03-31 13:18:10,False,3.343e-05,1.053e-08,173494.0,0.0182,0x32...4c5c,https://bscscan.com/tx/0x9f82c77debb4989112f36da7ae1b7ff9d87017f99535c77a8c19400b776840a3
2023-03-31 13:17:31,True,3.359e-05,1.058e-08,32511200.0,3.44239,0x30...5c55,https://bscscan.com/tx/0x4b1f54f28ebc10ca2ba31e6b7450e9b9c201c543f95e97a470245f428e8a459f
2023-03-31 13:16:55,True,3.341e-05,1.058e-08,10000.0,0.001,0x22...f9f2,https://bscscan.com/tx/0x202e8701f91653c55b6dc969bf6fddc41c7e538ee9e2edd7b1c31233e38c74ed
2023-03-31 13:16:49,True,3.339e-05,1.058e-08,31190217.0,3.3,0x8c...a007,https://bscscan.com/tx/0xdbbbb85d630be6783971756a3e4a11c6b30989bb638499df8da8056855520042
2023-03-31 13:16:46,False,3.321e-05,1.052e-08,543988.0,0.0572,0xae...e2c9,https://bscscan.com/tx/0x7f7b9656cea2dc0247e03075030d2328ce5262be929382c30c8fd0fe219eb15e
2023-03-31 13:16:46,False,3.321e-05,1.052e-08,1964.25,2.067e-05,0xae...e2c9,https://bscscan.com/tx/0x7f7b9656cea2dc0247e03075030d2328ce5262be929382c30c8fd0fe219eb15e
2023-03-31 13:15:34,False,3.337e-05,1.052e-08,725318.0,0.0763,0xae...e2c9,https://bscscan.com/tx/0x9ba6a734e5d6c4282add4b4a7d8c6245337e0f026d6f0cecdf85d265fc7692f0
2023-03-31 13:15:34,False,3.338e-05,1.052e-08,3267.72,3.438e-05,0xae...e2c9,https://bscscan.com/tx/0x9ba6a734e5d6c4282add4b4a7d8c6245337e0f026d6f0cecdf85d265fc7692f0
2023-03-31 13:10:05,False,3.337e-05,1.052e-08,1206637.0,0.1269,0x2d...08a0,https://bscscan.com/tx/0x2be0ef6da48baafb1dc97efdbe9c05388cfbc518033eda916e87475d754c3273
2023-03-31 13:10:05,False,3.337e-05,1.052e-08,13989.3,0.0014,0x2d...08a0,https://bscscan.com/tx/0x2be0ef6da48baafb1dc97efdbe9c05388cfbc518033eda916e87475d754c3273
2023-03-31 13:08:32,False,3.338e-05,1.052e-08,5165671.0,0.5436,0x6b...9f5d,https://bscscan.com/tx/0x06fcf1f8f9b9154d3ca97221589e18ddde16d40c8e84f69bf184b6606765c737
2023-03-31 13:08:32,False,3.339e-05,1.052e-08,13837.9,0.0014,0x6b...9f5d,https://bscscan.com/tx/0x06fcf1f8f9b9154d3ca97221589e18ddde16d40c8e84f69bf184b6606765c737
2023-03-31 13:08:23,False,3.339e-05,1.052e-08,5109757.0,0.5378,0x6b...9f5d,https://bscscan.com/tx/0xed833918b27c365acef5ccf8300cab5d66a2a7a907e57db09756da60cfc447f6
2023-03-31 13:08:23,False,3.339e-05,1.052e-08,7078.59,7.451e-05,0x6b...9f5d,https://bscscan.com/tx/0xed833918b27c365acef5ccf8300cab5d66a2a7a907e57db09756da60cfc447f6
2023-03-31 13:08:20,True,3.356e-05,1.057e-08,300000.0,0.0317,0xf6...0179,https://bscscan.com/tx/0x67e7a79506e66e8bc334c99ce57cdbe88493bf8a74f0cbaf6c248f8d53b8c19d
2023-03-31 13:07:23,False,3.339e-05,1.052e-08,2314735.0,0.2436,0xdc...c6dd,https://bscscan.com/tx/0xf6b28ae372a51b9b62442e8d0e3d5cb47f9d3e1add900f5ccd9ef81d95cddded
2023-03-31 13:07:23,False,3.339e-05,1.052e-08,556063.0,0.0585,0xdc...c6dd,https://bscscan.com/tx/0xf6b28ae372a51b9b62442e8d0e3d5cb47f9d3e1add900f5ccd9ef81d95cddded
2023-03-31 13:07:05,False,3.348e-05,1.055e-08,205331400.0,21.6691,0xc4...01d6,https://bscscan.com/tx/0xb3c76f393ef8c2b706fad29cf0a757513b73264ff97b4287143368fab3c284d4
2023-03-31 13:07:05,False,3.357e-05,1.058e-08,25299967.0,2.67734,0xa7...f9c5,https://bscscan.com/tx/0xa4dd84c20931c76548f211c3b895dc7842e49cbe981b4b85ac4fe537c35acaab
2023-03-31 13:07:05,False,3.358e-05,1.058e-08,7792769.0,0.8249,0x00...8c8a,https://bscscan.com/tx/0x4c70aaba8256502137d7ee2237d69c43e360b6983dbef6f3559dc6fd616cd8e2
2023-03-31 13:07:05,False,3.359e-05,1.058e-08,64823.3,0.0068,0x00...8c8a,https://bscscan.com/tx/0x4c70aaba8256502137d7ee2237d69c43e360b6983dbef6f3559dc6fd616cd8e2
2023-03-31 13:07:05,False,3.36e-05,1.059e-08,23936607.0,2.53503,0x4e...bc10,https://bscscan.com/tx/0xa70d27c6c6eb3bf9240a9fb503a99a239c09933fb2c8b4be4c2af6aaf195fd53
2023-03-31 13:07:05,False,3.361e-05,1.059e-08,71155.3,0.0075,0x4e...bc10,https://bscscan.com/tx/0xa70d27c6c6eb3bf9240a9fb503a99a239c09933fb2c8b4be4c2af6aaf195fd53
2023-03-31 13:07:05,False,3.362e-05,1.059e-08,26274761.0,2.78433,0xea...d9a1,https://bscscan.com/tx/0x357f19239a97a6a589b6b42de1b01a77e053ac87e3697fbdc593faa0b2949be7
2023-03-31 13:07:05,False,3.363e-05,1.06e-08,2869145.0,0.3041,0xea...d9a1,https://bscscan.com/tx/0x357f19239a97a6a589b6b42de1b01a77e053ac87e3697fbdc593faa0b2949be7
2023-03-31 13:07:05,True,3.348e-05,1.055e-08,789926400.0,83.3687,0x18...f265,https://bscscan.com/tx/0x4351fad5da0ec497f39ee5dc7d663e5f48eef820fa8eb5c54562421b41f694b8
2023-03-31 13:07:05,True,3.308e-05,1.042e-08,206568955.0,21.5435,0xd7...9f4a,https://bscscan.com/tx/0xb8e99a27c266b629d2e336aa6221f748c2338769ce107587a8ecc663200e8173
2023-03-31 13:03:20,True,3.301e-05,1.04e-08,50000.0,0.0052,0xc4...2c04,https://bscscan.com/tx/0xe04e5885808a6b5fc7115e47cde6064b6f2d4b276b5e557c89954594f11c024a
2023-03-31 13:02:56,False,3.286e-05,1.035e-08,39548896.0,4.09591,0xc3...99cd,https://bscscan.com/tx/0x8be73766b1500e2ed9394acc876839ee7222bcdf091fcd88320c25d2bc79330c
2023-03-31 13:02:56,False,3.287e-05,1.036e-08,2160.0,2.238e-05,0xc3...99cd,https://bscscan.com/tx/0x8be73766b1500e2ed9394acc876839ee7222bcdf091fcd88320c25d2bc79330c
2023-03-31 13:02:20,False,3.287e-05,1.036e-08,797600.0,0.0826,0x50...5a8a,https://bscscan.com/tx/0x2aa8a08fd1b93154264d6107a8ae14999755385701a01875a2b24299c344da15
2023-03-31 13:02:20,False,3.288e-05,1.036e-08,7557.35,7.83e-05,0x50...5a8a,https://bscscan.com/tx/0x2aa8a08fd1b93154264d6107a8ae14999755385701a01875a2b24299c344da15
2023-03-31 13:02:11,True,3.304e-05,1.041e-08,508019.0,0.0529,0x28...fe38,https://bscscan.com/tx/0x62fff95057f91a503471e1f037933b9f25607c3a727c202fbd3a2470c3c82dfe
2023-03-31 13:01:08,False,3.287e-05,1.036e-08,2284127.0,0.2366,0x47...f06b,https://bscscan.com/tx/0x2188bd20d6152884ef4b464b0ed80795e25af7a74102059fcad0a94c3f08cbb8
2023-03-31 13:01:08,False,3.287e-05,1.036e-08,166143.0,0.0172,0x47...f06b,https://bscscan.com/tx/0x2188bd20d6152884ef4b464b0ed80795e25af7a74102059fcad0a94c3f08cbb8
2023-03-31 12:55:47,True,3.286e-05,1.041e-08,208988.0,0.0217,0x1a...225d,https://bscscan.com/tx/0x62e6271a3844a86f27941d13872787e67f5ae7b17f92fc5c1338954ba6ee234a
2023-03-31 12:55:29,True,3.301e-05,1.04e-08,45528890.0,4.73883,0x7c...6cb0,https://bscscan.com/tx/0x5f12896f6e4b73b6188956b950f1331dc6bfc499d03f4052e5e5bdc2076643ba
2023-03-31 12:51:35,True,3.282e-05,1.04e-08,120221.0,0.0125,0x0e...5009,https://bscscan.com/tx/0x05a05693c9287cdf517255f10da5affeb17d21e6b1c081cd13a2b2411300287c
2023-03-31 12:49:29,False,3.282e-05,1.035e-08,481602.0,0.0498,0x54...2b70,https://bscscan.com/tx/0x26543d16bfd3a857fb87fe013fab24e37ebc5b35f516488f470f972029f1a994
2023-03-31 12:49:29,False,3.282e-05,1.035e-08,28121.3,0.0029,0x54...2b70,https://bscscan.com/tx/0x26543d16bfd3a857fb87fe013fab24e37ebc5b35f516488f470f972029f1a994
2023-03-31 12:48:26,True,3.298e-05,1.04e-08,92083.8,0.0095,0x15...4042,https://bscscan.com/tx/0x82c80387a7bb18fa0f0ada5108a22a36b32cd4a20bdd187177ccafa1ef1d7452
2023-03-31 12:46:29,True,3.28e-05,1.04e-08,8497496.0,0.8838,0x34...cea4,https://bscscan.com/tx/0xd5e44535e0124017626cfe7adeca5e2b90f76ba131bcbc6d8ae535b2d3c87891
2023-03-31 12:43:23,True,3.282e-05,1.04e-08,1508180.0,0.1568,0x20...caf3,https://bscscan.com/tx/0x9afb1fe186b2737b1c5a3675d3451cab0c1c4b38a42f4f4e023cd87176beb841
2023-03-31 12:43:23,False,3.265e-05,1.034e-08,316572.0,0.0327,0x5f...7153,https://bscscan.com/tx/0x2aade777805b157d366ba60aae5eca4279cda5ab715b913451c8f69187610be4
2023-03-31 12:43:23,False,3.265e-05,1.034e-08,750.541,7.766e-06,0x5f...7153,https://bscscan.com/tx/0x2aade777805b157d366ba60aae5eca4279cda5ab715b913451c8f69187610be4
2023-03-31 12:41:14,False,3.282e-05,1.034e-08,277144.0,0.0286,0x4d...b060,https://bscscan.com/tx/0xd273133926a004a0ead897e28e1dd265b4a9bede3f36b8980323c248a7373a62
2023-03-31 12:41:14,False,3.282e-05,1.034e-08,18163.6,0.0018,0x4d...b060,https://bscscan.com/tx/0xd273133926a004a0ead897e28e1dd265b4a9bede3f36b8980323c248a7373a62
2023-03-31 12:36:31,True,3.297e-05,1.04e-08,75000.0,0.0078,0x0f...b54e,https://bscscan.com/tx/0x581d05c9b98684e840ffbb99d09a1a76e8ffd1b79a2be56bbfaa83de5364828e
2023-03-31 12:35:19,False,3.281e-05,1.034e-08,6632310.0,0.6864,0x94...2eeb,https://bscscan.com/tx/0xc676f014af9336aaecb7c4efa40697f8f8c98566dc21d213b839394184f79932
2023-03-31 12:35:19,False,3.281e-05,1.035e-08,95921.2,0.0099,0x94...2eeb,https://bscscan.com/tx/0xc676f014af9336aaecb7c4efa40697f8f8c98566dc21d213b839394184f79932
2023-03-31 12:32:37,True,3.296e-05,1.04e-08,150000.0,0.0156,0xae...fa80,https://bscscan.com/tx/0xb1a7c7de65a7219c1d9109c6a88a3fa9453aec22816f428425f972eafed5e396
2023-03-31 12:32:04,True,3.279e-05,1.04e-08,288403.0,0.03,0x30...4dcf,https://bscscan.com/tx/0xe8f6116d2106aff1f2a6caba89c508466e6d137d6947ee59a1ad933e9e050eaa
2023-03-31 12:29:43,False,3.263e-05,1.035e-08,34895000.0,3.61317,0x37...08a2,https://bscscan.com/tx/0x3fbf44075ce4d073be5300bba1807fd8a51dbe25ed7678859ec5e3b96acec030
2023-03-31 12:29:43,False,3.264e-05,1.035e-08,380.136,3.937e-06,0x37...08a2,https://bscscan.com/tx/0x3fbf44075ce4d073be5300bba1807fd8a51dbe25ed7678859ec5e3b96acec030
2023-03-31 12:28:49,False,3.282e-05,1.035e-08,140369.0,0.0145,0x29...0115,https://bscscan.com/tx/0xa24e6f81b328159134809ebb8d5f01c5519ab109bb9e95a482dd86df8f0adba7
2023-03-31 12:28:49,False,3.282e-05,1.035e-08,1240.52,1.285e-05,0x29...0115,https://bscscan.com/tx/0xa24e6f81b328159134809ebb8d5f01c5519ab109bb9e95a482dd86df8f0adba7
2023-03-31 12:27:34,False,3.281e-05,1.035e-08,458072.0,0.0474,0xfe...3068,https://bscscan.com/tx/0x95da18fa8dd895dfc62d6d6ecd7e1fdda2f7e73dea3d5e65554c15c381e023b9
2023-03-31 12:27:34,False,3.281e-05,1.035e-08,1201.93,1.245e-05,0xfe...3068,https://bscscan.com/tx/0x95da18fa8dd895dfc62d6d6ecd7e1fdda2f7e73dea3d5e65554c15c381e023b9
2023-03-31 12:25:40,False,3.28e-05,1.035e-08,443825.0,0.0459,0xa8...d48b,https://bscscan.com/tx/0x76b6fccafe4b4836bd5bbb7ffd1e1f350bc0211819a6c566be5a78fc94b7f684
2023-03-31 12:25:40,False,3.28e-05,1.035e-08,47564.8,0.0049,0xa8...d48b,https://bscscan.com/tx/0x76b6fccafe4b4836bd5bbb7ffd1e1f350bc0211819a6c566be5a78fc94b7f684
2023-03-31 12:23:58,False,3.281e-05,1.036e-08,17563750.0,1.8198,0x42...07ad,https://bscscan.com/tx/0x85ab4a4e5d17517b1395e173ebe7cecd4a015aecf376e4b689cb7330c7305c45
2023-03-31 12:23:58,False,3.282e-05,1.036e-08,43215.7,0.0044,0x42...07ad,https://bscscan.com/tx/0x85ab4a4e5d17517b1395e173ebe7cecd4a015aecf376e4b689cb7330c7305c45
2023-03-31 12:23:01,True,3.298e-05,1.041e-08,28803.8,0.003,0x1e...d3a5,https://bscscan.com/tx/0x2e3b5462988b155ae760b76c32441355a23116bf60b796a3ab6dd056f122b528
2023-03-31 12:22:07,True,3.282e-05,1.041e-08,289000.0,0.0301,0x37...cf2e,https://bscscan.com/tx/0xdd43f6f77feb0d01ebcbbb1f448af5bfc13e05b65139de5cff117ead928bbbd0
2023-03-31 12:20:55,True,3.281e-05,1.041e-08,1073988.0,0.1118,0xf7...82c6,https://bscscan.com/tx/0xbf1aa4eb8f9b888556f936b542194a3ec718c476a5a4577c74ffb85c5b95e5d5
2023-03-31 12:20:37,False,3.282e-05,1.036e-08,14456364.0,1.49836,0xbf...0f1f,https://bscscan.com/tx/0x20a72607f949ceecbb0e41d63e1c1082ed63c0b1671d210750e547c0892e2e32
2023-03-31 12:20:37,False,3.282e-05,1.036e-08,2704.12,2.803e-05,0xbf...0f1f,https://bscscan.com/tx/0x20a72607f949ceecbb0e41d63e1c1082ed63c0b1671d210750e547c0892e2e32
2023-03-31 12:19:10,True,3.3e-05,1.041e-08,300000.0,0.0312,0x30...912b,https://bscscan.com/tx/0xa538bd3c3f8785d559f09fa9b30e302ddf1b2cba5aaa8047c611b97c20dba1a0
2023-03-31 12:18:25,True,3.284e-05,1.041e-08,161906.0,0.0168,0xa6...743c,https://bscscan.com/tx/0xecf8e2ccda1c8082732456cd1f58eab8fc6726976dd68da4451cb6f5b7289f08
2023-03-31 12:17:07,False,3.284e-05,1.036e-08,538002.0,0.0557,0x8c...6146,https://bscscan.com/tx/0xdcac35c0ea65e77e84dba7670573a249619e292c65397bb30c04f9bf2da17461
2023-03-31 12:17:07,False,3.284e-05,1.036e-08,101.678,1.054e-06,0x8c...6146,https://bscscan.com/tx/0xdcac35c0ea65e77e84dba7670573a249619e292c65397bb30c04f9bf2da17461
2023-03-31 12:15:28,False,3.267e-05,1.036e-08,37545.6,0.0038,0x45...37ee,https://bscscan.com/tx/0x76c921678c6cb69ac37bb4d03a7589329ba5becee83afba23d1bfbb63a5c8445
2023-03-31 12:15:28,False,3.267e-05,1.036e-08,14444.3,0.0015,0x45...37ee,https://bscscan.com/tx/0x76c921678c6cb69ac37bb4d03a7589329ba5becee83afba23d1bfbb63a5c8445
2023-03-31 12:12:31,False,3.267e-05,1.036e-08,5333685.0,0.5529,0x87...b270,https://bscscan.com/tx/0xe3a5a98d3463dfdf2285ede0ea3fb9bbf21fc8d2fe5b9001699f727b7cb73d82
2023-03-31 12:12:31,False,3.268e-05,1.036e-08,6077.77,6.301e-05,0x87...b270,https://bscscan.com/tx/0xe3a5a98d3463dfdf2285ede0ea3fb9bbf21fc8d2fe5b9001699f727b7cb73d82
2023-03-31 12:09:55,True,3.3e-05,1.041e-08,2020067.0,0.2104,0x92...453e,https://bscscan.com/tx/0x66d5ac67aaf94dcc020d56610c8c63ac19b4f747fa7e69afa46a3d9ab67514d2
2023-03-31 12:07:43,False,3.283e-05,1.036e-08,230265.0,0.0238,0x12...af70,https://bscscan.com/tx/0xef1ab711c1d370ba328acb06ed1637a05b2184539a663454c4428d71f82eb097
2023-03-31 12:07:43,False,3.283e-05,1.036e-08,42202.2,0.0043,0x12...af70,https://bscscan.com/tx/0xef1ab711c1d370ba328acb06ed1637a05b2184539a663454c4428d71f82eb097
2023-03-31 12:06:22,True,3.299e-05,1.041e-08,1727733.0,0.18,0xd5...c75f,https://bscscan.com/tx/0xcc7ad5cd92c4bf739ba27b9040f3c52826bf3ea2b65bb1d20b93ad422a964ab3
2023-03-31 12:04:22,False,3.266e-05,1.036e-08,13861005.0,1.4372,0x3d...4dd5,https://bscscan.com/tx/0x7f76589c79ecf1ef352a8357c241c04dbb3dced4381525b65bb798357d80b248
2023-03-31 12:04:22,False,3.266e-05,1.037e-08,22599.1,0.0023,0x3d...4dd5,https://bscscan.com/tx/0x7f76589c79ecf1ef352a8357c241c04dbb3dced4381525b65bb798357d80b248
2023-03-31 12:01:32,False,3.266e-05,1.037e-08,8344922.0,0.8654,0x58...11d2,https://bscscan.com/tx/0xfd958c89c371cdf94419203cd232df21cb0a25dbfa9cf2cfe192f3b72a98a025
2023-03-31 12:01:32,False,3.266e-05,1.037e-08,258.228,2.678e-06,0x58...11d2,https://bscscan.com/tx/0xfd958c89c371cdf94419203cd232df21cb0a25dbfa9cf2cfe192f3b72a98a025
2023-03-31 11:59:13,False,3.281e-05,1.037e-08,95353.1,0.0098,0xf3...3fbb,https://bscscan.com/tx/0xddad7d254f897641007ad942a63444f47176d3e8653b0f7bc2e022ce7c50c850
2023-03-31 11:59:13,False,3.281e-05,1.037e-08,19393.4,0.002,0xf3...3fbb,https://bscscan.com/tx/0xddad7d254f897641007ad942a63444f47176d3e8653b0f7bc2e022ce7c50c850
2023-03-31 11:58:40,True,3.297e-05,1.042e-08,95927.8,0.01,0xf3...3fbb,https://bscscan.com/tx/0x0dc4ce1f786bc57b5d7cf4857514b2693656667ea1f5d68d1efc736481449e1b
2023-03-31 11:58:07,True,3.281e-05,1.042e-08,3030000.0,0.3158,0xbe...1239,https://bscscan.com/tx/0xb7aebd250d3c397f44db7021d973ff74acc5deb40154e3ea8711c0178e48c837
2023-03-31 11:54:25,True,3.297e-05,1.042e-08,1500000.0,0.1563,0x89...68cf,https://bscscan.com/tx/0xa7b8ddfb1de0a0427f803bc2e865e3e830acfa6373e551bc70cdfde98cde0d50
2023-03-31 11:54:13,True,3.297e-05,1.042e-08,1208839.0,0.126,0x84...2e34,https://bscscan.com/tx/0x2fc74a5ef93d685ac552156fc4171abe0d3362d1a2f85559de29cdd47766fb75
2023-03-31 11:52:19,True,3.296e-05,1.042e-08,1113744.0,0.116,0xc9...b131,https://bscscan.com/tx/0xde4d5d38e1beaa9704260b84a0da1be8c46df72e70c874b8ca963748953127de
2023-03-31 11:49:16,False,3.278e-05,1.037e-08,233523.0,0.0242,0xfd...a2b4,https://bscscan.com/tx/0x9aa9ffb9d492d68492c7f55762114a82b1d05248ec8620f72d97a456df13167a
2023-03-31 11:49:16,False,3.278e-05,1.037e-08,8730.48,9.054e-05,0xfd...a2b4,https://bscscan.com/tx/0x9aa9ffb9d492d68492c7f55762114a82b1d05248ec8620f72d97a456df13167a
2023-03-31 11:48:31,False,3.261e-05,1.037e-08,3223809.0,0.3343,0xdb...e7f2,https://bscscan.com/tx/0x5a09e983de27741e1afe8bbf9b182f4238d4f82d10d58c1a5691c43668434278
2023-03-31 11:48:31,False,3.261e-05,1.037e-08,270.0,2.8e-06,0xdb...e7f2,https://bscscan.com/tx/0x5a09e983de27741e1afe8bbf9b182f4238d4f82d10d58c1a5691c43668434278
2023-03-31 11:48:07,False,3.278e-05,1.037e-08,99700.0,0.0103,0x71...a030,https://bscscan.com/tx/0x00e3a91f60845e724cd093bddabe58548bfa58992bff7d1d60289a2b27a3656c
2023-03-31 11:48:07,False,3.278e-05,1.037e-08,533.218,5.53e-06,0x71...a030,https://bscscan.com/tx/0x00e3a91f60845e724cd093bddabe58548bfa58992bff7d1d60289a2b27a3656c
2023-03-31 11:48:07,False,3.278e-05,1.037e-08,196896.0,0.0204,0xf3...3fbb,https://bscscan.com/tx/0x999e9eb997d5cff8304d9957dc1d358f9e9c99f993a834335b2e7bfc14ebedb0
2023-03-31 11:48:07,False,3.278e-05,1.037e-08,7893.56,8.186e-05,0xf3...3fbb,https://bscscan.com/tx/0x999e9eb997d5cff8304d9957dc1d358f9e9c99f993a834335b2e7bfc14ebedb0
2023-03-31 11:48:07,True,3.294e-05,1.042e-08,287806.0,0.03,0x2b...869f,https://bscscan.com/tx/0xcacefbf4e557590c954b5f00ac77ce8bdadef0621d399b4e9bfeca3205fb6805
2023-03-31 11:46:28,False,3.277e-05,1.037e-08,2627827.0,0.2725,0x46...ba3f,https://bscscan.com/tx/0xf55d8fab401c92d5f527ff8a716c2dc719c12e88e76b21a52c3705f7fca14754
2023-03-31 11:46:22,False,3.277e-05,1.037e-08,8122839.0,0.8426,0xd4...cc47,https://bscscan.com/tx/0xea1b5387572697bf0a2976cb3a2854cab392ff05518e77108f6a33a2376d5e45
2023-03-31 11:46:22,False,3.278e-05,1.037e-08,712296.0,0.0739,0xd4...cc47,https://bscscan.com/tx/0xea1b5387572697bf0a2976cb3a2854cab392ff05518e77108f6a33a2376d5e45
2023-03-31 11:46:19,True,3.294e-05,1.042e-08,300000.0,0.0312,0x32...5887,https://bscscan.com/tx/0xc1f023243a72ffc9e065b47ae50e3b8ac274c16aaeb059fe32b7b8f3e62f46b0
2023-03-31 11:45:37,True,3.275e-05,1.042e-08,48769288.0,5.08194,0x5e...e21d,https://bscscan.com/tx/0xbec882c4633735ecd946429d61e8bc5211c3f6445e1ce9c0d6c419846c770e03
2023-03-31 11:45:22,True,3.272e-05,1.041e-08,172839.0,0.018,0x66...9f84,https://bscscan.com/tx/0x202c44b646645fbf6e4e6b7c6b3ce80cdbd330fab5d3cffe4ca31b8a74a19af4
2023-03-31 11:43:37,True,3.298e-05,1.041e-08,314629.0,0.0327,0x32...338c,https://bscscan.com/tx/0x949d35f58b40c5ce549c2d159436bad448cf62d61dbb61881e988cd17778d0d6
2023-03-31 11:41:43,True,3.282e-05,1.041e-08,100000.0,0.0104,0x3f...89b2,https://bscscan.com/tx/0x2d23f8fb898e9dbfae10ec7e8dd295a1e708c8bad972c4b53150c5dc20161c45
2023-03-31 11:40:46,True,3.273e-05,1.038e-08,210817175.0,21.9,0x77...b45d,https://bscscan.com/tx/0x24f967cc3277b108e767867a56c793e3f6e965423bda36e4574fb670b5d7add4
2023-03-31 11:40:04,False,3.267e-05,1.031e-08,3329334.0,0.3432,0xcb...345c,https://bscscan.com/tx/0xb44aa54f7cb322dcbb77150f67b4ddd445fb1c91626a1eaaa5e9bf399b4ebfb6
2023-03-31 11:40:04,False,3.267e-05,1.031e-08,31104.4,0.0032,0xcb...345c,https://bscscan.com/tx/0xb44aa54f7cb322dcbb77150f67b4ddd445fb1c91626a1eaaa5e9bf399b4ebfb6
2023-03-31 11:36:19,True,3.281e-05,1.036e-08,9956602.0,1.03169,0x17...2019,https://bscscan.com/tx/0x2752e2102685a57f026b63a2201b716c9cf95aa7de314e1ca9432be43b842a18
2023-03-31 11:31:34,True,3.263e-05,1.036e-08,482600.0,0.05,0xbf...c28d,https://bscscan.com/tx/0x3ec77c1a3331092898b431a17cc490e72503935e537ffdf1b308c37c0a2ce446
2023-03-31 11:31:16,True,3.263e-05,1.036e-08,332032.0,0.0344,0x6b...e430,https://bscscan.com/tx/0x4e7f4dfd027b5fdea81fce83eb82101597c379e650a5b22c152766490685f432
2023-03-31 11:29:55,True,3.262e-05,1.036e-08,270241.0,0.028,0x14...19de,https://bscscan.com/tx/0xe919cb258815e55c2372194209c5067bad51ae132466e4904510e08b07bb0036
2023-03-31 11:29:55,False,3.246e-05,1.03e-08,477241.0,0.0492,0xbf...c28d,https://bscscan.com/tx/0x696286c8e362e601481f1ca63775bf8fe9797e304ea7176a8586bbc70ba55b27
2023-03-31 11:29:55,False,3.246e-05,1.03e-08,1849.47,1.906e-05,0xbf...c28d,https://bscscan.com/tx/0x696286c8e362e601481f1ca63775bf8fe9797e304ea7176a8586bbc70ba55b27
2023-03-31 11:23:49,True,3.279e-05,1.036e-08,184989.0,0.0191,0xf3...3fbb,https://bscscan.com/tx/0x398110e4d8dd3d771544789b59f380a438f953a011b90c41e30a90bc134e0503
2023-03-31 11:21:22,False,3.246e-05,1.03e-08,498500.0,0.0513,0xfa...12c0,https://bscscan.com/tx/0x186a420ccb1080d36c8a5f779692463fb57a2cffbc0c8091711c6653670f77cb
2023-03-31 11:21:22,False,3.246e-05,1.03e-08,625140.0,0.0644,0xfa...12c0,https://bscscan.com/tx/0x186a420ccb1080d36c8a5f779692463fb57a2cffbc0c8091711c6653670f77cb
2023-03-31 11:19:28,True,3.279e-05,1.036e-08,341044.0,0.0353,0x46...a215,https://bscscan.com/tx/0x0030d881c448770ff40fa8fc2aed934045da43a4a6ee3e7d1b98c200c087f205
2023-03-31 11:19:01,True,3.279e-05,1.036e-08,1067301.0,0.1105,0xd9...09bb,https://bscscan.com/tx/0x602bf2a5f18e9826a022f4c500ac638576e89c0676fc020e19bde77770ad898d
2023-03-31 11:16:31,False,3.254e-05,1.033e-08,218846522.0,22.6186,0x3a...cf69,https://bscscan.com/tx/0xd8618110d906b1bb07b9ffd0342dae694babc331574708f207f335d80286553c
2023-03-31 11:16:31,False,3.263e-05,1.036e-08,130601.0,0.0135,0x3a...cf69,https://bscscan.com/tx/0xd8618110d906b1bb07b9ffd0342dae694babc331574708f207f335d80286553c
2023-03-31 11:16:01,True,3.296e-05,1.041e-08,480118.0,0.05,0xbf...c28d,https://bscscan.com/tx/0x75b8e34d1cc949651b3485b80306d4c81ad6cf7732aac861b50baedf8863a4cf
2023-03-31 11:15:19,True,3.279e-05,1.041e-08,1483.84,1.545e-05,0xf3...3fbb,https://bscscan.com/tx/0x52a97df776a320cbf6388ce39d571ab5b67bcce319362317dfe488f0133f95a4
2023-03-31 11:08:22,True,3.278e-05,1.041e-08,414044.0,0.0431,0xcf...5525,https://bscscan.com/tx/0x8469df4932544367f697ba717e5e35eb246564afe9f1c7bb7a0db7358eb24ab5
2023-03-31 11:07:01,True,3.294e-05,1.041e-08,1576035.0,0.1641,0xeb...d7cf,https://bscscan.com/tx/0xfc946143932f569ff5bbb37494b81a8e4a3bb0efa93a134342ebcef984a8f2e1
2023-03-31 11:03:49,True,3.275e-05,1.04e-08,30362214.0,3.16065,0xc4...01ac,https://bscscan.com/tx/0xde360d96187569192d085b2149a34d50acbd9183ceef5053f5aaf2e8a7aec3dd
2023-03-31 11:03:22,False,3.274e-05,1.035e-08,13235412.0,1.37062,0x80...8712,https://bscscan.com/tx/0x9846518de0cea4776f6e14cfa261e2f86ce3aa6b7c8e5251b770dee3c2d93017
2023-03-31 11:03:22,False,3.274e-05,1.035e-08,7533.62,7.802e-05,0x80...8712,https://bscscan.com/tx/0x9846518de0cea4776f6e14cfa261e2f86ce3aa6b7c8e5251b770dee3c2d93017
2023-03-31 11:03:07,True,3.274e-05,1.04e-08,307438.0,0.032,0xe3...3117,https://bscscan.com/tx/0xa301ea444628866c917559b0b598e471a4dacd3850e93f8491577c02a7c4eff3
2023-03-31 11:01:16,False,3.274e-05,1.035e-08,2475345.0,0.2563,0xd6...9c89,https://bscscan.com/tx/0x5627c7900c7fd939448cabb72967e839356ef46ee6d27192071acfd8d1944e2d
2023-03-31 11:01:16,False,3.274e-05,1.035e-08,3108.96,3.22e-05,0xd6...9c89,https://bscscan.com/tx/0x5627c7900c7fd939448cabb72967e839356ef46ee6d27192071acfd8d1944e2d
2023-03-31 11:00:34,False,3.257e-05,1.035e-08,1148013.0,0.1189,0x0d...e98b,https://bscscan.com/tx/0x9f27714b575e0593031e67cd4fb89fb0aa7747be745e51c06818c60247b60127
2023-03-31 11:00:34,False,3.257e-05,1.035e-08,10796.8,0.0011,0x0d...e98b,https://bscscan.com/tx/0x9f27714b575e0593031e67cd4fb89fb0aa7747be745e51c06818c60247b60127
2023-03-31 10:59:49,True,3.273e-05,1.04e-08,3039499.0,0.3164,0xd5...c75f,https://bscscan.com/tx/0xc32b27d892796f07527566e957dfa0dba9780dfc8341ddf8ae31c59e82006345
2023-03-31 10:59:07,False,3.256e-05,1.035e-08,956455.0,0.099,0x8f...884b,https://bscscan.com/tx/0x26ab0e5fef9ace1d78c6fc36fc8537d1f922e1a2ce47c9c36883670a9f9e3d47
2023-03-31 10:59:07,False,3.256e-05,1.035e-08,716.253,7.418e-06,0x8f...884b,https://bscscan.com/tx/0x26ab0e5fef9ace1d78c6fc36fc8537d1f922e1a2ce47c9c36883670a9f9e3d47
2023-03-31 10:57:58,True,3.272e-05,1.04e-08,115278.0,0.012,0x26...2daa,https://bscscan.com/tx/0xd79b9fc6731fcd6cfa3fa84ea0c65621573f059b6be3aea7ead5cfa5517a0e36
2023-03-31 10:52:01,False,3.272e-05,1.035e-08,149551.0,0.0154,0xa8...8a78,https://bscscan.com/tx/0x87ac6553e0de83e670b637804fe6df5fe3b830e0ad2df83d8c99be1fad987105
2023-03-31 10:52:01,False,3.272e-05,1.035e-08,34531.7,0.0035,0xa8...8a78,https://bscscan.com/tx/0x87ac6553e0de83e670b637804fe6df5fe3b830e0ad2df83d8c99be1fad987105
2023-03-31 10:50:31,True,3.288e-05,1.04e-08,933738.0,0.0972,0xf0...1c3b,https://bscscan.com/tx/0x5a3548b1ae4e21e6e11982ddfb348a7dd78d126e958f5b54d323c24aefac834a
2023-03-31 10:49:19,True,3.288e-05,1.04e-08,9122759.0,0.9495,0x18...2ec3,https://bscscan.com/tx/0x90be504187d114c37e887c7a661cc71ad5205cd3cfcdde684fd94c7706169ae8
2023-03-31 10:48:31,False,3.27e-05,1.035e-08,2724834.0,0.2821,0xab...c54f,https://bscscan.com/tx/0x9fe146809874dfb2161403662f5ebaee548da49defb07723a5c1a5e58cb2089d
2023-03-31 10:48:31,False,3.27e-05,1.035e-08,13706.4,0.0014,0xab...c54f,https://bscscan.com/tx/0x9fe146809874dfb2161403662f5ebaee548da49defb07723a5c1a5e58cb2089d
2023-03-31 10:47:46,False,3.254e-05,1.035e-08,5061227.0,0.5241,0xb3...d6f5,https://bscscan.com/tx/0x26b50de796b7ec656f888eeb3a4af46c7a99cecb26001ee652712e55698126a5
2023-03-31 10:47:46,False,3.254e-05,1.035e-08,109918.0,0.0113,0xb3...d6f5,https://bscscan.com/tx/0x26b50de796b7ec656f888eeb3a4af46c7a99cecb26001ee652712e55698126a5
2023-03-31 10:47:34,True,3.269e-05,1.04e-08,32104843.0,3.34055,0x2d...b7de,https://bscscan.com/tx/0x0fbf0e116b08486db9c02d2a378b9e01c37170b3f8a8a1ff5aa777a8352d94f8
2023-03-31 10:47:28,True,3.284e-05,1.04e-08,9614.3,0.001,0xf3...3fbb,https://bscscan.com/tx/0x4f893663e1da3d7dc5c384a584a6e003a4aafd8fd9edea6aa5efcf5ca8d8bea3
2023-03-31 10:46:34,True,3.283e-05,1.04e-08,1995.0,2.075e-05,0xf3...3fbb,https://bscscan.com/tx/0xdcb6084f629cbb25cb534a1da5fb0eb771f27b2a52d916748d4027a90be2e856
2023-03-31 10:45:22,True,3.283e-05,1.04e-08,4558562.0,0.4741,0x5d...7671,https://bscscan.com/tx/0x49ae58c047ce5368d6072294ab2364408e8bd8b929ecd42d4939186fe72331dd
2023-03-31 10:44:31,True,3.282e-05,1.039e-08,480770.0,0.05,0xf6...057d,https://bscscan.com/tx/0x6acf8b5d411e924bce7e1af9a23fcc6996825937640c9acd49867fd2d2479ecf
2023-03-31 10:43:46,False,3.25e-05,1.034e-08,657721.0,0.068,0xd6...eeea,https://bscscan.com/tx/0x5d05ae7a46ba301ef4e7f1b98148bcebf1164a156c478a136903f375bf0ddebd
2023-03-31 10:43:46,False,3.25e-05,1.034e-08,2822.03,2.92e-05,0xd6...eeea,https://bscscan.com/tx/0x5d05ae7a46ba301ef4e7f1b98148bcebf1164a156c478a136903f375bf0ddebd
2023-03-31 10:43:46,True,3.266e-05,1.039e-08,1038465.0,0.108,0x20...5e8f,https://bscscan.com/tx/0x158050fe844b22740751080df74fb7c8aac7dffd5aa46e7cfbb860e369f95d9d
2023-03-31 10:43:43,False,3.266e-05,1.034e-08,6711.95,6.945e-05,0xf3...3fbb,https://bscscan.com/tx/0xa45e90d48f16f0bf0fbe08bc71230b9464093ebb92d2f27efcd7a7c1af2077db
2023-03-31 10:43:43,False,3.266e-05,1.034e-08,7.79006,8.061e-08,0xf3...3fbb,https://bscscan.com/tx/0xa45e90d48f16f0bf0fbe08bc71230b9464093ebb92d2f27efcd7a7c1af2077db
2023-03-31 10:43:10,False,3.266e-05,1.034e-08,2876.55,2.976e-05,0xf3...3fbb,https://bscscan.com/tx/0xd8178bc50678dc383f15e309c0ad9312c7cdf1acb6ee7eff7bd45fc9fdde8c95
2023-03-31 10:43:10,False,3.266e-05,1.034e-08,9013.79,9.327e-05,0xf3...3fbb,https://bscscan.com/tx/0xd8178bc50678dc383f15e309c0ad9312c7cdf1acb6ee7eff7bd45fc9fdde8c95
2023-03-31 10:41:10,False,3.264e-05,1.034e-08,3144065.0,0.3253,0x17...0449,https://bscscan.com/tx/0xd82dec7b75a40bb5e157d9b604e9eeff633e99e5dccc1d871bab488a655de33b
2023-03-31 10:41:10,False,3.264e-05,1.034e-08,40761.2,0.0042,0x17...0449,https://bscscan.com/tx/0xd82dec7b75a40bb5e157d9b604e9eeff633e99e5dccc1d871bab488a655de33b
2023-03-31 10:40:22,True,3.28e-05,1.039e-08,10096759.0,1.05,0x1a...d173,https://bscscan.com/tx/0xd25f9acf26c656840b83a8ed789ee04d9b39d6e8e7cbed4325bacfa9fb99fe0f
2023-03-31 10:37:55,False,3.245e-05,1.034e-08,4985000.0,0.5157,0xc0...167d,https://bscscan.com/tx/0x85365e805aeb44ee7667eb7423445bd8c1d6117a49c67837c1387c63a51fb9fd
2023-03-31 10:37:55,False,3.246e-05,1.034e-08,9921.89,0.001,0xc0...167d,https://bscscan.com/tx/0x85365e805aeb44ee7667eb7423445bd8c1d6117a49c67837c1387c63a51fb9fd
2023-03-31 10:34:16,False,3.261e-05,1.034e-08,3663751.0,0.3791,0x36...fa53,https://bscscan.com/tx/0x7265625d67447a3febacc008017f8a8803b4eabc7eb78c59ad74699cbcc3efe5
2023-03-31 10:34:16,False,3.261e-05,1.034e-08,18047.1,0.0018,0x36...fa53,https://bscscan.com/tx/0x7265625d67447a3febacc008017f8a8803b4eabc7eb78c59ad74699cbcc3efe5
2023-03-31 10:34:10,False,3.261e-05,1.034e-08,6664041.0,0.6896,0xf5...2d36,https://bscscan.com/tx/0x889419b517b63d75aa306d528d19301d1000d657c2473eb29e1a1ccfe17bb6e1
2023-03-31 10:34:10,False,3.262e-05,1.034e-08,1533.87,1.587e-05,0xf5...2d36,https://bscscan.com/tx/0x889419b517b63d75aa306d528d19301d1000d657c2473eb29e1a1ccfe17bb6e1
2023-03-31 10:33:13,False,3.262e-05,1.035e-08,566396.0,0.0586,0xfa...12c0,https://bscscan.com/tx/0xfd148118a8840d6303aff9635baf0d07adc0650c1ca7fdffb23ca95f609e3e5b
2023-03-31 10:33:13,False,3.262e-05,1.035e-08,390894.0,0.0404,0xfa...12c0,https://bscscan.com/tx/0xfd148118a8840d6303aff9635baf0d07adc0650c1ca7fdffb23ca95f609e3e5b
2023-03-31 10:33:01,True,3.272e-05,1.038e-08,144448584.0,15.0,0x8a...0720,https://bscscan.com/tx/0xc1487bc217c82ff7c256be74023c28a378b28ccb5a8f849eba97f14cb08e5365
2023-03-31 10:32:10,False,3.234e-05,1.031e-08,326112.0,0.0336,0x38...30cb,https://bscscan.com/tx/0x550bdcde70fcdd3a10cbbf6c6c8cde82ebc761fa8f11aec0601b7dfd295b2337
2023-03-31 10:32:10,False,3.234e-05,1.031e-08,139627.0,0.0144,0x38...30cb,https://bscscan.com/tx/0x550bdcde70fcdd3a10cbbf6c6c8cde82ebc761fa8f11aec0601b7dfd295b2337
2023-03-31 10:31:34,True,3.251e-05,1.036e-08,9646.29,0.001,0xf3...3fbb,https://bscscan.com/tx/0x17772215f118d6d81687079c5e2f2c1f0064848090420b7fe40713aa2a0570d6
2023-03-31 10:30:02,True,3.267e-05,1.036e-08,2127371.0,0.2205,0x4e...d1b0,https://bscscan.com/tx/0xc31f546a1abc89b0e278aae585f3d64bf0a46087fd999a3cfe1307e46eee56bf
2023-03-31 10:29:20,False,3.236e-05,1.032e-08,49217143.0,5.07941,0x68...bc42,https://bscscan.com/tx/0x44635d34148aab1879cc62c1d6f7314e79d5a63676f21fad2542a850879eaacf
2023-03-31 10:29:20,False,3.238e-05,1.032e-08,22354.7,0.0023,0x68...bc42,https://bscscan.com/tx/0x44635d34148aab1879cc62c1d6f7314e79d5a63676f21fad2542a850879eaacf
2023-03-31 10:29:11,False,3.238e-05,1.032e-08,8254680.0,0.8524,0x8f...2b27,https://bscscan.com/tx/0x968d8496f9447c4bc5cf6b94da4f90c6f9b29a0c4849a6b01df5bc7628ed0164
