datetime,buy_order,price_USD,price_native,amount_token,total_native,maker,etherscan_url
2023-03-28 22:03:04,False,3.342e-05,1.063e-08,10008530.0,1.06428,0x97...e988,https://bscscan.com/tx/0x4e7957705cfe8285aec6d4459433943ab73aa4fa5dc34cbf5a5f0a561edbf278
2023-03-28 22:03:04,False,3.343e-05,1.063e-08,159379.0,0.0169,0x97...e988,https://bscscan.com/tx/0x4e7957705cfe8285aec6d4459433943ab73aa4fa5dc34cbf5a5f0a561edbf278
2023-03-28 22:03:01,True,3.358e-05,1.068e-08,37436909.0,3.9996,0xb3...902c,https://bscscan.com/tx/0x72300afedf34b535338ebf8dd2dd8aaecbd868fa77cbe5628ad171a15cd88fd0
2023-03-28 22:02:41,True,3.356e-05,1.067e-08,5309269.0,0.5669,0x14...80be,https://bscscan.com/tx/0xe8b14ed36e9c956b7d382dc5eee1de1b2c946e318ab63c1388c4d09eaff0a1c7
2023-03-28 21:59:57,True,3.371e-05,1.067e-08,3559071.0,0.38,0xac...e64c,https://bscscan.com/tx/0xf5c39248cacbe61be7ea3afed4d34cd1602f1e1fcaa0aa54a389c9a090ebe3c9
2023-03-28 21:51:24,False,3.323e-05,1.062e-08,797600.0,0.0847,0xd2...206e,https://bscscan.com/tx/0x85572efb2173b9861a97c6aaccfc65994abed43920a3b390bb047f7cc14ba735
2023-03-28 21:51:24,False,3.323e-05,1.062e-08,15792.7,0.0016,0xd2...206e,https://bscscan.com/tx/0x85572efb2173b9861a97c6aaccfc65994abed43920a3b390bb047f7cc14ba735
2023-03-28 21:48:51,True,3.34e-05,1.067e-08,1447757.0,0.1545,0xeb...bb99,https://bscscan.com/tx/0x301ed25eb64dd197a6e2acfe662250d2293408b1a8d8329f42dfbfebe8d8b1fb
2023-03-28 21:45:24,True,3.356e-05,1.067e-08,2946810.0,0.3146,0x77...89c3,https://bscscan.com/tx/0x6ba8ece65bee575229e43855748e1ccff7b9a9a33569856ff0334624d5b42934
2023-03-28 21:45:00,False,3.339e-05,1.062e-08,1450209.0,0.154,0x95...105a,https://bscscan.com/tx/0x855aff60632f967aeeccde2ab29417d8bb4c7d772ba29046565f69f083ed6633
2023-03-28 21:45:00,False,3.339e-05,1.062e-08,97162.9,0.0103,0x95...105a,https://bscscan.com/tx/0x855aff60632f967aeeccde2ab29417d8bb4c7d772ba29046565f69f083ed6633
2023-03-28 21:45:00,True,3.356e-05,1.067e-08,26233.5,0.0028,0x26...7b02,https://bscscan.com/tx/0xe090307aeb640c047540a4ef53a234cb1f9cf0a240a804f9c51611fdc6f1d540
2023-03-28 21:42:30,True,3.355e-05,1.067e-08,31460028.0,3.35739,0xd6...64ac,https://bscscan.com/tx/0x123892ec03cf7095dbe43c0aa0b11c4274927fa07ad6684c9d136f3cf8273c67
2023-03-28 21:41:51,False,3.337e-05,1.061e-08,4486500.0,0.4762,0x8d...b28a,https://bscscan.com/tx/0x449b1a95d936c3fc2d9964718649f3ac08658e8985c3ddc932c35531348b12f9
2023-03-28 21:41:51,False,3.337e-05,1.061e-08,26546.0,0.0028,0x8d...b28a,https://bscscan.com/tx/0x449b1a95d936c3fc2d9964718649f3ac08658e8985c3ddc932c35531348b12f9
2023-03-28 21:41:42,True,3.337e-05,1.066e-08,9508208.0,1.01432,0x14...80be,https://bscscan.com/tx/0xe8df10dde1a5f17a8f8f2cf2716a519f1363f2965beee642b52b5abddc4f83f0
2023-03-28 21:38:27,False,3.318e-05,1.061e-08,322666.0,0.0342,0xdf...28c8,https://bscscan.com/tx/0xdfaa2993cefdd5acc0c177376960801c6af20616a2d80824d7a750a3cf86e02d
2023-03-28 21:38:27,False,3.318e-05,1.061e-08,783.049,8.31e-06,0xdf...28c8,https://bscscan.com/tx/0xdfaa2993cefdd5acc0c177376960801c6af20616a2d80824d7a750a3cf86e02d
2023-03-28 21:35:12,False,3.319e-05,1.061e-08,289148.0,0.0306,0x3e...7f67,https://bscscan.com/tx/0x7a571abc8a085d27764dabad341eab3834d156319dcb07c6f91a5e44d725a79f
2023-03-28 21:35:12,False,3.319e-05,1.061e-08,998.902,1.06e-05,0x3e...7f67,https://bscscan.com/tx/0x7a571abc8a085d27764dabad341eab3834d156319dcb07c6f91a5e44d725a79f
2023-03-28 21:34:27,True,3.336e-05,1.066e-08,100000.0,0.0106,0xa9...99bc,https://bscscan.com/tx/0x21eb636598906ecf25ca76fa19376d5e5e162422f3410d17e6bab505e81a8fd1
2023-03-28 21:32:33,False,3.318e-05,1.061e-08,269154.0,0.0285,0x44...9bef,https://bscscan.com/tx/0x85b3ffce1933a9089a12834305995e22d6450256dfb75794efad1138f168d1f9
2023-03-28 21:32:33,False,3.318e-05,1.061e-08,100616.0,0.0106,0x44...9bef,https://bscscan.com/tx/0x85b3ffce1933a9089a12834305995e22d6450256dfb75794efad1138f168d1f9
2023-03-28 21:30:24,True,3.333e-05,1.066e-08,35638300.0,3.79984,0xc7...e9c9,https://bscscan.com/tx/0x38d23b9364a43a3cd6b1e674b68619eb1e356a2bfb41b8e20eb293d8e56a5d77
2023-03-28 21:30:24,False,3.315e-05,1.06e-08,1622119.0,0.172,0x4e...abb7,https://bscscan.com/tx/0x05a078e49b8224680f84ec5d769ffcc916113c645dc6563190af5f05800b3697
2023-03-28 21:30:24,False,3.315e-05,1.06e-08,1842.67,1.954e-05,0x4e...abb7,https://bscscan.com/tx/0x05a078e49b8224680f84ec5d769ffcc916113c645dc6563190af5f05800b3697
2023-03-28 21:25:06,False,3.315e-05,1.06e-08,680422.0,0.0721,0xe7...fdef,https://bscscan.com/tx/0xc4a89b6d3ec0556af057fce95c4abdf4e42b0d083745d02b5378ead8f301e29d
2023-03-28 21:25:06,False,3.315e-05,1.06e-08,19593.9,0.002,0xe7...fdef,https://bscscan.com/tx/0xc4a89b6d3ec0556af057fce95c4abdf4e42b0d083745d02b5378ead8f301e29d
2023-03-28 21:24:30,True,3.348e-05,1.065e-08,5868430.0,0.6254,0xa8...9ce9,https://bscscan.com/tx/0xf5966e4a2ee55f52a45ca8e7946e8d52a208cc2ec31a3d950d4f1f638a1b60e5
2023-03-28 21:23:39,True,3.347e-05,1.065e-08,600000.0,0.0639,0xc7...0f45,https://bscscan.com/tx/0x8c00a9332ba9952fcca36bf7ad9475a68a3be3f49040b866e0f3678a8e9cb63f
2023-03-28 21:23:27,False,3.314e-05,1.06e-08,786193.0,0.0833,0xe4...8cb1,https://bscscan.com/tx/0x1310d94a118cd0417466e5fcb195ca3223a7588d6716dd9216e67eb0bf34607a
2023-03-28 21:23:27,False,3.314e-05,1.06e-08,70242.3,0.0074,0xe4...8cb1,https://bscscan.com/tx/0x1310d94a118cd0417466e5fcb195ca3223a7588d6716dd9216e67eb0bf34607a
2023-03-28 21:23:21,True,3.331e-05,1.065e-08,4414721.0,0.4704,0x5d...7d9f,https://bscscan.com/tx/0x88ea5d0f9aa92cee42c9d35fd5247e23d142a84f7857bde674fd2edcb20780b8
2023-03-28 21:22:18,True,3.335e-05,1.065e-08,422311.0,0.045,0x7a...9b9b,https://bscscan.com/tx/0x337f0b8c3817f4778d42992330b986199e6c7d41f6798f44472b49cd819ed857
2023-03-28 21:21:06,True,3.352e-05,1.065e-08,375391.0,0.04,0xbd...4f15,https://bscscan.com/tx/0xfbe5c5785bb928c77f78d44912820a2293a901706509d218bf0a36064d48418d
2023-03-28 21:15:36,True,3.356e-05,1.065e-08,9390817.0,1.00053,0x20...946b,https://bscscan.com/tx/0x37a5f59b256f6d7d34686f42977578a802dc03c828cf1cf2b476ee84356bdf06
2023-03-28 21:15:27,False,3.322e-05,1.06e-08,2712566.0,0.2875,0x97...2157,https://bscscan.com/tx/0x710fea5e4fceba210e767fe866a1be22a0131168e6be16b574becf98db806f6d
2023-03-28 21:15:27,False,3.322e-05,1.06e-08,999.0,1.058e-05,0x97...2157,https://bscscan.com/tx/0x710fea5e4fceba210e767fe866a1be22a0131168e6be16b574becf98db806f6d
2023-03-28 21:15:24,False,3.322e-05,1.06e-08,368890.0,0.0391,0x25...37b6,https://bscscan.com/tx/0x42fc0f22a0e26e02b61fcfb2bd4420665ae9a84ddb5ba5c2e1654d16487f54ea
2023-03-28 21:15:24,False,3.322e-05,1.06e-08,419.576,4.447e-06,0x25...37b6,https://bscscan.com/tx/0x42fc0f22a0e26e02b61fcfb2bd4420665ae9a84ddb5ba5c2e1654d16487f54ea
2023-03-28 21:15:21,False,3.322e-05,1.06e-08,154932.0,0.0164,0x45...b2a2,https://bscscan.com/tx/0xbd6b294978cb37ae3d8079fcebcafb304e60cbceb172e48e4cf59aa011fc0a5f
2023-03-28 21:15:21,False,3.322e-05,1.06e-08,321050.0,0.034,0x45...b2a2,https://bscscan.com/tx/0xbd6b294978cb37ae3d8079fcebcafb304e60cbceb172e48e4cf59aa011fc0a5f
2023-03-28 21:14:09,True,3.356e-05,1.065e-08,15039635.0,1.60203,0xc9...80d8,https://bscscan.com/tx/0xca3eab97a349b099219543a63b2f035f09912313b6eb12b2a8f7d42f62f5b8c8
2023-03-28 21:13:27,True,3.355e-05,1.065e-08,297996.0,0.0317,0x97...acf9,https://bscscan.com/tx/0xe1232afdca2ab673692f7a4420801854b656e82de1878e6e0ef59a7a4e95344d
2023-03-28 21:12:32,True,3.355e-05,1.065e-08,657277.0,0.07,0x3f...4ce0,https://bscscan.com/tx/0x46dcb8cf243f73e225e56705e401e8f0df6805e7b26b558ea6107a5b6431476d
2023-03-28 21:12:26,True,3.353e-05,1.064e-08,29875503.0,3.18057,0xc1...f4fe,https://bscscan.com/tx/0xdab7c80a1f973070498bf6e389b3329aec757d01b6bfbb0f4a8da84f36cbd330
2023-03-28 21:12:13,True,3.351e-05,1.063e-08,30080538.0,3.2001,0x20...946b,https://bscscan.com/tx/0x3d491bb3746b914f7468a00837921864a7ebe7d1adcd388e0f193c22cbeb9a97
2023-03-28 21:12:10,True,3.349e-05,1.063e-08,14927038.0,1.58714,0x9f...d87c,https://bscscan.com/tx/0x1831742933c7c07b9e38ce295a135969bd3fb825725388bd1634ee6996914ff8
2023-03-28 21:11:49,True,3.349e-05,1.063e-08,564403.0,0.06,0x6e...797c,https://bscscan.com/tx/0x5d89ada11eb5cf67c68715ec57286de694a84918075786bdea6686716e1b29e8
2023-03-28 21:09:46,True,3.348e-05,1.063e-08,159915.0,0.017,0xca...9941,https://bscscan.com/tx/0x98a14dd92f94d76cd206aa0baad8ed2b494ae93e60efa5366f1121e1501e35dd
2023-03-28 21:08:43,True,3.33e-05,1.063e-08,2985793.0,0.3174,0x4c...bca3,https://bscscan.com/tx/0xe7a33664ff89a6c77268abc019644249b979a94dde26be71dc9d92d9ff364f65
2023-03-28 21:07:07,True,3.332e-05,1.062e-08,241241.0,0.0256,0xfc...7155,https://bscscan.com/tx/0x0cb54b51040315c25e0595e0a3e4d3d653e1db315e8157c0d58b2ce1ce0bb0fe
2023-03-28 21:01:25,True,3.33e-05,1.062e-08,19385551.0,2.06016,0xcc...0331,https://bscscan.com/tx/0xf893d5d465155edea77f29a11ca3ee798a37135e14251eee59b56c7f954d4bc3
2023-03-28 21:01:04,False,3.313e-05,1.057e-08,139580.0,0.0147,0x0a...3063,https://bscscan.com/tx/0x32323d862f88f36d4192649bb0c9fcaed1d09ed03be77e7a63d0461a5ae9a2e2
2023-03-28 21:01:04,False,3.313e-05,1.057e-08,124814.0,0.0132,0x0a...3063,https://bscscan.com/tx/0x32323d862f88f36d4192649bb0c9fcaed1d09ed03be77e7a63d0461a5ae9a2e2
2023-03-28 20:59:55,True,3.344e-05,1.062e-08,1285864.0,0.1366,0x8e...3d56,https://bscscan.com/tx/0xf9563f4d64d9de1c315b529fbd5dd2a4a95515d9fb90bb5227d6c7ee32fd3ddd
2023-03-28 20:59:16,True,3.343e-05,1.062e-08,4914522.0,0.5221,0xe9...9d82,https://bscscan.com/tx/0x97af01ecba72a64df08aa258865f42cecb2066dfff5b6e926f487f12ba06c4ca
2023-03-28 20:59:01,True,3.326e-05,1.062e-08,8195593.0,0.8705,0x5a...e6e3,https://bscscan.com/tx/0x36b7354c7daabd046a434ddaa7b03aeebdfa12ba844cb8e4c16010021ecb42d8
2023-03-28 20:58:52,True,3.324e-05,1.061e-08,30091336.0,3.19491,0x20...946b,https://bscscan.com/tx/0xd26979ac2a290af0cf254a43e9af1286ed253900d3b40120f075405dfb698f15
2023-03-28 20:58:04,False,3.307e-05,1.056e-08,134692.0,0.0142,0x11...9d8c,https://bscscan.com/tx/0x235fbf73aa6750a62a7b240929a42ca8a59a11f03a4eb3bc0a02a34923adcd6f
2023-03-28 20:58:04,False,3.307e-05,1.056e-08,694634.0,0.0733,0x11...9d8c,https://bscscan.com/tx/0x235fbf73aa6750a62a7b240929a42ca8a59a11f03a4eb3bc0a02a34923adcd6f
2023-03-28 20:56:58,True,3.336e-05,1.06e-08,30023033.0,3.18543,0x20...946b,https://bscscan.com/tx/0xc67e44b39cd645db1b73683ccad85cbcedbf9395a1b69e3f0c58f3452bf05d11
2023-03-28 20:56:58,True,3.332e-05,1.059e-08,66624298.0,7.06062,0x19...6dd1,https://bscscan.com/tx/0x8838bd6725e83db787fdc834155d75f32a4bf95ec52f688e16d81b11e1b57421
2023-03-28 20:56:55,True,3.329e-05,1.058e-08,22259463.0,2.35647,0xaf...9dcd,https://bscscan.com/tx/0xca5f1e0aecfcfebfca36a8de7dc47fb260a912b5cd537278cb14d7c4be199b7a
2023-03-28 20:56:55,True,3.328e-05,1.058e-08,6009422.0,0.6359,0x09...712a,https://bscscan.com/tx/0x3accd5e61963bcb5f51dc424781ac2bbe41bf930642a0ac693b5e02a6eea35b9
2023-03-28 20:56:10,True,3.319e-05,1.057e-08,30069686.0,3.18084,0x20...946b,https://bscscan.com/tx/0x7d2448ac84317a8d3a3a915f0652abac8724e4d57f77c9295e14cf2d4fe010b9
2023-03-28 20:56:10,True,3.317e-05,1.057e-08,30143524.0,3.18635,0xc1...f4fe,https://bscscan.com/tx/0x86b4dab94497b5c83552bcad2d84101fb6f17f88e3301ed0a498d57a951334c6
2023-03-28 20:55:34,True,3.315e-05,1.056e-08,111671.0,0.0118,0x39...5044,https://bscscan.com/tx/0x14da4531b2118c83ce8b79bdffa6934d643d3301dcd85adb14818d8b20840beb
2023-03-28 20:55:34,True,3.315e-05,1.056e-08,12304790.0,1.30003,0xaf...9dcd,https://bscscan.com/tx/0x38199a85bf33ce0011471f8dabcd5205025cf261295cc05196bf540b22d2c2dd
2023-03-28 20:55:16,True,3.316e-05,1.055e-08,30091398.0,3.17761,0x20...946b,https://bscscan.com/tx/0xf977a62527a7efdc2abe39aed9efb89e5f644899df567cd010ead6be0fd63fb8
2023-03-28 20:54:31,False,3.281e-05,1.05e-08,4881367.0,0.5127,0xef...d751,https://bscscan.com/tx/0x46d8432e8c9a091abc00df79e9e97853127d4f6f86b6bb56eda50210d8575452
2023-03-28 20:54:31,False,3.281e-05,1.05e-08,30000.0,0.0031,0xef...d751,https://bscscan.com/tx/0x46d8432e8c9a091abc00df79e9e97853127d4f6f86b6bb56eda50210d8575452
2023-03-28 20:53:52,False,3.282e-05,1.05e-08,11077778.0,1.16383,0xcc...25cf,https://bscscan.com/tx/0x9dfc2698e44535102f0ca0bd9aa191e9824f32f0c2ff797fdd5bd36961443a56
2023-03-28 20:53:52,False,3.282e-05,1.05e-08,70263.4,0.0073,0xcc...25cf,https://bscscan.com/tx/0x9dfc2698e44535102f0ca0bd9aa191e9824f32f0c2ff797fdd5bd36961443a56
2023-03-28 20:53:16,True,3.315e-05,1.055e-08,9787213.0,1.03342,0x40...7300,https://bscscan.com/tx/0x8edf083140ef3e18e28f1ab5b74b9dc837c6dd69a17c8f19f19a10aa6aaac2e1
2023-03-28 20:52:03,False,3.298e-05,1.05e-08,16187565.0,1.70082,0xc5...240c,https://bscscan.com/tx/0xa78193679badce6ece38dd9b1e7edd1539e72713b835f74cec1aa9c35ea41e62
2023-03-28 20:52:03,False,3.299e-05,1.05e-08,11977.6,0.0012,0xc5...240c,https://bscscan.com/tx/0xa78193679badce6ece38dd9b1e7edd1539e72713b835f74cec1aa9c35ea41e62
2023-03-28 20:51:54,False,3.299e-05,1.05e-08,4422850.0,0.4648,0x9c...56c4,https://bscscan.com/tx/0x1ed46a5515c5806b7d14785508cc509853b0fa17e1106648d167a0d1f5c743ee
2023-03-28 20:51:54,False,3.299e-05,1.051e-08,607204.0,0.0638,0x9c...56c4,https://bscscan.com/tx/0x1ed46a5515c5806b7d14785508cc509853b0fa17e1106648d167a0d1f5c743ee
2023-03-28 20:51:03,True,3.299e-05,1.056e-08,2423554.0,0.2559,0x99...1e5f,https://bscscan.com/tx/0x88ac18e8bb684a71c7ebd50a224e7fda4d9764de66f35805ae13ce2d7f7bd99e
2023-03-28 20:50:42,True,3.314e-05,1.055e-08,30222337.0,3.19104,0xaf...9dcd,https://bscscan.com/tx/0x6bb8f62190bda42c3676a7b7dc0ab51e7c9293fa394a8b6f02017e0b9c2628df
2023-03-28 20:50:42,True,3.312e-05,1.055e-08,30091408.0,3.17492,0x20...946b,https://bscscan.com/tx/0x87d7f72204fd9b90fbd88f6a768a40d19f7ab683fc6c5bbfdc8cf1584e7cb4c9
2023-03-28 20:50:30,True,3.309e-05,1.054e-08,30592748.0,3.22548,0xbe...65bd,https://bscscan.com/tx/0xcc6a9470fa0f7788e180f0e3d004b3b29cdd49d4ac92bac93b05d46f767f1170
2023-03-28 20:50:03,True,3.307e-05,1.053e-08,18175498.0,1.91518,0xaf...9dcd,https://bscscan.com/tx/0x19d2f9c1cbd56159ec1a114a8d3e64475dcc647095c966df94f3dc218b0a70c7
2023-03-28 20:49:48,True,3.289e-05,1.053e-08,16252054.0,1.7118,0x20...946b,https://bscscan.com/tx/0x1b7b1ae117df784378e8aba01ec0bb67434abe96ec8b2f6e7c9548a17ab406af
2023-03-28 20:48:39,True,3.305e-05,1.053e-08,1424422.0,0.15,0x14...cb11,https://bscscan.com/tx/0x48b893abe8e56cede0f4feb3ed07a8f8667f46b68b74bfe6ddfa0666dbb53b88
2023-03-28 20:48:24,True,3.303e-05,1.052e-08,30091434.0,3.16761,0x20...946b,https://bscscan.com/tx/0x12c235668cfbf68b63ca17a2deecc279dc2a8d015c61ea43feee127a85ba26d8
2023-03-28 20:47:54,True,3.3e-05,1.051e-08,30333086.0,3.19074,0xaf...9dcd,https://bscscan.com/tx/0xa7b29b77690c35b2a8e5dd2a667436132a4f99f64983de40dc812cc037329aed
2023-03-28 20:47:33,True,3.297e-05,1.051e-08,21274797.0,2.23652,0xaf...9dcd,https://bscscan.com/tx/0x7d9e4aa04a281a2c640c4ca78702e24e3ed370c00b0d477b67a1f740e067dd9f
2023-03-28 20:46:54,False,3.262e-05,1.045e-08,139580.0,0.0146,0x0e...e9a8,https://bscscan.com/tx/0x97d8380bb4a2efc8c40f98ddd155f5ac0d7b7908d3c091a9ab305f09729c08af
2023-03-28 20:46:54,False,3.262e-05,1.045e-08,306074.0,0.032,0x0e...e9a8,https://bscscan.com/tx/0x97d8380bb4a2efc8c40f98ddd155f5ac0d7b7908d3c091a9ab305f09729c08af
2023-03-28 20:46:39,True,3.295e-05,1.05e-08,302260.0,0.0317,0xd8...6a17,https://bscscan.com/tx/0x29997d4df1c771fffee46f995dd23f7de4724e3d8ee1dceb6fcbf98193d8fcd0
2023-03-28 20:46:33,True,3.294e-05,1.05e-08,15209228.0,1.59819,0xaf...9dcd,https://bscscan.com/tx/0xa1aae9f8091af7e26cd271e5ad28bc1c35b95b22aa41b783f875bb6bb0fe9f9e
2023-03-28 20:46:12,True,3.291e-05,1.05e-08,6072794.0,0.6379,0x09...712a,https://bscscan.com/tx/0x669e8a8ed2f130c290ca0a2a1901b05279136ae60bc44757ad394465f0baefe0
2023-03-28 20:45:27,True,3.276e-05,1.049e-08,67640682.0,7.09963,0x19...6dd1,https://bscscan.com/tx/0x984e566d020073106629f8c10bf7514fe966ed1787844271cd51dafe88f86905
2023-03-28 20:45:00,False,3.235e-05,1.043e-08,16880983.0,1.76193,0x89...a9eb,https://bscscan.com/tx/0xe9d81343a412682d5bae76a1badc6b94c1772547198cc78f13045bd132db6531
2023-03-28 20:45:00,False,3.235e-05,1.043e-08,336.658,3.514e-06,0x89...a9eb,https://bscscan.com/tx/0xe9d81343a412682d5bae76a1badc6b94c1772547198cc78f13045bd132db6531
2023-03-28 20:43:54,False,3.235e-05,1.043e-08,124314.0,0.0129,0x10...1aa7,https://bscscan.com/tx/0xf08aad38d3409304c300a1da754eb18125d8a5052caa9e3c16d2a93e352f1cae
2023-03-28 20:43:54,False,3.235e-05,1.043e-08,49471.1,0.0051,0x10...1aa7,https://bscscan.com/tx/0xf08aad38d3409304c300a1da754eb18125d8a5052caa9e3c16d2a93e352f1cae
2023-03-28 20:43:09,True,3.249e-05,1.049e-08,14442803.0,1.51506,0x05...d359,https://bscscan.com/tx/0xb2df84117fade8e2099c99e9f4fdde1877ce8334f7f3c7d29896dcadc2b8fd2e
2023-03-28 20:39:03,True,3.264e-05,1.048e-08,635770.0,0.0666,0x36...b627,https://bscscan.com/tx/0x73240d00852ff6a3660d7c6b29c98f8e1a34e628fd2b7e5152f61bcf87385245
2023-03-28 20:38:45,True,3.264e-05,1.048e-08,190692.0,0.02,0x22...552d,https://bscscan.com/tx/0xeb80accf29f0213b952accd4955a879569cf0170416f3daeddbb3cd295ce1590
2023-03-28 20:38:12,False,3.248e-05,1.043e-08,3044221.0,0.3177,0x36...b627,https://bscscan.com/tx/0xf37121d5480b5a3e72d50d079a36d0b496725f04d00336685e099cb25b92a903
2023-03-28 20:38:12,False,3.248e-05,1.043e-08,50617.1,0.0052,0x36...b627,https://bscscan.com/tx/0xf37121d5480b5a3e72d50d079a36d0b496725f04d00336685e099cb25b92a903
2023-03-28 20:37:42,True,3.248e-05,1.048e-08,6126552.0,0.6425,0x66...8fca,https://bscscan.com/tx/0xdf7e30542a7137b89d9990808b08d1d6df2f496e61f6f74de3da1c01304ecfe4
2023-03-28 20:36:18,True,3.247e-05,1.048e-08,9231209.0,0.968,0x66...8fca,https://bscscan.com/tx/0x8ebb46d5b1ba69801c1e3072c13df4ce092b50040cc5591bd68469ba7942e35a
2023-03-28 20:36:00,False,3.247e-05,1.043e-08,3379148.0,0.3525,0x4d...022d,https://bscscan.com/tx/0x2971596f6832f91b41f2e75250f9fdd9c7c35769286033b75defba70cc6d0dc9
2023-03-28 20:36:00,False,3.247e-05,1.043e-08,46141.9,0.0048,0x4d...022d,https://bscscan.com/tx/0x2971596f6832f91b41f2e75250f9fdd9c7c35769286033b75defba70cc6d0dc9
2023-03-28 20:35:18,True,3.263e-05,1.048e-08,141755.0,0.0148,0xe6...7f30,https://bscscan.com/tx/0xf5d064f39a272b299861c766f8747c08df7d3709c9e2e648eea16c7387d269d9
2023-03-28 20:31:33,True,3.263e-05,1.048e-08,62433.9,0.0065,0x36...b627,https://bscscan.com/tx/0xcd167f95f4e807c4c994784a65c2135ad51420f90505826ea1c81d76e297591e
2023-03-28 20:31:21,True,3.265e-05,1.049e-08,29006.2,0.003,0xba...7aaf,https://bscscan.com/tx/0x98316c8972fdca6b581cc098e59d493aa2ff3bf35062315dab89489f24cb78fc
2023-03-28 20:30:51,True,3.247e-05,1.048e-08,2955015.0,0.3098,0x36...b627,https://bscscan.com/tx/0xbb02b98dfe4868e73458bc7702082c21a7413ccf8354759a506f17f7e71ea9f8
2023-03-28 20:29:36,False,3.248e-05,1.043e-08,13859692.0,1.44618,0x32...871b,https://bscscan.com/tx/0x720584ade79d6125f8fe485753d2a08e8e7cc67dfd4aeb0f666176da8293b0a4
2023-03-28 20:29:36,False,3.248e-05,1.043e-08,12213.6,0.0012,0x32...871b,https://bscscan.com/tx/0x720584ade79d6125f8fe485753d2a08e8e7cc67dfd4aeb0f666176da8293b0a4
2023-03-28 20:27:21,False,3.232e-05,1.043e-08,4358476.0,0.4548,0x10...fca5,https://bscscan.com/tx/0x3ef3f3e5a6620f8e5a4025686cb0c923855b28342598aa6efa689c9b80dd3ea5
2023-03-28 20:27:21,False,3.232e-05,1.043e-08,122121.0,0.0127,0x10...fca5,https://bscscan.com/tx/0x3ef3f3e5a6620f8e5a4025686cb0c923855b28342598aa6efa689c9b80dd3ea5
2023-03-28 20:24:15,True,3.264e-05,1.048e-08,590000.0,0.0618,0xcc...8e43,https://bscscan.com/tx/0x9f724792009ebb1699d3ccb397da3af29270dfbae04684b53e651dd174ad7dfb
2023-03-28 20:23:51,False,3.249e-05,1.044e-08,44506264.0,4.64763,0x4e...056d,https://bscscan.com/tx/0xec3fc5ab044b9ba2eee660b9b6b702a9008e47430ab28e2c4e110672fa114e0e
2023-03-28 20:23:51,False,3.251e-05,1.044e-08,6049.11,6.32e-05,0x4e...056d,https://bscscan.com/tx/0xec3fc5ab044b9ba2eee660b9b6b702a9008e47430ab28e2c4e110672fa114e0e
2023-03-28 20:23:27,True,3.267e-05,1.05e-08,554201.0,0.0581,0x8f...fa66,https://bscscan.com/tx/0x14be02238e4bee230458d64cec03de8fae18e2ae28cd055094bfd67273906c58
2023-03-28 20:23:27,True,3.267e-05,1.05e-08,1536210.0,0.1613,0xd9...1e86,https://bscscan.com/tx/0xa885558cb823b5e605a35d974328ade19107d43113b569d505972bdb28c1b1fa
2023-03-28 20:22:30,False,3.234e-05,1.044e-08,149550.0,0.0156,0x4e...056d,https://bscscan.com/tx/0x1bfef46d9228d4b61c323795a7b7d4e1819e9573fac7cd2f636047286fc58e30
2023-03-28 20:22:30,False,3.234e-05,1.044e-08,87874.7,0.0091,0x4e...056d,https://bscscan.com/tx/0x1bfef46d9228d4b61c323795a7b7d4e1819e9573fac7cd2f636047286fc58e30
2023-03-28 20:21:27,True,3.266e-05,1.05e-08,868111.0,0.0911,0x7a...ea42,https://bscscan.com/tx/0xd908e30fa0d75b9f8be2d0852677b4868e3222d3ced9b637654f55c4c819802d
2023-03-28 20:21:06,True,3.265e-05,1.049e-08,30625184.0,3.21445,0x75...7583,https://bscscan.com/tx/0xe443f2a51fdf7d21432ca4d026afd7aa74b6f5b8744791062573bb59693be794
2023-03-28 20:20:57,False,3.247e-05,1.044e-08,1049736.0,0.1095,0x0d...f125,https://bscscan.com/tx/0x5cc71a1928f8db8133123084ca04c2e544b4ffd2512ff189ce56c061a888db70
2023-03-28 20:20:57,False,3.247e-05,1.044e-08,352325.0,0.0367,0x0d...f125,https://bscscan.com/tx/0x5cc71a1928f8db8133123084ca04c2e544b4ffd2512ff189ce56c061a888db70
2023-03-28 20:20:24,True,3.246e-05,1.048e-08,30019689.0,3.14872,0x20...946b,https://bscscan.com/tx/0x21de2baa1630bef0203096e512b10ec047b64ddd7023d91dca4f56dad365f265
2023-03-28 20:20:24,True,3.241e-05,1.047e-08,100300903.0,10.5041,0x9b...2220,https://bscscan.com/tx/0x9f197818482fb3b82f3c8af19061a5a430479772ed00511088aa27393508d736
2023-03-28 20:19:39,True,3.253e-05,1.046e-08,20000.0,0.002,0x63...b447,https://bscscan.com/tx/0xe84a7861692ff743e0134cd57101bef439646ab90923b5bc5bf55a83113ba387
2023-03-28 20:19:36,False,3.237e-05,1.04e-08,149550.0,0.0155,0x4e...056d,https://bscscan.com/tx/0xf5b48ad79d6c72509d9dd62f7c7c423ff6ca1e9d5801f3eaea68ce09da09aca1
2023-03-28 20:19:36,False,3.237e-05,1.04e-08,351821.0,0.0366,0x4e...056d,https://bscscan.com/tx/0xf5b48ad79d6c72509d9dd62f7c7c423ff6ca1e9d5801f3eaea68ce09da09aca1
2023-03-28 20:19:12,True,3.253e-05,1.046e-08,47800.3,0.005,0xbe...ad4d,https://bscscan.com/tx/0x5722654831e31d283ad524d0cd2089bbd5edfbf2f669414f8a318b7ca221a3aa
2023-03-28 20:18:36,True,3.237e-05,1.045e-08,30091510.0,3.1465,0x20...946b,https://bscscan.com/tx/0x7ef44a3ed775dee0aa0828ef930a3b8f026f82b43af40ef464fdfed25a0aeb1b
2023-03-28 20:17:21,True,3.251e-05,1.044e-08,30091518.0,3.14425,0x20...946b,https://bscscan.com/tx/0x11709c78bdf4a8e5016659f62f33ebac8f1d80f810595d19eb34075c84e6c209
2023-03-28 20:15:27,True,3.249e-05,1.044e-08,30874339.0,3.22371,0xc1...f4fe,https://bscscan.com/tx/0x151087c2add1551b912c062abec084a36291fbcc6ae0e4872780bc0819668a04
2023-03-28 20:14:42,True,3.247e-05,1.043e-08,310000.0,0.0323,0x00...2276,https://bscscan.com/tx/0x4b572753a88b4368ff186f1ac338407ee4673f137ca1ca3130890ca9ea46bb8c
2023-03-28 20:14:03,False,3.217e-05,1.039e-08,38772222.0,4.02848,0xcc...25cf,https://bscscan.com/tx/0xf6e6486bb52cc492d13f28e1c835183f5faeca9ef0a84bac1338b0229ace87cf
2023-03-28 20:14:03,False,3.218e-05,1.039e-08,5665.54,5.889e-05,0xcc...25cf,https://bscscan.com/tx/0xf6e6486bb52cc492d13f28e1c835183f5faeca9ef0a84bac1338b0229ace87cf
2023-03-28 20:13:45,True,3.25e-05,1.044e-08,392456.0,0.041,0xda...1636,https://bscscan.com/tx/0x79926d30d433f1d6dec0773462973d3624d32ab5a77f82f11193c83317faebe2
2023-03-28 20:12:33,True,3.25e-05,1.044e-08,307144.0,0.032,0x20...0aa5,https://bscscan.com/tx/0xf8e047b4e0afa37020f1f0f8c24aa19c405db724d487260cdbd10418d2999fd2
2023-03-28 20:12:12,False,3.234e-05,1.039e-08,1394552.0,0.1449,0xec...fda5,https://bscscan.com/tx/0x16c5ffb585ca2176bbaf86f62d995e84e0c30f376099d0ad1db67cd291321d12
2023-03-28 20:12:12,False,3.234e-05,1.039e-08,582840.0,0.0605,0xec...fda5,https://bscscan.com/tx/0x16c5ffb585ca2176bbaf86f62d995e84e0c30f376099d0ad1db67cd291321d12
2023-03-28 20:10:30,True,3.234e-05,1.044e-08,5115837.0,0.5344,0x6b...9f5d,https://bscscan.com/tx/0x390e2688890ad46ea6f4dc8bec809cb1781d0f5c00d34274d4c17722b617d24e
2023-03-28 20:10:24,True,3.234e-05,1.044e-08,5077970.0,0.5304,0x6b...9f5d,https://bscscan.com/tx/0x3f04b06234c9387bfff52cfc9a7427eeac50a990f434160ff51bd60b4b4f2637
2023-03-28 20:09:54,True,3.25e-05,1.044e-08,3591304.0,0.375,0xea...e9aa,https://bscscan.com/tx/0x9e6e26a1e11c669f8d2bd7f7b666ae6d47caa25ff06ed357d0edcab26757dfb4
2023-03-28 20:09:54,True,3.25e-05,1.044e-08,5048333.0,0.5272,0x6b...9f5d,https://bscscan.com/tx/0xac0ec5d4bfb049bf4e09b31f46ca3cb2c59e6ae5cbd094df0f32287d840187a6
2023-03-28 20:09:51,False,3.241e-05,1.041e-08,200022824.0,20.833,0x73...3c18,https://bscscan.com/tx/0xa230133d923400eedb5800c186be53bb75f42c18503ec32b77f4b048de82eacd
2023-03-28 20:09:51,False,3.249e-05,1.044e-08,3446.72,3.598e-05,0x73...3c18,https://bscscan.com/tx/0xa230133d923400eedb5800c186be53bb75f42c18503ec32b77f4b048de82eacd
2023-03-28 20:09:09,False,3.232e-05,1.044e-08,1272735.0,0.1328,0xe2...b65c,https://bscscan.com/tx/0x756a5ada8161aaf1c89bb1e508299908fc2b2af31cf753058629abaabf28c77c
2023-03-28 20:09:09,False,3.232e-05,1.044e-08,18633.2,0.0019,0xe2...b65c,https://bscscan.com/tx/0x756a5ada8161aaf1c89bb1e508299908fc2b2af31cf753058629abaabf28c77c
2023-03-28 20:05:27,True,3.248e-05,1.049e-08,3330000.0,0.3494,0xc1...4dd1,https://bscscan.com/tx/0x23d11b89cb29b9d8cb14c998c88f2484e5fe58cd5cfdc1f865c2f6d22ed02d74
2023-03-28 20:05:18,True,3.248e-05,1.049e-08,278245.0,0.0291,0xe8...1578,https://bscscan.com/tx/0xc68762dfc874d31570ef27e246002d086447abd91f976859303e4e88afcf60c3
2023-03-28 20:02:45,True,3.249e-05,1.049e-08,124435.0,0.013,0x9a...ec7d,https://bscscan.com/tx/0xe869313e30f67a309f045f6e33ada4aff74b39e7509c1575b651b80e65f6d566
2023-03-28 20:01:08,True,3.266e-05,1.049e-08,79245.0,0.0083,0xe8...1578,https://bscscan.com/tx/0x97a89a58ed0bd0592456d82d90e6b27d3f1866a1dfd65d8910d92a8a6118c57d
2023-03-28 20:00:29,False,3.233e-05,1.043e-08,3079989.0,0.3215,0xcc...bd07,https://bscscan.com/tx/0x2604e684d74a95d46bbc30e75aa296251d00dc5bed992b442bada7ee72be7379
2023-03-28 20:00:29,False,3.233e-05,1.044e-08,1976.14,2.063e-05,0xcc...bd07,https://bscscan.com/tx/0x2604e684d74a95d46bbc30e75aa296251d00dc5bed992b442bada7ee72be7379
2023-03-28 19:58:11,True,3.267e-05,1.049e-08,303916.0,0.0318,0x29...c761,https://bscscan.com/tx/0x23d65d3860d220ef443204778baf8a373d0b17029e90a514f7bf29afd62ae748
2023-03-28 19:57:02,False,3.251e-05,1.044e-08,426706.0,0.0445,0xf8...15ce,https://bscscan.com/tx/0x7bfabe4ccdfb834d8bacbc82aea61260f27b87317a10e5466c427308509672da
2023-03-28 19:57:02,False,3.251e-05,1.044e-08,7224.48,7.542e-05,0xf8...15ce,https://bscscan.com/tx/0x7bfabe4ccdfb834d8bacbc82aea61260f27b87317a10e5466c427308509672da
2023-03-28 19:56:23,True,3.251e-05,1.049e-08,306699.0,0.0321,0xe8...1578,https://bscscan.com/tx/0xd536fcf0fff58b8c4f518265e9503c893cd13c8cdaa8540d3cabbed24c04f346
2023-03-28 19:56:23,True,3.251e-05,1.049e-08,209673.0,0.022,0x55...09e7,https://bscscan.com/tx/0xf6672f7d8471ab381cba15fe24316688225fd4ae1032607a860790e6eab70ce8
2023-03-28 19:54:53,True,3.251e-05,1.049e-08,448711.0,0.047,0x71...542e,https://bscscan.com/tx/0x33a69536157af2ed271cbb40fb8e78d42ab864db9bb16e0900ca2e9dc1aeb6c1
2023-03-28 19:54:35,False,3.235e-05,1.044e-08,1705518.0,0.178,0x35...3cd6,https://bscscan.com/tx/0xcf546b59acc71fb81c8f1323513dc7dc8f80d8ba1fc6156cbd9699d2ada95838
2023-03-28 19:54:35,False,3.235e-05,1.044e-08,68434.4,0.0071,0x35...3cd6,https://bscscan.com/tx/0xcf546b59acc71fb81c8f1323513dc7dc8f80d8ba1fc6156cbd9699d2ada95838
2023-03-28 19:53:14,True,3.251e-05,1.049e-08,569722.0,0.0597,0xe8...1578,https://bscscan.com/tx/0xfd7dc6c19e0174119a8fe0402ac30d1eb56d9d432f89fb7d83e433968f1723cd
2023-03-28 19:51:08,True,3.267e-05,1.049e-08,92517.8,0.0097,0x15...4042,https://bscscan.com/tx/0xf54f9454129451298f5d2989a2ffe54767f33ad86b1e92c4985e8cea23e3cab9
2023-03-28 19:50:44,True,3.25e-05,1.049e-08,191137.0,0.02,0xa2...146c,https://bscscan.com/tx/0x623eac086408726ef1ab5f246d30c3f630a3346468957f922922e14ab4126ba9
2023-03-28 19:49:23,True,3.266e-05,1.049e-08,1106646.0,0.1161,0xe8...1578,https://bscscan.com/tx/0x387b8ecb386ce6956747e39d8c306b1d54add3e39d7aa7949bf1a21696c56561
2023-03-28 19:48:20,True,3.267e-05,1.049e-08,1346551.0,0.1412,0x5f...f2b6,https://bscscan.com/tx/0x95f9ce96f0193778c98d7f176e65ef4221689df9f9c5f6140d3c3869327abb75
2023-03-28 19:44:29,True,3.25e-05,1.049e-08,332872.0,0.0349,0xe8...1578,https://bscscan.com/tx/0x408fec4a43b3f527adddd5b4d96474a5e224f761cbedc4f654ad0f9ad5794a92
2023-03-28 19:44:14,True,3.266e-05,1.049e-08,163902.0,0.0172,0x67...0eba,https://bscscan.com/tx/0x7d92a065248f2ea3e6f9c968f92a84627885e0c7ecbb4e4f2210dbfae79f70ca
2023-03-28 19:41:09,True,3.267e-05,1.049e-08,572646.0,0.06,0xe8...1578,https://bscscan.com/tx/0xf0f6fe7c6e1723d4aa987aa284ca27e6278e6e0dab44a82ab746cff460e4d47c
2023-03-28 19:39:27,True,3.25e-05,1.049e-08,133439.0,0.014,0xab...f81b,https://bscscan.com/tx/0x175cbff0234bd92291d1d2fb2d39bc000e1048281837b415892b6f01b3d90612
2023-03-28 19:37:42,True,3.251e-05,1.049e-08,1636740.0,0.1717,0xf5...228a,https://bscscan.com/tx/0xf27e5ac3d824b4dc0a2c75b75dede9181b63cc1862dc3014b3c2c0405329fa6c
2023-03-28 19:37:36,True,3.251e-05,1.049e-08,1530477.0,0.1605,0x41...e7ca,https://bscscan.com/tx/0x790eeb212b44cabbf483d5d1454a2f89504a1ffc52d8904b4d746fa485f632e9
2023-03-28 19:35:15,True,3.267e-05,1.049e-08,1935229.0,0.203,0xb3...054a,https://bscscan.com/tx/0x6e86307555eb226ae6984fe44fcb25febf6b141d4f36c6a24b360920f76f2c6a
2023-03-28 19:33:06,True,3.25e-05,1.049e-08,1906541.0,0.2,0x1d...4546,https://bscscan.com/tx/0xa4922e6d576fc2d629fbc316bc777017396edf8300269e3106f7f9173584a4f9
2023-03-28 19:31:30,True,3.25e-05,1.048e-08,351674.0,0.0368,0x05...0cc7,https://bscscan.com/tx/0xa746ad2e2d764650acd727586cc6168045bbba96a214d7ec10e7a4c9f8e5402c
2023-03-28 19:30:27,False,3.251e-05,1.043e-08,4160596.0,0.4342,0x42...6722,https://bscscan.com/tx/0xb80f496585028681ffee549795649020cdafbad020a14715d93c1034a02bc731
2023-03-28 19:30:27,False,3.251e-05,1.043e-08,11267.4,0.0011,0x42...6722,https://bscscan.com/tx/0xb80f496585028681ffee549795649020cdafbad020a14715d93c1034a02bc731
2023-03-28 19:29:21,False,3.235e-05,1.043e-08,4160596.0,0.4343,0x42...6722,https://bscscan.com/tx/0x9a1eda9f67a870e82072ee856fa7710ce4dad209fcdbaefc103cb16c1fab4fc1
2023-03-28 19:29:21,False,3.235e-05,1.043e-08,94.6719,9.883e-07,0x42...6722,https://bscscan.com/tx/0x9a1eda9f67a870e82072ee856fa7710ce4dad209fcdbaefc103cb16c1fab4fc1
2023-03-28 19:28:42,False,3.234e-05,1.043e-08,34958.5,0.0036,0x37...f0b2,https://bscscan.com/tx/0x6663b706655b4f23547a1ba11581313d71026a39757cdaaf09440044474d4d94
2023-03-28 19:28:42,False,3.234e-05,1.043e-08,57396.6,0.0059,0x37...f0b2,https://bscscan.com/tx/0x6663b706655b4f23547a1ba11581313d71026a39757cdaaf09440044474d4d94
2023-03-28 19:28:06,True,3.251e-05,1.049e-08,471813.0,0.0495,0x5e...2bb6,https://bscscan.com/tx/0xa186aa1af8754a45b0e74e37e40e83ea20968c24c07b67b7489c8d01496bbdd8
2023-03-28 19:27:09,True,3.266e-05,1.049e-08,4604454.0,0.483,0xa8...9ce9,https://bscscan.com/tx/0x59dbb4d294604e862adec0e01b2315b7fd4191a65760474cefb7ba972f3f96d4
2023-03-28 19:25:24,True,3.266e-05,1.048e-08,12245836.0,1.28449,0x3a...8bf5,https://bscscan.com/tx/0xa40e2afdf1ece09c915fca4f6041280f4ccb867042702b1fe2bb96e04de5abed
2023-03-28 19:24:39,True,3.266e-05,1.048e-08,327982.0,0.0344,0x60...d1c0,https://bscscan.com/tx/0x54ec1189c3dfbb3d4b71b6d30f556b0cfad4a1ed612fb92e99ccec679df46ac9
2023-03-28 19:24:18,True,3.25e-05,1.048e-08,1602502.0,0.168,0x3c...5b9d,https://bscscan.com/tx/0xbd823fc3d83842bf0b42376856707c8d97a0dfb96ca081832c3b258eb83cff29
2023-03-28 19:22:18,True,3.25e-05,1.048e-08,224938.0,0.0235,0x8b...5810,https://bscscan.com/tx/0xbb73556aa785984e4c074a537f0b639cc0d998eb858a833d25ca1f5968fca359
2023-03-28 19:18:18,True,3.25e-05,1.048e-08,1525712.0,0.16,0xf3...750e,https://bscscan.com/tx/0x3eccb6815c513a90cd38ada6f29e4f44eec5badc88faef92ef2ad264de9b6304
2023-03-28 19:15:54,False,3.25e-05,1.043e-08,253986.0,0.0265,0x0c...7b6d,https://bscscan.com/tx/0x56c6a91b6845ce7f06f35b6816c8ae15d15678379a5c6ab1e08a3ab8b0c58adf
2023-03-28 19:15:54,False,3.25e-05,1.043e-08,22047.3,0.0023,0x0c...7b6d,https://bscscan.com/tx/0x56c6a91b6845ce7f06f35b6816c8ae15d15678379a5c6ab1e08a3ab8b0c58adf
2023-03-28 19:13:48,True,3.266e-05,1.048e-08,8106224.0,0.85,0xe5...afaa,https://bscscan.com/tx/0x8c056c0cd4077b4ddf21370d47bd9da3819ca95c1ec350620e00f442bb671926
2023-03-28 19:13:21,False,3.249e-05,1.043e-08,59248.0,0.0061,0x86...c523,https://bscscan.com/tx/0xffea5d18f0804e2f955fbb64de65835b5d1cde79b8d7ac1d388c49bbcff6ce58
2023-03-28 19:13:21,False,3.249e-05,1.043e-08,21956.1,0.0022,0x86...c523,https://bscscan.com/tx/0xffea5d18f0804e2f955fbb64de65835b5d1cde79b8d7ac1d388c49bbcff6ce58
2023-03-28 19:12:33,True,3.265e-05,1.048e-08,5532194.0,0.58,0x91...46f0,https://bscscan.com/tx/0xe6341bb41b0c3ce935b0de7923df2938c869dbc12d5c9dd2239f532308cfe4d4
2023-03-28 19:06:30,False,3.234e-05,1.043e-08,2591901.0,0.2703,0xaf...a865,https://bscscan.com/tx/0xd19c79d26bd3ebc3caeff1520f9ec93a53e3caca4e55dc5cda4381608c4ebea8
2023-03-28 19:06:30,False,3.234e-05,1.043e-08,1132.67,1.181e-05,0xaf...a865,https://bscscan.com/tx/0xd19c79d26bd3ebc3caeff1520f9ec93a53e3caca4e55dc5cda4381608c4ebea8
2023-03-28 19:00:27,False,3.236e-05,1.043e-08,418250.0,0.0436,0xae...9bd7,https://bscscan.com/tx/0xc3988621a11c4306fe4932ad291a69545e8fb6e4756a558ba26c8b4710baf2e4
2023-03-28 19:00:27,False,3.236e-05,1.043e-08,19670.8,0.002,0xae...9bd7,https://bscscan.com/tx/0xc3988621a11c4306fe4932ad291a69545e8fb6e4756a558ba26c8b4710baf2e4
2023-03-28 18:59:39,True,3.269e-05,1.048e-08,286147.0,0.03,0xf8...1b1b,https://bscscan.com/tx/0xf5fc9685087fa389ea1b639f8fac50cd79405d6e0320c4f398a5494a6121105c
2023-03-28 18:59:15,True,3.268e-05,1.048e-08,28614.8,0.003,0x70...3b76,https://bscscan.com/tx/0xe5015ae6fd611638fae83a88261cd86020b89c679f83be631394e3a0fba2c8d2
2023-03-28 18:56:54,True,3.268e-05,1.048e-08,37752.3,0.0039,0xd3...9581,https://bscscan.com/tx/0xdd2a59a7854f47f789093435516ab39362eb3ccccdb4d9f5e0ee496c3a697352
2023-03-28 18:54:18,False,3.236e-05,1.043e-08,6912176.0,0.7211,0x42...045c,https://bscscan.com/tx/0xe05d3605c238b66c4b4e2c5a6fd411ae0e672f6b61d0a3bed3322b0906b3d257
2023-03-28 18:54:18,False,3.236e-05,1.043e-08,1132.67,1.181e-05,0x42...045c,https://bscscan.com/tx/0xe05d3605c238b66c4b4e2c5a6fd411ae0e672f6b61d0a3bed3322b0906b3d257
2023-03-28 18:53:06,False,3.236e-05,1.043e-08,418250.0,0.0436,0xae...9bd7,https://bscscan.com/tx/0xbaafe620784d77045f7770d9b9e0c770e0cdffc46bf809d68b5caf6cce58436b
2023-03-28 18:53:06,False,3.236e-05,1.043e-08,835.623,8.718e-06,0xae...9bd7,https://bscscan.com/tx/0xbaafe620784d77045f7770d9b9e0c770e0cdffc46bf809d68b5caf6cce58436b
2023-03-28 18:51:57,False,3.236e-05,1.043e-08,308562.0,0.0321,0x22...f9f2,https://bscscan.com/tx/0xc02c2a1af5d718ecec09b4d9412f3b86758a1ce3395240bc33eec36f21afd1b0
2023-03-28 18:51:57,False,3.236e-05,1.043e-08,8314.82,8.675e-05,0x22...f9f2,https://bscscan.com/tx/0xc02c2a1af5d718ecec09b4d9412f3b86758a1ce3395240bc33eec36f21afd1b0
2023-03-28 18:51:03,False,3.252e-05,1.043e-08,3070325.0,0.3203,0xe6...9645,https://bscscan.com/tx/0xbb5cd26c51e832e3e680130588d8322cad41cc74335fd14c9e6e3f444cf45595
2023-03-28 18:51:03,False,3.252e-05,1.043e-08,6369.36,6.646e-05,0xe6...9645,https://bscscan.com/tx/0xbb5cd26c51e832e3e680130588d8322cad41cc74335fd14c9e6e3f444cf45595
2023-03-28 18:51:03,False,3.252e-05,1.043e-08,2351945.0,0.2454,0xdd...571b,https://bscscan.com/tx/0xf1a4f5659784bac990c2b0be220501c021ac4eb839f8226fcec7426b28e803f1
2023-03-28 18:51:03,False,3.252e-05,1.043e-08,7019.19,7.324e-05,0xdd...571b,https://bscscan.com/tx/0xf1a4f5659784bac990c2b0be220501c021ac4eb839f8226fcec7426b28e803f1
2023-03-28 18:50:24,False,3.236e-05,1.043e-08,2591901.0,0.2704,0xaf...a865,https://bscscan.com/tx/0x60d6436d3d6710fb07fbceb33bd4560def4a7b74c9dedf378c59e2f13f602564
2023-03-28 18:50:24,False,3.236e-05,1.043e-08,8024.8,8.374e-05,0xaf...a865,https://bscscan.com/tx/0x60d6436d3d6710fb07fbceb33bd4560def4a7b74c9dedf378c59e2f13f602564
2023-03-28 18:49:03,True,3.268e-05,1.048e-08,732884.0,0.0768,0x10...546f,https://bscscan.com/tx/0x7340f7ece968d260a4d3a980907422a68ddeec4a46bc6bf5e2fbe9c13096952b
2023-03-28 18:44:12,True,3.269e-05,1.048e-08,2139650.0,0.2244,0x5e...e21d,https://bscscan.com/tx/0x0171e43748a9973d6bfcf542560dbce0f4c79dc9e2c4f4dc8c31559fd266259e
2023-03-28 18:43:48,False,3.253e-05,1.043e-08,99316.4,0.0103,0xd3...dcfc,https://bscscan.com/tx/0x158ebcceac86a8d8dc2f577dd493cd795a73d2c39a7996e07801cb284de60265
2023-03-28 18:43:48,False,3.253e-05,1.043e-08,26184.2,0.0027,0xd3...dcfc,https://bscscan.com/tx/0x158ebcceac86a8d8dc2f577dd493cd795a73d2c39a7996e07801cb284de60265
2023-03-28 18:42:36,False,3.252e-05,1.043e-08,9668771.0,1.00904,0x19...c328,https://bscscan.com/tx/0x3e5956318221c456ced5e4fdf551a6236fee4a6fe1904456c2a3543483a34167
2023-03-28 18:42:36,False,3.253e-05,1.043e-08,29624.0,0.003,0x19...c328,https://bscscan.com/tx/0x3e5956318221c456ced5e4fdf551a6236fee4a6fe1904456c2a3543483a34167
2023-03-28 18:41:57,True,3.253e-05,1.048e-08,591060.0,0.062,0x9b...55b3,https://bscscan.com/tx/0x3022c4f2aad9a8598262b02bcf82ce364217e108949472f0f6508d8cf593729b
2023-03-28 18:41:00,False,3.237e-05,1.043e-08,8725996.0,0.9108,0xfd...f0e4,https://bscscan.com/tx/0x26c073469f73f9f7f0a56e6ec5e6c53511320cb9d5e1d3d70dd8c9b2d4995bbf
2023-03-28 18:41:00,False,3.238e-05,1.043e-08,4218.59,4.403e-05,0xfd...f0e4,https://bscscan.com/tx/0x26c073469f73f9f7f0a56e6ec5e6c53511320cb9d5e1d3d70dd8c9b2d4995bbf
2023-03-28 18:40:57,True,3.254e-05,1.049e-08,103547.0,0.0108,0x6f...99da,https://bscscan.com/tx/0xa9c2e4e3a7178c2e1bd60032d77a7fd497136eceaef81cce7a0eaf756380c74e
2023-03-28 18:40:30,True,3.27e-05,1.049e-08,133439.0,0.014,0x37...045c,https://bscscan.com/tx/0x6b42d37a52fe5d58e5ca43a2928b8d87822d4048de6148c8562f3a35ec4b4f9d
2023-03-28 18:39:48,True,3.253e-05,1.049e-08,825453.0,0.0866,0xee...3520,https://bscscan.com/tx/0x103c7df736fe6449d73989ef87241b0102e14deba7c88523e56d72d54d4d1471
2023-03-28 18:36:12,False,3.253e-05,1.043e-08,498500.0,0.052,0xc2...34d0,https://bscscan.com/tx/0x5d1208083c4f28d28d72842245af055fefef7d7a4aa0b2fa0e488198b261440a
2023-03-28 18:36:12,False,3.253e-05,1.043e-08,258318.0,0.0269,0xc2...34d0,https://bscscan.com/tx/0x5d1208083c4f28d28d72842245af055fefef7d7a4aa0b2fa0e488198b261440a
2023-03-28 18:35:30,True,3.269e-05,1.049e-08,30551.6,0.0032,0xc3...eab4,https://bscscan.com/tx/0x454154307a49a20e09804bb0fce7af2fe9b188daa56f9f182b2c98a06a98bbca
2023-03-28 18:34:45,True,3.253e-05,1.049e-08,30551.9,0.0032,0xc3...eab4,https://bscscan.com/tx/0x08c733941f8e583526481810425514c01adb62f0c6ecf9510b2b9c25c6025043
2023-03-28 18:34:33,True,3.269e-05,1.049e-08,305329.0,0.032,0xbb...35f4,https://bscscan.com/tx/0xa080ae5ca72511fceffbcafa83b84602961b21ad981fd3ab7cf77ddc6065303e
2023-03-28 18:32:19,False,3.257e-05,1.045e-08,95020851.0,9.93063,0xcd...c3b0,https://bscscan.com/tx/0xe153a70708a3fef3e8aeca06171bbba022d61c3a2ec44e97a2398611d9000598
2023-03-28 18:32:19,False,3.26e-05,1.046e-08,37487.8,0.0039,0xcd...c3b0,https://bscscan.com/tx/0xe153a70708a3fef3e8aeca06171bbba022d61c3a2ec44e97a2398611d9000598
2023-03-28 18:32:03,True,3.26e-05,1.051e-08,718499.0,0.0755,0x4c...a988,https://bscscan.com/tx/0xab1987d3879eef1a94cbd197ab2accccc8ebb23566451c9ad4bbb9991548e917
2023-03-28 18:29:44,True,3.26e-05,1.051e-08,782647.0,0.0823,0xc1...b4f0,https://bscscan.com/tx/0x0a19ef76a1365a3f01db8521d39fb12c741496091f9374a638e041f7be17ccd2
2023-03-28 18:26:56,False,3.26e-05,1.046e-08,12346060.0,1.29189,0x05...7066,https://bscscan.com/tx/0x8a4fd94182d8eb65f08bdd77f92976ede17e13abdbf4a04940d8f8c1f106cabf
2023-03-28 18:26:56,False,3.26e-05,1.046e-08,6665.42,6.975e-05,0x05...7066,https://bscscan.com/tx/0x8a4fd94182d8eb65f08bdd77f92976ede17e13abdbf4a04940d8f8c1f106cabf
2023-03-28 18:26:53,True,3.278e-05,1.052e-08,1883953.0,0.1982,0xc0...dd37,https://bscscan.com/tx/0x82abb2c3cfdab7ce7d226da160a6637dedd1feb25607552a881ace965b916c88
2023-03-28 18:26:47,False,3.26e-05,1.046e-08,582966.0,0.061,0xbe...e570,https://bscscan.com/tx/0x6b9d5b7d2d159cdbef12dddc75c99d41e951db23aa71014f18a8f35f156654a4
2023-03-28 18:26:47,False,3.26e-05,1.046e-08,62870.8,0.0065,0xbe...e570,https://bscscan.com/tx/0x6b9d5b7d2d159cdbef12dddc75c99d41e951db23aa71014f18a8f35f156654a4
2023-03-28 18:26:35,True,3.277e-05,1.051e-08,305151.0,0.032,0x05...79ba,https://bscscan.com/tx/0xc68e95358629173f62445bd4b201c4b85a3dff2cafcf6860b3ea63adfadadedc
2023-03-28 18:26:11,False,3.261e-05,1.046e-08,22911405.0,2.39837,0x05...7066,https://bscscan.com/tx/0xed23736739af4ef79b7539375adf1c2d86e9038450b0e5af33627bd329744560
2023-03-28 18:26:11,False,3.262e-05,1.047e-08,142198.0,0.0148,0x05...7066,https://bscscan.com/tx/0xed23736739af4ef79b7539375adf1c2d86e9038450b0e5af33627bd329744560
2023-03-28 18:25:38,False,3.249e-05,1.047e-08,52507861.0,5.50148,0x05...7066,https://bscscan.com/tx/0x5356bad59484c1d5e95472f99e4e1e1e3a4e5e37d99b64fd4240e5a15bee8210
2023-03-28 18:25:38,False,3.251e-05,1.048e-08,13915.3,0.0014,0x05...7066,https://bscscan.com/tx/0x5356bad59484c1d5e95472f99e4e1e1e3a4e5e37d99b64fd4240e5a15bee8210
2023-03-28 18:25:35,False,3.252e-05,1.048e-08,5138347.0,0.5387,0x6b...9f5d,https://bscscan.com/tx/0x020d19d30b2a4cb9317a72a68403ecfe62e0d08f2dad53b21bee229bd7fa746c
2023-03-28 18:25:35,False,3.252e-05,1.048e-08,13594.2,0.0014,0x6b...9f5d,https://bscscan.com/tx/0x020d19d30b2a4cb9317a72a68403ecfe62e0d08f2dad53b21bee229bd7fa746c
2023-03-28 18:25:32,False,3.268e-05,1.048e-08,5019796.0,0.5263,0x6b...9f5d,https://bscscan.com/tx/0x9432cb408fbbdce860284a4e60e7d07ebdfb9a82dbfe8ec3ef9e0985c0e150be
2023-03-28 18:25:32,False,3.268e-05,1.048e-08,270000.0,0.0283,0x6b...9f5d,https://bscscan.com/tx/0x9432cb408fbbdce860284a4e60e7d07ebdfb9a82dbfe8ec3ef9e0985c0e150be
2023-03-28 18:25:32,False,3.272e-05,1.049e-08,99700000.0,10.4676,0x9b...2220,https://bscscan.com/tx/0x2725f535df8cf325c3181a556238c675a80a8403801bb56ae2025ba7370fa7ec
2023-03-28 18:25:32,False,3.276e-05,1.051e-08,13683.9,0.0014,0x9b...2220,https://bscscan.com/tx/0x2725f535df8cf325c3181a556238c675a80a8403801bb56ae2025ba7370fa7ec
2023-03-28 18:25:29,False,3.276e-05,1.051e-08,5052900.0,0.5311,0x6b...9f5d,https://bscscan.com/tx/0x94a9f0f0e3e2337ab41816e4c9b3d27c374deda33545f6d5552d81bfb211ee7f
2023-03-28 18:25:26,False,3.277e-05,1.051e-08,11141415.0,1.17144,0x6f...d6d6,https://bscscan.com/tx/0xd49656700cd834b3a4dffe62c64ab07492bbe58fbe669fe47974470aaeb47c35
2023-03-28 18:25:26,False,3.278e-05,1.051e-08,17221356.0,1.81131,0x60...290b,https://bscscan.com/tx/0x8b24a16481f7d40d044f02409f36ce0144031d798a23fb67f0874d65e3e637c5
2023-03-28 18:25:26,False,3.278e-05,1.052e-08,1214830.0,0.1278,0x60...290b,https://bscscan.com/tx/0x8b24a16481f7d40d044f02409f36ce0144031d798a23fb67f0874d65e3e637c5
2023-03-28 18:25:26,True,3.283e-05,1.053e-08,304527531.0,32.0809,0xf3...e9ed,https://bscscan.com/tx/0xbdb4a0f40f8a7b3e06bf5e4dd7fc966f72a8be3c3c37e06e8f10fd5c1bcf2f9a
2023-03-28 18:19:35,True,3.265e-05,1.047e-08,143150179.0,15.0,0x97...2157,https://bscscan.com/tx/0x1271f67e8efea8b9c0fc592b22a9b0010d7ae3ace0da13cb53198a5b7fa97940
2023-03-28 18:18:44,True,3.26e-05,1.046e-08,644263.0,0.0673,0xe2...c4ba,https://bscscan.com/tx/0x6290f7d718de1f78701fce55397dca330a91a8878342259f695ecf6f90a40ff9
2023-03-28 18:16:32,True,3.26e-05,1.046e-08,605000.0,0.0632,0x55...8327,https://bscscan.com/tx/0x7bbd9fa52f0bec779c8ab99866ee2045026a18ae86b61998a83d3dae792aa167
2023-03-28 18:16:23,True,3.244e-05,1.046e-08,613417.0,0.0641,0x1f...5fce,https://bscscan.com/tx/0x5e6cdcdcd0e343b276554cd7ce66ee5ba70ea10731943f8bd0a1bf2e09e974d3
2023-03-28 18:12:44,True,3.26e-05,1.046e-08,92221.0,0.0096,0xf6...e5e7,https://bscscan.com/tx/0x625c2665efcfa50574f1785caa3b71beb42fe757d11bcc6f89785fd0abd857cf
2023-03-28 18:10:26,False,3.243e-05,1.04e-08,303528.0,0.0315,0x4e...585e,https://bscscan.com/tx/0x2d8bcb5a1dfb9e9b21aebab35dfc4c87e7e3d0d77349c7fe1e350afb19b57068
2023-03-28 18:10:26,False,3.243e-05,1.04e-08,6952.21,7.235e-05,0x4e...585e,https://bscscan.com/tx/0x2d8bcb5a1dfb9e9b21aebab35dfc4c87e7e3d0d77349c7fe1e350afb19b57068
2023-03-28 18:10:02,True,3.26e-05,1.046e-08,1810440.0,0.1893,0x94...a2b5,https://bscscan.com/tx/0x4db97d62c9be9ddb3935a779e1728c598a3430d7a601c6de0e28d04551e3b76a
2023-03-28 18:09:50,True,3.259e-05,1.045e-08,679215.0,0.071,0x21...c959,https://bscscan.com/tx/0x4e421f33b2a1dc9a3f65f48525f3309d6424cb0e0d9bbc27633dfbd250c0cf79
2023-03-28 18:09:35,False,3.227e-05,1.04e-08,84982.5,0.0088,0xf9...a90f,https://bscscan.com/tx/0x1916a2071acd4353678e45ca41261b603f45a4b4bd63400efec4ee6777064c57
2023-03-28 18:09:35,False,3.227e-05,1.04e-08,9807.35,0.001,0xf9...a90f,https://bscscan.com/tx/0x1916a2071acd4353678e45ca41261b603f45a4b4bd63400efec4ee6777064c57
2023-03-28 18:09:20,True,3.259e-05,1.045e-08,2785392.0,0.2913,0xd5...a4bd,https://bscscan.com/tx/0xedde9a2ef78ac923aff6fd14030c3020106293d69a57386e8b77796b08adcca0
2023-03-28 18:09:05,False,3.227e-05,1.04e-08,844418.0,0.0878,0x79...9df9,https://bscscan.com/tx/0x290d67c52971e7717006bf4e7a9754443032ed78062dfbdd199a346c97a268a2
2023-03-28 18:09:05,False,3.227e-05,1.04e-08,4450.03,4.631e-05,0x79...9df9,https://bscscan.com/tx/0x290d67c52971e7717006bf4e7a9754443032ed78062dfbdd199a346c97a268a2
2023-03-28 18:07:17,True,3.243e-05,1.045e-08,1533765.0,0.1604,0xbb...4fad,https://bscscan.com/tx/0xef9055576493849c0082d951fc253ba3e13984037694a65aa28551238833d54a
2023-03-28 18:06:47,False,3.243e-05,1.04e-08,114050.0,0.0118,0x4e...585e,https://bscscan.com/tx/0x54e0c89229d4c51b3a11ebf5bc1649cd83ab28c83352652272266287bdc4555e
2023-03-28 18:06:47,False,3.243e-05,1.04e-08,1230.58,1.28e-05,0x4e...585e,https://bscscan.com/tx/0x54e0c89229d4c51b3a11ebf5bc1649cd83ab28c83352652272266287bdc4555e
2023-03-28 18:06:20,False,3.245e-05,1.04e-08,199400.0,0.0207,0x6d...1939,https://bscscan.com/tx/0xd74e7a892e3fb8ac3e7e680afe0ceb1a764472f75127d576700126515291ea1a
2023-03-28 18:06:20,False,3.245e-05,1.04e-08,3614.01,3.76e-05,0x6d...1939,https://bscscan.com/tx/0xd74e7a892e3fb8ac3e7e680afe0ceb1a764472f75127d576700126515291ea1a
2023-03-28 18:06:05,True,3.259e-05,1.045e-08,872635.0,0.0912,0x0b...f46b,https://bscscan.com/tx/0xc1dc5e0304725d8bf8d6f42b057c0fc4a7c4c708f1e830329ea337cecd44203d
2023-03-28 18:05:56,False,3.243e-05,1.04e-08,379252.0,0.0394,0x4e...585e,https://bscscan.com/tx/0x43251f35ba072ec329d9c3a3fcd299e69d7b401e5b2fbe20e1d0805c333ca5f1
2023-03-28 18:05:56,False,3.243e-05,1.04e-08,908.505,9.454e-06,0x4e...585e,https://bscscan.com/tx/0x43251f35ba072ec329d9c3a3fcd299e69d7b401e5b2fbe20e1d0805c333ca5f1
2023-03-28 18:05:05,False,3.227e-05,1.04e-08,335474.0,0.0349,0x4e...585e,https://bscscan.com/tx/0x807c68451942b69bda8013ef563fac1ede6bfd2e0e985eeb491f79e3559505bb
2023-03-28 18:05:05,False,3.227e-05,1.04e-08,1345.95,1.4e-05,0x4e...585e,https://bscscan.com/tx/0x807c68451942b69bda8013ef563fac1ede6bfd2e0e985eeb491f79e3559505bb
2023-03-28 17:59:29,False,3.23e-05,1.04e-08,497005.0,0.0517,0x08...a3b2,https://bscscan.com/tx/0x4cc67760e7d9803c6ba18cc2f6c4fd0661c31eb301662695444296178f03d345
2023-03-28 17:59:29,False,3.23e-05,1.04e-08,11401.0,0.0011,0x08...a3b2,https://bscscan.com/tx/0x4cc67760e7d9803c6ba18cc2f6c4fd0661c31eb301662695444296178f03d345
2023-03-28 17:59:02,True,3.263e-05,1.045e-08,3811154.0,0.3985,0x17...2019,https://bscscan.com/tx/0x04b2409c423204434bf5fabebd102b857f1653a61be2103bf30e71b79d85b6bf
2023-03-28 17:58:50,False,3.246e-05,1.04e-08,410192.0,0.0426,0xfe...403e,https://bscscan.com/tx/0x0f14ef97eff7f53e168a818ce7654a49b6461cb9785f382233228cd67ff34e3f
2023-03-28 17:58:50,False,3.246e-05,1.04e-08,6701.37,6.973e-05,0xfe...403e,https://bscscan.com/tx/0x0f14ef97eff7f53e168a818ce7654a49b6461cb9785f382233228cd67ff34e3f
2023-03-28 17:58:38,False,3.23e-05,1.04e-08,2474543.0,0.2575,0xf1...f7ac,https://bscscan.com/tx/0x570503a5c1e48f0f7fb72e8dc67060dbc0e2d25b540685398a412c167b0d86e3
2023-03-28 17:58:38,False,3.23e-05,1.04e-08,6232.59,6.485e-05,0xf1...f7ac,https://bscscan.com/tx/0x570503a5c1e48f0f7fb72e8dc67060dbc0e2d25b540685398a412c167b0d86e3
2023-03-28 17:56:14,True,3.264e-05,1.045e-08,1825856.0,0.1909,0x22...4f59,https://bscscan.com/tx/0x62baaeacd2ff6cd0a390c1d8640ff10165c996fa3ba6a98821f1f6e18da49ae6
2023-03-28 17:51:32,False,3.231e-05,1.04e-08,481064.0,0.05,0xbf...6376,https://bscscan.com/tx/0xd551e00838b726fd44951c95239de5b60838e6ad70524cc24b493ab39bb6561f
2023-03-28 17:51:32,False,3.231e-05,1.04e-08,135000.0,0.014,0xbf...6376,https://bscscan.com/tx/0xd551e00838b726fd44951c95239de5b60838e6ad70524cc24b493ab39bb6561f
2023-03-28 17:49:06,False,3.234e-05,1.041e-08,49850000.0,5.19057,0xcc...25cf,https://bscscan.com/tx/0x8bfa3d8f51c44d70053c052d59ba36c800e4df669381d09922751f1d481132a3
2023-03-28 17:49:06,False,3.236e-05,1.041e-08,40145.9,0.0041,0xcc...25cf,https://bscscan.com/tx/0x8bfa3d8f51c44d70053c052d59ba36c800e4df669381d09922751f1d481132a3
2023-03-28 17:46:21,True,3.27e-05,1.047e-08,85953.1,0.009,0x20...dd3c,https://bscscan.com/tx/0x1e1bfda9185fac4eeb883c271d172f4ad22aee56e2f0ac0b52f307c88781ec74
2023-03-28 17:45:36,False,3.255e-05,1.042e-08,14738538.0,1.53581,0xea...0a47,https://bscscan.com/tx/0xa11584f1d4232508cf44d2c340b2948ab0840a2c9e4a8116e46a5d29c59ca638
2023-03-28 17:45:36,False,3.256e-05,1.042e-08,9559.55,9.963e-05,0xea...0a47,https://bscscan.com/tx/0xa11584f1d4232508cf44d2c340b2948ab0840a2c9e4a8116e46a5d29c59ca638
2023-03-28 17:45:15,True,3.273e-05,1.047e-08,444780.0,0.0465,0xde...e36b,https://bscscan.com/tx/0x7beeb1f5d67b02d60f5b232929e665ed24835fd8fb29133004afe9b45b97383c
2023-03-28 17:45:06,False,3.24e-05,1.042e-08,3086506.0,0.3216,0xdf...a518,https://bscscan.com/tx/0xf0ccbe7f5e01b4512b17b3f4daa6dbebe70ff5f59df454ecf521ef52fa26926e
2023-03-28 17:45:06,False,3.24e-05,1.042e-08,32830.1,0.0034,0xdf...a518,https://bscscan.com/tx/0xf0ccbe7f5e01b4512b17b3f4daa6dbebe70ff5f59df454ecf521ef52fa26926e
2023-03-28 17:44:54,True,3.258e-05,1.047e-08,133098.0,0.0139,0x39...b178,https://bscscan.com/tx/0xf6b0b8f5bf3ff34a42a5d5103c744107ba291919f27fb099980faf871057141e
2023-03-28 17:42:21,True,3.275e-05,1.047e-08,1373635.0,0.1438,0x29...b79c,https://bscscan.com/tx/0x2f6f5d51a8583be9335e8efa0de1584f2488abb533f17664a24169c06e32c3a0
2023-03-28 17:42:12,True,3.258e-05,1.047e-08,9943702.0,1.04146,0x18...e038,https://bscscan.com/tx/0xeb56ac321e65f854bb5195c3b9ab454d1eaf9e51ca24ba0cbc67f67dfc767340
2023-03-28 17:41:21,True,3.274e-05,1.047e-08,111724.0,0.0117,0x9b...17e6,https://bscscan.com/tx/0x42d4a0a33c37393c0f10e64cc9c1cb047d944e072f69309cee712b3e06f54554
2023-03-28 17:40:39,False,3.24e-05,1.042e-08,498500.0,0.0519,0x96...2fef,https://bscscan.com/tx/0x154e8709d8263cdcbae239768f8115bb1831a2881751eda508630214152764d0
2023-03-28 17:40:39,False,3.24e-05,1.042e-08,27952.5,0.0029,0x96...2fef,https://bscscan.com/tx/0x154e8709d8263cdcbae239768f8115bb1831a2881751eda508630214152764d0
2023-03-28 17:40:30,True,3.256e-05,1.047e-08,9809035.0,1.02712,0x44...475b,https://bscscan.com/tx/0x0561d399f62c3723240a9cca447441a2e4bcad5d8dd7cd3dd89d9ac74ff27e40
2023-03-28 17:40:09,False,3.241e-05,1.041e-08,542118.0,0.0564,0x68...3e79,https://bscscan.com/tx/0xcd2cccbe70b2bd7ca9a10012eb34ebdadacaefd5c09e454bda0e9aaa4c4ba97a
2023-03-28 17:40:09,False,3.241e-05,1.041e-08,495106.0,0.0515,0x68...3e79,https://bscscan.com/tx/0xcd2cccbe70b2bd7ca9a10012eb34ebdadacaefd5c09e454bda0e9aaa4c4ba97a
2023-03-28 17:39:36,True,3.273e-05,1.046e-08,19861089.0,2.079,0xcc...0331,https://bscscan.com/tx/0x95ca782f0c536124dee0da6eab990ca62a8e61efe04ae6ca0469dc22738ae48e
2023-03-28 17:39:27,True,3.268e-05,1.045e-08,100300903.0,10.4842,0x9b...2220,https://bscscan.com/tx/0x9c4bd0f5c24d6f06f3a0613a9dfbc9661b79b558fc09bb744b7696cf043cfc8d
2023-03-28 17:39:12,True,3.264e-05,1.043e-08,3616315.0,0.3775,0x2f...abeb,https://bscscan.com/tx/0xb7387af8cd3371aae633949f91a961dc7de4599fda5615469f8a551a3fad18c8
2023-03-28 17:39:00,True,3.264e-05,1.043e-08,15650280.0,1.63349,0x20...946b,https://bscscan.com/tx/0xd84df60c2ed200f1fce1179dd8a2f8cb0b4aac06ec04bc52dd192c952457261c
2023-03-28 17:37:42,True,3.262e-05,1.043e-08,19965581.0,2.08302,0xcc...0331,https://bscscan.com/tx/0x4e91c9e6211d401b12b1adb2d4a39bbdede1bbab422758d7eb0c53199c34e781
2023-03-28 17:37:39,False,3.227e-05,1.037e-08,420958.0,0.0436,0x61...5e42,https://bscscan.com/tx/0x67f513185edb46e0489f6b69e8e1ebe72f19cdefd8f099e404db7ba0bad710bb
2023-03-28 17:37:39,False,3.227e-05,1.037e-08,19007.6,0.0019,0x61...5e42,https://bscscan.com/tx/0x67f513185edb46e0489f6b69e8e1ebe72f19cdefd8f099e404db7ba0bad710bb
2023-03-28 17:37:27,True,3.261e-05,1.043e-08,462941.0,0.0482,0x61...0566,https://bscscan.com/tx/0xb3b56071628c616360241810a062d44a90f7bd86536d76eb954b54ca5e688763
2023-03-28 17:37:12,True,3.261e-05,1.043e-08,1869512.0,0.195,0x1c...ee15,https://bscscan.com/tx/0x07c0a5db9685a9129561214228417e850dcff792320cab5579b4c43818eeb458
2023-03-28 17:36:57,True,3.245e-05,1.042e-08,1878324.0,0.1959,0x1c...ee15,https://bscscan.com/tx/0x7909733d7a362811f1a890fbbce2d0a4268823ed996f3aa337f10029e5479184
2023-03-28 17:36:48,True,3.245e-05,1.042e-08,183963.0,0.0191,0xb3...9d8b,https://bscscan.com/tx/0xaf951f3478a215bd62d0e949c697ec3fed85c556a57ef090391e4558f2ba5648
2023-03-28 17:35:30,True,3.26e-05,1.042e-08,1412017.0,0.1472,0x61...0566,https://bscscan.com/tx/0xdc9e5399e0cfd41cb46eaf6446291ad5a31c4393774f61882311bbda764f1e0e
2023-03-28 17:35:06,True,3.244e-05,1.042e-08,214646.0,0.0223,0xcd...acd4,https://bscscan.com/tx/0x4db9b72d5a29eda7c811862ac266dc4d054aff16a87b1aaaa86ee27de77c3588
2023-03-28 17:32:45,False,3.245e-05,1.037e-08,1015385.0,0.1053,0xaa...03a2,https://bscscan.com/tx/0xfe87cb023c9e2a233631bef21e6b39bf1189722d367da9b3383366d0e72557c9
2023-03-28 17:32:45,False,3.245e-05,1.037e-08,11457.7,0.0011,0xaa...03a2,https://bscscan.com/tx/0xfe87cb023c9e2a233631bef21e6b39bf1189722d367da9b3383366d0e72557c9
2023-03-28 17:32:42,True,3.261e-05,1.042e-08,2876574.0,0.3,0x9a...bbe0,https://bscscan.com/tx/0x0e7588b62629d161a8d693e14353d72d89927b06769600733dd59a53c59633f9
2023-03-28 17:31:00,False,3.243e-05,1.037e-08,1362918.0,0.1414,0x82...df42,https://bscscan.com/tx/0xfd3c8222bd9d8bb61a237ad6c560559ce1530ee2cae7be135c7f0cf94a6021d6
2023-03-28 17:31:00,False,3.243e-05,1.037e-08,2934.54,3.045e-05,0x82...df42,https://bscscan.com/tx/0xfd3c8222bd9d8bb61a237ad6c560559ce1530ee2cae7be135c7f0cf94a6021d6
2023-03-28 17:30:03,False,3.227e-05,1.037e-08,1083607.0,0.1124,0xf6...4a35,https://bscscan.com/tx/0x64beef156f01b5dc60c53fe6fdcd0e0c1bac465e4698c6a2e0f2a34b5e6cf894
2023-03-28 17:30:03,False,3.227e-05,1.037e-08,6557.32,6.804e-05,0xf6...4a35,https://bscscan.com/tx/0x64beef156f01b5dc60c53fe6fdcd0e0c1bac465e4698c6a2e0f2a34b5e6cf894
2023-03-28 17:29:54,True,3.26e-05,1.042e-08,67118.5,0.007,0x68...e3ad,https://bscscan.com/tx/0x31d9a9255305592c622e3af84f744b3aee1ed6f672fd582a9029b96981f013a1
2023-03-28 17:27:24,False,3.243e-05,1.037e-08,1988018.0,0.2063,0xce...b66f,https://bscscan.com/tx/0xe005e6a5756f7414b527f56bc1ee8d4b74a7fe69fe2288478e217e097b55b302
2023-03-28 17:27:24,False,3.243e-05,1.037e-08,93409.2,0.0096,0xce...b66f,https://bscscan.com/tx/0xe005e6a5756f7414b527f56bc1ee8d4b74a7fe69fe2288478e217e097b55b302
2023-03-28 17:27:15,True,3.242e-05,1.042e-08,15921704.0,1.66029,0x73...6756,https://bscscan.com/tx/0x6580c815309bba2611e2c2298e25f21b4a1da6cf644b5831a122b5b809d562a2
2023-03-28 17:24:27,True,3.258e-05,1.042e-08,100000.0,0.0104,0x18...0d75,https://bscscan.com/tx/0xdcc429f32fa010d580c1effd57996f9ef6b357173a69dab6be83f3187f96e805
2023-03-28 17:23:33,True,3.242e-05,1.042e-08,7751474.0,0.808,0x68...e3ad,https://bscscan.com/tx/0x43a5880bf3342bcfe396b252692cb58ff88ba84c25da271b67e1a520e143ef6a
2023-03-28 17:22:39,True,3.261e-05,1.042e-08,9594407.0,1.0,0xa8...8a78,https://bscscan.com/tx/0xb5bce56d327bb42c956b5396bd97ee3584bf779258c112ab7cafbc0e1834c727
2023-03-28 17:21:21,False,3.228e-05,1.036e-08,44060.1,0.0045,0xaa...03a2,https://bscscan.com/tx/0xb04d3cf1d38bcde87d088dce62a665647603362ebcc59eeb8e685916ecdf766a
2023-03-28 17:21:12,False,3.245e-05,1.037e-08,16269590.0,1.6874,0x80...f248,https://bscscan.com/tx/0xd632b751da375b0a222498b49375c1d2c49dd5a5a495d839942b2d61fa689294
2023-03-28 17:21:12,False,3.246e-05,1.037e-08,1671.57,1.734e-05,0x80...f248,https://bscscan.com/tx/0xd632b751da375b0a222498b49375c1d2c49dd5a5a495d839942b2d61fa689294
2023-03-28 17:20:39,False,3.23e-05,1.037e-08,617244.0,0.064,0xa2...b4ef,https://bscscan.com/tx/0xa8c3bdc99fd8b1c8906c47e702308b33a7c7ef69357456c0cba29aea160a9681
2023-03-28 17:19:54,False,3.23e-05,1.037e-08,5659360.0,0.5871,0xdc...c6dd,https://bscscan.com/tx/0xe3ed6f8f6153120a8dddeca3c2caef218d22bf8e6ccff73cfb8845263e19da5f
2023-03-28 17:19:54,False,3.231e-05,1.037e-08,152630.0,0.0158,0xdc...c6dd,https://bscscan.com/tx/0xe3ed6f8f6153120a8dddeca3c2caef218d22bf8e6ccff73cfb8845263e19da5f
2023-03-28 17:19:30,True,3.245e-05,1.042e-08,51427376.0,5.35914,0x0c...c0eb,https://bscscan.com/tx/0x1b09d91f245e4606cd6167016b1141b894c8eebab8717c74ab68624a77f7f9b2
2023-03-28 17:18:30,True,3.26e-05,1.041e-08,96020.7,0.01,0xc9...01d0,https://bscscan.com/tx/0xd13fb8d6995240e7e4893e15dedc7163be220288e2a63fd27c24abe1a9b5563c
2023-03-28 17:17:27,False,3.244e-05,1.036e-08,4991272.0,0.5172,0x37...4c1c,https://bscscan.com/tx/0xd28d5d6510fdd7682779c05483f5d8ac37bdbd42157d4bab4a3d82654be51b04
2023-03-28 17:17:27,False,3.244e-05,1.036e-08,14558.1,0.0015,0x37...4c1c,https://bscscan.com/tx/0xd28d5d6510fdd7682779c05483f5d8ac37bdbd42157d4bab4a3d82654be51b04
2023-03-28 17:16:33,True,3.261e-05,1.041e-08,766985.0,0.0798,0x0a...db63,https://bscscan.com/tx/0x7cbdb6dfdd9a62ccad80d4b93416b9224328053eaed2f736cf87bb5ad0124ee3
2023-03-28 17:16:27,True,3.26e-05,1.041e-08,2652500.0,0.2762,0xc2...e217,https://bscscan.com/tx/0x58c323e520fe2a069adb0b3166b425f34c7f82fc5e324e698b7baa36c1e6a254
2023-03-28 17:16:12,True,3.244e-05,1.041e-08,1632324.0,0.17,0x4e...abb7,https://bscscan.com/tx/0x0a915169fbfa6482b3214d7f7375c07202b8af5e781195137a71b4a18f237a93
2023-03-28 17:15:54,False,3.243e-05,1.036e-08,339049.0,0.0351,0x28...f90d,https://bscscan.com/tx/0x22720c9ceaf459460783cdce8475c7f35550c4c4cb7074cab8581319e172e5ff
2023-03-28 17:15:54,False,3.243e-05,1.036e-08,135457.0,0.014,0x28...f90d,https://bscscan.com/tx/0x22720c9ceaf459460783cdce8475c7f35550c4c4cb7074cab8581319e172e5ff
2023-03-28 17:15:39,True,3.243e-05,1.041e-08,1168168.0,0.1216,0x00...ead7,https://bscscan.com/tx/0x05384dfb2e0592256de34a1b8424913f34270ca2a7dfc286c5562df61ae7a0e5
2023-03-28 17:15:09,True,3.263e-05,1.041e-08,7103642.0,0.7397,0x62...413b,https://bscscan.com/tx/0x483acb87707cad8375e7d9cad94bc3d4b246e23b23f802eba94b4aed2ceced42
2023-03-28 17:14:36,True,3.253e-05,1.04e-08,41060589.0,4.27333,0x87...64b8,https://bscscan.com/tx/0xc3cdc27d5bf8cdccc08d22932638cd51ca8bee802de69b786a0ff9a50f5d2e7e
2023-03-28 17:13:33,False,3.236e-05,1.035e-08,834410.0,0.0863,0x11...4366,https://bscscan.com/tx/0x99e4ddd8e5218b65a59001bb6e45f39552f6980d8a799d303d797bc3e0bd1b1c
2023-03-28 17:13:33,False,3.236e-05,1.035e-08,421978.0,0.0436,0x11...4366,https://bscscan.com/tx/0x99e4ddd8e5218b65a59001bb6e45f39552f6980d8a799d303d797bc3e0bd1b1c
2023-03-28 17:13:06,True,3.23e-05,1.038e-08,154571001.0,16.05,0xdb...54d4,https://bscscan.com/tx/0xbce7f57616ced7d18fa398fc485af2656ddfcfc0e2adaef28f39e41bdb00ab42
2023-03-28 17:10:01,True,3.224e-05,1.036e-08,577635.0,0.0598,0xe1...3f37,https://bscscan.com/tx/0x3d54b4844945a923bf4bc79248ebda69f43a89ff751887abf362b098665b262d
2023-03-28 17:08:22,False,3.225e-05,1.031e-08,1136016.0,0.1171,0x63...01df,https://bscscan.com/tx/0x0edc850a7bf5a582dafc2528c168f1b196df21113df66ca9697b53a41056fdf4
2023-03-28 17:08:22,False,3.225e-05,1.031e-08,1010.56,1.042e-05,0x63...01df,https://bscscan.com/tx/0x0edc850a7bf5a582dafc2528c168f1b196df21113df66ca9697b53a41056fdf4
2023-03-28 17:08:13,False,3.225e-05,1.031e-08,373160.0,0.0384,0xa6...17fe,https://bscscan.com/tx/0x234bcc95c5e67f22dd32c91c6ad7da7d4d4bcbd74ef3210c4c110daae5c3a6b8
2023-03-28 17:08:13,False,3.225e-05,1.031e-08,4604278.0,0.4748,0xa6...17fe,https://bscscan.com/tx/0x234bcc95c5e67f22dd32c91c6ad7da7d4d4bcbd74ef3210c4c110daae5c3a6b8
2023-03-28 17:07:43,True,3.225e-05,1.036e-08,378418.0,0.0392,0xa6...17fe,https://bscscan.com/tx/0xec86b5527983c4400da6b16b83f294aa8cfe4dc17a0ed0e4edae7439e2cc03f5
2023-03-28 17:07:22,True,3.234e-05,1.034e-08,183467248.0,18.9766,0xa0...def1,https://bscscan.com/tx/0x7e61ad69e386dfa21dd5ff04b48b743ce6ad7c6de1bf0c751f07817d90dba343
2023-03-28 17:07:16,True,3.227e-05,1.032e-08,1000000.0,0.1032,0xa6...17fe,https://bscscan.com/tx/0x80defa0fde3d15e8c3d3afb5d5f636170be61a3bd48b2d267ea7e6704a01890c
2023-03-28 17:07:13,True,3.227e-05,1.032e-08,813255.0,0.0839,0x2a...e55a,https://bscscan.com/tx/0x1a49e97ec409dbc1f13d3c26d7f4766a0c2862d4865a0638f3451cf2dec85ae7
2023-03-28 17:07:01,True,3.227e-05,1.031e-08,5029888.0,0.519,0x6b...9f5d,https://bscscan.com/tx/0xb57561ca6ff2945578240488dd4bf8cc653ea4e1509c233ee739d320f6e5a1e5
2023-03-28 17:06:58,True,3.226e-05,1.031e-08,5119889.0,0.5283,0x6b...9f5d,https://bscscan.com/tx/0xee746af49bbf4a060db8a9eff246205dfac77080edcb8dffd9da1a34b24260a3
2023-03-28 17:06:55,True,3.226e-05,1.031e-08,5174990.0,0.5339,0x6b...9f5d,https://bscscan.com/tx/0x316ad5d29f36c1cfee336056e970a7b2d2f09035b5c6a07df516e38702cd8a56
2023-03-28 17:06:49,True,3.225e-05,1.031e-08,5027746.0,0.5186,0x6b...9f5d,https://bscscan.com/tx/0x61c7079870214126dd7e191e467ee72ac4d93575bec4ae448109fba176eaa59c
2023-03-28 17:06:43,True,3.225e-05,1.031e-08,5155335.0,0.5317,0x6b...9f5d,https://bscscan.com/tx/0xfa4edeb6f97074ba0586b5df3f9c583df3e5731ff1a484c314850245418e811e
2023-03-28 17:06:37,True,3.225e-05,1.031e-08,5171549.0,0.5333,0x6b...9f5d,https://bscscan.com/tx/0x006eea984f340d7638c31778dbc3f222098aadf70737ad3d0ce3be88e5c14b9f
2023-03-28 17:06:31,True,3.224e-05,1.031e-08,5074822.0,0.5233,0x6b...9f5d,https://bscscan.com/tx/0x7ec6d25e935d4250ee4f657611256ae2c88d00fde75dd4d7279a0ed60ad4cabe
2023-03-28 17:06:28,True,3.224e-05,1.031e-08,5101954.0,0.526,0x6b...9f5d,https://bscscan.com/tx/0x14c311267afb8711a16d29245d255ae88f3b5928bb03de5fe7a3d368c3aa8178
2023-03-28 17:06:28,True,3.22e-05,1.029e-08,100300903.0,10.3292,0x9b...2220,https://bscscan.com/tx/0xc29fec1cb0a8a5545e5dc952266ea9b8871531b803957640bbe2c7656b333e3e
2023-03-28 17:06:25,True,3.215e-05,1.028e-08,5173028.0,0.532,0x6b...9f5d,https://bscscan.com/tx/0xd8fcfb7089b3d98bed4924a47e66d081c6a0f533b870a4641f5bd4f065898986
2023-03-28 17:06:25,True,3.214e-05,1.028e-08,31105847.0,3.198,0x17...4266,https://bscscan.com/tx/0x6ede8084f9fd4544b321d2cfc912da3fd1fe12f4259838dd5c9a6ff0b29ceff3
2023-03-28 17:06:25,True,3.212e-05,1.027e-08,31129449.0,3.19808,0x84...40b6,https://bscscan.com/tx/0x28570adb09e09645a64898959156c4cc8552d0b3c8e15cbb4c30a24b8ee3b036
2023-03-28 17:06:25,True,3.21e-05,1.026e-08,20048547.0,2.05844,0xcc...0331,https://bscscan.com/tx/0x9768a0b71ef4920d91ede61763201c78be7b5accc5f8ab97a6e1ffa1c453ec24
2023-03-28 17:06:22,True,3.205e-05,1.025e-08,154953832.0,15.8847,0x69...a52a,https://bscscan.com/tx/0x7af5afae3b2a8c8dfd0a36f8accdd2040327c691c51dfe4e78930954ecaf9762
2023-03-28 17:06:22,True,3.197e-05,1.022e-08,11381987.0,1.16393,0xc1...1cf2,https://bscscan.com/tx/0x315a0aee5d7b3809c84079e3db837206fb0e4075890ba65afcf7d28378606418
2023-03-28 17:06:22,True,3.195e-05,1.022e-08,31460454.0,3.21554,0x1a...203e,https://bscscan.com/tx/0x943edd95bb3256966e8e9c09289fc954d1afed7eaa3ad0ec793ba9c7be7ba99f
2023-03-28 17:06:22,True,3.193e-05,1.021e-08,31943648.0,3.26249,0xc0...0c61,https://bscscan.com/tx/0x9b81034ec600b60d6a8618a5aadfd43ee9209a8db6a5d005462df211cc0029ba
2023-03-28 17:06:22,True,3.192e-05,1.02e-08,3050815.0,0.3114,0x55...14bc,https://bscscan.com/tx/0xa4535481912deab6f8676182d61d6410f1e1afe75d4f82f9f5855c6332859c15
2023-03-28 17:06:22,True,3.189e-05,1.02e-08,68537158.0,6.99111,0xb6...efc5,https://bscscan.com/tx/0xb07a2e5e896a8912e71db2856cd445c2034af221e19cf6946d35a559acf6ad5f
2023-03-28 17:06:22,False,3.209e-05,1.026e-08,1030275257.0,105.763,0x83...98c1,https://bscscan.com/tx/0x360029cbe5541b774dd08af34898775413b9fb96df6d584f868b4a5c1b72a1cf
2023-03-28 17:06:22,False,3.248e-05,1.039e-08,20298.1,0.0021,0x83...98c1,https://bscscan.com/tx/0x360029cbe5541b774dd08af34898775413b9fb96df6d584f868b4a5c1b72a1cf
2023-03-28 17:05:49,False,3.249e-05,1.039e-08,7495277.0,0.7788,0x74...375d,https://bscscan.com/tx/0x8a36e03f434e657a2a19716fd98f2fd92191de07033ffbecab1a45c49bcdc7d7
2023-03-28 17:05:49,False,3.249e-05,1.039e-08,33190.6,0.0034,0x74...375d,https://bscscan.com/tx/0x8a36e03f434e657a2a19716fd98f2fd92191de07033ffbecab1a45c49bcdc7d7
2023-03-28 17:05:28,True,3.265e-05,1.044e-08,3142973.0,0.3282,0xe2...c4ba,https://bscscan.com/tx/0xf76ea7b55082eefd72a306109d4d84b654228b6f16132643b8c9f13c9b623189
2023-03-28 17:04:07,False,3.249e-05,1.039e-08,9122408.0,0.9481,0xee...bc2e,https://bscscan.com/tx/0x764468c200949bb029912ba70493cf1c7fa8a821a6e168ee3808306741fc1e76
2023-03-28 17:04:07,False,3.249e-05,1.039e-08,806.155,8.379e-06,0xee...bc2e,https://bscscan.com/tx/0x764468c200949bb029912ba70493cf1c7fa8a821a6e168ee3808306741fc1e76
2023-03-28 17:03:22,False,3.233e-05,1.039e-08,297680.0,0.0309,0x92...a575,https://bscscan.com/tx/0x3fd61a16af0148426fc1242b93c86d7f195344c574c4e97d9df1033262a4ef29
2023-03-28 17:03:22,False,3.233e-05,1.039e-08,337430.0,0.035,0x92...a575,https://bscscan.com/tx/0x3fd61a16af0148426fc1242b93c86d7f195344c574c4e97d9df1033262a4ef29
2023-03-28 17:03:22,True,3.249e-05,1.044e-08,14055243.0,1.46804,0x28...6d66,https://bscscan.com/tx/0xbda1c442b160341cdfc80188958b2f6275ecd00796fe9536e54f0fea646299fa
2023-03-28 17:02:58,False,3.252e-05,1.04e-08,101301866.0,10.5388,0x05...7066,https://bscscan.com/tx/0x49274e68b3d7945981135df877dd0497339f00bcd1d1aa78d1dd3a8086b30c30
2023-03-28 17:02:58,False,3.256e-05,1.041e-08,1597.59,1.664e-05,0x05...7066,https://bscscan.com/tx/0x49274e68b3d7945981135df877dd0497339f00bcd1d1aa78d1dd3a8086b30c30
2023-03-28 17:02:55,False,3.256e-05,1.041e-08,589925.0,0.0614,0x58...3fd5,https://bscscan.com/tx/0x1b20b2467e0d209de6357ffeca57db6c5f4a83833fb92a05db26aed9b3518cf7
2023-03-28 17:02:55,False,3.256e-05,1.041e-08,264301.0,0.0275,0x58...3fd5,https://bscscan.com/tx/0x1b20b2467e0d209de6357ffeca57db6c5f4a83833fb92a05db26aed9b3518cf7
2023-03-28 17:02:01,False,3.26e-05,1.042e-08,97595464.0,10.1775,0x05...7066,https://bscscan.com/tx/0xa394642e3f4d1440cf705764169c12a50b864b9a9e932e841443416d3e6aaf76
2023-03-28 17:02:01,False,3.264e-05,1.044e-08,138148.0,0.0144,0x05...7066,https://bscscan.com/tx/0xa394642e3f4d1440cf705764169c12a50b864b9a9e932e841443416d3e6aaf76
2023-03-28 17:01:43,True,3.28e-05,1.049e-08,841028.0,0.0882,0xbb...c106,https://bscscan.com/tx/0x1b76eba7c2299d2243324d088d4f6f3db7ea03c71d8c9625ca9bad092253c3ac
2023-03-28 17:01:22,True,3.28e-05,1.049e-08,3574981.0,0.375,0x95...3444,https://bscscan.com/tx/0x0c05e6186108595102797a323dcea2bcf5ca73406be0750f1c63807c9e1fe952
2023-03-28 17:01:16,True,3.28e-05,1.049e-08,6510387.0,0.6829,0x89...3571,https://bscscan.com/tx/0x4955f3908a3132f63e57f277b7c72c5cd04bab94e5bc6405ce8968d2380befb5
2023-03-28 17:01:16,False,3.265e-05,1.044e-08,35647959.0,3.72239,0x05...7066,https://bscscan.com/tx/0xa27cba442a3ab7379bb486ef9a27bcc7568dfe9c1c1f6d15d114ca07d01d5a09
2023-03-28 17:01:16,False,3.266e-05,1.044e-08,27290.4,0.0028,0x05...7066,https://bscscan.com/tx/0xa27cba442a3ab7379bb486ef9a27bcc7568dfe9c1c1f6d15d114ca07d01d5a09
2023-03-28 17:01:13,False,3.266e-05,1.044e-08,10077242.0,1.05285,0xb4...395c,https://bscscan.com/tx/0xf45b71977647af6d5072669518d982b39e44b3d4dec6e75b599f066fbcbe9336
2023-03-28 17:01:13,False,3.267e-05,1.044e-08,80976.0,0.0084,0xb4...395c,https://bscscan.com/tx/0xf45b71977647af6d5072669518d982b39e44b3d4dec6e75b599f066fbcbe9336
2023-03-28 17:00:58,False,3.251e-05,1.045e-08,29901144.0,3.12549,0xc9...5d93,https://bscscan.com/tx/0xc56846e0e73b328f8102bdc0dbe68d693b3dd9c8ff36cbda86e459dcc17050c3
2023-03-28 17:00:58,False,3.253e-05,1.045e-08,316044.0,0.033,0xc9...5d93,https://bscscan.com/tx/0xc56846e0e73b328f8102bdc0dbe68d693b3dd9c8ff36cbda86e459dcc17050c3
2023-03-28 17:00:55,True,3.267e-05,1.05e-08,2096137.0,0.2202,0xbb...c106,https://bscscan.com/tx/0xdaefa8150b99483a990b0e4039fa7876b13bdc8cc84f75cda5fcf81b73c3a4f1
2023-03-28 17:00:52,True,3.267e-05,1.05e-08,14957012.0,1.57148,0xd4...cc47,https://bscscan.com/tx/0xa106a233bd9d9385628644722ce831e6638b7103d906005341bd4e252499b7e5
2023-03-28 17:00:49,False,3.253e-05,1.046e-08,99700000.0,10.4333,0x9b...2220,https://bscscan.com/tx/0x131aba6d14b63207551479c0adfa7a32735788655fecda854a99117649692450
2023-03-28 17:00:49,False,3.257e-05,1.047e-08,1046355.0,0.1096,0x9b...2220,https://bscscan.com/tx/0x131aba6d14b63207551479c0adfa7a32735788655fecda854a99117649692450
2023-03-28 17:00:43,True,3.273e-05,1.052e-08,15964600.0,1.68075,0x27...3cf8,https://bscscan.com/tx/0x3c6c70b3efe65f3dde88833873c34e84af2c316aff89f5ecadf269762d1bd524
2023-03-28 17:00:40,True,3.291e-05,1.052e-08,19744829.0,2.07785,0x00...4da7,https://bscscan.com/tx/0x541fe7db28c7c85b8a909b5d51882cdcb7e9fb345acd6ee72ee18860d183b11c
2023-03-28 17:00:40,False,3.289e-05,1.051e-08,386376213.0,40.6349,0x05...7066,https://bscscan.com/tx/0xf6376b4b4caa88660f220851a0ac756d8b40ef7ae7dbd305060e6f79de5628b7
2023-03-28 17:00:40,False,3.304e-05,1.056e-08,270000.0,0.0285,0x05...7066,https://bscscan.com/tx/0xf6376b4b4caa88660f220851a0ac756d8b40ef7ae7dbd305060e6f79de5628b7
2023-03-28 17:00:37,False,3.308e-05,1.057e-08,99700000.0,10.5465,0x9b...2220,https://bscscan.com/tx/0x6059d50c6a5aa1d8ca4a3cecea048bd1841fc398b265c3ca7a4232c4f675bfa7
2023-03-28 17:00:37,False,3.312e-05,1.059e-08,292413.0,0.0309,0x9b...2220,https://bscscan.com/tx/0x6059d50c6a5aa1d8ca4a3cecea048bd1841fc398b265c3ca7a4232c4f675bfa7
2023-03-28 17:00:31,False,3.316e-05,1.06e-08,99700000.0,10.5718,0x9b...2220,https://bscscan.com/tx/0xc22cbdbe5f832d88c417ddb88a4f3f95fce60dbb9568989d582121b1a8fc9739
2023-03-28 17:00:31,False,3.32e-05,1.061e-08,115179.0,0.0122,0x9b...2220,https://bscscan.com/tx/0xc22cbdbe5f832d88c417ddb88a4f3f95fce60dbb9568989d582121b1a8fc9739
2023-03-28 17:00:25,True,3.337e-05,1.066e-08,7901961.0,0.843,0xf5...4e5c,https://bscscan.com/tx/0xbdd07b4f19e9c8bf21e439daef5fdd4516b238519c74bf55c223ce122996a4ee
2023-03-28 17:00:25,False,3.321e-05,1.061e-08,30570783.0,3.24606,0x17...4266,https://bscscan.com/tx/0x0c83cbaf8fa5e89d68e4c8209ca826a378ca8f26119f06f023919c0c88335c25
2023-03-28 17:00:25,False,3.322e-05,1.062e-08,270000.0,0.0286,0x17...4266,https://bscscan.com/tx/0x0c83cbaf8fa5e89d68e4c8209ca826a378ca8f26119f06f023919c0c88335c25
2023-03-28 17:00:25,False,3.326e-05,1.063e-08,99700000.0,10.603,0x9b...2220,https://bscscan.com/tx/0x52ac86bcce44b276af7528ac8a2278c0c3d4fe6d9a535067cb7471e73f30c66f
2023-03-28 17:00:25,False,3.33e-05,1.064e-08,503032.0,0.0535,0x9b...2220,https://bscscan.com/tx/0x52ac86bcce44b276af7528ac8a2278c0c3d4fe6d9a535067cb7471e73f30c66f
2023-03-28 17:00:19,True,3.346e-05,1.069e-08,29351365.0,3.13982,0xa7...5ce5,https://bscscan.com/tx/0x1c79643fc174f06d114312551ea46f65c8c220659cbc77576219f438575da389
2023-03-28 17:00:19,True,3.345e-05,1.069e-08,2565305.0,0.2743,0xac...1d6c,https://bscscan.com/tx/0x911c238efbc90598149502aca237b192d68f1bfee0e5cc63f868a106728a1d1e
2023-03-28 17:00:19,True,3.344e-05,1.069e-08,10019306.0,1.07123,0x00...e6bd,https://bscscan.com/tx/0x466b62995e2320d48850c25655c1bdb3ac382146d052951a24995963f6b80d80
2023-03-28 17:00:19,False,3.333e-05,1.065e-08,153928337.0,16.4037,0x05...7066,https://bscscan.com/tx/0x78cd0af0744be84dfac184a45ce816922a4f27d10c8350dc522097fb80224adc
2023-03-28 17:00:19,False,3.339e-05,1.067e-08,82194.9,0.0087,0x05...7066,https://bscscan.com/tx/0x78cd0af0744be84dfac184a45ce816922a4f27d10c8350dc522097fb80224adc
2023-03-28 17:00:19,False,3.34e-05,1.068e-08,30351220.0,3.24161,0x17...4266,https://bscscan.com/tx/0xc218e8836f89556e2245c8e8f0cafc9faf50d176024aaee615ec02408a374525
2023-03-28 17:00:19,False,3.342e-05,1.068e-08,270000.0,0.0288,0x17...4266,https://bscscan.com/tx/0xc218e8836f89556e2245c8e8f0cafc9faf50d176024aaee615ec02408a374525
2023-03-28 17:00:19,True,3.358e-05,1.073e-08,9222726.0,0.9902,0x9d...2cc0,https://bscscan.com/tx/0x3d9f3833d8b6b50dbbc4c8f727a60d7a556f55901bcba9fe39751296db1381f4
2023-03-28 17:00:19,False,3.345e-05,1.069e-08,99700000.0,10.6627,0x9b...2220,https://bscscan.com/tx/0x010faf68517675076618d46df7a3d814eafd039ef9ea8c37b77cf9b24915543e
2023-03-28 17:00:19,False,3.349e-05,1.07e-08,83240.0,0.0089,0x9b...2220,https://bscscan.com/tx/0x010faf68517675076618d46df7a3d814eafd039ef9ea8c37b77cf9b24915543e
2023-03-28 17:00:16,True,3.366e-05,1.076e-08,5603249.0,0.6029,0x96...4df6,https://bscscan.com/tx/0xfc940f0fce83ac93ee404c2348c61110637a2ffdcbfea8e4e32f5cdaf4849bb9
2023-03-28 17:00:16,False,3.35e-05,1.071e-08,30737159.0,3.29199,0x17...4266,https://bscscan.com/tx/0x9301f93ea79b432c076cf81ea3a4c7bac6c5e583b1f676e181b4085c95003c81
2023-03-28 17:00:16,False,3.351e-05,1.071e-08,270000.0,0.0289,0x17...4266,https://bscscan.com/tx/0x9301f93ea79b432c076cf81ea3a4c7bac6c5e583b1f676e181b4085c95003c81
2023-03-28 17:00:13,False,3.355e-05,1.072e-08,99700000.0,10.6949,0x9b...2220,https://bscscan.com/tx/0xe6dabaa0e0130d5886594e8aff5c45d2b14a1449971bd0e4da14422bf02aca01
2023-03-28 17:00:13,False,3.359e-05,1.073e-08,41730.1,0.0044,0x9b...2220,https://bscscan.com/tx/0xe6dabaa0e0130d5886594e8aff5c45d2b14a1449971bd0e4da14422bf02aca01
2023-03-28 17:00:10,False,3.36e-05,1.074e-08,15409218.0,1.65525,0x17...4266,https://bscscan.com/tx/0x615f74778c8f1751aeeec563a963c4e6f983610109d641fa74a79531a16b8b0a
2023-03-28 17:00:10,False,3.361e-05,1.074e-08,8020093.0,0.8617,0x17...4266,https://bscscan.com/tx/0x615f74778c8f1751aeeec563a963c4e6f983610109d641fa74a79531a16b8b0a
2023-03-28 17:00:10,True,3.356e-05,1.079e-08,8897909.0,0.9608,0x00...cfec,https://bscscan.com/tx/0xcc5074b179885856f024e772517d185a779ab70dd32a7da2873a237d7b6f5cd1
2023-03-28 17:00:10,True,3.354e-05,1.079e-08,35823703.0,3.86644,0x27...3cf8,https://bscscan.com/tx/0xf49219e7008f5bab3d4a583b9cee88bcbbf0776780e610a0ea60f0be00b77691
2023-03-28 17:00:07,True,3.352e-05,1.078e-08,21940535.0,2.36638,0x71...f440,https://bscscan.com/tx/0xe9a43a3fb2fd1515b4585f7dd02748f0850ac8067332dea0935b48f25f3a3bea
2023-03-28 17:00:07,True,3.35e-05,1.077e-08,35630496.0,3.84023,0x52...e6fd,https://bscscan.com/tx/0xc5fb38f3a636d2862973a116da238eac5e8d8ecd500541a443b6e5066cd3e233
2023-03-28 17:00:07,True,3.348e-05,1.077e-08,19603090.0,2.1114,0x10...ca77,https://bscscan.com/tx/0x2caf2685a475dce81a8a185d9bd7d4fa805a7e4066404679904d6ab9c042ce41
2023-03-28 17:00:07,True,3.345e-05,1.076e-08,33420273.0,3.5973,0x9f...f581,https://bscscan.com/tx/0xa0e084ea621bbc15ee1be4e8c96cceab2cbd149bec219b0a7b16ddb9640d6412
2023-03-28 17:00:07,True,3.344e-05,1.075e-08,5231307.0,0.5628,0x42...3e91,https://bscscan.com/tx/0x45ae4066f3755827885ee3de0ffb6c905d6075056725e40d2ee87f2b4510a6cf
2023-03-28 17:00:07,True,3.339e-05,1.074e-08,106200245.0,11.4105,0x18...e1d4,https://bscscan.com/tx/0x108cb6a11a39570d0124429bb71e41bcfb64a1dea31f9a9e0b1f32fc3cb8aefb
2023-03-28 17:00:07,True,3.331e-05,1.071e-08,89589899.0,9.60314,0xa9...108d,https://bscscan.com/tx/0x0c1a274fc993f2dcd295318cbb33ceffe8a51e35660668c97f0bce1563282961
2023-03-28 17:00:07,False,3.426e-05,1.102e-08,2786001779.0,307.115,0x9f...78eb,https://bscscan.com/tx/0x298743a1d0af3542963e55a57c8a9a6851f281bafdd5d2f4d5e3c38c01761ed8
2023-03-28 17:00:07,False,3.545e-05,1.14e-08,9663.05,0.0011,0x9f...78eb,https://bscscan.com/tx/0x298743a1d0af3542963e55a57c8a9a6851f281bafdd5d2f4d5e3c38c01761ed8
2023-03-28 17:00:07,False,3.545e-05,1.14e-08,3568170.0,0.4069,0x46...3109,https://bscscan.com/tx/0xa114ee9fd428385a12c533eb6940ef54e6af3643e51ebf272edf9ad10a567c88
2023-03-28 17:00:07,False,3.545e-05,1.14e-08,10947679.0,1.24885,0x00...e6bd,https://bscscan.com/tx/0x7d358e8278dd1071d4409a2628fea46c318391707ad9977a8a315f4b94615ac9
2023-03-28 17:00:07,False,3.547e-05,1.141e-08,19873530.0,2.26794,0x69...b933,https://bscscan.com/tx/0xd4c455ca61811a008bad4d0810582c12dfd86612822fa47cc6bd14476a10b16b
2023-03-28 17:00:07,False,3.552e-05,1.142e-08,85261098.0,9.74261,0x00...f6fe,https://bscscan.com/tx/0xff30fd3984ec2b8d058e19dfcee25aeac4689119ed94ba0e2d615b3033f7e5ce
2023-03-28 17:00:07,False,3.555e-05,1.143e-08,92792.7,0.0106,0x00...f6fe,https://bscscan.com/tx/0xff30fd3984ec2b8d058e19dfcee25aeac4689119ed94ba0e2d615b3033f7e5ce
2023-03-28 17:00:07,False,3.557e-05,1.144e-08,34093047.0,3.90154,0x37...d170,https://bscscan.com/tx/0x0adff209f6105d30cea65b9a712c4a2d67cd84fa5c8d8e046046f57a9ad0d1e9
2023-03-28 17:00:07,False,3.558e-05,1.144e-08,214424.0,0.0245,0x37...d170,https://bscscan.com/tx/0x0adff209f6105d30cea65b9a712c4a2d67cd84fa5c8d8e046046f57a9ad0d1e9
2023-03-28 17:00:07,False,3.562e-05,1.146e-08,79177977.0,9.07382,0xea...d9a1,https://bscscan.com/tx/0xb956aa39a01c36cd9cc68ade94b54000ff23513c3f1ee364d94f41ce44dc27a7
2023-03-28 17:00:07,False,3.565e-05,1.147e-08,353384.0,0.0405,0xea...d9a1,https://bscscan.com/tx/0xb956aa39a01c36cd9cc68ade94b54000ff23513c3f1ee364d94f41ce44dc27a7
2023-03-28 17:00:07,False,3.568e-05,1.147e-08,51074075.0,5.86267,0x3a...32e1,https://bscscan.com/tx/0x8bfa57c0d9a73f68ed5be047e1cce5c1ef738cb10be76e95af5a3d4b304f211b
2023-03-28 17:00:07,False,3.57e-05,1.148e-08,4600424.0,0.5284,0x3a...32e1,https://bscscan.com/tx/0x8bfa57c0d9a73f68ed5be047e1cce5c1ef738cb10be76e95af5a3d4b304f211b
2023-03-28 17:00:07,True,3.513e-05,1.13e-08,1703860736.0,192.601,0x37...6bae,https://bscscan.com/tx/0xfb4c546e5d84a15bc790d459f2e348b2a2823123dfc3bb5611753dd93e998971
2023-03-28 17:00:07,False,3.425e-05,1.102e-08,55160007.0,6.0788,0xae...dff3,https://bscscan.com/tx/0x4723252cc82262aba0ccdc53ed3ca6d8df756b3040258278dd5e0be979e1c3c0
2023-03-28 17:00:07,False,3.429e-05,1.103e-08,44908167.0,4.95508,0xae...dff3,https://bscscan.com/tx/0x4723252cc82262aba0ccdc53ed3ca6d8df756b3040258278dd5e0be979e1c3c0
2023-03-28 17:00:07,False,3.431e-05,1.103e-08,463899.0,0.0512,0xae...dff3,https://bscscan.com/tx/0x4723252cc82262aba0ccdc53ed3ca6d8df756b3040258278dd5e0be979e1c3c0
2023-03-28 17:00:07,False,3.438e-05,1.106e-08,171299002.0,18.9511,0x30...6b48,https://bscscan.com/tx/0x6ceca74f3ccec2a54ae6780034c6080b09e7b88ac4b698e782709b3662ca34bd
2023-03-28 17:00:07,False,3.446e-05,1.108e-08,15903.5,0.0017,0x30...6b48,https://bscscan.com/tx/0x6ceca74f3ccec2a54ae6780034c6080b09e7b88ac4b698e782709b3662ca34bd
2023-03-28 17:00:07,False,3.446e-05,1.108e-08,5872499.0,0.6511,0xc6...fba2,https://bscscan.com/tx/0x620a5a187a7e6d66b8efdef7b795b6c5ab80296b1fc4aa1241e73c6845ed40ad
2023-03-28 17:00:07,False,3.446e-05,1.108e-08,320268.0,0.0355,0xc6...fba2,https://bscscan.com/tx/0x620a5a187a7e6d66b8efdef7b795b6c5ab80296b1fc4aa1241e73c6845ed40ad
2023-03-28 17:00:07,False,3.451e-05,1.11e-08,118262050.0,13.1321,0x7d...04aa,https://bscscan.com/tx/0xdb29ffd542616ec793c0bb50ba3cda841dd90d85667c4487c1bad804f671fcc0
2023-03-28 17:00:07,False,3.457e-05,1.112e-08,7569372.0,0.8418,0x7d...04aa,https://bscscan.com/tx/0xdb29ffd542616ec793c0bb50ba3cda841dd90d85667c4487c1bad804f671fcc0
2023-03-28 17:00:07,True,3.358e-05,1.08e-08,2802793314.0,302.84,0x27...4240,https://bscscan.com/tx/0xc65143da236e1235ba55efd26efd238a10d6a87129bbc39e5d2517fac0f80e3d
2023-03-28 16:58:04,True,3.246e-05,1.044e-08,367758.0,0.0384,0x0b...f46b,https://bscscan.com/tx/0x9a0df27fadd63ad3c0d8c536ad030f8413699590cb43f47c167794b44c58173b
2023-03-28 16:58:01,False,3.23e-05,1.039e-08,309070.0,0.0321,0x4f...ba15,https://bscscan.com/tx/0x11283fd59d4692667a0c46fbe3563ed5e08a177ba4cd532d553327717fac616f
2023-03-28 16:58:01,False,3.23e-05,1.039e-08,994303.0,0.1033,0x4f...ba15,https://bscscan.com/tx/0x11283fd59d4692667a0c46fbe3563ed5e08a177ba4cd532d553327717fac616f
2023-03-28 16:58:01,True,3.246e-05,1.044e-08,6138437.0,0.6411,0x6e...9fd1,https://bscscan.com/tx/0x99609ea303afa291cc3e582165bf9a9f8bcd07550fa3ee3937ca6f0106925669
2023-03-28 16:55:16,True,3.246e-05,1.044e-08,7606161.0,0.7942,0x51...1ca5,https://bscscan.com/tx/0xd32e25fd056f9cd8351ba44dc2a484e60c92d105abfce212a20037169c1d8f3f
2023-03-28 16:51:58,True,3.261e-05,1.044e-08,768539.0,0.0802,0x5f...5e01,https://bscscan.com/tx/0x5a3fe4a1b13fd8848cf5e7531fe95e9bf2964c34154b5164e7b4f4e736204c7a
2023-03-28 16:51:33,True,3.261e-05,1.044e-08,83000.0,0.0086,0x23...7fa5,https://bscscan.com/tx/0xcce79a5976f10a85fdb3404904781e1673bc2888efc22cda7f080fc3906943ad
2023-03-28 16:49:08,True,3.256e-05,1.042e-08,110845169.0,11.5587,0x12...5c3e,https://bscscan.com/tx/0xf2dcc74993dcdb3c7c9c78f694780b1bfc827bf8f7f3ec79cc0d1afa7ac1b12f
2023-03-28 16:45:23,True,3.232e-05,1.041e-08,96023.8,0.01,0x37...d16d,https://bscscan.com/tx/0xc6d96568512a80a37110ca7311f637ad7349ddbe027d01e143263923d8069241
2023-03-28 16:45:23,True,3.232e-05,1.041e-08,445704.0,0.0464,0x44...0d36,https://bscscan.com/tx/0x33cb18ce2a486f0e3892ee9151d53c8ef6d819f2da66c0665b243e2193b52244
2023-03-28 16:44:11,True,3.232e-05,1.041e-08,1231415.0,0.1282,0xb1...6346,https://bscscan.com/tx/0x600716f98241d81b82b9d4dafad320c3d2e1db74db97e0a47a176b63e28b7f95
2023-03-28 16:42:29,True,3.23e-05,1.041e-08,16349220.0,1.70222,0xde...e36b,https://bscscan.com/tx/0xeeb2fff8b889c8e0148a3b9522f518d26d3234a867cb34d449c502f9d91f46ca
2023-03-28 16:40:05,True,3.234e-05,1.04e-08,250000.0,0.026,0xc1...c9be,https://bscscan.com/tx/0x06eebcf4a02061d0eb664d872677aacf192fc5d89808f6a1af4782d3eab05cf7
2023-03-28 16:38:05,True,3.252e-05,1.04e-08,3074620.0,0.32,0x30...d3b1,https://bscscan.com/tx/0x6ca57db2b17a7c00040b4dd5d5669ce21ee9d7b37a355a5cbb7f3866d32daa36
2023-03-28 16:37:56,True,3.252e-05,1.04e-08,8965226.0,0.933,0x7d...d4eb,https://bscscan.com/tx/0x5b9af21e08aa6c7f4e5644cfdcf545b8bd65a34eeffc0ac5027d65ad58f1a6d0
2023-03-28 16:36:32,True,3.244e-05,1.038e-08,142074487.0,14.7601,0xba...35e5,https://bscscan.com/tx/0x3302007b685e6bc6b8072efb80663785003f4b2f2839c42f8e1d5c02f49e01e0
2023-03-28 16:34:29,True,3.223e-05,1.037e-08,3278332.0,0.34,0x2e...6df9,https://bscscan.com/tx/0x94f436d1091303ddc97c6c940539f6c2eadd5e955cb890fb050ca9a282ebe55e
2023-03-28 16:32:38,True,3.239e-05,1.037e-08,61979.4,0.0064,0xaa...d60f,https://bscscan.com/tx/0xceaf9b49489d3cd55c8236e3d63c071ee9119f01a6168595b7e44c65015d7d85
2023-03-28 16:30:53,True,3.222e-05,1.036e-08,13943226.0,1.44577,0x32...871b,https://bscscan.com/tx/0x9fb9bb85345fb411d9555103820eaa0db7ab45f5879570f822bbb218ea5b71ba
2023-03-28 16:30:14,True,3.221e-05,1.036e-08,1110197.0,0.1151,0x0e...3419,https://bscscan.com/tx/0x55ebcb9bc0d79543b3ca1ae76059bf0a6adf360486d1def65fedc9275bb28285
2023-03-28 16:28:23,False,3.223e-05,1.032e-08,43745231.0,4.51476,0x63...6efb,https://bscscan.com/tx/0x4bce6a4504a97e87d5088d8420b5cdbe62894c026d0d5c37ae30c5909259fe20
2023-03-28 16:28:23,False,3.225e-05,1.032e-08,2164.97,2.235e-05,0x63...6efb,https://bscscan.com/tx/0x4bce6a4504a97e87d5088d8420b5cdbe62894c026d0d5c37ae30c5909259fe20
2023-03-28 16:27:56,True,3.241e-05,1.037e-08,501075.0,0.052,0x24...2401,https://bscscan.com/tx/0xfb737c62e54eac2276d0d06b3b82f01519744dcf5abff43daa5f142448fb6348
2023-03-28 16:26:02,False,3.208e-05,1.032e-08,299862.0,0.0309,0x56...23a0,https://bscscan.com/tx/0x9c87c47ce57811322cfe0ad07b1bdb2949a69e6a2acf00823cded4a18127034d
2023-03-28 16:26:02,False,3.208e-05,1.032e-08,149164.0,0.0154,0x56...23a0,https://bscscan.com/tx/0x9c87c47ce57811322cfe0ad07b1bdb2949a69e6a2acf00823cded4a18127034d
2023-03-28 16:22:38,True,3.224e-05,1.037e-08,6205000.0,0.6438,0xad...18e4,https://bscscan.com/tx/0x055a213f20f856a13977e82f4bd0a81b9f69a749d361b60b1d1f26b8492f0cfa
2023-03-28 16:22:32,True,3.224e-05,1.037e-08,160011.0,0.0166,0x5d...ba12,https://bscscan.com/tx/0x0aed60e8013b8b266c904854429b54daeca2a00ea5b7f5a45ddaa0d492086954
2023-03-28 16:21:50,True,3.224e-05,1.037e-08,1585970.0,0.1645,0x0b...52ea,https://bscscan.com/tx/0x03c89a51919acb4cc4a2cc6f30e08dce879dc8405d5c6fe5df00842448f0a3c2
2023-03-28 16:20:14,False,3.21e-05,1.032e-08,46804221.0,4.83473,0x53...57ab,https://bscscan.com/tx/0x8dd614a42f12c0357cf3ea3e67cbf21c5414f2be6b088cd02140082dc4619a2a
2023-03-28 16:20:14,False,3.212e-05,1.033e-08,3447.64,3.563e-05,0x53...57ab,https://bscscan.com/tx/0x8dd614a42f12c0357cf3ea3e67cbf21c5414f2be6b088cd02140082dc4619a2a
2023-03-28 16:20:08,False,3.228e-05,1.033e-08,1273074.0,0.1315,0xc9...0434,https://bscscan.com/tx/0x36051d86c0c8a4d0d06210ca8a2b0e4c69f74a4641ef074c8a90c18b5271e881
2023-03-28 16:20:08,False,3.228e-05,1.033e-08,3863.08,3.992e-05,0xc9...0434,https://bscscan.com/tx/0x36051d86c0c8a4d0d06210ca8a2b0e4c69f74a4641ef074c8a90c18b5271e881
2023-03-28 16:18:11,False,3.227e-05,1.033e-08,1121672.0,0.1159,0x63...6efb,https://bscscan.com/tx/0x5a101475b3834548dfed4a89751509339f1f23486fcf004506d3abcc452298c1
2023-03-28 16:18:11,False,3.227e-05,1.033e-08,389.686,4.027e-06,0x63...6efb,https://bscscan.com/tx/0x5a101475b3834548dfed4a89751509339f1f23486fcf004506d3abcc452298c1
2023-03-28 16:17:59,False,3.227e-05,1.033e-08,143895.0,0.0148,0xa8...1d49,https://bscscan.com/tx/0x2406f70ab03342c4d4e5dd282ca769cc85e642781d1e0e0222b6aa980b8e4ee9
2023-03-28 16:17:59,False,3.227e-05,1.033e-08,9859.99,0.001,0xa8...1d49,https://bscscan.com/tx/0x2406f70ab03342c4d4e5dd282ca769cc85e642781d1e0e0222b6aa980b8e4ee9
2023-03-28 16:17:05,True,3.227e-05,1.038e-08,77012.7,0.008,0x8f...0c2d,https://bscscan.com/tx/0x2631d5855128f29189d583c7addc1432ed1a08663843c065953c511b2501d6bb
2023-03-28 16:15:32,True,3.246e-05,1.039e-08,148525.0,0.0154,0x29...a474,https://bscscan.com/tx/0xbe30a5a775ef511f3949b58737912aa8e0cc80350feb4e97b74f2aeadb292959
2023-03-28 16:14:41,False,3.207e-05,1.033e-08,3416032.0,0.353,0x98...797c,https://bscscan.com/tx/0xf53c546d0b654fb13f328ecf36f09141d28b91f4f7b89fef145f02f37e851656
2023-03-28 16:14:41,False,3.207e-05,1.033e-08,105550.0,0.0109,0x98...797c,https://bscscan.com/tx/0xf53c546d0b654fb13f328ecf36f09141d28b91f4f7b89fef145f02f37e851656
2023-03-28 16:14:32,True,3.224e-05,1.038e-08,86206.7,0.0089,0x8f...0c2d,https://bscscan.com/tx/0x5a0843af439253c0ebd4734bffe8c8a17aa2906529dddf5f66dffc75b259ee9b
2023-03-28 16:11:11,True,3.235e-05,1.038e-08,2077046.0,0.2157,0xd9...1e86,https://bscscan.com/tx/0xb58f138ff187deb0413e277ebde3ce58e8c64fa7046443a94f80a400c14b748f
2023-03-28 16:07:31,True,3.216e-05,1.038e-08,750860.0,0.078,0x4f...1ec6,https://bscscan.com/tx/0x3ffaabc271b927f1d819380318bfbc421a5a116970ad85abb2d12164f3a49d37
2023-03-28 16:06:16,True,3.231e-05,1.038e-08,193834.0,0.0201,0x65...b289,https://bscscan.com/tx/0x3d0a235081113833f0649c5160c374e1a335714e609b06de125bb3811483f99c
2023-03-28 16:04:29,True,3.232e-05,1.038e-08,4775715.0,0.496,0xfa...12c0,https://bscscan.com/tx/0x52b847ded40bc718f1af1da06c2bc022badf3e0b7b81e9aa133a7391c4436d85
2023-03-28 16:03:56,False,3.216e-05,1.033e-08,31115149.0,3.21691,0xc0...1f4f,https://bscscan.com/tx/0xd0df2f9e4a2aa03e67615afec2d283105d29f43aabc0e5afb90c9c74278189f4
2023-03-28 16:03:56,False,3.217e-05,1.034e-08,3380.37,3.496e-05,0xc0...1f4f,https://bscscan.com/tx/0xd0df2f9e4a2aa03e67615afec2d283105d29f43aabc0e5afb90c9c74278189f4
2023-03-28 16:01:08,True,3.221e-05,1.039e-08,309000.0,0.0321,0x77...147c,https://bscscan.com/tx/0x19695b4a4fdbc5ba513549f3e94a844f93cada51a244c3beaa3308e5cffc5e78
2023-03-28 15:59:47,True,3.221e-05,1.039e-08,299474.0,0.0311,0x92...a575,https://bscscan.com/tx/0x5bae8a25d5da827ab2812b2b678092e12a041b62773bc8219ebcb32c82c251de
2023-03-28 15:56:11,False,3.217e-05,1.034e-08,641585.0,0.0663,0xc2...7007,https://bscscan.com/tx/0x86a5732eba7f506b2c2e384c9b8d754e68a60be126b766b48282ea08db7b0734
2023-03-28 15:56:11,False,3.217e-05,1.034e-08,8930.6,9.236e-05,0xc2...7007,https://bscscan.com/tx/0x86a5732eba7f506b2c2e384c9b8d754e68a60be126b766b48282ea08db7b0734
2023-03-28 15:55:47,True,3.233e-05,1.039e-08,384823.0,0.04,0xc7...b05c,https://bscscan.com/tx/0x7bb1362ecd61ceac541af0b1c8173b21fbe563cd01b1346362c9a619ab69425d
2023-03-28 15:55:38,False,3.218e-05,1.034e-08,2914038.0,0.3013,0x27...2e5b,https://bscscan.com/tx/0xaca5b7e813a8909b376544f14fecdbab493b613b98c72d5dff24a1f445b1d840
2023-03-28 15:55:38,False,3.218e-05,1.034e-08,2596.17,2.685e-05,0x27...2e5b,https://bscscan.com/tx/0xaca5b7e813a8909b376544f14fecdbab493b613b98c72d5dff24a1f445b1d840
2023-03-28 15:53:11,True,3.236e-05,1.039e-08,282748.0,0.0293,0xa5...b0a0,https://bscscan.com/tx/0x183e79eaf044ea63bfa49a6bdc6bc8fd83bcf6c82fac52b7b233389570dfe914
2023-03-28 15:51:41,True,3.236e-05,1.039e-08,278795.0,0.0289,0xf4...9adf,https://bscscan.com/tx/0x0d5a9ae824ceb196bd980ff7a07d413acaea17e35dd115209b391dbb1ff63ec5
2023-03-28 15:50:14,False,3.201e-05,1.034e-08,398800.0,0.0412,0x21...4b4c,https://bscscan.com/tx/0x326a83928bde4a67f48f9fa8f71c167fac16f880b0732883297c0b7cc31114e8
2023-03-28 15:50:14,False,3.201e-05,1.034e-08,581.339,6.012e-06,0x21...4b4c,https://bscscan.com/tx/0x326a83928bde4a67f48f9fa8f71c167fac16f880b0732883297c0b7cc31114e8
2023-03-28 15:49:41,False,3.215e-05,1.034e-08,214665.0,0.0222,0x7c...4e09,https://bscscan.com/tx/0xf1ba548ab23cbc2b9eb6365dc5ce2b72d4e96a4ee5f8ce90ad200302d015b7be
2023-03-28 15:49:41,False,3.215e-05,1.034e-08,72622.1,0.0075,0x7c...4e09,https://bscscan.com/tx/0xf1ba548ab23cbc2b9eb6365dc5ce2b72d4e96a4ee5f8ce90ad200302d015b7be
2023-03-28 15:48:20,True,3.232e-05,1.039e-08,2221977.0,0.2309,0x7c...4e09,https://bscscan.com/tx/0x73319da025e0b3e651287e450aae48ab41c09a959079f59da428b37c70c13322
2023-03-28 15:47:33,True,3.232e-05,1.039e-08,6178121.0,0.6421,0x69...2dc4,https://bscscan.com/tx/0xa9bc3fa619285e18773edeab667ee69f57a9ccb7a49dae38f67650fd087bbf99
2023-03-28 15:47:18,False,3.216e-05,1.034e-08,18441483.0,1.90747,0x7c...8248,https://bscscan.com/tx/0xdef65c4c5397c1c6aebf1bb94cbb4717995d183b1028f2d6e54ea6f85fb181e8
2023-03-28 15:47:18,False,3.217e-05,1.034e-08,98058.1,0.0101,0x7c...8248,https://bscscan.com/tx/0xdef65c4c5397c1c6aebf1bb94cbb4717995d183b1028f2d6e54ea6f85fb181e8
2023-03-28 15:46:38,True,3.216e-05,1.039e-08,1329619.0,0.1382,0x8e...3d56,https://bscscan.com/tx/0x6649314458c1669fa1cf0917997cd8ba312671663bc2aa662354aca5158e6b48
2023-03-28 15:45:46,True,3.233e-05,1.039e-08,4998210.0,0.5196,0xb2...3ee4,https://bscscan.com/tx/0x4aca4d103afeaa28cfd059e4cb7abc316c10f045044a2195e7dc5c5227fa3932
2023-03-28 15:45:37,False,3.202e-05,1.034e-08,29900030.0,3.09399,0x20...946b,https://bscscan.com/tx/0x3a739f883e770ad974275778e90dfe3904f54d498460535eda70ac76ebf4cd29
2023-03-28 15:45:37,False,3.203e-05,1.035e-08,93460.2,0.0096,0x20...946b,https://bscscan.com/tx/0x3a739f883e770ad974275778e90dfe3904f54d498460535eda70ac76ebf4cd29
2023-03-28 15:45:22,True,3.219e-05,1.04e-08,185437.0,0.0192,0xfa...d695,https://bscscan.com/tx/0x5745772c8597baa1b0b7366332e336736c9c80d9c1786d806a84fe9d21f410c0
2023-03-28 15:44:27,True,3.218e-05,1.039e-08,33387510.0,3.47205,0xdb...5205,https://bscscan.com/tx/0x9880bdc413c879493b4019de7c2ba5833aeb88c2599c8510152d8fdd2bc6bcd7
2023-03-28 15:44:06,True,3.233e-05,1.039e-08,1000.0,1.039e-05,0x63...174c,https://bscscan.com/tx/0x69884d073cc081b1a2ee65aee4ef2ae190679ad18f883ab9eca01a37049998fd
2023-03-28 15:43:24,True,3.217e-05,1.039e-08,463864.0,0.0482,0x58...c33d,https://bscscan.com/tx/0xcc8b2d94840ba88dc014c16eab8dc6b1bc765b824faf260807e39d841db600ba
2023-03-28 15:43:06,True,3.233e-05,1.039e-08,50000.0,0.0052,0x63...174c,https://bscscan.com/tx/0x01b272b21420b8b9da1d88765fa686bff7a6596bbd717e693fa9c43d50ae346a
2023-03-28 15:41:57,False,3.217e-05,1.034e-08,525497.0,0.0543,0x43...0f79,https://bscscan.com/tx/0x1ed6a7e6193929e36a62fac9b2220f34945211a077c32d81022557ff8b426a27
2023-03-28 15:41:57,False,3.217e-05,1.034e-08,128996.0,0.0133,0x43...0f79,https://bscscan.com/tx/0x1ed6a7e6193929e36a62fac9b2220f34945211a077c32d81022557ff8b426a27
2023-03-28 15:41:38,False,3.219e-05,1.034e-08,47632796.0,4.92956,0x05...7066,https://bscscan.com/tx/0x4ae37a2edb5afe6d2355bd96ecbdde20d38daeb9e56e7849623a5960a0884c8a
2023-03-28 15:41:38,False,3.221e-05,1.035e-08,80973.0,0.0083,0x05...7066,https://bscscan.com/tx/0x4ae37a2edb5afe6d2355bd96ecbdde20d38daeb9e56e7849623a5960a0884c8a
2023-03-28 15:39:52,False,3.206e-05,1.035e-08,29900029.0,3.09723,0x20...946b,https://bscscan.com/tx/0x698a325f4ee1db187355de3ceaafc7a45a3eb6a602ae0532364a9d8a7f6b2691
2023-03-28 15:39:52,False,3.207e-05,1.036e-08,18482.4,0.0019,0x20...946b,https://bscscan.com/tx/0x698a325f4ee1db187355de3ceaafc7a45a3eb6a602ae0532364a9d8a7f6b2691
2023-03-28 15:39:40,False,3.207e-05,1.036e-08,6824799.0,0.7072,0x05...7066,https://bscscan.com/tx/0xfe087900abf6cbf4551fbee11c6826b95965772d4578302dd1b94fd85e1c2da2
2023-03-28 15:39:40,False,3.207e-05,1.036e-08,14377.2,0.0014,0x05...7066,https://bscscan.com/tx/0xfe087900abf6cbf4551fbee11c6826b95965772d4578302dd1b94fd85e1c2da2
2023-03-28 15:37:30,True,3.239e-05,1.041e-08,2973200.0,0.3096,0xea...d24d,https://bscscan.com/tx/0xa62ffed1ef4b65c3e48a46edc6a9c651b34cff7d75a8395fb6efbced9497d5f5
2023-03-28 15:35:42,True,3.223e-05,1.041e-08,456065.0,0.0475,0xdf...fb39,https://bscscan.com/tx/0x8a2cf017434a74543533bdab001ec0de26aea5782b7a17e29f52257fa25453c4
2023-03-28 15:33:00,True,3.239e-05,1.041e-08,462988.0,0.0482,0xee...c673,https://bscscan.com/tx/0x15f47db787a26fe8a4ce8bae18be8a45e4a4b6b4861cb0135ba3df33beffefa7
2023-03-28 15:32:39,False,3.207e-05,1.036e-08,1428356.0,0.148,0x79...a03c,https://bscscan.com/tx/0x040b5f93c5e2abbc99fe9f446cf404876f709bc36304c40ca00bf07a54655b5d
2023-03-28 15:32:39,False,3.207e-05,1.036e-08,34330.2,0.0035,0x79...a03c,https://bscscan.com/tx/0x040b5f93c5e2abbc99fe9f446cf404876f709bc36304c40ca00bf07a54655b5d
2023-03-28 15:31:15,True,3.239e-05,1.041e-08,2834886.0,0.2952,0x59...8709,https://bscscan.com/tx/0xe6aeb393eded844f75c2334ae83e1b89d67c040ca30a82ca41b30e5a11c7b300
2023-03-28 15:26:02,False,3.228e-05,1.036e-08,8108385.0,0.8403,0x05...7066,https://bscscan.com/tx/0xdf882c50fcacc0781083804187b71e01a713542196b4bb0ee008a7df0e28ba6b
2023-03-28 15:26:02,False,3.228e-05,1.036e-08,18373.8,0.0019,0x05...7066,https://bscscan.com/tx/0xdf882c50fcacc0781083804187b71e01a713542196b4bb0ee008a7df0e28ba6b
2023-03-28 15:25:23,True,3.244e-05,1.041e-08,39023.5,0.004,0xe9...1fea,https://bscscan.com/tx/0xbe22461f6a6e8e7858c36ef35ce8996dfc825e7e2bffdedfa2a6cc642f2392f4
2023-03-28 15:24:38,False,3.21e-05,1.036e-08,6745784.0,0.6992,0x20...906b,https://bscscan.com/tx/0xc9de2a0ffe8f3451e16596b2a52d261a114899fc038840f081755da9742f11fd
2023-03-28 15:24:38,False,3.21e-05,1.036e-08,810.0,8.396e-06,0x20...906b,https://bscscan.com/tx/0xc9de2a0ffe8f3451e16596b2a52d261a114899fc038840f081755da9742f11fd
2023-03-28 15:24:29,False,3.228e-05,1.036e-08,299100.0,0.031,0xd9...efce,https://bscscan.com/tx/0xa34b2251486123eac5ddbcf9d8adebeb5ade9422be768eb54fa687b5acd0202c
2023-03-28 15:24:29,False,3.228e-05,1.036e-08,21076.0,0.0021,0xd9...efce,https://bscscan.com/tx/0xa34b2251486123eac5ddbcf9d8adebeb5ade9422be768eb54fa687b5acd0202c
2023-03-28 15:23:44,True,3.228e-05,1.041e-08,1767747.0,0.1841,0x27...f98b,https://bscscan.com/tx/0x1a1028691a12157000823bc45c7d2d94ae719d176567bfdadff5eb10b2d26f86
2023-03-28 15:22:47,True,3.244e-05,1.041e-08,5038170.0,0.5248,0x0d...1e02,https://bscscan.com/tx/0x0db8857ec7742ed314c9c49b07e19f58f6a04f6af7db42f4cd379f60291ead05
2023-03-28 15:22:41,False,3.212e-05,1.036e-08,997000.0,0.1033,0xd9...efce,https://bscscan.com/tx/0x2c6fe25b8918d3badf03c9f9af159582351651b107304b4f587f9aca99b059d7
2023-03-28 15:22:41,False,3.212e-05,1.036e-08,38871.5,0.004,0xd9...efce,https://bscscan.com/tx/0x2c6fe25b8918d3badf03c9f9af159582351651b107304b4f587f9aca99b059d7
2023-03-28 15:22:20,True,3.228e-05,1.041e-08,6375733.0,0.6641,0x0b...c6a2,https://bscscan.com/tx/0xcab015829f2eca4ee0939b9a7654c564727f0c016ccfaa6fc2ee1b9369dfc2b1
2023-03-28 15:22:08,True,3.227e-05,1.041e-08,336042.0,0.035,0xdf...195c,https://bscscan.com/tx/0xf7c6b2661c422a93dcee31d44bfb67e1b83aaf585cd9ec435985b1e0f472f13a
2023-03-28 15:21:38,True,3.244e-05,1.041e-08,1774708.0,0.1848,0x7e...de40,https://bscscan.com/tx/0xa7aecbf7d6b571d7b4c5c07ab4d4878ff02e409f3de3835c1bbf8e308f463777
2023-03-28 15:20:08,False,3.228e-05,1.036e-08,5892622.0,0.6106,0x05...7066,https://bscscan.com/tx/0x569729a9d153249180bb72e2a97989ce48acaa3721a8d259312ef8f401bfb030
2023-03-28 15:20:08,False,3.228e-05,1.036e-08,76793.5,0.0079,0x05...7066,https://bscscan.com/tx/0x569729a9d153249180bb72e2a97989ce48acaa3721a8d259312ef8f401bfb030
2023-03-28 15:20:05,False,3.229e-05,1.036e-08,28356725.0,2.93998,0x05...7066,https://bscscan.com/tx/0x9e9c4735bce37ade01bb4d317c17650c645ead228812c0e108f6a64dfb9dcac2
2023-03-28 15:20:05,False,3.231e-05,1.037e-08,19401.0,0.002,0x05...7066,https://bscscan.com/tx/0x9e9c4735bce37ade01bb4d317c17650c645ead228812c0e108f6a64dfb9dcac2
2023-03-28 15:19:53,False,3.215e-05,1.037e-08,7164007.0,0.743,0x05...7066,https://bscscan.com/tx/0xad584186d7bd182f043742421c605cf9af9f995a3032441766553495567c5de9
2023-03-28 15:19:53,False,3.215e-05,1.037e-08,185966.0,0.0192,0x05...7066,https://bscscan.com/tx/0xad584186d7bd182f043742421c605cf9af9f995a3032441766553495567c5de9
2023-03-28 15:19:50,False,3.217e-05,1.037e-08,54935597.0,5.70226,0x7c...6cb0,https://bscscan.com/tx/0xe5d0700eaba4508cd0aa89a22a306a0a0a4a795df43227f1f1e6c8b03c06ec2f
2023-03-28 15:19:50,False,3.219e-05,1.038e-08,53442.2,0.0055,0x7c...6cb0,https://bscscan.com/tx/0xe5d0700eaba4508cd0aa89a22a306a0a0a4a795df43227f1f1e6c8b03c06ec2f
2023-03-28 15:19:47,False,3.22e-05,1.038e-08,19734019.0,2.05019,0x20...946b,https://bscscan.com/tx/0x7e3f937194fd35f5f2b29e2e613d4e2f5b475d9c490a23ca1b1a9b8b88feec9f
2023-03-28 15:19:47,False,3.221e-05,1.039e-08,65898.6,0.0068,0x20...946b,https://bscscan.com/tx/0x7e3f937194fd35f5f2b29e2e613d4e2f5b475d9c490a23ca1b1a9b8b88feec9f
2023-03-28 15:18:53,False,3.219e-05,1.039e-08,14167642.0,1.47249,0x05...7066,https://bscscan.com/tx/0x50e5588aca118a05c5692c8ce2366481cdeb7f87b1b9b5d322c45bf075bec806
2023-03-28 15:18:53,False,3.22e-05,1.039e-08,20736.7,0.0021,0x05...7066,https://bscscan.com/tx/0x50e5588aca118a05c5692c8ce2366481cdeb7f87b1b9b5d322c45bf075bec806
2023-03-28 15:18:32,False,3.222e-05,1.039e-08,7657227.0,0.796,0x05...7066,https://bscscan.com/tx/0x2ee0fc8e7c475ea2e96c7314d039de7114ec21aff81bd2796319fd786399cefc
2023-03-28 15:18:32,False,3.222e-05,1.039e-08,28099.2,0.0029,0x05...7066,https://bscscan.com/tx/0x2ee0fc8e7c475ea2e96c7314d039de7114ec21aff81bd2796319fd786399cefc
2023-03-28 15:18:20,False,3.223e-05,1.039e-08,10375907.0,1.07891,0x05...7066,https://bscscan.com/tx/0xcd945b6b9203bb8ecbb8d0ffba1beebce7a184eef2737600c357a4475ae02ff5
2023-03-28 15:18:20,False,3.223e-05,1.039e-08,84145.3,0.0087,0x05...7066,https://bscscan.com/tx/0xcd945b6b9203bb8ecbb8d0ffba1beebce7a184eef2737600c357a4475ae02ff5
2023-03-28 15:17:44,False,3.225e-05,1.04e-08,31071438.0,3.23248,0xc0...1f4f,https://bscscan.com/tx/0x210f744d10d153b42def67ea75bf1502311cc16068d4ec789c7eb5166669a8e2
2023-03-28 15:17:44,False,3.226e-05,1.04e-08,19467.4,0.002,0xc0...1f4f,https://bscscan.com/tx/0x210f744d10d153b42def67ea75bf1502311cc16068d4ec789c7eb5166669a8e2
2023-03-28 15:17:41,False,3.226e-05,1.04e-08,7188505.0,0.7481,0x05...7066,https://bscscan.com/tx/0xb66888c283378e2278cfb0eb367e8a7419e4470678fb681297f0f94e9f040edd
2023-03-28 15:17:41,False,3.226e-05,1.04e-08,48583.8,0.005,0x05...7066,https://bscscan.com/tx/0xb66888c283378e2278cfb0eb367e8a7419e4470678fb681297f0f94e9f040edd
2023-03-28 15:17:14,False,3.244e-05,1.041e-08,17940017.0,1.86778,0x20...946b,https://bscscan.com/tx/0xef0fea1edb0b4f7f7778892ab33fca37fba17bd0a764cc129db29890101219e7
2023-03-28 15:17:14,False,3.244e-05,1.041e-08,302389.0,0.0314,0x20...946b,https://bscscan.com/tx/0xef0fea1edb0b4f7f7778892ab33fca37fba17bd0a764cc129db29890101219e7
2023-03-28 15:17:08,False,3.248e-05,1.042e-08,99700000.0,10.3946,0x9b...2220,https://bscscan.com/tx/0x39cd2f7b6245fec5cfedd78245a1fd9b65902a288c8a5dfaecfa52e1711a5851
2023-03-28 15:17:08,False,3.252e-05,1.043e-08,15711.0,0.0016,0x9b...2220,https://bscscan.com/tx/0x39cd2f7b6245fec5cfedd78245a1fd9b65902a288c8a5dfaecfa52e1711a5851
2023-03-28 15:16:50,False,3.234e-05,1.043e-08,5801429.0,0.6056,0x05...7066,https://bscscan.com/tx/0xcbcffad219f4923425f328b1900dcc7772b1732535e142b07c70dc5d4acac741
2023-03-28 15:16:50,False,3.235e-05,1.043e-08,42376.6,0.0044,0x05...7066,https://bscscan.com/tx/0xcbcffad219f4923425f328b1900dcc7772b1732535e142b07c70dc5d4acac741
2023-03-28 15:15:17,False,3.236e-05,1.044e-08,6913822.0,0.7218,0x05...7066,https://bscscan.com/tx/0xb7df9419d5dea82126bc204bd7237b30f025ee3dd603b77d20f95262990d2c97
2023-03-28 15:15:17,False,3.236e-05,1.044e-08,77444.2,0.008,0x05...7066,https://bscscan.com/tx/0xb7df9419d5dea82126bc204bd7237b30f025ee3dd603b77d20f95262990d2c97
2023-03-28 15:15:05,False,3.254e-05,1.044e-08,28597000.0,2.98696,0x05...7066,https://bscscan.com/tx/0xf9751a0e6259126e07b86c14cb13721178c1d0d1d002db9e042ede057d02641f
2023-03-28 15:15:05,False,3.255e-05,1.044e-08,29168.4,0.003,0x05...7066,https://bscscan.com/tx/0xf9751a0e6259126e07b86c14cb13721178c1d0d1d002db9e042ede057d02641f
