datetime,buy_order,price_USD,price_native,amount_token,total_native,maker,etherscan_url
2023-03-29 09:08:28,True,3.489e-05,1.101e-08,6494117.0,0.7152,0xce...c947,https://bscscan.com/tx/0xdb5c941e8add02ddb09caba0211db68cfaee1cc5604d191bcd478d68beee02ef
2023-03-29 09:08:25,True,3.471e-05,1.101e-08,4540626.0,0.5,0xa8...8a78,https://bscscan.com/tx/0x36f06454a1270ce6447a4787cb5f433d58b4ff568d80bae32377bf6bc5fdb36d
2023-03-29 09:06:40,True,3.465e-05,1.099e-08,113429211.0,12.4725,0xfa...45cf,https://bscscan.com/tx/0xe030dcbe2a6c3667587da265611ca8b20c4a15f1f49bfbe5594f03daa5b0c47f
2023-03-29 09:04:16,True,3.462e-05,1.098e-08,172455.0,0.0189,0xb3...9d8b,https://bscscan.com/tx/0xcd07acc87561375fdb9202732fe96f0779583c214f4b9c91e0ad8420548dd0e9
2023-03-29 09:03:49,True,3.461e-05,1.098e-08,1812214.0,0.1989,0xa4...9e71,https://bscscan.com/tx/0x691198a9fe4b29eca10cef8693e921eb102b6883d40f058fbc7f82f1acec7173
2023-03-29 08:56:46,True,3.477e-05,1.098e-08,222623.0,0.0244,0xd1...b3a1,https://bscscan.com/tx/0x659dc4e4d531faa6fee22ffe3aba6277142ef63d337b0d40747a597258635a45
2023-03-29 08:50:34,True,3.478e-05,1.098e-08,89515.5,0.0098,0xcc...c4a6,https://bscscan.com/tx/0x849220808487a9ee985747fb4a5713ba6bb56188f2e757baa90f506da9e2d6ba
2023-03-29 08:49:34,False,3.443e-05,1.092e-08,271989.0,0.0297,0xdd...dd7d,https://bscscan.com/tx/0x69924cfaafa710de2d2cdace238ccc01dd787e4be6401584386a814eecd53ff6
2023-03-29 08:49:34,False,3.444e-05,1.092e-08,1171990.0,0.128,0xdd...dd7d,https://bscscan.com/tx/0x69924cfaafa710de2d2cdace238ccc01dd787e4be6401584386a814eecd53ff6
2023-03-29 08:49:01,True,3.478e-05,1.098e-08,139790.0,0.0153,0xcc...c4a6,https://bscscan.com/tx/0x477743b67c244d4a3f49ba2b3a1681e6e37ee9cd69156fe8c20f3780b154edde
2023-03-29 08:48:46,True,3.46e-05,1.097e-08,4553833.0,0.5,0x3b...324e,https://bscscan.com/tx/0x0103a8957283024f9942f2958ac5826ed5f64e7577bda348009a69a750be47e7
2023-03-29 08:43:13,True,3.478e-05,1.097e-08,1196806.0,0.1314,0xa3...afc1,https://bscscan.com/tx/0x05c2711a3278b0d6cb6cbd51703798cf993fdffaf5dba875d630522a0962572b
2023-03-29 08:41:43,True,3.477e-05,1.097e-08,350000.0,0.0384,0x80...7329,https://bscscan.com/tx/0x9364e1ff81fd0372a3933d368810887a2d029996de29bd1a50f73f2d6a3b9604
2023-03-29 08:38:40,True,3.459e-05,1.097e-08,26734687.0,2.93417,0xca...d7ca,https://bscscan.com/tx/0x3cbabd555575d991082358cbb0524734aca29910c0a55ccb79304cccf04271ff
2023-03-29 08:38:34,True,3.457e-05,1.097e-08,6654093.0,0.73,0x6b...8b13,https://bscscan.com/tx/0x709e68870198a73291f58e25d649a576873f49051c603ccc061d93c8e2798167
2023-03-29 08:38:07,True,3.472e-05,1.096e-08,64761633.0,7.09861,0x19...6dd1,https://bscscan.com/tx/0xee36faa54f242c68e5b30c7a958f4505e8cd96aec9b36aa2bd965ae5f411f5b6
2023-03-29 08:37:34,True,3.451e-05,1.095e-08,16853665.0,1.84552,0x20...946b,https://bscscan.com/tx/0x201dc02d2d1951f0c9c2c03aef6ede8c9d1786974dbed8f60405c56e270d6969
2023-03-29 08:37:10,True,3.468e-05,1.094e-08,3663515.0,0.401,0xe8...7311,https://bscscan.com/tx/0x77da5f8d6a17a802945acd6f62d856d2eebe58ee97a340914bfd2dd2a40f61d6
2023-03-29 08:36:19,True,3.468e-05,1.094e-08,234652.0,0.0256,0x1c...b71c,https://bscscan.com/tx/0x59b97140612dcc67b40c136ad91af4180440c5e05986e258ced10c8dda47b985
2023-03-29 08:36:10,True,3.45e-05,1.094e-08,26837243.0,2.9369,0xb6...2c55,https://bscscan.com/tx/0xcd86fa65a578ad605dee1a167bc0a3ded679b2e98197a48f811c200e01f3038a
2023-03-29 08:35:37,True,3.465e-05,1.093e-08,320000.0,0.035,0x97...d545,https://bscscan.com/tx/0xf15e6cc31533190bc9c036d2c8d97436cc156ebc2ede792b1265335bfc29b214
2023-03-29 08:34:22,True,3.465e-05,1.093e-08,500000.0,0.0547,0xa4...9aa1,https://bscscan.com/tx/0x0436844bf242d70992ab87c41c5de7c7f77dea408254540d7eb731d1672a41e7
2023-03-29 08:33:43,True,3.463e-05,1.093e-08,51423537.0,5.622,0xfe...5ad3,https://bscscan.com/tx/0x697fc8d6932c885864c75eeb60b853568b76cfb0ec0b73f3d390f8c3461416b5
2023-03-29 08:33:31,True,3.458e-05,1.092e-08,30091015.0,3.28651,0x20...946b,https://bscscan.com/tx/0xc7a075144defcf00297b67e1472f8c05d91b235d924f94312a98fe878ba387c0
2023-03-29 08:31:10,True,3.438e-05,1.091e-08,11913237.0,1.30049,0x20...946b,https://bscscan.com/tx/0xf5c66bf770f0cb5960e272cd72e4643a3638b7392ecc9a9a0e2ad02b1a8bfa54
2023-03-29 08:31:07,True,3.452e-05,1.091e-08,18769564.0,2.04818,0xcc...0331,https://bscscan.com/tx/0x7a5570451818b3dd1abf9020ee288e0e6e792a89ec1decbfda98e6e504bdf922
2023-03-29 08:28:55,True,3.442e-05,1.09e-08,14520124.0,1.58383,0x17...4266,https://bscscan.com/tx/0x86d3d0bcdf039842bfa23d1a129a9f8ce1494f7558b4d6bc8ef3ea935c8225ad
2023-03-29 08:28:43,True,3.441e-05,1.09e-08,14528628.0,1.5842,0x17...4266,https://bscscan.com/tx/0x3a228b07faa13a01be002c5aff879c27eba38ba7130108cfff0608e3e029dac6
2023-03-29 08:28:37,True,3.434e-05,1.09e-08,3030000.0,0.3303,0xbe...1239,https://bscscan.com/tx/0x253ef20ff5dbc98ea410e852fa726b6e4808b75552df647676f548bef6055094
2023-03-29 08:28:34,True,3.432e-05,1.089e-08,29088046.0,3.16984,0x17...4266,https://bscscan.com/tx/0xc387d3440fb97af48cbf485fd48113a363d49cfd1ec1b16f7238f940dd68e60c
2023-03-29 08:28:34,True,3.43e-05,1.088e-08,29118639.0,3.17093,0x84...40b6,https://bscscan.com/tx/0xb578ce3c2fc555d5ca587674ae10d55a80f52a617beb96845074732e36955f46
2023-03-29 08:28:31,True,3.428e-05,1.088e-08,14569948.0,1.58578,0x9f...d87c,https://bscscan.com/tx/0x8d436c6653fdad6334ef5d6d9721caff03af5a1aad8d55286e5a6b5278b135f5
2023-03-29 08:28:31,True,3.429e-05,1.088e-08,3089461.0,0.3363,0xb6...01ad,https://bscscan.com/tx/0xa557c1741982dad404a1bb1fe3093fa33648e6cdb7efde5d70bb2d0b4e9d5c8b
2023-03-29 08:28:31,True,3.427e-05,1.087e-08,13483283.0,1.4669,0xcc...0331,https://bscscan.com/tx/0x2d890dbdb847b9afe1dde269ca83b5b21c9e92b560540d7415f35981aae46070
2023-03-29 08:27:25,False,3.385e-05,1.082e-08,2991000.0,0.3237,0xc9...f8ef,https://bscscan.com/tx/0xc4ac95652472997c9e2567d9b5efc1c6641750f656990cb9f1a3e894a09f89c7
2023-03-29 08:27:25,False,3.385e-05,1.082e-08,169006.0,0.0182,0xc9...f8ef,https://bscscan.com/tx/0xc4ac95652472997c9e2567d9b5efc1c6641750f656990cb9f1a3e894a09f89c7
2023-03-29 08:23:49,True,3.415e-05,1.087e-08,51584585.0,5.60809,0xfe...5ad3,https://bscscan.com/tx/0xcf682171b9081151e668802e2747b629a235c7b3d2ae46045a7ec3eab7793f77
2023-03-29 08:23:31,False,3.396e-05,1.081e-08,10977281.0,1.18687,0xf7...aa91,https://bscscan.com/tx/0xccfd8297876211e89980c736b5be21cf904d1ddae0dee80c62a9067e1dc4b595
2023-03-29 08:23:31,False,3.397e-05,1.081e-08,467.141,5.051e-06,0xf7...aa91,https://bscscan.com/tx/0xccfd8297876211e89980c736b5be21cf904d1ddae0dee80c62a9067e1dc4b595
2023-03-29 08:23:22,False,3.397e-05,1.081e-08,172496.0,0.0186,0x6d...428f,https://bscscan.com/tx/0x832feea0b1b90faf0f38f0e7f0c28b305d38cd2fb0b4e83e050ce4b4e390bc38
2023-03-29 08:23:22,False,3.397e-05,1.081e-08,595.314,6.437e-06,0x6d...428f,https://bscscan.com/tx/0x832feea0b1b90faf0f38f0e7f0c28b305d38cd2fb0b4e83e050ce4b4e390bc38
2023-03-29 08:22:31,False,3.396e-05,1.081e-08,219825.0,0.0237,0x49...742b,https://bscscan.com/tx/0x302cef947b7f463efb9bce3aa95fa67176031862bab3e96ec7ca211159106e7c
2023-03-29 08:22:31,False,3.397e-05,1.081e-08,810.0,8.758e-06,0x49...742b,https://bscscan.com/tx/0x302cef947b7f463efb9bce3aa95fa67176031862bab3e96ec7ca211159106e7c
2023-03-29 08:22:01,False,3.395e-05,1.081e-08,299100.0,0.0323,0x97...d545,https://bscscan.com/tx/0x7f36312cd8d6ea6429681251f35f4e184c14b6dabb532d3dd81c8bc0ac9c304f
2023-03-29 08:22:01,False,3.395e-05,1.081e-08,24038.7,0.0026,0x97...d545,https://bscscan.com/tx/0x7f36312cd8d6ea6429681251f35f4e184c14b6dabb532d3dd81c8bc0ac9c304f
2023-03-29 08:21:43,False,3.379e-05,1.081e-08,8876531.0,0.9599,0x6a...8124,https://bscscan.com/tx/0xccc761bdce0f54d876ffa288e62e5af2676832f04b4e2a11ded3be2f393ea286
2023-03-29 08:21:43,False,3.379e-05,1.081e-08,54033.2,0.0058,0x6a...8124,https://bscscan.com/tx/0xccc761bdce0f54d876ffa288e62e5af2676832f04b4e2a11ded3be2f393ea286
2023-03-29 08:20:55,True,3.395e-05,1.087e-08,307196.0,0.0333,0xd1...b3a1,https://bscscan.com/tx/0xbb04aac89686542b6ff684d9ea153ac52552a933bbbef4f95aa55cc309d461ce
2023-03-29 08:18:14,True,3.409e-05,1.087e-08,28073.2,0.003,0x1f...c38c,https://bscscan.com/tx/0x4715eef8ee318b5d0693c031a166dbcf732dc73e8a0fdc1e82e5d51356166c8d
2023-03-29 08:17:49,True,3.392e-05,1.087e-08,79115.6,0.0086,0x0c...7754,https://bscscan.com/tx/0x3c9702c22b5277efcde566a59a8dff46ea4257f8b8db1757c5fc17cc3b0d7e94
2023-03-29 08:17:10,False,3.375e-05,1.081e-08,19539100.0,2.11383,0xd9...f07e,https://bscscan.com/tx/0x92eacbd886d65b0aa92d98a2e06e1107e79c4c63b656c334a44d2927efeacd76
2023-03-29 08:17:10,False,3.376e-05,1.082e-08,18979.4,0.002,0xd9...f07e,https://bscscan.com/tx/0x92eacbd886d65b0aa92d98a2e06e1107e79c4c63b656c334a44d2927efeacd76
2023-03-29 08:16:49,True,3.41e-05,1.087e-08,1518535.0,0.1651,0xde...79b0,https://bscscan.com/tx/0x24e81fb9c3b2b3ef6d290071b364189dbbfeabf71447a47582f735362732ea4e
2023-03-29 08:11:10,False,3.381e-05,1.082e-08,5494338.0,0.5945,0x3b...324e,https://bscscan.com/tx/0xa21f84b6c5432d347536f8e9cf045be77845fc7a0c8ad8fe41d05a653571a92f
2023-03-29 08:11:10,False,3.381e-05,1.082e-08,19627.3,0.0021,0x3b...324e,https://bscscan.com/tx/0xa21f84b6c5432d347536f8e9cf045be77845fc7a0c8ad8fe41d05a653571a92f
2023-03-29 08:09:46,False,3.399e-05,1.082e-08,7247559.0,0.7844,0x05...7066,https://bscscan.com/tx/0xbbb0f72ef648ccab69553e49a3ca83500f2f343917dad29dabfb50b13002dcc3
2023-03-29 08:09:46,False,3.399e-05,1.082e-08,19627.3,0.0021,0x05...7066,https://bscscan.com/tx/0xbbb0f72ef648ccab69553e49a3ca83500f2f343917dad29dabfb50b13002dcc3
2023-03-29 08:09:46,False,3.399e-05,1.082e-08,7247559.0,0.7845,0x05...7066,https://bscscan.com/tx/0xa3948b6101f1b6e9f707cbb4f9117df469ba947b87cd8f232367a1743cc5a18e
2023-03-29 08:09:46,False,3.4e-05,1.082e-08,20101.4,0.0021,0x05...7066,https://bscscan.com/tx/0xa3948b6101f1b6e9f707cbb4f9117df469ba947b87cd8f232367a1743cc5a18e
2023-03-29 08:09:46,False,3.4e-05,1.082e-08,7422638.0,0.8036,0x05...7066,https://bscscan.com/tx/0xe8c201c3eaddf444ec60c5ff55d56ce503f7165e796d8dec06c81ec6e4a620e7
2023-03-29 08:09:46,False,3.4e-05,1.082e-08,214214.0,0.0231,0x05...7066,https://bscscan.com/tx/0xe8c201c3eaddf444ec60c5ff55d56ce503f7165e796d8dec06c81ec6e4a620e7
2023-03-29 08:06:10,True,3.398e-05,1.087e-08,70540638.0,7.6698,0xc5...9566,https://bscscan.com/tx/0x90c74d27e4c6a5d790fa1ff459fcd3ce43ee07a98e236b0f47a241c3202779b4
2023-03-29 08:05:25,True,3.393e-05,1.086e-08,7364709.0,0.8,0x13...255d,https://bscscan.com/tx/0xdb7e9a1f7572a20ecc44755000fb5b99a2c43383cfa09c30ae70913b0a99fd6f
2023-03-29 08:02:52,False,3.396e-05,1.08e-08,1292358.0,0.1396,0xdf...21a9,https://bscscan.com/tx/0xd89b466c5b2342ebfbb6d6417b80f706d968140280ad5f80fb78f0b16e775467
2023-03-29 08:02:52,False,3.396e-05,1.08e-08,80973.0,0.0087,0xdf...21a9,https://bscscan.com/tx/0xd89b466c5b2342ebfbb6d6417b80f706d968140280ad5f80fb78f0b16e775467
2023-03-29 08:02:31,False,3.398e-05,1.081e-08,29900029.0,3.2327,0x20...946b,https://bscscan.com/tx/0x290af534cb4c72f25019b6e11aa080c5a6e15cdac9cc363f9b7f2250265b547c
2023-03-29 08:02:31,False,3.399e-05,1.081e-08,2587.17,2.798e-05,0x20...946b,https://bscscan.com/tx/0x290af534cb4c72f25019b6e11aa080c5a6e15cdac9cc363f9b7f2250265b547c
2023-03-29 08:01:55,True,3.399e-05,1.086e-08,141830.0,0.0154,0xcd...8bf5,https://bscscan.com/tx/0xf997262397d90732894708ed5ed681ad050ca825d2e498b9e02b1eff6a1ae311
2023-03-29 08:01:22,False,3.402e-05,1.081e-08,813933.0,0.088,0xb2...98d7,https://bscscan.com/tx/0x23574ee19b23bbae7fba61b28d27d97c1d8b690aafd9795e9992d18266502764
2023-03-29 08:01:22,False,3.402e-05,1.081e-08,12455.6,0.0013,0xb2...98d7,https://bscscan.com/tx/0x23574ee19b23bbae7fba61b28d27d97c1d8b690aafd9795e9992d18266502764
2023-03-29 08:00:58,True,3.402e-05,1.086e-08,2851971.0,0.31,0xc5...b577,https://bscscan.com/tx/0x7fa648fa08d7ecc211dab3cf1b399a05756ab87a09011ac1b0fb2258c6664986
2023-03-29 07:56:04,True,3.421e-05,1.086e-08,1439264.0,0.1564,0x3a...9f25,https://bscscan.com/tx/0x26f297df4f58e81324f9ca8d2c43287a0a04911a2d0b179f5c8874510f476f22
2023-03-29 07:55:13,False,3.387e-05,1.081e-08,320967.0,0.0347,0xcb...4b39,https://bscscan.com/tx/0x5dfa90d297e2608eb0bb23810497a25d0bdc9f3625a4af15abbe220082b7ad4d
2023-03-29 07:55:13,False,3.387e-05,1.081e-08,269263.0,0.0291,0xcb...4b39,https://bscscan.com/tx/0x5dfa90d297e2608eb0bb23810497a25d0bdc9f3625a4af15abbe220082b7ad4d
2023-03-29 07:55:01,True,3.404e-05,1.086e-08,2923131.0,0.3177,0x35...af22,https://bscscan.com/tx/0xe2d8f3f04c6dc98ac9bf799e3cd7f7dd7359096f7e616cc370b3471c1c5d69b9
2023-03-29 07:53:49,True,3.417e-05,1.085e-08,96503798.0,10.476,0x26...ddb4,https://bscscan.com/tx/0x4bf7bde18eb63cf86756efb3eb7cbe02573e92772e7305043b9c6abc2d51702c
2023-03-29 07:53:43,False,3.396e-05,1.078e-08,299150.0,0.0322,0xc9...c9de,https://bscscan.com/tx/0xe04a66468fa80a7fc0965c593bed5f52d997563c5d9ad9c08d1abc7cfb795673
2023-03-29 07:53:43,False,3.396e-05,1.078e-08,32047.1,0.0034,0xc9...c9de,https://bscscan.com/tx/0xe04a66468fa80a7fc0965c593bed5f52d997563c5d9ad9c08d1abc7cfb795673
2023-03-29 07:50:58,False,3.396e-05,1.078e-08,1426533.0,0.1539,0x08...a4b2,https://bscscan.com/tx/0x4e8e3af9977543ace683b943fdd2b3140d060c8ba84b2f1be03f2e2f06de9fd4
2023-03-29 07:50:58,False,3.396e-05,1.078e-08,16272.8,0.0017,0x08...a4b2,https://bscscan.com/tx/0x4e8e3af9977543ace683b943fdd2b3140d060c8ba84b2f1be03f2e2f06de9fd4
2023-03-29 07:46:43,True,3.415e-05,1.084e-08,1476379.0,0.16,0xdb...4cac,https://bscscan.com/tx/0x81c3d8d5af2178ca735c0b0860d6857cd06d7972bea2072c9ec521b902f5fcad
2023-03-29 07:31:44,True,3.42e-05,1.084e-08,2733600.0,0.2963,0x5d...2948,https://bscscan.com/tx/0x558b5de10a3e3b1fdf963c501e5e3425d28a4049ad578dbe95adfc0f49431751
2023-03-29 07:29:11,False,3.403e-05,1.078e-08,1667458.0,0.1798,0xdc...c6dd,https://bscscan.com/tx/0x4e1e4973a96ae20850f4f1de34045379ab8f0312400197a80f1d11ab5694e97d
2023-03-29 07:29:11,False,3.403e-05,1.078e-08,51493.8,0.0055,0xdc...c6dd,https://bscscan.com/tx/0x4e1e4973a96ae20850f4f1de34045379ab8f0312400197a80f1d11ab5694e97d
2023-03-29 07:27:17,True,3.419e-05,1.084e-08,19020913.0,2.06191,0xcc...0331,https://bscscan.com/tx/0xc98a05d2cbd0607480bcda7ee069645175e58dabee510fea994c0315067e22bd
2023-03-29 07:24:14,False,3.384e-05,1.078e-08,50694.5,0.0054,0x1d...3a5d,https://bscscan.com/tx/0xddb07d545a1b96157ed8887ca62b78069340a241bcdfe0ddc4ee691c79593202
2023-03-29 07:24:14,False,3.384e-05,1.078e-08,10312.0,0.0011,0x1d...3a5d,https://bscscan.com/tx/0xddb07d545a1b96157ed8887ca62b78069340a241bcdfe0ddc4ee691c79593202
2023-03-29 07:23:53,True,3.418e-05,1.083e-08,2245033.0,0.2433,0x6b...71d9,https://bscscan.com/tx/0xc57d5c1c68f3e110b7a0d265f3c57f33547b593dde75cd58052f88411cb868dc
2023-03-29 07:23:32,True,3.418e-05,1.083e-08,55365.2,0.006,0x41...4c19,https://bscscan.com/tx/0xb8e47bd445908973e4d7e96fa7d3734a94063f569a1d898f872995efd6642a96
2023-03-29 07:23:23,False,3.401e-05,1.078e-08,1514304.0,0.1632,0xfb...bce3,https://bscscan.com/tx/0x122e1aa7e50a221f9a62d33c7b52338808e9838cac86c930270dfcb782a332a7
2023-03-29 07:23:23,False,3.401e-05,1.078e-08,5940.0,6.405e-05,0xfb...bce3,https://bscscan.com/tx/0x122e1aa7e50a221f9a62d33c7b52338808e9838cac86c930270dfcb782a332a7
2023-03-29 07:22:44,False,3.401e-05,1.078e-08,2193400.0,0.2365,0xd2...206e,https://bscscan.com/tx/0x83a432fb923fb8a216d580ecc449e0eaa72c946720ad2865ef53bb7d35492202
2023-03-29 07:22:44,False,3.401e-05,1.078e-08,5043.21,5.438e-05,0xd2...206e,https://bscscan.com/tx/0x83a432fb923fb8a216d580ecc449e0eaa72c946720ad2865ef53bb7d35492202
2023-03-29 07:22:29,True,3.418e-05,1.083e-08,1749547.0,0.1896,0x1c...7203,https://bscscan.com/tx/0x5302bc5089f8a4b1a10a33d3aced2230ba4ec41674fd38fdfecaf3cecd1d9f92
2023-03-29 07:22:29,False,3.401e-05,1.078e-08,117955.0,0.0127,0xb0...d90f,https://bscscan.com/tx/0xfbda6cc6a4478840c2f2ca22e8b1bf2cbd8b11c5a0f3d3a1401b5182ca3c8f6e
2023-03-29 07:22:29,False,3.401e-05,1.078e-08,88484.2,0.0095,0xb0...d90f,https://bscscan.com/tx/0xfbda6cc6a4478840c2f2ca22e8b1bf2cbd8b11c5a0f3d3a1401b5182ca3c8f6e
2023-03-29 07:20:44,True,3.4e-05,1.083e-08,1325000.0,0.1436,0x38...f9e8,https://bscscan.com/tx/0x1c0690a8e615c4c6ad4849e5db6c890b6899380f7cdc1bc79a06e7f6753e9dad
2023-03-29 07:19:23,True,3.416e-05,1.083e-08,13890413.0,1.5051,0xc1...8436,https://bscscan.com/tx/0x97e343eb27ca0583d4a71fa5df2a27941a4d88eb5dd10444c93427d383578e60
2023-03-29 07:18:15,True,3.397e-05,1.083e-08,16711197.0,1.81007,0x41...4c19,https://bscscan.com/tx/0x35f8e9d6866d1866e041a5918915ec3f9fe5270fdd50ad04d1052bf8faf90106
2023-03-29 07:17:07,True,3.397e-05,1.082e-08,18321.8,0.0019,0x89...79ac,https://bscscan.com/tx/0x02a8e8eb3606a69ea797fff6252d323beed3ef6d2caf46b976d9d01b14a1ba51
2023-03-29 07:12:05,False,3.397e-05,1.077e-08,824519.0,0.0888,0x71...b72a,https://bscscan.com/tx/0x0cc72bde8a2bef462866cf8402bf7591ef9c41a81378819fa4cd5efa54077ce1
2023-03-29 07:12:05,False,3.397e-05,1.077e-08,10977.4,0.0011,0x71...b72a,https://bscscan.com/tx/0x0cc72bde8a2bef462866cf8402bf7591ef9c41a81378819fa4cd5efa54077ce1
2023-03-29 07:10:50,True,3.414e-05,1.082e-08,1215695.0,0.1316,0xf0...32c3,https://bscscan.com/tx/0xda0fcd0f5a5be942d4cfeafa5d0006f56b4fbd64162271ff0309700426136a49
2023-03-29 07:10:38,False,3.397e-05,1.077e-08,2841450.0,0.3061,0x0c...9f6d,https://bscscan.com/tx/0x725923b6d27e8ccd33f5ef5cf8276016a1c2f1a5f9ad5cc5a6f976d3b42ae86b
2023-03-29 07:10:38,False,3.397e-05,1.077e-08,141842.0,0.0152,0x0c...9f6d,https://bscscan.com/tx/0x725923b6d27e8ccd33f5ef5cf8276016a1c2f1a5f9ad5cc5a6f976d3b42ae86b
2023-03-29 07:08:23,True,3.412e-05,1.082e-08,41609998.0,4.50408,0xfe...5ad3,https://bscscan.com/tx/0xa9d028771059f681a9de422f5e836885d565f079f20f43c2b3430de0ec22fd93
2023-03-29 07:08:11,False,3.392e-05,1.076e-08,504743.0,0.0543,0x2d...91d5,https://bscscan.com/tx/0x205ebb532ce1189b6015e1bfa8460b68eb351057c25737e1792ac90d95073c52
2023-03-29 07:08:11,False,3.392e-05,1.076e-08,245713.0,0.0264,0x2d...91d5,https://bscscan.com/tx/0x205ebb532ce1189b6015e1bfa8460b68eb351057c25737e1792ac90d95073c52
2023-03-29 07:08:02,True,3.392e-05,1.081e-08,5138622.0,0.5559,0x6b...9f5d,https://bscscan.com/tx/0x5c4c47e9dae95cb583759a3cb971781720ea61685b55f443445ededc0dc47494
2023-03-29 07:07:59,True,3.391e-05,1.081e-08,5059671.0,0.5473,0x6b...9f5d,https://bscscan.com/tx/0x02d991d7d564388191f925f4fcc5ac84184f3c4df1599c3ebb8d04691cc90967
2023-03-29 07:07:56,True,3.391e-05,1.081e-08,5018167.0,0.5427,0x6b...9f5d,https://bscscan.com/tx/0xa18224e69350b8c5602722f382fd3f1358b8d6a9a7143a6e8e1115b836512c50
2023-03-29 07:07:56,True,3.39e-05,1.081e-08,30062800.0,3.25019,0x20...946b,https://bscscan.com/tx/0xbf3bc1fbe7d438d679df02b00d5457a0420d500a00263470ad1ac1aa6500dd09
2023-03-29 07:07:53,True,3.388e-05,1.08e-08,5185090.0,0.5603,0x6b...9f5d,https://bscscan.com/tx/0x4b241a3ecd0fcc19de7fe268122ed115ec42849b4a6bdecb030629af6fd27a07
2023-03-29 07:07:53,True,3.387e-05,1.08e-08,14684998.0,1.58659,0x17...4266,https://bscscan.com/tx/0x8c9b71fea674957eb866d7f13724d275dea146f7be9fd9e35e269948786cabd2
2023-03-29 07:07:53,True,3.386e-05,1.079e-08,19079568.0,2.06054,0xcc...0331,https://bscscan.com/tx/0xc0a7563ad8bc519580708a68b5adc3175dffba128555c1c764d65ef2cc37eced
2023-03-29 07:07:35,False,3.368e-05,1.074e-08,6755549.0,0.7258,0x45...f440,https://bscscan.com/tx/0x6cabab6fe977b79382fe79d99d1268b72f21901af600e88b4492335213669136
2023-03-29 07:07:35,False,3.368e-05,1.074e-08,50998.1,0.0054,0x45...f440,https://bscscan.com/tx/0x6cabab6fe977b79382fe79d99d1268b72f21901af600e88b4492335213669136
2023-03-29 07:00:08,True,3.402e-05,1.079e-08,7797507.0,0.8419,0x4c...0be7,https://bscscan.com/tx/0xda3f270890eec3e0a2ab3b3378d652482c742bae8b140ec183e5984d1fec2a01
2023-03-29 06:55:29,True,3.383e-05,1.079e-08,496060.0,0.0535,0x2c...0b8a,https://bscscan.com/tx/0xd64ea92a3a773b6188d5ed86ad6532c9f5d6926f76081b2f740795362bd20662
2023-03-29 06:55:26,True,3.383e-05,1.079e-08,377486.0,0.0407,0x98...304f,https://bscscan.com/tx/0x9667fa42d71d2d96cc057cccb0b4a36f5b4c09688cd5f2bac12d9319b75b5a21
2023-03-29 06:51:41,True,3.383e-05,1.079e-08,9263092.0,1.0,0xf6...e0fd,https://bscscan.com/tx/0xa876e356790a7e787d63eea692ba7bfbbbf95b7bd2b8d31bfc20b814895fe783
2023-03-29 06:45:41,True,3.383e-05,1.079e-08,567989.0,0.0613,0x1e...0f55,https://bscscan.com/tx/0xa3e865614e028238a954ac4d265316c2dceb6e486505c7e66ba793366528ca34
2023-03-29 06:43:50,False,3.384e-05,1.074e-08,384911.0,0.0413,0x4e...585e,https://bscscan.com/tx/0xdb4c9b7c25d1b9ae167b0eaab3113b32b2b46990a5178764362be6aa29c494b0
2023-03-29 06:43:50,False,3.384e-05,1.074e-08,37579.0,0.004,0x4e...585e,https://bscscan.com/tx/0xdb4c9b7c25d1b9ae167b0eaab3113b32b2b46990a5178764362be6aa29c494b0
2023-03-29 06:36:23,False,3.382e-05,1.074e-08,13876393.0,1.49063,0xd9...bed7,https://bscscan.com/tx/0x444a2bea99aff378ff2564d13d03d9ea8cc08e5ad997c6fa25abece4e1f2f72d
2023-03-29 06:36:23,False,3.383e-05,1.074e-08,254591.0,0.0273,0xd9...bed7,https://bscscan.com/tx/0x444a2bea99aff378ff2564d13d03d9ea8cc08e5ad997c6fa25abece4e1f2f72d
2023-03-29 06:33:08,True,3.379e-05,1.078e-08,65792012.0,7.09854,0x19...6dd1,https://bscscan.com/tx/0x757e84770995d2131fb3dac1b3f212fd2e605a048a5a07fdc649fd8597c6ef8a
2023-03-29 06:26:14,True,3.373e-05,1.078e-08,80014.8,0.0086,0x42...cdb9,https://bscscan.com/tx/0x1e55e9a6307e6c48e58139b26ef322ad9feb406725e4a65e298b6d36ca745d69
2023-03-29 06:25:41,True,3.39e-05,1.078e-08,471920.0,0.0508,0x93...f9d2,https://bscscan.com/tx/0x3e90a193d5d61ea167bfdcbad50b3ac785b2cc3c56cea7a23c46b664ca5ab33c
2023-03-29 06:18:35,True,3.373e-05,1.078e-08,10000.0,0.001,0x92...4ffc,https://bscscan.com/tx/0xbc0ccc542410403be3cee024150055b83e618171f68480690bb47d11bfad88e9
2023-03-29 06:18:23,True,3.372e-05,1.077e-08,5898209.0,0.6358,0x88...355a,https://bscscan.com/tx/0xc4a3b696e95643979779c20a3e8d4a27efebef431f1d7a0b3800f1833da993f2
2023-03-29 06:18:23,True,3.372e-05,1.077e-08,3439049.0,0.3706,0x70...2954,https://bscscan.com/tx/0x31098e07c524b380145c7f3a51d2420a0be94e6bceb31a90c2f6e636e92fd87d
2023-03-29 06:17:02,True,3.391e-05,1.077e-08,46389.9,0.005,0x0d...2de7,https://bscscan.com/tx/0xd89efd258edb777b60693591f154723b85a83242cf7ac42fb63f86b0fc090d30
2023-03-29 06:10:05,False,3.378e-05,1.072e-08,17483700.0,1.87542,0x05...7066,https://bscscan.com/tx/0x0b3acc860f34a5acc53a8a4ced6d2f84ac2ac733f18bd8c6d8cb9f8e9cb4b2e9
2023-03-29 06:10:05,False,3.378e-05,1.072e-08,30440.0,0.0032,0x05...7066,https://bscscan.com/tx/0x0b3acc860f34a5acc53a8a4ced6d2f84ac2ac733f18bd8c6d8cb9f8e9cb4b2e9
2023-03-29 06:09:38,False,3.362e-05,1.073e-08,11240243.0,1.20612,0x05...7066,https://bscscan.com/tx/0x19b19c5e6d95711ae242db2c97fa358c3db362a80f3c161b784bb01457f7979e
2023-03-29 06:09:38,False,3.363e-05,1.073e-08,41633.5,0.0044,0x05...7066,https://bscscan.com/tx/0x19b19c5e6d95711ae242db2c97fa358c3db362a80f3c161b784bb01457f7979e
2023-03-29 06:09:08,False,3.38e-05,1.073e-08,15373544.0,1.65017,0x05...7066,https://bscscan.com/tx/0xde1a9c06e1e46b5b6bcbb54ee6b88383c98640158e24dd45efc4088570b6059b
2023-03-29 06:09:08,False,3.38e-05,1.073e-08,68143.9,0.0073,0x05...7066,https://bscscan.com/tx/0xde1a9c06e1e46b5b6bcbb54ee6b88383c98640158e24dd45efc4088570b6059b
2023-03-29 06:07:16,False,3.365e-05,1.073e-08,25162774.0,2.70225,0x05...7066,https://bscscan.com/tx/0xd5fb63907ed7e389794960b48e19839b7d83cc5add8da0ffe9ec66ff6b99f58b
2023-03-29 06:07:16,False,3.366e-05,1.074e-08,72363.0,0.0077,0x05...7066,https://bscscan.com/tx/0xd5fb63907ed7e389794960b48e19839b7d83cc5add8da0ffe9ec66ff6b99f58b
2023-03-29 06:07:13,False,3.367e-05,1.074e-08,26720725.0,2.87137,0x05...7066,https://bscscan.com/tx/0xf6a00780e9ccfddd7cb583af89bf17aa92ce6bd570e73e8e5c0c87ba6dbfc000
2023-03-29 06:07:13,False,3.368e-05,1.074e-08,21947.3,0.0023,0x05...7066,https://bscscan.com/tx/0xf6a00780e9ccfddd7cb583af89bf17aa92ce6bd570e73e8e5c0c87ba6dbfc000
2023-03-29 06:05:33,True,3.399e-05,1.08e-08,194897.0,0.021,0xe5...f502,https://bscscan.com/tx/0x4d86b088e08f21c3dbc26771bfc1ce10b1fe8b8fdc4ada90e69e5e8bfdbe7164
2023-03-29 06:04:27,True,3.382e-05,1.08e-08,194898.0,0.021,0xe5...f502,https://bscscan.com/tx/0x46b00cef061c2d7a91307c8b3e0d02fd9a804bf254886065004b1f75564d67bd
2023-03-29 06:04:21,False,3.365e-05,1.075e-08,7715612.0,0.8294,0x05...7066,https://bscscan.com/tx/0x808035ef9b07eb369c4d5e5ed0561f9db5489675fd04f0213df42b1dcbbb6878
2023-03-29 06:04:21,False,3.365e-05,1.075e-08,31953.6,0.0034,0x05...7066,https://bscscan.com/tx/0x808035ef9b07eb369c4d5e5ed0561f9db5489675fd04f0213df42b1dcbbb6878
2023-03-29 06:04:00,False,3.366e-05,1.075e-08,11799168.0,1.26873,0x05...7066,https://bscscan.com/tx/0xd5f53187fd76e8be518196115f2b71257e7e83fbee499817fade804bdf57b6af
2023-03-29 06:04:00,False,3.366e-05,1.075e-08,28106.9,0.003,0x05...7066,https://bscscan.com/tx/0xd5f53187fd76e8be518196115f2b71257e7e83fbee499817fade804bdf57b6af
2023-03-29 06:03:51,True,3.383e-05,1.08e-08,514142.0,0.0555,0x9d...1f25,https://bscscan.com/tx/0xfe1a05e9d6879c11ac0bb620131542bb537467bb03f7cc6bfed29afb1a850fe2
2023-03-29 06:03:21,False,3.384e-05,1.075e-08,9866119.0,1.06114,0x05...7066,https://bscscan.com/tx/0x887398223b10c1da4b872173f6173ea60a3f56f01a38079c0ca0cec7feffe0d0
2023-03-29 06:03:21,False,3.384e-05,1.075e-08,18775.0,0.002,0x05...7066,https://bscscan.com/tx/0x887398223b10c1da4b872173f6173ea60a3f56f01a38079c0ca0cec7feffe0d0
2023-03-29 06:02:39,False,3.384e-05,1.075e-08,6932842.0,0.7458,0x05...7066,https://bscscan.com/tx/0xd1bb97ade1e3dd092f36e1c752ecce58a7ffd94310122f36b8245d833c1003de
2023-03-29 06:02:39,False,3.385e-05,1.075e-08,18775.0,0.002,0x05...7066,https://bscscan.com/tx/0xd1bb97ade1e3dd092f36e1c752ecce58a7ffd94310122f36b8245d833c1003de
2023-03-29 06:02:36,False,3.385e-05,1.075e-08,6932842.0,0.7459,0x05...7066,https://bscscan.com/tx/0x6e9991263ab315bb307f278afb17f5404951895ee3b8074e62cfe183f4305c82
2023-03-29 06:02:36,False,3.385e-05,1.076e-08,13838.1,0.0014,0x05...7066,https://bscscan.com/tx/0x6e9991263ab315bb307f278afb17f5404951895ee3b8074e62cfe183f4305c82
2023-03-29 06:02:33,False,3.385e-05,1.076e-08,5109850.0,0.5498,0x6b...9f5d,https://bscscan.com/tx/0x88780a8b5693dd6793dbade4373f135d2ab0137b0de4f2597014fbb9d4ff7fa3
2023-03-29 06:02:33,False,3.386e-05,1.076e-08,80946.0,0.0087,0x6b...9f5d,https://bscscan.com/tx/0x88780a8b5693dd6793dbade4373f135d2ab0137b0de4f2597014fbb9d4ff7fa3
2023-03-29 06:02:30,False,3.37e-05,1.076e-08,29890059.0,3.21783,0x20...946b,https://bscscan.com/tx/0xd28c8ebfdd576e53139708a62c432afffa5f2e3c839ef71d89996a6fa3ced533
2023-03-29 06:02:30,False,3.371e-05,1.076e-08,13726.5,0.0014,0x20...946b,https://bscscan.com/tx/0xd28c8ebfdd576e53139708a62c432afffa5f2e3c839ef71d89996a6fa3ced533
2023-03-29 06:02:27,False,3.371e-05,1.077e-08,5068638.0,0.5459,0x6b...9f5d,https://bscscan.com/tx/0xb2ed420a9d4a8a4fd03900d1a7e1fc2fed565744c72a8b9180677210e812132d
2023-03-29 06:02:27,False,3.372e-05,1.077e-08,13882.5,0.0015,0x6b...9f5d,https://bscscan.com/tx/0xb2ed420a9d4a8a4fd03900d1a7e1fc2fed565744c72a8b9180677210e812132d
2023-03-29 06:02:24,False,3.372e-05,1.077e-08,5126260.0,0.5521,0x6b...9f5d,https://bscscan.com/tx/0xd89a2620ca44263ad7991a5df5004555a8a11c16bbe3b031a3416b2975212a08
2023-03-29 06:02:24,False,3.372e-05,1.077e-08,13871.9,0.0014,0x6b...9f5d,https://bscscan.com/tx/0xd89a2620ca44263ad7991a5df5004555a8a11c16bbe3b031a3416b2975212a08
2023-03-29 06:02:00,False,3.372e-05,1.077e-08,5122334.0,0.5518,0x6b...9f5d,https://bscscan.com/tx/0xeb874d10e9e59339371bfc89ab70bf5f948f172df8302e448ee53b497d48176d
2023-03-29 06:02:00,False,3.373e-05,1.077e-08,47073.8,0.005,0x6b...9f5d,https://bscscan.com/tx/0xeb874d10e9e59339371bfc89ab70bf5f948f172df8302e448ee53b497d48176d
2023-03-29 06:01:09,False,3.39e-05,1.077e-08,17382453.0,1.87309,0x05...7066,https://bscscan.com/tx/0xd43625b2298d0d67b244fb7c6f3af749e76714d955b53d972c3445975006b9dd
2023-03-29 06:01:09,False,3.391e-05,1.077e-08,1146.38,1.235e-05,0x05...7066,https://bscscan.com/tx/0xd43625b2298d0d67b244fb7c6f3af749e76714d955b53d972c3445975006b9dd
2023-03-29 05:55:24,False,3.376e-05,1.077e-08,423313.0,0.0456,0xb5...77c2,https://bscscan.com/tx/0x25887829fb53157818a9551647fa15e4b09f7865725ef989c362a69820932c3f
2023-03-29 05:55:24,False,3.376e-05,1.077e-08,20190.7,0.0021,0xb5...77c2,https://bscscan.com/tx/0x25887829fb53157818a9551647fa15e4b09f7865725ef989c362a69820932c3f
2023-03-29 05:54:21,False,3.376e-05,1.077e-08,7455585.0,0.8036,0x05...7066,https://bscscan.com/tx/0x7b42d69ba66ef15d9a31c5fa12d07004159d6bfa40450aef32e39e9fae00331f
2023-03-29 05:54:21,False,3.377e-05,1.078e-08,18909.3,0.002,0x05...7066,https://bscscan.com/tx/0x7b42d69ba66ef15d9a31c5fa12d07004159d6bfa40450aef32e39e9fae00331f
2023-03-29 05:51:24,True,3.408e-05,1.083e-08,414901.0,0.0449,0x28...a487,https://bscscan.com/tx/0x908b57726818db355ee941ac1d7a7d4dc68bfec3d5ec06e4c885cea1a924ee3d
2023-03-29 05:49:57,False,3.374e-05,1.078e-08,6568789.0,0.7081,0x05...7066,https://bscscan.com/tx/0xdb8b3131716b493ffcb8b9bdd8afcb991ed616f006d135c547c14bec07f1c5a1
2023-03-29 05:49:57,False,3.374e-05,1.078e-08,78463.5,0.0084,0x05...7066,https://bscscan.com/tx/0xdb8b3131716b493ffcb8b9bdd8afcb991ed616f006d135c547c14bec07f1c5a1
2023-03-29 05:47:09,False,3.376e-05,1.078e-08,28973379.0,3.12491,0x05...7066,https://bscscan.com/tx/0xb45d4a19a6a902585c41ee0de17a6be7f646cbb5053ba22da20e5fe3cae8b69d
2023-03-29 05:47:09,False,3.377e-05,1.078e-08,1162.66,1.254e-05,0x05...7066,https://bscscan.com/tx/0xb45d4a19a6a902585c41ee0de17a6be7f646cbb5053ba22da20e5fe3cae8b69d
2023-03-29 05:45:03,True,3.394e-05,1.084e-08,430615.0,0.0466,0x66...501c,https://bscscan.com/tx/0x3fa6be615ed6f645615c7ec62b28107de2e9354b8d51b5cb590f12b2cb0b5fec
2023-03-29 05:42:48,False,3.378e-05,1.078e-08,5879620.0,0.6344,0xdc...c6dd,https://bscscan.com/tx/0x9fe5ffc3e91fa7886bb3bd595980a1a63d12d7ab8812269a5afaf435859ca5d4
2023-03-29 05:42:48,False,3.378e-05,1.079e-08,239893.0,0.0258,0xdc...c6dd,https://bscscan.com/tx/0x9fe5ffc3e91fa7886bb3bd595980a1a63d12d7ab8812269a5afaf435859ca5d4
2023-03-29 05:42:30,True,3.408e-05,1.083e-08,83000000.0,8.99218,0x33...43fa,https://bscscan.com/tx/0xdb98725cbb1230cb0c9e1d24ab0bd89d69f73dd3edf79f57aa4ee999ae372b3f
2023-03-29 05:40:27,False,3.372e-05,1.076e-08,5772841.0,0.6217,0x4e...585e,https://bscscan.com/tx/0x4613cca8bb3409388ff05ac3a8d908a974f45448925ca3b0440e978da49606de
2023-03-29 05:40:27,False,3.372e-05,1.077e-08,1567.54,1.688e-05,0x4e...585e,https://bscscan.com/tx/0x4613cca8bb3409388ff05ac3a8d908a974f45448925ca3b0440e978da49606de
2023-03-29 05:39:27,False,3.389e-05,1.077e-08,578827.0,0.0623,0xe8...dc93,https://bscscan.com/tx/0xdabfbb31c4d67d7d5aa5c6e1efde1e88340c2b597d3aed561491628502afc90c
2023-03-29 05:39:27,False,3.389e-05,1.077e-08,1060.27,1.141e-05,0xe8...dc93,https://bscscan.com/tx/0xdabfbb31c4d67d7d5aa5c6e1efde1e88340c2b597d3aed561491628502afc90c
2023-03-29 05:37:54,True,3.406e-05,1.082e-08,50000.0,0.0054,0xae...11a6,https://bscscan.com/tx/0x1f992f89d4abc9a4a33160e53abe79ed19fc65a4d205edf1d86b5fcc19a6c3db
2023-03-29 05:29:12,True,3.406e-05,1.082e-08,258668.0,0.028,0x4f...1ec6,https://bscscan.com/tx/0x0c4611f01aaefd56975df4783ca7cebdd37b64c1fc4cb8f7ea88107ecb599085
2023-03-29 05:27:23,False,3.389e-05,1.077e-08,83772.8,0.009,0xca...3297,https://bscscan.com/tx/0x57959b21ce41b1d42589c6ab697fbc9534b8e2be58d4135b826ccd0b5f0a01d6
2023-03-29 05:27:23,False,3.389e-05,1.077e-08,9430.25,0.001,0xca...3297,https://bscscan.com/tx/0x57959b21ce41b1d42589c6ab697fbc9534b8e2be58d4135b826ccd0b5f0a01d6
2023-03-29 05:25:54,True,3.389e-05,1.082e-08,3414534.0,0.3696,0x4c...fdf3,https://bscscan.com/tx/0xc770bc78e0b30448dcf0bd2d08ecda94f6f9e15d6bf3064356e252310ac91fa9
2023-03-29 05:14:16,False,3.373e-05,1.076e-08,77916.0,0.0083,0x5b...42ae,https://bscscan.com/tx/0x2c8858d26295925c3994ded8e9ecc29e37864b4c2de7f9ab778715cb0922b7c7
2023-03-29 05:14:16,False,3.373e-05,1.076e-08,2408.74,2.594e-05,0x5b...42ae,https://bscscan.com/tx/0x2c8858d26295925c3994ded8e9ecc29e37864b4c2de7f9ab778715cb0922b7c7
2023-03-29 05:06:01,False,3.389e-05,1.076e-08,889450.0,0.0957,0xd7...1abd,https://bscscan.com/tx/0x8221a34167e08795d91e545062e1f80577c2b69b0f18ae02f830e8b7c6a17bea
2023-03-29 05:06:01,False,3.389e-05,1.076e-08,20560.7,0.0022,0xd7...1abd,https://bscscan.com/tx/0x8221a34167e08795d91e545062e1f80577c2b69b0f18ae02f830e8b7c6a17bea
2023-03-29 05:03:22,True,3.389e-05,1.082e-08,2230667.0,0.2414,0x3a...c7f1,https://bscscan.com/tx/0xf403fb6cb7da7e1e9a1d3e3e381d0eb3fb4088a1851117a9ee15272b5b5b24b6
2023-03-29 05:02:16,True,3.389e-05,1.082e-08,821953.0,0.0889,0xe1...6347,https://bscscan.com/tx/0x1c154538438d8f995a5a5b34be49ae14f54d91410b1ffbad5cfea48b7b750141
2023-03-29 04:58:16,True,3.406e-05,1.082e-08,1547735.0,0.1675,0x4e...a831,https://bscscan.com/tx/0xb7b093a068f3e1955c074961539ff25f0d940c2181bc48c5bdc9ab3963aac2f9
2023-03-29 04:57:55,True,3.406e-05,1.082e-08,2935627.0,0.3177,0xa1...eaf2,https://bscscan.com/tx/0x94e444c7f61228b1cd25be5c2e870b681d131a9c932beaf79f9ab5c4e0d1b351
2023-03-29 04:55:34,False,3.388e-05,1.076e-08,78838.3,0.0084,0xab...9925,https://bscscan.com/tx/0xe3ebb5985a978117f3e6a00606ede61ddda45bf2f2d30a6594c08230069e0742
2023-03-29 04:55:34,False,3.388e-05,1.076e-08,19443.4,0.002,0xab...9925,https://bscscan.com/tx/0xe3ebb5985a978117f3e6a00606ede61ddda45bf2f2d30a6594c08230069e0742
2023-03-29 04:50:13,True,3.388e-05,1.082e-08,6195789.0,0.6704,0x62...e518,https://bscscan.com/tx/0x3b3ce4b80fda1ac72403aeae8bff0e96b3554c9e9c8c12a3125cd5b802125fe0
2023-03-29 04:48:19,False,3.371e-05,1.076e-08,1002469.0,0.1079,0xb0...7764,https://bscscan.com/tx/0x456f9eda63b40fe59dc85565115257ae6c66502957a07e52d8aa227b64ce9705
2023-03-29 04:48:19,False,3.371e-05,1.076e-08,6090.74,6.557e-05,0xb0...7764,https://bscscan.com/tx/0x456f9eda63b40fe59dc85565115257ae6c66502957a07e52d8aa227b64ce9705
2023-03-29 04:43:22,False,3.374e-05,1.076e-08,2249061.0,0.2421,0x9e...1d34,https://bscscan.com/tx/0x71fbaf35cd6f2817539bdb33469cd4d9437a31537da089abded8fa85637adc22
2023-03-29 04:43:22,False,3.374e-05,1.076e-08,20957.8,0.0022,0x9e...1d34,https://bscscan.com/tx/0x71fbaf35cd6f2817539bdb33469cd4d9437a31537da089abded8fa85637adc22
2023-03-29 04:43:07,True,3.391e-05,1.082e-08,1923637.0,0.2081,0x15...daea,https://bscscan.com/tx/0x50179b2ae7349b0e5639deec610bd0b91951f469836dae66651aa302d09fc96a
2023-03-29 04:42:31,True,3.391e-05,1.082e-08,1526532.0,0.1651,0x4e...d3be,https://bscscan.com/tx/0x4248d1d73e9b6ef255abe492779025158323731e7c97e6b476a0e81c4125f70c
2023-03-29 04:41:19,True,3.39e-05,1.082e-08,50000.0,0.0054,0x4c...fdf3,https://bscscan.com/tx/0x4810dbe759617ae552d48f5e85b5b4798960bc6aad6c19cd6b9a0800fe930b9f
2023-03-29 04:40:25,True,3.391e-05,1.082e-08,1848399.0,0.2,0xe5...1d00,https://bscscan.com/tx/0x35313c6a5d25e683ab4074f0ceca5d12b5b36e8f7a399eed4be600a60a4f1626
2023-03-29 04:33:33,False,3.375e-05,1.076e-08,1846402.0,0.1987,0xa1...5a78,https://bscscan.com/tx/0xd0dd8369ffdb81fa19034f791f5f860048d81cb2ea6ad80719de9b0c776c347b
2023-03-29 04:33:33,False,3.375e-05,1.076e-08,13509.9,0.0014,0xa1...5a78,https://bscscan.com/tx/0xd0dd8369ffdb81fa19034f791f5f860048d81cb2ea6ad80719de9b0c776c347b
2023-03-29 04:31:45,False,3.392e-05,1.076e-08,4988668.0,0.5371,0x52...5a26,https://bscscan.com/tx/0xfc4e1cf81eaf7e0e54e8d3e0504d17e59bcc73051ab203f45cc6718c4bd10d25
2023-03-29 04:31:45,False,3.392e-05,1.076e-08,20174.2,0.0021,0x52...5a26,https://bscscan.com/tx/0xfc4e1cf81eaf7e0e54e8d3e0504d17e59bcc73051ab203f45cc6718c4bd10d25
2023-03-29 04:31:18,False,3.375e-05,1.076e-08,7449527.0,0.8022,0x11...cb63,https://bscscan.com/tx/0x0a8c5e9c6cad68fe5ca91cc73455558079e4fd7b4b988e50fcabb4c8c8821ad0
2023-03-29 04:31:18,False,3.376e-05,1.076e-08,94154.6,0.0101,0x11...cb63,https://bscscan.com/tx/0x0a8c5e9c6cad68fe5ca91cc73455558079e4fd7b4b988e50fcabb4c8c8821ad0
2023-03-29 04:31:03,True,3.392e-05,1.082e-08,1936151.0,0.2095,0x36...32f7,https://bscscan.com/tx/0x9b7b1f7096127cc3daa06a397f0fd630b998c41838c91a06ac3ab00fb0b9d4d4
2023-03-29 04:28:24,True,3.41e-05,1.082e-08,1663129.0,0.18,0x6b...76a9,https://bscscan.com/tx/0x46a1f86f7211bcc5fe44c1167321d6f0fa3d7954a4aa8f57a7a2f4e1bcf05cf8
2023-03-29 04:28:21,True,3.409e-05,1.081e-08,22459432.0,2.43007,0x2a...f8b7,https://bscscan.com/tx/0xc2504e67bb0e70ae4aa3eba6ebaeeb038eecf7406e516b08c8a3565f509804c7
2023-03-29 04:26:15,False,3.39e-05,1.076e-08,8786938.0,0.9458,0x98...797c,https://bscscan.com/tx/0xdd1dcc8e6302ddfc90c12bd7f3be10c98a2bb2bb10513040c73a71b138161160
2023-03-29 04:26:15,False,3.39e-05,1.076e-08,14398.7,0.0015,0x98...797c,https://bscscan.com/tx/0xdd1dcc8e6302ddfc90c12bd7f3be10c98a2bb2bb10513040c73a71b138161160
2023-03-29 04:21:28,True,3.406e-05,1.081e-08,1900841.0,0.2056,0x92...a288,https://bscscan.com/tx/0xe0840a8cdf182a5b219b08e9fd2ddd878676813a2a687e12edee53525e42c354
2023-03-29 04:18:40,False,3.371e-05,1.076e-08,3421698.0,0.3683,0xbc...051a,https://bscscan.com/tx/0xe64fea4fe02cad821b50c28000b3dc68c118b4344e4b0b3ea76fc0997e8ff9de
2023-03-29 04:18:40,False,3.371e-05,1.076e-08,429.99,4.629e-06,0xbc...051a,https://bscscan.com/tx/0xe64fea4fe02cad821b50c28000b3dc68c118b4344e4b0b3ea76fc0997e8ff9de
2023-03-29 04:18:25,False,3.39e-05,1.076e-08,158778.0,0.017,0xbb...73ae,https://bscscan.com/tx/0x6afd76d9dd5832674c97b7bc9fd5544164cfe42665d4f67386f40c760cdda1d6
2023-03-29 04:18:25,False,3.39e-05,1.076e-08,12539.7,0.0013,0xbb...73ae,https://bscscan.com/tx/0x6afd76d9dd5832674c97b7bc9fd5544164cfe42665d4f67386f40c760cdda1d6
2023-03-29 04:14:22,False,3.388e-05,1.076e-08,4630404.0,0.4985,0x4c...599a,https://bscscan.com/tx/0xd8092155fcab8a4e3362724137d013bb612244f53b56da7d5f8a593a871a5dbf
2023-03-29 04:14:22,False,3.388e-05,1.076e-08,84546.8,0.0091,0x4c...599a,https://bscscan.com/tx/0xd8092155fcab8a4e3362724137d013bb612244f53b56da7d5f8a593a871a5dbf
2023-03-29 04:14:10,True,3.388e-05,1.082e-08,1463756.0,0.1583,0x54...1905,https://bscscan.com/tx/0x40461ba21a28acb7d7314157c4ef307ee21ee5779c1dade0f30b05157f40280e
2023-03-29 04:10:55,True,3.405e-05,1.081e-08,6590700.0,0.713,0x62...e518,https://bscscan.com/tx/0xb15461c426fdb6d805e13c5b17e058ae34fbf726cbe811183185e984ebcdc4f5
2023-03-29 04:03:53,True,3.388e-05,1.081e-08,259960.0,0.0281,0x98...b2d3,https://bscscan.com/tx/0x581c1c826bc6f6bf8c3f0281d7bb64e49c2c8d011f68db6266bb05359a3819d1
2023-03-29 04:02:50,True,3.406e-05,1.081e-08,1459441.0,0.1578,0xa3...e555,https://bscscan.com/tx/0x49a222d54f323ecefa5808ac28fa03ee9a3cd8e35aaec5e36d09625c763fddf2
2023-03-29 04:01:44,True,3.406e-05,1.081e-08,1041755.0,0.1127,0xe8...30fc,https://bscscan.com/tx/0x27a66b924af934661f225a2954f7dafa614e2966c004f543455cc48fc1696092
2023-03-29 04:01:26,True,3.387e-05,1.081e-08,939825.0,0.1016,0x92...0f8c,https://bscscan.com/tx/0xece78bf19d26ec9f9cea6afbd6d111e52f2b32a85006fe4d56d7ed0cd32ab277
2023-03-29 04:00:29,True,3.405e-05,1.081e-08,10361659.0,1.12076,0xc4...6e8c,https://bscscan.com/tx/0xd70202f924ff51c90d96876762033b326748e89e5848ee0c03e03f147fcfd148
2023-03-29 03:58:53,True,3.388e-05,1.081e-08,4596360.0,0.497,0x62...12c2,https://bscscan.com/tx/0x29ce0a83b0549486b894cc0d853518b6fa50532b7b599df835d387d61c9ba213
2023-03-29 03:53:17,False,3.388e-05,1.076e-08,4586370.0,0.4935,0x16...95f2,https://bscscan.com/tx/0x13590f7247cb2f06cb7bd0cd7d340bb2c672c15e8267faf81ebb1cf7c94f8d95
2023-03-29 03:53:17,False,3.389e-05,1.076e-08,810.0,8.716e-06,0x16...95f2,https://bscscan.com/tx/0x13590f7247cb2f06cb7bd0cd7d340bb2c672c15e8267faf81ebb1cf7c94f8d95
2023-03-29 03:52:50,False,3.389e-05,1.076e-08,299100.0,0.0321,0x2f...9653,https://bscscan.com/tx/0x80dc7a7cf1358b1ba393666877ebd05501dfd9abe15bd425176423bc8600ded4
2023-03-29 03:52:50,False,3.389e-05,1.076e-08,48101.6,0.0051,0x2f...9653,https://bscscan.com/tx/0x80dc7a7cf1358b1ba393666877ebd05501dfd9abe15bd425176423bc8600ded4
2023-03-29 03:50:26,True,3.389e-05,1.081e-08,896640.0,0.0969,0xb4...adb5,https://bscscan.com/tx/0xa56375318a5a30b50798a4ae5c99fb7f3cd6b736f0527af866f3e839e96964e2
2023-03-29 03:48:20,True,3.405e-05,1.081e-08,6173012.0,0.6675,0xfa...ce4c,https://bscscan.com/tx/0x92aea45a7a42eb6444c48ecb7613d9c48a8758e6ea2ebfc29affbe9eb4acca02
2023-03-29 03:47:53,True,3.387e-05,1.081e-08,8859388.0,0.9578,0x98...797c,https://bscscan.com/tx/0x9a512eaa1b6d11299a4c718c69d0bc21e407dd0fe768335a38505127f1ffdec0
2023-03-29 03:46:47,True,3.388e-05,1.081e-08,1500000.0,0.1621,0x7d...8789,https://bscscan.com/tx/0x579cb9121ab897f3ad3ccf2c259f0a4532884d25e7b73f3224af7d7c520e8bea
2023-03-29 03:44:32,True,3.404e-05,1.081e-08,274788.0,0.0297,0xfd...31ee,https://bscscan.com/tx/0xb537b38854de6f64645dc6d362dc8949a030451748a79b7f30ae86e445fa261a
2023-03-29 03:43:59,False,3.387e-05,1.075e-08,111239.0,0.0119,0x1c...a071,https://bscscan.com/tx/0xaa39e4a314a68b7932c764f15c898569d6bb1b5217805b3dd269c4cc448332d9
2023-03-29 03:43:59,False,3.387e-05,1.075e-08,5499.86,5.915e-05,0x1c...a071,https://bscscan.com/tx/0xaa39e4a314a68b7932c764f15c898569d6bb1b5217805b3dd269c4cc448332d9
2023-03-29 03:43:53,False,3.387e-05,1.075e-08,2030872.0,0.2184,0x21...de21,https://bscscan.com/tx/0xd75b4a4e50aa3e42557a7197e75a590df47f03bdc118fc88a7e5e58e66e1e180
2023-03-29 03:43:53,False,3.388e-05,1.075e-08,850716.0,0.0915,0x21...de21,https://bscscan.com/tx/0xd75b4a4e50aa3e42557a7197e75a590df47f03bdc118fc88a7e5e58e66e1e180
2023-03-29 03:43:38,True,3.382e-05,1.079e-08,131205140.0,14.1624,0x56...346a,https://bscscan.com/tx/0x44b841563877ef241a666ac81b6baa05ff4abc10301238224cfd26bdb1862a25
2023-03-29 03:42:20,True,3.378e-05,1.077e-08,1000000.0,0.1077,0x7d...8789,https://bscscan.com/tx/0xb8270776014c229c3c579e335a22bd6eccb4e0a4ec68a51126d4c3c4eef08d02
2023-03-29 03:42:11,True,3.394e-05,1.077e-08,29555590.0,3.184,0x0c...cee3,https://bscscan.com/tx/0x2c71709d2af6df482e9f6cb282ba36eb42637a2012a9d4aead29e833d854878d
2023-03-29 03:42:05,True,3.39e-05,1.076e-08,53032774.0,5.70748,0xfe...5ad3,https://bscscan.com/tx/0xa68794cf23965e49aaba5d5bfca8079d8019df6b89f71e5703c17e1f314ff808
2023-03-29 03:41:35,True,3.388e-05,1.075e-08,9750861.0,1.04861,0x08...045b,https://bscscan.com/tx/0xf66a303488e9df41e88001de8e4d40338ecffb49035a789008522589cb50f2e0
2023-03-29 03:41:05,True,3.37e-05,1.074e-08,22521939.0,2.42107,0x0c...cee3,https://bscscan.com/tx/0x150b3451d9d5f84fcd138755af02d308d560b3e23bbe125c81a2d5fddf3a860d
2023-03-29 03:39:41,True,3.367e-05,1.074e-08,29665927.0,3.18703,0x0c...cee3,https://bscscan.com/tx/0x82d211c7ffb66511c48f284b5f2be06ff09b890f135c6999eea91c69e1b01dc2
2023-03-29 03:38:17,True,3.366e-05,1.073e-08,1778778.0,0.191,0xf6...63ab,https://bscscan.com/tx/0xacc9e2dca58f26e23dfded9714358964d21cbc83a1ab7f3eed64cea51f9ac26d
2023-03-29 03:37:25,False,3.367e-05,1.068e-08,18496862.0,1.97686,0x92...64ef,https://bscscan.com/tx/0x02fffa844f27bdcf1a6fa92a4d2bca55f2e0220af1947f146e04f41bac921638
2023-03-29 03:37:25,False,3.368e-05,1.068e-08,50091.8,0.0053,0x92...64ef,https://bscscan.com/tx/0x02fffa844f27bdcf1a6fa92a4d2bca55f2e0220af1947f146e04f41bac921638
2023-03-29 03:36:46,False,3.369e-05,1.069e-08,18496862.0,1.97774,0x92...64ef,https://bscscan.com/tx/0x5bf8d2ef0854296d45c07f215018c62e313a6bfcdbe8729cefd11afa37564aec
2023-03-29 03:36:46,False,3.369e-05,1.069e-08,50409.7,0.0053,0x92...64ef,https://bscscan.com/tx/0x5bf8d2ef0854296d45c07f215018c62e313a6bfcdbe8729cefd11afa37564aec
2023-03-29 03:36:40,True,3.369e-05,1.074e-08,3322032.0,0.357,0x1b...5047,https://bscscan.com/tx/0x3cd1fe2a745a7142d4703dbbde9e804e512dd617b769ebf0ae03caf5447dca55
2023-03-29 03:36:03,True,3.369e-05,1.074e-08,11962426.0,1.28548,0x6b...bdb8,https://bscscan.com/tx/0xf0f6b67812ba8dbb7a41f7ba611a540b6d12b0b1080553341f7aba7a3a60440d
2023-03-29 03:35:42,False,3.369e-05,1.069e-08,3375640.0,0.3609,0x1b...5047,https://bscscan.com/tx/0x8fea1da75cf40b539a43e763ea05c1c8ec907185920f9a2b0c0756e025453e4d
2023-03-29 03:35:42,False,3.369e-05,1.069e-08,23046.1,0.0024,0x1b...5047,https://bscscan.com/tx/0x8fea1da75cf40b539a43e763ea05c1c8ec907185920f9a2b0c0756e025453e4d
2023-03-29 03:29:25,False,3.371e-05,1.069e-08,6210943.0,0.6641,0xcd...1cd8,https://bscscan.com/tx/0x95896ea11eb08eac74b399029558bce3e7dd809a1f1d7425002a8a831b3e2996
2023-03-29 03:29:25,False,3.371e-05,1.069e-08,162532.0,0.0173,0xcd...1cd8,https://bscscan.com/tx/0x95896ea11eb08eac74b399029558bce3e7dd809a1f1d7425002a8a831b3e2996
2023-03-29 03:28:01,True,3.371e-05,1.074e-08,1160662.0,0.1247,0xfa...d819,https://bscscan.com/tx/0x947bccdf42ca5218bc58deed4a6b5fbc84b3b2489cd680457a32b30228fab17d
2023-03-29 03:26:52,True,3.371e-05,1.074e-08,3436301.0,0.3692,0x3a...c7f1,https://bscscan.com/tx/0x4debe634d55d73c8d405b76717ce6cf08feaf77c3ec8e5903d61ffc4901c26a0
2023-03-29 03:26:43,False,3.357e-05,1.069e-08,55433200.0,5.93092,0xa0...3d15,https://bscscan.com/tx/0xada2015e49a664c7e9be8fba74f02162347af64044a65cdff032bb47bac0e806
2023-03-29 03:26:43,False,3.359e-05,1.07e-08,1128843.0,0.1208,0xa0...3d15,https://bscscan.com/tx/0xada2015e49a664c7e9be8fba74f02162347af64044a65cdff032bb47bac0e806
2023-03-29 03:26:19,True,3.391e-05,1.075e-08,29554549.0,3.17904,0x0c...cee3,https://bscscan.com/tx/0x70b4b6d97d8a4e46920d29724452859ae8fdae3c8186e982903711844d3d5991
2023-03-29 03:25:25,True,3.372e-05,1.075e-08,18604166.0,2.0,0x92...64ef,https://bscscan.com/tx/0xec5c3e0ee306be60a99a2ba7a0e64fd796cb7de07dbfa888bb9d9c67aad3f3fe
2023-03-29 03:24:43,True,3.371e-05,1.074e-08,18612524.0,2.0,0x92...64ef,https://bscscan.com/tx/0x4c5118775d4c86eff8e4ba6bfcba4daccd254f083ec35b02410f736f8f157a71
2023-03-29 03:23:55,True,3.387e-05,1.074e-08,980381.0,0.1053,0xd3...12da,https://bscscan.com/tx/0x404ac0f7f744bd133a9215ea9caa1222875b4734091ad852d7db1032d37cf0b5
2023-03-29 03:22:04,True,3.387e-05,1.074e-08,1210132.0,0.13,0x19...db05,https://bscscan.com/tx/0x995ae7e1ba5e0bbbd24b92a869d15a91cb5bf9e5ee1555f740e5c5f2ad23879b
2023-03-29 03:21:58,True,3.386e-05,1.074e-08,17745899.0,1.90594,0x0c...cee3,https://bscscan.com/tx/0xed5d5988a8b8ae98c482d116b495f14b3d6da8529938652c07f1e463a3da89ff
2023-03-29 03:21:28,True,3.384e-05,1.073e-08,29546350.0,3.17152,0xab...e688,https://bscscan.com/tx/0x73a42f04054d28916924bc4862ec0e62bf9cc608ed1fc977dcc65114dd107025
2023-03-29 03:21:07,True,3.384e-05,1.072e-08,2982337.0,0.32,0x3d...03f6,https://bscscan.com/tx/0x49dad12a2b0d49827ccb769359a1c9594790d9c7e511e863b1e677dec7841397
2023-03-29 03:19:31,True,3.362e-05,1.072e-08,17065686.0,1.83068,0x0c...cee3,https://bscscan.com/tx/0x8ad4f438953947cc80aa8b1b44aacf72c142171dcfbf69e4f92cbed2e134ec52
2023-03-29 03:12:49,True,3.366e-05,1.071e-08,53118119.0,5.69329,0xfe...5ad3,https://bscscan.com/tx/0xde1c26b81db06a32208e7ec604cf065d005fc5debabb63086678991ccbef3631
2023-03-29 03:12:01,True,3.345e-05,1.07e-08,30091240.0,3.222,0x20...946b,https://bscscan.com/tx/0xf5e1f48ad873dd7870dec2e4d5d573d10cd3e6b54a949ac53c69ca30b75c487a
2023-03-29 03:10:52,True,3.36e-05,1.069e-08,30091248.0,3.21967,0x20...946b,https://bscscan.com/tx/0xe76dd8f8445921207e431f2fc0c27d3261048f7611691f19f31e225a44b0ed5c
2023-03-29 03:07:31,True,3.357e-05,1.069e-08,22871339.0,2.4456,0x20...946b,https://bscscan.com/tx/0xa149f301f9b1e831c8dd11cde972f5f685efc613527a808042af012ed7ef2ab4
2023-03-29 03:06:55,True,3.354e-05,1.068e-08,53060025.0,5.66845,0xfe...5ad3,https://bscscan.com/tx/0x2d4acec3f9febc9e5f2f551dce753b33d2b86b54a692af10deda787776c8a77a
2023-03-29 03:06:40,True,3.35e-05,1.067e-08,29895168.0,3.19054,0xc1...f4fe,https://bscscan.com/tx/0x914f93e78706717edcf12c04d9c31cfcc9c1b2672817a7467a7d5be8127eb5b3
2023-03-29 03:06:34,True,3.348e-05,1.066e-08,30091286.0,3.20916,0x20...946b,https://bscscan.com/tx/0x1bc9798fc397066d71f8f32fcca1d8fb50d46fe230c26fddca0af616e2a2c375
2023-03-29 03:05:46,False,3.314e-05,1.06e-08,3057580.0,0.3243,0x16...95f2,https://bscscan.com/tx/0xc475f2db7478db66ce6057afa675b423e770d549e7d1a47cff549f770b469e88
2023-03-29 03:05:46,False,3.314e-05,1.06e-08,336957.0,0.0357,0x16...95f2,https://bscscan.com/tx/0xc475f2db7478db66ce6057afa675b423e770d549e7d1a47cff549f770b469e88
2023-03-29 03:05:10,True,3.346e-05,1.065e-08,30091293.0,3.2071,0x20...946b,https://bscscan.com/tx/0xb83a42a450886d9006f7cfd37c8ef2cb6def5b36396bda2c67af4ddfd24e693e
2023-03-29 03:03:36,True,3.345e-05,1.065e-08,1494390.0,0.1592,0x4d...131f,https://bscscan.com/tx/0x269ee8b48d352151c470c9a17e64b6128af7439ec86ec5b5c2cfb57c620c0c4e
2023-03-29 03:00:51,True,3.34e-05,1.065e-08,6796265.0,0.7239,0x45...f440,https://bscscan.com/tx/0xb90bb0108bea8334246aff613850839de89fbe9e65928dde320fe8b4e9afe78c
2023-03-29 02:53:36,True,3.34e-05,1.065e-08,337969.0,0.036,0x99...1583,https://bscscan.com/tx/0x8ded58895cafa18ac05fb8b111a6292c2f37de783f026429aa43344e8c9e4b89
2023-03-29 02:52:42,True,3.338e-05,1.064e-08,53186676.0,5.66174,0xfe...5ad3,https://bscscan.com/tx/0x25bfac6196d9c7d474a34d98fadec0681aefaa728c3acc4c6353904bdf26c3c4
2023-03-29 02:50:03,True,3.321e-05,1.063e-08,150401.0,0.016,0x89...93aa,https://bscscan.com/tx/0x875b8bd4ac9ad4b6e458592d1022d79478dad458737d7163a49f6b00995fdb30
2023-03-29 02:49:12,False,3.307e-05,1.058e-08,32643516.0,3.45669,0xae...0095,https://bscscan.com/tx/0x89b24ad296668010a12fc8ad4885b252416dc930fc54b4da6830692f46789e66
2023-03-29 02:49:12,False,3.309e-05,1.059e-08,14672.0,0.0015,0xae...0095,https://bscscan.com/tx/0x89b24ad296668010a12fc8ad4885b252416dc930fc54b4da6830692f46789e66
2023-03-29 02:48:48,True,3.325e-05,1.064e-08,66036.1,0.007,0xad...3efc,https://bscscan.com/tx/0x6bccb4a14e702d823e18d3644fa2797de5b86b489dc1546d2df73f797f78198d
2023-03-29 02:48:42,True,3.325e-05,1.064e-08,889644.0,0.0947,0x3f...70e4,https://bscscan.com/tx/0x3ec9640f7041d65990bc4634b9262c0e05a2480780a850519c2f14aa77c41ea1
2023-03-29 02:46:12,True,3.342e-05,1.064e-08,975276.0,0.1038,0xad...3efc,https://bscscan.com/tx/0xda6414413efe201f35dae7934d544e0096febbf58d0387bce4fd8563e0d3ce78
2023-03-29 02:43:59,True,3.342e-05,1.064e-08,9734.68,0.001,0xad...3efc,https://bscscan.com/tx/0xc4197dde8a5e6ce9f407c438c52b595421e991e1e65f21e00550a06d6099ab59
2023-03-29 02:39:08,True,3.325e-05,1.064e-08,319687.0,0.034,0x3a...0190,https://bscscan.com/tx/0x5702c467ca5a83a53e6755447a24e68033fdea2f1008b96b259278fd46b659f6
2023-03-29 02:36:50,False,3.324e-05,1.059e-08,3164181.0,0.3351,0x7e...de40,https://bscscan.com/tx/0xf2e0225bf9ab7481c6d391629f16c83337305fe3a0f8ee04347601814b1cd9b8
2023-03-29 02:36:50,False,3.324e-05,1.059e-08,4653.84,4.93e-05,0x7e...de40,https://bscscan.com/tx/0xf2e0225bf9ab7481c6d391629f16c83337305fe3a0f8ee04347601814b1cd9b8
2023-03-29 02:36:38,True,3.341e-05,1.064e-08,1159031.0,0.1234,0x49...58cf,https://bscscan.com/tx/0xe179a4f14429af29a4696e96d47bc36db3fe03717908de2231db8c6c19df5aca
2023-03-29 02:35:38,False,3.308e-05,1.059e-08,562920.0,0.0596,0x27...6df7,https://bscscan.com/tx/0x88f684844576a5390b1d42df866314566887c1d14d7c94be7ed21170b2d77ff8
2023-03-29 02:35:38,False,3.308e-05,1.059e-08,17386.9,0.0018,0x27...6df7,https://bscscan.com/tx/0x88f684844576a5390b1d42df866314566887c1d14d7c94be7ed21170b2d77ff8
2023-03-29 02:32:57,False,3.325e-05,1.059e-08,6420286.0,0.6801,0x34...4da6,https://bscscan.com/tx/0x93dfdc763727eeb7ce1be483742f622e916d06544d4c44a782124a5f2d20bdec
2023-03-29 02:32:57,False,3.325e-05,1.059e-08,1274.16,1.349e-05,0x34...4da6,https://bscscan.com/tx/0x93dfdc763727eeb7ce1be483742f622e916d06544d4c44a782124a5f2d20bdec
2023-03-29 02:22:06,False,3.323e-05,1.059e-08,470495.0,0.0498,0x05...f93e,https://bscscan.com/tx/0x5a7fb5a6746d0b02f4f156298f5a019a068ed551503bb795fa475af4e25bc7b8
2023-03-29 02:22:06,False,3.323e-05,1.059e-08,18800.8,0.0019,0x05...f93e,https://bscscan.com/tx/0x5a7fb5a6746d0b02f4f156298f5a019a068ed551503bb795fa475af4e25bc7b8
2023-03-29 02:20:09,True,3.34e-05,1.064e-08,637506.0,0.0678,0x13...eeb0,https://bscscan.com/tx/0xd387a9e4cd234e0c548faa43aa40f518974fe9220c81a41cfabc428941119184
2023-03-29 02:18:42,True,3.323e-05,1.064e-08,5089186.0,0.5418,0x1b...0362,https://bscscan.com/tx/0x11f76008d553951cc259d588294b92f8fd811ab2322150209aca597b3aa4d64c
2023-03-29 02:18:21,False,3.323e-05,1.059e-08,1186390.0,0.1256,0xad...3efc,https://bscscan.com/tx/0x005b7e0876d7f0c12ebc6b816804db1afad07049f8811d543b635b27fd2fe0d6
2023-03-29 02:18:21,False,3.323e-05,1.059e-08,54714.1,0.0058,0xad...3efc,https://bscscan.com/tx/0x005b7e0876d7f0c12ebc6b816804db1afad07049f8811d543b635b27fd2fe0d6
2023-03-29 02:16:15,False,3.324e-05,1.059e-08,20203688.0,2.14091,0xb5...a25e,https://bscscan.com/tx/0x102e3e4a30671764cd8f4b9ff919af26778dc0358085881641fcb1e3f8688191
2023-03-29 02:16:15,False,3.325e-05,1.059e-08,90827.4,0.0096,0xb5...a25e,https://bscscan.com/tx/0x102e3e4a30671764cd8f4b9ff919af26778dc0358085881641fcb1e3f8688191
2023-03-29 02:16:09,True,3.341e-05,1.065e-08,1700000.0,0.181,0x01...4ce3,https://bscscan.com/tx/0xe51f31789687ce073f2515a139afbab9a7467590206b971c79da623269ef1833
2023-03-29 02:14:51,True,3.341e-05,1.065e-08,14666310.0,1.56197,0xe5...84ab,https://bscscan.com/tx/0xb0e1482b763afc2cf669d2403bfc04d1d107db1df842a08cb198ca8e879b373e
2023-03-29 02:14:03,False,3.307e-05,1.059e-08,17221656.0,1.82502,0x4a...3b08,https://bscscan.com/tx/0x7d9b89671ea8af9fa0fd418bc2e840c15b441a9d77743c36b4c4a46c581bb464
2023-03-29 02:14:03,False,3.308e-05,1.059e-08,34395.0,0.0036,0x4a...3b08,https://bscscan.com/tx/0x7d9b89671ea8af9fa0fd418bc2e840c15b441a9d77743c36b4c4a46c581bb464
2023-03-29 02:10:03,True,3.341e-05,1.065e-08,46148.3,0.0049,0xae...dbec,https://bscscan.com/tx/0x59e9827c4ecfb2c9b894646b8d9eceeb8f18e98eaf77c9e0d2c8e7e0e5906f00
2023-03-29 02:09:24,True,3.341e-05,1.065e-08,7510577.0,0.8,0x81...2407,https://bscscan.com/tx/0xde25fcd950e72256a5d88acc475a0defe15450b512292a4e5123083198ed063b
2023-03-29 02:09:12,True,3.341e-05,1.065e-08,1494622.0,0.1591,0x66...91a6,https://bscscan.com/tx/0xa3a21da85213553c82705dda91ea65396340e6bcd57707ebedf94245e389e0ef
2023-03-29 02:08:06,True,3.324e-05,1.065e-08,2065720.0,0.22,0x9e...4cfb,https://bscscan.com/tx/0x70fbf1f131e82197873b0cd102f1924cba9b3a3f2ec6746e3517d7e9724031a2
2023-03-29 02:05:30,False,3.307e-05,1.059e-08,1616972.0,0.1713,0x52...aeb9,https://bscscan.com/tx/0x449963a3281effa9a0ae3c4de5414fb351685564d2462538527cc1399d4399d8
2023-03-29 02:05:30,False,3.307e-05,1.059e-08,66617.3,0.007,0x52...aeb9,https://bscscan.com/tx/0x449963a3281effa9a0ae3c4de5414fb351685564d2462538527cc1399d4399d8
2023-03-29 02:05:15,True,3.34e-05,1.065e-08,1351430.0,0.1439,0xb4...68f4,https://bscscan.com/tx/0x3b723c52943e05e04eba751e5e6615860b2e1e43ce24ff2d0c94bccc04d422c1
2023-03-29 02:03:12,True,3.325e-05,1.065e-08,2377335.0,0.2533,0x3f...99bc,https://bscscan.com/tx/0xf2551841c058c0ae381835bca0f636ac79b2dffdebf544b45a7babca56446162
2023-03-29 02:03:03,True,3.34e-05,1.064e-08,295731.0,0.0314,0xd1...b3a1,https://bscscan.com/tx/0xc57c2edfd3388d0f5526a4c79dc0ac6223792902fced4664acd22aad6f120b05
2023-03-29 02:01:54,True,3.34e-05,1.064e-08,751239.0,0.08,0x8b...6a6c,https://bscscan.com/tx/0x8bdb3d0ff0dba69caf20d0b595ebb560476c3db5757ff099c62eb7b390c952c5
2023-03-29 01:54:09,True,3.337e-05,1.064e-08,8670270.0,0.9232,0x11...1a50,https://bscscan.com/tx/0xf34ea863e1ec75e7225a6a4e1f1e442954310ed19d38a284308c36ea1c5e5f2a
2023-03-29 01:50:12,True,3.336e-05,1.064e-08,939263.0,0.1,0x5d...38c8,https://bscscan.com/tx/0xf405fe816eb6207c2d8f515f6ba24f0e868d6d186d9e5e0336dc99954618f32e
2023-03-29 01:50:00,True,3.338e-05,1.065e-08,117254.0,0.0124,0xf2...33e4,https://bscscan.com/tx/0xde67307f88508ca0b397a560377badcd298052dbfa68fe354bfebf51e7358411
2023-03-29 01:47:57,False,3.32e-05,1.059e-08,8766502.0,0.9287,0x1c...24b9,https://bscscan.com/tx/0x9d4c17fa026ba8a4fa6559b95b778c69314174cccca05f802ce8dc2ed784e000
2023-03-29 01:47:57,False,3.32e-05,1.059e-08,73629.2,0.0078,0x1c...24b9,https://bscscan.com/tx/0x9d4c17fa026ba8a4fa6559b95b778c69314174cccca05f802ce8dc2ed784e000
2023-03-29 01:47:54,True,3.337e-05,1.064e-08,15610.8,0.0016,0xae...dbec,https://bscscan.com/tx/0x3933a425c995cb9621a3ecf5052bfc18919d2b5f1ca648489cb0fce9151a2498
2023-03-29 01:44:45,True,3.32e-05,1.064e-08,500000.0,0.0532,0x0c...73e7,https://bscscan.com/tx/0xd4fa1b7d98497b1cd3e4839e2741a682a28a27faf4aaf97443fdc1c7a952c147
2023-03-29 01:43:45,True,3.32e-05,1.064e-08,1626718.0,0.1732,0x52...aeb9,https://bscscan.com/tx/0x122a871f68812e2c8d7697a2282dae88e58c548a1968210a442410c8123598e5
2023-03-29 01:42:45,False,3.304e-05,1.059e-08,24925755.0,2.64168,0x14...80be,https://bscscan.com/tx/0x7855be161e29b9b7c43b5b0fe2f2134a1d1aae27b60a26b73f693d8db466e41e
2023-03-29 01:42:45,False,3.305e-05,1.06e-08,189232.0,0.02,0x14...80be,https://bscscan.com/tx/0x7855be161e29b9b7c43b5b0fe2f2134a1d1aae27b60a26b73f693d8db466e41e
2023-03-29 01:39:00,False,3.308e-05,1.061e-08,69875705.0,7.41402,0x58...0988,https://bscscan.com/tx/0x53d3aad0956c81099cfbc66ec06511ffa7bccb28f8d7c8496a58e6e4e6ac994e
2023-03-29 01:39:00,False,3.31e-05,1.061e-08,5400.0,5.734e-05,0x58...0988,https://bscscan.com/tx/0x53d3aad0956c81099cfbc66ec06511ffa7bccb28f8d7c8496a58e6e4e6ac994e
2023-03-29 01:38:15,False,3.327e-05,1.061e-08,1994000.0,0.2117,0x4e...abb7,https://bscscan.com/tx/0xc000eab511a71d40b1c590a3033da72c432156d382a5b5c02969e0aa4291093e
2023-03-29 01:38:15,False,3.327e-05,1.061e-08,82305.2,0.0087,0x4e...abb7,https://bscscan.com/tx/0xc000eab511a71d40b1c590a3033da72c432156d382a5b5c02969e0aa4291093e
2023-03-29 01:34:39,True,3.325e-05,1.066e-08,29956463.0,3.1961,0x54...833b,https://bscscan.com/tx/0xf98063af2a298086601724f291defb3ddbcaedf7f852aaec67d75e9c1992c572
2023-03-29 01:34:00,True,3.341e-05,1.066e-08,269736.0,0.0287,0xc4...c5da,https://bscscan.com/tx/0x8b8eb993fab18edc251987879f893bdbb992f5e5d0575559ba682701fd3df9c0
2023-03-29 01:33:21,False,3.307e-05,1.061e-08,256442.0,0.0272,0x41...135c,https://bscscan.com/tx/0xdff22450bcb725be0de431fa46ea88f26286a1165f70dd83c85027bd17607b6e
2023-03-29 01:33:21,False,3.307e-05,1.061e-08,5401.79,5.732e-05,0x41...135c,https://bscscan.com/tx/0xdff22450bcb725be0de431fa46ea88f26286a1165f70dd83c85027bd17607b6e
2023-03-29 01:30:24,False,3.324e-05,1.061e-08,1994660.0,0.2116,0xde...5231,https://bscscan.com/tx/0xe17e8539f61785fcbf057c3b6e675184f4168f75eb41f61fdbb7f4b9f23ad918
2023-03-29 01:30:24,False,3.324e-05,1.061e-08,1637.38,1.737e-05,0xde...5231,https://bscscan.com/tx/0xe17e8539f61785fcbf057c3b6e675184f4168f75eb41f61fdbb7f4b9f23ad918
2023-03-29 01:30:15,True,3.34e-05,1.066e-08,186870.0,0.0199,0x25...37b6,https://bscscan.com/tx/0x2d5a2c44c006941eceea21cb02a6dd26a61c1119508bbad99dd9424cadf81cdd
2023-03-29 01:25:48,True,3.338e-05,1.066e-08,277524.0,0.0296,0x61...9121,https://bscscan.com/tx/0x77346a1ccd54c20d003797d037910534cb2eae3ace6b579a9e7d4677e74ee70c
2023-03-29 01:23:21,False,3.321e-05,1.061e-08,141617.0,0.015,0x8b...b5b5,https://bscscan.com/tx/0x83fbc33a0075a18bb291538a31685eec08e424fef38ca7fa61648eb962362bd0
2023-03-29 01:23:21,False,3.321e-05,1.061e-08,2001.32,2.123e-05,0x8b...b5b5,https://bscscan.com/tx/0x83fbc33a0075a18bb291538a31685eec08e424fef38ca7fa61648eb962362bd0
2023-03-29 01:21:54,True,3.338e-05,1.066e-08,532822.0,0.0568,0x15...4042,https://bscscan.com/tx/0x9a02b360bd51e781e2127d48d3da72841764f8ae3970cbdfe66b0944629f8624
2023-03-29 01:19:00,False,3.304e-05,1.061e-08,207783.0,0.022,0xe3...f39b,https://bscscan.com/tx/0x0b42581d319c28ba0659f1736703bc45d598aba31c4ca8ad77f2f624534c4acb
2023-03-29 01:19:00,False,3.304e-05,1.061e-08,6716.09,7.127e-05,0xe3...f39b,https://bscscan.com/tx/0x0b42581d319c28ba0659f1736703bc45d598aba31c4ca8ad77f2f624534c4acb
2023-03-29 01:18:48,False,3.321e-05,1.061e-08,2479978.0,0.2631,0x4e...abb7,https://bscscan.com/tx/0x106439d5c8e643ba1d7296e77a277a64a882862868c3b730f313cca3fa737ad9
2023-03-29 01:18:48,False,3.321e-05,1.061e-08,156628.0,0.0166,0x4e...abb7,https://bscscan.com/tx/0x106439d5c8e643ba1d7296e77a277a64a882862868c3b730f313cca3fa737ad9
2023-03-29 01:13:09,True,3.338e-05,1.066e-08,784486.0,0.0836,0xa2...89fe,https://bscscan.com/tx/0x79ba096d26ccf214b82a20b1266951822e1d5fad83268abaf376635137f345ed
2023-03-29 01:06:57,True,3.335e-05,1.066e-08,100001.0,0.0106,0xd2...5c3a,https://bscscan.com/tx/0x8a26fca813994eca9835cd96474e75b6eeb46dbe87019846b9ec97e24839bb88
2023-03-29 01:06:51,True,3.335e-05,1.066e-08,4257361.0,0.454,0x1c...45a0,https://bscscan.com/tx/0x77e70da8a0a29250403b961a3805b0a211e63cfd84201cc8c426324c4b69b166
2023-03-29 01:05:36,True,3.334e-05,1.066e-08,9376.44,0.001,0x71...4cd6,https://bscscan.com/tx/0xf543016022d38b14d0fcc61ffd4d48b2adc9783b05800aa3123e012c0657623e
2023-03-29 01:05:15,True,3.334e-05,1.066e-08,4500936.0,0.48,0x4e...abb7,https://bscscan.com/tx/0x4e0d2f888f92b3bd5df8f38b9576d7a53eec26ba07d2dd71bdd69187dd5740a9
2023-03-29 01:04:36,True,3.334e-05,1.066e-08,100001.0,0.0106,0xd2...5c3a,https://bscscan.com/tx/0xb104bbe34d2a4e3d80f93aeba15d91ffb23c6e3cf384dcec791b9c8eeaac8acd
2023-03-29 01:04:09,True,3.333e-05,1.065e-08,30083996.0,3.20695,0x20...946b,https://bscscan.com/tx/0xaa737094d0cbd58312ad098a89759cf1e3c9c4854f05ed87da7c065108fee982
2023-03-29 01:04:03,True,3.331e-05,1.065e-08,10094739.0,1.07558,0x09...59c6,https://bscscan.com/tx/0xe3b9c8079b964cf1b9edf01b14120b69ccb98e1fdac71ee1f6ff099b0af6b247
2023-03-29 01:03:54,True,3.33e-05,1.065e-08,861166.0,0.0917,0x55...ca96,https://bscscan.com/tx/0x46c069742701e9d148eed56328f9096077be7bddd90bced72a53584bf4ee0854
2023-03-29 01:01:36,True,3.335e-05,1.065e-08,218349.0,0.0232,0x09...3f6a,https://bscscan.com/tx/0x9d00be345a679ea91a40b625634e81e6f1d615d54f0a64bd7848def33a072f7a
2023-03-29 01:01:18,False,3.319e-05,1.06e-08,6979000.0,0.7398,0x26...247c,https://bscscan.com/tx/0xbf1f07ca7c65a8eb4dab93ae1d1c0864a7e3fb04001e0df4d7de1e59153f10b0
2023-03-29 01:01:18,False,3.319e-05,1.06e-08,4786.58,5.074e-05,0x26...247c,https://bscscan.com/tx/0xbf1f07ca7c65a8eb4dab93ae1d1c0864a7e3fb04001e0df4d7de1e59153f10b0
2023-03-29 01:01:18,True,3.336e-05,1.065e-08,638199.0,0.068,0x55...ca96,https://bscscan.com/tx/0x952b99044645f70680ff236472b385f88d3316eae9d6ac4046be50cd29a26398
2023-03-29 00:54:55,False,3.302e-05,1.06e-08,1096700.0,0.1162,0xcc...83c4,https://bscscan.com/tx/0xacab21da54d09362108cc4ce673de46e77badd26a148ba1b20c3d3f347a952c5
2023-03-29 00:54:55,False,3.302e-05,1.06e-08,11175.3,0.0011,0xcc...83c4,https://bscscan.com/tx/0xacab21da54d09362108cc4ce673de46e77badd26a148ba1b20c3d3f347a952c5
2023-03-29 00:53:56,True,3.319e-05,1.065e-08,3695432.0,0.3937,0x79...456f,https://bscscan.com/tx/0xc45cb9e0063db68ddd815446eff15c80d589fe1420228caad414407dc26dfb32
2023-03-29 00:51:41,False,3.319e-05,1.06e-08,442242.0,0.0468,0x11...d43f,https://bscscan.com/tx/0x61b8025d95d23befc48ec862b3f9deb6e0bea753d4e238153da970f61e535633
2023-03-29 00:51:41,False,3.319e-05,1.06e-08,28275.0,0.003,0x11...d43f,https://bscscan.com/tx/0x61b8025d95d23befc48ec862b3f9deb6e0bea753d4e238153da970f61e535633
2023-03-29 00:50:05,True,3.336e-05,1.065e-08,44943.4,0.0047,0x95...560d,https://bscscan.com/tx/0x2e7ff5ca7c31625356e8276f3b35960d9c2ace35371753e00cec0db2a7473290
2023-03-29 00:49:59,True,3.336e-05,1.065e-08,6101247.0,0.65,0xfc...62e4,https://bscscan.com/tx/0x05202d035590a2fd189a1dd15c3d53f9bdb572466232c6f57bf25a85b0323466
2023-03-29 00:49:32,True,3.335e-05,1.065e-08,455699.0,0.0485,0xa5...b0a0,https://bscscan.com/tx/0xafcd8eb93ef56f43dbb8cd608a92d7b30ee6a363ce850a2d40217fc912245bfd
2023-03-29 00:48:32,True,3.32e-05,1.065e-08,2790250.0,0.2973,0xef...28fc,https://bscscan.com/tx/0x1fe00c0d4693afe17ccf2783ec1a966c0bb632a03c4a0d33cac9a1d2735796c6
2023-03-29 00:44:23,True,3.318e-05,1.065e-08,791069.0,0.0842,0x27...9bbe,https://bscscan.com/tx/0x4ecb7eee7c8319629fd1aced2acef7d850368cbd89e171d7459fee8099550f89
2023-03-29 00:42:17,False,3.302e-05,1.059e-08,288133.0,0.0305,0x99...cd75,https://bscscan.com/tx/0x71453253cd5fe530b2b5117b6a6ec4ca44812010640c780ebd391ec5fcec5693
2023-03-29 00:42:17,False,3.302e-05,1.059e-08,189.0,2.003e-06,0x99...cd75,https://bscscan.com/tx/0x71453253cd5fe530b2b5117b6a6ec4ca44812010640c780ebd391ec5fcec5693
2023-03-29 00:42:02,False,3.318e-05,1.059e-08,69790.0,0.0074,0x0c...3498,https://bscscan.com/tx/0xfce488c79f31743ebc26b3f82adf73703554954d53d14377fc59da71e151144d
2023-03-29 00:42:02,False,3.318e-05,1.059e-08,15732.3,0.0016,0x0c...3498,https://bscscan.com/tx/0xfce488c79f31743ebc26b3f82adf73703554954d53d14377fc59da71e151144d
2023-03-29 00:41:44,True,3.335e-05,1.065e-08,335155.0,0.0357,0xd8...0f99,https://bscscan.com/tx/0xaba209f4bff33ba5f009b07f59d0b3d5e1487c99b9158a2ed9cfaf5051692e25
2023-03-29 00:38:32,True,3.335e-05,1.065e-08,120168.0,0.0128,0xb2...b776,https://bscscan.com/tx/0xa884735a0002f98fbcb8230605eee3a35794335f2800422f462cd709bf951e19
2023-03-29 00:35:14,False,3.302e-05,1.059e-08,2304972.0,0.2443,0xe6...4786,https://bscscan.com/tx/0xfee83e099ecb1ef5f455d1934a1d29f3783d8ec31fb55c89edc9a38e2a127cea
2023-03-29 00:35:14,False,3.302e-05,1.059e-08,16560.5,0.0017,0xe6...4786,https://bscscan.com/tx/0xfee83e099ecb1ef5f455d1934a1d29f3783d8ec31fb55c89edc9a38e2a127cea
2023-03-29 00:33:44,True,3.319e-05,1.065e-08,214611.0,0.0228,0xd8...0f99,https://bscscan.com/tx/0x7e4fec21a23ac4ab53236b287c68771b6458a8540ecece577aa5c7e1e60c1fcc
2023-03-29 00:33:38,True,3.335e-05,1.065e-08,3000000.0,0.3195,0x3a...0190,https://bscscan.com/tx/0xef8a42f13fbedfa3caeeef4505c12e62e52594ec991b1f467bc6306afda6a9ae
2023-03-29 00:32:42,True,3.319e-05,1.065e-08,18776.7,0.002,0xa5...8804,https://bscscan.com/tx/0x6382ec38c61bb5bed805b8c344f64f88e8ab27ce5945900c2c82819e374a644a
2023-03-29 00:30:24,False,3.303e-05,1.059e-08,2891422.0,0.3064,0x18...3baf,https://bscscan.com/tx/0x25e61a7cb380d134dfd19e4546a04ffff9baf612714831a72bae0cd420cf0e99
2023-03-29 00:30:24,False,3.303e-05,1.059e-08,5777.85,6.123e-05,0x18...3baf,https://bscscan.com/tx/0x25e61a7cb380d134dfd19e4546a04ffff9baf612714831a72bae0cd420cf0e99
2023-03-29 00:29:15,True,3.319e-05,1.065e-08,206530.0,0.022,0x9a...3657,https://bscscan.com/tx/0x366b0a85b62ba5769ce5a1db426bbc9e1b2b4eb0754f290aad7f123af1ab3df2
2023-03-29 00:29:03,False,3.319e-05,1.059e-08,1927615.0,0.2043,0x18...3baf,https://bscscan.com/tx/0x591555046c71cc5f47264b4835dabcdd17a4a8a484f13b3d2d97f93f13bf846c
2023-03-29 00:29:03,False,3.32e-05,1.059e-08,16912.7,0.0017,0x18...3baf,https://bscscan.com/tx/0x591555046c71cc5f47264b4835dabcdd17a4a8a484f13b3d2d97f93f13bf846c
2023-03-29 00:28:54,True,3.336e-05,1.065e-08,844867.0,0.09,0x88...c58a,https://bscscan.com/tx/0x30232482c1b25ddbe976856ed94b9588f64940d4d437344e9881d579e6711ebb
2023-03-29 00:24:51,True,3.319e-05,1.065e-08,4340551.0,0.4623,0xea...5667,https://bscscan.com/tx/0xa3809f5cb7f67806e2234361688f7b296cfdc86b790391022b15f0701c4eeb0f
2023-03-29 00:23:27,False,3.319e-05,1.059e-08,1075312.0,0.1139,0x79...24d8,https://bscscan.com/tx/0x116d103f86c4ee17f2c5aa4d2183adc0c968ebfa0236bed0b3dabbb451cee4c6
2023-03-29 00:23:27,False,3.319e-05,1.059e-08,56488.6,0.0059,0x79...24d8,https://bscscan.com/tx/0x116d103f86c4ee17f2c5aa4d2183adc0c968ebfa0236bed0b3dabbb451cee4c6
2023-03-29 00:23:03,True,3.336e-05,1.065e-08,4694380.0,0.5,0x19...db05,https://bscscan.com/tx/0x519f490ce708eb0eedebf71a642a1d5bb73c0486097bf137f0a1e148bceb8e88
2023-03-29 00:17:42,True,3.319e-05,1.065e-08,3192481.0,0.34,0x5b...bc09,https://bscscan.com/tx/0x899e8f69b4d60a375b8e38f518f6d9ffd66f085f27beb860cfddab39715045bc
2023-03-29 00:17:33,True,3.319e-05,1.064e-08,142429.0,0.0151,0x48...4569,https://bscscan.com/tx/0xbb9ca61d217aa846ff374303a70d5d91971dc396521a387da9dff52695d5ea8a
2023-03-29 00:16:24,True,3.34e-05,1.064e-08,2483370.0,0.2644,0x5b...bc09,https://bscscan.com/tx/0xc9d4478115c4844a30f6fc2cebbaf8c795b8243fc3658568a8899d32446a9ebd
2023-03-29 00:12:45,True,3.342e-05,1.065e-08,27997.9,0.0029,0x6c...18c7,https://bscscan.com/tx/0x4f1b692641492111b2bc601a5b75bf40c9b603437c645b56613c8d79e40cb91f
2023-03-29 00:12:45,True,3.341e-05,1.064e-08,5715714.0,0.6086,0x51...4aea,https://bscscan.com/tx/0xf13ebd8e9d27d7c288c261aed92251903b880b6651a20de3f8a8bca8a558c18e
2023-03-29 00:09:51,False,3.308e-05,1.059e-08,4503937.0,0.4771,0xd8...a855,https://bscscan.com/tx/0x55d2925590f29e8b62ae48fb1c8086683b4d0226a944308c6972aeb7ab4287f8
2023-03-29 00:09:51,False,3.308e-05,1.059e-08,6653.27,7.049e-05,0xd8...a855,https://bscscan.com/tx/0x55d2925590f29e8b62ae48fb1c8086683b4d0226a944308c6972aeb7ab4287f8
2023-03-29 00:09:33,True,3.325e-05,1.064e-08,30000.0,0.0031,0x56...56e1,https://bscscan.com/tx/0x615532e53a513beccad6b93e8c6f359c2c181540f7d4da6254292157460bcd41
2023-03-29 00:04:36,True,3.325e-05,1.064e-08,357508.0,0.038,0xf0...f6cc,https://bscscan.com/tx/0x40dd45df005ccd417ae4b527a49f03585335ac357e94a3688d35c45b8c8a69b3
2023-03-29 00:04:00,True,3.342e-05,1.064e-08,588158.0,0.0626,0xef...bdce,https://bscscan.com/tx/0xee2ca7bec0c635289b70ca6757d3c08c0980c8a96e7d7791cda01e464b398c45
2023-03-29 00:03:14,True,3.342e-05,1.064e-08,145559.0,0.0155,0x60...1750,https://bscscan.com/tx/0x87d8833d63612b0c638f11575efeaea5cc5deafe8889d12a0996fc798da9f6ce
2023-03-29 00:01:17,False,3.31e-05,1.059e-08,1338921.0,0.1418,0x4e...abb7,https://bscscan.com/tx/0x9705c7e9d7f1fee8a62cf1693f2e284f89ebde8bf99d7195e8ba8f7610cd57f2
2023-03-29 00:01:17,False,3.31e-05,1.059e-08,47167.8,0.005,0x4e...abb7,https://bscscan.com/tx/0x9705c7e9d7f1fee8a62cf1693f2e284f89ebde8bf99d7195e8ba8f7610cd57f2
2023-03-29 00:00:08,True,3.326e-05,1.064e-08,500000.0,0.0532,0xb6...b0ff,https://bscscan.com/tx/0x5166c3188b0a32941872d8d7e3c2b301b895b19991ca943375cebe2a061f1238
2023-03-28 23:59:20,False,3.31e-05,1.059e-08,16918639.0,1.79296,0xab...acb8,https://bscscan.com/tx/0x35044c49b2a558397ba7b3c15d3a6b57cbe344ae13214262bba716b8eb06e5c9
2023-03-28 23:59:20,False,3.311e-05,1.059e-08,1847.35,1.958e-05,0xab...acb8,https://bscscan.com/tx/0x35044c49b2a558397ba7b3c15d3a6b57cbe344ae13214262bba716b8eb06e5c9
2023-03-28 23:57:26,False,3.311e-05,1.059e-08,682152.0,0.0723,0x1b...00e3,https://bscscan.com/tx/0xe16fecdd9402382200694cfb9b0ee0f8e94bd5bc800608742af4f9f8846d94c9
2023-03-28 23:57:26,False,3.311e-05,1.059e-08,2861.33,3.032e-05,0x1b...00e3,https://bscscan.com/tx/0xe16fecdd9402382200694cfb9b0ee0f8e94bd5bc800608742af4f9f8846d94c9
2023-03-28 23:53:50,False,3.311e-05,1.059e-08,1056571.0,0.112,0xdb...595e,https://bscscan.com/tx/0x09a220b0852431e4a3ab78edb1b2f0947bb21075cae7a1fc1754b93315b479f3
2023-03-28 23:53:50,False,3.311e-05,1.06e-08,540.0,5.724e-06,0xdb...595e,https://bscscan.com/tx/0x09a220b0852431e4a3ab78edb1b2f0947bb21075cae7a1fc1754b93315b479f3
2023-03-28 23:51:17,False,3.311e-05,1.06e-08,199400.0,0.0211,0x5d...5d72,https://bscscan.com/tx/0x301e92ef093a833f4b66971f8d088f095a4393a42071f34a025e8507ed01471f
2023-03-28 23:51:17,False,3.311e-05,1.06e-08,155006.0,0.0164,0x5d...5d72,https://bscscan.com/tx/0x301e92ef093a833f4b66971f8d088f095a4393a42071f34a025e8507ed01471f
2023-03-28 23:42:44,True,3.349e-05,1.065e-08,375468.0,0.04,0x2d...d49a,https://bscscan.com/tx/0x49908c76c5e9b671ba7677d81363b661f41f615cb7cfcce68e2649ce1da26f21
2023-03-28 23:41:11,True,3.347e-05,1.064e-08,50000000.0,5.32346,0xe8...0d0b,https://bscscan.com/tx/0x283437851c151b48d02fc0fa5523e3e39ca6f254a9ab52b4742306e385883e15
2023-03-28 23:38:56,True,3.328e-05,1.064e-08,2349572.0,0.25,0x4e...abb7,https://bscscan.com/tx/0x7f84c41609004d48e552c17448c6cd8bdb03f55f1ff79c7ea955cb51217a1eea
2023-03-28 23:38:32,False,3.328e-05,1.058e-08,4670463.0,0.4944,0xa8...11ca,https://bscscan.com/tx/0xe61b33b23f3117b19fb74b38cdee1cb70389cc9eb52d659d34162dbfd562ad4f
2023-03-28 23:38:32,False,3.329e-05,1.058e-08,7695.0,8.147e-05,0xa8...11ca,https://bscscan.com/tx/0xe61b33b23f3117b19fb74b38cdee1cb70389cc9eb52d659d34162dbfd562ad4f
2023-03-28 23:37:28,False,3.312e-05,1.058e-08,2841450.0,0.3008,0x0c...9f6d,https://bscscan.com/tx/0x86f3ce3a2b4e14e6e41940ce908e5f266aee025540df8a9f34b6367acd89fdd8
2023-03-28 23:37:28,False,3.312e-05,1.058e-08,920236.0,0.0974,0x0c...9f6d,https://bscscan.com/tx/0x86f3ce3a2b4e14e6e41940ce908e5f266aee025540df8a9f34b6367acd89fdd8
2023-03-28 23:34:39,True,3.329e-05,1.064e-08,184363.0,0.0196,0xec...25b6,https://bscscan.com/tx/0x3cdd27b908691d691ccba441be44f4c2e1e690a2f4fe9b9d966af0ecb7003de1
2023-03-28 23:32:04,True,3.346e-05,1.064e-08,4698613.0,0.5,0xa8...11ca,https://bscscan.com/tx/0xddc0f2c8335a7b3d43a11bfe613e67411ac59bcd3e86430edf578fb5eecfcaf8
2023-03-28 23:32:01,True,3.338e-05,1.061e-08,192062700.0,20.39,0xac...ab74,https://bscscan.com/tx/0xe8614e295fd2623872ccffcb1007457a3ecd615a7e74788641b3d1d02187c30c
2023-03-28 23:31:40,True,3.33e-05,1.059e-08,301227.0,0.0319,0x6a...dd77,https://bscscan.com/tx/0xf8c0654638314837293cb8343cc529789c6a5e61eb9ca718f5215c3ab75b68c5
2023-03-28 23:25:46,True,3.313e-05,1.059e-08,1933133.0,0.2047,0x17...a087,https://bscscan.com/tx/0x853fb459582c191dbc68cadd69e95f27762941d0dc01c04f98b95e195e2c7cdf
2023-03-28 23:22:52,True,3.329e-05,1.059e-08,9388161.0,0.9942,0x84...3a88,https://bscscan.com/tx/0xe68808183ffa426a6beb61e0d8254a7f857e86495446b43dae06a7b49d88dc6e
2023-03-28 23:22:52,False,3.318e-05,1.055e-08,141223319.0,14.9046,0xba...35e5,https://bscscan.com/tx/0xeb16f7f5188ebe867ff73cc855f9c8903a0c96769b0205071331e620d04a553d
2023-03-28 23:22:52,False,3.324e-05,1.057e-08,20475.0,0.0021,0xba...35e5,https://bscscan.com/tx/0xeb16f7f5188ebe867ff73cc855f9c8903a0c96769b0205071331e620d04a553d
2023-03-28 23:22:49,False,3.324e-05,1.057e-08,7560593.0,0.7993,0x51...1ca5,https://bscscan.com/tx/0xeaddb0b5ad1668c4321e89ec29e6867c121c601cf2bb47af45a5d779b806716d
2023-03-28 23:22:49,False,3.324e-05,1.057e-08,5457.65,5.77e-05,0x51...1ca5,https://bscscan.com/tx/0xeaddb0b5ad1668c4321e89ec29e6867c121c601cf2bb47af45a5d779b806716d
2023-03-28 23:21:34,True,3.324e-05,1.062e-08,15961.8,0.0017,0x60...3568,https://bscscan.com/tx/0x63ed087d11793f992b62862d3ed48209a8c9b348aa274952dd7644bf2d25d114
2023-03-28 23:21:01,True,3.341e-05,1.062e-08,5389.41,5.727e-05,0x94...d648,https://bscscan.com/tx/0x3275dccbcf1217ebb4bc942ffa03ce157fc7ca25665def6942bf71fe538b0320
2023-03-28 23:19:46,False,3.324e-05,1.057e-08,1994000.0,0.2108,0x17...a087,https://bscscan.com/tx/0xc9d0f182d1347bdec169b337270fafa2fb3246c122c547c9e5231fee73be293f
2023-03-28 23:19:46,False,3.324e-05,1.057e-08,74808.6,0.0079,0x17...a087,https://bscscan.com/tx/0xc9d0f182d1347bdec169b337270fafa2fb3246c122c547c9e5231fee73be293f
2023-03-28 23:19:10,False,3.325e-05,1.057e-08,27623755.0,2.92195,0x05...7066,https://bscscan.com/tx/0xbc3203b17efc94b60ba9e7b4225e6b431c7c29be19b8ed183ece2cc45f8dd968
2023-03-28 23:19:10,False,3.326e-05,1.058e-08,270000.0,0.0285,0x05...7066,https://bscscan.com/tx/0xbc3203b17efc94b60ba9e7b4225e6b431c7c29be19b8ed183ece2cc45f8dd968
2023-03-28 23:18:37,False,3.33e-05,1.059e-08,99700000.0,10.5621,0x9b...2220,https://bscscan.com/tx/0xb584ea26bd51a45fcd46b1be484c6f699d794358940eecc740e4bcd81e825add
2023-03-28 23:18:37,False,3.334e-05,1.06e-08,270000.0,0.0286,0x9b...2220,https://bscscan.com/tx/0xb584ea26bd51a45fcd46b1be484c6f699d794358940eecc740e4bcd81e825add
2023-03-28 23:18:31,False,3.338e-05,1.061e-08,99700000.0,10.5875,0x9b...2220,https://bscscan.com/tx/0x36ac01154a0c6980d5a3c98098e843fc1f1594e6e5ccd66c6880b318b15ae7ed
2023-03-28 23:18:31,False,3.342e-05,1.063e-08,12349.1,0.0013,0x9b...2220,https://bscscan.com/tx/0x36ac01154a0c6980d5a3c98098e843fc1f1594e6e5ccd66c6880b318b15ae7ed
2023-03-28 23:10:14,True,3.343e-05,1.068e-08,111691.0,0.0119,0x9a...ec7d,https://bscscan.com/tx/0xe98a4f46cf09685444c910bb49e4d0f10d55d98231104f82044bffb6c4453acd
2023-03-28 23:10:11,True,3.343e-05,1.068e-08,602178.0,0.0643,0x10...90a3,https://bscscan.com/tx/0xf4676334271c485ddb065bd836aba5505bbb47955ed3993548427bf37cccf33f
2023-03-28 23:09:41,True,3.343e-05,1.068e-08,767453.0,0.082,0x7b...3b50,https://bscscan.com/tx/0x42633a10aa8bde30fd54634a49b4d6106286efd66e68912a9bb31cffadd2cb2c
2023-03-28 23:09:05,True,3.343e-05,1.068e-08,1871823.0,0.2,0x19...eae4,https://bscscan.com/tx/0xe449a65a60c2999bbcbe87eff0d2e0145b934662002e7130ed25b7f4fcc4704c
2023-03-28 23:06:35,False,3.344e-05,1.063e-08,1216929.0,0.1293,0x85...eeb4,https://bscscan.com/tx/0xe62590abebf1f6c70a90da83b58098b55bd051bd8a8412e48e15843685608771
2023-03-28 23:06:35,False,3.344e-05,1.063e-08,84006.0,0.0089,0x85...eeb4,https://bscscan.com/tx/0xe62590abebf1f6c70a90da83b58098b55bd051bd8a8412e48e15843685608771
2023-03-28 23:04:05,False,3.328e-05,1.063e-08,29910000.0,3.18103,0xb5...21cf,https://bscscan.com/tx/0xc60cc4beff5f6647e12469df0755f76c29c7c55b4a421e3d8735b42245df4e56
2023-03-28 23:04:05,False,3.329e-05,1.063e-08,125611.0,0.0133,0xb5...21cf,https://bscscan.com/tx/0xc60cc4beff5f6647e12469df0755f76c29c7c55b4a421e3d8735b42245df4e56
2023-03-28 23:03:32,True,3.346e-05,1.069e-08,935239.0,0.1,0xee...c946,https://bscscan.com/tx/0xfc5370244fb05777952e5e124d611a06eedc815637bb16530f0f3e44c1e0f483
2023-03-28 23:03:08,True,3.343e-05,1.068e-08,29735779.0,3.17831,0xc5...70fa,https://bscscan.com/tx/0xc2d57847da485070e88413d2d428b7337658721d0cbde8d24aaff6b7be29c1f6
2023-03-28 23:00:29,True,3.342e-05,1.068e-08,6832772.0,0.73,0xb5...2180,https://bscscan.com/tx/0x75bc989613504b6b252006f3cf46f3dd520d21dd73751a059821e49350bb7e86
2023-03-28 23:00:17,False,3.345e-05,1.063e-08,8991692.0,0.9558,0xbe...2ac8,https://bscscan.com/tx/0xe94da862dc43637cb37c5e4e363f9f34d61b622b3b0e1df02f9e19413c5c0d85
2023-03-28 23:00:17,False,3.345e-05,1.063e-08,4015.21,4.268e-05,0xbe...2ac8,https://bscscan.com/tx/0xe94da862dc43637cb37c5e4e363f9f34d61b622b3b0e1df02f9e19413c5c0d85
2023-03-28 23:00:17,True,3.362e-05,1.068e-08,42450.3,0.0045,0x60...e47b,https://bscscan.com/tx/0xab0c898cc27b7d5c714a099e6cda04a0f2457b3c4dfcc99be6c1ad9dbae78283
2023-03-28 22:58:59,True,3.362e-05,1.068e-08,537940.0,0.0574,0xc3...cd3a,https://bscscan.com/tx/0xc563b2cea93c5b7fa97b67916db4e08ae54d8df132a98fc3ecb462248c5e315a
2023-03-28 22:58:02,False,3.345e-05,1.063e-08,904005.0,0.0961,0xed...28f7,https://bscscan.com/tx/0x48b5b9b15b2235352fcf2ee53d4fe3d2bf676ae8d5b2cec90625d8b0a1bf8791
2023-03-28 22:58:02,False,3.345e-05,1.063e-08,54809.1,0.0058,0xed...28f7,https://bscscan.com/tx/0x48b5b9b15b2235352fcf2ee53d4fe3d2bf676ae8d5b2cec90625d8b0a1bf8791
2023-03-28 22:55:41,True,3.362e-05,1.068e-08,1071653.0,0.1145,0xad...f5f7,https://bscscan.com/tx/0xcfa5f13a7c18c59e9e41dae9ad477345939746cee83197afc2aac065b3e81269
2023-03-28 22:53:35,True,3.345e-05,1.068e-08,4458010.0,0.4763,0x4d...e890,https://bscscan.com/tx/0x90b0453cce900ce57e920939615a124e6a64338f8f6473b237084d005f040157
2023-03-28 22:53:11,False,3.346e-05,1.063e-08,14725690.0,1.5657,0x14...80be,https://bscscan.com/tx/0x16c8c186f9aaa10139722d905df56574d5c96e97f402a51e9dd29947e1df65f6
2023-03-28 22:53:11,False,3.346e-05,1.063e-08,3017.57,3.208e-05,0x14...80be,https://bscscan.com/tx/0x16c8c186f9aaa10139722d905df56574d5c96e97f402a51e9dd29947e1df65f6
2023-03-28 22:51:20,True,3.347e-05,1.068e-08,297202.0,0.0317,0xed...febe,https://bscscan.com/tx/0xd704f224fc37d319deae059414884911f53bca424670cae0d6dc59abb3a6aac9
2023-03-28 22:50:23,True,3.347e-05,1.068e-08,104713.0,0.0111,0x22...9dee,https://bscscan.com/tx/0xafb0db38bef1ca49f659233ce0b83f2f680a91402563c6c9762e08e75a8a2b7f
2023-03-28 22:49:29,False,3.348e-05,1.063e-08,410024.0,0.0436,0x44...cb55,https://bscscan.com/tx/0xd339177b05bd58402b181d6124aa4dd1f19a9923e31f78925a93293e0b9ae917
2023-03-28 22:49:29,False,3.348e-05,1.063e-08,38740.4,0.0041,0x44...cb55,https://bscscan.com/tx/0xd339177b05bd58402b181d6124aa4dd1f19a9923e31f78925a93293e0b9ae917
2023-03-28 22:49:11,False,3.336e-05,1.063e-08,14305234.0,1.52153,0x05...7066,https://bscscan.com/tx/0xaa70ccc73e37cdaef99be09f69de907e5ad952c16e15affff134e71362089f1b
2023-03-28 22:49:11,False,3.336e-05,1.063e-08,14131.4,0.0015,0x05...7066,https://bscscan.com/tx/0xaa70ccc73e37cdaef99be09f69de907e5ad952c16e15affff134e71362089f1b
2023-03-28 22:47:26,True,3.37e-05,1.069e-08,233834.0,0.025,0x6b...8792,https://bscscan.com/tx/0x97be3ca80d7c808d4db4b9120d9ef30a3533a580d900a4a6e0556895fbc6c3df
2023-03-28 22:47:23,False,3.353e-05,1.063e-08,4985000.0,0.5303,0xfc...d80c,https://bscscan.com/tx/0xbff038f6175238337b4e3884845c470aff052d51afe2597f03ff71209e347ce6
2023-03-28 22:47:23,False,3.353e-05,1.063e-08,7097.69,7.551e-05,0xfc...d80c,https://bscscan.com/tx/0xbff038f6175238337b4e3884845c470aff052d51afe2597f03ff71209e347ce6
2023-03-28 22:45:50,False,3.338e-05,1.063e-08,2620888.0,0.2788,0xde...fdeb,https://bscscan.com/tx/0x8abc4cd8ae714b5aff260d665966779d487c7af3c1f2c3e785662d271aaf9992
2023-03-28 22:45:50,False,3.338e-05,1.063e-08,105396.0,0.0112,0xde...fdeb,https://bscscan.com/tx/0x8abc4cd8ae714b5aff260d665966779d487c7af3c1f2c3e785662d271aaf9992
2023-03-28 22:45:29,True,3.372e-05,1.069e-08,139491.0,0.0149,0x21...166f,https://bscscan.com/tx/0x5e17ca768af09f0f4b61de736c4da9fd5430f0686680a5cb771c46bf6c01bea5
2023-03-28 22:44:50,True,3.355e-05,1.069e-08,131925.0,0.0141,0x21...166f,https://bscscan.com/tx/0x278a5d4f87dd4ac3d7a981d4c5a63981c71a42e31e55c503548a47734d91e1d0
2023-03-28 22:44:11,True,3.372e-05,1.069e-08,145860.0,0.0156,0x21...166f,https://bscscan.com/tx/0xff74618dd8524c622c34d341ce836e616572447b4d955ea7e22970163ea57164
2023-03-28 22:40:41,True,3.371e-05,1.069e-08,23328684.0,2.49388,0x73...7fa1,https://bscscan.com/tx/0xe46434ca2f402fe8417f3ba5f64aae4a378f7aca99874f0d33fe6358991b1776
2023-03-28 22:40:05,False,3.354e-05,1.063e-08,15243625.0,1.62128,0x47...67e1,https://bscscan.com/tx/0x234fe09223894732e7cf0667dcc767dc8f5197832980ba0e320ce6644fa2a77f
2023-03-28 22:40:05,False,3.355e-05,1.063e-08,663.026,7.053e-06,0x47...67e1,https://bscscan.com/tx/0x234fe09223894732e7cf0667dcc767dc8f5197832980ba0e320ce6644fa2a77f
2023-03-28 22:39:44,False,3.355e-05,1.063e-08,244828.0,0.026,0xff...4bd2,https://bscscan.com/tx/0xd1793edf07dcc4632fa80d069d85f2eb5030d55a5897ac45cccce3e7d9a5b480
2023-03-28 22:39:44,False,3.355e-05,1.063e-08,198.482,2.111e-06,0xff...4bd2,https://bscscan.com/tx/0xd1793edf07dcc4632fa80d069d85f2eb5030d55a5897ac45cccce3e7d9a5b480
2023-03-28 22:36:50,False,3.355e-05,1.063e-08,73291.5,0.0078,0x62...1c43,https://bscscan.com/tx/0xa1433bec9c7233bfb7c370efafaf7581b4f2b054c86c641b8ecb2980095e9606
2023-03-28 22:36:50,False,3.355e-05,1.063e-08,38264.9,0.004,0x62...1c43,https://bscscan.com/tx/0xa1433bec9c7233bfb7c370efafaf7581b4f2b054c86c641b8ecb2980095e9606
2023-03-28 22:36:17,True,3.354e-05,1.068e-08,14032617.0,1.5,0xf6...99cb,https://bscscan.com/tx/0x83f4ce2d3ff3f52364248ac4fdca1292ede350aad8866e4aaf63160e519ef84c
2023-03-28 22:34:11,False,3.337e-05,1.063e-08,139167.0,0.0148,0xb5...ebca,https://bscscan.com/tx/0x26a5d9ffd0f221a1bf70338000af6ba8a25c27677a8be9f419c8ad7d4f620131
2023-03-28 22:34:11,False,3.337e-05,1.063e-08,2197.84,2.337e-05,0xb5...ebca,https://bscscan.com/tx/0x26a5d9ffd0f221a1bf70338000af6ba8a25c27677a8be9f419c8ad7d4f620131
2023-03-28 22:32:53,False,3.337e-05,1.063e-08,811573.0,0.0863,0x4e...585e,https://bscscan.com/tx/0x0611b4075b2ef98140ce36a4d736ad021c3da8d547bf502b02d9396d6c2b5e33
2023-03-28 22:32:53,False,3.337e-05,1.063e-08,52217.7,0.0055,0x4e...585e,https://bscscan.com/tx/0x0611b4075b2ef98140ce36a4d736ad021c3da8d547bf502b02d9396d6c2b5e33
2023-03-28 22:30:44,True,3.373e-05,1.069e-08,19466.8,0.002,0xca...15a6,https://bscscan.com/tx/0x34bcbe8eac909380c46768382a5e77df21bc37bbdfc30a809d998d3d4bac3ecb
2023-03-28 22:28:02,True,3.354e-05,1.068e-08,93564.5,0.01,0x35...6b96,https://bscscan.com/tx/0x6ecb6a126d39a5e68cf7e156001a5660d28f084c14a229cba2bf8864e439f0a2
2023-03-28 22:26:26,True,3.354e-05,1.068e-08,783243.0,0.0837,0x1b...16ff,https://bscscan.com/tx/0x47cd57e7cba3667ad9981655e296092a3fe635c52e1bf9ef9d7e336f71589305
2023-03-28 22:26:05,True,3.371e-05,1.068e-08,1700000.0,0.1816,0x66...6c85,https://bscscan.com/tx/0x069ecc1ddf72c804bfab7a4e0d586d5cf4cbca767a8e404b36fd962f54c14fdd
2023-03-28 22:23:53,False,3.338e-05,1.063e-08,16693388.0,1.7755,0xde...e36b,https://bscscan.com/tx/0x97bab81b738eb858006b555fd62f3686b64277766c78c894586737af2145a129
2023-03-28 22:23:53,False,3.339e-05,1.063e-08,16660.6,0.0017,0xde...e36b,https://bscscan.com/tx/0x97bab81b738eb858006b555fd62f3686b64277766c78c894586737af2145a129
2023-03-28 22:23:08,True,3.355e-05,1.069e-08,916630.0,0.098,0xaf...e20c,https://bscscan.com/tx/0xefe7a8323f587d22c5cecf4fa4ae9d8d7286ba0f39c9878feb964ee27c8c9f23
2023-03-28 22:21:38,True,3.353e-05,1.069e-08,2993218.0,0.32,0x12...e7af,https://bscscan.com/tx/0xa6f9596cf0afa3da6a2ef8175bef10aacd94657bd4d0428fffbec05750ded748
2023-03-28 22:19:50,True,3.374e-05,1.069e-08,1621870.0,0.1734,0x7a...faa7,https://bscscan.com/tx/0xed2b5c6b6d8e51eea749a21ee31b34e9beb38051acf89508e3b6e8fab87b0f5e
2023-03-28 22:15:23,True,3.372e-05,1.068e-08,333022.0,0.0356,0x6e...797c,https://bscscan.com/tx/0x477ed964c1fc43dff72dc2158f12f771c5a7bdb3417a4bf5c89420839534338c
2023-03-28 22:14:02,True,3.372e-05,1.068e-08,8000.0,8.551e-05,0x9c...0247,https://bscscan.com/tx/0x3b83c9b0dc7905886a36ef8583270264fbade3f117291b9607ff59acafeca6bf
2023-03-28 22:13:29,True,3.372e-05,1.068e-08,217715.0,0.0232,0x73...5135,https://bscscan.com/tx/0x0175fc31edd27bc860c255f84840f5dd328993e83073a29ac7a7dc90c3cc6959
2023-03-28 22:12:14,False,3.356e-05,1.063e-08,79905.1,0.0085,0x64...a44f,https://bscscan.com/tx/0x95e7f4edaf91402ac8fe6fd315db86ae3018a6fe03434219f675d720b862a2d2
2023-03-28 22:12:14,False,3.356e-05,1.063e-08,70646.2,0.0075,0x64...a44f,https://bscscan.com/tx/0x95e7f4edaf91402ac8fe6fd315db86ae3018a6fe03434219f675d720b862a2d2
2023-03-28 22:11:23,True,3.373e-05,1.068e-08,14731.6,0.0015,0xd4...ccfa,https://bscscan.com/tx/0xa0b6a345bdac8b84237016f01dc453d37dc0611a3b883285dc6c1ff8c98aa915
2023-03-28 22:08:44,True,3.355e-05,1.068e-08,381909.0,0.0408,0x43...e2e5,https://bscscan.com/tx/0xf3f5a11e9df8def0e267d3da14ffcc0a0f6834eeaf130e9cf847ebd5dca4c850
2023-03-28 22:05:59,True,3.355e-05,1.068e-08,14824963.0,1.58448,0xa9...317d,https://bscscan.com/tx/0x1d083005291241e345bea43a656efd3985959b791da3a3f7f4338b2835030bf4
2023-03-28 22:05:35,True,3.353e-05,1.068e-08,904991.0,0.0967,0xea...96b6,https://bscscan.com/tx/0x8c61a6e49fb9a1ff2ff5f25260a3af3525e3cdddd071ec6653d8a7aa19c4b016
2023-03-28 22:03:04,False,3.342e-05,1.063e-08,10008530.0,1.06428,0x97...e988,https://bscscan.com/tx/0x4e7957705cfe8285aec6d4459433943ab73aa4fa5dc34cbf5a5f0a561edbf278
2023-03-28 22:03:04,False,3.343e-05,1.063e-08,159379.0,0.0169,0x97...e988,https://bscscan.com/tx/0x4e7957705cfe8285aec6d4459433943ab73aa4fa5dc34cbf5a5f0a561edbf278
2023-03-28 22:03:01,True,3.358e-05,1.068e-08,37436909.0,3.9996,0xb3...902c,https://bscscan.com/tx/0x72300afedf34b535338ebf8dd2dd8aaecbd868fa77cbe5628ad171a15cd88fd0
2023-03-28 22:02:41,True,3.356e-05,1.067e-08,5309269.0,0.5669,0x14...80be,https://bscscan.com/tx/0xe8b14ed36e9c956b7d382dc5eee1de1b2c946e318ab63c1388c4d09eaff0a1c7
2023-03-28 21:59:57,True,3.371e-05,1.067e-08,3559071.0,0.38,0xac...e64c,https://bscscan.com/tx/0xf5c39248cacbe61be7ea3afed4d34cd1602f1e1fcaa0aa54a389c9a090ebe3c9
2023-03-28 21:51:24,False,3.323e-05,1.062e-08,797600.0,0.0847,0xd2...206e,https://bscscan.com/tx/0x85572efb2173b9861a97c6aaccfc65994abed43920a3b390bb047f7cc14ba735
2023-03-28 21:51:24,False,3.323e-05,1.062e-08,15792.7,0.0016,0xd2...206e,https://bscscan.com/tx/0x85572efb2173b9861a97c6aaccfc65994abed43920a3b390bb047f7cc14ba735
2023-03-28 21:48:51,True,3.34e-05,1.067e-08,1447757.0,0.1545,0xeb...bb99,https://bscscan.com/tx/0x301ed25eb64dd197a6e2acfe662250d2293408b1a8d8329f42dfbfebe8d8b1fb
2023-03-28 21:45:24,True,3.356e-05,1.067e-08,2946810.0,0.3146,0x77...89c3,https://bscscan.com/tx/0x6ba8ece65bee575229e43855748e1ccff7b9a9a33569856ff0334624d5b42934
2023-03-28 21:45:00,False,3.339e-05,1.062e-08,1450209.0,0.154,0x95...105a,https://bscscan.com/tx/0x855aff60632f967aeeccde2ab29417d8bb4c7d772ba29046565f69f083ed6633
2023-03-28 21:45:00,False,3.339e-05,1.062e-08,97162.9,0.0103,0x95...105a,https://bscscan.com/tx/0x855aff60632f967aeeccde2ab29417d8bb4c7d772ba29046565f69f083ed6633
2023-03-28 21:45:00,True,3.356e-05,1.067e-08,26233.5,0.0028,0x26...7b02,https://bscscan.com/tx/0xe090307aeb640c047540a4ef53a234cb1f9cf0a240a804f9c51611fdc6f1d540
2023-03-28 21:42:30,True,3.355e-05,1.067e-08,31460028.0,3.35739,0xd6...64ac,https://bscscan.com/tx/0x123892ec03cf7095dbe43c0aa0b11c4274927fa07ad6684c9d136f3cf8273c67
2023-03-28 21:41:51,False,3.337e-05,1.061e-08,4486500.0,0.4762,0x8d...b28a,https://bscscan.com/tx/0x449b1a95d936c3fc2d9964718649f3ac08658e8985c3ddc932c35531348b12f9
2023-03-28 21:41:51,False,3.337e-05,1.061e-08,26546.0,0.0028,0x8d...b28a,https://bscscan.com/tx/0x449b1a95d936c3fc2d9964718649f3ac08658e8985c3ddc932c35531348b12f9
2023-03-28 21:41:42,True,3.337e-05,1.066e-08,9508208.0,1.01432,0x14...80be,https://bscscan.com/tx/0xe8df10dde1a5f17a8f8f2cf2716a519f1363f2965beee642b52b5abddc4f83f0
2023-03-28 21:38:27,False,3.318e-05,1.061e-08,322666.0,0.0342,0xdf...28c8,https://bscscan.com/tx/0xdfaa2993cefdd5acc0c177376960801c6af20616a2d80824d7a750a3cf86e02d
2023-03-28 21:38:27,False,3.318e-05,1.061e-08,783.049,8.31e-06,0xdf...28c8,https://bscscan.com/tx/0xdfaa2993cefdd5acc0c177376960801c6af20616a2d80824d7a750a3cf86e02d
2023-03-28 21:35:12,False,3.319e-05,1.061e-08,289148.0,0.0306,0x3e...7f67,https://bscscan.com/tx/0x7a571abc8a085d27764dabad341eab3834d156319dcb07c6f91a5e44d725a79f
2023-03-28 21:35:12,False,3.319e-05,1.061e-08,998.902,1.06e-05,0x3e...7f67,https://bscscan.com/tx/0x7a571abc8a085d27764dabad341eab3834d156319dcb07c6f91a5e44d725a79f
2023-03-28 21:34:27,True,3.336e-05,1.066e-08,100000.0,0.0106,0xa9...99bc,https://bscscan.com/tx/0x21eb636598906ecf25ca76fa19376d5e5e162422f3410d17e6bab505e81a8fd1
2023-03-28 21:32:33,False,3.318e-05,1.061e-08,269154.0,0.0285,0x44...9bef,https://bscscan.com/tx/0x85b3ffce1933a9089a12834305995e22d6450256dfb75794efad1138f168d1f9
2023-03-28 21:32:33,False,3.318e-05,1.061e-08,100616.0,0.0106,0x44...9bef,https://bscscan.com/tx/0x85b3ffce1933a9089a12834305995e22d6450256dfb75794efad1138f168d1f9
2023-03-28 21:30:24,True,3.333e-05,1.066e-08,35638300.0,3.79984,0xc7...e9c9,https://bscscan.com/tx/0x38d23b9364a43a3cd6b1e674b68619eb1e356a2bfb41b8e20eb293d8e56a5d77
2023-03-28 21:30:24,False,3.315e-05,1.06e-08,1622119.0,0.172,0x4e...abb7,https://bscscan.com/tx/0x05a078e49b8224680f84ec5d769ffcc916113c645dc6563190af5f05800b3697
2023-03-28 21:30:24,False,3.315e-05,1.06e-08,1842.67,1.954e-05,0x4e...abb7,https://bscscan.com/tx/0x05a078e49b8224680f84ec5d769ffcc916113c645dc6563190af5f05800b3697
2023-03-28 21:25:06,False,3.315e-05,1.06e-08,680422.0,0.0721,0xe7...fdef,https://bscscan.com/tx/0xc4a89b6d3ec0556af057fce95c4abdf4e42b0d083745d02b5378ead8f301e29d
2023-03-28 21:25:06,False,3.315e-05,1.06e-08,19593.9,0.002,0xe7...fdef,https://bscscan.com/tx/0xc4a89b6d3ec0556af057fce95c4abdf4e42b0d083745d02b5378ead8f301e29d
2023-03-28 21:24:30,True,3.348e-05,1.065e-08,5868430.0,0.6254,0xa8...9ce9,https://bscscan.com/tx/0xf5966e4a2ee55f52a45ca8e7946e8d52a208cc2ec31a3d950d4f1f638a1b60e5
2023-03-28 21:23:39,True,3.347e-05,1.065e-08,600000.0,0.0639,0xc7...0f45,https://bscscan.com/tx/0x8c00a9332ba9952fcca36bf7ad9475a68a3be3f49040b866e0f3678a8e9cb63f
2023-03-28 21:23:27,False,3.314e-05,1.06e-08,786193.0,0.0833,0xe4...8cb1,https://bscscan.com/tx/0x1310d94a118cd0417466e5fcb195ca3223a7588d6716dd9216e67eb0bf34607a
2023-03-28 21:23:27,False,3.314e-05,1.06e-08,70242.3,0.0074,0xe4...8cb1,https://bscscan.com/tx/0x1310d94a118cd0417466e5fcb195ca3223a7588d6716dd9216e67eb0bf34607a
2023-03-28 21:23:21,True,3.331e-05,1.065e-08,4414721.0,0.4704,0x5d...7d9f,https://bscscan.com/tx/0x88ea5d0f9aa92cee42c9d35fd5247e23d142a84f7857bde674fd2edcb20780b8
2023-03-28 21:22:18,True,3.335e-05,1.065e-08,422311.0,0.045,0x7a...9b9b,https://bscscan.com/tx/0x337f0b8c3817f4778d42992330b986199e6c7d41f6798f44472b49cd819ed857
2023-03-28 21:21:06,True,3.352e-05,1.065e-08,375391.0,0.04,0xbd...4f15,https://bscscan.com/tx/0xfbe5c5785bb928c77f78d44912820a2293a901706509d218bf0a36064d48418d
2023-03-28 21:15:36,True,3.356e-05,1.065e-08,9390817.0,1.00053,0x20...946b,https://bscscan.com/tx/0x37a5f59b256f6d7d34686f42977578a802dc03c828cf1cf2b476ee84356bdf06
2023-03-28 21:15:27,False,3.322e-05,1.06e-08,2712566.0,0.2875,0x97...2157,https://bscscan.com/tx/0x710fea5e4fceba210e767fe866a1be22a0131168e6be16b574becf98db806f6d
2023-03-28 21:15:27,False,3.322e-05,1.06e-08,999.0,1.058e-05,0x97...2157,https://bscscan.com/tx/0x710fea5e4fceba210e767fe866a1be22a0131168e6be16b574becf98db806f6d
2023-03-28 21:15:24,False,3.322e-05,1.06e-08,368890.0,0.0391,0x25...37b6,https://bscscan.com/tx/0x42fc0f22a0e26e02b61fcfb2bd4420665ae9a84ddb5ba5c2e1654d16487f54ea
2023-03-28 21:15:24,False,3.322e-05,1.06e-08,419.576,4.447e-06,0x25...37b6,https://bscscan.com/tx/0x42fc0f22a0e26e02b61fcfb2bd4420665ae9a84ddb5ba5c2e1654d16487f54ea
2023-03-28 21:15:21,False,3.322e-05,1.06e-08,154932.0,0.0164,0x45...b2a2,https://bscscan.com/tx/0xbd6b294978cb37ae3d8079fcebcafb304e60cbceb172e48e4cf59aa011fc0a5f
2023-03-28 21:15:21,False,3.322e-05,1.06e-08,321050.0,0.034,0x45...b2a2,https://bscscan.com/tx/0xbd6b294978cb37ae3d8079fcebcafb304e60cbceb172e48e4cf59aa011fc0a5f
2023-03-28 21:14:09,True,3.356e-05,1.065e-08,15039635.0,1.60203,0xc9...80d8,https://bscscan.com/tx/0xca3eab97a349b099219543a63b2f035f09912313b6eb12b2a8f7d42f62f5b8c8
2023-03-28 21:13:27,True,3.355e-05,1.065e-08,297996.0,0.0317,0x97...acf9,https://bscscan.com/tx/0xe1232afdca2ab673692f7a4420801854b656e82de1878e6e0ef59a7a4e95344d
2023-03-28 21:12:32,True,3.355e-05,1.065e-08,657277.0,0.07,0x3f...4ce0,https://bscscan.com/tx/0x46dcb8cf243f73e225e56705e401e8f0df6805e7b26b558ea6107a5b6431476d
2023-03-28 21:12:26,True,3.353e-05,1.064e-08,29875503.0,3.18057,0xc1...f4fe,https://bscscan.com/tx/0xdab7c80a1f973070498bf6e389b3329aec757d01b6bfbb0f4a8da84f36cbd330
2023-03-28 21:12:13,True,3.351e-05,1.063e-08,30080538.0,3.2001,0x20...946b,https://bscscan.com/tx/0x3d491bb3746b914f7468a00837921864a7ebe7d1adcd388e0f193c22cbeb9a97
2023-03-28 21:12:10,True,3.349e-05,1.063e-08,14927038.0,1.58714,0x9f...d87c,https://bscscan.com/tx/0x1831742933c7c07b9e38ce295a135969bd3fb825725388bd1634ee6996914ff8
2023-03-28 21:11:49,True,3.349e-05,1.063e-08,564403.0,0.06,0x6e...797c,https://bscscan.com/tx/0x5d89ada11eb5cf67c68715ec57286de694a84918075786bdea6686716e1b29e8
2023-03-28 21:09:46,True,3.348e-05,1.063e-08,159915.0,0.017,0xca...9941,https://bscscan.com/tx/0x98a14dd92f94d76cd206aa0baad8ed2b494ae93e60efa5366f1121e1501e35dd
2023-03-28 21:08:43,True,3.33e-05,1.063e-08,2985793.0,0.3174,0x4c...bca3,https://bscscan.com/tx/0xe7a33664ff89a6c77268abc019644249b979a94dde26be71dc9d92d9ff364f65
2023-03-28 21:07:07,True,3.332e-05,1.062e-08,241241.0,0.0256,0xfc...7155,https://bscscan.com/tx/0x0cb54b51040315c25e0595e0a3e4d3d653e1db315e8157c0d58b2ce1ce0bb0fe
2023-03-28 21:01:25,True,3.33e-05,1.062e-08,19385551.0,2.06016,0xcc...0331,https://bscscan.com/tx/0xf893d5d465155edea77f29a11ca3ee798a37135e14251eee59b56c7f954d4bc3
2023-03-28 21:01:04,False,3.313e-05,1.057e-08,139580.0,0.0147,0x0a...3063,https://bscscan.com/tx/0x32323d862f88f36d4192649bb0c9fcaed1d09ed03be77e7a63d0461a5ae9a2e2
2023-03-28 21:01:04,False,3.313e-05,1.057e-08,124814.0,0.0132,0x0a...3063,https://bscscan.com/tx/0x32323d862f88f36d4192649bb0c9fcaed1d09ed03be77e7a63d0461a5ae9a2e2
2023-03-28 20:59:55,True,3.344e-05,1.062e-08,1285864.0,0.1366,0x8e...3d56,https://bscscan.com/tx/0xf9563f4d64d9de1c315b529fbd5dd2a4a95515d9fb90bb5227d6c7ee32fd3ddd
2023-03-28 20:59:16,True,3.343e-05,1.062e-08,4914522.0,0.5221,0xe9...9d82,https://bscscan.com/tx/0x97af01ecba72a64df08aa258865f42cecb2066dfff5b6e926f487f12ba06c4ca
2023-03-28 20:59:01,True,3.326e-05,1.062e-08,8195593.0,0.8705,0x5a...e6e3,https://bscscan.com/tx/0x36b7354c7daabd046a434ddaa7b03aeebdfa12ba844cb8e4c16010021ecb42d8
2023-03-28 20:58:52,True,3.324e-05,1.061e-08,30091336.0,3.19491,0x20...946b,https://bscscan.com/tx/0xd26979ac2a290af0cf254a43e9af1286ed253900d3b40120f075405dfb698f15
2023-03-28 20:58:04,False,3.307e-05,1.056e-08,134692.0,0.0142,0x11...9d8c,https://bscscan.com/tx/0x235fbf73aa6750a62a7b240929a42ca8a59a11f03a4eb3bc0a02a34923adcd6f
2023-03-28 20:58:04,False,3.307e-05,1.056e-08,694634.0,0.0733,0x11...9d8c,https://bscscan.com/tx/0x235fbf73aa6750a62a7b240929a42ca8a59a11f03a4eb3bc0a02a34923adcd6f
2023-03-28 20:56:58,True,3.336e-05,1.06e-08,30023033.0,3.18543,0x20...946b,https://bscscan.com/tx/0xc67e44b39cd645db1b73683ccad85cbcedbf9395a1b69e3f0c58f3452bf05d11
2023-03-28 20:56:58,True,3.332e-05,1.059e-08,66624298.0,7.06062,0x19...6dd1,https://bscscan.com/tx/0x8838bd6725e83db787fdc834155d75f32a4bf95ec52f688e16d81b11e1b57421
2023-03-28 20:56:55,True,3.329e-05,1.058e-08,22259463.0,2.35647,0xaf...9dcd,https://bscscan.com/tx/0xca5f1e0aecfcfebfca36a8de7dc47fb260a912b5cd537278cb14d7c4be199b7a
2023-03-28 20:56:55,True,3.328e-05,1.058e-08,6009422.0,0.6359,0x09...712a,https://bscscan.com/tx/0x3accd5e61963bcb5f51dc424781ac2bbe41bf930642a0ac693b5e02a6eea35b9
2023-03-28 20:56:10,True,3.319e-05,1.057e-08,30069686.0,3.18084,0x20...946b,https://bscscan.com/tx/0x7d2448ac84317a8d3a3a915f0652abac8724e4d57f77c9295e14cf2d4fe010b9
2023-03-28 20:56:10,True,3.317e-05,1.057e-08,30143524.0,3.18635,0xc1...f4fe,https://bscscan.com/tx/0x86b4dab94497b5c83552bcad2d84101fb6f17f88e3301ed0a498d57a951334c6
2023-03-28 20:55:34,True,3.315e-05,1.056e-08,111671.0,0.0118,0x39...5044,https://bscscan.com/tx/0x14da4531b2118c83ce8b79bdffa6934d643d3301dcd85adb14818d8b20840beb
2023-03-28 20:55:34,True,3.315e-05,1.056e-08,12304790.0,1.30003,0xaf...9dcd,https://bscscan.com/tx/0x38199a85bf33ce0011471f8dabcd5205025cf261295cc05196bf540b22d2c2dd
2023-03-28 20:55:16,True,3.316e-05,1.055e-08,30091398.0,3.17761,0x20...946b,https://bscscan.com/tx/0xf977a62527a7efdc2abe39aed9efb89e5f644899df567cd010ead6be0fd63fb8
2023-03-28 20:54:31,False,3.281e-05,1.05e-08,4881367.0,0.5127,0xef...d751,https://bscscan.com/tx/0x46d8432e8c9a091abc00df79e9e97853127d4f6f86b6bb56eda50210d8575452
2023-03-28 20:54:31,False,3.281e-05,1.05e-08,30000.0,0.0031,0xef...d751,https://bscscan.com/tx/0x46d8432e8c9a091abc00df79e9e97853127d4f6f86b6bb56eda50210d8575452
2023-03-28 20:53:52,False,3.282e-05,1.05e-08,11077778.0,1.16383,0xcc...25cf,https://bscscan.com/tx/0x9dfc2698e44535102f0ca0bd9aa191e9824f32f0c2ff797fdd5bd36961443a56
2023-03-28 20:53:52,False,3.282e-05,1.05e-08,70263.4,0.0073,0xcc...25cf,https://bscscan.com/tx/0x9dfc2698e44535102f0ca0bd9aa191e9824f32f0c2ff797fdd5bd36961443a56
2023-03-28 20:53:16,True,3.315e-05,1.055e-08,9787213.0,1.03342,0x40...7300,https://bscscan.com/tx/0x8edf083140ef3e18e28f1ab5b74b9dc837c6dd69a17c8f19f19a10aa6aaac2e1
2023-03-28 20:52:03,False,3.298e-05,1.05e-08,16187565.0,1.70082,0xc5...240c,https://bscscan.com/tx/0xa78193679badce6ece38dd9b1e7edd1539e72713b835f74cec1aa9c35ea41e62
2023-03-28 20:52:03,False,3.299e-05,1.05e-08,11977.6,0.0012,0xc5...240c,https://bscscan.com/tx/0xa78193679badce6ece38dd9b1e7edd1539e72713b835f74cec1aa9c35ea41e62
2023-03-28 20:51:54,False,3.299e-05,1.05e-08,4422850.0,0.4648,0x9c...56c4,https://bscscan.com/tx/0x1ed46a5515c5806b7d14785508cc509853b0fa17e1106648d167a0d1f5c743ee
2023-03-28 20:51:54,False,3.299e-05,1.051e-08,607204.0,0.0638,0x9c...56c4,https://bscscan.com/tx/0x1ed46a5515c5806b7d14785508cc509853b0fa17e1106648d167a0d1f5c743ee
2023-03-28 20:51:03,True,3.299e-05,1.056e-08,2423554.0,0.2559,0x99...1e5f,https://bscscan.com/tx/0x88ac18e8bb684a71c7ebd50a224e7fda4d9764de66f35805ae13ce2d7f7bd99e
2023-03-28 20:50:42,True,3.314e-05,1.055e-08,30222337.0,3.19104,0xaf...9dcd,https://bscscan.com/tx/0x6bb8f62190bda42c3676a7b7dc0ab51e7c9293fa394a8b6f02017e0b9c2628df
2023-03-28 20:50:42,True,3.312e-05,1.055e-08,30091408.0,3.17492,0x20...946b,https://bscscan.com/tx/0x87d7f72204fd9b90fbd88f6a768a40d19f7ab683fc6c5bbfdc8cf1584e7cb4c9
2023-03-28 20:50:30,True,3.309e-05,1.054e-08,30592748.0,3.22548,0xbe...65bd,https://bscscan.com/tx/0xcc6a9470fa0f7788e180f0e3d004b3b29cdd49d4ac92bac93b05d46f767f1170
2023-03-28 20:50:03,True,3.307e-05,1.053e-08,18175498.0,1.91518,0xaf...9dcd,https://bscscan.com/tx/0x19d2f9c1cbd56159ec1a114a8d3e64475dcc647095c966df94f3dc218b0a70c7
2023-03-28 20:49:48,True,3.289e-05,1.053e-08,16252054.0,1.7118,0x20...946b,https://bscscan.com/tx/0x1b7b1ae117df784378e8aba01ec0bb67434abe96ec8b2f6e7c9548a17ab406af
2023-03-28 20:48:39,True,3.305e-05,1.053e-08,1424422.0,0.15,0x14...cb11,https://bscscan.com/tx/0x48b893abe8e56cede0f4feb3ed07a8f8667f46b68b74bfe6ddfa0666dbb53b88
2023-03-28 20:48:24,True,3.303e-05,1.052e-08,30091434.0,3.16761,0x20...946b,https://bscscan.com/tx/0x12c235668cfbf68b63ca17a2deecc279dc2a8d015c61ea43feee127a85ba26d8
2023-03-28 20:47:54,True,3.3e-05,1.051e-08,30333086.0,3.19074,0xaf...9dcd,https://bscscan.com/tx/0xa7b29b77690c35b2a8e5dd2a667436132a4f99f64983de40dc812cc037329aed
2023-03-28 20:47:33,True,3.297e-05,1.051e-08,21274797.0,2.23652,0xaf...9dcd,https://bscscan.com/tx/0x7d9e4aa04a281a2c640c4ca78702e24e3ed370c00b0d477b67a1f740e067dd9f
2023-03-28 20:46:54,False,3.262e-05,1.045e-08,139580.0,0.0146,0x0e...e9a8,https://bscscan.com/tx/0x97d8380bb4a2efc8c40f98ddd155f5ac0d7b7908d3c091a9ab305f09729c08af
2023-03-28 20:46:54,False,3.262e-05,1.045e-08,306074.0,0.032,0x0e...e9a8,https://bscscan.com/tx/0x97d8380bb4a2efc8c40f98ddd155f5ac0d7b7908d3c091a9ab305f09729c08af
2023-03-28 20:46:39,True,3.295e-05,1.05e-08,302260.0,0.0317,0xd8...6a17,https://bscscan.com/tx/0x29997d4df1c771fffee46f995dd23f7de4724e3d8ee1dceb6fcbf98193d8fcd0
