datetime,buy_order,price_USD,price_native,amount_token,total_native,maker,etherscan_url
2023-03-25 21:14:14,True,3.469e-05,1.086e-08,10000000.0,1.08691,0x15...54af,https://bscscan.com/tx/0xcfabe52b7828fbdc0d2a46a13a3e0f4986f4d0607fcf1e394d3795b65027da36
2023-03-25 21:11:29,False,3.466e-05,1.081e-08,9970000.0,1.07823,0xa6...bc64,https://bscscan.com/tx/0xa02d3a90a6721b3893f7febde883f34de107645613dbd669eeb357ddf7d91834
2023-03-25 21:11:29,False,3.466e-05,1.081e-08,305725.0,0.033,0xa6...bc64,https://bscscan.com/tx/0xa02d3a90a6721b3893f7febde883f34de107645613dbd669eeb357ddf7d91834
2023-03-25 21:10:17,True,3.483e-05,1.087e-08,91992.6,0.01,0xa8...8a78,https://bscscan.com/tx/0x7b15e47582eec0021845c05c8212f30eb7c20c717c6aa11fb04b8ea15c921405
2023-03-25 21:08:38,True,3.477e-05,1.085e-08,100000000.0,10.8572,0x2e...2e43,https://bscscan.com/tx/0x2eae5824a76c1d8c951f791c61f821a5e25e7ac19d6412a84ec23026cd1e1664
2023-03-25 21:08:26,True,3.456e-05,1.084e-08,287422.0,0.0311,0x97...acf9,https://bscscan.com/tx/0x0e0b2b992778fdb7faa06be0fd503d66ac7a599192cfd47cecdc4330feacb001
2023-03-25 21:08:20,False,3.439e-05,1.079e-08,12465013.0,1.34516,0xc1...5d8c,https://bscscan.com/tx/0x86b810e95822222bd8e9c89e79cf49c1f1030616be69c3b44c24b4e40f017a34
2023-03-25 21:08:20,False,3.439e-05,1.079e-08,338440.0,0.0365,0xc1...5d8c,https://bscscan.com/tx/0x86b810e95822222bd8e9c89e79cf49c1f1030616be69c3b44c24b4e40f017a34
2023-03-25 21:07:08,True,3.474e-05,1.084e-08,14778370.0,1.60277,0xcc...0331,https://bscscan.com/tx/0x30af8450e72c83442248a90116bff38729efdf2f67f851bf9fce10d6fcc23884
2023-03-25 21:05:59,True,3.451e-05,1.083e-08,100000000.0,10.8303,0x2e...2e43,https://bscscan.com/tx/0x8a6f56fefb77c67c3d78095f81bbb5a59d8a9045f1376a2856c6b2f1174b28a1
2023-03-25 21:05:32,False,3.447e-05,1.076e-08,4985000.0,0.5365,0x2a...f2c0,https://bscscan.com/tx/0xeaf67243b4223742c60dfbbc9ddc424932a840b77242a7842b2f3d2548768798
2023-03-25 21:05:32,False,3.448e-05,1.076e-08,2012493.0,0.2166,0x2a...f2c0,https://bscscan.com/tx/0xeaf67243b4223742c60dfbbc9ddc424932a840b77242a7842b2f3d2548768798
2023-03-25 21:04:26,True,3.466e-05,1.081e-08,18725627.0,2.02547,0xcc...0331,https://bscscan.com/tx/0x283ab6a27165dcb2c858245122dca727fbc903d9d60e782ddad66fcd6a5732a9
2023-03-25 21:03:29,True,3.445e-05,1.081e-08,19665391.0,2.12613,0xc1...f4fe,https://bscscan.com/tx/0x1df364624a664e204fa33b044442cc2a3247061fe69cc17b5687b7a0fa17a68c
2023-03-25 21:02:17,True,3.46e-05,1.08e-08,25976000.0,2.80685,0x4b...ad7f,https://bscscan.com/tx/0x8ba02eec08a751825d5191d093d8565cd4424890fec9eb6d7451396f18480858
2023-03-25 21:02:14,True,3.459e-05,1.079e-08,18735279.0,2.02335,0xcc...0331,https://bscscan.com/tx/0x6b97b84b1e03a8fd908b69b10d62e48aee5ba3f1380b848035fd5e01be938f68
2023-03-25 21:02:11,True,3.454e-05,1.078e-08,100000000.0,10.7842,0x2e...2e43,https://bscscan.com/tx/0x467c53bc8bbc9a04015e77a78eea14c9975bbe503dbd41ae17b799808a2dcee0
2023-03-25 21:01:26,True,3.432e-05,1.077e-08,510990.0,0.055,0xf9...9b67,https://bscscan.com/tx/0xd89ef3f82a577c1c1caf56fa21f655ef2fee07ab67912db1c08588a80307a02e
2023-03-25 21:01:11,True,3.449e-05,1.077e-08,278526.0,0.03,0xc8...f0ff,https://bscscan.com/tx/0xa4ea954941c9db4b5790e3529d5e99b83ead58d613beac7790c76ca0e0e8da63
2023-03-25 21:00:14,True,3.449e-05,1.076e-08,18776719.0,2.02197,0xcc...0331,https://bscscan.com/tx/0x001c40a6100785c514683f894e51cc42875add9a534f8bf857c7413865b2f06e
2023-03-25 21:00:08,True,3.448e-05,1.076e-08,10000000.0,1.07648,0x2e...2e43,https://bscscan.com/tx/0x17ec35a76637467ca2377656f6eb4a38da8b2075bc7d2ab3561ba52f1679f377
2023-03-25 20:58:53,True,3.429e-05,1.076e-08,23459783.0,2.52437,0x77...906a,https://bscscan.com/tx/0xc3cb7d6e3963eaad77cc3a90a607d2faf7af9a5a6dd64b673e370f9eb065e47f
2023-03-25 20:58:38,True,3.427e-05,1.075e-08,30086117.0,3.23529,0x20...946b,https://bscscan.com/tx/0x6c08ba67f6f47b7bdd6d207dd8a580b5194cdc9da227ae465d26a0a4be580efd
2023-03-25 20:58:14,True,3.443e-05,1.074e-08,18782252.0,2.01855,0xcc...0331,https://bscscan.com/tx/0xd32337225a3834c16c7652623678ca8010fd52051f50c392a16a37bad5747e2a
2023-03-25 20:57:53,True,3.441e-05,1.074e-08,5810661.0,0.6242,0x09...712a,https://bscscan.com/tx/0xfdf544ca7ffa44a802e1bfc7354d77e24eb7dec8db3bb1bbc1a43cb323e0a6a4
2023-03-25 20:57:53,True,3.44e-05,1.073e-08,29128175.0,3.12818,0xc1...f4fe,https://bscscan.com/tx/0xb6d27e0c2dec6f83f31ec6984ead0df6b8fde0522a3ebd60e1cf10910e386079
2023-03-25 20:57:50,True,3.438e-05,1.073e-08,30075021.0,3.22756,0x20...946b,https://bscscan.com/tx/0x2cfaad6ac59d71229c78c3a0f0c6742a8d0152671897fbe1e1f9c93479264016
2023-03-25 20:57:44,True,3.419e-05,1.072e-08,8729993.0,0.9364,0x9f...d87c,https://bscscan.com/tx/0x350d3b0d8988be3035625d5e53fef51f8a59073e79585abc665fc4303bd2e17a
2023-03-25 20:57:41,True,3.418e-05,1.072e-08,5821015.0,0.6242,0x09...712a,https://bscscan.com/tx/0x2649a78cdc749aca63d500b74a9061b273b26cf4434f0717b8494527cba4763b
2023-03-25 20:57:38,True,3.42e-05,1.072e-08,2339292.0,0.2509,0x68...ead7,https://bscscan.com/tx/0x688afa4a2b536872de445ab314e319cf6b3b469be0b124e43dab533c39b0d2af
2023-03-25 20:57:38,False,3.416e-05,1.071e-08,368078442.0,39.4485,0x6e...2e00,https://bscscan.com/tx/0x467e164ddb947aecfd64bb51dc092922ffb66c5756ca416d434074ffc98aad0b
2023-03-25 20:57:38,False,3.431e-05,1.076e-08,53648.0,0.0057,0x6e...2e00,https://bscscan.com/tx/0x467e164ddb947aecfd64bb51dc092922ffb66c5756ca416d434074ffc98aad0b
2023-03-25 20:57:05,True,3.448e-05,1.081e-08,144032.0,0.0155,0x65...2c2f,https://bscscan.com/tx/0xd4d267acc8e085be4cf01140d47de3166d92672014e2c613fcd187bef2e43c7a
2023-03-25 20:56:14,True,3.465e-05,1.081e-08,18725595.0,2.02547,0xcc...0331,https://bscscan.com/tx/0x3dea62aaeb5b16a9e32df311f7bdd1e33c8f280b9671a0e0cbc48d09097ec8ec
2023-03-25 20:56:02,False,3.447e-05,1.076e-08,997000.0,0.1072,0xaa...7a38,https://bscscan.com/tx/0x0584fe92bad82c40f2903726fc003e37915863e5210115416eb232de0e16c5e0
2023-03-25 20:56:02,False,3.447e-05,1.076e-08,70141.8,0.0075,0xaa...7a38,https://bscscan.com/tx/0x0584fe92bad82c40f2903726fc003e37915863e5210115416eb232de0e16c5e0
2023-03-25 20:54:59,True,3.464e-05,1.081e-08,5000762.0,0.5407,0x6b...9f5d,https://bscscan.com/tx/0x51fe036f4e53af31b48e33c5e28441199b1cf826566142c6ca7933be0d6570e8
2023-03-25 20:54:50,True,3.464e-05,1.081e-08,5076459.0,0.5488,0x6b...9f5d,https://bscscan.com/tx/0x03fdc6a7217df28fc7443d7ea566e4bf5eb1d784c98332782cca7c68926f39cc
2023-03-25 20:54:44,False,3.447e-05,1.075e-08,15481403.0,1.66577,0x32...cf44,https://bscscan.com/tx/0x3f0f16777eeba68989f8b7c61352629deb3d30b2d1652f5c745474640bac4796
2023-03-25 20:54:44,False,3.448e-05,1.076e-08,456861.0,0.0491,0x32...cf44,https://bscscan.com/tx/0x3f0f16777eeba68989f8b7c61352629deb3d30b2d1652f5c745474640bac4796
2023-03-25 20:54:41,True,3.465e-05,1.081e-08,5021021.0,0.543,0x6b...9f5d,https://bscscan.com/tx/0x45f15ec9c49884d6d85b7e1dc932cc2bd4a60bee006ae150e9637feaa7b4d008
2023-03-25 20:54:32,True,3.464e-05,1.081e-08,5114519.0,0.553,0x6b...9f5d,https://bscscan.com/tx/0xb2d857432dbaf171bfd1ec0e77eb0fcfd4c656d0a74e8883cfc5cc2da7be0e48
2023-03-25 20:54:23,True,3.464e-05,1.081e-08,5110630.0,0.5525,0x6b...9f5d,https://bscscan.com/tx/0xa8080d4dfe41f102741b064c7dfc8012106f65d201de4fe24245ba06ae50d5df
2023-03-25 20:54:23,True,3.463e-05,1.081e-08,14436419.0,1.56059,0x17...4266,https://bscscan.com/tx/0x5750c1df0eeecdf267abdf2a81676531cb796317e629c8c8f6633be714d52c12
2023-03-25 20:54:20,True,3.458e-05,1.079e-08,100300903.0,10.8275,0x9b...2220,https://bscscan.com/tx/0x2a24ff37a92bc44c4b9f8f3f07e17d3459dfff05e4dcbddd54be06840cfd3f13
2023-03-25 20:54:17,True,3.453e-05,1.077e-08,28958668.0,3.12122,0x84...40b6,https://bscscan.com/tx/0x2b20a09225fa9b961dfb6a94c7166de4fd47099d595d8211f3b9c5fb88c05e0b
2023-03-25 20:54:14,False,3.434e-05,1.072e-08,4617290.0,0.495,0x6b...9f5d,https://bscscan.com/tx/0xe004e33d6df76c24bfc12b8769309da41d386d33103569e9f14d49d3062239ab
2023-03-25 20:54:14,True,3.452e-05,1.077e-08,5793625.0,0.6242,0x09...712a,https://bscscan.com/tx/0xffa423c09d400efad18cce3f3df8fc68a85f8f07521fb5a0f9794d0f41785b5b
2023-03-25 20:54:14,True,3.447e-05,1.076e-08,100300903.0,10.7934,0x9b...2220,https://bscscan.com/tx/0x523f6aa5a2297b09f8afe8631454c65fda07d481d4f38acf8818f395647b76ac
2023-03-25 20:54:14,True,3.442e-05,1.074e-08,18697380.0,2.00913,0xcc...0331,https://bscscan.com/tx/0x4ae2b70d77f7827447d5a5b552363e52247e081bb7621246dfb07b9162bf751a
2023-03-25 20:54:11,True,3.441e-05,1.074e-08,58253683.0,6.25699,0x7c...eff1,https://bscscan.com/tx/0xb405495e6ccf0b51b5a65268de590410f6abb2beae2ed571eabb8c81ea7153d3
2023-03-25 20:54:11,True,3.436e-05,1.072e-08,9020307.0,0.9675,0x00...ddd2,https://bscscan.com/tx/0x4aa1405f277aa89b3a1d19a037981c5b6e5ee2f0588b9bdd3a5e907741c5ac0e
2023-03-25 20:54:11,True,3.436e-05,1.072e-08,2745083.0,0.2944,0x03...1a46,https://bscscan.com/tx/0xa2cef5f34d7b4c2af36b6c4d86c124c7cafb8a9f473816a2fe53fba9b06c6d9a
2023-03-25 20:54:11,True,3.434e-05,1.071e-08,42473592.0,4.55294,0xed...640a,https://bscscan.com/tx/0x9531d3c57a3141907213435a3928aefa3a1d4e39b2803e1f2531714104e14323
2023-03-25 20:54:11,True,3.431e-05,1.07e-08,35374030.0,3.78835,0x5c...ac56,https://bscscan.com/tx/0x44c7b5fd306c624c828c77bd8d6d170a2e8ae1ca7a303252d9b6add650ade143
2023-03-25 20:54:11,True,3.425e-05,1.069e-08,90941227.0,9.72443,0x7a...3653,https://bscscan.com/tx/0x3c5f2187c16c28032ab721ffbb3cce039fd61a4b10ff1d999140f3ac360e3324
2023-03-25 20:54:11,False,3.464e-05,1.081e-08,1429075257.0,154.54,0x83...98c1,https://bscscan.com/tx/0x8b408edc80a3049dee3d75f6081db2d5ddaac2099d535d6c6932efb68695a018
2023-03-25 20:54:11,False,3.525e-05,1.1e-08,84787.2,0.0093,0x83...98c1,https://bscscan.com/tx/0x8b408edc80a3049dee3d75f6081db2d5ddaac2099d535d6c6932efb68695a018
2023-03-25 20:49:11,False,3.509e-05,1.1e-08,28499793.0,3.13683,0xc0...1f4f,https://bscscan.com/tx/0x8362efcdb53ff82bae89346d149f3e541e392527a44b6eef7f0c5de917a01b9d
2023-03-25 20:49:11,False,3.51e-05,1.101e-08,27000.0,0.0029,0xc0...1f4f,https://bscscan.com/tx/0x8362efcdb53ff82bae89346d149f3e541e392527a44b6eef7f0c5de917a01b9d
2023-03-25 20:48:11,False,3.51e-05,1.101e-08,9970000.0,1.09786,0xa6...bc64,https://bscscan.com/tx/0x2e1d69fd1de7759e12924d2eb87d60f27aec9b3f3b9dc56e62a234a11c779111
2023-03-25 20:48:11,False,3.51e-05,1.101e-08,126275.0,0.0139,0xa6...bc64,https://bscscan.com/tx/0x2e1d69fd1de7759e12924d2eb87d60f27aec9b3f3b9dc56e62a234a11c779111
2023-03-25 20:47:14,True,3.545e-05,1.106e-08,22258928.0,2.46302,0x25...459b,https://bscscan.com/tx/0x1062b567758f01003240fc4aa98b3c159eb8a7b05bd32f9aa3f807f84383e132
2023-03-25 20:46:50,True,3.544e-05,1.106e-08,171755.0,0.019,0x1f...eacb,https://bscscan.com/tx/0x9046861a24f3e5443ee6a8555dabfd5f1237b35b5a5229462c12f814ba9ef378
2023-03-25 20:44:53,True,3.544e-05,1.106e-08,119999.0,0.0132,0xb7...0b34,https://bscscan.com/tx/0x80095a411dd848010ac6ce0ff3d8867411fc0713952336ea48ddcaaee411e1dc
2023-03-25 20:44:11,True,3.524e-05,1.105e-08,23815063.0,2.6337,0x60...ece6,https://bscscan.com/tx/0xd64aad09af5f412a039873a17dbcd6c746013c6707a5ff18257b95a313878774
2023-03-25 20:43:38,False,3.505e-05,1.1e-08,401573.0,0.0441,0x6c...f1b8,https://bscscan.com/tx/0x4578539b42169580394e3f228f8edf25dd24492451760d3a7949bc330f4ad417
2023-03-25 20:43:38,False,3.505e-05,1.1e-08,36782.6,0.004,0x6c...f1b8,https://bscscan.com/tx/0x4578539b42169580394e3f228f8edf25dd24492451760d3a7949bc330f4ad417
2023-03-25 20:42:08,True,3.54e-05,1.105e-08,97813.4,0.0108,0xb9...aedd,https://bscscan.com/tx/0x74d6f039e87de8393b18b6de0678b44ebb8852d73cb1f36ccbf12d6b0188273a
2023-03-25 20:41:05,False,3.505e-05,1.1e-08,13484788.0,1.48366,0x6e...2e00,https://bscscan.com/tx/0xf610cc9eb6fd9b197df3967d44c74c2989ae9fe86b2616e4f1962c8ebddb2948
2023-03-25 20:41:05,False,3.505e-05,1.1e-08,2529.02,2.783e-05,0x6e...2e00,https://bscscan.com/tx/0xf610cc9eb6fd9b197df3967d44c74c2989ae9fe86b2616e4f1962c8ebddb2948
2023-03-25 20:39:56,True,3.523e-05,1.105e-08,542524.0,0.06,0xb4...440f,https://bscscan.com/tx/0x2b9910dc78cb9b3aacbd02f68fe12318ed0e8fe6aa45f6651c21ca875ba21fb4
2023-03-25 20:39:53,False,3.505e-05,1.1e-08,392969.0,0.0432,0x6e...2e00,https://bscscan.com/tx/0x12f08db54ddb085b07a1caf1d0d32e205537e2fc1f0e74b0f1c7b931e4c8f2db
2023-03-25 20:39:53,False,3.505e-05,1.1e-08,10295.3,0.0011,0x6e...2e00,https://bscscan.com/tx/0x12f08db54ddb085b07a1caf1d0d32e205537e2fc1f0e74b0f1c7b931e4c8f2db
2023-03-25 20:39:02,False,3.525e-05,1.1e-08,3801626.0,0.4183,0x08...edee,https://bscscan.com/tx/0x4da4b70efb6afdcf1c90ba43e075000af24c9ee986662934897be048a39f6872
2023-03-25 20:39:02,False,3.525e-05,1.1e-08,6038.25,6.645e-05,0x08...edee,https://bscscan.com/tx/0x4da4b70efb6afdcf1c90ba43e075000af24c9ee986662934897be048a39f6872
2023-03-25 20:38:32,True,3.542e-05,1.106e-08,38182.1,0.0042,0x6f...99da,https://bscscan.com/tx/0x701a591b5436d872e3e6c6ad228a96e985fc48981d667bded89106e48df0d84b
2023-03-25 20:36:47,True,3.544e-05,1.106e-08,198205.0,0.0219,0xe5...eae6,https://bscscan.com/tx/0x91d7c0dd53e0ada8aefda7fd4f836d9380d634efc09900ba65b858e28eebc409
2023-03-25 20:33:17,False,3.527e-05,1.1e-08,1994000.0,0.2194,0x5a...33fc,https://bscscan.com/tx/0x955456dd483f7011ed30542374797bd9b04cd4d0138ffc7a1d7369d355a81d8d
2023-03-25 20:33:17,False,3.528e-05,1.1e-08,50799.3,0.0055,0x5a...33fc,https://bscscan.com/tx/0x955456dd483f7011ed30542374797bd9b04cd4d0138ffc7a1d7369d355a81d8d
2023-03-25 20:33:11,True,3.544e-05,1.106e-08,4395.24,4.861e-05,0x6f...99da,https://bscscan.com/tx/0xaf6ab7bd384fd6fbf008b1f90c41b31465c952c0251e4758d14bc5ef21bee35c
2023-03-25 20:30:26,True,3.545e-05,1.106e-08,289306.0,0.032,0x9a...e636,https://bscscan.com/tx/0xfa9438f1830c6660fa0c0d2cc6f3c2b99954f9a6deab020eeb7ffd37792dba11
2023-03-25 20:28:26,False,3.511e-05,1.1e-08,12480358.0,1.37376,0x30...b364,https://bscscan.com/tx/0xb57b80f3b5823804bb17a6aeb4c36422410aee2176cfacd3ee5c7143fef95800
2023-03-25 20:28:26,False,3.511e-05,1.1e-08,115369.0,0.0127,0x30...b364,https://bscscan.com/tx/0xb57b80f3b5823804bb17a6aeb4c36422410aee2176cfacd3ee5c7143fef95800
2023-03-25 20:28:08,False,3.513e-05,1.101e-08,24222259.0,2.66743,0x05...7066,https://bscscan.com/tx/0x2dec93e3680c1dc3f0755875be08fa05a21440dabed288251e8885b0aa3e3472
2023-03-25 20:28:08,False,3.514e-05,1.101e-08,13237.4,0.0014,0x05...7066,https://bscscan.com/tx/0x2dec93e3680c1dc3f0755875be08fa05a21440dabed288251e8885b0aa3e3472
2023-03-25 20:27:56,False,3.514e-05,1.101e-08,4888018.0,0.5384,0x05...7066,https://bscscan.com/tx/0x4f16a84d104f6f3f5cc482573d2db4136da30cb37c666c1187ea59d595633aaf
2023-03-25 20:27:56,False,3.514e-05,1.101e-08,86440.6,0.0095,0x05...7066,https://bscscan.com/tx/0x4f16a84d104f6f3f5cc482573d2db4136da30cb37c666c1187ea59d595633aaf
2023-03-25 20:27:11,False,3.533e-05,1.102e-08,26774975.0,2.95075,0x05...7066,https://bscscan.com/tx/0x1acffde9a113c293381414795f82293d7bc8a413e0f60ad9dee0a655608f4a2f
2023-03-25 20:27:11,False,3.534e-05,1.102e-08,13540.0,0.0014,0x05...7066,https://bscscan.com/tx/0x1acffde9a113c293381414795f82293d7bc8a413e0f60ad9dee0a655608f4a2f
2023-03-25 20:26:59,False,3.517e-05,1.102e-08,4999756.0,0.5512,0x6b...9f5d,https://bscscan.com/tx/0xf6b25701118e5ed95c89401377f03d01a6f19104317722cd97234032437ecbbb
2023-03-25 20:26:59,False,3.517e-05,1.102e-08,43672.8,0.0048,0x6b...9f5d,https://bscscan.com/tx/0xf6b25701118e5ed95c89401377f03d01a6f19104317722cd97234032437ecbbb
2023-03-25 20:26:56,False,3.518e-05,1.102e-08,16126602.0,1.77839,0x05...7066,https://bscscan.com/tx/0x366fbf23cd432f306d02714f680a4b9c9c7659af7b91bca94347f70f74b04e08
2023-03-25 20:26:56,False,3.519e-05,1.102e-08,13704.6,0.0015,0x05...7066,https://bscscan.com/tx/0x366fbf23cd432f306d02714f680a4b9c9c7659af7b91bca94347f70f74b04e08
2023-03-25 20:26:50,False,3.519e-05,1.103e-08,5060542.0,0.5582,0x6b...9f5d,https://bscscan.com/tx/0xc0e003afaeb0b76f59a9fd450260fc0e5b4d38aaff68a10b779839644f158ff8
2023-03-25 20:26:50,False,3.519e-05,1.103e-08,43158.4,0.0047,0x6b...9f5d,https://bscscan.com/tx/0xc0e003afaeb0b76f59a9fd450260fc0e5b4d38aaff68a10b779839644f158ff8
2023-03-25 20:26:47,False,3.52e-05,1.103e-08,15936649.0,1.75835,0x05...7066,https://bscscan.com/tx/0x76b34606bb9d596a8512fe3ca6ddf4b7818ef6d8b70155b7d7cd04fa8750a33e
2023-03-25 20:26:47,False,3.52e-05,1.103e-08,13657.9,0.0015,0x05...7066,https://bscscan.com/tx/0x76b34606bb9d596a8512fe3ca6ddf4b7818ef6d8b70155b7d7cd04fa8750a33e
2023-03-25 20:26:41,False,3.521e-05,1.103e-08,5043314.0,0.5565,0x6b...9f5d,https://bscscan.com/tx/0x4ce6fbfd6053c87c97dbedad17e35c4cdc96016a44efc53c237322687e3ebb3e
2023-03-25 20:26:41,False,3.521e-05,1.103e-08,28888.7,0.0031,0x6b...9f5d,https://bscscan.com/tx/0x4ce6fbfd6053c87c97dbedad17e35c4cdc96016a44efc53c237322687e3ebb3e
2023-03-25 20:26:32,False,3.539e-05,1.103e-08,5038796.0,0.5561,0x6b...9f5d,https://bscscan.com/tx/0x99d2de880f58f710902b109651ca00e035c750633f9d6711d38765743f506621
2023-03-25 20:26:32,False,3.539e-05,1.103e-08,27323.1,0.003,0x6b...9f5d,https://bscscan.com/tx/0x99d2de880f58f710902b109651ca00e035c750633f9d6711d38765743f506621
2023-03-25 20:26:02,True,3.557e-05,1.109e-08,31479.0,0.0034,0xd9...d239,https://bscscan.com/tx/0x9a2913a10596f2f533ef6bed393ff55a72c854775e835849da35d4d9c7e14b4f
2023-03-25 20:23:53,False,3.539e-05,1.103e-08,9876085.0,1.09028,0x98...3a03,https://bscscan.com/tx/0xfdd13322920a2507270c2b0f8e431ce52c807adecbee3595490abd615c15bb4d
2023-03-25 20:23:53,False,3.54e-05,1.104e-08,14852.9,0.0016,0x98...3a03,https://bscscan.com/tx/0xfdd13322920a2507270c2b0f8e431ce52c807adecbee3595490abd615c15bb4d
2023-03-25 20:23:02,False,3.54e-05,1.104e-08,5484582.0,0.6055,0x11...ca3a,https://bscscan.com/tx/0xc0987d7ff4b2c9e7e6aaf6039cca787d821c025791800b5c1ed98f84dd3ed336
2023-03-25 20:23:02,False,3.54e-05,1.104e-08,4292.88,4.74e-05,0x11...ca3a,https://bscscan.com/tx/0xc0987d7ff4b2c9e7e6aaf6039cca787d821c025791800b5c1ed98f84dd3ed336
2023-03-25 20:22:44,True,3.54e-05,1.109e-08,475520.0,0.0527,0x20...f960,https://bscscan.com/tx/0x5f233621324a219d89d32f1292c53ff306850466bbf304c6f0858635645aebb4
2023-03-25 20:22:20,False,3.54e-05,1.104e-08,1111093.0,0.1226,0x78...f17f,https://bscscan.com/tx/0x678f6a204b2bca4be9ab9a385af596ee2fd6415566a0897193002a87709bb5b9
2023-03-25 20:22:20,False,3.54e-05,1.104e-08,7671.4,8.471e-05,0x78...f17f,https://bscscan.com/tx/0x678f6a204b2bca4be9ab9a385af596ee2fd6415566a0897193002a87709bb5b9
2023-03-25 20:21:11,True,3.558e-05,1.109e-08,2160503.0,0.2397,0x3e...06fe,https://bscscan.com/tx/0x22d13f729a6f2cbc4438f3e8bbb9157c01966a03535f49493c60a8ae7283010d
2023-03-25 20:21:02,True,3.558e-05,1.109e-08,23767.8,0.0026,0x64...a90d,https://bscscan.com/tx/0x9c0caaac79c66b1fc5cb447a2f1fcda69a12847acd7b563116ad9409d7c064f0
2023-03-25 20:18:41,True,3.56e-05,1.109e-08,10813.3,0.0012,0x1f...71d6,https://bscscan.com/tx/0xf645edb38c687fc76ce1ea86f20ae2ca295267514f779f968505933dff209150
2023-03-25 20:18:26,False,3.544e-05,1.104e-08,644235.0,0.0711,0x36...c84f,https://bscscan.com/tx/0x1b336412488c7dd8ea4af7973c43f66f4bdc310a9e41cecd243a144a74117397
2023-03-25 20:18:26,False,3.544e-05,1.104e-08,22507.0,0.0024,0x36...c84f,https://bscscan.com/tx/0x1b336412488c7dd8ea4af7973c43f66f4bdc310a9e41cecd243a144a74117397
2023-03-25 20:15:20,True,3.543e-05,1.109e-08,72738.8,0.008,0xb3...b246,https://bscscan.com/tx/0x46489263fc57d4cc53a7dc90f14a67715d1876b634e0c5635fab8e9ffc27399a
2023-03-25 20:14:44,True,3.543e-05,1.109e-08,235047.0,0.026,0x95...208e,https://bscscan.com/tx/0x3fe22b8e4daa410e57119bad50e7b218319c5284a5f3ea11016c0aa04b4e3960
2023-03-25 20:13:05,True,3.56e-05,1.109e-08,8405.46,9.327e-05,0x4c...fa9c,https://bscscan.com/tx/0x1098f84393f3aeb2799e19b66ee9ef31095bdf7879385d05db6d0e7264d5b2f9
2023-03-25 20:11:26,True,3.541e-05,1.109e-08,359365.0,0.0398,0x82...646f,https://bscscan.com/tx/0x9d256e853928eef71fba683af2cacfd1f5ffce93815b40904d4dcb6a9b18e789
2023-03-25 20:07:59,True,3.56e-05,1.109e-08,192.031,2.131e-06,0xb3...b246,https://bscscan.com/tx/0xdacabc346ed99c9753affc34b5034cf4905bffb19d821d7210209ee3ce74384e
2023-03-25 20:07:17,False,3.543e-05,1.104e-08,831652.0,0.0918,0x32...0fc3,https://bscscan.com/tx/0x343c2be7c486ac41e7d41a6a27fdf6247795199624f5b3492e964e20e0342ea1
2023-03-25 20:07:17,False,3.543e-05,1.104e-08,363.736,4.016e-06,0x32...0fc3,https://bscscan.com/tx/0x343c2be7c486ac41e7d41a6a27fdf6247795199624f5b3492e964e20e0342ea1
2023-03-25 20:04:47,False,3.525e-05,1.104e-08,134313.0,0.0148,0x7a...2492,https://bscscan.com/tx/0x7420b72df6f02793a4b064d12a6179601080ccf670ff0cff6747f94f3e1ecde1
2023-03-25 20:04:47,False,3.525e-05,1.104e-08,245195.0,0.027,0x7a...2492,https://bscscan.com/tx/0x7420b72df6f02793a4b064d12a6179601080ccf670ff0cff6747f94f3e1ecde1
2023-03-25 20:04:41,True,3.543e-05,1.109e-08,540653.0,0.06,0xf3...750e,https://bscscan.com/tx/0x06b331a4a2c7583b2d3e7e1116726afd1e6f0d6e2300529c52dfe98d1c16408a
2023-03-25 20:04:38,False,3.529e-05,1.105e-08,90001331.0,9.9491,0x07...7e84,https://bscscan.com/tx/0x94ad118332567f3caee8358f44e936a15ea98c7e6cf2c4fbb5013263a437ff4d
2023-03-25 20:04:38,False,3.533e-05,1.106e-08,74845.0,0.0082,0x07...7e84,https://bscscan.com/tx/0x94ad118332567f3caee8358f44e936a15ea98c7e6cf2c4fbb5013263a437ff4d
2023-03-25 20:04:26,False,3.552e-05,1.107e-08,27637208.0,3.05954,0x71...0f5e,https://bscscan.com/tx/0x738268c4dbde358fab9c1f065898f51b98320be7c435057a91988d9c65596d63
2023-03-25 20:04:26,False,3.553e-05,1.107e-08,734.77,8.136e-06,0x71...0f5e,https://bscscan.com/tx/0x738268c4dbde358fab9c1f065898f51b98320be7c435057a91988d9c65596d63
2023-03-25 20:01:35,False,3.566e-05,1.107e-08,271321.0,0.03,0xe3...fe98,https://bscscan.com/tx/0x02e6175fd30d1cf13d7f9873325cc2e06f1a10ffa8243f5fa3547f3451d42f97
2023-03-25 20:01:35,False,3.566e-05,1.107e-08,4968.98,5.502e-05,0xe3...fe98,https://bscscan.com/tx/0x02e6175fd30d1cf13d7f9873325cc2e06f1a10ffa8243f5fa3547f3451d42f97
2023-03-25 20:00:08,False,3.573e-05,1.107e-08,1834841.0,0.2032,0xd1...b5bd,https://bscscan.com/tx/0x4108ee7b7202771fb6d1f0aa2e9476101f0f9d5e9321b53058a26860fc5545b6
2023-03-25 20:00:08,False,3.573e-05,1.107e-08,29700.0,0.0032,0xd1...b5bd,https://bscscan.com/tx/0x4108ee7b7202771fb6d1f0aa2e9476101f0f9d5e9321b53058a26860fc5545b6
2023-03-25 19:59:41,False,3.573e-05,1.107e-08,10967000.0,1.21472,0x4d...ff63,https://bscscan.com/tx/0x0dad42761a13209652f5b19e020cbd37b9a97f96a7113e4b583210a37c2a6e45
2023-03-25 19:59:41,False,3.574e-05,1.107e-08,29222.2,0.0032,0x4d...ff63,https://bscscan.com/tx/0x0dad42761a13209652f5b19e020cbd37b9a97f96a7113e4b583210a37c2a6e45
2023-03-25 19:58:59,True,3.593e-05,1.113e-08,628751.0,0.07,0x9a...ebbe,https://bscscan.com/tx/0x3730e89a4329ace99cdd1cbd67d7a8404a0dcac54e601666d606cccc52caa65d
2023-03-25 19:57:44,False,3.555e-05,1.107e-08,10163706.0,1.12603,0x85...2c26,https://bscscan.com/tx/0x7a3d5806dc9bbcc939d3497baa6895e41667b9cd7c35ee018ca653e7d03ca51f
2023-03-25 19:57:44,False,3.555e-05,1.108e-08,2141.12,2.372e-05,0x85...2c26,https://bscscan.com/tx/0x7a3d5806dc9bbcc939d3497baa6895e41667b9cd7c35ee018ca653e7d03ca51f
2023-03-25 19:54:15,False,3.571e-05,1.108e-08,790630.0,0.0876,0xf4...8302,https://bscscan.com/tx/0xdb78287ac661c5c68392c8f4fea62b0d0ed9e1a1bb8f3f31c5697237f97adf86
2023-03-25 19:54:15,False,3.571e-05,1.108e-08,134.215,1.487e-06,0xf4...8302,https://bscscan.com/tx/0xdb78287ac661c5c68392c8f4fea62b0d0ed9e1a1bb8f3f31c5697237f97adf86
2023-03-25 19:53:42,False,3.572e-05,1.108e-08,49560.0,0.0054,0x2f...c05e,https://bscscan.com/tx/0xabd03a8110a261e0891387b22706351471541d32314378d61b98097040ce919d
2023-03-25 19:53:42,False,3.572e-05,1.108e-08,27049.7,0.003,0x2f...c05e,https://bscscan.com/tx/0xabd03a8110a261e0891387b22706351471541d32314378d61b98097040ce919d
2023-03-25 19:53:33,False,3.574e-05,1.108e-08,9988356.0,1.1069,0x7d...55d2,https://bscscan.com/tx/0x5016b253eb6a325f51c12834f0443221c7fd9bacb974d712de295f7ca3d71045
2023-03-25 19:53:33,False,3.574e-05,1.108e-08,5544.48,6.145e-05,0x7d...55d2,https://bscscan.com/tx/0x5016b253eb6a325f51c12834f0443221c7fd9bacb974d712de295f7ca3d71045
2023-03-25 19:53:30,False,3.574e-05,1.108e-08,2047352.0,0.2269,0x3e...06fe,https://bscscan.com/tx/0x5aa62054f7e7b45eef094882a37c37b7bdbff6246dd3e6ef2ab6b9e929e4b72b
2023-03-25 19:53:30,False,3.574e-05,1.108e-08,124855.0,0.0138,0x3e...06fe,https://bscscan.com/tx/0x5aa62054f7e7b45eef094882a37c37b7bdbff6246dd3e6ef2ab6b9e929e4b72b
2023-03-25 19:50:03,True,3.585e-05,1.113e-08,107726.0,0.012,0x5a...5e52,https://bscscan.com/tx/0x9907441a5ac7b21334507b11ee7d203d72a7eeb16b074092ba08d1b28452f3a5
2023-03-25 19:49:30,True,3.603e-05,1.113e-08,1034985.0,0.1152,0xce...d5f9,https://bscscan.com/tx/0x044f13a32c394eca4b0775f90ad88f4bf4f4b80d1084a90316e81c233a2165d0
2023-03-25 19:47:36,False,3.587e-05,1.108e-08,44964701.0,4.98641,0x0f...9444,https://bscscan.com/tx/0xf3aa8d80a9f55e3b51f3142225a8d7d47c93799e928ac72332fbed90de80834b
2023-03-25 19:47:36,False,3.589e-05,1.109e-08,37459.0,0.0041,0x0f...9444,https://bscscan.com/tx/0xf3aa8d80a9f55e3b51f3142225a8d7d47c93799e928ac72332fbed90de80834b
2023-03-25 19:38:42,True,3.589e-05,1.114e-08,13773700.0,1.5357,0xfc...c55a,https://bscscan.com/tx/0xe6e8526e6f342408049df48f9ef34ec7cef1aa55c030d29f9e06aa1527842756
2023-03-25 19:35:12,False,3.576e-05,1.109e-08,99700.0,0.011,0xf1...19e8,https://bscscan.com/tx/0x29b7b7cf2e6bd2d845bb8df279ae97d94758367c66776cd6a5a1ad420b7c59b9
2023-03-25 19:35:12,False,3.576e-05,1.109e-08,2756.07,3.057e-05,0xf1...19e8,https://bscscan.com/tx/0x29b7b7cf2e6bd2d845bb8df279ae97d94758367c66776cd6a5a1ad420b7c59b9
2023-03-25 19:34:06,False,3.594e-05,1.109e-08,1017704.0,0.1128,0xec...7f00,https://bscscan.com/tx/0xf974dc064550fc06e7cbfde06106f4a09656102c20c2d1a1223cc9514d9f2dd0
2023-03-25 19:34:06,False,3.594e-05,1.109e-08,13558.9,0.0015,0xec...7f00,https://bscscan.com/tx/0xf974dc064550fc06e7cbfde06106f4a09656102c20c2d1a1223cc9514d9f2dd0
2023-03-25 19:33:33,False,3.594e-05,1.109e-08,5006751.0,0.5554,0x6b...9f5d,https://bscscan.com/tx/0xb337ac4bbed0442bb50e6390fa12a8ac72e63218e30e4f22005bf909a17eee5d
2023-03-25 19:33:33,False,3.594e-05,1.109e-08,35751.7,0.0039,0x6b...9f5d,https://bscscan.com/tx/0xb337ac4bbed0442bb50e6390fa12a8ac72e63218e30e4f22005bf909a17eee5d
2023-03-25 19:31:21,True,3.594e-05,1.114e-08,7026481.0,0.7833,0xfa...b991,https://bscscan.com/tx/0x499582d3d7e1c28ed527a41a839e752dbf6d44e4949303474722b5333ad10a5d
2023-03-25 19:30:30,True,3.594e-05,1.114e-08,2191946.0,0.2443,0x6a...6a5a,https://bscscan.com/tx/0x53a1ad3d69336043bad8e72db25990b24cb8f226da7ad184ce4ec20a4ca04337
2023-03-25 19:24:24,True,3.612e-05,1.114e-08,410000.0,0.0457,0x52...8bf1,https://bscscan.com/tx/0x5cd11899ed116ebb92250f792bebe74cead570b3d7bc443269c585df18a161d5
2023-03-25 19:23:36,True,3.612e-05,1.114e-08,842101.0,0.0938,0xae...e387,https://bscscan.com/tx/0xe8f0d98686394a7d40a29d23d18256c9f956c4e120dd5ece108e1713baadcf7a
2023-03-25 19:20:45,False,3.594e-05,1.109e-08,2762524.0,0.3064,0x3c...bb3b,https://bscscan.com/tx/0x0474a88d0301eb3ee4c2334a9c02d2f29148000b14824ecf5b2e3324648e6664
2023-03-25 19:20:45,False,3.594e-05,1.109e-08,2137.87,2.371e-05,0x3c...bb3b,https://bscscan.com/tx/0x0474a88d0301eb3ee4c2334a9c02d2f29148000b14824ecf5b2e3324648e6664
2023-03-25 19:19:39,True,3.612e-05,1.114e-08,732476.0,0.0816,0x43...e2e5,https://bscscan.com/tx/0x58929393234da17238e32a0aa336c6de7944147b227dd3da04ea3e83b03041bb
2023-03-25 19:14:13,False,3.576e-05,1.109e-08,59149.1,0.0065,0xf4...e09d,https://bscscan.com/tx/0x83b19c098c40296ad2adf069093a81a06b91479598f69693b611f6f80b4c9f86
2023-03-25 19:14:13,False,3.576e-05,1.109e-08,14641.7,0.0016,0xf4...e09d,https://bscscan.com/tx/0x83b19c098c40296ad2adf069093a81a06b91479598f69693b611f6f80b4c9f86
2023-03-25 19:07:29,True,3.61e-05,1.114e-08,5152340.0,0.5743,0x7d...1734,https://bscscan.com/tx/0x8489a91f5de9599717c558c4540a9ecd14ba08f29cb583aa432b030f52cd17b7
2023-03-25 19:03:30,False,3.573e-05,1.109e-08,269701.0,0.0299,0x54...2b70,https://bscscan.com/tx/0xcd6ee4d30756113535d513fc985e817f02efc2e04219fdf646bb9b8155b132dc
2023-03-25 19:03:30,False,3.573e-05,1.109e-08,12181.7,0.0013,0x54...2b70,https://bscscan.com/tx/0xcd6ee4d30756113535d513fc985e817f02efc2e04219fdf646bb9b8155b132dc
2023-03-25 19:03:06,True,3.61e-05,1.114e-08,168085.0,0.0187,0xa2...35dd,https://bscscan.com/tx/0x66268ae6273df7ea2feecd625bcebecf38a71c868e179462c569437cfe6527fa
2023-03-25 19:02:15,False,3.573e-05,1.109e-08,4330619.0,0.4802,0x57...a4db,https://bscscan.com/tx/0x00c91fcace042b8d917245bdea5f17d7e2d9e8016c094d597c56282281c9b3b9
2023-03-25 19:02:15,False,3.574e-05,1.109e-08,33768.5,0.0037,0x57...a4db,https://bscscan.com/tx/0x00c91fcace042b8d917245bdea5f17d7e2d9e8016c094d597c56282281c9b3b9
2023-03-25 19:01:15,True,3.591e-05,1.114e-08,31000.0,0.0034,0xf7...b0f0,https://bscscan.com/tx/0x61847babf0536f4d098720841f96c112c150ff855b9134815271b1a85e9f98e2
2023-03-25 18:59:33,True,3.612e-05,1.115e-08,1333250.0,0.1486,0x4e...a746,https://bscscan.com/tx/0xaf186d342fdbee8405476ecc67be71c6ac309cf1e94eda9be2b77dad7ab0632d
2023-03-25 18:59:12,True,3.591e-05,1.114e-08,9935609.0,1.10734,0x98...3a03,https://bscscan.com/tx/0x194b6b65d679b730f2fb8da8372b654bf3f3ba5bbcd576a671168a5eda53bb57
2023-03-25 18:54:27,True,3.589e-05,1.114e-08,1046980.0,0.1166,0xea...b46a,https://bscscan.com/tx/0xdc46c346e4e8e72ced85b3eea90e1888b88bd0f6d64346f5cc91b31808bd3520
2023-03-25 18:52:00,True,3.609e-05,1.114e-08,63829.4,0.0071,0xd9...d074,https://bscscan.com/tx/0xec82f38131658b7427cf1b058462e270c2463d8a78a6762815ceb60335f45d75
2023-03-25 18:51:30,False,3.591e-05,1.108e-08,95899.6,0.0106,0x74...e6a3,https://bscscan.com/tx/0x691ea3899e9e0dad02a52c0043128201026beed74964088320fabfc48a4d0431
2023-03-25 18:51:30,False,3.591e-05,1.108e-08,169.7,1.881e-06,0x74...e6a3,https://bscscan.com/tx/0x691ea3899e9e0dad02a52c0043128201026beed74964088320fabfc48a4d0431
2023-03-25 18:50:15,False,3.59e-05,1.108e-08,62663.2,0.0069,0xe1...1162,https://bscscan.com/tx/0xe42e94004213383291250b57728076a333f33460edf24f237a57fcd5ec9a036a
2023-03-25 18:50:15,False,3.59e-05,1.108e-08,339.399,3.763e-06,0xe1...1162,https://bscscan.com/tx/0xe42e94004213383291250b57728076a333f33460edf24f237a57fcd5ec9a036a
2023-03-25 18:49:15,False,3.59e-05,1.108e-08,125326.0,0.0139,0xe1...1162,https://bscscan.com/tx/0x4e2c19ef7544c3ab26ac22786f7b1b55e13da338db8c01f279c0903f67047ba0
2023-03-25 18:49:15,False,3.59e-05,1.108e-08,169.7,1.881e-06,0xe1...1162,https://bscscan.com/tx/0x4e2c19ef7544c3ab26ac22786f7b1b55e13da338db8c01f279c0903f67047ba0
2023-03-25 18:48:03,False,3.591e-05,1.108e-08,62663.2,0.0069,0xe1...1162,https://bscscan.com/tx/0xf412dad9ce03fd4655d7b8882fefa29e9de93b2ab14f80ba8702e621c2949d8e
2023-03-25 18:48:03,False,3.591e-05,1.108e-08,226.266,2.508e-06,0xe1...1162,https://bscscan.com/tx/0xf412dad9ce03fd4655d7b8882fefa29e9de93b2ab14f80ba8702e621c2949d8e
2023-03-25 18:46:57,False,3.589e-05,1.108e-08,83550.9,0.0092,0xe1...1162,https://bscscan.com/tx/0x992903a45e994935ee30d5757cae2bdebb72f557fa99a884fe6ca50cd6ebf232
2023-03-25 18:46:57,False,3.59e-05,1.108e-08,3368.37,3.734e-05,0xe1...1162,https://bscscan.com/tx/0x992903a45e994935ee30d5757cae2bdebb72f557fa99a884fe6ca50cd6ebf232
2023-03-25 18:46:18,False,3.59e-05,1.108e-08,1243801.0,0.1379,0xff...c1e8,https://bscscan.com/tx/0x437b7998a6f1be9190868591ec6d8b9544e4b147abf6406c0578d99e114016de
2023-03-25 18:46:18,False,3.59e-05,1.108e-08,1721.26,1.908e-05,0xff...c1e8,https://bscscan.com/tx/0x437b7998a6f1be9190868591ec6d8b9544e4b147abf6406c0578d99e114016de
2023-03-25 18:45:47,True,3.608e-05,1.114e-08,288460.0,0.0321,0xe8...daa2,https://bscscan.com/tx/0x252aed2aa7c421610e30b87baa0945eaf392e1a978e44f619fea487a257d2394
2023-03-25 18:42:20,False,3.59e-05,1.108e-08,111401.0,0.0123,0xe1...1162,https://bscscan.com/tx/0x2d3506d06bcdbdf2c92bbe9a82c00a0bab4bad8654ff86a293890c571996ca96
2023-03-25 18:42:20,False,3.59e-05,1.108e-08,70240.0,0.0077,0xe1...1162,https://bscscan.com/tx/0x2d3506d06bcdbdf2c92bbe9a82c00a0bab4bad8654ff86a293890c571996ca96
2023-03-25 18:41:05,False,3.591e-05,1.109e-08,25551339.0,2.83408,0xbc...0072,https://bscscan.com/tx/0x5ccdca8f1785af6df24ccc09171207b35a03d0f97d0b30ac42e8e0d612aad9f3
2023-03-25 18:41:05,False,3.592e-05,1.109e-08,9082.58,0.001,0xbc...0072,https://bscscan.com/tx/0x5ccdca8f1785af6df24ccc09171207b35a03d0f97d0b30ac42e8e0d612aad9f3
2023-03-25 18:40:50,True,3.61e-05,1.115e-08,173272.0,0.0193,0xa5...833f,https://bscscan.com/tx/0x79b694e38288c9aeac9b98f06262ff6bbbc7a7fa4174c68236dca7a6f06e49fa
2023-03-25 18:40:05,True,3.611e-05,1.115e-08,2511101.0,0.28,0x62...0502,https://bscscan.com/tx/0xe633e0de0cb7c1ebaecd605d061938ab08e687ee4584fdbd57d041a42f9a6725
2023-03-25 18:38:35,True,3.611e-05,1.115e-08,71748.0,0.008,0x4a...1045,https://bscscan.com/tx/0x1bb9337a26b2bb99f56f16a665040f6efb937fedb3e4c96aa1ef6d91afcce6e6
2023-03-25 18:37:41,False,3.593e-05,1.109e-08,254070.0,0.0281,0xe9...aef6,https://bscscan.com/tx/0x9449a15609c53b40b1688e0d23ee98aef290b44bd408416be9b7384fdad930e8
2023-03-25 18:37:41,False,3.593e-05,1.109e-08,12268.2,0.0013,0xe9...aef6,https://bscscan.com/tx/0x9449a15609c53b40b1688e0d23ee98aef290b44bd408416be9b7384fdad930e8
2023-03-25 18:35:29,True,3.593e-05,1.114e-08,4394780.0,0.49,0xc4...d30c,https://bscscan.com/tx/0xef608eccd8a2956dd51cc74d713298a4e403f02dbecc7271b4abf04575e61c8e
2023-03-25 18:34:56,False,3.593e-05,1.109e-08,148535.0,0.0164,0xe1...1162,https://bscscan.com/tx/0xf64dd633b69fb30ee98e72f3798d46cf729cf353af81af6802daf9960f2b8b50
2023-03-25 18:34:56,False,3.593e-05,1.109e-08,2751.02,3.051e-05,0xe1...1162,https://bscscan.com/tx/0xf64dd633b69fb30ee98e72f3798d46cf729cf353af81af6802daf9960f2b8b50
2023-03-25 18:34:38,False,3.593e-05,1.109e-08,1015841.0,0.1126,0xd4...86bd,https://bscscan.com/tx/0xd5b7773b6efbedafccb459a25d1bc016837dcdc5e5a667a23b09b6de268fa62e
2023-03-25 18:34:38,False,3.593e-05,1.109e-08,2944.95,3.267e-05,0xd4...86bd,https://bscscan.com/tx/0xd5b7773b6efbedafccb459a25d1bc016837dcdc5e5a667a23b09b6de268fa62e
2023-03-25 18:33:26,True,3.611e-05,1.114e-08,448461.0,0.05,0x3d...1845,https://bscscan.com/tx/0x474c7baefcaf7eee7243bd490e2e780734e42e1ec52217299b00e4d354684abe
2023-03-25 18:29:02,False,3.595e-05,1.109e-08,501829.0,0.0556,0xf7...ca3d,https://bscscan.com/tx/0xa32488b7c58c5b722c3265c820ea5537aaa05a19ca2555b7081cf28b4d9f2763
2023-03-25 18:29:02,False,3.595e-05,1.109e-08,1456.58,1.615e-05,0xf7...ca3d,https://bscscan.com/tx/0xa32488b7c58c5b722c3265c820ea5537aaa05a19ca2555b7081cf28b4d9f2763
2023-03-25 18:25:49,False,3.6e-05,1.109e-08,537855.0,0.0596,0xe8...af8f,https://bscscan.com/tx/0x8ae22ccdef5c74eb5001e5d58d7aca9c397408de0be9451cb652c79fa955c08e
2023-03-25 18:25:49,False,3.6e-05,1.109e-08,26407.2,0.0029,0xe8...af8f,https://bscscan.com/tx/0x8ae22ccdef5c74eb5001e5d58d7aca9c397408de0be9451cb652c79fa955c08e
2023-03-25 18:24:28,False,3.582e-05,1.109e-08,9751088.0,1.0819,0xbe...97a2,https://bscscan.com/tx/0xd5e60b0f84b3fb59ef2406169e3475dc62706aeec9876e3d15f1c8ab43236a97
2023-03-25 18:24:28,False,3.583e-05,1.109e-08,99866.3,0.011,0xbe...97a2,https://bscscan.com/tx/0xd5e60b0f84b3fb59ef2406169e3475dc62706aeec9876e3d15f1c8ab43236a97
2023-03-25 18:23:56,True,3.619e-05,1.115e-08,5380473.0,0.6,0x22...6a94,https://bscscan.com/tx/0xce5aa4df9367dc10733c1382816d0522f55a005b98587fec69f8d9f3dd06dd76
2023-03-25 18:21:19,True,3.6e-05,1.115e-08,266053.0,0.0296,0xf9...8ca9,https://bscscan.com/tx/0xead4981e9c4bb796194ad5e3b1d4a5f7a51233100b94e0906687f764aa34df64
2023-03-25 18:21:16,True,3.6e-05,1.115e-08,567100.0,0.0632,0xf5...dd68,https://bscscan.com/tx/0x0149d06fa958922decedaf06c18d4b70927351822f3b65c4de5a7540b3ad9f2f
2023-03-25 18:20:58,True,3.6e-05,1.114e-08,18028065.0,2.00977,0xcc...0331,https://bscscan.com/tx/0x75eb1daab64393427e7389f01e0968fe87e345677a028f03a0167320cbb0962a
2023-03-25 18:19:28,True,3.596e-05,1.114e-08,521355.0,0.0581,0xfd...b4e1,https://bscscan.com/tx/0xeb2c4c370ddae3c3640ada9c447c2c8c33d7af9423a44c8e60a8b57349616b37
2023-03-25 18:13:55,False,3.598e-05,1.109e-08,12187804.0,1.3518,0xdb...5205,https://bscscan.com/tx/0xe6dc356a40c0c9228546fdc0ef8d137bd25a1cf5985c9b53592dbd7d07ae3f63
2023-03-25 18:13:55,False,3.598e-05,1.109e-08,218093.0,0.0241,0xdb...5205,https://bscscan.com/tx/0xe6dc356a40c0c9228546fdc0ef8d137bd25a1cf5985c9b53592dbd7d07ae3f63
2023-03-25 18:13:04,False,3.583e-05,1.11e-08,80532895.0,8.94245,0xba...0379,https://bscscan.com/tx/0x59eaa4c565a459ee09da2b9094335307793eb87e1f5696fd4266f15932dbd34f
2023-03-25 18:13:04,False,3.586e-05,1.111e-08,31759.7,0.0035,0xba...0379,https://bscscan.com/tx/0x59eaa4c565a459ee09da2b9094335307793eb87e1f5696fd4266f15932dbd34f
2023-03-25 18:12:52,True,3.604e-05,1.117e-08,204313.0,0.0228,0xaf...0e98,https://bscscan.com/tx/0x4334fdc76adc7e9bf53ffdadc5245dce8173d6125f062fd988b36fd155c22226
2023-03-25 18:12:28,True,3.622e-05,1.117e-08,1648194.0,0.1841,0x0c...2869,https://bscscan.com/tx/0x5056e3b1d9f72ab8f8ae552ade38ce8fb4b7271669dd5710bf17f965c4e1c655
2023-03-25 18:11:52,True,3.603e-05,1.117e-08,146542.0,0.0163,0xed...dfdd,https://bscscan.com/tx/0x71b05d1e9f48abae29b05e01786f73f86ad2efaf7e2ec405b47b861cdea39cd8
2023-03-25 18:11:13,True,3.621e-05,1.117e-08,129500.0,0.0144,0x48...8b52,https://bscscan.com/tx/0x7f132ac2b0d079e4c5d0d6fd6d6a08d48d95d8baa8cb40f0636855d58b5666d7
2023-03-25 18:10:55,True,3.603e-05,1.116e-08,2455260.0,0.2742,0xea...06e1,https://bscscan.com/tx/0xfbdb742b9a7edef3f31cd4d7f130bcf0104c7097bf03775af088781061f99878
2023-03-25 18:04:02,False,3.61e-05,1.111e-08,7157522.0,0.7955,0x57...f8b5,https://bscscan.com/tx/0x3dcf3c5fd8b9ebd0ae45634f51108477d76a0c94643a2b640fc600bf62f8e02c
2023-03-25 18:04:02,False,3.61e-05,1.111e-08,785.7,8.733e-06,0x57...f8b5,https://bscscan.com/tx/0x3dcf3c5fd8b9ebd0ae45634f51108477d76a0c94643a2b640fc600bf62f8e02c
2023-03-25 18:03:44,False,3.61e-05,1.111e-08,290127.0,0.0322,0x64...1f96,https://bscscan.com/tx/0x3eb99cf8c6eae3c55cf55e5835f2b2ec2b15ae40dde54c407831280c6d5a99b8
2023-03-25 18:03:44,False,3.61e-05,1.111e-08,4825.33,5.363e-05,0x64...1f96,https://bscscan.com/tx/0x3eb99cf8c6eae3c55cf55e5835f2b2ec2b15ae40dde54c407831280c6d5a99b8
2023-03-25 18:00:34,True,3.61e-05,1.117e-08,887534.0,0.0991,0xae...b2fa,https://bscscan.com/tx/0x19f06091b709aa7437c0d9d450bfdf7030b308f33356e113981e3131f250dd63
2023-03-25 18:00:16,False,3.61e-05,1.111e-08,896926.0,0.0997,0x06...edbd,https://bscscan.com/tx/0x4854b12f9668acb75280b2de52f26cb1891c787c64397b201f03b02cfc74b653
2023-03-25 18:00:16,False,3.61e-05,1.111e-08,1943.15,2.159e-05,0x06...edbd,https://bscscan.com/tx/0x4854b12f9668acb75280b2de52f26cb1891c787c64397b201f03b02cfc74b653
2023-03-25 17:56:16,False,3.594e-05,1.111e-08,717527.0,0.0797,0x06...edbd,https://bscscan.com/tx/0x1981f3342c9cd7b2bd48e50b84fbb57ad6a582f99f422c70b3035dbbeb7e42c0
2023-03-25 17:56:16,False,3.594e-05,1.111e-08,4548.95,5.056e-05,0x06...edbd,https://bscscan.com/tx/0x1981f3342c9cd7b2bd48e50b84fbb57ad6a582f99f422c70b3035dbbeb7e42c0
2023-03-25 17:55:01,True,3.612e-05,1.117e-08,134266.0,0.015,0xfe...6013,https://bscscan.com/tx/0x802ca5d0cf7a166b1b0eea2aa3fb301fd18055375a0f53610cce8c4336fe3468
2023-03-25 17:54:34,False,3.612e-05,1.111e-08,1545877.0,0.1718,0xf3...504f,https://bscscan.com/tx/0xba1a8a131aa14a0a77a5716907920063a921e5604bf5123881f530f25f6715dc
2023-03-25 17:54:34,False,3.612e-05,1.111e-08,33910.0,0.0037,0xf3...504f,https://bscscan.com/tx/0xba1a8a131aa14a0a77a5716907920063a921e5604bf5123881f530f25f6715dc
2023-03-25 17:50:46,True,3.612e-05,1.117e-08,352365.0,0.0393,0x6a...8124,https://bscscan.com/tx/0x6bd5176d1bb7ca561ef1fa0fb5c1044c10bb37e6b78ed2dd6339e9f861616cca
2023-03-25 17:48:58,True,3.613e-05,1.117e-08,10190331.0,1.13834,0x26...9e5c,https://bscscan.com/tx/0x6ef0c478e1287fdb05894c7d7304bd6df08316e2472c32d86925c3a256d0ef30
2023-03-25 17:48:07,True,3.631e-05,1.116e-08,1783527.0,0.1992,0xf0...5b89,https://bscscan.com/tx/0x85971bd7ce769b3e021ea068c5cfc5929fd726f6fc18e54f1b77f6ee0e25a170
2023-03-25 17:46:16,False,3.613e-05,1.111e-08,232354.0,0.0258,0x43...a742,https://bscscan.com/tx/0x883037360b704b7e50194c8b77244eb5a6d02cec61965599e4f0491fbfda4132
2023-03-25 17:46:16,False,3.613e-05,1.111e-08,14006.5,0.0015,0x43...a742,https://bscscan.com/tx/0x883037360b704b7e50194c8b77244eb5a6d02cec61965599e4f0491fbfda4132
2023-03-25 17:44:10,False,3.613e-05,1.111e-08,4985000.0,0.554,0x62...4471,https://bscscan.com/tx/0xd6a86b7e61a27dd4ef26e739e9fd0b750a9cb06b97b049a856f853ae7cdd91e2
2023-03-25 17:44:10,False,3.613e-05,1.111e-08,5461.11,6.069e-05,0x62...4471,https://bscscan.com/tx/0xd6a86b7e61a27dd4ef26e739e9fd0b750a9cb06b97b049a856f853ae7cdd91e2
2023-03-25 17:42:34,False,3.596e-05,1.111e-08,1990012.0,0.2211,0x12...86db,https://bscscan.com/tx/0x76c567bc684c13746ac7abbd54d1c95df5d199c435f117b9c521a2a59ef48968
2023-03-25 17:42:34,False,3.596e-05,1.111e-08,2700.0,3.001e-05,0x12...86db,https://bscscan.com/tx/0x76c567bc684c13746ac7abbd54d1c95df5d199c435f117b9c521a2a59ef48968
2023-03-25 17:40:34,False,3.614e-05,1.111e-08,997000.0,0.1108,0x54...1dec,https://bscscan.com/tx/0x3858b708520236de7c89ae03bed6690c93043124c789db2c18e0e56205a968d1
2023-03-25 17:40:34,False,3.614e-05,1.111e-08,6480.0,7.202e-05,0x54...1dec,https://bscscan.com/tx/0x3858b708520236de7c89ae03bed6690c93043124c789db2c18e0e56205a968d1
2023-03-25 17:39:58,False,3.614e-05,1.111e-08,2392800.0,0.2659,0xa0...3d15,https://bscscan.com/tx/0x8ca11c8610a7efaf9e5739444550efecd6a1ba1a42063100993da0410895cc9e
2023-03-25 17:39:58,False,3.614e-05,1.111e-08,51098.0,0.0056,0xa0...3d15,https://bscscan.com/tx/0x8ca11c8610a7efaf9e5739444550efecd6a1ba1a42063100993da0410895cc9e
2023-03-25 17:39:16,True,3.633e-05,1.117e-08,626584.0,0.07,0xb7...876e,https://bscscan.com/tx/0x1f010f6ec5dea1b87d2b48b2e81fb597a41a26e2365e8ba83869fa2860cf6736
2023-03-25 17:39:10,False,3.616e-05,1.111e-08,18243713.0,2.02839,0x3b...e915,https://bscscan.com/tx/0x480ef97b7feb1b03ced99fe68472ab215682f24fa608815b1370795da8a4eabd
2023-03-25 17:39:10,False,3.616e-05,1.112e-08,10856.9,0.0012,0x3b...e915,https://bscscan.com/tx/0x480ef97b7feb1b03ced99fe68472ab215682f24fa608815b1370795da8a4eabd
2023-03-25 17:38:43,True,3.616e-05,1.117e-08,1521061.0,0.17,0x3c...dda4,https://bscscan.com/tx/0x9f514d08048220b7ff840dbae5426a31dee0d8307e13d1294b073f7d3de755f3
2023-03-25 17:38:40,False,3.616e-05,1.112e-08,2492502.0,0.2771,0x9b...1b3a,https://bscscan.com/tx/0x48b309dd6169dd62a2ee85f055a52ad0149d1e38969b68a4835f342ea0193bbc
2023-03-25 17:38:40,False,3.616e-05,1.112e-08,77331.2,0.0086,0x9b...1b3a,https://bscscan.com/tx/0x48b309dd6169dd62a2ee85f055a52ad0149d1e38969b68a4835f342ea0193bbc
2023-03-25 17:37:10,True,3.617e-05,1.117e-08,300000.0,0.0335,0xb7...857d,https://bscscan.com/tx/0x14f828694cc9199b3ca482523d633b086f574ac73290499a3989b16b463cc4cd
2023-03-25 17:36:31,True,3.635e-05,1.117e-08,2063841.0,0.2306,0x3e...06fe,https://bscscan.com/tx/0x042d167c2b30c30d48d05c878bb68825cd1d042942c0526398701e58f127c97c
2023-03-25 17:35:55,True,3.634e-05,1.117e-08,25956100.0,2.89999,0x8e...6246,https://bscscan.com/tx/0xe71d3f91a8cf0755233db95d23b12259caa31c38b8b92873373d35acadedcefc
2023-03-25 17:34:49,False,3.596e-05,1.111e-08,320270.0,0.0355,0x35...126b,https://bscscan.com/tx/0xc6cecdd115ce90075ed9a43eb206f4a82845287783a0e2db00a1946fa0e56bf0
2023-03-25 17:34:49,False,3.596e-05,1.111e-08,13920.2,0.0015,0x35...126b,https://bscscan.com/tx/0xc6cecdd115ce90075ed9a43eb206f4a82845287783a0e2db00a1946fa0e56bf0
2023-03-25 17:31:34,False,3.615e-05,1.111e-08,5140147.0,0.5712,0xa6...16d7,https://bscscan.com/tx/0x9b8e1ee71b9c3062cee35952f042891b2edcc42be31b8229067f61a0f8ac1afd
2023-03-25 17:31:34,False,3.615e-05,1.111e-08,35971.7,0.004,0xa6...16d7,https://bscscan.com/tx/0x9b8e1ee71b9c3062cee35952f042891b2edcc42be31b8229067f61a0f8ac1afd
2023-03-25 17:31:25,True,3.615e-05,1.117e-08,323170.0,0.0361,0x06...fdc0,https://bscscan.com/tx/0xd986572766e340c13354695916ff42e4c8b0e45b57d59b86465d434267eed196
2023-03-25 17:31:01,False,3.615e-05,1.111e-08,12960701.0,1.44078,0x0d...5cd3,https://bscscan.com/tx/0xce5dff41b69a43e18b598350ff90f7483a7db5d1a4d2df8f87ea74c80c1cfb24
2023-03-25 17:31:01,False,3.616e-05,1.111e-08,9498.64,0.001,0x0d...5cd3,https://bscscan.com/tx/0xce5dff41b69a43e18b598350ff90f7483a7db5d1a4d2df8f87ea74c80c1cfb24
2023-03-25 17:30:55,True,3.634e-05,1.117e-08,2684870.0,0.3,0x46...8936,https://bscscan.com/tx/0x66424c54ad6bae87420fa0491f0b6fb5d5f9c72e09ca36783768e2819df0edfb
2023-03-25 17:30:52,True,3.616e-05,1.117e-08,533144.0,0.0595,0x2b...0626,https://bscscan.com/tx/0xed99712626390e2c2102afed6aa477610d7401a7e3a26cfb8c1cd356c7dc9b09
2023-03-25 17:27:58,False,3.598e-05,1.111e-08,299100.0,0.0332,0x2c...6666,https://bscscan.com/tx/0xaccc3bf35cbd9abe2460cab08925fa138e4c47b67c47d6914f45137a52c04bf8
2023-03-25 17:27:58,False,3.598e-05,1.111e-08,27124.4,0.003,0x2c...6666,https://bscscan.com/tx/0xaccc3bf35cbd9abe2460cab08925fa138e4c47b67c47d6914f45137a52c04bf8
2023-03-25 17:27:58,True,3.616e-05,1.117e-08,1112719.0,0.1243,0x88...54a9,https://bscscan.com/tx/0xf34c3cb654e49cf3a7bab208c3ce9c99664fd67d2d79f494a576c3312cbf5d99
2023-03-25 17:27:22,True,3.616e-05,1.117e-08,3154995.0,0.3524,0x44...41b1,https://bscscan.com/tx/0x79073ee54f6ac1906600d0617a234c4cce6a0fb35cd19be7ce4798f566f0d38f
2023-03-25 17:27:22,True,3.615e-05,1.117e-08,700000.0,0.0782,0xd4...3496,https://bscscan.com/tx/0x530da4de700e5db36ed813b648661943e54a035c25f81d0d35412048ebdf7488
2023-03-25 17:24:37,False,3.616e-05,1.111e-08,5063110.0,0.5628,0xda...2f33,https://bscscan.com/tx/0xe246ef96b2666bdd694bb83af593a29f90b438b68745bdf9c3e7988b916444c4
2023-03-25 17:24:37,False,3.616e-05,1.111e-08,9397.67,0.001,0xda...2f33,https://bscscan.com/tx/0xe246ef96b2666bdd694bb83af593a29f90b438b68745bdf9c3e7988b916444c4
2023-03-25 17:20:01,False,3.616e-05,1.111e-08,3470178.0,0.3858,0x80...5d8f,https://bscscan.com/tx/0x265a896e146b000269d60989ae2a98db271ad8b29d7b68061f3680e5dce000a0
2023-03-25 17:20:01,False,3.616e-05,1.111e-08,18332.0,0.002,0x80...5d8f,https://bscscan.com/tx/0x265a896e146b000269d60989ae2a98db271ad8b29d7b68061f3680e5dce000a0
2023-03-25 17:16:47,False,3.614e-05,1.111e-08,6769279.0,0.7527,0x0b...b945,https://bscscan.com/tx/0x5ad3a7c529f185c1a3bc6a7807bd80acd303ed2b7bc19f27cae9568d36e530de
2023-03-25 17:16:47,False,3.615e-05,1.112e-08,4752.53,5.284e-05,0x0b...b945,https://bscscan.com/tx/0x5ad3a7c529f185c1a3bc6a7807bd80acd303ed2b7bc19f27cae9568d36e530de
2023-03-25 17:16:13,True,3.633e-05,1.117e-08,1376220.0,0.1538,0xa9...cfc7,https://bscscan.com/tx/0x40adfe45ab6707bf1b9a777774a12b08c1e9ff8559843b2da242859e9514019d
2023-03-25 17:15:52,False,3.596e-05,1.112e-08,382824.0,0.0425,0x66...6464,https://bscscan.com/tx/0x5f3b6e8f1b57bae6e9591e96822c49da2f01a0bf3401c0e992b6d7dbeddec4f2
2023-03-25 17:15:52,False,3.596e-05,1.112e-08,18268.7,0.002,0x66...6464,https://bscscan.com/tx/0x5f3b6e8f1b57bae6e9591e96822c49da2f01a0bf3401c0e992b6d7dbeddec4f2
2023-03-25 17:14:48,False,3.615e-05,1.112e-08,5484704.0,0.6099,0x60...b8fa,https://bscscan.com/tx/0x5fbff8b69434901ec3e5daa4f82578d83bd39ddde29c524924e0291cb97ba3b8
2023-03-25 17:14:48,False,3.615e-05,1.112e-08,842937.0,0.0937,0x60...b8fa,https://bscscan.com/tx/0x5fbff8b69434901ec3e5daa4f82578d83bd39ddde29c524924e0291cb97ba3b8
2023-03-25 17:14:24,True,3.629e-05,1.116e-08,100300903.0,11.197,0x9b...2220,https://bscscan.com/tx/0xa994c87af4b4726b6a2c72ccdfe44d5aa62a123fcce21452819b1cc75246c695
2023-03-25 17:14:17,True,3.62e-05,1.113e-08,100300903.0,11.1694,0x9b...2220,https://bscscan.com/tx/0x1dd2cd2d73bbbeb7f9a9b97f705c95a6901780e1c46ba10b7c701b1ca210bd97
2023-03-25 17:13:54,True,3.596e-05,1.111e-08,17965590.0,1.99773,0xcc...0331,https://bscscan.com/tx/0xb0e1791e9ed05055384043664735559f561027670df3437bf3009e1094174ad0
2023-03-25 17:13:26,True,3.595e-05,1.111e-08,15040969.0,1.67184,0x20...946b,https://bscscan.com/tx/0x14a35ce39d23437aaffc6fab5d4bc559c35dcc3d92c8d96a92d409b6b23ca057
2023-03-25 17:13:26,True,3.594e-05,1.111e-08,12771889.0,1.41914,0xaf...9dcd,https://bscscan.com/tx/0xccb2a746bfc4d8e2ad7c8f4965aa291801b0d34dc846167b072cfdf6a35a0c6f
2023-03-25 17:11:52,True,3.61e-05,1.11e-08,16253888.0,1.8054,0xcc...0331,https://bscscan.com/tx/0x7758c9bf5af83d5c92223cf23f96e3277c8ae4858a94d7848a5cca417c90237a
2023-03-25 17:11:43,False,3.592e-05,1.105e-08,18131732.0,2.00397,0x3b...e915,https://bscscan.com/tx/0x07a68f687b8a85bd60d6011f6d32762e9faeb81a57298ce1626ddb0d2c864cf3
2023-03-25 17:11:43,False,3.593e-05,1.105e-08,228.199,2.522e-06,0x3b...e915,https://bscscan.com/tx/0x07a68f687b8a85bd60d6011f6d32762e9faeb81a57298ce1626ddb0d2c864cf3
2023-03-25 17:09:01,False,3.591e-05,1.105e-08,84264.7,0.0093,0x1c...c060,https://bscscan.com/tx/0x26dd4a2eaa564b156337eeae82948d80331c0d697b04e0a69fb5ede152ab0b57
2023-03-25 17:09:01,False,3.591e-05,1.105e-08,5165.67,5.71e-05,0x1c...c060,https://bscscan.com/tx/0x26dd4a2eaa564b156337eeae82948d80331c0d697b04e0a69fb5ede152ab0b57
2023-03-25 17:05:31,True,3.589e-05,1.111e-08,916211.0,0.1017,0x00...cf55,https://bscscan.com/tx/0x823c1be0f8c167367dd2049cdae409f384443b44794857a9629c1d130c6ba33d
2023-03-25 17:05:19,False,3.589e-05,1.105e-08,994009.0,0.1098,0xe4...e731,https://bscscan.com/tx/0x076e38f157e6993451ec1e40929fbd8b32297125d39bacd14fc8d46ba0d20232
2023-03-25 17:05:19,False,3.589e-05,1.105e-08,7925.91,8.761e-05,0xe4...e731,https://bscscan.com/tx/0x076e38f157e6993451ec1e40929fbd8b32297125d39bacd14fc8d46ba0d20232
2023-03-25 17:04:25,True,3.589e-05,1.111e-08,393669.0,0.0437,0x47...5389,https://bscscan.com/tx/0x674e037bb0071e30d6001a6f8483724bfdfe33f262998188f0e39c03e9f8e420
2023-03-25 17:03:13,True,3.607e-05,1.11e-08,1663171.0,0.1847,0x47...5389,https://bscscan.com/tx/0x4aa5dcdd27a9fd8c421868bfca7a970f069d0e33c4647daa8b221dba68027c23
2023-03-25 17:03:07,False,3.589e-05,1.105e-08,876048.0,0.0968,0x84...c68a,https://bscscan.com/tx/0xb872a9cb0a3ba6444210e2e65bc3e33c1055030eecf80d9b3f0fbedb1c32a07b
2023-03-25 17:03:07,False,3.589e-05,1.105e-08,106339.0,0.0117,0x84...c68a,https://bscscan.com/tx/0xb872a9cb0a3ba6444210e2e65bc3e33c1055030eecf80d9b3f0fbedb1c32a07b
2023-03-25 17:02:25,True,3.606e-05,1.11e-08,18021149.0,2.0017,0xcc...0331,https://bscscan.com/tx/0x5073ef2820f73322d571f305f8196c787bbf702e23fec31e91c35fbabeb9603a
2023-03-25 17:01:19,True,3.605e-05,1.11e-08,97.0793,1.078e-06,0x77...2da7,https://bscscan.com/tx/0x85345d6a55f221ffe696c520f16347258cbcbdc83864d731d9f1119b327b2b19
2023-03-25 16:59:58,True,3.604e-05,1.11e-08,18024329.0,2.00117,0xcc...0331,https://bscscan.com/tx/0x41f6b56517aa6fefd457ab0c504c145ed624cd4d3228aebb810b34334c192f69
2023-03-25 16:58:10,True,3.585e-05,1.109e-08,1801820.0,0.2,0xfd...2c52,https://bscscan.com/tx/0xf61c9d6a5c54561dc29bf6617159bec31e992eab6e58fa27a6472bef87a87802
2023-03-25 16:56:19,False,3.585e-05,1.104e-08,961374.0,0.1061,0xdb...1ef5,https://bscscan.com/tx/0xb814afdd7fb11f9c0d7f9fdf0f14ac08df745871f14dd32e563046fa7ddc47e5
2023-03-25 16:56:19,False,3.585e-05,1.104e-08,954.359,1.054e-05,0xdb...1ef5,https://bscscan.com/tx/0xb814afdd7fb11f9c0d7f9fdf0f14ac08df745871f14dd32e563046fa7ddc47e5
2023-03-25 16:54:52,False,3.567e-05,1.104e-08,352406.0,0.0389,0x53...36ec,https://bscscan.com/tx/0xa652c47974de1c0950c7dd2a28ff968b6c4c1ed3486144f891f4d98f2b1c575a
2023-03-25 16:54:52,False,3.567e-05,1.104e-08,483.681,5.342e-06,0x53...36ec,https://bscscan.com/tx/0xa652c47974de1c0950c7dd2a28ff968b6c4c1ed3486144f891f4d98f2b1c575a
2023-03-25 16:53:37,False,3.567e-05,1.104e-08,178604.0,0.0197,0x44...9012,https://bscscan.com/tx/0xd344bd566159ac955c84c190538c81decd7d5ec154acac3ca13969895ab74811
2023-03-25 16:53:37,False,3.567e-05,1.104e-08,48836.6,0.0053,0x44...9012,https://bscscan.com/tx/0xd344bd566159ac955c84c190538c81decd7d5ec154acac3ca13969895ab74811
2023-03-25 16:53:34,True,3.604e-05,1.109e-08,18016019.0,1.99935,0xcc...0331,https://bscscan.com/tx/0xc26fabc2a514531928657ac8b7d48f8548d12f48812c5a2fd58d4c827a878f5e
2023-03-25 16:53:01,False,3.585e-05,1.103e-08,71403.0,0.0078,0xb1...26d1,https://bscscan.com/tx/0x250fe2e06d23f0668b24609e337c1698a5b4f22df4b4eb5a9d00282c71889acf
2023-03-25 16:53:01,False,3.585e-05,1.103e-08,162413.0,0.0179,0xb1...26d1,https://bscscan.com/tx/0x250fe2e06d23f0668b24609e337c1698a5b4f22df4b4eb5a9d00282c71889acf
2023-03-25 16:52:13,True,3.604e-05,1.109e-08,71833.3,0.0079,0xb1...26d1,https://bscscan.com/tx/0x2bb0c16ddd7a3e5ff2360aae0855a11f5e18068b34985b78ea571eb754b9edcf
2023-03-25 16:52:01,True,3.601e-05,1.108e-08,55550342.0,6.15921,0x7c...6cb0,https://bscscan.com/tx/0xd811d099d4b91f5e6d68992c0dfe811b77409efcb5fc764cebe26de02f515673
2023-03-25 16:51:43,False,3.563e-05,1.102e-08,4517022.0,0.498,0xc9...61ab,https://bscscan.com/tx/0xd0aa13ab8a581a7a1924d96a46cc322dc9bc494088741e61c029ab4b0b822fb5
2023-03-25 16:51:43,False,3.563e-05,1.102e-08,56827.2,0.0062,0xc9...61ab,https://bscscan.com/tx/0xd0aa13ab8a581a7a1924d96a46cc322dc9bc494088741e61c029ab4b0b822fb5
2023-03-25 16:51:13,True,3.598e-05,1.107e-08,18047102.0,1.99941,0xcc...0331,https://bscscan.com/tx/0xa17429abc2dd207fda088f3daf65400b2dd275a641965504a4f932827a5b3417
2023-03-25 16:50:13,False,3.562e-05,1.102e-08,2991000.0,0.3296,0x3e...076e,https://bscscan.com/tx/0xd0a182dd2512abb003bdbb54fe4554b29e9bca06d40848ceb43d0ea9f656339d
2023-03-25 16:50:13,False,3.562e-05,1.102e-08,2726.73,3.005e-05,0x3e...076e,https://bscscan.com/tx/0xd0a182dd2512abb003bdbb54fe4554b29e9bca06d40848ceb43d0ea9f656339d
2023-03-25 16:50:07,True,3.58e-05,1.107e-08,630000.0,0.0697,0x52...8bf1,https://bscscan.com/tx/0xa82392743ee73d979abc4e77fd8666bc6b2a2655415f83ee4d94ea4ffdf74971
2023-03-25 16:49:58,False,3.58e-05,1.102e-08,378762.0,0.0417,0xbe...ad4d,https://bscscan.com/tx/0xace16dca7a383e4a15dd479b16a2287e044d3b51c0434447304ae259ae8c4f10
2023-03-25 16:49:58,False,3.58e-05,1.102e-08,63631.6,0.007,0xbe...ad4d,https://bscscan.com/tx/0xace16dca7a383e4a15dd479b16a2287e044d3b51c0434447304ae259ae8c4f10
2023-03-25 16:49:49,True,3.598e-05,1.107e-08,315966.0,0.035,0x94...feb2,https://bscscan.com/tx/0x1dfadbb2c5ed49f28d2a9afe0b0ca0d68aa310e43213857f6dd4e4bd9057fbcf
2023-03-25 16:48:04,True,3.597e-05,1.107e-08,95205.7,0.0105,0x1f...71d6,https://bscscan.com/tx/0xa18901a88aa0b144fab2e91636c3492a74a3bcf620ee0bfd337592bf12ec7f79
2023-03-25 16:45:31,True,3.577e-05,1.107e-08,6156099.0,0.6818,0x57...f8b5,https://bscscan.com/tx/0x8990e7f32376989b412b7b0de65cd07e6c04c2112b7638172f3b3d069a2e08bc
2023-03-25 16:44:04,False,3.558e-05,1.102e-08,16949000.0,1.86818,0x0d...5cd3,https://bscscan.com/tx/0x40e4c48c948fd7d506e8c93777a640f640c6c8b884db419cd38ec64725256718
2023-03-25 16:44:04,False,3.558e-05,1.102e-08,15171.7,0.0016,0x0d...5cd3,https://bscscan.com/tx/0x40e4c48c948fd7d506e8c93777a640f640c6c8b884db419cd38ec64725256718
2023-03-25 16:43:37,False,3.578e-05,1.102e-08,5602293.0,0.6176,0xff...c380,https://bscscan.com/tx/0x9059ec5965de027131c675ee7e67f805dfdc0e3599c1e374fefcd7cc88de3d7a
2023-03-25 16:43:37,False,3.579e-05,1.102e-08,2700.0,2.977e-05,0xff...c380,https://bscscan.com/tx/0x9059ec5965de027131c675ee7e67f805dfdc0e3599c1e374fefcd7cc88de3d7a
2023-03-25 16:40:55,False,3.576e-05,1.102e-08,997000.0,0.1099,0x9f...d8ae,https://bscscan.com/tx/0x8c9bdd551e8716ec4231daa8b63723ab25232cafc57b7c8fff0efadc3fe8530e
2023-03-25 16:40:55,False,3.576e-05,1.102e-08,23007.1,0.0025,0x9f...d8ae,https://bscscan.com/tx/0x8c9bdd551e8716ec4231daa8b63723ab25232cafc57b7c8fff0efadc3fe8530e
2023-03-25 16:39:22,True,3.595e-05,1.108e-08,61500.0,0.0068,0xeb...3ac8,https://bscscan.com/tx/0x893fb930b6abb9e047f9311265cc26177a7beb4d82ec8b3421a48907d73ad769
2023-03-25 16:39:10,True,3.576e-05,1.108e-08,3120948.0,0.3458,0xb1...2453,https://bscscan.com/tx/0x442733de4262152af025b0e2d4b54a88c8c84d70f26c877616198797d7d78cc8
2023-03-25 16:36:34,True,3.576e-05,1.108e-08,4338717.0,0.4807,0xa6...8406,https://bscscan.com/tx/0xee730b04c34b08e4e632bcc634eb75a3bf7a4d9e6627fe67e03f6563b3ccd391
2023-03-25 16:35:43,False,3.576e-05,1.102e-08,997000.0,0.1099,0x42...6722,https://bscscan.com/tx/0x1955ed631f7feef12590856bcc1501dc1e26b74af80d450ed6bc82bf0f0ab4a7
2023-03-25 16:35:43,False,3.577e-05,1.102e-08,5388.73,5.94e-05,0x42...6722,https://bscscan.com/tx/0x1955ed631f7feef12590856bcc1501dc1e26b74af80d450ed6bc82bf0f0ab4a7
2023-03-25 16:35:31,False,3.559e-05,1.102e-08,1989840.0,0.2193,0xf0...72d3,https://bscscan.com/tx/0x4e2ec3958e01e0f36664e51dfbdf0b660ea53fea9a96bd7e0aa4c887e14a9f4b
2023-03-25 16:35:31,False,3.559e-05,1.102e-08,17920.6,0.0019,0xf0...72d3,https://bscscan.com/tx/0x4e2ec3958e01e0f36664e51dfbdf0b660ea53fea9a96bd7e0aa4c887e14a9f4b
2023-03-25 16:35:01,True,3.595e-05,1.108e-08,385885.0,0.0427,0x53...44eb,https://bscscan.com/tx/0x21286d5a67dc6986f00987645c0f99ec79c1dd73fa0e439f6d99b71455701db6
2023-03-25 16:34:43,True,3.595e-05,1.108e-08,361631.0,0.04,0x73...39f7,https://bscscan.com/tx/0x594ae6f9e94219ad26c5baaeeebdd7fdafcd821223a882ff9947da9f13145f5d
2023-03-25 16:33:34,True,3.594e-05,1.108e-08,889745.0,0.0985,0xa9...6183,https://bscscan.com/tx/0x0c4c5102def9be9c42fb057b3ea217ff7da60a1416e92d061a8d2fe8843a2e9a
2023-03-25 16:32:46,False,3.577e-05,1.102e-08,4985000.0,0.5496,0xe3...5aaa,https://bscscan.com/tx/0x464f7131b6232fb9cd68a3d6d1507ca18f8a4e72b6085c860717ec78a8e569ab
2023-03-25 16:32:46,False,3.577e-05,1.102e-08,85316.9,0.0094,0xe3...5aaa,https://bscscan.com/tx/0x464f7131b6232fb9cd68a3d6d1507ca18f8a4e72b6085c860717ec78a8e569ab
2023-03-25 16:31:01,True,3.579e-05,1.108e-08,1565696.0,0.1735,0x51...f632,https://bscscan.com/tx/0x63c6029ee88dde19ba6cfdaf22a51f13cb888175e476730f8c28e90750016514
2023-03-25 16:30:22,True,3.595e-05,1.108e-08,33162.4,0.0036,0xce...3f2b,https://bscscan.com/tx/0x31608b5dee08b00453f2aa0d94d4910bc28d7be94c57496baf014fd2756b1747
2023-03-25 16:30:16,False,3.561e-05,1.102e-08,29910000.0,3.299,0x0d...5cd3,https://bscscan.com/tx/0x6d362061240857e84af0ad973277bb3258bb5b7d027d1bf6b39f99db07c78caf
2023-03-25 16:30:16,False,3.562e-05,1.103e-08,84638.7,0.0093,0x0d...5cd3,https://bscscan.com/tx/0x6d362061240857e84af0ad973277bb3258bb5b7d027d1bf6b39f99db07c78caf
2023-03-25 16:29:28,False,3.563e-05,1.103e-08,31253627.0,3.44979,0xa7...d11f,https://bscscan.com/tx/0x8583cc5aff8e3eca4a5fa8c65cd1ddcf7ac0c76607142a5bfb01f834ddd97753
2023-03-25 16:29:28,False,3.565e-05,1.104e-08,21352.8,0.0023,0xa7...d11f,https://bscscan.com/tx/0x8583cc5aff8e3eca4a5fa8c65cd1ddcf7ac0c76607142a5bfb01f834ddd97753
2023-03-25 16:28:28,True,3.601e-05,1.109e-08,1388452.0,0.154,0x11...2e83,https://bscscan.com/tx/0xf03a5c0c1bc9f17cfdaab845b616503cbf2b790a0a4095182a27d98186aee4b3
2023-03-25 16:28:10,True,3.583e-05,1.109e-08,1775311.0,0.197,0x5b...000f,https://bscscan.com/tx/0x965563ace94fe44f2ee9703b5da85dbc4621436549d84c60e827dfdaa279836b
2023-03-25 16:27:40,True,3.6e-05,1.109e-08,2703566.0,0.3,0xe6...4f03,https://bscscan.com/tx/0xfdd33867f354bfef77e3b40012692bf0f4b2cefda8f403036bb269f34d6e3491
2023-03-25 16:26:37,False,3.564e-05,1.104e-08,2034978.0,0.2246,0x3e...06fe,https://bscscan.com/tx/0xd4deb4e9ff9f326f151399d7a9605f7c57860c341c1cc32041053efb1f960584
2023-03-25 16:26:37,False,3.564e-05,1.104e-08,6619.8,7.309e-05,0x3e...06fe,https://bscscan.com/tx/0xd4deb4e9ff9f326f151399d7a9605f7c57860c341c1cc32041053efb1f960584
2023-03-25 16:22:22,False,3.582e-05,1.104e-08,1994000.0,0.2201,0x62...7106,https://bscscan.com/tx/0x8a9b19def131af1020e9884beb8fe044220bdc8615deb508d5461da4bc5d00ba
2023-03-25 16:22:22,False,3.582e-05,1.104e-08,270.0,2.981e-06,0x62...7106,https://bscscan.com/tx/0x8a9b19def131af1020e9884beb8fe044220bdc8615deb508d5461da4bc5d00ba
2023-03-25 16:21:49,False,3.582e-05,1.104e-08,99700.0,0.011,0x43...5fe7,https://bscscan.com/tx/0x4c5a955e770c746aa222eb5c12e16b637c8d41b3856d575ca8d54a36f38be864
2023-03-25 16:21:49,False,3.583e-05,1.104e-08,122465.0,0.0135,0x43...5fe7,https://bscscan.com/tx/0x4c5a955e770c746aa222eb5c12e16b637c8d41b3856d575ca8d54a36f38be864
2023-03-25 16:20:34,True,3.6e-05,1.109e-08,555209.0,0.0616,0xcb...e05f,https://bscscan.com/tx/0xfdf9ff110ce6c2cfd4683ae5521857b6e0e7e4b65fe0f69776e38c90378fe053
2023-03-25 16:19:52,True,3.6e-05,1.109e-08,3700000.0,0.4105,0x6f...94d6,https://bscscan.com/tx/0x3b5b68a9e65207f94980cf173661a07ccc246ae9162edd652df616c1459742cf
2023-03-25 16:19:13,True,3.6e-05,1.109e-08,435218.0,0.0482,0x74...2fe1,https://bscscan.com/tx/0x9dc7169087691d66ddf6c19ed757ea0cfba3d319118258caee780bcc4b03bd03
2023-03-25 16:17:28,True,3.6e-05,1.109e-08,901228.0,0.1,0x31...3552,https://bscscan.com/tx/0xbb6fde72c84903d3d0da7eecd53937210d6bd908b024774d0eab6af152f3a82e
2023-03-25 16:14:37,True,3.581e-05,1.109e-08,18098021.0,2.00766,0xcc...0331,https://bscscan.com/tx/0xb7cf9c7e63214a6d12fb2624f53db0b3fad48b8278ab3904b62ecc6b50ec9571
2023-03-25 16:12:34,False,3.565e-05,1.103e-08,21602726.0,2.38458,0xe4...3851,https://bscscan.com/tx/0xd3f3f3d2582b8eb3cdd79e468ee3bf8c74dbbc2c2e88840c8602e78a2d3f5ff6
2023-03-25 16:12:34,False,3.566e-05,1.104e-08,57854.3,0.0063,0xe4...3851,https://bscscan.com/tx/0xd3f3f3d2582b8eb3cdd79e468ee3bf8c74dbbc2c2e88840c8602e78a2d3f5ff6
2023-03-25 16:12:31,True,3.583e-05,1.109e-08,18110574.0,2.00922,0xcc...0331,https://bscscan.com/tx/0xf2e7b874a65c8964418f99beaaa89e57d7cc30a0b454b16c6cca03e2547622f5
2023-03-25 16:12:28,False,3.564e-05,1.103e-08,3306990.0,0.3649,0x40...fae1,https://bscscan.com/tx/0x366ba186e70a9ef136daf36563fb3ab3d626bfaa44d41ea1d3f4b520df015a30
2023-03-25 16:12:28,False,3.564e-05,1.103e-08,6849.83,7.56e-05,0x40...fae1,https://bscscan.com/tx/0x366ba186e70a9ef136daf36563fb3ab3d626bfaa44d41ea1d3f4b520df015a30
2023-03-25 16:10:01,False,3.565e-05,1.103e-08,2529362.0,0.2791,0xcc...31e0,https://bscscan.com/tx/0x11b969c8f80fb5b18a4b255f2a8b94a4327809a4a105289911dbe9d3fdde88d4
2023-03-25 16:10:01,False,3.565e-05,1.103e-08,62368.7,0.0068,0xcc...31e0,https://bscscan.com/tx/0x11b969c8f80fb5b18a4b255f2a8b94a4327809a4a105289911dbe9d3fdde88d4
2023-03-25 16:09:37,True,3.582e-05,1.109e-08,18099519.0,2.0074,0xcc...0331,https://bscscan.com/tx/0xf076cfdf8879f0362019c680f088f8089550ec9ce14968100851594905458d1c
2023-03-25 16:09:34,False,3.563e-05,1.103e-08,4985000.0,0.55,0x62...7106,https://bscscan.com/tx/0xbcd3dedf5ef018fc294edd294f69a5b5bb38e50fc3e61660ab56c554e2af4dd8
2023-03-25 16:09:34,False,3.564e-05,1.103e-08,72599.6,0.008,0x62...7106,https://bscscan.com/tx/0xbcd3dedf5ef018fc294edd294f69a5b5bb38e50fc3e61660ab56c554e2af4dd8
2023-03-25 16:09:16,True,3.6e-05,1.108e-08,360694.0,0.04,0x76...d02d,https://bscscan.com/tx/0xba21ffbd226ba99b4248631ff50e0d89e94810edb534136c175b8d6e37adf66d
2023-03-25 16:07:13,True,3.599e-05,1.108e-08,8010206.0,0.8882,0x32...cf44,https://bscscan.com/tx/0x66dd7677a3893bd46becea40e78f1758fdcef3cf2f8c1183851b1596fc8846b3
2023-03-25 16:06:34,True,3.598e-05,1.108e-08,18107866.0,2.00727,0xcc...0331,https://bscscan.com/tx/0xdac86e9ddfb89b2229c1bca1891d48993335b31d654feef1feefa1524c7a54b6
2023-03-25 16:04:31,False,3.561e-05,1.102e-08,408730.0,0.045,0x34...fe84,https://bscscan.com/tx/0x89d48582f9fd889a1a5e115d977b2bba479a5fcddfdbfe30a137f55fae1aebc2
2023-03-25 16:04:31,False,3.561e-05,1.102e-08,7483.09,8.251e-05,0x34...fe84,https://bscscan.com/tx/0x89d48582f9fd889a1a5e115d977b2bba479a5fcddfdbfe30a137f55fae1aebc2
2023-03-25 16:02:52,False,3.58e-05,1.102e-08,2763201.0,0.3047,0x3d...d34e,https://bscscan.com/tx/0x8594dc6ac007780c2ae07e8ac6d3b63db88e01f887c649a19b6d83d5711bc43f
2023-03-25 16:02:52,False,3.58e-05,1.102e-08,78300.0,0.0086,0x3d...d34e,https://bscscan.com/tx/0x8594dc6ac007780c2ae07e8ac6d3b63db88e01f887c649a19b6d83d5711bc43f
2023-03-25 16:00:40,False,3.582e-05,1.103e-08,28913000.0,3.18969,0xe5...790d,https://bscscan.com/tx/0x6a7466b2a5f3d5a5a0dd36b4ac4317a639176118d3424dac5c0b1496346c17ad
2023-03-25 16:00:40,False,3.583e-05,1.103e-08,142060.0,0.0156,0xe5...790d,https://bscscan.com/tx/0x6a7466b2a5f3d5a5a0dd36b4ac4317a639176118d3424dac5c0b1496346c17ad
2023-03-25 15:59:49,True,3.601e-05,1.109e-08,1302673.0,0.1444,0x5d...2328,https://bscscan.com/tx/0x702c0754a4d326e46780bd92cf13b434b115b8299bfaf1bef6a2305ccf1d9d14
2023-03-25 15:58:40,True,3.584e-05,1.109e-08,304530.0,0.0337,0x9b...3144,https://bscscan.com/tx/0xbbccd142a55706bd6bbeb2cbdbdea3a4672480a7647226f312f5144790dc91bd
2023-03-25 15:57:27,True,3.583e-05,1.108e-08,14302497.0,1.586,0xab...4e50,https://bscscan.com/tx/0xe75452e7da7e58410529a9432ef8d6b049d1d1e0903823dd801de1be5b10455c
2023-03-25 15:56:01,True,3.601e-05,1.108e-08,120000.0,0.0133,0x63...f4d1,https://bscscan.com/tx/0xd9a654fa91d89845f8258ea314a1288303fdb7e40ff9d1387651db27a6593125
2023-03-25 15:53:26,True,3.603e-05,1.108e-08,45097.9,0.005,0xd7...847f,https://bscscan.com/tx/0x6692969a72dc7486a36fd277b9d7027f67896d60604d7e49de042f52c6ecd8b6
2023-03-25 15:53:02,True,3.603e-05,1.108e-08,832565.0,0.0923,0x66...8591,https://bscscan.com/tx/0x71d71295a0940347b748a05039466cdcf5588ed62f7c3126067352a29e0b18d1
2023-03-25 15:47:21,False,3.586e-05,1.103e-08,35600206.0,3.92891,0xd3...3240,https://bscscan.com/tx/0x26274b4760c5f3655f54e5f5a79d1fffa36b90b205be3aca95f231e55e7bab47
2023-03-25 15:47:21,False,3.588e-05,1.104e-08,2025.0,2.235e-05,0xd3...3240,https://bscscan.com/tx/0x26274b4760c5f3655f54e5f5a79d1fffa36b90b205be3aca95f231e55e7bab47
2023-03-25 15:47:21,False,3.588e-05,1.104e-08,747750.0,0.0825,0x71...8062,https://bscscan.com/tx/0x2a1f18ca0d9d8caff118c9896045618c8ee7b5d28978baecc673cb0e9cc3376c
2023-03-25 15:47:21,False,3.588e-05,1.104e-08,71153.9,0.0078,0x71...8062,https://bscscan.com/tx/0x2a1f18ca0d9d8caff118c9896045618c8ee7b5d28978baecc673cb0e9cc3376c
2023-03-25 15:45:45,False,3.591e-05,1.104e-08,26274241.0,2.90194,0x55...ce90,https://bscscan.com/tx/0x55d77ecb76e476c9b4853c446aa1b2e349776ae78cc0737874af29c6f33bb859
2023-03-25 15:45:45,False,3.592e-05,1.104e-08,2402.54,2.654e-05,0x55...ce90,https://bscscan.com/tx/0x55d77ecb76e476c9b4853c446aa1b2e349776ae78cc0737874af29c6f33bb859
2023-03-25 15:43:36,False,3.592e-05,1.104e-08,887162.0,0.098,0xe7...7ca7,https://bscscan.com/tx/0x0510c5e8a576ebf214e1d57f802692c02bfd7247ab730a49e46ca0508806f293
2023-03-25 15:43:36,False,3.592e-05,1.104e-08,3630.65,4.011e-05,0xe7...7ca7,https://bscscan.com/tx/0x0510c5e8a576ebf214e1d57f802692c02bfd7247ab730a49e46ca0508806f293
2023-03-25 15:43:18,False,3.592e-05,1.104e-08,1340651.0,0.1481,0x91...cdd3,https://bscscan.com/tx/0x4ba92d35dc87711aa654ed16a72d3e1885cdac87dabecb3fb11f22aa54c698be
2023-03-25 15:43:18,False,3.592e-05,1.104e-08,5042.37,5.571e-05,0x91...cdd3,https://bscscan.com/tx/0x4ba92d35dc87711aa654ed16a72d3e1885cdac87dabecb3fb11f22aa54c698be
2023-03-25 15:38:42,True,3.592e-05,1.11e-08,616302.0,0.0684,0x9b...3144,https://bscscan.com/tx/0x6895487dd7f29b5d57f640dd0f8ce9803b8b366a781e33ac2dc7ea98178beb89
2023-03-25 15:37:18,True,3.592e-05,1.11e-08,249469.0,0.0277,0x55...2ce8,https://bscscan.com/tx/0x27609c737340d16288e74d0f3bda0fe916233c2b88ab18afd5eb99cb00636cbd
2023-03-25 15:36:12,False,3.573e-05,1.104e-08,998768.0,0.1103,0x6d...1d9b,https://bscscan.com/tx/0xc413d3c5bf14d297750dddc35c820f7cfb436ab5ca44a73bb445bb8419911706
2023-03-25 15:36:12,False,3.573e-05,1.104e-08,39646.7,0.0043,0x6d...1d9b,https://bscscan.com/tx/0xc413d3c5bf14d297750dddc35c820f7cfb436ab5ca44a73bb445bb8419911706
2023-03-25 15:34:30,True,3.609e-05,1.11e-08,5288.08,5.872e-05,0x9c...48fb,https://bscscan.com/tx/0x04bd12853b1b1e7ce6b82913db937a150e087d3bb3869889b12581f947826354
2023-03-25 15:33:54,True,3.606e-05,1.11e-08,5288.08,5.872e-05,0x9c...48fb,https://bscscan.com/tx/0x83611217920cbbe51f9d024642ff39e302c2704f80a124b85f864c846982e346
2023-03-25 15:32:54,True,3.587e-05,1.11e-08,81048.7,0.009,0xe6...4504,https://bscscan.com/tx/0x2f1f770d01de477b72081eeda26d27eafc00bf91405d2a1927468765d0d2ca3f
2023-03-25 15:30:18,True,3.588e-05,1.11e-08,374352.0,0.0415,0xb7...3937,https://bscscan.com/tx/0x2531d80f18e5295157bda2d55cc7b874869c3692aec3797f99d2ad8e84a6e87c
2023-03-25 15:28:36,True,3.587e-05,1.11e-08,13158086.0,1.46088,0x43...b681,https://bscscan.com/tx/0xc538bb4bdfe9d35ec943aa4bbe32a080734aa05b1316ff2a06f7f1f4554c02ba
2023-03-25 15:26:15,True,3.605e-05,1.11e-08,35157.7,0.0039,0xaf...cbc5,https://bscscan.com/tx/0xe539ba3358058fba5f7376aee7fc88eaec043b4e744f4e84024ae5d2c3c46340
2023-03-25 15:26:12,False,3.587e-05,1.104e-08,994009.0,0.1097,0xf3...e0d3,https://bscscan.com/tx/0x1307eb2a0e6d49f136d2166bf3fb7e62f566b0eb08d56b243389cc81f114278c
2023-03-25 15:26:12,False,3.587e-05,1.104e-08,1658.34,1.831e-05,0xf3...e0d3,https://bscscan.com/tx/0x1307eb2a0e6d49f136d2166bf3fb7e62f566b0eb08d56b243389cc81f114278c
2023-03-25 15:25:54,True,3.587e-05,1.11e-08,546495.0,0.0606,0xea...e9b0,https://bscscan.com/tx/0x1413704bbc9d97857a6043f997abdee6ac023a1df9fa315d86e4d7187f36bbb4
2023-03-25 15:23:24,False,3.586e-05,1.104e-08,67501.5,0.0074,0x6c...e702,https://bscscan.com/tx/0xc46160feaef395a7e19dbed8f96d72b97e6d9a132477bb1b9f2de935a099fb1c
2023-03-25 15:23:24,False,3.586e-05,1.104e-08,67435.8,0.0074,0x6c...e702,https://bscscan.com/tx/0xc46160feaef395a7e19dbed8f96d72b97e6d9a132477bb1b9f2de935a099fb1c
2023-03-25 15:23:21,True,3.604e-05,1.11e-08,2309.71,2.563e-05,0x99...1950,https://bscscan.com/tx/0x51d517efb2314289144e514f8bed964c1e418ad581498befa2e45d766e14de7f
2023-03-25 15:21:51,True,3.604e-05,1.109e-08,18045999.0,2.00282,0xcc...0331,https://bscscan.com/tx/0x2149651955f6306fac3cd1a8f92d468443d239099b8db4a7eee7ea454249e44b
2023-03-25 15:21:21,True,3.585e-05,1.109e-08,3466476.0,0.3846,0x9b...3144,https://bscscan.com/tx/0xd67fab1fffdf56d1bf8ad6da2d0e85d3297e7866de068b56daa23f63f1f0ffd3
2023-03-25 15:19:36,False,3.567e-05,1.103e-08,2558651.0,0.2824,0xd8...39d6,https://bscscan.com/tx/0x04db22cf4d413b855a1b5f1d8c27282c2b5438783769df728c9eadb4e782cc38
2023-03-25 15:19:36,False,3.567e-05,1.104e-08,5400.0,5.961e-05,0xd8...39d6,https://bscscan.com/tx/0x04db22cf4d413b855a1b5f1d8c27282c2b5438783769df728c9eadb4e782cc38
2023-03-25 15:17:42,False,3.568e-05,1.104e-08,1994000.0,0.2201,0xb7...d1a3,https://bscscan.com/tx/0x2d7aefa33eb7ce1ae23627b510e110913ed62cfdcd231df26d59aae49546c677
2023-03-25 15:17:42,False,3.568e-05,1.104e-08,37800.0,0.0041,0xb7...d1a3,https://bscscan.com/tx/0x2d7aefa33eb7ce1ae23627b510e110913ed62cfdcd231df26d59aae49546c677
2023-03-25 15:17:39,False,3.568e-05,1.104e-08,13958000.0,1.54135,0xab...4e50,https://bscscan.com/tx/0x3f58529fd781f9e5ae3e529fb0995f7b67cae0cfbe88418beca1c3b520adaa68
2023-03-25 15:17:39,False,3.569e-05,1.104e-08,215408.0,0.0237,0xab...4e50,https://bscscan.com/tx/0x3f58529fd781f9e5ae3e529fb0995f7b67cae0cfbe88418beca1c3b520adaa68
2023-03-25 15:16:54,True,3.606e-05,1.109e-08,2588502.0,0.2873,0x99...f202,https://bscscan.com/tx/0x3d50199b18b1e0837490fff4e87fae00b2e562e522a5787c105cf8a40a6775ef
2023-03-25 15:16:09,True,3.606e-05,1.109e-08,3196171.0,0.3547,0xc4...72c8,https://bscscan.com/tx/0x19b95bb1b2cee5ba5c2dd07f188a822d8aa5b95b8860553ff6fbb0def48e5eb6
2023-03-25 15:15:33,True,3.588e-05,1.109e-08,17999285.0,1.99722,0x52...86b0,https://bscscan.com/tx/0x5ed7bb1798908a9890e9a4e36bd1ced0ecc1ac390864cda52c5262ee6c854b09
2023-03-25 15:14:48,True,3.587e-05,1.109e-08,129230.0,0.0143,0x9b...f020,https://bscscan.com/tx/0x0ec67b0277c1c9f6efff4924a944743307c6f153df746581bd0b95797dc5e5f2
2023-03-25 15:14:48,True,3.585e-05,1.108e-08,37638381.0,4.17352,0x81...c915,https://bscscan.com/tx/0x06eab33bc7130afd46f98d2803c321140c2518dc98a1e6966fe9b22ff80076b4
2023-03-25 15:14:48,False,3.567e-05,1.103e-08,18174323.0,2.00471,0x81...ce4f,https://bscscan.com/tx/0x51868e49faee347c78d41d8c59cc5d27e67a906274b94bf8fce8e372b7c60413
2023-03-25 15:14:48,False,3.567e-05,1.103e-08,185089.0,0.0204,0x81...ce4f,https://bscscan.com/tx/0x51868e49faee347c78d41d8c59cc5d27e67a906274b94bf8fce8e372b7c60413
2023-03-25 15:14:48,True,3.585e-05,1.108e-08,275000.0,0.0304,0x89...3008,https://bscscan.com/tx/0xe7154ed67bc8bf725e561ca5be5dc108d9141c8227a3b707ec66a3cdedf87512
2023-03-25 15:13:33,True,3.583e-05,1.108e-08,18056608.0,2.00172,0xcc...0331,https://bscscan.com/tx/0x0ac940ac73f590dabbe9933d8819f4cc33252064238adc4db96169b19a309f9f
2023-03-25 15:12:47,True,3.601e-05,1.107e-08,27860371.0,3.08681,0xc1...f4fe,https://bscscan.com/tx/0x84d28d66df22d8541b2c3cec4077c560021ec8a9bf3fd48a2ab2b88ef763304a
2023-03-25 15:11:30,True,3.599e-05,1.107e-08,18072993.0,2.00128,0xcc...0331,https://bscscan.com/tx/0xeea2b9000db86e78d26ad9826acc7f95369c6c42ec4ba7713919638afb88bc8c
2023-03-25 15:11:27,False,3.581e-05,1.101e-08,4044903.0,0.4455,0x7d...e325,https://bscscan.com/tx/0xea579419558dd7c51f8700e3a7e03e54d3ba559ad08a97a03141973e23aff482
2023-03-25 15:11:27,False,3.581e-05,1.101e-08,326.7,3.599e-06,0x7d...e325,https://bscscan.com/tx/0xea579419558dd7c51f8700e3a7e03e54d3ba559ad08a97a03141973e23aff482
2023-03-25 15:10:51,False,3.581e-05,1.101e-08,120637.0,0.0132,0x7b...100e,https://bscscan.com/tx/0x1bf067e4bf65f1469146d20b6e19164619e1014a3c9af0a50728956a6c90aab7
2023-03-25 15:10:51,False,3.581e-05,1.101e-08,16406.1,0.0018,0x7b...100e,https://bscscan.com/tx/0x1bf067e4bf65f1469146d20b6e19164619e1014a3c9af0a50728956a6c90aab7
2023-03-25 15:10:00,False,3.581e-05,1.101e-08,6058108.0,0.6674,0x81...ce4f,https://bscscan.com/tx/0xac9ca35a7ca37a228a0ab091b0fa29359e8731b62d08b615559978c3ce0afaad
2023-03-25 15:10:00,False,3.581e-05,1.101e-08,21981.3,0.0024,0x81...ce4f,https://bscscan.com/tx/0xac9ca35a7ca37a228a0ab091b0fa29359e8731b62d08b615559978c3ce0afaad
2023-03-25 15:10:00,False,3.581e-05,1.101e-08,8116804.0,0.8944,0x26...eaa7,https://bscscan.com/tx/0xa77cd23afd38cfe0814300fbe76595597cc27bb225ef4acb7dd789b19241d870
2023-03-25 15:10:00,False,3.582e-05,1.102e-08,51531.0,0.0056,0x26...eaa7,https://bscscan.com/tx/0xa77cd23afd38cfe0814300fbe76595597cc27bb225ef4acb7dd789b19241d870
2023-03-25 15:09:03,True,3.6e-05,1.107e-08,18059992.0,1.99986,0xcc...0331,https://bscscan.com/tx/0x9de84ef6cbc598994d6befc2fbcc078910a6f39842cb1e98d8be113ce08242cd
2023-03-25 15:08:15,False,3.58e-05,1.101e-08,997000.0,0.1098,0x8e...4c52,https://bscscan.com/tx/0x244d67a041cd6ce189aadb7a32f566984e0847e96dab92d714f78dd5fd25b40b
2023-03-25 15:08:15,False,3.58e-05,1.101e-08,98674.7,0.0108,0x8e...4c52,https://bscscan.com/tx/0x244d67a041cd6ce189aadb7a32f566984e0847e96dab92d714f78dd5fd25b40b
2023-03-25 15:06:09,True,3.597e-05,1.106e-08,18087436.0,2.00206,0xcc...0331,https://bscscan.com/tx/0x1d1bcbbd2933d85fe03573989ae4bd886fcc2c2a04d149647386b5a4427daeb9
2023-03-25 15:03:15,True,3.577e-05,1.106e-08,18053525.0,1.99742,0xcc...0331,https://bscscan.com/tx/0xa22ba3d36a84d8cb562a7a1ae0edf5fd398332ec31f1dbf6588b405c129cd590
2023-03-25 15:02:18,True,3.595e-05,1.106e-08,111836.0,0.0123,0x8d...a08a,https://bscscan.com/tx/0x039a10d2e2a94dfeef18c2e64ad6e37c2fe338828ead00fbbf012406e3348520
2023-03-25 15:02:00,False,3.577e-05,1.1e-08,292522.0,0.0322,0x71...3368,https://bscscan.com/tx/0x6b88b996d7de872525e6e97442b7c30adc2fb607fd670398ad08c502e4d4170b
2023-03-25 15:02:00,False,3.577e-05,1.1e-08,88358.1,0.0097,0x71...3368,https://bscscan.com/tx/0x6b88b996d7de872525e6e97442b7c30adc2fb607fd670398ad08c502e4d4170b
2023-03-25 15:01:15,True,3.594e-05,1.105e-08,18096272.0,2.00128,0xcc...0331,https://bscscan.com/tx/0x711fd97b1b44f3f282cccf62025f0b88927d96e686800c530711fb20ca2aea53
2023-03-25 15:00:42,True,3.574e-05,1.105e-08,54266.2,0.006,0x35...bc50,https://bscscan.com/tx/0xd38f30543ec930fb7f6954b0f572308580d2cadd065217d9f2110141a355b4ad
2023-03-25 14:59:18,True,3.592e-05,1.106e-08,179215.0,0.0198,0xc0...2622,https://bscscan.com/tx/0xb434b20a4cd5bd88bc8cb2c47a40d61d6d17a068adde2b4b2b58b12086ff1fea
2023-03-25 14:59:09,False,3.555e-05,1.1e-08,14352297.0,1.57922,0xb2...e500,https://bscscan.com/tx/0x08920b3442fe59a385646a20d8e4289b5acc5ae425cdcdfd03b171f07c03b745
2023-03-25 14:59:09,False,3.556e-05,1.1e-08,6270.36,6.9e-05,0xb2...e500,https://bscscan.com/tx/0x08920b3442fe59a385646a20d8e4289b5acc5ae425cdcdfd03b171f07c03b745
2023-03-25 14:58:42,True,3.592e-05,1.106e-08,708173.0,0.0783,0xee...d48a,https://bscscan.com/tx/0xe0bb93a1fbea76523c9b62fe253724eb03710f9493234de1773596ff1d5e66bc
2023-03-25 14:58:33,False,3.574e-05,1.1e-08,1609341.0,0.1771,0x09...d9fc,https://bscscan.com/tx/0x1bec37a108423fd78dad36670fdbc5d5460c5df833aed670c48fe8c62bcd1382
2023-03-25 14:58:33,False,3.574e-05,1.1e-08,1114.42,1.226e-05,0x09...d9fc,https://bscscan.com/tx/0x1bec37a108423fd78dad36670fdbc5d5460c5df833aed670c48fe8c62bcd1382
2023-03-25 14:58:33,False,3.574e-05,1.1e-08,411509.0,0.0452,0x5e...ed44,https://bscscan.com/tx/0xe86002cdc09c8b356316917bbd3e1a9603ba9edc5074d270860e56abbc302357
2023-03-25 14:58:33,False,3.574e-05,1.1e-08,2106.0,2.317e-05,0x5e...ed44,https://bscscan.com/tx/0xe86002cdc09c8b356316917bbd3e1a9603ba9edc5074d270860e56abbc302357
2023-03-25 14:57:24,False,3.574e-05,1.1e-08,777660.0,0.0855,0x60...b8fa,https://bscscan.com/tx/0xb467e0c52da04eb909552b2382c0993f6c7dfd840ea8d5270373e93598408b7b
2023-03-25 14:57:24,False,3.574e-05,1.1e-08,36449.4,0.004,0x60...b8fa,https://bscscan.com/tx/0xb467e0c52da04eb909552b2382c0993f6c7dfd840ea8d5270373e93598408b7b
2023-03-25 14:55:45,True,3.574e-05,1.106e-08,156559.0,0.0173,0x55...7815,https://bscscan.com/tx/0x43294503457253c813cb7c4aebc19139fc1ebe7cc594082d73a51e04c8146082
2023-03-25 14:53:42,True,3.573e-05,1.106e-08,6120854.0,0.6769,0xa6...8406,https://bscscan.com/tx/0x1c040741f2f7f24a5e9f510284564dfe50eac221f48118b4f5d0fb2d4f9b9582
2023-03-25 14:53:03,True,3.592e-05,1.106e-08,313550.0,0.0346,0xcc...b10f,https://bscscan.com/tx/0x01df8c59963177c9b437f0bf3125a1b39d97edea7895ce268edd46e18d3a8ba7
2023-03-25 14:52:06,True,3.573e-05,1.105e-08,723384.0,0.08,0x54...7430,https://bscscan.com/tx/0xed6d8238ab293875cbd88dbc846f27f3fd4fcb3a708e2189f624ce67dcf5646f
2023-03-25 14:51:36,True,3.59e-05,1.105e-08,5606663.0,0.62,0x78...39b8,https://bscscan.com/tx/0x2a3c4e39362b50bff5bdc10b5024947d6ad296ec69acd5058052b05546196d5b
2023-03-25 14:50:30,False,3.554e-05,1.1e-08,99400.9,0.0109,0x31...2de0,https://bscscan.com/tx/0x9f6bdd498e8e942d1949e11116cba9c7850c47d25365642b9e52861994497ac4
2023-03-25 14:50:30,False,3.554e-05,1.1e-08,18213.4,0.002,0x31...2de0,https://bscscan.com/tx/0x9f6bdd498e8e942d1949e11116cba9c7850c47d25365642b9e52861994497ac4
2023-03-25 14:48:06,True,3.572e-05,1.105e-08,90436.1,0.01,0xee...f4d6,https://bscscan.com/tx/0xa3b6d3b78a330f582b0b941e4d611c2ba28070af9dc77b7e654da3f22140eaf6
2023-03-25 14:48:00,True,3.59e-05,1.105e-08,707209.0,0.0782,0xc9...f82e,https://bscscan.com/tx/0x09dc44d8b06cb93e3bd7b67aae2ffe8a6e17dddba6c59bf7247f7d168aaf1574
2023-03-25 14:47:48,True,3.59e-05,1.105e-08,1948046.0,0.2154,0x3e...06fe,https://bscscan.com/tx/0xe472ad49c54c7c4ed7bdf80df35ba06bd41dc17ccf7316c066391640b14146a0
2023-03-25 14:47:36,False,3.572e-05,1.1e-08,3988000.0,0.4387,0xb9...f3a3,https://bscscan.com/tx/0xf1ecd5fc325303fd1f10357172f43c98b629349f047f29b1d02205b5d37069aa
2023-03-25 14:47:36,False,3.573e-05,1.1e-08,615850.0,0.0677,0xb9...f3a3,https://bscscan.com/tx/0xf1ecd5fc325303fd1f10357172f43c98b629349f047f29b1d02205b5d37069aa
2023-03-25 14:46:09,True,3.566e-05,1.104e-08,100000000.0,11.0445,0xbd...9333,https://bscscan.com/tx/0x5b26ac03f1ddafb36068249584a20864af469a41700ab515f6e6c3d9ee500923
2023-03-25 14:46:00,True,3.578e-05,1.102e-08,48205102.0,5.31436,0xfe...5ad3,https://bscscan.com/tx/0xb969119994750b0bc2fbe4d6dd1d25eda60d3580992a356689427bb14c7a2498
2023-03-25 14:45:57,True,3.576e-05,1.101e-08,26728.3,0.0029,0x74...8a67,https://bscscan.com/tx/0x883412bd17504d47971d144b4f20fc2399463b806a9e4a3ce88c83e820fb68ec
2023-03-25 14:45:54,True,3.574e-05,1.101e-08,30072537.0,3.31216,0x20...946b,https://bscscan.com/tx/0xbc10b5983d5f3b34e9e6b6f22065ac2aeda9810f8dc4c55402ecd7c450734e3a
2023-03-25 14:45:51,True,3.572e-05,1.1e-08,18180005.0,2.00115,0xcc...0331,https://bscscan.com/tx/0xcc9a206c585af190fc673b1872069cd8dac94443235394f727944cf33955ceb4
2023-03-25 14:45:45,True,3.571e-05,1.1e-08,2800000.0,0.3081,0x5e...3dd6,https://bscscan.com/tx/0xf0e9efd00cbe511c9082bfe5a1ff56b4bb73f3bf158d7c53307ef25f6b15479f
2023-03-25 14:45:24,True,3.571e-05,1.1e-08,2800000.0,0.3081,0x5e...3dd6,https://bscscan.com/tx/0xa579206e804fe72c36c57d60de392b7dc9cb9f509d676460d5061bbd29d30463
2023-03-25 14:43:15,True,3.567e-05,1.1e-08,1000000.0,0.11,0x74...a3bc,https://bscscan.com/tx/0xa4c3a7ad2103de043707e21aaed229d2889f6dc555d9435aef2e7b8a1f25288b
2023-03-25 14:42:21,False,3.532e-05,1.094e-08,490645.0,0.0537,0x83...ce85,https://bscscan.com/tx/0x7cc1dd38b5678e191f7e3961870820a2f5de10ff65b833a2e49d70075cace0cf
2023-03-25 14:42:21,False,3.532e-05,1.094e-08,8773.65,9.605e-05,0x83...ce85,https://bscscan.com/tx/0x7cc1dd38b5678e191f7e3961870820a2f5de10ff65b833a2e49d70075cace0cf
2023-03-25 14:40:20,False,3.551e-05,1.094e-08,3239752.0,0.3547,0xab...5223,https://bscscan.com/tx/0x8cb95b2301bd2070847c1fdd1a9e1c72ab57d2bb9d42b6225f627452485a6bc4
2023-03-25 14:40:20,False,3.551e-05,1.094e-08,302901.0,0.0331,0xab...5223,https://bscscan.com/tx/0x8cb95b2301bd2070847c1fdd1a9e1c72ab57d2bb9d42b6225f627452485a6bc4
2023-03-25 14:40:05,True,3.567e-05,1.1e-08,18190590.0,2.0013,0xcc...0331,https://bscscan.com/tx/0x6069f0bb366a902a9648505fa638a04d0f71162d5cf91edde366eef7bf9e0e72
2023-03-25 14:38:05,True,3.549e-05,1.099e-08,2307051.0,0.2537,0x37...b076,https://bscscan.com/tx/0x7862689d173ecc74d615f4d12583f2209abb385f24f3df6caa2f2a1b546d9c76
2023-03-25 14:37:56,True,3.565e-05,1.099e-08,28046682.0,3.08373,0xaf...9dcd,https://bscscan.com/tx/0x9dcbf210b31f12d834dc3f69391edf5fc530d31d3282d1e5eb99ef89c4426bf1
2023-03-25 14:37:14,True,3.562e-05,1.098e-08,13338300.0,1.46581,0x8b...d380,https://bscscan.com/tx/0xd3c0caefc2d3a5ce7a7e323ee1aed989a4eaaae6ffce485d46c4783ffafb3463
2023-03-25 14:37:08,True,3.56e-05,1.098e-08,30072543.0,3.30305,0x20...946b,https://bscscan.com/tx/0x5cfa99def22de44b2f124048b1cdfdaeda3897fcf1f1a5c5441f85349696b722
2023-03-25 14:37:05,True,3.558e-05,1.097e-08,18230212.0,2.00116,0xcc...0331,https://bscscan.com/tx/0xe1a09913fd1c279111446957383137306e323e010b38db604d53eae2236b35de
2023-03-25 14:36:08,False,3.522e-05,1.092e-08,1994000.0,0.2177,0x8e...4c52,https://bscscan.com/tx/0x588a7eff7fea13f01e2ea58371b758706fbb2a6d274902fb32eecb42b199248c
2023-03-25 14:36:08,False,3.522e-05,1.092e-08,55160.1,0.006,0x8e...4c52,https://bscscan.com/tx/0x588a7eff7fea13f01e2ea58371b758706fbb2a6d274902fb32eecb42b199248c
2023-03-25 14:34:41,True,3.56e-05,1.097e-08,543598.0,0.0596,0xad...d426,https://bscscan.com/tx/0x57c543799ecb428bbed3a780345c26ecb9d04d9fa67c5ef28e067627b1e6be6c
2023-03-25 14:33:20,True,3.558e-05,1.097e-08,19321011.0,2.12,0x78...39b8,https://bscscan.com/tx/0x79ead86a54083489de0a26c992f2e8652bd827211a508954fe0cc3c1f0533f61
2023-03-25 14:29:19,False,3.539e-05,1.091e-08,563372.0,0.0614,0x0d...c760,https://bscscan.com/tx/0xe11d02936599850d311517e38038c9be93ca4855b4bd59bcccca89e2bacdd5e3
2023-03-25 14:29:19,False,3.539e-05,1.091e-08,27623.3,0.003,0x0d...c760,https://bscscan.com/tx/0xe11d02936599850d311517e38038c9be93ca4855b4bd59bcccca89e2bacdd5e3
2023-03-25 14:28:46,True,3.557e-05,1.097e-08,230859.0,0.0253,0x0d...c760,https://bscscan.com/tx/0xd6ac21db6e51676c5e4e9b8cb03301b4e21fd7a1765efdc72aa6e85c354bb859
2023-03-25 14:27:46,False,3.539e-05,1.091e-08,9970000.0,1.08838,0x78...39b8,https://bscscan.com/tx/0x9c58b0fa56447d730443dce4b1dafed61e7a18e408b115c3f28623c0c5646dfd
2023-03-25 14:27:46,False,3.54e-05,1.091e-08,3096.01,3.38e-05,0x78...39b8,https://bscscan.com/tx/0x9c58b0fa56447d730443dce4b1dafed61e7a18e408b115c3f28623c0c5646dfd
2023-03-25 14:25:10,True,3.541e-05,1.097e-08,40000.0,0.0043,0x23...7fa5,https://bscscan.com/tx/0xeea62c7c34c660f2c1baf93d53c674696b302838d6ce4da8d495c17a76b43d1d
2023-03-25 14:23:40,False,3.54e-05,1.091e-08,1103350.0,0.1204,0xec...7917,https://bscscan.com/tx/0x2b464d330e26b4859e3cb9e08e90f1eb1229cab1e0cb1f8cffe1c8a704f5e24b
2023-03-25 14:23:40,False,3.54e-05,1.091e-08,46636.0,0.005,0xec...7917,https://bscscan.com/tx/0x2b464d330e26b4859e3cb9e08e90f1eb1229cab1e0cb1f8cffe1c8a704f5e24b
2023-03-25 14:22:58,True,3.558e-05,1.097e-08,2278386.0,0.25,0x91...55fe,https://bscscan.com/tx/0x1967f55f936792850a190662e0a1a2328c731434637cfb69112a330e523aad10
2023-03-25 14:21:01,True,3.54e-05,1.097e-08,345712.0,0.0379,0xeb...d7bd,https://bscscan.com/tx/0x597eb40d05091908e9e3cfc968591d813aa5765c93743c261b2730b5f5a498f7
2023-03-25 14:20:16,True,3.558e-05,1.097e-08,2393718.0,0.2626,0x01...585d,https://bscscan.com/tx/0x56297e72b1ebe7272e79a5767fc739f63c12693c71a3bd83281b8a92d52e78e8
2023-03-25 14:19:28,True,3.557e-05,1.097e-08,501442.0,0.055,0x8f...aaa1,https://bscscan.com/tx/0x766debe2f2e5e282a8600d742047d2fd671dcb822e2a902d38c25a81eb7af6d4
2023-03-25 14:18:49,True,3.557e-05,1.097e-08,1753338.0,0.1923,0xad...c85d,https://bscscan.com/tx/0x78f3f82f6d81404b1e86fef6b002803e88bcba4462f632a82e5ba24c4ed84cc3
2023-03-25 14:17:31,False,3.539e-05,1.091e-08,9970000.0,1.08848,0x78...39b8,https://bscscan.com/tx/0x37cdbf83983f243b97aa2d725d3e0ee557622da6fe82a8c25071147b0d9bd241
2023-03-25 14:17:31,False,3.54e-05,1.091e-08,1525.34,1.665e-05,0x78...39b8,https://bscscan.com/tx/0x37cdbf83983f243b97aa2d725d3e0ee557622da6fe82a8c25071147b0d9bd241
2023-03-25 14:17:19,True,3.558e-05,1.097e-08,13125.4,0.0014,0xd0...8087,https://bscscan.com/tx/0xe1fdc999c792c5c46bb84e8b5be0a1f2b90c331e26c3a5636fca3a7a0b0f530a
2023-03-25 14:16:37,False,3.522e-05,1.091e-08,550160.0,0.06,0x94...a5a8,https://bscscan.com/tx/0x6c18f0cf1544e0d5add4bb900f28b046df342ba4173f8f326d9be3f395b95843
2023-03-25 14:16:37,False,3.522e-05,1.091e-08,11364.7,0.0012,0x94...a5a8,https://bscscan.com/tx/0x6c18f0cf1544e0d5add4bb900f28b046df342ba4173f8f326d9be3f395b95843
2023-03-25 14:15:45,True,3.539e-05,1.097e-08,902155.0,0.099,0x59...705b,https://bscscan.com/tx/0x87cfa141214a83b6862576dd6e6748162891074aa3c6dfecf231568110ca3b15
2023-03-25 14:15:15,True,3.557e-05,1.097e-08,684013.0,0.075,0x3b...3714,https://bscscan.com/tx/0x74a85e328a8ec5445fa800b78b720ac4520195172a6d1b6fa42452f226045bc1
2023-03-25 14:15:03,True,3.539e-05,1.097e-08,822983.0,0.0903,0x59...705b,https://bscscan.com/tx/0x57a9c5fed4d1e7a9f93a71bbdde49f8b1b7761dc4c935ac1e4e8ebca15076a9a
2023-03-25 14:14:30,False,3.522e-05,1.091e-08,1794601.0,0.1959,0x84...eab7,https://bscscan.com/tx/0x6366117c2ed0d96d5c92bcf6d5ed5f17f53db4f5795cc6d4c170856f0029c706
2023-03-25 14:14:30,False,3.522e-05,1.091e-08,246921.0,0.0269,0x84...eab7,https://bscscan.com/tx/0x6366117c2ed0d96d5c92bcf6d5ed5f17f53db4f5795cc6d4c170856f0029c706
2023-03-25 14:14:21,True,3.557e-05,1.097e-08,429307.0,0.0471,0x52...90f0,https://bscscan.com/tx/0xf59011431ef7f7ebc7f7858fd337ec9e9852688538c224a041d535d2d712f05e
2023-03-25 14:13:44,True,3.557e-05,1.097e-08,2023081.0,0.222,0xf3...8195,https://bscscan.com/tx/0xec618ecd400eb6bd05659e6135095acc568d3c6b60cdf2b755693ea631c70b5b
2023-03-25 14:12:57,False,3.543e-05,1.093e-08,88733000.0,9.69862,0x8e...abca,https://bscscan.com/tx/0x738f0c65820e25c4eb25fb39909895bd0f613b75062ea08ba35ae11bfc5bddbd
2023-03-25 14:12:57,False,3.547e-05,1.094e-08,27118.5,0.0029,0x8e...abca,https://bscscan.com/tx/0x738f0c65820e25c4eb25fb39909895bd0f613b75062ea08ba35ae11bfc5bddbd
2023-03-25 14:10:47,False,3.549e-05,1.094e-08,9970000.0,1.09104,0x78...39b8,https://bscscan.com/tx/0x5d2cc4356d25e64f55f14bb1fe00e9c3b6a047fd80affab2556dfda6d91e4dc9
2023-03-25 14:10:47,False,3.549e-05,1.094e-08,13505.5,0.0014,0x78...39b8,https://bscscan.com/tx/0x5d2cc4356d25e64f55f14bb1fe00e9c3b6a047fd80affab2556dfda6d91e4dc9
2023-03-25 14:03:36,True,3.548e-05,1.099e-08,2055.51,2.26e-05,0xb7...4f51,https://bscscan.com/tx/0x5f0b70748e17bb0a247eb331bb70dd822d1832a125356cb879e27781b9a3f951
2023-03-25 14:03:00,False,3.531e-05,1.094e-08,4985000.0,0.5456,0x78...39b8,https://bscscan.com/tx/0xf30c48f71f104a069ccf79d9e2006db1de254efc2ec764fd4989b81af15ceb7d
2023-03-25 14:03:00,False,3.531e-05,1.094e-08,28274.9,0.003,0x78...39b8,https://bscscan.com/tx/0xf30c48f71f104a069ccf79d9e2006db1de254efc2ec764fd4989b81af15ceb7d
2023-03-25 13:59:54,True,3.566e-05,1.099e-08,9898496.0,1.08879,0x37...2f3d,https://bscscan.com/tx/0xa1ba84359da39edb05f66f11bee25375beab645b9d1fdb7434279ed05465d6cf
2023-03-25 13:58:45,False,3.547e-05,1.094e-08,387634.0,0.0424,0xad...d695,https://bscscan.com/tx/0x11932b0f033edb18dc568566837fde5adfade042e4cb4f891904308ea24ea82f
2023-03-25 13:58:45,False,3.547e-05,1.094e-08,9812.52,0.001,0xad...d695,https://bscscan.com/tx/0x11932b0f033edb18dc568566837fde5adfade042e4cb4f891904308ea24ea82f
2023-03-25 13:56:33,False,3.548e-05,1.094e-08,3568929.0,0.3905,0x1f...3da3,https://bscscan.com/tx/0x382fbb17bd3a2ed20b0f4063691c4aa86e11cf199de80c2ce8527324042375ba
2023-03-25 13:56:33,False,3.548e-05,1.094e-08,735.534,8.049e-06,0x1f...3da3,https://bscscan.com/tx/0x382fbb17bd3a2ed20b0f4063691c4aa86e11cf199de80c2ce8527324042375ba
2023-03-25 13:54:57,False,3.531e-05,1.094e-08,132938.0,0.0145,0x72...46a7,https://bscscan.com/tx/0x94d3d64931b16dc9607395998b39e9d58a690f8e8a5f5af93907d55fc689deb9
2023-03-25 13:54:57,False,3.531e-05,1.094e-08,22461.7,0.0024,0x72...46a7,https://bscscan.com/tx/0x94d3d64931b16dc9607395998b39e9d58a690f8e8a5f5af93907d55fc689deb9
2023-03-25 13:53:51,True,3.548e-05,1.099e-08,1006685.0,0.1107,0x0c...e02a,https://bscscan.com/tx/0x92a26e9eefd37d8963024aa2e1d3018eaf1bce9b582236e9d7a06964e2e2ccc5
2023-03-25 13:53:06,True,3.566e-05,1.099e-08,6062475.0,0.6667,0x0c...e02a,https://bscscan.com/tx/0x0de130972abea30115133dc31d889e7244f038e395788ca7021a9c877919503e
2023-03-25 13:50:54,False,3.548e-05,1.094e-08,1246250.0,0.1363,0x2e...f345,https://bscscan.com/tx/0x2cdc4282adef386a3e1fbedd5beb1dbf888cb011975d59127b7828df5aef8938
2023-03-25 13:50:54,False,3.548e-05,1.094e-08,2256.6,2.469e-05,0x2e...f345,https://bscscan.com/tx/0x2cdc4282adef386a3e1fbedd5beb1dbf888cb011975d59127b7828df5aef8938
2023-03-25 13:47:09,False,3.529e-05,1.094e-08,565660.0,0.0619,0x23...c33d,https://bscscan.com/tx/0x2b8728aa195dbf9a3ee612bebcd460eaa6e28dfef2e2df96cc3d7369ee0936a8
2023-03-25 13:47:09,False,3.529e-05,1.094e-08,16567.3,0.0018,0x23...c33d,https://bscscan.com/tx/0x2b8728aa195dbf9a3ee612bebcd460eaa6e28dfef2e2df96cc3d7369ee0936a8
2023-03-25 13:46:45,True,3.565e-05,1.099e-08,429128.0,0.0471,0xd6...1d16,https://bscscan.com/tx/0x52fa5aa0cf566965ff34361b72b29ae212e05f481ddfc4b03e3b3274e685f22e
2023-03-25 13:46:00,False,3.53e-05,1.094e-08,5689784.0,0.6226,0xba...7aaf,https://bscscan.com/tx/0xd3c626033e70ee3510a77a437bff1e84c8711e3162c503668205d705308a5de2
2023-03-25 13:46:00,False,3.53e-05,1.094e-08,24423.0,0.0026,0xba...7aaf,https://bscscan.com/tx/0xd3c626033e70ee3510a77a437bff1e84c8711e3162c503668205d705308a5de2
2023-03-25 13:45:42,False,3.547e-05,1.094e-08,9018403.0,0.9871,0xd8...e818,https://bscscan.com/tx/0x8dd3c9920ad572506409c0d964cd60872a6da301ab68db664f5d66f00d695580
2023-03-25 13:45:42,False,3.547e-05,1.094e-08,31601.4,0.0034,0xd8...e818,https://bscscan.com/tx/0x8dd3c9920ad572506409c0d964cd60872a6da301ab68db664f5d66f00d695580
2023-03-25 13:45:33,True,3.566e-05,1.1e-08,6704206.0,0.7375,0xf5...2d36,https://bscscan.com/tx/0x248ce36f252af01878424275805ccedb69ba53d378979dae83a00ba113bd315f
2023-03-25 13:45:21,False,3.548e-05,1.094e-08,4985000.0,0.5456,0x78...39b8,https://bscscan.com/tx/0x9b602712012e746bd9df4c295a861296d11471d1734964061ceea8ed62dd77ce
2023-03-25 13:45:21,False,3.548e-05,1.094e-08,4061.58,4.445e-05,0x78...39b8,https://bscscan.com/tx/0x9b602712012e746bd9df4c295a861296d11471d1734964061ceea8ed62dd77ce
2023-03-25 13:45:00,False,3.548e-05,1.094e-08,1499776.0,0.1641,0x59...b70f,https://bscscan.com/tx/0x8b3386d3f01d2d3a81dd01b241c0b0a2cc6f4c541802b3355e1157102104f31d
2023-03-25 13:45:00,False,3.548e-05,1.094e-08,8922.97,9.767e-05,0x59...b70f,https://bscscan.com/tx/0x8b3386d3f01d2d3a81dd01b241c0b0a2cc6f4c541802b3355e1157102104f31d
2023-03-25 13:43:27,False,3.548e-05,1.094e-08,99700.0,0.0109,0x7b...100e,https://bscscan.com/tx/0xffcd7dc5fccf7cad0b3d6db403486b5d4971f8ce0b5ed5471fe823c8193901de
2023-03-25 13:43:27,False,3.548e-05,1.094e-08,515.625,5.644e-06,0x7b...100e,https://bscscan.com/tx/0xffcd7dc5fccf7cad0b3d6db403486b5d4971f8ce0b5ed5471fe823c8193901de
2023-03-25 13:42:48,False,3.548e-05,1.094e-08,190399.0,0.0208,0x88...7da8,https://bscscan.com/tx/0xd4d0bfb578f7f6c84e70369c9658f49f4ba2b2b2d2c18e2cab7362ee4a0061ca
2023-03-25 13:42:48,False,3.548e-05,1.094e-08,33938.7,0.0037,0x88...7da8,https://bscscan.com/tx/0xd4d0bfb578f7f6c84e70369c9658f49f4ba2b2b2d2c18e2cab7362ee4a0061ca
2023-03-25 13:41:48,True,3.566e-05,1.1e-08,1363439.0,0.15,0x67...20c8,https://bscscan.com/tx/0xc446a6284f634500199d72bacf07ed5e6f5f239c2db05abbe53ddbee3bfd20db
2023-03-25 13:39:27,True,3.566e-05,1.1e-08,7826644.0,0.8609,0xb9...bc36,https://bscscan.com/tx/0x4da6138134c145fcad247e0b9e4fe4b97271c9bc104cd9667d7edcf80f90734e
2023-03-25 13:37:39,True,3.548e-05,1.099e-08,2952533.0,0.3247,0x6d...97b6,https://bscscan.com/tx/0x94c022b77e068c5b353f79083963984b9080a6cab36a92a8d9ccf0a4beb00191
2023-03-25 13:36:18,True,3.55e-05,1.1e-08,297267.0,0.0327,0xcc...b10f,https://bscscan.com/tx/0xa10f52eac4b5b8859e4103236e9a84d93b3b03f7ecab38239a5454b1150a7403
2023-03-25 13:34:12,False,3.53e-05,1.094e-08,129610.0,0.0141,0xd0...692d,https://bscscan.com/tx/0x6722f9e071d413f2f91c0ba3f2fe7c08f4e96428d4dc5d9eef109a97f2000d4b
2023-03-25 13:34:12,False,3.53e-05,1.094e-08,7099.43,7.769e-05,0xd0...692d,https://bscscan.com/tx/0x6722f9e071d413f2f91c0ba3f2fe7c08f4e96428d4dc5d9eef109a97f2000d4b
2023-03-25 13:32:21,True,3.548e-05,1.099e-08,313055.0,0.0344,0xc9...8fde,https://bscscan.com/tx/0xa1c6207f7cb914625a89a691a446edc1a1ceff64d50aaaf2136920e871b44313
2023-03-25 13:31:51,True,3.566e-05,1.099e-08,774934.0,0.0852,0x78...ea80,https://bscscan.com/tx/0x02c66f657030f44504bba66f40a03e02a6a2ffbc71c273b5c11bac0e1c743f50
2023-03-25 13:31:24,True,3.566e-05,1.099e-08,402011.0,0.0442,0x69...1b5e,https://bscscan.com/tx/0xdd0dc99553ae273a13c8ea589ae8feaedc9dfd1c7597aff1f330b7883945505b
2023-03-25 13:30:21,True,3.548e-05,1.099e-08,120000.0,0.0132,0x85...c493,https://bscscan.com/tx/0xd27ac801c8d884588e65598ae5ecff3f93461b4720752ef14eeddafacbb126c1
2023-03-25 13:29:45,False,3.548e-05,1.094e-08,1016360.0,0.1112,0x08...0acf,https://bscscan.com/tx/0x3d6102f50b759c8757c646935f1dfbe19128b318b0c62db641d34e0df5e25008
2023-03-25 13:29:45,False,3.548e-05,1.094e-08,15676.7,0.0017,0x08...0acf,https://bscscan.com/tx/0x3d6102f50b759c8757c646935f1dfbe19128b318b0c62db641d34e0df5e25008
2023-03-25 13:26:21,False,3.53e-05,1.094e-08,5686203.0,0.6223,0x5c...ec6b,https://bscscan.com/tx/0x57dd325fcf6583d668fab42963cd35b0164414f5f1af0aa6d3bdf7f65f786c4c
2023-03-25 13:26:21,False,3.531e-05,1.094e-08,5940.0,6.501e-05,0x5c...ec6b,https://bscscan.com/tx/0x57dd325fcf6583d668fab42963cd35b0164414f5f1af0aa6d3bdf7f65f786c4c
2023-03-25 13:21:57,False,3.531e-05,1.094e-08,2193400.0,0.24,0x26...6aa3,https://bscscan.com/tx/0x8307f9bbdf38e8e1b8af3b979ca2c04f5eb6195a31284cdebe9d9dfe0444d412
2023-03-25 13:21:57,False,3.531e-05,1.094e-08,125692.0,0.0137,0x26...6aa3,https://bscscan.com/tx/0x8307f9bbdf38e8e1b8af3b979ca2c04f5eb6195a31284cdebe9d9dfe0444d412
2023-03-25 13:21:21,True,3.567e-05,1.1e-08,1136368.0,0.125,0xd4...5f10,https://bscscan.com/tx/0x4b4626f8a81bd5b071fa8c6f0876628caeacc384cbfa6482a22b8675243c75d6
2023-03-25 13:17:45,True,3.566e-05,1.099e-08,2803658.0,0.3084,0xa5...2933,https://bscscan.com/tx/0x0e892c26dfd7acf680d934a5e1e8cd445daf943fa14fe32a67cec427abd0b923
2023-03-25 13:15:03,False,3.532e-05,1.095e-08,42484713.0,4.65214,0xd0...c17f,https://bscscan.com/tx/0xd22cbd68eb8e1cb0edbeeb5b0ba3b0bdef152bb8c129c88fe92045f02ebbd4ae
2023-03-25 13:15:03,False,3.534e-05,1.095e-08,11588.5,0.0012,0xd0...c17f,https://bscscan.com/tx/0xd22cbd68eb8e1cb0edbeeb5b0ba3b0bdef152bb8c129c88fe92045f02ebbd4ae
2023-03-25 13:12:00,True,3.568e-05,1.101e-08,1399000.0,0.154,0xda...992c,https://bscscan.com/tx/0xc711bdc4c47071741bd804e8caa82a47a7e02ce640513aac04721a0dd22dc3d4
2023-03-25 13:11:54,True,3.568e-05,1.101e-08,454117.0,0.05,0xa9...4b0d,https://bscscan.com/tx/0x89f6112f09b476bc84ca3b47dbf315cb4b0fb446ba7cefccf598ec5f769e2c8b
2023-03-25 13:07:48,False,3.535e-05,1.095e-08,2373161.0,0.26,0xb9...d38e,https://bscscan.com/tx/0x919de67e6d06cd67ee779aa07f29539619350bf9fb85e78057289d8b3ff32d1e
2023-03-25 13:07:48,False,3.535e-05,1.095e-08,22057.1,0.0024,0xb9...d38e,https://bscscan.com/tx/0x919de67e6d06cd67ee779aa07f29539619350bf9fb85e78057289d8b3ff32d1e
2023-03-25 13:04:39,False,3.552e-05,1.095e-08,8144784.0,0.8924,0x01...4cea,https://bscscan.com/tx/0xc6648669a3a135aa45393a606b065a8fb23b90ba4f064c78627cdd14f6c37595
2023-03-25 13:04:39,False,3.552e-05,1.095e-08,3700.27,4.054e-05,0x01...4cea,https://bscscan.com/tx/0xc6648669a3a135aa45393a606b065a8fb23b90ba4f064c78627cdd14f6c37595
2023-03-25 13:04:39,True,3.57e-05,1.101e-08,1061353.0,0.1168,0x37...37d3,https://bscscan.com/tx/0xf9822a02fa2b676eb928af09fddad15cf5504aa321b583a2a65cede9f0e23931
2023-03-25 13:02:18,False,3.551e-05,1.095e-08,308192.0,0.0337,0xd1...fb06,https://bscscan.com/tx/0x0dfa708bbb28d1395fdddcbfd9891b3978d3d5a5754bc1b396469c1fc6386d84
2023-03-25 13:02:18,False,3.552e-05,1.095e-08,750.508,8.224e-06,0xd1...fb06,https://bscscan.com/tx/0x0dfa708bbb28d1395fdddcbfd9891b3978d3d5a5754bc1b396469c1fc6386d84
2023-03-25 13:00:33,False,3.553e-05,1.095e-08,277132.0,0.0303,0xf5...fb47,https://bscscan.com/tx/0x57ff2e2e338d58b96df7794c246dcdc40abea2bdb9745624403ab6db6450bb4d
2023-03-25 13:00:33,False,3.553e-05,1.095e-08,1733.71,1.899e-05,0xf5...fb47,https://bscscan.com/tx/0x57ff2e2e338d58b96df7794c246dcdc40abea2bdb9745624403ab6db6450bb4d
2023-03-25 12:57:36,False,3.553e-05,1.095e-08,640188.0,0.0701,0x99...b741,https://bscscan.com/tx/0xe56397322b6d80c79cf62fc9cf3bf44728b17a0f7257a2a481fa45407e93b1fd
2023-03-25 12:57:36,False,3.553e-05,1.095e-08,103373.0,0.0113,0x99...b741,https://bscscan.com/tx/0xe56397322b6d80c79cf62fc9cf3bf44728b17a0f7257a2a481fa45407e93b1fd
2023-03-25 12:57:33,True,3.571e-05,1.101e-08,1766760.0,0.1945,0x5d...2948,https://bscscan.com/tx/0x5c2ad1a8f4b11bf4090108b6d925a6c7ee530647d974dcce1288e4c6e26e3f17
2023-03-25 12:56:03,True,3.57e-05,1.101e-08,10069402.0,1.10878,0x78...39b8,https://bscscan.com/tx/0x4cca4bc11f2b6893234eb7312116ff6004fca4de5467ab9975c7114262700fc7
2023-03-25 12:55:24,True,3.552e-05,1.1e-08,1150870.0,0.1267,0x79...88cf,https://bscscan.com/tx/0x949266046fde06df4d8adbd800ca736ae043f22ef6ba1277d39aa9db4397f131
2023-03-25 12:55:12,True,3.551e-05,1.1e-08,18193678.0,2.00263,0xcc...0331,https://bscscan.com/tx/0x6098c2f50372cffd0addc28deebabc8fa095dff476270512b9441b14b23277e7
2023-03-25 12:54:42,True,3.568e-05,1.1e-08,3925741.0,0.432,0x26...a033,https://bscscan.com/tx/0xfb883dd468e93c05fbeb775861651e91a08878167982d5da0f24954d21f9faf4
2023-03-25 12:54:12,True,3.568e-05,1.1e-08,279914.0,0.0308,0xdd...1cdf,https://bscscan.com/tx/0x40f2483f40e5fc28cb2ae938e1e507dc0df20e7ffd6c33f7cc2a0e286c307c5f
2023-03-25 12:52:51,False,3.533e-05,1.094e-08,2891300.0,0.3165,0x73...187b,https://bscscan.com/tx/0xbaf824e1a028f8787141b5a4e1f04ee7d7a78785c33fc30ad51955a9b274dc1d
2023-03-25 12:52:51,False,3.533e-05,1.094e-08,20604.2,0.0022,0x73...187b,https://bscscan.com/tx/0xbaf824e1a028f8787141b5a4e1f04ee7d7a78785c33fc30ad51955a9b274dc1d
2023-03-25 12:51:36,True,3.568e-05,1.1e-08,446199.0,0.0491,0x7e...4648,https://bscscan.com/tx/0x5261968afcd38ef6f4b394e9138971ba57574559d44057ff0cf2c7660a66af6f
2023-03-25 12:50:48,True,3.568e-05,1.1e-08,2812242.0,0.3094,0x47...e8e1,https://bscscan.com/tx/0xff2093c407979968def42bac94cb4ac60dc0af240007e49dfeb0bfef6138e89a
2023-03-25 12:50:39,True,3.568e-05,1.1e-08,265534.0,0.0292,0x0e...7dbf,https://bscscan.com/tx/0xb8c356f330378bd9f11a2262fb47e7a49c447b2ffbfb9a7f342cf2cd1aff01fc
2023-03-25 12:50:06,True,3.55e-05,1.1e-08,1539499.0,0.1694,0xfc...6e9f,https://bscscan.com/tx/0x72a688afc2f483675397ca1a23d0e9cbec31c47a1d9fc34c1faea5aa5a93b25f
2023-03-25 12:48:54,True,3.568e-05,1.1e-08,1681378.0,0.185,0x5a...aea2,https://bscscan.com/tx/0x3bcd0767d6714bcc28afc29b4880bb019e3d0a0914aaf35357ccea8b3f40d444
2023-03-25 12:47:57,True,3.57e-05,1.1e-08,218130.0,0.024,0xa1...f618,https://bscscan.com/tx/0xf0370950597e3699dcfa639563745537334a8df8233d1a891cca8dd11568ac72
2023-03-25 12:45:27,True,3.568e-05,1.1e-08,70000.2,0.0077,0x59...20ac,https://bscscan.com/tx/0xa58484a4086036c71ddc96ad732c633152a20610386f8a0a07057cf9c18d1a5f
2023-03-25 12:43:33,False,3.532e-05,1.094e-08,596405.0,0.0652,0xae...9bd7,https://bscscan.com/tx/0x19a243c7603380b463c2ac096396d0159f6e0ade14e45aa0ee7bf1abe2596b91
2023-03-25 12:43:33,False,3.532e-05,1.094e-08,52690.0,0.0057,0xae...9bd7,https://bscscan.com/tx/0x19a243c7603380b463c2ac096396d0159f6e0ade14e45aa0ee7bf1abe2596b91
2023-03-25 12:43:30,True,3.55e-05,1.1e-08,9311591.0,1.02441,0x59...d026,https://bscscan.com/tx/0x6e91705232758fb4ceb9b7defb798a599fb6b006dee27b3b3d1fcf496b577c21
2023-03-25 12:40:57,True,3.549e-05,1.1e-08,163370.0,0.0179,0xf7...09d5,https://bscscan.com/tx/0xccc158bac72d2927513de6092c3eab62f0edfdc66699cc5343a7fe74b27639ad
2023-03-25 12:38:33,False,3.549e-05,1.094e-08,9970000.0,1.09138,0x78...39b8,https://bscscan.com/tx/0x09cef7d6ab8afbee267364042a4b51ded583c56d4ace9165cedbabcc9a14df43
