datetime,buy_order,price_USD,price_native,amount_token,total_native,maker,etherscan_url
2023-03-25 09:29:27,True,3.496e-05,1.078e-08,848465.0,0.0915,0x4e...585e,https://bscscan.com/tx/0xdb80deb727e5fc288dcdbd44772e89fe0ddec659aca43ce4d100bab5e45a9363
2023-03-25 09:28:33,False,3.479e-05,1.073e-08,5127571.0,0.5503,0x48...f0d7,https://bscscan.com/tx/0x10c94253a7bd81ae1f0eb53f2078d4ac9623a80f19747023f40e2a1788fcb786
2023-03-25 09:28:33,False,3.479e-05,1.073e-08,74118.7,0.0079,0x48...f0d7,https://bscscan.com/tx/0x10c94253a7bd81ae1f0eb53f2078d4ac9623a80f19747023f40e2a1788fcb786
2023-03-25 09:27:42,True,3.479e-05,1.078e-08,942622.0,0.1016,0xe2...b65c,https://bscscan.com/tx/0x5f9d238340b8beb226e00cf0c36ced0240f40d811806835d508884cd432feb3c
2023-03-25 09:27:03,False,3.463e-05,1.073e-08,26429223.0,2.83745,0x9a...60e8,https://bscscan.com/tx/0x89178d2e422490bf77ff8932e243fd6ea25569f70e4cc5b0809ede5c59480bb7
2023-03-25 09:27:03,False,3.464e-05,1.073e-08,47715.7,0.0051,0x9a...60e8,https://bscscan.com/tx/0x89178d2e422490bf77ff8932e243fd6ea25569f70e4cc5b0809ede5c59480bb7
2023-03-25 09:24:57,False,3.464e-05,1.074e-08,17619482.0,1.89264,0x9a...60e8,https://bscscan.com/tx/0x04d130744e48ffbdce11294065406d11c00d9a847a8d280443f2fbbf0384aaef
2023-03-25 09:24:57,False,3.465e-05,1.074e-08,2640.77,2.837e-05,0x9a...60e8,https://bscscan.com/tx/0x04d130744e48ffbdce11294065406d11c00d9a847a8d280443f2fbbf0384aaef
2023-03-25 09:22:18,False,3.465e-05,1.074e-08,304097.0,0.0326,0x5b...676e,https://bscscan.com/tx/0x141fda6c6f03b048f40101acf1f17c0c38f0f232ef176afdf0e57d5d56fe3295
2023-03-25 09:22:18,False,3.465e-05,1.074e-08,29123.2,0.0031,0x5b...676e,https://bscscan.com/tx/0x141fda6c6f03b048f40101acf1f17c0c38f0f232ef176afdf0e57d5d56fe3295
2023-03-25 09:22:09,False,3.465e-05,1.074e-08,10754028.0,1.15558,0xb6...d70e,https://bscscan.com/tx/0x96bc75a7a3fc9e9570a7d8cf7b735f58219dd03a7f978d6edfbc41f5014202c2
2023-03-25 09:22:09,False,3.466e-05,1.074e-08,48539.0,0.0052,0xb6...d70e,https://bscscan.com/tx/0x96bc75a7a3fc9e9570a7d8cf7b735f58219dd03a7f978d6edfbc41f5014202c2
2023-03-25 09:17:15,True,3.5e-05,1.08e-08,5460867.0,0.5897,0x5d...7671,https://bscscan.com/tx/0x7f727513aede93b89642a3bdd81f7bca5c7d6644bda5c7a398023dd8d2e7b0e0
2023-03-25 09:15:42,True,3.482e-05,1.079e-08,125758.0,0.0135,0xe3...71ef,https://bscscan.com/tx/0x5249dc6d69f1b3a3f1b0253fe743f6bf288ebbd2572211a6b172f8dbd54dc2b8
2023-03-25 09:13:03,False,3.483e-05,1.074e-08,10738555.0,1.15406,0x56...c527,https://bscscan.com/tx/0x12e620d5ff6ca83f0845bd236d09cc33064132b62586f8359069ad88f14ac8d4
2023-03-25 09:13:03,False,3.484e-05,1.074e-08,17890.8,0.0019,0x56...c527,https://bscscan.com/tx/0x12e620d5ff6ca83f0845bd236d09cc33064132b62586f8359069ad88f14ac8d4
2023-03-25 09:12:12,True,3.501e-05,1.08e-08,771054.0,0.0832,0x3f...8929,https://bscscan.com/tx/0xe96bf2edce68f026dbd32e02814b52ba0a0e6a2d5b6b29aa776a014d0ded30ce
2023-03-25 09:11:30,True,3.501e-05,1.08e-08,2851189.0,0.3079,0x62...c855,https://bscscan.com/tx/0xefdf526cee01d1e66b5d8783828a56ea66e820a4457de15d503d0c9f2a710d2d
2023-03-25 09:09:24,False,3.486e-05,1.074e-08,2994953.0,0.3218,0xf8...9a09,https://bscscan.com/tx/0x506705772f675fb5956be3ef832b6c5e8a86c0b1b8e407607cd08839777ce97e
2023-03-25 09:09:24,False,3.486e-05,1.074e-08,727.874,7.823e-06,0xf8...9a09,https://bscscan.com/tx/0x506705772f675fb5956be3ef832b6c5e8a86c0b1b8e407607cd08839777ce97e
2023-03-25 09:08:57,True,3.501e-05,1.08e-08,83229.2,0.0089,0x01...fcd3,https://bscscan.com/tx/0x967abdd8c98a821ac371dfd75ffa6c55cfb03ad66abc31131c86d959f160a10e
2023-03-25 09:07:36,False,3.467e-05,1.074e-08,185795.0,0.0199,0x99...9ce0,https://bscscan.com/tx/0x78b3e8749d803d136fc706b423ed50b58daf95c7d095b8642b8e38399b3f8034
2023-03-25 09:07:36,False,3.467e-05,1.074e-08,3558.6,3.824e-05,0x99...9ce0,https://bscscan.com/tx/0x78b3e8749d803d136fc706b423ed50b58daf95c7d095b8642b8e38399b3f8034
2023-03-25 09:01:51,True,3.501e-05,1.08e-08,318000.0,0.0343,0x20...a995,https://bscscan.com/tx/0xd873ea5f689afe6a4706b43147a348e4ced5d72f77722db288ca5086c2747cf4
2023-03-25 09:00:30,False,3.482e-05,1.074e-08,997000.0,0.1071,0x54...5ba9,https://bscscan.com/tx/0xac3f74a069766515b1da0626be648139832707dc7a0dece3c65040fa8bebcd97
2023-03-25 09:00:30,False,3.482e-05,1.074e-08,156761.0,0.0168,0x54...5ba9,https://bscscan.com/tx/0xac3f74a069766515b1da0626be648139832707dc7a0dece3c65040fa8bebcd97
2023-03-25 08:57:23,True,3.498e-05,1.08e-08,298036.0,0.0321,0xb2...5315,https://bscscan.com/tx/0xb23d9d2ee8285ae3b88e4206a371bb5220312958d766396a9ef3f3dcde443fec
2023-03-25 08:52:06,True,3.498e-05,1.08e-08,250620.0,0.027,0xff...2b8a,https://bscscan.com/tx/0xfcf0b316f0cf4769ae117d389a959bc098bf57a089478971fef9b4991e014744
2023-03-25 08:51:30,False,3.483e-05,1.075e-08,57338430.0,6.16714,0xd9...1e86,https://bscscan.com/tx/0x8d08e6016b8bea03355c2b44a2786ca650dc0eeb2c00728f60bd3974e3e28579
2023-03-25 08:51:30,False,3.485e-05,1.076e-08,28316.9,0.003,0xd9...1e86,https://bscscan.com/tx/0x8d08e6016b8bea03355c2b44a2786ca650dc0eeb2c00728f60bd3974e3e28579
2023-03-25 08:47:36,True,3.505e-05,1.081e-08,3112775.0,0.3367,0xa8...4cf3,https://bscscan.com/tx/0xe74451cd50bbc8c50871195b7f189f2927f923d8f7af58d8a327d73521639809
2023-03-25 08:41:42,True,3.486e-05,1.081e-08,1849097.0,0.2,0x59...9991,https://bscscan.com/tx/0x38fc7426937f4f8c686dcaaea4306c7e5c18421ea9e7bf9842bb52df4124a693
2023-03-25 08:40:57,True,3.486e-05,1.081e-08,350718.0,0.0379,0xe7...7ca7,https://bscscan.com/tx/0xb778ae65ab3def797afd9e8682a3684b7f3af42e68bb8f35b4cccff1d59ce174
2023-03-25 08:40:18,True,3.504e-05,1.081e-08,462291.0,0.05,0xb2...5315,https://bscscan.com/tx/0xe45e1ba11557f47c4a750efb7d63f3e342a9fb87b30d62f53fdd71a988e5d89c
2023-03-25 08:36:18,True,3.485e-05,1.081e-08,541791.0,0.0586,0xe7...7ca7,https://bscscan.com/tx/0x157ae203ec041b4d839c6453be9c8db97924f5c2f18f8a626ee0996274adb572
2023-03-25 08:34:39,True,3.501e-05,1.081e-08,50000.0,0.0054,0x29...9f7a,https://bscscan.com/tx/0x343ef25f7f75dda642f65e2b843c9235cd030b719250f317ed8511ea4ea6da06
2023-03-25 08:32:51,True,3.484e-05,1.081e-08,320375.0,0.0346,0x9c...6bf1,https://bscscan.com/tx/0x2ac3dc761f59718fadb7cfdf2987d73875845c3b6051484358265db3e31642f1
2023-03-25 08:29:42,False,3.488e-05,1.076e-08,146162.0,0.0157,0x85...0193,https://bscscan.com/tx/0xf43ec27fdf24a093692b6f53f0b81398514fd304e237a65a93cea676ba98ba16
2023-03-25 08:29:42,False,3.488e-05,1.076e-08,26023.6,0.0028,0x85...0193,https://bscscan.com/tx/0xf43ec27fdf24a093692b6f53f0b81398514fd304e237a65a93cea676ba98ba16
2023-03-25 08:28:09,True,3.504e-05,1.081e-08,5128268.0,0.5546,0x6b...9f5d,https://bscscan.com/tx/0xdfb75170a22fd94c788f4bf402b6ebe7ee002f825722e647c90d21d460b6991c
2023-03-25 08:27:42,False,3.487e-05,1.076e-08,4496557.0,0.4838,0xf8...9a09,https://bscscan.com/tx/0x88d42b53311ea1184f7f6c795bfba5f2cce4886657c7f61335a309be32d1da68
2023-03-25 08:27:42,False,3.487e-05,1.076e-08,2606.32,2.804e-05,0xf8...9a09,https://bscscan.com/tx/0x88d42b53311ea1184f7f6c795bfba5f2cce4886657c7f61335a309be32d1da68
2023-03-25 08:27:30,False,3.487e-05,1.076e-08,962409.0,0.1035,0x26...deec,https://bscscan.com/tx/0x36e7b762eda867fe668f0884e15c8bc2e389397ebc8485c73306f1e8c67eb2ec
2023-03-25 08:27:30,False,3.487e-05,1.076e-08,297960.0,0.032,0x26...deec,https://bscscan.com/tx/0x36e7b762eda867fe668f0884e15c8bc2e389397ebc8485c73306f1e8c67eb2ec
2023-03-25 08:25:42,True,3.484e-05,1.08e-08,49608708.0,5.36225,0xfe...5ad3,https://bscscan.com/tx/0x2e081fe18180dd0bc602271b74a4cc1461ec30a0d449868661802d5ad4e558a0
2023-03-25 08:25:42,True,3.482e-05,1.08e-08,5029009.0,0.5432,0x6b...9f5d,https://bscscan.com/tx/0x325bb8931436388e261f964d7d9198e24f65c70a45835fd4419346961413e04a
2023-03-25 08:25:39,True,3.501e-05,1.08e-08,1474061.0,0.1592,0xbc...051a,https://bscscan.com/tx/0x6b856b2b937b43e4a9f5d9f054a80625d219cd20fb4f33bd3166ace2ee2222aa
2023-03-25 08:25:33,True,3.501e-05,1.08e-08,5127882.0,0.5538,0x6b...9f5d,https://bscscan.com/tx/0xf6c0521303170d9c9ac1e5e47b5cc87dfd36260c5935dbf5e0eb170036428cf8
2023-03-25 08:25:33,True,3.5e-05,1.079e-08,18547126.0,2.00256,0xcc...0331,https://bscscan.com/tx/0x73006305f9be78512db284337034ccb63af32d9b803c841c1cc3adb65ac9dcdf
2023-03-25 08:25:24,True,3.499e-05,1.079e-08,5084876.0,0.5488,0x6b...9f5d,https://bscscan.com/tx/0x43b7cd310164a4570cc05a73ec3eda1f1558d1f4c14663011da971e9be46bb65
2023-03-25 08:25:15,True,3.498e-05,1.079e-08,5193867.0,0.5605,0x6b...9f5d,https://bscscan.com/tx/0x0d7366f1c7c30dd9dfb192fac37fe755b1d01f40c9cf92da9e80787adc12caad
2023-03-25 08:25:12,True,3.498e-05,1.079e-08,185322.0,0.02,0xa8...7a53,https://bscscan.com/tx/0xdc7cc56654f5e60387d36a4fb6376372790aff0b110cdbefb03b4d2657057ca5
2023-03-25 08:25:06,True,3.497e-05,1.079e-08,5093748.0,0.5496,0x6b...9f5d,https://bscscan.com/tx/0x050ce685573a82cc56052e7175a652fac9cac5221b9bdb2b34b8ed2893d06a05
2023-03-25 08:24:57,True,3.497e-05,1.078e-08,5023075.0,0.5419,0x6b...9f5d,https://bscscan.com/tx/0xb3aa9fbfe5db8c2a5aba990f30d2b3bc8060eaeb9d0208de84bfb2ff89577367
2023-03-25 08:24:45,True,3.497e-05,1.078e-08,5013540.0,0.5408,0x6b...9f5d,https://bscscan.com/tx/0x579b569d9efbe29ffe8a65f81666c6a4a6d3c711dce97afec0cc8b79f060a312
2023-03-25 08:22:09,True,3.479e-05,1.078e-08,1474340.0,0.159,0x7c...36d7,https://bscscan.com/tx/0x095ac283fe607f5c87a214127c4ab18242d521b03fa72996117a77ae4809da37
2023-03-25 08:18:45,False,3.478e-05,1.073e-08,3489500.0,0.3745,0xc2...7117,https://bscscan.com/tx/0x98fc7c7ce2b7dc38b3d220030f6653752d1ce6bc5ccaf4ef420e68f14cd9b920
2023-03-25 08:18:45,False,3.479e-05,1.073e-08,24253.5,0.0026,0xc2...7117,https://bscscan.com/tx/0x98fc7c7ce2b7dc38b3d220030f6653752d1ce6bc5ccaf4ef420e68f14cd9b920
2023-03-25 08:16:21,True,3.495e-05,1.078e-08,41003.2,0.0044,0xa7...8517,https://bscscan.com/tx/0x87816873cead2fd6cc99f60fb40edaf59ec564186a54e8ef9f5cfd05cde47474
2023-03-25 08:14:24,True,3.494e-05,1.078e-08,299346.0,0.0322,0x29...9f7a,https://bscscan.com/tx/0x50e48a57ad23d001c322c29fb1445630e56c87abdf268cdc1b7bcb9e5570896e
2023-03-25 08:13:36,True,3.494e-05,1.078e-08,53676.4,0.0057,0xa1...7e17,https://bscscan.com/tx/0x7d18f6c4d64bf3a3290928c7cbbc577d5bcd07710bdee3f7709385fde012474b
2023-03-25 08:13:18,True,3.475e-05,1.078e-08,92691.8,0.01,0x75...408d,https://bscscan.com/tx/0x54ea598e6f79e1a401b64142adf91b7eb82ccb3607f055b6bbb049c63f3cda28
2023-03-25 08:13:09,True,3.475e-05,1.078e-08,369657.0,0.0398,0xd5...0e66,https://bscscan.com/tx/0xf2defd56404d72fcb66e70b9d194bd56263f3edc8a657c4369937576a67624d4
2023-03-25 08:12:42,True,3.475e-05,1.078e-08,6321008.0,0.6818,0x98...304f,https://bscscan.com/tx/0x74535a3aab66e70542a42a2eacf99e32aade7449c1b41ba3c2cc80f6afa5899e
2023-03-25 08:11:51,False,3.475e-05,1.073e-08,1799997.0,0.1931,0x90...707f,https://bscscan.com/tx/0x26ad35bdec55ddaeba0c93624e754ca624b510965713d5fd81bede7f9d4d8da7
2023-03-25 08:11:51,False,3.475e-05,1.073e-08,14426.1,0.0015,0x90...707f,https://bscscan.com/tx/0x26ad35bdec55ddaeba0c93624e754ca624b510965713d5fd81bede7f9d4d8da7
2023-03-25 08:10:12,True,3.49e-05,1.078e-08,342997.0,0.037,0xff...2b8a,https://bscscan.com/tx/0xd540734c778c8d55e6453d2469692d2fd7221c22d780b4120e9c6bb2a78676e4
2023-03-25 08:10:09,False,3.475e-05,1.073e-08,4985000.0,0.535,0x4c...a988,https://bscscan.com/tx/0x58bdf4ead75be09ad89d2223dcfdf7ad327ef0668b615f054bde035febc42fde
2023-03-25 08:10:09,False,3.475e-05,1.073e-08,4061.58,4.359e-05,0x4c...a988,https://bscscan.com/tx/0x58bdf4ead75be09ad89d2223dcfdf7ad327ef0668b615f054bde035febc42fde
2023-03-25 08:09:16,False,3.456e-05,1.073e-08,1499776.0,0.161,0x59...b70f,https://bscscan.com/tx/0xeaf324fd987e3e732b67f950108c38777d5816fec7ec5f2d18b2a2baae33b0dd
2023-03-25 08:09:16,False,3.456e-05,1.073e-08,2727.52,2.927e-05,0x59...b70f,https://bscscan.com/tx/0xeaf324fd987e3e732b67f950108c38777d5816fec7ec5f2d18b2a2baae33b0dd
2023-03-25 08:06:31,True,3.494e-05,1.078e-08,70191.6,0.0075,0xbf...97c5,https://bscscan.com/tx/0x4e5d31b8a39615e3854fd9e61f8caa5f26a578a0c1da91b04b1e31acbc725dfe
2023-03-25 08:04:34,False,3.46e-05,1.073e-08,937180.0,0.1006,0x18...346b,https://bscscan.com/tx/0xbc5f059affcd85438fb3de25542810e7e46bc808874036dc00fa583f6684233d
2023-03-25 08:04:34,False,3.46e-05,1.073e-08,14216.9,0.0015,0x18...346b,https://bscscan.com/tx/0xbc5f059affcd85438fb3de25542810e7e46bc808874036dc00fa583f6684233d
2023-03-25 08:03:34,True,3.494e-05,1.078e-08,68271.4,0.0073,0xa0...815e,https://bscscan.com/tx/0x5dfda2d7c90050ba736e848a0f86cbe45dc441c5a80c1bb75fd3d292e90283b2
2023-03-25 08:02:52,True,3.494e-05,1.078e-08,1618166.0,0.1745,0x6c...8794,https://bscscan.com/tx/0x70b031257609283d618f331e315d6c9e3eb28f38a3f2014f1fa675d2eef984b9
2023-03-25 08:00:58,False,3.458e-05,1.073e-08,3568351.0,0.383,0x09...006b,https://bscscan.com/tx/0x5c53b2150528184e926465a41253b0433ecee06093d3bf992236a68fb29afdbf
2023-03-25 08:00:58,False,3.458e-05,1.073e-08,637.607,6.845e-06,0x09...006b,https://bscscan.com/tx/0x5c53b2150528184e926465a41253b0433ecee06093d3bf992236a68fb29afdbf
2023-03-25 07:59:58,False,3.475e-05,1.073e-08,235442.0,0.0252,0x51...a88b,https://bscscan.com/tx/0x56576efe91fe1deb843ba6e7ab018845dd7d15c1e07d544689ef3c24fdaf2640
2023-03-25 07:59:58,False,3.475e-05,1.073e-08,1275.21,1.369e-05,0x51...a88b,https://bscscan.com/tx/0x56576efe91fe1deb843ba6e7ab018845dd7d15c1e07d544689ef3c24fdaf2640
2023-03-25 07:58:10,False,3.458e-05,1.073e-08,470884.0,0.0505,0x51...a88b,https://bscscan.com/tx/0x01bba5a1fa078f49ca54c1d494175457d1a509dbb38159265aa609cb2ffd6c39
2023-03-25 07:58:10,False,3.458e-05,1.073e-08,25227.7,0.0027,0x51...a88b,https://bscscan.com/tx/0x01bba5a1fa078f49ca54c1d494175457d1a509dbb38159265aa609cb2ffd6c39
2023-03-25 07:56:16,True,3.476e-05,1.078e-08,114900.0,0.0124,0xab...bcfb,https://bscscan.com/tx/0x6c5794c9894d75a8fda1423ecbe8287d771eeaa966d39dc6a38af662b9e5f08b
2023-03-25 07:55:40,False,3.459e-05,1.073e-08,8204009.0,0.8808,0x2b...9bce,https://bscscan.com/tx/0x78d9f5ba782495288b36adb66524514c36e6c21c04e5d5b66dea17946af023d7
2023-03-25 07:55:40,False,3.459e-05,1.073e-08,54608.4,0.0058,0x2b...9bce,https://bscscan.com/tx/0x78d9f5ba782495288b36adb66524514c36e6c21c04e5d5b66dea17946af023d7
2023-03-25 07:50:44,False,3.459e-05,1.074e-08,20164639.0,2.16579,0x78...af0f,https://bscscan.com/tx/0xde50c525a79cf56cae8478651a4815e81c2ca5596acbeb470ceba1ce78587c94
2023-03-25 07:50:44,False,3.46e-05,1.074e-08,48890.0,0.0052,0x78...af0f,https://bscscan.com/tx/0xde50c525a79cf56cae8478651a4815e81c2ca5596acbeb470ceba1ce78587c94
2023-03-25 07:45:47,True,3.496e-05,1.079e-08,5000000.0,0.5398,0xe4...9432,https://bscscan.com/tx/0x905c15395f986d29bc2880c27ef5395b10d78397f9abf3b3aaab19966b3df50c
2023-03-25 07:44:11,True,3.495e-05,1.079e-08,12694051.0,1.37021,0xba...9e83,https://bscscan.com/tx/0x08f90411d639be43080f94bb06b7808d5bf79e5240342c7b75e7d564980cdebd
2023-03-25 07:42:20,True,3.494e-05,1.079e-08,90449.8,0.0097,0x20...089f,https://bscscan.com/tx/0xfc48413cf3701e1f65d3eeccaf10451bb853735157d1da079a016a7478287240
2023-03-25 07:42:20,True,3.494e-05,1.079e-08,181287.0,0.0195,0x20...089f,https://bscscan.com/tx/0xfc48413cf3701e1f65d3eeccaf10451bb853735157d1da079a016a7478287240
2023-03-25 07:42:14,False,3.477e-05,1.073e-08,141206.0,0.0151,0x35...0102,https://bscscan.com/tx/0xccedb0d69bd96e2c3d7229e52b1105e70b0d563ee84194ef55ec7ba8b93f6f5b
2023-03-25 07:42:14,False,3.477e-05,1.073e-08,10431.6,0.0011,0x35...0102,https://bscscan.com/tx/0xccedb0d69bd96e2c3d7229e52b1105e70b0d563ee84194ef55ec7ba8b93f6f5b
2023-03-25 07:37:05,True,3.478e-05,1.079e-08,2852195.0,0.3078,0x1f...406b,https://bscscan.com/tx/0x11d4e014dcc55625f1ab03837cd1ea74abbad298456295f508bf71321b1c9ca0
2023-03-25 07:36:41,False,3.46e-05,1.073e-08,1008318.0,0.1082,0x4c...ffe6,https://bscscan.com/tx/0x0adc9e1569e11a4257c93e30188577dd424c2bd69a96fc136f7037e2e6910405
2023-03-25 07:36:41,False,3.46e-05,1.073e-08,507521.0,0.0545,0x4c...ffe6,https://bscscan.com/tx/0x0adc9e1569e11a4257c93e30188577dd424c2bd69a96fc136f7037e2e6910405
2023-03-25 07:33:47,True,3.495e-05,1.079e-08,1378164.0,0.1487,0xbb...c106,https://bscscan.com/tx/0x4ec11fc2ca74a9ca4c166cb2b5379b27fcbf7e5fb6bb643022302b45b2bb9393
2023-03-25 07:33:32,True,3.495e-05,1.079e-08,766026.0,0.0826,0xbb...c106,https://bscscan.com/tx/0xfe9f915837078caf52d072b934f377e3b3e52f635aea97afad750a2a882448a9
2023-03-25 07:33:11,True,3.495e-05,1.079e-08,7741690.0,0.8353,0x93...9236,https://bscscan.com/tx/0x3829ee71093eb2eeb7e4f7d799af12853f4582c0dfcf3f58c12692b57d5422b2
2023-03-25 07:33:11,False,3.485e-05,1.075e-08,185269031.0,19.9344,0x3b...a99e,https://bscscan.com/tx/0xa17119ce339784048e264c4b9b2ecc0230a9ebe4fe27524fb53369a5ff719369
2023-03-25 07:33:11,False,3.493e-05,1.078e-08,19639.7,0.0021,0x3b...a99e,https://bscscan.com/tx/0xa17119ce339784048e264c4b9b2ecc0230a9ebe4fe27524fb53369a5ff719369
2023-03-25 07:32:41,False,3.475e-05,1.078e-08,7252126.0,0.7821,0xb3...0f71,https://bscscan.com/tx/0xd9ff52353d33c326eeae24c40ff6a7204b13b3ce58fae7ac44d3b9696b0efd6d
2023-03-25 07:32:41,False,3.475e-05,1.078e-08,49950.0,0.0053,0xb3...0f71,https://bscscan.com/tx/0xd9ff52353d33c326eeae24c40ff6a7204b13b3ce58fae7ac44d3b9696b0efd6d
2023-03-25 07:32:14,False,3.494e-05,1.078e-08,18444500.0,1.98981,0xc2...7117,https://bscscan.com/tx/0xf7ba095e6dc7418ae6f6be4ad2a2fe6898729345c5e61de24dd3d6fb50aad971
2023-03-25 07:32:14,False,3.494e-05,1.079e-08,1080.0,1.165e-05,0xc2...7117,https://bscscan.com/tx/0xf7ba095e6dc7418ae6f6be4ad2a2fe6898729345c5e61de24dd3d6fb50aad971
2023-03-25 07:31:44,False,3.477e-05,1.079e-08,398800.0,0.043,0x10...bce0,https://bscscan.com/tx/0x510a79a14c02f6cd76248e67f0e9dba67879e586d4c9843a5af6fe2771d052ca
2023-03-25 07:31:44,False,3.477e-05,1.079e-08,93628.6,0.0101,0x10...bce0,https://bscscan.com/tx/0x510a79a14c02f6cd76248e67f0e9dba67879e586d4c9843a5af6fe2771d052ca
2023-03-25 07:30:56,True,3.512e-05,1.084e-08,10144355.0,1.1,0x0c...e02a,https://bscscan.com/tx/0xa4f53e9c53feb259667fcfb6cd098f2b553e734a13a74c17950a7f4c4096a8aa
2023-03-25 07:29:50,True,3.493e-05,1.084e-08,27972.4,0.003,0x9c...c3ff,https://bscscan.com/tx/0xbd43fd833085543e91abffe83adfa23b9932c5024b99a8a22824feba1d514884
2023-03-25 07:26:02,True,3.513e-05,1.084e-08,16024245.0,1.73703,0x31...258d,https://bscscan.com/tx/0xc92baf741529bd37f08ce4370982af9f855fbb35c90668728df77510a156f637
2023-03-25 07:24:56,True,3.515e-05,1.084e-08,563893.0,0.0611,0xca...3c87,https://bscscan.com/tx/0x9dea700e99a66a258147a5ebb62bb1a33e8f05da99618a0ecf2d86f945b7fd56
2023-03-25 07:24:53,True,3.514e-05,1.084e-08,563883.0,0.0611,0xca...3c87,https://bscscan.com/tx/0x9dea700e99a66a258147a5ebb62bb1a33e8f05da99618a0ecf2d86f945b7fd56
2023-03-25 07:23:26,True,3.511e-05,1.083e-08,6426.85,6.965e-05,0xbf...97c5,https://bscscan.com/tx/0xb38dc6ad7efc849dcb55e223dcca7e6c5d6be229df7c2de7316a3196eb8ffcbe
2023-03-25 07:21:35,True,3.493e-05,1.083e-08,363567.0,0.0394,0xc2...74f7,https://bscscan.com/tx/0x0dfd1de4790e1d4609d3544da2baa8fde92d9f8697484d66a7eebce489663fdf
2023-03-25 07:19:20,True,3.496e-05,1.083e-08,2100000.0,0.2275,0xc3...7f84,https://bscscan.com/tx/0x26dcfaaff2bd0068ad70b1a068d1a8bea6b89a98e18bd11710422dc7f4aa6301
2023-03-25 07:17:53,True,3.514e-05,1.083e-08,219541.0,0.0237,0xe8...daa2,https://bscscan.com/tx/0xf34bc66f57951d357423a9c5df56d2307c6b81ff05a4b692e1cb36b18c98c061
2023-03-25 07:15:29,True,3.514e-05,1.083e-08,998828.0,0.1082,0x9d...5775,https://bscscan.com/tx/0xb9a03457ca9d78be0c1507d5c1f213b43bd1f7b775cb5be31453fc4eff5787e8
2023-03-25 07:15:23,True,3.497e-05,1.083e-08,947445.0,0.1026,0x51...a88b,https://bscscan.com/tx/0x1d9db5651303125067c808ce999873d050afcdbda03d4d4475a03567d840cb33
2023-03-25 07:13:41,False,3.479e-05,1.078e-08,2020918.0,0.2179,0xe2...b65c,https://bscscan.com/tx/0xcfaeeebcafbca8d06f10a20820a83899897fde33510f9890bb93d36897eb75b5
2023-03-25 07:13:41,False,3.479e-05,1.078e-08,1553.11,1.674e-05,0xe2...b65c,https://bscscan.com/tx/0xcfaeeebcafbca8d06f10a20820a83899897fde33510f9890bb93d36897eb75b5
2023-03-25 07:10:37,False,3.496e-05,1.078e-08,573500.0,0.0618,0x2b...1162,https://bscscan.com/tx/0x1150baddc982c8455bf7ca384f17ac6d36546e90f5853f0561400d7de06b1ac8
2023-03-25 07:10:37,False,3.496e-05,1.078e-08,138628.0,0.0149,0x2b...1162,https://bscscan.com/tx/0x1150baddc982c8455bf7ca384f17ac6d36546e90f5853f0561400d7de06b1ac8
2023-03-25 07:09:25,False,3.498e-05,1.078e-08,51189799.0,5.5233,0xca...8c6d,https://bscscan.com/tx/0x4c5f8babc1b92f5a4ddf4a60d2a76a893a6175af62290b6fec1e1fc52b200e1b
2023-03-25 07:09:25,False,3.5e-05,1.079e-08,166383.0,0.0179,0xca...8c6d,https://bscscan.com/tx/0x4c5f8babc1b92f5a4ddf4a60d2a76a893a6175af62290b6fec1e1fc52b200e1b
2023-03-25 07:09:16,True,3.518e-05,1.085e-08,1705338.0,0.185,0xcd...e183,https://bscscan.com/tx/0x453505af3aadba2b9a264a8dbe7057c941f5ee0fde8d906428ee9889e513de0f
2023-03-25 07:08:13,True,3.518e-05,1.085e-08,500000.0,0.0542,0x51...4050,https://bscscan.com/tx/0xc0ebc59ae43e902d9ccf258a6a156dca067bab505f49f66a53337d0f7e888cfe
2023-03-25 07:05:25,True,3.5e-05,1.085e-08,46082.3,0.005,0x63...f3f0,https://bscscan.com/tx/0x62e52d74710fe794dcb49991e23a803913248d2ba34bf15d3492c63371e65c99
2023-03-25 07:04:10,True,3.5e-05,1.084e-08,5684556.0,0.6167,0xd3...47f9,https://bscscan.com/tx/0xc6422b885b5299c6395a7dd04aff3bf8f9232370fb399c4d3e40e98f2aa9a119
2023-03-25 06:59:52,True,3.499e-05,1.084e-08,244897.0,0.0265,0x8d...8897,https://bscscan.com/tx/0xefe1cc75477bbe7c145c5b0eacd59818a33d34b2afd8d396d2feef161ba06377
2023-03-25 06:59:01,True,3.498e-05,1.084e-08,5807615.0,0.63,0xe7...ce50,https://bscscan.com/tx/0xbb01720ca46f4ec34626f51b03650f6af9f8abd7153d1cb4b46e5d48fb7e6fa1
2023-03-25 06:55:22,False,3.481e-05,1.079e-08,46276575.0,4.99739,0x52...8df8,https://bscscan.com/tx/0xd4191e3d213ea27acf29331d57cf44df68de4603e4f782f876cbe02a9e0c0988
2023-03-25 06:55:22,False,3.483e-05,1.08e-08,43171.9,0.0046,0x52...8df8,https://bscscan.com/tx/0xd4191e3d213ea27acf29331d57cf44df68de4603e4f782f876cbe02a9e0c0988
2023-03-25 06:55:04,True,3.501e-05,1.085e-08,121028.0,0.0131,0x0b...45e2,https://bscscan.com/tx/0x2ffaad62a5d6b9078536042a1d5d0ec97b684fbca68cf9cfa98c3780fb33504a
2023-03-25 06:54:28,False,3.501e-05,1.08e-08,15820959.0,1.70978,0x05...7066,https://bscscan.com/tx/0xb495ca7ab5b894ff3376cddd0c9208377a41a779dac9064dc6e3b2c5063b2bea
2023-03-25 06:54:28,False,3.502e-05,1.08e-08,61698.9,0.0066,0x05...7066,https://bscscan.com/tx/0xb495ca7ab5b894ff3376cddd0c9208377a41a779dac9064dc6e3b2c5063b2bea
2023-03-25 06:54:04,False,3.503e-05,1.081e-08,22782876.0,2.46331,0x05...7066,https://bscscan.com/tx/0xad7a25292001d9b354b50ed55d1b1c4dc8160ab7b792d551242aa9d4f012d49d
2023-03-25 06:54:04,False,3.504e-05,1.081e-08,16736.8,0.0018,0x05...7066,https://bscscan.com/tx/0xad7a25292001d9b354b50ed55d1b1c4dc8160ab7b792d551242aa9d4f012d49d
2023-03-25 06:53:43,False,3.504e-05,1.081e-08,6180234.0,0.6684,0x05...7066,https://bscscan.com/tx/0xa7c5d20fc4b0c757d160bad8211d4ebaa0f6ec417ac1b3a38222164d20b4ebec
2023-03-25 06:53:43,False,3.504e-05,1.081e-08,13576.4,0.0014,0x05...7066,https://bscscan.com/tx/0xa7c5d20fc4b0c757d160bad8211d4ebaa0f6ec417ac1b3a38222164d20b4ebec
2023-03-25 06:52:40,False,3.503e-05,1.081e-08,5013225.0,0.5423,0x6b...9f5d,https://bscscan.com/tx/0xa7bf0a5fd97b13dbca8524befa40204d0105511a6e7d476eb361cc54617da952
2023-03-25 06:52:40,False,3.503e-05,1.081e-08,13982.4,0.0015,0x6b...9f5d,https://bscscan.com/tx/0xa7bf0a5fd97b13dbca8524befa40204d0105511a6e7d476eb361cc54617da952
2023-03-25 06:52:34,False,3.504e-05,1.081e-08,5163138.0,0.5585,0x6b...9f5d,https://bscscan.com/tx/0x49b89b48fa136d1b1cfd5d60f800f637bcf8b45d7459117b8637b66a92a5c079
2023-03-25 06:52:34,False,3.504e-05,1.081e-08,48578.3,0.0052,0x6b...9f5d,https://bscscan.com/tx/0x49b89b48fa136d1b1cfd5d60f800f637bcf8b45d7459117b8637b66a92a5c079
2023-03-25 06:52:28,False,3.505e-05,1.082e-08,17937975.0,1.94121,0x05...7066,https://bscscan.com/tx/0x39ef87a7d315f31b28cc856c3bcba55d25bd66dbc23119b720170f010d0530b1
2023-03-25 06:52:28,False,3.505e-05,1.082e-08,80973.0,0.0087,0x05...7066,https://bscscan.com/tx/0x39ef87a7d315f31b28cc856c3bcba55d25bd66dbc23119b720170f010d0530b1
2023-03-25 06:52:16,False,3.507e-05,1.082e-08,29900030.0,3.2376,0x20...946b,https://bscscan.com/tx/0x9d5a332d3f2d72b65a27a642050136e31e94518bdf3d78aa28882f434a8194e7
2023-03-25 06:52:16,False,3.508e-05,1.083e-08,13674.2,0.0014,0x20...946b,https://bscscan.com/tx/0x9d5a332d3f2d72b65a27a642050136e31e94518bdf3d78aa28882f434a8194e7
2023-03-25 06:52:16,False,3.508e-05,1.083e-08,5049319.0,0.5469,0x6b...9f5d,https://bscscan.com/tx/0x417d930cc6f298b4d83cd328481a491efe03b5ab66b379700274d4b5d3dc42d4
2023-03-25 06:52:16,False,3.508e-05,1.083e-08,13255.2,0.0014,0x6b...9f5d,https://bscscan.com/tx/0x417d930cc6f298b4d83cd328481a491efe03b5ab66b379700274d4b5d3dc42d4
2023-03-25 06:51:43,True,3.508e-05,1.088e-08,3131896.0,0.3409,0xe4...9432,https://bscscan.com/tx/0x7bd774a641734d988cad24c7c1d75b80be66c4c01ac191ead4a6e79584ad6f0e
2023-03-25 06:47:16,True,3.526e-05,1.088e-08,1030945.0,0.1122,0x53...9453,https://bscscan.com/tx/0x7836b247cf0d1f7de21ea881dab9c8495830ef5d8aae2aea288a7cc0df3188b8
2023-03-25 06:46:46,False,3.508e-05,1.083e-08,744235.0,0.0806,0x1f...4f4f,https://bscscan.com/tx/0xb456480be23b58e0cf57de75d780d9e36dc5cd43392d8f09365ec3bbcf7b5ed6
2023-03-25 06:46:46,False,3.508e-05,1.083e-08,77708.8,0.0084,0x1f...4f4f,https://bscscan.com/tx/0xb456480be23b58e0cf57de75d780d9e36dc5cd43392d8f09365ec3bbcf7b5ed6
2023-03-25 06:45:37,False,3.492e-05,1.083e-08,28637479.0,3.10322,0xc0...1f4f,https://bscscan.com/tx/0x64c2c1437bef712546c42377288440313d8e0c558f4370870b8952610aa42a7e
2023-03-25 06:45:37,False,3.493e-05,1.083e-08,16873.7,0.0018,0xc0...1f4f,https://bscscan.com/tx/0x64c2c1437bef712546c42377288440313d8e0c558f4370870b8952610aa42a7e
2023-03-25 06:45:28,True,3.511e-05,1.089e-08,1101498.0,0.12,0x4e...abb7,https://bscscan.com/tx/0x143feba9e7a2f36fcf06ab93e203a4b1b3dfdaefb67933ea7f93efe1b4019dc6
2023-03-25 06:45:25,False,3.511e-05,1.084e-08,5132577.0,0.5563,0x6b...9f5d,https://bscscan.com/tx/0x39fc452e0da587f4b4c2a0b990ef264348d08bdd769015ec366883885710527e
2023-03-25 06:45:25,False,3.511e-05,1.084e-08,3510.0,3.805e-05,0x6b...9f5d,https://bscscan.com/tx/0x39fc452e0da587f4b4c2a0b990ef264348d08bdd769015ec366883885710527e
2023-03-25 06:45:22,False,3.511e-05,1.084e-08,1296100.0,0.1405,0x80...05fa,https://bscscan.com/tx/0xf111858ed807ecc618510083c3391cebdf72cc709ac12185f1abb2beffa960d5
2023-03-25 06:45:22,False,3.511e-05,1.084e-08,24291.9,0.0026,0x80...05fa,https://bscscan.com/tx/0xf111858ed807ecc618510083c3391cebdf72cc709ac12185f1abb2beffa960d5
2023-03-25 06:45:19,False,3.512e-05,1.084e-08,8970009.0,0.9725,0x20...946b,https://bscscan.com/tx/0xcf381df5c323f6ed25e0df1312dad70a49f7a7471de7bf40e29391987ec02ff2
2023-03-25 06:45:19,False,3.512e-05,1.084e-08,13685.5,0.0014,0x20...946b,https://bscscan.com/tx/0xcf381df5c323f6ed25e0df1312dad70a49f7a7471de7bf40e29391987ec02ff2
2023-03-25 06:45:16,False,3.512e-05,1.084e-08,5053490.0,0.548,0x6b...9f5d,https://bscscan.com/tx/0xbf3a852652cd49b6f4f3b0b1c5e0dc7b03f27044cc30d9ee3d100f1f78b14205
2023-03-25 06:45:16,False,3.513e-05,1.084e-08,13518.0,0.0014,0x6b...9f5d,https://bscscan.com/tx/0xbf3a852652cd49b6f4f3b0b1c5e0dc7b03f27044cc30d9ee3d100f1f78b14205
2023-03-25 06:45:07,False,3.513e-05,1.084e-08,4991665.0,0.5413,0x6b...9f5d,https://bscscan.com/tx/0xbcf8545573cce81ba2dbffcea522ceb99e37f9cae3c11345950d065369de1887
2023-03-25 06:45:07,False,3.513e-05,1.084e-08,101806.0,0.011,0x6b...9f5d,https://bscscan.com/tx/0xbcf8545573cce81ba2dbffcea522ceb99e37f9cae3c11345950d065369de1887
2023-03-25 06:44:22,False,3.515e-05,1.085e-08,37592631.0,4.07933,0x7b...254e,https://bscscan.com/tx/0xe5dfcdc53bfd53da4f3f344eabfbf4f4abe307348f2c83a6ed6c13b26f65e112
2023-03-25 06:44:22,False,3.516e-05,1.085e-08,4364.98,4.738e-05,0x7b...254e,https://bscscan.com/tx/0xe5dfcdc53bfd53da4f3f344eabfbf4f4abe307348f2c83a6ed6c13b26f65e112
2023-03-25 06:43:46,True,3.534e-05,1.091e-08,284122.0,0.031,0x8f...62e3,https://bscscan.com/tx/0x68165084cc211127e1832d780fc433a9b36d71c855fe82aa5cb2229a56235fe7
2023-03-25 06:39:58,True,3.534e-05,1.091e-08,73315.0,0.008,0xbc...4904,https://bscscan.com/tx/0x6a09241c4afc2598af1d1fc57d9d10f5546db88db340726939940e440afa0e47
2023-03-25 06:38:40,False,3.521e-05,1.085e-08,460579.0,0.05,0x1f...4f4f,https://bscscan.com/tx/0x460bb4cc71808b8ac43f473b8ed1839b9f95689c4b1341fb86f88a47e537b530
2023-03-25 06:38:40,False,3.521e-05,1.085e-08,12754.8,0.0013,0x1f...4f4f,https://bscscan.com/tx/0x460bb4cc71808b8ac43f473b8ed1839b9f95689c4b1341fb86f88a47e537b530
2023-03-25 06:36:07,True,3.541e-05,1.091e-08,2985308.0,0.3257,0x73...7014,https://bscscan.com/tx/0x6ee2d52651df0e0e1feefb6eeb2f03ee9ee0552159c20a817649bc45454b0719
2023-03-25 06:29:22,False,3.523e-05,1.085e-08,1733465.0,0.1881,0x3f...6360,https://bscscan.com/tx/0x79e5697f1acaab614aa78dfa866e95d32248dc93777a0778e3407d71bd41e390
2023-03-25 06:29:22,False,3.523e-05,1.085e-08,27000.0,0.0029,0x3f...6360,https://bscscan.com/tx/0x79e5697f1acaab614aa78dfa866e95d32248dc93777a0778e3407d71bd41e390
2023-03-25 06:24:22,False,3.503e-05,1.085e-08,9970000.0,1.08248,0xfb...7b92,https://bscscan.com/tx/0x77a6f0384bc80b73c7ff4f8f304adbb79a2b6a4310dcaa900935ed386f697fae
2023-03-25 06:24:22,False,3.503e-05,1.085e-08,3984.45,4.326e-05,0xfb...7b92,https://bscscan.com/tx/0x77a6f0384bc80b73c7ff4f8f304adbb79a2b6a4310dcaa900935ed386f697fae
2023-03-25 06:22:25,True,3.523e-05,1.091e-08,1000230.0,0.1091,0xf2...f776,https://bscscan.com/tx/0x91e4ef681b0a7f8b550742ab36ba46e650b84b7711daf4f90afe7954811cc033
2023-03-25 06:17:34,True,3.523e-05,1.091e-08,36653.8,0.004,0x67...cb2a,https://bscscan.com/tx/0x576ab17b394b75e91df8d293897d7316a19fddd87326ab880333ea50a9c4ff58
2023-03-25 06:16:49,False,3.524e-05,1.085e-08,265652.0,0.0288,0xcf...9fb3,https://bscscan.com/tx/0xdff35bba2ab5b6c268ad4c27d73b5c063d601732d9bd83db55f1dadadfecac71
2023-03-25 06:16:49,False,3.524e-05,1.085e-08,30467.7,0.0033,0xcf...9fb3,https://bscscan.com/tx/0xdff35bba2ab5b6c268ad4c27d73b5c063d601732d9bd83db55f1dadadfecac71
2023-03-25 06:11:16,True,3.521e-05,1.091e-08,4000000.0,0.4365,0xe4...9432,https://bscscan.com/tx/0x380b7ce885e9aff1236fb94c8477db4aaf4289819754b9bad33f41f36a27d95e
2023-03-25 06:09:43,True,3.539e-05,1.091e-08,5758356.0,0.6283,0x5e...e21d,https://bscscan.com/tx/0x75f6ad319366f72209c54dfc1d20cc02a58033b30d4aada0cbc803ed1aa242fa
2023-03-25 06:07:01,True,3.521e-05,1.091e-08,1186664.0,0.1294,0xdd...4f50,https://bscscan.com/tx/0xf780c77066e2ee0f22733683a7c6d284f5d5ae7fa40196b050fbe51b4fb31b31
2023-03-25 06:06:10,False,3.521e-05,1.085e-08,338312.0,0.0367,0x6d...bc92,https://bscscan.com/tx/0x3921d5bbee687d78161308a5511bd8a15ea018bed5a42452951f75a046790cb2
2023-03-25 06:06:10,False,3.521e-05,1.085e-08,79832.5,0.0086,0x6d...bc92,https://bscscan.com/tx/0x3921d5bbee687d78161308a5511bd8a15ea018bed5a42452951f75a046790cb2
2023-03-25 06:00:01,True,3.542e-05,1.091e-08,181620.0,0.0198,0x5a...7003,https://bscscan.com/tx/0xe819f993ad0787ec89a2fc9e9fac441f4c532eb107aee8df05daba7c9adea793
2023-03-25 05:57:19,False,3.522e-05,1.085e-08,462334.0,0.0501,0xcb...2ac3,https://bscscan.com/tx/0x0cf5af3f4f87aaeeaf1f1f8b16db08bec9f72d53cf6ee3e332c0a6faacf7e905
2023-03-25 05:57:19,False,3.522e-05,1.085e-08,4863.17,5.279e-05,0xcb...2ac3,https://bscscan.com/tx/0x0cf5af3f4f87aaeeaf1f1f8b16db08bec9f72d53cf6ee3e332c0a6faacf7e905
2023-03-25 05:57:10,True,3.54e-05,1.091e-08,18988.9,0.002,0xc2...8c46,https://bscscan.com/tx/0xc2591cda80c5a626ef3d769f4e7b3d7a7da00077fe5c82a346a19e66bb33da52
2023-03-25 05:56:40,True,3.54e-05,1.091e-08,282183.0,0.0307,0x97...acf9,https://bscscan.com/tx/0x1323634610f491a3ad9cfcb00ad1038d3e5db22109fb1dd1e35b597fdd7a4639
2023-03-25 05:56:16,False,3.504e-05,1.085e-08,1495501.0,0.1623,0x4e...abb7,https://bscscan.com/tx/0x6603d9fe1d183dcc49b60218eb5be5cd5a519d174c09c983976c89246fb9f5f9
2023-03-25 05:56:16,False,3.504e-05,1.085e-08,21846.4,0.0023,0x4e...abb7,https://bscscan.com/tx/0x6603d9fe1d183dcc49b60218eb5be5cd5a519d174c09c983976c89246fb9f5f9
2023-03-25 05:46:49,True,3.523e-05,1.091e-08,366618.0,0.04,0x6f...539f,https://bscscan.com/tx/0x966763d14b9addd12afa80539c11d885a83d61cb6452fa07c7701e275404545a
2023-03-25 05:45:49,False,3.523e-05,1.085e-08,7701456.0,0.8361,0xd8...41ea,https://bscscan.com/tx/0x2e6e975ecd84bea3b78c1233035753be76a825dd9b49bec49fa7bfd11f95858f
2023-03-25 05:45:49,False,3.524e-05,1.085e-08,16706.5,0.0018,0xd8...41ea,https://bscscan.com/tx/0x2e6e975ecd84bea3b78c1233035753be76a825dd9b49bec49fa7bfd11f95858f
2023-03-25 05:41:25,False,3.525e-05,1.085e-08,6169041.0,0.6698,0xcb...a50c,https://bscscan.com/tx/0x9e16613f7fc8ed536ee0ebdb5d8c0e0c34d27cde32d33d803931c121c59517ed
2023-03-25 05:41:25,False,3.525e-05,1.085e-08,34860.0,0.0037,0xcb...a50c,https://bscscan.com/tx/0x9e16613f7fc8ed536ee0ebdb5d8c0e0c34d27cde32d33d803931c121c59517ed
2023-03-25 05:34:10,True,3.544e-05,1.091e-08,11574646.0,1.2631,0x6b...420f,https://bscscan.com/tx/0xb10f774202d1f4aa764416c7810ed03141db68f92c866384653a3c527fa00033
2023-03-25 05:31:52,False,3.507e-05,1.085e-08,1332450.0,0.1446,0x8f...4d3c,https://bscscan.com/tx/0x2e8e9f002395699bf8bbf655aff14b49969700dab29b3f4f70511e2dd6212503
2023-03-25 05:31:52,False,3.507e-05,1.085e-08,43357.5,0.0047,0x8f...4d3c,https://bscscan.com/tx/0x2e8e9f002395699bf8bbf655aff14b49969700dab29b3f4f70511e2dd6212503
2023-03-25 05:31:46,False,3.526e-05,1.085e-08,16010161.0,1.73856,0x77...c132,https://bscscan.com/tx/0xdfd4fac45af366f2ea6af76d61a0deb202259b41cd5b125749c9572e0c35d5a9
2023-03-25 05:31:46,False,3.526e-05,1.086e-08,2195.7,2.384e-05,0x77...c132,https://bscscan.com/tx/0xdfd4fac45af366f2ea6af76d61a0deb202259b41cd5b125749c9572e0c35d5a9
2023-03-25 05:25:19,False,3.523e-05,1.086e-08,810784.0,0.088,0xd8...9f7c,https://bscscan.com/tx/0xa3caa85d53b0f83d5734d107cca39bac4956336b221473ea66b70b67ed2ffef3
2023-03-25 05:25:19,False,3.523e-05,1.086e-08,8406.6,9.13e-05,0xd8...9f7c,https://bscscan.com/tx/0xa3caa85d53b0f83d5734d107cca39bac4956336b221473ea66b70b67ed2ffef3
2023-03-25 05:25:07,True,3.524e-05,1.092e-08,259939.0,0.0283,0x92...035f,https://bscscan.com/tx/0xdd2e856413a990ba60127ba334e8685d38642fa1bf0dbae37b5723c172fed07c
2023-03-25 05:19:46,True,3.538e-05,1.091e-08,61475.0,0.0067,0xe1...bf1e,https://bscscan.com/tx/0xe383069d6279115c1abd1f9014517e4c6887cef1690aef047a601af50e5d8b55
2023-03-25 05:19:34,False,3.521e-05,1.086e-08,2373445.0,0.2578,0x73...e939,https://bscscan.com/tx/0xefc4a08cd7f5ddcefada13bac1e178d3d9e83ba7e51c2e648f6795de3fbe3100
2023-03-25 05:19:34,False,3.521e-05,1.086e-08,1170.43,1.271e-05,0x73...e939,https://bscscan.com/tx/0xefc4a08cd7f5ddcefada13bac1e178d3d9e83ba7e51c2e648f6795de3fbe3100
2023-03-25 05:19:01,False,3.521e-05,1.086e-08,432193.0,0.0469,0x0a...dc8b,https://bscscan.com/tx/0x16d6600308ad11793962c0daffc973b01951695fd2786ff17b4daf85fbbe5822
2023-03-25 05:19:01,False,3.521e-05,1.086e-08,7885.51,8.565e-05,0x0a...dc8b,https://bscscan.com/tx/0x16d6600308ad11793962c0daffc973b01951695fd2786ff17b4daf85fbbe5822
2023-03-25 05:16:31,True,3.519e-05,1.091e-08,629533.0,0.0687,0xb2...2cb9,https://bscscan.com/tx/0x6727443697e9d767bf4dff55140d34e3284aa2d574bfc885639778dea0fc3e00
2023-03-25 05:15:04,True,3.518e-05,1.091e-08,1520515.0,0.1659,0x42...ca4f,https://bscscan.com/tx/0xe387f5c173bf89b2508c7d7fd9e9e08f3996cab7ea9ea7d5295a47f5a54f7bf9
2023-03-25 05:13:19,True,3.518e-05,1.091e-08,678555.0,0.074,0xc3...e89f,https://bscscan.com/tx/0x0c76f7290c7d51fd09704e97306b1301704510600860363fd69923e53cfa6299
2023-03-25 05:11:40,False,3.519e-05,1.086e-08,91679.3,0.0099,0xfa...20bf,https://bscscan.com/tx/0x16f6ef209c1e9e31e56a37490dabceb9f6b47f43596bffbcfcd1d6f37fc357fd
2023-03-25 05:11:40,False,3.519e-05,1.086e-08,1474.53,1.601e-05,0xfa...20bf,https://bscscan.com/tx/0x16f6ef209c1e9e31e56a37490dabceb9f6b47f43596bffbcfcd1d6f37fc357fd
2023-03-25 05:11:22,True,3.536e-05,1.091e-08,282499.0,0.0308,0xae...ee1f,https://bscscan.com/tx/0x71401ef7316ca2f02491c470b070874046301415002090605459ec73edc4f7dc
2023-03-25 05:10:52,False,3.501e-05,1.086e-08,262834.0,0.0285,0x0b...a9da,https://bscscan.com/tx/0x17321c1e7bd461cb263c2eb025e4d8a65384ea7fa48c4211e55c268e91dc7781
2023-03-25 05:10:52,False,3.501e-05,1.086e-08,31392.7,0.0034,0x0b...a9da,https://bscscan.com/tx/0x17321c1e7bd461cb263c2eb025e4d8a65384ea7fa48c4211e55c268e91dc7781
2023-03-25 05:10:46,False,3.519e-05,1.086e-08,11592041.0,1.25923,0xac...9db0,https://bscscan.com/tx/0x9987bef5f2f556c718523ed5130fcc2ba50915f4bd56fb257bf7506edbf67a49
2023-03-25 05:10:46,False,3.52e-05,1.086e-08,8127.09,8.829e-05,0xac...9db0,https://bscscan.com/tx/0x9987bef5f2f556c718523ed5130fcc2ba50915f4bd56fb257bf7506edbf67a49
2023-03-25 05:06:34,False,3.52e-05,1.086e-08,3001005.0,0.326,0x7c...4e09,https://bscscan.com/tx/0x222b5fba55af242174cfe609c9029dba187d42e7f1a9c0309b26bb31fe3bf792
2023-03-25 05:06:34,False,3.52e-05,1.086e-08,8246.23,8.959e-05,0x7c...4e09,https://bscscan.com/tx/0x222b5fba55af242174cfe609c9029dba187d42e7f1a9c0309b26bb31fe3bf792
2023-03-25 05:04:55,True,3.537e-05,1.091e-08,505385.0,0.0551,0xe1...bf1e,https://bscscan.com/tx/0xd9bd1518113f5397285fbd28dbad85f92ff64dcd635c8b3f1984c3ab52055b18
2023-03-25 05:02:19,False,3.521e-05,1.086e-08,2541129.0,0.2761,0x16...018f,https://bscscan.com/tx/0x8f87fddad2c4a67b373d708d979f89ce19a51a4ea85f7f4bb610b78e74a165a9
2023-03-25 05:02:19,False,3.521e-05,1.086e-08,27000.0,0.0029,0x16...018f,https://bscscan.com/tx/0x8f87fddad2c4a67b373d708d979f89ce19a51a4ea85f7f4bb610b78e74a165a9
2023-03-25 05:02:13,False,3.522e-05,1.086e-08,9970000.0,1.08345,0xfb...7b92,https://bscscan.com/tx/0x9af1e986f5e1344172c6189adb8e36b1ed89e2cd96b00586a1973431ad17182d
2023-03-25 05:02:13,False,3.522e-05,1.086e-08,12296.3,0.0013,0xfb...7b92,https://bscscan.com/tx/0x9af1e986f5e1344172c6189adb8e36b1ed89e2cd96b00586a1973431ad17182d
2023-03-25 05:02:07,True,3.54e-05,1.092e-08,2824701.0,0.3085,0x6e...9fd1,https://bscscan.com/tx/0xe107b051784b8a6d07a65d081ab4bcab40841ba9352cfa891bdd3bc7d623636d
2023-03-25 04:57:52,True,3.527e-05,1.092e-08,836508.0,0.0913,0x74...17e3,https://bscscan.com/tx/0x8ff6dbdf2d916d7046502676b2b01e596bc097a2a86195d273aaae9ebc790ac4
2023-03-25 04:56:52,True,3.527e-05,1.092e-08,64091.1,0.007,0x0d...166e,https://bscscan.com/tx/0xbc5f33ebe0cfac35ee8761579d90b835537a9402de044a69bc1e1d527829d978
2023-03-25 04:55:58,True,3.525e-05,1.092e-08,64091.2,0.007,0x7f...8c0a,https://bscscan.com/tx/0x0a4ca643d7f78e7cee4c24eef56d7fac58d7e0d39bcdcea63cd36c51879e1afd
2023-03-25 04:46:15,False,3.508e-05,1.086e-08,762486.0,0.0828,0x55...9879,https://bscscan.com/tx/0x0ee79378104da1171e50ea248c4e4e6162ac94a45bc60ebd34768216fe6b2ab7
2023-03-25 04:46:15,False,3.508e-05,1.086e-08,5747.95,6.246e-05,0x55...9879,https://bscscan.com/tx/0x0ee79378104da1171e50ea248c4e4e6162ac94a45bc60ebd34768216fe6b2ab7
2023-03-25 04:45:39,True,3.525e-05,1.092e-08,658667.0,0.0719,0x79...d44a,https://bscscan.com/tx/0xd949ab31a835fe8d921afe2b158ac2733ec00e8e2e7dfd7939673e98e352c277
2023-03-25 04:43:39,True,3.545e-05,1.092e-08,1170202.0,0.1278,0xab...5d1f,https://bscscan.com/tx/0x320abdaec7de739acbcf0b0c4cd25c5eed696f65363041b3bef6642822b1d297
2023-03-25 04:40:02,False,3.508e-05,1.086e-08,299100.0,0.0325,0x17...4d65,https://bscscan.com/tx/0x8a93c0292a9815a88ec8f18db88aab2e840f340276946a12b61ae2ff99baf7ab
2023-03-25 04:40:02,False,3.508e-05,1.086e-08,21011.8,0.0022,0x17...4d65,https://bscscan.com/tx/0x8a93c0292a9815a88ec8f18db88aab2e840f340276946a12b61ae2ff99baf7ab
2023-03-25 04:38:25,True,3.542e-05,1.092e-08,1831252.0,0.2,0xe5...1d00,https://bscscan.com/tx/0x8b03e1ca27bfe488550627371fed34352a1854933d084f01048a9737752b08df
2023-03-25 04:36:52,True,3.541e-05,1.092e-08,5477210.0,0.5981,0x5a...e6e3,https://bscscan.com/tx/0x38e682147585361d70fb5466e7f53b006806f857aaa1c3d5271ab4273d02d5d6
2023-03-25 04:34:58,True,3.541e-05,1.091e-08,130000.0,0.0142,0x34...8d50,https://bscscan.com/tx/0x4bfa62be28b565d9c6635a6d441c8f8d84a533399ce32fbb76f7e32d01b5044d
2023-03-25 04:26:04,True,3.524e-05,1.091e-08,83681.2,0.0091,0xb3...a283,https://bscscan.com/tx/0x6916a98906b2e9a9f39247f5b1d81d0ed1accf9c3fe54864d7d7e9301f8d1114
2023-03-25 04:23:52,False,3.507e-05,1.086e-08,259220.0,0.0281,0x7e...fef2,https://bscscan.com/tx/0x093300f01dfa07f8971cc40da1e43121bc637ab62a52ba83ce43bc3d5d8731bc
2023-03-25 04:23:52,False,3.507e-05,1.086e-08,27000.0,0.0029,0x7e...fef2,https://bscscan.com/tx/0x093300f01dfa07f8971cc40da1e43121bc637ab62a52ba83ce43bc3d5d8731bc
2023-03-25 04:21:55,False,3.51e-05,1.086e-08,9970000.0,1.0834,0xcb...a50c,https://bscscan.com/tx/0xb51d07c798b0c06549b7133b35783478ba8da431ae241c61f29ad1a3fbdeaa6e
2023-03-25 04:21:55,False,3.511e-05,1.086e-08,6185.42,6.722e-05,0xcb...a50c,https://bscscan.com/tx/0xb51d07c798b0c06549b7133b35783478ba8da431ae241c61f29ad1a3fbdeaa6e
2023-03-25 04:20:01,True,3.546e-05,1.092e-08,1866823.0,0.2039,0x0e...deac,https://bscscan.com/tx/0x0b8ae8148bfbffae8a6022deba67ed1e4aa33c43f507d6a6f1b965682e945d75
2023-03-25 04:17:40,False,3.511e-05,1.086e-08,422803.0,0.0459,0x8e...c640,https://bscscan.com/tx/0x86b59f1690229fe60a0dfecb49243f4f68d3c72ad7d17c70e4b5425029e81663
2023-03-25 04:17:40,False,3.511e-05,1.086e-08,953905.0,0.1036,0x8e...c640,https://bscscan.com/tx/0x86b59f1690229fe60a0dfecb49243f4f68d3c72ad7d17c70e4b5425029e81663
2023-03-25 04:15:28,True,3.529e-05,1.092e-08,657698.0,0.0718,0xdc...c6dd,https://bscscan.com/tx/0xc4ed9dd9cb6693c9d557da78ec514a00450f3dbd36e906af3750b102fa8d195f
2023-03-25 04:15:10,True,3.546e-05,1.092e-08,33730.3,0.0036,0x55...f689,https://bscscan.com/tx/0xab948cb4fc068a15bd28c6dee12acc9f2897947dbe87206cd2dbe4107527c933
2023-03-25 04:14:22,True,3.528e-05,1.092e-08,1692279.0,0.1848,0xbb...c106,https://bscscan.com/tx/0x0e7a5dbb7b67d15709fc28bf763b6f1b5469a0bbcd4ad049228e7638c6ff059e
2023-03-25 04:13:58,True,3.547e-05,1.092e-08,6206094.0,0.6781,0x00...9fcd,https://bscscan.com/tx/0x5a89c44d5ce45623a522915e2466381fe6a70efc429db3fe5fb7bd9ca0509ace
2023-03-25 04:13:55,True,3.545e-05,1.091e-08,11150320.0,1.21745,0x00...5f63,https://bscscan.com/tx/0xe0357711543f31059ad637c7612cd6dc4c6a4270bdbc9abfacd4807df932ad37
2023-03-25 04:13:55,False,3.542e-05,1.09e-08,349861700.0,38.1663,0x16...c650,https://bscscan.com/tx/0x654f41a89ef4b07e1c1b7cf2c41b838ddd00091500dd20dfeafd172e63b0afc4
2023-03-25 04:13:55,False,3.557e-05,1.095e-08,4820.6,5.281e-05,0x16...c650,https://bscscan.com/tx/0x654f41a89ef4b07e1c1b7cf2c41b838ddd00091500dd20dfeafd172e63b0afc4
2023-03-25 04:08:40,False,3.558e-05,1.095e-08,1780051.0,0.195,0x25...1d20,https://bscscan.com/tx/0x8dd81d02f1a01411e219471af7c11fe031a9ff9e3f4d2fb21a3848fc54e576f2
2023-03-25 04:08:40,False,3.558e-05,1.095e-08,10411.9,0.0011,0x25...1d20,https://bscscan.com/tx/0x8dd81d02f1a01411e219471af7c11fe031a9ff9e3f4d2fb21a3848fc54e576f2
2023-03-25 04:07:22,False,3.539e-05,1.095e-08,3844680.0,0.4212,0x5e...816f,https://bscscan.com/tx/0x50d3d641e8737db81ac855e5becc0036f1a7411c4181d8da2b9358f4262e35e0
2023-03-25 04:07:22,False,3.539e-05,1.095e-08,13500.0,0.0014,0x5e...816f,https://bscscan.com/tx/0x50d3d641e8737db81ac855e5becc0036f1a7411c4181d8da2b9358f4262e35e0
2023-03-25 04:04:40,False,3.54e-05,1.095e-08,4985000.0,0.5462,0x6a...d26e,https://bscscan.com/tx/0x722b291d7b01aff1c36f36aa7f12af32990cc9762042e481470f6a1c88f65402
2023-03-25 04:04:40,False,3.541e-05,1.095e-08,19041.2,0.002,0x6a...d26e,https://bscscan.com/tx/0x722b291d7b01aff1c36f36aa7f12af32990cc9762042e481470f6a1c88f65402
2023-03-25 04:04:07,True,3.576e-05,1.101e-08,1431927.0,0.1577,0x0a...5968,https://bscscan.com/tx/0xa5f4d4a38b814522fb3a76449db0ee52c11df4cd21c587a0927a7f5abf20c947
2023-03-25 03:59:04,False,3.541e-05,1.095e-08,5603497.0,0.614,0xcd...33b2,https://bscscan.com/tx/0x1fdce9e30c80e2ca2fc1dfe6cca68e10832836927831e2e0e616b48b6a615b10
2023-03-25 03:59:04,False,3.541e-05,1.095e-08,68245.6,0.0074,0xcd...33b2,https://bscscan.com/tx/0x1fdce9e30c80e2ca2fc1dfe6cca68e10832836927831e2e0e616b48b6a615b10
2023-03-25 03:56:55,True,3.576e-05,1.101e-08,24364489.0,2.68282,0x80...0790,https://bscscan.com/tx/0xb1676fc7ac4cd117fec3d0a9d58e3c21a7dbc0dc15ec4ee96160433c6f01b3cf
2023-03-25 03:53:34,False,3.538e-05,1.095e-08,818723.0,0.0896,0xaa...11df,https://bscscan.com/tx/0xace393457179255d9803d075047fbeadda481b5b15245bbfbd4a73c050b89a55
2023-03-25 03:53:34,False,3.539e-05,1.095e-08,9724.65,0.001,0xaa...11df,https://bscscan.com/tx/0xace393457179255d9803d075047fbeadda481b5b15245bbfbd4a73c050b89a55
2023-03-25 03:45:39,False,3.538e-05,1.095e-08,3590916.0,0.3933,0x15...5f78,https://bscscan.com/tx/0x5dcf1b292114263b165dee4235070778a366c384ce9dc40a8b6ee88f65797190
2023-03-25 03:45:39,False,3.539e-05,1.095e-08,2689.36,2.945e-05,0x15...5f78,https://bscscan.com/tx/0x5dcf1b292114263b165dee4235070778a366c384ce9dc40a8b6ee88f65797190
2023-03-25 03:43:47,True,3.574e-05,1.1e-08,421175.0,0.0463,0x22...70fe,https://bscscan.com/tx/0x632b7ab44fd8abecee065fc5d02081dbc40fe269026a68a72b0ddc4733074df3
2023-03-25 03:38:18,False,3.539e-05,1.095e-08,573160.0,0.0627,0x4c...a15d,https://bscscan.com/tx/0x85e4f967bf6bbf00561680514a2351bf127cb195154e0399fcb8dd48d8b3d896
2023-03-25 03:38:18,False,3.539e-05,1.095e-08,1156.96,1.267e-05,0x4c...a15d,https://bscscan.com/tx/0x85e4f967bf6bbf00561680514a2351bf127cb195154e0399fcb8dd48d8b3d896
2023-03-25 03:37:43,False,3.556e-05,1.095e-08,427220.0,0.0468,0x00...7281,https://bscscan.com/tx/0x2c07f0e73e1f9e9419cfe0fac5ec7a9975e8441914a66782be6bf3f74b63a3cd
2023-03-25 03:37:43,False,3.556e-05,1.095e-08,3815.1,4.179e-05,0x00...7281,https://bscscan.com/tx/0x2c07f0e73e1f9e9419cfe0fac5ec7a9975e8441914a66782be6bf3f74b63a3cd
2023-03-25 03:36:41,False,3.556e-05,1.095e-08,1408761.0,0.1543,0xa9...c040,https://bscscan.com/tx/0xf6dfecf40b2f31a503a8c6a5f4b70d425edc02e2bf33f66821de5b64627a5285
2023-03-25 03:36:41,False,3.556e-05,1.095e-08,9575.29,0.001,0xa9...c040,https://bscscan.com/tx/0xf6dfecf40b2f31a503a8c6a5f4b70d425edc02e2bf33f66821de5b64627a5285
2023-03-25 03:33:52,True,3.572e-05,1.1e-08,1752513.0,0.1929,0xf8...5b54,https://bscscan.com/tx/0x78cbcf86bb776fdd23d3168ab839bccd81585e36c13b1c2ec3931fabe0ca03de
2023-03-25 03:29:28,True,3.556e-05,1.1e-08,18166.7,0.002,0x7b...1c60,https://bscscan.com/tx/0xf4153247623ce81ae144f48a06ec91e23100931805c8753fc771ff6632bf75d2
2023-03-25 03:27:45,False,3.554e-05,1.095e-08,1770398.0,0.1939,0xbc...7f0b,https://bscscan.com/tx/0x1a8ec67c09be100d86b6a4995b4e3399231ff39f59e593e6c39eaf426b8afc8f
2023-03-25 03:27:45,False,3.554e-05,1.095e-08,1408.5,1.542e-05,0xbc...7f0b,https://bscscan.com/tx/0x1a8ec67c09be100d86b6a4995b4e3399231ff39f59e593e6c39eaf426b8afc8f
2023-03-25 03:26:31,False,3.551e-05,1.095e-08,520100.0,0.0569,0x76...789a,https://bscscan.com/tx/0xc6845060ae7889c5d033e15d7ec3c7ddf2941ac4f681b64993e3ecbcd214b3df
2023-03-25 03:26:31,False,3.551e-05,1.095e-08,1350.0,1.478e-05,0x76...789a,https://bscscan.com/tx/0xc6845060ae7889c5d033e15d7ec3c7ddf2941ac4f681b64993e3ecbcd214b3df
2023-03-25 03:24:39,False,3.532e-05,1.095e-08,498500.0,0.0546,0x62...7106,https://bscscan.com/tx/0x17afeb932a6b01604487e6418e77fb10ee51706575c9ea4ba0348efcb73123c7
2023-03-25 03:24:39,False,3.532e-05,1.095e-08,2466.63,2.702e-05,0x62...7106,https://bscscan.com/tx/0x17afeb932a6b01604487e6418e77fb10ee51706575c9ea4ba0348efcb73123c7
2023-03-25 03:24:21,True,3.568e-05,1.1e-08,272483.0,0.03,0x7b...1c60,https://bscscan.com/tx/0xea8cf9d558e92adbd5a47299ad7d670d0644e1d6c8855308cf9f2edb656f1b64
2023-03-25 03:22:54,False,3.547e-05,1.095e-08,639161.0,0.07,0xa7...0fbb,https://bscscan.com/tx/0x88e0b8bde85951430701963166bdae1bc05f1db640a5968c96c5af4bbf8a5852
2023-03-25 03:22:54,False,3.547e-05,1.095e-08,6981.06,7.647e-05,0xa7...0fbb,https://bscscan.com/tx/0x88e0b8bde85951430701963166bdae1bc05f1db640a5968c96c5af4bbf8a5852
2023-03-25 03:20:30,False,3.546e-05,1.095e-08,2577822.0,0.2824,0x37...b076,https://bscscan.com/tx/0x9cfd535f26c57f621362a52ee95375d76b356889253583bb30b12ebe8ef68361
2023-03-25 03:20:30,False,3.546e-05,1.095e-08,76496.0,0.0083,0x37...b076,https://bscscan.com/tx/0x9cfd535f26c57f621362a52ee95375d76b356889253583bb30b12ebe8ef68361
2023-03-25 03:20:09,True,3.564e-05,1.101e-08,3412899.0,0.3757,0x04...5ef2,https://bscscan.com/tx/0xc5ca693c9dc78b22b59ee771382a393ac3e921e9d60caad24ab2422261e35e61
2023-03-25 03:16:45,True,3.56e-05,1.1e-08,19302658.0,2.12468,0x01...fd96,https://bscscan.com/tx/0x0bd08c3ec7b2c26e6e4a3a7dc01f032538f195c52d4eb8323e8df8d0109eb9fc
2023-03-25 03:14:22,True,3.556e-05,1.1e-08,277749.0,0.0305,0xe6...5760,https://bscscan.com/tx/0x6cf0c1ce66b8f5ad199472e20a74d5faa22e41b8637c83a39b47596184928b48
2023-03-25 03:09:54,True,3.555e-05,1.1e-08,2701033.0,0.2973,0x40...e169,https://bscscan.com/tx/0x77d85d62a06b7599f789bee847aa0e29390b0df1ef9fc39c9c4c1152dbb096da
2023-03-25 03:07:58,True,3.554e-05,1.1e-08,1191972.0,0.1311,0x3f...8929,https://bscscan.com/tx/0x126bc6d70fd1238404f5e3727e6a2c2fbfbd1fe4c96e8a16138d9f6c86e1a5ab
2023-03-25 03:04:33,True,3.56e-05,1.1e-08,938561.0,0.1032,0xcd...e183,https://bscscan.com/tx/0xfa8835f087416aea63472a0193cfd65592924e1d8696572e26f54f5f9e36f27c
2023-03-25 03:02:09,True,3.543e-05,1.1e-08,280773.0,0.0308,0x93...f9d2,https://bscscan.com/tx/0x123cb688eb8325246b97b170e50b1e8caa067e3400ecedaa523379c51029f83b
2023-03-25 03:02:06,False,3.526e-05,1.094e-08,225522.0,0.0246,0x04...7a9e,https://bscscan.com/tx/0x849c32da305fded1a3e412269a5478face350e0920acebc6f42eea635883e303
2023-03-25 03:02:06,False,3.526e-05,1.094e-08,82288.2,0.009,0x04...7a9e,https://bscscan.com/tx/0x849c32da305fded1a3e412269a5478face350e0920acebc6f42eea635883e303
2023-03-25 02:58:17,True,3.543e-05,1.1e-08,1048415.0,0.1153,0xeb...bb99,https://bscscan.com/tx/0x996b65e425a795d11a689af45370cf0c2fd0ce5adca614a40c9e48a154c13e79
2023-03-25 02:56:41,False,3.544e-05,1.095e-08,29340414.0,3.21334,0x8e...abca,https://bscscan.com/tx/0xf61fbf6bc23d3af894824084bfcff40f57917dca1c6bdc36573a84a24d816766
2023-03-25 02:56:41,False,3.545e-05,1.095e-08,108000.0,0.0118,0x8e...abca,https://bscscan.com/tx/0xf61fbf6bc23d3af894824084bfcff40f57917dca1c6bdc36573a84a24d816766
2023-03-25 02:56:14,False,3.546e-05,1.096e-08,39880000.0,4.37133,0x7d...90ac,https://bscscan.com/tx/0x42a26fb29bd36fea469b4c0591ceddf4fea07bf99bcdebafdb6e066e24b397e9
2023-03-25 02:56:14,False,3.548e-05,1.096e-08,13769.9,0.0015,0x7d...90ac,https://bscscan.com/tx/0x42a26fb29bd36fea469b4c0591ceddf4fea07bf99bcdebafdb6e066e24b397e9
2023-03-25 02:51:50,False,3.531e-05,1.096e-08,5084680.0,0.5576,0x00...dd79,https://bscscan.com/tx/0xdd57df89c434031c7de8c39faf8dbb010e5d1545cbf4977e97e722289e7612dd
2023-03-25 02:51:50,False,3.532e-05,1.096e-08,14712.4,0.0016,0x00...dd79,https://bscscan.com/tx/0xdd57df89c434031c7de8c39faf8dbb010e5d1545cbf4977e97e722289e7612dd
2023-03-25 02:51:47,True,3.549e-05,1.102e-08,10220.8,0.0011,0xca...00a8,https://bscscan.com/tx/0xbbb2a4a9600c595c0b00483ce3397a5d8953142a66b0ace3615e5198badb7c9a
2023-03-25 02:51:41,True,3.567e-05,1.102e-08,296448.0,0.0326,0xe5...f502,https://bscscan.com/tx/0x0ff1434f1592bffe62af9b6cbd84218b49c2a6b1ee8b526f94f82215c0945195
2023-03-25 02:51:11,False,3.531e-05,1.096e-08,5126929.0,0.5623,0x6b...9f5d,https://bscscan.com/tx/0x8d94c492dc4708bb0a667e3915fdea467b56b0b07050ee067aed84d6e783898d
2023-03-25 02:51:11,False,3.531e-05,1.096e-08,147419.0,0.0161,0x6b...9f5d,https://bscscan.com/tx/0x8d94c492dc4708bb0a667e3915fdea467b56b0b07050ee067aed84d6e783898d
2023-03-25 02:49:08,True,3.549e-05,1.101e-08,47816873.0,5.26838,0x6e...2e00,https://bscscan.com/tx/0x719b025432297913c3e2c71ad0b96e7ba097c08b8972da3360a5e0711bdba89b
2023-03-25 02:46:56,True,3.566e-05,1.101e-08,2699103.0,0.2972,0x34...0bf0,https://bscscan.com/tx/0xd064ecf11b0d53f04158f0cfb2e8b92787d6b463919010c9a828a34db2d0d2f3
2023-03-25 02:45:29,True,3.566e-05,1.101e-08,668930.0,0.0736,0x3f...4e3f,https://bscscan.com/tx/0x2fe392167f52e4ab8e10477db0ee68144846bafaf678b2452cf8a1a9b6088671
2023-03-25 02:42:44,True,3.566e-05,1.101e-08,2880563.0,0.3171,0xd5...01fb,https://bscscan.com/tx/0x796152b13702771468941b87f31e5fd13e7202b91830f05cda09cf17fc127cb3
2023-03-25 02:39:05,False,3.533e-05,1.095e-08,90194.0,0.0098,0x29...1200,https://bscscan.com/tx/0x05faa3b86d18b0f00710bdcefe5fc4fa0b4e7610f20c9ed2bb8f4932386e1314
2023-03-25 02:39:05,False,3.533e-05,1.095e-08,51637.0,0.0056,0x29...1200,https://bscscan.com/tx/0x05faa3b86d18b0f00710bdcefe5fc4fa0b4e7610f20c9ed2bb8f4932386e1314
2023-03-25 02:36:47,False,3.553e-05,1.095e-08,19067448.0,2.08928,0x6b...1747,https://bscscan.com/tx/0x33e8e8ba1a8f2a7ce2482f299e4894250ee3575eec15fc17a6a290802b23439c
2023-03-25 02:36:47,False,3.554e-05,1.095e-08,59322.5,0.0065,0x6b...1747,https://bscscan.com/tx/0x33e8e8ba1a8f2a7ce2482f299e4894250ee3575eec15fc17a6a290802b23439c
2023-03-25 02:36:02,False,3.535e-05,1.096e-08,21905376.0,2.40145,0xbc...0072,https://bscscan.com/tx/0x004c8da24f008ea9e8d31ebb45306896de7a458b4a81763235a8bd5c8a25eeeb
2023-03-25 02:36:02,False,3.536e-05,1.096e-08,52126.4,0.0057,0xbc...0072,https://bscscan.com/tx/0x004c8da24f008ea9e8d31ebb45306896de7a458b4a81763235a8bd5c8a25eeeb
2023-03-25 02:34:35,True,3.572e-05,1.102e-08,90737.6,0.01,0x29...1200,https://bscscan.com/tx/0xf8aeb0debea900f5aa9e1e0d13c4ba9509c34572b00a36139864c2a459d2c9b7
2023-03-25 02:32:35,False,3.537e-05,1.096e-08,19067448.0,2.09137,0x6b...1747,https://bscscan.com/tx/0xbbd4d23754e6093c8601a22a4448b14838fde31a8782cde00498cb7c699b1f5b
2023-03-25 02:32:35,False,3.538e-05,1.097e-08,6270.94,6.879e-05,0x6b...1747,https://bscscan.com/tx/0xbbd4d23754e6093c8601a22a4448b14838fde31a8782cde00498cb7c699b1f5b
2023-03-25 02:31:56,False,3.538e-05,1.097e-08,238511.0,0.0261,0xf1...990c,https://bscscan.com/tx/0xb806eeabd6a54b1a37a5101fe7517e286ad51ff8dc57e9f845f905ad5d979101
2023-03-25 02:31:56,False,3.538e-05,1.097e-08,122.072,1.339e-06,0xf1...990c,https://bscscan.com/tx/0xb806eeabd6a54b1a37a5101fe7517e286ad51ff8dc57e9f845f905ad5d979101
2023-03-25 02:31:14,False,3.556e-05,1.097e-08,45076.0,0.0049,0x29...1200,https://bscscan.com/tx/0x0de58898050ff67c01d96ddd0478234c7814fee86abc3033780bdd61102fd978
2023-03-25 02:31:14,False,3.556e-05,1.097e-08,856.702,9.398e-06,0x29...1200,https://bscscan.com/tx/0x0de58898050ff67c01d96ddd0478234c7814fee86abc3033780bdd61102fd978
2023-03-25 02:31:05,True,3.573e-05,1.102e-08,272085.0,0.03,0x27...b291,https://bscscan.com/tx/0x21a94d281d4ff5cd4c8bf316f648979ca2c5096caf8bf4429f56c647e250442a
2023-03-25 02:31:02,False,3.556e-05,1.097e-08,45076.0,0.0049,0x29...1200,https://bscscan.com/tx/0x8135537acd0182e34728066c1df4f021344128adcecde17be3d3c4e8d3a5fd90
2023-03-25 02:31:02,False,3.556e-05,1.097e-08,6387.21,7.007e-05,0x29...1200,https://bscscan.com/tx/0x8135537acd0182e34728066c1df4f021344128adcecde17be3d3c4e8d3a5fd90
2023-03-25 02:30:53,True,3.555e-05,1.102e-08,90695.4,0.01,0x29...1200,https://bscscan.com/tx/0xd39d789a8c89c3fd3948eb9d95b90e6531c34d79cec77886922259cdffec8ac3
2023-03-25 02:30:41,False,3.556e-05,1.097e-08,2268112.0,0.2488,0x29...1d8d,https://bscscan.com/tx/0x6e619ceb7b863ffbf96295e4a42225cfa77bd90935f6ff2c48435e767c9afae5
2023-03-25 02:30:41,False,3.556e-05,1.097e-08,18332.0,0.002,0x29...1d8d,https://bscscan.com/tx/0x6e619ceb7b863ffbf96295e4a42225cfa77bd90935f6ff2c48435e767c9afae5
2023-03-25 02:27:20,False,3.558e-05,1.097e-08,6769279.0,0.7427,0x0b...b945,https://bscscan.com/tx/0x7fb9eb06c659095cd6e7f7a95a23350d63f7e2c99af2fe8df80e4d3ccfc05718
2023-03-25 02:27:20,False,3.559e-05,1.097e-08,58870.4,0.0064,0x0b...b945,https://bscscan.com/tx/0x7fb9eb06c659095cd6e7f7a95a23350d63f7e2c99af2fe8df80e4d3ccfc05718
2023-03-25 02:22:56,False,3.558e-05,1.097e-08,21738433.0,2.38605,0x05...7066,https://bscscan.com/tx/0x6fc31aa51d570345cfd8a14616760500873c55a8a414c5158c8576cce8b163f9
2023-03-25 02:22:56,False,3.559e-05,1.097e-08,37511.5,0.0041,0x05...7066,https://bscscan.com/tx/0x6fc31aa51d570345cfd8a14616760500873c55a8a414c5158c8576cce8b163f9
2023-03-25 02:22:47,False,3.559e-05,1.098e-08,13851471.0,1.52103,0x05...7066,https://bscscan.com/tx/0xf40dcc9812df23a6bdf49fb5b4565f54dd3330cf32085a64251444c31789e56b
2023-03-25 02:22:47,False,3.56e-05,1.098e-08,4821.0,5.294e-05,0x05...7066,https://bscscan.com/tx/0xf40dcc9812df23a6bdf49fb5b4565f54dd3330cf32085a64251444c31789e56b
2023-03-25 02:22:41,False,3.56e-05,1.098e-08,1780198.0,0.1955,0xb5...1182,https://bscscan.com/tx/0xf1e829143b58a610c4c3866a414e15daa5d41cdb8c7e7f2a73971f6bb9047ba3
2023-03-25 02:22:41,False,3.56e-05,1.098e-08,61666.2,0.0067,0xb5...1182,https://bscscan.com/tx/0xf1e829143b58a610c4c3866a414e15daa5d41cdb8c7e7f2a73971f6bb9047ba3
2023-03-25 02:21:29,True,3.56e-05,1.103e-08,2892021.0,0.3192,0xe5...f502,https://bscscan.com/tx/0x6fce433ef27e5f165a3f16df92d3ec4f014bb68f063443adee1b64a410237ae0
2023-03-25 02:21:26,False,3.56e-05,1.098e-08,16146016.0,1.77359,0x20...946b,https://bscscan.com/tx/0x5174637c874fc69c1ddc3117ef6acb5872f58e7dc78b050c9cbd1d31378344ce
2023-03-25 02:21:26,False,3.561e-05,1.098e-08,148589.0,0.0163,0x20...946b,https://bscscan.com/tx/0x5174637c874fc69c1ddc3117ef6acb5872f58e7dc78b050c9cbd1d31378344ce
2023-03-25 02:20:44,True,3.578e-05,1.104e-08,2716973.0,0.3,0x71...2974,https://bscscan.com/tx/0xbcbb66d40dc53af215ea98bae73e785e0d6a43d985e385f1277a527e9093096b
2023-03-25 02:19:20,True,3.577e-05,1.104e-08,270892.0,0.0299,0xd7...ffb4,https://bscscan.com/tx/0x4b32d13a91bee500ece55d4bec2cebea6e230297b5423847da11ec613c8b6f2f
2023-03-25 02:16:26,False,3.543e-05,1.099e-08,38134895.0,4.1915,0x6b...1747,https://bscscan.com/tx/0xadb53dd51231397d08406e309b9f9ef780cbfd9f2fa841d109bd09c0588b38ee
2023-03-25 02:16:26,False,3.545e-05,1.099e-08,93010.2,0.0102,0x6b...1747,https://bscscan.com/tx/0xadb53dd51231397d08406e309b9f9ef780cbfd9f2fa841d109bd09c0588b38ee
2023-03-25 02:15:11,False,3.565e-05,1.1e-08,34228620.0,3.76549,0x8c...092b,https://bscscan.com/tx/0xcf17bba478ad64f9c50b0c6d5043f97f6db681be803d7443a35641ddb76cecc1
2023-03-25 02:15:11,False,3.567e-05,1.1e-08,16429.9,0.0018,0x8c...092b,https://bscscan.com/tx/0xcf17bba478ad64f9c50b0c6d5043f97f6db681be803d7443a35641ddb76cecc1
2023-03-25 02:15:05,False,3.567e-05,1.1e-08,6066878.0,0.6677,0x9b...d3d0,https://bscscan.com/tx/0x8c3de724507362de4faed1a3c0b48de585d634095c5883dc5bef1de3e558c72c
2023-03-25 02:15:05,False,3.567e-05,1.1e-08,9662.61,0.001,0x9b...d3d0,https://bscscan.com/tx/0x8c3de724507362de4faed1a3c0b48de585d634095c5883dc5bef1de3e558c72c
2023-03-25 02:13:26,False,3.563e-05,1.1e-08,3568008.0,0.3927,0x92...ba69,https://bscscan.com/tx/0xad8e85f3756df4a4215baa0ef2a3c23a8595db4be1a713a703a005e0ec345046
2023-03-25 02:13:26,False,3.563e-05,1.1e-08,3103.07,3.415e-05,0x92...ba69,https://bscscan.com/tx/0xad8e85f3756df4a4215baa0ef2a3c23a8595db4be1a713a703a005e0ec345046
2023-03-25 02:11:56,False,3.565e-05,1.1e-08,1145839.0,0.1261,0x1f...4f4f,https://bscscan.com/tx/0xd3f21e79e27db74208171c809453d121f7949aa877c3fc9d8306f1f1445f79c3
2023-03-25 02:11:56,False,3.565e-05,1.1e-08,52436.9,0.0057,0x1f...4f4f,https://bscscan.com/tx/0xd3f21e79e27db74208171c809453d121f7949aa877c3fc9d8306f1f1445f79c3
2023-03-25 02:10:08,True,3.584e-05,1.106e-08,985055.0,0.109,0x3b...cdc2,https://bscscan.com/tx/0x5f46489ba63c19df6a244d3513ec0e1c2d12c5f98102d37fba52d8339f44e353
2023-03-25 02:08:29,False,3.547e-05,1.101e-08,18380718.0,2.02385,0xef...b39a,https://bscscan.com/tx/0xb5a0aca5b486d2bc431f0f18083dca129ce02957eba25b6d3558b55cdc6c94e9
2023-03-25 02:08:29,False,3.548e-05,1.101e-08,69920.1,0.0077,0xef...b39a,https://bscscan.com/tx/0xb5a0aca5b486d2bc431f0f18083dca129ce02957eba25b6d3558b55cdc6c94e9
2023-03-25 02:07:59,True,3.584e-05,1.106e-08,396561.0,0.0438,0xa2...c9fa,https://bscscan.com/tx/0x729a00079d82abd93064e3df8b0d245a7e8836ec3c4edbbed051a2ce40dc9a5c
2023-03-25 02:07:56,True,3.584e-05,1.106e-08,396561.0,0.0438,0xa2...c9fa,https://bscscan.com/tx/0x729a00079d82abd93064e3df8b0d245a7e8836ec3c4edbbed051a2ce40dc9a5c
2023-03-25 02:06:08,False,3.567e-05,1.101e-08,25423264.0,2.80077,0x6b...1747,https://bscscan.com/tx/0x781b641c5501bf35b0ea54141fa3a637261074db20b6b34dc45291047595f45f
2023-03-25 02:06:08,False,3.568e-05,1.101e-08,14330.7,0.0015,0x6b...1747,https://bscscan.com/tx/0x781b641c5501bf35b0ea54141fa3a637261074db20b6b34dc45291047595f45f
2023-03-25 02:05:11,False,3.568e-05,1.102e-08,5291737.0,0.5831,0xe8...f332,https://bscscan.com/tx/0x0d5e76caebb12aae61db7bff676807ca49533499a248b377eb0af116c0b8a24e
2023-03-25 02:05:11,False,3.568e-05,1.102e-08,44847.7,0.0049,0xe8...f332,https://bscscan.com/tx/0x0d5e76caebb12aae61db7bff676807ca49533499a248b377eb0af116c0b8a24e
2023-03-25 02:03:26,True,3.586e-05,1.107e-08,318992.0,0.0353,0xf1...990c,https://bscscan.com/tx/0x0e1ff418f61460d68ebee71add38114cafb53b2b2d06fb5ba220caa4b9deb15e
2023-03-25 02:02:32,True,3.585e-05,1.107e-08,2708493.0,0.3,0xe5...1d00,https://bscscan.com/tx/0xa59654ad1386da62218f349f1755591d36036e6dde53785b6357696fe407be7a
2023-03-25 02:01:56,True,3.585e-05,1.107e-08,10594208.0,1.17325,0x75...9f95,https://bscscan.com/tx/0x63869b2b10e6b2572b11904ee0ac08dee0a2e81bde70ae148085f726c3e47eb5
2023-03-25 02:01:38,False,3.566e-05,1.101e-08,2979586.0,0.3282,0xe5...f502,https://bscscan.com/tx/0x976e862434c04718183b874d6437c8ae0622ed50d276d43fa0a980f5fe07495f
2023-03-25 02:01:38,False,3.566e-05,1.101e-08,91799.1,0.0101,0xe5...f502,https://bscscan.com/tx/0x976e862434c04718183b874d6437c8ae0622ed50d276d43fa0a980f5fe07495f
2023-03-25 02:00:47,False,3.567e-05,1.102e-08,33897685.0,3.73659,0x6b...1747,https://bscscan.com/tx/0x81e6b95fcd0de1ffffb7bd6f93fa6aea3a5b552a9d41c0365fcb04482742d2ac
2023-03-25 02:00:47,False,3.568e-05,1.102e-08,63066.3,0.0069,0x6b...1747,https://bscscan.com/tx/0x81e6b95fcd0de1ffffb7bd6f93fa6aea3a5b552a9d41c0365fcb04482742d2ac
2023-03-25 01:59:53,True,3.563e-05,1.108e-08,4341060.0,0.4811,0xbc...7f0b,https://bscscan.com/tx/0x891403cf5d1d5177e523a02ef022cdbb3610b1f14ee0d6482a456de0602af46f
2023-03-25 01:56:23,True,3.581e-05,1.108e-08,1000000.0,0.1108,0xa7...e887,https://bscscan.com/tx/0x753e343b1f05afb266b519910b9bdf3577d8f403c1ade905e9dd08f4186e6d33
2023-03-25 01:54:08,True,3.58e-05,1.108e-08,11162611.0,1.23683,0x5b...e7bd,https://bscscan.com/tx/0x410413202bd7d304a92a28c64855c38a0e2f9047463ab8acae89ce3ec908c9c4
2023-03-25 01:49:44,False,3.561e-05,1.102e-08,5982000.0,0.6594,0xe3...5aaa,https://bscscan.com/tx/0x0521f9bb8d9be6cf8d95e1abc996e235abd0d66f8778b41f853d88b6d3fa3f5c
2023-03-25 01:49:44,False,3.561e-05,1.102e-08,27070.4,0.0029,0xe3...5aaa,https://bscscan.com/tx/0x0521f9bb8d9be6cf8d95e1abc996e235abd0d66f8778b41f853d88b6d3fa3f5c
2023-03-25 01:49:26,False,3.544e-05,1.102e-08,9995999.0,1.10218,0x3b...e915,https://bscscan.com/tx/0x5eb8a2feaaeb2757fe1fb503c63018d32defcc319ff94656baef0e40a544461b
2023-03-25 01:49:26,False,3.544e-05,1.102e-08,63195.1,0.0069,0x3b...e915,https://bscscan.com/tx/0x5eb8a2feaaeb2757fe1fb503c63018d32defcc319ff94656baef0e40a544461b
2023-03-25 01:47:50,True,3.579e-05,1.108e-08,7094870.0,0.7862,0x4b...dba0,https://bscscan.com/tx/0x7488ed9fd1c4fcbdd561641efb9c8ce28f688d0b5c9fcfb7737595dea6ba5707
2023-03-25 01:45:53,False,3.562e-05,1.102e-08,16261807.0,1.79333,0x0b...6aaa,https://bscscan.com/tx/0xcc4066adfaf4cbdfc69755177024d5cdd9e41c0dbc0b035216b8d1080ab45346
2023-03-25 01:45:53,False,3.562e-05,1.103e-08,35848.5,0.0039,0x0b...6aaa,https://bscscan.com/tx/0xcc4066adfaf4cbdfc69755177024d5cdd9e41c0dbc0b035216b8d1080ab45346
2023-03-25 01:45:17,True,3.562e-05,1.108e-08,1000000.0,0.1108,0xc3...7f84,https://bscscan.com/tx/0xa827ea37a3818b563795815c08c645c60ea8cdc5713d754aef56fa68759b3301
2023-03-25 01:38:41,True,3.56e-05,1.108e-08,8919376.0,0.9886,0x05...7dcb,https://bscscan.com/tx/0xe2bd2145a4f32e14a8d54bcb56d24d4130fbe8b0a3fdc9a3e401545c85c34567
2023-03-25 01:36:32,True,3.56e-05,1.108e-08,523235.0,0.0579,0x76...789a,https://bscscan.com/tx/0xd783bfc2bfb14279d0491e7d6041cfba93816237033c71e261e0997fa7dbdddf
2023-03-25 01:36:32,False,3.542e-05,1.102e-08,89690.8,0.0098,0x29...1200,https://bscscan.com/tx/0x532737b2b97cc458c6deb3421ca3e5ba645c851d73ebd4a1fa368470c3795d13
2023-03-25 01:36:32,False,3.542e-05,1.102e-08,57655.9,0.0063,0x29...1200,https://bscscan.com/tx/0x532737b2b97cc458c6deb3421ca3e5ba645c851d73ebd4a1fa368470c3795d13
2023-03-25 01:35:50,True,3.56e-05,1.108e-08,90231.4,0.01,0x29...1200,https://bscscan.com/tx/0xfa268eb9e443ce861f77b6a8ea4d186671d26c1bd279c5aa58959f23f3219c54
2023-03-25 01:35:23,True,3.558e-05,1.108e-08,348955.0,0.0386,0x67...3ba5,https://bscscan.com/tx/0x49a8deab07cd9e05e57e0865ae763469fd49725a45da00312f91df2c5b29a38a
2023-03-25 01:34:41,True,3.578e-05,1.108e-08,309136.0,0.0342,0xbb...a93f,https://bscscan.com/tx/0xe0d36229d9a29beffa79661d42178c6dcab7577fabb4e7e0b54a58b2c24e3763
2023-03-25 01:31:02,True,3.556e-05,1.108e-08,15403374.0,1.70674,0xe6...f059,https://bscscan.com/tx/0xd32d40c0fc7cb99e051584ead4bac2566fbe1b7c487e7c23c99e49f301ca9c51
2023-03-25 01:29:50,True,3.572e-05,1.107e-08,1041138.0,0.1153,0xb6...2d34,https://bscscan.com/tx/0xdb890e7e69584a43acd2825f87d3699ff5602c4f523b608d25ab0ca7cadb4677
2023-03-25 01:26:38,False,3.554e-05,1.102e-08,1992160.0,0.2195,0x79...9ca5,https://bscscan.com/tx/0xd655389c53eb6813dbb833263f7e36c9b6c57cd5d294f43fe9265fef8d9636bc
2023-03-25 01:26:38,False,3.554e-05,1.102e-08,31733.2,0.0035,0x79...9ca5,https://bscscan.com/tx/0xd655389c53eb6813dbb833263f7e36c9b6c57cd5d294f43fe9265fef8d9636bc
2023-03-25 01:25:44,True,3.554e-05,1.107e-08,1353996.0,0.15,0x4c...3b03,https://bscscan.com/tx/0xe28e5f0d5915a27ac53817db2e8f7812a42d2e0f5d51d447838fc3e895d1363a
2023-03-25 01:23:35,True,3.571e-05,1.107e-08,5089214.0,0.5637,0xcc...31e0,https://bscscan.com/tx/0x2c740f4dd4a1194b44bf66dda36d9717a60e763404a3b87a15f95451aa7294fe
2023-03-25 01:23:20,True,3.552e-05,1.107e-08,309820.0,0.0343,0xbb...a93f,https://bscscan.com/tx/0xab0ec1ced954961040f2b15eda5bf649717466d90939be1519a95c59a6529b21
2023-03-25 01:23:05,False,3.535e-05,1.102e-08,4985000.0,0.5494,0xe3...5aaa,https://bscscan.com/tx/0xb1ab00911b7762b2c6f7772738a1e43ab5e8887fb4308db08879e42989d56ce1
2023-03-25 01:23:05,False,3.535e-05,1.102e-08,949.98,1.047e-05,0xe3...5aaa,https://bscscan.com/tx/0xb1ab00911b7762b2c6f7772738a1e43ab5e8887fb4308db08879e42989d56ce1
2023-03-25 01:22:53,False,3.535e-05,1.102e-08,350789.0,0.0386,0x01...8786,https://bscscan.com/tx/0xe88cfc6d30afa509bd2c390a44ebc9da413bc71fe7b209d24a48e4e9085189c3
2023-03-25 01:22:53,False,3.535e-05,1.102e-08,19733.5,0.0021,0x01...8786,https://bscscan.com/tx/0xe88cfc6d30afa509bd2c390a44ebc9da413bc71fe7b209d24a48e4e9085189c3
2023-03-25 01:17:50,True,3.57e-05,1.107e-08,3159504.0,0.35,0x6d...e91c,https://bscscan.com/tx/0x8745d5692d86c54112a9686d27f0fe499e30bfcabb14f68378fc7326f7ea5b8b
2023-03-25 01:17:17,True,3.57e-05,1.107e-08,1300267.0,0.144,0x2f...4445,https://bscscan.com/tx/0x31c157b01e87a0d18ec5e330cc35e73654607487048acec054b75e0b87f55bdd
2023-03-25 01:16:23,True,3.57e-05,1.107e-08,2800805.0,0.3102,0xa1...d4e0,https://bscscan.com/tx/0x18bf4b3f2d18cda57594735baeaaa3a704e1f57b103deea1fc0978624442b2fe
2023-03-25 01:07:47,False,3.552e-05,1.102e-08,1099.42,1.211e-05,0xf3...3fbb,https://bscscan.com/tx/0x70be675138e5e3e7c75da6eaee4dffb64f481b1c294aad258936bd5e0e2c04e0
2023-03-25 01:07:47,False,3.552e-05,1.102e-08,32976.7,0.0036,0xf3...3fbb,https://bscscan.com/tx/0x70be675138e5e3e7c75da6eaee4dffb64f481b1c294aad258936bd5e0e2c04e0
2023-03-25 01:03:53,True,3.569e-05,1.107e-08,1030598.0,0.1141,0x71...542e,https://bscscan.com/tx/0xd04061150e4d7ed6b621f9c68dac73f96e5157152d0def2977dd0d6e8674c9e7
2023-03-25 00:59:14,False,3.533e-05,1.102e-08,11149438.0,1.2289,0x5a...e6e3,https://bscscan.com/tx/0x1ecafd2ea3ba51959f3ff70d08947b8386fa60f73e8fd938b55a0f1b95c6e49f
2023-03-25 00:59:14,False,3.533e-05,1.102e-08,6806.15,7.502e-05,0x5a...e6e3,https://bscscan.com/tx/0x1ecafd2ea3ba51959f3ff70d08947b8386fa60f73e8fd938b55a0f1b95c6e49f
2023-03-25 00:58:32,True,3.551e-05,1.107e-08,280156.0,0.031,0x5a...1ac6,https://bscscan.com/tx/0x6f7e6ea2e61706e88a7454b1ec84ffe9fd1fb2debd5405dd82cf4ce81e2c61bd
2023-03-25 00:57:14,False,3.551e-05,1.102e-08,2233917.0,0.2462,0xc6...3924,https://bscscan.com/tx/0xef2ebb444740c6a4bf18885ee4486c8f9cf6a3703557702c4a2825a7de33fc02
2023-03-25 00:57:14,False,3.551e-05,1.102e-08,16508.5,0.0018,0xc6...3924,https://bscscan.com/tx/0xef2ebb444740c6a4bf18885ee4486c8f9cf6a3703557702c4a2825a7de33fc02
2023-03-25 00:55:50,False,3.551e-05,1.102e-08,6095905.0,0.672,0xa9...e1c9,https://bscscan.com/tx/0x1ed3b3f76e52b16fa98130e87dca9051b79c5ea8bc7a8d383bea63a2778ddc7f
2023-03-25 00:55:50,False,3.552e-05,1.102e-08,21626.6,0.0023,0xa9...e1c9,https://bscscan.com/tx/0x1ed3b3f76e52b16fa98130e87dca9051b79c5ea8bc7a8d383bea63a2778ddc7f
2023-03-25 00:50:59,True,3.556e-05,1.108e-08,3009850.0,0.3335,0xff...88c9,https://bscscan.com/tx/0x101809e54b4ca8c37e7de358263d7ecebb2eaa4012776d7128c3f015e2bfd1d6
2023-03-25 00:48:50,False,3.556e-05,1.102e-08,4985000.0,0.5496,0xe3...5aaa,https://bscscan.com/tx/0xfc457ee1d6689af969d2ab23de65500a0b486fb2b2d3b39dd8cd0e51e7a8a896
2023-03-25 00:48:50,False,3.556e-05,1.102e-08,18881.8,0.002,0xe3...5aaa,https://bscscan.com/tx/0xfc457ee1d6689af969d2ab23de65500a0b486fb2b2d3b39dd8cd0e51e7a8a896
2023-03-25 00:46:32,True,3.573e-05,1.108e-08,839235.0,0.093,0x30...58cb,https://bscscan.com/tx/0x116d78008da1f6423cf9abbf1f2a4445a44233e804072ce5fd790184b4dba27c
2023-03-25 00:39:52,False,3.539e-05,1.102e-08,6135547.0,0.6765,0xc3...c287,https://bscscan.com/tx/0x93d8ce2d117656897ec709e7c71c803a4a338a7817ee32e767f4a464ae4fd4e7
2023-03-25 00:39:52,False,3.54e-05,1.102e-08,1436.11,1.583e-05,0xc3...c287,https://bscscan.com/tx/0x93d8ce2d117656897ec709e7c71c803a4a338a7817ee32e767f4a464ae4fd4e7
2023-03-25 00:35:55,False,3.557e-05,1.102e-08,530296.0,0.0584,0x44...1f02,https://bscscan.com/tx/0x37b54722d2d4b79b27339d45cbf5fa92c3c785a49070ecf595b8d45745f79c4a
2023-03-25 00:35:55,False,3.557e-05,1.102e-08,12389.9,0.0013,0x44...1f02,https://bscscan.com/tx/0x37b54722d2d4b79b27339d45cbf5fa92c3c785a49070ecf595b8d45745f79c4a
2023-03-25 00:34:49,False,3.537e-05,1.102e-08,4575084.0,0.5045,0x32...4b88,https://bscscan.com/tx/0x4751b0747e0034d3912ca7782a66d7a163a8e49e2e4bdaa9f65fbf744a4200f0
2023-03-25 00:34:49,False,3.537e-05,1.102e-08,478.703,5.279e-06,0x32...4b88,https://bscscan.com/tx/0x4751b0747e0034d3912ca7782a66d7a163a8e49e2e4bdaa9f65fbf744a4200f0
2023-03-25 00:34:43,False,3.537e-05,1.102e-08,176765.0,0.0195,0x44...1f02,https://bscscan.com/tx/0x2a05afc35da3a4d9675ecf916e3ff70c96cfa6d66b9351d7924ea0b84871fa12
2023-03-25 00:34:43,False,3.537e-05,1.102e-08,45679.6,0.005,0x44...1f02,https://bscscan.com/tx/0x2a05afc35da3a4d9675ecf916e3ff70c96cfa6d66b9351d7924ea0b84871fa12
2023-03-25 00:33:16,True,3.573e-05,1.108e-08,99237.6,0.011,0x3c...5338,https://bscscan.com/tx/0xd1c2affa3a375a2f4927bd66c000ffb64c3853880d71caa2e78abe81d17ad030
2023-03-25 00:32:17,True,3.554e-05,1.108e-08,14669214.0,1.62571,0x67...0b43,https://bscscan.com/tx/0x7305cc2d5127ccb6f0562a1d11b680f8f876aef96008971ed0a10e75d835c601
2023-03-25 00:30:53,True,3.571e-05,1.108e-08,1610293.0,0.1784,0xe2...4638,https://bscscan.com/tx/0x47b89643903f33a8f8552988143b4529355ab2b363e1ba22422470240cbaf7ee
2023-03-25 00:29:14,False,3.553e-05,1.102e-08,538002.0,0.0593,0x8c...6146,https://bscscan.com/tx/0xdca6621f970086493a76543593074dc892d1d3bc27e737b129ce5237a43526d3
2023-03-25 00:29:14,False,3.553e-05,1.102e-08,19589.0,0.0021,0x8c...6146,https://bscscan.com/tx/0xdca6621f970086493a76543593074dc892d1d3bc27e737b129ce5237a43526d3
2023-03-25 00:26:14,True,3.553e-05,1.107e-08,2400000.0,0.2659,0xc0...7729,https://bscscan.com/tx/0x352880406df7089e9804a5ff0b3a5f638538e1653dc1af253ce368d36870d4af
2023-03-25 00:26:14,True,3.553e-05,1.107e-08,50000.0,0.0055,0x39...27f0,https://bscscan.com/tx/0xbde26c5773163a38e72c5b80f876e20a94b14e9cf84a4f316171e758c015c55e
2023-03-25 00:24:41,True,3.552e-05,1.107e-08,1805168.0,0.2,0xd4...ec37,https://bscscan.com/tx/0xa53f9073ba0dd2612db8263e09810d791a03efac2bb20936861e647fb72025ff
2023-03-25 00:23:59,False,3.552e-05,1.102e-08,2991000.0,0.3297,0xc3...7f84,https://bscscan.com/tx/0x0da1aa2337f28ce4ad9415c1fb5dea95df1d3ae0aa44550d23a5bac255e54a71
2023-03-25 00:23:59,False,3.552e-05,1.102e-08,24300.0,0.0026,0xc3...7f84,https://bscscan.com/tx/0x0da1aa2337f28ce4ad9415c1fb5dea95df1d3ae0aa44550d23a5bac255e54a71
2023-03-25 00:23:05,False,3.552e-05,1.102e-08,8973000.0,0.9893,0x24...59dd,https://bscscan.com/tx/0x1670dd15ada44479ee41b4dd1de105b3b2f0b1e336412eb47aa2d367d9fed963
2023-03-25 00:23:05,False,3.553e-05,1.102e-08,25424.6,0.0028,0x24...59dd,https://bscscan.com/tx/0x1670dd15ada44479ee41b4dd1de105b3b2f0b1e336412eb47aa2d367d9fed963
2023-03-25 00:20:17,False,3.534e-05,1.102e-08,246141.0,0.0271,0xbb...9a99,https://bscscan.com/tx/0x66ea14fdc2664fa7f1ee50483154048097c03c194b0b25f3f499967554ce7b42
2023-03-25 00:20:17,False,3.534e-05,1.102e-08,270.0,2.977e-06,0xbb...9a99,https://bscscan.com/tx/0x66ea14fdc2664fa7f1ee50483154048097c03c194b0b25f3f499967554ce7b42
2023-03-25 00:20:14,False,3.534e-05,1.102e-08,99700.0,0.0109,0x63...f98b,https://bscscan.com/tx/0x9de9b0ca4c75010a292ad585a1479c5353beb1f8c528209ae383904c7af99983
2023-03-25 00:20:14,False,3.534e-05,1.102e-08,485802.0,0.0535,0x63...f98b,https://bscscan.com/tx/0x9de9b0ca4c75010a292ad585a1479c5353beb1f8c528209ae383904c7af99983
2023-03-25 00:18:29,True,3.551e-05,1.108e-08,1200103.0,0.133,0x99...7a2b,https://bscscan.com/tx/0x776399c3e956efdbabd8bf3d0379160e40f9d08d66bb44133a6b431740355283
2023-03-25 00:17:35,True,3.563e-05,1.106e-08,135577446.0,15.0,0x8a...0720,https://bscscan.com/tx/0x1c4586d926c506b65b8cfa4956a4ddddd2edaa508ab897a977aeb8482f529977
2023-03-25 00:14:39,False,3.523e-05,1.099e-08,43019673.0,4.73047,0x05...00de,https://bscscan.com/tx/0x720e3f46fb19995bb6b99b966b2c4b141bb5f842ef52bd6818cfc3f1cf77c022
2023-03-25 00:14:39,False,3.525e-05,1.1e-08,33491.4,0.0036,0x05...00de,https://bscscan.com/tx/0x720e3f46fb19995bb6b99b966b2c4b141bb5f842ef52bd6818cfc3f1cf77c022
2023-03-25 00:14:36,True,3.543e-05,1.105e-08,1000000.0,0.1105,0x39...27f0,https://bscscan.com/tx/0x99c98f55f17e2c6bef21b824351dd981baaa0d67f0efa7cf34122726821db315
2023-03-25 00:13:51,True,3.542e-05,1.105e-08,1404226.0,0.1552,0x30...d3b1,https://bscscan.com/tx/0x060ed3c152eaa82b395a027f33b07e5a1329cdcae0ea5a66b5740ea1682b74ac
2023-03-25 00:13:09,False,3.525e-05,1.1e-08,9970000.0,1.09695,0x19...32e1,https://bscscan.com/tx/0xac687bed597bebaccfa6e1d0b478c27d9d392a432a09e24a9fa3655ed57e7a19
2023-03-25 00:13:09,False,3.525e-05,1.1e-08,4024.14,4.428e-05,0x19...32e1,https://bscscan.com/tx/0xac687bed597bebaccfa6e1d0b478c27d9d392a432a09e24a9fa3655ed57e7a19
2023-03-25 00:12:33,True,3.543e-05,1.105e-08,1113486.0,0.1231,0xc7...122d,https://bscscan.com/tx/0xb29c344c64af56ee311ebd514b24a6eaee0a0a3192f74aa91a72a0607e407d07
2023-03-25 00:10:24,False,3.541e-05,1.1e-08,375805.0,0.0413,0x76...fc4a,https://bscscan.com/tx/0xb6f615f9f9eb041034a4e118d7ae9a6539bd8fea3988c5440bcd9328e43e09fe
2023-03-25 00:10:24,False,3.541e-05,1.1e-08,6331.25,6.966e-05,0x76...fc4a,https://bscscan.com/tx/0xb6f615f9f9eb041034a4e118d7ae9a6539bd8fea3988c5440bcd9328e43e09fe
2023-03-25 00:07:12,True,3.542e-05,1.105e-08,1216295.0,0.1345,0xaf...2d0e,https://bscscan.com/tx/0x897671cc9f13ec4c7419371d1129faad4666b32dc99c3d21ecf6f058105d65bd
2023-03-25 00:03:10,False,3.542e-05,1.1e-08,997000.0,0.1097,0x53...435b,https://bscscan.com/tx/0xdc0e269ab9888a80929295b3a0b177116226e0c59dba6be8cf42f84a95796ef3
2023-03-25 00:03:10,False,3.542e-05,1.1e-08,8100.0,8.912e-05,0x53...435b,https://bscscan.com/tx/0xdc0e269ab9888a80929295b3a0b177116226e0c59dba6be8cf42f84a95796ef3
2023-03-25 00:01:07,False,3.543e-05,1.1e-08,2991000.0,0.3291,0x53...435b,https://bscscan.com/tx/0x51771b338bb3f7099519e2adcdcd61c22c79868e0badd0510e41bbf116c07671
2023-03-25 00:01:07,False,3.543e-05,1.1e-08,10264.1,0.0011,0x53...435b,https://bscscan.com/tx/0x51771b338bb3f7099519e2adcdcd61c22c79868e0badd0510e41bbf116c07671
2023-03-24 23:59:13,True,3.561e-05,1.105e-08,801524.0,0.0886,0xbb...f8b2,https://bscscan.com/tx/0x3c76044bec6c1f5f5ed1924f6f369ae089e8cfc65ee0b65a91a955ad13da4e42
2023-03-24 23:59:10,False,3.543e-05,1.1e-08,2991000.0,0.3291,0xe3...5aaa,https://bscscan.com/tx/0x4691812f5a34a091a1dc655d60d2666a534ce5eeef54b08dde5fd4e383aadcc8
2023-03-24 23:59:10,False,3.543e-05,1.1e-08,43425.4,0.0047,0xe3...5aaa,https://bscscan.com/tx/0x4691812f5a34a091a1dc655d60d2666a534ce5eeef54b08dde5fd4e383aadcc8
2023-03-24 23:57:37,True,3.561e-05,1.105e-08,2588589.0,0.2863,0x92...453e,https://bscscan.com/tx/0xd73e80f054e556b1b657b490af147c25bc74dcd55d2d385d1e41ad2c9ea71859
2023-03-24 23:57:10,True,3.561e-05,1.105e-08,432165.0,0.0478,0x16...9c18,https://bscscan.com/tx/0x01abf27ccb571816a2dd4be2becfbf1d86dec0c7d6157f96cd64db742ba739af
2023-03-24 23:56:43,True,3.56e-05,1.105e-08,90420.5,0.01,0x38...4235,https://bscscan.com/tx/0x2bf2fa25e8e76ec3a89065b9f5e4e473693a3a3f7e69248692e53635431cae5c
2023-03-24 23:55:16,False,3.526e-05,1.1e-08,12933390.0,1.42344,0xec...2813,https://bscscan.com/tx/0x277355c88f9326b2257e685ed5d019ba63ec5851c277549567c3250781c14bdc
2023-03-24 23:55:16,False,3.526e-05,1.1e-08,2945.3,3.242e-05,0xec...2813,https://bscscan.com/tx/0x277355c88f9326b2257e685ed5d019ba63ec5851c277549567c3250781c14bdc
2023-03-24 23:53:04,False,3.544e-05,1.1e-08,1087580.0,0.1197,0xd6...5cce,https://bscscan.com/tx/0x1f1fd495046e5f31424353224126a20b7c4c31fec6192507856578fa6e824052
2023-03-24 23:53:04,False,3.544e-05,1.1e-08,970.218,1.068e-05,0xd6...5cce,https://bscscan.com/tx/0x1f1fd495046e5f31424353224126a20b7c4c31fec6192507856578fa6e824052
2023-03-24 23:51:13,True,3.544e-05,1.106e-08,289248.0,0.032,0xb3...1691,https://bscscan.com/tx/0xb066b68d6700731ca3797098b76e4a9dd680f3acd5bff3acbbc94fb37127b9da
2023-03-24 23:49:55,False,3.544e-05,1.1e-08,69881.8,0.0076,0xad...0b9a,https://bscscan.com/tx/0x93687192a90c1bdcc4c6375530bb9fd18f9d394e1a6be50445062a237e9f7788
2023-03-24 23:49:55,False,3.544e-05,1.1e-08,2710.94,2.984e-05,0xad...0b9a,https://bscscan.com/tx/0x93687192a90c1bdcc4c6375530bb9fd18f9d394e1a6be50445062a237e9f7788
2023-03-24 23:49:01,False,3.544e-05,1.1e-08,1001038.0,0.1101,0xc8...32a2,https://bscscan.com/tx/0xb729bcac4447e49cf37e282f673481af9a8cacfa6e6543d6749ffb361a06d6b0
2023-03-24 23:49:01,False,3.544e-05,1.1e-08,14104.7,0.0015,0xc8...32a2,https://bscscan.com/tx/0xb729bcac4447e49cf37e282f673481af9a8cacfa6e6543d6749ffb361a06d6b0
2023-03-24 23:41:46,False,3.542e-05,1.1e-08,5208296.0,0.5733,0xf3...504f,https://bscscan.com/tx/0x7502c1cc6eb6e59716ecfd3e0327bd1ea81e820655eb4c2754e2ad5cc4eaec35
2023-03-24 23:41:46,False,3.542e-05,1.1e-08,628.17,6.915e-06,0xf3...504f,https://bscscan.com/tx/0x7502c1cc6eb6e59716ecfd3e0327bd1ea81e820655eb4c2754e2ad5cc4eaec35
2023-03-24 23:39:58,False,3.542e-05,1.1e-08,231958.0,0.0255,0x16...9c18,https://bscscan.com/tx/0x9ca1bdac6211bb87169237064e5fa40de486f33363be786a35be25413e86dbbd
2023-03-24 23:39:58,False,3.542e-05,1.1e-08,9603.72,0.001,0x16...9c18,https://bscscan.com/tx/0x9ca1bdac6211bb87169237064e5fa40de486f33363be786a35be25413e86dbbd
2023-03-24 23:36:34,False,3.522e-05,1.101e-08,3546262.0,0.3904,0xed...4d28,https://bscscan.com/tx/0x9c9403736e928b1faaa9617479af16a67a94a066c9616499c9ba355ca65f9aa8
2023-03-24 23:36:34,False,3.522e-05,1.101e-08,167879.0,0.0184,0xed...4d28,https://bscscan.com/tx/0x9c9403736e928b1faaa9617479af16a67a94a066c9616499c9ba355ca65f9aa8
2023-03-24 23:35:19,True,3.557e-05,1.106e-08,2593359.0,0.2869,0x37...b076,https://bscscan.com/tx/0x7380c8c03468f129c0753f3d7d509165639f3cc43b0e579bd4a2b9db59c2732d
2023-03-24 23:34:28,True,3.537e-05,1.105e-08,48071354.0,5.31606,0x3a...3b9d,https://bscscan.com/tx/0x550d9dd115eb05f570d0289a889675624852be117d9b4e246ed87a0f96d55e2b
2023-03-24 23:32:43,True,3.551e-05,1.105e-08,10465652.0,1.15653,0x15...d0e6,https://bscscan.com/tx/0x5f6c7974f18c6ace63d2fbe9b0e4bb6dc115f3af652369b4a447096c105b104c
2023-03-24 23:31:01,False,3.533e-05,1.099e-08,516645.0,0.0568,0x85...8e79,https://bscscan.com/tx/0x48478faf7537e46e798d3c84f0e252f865996d44a4d2ae7f6a847c99ec14c930
2023-03-24 23:31:01,False,3.533e-05,1.099e-08,8100.0,8.905e-05,0x85...8e79,https://bscscan.com/tx/0x48478faf7537e46e798d3c84f0e252f865996d44a4d2ae7f6a847c99ec14c930
2023-03-24 23:29:37,False,3.515e-05,1.099e-08,2991000.0,0.3288,0xfc...9e19,https://bscscan.com/tx/0xcf84aff5226d5c2d28d72366b07afff751b7badb4d812aaa8d307a5c28816ab9
2023-03-24 23:29:37,False,3.515e-05,1.099e-08,205778.0,0.0226,0xfc...9e19,https://bscscan.com/tx/0xcf84aff5226d5c2d28d72366b07afff751b7badb4d812aaa8d307a5c28816ab9
2023-03-24 23:28:52,True,3.55e-05,1.105e-08,1583077.0,0.1749,0xc9...35ff,https://bscscan.com/tx/0x4d09b30a667b1a810dac1f06f96337976151e1bc3e330c6a7705c14d1669395e
2023-03-24 23:28:01,True,3.55e-05,1.104e-08,2000000.0,0.2209,0xd2...206e,https://bscscan.com/tx/0x2d830469ea6243695c29899724b390148b54f6ca01c2f3a9d7f7d76f73fec489
2023-03-24 23:24:07,True,3.545e-05,1.103e-08,72466606.0,8.0,0xee...7649,https://bscscan.com/tx/0x90e18c8fbe4588dfc5245e3734e714d5b44f39daaffc5a72f5c0cc991114ffff
2023-03-24 23:23:01,True,3.542e-05,1.102e-08,17458.3,0.0019,0x9d...f5de,https://bscscan.com/tx/0xb2e5d0bfff6941a8a9938ef198447cd03e5102c4735900ae98d2bad241c1c188
2023-03-24 23:22:25,False,3.524e-05,1.097e-08,146540.0,0.016,0xde...8f8e,https://bscscan.com/tx/0xaead26529d0719864a43c42bc1ca4192499198af717bcfe978e4be5f2d202c04
2023-03-24 23:22:25,False,3.524e-05,1.097e-08,12003.0,0.0013,0xde...8f8e,https://bscscan.com/tx/0xaead26529d0719864a43c42bc1ca4192499198af717bcfe978e4be5f2d202c04
2023-03-24 23:22:16,True,3.541e-05,1.102e-08,268968.0,0.0296,0x6e...ceed,https://bscscan.com/tx/0x7b48853cfa337ed6cd4603d384f0e26d7460f4fb6a315547492ead5188f344d6
2023-03-24 23:21:28,True,3.541e-05,1.102e-08,1596789.0,0.1761,0x7c...36d7,https://bscscan.com/tx/0xc00ed111a9460e4d46ddf11479210feed7721e3326b7fd79eea8b6a0f4318142
2023-03-24 23:21:10,False,3.524e-05,1.097e-08,2572042.0,0.2822,0x3c...7272,https://bscscan.com/tx/0x1907a433c870ca6c0bd51f7aa0ad8208eb5abef55763c87da5311112fe57ac95
2023-03-24 23:21:10,False,3.524e-05,1.097e-08,78078.5,0.0085,0x3c...7272,https://bscscan.com/tx/0x1907a433c870ca6c0bd51f7aa0ad8208eb5abef55763c87da5311112fe57ac95
2023-03-24 23:20:55,True,3.524e-05,1.103e-08,180780.0,0.0199,0x6a...72ca,https://bscscan.com/tx/0x44c5699a3699bd059556ca9e10157b6364a441972c60fc6c3f1a28afda4dad4a
2023-03-24 23:20:31,True,3.541e-05,1.102e-08,1694059.0,0.1868,0x9b...738c,https://bscscan.com/tx/0x89bc6030af93b8406abfb8c041fa88c68d1ab2af4d55a4684d003e8f90806127
2023-03-24 23:20:16,True,3.541e-05,1.102e-08,7255.0,8.001e-05,0xbc...4904,https://bscscan.com/tx/0x2832ede1ff575dc4a0fe2ffcc89e8427fd8f146bddb667549b2d653667ec4ace
2023-03-24 23:19:55,True,3.541e-05,1.102e-08,13360083.0,1.47331,0xc4...e6a2,https://bscscan.com/tx/0x29d796079c60cfcf106c117135cb50645f822266bf08d0dfa09d417144de3e66
2023-03-24 23:17:16,True,3.539e-05,1.102e-08,11317363.0,1.24767,0x46...c1ef,https://bscscan.com/tx/0x9c7c8ee8fbef950f82b9a15dd6548ba2caf7f2db116eb0ea3ebfd2622611bb6f
2023-03-24 23:16:07,True,3.54e-05,1.102e-08,565112.0,0.0622,0x13...106e,https://bscscan.com/tx/0xefd0cf154d8dcf57053df54d7ba404c511e495d3ff51ed39c3e645910315e420
2023-03-24 23:14:31,True,3.537e-05,1.102e-08,374829.0,0.0413,0xa2...89fe,https://bscscan.com/tx/0x17d31ccad52369c7c1ae46fa46c27efbf4e213e1ee1ab46c68dc8033134ebf07
2023-03-24 23:13:52,True,3.537e-05,1.102e-08,54430.0,0.006,0xbc...4904,https://bscscan.com/tx/0xe0663f65074fcfdc594ff7f373daca8ead8951ad7e3c43112cf30e83535d20c1
2023-03-24 23:11:28,True,3.537e-05,1.102e-08,9072.27,0.001,0xf3...3fbb,https://bscscan.com/tx/0x7c1ac020c50208c2d3ed46eaa9a8395b8235514cb8a26a1fc3c88effdb1fa942
2023-03-24 23:08:25,True,3.537e-05,1.102e-08,9072.27,0.001,0xf3...3fbb,https://bscscan.com/tx/0x952f5d6acd3552268a87fe03b3e7d8680acc081eb233a4862226cea467203543
2023-03-24 23:08:10,True,3.519e-05,1.102e-08,272161.0,0.03,0xbc...4904,https://bscscan.com/tx/0x7e527316b1f530c4ee09821a6a65e025e36a5154fe26cddf45f23869904348b9
2023-03-24 23:06:04,True,3.537e-05,1.102e-08,1072821.0,0.1182,0x1d...b5da,https://bscscan.com/tx/0xe6a7f673c0bc89ea54b2f8e08c3533893ce85951c5f299330b97b43205e8cb2b
2023-03-24 23:05:31,False,3.501e-05,1.096e-08,906.803,9.945e-06,0xf3...3fbb,https://bscscan.com/tx/0x6eb8e06fd9051bba1a3d163a3708f21ab6fe2983047634d67c7d9f6fea5a1451
2023-03-24 23:05:31,False,3.501e-05,1.096e-08,886.622,9.723e-06,0xf3...3fbb,https://bscscan.com/tx/0x6eb8e06fd9051bba1a3d163a3708f21ab6fe2983047634d67c7d9f6fea5a1451
2023-03-24 23:03:25,False,3.501e-05,1.096e-08,196787.0,0.0215,0xd7...2a9b,https://bscscan.com/tx/0xbc050049d0e36c8dba4eb8fd994a3a9c65d065a337cf3e59d87007185f4a3482
2023-03-24 23:03:25,False,3.501e-05,1.096e-08,13.229,1.45e-07,0xd7...2a9b,https://bscscan.com/tx/0xbc050049d0e36c8dba4eb8fd994a3a9c65d065a337cf3e59d87007185f4a3482
2023-03-24 23:02:16,False,3.501e-05,1.096e-08,4884.92,5.357e-05,0xf3...3fbb,https://bscscan.com/tx/0xfc86f6e80236608b04aae72060cc35409596ce82a42c12196df9e089656648b1
2023-03-24 23:02:16,False,3.501e-05,1.096e-08,7061.26,7.744e-05,0xf3...3fbb,https://bscscan.com/tx/0xfc86f6e80236608b04aae72060cc35409596ce82a42c12196df9e089656648b1
2023-03-24 22:59:55,False,3.5e-05,1.096e-08,697899.0,0.0765,0xc2...2e83,https://bscscan.com/tx/0xb16e31ce46e974ba2f4f75e1654cf1092e9e39f913a695a2b1f1cc8776144f9e
2023-03-24 22:59:55,False,3.5e-05,1.096e-08,37105.9,0.004,0xc2...2e83,https://bscscan.com/tx/0xb16e31ce46e974ba2f4f75e1654cf1092e9e39f913a695a2b1f1cc8776144f9e
2023-03-24 22:59:13,False,3.5e-05,1.096e-08,13701693.0,1.50298,0x3b...e915,https://bscscan.com/tx/0xc0d7fc2e2d7835c4783375162c7eef6820cc5a04513d8cf21a192bc41fd8f539
2023-03-24 22:59:13,False,3.5e-05,1.097e-08,4588.88,5.034e-05,0x3b...e915,https://bscscan.com/tx/0xc0d7fc2e2d7835c4783375162c7eef6820cc5a04513d8cf21a192bc41fd8f539
2023-03-24 22:55:43,False,3.497e-05,1.097e-08,1694485.0,0.1859,0xc2...2e83,https://bscscan.com/tx/0xf4f79a38a13558e3af94c8362703adee9c70ad0293d523e52e4eea40dbb73a1c
2023-03-24 22:55:43,False,3.497e-05,1.097e-08,8201.17,8.997e-05,0xc2...2e83,https://bscscan.com/tx/0xf4f79a38a13558e3af94c8362703adee9c70ad0293d523e52e4eea40dbb73a1c
2023-03-24 22:54:25,False,3.499e-05,1.097e-08,3028357.0,0.3322,0x80...4adf,https://bscscan.com/tx/0x4ee96c288dab51b59e69d398780316a2e914e0986e6386911c72532c5e5fd5aa
2023-03-24 22:54:25,False,3.499e-05,1.097e-08,15098.4,0.0016,0x80...4adf,https://bscscan.com/tx/0x4ee96c288dab51b59e69d398780316a2e914e0986e6386911c72532c5e5fd5aa
2023-03-24 22:52:50,True,3.534e-05,1.102e-08,5581098.0,0.6154,0x6a...3665,https://bscscan.com/tx/0xb1ce344be602a51e04b49a8a5187ae6d5f94c51d945749679e14e64ce6616300
2023-03-24 22:52:40,False,3.499e-05,1.097e-08,10855.4,0.0011,0xf3...3fbb,https://bscscan.com/tx/0xeb170350d3d5cc57a87002ad094ce6919d5af8ac3d8742cf26ed25cc04f65f58
2023-03-24 22:52:40,False,3.499e-05,1.097e-08,2.7,2.962e-08,0xf3...3fbb,https://bscscan.com/tx/0xeb170350d3d5cc57a87002ad094ce6919d5af8ac3d8742cf26ed25cc04f65f58
2023-03-24 22:50:15,False,3.516e-05,1.097e-08,997.0,1.093e-05,0xf3...3fbb,https://bscscan.com/tx/0x8d33bb724020bbf83ed531e98087b31bbc2f6d5ab8331399287ab89f14df8e71
2023-03-24 22:50:15,False,3.516e-05,1.097e-08,13500.0,0.0014,0xf3...3fbb,https://bscscan.com/tx/0x8d33bb724020bbf83ed531e98087b31bbc2f6d5ab8331399287ab89f14df8e71
2023-03-24 22:49:57,False,3.516e-05,1.097e-08,4985000.0,0.5469,0xe3...5aaa,https://bscscan.com/tx/0x080915e776dc6f393a7af02a344b836d0d5efad2a2d68aa9d13847e23390dbb5
2023-03-24 22:49:57,False,3.516e-05,1.097e-08,4860.0,5.332e-05,0xe3...5aaa,https://bscscan.com/tx/0x080915e776dc6f393a7af02a344b836d0d5efad2a2d68aa9d13847e23390dbb5
2023-03-24 22:46:57,False,3.516e-05,1.097e-08,1794600.0,0.1969,0xa7...27f2,https://bscscan.com/tx/0x6d40c0dbc25230b3d89edfe22aac0c9117cf2066ef613bd54777e5cd6d4f7835
2023-03-24 22:46:57,False,3.516e-05,1.097e-08,48457.1,0.0053,0xa7...27f2,https://bscscan.com/tx/0x6d40c0dbc25230b3d89edfe22aac0c9117cf2066ef613bd54777e5cd6d4f7835
2023-03-24 22:46:42,False,3.498e-05,1.097e-08,17893250.0,1.96381,0x6b...4395,https://bscscan.com/tx/0xe383506fa909b258669a42e67ccb8fcb9a38f6ea0a4c95307e6ea2eabe2febb5
2023-03-24 22:46:42,False,3.499e-05,1.097e-08,19387.7,0.0021,0x6b...4395,https://bscscan.com/tx/0xe383506fa909b258669a42e67ccb8fcb9a38f6ea0a4c95307e6ea2eabe2febb5
2023-03-24 22:45:39,True,3.516e-05,1.103e-08,1599543.0,0.1764,0x4f...31fa,https://bscscan.com/tx/0x970cceeaa7d42872ec8e1b14a6dedea9dd18805cfd9fd3e643c69417903daade
2023-03-24 22:43:15,False,3.514e-05,1.097e-08,5484582.0,0.602,0x11...ca3a,https://bscscan.com/tx/0x9a37e0fee6edf93fd8f6648e5a90a4e312711f9bd09e1451295b4e40e2ced5de
2023-03-24 22:43:15,False,3.514e-05,1.097e-08,26748.6,0.0029,0x11...ca3a,https://bscscan.com/tx/0x9a37e0fee6edf93fd8f6648e5a90a4e312711f9bd09e1451295b4e40e2ced5de
2023-03-24 22:42:54,False,3.497e-05,1.097e-08,9877166.0,1.08396,0xc9...d7e7,https://bscscan.com/tx/0x7c22514b070be60562744eec40e79b3c75281cd5f9ca79536b5d2e3595b94ada
2023-03-24 22:42:54,False,3.499e-05,1.098e-08,24835.8,0.0027,0xc9...d7e7,https://bscscan.com/tx/0x7c22514b070be60562744eec40e79b3c75281cd5f9ca79536b5d2e3595b94ada
2023-03-24 22:42:42,False,3.517e-05,1.098e-08,9170842.0,1.00718,0xe0...8a4c,https://bscscan.com/tx/0x35d505f280c3ec85f144a7a7a030c77f2333a9cbe648b2762ab0f6485ea8a73e
2023-03-24 22:42:42,False,3.517e-05,1.098e-08,83351.5,0.0091,0xe0...8a4c,https://bscscan.com/tx/0x35d505f280c3ec85f144a7a7a030c77f2333a9cbe648b2762ab0f6485ea8a73e
2023-03-24 22:42:36,False,3.519e-05,1.098e-08,30778298.0,3.38187,0x05...7066,https://bscscan.com/tx/0x6efbbb62ec25331b47e63ec0d7796c53fb809fe6d1cc5fc1956fc860da48b5fc
2023-03-24 22:42:36,False,3.52e-05,1.099e-08,768.288,8.444e-06,0x05...7066,https://bscscan.com/tx/0x6efbbb62ec25331b47e63ec0d7796c53fb809fe6d1cc5fc1956fc860da48b5fc
2023-03-24 22:42:33,False,3.52e-05,1.099e-08,283697.0,0.0311,0x53...1ae2,https://bscscan.com/tx/0x4f21c2bd6fa5eb3b4741c652e7d8f232b9cb87667b7402e6c34c26ead01265be
2023-03-24 22:42:33,False,3.52e-05,1.099e-08,56198.0,0.0061,0x53...1ae2,https://bscscan.com/tx/0x4f21c2bd6fa5eb3b4741c652e7d8f232b9cb87667b7402e6c34c26ead01265be
2023-03-24 22:41:03,True,3.52e-05,1.104e-08,942139.0,0.104,0x7b...c6d9,https://bscscan.com/tx/0xb4f181123ed3f58f15f21f825886de91ec944906a510402fdb4055074b9032ef
2023-03-24 22:40:36,True,3.538e-05,1.104e-08,905235.0,0.1,0xee...c946,https://bscscan.com/tx/0xfca434e202b3c6002002d617e16078de68f4115e22e4f9611ffdfb8b6ab15546
2023-03-24 22:40:03,True,3.52e-05,1.104e-08,34159.6,0.0037,0xdd...32fd,https://bscscan.com/tx/0x4fe4d1cb9f4442ba9c7c2567c66944deba92c67359a17de09846f73d0d21a528
2023-03-24 22:39:21,False,3.503e-05,1.099e-08,17778876.0,1.9546,0x98...5076,https://bscscan.com/tx/0xcbe3660b39448e3cdd84424783153d0b565150b8c0b14f8837664bfff455ed9d
2023-03-24 22:39:21,False,3.504e-05,1.099e-08,3094.2,3.402e-05,0x98...5076,https://bscscan.com/tx/0xcbe3660b39448e3cdd84424783153d0b565150b8c0b14f8837664bfff455ed9d
2023-03-24 22:37:51,False,3.504e-05,1.099e-08,1142562.0,0.1256,0x1e...e4bf,https://bscscan.com/tx/0xc5ad091992a29b00a0cbec45b5c456cdb85aba9b9bea5e655990b01936072a80
2023-03-24 22:37:51,False,3.504e-05,1.099e-08,49253.0,0.0054,0x1e...e4bf,https://bscscan.com/tx/0xc5ad091992a29b00a0cbec45b5c456cdb85aba9b9bea5e655990b01936072a80
2023-03-24 22:36:55,False,3.504e-05,1.1e-08,25091687.0,2.76133,0x22...7f9c,https://bscscan.com/tx/0xfe84c8ecca384ceb1ea75e9eefd14bb8cbe2cd7624cc1b79d42252d379b6410a
2023-03-24 22:36:55,False,3.505e-05,1.1e-08,13667.9,0.0015,0x22...7f9c,https://bscscan.com/tx/0xfe84c8ecca384ceb1ea75e9eefd14bb8cbe2cd7624cc1b79d42252d379b6410a
2023-03-24 22:34:36,True,3.525e-05,1.106e-08,52334.0,0.0057,0xfa...1a1a,https://bscscan.com/tx/0x3c05314e3c94132e905f56619610689e9157a894387d4e9e1c659c25c3f8356b
2023-03-24 22:34:09,False,3.508e-05,1.1e-08,4994808.0,0.5498,0x23...ff82,https://bscscan.com/tx/0x4eb8795c2b402e5d5cc3e23b5671af89e7a0be6cc3025ebfe5a71cd6ab06586b
2023-03-24 22:34:09,False,3.508e-05,1.1e-08,21866.4,0.0024,0x23...ff82,https://bscscan.com/tx/0x4eb8795c2b402e5d5cc3e23b5671af89e7a0be6cc3025ebfe5a71cd6ab06586b
2023-03-24 22:33:12,True,3.526e-05,1.106e-08,1051746.0,0.1163,0x19...37ae,https://bscscan.com/tx/0xf5cea3c4241dc05aa23d248b825d468736534ee8c406e842727c3b0a1fdb9234
2023-03-24 22:32:51,True,3.526e-05,1.106e-08,346910.0,0.0383,0x9c...2c15,https://bscscan.com/tx/0x2ebc4fc01b565eeccc872751202d34858f7aae1331dead56bcb27c242da5980a
2023-03-24 22:31:36,False,3.509e-05,1.101e-08,6679910.0,0.7354,0x18...dc12,https://bscscan.com/tx/0x8e326ded32254af8cd6821cda4288ceaacd036d72b966d06201c64d34fc9ded9
2023-03-24 22:31:36,False,3.509e-05,1.101e-08,633.786,6.978e-06,0x18...dc12,https://bscscan.com/tx/0x8e326ded32254af8cd6821cda4288ceaacd036d72b966d06201c64d34fc9ded9
2023-03-24 22:30:19,False,3.527e-05,1.101e-08,234031.0,0.0257,0x96...af3a,https://bscscan.com/tx/0x4151054b75662bf27c88319c6bb818d72aeba281523ce66f083d0683406ec59b
2023-03-24 22:30:19,False,3.527e-05,1.101e-08,81095.0,0.0089,0x96...af3a,https://bscscan.com/tx/0x4151054b75662bf27c88319c6bb818d72aeba281523ce66f083d0683406ec59b
2023-03-24 22:29:49,True,3.545e-05,1.106e-08,45181.7,0.005,0x20...dd3c,https://bscscan.com/tx/0x443b04e1422f0255831eb53eb83d6effcac4b97a36a1c498cfa75933eb82b8cb
2023-03-24 22:27:37,False,3.511e-05,1.101e-08,29900029.0,3.29354,0x20...946b,https://bscscan.com/tx/0x9e26abd8b483e3793f8a2b5557b6bfc98fcbdab5239356fb7a96b5d705fee38b
2023-03-24 22:27:37,False,3.512e-05,1.101e-08,8489.97,9.355e-05,0x20...946b,https://bscscan.com/tx/0x9e26abd8b483e3793f8a2b5557b6bfc98fcbdab5239356fb7a96b5d705fee38b
2023-03-24 22:26:43,True,3.53e-05,1.107e-08,1805988.0,0.2,0xf7...d49c,https://bscscan.com/tx/0xd2b4697997c99d37dad61938fd95b5f8301fec6337c570b78928145b9137e851
2023-03-24 22:26:07,False,3.514e-05,1.101e-08,1334430.0,0.147,0xdd...8fc7,https://bscscan.com/tx/0xd8c6bf197933ae2eaa4c45b872511c857d37983846a10493ad382e608f1632fb
2023-03-24 22:26:07,False,3.514e-05,1.101e-08,1322.33,1.457e-05,0xdd...8fc7,https://bscscan.com/tx/0xd8c6bf197933ae2eaa4c45b872511c857d37983846a10493ad382e608f1632fb
2023-03-24 22:25:31,False,3.512e-05,1.101e-08,488284.0,0.0538,0x9f...3127,https://bscscan.com/tx/0xd6c275da3e07f70f50a9bd33ecdfe5d6fa60e3f282070c2af9c2f1985f0e2110
2023-03-24 22:25:31,False,3.512e-05,1.101e-08,17090.9,0.0018,0x9f...3127,https://bscscan.com/tx/0xd6c275da3e07f70f50a9bd33ecdfe5d6fa60e3f282070c2af9c2f1985f0e2110
2023-03-24 22:24:52,True,3.549e-05,1.107e-08,3764371.0,0.4168,0x5a...e6e3,https://bscscan.com/tx/0x202a4e6903053d06ba866dd147ef38492156bb5d655d4c61ee779296dc2dc7ac
2023-03-24 22:24:43,False,3.532e-05,1.101e-08,2557882.0,0.2818,0x1d...5bea,https://bscscan.com/tx/0xc1876fc39c6c8506879aae2f55cd634b3f305da4bfc84554412993d6b9f0f252
2023-03-24 22:24:43,False,3.532e-05,1.101e-08,20362.6,0.0022,0x1d...5bea,https://bscscan.com/tx/0xc1876fc39c6c8506879aae2f55cd634b3f305da4bfc84554412993d6b9f0f252
2023-03-24 22:23:52,True,3.55e-05,1.107e-08,270901.0,0.03,0x46...fdcd,https://bscscan.com/tx/0x135f30f6485117d96a89735b16dab1cded688f9162c42be9e89793aa04affb03
2023-03-24 22:23:37,True,3.532e-05,1.107e-08,5689333.0,0.63,0x2d...bd3b,https://bscscan.com/tx/0x05bb9ee0916c3f3f05e3915bb2a2cdb5ba192a58029f1a1f73dda85c86b08ebd
2023-03-24 22:22:37,True,3.55e-05,1.107e-08,297867.0,0.0329,0x5a...99d4,https://bscscan.com/tx/0xb15897dcc50a494dae8e8e9250d2db1c4d56be0a08d455def1036e52cd57ff28
2023-03-24 22:19:07,True,3.555e-05,1.107e-08,383617.0,0.0424,0x51...4050,https://bscscan.com/tx/0xb9fb39a729bb92910426fa5931ec7c6dbb0b4a3471ff4a2f6686c8d00ee5ecfa
2023-03-24 22:17:43,False,3.537e-05,1.101e-08,897300.0,0.0988,0x53...1ae2,https://bscscan.com/tx/0xfdabc6fb2f661448946ba8dc07435ae6b78b801e8ddbaaa358324952cd2d7f4e
2023-03-24 22:17:43,False,3.537e-05,1.101e-08,80627.2,0.0088,0x53...1ae2,https://bscscan.com/tx/0xfdabc6fb2f661448946ba8dc07435ae6b78b801e8ddbaaa358324952cd2d7f4e
2023-03-24 22:17:16,True,3.555e-05,1.107e-08,130000.0,0.0143,0xad...f20d,https://bscscan.com/tx/0xc745547a8c6c8ec882807818ed49340044495e4a7a95dbe25b92816a91666fd5
2023-03-24 22:17:01,True,3.555e-05,1.107e-08,81246.6,0.009,0xe1...d65c,https://bscscan.com/tx/0xe639a7e12cecefc3a59f97a116ef22eae8273ff567c3029b77f8af659de89077
2023-03-24 22:15:13,True,3.554e-05,1.106e-08,19626170.0,2.1726,0xc5...63ff,https://bscscan.com/tx/0xe95c7cfc620412c41a36e1533bdd02c0265bf29e91d9e27436bcee2d3cde4c8a
2023-03-24 22:14:31,False,3.518e-05,1.101e-08,9994449.0,1.10072,0xa0...22dc,https://bscscan.com/tx/0x26cf7e6fccd3781c51276d883d540e0badfd6bc828887cbf4a8a6ba231160089
2023-03-24 22:14:31,False,3.519e-05,1.101e-08,83818.6,0.0092,0xa0...22dc,https://bscscan.com/tx/0x26cf7e6fccd3781c51276d883d540e0badfd6bc828887cbf4a8a6ba231160089
2023-03-24 22:13:25,True,3.553e-05,1.106e-08,28934090.0,3.20187,0xee...425b,https://bscscan.com/tx/0x60869eac5e9a8afea62709f8e0384d46951e21b33f3000bcd509acb390acd001
2023-03-24 22:11:04,False,3.538e-05,1.1e-08,2002690.0,0.2204,0x74...d25b,https://bscscan.com/tx/0x38331dde54375bdb19c4bd8df1d5cada057cd1e8438a128d48897e8d1e86209c
2023-03-24 22:11:04,False,3.539e-05,1.1e-08,13767.1,0.0015,0x74...d25b,https://bscscan.com/tx/0x38331dde54375bdb19c4bd8df1d5cada057cd1e8438a128d48897e8d1e86209c
2023-03-24 22:10:58,True,3.557e-05,1.106e-08,573337.0,0.0634,0x11...e948,https://bscscan.com/tx/0xbc0ce0e02a903615a85dec8e00cd52408861be90313d0c7162157b666511657e
2023-03-24 22:10:19,True,3.557e-05,1.106e-08,2726525.0,0.3016,0xb7...7873,https://bscscan.com/tx/0xaab135f9964b2f37bf28427ae48115e11fd97b2b30a9f1f5fcbf80f578596733
2023-03-24 22:09:43,False,3.523e-05,1.1e-08,1793652.0,0.1974,0x1f...4f4f,https://bscscan.com/tx/0x99f0a2c5503fd20de4be36f7a6410efbe8054453c7f7aa9286dc21826a192edf
2023-03-24 22:09:43,False,3.523e-05,1.1e-08,241720.0,0.0266,0x1f...4f4f,https://bscscan.com/tx/0x99f0a2c5503fd20de4be36f7a6410efbe8054453c7f7aa9286dc21826a192edf
2023-03-24 22:09:40,True,3.56e-05,1.106e-08,451986.0,0.05,0x45...4c36,https://bscscan.com/tx/0x8b917342f5a9f6325f83827a052fc4b041952e584c60923f5bea2464a83387c3
2023-03-24 22:08:55,True,3.542e-05,1.106e-08,8963093.0,0.9914,0xe6...f059,https://bscscan.com/tx/0x1507fb0bca32bc61fcbe15f408a57008c7021872f0a2b969f1baab90ccdba2c7
2023-03-24 22:08:22,True,3.558e-05,1.105e-08,14051636.0,1.55381,0xb7...7873,https://bscscan.com/tx/0x874a27d92f6f34a4b2d8bff6ac59caa51795b75eb0c906715a6cc4af1d05937c
2023-03-24 22:07:16,True,3.557e-05,1.105e-08,818342.0,0.0904,0xa7...27f2,https://bscscan.com/tx/0xcbb9de72dd4653bbf690375a0501610a5cf6d95e48efa1406f7b25d8df6498d2
2023-03-24 22:06:43,False,3.542e-05,1.1e-08,62811000.0,6.91488,0x3b...0a3c,https://bscscan.com/tx/0xe371a5ed923ee0cc093474a07ebcb43d5d350f75c7449e2903bbcd74a9ea3df4
2023-03-24 22:06:43,False,3.545e-05,1.101e-08,109457.0,0.012,0x3b...0a3c,https://bscscan.com/tx/0xe371a5ed923ee0cc093474a07ebcb43d5d350f75c7449e2903bbcd74a9ea3df4
2023-03-24 22:03:34,True,3.563e-05,1.107e-08,539766.0,0.0597,0x65...b289,https://bscscan.com/tx/0x0c7f2215a83a6ab7de106ac6c512ee1112750ba4feee8413ae65a6db558d4eca
2023-03-24 22:01:46,False,3.545e-05,1.101e-08,12961000.0,1.42819,0xe0...8a4c,https://bscscan.com/tx/0x471aef4ab3206c113ab29dfa4b3ec199870bf5e9945f2b1cf0c45a296740851b
2023-03-24 22:01:46,False,3.546e-05,1.102e-08,74106.7,0.0081,0xe0...8a4c,https://bscscan.com/tx/0x471aef4ab3206c113ab29dfa4b3ec199870bf5e9945f2b1cf0c45a296740851b
2023-03-24 21:59:19,True,3.546e-05,1.107e-08,4531083.0,0.5018,0xd8...a855,https://bscscan.com/tx/0xff9575a2e011fcf1d803cb1f0200fb862866f6dfe669cd17183dfcafe899e565
2023-03-24 21:56:52,True,3.563e-05,1.107e-08,255601.0,0.0283,0xe9...aef6,https://bscscan.com/tx/0x92c8de809cbd52ac347552839ab3a51788344b63f194853c8b18c9d6b72cfcbf
2023-03-24 21:55:10,True,3.563e-05,1.107e-08,280126.0,0.031,0x97...acf9,https://bscscan.com/tx/0x0bd30a53e8933ad9ca510f12516fe1db251bdcdd6f3b6b45e8054a965bfa78b9
2023-03-24 21:55:01,True,3.563e-05,1.107e-08,9286265.0,1.02832,0xd4...cc47,https://bscscan.com/tx/0xe112969d38cc3c3425a5e8a9621d18f4dd566a1e999a58f5c96a61e18c653c32
2023-03-24 21:54:07,True,3.545e-05,1.107e-08,5439950.0,0.6022,0xee...60af,https://bscscan.com/tx/0xf08e3129d946fb9f3f8a28bf655dd87518ee57de213b03b3b9d8a4a75caef19d
2023-03-24 21:53:52,True,3.562e-05,1.107e-08,631560.0,0.0699,0x56...7579,https://bscscan.com/tx/0x1eac70036931b521176f2506b753e6a54205db29d2eacb6cc3df6dfd4d0eee8f
2023-03-24 21:51:52,True,3.562e-05,1.107e-08,72263.3,0.008,0xc3...1a78,https://bscscan.com/tx/0x188c5ecef8fb44456e216bbe0241656c2972a5f8a37d471c2552b772d83bfcbe
2023-03-24 21:47:34,True,3.544e-05,1.107e-08,788291.0,0.0872,0x56...13dd,https://bscscan.com/tx/0x733e6ff40fe222e04e9a1d5f0710a2989f5bea887fa565f137d9dd8b487c1fbc
2023-03-24 21:47:34,False,3.526e-05,1.101e-08,5146309.0,0.5669,0x6b...9f5d,https://bscscan.com/tx/0x61541000ada51c60d06bf108a4f4a0e0151d950129a332f9b1f21cb1b2889497
2023-03-24 21:47:34,False,3.527e-05,1.101e-08,35100.1,0.0038,0x6b...9f5d,https://bscscan.com/tx/0x61541000ada51c60d06bf108a4f4a0e0151d950129a332f9b1f21cb1b2889497
