datetime,buy_order,price_USD,price_native,amount_token,total_native,maker,etherscan_url
2023-03-21 09:24:56,False,3.794e-05,1.158e-08,99700000.0,11.5497,0x9b...2220,https://bscscan.com/tx/0xe7e1b55646df51a3f47662af73e9c178a0f591e348ae27de66f4dcfe7976ae57
2023-03-21 09:24:56,False,3.799e-05,1.159e-08,35380.4,0.0041,0x9b...2220,https://bscscan.com/tx/0xe7e1b55646df51a3f47662af73e9c178a0f591e348ae27de66f4dcfe7976ae57
2023-03-21 09:24:53,False,3.799e-05,1.16e-08,13064557.0,1.51559,0x05...7066,https://bscscan.com/tx/0x14394b0795e7a95d945b149f6fe70466a00169185862749499e610299a4301e8
2023-03-21 09:24:53,False,3.8e-05,1.16e-08,270000.0,0.0313,0x05...7066,https://bscscan.com/tx/0x14394b0795e7a95d945b149f6fe70466a00169185862749499e610299a4301e8
2023-03-21 09:24:53,False,3.805e-05,1.161e-08,99700000.0,11.5825,0x9b...2220,https://bscscan.com/tx/0x1385d68cbeb9f2e25767611edabf5511ede57fcb00967bebf7e7b9821bf97fbb
2023-03-21 09:24:53,False,3.81e-05,1.163e-08,25101.6,0.0029,0x9b...2220,https://bscscan.com/tx/0x1385d68cbeb9f2e25767611edabf5511ede57fcb00967bebf7e7b9821bf97fbb
2023-03-21 09:23:56,False,3.83e-05,1.163e-08,9269009.0,1.07829,0x20...946b,https://bscscan.com/tx/0x71985f70d9e181fb4feb232fc708dbcc29334bc933a1781b65a364537f69b828
2023-03-21 09:23:56,False,3.83e-05,1.163e-08,28898.6,0.0033,0x20...946b,https://bscscan.com/tx/0x71985f70d9e181fb4feb232fc708dbcc29334bc933a1781b65a364537f69b828
2023-03-21 09:23:53,False,3.83e-05,1.163e-08,4990053.0,0.5806,0x6b...9f5d,https://bscscan.com/tx/0xbfe4b579aaa7c312a165a96229317add295d3e7e59da65f7fe715b676e5eb7af
2023-03-21 09:23:53,False,3.831e-05,1.163e-08,13983.6,0.0016,0x6b...9f5d,https://bscscan.com/tx/0xbfe4b579aaa7c312a165a96229317add295d3e7e59da65f7fe715b676e5eb7af
2023-03-21 09:23:50,False,3.831e-05,1.163e-08,5163576.0,0.6008,0x6b...9f5d,https://bscscan.com/tx/0x3fa78b48341560764384a160062c651838f14b5635ee4ba60c0d7dabf2f805cb
2023-03-21 09:23:50,False,3.831e-05,1.163e-08,13740.8,0.0016,0x6b...9f5d,https://bscscan.com/tx/0x3fa78b48341560764384a160062c651838f14b5635ee4ba60c0d7dabf2f805cb
2023-03-21 09:23:47,False,3.832e-05,1.163e-08,5073900.0,0.5905,0x6b...9f5d,https://bscscan.com/tx/0x4a94c88e6bbcf93c491cf39d813799c673d9abe6939f6c648b26d5ee91b9c8dd
2023-03-21 09:23:47,False,3.832e-05,1.163e-08,13978.6,0.0016,0x6b...9f5d,https://bscscan.com/tx/0x4a94c88e6bbcf93c491cf39d813799c673d9abe6939f6c648b26d5ee91b9c8dd
2023-03-21 09:22:47,False,3.832e-05,1.163e-08,5161743.0,0.6008,0x6b...9f5d,https://bscscan.com/tx/0x46271df9056771b4b8bfdb3c203a41dad3631f7d42ad0e729ff71632ad2d9717
2023-03-21 09:22:47,False,3.833e-05,1.164e-08,13919.3,0.0016,0x6b...9f5d,https://bscscan.com/tx/0x46271df9056771b4b8bfdb3c203a41dad3631f7d42ad0e729ff71632ad2d9717
2023-03-21 09:22:29,False,3.833e-05,1.164e-08,5139845.0,0.5983,0x6b...9f5d,https://bscscan.com/tx/0x3f89001e89ffce99d7f7383e0363da3208ee56a0b4acd0a00ca2df6bbaf91ecc
2023-03-21 09:22:29,False,3.833e-05,1.164e-08,975.308,1.135e-05,0x6b...9f5d,https://bscscan.com/tx/0x3f89001e89ffce99d7f7383e0363da3208ee56a0b4acd0a00ca2df6bbaf91ecc
2023-03-21 09:22:17,False,3.833e-05,1.164e-08,360142.0,0.0419,0x91...9049,https://bscscan.com/tx/0xa3b2cb297f7ea6ee08ddc7918cde4088175203fdb5a2b69a245de4e34841769d
2023-03-21 09:22:17,False,3.833e-05,1.164e-08,87611.7,0.0102,0x91...9049,https://bscscan.com/tx/0xa3b2cb297f7ea6ee08ddc7918cde4088175203fdb5a2b69a245de4e34841769d
2023-03-21 09:19:20,False,3.835e-05,1.164e-08,26204966.0,3.05185,0xc0...1f4f,https://bscscan.com/tx/0xfe37b62105197461fb8a0eec85781ee629b467bebf2d91e30b4b088580494034
2023-03-21 09:19:20,False,3.836e-05,1.164e-08,13743.5,0.0016,0xc0...1f4f,https://bscscan.com/tx/0xfe37b62105197461fb8a0eec85781ee629b467bebf2d91e30b4b088580494034
2023-03-21 09:19:02,False,3.817e-05,1.165e-08,5074923.0,0.5912,0x6b...9f5d,https://bscscan.com/tx/0xb6c8aa79f93ae92c66b6f9e62977c450763c4bb6823705c8662d5789de90aff6
2023-03-21 09:19:02,False,3.817e-05,1.165e-08,13520.3,0.0015,0x6b...9f5d,https://bscscan.com/tx/0xb6c8aa79f93ae92c66b6f9e62977c450763c4bb6823705c8662d5789de90aff6
2023-03-21 09:18:59,False,3.817e-05,1.165e-08,4992491.0,0.5817,0x6b...9f5d,https://bscscan.com/tx/0xc2c578668316a5ba0957d5f6b11224918eb688fbdad2224f4b1bc8e0e902524f
2023-03-21 09:18:59,False,3.818e-05,1.165e-08,14034.4,0.0016,0x6b...9f5d,https://bscscan.com/tx/0xc2c578668316a5ba0957d5f6b11224918eb688fbdad2224f4b1bc8e0e902524f
2023-03-21 09:18:56,False,3.818e-05,1.165e-08,5182320.0,0.6039,0x6b...9f5d,https://bscscan.com/tx/0xdec5be0e3fb27e881b5e99e3c2fcc621ed9fc7578ea81c2d361af979bf9df318
2023-03-21 09:18:56,False,3.818e-05,1.165e-08,75621.6,0.0088,0x6b...9f5d,https://bscscan.com/tx/0xdec5be0e3fb27e881b5e99e3c2fcc621ed9fc7578ea81c2d361af979bf9df318
2023-03-21 09:17:44,True,3.834e-05,1.171e-08,11661178.0,1.36566,0xbc...051a,https://bscscan.com/tx/0x4815bfc2971e26ad6de5bf6387b911b3211b7ec58cb44e64e1c7661c77395927
2023-03-21 09:17:05,False,3.815e-05,1.165e-08,13695036.0,1.59588,0xeb...3f67,https://bscscan.com/tx/0x0aebbaa8f38604a50116dc0ff75f74fafc138b6f0472549aaa213fbe9147dc73
2023-03-21 09:17:05,False,3.816e-05,1.165e-08,97019.8,0.0113,0xeb...3f67,https://bscscan.com/tx/0x0aebbaa8f38604a50116dc0ff75f74fafc138b6f0472549aaa213fbe9147dc73
2023-03-21 09:16:44,True,3.835e-05,1.171e-08,258846.0,0.0303,0xc2...31a6,https://bscscan.com/tx/0x7c66fcbe7a5d92fd3b39bda28dd486b955985ff7e2929e0bafdd0a0670021571
2023-03-21 09:16:14,True,3.834e-05,1.171e-08,8038034.0,0.9414,0x53...f35e,https://bscscan.com/tx/0xe6eeccfb9196ec8999d0c3a8dd70362886a18b396c21281826ebe5d400c67327
2023-03-21 09:09:05,True,3.854e-05,1.171e-08,156935.0,0.0183,0xce...f838,https://bscscan.com/tx/0x031ce59d4d28cf72c67cb3ae2d1a45e46cb2a816299f54b84dfb8113b3370413
2023-03-21 09:09:02,True,3.854e-05,1.171e-08,473804.0,0.0554,0xe3...d40c,https://bscscan.com/tx/0xe59911a5d4aaefbecac32a29c54eacf40a10aa82cc953078c255960b71dc82a2
2023-03-21 09:08:44,True,3.833e-05,1.171e-08,3415766.0,0.4,0xa8...8a78,https://bscscan.com/tx/0x3bfc18de27c16b1ef8f102f184b780beae2ffbb588013a5ed8d1ad7d84d1f56f
2023-03-21 09:08:23,True,3.832e-05,1.17e-08,2596666.0,0.304,0x44...3c35,https://bscscan.com/tx/0xc05ff471dfb8b999fabdaa9927c2b4cf21cc0dd6db1e25ef03e35261b59adb98
2023-03-21 09:07:14,True,3.85e-05,1.17e-08,2388601.0,0.2796,0x9f...791a,https://bscscan.com/tx/0x8ee4d5588ef57d8ebabe33b1287fbee60740142248fed5e42b185385e19525f3
2023-03-21 09:06:17,True,3.849e-05,1.17e-08,1110327.0,0.13,0xe5...7eed,https://bscscan.com/tx/0xbb2da5311860992e31f676d49159cf5729bfee51fdc5dc32fe1302a55723f62e
2023-03-21 09:00:41,True,3.84e-05,1.17e-08,222069.0,0.026,0xe1...d509,https://bscscan.com/tx/0xd4346bc76652a78bd7798f08d1e6239af80248bdbddb7dc8cd987efeba1ec694
2023-03-21 08:58:56,True,3.839e-05,1.17e-08,90793.4,0.0106,0x0d...a851,https://bscscan.com/tx/0x246458fec11178ecf39786a9aeec18fcad532ef9d735334a1da68240bffb6b36
2023-03-21 08:58:32,True,3.839e-05,1.17e-08,42705.8,0.005,0xf5...0a34,https://bscscan.com/tx/0x46f0835a13092a31e3753b38013c3e450dddf1b3331489b56d9f17b5a480fce3
2023-03-21 08:55:53,True,3.838e-05,1.17e-08,9671090.0,1.13215,0x5d...2948,https://bscscan.com/tx/0x00230d3df7d62c75da040026d1e1cc7059b77ad8302475558f23263328629c51
2023-03-21 08:55:47,False,3.837e-05,1.164e-08,5184400.0,0.6038,0x51...1ca5,https://bscscan.com/tx/0x9fd531c2a220894d27a13792642c55514049dac17b737498ee0fdcadabc538e7
2023-03-21 08:55:47,False,3.838e-05,1.164e-08,18081.0,0.0021,0x51...1ca5,https://bscscan.com/tx/0x9fd531c2a220894d27a13792642c55514049dac17b737498ee0fdcadabc538e7
2023-03-21 08:54:59,False,3.819e-05,1.164e-08,6676571.0,0.7777,0x7d...c4ac,https://bscscan.com/tx/0xe772dba65d4f451a98c08970e2d15beeef10088aed1608bf2d531f0c6e874279
2023-03-21 08:54:59,False,3.819e-05,1.165e-08,1324.93,1.543e-05,0x7d...c4ac,https://bscscan.com/tx/0xe772dba65d4f451a98c08970e2d15beeef10088aed1608bf2d531f0c6e874279
2023-03-21 08:53:48,True,3.857e-05,1.17e-08,158356.0,0.0185,0x5e...91e5,https://bscscan.com/tx/0xaa4eddf49d8e11eb74e161a30aaf63f947b675b2f476aa4e3f4c7d8244feb89d
2023-03-21 08:51:16,True,3.837e-05,1.17e-08,132359.0,0.0155,0x0c...0e77,https://bscscan.com/tx/0x249ce8d1857c176aa99fd660bcebfbbad9aa61f7125eedbd0c1cfc156259325a
2023-03-21 08:51:13,False,3.818e-05,1.165e-08,199400.0,0.0232,0x2b...9d85,https://bscscan.com/tx/0xbf1e9ed100cef5988a0c721465f46173a8b3497eae3f4ce83a64f1e916a0b608
2023-03-21 08:51:13,False,3.818e-05,1.165e-08,1602.48,1.866e-05,0x2b...9d85,https://bscscan.com/tx/0xbf1e9ed100cef5988a0c721465f46173a8b3497eae3f4ce83a64f1e916a0b608
2023-03-21 08:51:13,True,3.837e-05,1.17e-08,108510.0,0.0127,0x99...e1bf,https://bscscan.com/tx/0x1b74efca80badebabac00022e9b82bbb66c73ae5ce4d11f2eea5f18e1c5270dc
2023-03-21 08:49:38,False,3.835e-05,1.165e-08,483546.0,0.0563,0x7c...f398,https://bscscan.com/tx/0xf323d183c28b9af240e1c0846b3133f5b0cd24b69539fd0b38e106f1fd7b458c
2023-03-21 08:49:38,False,3.835e-05,1.165e-08,135828.0,0.0158,0x7c...f398,https://bscscan.com/tx/0xf323d183c28b9af240e1c0846b3133f5b0cd24b69539fd0b38e106f1fd7b458c
2023-03-21 08:48:29,True,3.835e-05,1.17e-08,21663627.0,2.53585,0x20...946b,https://bscscan.com/tx/0x67bfb7df53efb00a1d87143276dbcef4f38699e22d4fcdbf38b559d86c9945fd
2023-03-21 08:48:23,True,3.834e-05,1.17e-08,206360.0,0.0241,0xc2...7e35,https://bscscan.com/tx/0x05e9925d9ed01d08415f3150f06dd55e9a070fa5f79317c62fdc963a73b24001
2023-03-21 08:47:53,True,3.859e-05,1.169e-08,16795302.0,1.96502,0x52...86b0,https://bscscan.com/tx/0x47d4bf7e32782a53193aceb3d4bbd945ada4dfc3370cd27e8442c76d974444a2
2023-03-21 08:47:35,False,3.838e-05,1.163e-08,3186841.0,0.3709,0x9e...37e2,https://bscscan.com/tx/0x194ea72674830f57c5172a3f2481c350e9da3de6b15980e794c57570cbcc8a76
2023-03-21 08:47:35,False,3.839e-05,1.163e-08,390500.0,0.0454,0x9e...37e2,https://bscscan.com/tx/0x194ea72674830f57c5172a3f2481c350e9da3de6b15980e794c57570cbcc8a76
2023-03-21 08:46:14,True,3.857e-05,1.169e-08,14788123.0,1.72965,0xd0...c17f,https://bscscan.com/tx/0x8a04bf06e66c85101fb50234f5a9a836c60fa33b9a823ee110ec793da17c1e66
2023-03-21 08:45:53,True,3.855e-05,1.169e-08,16817202.0,1.96619,0x52...86b0,https://bscscan.com/tx/0xa5518a79888748f2fd51c98bd5442179a3a07f5a8938398bfa4e92dace56b1f2
2023-03-21 08:45:47,True,3.834e-05,1.168e-08,30065647.0,3.51306,0x20...946b,https://bscscan.com/tx/0x0f517fad3d57d478e05a272d2d8f70fd6e800ce1d09759839b5cd6d66175bff1
2023-03-21 08:45:47,True,3.831e-05,1.167e-08,26046635.0,3.04131,0xc1...f4fe,https://bscscan.com/tx/0xdefd64229c079096492f7857797f06fa1b80afe7b092029a357b999c4d165052
2023-03-21 08:44:05,False,3.832e-05,1.162e-08,56741265.0,6.59479,0xf2...362e,https://bscscan.com/tx/0xf8a644644055233308166202d251a63df69da8114d1a188854e0b3692243271c
2023-03-21 08:44:05,False,3.835e-05,1.163e-08,46437.4,0.0054,0xf2...362e,https://bscscan.com/tx/0xf8a644644055233308166202d251a63df69da8114d1a188854e0b3692243271c
2023-03-21 08:44:02,True,3.853e-05,1.168e-08,16889462.0,1.97383,0x52...86b0,https://bscscan.com/tx/0x5513b42147bfed66c8041337728f0be0399f639c01a173db14d24f8afacbcf8f
2023-03-21 08:41:56,False,3.833e-05,1.162e-08,308639.0,0.0358,0x67...1a8b,https://bscscan.com/tx/0x31af3fdfed8d96f3417b53becb23ac96154f75398504c59e78799678357a8c22
2023-03-21 08:41:56,False,3.833e-05,1.162e-08,14256.0,0.0016,0x67...1a8b,https://bscscan.com/tx/0x31af3fdfed8d96f3417b53becb23ac96154f75398504c59e78799678357a8c22
2023-03-21 08:40:47,False,3.813e-05,1.162e-08,5264160.0,0.612,0x6c...95ad,https://bscscan.com/tx/0x3116067aa12489572b13818a7bde46a9d533a64a2e6fd9147a7635854f79ae66
2023-03-21 08:40:47,False,3.813e-05,1.162e-08,54632.6,0.0063,0x6c...95ad,https://bscscan.com/tx/0x3116067aa12489572b13818a7bde46a9d533a64a2e6fd9147a7635854f79ae66
2023-03-21 08:40:17,True,3.85e-05,1.168e-08,16936953.0,1.97882,0x52...86b0,https://bscscan.com/tx/0xdf9384be2d800368256e30259ba078264424955729288e56cf8bb9b990266c48
2023-03-21 08:39:44,True,3.85e-05,1.168e-08,25923.2,0.003,0x57...88e5,https://bscscan.com/tx/0x52c1d89282e22734f3c57fdebda50b28b1503c859a0606e5dc3c673078b20f60
2023-03-21 08:39:05,False,3.83e-05,1.162e-08,3261598.0,0.3791,0x51...1ca5,https://bscscan.com/tx/0x42648bbf779333eba943610aefcdc1c17956cf720763b77353fca178ea5ce7aa
2023-03-21 08:39:05,False,3.831e-05,1.162e-08,31483.4,0.0036,0x51...1ca5,https://bscscan.com/tx/0x42648bbf779333eba943610aefcdc1c17956cf720763b77353fca178ea5ce7aa
2023-03-21 08:38:29,True,3.85e-05,1.168e-08,586685.0,0.0685,0xab...890a,https://bscscan.com/tx/0x08a369f81825d56aa8b7d41a0606ba978f743f64ef5188fdc026b36296ef380e
2023-03-21 08:38:29,False,3.812e-05,1.162e-08,772995.0,0.0898,0x4d...65e8,https://bscscan.com/tx/0x303fb1af7fe4339309a71039e0b7ef7f2a5c5a523fa7ffabfd574d26b03b74ec
2023-03-21 08:38:29,False,3.812e-05,1.162e-08,6004.52,6.979e-05,0x4d...65e8,https://bscscan.com/tx/0x303fb1af7fe4339309a71039e0b7ef7f2a5c5a523fa7ffabfd574d26b03b74ec
2023-03-21 08:38:05,False,3.831e-05,1.162e-08,2217225.0,0.2577,0xdb...77c5,https://bscscan.com/tx/0x0a63b818344b62f6716d509266e70163d4d0df79fe21634bd3dda4be62a53b5c
2023-03-21 08:38:05,False,3.831e-05,1.162e-08,200982.0,0.0233,0xdb...77c5,https://bscscan.com/tx/0x0a63b818344b62f6716d509266e70163d4d0df79fe21634bd3dda4be62a53b5c
2023-03-21 08:37:50,True,3.83e-05,1.168e-08,16911648.0,1.97531,0x52...86b0,https://bscscan.com/tx/0x5e5b9c18d459eb88ed2d15ac0a2af888e4762136bdd52d7bf3b02e4421d0e6dd
2023-03-21 08:37:32,True,3.846e-05,1.166e-08,56526257.0,6.59625,0x93...f549,https://bscscan.com/tx/0xca660da21ce05bd6e78f0e1483336c3c0d0f2c43230fcccc2b330bc78479626a
2023-03-21 08:36:47,False,3.826e-05,1.16e-08,997000.0,0.1156,0xfb...b416,https://bscscan.com/tx/0x345fa56694b41348a569f8d020185a6d59f4fec7f7c12f72aa1ced95c4edfec5
2023-03-21 08:36:47,False,3.826e-05,1.16e-08,147774.0,0.0171,0xfb...b416,https://bscscan.com/tx/0x345fa56694b41348a569f8d020185a6d59f4fec7f7c12f72aa1ced95c4edfec5
2023-03-21 08:35:35,True,3.845e-05,1.165e-08,16892902.0,1.96953,0x52...86b0,https://bscscan.com/tx/0x242602754109a9b64a32359e390b5c7ccb161236641d4515fe235a5f4d3a7ef3
2023-03-21 08:34:23,True,3.838e-05,1.165e-08,27547.3,0.0032,0x57...88e5,https://bscscan.com/tx/0x206f5697938112209da6dd88aece13648209d44ae6f5b5d4eede199fe2b1f5b7
2023-03-21 08:33:47,True,3.838e-05,1.165e-08,16939491.0,1.97412,0x52...86b0,https://bscscan.com/tx/0x134d1f86d5e599cc8dd1fc3877c0712fa7ab56d77c49c63ca4ba1d8463f8a805
2023-03-21 08:33:47,False,3.819e-05,1.159e-08,20808608.0,2.41303,0xa0...b0df,https://bscscan.com/tx/0x5afc7d42b9e394e263dc86e9305e1ea5a0480a969ec1eb92a0f46bdac6950a3f
2023-03-21 08:33:47,False,3.82e-05,1.159e-08,6901.95,8.005e-05,0xa0...b0df,https://bscscan.com/tx/0x5afc7d42b9e394e263dc86e9305e1ea5a0480a969ec1eb92a0f46bdac6950a3f
2023-03-21 08:32:59,False,3.819e-05,1.159e-08,2548608.0,0.2956,0x11...ba36,https://bscscan.com/tx/0x0a0bdf822199a8756fe9325c8281524af62fb0157be25f68f63e81463532212a
2023-03-21 08:32:59,False,3.819e-05,1.16e-08,181471.0,0.021,0x11...ba36,https://bscscan.com/tx/0x0a0bdf822199a8756fe9325c8281524af62fb0157be25f68f63e81463532212a
2023-03-21 08:30:59,True,3.84e-05,1.165e-08,16939146.0,1.9744,0x52...86b0,https://bscscan.com/tx/0x0f3202bfae520a7bedb0dd31adbc173f4e2de610de522edf419d0b0eedaa4842
2023-03-21 08:29:38,True,3.839e-05,1.165e-08,305033.0,0.0355,0xb1...fd26,https://bscscan.com/tx/0xc1a3105e9a2b1e50db3a016932f5b57124b3bb54aee51f58eee4e7c7910d96f7
2023-03-21 08:29:16,True,3.836e-05,1.164e-08,46437519.0,5.40834,0xfe...5ad3,https://bscscan.com/tx/0xbde66ad369c664258cdb6b0011ca7e2f7ac14157a2044633e8671f1070e9ac41
2023-03-21 08:28:52,True,3.834e-05,1.163e-08,318752.0,0.0371,0xb8...17fc,https://bscscan.com/tx/0xa0c30a55eec50b834151c921eb9c1a4fb93787b76daddc3c3bced3795cce4752
2023-03-21 08:27:46,False,3.813e-05,1.158e-08,3201346.0,0.3707,0x41...2229,https://bscscan.com/tx/0xb282cefe1eaf4b1ebd55b4ea3a9cd662db7466610ca2658abadd070a2924fb29
2023-03-21 08:27:46,False,3.814e-05,1.158e-08,4632.79,5.365e-05,0x41...2229,https://bscscan.com/tx/0xb282cefe1eaf4b1ebd55b4ea3a9cd662db7466610ca2658abadd070a2924fb29
2023-03-21 08:27:01,True,3.814e-05,1.164e-08,987940.0,0.115,0xfa...7bb6,https://bscscan.com/tx/0x5184179599fb7cf0b8b89bcf57a39cb5a3248e6567ed2840d2c05721607207cd
2023-03-21 08:24:17,False,3.814e-05,1.158e-08,519078.0,0.0601,0x58...31da,https://bscscan.com/tx/0x432fed1af588ee37dd473f5cb0599ff6d3d90d1e24a81eb949f15334d286ec50
2023-03-21 08:24:17,False,3.814e-05,1.158e-08,1871.82,2.167e-05,0x58...31da,https://bscscan.com/tx/0x432fed1af588ee37dd473f5cb0599ff6d3d90d1e24a81eb949f15334d286ec50
2023-03-21 08:23:38,False,3.815e-05,1.158e-08,691185.0,0.08,0x02...1d70,https://bscscan.com/tx/0x9e3db0b78645a097c8121f26fdb253381203137271499ca8e9a779aeadfb35a1
2023-03-21 08:23:38,False,3.815e-05,1.158e-08,61469.3,0.0071,0x02...1d70,https://bscscan.com/tx/0x9e3db0b78645a097c8121f26fdb253381203137271499ca8e9a779aeadfb35a1
2023-03-21 08:21:09,False,3.795e-05,1.158e-08,22698119.0,2.62975,0x9f...286b,https://bscscan.com/tx/0x54a3488270a6fbf656898cab93f98e0c8442908da363ecb551ae78b482be6fb2
2023-03-21 08:21:09,False,3.796e-05,1.158e-08,27000.0,0.0031,0x9f...286b,https://bscscan.com/tx/0x54a3488270a6fbf656898cab93f98e0c8442908da363ecb551ae78b482be6fb2
2023-03-21 08:20:56,False,3.797e-05,1.159e-08,9970000.0,1.15558,0xd0...c17f,https://bscscan.com/tx/0xa3e553362aded372cadfa21ea40cfab5e9786dd9b24eb536608dc0a6d6871a2d
2023-03-21 08:20:56,False,3.797e-05,1.159e-08,5400.0,6.259e-05,0xd0...c17f,https://bscscan.com/tx/0xa3e553362aded372cadfa21ea40cfab5e9786dd9b24eb536608dc0a6d6871a2d
2023-03-21 08:20:07,False,3.816e-05,1.159e-08,1994000.0,0.2311,0x51...1ca5,https://bscscan.com/tx/0xa1bbc32ab9c260d2f023d8ba1328a1aa75d95399fa74296a6df6065f6a5db7b1
2023-03-21 08:20:07,False,3.816e-05,1.159e-08,185194.0,0.0214,0x51...1ca5,https://bscscan.com/tx/0xa1bbc32ab9c260d2f023d8ba1328a1aa75d95399fa74296a6df6065f6a5db7b1
2023-03-21 08:19:35,True,3.815e-05,1.164e-08,7822443.0,0.9112,0x30...af77,https://bscscan.com/tx/0xd43adf9880d22c375cfb0a3c7c72a09e4b193d40a9eb1aace0b960d46f566f35
2023-03-21 08:18:51,False,3.817e-05,1.159e-08,60585584.0,7.02743,0xc0...9143,https://bscscan.com/tx/0x3efc0813bfecf674acced586d04750f6815c883be46474db1c9a686d55795914
2023-03-21 08:18:51,False,3.82e-05,1.16e-08,108113.0,0.0125,0xc0...9143,https://bscscan.com/tx/0x3efc0813bfecf674acced586d04750f6815c883be46474db1c9a686d55795914
2023-03-21 08:15:22,True,3.818e-05,1.166e-08,25346906.0,2.9561,0xb8...f7d8,https://bscscan.com/tx/0x8438a03bbbb09f40ef0cfb16653446fb59971cc23284a758ba2f6d243df66f79
2023-03-21 08:11:58,False,3.827e-05,1.16e-08,14651014.0,1.69992,0x20...946b,https://bscscan.com/tx/0xa214759cc9148a262d192872b11dcc8af60d97263e406a2d2561c29c4996ecf3
2023-03-21 08:11:58,False,3.828e-05,1.16e-08,83055.8,0.0096,0x20...946b,https://bscscan.com/tx/0xa214759cc9148a262d192872b11dcc8af60d97263e406a2d2561c29c4996ecf3
2023-03-21 08:11:19,False,3.814e-05,1.16e-08,24390122.0,2.83132,0xca...d7ca,https://bscscan.com/tx/0x6a2006654ba3535871e63c1f35bdfb2fd73bb78f7c3ec7b7fd24c579c70eba01
2023-03-21 08:11:19,False,3.815e-05,1.161e-08,72048.7,0.0083,0xca...d7ca,https://bscscan.com/tx/0x6a2006654ba3535871e63c1f35bdfb2fd73bb78f7c3ec7b7fd24c579c70eba01
2023-03-21 08:08:55,False,3.84e-05,1.161e-08,26604636.0,3.09038,0x72...3ac9,https://bscscan.com/tx/0x4989fd15924b6722453fb0136ca2a52809d740ba8a69e610e780ee68266db099
2023-03-21 08:08:55,False,3.842e-05,1.161e-08,278.305,3.233e-06,0x72...3ac9,https://bscscan.com/tx/0x4989fd15924b6722453fb0136ca2a52809d740ba8a69e610e780ee68266db099
2023-03-21 08:06:10,False,3.862e-05,1.161e-08,42275.8,0.0049,0x23...508a,https://bscscan.com/tx/0x4267f2d3579096b76d18c3f529df26cbf440b27484c9ca59314a99f2b92dc672
2023-03-21 08:06:10,False,3.862e-05,1.161e-08,7173.45,8.335e-05,0x23...508a,https://bscscan.com/tx/0x4267f2d3579096b76d18c3f529df26cbf440b27484c9ca59314a99f2b92dc672
2023-03-21 08:05:31,False,3.843e-05,1.162e-08,2648863.0,0.3078,0xbe...a0c4,https://bscscan.com/tx/0x428c7569ffefbb36644c23f3667e95c86feffb111792e82a11329ca1dbb85b7f
2023-03-21 08:05:31,False,3.843e-05,1.162e-08,68977.7,0.008,0xbe...a0c4,https://bscscan.com/tx/0x428c7569ffefbb36644c23f3667e95c86feffb111792e82a11329ca1dbb85b7f
2023-03-21 08:01:25,True,3.883e-05,1.167e-08,292212.0,0.0341,0x70...e27c,https://bscscan.com/tx/0xe92880843fc344941f86fe2ed3c7f8e5441b001ca7a129b9c858d736621660c7
2023-03-21 08:00:25,True,3.883e-05,1.167e-08,117025.0,0.0136,0xbc...772d,https://bscscan.com/tx/0x9dbd8b52b6317d48c2f07f7363458e28815afc84575b7306c7b326cd3888786b
2023-03-21 07:56:26,True,3.885e-05,1.167e-08,224376.0,0.0262,0xbc...772d,https://bscscan.com/tx/0x22a4fc5f6939d929cd3c24ef04a008bed0304e8bc1aa4c592d6facf68c266ba4
2023-03-21 07:56:17,True,3.884e-05,1.167e-08,16738461.0,1.95443,0x52...86b0,https://bscscan.com/tx/0x0788567fe1b7f863d8536923a1cbdb607fa46ab3e120100c5c2f3af74526ea15
2023-03-21 07:55:20,False,3.861e-05,1.161e-08,8150714.0,0.9468,0x40...948a,https://bscscan.com/tx/0x5ecaef100d0edd4e2bc9a693342794c4ebac857f1d7fc9cb5f51780d6ce6aaca
2023-03-21 07:55:20,False,3.862e-05,1.161e-08,486.672,5.654e-06,0x40...948a,https://bscscan.com/tx/0x5ecaef100d0edd4e2bc9a693342794c4ebac857f1d7fc9cb5f51780d6ce6aaca
2023-03-21 07:55:14,False,3.862e-05,1.161e-08,179708.0,0.0208,0xd6...c1b8,https://bscscan.com/tx/0xb4b7e8836b66bd99f75028922fa56af3eb1314e4f2d57ef2599159b680aa14e4
2023-03-21 07:55:14,False,3.862e-05,1.161e-08,58682.0,0.0068,0xd6...c1b8,https://bscscan.com/tx/0xb4b7e8836b66bd99f75028922fa56af3eb1314e4f2d57ef2599159b680aa14e4
2023-03-21 07:54:17,True,3.864e-05,1.167e-08,16733645.0,1.95346,0x52...86b0,https://bscscan.com/tx/0x965f74108335370d496bf2d084be70cd50604a73a704e03fe8abffcf6f9b1d25
2023-03-21 07:53:59,False,3.863e-05,1.161e-08,4985429.0,0.579,0x95...1e02,https://bscscan.com/tx/0xae7fbabb11f3b771ace69b1f19be4e8c6c7a6873e6f4b2341ae02e2151a9b392
2023-03-21 07:53:59,False,3.863e-05,1.161e-08,105305.0,0.0122,0x95...1e02,https://bscscan.com/tx/0xae7fbabb11f3b771ace69b1f19be4e8c6c7a6873e6f4b2341ae02e2151a9b392
2023-03-21 07:52:53,True,3.863e-05,1.167e-08,4760000.0,0.5555,0xa7...c657,https://bscscan.com/tx/0xa98db5ad867df1f9f0a3e7b70d341519dcce7c57f241c9e11cfc66ac9f8ae0cf
2023-03-21 07:52:17,True,3.862e-05,1.166e-08,16749168.0,1.95446,0x52...86b0,https://bscscan.com/tx/0xe1e895a33c06be78b5645180cf41c8dfc5d89101dce38d106a5716cedb6c0a44
2023-03-21 07:51:32,True,3.88e-05,1.166e-08,1790780.0,0.2089,0x25...1d20,https://bscscan.com/tx/0xf969413e80732cfc3870ea9602b5186849746ca61c3f385d3d52cac1fd9e4350
2023-03-21 07:51:23,False,3.861e-05,1.161e-08,15654726.0,1.81752,0x3a...f983,https://bscscan.com/tx/0xb053b83602936132af1fb407ea50c810f3b8f0e7f697e047866c5db0d4dfb608
2023-03-21 07:51:23,False,3.862e-05,1.161e-08,55829.1,0.0064,0x3a...f983,https://bscscan.com/tx/0xb053b83602936132af1fb407ea50c810f3b8f0e7f697e047866c5db0d4dfb608
2023-03-21 07:45:26,True,3.879e-05,1.167e-08,2429077.0,0.2834,0x26...af35,https://bscscan.com/tx/0x91bc15a413b22093830084d0ad6c796563b85f8f6674a1a86f41d4ad0d067239
2023-03-21 07:44:23,True,3.878e-05,1.166e-08,10000000.0,1.16684,0xe2...97af,https://bscscan.com/tx/0x73f1900118a2c40c2d6def63d101852593d2ad4acaa9b136577976b78c93ab21
2023-03-21 07:42:20,False,3.84e-05,1.16e-08,506087.0,0.0587,0x7e...553a,https://bscscan.com/tx/0xf6fccc28b2cbecb4dc303249fa01785e361c12f73a624c2e41c5304f0a94486d
2023-03-21 07:42:20,False,3.84e-05,1.16e-08,26382.3,0.003,0x7e...553a,https://bscscan.com/tx/0xf6fccc28b2cbecb4dc303249fa01785e361c12f73a624c2e41c5304f0a94486d
2023-03-21 07:40:50,True,3.858e-05,1.166e-08,8213301.0,0.9581,0x53...f7b5,https://bscscan.com/tx/0x7c1da828eee0006dbbfcaa7b99cd941ce0142bb5896c4aa9d14a6cd8f7a7e64d
2023-03-21 07:40:41,True,3.858e-05,1.166e-08,57924.9,0.0067,0x5b...21da,https://bscscan.com/tx/0xe8b540271a75a9a4da14f28379ebe57dc819bbd8b449eddac8ca35e9e06ad228
2023-03-21 07:39:26,False,3.839e-05,1.16e-08,1495500.0,0.1735,0x18...4e02,https://bscscan.com/tx/0x28606feefcf382048ac6e86aa810e601d0d56e64798ad313cbcbc5428d637b13
2023-03-21 07:39:26,False,3.839e-05,1.16e-08,67500.0,0.0078,0x18...4e02,https://bscscan.com/tx/0x28606feefcf382048ac6e86aa810e601d0d56e64798ad313cbcbc5428d637b13
2023-03-21 07:38:53,False,3.86e-05,1.161e-08,24925000.0,2.89393,0xd5...0c3a,https://bscscan.com/tx/0xec360677bd1e844ad07d32565388e440b29f28acb5369f6007f283120fd2c678
2023-03-21 07:38:53,False,3.861e-05,1.161e-08,1770089.0,0.2055,0xd5...0c3a,https://bscscan.com/tx/0xec360677bd1e844ad07d32565388e440b29f28acb5369f6007f283120fd2c678
2023-03-21 07:38:50,True,3.879e-05,1.167e-08,16764270.0,1.95648,0x52...86b0,https://bscscan.com/tx/0xb199fe60fe8e6912caee44f09ad7f47b3d30b7c30e85c25cae09dab85a6ba567
2023-03-21 07:36:05,True,3.858e-05,1.166e-08,25869932.0,3.01753,0xaf...9dcd,https://bscscan.com/tx/0x93d391a3d13646e1def256ab344eb6a230723f923e9924e3d5d1ce9bc73cfd68
2023-03-21 07:35:59,True,3.855e-05,1.165e-08,30053338.0,3.50303,0x20...946b,https://bscscan.com/tx/0x88aacdca5eef862388a1a23a1bf8193ee6de7aa098501b47687725d42b44e5c5
2023-03-21 07:35:59,True,3.853e-05,1.164e-08,25919517.0,3.01906,0xc1...f4fe,https://bscscan.com/tx/0x628842109e8626fd670aae8107aa9f143f80b145062d6696c5c27ae2e6eaae19
2023-03-21 07:35:56,True,3.851e-05,1.164e-08,16767923.0,1.95205,0x52...86b0,https://bscscan.com/tx/0xdf2c1029c123154ac81722551e953ee75347704abcf4ae93617775f8c1dfa988
2023-03-21 07:34:29,True,3.85e-05,1.163e-08,647480.0,0.0753,0xf7...6128,https://bscscan.com/tx/0xcd3bf068df13058756a090645e2bbd3d2d562004ef8e1b8f47d3961afad9be24
2023-03-21 07:34:05,True,3.846e-05,1.163e-08,30085414.0,3.50029,0x20...946b,https://bscscan.com/tx/0x2129fd76e0e120c8db209d1485a809f6b4b88d98b94f5a273bf585d00ee8c8f4
2023-03-21 07:33:56,True,3.844e-05,1.162e-08,16814761.0,1.95516,0x52...86b0,https://bscscan.com/tx/0x0d81d7a73352dedfc1c9bf9964019eac8183001a2ccc421d25164b53dcc4514f
2023-03-21 07:32:50,True,3.864e-05,1.162e-08,25986552.0,3.02,0xaf...9dcd,https://bscscan.com/tx/0xd5387fbbe6c7e06b2c654b1031030fffb6f3eb6f9914d41e156c1428b18d9d99
2023-03-21 07:31:56,True,3.842e-05,1.161e-08,16794177.0,1.95067,0x52...86b0,https://bscscan.com/tx/0x16a52acf5b841825995b31ca5943e5284ca390cf3813bcc2dbca67c9f06bf4b7
2023-03-21 07:31:47,True,3.861e-05,1.161e-08,203541.0,0.0236,0x2f...230a,https://bscscan.com/tx/0xfe4b9ffed773fefa50e0fb387973e29b04b901b95b4f8eba1a16498f8566952b
2023-03-21 07:31:11,True,3.86e-05,1.16e-08,26004478.0,3.01882,0xaf...9dcd,https://bscscan.com/tx/0xce8b5fa93920e31420e5dcd4e4acc6590b9e341970627824e4b269994c84b37d
2023-03-21 07:30:26,True,3.857e-05,1.16e-08,30065783.0,3.48784,0x20...946b,https://bscscan.com/tx/0xd6599f6f8722c273a65c64dd44bb868bebbfa0481804c0e706a696f8d64de3b1
2023-03-21 07:30:23,True,3.835e-05,1.159e-08,26045778.0,3.01936,0xc1...f4fe,https://bscscan.com/tx/0xec469e8cb6d1b55f8b8a981d5339d8568ded872e1b393074e68609cd5d2669de
2023-03-21 07:30:14,True,3.834e-05,1.158e-08,83997.4,0.0097,0x5c...06a5,https://bscscan.com/tx/0x4a1cc7a7f9ed0bf522f8d6a100b4031a5d0829b30552e76a7d2551c52981f994
2023-03-21 07:30:05,True,3.852e-05,1.158e-08,7134146.0,0.8266,0x00...3b4a,https://bscscan.com/tx/0x5313a5e9f9cc427e33afd9e498e958daa3384863d6a4eb14d50776c2eaed4d80
2023-03-21 07:30:05,True,3.851e-05,1.158e-08,16781889.0,1.94405,0x52...86b0,https://bscscan.com/tx/0x31f37a6ba55f2c6dc78ed52cdb314948e8acd242899fbad92af517e92d21c36c
2023-03-21 07:30:02,False,3.848e-05,1.157e-08,349647483.0,40.4704,0xfd...2cc2,https://bscscan.com/tx/0xf2fff6bd1f81ea30f65f8a96022f110d971f28da64910d4a7dd73191acbf960c
2023-03-21 07:30:02,False,3.865e-05,1.162e-08,23594.1,0.0027,0xfd...2cc2,https://bscscan.com/tx/0xf2fff6bd1f81ea30f65f8a96022f110d971f28da64910d4a7dd73191acbf960c
2023-03-21 07:29:38,True,3.884e-05,1.168e-08,2625876.0,0.3067,0x81...fabb,https://bscscan.com/tx/0xdad90f3571518aec8f4aeda35e529c277addecb5ee5d28ac1098067447289dc9
2023-03-21 07:28:20,False,3.865e-05,1.162e-08,6094327.0,0.7085,0xbd...d5e1,https://bscscan.com/tx/0x78a3621b135ca027acf5f285fbaacd337d22ff2701ed82fbfe810f428887d7b6
2023-03-21 07:28:20,False,3.866e-05,1.162e-08,3504.94,4.075e-05,0xbd...d5e1,https://bscscan.com/tx/0x78a3621b135ca027acf5f285fbaacd337d22ff2701ed82fbfe810f428887d7b6
2023-03-21 07:27:53,True,3.886e-05,1.168e-08,180125.0,0.021,0xb1...ac99,https://bscscan.com/tx/0xc25db0852fdcae84853808c0597b39e708ee6a429da7594324f69a2c36ca8139
2023-03-21 07:27:32,False,3.847e-05,1.162e-08,1114646.0,0.1296,0x80...13da,https://bscscan.com/tx/0x88f410a649613ac5b75957ecbb61f42413c835e87e88fb7cdf0dfe3c92e8b96a
2023-03-21 07:27:32,False,3.847e-05,1.162e-08,194156.0,0.0225,0x80...13da,https://bscscan.com/tx/0x88f410a649613ac5b75957ecbb61f42413c835e87e88fb7cdf0dfe3c92e8b96a
2023-03-21 07:27:14,True,3.866e-05,1.168e-08,16773189.0,1.95956,0x52...86b0,https://bscscan.com/tx/0xacbf483038fc53a7f159eeda46c8b336f29e98606e501853f3acdad4ef288dbe
2023-03-21 07:25:26,True,3.884e-05,1.167e-08,11902258.0,1.39,0xe2...4015,https://bscscan.com/tx/0x1cc3dbed40839cb7e7af4e253d08aef2874b9a6553847e4533a3f8b5059d226c
2023-03-21 07:24:17,True,3.884e-05,1.167e-08,2581560.0,0.3014,0x7c...bd49,https://bscscan.com/tx/0x48d7716f8d7c8e54f458a6d8f7329b54d1cc085b4c6c9be6f0d3d8af225cf385
2023-03-21 07:20:32,True,3.882e-05,1.167e-08,16767835.0,1.95739,0x52...86b0,https://bscscan.com/tx/0xe3757e8de4bf7df83380f4fa5a8fe67ab65c6ca18e67c0291009bed61489dbcf
2023-03-21 07:19:23,True,3.881e-05,1.167e-08,3330990.0,0.3887,0xe0...9e47,https://bscscan.com/tx/0x99b9721804c8b38242c789e5b3da8411a5b7acba73d3d61e34a1ee32b080c730
2023-03-21 07:17:54,True,3.878e-05,1.166e-08,16748404.0,1.95413,0x52...86b0,https://bscscan.com/tx/0x42fdf6a1a1f68f0433880e4611e13b721932dfd107289df32160c41572ab95ab
2023-03-21 07:16:45,True,3.875e-05,1.166e-08,1285906.0,0.15,0x8c...5e24,https://bscscan.com/tx/0x949dc2137dd20f57b1fa1e8eb6f2b2cc3ad7964268f192a3a2ccea1db612b1b2
2023-03-21 07:16:09,False,3.855e-05,1.16e-08,2511984.0,0.2915,0xb9...8fbc,https://bscscan.com/tx/0x71e7b6366feedd74f09dfb63e6ccd685f062acc8c36097ebd5a12eb3e3c76e32
2023-03-21 07:16:09,False,3.855e-05,1.16e-08,54131.1,0.0062,0xb9...8fbc,https://bscscan.com/tx/0x71e7b6366feedd74f09dfb63e6ccd685f062acc8c36097ebd5a12eb3e3c76e32
2023-03-21 07:16:09,True,3.874e-05,1.166e-08,258059.0,0.0301,0xfb...78bf,https://bscscan.com/tx/0xd3f9ff08edac4740e0aa2f0467b9c160277080468b46e255929583cad8227017
2023-03-21 07:15:54,True,3.874e-05,1.166e-08,16790481.0,1.95826,0x52...86b0,https://bscscan.com/tx/0xc7d632362c2b36bd884eb6f7365270ac0d715fe058adfb8efbd0e9230db5b157
2023-03-21 07:15:33,False,3.854e-05,1.16e-08,2991000.0,0.347,0xbc...574d,https://bscscan.com/tx/0x9d9f9c368fbb767cae78e88dac9ecc4c53bfde925929e67c4be26b105158b86a
2023-03-21 07:15:33,False,3.854e-05,1.16e-08,7290.0,8.458e-05,0xbc...574d,https://bscscan.com/tx/0x9d9f9c368fbb767cae78e88dac9ecc4c53bfde925929e67c4be26b105158b86a
2023-03-21 07:15:30,False,3.854e-05,1.16e-08,2691900.0,0.3123,0x0c...9f6d,https://bscscan.com/tx/0x4cdca372d875d3c13937f91ab3f82adf7a6351fe9090231ad880c763ad315ba1
2023-03-21 07:15:30,False,3.854e-05,1.16e-08,32995.2,0.0038,0x0c...9f6d,https://bscscan.com/tx/0x4cdca372d875d3c13937f91ab3f82adf7a6351fe9090231ad880c763ad315ba1
2023-03-21 07:15:21,False,3.855e-05,1.16e-08,12183784.0,1.41401,0xe9...e692,https://bscscan.com/tx/0x63f978f53a877f0c66fd1fa6bc527841f0908ea019e550fa20a9f6833a48c06e
2023-03-21 07:15:21,False,3.855e-05,1.16e-08,7715.65,8.955e-05,0xe9...e692,https://bscscan.com/tx/0x63f978f53a877f0c66fd1fa6bc527841f0908ea019e550fa20a9f6833a48c06e
2023-03-21 07:14:33,False,3.853e-05,1.16e-08,2691900.0,0.3124,0x0c...9f6d,https://bscscan.com/tx/0xcdbbef604edd6d47b9e1803cdd9df7a57056c0a38ddecfb3efff229417092162
2023-03-21 07:14:33,False,3.853e-05,1.16e-08,39118.8,0.0045,0x0c...9f6d,https://bscscan.com/tx/0xcdbbef604edd6d47b9e1803cdd9df7a57056c0a38ddecfb3efff229417092162
2023-03-21 07:14:24,True,3.873e-05,1.166e-08,15571.4,0.0018,0x16...d97e,https://bscscan.com/tx/0x63c384ec32d529a3a696bb1fb3a8e432152cc1e877dff7d26ee4ea73ae43856a
2023-03-21 07:14:09,True,3.873e-05,1.166e-08,1161904.0,0.1355,0x97...030d,https://bscscan.com/tx/0x0efb4a3990e407cdeabf200e82c58537a67fb3167172dab850f7f84e89505162
2023-03-21 07:14:03,True,3.853e-05,1.166e-08,5414696.0,0.6316,0x4b...0dec,https://bscscan.com/tx/0xe66de19c9e7abef0f17edfce95d8e2b564a0168b861daec1ada45800308e9e2d
2023-03-21 07:10:39,True,3.871e-05,1.166e-08,5196261.0,0.606,0x6b...9f5d,https://bscscan.com/tx/0x80a38795d6db1a4408824b7854ca975f8f36700fc24d55bc25ff2b663f818022
2023-03-21 07:10:09,False,3.852e-05,1.16e-08,2691900.0,0.3124,0x0c...9f6d,https://bscscan.com/tx/0x3e491e293cbc3b5623bd2f0360ffed5989c302fba80b1acdf5e608d23540ba88
2023-03-21 07:10:09,False,3.852e-05,1.16e-08,35858.7,0.0041,0x0c...9f6d,https://bscscan.com/tx/0x3e491e293cbc3b5623bd2f0360ffed5989c302fba80b1acdf5e608d23540ba88
2023-03-21 07:09:51,True,3.871e-05,1.166e-08,5175136.0,0.6035,0x6b...9f5d,https://bscscan.com/tx/0x14dc7b10ca3abc687b8138bf843f69f8fd06ffcfce411b51bd53cdc9c721ee9b
2023-03-21 07:09:30,False,3.832e-05,1.16e-08,8081557.0,0.9378,0x0e...c17d,https://bscscan.com/tx/0x7b7bb965967c1eb422654321b7c2c3fa703a5992e85424c240d52585af666df9
2023-03-21 07:09:30,False,3.833e-05,1.16e-08,419827.0,0.0487,0x0e...c17d,https://bscscan.com/tx/0x7b7bb965967c1eb422654321b7c2c3fa703a5992e85424c240d52585af666df9
2023-03-21 07:08:24,True,3.876e-05,1.166e-08,15745397.0,1.83631,0x3a...f983,https://bscscan.com/tx/0x719c8bf2acfcfc625d75a76afd7e2726568ca4041fc96bbf39b2bceb8d6054ed
2023-03-21 07:06:06,False,3.842e-05,1.162e-08,138093232.0,16.0494,0x38...ac74,https://bscscan.com/tx/0x1a8e41e62db806cfa7acc7178796b44ff31ac8ca289cab40a579f182954de56f
2023-03-21 07:06:06,False,3.849e-05,1.164e-08,7464.6,8.69e-05,0x38...ac74,https://bscscan.com/tx/0x1a8e41e62db806cfa7acc7178796b44ff31ac8ca289cab40a579f182954de56f
2023-03-21 07:05:54,True,3.888e-05,1.17e-08,64665.1,0.0075,0xe4...88c2,https://bscscan.com/tx/0x51cf515d14555e248cef1843aa947e5912c37f100dee7a1cee81a0ba67618afb
2023-03-21 07:05:39,False,3.868e-05,1.164e-08,2691900.0,0.3134,0x0c...9f6d,https://bscscan.com/tx/0x579aafe08a07d8017c1f7f8a7ee9710210887f9a4ba8cf570316015d20acbe45
2023-03-21 07:05:39,False,3.868e-05,1.164e-08,50719.7,0.0059,0x0c...9f6d,https://bscscan.com/tx/0x579aafe08a07d8017c1f7f8a7ee9710210887f9a4ba8cf570316015d20acbe45
2023-03-21 07:05:27,True,3.868e-05,1.17e-08,2527124.0,0.2957,0xb9...8fbc,https://bscscan.com/tx/0x305c55c22214053c1f4c26915451be82b073697bcffee1d094c7a70c68d32211
2023-03-21 07:03:18,True,3.889e-05,1.17e-08,46210.2,0.0054,0x43...1a13,https://bscscan.com/tx/0xa72b82c41167675710777505565d3a800409e6639d4569dbd0c69fb30424939f
2023-03-21 06:58:08,False,3.865e-05,1.164e-08,16163115.0,1.88215,0x0e...c17d,https://bscscan.com/tx/0xe79e6498bf0f08fa6bfa7d49cf82588b91b55e7b416131104bd954579806f7e0
2023-03-21 06:58:08,False,3.866e-05,1.164e-08,382314.0,0.0445,0x0e...c17d,https://bscscan.com/tx/0xe79e6498bf0f08fa6bfa7d49cf82588b91b55e7b416131104bd954579806f7e0
2023-03-21 06:55:45,True,3.887e-05,1.17e-08,256287.0,0.03,0x65...cff9,https://bscscan.com/tx/0x11dd2f5847bacee83552eced23e16ff01db8628874cb47dba6c9dad3410dd1e7
2023-03-21 06:53:03,True,3.879e-05,1.168e-08,140593708.0,16.4282,0x58...0988,https://bscscan.com/tx/0xdf17146aec5dc986a946797a90bf35cfb7e671d48b8875db7fd4ca674d5855b6
2023-03-21 06:52:15,True,3.873e-05,1.166e-08,76894.9,0.0089,0x3a...ab96,https://bscscan.com/tx/0xcd025839a7c290c554e850eb07978b289a3afc9cac54d5a484a58f8b0ce61da1
2023-03-21 06:49:00,False,3.878e-05,1.16e-08,464741.0,0.0539,0x42...76a8,https://bscscan.com/tx/0x1b8cad8c8e902c13487988fea880d6e31457c8f43d3f214afd94ec27d63ae8b7
2023-03-21 06:49:00,False,3.878e-05,1.16e-08,29577.0,0.0034,0x42...76a8,https://bscscan.com/tx/0x1b8cad8c8e902c13487988fea880d6e31457c8f43d3f214afd94ec27d63ae8b7
2023-03-21 06:48:21,True,3.896e-05,1.166e-08,1071660.0,0.125,0x76...907e,https://bscscan.com/tx/0xd87d5fd37607951493952ac1f31a003d7fb3bddea55318db568ba891ad63a312
2023-03-21 06:41:45,True,3.903e-05,1.166e-08,1100000.0,0.1283,0xd5...b3a8,https://bscscan.com/tx/0x3ac3a7b521970c1bbb0e9ac3125b70df803bc2744c969cbeccf2a3a71d0a9ce1
2023-03-21 06:40:06,False,3.868e-05,1.16e-08,6383152.0,0.7408,0x05...7066,https://bscscan.com/tx/0x387d6de273ca5117dade259c2ad8b9643b1bccdd8fa4b7bbde8e561efd71d893
2023-03-21 06:40:06,False,3.868e-05,1.16e-08,1130.68,1.312e-05,0x05...7066,https://bscscan.com/tx/0x387d6de273ca5117dade259c2ad8b9643b1bccdd8fa4b7bbde8e561efd71d893
2023-03-21 06:35:39,False,3.872e-05,1.16e-08,39554.9,0.0045,0xa3...be95,https://bscscan.com/tx/0xe39b397bc35eeeda09567ddf0762c108c68afdfd8260a47637165524ac42cbce
2023-03-21 06:35:39,False,3.872e-05,1.16e-08,74082.9,0.0086,0xa3...be95,https://bscscan.com/tx/0xe39b397bc35eeeda09567ddf0762c108c68afdfd8260a47637165524ac42cbce
2023-03-21 06:34:03,False,3.877e-05,1.161e-08,27355793.0,3.17637,0x05...7066,https://bscscan.com/tx/0x4a6be764d0b4293f2f0bd4883fe735f73967160d8439555b4692dbf1fe157d8c
2023-03-21 06:34:03,False,3.878e-05,1.161e-08,69850.1,0.0081,0x05...7066,https://bscscan.com/tx/0x4a6be764d0b4293f2f0bd4883fe735f73967160d8439555b4692dbf1fe157d8c
2023-03-21 06:33:09,False,3.901e-05,1.161e-08,25792792.0,2.99689,0xc0...1f4f,https://bscscan.com/tx/0xdd5aac28a459474bc7458314a6d48923c5f9730fb1802ed6e1d50060eccf6704
2023-03-21 06:33:09,False,3.903e-05,1.162e-08,16842.4,0.0019,0xc0...1f4f,https://bscscan.com/tx/0xdd5aac28a459474bc7458314a6d48923c5f9730fb1802ed6e1d50060eccf6704
2023-03-21 06:32:42,False,3.881e-05,1.162e-08,6219194.0,0.7229,0x05...7066,https://bscscan.com/tx/0x4c305f41784d4e18618cea61d681a98972e2b62c1167ca845b4336af97ceb2cc
2023-03-21 06:32:42,False,3.882e-05,1.162e-08,25057.4,0.0029,0x05...7066,https://bscscan.com/tx/0x4c305f41784d4e18618cea61d681a98972e2b62c1167ca845b4336af97ceb2cc
2023-03-21 06:32:33,True,3.901e-05,1.168e-08,280524.0,0.0327,0xbe...edf8,https://bscscan.com/tx/0xffa7ef10e55d28157a32d59dc72920ec40179aa3a129896113bc939797f1617c
2023-03-21 06:31:30,False,3.882e-05,1.162e-08,8973000.0,1.04319,0x67...8382,https://bscscan.com/tx/0xcea63a076bff8dab9586fca7f308e01a07869216497363ee406ba8c91dc2433b
2023-03-21 06:31:30,False,3.883e-05,1.162e-08,40098.9,0.0046,0x67...8382,https://bscscan.com/tx/0xcea63a076bff8dab9586fca7f308e01a07869216497363ee406ba8c91dc2433b
2023-03-21 06:31:27,False,3.883e-05,1.162e-08,14806882.0,1.72195,0x05...7066,https://bscscan.com/tx/0x487adec2f37a15ad67379a60ec67f7023b18d111cbb257ac2c145562434b25fb
2023-03-21 06:31:27,False,3.884e-05,1.163e-08,80973.0,0.0094,0x05...7066,https://bscscan.com/tx/0x487adec2f37a15ad67379a60ec67f7023b18d111cbb257ac2c145562434b25fb
2023-03-21 06:31:18,False,3.886e-05,1.163e-08,29900029.0,3.47916,0x20...946b,https://bscscan.com/tx/0x10ed8589b3b8fa03f9ce546f46adfe24c11a50a8b47d261daa502b6ba366aa65
2023-03-21 06:31:18,False,3.887e-05,1.164e-08,13578.6,0.0015,0x20...946b,https://bscscan.com/tx/0x10ed8589b3b8fa03f9ce546f46adfe24c11a50a8b47d261daa502b6ba366aa65
2023-03-21 06:31:18,False,3.887e-05,1.164e-08,5014015.0,0.5836,0x6b...9f5d,https://bscscan.com/tx/0xd81104b025296d162442cdd691d44412a0abdd86c512f48db4293bad97e3db54
2023-03-21 06:31:18,False,3.888e-05,1.164e-08,177204.0,0.0206,0x6b...9f5d,https://bscscan.com/tx/0xd81104b025296d162442cdd691d44412a0abdd86c512f48db4293bad97e3db54
2023-03-21 06:29:15,True,3.927e-05,1.17e-08,330989.0,0.0387,0x9f...f188,https://bscscan.com/tx/0x6b28f3108ced3bd5a2164f4f14ab2a27234e4cdda3aecaf408b8780f96f656e2
2023-03-21 06:26:57,True,3.908e-05,1.169e-08,15644051.0,1.83002,0x58...fe25,https://bscscan.com/tx/0x6549e3969108f7ad63a769811afbcf7f93575cc457d8fc1137cccbfb1f82f662
2023-03-21 06:26:30,False,3.909e-05,1.164e-08,39677632.0,4.61966,0x05...7066,https://bscscan.com/tx/0x1c944d09770da3479353c3076ade23b3a8b924624f963eea99c4916802a976f1
2023-03-21 06:26:30,False,3.911e-05,1.164e-08,2826.49,3.292e-05,0x05...7066,https://bscscan.com/tx/0x1c944d09770da3479353c3076ade23b3a8b924624f963eea99c4916802a976f1
2023-03-21 06:26:03,False,3.892e-05,1.164e-08,1043709.0,0.1215,0x3a...bac2,https://bscscan.com/tx/0xe91f7eca69cbd967ff3be1b99987cea8c51eeb6687b0a8381a3f2509ec0b6e69
2023-03-21 06:26:03,False,3.892e-05,1.164e-08,31698.3,0.0036,0x3a...bac2,https://bscscan.com/tx/0xe91f7eca69cbd967ff3be1b99987cea8c51eeb6687b0a8381a3f2509ec0b6e69
2023-03-21 06:25:24,False,3.912e-05,1.165e-08,11704876.0,1.36372,0x05...7066,https://bscscan.com/tx/0xad371c5e9e17a2b50d7a34c5a608fb0d3bd24c5b1339277325b0f035e4c43cd4
2023-03-21 06:25:24,False,3.912e-05,1.165e-08,25777.2,0.003,0x05...7066,https://bscscan.com/tx/0xad371c5e9e17a2b50d7a34c5a608fb0d3bd24c5b1339277325b0f035e4c43cd4
2023-03-21 06:25:12,False,3.893e-05,1.165e-08,9518479.0,1.10928,0x05...7066,https://bscscan.com/tx/0xf583cb4482b168fee0a70a11ce6cb9e2ef9d7e654b812571db39869f9a548837
2023-03-21 06:25:12,False,3.894e-05,1.165e-08,17272.1,0.002,0x05...7066,https://bscscan.com/tx/0xf583cb4482b168fee0a70a11ce6cb9e2ef9d7e654b812571db39869f9a548837
2023-03-21 06:23:54,False,3.894e-05,1.165e-08,6377872.0,0.7434,0x05...7066,https://bscscan.com/tx/0x276f5eec2232ad41dc2d4be3fcb00dfa7af7c4adb55b66e6bc7f421a17c5e377
2023-03-21 06:23:54,False,3.895e-05,1.165e-08,17299.4,0.002,0x05...7066,https://bscscan.com/tx/0x276f5eec2232ad41dc2d4be3fcb00dfa7af7c4adb55b66e6bc7f421a17c5e377
2023-03-21 06:23:36,False,3.895e-05,1.165e-08,6387973.0,0.7447,0x05...7066,https://bscscan.com/tx/0x38350c3bb0105fb6597f04ffa955f5e970ac6a5b321b0d4bebfbc0e30562f91e
2023-03-21 06:23:36,False,3.895e-05,1.165e-08,69649.4,0.0081,0x05...7066,https://bscscan.com/tx/0x38350c3bb0105fb6597f04ffa955f5e970ac6a5b321b0d4bebfbc0e30562f91e
2023-03-21 06:23:03,False,3.916e-05,1.166e-08,25718704.0,2.99955,0xc0...1f4f,https://bscscan.com/tx/0x137f5fa861de93e46149dba44298f17864db7d6a77ca75270a560579b5844b03
2023-03-21 06:23:03,False,3.917e-05,1.166e-08,15195.7,0.0017,0xc0...1f4f,https://bscscan.com/tx/0x137f5fa861de93e46149dba44298f17864db7d6a77ca75270a560579b5844b03
2023-03-21 06:23:00,True,3.937e-05,1.172e-08,373798.0,0.0438,0x3c...9024,https://bscscan.com/tx/0x19419573663afca6b915e3746e279f3bfcbca2bf076e067412c07ae57f95ca1e
2023-03-21 06:23:00,True,3.937e-05,1.172e-08,127078.0,0.0149,0x47...f6bd,https://bscscan.com/tx/0xa2e4ea94317befcffd7b9c3b9ebec797a0752d3d7d9d8f37a1677a2c2c865c51
2023-03-21 06:22:24,False,3.918e-05,1.166e-08,5111776.0,0.5964,0x6b...9f5d,https://bscscan.com/tx/0x374fcd8f8e07b0e2549eab8c62e7deccb169798b9afe50f6e87e6de16878a9f9
2023-03-21 06:22:24,False,3.918e-05,1.166e-08,64491.3,0.0075,0x6b...9f5d,https://bscscan.com/tx/0x374fcd8f8e07b0e2549eab8c62e7deccb169798b9afe50f6e87e6de16878a9f9
2023-03-21 06:22:12,False,3.9e-05,1.167e-08,23814021.0,2.77947,0x05...7066,https://bscscan.com/tx/0xd2a73b313e4ed8ea08fc0d964304181076deab8a6448f837b60851775f6a8abe
2023-03-21 06:22:12,False,3.901e-05,1.167e-08,80973.0,0.0094,0x05...7066,https://bscscan.com/tx/0xd2a73b313e4ed8ea08fc0d964304181076deab8a6448f837b60851775f6a8abe
2023-03-21 06:21:45,False,3.902e-05,1.167e-08,29900029.0,3.49217,0x20...946b,https://bscscan.com/tx/0x1ef787004a98d13174b0c3edff0caea3586af61966ddd8585252a1720291a7e1
2023-03-21 06:21:45,False,3.903e-05,1.168e-08,8760.53,0.001,0x20...946b,https://bscscan.com/tx/0x1ef787004a98d13174b0c3edff0caea3586af61966ddd8585252a1720291a7e1
2023-03-21 06:21:33,True,3.942e-05,1.174e-08,162669.0,0.0191,0x5f...cda1,https://bscscan.com/tx/0x532124db7fb059e27ac684558616647dda36c7cc9d82894de44b53ede700115e
2023-03-21 06:21:00,False,3.903e-05,1.168e-08,3072726.0,0.359,0x02...f856,https://bscscan.com/tx/0x486c5ad5a2355ed39e8ec94f0edabc3b71b7774b107de26f014eb99e941a01e5
2023-03-21 06:21:00,False,3.903e-05,1.168e-08,6531.3,7.631e-05,0x02...f856,https://bscscan.com/tx/0x486c5ad5a2355ed39e8ec94f0edabc3b71b7774b107de26f014eb99e941a01e5
2023-03-21 06:20:42,False,3.903e-05,1.168e-08,2411743.0,0.2818,0x95...1e02,https://bscscan.com/tx/0x7a280f99afe6b1f5aa2068386887df86e9eaf7370f9965a4704479e66608d8f0
2023-03-21 06:20:42,False,3.903e-05,1.168e-08,35994.6,0.0042,0x95...1e02,https://bscscan.com/tx/0x7a280f99afe6b1f5aa2068386887df86e9eaf7370f9965a4704479e66608d8f0
2023-03-21 06:18:42,True,3.943e-05,1.174e-08,482203.0,0.0566,0x43...88a4,https://bscscan.com/tx/0xf82c7c0afbb6be113958b2407f7039d7e3006ca0fdd8e879f9f03da51cdd1804
2023-03-21 06:18:36,False,3.924e-05,1.168e-08,12810582.0,1.4972,0x05...7066,https://bscscan.com/tx/0x0e88d8f430f156caac29647789ca910ead3efdd90ef7ad4847718532eb209ac9
2023-03-21 06:18:36,False,3.924e-05,1.168e-08,39643.9,0.0046,0x05...7066,https://bscscan.com/tx/0x0e88d8f430f156caac29647789ca910ead3efdd90ef7ad4847718532eb209ac9
2023-03-21 06:18:30,False,3.925e-05,1.169e-08,14638861.0,1.71147,0x3d...4dd5,https://bscscan.com/tx/0x4256b05a886f9c20bc9800d154467176c5203213ff636c1b9374dbbb1e641d41
2023-03-21 06:18:30,False,3.926e-05,1.169e-08,83556.0,0.0097,0x3d...4dd5,https://bscscan.com/tx/0x4256b05a886f9c20bc9800d154467176c5203213ff636c1b9374dbbb1e641d41
2023-03-21 06:17:54,True,3.925e-05,1.175e-08,956660.0,0.1124,0x43...88a4,https://bscscan.com/tx/0x4f14684d2e02f7781163c73df5f932c9c6ebc39d1e284a1eca27f048cf063e7a
2023-03-21 06:17:12,False,3.927e-05,1.169e-08,29900030.0,3.49758,0x20...946b,https://bscscan.com/tx/0x3ad3c71d81d17c7ec66cb08fdcc7df2eae1e1666ae4707443eceba24219b33d2
2023-03-21 06:17:12,False,3.928e-05,1.17e-08,945.0,1.105e-05,0x20...946b,https://bscscan.com/tx/0x3ad3c71d81d17c7ec66cb08fdcc7df2eae1e1666ae4707443eceba24219b33d2
2023-03-21 06:11:30,False,3.907e-05,1.17e-08,348950.0,0.0408,0x7b...5dfa,https://bscscan.com/tx/0xd49a861e5960c3660c86511e426f1f13c5bf3f945ebf00f7b4bf0655015c5a25
2023-03-21 06:11:30,False,3.907e-05,1.17e-08,8738.35,0.001,0x7b...5dfa,https://bscscan.com/tx/0xd49a861e5960c3660c86511e426f1f13c5bf3f945ebf00f7b4bf0655015c5a25
2023-03-21 06:09:12,True,3.948e-05,1.176e-08,536426.0,0.063,0xa3...2f5e,https://bscscan.com/tx/0xe2e13634daa15df405f4e3f472091e84f5798e97f34208dc64b23e4fa99aba1a
2023-03-21 06:05:48,False,3.928e-05,1.17e-08,2691900.0,0.315,0x0c...9f6d,https://bscscan.com/tx/0xeaf78054ae832ad78722c970e5ad9de76f8eb457b45d4e9c6e77e0927bac298d
2023-03-21 06:05:48,False,3.928e-05,1.17e-08,323203.0,0.0378,0x0c...9f6d,https://bscscan.com/tx/0xeaf78054ae832ad78722c970e5ad9de76f8eb457b45d4e9c6e77e0927bac298d
2023-03-21 06:05:36,True,3.928e-05,1.176e-08,2859036.0,0.3362,0xb3...9036,https://bscscan.com/tx/0x8798c17a0b27b578846a39727f51524449def775432f2a1e64bb5ddedf21586f
2023-03-21 06:02:18,True,3.928e-05,1.175e-08,5898771.0,0.6936,0xd1...e8a2,https://bscscan.com/tx/0x3536c8fa64d357b985d6f7d7bc67d78dff0d8d0dd4b2b241a44ff2ad0fe0f1eb
2023-03-21 06:00:57,True,3.946e-05,1.175e-08,14727091.0,1.73143,0x3d...4dd5,https://bscscan.com/tx/0x2bbe62f668ade50246bb185f6caf972bc536402d7b0fabe1648ec8f187127034
2023-03-21 06:00:33,True,3.941e-05,1.174e-08,93579006.0,10.9868,0xf0...1684,https://bscscan.com/tx/0x6562d8cd6073e0432c0dbab86e3ded8cc8d0197f59f059738d2d3d60c128ae86
2023-03-21 05:58:12,False,3.916e-05,1.166e-08,2633033.0,0.3072,0xe8...7119,https://bscscan.com/tx/0x0005dbe7cfa91f6e6b597a36fc9bcee206549b30da1444d6de563124a25768c5
2023-03-21 05:58:12,False,3.916e-05,1.166e-08,12235.6,0.0014,0xe8...7119,https://bscscan.com/tx/0x0005dbe7cfa91f6e6b597a36fc9bcee206549b30da1444d6de563124a25768c5
2023-03-21 05:53:45,False,3.914e-05,1.166e-08,4518120.0,0.5272,0xf8...cbb9,https://bscscan.com/tx/0x083ee5c4188fc2d02b98b28bfb72017b9df485c9c8468492af051f3ed7a2f57f
2023-03-21 05:53:45,False,3.914e-05,1.167e-08,6477.63,7.559e-05,0xf8...cbb9,https://bscscan.com/tx/0x083ee5c4188fc2d02b98b28bfb72017b9df485c9c8468492af051f3ed7a2f57f
2023-03-21 05:52:42,False,3.894e-05,1.167e-08,2391926.0,0.2791,0xd8...4e11,https://bscscan.com/tx/0x40f85094b75d621d2bafa74518042824b7624a05ffa5c913dc690db40add2d8c
2023-03-21 05:52:42,False,3.894e-05,1.167e-08,80645.5,0.0094,0xd8...4e11,https://bscscan.com/tx/0x40f85094b75d621d2bafa74518042824b7624a05ffa5c913dc690db40add2d8c
2023-03-21 05:52:36,True,3.913e-05,1.172e-08,306453.0,0.0359,0x60...b8fa,https://bscscan.com/tx/0x5707112d4f293d3d95fbff15b389558a3890c9024bd19d36a470a8901e1653c1
2023-03-21 05:49:06,True,3.933e-05,1.172e-08,29839.1,0.0035,0x94...4f9b,https://bscscan.com/tx/0x7e5e10aa14a2cf82eaae61a9c0c0d61ed296f219dceb934dd567b227a322fbb7
2023-03-21 05:45:54,True,3.935e-05,1.172e-08,85254.8,0.01,0x20...0716,https://bscscan.com/tx/0xf8498d4123b1f24f98aad73a9f92ece0ffd6cf9dcda63d7e5ea9a4b0dabeb9d2
2023-03-21 05:44:18,True,3.933e-05,1.172e-08,1378744.0,0.1617,0x7e...7820,https://bscscan.com/tx/0x55d53ed7a508db3fbef10de5a0753c0993ec36fa57b1cb5408f9bf59184b9922
2023-03-21 05:43:39,True,3.932e-05,1.172e-08,23457489.0,2.75054,0x1d...bf7f,https://bscscan.com/tx/0xf57dca1d384661cd6ec839b7684804b5272acf1fc02aacf8d083e81134bd9687
2023-03-21 05:42:30,True,3.913e-05,1.172e-08,253780.0,0.0297,0x13...d49e,https://bscscan.com/tx/0x2d7202498a3302e9e06c7ed4b154d5eb7dac2415fa5aa72096ed4456d3b5b4e9
2023-03-21 05:42:24,False,3.913e-05,1.166e-08,1192363.0,0.139,0xdd...6c36,https://bscscan.com/tx/0x6dbb626ef4c3f94aaa2c42829d056fbd024102012a4ed3ec735893336b3d0d97
2023-03-21 05:42:24,False,3.913e-05,1.166e-08,7290.0,8.502e-05,0xdd...6c36,https://bscscan.com/tx/0x6dbb626ef4c3f94aaa2c42829d056fbd024102012a4ed3ec735893336b3d0d97
2023-03-21 05:38:08,False,3.914e-05,1.166e-08,2691900.0,0.3139,0x0c...9f6d,https://bscscan.com/tx/0x3d819f524c19d258c1bcf753f00ae057b6508ccf6dfb3b66f90de21c33fe0299
2023-03-21 05:38:08,False,3.914e-05,1.166e-08,13957.0,0.0016,0x0c...9f6d,https://bscscan.com/tx/0x3d819f524c19d258c1bcf753f00ae057b6508ccf6dfb3b66f90de21c33fe0299
2023-03-21 05:30:34,True,3.934e-05,1.172e-08,251637.0,0.0295,0x8e...6ee1,https://bscscan.com/tx/0x8cd8c28a856f002ad1ebb9e37567fa3fc99e034b1489c9c8ed99bc52f106e592
2023-03-21 05:26:37,False,3.895e-05,1.166e-08,4902855.0,0.5719,0x5e...df3e,https://bscscan.com/tx/0xd5b7cbb78294e00ea34604e4bc5125b3f1b4e890dec7d0c78ccac153e76bac05
2023-03-21 05:26:37,False,3.895e-05,1.166e-08,167144.0,0.0195,0x5e...df3e,https://bscscan.com/tx/0xd5b7cbb78294e00ea34604e4bc5125b3f1b4e890dec7d0c78ccac153e76bac05
2023-03-21 05:23:55,True,3.916e-05,1.172e-08,657706.0,0.0771,0x49...1150,https://bscscan.com/tx/0xfb35c1dfdbb2a97454cc711ebc20bce836ca6df64859925dd315e5e11e6e14a6
2023-03-21 05:23:28,True,3.914e-05,1.172e-08,657460.0,0.077,0x49...1150,https://bscscan.com/tx/0x9dfc427964aa75ef17708f0b24c5ee6b5d1369c134d548206bc24c91f4a46da8
2023-03-21 05:23:10,True,3.914e-05,1.172e-08,5119304.0,0.6001,0x83...a221,https://bscscan.com/tx/0x7518fb52d66cf46d8dd7345161732d63358d4c8ba123d692d69ce47611d01582
2023-03-21 05:22:49,True,3.912e-05,1.171e-08,20033699.0,2.34791,0x08...b2f8,https://bscscan.com/tx/0x8848dd62e44d9730d00e9a84b0b56c7bbaca68ec94cd2fdc2f0a791ca4516c85
2023-03-21 05:21:58,True,3.93e-05,1.171e-08,15256109.0,1.78719,0x14...80be,https://bscscan.com/tx/0xe54f0a5b3ffd6af8b8dffa4bdfdb6c1395513a0551a296c7715d523529a8faef
2023-03-21 05:21:28,True,3.928e-05,1.171e-08,2109827.0,0.2471,0xdc...2b6e,https://bscscan.com/tx/0x6ee052dfe04d9cdb0ff9e20716f8f9cf147213300ac47a98704d9c7bfdb18f0a
2023-03-21 05:20:43,True,3.907e-05,1.17e-08,15750939.0,1.84434,0x14...80be,https://bscscan.com/tx/0x7bf4c4c02c308ae4a129489adb3b5f33cd49cc643ca652bb2755e88600065007
2023-03-21 05:20:10,False,3.906e-05,1.164e-08,2313357.0,0.2694,0xe3...2dda,https://bscscan.com/tx/0x161d05f7c3735173e714b08b7f1eb8ca08cbddaefb3e532ab375de50f17adf9c
2023-03-21 05:20:10,False,3.906e-05,1.164e-08,30147.2,0.0035,0xe3...2dda,https://bscscan.com/tx/0x161d05f7c3735173e714b08b7f1eb8ca08cbddaefb3e532ab375de50f17adf9c
2023-03-21 05:20:01,True,3.925e-05,1.17e-08,8636093.0,1.01098,0x32...da65,https://bscscan.com/tx/0x6de05f210e108c928ef5d32a91b705bf94a5909b8768c3192ebded10d9efdb50
2023-03-21 05:19:40,True,3.924e-05,1.17e-08,529552.0,0.0619,0x45...bedb,https://bscscan.com/tx/0xdf393d52a11035ac41a36a944edfaedd3568b35286bfc0810804a9d16c2c8ef3
2023-03-21 05:17:49,False,3.904e-05,1.164e-08,1994000.0,0.2322,0x18...0999,https://bscscan.com/tx/0xdc33b6134419c121b83d510f3f3f469140995f7fcd9d0b45d8d599e4266e1a4e
2023-03-21 05:17:49,False,3.904e-05,1.164e-08,40324.4,0.0047,0x18...0999,https://bscscan.com/tx/0xdc33b6134419c121b83d510f3f3f469140995f7fcd9d0b45d8d599e4266e1a4e
2023-03-21 05:15:16,False,3.908e-05,1.164e-08,14890152.0,1.73461,0x3d...4dd5,https://bscscan.com/tx/0xb4254776fb8015c0f8f5eee0f72f95f278f83baee6cf258cea47363fee001516
2023-03-21 05:15:16,False,3.909e-05,1.165e-08,1278.11,1.489e-05,0x3d...4dd5,https://bscscan.com/tx/0xb4254776fb8015c0f8f5eee0f72f95f278f83baee6cf258cea47363fee001516
2023-03-21 05:14:25,False,3.91e-05,1.165e-08,471955.0,0.0549,0x46...8468,https://bscscan.com/tx/0xd1d95d4160d5bbc625d5e90af49e004c0e0fde67655b66b33dedc37b535ce002
2023-03-21 05:14:25,False,3.91e-05,1.165e-08,95252.3,0.0111,0x46...8468,https://bscscan.com/tx/0xd1d95d4160d5bbc625d5e90af49e004c0e0fde67655b66b33dedc37b535ce002
2023-03-21 05:14:19,True,3.929e-05,1.17e-08,4214449.0,0.4934,0x58...d220,https://bscscan.com/tx/0xcca815676d407acaa224d51cdc0b1f1635560acb802f9a88ff7699414a4c9004
2023-03-21 05:07:19,True,3.904e-05,1.17e-08,3416336.0,0.4,0xc0...5117,https://bscscan.com/tx/0xebdf6f7b5b0f6ab1e05eb0da342481dce1966eda7da8da3db8321df8884a144b
2023-03-21 05:06:55,True,3.924e-05,1.17e-08,13.6824,1.601e-07,0x1c...dd95,https://bscscan.com/tx/0x34c68eafbe258776735d567afe61f5185f09c5f94d52ceed9b6cea20518eb71b
2023-03-21 05:00:04,True,3.918e-05,1.17e-08,16161153.0,1.89175,0x11...cb63,https://bscscan.com/tx/0x9d5b7ada1688dde902b6fb35e0bf73503f78f3f3543b56a264271a0206911568
2023-03-21 04:59:52,False,3.879e-05,1.164e-08,10124974.0,1.17918,0xac...9db0,https://bscscan.com/tx/0x7980f250c89c92de6821d2013cc1546b4d76c32ced2a09a5bc531a2849d985f4
2023-03-21 04:59:52,False,3.879e-05,1.164e-08,22541.7,0.0026,0xac...9db0,https://bscscan.com/tx/0x7980f250c89c92de6821d2013cc1546b4d76c32ced2a09a5bc531a2849d985f4
2023-03-21 04:59:13,True,3.918e-05,1.17e-08,4508660.0,0.5277,0xeb...1dc4,https://bscscan.com/tx/0x3041c0f9a9855f332e72d8044e4d8d936a6be1c481a5ea7ee456306ff6a3d369
2023-03-21 04:58:28,False,3.878e-05,1.164e-08,3828595.0,0.4459,0x62...2266,https://bscscan.com/tx/0xcb1011e05f61f1a00e03f98552382a2e3ee1a536f985ef2220711d5aba03e9cc
2023-03-21 04:58:28,False,3.879e-05,1.164e-08,63124.7,0.0073,0x62...2266,https://bscscan.com/tx/0xcb1011e05f61f1a00e03f98552382a2e3ee1a536f985ef2220711d5aba03e9cc
2023-03-21 04:58:10,False,3.88e-05,1.165e-08,23309367.0,2.71576,0x8e...a156,https://bscscan.com/tx/0xba26cbbf23701aef8e783b4e742ab797d4eb256b0aabaa29b8740e6e31748fda
2023-03-21 04:58:10,False,3.881e-05,1.165e-08,551975.0,0.0643,0x8e...a156,https://bscscan.com/tx/0xba26cbbf23701aef8e783b4e742ab797d4eb256b0aabaa29b8740e6e31748fda
2023-03-21 04:57:22,False,3.891e-05,1.168e-08,203821944.0,23.8156,0x42...0cdc,https://bscscan.com/tx/0xf90645f08056931452dfea111d5ca5e0ec5aaa89129f9df35f9df0285140c549
2023-03-21 04:57:22,False,3.901e-05,1.171e-08,20654.4,0.0024,0x42...0cdc,https://bscscan.com/tx/0xf90645f08056931452dfea111d5ca5e0ec5aaa89129f9df35f9df0285140c549
2023-03-21 04:56:52,True,3.94e-05,1.177e-08,432279.0,0.0508,0x56...659c,https://bscscan.com/tx/0x6279cabd037e78ca48a49769e6ea615eb1fb8528fc5edfbdaed0bc8597c52970
2023-03-21 04:51:28,True,3.919e-05,1.177e-08,2548238.0,0.3,0x56...13dd,https://bscscan.com/tx/0x13680ae7893ef3edc8028d0974014b65244861bf682392835685d9c1fc8a4f4e
2023-03-21 04:51:19,True,3.919e-05,1.177e-08,1199550.0,0.1412,0xdd...6c36,https://bscscan.com/tx/0xd428ee84e5aad3729404ad5f0e2184664c38bb539c3971be125f4f4f6721f8ba
2023-03-21 04:48:28,False,3.899e-05,1.171e-08,1896294.0,0.2221,0xa1...22fb,https://bscscan.com/tx/0xfe5eaf0c59133db9fb0420807e96ba2ca25cad4d89fa3072d1c4fd8ff904bb77
2023-03-21 04:48:28,False,3.899e-05,1.171e-08,43070.4,0.005,0xa1...22fb,https://bscscan.com/tx/0xfe5eaf0c59133db9fb0420807e96ba2ca25cad4d89fa3072d1c4fd8ff904bb77
2023-03-21 04:47:49,True,3.919e-05,1.177e-08,2070903.0,0.2437,0x2b...e470,https://bscscan.com/tx/0x5624987120c044bea97b0412d57cf1c2297674d793cdc9466df3aeea31a80d9d
2023-03-21 04:46:46,False,3.901e-05,1.171e-08,13839443.0,1.62134,0xb1...4bec,https://bscscan.com/tx/0xe6317188922ccbe00a00ecd6235b3d34b6c39ef71fdfaa564c9cc33e649baab0
2023-03-21 04:46:46,False,3.902e-05,1.171e-08,66449.0,0.0077,0xb1...4bec,https://bscscan.com/tx/0xe6317188922ccbe00a00ecd6235b3d34b6c39ef71fdfaa564c9cc33e649baab0
2023-03-21 04:41:11,True,3.941e-05,1.177e-08,6369294.0,0.75,0x72...f1ca,https://bscscan.com/tx/0xcbfd9a26031cee1c5273b41ab57f9766aace3788ae406e336ff9d7dce87a24dc
2023-03-21 04:38:53,True,3.941e-05,1.177e-08,254.792,3e-06,0xad...2ebf,https://bscscan.com/tx/0xe237fcef12e34569cbc34ada7ebc7796686a4b1ab0a61693f1025bf2bfaad2b8
2023-03-21 04:36:06,False,3.902e-05,1.171e-08,17094188.0,2.0031,0x19...a8b8,https://bscscan.com/tx/0x38f6c1b966425af8a17220f5f3818d8bdadb2dc1cdbc8e91f4ad637f6b58184a
2023-03-21 04:36:06,False,3.903e-05,1.172e-08,57051.3,0.0066,0x19...a8b8,https://bscscan.com/tx/0x38f6c1b966425af8a17220f5f3818d8bdadb2dc1cdbc8e91f4ad637f6b58184a
2023-03-21 04:34:48,True,3.941e-05,1.177e-08,1477076.0,0.1739,0x00...c546,https://bscscan.com/tx/0x706cdaa010ad33ed5849f913b886d3f7aa2fc8135c781ddfc75692f301810b1c
2023-03-21 04:33:57,False,3.901e-05,1.172e-08,1018810.0,0.1194,0xa8...81b9,https://bscscan.com/tx/0x0099150f7efef84aa3727b30a9e40980502b1fc4bb4f0d9028737bfc6b7c1860
2023-03-21 04:33:57,False,3.901e-05,1.172e-08,13219.4,0.0015,0xa8...81b9,https://bscscan.com/tx/0x0099150f7efef84aa3727b30a9e40980502b1fc4bb4f0d9028737bfc6b7c1860
2023-03-21 04:33:30,False,3.921e-05,1.172e-08,4881376.0,0.5721,0x28...d577,https://bscscan.com/tx/0x2a7bfd626a8c15ec4497a540e4ec303f7127d1e82377b0721dd0e72969d0a0f9
2023-03-21 04:33:30,False,3.921e-05,1.172e-08,2645.96,3.101e-05,0x28...d577,https://bscscan.com/tx/0x2a7bfd626a8c15ec4497a540e4ec303f7127d1e82377b0721dd0e72969d0a0f9
2023-03-21 04:32:51,True,3.941e-05,1.178e-08,54326.1,0.0064,0x5d...cf27,https://bscscan.com/tx/0xa389bb5385d88d750e946529bb229cc0fc3dc475f0556403925ab56d40888cb0
2023-03-21 04:31:30,False,3.909e-05,1.172e-08,922882.0,0.1081,0xc2...435b,https://bscscan.com/tx/0x2e146ab5906977dd3a4a07f0982a6fac83b1fc68f7f11b19047b3d1e5a77cba0
2023-03-21 04:31:30,False,3.91e-05,1.172e-08,41330.7,0.0048,0xc2...435b,https://bscscan.com/tx/0x2e146ab5906977dd3a4a07f0982a6fac83b1fc68f7f11b19047b3d1e5a77cba0
2023-03-21 04:31:18,True,3.93e-05,1.178e-08,500810.0,0.059,0xe3...d40c,https://bscscan.com/tx/0x5eef772169ee7f927ea1834d42413d7752be1bb6258de1601767b7f96504ea88
2023-03-21 04:30:15,True,3.929e-05,1.177e-08,12310044.0,1.45,0xfe...1aab,https://bscscan.com/tx/0xae57441500d140c512999ff7e3786922590101bb264c4ca8152d00f28c08c2e3
2023-03-21 04:28:03,True,3.928e-05,1.177e-08,89253.6,0.0105,0xfb...394b,https://bscscan.com/tx/0xc5e9ab4c5368d4c259ec78b88b8c98f3def302a7ddf93d92cc5fcac868e359ce
2023-03-21 04:26:30,True,3.928e-05,1.177e-08,81136.6,0.0095,0xfb...394b,https://bscscan.com/tx/0x254752ed20413250dcb4fb1a6ffdea6724a1336c4d36106f238cc6f7efc3d59d
2023-03-21 04:26:27,True,3.947e-05,1.177e-08,1241019.0,0.1461,0xc0...d9db,https://bscscan.com/tx/0x29b49f6d47a810eec4d6b9d05e6875ea2b7abc4b8a2b4be1261fc6853da783b9
2023-03-21 04:25:15,True,3.926e-05,1.177e-08,505190.0,0.0594,0x8e...f6b6,https://bscscan.com/tx/0xc7c387898fcac84e31f862333301589a60255edd6c5f478c4a35ecd243ca433e
2023-03-21 04:24:45,False,3.909e-05,1.171e-08,578473.0,0.0677,0x90...df0a,https://bscscan.com/tx/0xbe1605e08b4c6e0ba586fb66bc4d7f81613c6591b6a0c64f60911b68b633aef4
2023-03-21 04:24:45,False,3.909e-05,1.171e-08,1500.76,1.758e-05,0x90...df0a,https://bscscan.com/tx/0xbe1605e08b4c6e0ba586fb66bc4d7f81613c6591b6a0c64f60911b68b633aef4
2023-03-21 04:22:39,True,3.944e-05,1.177e-08,180000.0,0.0212,0x39...dc6f,https://bscscan.com/tx/0x9cf7b8e8228519575dd821fdf0659a73a8ac36fb3c94c0f56f036d90c708367e
2023-03-21 04:22:18,False,3.924e-05,1.171e-08,374709.0,0.0439,0x86...b041,https://bscscan.com/tx/0x319361b1f624b2860fa154f3f70d12c1251e1436324b0fd2d9a56779b82c420c
2023-03-21 04:22:18,False,3.924e-05,1.171e-08,3835.12,4.493e-05,0x86...b041,https://bscscan.com/tx/0x319361b1f624b2860fa154f3f70d12c1251e1436324b0fd2d9a56779b82c420c
2023-03-21 04:20:59,True,3.924e-05,1.177e-08,120214.0,0.0141,0xea...3b70,https://bscscan.com/tx/0xc752c766f9e6ee735a8969446f743da17be041e8ea752b1e74c53a01ce262e35
2023-03-21 04:17:26,False,3.925e-05,1.171e-08,1096899.0,0.1285,0xdd...6c36,https://bscscan.com/tx/0x62fdd02649f4347ee823f72ff2d2b8fdf182bf8497cc49521a015a75952031a9
2023-03-21 04:17:26,False,3.925e-05,1.171e-08,41612.0,0.0048,0xdd...6c36,https://bscscan.com/tx/0x62fdd02649f4347ee823f72ff2d2b8fdf182bf8497cc49521a015a75952031a9
2023-03-21 04:16:52,False,3.906e-05,1.172e-08,15365605.0,1.80094,0xc0...1f4f,https://bscscan.com/tx/0x3b5f9d3e9ef39489e4c943240e4ca443ca98386590c52bcfea992dbb11db86ee
2023-03-21 04:16:52,False,3.906e-05,1.172e-08,26144.9,0.003,0xc0...1f4f,https://bscscan.com/tx/0x3b5f9d3e9ef39489e4c943240e4ca443ca98386590c52bcfea992dbb11db86ee
2023-03-21 04:16:40,True,3.926e-05,1.178e-08,3458055.0,0.4074,0xbb...1a68,https://bscscan.com/tx/0xce7b1b33fce0f8de0443366755f6b3aecbde2051adda2f74e39177a0648b2b09
2023-03-21 04:12:17,True,3.951e-05,1.178e-08,25230.0,0.0029,0x13...5ed9,https://bscscan.com/tx/0x03af8ebe7582663f4f2a2e113d810f05edafc8410e311d24a6e92eb6dcbfc293
2023-03-21 04:11:19,True,3.951e-05,1.178e-08,1103510.0,0.13,0xdd...6c36,https://bscscan.com/tx/0x376a1098f53981166564ae1826c8508e7810db560e4ef3ac5c987342ccf94ee1
2023-03-21 04:07:52,True,3.934e-05,1.178e-08,237685.0,0.028,0x91...64ef,https://bscscan.com/tx/0x70686b8cd92b64bf43b8d64b1a0f535d6d42d2a2e1ce811acb6f611e96715e2b
2023-03-21 04:07:32,False,3.934e-05,1.172e-08,3269782.0,0.3832,0x02...fdf2,https://bscscan.com/tx/0x244b5f592a5b4a2496e546447b38c80833608c1ad1479bbf5e91eb9664dfe543
2023-03-21 04:07:32,False,3.934e-05,1.172e-08,15372.8,0.0018,0x02...fdf2,https://bscscan.com/tx/0x244b5f592a5b4a2496e546447b38c80833608c1ad1479bbf5e91eb9664dfe543
2023-03-21 04:05:57,True,3.954e-05,1.178e-08,1000000.0,0.1178,0xbe...57d0,https://bscscan.com/tx/0x6dc72659b77a9900ecaa8c626b4a6d2edc0cc2406af9768c4340b6bf6dd51f24
2023-03-21 04:05:48,True,3.934e-05,1.178e-08,4244369.0,0.5,0xc9...9504,https://bscscan.com/tx/0x1e5f1154d2b592fe8f7d1208b6236f25f51478cdd68a71c7e586badff2fb2e87
2023-03-21 04:05:16,True,3.953e-05,1.177e-08,349542.0,0.0411,0x67...9ad7,https://bscscan.com/tx/0xff79d48b6aa1784c6ecb8bd09e0f6e40c4bbe5dc7ba770169b01a450cd3fe0eb
2023-03-21 04:03:46,False,3.913e-05,1.172e-08,99401.2,0.0116,0x9f...659d,https://bscscan.com/tx/0xa7a8459a9bcff088a126a7f4559d337231773b740faf3000ae63f16a94688e58
2023-03-21 04:03:46,False,3.913e-05,1.172e-08,468.193,5.487e-06,0x9f...659d,https://bscscan.com/tx/0xa7a8459a9bcff088a126a7f4559d337231773b740faf3000ae63f16a94688e58
2023-03-21 04:03:10,False,3.913e-05,1.172e-08,172885.0,0.0202,0xa3...9bad,https://bscscan.com/tx/0x92d43e64cb0ec53a8cdb56eb15b7ff9cdbe51eed337b73ee171227258d309458
2023-03-21 04:03:10,False,3.913e-05,1.172e-08,180504.0,0.0211,0xa3...9bad,https://bscscan.com/tx/0x92d43e64cb0ec53a8cdb56eb15b7ff9cdbe51eed337b73ee171227258d309458
2023-03-21 04:03:07,True,3.952e-05,1.177e-08,253533.0,0.0298,0xbd...c3fb,https://bscscan.com/tx/0x0bdcac09c0ab5b348558f55f2d7c50c036133c2cc8a4cf546fc37fe4a0f5c105
2023-03-21 04:02:07,True,3.954e-05,1.178e-08,4962641.0,0.5848,0x43...03af,https://bscscan.com/tx/0x6257dc4fb37cddc4b1545e83751c91380dd1e04343226bb9d29d96d2f53da8b3
2023-03-21 04:01:31,False,3.934e-05,1.172e-08,61452089.0,7.20738,0x0f...9dbc,https://bscscan.com/tx/0x2eac7ca9a468ce1b4e24d167dfd3d67585ab4641fcaa597def4493933653eec7
2023-03-21 04:01:31,False,3.937e-05,1.173e-08,51480.2,0.006,0x0f...9dbc,https://bscscan.com/tx/0x2eac7ca9a468ce1b4e24d167dfd3d67585ab4641fcaa597def4493933653eec7
2023-03-21 03:57:55,True,3.936e-05,1.179e-08,6381371.0,0.7527,0x2b...9bce,https://bscscan.com/tx/0x7d35ced4c0a527c755d8ad78104f9cdd85709c51f219e583f5a8d73efdecd832
2023-03-21 03:56:13,True,3.935e-05,1.179e-08,3821662.0,0.4507,0xfc...e042,https://bscscan.com/tx/0xa947529fea16018e4a7abc4d5d029ed59bfd164ba51a8a418592c2709b541e98
2023-03-21 03:53:58,False,3.916e-05,1.173e-08,8752611.0,1.02719,0x4f...fe3e,https://bscscan.com/tx/0xd261e94419bea7ed956f5965c9148886b0d2a1a143777c8a82313b0abb0e6bf4
2023-03-21 03:53:58,False,3.916e-05,1.173e-08,14816.3,0.0017,0x4f...fe3e,https://bscscan.com/tx/0xd261e94419bea7ed956f5965c9148886b0d2a1a143777c8a82313b0abb0e6bf4
2023-03-21 03:50:07,False,3.916e-05,1.173e-08,5471038.0,0.6421,0xcf...0b3d,https://bscscan.com/tx/0x933d985571faacd58d9f317bd1137ef1ebb22a7b4cb387ce79ed173c7c0fb414
2023-03-21 03:50:07,False,3.916e-05,1.173e-08,39761.9,0.0046,0xcf...0b3d,https://bscscan.com/tx/0x933d985571faacd58d9f317bd1137ef1ebb22a7b4cb387ce79ed173c7c0fb414
2023-03-21 03:50:04,True,3.936e-05,1.179e-08,5922157.0,0.6986,0x54...2f83,https://bscscan.com/tx/0xf78425e99f9341b6e76730f5f19d8d167bbbb53500d9be30cc6adc730f9aa97a
2023-03-21 03:49:19,False,3.936e-05,1.173e-08,8778070.0,1.0304,0xa3...c78f,https://bscscan.com/tx/0xfe7c69dd741e24faf3450607a40ff7ca60a62307745cc7b96bf4ddb9397d9a83
2023-03-21 03:49:19,False,3.937e-05,1.173e-08,44383.6,0.0052,0xa3...c78f,https://bscscan.com/tx/0xfe7c69dd741e24faf3450607a40ff7ca60a62307745cc7b96bf4ddb9397d9a83
2023-03-21 03:48:19,True,3.937e-05,1.179e-08,2527275.0,0.2981,0xf5...c698,https://bscscan.com/tx/0xa1aabb3337b279e97e300f17989f12d1c0c07ec3a9954a152b20d1bdbc0cf62a
2023-03-21 03:47:58,True,3.937e-05,1.179e-08,283500.0,0.0334,0xfc...6703,https://bscscan.com/tx/0xc16b06025ed9ada53bac3cff48623de6e37adbb46fe0235a888ca99818b12b84
2023-03-21 03:46:58,False,3.917e-05,1.174e-08,13586717.0,1.59519,0xc7...1eb9,https://bscscan.com/tx/0x07dd29bef8709cb142c70524829684128d28533ebf94591409638e5a6b8067a1
2023-03-21 03:46:58,False,3.918e-05,1.174e-08,543.097,6.377e-06,0xc7...1eb9,https://bscscan.com/tx/0x07dd29bef8709cb142c70524829684128d28533ebf94591409638e5a6b8067a1
2023-03-21 03:46:49,False,3.937e-05,1.174e-08,200544.0,0.0235,0xe1...f50a,https://bscscan.com/tx/0x284d9f94d4603fc5e776d06a4b4a2deab54a9be9538fe60421c3c0fb27bd7ab8
2023-03-21 03:46:49,False,3.937e-05,1.174e-08,619.287,7.272e-06,0xe1...f50a,https://bscscan.com/tx/0x284d9f94d4603fc5e776d06a4b4a2deab54a9be9538fe60421c3c0fb27bd7ab8
2023-03-21 03:45:43,False,3.937e-05,1.174e-08,228677.0,0.0268,0x0b...3f2d,https://bscscan.com/tx/0xe6fc41c572f17517e1d6d532b763563aa888ca4647445f34409edda7da0e6dbb
2023-03-21 03:45:43,False,3.937e-05,1.174e-08,171958.0,0.0201,0x0b...3f2d,https://bscscan.com/tx/0xe6fc41c572f17517e1d6d532b763563aa888ca4647445f34409edda7da0e6dbb
2023-03-21 03:45:04,True,3.956e-05,1.179e-08,23449855.0,2.76671,0x8e...a156,https://bscscan.com/tx/0xddcfb8876b09e2a07a89809c4061712788b18b4621223c4c3be64b9a9fae7883
2023-03-21 03:45:01,True,3.954e-05,1.179e-08,400000.0,0.0471,0x65...ec88,https://bscscan.com/tx/0x9bdd3404f9745c178bd1fad4e3aeac34009978478fa55d1ca1208cf37049555a
2023-03-21 03:44:25,True,3.934e-05,1.179e-08,24849110.0,2.93145,0x44...087d,https://bscscan.com/tx/0x203e098b488ad795dc7057fdb2978c910bdc52500b81a641505f5c051f29994f
2023-03-21 03:43:25,True,3.951e-05,1.178e-08,42206.4,0.0049,0xd0...dbc9,https://bscscan.com/tx/0xacf6acbc4d7d9f2d7d2b9c2d1f1e17c691158d61b469f1b5395d755d44c95796
2023-03-21 03:43:01,False,3.912e-05,1.173e-08,14902278.0,1.74814,0x89...e211,https://bscscan.com/tx/0x96c04c7adf71ee1dd155b8290676e2e6576c88210179e32ab8ea8aad1273ecf0
2023-03-21 03:43:01,False,3.913e-05,1.173e-08,1043123.0,0.1223,0x89...e211,https://bscscan.com/tx/0x96c04c7adf71ee1dd155b8290676e2e6576c88210179e32ab8ea8aad1273ecf0
2023-03-21 03:40:31,True,3.93e-05,1.179e-08,318402.0,0.0375,0x68...d4c8,https://bscscan.com/tx/0x75f78c47d4768cff410bb522a2ca738aecea7caa0f98384afaec7d57b9677a99
2023-03-21 03:40:07,True,3.95e-05,1.179e-08,424018.0,0.05,0xac...75b0,https://bscscan.com/tx/0x638ec90802cd1df41b8c5d7c763933da7f98181602cc14168a4e4e591ae7c665
2023-03-21 03:40:07,True,3.948e-05,1.178e-08,30084651.0,3.5462,0x20...946b,https://bscscan.com/tx/0x285bf476c224ac00a122f242643c14e7040d1b5de6d6290fead8f10bef6766fd
2023-03-21 03:39:46,True,3.927e-05,1.178e-08,848696.0,0.1,0xa8...8a78,https://bscscan.com/tx/0x1c5a531741e5d7cb9e983c6e77074d4dbca82514aa240595c6274bab6f952955
2023-03-21 03:39:16,True,3.945e-05,1.177e-08,24537124.0,2.89023,0xca...d7ca,https://bscscan.com/tx/0x57ca2a136789a2a15c6ee2153bd0b6bb2b25e36499377ed3a55639cd03a98b01
2023-03-21 03:38:37,True,3.923e-05,1.177e-08,10328388.0,1.21604,0x0b...921f,https://bscscan.com/tx/0xecc257f14dc7af9bca9bb34026321df5a4592d0bc5b1f09c37ab587fe0d25281
2023-03-21 03:38:34,True,3.917e-05,1.175e-08,116448301.0,13.6884,0x31...e9f2,https://bscscan.com/tx/0xe861a86606e8f36c19d85056a2d8313fe28b08b3aa4325c2e58c05b1070b79bf
2023-03-21 03:38:31,True,3.909e-05,1.173e-08,30085242.0,3.52996,0x20...946b,https://bscscan.com/tx/0x29f69740aa6d0493de764d59bc86807e3f5b384dc37106c78b545caddccb28eb
2023-03-21 03:38:28,True,3.908e-05,1.172e-08,127891.0,0.015,0x41...cf59,https://bscscan.com/tx/0x5e7b0720db7095dbbf676a8c00b3adb956afe248a482d36851142f0b1507d490
2023-03-21 03:38:10,True,3.905e-05,1.172e-08,45095556.0,5.28611,0xfe...5ad3,https://bscscan.com/tx/0xa2dd86a800081cf210d665ad21106c9981d0c86a4fb5f39e921c23b285b64669
2023-03-21 03:38:07,True,3.902e-05,1.171e-08,16546850.0,1.93812,0x52...86b0,https://bscscan.com/tx/0x3a4d6cbd0f9f1b241a8254eaad86073b185ebd55379e399b2e688b3cefb391e9
2023-03-21 03:37:40,True,3.9e-05,1.17e-08,20425737.0,2.39133,0x0c...cee3,https://bscscan.com/tx/0xddad76d98f25c5ec988b3d89f232166238741eb8b7b3849a3348689039a821f0
2023-03-21 03:37:37,True,3.897e-05,1.169e-08,30085364.0,3.51998,0x20...946b,https://bscscan.com/tx/0x8e28725cebdca8ba065769d565dc6382f923b0321de1541ab255a8433525509b
2023-03-21 03:37:07,True,3.894e-05,1.169e-08,19980275.0,2.33621,0xf4...f6e4,https://bscscan.com/tx/0xa0abc2e2dd6db0891e480b7e7f70384838b9ea3e7244c2e4d8f5a9421bdd362f
2023-03-21 03:36:13,False,3.892e-05,1.163e-08,2257293.0,0.2625,0x9a...d7a5,https://bscscan.com/tx/0x66c5feb4edabde732878e8f4d3143ebaafe88a76095f142dec3ac5fdd6989fa3
2023-03-21 03:36:13,False,3.893e-05,1.163e-08,134824.0,0.0156,0x9a...d7a5,https://bscscan.com/tx/0x66c5feb4edabde732878e8f4d3143ebaafe88a76095f142dec3ac5fdd6989fa3
2023-03-21 03:33:28,False,3.877e-05,1.163e-08,49785159.0,5.79463,0xc7...1eb9,https://bscscan.com/tx/0x8d4a2551d474d9e882bc63b79f586e3aeed859f4272d462c687dc6ead6510e8b
2023-03-21 03:33:28,False,3.879e-05,1.164e-08,2119793.0,0.2468,0xc7...1eb9,https://bscscan.com/tx/0x8d4a2551d474d9e882bc63b79f586e3aeed859f4272d462c687dc6ead6510e8b
2023-03-21 03:33:16,True,3.897e-05,1.17e-08,29905044.0,3.49926,0x20...946b,https://bscscan.com/tx/0x24bb0a02b729625a6a7d94ffe421a0a6f97d8c4ef071d73c098f837476cdaff0
2023-03-21 03:33:13,True,3.89e-05,1.168e-08,99980000.0,11.6797,0xbd...9333,https://bscscan.com/tx/0x43c66b4081bbba6cc7a023eb5ae5a4b1aa32841a4561fc29af28f9925d7d8e0e
2023-03-21 03:32:55,True,3.904e-05,1.166e-08,16570475.0,1.93294,0x52...86b0,https://bscscan.com/tx/0xfc35ce30c6fadde764364fa270bb0c8a52bfc3d5c41e6287cb10e4d2c30edfc9
2023-03-21 03:32:31,True,3.884e-05,1.165e-08,18947501.0,2.20923,0x28...ac20,https://bscscan.com/tx/0xda489148d6ca99698d4124ea728ee393ec561d989c4ad8703dd1c343d72c429f
2023-03-21 03:32:31,True,3.883e-05,1.165e-08,12810922.0,1.49312,0x17...4266,https://bscscan.com/tx/0xe5591bc61eb23171cc82a2ee5dad257ef3b45ce5e7e8e8b107535851f8e33ce2
2023-03-21 03:32:31,True,3.881e-05,1.164e-08,25635054.0,2.98634,0x84...40b6,https://bscscan.com/tx/0x3a7faefa3a3f573a3415d37839ba06acd7ba4499df2f865c2abcedde531a7b62
2023-03-21 03:32:28,True,3.878e-05,1.164e-08,25652663.0,2.98646,0x17...4266,https://bscscan.com/tx/0xd61ee80f11191eee6be5cbf3f498775b0deaa40158a50769aad354ddea50c9ec
2023-03-21 03:32:25,True,3.876e-05,1.163e-08,25674426.0,2.98706,0xaf...9dcd,https://bscscan.com/tx/0xd509e48dd782ba2dd71746e4d0abc6648dc2b7fe89be1758a02cd93404ac270b
2023-03-21 03:32:22,True,3.874e-05,1.162e-08,12841422.0,1.4933,0x17...4266,https://bscscan.com/tx/0xfc72c18a8653431bcecd2e82f0ec4ead345fa955dd91de13d9020a3ec744ffb6
2023-03-21 03:32:01,True,3.889e-05,1.161e-08,55117267.0,6.40398,0x19...6dd1,https://bscscan.com/tx/0x005c0d652c0615f5aca0bc0d9bd1fee707beba311d953bb24fa272aeedf10a35
2023-03-21 03:31:46,True,3.886e-05,1.16e-08,18012466.0,2.09092,0x0c...cee3,https://bscscan.com/tx/0x9e65a41ef3e67ed2e3afe18b6da196e266863a931f3beade877ede26a51dfa46
2023-03-21 03:31:46,True,3.882e-05,1.159e-08,45197574.0,5.24244,0xfe...5ad3,https://bscscan.com/tx/0xed84d01415b8779ea2966e006b760aca65b6616807d87d7269e54637a94d6ce2
2023-03-21 03:31:40,True,3.879e-05,1.158e-08,30065970.0,3.48404,0x20...946b,https://bscscan.com/tx/0xdc76eb46aaaf8b4a7d62a5d03d9864d1bb3dacdec66376a5ec614b408c770169
2023-03-21 03:31:40,True,3.876e-05,1.157e-08,25822690.0,2.99023,0xc1...f4fe,https://bscscan.com/tx/0x74879d41e58c48935886fd001cbf62d07013e1087f4b50bc05f410a3ad6aeace
2023-03-21 03:30:55,True,3.848e-05,1.157e-08,16752133.0,1.93884,0x52...86b0,https://bscscan.com/tx/0x250aacc32f26631ca7ed3d20851473dae80b984eea86ab4a7f817f4513f36431
2023-03-21 03:30:37,True,3.868e-05,1.157e-08,2010000.0,0.2325,0x6c...df39,https://bscscan.com/tx/0x01bf71aa5aeb65d7aad6ea4a1f0acf3751bf504524ef276885173b31d70b3192
2023-03-21 03:30:07,True,3.854e-05,1.157e-08,542556.0,0.0627,0xb4...34cb,https://bscscan.com/tx/0xa9d67adeb1fe53237b951517b38715c8d3e03b58b3a28af90a4cbaf9717063c5
2023-03-21 03:29:58,True,3.875e-05,1.156e-08,30037435.0,3.47418,0x20...946b,https://bscscan.com/tx/0xc131fac7a185889e688f92e35213fcd22961fa96c42e67bf722909d0f6afe75b
2023-03-21 03:29:55,True,3.873e-05,1.155e-08,25886810.0,2.99201,0xaf...9dcd,https://bscscan.com/tx/0x38fd4a3ae3a214aac8b5a7319b38396f5f6dea60d4f2a5171f287cc587800802
2023-03-21 03:29:25,True,3.871e-05,1.155e-08,25911435.0,2.99291,0xaf...9dcd,https://bscscan.com/tx/0xe2011d28de183a5ff9090010f30fce0f314a08be45b977de1d7bcb3c60b3885c
2023-03-21 03:29:04,True,3.849e-05,1.154e-08,11979407.0,1.38303,0xaf...9dcd,https://bscscan.com/tx/0x5161423b9328f491eb87fab32b39793309d5fda6d528436a0a5d1f7b3127db5e
2023-03-21 03:28:55,True,3.848e-05,1.154e-08,12926948.0,1.49196,0x17...4266,https://bscscan.com/tx/0x979e65f7365f9b6f39a89f2e8b8302b5dc0da0c7d5837b3762f9d1291715cff6
2023-03-21 03:28:55,True,3.845e-05,1.153e-08,35468583.0,4.09111,0x53...a498,https://bscscan.com/tx/0x2129a68d72b570ff21deb7c1b5a341d04ede339061088425f490ad7adf971723
2023-03-21 03:28:55,True,3.843e-05,1.152e-08,16690020.0,1.92385,0x52...86b0,https://bscscan.com/tx/0xf7e45bca2ce2b85efb357947c1f84e8b348908e8e46e7f1deffc61637a421a83
2023-03-21 03:28:52,True,3.841e-05,1.152e-08,25963596.0,2.99121,0xaf...9dcd,https://bscscan.com/tx/0xb83b3a2eafeb338f1ece090b09d030a81d8010b79467ce9f191e92ae002390c5
2023-03-21 03:28:52,True,3.839e-05,1.151e-08,5182443.0,0.5968,0x09...712a,https://bscscan.com/tx/0xe3681b1f6d79e8578b9288f41c4c9a092eb8d64077fb1e1456cc0625aa910895
2023-03-21 03:28:52,True,3.838e-05,1.151e-08,25922962.0,2.9842,0x84...40b6,https://bscscan.com/tx/0x17bdb3bcab36e3486be64a1470756ba9acb799c65d9ec975f55209074df92b41
2023-03-21 03:28:37,True,3.856e-05,1.15e-08,26016909.0,2.99307,0xaf...9dcd,https://bscscan.com/tx/0x3a850642c43bd17d1cb6a904c083cfacde29255d5feec841bc7dd09927074caf
2023-03-21 03:28:19,True,3.835e-05,1.149e-08,15647238.0,1.79917,0x20...946b,https://bscscan.com/tx/0x97f4904242d6990965abbda815edc428623733de711c1796685ba4cba429df8e
2023-03-21 03:27:46,False,3.813e-05,1.143e-08,323653.0,0.037,0x0e...9888,https://bscscan.com/tx/0x3aeb9b7afab9e8fdf802d0f36ff079e0aa066d1d1e1c69055f638b096934e77b
2023-03-21 03:27:46,False,3.813e-05,1.143e-08,14790.0,0.0016,0x0e...9888,https://bscscan.com/tx/0x3aeb9b7afab9e8fdf802d0f36ff079e0aa066d1d1e1c69055f638b096934e77b
2023-03-21 03:27:34,True,3.832e-05,1.149e-08,4044280.0,0.4649,0x84...3e1a,https://bscscan.com/tx/0x55dcf1b44fe9e8c8050a8bf5e4224d0e2e505e8354020873c1bee8c0a085a1c4
2023-03-21 03:27:28,True,3.832e-05,1.149e-08,1000000.0,0.1149,0xad...e882,https://bscscan.com/tx/0x6161195619ec244bf4c123b7398166e6a44f7ab36ba970ce2d1d09cbef171166
2023-03-21 03:27:10,False,3.813e-05,1.143e-08,432204.0,0.0494,0x24...f6f7,https://bscscan.com/tx/0x6da9112c2b6513988d5056ad9d0572e46b54adaa532de0f6e8f256678473a983
2023-03-21 03:27:10,False,3.813e-05,1.143e-08,316591.0,0.0362,0x24...f6f7,https://bscscan.com/tx/0x6da9112c2b6513988d5056ad9d0572e46b54adaa532de0f6e8f256678473a983
2023-03-21 03:27:01,True,3.827e-05,1.148e-08,100300903.0,11.5151,0x9b...2220,https://bscscan.com/tx/0xd8c8c21003964c310efe1e6385f51e7eaf84c20682006203bae4990d64d86318
2023-03-21 03:26:55,True,3.822e-05,1.146e-08,16927098.0,1.94048,0x52...86b0,https://bscscan.com/tx/0x51ca7cb961abab785100ed4af37b781d4d032b44f143976fc35d8b5320b3d393
2023-03-21 03:26:25,False,3.821e-05,1.14e-08,27916.0,0.0031,0xc2...8705,https://bscscan.com/tx/0xdb731c96c80eb15c8af604479e6625e692e00b60c5204249c389157d5e763607
2023-03-21 03:26:25,False,3.821e-05,1.14e-08,75.6,8.621e-07,0xc2...8705,https://bscscan.com/tx/0xdb731c96c80eb15c8af604479e6625e692e00b60c5204249c389157d5e763607
2023-03-21 03:26:07,False,3.802e-05,1.14e-08,27916.0,0.0031,0xc2...8705,https://bscscan.com/tx/0x769903a8349d9c7576993806f48deda1deb13a294129f7694747e28a84974f10
2023-03-21 03:26:07,False,3.802e-05,1.14e-08,317558.0,0.0362,0xc2...8705,https://bscscan.com/tx/0x769903a8349d9c7576993806f48deda1deb13a294129f7694747e28a84974f10
2023-03-21 03:25:34,True,3.816e-05,1.144e-08,100300903.0,11.4815,0x9b...2220,https://bscscan.com/tx/0x870daf36dfa0cc968e094ecbd9d38d99b5650ada38d74aa8b9372e3dea22c498
2023-03-21 03:25:01,True,3.83e-05,1.143e-08,16991484.0,1.94219,0x52...86b0,https://bscscan.com/tx/0x0ef5bc54a35a357a81c81724da36b840a0e5268241d7f1423a218e7b815c389b
2023-03-21 03:23:55,False,3.809e-05,1.137e-08,320767.0,0.0364,0xaa...7b2c,https://bscscan.com/tx/0x3dab9379337b018f23d31e567dbda3c6226f6847785b4f1676d775bdb975b5e9
2023-03-21 03:23:55,False,3.809e-05,1.137e-08,80794.8,0.0091,0xaa...7b2c,https://bscscan.com/tx/0x3dab9379337b018f23d31e567dbda3c6226f6847785b4f1676d775bdb975b5e9
2023-03-21 03:22:16,True,3.808e-05,1.142e-08,3917677.0,0.4476,0x54...2f83,https://bscscan.com/tx/0x4795738fa8948d165afdf9e27c97859e0363adda8b0bb93c30525a4cb7b7feaf
2023-03-21 03:20:10,True,3.81e-05,1.142e-08,16994983.0,1.9416,0x52...86b0,https://bscscan.com/tx/0x373faff49d796d4d5fbedc2f0697ffb47f6d97519ba2511f3528784693a0017c
2023-03-21 03:18:10,True,3.828e-05,1.142e-08,7381834.0,0.843,0xd4...cc47,https://bscscan.com/tx/0x58631179693fa17634be5f7c811b3518263293a79bb827f642c36c76a9d43325
2023-03-21 03:13:43,False,3.814e-05,1.136e-08,329010.0,0.0373,0xfb...78bf,https://bscscan.com/tx/0xe83adbc791a94c30bdf77e5f4c2164e1ba4b9d957d99642bb53c7df1e63f0ae3
2023-03-21 03:13:43,False,3.814e-05,1.136e-08,497416.0,0.0565,0xfb...78bf,https://bscscan.com/tx/0xe83adbc791a94c30bdf77e5f4c2164e1ba4b9d957d99642bb53c7df1e63f0ae3
2023-03-21 03:13:36,True,3.834e-05,1.141e-08,1825916.0,0.2085,0x37...5467,https://bscscan.com/tx/0xc0966406c6f61de384b3848d869bfb841f4b3d18e844197f0c76348cf00a85c2
2023-03-21 03:12:20,True,3.834e-05,1.141e-08,16961512.0,1.93655,0x52...86b0,https://bscscan.com/tx/0x2c733daca885c5c9917829f7e9180eb19765a4e2995b997a84df652f85cf6f6e
2023-03-21 03:12:17,False,3.822e-05,1.138e-08,164944371.0,18.7728,0xf5...8cea,https://bscscan.com/tx/0xc6c3dea5da2dd32b0bab1e06b90fa928dc41fd31383c57fcffd9b734b50d31a5
2023-03-21 03:12:17,False,3.83e-05,1.14e-08,7391.53,8.429e-05,0xf5...8cea,https://bscscan.com/tx/0xc6c3dea5da2dd32b0bab1e06b90fa928dc41fd31383c57fcffd9b734b50d31a5
2023-03-21 03:11:42,True,3.85e-05,1.146e-08,50584.0,0.0058,0x5c...bec4,https://bscscan.com/tx/0xc53163e23caa0ee58dd4cfc8d1c379a19fa848ac330bbb1f98bf080a41b4880c
2023-03-21 03:10:49,False,3.812e-05,1.14e-08,2678959.0,0.3055,0x1c...b10a,https://bscscan.com/tx/0x79f7755dbfdc501cbf7d44f72a34c9f711cfa9bcfa3e441807be77d746c96602
2023-03-21 03:10:49,False,3.812e-05,1.14e-08,12998.9,0.0014,0x1c...b10a,https://bscscan.com/tx/0x79f7755dbfdc501cbf7d44f72a34c9f711cfa9bcfa3e441807be77d746c96602
2023-03-21 03:10:28,True,3.851e-05,1.146e-08,379572.0,0.0435,0xe8...eddf,https://bscscan.com/tx/0x2d5bb2093dc6730de19cd34abb79a584206301ff020c79483143032708f3315f
2023-03-21 03:09:39,True,3.83e-05,1.146e-08,2514927.0,0.2882,0x46...001b,https://bscscan.com/tx/0x97236aeb5acade1d258c622426de0de834bebddf91de76f9f94e67f5a74d1539
2023-03-21 03:08:40,False,3.829e-05,1.14e-08,1914158.0,0.2183,0x13...9d97,https://bscscan.com/tx/0x1913e1f4fc01d182a9c7bf96169f639d772c5162738e97f1272b45eae3a2c336
2023-03-21 03:08:40,False,3.829e-05,1.14e-08,167123.0,0.019,0x13...9d97,https://bscscan.com/tx/0x1913e1f4fc01d182a9c7bf96169f639d772c5162738e97f1272b45eae3a2c336
2023-03-21 03:07:01,True,3.845e-05,1.146e-08,129773.0,0.0148,0xe8...eddf,https://bscscan.com/tx/0x6192d64d00a952c788c49ca1b4d0c9f2d5e8964c3e4f6b0c2a93a7969a1771cd
2023-03-21 03:06:32,True,3.843e-05,1.146e-08,518805.0,0.0594,0xf0...c107,https://bscscan.com/tx/0xa06ddbc5fdc2b3cb7a871dd4ee7bc63ab2149ed15381a192fc4f1bf19f083234
2023-03-21 03:03:52,True,3.843e-05,1.146e-08,236435.0,0.0271,0xbb...0eb0,https://bscscan.com/tx/0x6546b4f8d8269259e7bc6a6bdfcdf095a2c899865dd1336e365f11a8eea10e1d
2023-03-21 03:02:07,True,3.826e-05,1.146e-08,10034311.0,1.15,0x78...39b8,https://bscscan.com/tx/0xdca3f70142a6f3b2bfea041c4708bedeb12b319a34ddb6c96868620b0547ffa8
2023-03-21 02:59:10,True,3.847e-05,1.145e-08,180000.0,0.0206,0xf8...00b6,https://bscscan.com/tx/0xf155a6c42c4912da4202ca074ed9e860e3c561ddd0e1c633694ef838af071d50
2023-03-21 02:58:19,True,3.828e-05,1.145e-08,3207308.0,0.3675,0x41...2229,https://bscscan.com/tx/0x6adee962e5ca8ec205b47bd20aa37e6a12de43e4688bfbaf4d40bf58419d2cbb
2023-03-21 02:57:55,True,3.848e-05,1.145e-08,25982.2,0.0029,0x2e...fb95,https://bscscan.com/tx/0x86f186aa636ea4c1c5ece11a8aa3e3d2815bff8ef3af0d14814c1dc746a32fb5
2023-03-21 02:57:16,True,3.848e-05,1.145e-08,12969900.0,1.48589,0xcc...16c9,https://bscscan.com/tx/0xee9889b24462331fbae7b9f35df22822c4e084554fda42c0beeb191038735c32
2023-03-21 02:55:10,False,3.81e-05,1.14e-08,34491092.0,3.93276,0x84...464e,https://bscscan.com/tx/0x253e06d7a31bd0688409dfddaca39809a7dee5c69b9c968b1007e92e7eba3908
2023-03-21 02:55:10,False,3.812e-05,1.14e-08,157889.0,0.018,0x84...464e,https://bscscan.com/tx/0x253e06d7a31bd0688409dfddaca39809a7dee5c69b9c968b1007e92e7eba3908
2023-03-21 02:54:19,True,3.831e-05,1.146e-08,953141.0,0.1092,0x8f...437b,https://bscscan.com/tx/0xe0b1af6804044950fb9471d2f9559d7df0197583c6065e4f737535ed3d09f7a6
2023-03-21 02:52:16,True,3.831e-05,1.146e-08,5179976.0,0.5938,0x6b...9f5d,https://bscscan.com/tx/0x71d145ebef1ee829b10df3f91876102b2935ae3881d3374f17022485f46ec066
2023-03-21 02:52:16,True,3.83e-05,1.146e-08,5029386.0,0.5764,0x6b...9f5d,https://bscscan.com/tx/0x30d83d03aa92ad4b3163ac4c1f16fb9ab1837377d03050939f8b6ade8a6b9b92
2023-03-21 02:52:16,True,3.83e-05,1.146e-08,5018121.0,0.5751,0x6b...9f5d,https://bscscan.com/tx/0x426685a0ed07ef239506e9b17c1f70f9ddb6ab3890b904727d8e0f77edd2cac5
2023-03-21 02:52:13,True,3.83e-05,1.145e-08,5120794.0,0.5868,0x6b...9f5d,https://bscscan.com/tx/0x97db848320c81d18c0228ada1cf2f33ae05063732afba600e17a8ae582287c55
2023-03-21 02:52:13,True,3.829e-05,1.145e-08,5057942.0,0.5795,0x6b...9f5d,https://bscscan.com/tx/0x195139e4c9c645b10bce265ddc936b89b20143b441c8bd3e9233f956b587de04
2023-03-21 02:52:10,True,3.829e-05,1.145e-08,5188877.0,0.5944,0x6b...9f5d,https://bscscan.com/tx/0x0b86f4987f6e568d4cb24a7e85633862d009152782e48b01cf63ec7645d77857
2023-03-21 02:52:04,True,3.848e-05,1.145e-08,5128882.0,0.5875,0x6b...9f5d,https://bscscan.com/tx/0x6b2545327e0b47953b3f4e2829a5217f1f37d0ee0bbb8fb39a67423787ec4c8b
2023-03-21 02:51:52,True,3.829e-05,1.145e-08,56000.0,0.0064,0x36...fe6b,https://bscscan.com/tx/0xdf920b7634fcbf8f7e38a7699dda0ac00d77ca2dd0f5e1c5bab779f08815198a
2023-03-21 02:51:10,True,3.848e-05,1.145e-08,5096428.0,0.5837,0x6b...9f5d,https://bscscan.com/tx/0xb03f0a1cab024dc2ba6cde9a43d6830158419338979b2db7d7da377346970bc0
2023-03-21 02:51:07,True,3.847e-05,1.145e-08,5116328.0,0.5859,0x6b...9f5d,https://bscscan.com/tx/0xc91de01dd118f07f7479be1af9b6cb259d2c8c65268f8b35c4a56567203cbc29
2023-03-21 02:50:31,False,3.83e-05,1.139e-08,11497031.0,1.31014,0x84...464e,https://bscscan.com/tx/0x0e91c6dad126abf4bfbb8bb1048d2a84da67ed8647311b775b18666f308f6bbe
2023-03-21 02:50:31,False,3.83e-05,1.139e-08,12835.7,0.0014,0x84...464e,https://bscscan.com/tx/0x0e91c6dad126abf4bfbb8bb1048d2a84da67ed8647311b775b18666f308f6bbe
2023-03-21 02:50:25,True,3.849e-05,1.145e-08,1100000.0,0.126,0x9d...08c3,https://bscscan.com/tx/0x9cbce2d9f855ff1b1c69b09bf7b9e70821fbc92e988257af3b614a19f1f0b4d7
2023-03-21 02:49:16,True,3.849e-05,1.145e-08,480185.0,0.055,0xef...b257,https://bscscan.com/tx/0x5a23119479f196cfeb7aea5533f2ecad2585d034b646c0dbcf64b8a03b1f5063
2023-03-21 02:46:07,True,3.847e-05,1.145e-08,335250.0,0.0384,0x36...fe6b,https://bscscan.com/tx/0x895aba3cbc3ea808fae9a49fe95d61c7285bdf582182f76f8ba4e99ff6201a20
2023-03-21 02:45:01,False,3.808e-05,1.139e-08,2571139.0,0.293,0x0c...13ab,https://bscscan.com/tx/0x54c2d8c9be8f02302e68acb7ed146ce8d2ecb09f9b17551152f8f6aa27dcabff
2023-03-21 02:45:01,False,3.809e-05,1.139e-08,184572.0,0.021,0x0c...13ab,https://bscscan.com/tx/0x54c2d8c9be8f02302e68acb7ed146ce8d2ecb09f9b17551152f8f6aa27dcabff
2023-03-21 02:40:55,True,3.82e-05,1.145e-08,392859.0,0.045,0x88...e1d8,https://bscscan.com/tx/0x25c3848bb6147882d4d4059a573be24509c9005c610bdd6b942f32b395928d6b
2023-03-21 02:39:52,True,3.837e-05,1.145e-08,611121.0,0.07,0x9b...d3d0,https://bscscan.com/tx/0xc3b55ac7e3ad2f4a54228d1ff0ed45804ae3a3fa6e411305fc78ed7f6fdb46ec
2023-03-21 02:38:52,True,3.815e-05,1.145e-08,3200000.0,0.3665,0x4e...abb7,https://bscscan.com/tx/0x1beb815403d2b3c584d75d1ee618dabcac629ca170754dd8b2eb39cea223630f
2023-03-21 02:38:31,True,3.815e-05,1.145e-08,261933.0,0.03,0xbc...0072,https://bscscan.com/tx/0x8b7a905a7939f3165bbe3a7a184d73f8f0cc01efd506808a94141695a57ebc14
2023-03-21 02:37:01,True,3.831e-05,1.145e-08,13025647.0,1.49162,0x1d...c2ea,https://bscscan.com/tx/0x6cde5103bf367424a077a5f8bea2fc240d795fb290bd4c9ccfd38a0d2f52b5c7
2023-03-21 02:36:46,True,3.827e-05,1.144e-08,31805559.0,3.64014,0xbc...0072,https://bscscan.com/tx/0xd4e3b525aafdc45ae022f71089faa223f9e6f84fe9b0ca94a522d7c8350239c7
2023-03-21 02:36:01,True,3.806e-05,1.143e-08,9369368.0,1.07177,0x73...7014,https://bscscan.com/tx/0x3417252bc7239a65694e466f1d100aa4ffd902b7d3715a929f62afa543af32a8
2023-03-21 02:36:01,True,3.806e-05,1.143e-08,295794.0,0.0338,0x86...9e46,https://bscscan.com/tx/0xf43f7f5e15658bdde4383c144e3c9537f7e432de41086d3d968eb824e67ac32d
2023-03-21 02:35:40,True,3.824e-05,1.143e-08,3099816.0,0.3545,0x18...3506,https://bscscan.com/tx/0x9f32728a118d286688e16d5a40dd850ef58cf6dff470615acdb83699d7dda8b8
2023-03-21 02:35:20,False,3.804e-05,1.138e-08,5982000.0,0.6807,0x78...39b8,https://bscscan.com/tx/0x922a5113ef9d3ac50c7e7dfae738faffacf00a019c7b35181663d1ad51646011
2023-03-21 02:35:20,False,3.804e-05,1.138e-08,270.0,3.072e-06,0x78...39b8,https://bscscan.com/tx/0x922a5113ef9d3ac50c7e7dfae738faffacf00a019c7b35181663d1ad51646011
2023-03-21 02:33:11,False,3.784e-05,1.138e-08,99700.0,0.0113,0xfe...8f33,https://bscscan.com/tx/0x10c17b2e03c6c4e9db44a2cc81ab49a905ed030b34206ba0fbae197336c79d34
2023-03-21 02:33:11,False,3.784e-05,1.138e-08,99489.9,0.0113,0xfe...8f33,https://bscscan.com/tx/0x10c17b2e03c6c4e9db44a2cc81ab49a905ed030b34206ba0fbae197336c79d34
2023-03-21 02:33:05,True,3.821e-05,1.143e-08,20934023.0,2.39393,0xa0...b0df,https://bscscan.com/tx/0x4aadf1756dc889d43af0e824a58725af3bb92007043df021c80a07b8720aa14f
2023-03-21 02:32:32,False,3.802e-05,1.137e-08,15866332.0,1.80523,0xc0...1f4f,https://bscscan.com/tx/0x6dd2f7924e1a98194fba7703d78f1bf1aa5e41584279a220dea5ea04fce5878c
2023-03-21 02:32:32,False,3.802e-05,1.138e-08,77371.6,0.0088,0xc0...1f4f,https://bscscan.com/tx/0x6dd2f7924e1a98194fba7703d78f1bf1aa5e41584279a220dea5ea04fce5878c
2023-03-21 02:32:20,True,3.802e-05,1.143e-08,112355.0,0.0128,0x0d...b93f,https://bscscan.com/tx/0xbf440211e283fdc4de17eebb01ad9beb3f37ee9176171545bc5839b20c2bf50e
2023-03-21 02:32:20,False,3.784e-05,1.138e-08,28458176.0,3.23969,0x05...7066,https://bscscan.com/tx/0x909e8b8146d3d4b34ba060aad8625ab5f0748c2b44e2b471051bc61503d33620
2023-03-21 02:32:20,False,3.785e-05,1.138e-08,1283.56,1.461e-05,0x05...7066,https://bscscan.com/tx/0x909e8b8146d3d4b34ba060aad8625ab5f0748c2b44e2b471051bc61503d33620
2023-03-21 02:32:02,False,3.805e-05,1.138e-08,473968.0,0.0539,0x6b...9f5d,https://bscscan.com/tx/0x35afe9916dd5ebaae01864b06e405e63b5ae5659f28117658eda1dd5c4743f8a
2023-03-21 02:32:02,False,3.805e-05,1.138e-08,86291.6,0.0098,0x6b...9f5d,https://bscscan.com/tx/0x35afe9916dd5ebaae01864b06e405e63b5ae5659f28117658eda1dd5c4743f8a
2023-03-21 02:31:38,True,3.824e-05,1.144e-08,52423.0,0.006,0xfa...645a,https://bscscan.com/tx/0xd9a1211a9ed371958664f502dc725e568c4e81c4b9db1962a1e52383a8c5541e
2023-03-21 02:31:32,False,3.806e-05,1.139e-08,26358749.0,3.00277,0xc0...1f4f,https://bscscan.com/tx/0x7f0cb05e2c2da5a9b60554b0b8501c5c012e530ff8a185b716657649a502d24e
2023-03-21 02:31:32,False,3.808e-05,1.139e-08,270000.0,0.0307,0xc0...1f4f,https://bscscan.com/tx/0x7f0cb05e2c2da5a9b60554b0b8501c5c012e530ff8a185b716657649a502d24e
2023-03-21 02:31:17,False,3.792e-05,1.14e-08,99700000.0,11.3757,0x9b...2220,https://bscscan.com/tx/0x1e8c2736e07b99556176044e9b094f1b843089f0d5881837926825bbf2dbd78d
2023-03-21 02:31:17,False,3.797e-05,1.142e-08,31853.7,0.0036,0x9b...2220,https://bscscan.com/tx/0x1e8c2736e07b99556176044e9b094f1b843089f0d5881837926825bbf2dbd78d
2023-03-21 02:31:14,False,3.798e-05,1.142e-08,11762265.0,1.34393,0x05...7066,https://bscscan.com/tx/0xb8932082bc4b985829ff50f755c54d1350591eb7a31511e71d108d87924fc6cf
2023-03-21 02:31:14,False,3.798e-05,1.142e-08,80973.0,0.0092,0x05...7066,https://bscscan.com/tx/0xb8932082bc4b985829ff50f755c54d1350591eb7a31511e71d108d87924fc6cf
2023-03-21 02:31:11,False,3.8e-05,1.143e-08,29900030.0,3.41809,0x20...946b,https://bscscan.com/tx/0x58348e46929b57cee7f5185370ea546cc42b78ed98a33b4daeacb47fe5b7dafe
2023-03-21 02:31:11,False,3.801e-05,1.143e-08,3208.91,3.669e-05,0x20...946b,https://bscscan.com/tx/0x58348e46929b57cee7f5185370ea546cc42b78ed98a33b4daeacb47fe5b7dafe
2023-03-21 02:31:05,False,3.801e-05,1.143e-08,1184919.0,0.1355,0x6b...9f5d,https://bscscan.com/tx/0x66a417a75feea0aa1dba2e2df597218fc4dac3a5aa6c86351e25b03decacb445
2023-03-21 02:31:05,False,3.801e-05,1.143e-08,472222.0,0.054,0x6b...9f5d,https://bscscan.com/tx/0x66a417a75feea0aa1dba2e2df597218fc4dac3a5aa6c86351e25b03decacb445
2023-03-21 02:30:50,True,3.818e-05,1.148e-08,50402100.0,5.7895,0x37...08a2,https://bscscan.com/tx/0x4630c3954e216abe7205a039a45d3372409a1aa4ffdd8a648b5ed214dbe922ac
2023-03-21 02:30:11,True,3.815e-05,1.147e-08,6048927.0,0.6943,0xeb...4497,https://bscscan.com/tx/0xb3694c0afcb14fd20dd45ed5cea9e1bd69c031dcd4b23ea66cdcaad7107fc24a
2023-03-21 02:30:05,False,3.8e-05,1.143e-08,99700000.0,11.4003,0x9b...2220,https://bscscan.com/tx/0xc8594a7f1a9b80364080baa198e8d32522697cc3a8517e4d1ac4a418b7b480d4
2023-03-21 02:30:05,False,3.805e-05,1.144e-08,8022.27,9.184e-05,0x9b...2220,https://bscscan.com/tx/0xc8594a7f1a9b80364080baa198e8d32522697cc3a8517e4d1ac4a418b7b480d4
2023-03-21 02:30:02,False,3.805e-05,1.144e-08,2962299.0,0.3391,0x6b...9f5d,https://bscscan.com/tx/0x64fd2c67c554d74435ee86056f778dbf14c8b4b820be1bbf7d6b98bdc8f66d67
2023-03-21 02:30:02,False,3.805e-05,1.144e-08,13681.1,0.0015,0x6b...9f5d,https://bscscan.com/tx/0x64fd2c67c554d74435ee86056f778dbf14c8b4b820be1bbf7d6b98bdc8f66d67
2023-03-21 02:29:47,False,3.824e-05,1.145e-08,5051873.0,0.5784,0x6b...9f5d,https://bscscan.com/tx/0x115770a666d9919e7c09507569828b880793c99ab8d7201160b672dfe0b1dbd0
2023-03-21 02:29:47,False,3.825e-05,1.145e-08,13803.1,0.0015,0x6b...9f5d,https://bscscan.com/tx/0x115770a666d9919e7c09507569828b880793c99ab8d7201160b672dfe0b1dbd0
2023-03-21 02:29:32,False,3.825e-05,1.145e-08,5096935.0,0.5836,0x6b...9f5d,https://bscscan.com/tx/0xea6b7098b20b2efe960382b44101483c3c2bd932affee96d495d3fd15329372d
2023-03-21 02:29:32,False,3.825e-05,1.145e-08,13859.2,0.0015,0x6b...9f5d,https://bscscan.com/tx/0xea6b7098b20b2efe960382b44101483c3c2bd932affee96d495d3fd15329372d
2023-03-21 02:29:29,False,3.825e-05,1.145e-08,5117626.0,0.5861,0x6b...9f5d,https://bscscan.com/tx/0x78a16d9948998876acb4d0e9d58eda0132b39e9931c6b8cf56af1ae70ab46514
2023-03-21 02:29:29,False,3.825e-05,1.145e-08,13851.0,0.0015,0x6b...9f5d,https://bscscan.com/tx/0x78a16d9948998876acb4d0e9d58eda0132b39e9931c6b8cf56af1ae70ab46514
2023-03-21 02:29:17,False,3.825e-05,1.145e-08,5114599.0,0.5858,0x6b...9f5d,https://bscscan.com/tx/0x83ad0a335556412d190382381468a28c80dc37515bdb9ee225bc262752748eb2
2023-03-21 02:29:17,False,3.826e-05,1.145e-08,13872.3,0.0015,0x6b...9f5d,https://bscscan.com/tx/0x83ad0a335556412d190382381468a28c80dc37515bdb9ee225bc262752748eb2
2023-03-21 02:29:14,False,3.826e-05,1.145e-08,5122461.0,0.5868,0x6b...9f5d,https://bscscan.com/tx/0x57fcf77ee401241f7844fc3e76d4467eaf31f2999cb4f675b73f89c7080f4bec
2023-03-21 02:29:14,False,3.826e-05,1.145e-08,13596.6,0.0015,0x6b...9f5d,https://bscscan.com/tx/0x57fcf77ee401241f7844fc3e76d4467eaf31f2999cb4f675b73f89c7080f4bec
2023-03-21 02:29:11,False,3.826e-05,1.145e-08,5020675.0,0.5752,0x6b...9f5d,https://bscscan.com/tx/0xaf835ff24070d700ecadae992fd16371a4ec84a0c634ffb49ac474e5dbfad666
2023-03-21 02:29:11,False,3.827e-05,1.145e-08,13828.2,0.0015,0x6b...9f5d,https://bscscan.com/tx/0xaf835ff24070d700ecadae992fd16371a4ec84a0c634ffb49ac474e5dbfad666
2023-03-21 02:29:08,False,3.827e-05,1.145e-08,5106176.0,0.5851,0x6b...9f5d,https://bscscan.com/tx/0x27bd30c9f450673414ec2f411eebb513b80d0af65e345e8e7f6e5c94720a54d8
2023-03-21 02:29:08,False,3.827e-05,1.145e-08,13810.0,0.0015,0x6b...9f5d,https://bscscan.com/tx/0x27bd30c9f450673414ec2f411eebb513b80d0af65e345e8e7f6e5c94720a54d8
2023-03-21 02:29:08,False,3.827e-05,1.146e-08,5099467.0,0.5844,0x6b...9f5d,https://bscscan.com/tx/0xace4a95cf55b98d1f5a7b91dd0fddcb5d52d1ef366c7a5227fba864dcae1926a
2023-03-21 02:29:08,False,3.828e-05,1.146e-08,13935.7,0.0016,0x6b...9f5d,https://bscscan.com/tx/0xace4a95cf55b98d1f5a7b91dd0fddcb5d52d1ef366c7a5227fba864dcae1926a
2023-03-21 02:29:05,False,3.828e-05,1.146e-08,5145905.0,0.5898,0x6b...9f5d,https://bscscan.com/tx/0x4d8c184e8eb6bec15e01f8abd919c3af0e7af8581155602bcd97ab746b8887cb
2023-03-21 02:29:05,False,3.828e-05,1.146e-08,13914.0,0.0015,0x6b...9f5d,https://bscscan.com/tx/0x4d8c184e8eb6bec15e01f8abd919c3af0e7af8581155602bcd97ab746b8887cb
2023-03-21 02:28:56,False,3.81e-05,1.146e-08,5137889.0,0.5889,0x6b...9f5d,https://bscscan.com/tx/0xb9ad7c1a17d275cc96d4fd25ef7a0a2ecc2b9b069405657cb119ee949ef433f4
2023-03-21 02:28:56,False,3.811e-05,1.146e-08,134824.0,0.0154,0x6b...9f5d,https://bscscan.com/tx/0xb9ad7c1a17d275cc96d4fd25ef7a0a2ecc2b9b069405657cb119ee949ef433f4
2023-03-21 02:28:29,False,3.833e-05,1.147e-08,49785159.0,5.71107,0xc7...1eb9,https://bscscan.com/tx/0x482ba2217fcfadde966ea360c1e5736e9ef9aa66055c5dcaa0e695ba7db6a114
2023-03-21 02:28:29,False,3.835e-05,1.147e-08,18860.2,0.0021,0xc7...1eb9,https://bscscan.com/tx/0x482ba2217fcfadde966ea360c1e5736e9ef9aa66055c5dcaa0e695ba7db6a114
2023-03-21 02:28:20,True,3.835e-05,1.153e-08,5511932.0,0.6358,0xeb...4497,https://bscscan.com/tx/0xa416970386530dcd9af7a3592c152d6db4827fd760548340e384a0e0c15337c6
2023-03-21 02:28:11,True,3.835e-05,1.153e-08,86696.0,0.01,0x0b...d8fa,https://bscscan.com/tx/0x75fbaac1bb3a1c9e31db2c35d91a013baa1cc9b569b12b16730b8e1e19ccb6a3
2023-03-21 02:28:05,True,3.854e-05,1.153e-08,1309737.0,0.151,0xd9...06e0,https://bscscan.com/tx/0x3d865c112eef3f9dcd4102234cb618ac08894f98b715810642331fe970f6ab67
2023-03-21 02:27:53,False,3.815e-05,1.147e-08,76671.3,0.0088,0xb7...b4d2,https://bscscan.com/tx/0xaab6d83ff2290e109391c09a1f05d036d8b686c8d54d8ac09d2a7ef271d978a2
2023-03-21 02:27:53,False,3.815e-05,1.147e-08,42533.9,0.0048,0xb7...b4d2,https://bscscan.com/tx/0xaab6d83ff2290e109391c09a1f05d036d8b686c8d54d8ac09d2a7ef271d978a2
2023-03-21 02:27:47,False,3.816e-05,1.147e-08,15706055.0,1.80288,0xc0...1f4f,https://bscscan.com/tx/0x9a1e2a6481413c3ba9653101619b0a8eef48ca66ff48da7c88a21007858818d1
2023-03-21 02:27:47,False,3.817e-05,1.148e-08,6021.68,6.913e-05,0xc0...1f4f,https://bscscan.com/tx/0x9a1e2a6481413c3ba9653101619b0a8eef48ca66ff48da7c88a21007858818d1
2023-03-21 02:27:35,True,3.836e-05,1.153e-08,1798253.0,0.2074,0xeb...4497,https://bscscan.com/tx/0xd76193fcd83c39f372bfa46a5e893502cf0b5c06ce347216cc07dfc17c6639ab
2023-03-21 02:26:56,False,3.836e-05,1.148e-08,430704.0,0.0494,0xb9...58a6,https://bscscan.com/tx/0xff3949e27ce192244a83573596ed1136bba3b6399b20b4d05399bfeb3eb143ef
2023-03-21 02:26:56,False,3.836e-05,1.148e-08,116118.0,0.0133,0xb9...58a6,https://bscscan.com/tx/0xff3949e27ce192244a83573596ed1136bba3b6399b20b4d05399bfeb3eb143ef
2023-03-21 02:26:41,True,3.855e-05,1.153e-08,43333.7,0.005,0x3b...eebd,https://bscscan.com/tx/0x81069cc1b2bb5cf95b37aa0260b5223b9e676b06776262a8c8922840702fae83
2023-03-21 02:26:05,True,3.836e-05,1.153e-08,865062.0,0.0998,0x9b...3144,https://bscscan.com/tx/0x214aacd6d80a8b537ae3a6d184144d181833072f289b0b4d1308d51296d399c1
2023-03-21 02:24:17,True,3.854e-05,1.153e-08,86669.4,0.01,0x0b...d8fa,https://bscscan.com/tx/0xf2aa0326f30d78908e4a39b8bf80b0632fc914b8eecf1d555c9518b7c5cd1229
2023-03-21 02:23:23,True,3.852e-05,1.153e-08,193412.0,0.0223,0xac...9a51,https://bscscan.com/tx/0x6d7f23060b7e09d1fb88c67cb5ce24110f416c0d34ce88d2885ea33704d9bb49
2023-03-21 02:20:23,True,3.831e-05,1.153e-08,21062220.0,2.42952,0x20...946b,https://bscscan.com/tx/0xcec3ab9df80df47dc53b5ec137e3303fe3103ff4e331cc052efc9fbdaa801aac
2023-03-21 02:19:38,True,3.83e-05,1.153e-08,27600.0,0.0031,0x36...fe6b,https://bscscan.com/tx/0x456f711699a5335e766429216d92e44c3d780f033bbc07a7e4a4b45263ba5a31
2023-03-21 02:19:26,False,3.829e-05,1.147e-08,5074730.0,0.5823,0x78...39b8,https://bscscan.com/tx/0xfb2fa694dceaa2314e8cae1f64d567ebfe3f985d43a6ada70cc1d8f6274af0d6
2023-03-21 02:19:26,False,3.83e-05,1.147e-08,935242.0,0.1073,0x78...39b8,https://bscscan.com/tx/0xfb2fa694dceaa2314e8cae1f64d567ebfe3f985d43a6ada70cc1d8f6274af0d6
2023-03-21 02:19:08,True,3.825e-05,1.151e-08,100300903.0,11.5538,0x9b...2220,https://bscscan.com/tx/0x87dc089c7b31b08ac92bb8b31355bca199673c9df5844325fe309485157b9db1
2023-03-21 02:19:02,True,3.815e-05,1.149e-08,100300903.0,11.5249,0x9b...2220,https://bscscan.com/tx/0xc675486d7a5fd635ad6a5e24e51bd58811688acfe3d2d497082c92dae8686df8
2023-03-21 02:18:41,True,3.809e-05,1.147e-08,30085540.0,3.4513,0x20...946b,https://bscscan.com/tx/0x32722b057b43bb11c93573a923bf05ab558e087d03282e0def491dfd2e153f0c
2023-03-21 02:18:23,True,3.807e-05,1.146e-08,2215491.0,0.254,0xd5...bc66,https://bscscan.com/tx/0xc256b664e1bd0f70cc3a46b32c33fb08b3c47d3c4d74636e168c56716e3b460d
2023-03-21 02:18:11,True,3.807e-05,1.146e-08,5030116.0,0.5767,0x6b...9f5d,https://bscscan.com/tx/0xae95d12df323e870a95dab632548d9fa9b9aed1ab0893453498d3b88b3e4c0cc
2023-03-21 02:18:11,True,3.806e-05,1.146e-08,5134006.0,0.5885,0x6b...9f5d,https://bscscan.com/tx/0x0da8740b5254126bf0afb1bbb8452575f145303653d831b746bbb43aec560307
2023-03-21 02:18:05,True,3.826e-05,1.146e-08,5014479.0,0.5748,0x6b...9f5d,https://bscscan.com/tx/0x7dbfae8d1b76ce777bdc4704800d8bcb4bb0954fa0813a56f22b24887b616748
2023-03-21 02:17:59,True,3.825e-05,1.146e-08,5030253.0,0.5765,0x6b...9f5d,https://bscscan.com/tx/0x03bbcf5b27bdb6c96f19389507a723ef2fff2a15845b069b00b631752fb8016b
2023-03-21 02:17:59,True,3.825e-05,1.146e-08,5047121.0,0.5784,0x6b...9f5d,https://bscscan.com/tx/0x5dd9d7cd41a0348462b48b273f2bbf854ab44e7c39479df508a79bfcdc1332a8
2023-03-21 02:17:56,True,3.824e-05,1.145e-08,5045494.0,0.5781,0x6b...9f5d,https://bscscan.com/tx/0xec4a64e27c00db953b6141a874fa018742ef57b22164bbf6d18dc3c2c06bacf8
2023-03-21 02:17:56,True,3.824e-05,1.145e-08,5084353.0,0.5825,0x6b...9f5d,https://bscscan.com/tx/0x57d5302f486262e95f97f7e45d0fceff67523212e5ef455e8cf28e2e1efb0e4d
2023-03-21 02:17:53,True,3.823e-05,1.145e-08,5003767.0,0.5732,0x6b...9f5d,https://bscscan.com/tx/0x74e88b9403bca7d945e3ef649c5b0ed813858f57715fc7ed4c04d9846dcf770e
2023-03-21 02:17:50,True,3.823e-05,1.145e-08,5092891.0,0.5833,0x6b...9f5d,https://bscscan.com/tx/0x9f6a24ce4f854ede5f8d50fadbba57934b343c1ca2c856277245e3539a188fcf
2023-03-21 02:17:50,True,3.822e-05,1.145e-08,5130978.0,0.5876,0x6b...9f5d,https://bscscan.com/tx/0x9c1270dc3d4a4067205231daafe09c3b8949b5c534165f62032e3bc71c013c2e
2023-03-21 02:17:47,True,3.822e-05,1.145e-08,5073921.0,0.581,0x6b...9f5d,https://bscscan.com/tx/0xcd8e5bb71b9d288b0eb20d0bd4dd45c508d6a8165c2abb12b5bdea7ff163489d
2023-03-21 02:16:44,False,3.785e-05,1.14e-08,49785159.0,5.67583,0xc7...1eb9,https://bscscan.com/tx/0x0c2189948e420e6c708eb3ba1fc4e8072106965a0286f0da4d187c6410d0b310
