datetime,buy_order,price_USD,price_native,amount_token,total_native,maker,etherscan_url
2023-03-23 09:06:14,True,3.766e-05,1.166e-08,17125948.0,1.9984,0x52...86b0,https://bscscan.com/tx/0x8b42f4a7bbb2bb67a971d19b934a0c243c1d8414ad29e07d8ed66a07ff1ee278
2023-03-23 09:04:51,True,3.784e-05,1.166e-08,5032182.0,0.587,0x6b...9f5d,https://bscscan.com/tx/0x3a0f1af57dffb72a10d8ed0a61fda055d4136f04e96b3b1fbf78495cc06636b4
2023-03-23 09:04:30,True,3.784e-05,1.166e-08,5021050.0,0.5856,0x6b...9f5d,https://bscscan.com/tx/0xe7db574d66e124c37e4233a3e19af22ffbe58d98bd92f7b91f081c6d86511fbc
2023-03-23 09:04:22,True,3.765e-05,1.166e-08,5011342.0,0.5844,0x6b...9f5d,https://bscscan.com/tx/0x5783b0d81936f72e236955446a0d05f6388295aeec642d03500fb5717fc6407b
2023-03-23 09:00:54,False,3.762e-05,1.16e-08,997000.0,0.1156,0x77...aa93,https://bscscan.com/tx/0x0a56f58e4a331a635364bad1d82e59bae7a86768ec276632087be730e1a1fdbd
2023-03-23 09:00:54,False,3.762e-05,1.16e-08,98972.9,0.0114,0x77...aa93,https://bscscan.com/tx/0x0a56f58e4a331a635364bad1d82e59bae7a86768ec276632087be730e1a1fdbd
2023-03-23 08:59:57,True,3.778e-05,1.166e-08,171494.0,0.02,0xe3...84ff,https://bscscan.com/tx/0xc2da9e74137ce0cb40e5ab05ac079a937f1eb7faaabd5401ed994af1fded5336
2023-03-23 08:59:54,True,3.759e-05,1.166e-08,2695496.0,0.3143,0xdd...4cd0,https://bscscan.com/tx/0x86d8c59d64b64723c8f60168b0a79ce47525b87a0218e2e097baa31c7a31056c
2023-03-23 08:59:33,True,3.761e-05,1.166e-08,2255846.0,0.263,0x0e...69b1,https://bscscan.com/tx/0x9c8028010ddf89647d12ff881a706c6284f66288a5e1b75f9a19a5ac01a8fe28
2023-03-23 08:59:12,False,3.762e-05,1.16e-08,34126612.0,3.96063,0x2a...89a8,https://bscscan.com/tx/0xd34b04998f9c41a030a3aebee87772ed3b5eb12e8e7f46c68b98d394ec701d75
2023-03-23 08:59:12,False,3.763e-05,1.161e-08,66248.0,0.0076,0x2a...89a8,https://bscscan.com/tx/0xd34b04998f9c41a030a3aebee87772ed3b5eb12e8e7f46c68b98d394ec701d75
2023-03-23 08:59:12,True,3.779e-05,1.165e-08,6051363.0,0.7055,0xfe...9c2d,https://bscscan.com/tx/0x151e0f0dd9f0600993686db2d8082a799d57167ee77746b8d492ff580e2d6116
2023-03-23 08:56:42,False,3.764e-05,1.161e-08,24462695.0,2.84116,0x4f...add7,https://bscscan.com/tx/0x506f2dc589ce961e1dc0727a20f38e56d2540f3dcaf297917bdae14bb97947f2
2023-03-23 08:56:42,False,3.765e-05,1.161e-08,256067.0,0.0297,0x4f...add7,https://bscscan.com/tx/0x506f2dc589ce961e1dc0727a20f38e56d2540f3dcaf297917bdae14bb97947f2
2023-03-23 08:54:57,True,3.783e-05,1.167e-08,4283188.0,0.5,0x95...3444,https://bscscan.com/tx/0xd7dfb6f9c6be5e3671248e4e5a8266627d464c7bb6785dd91d04e6649bf64e15
2023-03-23 08:54:54,False,3.768e-05,1.163e-08,94555018.0,10.9972,0x89...3b20,https://bscscan.com/tx/0xb444ec19bdb6de7cc22efdf28d6b8eff01d45874b3ef96b339f995581000cf20
2023-03-23 08:54:54,False,3.773e-05,1.164e-08,32156.4,0.0037,0x89...3b20,https://bscscan.com/tx/0xb444ec19bdb6de7cc22efdf28d6b8eff01d45874b3ef96b339f995581000cf20
2023-03-23 08:54:15,True,3.792e-05,1.17e-08,500000.0,0.0585,0x72...a165,https://bscscan.com/tx/0x22bc1cc46e46f7580849ab8f65ed304645d862b40af1eefb72561d9dffcab0b3
2023-03-23 08:53:15,True,3.792e-05,1.17e-08,3205315.0,0.375,0xcf...496d,https://bscscan.com/tx/0x63ad201375f3156d7c6163d24978150f56bc6dec784b747de6291e70fb6101b7
2023-03-23 08:53:06,False,3.773e-05,1.164e-08,11375537.0,1.32467,0x2a...89a8,https://bscscan.com/tx/0x45b76e80dda560bc130efcdded4bb16a7f917a19dff73b1860ecdc552e128acc
2023-03-23 08:53:06,False,3.774e-05,1.164e-08,568684.0,0.0662,0x2a...89a8,https://bscscan.com/tx/0x45b76e80dda560bc130efcdded4bb16a7f917a19dff73b1860ecdc552e128acc
2023-03-23 08:52:48,True,3.792e-05,1.17e-08,4832023.0,0.5655,0x23...54c9,https://bscscan.com/tx/0x9b1b5870eae3dc10cf31b537e7ec32e63c2002877d847da12a90075d27d97b61
2023-03-23 08:52:30,True,3.792e-05,1.17e-08,200000.0,0.0234,0x7f...2d09,https://bscscan.com/tx/0x72c29a0381a738e1fcdf26b1b35908eb76e4e8a4d6716cff03a912d7fd5ce501
2023-03-23 08:52:21,False,3.783e-05,1.167e-08,209792268.0,24.4956,0x12...ca0e,https://bscscan.com/tx/0x121a48e960c05097848c0f464b9ea51ddc03babf648a5f634bddcd47ae0bf219
2023-03-23 08:52:21,False,3.793e-05,1.17e-08,256067.0,0.0299,0x12...ca0e,https://bscscan.com/tx/0x121a48e960c05097848c0f464b9ea51ddc03babf648a5f634bddcd47ae0bf219
2023-03-23 08:51:33,False,3.798e-05,1.172e-08,94555018.0,11.0829,0x89...3b20,https://bscscan.com/tx/0x16c7c33ed65c3f44d1d27a4428da828ae4d3ca2e6cf8d457f64886e191f74346
2023-03-23 08:51:33,False,3.803e-05,1.173e-08,27164.4,0.0031,0x89...3b20,https://bscscan.com/tx/0x16c7c33ed65c3f44d1d27a4428da828ae4d3ca2e6cf8d457f64886e191f74346
2023-03-23 08:50:42,True,3.802e-05,1.179e-08,254369.0,0.03,0x9a...7f8e,https://bscscan.com/tx/0x88129d2f10575a6541bbb946672380b2e299f86d00dae4275b287adfd3b19ea2
2023-03-23 08:50:06,True,3.802e-05,1.179e-08,7000000.0,0.8255,0x2a...e0fa,https://bscscan.com/tx/0x13572613d831d7f3e30901ec7d68fe7f9b8e5c3005ecc59ca0bc71dd23c5506b
2023-03-23 08:49:15,False,3.801e-05,1.173e-08,2798118.0,0.3283,0x96...b742,https://bscscan.com/tx/0x22248030a491203040f77d9dac8483928273816991148aca736b78675ecf6d96
2023-03-23 08:49:15,False,3.801e-05,1.173e-08,223946.0,0.0262,0x96...b742,https://bscscan.com/tx/0x22248030a491203040f77d9dac8483928273816991148aca736b78675ecf6d96
2023-03-23 08:46:24,True,3.799e-05,1.178e-08,26720525.0,3.15,0xf5...84e4,https://bscscan.com/tx/0x7f69a3c31640a2cde4dc9a0654feaccbf3187c888ec6d21650e4b79435ab1a15
2023-03-23 08:40:31,True,3.814e-05,1.178e-08,800000.0,0.0942,0x97...2157,https://bscscan.com/tx/0x223913335d1c6dee8bc13853a1e6f160b8758f67dae67cbdf942e295e488afcd
2023-03-23 08:39:46,True,3.814e-05,1.178e-08,5940469.0,0.7,0x1e...552f,https://bscscan.com/tx/0xd762e685520d838696938fd8f14be7ba73b31f774d668a66fabf0728572f4bb3
2023-03-23 08:38:37,True,3.814e-05,1.178e-08,3394955.0,0.4,0x97...2157,https://bscscan.com/tx/0x6ab41f7543239ffa97c6f268db7609f766401d2838fd1b3012944a7a03f0fc30
2023-03-23 08:37:40,True,3.794e-05,1.177e-08,33965616.0,4.0,0x97...2157,https://bscscan.com/tx/0x72bf4aa39c2abfa5f8f28da9d954fe83be7e5e33c1f2eb456ebea6fac2a14973
2023-03-23 08:35:58,False,3.792e-05,1.171e-08,9047227.0,1.0598,0x8c...2412,https://bscscan.com/tx/0xeffa8490cff41918f0eac2612bb4bd73572ef47a386fe00ecd8ea6828867b7b6
2023-03-23 08:35:58,False,3.793e-05,1.171e-08,350.1,4.101e-06,0x8c...2412,https://bscscan.com/tx/0xeffa8490cff41918f0eac2612bb4bd73572ef47a386fe00ecd8ea6828867b7b6
2023-03-23 08:33:49,False,3.773e-05,1.171e-08,129278.0,0.0151,0x8e...9016,https://bscscan.com/tx/0x0fc62ba3d717be76dd1c83f290f8291c37d8f49542942e92c449d6fef5bf110d
2023-03-23 08:33:49,False,3.773e-05,1.171e-08,14835.3,0.0017,0x8e...9016,https://bscscan.com/tx/0x0fc62ba3d717be76dd1c83f290f8291c37d8f49542942e92c449d6fef5bf110d
2023-03-23 08:32:58,True,3.811e-05,1.177e-08,101917.0,0.012,0x0a...8886,https://bscscan.com/tx/0x839b522d2f5198d212eb461c046533c11a05071eb025cf6d1816c98ad5b67a2e
2023-03-23 08:32:52,True,3.815e-05,1.177e-08,4244650.0,0.5,0xc6...fed0,https://bscscan.com/tx/0x3ec3c546ee3363aec0fe77eebe9c562cca8cb523d6d86146f67b6a7375167836
2023-03-23 08:32:40,True,3.813e-05,1.177e-08,2500.0,2.943e-05,0xc7...deb1,https://bscscan.com/tx/0xcc5aed2b416ce392c0d1e72f83c2dcb4d496588ebac2fdcab97798f50e045a34
2023-03-23 08:30:58,False,3.779e-05,1.171e-08,997000.0,0.1167,0x8a...7823,https://bscscan.com/tx/0xec118450b8fbd65cc3f2c4cb1d644da81b5b4a3bbdf58c049e6ead1399d4c3c0
2023-03-23 08:30:58,False,3.779e-05,1.171e-08,89255.9,0.0104,0x8a...7823,https://bscscan.com/tx/0xec118450b8fbd65cc3f2c4cb1d644da81b5b4a3bbdf58c049e6ead1399d4c3c0
2023-03-23 08:29:52,True,3.816e-05,1.177e-08,22090011.0,2.6,0xdc...411a,https://bscscan.com/tx/0x6ef447c11af9e8c68ab51b5cb07b8dc8228787ef0e57b0d976df9752c7d4ed8c
2023-03-23 08:29:34,True,3.796e-05,1.176e-08,99999.0,0.0117,0x94...b2a4,https://bscscan.com/tx/0x6182178b6c9003183460be995c50183ced9c661f3014d1604499a5c8620a05a0
2023-03-23 08:28:34,True,3.815e-05,1.176e-08,250000.0,0.0294,0x7c...f46a,https://bscscan.com/tx/0xf9386643a5dac28baec46ed76d7e997051dbb69e5791c20753afb93730a72b44
2023-03-23 08:28:04,False,3.796e-05,1.17e-08,10585865.0,1.23955,0x88...6280,https://bscscan.com/tx/0xec6452a8079cdc6753513de975dff23fb4aa713d235b9ef76f5a7b3fd58809d6
2023-03-23 08:28:04,False,3.796e-05,1.171e-08,88752.4,0.0103,0x88...6280,https://bscscan.com/tx/0xec6452a8079cdc6753513de975dff23fb4aa713d235b9ef76f5a7b3fd58809d6
2023-03-23 08:26:07,False,3.779e-05,1.171e-08,32772644.0,3.8396,0x05...7066,https://bscscan.com/tx/0x9968c584b046451291a09facaa17312a073197f392823d839d5862f678396129
2023-03-23 08:26:07,False,3.78e-05,1.172e-08,851.58,9.981e-06,0x05...7066,https://bscscan.com/tx/0x9968c584b046451291a09facaa17312a073197f392823d839d5862f678396129
2023-03-23 08:24:55,False,3.799e-05,1.172e-08,314454.0,0.0368,0x28...0596,https://bscscan.com/tx/0x39ca5fb19b09c27a348f1f1325e7a5a6d524b697126a2ae5e5e52a04b07406a6
2023-03-23 08:24:55,False,3.799e-05,1.172e-08,14013.2,0.0016,0x28...0596,https://bscscan.com/tx/0x39ca5fb19b09c27a348f1f1325e7a5a6d524b697126a2ae5e5e52a04b07406a6
2023-03-23 08:24:40,False,3.781e-05,1.172e-08,5174493.0,0.6065,0x05...7066,https://bscscan.com/tx/0xb0977f579319588e122636249864ac95000d057bde94a7bcceaa7517a85b29a5
2023-03-23 08:24:40,False,3.782e-05,1.172e-08,14013.2,0.0016,0x05...7066,https://bscscan.com/tx/0xb0977f579319588e122636249864ac95000d057bde94a7bcceaa7517a85b29a5
2023-03-23 08:24:40,False,3.782e-05,1.172e-08,5174493.0,0.6066,0x05...7066,https://bscscan.com/tx/0x87f69c7160e61621b2495304b2c2e8481bd42fe0771a909e1a3261e066e47477
2023-03-23 08:24:40,False,3.782e-05,1.172e-08,372.174,4.363e-06,0x05...7066,https://bscscan.com/tx/0x87f69c7160e61621b2495304b2c2e8481bd42fe0771a909e1a3261e066e47477
2023-03-23 08:24:22,False,3.782e-05,1.172e-08,137429.0,0.0161,0x35...aa91,https://bscscan.com/tx/0xeef01ce0407eab540429306eb62c0ac7db4668b515891ee554c74e0324922a5e
2023-03-23 08:24:22,False,3.782e-05,1.172e-08,388.943,4.559e-06,0x35...aa91,https://bscscan.com/tx/0xeef01ce0407eab540429306eb62c0ac7db4668b515891ee554c74e0324922a5e
2023-03-23 08:23:46,False,3.784e-05,1.172e-08,143621.0,0.0168,0x4d...8aab,https://bscscan.com/tx/0x5f908c35965b0c143a71ec80843373386373a5c9c5d88536ae792ae94d3320a5
2023-03-23 08:23:46,False,3.784e-05,1.172e-08,30541.4,0.0035,0x4d...8aab,https://bscscan.com/tx/0x5f908c35965b0c143a71ec80843373386373a5c9c5d88536ae792ae94d3320a5
2023-03-23 08:23:40,True,3.822e-05,1.178e-08,3308496.0,0.3898,0xed...24b1,https://bscscan.com/tx/0x3f59b8bbe07991feca6d74d5464ce49093a65fffa7819f9c2deb7734e2a41507
2023-03-23 08:23:25,True,3.822e-05,1.178e-08,1200000.0,0.1413,0xd5...8231,https://bscscan.com/tx/0x9824c12296649d6c02bd29f38b1bb41021aff1acab746996589e422e6c63aba8
2023-03-23 08:23:07,False,3.803e-05,1.172e-08,6627198.0,0.7769,0x05...7066,https://bscscan.com/tx/0x8f1d9651e870e2ef2c9b4a99a9cf26c47ee630323344a4dde8cbdbab789ef69f
2023-03-23 08:23:07,False,3.804e-05,1.172e-08,32068.5,0.0037,0x05...7066,https://bscscan.com/tx/0x8f1d9651e870e2ef2c9b4a99a9cf26c47ee630323344a4dde8cbdbab789ef69f
2023-03-23 08:22:40,True,3.823e-05,1.178e-08,5000000.0,0.5891,0x2a...e0fa,https://bscscan.com/tx/0x6a70525fd276d9fa898a446404eb10538392541a11b5d207e3c19edb6ed0703c
2023-03-23 08:22:37,False,3.804e-05,1.172e-08,6856598.0,0.8038,0x05...7066,https://bscscan.com/tx/0xa72f2dccd3331468c80928af8237af089966841a3739d91ca9f3c4bf921efc4f
2023-03-23 08:22:37,False,3.804e-05,1.172e-08,13995.5,0.0016,0x05...7066,https://bscscan.com/tx/0xa72f2dccd3331468c80928af8237af089966841a3739d91ca9f3c4bf921efc4f
2023-03-23 08:22:04,False,3.804e-05,1.172e-08,5167985.0,0.6059,0x6b...9f5d,https://bscscan.com/tx/0x615b076f637519cba6504613cefb7ff088eeb4711608db75a6a81e6d2208414d
2023-03-23 08:22:04,False,3.804e-05,1.172e-08,13518.1,0.0015,0x6b...9f5d,https://bscscan.com/tx/0x615b076f637519cba6504613cefb7ff088eeb4711608db75a6a81e6d2208414d
2023-03-23 08:21:55,False,3.786e-05,1.172e-08,4991702.0,0.5854,0x6b...9f5d,https://bscscan.com/tx/0x014ac8fc20a4e5c8019fd532d78f9e950515b566986642b701a82b68b31b2ea9
2023-03-23 08:21:55,False,3.786e-05,1.172e-08,13680.3,0.0016,0x6b...9f5d,https://bscscan.com/tx/0x014ac8fc20a4e5c8019fd532d78f9e950515b566986642b701a82b68b31b2ea9
2023-03-23 08:21:43,False,3.786e-05,1.172e-08,5051579.0,0.5925,0x6b...9f5d,https://bscscan.com/tx/0xd757d5234efeb502c9bd258c5ae00abd3b83c5d7eee144ae10f863c2b7307eb3
2023-03-23 08:21:43,False,3.786e-05,1.172e-08,20995.8,0.0024,0x6b...9f5d,https://bscscan.com/tx/0xd757d5234efeb502c9bd258c5ae00abd3b83c5d7eee144ae10f863c2b7307eb3
2023-03-23 08:21:25,False,3.787e-05,1.173e-08,7752884.0,0.9094,0x05...7066,https://bscscan.com/tx/0xa0ce8d62b47eab616f66329c3f67f04ff83151b9149dc54f9f0f6e4fd9bf9897
2023-03-23 08:21:25,False,3.787e-05,1.173e-08,1488.7,1.746e-05,0x05...7066,https://bscscan.com/tx/0xa0ce8d62b47eab616f66329c3f67f04ff83151b9149dc54f9f0f6e4fd9bf9897
2023-03-23 08:21:10,False,3.787e-05,1.173e-08,549715.0,0.0644,0x35...aa91,https://bscscan.com/tx/0xbf26112b110b74b8b21abcea57c61b6381d3c97ac6e790d1c45b46498839bd3b
2023-03-23 08:21:10,False,3.787e-05,1.173e-08,16703.4,0.0019,0x35...aa91,https://bscscan.com/tx/0xbf26112b110b74b8b21abcea57c61b6381d3c97ac6e790d1c45b46498839bd3b
2023-03-23 08:19:31,True,3.825e-05,1.179e-08,3816280.0,0.4499,0xaf...285a,https://bscscan.com/tx/0xe936da8cbd9f6fefe58d9fdcb0e30929b3bc5a5a5b0fa1372ff230574a820dd8
2023-03-23 08:18:49,True,3.806e-05,1.178e-08,248519.0,0.0293,0x27...cef0,https://bscscan.com/tx/0xad1e32cb7494965df80c60640970090acb2087b81519013a54993529785dacfa
2023-03-23 08:17:04,True,3.825e-05,1.178e-08,688319.0,0.0811,0x51...d4f6,https://bscscan.com/tx/0x54bc15cc538222862fe9cba9f6d0154246cc88723f2f1ae063293a8d1f655b44
2023-03-23 08:15:52,True,3.806e-05,1.178e-08,633341.0,0.0746,0x95...620c,https://bscscan.com/tx/0x5c6ab58c341f73efee4cb8516327f150cbad2b615131265b1969a73820d0e382
2023-03-23 08:15:52,False,3.787e-05,1.173e-08,797600.0,0.0935,0x18...4e02,https://bscscan.com/tx/0x5fbe899bd97e2f836b387bae082f601b7f6daaf017c75114ca4dabf401b8dc53
2023-03-23 08:15:52,False,3.787e-05,1.173e-08,71895.3,0.0084,0x18...4e02,https://bscscan.com/tx/0x5fbe899bd97e2f836b387bae082f601b7f6daaf017c75114ca4dabf401b8dc53
2023-03-23 08:15:40,True,3.805e-05,1.178e-08,3032694.0,0.3575,0xc0...167d,https://bscscan.com/tx/0x0532a4eec0e1da1e78f8b0293446a80146d3aea9286b13b5ad18e00bf1cde8ff
2023-03-23 08:15:13,True,3.824e-05,1.178e-08,10837401.0,1.27742,0x95...620c,https://bscscan.com/tx/0xe6448f09e16a20e25116ba7eeb1f5961829d85d216bdaefcd01877b48d26f632
2023-03-23 08:14:49,False,3.805e-05,1.172e-08,12719535.0,1.49182,0xf2...a916,https://bscscan.com/tx/0x3607f11fa35e6b32380dd27a4fed57cdaff191ad3560004fd58cd52f8eee8483
2023-03-23 08:14:49,False,3.806e-05,1.173e-08,22829.9,0.0026,0xf2...a916,https://bscscan.com/tx/0x3607f11fa35e6b32380dd27a4fed57cdaff191ad3560004fd58cd52f8eee8483
2023-03-23 08:12:49,True,3.824e-05,1.178e-08,2542904.0,0.2997,0xb2...1793,https://bscscan.com/tx/0xcaa25f79b5c504e635386796caa30a499af82e188ae1c2a2b3f67f8593a70c51
2023-03-23 08:12:07,True,3.805e-05,1.178e-08,916818.0,0.108,0x95...1e02,https://bscscan.com/tx/0x73daeba712916777ebd87117d6481b30d62407696a527ff01411a8480fb3a3bb
2023-03-23 08:06:52,True,3.825e-05,1.178e-08,169660.0,0.02,0xe3...84ff,https://bscscan.com/tx/0x1c56af49821c8ba916740ddf6a7198faf5c62a285ae502b8388691e16d30ded2
2023-03-23 08:05:34,True,3.806e-05,1.178e-08,2404470.0,0.2834,0x95...1e02,https://bscscan.com/tx/0x891f5ebf7272683d4af693628375fe9c5b81c258ec695b5a955992a064ad763e
2023-03-23 08:04:10,False,3.806e-05,1.172e-08,2414416.0,0.2831,0x56...a02e,https://bscscan.com/tx/0x467aea9e7c7df774aa25bf2754f751cbaf34131901a30ca66cb48ab3c7f650d0
2023-03-23 08:04:10,False,3.806e-05,1.172e-08,13019.1,0.0015,0x56...a02e,https://bscscan.com/tx/0x467aea9e7c7df774aa25bf2754f751cbaf34131901a30ca66cb48ab3c7f650d0
2023-03-23 08:02:53,False,3.787e-05,1.173e-08,4807419.0,0.5639,0xef...0dfe,https://bscscan.com/tx/0x3263ce53a3b3643ee20071b0314b3bca3c8ad960b21c1a3053c587c2863b3028
2023-03-23 08:02:53,False,3.787e-05,1.173e-08,18072.7,0.0021,0xef...0dfe,https://bscscan.com/tx/0x3263ce53a3b3643ee20071b0314b3bca3c8ad960b21c1a3053c587c2863b3028
2023-03-23 08:00:54,False,3.806e-05,1.173e-08,6673497.0,0.7829,0x4b...0dec,https://bscscan.com/tx/0xa3ef1c57a9de67271f8d8a6311c89f72d58f1b71cc961a3b6334ee9b41f83a86
2023-03-23 08:00:54,False,3.807e-05,1.173e-08,22527.7,0.0026,0x4b...0dec,https://bscscan.com/tx/0xa3ef1c57a9de67271f8d8a6311c89f72d58f1b71cc961a3b6334ee9b41f83a86
2023-03-23 07:58:09,False,3.807e-05,1.173e-08,8318555.0,0.9761,0x87...e46e,https://bscscan.com/tx/0xf6e922d42ac6e49f12633da4aac00e61427b56dc8a82db8450bb576d37ca8991
2023-03-23 07:58:09,False,3.807e-05,1.173e-08,8907.37,0.001,0x87...e46e,https://bscscan.com/tx/0xf6e922d42ac6e49f12633da4aac00e61427b56dc8a82db8450bb576d37ca8991
2023-03-23 07:57:12,False,3.788e-05,1.173e-08,3289130.0,0.386,0xd9...cf83,https://bscscan.com/tx/0xf01ccf2277122bd2b35c0d792eb94e41b9ab333d5659f62b9bf17ad3c04eedb5
2023-03-23 07:57:12,False,3.788e-05,1.173e-08,99509.3,0.0116,0xd9...cf83,https://bscscan.com/tx/0xf01ccf2277122bd2b35c0d792eb94e41b9ab333d5659f62b9bf17ad3c04eedb5
2023-03-23 07:56:24,False,3.808e-05,1.174e-08,36744733.0,4.31447,0x05...d50c,https://bscscan.com/tx/0x2101e3836f953ef9a862110f5b48087d3b58197aad8be05c4a38bd4d4a457b8d
2023-03-23 07:56:24,False,3.81e-05,1.174e-08,63420.6,0.0074,0x05...d50c,https://bscscan.com/tx/0x2101e3836f953ef9a862110f5b48087d3b58197aad8be05c4a38bd4d4a457b8d
2023-03-23 07:55:09,False,3.811e-05,1.175e-08,23418638.0,2.75185,0x8e...a156,https://bscscan.com/tx/0xd840b2e865e591b1e007e4516ca0141aa840c57e338e11e19ac76a4ff897a114
2023-03-23 07:55:09,False,3.812e-05,1.175e-08,152792.0,0.0179,0x8e...a156,https://bscscan.com/tx/0xd840b2e865e591b1e007e4516ca0141aa840c57e338e11e19ac76a4ff897a114
2023-03-23 07:54:51,True,3.829e-05,1.18e-08,55909374.0,6.6,0xed...24b1,https://bscscan.com/tx/0xb82fa19fa610483bb6011422016f3071f72390343642ce9053011fa66a94c236
2023-03-23 07:53:36,True,3.807e-05,1.179e-08,201277.0,0.0237,0x8b...02f0,https://bscscan.com/tx/0x8e17e413e549337de2eb4c573a4bd6130ffeaa0f8fc35ecf0daecd64425614fb
2023-03-23 07:53:36,False,3.788e-05,1.173e-08,477663.0,0.056,0x55...6d27,https://bscscan.com/tx/0xd451140f21ec6fb5438d397c5c81c842f8c3bd57f38722cc95b837e1329a6834
2023-03-23 07:53:36,False,3.788e-05,1.173e-08,160.083,1.879e-06,0x55...6d27,https://bscscan.com/tx/0xd451140f21ec6fb5438d397c5c81c842f8c3bd57f38722cc95b837e1329a6834
2023-03-23 07:53:18,False,3.788e-05,1.173e-08,59112.3,0.0069,0x2e...9d72,https://bscscan.com/tx/0x335355ef2080b4ff75733be6d703a1d0211608fb7aa45e801eea248d735d563b
2023-03-23 07:53:18,False,3.788e-05,1.173e-08,8243.1,9.675e-05,0x2e...9d72,https://bscscan.com/tx/0x335355ef2080b4ff75733be6d703a1d0211608fb7aa45e801eea248d735d563b
2023-03-23 07:52:33,False,3.807e-05,1.173e-08,3043841.0,0.3572,0x95...1e02,https://bscscan.com/tx/0xbcfb571811e5f1f3695771957b1962c4276b4d3e850f37c7c5ee87ffa385a100
2023-03-23 07:52:33,False,3.807e-05,1.173e-08,3439.2,4.037e-05,0x95...1e02,https://bscscan.com/tx/0xbcfb571811e5f1f3695771957b1962c4276b4d3e850f37c7c5ee87ffa385a100
2023-03-23 07:50:39,True,3.827e-05,1.179e-08,773778.0,0.0912,0xa9...d835,https://bscscan.com/tx/0xd748b42e9fcaa67adbf67532cd7fbd825b508e439c5ab86e3b4ada056af918ca
2023-03-23 07:50:30,False,3.808e-05,1.173e-08,498500.0,0.0585,0x77...aa93,https://bscscan.com/tx/0x5a2d9d954ffee2ee6e88842119d7714c1bedb8bbedbe0e2035989a7699c488f2
2023-03-23 07:50:30,False,3.808e-05,1.173e-08,6271.32,7.361e-05,0x77...aa93,https://bscscan.com/tx/0x5a2d9d954ffee2ee6e88842119d7714c1bedb8bbedbe0e2035989a7699c488f2
2023-03-23 07:50:21,True,3.807e-05,1.179e-08,1695325.0,0.2,0x34...8441,https://bscscan.com/tx/0x4a91a6ba18f23ebc29d3de1f3adf23abe1938149aba014ed7f43d82b9a84c80d
2023-03-23 07:44:57,False,3.787e-05,1.173e-08,566975.0,0.0665,0x04...c0de,https://bscscan.com/tx/0x841e511599d50ba45db95309dfc13a28c87037789d240575c43dfb19d6ba5ca2
2023-03-23 07:44:57,False,3.787e-05,1.173e-08,231303.0,0.0271,0x04...c0de,https://bscscan.com/tx/0x841e511599d50ba45db95309dfc13a28c87037789d240575c43dfb19d6ba5ca2
2023-03-23 07:43:57,True,3.802e-05,1.178e-08,75700340.0,8.9219,0x04...5a59,https://bscscan.com/tx/0x0a5dd23ac8fe1d6d54c2b36e4321339f0d64ab6516dd95163b391bb76554c304
2023-03-23 07:43:21,True,3.798e-05,1.177e-08,849299.0,0.1,0x43...e42b,https://bscscan.com/tx/0x537c36fcdbdeb52bea3825645d4878831326c9e35b4b5ec8b6e09982cda47a49
2023-03-23 07:39:39,True,3.817e-05,1.177e-08,551745.0,0.0649,0xb1...65a2,https://bscscan.com/tx/0x68572bfaf59fdd3852d469031bc4cb494f7d1eed346d870d695b7fcb9ce7d39a
2023-03-23 07:39:09,True,3.797e-05,1.177e-08,30000.0,0.0035,0xcd...e9e8,https://bscscan.com/tx/0xc3400a9066e28e8c4c2dc8e1c3bf5792f162c57409acbd5e0ec16109519df902
2023-03-23 07:37:48,True,3.817e-05,1.177e-08,1100303.0,0.1295,0x26...7ae4,https://bscscan.com/tx/0x9f30c08c7b35a5c516193dfe47566a938592a9bbe3e2ebe42f1a16eef1a95e7d
2023-03-23 07:37:21,False,3.797e-05,1.171e-08,2592909.0,0.3037,0x47...061f,https://bscscan.com/tx/0x23694db683f3d4b82ed3e513259c7de757f5ea4da5ad9e7d9cbc7050b9d2bd05
2023-03-23 07:37:21,False,3.798e-05,1.171e-08,6750.0,7.908e-05,0x47...061f,https://bscscan.com/tx/0x23694db683f3d4b82ed3e513259c7de757f5ea4da5ad9e7d9cbc7050b9d2bd05
2023-03-23 07:35:18,False,3.779e-05,1.171e-08,2492500.0,0.292,0x5a...33fc,https://bscscan.com/tx/0xd21f2422dae9c4dbe1834a67339456521fcca7449de36704d6fe216b99093bd8
2023-03-23 07:35:18,False,3.779e-05,1.171e-08,139860.0,0.0163,0x5a...33fc,https://bscscan.com/tx/0xd21f2422dae9c4dbe1834a67339456521fcca7449de36704d6fe216b99093bd8
2023-03-23 07:34:18,True,3.798e-05,1.177e-08,16984.6,0.002,0x07...bc31,https://bscscan.com/tx/0x1999e76cc47b1e1b103731f492601546ccbdf011550b6ad6aada994e369d9a8d
2023-03-23 07:33:39,True,3.798e-05,1.177e-08,4246391.0,0.5,0xc2...8eea,https://bscscan.com/tx/0x3d4607ac4825c1e4250cfa9e1234de90eaa6b4dd550281bb18ea0936e96d0974
2023-03-23 07:33:15,True,3.796e-05,1.177e-08,16986536.0,1.99958,0xcc...0331,https://bscscan.com/tx/0x333bf77f9ed2f45884fad234ed515d6b7570c97aa066ab1cfafd3aa4c904d23a
2023-03-23 07:31:48,False,3.797e-05,1.171e-08,30458482.0,3.56813,0x2d...12b1,https://bscscan.com/tx/0xefb8e6cabc0f02fe5b61979798a9abd31820a8b26dee64dca8d4235fbf2b0f06
2023-03-23 07:31:48,False,3.799e-05,1.171e-08,131564.0,0.0154,0x2d...12b1,https://bscscan.com/tx/0xefb8e6cabc0f02fe5b61979798a9abd31820a8b26dee64dca8d4235fbf2b0f06
2023-03-23 07:31:33,True,3.816e-05,1.177e-08,22866919.0,2.69251,0x20...946b,https://bscscan.com/tx/0x0994750860f7b133c370dc7622967f6bee43743f391c35da2ecd5d0c48d5f10f
2023-03-23 07:31:24,True,3.815e-05,1.176e-08,16764582.0,1.97299,0x52...86b0,https://bscscan.com/tx/0x05581bbf476a8c071a33d99e5f710ada81d77f513787ed5efb4b53a84b5728af
2023-03-23 07:30:24,True,3.814e-05,1.176e-08,67990.9,0.008,0xe0...a354,https://bscscan.com/tx/0xfc44ff136ce85bfcbed7d794d19fe2a0b02cc184e9a6db3a1631f2f727d51ca1
2023-03-23 07:26:21,False,3.794e-05,1.17e-08,947428.0,0.1109,0x78...51ec,https://bscscan.com/tx/0xd73350bdef090257d27dce56952a623da9fc3a8ea7d989b93c03c0025e3c0f8d
2023-03-23 07:26:21,False,3.794e-05,1.17e-08,4003.89,4.687e-05,0x78...51ec,https://bscscan.com/tx/0xd73350bdef090257d27dce56952a623da9fc3a8ea7d989b93c03c0025e3c0f8d
2023-03-23 07:25:21,True,3.815e-05,1.176e-08,261664.0,0.0307,0x99...5240,https://bscscan.com/tx/0x72cfc64e32e0e2fe758bec473e21eef1619d0fb8ba5553f7722f025d69514aba
2023-03-23 07:24:36,False,3.795e-05,1.17e-08,1217595.0,0.1425,0xdc...c6dd,https://bscscan.com/tx/0x80153b189bd14375a75245ea3f54e8ca6d0d788eccd9083640e83a14f20bbdf8
2023-03-23 07:24:36,False,3.795e-05,1.17e-08,197697.0,0.0231,0xdc...c6dd,https://bscscan.com/tx/0x80153b189bd14375a75245ea3f54e8ca6d0d788eccd9083640e83a14f20bbdf8
2023-03-23 07:24:09,True,3.81e-05,1.175e-08,52483506.0,6.17158,0xab...e688,https://bscscan.com/tx/0x85546f899653e19d794aade9ae25378320d894b962d0003665256041421fa871
2023-03-23 07:22:54,False,3.765e-05,1.169e-08,20675346.0,2.41812,0xeb...972b,https://bscscan.com/tx/0x8b1d72c44ef82b29fc33865a56a34729cbeb7624ff149698d52d8801cd86f852
2023-03-23 07:22:54,False,3.766e-05,1.169e-08,305206.0,0.0357,0xeb...972b,https://bscscan.com/tx/0x8b1d72c44ef82b29fc33865a56a34729cbeb7624ff149698d52d8801cd86f852
2023-03-23 07:22:15,True,3.804e-05,1.175e-08,586863.0,0.069,0x9d...0872,https://bscscan.com/tx/0xfd1ff36ce97da6d6be0ceacb7338d0ba28aee111ff404ca25e7faf9157239aef
2023-03-23 07:22:00,True,3.804e-05,1.175e-08,12277571.0,1.44329,0x20...946b,https://bscscan.com/tx/0x198a5a92149b3ac6c3415298fc712dd372c1158f75cb6fd251a2e87a42bc609e
2023-03-23 07:20:21,True,3.801e-05,1.175e-08,1841638.0,0.2164,0xd7...86df,https://bscscan.com/tx/0x8109c673eb001402304ae67026c2ae3ebbb10a3b0fe3e5fedb1c0544ced8ba89
2023-03-23 07:20:03,True,3.799e-05,1.174e-08,30085326.0,3.53463,0x20...946b,https://bscscan.com/tx/0xcb34b2592af7191faa9eacf283f19212f21e1172d9dc1428bd065056c821c013
2023-03-23 07:19:33,True,3.796e-05,1.174e-08,17099138.0,2.00772,0x52...86b0,https://bscscan.com/tx/0x3293f5b442641fb211b322ab7b38220cfdaf97c538d517c2a244b10df9a4cc94
2023-03-23 07:19:03,True,3.775e-05,1.173e-08,30085419.0,3.53042,0x20...946b,https://bscscan.com/tx/0xaaf39b5306d88787341efd963f0ef0f3d11cb42b2aeca7d3aa7d7bba12cf15aa
2023-03-23 07:11:21,True,3.773e-05,1.172e-08,5115326.0,0.6,0x00...dd79,https://bscscan.com/tx/0x0465ab246bd5c3fb28c74c68e7e05fe10aa68a5c68d7c250bc77c2a48ba21486
2023-03-23 07:09:15,False,3.772e-05,1.167e-08,10131574.0,1.18252,0x9e...ed09,https://bscscan.com/tx/0x5ef4b07ae4de610feaac6d601997bdabdecd9e4be41e9ae3ed5960df56280472
2023-03-23 07:09:15,False,3.773e-05,1.167e-08,27437.6,0.0032,0x9e...ed09,https://bscscan.com/tx/0x5ef4b07ae4de610feaac6d601997bdabdecd9e4be41e9ae3ed5960df56280472
2023-03-23 07:08:48,False,3.755e-05,1.167e-08,10131574.0,1.18282,0x9e...ed09,https://bscscan.com/tx/0x0a9d5626f085814dc44691d18e803e844b3d088aca5a6df1704a195e6dea4dda
2023-03-23 07:08:48,False,3.755e-05,1.167e-08,90290.7,0.0105,0x9e...ed09,https://bscscan.com/tx/0x0a9d5626f085814dc44691d18e803e844b3d088aca5a6df1704a195e6dea4dda
2023-03-23 07:07:36,True,3.788e-05,1.173e-08,30085221.0,3.52908,0x20...946b,https://bscscan.com/tx/0xf65f6bac822ca4235a2229c8b85e0be2e196ebb3ea535dd34aa2346c9d2f9577
2023-03-23 07:07:06,False,3.767e-05,1.166e-08,2934162.0,0.3423,0xc0...5639,https://bscscan.com/tx/0x0d74a7a4953bd71d6ddef36c2918ba8e165a1aee915cc839b5792be916c7dc4b
2023-03-23 07:07:06,False,3.768e-05,1.166e-08,51749.9,0.006,0xc0...5639,https://bscscan.com/tx/0x0d74a7a4953bd71d6ddef36c2918ba8e165a1aee915cc839b5792be916c7dc4b
2023-03-23 07:06:21,False,3.749e-05,1.166e-08,3072976.0,0.3585,0xb6...5b63,https://bscscan.com/tx/0x2289f3e908c7a8f550316f4a287bcbd7fd7740094c572b2e606d1cf48c3e1324
2023-03-23 07:06:21,False,3.749e-05,1.166e-08,1451746.0,0.1694,0xb6...5b63,https://bscscan.com/tx/0x2289f3e908c7a8f550316f4a287bcbd7fd7740094c572b2e606d1cf48c3e1324
2023-03-23 07:06:15,True,3.767e-05,1.172e-08,17127600.0,2.0083,0x52...86b0,https://bscscan.com/tx/0x901deb83fc68e8c09c48cd936aded9d5d7a66e7ea33fa02b2c8ccc723a507c21
2023-03-23 07:05:45,True,3.762e-05,1.17e-08,100300903.0,11.7433,0x9b...2220,https://bscscan.com/tx/0xc8844d7ecd437e6de2248c754c8ff86a796834c3b158196101a0b43fa9bcd445
2023-03-23 07:05:27,True,3.755e-05,1.168e-08,30085238.0,3.51663,0x20...946b,https://bscscan.com/tx/0x5e840257bd21384cbeb3323b9cdc0173e966a5ffc0216d4b7d28e1932192ef39
2023-03-23 07:04:27,True,3.772e-05,1.168e-08,17217090.0,2.01129,0x52...86b0,https://bscscan.com/tx/0x4948285a521c24a1ca967d37a591cabcc4ee13c4553e8b7bd687124fe8b7761d
2023-03-23 07:03:33,True,3.771e-05,1.167e-08,593357.0,0.0693,0x79...81f4,https://bscscan.com/tx/0x9bb785343381026ba8f2415e5aa988e6a7132e9968a77089914285c82adbcc1f
2023-03-23 07:01:33,True,3.753e-05,1.167e-08,256867.0,0.03,0x26...2daa,https://bscscan.com/tx/0x2a9577eaeacdaa1ebe583d64c939f8bddbf8663e9de5e6b4549835c69865770b
2023-03-23 06:59:42,True,3.751e-05,1.167e-08,30085383.0,3.51238,0x20...946b,https://bscscan.com/tx/0xa7106510a5f0110c05b849f6ee02a714404fa4d43593cdadd98ab50b1a83edc5
2023-03-23 06:59:24,True,3.749e-05,1.167e-08,59981.4,0.007,0x4b...ece7,https://bscscan.com/tx/0x6fdd10eb821530a5a26dcd9d1f5faedb34f8fa81272f05ccc40b8b32f1ce0837
2023-03-23 06:58:42,True,3.767e-05,1.166e-08,17211578.0,2.0082,0x52...86b0,https://bscscan.com/tx/0xbb2663d3d7e1ed53e18ee57b64031fdd16fe86e46611e7a763065b8c6cf9e610
2023-03-23 06:57:57,True,3.746e-05,1.166e-08,18054041.0,2.10556,0x20...946b,https://bscscan.com/tx/0xb1d3893d762fb6ff486455feb69235c8d3572e5f0741e07d5432adf8b49d79e6
2023-03-23 06:56:54,True,3.763e-05,1.165e-08,17447942.0,2.03397,0x20...946b,https://bscscan.com/tx/0xc3bf40f335ebf3d8dd4185c769498fea982c139288ce9b8dca24f729f94adddf
2023-03-23 06:56:21,True,3.76e-05,1.165e-08,17249957.0,2.01001,0x52...86b0,https://bscscan.com/tx/0x00f4cbc835834b7fe99d192f3f53f6490aa7ae35ce8ef9ae585ab9b7e2d5bedc
2023-03-23 06:55:20,True,3.758e-05,1.164e-08,30085442.0,3.50354,0x20...946b,https://bscscan.com/tx/0x0d7ff91f0e338827b18886fbb5d17618c32edbfd6c102a8fd2a09813a1580669
2023-03-23 06:55:02,True,3.752e-05,1.162e-08,100300903.0,11.6612,0x9b...2220,https://bscscan.com/tx/0x6870413c24d8c8d0196084bfc3822b4faab89c9d2662647ff30bd3f0d114dc0d
2023-03-23 06:54:56,True,3.747e-05,1.16e-08,13343683.0,1.54915,0x17...4266,https://bscscan.com/tx/0x5cb94305f4da3d3b4c0d952bad3fa8a62fc3f43a6d2e3a87bc7abe2330a8d1bd
2023-03-23 06:54:53,True,3.727e-05,1.16e-08,13348388.0,1.54918,0x17...4266,https://bscscan.com/tx/0x66a19663de9ebb3a3a368a4b1727bfacd2d7a8895b63bdc65ce2fc52d388b9ff
2023-03-23 06:54:14,True,3.725e-05,1.16e-08,17413556.0,2.02019,0x52...86b0,https://bscscan.com/tx/0x59c868e5338f878d9b36eba0c89b0c7d28f6009f53633bd6620f9e992fb1e03c
2023-03-23 06:52:11,True,3.742e-05,1.159e-08,5158367.0,0.5982,0x6b...9f5d,https://bscscan.com/tx/0x440864dc2916f48699cbea176ab70688da96cbe5a220b62d4af864045df5a1c3
2023-03-23 06:51:56,True,3.722e-05,1.159e-08,30068387.0,3.48578,0x20...946b,https://bscscan.com/tx/0xc0dc1b66077452f9fb09bb355736528f663c45c23a1c4a5a067ceb02feb55a26
2023-03-23 06:51:53,True,3.72e-05,1.158e-08,17386642.0,2.01441,0x52...86b0,https://bscscan.com/tx/0x8d258a09aeb229b573240a0426c6b741dab2020b3c36fe4c03a4ce3051052016
2023-03-23 06:51:50,True,3.719e-05,1.158e-08,5188669.0,0.6009,0x6b...9f5d,https://bscscan.com/tx/0x1779e09e27638e3d18414c98018a8766f6704c8d38074d95fe4b0777cc4c32b6
2023-03-23 06:51:38,True,3.718e-05,1.158e-08,5017817.0,0.5811,0x6b...9f5d,https://bscscan.com/tx/0xc5d2ce790d9adf200bb2a7875b4f98cbc5061d92fe2601436bf779ac71e2b062
2023-03-23 06:50:26,False,3.699e-05,1.152e-08,203542.0,0.0234,0x0c...94a6,https://bscscan.com/tx/0x2ac98e996a3485ab2c90350cfdb9e98099752b5e3c25b31b1dadd0fb35a1b4b8
2023-03-23 06:50:26,False,3.699e-05,1.152e-08,15637.9,0.0018,0x0c...94a6,https://bscscan.com/tx/0x2ac98e996a3485ab2c90350cfdb9e98099752b5e3c25b31b1dadd0fb35a1b4b8
2023-03-23 06:48:26,True,3.736e-05,1.157e-08,5152289.0,0.5966,0x6b...9f5d,https://bscscan.com/tx/0x15e8a0f8452fc35d4f9e251be778af826154f20c7ddc5e4c01d98813d28a1736
2023-03-23 06:44:14,False,3.696e-05,1.152e-08,353095.0,0.0406,0x9d...5775,https://bscscan.com/tx/0x5e1bb7be903f0a22800f465cc53017a13fcf86285b4d45b18de96a08fa264f25
2023-03-23 06:44:14,False,3.696e-05,1.152e-08,444542.0,0.0512,0x9d...5775,https://bscscan.com/tx/0x5e1bb7be903f0a22800f465cc53017a13fcf86285b4d45b18de96a08fa264f25
2023-03-23 06:43:02,True,3.714e-05,1.157e-08,5133379.0,0.5943,0x6b...9f5d,https://bscscan.com/tx/0xc88f1daff21bd46c2e2a0548383a792b106b8b2692e5eba6ae53149c60f68ee8
2023-03-23 06:42:38,True,3.713e-05,1.157e-08,2282321.0,0.2642,0x41...4a7a,https://bscscan.com/tx/0x4342dc66a98d07c6b7f0d7ad65e8dfb9fcafe0124eeee0a401365ec2e7de80c1
2023-03-23 06:42:22,True,3.713e-05,1.157e-08,5123632.0,0.5931,0x6b...9f5d,https://bscscan.com/tx/0xfae5f5dbcf41287d2a8bd7e62991e7a4e3fe4d0394ee26f674c19d97633eabbe
2023-03-23 06:40:28,False,3.719e-05,1.153e-08,140920284.0,16.2596,0x33...89d8,https://bscscan.com/tx/0xbd99ecfe4844c277b169e566714ae2d5cab117a100419c930dd13e857ec5e0e1
2023-03-23 06:40:28,False,3.726e-05,1.155e-08,10401.7,0.0012,0x33...89d8,https://bscscan.com/tx/0xbd99ecfe4844c277b169e566714ae2d5cab117a100419c930dd13e857ec5e0e1
2023-03-23 06:35:34,True,3.725e-05,1.161e-08,100000.0,0.0116,0xe8...00a0,https://bscscan.com/tx/0xe6a0b97209b89211a344805e033c25bb7f8962b00aa33db029d45bb86e571ef4
2023-03-23 06:34:43,True,3.744e-05,1.161e-08,1962772.0,0.228,0x53...435b,https://bscscan.com/tx/0x7b53af439dc07577d22a3e3d3ec79f44dd13217a40b35cf7b0dea104ea686045
2023-03-23 06:34:10,True,3.743e-05,1.161e-08,215222.0,0.025,0xc2...f0f0,https://bscscan.com/tx/0xb8f98b79617267b864e1460e1fac45a572e366a5006be4ed95589e187adaddb8
2023-03-23 06:33:25,True,3.743e-05,1.161e-08,604476.0,0.0702,0xa3...914b,https://bscscan.com/tx/0x871444bd09cac687920c4fba55bdd0907da84085852ad06b744a145bb9642ac1
2023-03-23 06:33:19,False,3.705e-05,1.155e-08,967090.0,0.1117,0xe6...a204,https://bscscan.com/tx/0x8f5798bd5250fd21ecbf650cf1f31818defaa29c3857bb78bbc7bd5773daffb9
2023-03-23 06:33:19,False,3.706e-05,1.155e-08,727722.0,0.0841,0xe6...a204,https://bscscan.com/tx/0x8f5798bd5250fd21ecbf650cf1f31818defaa29c3857bb78bbc7bd5773daffb9
2023-03-23 06:30:52,True,3.732e-05,1.158e-08,206311039.0,23.9034,0x18...1ab1,https://bscscan.com/tx/0xdda10e4da7cb86dcb2d2e9263998807b9f2975ea063d45278f071f09596d600b
2023-03-23 06:28:25,True,3.723e-05,1.155e-08,5036815.0,0.582,0x6b...9f5d,https://bscscan.com/tx/0xc851b33007e0b7755678ea48d6941a4faad233667a7cd703c72218e7477604d6
2023-03-23 06:28:19,False,3.706e-05,1.15e-08,58004423.0,6.67363,0x3a...ffd7,https://bscscan.com/tx/0x7693f65be56c03c27e4d101fa7c11552883954673d9f6e221ad783e61dd9a072
2023-03-23 06:28:19,False,3.709e-05,1.151e-08,13955.6,0.0016,0x3a...ffd7,https://bscscan.com/tx/0x7693f65be56c03c27e4d101fa7c11552883954673d9f6e221ad783e61dd9a072
2023-03-23 06:27:43,True,3.709e-05,1.157e-08,2000000.0,0.2314,0xe8...00a0,https://bscscan.com/tx/0x7f395ca7d765d4c065b54abf58b8cd44ea285aa224b2759eb07db1beb2a43380
2023-03-23 06:26:58,True,3.709e-05,1.157e-08,2833201.0,0.3278,0x91...40fb,https://bscscan.com/tx/0x2006a303eca9ddcff1d53c803fb6c4c84e7f63f10582f51d1faf8750332c6377
2023-03-23 06:25:59,False,3.69e-05,1.151e-08,201670.0,0.0232,0x21...f107,https://bscscan.com/tx/0x54cc20f01ed5b9c2bd048051a8f0bb376abc8a7f6ef7f29c6dfd703dec22a8a7
2023-03-23 06:25:59,False,3.69e-05,1.151e-08,14424.2,0.0016,0x21...f107,https://bscscan.com/tx/0x54cc20f01ed5b9c2bd048051a8f0bb376abc8a7f6ef7f29c6dfd703dec22a8a7
2023-03-23 06:25:10,False,3.709e-05,1.151e-08,5326266.0,0.6132,0x33...0648,https://bscscan.com/tx/0xa424acb06e65f81cb75e7a80065e11b77c7389d4703472c0caade54a22d66003
2023-03-23 06:25:10,False,3.709e-05,1.151e-08,6429.47,7.402e-05,0x33...0648,https://bscscan.com/tx/0xa424acb06e65f81cb75e7a80065e11b77c7389d4703472c0caade54a22d66003
2023-03-23 06:24:35,False,3.71e-05,1.151e-08,2374140.0,0.2733,0xfc...c1a3,https://bscscan.com/tx/0x5f340bc79c986b2de531faaa10387f261d9c8a2958684fecd0e9cc11978b6599
2023-03-23 06:24:35,False,3.71e-05,1.151e-08,96628.5,0.0111,0xfc...c1a3,https://bscscan.com/tx/0x5f340bc79c986b2de531faaa10387f261d9c8a2958684fecd0e9cc11978b6599
2023-03-23 06:20:29,True,3.728e-05,1.157e-08,86412.4,0.01,0x1f...0e6b,https://bscscan.com/tx/0xbdeb0988684c134b2c7c6eeb8cff25882a836ea7aea7457b6e61d71d3a9279a6
2023-03-23 06:17:26,False,3.692e-05,1.151e-08,35594827.0,4.10044,0xef...bd7d,https://bscscan.com/tx/0xceac02b9a838f097940ff1ff173d2c85ab46b125e0efc8ac6447cd07f6bbe68a
2023-03-23 06:17:26,False,3.694e-05,1.152e-08,244892.0,0.0282,0xef...bd7d,https://bscscan.com/tx/0xceac02b9a838f097940ff1ff173d2c85ab46b125e0efc8ac6447cd07f6bbe68a
2023-03-23 06:15:56,True,3.711e-05,1.157e-08,24610134.0,2.84966,0x4f...add7,https://bscscan.com/tx/0x89608b50b4162020d70944a8c56eef57f1883554b06ca44281cb103d0a94d5c1
2023-03-23 06:14:41,True,3.709e-05,1.157e-08,259166.0,0.03,0xda...290c,https://bscscan.com/tx/0xf5630082b996114935b03ae41e37d7119f3995d90327afdff1b6d35094d04f35
2023-03-23 06:13:47,False,3.693e-05,1.152e-08,65633823.0,7.56577,0xe8...558c,https://bscscan.com/tx/0x32d65c27b75ad3725d3135a8fc3f0768d7fa42cf559e8bdb04073f43316c012b
2023-03-23 06:13:47,False,3.696e-05,1.153e-08,3991.14,4.604e-05,0xe8...558c,https://bscscan.com/tx/0x32d65c27b75ad3725d3135a8fc3f0768d7fa42cf559e8bdb04073f43316c012b
2023-03-23 06:13:38,True,3.733e-05,1.159e-08,165917.0,0.0192,0x1d...9e1b,https://bscscan.com/tx/0xf6b8c47a1b41c5fa881da0a26a526c43087be65b15e357f34fd923c0e8f7af64
2023-03-23 06:13:38,True,3.733e-05,1.159e-08,170257.0,0.0197,0x5c...2fd1,https://bscscan.com/tx/0x81314951912ca7df95e04383222bbebda1a89646fa3a9cf89cd82ed2be908f26
2023-03-23 06:13:38,True,3.733e-05,1.159e-08,342026.0,0.0396,0x5c...2fd1,https://bscscan.com/tx/0x81314951912ca7df95e04383222bbebda1a89646fa3a9cf89cd82ed2be908f26
2023-03-23 06:13:32,False,3.714e-05,1.153e-08,797600.0,0.092,0x0c...be0e,https://bscscan.com/tx/0x358ae421b6c9941d6a5eaa7d5f3fe401255a98a1743727bc508598f319bd01d5
2023-03-23 06:13:32,False,3.714e-05,1.153e-08,134188.0,0.0154,0x0c...be0e,https://bscscan.com/tx/0x358ae421b6c9941d6a5eaa7d5f3fe401255a98a1743727bc508598f319bd01d5
2023-03-23 06:13:29,True,3.733e-05,1.159e-08,2662080.0,0.3086,0x26...20ae,https://bscscan.com/tx/0xd6226f4fc7ae1e61583fdd6c32783413385ece31b6e59b398bb303f4a4f9cfb1
2023-03-23 06:13:26,True,3.733e-05,1.159e-08,11438.5,0.0013,0x19...d10d,https://bscscan.com/tx/0xf843d893cd84ab7a0e7a0e289daae185848d71974323c018ec4359518b74bcea
2023-03-23 06:12:44,True,3.714e-05,1.159e-08,258758.0,0.03,0xda...290c,https://bscscan.com/tx/0x1b9a07817937405e41cbd75970580a378522de6765132d94c38147205e92a45b
2023-03-23 06:10:26,True,3.715e-05,1.159e-08,18203512.0,2.11,0x8c...2412,https://bscscan.com/tx/0x2a070e1e2453e3e9cb92246b0624b0795598e0e4f13063045083f2979282ff6d
2023-03-23 06:10:05,True,3.714e-05,1.158e-08,1048413.0,0.1214,0x0c...a1a2,https://bscscan.com/tx/0xf6a879f2633eebfc9c9180b3e9ff3ead28db3c5eb8e7e68b0600bbb9a6cc3ead
2023-03-23 06:09:59,True,3.714e-05,1.158e-08,1436993.0,0.1665,0x2a...89a8,https://bscscan.com/tx/0xbcb4a166d8f64bdc060db841bd73b9720a61e318a42ff827f7bda69925eea3be
2023-03-23 06:09:17,False,3.696e-05,1.153e-08,25999766.0,2.99873,0x48...82ae,https://bscscan.com/tx/0xfc1f68faba32bcc52112f2f4818e642d51f2dc0cdcd2c42a7f7a8c8bb97994f5
2023-03-23 06:09:17,False,3.698e-05,1.153e-08,12576.9,0.0014,0x48...82ae,https://bscscan.com/tx/0xfc1f68faba32bcc52112f2f4818e642d51f2dc0cdcd2c42a7f7a8c8bb97994f5
2023-03-23 06:01:32,True,3.733e-05,1.159e-08,2693286.0,0.3122,0xe9...222e,https://bscscan.com/tx/0x697c389452508debd134a8f5d38b18673b2f1df1b4b07e651a6c429bdcf9317b
2023-03-23 05:58:38,False,3.715e-05,1.153e-08,1958942.0,0.226,0x17...3a92,https://bscscan.com/tx/0x6b10489f001febbc7c16dc98e95c654e5cbccdcc465e37fa8ebe212626bbfb80
2023-03-23 05:58:38,False,3.716e-05,1.153e-08,73991.9,0.0085,0x17...3a92,https://bscscan.com/tx/0x6b10489f001febbc7c16dc98e95c654e5cbccdcc465e37fa8ebe212626bbfb80
2023-03-23 05:57:47,True,3.733e-05,1.159e-08,18215354.0,2.11162,0xfa...ce4c,https://bscscan.com/tx/0xa7c42974b0cd10796106f20293d74df24e5cacaa2ffef3777b77c1752a2b251c
2023-03-23 05:56:02,True,3.713e-05,1.158e-08,431414.0,0.05,0x89...ebba,https://bscscan.com/tx/0xcc6a50515355c0e242bde6ca13841b7c25df483d16bf5753aa10efae944b0e6c
2023-03-23 05:51:32,True,3.732e-05,1.158e-08,80317.3,0.0093,0x5e...e4a8,https://bscscan.com/tx/0x3342433036039a2033cbfe9ade5516f4d64bab0598bf0e6bba6b7428dbc8a0bf
2023-03-23 05:51:11,False,3.696e-05,1.153e-08,8651287.0,0.9977,0x8c...049a,https://bscscan.com/tx/0x6e37c997d5d5996f8fa3b40dea4acdf9ff4271e15f1bbe966678b7e66030169d
2023-03-23 05:51:11,False,3.696e-05,1.153e-08,2588.51,2.985e-05,0x8c...049a,https://bscscan.com/tx/0x6e37c997d5d5996f8fa3b40dea4acdf9ff4271e15f1bbe966678b7e66030169d
2023-03-23 05:49:50,False,3.717e-05,1.153e-08,955832.0,0.1102,0xce...a4e8,https://bscscan.com/tx/0xfd7d05a277bd2a1f9cbfeece9781647a007491ce3b2712016e05d9a32c7e1044
2023-03-23 05:49:50,False,3.717e-05,1.153e-08,3834.92,4.423e-05,0xce...a4e8,https://bscscan.com/tx/0xfd7d05a277bd2a1f9cbfeece9781647a007491ce3b2712016e05d9a32c7e1044
2023-03-23 05:48:29,True,3.734e-05,1.159e-08,272178.0,0.0315,0x8c...6322,https://bscscan.com/tx/0x2b2eb82e63c1e1492a6bd6094e29300afc4ff39032fe50577392af444e53ee40
2023-03-23 05:48:29,True,3.734e-05,1.159e-08,548162.0,0.0635,0x8c...6322,https://bscscan.com/tx/0x2b2eb82e63c1e1492a6bd6094e29300afc4ff39032fe50577392af444e53ee40
2023-03-23 05:44:47,False,3.712e-05,1.153e-08,598200.0,0.069,0x93...3efc,https://bscscan.com/tx/0xeb3522589d0c0f2920fa93a4aa94f62ffdd5d6c4df8a6308cfdfc8ac1697e643
2023-03-23 05:44:47,False,3.712e-05,1.153e-08,370.878,4.277e-06,0x93...3efc,https://bscscan.com/tx/0xeb3522589d0c0f2920fa93a4aa94f62ffdd5d6c4df8a6308cfdfc8ac1697e643
2023-03-23 05:44:14,False,3.712e-05,1.153e-08,136950.0,0.0158,0x43...efc8,https://bscscan.com/tx/0xaf8f63366889bd078d7bb0b4413bf2230839361abb500e4cf1302eaea3e3a443
2023-03-23 05:44:14,False,3.712e-05,1.153e-08,38698.8,0.0044,0x43...efc8,https://bscscan.com/tx/0xaf8f63366889bd078d7bb0b4413bf2230839361abb500e4cf1302eaea3e3a443
2023-03-23 05:42:59,True,3.732e-05,1.159e-08,6481028.0,0.7512,0x98...304f,https://bscscan.com/tx/0xdb670145b85e3681f5c0ecd6bb4a62b2a9f971940b27d966257009ddde2adf14
2023-03-23 05:38:32,True,3.731e-05,1.159e-08,2680081.0,0.3106,0x86...e0da,https://bscscan.com/tx/0xd1b4c2b162bcfecf922b8f25983bc26b2afaabdbcc77c8139439caccaa0e445a
2023-03-23 05:31:59,False,3.711e-05,1.153e-08,4985000.0,0.5749,0x8d...ffd0,https://bscscan.com/tx/0x22e70a8d861960a1d3ab337c34ba6f5b0ed76e098d81d99f178bf9da2e33e96c
2023-03-23 05:31:59,False,3.711e-05,1.153e-08,47642.4,0.0054,0x8d...ffd0,https://bscscan.com/tx/0x22e70a8d861960a1d3ab337c34ba6f5b0ed76e098d81d99f178bf9da2e33e96c
2023-03-23 05:31:20,True,3.729e-05,1.159e-08,4772562.0,0.5531,0x05...7dcb,https://bscscan.com/tx/0x57101e7c76704cb07af0d3ea90f790d07c9d85044ab4aa80069f4bf6b7bc2f8b
2023-03-23 05:30:35,False,3.711e-05,1.153e-08,12834143.0,1.48027,0xd4...cc47,https://bscscan.com/tx/0xbcf2897ec1343e50f8150aecd5fbcd788fe54b9bd75c3812c3a747fbbd708c77
2023-03-23 05:30:35,False,3.711e-05,1.153e-08,1310.3,1.511e-05,0xd4...cc47,https://bscscan.com/tx/0xbcf2897ec1343e50f8150aecd5fbcd788fe54b9bd75c3812c3a747fbbd708c77
2023-03-23 05:28:38,False,3.71e-05,1.153e-08,483842.0,0.0558,0xb8...35ab,https://bscscan.com/tx/0x6426b91d7b5be5f6e10476821682d3fd7f0da7978b928e1bbf09689da29d79ef
2023-03-23 05:28:38,False,3.71e-05,1.153e-08,46757.8,0.0053,0xb8...35ab,https://bscscan.com/tx/0x6426b91d7b5be5f6e10476821682d3fd7f0da7978b928e1bbf09689da29d79ef
2023-03-23 05:27:37,True,3.729e-05,1.159e-08,7976459.0,0.9246,0xe8...7311,https://bscscan.com/tx/0x6b90145158cd72684c599e19a10f87c4dffe6ef2e722ee5f744e0e809e79e9ae
2023-03-23 05:26:10,False,3.693e-05,1.153e-08,9313236.0,1.07427,0x73...7014,https://bscscan.com/tx/0xa6b8304e0b201d8003b1d13d786752322ab0e9e6772e5436279d3df892c4ab1d
2023-03-23 05:26:10,False,3.693e-05,1.153e-08,709.985,8.19e-06,0x73...7014,https://bscscan.com/tx/0xa6b8304e0b201d8003b1d13d786752322ab0e9e6772e5436279d3df892c4ab1d
2023-03-23 05:26:01,False,3.693e-05,1.153e-08,262169.0,0.0302,0xf9...26d4,https://bscscan.com/tx/0xb20427116b20bf532a60b744cffcde0dbac25c4a5ebb0cd7fcb8973807e46c0e
2023-03-23 05:26:01,False,3.693e-05,1.153e-08,8470.96,9.772e-05,0xf9...26d4,https://bscscan.com/tx/0xb20427116b20bf532a60b744cffcde0dbac25c4a5ebb0cd7fcb8973807e46c0e
2023-03-23 05:25:47,False,3.712e-05,1.153e-08,3127981.0,0.3608,0xe6...46ab,https://bscscan.com/tx/0xb116fa7217a989abfb9430d9e6d9fac2b3e836d94f3a469991bacc7148d3343b
2023-03-23 05:25:47,False,3.712e-05,1.153e-08,193607.0,0.0223,0xe6...46ab,https://bscscan.com/tx/0xb116fa7217a989abfb9430d9e6d9fac2b3e836d94f3a469991bacc7148d3343b
2023-03-23 05:24:15,False,3.698e-05,1.154e-08,71491300.0,8.25556,0xd6...e942,https://bscscan.com/tx/0xb7f2bb3886f29dbfbae7af76eab7034056b5e6f2add39b06065505a13e5c4879
2023-03-23 05:24:15,False,3.701e-05,1.155e-08,353054.0,0.0408,0xd6...e942,https://bscscan.com/tx/0xb7f2bb3886f29dbfbae7af76eab7034056b5e6f2add39b06065505a13e5c4879
2023-03-23 05:23:38,True,3.735e-05,1.16e-08,57424665.0,6.66569,0xc2...c746,https://bscscan.com/tx/0xdfc5c01c97a07cdf3bf314704e1ed0f6a1c2921140ce66c87064f7bf03d24870
2023-03-23 05:19:37,True,3.73e-05,1.159e-08,268031.0,0.031,0x85...376d,https://bscscan.com/tx/0x6529887ad24d770c1f5ab726660b6e90f29bdd0b5b3460599bb3b2e83edd6967
2023-03-23 05:18:04,False,3.712e-05,1.154e-08,1142447.0,0.1318,0xdc...c6dd,https://bscscan.com/tx/0x17d69f2fcf9ba6b7467c024f07b4d2f57db244b84c5e9d19bed7f0d4465a2695
2023-03-23 05:18:04,False,3.713e-05,1.154e-08,26072.0,0.003,0xdc...c6dd,https://bscscan.com/tx/0x17d69f2fcf9ba6b7467c024f07b4d2f57db244b84c5e9d19bed7f0d4465a2695
2023-03-23 05:17:43,True,3.725e-05,1.159e-08,2805213.0,0.3253,0x38...9030,https://bscscan.com/tx/0x4d89cf3e87ed331cbe431114b6bcbf6534a79365bf8a7ba32630b0fccaf2b49c
2023-03-23 05:14:31,False,3.689e-05,1.154e-08,6830537.0,0.7883,0x2e...2166,https://bscscan.com/tx/0x7e3ef35decab9997b3a534fc9883f6c49ce6616dc9ecd77c9ab2c5b505466bb6
2023-03-23 05:14:31,False,3.69e-05,1.154e-08,140818.0,0.0162,0x2e...2166,https://bscscan.com/tx/0x7e3ef35decab9997b3a534fc9883f6c49ce6616dc9ecd77c9ab2c5b505466bb6
2023-03-23 05:14:25,True,3.706e-05,1.159e-08,50080707.0,5.80612,0xf7...1421,https://bscscan.com/tx/0x0f187701336710cdd4dc7cb95d9b756494b09ac3bfbfa71d4e17860653a9f367
2023-03-23 05:14:07,True,3.722e-05,1.158e-08,51974.3,0.006,0xfd...4774,https://bscscan.com/tx/0xc596b3a0ae8429298c6b197351b9d449b5b6ce148c56cf5e61882ce44e667a67
2023-03-23 05:13:43,True,3.704e-05,1.158e-08,2021950.0,0.2342,0x5d...2948,https://bscscan.com/tx/0x59264f95f1e8a673f8f630cd3ed4ffd4f1347fd0fe20c0e5f68edcb8026d297c
2023-03-23 05:12:49,False,3.704e-05,1.152e-08,4821268.0,0.5558,0xdc...c6dd,https://bscscan.com/tx/0x41da82a99a77d56df70821f0a8b12598b7738dcf1e7b9cdbfcc2d643fbaeb225
2023-03-23 05:12:49,False,3.705e-05,1.152e-08,124126.0,0.0143,0xdc...c6dd,https://bscscan.com/tx/0x41da82a99a77d56df70821f0a8b12598b7738dcf1e7b9cdbfcc2d643fbaeb225
2023-03-23 05:11:55,True,3.703e-05,1.158e-08,16202750.0,1.87705,0x78...3ed8,https://bscscan.com/tx/0x3803ac32276b4df720b72ccd5bfa4edff0670b6d2a1eff1814071d30e5a24e1b
2023-03-23 05:07:49,True,3.704e-05,1.158e-08,2388449.0,0.2766,0xfc...c1a3,https://bscscan.com/tx/0x73dc735b8e851df26c290dfb3215c9357903d2238e63c3ae2f3368de877f9eba
2023-03-23 05:07:10,True,3.723e-05,1.158e-08,163844.0,0.0189,0x95...b8ea,https://bscscan.com/tx/0xd7e66ea7625d9f797d6221a8693deeb564dd5412bd39e5a877bb3557ca915851
2023-03-23 05:03:22,False,3.685e-05,1.152e-08,27136023.0,3.12817,0xc0...1f4f,https://bscscan.com/tx/0xbda317e35a1ab8714a254768d93e05a8a91dfeed4eb91b5b0c322cbd5837d389
2023-03-23 05:03:22,False,3.686e-05,1.153e-08,13682.9,0.0015,0xc0...1f4f,https://bscscan.com/tx/0xbda317e35a1ab8714a254768d93e05a8a91dfeed4eb91b5b0c322cbd5837d389
2023-03-23 05:02:58,False,3.705e-05,1.153e-08,5052537.0,0.5826,0x6b...9f5d,https://bscscan.com/tx/0x925189e3d6561c77238e48062a65cf496aa36cc37c17d609e5ac4b052f9760a2
2023-03-23 05:02:58,False,3.705e-05,1.153e-08,123666.0,0.0142,0x6b...9f5d,https://bscscan.com/tx/0x925189e3d6561c77238e48062a65cf496aa36cc37c17d609e5ac4b052f9760a2
2023-03-23 05:02:43,True,3.721e-05,1.158e-08,40795608.0,4.7262,0xc8...f2d8,https://bscscan.com/tx/0x5e05803683603181a1d09b3de1d818624fcdf5a0687d707840d0f35687389334
2023-03-23 05:02:25,False,3.701e-05,1.152e-08,4991639.0,0.5751,0x6b...9f5d,https://bscscan.com/tx/0x64b527cfd8d02a0845a861178ff54571976d56619bbde2cfea600ea22cbcc822
2023-03-23 05:02:25,False,3.701e-05,1.152e-08,73571.7,0.0084,0x6b...9f5d,https://bscscan.com/tx/0x64b527cfd8d02a0845a861178ff54571976d56619bbde2cfea600ea22cbcc822
2023-03-23 05:02:10,False,3.702e-05,1.152e-08,27167020.0,3.13147,0xc0...1f4f,https://bscscan.com/tx/0x3846f2853b243ba902a8e23e70883fb967da5783d97c56f5579fc1d2a3e16eda
2023-03-23 05:02:10,False,3.703e-05,1.153e-08,13618.4,0.0015,0xc0...1f4f,https://bscscan.com/tx/0x3846f2853b243ba902a8e23e70883fb967da5783d97c56f5579fc1d2a3e16eda
2023-03-23 05:01:52,False,3.704e-05,1.153e-08,5028712.0,0.5798,0x6b...9f5d,https://bscscan.com/tx/0x524f6d47294cb39dabdc115faaddeb9e960969b4cb5f87f0d0607739fcef8ae2
2023-03-23 05:01:52,False,3.704e-05,1.153e-08,164454.0,0.0189,0x6b...9f5d,https://bscscan.com/tx/0x524f6d47294cb39dabdc115faaddeb9e960969b4cb5f87f0d0607739fcef8ae2
2023-03-23 05:01:43,True,3.718e-05,1.158e-08,53786084.0,6.22961,0xab...e688,https://bscscan.com/tx/0x1f63a370b6bbe9d4d7d43715ad571dbbac78ed186b177622d5c64c46b254b791
2023-03-23 05:00:58,True,3.716e-05,1.157e-08,2089999.0,0.2419,0x90...0524,https://bscscan.com/tx/0x240cec17b14df567e9d602a3090d888ea0e38243966c15c36eff8df234c602f7
2023-03-23 05:00:49,False,3.698e-05,1.151e-08,5017626.0,0.5778,0x6b...9f5d,https://bscscan.com/tx/0x1ceb12d105fe4d26788b819688b047d832e568faca7d79eb28afb4c71df1870d
2023-03-23 05:00:49,False,3.698e-05,1.151e-08,73576.0,0.0084,0x6b...9f5d,https://bscscan.com/tx/0x1ceb12d105fe4d26788b819688b047d832e568faca7d79eb28afb4c71df1870d
2023-03-23 04:59:49,False,3.682e-05,1.152e-08,27168629.0,3.1302,0xc0...1f4f,https://bscscan.com/tx/0xd7203ed186b69b6cd0905eddf94a4fa9676ca94cd16b09a0dc5b7c7fb07d46d5
2023-03-23 04:59:49,False,3.683e-05,1.152e-08,13951.4,0.0016,0xc0...1f4f,https://bscscan.com/tx/0xd7203ed186b69b6cd0905eddf94a4fa9676ca94cd16b09a0dc5b7c7fb07d46d5
2023-03-23 04:59:46,False,3.684e-05,1.152e-08,5151666.0,0.5937,0x6b...9f5d,https://bscscan.com/tx/0xd78898031b01db15f28d5b800a38c2738dffb5c20d9faadec2e65543a699522b
2023-03-23 04:59:46,False,3.684e-05,1.152e-08,50856.6,0.0058,0x6b...9f5d,https://bscscan.com/tx/0xd78898031b01db15f28d5b800a38c2738dffb5c20d9faadec2e65543a699522b
2023-03-23 04:59:28,False,3.685e-05,1.152e-08,18779261.0,2.16515,0x05...7066,https://bscscan.com/tx/0x419f51851bd3fcb3485eb8310b4bcb25451a776d829c694278be3620cd2083bf
2023-03-23 04:59:28,False,3.686e-05,1.153e-08,13527.7,0.0015,0x05...7066,https://bscscan.com/tx/0x419f51851bd3fcb3485eb8310b4bcb25451a776d829c694278be3620cd2083bf
2023-03-23 04:59:16,False,3.686e-05,1.153e-08,4995217.0,0.576,0x6b...9f5d,https://bscscan.com/tx/0x10fe641f34157103f7e6533397541c87caf3c5b0b15a324b5dfcdbc25d4fa2bb
2023-03-23 04:59:16,False,3.686e-05,1.153e-08,218724.0,0.0252,0x6b...9f5d,https://bscscan.com/tx/0x10fe641f34157103f7e6533397541c87caf3c5b0b15a324b5dfcdbc25d4fa2bb
2023-03-23 04:59:04,True,3.702e-05,1.158e-08,53746127.0,6.22583,0xab...e688,https://bscscan.com/tx/0x6b96c64f52de940561995eac64b02a78bc26eaef1ccb809eb30b21154586aacf
2023-03-23 04:58:01,False,3.683e-05,1.152e-08,27180832.0,3.1318,0xc0...1f4f,https://bscscan.com/tx/0xe1784a8f4de78ce09a25ccd28a02425d03f2cd601106aff86e0aa0013970f664
2023-03-23 04:58:01,False,3.684e-05,1.152e-08,13785.5,0.0015,0xc0...1f4f,https://bscscan.com/tx/0xe1784a8f4de78ce09a25ccd28a02425d03f2cd601106aff86e0aa0013970f664
2023-03-23 04:57:52,False,3.685e-05,1.152e-08,5090439.0,0.5867,0x6b...9f5d,https://bscscan.com/tx/0x5106ccb4ab38e0d451f1313ce807d295d3336516a35f9a3d0cde52b0a5a75fe0
2023-03-23 04:57:52,False,3.685e-05,1.152e-08,13809.2,0.0015,0x6b...9f5d,https://bscscan.com/tx/0x5106ccb4ab38e0d451f1313ce807d295d3336516a35f9a3d0cde52b0a5a75fe0
2023-03-23 04:57:16,False,3.704e-05,1.152e-08,5099171.0,0.5878,0x6b...9f5d,https://bscscan.com/tx/0x9d3e2f163b8b7ee46fc201dc67339afbc35b4f0bd78a2895fd0db4b44711e5fa
2023-03-23 04:57:16,False,3.705e-05,1.152e-08,40584.4,0.0046,0x6b...9f5d,https://bscscan.com/tx/0x9d3e2f163b8b7ee46fc201dc67339afbc35b4f0bd78a2895fd0db4b44711e5fa
2023-03-23 04:57:13,False,3.705e-05,1.153e-08,14986156.0,1.72807,0xd4...cc47,https://bscscan.com/tx/0x46a7ed62fcaa666032b08e634e2bb4756ac8a6d5bd505584bf3f6f10fd5a1999
2023-03-23 04:57:13,False,3.706e-05,1.153e-08,338727.0,0.039,0xd4...cc47,https://bscscan.com/tx/0x46a7ed62fcaa666032b08e634e2bb4756ac8a6d5bd505584bf3f6f10fd5a1999
2023-03-23 04:57:10,True,3.719e-05,1.157e-08,120964006.0,14.0,0x55...cd94,https://bscscan.com/tx/0xe56baa27f37a1d5d27d7813602dfde5fb5cfee11c2defb6c7cb7e3962b31febc
2023-03-23 04:55:31,True,3.694e-05,1.155e-08,4326925.0,0.5,0x1b...4e94,https://bscscan.com/tx/0x30f39e6c104767135b6c6745136e75e3894a382838767fc6ee27b8550229685f
2023-03-23 04:55:13,False,3.675e-05,1.149e-08,163158.0,0.0187,0xba...d2e2,https://bscscan.com/tx/0xf4b6cbd552e2b7b4c39df77ff35d908c69fb52465f31c2c5a27122b644f52a6f
2023-03-23 04:55:13,False,3.675e-05,1.149e-08,24855.4,0.0028,0xba...d2e2,https://bscscan.com/tx/0xf4b6cbd552e2b7b4c39df77ff35d908c69fb52465f31c2c5a27122b644f52a6f
2023-03-23 04:54:55,True,3.712e-05,1.155e-08,777934.0,0.0898,0xae...48e4,https://bscscan.com/tx/0x25054cc88f8a508b79a8c00af0dd066c556ef04e6ae95f23794ae3a380325768
2023-03-23 04:52:40,False,3.675e-05,1.149e-08,5713390.0,0.6569,0xd4...cc47,https://bscscan.com/tx/0x63c2e9382af17749e70a2eae1b97580be266e65bc9bbc43ad4131f6459001def
2023-03-23 04:52:37,False,3.676e-05,1.15e-08,11365731.0,1.3071,0x1c...5480,https://bscscan.com/tx/0x59ab1714b4b5723ca5c496437a0d590698d2851fc8798e992d96da0decfa4844
2023-03-23 04:52:37,False,3.677e-05,1.15e-08,5956624.0,0.6851,0x00...6650,https://bscscan.com/tx/0x8d718d3d2b63a3cf2c6f7ad5b3546ad054bcbfa07d6298cb6fd3baa76dc56fa1
2023-03-23 04:52:37,False,3.677e-05,1.15e-08,1120306.0,0.1288,0x00...6650,https://bscscan.com/tx/0x8d718d3d2b63a3cf2c6f7ad5b3546ad054bcbfa07d6298cb6fd3baa76dc56fa1
2023-03-23 04:52:37,True,3.676e-05,1.15e-08,414784005.0,47.708,0xf7...1421,https://bscscan.com/tx/0x7b4c0e560d86efcf558d8cdb1a19bac54615873e5e434998470d1250fd7eb540
2023-03-23 04:48:37,False,3.655e-05,1.138e-08,143691.0,0.0163,0x53...aad7,https://bscscan.com/tx/0xafd8fe930c3918a11887a724f0f7f9da2b0694e777047565113af113c1bf9f83
2023-03-23 04:48:37,False,3.655e-05,1.138e-08,39504.4,0.0045,0x53...aad7,https://bscscan.com/tx/0xafd8fe930c3918a11887a724f0f7f9da2b0694e777047565113af113c1bf9f83
2023-03-23 04:47:10,True,3.674e-05,1.144e-08,631266.0,0.0722,0x36...f284,https://bscscan.com/tx/0xc2e014350b571ae1b14e45a1e85917f61eeeaf246c556d13f3b3f2ad20d15c0e
2023-03-23 04:44:04,False,3.636e-05,1.138e-08,13958000.0,1.58943,0x46...c1ef,https://bscscan.com/tx/0xe356c0754763ddf826a3818621b45ba516113561a2ab941bd40ffaa188a03fd2
2023-03-23 04:44:04,False,3.636e-05,1.138e-08,9086.05,0.001,0x46...c1ef,https://bscscan.com/tx/0xe356c0754763ddf826a3818621b45ba516113561a2ab941bd40ffaa188a03fd2
2023-03-23 04:43:40,True,3.673e-05,1.144e-08,2791211.0,0.3194,0xaa...d6e2,https://bscscan.com/tx/0xefaeb9834719c2ac725b4ee0e184128a2ae0463354d32c05693dbc207cd045c4
2023-03-23 04:42:37,True,3.673e-05,1.144e-08,272214.0,0.0311,0xe3...cd17,https://bscscan.com/tx/0x5d7e593d93366f1df57caa7a8294ef616e7b98f8657a7932f596986cb1bf331d
2023-03-23 04:27:16,False,3.636e-05,1.138e-08,300873.0,0.0342,0xc8...3f1c,https://bscscan.com/tx/0xa2acc0558d82e00a52264ff0da0bfe707abd6b5ceb811aa37884c5192d91f7d1
2023-03-23 04:27:16,False,3.636e-05,1.138e-08,4798.8,5.465e-05,0xc8...3f1c,https://bscscan.com/tx/0xa2acc0558d82e00a52264ff0da0bfe707abd6b5ceb811aa37884c5192d91f7d1
2023-03-23 04:26:01,True,3.654e-05,1.144e-08,193764.0,0.0221,0x47...c565,https://bscscan.com/tx/0xc67bc2bf405344efa8918ec057f2f07d57b7c0bb7e9f6f9f5e6ddcbaee72e903
2023-03-23 04:25:16,True,3.655e-05,1.144e-08,1395611.0,0.1597,0x4f...31fa,https://bscscan.com/tx/0x0e6b6add0217b1c69029f633c296d169a93225e2ef2c63bc7cbb998036b2d276
2023-03-23 04:23:22,False,3.655e-05,1.138e-08,187395.0,0.0213,0xf1...2393,https://bscscan.com/tx/0xfa9f7fe78e7ce2176f270d4f3fd247d3129e57f770450f2540421368e3e55995
2023-03-23 04:23:22,False,3.655e-05,1.138e-08,165409.0,0.0188,0xf1...2393,https://bscscan.com/tx/0xfa9f7fe78e7ce2176f270d4f3fd247d3129e57f770450f2540421368e3e55995
2023-03-23 04:18:01,True,3.671e-05,1.144e-08,26220406.0,3.0,0x81...2de8,https://bscscan.com/tx/0x9fd7751a277562f503eb94d71a5ec6efd9c5e05a552cb411433c5abd76c8dc64
2023-03-23 04:16:55,True,3.669e-05,1.143e-08,319010.0,0.0364,0xf7...6128,https://bscscan.com/tx/0x701c354b65817edb5be0c7712e6e2018eb43714801fdd867541955143a9b5eb5
2023-03-23 04:15:07,True,3.669e-05,1.143e-08,888366.0,0.1016,0x13...6630,https://bscscan.com/tx/0xf0ceb4b2788ec5b39a2ad64669860f41a7e9c35dacdb7bd18b24184b66063d50
2023-03-23 04:11:52,True,3.669e-05,1.143e-08,2388840.0,0.2732,0x13...6630,https://bscscan.com/tx/0xb24312993d9d5053ee4c10cc6ce533880ae5a4f2f21fbec52102d2f2effe338b
2023-03-23 04:10:46,True,3.651e-05,1.143e-08,1742730.0,0.1993,0x13...6630,https://bscscan.com/tx/0xd767b09cb8c1b205d7f0ef63a1c6db94fd62850fc8d6123342ef1773ed8ce29b
2023-03-23 04:07:10,True,3.671e-05,1.144e-08,2512434.0,0.2874,0xfe...b6f1,https://bscscan.com/tx/0x7362a60404fc8c6d96208ae53b56f636c171998b7acefe79a05fab372fd14bf3
2023-03-23 04:05:16,True,3.65e-05,1.143e-08,55004.2,0.0062,0x22...1089,https://bscscan.com/tx/0x6bc68ef1cc8cd02ebe42c9e028992445f3f9f713da38a46df2e0ce6593e66b34
2023-03-23 03:58:22,False,3.648e-05,1.138e-08,26666462.0,3.03522,0xcf...f956,https://bscscan.com/tx/0xbc987fb11384e83d1a59edf6b13e48cabf5b00caa64dfa67625f422852e8855e
2023-03-23 03:58:22,False,3.65e-05,1.138e-08,1100.33,1.252e-05,0xcf...f956,https://bscscan.com/tx/0xbc987fb11384e83d1a59edf6b13e48cabf5b00caa64dfa67625f422852e8855e
2023-03-23 03:55:34,False,3.648e-05,1.138e-08,406308.0,0.0462,0xc8...92b3,https://bscscan.com/tx/0xb11a2664dd466166631469bcef74bdd5b3d1e71134721db4563a0d907f7169f6
2023-03-23 03:55:34,False,3.648e-05,1.138e-08,35081.4,0.0039,0xc8...92b3,https://bscscan.com/tx/0xb11a2664dd466166631469bcef74bdd5b3d1e71134721db4563a0d907f7169f6
2023-03-23 03:54:25,True,3.668e-05,1.144e-08,174777.0,0.02,0xdf...195c,https://bscscan.com/tx/0x6c61b379b8fda7d450b0bb916eb4b4bc2974551df5e0f84fb8fa8614a8880271
2023-03-23 03:53:01,True,3.667e-05,1.144e-08,5425709.0,0.6208,0x7d...e325,https://bscscan.com/tx/0x602e1cb3892d20ac8ae28b831a382e00e80528e0bf4a166e9da4a94f2496d049
2023-03-23 03:52:04,True,3.649e-05,1.144e-08,1155000.0,0.1321,0x33...bf2a,https://bscscan.com/tx/0xb2fe7c5f44e7b671f18fc32613bef03207ea4ae28044dc8b45e29e2a17e33d9e
2023-03-23 03:51:17,False,3.648e-05,1.138e-08,162612.0,0.0185,0x60...856d,https://bscscan.com/tx/0x6c50db2d856b342a6555845d8638d94df50d6f0b65f23bc73bafb1ca998dccc8
2023-03-23 03:51:17,False,3.648e-05,1.138e-08,7784.49,8.862e-05,0x60...856d,https://bscscan.com/tx/0x6c50db2d856b342a6555845d8638d94df50d6f0b65f23bc73bafb1ca998dccc8
2023-03-23 03:49:38,True,3.666e-05,1.144e-08,1278364.0,0.1462,0x90...ba56,https://bscscan.com/tx/0x7d05e1d5c5a398df6684b0335efd9f1646ca6235228065fe41cd07ded8921cc0
2023-03-23 03:47:52,True,3.65e-05,1.144e-08,863240.0,0.0987,0x3f...8929,https://bscscan.com/tx/0xb37c5454cb37996adb371595d3398d6169ec5c1754181d38998048859a581723
2023-03-23 03:45:58,True,3.649e-05,1.144e-08,142231.0,0.0162,0x50...f6c4,https://bscscan.com/tx/0xc71c1f4a1d5ee760da107693b1a27e5477b7889c461c379aaf849fec7d713c57
2023-03-23 03:43:34,True,3.649e-05,1.144e-08,582420.0,0.0666,0xf8...a18f,https://bscscan.com/tx/0x626e84f84a50096131508b9666185d172574ffa1fa2afd585b5f93e659f0320b
2023-03-23 03:40:46,False,3.649e-05,1.138e-08,16840.1,0.0019,0xaf...37f3,https://bscscan.com/tx/0x5cdf61b596dcb9d6c9745080aa19f177f5b237c344dc3f95774973d1dc434a9e
2023-03-23 03:40:46,False,3.649e-05,1.138e-08,1566.31,1.782e-05,0xaf...37f3,https://bscscan.com/tx/0x5cdf61b596dcb9d6c9745080aa19f177f5b237c344dc3f95774973d1dc434a9e
2023-03-23 03:37:25,False,3.631e-05,1.138e-08,578374.0,0.0658,0x04...87f4,https://bscscan.com/tx/0xe7eaf40fb4b32379cf49a32f46f5e072bb9901614975c301836d9fa6cb1a6440
2023-03-23 03:37:25,False,3.631e-05,1.138e-08,853.417,9.714e-06,0x04...87f4,https://bscscan.com/tx/0xe7eaf40fb4b32379cf49a32f46f5e072bb9901614975c301836d9fa6cb1a6440
2023-03-23 03:35:40,False,3.631e-05,1.138e-08,315132.0,0.0358,0x97...c964,https://bscscan.com/tx/0x16d1770247345ae2da530f2230b48355ef3cacabc94bad68111e17db41eea5bd
2023-03-23 03:35:40,False,3.631e-05,1.138e-08,173934.0,0.0198,0x97...c964,https://bscscan.com/tx/0x16d1770247345ae2da530f2230b48355ef3cacabc94bad68111e17db41eea5bd
2023-03-23 03:34:55,True,3.649e-05,1.143e-08,8368692.0,0.9573,0x87...e46e,https://bscscan.com/tx/0xa0c66acc956bb658ffb9aea6a4d4f5230c5420f74110ed20651b6264e0c908d3
2023-03-23 03:34:31,True,3.648e-05,1.143e-08,3668236.0,0.4195,0x0a...d5c3,https://bscscan.com/tx/0xd4724e51c31934df08a0ad14629a2b5f3f2b42d23841f130dbbf0da08f82326a
2023-03-23 03:34:04,True,3.648e-05,1.143e-08,2185870.0,0.25,0x20...9d97,https://bscscan.com/tx/0x8446aa0dc8d405321200e4a77854f134896d47cc56026906a4e19c777cccaa3d
2023-03-23 03:32:25,True,3.664e-05,1.143e-08,17768314.0,2.03167,0x52...86b0,https://bscscan.com/tx/0x036578668a9915ebd9ca282e3b8c2f4545ceea171290f0dd47ace8cdca3ce6fc
2023-03-23 03:30:55,True,3.662e-05,1.143e-08,349906.0,0.04,0xdf...195c,https://bscscan.com/tx/0x0e0de705b1416bc1384af2ea52395c410f5d3c97e906748552f9dddf3e1cceeb
2023-03-23 03:28:40,True,3.647e-05,1.142e-08,17761944.0,2.03002,0x52...86b0,https://bscscan.com/tx/0xa2cb2a7e26e8cbf35b29453c5836d55d380e56e5397549bd77a9b48a85293ad5
2023-03-23 03:28:04,True,3.646e-05,1.142e-08,30011.5,0.0034,0xd2...7ca1,https://bscscan.com/tx/0xef7bed5011664ee16a677a9ce3e78360244bc6dd20fb79a2c813acb5a6d42d35
2023-03-23 03:28:04,True,3.646e-05,1.142e-08,349477.0,0.0399,0x13...6630,https://bscscan.com/tx/0x5106e03c0c213e589dc2dfd6789417d2d2ab5481915aa51c79a28e29d163d963
2023-03-23 03:27:55,True,3.646e-05,1.142e-08,13535769.0,1.54639,0xce...0727,https://bscscan.com/tx/0xb3ef646ad0cbf66bcbb6c5da5b084b708050bc07b75bbcaf3bda41c8bb1c80ab
2023-03-23 03:26:52,False,3.645e-05,1.136e-08,400522.0,0.0455,0xaa...e3e9,https://bscscan.com/tx/0x11c1a8f6c2f9e2c8d9e048f09a4ce087398979b2ac49309fb8c6f04ba419ce57
2023-03-23 03:26:52,False,3.645e-05,1.136e-08,249680.0,0.0283,0xaa...e3e9,https://bscscan.com/tx/0x11c1a8f6c2f9e2c8d9e048f09a4ce087398979b2ac49309fb8c6f04ba419ce57
2023-03-23 03:26:46,True,3.645e-05,1.142e-08,5143639.0,0.5875,0x6b...9f5d,https://bscscan.com/tx/0x080078eda5b6d9d99726cf33365a4eaaeb717ae86b97472dd07c6ff0dbc53b00
2023-03-23 03:26:37,True,3.644e-05,1.142e-08,5174492.0,0.5909,0x6b...9f5d,https://bscscan.com/tx/0xec3c604e57e37989236f25d3ff1e843e6e56ae90703f236f448da01be1e2b7ac
2023-03-23 03:26:28,True,3.644e-05,1.141e-08,5139000.0,0.5868,0x6b...9f5d,https://bscscan.com/tx/0x5ffb4f70aa8b49dc1c6d9d682a114fffc40d68d6efa71e80f2c38f9417d11687
2023-03-23 03:26:19,True,3.643e-05,1.141e-08,5185849.0,0.5921,0x6b...9f5d,https://bscscan.com/tx/0x2bb833d7c0a735a25698c3ef29b84225719882be2196a88620faf107ecab604d
2023-03-23 03:26:13,True,3.643e-05,1.141e-08,2656751.0,0.3033,0xce...0727,https://bscscan.com/tx/0x357d555a053c3d592cccdf83b1d84efc81e6194b1ff6011e263809f10c3e702e
2023-03-23 03:26:10,True,3.642e-05,1.141e-08,5143147.0,0.5871,0x6b...9f5d,https://bscscan.com/tx/0x5e14bbea74509d1ad4e9d270f38d0e2521c938f9a661b68b680873d734da9415
2023-03-23 03:26:01,True,3.642e-05,1.141e-08,5004039.0,0.5711,0x6b...9f5d,https://bscscan.com/tx/0x7c98c026120357361ab063348509eab9f41b51f588b5903170a285a86e3b785e
2023-03-23 03:25:52,True,3.641e-05,1.141e-08,5193201.0,0.5926,0x6b...9f5d,https://bscscan.com/tx/0xa00a345f1db4f5d23ab195a4b18634020bfdb23ef814bc14e08af4e10476ddd3
2023-03-23 03:25:37,True,3.64e-05,1.14e-08,17803879.0,2.03129,0x52...86b0,https://bscscan.com/tx/0xd634fb150538bfab7c411e9e31f8daaae5b57be80d7c7fd2484cd088b9c520da
2023-03-23 03:25:34,True,3.639e-05,1.14e-08,5135900.0,0.5858,0x6b...9f5d,https://bscscan.com/tx/0x17e0956a91b7e00b689e7fbe86e68953097f7d5ac3ac8c357e3f31de9013f04f
2023-03-23 03:24:22,True,3.657e-05,1.14e-08,600225.0,0.0684,0x13...6630,https://bscscan.com/tx/0x8abb13f3d307b024f1487140179eaeaf04cddd386fd512b614f06463b0174216
2023-03-23 03:23:46,True,3.641e-05,1.14e-08,5163388.0,0.5888,0x6b...9f5d,https://bscscan.com/tx/0xcf79c07ce41b18956e7cfb4a436f61ae9e6b2c87108d18a12d80af981fd4659e
2023-03-23 03:22:04,True,3.661e-05,1.14e-08,304291.0,0.0347,0x13...6630,https://bscscan.com/tx/0xf7b1b2e08bd1a499a2c3cf369fb3db071c37cfe147064906b5f3bb600bce22db
2023-03-23 03:21:34,False,3.626e-05,1.135e-08,24751873.0,2.80936,0x50...dc48,https://bscscan.com/tx/0xc10114a573aeca62596fd7bcb072c17c925164fc691a50212216c7ad67c4df3b
2023-03-23 03:21:34,False,3.627e-05,1.135e-08,244662.0,0.0277,0x50...dc48,https://bscscan.com/tx/0xc10114a573aeca62596fd7bcb072c17c925164fc691a50212216c7ad67c4df3b
2023-03-23 03:16:01,True,3.663e-05,1.141e-08,1885231.0,0.2151,0x4b...53be,https://bscscan.com/tx/0x0cc2fe10a11e85a4d5a1e219e7077f49de943426ac21fe6cf39bb2174e09a95a
2023-03-23 03:15:55,True,3.662e-05,1.14e-08,26301155.0,3.0,0xdb...2dc0,https://bscscan.com/tx/0xfd1c7885e55107e90f8908015feb1b873c1cd48573862796f855d1b7a08e9210
2023-03-23 03:10:46,True,3.66e-05,1.14e-08,297423.0,0.0339,0xbb...a93f,https://bscscan.com/tx/0xbcb1de16a5276ebee1c8d9a220060829126e8a3dfe3fb6ff8d38ddeee4eb9592
2023-03-23 03:08:30,True,3.659e-05,1.14e-08,223547.0,0.0254,0x7c...9600,https://bscscan.com/tx/0x8dbb9753e637a52dead10b4e2f33f625c88a52bbf1b190fe028234f33d1fbfa7
2023-03-23 03:06:30,True,3.64e-05,1.14e-08,3359067.0,0.383,0x05...374c,https://bscscan.com/tx/0x67b1ae401b9f271c175e871f7f80627e4a6dfaa92c2c61350435a7c705229df9
2023-03-23 03:05:09,True,3.657e-05,1.14e-08,123590.0,0.014,0xdc...b44f,https://bscscan.com/tx/0x163d4e7817aa958a2b2a1e015841fd0cd8dcf389cf9ed3048906e16870ad3b1d
2023-03-23 03:01:24,False,3.622e-05,1.135e-08,47642466.0,5.40802,0x91...f573,https://bscscan.com/tx/0x0e513bf2ece02901e4084692a7a918678010aa06bef267e1339b348c519af3b1
2023-03-23 03:01:24,False,3.624e-05,1.135e-08,8791.98,9.985e-05,0x91...f573,https://bscscan.com/tx/0x0e513bf2ece02901e4084692a7a918678010aa06bef267e1339b348c519af3b1
2023-03-23 02:56:33,False,3.626e-05,1.135e-08,3072144.0,0.3489,0x14...6a73,https://bscscan.com/tx/0x9aac9805191c66e9b5ab374a2b33467fccd033ce1144ebbae759292be5b9d7b1
2023-03-23 02:56:33,False,3.626e-05,1.135e-08,338234.0,0.0384,0x14...6a73,https://bscscan.com/tx/0x9aac9805191c66e9b5ab374a2b33467fccd033ce1144ebbae759292be5b9d7b1
2023-03-23 02:48:06,True,3.648e-05,1.141e-08,272000.0,0.031,0x2a...dc6a,https://bscscan.com/tx/0x3a825b40c51ad4f8c40e40430f55d9f84838c8844c982d5d79e2bd113883efb3
2023-03-23 02:46:51,False,3.653e-05,1.137e-08,124625000.0,14.1779,0x59...474c,https://bscscan.com/tx/0x97e8101165acb43c33e6bbdb928a2cee171337f3e3abc24d91fc78bbe3df1b56
2023-03-23 02:46:51,False,3.659e-05,1.139e-08,102069.0,0.0116,0x59...474c,https://bscscan.com/tx/0x97e8101165acb43c33e6bbdb928a2cee171337f3e3abc24d91fc78bbe3df1b56
2023-03-23 02:44:36,True,3.656e-05,1.145e-08,140280.0,0.016,0x65...45c1,https://bscscan.com/tx/0x1f0c22cf35e23765aae613fe4f922cd0072772b90e86834973bbda6d7302ca24
2023-03-23 02:42:57,True,3.658e-05,1.144e-08,13013773.0,1.49,0x33...05cb,https://bscscan.com/tx/0x8f7201640e1d3e2b9babbf9901960f27d6b897f468bbf2a9d4f7e475e3d80ed2
2023-03-23 02:41:00,True,3.678e-05,1.144e-08,30574.2,0.0035,0x44...7cc5,https://bscscan.com/tx/0xff9c5cf3da41f8e7d24903c20d34155c8b3445fb1b18678cfdb7e532e9e519fa
2023-03-23 02:40:15,True,3.678e-05,1.144e-08,6796597.0,0.7779,0x9e...ed09,https://bscscan.com/tx/0xa9a22c244725b30f1d609bf33fb598ec056b0f5326e12f8206e70a9f41f9b781
2023-03-23 02:38:36,False,3.66e-05,1.139e-08,17768520.0,2.02401,0xfa...45cf,https://bscscan.com/tx/0xe5027cd2c2aac107c808eb5615fb89b2c75a7f18b36a7f4f985644fb392f4505
2023-03-23 02:38:36,False,3.661e-05,1.139e-08,45966.6,0.0052,0xfa...45cf,https://bscscan.com/tx/0xe5027cd2c2aac107c808eb5615fb89b2c75a7f18b36a7f4f985644fb392f4505
2023-03-23 02:33:54,True,3.679e-05,1.145e-08,1114267.0,0.1275,0x47...5138,https://bscscan.com/tx/0x95d7862e340d184414fbab489d560239ff02decb47fdbb56dd918e79c8e936f0
2023-03-23 02:29:36,True,3.679e-05,1.145e-08,456569.0,0.0522,0xbb...c106,https://bscscan.com/tx/0x075465684ceeb8ffb9d5cde99ac5c8bbd53541aa995a43786ad6f826f9554622
2023-03-23 02:26:27,True,3.661e-05,1.144e-08,6794147.0,0.7778,0x9e...ed09,https://bscscan.com/tx/0xe047f451308e98ec9aceed7aeb54d1e203136a2d57274de82ffeb319e7ee9c02
2023-03-23 02:25:51,True,3.679e-05,1.144e-08,6794532.0,0.7777,0x9e...ed09,https://bscscan.com/tx/0x9cda916062949a11ad996831054f47d02f5c2bf554d02c1d1b7215748ce59767
2023-03-23 02:25:21,True,3.679e-05,1.144e-08,257982.0,0.0295,0x39...c052,https://bscscan.com/tx/0x48f824503d31b59245610b89cecf1fd584907b432de3c66180ad4a7ac28d855f
2023-03-23 02:25:12,False,3.66e-05,1.138e-08,720563.0,0.082,0x9d...5775,https://bscscan.com/tx/0x6c984295e683b91e3cb23856b034c67a7341f77c237ccd6fbf613191647f828d
2023-03-23 02:25:12,False,3.66e-05,1.138e-08,19531.0,0.0022,0x9d...5775,https://bscscan.com/tx/0x6c984295e683b91e3cb23856b034c67a7341f77c237ccd6fbf613191647f828d
2023-03-23 02:23:18,True,3.681e-05,1.145e-08,233700.0,0.0267,0x71...7d09,https://bscscan.com/tx/0x18992c92dd9a7e9eaa1f3e0d9eeffcdc9c78a10a6147de216ca3dceb328acbf5
2023-03-23 02:22:12,False,3.662e-05,1.139e-08,6979000.0,0.7949,0x4a...b087,https://bscscan.com/tx/0x77309965ec69e870a09674456621410d4ea58986c23afea31c4b59f4457af5c8
2023-03-23 02:22:12,False,3.663e-05,1.139e-08,3375.0,3.844e-05,0x4a...b087,https://bscscan.com/tx/0x77309965ec69e870a09674456621410d4ea58986c23afea31c4b59f4457af5c8
2023-03-23 02:22:00,False,3.644e-05,1.139e-08,1246250.0,0.1419,0x5e...84a8,https://bscscan.com/tx/0xe255212124329a432718b8b3109a0dcaac46d8d2682b5f17f381c65873659438
2023-03-23 02:22:00,False,3.644e-05,1.139e-08,9936.01,0.0011,0x5e...84a8,https://bscscan.com/tx/0xe255212124329a432718b8b3109a0dcaac46d8d2682b5f17f381c65873659438
2023-03-23 02:20:36,True,3.681e-05,1.144e-08,642619.0,0.0735,0x4e...585e,https://bscscan.com/tx/0xb4b194ab56f95732b9597ff703da1f741ee9f4312c4138a8991c1a00699165ba
2023-03-23 02:15:18,False,3.647e-05,1.139e-08,3028272.0,0.3449,0x59...f4b7,https://bscscan.com/tx/0x962bda8564b79d98df737e215303779930cbb9cfc489ea94906a260827ef62c9
2023-03-23 02:15:18,False,3.648e-05,1.139e-08,45631.2,0.0052,0x59...f4b7,https://bscscan.com/tx/0x962bda8564b79d98df737e215303779930cbb9cfc489ea94906a260827ef62c9
2023-03-23 02:12:24,True,3.666e-05,1.144e-08,435394.0,0.0498,0x72...833e,https://bscscan.com/tx/0x0dadb1e95bc3c6759c413a2b8b5aaf5223a68fc2b516e13e9f184587e2ca7805
2023-03-23 02:11:48,True,3.665e-05,1.144e-08,10450880.0,1.1964,0xb2...adfb,https://bscscan.com/tx/0x6ed7ad904cc2cfc3e2a6e81c1f955791bdbf0c1aec9dbc0965cd52827e5fec2b
2023-03-23 02:11:42,True,3.665e-05,1.144e-08,515801.0,0.059,0xbf...ecd6,https://bscscan.com/tx/0x565d9f740de8a4fd6e1a0af4f326bc54abfdbe2fed8d2825deca710ea8524669
2023-03-23 02:10:18,True,3.667e-05,1.144e-08,436828.0,0.05,0xf1...19e8,https://bscscan.com/tx/0xc0126dc1b44c5dff78f521a62a87c4204c348142df1b4255385e2dd784441c15
2023-03-23 02:05:06,True,3.668e-05,1.144e-08,539656.0,0.0617,0x05...9852,https://bscscan.com/tx/0x39541c8e22bedb8e8759d84f779d7a74f030ca1a91354c44c604c561bef14bc6
2023-03-23 02:02:42,False,3.669e-05,1.138e-08,3755571.0,0.4277,0x7d...c4ac,https://bscscan.com/tx/0x50fb3a9a0b4f776836905cffd98144360cad48e54f81d06e515e0cb2d20c2564
2023-03-23 02:02:42,False,3.669e-05,1.138e-08,952.951,1.085e-05,0x7d...c4ac,https://bscscan.com/tx/0x50fb3a9a0b4f776836905cffd98144360cad48e54f81d06e515e0cb2d20c2564
2023-03-23 02:01:54,False,3.669e-05,1.138e-08,351886.0,0.04,0x48...36f6,https://bscscan.com/tx/0xe7c7c682e93aa3f0c2c09efcc96c4d951eb877609bf10691e8a17df1928fd8f3
2023-03-23 02:01:54,False,3.669e-05,1.138e-08,2706.02,3.082e-05,0x48...36f6,https://bscscan.com/tx/0xe7c7c682e93aa3f0c2c09efcc96c4d951eb877609bf10691e8a17df1928fd8f3
2023-03-23 01:57:56,False,3.651e-05,1.139e-08,999222.0,0.1138,0x18...f607,https://bscscan.com/tx/0x10f992e0e3d7fc6ab7f4b8f93b6ff75a8499bc70998063b138d866de17a498bd
2023-03-23 01:57:56,False,3.651e-05,1.139e-08,52960.4,0.006,0x18...f607,https://bscscan.com/tx/0x10f992e0e3d7fc6ab7f4b8f93b6ff75a8499bc70998063b138d866de17a498bd
2023-03-23 01:56:44,True,3.689e-05,1.144e-08,192186.0,0.022,0x04...03ef,https://bscscan.com/tx/0xd7542801d0270435ab2fa85d92881bce8d533ec815bcfde1992d4c79baa045f6
2023-03-23 01:52:26,True,3.67e-05,1.144e-08,135222.0,0.0154,0xee...d0e4,https://bscscan.com/tx/0x808b3224afaa533ce9c3712516aef11c74dcd5deac6056635edf395f2b56facf
2023-03-23 01:51:54,False,3.653e-05,1.139e-08,19229677.0,2.19081,0xef...0dfe,https://bscscan.com/tx/0x3776972341b6e0357c0c5a4c79a9d02b3bb033a79282346d98da9634c53e8ab7
2023-03-23 01:51:54,False,3.654e-05,1.139e-08,67500.0,0.0076,0xef...0dfe,https://bscscan.com/tx/0x3776972341b6e0357c0c5a4c79a9d02b3bb033a79282346d98da9634c53e8ab7
2023-03-23 01:50:42,False,3.655e-05,1.139e-08,24925000.0,2.84124,0xca...8c6d,https://bscscan.com/tx/0x308480a7cc8376cf4b7ddbabc404d0e366662e53ab97fb3d9cc4da4319c9965d
2023-03-23 01:50:42,False,3.656e-05,1.14e-08,55813.5,0.0063,0xca...8c6d,https://bscscan.com/tx/0x308480a7cc8376cf4b7ddbabc404d0e366662e53ab97fb3d9cc4da4319c9965d
2023-03-23 01:50:30,False,3.675e-05,1.14e-08,20609652.0,2.35066,0xee...66f0,https://bscscan.com/tx/0xf72c501f18b7775122c017d58980fc75e00bc624d03d18456826d7e62f73cc4f
2023-03-23 01:50:30,False,3.676e-05,1.14e-08,1706.88,1.947e-05,0xee...66f0,https://bscscan.com/tx/0xf72c501f18b7775122c017d58980fc75e00bc624d03d18456826d7e62f73cc4f
2023-03-23 01:49:05,True,3.695e-05,1.146e-08,43608.0,0.005,0x51...f632,https://bscscan.com/tx/0x89db6ae7bf611d02befab3cbb00908a8761c5d1832780ffbd512d7f66c3640ca
2023-03-23 01:48:05,True,3.695e-05,1.146e-08,351808.0,0.0403,0xaa...d1d0,https://bscscan.com/tx/0x6f3593f3a9773492ced871ccd3ba7f6711304c43997768710c55516ebb35cd1a
2023-03-23 01:46:47,False,3.658e-05,1.14e-08,236050.0,0.0269,0xaf...9c3c,https://bscscan.com/tx/0x870b66393a290a29d6e70b06032684e69c73bbec83a7d6beee3dbd3cb4c3955b
2023-03-23 01:46:47,False,3.658e-05,1.14e-08,30764.1,0.0035,0xaf...9c3c,https://bscscan.com/tx/0x870b66393a290a29d6e70b06032684e69c73bbec83a7d6beee3dbd3cb4c3955b
2023-03-23 01:45:02,True,3.693e-05,1.146e-08,2707079.0,0.3103,0xea...4ca4,https://bscscan.com/tx/0xd5ca54c7af7cc9c69e5528eea7734c6b2815d267a559bba0f9be15d5ba0e4eea
2023-03-23 01:44:44,True,3.675e-05,1.146e-08,1324408.0,0.1518,0x2e...ba19,https://bscscan.com/tx/0x165f054e2d2fc395af631938e9f793685d9e6a26eddd058a0d4752ccc5197ad2
2023-03-23 01:37:45,True,3.694e-05,1.146e-08,218063.0,0.025,0xe3...84ff,https://bscscan.com/tx/0x61cf3b332bd16139422158544d2ccd88da8e8f8db2abea3005f67198bce61658
2023-03-23 01:34:27,True,3.693e-05,1.146e-08,139561.0,0.016,0x17...0b0d,https://bscscan.com/tx/0xfda0c720ccd20f9ca5253a382541df06976682883bd938ca9e54c18c62aaf441
2023-03-23 01:33:24,False,3.656e-05,1.14e-08,6897295.0,0.7868,0x86...ce32,https://bscscan.com/tx/0x3fb3b032895875a97d97741ca300c0ac908f6514348d90b221a4dc5d33212885
2023-03-23 01:33:24,False,3.656e-05,1.14e-08,237.834,2.713e-06,0x86...ce32,https://bscscan.com/tx/0x3fb3b032895875a97d97741ca300c0ac908f6514348d90b221a4dc5d33212885
2023-03-23 01:32:18,False,3.675e-05,1.14e-08,87822.4,0.01,0x48...36f6,https://bscscan.com/tx/0xae28e43e3aaa282b27ab36b963e555d287d654d1316c6abd4dd6a0ed7b5fa227
2023-03-23 01:32:18,False,3.675e-05,1.14e-08,5134.52,5.858e-05,0x48...36f6,https://bscscan.com/tx/0xae28e43e3aaa282b27ab36b963e555d287d654d1316c6abd4dd6a0ed7b5fa227
2023-03-23 01:30:03,True,3.673e-05,1.146e-08,997480.0,0.1143,0x1c...ef77,https://bscscan.com/tx/0xc55f1d76eb86b7620633b0488b2e6d5344b0517cf77b0d0cfa9a95149f75b129
2023-03-23 01:29:39,False,3.655e-05,1.14e-08,718738.0,0.082,0xc7...5e20,https://bscscan.com/tx/0x19598a5e62361007cd325cf328895e7dcce16009e55eec08e3e4b4874687a869
2023-03-23 01:29:39,False,3.655e-05,1.14e-08,5610.44,6.401e-05,0xc7...5e20,https://bscscan.com/tx/0x19598a5e62361007cd325cf328895e7dcce16009e55eec08e3e4b4874687a869
2023-03-23 01:27:48,False,3.672e-05,1.14e-08,2071706.0,0.2363,0xe8...ebbf,https://bscscan.com/tx/0x9331d96987e2918d848a48db061c1dbd1ea39abdf5837b595a75c1cad855da49
2023-03-23 01:27:48,False,3.673e-05,1.14e-08,8228.14,9.388e-05,0xe8...ebbf,https://bscscan.com/tx/0x9331d96987e2918d848a48db061c1dbd1ea39abdf5837b595a75c1cad855da49
2023-03-23 01:26:12,True,3.671e-05,1.146e-08,1900000.0,0.2178,0x70...96b4,https://bscscan.com/tx/0x2dea9d8f0d3fcfa2f003e4448e055993330658b4b69365539929154c04bc05cb
2023-03-23 01:23:30,False,3.669e-05,1.14e-08,1144016.0,0.1305,0xe5...5886,https://bscscan.com/tx/0xf8dbddbafcad69a822c8a48ebf8e596f6c14a18d870dc1f4800112ae60fcd021
2023-03-23 01:23:30,False,3.669e-05,1.14e-08,88937.9,0.0101,0xe5...5886,https://bscscan.com/tx/0xf8dbddbafcad69a822c8a48ebf8e596f6c14a18d870dc1f4800112ae60fcd021
2023-03-23 01:23:09,True,3.667e-05,1.146e-08,27127570.0,3.10962,0xb7...7873,https://bscscan.com/tx/0x775a47395edc62b1f09176adca822b0ae3a564407502d74b6ef8e01dbe992bb1
2023-03-23 01:22:18,True,3.685e-05,1.145e-08,2205052.0,0.2526,0x6a...a365,https://bscscan.com/tx/0xfa0511fc17ea404279ebdef662d4227e7eb02b61d726aec0f1acb131b4ab44c7
2023-03-23 01:20:51,False,3.666e-05,1.14e-08,3596534.0,0.41,0xa9...c746,https://bscscan.com/tx/0x115e3e124e18a1272460bae1c2a88b05ace9b2144a89b4c0b3ea70107997f4c5
2023-03-23 01:20:51,False,3.666e-05,1.14e-08,89208.4,0.0101,0xa9...c746,https://bscscan.com/tx/0x115e3e124e18a1272460bae1c2a88b05ace9b2144a89b4c0b3ea70107997f4c5
2023-03-23 01:18:38,True,3.684e-05,1.145e-08,389050.0,0.0445,0xbd...c2db,https://bscscan.com/tx/0xfac5abfee80b33b3d7287eb8fdd94dfe7036e98a2d5c0e7c6c012035251710e3
2023-03-23 01:16:53,True,3.682e-05,1.145e-08,27156485.0,3.11091,0xb7...7873,https://bscscan.com/tx/0xe1a12e64da062a24be4f82aac520295c2233e3400023223ecf873603a0f17da5
2023-03-23 01:12:50,True,3.681e-05,1.145e-08,4494624.0,0.5146,0xa9...546d,https://bscscan.com/tx/0xf61de904fada45c799b9466bb11159f1d75a3ea7a0f1e035e85d9a0c3a1931ec
2023-03-23 01:12:17,False,3.645e-05,1.139e-08,997000.0,0.1135,0xda...2f33,https://bscscan.com/tx/0x400f3cdb98248149b9695939b60934de142db65da599f153790dd35b86c242c2
2023-03-23 01:12:17,False,3.645e-05,1.139e-08,15406.3,0.0017,0xda...2f33,https://bscscan.com/tx/0x400f3cdb98248149b9695939b60934de142db65da599f153790dd35b86c242c2
2023-03-23 01:11:53,False,3.663e-05,1.139e-08,5688903.0,0.6482,0x05...7066,https://bscscan.com/tx/0xc1f8e7c2e67f893cf1ce681e5cc49be2694114e06682f12ea19cba6f0470f4d9
2023-03-23 01:11:53,False,3.664e-05,1.139e-08,41741.5,0.0047,0x05...7066,https://bscscan.com/tx/0xc1f8e7c2e67f893cf1ce681e5cc49be2694114e06682f12ea19cba6f0470f4d9
2023-03-23 01:11:50,False,3.664e-05,1.139e-08,9724521.0,1.10825,0x05...7066,https://bscscan.com/tx/0x147bcafb3c954e3a9334e63c5bcb7ab4a977c94c96a4ed9cf98b5535e600335a
2023-03-23 01:11:50,False,3.665e-05,1.139e-08,16761.5,0.0019,0x05...7066,https://bscscan.com/tx/0x147bcafb3c954e3a9334e63c5bcb7ab4a977c94c96a4ed9cf98b5535e600335a
2023-03-23 01:10:53,False,3.666e-05,1.139e-08,6189351.0,0.7055,0xd0...d86f,https://bscscan.com/tx/0x9275128da98d6672c329892ccc342553bcd2011c2f76e72ffc0de74d8002fa5c
2023-03-23 01:10:53,False,3.666e-05,1.139e-08,36580.6,0.0041,0xd0...d86f,https://bscscan.com/tx/0x9275128da98d6672c329892ccc342553bcd2011c2f76e72ffc0de74d8002fa5c
2023-03-23 01:09:08,True,3.666e-05,1.145e-08,12085851.0,1.38444,0xc8...d8fb,https://bscscan.com/tx/0xb94e021e73f1af21a1cb4c0eefcef6c0e1dc07d10677dec56ba40cb5472d277e
2023-03-23 01:05:23,True,3.687e-05,1.145e-08,43655.4,0.005,0x2b...2b37,https://bscscan.com/tx/0x79b2c9973b1e9349509820fe1628c4ecada87706ca54bd679aef78130b236aab
2023-03-23 01:05:08,False,3.669e-05,1.139e-08,1414613.0,0.1612,0x77...d697,https://bscscan.com/tx/0xd161f74a8bab9fecc58360d25add86ee470ce26d069d7b20b40defabb7426799
2023-03-23 01:05:08,False,3.669e-05,1.139e-08,36434.8,0.0041,0x77...d697,https://bscscan.com/tx/0xd161f74a8bab9fecc58360d25add86ee470ce26d069d7b20b40defabb7426799
2023-03-23 01:04:53,True,3.669e-05,1.145e-08,4229581.0,0.4844,0x46...006e,https://bscscan.com/tx/0xd3a64a028b08ae21eda44b690b0fa5b788dcfbfd3eca1a7c2003692f269cd696
2023-03-23 01:00:05,True,3.691e-05,1.145e-08,4366081.0,0.5,0xa8...8a78,https://bscscan.com/tx/0x39b4bae0719b4226283086753fd2ce0170592fb14b62fe3fb107a38781ea7111
2023-03-23 00:56:38,True,3.69e-05,1.145e-08,2436328.0,0.2791,0x36...ad1a,https://bscscan.com/tx/0x8a77ed7e31237917af46f69fc90e583cfd25cdcaa358fb193feada71e4d12ef5
2023-03-23 00:55:29,True,3.67e-05,1.145e-08,801729.0,0.0918,0x78...577c,https://bscscan.com/tx/0x0fbe1606555bac706de076e230dfd43c3a8e729659b2f471323ee5788027d68e
2023-03-23 00:55:14,True,3.67e-05,1.145e-08,565993.0,0.0648,0xdc...8e00,https://bscscan.com/tx/0x651c5185b62598eb9aa8e4bc7ee766d26d9149851e939768beb20ea3cbae71e5
2023-03-23 00:54:11,True,3.689e-05,1.145e-08,27073.8,0.0031,0x20...dd3c,https://bscscan.com/tx/0x20190462f55fd39d4b6e9e0259053c4323c9783a1778b33123fe3f9238d5e758
2023-03-23 00:53:59,False,3.652e-05,1.139e-08,1064394.0,0.1212,0x9f...8a2b,https://bscscan.com/tx/0xf2571802389b1a2efdc8420ec8485b34d8116a2eed82b5d1c8d3bf12362bc300
2023-03-23 00:53:59,False,3.652e-05,1.139e-08,128726.0,0.0146,0x9f...8a2b,https://bscscan.com/tx/0xf2571802389b1a2efdc8420ec8485b34d8116a2eed82b5d1c8d3bf12362bc300
2023-03-23 00:53:50,True,3.671e-05,1.145e-08,362112.0,0.0414,0xe6...5760,https://bscscan.com/tx/0x2a874e9a26f0b8d498fe8d5a8e026552793ffae165d0896f8925b2f577e8b6c3
2023-03-23 00:51:50,True,3.671e-05,1.145e-08,280065.0,0.032,0x5b...a5c4,https://bscscan.com/tx/0xe6b372aacb608bb8e7f5bfef4ae1bc7b21349955bacb1277f051e9d28b34ea56
2023-03-23 00:51:44,False,3.655e-05,1.139e-08,46892845.0,5.34571,0x80...48d7,https://bscscan.com/tx/0x90d509b5660289166bf47c7bc5d59c30aa12cb9b9650ca6392017fe8e22798d3
2023-03-23 00:51:44,False,3.657e-05,1.14e-08,67887.6,0.0077,0x80...48d7,https://bscscan.com/tx/0x90d509b5660289166bf47c7bc5d59c30aa12cb9b9650ca6392017fe8e22798d3
2023-03-23 00:49:44,False,3.657e-05,1.141e-08,25068116.0,2.86029,0x55...cd94,https://bscscan.com/tx/0x0a5d25a076a23b6ca2b3e15b2ee36cf3c2de33ec84aa174a90c4f1e09cabaa3d
2023-03-23 00:49:44,False,3.658e-05,1.141e-08,18717.3,0.0021,0x55...cd94,https://bscscan.com/tx/0x0a5d25a076a23b6ca2b3e15b2ee36cf3c2de33ec84aa174a90c4f1e09cabaa3d
2023-03-23 00:49:44,False,3.658e-05,1.141e-08,6911555.0,0.7889,0x75...7418,https://bscscan.com/tx/0x16ab2781658343fcd23cd6d45048fd05131f9efe3919d854fd71ae6d0821a042
2023-03-23 00:49:44,False,3.658e-05,1.141e-08,18387.0,0.0021,0x75...7418,https://bscscan.com/tx/0x16ab2781658343fcd23cd6d45048fd05131f9efe3919d854fd71ae6d0821a042
2023-03-23 00:49:17,False,3.679e-05,1.141e-08,6789561.0,0.7751,0x05...7066,https://bscscan.com/tx/0xc7c0ec2e65bc6b2a1087c4abb282da316971548ad4808df76593c8a79526bf78
2023-03-23 00:49:17,False,3.679e-05,1.141e-08,39306.7,0.0044,0x05...7066,https://bscscan.com/tx/0xc7c0ec2e65bc6b2a1087c4abb282da316971548ad4808df76593c8a79526bf78
2023-03-23 00:48:47,False,3.678e-05,1.141e-08,14514350.0,1.65748,0x05...7066,https://bscscan.com/tx/0x8a654d2506b759ebef20227f1495b94600c7fbb08c595bdbf410f0e092cb8834
2023-03-23 00:48:47,False,3.679e-05,1.142e-08,73180.2,0.0083,0x05...7066,https://bscscan.com/tx/0x8a654d2506b759ebef20227f1495b94600c7fbb08c595bdbf410f0e092cb8834
2023-03-23 00:48:35,False,3.68e-05,1.142e-08,27022485.0,3.08746,0x05...7066,https://bscscan.com/tx/0x7c0dcadf5b343ba9d19ee16782a9615653a7d90870ed2dd1470663990c3bf239
2023-03-23 00:48:35,False,3.681e-05,1.142e-08,30859.4,0.0035,0x05...7066,https://bscscan.com/tx/0x7c0dcadf5b343ba9d19ee16782a9615653a7d90870ed2dd1470663990c3bf239
2023-03-23 00:48:23,False,3.682e-05,1.143e-08,11395131.0,1.30258,0x55...cd94,https://bscscan.com/tx/0x4ffffb70014bbe459f52736795447b1d6701fbd077b1c015850204c96b2fe86e
2023-03-23 00:48:23,False,3.682e-05,1.143e-08,73930.4,0.0084,0x55...cd94,https://bscscan.com/tx/0x4ffffb70014bbe459f52736795447b1d6701fbd077b1c015850204c96b2fe86e
2023-03-23 00:47:41,False,3.666e-05,1.143e-08,27299503.0,3.12212,0xc0...1f4f,https://bscscan.com/tx/0x73a0ff8013b179588f3be6841c0a8240f40d549739020cde55d23c6dc05e8f03
2023-03-23 00:47:41,False,3.667e-05,1.144e-08,37332.6,0.0042,0xc0...1f4f,https://bscscan.com/tx/0x73a0ff8013b179588f3be6841c0a8240f40d549739020cde55d23c6dc05e8f03
2023-03-23 00:47:32,False,3.668e-05,1.144e-08,13785426.0,1.57738,0x05...7066,https://bscscan.com/tx/0xe28eaf952260b924a7c38d11522cb07d6b47bb9e8c378fae029dfec31ee52aee
2023-03-23 00:47:32,False,3.669e-05,1.144e-08,58172.6,0.0066,0x05...7066,https://bscscan.com/tx/0xe28eaf952260b924a7c38d11522cb07d6b47bb9e8c378fae029dfec31ee52aee
2023-03-23 00:47:23,False,3.67e-05,1.144e-08,21480775.0,2.459,0x05...7066,https://bscscan.com/tx/0x0084ca2b2143d2f1ae4c29aa2de251f979de589d7a130f0358a123bafaa0ee68
2023-03-23 00:47:23,False,3.671e-05,1.145e-08,80973.0,0.0092,0x05...7066,https://bscscan.com/tx/0x0084ca2b2143d2f1ae4c29aa2de251f979de589d7a130f0358a123bafaa0ee68
2023-03-23 00:47:20,False,3.672e-05,1.145e-08,29900029.0,3.42499,0x20...946b,https://bscscan.com/tx/0x883a581876b7e16904daf7cdd4b1c2f1ac94de44ca52a8488c5db0fe991081f6
2023-03-23 00:47:20,False,3.673e-05,1.145e-08,214434.0,0.0245,0x20...946b,https://bscscan.com/tx/0x883a581876b7e16904daf7cdd4b1c2f1ac94de44ca52a8488c5db0fe991081f6
2023-03-23 00:46:32,True,3.71e-05,1.151e-08,5000.0,5.758e-05,0x5c...5e5f,https://bscscan.com/tx/0xa9693f265b67d72b5a74eb472dc426f921b9ac5bf227fd091d71af70df5fd6b0
2023-03-23 00:46:08,False,3.694e-05,1.146e-08,54231072.0,6.21863,0x7c...6cb0,https://bscscan.com/tx/0x50b16e4c2d0cc30345ac6b786483b2e7a0b129790fee8433959ffbdaf22e4fac
2023-03-23 00:46:08,False,3.696e-05,1.147e-08,44705.1,0.0051,0x7c...6cb0,https://bscscan.com/tx/0x50b16e4c2d0cc30345ac6b786483b2e7a0b129790fee8433959ffbdaf22e4fac
2023-03-23 00:45:44,True,3.715e-05,1.153e-08,300000.0,0.0346,0x8d...1771,https://bscscan.com/tx/0xa25d06f2df5324a24b598af5d25f0382873f2dcc6608b0cac7f0067db0db779a
2023-03-23 00:43:26,False,3.679e-05,1.147e-08,16208681.0,1.86026,0x05...7066,https://bscscan.com/tx/0x8d4202894f8b88dc03cc11df8ee452d1e9bd5f7743e1f0905c7009c7293291e9
2023-03-23 00:43:26,False,3.68e-05,1.147e-08,142243.0,0.0163,0x05...7066,https://bscscan.com/tx/0x8d4202894f8b88dc03cc11df8ee452d1e9bd5f7743e1f0905c7009c7293291e9
2023-03-23 00:42:02,False,3.701e-05,1.148e-08,52524420.0,6.03338,0x05...7066,https://bscscan.com/tx/0x9b29a96758cefbec60483fa11cd2bf0415a036b968cfe9cf5a0eedbe02b8ab69
2023-03-23 00:42:02,False,3.704e-05,1.149e-08,19490.3,0.0022,0x05...7066,https://bscscan.com/tx/0x9b29a96758cefbec60483fa11cd2bf0415a036b968cfe9cf5a0eedbe02b8ab69
2023-03-23 00:41:25,False,3.687e-05,1.149e-08,7196963.0,0.8273,0x05...7066,https://bscscan.com/tx/0xf04770e2b09a66a279b2082787b59cb047dccf4f2def39fc2e0509b7b9543cdb
2023-03-23 00:41:25,False,3.687e-05,1.149e-08,19490.3,0.0022,0x05...7066,https://bscscan.com/tx/0xf04770e2b09a66a279b2082787b59cb047dccf4f2def39fc2e0509b7b9543cdb
2023-03-23 00:41:25,False,3.688e-05,1.149e-08,7196963.0,0.8274,0x05...7066,https://bscscan.com/tx/0x566d9d229dac6b7936c6de0282a3af2b64af044f8ca0aa3b85e9523d583ff426
2023-03-23 00:41:25,False,3.688e-05,1.149e-08,44095.4,0.005,0x05...7066,https://bscscan.com/tx/0x566d9d229dac6b7936c6de0282a3af2b64af044f8ca0aa3b85e9523d583ff426
2023-03-23 00:40:40,False,3.708e-05,1.15e-08,16282619.0,1.87264,0xc0...1f4f,https://bscscan.com/tx/0x5fbf6c493e62c0aeea0800c282656021eac5af1c370e899cb32b116ceb4b6516
2023-03-23 00:40:40,False,3.709e-05,1.15e-08,18266.8,0.0021,0xc0...1f4f,https://bscscan.com/tx/0x5fbf6c493e62c0aeea0800c282656021eac5af1c370e899cb32b116ceb4b6516
2023-03-23 00:40:28,False,3.709e-05,1.15e-08,6745179.0,0.7759,0x05...7066,https://bscscan.com/tx/0xaeb9a4dac5aad0023590304c7262df2b134e380c1e15811f44f4eb59179e2bf7
2023-03-23 00:40:28,False,3.709e-05,1.15e-08,236357.0,0.0271,0x05...7066,https://bscscan.com/tx/0xaeb9a4dac5aad0023590304c7262df2b134e380c1e15811f44f4eb59179e2bf7
2023-03-23 00:40:25,False,3.709e-05,1.15e-08,6745179.0,0.7759,0x05...7066,https://bscscan.com/tx/0xaeb9a4dac5aad0023590304c7262df2b134e380c1e15811f44f4eb59179e2bf7
2023-03-23 00:40:25,False,3.709e-05,1.15e-08,236357.0,0.0271,0x05...7066,https://bscscan.com/tx/0xaeb9a4dac5aad0023590304c7262df2b134e380c1e15811f44f4eb59179e2bf7
2023-03-23 00:39:01,True,3.728e-05,1.156e-08,534559.0,0.0618,0x05...9852,https://bscscan.com/tx/0x671554a12b8c8b9bf53c178ef9bfa0cbc2a00da1bdcda97bcd2a87de9a43fd7e
2023-03-23 00:37:56,False,3.714e-05,1.151e-08,86744087.0,9.99078,0x7c...6cb0,https://bscscan.com/tx/0x518481f46579f699d46f7c1fb912689302dbb991c667b596ebc6d64d8f35ffda
2023-03-23 00:37:56,False,3.718e-05,1.153e-08,18204.6,0.0021,0x7c...6cb0,https://bscscan.com/tx/0x518481f46579f699d46f7c1fb912689302dbb991c667b596ebc6d64d8f35ffda
2023-03-23 00:37:47,False,3.718e-05,1.153e-08,6722226.0,0.7751,0x05...7066,https://bscscan.com/tx/0x3da1325665613f8637520bc9bf7e4d2c43b71ffdf0e844b18c52a231d78476a0
2023-03-23 00:37:47,False,3.719e-05,1.153e-08,73325.9,0.0084,0x05...7066,https://bscscan.com/tx/0x3da1325665613f8637520bc9bf7e4d2c43b71ffdf0e844b18c52a231d78476a0
2023-03-23 00:37:29,False,3.701e-05,1.153e-08,27076259.0,3.12349,0xc0...1f4f,https://bscscan.com/tx/0xe0c9c6d111be87ad2f3d59fea87414e2f855d151ab269a98996999f3a373c8c6
2023-03-23 00:37:29,False,3.703e-05,1.153e-08,18160.1,0.0021,0xc0...1f4f,https://bscscan.com/tx/0xe0c9c6d111be87ad2f3d59fea87414e2f855d151ab269a98996999f3a373c8c6
2023-03-23 00:37:20,False,3.703e-05,1.154e-08,6705800.0,0.7739,0x05...7066,https://bscscan.com/tx/0x170edf0f874e2e062a864559fdc977f06b953d7d1c2875747972ca601a45a30d
2023-03-23 00:37:20,False,3.703e-05,1.154e-08,17551.4,0.002,0x05...7066,https://bscscan.com/tx/0x170edf0f874e2e062a864559fdc977f06b953d7d1c2875747972ca601a45a30d
2023-03-23 00:37:17,False,3.722e-05,1.154e-08,6481011.0,0.748,0x05...7066,https://bscscan.com/tx/0xffe82a75501ef0f2e287f753aec08c3a37f745984d704d297b006d653198ab65
2023-03-23 00:37:17,False,3.722e-05,1.154e-08,18160.1,0.0021,0x05...7066,https://bscscan.com/tx/0xffe82a75501ef0f2e287f753aec08c3a37f745984d704d297b006d653198ab65
2023-03-23 00:37:08,False,3.723e-05,1.154e-08,6705800.0,0.7741,0x05...7066,https://bscscan.com/tx/0xd6b771f5d87d7b6eddf97cd255f1b05b2416c02aa80560414ffe9538429ca5d1
2023-03-23 00:37:08,False,3.723e-05,1.154e-08,22386.8,0.0025,0x05...7066,https://bscscan.com/tx/0xd6b771f5d87d7b6eddf97cd255f1b05b2416c02aa80560414ffe9538429ca5d1
2023-03-23 00:37:08,False,3.723e-05,1.154e-08,8266524.0,0.9545,0x05...7066,https://bscscan.com/tx/0xf02fa902af8b35540853bbd6e68e3dd80fae7ab78611dbf03edd98cb12bbf384
2023-03-23 00:37:08,False,3.724e-05,1.154e-08,17159.7,0.0019,0x05...7066,https://bscscan.com/tx/0xf02fa902af8b35540853bbd6e68e3dd80fae7ab78611dbf03edd98cb12bbf384
2023-03-23 00:36:33,True,3.724e-05,1.16e-08,32949.4,0.0038,0xdd...32fd,https://bscscan.com/tx/0x4c1e48950e13375ec96d08941d30265f084b1c5e08c74690fe3608f9bf8b00b0
2023-03-23 00:36:12,True,3.724e-05,1.16e-08,1257000.0,0.1458,0x5c...5e5f,https://bscscan.com/tx/0x2bc64dcb66d6b0a301a227f026689af4767113039dd8c55890ea8d4d4a58b316
2023-03-23 00:36:03,False,3.705e-05,1.154e-08,5050313.0,0.5832,0x6b...9f5d,https://bscscan.com/tx/0x76948fd804c92e301b40f3b979171f05384b863b522a7710b72c39fa3fc57ed3
2023-03-23 00:36:03,False,3.706e-05,1.154e-08,73211.2,0.0084,0x6b...9f5d,https://bscscan.com/tx/0x76948fd804c92e301b40f3b979171f05384b863b522a7710b72c39fa3fc57ed3
2023-03-23 00:36:00,False,3.707e-05,1.155e-08,27033913.0,3.12322,0xc0...1f4f,https://bscscan.com/tx/0x1d89536f2b03d12d9e5bd3e40cb431579048810309d7f3de89d4ca4ec0c0452f
2023-03-23 00:36:00,False,3.708e-05,1.155e-08,13950.9,0.0016,0xc0...1f4f,https://bscscan.com/tx/0x1d89536f2b03d12d9e5bd3e40cb431579048810309d7f3de89d4ca4ec0c0452f
2023-03-23 00:35:57,False,3.727e-05,1.155e-08,5151493.0,0.5953,0x6b...9f5d,https://bscscan.com/tx/0x3983c1e66e21a7c50f55127eb82e6282adb58fda1aa22ac11b2dbd3f32053926
2023-03-23 00:35:57,False,3.727e-05,1.155e-08,13857.2,0.0016,0x6b...9f5d,https://bscscan.com/tx/0x3983c1e66e21a7c50f55127eb82e6282adb58fda1aa22ac11b2dbd3f32053926
2023-03-23 00:35:45,False,3.727e-05,1.155e-08,5116917.0,0.5914,0x6b...9f5d,https://bscscan.com/tx/0xae918e170fb811318b0f97066f032ac2cf30c683ca1666d2f69d1abe805db103
2023-03-23 00:35:45,False,3.728e-05,1.155e-08,13938.9,0.0016,0x6b...9f5d,https://bscscan.com/tx/0xae918e170fb811318b0f97066f032ac2cf30c683ca1666d2f69d1abe805db103
2023-03-23 00:35:36,False,3.709e-05,1.156e-08,5147083.0,0.595,0x6b...9f5d,https://bscscan.com/tx/0x4e58e5df765c07bc5dca627af622c9bb37e5e79ac4790338a4c98558851bc058
2023-03-23 00:35:36,False,3.709e-05,1.156e-08,13935.0,0.0016,0x6b...9f5d,https://bscscan.com/tx/0x4e58e5df765c07bc5dca627af622c9bb37e5e79ac4790338a4c98558851bc058
2023-03-23 00:35:30,False,3.71e-05,1.156e-08,5145618.0,0.5949,0x6b...9f5d,https://bscscan.com/tx/0x573c1ce3cb15f90d05a76c9fba2f881e6816535d478f4e24bf63f2985c8a9ee4
2023-03-23 00:35:30,False,3.71e-05,1.156e-08,13637.0,0.0015,0x6b...9f5d,https://bscscan.com/tx/0x573c1ce3cb15f90d05a76c9fba2f881e6816535d478f4e24bf63f2985c8a9ee4
2023-03-23 00:34:24,False,3.726e-05,1.156e-08,5035577.0,0.5822,0x6b...9f5d,https://bscscan.com/tx/0xf02ab0d778b50fcb3d2255596ae948704a6fbf2213bcac566f8b0a87b9e45c1c
2023-03-23 00:34:24,False,3.727e-05,1.156e-08,13599.6,0.0015,0x6b...9f5d,https://bscscan.com/tx/0xf02ab0d778b50fcb3d2255596ae948704a6fbf2213bcac566f8b0a87b9e45c1c
2023-03-23 00:34:15,False,3.727e-05,1.156e-08,5021784.0,0.5807,0x6b...9f5d,https://bscscan.com/tx/0xb4baf48d474238d9273eaa704cd5afa561e781ae450d424515f169c8857d9c6e
2023-03-23 00:34:15,False,3.727e-05,1.156e-08,2700.0,3.122e-05,0x6b...9f5d,https://bscscan.com/tx/0xb4baf48d474238d9273eaa704cd5afa561e781ae450d424515f169c8857d9c6e
2023-03-23 00:33:36,False,3.727e-05,1.156e-08,997000.0,0.1153,0x26...0d8c,https://bscscan.com/tx/0xd44cf73b0ca83e325548dfbef144588cf899d30801a17f2030cdd81ea47b2016
2023-03-23 00:31:04,False,3.727e-05,1.156e-08,6799391.0,0.7864,0xd4...cc47,https://bscscan.com/tx/0x47f7b95729ba1fbddc3ffb2504b007d2adf087a904c3e5f8838412b46332e64b
2023-03-23 00:31:04,False,3.727e-05,1.156e-08,82706.5,0.0095,0xd4...cc47,https://bscscan.com/tx/0x47f7b95729ba1fbddc3ffb2504b007d2adf087a904c3e5f8838412b46332e64b
2023-03-23 00:28:34,True,3.743e-05,1.162e-08,26703239.0,3.10351,0x5e...b1a3,https://bscscan.com/tx/0xcc5946da179b937be2b6209ec53a74cba161d45c921c9002eedbb1fab71c79d7
2023-03-23 00:28:19,False,3.704e-05,1.156e-08,3917017.0,0.4528,0x98...fd48,https://bscscan.com/tx/0x670376081a6dfc5e07b9c1c7d904b6ea01db840bc943afef422bdedfdb5c201f
2023-03-23 00:26:52,False,3.703e-05,1.156e-08,5035709.0,0.5822,0xdc...c6dd,https://bscscan.com/tx/0xf0a8fec279a5ed94e732f1986a7da100a68b0c33f2dc9dc38d36db61dcfb1f50
2023-03-23 00:26:52,False,3.704e-05,1.156e-08,157499.0,0.0182,0xdc...c6dd,https://bscscan.com/tx/0xf0a8fec279a5ed94e732f1986a7da100a68b0c33f2dc9dc38d36db61dcfb1f50
2023-03-23 00:26:28,True,3.72e-05,1.161e-08,57688187.0,6.69908,0xc2...c746,https://bscscan.com/tx/0xc06e44b7ce73d9ded50c19c3f411581f13a26e7f588074111736c1b62bf45d6c
2023-03-23 00:26:16,False,3.717e-05,1.154e-08,642832.0,0.0742,0x69...d8d4,https://bscscan.com/tx/0x7a2c63e8cffca3c11eeab043e517c0c15d75c6aa62e6ada07dadb23116c4ed9f
2023-03-23 00:26:16,False,3.717e-05,1.154e-08,89897.6,0.0103,0x69...d8d4,https://bscscan.com/tx/0x7a2c63e8cffca3c11eeab043e517c0c15d75c6aa62e6ada07dadb23116c4ed9f
2023-03-23 00:24:16,True,3.734e-05,1.16e-08,28666607.0,3.32538,0xcb...a50c,https://bscscan.com/tx/0x90060dfe8a08b9cccd5898affac5ea4ed25bed7f2e561b22cc47d234be00a2ba
2023-03-23 00:21:31,False,3.696e-05,1.153e-08,4614896.0,0.5325,0xd0...da99,https://bscscan.com/tx/0x6acde1d837922e4f8087eedbb59b90a5bce0f207c6c4f9251b50f302e9a7e330
2023-03-23 00:21:31,False,3.696e-05,1.153e-08,5139.74,5.93e-05,0xd0...da99,https://bscscan.com/tx/0x6acde1d837922e4f8087eedbb59b90a5bce0f207c6c4f9251b50f302e9a7e330
2023-03-23 00:21:01,False,3.697e-05,1.153e-08,1897895.0,0.219,0xc5...02ec,https://bscscan.com/tx/0xc06129779a5f59750b00143b7964deaf4b767c857a4851380c0eb033c20ba6fe
2023-03-23 00:21:01,False,3.697e-05,1.154e-08,228604.0,0.0263,0xc5...02ec,https://bscscan.com/tx/0xc06129779a5f59750b00143b7964deaf4b767c857a4851380c0eb033c20ba6fe
2023-03-23 00:20:46,True,3.715e-05,1.159e-08,1117661.0,0.1296,0xeb...4c43,https://bscscan.com/tx/0xf1b05a7d7cce0559571563d16e40ff994e534c852d549b3023e03740ad039673
2023-03-23 00:16:55,True,3.712e-05,1.158e-08,57798151.0,6.69837,0xc2...c746,https://bscscan.com/tx/0x69dd79abcbc1935d8f4b9a34ed0ef922ff42c1bb2a3390c73b5866ce360f61f5
2023-03-23 00:16:49,True,3.728e-05,1.158e-08,402277.0,0.0465,0x81...ecb6,https://bscscan.com/tx/0x0de8097773bb01ae079f8e34dcaf63c5552f6ab0c810ad5f1f90d2cfcee008e5
2023-03-23 00:16:46,True,3.728e-05,1.158e-08,350000.0,0.0405,0x6e...3c3c,https://bscscan.com/tx/0x1ed2bd759bf7dad7e00d5265492646248082abecc317b8555386cb383da2bad3
2023-03-23 00:14:46,False,3.711e-05,1.152e-08,24925000.0,2.87296,0x73...3baf,https://bscscan.com/tx/0x36fd1963a387b441df8a5ab26546fd09e7fb32cfca7faae4f6332b09b9983ba5
2023-03-23 00:14:46,False,3.712e-05,1.153e-08,30955.4,0.0035,0x73...3baf,https://bscscan.com/tx/0x36fd1963a387b441df8a5ab26546fd09e7fb32cfca7faae4f6332b09b9983ba5
2023-03-23 00:13:04,True,3.712e-05,1.158e-08,2680410.0,0.3105,0xdd...4f50,https://bscscan.com/tx/0x89d09187c54a60c709486e5befcefe3b0d72480880d4a5500a02ae7a6982ac58
2023-03-23 00:12:49,True,3.71e-05,1.158e-08,120824.0,0.014,0x8f...62e3,https://bscscan.com/tx/0x27dc1860f451bb8cd51e451f258f6c0906205224d87c3d22b50769a7c4aab815
2023-03-23 00:11:43,True,3.729e-05,1.158e-08,295567.0,0.0342,0xbb...a93f,https://bscscan.com/tx/0xe90497c7efd44c8ef8d6ee0083dd4be59c56333fa4570c6e8831c4678a260085
2023-03-23 00:11:25,True,3.71e-05,1.158e-08,400000.0,0.0463,0xda...bd0b,https://bscscan.com/tx/0x393745f9792aed9f04add47d1ee685fd11a450f9a0bf59928dba2f99326a2d44
2023-03-23 00:10:34,True,3.728e-05,1.158e-08,7768177.0,0.9,0x58...aad8,https://bscscan.com/tx/0x3705297f831f7d149201a8313600e63c5641a92f73ff98e6af1239daad8dd2ac
2023-03-23 00:09:52,False,3.709e-05,1.152e-08,199400.0,0.0229,0x0e...426c,https://bscscan.com/tx/0x01139a26f7710fada77df9b4e646965a1e6775215c709bb426a8c71100a440f3
2023-03-23 00:09:52,False,3.71e-05,1.152e-08,28128.0,0.0032,0x0e...426c,https://bscscan.com/tx/0x01139a26f7710fada77df9b4e646965a1e6775215c709bb426a8c71100a440f3
2023-03-23 00:07:25,True,3.728e-05,1.158e-08,669046.0,0.0775,0x88...b26e,https://bscscan.com/tx/0xfa947a9c7c19a5bf77bec0c9b4b2094aad1a089c5d66ebd34c7197c4f139534a
2023-03-23 00:06:58,True,3.709e-05,1.158e-08,802867.0,0.093,0x88...b26e,https://bscscan.com/tx/0x23051829facb368f76ace7f2b446d63f22f0fcdef64e97c59dc929652c01aa72
2023-03-23 00:05:04,True,3.709e-05,1.158e-08,1374865.0,0.1592,0x4f...31fa,https://bscscan.com/tx/0x1a6513e061fd2e57160ce1c2aefa961e9bf694379872c7176d868aec6861cfa1
2023-03-23 00:05:04,False,3.691e-05,1.152e-08,7548272.0,0.8701,0xd8...655b,https://bscscan.com/tx/0x7f830cf4bc88075c4bb03b506fd37b5a734dbf405b3cd39589f4e7dcf9f3b3c1
2023-03-23 00:05:04,False,3.691e-05,1.152e-08,787.07,9.073e-06,0xd8...655b,https://bscscan.com/tx/0x7f830cf4bc88075c4bb03b506fd37b5a734dbf405b3cd39589f4e7dcf9f3b3c1
2023-03-23 00:04:31,True,3.709e-05,1.158e-08,78901.0,0.0091,0x28...59ae,https://bscscan.com/tx/0xa416d798c0fd493b2a8c6f130826ec9c5c7dc1499304f245fbe4c4611ebbac06
2023-03-23 00:04:19,True,3.727e-05,1.158e-08,8631.1,0.001,0xf3...3fbb,https://bscscan.com/tx/0x9527f5ee3c4b684ed1906c83bc92c64f0acfed2ba8b6ffdfb2b604607e7642dd
2023-03-23 00:03:52,False,3.709e-05,1.152e-08,203363.0,0.0234,0xa1...6e8f,https://bscscan.com/tx/0xbda8713f15a1df1a99cefe209bc0ec089b09c6ae5feacf54b0e5fbbd54cf409e
2023-03-23 00:03:52,False,3.709e-05,1.152e-08,790945.0,0.0911,0xa1...6e8f,https://bscscan.com/tx/0xbda8713f15a1df1a99cefe209bc0ec089b09c6ae5feacf54b0e5fbbd54cf409e
2023-03-23 00:03:46,True,3.727e-05,1.158e-08,220597.0,0.0255,0xc4...c5da,https://bscscan.com/tx/0x4e2994850feff6a6de6fa4802e8b9e4d9a8aea557ab02f46d59778d8fedf067c
2023-03-23 00:02:22,True,3.697e-05,1.155e-08,228549494.0,26.4045,0x76...6c90,https://bscscan.com/tx/0x3f1df39ead4f39b153c000864182396ac5157df7783add9de876a8eb8b7b448e
2023-03-23 00:01:37,True,3.705e-05,1.152e-08,350000.0,0.0403,0x8a...4014,https://bscscan.com/tx/0x80f2400e7ff33432c161d8455e35e6a63843dc3328cc4cbea61711f2a8007d38
2023-03-23 00:01:34,False,3.69e-05,1.147e-08,63613654.0,7.29749,0x7c...143a,https://bscscan.com/tx/0xfe70aaaaacd80cb43f52d17287e2f80ef4d1addc12afecc6de88af62c95295c6
2023-03-23 00:01:34,False,3.693e-05,1.148e-08,7583.44,8.706e-05,0x7c...143a,https://bscscan.com/tx/0xfe70aaaaacd80cb43f52d17287e2f80ef4d1addc12afecc6de88af62c95295c6
2023-03-22 23:59:07,True,3.692e-05,1.153e-08,260629.0,0.03,0x5b...a5c4,https://bscscan.com/tx/0x7029ec2745c6f35ea3737c92206988d1d8478fc42c34fe48629473b0ccf4df04
2023-03-22 23:59:04,False,3.674e-05,1.148e-08,2540409.0,0.2916,0x2a...a409,https://bscscan.com/tx/0xa0f51b7cf02c818d9e129e0af229d286be9ed992968f232e18948ab16aa3ed2c
2023-03-22 23:59:04,False,3.674e-05,1.148e-08,14013.3,0.0016,0x2a...a409,https://bscscan.com/tx/0xa0f51b7cf02c818d9e129e0af229d286be9ed992968f232e18948ab16aa3ed2c
2023-03-22 23:58:58,True,3.693e-05,1.153e-08,79002.8,0.0091,0x15...4042,https://bscscan.com/tx/0xc1e11dac73c1c1754d395399d1b3dac0408cef5231f1838a47478b0409fa0f43
