datetime,buy_order,price_USD,price_native,amount_token,total_native,maker,etherscan_url
2023-03-22 09:00:36,True,3.95e-05,1.169e-08,1254182.0,0.1466,0x32...bef5,https://bscscan.com/tx/0x5edae8ca492269e8f7df4e8d4d067dc16e82e21a5e6213599def9ddbcb653911
2023-03-22 08:58:24,False,3.927e-05,1.162e-08,554175.0,0.0644,0x1e...9213,https://bscscan.com/tx/0xc5d3b5875e9eec6b6a67d752bcbd0f025bf2268a68f908ef2f87ec9f772f2547
2023-03-22 08:58:24,False,3.927e-05,1.162e-08,717.394,8.34e-06,0x1e...9213,https://bscscan.com/tx/0xc5d3b5875e9eec6b6a67d752bcbd0f025bf2268a68f908ef2f87ec9f772f2547
2023-03-22 08:55:03,False,3.929e-05,1.162e-08,264904.0,0.0308,0x13...5eed,https://bscscan.com/tx/0x632f4bbbb68c632238703b14ffe76d9856edbe094f0c0711fb2c46cd4153bbe4
2023-03-22 08:55:03,False,3.929e-05,1.162e-08,25088.7,0.0029,0x13...5eed,https://bscscan.com/tx/0x632f4bbbb68c632238703b14ffe76d9856edbe094f0c0711fb2c46cd4153bbe4
2023-03-22 08:51:00,True,3.931e-05,1.168e-08,770224.0,0.09,0xfa...fb86,https://bscscan.com/tx/0x19f3bb59890dc264ddb534b7f5245fdc82697c34a4265d4fa77b4969ed1a8073
2023-03-22 08:51:00,True,3.931e-05,1.168e-08,470700.0,0.055,0xf5...fa2c,https://bscscan.com/tx/0xae0a1e9dd442eeb2a73b538403b0a76fa21d7f15d56726a2327c0c14a105c242
2023-03-22 08:49:39,False,3.911e-05,1.162e-08,1546549.0,0.1798,0xe5...7eed,https://bscscan.com/tx/0xbc77f3613fdf0040ecf8d0f2f083fbe618618a2f7045e7ba405ef39381457141
2023-03-22 08:49:39,False,3.911e-05,1.162e-08,43108.4,0.005,0xe5...7eed,https://bscscan.com/tx/0xbc77f3613fdf0040ecf8d0f2f083fbe618618a2f7045e7ba405ef39381457141
2023-03-22 08:47:12,False,3.936e-05,1.162e-08,15918174.0,1.85114,0x05...7066,https://bscscan.com/tx/0x74c6968b09210decc61183acfdeda68dcc929b32d011761c0ef74fe3a5d17a8b
2023-03-22 08:47:12,False,3.937e-05,1.163e-08,269232.0,0.0313,0x05...7066,https://bscscan.com/tx/0x74c6968b09210decc61183acfdeda68dcc929b32d011761c0ef74fe3a5d17a8b
2023-03-22 08:46:57,True,3.937e-05,1.168e-08,35445.4,0.0041,0xe4...88c2,https://bscscan.com/tx/0x067e4b9807f768c5721e762eaeefdca1d1a5ff7f4df16a4bf35cf3d0458b43bf
2023-03-22 08:46:03,False,3.943e-05,1.164e-08,99380960.0,11.574,0xbd...9333,https://bscscan.com/tx/0x78883a14c21f547551c3fcafad39e72a494f1e13278dcd03051ed95b4cd53954
2023-03-22 08:46:03,False,3.948e-05,1.166e-08,81000.0,0.0094,0xbd...9333,https://bscscan.com/tx/0x78883a14c21f547551c3fcafad39e72a494f1e13278dcd03051ed95b4cd53954
2023-03-22 08:45:51,False,3.93e-05,1.166e-08,29910000.0,3.48901,0x20...946b,https://bscscan.com/tx/0x0acc762556e8f7e9c61a10e736b9581fb9a04d88ea290fcbb412b4d39401225d
2023-03-22 08:45:51,False,3.931e-05,1.166e-08,17928.6,0.002,0x20...946b,https://bscscan.com/tx/0x0acc762556e8f7e9c61a10e736b9581fb9a04d88ea290fcbb412b4d39401225d
2023-03-22 08:45:21,True,3.951e-05,1.172e-08,170532.0,0.02,0x46...accc,https://bscscan.com/tx/0xf203a032b373f442b790f7f0f9a32c1821a11ca2708e879573887bc2157dc178
2023-03-22 08:44:33,True,3.952e-05,1.172e-08,85266.6,0.01,0xb4...2c92,https://bscscan.com/tx/0xa0b1456427d08cbe140dd21299c84d6776167a47c98227236485d39f0bae0a15
2023-03-22 08:43:54,False,3.931e-05,1.167e-08,6365277.0,0.7428,0x7e...cf94,https://bscscan.com/tx/0xda6da7ff8e60c021fb62003c09958562e12a2400667d1ac1a7eadc04ce398d41
2023-03-22 08:43:54,False,3.932e-05,1.167e-08,10239.3,0.0012,0x7e...cf94,https://bscscan.com/tx/0xda6da7ff8e60c021fb62003c09958562e12a2400667d1ac1a7eadc04ce398d41
2023-03-22 08:43:00,False,3.931e-05,1.167e-08,3780946.0,0.4413,0x1f...f64e,https://bscscan.com/tx/0x64fe05a4b75f531110d6c92cff454a4885f3ec2e33c569f66203785e1167c687
2023-03-22 08:43:00,False,3.931e-05,1.167e-08,2342.85,2.734e-05,0x1f...f64e,https://bscscan.com/tx/0x64fe05a4b75f531110d6c92cff454a4885f3ec2e33c569f66203785e1167c687
2023-03-22 08:42:12,True,3.971e-05,1.173e-08,400000.0,0.0469,0xee...b018,https://bscscan.com/tx/0xde59faaaf822778682ad1f3e22d72406db4bfed99452751434c8adc02d8b13d9
2023-03-22 08:41:03,False,3.952e-05,1.167e-08,466319.0,0.0544,0x0d...f7e9,https://bscscan.com/tx/0xf45af7dd943a2f66416d0c886f0ea4d28301aaebc2a8fb7b382fa8fcdcff6a0d
2023-03-22 08:41:03,False,3.952e-05,1.167e-08,34459.3,0.004,0x0d...f7e9,https://bscscan.com/tx/0xf45af7dd943a2f66416d0c886f0ea4d28301aaebc2a8fb7b382fa8fcdcff6a0d
2023-03-22 08:39:33,False,3.952e-05,1.167e-08,12724406.0,1.48548,0x05...7066,https://bscscan.com/tx/0x7078e1c91cc5c4482000cab45bf97c141d0302690da1e1a2952c41ae94afc546
2023-03-22 08:39:33,False,3.953e-05,1.167e-08,64793.9,0.0075,0x05...7066,https://bscscan.com/tx/0x7078e1c91cc5c4482000cab45bf97c141d0302690da1e1a2952c41ae94afc546
2023-03-22 08:38:54,True,3.974e-05,1.173e-08,1525417.0,0.179,0xc2...2100,https://bscscan.com/tx/0x6f0727a190e6ffe2de42ac39b4cd9f8a5e0a7624980956f2b94ec4c228f2b692
2023-03-22 08:37:39,False,3.932e-05,1.167e-08,16749600.0,1.95604,0x20...946b,https://bscscan.com/tx/0xe8e24b0061d45c43a909ccc76766d1387e64ea6701f2cc999a6b06a12f573d0b
2023-03-22 08:37:39,False,3.932e-05,1.168e-08,42504.0,0.0049,0x20...946b,https://bscscan.com/tx/0xe8e24b0061d45c43a909ccc76766d1387e64ea6701f2cc999a6b06a12f573d0b
2023-03-22 08:36:30,False,3.953e-05,1.168e-08,2534584.0,0.296,0x66...8e7c,https://bscscan.com/tx/0x359a529c397b5ba5989f2a4d96310ce8278de6bd02e074ecc260e99f887b70c8
2023-03-22 08:36:30,False,3.953e-05,1.168e-08,7531.38,8.797e-05,0x66...8e7c,https://bscscan.com/tx/0x359a529c397b5ba5989f2a4d96310ce8278de6bd02e074ecc260e99f887b70c8
2023-03-22 08:34:00,True,3.959e-05,1.173e-08,491227.0,0.0576,0x9f...3127,https://bscscan.com/tx/0x93184d6f640ce4da36da4672d53914c701c75ce278df12b253801bea1a17539b
2023-03-22 08:33:06,True,3.978e-05,1.173e-08,620368.0,0.0728,0x13...33a9,https://bscscan.com/tx/0x80db47bc1a7861ccce819d62d730e1d90813b4c7c27779dc5d5938181e04c2ab
2023-03-22 08:32:18,True,3.979e-05,1.173e-08,894639.0,0.105,0xc2...2100,https://bscscan.com/tx/0x5823de74e3acbc45ffc1c65f12b266781def2f35a9df325aaf0f1c6100b8908b
2023-03-22 08:32:09,False,3.959e-05,1.168e-08,780818.0,0.0912,0xf6...b80b,https://bscscan.com/tx/0x78b57bd2420b011d599a2840d70994eaa1b4021acd3904d65602deb5ebad3588
2023-03-22 08:32:09,False,3.96e-05,1.168e-08,28093.4,0.0032,0xf6...b80b,https://bscscan.com/tx/0x78b57bd2420b011d599a2840d70994eaa1b4021acd3904d65602deb5ebad3588
2023-03-22 08:31:33,True,3.961e-05,1.173e-08,391837.0,0.046,0x8a...8d55,https://bscscan.com/tx/0xe5eed8ae652f63e560b9961a4358aeadd6f9c6dbb00caf3538b2293d4d234f74
2023-03-22 08:30:18,True,3.961e-05,1.173e-08,1634270.0,0.1918,0x88...b18f,https://bscscan.com/tx/0xcdbbc904bdc972c6390f460414fcf1b665d27eab2d49fabcc38923fe166489d1
2023-03-22 08:28:03,True,3.968e-05,1.173e-08,46053.6,0.0054,0x0b...d15c,https://bscscan.com/tx/0x2b8c3bd9cdf825f5279e8def0d2c3d99b500b553fd3dfd87122b00024f19ff94
2023-03-22 08:26:51,True,3.986e-05,1.173e-08,1158028.0,0.1359,0xb5...0b6e,https://bscscan.com/tx/0x9853112ed0d32f3d590a12746e3254afdc85cbff02fdcdd9764cdc516925684b
2023-03-22 08:26:51,True,3.966e-05,1.173e-08,5944151.0,0.6977,0x4b...0dec,https://bscscan.com/tx/0x36ce35f5dab62fb14ff7a44844f85532770d79f44660265761baf50d69415c77
2023-03-22 08:24:27,True,3.968e-05,1.173e-08,166241.0,0.0195,0xfa...1a1a,https://bscscan.com/tx/0x9525f7131d93232528f4c1736ebaf26e113e13d454e433b95beaf093573b45ad
2023-03-22 08:22:51,False,3.968e-05,1.167e-08,994009.0,0.116,0x36...c83b,https://bscscan.com/tx/0x20029ff8c05cc07d924df2bdd311b3fd840d3032f9e63fab0f50cb249ae6c11c
2023-03-22 08:22:51,False,3.968e-05,1.167e-08,14040.8,0.0016,0x36...c83b,https://bscscan.com/tx/0x20029ff8c05cc07d924df2bdd311b3fd840d3032f9e63fab0f50cb249ae6c11c
2023-03-22 08:22:45,True,3.968e-05,1.173e-08,952726.0,0.1118,0x60...5b84,https://bscscan.com/tx/0x54df9abf7beb4dcb58de7605cd36f6b36d4827796688859405c77c230fcc6a48
2023-03-22 08:21:45,True,3.988e-05,1.173e-08,961901.0,0.1129,0xb5...0b6e,https://bscscan.com/tx/0x87a7f0856c87e3a321d23da7ee554afb41621c8add4c456905352f50722a78b6
2023-03-22 08:20:51,True,3.968e-05,1.173e-08,1128159.0,0.1324,0x23...d2db,https://bscscan.com/tx/0x8427c514b47cc2492c3555af16ee5e7cda68e259f0375fea57f6c099e87aaf87
2023-03-22 08:20:09,True,3.966e-05,1.173e-08,1194600.0,0.1402,0x4b...c0c6,https://bscscan.com/tx/0xbe10598df7bab2bfbf53eba540efd532f51fe2f717a677218122cb26de10abd4
2023-03-22 08:17:18,False,3.966e-05,1.167e-08,960022.0,0.1121,0x74...f85f,https://bscscan.com/tx/0xd3f04460d80c29a3ad4701c651f85099e5c241567c974012219eb8d60f696bc0
2023-03-22 08:17:18,False,3.966e-05,1.167e-08,5581.96,6.518e-05,0x74...f85f,https://bscscan.com/tx/0xd3f04460d80c29a3ad4701c651f85099e5c241567c974012219eb8d60f696bc0
2023-03-22 08:09:12,False,3.946e-05,1.167e-08,2061190.0,0.2407,0x09...f18b,https://bscscan.com/tx/0x09ebed6d8becc876b0a7ee268a3b9e2f8ba63e126f0bfe6c871f2d5da7b0b310
2023-03-22 08:09:12,False,3.947e-05,1.167e-08,333401.0,0.0389,0x09...f18b,https://bscscan.com/tx/0x09ebed6d8becc876b0a7ee268a3b9e2f8ba63e126f0bfe6c871f2d5da7b0b310
2023-03-22 08:05:42,True,3.969e-05,1.174e-08,759729.0,0.0892,0x14...1cfc,https://bscscan.com/tx/0x9127894ffbd7a434f45011103ea9095b8cbdc7444c076bab668c517299ee3c56
2023-03-22 08:02:12,False,3.965e-05,1.169e-08,120858355.0,14.1355,0xf5...8cea,https://bscscan.com/tx/0xe2b8a450708b88cdba8c61d868c4f7a7223affe504a1553f321195820e5b6398
2023-03-22 08:02:12,False,3.971e-05,1.171e-08,120370.0,0.0141,0xf5...8cea,https://bscscan.com/tx/0xe2b8a450708b88cdba8c61d868c4f7a7223affe504a1553f321195820e5b6398
2023-03-22 08:01:54,True,3.991e-05,1.177e-08,1015480.0,0.1195,0xe6...a629,https://bscscan.com/tx/0x75c2cb68a87b75f318cb862cf9219fb3d0b170ea056de7216278f33bd06b7b1a
2023-03-22 08:01:09,True,3.991e-05,1.177e-08,1089809.0,0.1282,0x73...93da,https://bscscan.com/tx/0xef395b94969292a22b0cfd979f00568ace6391909921141084f2f53098f7021b
2023-03-22 08:01:03,True,3.991e-05,1.177e-08,75000.0,0.0088,0xea...d1a3,https://bscscan.com/tx/0xf07abf6d2ae1545c598fd0facb9d302e39f76d957d9d6e7620ab4e6f07d7b456
2023-03-22 08:00:54,True,3.991e-05,1.177e-08,11257.5,0.0013,0x63...f574,https://bscscan.com/tx/0x4ae632cd8aabc7804e7b0879563ac56e962aca9e696d8c8c361e0c8b34390b89
2023-03-22 07:59:33,True,3.969e-05,1.177e-08,21812.5,0.0025,0x63...f574,https://bscscan.com/tx/0x7ce4cedfe70f7573869c146845c603a1e2f7ab56ae20ca44e9fe898aca0afce1
2023-03-22 07:57:03,True,3.968e-05,1.176e-08,42091394.0,4.9523,0x63...c76b,https://bscscan.com/tx/0x0bbb21134825df39ea48a4f5933e4924a133ff9aaeb017d27f5ab6d93185d810
2023-03-22 07:55:30,False,3.965e-05,1.17e-08,276000.0,0.0322,0xfb...5148,https://bscscan.com/tx/0x59fea990ae2bba89b8182c3c6d5fdc3005ebfc923ac3f8ec6b5529c7f9fc9d78
2023-03-22 07:55:30,False,3.965e-05,1.17e-08,8002.21,9.363e-05,0xfb...5148,https://bscscan.com/tx/0x59fea990ae2bba89b8182c3c6d5fdc3005ebfc923ac3f8ec6b5529c7f9fc9d78
2023-03-22 07:54:42,False,3.965e-05,1.17e-08,2954890.0,0.3457,0x22...a225,https://bscscan.com/tx/0x14eceeb811a76bed032a5b01198b4ef16edbcfed638b31dd331a14f453b706dd
2023-03-22 07:54:42,False,3.966e-05,1.17e-08,11704.0,0.0013,0x22...a225,https://bscscan.com/tx/0x14eceeb811a76bed032a5b01198b4ef16edbcfed638b31dd331a14f453b706dd
2023-03-22 07:53:45,True,3.966e-05,1.176e-08,74636.3,0.0087,0xf2...1685,https://bscscan.com/tx/0xad7cdbf8125b2ce2f86706043d1d79d57f1bf98dc30c17d626811bf437b79f31
2023-03-22 07:53:18,True,3.986e-05,1.175e-08,2260177.0,0.2658,0xe6...a629,https://bscscan.com/tx/0x0b7fb0cbc56dc185f9f7ef1fccedb2ae6729b7a6cd4d61f3058f644299b219da
2023-03-22 07:49:36,False,3.962e-05,1.17e-08,1994000.0,0.2333,0xa2...fae0,https://bscscan.com/tx/0x9590181963463ea08dfc97b28210bd86a8325817de0f0de97b8459e3d5a0a12b
2023-03-22 07:49:36,False,3.962e-05,1.17e-08,817.809,9.569e-06,0xa2...fae0,https://bscscan.com/tx/0x9590181963463ea08dfc97b28210bd86a8325817de0f0de97b8459e3d5a0a12b
2023-03-22 07:47:45,False,3.94e-05,1.17e-08,247148.0,0.0289,0x6d...4df1,https://bscscan.com/tx/0x7afd30050d97a2ba8eeb542921fa1277967014956996abeff440f7df3813fc4a
2023-03-22 07:47:45,False,3.94e-05,1.17e-08,5518.74,6.457e-05,0x6d...4df1,https://bscscan.com/tx/0x7afd30050d97a2ba8eeb542921fa1277967014956996abeff440f7df3813fc4a
2023-03-22 07:47:09,True,3.979e-05,1.176e-08,932842.0,0.1097,0xe5...777c,https://bscscan.com/tx/0x355ecca3aacc397fe241e55f5996b448e8e82660f41a0fd7fb0ff04a5a22afdb
2023-03-22 07:46:15,False,3.957e-05,1.17e-08,1107803.0,0.1296,0x85...4a38,https://bscscan.com/tx/0xee57a7f0ddf98192e40deb9ccb9883501a639c08fab7c5403ad112a4b126c986
2023-03-22 07:46:15,False,3.957e-05,1.17e-08,4176.07,4.886e-05,0x85...4a38,https://bscscan.com/tx/0xee57a7f0ddf98192e40deb9ccb9883501a639c08fab7c5403ad112a4b126c986
2023-03-22 07:45:54,True,3.959e-05,1.176e-08,746981.0,0.0878,0x32...bef5,https://bscscan.com/tx/0xb73868e0048d69aa0df0658f4b062a7d63923e9589dd966496847a768d621205
2023-03-22 07:45:33,True,3.976e-05,1.176e-08,87093.7,0.0102,0x7f...c14f,https://bscscan.com/tx/0x0786c3ffe74e2284519e072e252b8ca05d550ab2194e4d00d154f58d7135e119
2023-03-22 07:44:45,True,3.976e-05,1.176e-08,340135.0,0.04,0x94...b353,https://bscscan.com/tx/0xb0c9770d39ed0dc7a825cce6f0ff0cfb781004097afd6c1e7afc7cc279b90827
2023-03-22 07:39:30,False,3.929e-05,1.17e-08,371364.0,0.0434,0x7f...c14f,https://bscscan.com/tx/0x61dd500ef8bf10cb0a97f7c5fadb475cb49fc5632a77e6ac7474f1882b6b8a6a
2023-03-22 07:39:30,False,3.929e-05,1.17e-08,8154.82,9.542e-05,0x7f...c14f,https://bscscan.com/tx/0x61dd500ef8bf10cb0a97f7c5fadb475cb49fc5632a77e6ac7474f1882b6b8a6a
2023-03-22 07:37:09,True,3.968e-05,1.176e-08,320304.0,0.0376,0xcb...6f89,https://bscscan.com/tx/0x3fcb08e30f8e2ef89e2ae1b612eb92ea2d505d59070bf37374f7c93133c2c224
2023-03-22 07:26:24,False,3.947e-05,1.17e-08,2691900.0,0.315,0x0c...9f6d,https://bscscan.com/tx/0x3343c29a19489a1df4d90ac2966238dace434900e5e4dc8d6acec85706f5e275
2023-03-22 07:26:24,False,3.947e-05,1.17e-08,527.757,6.175e-06,0x0c...9f6d,https://bscscan.com/tx/0x3343c29a19489a1df4d90ac2966238dace434900e5e4dc8d6acec85706f5e275
2023-03-22 07:26:21,False,3.947e-05,1.17e-08,194879.0,0.0228,0xfe...e690,https://bscscan.com/tx/0xb3138c7adaa28445e57056610b6faaddc600dbb81da1c686c8e2d78c506ec0df
2023-03-22 07:26:21,False,3.947e-05,1.17e-08,24711.2,0.0028,0xfe...e690,https://bscscan.com/tx/0xb3138c7adaa28445e57056610b6faaddc600dbb81da1c686c8e2d78c506ec0df
2023-03-22 07:24:45,True,3.968e-05,1.176e-08,50404.8,0.0059,0x51...36c0,https://bscscan.com/tx/0x64d4bfba22cce1b5c45eb76be89e83da2c33970908ad91cf683f72b2c9828039
2023-03-22 07:24:00,True,3.946e-05,1.175e-08,8689597.0,1.02186,0x34...5657,https://bscscan.com/tx/0x76e08a49ec1d058bed7a8a03dc7de1e01cfade89ed9e7c4c11d105e091eefa2c
2023-03-22 07:23:36,False,3.945e-05,1.169e-08,411074.0,0.048,0x88...077a,https://bscscan.com/tx/0xc68323699e8d4dbcddc982bcaff8dbbe9802c95bcb9239988dec7eecd685931a
2023-03-22 07:23:36,False,3.945e-05,1.169e-08,10081.9,0.0011,0x88...077a,https://bscscan.com/tx/0xc68323699e8d4dbcddc982bcaff8dbbe9802c95bcb9239988dec7eecd685931a
2023-03-22 07:23:15,True,3.966e-05,1.175e-08,1000000.0,0.1175,0x51...36c0,https://bscscan.com/tx/0x7d63c4fe2b91fe8dadea9fbe53374001fd0cce38091f8ba8da3757f1b9f48a40
2023-03-22 07:22:51,True,3.946e-05,1.175e-08,34019.1,0.004,0xb2...9b22,https://bscscan.com/tx/0xf3ff664f535b6e8b0ed0e62b7321c870949fcb202a4d6e375df3ec0fd2eb20bb
2023-03-22 07:19:24,False,3.945e-05,1.169e-08,2691900.0,0.3149,0x0c...9f6d,https://bscscan.com/tx/0xf364af89b5b004d7c8ff0f82b007dc3ee58eb63f3cd6b311b39a03b7ef898cba
2023-03-22 07:19:24,False,3.945e-05,1.17e-08,1558.16,1.823e-05,0x0c...9f6d,https://bscscan.com/tx/0xf364af89b5b004d7c8ff0f82b007dc3ee58eb63f3cd6b311b39a03b7ef898cba
2023-03-22 07:19:18,True,3.965e-05,1.175e-08,153076.0,0.018,0x0b...84bb,https://bscscan.com/tx/0xbfb9b5671149d7145175e56697095a033287fe68793df356c5c3fa3ba2eec64d
2023-03-22 07:17:48,True,3.963e-05,1.175e-08,124021.0,0.0145,0x94...73c1,https://bscscan.com/tx/0x9761bef984df7f9ebaf963b77d3b3a4520fce2fbc4e18e1968846d6cb8fdc738
2023-03-22 07:17:30,False,3.923e-05,1.17e-08,299100.0,0.035,0x0c...be0e,https://bscscan.com/tx/0x2a61065ee1968fbc9981d26bec14aa111c8966bc5379b10fef3330066324adf6
2023-03-22 07:17:30,False,3.923e-05,1.17e-08,39419.8,0.0046,0x0c...be0e,https://bscscan.com/tx/0x2a61065ee1968fbc9981d26bec14aa111c8966bc5379b10fef3330066324adf6
2023-03-22 07:16:24,False,3.924e-05,1.17e-08,14556108.0,1.7034,0x7b...ef3b,https://bscscan.com/tx/0x1aafe62ce7ebf6ddda8789fe65793ce4dcace3f339ee09eefbaf5803a519b3cb
2023-03-22 07:16:24,False,3.924e-05,1.17e-08,60723.4,0.0071,0x7b...ef3b,https://bscscan.com/tx/0x1aafe62ce7ebf6ddda8789fe65793ce4dcace3f339ee09eefbaf5803a519b3cb
2023-03-22 07:16:24,True,3.944e-05,1.176e-08,1170899.0,0.1377,0xc4...6e8c,https://bscscan.com/tx/0xa873f54f688fd018a82b43addb5626feb7f637e1ee9182d99334a1519c1964ce
2023-03-22 07:13:45,True,3.963e-05,1.176e-08,68010.6,0.008,0xe3...d40c,https://bscscan.com/tx/0x38ccbc789a62eda6d62147ca6bf097fa692790fe369b4f52084f7d8b8809a64a
2023-03-22 07:13:39,False,3.944e-05,1.17e-08,21187484.0,2.48047,0x6c...2adb,https://bscscan.com/tx/0xe1f21249c5af8c9e0a2bf822ce4ee4881d5dd5aaf87ef53ffb5217b780270768
2023-03-22 07:13:39,False,3.945e-05,1.171e-08,17123.2,0.002,0x6c...2adb,https://bscscan.com/tx/0xe1f21249c5af8c9e0a2bf822ce4ee4881d5dd5aaf87ef53ffb5217b780270768
2023-03-22 07:12:33,True,3.946e-05,1.176e-08,566590.0,0.0666,0xe3...d40c,https://bscscan.com/tx/0x2b50da3abc3e11b01b78fbcb5202ead19a27edaeccc02915733a69d7bc9e2c65
2023-03-22 07:12:15,True,3.946e-05,1.176e-08,2549154.0,0.3,0x71...2974,https://bscscan.com/tx/0x24fd8b7dd2d7d2856add1d6092a662096aa1c30f065dab7fafbd892470d06bc7
2023-03-22 07:10:42,False,3.946e-05,1.17e-08,3216512.0,0.3766,0xb5...32ec,https://bscscan.com/tx/0x18cc19971ff2a3be618791715dad64f5ac78f589aa31788b8410c1500bc38cba
2023-03-22 07:10:42,False,3.946e-05,1.171e-08,937.31,1.097e-05,0xb5...32ec,https://bscscan.com/tx/0x18cc19971ff2a3be618791715dad64f5ac78f589aa31788b8410c1500bc38cba
2023-03-22 07:10:27,False,3.946e-05,1.171e-08,346111.0,0.0405,0xdd...4f50,https://bscscan.com/tx/0x8c4dca3c1216aba6e040844cd4ae74950ab86a18bdfa7d37bb708815dd25a719
2023-03-22 07:10:27,False,3.946e-05,1.171e-08,14850.0,0.0017,0xdd...4f50,https://bscscan.com/tx/0x8c4dca3c1216aba6e040844cd4ae74950ab86a18bdfa7d37bb708815dd25a719
2023-03-22 07:10:27,False,3.946e-05,1.171e-08,5483500.0,0.6421,0xef...0dfe,https://bscscan.com/tx/0xd5c6d9590ae2e86669ed7a6b10c7a7300d5a03a9c6351e3f41aee47724b0574d
2023-03-22 07:10:27,False,3.946e-05,1.171e-08,31311.2,0.0036,0xef...0dfe,https://bscscan.com/tx/0xd5c6d9590ae2e86669ed7a6b10c7a7300d5a03a9c6351e3f41aee47724b0574d
2023-03-22 07:07:57,False,3.931e-05,1.171e-08,11561936.0,1.35435,0x5e...ed43,https://bscscan.com/tx/0x176b70d1bb778e18652d2ed604beff8e25677e9d31489252b85ed65dee66fb42
2023-03-22 07:07:57,False,3.932e-05,1.171e-08,2700.0,3.163e-05,0x5e...ed43,https://bscscan.com/tx/0x176b70d1bb778e18652d2ed604beff8e25677e9d31489252b85ed65dee66fb42
2023-03-22 07:07:09,False,3.951e-05,1.171e-08,997000.0,0.1168,0xbd...bcd8,https://bscscan.com/tx/0x84592ca8ad185518db9252207c9eca92ade4edfba37af2c7446ef364a8d6df39
2023-03-22 07:07:09,False,3.951e-05,1.171e-08,3112.34,3.646e-05,0xbd...bcd8,https://bscscan.com/tx/0x84592ca8ad185518db9252207c9eca92ade4edfba37af2c7446ef364a8d6df39
2023-03-22 06:59:33,False,3.963e-05,1.171e-08,609029.0,0.0713,0x3b...bb17,https://bscscan.com/tx/0x3f1cabf118ae55605df6d4a0b192ea079db946117e73d42e4093856d59d3d45d
2023-03-22 06:59:33,False,3.963e-05,1.171e-08,55436.2,0.0064,0x3b...bb17,https://bscscan.com/tx/0x3f1cabf118ae55605df6d4a0b192ea079db946117e73d42e4093856d59d3d45d
2023-03-22 06:54:42,True,3.963e-05,1.177e-08,3449934.0,0.4062,0x20...906b,https://bscscan.com/tx/0x56e01a735225a2392628ea392fa284ee3f7b5f833bb7e3a02d09b7f60e65c2e4
2023-03-22 06:53:24,True,3.96e-05,1.177e-08,61972.1,0.0073,0x1a...6fa1,https://bscscan.com/tx/0x18ac4154ab7d37155e8e033d04404fd87e28934a09862dead1fb70b5864d8e2a
2023-03-22 06:47:18,True,3.979e-05,1.177e-08,11943559.0,1.406,0x77...aa93,https://bscscan.com/tx/0xaa6960f7bbfa2f621581680be31ce11057c94984696b01fa5d5a6d11dd70a648
2023-03-22 06:45:24,True,3.957e-05,1.177e-08,76464.0,0.009,0x6a...a38a,https://bscscan.com/tx/0x6bc935a8c2ad2a5fd534a15fba777ba9ce543505d123b96bb7bc1e14798112cd
2023-03-22 06:40:00,False,3.96e-05,1.171e-08,4985000.0,0.5838,0x0b...b33c,https://bscscan.com/tx/0x57d72ed004f643c2a9e8539323800195d7114078eb08def2890cbb51a52a846b
2023-03-22 06:40:00,False,3.961e-05,1.171e-08,62870.3,0.0073,0x0b...b33c,https://bscscan.com/tx/0x57d72ed004f643c2a9e8539323800195d7114078eb08def2890cbb51a52a846b
2023-03-22 06:37:21,False,3.962e-05,1.171e-08,23215446.0,2.72001,0x7a...009c,https://bscscan.com/tx/0x8cff3d01ce7bb4b20fe7a4b12114d448a28f6aa6ccfa05517fef8f391d7b223a
2023-03-22 06:37:21,False,3.963e-05,1.171e-08,614.418,7.2e-06,0x7a...009c,https://bscscan.com/tx/0x8cff3d01ce7bb4b20fe7a4b12114d448a28f6aa6ccfa05517fef8f391d7b223a
2023-03-22 06:35:36,False,3.943e-05,1.171e-08,226880.0,0.0265,0x00...dd79,https://bscscan.com/tx/0xa0b7b8fc4338f5c2caccb68f9bc3e4dcac21bda5ffa16b3ece57755b25185166
2023-03-22 06:35:36,False,3.943e-05,1.171e-08,2517.18,2.95e-05,0x00...dd79,https://bscscan.com/tx/0xa0b7b8fc4338f5c2caccb68f9bc3e4dcac21bda5ffa16b3ece57755b25185166
2023-03-22 06:34:33,True,3.983e-05,1.177e-08,84899.1,0.01,0x9f...5ff3,https://bscscan.com/tx/0xda52218fc9d7499ed114a424bdcbfb4419f510b4562b973bf7195eab8aaa4bab
2023-03-22 06:34:00,False,3.962e-05,1.171e-08,844848.0,0.099,0xc1...a5d2,https://bscscan.com/tx/0xa95c0ff17cac102864cd614b32a314a4d178b75759fe13c714cf4fb69e6ae222
2023-03-22 06:34:00,False,3.962e-05,1.172e-08,1795.63,2.104e-05,0xc1...a5d2,https://bscscan.com/tx/0xa95c0ff17cac102864cd614b32a314a4d178b75759fe13c714cf4fb69e6ae222
2023-03-22 06:32:15,True,3.982e-05,1.177e-08,259691.0,0.0305,0x31...ddf7,https://bscscan.com/tx/0xf4d29deaac586bac1a147ea45c270c9cd23e712a9950c122d14c9dc8518f1fd1
2023-03-22 06:28:54,False,3.963e-05,1.172e-08,404141.0,0.0473,0x79...ecc7,https://bscscan.com/tx/0xdcf32c33b3beade6cf8a91087880f837c114932a5612aafa3e316b48d74684c7
2023-03-22 06:28:54,False,3.963e-05,1.172e-08,900.64,1.055e-05,0x79...ecc7,https://bscscan.com/tx/0xdcf32c33b3beade6cf8a91087880f837c114932a5612aafa3e316b48d74684c7
2023-03-22 06:26:36,True,3.983e-05,1.177e-08,32260.0,0.0038,0x7b...7abc,https://bscscan.com/tx/0x0af1c03e6395f71d7ec7beeb55cee2cdec9f43dcbb12d018d92e4b3eef1dfdcb
2023-03-22 06:25:30,False,3.941e-05,1.172e-08,300406.0,0.0352,0xc3...e62d,https://bscscan.com/tx/0x66f9dcac70646fcf168b7a2e6554c7e589cdf2a31c933639fd36abadf2085f0a
2023-03-22 06:25:30,False,3.941e-05,1.172e-08,22780.7,0.0026,0xc3...e62d,https://bscscan.com/tx/0x66f9dcac70646fcf168b7a2e6554c7e589cdf2a31c933639fd36abadf2085f0a
2023-03-22 06:24:57,True,3.977e-05,1.177e-08,42448.2,0.005,0xae...ee6a,https://bscscan.com/tx/0x248a49cbd75f01471e960bdd6dfb66190a027b6d358179b2ff49d411c16c0cb3
2023-03-22 06:24:48,True,3.977e-05,1.177e-08,264182.0,0.0311,0xe5...6276,https://bscscan.com/tx/0xf25bf9a5f661ad37d7a0ef9d1ca5ffa4db10cf0d2061a9c91c537f6129c8970b
2023-03-22 06:23:51,False,3.957e-05,1.172e-08,8106286.0,0.9501,0x47...0bf4,https://bscscan.com/tx/0x82ce4f515f8822187d947b8ca2538c2eef544797ebadccb753b9ee09afeab04d
2023-03-22 06:23:51,False,3.958e-05,1.172e-08,172393.0,0.0202,0x47...0bf4,https://bscscan.com/tx/0x82ce4f515f8822187d947b8ca2538c2eef544797ebadccb753b9ee09afeab04d
2023-03-22 06:23:06,True,3.956e-05,1.177e-08,9676154.0,1.13985,0x91...15a4,https://bscscan.com/tx/0xb945ff0a0ce66a2267e0d08e26e90a238d36f30bafbcff9216e7abeeaf19645e
2023-03-22 06:22:06,True,3.975e-05,1.177e-08,47213921.0,5.56057,0x04...5a59,https://bscscan.com/tx/0xb00edfb0d44f7e944c185a15cd10df7ab93ff6518e4fd85b72504c43beaabae7
2023-03-22 06:21:24,True,3.971e-05,1.176e-08,953771.0,0.1122,0x5d...2948,https://bscscan.com/tx/0xf48db86381153a5ee9496e4b0fac7909927c7d29aa6a32822d618763721ae8f0
2023-03-22 06:20:33,True,3.971e-05,1.176e-08,1253999.0,0.1475,0x4b...2e5d,https://bscscan.com/tx/0xc0cc9ef332314d93a79148faa49c08e64afcbdb45a6aba9610267436096e6fe5
2023-03-22 06:16:54,False,3.952e-05,1.17e-08,598201.0,0.07,0x18...12f9,https://bscscan.com/tx/0x4db0e5d31d1a9cea345218780373e9972a1579b59e4e3c45ef6a7433d38fd007
2023-03-22 06:16:54,False,3.952e-05,1.17e-08,9994.56,0.0011,0x18...12f9,https://bscscan.com/tx/0x4db0e5d31d1a9cea345218780373e9972a1579b59e4e3c45ef6a7433d38fd007
2023-03-22 06:14:39,False,3.953e-05,1.17e-08,3690584.0,0.432,0xfa...45cf,https://bscscan.com/tx/0x08fca1abd7a1c864a364a7e3296dbf7c5e7253d41a08e5cc7551f5fc74a2d4b9
2023-03-22 06:14:39,False,3.953e-05,1.17e-08,87622.4,0.0102,0xfa...45cf,https://bscscan.com/tx/0x08fca1abd7a1c864a364a7e3296dbf7c5e7253d41a08e5cc7551f5fc74a2d4b9
2023-03-22 06:13:51,True,3.972e-05,1.176e-08,19752734.0,2.32335,0x3b...e915,https://bscscan.com/tx/0x131e88f3970abbd7f361d5473b8c445fef2773704968ec74796e996ec28bbb29
2023-03-22 06:13:21,False,3.932e-05,1.17e-08,12163400.0,1.4234,0x77...aa93,https://bscscan.com/tx/0xff61f60c38d3ea86b9b9d3c686f990b1a4aac0eb0029e2f2157878edc8126030
2023-03-22 06:13:21,False,3.932e-05,1.17e-08,54466.8,0.0063,0x77...aa93,https://bscscan.com/tx/0xff61f60c38d3ea86b9b9d3c686f990b1a4aac0eb0029e2f2157878edc8126030
2023-03-22 06:13:09,True,3.951e-05,1.176e-08,10202903.0,1.2,0x55...cd94,https://bscscan.com/tx/0xd076c2d796586e7a3aa343e7dda6a0ffbc678e4cad0e23c0730c286957c07fe9
2023-03-22 06:08:24,False,3.931e-05,1.17e-08,9940090.0,1.16325,0xe2...97af,https://bscscan.com/tx/0x86e0ec4a25ac5f20faebd80309f6a51d5df06fcd172246461a29b5434818c514
2023-03-22 06:08:24,False,3.932e-05,1.17e-08,24675.1,0.0028,0xe2...97af,https://bscscan.com/tx/0x86e0ec4a25ac5f20faebd80309f6a51d5df06fcd172246461a29b5434818c514
2023-03-22 06:07:30,True,3.951e-05,1.176e-08,2550496.0,0.3,0x1f...238c,https://bscscan.com/tx/0x654c41e02f5895d13dbc6ae0dcf95ab741f7c21d916f26d56158bb33b0454075
2023-03-22 06:01:26,True,3.949e-05,1.176e-08,2538636.0,0.2985,0xf7...aa91,https://bscscan.com/tx/0x99809868c33fcc752def9117354a59c610ddee8987c2d9188d6c3a366c0dc525
2023-03-22 05:57:35,False,3.948e-05,1.17e-08,4037649.0,0.4725,0xf7...aa91,https://bscscan.com/tx/0x2a4a0314b8612d61aeddec74cfb401cce03693158a68914d594ac7fdf548755e
2023-03-22 05:57:35,False,3.949e-05,1.17e-08,118850.0,0.0139,0xf7...aa91,https://bscscan.com/tx/0x2a4a0314b8612d61aeddec74cfb401cce03693158a68914d594ac7fdf548755e
2023-03-22 05:57:11,True,3.967e-05,1.175e-08,40019592.0,4.70493,0x04...5a59,https://bscscan.com/tx/0xb326d965493aab82640daf26250dcd4dcae71e553a7fd513f09501deab4271a1
2023-03-22 05:56:17,True,3.95e-05,1.175e-08,2951132.0,0.3469,0x82...bdef,https://bscscan.com/tx/0xa689c9373e738a81f9e9f6789435d10a390dfdb4af44ab25fd13f8e0391f06de
2023-03-22 05:55:08,True,3.947e-05,1.175e-08,421608.0,0.0495,0x82...bdef,https://bscscan.com/tx/0xc3c2eb070492a5c651efc2e672c76dd083fd40aa76e63a3bbd020c2cb48dc93a
2023-03-22 05:54:41,True,3.966e-05,1.175e-08,505936.0,0.0594,0x6c...aa40,https://bscscan.com/tx/0x742b42ec4667f97fc7bb46c90d9423b57f0a9c743f6cd664a666b29135b4ad45
2023-03-22 05:54:17,False,3.944e-05,1.169e-08,119769.0,0.014,0x11...92a7,https://bscscan.com/tx/0x15636e89f5ab30d96124b82785827e7011f660a89d14406e326b8746134de816
2023-03-22 05:54:17,False,3.944e-05,1.169e-08,14579.3,0.0017,0x11...92a7,https://bscscan.com/tx/0x15636e89f5ab30d96124b82785827e7011f660a89d14406e326b8746134de816
2023-03-22 05:54:05,False,3.925e-05,1.169e-08,5383532.0,0.6294,0xf7...aa91,https://bscscan.com/tx/0xbead91e44bbccd320e4401744f5d675ff9c604dd9e9d0fb933a8a26112c22756
2023-03-22 05:54:05,False,3.925e-05,1.169e-08,17020.5,0.0019,0xf7...aa91,https://bscscan.com/tx/0xbead91e44bbccd320e4401744f5d675ff9c604dd9e9d0fb933a8a26112c22756
2023-03-22 05:53:23,False,3.946e-05,1.169e-08,6284977.0,0.7349,0x08...a577,https://bscscan.com/tx/0x3990332c7369d6ec51156df858bd13394443ba78763e63ddb72dd75a453ae421
2023-03-22 05:53:23,False,3.946e-05,1.169e-08,24905.2,0.0029,0x08...a577,https://bscscan.com/tx/0x3990332c7369d6ec51156df858bd13394443ba78763e63ddb72dd75a453ae421
2023-03-22 05:49:26,True,3.963e-05,1.175e-08,6322857.0,0.7434,0x08...a577,https://bscscan.com/tx/0x54056e5d884e41cbb505f3d54036af5e8afaf466806e5e79b191ab88a684a730
2023-03-22 05:46:05,True,3.958e-05,1.175e-08,1361598.0,0.16,0xcd...3732,https://bscscan.com/tx/0x3bd6c1ef1d8ac24cf68cbc98315c03d6a88e6d8cdb4e7d0330fc88fcf43ef8ea
2023-03-22 05:41:14,True,3.937e-05,1.175e-08,100000.0,0.0117,0x0a...fe49,https://bscscan.com/tx/0x4fb1ed773244d2dcb8e79d31cb4eddd630a440a13f15cfc9735b640d1d0e841a
2023-03-22 05:41:11,True,3.936e-05,1.175e-08,1263687.0,0.1484,0xed...83d5,https://bscscan.com/tx/0xe13c95c7aeac5131812c7cd509c00453ee1fc59bec9dfbe40c53db04b57ea729
2023-03-22 05:35:35,False,3.918e-05,1.169e-08,175472.0,0.0205,0x21...72ee,https://bscscan.com/tx/0x1ca69962c7f4f5dcc841499fcddeed7e3620b06ea16afb94887137f486e26a9e
2023-03-22 05:35:35,False,3.918e-05,1.169e-08,108557.0,0.0126,0x21...72ee,https://bscscan.com/tx/0x1ca69962c7f4f5dcc841499fcddeed7e3620b06ea16afb94887137f486e26a9e
2023-03-22 05:35:20,True,3.938e-05,1.175e-08,206269.0,0.0242,0x69...f62c,https://bscscan.com/tx/0x05b7efb57371adbe7cec57aa71b961348997bab77527145f576e1322f01b6eb1
2023-03-22 05:35:14,False,3.94e-05,1.169e-08,39880000.0,4.66497,0x4b...b912,https://bscscan.com/tx/0xe74f009f82e7e3d7a9b345628e8feb44e19bc3a8aa05574466a4faefee3d98ab
2023-03-22 05:35:14,False,3.942e-05,1.17e-08,1678.53,1.964e-05,0x4b...b912,https://bscscan.com/tx/0xe74f009f82e7e3d7a9b345628e8feb44e19bc3a8aa05574466a4faefee3d98ab
2023-03-22 05:27:38,False,3.922e-05,1.17e-08,99700.0,0.0116,0x89...08bb,https://bscscan.com/tx/0x3e533454ce757d05b6820378eb6f5260af71e9b916c0bb5e7c207f9164219096
2023-03-22 05:27:38,False,3.922e-05,1.17e-08,52554.1,0.0061,0x89...08bb,https://bscscan.com/tx/0x3e533454ce757d05b6820378eb6f5260af71e9b916c0bb5e7c207f9164219096
2023-03-22 05:27:29,True,3.941e-05,1.176e-08,9038470.0,1.063,0x21...42cb,https://bscscan.com/tx/0xa325910fd1a71a887d1f52aa075c44b235be7b6178d779fa56c8d0d6a4551e68
2023-03-22 05:21:41,False,3.922e-05,1.17e-08,10394715.0,1.21642,0x75...6ba0,https://bscscan.com/tx/0xd8007670ec710a2271b887a8dd8313c1bcd8e14b05e50bd6332f5657564f9149
2023-03-22 05:21:41,False,3.922e-05,1.17e-08,13660.6,0.0016,0x75...6ba0,https://bscscan.com/tx/0xd8007670ec710a2271b887a8dd8313c1bcd8e14b05e50bd6332f5657564f9149
2023-03-22 05:20:17,False,3.922e-05,1.17e-08,5044319.0,0.5904,0xeb...3f67,https://bscscan.com/tx/0x76e0ff470f1367dc63990188687807f156d14cd47de25d2f7b674c1603d2282c
2023-03-22 05:20:17,False,3.923e-05,1.17e-08,34415.4,0.004,0xeb...3f67,https://bscscan.com/tx/0x76e0ff470f1367dc63990188687807f156d14cd47de25d2f7b674c1603d2282c
2023-03-22 05:15:38,True,3.956e-05,1.176e-08,1020.05,1.2e-05,0x8e...96a3,https://bscscan.com/tx/0x88f88147775dbebb1d2a24145af36f8761f981ca772655a9da2eba64090ed1f9
2023-03-22 05:14:11,True,3.954e-05,1.176e-08,343724.0,0.0404,0xae...527b,https://bscscan.com/tx/0x0ef6627844779f451174358893b539f9c35a84e9dfde35bc954e3e21cffd9d33
2023-03-22 05:11:56,True,3.954e-05,1.176e-08,170011.0,0.02,0x93...b327,https://bscscan.com/tx/0x5321977e6ccf10375f97c6e98b2043a2ffc400337e0abda20464d6447ef48b81
2023-03-22 05:08:41,True,3.95e-05,1.176e-08,339569.0,0.0399,0xb3...891b,https://bscscan.com/tx/0x1dee357d2b354b356d61c2189a7e65a79bf22b63a4b7b68b9c56afbf3902c1b3
2023-03-22 04:55:40,True,3.953e-05,1.176e-08,2447144.0,0.2878,0x19...aabc,https://bscscan.com/tx/0x885a6f60049f1050f73f4201d0fca5fa5ce498f1f6446d6d0793880554aff358
2023-03-22 04:53:40,True,3.933e-05,1.176e-08,360681.0,0.0424,0xe0...d227,https://bscscan.com/tx/0x49a5aa4b0da3cb05bc0b664801a7b9bf8b574e53d8b9a0d91c5fa111ef2d6067
2023-03-22 04:48:19,True,3.953e-05,1.176e-08,3409448.0,0.401,0xc9...35ff,https://bscscan.com/tx/0x8103da9fa776913fd6a5aa308cc741bf4534ccd452eda29dabdab8f5374ec9c1
2023-03-22 04:48:01,True,3.953e-05,1.176e-08,4243238.0,0.499,0xc2...c5c2,https://bscscan.com/tx/0xf313c10e146ccfd21799e12c99e629018cbb006eacb86999ef51370e268ccd94
2023-03-22 04:44:07,False,3.933e-05,1.17e-08,461404.0,0.0539,0x0d...6202,https://bscscan.com/tx/0x37be1ba575c8e2c14944aa91a283f724b7ba7ad6b2b6caa61deafc18bf0e2c7c
2023-03-22 04:44:07,False,3.933e-05,1.17e-08,17910.4,0.0021,0x0d...6202,https://bscscan.com/tx/0x37be1ba575c8e2c14944aa91a283f724b7ba7ad6b2b6caa61deafc18bf0e2c7c
2023-03-22 04:42:54,True,3.953e-05,1.176e-08,311548.0,0.0366,0xcd...3371,https://bscscan.com/tx/0x71f9886a8015a3b5e5b388ea19dcbf844eb7405ff3a8bbddd8fdfc8c1cb6b2a6
2023-03-22 04:42:20,True,3.953e-05,1.176e-08,935323.0,0.11,0x0d...f7e9,https://bscscan.com/tx/0xd424e38028c28fdf57822b0a88359171b8d3c154b676a5dd2f2092c15a5c5e8e
2023-03-22 04:41:59,True,3.933e-05,1.176e-08,697251.0,0.082,0x2b...6e0c,https://bscscan.com/tx/0x802d56a97fd904dfa0bf9e1c8fdb016ee2c206c28130ee96aa38e55c1bb78cd3
2023-03-22 04:40:50,True,3.953e-05,1.176e-08,281145.0,0.033,0xbb...a93f,https://bscscan.com/tx/0x082c9453906d04f9ea537b086b79e3ea8470167f46b7be76623c3a86d8edb8b2
2023-03-22 04:40:29,True,3.953e-05,1.175e-08,2125870.0,0.25,0x62...0502,https://bscscan.com/tx/0x00bc4d86a3b83d29824f34d74bb12c5c3d55f2fcdb675414756a80a87c07c2b5
2023-03-22 04:38:56,False,3.915e-05,1.17e-08,614413.0,0.0718,0xe2...8962,https://bscscan.com/tx/0x9e53df2b229d23aa0e0116bb87184016949713ecdcbff819a196a3509308f2c5
2023-03-22 04:38:56,False,3.915e-05,1.17e-08,23187.7,0.0027,0xe2...8962,https://bscscan.com/tx/0x9e53df2b229d23aa0e0116bb87184016949713ecdcbff819a196a3509308f2c5
2023-03-22 04:30:20,False,3.933e-05,1.17e-08,8562286.0,1.00198,0x3b...e915,https://bscscan.com/tx/0x6fac3c0918d7c732be6f18e8e43e5773790ca87b7626563e9593c0cf4fd440de
2023-03-22 04:30:20,False,3.934e-05,1.17e-08,1445.09,1.691e-05,0x3b...e915,https://bscscan.com/tx/0x6fac3c0918d7c732be6f18e8e43e5773790ca87b7626563e9593c0cf4fd440de
2023-03-22 04:30:08,False,3.934e-05,1.17e-08,533613.0,0.0624,0x35...11e0,https://bscscan.com/tx/0x714419b950ffa9354d6e45e1e63fbe91822394ada776ce71d41f1eeb3cfa6826
2023-03-22 04:30:08,False,3.934e-05,1.17e-08,9622.04,0.0011,0x35...11e0,https://bscscan.com/tx/0x714419b950ffa9354d6e45e1e63fbe91822394ada776ce71d41f1eeb3cfa6826
2023-03-22 04:28:53,True,3.933e-05,1.176e-08,542821.0,0.0638,0xf1...5b16,https://bscscan.com/tx/0xd3f9e810e8a1402c4ec0e777383680e02fcfedde1a52754a2c032bb7f1a7b9eb
2023-03-22 04:28:26,True,3.953e-05,1.176e-08,85017.4,0.01,0x4b...71c3,https://bscscan.com/tx/0xc0790cfa50a0444cb74f806b337ba292161af87e0e36dca72c9417f62a4d7d0d
2023-03-22 04:27:08,True,3.935e-05,1.176e-08,820154.0,0.0964,0x4f...ac28,https://bscscan.com/tx/0x93c84c3ca6ab0194dab6a8a5fc7dd8e9fba0b843a3be5acaccb8c8ff2baf947f
2023-03-22 04:25:05,True,3.96e-05,1.176e-08,10821.0,0.0012,0xd5...b3fb,https://bscscan.com/tx/0xdc91eaf616e504f490070d3e92fedb6b39cf82e91737339887144823e9478d3d
2023-03-22 04:19:59,False,3.938e-05,1.17e-08,1883229.0,0.2204,0xd6...0b28,https://bscscan.com/tx/0x71fd26e144df6d74dbd04a41e946291388c7af0fa5dc45b9c4ad54f4dfe34ea4
2023-03-22 04:19:59,False,3.938e-05,1.17e-08,23182.2,0.0027,0xd6...0b28,https://bscscan.com/tx/0x71fd26e144df6d74dbd04a41e946291388c7af0fa5dc45b9c4ad54f4dfe34ea4
2023-03-22 04:19:47,False,3.938e-05,1.17e-08,8560224.0,1.00198,0x3b...e915,https://bscscan.com/tx/0x0c3f4039d52437744c4192ede19bef0527ad2561b36774a49024b73cbe81a927
2023-03-22 04:19:47,False,3.938e-05,1.17e-08,3317.06,3.883e-05,0x3b...e915,https://bscscan.com/tx/0x0c3f4039d52437744c4192ede19bef0527ad2561b36774a49024b73cbe81a927
2023-03-22 04:17:29,False,3.937e-05,1.17e-08,1224855.0,0.1433,0x8c...4b4c,https://bscscan.com/tx/0xc61da12b31db342579f31ab82ab33bebd4ea292e2072cb67ab949538af8dbd04
2023-03-22 04:17:29,False,3.937e-05,1.17e-08,207.12,2.424e-06,0x8c...4b4c,https://bscscan.com/tx/0xc61da12b31db342579f31ab82ab33bebd4ea292e2072cb67ab949538af8dbd04
2023-03-22 04:17:05,False,3.937e-05,1.17e-08,76480.8,0.0089,0xb1...171e,https://bscscan.com/tx/0x709c992e38b1bf8e2cb37a97f25dbb49b3857033b18eaef8d6452d83d7fe4a9b
2023-03-22 04:17:05,False,3.937e-05,1.17e-08,17.6141,2.062e-07,0xb1...171e,https://bscscan.com/tx/0x709c992e38b1bf8e2cb37a97f25dbb49b3857033b18eaef8d6452d83d7fe4a9b
2023-03-22 04:16:26,False,3.937e-05,1.17e-08,6504.15,7.614e-05,0x26...376e,https://bscscan.com/tx/0xa96f2d63b55a10e95f363dff5d008f39af5bfd8f5d737aadbf9b80abe2e75b9f
2023-03-22 04:16:26,False,3.937e-05,1.17e-08,5712.12,6.687e-05,0x26...376e,https://bscscan.com/tx/0xa96f2d63b55a10e95f363dff5d008f39af5bfd8f5d737aadbf9b80abe2e75b9f
2023-03-22 04:15:59,True,3.956e-05,1.176e-08,23146.3,0.0027,0x79...ecc7,https://bscscan.com/tx/0xaa3cb52594aa464b6100e3303e77f2dea19d26fd42a39f1c5f91a9cbd77a2920
2023-03-22 04:15:44,True,3.954e-05,1.176e-08,82452.0,0.0097,0xb2...ad57,https://bscscan.com/tx/0x8b44870865bf7d035dfadb0060214ce772c82fb54424e127dabd015077f722cd
2023-03-22 04:11:53,False,3.935e-05,1.17e-08,1794600.0,0.21,0x42...25da,https://bscscan.com/tx/0x74ad690be390327437b13980392f664ba0b7e3a86b707eb9e2c51fe7c3390ee7
2023-03-22 04:11:53,False,3.935e-05,1.17e-08,6705.51,7.85e-05,0x42...25da,https://bscscan.com/tx/0x74ad690be390327437b13980392f664ba0b7e3a86b707eb9e2c51fe7c3390ee7
2023-03-22 04:11:38,True,3.935e-05,1.176e-08,100000.0,0.0117,0x87...baa5,https://bscscan.com/tx/0xff4dc83f4d212ca052b7ee1dcb980f7ae6d9e690ff57370404521305ed38f17e
2023-03-22 04:09:41,True,3.935e-05,1.176e-08,1232237.0,0.1449,0x8c...4b4c,https://bscscan.com/tx/0xbea8963708cf6670e9137569b50e2c5e2ff03608f6c1634758aa4e780f55946c
2023-03-22 04:08:11,False,3.916e-05,1.17e-08,1147832.0,0.1343,0x58...c58a,https://bscscan.com/tx/0x1bd9c6af6e53a607622e2166fd55b9759492e886b3b9ed8ec524185fa14d3a96
2023-03-22 04:08:11,False,3.916e-05,1.17e-08,6378.24,7.467e-05,0x58...c58a,https://bscscan.com/tx/0x1bd9c6af6e53a607622e2166fd55b9759492e886b3b9ed8ec524185fa14d3a96
2023-03-22 04:06:26,False,3.91e-05,1.17e-08,1064957.0,0.1246,0xe3...2dda,https://bscscan.com/tx/0xbcf6e3315c37c85798fa734bfa519bd5644c902020ff0aabf46350358bfd4cb2
2023-03-22 04:06:26,False,3.91e-05,1.17e-08,148455.0,0.0173,0xe3...2dda,https://bscscan.com/tx/0xbcf6e3315c37c85798fa734bfa519bd5644c902020ff0aabf46350358bfd4cb2
2023-03-22 04:01:26,True,3.933e-05,1.176e-08,145000.0,0.017,0x82...c787,https://bscscan.com/tx/0xe969b51c373620f879278b66a2da51fdc790d538f94c5af706f56c85b1c026d3
2023-03-22 03:59:59,True,3.931e-05,1.176e-08,353251.0,0.0415,0x68...2687,https://bscscan.com/tx/0x3cddfdf86c3023531c47566c3a2f1b296562859ae5e71623099e0cc50a91d995
2023-03-22 03:58:08,True,3.951e-05,1.176e-08,1940790.0,0.2283,0x5b...7081,https://bscscan.com/tx/0x926dc86f42cddec4326ef20efdafff674cbc35c5f662626cde3f024cdffe63e6
2023-03-22 03:57:50,True,3.951e-05,1.176e-08,22256.0,0.0026,0x81...7dde,https://bscscan.com/tx/0xa28802ef905156ce32831b27dc9d77b60b1bc2999908fcacc82b0f2f39db4cb6
2023-03-22 03:57:26,True,3.931e-05,1.176e-08,383430.0,0.0451,0x79...ecc7,https://bscscan.com/tx/0x3d027ad6c3e6df761115775d7eef7a1a58d742eeb36e54e723a282640c2c40fa
2023-03-22 03:57:05,False,3.914e-05,1.171e-08,50847000.0,5.95635,0x2a...5c01,https://bscscan.com/tx/0xbf5f629d2b8046b5fb438905fbd7dbbe66943873ee90c2d3c76a4ccdcbb7af23
2023-03-22 03:57:05,False,3.916e-05,1.172e-08,649.138,7.609e-06,0x2a...5c01,https://bscscan.com/tx/0xbf5f629d2b8046b5fb438905fbd7dbbe66943873ee90c2d3c76a4ccdcbb7af23
2023-03-22 03:56:56,False,3.916e-05,1.172e-08,239700.0,0.0281,0xed...a94c,https://bscscan.com/tx/0xb9b470f537de034cc1fb81c48f016234b4ea6c2411247e954cd40dc1f1226ea6
2023-03-22 03:56:56,False,3.916e-05,1.172e-08,7106.4,8.33e-05,0xed...a94c,https://bscscan.com/tx/0xb9b470f537de034cc1fb81c48f016234b4ea6c2411247e954cd40dc1f1226ea6
2023-03-22 03:54:32,False,3.935e-05,1.172e-08,2624104.0,0.3076,0xbc...9b61,https://bscscan.com/tx/0x6e7aa04f5736b6a8a1c45d6222ef490146f5e2ac8257e8cc869b5f56e4abc566
2023-03-22 03:54:32,False,3.935e-05,1.172e-08,22670.4,0.0026,0xbc...9b61,https://bscscan.com/tx/0x6e7aa04f5736b6a8a1c45d6222ef490146f5e2ac8257e8cc869b5f56e4abc566
2023-03-22 03:53:53,True,3.934e-05,1.178e-08,4980786.0,0.5867,0x6c...17cc,https://bscscan.com/tx/0xd3542f07ce24656e9f6b10ed18d69fd8dab469c5cf568fff13da6c158d8ff978
2023-03-22 03:50:32,False,3.915e-05,1.172e-08,3019482.0,0.3539,0xad...b1bf,https://bscscan.com/tx/0x94c8a29be3ceb4e161a4a573a7e56d4aa1a788162fe3c5b982e620c54b66e6c0
2023-03-22 03:50:32,False,3.915e-05,1.172e-08,3536.66,4.145e-05,0xad...b1bf,https://bscscan.com/tx/0x94c8a29be3ceb4e161a4a573a7e56d4aa1a788162fe3c5b982e620c54b66e6c0
2023-03-22 03:47:20,True,3.953e-05,1.178e-08,304781.0,0.0359,0xbb...a93f,https://bscscan.com/tx/0xf251bb5b63ef583920a83f09f86831b919b50a59441f448a91f948715b3cb462
2023-03-22 03:42:59,True,3.932e-05,1.178e-08,93843.8,0.011,0x37...f5cc,https://bscscan.com/tx/0xc1e6e29f2fac14c0f66218f54bcba2cbe1c0ab93ba344979da27710754036047
2023-03-22 03:41:02,True,3.952e-05,1.178e-08,444982.0,0.0524,0xa7...0fbb,https://bscscan.com/tx/0x1ca8fccdcc2d6ffca3811901dca33f01d53f6fe6c046248fd2889e0c1ba5a43f
2023-03-22 03:39:41,False,3.912e-05,1.172e-08,464868.0,0.0544,0xc8...e2e0,https://bscscan.com/tx/0x824b39c1bde6241e4398390e24f8075535ccf06ad754bdfddff26f50877f08d8
2023-03-22 03:39:41,False,3.912e-05,1.172e-08,95176.4,0.0111,0xc8...e2e0,https://bscscan.com/tx/0x824b39c1bde6241e4398390e24f8075535ccf06ad754bdfddff26f50877f08d8
2023-03-22 03:33:11,False,3.916e-05,1.172e-08,34895000.0,4.09218,0x46...c1ef,https://bscscan.com/tx/0x25ad3df8f67f7468c2d037d19f961a9e6dc9ad92f884be1cdb1d7f53bb3d6d55
2023-03-22 03:33:11,False,3.918e-05,1.173e-08,121640.0,0.0142,0x46...c1ef,https://bscscan.com/tx/0x25ad3df8f67f7468c2d037d19f961a9e6dc9ad92f884be1cdb1d7f53bb3d6d55
2023-03-22 03:32:20,True,3.938e-05,1.179e-08,634483.0,0.0748,0x50...2192,https://bscscan.com/tx/0xe65b0fb0ff9fbed91eb72ea819e1e8e91292aa04892bf910844290c6ea3dcbe4
2023-03-22 03:31:29,False,3.94e-05,1.173e-08,44284144.0,5.19838,0xae...5f63,https://bscscan.com/tx/0xcfd622be8b2627cae1adbaf069b0f20eb97803982ba1263f4a72f054168e6245
2023-03-22 03:31:29,False,3.942e-05,1.174e-08,65913.8,0.0077,0xae...5f63,https://bscscan.com/tx/0xcfd622be8b2627cae1adbaf069b0f20eb97803982ba1263f4a72f054168e6245
2023-03-22 03:30:20,True,3.962e-05,1.18e-08,548712.0,0.0647,0x8e...f6b6,https://bscscan.com/tx/0x10af51d590f29176a63d9d8f4caa6f637f445df86bff719af231f1a6a19b2441
2023-03-22 03:29:50,True,3.942e-05,1.18e-08,30125.2,0.0035,0x7c...4e09,https://bscscan.com/tx/0x0696280d6237d429a133be05d8365cf6b131b88946caac9776a6be023aae9e08
2023-03-22 03:29:11,True,3.961e-05,1.18e-08,381227.0,0.045,0xdf...195c,https://bscscan.com/tx/0xafc0fcfbfc04498a53716308c70c8c75571e90190b2dd0d47db7803de7e49dd3
2023-03-22 03:27:17,True,3.94e-05,1.18e-08,19102399.0,2.25429,0x85...151d,https://bscscan.com/tx/0x624fa225eb7e48b1427f25fab4c84c5b248923cc00670299963204d716dc5d7d
2023-03-22 03:24:32,False,3.937e-05,1.173e-08,1099730.0,0.1291,0xcd...3732,https://bscscan.com/tx/0x668b4ed960c8b62f827af6a6361fb53bde5f7d8e45d180d52dce4b9f19745212
2023-03-22 03:24:32,False,3.937e-05,1.173e-08,2565.0,3.011e-05,0xcd...3732,https://bscscan.com/tx/0x668b4ed960c8b62f827af6a6361fb53bde5f7d8e45d180d52dce4b9f19745212
2023-03-22 03:23:59,False,3.914e-05,1.173e-08,947150.0,0.1111,0xbb...a93f,https://bscscan.com/tx/0xbbb43f348140172d4ed3770d84bfcf561c74c384a0ec8a63a9eba02376051c76
2023-03-22 03:23:59,False,3.914e-05,1.173e-08,15683.6,0.0018,0xbb...a93f,https://bscscan.com/tx/0xbbb43f348140172d4ed3770d84bfcf561c74c384a0ec8a63a9eba02376051c76
2023-03-22 03:22:53,True,3.953e-05,1.179e-08,256227.0,0.0302,0x2a...f340,https://bscscan.com/tx/0xd76f1d16a65853cb3121c3db845b57cd8906a2d9bf7163993a08225ffec9c2d6
2023-03-22 03:22:47,True,3.934e-05,1.179e-08,461715.0,0.0544,0x45...8be8,https://bscscan.com/tx/0x1a0c6d929482da157be453bc6f2050f29314b09fd51d8dabab4b424c9bacc26e
2023-03-22 03:17:51,True,3.953e-05,1.179e-08,761173.0,0.0898,0xbb...a93f,https://bscscan.com/tx/0xe2f37201510e281a18300d47c26a9bac545cde45bf5eb5778f7e53a1017a0338
2023-03-22 03:15:54,True,3.933e-05,1.179e-08,1000000.0,0.1179,0xce...85aa,https://bscscan.com/tx/0x38cb1f59ba4503e117a41de7d86974399d79d20cb7e9710e308ab32825f950d6
2023-03-22 03:14:30,True,3.933e-05,1.179e-08,505356.0,0.0596,0x0f...aa06,https://bscscan.com/tx/0x19d92a3851a1d18a712ae74f21738cdaaeba0d1e330043bb0eb897a6bbab306c
2023-03-22 03:13:48,True,3.933e-05,1.179e-08,1786140.0,0.2107,0x42...e2d1,https://bscscan.com/tx/0x390fca7140c0b1d0c5e95bda759993e73f3274d7918b88e401b0a0cf872a4850
2023-03-22 03:13:12,True,3.933e-05,1.179e-08,254299.0,0.03,0x66...baee,https://bscscan.com/tx/0xad37368908ea1a7ee878ee4b8d8f5b86c07ebd8e284c3b4f196549d981049475
2023-03-22 03:13:12,False,3.913e-05,1.173e-08,326228.0,0.0382,0x4e...585e,https://bscscan.com/tx/0xcaf9f80828c66ac19eccf416aa1da3a14e1ba0cce5984ffcc3ae57e8cb6443a8
2023-03-22 03:13:12,False,3.913e-05,1.173e-08,650.023,7.63e-06,0x4e...585e,https://bscscan.com/tx/0xcaf9f80828c66ac19eccf416aa1da3a14e1ba0cce5984ffcc3ae57e8cb6443a8
2023-03-22 03:12:15,True,3.953e-05,1.179e-08,126480.0,0.0149,0xdb...6e86,https://bscscan.com/tx/0x359d4165cee969cfcfddc7396742582ff06a849f92b8c01c1edbd2b0ab0596bf
2023-03-22 03:11:36,False,3.933e-05,1.173e-08,113927.0,0.0133,0x4e...585e,https://bscscan.com/tx/0xa311d5ba7e29e6f5ebfadfa51ccdc31cf1d9ebb1aeed82ee6085c2e4b5cb7ef6
2023-03-22 03:11:36,False,3.933e-05,1.173e-08,125424.0,0.0147,0x4e...585e,https://bscscan.com/tx/0xa311d5ba7e29e6f5ebfadfa51ccdc31cf1d9ebb1aeed82ee6085c2e4b5cb7ef6
2023-03-22 03:10:48,True,3.932e-05,1.179e-08,30085521.0,3.54798,0x20...946b,https://bscscan.com/tx/0x2d9db6034781713d9e2cd05273eae295f224dba88a17298185b7602088c92b95
2023-03-22 03:10:30,False,3.932e-05,1.173e-08,16318588.0,1.9145,0xee...425b,https://bscscan.com/tx/0xdbcfc8eae5a0a1171907745a0166e31b95e9b04094e1b3bc6b310e31ca823690
2023-03-22 03:10:30,False,3.932e-05,1.173e-08,117.585,1.379e-06,0xee...425b,https://bscscan.com/tx/0xdbcfc8eae5a0a1171907745a0166e31b95e9b04094e1b3bc6b310e31ca823690
2023-03-22 03:10:24,False,3.932e-05,1.173e-08,43419.2,0.0051,0x63...192c,https://bscscan.com/tx/0x462bc2f16a1af30c244711ebe2e00ce86e34d78a8c2df05b739c38214711ac5a
2023-03-22 03:10:24,False,3.932e-05,1.173e-08,810.0,9.504e-06,0x63...192c,https://bscscan.com/tx/0x462bc2f16a1af30c244711ebe2e00ce86e34d78a8c2df05b739c38214711ac5a
2023-03-22 03:09:51,False,3.932e-05,1.173e-08,299100.0,0.0351,0x90...aaa8,https://bscscan.com/tx/0xa1901945cfce1597be13dadfeb5242df73abb4d03059641bfa53210a3ea3dc68
2023-03-22 03:09:51,False,3.932e-05,1.173e-08,181401.0,0.0212,0x90...aaa8,https://bscscan.com/tx/0xa1901945cfce1597be13dadfeb5242df73abb4d03059641bfa53210a3ea3dc68
2023-03-22 03:08:39,True,3.949e-05,1.178e-08,55090654.0,6.49259,0x19...6dd1,https://bscscan.com/tx/0x339de9a3c197eaff1f289d783ffdf4a5c88b6f0a5d54a4f6e2df9840ba9c4952
2023-03-22 03:08:27,True,3.946e-05,1.177e-08,69322.7,0.0081,0x66...dccf,https://bscscan.com/tx/0x487adbbab55a2842db85d5383495d021f5fb6807ff027bf04a91c0a547004b1f
2023-03-22 03:06:33,True,3.924e-05,1.177e-08,11000000.0,1.2953,0xb5...19c8,https://bscscan.com/tx/0x764450d903393672a3ef6bdad73f89be697b56e05d3bae6da43306fa1c6d28b6
2023-03-22 03:04:45,False,3.904e-05,1.171e-08,429279.0,0.0502,0xc3...f2d5,https://bscscan.com/tx/0xdb961538a0d1883784115768bf1731b72710bba43e8d205391cf51f54c61b661
2023-03-22 03:04:45,False,3.904e-05,1.171e-08,40862.1,0.0047,0xc3...f2d5,https://bscscan.com/tx/0xdb961538a0d1883784115768bf1731b72710bba43e8d205391cf51f54c61b661
2023-03-22 03:04:00,True,3.942e-05,1.177e-08,47183.3,0.0055,0x75...4f49,https://bscscan.com/tx/0xaec3cea8a8f15521897d5a4ecaa5be907f7f31142c98949dd6a26a89b3401a5c
2023-03-22 03:03:21,True,3.922e-05,1.177e-08,6940247.0,0.817,0x72...3ac9,https://bscscan.com/tx/0x3914286c587ff84955c92deeb425b7f82cc0624cd90dbe4282361865dd4d5883
2023-03-22 03:02:12,True,3.942e-05,1.177e-08,443444.0,0.0522,0x15...4042,https://bscscan.com/tx/0x06296e03b85ad945a4c3f0e274d0c762bd48cede6185812d8adad78dabdcdcc0
2023-03-22 02:56:54,True,3.94e-05,1.177e-08,74205.6,0.0087,0x15...4042,https://bscscan.com/tx/0xb6f36f487f52bf8b70cfab026d049b269b98327504b7e0478b234090940b0cae
2023-03-22 02:55:36,True,3.941e-05,1.177e-08,169900.0,0.02,0x6c...17cc,https://bscscan.com/tx/0x17e20f97938f1bda30a375852f38ce6a109d48f7036e824affc056e4cd322a77
2023-03-22 02:52:54,False,3.902e-05,1.171e-08,2691900.0,0.3153,0x0c...9f6d,https://bscscan.com/tx/0x67a2e2f5db430e64c6044724648ee34a2b924432556a81979c7383f91ae77c57
2023-03-22 02:52:54,False,3.902e-05,1.171e-08,17608.6,0.002,0x0c...9f6d,https://bscscan.com/tx/0x67a2e2f5db430e64c6044724648ee34a2b924432556a81979c7383f91ae77c57
2023-03-22 02:52:45,True,3.921e-05,1.177e-08,6343321.0,0.7467,0x63...28f4,https://bscscan.com/tx/0x869afdd572788629e53a6346fd477400dd45ccbfc2b00b1214c240fdc465dc25
2023-03-22 02:51:21,False,3.9e-05,1.171e-08,177850.0,0.0208,0x79...ecc7,https://bscscan.com/tx/0xb8cf80c6b27685e17248e6f6d56f409f9f8159f97df19e4d152a58d94c20786a
2023-03-22 02:51:21,False,3.9e-05,1.171e-08,106124.0,0.0124,0x79...ecc7,https://bscscan.com/tx/0xb8cf80c6b27685e17248e6f6d56f409f9f8159f97df19e4d152a58d94c20786a
2023-03-22 02:49:21,True,3.913e-05,1.177e-08,74354.3,0.0087,0x15...4042,https://bscscan.com/tx/0xe018b64c74b8ad28b9120de52acc776066028a3c6aa06531de6616f78edc9b1b
2023-03-22 02:48:51,True,3.931e-05,1.177e-08,62567.1,0.0073,0x6c...17cc,https://bscscan.com/tx/0x0afeb0521ab4ad5c81d977e8d815b5a7e2a5d770dc0ea48d28990a7da29b10a8
2023-03-22 02:46:06,True,3.926e-05,1.177e-08,2098163.0,0.2469,0xfa...ce4c,https://bscscan.com/tx/0xa6ca1def261056632cf6e0fbaf193c7c8ce89bd155fe0138520fea80e0880e0e
2023-03-22 02:45:03,False,3.889e-05,1.171e-08,36958852.0,4.33034,0x46...448f,https://bscscan.com/tx/0xf3761659b87ffb87a0541c8d816717dbca5b93c3cc0ad3d778ca113791c70bd8
2023-03-22 02:45:03,False,3.89e-05,1.172e-08,927.877,1.087e-05,0x46...448f,https://bscscan.com/tx/0xf3761659b87ffb87a0541c8d816717dbca5b93c3cc0ad3d778ca113791c70bd8
2023-03-22 02:43:36,True,3.929e-05,1.178e-08,39021.1,0.0046,0x6c...17cc,https://bscscan.com/tx/0x98bcd000c4cec1ae48ebdc74708612536fb7bf5df2794730187a2cd1e80986af
2023-03-22 02:42:54,True,3.929e-05,1.178e-08,207102.0,0.0244,0xa8...0d58,https://bscscan.com/tx/0x920e2802cc5fee67fe26e541c5e7dddbd956b8262510e08ce013f9a5b53a8c9c
2023-03-22 02:39:06,False,3.887e-05,1.172e-08,97242.3,0.0114,0x3e...9688,https://bscscan.com/tx/0xb370ef0b0a7c1f6f7fa17005fd97de54896fd4b56fe553ed103c8b27ef1d91d6
2023-03-22 02:39:06,False,3.887e-05,1.172e-08,5155.78,6.043e-05,0x3e...9688,https://bscscan.com/tx/0xb370ef0b0a7c1f6f7fa17005fd97de54896fd4b56fe553ed103c8b27ef1d91d6
2023-03-22 02:35:48,True,3.908e-05,1.178e-08,833964.0,0.0982,0x33...ac33,https://bscscan.com/tx/0xc8e9d23393ffe2216dd29e4ad5df67ba25d8e92b71a5df1cbbdfd79a381bfeec
2023-03-22 02:34:33,False,3.909e-05,1.172e-08,1072357.0,0.1257,0x63...f370,https://bscscan.com/tx/0x86f3e259e9742615fd9dd2af1c4ec47a0a806a219e48cd5f375b06877badb4ab
2023-03-22 02:34:33,False,3.909e-05,1.172e-08,3641.46,4.268e-05,0x63...f370,https://bscscan.com/tx/0x86f3e259e9742615fd9dd2af1c4ec47a0a806a219e48cd5f375b06877badb4ab
2023-03-22 02:34:03,True,3.909e-05,1.178e-08,178922.0,0.021,0x79...ecc7,https://bscscan.com/tx/0x37690919861268683a1eac821d0ad3b098fee772ccd5763dee15d7e88ecad7aa
2023-03-22 02:33:18,False,3.908e-05,1.172e-08,1004414.0,0.1177,0xf2...7e5d,https://bscscan.com/tx/0x3facca2561969a8d2203fe9cd909c48c141ad53f3f33ec64f191a10c5a571fa4
2023-03-22 02:33:18,False,3.908e-05,1.172e-08,38763.4,0.0045,0xf2...7e5d,https://bscscan.com/tx/0x3facca2561969a8d2203fe9cd909c48c141ad53f3f33ec64f191a10c5a571fa4
2023-03-22 02:29:18,True,3.927e-05,1.178e-08,848816.0,0.1,0xc7...9576,https://bscscan.com/tx/0xe920017fc5d87811ee72b1deae299efac79da383e4452c47d03b0656b5d5678c
2023-03-22 02:29:15,True,3.927e-05,1.177e-08,10083400.0,1.18777,0x95...1e02,https://bscscan.com/tx/0xb11dc167b866ba7cb547aba92475fb2da0fd4ae3c44184920f2fe00c24b6a3b4
2023-03-22 02:26:44,False,3.886e-05,1.171e-08,3414329.0,0.4001,0x33...2b1c,https://bscscan.com/tx/0xa019a8eb32f9b9a81a5f6aefc810a6012911145c7715767c0417a76839137685
2023-03-22 02:26:44,False,3.887e-05,1.172e-08,935.104,1.095e-05,0x33...2b1c,https://bscscan.com/tx/0xa019a8eb32f9b9a81a5f6aefc810a6012911145c7715767c0417a76839137685
2023-03-22 02:20:35,False,3.906e-05,1.172e-08,345296.0,0.0404,0xf3...ec49,https://bscscan.com/tx/0x3f47df2f34af47fbe0b4f35bcf765f2482a27cafa67a709a43688031e04a1a19
2023-03-22 02:20:35,False,3.906e-05,1.172e-08,3851.98,4.514e-05,0xf3...ec49,https://bscscan.com/tx/0x3f47df2f34af47fbe0b4f35bcf765f2482a27cafa67a709a43688031e04a1a19
2023-03-22 02:13:05,False,3.907e-05,1.172e-08,1422380.0,0.1667,0xef...61a4,https://bscscan.com/tx/0x79fdfb86dd10195cb27f911449d8679f067a94da8c37a8eeb1caa51cf0c67c6e
2023-03-22 02:13:05,False,3.907e-05,1.172e-08,120737.0,0.0141,0xef...61a4,https://bscscan.com/tx/0x79fdfb86dd10195cb27f911449d8679f067a94da8c37a8eeb1caa51cf0c67c6e
2023-03-22 02:12:35,True,3.927e-05,1.177e-08,2546867.0,0.3,0x1b...4e94,https://bscscan.com/tx/0x04947154d4fdde21608b2e026744ee5ed352c4d43b45cc1d702c3a67472ac01c
2023-03-22 02:10:23,True,3.924e-05,1.177e-08,33086074.0,3.89551,0xea...aa87,https://bscscan.com/tx/0xf1e170fdbdd2a9cbdcd83ac10edc5456bfaea72a5b6211e9004f303ee83805a7
2023-03-22 02:09:02,True,3.923e-05,1.176e-08,258324.0,0.0304,0xf9...9098,https://bscscan.com/tx/0x4de0ba28f7b362b7fbc21a6eccbd1a4b41b204da7fb79ec54ad6550181aa2860
2023-03-22 02:08:50,False,3.884e-05,1.171e-08,8799680.0,1.03057,0x73...07e7,https://bscscan.com/tx/0x3057f3928f41f79f9c1c29d88756d1d8bdfd67de982ec10b492219505dedcb1f
2023-03-22 02:08:50,False,3.884e-05,1.171e-08,38276.8,0.0044,0x73...07e7,https://bscscan.com/tx/0x3057f3928f41f79f9c1c29d88756d1d8bdfd67de982ec10b492219505dedcb1f
2023-03-22 02:07:32,True,3.925e-05,1.177e-08,5045977.0,0.5939,0xe3...5aaa,https://bscscan.com/tx/0xc442edf52d0bcd7ea41c27fa4ba57e9ae11e735a9a42a69450709a7661dad555
2023-03-22 02:03:05,True,3.903e-05,1.176e-08,3531702.0,0.4156,0x78...9b3c,https://bscscan.com/tx/0x8bd71a3a6fd914828ec9ade07f947ed1553c86993441bbb1f86a765aaedd5d23
2023-03-22 02:02:32,True,3.923e-05,1.176e-08,254909.0,0.03,0x33...cd2b,https://bscscan.com/tx/0x501be7645f179ad734f767dc831721690eef7b3cd023b600facbf3947078a932
2023-03-22 02:02:17,True,3.903e-05,1.176e-08,2325247.0,0.2736,0xd7...f4bd,https://bscscan.com/tx/0x1fedfa5f2097c5faa5d733ca2430a2e11a0e00c4c318662eeeaeb1cb7ce90358
2023-03-22 02:01:26,True,3.926e-05,1.176e-08,509843.0,0.06,0x2f...831e,https://bscscan.com/tx/0xf0812ec31563fea238172cb7ab3c8780cfbc30fdc30bf20db95d4c395eca13c6
2023-03-22 02:01:11,True,3.904e-05,1.176e-08,97828.4,0.0115,0x3e...9688,https://bscscan.com/tx/0x7404b5ca3b719d03545c88d19f75d4b3f8d53c7e68770d60cacb7409028ab801
2023-03-22 01:57:23,True,3.9e-05,1.176e-08,971183.0,0.1142,0x5d...2948,https://bscscan.com/tx/0x1857136f05bdc36f628ea2a0fdc5e0b0d0814f062dedb56381105bb7f89a93ac
2023-03-22 01:57:17,True,3.9e-05,1.176e-08,770479.0,0.0906,0x03...8d02,https://bscscan.com/tx/0x462fd93b6e903eb458b1c38c317dfc9eccbe06c10837dba869e8c8edf75c56b8
2023-03-22 01:56:56,False,3.88e-05,1.17e-08,596405.0,0.0698,0x23...2612,https://bscscan.com/tx/0x7bdaf4760bd5ba19a683131c90e6804e584b050ea3317f14445ed48186a9ca20
2023-03-22 01:56:56,False,3.88e-05,1.17e-08,31579.8,0.0037,0x23...2612,https://bscscan.com/tx/0x7bdaf4760bd5ba19a683131c90e6804e584b050ea3317f14445ed48186a9ca20
2023-03-22 01:56:23,True,3.899e-05,1.176e-08,267474.0,0.0314,0x4d...723e,https://bscscan.com/tx/0xb915ef38f9bd544661b11320c125573a0f691ba78a4864ad093d3097b440b76b
2023-03-22 01:55:29,True,3.899e-05,1.176e-08,674371.0,0.0793,0x7a...9b9b,https://bscscan.com/tx/0x22a418012af34f8cf38eb0f92f8fbfa3eaca84d165dd1b3c20807a83e072affa
2023-03-22 01:54:02,False,3.906e-05,1.171e-08,10722102.0,1.25558,0x05...7066,https://bscscan.com/tx/0x2230ddd5b23f85df97ce71b897c57cd0903d74eae4fb782097180682a54f5e91
2023-03-22 01:54:02,False,3.906e-05,1.171e-08,40024.6,0.0046,0x05...7066,https://bscscan.com/tx/0x2230ddd5b23f85df97ce71b897c57cd0903d74eae4fb782097180682a54f5e91
2023-03-22 01:52:35,True,3.925e-05,1.177e-08,383677.0,0.0451,0x73...ec03,https://bscscan.com/tx/0x9b161c81b01569e35d2434dba71a4d025474c54310f28b20b7647b6986c7016a
2023-03-22 01:51:35,False,3.886e-05,1.171e-08,14396917.0,1.68643,0x05...7066,https://bscscan.com/tx/0x31fec2f55aea86b111afa6bf27dd8ee840124b9b9abe64cd21de0e767637780e
2023-03-22 01:51:35,False,3.887e-05,1.171e-08,80973.0,0.0094,0x05...7066,https://bscscan.com/tx/0x31fec2f55aea86b111afa6bf27dd8ee840124b9b9abe64cd21de0e767637780e
2023-03-22 01:50:02,False,3.887e-05,1.172e-08,29900029.0,3.5044,0x20...946b,https://bscscan.com/tx/0x6a9bb51633a3f6a0d1dfd67c255e2120e2640d1557635be87bc9b4fb695b7cdc
2023-03-22 01:50:02,False,3.889e-05,1.172e-08,41765.5,0.0049,0x20...946b,https://bscscan.com/tx/0x6a9bb51633a3f6a0d1dfd67c255e2120e2640d1557635be87bc9b4fb695b7cdc
2023-03-22 01:49:32,False,3.89e-05,1.172e-08,15422296.0,1.80859,0xc0...1f4f,https://bscscan.com/tx/0x8fb85119a8c3c2c2c5897ed2441ae2240e84df6d3a70c8e0b2a52b3d03de5f42
2023-03-22 01:49:32,False,3.891e-05,1.172e-08,996.968,1.169e-05,0xc0...1f4f,https://bscscan.com/tx/0x8fb85119a8c3c2c2c5897ed2441ae2240e84df6d3a70c8e0b2a52b3d03de5f42
2023-03-22 01:43:56,False,3.891e-05,1.172e-08,368140.0,0.0431,0x19...b6d0,https://bscscan.com/tx/0x4b86dc30f20ef00d5ba44ddc9cfb0c7d754e6b916644f16ff46cc04bcd2eac8b
2023-03-22 01:43:56,False,3.891e-05,1.172e-08,756.642,8.875e-06,0x19...b6d0,https://bscscan.com/tx/0x4b86dc30f20ef00d5ba44ddc9cfb0c7d754e6b916644f16ff46cc04bcd2eac8b
2023-03-22 01:41:38,False,3.913e-05,1.172e-08,279397.0,0.0327,0xec...421e,https://bscscan.com/tx/0x927f9019b31ec70adcebb8a099164d4bfefa8661fc270d97083886f356a65593
2023-03-22 01:41:38,False,3.913e-05,1.172e-08,43395.6,0.005,0xec...421e,https://bscscan.com/tx/0x927f9019b31ec70adcebb8a099164d4bfefa8661fc270d97083886f356a65593
2023-03-22 01:40:20,False,3.913e-05,1.173e-08,16024217.0,1.87996,0x05...7066,https://bscscan.com/tx/0x1862a281e5a674bea08c099eaa490b684118f4efdf2e7beccaffc8824d2a84ed
2023-03-22 01:40:20,False,3.914e-05,1.173e-08,73163.6,0.0085,0x05...7066,https://bscscan.com/tx/0x1862a281e5a674bea08c099eaa490b684118f4efdf2e7beccaffc8824d2a84ed
2023-03-22 01:39:56,True,3.933e-05,1.179e-08,4886142.0,0.5762,0x45...e5e5,https://bscscan.com/tx/0x4c11880d99f6f78f3b4003b4f5c2891419422c6d9f7226ebad916b085b46d2e4
2023-03-22 01:39:14,False,3.895e-05,1.173e-08,22144853.0,2.59896,0x05...7066,https://bscscan.com/tx/0x6a447771b67e2c2c4db4e297e8b203a5e13c304f502e1a5754fe0901cce1558a
2023-03-22 01:39:14,False,3.896e-05,1.173e-08,46888.2,0.0055,0x05...7066,https://bscscan.com/tx/0x6a447771b67e2c2c4db4e297e8b203a5e13c304f502e1a5754fe0901cce1558a
2023-03-22 01:37:45,False,3.925e-05,1.174e-08,17313899.0,2.03301,0x05...7066,https://bscscan.com/tx/0x63b538edff35c649aba5a84f24e0f73c7be75b7d34d225ac0030a1da39dc8b4c
2023-03-22 01:37:45,False,3.925e-05,1.174e-08,22274.5,0.0026,0x05...7066,https://bscscan.com/tx/0x63b538edff35c649aba5a84f24e0f73c7be75b7d34d225ac0030a1da39dc8b4c
2023-03-22 01:36:23,True,3.945e-05,1.18e-08,25416.0,0.003,0x60...8bc1,https://bscscan.com/tx/0x55792b6e3212ead4f18af509cf13b5c5ab889706939121c427010055cd5864ec
2023-03-22 01:35:38,True,3.926e-05,1.18e-08,2534382.0,0.2991,0x21...fed3,https://bscscan.com/tx/0x17bd2ce368f7f7db0c8b32e83232752f09cb3ace0e9490517f1d258f54381724
2023-03-22 01:35:20,True,3.947e-05,1.18e-08,150000.0,0.0177,0x84...2549,https://bscscan.com/tx/0x2c1ddc2e228911bbae08c61d39cc80300020ff0d4505046b0e4390f98996e28a
2023-03-22 01:35:20,True,3.947e-05,1.18e-08,140000.0,0.0165,0x39...dc6f,https://bscscan.com/tx/0x4a0dc5e3c6c019deaa6613162cd2ba9223af8083d46e323259f1e38e00a5db8e
2023-03-22 01:34:17,True,3.927e-05,1.18e-08,400000.0,0.0472,0x39...dc6f,https://bscscan.com/tx/0x848bd7ef2528bf26c8b9cc2f395285f3d7d56e6a8a0af30b27252244fd365ac1
2023-03-22 01:26:35,False,3.937e-05,1.174e-08,4985000.0,0.5854,0xe3...5aaa,https://bscscan.com/tx/0x621dd400569969efd31c3f74979a147a301cd54c16a1a1d1977ddfb356bba9cc
2023-03-22 01:26:35,False,3.937e-05,1.174e-08,566214.0,0.0665,0xe3...5aaa,https://bscscan.com/tx/0x621dd400569969efd31c3f74979a147a301cd54c16a1a1d1977ddfb356bba9cc
2023-03-22 01:24:53,True,3.936e-05,1.179e-08,35292612.0,4.16417,0x81...c915,https://bscscan.com/tx/0xd307d564209dcd98f16d2307f06c1a928b84e7b1e3d1d57874f5cc964e44a8c2
2023-03-22 01:24:47,True,3.953e-05,1.178e-08,30085324.0,3.54682,0x20...946b,https://bscscan.com/tx/0xb47621114c044a353c4221284fdbcc72f02cc76c0ddb6a39b65f8661d3644b2e
2023-03-22 01:23:59,True,3.932e-05,1.178e-08,933422.0,0.11,0x16...9c18,https://bscscan.com/tx/0xc3f6f40e58966cfa44a99fe6f749949fa6e276af9ab9355137ef95dc18f161b0
2023-03-22 01:23:59,True,3.932e-05,1.178e-08,386533.0,0.0455,0x18...258a,https://bscscan.com/tx/0xd21058d82fb04f165965342cecde19d34274828d38333323094a4a66c790a41a
2023-03-22 01:23:41,True,3.951e-05,1.177e-08,30049515.0,3.53979,0x20...946b,https://bscscan.com/tx/0x7d402a5dce770f5ae152cf3f7395155d149dd68bc7cb73690298d3bb543f9852
2023-03-22 01:23:38,True,3.947e-05,1.176e-08,45367083.0,5.33908,0xfe...5ad3,https://bscscan.com/tx/0x3aa613f3859097d4006a85cf08ad3d7d7af75617793246eb8cd592e4d29a99d6
2023-03-22 01:22:44,True,3.925e-05,1.175e-08,15637159.0,1.83886,0x20...946b,https://bscscan.com/tx/0x860fb82ee203ce144e69bfa98c075ef6a8457b2aa4da8fa8bc136727b63663f6
2023-03-22 01:22:32,True,3.943e-05,1.175e-08,25464261.0,2.99293,0xc1...f4fe,https://bscscan.com/tx/0x4f4fdc0ea7d51facc9277cfd8c779613359e2e1345999a49d5781074fe6e2d81
2023-03-22 01:21:38,True,3.922e-05,1.174e-08,25000.0,0.0029,0xbe...4821,https://bscscan.com/tx/0xd8c05898f0fa6bace9afbea0ea62ae62b506ace73fcd21e8f5c27aac49cc1b94
2023-03-22 01:17:29,True,3.94e-05,1.174e-08,38299.0,0.0045,0x29...4891,https://bscscan.com/tx/0x273615957f247361bfbea58e8c174fd7c7160914f4106db483595dea5ba97690
2023-03-22 01:17:17,True,3.921e-05,1.174e-08,3201153.0,0.3761,0x5a...e6e3,https://bscscan.com/tx/0x7d2a8e16c73e66b558db5dc33778d737c5e642ae99c0cc5705a42d5c6f8f038a
2023-03-22 01:16:14,True,3.919e-05,1.174e-08,362849.0,0.0426,0xdd...fa85,https://bscscan.com/tx/0xb8f6f0728b3afc396141df2e4ec85b2fdd89e66f8ed01e03420a066dfe00064d
2023-03-22 01:12:50,True,3.939e-05,1.174e-08,321955.0,0.0378,0x14...191a,https://bscscan.com/tx/0x723cf79e57263b32db4bceb0e13ab0d434f2e1fb180d4ad8a7a6ccd09317031a
2023-03-22 01:12:20,False,3.9e-05,1.168e-08,297805.0,0.0348,0x6e...47ca,https://bscscan.com/tx/0x82effb7b57c4bffd93ebdcf53a79fc0365d024033248c4fd3b60d38290ac614b
2023-03-22 01:12:20,False,3.9e-05,1.168e-08,716.659,8.377e-06,0x6e...47ca,https://bscscan.com/tx/0x82effb7b57c4bffd93ebdcf53a79fc0365d024033248c4fd3b60d38290ac614b
2023-03-22 01:12:05,False,3.9e-05,1.168e-08,264633.0,0.0309,0xb3...1b90,https://bscscan.com/tx/0x1871862590990f5ebf304d903e55f70d44d6d06201a12678869829a465d602df
2023-03-22 01:12:05,False,3.9e-05,1.168e-08,7397.57,8.647e-05,0xb3...1b90,https://bscscan.com/tx/0x1871862590990f5ebf304d903e55f70d44d6d06201a12678869829a465d602df
2023-03-22 01:10:53,False,3.901e-05,1.169e-08,2731623.0,0.3193,0xd0...e5f7,https://bscscan.com/tx/0xbe070ff09ef78ac9447291e17d5446812e191788948298f741143b67b8231b09
2023-03-22 01:10:53,False,3.901e-05,1.169e-08,6340.08,7.412e-05,0xd0...e5f7,https://bscscan.com/tx/0xbe070ff09ef78ac9447291e17d5446812e191788948298f741143b67b8231b09
2023-03-22 01:10:47,True,3.94e-05,1.174e-08,1009615.0,0.1186,0x83...f701,https://bscscan.com/tx/0xdd9279dd0775d0315e96bd3e30c3c6a7d950efbd53092dd1fccc8d0ef071c68e
2023-03-22 01:07:56,False,3.921e-05,1.169e-08,1334547.0,0.156,0xe5...a20e,https://bscscan.com/tx/0x001d661534ac9c8de5eaae869631539befd9a9f9cc2019fe9d55c84bc74f4a36
2023-03-22 01:07:56,False,3.921e-05,1.169e-08,3826.81,4.473e-05,0xe5...a20e,https://bscscan.com/tx/0x001d661534ac9c8de5eaae869631539befd9a9f9cc2019fe9d55c84bc74f4a36
2023-03-22 01:07:32,True,3.94e-05,1.174e-08,352397.0,0.0414,0xc3...74b5,https://bscscan.com/tx/0x26345110ac8075a479ba3e3a62dc5dedfdd101500b122bfcbd149841ecf0721b
2023-03-22 01:07:08,False,3.901e-05,1.169e-08,1061747.0,0.1241,0x75...5c17,https://bscscan.com/tx/0x166e77a10730a53eefb3ead7b35d721b309ca837be3461cfefd4894280da4954
2023-03-22 01:07:08,False,3.901e-05,1.169e-08,1505.45,1.76e-05,0x75...5c17,https://bscscan.com/tx/0x166e77a10730a53eefb3ead7b35d721b309ca837be3461cfefd4894280da4954
2023-03-22 01:06:29,False,3.921e-05,1.169e-08,555901.0,0.0649,0x5b...0cc8,https://bscscan.com/tx/0x1f28df52c1f36ff5809cac8af472da6eef00223470b212244d2abc1084bda5d6
2023-03-22 01:06:29,False,3.921e-05,1.169e-08,270.0,3.156e-06,0x5b...0cc8,https://bscscan.com/tx/0x1f28df52c1f36ff5809cac8af472da6eef00223470b212244d2abc1084bda5d6
2023-03-22 01:06:02,False,3.901e-05,1.169e-08,99700.0,0.0116,0x88...0deb,https://bscscan.com/tx/0x370e9f007e209df43974c385301d5ceddcfbe7879a067362a68c961a9715b0de
2023-03-22 01:06:02,False,3.901e-05,1.169e-08,83642.1,0.0097,0x88...0deb,https://bscscan.com/tx/0x370e9f007e209df43974c385301d5ceddcfbe7879a067362a68c961a9715b0de
2023-03-22 01:05:23,True,3.941e-05,1.174e-08,970.899,1.14e-05,0xf4...f1f2,https://bscscan.com/tx/0x4eced9d8175875881e147fb5a2539780413212d49528abb0f2309cd46d1ede4c
2023-03-22 01:02:53,True,3.92e-05,1.174e-08,153211.0,0.018,0x04...03ef,https://bscscan.com/tx/0xcd2d9ab4d687e234053b49089ede32e5d7eb627e9bde0eb611ba8d272bfbc989
2023-03-22 00:59:44,True,3.936e-05,1.174e-08,30085331.0,3.53367,0x20...946b,https://bscscan.com/tx/0xe13f12b1e7e3064891a840d8522291b6609c1b4305c6a6ed97bcc9145915e3d4
2023-03-22 00:59:02,True,3.914e-05,1.174e-08,150000.0,0.0176,0xd3...d00a,https://bscscan.com/tx/0xe5e06a94588073c2ca5b410d5a72b335cefc076f6a76100135428e51145e4b0b
2023-03-22 00:58:56,True,3.914e-05,1.174e-08,132172.0,0.0155,0xf4...f1f2,https://bscscan.com/tx/0xcbda3e917d9de4f63130913db81fe9e2f22a0d0bd357ff9a8945642aaf8d1217
2023-03-22 00:57:14,False,3.915e-05,1.168e-08,455485.0,0.0532,0xdb...e7f2,https://bscscan.com/tx/0x1231c8f5f8452c972eadbfbbaeffb8f07e673aafbc325b3ccedf8256817c935b
2023-03-22 00:57:14,False,3.915e-05,1.168e-08,765.222,8.939e-06,0xdb...e7f2,https://bscscan.com/tx/0x1231c8f5f8452c972eadbfbbaeffb8f07e673aafbc325b3ccedf8256817c935b
2023-03-22 00:56:20,False,3.916e-05,1.168e-08,282565.0,0.033,0x47...3c2b,https://bscscan.com/tx/0x6f0f1a5ad14d0408d2ed1f651977e4005b2b3f0f2ad61a13a7d917b6b9b82aa0
2023-03-22 00:56:20,False,3.916e-05,1.168e-08,5788.37,6.762e-05,0x47...3c2b,https://bscscan.com/tx/0x6f0f1a5ad14d0408d2ed1f651977e4005b2b3f0f2ad61a13a7d917b6b9b82aa0
2023-03-22 00:52:26,False,3.919e-05,1.168e-08,2137408.0,0.2497,0xcb...29fe,https://bscscan.com/tx/0xac1081122bf6ea8ff4cb4c47fd884eaa55fcc1b00c1897eeef8c8391a42a9d41
2023-03-22 00:52:26,False,3.92e-05,1.168e-08,9677.35,0.0011,0xcb...29fe,https://bscscan.com/tx/0xac1081122bf6ea8ff4cb4c47fd884eaa55fcc1b00c1897eeef8c8391a42a9d41
2023-03-22 00:51:35,True,3.917e-05,1.174e-08,253853.0,0.0298,0x45...d0e5,https://bscscan.com/tx/0x7364ed8298fcb3acef7f1f31dc4c0ee77efd191b36da422c7ec007b227a5ac5b
2023-03-22 00:51:05,True,3.92e-05,1.174e-08,2377646.0,0.2791,0xea...b46a,https://bscscan.com/tx/0xbd511ecd2793133a50d5297e1fc3dbc5649ac4abe6cecffdb401569d2d4ee116
2023-03-22 00:47:23,False,3.918e-05,1.168e-08,161895.0,0.0189,0xa2...fc76,https://bscscan.com/tx/0x45adad9c0e7eef90ee9293fbf8d00bb5dca0f8170a0deae7b864e230d96db4e7
2023-03-22 00:46:50,True,3.917e-05,1.173e-08,25447898.0,2.98689,0xc1...f4fe,https://bscscan.com/tx/0x650a418377db26153792a3e8da18407fc3de0aa6de378e8fee2e72b3588bd227
2023-03-22 00:46:32,True,3.915e-05,1.173e-08,1600000.0,0.1877,0x21...3a9b,https://bscscan.com/tx/0x903b4ec01b16e79e2ee6e166da9cadf8fac592de77eea310e97869177846f3ee
2023-03-22 00:46:05,True,3.915e-05,1.173e-08,597350.0,0.07,0xa2...fc76,https://bscscan.com/tx/0x90220da4e64a6c2afd8f62fde6b43d86aa27f4746055343337968b2b144be2eb
2023-03-22 00:45:23,True,3.935e-05,1.173e-08,258121.0,0.0302,0x18...0005,https://bscscan.com/tx/0x81424f2b690cb083036f2a8e24afd715bbf55f4f8fef4be98b8bdd2b7043e469
2023-03-22 00:45:17,True,3.935e-05,1.173e-08,60000.0,0.007,0x76...fe47,https://bscscan.com/tx/0x82a98723b76b3895c9b8bf50d670d57495881079535fcb138ef5a252b29829d8
2023-03-22 00:43:41,True,3.915e-05,1.173e-08,34092.5,0.004,0xb6...6a59,https://bscscan.com/tx/0x5fda467b5ad6310481733d42205849afa5ec6f80f2f8d91467d62e115de43813
2023-03-22 00:40:41,True,3.917e-05,1.173e-08,1270052.0,0.149,0x29...d5a7,https://bscscan.com/tx/0x04ef31f644db64740cae0e1701b25d76cf66994bbd6e844ba79ebe319124ab5d
2023-03-22 00:39:56,True,3.934e-05,1.172e-08,30017830.0,3.52047,0xdc...411a,https://bscscan.com/tx/0x328ace475cfc5ba27206ad6c3d02b27d32d954585411c6fa79e5fb8cc1dc01ee
2023-03-22 00:38:14,False,3.896e-05,1.166e-08,673745.0,0.0785,0xf1...e20d,https://bscscan.com/tx/0x3f93f926e599a3b62c6c039b089586ed57ebd7ce3ec504c8cd6224fef5bc7574
2023-03-22 00:38:14,False,3.896e-05,1.166e-08,368393.0,0.0429,0xf1...e20d,https://bscscan.com/tx/0x3f93f926e599a3b62c6c039b089586ed57ebd7ce3ec504c8cd6224fef5bc7574
2023-03-22 00:37:41,True,3.915e-05,1.172e-08,590.827,6.926e-06,0xd1...392a,https://bscscan.com/tx/0x7376bd9f22efdfda7723f337c9a7ff2fc012ee86253277967bd7a4088bf0ff82
2023-03-22 00:35:02,True,3.935e-05,1.172e-08,255890.0,0.03,0x12...8f59,https://bscscan.com/tx/0x43cea540260dba172984caaaa3532d941b6f5b755fa93e839e8467e2447c96dc
2023-03-22 00:31:23,True,3.931e-05,1.172e-08,221714.0,0.0259,0x76...74b0,https://bscscan.com/tx/0x9cff211f3e5f0e3cb35f96f23bb0d585aa542abba266c36aac90def5e6150fb7
2023-03-22 00:31:05,True,3.931e-05,1.172e-08,246689.0,0.0289,0xcd...140c,https://bscscan.com/tx/0x52da330da60d11cdf4d189145028e3a03204349c7798f4778795601e187b6224
2023-03-22 00:30:50,True,3.927e-05,1.171e-08,45355962.0,5.3143,0xfe...5ad3,https://bscscan.com/tx/0x0a6dea4502e02235d51e34e4a5a732aa3f8e4be6d1e4dfd50d66674db93e1f6b
2023-03-22 00:30:35,True,3.927e-05,1.17e-08,13750949.0,1.60998,0xaf...9dcd,https://bscscan.com/tx/0x4d5f4bfc1d89b1e256e4f612de2de247a8085d83667af4b0d218bc7a37dcffd5
2023-03-22 00:30:20,True,3.924e-05,1.17e-08,10004577.0,1.171,0xe9...dc25,https://bscscan.com/tx/0x1feb73111d60ab12c47d68487bef687e5edd5f6f03fe31e181b22e69ebb4ee0a
2023-03-22 00:30:11,True,3.922e-05,1.169e-08,25490812.0,2.98227,0xaf...9dcd,https://bscscan.com/tx/0x849ef5ddc77a9e718e3df8da3b5f87c33e64a378ad361b90d4348a7e2b3c543d
2023-03-22 00:28:08,True,3.905e-05,1.169e-08,88183.7,0.0103,0xbf...3066,https://bscscan.com/tx/0xbc9743bb692e1915f202e2ac6c4c1c5a32a7d0c2eeaa98519ac53668d0d23ff0
2023-03-22 00:27:59,True,3.905e-05,1.169e-08,234218.0,0.0273,0xc6...3ddd,https://bscscan.com/tx/0x51ebb732af57d210d33222705da0f0919592792a46cbf4adda46d46757f73e3a
2023-03-22 00:27:26,True,3.907e-05,1.169e-08,25507026.0,2.98223,0xc1...f4fe,https://bscscan.com/tx/0x870cf7d4e5a77a545171ee497a37be416d3e4f2ce2268c1b5823d6bc9f15246a
2023-03-22 00:26:56,False,3.886e-05,1.163e-08,2691900.0,0.313,0x0c...9f6d,https://bscscan.com/tx/0xd39e36de15b8730afe58d9891670de043f03649c026201ffc73ea715da616b6c
2023-03-22 00:26:56,False,3.886e-05,1.163e-08,9042.17,0.001,0x0c...9f6d,https://bscscan.com/tx/0xd39e36de15b8730afe58d9891670de043f03649c026201ffc73ea715da616b6c
2023-03-22 00:25:11,True,3.925e-05,1.168e-08,25665.5,0.003,0x20...dd3c,https://bscscan.com/tx/0x843c6219d8b8fe4837f278150d052b68ace70e4f2efb259ba8301794ecd520ae
2023-03-22 00:21:29,True,3.926e-05,1.168e-08,177448.0,0.0207,0xfb...394b,https://bscscan.com/tx/0x2951160102ad6e54504552c51d007ba196bb56cbcedb275d100f8579200b9409
2023-03-22 00:20:56,False,3.907e-05,1.163e-08,3136401.0,0.3647,0x14...bc56,https://bscscan.com/tx/0x954354a0b08922ff94bfe22f3351942106368ebbea58508f5f337ce459a4c230
2023-03-22 00:20:56,False,3.907e-05,1.163e-08,124967.0,0.0145,0x14...bc56,https://bscscan.com/tx/0x954354a0b08922ff94bfe22f3351942106368ebbea58508f5f337ce459a4c230
2023-03-22 00:20:53,True,3.925e-05,1.168e-08,45360861.0,5.29953,0xfe...5ad3,https://bscscan.com/tx/0x3ffbc426fadbc4bf5e19a92fedf749c43d16fd1b6d3521ec4e04853ed06a670e
2023-03-22 00:20:50,False,3.884e-05,1.161e-08,920331.0,0.1069,0x1c...5286,https://bscscan.com/tx/0x08d5af9d5ffe11620eec881f04c5adb0b09b00a277c8023c575be6ec6f6023a6
2023-03-22 00:20:50,False,3.884e-05,1.161e-08,219341.0,0.0254,0x1c...5286,https://bscscan.com/tx/0x08d5af9d5ffe11620eec881f04c5adb0b09b00a277c8023c575be6ec6f6023a6
2023-03-22 00:20:47,True,3.902e-05,1.167e-08,25557909.0,2.98336,0xc1...f4fe,https://bscscan.com/tx/0xcd774d5703e9839b237a8f9c2a43cfdc2f1e9cffc80196ead01f0218d38448fb
2023-03-22 00:20:32,True,3.922e-05,1.167e-08,127355.0,0.0148,0xf5...eebc,https://bscscan.com/tx/0xb89dffc4811a773068a55e84a3c811bddd12f7ff165c789e0a579109a756e936
2023-03-22 00:19:35,True,3.92e-05,1.166e-08,1544126.0,0.1801,0x90...8e66,https://bscscan.com/tx/0x3273a36cc655026d8cbf3ec2276897ad52984a123662b7be0878992c3f2d4146
2023-03-22 00:19:05,True,3.9e-05,1.166e-08,148003.0,0.0172,0x15...7711,https://bscscan.com/tx/0xc0aaea8f8d406ea7f2ddd8da768839cb1a7433910d1490cbd730e3613faad841
2023-03-22 00:17:20,True,3.9e-05,1.166e-08,35498.5,0.0041,0x18...0005,https://bscscan.com/tx/0x99a73ad1427083cb6d3476e17e76a99f9c571254b87d5ac12d4232ddc5d96091
2023-03-22 00:16:35,True,3.898e-05,1.166e-08,45294883.0,5.28228,0xfe...5ad3,https://bscscan.com/tx/0x1dd8b5b78506010d7fed96fe2c7c2f56f88ec6ceb306228dfdfdd5ac57b0fe11
2023-03-22 00:16:05,False,3.876e-05,1.159e-08,4048617.0,0.4695,0x3b...1362,https://bscscan.com/tx/0x0a76a1b0d5c63088a8a572d665da74ab2a10cb60e0c9e1c3ab037fdd79ba228e
2023-03-22 00:16:05,False,3.877e-05,1.159e-08,79745.2,0.0092,0x3b...1362,https://bscscan.com/tx/0x0a76a1b0d5c63088a8a572d665da74ab2a10cb60e0c9e1c3ab037fdd79ba228e
2023-03-22 00:15:11,True,3.894e-05,1.165e-08,25626954.0,2.98626,0xc1...f4fe,https://bscscan.com/tx/0xf1884381e3413fe1c6e320e16ae38b69e393d5c1dc39bd5bbbb7e4a6a32ace8d
2023-03-22 00:14:50,True,3.893e-05,1.164e-08,103620.0,0.012,0x15...7711,https://bscscan.com/tx/0xa4e8a79a42a92ba8634cfa368a095894d9a2c31a4eca2c88b215667ade872882
2023-03-22 00:14:02,False,3.893e-05,1.159e-08,3793260.0,0.4396,0x97...6a3f,https://bscscan.com/tx/0x818611f2254042fea61eceb356495bda411ef126989b82230a05f37760208bdb
2023-03-22 00:14:02,False,3.893e-05,1.159e-08,10094.9,0.0011,0x97...6a3f,https://bscscan.com/tx/0x818611f2254042fea61eceb356495bda411ef126989b82230a05f37760208bdb
2023-03-22 00:11:32,False,3.876e-05,1.159e-08,3727642.0,0.4321,0x07...4f2f,https://bscscan.com/tx/0x98002b2b52baa46db3b647129d0ab943dfba232685c096f4b8be991f96727a12
2023-03-22 00:11:32,False,3.876e-05,1.159e-08,107004.0,0.0124,0x07...4f2f,https://bscscan.com/tx/0x98002b2b52baa46db3b647129d0ab943dfba232685c096f4b8be991f96727a12
2023-03-22 00:09:05,True,3.892e-05,1.164e-08,25646721.0,2.9872,0xc1...f4fe,https://bscscan.com/tx/0xbc88e2f67b0ef9ac7a6b58bebe4700766f0ebf47b8afb715dc402c4800b3ce48
2023-03-22 00:08:56,True,3.89e-05,1.164e-08,8984573.0,1.04602,0x29...57b8,https://bscscan.com/tx/0x8a7e77d874222e88de7d46363685878e2cbf8865b76b68f33e5ac369547c83bf
2023-03-22 00:08:26,False,3.87e-05,1.158e-08,4985000.0,0.5774,0xe3...5aaa,https://bscscan.com/tx/0xfe4fd57e12f4acf6d4e10d57dd532638a1b341719410170e8651bfa0c9d3726e
2023-03-22 00:08:26,False,3.87e-05,1.158e-08,99366.4,0.0115,0xe3...5aaa,https://bscscan.com/tx/0xfe4fd57e12f4acf6d4e10d57dd532638a1b341719410170e8651bfa0c9d3726e
2023-03-22 00:05:20,True,3.909e-05,1.164e-08,7531831.0,0.8772,0x6a...0faa,https://bscscan.com/tx/0x0b0b68955121ed8dfb2fc0532ab44e41d71b628ba3bb8bc30baa2baff7a2d7b8
2023-03-22 00:03:29,True,3.905e-05,1.163e-08,25649274.0,2.98471,0xc1...f4fe,https://bscscan.com/tx/0x577817d7da40e74ba493e4ca5dad2c153832415983bbfff7e3e437ead910d242
2023-03-22 00:01:17,True,3.905e-05,1.163e-08,25550.5,0.0029,0xf5...eebc,https://bscscan.com/tx/0x494e4a047fc36b1232edf8d70ec8f0ef06d8873e521df1a71159e6b4353f2334
2023-03-22 00:01:17,False,3.884e-05,1.157e-08,3584918.0,0.4149,0x35...23cc,https://bscscan.com/tx/0x9bdbc439e075fffeccb8d705a994a11bff0164d28b1ca4198fa554559bec8168
2023-03-22 00:01:17,False,3.884e-05,1.157e-08,107656.0,0.0124,0x35...23cc,https://bscscan.com/tx/0x9bdbc439e075fffeccb8d705a994a11bff0164d28b1ca4198fa554559bec8168
2023-03-22 00:00:11,True,3.885e-05,1.163e-08,8596469.0,1.0,0x2a...f2c0,https://bscscan.com/tx/0x8278b8d39aaeae956e817ad347bef0e51d67afb786d8011f987f611d8206ce8b
2023-03-21 23:58:44,True,3.903e-05,1.163e-08,10035.0,0.0011,0xdd...b1f4,https://bscscan.com/tx/0x2d6940a5de6d4d0959c691328f57e81023984b973ad3d138a559b597f1a01930
2023-03-21 23:58:05,True,3.902e-05,1.163e-08,217753.0,0.0253,0x55...2ce8,https://bscscan.com/tx/0xb99d95363bf42a1873e9c90bd910362cd385e29e93960348ede6bbb8ade47c97
2023-03-21 23:57:53,True,3.901e-05,1.162e-08,25660567.0,2.98371,0xc1...f4fe,https://bscscan.com/tx/0x00ec80430068de32f98f6996a68f21a9c6d3e78fbb692f8377815d4a4390a6c9
2023-03-21 23:55:47,True,3.902e-05,1.162e-08,1000000.0,0.1162,0x19...66fd,https://bscscan.com/tx/0x30a7ee1c4505309011fe8340e1ceb9a6a2274c7de87b22c62a1aea7599aaef9b
2023-03-21 23:55:11,True,3.9e-05,1.162e-08,2863429.0,0.3328,0xc1...19b9,https://bscscan.com/tx/0x4702673d387104b01de742635f65354b6e485805785a586f1e1ecdaee2552c9e
2023-03-21 23:54:29,False,3.88e-05,1.156e-08,1519723.0,0.1757,0x83...f733,https://bscscan.com/tx/0x72f453a8a1149a85db94a14d6c8fa48e439c6a38b117ece4e37b52d8efcb88d7
2023-03-21 23:54:29,False,3.88e-05,1.156e-08,139685.0,0.0161,0x83...f733,https://bscscan.com/tx/0x72f453a8a1149a85db94a14d6c8fa48e439c6a38b117ece4e37b52d8efcb88d7
2023-03-21 23:54:23,True,3.9e-05,1.162e-08,430176.0,0.05,0xf3...75b4,https://bscscan.com/tx/0xcc781b3a7beac69e0b2fff95aecbd1e113301396ba6bc5d5d4c0807d8b549f7f
2023-03-21 23:54:14,True,3.9e-05,1.162e-08,34414.3,0.004,0x5e...40dc,https://bscscan.com/tx/0x64b74c5f6702c3582e71855af7b6262ebcd962a0a251b5ace9394029c47077ac
2023-03-21 23:52:53,True,3.9e-05,1.162e-08,206486.0,0.024,0x8b...b5b5,https://bscscan.com/tx/0x25248b0c7220c7daa09be41ed8bd813205e642a18a6131659980b418dbd0f31a
2023-03-21 23:49:32,True,3.897e-05,1.162e-08,255509.0,0.0297,0x79...b485,https://bscscan.com/tx/0x016462838bd1f3be58f47c81dbdbe97bb7d7f142d0efb5bb7943edb5ad301f1d
2023-03-21 23:46:23,True,3.874e-05,1.162e-08,638517.0,0.0742,0x79...b485,https://bscscan.com/tx/0xf4ef3d1e0c6fb149f297d39f3e1c757ff0675f192fbbedf016e472de1156f83d
2023-03-21 23:44:08,False,3.876e-05,1.157e-08,50019512.0,5.78825,0x82...e752,https://bscscan.com/tx/0xfa7cf5b97e0510ae65e71508848f53e6462f5291a3866b345f4eeabeb78b0da9
2023-03-21 23:44:08,False,3.878e-05,1.157e-08,59874.2,0.0069,0x82...e752,https://bscscan.com/tx/0xfa7cf5b97e0510ae65e71508848f53e6462f5291a3866b345f4eeabeb78b0da9
2023-03-21 23:39:59,True,3.901e-05,1.163e-08,205623.0,0.0239,0x8e...e253,https://bscscan.com/tx/0xe593c158b9f7ff4954c062a8d0d450030759d337204a54d70ec3753379c73df6
2023-03-21 23:39:35,True,3.902e-05,1.163e-08,419444.0,0.0488,0x8e...e253,https://bscscan.com/tx/0xd1c5237deae9718766ee664b84fffab78e01d61661d427ecb4eaa33aa73c7386
2023-03-21 23:38:50,True,3.889e-05,1.163e-08,1921426.0,0.2235,0xfc...c934,https://bscscan.com/tx/0xf07590e004cff2d0d96edb2dab4ddafc86062e6e0d4063bf18d6b2bf9c36d30f
2023-03-21 23:38:29,True,3.889e-05,1.163e-08,171872.0,0.02,0xb8...f847,https://bscscan.com/tx/0x15acf6d9ff0e40008d38d45151c861b930f32bbf552719a69800322fe3822a71
2023-03-21 23:38:20,False,3.888e-05,1.158e-08,18971460.0,2.19713,0x45...b994,https://bscscan.com/tx/0xf5341468e3c652a9c3a86fde1f7b8edb97cabd957d0e8d1f3b44a20db47161ab
2023-03-21 23:38:20,False,3.889e-05,1.158e-08,17125.7,0.0019,0x45...b994,https://bscscan.com/tx/0xf5341468e3c652a9c3a86fde1f7b8edb97cabd957d0e8d1f3b44a20db47161ab
2023-03-21 23:36:59,False,3.88e-05,1.158e-08,6323820.0,0.7326,0x45...b994,https://bscscan.com/tx/0xf1fd88cbd8b278e0da1a5b27f664c7f51eab4e65c7cc49450dfbc62ecd7a14df
2023-03-21 23:36:59,False,3.88e-05,1.158e-08,25620.5,0.0029,0x45...b994,https://bscscan.com/tx/0xf1fd88cbd8b278e0da1a5b27f664c7f51eab4e65c7cc49450dfbc62ecd7a14df
2023-03-21 23:35:59,True,3.932e-05,1.164e-08,262284.0,0.0305,0x3b...8098,https://bscscan.com/tx/0x9ea9c9231b47c6dd9966658225d8ed7a72f30883dc8a75624696bdc5540d4d38
2023-03-21 23:33:47,True,3.935e-05,1.164e-08,244723.0,0.0285,0xd5...bd30,https://bscscan.com/tx/0xd1f104976a91da38fd97abacd84db86e0de040a82c21ffe99344f4fea692425c
2023-03-21 23:33:47,False,3.916e-05,1.158e-08,8955114.0,1.03763,0x4a...c6cf,https://bscscan.com/tx/0xf336763b6d9393f26e47c1a5efb100aa6f4a891b6c7ef06bb60e7cfc5f9664de
2023-03-21 23:33:47,False,3.917e-05,1.158e-08,26610.4,0.003,0x4a...c6cf,https://bscscan.com/tx/0xf336763b6d9393f26e47c1a5efb100aa6f4a891b6c7ef06bb60e7cfc5f9664de
2023-03-21 23:33:38,True,3.917e-05,1.164e-08,99141.9,0.0115,0xdc...6c42,https://bscscan.com/tx/0xd5bf3e3241afb0e8e6e1c47f8209be953f067a0a0fdcfa43b4cc768a99fee862
2023-03-21 23:30:35,True,3.913e-05,1.164e-08,200000.0,0.0232,0x5f...abbc,https://bscscan.com/tx/0x4bfc3d3a6ed44b57df04256b8f41f60396d0b6d2d180786c3035e335fbf03ec5
2023-03-21 23:30:05,True,3.912e-05,1.164e-08,5084631.0,0.5921,0x7e...944b,https://bscscan.com/tx/0x6d2da4e246ad7f89e9cf56410f8609073f7837bc2873dfe3b3efc889aa75dc53
2023-03-21 23:27:47,True,3.929e-05,1.164e-08,2748087.0,0.32,0xd0...e5f7,https://bscscan.com/tx/0xb8b83458fb3b2f5f25be36c1b65b9a648ebf1745373ea99cc224b087b5dd33ed
2023-03-21 23:24:38,True,3.923e-05,1.164e-08,681476.0,0.0793,0x7b...41bc,https://bscscan.com/tx/0xf289c1e16101b39b5c04363852376258c46b0a7bdb9fdcb6754b60f965167b26
2023-03-21 23:22:32,False,3.884e-05,1.158e-08,807827.0,0.0935,0x43...7932,https://bscscan.com/tx/0x1c624502b6613daa11a853162299352cccae36c69724cb0f6c58be20b4adf89a
2023-03-21 23:22:32,False,3.884e-05,1.158e-08,3146.49,3.645e-05,0x43...7932,https://bscscan.com/tx/0x1c624502b6613daa11a853162299352cccae36c69724cb0f6c58be20b4adf89a
2023-03-21 23:19:41,False,3.883e-05,1.158e-08,1161866.0,0.1346,0xa5...396e,https://bscscan.com/tx/0xd9b1a875f7c3920f726356117a432d862d4e0b6aa88c7bf278ba0aa0cce09a08
2023-03-21 23:19:41,False,3.883e-05,1.158e-08,453.087,5.249e-06,0xa5...396e,https://bscscan.com/tx/0xd9b1a875f7c3920f726356117a432d862d4e0b6aa88c7bf278ba0aa0cce09a08
2023-03-21 23:17:19,False,3.904e-05,1.158e-08,167307.0,0.0193,0xfe...73f8,https://bscscan.com/tx/0xf67f282567a2054cd4387a2b4e4c7c27dd27a6a0fa6b6338b7dcc083ab23fd4f
2023-03-21 23:17:19,False,3.904e-05,1.158e-08,7972.14,9.236e-05,0xfe...73f8,https://bscscan.com/tx/0xf67f282567a2054cd4387a2b4e4c7c27dd27a6a0fa6b6338b7dcc083ab23fd4f
2023-03-21 23:17:10,True,3.923e-05,1.164e-08,985585.0,0.1147,0xfa...1a1a,https://bscscan.com/tx/0x7519700eab0175b7c6655908c130a46d7e9c7a620849c3a40a87a3e689757e09
2023-03-21 23:14:04,True,3.926e-05,1.164e-08,697251.0,0.0811,0x43...24ba,https://bscscan.com/tx/0xc1012f2b8713cbdf2ef963f5c10248bfeda5433caa1b53dc7ff923df7d61d6d1
2023-03-21 23:12:49,False,3.889e-05,1.158e-08,241385.0,0.0279,0x14...2028,https://bscscan.com/tx/0x6213245ae27196440cb5cd88d03438acf8d752ecea3f37c271e9d99d7ff51fae
2023-03-21 23:12:49,False,3.889e-05,1.158e-08,183185.0,0.0212,0x14...2028,https://bscscan.com/tx/0x6213245ae27196440cb5cd88d03438acf8d752ecea3f37c271e9d99d7ff51fae
2023-03-21 23:12:04,True,3.91e-05,1.164e-08,9037300.0,1.05219,0xdb...69fe,https://bscscan.com/tx/0x27c74c31f842bef4209568f191247ef705de27fc251b9424dcafbf391694e544
2023-03-21 23:09:29,False,3.905e-05,1.159e-08,58632736.0,6.79664,0x8e...bf09,https://bscscan.com/tx/0x0a5cac16e74ad1fe2c00592f01506aba282591f80ca5d9b0b83d195582b695d9
2023-03-21 23:09:29,False,3.908e-05,1.16e-08,1292.24,1.499e-05,0x8e...bf09,https://bscscan.com/tx/0x0a5cac16e74ad1fe2c00592f01506aba282591f80ca5d9b0b83d195582b695d9
2023-03-21 23:08:45,False,3.908e-05,1.16e-08,477173.0,0.0553,0x65...f3c9,https://bscscan.com/tx/0x52adac3f82490925d52962d936f9b065f12d8b7e4adf9ddf51eeaff189b22b58
2023-03-21 23:08:45,False,3.908e-05,1.16e-08,161283.0,0.0187,0x65...f3c9,https://bscscan.com/tx/0x52adac3f82490925d52962d936f9b065f12d8b7e4adf9ddf51eeaff189b22b58
2023-03-21 23:07:10,False,3.896e-05,1.16e-08,59555170.0,6.91393,0x41...7d11,https://bscscan.com/tx/0xdd993206daf78c6d5270a98a8d283b86c53e919ea032c9fc53543c8ffb73e708
2023-03-21 23:07:10,False,3.899e-05,1.161e-08,27576.3,0.0032,0x41...7d11,https://bscscan.com/tx/0xdd993206daf78c6d5270a98a8d283b86c53e919ea032c9fc53543c8ffb73e708
2023-03-21 23:06:40,True,3.939e-05,1.167e-08,6396215.0,0.7467,0x5e...ccb6,https://bscscan.com/tx/0xf11c512b7be42f460ce85f3381356cd721c73635bf1f8e9fd180236eec63c0bc
2023-03-21 23:05:04,True,3.919e-05,1.167e-08,990000.0,0.1155,0x5d...7b73,https://bscscan.com/tx/0x84bdfde0b121e5991802d6488efd8da039ce3baf8661ec2f2dfac6e36418a741
2023-03-21 23:04:13,False,3.896e-05,1.161e-08,2818736.0,0.3274,0x41...6368,https://bscscan.com/tx/0x12ea0dc3db51124b5afcec6443eedf1b7eabf62cfb62f75f2cf3d9a6e4a3b9aa
2023-03-21 23:04:13,False,3.897e-05,1.161e-08,70372.4,0.0081,0x41...6368,https://bscscan.com/tx/0x12ea0dc3db51124b5afcec6443eedf1b7eabf62cfb62f75f2cf3d9a6e4a3b9aa
2023-03-21 23:03:52,True,3.914e-05,1.167e-08,25499036.0,2.97604,0xc1...f4fe,https://bscscan.com/tx/0x52ec40119c087a8dbaaf2320419998e063b24e4b55019fc65242a8685b1d7f31
2023-03-21 23:02:22,False,3.894e-05,1.16e-08,563123.0,0.0653,0x51...a444,https://bscscan.com/tx/0x71d5ce6392ee430ed957699a650267abb1de7aa0301e9cdcc41f006ac4332303
2023-03-21 23:02:22,False,3.894e-05,1.16e-08,474.88,5.513e-06,0x51...a444,https://bscscan.com/tx/0x71d5ce6392ee430ed957699a650267abb1de7aa0301e9cdcc41f006ac4332303
2023-03-21 22:58:28,False,3.902e-05,1.16e-08,175354.0,0.0203,0x55...811c,https://bscscan.com/tx/0xfde52e166c3965e7ed03f835166e669deb51e20bd777bcc122e0da81fa48df10
2023-03-21 22:58:28,False,3.902e-05,1.16e-08,1458.95,1.693e-05,0x55...811c,https://bscscan.com/tx/0xfde52e166c3965e7ed03f835166e669deb51e20bd777bcc122e0da81fa48df10
2023-03-21 22:58:22,True,3.922e-05,1.166e-08,350000.0,0.0408,0x24...2881,https://bscscan.com/tx/0x900c6592c230b9f079bc5dc30ac2c22b048d767ee5609aac3ea7c46455dbec1b
2023-03-21 22:56:58,False,3.902e-05,1.16e-08,189780.0,0.022,0xa1...2b5e,https://bscscan.com/tx/0xaec1bd383fc2d4d315ba2e56bfd8bc39a7db80e481154445dc5f15585d7c2465
2023-03-21 22:56:58,False,3.903e-05,1.16e-08,67699.2,0.0078,0xa1...2b5e,https://bscscan.com/tx/0xaec1bd383fc2d4d315ba2e56bfd8bc39a7db80e481154445dc5f15585d7c2465
2023-03-21 22:56:49,True,3.921e-05,1.166e-08,17788962.0,2.07509,0xaf...9dcd,https://bscscan.com/tx/0x04aada703cc4a3ec934a585e6f630f7d51131829d21cd6f1fbac00a425887ea1
2023-03-21 22:54:58,True,3.92e-05,1.166e-08,5288254.0,0.6167,0x00...e75e,https://bscscan.com/tx/0xe731631de9d71e94a13b4a4ba16a01338125c1ecfce719f07db1c10dac380f78
2023-03-21 22:54:55,False,3.9e-05,1.16e-08,950071.0,0.1102,0x0f...d558,https://bscscan.com/tx/0xe4363669a02a97c73ceb6337cdaba6e485c0a2132c6e2e59f45d8a799f92faf1
2023-03-21 22:54:55,False,3.901e-05,1.16e-08,196444.0,0.0227,0x0f...d558,https://bscscan.com/tx/0xe4363669a02a97c73ceb6337cdaba6e485c0a2132c6e2e59f45d8a799f92faf1
2023-03-21 22:52:37,True,3.919e-05,1.165e-08,25464879.0,2.96856,0xc1...f4fe,https://bscscan.com/tx/0xb704c591f3ab03cbe8d51c98422a82036e89aba4858a202d5251e94f5fcdd491
2023-03-21 22:52:13,True,3.917e-05,1.165e-08,7117166.0,0.8293,0xa9...ef7a,https://bscscan.com/tx/0x59ec2011da12393740cb41bdbdba96964f17a13d325356d2794d66309b207499
2023-03-21 22:51:52,True,3.917e-05,1.165e-08,600000.0,0.0699,0x5b...283f,https://bscscan.com/tx/0x11a33d7461cb14bb2bec1bda9ba8af874ab8dc615334448b98709857d41f0ef7
2023-03-21 22:51:01,True,3.916e-05,1.165e-08,323227.0,0.0376,0xf7...6128,https://bscscan.com/tx/0xc58e1fc57cf27c256e2793e88ca9e2758f598a7d98c0ab7d7548c8711a927ff1
2023-03-21 22:48:52,True,3.935e-05,1.165e-08,2986886.0,0.348,0x71...8b20,https://bscscan.com/tx/0xc4c3253ea00d2c9a1d68adf0a25df6ac4ba21551d1ae4239d196357696d45da4
2023-03-21 22:46:58,True,3.933e-05,1.164e-08,25516161.0,2.9718,0xc1...f4fe,https://bscscan.com/tx/0xae9fccf96def2fbabfed35f546ae6096717b180b5fd3645d972e6634c245b29f
2023-03-21 22:46:33,False,3.913e-05,1.158e-08,6952664.0,0.8055,0xa7...6c54,https://bscscan.com/tx/0xf83f961cfaa799b235db6f0c04f850efde1ac9411307130fc5476caffa5eafc2
2023-03-21 22:46:33,False,3.913e-05,1.158e-08,80097.1,0.0092,0xa7...6c54,https://bscscan.com/tx/0xf83f961cfaa799b235db6f0c04f850efde1ac9411307130fc5476caffa5eafc2
2023-03-21 22:45:30,True,3.932e-05,1.164e-08,25804165.0,3.00394,0x9d...0872,https://bscscan.com/tx/0x314aa215469f745eaf57ee2adf60678fbb44f4598c5747188e0fc8f6228b4fe7
2023-03-21 22:41:35,True,3.931e-05,1.163e-08,3330000.0,0.3875,0xfe...0bd3,https://bscscan.com/tx/0x9c8ad72f7868032657bd827257f98dbfbf7fc0ca54d65187487d612bf8213cc6
2023-03-21 22:39:23,False,3.891e-05,1.157e-08,529842.0,0.0613,0x8b...0d66,https://bscscan.com/tx/0x25687b899fe5d250b571e8cb7a256ee8f7ff5114f3665aeb11500495263cb855
2023-03-21 22:39:23,False,3.891e-05,1.157e-08,118489.0,0.0137,0x8b...0d66,https://bscscan.com/tx/0x25687b899fe5d250b571e8cb7a256ee8f7ff5114f3665aeb11500495263cb855
2023-03-21 22:38:38,True,3.929e-05,1.163e-08,127233.0,0.0148,0x2f...a2ac,https://bscscan.com/tx/0x300f04b522f07ba20e60fffe83b5594c6361062691ad31dcad5434762d6550b4
2023-03-21 22:35:20,True,3.909e-05,1.163e-08,60154.6,0.007,0x80...f6c4,https://bscscan.com/tx/0x448645eccc21b93e85a74e45704297160c6d9786ce6fe9818625a18672cf5f8a
2023-03-21 22:34:14,True,3.928e-05,1.163e-08,8164684.0,0.95,0x53...6deb,https://bscscan.com/tx/0x7ff6854684db34d57be1c849d152c946320f3ea7d4cc2049b86d3a81f8d1875e
2023-03-21 22:32:44,True,3.907e-05,1.163e-08,25532877.0,2.96961,0xc1...f4fe,https://bscscan.com/tx/0x3707738e90a48ab88c06ab193fe5a147dc89636cf6f05c43dc0e063646038484
2023-03-21 22:32:38,False,3.887e-05,1.157e-08,9970000.0,1.15355,0x0f...9444,https://bscscan.com/tx/0x7b90025fa39983c44a08e70514cefba692dc609b096f2bb623c589489089d13f
2023-03-21 22:32:38,False,3.888e-05,1.157e-08,82587.0,0.0095,0x0f...9444,https://bscscan.com/tx/0x7b90025fa39983c44a08e70514cefba692dc609b096f2bb623c589489089d13f
2023-03-21 22:32:32,True,3.907e-05,1.162e-08,103184.0,0.012,0xf6...83b8,https://bscscan.com/tx/0x43a8244036be84cf12ffda8a37a7f9ac7542765508ca7ac179f4e08078983605
2023-03-21 22:32:32,True,3.906e-05,1.162e-08,30085423.0,3.49753,0x20...946b,https://bscscan.com/tx/0x2e4f3f887b3d2d10e5181b8879767dd4f24fc10a0e110f2aa113c3cfb60e8fb0
2023-03-21 22:32:11,False,3.883e-05,1.156e-08,397983.0,0.046,0x54...5ba9,https://bscscan.com/tx/0x28775d8767786b64a5dd88054612cf74c69840cfdc0cbe6a2871ed8e25f6928f
2023-03-21 22:32:11,False,3.883e-05,1.156e-08,270615.0,0.0312,0x54...5ba9,https://bscscan.com/tx/0x28775d8767786b64a5dd88054612cf74c69840cfdc0cbe6a2871ed8e25f6928f
2023-03-21 22:31:41,True,3.906e-05,1.162e-08,198159.0,0.023,0x99...b697,https://bscscan.com/tx/0x9f0bc9a824a965ed628ca18828e1e1aa38a2a0d27ba0f0c3bafda40b66f1acc5
2023-03-21 22:31:38,True,3.906e-05,1.162e-08,52875.3,0.0061,0x4a...18ff,https://bscscan.com/tx/0xc22a4d16e4e8cb86f91a1b765e243710ad58af151a683a94606d76aa0ed4e2df
2023-03-21 22:31:20,True,3.925e-05,1.161e-08,30086729.0,3.49507,0x20...946b,https://bscscan.com/tx/0x636f44e54f257981edda9f8b91e186e0f8e757fa3c14964c1cd68b2c5f4d9889
2023-03-21 22:31:08,False,3.888e-05,1.156e-08,69580630.0,8.04656,0x34...e3dd,https://bscscan.com/tx/0x0c2dee22a21fee47c88c244e0ed781ab6db042eb0062a30e228f5aa676362a08
2023-03-21 22:31:08,False,3.891e-05,1.157e-08,169680.0,0.0196,0x34...e3dd,https://bscscan.com/tx/0x0c2dee22a21fee47c88c244e0ed781ab6db042eb0062a30e228f5aa676362a08
2023-03-21 22:30:53,True,3.933e-05,1.163e-08,76069.0,0.0088,0xd4...a706,https://bscscan.com/tx/0x5337815212abc8e93b4cb4bfe54b7546ee8e56197ae4aa3ee6d7de780ab77c07
2023-03-21 22:27:41,True,3.929e-05,1.163e-08,15647254.0,1.81982,0x20...946b,https://bscscan.com/tx/0xb382dc6d41204bd7ad77b15859023cc948f35647c10e62378f8d28fffe879795
2023-03-21 22:27:05,True,3.927e-05,1.162e-08,25581285.0,2.97363,0xc1...f4fe,https://bscscan.com/tx/0xaef516f8072696ee757241523d9ea4372bb7fd71bdeab6cd524ff655a4a55774
2023-03-21 22:25:56,True,3.926e-05,1.162e-08,129081.0,0.015,0x77...36a7,https://bscscan.com/tx/0xf02648a251a8c8304238b9252a3caf7dafd885ae9d606a863bfd9de37446178a
2023-03-21 22:25:26,False,3.887e-05,1.156e-08,6789571.0,0.7851,0x68...810a,https://bscscan.com/tx/0x6e1b3ab131c7e0d7258f22fec4c9aa1832e565cf616e239efa59d9834dba4188
2023-03-21 22:25:26,False,3.887e-05,1.156e-08,23408.2,0.0027,0x68...810a,https://bscscan.com/tx/0x6e1b3ab131c7e0d7258f22fec4c9aa1832e565cf616e239efa59d9834dba4188
2023-03-21 22:23:23,True,3.905e-05,1.162e-08,3581911.0,0.4162,0xfd...0325,https://bscscan.com/tx/0x2c5ea6e160e2bd54ff13324732c51017ed2f79488c6475b102a09719c0dbe137
2023-03-21 22:23:14,True,3.904e-05,1.162e-08,5079228.0,0.5902,0xfb...faf7,https://bscscan.com/tx/0x8d7ed1f1c211b4ac6a32b6a399a4bf6ec3a500786bc969214b76aeb4bb83af64
2023-03-21 22:22:41,False,3.906e-05,1.156e-08,8554.34,9.89e-05,0x14...23b0,https://bscscan.com/tx/0x012ed0e3a0c2794e9718fba7b7b94a452723c9442ad8f66cba9630d0b48b8438
2023-03-21 22:22:41,False,3.906e-05,1.156e-08,5423.24,6.27e-05,0x14...23b0,https://bscscan.com/tx/0x012ed0e3a0c2794e9718fba7b7b94a452723c9442ad8f66cba9630d0b48b8438
2023-03-21 22:20:53,True,3.923e-05,1.161e-08,8605.9,0.001,0x14...23b0,https://bscscan.com/tx/0x430e308ef43ba87a09c7696049f95f87306b9cf6b8621f7586251f8fd0d2bff1
2023-03-21 22:20:29,True,3.922e-05,1.161e-08,1000000.0,0.1162,0x02...b0fb,https://bscscan.com/tx/0x9a18b389873e63e1252d5fa9b237026c340c859d49565479673310a4e9719676
2023-03-21 22:20:20,False,3.883e-05,1.156e-08,997000.0,0.1152,0x8a...7823,https://bscscan.com/tx/0x47ea7d7960f57ec8bab186ca77bc4d2664c0f93c84bbf7433eb16e0c05c7731f
2023-03-21 22:20:20,False,3.883e-05,1.156e-08,1681.04,1.943e-05,0x8a...7823,https://bscscan.com/tx/0x47ea7d7960f57ec8bab186ca77bc4d2664c0f93c84bbf7433eb16e0c05c7731f
2023-03-21 22:18:02,False,3.902e-05,1.156e-08,620739.0,0.0717,0x28...8832,https://bscscan.com/tx/0x53f3425e0a7770b70f34ab4a2f351716d86852cab694cd6532b3eaed56b2a377
2023-03-21 22:18:02,False,3.902e-05,1.156e-08,98216.1,0.0113,0x28...8832,https://bscscan.com/tx/0x53f3425e0a7770b70f34ab4a2f351716d86852cab694cd6532b3eaed56b2a377
2023-03-21 22:16:23,True,3.902e-05,1.161e-08,25603722.0,2.97423,0xc1...f4fe,https://bscscan.com/tx/0xb7d1f50ca9ac2daf6c7c739a5a2f50eb09a8bd218f024aa3e4567a7cc0649e93
2023-03-21 22:16:02,True,3.92e-05,1.161e-08,6132646.0,0.7121,0xa9...e1c9,https://bscscan.com/tx/0x7c27952a77e0158ff9abfa70e280463d6f41cfeaa9ccb82df6426d98c69f1ef1
2023-03-21 22:15:50,True,3.898e-05,1.161e-08,1272877.0,0.1477,0xce...1fa8,https://bscscan.com/tx/0x300ab9bd0c87908ccc2fb7c7e8210c0ff1339a855f1e173a40216982a50e2c6b
2023-03-21 22:14:53,True,3.92e-05,1.161e-08,127280.0,0.0147,0xce...1fa8,https://bscscan.com/tx/0x7cf25658815cb8b800baadb904193bbadc68669e8cbd63d68c8d79b908976a52
2023-03-21 22:13:59,False,3.881e-05,1.155e-08,3230076.0,0.3731,0x97...8463,https://bscscan.com/tx/0x56b60988956fd12703a7e0c506617800c3894b656e543eaa83f532e25a479eb5
2023-03-21 22:13:59,False,3.882e-05,1.155e-08,324395.0,0.0374,0x97...8463,https://bscscan.com/tx/0x56b60988956fd12703a7e0c506617800c3894b656e543eaa83f532e25a479eb5
2023-03-21 22:13:26,True,3.901e-05,1.161e-08,500000.0,0.058,0xae...9bd7,https://bscscan.com/tx/0x72591fe94edfb739c9d1f9d263b58dad22c6e0bf8264f2fe695c4a443746881e
2023-03-21 22:13:08,True,3.921e-05,1.161e-08,304039.0,0.0353,0x86...a7fc,https://bscscan.com/tx/0x265a86a96a305406ed6b2fd1af859b667698db7788fe2a8d6bfc0286e7d21212
2023-03-21 22:10:29,True,3.922e-05,1.161e-08,120573.0,0.014,0x51...f632,https://bscscan.com/tx/0x15015ce37c53789f1dd34e2b20d6aa76e51caf65d0a7193e04741c50553e07cb
2023-03-21 22:08:59,True,3.904e-05,1.161e-08,6286043.0,0.7298,0xa5...6a48,https://bscscan.com/tx/0x4ed41298f72f7783152451922fe4f028e8961eb1bc29cb2a8da8171b307b664f
2023-03-21 22:04:23,True,3.911e-05,1.16e-08,1233794.0,0.1432,0x00...8a4d,https://bscscan.com/tx/0x603770b34bb3363e5a9e47a6b5f092388e165a5da97d5d9536f31f74936274e0
2023-03-21 22:03:38,True,3.909e-05,1.16e-08,25546684.0,2.96477,0xc1...f4fe,https://bscscan.com/tx/0x53d1c241166c0ac3ea591addf0dcbf007fa6c5027cb88158b969c107fbcfb0c6
2023-03-21 22:02:20,True,3.909e-05,1.16e-08,491315.0,0.057,0xf4...8bb8,https://bscscan.com/tx/0xb8dab25330b5fceeb5dc8cb92b83cf9c3dbf5420d6cfbf4c579ba6f39e0a1386
2023-03-21 22:00:50,True,3.928e-05,1.16e-08,2540740.0,0.2947,0xab...f15c,https://bscscan.com/tx/0x5b2d33a022c7eb210f09fbe9cb95fd11ba5376b0fde2f25a55efc0f0dd2f4732
2023-03-21 21:58:56,True,3.908e-05,1.16e-08,55949.0,0.0064,0x8b...12bd,https://bscscan.com/tx/0x71c2e2389ba15486d77349385cc587ee0ebd751353113ca5fd1abaf82c914fd1
2023-03-21 21:58:02,True,3.926e-05,1.159e-08,25579829.0,2.96649,0xc1...f4fe,https://bscscan.com/tx/0x737c43025ed05714bfdf498cf67b281d3968a3ff109daff20e7491e54b19e382
2023-03-21 21:56:11,True,3.905e-05,1.159e-08,60380.0,0.007,0xc6...caf5,https://bscscan.com/tx/0xcea5856058d49074de3dcb7d785a8eb6b1e8c8b805d66594098198555460cc34
2023-03-21 21:54:11,True,3.924e-05,1.159e-08,18911699.0,2.19196,0xaf...9dcd,https://bscscan.com/tx/0xf26044597be68e83aeee474e4a89a3cac702f3db2b058af0b3b899d973cb5da9
2023-03-21 21:53:53,True,3.922e-05,1.158e-08,25577151.0,2.96286,0xaf...9dcd,https://bscscan.com/tx/0xca048f9aefb886f573abb096aea057aa09a71ff9057a1e7f790814bdaaa7de07
2023-03-21 21:53:05,False,3.901e-05,1.152e-08,5974705.0,0.6884,0x4f...4bc9,https://bscscan.com/tx/0x661718afe0759974a03a621c4b12bb86bfdc94a238ba2921b83ab350568cef91
2023-03-21 21:53:05,False,3.902e-05,1.152e-08,120264.0,0.0138,0x4f...4bc9,https://bscscan.com/tx/0x661718afe0759974a03a621c4b12bb86bfdc94a238ba2921b83ab350568cef91
2023-03-21 21:52:26,True,3.907e-05,1.157e-08,25588162.0,2.96269,0xc1...f4fe,https://bscscan.com/tx/0x56eefd0da3465fdbea3a4a2d4c4aa36eaabfe5b59334097b9da28d74569fa510
2023-03-21 21:51:56,True,3.905e-05,1.157e-08,247419.0,0.0286,0x36...c43a,https://bscscan.com/tx/0xac9e2c6e87a5fd6a9dfafc1332dc9c2365cccdcbac44231e67feed6e17f4db8d
2023-03-21 21:51:11,True,3.904e-05,1.157e-08,10180587.0,1.17821,0x62...258f,https://bscscan.com/tx/0xad6bcaea836e8060e72f35170ed360f1e43d626d0fffb062ed2e654df84666ac
2023-03-21 21:50:32,True,3.905e-05,1.157e-08,2488794.0,0.2881,0x93...75f8,https://bscscan.com/tx/0xd21739bcf378fc191d102768c2f9ef2c8d9ed9503320c617c02041d8e1ac8425
2023-03-21 21:48:20,False,3.886e-05,1.151e-08,291134.0,0.0335,0x34...0e30,https://bscscan.com/tx/0x5d027e488bbc7dac5af65545d0d6764aa6e80a20e580ab8e80a6a8c189730982
2023-03-21 21:48:20,False,3.886e-05,1.151e-08,13928.3,0.0016,0x34...0e30,https://bscscan.com/tx/0x5d027e488bbc7dac5af65545d0d6764aa6e80a20e580ab8e80a6a8c189730982
2023-03-21 21:48:08,True,3.907e-05,1.157e-08,2658621.0,0.3077,0xf5...7b9f,https://bscscan.com/tx/0x1885ff0df3fbfe744cada0965a3b22900e2f2b7e612e4619c64aed6416c743d1
2023-03-21 21:47:56,False,3.886e-05,1.151e-08,2492500.0,0.2869,0x52...5fe3,https://bscscan.com/tx/0x9e65cb5e7e5f0404e6d7b7d23a0a188d1632a09d62d5071b38e3dfcc656fab23
2023-03-21 21:47:56,False,3.886e-05,1.151e-08,1506.91,1.734e-05,0x52...5fe3,https://bscscan.com/tx/0x9e65cb5e7e5f0404e6d7b7d23a0a188d1632a09d62d5071b38e3dfcc656fab23
2023-03-21 21:47:11,False,3.885e-05,1.151e-08,556441.0,0.064,0x67...6af2,https://bscscan.com/tx/0xc2f32849a88661a817d73b3b81b65f9e1a47966b20fd6a211c6ff47078a983a5
2023-03-21 21:47:11,False,3.885e-05,1.151e-08,12767.6,0.0014,0x67...6af2,https://bscscan.com/tx/0xc2f32849a88661a817d73b3b81b65f9e1a47966b20fd6a211c6ff47078a983a5
2023-03-21 21:46:59,False,3.904e-05,1.151e-08,4714540.0,0.5428,0xb3...0f71,https://bscscan.com/tx/0x40bd0b14f9a59428f926e0cddb738e1a2b98fc938637e02fa8419f292d70d628
2023-03-21 21:46:59,False,3.905e-05,1.151e-08,73888.0,0.0085,0xb3...0f71,https://bscscan.com/tx/0x40bd0b14f9a59428f926e0cddb738e1a2b98fc938637e02fa8419f292d70d628
2023-03-21 21:46:50,True,3.923e-05,1.156e-08,25596168.0,2.96116,0xc1...f4fe,https://bscscan.com/tx/0x9226d4965c733a1a6ff780e3b564007cc5866a7d77c213888c233df820ae50c8
2023-03-21 21:44:35,True,3.916e-05,1.156e-08,1281700.0,0.1482,0x46...4b67,https://bscscan.com/tx/0x779febdb75ddc7cc8be6d521bb27a515be4a2da20e17646ae25710af933bb4bb
2023-03-21 21:44:11,False,3.897e-05,1.15e-08,486586.0,0.0559,0x18...18c0,https://bscscan.com/tx/0x0542d12e6e8b62b7ff81bd9d7f00a33ce32559c022231f6d42a85d2dc469ff3c
2023-03-21 21:44:11,False,3.897e-05,1.15e-08,25996.2,0.0029,0x18...18c0,https://bscscan.com/tx/0x0542d12e6e8b62b7ff81bd9d7f00a33ce32559c022231f6d42a85d2dc469ff3c
2023-03-21 21:43:14,True,3.899e-05,1.157e-08,2453423.0,0.2838,0xed...6dea,https://bscscan.com/tx/0x5b19d1a9581e3099de04142a660d26e6b2a187807724c21757fc11cae5c5972a
2023-03-21 21:43:11,False,3.877e-05,1.15e-08,4714540.0,0.5425,0xb3...0f71,https://bscscan.com/tx/0x0b67d75465f9832270367f0ad9a665f5c2a6e472450f4e3fc9d2585e686a9e91
2023-03-21 21:43:11,False,3.878e-05,1.15e-08,42610.2,0.0049,0xb3...0f71,https://bscscan.com/tx/0x0b67d75465f9832270367f0ad9a665f5c2a6e472450f4e3fc9d2585e686a9e91
2023-03-21 21:42:23,True,3.897e-05,1.156e-08,778185.0,0.09,0x4f...ba15,https://bscscan.com/tx/0x1415f8d0fce004f35aef0845f8ab914ba7c452dc1d6649afc99e2317582cb4bd
2023-03-21 21:40:32,False,3.878e-05,1.15e-08,14958352.0,1.72166,0x0a...0550,https://bscscan.com/tx/0xa874b42042181700d81db0b780761df375b8f4dea346ba59f36e9f3cd938b3d1
2023-03-21 21:40:32,False,3.879e-05,1.151e-08,2148.52,2.473e-05,0x0a...0550,https://bscscan.com/tx/0xa874b42042181700d81db0b780761df375b8f4dea346ba59f36e9f3cd938b3d1
