datetime,buy_order,price_USD,price_native,amount_token,total_native,maker,etherscan_url
2023-03-30 20:37:24,False,3.246e-05,1.035e-08,535987.0,0.0555,0x0e...18de,https://bscscan.com/tx/0x96838bdaa6462066dd8ee7eeaa18e153fe43c98718453b198e7e83e59cd4cb5c
2023-03-30 20:37:24,False,3.246e-05,1.035e-08,88598.3,0.0091,0x0e...18de,https://bscscan.com/tx/0x96838bdaa6462066dd8ee7eeaa18e153fe43c98718453b198e7e83e59cd4cb5c
2023-03-30 20:35:42,True,3.278e-05,1.04e-08,13680.6,0.0014,0x98...c2da,https://bscscan.com/tx/0x79b85b555bb0aa2d2d7246684255a3df4e04d0548cc5b85ef7ae9c486046650d
2023-03-30 20:29:06,True,3.275e-05,1.04e-08,3580270.0,0.3726,0x1e...890b,https://bscscan.com/tx/0x4a5d537ca4e602b65e97304a593c066e9b38d9181025df95fcec19b65ef19f32
2023-03-30 20:28:51,True,3.275e-05,1.04e-08,60000.9,0.0062,0x45...6a61,https://bscscan.com/tx/0x763bc4d588f06bb68f8a91c675a97dc69a4b9053880f55c75790d9c232a408d5
2023-03-30 20:23:51,True,3.275e-05,1.04e-08,1449072.0,0.1508,0xbb...18c5,https://bscscan.com/tx/0x80a6043caeb5b763e1e3a13332c58a38f819f8adfa48997dbf1d1e0debd2a9aa
2023-03-30 20:23:12,True,3.258e-05,1.04e-08,10000.0,0.001,0x20...d5a0,https://bscscan.com/tx/0xd53a5b4f91d1bc6e7ba55736f638b1794b8162d997446257f24704f1054e0dae
2023-03-30 20:22:27,True,3.258e-05,1.04e-08,10000.0,0.001,0x20...d5a0,https://bscscan.com/tx/0x84e11b421d18813980cb12bc7be1ad5c56ddd84f2bcf900f7557682b5bac0eed
2023-03-30 20:21:51,True,3.258e-05,1.04e-08,10000.0,0.001,0x20...d5a0,https://bscscan.com/tx/0x26bf37467487e79bc804f163cbcf1cc889997fcb869014b6b7055979de6e2bfd
2023-03-30 20:21:33,True,3.258e-05,1.04e-08,3000000.0,0.3122,0xe4...9432,https://bscscan.com/tx/0xbd67dc860a1b7e71045ff38f65cd43c8e8150242f5bb877494763de0eba48d35
2023-03-30 20:20:03,True,3.258e-05,1.04e-08,10000.0,0.001,0x20...d5a0,https://bscscan.com/tx/0xd410f5e87e381a9a3b5f79963bca28d6f2b0c34d8e7ee2052c8b0fe2ee991335
2023-03-30 20:20:03,True,3.257e-05,1.04e-08,15570358.0,1.62,0x47...67e1,https://bscscan.com/tx/0xd4e5964b2b270719e14d98462da37eb1db6972140cf8517888fc0aa64f7e103d
2023-03-30 20:16:57,False,3.257e-05,1.035e-08,78838.3,0.0081,0xab...9925,https://bscscan.com/tx/0x13eb008508ea7d09da6d9a0c6abf37640c7644cfaaf12e4d545730e4d8d6afb3
2023-03-30 20:16:57,False,3.257e-05,1.035e-08,248501.0,0.0257,0xab...9925,https://bscscan.com/tx/0x13eb008508ea7d09da6d9a0c6abf37640c7644cfaaf12e4d545730e4d8d6afb3
2023-03-30 20:12:54,True,3.274e-05,1.04e-08,2086440.0,0.217,0xa8...9ce9,https://bscscan.com/tx/0x21ef6bfd4a63a760b996040acdc772249a02516e687a9fd044487ef73725671d
2023-03-30 20:12:42,False,3.245e-05,1.036e-08,89681046.0,9.29195,0xf5...8cea,https://bscscan.com/tx/0xf8b9606485059539c6fabb2b04e05e9e412ebd7afa6e1f975b2f59e104c533ba
2023-03-30 20:12:42,False,3.248e-05,1.037e-08,60711.1,0.0063,0xf5...8cea,https://bscscan.com/tx/0xf8b9606485059539c6fabb2b04e05e9e412ebd7afa6e1f975b2f59e104c533ba
2023-03-30 20:12:21,False,3.265e-05,1.037e-08,22418145.0,2.32586,0xe3...5004,https://bscscan.com/tx/0x0cb2adbf9727662069a52a0a2366efc36fa0584a1fda32968374056c8a0e1722
2023-03-30 20:12:21,False,3.266e-05,1.037e-08,3188.53,3.308e-05,0xe3...5004,https://bscscan.com/tx/0x0cb2adbf9727662069a52a0a2366efc36fa0584a1fda32968374056c8a0e1722
2023-03-30 20:11:42,False,3.266e-05,1.037e-08,1177395.0,0.1221,0xa9...2a74,https://bscscan.com/tx/0xacc5a3e568bdb1fe17457929b8ce926f3395367d9e2284f3cbc647cf1616c704
2023-03-30 20:11:42,False,3.266e-05,1.037e-08,14308.4,0.0014,0xa9...2a74,https://bscscan.com/tx/0xacc5a3e568bdb1fe17457929b8ce926f3395367d9e2284f3cbc647cf1616c704
2023-03-30 20:10:24,False,3.25e-05,1.037e-08,5283503.0,0.5483,0x5d...62b3,https://bscscan.com/tx/0xb69027cd68a725abe117f68bc9102419a6e5856dfe76fe1e4f02e132b63e2789
2023-03-30 20:10:24,False,3.25e-05,1.037e-08,88023.9,0.0091,0x5d...62b3,https://bscscan.com/tx/0xb69027cd68a725abe117f68bc9102419a6e5856dfe76fe1e4f02e132b63e2789
2023-03-30 20:09:21,True,3.266e-05,1.043e-08,805037.0,0.0839,0xce...3f2b,https://bscscan.com/tx/0x9b5d4bf56bffd00e95af4300ecf10eaf026c00e96ae86265939c037e02406319
2023-03-30 20:07:33,False,3.251e-05,1.038e-08,31701021.0,3.29151,0x5d...62b3,https://bscscan.com/tx/0xb01d4b6b8e2a403c29af4c379f86bb7c966196dfbc9b3fb54a41291f8d62044c
2023-03-30 20:07:33,False,3.253e-05,1.038e-08,12429.9,0.0012,0x5d...62b3,https://bscscan.com/tx/0xb01d4b6b8e2a403c29af4c379f86bb7c966196dfbc9b3fb54a41291f8d62044c
2023-03-30 20:04:42,True,3.269e-05,1.043e-08,431078.0,0.045,0xad...0be3,https://bscscan.com/tx/0x08f445c8c375c5312fc3e7a35d2d86d8ab0ab2e2dac8ed175608904b63cdb31c
2023-03-30 20:04:03,True,3.285e-05,1.043e-08,304600.0,0.0318,0xe6...f703,https://bscscan.com/tx/0xf07a09e70e0c5854602f45020ecd626aa3ae7efae494d81e53eb26a05360703e
2023-03-30 20:01:09,False,3.269e-05,1.038e-08,1994000.0,0.2071,0x78...13f7,https://bscscan.com/tx/0x1cd6ad88e243557cb1ad7b6e7e50a585a1d1267e1a7eba63f49d25bc2e92bfae
2023-03-30 20:01:09,False,3.269e-05,1.038e-08,118483.0,0.0123,0x78...13f7,https://bscscan.com/tx/0x1cd6ad88e243557cb1ad7b6e7e50a585a1d1267e1a7eba63f49d25bc2e92bfae
2023-03-30 20:00:18,True,3.285e-05,1.043e-08,191584.0,0.02,0xba...0b65,https://bscscan.com/tx/0xc4ff187be9f3ca232c9b3c6c0cf6e39da24dd7a621264b3b65440f402f357e03
2023-03-30 19:57:54,True,3.269e-05,1.043e-08,1030000.0,0.1075,0x6d...4933,https://bscscan.com/tx/0x128ec964ad2e19ea3a8610535e6ed5825e82a72a90f85c7cf81ad171566fa24b
2023-03-30 19:57:51,True,3.285e-05,1.043e-08,20162263.0,2.10424,0xf0...77f6,https://bscscan.com/tx/0xf1c6c1de328dea5121cf0655567ab18f8fbe62976c8fe2e6f01e63d6fc3c8025
2023-03-30 19:57:15,True,3.284e-05,1.043e-08,900300.0,0.0939,0x6d...4933,https://bscscan.com/tx/0x5ea063889382876d2a64e8691789e97167a40067c15789a61d4e40fa653275f2
2023-03-30 19:57:15,True,3.284e-05,1.043e-08,150157.0,0.0156,0x8e...b2c0,https://bscscan.com/tx/0x93d9f93cf4c4b4e79f4a82b92add5b46362a4b440d19288710430eef6e697863
2023-03-30 19:55:30,True,3.267e-05,1.043e-08,4910649.0,0.5123,0xe2...c588,https://bscscan.com/tx/0xba829bf43833e08680c107f0f687d533f6f0c40c92783e45be40b9d0785b94a5
2023-03-30 19:55:24,True,3.267e-05,1.043e-08,259513.0,0.027,0x36...c84f,https://bscscan.com/tx/0x3336cfacc1ebaaa826822fa108846131e72d1ef2a55231f59352424a83e98a84
2023-03-30 19:53:29,False,3.268e-05,1.038e-08,16229271.0,1.68499,0xcd...c3b0,https://bscscan.com/tx/0x12ceccbf358a4e066d627176f75924d992ad4dd2b4c307d386dcec81d51fc29b
2023-03-30 19:53:29,False,3.269e-05,1.038e-08,80451.8,0.0083,0xcd...c3b0,https://bscscan.com/tx/0x12ceccbf358a4e066d627176f75924d992ad4dd2b4c307d386dcec81d51fc29b
2023-03-30 19:52:56,True,3.269e-05,1.043e-08,10000000.0,1.04353,0xfa...5069,https://bscscan.com/tx/0x86323578fc93ba647b25e29419d007ae76c4a1804eeab3854aefbe0d93744b14
2023-03-30 19:52:41,True,3.268e-05,1.043e-08,18629544.0,1.94338,0x43...5e9c,https://bscscan.com/tx/0x7b9b16be8003e19ea8f38aff07aca00b67d587dcd306f285ee51bdecaa96cd68
2023-03-30 19:50:38,True,3.286e-05,1.042e-08,167412.0,0.0174,0xba...749f,https://bscscan.com/tx/0xc153f0ef3165fdeddcc44611aa1e5be744054a29144d16fec46804a4e632257e
2023-03-30 19:49:53,False,3.269e-05,1.037e-08,997000.0,0.1034,0x81...64b8,https://bscscan.com/tx/0x9d2cf50290a74e2defdafbf70ea40e7c0139aea4eebfb71eeb60e93c94758106
2023-03-30 19:49:53,False,3.269e-05,1.037e-08,13703.7,0.0014,0x81...64b8,https://bscscan.com/tx/0x9d2cf50290a74e2defdafbf70ea40e7c0139aea4eebfb71eeb60e93c94758106
2023-03-30 19:48:23,True,3.27e-05,1.042e-08,4794.04,5e-05,0xad...6de5,https://bscscan.com/tx/0x1d4425d8bb2fb13ae926fe54233957739b31320c22e44f694a67d08b89492c8f
2023-03-30 19:47:47,False,3.254e-05,1.037e-08,1850458.0,0.192,0xb7...4f03,https://bscscan.com/tx/0x2a4f18a975757535be898ebcf040ece940a9de8efd920e051eafba9b7b97b7e4
2023-03-30 19:47:47,False,3.254e-05,1.037e-08,63840.7,0.0066,0xb7...4f03,https://bscscan.com/tx/0x2a4f18a975757535be898ebcf040ece940a9de8efd920e051eafba9b7b97b7e4
2023-03-30 19:47:11,True,3.268e-05,1.043e-08,4793.82,5e-05,0xad...6de5,https://bscscan.com/tx/0x121c19ca38af23b7e94a3eebc0b48a29f5b65d6b589236eb5a3fb579b6adc0fc
2023-03-30 19:46:14,True,3.268e-05,1.042e-08,2131376.0,0.2223,0x1c...ee15,https://bscscan.com/tx/0x31927783cdd635f98d3725906827dc356f76cb92278ec2fff11585133733bbfb
2023-03-30 19:45:56,True,3.268e-05,1.042e-08,2143163.0,0.2235,0x1c...ee15,https://bscscan.com/tx/0x2484b3409830b47b3b40b7f4316f6d21dc070ac84843ce8e9dae5228e01171e8
2023-03-30 19:45:38,False,3.269e-05,1.037e-08,19307291.0,2.00397,0x53...57ab,https://bscscan.com/tx/0x0c8677df4215b7ba855ec1a096aa75de6807e6f6a567b05e11831b5d6007f531
2023-03-30 19:45:38,False,3.27e-05,1.038e-08,5400.0,5.606e-05,0x53...57ab,https://bscscan.com/tx/0x0c8677df4215b7ba855ec1a096aa75de6807e6f6a567b05e11831b5d6007f531
2023-03-30 19:43:11,False,3.254e-05,1.038e-08,1994001.0,0.207,0xa8...8a78,https://bscscan.com/tx/0xd9ab08c29ddd1066e6785f2b08fbdaf91d6960e7bcf9a03711bdd18393c7bbc5
2023-03-30 19:43:11,False,3.254e-05,1.038e-08,45133.9,0.0046,0xa8...8a78,https://bscscan.com/tx/0xd9ab08c29ddd1066e6785f2b08fbdaf91d6960e7bcf9a03711bdd18393c7bbc5
2023-03-30 19:42:08,False,3.255e-05,1.038e-08,16666114.0,1.73065,0x41...4c19,https://bscscan.com/tx/0x794daa2f321583a41a344f7dc3da1a62383a2e1cf5f0bbb9852f27fef336bbf6
2023-03-30 19:42:08,False,3.256e-05,1.038e-08,4755.91,4.939e-05,0x41...4c19,https://bscscan.com/tx/0x794daa2f321583a41a344f7dc3da1a62383a2e1cf5f0bbb9852f27fef336bbf6
2023-03-30 19:40:47,False,3.271e-05,1.038e-08,1756165.0,0.1824,0x03...ac80,https://bscscan.com/tx/0x4fef6733d9d734257c4c6932fc964ead09bd0444306f93d5b19077a744f9cd1c
2023-03-30 19:40:47,False,3.271e-05,1.038e-08,12119.5,0.0012,0x03...ac80,https://bscscan.com/tx/0x4fef6733d9d734257c4c6932fc964ead09bd0444306f93d5b19077a744f9cd1c
2023-03-30 19:39:56,True,3.287e-05,1.043e-08,488691.0,0.051,0xda...1d6c,https://bscscan.com/tx/0x8897acd3bf5545f55eeeba978e291632998148497eb3e79e6f2f532c7935ec2c
2023-03-30 19:39:53,False,3.271e-05,1.038e-08,3988001.0,0.4142,0xa8...8a78,https://bscscan.com/tx/0x9f94fdc77dda56714dde4605f71df2a2a1bc4afbdec4c6059c5c1721b4742eee
2023-03-30 19:39:53,False,3.271e-05,1.038e-08,168114.0,0.0174,0xa8...8a78,https://bscscan.com/tx/0x9f94fdc77dda56714dde4605f71df2a2a1bc4afbdec4c6059c5c1721b4742eee
2023-03-30 19:39:17,False,3.272e-05,1.039e-08,62077602.0,6.45317,0x05...7066,https://bscscan.com/tx/0x170eb6082f127b768ea7bad563b4949be768fb0b510ec2f507a437b5a4cad9a6
2023-03-30 19:39:17,False,3.274e-05,1.04e-08,4889.3,5.086e-05,0x05...7066,https://bscscan.com/tx/0x170eb6082f127b768ea7bad563b4949be768fb0b510ec2f507a437b5a4cad9a6
2023-03-30 19:39:05,False,3.274e-05,1.04e-08,1805419.0,0.1878,0xe9...b8d3,https://bscscan.com/tx/0xf46706c7d3f1117ee23f75d5fd5f7631676f8724199dd45ffb3d1605ca0fc249
2023-03-30 19:39:05,False,3.274e-05,1.04e-08,294648.0,0.0306,0xe9...b8d3,https://bscscan.com/tx/0xf46706c7d3f1117ee23f75d5fd5f7631676f8724199dd45ffb3d1605ca0fc249
2023-03-30 19:38:59,True,3.291e-05,1.045e-08,2740682.0,0.2865,0xa6...2c68,https://bscscan.com/tx/0xce2813da399391281038ca9ec5fbc82594330da303a7b4dfbf9e4e95f92311ba
2023-03-30 19:38:56,True,3.289e-05,1.044e-08,44725316.0,4.67355,0xf3...19f4,https://bscscan.com/tx/0x3dad54b775903b234452eb3f23f38899bb59262b4cc94b6c2ba8e6a420f79593
2023-03-30 19:38:47,False,3.273e-05,1.039e-08,61477883.0,6.3933,0x2e...2e43,https://bscscan.com/tx/0xffda782fca9d77f7971a21a6d3d6d3a66169083a9ed55d99276436aa989fc4e4
2023-03-30 19:38:47,False,3.275e-05,1.04e-08,34008.7,0.0035,0x2e...2e43,https://bscscan.com/tx/0xffda782fca9d77f7971a21a6d3d6d3a66169083a9ed55d99276436aa989fc4e4
2023-03-30 19:38:23,False,3.276e-05,1.04e-08,12558012.0,1.3071,0x20...946b,https://bscscan.com/tx/0x21b2de61ff54177a7510a0c4604e9c40958801c1adea389798d57f2a6ea03814
2023-03-30 19:38:23,False,3.276e-05,1.041e-08,105739.0,0.011,0x20...946b,https://bscscan.com/tx/0x21b2de61ff54177a7510a0c4604e9c40958801c1adea389798d57f2a6ea03814
2023-03-30 19:38:14,False,3.261e-05,1.041e-08,21702908.0,2.25987,0x05...7066,https://bscscan.com/tx/0xefdcbdcf4e049b04d3baa74e86d05875381b0ea61a0e95ab5e4ad533298be295
2023-03-30 19:38:14,False,3.262e-05,1.041e-08,83202.2,0.0086,0x05...7066,https://bscscan.com/tx/0xefdcbdcf4e049b04d3baa74e86d05875381b0ea61a0e95ab5e4ad533298be295
2023-03-30 19:37:59,False,3.263e-05,1.041e-08,30723198.0,3.20113,0xc0...1f4f,https://bscscan.com/tx/0xb2b7f4c76139e453b0d8245be9771f8027583341e143c6f47c33ff42a3c93bb7
2023-03-30 19:37:59,False,3.264e-05,1.042e-08,15750.9,0.0016,0xc0...1f4f,https://bscscan.com/tx/0xb2b7f4c76139e453b0d8245be9771f8027583341e143c6f47c33ff42a3c93bb7
2023-03-30 19:37:44,False,3.281e-05,1.042e-08,5816153.0,0.6062,0x05...7066,https://bscscan.com/tx/0xd583cd6f48ae2381e13f4b2f3b7490405ecdd229679d8d2f78cbe9b2c90baf32
2023-03-30 19:37:44,False,3.281e-05,1.042e-08,95547.8,0.0099,0x05...7066,https://bscscan.com/tx/0xd583cd6f48ae2381e13f4b2f3b7490405ecdd229679d8d2f78cbe9b2c90baf32
2023-03-30 19:37:38,False,3.266e-05,1.042e-08,35281911.0,3.67952,0x05...7066,https://bscscan.com/tx/0xbb21a14f805971882188a2c868130813dcfd6d1d72d14fc9e25fd4d67cfa1c84
2023-03-30 19:37:38,False,3.267e-05,1.043e-08,89454.8,0.0093,0x05...7066,https://bscscan.com/tx/0xbb21a14f805971882188a2c868130813dcfd6d1d72d14fc9e25fd4d67cfa1c84
2023-03-30 19:37:38,True,3.284e-05,1.048e-08,305181.0,0.032,0x2b...6e0c,https://bscscan.com/tx/0x0f5e8c56eacc19921e1ffa74c5c8010d6adf24ae16d02d291c7fdde99bcafe87
2023-03-30 19:37:23,True,3.284e-05,1.048e-08,664488.0,0.0696,0xbb...c106,https://bscscan.com/tx/0x6df05363e8cd4e730cdf8b2a3764ab2934c9ebcf208afdd6cce84325c178d1ba
2023-03-30 19:37:05,True,3.3e-05,1.048e-08,1428416.0,0.1497,0xdc...c6dd,https://bscscan.com/tx/0x7171e404da1d64e19a68e007ab785ae9737ac9dcd681478341d5e6af6d6a1db7
2023-03-30 19:36:59,False,3.285e-05,1.043e-08,30641108.0,3.19787,0xc0...1f4f,https://bscscan.com/tx/0x3605fdd6f3f6df0656c841043ddddf865b91cbf55e5820201808f77ce8e555bd
2023-03-30 19:36:59,False,3.286e-05,1.044e-08,95806.9,0.01,0xc0...1f4f,https://bscscan.com/tx/0x3605fdd6f3f6df0656c841043ddddf865b91cbf55e5820201808f77ce8e555bd
2023-03-30 19:36:38,False,3.271e-05,1.044e-08,35377590.0,3.6951,0x05...7066,https://bscscan.com/tx/0x17252c7b94178e5036bb3226ff91e45dc5e8e2db2b3ccddb119c50f100baffc2
2023-03-30 19:36:38,False,3.273e-05,1.044e-08,80973.0,0.0084,0x05...7066,https://bscscan.com/tx/0x17252c7b94178e5036bb3226ff91e45dc5e8e2db2b3ccddb119c50f100baffc2
2023-03-30 19:36:38,False,3.274e-05,1.045e-08,29900030.0,3.12541,0x20...946b,https://bscscan.com/tx/0xecb2d493b59a4a5818048c5b2caccd03a99a37a2ffc1b2a716a7a9de05f9ee90
2023-03-30 19:36:38,False,3.275e-05,1.045e-08,44631.2,0.0046,0x20...946b,https://bscscan.com/tx/0xecb2d493b59a4a5818048c5b2caccd03a99a37a2ffc1b2a716a7a9de05f9ee90
2023-03-30 19:35:02,False,3.292e-05,1.045e-08,16146016.0,1.68865,0x20...946b,https://bscscan.com/tx/0x3905614166e64e0e5b5ea6fab1f088d33588da456db8afcce2402f42a8a28d82
2023-03-30 19:35:02,False,3.293e-05,1.046e-08,41846.4,0.0043,0x20...946b,https://bscscan.com/tx/0x3905614166e64e0e5b5ea6fab1f088d33588da456db8afcce2402f42a8a28d82
2023-03-30 19:34:44,True,3.309e-05,1.051e-08,241518.0,0.0253,0xd2...5673,https://bscscan.com/tx/0x151edc5c5e54b53d948e1aa39ddd81f792e2a1937990b6da913f7778091d0933
2023-03-30 19:33:55,False,3.277e-05,1.046e-08,1457378.0,0.1524,0xcf...6bc1,https://bscscan.com/tx/0x0e82c59d814d55d01478632b430a5a5df1c747d3857c58dfd63e2b650fd14276
2023-03-30 19:33:55,False,3.277e-05,1.046e-08,27000.0,0.0028,0xcf...6bc1,https://bscscan.com/tx/0x0e82c59d814d55d01478632b430a5a5df1c747d3857c58dfd63e2b650fd14276
2023-03-30 19:32:45,False,3.28e-05,1.046e-08,9970000.0,1.04308,0x78...39b8,https://bscscan.com/tx/0x0a060b427035a04dc71b2e76aa5404a6d6d50a8f172d9b8f79f2e0a54f1d9c4b
2023-03-30 19:32:45,False,3.281e-05,1.046e-08,27679.9,0.0029,0x78...39b8,https://bscscan.com/tx/0x0a060b427035a04dc71b2e76aa5404a6d6d50a8f172d9b8f79f2e0a54f1d9c4b
2023-03-30 19:32:33,False,3.281e-05,1.046e-08,10221050.0,1.0696,0xbc...0072,https://bscscan.com/tx/0x36bf01c236b2599fc86db492753158c3cb1c4a3c737bd0030d23d0a1b3e4f585
2023-03-30 19:32:33,False,3.282e-05,1.046e-08,153348.0,0.016,0xbc...0072,https://bscscan.com/tx/0x36bf01c236b2599fc86db492753158c3cb1c4a3c737bd0030d23d0a1b3e4f585
2023-03-30 19:30:27,False,3.292e-05,1.047e-08,51119275.0,5.35342,0x0c...c0eb,https://bscscan.com/tx/0xc1f7d7f8c2a13e55cd21a67ef80d86be8a9aa8daf329cb6897ac3e4597fe13e2
2023-03-30 19:30:27,False,3.294e-05,1.047e-08,7346.91,7.698e-05,0x0c...c0eb,https://bscscan.com/tx/0xc1f7d7f8c2a13e55cd21a67ef80d86be8a9aa8daf329cb6897ac3e4597fe13e2
2023-03-30 19:29:33,False,3.295e-05,1.047e-08,2712916.0,0.2842,0x9f...f0d4,https://bscscan.com/tx/0x17df9eb83cf1631a0c9847273cb55e32ccce0602b34dbb2c82afcbed77f52faa
2023-03-30 19:29:33,False,3.295e-05,1.047e-08,15320.3,0.0016,0x9f...f0d4,https://bscscan.com/tx/0x17df9eb83cf1631a0c9847273cb55e32ccce0602b34dbb2c82afcbed77f52faa
2023-03-30 19:25:57,True,3.328e-05,1.053e-08,616319.0,0.0649,0x61...ca1b,https://bscscan.com/tx/0xb594513903582e386dc4c6e8be81a4a7ad8abc9277aba72f0de8ca18fe5e2b3f
2023-03-30 19:25:21,True,3.311e-05,1.053e-08,150318.0,0.0158,0x93...fe19,https://bscscan.com/tx/0x2bd18bd3aad83cfe6484f6863ee9abfa3b497fd839a4b65de0c1cf89d2d500f1
2023-03-30 19:21:39,False,3.294e-05,1.047e-08,2048221.0,0.2146,0x5b...561e,https://bscscan.com/tx/0x9969a7ae99f3a534a46e92f18085e28ecf1cef9a1531492cc643a9daa033cb72
2023-03-30 19:21:39,False,3.294e-05,1.047e-08,27000.0,0.0028,0x5b...561e,https://bscscan.com/tx/0x9969a7ae99f3a534a46e92f18085e28ecf1cef9a1531492cc643a9daa033cb72
2023-03-30 19:20:21,False,3.311e-05,1.048e-08,9970000.0,1.04496,0x78...39b8,https://bscscan.com/tx/0xb27917df0a8376ed9c57ca9968ca7affa126f1167ca7ba41ccfe7674bae7d6a8
2023-03-30 19:20:21,False,3.311e-05,1.048e-08,21018.9,0.0022,0x78...39b8,https://bscscan.com/tx/0xb27917df0a8376ed9c57ca9968ca7affa126f1167ca7ba41ccfe7674bae7d6a8
2023-03-30 19:19:24,True,3.328e-05,1.053e-08,2657918.0,0.28,0xfe...1e0f,https://bscscan.com/tx/0xf71e6881cc535061dbcf277510a4eda9ab1536f157a1c53ec501274cfe714de7
2023-03-30 19:19:09,False,3.295e-05,1.048e-08,5111475.0,0.5358,0x05...7066,https://bscscan.com/tx/0xf91fa969315760e8a242b0e8d4d27b9b04ddef7b5b650b19852ef46657ef2976
2023-03-30 19:19:09,False,3.295e-05,1.048e-08,34683.6,0.0036,0x05...7066,https://bscscan.com/tx/0xf91fa969315760e8a242b0e8d4d27b9b04ddef7b5b650b19852ef46657ef2976
2023-03-30 19:19:00,False,3.295e-05,1.048e-08,12807233.0,1.34278,0x05...7066,https://bscscan.com/tx/0x41183271433a1295122ad3aeabadf6658b5adf8ba166828905c3d60d853dd9cd
2023-03-30 19:19:00,False,3.296e-05,1.048e-08,94948.9,0.0099,0x05...7066,https://bscscan.com/tx/0x41183271433a1295122ad3aeabadf6658b5adf8ba166828905c3d60d853dd9cd
2023-03-30 19:18:39,False,3.314e-05,1.049e-08,35060776.0,3.67806,0x05...7066,https://bscscan.com/tx/0x9de9f1706c96be65e6ef8850bcc45ba395a8662c3791e68df57ce280951d4006
2023-03-30 19:18:39,False,3.315e-05,1.049e-08,2889.52,3.032e-05,0x05...7066,https://bscscan.com/tx/0x9de9f1706c96be65e6ef8850bcc45ba395a8662c3791e68df57ce280951d4006
2023-03-30 19:17:45,False,3.317e-05,1.049e-08,1066982.0,0.1119,0x12...1161,https://bscscan.com/tx/0x2280b103feb773207e504668a2366ceb4b5eb5439b9676910f132b30ab161a74
2023-03-30 19:17:45,False,3.317e-05,1.049e-08,82422.2,0.0086,0x12...1161,https://bscscan.com/tx/0x2280b103feb773207e504668a2366ceb4b5eb5439b9676910f132b30ab161a74
2023-03-30 19:17:42,False,3.318e-05,1.049e-08,30435156.0,3.19539,0xc9...80d8,https://bscscan.com/tx/0x3ce359c549b3a7d1d89d77815c7c5c3c2e82a14062861aa8a942de64be11084d
2023-03-30 19:17:42,False,3.319e-05,1.05e-08,86560.1,0.009,0xc9...80d8,https://bscscan.com/tx/0x3ce359c549b3a7d1d89d77815c7c5c3c2e82a14062861aa8a942de64be11084d
2023-03-30 19:17:33,True,3.336e-05,1.055e-08,1675959.0,0.1769,0x76...79c8,https://bscscan.com/tx/0x1475720779ed2165ca2e3c760e4c04d8a2c860aab5bb71e5c0e3e6c66694a39d
2023-03-30 19:17:30,False,3.319e-05,1.05e-08,30292202.0,3.18256,0xc0...1f4f,https://bscscan.com/tx/0xea593c16fc3cb4be00c9837ae1cc5fb002d734932481d289053def9c8dbda41c
2023-03-30 19:17:30,False,3.32e-05,1.051e-08,86937.3,0.0091,0xc0...1f4f,https://bscscan.com/tx/0xea593c16fc3cb4be00c9837ae1cc5fb002d734932481d289053def9c8dbda41c
2023-03-30 19:17:15,True,3.318e-05,1.056e-08,2100000.0,0.2218,0xe3...2b03,https://bscscan.com/tx/0x64a22e61e25c4dab3bdb5b34e98b048a77f3d64e43745b7fbe87c854c2ee5f81
2023-03-30 19:17:12,True,3.318e-05,1.056e-08,109000.0,0.0115,0x3e...15b2,https://bscscan.com/tx/0x056b641d822656f6e522620f955540f763af8e94279f43b545afb1d3b9a7da21
2023-03-30 19:17:06,False,3.303e-05,1.051e-08,29900029.0,3.14346,0x20...946b,https://bscscan.com/tx/0x1cc37b4e75fcbcb07a3f9d74b5407e565dc640a3c2383761195f3b69ed96c57f
2023-03-30 19:17:06,False,3.304e-05,1.051e-08,112495.0,0.0118,0x20...946b,https://bscscan.com/tx/0x1cc37b4e75fcbcb07a3f9d74b5407e565dc640a3c2383761195f3b69ed96c57f
2023-03-30 19:14:42,False,3.306e-05,1.052e-08,30249967.0,3.18254,0xc0...1f4f,https://bscscan.com/tx/0x42b97c0ec015d727f3edfcc669835a1f6ad76180ac20bc432928b3bc7df39a2f
2023-03-30 19:14:42,False,3.307e-05,1.052e-08,80973.0,0.0085,0xc0...1f4f,https://bscscan.com/tx/0x42b97c0ec015d727f3edfcc669835a1f6ad76180ac20bc432928b3bc7df39a2f
2023-03-30 19:14:30,False,3.325e-05,1.052e-08,29900029.0,3.14799,0x20...946b,https://bscscan.com/tx/0x339f9aaf4917eabd8a82a666b00da483a6ce83843d6050dab7a97f38641975e6
2023-03-30 19:14:30,False,3.326e-05,1.053e-08,27000.0,0.0028,0x20...946b,https://bscscan.com/tx/0x339f9aaf4917eabd8a82a666b00da483a6ce83843d6050dab7a97f38641975e6
2023-03-30 19:13:21,False,3.326e-05,1.053e-08,9970000.0,1.05018,0x78...39b8,https://bscscan.com/tx/0x07ec41ce864e1f3f59a0f615064fe1491e4b3d83aa3703f866218b82dd27b4c4
2023-03-30 19:13:21,False,3.327e-05,1.053e-08,80973.0,0.0085,0x78...39b8,https://bscscan.com/tx/0x07ec41ce864e1f3f59a0f615064fe1491e4b3d83aa3703f866218b82dd27b4c4
2023-03-30 19:12:42,False,3.327e-05,1.053e-08,29900029.0,3.151,0x20...946b,https://bscscan.com/tx/0x19a25410b339a249c64dc9411c41d221e6a9ecc40174b41f7f100362699a7213
2023-03-30 19:12:42,False,3.328e-05,1.054e-08,5756.04,6.068e-05,0x20...946b,https://bscscan.com/tx/0x19a25410b339a249c64dc9411c41d221e6a9ecc40174b41f7f100362699a7213
2023-03-30 19:10:45,False,3.311e-05,1.054e-08,2125472.0,0.224,0x9b...d3d0,https://bscscan.com/tx/0xbb0cdcd0762aaba790ff824eb03e03469725c326c2e7381f31454020be2e392e
2023-03-30 19:10:45,False,3.312e-05,1.054e-08,8963.75,9.45e-05,0x9b...d3d0,https://bscscan.com/tx/0xbb0cdcd0762aaba790ff824eb03e03469725c326c2e7381f31454020be2e392e
2023-03-30 19:10:15,False,3.328e-05,1.054e-08,3309946.0,0.3489,0x56...15f2,https://bscscan.com/tx/0xc89f7314ee9985cd969e0bd3830174de4cbed3769b7783e1d3daeec51574f616
2023-03-30 19:10:15,False,3.328e-05,1.054e-08,1134.93,1.196e-05,0x56...15f2,https://bscscan.com/tx/0xc89f7314ee9985cd969e0bd3830174de4cbed3769b7783e1d3daeec51574f616
2023-03-30 19:09:51,False,3.329e-05,1.054e-08,419082.0,0.0441,0x7b...0eff,https://bscscan.com/tx/0x8dbd6e6ef876a1ac7433c11bf473ac6fb6a12525983621a00d65b2375a25a784
2023-03-30 19:09:51,False,3.329e-05,1.054e-08,27000.0,0.0028,0x7b...0eff,https://bscscan.com/tx/0x8dbd6e6ef876a1ac7433c11bf473ac6fb6a12525983621a00d65b2375a25a784
2023-03-30 19:05:27,False,3.31e-05,1.054e-08,9970000.0,1.05133,0x4b...b912,https://bscscan.com/tx/0xdc7d3e6a1ba3be1b0507221a077edcd1cf2dfc2ae0cee6a7648d4e319e61c2a9
2023-03-30 19:05:27,False,3.31e-05,1.054e-08,27000.0,0.0028,0x4b...b912,https://bscscan.com/tx/0xdc7d3e6a1ba3be1b0507221a077edcd1cf2dfc2ae0cee6a7648d4e319e61c2a9
2023-03-30 19:04:36,False,3.31e-05,1.054e-08,9970000.0,1.05158,0x78...39b8,https://bscscan.com/tx/0x8798214a30cc8696a16cb5afd6de6a1df136f99b2d31cc6ec9bf16a104847bd6
2023-03-30 19:04:36,False,3.311e-05,1.054e-08,18134.5,0.0019,0x78...39b8,https://bscscan.com/tx/0x8798214a30cc8696a16cb5afd6de6a1df136f99b2d31cc6ec9bf16a104847bd6
2023-03-30 19:04:06,True,3.344e-05,1.06e-08,4716497.0,0.5,0xf8...8707,https://bscscan.com/tx/0xa7e504fc0dcaf54cfe95a8582cd76fd33b5f7d8fb004470026715dff8272485e
2023-03-30 19:03:51,False,3.31e-05,1.054e-08,1994000.0,0.2103,0xea...e8a7,https://bscscan.com/tx/0x6e3c2c53f9a8e84d7833f7b800f232c66dbd576826280ee4d4e9f17d5b8da397
2023-03-30 19:03:51,False,3.31e-05,1.054e-08,5919.22,6.243e-05,0xea...e8a7,https://bscscan.com/tx/0x6e3c2c53f9a8e84d7833f7b800f232c66dbd576826280ee4d4e9f17d5b8da397
2023-03-30 19:03:36,True,3.344e-05,1.06e-08,1965682.0,0.2083,0x94...451b,https://bscscan.com/tx/0x0f29bee1af03653d31129a5b52e93f1185f172c3afe46d7bbed69fa4bca7ab21
2023-03-30 19:03:33,True,3.343e-05,1.06e-08,76505.9,0.0081,0xb2...f9b5,https://bscscan.com/tx/0x79c39c97cdde81b724ceb7b37b2f5df197aa09ec41f136608993b13c5978675e
2023-03-30 19:02:57,False,3.329e-05,1.054e-08,149665.0,0.0157,0x83...f5ee,https://bscscan.com/tx/0x75f827dea4d4747791d0eeb4c0ed0497d1efeebe1e7a2151fa97d8724cb0d842
2023-03-30 19:02:57,False,3.329e-05,1.054e-08,50965.2,0.0053,0x83...f5ee,https://bscscan.com/tx/0x75f827dea4d4747791d0eeb4c0ed0497d1efeebe1e7a2151fa97d8724cb0d842
2023-03-30 19:02:00,True,3.329e-05,1.059e-08,15535909.0,1.64658,0x5d...12b6,https://bscscan.com/tx/0x672fd7372fb3fd38f8fed7c4ae3e0b8816e8b6b6b7c1ffc790ad0e61b8e7af07
2023-03-30 19:01:24,True,3.344e-05,1.059e-08,600000.0,0.0635,0xcc...f7f7,https://bscscan.com/tx/0x9109e0e945e0848a852daa4e65e5db46165ce4754981d67d163394560eb43d76
2023-03-30 19:00:45,False,3.326e-05,1.054e-08,2731856.0,0.288,0x65...53a4,https://bscscan.com/tx/0xe558f89148164cf760a548ca942fb6f88ff2cbe06b07a25d502dc78c02703e0e
2023-03-30 19:00:45,False,3.326e-05,1.054e-08,766.85,8.085e-06,0x65...53a4,https://bscscan.com/tx/0xe558f89148164cf760a548ca942fb6f88ff2cbe06b07a25d502dc78c02703e0e
2023-03-30 18:59:36,False,3.31e-05,1.054e-08,283167.0,0.0298,0x3c...5338,https://bscscan.com/tx/0x80692151d45f05c9930485590d86c8224960543987c097547e6af79faad21bc4
2023-03-30 18:59:36,False,3.31e-05,1.054e-08,8100.0,8.54e-05,0x3c...5338,https://bscscan.com/tx/0x80692151d45f05c9930485590d86c8224960543987c097547e6af79faad21bc4
2023-03-30 18:59:06,False,3.327e-05,1.054e-08,2991000.0,0.3153,0x5a...3c05,https://bscscan.com/tx/0x10e7e26586295238afb60cef84cb75d789227561aff7f38af860ac1745f38db0
2023-03-30 18:59:06,False,3.327e-05,1.054e-08,47798.9,0.005,0x5a...3c05,https://bscscan.com/tx/0x10e7e26586295238afb60cef84cb75d789227561aff7f38af860ac1745f38db0
2023-03-30 18:57:15,True,3.326e-05,1.059e-08,16327087.0,1.73,0xcd...c3b0,https://bscscan.com/tx/0x185a46860ca3615d81a0aefbcdd007532604711144cc55fc2c163bc13de692f5
2023-03-30 18:57:03,True,3.342e-05,1.059e-08,468931.0,0.0496,0x5f...7153,https://bscscan.com/tx/0xcefd25c5328bbd93ba2e97a57489a2068a32d7fe6e588707364c5c1fc80bd57e
2023-03-30 18:55:39,False,3.325e-05,1.054e-08,904561.0,0.0953,0x96...8fe5,https://bscscan.com/tx/0x964393a95c3756665919596155c5372dfd4c918548beea1463c5905e032f9486
2023-03-30 18:55:39,False,3.325e-05,1.054e-08,3142.8,3.312e-05,0x96...8fe5,https://bscscan.com/tx/0x964393a95c3756665919596155c5372dfd4c918548beea1463c5905e032f9486
2023-03-30 18:55:21,False,3.325e-05,1.054e-08,1160508.0,0.1223,0xb8...ca46,https://bscscan.com/tx/0x75c3a765ce93eb00a77584702861fc9da8e67912afea5bf2a2c62ff7eac25c2b
2023-03-30 18:55:21,False,3.325e-05,1.054e-08,810.0,8.538e-06,0xb8...ca46,https://bscscan.com/tx/0x75c3a765ce93eb00a77584702861fc9da8e67912afea5bf2a2c62ff7eac25c2b
2023-03-30 18:54:30,False,3.326e-05,1.054e-08,299100.0,0.0315,0x94...82e6,https://bscscan.com/tx/0x941a390d98827f2af68554bf186b041334d23ec1e9ec551a37d5a4ea32524d07
2023-03-30 18:54:30,False,3.326e-05,1.054e-08,27808.4,0.0029,0x94...82e6,https://bscscan.com/tx/0x941a390d98827f2af68554bf186b041334d23ec1e9ec551a37d5a4ea32524d07
2023-03-30 18:53:54,True,3.342e-05,1.059e-08,299405.0,0.0317,0xe0...ac58,https://bscscan.com/tx/0xe02c337e22ca3fadd6dc17b834e601d3fa479a0d2250180908bf29f8da6b77af
2023-03-30 18:53:30,False,3.309e-05,1.054e-08,9970000.0,1.0511,0x78...39b8,https://bscscan.com/tx/0x4edbb2c613ed9b138ca3ad2cbd0edf21cc98773993e32997b2f30ad4ca8a2b59
2023-03-30 18:53:30,False,3.309e-05,1.054e-08,2507.52,2.643e-05,0x78...39b8,https://bscscan.com/tx/0x4edbb2c613ed9b138ca3ad2cbd0edf21cc98773993e32997b2f30ad4ca8a2b59
2023-03-30 18:52:51,True,3.326e-05,1.059e-08,66871.1,0.007,0x06...42e6,https://bscscan.com/tx/0x002f4ecf612622b55bf788706974f228353e9cfdd4cc6244fc6162895e102e8b
2023-03-30 18:51:39,False,3.326e-05,1.054e-08,859256.0,0.0906,0xa1...9fed,https://bscscan.com/tx/0xc464bca1059300e425e5105cfe38fd4517582c68886e3fc63b255e7dbfeee6b8
2023-03-30 18:51:39,False,3.326e-05,1.054e-08,66992.5,0.007,0xa1...9fed,https://bscscan.com/tx/0xc464bca1059300e425e5105cfe38fd4517582c68886e3fc63b255e7dbfeee6b8
2023-03-30 18:49:42,True,3.341e-05,1.059e-08,15101386.0,1.6,0xf9...c4f3,https://bscscan.com/tx/0xc03fa633c7a517e03a30d9cfd2787b63fe5a867e105006252d6da0b1673251a8
2023-03-30 18:49:06,True,3.34e-05,1.059e-08,5003539.0,0.53,0x32...7b09,https://bscscan.com/tx/0x76928decd50e1468fe3c70e6506335db59cdabbce1a64ea8716ebe428754cd9e
2023-03-30 18:48:30,False,3.307e-05,1.053e-08,4693004.0,0.4946,0x38...6d49,https://bscscan.com/tx/0xe6bb424d780ffdee3f120760a4b3b2be1981353abe44b7e113555237276536d4
2023-03-30 18:48:30,False,3.307e-05,1.054e-08,5670.0,5.976e-05,0x38...6d49,https://bscscan.com/tx/0xe6bb424d780ffdee3f120760a4b3b2be1981353abe44b7e113555237276536d4
2023-03-30 18:47:21,True,3.324e-05,1.059e-08,100000.0,0.0105,0x8b...6d63,https://bscscan.com/tx/0xbfb34888fa22d5913fd8ffb2e571731a2d6b9da87f3c48a5fd972081697f1ab2
2023-03-30 18:45:33,False,3.308e-05,1.054e-08,1994000.0,0.2101,0x78...39b8,https://bscscan.com/tx/0x6fbae89d41150c46ca26a26f138faa7ca9dd6d86dda8c2f57204b7d39b35b9bd
2023-03-30 18:45:33,False,3.308e-05,1.054e-08,8849.4,9.327e-05,0x78...39b8,https://bscscan.com/tx/0x6fbae89d41150c46ca26a26f138faa7ca9dd6d86dda8c2f57204b7d39b35b9bd
2023-03-30 18:45:06,True,3.342e-05,1.059e-08,2709286.0,0.287,0x7d...dd07,https://bscscan.com/tx/0x92ad40a8fc7b2aab2347eb010eb165fac18244d5c056e612e81ec416a6257ee3
2023-03-30 18:43:24,False,3.325e-05,1.054e-08,566563.0,0.0597,0x4c...8b32,https://bscscan.com/tx/0xbd1bb56980f3880f172e17e0208ae2431b694a7c869dd6a6532005e9e85f5410
2023-03-30 18:43:24,False,3.325e-05,1.054e-08,1755.0,1.849e-05,0x4c...8b32,https://bscscan.com/tx/0xbd1bb56980f3880f172e17e0208ae2431b694a7c869dd6a6532005e9e85f5410
2023-03-30 18:42:51,False,3.308e-05,1.054e-08,648050.0,0.0683,0xe2...8b2d,https://bscscan.com/tx/0x447fe346dfd0a6ac6b403672b064958f45131fd0b2f59588909d5d02065f44ee
2023-03-30 18:42:51,False,3.308e-05,1.054e-08,8311.35,8.76e-05,0xe2...8b2d,https://bscscan.com/tx/0x447fe346dfd0a6ac6b403672b064958f45131fd0b2f59588909d5d02065f44ee
2023-03-30 18:32:33,True,3.324e-05,1.059e-08,1090661.0,0.1155,0x25...fef7,https://bscscan.com/tx/0x845106ea710d9b7fe23861472c3ecafff45951ca00c2e03d281f422fcf8670e6
2023-03-30 18:31:30,False,3.307e-05,1.054e-08,1645050.0,0.1733,0x88...aae8,https://bscscan.com/tx/0x8c1ce92e2f2e29a80a1e8dea2bde9edbd09a87cec2db02627dce53f69cf0720e
2023-03-30 18:31:30,False,3.307e-05,1.054e-08,18834.2,0.0019,0x88...aae8,https://bscscan.com/tx/0x8c1ce92e2f2e29a80a1e8dea2bde9edbd09a87cec2db02627dce53f69cf0720e
2023-03-30 18:27:09,True,3.323e-05,1.059e-08,1292098.0,0.1368,0x2a...e55a,https://bscscan.com/tx/0x2b9715907575daafed5b424aa6e8f841e56186478eea3fe704c45b15581193f2
2023-03-30 18:27:03,True,3.322e-05,1.059e-08,1683548.0,0.1783,0xa4...9e71,https://bscscan.com/tx/0x5dbd6f1012f62d259458766dcfa1f34967840c7bacc22e852f5c0dd98e69336e
2023-03-30 18:26:51,False,3.323e-05,1.054e-08,3988000.0,0.4203,0xb3...bfaa,https://bscscan.com/tx/0x6277be5fa564544cda71b6320c7ada476e0fe46a7100825916d5bf2e549a1e49
2023-03-30 18:26:51,False,3.323e-05,1.054e-08,27073.9,0.0028,0xb3...bfaa,https://bscscan.com/tx/0x6277be5fa564544cda71b6320c7ada476e0fe46a7100825916d5bf2e549a1e49
2023-03-30 18:23:45,False,3.309e-05,1.054e-08,9997294.0,1.05391,0x79...df78,https://bscscan.com/tx/0x26175077ce52d2bb3733fdda235fde91a9827ea78ab81a5a115cafcbe01799b3
2023-03-30 18:23:45,False,3.309e-05,1.054e-08,132656.0,0.0139,0x79...df78,https://bscscan.com/tx/0x26175077ce52d2bb3733fdda235fde91a9827ea78ab81a5a115cafcbe01799b3
2023-03-30 18:20:36,False,3.311e-05,1.054e-08,48984585.0,5.16758,0x8f...5213,https://bscscan.com/tx/0xd1f4977fc608cbc0ee7d6939175c41dfb5b3cd4e9201e3b447103878d2ad6ee8
2023-03-30 18:20:36,False,3.313e-05,1.055e-08,33040.4,0.0034,0x8f...5213,https://bscscan.com/tx/0xd1f4977fc608cbc0ee7d6939175c41dfb5b3cd4e9201e3b447103878d2ad6ee8
2023-03-30 18:18:18,True,3.346e-05,1.06e-08,571370.0,0.0606,0x7c...844e,https://bscscan.com/tx/0xb9089ad1824aae42ec9835d10c5e4e9102424af4220169a235fb492eae799e4f
2023-03-30 18:17:12,True,3.329e-05,1.06e-08,1413995.0,0.15,0xa8...8a78,https://bscscan.com/tx/0x5b8438d8a4f54559a67d647f5bb6d049f302fbf3cc2f777c1bd975a66332f0e1
2023-03-30 18:16:03,False,3.313e-05,1.055e-08,10221050.0,1.07897,0xbc...0072,https://bscscan.com/tx/0x640c6b55a6a87c9de6bcae81efba80e54b27575cab686c6f3a05e7fd40bcd9df
2023-03-30 18:16:03,False,3.313e-05,1.055e-08,184341.0,0.0194,0xbc...0072,https://bscscan.com/tx/0x640c6b55a6a87c9de6bcae81efba80e54b27575cab686c6f3a05e7fd40bcd9df
2023-03-30 18:15:15,False,3.332e-05,1.056e-08,68069536.0,7.19245,0x84...1bee,https://bscscan.com/tx/0xfb8fff696e49c209cefbc681cfd48f926b572398e4ff05a610edb5156e639edf
2023-03-30 18:15:15,False,3.335e-05,1.057e-08,7066.43,7.472e-05,0x84...1bee,https://bscscan.com/tx/0xfb8fff696e49c209cefbc681cfd48f926b572398e4ff05a610edb5156e639edf
2023-03-30 18:14:51,False,3.335e-05,1.057e-08,2609346.0,0.2759,0xd4...b5b5,https://bscscan.com/tx/0x29ef17e8d90614c52d1bed574a8868861b4591bdb707ab02a09247a028da396d
2023-03-30 18:14:51,False,3.335e-05,1.057e-08,2754.0,2.912e-05,0xd4...b5b5,https://bscscan.com/tx/0x29ef17e8d90614c52d1bed574a8868861b4591bdb707ab02a09247a028da396d
2023-03-30 18:10:33,False,3.338e-05,1.057e-08,1016941.0,0.1075,0xa8...8a78,https://bscscan.com/tx/0xef2a2a46e12db3c68406c130c7e7c04450fdef8b46f6c9b9dfa36684e882fd87
2023-03-30 18:10:33,False,3.338e-05,1.057e-08,810.0,8.566e-06,0xa8...8a78,https://bscscan.com/tx/0xef2a2a46e12db3c68406c130c7e7c04450fdef8b46f6c9b9dfa36684e882fd87
2023-03-30 18:09:09,False,3.338e-05,1.057e-08,299100.0,0.0316,0xc1...3ce4,https://bscscan.com/tx/0xb8f10f33e4a32e8ef701e650503dfe1f8f8fdd3e6a3aca5122105a7e181df4c0
2023-03-30 18:09:09,False,3.338e-05,1.057e-08,483.597,5.114e-06,0xc1...3ce4,https://bscscan.com/tx/0xb8f10f33e4a32e8ef701e650503dfe1f8f8fdd3e6a3aca5122105a7e181df4c0
2023-03-30 18:06:36,True,3.356e-05,1.062e-08,50000.0,0.0053,0xab...df45,https://bscscan.com/tx/0x4f4e7197c9ec9deb578bf053d3107ba1c17a316a98a920e01de2463253326b3e
2023-03-30 18:03:42,False,3.332e-05,1.057e-08,128723.0,0.0136,0xca...1ad1,https://bscscan.com/tx/0x669d5ebb2538c05b85f392e0b9002ca7ca4aaedcc6e2fbf90bd3799f536f3461
2023-03-30 18:03:42,False,3.332e-05,1.057e-08,4268.33,4.514e-05,0xca...1ad1,https://bscscan.com/tx/0x669d5ebb2538c05b85f392e0b9002ca7ca4aaedcc6e2fbf90bd3799f536f3461
2023-03-30 18:02:54,False,3.349e-05,1.057e-08,1576119.0,0.1666,0x87...9910,https://bscscan.com/tx/0x6f1801818b1899b473ef26059e665b46265a2241e6569b4b994913e4adc914e3
2023-03-30 18:02:54,False,3.349e-05,1.057e-08,4274.13,4.52e-05,0x87...9910,https://bscscan.com/tx/0x6f1801818b1899b473ef26059e665b46265a2241e6569b4b994913e4adc914e3
2023-03-30 18:01:48,True,3.349e-05,1.062e-08,1300000.0,0.1381,0x55...757d,https://bscscan.com/tx/0xcc2e0b5567432f44d3bf89cdc3f4bb4c74defceee9ed269e6b7abb1e8a767b46
2023-03-30 17:59:03,False,3.332e-05,1.057e-08,282161.0,0.0298,0xb6...60e5,https://bscscan.com/tx/0x859c921e657080b25015134f5a0aa184c5e1eb0d6919f59d44e338e10abab7eb
2023-03-30 17:59:03,False,3.332e-05,1.057e-08,20600.2,0.0021,0xb6...60e5,https://bscscan.com/tx/0x859c921e657080b25015134f5a0aa184c5e1eb0d6919f59d44e338e10abab7eb
2023-03-30 17:58:21,True,3.349e-05,1.062e-08,1001972.0,0.1065,0x88...c58a,https://bscscan.com/tx/0x1057c9aa4214345460ff5b0a5a3e006e46d30cec71c56179fe21cd72ba028fd9
2023-03-30 17:56:36,True,3.365e-05,1.062e-08,6400940.0,0.6803,0xa9...e1c9,https://bscscan.com/tx/0x11aa4f5de7e5deee48caef702e8c537f14e6189344367e100c24c8f5a14c66b8
2023-03-30 17:52:33,False,3.348e-05,1.057e-08,226105.0,0.0239,0xeb...08e9,https://bscscan.com/tx/0x0eab40a19e745186089493f56159368cb1222fd507e333bdfa1560c7ee2c467a
2023-03-30 17:52:33,False,3.348e-05,1.057e-08,46069.3,0.0048,0xeb...08e9,https://bscscan.com/tx/0x0eab40a19e745186089493f56159368cb1222fd507e333bdfa1560c7ee2c467a
2023-03-30 17:52:30,True,3.348e-05,1.062e-08,2967814.0,0.3153,0x20...c024,https://bscscan.com/tx/0xd97422afe269f6d0c2b8b4e5a6237a26af8a0a19134e969dfa99136084973110
2023-03-30 17:52:24,True,3.348e-05,1.062e-08,287500.0,0.0305,0x5f...5724,https://bscscan.com/tx/0x279afd55d0bebdc7a6bd2ee7675101115c866757e7a88be72bf7c39121260b6f
2023-03-30 17:51:15,True,3.349e-05,1.062e-08,3466846.0,0.3683,0xe5...3c35,https://bscscan.com/tx/0x9bd2d99c57e931b07e66e5eb19bf0f5f697095bb61839211c6e2aa902ce7fe47
2023-03-30 17:49:57,True,3.348e-05,1.062e-08,2377841.0,0.2526,0x6e...797c,https://bscscan.com/tx/0xa8ed08df9bb4c44f5a7eeb1cb3cc1cb7050aaa72355cfe2fbb4954d3e4e0815b
2023-03-30 17:48:54,True,3.366e-05,1.062e-08,350000.0,0.0371,0xbf...678d,https://bscscan.com/tx/0xe09937a742cec5dc1d4fe0f9ef787a6dffb33fea35263fd6da096de93235ca4d
2023-03-30 17:48:48,True,3.365e-05,1.062e-08,1947624.0,0.2069,0xaa...bdeb,https://bscscan.com/tx/0x6793ab145a74a1272a6bf08d5753e485633f71f5a0eac8034768951cfebe884d
2023-03-30 17:44:06,True,3.35e-05,1.062e-08,1035361.0,0.11,0xdd...1f30,https://bscscan.com/tx/0x3358da34fd26b3efb5fbbf9f4a911a79646dda2020e5439bbfb94ea7feb85d6f
2023-03-30 17:43:30,True,3.368e-05,1.062e-08,120706.0,0.0128,0x39...4e9b,https://bscscan.com/tx/0x775e6531479b4233c5b979b931dd4b1e7ed7716c6627aee0570dab58759e6575
2023-03-30 17:43:06,False,3.333e-05,1.057e-08,4495473.0,0.4752,0x14...80be,https://bscscan.com/tx/0xac55cb28361771d7a3b58bedaf2122d3772ef666a1d6d5ebbb078c87ab878ff3
2023-03-30 17:43:06,False,3.333e-05,1.057e-08,3894.21,4.117e-05,0x14...80be,https://bscscan.com/tx/0xac55cb28361771d7a3b58bedaf2122d3772ef666a1d6d5ebbb078c87ab878ff3
2023-03-30 17:39:51,True,3.349e-05,1.062e-08,1184491.0,0.1258,0xa9...2a74,https://bscscan.com/tx/0xe00ae0b36c14b0a87a11868c210a6362aef40ec11cb18783562d65ff16539b64
2023-03-30 17:38:21,True,3.365e-05,1.062e-08,112941.0,0.012,0x04...5467,https://bscscan.com/tx/0xa84950237608d5fdf8645dcf28471054bcf26923a3076334306a2f27cd6a8dc7
2023-03-30 17:37:27,False,3.348e-05,1.057e-08,144432.0,0.0152,0xd5...acec,https://bscscan.com/tx/0x6c0d17fdacb495d4d595b48d1d283b7b8a4afc59f72bc9f00745ba02234e9ea5
2023-03-30 17:37:27,False,3.348e-05,1.057e-08,34950.8,0.0036,0xd5...acec,https://bscscan.com/tx/0x6c0d17fdacb495d4d595b48d1d283b7b8a4afc59f72bc9f00745ba02234e9ea5
2023-03-30 17:35:45,True,3.349e-05,1.062e-08,214644.0,0.0228,0x3f...e31e,https://bscscan.com/tx/0x1a5b82ca399edbcfb1db5cf8865abe3bce9f8e452d78cde0b998c0dd083f8776
2023-03-30 17:33:06,True,3.365e-05,1.062e-08,6212256.0,0.66,0x52...a119,https://bscscan.com/tx/0xa87a9ee822d3573fa7ea876df53615ba7d765dbe53cd85e8723d3fba23c29dc3
2023-03-30 17:33:03,True,3.365e-05,1.062e-08,399182.0,0.0424,0xdc...8d3c,https://bscscan.com/tx/0x54e7680c5fba9209d6d2deb798335c1c3053ae5bb1a3bb1d99ab53f747fa294e
2023-03-30 17:32:00,True,3.348e-05,1.062e-08,84719.8,0.009,0xad...8532,https://bscscan.com/tx/0xa7e0deeba107feb937f4a92b14197df6fe769d6f518c4e2e6be4dbf15bd7a168
2023-03-30 17:30:39,True,3.368e-05,1.062e-08,96476.8,0.0102,0x06...42e6,https://bscscan.com/tx/0x19fab2000a2aced5b41e3b70b7cc61bcb3d526c0d60429f88c2de1dd110c7276
2023-03-30 17:30:00,True,3.352e-05,1.062e-08,1873412.0,0.199,0x3e...50e0,https://bscscan.com/tx/0xe43fd8e446fecbb364f2f2fc73ab0e0549d1f6529cf207008f566dc1a0c76f3a
2023-03-30 17:26:30,False,3.334e-05,1.056e-08,594883.0,0.0628,0x34...a9ee,https://bscscan.com/tx/0x8583ccc69c4a3406dae63bb444615f8ddc26b74a5bd75a0607da89d9c9834628
2023-03-30 17:26:30,False,3.334e-05,1.056e-08,6706.94,7.089e-05,0x34...a9ee,https://bscscan.com/tx/0x8583ccc69c4a3406dae63bb444615f8ddc26b74a5bd75a0607da89d9c9834628
2023-03-30 17:26:24,True,3.35e-05,1.062e-08,37654.5,0.004,0xc7...f72c,https://bscscan.com/tx/0xfd357b31edb137b0055e3cbd2aebb30d5ee1ab603c1b4a075d7843905da5d336
2023-03-30 17:26:21,True,3.35e-05,1.062e-08,37654.6,0.004,0x85...5514,https://bscscan.com/tx/0xb2c6f8a6b64fe036de3238607bc421214aefe0e129f9397cc79941efbda23da5
2023-03-30 17:25:33,False,3.351e-05,1.057e-08,2401518.0,0.2538,0x6e...797c,https://bscscan.com/tx/0x05d0aa7f0d2c3c7edd025bdf565fb942dc3c62d1a3ffd719f627d22bf962a99e
2023-03-30 17:25:33,False,3.351e-05,1.057e-08,3183.65,3.365e-05,0x6e...797c,https://bscscan.com/tx/0x05d0aa7f0d2c3c7edd025bdf565fb942dc3c62d1a3ffd719f627d22bf962a99e
2023-03-30 17:24:27,True,3.368e-05,1.062e-08,200487.0,0.0213,0x06...42e6,https://bscscan.com/tx/0x7517760ac93c89c896e608602af18ee00e80bb0083a065e9b36ab9955a4f6e9a
2023-03-30 17:24:24,True,3.368e-05,1.062e-08,637882.0,0.0677,0x29...e2e7,https://bscscan.com/tx/0x885f718866871ca185aada994d40b4ff387c5bacef247f0d32db9d8d19e0dd50
2023-03-30 17:23:51,True,3.368e-05,1.062e-08,196007.0,0.0208,0x60...2cf8,https://bscscan.com/tx/0xc66b82592378c80ad963adde61c1309af0cd6e05a254e6c807ff1c34dcd8e324
2023-03-30 17:21:31,False,3.334e-05,1.057e-08,144319.0,0.0152,0x06...42e6,https://bscscan.com/tx/0xe52cea177c2cbc28a644e10fc9ab39566f65187aff97e7c47afe9f4f1935962f
2023-03-30 17:21:31,False,3.334e-05,1.057e-08,1538.68,1.626e-05,0x06...42e6,https://bscscan.com/tx/0xe52cea177c2cbc28a644e10fc9ab39566f65187aff97e7c47afe9f4f1935962f
2023-03-30 17:20:55,True,3.367e-05,1.062e-08,56909.2,0.006,0x7d...78d7,https://bscscan.com/tx/0x35da629e7f2a4d288f7e461061b74cd83a149ea9511b08b79b69838416c652c3
2023-03-30 17:19:40,False,3.334e-05,1.057e-08,511432.0,0.054,0x50...9e5b,https://bscscan.com/tx/0x2d3db211024f9e83d65d7281afc40e19c1d37de0476b565f3110f1d12c6178a0
2023-03-30 17:19:40,False,3.334e-05,1.057e-08,16662.0,0.0017,0x50...9e5b,https://bscscan.com/tx/0x2d3db211024f9e83d65d7281afc40e19c1d37de0476b565f3110f1d12c6178a0
2023-03-30 17:18:16,True,3.351e-05,1.062e-08,2086023.0,0.2216,0x5e...e21d,https://bscscan.com/tx/0xa70f1ab29baff398bc5944aa75f665894a12613e48900e9db3ff8804a1756781
2023-03-30 17:17:25,True,3.367e-05,1.062e-08,290051.0,0.0308,0x8d...d226,https://bscscan.com/tx/0x306bf3d7d85acf7e3620e8ba2ea050aa7ab5579ba2aea734fcd43a42835792fd
2023-03-30 17:15:37,True,3.369e-05,1.062e-08,2824216.0,0.3,0xc6...38e1,https://bscscan.com/tx/0x3286e6476c5398e14c62c882acf2d44abfb8bf824d7f48ac052a3eadfea5de5f
2023-03-30 17:12:58,False,3.35e-05,1.056e-08,369709.0,0.039,0x8c...29ee,https://bscscan.com/tx/0xa062beda97345e16f3fd5f3edad920c35162811869ff44f08f5f71d12de9a470
2023-03-30 17:12:58,False,3.35e-05,1.056e-08,30098.4,0.0031,0x8c...29ee,https://bscscan.com/tx/0xa062beda97345e16f3fd5f3edad920c35162811869ff44f08f5f71d12de9a470
2023-03-30 17:12:49,True,3.367e-05,1.062e-08,500177.0,0.0531,0x15...daea,https://bscscan.com/tx/0x8651a43e748573c5dec0e08c5f8cad3d5d79641bef0c4b225f2bdf357d36f187
2023-03-30 17:07:28,False,3.35e-05,1.057e-08,9432179.0,0.997,0xc1...e030,https://bscscan.com/tx/0xa8584e4a3e6e6f73ee2e8214d9f027928c2411d2fc9176a7ca28454b9e35ded3
2023-03-30 17:07:28,False,3.35e-05,1.057e-08,62187.1,0.0065,0xc1...e030,https://bscscan.com/tx/0xa8584e4a3e6e6f73ee2e8214d9f027928c2411d2fc9176a7ca28454b9e35ded3
2023-03-30 17:05:49,False,3.351e-05,1.057e-08,22963156.0,2.42819,0xa8...8f56,https://bscscan.com/tx/0x89b2f2011f613ba1118e23bc03cf7e5e6dd5c749316d43fbaaaecfacdda3a83a
2023-03-30 17:05:49,False,3.351e-05,1.057e-08,6069.11,6.419e-05,0xa8...8f56,https://bscscan.com/tx/0x89b2f2011f613ba1118e23bc03cf7e5e6dd5c749316d43fbaaaecfacdda3a83a
2023-03-30 17:04:34,False,3.352e-05,1.057e-08,2241074.0,0.237,0x59...b70f,https://bscscan.com/tx/0xb00f94b0f869409bd380fdd93adefd63515507cbc54c0bde5bfee1892a3bd85e
2023-03-30 17:04:34,False,3.352e-05,1.057e-08,3487.81,3.689e-05,0x59...b70f,https://bscscan.com/tx/0xb00f94b0f869409bd380fdd93adefd63515507cbc54c0bde5bfee1892a3bd85e
2023-03-30 17:03:16,False,3.336e-05,1.057e-08,1287907.0,0.1362,0xcf...3b77,https://bscscan.com/tx/0xfe0c39cac75e23f9e3b9076bf1163498b34990bbc9892b6d179ad52be8cb1ce2
2023-03-30 17:03:16,False,3.336e-05,1.057e-08,65988.3,0.0069,0xcf...3b77,https://bscscan.com/tx/0xfe0c39cac75e23f9e3b9076bf1163498b34990bbc9892b6d179ad52be8cb1ce2
2023-03-30 17:03:07,False,3.337e-05,1.058e-08,24366788.0,2.5783,0x9c...ed04,https://bscscan.com/tx/0x4454c1cf1410a3f3547dce977c38e49d356656b07477340637dcc74b18804b45
2023-03-30 17:03:07,False,3.338e-05,1.058e-08,17882.5,0.0018,0x9c...ed04,https://bscscan.com/tx/0x4454c1cf1410a3f3547dce977c38e49d356656b07477340637dcc74b18804b45
2023-03-30 17:01:58,True,3.371e-05,1.063e-08,593160.0,0.0631,0x92...7ac0,https://bscscan.com/tx/0xf827e8b0bf5ab9a5fb8c1239ccb7856ac77eb87bbc074fe120891269f13be368
2023-03-30 17:01:04,False,3.338e-05,1.058e-08,6011910.0,0.6363,0x4b...ed8f,https://bscscan.com/tx/0x7e21ecb37d29d81c23d7afd91ce3c0d562f1f3dc0666fc4446d8e155b9a6586b
2023-03-30 17:01:04,False,3.338e-05,1.058e-08,43351.3,0.0045,0x4b...ed8f,https://bscscan.com/tx/0x7e21ecb37d29d81c23d7afd91ce3c0d562f1f3dc0666fc4446d8e155b9a6586b
2023-03-30 17:00:25,True,3.354e-05,1.063e-08,93995.6,0.01,0x95...b8ba,https://bscscan.com/tx/0x7f595cac571c80220527eda7e5d5a67b32e3e01025558ce154ad1d561afbcacb
2023-03-30 16:58:52,False,3.338e-05,1.058e-08,15914160.0,1.68494,0x5d...2328,https://bscscan.com/tx/0x94ca156273ac29a133d3fe422d078d93d5f35b3ba3c768e0ad7469f15c234e27
2023-03-30 16:58:52,False,3.339e-05,1.058e-08,63719.3,0.0067,0x5d...2328,https://bscscan.com/tx/0x94ca156273ac29a133d3fe422d078d93d5f35b3ba3c768e0ad7469f15c234e27
2023-03-30 16:56:19,True,3.356e-05,1.064e-08,7411537.0,0.7887,0x3c...f8e0,https://bscscan.com/tx/0x73958e853dc8086992f1b510d3531d1cdaa45201076448bcab72e7fd17288005
2023-03-30 16:56:10,False,3.339e-05,1.058e-08,15531962.0,1.6448,0x6a...6a5a,https://bscscan.com/tx/0x6687ccf367b1526f862334fa824e02e1ad49cac0ec535efab69f7e82e5639606
2023-03-30 16:56:10,False,3.34e-05,1.059e-08,79921.6,0.0084,0x6a...6a5a,https://bscscan.com/tx/0x6687ccf367b1526f862334fa824e02e1ad49cac0ec535efab69f7e82e5639606
2023-03-30 16:53:19,True,3.372e-05,1.064e-08,29358742.0,3.12412,0x69...9fac,https://bscscan.com/tx/0x123651d8d88479b99a391c1c9222a3c77d4e38c8f5eed1b5c02589316b3e6d26
2023-03-30 16:52:34,False,3.338e-05,1.058e-08,241140.0,0.0255,0x54...2b70,https://bscscan.com/tx/0x98cb615788b30b72d52dfa027cfee46ecd9d8343ca37cae75d60f76cc87201e7
2023-03-30 16:52:34,False,3.338e-05,1.058e-08,48116.3,0.005,0x54...2b70,https://bscscan.com/tx/0x98cb615788b30b72d52dfa027cfee46ecd9d8343ca37cae75d60f76cc87201e7
2023-03-30 16:50:37,False,3.355e-05,1.058e-08,2774914.0,0.2937,0xf8...96c2,https://bscscan.com/tx/0xc14bb74e66c0476c496649d525f6f26e6c152a2e65e2007b1b430490765a5245
2023-03-30 16:50:37,False,3.355e-05,1.058e-08,18663.3,0.0019,0xf8...96c2,https://bscscan.com/tx/0xc14bb74e66c0476c496649d525f6f26e6c152a2e65e2007b1b430490765a5245
2023-03-30 16:45:49,False,3.355e-05,1.058e-08,6801813.0,0.72,0x22...d65a,https://bscscan.com/tx/0x108c6f93df3bfe989f2e98e6497dbc4c6d6ecb0eaf534bedea9c99bf00d3edbd
2023-03-30 16:45:49,False,3.355e-05,1.058e-08,170.701,1.807e-06,0x22...d65a,https://bscscan.com/tx/0x108c6f93df3bfe989f2e98e6497dbc4c6d6ecb0eaf534bedea9c99bf00d3edbd
2023-03-30 16:45:17,False,3.339e-05,1.058e-08,63032.7,0.0066,0xad...97b9,https://bscscan.com/tx/0x2ac90cf2b6808b673df7da208a71733791e9ad8c0330afb145ff89975aa24fe8
2023-03-30 16:45:17,False,3.339e-05,1.058e-08,96501.1,0.0102,0xad...97b9,https://bscscan.com/tx/0x2ac90cf2b6808b673df7da208a71733791e9ad8c0330afb145ff89975aa24fe8
2023-03-30 16:44:25,False,3.34e-05,1.059e-08,35633924.0,3.77413,0xfe...1b4e,https://bscscan.com/tx/0x150e8ca484b2652f465b0957661305bf40bd423b5f659e780bbfe5c97fb0d4cb
2023-03-30 16:44:25,False,3.341e-05,1.059e-08,1733.4,1.836e-05,0xfe...1b4e,https://bscscan.com/tx/0x150e8ca484b2652f465b0957661305bf40bd423b5f659e780bbfe5c97fb0d4cb
2023-03-30 16:41:23,False,3.341e-05,1.059e-08,191424.0,0.0202,0xd1...ef2f,https://bscscan.com/tx/0x81bfdab55a4abd663afb86108e2ff348e50475353655cc9e4415a56d7dd8b940
2023-03-30 16:41:23,False,3.341e-05,1.059e-08,675.1,7.153e-06,0xd1...ef2f,https://bscscan.com/tx/0x81bfdab55a4abd663afb86108e2ff348e50475353655cc9e4415a56d7dd8b940
2023-03-30 16:40:37,False,3.34e-05,1.059e-08,249287.0,0.0264,0x02...0482,https://bscscan.com/tx/0xa2f49d76f06445451c076b61ce46a011c3898ce4ca81352a616449bbc629bdc4
2023-03-30 16:40:37,False,3.34e-05,1.059e-08,19789.9,0.0021,0x02...0482,https://bscscan.com/tx/0xa2f49d76f06445451c076b61ce46a011c3898ce4ca81352a616449bbc629bdc4
2023-03-30 16:40:31,True,3.357e-05,1.064e-08,148201.0,0.0157,0xb3...9d8b,https://bscscan.com/tx/0x0fa2cc401762b7d1a38e1c7ad97fcd7b3cf99c6d3a68e76b2bd79e764265842b
2023-03-30 16:39:52,False,3.356e-05,1.059e-08,7159864.0,0.7587,0xf1...46d4,https://bscscan.com/tx/0xc71d504b37e16091df6aff9770388c14594a0351d322ed49a9acea2fc5a90170
2023-03-30 16:39:52,False,3.356e-05,1.059e-08,30923.7,0.0032,0xf1...46d4,https://bscscan.com/tx/0xc71d504b37e16091df6aff9770388c14594a0351d322ed49a9acea2fc5a90170
2023-03-30 16:38:55,True,3.356e-05,1.065e-08,56332.7,0.006,0x4b...fb84,https://bscscan.com/tx/0x6c50c38a09e182306f56e7b04b6d85858223c4fac3a7c4828237ce8ee8c7883f
2023-03-30 16:37:55,True,3.373e-05,1.065e-08,5708781.0,0.608,0x39...03b1,https://bscscan.com/tx/0x84ff2fa82260dcb6e3f453971b2613d5d8a123a0d6bb2c79e08c146706efb266
2023-03-30 16:37:16,True,3.356e-05,1.064e-08,501514.0,0.0534,0x4b...fb84,https://bscscan.com/tx/0xc146b07d95a020d1ecfbfe930be602f923de1fbf56fe215578f2cd983c77ffe5
2023-03-30 16:37:13,True,3.373e-05,1.064e-08,836974.0,0.0891,0xb7...4f81,https://bscscan.com/tx/0xfa1d1807ed0e66f1aeecd15f579fe39e533837aecc58806c51d6bf4a05e099f6
2023-03-30 16:34:36,True,3.357e-05,1.064e-08,1109269.0,0.1181,0x16...9573,https://bscscan.com/tx/0xf2ae0c589c51eff1528fb97f6876cc4c1867d2571a0fe7dda5022e32e4611294
2023-03-30 16:32:59,False,3.357e-05,1.059e-08,3230616.0,0.3423,0x02...fdf2,https://bscscan.com/tx/0x4b8cecf1d24257422abefd88e19f816e570be2ea387e44a4b2e4881a1943a40b
2023-03-30 16:32:59,False,3.357e-05,1.059e-08,397935.0,0.0421,0x02...fdf2,https://bscscan.com/tx/0x4b8cecf1d24257422abefd88e19f816e570be2ea387e44a4b2e4881a1943a40b
2023-03-30 16:30:38,True,3.353e-05,1.064e-08,100000.0,0.0106,0xa8...8f15,https://bscscan.com/tx/0xa2d71cc2805179ccaba73294cab09e725d43aaed1a471c11ea73d3641b2174fc
2023-03-30 16:29:44,True,3.354e-05,1.064e-08,44493641.0,4.73595,0xa4...eeaa,https://bscscan.com/tx/0x9e5954e78296c6a87c894291bcddfbcbbce35ae3dc2af0bdd4471f7aa658fada
2023-03-30 16:25:50,True,3.369e-05,1.063e-08,360890.0,0.0383,0x00...f95e,https://bscscan.com/tx/0xdcb9eb4f89358d47e4ec625d0335080bf46e2675affc4af72dcf2700797883cb
2023-03-30 16:25:32,True,3.369e-05,1.063e-08,406148.0,0.0432,0xdc...8d3c,https://bscscan.com/tx/0x56dada822ccd39c458a6a3ee3bc7471a504e26018f9ba64833a4e33ec635069d
2023-03-30 16:25:17,True,3.368e-05,1.063e-08,1157823.0,0.1231,0x90...422e,https://bscscan.com/tx/0x3deb872fd9fdde0a1e43f50cff43a72e706bc6a4d4b706af4c4d326bb9916386
2023-03-30 16:23:41,True,3.37e-05,1.063e-08,52133.1,0.0055,0xce...2447,https://bscscan.com/tx/0xe0e2a360fa329e722af95d49fbed32cf2a129b2970b7ab5098f0da8be96e6900
2023-03-30 16:20:50,False,3.341e-05,1.059e-08,99700000.0,10.5657,0xcd...c3b0,https://bscscan.com/tx/0xfe4418f86713c024d44fe4f7bd1949055807398e989d135dc1a04483659fa8d0
2023-03-30 16:20:50,False,3.345e-05,1.061e-08,4146.73,4.399e-05,0xcd...c3b0,https://bscscan.com/tx/0xfe4418f86713c024d44fe4f7bd1949055807398e989d135dc1a04483659fa8d0
2023-03-30 16:18:02,False,3.359e-05,1.061e-08,1531220.0,0.1624,0x1b...e4ce,https://bscscan.com/tx/0x21256b7b5395b5781f6d750d928c368a3e570f579c3919880c77da4183c53dba
2023-03-30 16:18:02,False,3.359e-05,1.061e-08,115052.0,0.0122,0x1b...e4ce,https://bscscan.com/tx/0x21256b7b5395b5781f6d750d928c368a3e570f579c3919880c77da4183c53dba
2023-03-30 16:16:35,False,3.343e-05,1.061e-08,27510156.0,2.91994,0x05...7066,https://bscscan.com/tx/0xf3417011e5ba042f58a710ce53970dca7c810af8377215818694e06bfc1f8ee5
2023-03-30 16:16:35,False,3.345e-05,1.061e-08,65594.9,0.0069,0x05...7066,https://bscscan.com/tx/0xf3417011e5ba042f58a710ce53970dca7c810af8377215818694e06bfc1f8ee5
2023-03-30 16:15:23,False,3.363e-05,1.062e-08,23433075.0,2.48872,0x05...7066,https://bscscan.com/tx/0xba4de989cb57cca114c7ec43fcb251fe65dd6bca785deb77cb4284ae28879f18
2023-03-30 16:15:23,False,3.364e-05,1.062e-08,26940.6,0.0028,0x05...7066,https://bscscan.com/tx/0xba4de989cb57cca114c7ec43fcb251fe65dd6bca785deb77cb4284ae28879f18
2023-03-30 16:15:11,False,3.364e-05,1.062e-08,9948068.0,1.05696,0x05...7066,https://bscscan.com/tx/0x91820272e1685e1d6f3a910c277362e5e98c5350382202c00d966abc774c799e
2023-03-30 16:15:11,False,3.365e-05,1.062e-08,79253.9,0.0084,0x05...7066,https://bscscan.com/tx/0x91820272e1685e1d6f3a910c277362e5e98c5350382202c00d966abc774c799e
2023-03-30 16:14:59,False,3.366e-05,1.062e-08,29265221.0,3.11085,0x05...7066,https://bscscan.com/tx/0x4e22bd3541288b18462b013aa442c694f7edde1f747d0751f29a736cea25c74c
2023-03-30 16:14:59,False,3.367e-05,1.063e-08,81098.9,0.0086,0x05...7066,https://bscscan.com/tx/0x4e22bd3541288b18462b013aa442c694f7edde1f747d0751f29a736cea25c74c
2023-03-30 16:14:41,False,3.368e-05,1.063e-08,29946510.0,3.18554,0xc0...1f4f,https://bscscan.com/tx/0x9daedd0d98f5020baa77c171c1bf1292ec93ad896860e77db615f9d8b8f87fdf
2023-03-30 16:14:41,False,3.369e-05,1.064e-08,28603.3,0.003,0xc0...1f4f,https://bscscan.com/tx/0x9daedd0d98f5020baa77c171c1bf1292ec93ad896860e77db615f9d8b8f87fdf
2023-03-30 16:13:59,True,3.37e-05,1.069e-08,140257.0,0.015,0xfa...d038,https://bscscan.com/tx/0xa9e52dec097ef3888e04d745253c03d21e2588fed525bba29bb6f33897ccd1f7
2023-03-30 16:13:32,False,3.374e-05,1.064e-08,10422190.0,1.10919,0x05...7066,https://bscscan.com/tx/0x567e39eb039971ed2d1adc372c144bea2990f26d982cdeeb979c011c5ee00801
2023-03-30 16:13:32,False,3.375e-05,1.064e-08,41944.0,0.0044,0x05...7066,https://bscscan.com/tx/0x567e39eb039971ed2d1adc372c144bea2990f26d982cdeeb979c011c5ee00801
2023-03-30 16:13:26,False,3.375e-05,1.064e-08,15488215.0,1.64885,0x20...946b,https://bscscan.com/tx/0xf38ced7bfaccef8c2ccfeb95054763ea18dcb2fcc82c7a8646f13ab7eba16047
2023-03-30 16:13:26,False,3.376e-05,1.064e-08,19029.1,0.002,0x20...946b,https://bscscan.com/tx/0xf38ced7bfaccef8c2ccfeb95054763ea18dcb2fcc82c7a8646f13ab7eba16047
2023-03-30 16:13:17,False,3.358e-05,1.064e-08,1584873.0,0.1687,0x6f...477e,https://bscscan.com/tx/0xaebe4a6162052fde33cb5d72bb3be45300079a1e8f972662030e3cb150e09331
2023-03-30 16:13:17,False,3.358e-05,1.064e-08,60697.3,0.0064,0x6f...477e,https://bscscan.com/tx/0xaebe4a6162052fde33cb5d72bb3be45300079a1e8f972662030e3cb150e09331
2023-03-30 16:13:08,True,3.374e-05,1.07e-08,9844139.0,1.05337,0x17...2019,https://bscscan.com/tx/0x93b5141c029d45108e369f82f598aa42b23e6729db5382f4a6991f332b15a692
2023-03-30 16:12:41,False,3.375e-05,1.064e-08,12598418.0,1.3414,0x05...7066,https://bscscan.com/tx/0xf0a48a26db0e8d7c0da5d1cf3a23eccc6055d1b9f06200c87536219984594b8a
2023-03-30 16:12:41,False,3.375e-05,1.064e-08,24094.1,0.0025,0x05...7066,https://bscscan.com/tx/0xf0a48a26db0e8d7c0da5d1cf3a23eccc6055d1b9f06200c87536219984594b8a
2023-03-30 16:09:17,True,3.379e-05,1.07e-08,784243.0,0.0839,0x03...8551,https://bscscan.com/tx/0xca207053f0bab6e1dbc22948fcd2dff70cb83d3f830c6641e157a14a5b94da5c
2023-03-30 16:09:02,True,3.395e-05,1.07e-08,1560588.0,0.167,0xba...4008,https://bscscan.com/tx/0x6ebd12fc1ed9124c34cec0d0fbf9409f9c99a30cfea957277dd1a96898c5a355
2023-03-30 16:08:17,True,3.379e-05,1.07e-08,373770.0,0.04,0xba...4008,https://bscscan.com/tx/0x49ca75e4758533a70ec18d66f94ee388fca291101978074c4f6197292484f94d
2023-03-30 16:08:02,True,3.379e-05,1.07e-08,364416.0,0.039,0xdc...8d3c,https://bscscan.com/tx/0x1230e19c65a775f1ad7d76a6acde7f227ad7a1e2cd610c7136b03b54709c2d54
2023-03-30 16:06:20,True,3.396e-05,1.07e-08,1465178.0,0.1568,0xdc...8d3c,https://bscscan.com/tx/0x8d6e60e0633c7e00a52c67ce51d71c06ec6e7a978c232e9d18f6112b147e5330
2023-03-30 16:05:20,True,3.379e-05,1.07e-08,1775532.0,0.19,0x32...f499,https://bscscan.com/tx/0x093c5ca2328f812eab8b2efdd38a2b7083a69c7ad58da7f944872d7ad2971af6
2023-03-30 16:02:47,False,3.364e-05,1.064e-08,2592200.0,0.276,0xd7...9069,https://bscscan.com/tx/0x69e39aa5d8038eec2bd86bbaaf934314ca69220db532e19cfabdcadf2cf227d5
2023-03-30 16:02:47,False,3.364e-05,1.064e-08,35448.7,0.0037,0xd7...9069,https://bscscan.com/tx/0x69e39aa5d8038eec2bd86bbaaf934314ca69220db532e19cfabdcadf2cf227d5
2023-03-30 16:02:38,True,3.399e-05,1.07e-08,1168081.0,0.125,0x36...2ce6,https://bscscan.com/tx/0x3a4a748468e908e5780ca903cea33727569c762c2d88880858c9d5b0bc915b5d
2023-03-30 16:02:17,True,3.399e-05,1.07e-08,23361.9,0.0025,0xf9...3b6a,https://bscscan.com/tx/0x53cf1e27869caeb19a48c53aad2e1975148bddfb121a660955088a5af6b369d6
2023-03-30 16:01:38,False,3.384e-05,1.064e-08,11901906.0,1.26746,0xa7...feb5,https://bscscan.com/tx/0x6d211f3b105a651ce734c9eb01ef5beeda5253a507d6de590bc3686773655957
2023-03-30 16:01:38,False,3.385e-05,1.065e-08,15013.4,0.0016,0xa7...feb5,https://bscscan.com/tx/0x6d211f3b105a651ce734c9eb01ef5beeda5253a507d6de590bc3686773655957
2023-03-30 15:59:17,True,3.385e-05,1.07e-08,560530.0,0.06,0x40...70ab,https://bscscan.com/tx/0x6ece35871572e2997aed3de763d9b44cbfcf23cffaf9d862ba988c53affc9938
2023-03-30 15:57:50,False,3.385e-05,1.065e-08,4985000.0,0.5309,0xbc...0072,https://bscscan.com/tx/0x0e40d00f050e4bc9d34f0afcf9b1e6ebd7ea19499d3fba2e4da72484ce4e0f1b
2023-03-30 15:57:50,False,3.385e-05,1.065e-08,21754.5,0.0023,0xbc...0072,https://bscscan.com/tx/0x0e40d00f050e4bc9d34f0afcf9b1e6ebd7ea19499d3fba2e4da72484ce4e0f1b
2023-03-30 15:56:56,True,3.385e-05,1.07e-08,600000.0,0.0642,0x32...e33e,https://bscscan.com/tx/0xa62cb24a7fa455f5c17a2e8f2be86c3d608032e51a3c0dcf162bcfcb4cfd5308
2023-03-30 15:52:03,True,3.404e-05,1.07e-08,246871.0,0.0264,0xff...4bd2,https://bscscan.com/tx/0xb707d3336556540c0c07c26d8e9992ac91496ad4d2c9ff5516ebda2f667dfbea
2023-03-30 15:50:52,True,3.404e-05,1.07e-08,467068.0,0.05,0xf4...eda9,https://bscscan.com/tx/0x385b8fdc0fce410dcf18b7c85b78700d2f6296f2e4891915a17510160d097af8
2023-03-30 15:44:28,False,3.37e-05,1.065e-08,797600.0,0.0849,0xad...c85d,https://bscscan.com/tx/0x13a1df6d1710086280a4f7d4b70c058b72244bbedaa6351a4aec19d34224d993
2023-03-30 15:44:28,False,3.37e-05,1.065e-08,97158.0,0.0103,0xad...c85d,https://bscscan.com/tx/0x13a1df6d1710086280a4f7d4b70c058b72244bbedaa6351a4aec19d34224d993
2023-03-30 15:42:34,True,3.402e-05,1.07e-08,34330028.0,3.6736,0xae...0095,https://bscscan.com/tx/0x211130cb4f9d11e5f5e68d7cb0d7f37181869db7d09b63d53467332759fba41e
2023-03-30 15:41:55,True,3.383e-05,1.069e-08,654430.0,0.07,0x17...0334,https://bscscan.com/tx/0xd5135cf997563d1a99f94efb30375633de34721959ab9b29d3cabdf0cb7d0be4
2023-03-30 15:41:34,False,3.383e-05,1.064e-08,997000.0,0.1061,0xfc...1b38,https://bscscan.com/tx/0xcfba3c5be6146aba0b4294d036f51ddd90c90aad390602021f6d733ec73b5688
2023-03-30 15:41:34,False,3.383e-05,1.064e-08,5697.47,6.063e-05,0xfc...1b38,https://bscscan.com/tx/0xcfba3c5be6146aba0b4294d036f51ddd90c90aad390602021f6d733ec73b5688
2023-03-30 15:37:16,True,3.384e-05,1.069e-08,24990.6,0.0026,0x3f...8aba,https://bscscan.com/tx/0x525c62fb36634adc067cf2ca7b5df96bb5601980169fa84b9a5170abc471032c
2023-03-30 15:37:13,True,3.383e-05,1.069e-08,1594425.0,0.1705,0x6f...477e,https://bscscan.com/tx/0x1a3dd14409781ef5d1c468c040a8f768042338a03d19313bf4ab6879d6579fb0
2023-03-30 15:36:19,False,3.384e-05,1.064e-08,489285.0,0.052,0x4c...04e4,https://bscscan.com/tx/0x85cbc3398badf954bc98875d5342972f8e5966c9991030ae204353db2135cdbc
2023-03-30 15:36:19,False,3.384e-05,1.064e-08,381.96,4.065e-06,0x4c...04e4,https://bscscan.com/tx/0x85cbc3398badf954bc98875d5342972f8e5966c9991030ae204353db2135cdbc
2023-03-30 15:34:46,False,3.384e-05,1.064e-08,141042.0,0.015,0x9f...659d,https://bscscan.com/tx/0xd66dd63edfb5b106a65c23638b20084a28f480774fee2bd44c45879e8b01e611
2023-03-30 15:34:46,False,3.384e-05,1.064e-08,8860.56,9.43e-05,0x9f...659d,https://bscscan.com/tx/0xd66dd63edfb5b106a65c23638b20084a28f480774fee2bd44c45879e8b01e611
2023-03-30 15:34:46,False,3.384e-05,1.064e-08,3271843.0,0.3482,0x4f...2b40,https://bscscan.com/tx/0x0b6792e410ef1dab9cfb18dfb0f30a5a187cfe01a083cf61f29b4be8e79e2c37
2023-03-30 15:34:46,False,3.384e-05,1.064e-08,12177.5,0.0013,0x4f...2b40,https://bscscan.com/tx/0x0b6792e410ef1dab9cfb18dfb0f30a5a187cfe01a083cf61f29b4be8e79e2c37
2023-03-30 15:34:31,True,3.401e-05,1.069e-08,306923.0,0.0328,0x2a...784f,https://bscscan.com/tx/0x28990dc27a2403d57bfbf66054bf69b079f83738ca200d43fc40e85ab7c1ace9
2023-03-30 15:34:12,True,3.384e-05,1.069e-08,641241.0,0.0685,0x71...a692,https://bscscan.com/tx/0x4882e17477dca8262bdf1022e017c18afa90fb20ad418fc569c7a247ff148170
2023-03-30 15:33:57,True,3.401e-05,1.069e-08,688084.0,0.0736,0xe3...c089,https://bscscan.com/tx/0x20eb1d4996c6fe8b5e68e1757003bc6bf7d31b2fc9603c36f76f2c762f7f4341
2023-03-30 15:30:54,True,3.401e-05,1.069e-08,373950.0,0.04,0xd6...3df0,https://bscscan.com/tx/0xd5dc039c1cb6f508f03058b70b0604654bbaf3483cdbce0acb3a9608297a11fe
2023-03-30 15:28:09,False,3.367e-05,1.064e-08,2492500.0,0.2652,0x9d...57e1,https://bscscan.com/tx/0xacee6911619fc0a8b728196d15d9dc238ac9d74dcb69440495490c55fcfe24de
2023-03-30 15:28:09,False,3.368e-05,1.064e-08,1632.92,1.738e-05,0x9d...57e1,https://bscscan.com/tx/0xacee6911619fc0a8b728196d15d9dc238ac9d74dcb69440495490c55fcfe24de
2023-03-30 15:25:57,True,3.376e-05,1.067e-08,0.8952,9.576e-09,0x21...5f16,https://bscscan.com/tx/0xb958d6aa5d2e59e911768371fba37b25c2ab4c7737273ddef898337fc16a779a
2023-03-30 15:23:39,False,3.384e-05,1.064e-08,602972.0,0.0641,0x96...0f92,https://bscscan.com/tx/0x1db77232d1c8db064412921c8a9ca6778a6c5218029cfd3b46a6d7bca20a899c
2023-03-30 15:23:39,False,3.384e-05,1.064e-08,3376.16,3.593e-05,0x96...0f92,https://bscscan.com/tx/0x1db77232d1c8db064412921c8a9ca6778a6c5218029cfd3b46a6d7bca20a899c
2023-03-30 15:22:12,True,3.375e-05,1.067e-08,0.9581,1.024e-08,0x21...5f16,https://bscscan.com/tx/0x66582a43e0e4a8bc736b03716a04cf7633e6b75b90b1917962777b4135e1bfba
2023-03-30 15:20:51,True,3.401e-05,1.069e-08,369438.0,0.0395,0xbe...78aa,https://bscscan.com/tx/0x2cf3f8b44c3ba3fb6b5dea5bfcf4b2c15ee563e02cc8138e5454c375ebc2056e
2023-03-30 15:19:33,True,3.401e-05,1.069e-08,186964.0,0.02,0x0e...ee53,https://bscscan.com/tx/0x4385a880f0045aa4516ebab8eac2a2129f3b40d411e3605b9a6bae84997cc5f6
2023-03-30 15:19:12,True,3.401e-05,1.069e-08,120000.0,0.0128,0xd8...1f67,https://bscscan.com/tx/0xe046a7e2bd06dffc662a328f548d3b2ced16dd4a76061c67a3ff9f1a40680065
2023-03-30 15:18:09,False,3.385e-05,1.064e-08,548350.0,0.0583,0xab...1f85,https://bscscan.com/tx/0xbb3d9eb23c9ed88d57b5dbf8446c4a6694b8b53007bd44def9244850c713e8c5
2023-03-30 15:18:09,False,3.385e-05,1.064e-08,40780.8,0.0043,0xab...1f85,https://bscscan.com/tx/0xbb3d9eb23c9ed88d57b5dbf8446c4a6694b8b53007bd44def9244850c713e8c5
2023-03-30 15:17:51,False,3.386e-05,1.064e-08,15058683.0,1.60313,0xb2...fa60,https://bscscan.com/tx/0xb40eb2acb7d13592507106d818f8e52278597b5b7f343d94bbdcf5917d3fa5b8
2023-03-30 15:17:51,False,3.386e-05,1.064e-08,148491.0,0.0158,0xb2...fa60,https://bscscan.com/tx/0xb40eb2acb7d13592507106d818f8e52278597b5b7f343d94bbdcf5917d3fa5b8
2023-03-30 15:17:24,True,3.385e-05,1.069e-08,39640454.0,4.24,0x78...39b8,https://bscscan.com/tx/0xd17ef0d78d3feaca69e90fe04eaec41fd3f768a34ad2a940b4f8330a912132ad
2023-03-30 15:17:09,True,3.382e-05,1.069e-08,2944596.0,0.3148,0x70...2904,https://bscscan.com/tx/0x60df8aa61abb5a91e7e442e067519fd285ec3cb20ff9785f59dbfc004e3e5bf8
2023-03-30 15:16:24,True,3.4e-05,1.069e-08,1216075.0,0.13,0x48...6843,https://bscscan.com/tx/0x1f5895a6b7ceac1d8c6cc675edcc1813c1e7d10837f4b4387a1f7dc51070b5f2
2023-03-30 15:14:12,True,3.384e-05,1.068e-08,748371.0,0.08,0x1a...6b2d,https://bscscan.com/tx/0x1d460b2eaa9f35d4d6b6ebaca27b893f74f4b025ff7c657b5f4d74ffba14856b
2023-03-30 15:12:39,True,3.384e-05,1.068e-08,468511.0,0.05,0x6f...c23f,https://bscscan.com/tx/0xbbc3e17773a7b34abad66457781a5d469fcd2ff719301abc55dbfb430df0792c
2023-03-30 15:11:47,True,3.383e-05,1.068e-08,9355887.0,1.0,0x82...842d,https://bscscan.com/tx/0xfde68ea149fc863f0c9722c2348791d988fd9770a0fb08c5cfcc6a9a1cec5b9b
2023-03-30 15:10:44,False,3.383e-05,1.063e-08,620964.0,0.066,0x7e...c2dd,https://bscscan.com/tx/0x1d1a406b55cfe41ec84233e5f1ddbdc6560d23e03c1c72051ad74900d35a97f4
2023-03-30 15:10:44,False,3.383e-05,1.063e-08,5750.05,6.114e-05,0x7e...c2dd,https://bscscan.com/tx/0x1d1a406b55cfe41ec84233e5f1ddbdc6560d23e03c1c72051ad74900d35a97f4
2023-03-30 15:09:44,True,3.382e-05,1.068e-08,1934413.0,0.2067,0x00...b1ab,https://bscscan.com/tx/0xfb4c43b834fe71dc303763cef7873ad9e61cfc6b0ea2af98902013bfc1a07ac4
2023-03-30 15:09:20,False,3.381e-05,1.063e-08,194649.0,0.0207,0x45...0bda,https://bscscan.com/tx/0x79b6dd358a5d9c0886f78c614b3538a9b33f5404cd13f448a3ad0c570b3dd501
2023-03-30 15:09:20,False,3.381e-05,1.063e-08,810.0,8.613e-06,0x45...0bda,https://bscscan.com/tx/0x79b6dd358a5d9c0886f78c614b3538a9b33f5404cd13f448a3ad0c570b3dd501
2023-03-30 15:08:08,False,3.364e-05,1.063e-08,299100.0,0.0318,0xce...f402,https://bscscan.com/tx/0x998e3ae1f4706068e6e08f79b9732c3d4fe8482c5528fb5c12ccca5ba838f813
2023-03-30 15:08:08,False,3.364e-05,1.063e-08,2700.03,2.871e-05,0xce...f402,https://bscscan.com/tx/0x998e3ae1f4706068e6e08f79b9732c3d4fe8482c5528fb5c12ccca5ba838f813
2023-03-30 15:07:35,False,3.38e-05,1.063e-08,997013.0,0.106,0xf8...7641,https://bscscan.com/tx/0x01de31741b99a47cd2e9921d01aba7a140389ab91eb28b4f6d2e68e12dc089ec
2023-03-30 15:07:35,False,3.38e-05,1.063e-08,16323.1,0.0017,0xf8...7641,https://bscscan.com/tx/0x01de31741b99a47cd2e9921d01aba7a140389ab91eb28b4f6d2e68e12dc089ec
2023-03-30 15:02:41,False,3.362e-05,1.063e-08,3988000.0,0.4241,0x45...e7de,https://bscscan.com/tx/0xf05c1d8f74bf3431fff7d1afbca40809f89d5504d76d2d76eb1b0f9a8c782baa
2023-03-30 15:02:41,False,3.362e-05,1.063e-08,43421.1,0.0046,0x45...e7de,https://bscscan.com/tx/0xf05c1d8f74bf3431fff7d1afbca40809f89d5504d76d2d76eb1b0f9a8c782baa
2023-03-30 15:02:05,True,3.396e-05,1.068e-08,500000.0,0.0534,0x51...def7,https://bscscan.com/tx/0x64e996aed035567f8b84359227c75fef0ab452522d4b80d4b0a8bdc9a8c7c55b
2023-03-30 15:01:23,False,3.379e-05,1.063e-08,2801570.0,0.2979,0x1c...7846,https://bscscan.com/tx/0xea41897ae0970c1ce25d4595a4fa9ddf1d7d82b69d7ed8ff368a021ae2683192
2023-03-30 15:01:23,False,3.379e-05,1.063e-08,70885.6,0.0075,0x1c...7846,https://bscscan.com/tx/0xea41897ae0970c1ce25d4595a4fa9ddf1d7d82b69d7ed8ff368a021ae2683192
2023-03-30 15:00:17,True,3.396e-05,1.068e-08,2771608.0,0.2962,0x4e...d1b0,https://bscscan.com/tx/0x5d4de9c97863f1240e17143f45fb1baadf25c1ced839715dc3c154d3ec3b6ba9
2023-03-30 14:58:35,True,3.396e-05,1.068e-08,467807.0,0.05,0x3b...324e,https://bscscan.com/tx/0x68158d9846b9869b5079a72aecf3499335c4d9b7c0e280d81ff7fd79c5476091
2023-03-30 14:56:23,True,3.379e-05,1.068e-08,184768.0,0.0197,0xe5...264e,https://bscscan.com/tx/0xc0a4ec51ff7ef8a509a0b69c1c76f908691716c4189c83931fdbb6c15815c7d5
2023-03-30 14:54:38,True,3.396e-05,1.068e-08,6328687.0,0.6763,0x5e...c3f8,https://bscscan.com/tx/0xf6d908038bb6b592d1e0737a9926679d6023b93fece88183b661c13a80e860a7
2023-03-30 14:51:23,True,3.378e-05,1.068e-08,2807391.0,0.3,0x3b...324e,https://bscscan.com/tx/0xd7bb63bacace9b1f5070ef68373a9d289021088873e4b958babe846a97b4755e
2023-03-30 14:49:29,False,3.361e-05,1.063e-08,1936363.0,0.2058,0x98...5cd6,https://bscscan.com/tx/0x7ec04b0c6bb667cdd0f2dad619bffff99b1bd6857ddf0185bb86e4c27c66b435
2023-03-30 14:49:29,False,3.361e-05,1.063e-08,20153.6,0.0021,0x98...5cd6,https://bscscan.com/tx/0x7ec04b0c6bb667cdd0f2dad619bffff99b1bd6857ddf0185bb86e4c27c66b435
2023-03-30 14:49:05,True,3.395e-05,1.068e-08,929818.0,0.0993,0xc9...3b70,https://bscscan.com/tx/0x3c1f4ff4bed4a24961093d64372f3a7364d072d47f387e90127a4091a00af3ff
2023-03-30 14:48:47,True,3.395e-05,1.068e-08,357500.0,0.0382,0x0f...b54e,https://bscscan.com/tx/0x7ca77997d68bb99609be6178e89ea59a2cce6b0d79c02a7a71610b70e7f30e17
2023-03-30 14:46:56,True,3.396e-05,1.069e-08,3245188.0,0.3469,0xb6...ca1d,https://bscscan.com/tx/0xfae60e8dc6676902bd6e6d3a83d759dccc5d208b8906a367edf230dd0983978b
2023-03-30 14:46:29,False,3.36e-05,1.063e-08,2922994.0,0.3107,0x19...4785,https://bscscan.com/tx/0x0ccdda37e341f299091547f7d50d582458c4a34a574af22cbd7d6dfbb6964e4b
2023-03-30 14:46:29,False,3.36e-05,1.063e-08,7552.27,8.029e-05,0x19...4785,https://bscscan.com/tx/0x0ccdda37e341f299091547f7d50d582458c4a34a574af22cbd7d6dfbb6964e4b
2023-03-30 14:46:11,False,3.377e-05,1.063e-08,2788744.0,0.2965,0xa6...82e7,https://bscscan.com/tx/0x7bff1a46aa0b5c0a90e219b75352245eb6bdf5b240fb1662b7c3d39e5ef3e548
2023-03-30 14:46:11,False,3.377e-05,1.063e-08,30375.0,0.0032,0xa6...82e7,https://bscscan.com/tx/0x7bff1a46aa0b5c0a90e219b75352245eb6bdf5b240fb1662b7c3d39e5ef3e548
2023-03-30 14:45:23,False,3.377e-05,1.063e-08,11216250.0,1.1928,0xb2...2cf1,https://bscscan.com/tx/0xac82fde58f7e961eda7a682143534c58f00448d76d4315220455d5259ff89b75
2023-03-30 14:45:23,False,3.378e-05,1.063e-08,877.762,9.335e-06,0xb2...2cf1,https://bscscan.com/tx/0xac82fde58f7e961eda7a682143534c58f00448d76d4315220455d5259ff89b75
2023-03-30 14:45:05,False,3.361e-05,1.063e-08,324122.0,0.0344,0xa4...f374,https://bscscan.com/tx/0x911e35b0cf3d1c23e513a3960b17ec5ac3805403080fbb06e987438112a0bded
2023-03-30 14:45:05,False,3.361e-05,1.063e-08,73138.0,0.0077,0xa4...f374,https://bscscan.com/tx/0x911e35b0cf3d1c23e513a3960b17ec5ac3805403080fbb06e987438112a0bded
2023-03-30 14:43:38,False,3.379e-05,1.063e-08,27006867.0,2.87342,0x03...27ef,https://bscscan.com/tx/0x47142dce0cc5b4eff377bba032f960f21101752edd697751caca3a5d83779191
2023-03-30 14:43:38,False,3.38e-05,1.064e-08,94500.0,0.01,0x03...27ef,https://bscscan.com/tx/0x47142dce0cc5b4eff377bba032f960f21101752edd697751caca3a5d83779191
2023-03-30 14:43:02,False,3.364e-05,1.064e-08,34895000.0,3.71545,0x91...46f0,https://bscscan.com/tx/0x2ca6ac2c55baf9f059c516d1e28199f92abbe17cc9b6f24b5e2c1232aabe4b2e
2023-03-30 14:43:02,False,3.366e-05,1.065e-08,6901.54,7.351e-05,0x91...46f0,https://bscscan.com/tx/0x2ca6ac2c55baf9f059c516d1e28199f92abbe17cc9b6f24b5e2c1232aabe4b2e
2023-03-30 14:42:59,False,3.366e-05,1.065e-08,2548458.0,0.2714,0x15...ad11,https://bscscan.com/tx/0xce55d30b8334520a74537db5acfec91d1633372e226a8b4f538932f2c6883339
2023-03-30 14:42:59,False,3.366e-05,1.065e-08,1911.97,2.036e-05,0x15...ad11,https://bscscan.com/tx/0xce55d30b8334520a74537db5acfec91d1633372e226a8b4f538932f2c6883339
2023-03-30 14:42:38,False,3.366e-05,1.065e-08,706011.0,0.0752,0xb1...f1a5,https://bscscan.com/tx/0x0ee95b0a0320efc5368428a97387137b5b108419ad79d12222275b9b59035b77
2023-03-30 14:42:38,False,3.366e-05,1.065e-08,63450.0,0.0067,0xb1...f1a5,https://bscscan.com/tx/0x0ee95b0a0320efc5368428a97387137b5b108419ad79d12222275b9b59035b77
2023-03-30 14:41:35,False,3.384e-05,1.065e-08,23429500.0,2.49661,0x56...e3fe,https://bscscan.com/tx/0x5cfbdbb0fda97592ed61f1ed7fe144ca419ca0d6fb8b027a8863c792baec7640
2023-03-30 14:41:35,False,3.385e-05,1.065e-08,11601.9,0.0012,0x56...e3fe,https://bscscan.com/tx/0x5cfbdbb0fda97592ed61f1ed7fe144ca419ca0d6fb8b027a8863c792baec7640
2023-03-30 14:40:56,True,3.402e-05,1.071e-08,226376.0,0.0242,0x72...faa6,https://bscscan.com/tx/0x9a69419d081f386fecd73b1481c72ef7f9bd805f1545ff042b02b874448cdc03
2023-03-30 14:36:38,True,3.402e-05,1.071e-08,1867060.0,0.2,0x3b...324e,https://bscscan.com/tx/0xd1fdda2c3f08e3aab07c735c682d0a0968ad9984436f8b120eec885052198f95
2023-03-30 14:36:38,True,3.402e-05,1.071e-08,933562.0,0.1,0xcd...b8d7,https://bscscan.com/tx/0x2ddbade641a35df2b64f49fcec9c4bb8645d107621a1047504ff5ec90e0d1bd8
2023-03-30 14:35:08,False,3.368e-05,1.065e-08,1266190.0,0.1349,0xcb...dd7f,https://bscscan.com/tx/0x5827788a28c762d66c2ff570d4ced4ce58821e46ae459b5b19b53c549617c1eb
2023-03-30 14:35:08,False,3.368e-05,1.065e-08,121959.0,0.013,0xcb...dd7f,https://bscscan.com/tx/0x5827788a28c762d66c2ff570d4ced4ce58821e46ae459b5b19b53c549617c1eb
2023-03-30 14:34:47,True,3.385e-05,1.071e-08,1400335.0,0.15,0x3b...324e,https://bscscan.com/tx/0x88a90e9281cbf4dbe36c20d0665bd2a86bafc65d472a9122102caa1f6d0ae171
2023-03-30 14:30:59,True,3.403e-05,1.071e-08,692189.0,0.0741,0xa6...2c68,https://bscscan.com/tx/0x9521f4142a00e532a29971c004de16f2e444af07aac6befa250849c382673cee
2023-03-30 14:28:41,True,3.386e-05,1.071e-08,886918.0,0.095,0xad...e21f,https://bscscan.com/tx/0x1bf76c221b2ccfed90c1fd7d387d898957b40e4f89a6082cb16fb0fb9d174ff4
2023-03-30 14:25:38,True,3.402e-05,1.071e-08,8522802.0,0.9127,0x36...6b9d,https://bscscan.com/tx/0x7b8fbfd2d89db2d7b449265b8219a70b4f01df419e8389c27ad5e113beed8ecd
2023-03-30 14:25:16,False,3.369e-05,1.065e-08,33566728.0,3.57813,0xce...1c2f,https://bscscan.com/tx/0x212da50b75f9008041ef7c56174dd2e1ae5c6afee40390503e27eb964f8b5efb
2023-03-30 14:25:16,False,3.371e-05,1.066e-08,90902.9,0.0096,0xce...1c2f,https://bscscan.com/tx/0x212da50b75f9008041ef7c56174dd2e1ae5c6afee40390503e27eb964f8b5efb
2023-03-30 14:24:51,False,3.389e-05,1.066e-08,33566728.0,3.58103,0xce...1c2f,https://bscscan.com/tx/0xc99e13616ac82071abb0821caebf0b593d4c5499d770162596e252d017adfaaf
2023-03-30 14:24:51,False,3.391e-05,1.067e-08,47834.6,0.0051,0xce...1c2f,https://bscscan.com/tx/0xc99e13616ac82071abb0821caebf0b593d4c5499d770162596e252d017adfaaf
2023-03-30 14:24:36,True,3.408e-05,1.072e-08,1211996.0,0.13,0x3b...324e,https://bscscan.com/tx/0x0bd0f4c2a74c5fad94aca32aa2a1ae039394fa14c197499a20f2cfe894612545
2023-03-30 14:24:34,True,3.408e-05,1.072e-08,1211996.0,0.13,0x3b...324e,https://bscscan.com/tx/0x0bd0f4c2a74c5fad94aca32aa2a1ae039394fa14c197499a20f2cfe894612545
2023-03-30 14:24:23,True,3.408e-05,1.072e-08,298939.0,0.032,0x37...5d6c,https://bscscan.com/tx/0x99f315ed0610f148af71388d4e1240a5f8cdabc916d7854ca4bf2c9669a496c1
2023-03-30 14:24:09,True,3.408e-05,1.072e-08,880446.0,0.0944,0x32...ceee,https://bscscan.com/tx/0x43ffd7c62a9061757b01f2d1bbe2a06bc7918f9f9aa7533a208dba7a5d293deb
2023-03-30 14:24:00,True,3.391e-05,1.072e-08,674923.0,0.0723,0x7f...fd54,https://bscscan.com/tx/0x7cb34d271a06b39d711a18d49d4ddb958c302e2ee0e2568b7af79561e362c8f7
2023-03-30 14:19:55,False,3.393e-05,1.067e-08,14606263.0,1.55904,0xa0...b0df,https://bscscan.com/tx/0xd11d8f6b5dd20463d1d7a34d364930c3133dd12777fab74b2e386f504fdead98
2023-03-30 14:19:55,False,3.393e-05,1.067e-08,59275.4,0.0063,0xa0...b0df,https://bscscan.com/tx/0xd11d8f6b5dd20463d1d7a34d364930c3133dd12777fab74b2e386f504fdead98
2023-03-30 14:19:40,True,3.394e-05,1.072e-08,819569.0,0.0879,0x1e...0e8e,https://bscscan.com/tx/0x4aaf2d96333f8e24d6536b88a0391c9d07c5ac2a584d2e6c2383e515502fb7d6
2023-03-30 14:19:04,False,3.394e-05,1.067e-08,21070888.0,2.24999,0xe1...8fc4,https://bscscan.com/tx/0x8e5232e54fa2165d804dc90618a17c9d80128c5a3af0108e469c8369b68031c9
2023-03-30 14:19:04,False,3.395e-05,1.068e-08,1836.0,1.961e-05,0xe1...8fc4,https://bscscan.com/tx/0x8e5232e54fa2165d804dc90618a17c9d80128c5a3af0108e469c8369b68031c9
2023-03-30 14:17:49,False,3.394e-05,1.068e-08,677960.0,0.0724,0x64...e1bf,https://bscscan.com/tx/0x99f608aed8b8a84d5d28e82fdbe982dcc9f8c7e4b23ebd9afc357e6381b192f8
2023-03-30 14:17:49,False,3.394e-05,1.068e-08,11610.0,0.0012,0x64...e1bf,https://bscscan.com/tx/0x99f608aed8b8a84d5d28e82fdbe982dcc9f8c7e4b23ebd9afc357e6381b192f8
2023-03-30 14:15:10,False,3.394e-05,1.068e-08,4287100.0,0.4579,0x41...3661,https://bscscan.com/tx/0x778df79aa9f9291c0b4cee86ae38ffd092e21c5f08b367384cb8eda8490bc99b
2023-03-30 14:15:10,False,3.394e-05,1.068e-08,8226.56,8.787e-05,0x41...3661,https://bscscan.com/tx/0x778df79aa9f9291c0b4cee86ae38ffd092e21c5f08b367384cb8eda8490bc99b
2023-03-30 14:12:49,False,3.377e-05,1.068e-08,3037732.0,0.3245,0xa8...3eb5,https://bscscan.com/tx/0x07a2a3fdd3a7676e2db8cc29564c00394e2d01c8988191f30797944ca663dd68
2023-03-30 14:12:49,False,3.377e-05,1.068e-08,19221.6,0.002,0xa8...3eb5,https://bscscan.com/tx/0x07a2a3fdd3a7676e2db8cc29564c00394e2d01c8988191f30797944ca663dd68
2023-03-30 14:11:40,True,3.394e-05,1.073e-08,1864417.0,0.2001,0x91...48b0,https://bscscan.com/tx/0x646836ef6048052b9243248eb015aa0a963aec5eb4ce3d6b63f17e8df92afe86
2023-03-30 14:10:49,True,3.41e-05,1.073e-08,4209224.0,0.4518,0x91...48b0,https://bscscan.com/tx/0x449fa81fce04f8429eb073e0d08c15a1344695eab566053f05164e529d1eeba9
2023-03-30 14:10:33,False,3.376e-05,1.068e-08,1042352.0,0.1113,0x05...9852,https://bscscan.com/tx/0xe635291694f66fabd12069a737836313702ae63060425f30a674473bcd368ebc
2023-03-30 14:10:33,False,3.376e-05,1.068e-08,64310.8,0.0068,0x05...9852,https://bscscan.com/tx/0xe635291694f66fabd12069a737836313702ae63060425f30a674473bcd368ebc
2023-03-30 14:09:04,True,3.41e-05,1.073e-08,16748.6,0.0018,0xe1...6ab0,https://bscscan.com/tx/0xf79fc71cb9f3f047d9ba6b11598d4bce17b64ed3b55a02bf904c582dd2e34444
2023-03-30 14:06:10,True,3.41e-05,1.073e-08,1412198.0,0.1516,0x32...a7e0,https://bscscan.com/tx/0x2afc331b2367d9d26188805c90855a58155ae194d3692ab6b5adc732d4eef2ef
2023-03-30 14:00:52,True,3.409e-05,1.073e-08,7266652.0,0.78,0xdb...5205,https://bscscan.com/tx/0xe67acad6e9684ef73aaa77f663cccb3c2b510bff096bd373576bda2e6f8ff841
2023-03-30 13:56:46,False,3.374e-05,1.068e-08,7823759.0,0.8356,0xf5...4c77,https://bscscan.com/tx/0x4dbcd24b1050cad7d7eab54d2869811a31dcace0800016b5101447822cac909f
2023-03-30 13:56:46,False,3.374e-05,1.068e-08,1598.4,1.707e-05,0xf5...4c77,https://bscscan.com/tx/0x4dbcd24b1050cad7d7eab54d2869811a31dcace0800016b5101447822cac909f
2023-03-30 13:52:55,False,3.391e-05,1.068e-08,590225.0,0.063,0x99...7a2b,https://bscscan.com/tx/0x9f06e7ec51ef5a6dfe4748c524969f369fe638de4329e02b7d09c8eb821e4d97
2023-03-30 13:52:55,False,3.391e-05,1.068e-08,661.5,7.065e-06,0x99...7a2b,https://bscscan.com/tx/0x9f06e7ec51ef5a6dfe4748c524969f369fe638de4329e02b7d09c8eb821e4d97
2023-03-30 13:49:34,False,3.391e-05,1.068e-08,244265.0,0.026,0xa4...f188,https://bscscan.com/tx/0x13829fdcd15184e975c6206f87d775fb56df86127e76ce66094d0f6f7a570d4c
2023-03-30 13:49:34,False,3.391e-05,1.068e-08,3670.24,3.92e-05,0xa4...f188,https://bscscan.com/tx/0x13829fdcd15184e975c6206f87d775fb56df86127e76ce66094d0f6f7a570d4c
2023-03-30 13:49:28,False,3.391e-05,1.068e-08,1355270.0,0.1447,0x67...20c8,https://bscscan.com/tx/0x58c5622618df9d459f0d3fd30b60942705ac0be8fc32ca4f8c4bbf3dd72f8f2d
2023-03-30 13:49:28,False,3.391e-05,1.068e-08,2700.0,2.884e-05,0x67...20c8,https://bscscan.com/tx/0x58c5622618df9d459f0d3fd30b60942705ac0be8fc32ca4f8c4bbf3dd72f8f2d
2023-03-30 13:46:39,False,3.376e-05,1.068e-08,997000.0,0.1065,0x6c...5aca,https://bscscan.com/tx/0x1e7a4586e4aa4f331090153195a33bb590ab2b44fbb732f3bb1727696de3579f
2023-03-30 13:46:39,False,3.376e-05,1.068e-08,2570.13,2.745e-05,0x6c...5aca,https://bscscan.com/tx/0x1e7a4586e4aa4f331090153195a33bb590ab2b44fbb732f3bb1727696de3579f
2023-03-30 13:45:00,False,3.377e-05,1.068e-08,949044.0,0.1013,0x38...ac6c,https://bscscan.com/tx/0xd1d99f61f5abf5d05ba33677ee4c6feabe76c0e757979ddabe47866ca8b6c0ea
2023-03-30 13:45:00,False,3.377e-05,1.068e-08,785.7,8.393e-06,0x38...ac6c,https://bscscan.com/tx/0xd1d99f61f5abf5d05ba33677ee4c6feabe76c0e757979ddabe47866ca8b6c0ea
2023-03-30 13:42:42,False,3.379e-05,1.068e-08,290127.0,0.0309,0xdd...a51f,https://bscscan.com/tx/0xc7fc2a01c9548f0be61e515d1ca7012e882598ab17d3c1c2b27e20b529b691e8
2023-03-30 13:42:42,False,3.379e-05,1.068e-08,245775.0,0.0262,0xdd...a51f,https://bscscan.com/tx/0xc7fc2a01c9548f0be61e515d1ca7012e882598ab17d3c1c2b27e20b529b691e8
2023-03-30 13:41:52,True,3.395e-05,1.073e-08,10246924.0,1.1,0x81...2407,https://bscscan.com/tx/0x47c997a2392dd923f24aec9f1e167f56568b7db3022d577feaa383570b1dfa9c
2023-03-30 13:38:19,True,3.411e-05,1.073e-08,1760208.0,0.1889,0xf7...8eff,https://bscscan.com/tx/0xbefb4cb531a9defb8b092d110b3dff23993c1577fefb49fb0399167c620ab5d4
2023-03-30 13:37:40,True,3.393e-05,1.072e-08,58542166.0,6.27898,0x4b...00ab,https://bscscan.com/tx/0xb7c6e8c643131f762e93eeceb34c59520a9ad14a15a14d13d0e854efd0c233fe
2023-03-30 13:37:37,False,3.375e-05,1.066e-08,20417191.0,2.17792,0xc3...8152,https://bscscan.com/tx/0x28f6b266f4b2df1fed3f6c673c063932afb1d831fca58cef26e7e46a75be3356
2023-03-30 13:37:37,False,3.375e-05,1.066e-08,3998.7,4.266e-05,0xc3...8152,https://bscscan.com/tx/0x28f6b266f4b2df1fed3f6c673c063932afb1d831fca58cef26e7e46a75be3356
2023-03-30 13:36:07,False,3.392e-05,1.066e-08,1476557.0,0.1575,0x6c...95ad,https://bscscan.com/tx/0x94fff886f0716b523e6a04aba58bcbdac04e56614a6daf54c1a591ab0a22230d
2023-03-30 13:36:07,False,3.392e-05,1.067e-08,1394.34,1.487e-05,0x6c...95ad,https://bscscan.com/tx/0x94fff886f0716b523e6a04aba58bcbdac04e56614a6daf54c1a591ab0a22230d
2023-03-30 13:36:01,False,3.393e-05,1.067e-08,514873.0,0.0549,0x6e...6407,https://bscscan.com/tx/0xcef6eb0cf73c8d3e08f1b64017fd376f3ffd9d3c19dded59ebfa00f428aaec81
2023-03-30 13:36:01,False,3.393e-05,1.067e-08,540.0,5.761e-06,0x6e...6407,https://bscscan.com/tx/0xcef6eb0cf73c8d3e08f1b64017fd376f3ffd9d3c19dded59ebfa00f428aaec81
2023-03-30 13:35:37,False,3.392e-05,1.067e-08,199400.0,0.0212,0x5f...1e2b,https://bscscan.com/tx/0x829de39e87cc9edbea9c886a45383d2e907f06c1febe9c0ebb64b02b6de7c027
2023-03-30 13:35:37,False,3.392e-05,1.067e-08,40500.0,0.0043,0x5f...1e2b,https://bscscan.com/tx/0x829de39e87cc9edbea9c886a45383d2e907f06c1febe9c0ebb64b02b6de7c027
2023-03-30 13:35:04,False,3.393e-05,1.067e-08,14955000.0,1.59603,0x31...f143,https://bscscan.com/tx/0x6fe63641b65d07bdb1b56b1c295def31c442e7d7429ab3154c8fda7996616dee
2023-03-30 13:35:04,False,3.394e-05,1.067e-08,27367.9,0.0029,0x31...f143,https://bscscan.com/tx/0x6fe63641b65d07bdb1b56b1c295def31c442e7d7429ab3154c8fda7996616dee
2023-03-30 13:33:43,True,3.411e-05,1.072e-08,203986.0,0.0218,0x17...272e,https://bscscan.com/tx/0x66b1ceea80a88fc5e4d1aa993034e329b920c25c8e98d34fb97fb00191fd0646
2023-03-30 13:32:58,True,3.393e-05,1.072e-08,441851.0,0.0474,0x88...8599,https://bscscan.com/tx/0xbe63a4ac821ba3940df2909cfe8fdb030a5cbe0fb45f7e1e17bb5a3de8f014c5
2023-03-30 13:32:31,True,3.393e-05,1.072e-08,1625535.0,0.1743,0x86...be96,https://bscscan.com/tx/0x30f19c83b58cd3f4f648ce2cf94bb74eabd73047d15cd8feaa243cb2b4b3c277
2023-03-30 13:32:16,True,3.393e-05,1.072e-08,1466176.0,0.1572,0x16...e480,https://bscscan.com/tx/0x06f472fcf5de451b6fcde4d5d28b1bf78a1951755a11dd112b75afbc58939fcb
2023-03-30 13:30:31,True,3.41e-05,1.072e-08,475450.0,0.051,0x77...aead,https://bscscan.com/tx/0x2893963351e694bd6be9479474d2712048496317ae3cfe1d9994870c017bbb21
2023-03-30 13:28:37,False,3.393e-05,1.067e-08,5905500.0,0.6303,0x6c...95ad,https://bscscan.com/tx/0xff4407ab8bd438b9fd300f2f96ffc1534ce6a44cf9cb37de360be0a46518f95d
2023-03-30 13:28:37,False,3.393e-05,1.067e-08,2394.41,2.555e-05,0x6c...95ad,https://bscscan.com/tx/0xff4407ab8bd438b9fd300f2f96ffc1534ce6a44cf9cb37de360be0a46518f95d
2023-03-30 13:26:31,True,3.393e-05,1.072e-08,170475.0,0.0182,0x15...4042,https://bscscan.com/tx/0x076c1e329cc00146d37dbdee13fb1607b54c04c5ccb8459456c0d5adf2c5f640
2023-03-30 13:25:46,False,3.376e-05,1.067e-08,714195.0,0.0762,0x4c...a988,https://bscscan.com/tx/0x4fd966973b1d39693fb88b4b3131cfc08f6a1f4f7853b4cb0d3e64c1f0827579
2023-03-30 13:25:46,False,3.376e-05,1.067e-08,48681.5,0.0052,0x4c...a988,https://bscscan.com/tx/0x4fd966973b1d39693fb88b4b3131cfc08f6a1f4f7853b4cb0d3e64c1f0827579
2023-03-30 13:24:01,True,3.41e-05,1.072e-08,16935379.0,1.81651,0x69...fc0d,https://bscscan.com/tx/0xf0b1fdd8807bae57cdfeee1e19f29ba5b0f51b21f65b92c8bef46b9d32e9154c
2023-03-30 13:20:28,False,3.391e-05,1.067e-08,1091528.0,0.1164,0xdb...595e,https://bscscan.com/tx/0x595bc6c5cfe90d46cbdcb4589b77d9f7c0d3463c1a3f99fca7088755c202e3e9
2023-03-30 13:20:28,False,3.391e-05,1.067e-08,46255.3,0.0049,0xdb...595e,https://bscscan.com/tx/0x595bc6c5cfe90d46cbdcb4589b77d9f7c0d3463c1a3f99fca7088755c202e3e9
2023-03-30 13:19:19,False,3.392e-05,1.067e-08,17080188.0,1.82294,0x69...fc0d,https://bscscan.com/tx/0x21f28fc9582492f21942ca182f1e9bc8da6ea9619280b3659764ab531695f74a
2023-03-30 13:19:19,False,3.393e-05,1.067e-08,207818.0,0.0221,0x69...fc0d,https://bscscan.com/tx/0x21f28fc9582492f21942ca182f1e9bc8da6ea9619280b3659764ab531695f74a
2023-03-30 13:18:19,True,3.393e-05,1.072e-08,9904.43,0.001,0x80...bd50,https://bscscan.com/tx/0x08e8796452117a7535a13ed8125f7d1f3a10a61a085ee095b4bfafa2df1df797
2023-03-30 13:17:55,True,3.409e-05,1.072e-08,2428.66,2.605e-05,0x4a...2350,https://bscscan.com/tx/0xbb44ee360624fad1ceb10abe942473278673f7c040f62618ce412959db80d55c
2023-03-30 13:16:22,True,3.392e-05,1.072e-08,468614.0,0.0502,0xd2...641d,https://bscscan.com/tx/0x6a1c2703e1b2b3b2fdf5824dc1c035a1f4bc7e244f0326c838f5ecd4b542a3e3
2023-03-30 13:15:55,True,3.392e-05,1.072e-08,1200000.0,0.1287,0x25...450f,https://bscscan.com/tx/0x5da426e965ac362408609cc831757e496290961cea3782558f72f64a02d74b30
2023-03-30 13:10:19,False,3.377e-05,1.068e-08,75062957.0,8.01997,0xce...a5f7,https://bscscan.com/tx/0x0eaf5cfe307267402cf30920f49ee60c3e7f4bf426253912afd7eeef0859cfaa
2023-03-30 13:10:19,False,3.38e-05,1.069e-08,2700.0,2.887e-05,0xce...a5f7,https://bscscan.com/tx/0x0eaf5cfe307267402cf30920f49ee60c3e7f4bf426253912afd7eeef0859cfaa
2023-03-30 13:09:37,False,3.394e-05,1.069e-08,997000.0,0.1066,0x96...1b51,https://bscscan.com/tx/0xe05e8341b35417a57d8fe4efbbea4627ff81b8fbb5240ee4e30ff6f105fa5be1
2023-03-30 13:09:37,False,3.394e-05,1.069e-08,1260.31,1.347e-05,0x96...1b51,https://bscscan.com/tx/0xe05e8341b35417a57d8fe4efbbea4627ff81b8fbb5240ee4e30ff6f105fa5be1
2023-03-30 13:09:10,False,3.377e-05,1.069e-08,465380.0,0.0497,0x96...1b51,https://bscscan.com/tx/0x483058446b734df8c21fa8f2fd3d123221d568111826c4a45701ca50269a5cfd
2023-03-30 13:09:10,False,3.377e-05,1.069e-08,237596.0,0.0254,0x96...1b51,https://bscscan.com/tx/0x483058446b734df8c21fa8f2fd3d123221d568111826c4a45701ca50269a5cfd
2023-03-30 13:07:49,True,3.41e-05,1.074e-08,23389238.0,2.51318,0xd5...c2fa,https://bscscan.com/tx/0xe1a3de64bc6b2c2771157de0bed52cf3857f57210235640449a4eef551253140
2023-03-30 13:07:46,True,3.408e-05,1.074e-08,9310290.0,1.0,0xcd...7978,https://bscscan.com/tx/0x7f422e4a79cba5417fa7295552fd0aad23b8c061ba3e34b7569ee0ffb50323a2
2023-03-30 13:06:55,True,3.39e-05,1.073e-08,464043.0,0.0498,0x88...b6b4,https://bscscan.com/tx/0x16793e484b71c29d3715b6de22e83138ed4a38453efdaf5b15fd444b16ef48eb
2023-03-30 13:06:01,False,3.373e-05,1.069e-08,54670495.0,5.84586,0xbf...9361,https://bscscan.com/tx/0x24819cf2b2142d08c2475364e104e5e410ba0604e74b97fe0fa97e144440d351
2023-03-30 13:06:01,False,3.375e-05,1.069e-08,4050.0,4.333e-05,0xbf...9361,https://bscscan.com/tx/0x24819cf2b2142d08c2475364e104e5e410ba0604e74b97fe0fa97e144440d351
2023-03-30 13:03:55,False,3.394e-05,1.07e-08,1495500.0,0.16,0x19...66fd,https://bscscan.com/tx/0xa75041be48d8a51a707d6233c5c9dea93db7546afbaf8d97a519e8891a0ac25f
2023-03-30 13:03:55,False,3.394e-05,1.07e-08,166068.0,0.0177,0x19...66fd,https://bscscan.com/tx/0xa75041be48d8a51a707d6233c5c9dea93db7546afbaf8d97a519e8891a0ac25f
2023-03-30 13:02:22,True,3.392e-05,1.074e-08,53459778.0,5.74538,0x40...058b,https://bscscan.com/tx/0x140836d3ef32e20b46bc25c698393b887627827c56fa8d4ba4fb1663336c7134
2023-03-30 12:59:49,True,3.407e-05,1.074e-08,1206480.0,0.1295,0x2a...d874,https://bscscan.com/tx/0xa2cb8f0534bdeed2e389210d92e6c721379d26bf5ef02d7e49e3a5403649fca5
2023-03-30 12:57:01,False,3.39e-05,1.068e-08,6819815.0,0.7288,0x88...6faa,https://bscscan.com/tx/0x29e8f260883b238ac6f525d4a2ae0d504f4b8e8c6b9a57e3a9f8f191532841e3
2023-03-30 12:57:01,False,3.39e-05,1.068e-08,7195.24,7.69e-05,0x88...6faa,https://bscscan.com/tx/0x29e8f260883b238ac6f525d4a2ae0d504f4b8e8c6b9a57e3a9f8f191532841e3
2023-03-30 12:53:16,False,3.39e-05,1.068e-08,671583.0,0.0717,0x05...bae7,https://bscscan.com/tx/0x2bd947517f1c253e00bfbc414eaa06e121ede3bd69b56505b5e9c907b214f816
2023-03-30 12:53:16,False,3.39e-05,1.068e-08,14850.0,0.0015,0x05...bae7,https://bscscan.com/tx/0x2bd947517f1c253e00bfbc414eaa06e121ede3bd69b56505b5e9c907b214f816
2023-03-30 12:52:31,False,3.373e-05,1.068e-08,5483500.0,0.5861,0xc0...854f,https://bscscan.com/tx/0xa9ca5690cee11be3b568c08d4570f4ccf58b93dbb6d9deb7b1d1d47a3daf2d3f
2023-03-30 12:52:31,False,3.373e-05,1.068e-08,5541.43,5.923e-05,0xc0...854f,https://bscscan.com/tx/0xa9ca5690cee11be3b568c08d4570f4ccf58b93dbb6d9deb7b1d1d47a3daf2d3f
2023-03-30 12:51:52,True,3.407e-05,1.074e-08,46540.9,0.005,0x71...93a5,https://bscscan.com/tx/0x5d429cb11604fa622ff489dd4ea18c6a34c43fcdf7633777d828d788f68f8bc2
2023-03-30 12:50:37,False,3.373e-05,1.068e-08,1999821.0,0.2137,0x6a...af8d,https://bscscan.com/tx/0xf10f457bd9c4fed7a5e3c41f46f73a5fa91eb0d00c0b16570f043077c1c1472c
2023-03-30 12:50:37,False,3.373e-05,1.069e-08,25634.2,0.0027,0x6a...af8d,https://bscscan.com/tx/0xf10f457bd9c4fed7a5e3c41f46f73a5fa91eb0d00c0b16570f043077c1c1472c
2023-03-30 12:48:45,False,3.373e-05,1.069e-08,9465661.0,1.012,0x3b...e915,https://bscscan.com/tx/0x366dea0a4ce570f7b45afa207f41faa602656efff56589c29c77b944b8621080
2023-03-30 12:48:45,False,3.374e-05,1.069e-08,34537.8,0.0036,0x3b...e915,https://bscscan.com/tx/0x366dea0a4ce570f7b45afa207f41faa602656efff56589c29c77b944b8621080
2023-03-30 12:47:43,True,3.39e-05,1.074e-08,2791777.0,0.3,0xb0...17cb,https://bscscan.com/tx/0x5754e34ca1f65c5dd780fed438ec181375ca75d8780c50f381db118115a2a00c
2023-03-30 12:47:02,False,3.374e-05,1.069e-08,9970000.0,1.0661,0x78...39b8,https://bscscan.com/tx/0x75390523878a5fd4471b6738c926a7adcbe1a6b3345064a1deea52db09a228b3
2023-03-30 12:47:02,False,3.374e-05,1.069e-08,185786.0,0.0198,0x78...39b8,https://bscscan.com/tx/0x75390523878a5fd4471b6738c926a7adcbe1a6b3345064a1deea52db09a228b3
2023-03-30 12:46:01,False,3.394e-05,1.07e-08,68603091.0,7.34278,0xc6...a298,https://bscscan.com/tx/0xfe069dd21e4dfbb155d5aa85df3f43c5b5d03cf3442d757a5415e90c8f849eba
2023-03-30 12:46:01,False,3.396e-05,1.071e-08,4224.7,4.525e-05,0xc6...a298,https://bscscan.com/tx/0xfe069dd21e4dfbb155d5aa85df3f43c5b5d03cf3442d757a5415e90c8f849eba
2023-03-30 12:42:07,True,3.396e-05,1.076e-08,812765.0,0.0875,0x88...b6b4,https://bscscan.com/tx/0x9c6bf31fdd80bf9d69c1c2c2ad5394d0825f4a59d96fae8eb72101cb4cc51af7
2023-03-30 12:40:52,False,3.396e-05,1.071e-08,749684.0,0.0803,0xfe...43ed,https://bscscan.com/tx/0x298e900d9431426bfebcb2034c24c49095d071daf8174127a866ca795585482f
2023-03-30 12:40:52,False,3.396e-05,1.071e-08,373.796,4.004e-06,0xfe...43ed,https://bscscan.com/tx/0x298e900d9431426bfebcb2034c24c49095d071daf8174127a866ca795585482f
2023-03-30 12:40:04,False,3.379e-05,1.071e-08,138028.0,0.0147,0xc3...89a3,https://bscscan.com/tx/0x236bd46b2d5356ed87f71ce1f4ddc79a18c93208ee8fe644c4a054585a2938d4
2023-03-30 12:40:04,False,3.379e-05,1.071e-08,13296.4,0.0014,0xc3...89a3,https://bscscan.com/tx/0x236bd46b2d5356ed87f71ce1f4ddc79a18c93208ee8fe644c4a054585a2938d4
2023-03-30 12:35:16,True,3.41e-05,1.076e-08,574630.0,0.0618,0x27...0d3c,https://bscscan.com/tx/0x2c53c6ccc3bf5b3a3492debf3f3dde92b23fd542452d4ea18cf45955613e189f
2023-03-30 12:34:55,False,3.377e-05,1.071e-08,3988000.0,0.4272,0xbc...051a,https://bscscan.com/tx/0x59021bedbc21cc71c956f5d5cf6c5e9e824c40f1e55a863ad0afda0473cf6188
2023-03-30 12:34:55,False,3.377e-05,1.071e-08,4307.04,4.614e-05,0xbc...051a,https://bscscan.com/tx/0x59021bedbc21cc71c956f5d5cf6c5e9e824c40f1e55a863ad0afda0473cf6188
2023-03-30 12:34:04,False,3.394e-05,1.071e-08,1590414.0,0.1703,0x57...f674,https://bscscan.com/tx/0x4b13af78d27848c932e0fc05e7c509fb0ca8954ec46fab4232dfc539b0bee39d
2023-03-30 12:34:04,False,3.394e-05,1.071e-08,29215.4,0.0031,0x57...f674,https://bscscan.com/tx/0x4b13af78d27848c932e0fc05e7c509fb0ca8954ec46fab4232dfc539b0bee39d
2023-03-30 12:32:07,True,3.393e-05,1.076e-08,93590.0,0.01,0xfe...86cf,https://bscscan.com/tx/0x709b9e8807f094b8ef86d310e3eb61699e498c84930a8c04f60df36f72e8d2af
2023-03-30 12:32:04,False,3.377e-05,1.071e-08,9970000.0,1.06826,0x78...39b8,https://bscscan.com/tx/0x0b0332eab511eb5f91f9aee49569d9825915e42ea0acfcc1d1ee6af7d67b92db
2023-03-30 12:32:04,False,3.377e-05,1.071e-08,1059.11,1.134e-05,0x78...39b8,https://bscscan.com/tx/0x0b0332eab511eb5f91f9aee49569d9825915e42ea0acfcc1d1ee6af7d67b92db
2023-03-30 12:31:52,False,3.394e-05,1.071e-08,34456.3,0.0036,0x30...b774,https://bscscan.com/tx/0x7dd1ac74b84dc08ebe7ab2cb7b26102354224e14ef75f992f62a77fbb09a9681
2023-03-30 12:30:16,False,3.377e-05,1.071e-08,45265.4,0.0048,0xf1...50df,https://bscscan.com/tx/0x1b421f6a7ba33b18022ba1b6e3b2946eeb5f68c834b4d688017af78897dee9fb
2023-03-30 12:29:31,True,3.394e-05,1.076e-08,280932.0,0.0302,0x82...5cd6,https://bscscan.com/tx/0xc51d7f3673cb153a01ef4a65f78f1def0ea34fb7dd02edbd3477428b0a4613fb
2023-03-30 12:29:31,True,3.394e-05,1.076e-08,12800000.0,1.37831,0xf1...50df,https://bscscan.com/tx/0x1b599386eaaae5460af58cc6d3ec7a4f1b9b8e020df9c1f642035150306062a6
2023-03-30 12:28:34,True,3.393e-05,1.076e-08,734386.0,0.079,0x0b...f46b,https://bscscan.com/tx/0x70cc394e59f369ddff362869c177eccf18d8ee36f229e4eaaccf6058f2270283
2023-03-30 12:28:25,False,3.394e-05,1.071e-08,2940803.0,0.315,0x6d...9a8d,https://bscscan.com/tx/0x4efdde16083cc667489fc296572b8bccee7a85db7a2c951719a4d4cc0a554621
2023-03-30 12:28:25,False,3.394e-05,1.071e-08,159.133,1.704e-06,0x6d...9a8d,https://bscscan.com/tx/0x4efdde16083cc667489fc296572b8bccee7a85db7a2c951719a4d4cc0a554621
2023-03-30 12:28:07,False,3.394e-05,1.071e-08,58761.2,0.0063,0x31...ff32,https://bscscan.com/tx/0x169df1e1871f0b08af957b73df3026cc2c85f798c84eee8613e1ab9861088373
2023-03-30 12:28:07,False,3.394e-05,1.071e-08,5924.74,6.347e-05,0x31...ff32,https://bscscan.com/tx/0x169df1e1871f0b08af957b73df3026cc2c85f798c84eee8613e1ab9861088373
2023-03-30 12:26:37,False,3.378e-05,1.071e-08,2187764.0,0.2343,0x18...115f,https://bscscan.com/tx/0xca20f3106e2cdf0edf767626b3f7c56c765a14cd21f0af540437d1a2d3f051ef
2023-03-30 12:26:37,False,3.378e-05,1.071e-08,17607.9,0.0018,0x18...115f,https://bscscan.com/tx/0xca20f3106e2cdf0edf767626b3f7c56c765a14cd21f0af540437d1a2d3f051ef
2023-03-30 12:26:28,False,3.378e-05,1.071e-08,6501866.0,0.6966,0x5a...d6a3,https://bscscan.com/tx/0xf116b2054c556c49e4a0440bf8f95777387fa445235c73f871c29d382c0602a8
2023-03-30 12:26:28,False,3.378e-05,1.071e-08,6517.0,6.983e-05,0x5a...d6a3,https://bscscan.com/tx/0xf116b2054c556c49e4a0440bf8f95777387fa445235c73f871c29d382c0602a8
2023-03-30 12:25:40,False,3.395e-05,1.071e-08,2406463.0,0.2578,0x51...1ca5,https://bscscan.com/tx/0xc985ca988fb54c2aa76abcc57aeeea2e627b19407affd4e080afeb67bf528237
2023-03-30 12:25:40,False,3.395e-05,1.071e-08,14133.5,0.0015,0x51...1ca5,https://bscscan.com/tx/0xc985ca988fb54c2aa76abcc57aeeea2e627b19407affd4e080afeb67bf528237
2023-03-30 12:24:37,False,3.396e-05,1.071e-08,2855312.0,0.3059,0x9b...dee7,https://bscscan.com/tx/0x185a1a23eb7aa30c28d9ed26a544a7270cd158d0086eea170ae13bef48b06bca
2023-03-30 12:24:37,False,3.396e-05,1.071e-08,3946.35,4.229e-05,0x9b...dee7,https://bscscan.com/tx/0x185a1a23eb7aa30c28d9ed26a544a7270cd158d0086eea170ae13bef48b06bca
2023-03-30 12:23:55,True,3.413e-05,1.077e-08,334400.0,0.036,0xc6...c2c2,https://bscscan.com/tx/0x30b3a74dc03a2c1d66326303b7b202adc2f6f41ecfad968c1020b64a91901fb2
2023-03-30 12:23:19,False,3.379e-05,1.071e-08,1123830.0,0.1204,0x0b...f46b,https://bscscan.com/tx/0xcc2d69ec664c0cfb0d8c5b10f59d251fae84c4a247be78eae271def5311ba6df
2023-03-30 12:23:19,False,3.379e-05,1.071e-08,38457.8,0.0041,0x0b...f46b,https://bscscan.com/tx/0xcc2d69ec664c0cfb0d8c5b10f59d251fae84c4a247be78eae271def5311ba6df
2023-03-30 12:17:04,True,3.397e-05,1.077e-08,7427.47,8e-05,0x64...c1ce,https://bscscan.com/tx/0x8e151e81bcefe102f70efdba8de6103e11cf480495c48ec5ab14dc34f6f924ca
2023-03-30 12:17:04,True,3.397e-05,1.077e-08,585594.0,0.063,0xc5...c8bc,https://bscscan.com/tx/0x927d58b5436fbd350e460c957a89a21be9ecad80abf78b3e6ed6d2c58127b399
2023-03-30 12:16:46,True,3.397e-05,1.077e-08,1464539.0,0.1577,0x11...2e83,https://bscscan.com/tx/0xa811979269bd4d25cdd4f86a454c6eb0fccf054a5e947fc1fe8e09518d11c398
2023-03-30 12:15:49,False,3.398e-05,1.071e-08,12149512.0,1.30219,0x1d...ad36,https://bscscan.com/tx/0xd562e4b8d6ab4c20616515e8fe92f8ea77e0dbc096e8254611b8d267f6b0c671
2023-03-30 12:15:49,False,3.398e-05,1.071e-08,4485.49,4.808e-05,0x1d...ad36,https://bscscan.com/tx/0xd562e4b8d6ab4c20616515e8fe92f8ea77e0dbc096e8254611b8d267f6b0c671
2023-03-30 12:13:25,True,3.396e-05,1.077e-08,292859.0,0.0315,0x85...d908,https://bscscan.com/tx/0x468f84d05bbf5a86db7b32c66d893e431cd89feeebff7df5a44506b958766cf2
2023-03-30 12:11:31,True,3.413e-05,1.077e-08,703112.0,0.0757,0x0a...fdab,https://bscscan.com/tx/0x91ff49eef207f1f40e98bc6068a4bb0f57944e8997a2af6c1e4771500eb14a96
2023-03-30 12:11:25,True,3.396e-05,1.077e-08,145000.0,0.0156,0x48...a0b4,https://bscscan.com/tx/0x39d4ad9c0973518cbb14cdd9a3c08a1ce74c978b26dc0f3b3ffc95b90155a244
2023-03-30 12:03:12,True,3.414e-05,1.077e-08,438666.0,0.0472,0x64...74e0,https://bscscan.com/tx/0x95b15116e272992a71fe413d1ab6bee827685ed109ccf7e56e1be103316575a3
2023-03-30 12:01:30,False,3.396e-05,1.071e-08,81411.5,0.0087,0x97...17ed,https://bscscan.com/tx/0x3e7a69e3efd18f69d46821cb7beef742badc0c30a741c3c489e4cf8707e58489
2023-03-30 12:01:30,False,3.396e-05,1.071e-08,1350.0,1.447e-05,0x97...17ed,https://bscscan.com/tx/0x3e7a69e3efd18f69d46821cb7beef742badc0c30a741c3c489e4cf8707e58489
2023-03-30 11:59:45,False,3.375e-05,1.071e-08,498500.0,0.0534,0x3e...b249,https://bscscan.com/tx/0x28ed75d62ed1379d30057df1a5448ba9a7deb1847fc5c6e203b778e2524c477c
2023-03-30 11:59:45,False,3.375e-05,1.071e-08,5639.95,6.045e-05,0x3e...b249,https://bscscan.com/tx/0x28ed75d62ed1379d30057df1a5448ba9a7deb1847fc5c6e203b778e2524c477c
2023-03-30 11:56:06,False,3.375e-05,1.071e-08,2082604.0,0.2232,0x2d...a576,https://bscscan.com/tx/0x7459165f7367cee41e2c9cca91a2ecfaddcaec83dddd9a3147a6954cf7d6e29a
2023-03-30 11:56:06,False,3.375e-05,1.071e-08,29132.3,0.0031,0x2d...a576,https://bscscan.com/tx/0x7459165f7367cee41e2c9cca91a2ecfaddcaec83dddd9a3147a6954cf7d6e29a
2023-03-30 11:53:57,True,3.409e-05,1.077e-08,2938469.0,0.3165,0x55...602f,https://bscscan.com/tx/0xea72c0e114ecf4007695f76819b93a0db74a2dd078a51afb4dea5de77bf87a6f
2023-03-30 11:51:17,True,3.389e-05,1.077e-08,851281.0,0.0917,0x49...58cf,https://bscscan.com/tx/0x424710c3e8b44c34775fb094717cfd1ccc8e8f344bebeb3c99e715b4bf68a4a7
2023-03-30 11:46:43,False,3.367e-05,1.071e-08,6979000.0,0.7481,0x78...39b8,https://bscscan.com/tx/0x4fd1ea3c3fdd9a513085d7baeaf3057ad776f5bce0a11b898e54b181c0295828
2023-03-30 11:46:43,False,3.367e-05,1.072e-08,752.49,8.067e-06,0x78...39b8,https://bscscan.com/tx/0x4fd1ea3c3fdd9a513085d7baeaf3057ad776f5bce0a11b898e54b181c0295828
2023-03-30 11:45:37,False,3.384e-05,1.072e-08,277864.0,0.0297,0xfc...1b38,https://bscscan.com/tx/0x651ed1543d7cb8c3da9a1f7459ede4cc04ccc64a5ba37be8479700ba3269e0e7
2023-03-30 11:45:37,False,3.384e-05,1.072e-08,20668.8,0.0022,0xfc...1b38,https://bscscan.com/tx/0x651ed1543d7cb8c3da9a1f7459ede4cc04ccc64a5ba37be8479700ba3269e0e7
2023-03-30 11:45:22,False,3.384e-05,1.072e-08,7632153.0,0.8183,0x5a...d6a3,https://bscscan.com/tx/0xa72344947223ba1f5e9a4a0fc7adef300741eda37be91421695e834e93fbed7c
2023-03-30 11:45:22,False,3.384e-05,1.072e-08,111237.0,0.0119,0x5a...d6a3,https://bscscan.com/tx/0xa72344947223ba1f5e9a4a0fc7adef300741eda37be91421695e834e93fbed7c
2023-03-30 11:45:10,True,3.403e-05,1.077e-08,927267.0,0.0999,0xf6...b2ef,https://bscscan.com/tx/0x86b9e95330eacc17f6a0e4e40603da5b73fe282446cf4c63671e4f4afa067b1f
2023-03-30 11:44:31,True,3.4e-05,1.077e-08,37894240.0,4.08177,0x3f...c53a,https://bscscan.com/tx/0xf7aa49a7d79760ce2420258979a818ad8e110057bf8b6cd8328d3fd5947e6383
2023-03-30 11:42:37,True,3.397e-05,1.076e-08,122279.0,0.0131,0x7d...ba20,https://bscscan.com/tx/0x261cd2777dea55b7353008e515c122de1f5c8913c3aa4e130b8b039aa8c1ae5d
2023-03-30 11:41:52,False,3.38e-05,1.071e-08,2248207.0,0.2408,0x51...d4f6,https://bscscan.com/tx/0x51e77203539926398c36fbcffabe1f22b354447e8aedae4bec4b8234fdb1626d
2023-03-30 11:41:52,False,3.38e-05,1.071e-08,9530.95,0.001,0x51...d4f6,https://bscscan.com/tx/0x51e77203539926398c36fbcffabe1f22b354447e8aedae4bec4b8234fdb1626d
2023-03-30 11:40:40,True,3.396e-05,1.076e-08,6500.0,6.998e-05,0x83...e0ca,https://bscscan.com/tx/0x01903d22f43485486a177e7b088a90127dae1912bffdd6c12c82eb2d2563060b
2023-03-30 11:38:34,True,3.394e-05,1.076e-08,1250126.0,0.1346,0x83...e0ca,https://bscscan.com/tx/0x0f9efb266c805ccc2717ed968376012cbc86631e6cc38e8885708fd0bdec4916
2023-03-30 11:36:25,True,3.38e-05,1.076e-08,2136257.0,0.23,0xc9...e738,https://bscscan.com/tx/0x34fce898cc46fd38ad19cd6d005ee55e8cf7a729b01b6066189f4077f085e583
2023-03-30 11:34:52,False,3.363e-05,1.071e-08,136685.0,0.0146,0xc8...ad1e,https://bscscan.com/tx/0x3d1a4d9d6a87df20ec69a07d3eb0822b4c3478b4607757cdf0b8557ffc4aa1d5
2023-03-30 11:34:52,False,3.363e-05,1.071e-08,10182.5,0.001,0xc8...ad1e,https://bscscan.com/tx/0x3d1a4d9d6a87df20ec69a07d3eb0822b4c3478b4607757cdf0b8557ffc4aa1d5
