datetime,buy_order,price_USD,price_native,amount_token,total_native,maker,etherscan_url
2023-03-20 21:22:03,False,3.831e-05,1.143e-08,1834432.0,0.2097,0xd5...4720,https://bscscan.com/tx/0x77cba9cefe9a25421451b5b76af7579d026b23c36f9833c3fab99369c9f19830
2023-03-20 21:22:03,False,3.831e-05,1.143e-08,109678.0,0.0125,0xd5...4720,https://bscscan.com/tx/0x77cba9cefe9a25421451b5b76af7579d026b23c36f9833c3fab99369c9f19830
2023-03-20 21:22:03,True,3.85e-05,1.148e-08,5016816.0,0.5764,0x6b...9f5d,https://bscscan.com/tx/0x8f3355287e1cfe32d20a78f9e40205c86f1f814e96c6d796d229b6c2e823a9c3
2023-03-20 21:22:03,True,3.849e-05,1.148e-08,5128117.0,0.5891,0x6b...9f5d,https://bscscan.com/tx/0xa75abf5ed1f7aec8968dea387b17050da35c9bd3bf0a3cd6e6b12f08a4963b97
2023-03-20 21:21:59,True,3.849e-05,1.148e-08,5036388.0,0.5785,0x6b...9f5d,https://bscscan.com/tx/0x7e0a082a56e823e14459c0d01a708f9144d309e5e41e094d53bce2af3954dc62
2023-03-20 21:21:56,True,3.848e-05,1.148e-08,5192456.0,0.5963,0x6b...9f5d,https://bscscan.com/tx/0xecf47d86b48db00756d16444e95cb9fce33ee2318adc2e593d7bc15a1c82dd6a
2023-03-20 21:21:53,True,3.848e-05,1.148e-08,5021913.0,0.5767,0x6b...9f5d,https://bscscan.com/tx/0xba037f531ca631f843093b0b40bbe0f1acc7370077c0ddd674e1ae22676721bc
2023-03-20 21:21:53,True,3.847e-05,1.148e-08,5168837.0,0.5935,0x6b...9f5d,https://bscscan.com/tx/0xf8a69fb03cc003aceeac7da8af99141d3666822e0583aac63b2f75cbba468a28
2023-03-20 21:21:05,True,3.848e-05,1.148e-08,522669.0,0.06,0x61...958e,https://bscscan.com/tx/0x27d6ba26c18d1e3e2b56585c40779f8ddeff9a3066d063716e50e63198208401
2023-03-20 21:21:02,True,3.847e-05,1.148e-08,7067162.0,0.8113,0x14...d813,https://bscscan.com/tx/0xaf6aff71dc98d23eda6d3b460fe11d3cafe272f84abf4ddf905351f64ce078a7
2023-03-20 21:20:29,True,3.867e-05,1.147e-08,925786.0,0.1062,0x60...b8fa,https://bscscan.com/tx/0xdc17053e2bdbc50a83593a76140a803c93e17649772dd4d7d9fbf9084e46f2ab
2023-03-20 21:20:29,True,3.867e-05,1.147e-08,941273.0,0.108,0xce...b333,https://bscscan.com/tx/0xca6aec76e361f004e5d0b3b248515a9520b5282a0e4fa056fd34127b5117ac78
2023-03-20 21:20:08,False,3.828e-05,1.142e-08,598200.0,0.0683,0xca...255e,https://bscscan.com/tx/0xe7864c5a392689c2f1e5837259d10ec075d8fb3291b8db18598d3fcdb55dcff3
2023-03-20 21:20:08,False,3.828e-05,1.142e-08,16717.1,0.0019,0xca...255e,https://bscscan.com/tx/0xe7864c5a392689c2f1e5837259d10ec075d8fb3291b8db18598d3fcdb55dcff3
2023-03-20 21:18:53,True,3.867e-05,1.147e-08,461861.0,0.053,0xd2...3ce3,https://bscscan.com/tx/0xe71c42576d7e4aefbc3a519a1335567fd29c192546894cfd953f814b46613a2d
2023-03-20 21:17:20,True,3.867e-05,1.147e-08,2373106.0,0.2724,0x96...2bb2,https://bscscan.com/tx/0x25084721fc4ed21243c0a1b8ed11f500ad44f50df3bfaae30ec84be959540722
2023-03-20 21:16:26,True,3.866e-05,1.147e-08,1104448.0,0.1267,0xff...1a9a,https://bscscan.com/tx/0xc7f560de3c8aeba31059e4de77235bc8e0b42557ef9bd294efd93a989e1df31c
2023-03-20 21:13:50,True,3.846e-05,1.147e-08,113259.0,0.013,0xe3...0b3e,https://bscscan.com/tx/0x4e636683c221bd9a95e2d97696148186eaf8446e079d51533e80a0a6712063b8
2023-03-20 21:13:17,True,3.865e-05,1.147e-08,515691.0,0.0591,0xc9...6849,https://bscscan.com/tx/0x151d04642fef92b45cc6e93df667c09f2d6e204b4315873b732e0c63665115a0
2023-03-20 21:12:26,True,3.846e-05,1.147e-08,87123.7,0.01,0x78...87ec,https://bscscan.com/tx/0x23cfe4d4643d5cccebfe162fc4fabd269274fc86e45948986a2ada8b02e4b3d6
2023-03-20 21:12:26,False,3.827e-05,1.142e-08,417484.0,0.0476,0xed...b974,https://bscscan.com/tx/0xc9e7ae5c95a423b7859993b72e1fa1be8895c4a95e6660c055e72e69d6b9e5ae
2023-03-20 21:12:26,False,3.827e-05,1.142e-08,53216.2,0.006,0xed...b974,https://bscscan.com/tx/0xc9e7ae5c95a423b7859993b72e1fa1be8895c4a95e6660c055e72e69d6b9e5ae
2023-03-20 21:12:26,True,3.846e-05,1.147e-08,301849.0,0.0346,0x8a...4aac,https://bscscan.com/tx/0xe4b9cde9ad68dfa7f7e8789d13cbc51fbf135eb749f3d77274342bbc29733f57
2023-03-20 21:11:35,True,3.848e-05,1.147e-08,56630.3,0.0065,0x0c...13ab,https://bscscan.com/tx/0x668d8c64c297fdbf0e1222c6d912ca90b6e505c2caeb6555d6f85140b69a032e
2023-03-20 21:10:53,True,3.852e-05,1.147e-08,5116640.0,0.5872,0x0c...13ab,https://bscscan.com/tx/0x917bc40140e1f4142c687f2c05b78be56fcc4cffe17e52a4cd1c03777d368d5e
2023-03-20 21:09:59,True,3.87e-05,1.147e-08,261411.0,0.03,0xa4...1ee1,https://bscscan.com/tx/0xa5f4e89c1583a5127d5afd87e0f55612028292434ff83bc17995027e0ba4b309
2023-03-20 21:09:35,True,3.849e-05,1.147e-08,800000.0,0.0918,0xb2...fa60,https://bscscan.com/tx/0x3ac2ea3ed7422e5c87f12db18b2ac010c536fbcc92394273ac34d2b0d25a050a
2023-03-20 21:08:44,True,3.849e-05,1.147e-08,900000.0,0.1032,0xb2...fa60,https://bscscan.com/tx/0x84a9da3e5a99f164274d51e941806de087ff5bccb10228044fc9f4268faf5d85
2023-03-20 21:08:23,True,3.849e-05,1.147e-08,600.764,6.894e-06,0x97...be67,https://bscscan.com/tx/0x5f5791da206f83b3321c3c61531d3bc495b905562ec28a80e88771b4d4bd3205
2023-03-20 21:08:05,False,3.85e-05,1.142e-08,10242986.0,1.16976,0x33...2b1c,https://bscscan.com/tx/0x7a6589ab131c5e6f5580639db09843e42da4868c58091f0b5f0fb5c09398883b
2023-03-20 21:08:05,False,3.85e-05,1.142e-08,1074.74,1.227e-05,0x33...2b1c,https://bscscan.com/tx/0x7a6589ab131c5e6f5580639db09843e42da4868c58091f0b5f0fb5c09398883b
2023-03-20 21:05:59,True,3.849e-05,1.147e-08,310179.0,0.0356,0xdb...6dd5,https://bscscan.com/tx/0x78f6a3acda8c836a01c2cad215f563d79924d7cc89223c2aada40e528ea9ddcb
2023-03-20 21:05:50,False,3.83e-05,1.142e-08,87610.8,0.01,0x8c...567b,https://bscscan.com/tx/0xf6f746628ce5fee71cb8dd102746745ead727bf78bb3fa00c02b3ddca30ea0f5
2023-03-20 21:05:50,False,3.83e-05,1.142e-08,111553.0,0.0127,0x8c...567b,https://bscscan.com/tx/0xf6f746628ce5fee71cb8dd102746745ead727bf78bb3fa00c02b3ddca30ea0f5
2023-03-20 21:04:53,True,3.867e-05,1.147e-08,13620156.0,1.56317,0x0b...b945,https://bscscan.com/tx/0x68b0291e1c380b2cd218fcfef5cfa37db6d3e500484eae5b7de7f408e5120534
2023-03-20 21:04:16,True,3.866e-05,1.147e-08,478273.0,0.0548,0xb3...961d,https://bscscan.com/tx/0xcbe63dd6969d57065b742f04404e6fb9fb38331b87f9d463fde371c233270a9f
2023-03-20 21:03:40,True,3.865e-05,1.147e-08,7233911.0,0.83,0x42...2082,https://bscscan.com/tx/0x7ad3318dd755ea80b712b91e39f8a3c8ac387f84d81ed5b5f78106620db494d8
2023-03-20 21:03:37,True,3.865e-05,1.147e-08,611410.0,0.0701,0xb3...961d,https://bscscan.com/tx/0x8b89efbd8a167eabf132c4a9f6234fd5a8de63f8cd2015d3d2977eb6fcb76522
2023-03-20 21:03:18,True,3.864e-05,1.147e-08,55000.0,0.0063,0xa6...55de,https://bscscan.com/tx/0x5eb4cf7f786e6ce9508ab758a9f400550560bbcfee09d227f2d17a2b0679a7f9
2023-03-20 21:03:06,True,3.845e-05,1.147e-08,6469268.0,0.7421,0xf0...6e87,https://bscscan.com/tx/0xdb645a96bfd7664d5c306e5ea28e43a48d95ebc6d4c7b4d2e4fc9fedec670cba
2023-03-20 21:00:55,False,3.827e-05,1.141e-08,12809509.0,1.46223,0xf0...6e87,https://bscscan.com/tx/0x9c21aea0409c1001eb5805cb041c24c74782f451ad2c6c21ddd3aa161c9a78ce
2023-03-20 21:00:55,False,3.827e-05,1.141e-08,3294.56,3.761e-05,0xf0...6e87,https://bscscan.com/tx/0x9c21aea0409c1001eb5805cb041c24c74782f451ad2c6c21ddd3aa161c9a78ce
2023-03-20 20:59:37,True,3.866e-05,1.147e-08,95866.4,0.011,0xe3...0b3e,https://bscscan.com/tx/0xd03dc4fc48cf35ca3a6d5e5cf6d94375198bbf86b9eb324ed0d7bb8a93c55285
2023-03-20 20:55:55,True,3.866e-05,1.147e-08,139442.0,0.016,0xc7...122d,https://bscscan.com/tx/0x6a1e186ffcbe25035101570ac9daff129f5325f15214474e6431e46558f6bb1e
2023-03-20 20:55:25,True,3.866e-05,1.147e-08,336990.0,0.0386,0xd2...3ce3,https://bscscan.com/tx/0xa5df97557f89d50b2fd77a7878723899e8a4cb254837f9956311ac3de203b069
2023-03-20 20:54:55,True,3.866e-05,1.147e-08,51472.5,0.0059,0x93...fe19,https://bscscan.com/tx/0xd0eeeb23ca685c8063ca2f62d4d0ae2c644dbd6dc88ecf7c4f9c75ca3a748528
2023-03-20 20:52:28,True,3.848e-05,1.147e-08,51468.6,0.0059,0x93...fe19,https://bscscan.com/tx/0x874e1ef10daaaf29d5c29aa0ee43d3974356c73008fdd955a9707034610e1ba7
2023-03-20 20:51:34,True,3.849e-05,1.147e-08,102937.0,0.0118,0x36...5700,https://bscscan.com/tx/0x90635f6eec03bdd3a78bbd26a25cdd59e52445cfb9c29a80dbdbb9dee1db06b6
2023-03-20 20:51:25,False,3.829e-05,1.141e-08,440704.0,0.0503,0x10...bf3b,https://bscscan.com/tx/0xc1e9de94c140b11e54d6ad7c005e12f65f39e4999c361dcae85527cbe565a96c
2023-03-20 20:51:25,False,3.829e-05,1.141e-08,509.603,5.818e-06,0x10...bf3b,https://bscscan.com/tx/0xc1e9de94c140b11e54d6ad7c005e12f65f39e4999c361dcae85527cbe565a96c
2023-03-20 20:49:10,False,3.848e-05,1.141e-08,13484.0,0.0015,0xf1...2393,https://bscscan.com/tx/0x2ddd388ea5272fa8b52e98d0b05e38db01965c74b1baf290f296c1caa53fa9a5
2023-03-20 20:49:01,True,3.867e-05,1.147e-08,4214234.0,0.4835,0xc8...f193,https://bscscan.com/tx/0x97d79a7fc1b4b0f5b16eab251b2f9bdcd6518c390d6576f58b871d6e789494d7
2023-03-20 20:48:22,False,3.849e-05,1.141e-08,777490.0,0.0887,0x96...8fe5,https://bscscan.com/tx/0x028351d51b8d892c88e8b86ce063a63d596d5e47d879ebc51d47073ab41c2eb7
2023-03-20 20:48:22,False,3.849e-05,1.141e-08,1865.03,2.129e-05,0x96...8fe5,https://bscscan.com/tx/0x028351d51b8d892c88e8b86ce063a63d596d5e47d879ebc51d47073ab41c2eb7
2023-03-20 20:47:25,False,3.849e-05,1.141e-08,688679.0,0.0786,0x69...9533,https://bscscan.com/tx/0xdd55ffd3fd26574d4b4d4ec89bd189bda32ff132570b51257f666cedea8dad01
2023-03-20 20:47:25,False,3.849e-05,1.141e-08,11311.2,0.0012,0x69...9533,https://bscscan.com/tx/0xdd55ffd3fd26574d4b4d4ec89bd189bda32ff132570b51257f666cedea8dad01
2023-03-20 20:46:58,True,3.868e-05,1.147e-08,189330.0,0.0217,0xf1...2393,https://bscscan.com/tx/0x540bf9fd9523256c936a585e96db4febb3b39f535d3aa1fc70d03f21825635d3
2023-03-20 20:46:25,False,3.854e-05,1.141e-08,3988000.0,0.4553,0x97...e988,https://bscscan.com/tx/0x36263b8c52328f8319c066aada0dbe2f44cbd9133faf407a26289c8d9db6a207
2023-03-20 20:46:25,False,3.855e-05,1.141e-08,11725.9,0.0013,0x97...e988,https://bscscan.com/tx/0x36263b8c52328f8319c066aada0dbe2f44cbd9133faf407a26289c8d9db6a207
2023-03-20 20:45:31,False,3.838e-05,1.141e-08,4329912.0,0.4943,0x44...bd91,https://bscscan.com/tx/0xc4a5e1e2c7e77d2627334447c12632f3609836d310814c244825bd94a0028fb4
2023-03-20 20:45:31,False,3.838e-05,1.141e-08,30878.2,0.0035,0x44...bd91,https://bscscan.com/tx/0xc4a5e1e2c7e77d2627334447c12632f3609836d310814c244825bd94a0028fb4
2023-03-20 20:45:04,True,3.855e-05,1.147e-08,1020000.0,0.117,0x6a...9bde,https://bscscan.com/tx/0x98d3aaa1230f5076121c64e8439c931069588226398ee9d230d060189e7663f8
2023-03-20 20:44:01,True,3.873e-05,1.147e-08,8714.23,0.001,0xd4...12dc,https://bscscan.com/tx/0x4e925ae1ca6ccbbd0ce3c717f9d175650b90ce685cdd894e7ca90eee60a05342
2023-03-20 20:41:01,False,3.836e-05,1.141e-08,10376448.0,1.18495,0x17...5ecd,https://bscscan.com/tx/0xd9b4356b169711726043305f1c7cb4d884b2fc2eacf5f7d91e8096a3d035573d
2023-03-20 20:41:01,False,3.836e-05,1.142e-08,1178.74,1.346e-05,0x17...5ecd,https://bscscan.com/tx/0xd9b4356b169711726043305f1c7cb4d884b2fc2eacf5f7d91e8096a3d035573d
2023-03-20 20:40:46,False,3.856e-05,1.142e-08,435261.0,0.0497,0xc3...740c,https://bscscan.com/tx/0x339007191320265ddeca4e934da5bf29b96dbc3664c917e20293a469dc44ea71
2023-03-20 20:40:46,False,3.856e-05,1.142e-08,21081.4,0.0024,0xc3...740c,https://bscscan.com/tx/0x339007191320265ddeca4e934da5bf29b96dbc3664c917e20293a469dc44ea71
2023-03-20 20:39:49,True,3.877e-05,1.147e-08,100000.0,0.0114,0xc1...14c6,https://bscscan.com/tx/0xd824fdeec5ac65b040fe6c0598c0d3b21a8b37f76c3a31086dc6583feda11f34
2023-03-20 20:39:19,True,3.857e-05,1.147e-08,100000.0,0.0114,0xc1...14c6,https://bscscan.com/tx/0x22025125709bc1a252d14ee1d6fe5c57a310fd0cb8323f2a8c57a7804ead4cec
2023-03-20 20:38:58,True,3.858e-05,1.147e-08,53981.2,0.0062,0xad...4cb1,https://bscscan.com/tx/0xf2f931fbcb11cdd6f31353a14628fb4e99af5af00206805b8b13d15d6eabd299
2023-03-20 20:38:58,True,3.858e-05,1.147e-08,100000.0,0.0114,0xc1...14c6,https://bscscan.com/tx/0x7a52c2b1480773d11cbb1babb0fade91fced7a67172df73c2ba6832f0f585a04
2023-03-20 20:38:55,True,3.858e-05,1.147e-08,87119.6,0.01,0x24...85b0,https://bscscan.com/tx/0xbf61fda80e90d8aa9dff0f46c075597efedf2187bc7c90b1be7ee56475545b39
2023-03-20 20:38:52,True,3.858e-05,1.147e-08,143689.0,0.0164,0xc1...4ff6,https://bscscan.com/tx/0x0b80eb0206633f11cc4108860c258b03bf91686e43403635277bbb1775c73b62
2023-03-20 20:38:31,True,3.875e-05,1.147e-08,100000.0,0.0114,0xc1...14c6,https://bscscan.com/tx/0x92359518266287c3d5a0b3692bc7b275786c75e74f38a979b855e166bad1d354
2023-03-20 20:38:01,True,3.854e-05,1.147e-08,1000000.0,0.1147,0xc1...14c6,https://bscscan.com/tx/0x95e4a4abb995e18ea3db5c9f9c990f23514d837d30cb70c2358e0ec502a99c5c
2023-03-20 20:37:34,True,3.858e-05,1.147e-08,1000000.0,0.1147,0xc1...14c6,https://bscscan.com/tx/0xa7d85fbfc3812ddee01ffee0d3aa9816b0e8cdf0c0ad80b1f1a71e26c12b16ed
2023-03-20 20:37:28,False,3.839e-05,1.142e-08,4985000.0,0.5693,0xb9...df4c,https://bscscan.com/tx/0x9b90d4acc7ee6ea7d2b2e4ccb14b3806d047332a96a876ec17bc8c1f92f1fb5f
2023-03-20 20:37:28,False,3.84e-05,1.142e-08,2272.42,2.595e-05,0xb9...df4c,https://bscscan.com/tx/0x9b90d4acc7ee6ea7d2b2e4ccb14b3806d047332a96a876ec17bc8c1f92f1fb5f
2023-03-20 20:37:16,False,3.84e-05,1.142e-08,839111.0,0.0958,0x92...2991,https://bscscan.com/tx/0x29ea86a66438a6b4600eec9c8f648a42e66d5af8172a6fab68fbee1582d8a175
2023-03-20 20:37:16,False,3.84e-05,1.142e-08,2459.52,2.809e-05,0x92...2991,https://bscscan.com/tx/0x29ea86a66438a6b4600eec9c8f648a42e66d5af8172a6fab68fbee1582d8a175
2023-03-20 20:35:22,True,3.873e-05,1.147e-08,346205.0,0.0397,0x1b...2618,https://bscscan.com/tx/0x392ebb7e7a3f5dd4f34b9ea2fa6ee88dd1f1d7c711c5cf1a5c63d5a2fc63c2c0
2023-03-20 20:33:49,True,3.853e-05,1.147e-08,538657.0,0.0618,0xaf...1793,https://bscscan.com/tx/0xdeceafa79421ac985f84f5e1cb415d6a04a1861497c6a7a913ee5b8f816244c2
2023-03-20 20:32:55,False,3.853e-05,1.142e-08,25993.6,0.0029,0x81...ace3,https://bscscan.com/tx/0x81a572290bec0dec061aadaad49c982d57c2a7c7e8bb818185ff86cfab1b6bf1
2023-03-20 20:32:55,False,3.853e-05,1.142e-08,71144.5,0.0081,0x81...ace3,https://bscscan.com/tx/0x81a572290bec0dec061aadaad49c982d57c2a7c7e8bb818185ff86cfab1b6bf1
2023-03-20 20:32:31,True,3.853e-05,1.147e-08,200362.0,0.023,0xd5...8beb,https://bscscan.com/tx/0x4b422025810fd44bf9d0e50b770cab19b0c8fc77b1f3c48164da4466fc7138e7
2023-03-20 20:32:16,False,3.855e-05,1.142e-08,26071012.0,2.97877,0xc0...1f4f,https://bscscan.com/tx/0xb5543529dc4f5b3d59b930ec25c86d30b7e2c72c616ff222b07a4215bd72044a
2023-03-20 20:32:16,False,3.856e-05,1.142e-08,138703.0,0.0158,0xc0...1f4f,https://bscscan.com/tx/0xb5543529dc4f5b3d59b930ec25c86d30b7e2c72c616ff222b07a4215bd72044a
2023-03-20 20:32:16,True,3.875e-05,1.148e-08,90000.0,0.0103,0x62...ca1b,https://bscscan.com/tx/0x5662b963dc8b2d7c1b704357356fd3dadf795e4710bb511348f889672821595c
2023-03-20 20:31:19,True,3.873e-05,1.147e-08,50279092.0,5.77176,0xc1...e030,https://bscscan.com/tx/0x0261263eff8d618fa7eab79aebf33ea197e6eef7658b522f3b96feac24404d95
2023-03-20 20:30:22,True,3.87e-05,1.147e-08,677286.0,0.0777,0xd0...1f21,https://bscscan.com/tx/0x7c55e29b2c0a2c9702d33fdb86c6ae87e4bf00333be5d5ff8b3c6d14e944a490
2023-03-20 20:30:02,False,3.851e-05,1.141e-08,324234.0,0.037,0x0b...f867,https://bscscan.com/tx/0xd34ff2bc63e9a5faba6ca8b257faecbfcf8abf048e07cfb59ecd8df7430d208c
2023-03-20 20:30:02,False,3.851e-05,1.141e-08,1039.45,1.186e-05,0x0b...f867,https://bscscan.com/tx/0xd34ff2bc63e9a5faba6ca8b257faecbfcf8abf048e07cfb59ecd8df7430d208c
2023-03-20 20:29:07,True,3.851e-05,1.147e-08,26150.3,0.003,0x81...ace3,https://bscscan.com/tx/0x3b8f7620e52746cc311b95cc081f160aac322fba9312ccc0cb22cdbfaad356d0
2023-03-20 20:27:15,False,3.832e-05,1.141e-08,357755.0,0.0408,0xff...9067,https://bscscan.com/tx/0xe3383dce04a7c5b3ba55f7eed3a6993d62a8deeb390c6a369a292c14317264d5
2023-03-20 20:27:15,False,3.832e-05,1.141e-08,42769.2,0.0048,0xff...9067,https://bscscan.com/tx/0xe3383dce04a7c5b3ba55f7eed3a6993d62a8deeb390c6a369a292c14317264d5
2023-03-20 20:26:30,True,3.851e-05,1.147e-08,2179230.0,0.25,0x9d...0d91,https://bscscan.com/tx/0xc02223e59ca6a0307cfd77795b8025b63aa16fc47f7f614caf6a58058e05796a
2023-03-20 20:25:51,False,3.852e-05,1.141e-08,13620214.0,1.55492,0x05...7066,https://bscscan.com/tx/0x6f624fdfb1adae6cc7b037d91699ccc57e6ada405efc2e4017ef2770b3fc16db
2023-03-20 20:25:51,False,3.853e-05,1.141e-08,70498.3,0.008,0x05...7066,https://bscscan.com/tx/0x6f624fdfb1adae6cc7b037d91699ccc57e6ada405efc2e4017ef2770b3fc16db
2023-03-20 20:25:03,False,3.855e-05,1.142e-08,26032163.0,2.97338,0xc0...1f4f,https://bscscan.com/tx/0x2c5a3cbdb1a7b64ee610b37d3c3afe2e7d1ec3e0a40e165faa64628dc4e68fdf
2023-03-20 20:25:03,False,3.856e-05,1.142e-08,64337.6,0.0073,0xc0...1f4f,https://bscscan.com/tx/0x2c5a3cbdb1a7b64ee610b37d3c3afe2e7d1ec3e0a40e165faa64628dc4e68fdf
2023-03-20 20:25:00,False,3.857e-05,1.142e-08,23757243.0,2.71523,0x05...7066,https://bscscan.com/tx/0x81853d5cdf92cb13bc2943c79dfcfa0aeae3d4face4202831e8edb4b45f3878c
2023-03-20 20:25:00,False,3.858e-05,1.143e-08,25621.9,0.0029,0x05...7066,https://bscscan.com/tx/0x81853d5cdf92cb13bc2943c79dfcfa0aeae3d4face4202831e8edb4b45f3878c
2023-03-20 20:24:45,False,3.84e-05,1.143e-08,9269009.0,1.0598,0x20...946b,https://bscscan.com/tx/0x89a2cf91513549d515893c4d77f968c396f6d469cc0f6e26a358e350e2f744bb
2023-03-20 20:24:45,False,3.841e-05,1.143e-08,32830.1,0.0037,0x20...946b,https://bscscan.com/tx/0x89a2cf91513549d515893c4d77f968c396f6d469cc0f6e26a358e350e2f744bb
2023-03-20 20:24:06,False,3.848e-05,1.143e-08,6441813.0,0.7366,0x05...7066,https://bscscan.com/tx/0x15c9ad56efa63ed01d49aef2bcb4e4956e3a71affcb2a3af530b76161ee810a0
2023-03-20 20:24:06,False,3.848e-05,1.143e-08,8777.31,0.001,0x05...7066,https://bscscan.com/tx/0x15c9ad56efa63ed01d49aef2bcb4e4956e3a71affcb2a3af530b76161ee810a0
2023-03-20 20:23:50,False,3.851e-05,1.143e-08,3241103.0,0.3707,0x41...2229,https://bscscan.com/tx/0x408d8937581376f71d2a1058ea6cbb1a6b226d7ae125b8872dbe933a7103801a
2023-03-20 20:23:50,False,3.851e-05,1.143e-08,27140.0,0.0031,0x41...2229,https://bscscan.com/tx/0x408d8937581376f71d2a1058ea6cbb1a6b226d7ae125b8872dbe933a7103801a
2023-03-20 20:23:26,False,3.872e-05,1.143e-08,10021705.0,1.14641,0x05...7066,https://bscscan.com/tx/0x219a45f9a4aedb09b5c960348e3b38076b97fe251e6dcbd4dfcede0223ce88c0
2023-03-20 20:23:26,False,3.872e-05,1.144e-08,5938.78,6.794e-05,0x05...7066,https://bscscan.com/tx/0x219a45f9a4aedb09b5c960348e3b38076b97fe251e6dcbd4dfcede0223ce88c0
2023-03-20 20:23:23,False,3.872e-05,1.144e-08,2192951.0,0.2509,0x2e...0a22,https://bscscan.com/tx/0x52b8318a2b76baece2b9e31cc28fd60b2e3cdd10f5aef8f58d1f9c4da5959750
2023-03-20 20:23:23,False,3.872e-05,1.144e-08,42004.4,0.0048,0x2e...0a22,https://bscscan.com/tx/0x52b8318a2b76baece2b9e31cc28fd60b2e3cdd10f5aef8f58d1f9c4da5959750
2023-03-20 20:23:20,False,3.873e-05,1.144e-08,15510532.0,1.77496,0x05...7066,https://bscscan.com/tx/0x555d5a02dcda43fc3c167a421c957a743089d8b1c3803e73c305343674d7b68d
2023-03-20 20:23:20,False,3.874e-05,1.144e-08,52957.4,0.006,0x05...7066,https://bscscan.com/tx/0x555d5a02dcda43fc3c167a421c957a743089d8b1c3803e73c305343674d7b68d
2023-03-20 20:23:06,False,3.859e-05,1.144e-08,19555015.0,2.23878,0x05...7066,https://bscscan.com/tx/0x54927bfb22c33598b6a45be21f2e2d0f6f22acf5cd503aa3e1fcb0d584999a80
2023-03-20 20:23:06,False,3.86e-05,1.145e-08,1620.0,1.855e-05,0x05...7066,https://bscscan.com/tx/0x54927bfb22c33598b6a45be21f2e2d0f6f22acf5cd503aa3e1fcb0d584999a80
2023-03-20 20:22:36,False,3.863e-05,1.145e-08,598200.0,0.0685,0x2d...9f41,https://bscscan.com/tx/0x49f2e4cc4455cd186de039701556be79cb641cc588f368df43a56cc85f95956d
2023-03-20 20:22:36,False,3.863e-05,1.145e-08,17436.1,0.002,0x2d...9f41,https://bscscan.com/tx/0x49f2e4cc4455cd186de039701556be79cb641cc588f368df43a56cc85f95956d
2023-03-20 20:22:33,False,3.864e-05,1.145e-08,6438446.0,0.7373,0x05...7066,https://bscscan.com/tx/0x20e417b81bd8d5760e3d0d1fd6d3b9b0879b55ff9c77984839d81c631c0887f5
2023-03-20 20:22:33,False,3.864e-05,1.145e-08,70189.6,0.008,0x05...7066,https://bscscan.com/tx/0x20e417b81bd8d5760e3d0d1fd6d3b9b0879b55ff9c77984839d81c631c0887f5
2023-03-20 20:22:30,False,3.866e-05,1.145e-08,25918167.0,2.96948,0xc0...1f4f,https://bscscan.com/tx/0xa8eefb64dd83bbc42b481fe71a00fb3d0717e7ab7dda8a07b5c6d733d1807f94
2023-03-20 20:22:30,False,3.867e-05,1.146e-08,20227.2,0.0023,0xc0...1f4f,https://bscscan.com/tx/0xa8eefb64dd83bbc42b481fe71a00fb3d0717e7ab7dda8a07b5c6d733d1807f94
2023-03-20 20:22:17,False,3.887e-05,1.146e-08,7469079.0,0.8561,0x05...7066,https://bscscan.com/tx/0x9f68a1584aa581ca713b64760351be83125ac4999adf1d40d96ff30a4b8e4bb8
2023-03-20 20:22:17,False,3.887e-05,1.146e-08,34008.7,0.0039,0x05...7066,https://bscscan.com/tx/0x9f68a1584aa581ca713b64760351be83125ac4999adf1d40d96ff30a4b8e4bb8
2023-03-20 20:22:08,False,3.888e-05,1.146e-08,12558012.0,1.43975,0x20...946b,https://bscscan.com/tx/0x1f5b7448ec8e42ba7b246e0107ced8e65223c6fc151a727c484fab985fd93048
2023-03-20 20:22:08,False,3.888e-05,1.146e-08,28587.5,0.0032,0x20...946b,https://bscscan.com/tx/0x1f5b7448ec8e42ba7b246e0107ced8e65223c6fc151a727c484fab985fd93048
2023-03-20 20:22:08,False,3.888e-05,1.146e-08,5174202.0,0.5933,0x6b...9f5d,https://bscscan.com/tx/0xe5a4f286374c8048b526b192b450ebdcd258ec0c4d46c1b468b18df8163caccb
2023-03-20 20:22:08,False,3.889e-05,1.146e-08,23012.6,0.0026,0x6b...9f5d,https://bscscan.com/tx/0xe5a4f286374c8048b526b192b450ebdcd258ec0c4d46c1b468b18df8163caccb
2023-03-20 20:22:01,False,3.87e-05,1.146e-08,8497601.0,0.9746,0x05...7066,https://bscscan.com/tx/0xe579d88128559eea5f60f1c3420663c29ac96bbfb8fc94cffc1a9e10b9177a9f
2023-03-20 20:22:01,False,3.871e-05,1.147e-08,13881.0,0.0015,0x05...7066,https://bscscan.com/tx/0xe579d88128559eea5f60f1c3420663c29ac96bbfb8fc94cffc1a9e10b9177a9f
2023-03-20 20:21:55,False,3.871e-05,1.147e-08,5125701.0,0.5879,0x6b...9f5d,https://bscscan.com/tx/0x221cc9eea8dade574fd0d5b8b093bf87a909a97bb8fa87602d67b7f30ff7d512
2023-03-20 20:21:55,False,3.871e-05,1.147e-08,13542.2,0.0015,0x6b...9f5d,https://bscscan.com/tx/0x221cc9eea8dade574fd0d5b8b093bf87a909a97bb8fa87602d67b7f30ff7d512
2023-03-20 20:21:55,False,3.872e-05,1.147e-08,5000595.0,0.5737,0x6b...9f5d,https://bscscan.com/tx/0x726379105f873821b83fc4e560fe124b750314fb20bb4ceca37ed0cf66a89e41
2023-03-20 20:21:55,False,3.872e-05,1.147e-08,13500.0,0.0015,0x6b...9f5d,https://bscscan.com/tx/0x726379105f873821b83fc4e560fe124b750314fb20bb4ceca37ed0cf66a89e41
2023-03-20 20:20:52,False,3.872e-05,1.147e-08,4985000.0,0.5719,0xb9...df4c,https://bscscan.com/tx/0x8353f9e42fcb9363c17d0245396b8eeba33c348bd00250daa7e1d13ce591a496
2023-03-20 20:20:52,False,3.873e-05,1.147e-08,38191.2,0.0043,0xb9...df4c,https://bscscan.com/tx/0x8353f9e42fcb9363c17d0245396b8eeba33c348bd00250daa7e1d13ce591a496
2023-03-20 20:20:35,True,3.912e-05,1.153e-08,523706.0,0.0604,0xc8...0b5e,https://bscscan.com/tx/0x41da3b1003ac378a5eb48a93ed6f2dc7dad54c69b430ce478f70da67530bb2df
2023-03-20 20:20:29,False,3.893e-05,1.147e-08,13580334.0,1.55857,0x05...7066,https://bscscan.com/tx/0x8aad3134546ebc2554c2101b62f511777f4997809fc4b13bdc4c1bfa46e8770b
2023-03-20 20:20:29,False,3.893e-05,1.147e-08,448.624,5.149e-06,0x05...7066,https://bscscan.com/tx/0x8aad3134546ebc2554c2101b62f511777f4997809fc4b13bdc4c1bfa46e8770b
2023-03-20 20:20:14,False,3.894e-05,1.147e-08,165659.0,0.019,0x10...6dfe,https://bscscan.com/tx/0x2f65e6f55d76d4224801837274c5f2753766db9bc92b1e8dd8052bf17d1033bc
2023-03-20 20:20:14,False,3.894e-05,1.147e-08,28125.4,0.0032,0x10...6dfe,https://bscscan.com/tx/0x2f65e6f55d76d4224801837274c5f2753766db9bc92b1e8dd8052bf17d1033bc
2023-03-20 20:20:11,True,3.913e-05,1.153e-08,120899.0,0.0139,0x8d...b28a,https://bscscan.com/tx/0x71a7fe2929a5594696f8c30c2da5d87e80b9bd031278eff63871aa047623936f
2023-03-20 20:19:59,False,3.894e-05,1.148e-08,10265020.0,1.17844,0x05...7066,https://bscscan.com/tx/0xd194084ad66f827e7191765150bf9404d50f198e8d52415bd4084b9cc8eca306
2023-03-20 20:19:59,False,3.895e-05,1.148e-08,38632.7,0.0044,0x05...7066,https://bscscan.com/tx/0xd194084ad66f827e7191765150bf9404d50f198e8d52415bd4084b9cc8eca306
2023-03-20 20:19:53,True,3.914e-05,1.153e-08,47663.5,0.0055,0x43...2e29,https://bscscan.com/tx/0xbee9f4b9c4f2f5fa32abf113846ed67af5f310e0866cddd05c3b689d3806dbce
2023-03-20 20:19:41,True,3.894e-05,1.153e-08,8500000.0,0.9807,0xb2...fa60,https://bscscan.com/tx/0xb924ef2f7fe301d087d187ab7172da12f7bab18a197b88d4ee4ac04a76d39072
2023-03-20 20:18:59,True,3.913e-05,1.153e-08,200600.0,0.0231,0x11...8635,https://bscscan.com/tx/0x2a1cbf70c466cee07c3890684203e9b7f5498283a7561cf27bb7b556a2e06ef4
2023-03-20 20:18:50,False,3.875e-05,1.147e-08,5543480.0,0.6363,0x05...7066,https://bscscan.com/tx/0x0c672910190030262a9eab64757c1ec9436dbd8a8b2eab81086812a74539b57e
2023-03-20 20:18:50,False,3.875e-05,1.148e-08,30189.4,0.0034,0x05...7066,https://bscscan.com/tx/0x0c672910190030262a9eab64757c1ec9436dbd8a8b2eab81086812a74539b57e
2023-03-20 20:18:47,False,3.875e-05,1.148e-08,11147722.0,1.28001,0x05...7066,https://bscscan.com/tx/0x284686c916b43bbb412efdced6db153e83bd223ed67bb390f37cf19807567861
,,3.876e-05,1.148e-08,27000.0,0.0031,0x05...7066,https://bscscan.com/tx/0x284686c916b43bbb412efdced6db153e83bd223ed67bb390f37cf19807567861
2023-03-20 20:17:47,False,3.892e-05,1.148e-08,9970000.0,1.14509,0x78...39b8,https://bscscan.com/tx/0x24e4f3692f5d990fc08b70f8b0f7723f70fc3aa9e8e08a287593471f213ac675
2023-03-20 20:17:47,False,3.892e-05,1.148e-08,71096.1,0.0081,0x78...39b8,https://bscscan.com/tx/0x24e4f3692f5d990fc08b70f8b0f7723f70fc3aa9e8e08a287593471f213ac675
2023-03-20 20:17:17,True,3.912e-05,1.154e-08,427746.0,0.0493,0x1b...c437,https://bscscan.com/tx/0x1080f491651a06673ae29313aabdf31c2a72189ec803112cf9a004a2a2abfbe1
2023-03-20 20:17:14,False,3.894e-05,1.149e-08,25826416.0,2.96755,0xc0...1f4f,https://bscscan.com/tx/0x51be4ae3cdfcd10e37630b2e9953e83b7efdc76c15ba99a676cd9a9f3e725fb0
2023-03-20 20:17:14,False,3.895e-05,1.149e-08,14000.1,0.0016,0xc0...1f4f,https://bscscan.com/tx/0x51be4ae3cdfcd10e37630b2e9953e83b7efdc76c15ba99a676cd9a9f3e725fb0
2023-03-20 20:16:56,False,3.895e-05,1.149e-08,5169672.0,0.5942,0x6b...9f5d,https://bscscan.com/tx/0xa9786e9d929dcba64ce4671e9d014d7879aff99f2da8c3f723ece4d97e12c6be
2023-03-20 20:16:56,False,3.895e-05,1.149e-08,19870.7,0.0022,0x6b...9f5d,https://bscscan.com/tx/0xa9786e9d929dcba64ce4671e9d014d7879aff99f2da8c3f723ece4d97e12c6be
2023-03-20 20:16:53,True,3.915e-05,1.155e-08,2327300.0,0.2688,0xe3...2dda,https://bscscan.com/tx/0xdf7e4a326c9520cb342a267642cac400877d66a856c584276bb9dcc554dbac1f
2023-03-20 20:16:53,False,3.895e-05,1.149e-08,5017105.0,0.5767,0x6b...9f5d,https://bscscan.com/tx/0x5481239240852cb3702ab92561b4bb37a92c4abf3a3bc4c94dabb50259782a2a
2023-03-20 20:16:53,False,3.896e-05,1.149e-08,31323.1,0.0036,0x6b...9f5d,https://bscscan.com/tx/0x5481239240852cb3702ab92561b4bb37a92c4abf3a3bc4c94dabb50259782a2a
2023-03-20 20:16:05,False,3.877e-05,1.149e-08,11566357.0,1.3299,0x05...7066,https://bscscan.com/tx/0xfc8dc9a6094391a8617368d05d3816325e9b0c20817b3e1404801e381af81c10
2023-03-20 20:16:05,False,3.877e-05,1.149e-08,80973.0,0.0093,0x05...7066,https://bscscan.com/tx/0xfc8dc9a6094391a8617368d05d3816325e9b0c20817b3e1404801e381af81c10
2023-03-20 20:15:59,False,3.898e-05,1.15e-08,29900030.0,3.4397,0x20...946b,https://bscscan.com/tx/0x4a6c16c059892e2a5f58289f33728054165543b8229153377ac38e0ccf7bff8f
2023-03-20 20:15:59,False,3.9e-05,1.15e-08,13913.0,0.0016,0x20...946b,https://bscscan.com/tx/0x4a6c16c059892e2a5f58289f33728054165543b8229153377ac38e0ccf7bff8f
2023-03-20 20:15:50,False,3.88e-05,1.15e-08,5137487.0,0.5912,0x6b...9f5d,https://bscscan.com/tx/0x10d0e6104ef2e4b4bceb5a60a1b6e017fd740ff6d23b5450a5800ace79a5e2a2
2023-03-20 20:15:50,False,3.881e-05,1.15e-08,13881.2,0.0016,0x6b...9f5d,https://bscscan.com/tx/0x10d0e6104ef2e4b4bceb5a60a1b6e017fd740ff6d23b5450a5800ace79a5e2a2
2023-03-20 20:15:50,False,3.881e-05,1.151e-08,5125766.0,0.59,0x6b...9f5d,https://bscscan.com/tx/0x047bf66724ba27281c1e25f3c97955b95acaa7e4a2aae5dc07199b988bb6114d
2023-03-20 20:15:50,False,3.881e-05,1.151e-08,13507.0,0.0015,0x6b...9f5d,https://bscscan.com/tx/0x047bf66724ba27281c1e25f3c97955b95acaa7e4a2aae5dc07199b988bb6114d
2023-03-20 20:15:50,False,3.881e-05,1.151e-08,4987570.0,0.5741,0x6b...9f5d,https://bscscan.com/tx/0xa0354ce537eb938a0f579748503e01d47558ddf7f4b99957e0ab7e909179d0c4
2023-03-20 20:15:50,False,3.882e-05,1.151e-08,13587.8,0.0015,0x6b...9f5d,https://bscscan.com/tx/0xa0354ce537eb938a0f579748503e01d47558ddf7f4b99957e0ab7e909179d0c4
2023-03-20 20:15:47,False,3.882e-05,1.151e-08,5017407.0,0.5776,0x6b...9f5d,https://bscscan.com/tx/0xf7e278e21913de2b2b265f7d292ebddb3440f64a7faa7bf06f4a54405db246fb
2023-03-20 20:15:47,False,3.882e-05,1.151e-08,8419.07,9.693e-05,0x6b...9f5d,https://bscscan.com/tx/0xf7e278e21913de2b2b265f7d292ebddb3440f64a7faa7bf06f4a54405db246fb
2023-03-20 20:15:08,True,3.901e-05,1.157e-08,1000000.0,0.1157,0xad...4cb1,https://bscscan.com/tx/0x080249d9d5252bdfc152af0ac7407e1e5427f704f7fa4581522514128a9acf83
2023-03-20 20:14:29,True,3.921e-05,1.157e-08,381164.0,0.0441,0x55...4b1a,https://bscscan.com/tx/0xc371ce517c1ff270a31a26c12c772abbc3df27bccb1c98976c1922d686284e8a
2023-03-20 20:13:38,False,3.902e-05,1.151e-08,1731799.0,0.1994,0x06...edbd,https://bscscan.com/tx/0x3194728fdba4197e280bf2e520490d8b44da0603ca1e2ce49d2620643c4bf6a3
2023-03-20 20:13:38,False,3.902e-05,1.151e-08,5400.0,6.217e-05,0x06...edbd,https://bscscan.com/tx/0x3194728fdba4197e280bf2e520490d8b44da0603ca1e2ce49d2620643c4bf6a3
2023-03-20 20:12:26,False,3.902e-05,1.151e-08,1994000.0,0.2296,0x93...f57c,https://bscscan.com/tx/0x415a4b73ff3668a11d917a26b244aae5ddb9394c4b14cc707ee0b5bfa3210b98
2023-03-20 20:12:26,False,3.902e-05,1.151e-08,12906.0,0.0014,0x93...f57c,https://bscscan.com/tx/0x415a4b73ff3668a11d917a26b244aae5ddb9394c4b14cc707ee0b5bfa3210b98
2023-03-20 20:11:56,True,3.921e-05,1.157e-08,1296183.0,0.15,0xd5...d34e,https://bscscan.com/tx/0xa775797587091e9134e49d066f0edaaff541c3749382ff244a369af558f77f66
2023-03-20 20:11:38,True,3.921e-05,1.157e-08,500079.0,0.0578,0x49...b188,https://bscscan.com/tx/0x97b8fc004d10edd098ac62f38509f7d11cf9fc777bc238c93d5c4699409886fb
2023-03-20 20:09:47,True,3.923e-05,1.157e-08,2444810.0,0.2829,0x17...a087,https://bscscan.com/tx/0x9544bb14c269a687b80b0e2dfc00688149c79ad11534f4dc5ef0c8da3067b3a9
2023-03-20 20:07:41,True,3.924e-05,1.157e-08,82040.6,0.0094,0x17...398f,https://bscscan.com/tx/0xe8df75110a476c4ad2273168fad7fb3af504d90983b71ab0e332f73bf1d90bfc
2023-03-20 20:05:05,False,3.906e-05,1.151e-08,131087.0,0.015,0x07...a2da,https://bscscan.com/tx/0x7467dd84ddbba7a3d2c4f822d407682fa844cab0ba134a61e9001664710a0487
2023-03-20 20:05:05,False,3.906e-05,1.151e-08,2700.0,3.108e-05,0x07...a2da,https://bscscan.com/tx/0x7467dd84ddbba7a3d2c4f822d407682fa844cab0ba134a61e9001664710a0487
2023-03-20 20:04:05,False,3.906e-05,1.151e-08,997000.0,0.1147,0x53...435b,https://bscscan.com/tx/0x461d4246268b8be1b880db93599fabb47e32deffa4f2044d0d16111c07e4532f
2023-03-20 20:04:05,False,3.906e-05,1.151e-08,389.437,4.483e-06,0x53...435b,https://bscscan.com/tx/0x461d4246268b8be1b880db93599fabb47e32deffa4f2044d0d16111c07e4532f
2023-03-20 20:02:41,False,3.906e-05,1.151e-08,88733.0,0.0102,0x89...5ef8,https://bscscan.com/tx/0x84bb66a7e959e5aaa8b39aa4bc983ad3de3181bdd7cffd40b70fb3398de712bb
2023-03-20 20:02:41,False,3.906e-05,1.151e-08,1363.72,1.57e-05,0x89...5ef8,https://bscscan.com/tx/0x84bb66a7e959e5aaa8b39aa4bc983ad3de3181bdd7cffd40b70fb3398de712bb
2023-03-20 20:02:11,False,3.906e-05,1.151e-08,503568.0,0.0579,0x9f...3127,https://bscscan.com/tx/0x7c43663e4fb5771859c9316a537f9103f323cf221041554cf62b9b274d08d978
2023-03-20 20:02:11,False,3.906e-05,1.151e-08,222227.0,0.0255,0x9f...3127,https://bscscan.com/tx/0x7c43663e4fb5771859c9316a537f9103f323cf221041554cf62b9b274d08d978
2023-03-20 19:57:50,True,3.905e-05,1.157e-08,6383008.0,0.7385,0x80...8c95,https://bscscan.com/tx/0xb631481580a4f3584366fe41bce62329715016c1dde91396ab8b718f41868149
2023-03-20 19:55:41,True,3.905e-05,1.156e-08,609159.0,0.0704,0xdc...d27b,https://bscscan.com/tx/0xb7cc7937648cffcf8927f5db775c2f89af906b37e5fb4f2e3292b5b279b435f0
2023-03-20 19:55:38,True,3.904e-05,1.156e-08,18068202.0,2.09,0xfa...45cf,https://bscscan.com/tx/0x8b26bd2fd8849aadfd713852733d96b83d06ac18f7bb63cff6d5fff084475007
2023-03-20 19:54:17,True,3.922e-05,1.156e-08,8000000.0,0.925,0x8a...4014,https://bscscan.com/tx/0x2e61d12d0396ce701983a9e179ebef89192dfce9e54a1e55dd7bcb12a9295497
2023-03-20 19:54:08,True,3.92e-05,1.155e-08,34394433.0,3.97509,0x19...a8b8,https://bscscan.com/tx/0xefdb78be8e4daf6697863fba9fff983f2fc40578c48386ad30f74859c697ac20
2023-03-20 19:54:05,True,3.899e-05,1.155e-08,246021.0,0.0284,0xb6...0da9,https://bscscan.com/tx/0xe0ec66ac80a1aa92832b1e2088c435f1a819483f623e67effccb4429d1c519cf
2023-03-20 19:53:32,True,3.917e-05,1.155e-08,10740640.0,1.24062,0x48...f0d7,https://bscscan.com/tx/0x9767f029a3d0a6dfa44e39f7ecd279fe87a53e0eff52c2ebff03df1297218fae
2023-03-20 19:53:08,True,3.917e-05,1.154e-08,34634.5,0.004,0x16...d772,https://bscscan.com/tx/0x769fe573aa93ac04fc4ff9930fafdf18a886053146fff8256295e82f8720f25e
2023-03-20 19:52:17,False,3.898e-05,1.149e-08,2991000.0,0.3437,0x53...435b,https://bscscan.com/tx/0x9c68bffad29c8ad785102699a09c96c4f33ae0cd5e5ec900d7d091fc6c8fe58b
2023-03-20 19:52:17,False,3.898e-05,1.149e-08,120288.0,0.0138,0x53...435b,https://bscscan.com/tx/0x9c68bffad29c8ad785102699a09c96c4f33ae0cd5e5ec900d7d091fc6c8fe58b
2023-03-20 19:51:38,True,3.916e-05,1.154e-08,40467052.0,4.67161,0xf7...9ba4,https://bscscan.com/tx/0xc8d4cae874694ec4fdf62aabe64a09ca3714b796765a7a5048ee336533192b48
2023-03-20 19:51:02,True,3.894e-05,1.153e-08,251335.0,0.029,0x5e...61fe,https://bscscan.com/tx/0x70d6416afc3f5876f169e02ef7f16774c09f3a2590ee7c8040574580d6f50421
2023-03-20 19:48:53,True,3.894e-05,1.153e-08,1773535.0,0.2046,0x60...01ef,https://bscscan.com/tx/0x389a3c14830058dea8098a58b4bf3e254ee5263ea0b927df6cbe1b22f3fae8c3
2023-03-20 19:48:32,True,3.913e-05,1.153e-08,1016083.0,0.1172,0xa0...e5b6,https://bscscan.com/tx/0x8b5a5dbfab7fbb63840f95e40434c8b4ca157cd058dbe9c56be2c6966fc4e892
2023-03-20 19:47:26,False,3.874e-05,1.148e-08,1039814.0,0.1193,0x95...3017,https://bscscan.com/tx/0x4e5f93b5ffaccea3d1e71ee97d89792937f024edec00f6ade125cd829bf26b7f
2023-03-20 19:47:26,False,3.874e-05,1.148e-08,651191.0,0.0747,0x95...3017,https://bscscan.com/tx/0x4e5f93b5ffaccea3d1e71ee97d89792937f024edec00f6ade125cd829bf26b7f
2023-03-20 19:46:17,True,3.892e-05,1.153e-08,29995669.0,3.4596,0x20...946b,https://bscscan.com/tx/0x25e52b21f85ee56ba50de48206a2387249ba3a06fb1ae2159732ff4c64ca56cf
2023-03-20 19:46:08,True,3.89e-05,1.152e-08,15359777.0,1.77054,0xaf...9dcd,https://bscscan.com/tx/0xd719059bf926f8fcdbf771b58c1dec9f08137e1198171dc92e9d89121635d107
2023-03-20 19:45:56,True,3.907e-05,1.152e-08,25614073.0,2.95105,0xaf...9dcd,https://bscscan.com/tx/0x72533847df58aa6aefc1885c1dd9ad22124eeda5c99f369ee91a2ba1c1302499
2023-03-20 19:45:53,True,3.904e-05,1.151e-08,25575890.0,2.94476,0xd9...14c1,https://bscscan.com/tx/0x9a5fc9f17a718c8d7fc1dc243b9849de64bd5b52c138a90d5d7696cb78d7ce42
2023-03-20 19:45:53,True,3.902e-05,1.15e-08,25642449.0,2.95053,0xc1...f4fe,https://bscscan.com/tx/0xbe482a11d4a0cab5ce3159ed0a7eac157bf2f433a82a662843dc22c977efb978
2023-03-20 19:45:50,True,3.881e-05,1.15e-08,1672598.0,0.1923,0xdf...d105,https://bscscan.com/tx/0xa9da1928d6170920189389ad512d5d75bfe5f026093ab7d03a9b5bee86e10aae
2023-03-20 19:45:44,True,3.88e-05,1.149e-08,25681350.0,2.95299,0xaf...9dcd,https://bscscan.com/tx/0xfba775b9d8d3ceff25d6574e4581b8587e1e1e2e6a22580448e7ec8b700aef53
2023-03-20 19:44:44,True,3.875e-05,1.148e-08,39823422.0,4.57538,0x7c...6cb0,https://bscscan.com/tx/0x92119afef7993d0dcb0ce58c1288159019726edbd64e2eaf5262b85f87c5d46b
2023-03-20 19:44:38,True,3.872e-05,1.147e-08,30085534.0,3.45356,0x20...946b,https://bscscan.com/tx/0xccd5ac0a4301cf2177b5757a6699231dcc774ede69f162412df3dc55e5e9b6f0
2023-03-20 19:43:53,True,3.889e-05,1.147e-08,50000.0,0.0057,0xfa...017f,https://bscscan.com/tx/0x74205fd927b48d024fe136ff99373b66c9bf218acaf413f6c4d1368eb1642358
2023-03-20 19:42:53,True,3.87e-05,1.147e-08,507634.0,0.0582,0xca...9941,https://bscscan.com/tx/0xf26dbedc2f265663fbaa5eba7aa09d746be5eb7589e09b12046d036a51ab99f6
2023-03-20 19:42:47,True,3.889e-05,1.147e-08,27887.6,0.0032,0x8a...5465,https://bscscan.com/tx/0x05253c1ed3dbf8c7eee4d1bb7dd083cc1022151c98ebf99887c39ec22924276a
2023-03-20 19:42:29,True,3.87e-05,1.147e-08,400000.0,0.0459,0xcc...3145,https://bscscan.com/tx/0x360b30683b032b22384d51a703093ad19e4261d2c73b4411db7b7b0949d55c57
2023-03-20 19:42:08,True,3.869e-05,1.147e-08,5038183.0,0.578,0x6b...9f5d,https://bscscan.com/tx/0xc13d03682cd45b8acbabd8a93b86b16c309b6a9e62d551f8f12a82e9a08a2fbc
2023-03-20 19:42:01,False,3.869e-05,1.141e-08,10644141.0,1.21527,0x33...82cd,https://bscscan.com/tx/0xf8b395307ab66585b70a41023e9411f681c1eacee5adc4e1d171f907d07d48c5
2023-03-20 19:42:01,False,3.87e-05,1.141e-08,141639.0,0.0161,0x33...82cd,https://bscscan.com/tx/0xf8b395307ab66585b70a41023e9411f681c1eacee5adc4e1d171f907d07d48c5
2023-03-20 19:42:01,True,3.889e-05,1.147e-08,5108838.0,0.5862,0x6b...9f5d,https://bscscan.com/tx/0xd4bbcf8457281f185cbf6c4c7e234f147bace93fc2e9c80b6ba1dff234f008b2
2023-03-20 19:41:55,True,3.889e-05,1.147e-08,5135155.0,0.5892,0x6b...9f5d,https://bscscan.com/tx/0x0771e9298ae86f72ffe5ca4157376fc5e3b9ab1b32a8abbecd738a2eba1bf575
2023-03-20 19:41:52,True,3.888e-05,1.147e-08,5107932.0,0.586,0x6b...9f5d,https://bscscan.com/tx/0x9705204ee70b9042d74e24f054ef330d43e6f8b2a94b16a169d251821e9c7f79
2023-03-20 19:41:52,True,3.888e-05,1.147e-08,5062457.0,0.5807,0x6b...9f5d,https://bscscan.com/tx/0x20ef115fbae5c97e60d31185d15e02b621a56debbe36f74cd140ea13e4add4a9
2023-03-20 19:41:49,True,3.887e-05,1.146e-08,5076582.0,0.5822,0x6b...9f5d,https://bscscan.com/tx/0x5953bb1b5a4f821b4a7cdaf95e03832127d82431a3c6b16d62e13eb9e0e2cea7
2023-03-20 19:41:49,True,3.887e-05,1.146e-08,5197296.0,0.596,0x6b...9f5d,https://bscscan.com/tx/0xc096303b955c1071a8b232fb2d8db3c88239c186c3f0d4dd306ccfb276d757fb
2023-03-20 19:41:16,True,3.867e-05,1.146e-08,2098278.0,0.2406,0xaa...65f2,https://bscscan.com/tx/0xa7220599a1104bd1491ebbc04d64006238f30c6da78b8cac142e37a6a72c9832
2023-03-20 19:40:39,True,3.867e-05,1.146e-08,5109547.0,0.5858,0x6b...9f5d,https://bscscan.com/tx/0x8b48f575836d963ba3f44e6f5d8707b9ca15ed2f52cb3ababfb3a7eb052a8851
2023-03-20 19:40:39,True,3.866e-05,1.146e-08,5129605.0,0.588,0x6b...9f5d,https://bscscan.com/tx/0x0db9de53610a4f03ce73914895cb7a3718ce5c5e4bab29fa1751abe80e0da9cf
2023-03-20 19:40:31,True,3.866e-05,1.146e-08,821816.0,0.0942,0xb2...4675,https://bscscan.com/tx/0xef4e6fbf9b20c2ceb170c01dd136bda5372d951881568e9c022956c1f4a42c19
2023-03-20 19:38:19,True,3.885e-05,1.146e-08,1415201.0,0.1622,0x80...cb68,https://bscscan.com/tx/0x952d704edea624d49256cda8a2afbc592716002a0ee4f51c3c929fb89e0bcbcc
2023-03-20 19:37:16,True,3.865e-05,1.146e-08,5682266.0,0.6513,0x80...cb68,https://bscscan.com/tx/0x4a547d9a711806158fb53e6ddefa298115340fd93672dcfd172135210f9fe49e
2023-03-20 19:37:10,False,3.846e-05,1.14e-08,1509535.0,0.1721,0x89...7dda,https://bscscan.com/tx/0x967043339234182945987abf2dd477eb05140c979ff2ecce35f42c59d84cf671
2023-03-20 19:37:10,False,3.846e-05,1.14e-08,384200.0,0.0438,0x89...7dda,https://bscscan.com/tx/0x967043339234182945987abf2dd477eb05140c979ff2ecce35f42c59d84cf671
2023-03-20 19:37:07,True,3.865e-05,1.146e-08,187365.0,0.0214,0xe8...ab0f,https://bscscan.com/tx/0x2b982b28a6ee8f68ebeca3ed97a181b392412b0e6cc4b0e20bc61d5af9e3400a
2023-03-20 19:32:49,True,3.864e-05,1.146e-08,3868944.0,0.4434,0x79...98c6,https://bscscan.com/tx/0x73b5733fbd23b73631034b66436d6607ca671b56fedd09af478a075c3c052c63
2023-03-20 19:32:07,True,3.863e-05,1.146e-08,3110001.0,0.3564,0x04...44a9,https://bscscan.com/tx/0xbb72a733efbf13a03e4369422cd39fc2192a900073d8c6b60bead1803ea62a2f
2023-03-20 19:31:49,True,3.883e-05,1.146e-08,218149.0,0.025,0x1f...eacb,https://bscscan.com/tx/0x3334167ee833aa0b4d8c69baaac5a5f16ed3e639d72f60c6067c62b5a63c6bfe
2023-03-20 19:31:10,False,3.848e-05,1.142e-08,133404032.0,15.2371,0x05...7066,https://bscscan.com/tx/0x345a511278f4281ae3c46c4be661c28b3b72d7f18af6e4c048a13a375d4d2428
2023-03-20 19:31:10,False,3.854e-05,1.144e-08,74052.0,0.0084,0x05...7066,https://bscscan.com/tx/0x345a511278f4281ae3c46c4be661c28b3b72d7f18af6e4c048a13a375d4d2428
2023-03-20 19:29:55,True,3.891e-05,1.149e-08,1435222.0,0.165,0xce...947f,https://bscscan.com/tx/0xb17d04da5c965f1b839c8a7c78fd2c4e2d7fd2d54034d8dead3629d6e9c7311e
2023-03-20 19:29:40,False,3.854e-05,1.144e-08,25913480.0,2.96556,0xc0...1f4f,https://bscscan.com/tx/0xb5d94de15b60e8910d46267a8b3649ba7bd3b7a8d80a1b11f75880c2fdf663cf
2023-03-20 19:29:40,False,3.855e-05,1.144e-08,70211.6,0.008,0xc0...1f4f,https://bscscan.com/tx/0xb5d94de15b60e8910d46267a8b3649ba7bd3b7a8d80a1b11f75880c2fdf663cf
2023-03-20 19:29:01,False,3.874e-05,1.145e-08,25926282.0,2.96895,0xc0...1f4f,https://bscscan.com/tx/0x4367f30a9c5b99c65f1fca9a7412b7eb2d2d9af99eb336e2f4f8300d119624fa
2023-03-20 19:29:01,False,3.875e-05,1.145e-08,84442.5,0.0096,0xc0...1f4f,https://bscscan.com/tx/0x4367f30a9c5b99c65f1fca9a7412b7eb2d2d9af99eb336e2f4f8300d119624fa
2023-03-20 19:28:10,False,3.858e-05,1.145e-08,25932636.0,2.9716,0xc0...1f4f,https://bscscan.com/tx/0x47a439b1b8dcc507226b90dde6c8372328d0a682cac274f787de736979605639
2023-03-20 19:28:10,False,3.859e-05,1.146e-08,47947.5,0.0055,0xc0...1f4f,https://bscscan.com/tx/0x47a439b1b8dcc507226b90dde6c8372328d0a682cac274f787de736979605639
2023-03-20 19:27:52,True,3.878e-05,1.152e-08,89626.0,0.0103,0x03...d62c,https://bscscan.com/tx/0x64640a0006740dd58a68b110916fa917d61196d21d57c316688c80e79547de35
2023-03-20 19:27:31,True,3.898e-05,1.152e-08,500326.0,0.0576,0xce...947f,https://bscscan.com/tx/0x734d82370782107d53223d067c9a8529aceeedc8a7500e6bfde8df7ddf402185
2023-03-20 19:26:10,True,3.896e-05,1.151e-08,200000.0,0.023,0x8c...cb83,https://bscscan.com/tx/0x0efe099532e68ad562b522876f039f41a572826757075461aec7f9578e00670c
2023-03-20 19:24:25,True,3.897e-05,1.151e-08,107585.0,0.0123,0xce...947f,https://bscscan.com/tx/0xe835438425b4389997efbd800bc07ad04ea0a66db8859bdafbbd7f44dc845ca7
2023-03-20 19:23:22,True,3.894e-05,1.151e-08,1527281.0,0.1759,0x80...cb68,https://bscscan.com/tx/0x6ad2ac88a957514850e7169c229614caee145f007731a7d45cfa80a0177c3ab4
2023-03-20 19:22:49,True,3.874e-05,1.151e-08,6130567.0,0.7061,0x80...cb68,https://bscscan.com/tx/0xfb63cdb15ba7b4dfbcf69a2b9d96e62a6392574dd626b0c90e51f91f202ca5b8
2023-03-20 19:22:10,False,3.872e-05,1.146e-08,903417.0,0.1035,0x6a...6a5a,https://bscscan.com/tx/0x20cca08d619f77d3b5d02057ac4d21b14672540bf97392782ffc0b26cfc32544
2023-03-20 19:22:10,False,3.872e-05,1.146e-08,78802.4,0.009,0x6a...6a5a,https://bscscan.com/tx/0x20cca08d619f77d3b5d02057ac4d21b14672540bf97392782ffc0b26cfc32544
2023-03-20 19:21:34,True,3.892e-05,1.151e-08,7708098.0,0.8877,0x6a...8124,https://bscscan.com/tx/0x8aa6beab30f31fbba1bc5c742b79367232bff0cf0900c80133f2d8542e4a61cd
2023-03-20 19:21:13,True,3.872e-05,1.151e-08,7118454.0,0.8196,0x97...e988,https://bscscan.com/tx/0x7d10addf644ffa6141a61b9039cd0ecb59dacfe3d86e8588b9b29c90c33cff0d
2023-03-20 19:19:25,True,3.87e-05,1.151e-08,2607730.0,0.3002,0x80...cb68,https://bscscan.com/tx/0x51a114d813f7180a87706276d8bce0819e53f217d32f25770d7697289201d6d0
2023-03-20 19:19:22,False,3.851e-05,1.145e-08,11716544.0,1.34238,0x12...cc03,https://bscscan.com/tx/0x073d9503f93e3e4ef6b2cb2a335ec92fdcb6be9b98128b5099a6bf5bbed4e12a
2023-03-20 19:19:22,False,3.852e-05,1.145e-08,122171.0,0.014,0x12...cc03,https://bscscan.com/tx/0x073d9503f93e3e4ef6b2cb2a335ec92fdcb6be9b98128b5099a6bf5bbed4e12a
2023-03-20 19:18:28,True,3.87e-05,1.151e-08,496660.0,0.0572,0x25...12c7,https://bscscan.com/tx/0x80899b34411387c35440a46a2b1e6d06d140f9c45477b5a4bc712a3d3fa9237c
2023-03-20 19:17:52,True,3.887e-05,1.151e-08,116469.0,0.0134,0xbc...11c1,https://bscscan.com/tx/0x15ed2f6737dfc6485b0f59bfcd00bf6cd89f7322a9483aade56d62df0a3597be
2023-03-20 19:17:46,True,3.887e-05,1.151e-08,1648246.0,0.1898,0xcc...c904,https://bscscan.com/tx/0x2c2c670c0ee7652425815be3fa82a258f1b91574005f31ba0683338a8d399723
2023-03-20 19:17:34,True,3.887e-05,1.151e-08,347353.0,0.04,0xdf...e2a6,https://bscscan.com/tx/0xcbcb00ac4694eb7dbe41be3003edd9f416ef323fcef629e4b4d5aab78954850c
2023-03-20 19:17:07,True,3.865e-05,1.151e-08,416827.0,0.048,0x66...9547,https://bscscan.com/tx/0xae67a21005f252da0b26992ff805a270e5fc165ec70ed9be2b8719abf49d852c
2023-03-20 19:13:22,False,3.868e-05,1.146e-08,42096415.0,4.82595,0xfb...c7b8,https://bscscan.com/tx/0x26d3be2bdcb7577f0b890b0b4c6fcf3b2a2077550f5422391ff9ee13ae0b5419
2023-03-20 19:13:22,False,3.871e-05,1.147e-08,468021.0,0.0536,0xfb...c7b8,https://bscscan.com/tx/0x26d3be2bdcb7577f0b890b0b4c6fcf3b2a2077550f5422391ff9ee13ae0b5419
2023-03-20 19:12:07,True,3.888e-05,1.152e-08,894287.0,0.103,0x80...cb68,https://bscscan.com/tx/0x5d99ca97d3d448f7e99b5d4feb6b8cdb3d34b185c8f834837a09ad48c26eec88
2023-03-20 19:12:07,True,3.887e-05,1.152e-08,459773.0,0.053,0xa8...9ce9,https://bscscan.com/tx/0xd6b7a2c690e6d47093699420c2e6fb3586924cc7a67259b2e62e878991d0df7d
2023-03-20 19:10:58,True,3.885e-05,1.152e-08,3598232.0,0.4147,0x80...cb68,https://bscscan.com/tx/0xb306748c03219a01e1ad5ad8bdac5fabe22741189a8efd700372d5424e9aca75
2023-03-20 19:09:43,True,3.866e-05,1.152e-08,940803.0,0.1084,0xaa...833f,https://bscscan.com/tx/0x394a400393ff3003a6efca03943ede8db3e9be1893b46ab421ae0bbf4855e696
2023-03-20 19:08:46,True,3.866e-05,1.152e-08,736903.0,0.0849,0xc1...7d71,https://bscscan.com/tx/0x23903c749c761184eae637ded99386a593421f4ae48de732fc573463c0039a27
2023-03-20 19:07:55,True,3.864e-05,1.152e-08,17581823.0,2.02601,0xc1...7d71,https://bscscan.com/tx/0xf44226cd322ee924456385e218f7c8b6cdbda5294c2f88f9de55d2d2e09423bd
2023-03-20 19:06:55,False,3.852e-05,1.148e-08,148681946.0,17.0755,0x55...d45d,https://bscscan.com/tx/0x489a8b6d02bf9511672fdb5c66fbb080daffecba78e4e995e293e2fd6a1c2d2b
2023-03-20 19:06:55,False,3.859e-05,1.15e-08,3982.35,4.582e-05,0x55...d45d,https://bscscan.com/tx/0x489a8b6d02bf9511672fdb5c66fbb080daffecba78e4e995e293e2fd6a1c2d2b
2023-03-20 19:06:46,True,3.898e-05,1.156e-08,1124227.0,0.13,0x55...11df,https://bscscan.com/tx/0xf2469a81da6b0581bae5e020ac0440a25d6e06afa6b1010a952d5184d3259939
2023-03-20 19:05:49,False,3.878e-05,1.15e-08,349666.0,0.0402,0xe7...29f5,https://bscscan.com/tx/0x1dcdcb1e6b913998181ddcdd6a70f93bbc147774152a20a1f3da46422927fbbd
2023-03-20 19:05:49,False,3.878e-05,1.15e-08,68160.0,0.0078,0xe7...29f5,https://bscscan.com/tx/0x1dcdcb1e6b913998181ddcdd6a70f93bbc147774152a20a1f3da46422927fbbd
2023-03-20 19:05:43,True,3.898e-05,1.156e-08,76959.9,0.0089,0x5a...9fa2,https://bscscan.com/tx/0x97b0520f532c36af4886a136b9b3f756839a7c9f9ad99524890da60272da6ba4
2023-03-20 19:05:10,False,3.86e-05,1.15e-08,25091987.0,2.88791,0x05...7066,https://bscscan.com/tx/0x866e9e515634eab939e75c1dd7f4fc1c8af6a97c003654824b36cd2046e6e207
2023-03-20 19:05:10,False,3.861e-05,1.151e-08,39859.3,0.0045,0x05...7066,https://bscscan.com/tx/0x866e9e515634eab939e75c1dd7f4fc1c8af6a97c003654824b36cd2046e6e207
2023-03-20 19:03:52,False,3.882e-05,1.151e-08,14545902.0,1.67496,0x05...7066,https://bscscan.com/tx/0x6a5f77432c53b4b20f8d62a38b1f88412972e4bb3a8f026fcd581ddd8e97288e
2023-03-20 19:03:52,False,3.883e-05,1.151e-08,19559.2,0.0022,0x05...7066,https://bscscan.com/tx/0x6a5f77432c53b4b20f8d62a38b1f88412972e4bb3a8f026fcd581ddd8e97288e
2023-03-20 19:03:22,False,3.864e-05,1.151e-08,7222423.0,0.8318,0x05...7066,https://bscscan.com/tx/0xe66311946f0a582f4822c3c533f44c55067d7eaedacb7b43edb1cf43a2e82325
2023-03-20 19:03:22,False,3.864e-05,1.151e-08,17145.7,0.0019,0x05...7066,https://bscscan.com/tx/0xe66311946f0a582f4822c3c533f44c55067d7eaedacb7b43edb1cf43a2e82325
2023-03-20 19:02:34,False,3.864e-05,1.152e-08,6331225.0,0.7293,0x05...7066,https://bscscan.com/tx/0xa75a47c70e442491e064c7ec9b73e72c066f51938f48f7bd9d1bad00a0a61b0d
2023-03-20 19:02:34,False,3.865e-05,1.152e-08,37662.6,0.0043,0x05...7066,https://bscscan.com/tx/0xa75a47c70e442491e064c7ec9b73e72c066f51938f48f7bd9d1bad00a0a61b0d
2023-03-20 19:02:31,False,3.887e-05,1.152e-08,13907271.0,1.60254,0x05...7066,https://bscscan.com/tx/0x3905463016484c8a38a5dac58490b349b566fbb11ea73118af2d4d7f146a7624
2023-03-20 19:02:31,False,3.888e-05,1.152e-08,85856.5,0.0099,0x05...7066,https://bscscan.com/tx/0x3905463016484c8a38a5dac58490b349b566fbb11ea73118af2d4d7f146a7624
2023-03-20 19:01:28,False,3.896e-05,1.152e-08,10773280.0,1.2418,0x05...7066,https://bscscan.com/tx/0x0838dc95195254c0b946df22ebc444af37010b74bdcc14f5c104756425e36678
2023-03-20 19:01:28,False,3.896e-05,1.152e-08,34672.3,0.004,0x05...7066,https://bscscan.com/tx/0x0838dc95195254c0b946df22ebc444af37010b74bdcc14f5c104756425e36678
2023-03-20 19:01:19,False,3.897e-05,1.153e-08,12803075.0,1.4762,0x05...7066,https://bscscan.com/tx/0x7a066166c2e7279e4eaae9c0aa6625beac989f443363d2ad5a91cea12d12f486
2023-03-20 19:01:19,False,3.898e-05,1.153e-08,126009.0,0.0145,0x05...7066,https://bscscan.com/tx/0x7a066166c2e7279e4eaae9c0aa6625beac989f443363d2ad5a91cea12d12f486
2023-03-20 19:01:19,False,3.9e-05,1.153e-08,46530163.0,5.36896,0x05...7066,https://bscscan.com/tx/0xf3f94ff9cabc2d574317c08d7864e97a23ca3001556540a63c3efc586c082967
2023-03-20 19:01:19,False,3.902e-05,1.154e-08,2700.0,3.117e-05,0x05...7066,https://bscscan.com/tx/0xf3f94ff9cabc2d574317c08d7864e97a23ca3001556540a63c3efc586c082967
2023-03-20 19:00:41,False,3.905e-05,1.154e-08,997000.0,0.1151,0x70...f534,https://bscscan.com/tx/0xf4202433cba3e318b336d161a59531c1fb144d9a525a6ac93a54e94c18dbb101
2023-03-20 19:00:41,False,3.905e-05,1.154e-08,22782.3,0.0026,0x70...f534,https://bscscan.com/tx/0xf4202433cba3e318b336d161a59531c1fb144d9a525a6ac93a54e94c18dbb101
2023-03-20 19:00:13,True,3.906e-05,1.16e-08,50000.0,0.0058,0x38...6157,https://bscscan.com/tx/0x951c1ca3129ecd7f37d7f1d932a4a8caadcb5589aecaffa139839cb02471b690
2023-03-20 19:00:07,False,3.887e-05,1.154e-08,8362737.0,0.9656,0x05...7066,https://bscscan.com/tx/0xa69a967488ddd57b15cd6838157167d240cd25191bd6b2963915e7093f3f81d9
2023-03-20 19:00:07,False,3.887e-05,1.154e-08,13500.1,0.0015,0x05...7066,https://bscscan.com/tx/0xa69a967488ddd57b15cd6838157167d240cd25191bd6b2963915e7093f3f81d9
2023-03-20 18:59:49,False,3.887e-05,1.154e-08,4985044.0,0.5757,0x87...d4ac,https://bscscan.com/tx/0x92098fbe247accf7627ac3ffbe8725af687ec924b8e51ea888da2dcb93193457
2023-03-20 18:59:49,False,3.887e-05,1.154e-08,15409.0,0.0017,0x87...d4ac,https://bscscan.com/tx/0x92098fbe247accf7627ac3ffbe8725af687ec924b8e51ea888da2dcb93193457
2023-03-20 18:59:10,False,3.907e-05,1.155e-08,5689900.0,0.6572,0x05...7066,https://bscscan.com/tx/0x01608ff3bbd1faeb8768ee11bc15b8ed354b94b42fe8bdae107a8aac0e3d5856
2023-03-20 18:59:10,False,3.907e-05,1.155e-08,28866.8,0.0033,0x05...7066,https://bscscan.com/tx/0x01608ff3bbd1faeb8768ee11bc15b8ed354b94b42fe8bdae107a8aac0e3d5856
2023-03-20 18:58:49,False,3.889e-05,1.155e-08,10659332.0,1.23144,0x05...7066,https://bscscan.com/tx/0x9c534c50451a7632dd0e62fb9e23a153e9adbfba09b604b2feec249dc5522797
2023-03-20 18:58:49,False,3.889e-05,1.155e-08,29003.1,0.0033,0x05...7066,https://bscscan.com/tx/0x9c534c50451a7632dd0e62fb9e23a153e9adbfba09b604b2feec249dc5522797
2023-03-20 18:58:49,False,3.89e-05,1.155e-08,10709674.0,1.23759,0x52...4394,https://bscscan.com/tx/0x5911a6c2cc9e1939fe346bf1397cfe34d4fe8ddd80b1166f765056da06236df4
2023-03-20 18:58:49,False,3.89e-05,1.155e-08,80973.0,0.0093,0x52...4394,https://bscscan.com/tx/0x5911a6c2cc9e1939fe346bf1397cfe34d4fe8ddd80b1166f765056da06236df4
2023-03-20 18:58:40,False,3.911e-05,1.156e-08,29900029.0,3.45697,0x20...946b,https://bscscan.com/tx/0x29ae1fc074d0ce3f3c588be9a31ec8b53c2db7884542e0460c732f49d39a277d
2023-03-20 18:58:40,False,3.913e-05,1.156e-08,13944.2,0.0016,0x20...946b,https://bscscan.com/tx/0x29ae1fc074d0ce3f3c588be9a31ec8b53c2db7884542e0460c732f49d39a277d
2023-03-20 18:58:37,False,3.913e-05,1.156e-08,5149008.0,0.5955,0x6b...9f5d,https://bscscan.com/tx/0x5facb9e0358c3b2040f0f75b44dfc60a0146cb4152cb84cdfff5eb19f38919c0
2023-03-20 18:58:37,False,3.913e-05,1.156e-08,13693.0,0.0015,0x6b...9f5d,https://bscscan.com/tx/0x5facb9e0358c3b2040f0f75b44dfc60a0146cb4152cb84cdfff5eb19f38919c0
2023-03-20 18:58:37,False,3.913e-05,1.156e-08,5056282.0,0.5849,0x6b...9f5d,https://bscscan.com/tx/0x52bb9a6a36763e574b72f705685f6002ea299f7c65324b5f57ba3cec1b5e5281
2023-03-20 18:58:37,False,3.914e-05,1.156e-08,13616.5,0.0015,0x6b...9f5d,https://bscscan.com/tx/0x52bb9a6a36763e574b72f705685f6002ea299f7c65324b5f57ba3cec1b5e5281
2023-03-20 18:58:37,False,3.914e-05,1.156e-08,5028033.0,0.5817,0x6b...9f5d,https://bscscan.com/tx/0x0df3884d8e19fad95680ce23f3b844df3899b0c76ce402c4e5d0f6b6662e3dc2
2023-03-20 18:58:37,False,3.914e-05,1.157e-08,13888.1,0.0016,0x6b...9f5d,https://bscscan.com/tx/0x0df3884d8e19fad95680ce23f3b844df3899b0c76ce402c4e5d0f6b6662e3dc2
2023-03-20 18:58:34,False,3.914e-05,1.157e-08,5128298.0,0.5934,0x6b...9f5d,https://bscscan.com/tx/0xb3125f15e3ba4c3a1deabddc2e189fa0620f95ad662343e0bacd557c8ee483ff
2023-03-20 18:58:34,False,3.915e-05,1.157e-08,13594.6,0.0015,0x6b...9f5d,https://bscscan.com/tx/0xb3125f15e3ba4c3a1deabddc2e189fa0620f95ad662343e0bacd557c8ee483ff
2023-03-20 18:58:31,False,3.915e-05,1.157e-08,5019930.0,0.5809,0x6b...9f5d,https://bscscan.com/tx/0x50e7747912478926a586fb2f5a9d422abcf7384de7d34a70a5437b695191b512
2023-03-20 18:58:31,False,3.915e-05,1.157e-08,24329.5,0.0028,0x6b...9f5d,https://bscscan.com/tx/0x50e7747912478926a586fb2f5a9d422abcf7384de7d34a70a5437b695191b512
2023-03-20 18:58:28,True,3.935e-05,1.163e-08,128960.0,0.015,0x45...bd5f,https://bscscan.com/tx/0xfa75f21c6a22b9f54d0d5017d2c323065073e154875bcf9899b51851f1e6b052
2023-03-20 18:57:22,False,3.896e-05,1.157e-08,8855327.0,1.02498,0x05...7066,https://bscscan.com/tx/0x17e9d63d57c0c992ea9aed642e56367584bc18178dc136c953eeb3a6103271bc
2023-03-20 18:57:22,False,3.897e-05,1.157e-08,5863.47,6.787e-05,0x05...7066,https://bscscan.com/tx/0x17e9d63d57c0c992ea9aed642e56367584bc18178dc136c953eeb3a6103271bc
2023-03-20 18:57:10,True,3.917e-05,1.163e-08,1430528.0,0.1664,0x74...f01f,https://bscscan.com/tx/0x27fc5fe150854f25cff7445bfbd955321467cd1b0e2b0b6f4ad143cc8295f3c0
2023-03-20 18:56:43,True,3.936e-05,1.163e-08,78840.2,0.0091,0x9b...e3c4,https://bscscan.com/tx/0x0402c5314795598592b9ef27244d64accc79df3014aefc49f40b180d5e391641
2023-03-20 18:56:31,False,3.917e-05,1.157e-08,520655.0,0.0602,0x58...3b72,https://bscscan.com/tx/0xc4a561d2a269250e04c13e50558a63d33ecdfc1ed9ed40f663a581bf3ea7dc92
2023-03-20 18:56:31,False,3.917e-05,1.157e-08,80973.0,0.0093,0x58...3b72,https://bscscan.com/tx/0xc4a561d2a269250e04c13e50558a63d33ecdfc1ed9ed40f663a581bf3ea7dc92
2023-03-20 18:56:04,False,3.918e-05,1.158e-08,29900030.0,3.46245,0x20...946b,https://bscscan.com/tx/0xf0e6516977faea5e95d2b1b9fbfb7ac5c4a2b14f45c3ee00fa0ffe14960b300a
2023-03-20 18:56:04,False,3.92e-05,1.158e-08,17261.0,0.002,0x20...946b,https://bscscan.com/tx/0xf0e6516977faea5e95d2b1b9fbfb7ac5c4a2b14f45c3ee00fa0ffe14960b300a
2023-03-20 18:56:01,False,3.92e-05,1.158e-08,6373791.0,0.7384,0x05...7066,https://bscscan.com/tx/0xc957212744d23b09e24695787efc7acb9b855be1477a8bd99e54ca55b6002adf
2023-03-20 18:56:01,False,3.92e-05,1.158e-08,13956.8,0.0016,0x05...7066,https://bscscan.com/tx/0xc957212744d23b09e24695787efc7acb9b855be1477a8bd99e54ca55b6002adf
2023-03-20 18:55:58,True,3.92e-05,1.164e-08,144202.0,0.0167,0x9f...c959,https://bscscan.com/tx/0x4d52260f8654a409d4bb8a6042bec227a00fac4c9ca1c35376e9f8abca1a3750
2023-03-20 18:55:58,False,3.901e-05,1.158e-08,5009908.0,0.5805,0x6b...9f5d,https://bscscan.com/tx/0x8d44e8a5a3188cc6cc6c13b87d7f8bb4d045dc45144d8022d1fad1da625f7796
2023-03-20 18:55:58,False,3.901e-05,1.158e-08,13892.2,0.0016,0x6b...9f5d,https://bscscan.com/tx/0x8d44e8a5a3188cc6cc6c13b87d7f8bb4d045dc45144d8022d1fad1da625f7796
2023-03-20 18:55:55,False,3.901e-05,1.158e-08,5129826.0,0.5944,0x6b...9f5d,https://bscscan.com/tx/0xd28f5cde5bb8eb513eaf283202b5b7903b0b8e1866346bb099f303fe10958928
2023-03-20 18:55:55,False,3.902e-05,1.158e-08,13574.9,0.0015,0x6b...9f5d,https://bscscan.com/tx/0xd28f5cde5bb8eb513eaf283202b5b7903b0b8e1866346bb099f303fe10958928
2023-03-20 18:55:55,False,3.902e-05,1.158e-08,5012658.0,0.5809,0x6b...9f5d,https://bscscan.com/tx/0x88bf7178e114a468c7d372080c9128831ca3cb360cb2fadf07df7296f635b6d3
2023-03-20 18:55:55,False,3.902e-05,1.159e-08,13936.9,0.0016,0x6b...9f5d,https://bscscan.com/tx/0x88bf7178e114a468c7d372080c9128831ca3cb360cb2fadf07df7296f635b6d3
2023-03-20 18:55:52,False,3.902e-05,1.159e-08,5146338.0,0.5965,0x6b...9f5d,https://bscscan.com/tx/0x2eb7255ecc470aa1c60f9c8cb0eda0a6b0120485b6416845a4cd6d1fd3d6aa89
2023-03-20 18:55:52,False,3.903e-05,1.159e-08,13696.6,0.0015,0x6b...9f5d,https://bscscan.com/tx/0x2eb7255ecc470aa1c60f9c8cb0eda0a6b0120485b6416845a4cd6d1fd3d6aa89
2023-03-20 18:55:49,False,3.903e-05,1.159e-08,5057611.0,0.5863,0x6b...9f5d,https://bscscan.com/tx/0xfa225c270ab7f5afde4296be96a8fad7a67605fb3c386d8bf0bfa5bc5bfff9d1
2023-03-20 18:55:49,False,3.903e-05,1.159e-08,69057.3,0.008,0x6b...9f5d,https://bscscan.com/tx/0xfa225c270ab7f5afde4296be96a8fad7a67605fb3c386d8bf0bfa5bc5bfff9d1
2023-03-20 18:55:25,True,3.922e-05,1.164e-08,15638065.0,1.82177,0x80...cb68,https://bscscan.com/tx/0x824d4e02e6dbb36e84f02080f11ecec30ef395996ff52e04778984b9347d87ef
2023-03-20 18:53:37,True,3.94e-05,1.164e-08,305836.0,0.0356,0x07...9e5e,https://bscscan.com/tx/0xa4718f98edbffe0f398f85cdbe3d2fe23851da7100aea6ddecb228aa831ab709
2023-03-20 18:52:58,False,3.902e-05,1.159e-08,7361782.0,0.8532,0x87...cbd9,https://bscscan.com/tx/0x947ffaa440907392a4da1f9e874ad82d948413cfac42e675dec5c6ba88c72ad7
2023-03-20 18:52:58,False,3.902e-05,1.159e-08,3152.41,3.654e-05,0x87...cbd9,https://bscscan.com/tx/0x947ffaa440907392a4da1f9e874ad82d948413cfac42e675dec5c6ba88c72ad7
2023-03-20 18:52:25,True,3.941e-05,1.164e-08,703988.0,0.082,0xc8...bec6,https://bscscan.com/tx/0xd26d9994ce98f091228069277201582cdf461a9ef7bfb593abc02d5057b648a8
2023-03-20 18:51:22,False,3.901e-05,1.159e-08,462179.0,0.0535,0xdf...c1dc,https://bscscan.com/tx/0x24b709265785742b6cf2096e64b1b747c5f31f95e41699d5619adfc6be00a970
2023-03-20 18:51:22,False,3.901e-05,1.159e-08,9008.59,0.001,0xdf...c1dc,https://bscscan.com/tx/0x24b709265785742b6cf2096e64b1b747c5f31f95e41699d5619adfc6be00a970
2023-03-20 18:50:19,True,3.94e-05,1.164e-08,500000.0,0.0582,0x01...4ce3,https://bscscan.com/tx/0x6c7e665b5a67181d380d975142b4db6ccf2f5beb69477e1d73d26e79f7ab7f32
2023-03-20 18:50:01,False,3.92e-05,1.159e-08,2828007.0,0.3278,0xd1...1e7f,https://bscscan.com/tx/0x6b227d23e5b7ad5daefd1986ac8d0c1d994b690276bec4bb9ca8d13258724209
2023-03-20 18:50:01,False,3.921e-05,1.159e-08,104205.0,0.012,0xd1...1e7f,https://bscscan.com/tx/0x6b227d23e5b7ad5daefd1986ac8d0c1d994b690276bec4bb9ca8d13258724209
2023-03-20 18:49:43,True,3.94e-05,1.164e-08,1692871.0,0.1972,0x3f...0c42,https://bscscan.com/tx/0x4d7d02f38ac13fa66ac7a41a7b39d965080e516f2dd1602bc2c06b1c584d3199
2023-03-20 18:49:25,True,3.938e-05,1.164e-08,34232143.0,3.98615,0x05...00de,https://bscscan.com/tx/0xb6e14bcaa871ffb3327cbcacbca83087d8b9ab0d7f992c0e12fe2452a561b373
2023-03-20 18:49:16,True,3.937e-05,1.163e-08,142880.0,0.0166,0xc1...5136,https://bscscan.com/tx/0x80780abdcd9524bb8e41d099bed7a8d350bd143c12d7621546c007730eed05fd
2023-03-20 18:47:22,True,3.936e-05,1.163e-08,293158.0,0.0341,0x68...e288,https://bscscan.com/tx/0xb4b910049461941af1b90b7e4549e662af6e09afba9d3e30ce05e46ff5875555
2023-03-20 18:46:49,True,3.917e-05,1.163e-08,505000.0,0.0587,0x55...b68f,https://bscscan.com/tx/0xa10af952a61e81db05831fbea32906219bc13f561f0c2ae4ddc66170d8c40c89
2023-03-20 18:45:55,True,3.936e-05,1.163e-08,154650.0,0.018,0x45...bd5f,https://bscscan.com/tx/0xe5f7289c094d9e83810eb966417505fac637b9a333620cbbe69e7f5262b58012
2023-03-20 18:45:43,False,3.916e-05,1.158e-08,1569069.0,0.1817,0x3e...68b5,https://bscscan.com/tx/0xc12cf56072fb17dc7fe37bb80c9bf780b39186fec9ee66007d3f904e14a63dac
2023-03-20 18:45:43,False,3.917e-05,1.158e-08,975.358,1.129e-05,0x3e...68b5,https://bscscan.com/tx/0xc12cf56072fb17dc7fe37bb80c9bf780b39186fec9ee66007d3f904e14a63dac
2023-03-20 18:43:13,False,3.898e-05,1.158e-08,360160.0,0.0417,0xf6...e723,https://bscscan.com/tx/0xdcb280900819f2692c37be892bc2c2ee81bd273c929899e53921cdadce5b9dde
2023-03-20 18:43:13,False,3.898e-05,1.158e-08,3510.46,4.065e-05,0xf6...e723,https://bscscan.com/tx/0xdcb280900819f2692c37be892bc2c2ee81bd273c929899e53921cdadce5b9dde
2023-03-20 18:43:10,False,3.917e-05,1.158e-08,1296268.0,0.1501,0xb2...46ce,https://bscscan.com/tx/0xba37a9fd517efcdd37c833aa331579e01758979b30de71a9ee624539e4b0322e
2023-03-20 18:43:10,False,3.917e-05,1.158e-08,5353.24,6.2e-05,0xb2...46ce,https://bscscan.com/tx/0xba37a9fd517efcdd37c833aa331579e01758979b30de71a9ee624539e4b0322e
2023-03-20 18:42:37,True,3.917e-05,1.163e-08,1500000.0,0.1746,0xd7...5cab,https://bscscan.com/tx/0x55952d9acc429347c4e95724f63964590d82be2fab6fda283f500e3713d4b42f
2023-03-20 18:42:13,False,3.898e-05,1.158e-08,481234.0,0.0557,0x3d...691e,https://bscscan.com/tx/0xce95e10c9a0e60fa93a1542650f81df72fbe02e357953942332ffa30a814519b
2023-03-20 18:42:13,False,3.898e-05,1.158e-08,178540.0,0.0206,0x3d...691e,https://bscscan.com/tx/0xce95e10c9a0e60fa93a1542650f81df72fbe02e357953942332ffa30a814519b
2023-03-20 18:41:37,True,3.917e-05,1.163e-08,2631079.0,0.3062,0x06...4556,https://bscscan.com/tx/0x000266bcf628c566b5a5a5e327fa77220034e5229ed58f88ddbea9766bae3b21
2023-03-20 18:41:25,True,3.936e-05,1.163e-08,3760956.0,0.4377,0xfc...b6e5,https://bscscan.com/tx/0x2cdec3d536563f31410692cd3f67832b006a8ec166d2de6ca12279a67214c8a3
2023-03-20 18:41:10,True,3.935e-05,1.163e-08,59043070.0,6.86974,0x04...5a59,https://bscscan.com/tx/0xf53b1744f0746d7e4798828a1a7b388f0e5452a82914b5c22565a1e38ed1dcf1
2023-03-20 18:40:37,True,3.911e-05,1.162e-08,172107.0,0.02,0xe3...0b3e,https://bscscan.com/tx/0xc3247e3e180f9a855b7cb79804980002b9dcdf42547e125bfaf6ecf22abb1d66
2023-03-20 18:39:16,False,3.911e-05,1.156e-08,517031.0,0.0597,0x08...407f,https://bscscan.com/tx/0x1e944a655e5155749f5bcec0de40ab12e6f8b6e27f23c36a96a9851988203634
2023-03-20 18:39:16,False,3.911e-05,1.156e-08,1853.06,2.142e-05,0x08...407f,https://bscscan.com/tx/0x1e944a655e5155749f5bcec0de40ab12e6f8b6e27f23c36a96a9851988203634
2023-03-20 18:37:40,False,3.891e-05,1.156e-08,684259.0,0.0791,0x7e...6735,https://bscscan.com/tx/0x7f502dc547e5df0188f2e3be17babc4b937f48e682e21c06e2c53950ff8cdad8
2023-03-20 18:37:40,False,3.891e-05,1.156e-08,5172.98,5.981e-05,0x7e...6735,https://bscscan.com/tx/0x7f502dc547e5df0188f2e3be17babc4b937f48e682e21c06e2c53950ff8cdad8
2023-03-20 18:37:37,False,3.891e-05,1.156e-08,1910169.0,0.2208,0xab...5d09,https://bscscan.com/tx/0x91b70b875c38c0c178f6f344562a9e08aad182e8d51b0e272db73addfbba6bf4
2023-03-20 18:37:37,False,3.891e-05,1.156e-08,32991.8,0.0038,0xab...5d09,https://bscscan.com/tx/0x91b70b875c38c0c178f6f344562a9e08aad182e8d51b0e272db73addfbba6bf4
2023-03-20 18:37:37,True,3.91e-05,1.162e-08,43023.5,0.005,0x33...1bdc,https://bscscan.com/tx/0xd5b10da730d3f0344db170c1f5fd605122a2330b6ff6a5ef1cdc64bdf5442b48
2023-03-20 18:37:16,True,3.93e-05,1.162e-08,688383.0,0.08,0x7e...6735,https://bscscan.com/tx/0x38e4be6387fd4f76c68ccb0ad193f06e77cdc049e31a8192b6552d07b72d60c7
2023-03-20 18:36:40,True,3.929e-05,1.162e-08,7963156.0,0.9253,0x6d...db49,https://bscscan.com/tx/0xfad4422b469d54d5991bd0be2753f70cfaf26f1ebea68d7f31406514d3d9dcf8
2023-03-20 18:36:28,False,3.909e-05,1.156e-08,3514061.0,0.4062,0x90...c30c,https://bscscan.com/tx/0x948b4cd7f64d3b0e4d3a11e102eb8a75fdff43be1210aaa6cc092804d320c838
2023-03-20 18:36:28,False,3.91e-05,1.156e-08,3146.97,3.638e-05,0x90...c30c,https://bscscan.com/tx/0x948b4cd7f64d3b0e4d3a11e102eb8a75fdff43be1210aaa6cc092804d320c838
2023-03-20 18:36:10,True,3.91e-05,1.161e-08,860591.0,0.1,0x42...39aa,https://bscscan.com/tx/0x9a271d0d15a154fda1b115805c6c695a96156612275116e836c82db5e188547b
2023-03-20 18:35:43,False,3.89e-05,1.156e-08,304039.0,0.0351,0x7e...6735,https://bscscan.com/tx/0xf773400f80998429dc25e32a2753ca0915df819cb17d9bc1d99a56d68701eae0
2023-03-20 18:35:43,False,3.89e-05,1.156e-08,107768.0,0.0124,0x7e...6735,https://bscscan.com/tx/0xf773400f80998429dc25e32a2753ca0915df819cb17d9bc1d99a56d68701eae0
2023-03-20 18:33:46,True,3.909e-05,1.161e-08,6041304.0,0.7019,0xc4...1aad,https://bscscan.com/tx/0xcc66154827b0964000a8cf4b6f48199ab75132855b0abb5c53079c5faa2ee781
2023-03-20 18:33:43,True,3.908e-05,1.161e-08,3012640.0,0.35,0x0e...eb86,https://bscscan.com/tx/0x4c0cc2dce887cdb052ca1aa1393488493e32b668bc9f02753abc5ed27710c382
2023-03-20 18:33:19,True,3.906e-05,1.161e-08,29741.0,0.0034,0x27...b950,https://bscscan.com/tx/0xb707d14587b2eec2c09538c07df723d6767bd5f1e553769773195cad0000b437
2023-03-20 18:32:43,True,3.903e-05,1.161e-08,180791.0,0.021,0xd6...c1b8,https://bscscan.com/tx/0x82eb09674a65427efe9dec695c8c669a5dcabfd41cf045bbcc538bc92a15a4c6
2023-03-20 18:31:31,True,3.902e-05,1.161e-08,30085625.0,3.49379,0x20...946b,https://bscscan.com/tx/0x5249945d5034a5dd4e7485535812f4579caf1c9f59789afd5347d21c7aef59f1
2023-03-20 18:31:28,False,3.881e-05,1.155e-08,562449.0,0.0649,0xc3...a263,https://bscscan.com/tx/0x015de894d42c84853147f3ce5819c447c3bdb3cf884ed5e55a1a8f9769185aaa
2023-03-20 18:31:28,False,3.881e-05,1.155e-08,93946.4,0.0108,0xc3...a263,https://bscscan.com/tx/0x015de894d42c84853147f3ce5819c447c3bdb3cf884ed5e55a1a8f9769185aaa
2023-03-20 18:31:28,True,3.901e-05,1.16e-08,396259.0,0.046,0x56...1f4e,https://bscscan.com/tx/0x56429b9989f5bf10f189000b4c314565644ae10ef1fdea342fa3dfea4caeecec
2023-03-20 18:30:43,False,3.905e-05,1.155e-08,34195015.0,3.9514,0x31...3124,https://bscscan.com/tx/0x2af331a5aa51f957b0a5affbe28f74694bd1355cf4903bc0128a935a7ddce672
2023-03-20 18:30:43,False,3.906e-05,1.156e-08,125721.0,0.0145,0x31...3124,https://bscscan.com/tx/0x2af331a5aa51f957b0a5affbe28f74694bd1355cf4903bc0128a935a7ddce672
2023-03-20 18:30:22,True,3.904e-05,1.161e-08,683905.0,0.0794,0xc7...a38f,https://bscscan.com/tx/0x3e021e92cdf2c50ff51ce35760592fa32613338b2d9997be93576a5bc7c316e3
2023-03-20 18:29:22,True,3.903e-05,1.161e-08,1484756.0,0.1725,0x12...a8bc,https://bscscan.com/tx/0x9e486dc58e3159cd24d54589eb29553ba6be657af27581fb59eb6494867613e5
2023-03-20 18:28:49,True,3.922e-05,1.161e-08,13802398.0,1.60326,0x91...23f5,https://bscscan.com/tx/0xa7dc4db24f9ace19af473bf63ee05fea7b89f8434547d2eee43dbbfebbec9919
2023-03-20 18:27:13,True,3.918e-05,1.16e-08,30085815.0,3.49279,0x20...946b,https://bscscan.com/tx/0x646f22becbc91d52df305e6057a0e29dbc0a7e056c40a60a89334a9a923404b3
2023-03-20 18:26:46,False,3.878e-05,1.154e-08,504935.0,0.0583,0x77...aa93,https://bscscan.com/tx/0x073b6270480272ce3bb29eb5d31b2411a0f3ad8277a060f83a65fd4ad5f413c2
2023-03-20 18:26:46,False,3.878e-05,1.154e-08,2808.61,3.243e-05,0x77...aa93,https://bscscan.com/tx/0x073b6270480272ce3bb29eb5d31b2411a0f3ad8277a060f83a65fd4ad5f413c2
2023-03-20 18:25:49,False,3.897e-05,1.154e-08,1037104.0,0.1197,0x19...a890,https://bscscan.com/tx/0x669d89e2d1c31f8d28a5bcde840f6595966131b9b3a68b0e1a867c06993ea4e2
2023-03-20 18:25:49,False,3.897e-05,1.154e-08,81787.2,0.0094,0x19...a890,https://bscscan.com/tx/0x669d89e2d1c31f8d28a5bcde840f6595966131b9b3a68b0e1a867c06993ea4e2
2023-03-20 18:25:34,True,3.915e-05,1.16e-08,30085439.0,3.49025,0x20...946b,https://bscscan.com/tx/0xa0dc2374438dfe6566c2a209c805e4252881cd4f333c18f960248a8bd9ff27df
2023-03-20 18:24:22,False,3.874e-05,1.153e-08,205502.0,0.0237,0xdd...820a,https://bscscan.com/tx/0x24a8bd041a5e86f9b1dc0d84879635dbb404d14931cedbad26d929584c09d41d
2023-03-20 18:24:22,False,3.874e-05,1.153e-08,49365.4,0.0057,0xdd...820a,https://bscscan.com/tx/0x24a8bd041a5e86f9b1dc0d84879635dbb404d14931cedbad26d929584c09d41d
2023-03-20 18:23:28,False,3.875e-05,1.154e-08,18228648.0,2.10387,0xfa...45cf,https://bscscan.com/tx/0xfca3ee5651bab235df2b366b0acc758cf4f5a99c602acd87383686af00fe82a9
2023-03-20 18:23:28,False,3.876e-05,1.154e-08,549044.0,0.0633,0xfa...45cf,https://bscscan.com/tx/0xfca3ee5651bab235df2b366b0acc758cf4f5a99c602acd87383686af00fe82a9
2023-03-20 18:23:16,False,3.886e-05,1.157e-08,202739635.0,23.4647,0xbe...866d,https://bscscan.com/tx/0xf3e5a973dd6b20a4751b1e7a1ff5ee90b40e33db3d6673fa1b9f844ef614c612
2023-03-20 18:23:16,False,3.896e-05,1.16e-08,119342.0,0.0138,0xbe...866d,https://bscscan.com/tx/0xf3e5a973dd6b20a4751b1e7a1ff5ee90b40e33db3d6673fa1b9f844ef614c612
2023-03-20 18:23:04,True,3.935e-05,1.166e-08,385887.0,0.045,0x42...39aa,https://bscscan.com/tx/0xd540acc50107890de2f06bf06793e5d73428bc50db42619ec222630efd6f663d
2023-03-20 18:22:19,True,3.915e-05,1.166e-08,316989.0,0.0369,0x3f...2d86,https://bscscan.com/tx/0x39feb09121e10643adbd9bb4349d306d4d3d2f1fc6633b6e6494f3deed704c38
2023-03-20 18:21:46,True,3.933e-05,1.165e-08,36833151.0,4.29323,0xef...cb6a,https://bscscan.com/tx/0xc8650b5fe55753f0c2508c19793a28ae3b9b0f787be2c0ab7328dfdcf4db5d3a
2023-03-20 18:19:43,True,3.931e-05,1.165e-08,3218158.0,0.3749,0xab...c0e9,https://bscscan.com/tx/0x9612f6a20796d0cf2977386dc5914e2b8365ecfd8cc82eb319a30f63a6ea1322
2023-03-20 18:19:16,True,3.912e-05,1.164e-08,746448.0,0.0869,0x9b...b164,https://bscscan.com/tx/0xde70b1a5e1f95f9e9178911290e7e1a3106ffec3c783c5a11603118764fe4c28
2023-03-20 18:18:58,False,3.892e-05,1.159e-08,2691900.0,0.312,0x0c...9f6d,https://bscscan.com/tx/0xc6a92a5755478cb76aee6b94a18e837307acb2ccb3948fed0388cd2030d59c43
2023-03-20 18:18:58,False,3.892e-05,1.159e-08,14050.8,0.0016,0x0c...9f6d,https://bscscan.com/tx/0xc6a92a5755478cb76aee6b94a18e837307acb2ccb3948fed0388cd2030d59c43
2023-03-20 18:18:52,True,3.912e-05,1.165e-08,74148.3,0.0086,0x15...4042,https://bscscan.com/tx/0xcad6e7f259bc6e2a232cc92bd33e4e38339335f84cfdbe5f1d29fb7cfdf8e42a
2023-03-20 18:18:28,False,3.892e-05,1.159e-08,5114456.0,0.5929,0xa1...c01c,https://bscscan.com/tx/0x1a2333c65825382d59b820772c251ee450809673c6457e7fb57c29af34a1c75f
2023-03-20 18:18:28,False,3.893e-05,1.159e-08,161792.0,0.0187,0xa1...c01c,https://bscscan.com/tx/0x1a2333c65825382d59b820772c251ee450809673c6457e7fb57c29af34a1c75f
2023-03-20 18:17:49,True,3.932e-05,1.165e-08,213741.0,0.0249,0x2f...cbb7,https://bscscan.com/tx/0x2f7687edd83c1f2fbc5dacc5b39aba65f33731b6a2941a51f520e6bc47519bc7
2023-03-20 18:16:16,True,3.928e-05,1.165e-08,600782.0,0.07,0x2e...7067,https://bscscan.com/tx/0x51351a20e88e4e3b401c9d898a3fefd4e703ab045c2eef2507c9b5c0e34fe59f
2023-03-20 18:16:10,True,3.928e-05,1.165e-08,323533.0,0.0377,0xfc...a207,https://bscscan.com/tx/0xc1d3f0d7560d6abb498feb7b9ed786a33523471a437c8241ec220de072685721
2023-03-20 18:15:55,True,3.926e-05,1.164e-08,42077719.0,4.9,0x33...43fa,https://bscscan.com/tx/0x1ebc8f6ffcaff499d9d19bd5d5571bc9164be4010683eeb546ad4fd99546dc37
2023-03-20 18:15:07,True,3.904e-05,1.163e-08,273574.0,0.0318,0xc7...a38f,https://bscscan.com/tx/0xc0bb30879c4244f0a446e6c78d023cf831b610a273e646a7db87132242568b49
2023-03-20 18:15:01,True,3.904e-05,1.163e-08,5938520.0,0.6911,0xe2...eb8b,https://bscscan.com/tx/0x131fef2a900b578b9b3fbbf8720d6d248fc3319ca773da79d957fb8e9a6010a3
2023-03-20 18:13:34,True,3.923e-05,1.163e-08,3781177.0,0.44,0x09...90b9,https://bscscan.com/tx/0x9f33413d0d7a1ad3f08125ed8727dec5267c208873e122ee5ec61c775eb2224d
2023-03-20 18:12:52,False,3.904e-05,1.157e-08,6281100.0,0.7272,0x25...3f7c,https://bscscan.com/tx/0x5663513e1b4961da294b04c9a47bf10968a07d6a8a10848baf52e07b8879e4ed
2023-03-20 18:12:52,False,3.904e-05,1.157e-08,3127.34,3.621e-05,0x25...3f7c,https://bscscan.com/tx/0x5663513e1b4961da294b04c9a47bf10968a07d6a8a10848baf52e07b8879e4ed
2023-03-20 18:12:46,True,3.924e-05,1.163e-08,335704.0,0.039,0xfc...a207,https://bscscan.com/tx/0xa2c289d7d214183e9a2a475fe13e1ec61fdabd2661b0a6374178c55caddfcf99
2023-03-20 18:12:27,True,3.923e-05,1.163e-08,493529.0,0.0574,0x6c...2e60,https://bscscan.com/tx/0xeaa55cad635c5b51acbad09a505dd563e693aba438861e34b30ec0bfc5b8be59
2023-03-20 18:12:03,False,3.904e-05,1.157e-08,328054.0,0.0379,0xb1...e7c5,https://bscscan.com/tx/0xd8ad4b0f9109303a41602e4cb826c517ee46e3c1bf2292606bd73edd47851aa2
2023-03-20 18:12:03,False,3.904e-05,1.157e-08,8054.64,9.326e-05,0xb1...e7c5,https://bscscan.com/tx/0xd8ad4b0f9109303a41602e4cb826c517ee46e3c1bf2292606bd73edd47851aa2
2023-03-20 18:11:57,True,3.923e-05,1.163e-08,818101.0,0.0952,0x82...e57f,https://bscscan.com/tx/0xe7d6f432d376ccaf5a05f28101282ce952cecc33e8321e30570fd50107aeb7b4
2023-03-20 18:11:25,True,3.903e-05,1.163e-08,665098.0,0.0774,0xc6...f26e,https://bscscan.com/tx/0xc2c1c033a30f1d275494f149da752026e74a725f1096a8657d02194666872608
2023-03-20 18:10:20,False,3.903e-05,1.157e-08,1495500.0,0.1731,0xaa...43a1,https://bscscan.com/tx/0xb3f17053792c63fe1507b56c0a2b953ae981d5153c7f16c1205e967f06415020
2023-03-20 18:10:20,False,3.903e-05,1.157e-08,42427.0,0.0049,0xaa...43a1,https://bscscan.com/tx/0xb3f17053792c63fe1507b56c0a2b953ae981d5153c7f16c1205e967f06415020
2023-03-20 18:08:55,True,3.922e-05,1.163e-08,100000.0,0.0116,0xe4...99d1,https://bscscan.com/tx/0x3dd264f1195e0efdb22502145966898f2ca0bed16f88242a2137d163b79f7149
2023-03-20 18:07:28,True,3.917e-05,1.163e-08,12203500.0,1.41999,0x47...67e1,https://bscscan.com/tx/0xcf7d4ab6e7364a1d06982403fded187b3cf4b6f0e678aa066d19a3e039c24ed4
2023-03-20 18:06:52,False,3.896e-05,1.157e-08,971540.0,0.1124,0x1c...532b,https://bscscan.com/tx/0xd7994a51c788bad8fa45e742f5a96fc01e6adcbd307a5fd146bb0e15a9bebfbf
2023-03-20 18:06:52,False,3.896e-05,1.157e-08,27775.6,0.0032,0x1c...532b,https://bscscan.com/tx/0xd7994a51c788bad8fa45e742f5a96fc01e6adcbd307a5fd146bb0e15a9bebfbf
2023-03-20 18:06:46,True,3.915e-05,1.163e-08,1129759.0,0.1314,0xcf...9e5c,https://bscscan.com/tx/0x632ee07c70ba488e93ccc06bdd73f59e174eaedee6f3a9225afa6b80dac26ef5
2023-03-20 18:06:22,True,3.895e-05,1.163e-08,723995.0,0.0842,0xba...17b7,https://bscscan.com/tx/0xa35d6743459b394e51bd0bda3781b2c554bf80273c7f0bc9dae9af4d90243ad7
2023-03-20 18:05:43,True,3.891e-05,1.163e-08,5329617.0,0.62,0x3e...dbca,https://bscscan.com/tx/0x266e8d97c734e513cf25832a49ba2fed0b5d8a7b7cfc1e30f1cde6e043e191f1
2023-03-20 18:05:34,True,3.891e-05,1.163e-08,6877.39,8e-05,0xa8...06a4,https://bscscan.com/tx/0xe46127ed21522901f60db5d9d251b05105e56b84e5f502200aafcc17bdbad249
2023-03-20 18:04:49,True,3.908e-05,1.163e-08,345444.0,0.0401,0x85...4a38,https://bscscan.com/tx/0x3981ad0decf54bb0026483fde94e2106c7a7319a8c7eb8e900e1852eaffb3253
2023-03-20 18:04:40,True,3.909e-05,1.163e-08,51580.9,0.006,0xa8...06a4,https://bscscan.com/tx/0x8f468526a1dc6fc7b705cd5b5b578bfdb9074f22e0e3cfe3147eedd3ce04edf5
2023-03-20 18:03:10,False,3.87e-05,1.157e-08,2691900.0,0.3115,0x0c...9f6d,https://bscscan.com/tx/0xc057e0c3219d1afe0c947dabca5045d13be0842ed64c2d0d8f9b887e82811eb2
2023-03-20 18:03:10,False,3.87e-05,1.157e-08,41394.1,0.0047,0x0c...9f6d,https://bscscan.com/tx/0xc057e0c3219d1afe0c947dabca5045d13be0842ed64c2d0d8f9b887e82811eb2
2023-03-20 18:02:58,True,3.89e-05,1.163e-08,1075113.0,0.125,0xc1...95ca,https://bscscan.com/tx/0xba69a5293c8ddbfd675e1f07854312cff0f5a4615956bdad621be2c24120b2e3
2023-03-20 18:02:22,True,3.891e-05,1.163e-08,16915.4,0.0019,0xd0...dbc9,https://bscscan.com/tx/0xaf6b71dc1c518b3bb565a07fc98d0f04162ce3988a3b7fee1cf0965b716153b1
2023-03-20 18:01:55,True,3.895e-05,1.163e-08,184972.0,0.0215,0xa8...06a4,https://bscscan.com/tx/0x1c2f4b430c4b2694d25239526f67b313a231953691052240fbb7573d3c4a195d
2023-03-20 18:00:55,True,3.895e-05,1.163e-08,98454.2,0.0114,0xc0...d1b7,https://bscscan.com/tx/0x6253fac200183f00bcbd15c6fd14e3203107c19bedee33f83f1cda868c96c7a6
2023-03-20 18:00:55,False,3.876e-05,1.157e-08,88733.0,0.0102,0x11...931a,https://bscscan.com/tx/0x229ae7b7cd798e7025a7f7395164e920e67b44777a600863c4e17ffdb3c6f95d
2023-03-20 18:00:55,False,3.876e-05,1.157e-08,1031354.0,0.1193,0x11...931a,https://bscscan.com/tx/0x229ae7b7cd798e7025a7f7395164e920e67b44777a600863c4e17ffdb3c6f95d
2023-03-20 18:00:34,True,3.893e-05,1.162e-08,25547344.0,2.97095,0x4b...ad7f,https://bscscan.com/tx/0x1c90a0fa1cc8308dbe04c1c54c22cfd577975e5c9b61c09c2d925cca5c5d2ac9
2023-03-20 18:00:34,True,3.887e-05,1.161e-08,100300903.0,11.6457,0x9b...2220,https://bscscan.com/tx/0x8712892c4482d69b20127f9d67bdccfb24d42e6e7de4a4571dec0410d85f8aee
2023-03-20 18:00:31,True,3.876e-05,1.157e-08,117060664.0,13.5546,0x31...e9f2,https://bscscan.com/tx/0x990e60d44081b1903bb13595517f5a8ebf55b9b8f3e2c67b819726a9665aede9
2023-03-20 18:00:31,True,3.87e-05,1.156e-08,12852693.0,1.48581,0x9f...d87c,https://bscscan.com/tx/0x0366df54f3ef3bcbe8c00fa210096a6363dcb18c59c79627c5c92a77584e9b9b
2023-03-20 18:00:28,True,3.868e-05,1.155e-08,25718628.0,2.97171,0x84...40b6,https://bscscan.com/tx/0xdde28b951a9f52ff7c3b0310bbf2f50a5e8ed685c9eefdd58783add442bdfcec
2023-03-20 18:00:28,True,3.862e-05,1.153e-08,100300903.0,11.5712,0x9b...2220,https://bscscan.com/tx/0x61c763d938fb05d8023003f7666ebfc2e54f2ca16363823e7cf712b144ecb433
2023-03-20 18:00:25,False,3.838e-05,1.146e-08,201073.0,0.023,0x28...2f1a,https://bscscan.com/tx/0x44bdcac6b1f3733c945dab6174965ea599b5715eadc5d84bbd1ca0ecbba95b9e
2023-03-20 18:00:25,False,3.838e-05,1.146e-08,548005.0,0.0628,0x28...2f1a,https://bscscan.com/tx/0x44bdcac6b1f3733c945dab6174965ea599b5715eadc5d84bbd1ca0ecbba95b9e
2023-03-20 18:00:25,True,3.857e-05,1.152e-08,5158773.0,0.5943,0x09...712a,https://bscscan.com/tx/0xf563c3b6a433c20c11c0146ae20cafbcaf7d404c28c12b40ee6370e71920b711
2023-03-20 18:00:22,True,3.857e-05,1.152e-08,5836102.0,0.6726,0x0d...e5e3,https://bscscan.com/tx/0xcada13c1d330fdb8715416ba2790f3ce307b33f970f8d0b3a1e30605abdd8ac7
2023-03-20 18:00:22,False,3.845e-05,1.148e-08,191393889.0,21.9893,0x61...78d8,https://bscscan.com/tx/0x49a0972ee6ea0af1b57660e4812012fba723c259820ca1ab47c3c4137900bc8c
2023-03-20 18:00:22,False,3.854e-05,1.151e-08,88768.3,0.0102,0x61...78d8,https://bscscan.com/tx/0x49a0972ee6ea0af1b57660e4812012fba723c259820ca1ab47c3c4137900bc8c
2023-03-20 18:00:13,True,3.873e-05,1.157e-08,22867102.0,2.64595,0x20...946b,https://bscscan.com/tx/0x73305eca622a0b6be0b40bf52380a6719ac498fdd3460f50199323091606310d
2023-03-20 17:58:37,True,3.89e-05,1.156e-08,515021.0,0.0595,0x2d...5130,https://bscscan.com/tx/0x06e9dfc56894f72ef5169f1b71e1a938ef58a5bb7ec8ac49f2ea610fd9470927
2023-03-20 17:58:10,True,3.892e-05,1.156e-08,1422279.0,0.1645,0x76...2ecd,https://bscscan.com/tx/0xda93d9eae2ea57c0816daa98700ebcf2f2881e3be46dcacb7d324e8aced0f866
2023-03-20 17:57:28,False,3.855e-05,1.15e-08,836518.0,0.0962,0xe1...fc03,https://bscscan.com/tx/0xf88f0acc7235a6f57f072ce40109714607dd90b5cb41dd981eb7d7a15e8b2924
2023-03-20 17:57:28,False,3.855e-05,1.15e-08,37581.7,0.0043,0xe1...fc03,https://bscscan.com/tx/0xf88f0acc7235a6f57f072ce40109714607dd90b5cb41dd981eb7d7a15e8b2924
2023-03-20 17:56:31,False,3.88e-05,1.151e-08,13877400.0,1.59751,0x91...23f5,https://bscscan.com/tx/0xd5fa75dbb022832c20044480654ed7cb33b38102838ff3fc6f9f1587fe8cc403
2023-03-20 17:56:31,False,3.881e-05,1.151e-08,3105.84,3.575e-05,0x91...23f5,https://bscscan.com/tx/0xd5fa75dbb022832c20044480654ed7cb33b38102838ff3fc6f9f1587fe8cc403
2023-03-20 17:56:13,False,3.862e-05,1.151e-08,1146860.0,0.132,0x16...9cf8,https://bscscan.com/tx/0xbe26416b15e6600a18c5da7124d73a71f9f83d4c0d0e9ca68cedb4b1422bd45f
2023-03-20 17:56:13,False,3.862e-05,1.151e-08,11063.0,0.0012,0x16...9cf8,https://bscscan.com/tx/0xbe26416b15e6600a18c5da7124d73a71f9f83d4c0d0e9ca68cedb4b1422bd45f
2023-03-20 17:56:10,False,3.862e-05,1.151e-08,4085129.0,0.4703,0x7d...5486,https://bscscan.com/tx/0x7e132256582fe5afe8b03cc25161b231784d9e35f6b91eab3020713000138d9f
2023-03-20 17:56:10,False,3.862e-05,1.151e-08,26494.2,0.003,0x7d...5486,https://bscscan.com/tx/0x7e132256582fe5afe8b03cc25161b231784d9e35f6b91eab3020713000138d9f
2023-03-20 17:55:28,True,3.902e-05,1.157e-08,769035.0,0.089,0x85...4a38,https://bscscan.com/tx/0x77c5ee82e6b4bf9d4cbeaea18a090f82ebeb3fa723af46d93361f83b1ede37f6
2023-03-20 17:55:13,True,3.882e-05,1.157e-08,86410.3,0.01,0xa3...64a4,https://bscscan.com/tx/0x4cb9cc9b9a8d07089b74810b257197fcefb44e1f541ca201bca6b2cf4aafaf0d
2023-03-20 17:55:04,True,3.901e-05,1.157e-08,7742139.0,0.8958,0x23...a3be,https://bscscan.com/tx/0x501fe8481d5ae34fca5ebfc673d7ba5b2b9b67866f9273948454d901e96b9341
2023-03-20 17:54:52,True,3.881e-05,1.157e-08,172851.0,0.02,0xfb...bb89,https://bscscan.com/tx/0xcd3aa1dcbc3165fbfef8bad21002785cc5218d77c90dca6b1f4673c178854512
2023-03-20 17:54:19,True,3.881e-05,1.157e-08,573391.0,0.0663,0x0e...3648,https://bscscan.com/tx/0xc57feeae9da179078f9ee9622d1b9d40a2c80ad1ef130c7f3280e15da7ee2ee0
2023-03-20 17:54:10,True,3.881e-05,1.157e-08,15557.2,0.0018,0xa3...64a4,https://bscscan.com/tx/0x0e3f5054425dde4300b36dac4101e1d0d1934985e9e5e0600a9027d7f3c45f37
2023-03-20 17:53:52,True,3.88e-05,1.157e-08,259287.0,0.03,0x9c...cbe5,https://bscscan.com/tx/0x5db0504a9685082a46a500befa54b90718de1e471425b5d3f6b8df189b98a9b8
2023-03-20 17:53:37,False,3.88e-05,1.151e-08,193418.0,0.0222,0xf7...cbfd,https://bscscan.com/tx/0x8c848d771ec28130c0d673aad6fd3d5b3ffba2a727a3cc68155cbcea6bd88f49
2023-03-20 17:53:37,False,3.88e-05,1.151e-08,3254.29,3.746e-05,0xf7...cbfd,https://bscscan.com/tx/0x8c848d771ec28130c0d673aad6fd3d5b3ffba2a727a3cc68155cbcea6bd88f49
2023-03-20 17:52:22,True,3.88e-05,1.157e-08,86429.1,0.01,0xc4...debb,https://bscscan.com/tx/0xfba8c3bcb3775981084da11c02acee038c50b091133313b07ed5b86dc06d6e5c
2023-03-20 17:51:49,True,3.899e-05,1.157e-08,769335.0,0.089,0x34...59d4,https://bscscan.com/tx/0x8050ccfbe334bbb422fbc6163406a99b340e2a84fc19d835e53cbbf2c4141877
2023-03-20 17:51:37,False,3.879e-05,1.151e-08,348479.0,0.0401,0xef...b257,https://bscscan.com/tx/0x246f5cd05a79087d3d3966ff9dc00118d51b1365be7f5301da2606cf6e8e3975
2023-03-20 17:51:37,False,3.879e-05,1.151e-08,49911.7,0.0057,0xef...b257,https://bscscan.com/tx/0x246f5cd05a79087d3d3966ff9dc00118d51b1365be7f5301da2606cf6e8e3975
2023-03-20 17:50:28,True,3.878e-05,1.156e-08,17237901.0,1.994,0x3f...0c42,https://bscscan.com/tx/0x11179ba9eeab336267115dca313c38308b28fe4d1444bb473302202749be6984
2023-03-20 17:48:40,False,3.875e-05,1.15e-08,1244174.0,0.1431,0x6e...70aa,https://bscscan.com/tx/0xae6f0946bb3faa28280635eafd17457b03acd45d96b09772c407c444318de4ab
2023-03-20 17:48:40,False,3.875e-05,1.15e-08,96579.5,0.0111,0x6e...70aa,https://bscscan.com/tx/0xae6f0946bb3faa28280635eafd17457b03acd45d96b09772c407c444318de4ab
2023-03-20 17:48:25,True,3.899e-05,1.156e-08,2326057.0,0.269,0x19...0432,https://bscscan.com/tx/0xc00f0c83e5e9f832119bf68af9d57493be6af47d6006df8874f49151636f94ff
2023-03-20 17:48:22,True,3.879e-05,1.156e-08,2000000.0,0.2312,0xb5...3891,https://bscscan.com/tx/0x3cff1192fb1b0976887b1bd9ade66683000119f55648c36339e3ad4978f0c132
2023-03-20 17:48:19,True,3.879e-05,1.156e-08,1210652.0,0.14,0xc4...debb,https://bscscan.com/tx/0x96e1d889356191de21f46002b6d9d16a784dff899d01bceb4bf49f658a46d317
2023-03-20 17:48:04,True,3.879e-05,1.156e-08,243466.0,0.0281,0x1a...276e,https://bscscan.com/tx/0x46bb275c5f1580249b263ff2631cf2eafaeeb293ce8d793bc0c5a90dc4573f9b
2023-03-20 17:47:22,False,3.865e-05,1.151e-08,29900029.0,3.44159,0x20...946b,https://bscscan.com/tx/0xb3559e38f0edeac03df55eca721582b1123b39378500c3f14bc37e1d47a1545a
2023-03-20 17:47:22,False,3.866e-05,1.151e-08,558.9,6.435e-06,0x20...946b,https://bscscan.com/tx/0xb3559e38f0edeac03df55eca721582b1123b39378500c3f14bc37e1d47a1545a
2023-03-20 17:46:19,False,3.886e-05,1.151e-08,206379.0,0.0237,0xe9...ffa2,https://bscscan.com/tx/0x0739e2db547029a99d7c6fe425da34e222cec25507391acae4bf287f638447c4
2023-03-20 17:46:19,False,3.886e-05,1.151e-08,12609.1,0.0014,0xe9...ffa2,https://bscscan.com/tx/0x0739e2db547029a99d7c6fe425da34e222cec25507391acae4bf287f638447c4
2023-03-20 17:45:19,True,3.905e-05,1.157e-08,1284125.0,0.1486,0xed...96ba,https://bscscan.com/tx/0xae5a293c274be0a0d8b209c76da35dfce8bf1462a21c1a53cad219857f5694da
2023-03-20 17:44:55,False,3.865e-05,1.151e-08,2492500.0,0.287,0xbc...1ac2,https://bscscan.com/tx/0xf5dcf887fc3b0728e2ec5fb3bf88cd10b58a991040cc0a6246125a875f21816e
2023-03-20 17:44:55,False,3.865e-05,1.151e-08,14526.8,0.0016,0xbc...1ac2,https://bscscan.com/tx/0xf5dcf887fc3b0728e2ec5fb3bf88cd10b58a991040cc0a6246125a875f21816e
2023-03-20 17:44:31,True,3.906e-05,1.157e-08,181244.0,0.0209,0x33...3059,https://bscscan.com/tx/0xf9deddcf485c62b61bc5daa25eafff2494ef8aacab59fb256976058b3424dcfd
2023-03-20 17:44:01,True,3.886e-05,1.157e-08,1000000.0,0.1157,0x3d...705b,https://bscscan.com/tx/0x00422b00fb3177b6829e64d5acbb8ee9059f6bca1e6e53a2b43e30236f9edfd1
2023-03-20 17:43:55,True,3.905e-05,1.157e-08,10000.0,0.0011,0xbe...28f2,https://bscscan.com/tx/0x5b4fc94abc2e7bf3142c654fa852f7d294e6031d0754f706464a7e99e2fbb0db
2023-03-20 17:43:55,False,3.886e-05,1.151e-08,4176503.0,0.4809,0xb5...3891,https://bscscan.com/tx/0x7a6403f14880e538202eb693aafd0cb67b07b7d1a6e2726a603a914ae26e0025
2023-03-20 17:43:55,False,3.886e-05,1.151e-08,6400.14,7.37e-05,0xb5...3891,https://bscscan.com/tx/0x7a6403f14880e538202eb693aafd0cb67b07b7d1a6e2726a603a914ae26e0025
2023-03-20 17:43:19,False,3.886e-05,1.151e-08,2363312.0,0.2721,0x56...a02e,https://bscscan.com/tx/0x7c88b788c347d4df6672b51dd69e78b792d68bb7fe4d8b9870bcc24c2d588ecd
2023-03-20 17:43:19,False,3.886e-05,1.151e-08,136.334,1.57e-06,0x56...a02e,https://bscscan.com/tx/0x7c88b788c347d4df6672b51dd69e78b792d68bb7fe4d8b9870bcc24c2d588ecd
2023-03-20 17:41:43,False,3.883e-05,1.151e-08,50342.7,0.0058,0x93...e33d,https://bscscan.com/tx/0x85a11d0a4d07888c908aa68135a3d936833e06f0863208e268d3cad3050d7e24
2023-03-20 17:41:43,False,3.883e-05,1.151e-08,3229.13,3.718e-05,0x93...e33d,https://bscscan.com/tx/0x85a11d0a4d07888c908aa68135a3d936833e06f0863208e268d3cad3050d7e24
2023-03-20 17:41:37,True,3.883e-05,1.157e-08,1071344.0,0.124,0x4a...182c,https://bscscan.com/tx/0xbd6f6913e233063066a5b23fadee4101730ccebe8dead70740f2f71241513ebb
2023-03-20 17:41:28,False,3.864e-05,1.151e-08,124255.0,0.0143,0x5d...bc50,https://bscscan.com/tx/0x25a9769985af446a2ba73461baf6e521a36af3e946247964fb5acf56dc8a2e42
2023-03-20 17:41:28,False,3.864e-05,1.151e-08,27000.0,0.0031,0x5d...bc50,https://bscscan.com/tx/0x25a9769985af446a2ba73461baf6e521a36af3e946247964fb5acf56dc8a2e42
2023-03-20 17:40:46,False,3.883e-05,1.151e-08,9970000.0,1.14832,0x3d...8c04,https://bscscan.com/tx/0x245851d300517579ce359bef753aae8fe621b782ec6e6b8930c62970c68e8651
2023-03-20 17:40:46,False,3.883e-05,1.151e-08,23834.0,0.0027,0x3d...8c04,https://bscscan.com/tx/0x245851d300517579ce359bef753aae8fe621b782ec6e6b8930c62970c68e8651
2023-03-20 17:40:31,True,3.903e-05,1.157e-08,83069.4,0.0096,0x93...e33d,https://bscscan.com/tx/0xbf6193696bcc1b47585f6077b93115f1e3bd560410069b64cf776c9079ebe288
2023-03-20 17:39:28,True,3.903e-05,1.157e-08,10550.2,0.0012,0x07...9c39,https://bscscan.com/tx/0x1b85bf7715d7199ba1c60ceb883e43bae347545addbefe9228a1b4dd9bef187a
2023-03-20 17:37:46,True,3.883e-05,1.157e-08,3478108.0,0.4026,0x93...e33d,https://bscscan.com/tx/0xd82c73410f094a7a132e109787209f05c9dd1101c90d45fd81993d91000b9414
2023-03-20 17:36:40,False,3.882e-05,1.151e-08,2691900.0,0.31,0x0c...9f6d,https://bscscan.com/tx/0xf720d2ec747dc29325212e0c497b9f1341f99caa9090b2980aa8cf8a77e381c5
2023-03-20 17:36:40,False,3.882e-05,1.151e-08,4679.06,5.389e-05,0x0c...9f6d,https://bscscan.com/tx/0xf720d2ec747dc29325212e0c497b9f1341f99caa9090b2980aa8cf8a77e381c5
2023-03-20 17:34:46,True,3.881e-05,1.157e-08,500000.0,0.0578,0x22...f9f2,https://bscscan.com/tx/0x033fb8a0aadce82f2992ea31ea243930748000f8db63d3f52f75223ff3ae4fac
2023-03-20 17:34:43,False,3.862e-05,1.151e-08,999783.0,0.1151,0x92...48c9,https://bscscan.com/tx/0xa879cc4310fc25dd9ac4db40e70919dc5b52f60d250565e589928a3aac845e72
2023-03-20 17:34:43,False,3.862e-05,1.151e-08,58244.9,0.0067,0x92...48c9,https://bscscan.com/tx/0xa879cc4310fc25dd9ac4db40e70919dc5b52f60d250565e589928a3aac845e72
2023-03-20 17:34:01,False,3.882e-05,1.152e-08,21468873.0,2.47369,0x1d...f45c,https://bscscan.com/tx/0xcf8bd615e6f3310b31843f447673b5f72ef05d657ae23492704f7d7a45cf9534
2023-03-20 17:34:01,False,3.883e-05,1.152e-08,109582.0,0.0126,0x1d...f45c,https://bscscan.com/tx/0xcf8bd615e6f3310b31843f447673b5f72ef05d657ae23492704f7d7a45cf9534
2023-03-20 17:33:19,True,3.901e-05,1.157e-08,34664715.0,4.01353,0xac...6901,https://bscscan.com/tx/0x7cbf5fd88a036fd502c31d56c3621d7667e302a084bc44f4091f97de11a9d312
2023-03-20 17:33:16,True,3.899e-05,1.157e-08,20000.0,0.0023,0xbc...110d,https://bscscan.com/tx/0x4c88a31d12d6aa8defa30407e0f8e1fd1fe087d33c3f2ab57c10d7c2b5644637
2023-03-20 17:32:29,True,3.899e-05,1.157e-08,336989.0,0.039,0x73...5697,https://bscscan.com/tx/0x7c2ac7ad5fc0201d597d765f524a87df643b623a552bf1a63a126b9b3c67f65e
2023-03-20 17:31:44,True,3.899e-05,1.157e-08,85860.3,0.0099,0xbe...c106,https://bscscan.com/tx/0x75c3f30731eee34cec09e02450f3536e2afc6f8e01ea7aaed4809dfb8ee70b94
2023-03-20 17:31:19,True,3.895e-05,1.157e-08,20000.0,0.0023,0xbc...110d,https://bscscan.com/tx/0x17f032f43f996fb115cde31c96be444c3e8d1629b30d1353395a6e1caccfe9cd
2023-03-20 17:31:16,True,3.895e-05,1.157e-08,458459.0,0.053,0x6e...eb0a,https://bscscan.com/tx/0x3a310835fc518ad438250695ac2c8e3bbea99e310b9fdda0b8e9089d92668009
2023-03-20 17:31:13,False,3.876e-05,1.151e-08,4985000.0,0.574,0x1e...890b,https://bscscan.com/tx/0xd0af9d47bb49cbaf031f75778236895f636738e3a4617065b50735d12f5910de
2023-03-20 17:31:13,False,3.876e-05,1.151e-08,168247.0,0.0193,0x1e...890b,https://bscscan.com/tx/0xd0af9d47bb49cbaf031f75778236895f636738e3a4617065b50735d12f5910de
2023-03-20 17:30:45,True,3.876e-05,1.157e-08,5190195.0,0.6006,0x6b...9f5d,https://bscscan.com/tx/0x35ced5d60ae46eda82d4f38c7b7d530e69f92b943dc0b391bf6625897083ca80
2023-03-20 17:30:39,True,3.876e-05,1.157e-08,5043990.0,0.5837,0x6b...9f5d,https://bscscan.com/tx/0x048c549e777b64e3b643f4fe2fb6b0030ad589c9af8a1f0612ad0c5129666d7a
2023-03-20 17:30:39,True,3.875e-05,1.157e-08,5077588.0,0.5875,0x6b...9f5d,https://bscscan.com/tx/0xcf5b5c70e8471bd909d06b18e4a8be437fc3b311e810884333ea39f7d5c662ba
2023-03-20 17:30:36,True,3.894e-05,1.156e-08,5195905.0,0.6011,0x6b...9f5d,https://bscscan.com/tx/0x1c3be846b2d04bfb3257bbd3c4e2a3f6406d043e1cb9741bf524eddb3c06cf7a
2023-03-20 17:30:33,True,3.893e-05,1.156e-08,5021253.0,0.5808,0x6b...9f5d,https://bscscan.com/tx/0x8c5a5ffaa9171bbf9f411b527c5e460a30157f95ce9cdeb300742395814d5548
2023-03-20 17:30:27,True,3.893e-05,1.156e-08,5138847.0,0.5943,0x6b...9f5d,https://bscscan.com/tx/0x830aaf8e980a3a86e69d15cea9bd1564a5b1846c3f7bc174ed7ab9cc2d33b8b2
2023-03-20 17:30:27,True,3.892e-05,1.156e-08,5036707.0,0.5824,0x6b...9f5d,https://bscscan.com/tx/0x85f0899b2bc7b218db6c0655ecff462db332402aa97a2533b57f4318023c5043
2023-03-20 17:30:24,True,3.872e-05,1.156e-08,5136810.0,0.5939,0x6b...9f5d,https://bscscan.com/tx/0xdd2c9ccb1f34c30319021a71ae620a1ef9984169ae4300b9bc81aceca5f7d18b
2023-03-20 17:30:06,True,3.891e-05,1.156e-08,5155526.0,0.596,0x6b...9f5d,https://bscscan.com/tx/0xbf8cb80fd16fe73dc05851ae89b2409ca266b91deeee7b144b5d24f9d50fa550
2023-03-20 17:29:51,True,3.891e-05,1.156e-08,5002162.0,0.5782,0x6b...9f5d,https://bscscan.com/tx/0xbb7aa21c38368c78dd9400dcd52d3047d9ef62ed4b3b446a601065b55ceedcba
2023-03-20 17:29:48,True,3.89e-05,1.155e-08,5186091.0,0.5994,0x6b...9f5d,https://bscscan.com/tx/0xa8b9520727266f33ff9f4ca9378d41b495129bdcee3b010b5c738fea7a38297e
2023-03-20 17:29:15,True,3.871e-05,1.155e-08,5000.0,5.779e-05,0xfd...2e5f,https://bscscan.com/tx/0x8a9c08044aca72163a1a0c14413779e17daa0e1cb0ba0b64dedb58a34a050fd7
2023-03-20 17:28:39,True,3.892e-05,1.155e-08,508956.0,0.0588,0xe5...04aa,https://bscscan.com/tx/0x446e4dccbc04f6004cccf445600927815c000cb2a6fe811e583fda506b3a809f
2023-03-20 17:28:21,True,3.873e-05,1.155e-08,2000.0,2.311e-05,0xfd...2e5f,https://bscscan.com/tx/0xf8576145a3e3536ebb5ac9b4b42e8d20beb57184bce42bc317f282ef770f8662
2023-03-20 17:27:42,False,3.854e-05,1.15e-08,5570884.0,0.6407,0x05...7066,https://bscscan.com/tx/0xcf48f1891f9a314391573f34a5ff3c922e751337094951abd53c076c6e24d786
2023-03-20 17:27:42,False,3.855e-05,1.15e-08,98501.6,0.0113,0x05...7066,https://bscscan.com/tx/0xcf48f1891f9a314391573f34a5ff3c922e751337094951abd53c076c6e24d786
2023-03-20 17:26:45,True,3.876e-05,1.155e-08,10000.0,0.0011,0xfd...2e5f,https://bscscan.com/tx/0x35fc40f631184fdc378e11c761b62535660d1ddff30546ca00e154b4b57a2fc9
2023-03-20 17:26:36,True,3.875e-05,1.155e-08,22646056.0,2.61703,0x5c...97d1,https://bscscan.com/tx/0x315e8d91d0a4eda18535afbc90ca9f72e13d9fc8e8801d21ba987e9063db4277
2023-03-20 17:25:21,True,3.874e-05,1.155e-08,1999000.0,0.2309,0x2e...abcf,https://bscscan.com/tx/0x0c61e01420a591a8b86d78f46006d29b8a29ff57e4c73fa2efe78dd07c785f34
2023-03-20 17:25:09,False,3.855e-05,1.149e-08,10967000.0,1.2608,0x98...3a03,https://bscscan.com/tx/0x3dfb4f8b1f14fcd25535b45934bbee2d0935f645aa2bf297ea2c5f222f9983e6
2023-03-20 17:25:09,False,3.855e-05,1.149e-08,234034.0,0.0269,0x98...3a03,https://bscscan.com/tx/0x3dfb4f8b1f14fcd25535b45934bbee2d0935f645aa2bf297ea2c5f222f9983e6
2023-03-20 17:24:57,True,3.875e-05,1.155e-08,3581623.0,0.4138,0xdb...7baf,https://bscscan.com/tx/0x1e9fb6fcc747c7131b629d5b3b7d8953a0b7af53804714c20277967a046bfd24
2023-03-20 17:24:24,False,3.878e-05,1.15e-08,82848419.0,9.53488,0x82...d52b,https://bscscan.com/tx/0x10efb01e9d81d2a02546e285df3e1a9cd3f352a84a00da6352e5f1dee4fcbefc
2023-03-20 17:24:24,False,3.882e-05,1.152e-08,42453.3,0.0048,0x82...d52b,https://bscscan.com/tx/0x10efb01e9d81d2a02546e285df3e1a9cd3f352a84a00da6352e5f1dee4fcbefc
2023-03-20 17:21:51,True,3.903e-05,1.157e-08,3028463.0,0.3506,0xdd...8f0c,https://bscscan.com/tx/0xb59d9f6744bc00d6a5493116afb5fb41cc45f5ed103df757f5dce97d0ffbd022
2023-03-20 17:21:17,True,3.886e-05,1.157e-08,1000.0,1.157e-05,0x9c...eabf,https://bscscan.com/tx/0x7956c1ef0a5bc38b3de845260eaf15719c82d897af9263046797d16a005f76a2
2023-03-20 17:21:14,False,3.867e-05,1.152e-08,12398483.0,1.42851,0x05...7066,https://bscscan.com/tx/0xf43630b08c40f276e3691c3a5f66a31fc980c4253722181abccf495670e45937
2023-03-20 17:21:14,False,3.868e-05,1.152e-08,74198.6,0.0085,0x05...7066,https://bscscan.com/tx/0xf43630b08c40f276e3691c3a5f66a31fc980c4253722181abccf495670e45937
2023-03-20 17:21:02,False,3.869e-05,1.152e-08,27398531.0,3.15835,0x05...7066,https://bscscan.com/tx/0x62953e9ce0546df81323cb2b37a0e3d2a15ca8c82f8d0664b4c61063cf09f1b2
2023-03-20 17:21:02,False,3.871e-05,1.153e-08,213.507,2.462e-06,0x05...7066,https://bscscan.com/tx/0x62953e9ce0546df81323cb2b37a0e3d2a15ca8c82f8d0664b4c61063cf09f1b2
2023-03-20 17:20:53,False,3.871e-05,1.153e-08,78839.3,0.009,0xa5...396e,https://bscscan.com/tx/0xcf2de2870e1a24ebaf1ab9cd117407819500118516b066c1ae000fde61b1cef6
2023-03-20 17:20:53,False,3.871e-05,1.153e-08,139264.0,0.016,0xa5...396e,https://bscscan.com/tx/0xcf2de2870e1a24ebaf1ab9cd117407819500118516b066c1ae000fde61b1cef6
2023-03-20 17:20:09,False,3.875e-05,1.153e-08,46372853.0,5.35058,0xe8...bbe9,https://bscscan.com/tx/0xa26a6fa7cb3b719d4ec064141c2e68498d7b42497f9140e8789d8179f10b54ae
2023-03-20 17:20:09,False,3.878e-05,1.154e-08,401461.0,0.0463,0xe8...bbe9,https://bscscan.com/tx/0xa26a6fa7cb3b719d4ec064141c2e68498d7b42497f9140e8789d8179f10b54ae
2023-03-20 17:19:40,False,3.905e-05,1.156e-08,117440846.0,13.5785,0x31...e9f2,https://bscscan.com/tx/0x16507c3d100bf5e760f9e5f8d5afcdab854c63c37e52008566c00684a12e432c
2023-03-20 17:19:40,False,3.911e-05,1.157e-08,48583.8,0.0056,0x31...e9f2,https://bscscan.com/tx/0x16507c3d100bf5e760f9e5f8d5afcdab854c63c37e52008566c00684a12e432c
2023-03-20 17:19:29,False,3.913e-05,1.158e-08,17940018.0,2.07775,0x20...946b,https://bscscan.com/tx/0xfbc91cea90050c96f03381725c35d95cd9abf8a10e58e83648762c9cb43d9257
2023-03-20 17:19:29,False,3.913e-05,1.158e-08,2932.0,3.396e-05,0x20...946b,https://bscscan.com/tx/0xfbc91cea90050c96f03381725c35d95cd9abf8a10e58e83648762c9cb43d9257
2023-03-20 17:19:29,False,3.914e-05,1.158e-08,1082667.0,0.1254,0x6b...9f5d,https://bscscan.com/tx/0x52a442f08a54a4cb4a3b3377b962a60c4fae2516b97955e9f89b674265cf3a54
2023-03-20 17:19:29,False,3.914e-05,1.158e-08,162600.0,0.0188,0x6b...9f5d,https://bscscan.com/tx/0x52a442f08a54a4cb4a3b3377b962a60c4fae2516b97955e9f89b674265cf3a54
2023-03-20 17:19:23,True,3.93e-05,1.163e-08,60106322.0,6.99274,0x22...6eb4,https://bscscan.com/tx/0x454243be48a79e70500b37230a5b371f978ce3b2f7701676b1f5d993882024c3
2023-03-20 17:19:09,True,3.908e-05,1.162e-08,5000.0,5.812e-05,0x9c...eabf,https://bscscan.com/tx/0x96824300b763e7de9ffc7318f3736e634d0e8ae26d0fa9baf8bfa23b16cf4917
2023-03-20 17:18:50,False,3.908e-05,1.156e-08,110437.0,0.0127,0x0b...9d8f,https://bscscan.com/tx/0x19993e075f7bfc92c9554aa600703fe7fd7a0ed9306043293140679d9afce1ed
2023-03-20 17:18:50,False,3.908e-05,1.156e-08,16793.2,0.0019,0x0b...9d8f,https://bscscan.com/tx/0x19993e075f7bfc92c9554aa600703fe7fd7a0ed9306043293140679d9afce1ed
2023-03-20 17:18:28,True,3.929e-05,1.162e-08,193520.0,0.0225,0xf0...c1fc,https://bscscan.com/tx/0x0dcd75e423b59713bcb2d265da4c0891150f088e324ff84bc9ea4ceb6168214a
2023-03-20 17:18:28,True,3.929e-05,1.162e-08,19612.4,0.0022,0x0b...9d8f,https://bscscan.com/tx/0x9aa5acdb804c189e65ff0eb04e08cbc9256ddc504a5ac2564bced843c470a257
2023-03-20 17:18:28,True,3.929e-05,1.162e-08,11766.7,0.0013,0x0b...9d8f,https://bscscan.com/tx/0x9aa5acdb804c189e65ff0eb04e08cbc9256ddc504a5ac2564bced843c470a257
2023-03-20 17:17:57,False,3.889e-05,1.156e-08,5677728.0,0.6567,0x05...7066,https://bscscan.com/tx/0xe22c385ad3197ebf08e1a8772c2fbfb97a62b3f40dfdaacfcc7fa5c4c491e62d
2023-03-20 17:17:57,False,3.889e-05,1.156e-08,39112.9,0.0045,0x05...7066,https://bscscan.com/tx/0xe22c385ad3197ebf08e1a8772c2fbfb97a62b3f40dfdaacfcc7fa5c4c491e62d
2023-03-20 17:17:54,True,3.909e-05,1.162e-08,5000.0,5.813e-05,0x9c...eabf,https://bscscan.com/tx/0x29771dd9ae2bf59303c1bb40894f390c61a3b9eebdccf05f8eac07f3570e0f05
2023-03-20 17:17:30,False,3.89e-05,1.157e-08,14437832.0,1.67058,0x05...7066,https://bscscan.com/tx/0x18e0ecbb7f175e7319fb0828d707c6326b571b3cf4e972b6a4d2d947d3bdd0f6
2023-03-20 17:17:30,False,3.891e-05,1.157e-08,50012.4,0.0057,0x05...7066,https://bscscan.com/tx/0x18e0ecbb7f175e7319fb0828d707c6326b571b3cf4e972b6a4d2d947d3bdd0f6
2023-03-20 17:17:21,True,3.91e-05,1.163e-08,1193847.0,0.1388,0x37...7feb,https://bscscan.com/tx/0x125d9b4674f5e86fd359ad51f7e3235a85b47367aaefa59dfdcc00b463659888
2023-03-20 17:17:00,False,3.892e-05,1.157e-08,17277294.0,1.99987,0xf2...973f,https://bscscan.com/tx/0x3604470ff8b91610e894b7deb1336c50dca13ff7607b5ebb5601c139e779d72b
2023-03-20 17:17:00,False,3.893e-05,1.157e-08,69585.1,0.008,0xf2...973f,https://bscscan.com/tx/0x3604470ff8b91610e894b7deb1336c50dca13ff7607b5ebb5601c139e779d72b
2023-03-20 17:16:51,False,3.894e-05,1.158e-08,25694940.0,2.97583,0xc0...1f4f,https://bscscan.com/tx/0x4bb73af70e0a57a837720e18bfec5850e86968ec04b8639f7c91f8fedace3176
2023-03-20 17:16:51,False,3.895e-05,1.158e-08,14448.3,0.0016,0xc0...1f4f,https://bscscan.com/tx/0x4bb73af70e0a57a837720e18bfec5850e86968ec04b8639f7c91f8fedace3176
2023-03-20 17:16:45,True,3.915e-05,1.164e-08,196299.0,0.0228,0x37...7feb,https://bscscan.com/tx/0xb19c7d4680659741c9b483b13b34202812673ebfe792a89acc069c37209cc3c5
2023-03-20 17:16:45,False,3.895e-05,1.158e-08,5139469.0,0.5954,0x6b...9f5d,https://bscscan.com/tx/0x0effe3e43cce1b941490be72b537a10a305ef4d7bd0b713d86dfaa34112531cf
2023-03-20 17:16:45,False,3.896e-05,1.158e-08,69009.2,0.008,0x6b...9f5d,https://bscscan.com/tx/0x0effe3e43cce1b941490be72b537a10a305ef4d7bd0b713d86dfaa34112531cf
2023-03-20 17:16:39,False,3.897e-05,1.159e-08,25116535.0,2.91106,0x05...7066,https://bscscan.com/tx/0x993250eabaa8c8b1be04b0b0fad97c6862c4aad04221311566ba05b89eb53447
2023-03-20 17:16:39,False,3.898e-05,1.159e-08,68276.0,0.0079,0x05...7066,https://bscscan.com/tx/0x993250eabaa8c8b1be04b0b0fad97c6862c4aad04221311566ba05b89eb53447
2023-03-20 17:16:36,False,3.899e-05,1.159e-08,25211532.0,2.92393,0x4b...ad7f,https://bscscan.com/tx/0x5faa85f3daa19a97079ccf1a9a912cf73dbcfbb9566040984a032a9eb8171170
2023-03-20 17:16:36,False,3.901e-05,1.16e-08,13990.9,0.0016,0x4b...ad7f,https://bscscan.com/tx/0x5faa85f3daa19a97079ccf1a9a912cf73dbcfbb9566040984a032a9eb8171170
2023-03-20 17:16:33,False,3.901e-05,1.16e-08,5074904.0,0.5887,0x6b...9f5d,https://bscscan.com/tx/0x6313e903a8ceb4a5efe8d85c01c17823ed3b752a9dc4ff6375780bcd65312618
2023-03-20 17:16:33,False,3.901e-05,1.16e-08,9450.0,0.0011,0x6b...9f5d,https://bscscan.com/tx/0x6313e903a8ceb4a5efe8d85c01c17823ed3b752a9dc4ff6375780bcd65312618
2023-03-20 17:16:30,False,3.921e-05,1.16e-08,3489500.0,0.4049,0x93...e33d,https://bscscan.com/tx/0xd327d7582c4f29e5a5945f824126c9e80595a51273dce2a7dc6d518c6717a665
2023-03-20 17:16:30,False,3.921e-05,1.16e-08,32389.2,0.0037,0x93...e33d,https://bscscan.com/tx/0xd327d7582c4f29e5a5945f824126c9e80595a51273dce2a7dc6d518c6717a665
2023-03-20 17:16:30,False,3.921e-05,1.16e-08,11960012.0,1.38802,0x20...946b,https://bscscan.com/tx/0xf0dade6c35db3462a964abfd7746ce75e0a37bd7b0ebc2b0ecc6b7148dd57783
2023-03-20 17:16:30,False,3.922e-05,1.16e-08,62308.7,0.0072,0x20...946b,https://bscscan.com/tx/0xf0dade6c35db3462a964abfd7746ce75e0a37bd7b0ebc2b0ecc6b7148dd57783
