datetime,buy_order,price_USD,price_native,amount_token,total_native,maker,etherscan_url
2023-04-02 21:43:30,False,3.435e-05,1.105e-08,7794961.0,0.8614,0x05...7066,https://bscscan.com/tx/0x09ac4d12657328f745bcaeb089d6b11491260b39de2039d0250fddca4d31a2ca
2023-04-02 21:43:30,False,3.435e-05,1.105e-08,8635.72,9.544e-05,0x05...7066,https://bscscan.com/tx/0x09ac4d12657328f745bcaeb089d6b11491260b39de2039d0250fddca4d31a2ca
2023-04-02 21:43:27,False,3.435e-05,1.105e-08,3188821.0,0.3524,0x29...9470,https://bscscan.com/tx/0x7a0064252ee3de252ca44c0e623d8c283b94bef2a8fc9fe837a7f37845ec13ab
2023-04-02 21:43:27,False,3.436e-05,1.105e-08,78781.1,0.0087,0x29...9470,https://bscscan.com/tx/0x7a0064252ee3de252ca44c0e623d8c283b94bef2a8fc9fe837a7f37845ec13ab
2023-04-02 21:42:57,False,3.437e-05,1.105e-08,29090649.0,3.21668,0x3b...0b3f,https://bscscan.com/tx/0x933ddfae6d32ec9b77b5982ac5b15bc5eb746b5406e3e614884c619f64669b13
2023-04-02 21:42:57,False,3.439e-05,1.106e-08,17529.5,0.0019,0x3b...0b3f,https://bscscan.com/tx/0x933ddfae6d32ec9b77b5982ac5b15bc5eb746b5406e3e614884c619f64669b13
2023-04-02 21:42:51,False,3.439e-05,1.106e-08,6472947.0,0.716,0x05...7066,https://bscscan.com/tx/0xd3eda54e2f24fcdf6e990fd8052169571c922b22405c4734e0c1851032334164
2023-04-02 21:42:51,False,3.439e-05,1.106e-08,64778.4,0.0071,0x05...7066,https://bscscan.com/tx/0xd3eda54e2f24fcdf6e990fd8052169571c922b22405c4734e0c1851032334164
2023-04-02 21:42:42,False,3.442e-05,1.106e-08,23920023.0,2.64708,0x20...946b,https://bscscan.com/tx/0x30d96b8a89d50e0874d9f23ee955a1146d3b2ca9832cb391afbe37da4d794e04
2023-04-02 21:42:42,False,3.443e-05,1.106e-08,37984.4,0.0042,0x20...946b,https://bscscan.com/tx/0x30d96b8a89d50e0874d9f23ee955a1146d3b2ca9832cb391afbe37da4d794e04
2023-04-02 21:42:36,False,3.444e-05,1.107e-08,14026102.0,1.5529,0xfa...ce4c,https://bscscan.com/tx/0x5f94a86f497448dd313c3f9a4776f639c16898878d53663de9f73712990cc95c
2023-04-02 21:42:36,False,3.445e-05,1.107e-08,18017.0,0.002,0xfa...ce4c,https://bscscan.com/tx/0x5f94a86f497448dd313c3f9a4776f639c16898878d53663de9f73712990cc95c
2023-04-02 21:42:33,False,3.464e-05,1.107e-08,6652930.0,0.7367,0x05...7066,https://bscscan.com/tx/0x5e521d931a02e0d872a13faa75ce0f6781436b4fe12a5fb49013c347728a13db
2023-04-02 21:42:33,False,3.464e-05,1.107e-08,15784.1,0.0017,0x05...7066,https://bscscan.com/tx/0x5e521d931a02e0d872a13faa75ce0f6781436b4fe12a5fb49013c347728a13db
2023-04-02 21:42:09,False,3.466e-05,1.107e-08,5828411.0,0.6455,0x05...7066,https://bscscan.com/tx/0xf3ef2b99949def7a01dcb19745a25f2531be2ecbac0301024ca970dd02e3d7f7
2023-04-02 21:42:09,False,3.466e-05,1.107e-08,30053.5,0.0033,0x05...7066,https://bscscan.com/tx/0xf3ef2b99949def7a01dcb19745a25f2531be2ecbac0301024ca970dd02e3d7f7
2023-04-02 21:42:06,True,3.483e-05,1.113e-08,898288.0,0.1,0xbe...1378,https://bscscan.com/tx/0x2e337bddb27be677c007887d9a5d727774dde21627fc297eba9fb2603496206e
2023-04-02 21:40:03,False,3.455e-05,1.107e-08,10201929.0,1.13017,0x05...7066,https://bscscan.com/tx/0x8e2462f54ae2e253860fbe05ca5b573b71490a224c92f5a601640d4da60781dc
2023-04-02 21:40:03,False,3.456e-05,1.107e-08,1305.24,1.446e-05,0x05...7066,https://bscscan.com/tx/0x8e2462f54ae2e253860fbe05ca5b573b71490a224c92f5a601640d4da60781dc
2023-04-02 21:40:00,False,3.456e-05,1.107e-08,481973.0,0.0534,0xb0...76aa,https://bscscan.com/tx/0xb7191a9abcb72fffa0bc7fc977404bec80a5cd74ee1021db8d596b1fcb082363
2023-04-02 21:40:00,False,3.456e-05,1.107e-08,80991.9,0.0089,0xb0...76aa,https://bscscan.com/tx/0xb7191a9abcb72fffa0bc7fc977404bec80a5cd74ee1021db8d596b1fcb082363
2023-04-02 21:39:15,True,3.49e-05,1.113e-08,19833041.0,2.20789,0xd9...4cb6,https://bscscan.com/tx/0x3f05122c20697096da25961262d457cb5323c5200ac45ebedc4d643434602b3d
2023-04-02 21:36:45,False,3.474e-05,1.107e-08,10133485.0,1.12233,0x58...2410,https://bscscan.com/tx/0x43886fe6221122b7b4de61d71cb36a4a0913aa754c73af7aa856dce7727eb252
2023-04-02 21:36:45,False,3.475e-05,1.107e-08,27540.0,0.003,0x58...2410,https://bscscan.com/tx/0x43886fe6221122b7b4de61d71cb36a4a0913aa754c73af7aa856dce7727eb252
2023-04-02 21:35:12,False,3.475e-05,1.107e-08,9970000.0,1.1045,0x58...2410,https://bscscan.com/tx/0x2275526d2d8c8ea1a192a53fc2c241e7638843625acc9254ce1f9c30222f2f9b
2023-04-02 21:35:12,False,3.476e-05,1.107e-08,38165.2,0.0042,0x58...2410,https://bscscan.com/tx/0x2275526d2d8c8ea1a192a53fc2c241e7638843625acc9254ce1f9c30222f2f9b
2023-04-02 21:33:45,True,3.495e-05,1.113e-08,870955.0,0.0969,0xdb...30af,https://bscscan.com/tx/0x258f0da3de2282a2dab748a933908c7c50dfabfd1f49f1ab6c857f2fb35b86c5
2023-04-02 21:32:39,True,3.495e-05,1.113e-08,10355843.0,1.15297,0x0e...c17d,https://bscscan.com/tx/0x2990503605529abf749857ad3ad5b9bf9e4b5d02deef2e09c06d801da1c6f16d
2023-04-02 21:29:15,False,3.46e-05,1.107e-08,2899731.0,0.3212,0x1d...3f98,https://bscscan.com/tx/0x7f016c5208df3a066d509ff937f849a3707ec12748e00f4af90cac85a3584ab5
2023-04-02 21:29:15,False,3.461e-05,1.107e-08,1363.84,1.51e-05,0x1d...3f98,https://bscscan.com/tx/0x7f016c5208df3a066d509ff937f849a3707ec12748e00f4af90cac85a3584ab5
2023-04-02 21:23:09,False,3.461e-05,1.107e-08,304212.0,0.0337,0x43...7f08,https://bscscan.com/tx/0x3f83d962d247a84f0d5edb73e82fe45fc2abc10127a08e91f2f3a7db8c59ea43
2023-04-02 21:23:09,False,3.461e-05,1.107e-08,25727.6,0.0028,0x43...7f08,https://bscscan.com/tx/0x3f83d962d247a84f0d5edb73e82fe45fc2abc10127a08e91f2f3a7db8c59ea43
2023-04-02 21:22:06,False,3.479e-05,1.107e-08,9500144.0,1.05249,0xa0...8d31,https://bscscan.com/tx/0xb3866f4c30552a2660270cd251b93e31ef366dd85d11a0249e109dc706bef549
2023-04-02 21:22:06,False,3.479e-05,1.107e-08,129948.0,0.0144,0xa0...8d31,https://bscscan.com/tx/0xb3866f4c30552a2660270cd251b93e31ef366dd85d11a0249e109dc706bef549
2023-04-02 21:21:18,True,3.496e-05,1.112e-08,46730678.0,5.20076,0xf3...19f4,https://bscscan.com/tx/0x399a3b33bd73ef0021a430ce615337451bcf1f52fdc27f6a37ba92097ca2b104
2023-04-02 21:20:30,False,3.476e-05,1.106e-08,1394154.0,0.1543,0x69...8fbf,https://bscscan.com/tx/0x2c45f9ea667a141013101b3043ed6386d57cbb5d6e9535d2fbb3cf619c7082c4
2023-04-02 21:20:30,False,3.476e-05,1.106e-08,33834.1,0.0037,0x69...8fbf,https://bscscan.com/tx/0x2c45f9ea667a141013101b3043ed6386d57cbb5d6e9535d2fbb3cf619c7082c4
2023-04-02 21:19:30,True,3.476e-05,1.112e-08,449512.0,0.05,0xc1...a4ff,https://bscscan.com/tx/0x40bc586341eb174cdd91819b52ab3e3fc14958b1320fcf23cac7b2890fba4771
2023-04-02 21:17:20,False,3.476e-05,1.106e-08,12045383.0,1.33333,0x3d...4dd5,https://bscscan.com/tx/0x3d7c485789b466b489541f7354765a769e55e0996e90346202339fd27aef33af
2023-04-02 21:17:20,False,3.477e-05,1.107e-08,2394.8,2.651e-05,0x3d...4dd5,https://bscscan.com/tx/0x3d7c485789b466b489541f7354765a769e55e0996e90346202339fd27aef33af
2023-04-02 21:16:49,True,3.477e-05,1.112e-08,36962.3,0.0041,0xe2...cfb0,https://bscscan.com/tx/0xdbb35f1d54636340fce9aa5235fc9b950a71d34dd7f9f588ac247d1206787612
2023-04-02 21:16:44,False,3.46e-05,1.107e-08,847450.0,0.0938,0x6c...6629,https://bscscan.com/tx/0xe1a621a1e793aec5241fdd6986a3b8a5927d85de3169447d39250fdd4613b5fa
2023-04-02 21:16:44,False,3.46e-05,1.107e-08,587.391,6.503e-06,0x6c...6629,https://bscscan.com/tx/0xe1a621a1e793aec5241fdd6986a3b8a5927d85de3169447d39250fdd4613b5fa
2023-04-02 21:14:50,False,3.477e-05,1.107e-08,216899.0,0.024,0xf2...33fa,https://bscscan.com/tx/0x01be6065d4721ac77cdd627a4908b54b957b8adafc682ffccb054eccd6d048d3
2023-04-02 21:14:50,False,3.477e-05,1.107e-08,693.462,7.677e-06,0xf2...33fa,https://bscscan.com/tx/0x01be6065d4721ac77cdd627a4908b54b957b8adafc682ffccb054eccd6d048d3
2023-04-02 21:13:23,False,3.478e-05,1.107e-08,256067.0,0.0283,0x08...1ae4,https://bscscan.com/tx/0xe2e2799fbf612029b8a73fe040d105f666b474c1cabf2332e5815dad0ad12e4c
2023-04-02 21:13:23,False,3.478e-05,1.107e-08,6443.81,7.134e-05,0x08...1ae4,https://bscscan.com/tx/0xe2e2799fbf612029b8a73fe040d105f666b474c1cabf2332e5815dad0ad12e4c
2023-04-02 21:09:32,True,3.495e-05,1.112e-08,696049.0,0.0774,0xe5...5fc0,https://bscscan.com/tx/0xe191471f5cdac4de779bb3a18b05839e8bbb0c30123489ebafcd265d2ed4d30a
2023-04-02 21:08:53,False,3.478e-05,1.107e-08,1685475.0,0.1866,0x76...714b,https://bscscan.com/tx/0xa23235ef1592e7ac3ea5c4ba92df9cfe2818478b0707b84b8a25e7b921b595e1
2023-04-02 21:08:53,False,3.478e-05,1.107e-08,17162.6,0.0019,0x76...714b,https://bscscan.com/tx/0xa23235ef1592e7ac3ea5c4ba92df9cfe2818478b0707b84b8a25e7b921b595e1
2023-04-02 21:07:38,True,3.495e-05,1.112e-08,1464422.0,0.1629,0xfa...306c,https://bscscan.com/tx/0x981969f8268247b030618ea8eaf8464b828c69cf36dfc30caae9e461a6c753fd
2023-04-02 21:07:23,True,3.476e-05,1.112e-08,314428.0,0.0349,0xad...79ff,https://bscscan.com/tx/0x6490309782f504fe873f3a97f291568d0825753ff86c75f41f14bf934b8251db
2023-04-02 21:02:32,True,3.478e-05,1.112e-08,3685034.0,0.41,0x5b...096e,https://bscscan.com/tx/0xd6720cffa4e71a2a675288db1084e0eb8477e0662c7e05781f1bbdda1dbebf19
2023-04-02 21:00:17,False,3.462e-05,1.107e-08,889975.0,0.0985,0x3e...d983,https://bscscan.com/tx/0xf806cdc765143c7df7131b64a305896db0aeeeacf07c7499fe98576a27655cf0
2023-04-02 21:00:17,False,3.462e-05,1.107e-08,8705.05,9.636e-05,0x3e...d983,https://bscscan.com/tx/0xf806cdc765143c7df7131b64a305896db0aeeeacf07c7499fe98576a27655cf0
2023-04-02 20:59:17,True,3.479e-05,1.112e-08,60000.0,0.0066,0x26...208d,https://bscscan.com/tx/0xdbfa11596ae408d036d72d4239dd0c981a1943dfc113073a14d2ec7099606654
2023-04-02 20:57:56,True,3.497e-05,1.112e-08,307503.0,0.0342,0x9d...c141,https://bscscan.com/tx/0x219f42667f3e6a656a5ca2caf74b88f5be9043f2676f3558210e06b4f871401a
2023-04-02 20:57:53,False,3.479e-05,1.107e-08,2763893.0,0.3059,0xe4...bfb3,https://bscscan.com/tx/0x55f917a614cf5251183522a1825bf0d69555447cc94027765dde1aa4d01b5d6e
2023-04-02 20:57:53,False,3.48e-05,1.107e-08,5400.0,5.978e-05,0xe4...bfb3,https://bscscan.com/tx/0x55f917a614cf5251183522a1825bf0d69555447cc94027765dde1aa4d01b5d6e
2023-04-02 20:56:47,False,3.463e-05,1.107e-08,1994000.0,0.2207,0x18...0999,https://bscscan.com/tx/0x69f4d652f65d74410972ce1f9b51a037e0dacd0de1559032228b1973987ec0b9
2023-04-02 20:56:47,False,3.463e-05,1.107e-08,50645.9,0.0056,0x18...0999,https://bscscan.com/tx/0x69f4d652f65d74410972ce1f9b51a037e0dacd0de1559032228b1973987ec0b9
2023-04-02 20:55:26,False,3.464e-05,1.107e-08,18701469.0,2.07099,0xfa...ce4c,https://bscscan.com/tx/0x43497e0ce9d4373de1822e25b5b27a4ccc0d72e347e8f500f91056dfcfcbb9b3
2023-04-02 20:55:26,False,3.464e-05,1.107e-08,5083.29,5.63e-05,0xfa...ce4c,https://bscscan.com/tx/0x43497e0ce9d4373de1822e25b5b27a4ccc0d72e347e8f500f91056dfcfcbb9b3
2023-04-02 20:54:50,True,3.499e-05,1.113e-08,1250907.0,0.1392,0x9d...c141,https://bscscan.com/tx/0x7c018a885d8d3d3a92a82b415630998156e63b01b84bdbd402b98090e08cae90
2023-04-02 20:53:29,True,3.481e-05,1.113e-08,131793.0,0.0146,0x35...3a2b,https://bscscan.com/tx/0x66ca297e7ff0d09650374ac9a83ca8e81572013e43908635d5ce266694c4344f
2023-04-02 20:53:08,False,3.465e-05,1.107e-08,498500.0,0.0552,0x18...0999,https://bscscan.com/tx/0x6f0f4c85b590c6e76fbf05a4d1cde012eea02159750297722931422737163362
2023-04-02 20:53:08,False,3.465e-05,1.107e-08,3919.67,4.341e-05,0x18...0999,https://bscscan.com/tx/0x6f0f4c85b590c6e76fbf05a4d1cde012eea02159750297722931422737163362
2023-04-02 20:51:35,False,3.483e-05,1.107e-08,1447374.0,0.1603,0x64...b8da,https://bscscan.com/tx/0x295da05f60b6547c0c56020411642f5e2ff2fbbff9d5ca68b99d90b1294085b4
2023-04-02 20:51:35,False,3.483e-05,1.107e-08,4358.35,4.827e-05,0x64...b8da,https://bscscan.com/tx/0x295da05f60b6547c0c56020411642f5e2ff2fbbff9d5ca68b99d90b1294085b4
2023-04-02 20:50:14,False,3.465e-05,1.107e-08,1609363.0,0.1782,0x5b...86a5,https://bscscan.com/tx/0x6303004674c6f00a6e6d01fc1a8810db61594da71bd9d25f306a685d24fe4fba
2023-04-02 20:50:14,False,3.465e-05,1.107e-08,3911.35,4.332e-05,0x5b...86a5,https://bscscan.com/tx/0x6303004674c6f00a6e6d01fc1a8810db61594da71bd9d25f306a685d24fe4fba
2023-04-02 20:46:41,False,3.484e-05,1.107e-08,1444300.0,0.1599,0xf1...0fef,https://bscscan.com/tx/0xfecaf0ab9fd18d3142f8928dcaea0ca971f730dc5d997577f3942be98a705577
2023-04-02 20:46:41,False,3.484e-05,1.107e-08,34766.8,0.0038,0xf1...0fef,https://bscscan.com/tx/0xfecaf0ab9fd18d3142f8928dcaea0ca971f730dc5d997577f3942be98a705577
2023-04-02 20:45:23,True,3.485e-05,1.113e-08,4132041.0,0.46,0x4b...3015,https://bscscan.com/tx/0x53da465c5cfb03dda6714a080a8f80ff11ce54cfc3fc4a035b2b96490603184a
2023-04-02 20:41:47,False,3.485e-05,1.107e-08,5869823.0,0.6502,0x05...7066,https://bscscan.com/tx/0x4db0abc98d9990b026f4b7ce1affd4463dbd6d9b3ab585bcd1638d890dcc232e
2023-04-02 20:41:47,False,3.486e-05,1.107e-08,21783.9,0.0024,0x05...7066,https://bscscan.com/tx/0x4db0abc98d9990b026f4b7ce1affd4463dbd6d9b3ab585bcd1638d890dcc232e
2023-04-02 20:41:35,False,3.486e-05,1.107e-08,8043904.0,0.8911,0x05...7066,https://bscscan.com/tx/0xcf927d1717ecc8273a96c21cd4619fc2f181686090870d53e5826b31424927c2
2023-04-02 20:41:35,False,3.486e-05,1.108e-08,39214.3,0.0043,0x05...7066,https://bscscan.com/tx/0xcf927d1717ecc8273a96c21cd4619fc2f181686090870d53e5826b31424927c2
2023-04-02 20:41:20,False,3.487e-05,1.108e-08,14480239.0,1.60472,0x05...7066,https://bscscan.com/tx/0xe8b97d4c05e65aed35d647ba6d175501d96ab42686a68f17796fac1660cbb959
2023-04-02 20:41:20,False,3.487e-05,1.108e-08,80973.0,0.0089,0x05...7066,https://bscscan.com/tx/0xe8b97d4c05e65aed35d647ba6d175501d96ab42686a68f17796fac1660cbb959
2023-04-02 20:40:29,False,3.471e-05,1.108e-08,29900029.0,3.31537,0x20...946b,https://bscscan.com/tx/0xf6e131d998ff5d24adf6c2582769f29c1c8f84cc713ca733bf8c768411e60a20
2023-04-02 20:40:29,False,3.472e-05,1.109e-08,4889.72,5.423e-05,0x20...946b,https://bscscan.com/tx/0xf6e131d998ff5d24adf6c2582769f29c1c8f84cc713ca733bf8c768411e60a20
2023-04-02 20:35:14,False,3.49e-05,1.109e-08,997000.0,0.1105,0xaa...1db5,https://bscscan.com/tx/0x741381bea924421f2ba722129d6a91aeb2756efc1fecb489a9d49d8d57e0af7a
2023-04-02 20:35:14,False,3.49e-05,1.109e-08,96938.9,0.0107,0xaa...1db5,https://bscscan.com/tx/0x741381bea924421f2ba722129d6a91aeb2756efc1fecb489a9d49d8d57e0af7a
2023-04-02 20:33:59,True,3.507e-05,1.114e-08,570162.0,0.0635,0xa8...5f92,https://bscscan.com/tx/0x9fb20b9f96b2c65914d44f75f2fa51cd1c85e3264ced75b8e7fbda73554d2030
2023-04-02 20:33:20,True,3.49e-05,1.114e-08,15816584.0,1.7629,0x1f...9877,https://bscscan.com/tx/0x9ebc797a6951a379a295b35687e89259a0f8bc46d8c6a66391260391399e3d82
2023-04-02 20:30:18,True,3.506e-05,1.114e-08,17861478.0,1.98999,0xc5...63ff,https://bscscan.com/tx/0xb1988a915e1ffa7819ea056acf0bce533ca61e2b2d2ba799b3c24700f448b293
2023-04-02 20:29:54,True,3.488e-05,1.113e-08,207556.0,0.0231,0x82...ac4e,https://bscscan.com/tx/0x8aeebfb024a2aa718ad4fc133512d9b94fff634712fc97fb1503f7d88d4a8929
2023-04-02 20:27:03,False,3.488e-05,1.108e-08,1443191.0,0.1599,0xf1...0fef,https://bscscan.com/tx/0x5393ff573d9e850c07323744227e61cc87791bf10163825a2519fb7118d4b50a
2023-04-02 20:27:03,False,3.488e-05,1.108e-08,21351.8,0.0023,0xf1...0fef,https://bscscan.com/tx/0x5393ff573d9e850c07323744227e61cc87791bf10163825a2519fb7118d4b50a
2023-04-02 20:25:27,True,3.487e-05,1.113e-08,2357488.0,0.2626,0xba...1325,https://bscscan.com/tx/0xa3282d9521513e715c49219bf17e652b0ab1d833d95b6ddb5db8dc6fa86395d3
2023-04-02 20:24:30,True,3.506e-05,1.113e-08,3007907.0,0.335,0x72...f2bd,https://bscscan.com/tx/0x54198a1272519a5838f36678320c3e025879feefab948d36d3739f5ba8d511f0
2023-04-02 20:23:18,True,3.505e-05,1.113e-08,446226.0,0.0497,0xd7...3548,https://bscscan.com/tx/0xc66b711d0fc3a01de488be4698e3422cd6cb58d918be5625656f481e01210611
2023-04-02 20:21:33,False,3.487e-05,1.108e-08,2090165.0,0.2316,0x89...f365,https://bscscan.com/tx/0x40f4f0ac32a8ffa2a85190c333a431665f5a0886f9c58b1b0b6309aa052df5bb
2023-04-02 20:21:33,False,3.487e-05,1.108e-08,155552.0,0.0172,0x89...f365,https://bscscan.com/tx/0x40f4f0ac32a8ffa2a85190c333a431665f5a0886f9c58b1b0b6309aa052df5bb
2023-04-02 20:20:21,True,3.487e-05,1.113e-08,61436.8,0.0068,0xdb...e4fd,https://bscscan.com/tx/0x2faddee17328cd1e6bce6a88d87421ccb1aa68d934f9ca7306cf984db228e902
2023-04-02 20:20:18,True,3.487e-05,1.113e-08,285619.0,0.0318,0x21...0398,https://bscscan.com/tx/0x1a5be8e9f8ca5eb3f4eaa63fe447d0fc96f4a9f8659084d6e17afc9073e7d815
2023-04-02 20:20:03,True,3.487e-05,1.113e-08,20727362.0,2.30804,0x76...6c90,https://bscscan.com/tx/0x0648da2300f0d4f348f837ccf5feca632327d6ae40583d60e806d771deb6c5bc
2023-04-02 20:19:36,True,3.503e-05,1.113e-08,2770609.0,0.3084,0xdb...e4fd,https://bscscan.com/tx/0x28953945df125df6b4e75ea8ab30666e0d3a51a324946ad86b23b67e60f1bbc6
2023-04-02 20:18:51,True,3.501e-05,1.112e-08,33479938.0,3.72534,0xa8...969d,https://bscscan.com/tx/0x2997ee44100bd56602ec7a96bdc2a0857ae8132a0590c1f4691317929a377063
2023-04-02 20:18:45,False,3.482e-05,1.106e-08,286197.0,0.0316,0x98...3e8b,https://bscscan.com/tx/0x6092126c0f524cb295f65d8265b0c57ea4ceb6548c8f16f6bc4445e0da80af72
2023-04-02 20:18:45,False,3.482e-05,1.106e-08,3086.42,3.415e-05,0x98...3e8b,https://bscscan.com/tx/0x6092126c0f524cb295f65d8265b0c57ea4ceb6548c8f16f6bc4445e0da80af72
2023-04-02 20:16:45,True,3.481e-05,1.112e-08,571542.0,0.0635,0x35...3060,https://bscscan.com/tx/0x328332881c25f1a425a48dfe9161309d60967fe1b2ae73556fc47563ded91aad
2023-04-02 20:16:12,True,3.498e-05,1.112e-08,571575.0,0.0635,0x5a...02e4,https://bscscan.com/tx/0x1d84e1a2ea5f5e9d4c128c68b6c7ff57c1c36960ced79ae1a7bcb1364f38a007
2023-04-02 20:15:54,False,3.481e-05,1.106e-08,7366853.0,0.8153,0xd4...cc47,https://bscscan.com/tx/0x2d5a5b875660eb008305da742866f1ea31bb3ef446fe4789d47862861390d0a7
2023-04-02 20:15:54,False,3.481e-05,1.106e-08,240796.0,0.0266,0xd4...cc47,https://bscscan.com/tx/0x2d5a5b875660eb008305da742866f1ea31bb3ef446fe4789d47862861390d0a7
2023-04-02 20:15:51,True,3.499e-05,1.112e-08,857374.0,0.0953,0x35...3060,https://bscscan.com/tx/0x6c9ad5e71e710de74f3150dc46bdf52929999e60c34a57d49a49e2c0fa338b6b
2023-04-02 20:15:00,True,3.477e-05,1.111e-08,83097037.0,9.2344,0x76...6c90,https://bscscan.com/tx/0x1463898b09fa8713db21de25154a0bae2509264a550be56d97fe986ae4b72f47
2023-04-02 20:15:00,True,3.474e-05,1.11e-08,859229.0,0.0953,0x5a...02e4,https://bscscan.com/tx/0xc75e99cd4b1683cce79ac9ae8b6c7faf50773fe1d4383080e3ed3529d6ea6532
2023-04-02 20:13:45,True,3.49e-05,1.11e-08,1870222.0,0.2076,0x00...fa9e,https://bscscan.com/tx/0xcaf907772c6f4f5cad5d157b74802cdedfad3f3e2ddf70579e4ce9b9b25f004e
2023-04-02 20:13:15,False,3.455e-05,1.104e-08,2492500.0,0.2753,0x18...0999,https://bscscan.com/tx/0x4122d075e7f46554c89f71e82369002831fc72be6dc9cb4b292bda20b756911d
2023-04-02 20:13:15,False,3.456e-05,1.104e-08,6750.0,7.456e-05,0x18...0999,https://bscscan.com/tx/0x4122d075e7f46554c89f71e82369002831fc72be6dc9cb4b292bda20b756911d
2023-04-02 20:11:45,False,3.472e-05,1.104e-08,2492500.0,0.2753,0x18...0999,https://bscscan.com/tx/0x06a2574af5e70ac8104c31dde0417c8fda1aece1e6987941b1c50e9e3ff2b133
2023-04-02 20:11:45,False,3.472e-05,1.104e-08,869.99,9.61e-06,0x18...0999,https://bscscan.com/tx/0x06a2574af5e70ac8104c31dde0417c8fda1aece1e6987941b1c50e9e3ff2b133
2023-04-02 20:11:15,False,3.472e-05,1.104e-08,321252.0,0.0354,0x43...17ca,https://bscscan.com/tx/0x755cb9327d8c13e168bbcc3847797deab69b5f64ffefd6cc6f626f56838ce912
2023-04-02 20:11:15,False,3.472e-05,1.104e-08,1410.32,1.557e-05,0x43...17ca,https://bscscan.com/tx/0x755cb9327d8c13e168bbcc3847797deab69b5f64ffefd6cc6f626f56838ce912
2023-04-02 20:09:39,False,3.454e-05,1.104e-08,418563.0,0.0462,0x66...83d6,https://bscscan.com/tx/0x3d972feda0145dc953898445c7d42dcbbfe01810305e34b6c02ae8de5b65035c
2023-04-02 20:09:39,False,3.454e-05,1.104e-08,321191.0,0.0354,0x66...83d6,https://bscscan.com/tx/0x3d972feda0145dc953898445c7d42dcbbfe01810305e34b6c02ae8de5b65035c
2023-04-02 20:09:27,True,3.488e-05,1.11e-08,14679985.0,1.62954,0xce...d0fe,https://bscscan.com/tx/0x584a88b20214452048701cda560b23ec79251c7bdc5aa1c511ef6da45225987e
2023-04-02 20:08:42,True,3.487e-05,1.109e-08,401444.0,0.0445,0x0b...f46b,https://bscscan.com/tx/0xedb2db1a27cf4e4278128ae85e56b73ef06a9c1061f2a506bc2744162a2ff4ac
2023-04-02 20:08:24,True,3.482e-05,1.108e-08,103141839.0,11.4325,0xba...35e5,https://bscscan.com/tx/0x6f14c08d0f7c5e263c96d50f4d703313d8695f2f035e430e01d8f2b3f0a59230
2023-04-02 20:04:42,True,3.479e-05,1.107e-08,271197.0,0.03,0xc1...2c49,https://bscscan.com/tx/0x04ecfd10be454d937deec3e88e21294e374e36d6cc5d24de89fb80ce770b2553
2023-04-02 19:59:24,True,3.478e-05,1.107e-08,29809.7,0.0033,0xe6...2db2,https://bscscan.com/tx/0x9f5d97463242d1ecbfced1edd4c999e0ae00d2112af0badc53f312c7e1abe0ba
2023-04-02 19:57:54,False,3.442e-05,1.101e-08,116106.0,0.0127,0x55...2ce8,https://bscscan.com/tx/0x0cd6315c9c4214954f52800640065365cdd91dd3fd85f77134525a1a860d7d02
2023-04-02 19:57:54,False,3.442e-05,1.101e-08,2700.0,2.974e-05,0x55...2ce8,https://bscscan.com/tx/0x0cd6315c9c4214954f52800640065365cdd91dd3fd85f77134525a1a860d7d02
2023-04-02 19:57:27,False,3.443e-05,1.101e-08,996999.0,0.1098,0x02...5db9,https://bscscan.com/tx/0x45987f79e9c12f068f343e81bacac1eebe9d4363eb5fc08a954fa4408fe11c66
2023-04-02 19:57:27,False,3.443e-05,1.101e-08,178910.0,0.0197,0x02...5db9,https://bscscan.com/tx/0x45987f79e9c12f068f343e81bacac1eebe9d4363eb5fc08a954fa4408fe11c66
2023-04-02 19:51:15,True,3.477e-05,1.107e-08,135495.0,0.015,0x61...08c2,https://bscscan.com/tx/0x86629b742c4f8d8f2f37b9982d0f0f826e3889ae597ec3c7ff8af94da95f14f6
2023-04-02 19:47:24,True,3.474e-05,1.106e-08,63173457.0,6.98822,0x62...c182,https://bscscan.com/tx/0xbde85f03be6d43140fc2d498408d0b5299edb2f9446f9d0498ad95d4fc5c8a1c
2023-04-02 19:47:03,False,3.456e-05,1.099e-08,231251.0,0.0254,0x90...86ac,https://bscscan.com/tx/0xeb93a025365d66abfc678cf18c034092a90833240c58900fcd7f76721a7b042c
2023-04-02 19:47:03,False,3.456e-05,1.099e-08,15873.2,0.0017,0x90...86ac,https://bscscan.com/tx/0xeb93a025365d66abfc678cf18c034092a90833240c58900fcd7f76721a7b042c
2023-04-02 19:44:24,False,3.437e-05,1.099e-08,5861310.0,0.6446,0x37...86e3,https://bscscan.com/tx/0x64c84fb68c9b3021e507a5e3a49c05d26db7b51b487a5afc623fdb83fa008624
2023-04-02 19:44:24,False,3.437e-05,1.099e-08,126923.0,0.0139,0x37...86e3,https://bscscan.com/tx/0x64c84fb68c9b3021e507a5e3a49c05d26db7b51b487a5afc623fdb83fa008624
2023-04-02 19:40:54,True,3.471e-05,1.105e-08,332482.0,0.0367,0x5c...f35e,https://bscscan.com/tx/0x51cf67314fef02765ceac602407c689bbf26a96bb42f85a3bc34a797d947c44c
2023-04-02 19:40:24,True,3.47e-05,1.105e-08,12117982.0,1.33945,0x3d...4dd5,https://bscscan.com/tx/0xf434a0d41c35cc5e02abc37fee6f683caa6a252e217ac47296b99ecb397fb306
2023-04-02 19:39:42,True,3.468e-05,1.104e-08,19902101.0,2.19899,0xab...e6ef,https://bscscan.com/tx/0xa19302c51e8fe1044bc20f1e722741771cf0232f53ecdac8c3c8111f8ffcc3e5
2023-04-02 19:38:41,False,3.432e-05,1.099e-08,189550.0,0.0208,0x22...552d,https://bscscan.com/tx/0x9476517bbe37dc68eeb332fb4698ca51d4f2d0accd851799e652d7e89351c712
2023-04-02 19:38:41,False,3.432e-05,1.099e-08,45900.0,0.005,0x22...552d,https://bscscan.com/tx/0x9476517bbe37dc68eeb332fb4698ca51d4f2d0accd851799e652d7e89351c712
2023-04-02 19:37:12,False,3.433e-05,1.099e-08,16949000.0,1.86329,0xa1...a28b,https://bscscan.com/tx/0x8a15945bea86c4f5aa59b98c7a13b5df1656c6d7a9e7def4f9dfe4e4316344e3
2023-04-02 19:37:12,False,3.434e-05,1.099e-08,7895.48,8.681e-05,0xa1...a28b,https://bscscan.com/tx/0x8a15945bea86c4f5aa59b98c7a13b5df1656c6d7a9e7def4f9dfe4e4316344e3
2023-04-02 19:35:13,False,3.432e-05,1.099e-08,2915478.0,0.3205,0x97...a3dd,https://bscscan.com/tx/0x53fe054d5f3eadc88e70aab262996cca78883b2f08e850401e0e878d2fd906c4
2023-04-02 19:35:13,False,3.433e-05,1.099e-08,593745.0,0.0652,0x97...a3dd,https://bscscan.com/tx/0x53fe054d5f3eadc88e70aab262996cca78883b2f08e850401e0e878d2fd906c4
2023-04-02 19:35:01,True,3.444e-05,1.103e-08,134643561.0,14.8562,0x43...6296,https://bscscan.com/tx/0xf385b4917b0ed3297a0fd9f6d0f70374e6977d6596767881bafdd4ce62274489
2023-04-02 19:32:22,True,3.456e-05,1.101e-08,69844.7,0.0076,0x60...2c72,https://bscscan.com/tx/0x2d1424c97222ae858e44c2ca698d4d7933b311a52fa994ab37530e8e78ce5a47
2023-04-02 19:27:52,True,3.456e-05,1.101e-08,28956675.0,3.18863,0xc1...f4fe,https://bscscan.com/tx/0x761f4952e6568b80b6286504aa939fdcf497a7e21f5139f4d116cdb94760bafc
2023-04-02 19:27:37,True,3.454e-05,1.1e-08,1044404.0,0.1149,0x29...9fa0,https://bscscan.com/tx/0xd8cce72a7006cb9c36a697812b894e488b86fdf444728d7da007ea97f3070718
2023-04-02 19:27:25,True,3.453e-05,1.1e-08,30089971.0,3.31095,0x20...946b,https://bscscan.com/tx/0xdde8b1b18bd17dee43053097ee9aadefd6fc88d4689dba47b04797899662c2c6
2023-04-02 19:25:09,True,3.434e-05,1.099e-08,5445631.0,0.5989,0x17...2019,https://bscscan.com/tx/0x53421e3461a6daeb16dee27c139ee76036e10414a03883b2d4dacac8db9ef34e
2023-04-02 19:23:50,True,3.433e-05,1.099e-08,5657861.0,0.6222,0xeb...6291,https://bscscan.com/tx/0xf46fa8a135e31a0f92d9da7b9c1a68fa98d0817ec3fd4907706cf85e07e7d5ab
2023-04-02 19:23:06,True,3.433e-05,1.099e-08,448000.0,0.0492,0xb6...c377,https://bscscan.com/tx/0x9bd69faa086a1eab8a74a13752c1d8857a8f63e1ae9518ba2f6f7fba8bd874c8
2023-04-02 19:21:38,True,3.432e-05,1.099e-08,6631425.0,0.7291,0xb8...0db2,https://bscscan.com/tx/0x7dab54626a2cb20a815d8e683b9a33b6a649e47c87682b44a742f5950ed3e2a1
2023-04-02 19:20:40,True,3.431e-05,1.099e-08,2847022.0,0.313,0x69...c479,https://bscscan.com/tx/0x6f41fe2516b320955ad3b77467c882d52915505f560b7581a05c2288b0bd209a
2023-04-02 19:18:26,True,3.448e-05,1.099e-08,100000.0,0.0109,0x55...d212,https://bscscan.com/tx/0xe75fc27a225c69877c67da03946a4f2d88c5aa719faea4134707e94593798f1a
2023-04-02 19:18:26,True,3.448e-05,1.099e-08,1977894.0,0.2174,0x69...c479,https://bscscan.com/tx/0x8f91338d2b16e0460646e115d10922ee5f9a32ad3d9c01987090332c98da9294
2023-04-02 19:16:31,False,3.412e-05,1.093e-08,1635876.0,0.1789,0x55...d212,https://bscscan.com/tx/0x7dc1228b4546af3e152cabbfd95b4bd23b3a03212929429c47034aa41e254478
2023-04-02 19:16:31,False,3.412e-05,1.093e-08,22371.1,0.0024,0x55...d212,https://bscscan.com/tx/0x7dc1228b4546af3e152cabbfd95b4bd23b3a03212929429c47034aa41e254478
2023-04-02 19:15:35,True,3.446e-05,1.099e-08,1022384.0,0.1124,0x9e...f658,https://bscscan.com/tx/0x8f7c11ed1409ae36774db9118663614f7e18c34402e37b2e9e192d16478e143d
2023-04-02 19:14:45,True,3.429e-05,1.099e-08,2819957.0,0.31,0xd4...a06f,https://bscscan.com/tx/0xcb50cd88e3fb92b3d185da1fd23ac985e658d0c99a8f2aaa9347a01091250114
2023-04-02 19:12:37,False,3.412e-05,1.093e-08,4429919.0,0.4845,0x23...daed,https://bscscan.com/tx/0x1c13045f3b0b204de5b53b3df0b18b45cf4c470971a564085d735802e9c4b83a
2023-04-02 19:12:37,False,3.412e-05,1.093e-08,94947.8,0.0103,0x23...daed,https://bscscan.com/tx/0x1c13045f3b0b204de5b53b3df0b18b45cf4c470971a564085d735802e9c4b83a
2023-04-02 19:12:19,True,3.445e-05,1.098e-08,30090944.0,3.30696,0x20...946b,https://bscscan.com/tx/0x347d5618e6af69a4e3af82c4e6a0ebdfc6f32dad617d0778693eb860a95f080f
2023-04-02 19:11:46,True,3.443e-05,1.098e-08,2816398.0,0.3093,0xe5...7eed,https://bscscan.com/tx/0x51d51ef6b62e93c179cd9d486ce6d791e16d44c6d3b1848d6fa2ad9dcece13f0
2023-04-02 19:11:01,False,3.409e-05,1.093e-08,971267.0,0.1061,0x08...e68f,https://bscscan.com/tx/0xb889f15cfec7c4d422a133eebad5fd55bf56f53957d72ca649b5ac61b16c43b1
2023-04-02 19:11:01,False,3.409e-05,1.093e-08,44566.0,0.0048,0x08...e68f,https://bscscan.com/tx/0xb889f15cfec7c4d422a133eebad5fd55bf56f53957d72ca649b5ac61b16c43b1
2023-04-02 19:10:46,True,3.443e-05,1.098e-08,6105625.0,0.6706,0x31...258d,https://bscscan.com/tx/0x2145a5721a2f6684bb92211ac3536d3d05552b6f9f707b36fd85d458634759d6
2023-04-02 19:10:19,False,3.409e-05,1.093e-08,10369106.0,1.13337,0xa0...b0df,https://bscscan.com/tx/0x0672bcf188064bbe9ba7222cab34512d44efafaeaed1dbf2f724918adefb097f
2023-04-02 19:10:19,False,3.409e-05,1.093e-08,94185.8,0.0103,0xa0...b0df,https://bscscan.com/tx/0x0672bcf188064bbe9ba7222cab34512d44efafaeaed1dbf2f724918adefb097f
2023-04-02 19:09:01,True,3.442e-05,1.098e-08,25126882.0,2.75972,0xbc...0072,https://bscscan.com/tx/0x4eb588f2f96f86ade5e0dea4c8b6f3fdac9ca8ca8222371827142724d34abd35
2023-04-02 19:08:13,False,3.407e-05,1.092e-08,9727481.0,1.06285,0x8e...3d56,https://bscscan.com/tx/0xd9858f84d325a9a8f6d884842533698b370635a273e816f4fc1b3778dbc16226
2023-04-02 19:08:13,False,3.407e-05,1.092e-08,162266.0,0.0177,0x8e...3d56,https://bscscan.com/tx/0xd9858f84d325a9a8f6d884842533698b370635a273e816f4fc1b3778dbc16226
2023-04-02 19:07:31,True,3.441e-05,1.098e-08,290557.0,0.0319,0x60...2c72,https://bscscan.com/tx/0xc542d17a8e19c7a69d67521724ebaf6c203078c0e194e7fe5c7e5d5064f9f691
2023-04-02 19:06:58,True,3.44e-05,1.097e-08,20533707.0,2.25452,0xea...3ea2,https://bscscan.com/tx/0x5c84ad91d501d9d81bb78c3a5c627881e96023788a5e1cae2c43aa824ba84fb0
2023-04-02 19:06:43,True,3.439e-05,1.097e-08,309744.0,0.034,0xca...0f7c,https://bscscan.com/tx/0xd8a642d7a72e8ad075a1784776822907587eeb4a3c5fe1ddedfc67a2d3af8c67
2023-04-02 19:05:40,True,3.439e-05,1.097e-08,11640826.0,1.27761,0xaf...9dcd,https://bscscan.com/tx/0x4c54948c0287097dc1a67919a52b91288ad6cd0d37fe2c59ec495a34bbc2444f
2023-04-02 19:04:49,True,3.438e-05,1.097e-08,767933.0,0.0842,0x40...eddd,https://bscscan.com/tx/0xf5fb2f8f5e858f0c86fd38dfb10ecaee6b610bf4b16ed9d0cba4b24d80024097
2023-04-02 19:03:22,True,3.42e-05,1.097e-08,145435.0,0.0159,0x55...d212,https://bscscan.com/tx/0x8fd298cec80a0bc1a1fd0b1a436c23f328b9958dfceea09fc1c2d79653567c7f
2023-04-02 19:02:43,True,3.437e-05,1.097e-08,1400000.0,0.1536,0x55...d212,https://bscscan.com/tx/0xa273f4afd49a83f19b654557aa99b9d8492b3f7aa7c8923090c107a7eea3421c
2023-04-02 19:00:28,False,3.404e-05,1.092e-08,24935292.0,2.72332,0xfa...ce4c,https://bscscan.com/tx/0x2cba976f00b2b4652df9e232a9a221b798c00ec0131e8b63dae1adda7251d5ed
2023-04-02 19:00:28,False,3.405e-05,1.092e-08,116692.0,0.0127,0xfa...ce4c,https://bscscan.com/tx/0x2cba976f00b2b4652df9e232a9a221b798c00ec0131e8b63dae1adda7251d5ed
2023-04-02 19:00:19,True,3.422e-05,1.097e-08,18219433.0,2.0,0xca...9f5b,https://bscscan.com/tx/0x850530a1f0ec132cc78449d96c28646a225a9f42dea559a5aa3fa22f98d1c7c3
2023-04-02 19:00:13,True,3.42e-05,1.097e-08,20298519.0,2.22718,0x89...a9eb,https://bscscan.com/tx/0x388b29097d6d888e9a345f3d5bd9b817bd7c4c6604bfad8ee72c3fb4247e7c22
2023-04-02 18:59:31,True,3.419e-05,1.096e-08,273488.0,0.03,0x01...953f,https://bscscan.com/tx/0x70957819e6cba082b720ebfef8d532e042f8c31557af386452ea677683be3eb6
2023-04-02 18:59:31,True,3.419e-05,1.096e-08,2327714.0,0.2553,0x8d...781d,https://bscscan.com/tx/0x224bb14450fd460d5dd36c7bda8ffe357a63bb419a156205c55d1cb065589cfd
2023-04-02 18:58:28,False,3.419e-05,1.091e-08,2093700.0,0.2285,0x60...59c8,https://bscscan.com/tx/0x1824520c690a2df01808d08a9dfbc2b47e755f28045d7debed5d7bbd14a47dba
2023-04-02 18:58:28,False,3.419e-05,1.091e-08,178143.0,0.0194,0x60...59c8,https://bscscan.com/tx/0x1824520c690a2df01808d08a9dfbc2b47e755f28045d7debed5d7bbd14a47dba
2023-04-02 18:57:45,True,3.417e-05,1.096e-08,40397675.0,4.42918,0xfe...5ad3,https://bscscan.com/tx/0x8ce027358f8be43ef4760a71968ffe1e1d66a59c46a8c543ff81919df7a0102e
2023-04-02 18:51:28,True,3.431e-05,1.095e-08,18254647.0,2.0,0x90...8407,https://bscscan.com/tx/0x262548c7e5afa9088ef011ecc70b2088f9c3eed777d463414595409aa21e7d29
2023-04-02 18:50:43,False,3.396e-05,1.089e-08,7304562.0,0.7961,0x21...371e,https://bscscan.com/tx/0x15ff8960d0b502a2928adf4051ef2c85c3c63168d6015a14505359e2a6367cc4
2023-04-02 18:50:43,False,3.396e-05,1.09e-08,2655.6,2.894e-05,0x21...371e,https://bscscan.com/tx/0x15ff8960d0b502a2928adf4051ef2c85c3c63168d6015a14505359e2a6367cc4
2023-04-02 18:50:43,True,3.413e-05,1.095e-08,912783.0,0.1,0xca...aadb,https://bscscan.com/tx/0x2f87593544e9112b28a0df7ed7fc48d13d1291b3d389172de2edd2b9fd2e99ed
2023-04-02 18:50:01,False,3.413e-05,1.09e-08,70560.7,0.0076,0x20...f960,https://bscscan.com/tx/0x2f58d1f383ad8af345604c1bc29507df148aeeb3a0ac3fd151bf4c46abf9f5a4
2023-04-02 18:50:01,False,3.413e-05,1.09e-08,183845.0,0.02,0x20...f960,https://bscscan.com/tx/0x2f58d1f383ad8af345604c1bc29507df148aeeb3a0ac3fd151bf4c46abf9f5a4
2023-04-02 18:49:31,True,3.43e-05,1.095e-08,13562622.0,1.4856,0x58...e4d3,https://bscscan.com/tx/0xbc5cc23a844f6ccda11a249e77bc66938119c5311f4caee5976983a16ea2dd26
2023-04-02 18:42:36,True,3.431e-05,1.094e-08,17815236.0,1.95067,0x43...5e9c,https://bscscan.com/tx/0x5858049ae6f3b5a63cbf594ad678cf476356049ed7b8af2126d5dfc6a3eeeedd
2023-04-02 18:41:48,True,3.41e-05,1.094e-08,27276592.0,2.985,0xca...948c,https://bscscan.com/tx/0x782b6a2d38dfb64ab2db274465950180c511dea18e382cc6e43e3d75f44880e6
2023-04-02 18:39:27,True,3.427e-05,1.093e-08,137114.0,0.015,0x32...c729,https://bscscan.com/tx/0xf69c618057e887efa398551ab80e89074dcdc056b737b837710da247627928ad
2023-04-02 18:38:09,True,3.409e-05,1.093e-08,9096249.0,0.995,0xca...948c,https://bscscan.com/tx/0x4119df5741cf974572930102dcaf21b6eade732876002dccefa8110fc67ecb6e
2023-04-02 18:38:09,False,3.391e-05,1.088e-08,202139.0,0.022,0xa8...3b9e,https://bscscan.com/tx/0x69cd5f9e4f13646fc507c66ab824c912043fbc866d1d6e5a3b847d1cca8d8166
2023-04-02 18:38:09,False,3.391e-05,1.088e-08,44691.8,0.0048,0xa8...3b9e,https://bscscan.com/tx/0x69cd5f9e4f13646fc507c66ab824c912043fbc866d1d6e5a3b847d1cca8d8166
2023-04-02 18:36:27,True,3.425e-05,1.093e-08,182859.0,0.02,0x72...6817,https://bscscan.com/tx/0x211de87ae403c3174afbc151aefbd611f564a7a8eb469196ad08a70405085e22
2023-04-02 18:35:36,True,3.425e-05,1.093e-08,10915228.0,1.19368,0x8a...6661,https://bscscan.com/tx/0x8562c530050920751ed985bdc02a334be473a646434e3ae5ce5d3ac5c576bce2
2023-04-02 18:34:12,True,3.409e-05,1.093e-08,2873679.0,0.3142,0x26...18ce,https://bscscan.com/tx/0x769ea307372e935886b761cfb3ff7fe0bb156508ddd4799a0f462cd69899adad
2023-04-02 18:33:21,False,3.392e-05,1.087e-08,2573023.0,0.2799,0xe9...ffa2,https://bscscan.com/tx/0x500ef4da61ef05ceee12035945dbbd461d25a7ecdbf68ee6e35415bf1a2ac8e7
2023-04-02 18:33:21,False,3.392e-05,1.087e-08,91713.3,0.0099,0xe9...ffa2,https://bscscan.com/tx/0x500ef4da61ef05ceee12035945dbbd461d25a7ecdbf68ee6e35415bf1a2ac8e7
2023-04-02 18:32:57,True,3.427e-05,1.093e-08,620774.0,0.0678,0x39...dc6f,https://bscscan.com/tx/0xb80dbbd0ec0f1660028e2ce0eebd929dae3d1208478cad8e10d047a853ed2ffc
2023-04-02 18:32:48,True,3.427e-05,1.093e-08,3881887.0,0.4244,0xc1...7993,https://bscscan.com/tx/0x15d98c817d024310afcabb162a4a2dbb97819f905006bb140c793b2d3f0322cc
2023-04-02 18:32:03,False,3.392e-05,1.088e-08,33247057.0,3.61828,0xfa...ce4c,https://bscscan.com/tx/0x5e0acf4201b7101ad110b8c4b9fe9f6db1f4e59dc0153e657daf31b36b0555f2
2023-04-02 18:32:03,False,3.394e-05,1.088e-08,10502.8,0.0011,0xfa...ce4c,https://bscscan.com/tx/0x5e0acf4201b7101ad110b8c4b9fe9f6db1f4e59dc0153e657daf31b36b0555f2
2023-04-02 18:32:03,False,3.394e-05,1.088e-08,3878246.0,0.4222,0x05...7066,https://bscscan.com/tx/0x03876a7a281bf01b586e84c382f9fa30341036d7e46342ec94031cdc15575824
2023-04-02 18:32:03,False,3.394e-05,1.088e-08,26070.8,0.0028,0x05...7066,https://bscscan.com/tx/0x03876a7a281bf01b586e84c382f9fa30341036d7e46342ec94031cdc15575824
2023-04-02 18:31:36,False,3.395e-05,1.088e-08,9626872.0,1.04834,0xc0...d1b7,https://bscscan.com/tx/0x22a7e809c3dd7e8b6ce54ca6a31e6cf3436c95d977d16db55830bfafc983b7f6
2023-04-02 18:31:36,False,3.396e-05,1.089e-08,307725.0,0.0335,0xc0...d1b7,https://bscscan.com/tx/0x22a7e809c3dd7e8b6ce54ca6a31e6cf3436c95d977d16db55830bfafc983b7f6
2023-04-02 18:31:24,True,3.413e-05,1.094e-08,251240.0,0.0275,0x08...7c56,https://bscscan.com/tx/0x42568f99ece1168ab3dd4d767c797a087b3ed0916badd836f7bf932c244dd5ae
2023-04-02 18:31:18,True,3.43e-05,1.094e-08,4631547.0,0.5069,0xa8...9a89,https://bscscan.com/tx/0xef65475c7afd4c47214756d9e55757763efd9502a86e3735f52aea0ea91ea57a
2023-04-02 18:29:18,False,3.418e-05,1.09e-08,106556488.0,11.6188,0x05...7066,https://bscscan.com/tx/0x1cc470e89b0f792dcd960ab430486d7943936abc2cf4bf06ca34364823634d96
2023-04-02 18:29:18,False,3.423e-05,1.091e-08,384857.0,0.042,0x05...7066,https://bscscan.com/tx/0x1cc470e89b0f792dcd960ab430486d7943936abc2cf4bf06ca34364823634d96
2023-04-02 18:28:36,True,3.439e-05,1.097e-08,826369.0,0.0906,0xbb...c106,https://bscscan.com/tx/0xff93db05a1a5a6bf232af8f2b5abfb91fc7b52c17efc72582c1d19913a6322e0
2023-04-02 18:28:21,False,3.412e-05,1.093e-08,141288131.0,15.4522,0x23...1208,https://bscscan.com/tx/0x42c68d782020d32287ae423bf5a934e340995d34ae849d0b7b84dce54c4d95fc
2023-04-02 18:28:21,False,3.417e-05,1.095e-08,56681.1,0.0062,0x23...1208,https://bscscan.com/tx/0x42c68d782020d32287ae423bf5a934e340995d34ae849d0b7b84dce54c4d95fc
2023-04-02 18:28:21,False,3.418e-05,1.095e-08,20930021.0,2.29357,0x20...946b,https://bscscan.com/tx/0xbe8f81c2a57b0cf5b126b0106d49b099a557589d57a5dd3a8e13418f72ecb658
2023-04-02 18:28:21,False,3.419e-05,1.096e-08,103782.0,0.0113,0x20...946b,https://bscscan.com/tx/0xbe8f81c2a57b0cf5b126b0106d49b099a557589d57a5dd3a8e13418f72ecb658
2023-04-02 18:28:09,False,3.42e-05,1.096e-08,29352292.0,3.21848,0x3b...0b3f,https://bscscan.com/tx/0x97f55a4be441e7a1758794a76a4a153f85eb88a30039015afd3bdcdfc0597f56
2023-04-02 18:28:09,False,3.422e-05,1.096e-08,79112.3,0.0086,0x3b...0b3f,https://bscscan.com/tx/0x97f55a4be441e7a1758794a76a4a153f85eb88a30039015afd3bdcdfc0597f56
2023-04-02 18:27:30,False,3.423e-05,1.097e-08,29212956.0,3.2055,0x3b...0b3f,https://bscscan.com/tx/0xa947713e774b6e55f09ea6c1fcb84590c9202378272ce47086d58e94dcf7a1be
2023-04-02 18:27:30,False,3.424e-05,1.097e-08,17404.0,0.0019,0x3b...0b3f,https://bscscan.com/tx/0xa947713e774b6e55f09ea6c1fcb84590c9202378272ce47086d58e94dcf7a1be
2023-04-02 18:27:30,False,3.425e-05,1.097e-08,6426594.0,0.7054,0x05...7066,https://bscscan.com/tx/0x6d88cd7d21d85691ae7213a09443b037647df0cc644f7aa5acf106da6aaf38b7
2023-04-02 18:27:30,False,3.425e-05,1.097e-08,30307.5,0.0033,0x05...7066,https://bscscan.com/tx/0x6d88cd7d21d85691ae7213a09443b037647df0cc644f7aa5acf106da6aaf38b7
2023-04-02 18:27:18,False,3.425e-05,1.097e-08,11191329.0,1.22881,0x2a...f2c0,https://bscscan.com/tx/0x1ad6b500d1c03d413e1903397644ded24982ff7d78c767ce272c83e4c2bcf811
2023-04-02 18:27:18,False,3.426e-05,1.098e-08,33037.0,0.0036,0x2a...f2c0,https://bscscan.com/tx/0x1ad6b500d1c03d413e1903397644ded24982ff7d78c767ce272c83e4c2bcf811
2023-04-02 18:26:36,False,3.426e-05,1.098e-08,12199212.0,1.33986,0x20...946b,https://bscscan.com/tx/0x010b39edc49ea29ad9da3b417347c5cbdf019dbc438951ad53cac44da582a8c4
2023-04-02 18:26:36,False,3.427e-05,1.098e-08,34170.6,0.0037,0x20...946b,https://bscscan.com/tx/0x010b39edc49ea29ad9da3b417347c5cbdf019dbc438951ad53cac44da582a8c4
2023-04-02 18:26:27,False,3.425e-05,1.098e-08,6877002.0,0.7554,0x05...7066,https://bscscan.com/tx/0xa6f57a7c0816612a7c59e83cc8c4e0d21f3880c9afda4020fe58bbb46eaa0f55
2023-04-02 18:26:27,False,3.426e-05,1.098e-08,79027.7,0.0086,0x05...7066,https://bscscan.com/tx/0xa6f57a7c0816612a7c59e83cc8c4e0d21f3880c9afda4020fe58bbb46eaa0f55
2023-04-02 18:25:33,False,3.428e-05,1.099e-08,29181722.0,3.20723,0x3b...0b3f,https://bscscan.com/tx/0x41c6719672b24254660dc153d933ea5c29b5a31cdd09e3d2a7c5a0977c533c3b
2023-04-02 18:25:33,False,3.43e-05,1.099e-08,95477.0,0.0105,0x3b...0b3f,https://bscscan.com/tx/0x41c6719672b24254660dc153d933ea5c29b5a31cdd09e3d2a7c5a0977c533c3b
2023-04-02 18:24:51,False,3.431e-05,1.099e-08,29900029.0,3.28856,0x20...946b,https://bscscan.com/tx/0x3ac46969c24b8b4606e038a6d67e3e81f1519ce24d929e331bac76c0ca0c56dc
2023-04-02 18:24:51,False,3.432e-05,1.1e-08,25138.6,0.0027,0x20...946b,https://bscscan.com/tx/0x3ac46969c24b8b4606e038a6d67e3e81f1519ce24d929e331bac76c0ca0c56dc
2023-04-02 18:22:09,True,3.466e-05,1.105e-08,1555763.0,0.172,0x96...4694,https://bscscan.com/tx/0xb103bf3b56beddce69156a3c087ea4ee581754341045f6eca7ceb0d50f800e77
2023-04-02 18:22:09,False,3.449e-05,1.1e-08,7731556.0,0.8507,0x05...7066,https://bscscan.com/tx/0x50e0994dd100f9125adfa9a1487d4b107799b4e9b572974296b6dba852e11490
2023-04-02 18:22:09,False,3.449e-05,1.1e-08,34987.9,0.0038,0x05...7066,https://bscscan.com/tx/0x50e0994dd100f9125adfa9a1487d4b107799b4e9b572974296b6dba852e11490
2023-04-02 18:22:00,False,3.45e-05,1.1e-08,12919605.0,1.42192,0x05...7066,https://bscscan.com/tx/0x9036e1912a21272fb380b04c6839713422c5d862cc497f11ead7d7c87475dabf
2023-04-02 18:22:00,False,3.45e-05,1.1e-08,78921.6,0.0086,0x05...7066,https://bscscan.com/tx/0x9036e1912a21272fb380b04c6839713422c5d862cc497f11ead7d7c87475dabf
2023-04-02 18:20:51,False,3.453e-05,1.101e-08,29142525.0,3.20906,0x3b...0b3f,https://bscscan.com/tx/0xf8aa664b562121bb364dae1db3ba653e60761162cc5c016807a727b50af2e65b
2023-04-02 18:20:51,False,3.455e-05,1.101e-08,21524.6,0.0023,0x3b...0b3f,https://bscscan.com/tx/0xf8aa664b562121bb364dae1db3ba653e60761162cc5c016807a727b50af2e65b
2023-04-02 18:20:45,True,3.472e-05,1.107e-08,613323.0,0.0679,0xcc...c4a6,https://bscscan.com/tx/0xf9b6be2ac769ebb92abe9a04a9506d3e566520b547f59303efa95cf75e4a6107
2023-04-02 18:20:45,False,3.455e-05,1.101e-08,7336675.0,0.8082,0x05...7066,https://bscscan.com/tx/0xd61204c4c1262a19faf3839c935a99afbdab2a6fb7f5defc3390b5710a0e0e66
2023-04-02 18:20:45,False,3.455e-05,1.101e-08,30460.1,0.0033,0x05...7066,https://bscscan.com/tx/0xd61204c4c1262a19faf3839c935a99afbdab2a6fb7f5defc3390b5710a0e0e66
2023-04-02 18:20:36,False,3.456e-05,1.101e-08,11247690.0,1.23937,0x05...7066,https://bscscan.com/tx/0x769ec0d9f816e0f9f22c5a369bc7de33616cfa22c3e653f2920edd08784127ff
2023-04-02 18:20:36,False,3.456e-05,1.102e-08,103166.0,0.0113,0x05...7066,https://bscscan.com/tx/0x769ec0d9f816e0f9f22c5a369bc7de33616cfa22c3e653f2920edd08784127ff
2023-04-02 18:20:12,True,3.456e-05,1.107e-08,9029780.0,1.0,0x40...da76,https://bscscan.com/tx/0x7d161b0a2d336f8d5b71dfc9f9484e3cabd0e238e99c044a8ca08a5403a86e8c
2023-04-02 18:19:27,False,3.457e-05,1.102e-08,29092188.0,3.2065,0x3b...0b3f,https://bscscan.com/tx/0x9f3dc6856f5960df015d55dd4522d7e19d909f2812b624b6c0dc10e126a93aba
2023-04-02 18:19:27,False,3.458e-05,1.102e-08,80973.0,0.0089,0x3b...0b3f,https://bscscan.com/tx/0x9f3dc6856f5960df015d55dd4522d7e19d909f2812b624b6c0dc10e126a93aba
2023-04-02 18:19:05,False,3.442e-05,1.102e-08,29900030.0,3.29792,0x20...946b,https://bscscan.com/tx/0x4e96e24fa956cae2e4a992e74cef109ad1d1754a0629fc9f81da67a0f7cbb7bb
2023-04-02 18:19:05,False,3.444e-05,1.103e-08,5309.83,5.858e-05,0x20...946b,https://bscscan.com/tx/0x4e96e24fa956cae2e4a992e74cef109ad1d1754a0629fc9f81da67a0f7cbb7bb
2023-04-02 18:17:13,False,3.444e-05,1.103e-08,1875728.0,0.2069,0xf9...686e,https://bscscan.com/tx/0x114aa852aa65899b094890b76c39512e76099f5b4150238ff7319225c25b8dbe
2023-04-02 18:17:13,False,3.444e-05,1.103e-08,103407.0,0.0114,0xf9...686e,https://bscscan.com/tx/0x114aa852aa65899b094890b76c39512e76099f5b4150238ff7319225c25b8dbe
2023-04-02 18:16:04,True,3.477e-05,1.108e-08,30900203.0,3.42546,0x89...42ee,https://bscscan.com/tx/0x6f3f71937ac1e43e2d63f4d02f18280a2fc24b11ff19e7af5f12a8c4bb72ed48
2023-04-02 18:10:08,False,3.457e-05,1.102e-08,7376554.0,0.8134,0xb4...3b13,https://bscscan.com/tx/0x14502dad70a5ff5f679520704cb8ef2e377f9190b08333d515e22dc806412db6
2023-04-02 18:10:08,False,3.458e-05,1.102e-08,234.156,2.582e-06,0xb4...3b13,https://bscscan.com/tx/0x14502dad70a5ff5f679520704cb8ef2e377f9190b08333d515e22dc806412db6
2023-04-02 18:08:49,False,3.458e-05,1.102e-08,86464.4,0.0095,0xaa...473d,https://bscscan.com/tx/0xbd527e8c6b44bcd76790006b955ebd28d28648e2091f107bc510a5990f70a0e2
2023-04-02 18:08:49,False,3.458e-05,1.102e-08,16438.7,0.0018,0xaa...473d,https://bscscan.com/tx/0xbd527e8c6b44bcd76790006b955ebd28d28648e2091f107bc510a5990f70a0e2
2023-04-02 18:07:57,False,3.441e-05,1.102e-08,6070158.0,0.6694,0x05...7066,https://bscscan.com/tx/0x322141ba5e94e813fbea4358371b04f9c2ed2a78f3839f1861781ad9868e0817
2023-04-02 18:07:57,False,3.441e-05,1.102e-08,35019.8,0.0038,0x05...7066,https://bscscan.com/tx/0x322141ba5e94e813fbea4358371b04f9c2ed2a78f3839f1861781ad9868e0817
2023-04-02 18:07:45,False,3.459e-05,1.103e-08,12931388.0,1.42652,0x05...7066,https://bscscan.com/tx/0xbf56276441ea581c3ee5c23db2305b7b7a9450c1d9f2d66c33611fccac5b05d4
2023-04-02 18:07:45,False,3.459e-05,1.103e-08,36072.8,0.0039,0x05...7066,https://bscscan.com/tx/0xbf56276441ea581c3ee5c23db2305b7b7a9450c1d9f2d66c33611fccac5b05d4
2023-04-02 18:07:30,False,3.442e-05,1.103e-08,13320218.0,1.46989,0x05...7066,https://bscscan.com/tx/0x3c589a74e04671a28238b7b2f0b4713ab1235b12aa732c13599b61d825868f49
2023-04-02 18:07:30,False,3.442e-05,1.103e-08,78692.6,0.0086,0x05...7066,https://bscscan.com/tx/0x3c589a74e04671a28238b7b2f0b4713ab1235b12aa732c13599b61d825868f49
2023-04-02 18:06:39,False,3.443e-05,1.104e-08,29057954.0,3.20821,0x3b...0b3f,https://bscscan.com/tx/0xba58ccf91982dca2b1e554efa8e4279cddc94d7d9bb0d4379c01473e240741dd
2023-04-02 18:06:39,False,3.444e-05,1.104e-08,80973.0,0.0089,0x3b...0b3f,https://bscscan.com/tx/0xba58ccf91982dca2b1e554efa8e4279cddc94d7d9bb0d4379c01473e240741dd
2023-04-02 18:06:24,False,3.463e-05,1.104e-08,29900029.0,3.30357,0x20...946b,https://bscscan.com/tx/0x17256bfe98f3f4c185bf96a4b4e0119784d3b0cc7e77ce41f63fb75834d32414
2023-04-02 18:06:24,False,3.464e-05,1.105e-08,33955.8,0.0037,0x20...946b,https://bscscan.com/tx/0x17256bfe98f3f4c185bf96a4b4e0119784d3b0cc7e77ce41f63fb75834d32414
2023-04-02 18:06:21,False,3.465e-05,1.105e-08,12538504.0,1.38606,0x05...7066,https://bscscan.com/tx/0x85b44f4a8065d8b873f50b12a3ee5625829a921a2843674dfe5f95a7edf66608
2023-04-02 18:06:21,False,3.465e-05,1.105e-08,247474.0,0.0273,0x05...7066,https://bscscan.com/tx/0x85b44f4a8065d8b873f50b12a3ee5625829a921a2843674dfe5f95a7edf66608
2023-04-02 18:06:12,True,3.461e-05,1.109e-08,90465300.0,10.0411,0xcd...c3b0,https://bscscan.com/tx/0x42ed52868a8e0c908eeb9e48f0a9b68e3eab72d3221437c01c371c48eb2fa8f8
2023-04-02 18:05:33,False,3.44e-05,1.103e-08,1188096.0,0.131,0x3b...a99e,https://bscscan.com/tx/0xba8c65ae15366264cb97b3d8660cf4386de039e79d6f0f37e913b295d37900ee
2023-04-02 18:05:33,False,3.44e-05,1.103e-08,19414.8,0.0021,0x3b...a99e,https://bscscan.com/tx/0xba8c65ae15366264cb97b3d8660cf4386de039e79d6f0f37e913b295d37900ee
2023-04-02 18:04:51,True,3.457e-05,1.108e-08,940502.0,0.1042,0x31...6f44,https://bscscan.com/tx/0xe01b650c4fdb789a0c9d5945e348e9ab5c37df97a7d43946b8f14dee8e44b3fc
2023-04-02 18:03:48,False,3.44e-05,1.103e-08,6231431.0,0.6874,0x05...7066,https://bscscan.com/tx/0xf3c26d087e83c794ec1ceb940f399f15306c13f0d28c1a0461bb59f22acb95dc
2023-04-02 18:03:48,False,3.441e-05,1.103e-08,78757.3,0.0086,0x05...7066,https://bscscan.com/tx/0xf3c26d087e83c794ec1ceb940f399f15306c13f0d28c1a0461bb59f22acb95dc
2023-04-02 18:02:42,False,3.442e-05,1.103e-08,29081854.0,3.20989,0x3b...0b3f,https://bscscan.com/tx/0x038766436a19877c239f313ce465ed8a239dbd1e83617d6530af09f987ab5269
2023-04-02 18:02:42,False,3.443e-05,1.104e-08,78601.8,0.0086,0x3b...0b3f,https://bscscan.com/tx/0x038766436a19877c239f313ce465ed8a239dbd1e83617d6530af09f987ab5269
2023-04-02 18:01:48,False,3.462e-05,1.104e-08,29024457.0,3.20584,0x3b...0b3f,https://bscscan.com/tx/0xf2ef28afcb37c92a2eb03be40216436866fed60fd5d8b36ed04a353b38581490
2023-04-02 18:01:48,False,3.463e-05,1.104e-08,80973.0,0.0089,0x3b...0b3f,https://bscscan.com/tx/0xf2ef28afcb37c92a2eb03be40216436866fed60fd5d8b36ed04a353b38581490
2023-04-02 18:01:27,False,3.465e-05,1.105e-08,29900030.0,3.30493,0x20...946b,https://bscscan.com/tx/0x80dd2a6861a4c4bf7dadc9e0af7600697c92f995f6019a5526de859bc437bc3b
2023-04-02 18:01:27,False,3.466e-05,1.105e-08,140205.0,0.0155,0x20...946b,https://bscscan.com/tx/0x80dd2a6861a4c4bf7dadc9e0af7600697c92f995f6019a5526de859bc437bc3b
2023-04-02 18:01:12,True,3.466e-05,1.111e-08,2249711.0,0.25,0x36...8df7,https://bscscan.com/tx/0xb1e9e8219f6285c9c7e8809fa78c2de2b513b14093a40539c28a056f291e17fc
2023-04-02 18:01:09,True,3.463e-05,1.11e-08,48832199.0,5.4231,0xbd...747b,https://bscscan.com/tx/0xbeb87ac96e0ecc054b8b279f19a6bfcb6329d103e735fa3972a8709ec011336b
2023-04-02 18:00:57,False,3.444e-05,1.104e-08,843298.0,0.0931,0x79...abb7,https://bscscan.com/tx/0x7fe449b37e02f27d04a2369a7475e3d9aef243016ba85894a25f518a7c7c7d84
2023-04-02 18:00:57,False,3.444e-05,1.104e-08,7008.3,7.739e-05,0x79...abb7,https://bscscan.com/tx/0x7fe449b37e02f27d04a2369a7475e3d9aef243016ba85894a25f518a7c7c7d84
2023-04-02 17:56:55,False,3.46e-05,1.104e-08,2587880.0,0.2858,0xd8...24de,https://bscscan.com/tx/0x7adfc805e8809bb8de533db3de0e2461f0f9d4580b8d15de9d7f3f81a25ede5c
2023-04-02 17:56:55,False,3.461e-05,1.104e-08,2398.45,2.648e-05,0xd8...24de,https://bscscan.com/tx/0x7adfc805e8809bb8de533db3de0e2461f0f9d4580b8d15de9d7f3f81a25ede5c
2023-04-02 17:56:19,False,3.443e-05,1.104e-08,885649.0,0.0978,0x39...44e0,https://bscscan.com/tx/0xc4a25954ef1fa5ce1d8f071853992a0d8b5bf65c2e7cdbb47c4d348a7a8a54a2
2023-04-02 17:56:19,False,3.443e-05,1.104e-08,14706.9,0.0016,0x39...44e0,https://bscscan.com/tx/0xc4a25954ef1fa5ce1d8f071853992a0d8b5bf65c2e7cdbb47c4d348a7a8a54a2
2023-04-02 17:55:35,True,3.461e-05,1.11e-08,246855.0,0.0274,0xc4...c392,https://bscscan.com/tx/0x14eb826f39ed0dab91321201c91154d5c847c2085d5473ee3f4c2ebf28cacdf3
2023-04-02 17:54:28,False,3.444e-05,1.104e-08,5184553.0,0.5726,0xa0...b0df,https://bscscan.com/tx/0x2b1bc3f9a522b0169304ad044178e85fad1f06f6e3f1547ed34eb530f2375b83
2023-04-02 17:54:28,False,3.444e-05,1.104e-08,22781.4,0.0025,0xa0...b0df,https://bscscan.com/tx/0x2b1bc3f9a522b0169304ad044178e85fad1f06f6e3f1547ed34eb530f2375b83
2023-04-02 17:54:15,False,3.444e-05,1.104e-08,8412250.0,0.9293,0x05...7066,https://bscscan.com/tx/0xd4422f326a01b5124d73bcdf19546f9fd5bba05dae0332f4761bc7132e9f9bbb
2023-04-02 17:54:15,False,3.445e-05,1.104e-08,14040.4,0.0015,0x05...7066,https://bscscan.com/tx/0xd4422f326a01b5124d73bcdf19546f9fd5bba05dae0332f4761bc7132e9f9bbb
2023-04-02 17:54:09,False,3.445e-05,1.104e-08,5184553.0,0.5728,0xa0...b0df,https://bscscan.com/tx/0xb4fc0652341252ebfcfd9d36eaffb91523b951f5d0e470ac5239e652d95af317
2023-04-02 17:54:09,False,3.445e-05,1.104e-08,19705.1,0.0021,0xa0...b0df,https://bscscan.com/tx/0xb4fc0652341252ebfcfd9d36eaffb91523b951f5d0e470ac5239e652d95af317
2023-04-02 17:54:06,False,3.445e-05,1.105e-08,7276301.0,0.804,0x05...7066,https://bscscan.com/tx/0xb5d2622f87284637e2dd3030057943204d5f12bbe7b4b573b0db819a30647ee9
2023-04-02 17:54:06,False,3.446e-05,1.105e-08,78589.3,0.0086,0x05...7066,https://bscscan.com/tx/0xb5d2622f87284637e2dd3030057943204d5f12bbe7b4b573b0db819a30647ee9
2023-04-02 17:52:53,False,3.466e-05,1.105e-08,29019814.0,3.20832,0x3b...0b3f,https://bscscan.com/tx/0xca9c2f8dfab837619ac90fdd0663a0576c2a7508a6bc0d8963319af9079b134f
2023-04-02 17:52:53,False,3.467e-05,1.105e-08,80973.0,0.0089,0x3b...0b3f,https://bscscan.com/tx/0xca9c2f8dfab837619ac90fdd0663a0576c2a7508a6bc0d8963319af9079b134f
2023-04-02 17:52:37,False,3.467e-05,1.106e-08,29900029.0,3.30802,0x20...946b,https://bscscan.com/tx/0x5bf86b075d5dbaac4a36cb27ef7c960c0c9e5e1b3be577fe4d7d7aa97e5276b8
2023-04-02 17:52:37,False,3.468e-05,1.106e-08,22032.1,0.0024,0x20...946b,https://bscscan.com/tx/0x5bf86b075d5dbaac4a36cb27ef7c960c0c9e5e1b3be577fe4d7d7aa97e5276b8
2023-04-02 17:48:02,True,3.486e-05,1.112e-08,257222.0,0.0286,0xc4...c392,https://bscscan.com/tx/0x0bc1610a6970f755ecebe30aa402d633ccb4aeab10c69415b43a982d27f496cf
2023-04-02 17:45:44,True,3.486e-05,1.112e-08,10000.0,0.0011,0xbf...45b0,https://bscscan.com/tx/0x28c93f74f2667e325b8e099f7bac53ecf1ab839fa8006415280adc0e686955b0
2023-04-02 17:43:43,False,3.453e-05,1.106e-08,6912737.0,0.7651,0xa0...b0df,https://bscscan.com/tx/0x558a09a5a0fa7146b5b2c4791674cb7ca6c1987e510cb457ac2a7f085b68a5f0
2023-04-02 17:43:43,False,3.453e-05,1.106e-08,24960.7,0.0027,0xa0...b0df,https://bscscan.com/tx/0x558a09a5a0fa7146b5b2c4791674cb7ca6c1987e510cb457ac2a7f085b68a5f0
2023-04-02 17:43:11,False,3.471e-05,1.107e-08,9216983.0,1.02039,0xa0...b0df,https://bscscan.com/tx/0x4e1173f31f671e40b3a9f1a21679a6f23a7ec4c6fda518a49fb69593c00526d3
2023-04-02 17:43:11,False,3.471e-05,1.107e-08,20250.0,0.0022,0xa0...b0df,https://bscscan.com/tx/0x4e1173f31f671e40b3a9f1a21679a6f23a7ec4c6fda518a49fb69593c00526d3
2023-04-02 17:41:13,False,3.472e-05,1.107e-08,7477500.0,0.8279,0xe3...5aaa,https://bscscan.com/tx/0x2bc181bf3189927ba01d1063333ec9234341cad6bf019bfaffaca1c00fed6b7f
2023-04-02 17:41:13,False,3.472e-05,1.107e-08,306648.0,0.0339,0xe3...5aaa,https://bscscan.com/tx/0x2bc181bf3189927ba01d1063333ec9234341cad6bf019bfaffaca1c00fed6b7f
2023-04-02 17:38:16,True,3.47e-05,1.112e-08,1797036.0,0.2,0xe3...fe98,https://bscscan.com/tx/0x9d50fc2d3aea92d529df239310c14d3711372ca09c469aa62a8ff7b280f61e6a
2023-04-02 17:36:37,True,3.474e-05,1.113e-08,316851.0,0.0352,0xb2...2dc6,https://bscscan.com/tx/0xb5e857f3c2abc07a93426b2f47390abaf322b79aff9ca99ddee6a8f4ca5c4116
2023-04-02 17:35:31,True,3.467e-05,1.111e-08,105265901.0,11.7,0xa4...eeaa,https://bscscan.com/tx/0x23e5e95480aa84752920d0780b1a95f3634420f74209ee127d96172c9aa31e05
2023-04-02 17:33:13,False,3.463e-05,1.104e-08,752188.0,0.083,0xeb...8f55,https://bscscan.com/tx/0x662bf78f60f8cddf35cf2adeedab72a1b7ee3dc7f81a576efb496ce5ec02b7e7
2023-04-02 17:33:13,False,3.463e-05,1.104e-08,13573.5,0.0015,0xeb...8f55,https://bscscan.com/tx/0x662bf78f60f8cddf35cf2adeedab72a1b7ee3dc7f81a576efb496ce5ec02b7e7
2023-04-02 17:33:07,True,3.48e-05,1.11e-08,1801744.0,0.2,0x6b...76a9,https://bscscan.com/tx/0x1f1dab6f83118b9f4fd7f1c67fcb44a4f47bab2791d7bf52cb91881c44762cc9
2023-04-02 17:32:58,False,3.445e-05,1.104e-08,3215806.0,0.3551,0x3b...e6a9,https://bscscan.com/tx/0x2710cc615df0b39b5d18862a892d2c7734f2a3a71f50f083e70ae42887621cd2
2023-04-02 17:32:58,False,3.446e-05,1.104e-08,10673.2,0.0011,0x3b...e6a9,https://bscscan.com/tx/0x2710cc615df0b39b5d18862a892d2c7734f2a3a71f50f083e70ae42887621cd2
2023-04-02 17:31:22,False,3.463e-05,1.104e-08,3941190.0,0.4353,0xf8...a7dc,https://bscscan.com/tx/0xdd6b88a5f0183bce28b3a2c0024120ea75dbf0029eb5d89ca8564e7b7d2fe270
2023-04-02 17:31:22,False,3.464e-05,1.104e-08,6691.47,7.391e-05,0xf8...a7dc,https://bscscan.com/tx/0xdd6b88a5f0183bce28b3a2c0024120ea75dbf0029eb5d89ca8564e7b7d2fe270
2023-04-02 17:30:14,False,3.464e-05,1.104e-08,2470888.0,0.2729,0x6f...246d,https://bscscan.com/tx/0x951503ffd9e263a2131e631ec7910ea9bfebf648013167c5c2c77919512f13c6
2023-04-02 17:30:14,False,3.464e-05,1.104e-08,13230.0,0.0014,0x6f...246d,https://bscscan.com/tx/0x951503ffd9e263a2131e631ec7910ea9bfebf648013167c5c2c77919512f13c6
2023-04-02 17:30:02,False,3.464e-05,1.104e-08,4885300.0,0.5397,0x0f...9444,https://bscscan.com/tx/0x0a4817396e02c414e052558f2b9575946da7d3721cf52079a4fd9f4578b00ea3
2023-04-02 17:30:02,False,3.465e-05,1.104e-08,206150.0,0.0227,0x0f...9444,https://bscscan.com/tx/0x0a4817396e02c414e052558f2b9575946da7d3721cf52079a4fd9f4578b00ea3
2023-04-02 17:29:26,True,3.465e-05,1.11e-08,7255267.0,0.8055,0x5f...a563,https://bscscan.com/tx/0x3587f47f0d5ebac39bfc5c16712a020d43fc55abea28ed834606eef753518de3
2023-04-02 17:28:59,True,3.464e-05,1.11e-08,390919.0,0.0434,0x2a...47c9,https://bscscan.com/tx/0xf010cdcaee6f8628c79193aae7e122efecef07c2d59e84251072391056d19641
2023-04-02 17:26:38,True,3.48e-05,1.11e-08,14364286.0,1.59445,0xdd...28d7,https://bscscan.com/tx/0x2e9d97991aa22c72b01411e9244ced8a608cd38e8cfe4144ac0cae9b247b8a08
2023-04-02 17:24:01,True,3.461e-05,1.109e-08,23858944.0,2.64712,0xbd...747b,https://bscscan.com/tx/0xa516d0142a72ac3232b5110f50fabf7457653c80d416ece649cbd331131076a2
2023-04-02 17:23:43,True,3.478e-05,1.109e-08,1892843.0,0.2099,0x59...b70f,https://bscscan.com/tx/0x0e976531b2486218840e8003ec81f59c12ed0d66b05b578875e7714efb60e298
2023-04-02 17:21:40,True,3.46e-05,1.109e-08,3065630.0,0.34,0x4b...0442,https://bscscan.com/tx/0xcea67d7db586e05395f4be5de9faea374c5233d9ac23f3744bd7e411c896bee5
2023-04-02 17:21:40,False,3.444e-05,1.103e-08,25030193.0,2.7629,0xbc...0072,https://bscscan.com/tx/0x50aad34a7509f0e40333132b35da4c8a19747d294fdc8ade9ae210c5f5ec701f
2023-04-02 17:21:40,False,3.445e-05,1.104e-08,135354.0,0.0149,0xbc...0072,https://bscscan.com/tx/0x50aad34a7509f0e40333132b35da4c8a19747d294fdc8ade9ae210c5f5ec701f
2023-04-02 17:20:54,True,3.46e-05,1.109e-08,37090138.0,4.11406,0xa0...b0df,https://bscscan.com/tx/0xb8b3acc28abfa0eca2c36f73c5319083d6e2f0413e245934d635603ffe99792f
2023-04-02 17:20:18,True,3.458e-05,1.108e-08,5754024.0,0.6379,0x5f...a563,https://bscscan.com/tx/0x018cad4ec30840dbbb343abb9fe0a442df5394fca01b9c0b38ff518933ecc12a
2023-04-02 17:19:27,False,3.441e-05,1.103e-08,7264982.0,0.8014,0x05...7066,https://bscscan.com/tx/0xd0fd86a1768fc7a8b11ef4e11002ff8aeb61e1cffb99c1bd9c93140c7c2d4065
2023-04-02 17:19:27,False,3.442e-05,1.103e-08,16954.9,0.0018,0x05...7066,https://bscscan.com/tx/0xd0fd86a1768fc7a8b11ef4e11002ff8aeb61e1cffb99c1bd9c93140c7c2d4065
2023-04-02 17:19:27,False,3.442e-05,1.103e-08,6260746.0,0.6907,0x05...7066,https://bscscan.com/tx/0xbfcefc29c413d7a1d67636861b0ecd6a8d26d32d0f610af1eff4f75a6bcc0741
2023-04-02 17:19:27,False,3.442e-05,1.103e-08,54676.0,0.006,0x05...7066,https://bscscan.com/tx/0xbfcefc29c413d7a1d67636861b0ecd6a8d26d32d0f610af1eff4f75a6bcc0741
2023-04-02 17:19:18,True,3.459e-05,1.108e-08,500000.0,0.0554,0xc1...4dd1,https://bscscan.com/tx/0xe7a2ecbe570c7696ddf1b72ced43fdf625f272676af8c7f295df0c645536eec6
2023-04-02 17:18:33,False,3.46e-05,1.103e-08,19691105.0,2.17317,0x05...7066,https://bscscan.com/tx/0xb6916f209e7184cc4488f8fe4255041db03f8ce4ed2fdf8164b3a98fb9dea178
2023-04-02 17:18:33,False,3.461e-05,1.103e-08,80973.0,0.0089,0x05...7066,https://bscscan.com/tx/0xb6916f209e7184cc4488f8fe4255041db03f8ce4ed2fdf8164b3a98fb9dea178
2023-04-02 17:17:45,False,3.463e-05,1.104e-08,29900029.0,3.30187,0x20...946b,https://bscscan.com/tx/0xa93ea35136a3893c42d69c80b588da9169e222b84f61daebb0c8d639f5130bb5
2023-04-02 17:17:45,False,3.464e-05,1.104e-08,68482.0,0.0075,0x20...946b,https://bscscan.com/tx/0xa93ea35136a3893c42d69c80b588da9169e222b84f61daebb0c8d639f5130bb5
2023-04-02 17:16:50,True,3.464e-05,1.109e-08,21657241.0,2.40386,0x8c...f6eb,https://bscscan.com/tx/0x432c208cc1f1d7e327c39b334c1c21ea04e55110bd01e560a8da8903ee3da6e1
2023-04-02 17:16:12,True,3.463e-05,1.109e-08,3445588.0,0.3823,0x1a...f313,https://bscscan.com/tx/0xb4d77139a29a4dbf38260b4ccfdbd524f9b0b8cc637fc22ac04843060c30aab3
2023-04-02 17:15:33,False,3.463e-05,1.104e-08,260106.0,0.0287,0x90...6b87,https://bscscan.com/tx/0x40271d3c414e24c96e19cd5b97e3114c4087823df0361a63b383bf0d94f09059
2023-04-02 17:15:33,False,3.463e-05,1.104e-08,7560.0,8.346e-05,0x90...6b87,https://bscscan.com/tx/0x40271d3c414e24c96e19cd5b97e3114c4087823df0361a63b383bf0d94f09059
2023-04-02 17:15:12,False,3.446e-05,1.104e-08,2791600.0,0.3082,0x6f...f103,https://bscscan.com/tx/0x30910effd01c4bbb1ec74ced88dec0db08cb17baa6e959ad6ffb6684c9a9d7a5
2023-04-02 17:15:12,False,3.446e-05,1.104e-08,68843.5,0.0076,0x6f...f103,https://bscscan.com/tx/0x30910effd01c4bbb1ec74ced88dec0db08cb17baa6e959ad6ffb6684c9a9d7a5
2023-04-02 17:14:52,True,3.463e-05,1.109e-08,371740.0,0.0412,0x98...760d,https://bscscan.com/tx/0x88b6963bddd5cd3c2164e615be3254e0975a437baee1b0c78c00a1c8e9864083
2023-04-02 17:13:58,True,3.481e-05,1.109e-08,108143.0,0.012,0xd2...4849,https://bscscan.com/tx/0x4fb70a0c42efaee454806f8924dcceb4ef28640662ec6a5df2a0f27a6bf89f26
2023-04-02 17:13:28,False,3.464e-05,1.104e-08,24942649.0,2.75476,0x05...7066,https://bscscan.com/tx/0xdcf08dd58320a4cfed7659b43431646484d1710f904cedaad70b92a74cad6863
2023-04-02 17:13:28,False,3.466e-05,1.104e-08,22373.0,0.0024,0x05...7066,https://bscscan.com/tx/0xdcf08dd58320a4cfed7659b43431646484d1710f904cedaad70b92a74cad6863
2023-04-02 17:12:58,False,3.466e-05,1.104e-08,8261452.0,0.9128,0x05...7066,https://bscscan.com/tx/0x5aa1548546993b09324cf6a4f379c8aad57f807f6d2f5f2b1bd37c00af286b5d
2023-04-02 17:12:58,False,3.466e-05,1.104e-08,27105.2,0.003,0x05...7066,https://bscscan.com/tx/0x5aa1548546993b09324cf6a4f379c8aad57f807f6d2f5f2b1bd37c00af286b5d
2023-04-02 17:12:52,False,3.449e-05,1.105e-08,10008859.0,1.10611,0x47...f06b,https://bscscan.com/tx/0x27545c43855d5766ffc110159f40384f2b646f50422946f3576f85e54a2ab015
2023-04-02 17:12:52,False,3.45e-05,1.105e-08,34122.3,0.0037,0x47...f06b,https://bscscan.com/tx/0x27545c43855d5766ffc110159f40384f2b646f50422946f3576f85e54a2ab015
2023-04-02 17:12:37,False,3.45e-05,1.105e-08,12599958.0,1.39285,0x05...7066,https://bscscan.com/tx/0x438bd662c9e003d53a3af6843239a807e28a3a18349429db4a5f26fcfffe27fd
2023-04-02 17:12:37,False,3.451e-05,1.105e-08,18872.2,0.002,0x05...7066,https://bscscan.com/tx/0x438bd662c9e003d53a3af6843239a807e28a3a18349429db4a5f26fcfffe27fd
2023-04-02 17:12:22,False,3.468e-05,1.105e-08,6183697.0,0.6837,0xcd...2e8f,https://bscscan.com/tx/0x2f015267a1d8f19423cf124b7868f1969b8232d96bb4e808ff95b8b6ff43939e
2023-04-02 17:12:22,False,3.468e-05,1.105e-08,334233.0,0.0369,0xcd...2e8f,https://bscscan.com/tx/0x2f015267a1d8f19423cf124b7868f1969b8232d96bb4e808ff95b8b6ff43939e
2023-04-02 17:12:01,False,3.455e-05,1.107e-08,99700000.0,11.0382,0x9b...2220,https://bscscan.com/tx/0xa76abbbc08c9abeb5fc05467ec1b15f42f3efc0071ca0530e428c5aacd2ffc8e
2023-04-02 17:12:01,False,3.46e-05,1.108e-08,39476.5,0.0043,0x9b...2220,https://bscscan.com/tx/0xa76abbbc08c9abeb5fc05467ec1b15f42f3efc0071ca0530e428c5aacd2ffc8e
2023-04-02 17:11:55,False,3.478e-05,1.108e-08,14577049.0,1.61614,0x9f...d87c,https://bscscan.com/tx/0xf410eeca7524c706412262a23ee486dc0ce055fc3e15be4ccb09712d356ca87f
2023-04-02 17:11:55,False,3.479e-05,1.108e-08,270000.0,0.0299,0x9f...d87c,https://bscscan.com/tx/0xf410eeca7524c706412262a23ee486dc0ce055fc3e15be4ccb09712d356ca87f
2023-04-02 17:11:55,False,3.483e-05,1.11e-08,99700000.0,11.0692,0x9b...2220,https://bscscan.com/tx/0xe236cb565f758cb4b3fd24ad817363edbc1815d7f1136f38074b542f75f2cbb4
2023-04-02 17:11:55,False,3.487e-05,1.111e-08,15767.0,0.0017,0x9b...2220,https://bscscan.com/tx/0xe236cb565f758cb4b3fd24ad817363edbc1815d7f1136f38074b542f75f2cbb4
2023-04-02 17:11:52,False,3.487e-05,1.111e-08,5822110.0,0.6472,0x09...712a,https://bscscan.com/tx/0x98620fa0b4c92101a4f512d623cf1e0643237911d0687de3be1897df34fc1099
2023-04-02 17:11:52,False,3.488e-05,1.111e-08,51454.8,0.0057,0x09...712a,https://bscscan.com/tx/0x98620fa0b4c92101a4f512d623cf1e0643237911d0687de3be1897df34fc1099
2023-04-02 17:11:40,True,3.505e-05,1.117e-08,1575685.0,0.176,0x21...371e,https://bscscan.com/tx/0xdff0e7194498c0023c4c5a2b21b5d4a1849a049548f2c1cdc6cefd4601a22e77
2023-04-02 17:11:10,True,3.488e-05,1.117e-08,1898935.0,0.2121,0x21...371e,https://bscscan.com/tx/0xf44fa8de3d2b1df7f6733c1d04ad5650a372d9b423b4185a1aeee34cc6d15215
2023-04-02 17:10:49,False,3.491e-05,1.111e-08,585937.0,0.0651,0xe5...2a8e,https://bscscan.com/tx/0x5fd2e05e238fb661c4c54060b3bdad2623220e6b1a84f8c029d33a177db675d6
2023-04-02 17:10:49,False,3.491e-05,1.111e-08,35125.5,0.0039,0xe5...2a8e,https://bscscan.com/tx/0x5fd2e05e238fb661c4c54060b3bdad2623220e6b1a84f8c029d33a177db675d6
2023-04-02 17:10:40,True,3.491e-05,1.117e-08,1498207.0,0.1673,0x21...371e,https://bscscan.com/tx/0x457d85acef07e7d1056256ed548b3102153f10a70cf1a6830e6e15aa1f6d6cfc
2023-04-02 17:10:28,False,3.474e-05,1.111e-08,11476686.0,1.27598,0x35...9ab5,https://bscscan.com/tx/0x8b3794d7136c85611c6e06751a5c285bc09b27369d5391a78c25353df38de660
2023-04-02 17:10:28,False,3.474e-05,1.111e-08,27157.6,0.003,0x35...9ab5,https://bscscan.com/tx/0x8b3794d7136c85611c6e06751a5c285bc09b27369d5391a78c25353df38de660
2023-04-02 17:09:58,False,3.492e-05,1.112e-08,10028199.0,1.11523,0x1e...28c9,https://bscscan.com/tx/0xb3982d00daafcfe14ad60a1c7dba312f88dfb79bd546fa3365be34a21461352b
2023-04-02 17:09:58,False,3.493e-05,1.112e-08,88654.7,0.0098,0x1e...28c9,https://bscscan.com/tx/0xb3982d00daafcfe14ad60a1c7dba312f88dfb79bd546fa3365be34a21461352b
2023-04-02 17:09:40,True,3.493e-05,1.117e-08,2375760.0,0.2655,0x21...371e,https://bscscan.com/tx/0xd7c7463719889e08f16bad125b0cbd124d9fa0d029d1bd324173a114d465123b
2023-04-02 17:08:10,True,3.51e-05,1.117e-08,416139.0,0.0465,0xb5...6a2d,https://bscscan.com/tx/0x1f5ec1b131e7b8a6d307087eca9a1a7cc1bd4d1aa0bdc306f7d6d5c8c9567570
2023-04-02 17:07:28,True,3.493e-05,1.117e-08,626268.0,0.07,0xa5...d809,https://bscscan.com/tx/0x12b920d7e0663f805b8c821f7640e32091226516ce7d3d420a08ad24d5abc2af
2023-04-02 17:05:52,False,3.494e-05,1.112e-08,29328652.0,3.26294,0x30...5c55,https://bscscan.com/tx/0x97c12d99552487f859e97b55f0a1b1122fdf20dd22f2a01ba2bd576887a97890
2023-04-02 17:05:52,False,3.495e-05,1.112e-08,81662.2,0.009,0x30...5c55,https://bscscan.com/tx/0x97c12d99552487f859e97b55f0a1b1122fdf20dd22f2a01ba2bd576887a97890
2023-04-02 17:05:28,True,3.513e-05,1.118e-08,1492587.0,0.1669,0x2a...e55a,https://bscscan.com/tx/0xe517e939ea08d857cdf441187bf92be5bf745fe5c4449ab503f0c6cc39b5b0d5
2023-04-02 17:05:13,False,3.479e-05,1.113e-08,28666408.0,3.19142,0x3b...0b3f,https://bscscan.com/tx/0x3db8fb6cde37ae60d005e552868de6827b5c2a90af7fb20311c719d39fc959e0
2023-04-02 17:05:13,False,3.48e-05,1.113e-08,90495.5,0.01,0x3b...0b3f,https://bscscan.com/tx/0x3db8fb6cde37ae60d005e552868de6827b5c2a90af7fb20311c719d39fc959e0
2023-04-02 17:05:10,False,3.481e-05,1.114e-08,33416306.0,3.72307,0x05...7066,https://bscscan.com/tx/0x8f2bf8866ba5ad6e57ba98f618cd0ad3be9bc3393988cfb9e145dfcc2b628d3f
2023-04-02 17:05:10,False,3.483e-05,1.114e-08,16130.8,0.0018,0x05...7066,https://bscscan.com/tx/0x8f2bf8866ba5ad6e57ba98f618cd0ad3be9bc3393988cfb9e145dfcc2b628d3f
2023-04-02 17:04:34,False,3.483e-05,1.114e-08,5956443.0,0.6639,0x05...7066,https://bscscan.com/tx/0xf7096928ec9f6bf12dafa44b0777efb18456d508f9063f2aeed1f19607ee0ce3
2023-04-02 17:04:34,False,3.483e-05,1.114e-08,67058.2,0.0074,0x05...7066,https://bscscan.com/tx/0xf7096928ec9f6bf12dafa44b0777efb18456d508f9063f2aeed1f19607ee0ce3
2023-04-02 17:04:25,True,3.518e-05,1.12e-08,864647.0,0.0968,0x26...1b90,https://bscscan.com/tx/0xfe48137e7eb97ccd93b7c8fad9f1683f1dea559ca0c31bd193b84873042a8f5c
2023-04-02 17:04:13,False,3.501e-05,1.114e-08,11939783.0,1.33118,0x3d...4dd5,https://bscscan.com/tx/0x4252445cc06c65ca96a240d2aefbe76c8dedebe06dc44d9d21f1ec0dbd7cf792
2023-04-02 17:04:13,False,3.502e-05,1.115e-08,40239.9,0.0044,0x3d...4dd5,https://bscscan.com/tx/0x4252445cc06c65ca96a240d2aefbe76c8dedebe06dc44d9d21f1ec0dbd7cf792
2023-04-02 17:04:13,False,3.502e-05,1.115e-08,14858963.0,1.65719,0x05...7066,https://bscscan.com/tx/0x2b3ed1b34ae721245b9a4b012379e22361c0e61e46a03b9e3500d30409b080ed
2023-04-02 17:04:13,False,3.503e-05,1.115e-08,273027.0,0.0304,0x05...7066,https://bscscan.com/tx/0x2b3ed1b34ae721245b9a4b012379e22361c0e61e46a03b9e3500d30409b080ed
2023-04-02 17:04:10,True,3.52e-05,1.12e-08,7511122.0,0.8419,0x32...b696,https://bscscan.com/tx/0x6272fee4e723b6aa102878bd9997ee18c70dff1289dc13d36a2397fc3ace5f23
2023-04-02 17:04:10,True,3.52e-05,1.12e-08,1121048.0,0.1256,0x54...9f58,https://bscscan.com/tx/0xdd4a042c266e908e5a21cb0eaaa89d423dd0d6c5d691794e6d1550833ea7bc7b
2023-04-02 17:03:52,False,3.492e-05,1.116e-08,99700000.0,11.1327,0x9b...2220,https://bscscan.com/tx/0x2b2b02c9a5063135ceca4a380b2fd1b99bbeb6e3893d61c799da3087c46f12e9
2023-04-02 17:03:52,False,3.497e-05,1.117e-08,34044.7,0.0038,0x9b...2220,https://bscscan.com/tx/0x2b2b02c9a5063135ceca4a380b2fd1b99bbeb6e3893d61c799da3087c46f12e9
2023-04-02 17:03:49,False,3.497e-05,1.118e-08,12571332.0,1.40568,0x05...7066,https://bscscan.com/tx/0x22fe05673e49edcfc24a489afb6b02dba516ec26138870e7ba569ba5d10b8c17
2023-04-02 17:03:49,False,3.498e-05,1.118e-08,270000.0,0.0302,0x05...7066,https://bscscan.com/tx/0x22fe05673e49edcfc24a489afb6b02dba516ec26138870e7ba569ba5d10b8c17
2023-04-02 17:03:43,False,3.502e-05,1.119e-08,99700000.0,11.1636,0x9b...2220,https://bscscan.com/tx/0xa6b3804b4ee47552a73107a47d539f503c5585c6528bd3233e7ef61284dc76f2
2023-04-02 17:03:43,False,3.506e-05,1.121e-08,92993.5,0.0104,0x9b...2220,https://bscscan.com/tx/0xa6b3804b4ee47552a73107a47d539f503c5585c6528bd3233e7ef61284dc76f2
2023-04-02 17:03:16,True,3.546e-05,1.126e-08,574221.0,0.0647,0x4f...5867,https://bscscan.com/tx/0x405e03e936ca9f72d819dd79e2c27312b159d597343125253150e7a60f8ba216
2023-04-02 17:03:16,False,3.529e-05,1.121e-08,28514732.0,3.19784,0x3b...0b3f,https://bscscan.com/tx/0x18ac726052ab0fad5054a25864ffeaebffb2cdf3394e461ceffb3c14a2c88d70
2023-04-02 17:03:16,False,3.531e-05,1.121e-08,120050.0,0.0134,0x3b...0b3f,https://bscscan.com/tx/0x18ac726052ab0fad5054a25864ffeaebffb2cdf3394e461ceffb3c14a2c88d70
2023-04-02 17:02:52,False,3.533e-05,1.122e-08,44329409.0,4.97589,0xfa...ce4c,https://bscscan.com/tx/0x4950d4241be7f5fa6e607f79eaaa8c11eb87a91b023e19976b4ff8c57db07847
2023-04-02 17:02:52,False,3.535e-05,1.123e-08,76948.3,0.0086,0xfa...ce4c,https://bscscan.com/tx/0x4950d4241be7f5fa6e607f79eaaa8c11eb87a91b023e19976b4ff8c57db07847
2023-04-02 17:02:37,False,3.536e-05,1.123e-08,28413862.0,3.19227,0x3b...0b3f,https://bscscan.com/tx/0xc8d4f6fe3d8cf02b1ec08b41d79630cb0e6777f76266eb2364fb9ec1cbdfcb39
2023-04-02 17:02:37,False,3.537e-05,1.123e-08,40486.5,0.0045,0x3b...0b3f,https://bscscan.com/tx/0xc8d4f6fe3d8cf02b1ec08b41d79630cb0e6777f76266eb2364fb9ec1cbdfcb39
2023-04-02 17:02:37,False,3.537e-05,1.123e-08,6877007.0,0.7729,0x20...946b,https://bscscan.com/tx/0xe572a001f967d0e003bf81b594be7f4993dab176c7e6150615bc95d216f481d2
2023-04-02 17:02:37,False,3.538e-05,1.124e-08,53152.4,0.0059,0x20...946b,https://bscscan.com/tx/0xe572a001f967d0e003bf81b594be7f4993dab176c7e6150615bc95d216f481d2
2023-04-02 17:02:37,False,3.538e-05,1.124e-08,19627006.0,2.20676,0x05...7066,https://bscscan.com/tx/0x5d34a5fd0586bdd2c72af3c33fbc0223f88d345b4b884ac51dfe451c9c5f1fc5
2023-04-02 17:02:37,False,3.539e-05,1.124e-08,3593.04,4.04e-05,0x05...7066,https://bscscan.com/tx/0x5d34a5fd0586bdd2c72af3c33fbc0223f88d345b4b884ac51dfe451c9c5f1fc5
2023-04-02 17:02:25,True,3.557e-05,1.13e-08,809562.0,0.0915,0x99...240f,https://bscscan.com/tx/0xd2f2732b9c36f9c3a9a0801af7e8cd5113e4bc6cadc38bbc694a090d3c9ba1a0
2023-04-02 17:00:50,True,3.556e-05,1.13e-08,221192.0,0.025,0x1a...523e,https://bscscan.com/tx/0x2c1ea7e4b30e703319cd49866092647d3e8b8f72fbe96910d5616a4d8761054a
2023-04-02 17:00:50,False,3.538e-05,1.124e-08,299100.0,0.0336,0x57...c668,https://bscscan.com/tx/0x12703f6c8b22f85bf533638921c1f4bc23c6bfd2217407566a97ad3ff6522617
2023-04-02 17:00:50,False,3.538e-05,1.124e-08,191742.0,0.0215,0x57...c668,https://bscscan.com/tx/0x12703f6c8b22f85bf533638921c1f4bc23c6bfd2217407566a97ad3ff6522617
2023-04-02 16:59:38,True,3.555e-05,1.13e-08,16487865.0,1.86316,0xa1...0072,https://bscscan.com/tx/0x972b415f1b783c80b94a598ab6fc8be2a2364b863c87e386b4f4e5464f12890e
2023-04-02 16:58:44,True,3.545e-05,1.13e-08,1052337.0,0.1189,0xdc...5253,https://bscscan.com/tx/0xbc9ac8a012c003bc36373c34394809f284722f85dbfa5b714c3bffc6eabfe40c
2023-04-02 16:58:08,True,3.543e-05,1.129e-08,100000.0,0.0113,0xb0...f17e,https://bscscan.com/tx/0xbbbec08cef74a7e001d8e08429200fae638b298b5c123309984bc58eae274714
2023-04-02 16:56:23,True,3.56e-05,1.129e-08,703374.0,0.0794,0x0c...5989,https://bscscan.com/tx/0x1c3032a4f39eb2b2b008e1584a5cbc787aad7559dec00dd593e6fd0c54e2107c
2023-04-02 16:55:29,True,3.561e-05,1.129e-08,21664.3,0.0024,0x96...a087,https://bscscan.com/tx/0x8840f2b1ddff9aed146d7d8bf5b1bf5cadb3a63fdb930a56831a825d8b5785fc
2023-04-02 16:55:17,True,3.561e-05,1.129e-08,2650261.0,0.2994,0x18...c4eb,https://bscscan.com/tx/0x7e6ffe98080fc018062fba002a127597c820d935d5da4eefbf96d2cd0cd970b8
2023-04-02 16:54:02,False,3.545e-05,1.124e-08,49850000.0,5.6067,0x3b...1ea9,https://bscscan.com/tx/0x6bf6378e4b7411dc5014212a677fa2aaf61d50289598176f009e31d47476a0a1
2023-04-02 16:54:02,False,3.547e-05,1.125e-08,203328.0,0.0228,0x3b...1ea9,https://bscscan.com/tx/0x6bf6378e4b7411dc5014212a677fa2aaf61d50289598176f009e31d47476a0a1
2023-04-02 16:50:24,True,3.564e-05,1.13e-08,16869612.0,1.90765,0x43...5e9c,https://bscscan.com/tx/0xf9779c8a95ba2ea0c379af91cf628eea163e8df2dbac0561f34192581991c32f
2023-04-02 16:50:15,True,3.563e-05,1.13e-08,6617788.0,0.7481,0x61...d7fb,https://bscscan.com/tx/0xe63587ff13be64fbc4b3b32b9cb3bf9b2dc148958e09790d0ed3e887720f4307
2023-04-02 16:50:06,True,3.545e-05,1.13e-08,890238.0,0.1006,0xc6...5dd8,https://bscscan.com/tx/0xb124b021caa5437e0c2e816b02d0af44779a7b09f0ec2a5892a993cbaa2aae08
2023-04-02 16:49:13,False,3.547e-05,1.125e-08,49850000.0,5.61024,0x3b...1ea9,https://bscscan.com/tx/0x9a4aec4d92b47ccf285587d73bd38b066eef6c613c2bce2f118110292218d4bc
2023-04-02 16:49:13,False,3.549e-05,1.126e-08,188177.0,0.0211,0x3b...1ea9,https://bscscan.com/tx/0x9a4aec4d92b47ccf285587d73bd38b066eef6c613c2bce2f118110292218d4bc
2023-04-02 16:48:04,True,3.548e-05,1.131e-08,6617925.0,0.7489,0x61...d7fb,https://bscscan.com/tx/0x43c48a0d06b7f0836bb0a9eee683d8e0cb366c757bb4ef45a2ab4ff53ee75632
2023-04-02 16:47:22,False,3.551e-05,1.126e-08,62887858.0,7.08629,0x3b...1ea9,https://bscscan.com/tx/0xe5b0a774d419cdcd18436fe1c6b61308df268d7d6261916c09334a097383dab4
2023-04-02 16:47:22,False,3.554e-05,1.127e-08,7054.91,7.955e-05,0x3b...1ea9,https://bscscan.com/tx/0xe5b0a774d419cdcd18436fe1c6b61308df268d7d6261916c09334a097383dab4
2023-04-02 16:46:58,True,3.554e-05,1.133e-08,785982.0,0.089,0xe3...2764,https://bscscan.com/tx/0xd870cd199bf8870cbb18678b350777d16f168aebb36adb4089961fbf5fbc8260
2023-04-02 16:46:19,True,3.571e-05,1.133e-08,275259.0,0.0312,0x36...00c7,https://bscscan.com/tx/0xefbefb8b390472a4a8c4e875fd3d64afc7dee6cef328b6423bb226f7751500eb
2023-04-02 16:46:04,False,3.536e-05,1.127e-08,1495500.0,0.1686,0xe5...8233,https://bscscan.com/tx/0x3070de17b8fcaef2573508f7ca832c19d8e58b63d1e0fe3c902e4945bcebac83
2023-04-02 16:46:04,False,3.536e-05,1.127e-08,12432.9,0.0014,0xe5...8233,https://bscscan.com/tx/0x3070de17b8fcaef2573508f7ca832c19d8e58b63d1e0fe3c902e4945bcebac83
2023-04-02 16:46:04,True,3.553e-05,1.133e-08,260132.0,0.0294,0x71...3e87,https://bscscan.com/tx/0xa50d593b9574fa9f91ac95cf31c94fb9c1dcb30f0887b90cfe306fc5620ad713
2023-04-02 16:45:13,True,3.571e-05,1.133e-08,866718.0,0.0982,0x36...ea39,https://bscscan.com/tx/0xdaa37dfff40716eb93c5aa73a43633dda4f73d79601e637e8635e8d5c2953485
2023-04-02 16:44:43,True,3.552e-05,1.133e-08,799416.0,0.0906,0x70...5cac,https://bscscan.com/tx/0xe4615f895aed3fce28c28f0df91802b892a145c22bf4c095812f3d7645175ab7
2023-04-02 16:43:43,False,3.553e-05,1.127e-08,2670492.0,0.3011,0xe9...ba2c,https://bscscan.com/tx/0x636a27157948cf2d869e5417e1b8b4aeee25ccdce4b378c0a71e6d882a12601f
2023-04-02 16:43:43,False,3.553e-05,1.127e-08,195.203,2.201e-06,0xe9...ba2c,https://bscscan.com/tx/0x636a27157948cf2d869e5417e1b8b4aeee25ccdce4b378c0a71e6d882a12601f
2023-04-02 16:43:34,False,3.536e-05,1.127e-08,72080.7,0.0081,0xb7...e40c,https://bscscan.com/tx/0xc03bdbb01a6bc41e498d504ec700350dfc6d30b9d7baf4b91ddec16c06cd0102
2023-04-02 16:43:34,False,3.536e-05,1.127e-08,4151.22,4.681e-05,0xb7...e40c,https://bscscan.com/tx/0xc03bdbb01a6bc41e498d504ec700350dfc6d30b9d7baf4b91ddec16c06cd0102
2023-04-02 16:40:01,True,3.552e-05,1.133e-08,1055243.0,0.1196,0x08...2c07,https://bscscan.com/tx/0xa845e8ff77b8367d5c3303e2177d6fd44f246b647be54586fc609bc7e5c39f05
2023-04-02 16:38:58,False,3.534e-05,1.127e-08,480798.0,0.0542,0xd8...83b3,https://bscscan.com/tx/0x0fb05cce5182f627827cbd2cf5e2ebe122e8c18739b6980101663e519b9d47d9
2023-04-02 16:38:58,False,3.534e-05,1.127e-08,37793.1,0.0042,0xd8...83b3,https://bscscan.com/tx/0x0fb05cce5182f627827cbd2cf5e2ebe122e8c18739b6980101663e519b9d47d9
2023-04-02 16:36:58,True,3.569e-05,1.133e-08,2765129.0,0.3133,0x00...f7dd,https://bscscan.com/tx/0x745035cfc11096c98587326b32f68c8d36a0e49e9a2db8bf26255809f5ecde25
2023-04-02 16:36:46,True,3.569e-05,1.133e-08,496500.0,0.0562,0xfa...e541,https://bscscan.com/tx/0xaa3a2a9a85884fb55dcf73b190576ac17dc27577f5d0d00d02f34799622f7ae9
2023-04-02 16:35:46,True,3.551e-05,1.133e-08,7324567.0,0.83,0x95...7776,https://bscscan.com/tx/0x87725c648ea894bebdb1bb5dd7cc1f8652339472ea22f3ae23c5d8a7b70d39f4
2023-04-02 16:34:43,True,3.551e-05,1.133e-08,170537.0,0.0193,0x42...e835,https://bscscan.com/tx/0xfb38c9f4ba167a710d2c2e9521f363a554f2c63233c5a1b2479b95bed5cc9d4b
2023-04-02 16:33:16,True,3.55e-05,1.133e-08,526073.0,0.0596,0xbe...1378,https://bscscan.com/tx/0xa678217427405b753a886656df46047ca81c1cc91dff3bac359e90b127153a8c
2023-04-02 16:32:25,False,3.533e-05,1.127e-08,2706503.0,0.3051,0x88...b6b4,https://bscscan.com/tx/0x3fd23758f304279e1a43ec3c866f89ec65093eb23251df914eb613d7e0287840
2023-04-02 16:32:25,False,3.533e-05,1.127e-08,13500.0,0.0015,0x88...b6b4,https://bscscan.com/tx/0x3fd23758f304279e1a43ec3c866f89ec65093eb23251df914eb613d7e0287840
2023-04-02 16:31:19,False,3.551e-05,1.127e-08,4985000.0,0.562,0x7c...2ccd,https://bscscan.com/tx/0x08a1e50f9415ea0a2d9b5f33395256479be1ceda7169808e2a3149aef21b5b08
2023-04-02 16:31:19,False,3.551e-05,1.127e-08,405.0,4.566e-06,0x7c...2ccd,https://bscscan.com/tx/0x08a1e50f9415ea0a2d9b5f33395256479be1ceda7169808e2a3149aef21b5b08
2023-04-02 16:29:52,False,3.551e-05,1.127e-08,149550.0,0.0168,0x42...e835,https://bscscan.com/tx/0x06a845a28a46ee36365694bb093709ef5f4eeafbe0a592fed6925c0321ca1c9f
2023-04-02 16:29:52,False,3.551e-05,1.127e-08,42902.3,0.0048,0x42...e835,https://bscscan.com/tx/0x06a845a28a46ee36365694bb093709ef5f4eeafbe0a592fed6925c0321ca1c9f
2023-04-02 16:29:22,True,3.568e-05,1.133e-08,14336377.0,1.62441,0xf7...8c83,https://bscscan.com/tx/0xd4cfaacaa6f5b017a5280885e02da8f6e73063bb6510c334c7d5860233f18b5e
2023-04-02 16:27:28,True,3.55e-05,1.132e-08,1188054.0,0.1345,0x55...a069,https://bscscan.com/tx/0xa6a94fda5e1eb9ba139e298cbc8c5cab5995fcd96703bb9c04eb45ddfe87abf4
2023-04-02 16:27:22,True,3.567e-05,1.132e-08,335443.0,0.038,0x5d...8381,https://bscscan.com/tx/0x3fb597c3047d0e1ad3c52592685e87ed57708ef4fd3bb1598385aeb0761cf12e
2023-04-02 16:27:13,False,3.549e-05,1.127e-08,29765.6,0.0033,0x40...75c9,https://bscscan.com/tx/0xce9236b5327e251cd11954636ac2b315c0525e607fb832aa683bf14dc851e4d3
2023-04-02 16:27:13,False,3.549e-05,1.127e-08,946.33,1.066e-05,0x40...75c9,https://bscscan.com/tx/0xce9236b5327e251cd11954636ac2b315c0525e607fb832aa683bf14dc851e4d3
2023-04-02 16:23:13,False,3.55e-05,1.127e-08,349441.0,0.0393,0xb3...7a23,https://bscscan.com/tx/0xc7ea4665316438a2c6d49334a701ae616bd2a3330415def7a73cf4d60e443976
2023-04-02 16:23:13,False,3.55e-05,1.127e-08,19903.7,0.0022,0xb3...7a23,https://bscscan.com/tx/0xc7ea4665316438a2c6d49334a701ae616bd2a3330415def7a73cf4d60e443976
2023-04-02 16:21:49,True,3.55e-05,1.132e-08,264823.0,0.03,0x01...953f,https://bscscan.com/tx/0xa21189cb13023c6b9500ddd08a7975e4eb6e9f8af5a6e85efaed6b1cb36a4ae7
2023-04-02 16:21:46,True,3.55e-05,1.132e-08,3115053.0,0.3528,0x8d...781d,https://bscscan.com/tx/0x205d7d38c4993c305cc14fc8a4e226e2b2962fa63c4f16b018af4eb4320f1b7d
2023-04-02 16:21:37,True,3.55e-05,1.132e-08,2971466.0,0.3365,0xf4...fce0,https://bscscan.com/tx/0x7d06280450ab483a231d7cd3ebea06d8f2e70ad32cfb8b250c6736832851676a
2023-04-02 16:20:40,False,3.551e-05,1.127e-08,1017327.0,0.1146,0x04...5467,https://bscscan.com/tx/0x4789f3e590d12602cdab12effde1502649f22642786a07a669e30196a31f5a6e
2023-04-02 16:20:40,False,3.551e-05,1.127e-08,36002.1,0.004,0x04...5467,https://bscscan.com/tx/0x4789f3e590d12602cdab12effde1502649f22642786a07a669e30196a31f5a6e
2023-04-02 16:18:37,True,3.569e-05,1.132e-08,840429.0,0.0951,0xf9...0763,https://bscscan.com/tx/0xd91c47438a7183a958d53c3d3bd5442fe0f66e9ec50395efb6dba03ff89934d2
2023-04-02 16:17:43,True,3.569e-05,1.132e-08,3381900.0,0.383,0x16...e480,https://bscscan.com/tx/0xb11e7e5945c1d6e10ac14305edaa0cfd17dc0b5f875f43182a7c22d9278d33f3
2023-04-02 16:17:31,True,3.551e-05,1.132e-08,238047.0,0.0269,0xd3...59c1,https://bscscan.com/tx/0x4e12dee4f749d0ecb52fc90ce25c4dd5a0036d1473d52d16ac718f97cb373dc4
2023-04-02 16:17:25,True,3.551e-05,1.132e-08,882.952,1e-05,0xb2...34ad,https://bscscan.com/tx/0x8309ceb194e74d3e97092b1da2c1d8583177c45de27a186e533b88eb863731d8
2023-04-02 16:16:13,False,3.534e-05,1.127e-08,8846231.0,0.997,0xe5...1d00,https://bscscan.com/tx/0x3f752fa301f717a8f32ba02849756e440e2da54dbacf8add6f9b8f84b4a87b3f
2023-04-02 16:16:13,False,3.534e-05,1.127e-08,61712.6,0.0069,0xe5...1d00,https://bscscan.com/tx/0x3f752fa301f717a8f32ba02849756e440e2da54dbacf8add6f9b8f84b4a87b3f
2023-04-02 16:15:31,True,3.57e-05,1.132e-08,114759.0,0.013,0x8c...9c7e,https://bscscan.com/tx/0xff7cf7d726cf0f1709d70347d59d04d9af8674ddd7d0f25f6966ffed19684a70
2023-04-02 16:15:31,True,3.57e-05,1.132e-08,105487.0,0.0119,0x23...f3a6,https://bscscan.com/tx/0x0f61ef4c2d08346fdd95c0f25fe6d20bf5b14807127ec56e31fb56efb74cdb8a
2023-04-02 16:13:49,True,3.553e-05,1.132e-08,360735.0,0.0408,0xa5...5185,https://bscscan.com/tx/0xd86926185a67458dcb50411bbb8dcc20fa4ba7f15d6bb741c048ec488e58e7d4
2023-04-02 16:12:28,True,3.553e-05,1.132e-08,10944755.0,1.23965,0x54...833b,https://bscscan.com/tx/0xc1bffea6bae2d73680df27a3f42b20e86edbc9bad4295ecafc4e54eca63165c0
2023-04-02 16:09:36,True,3.554e-05,1.132e-08,10713370.0,1.21312,0xb6...6da7,https://bscscan.com/tx/0xb4e9c7340a3bf9a69528c460ea396ebd101066c7505a6202b8373ec1d9c2462f
2023-04-02 16:08:24,False,3.553e-05,1.126e-08,615544.0,0.0693,0x38...e50f,https://bscscan.com/tx/0x5f8beb81c9dd58eca46dd53a67949647d79385179aca83bf829a99a448105590
2023-04-02 16:08:24,False,3.553e-05,1.126e-08,675.0,7.604e-06,0x38...e50f,https://bscscan.com/tx/0x5f8beb81c9dd58eca46dd53a67949647d79385179aca83bf829a99a448105590
2023-04-02 16:07:54,False,3.554e-05,1.126e-08,249250.0,0.028,0xa6...3e60,https://bscscan.com/tx/0xb89d455971f2f42121d8e10e194a85cd53da0ebdf8fd12d6b0aa79e7ee8abc40
2023-04-02 16:07:54,False,3.554e-05,1.126e-08,2256.19,2.541e-05,0xa6...3e60,https://bscscan.com/tx/0xb89d455971f2f42121d8e10e194a85cd53da0ebdf8fd12d6b0aa79e7ee8abc40
2023-04-02 16:07:42,True,3.571e-05,1.132e-08,335627.0,0.038,0xdd...ae1e,https://bscscan.com/tx/0x2c304422f09f86da6354197bfad31f9dbf694eeba523c4d5b4ce5952546b20a1
2023-04-02 16:07:03,False,3.554e-05,1.126e-08,498500.0,0.0561,0xa8...a277,https://bscscan.com/tx/0x831a0a06f14da3d473e419b2301d9f06b866148793f30b2a273f24c7df8e4f85
2023-04-02 16:07:03,False,3.554e-05,1.126e-08,13173.9,0.0014,0xa8...a277,https://bscscan.com/tx/0x831a0a06f14da3d473e419b2301d9f06b866148793f30b2a273f24c7df8e4f85
2023-04-02 16:03:51,True,3.554e-05,1.132e-08,300000.0,0.0339,0x8a...4014,https://bscscan.com/tx/0x7ea51cde74754d4e48ea9dfb48607b3b0e7fe07d16813e455ed1546d676e51b3
2023-04-02 16:01:48,True,3.569e-05,1.132e-08,1700000.0,0.1924,0x8a...4014,https://bscscan.com/tx/0x0c26d5f43a31ec1d626eaaef215e4abdd6192dc709e842d9f1e926d95557bfa4
2023-04-02 16:00:58,True,3.551e-05,1.132e-08,1051946.0,0.1191,0xbe...1378,https://bscscan.com/tx/0xc38f924e929ed30a564b865039be013be73c1907781daa824ea317150f20a324
2023-04-02 16:00:10,True,3.569e-05,1.132e-08,525957.0,0.0595,0xbe...1378,https://bscscan.com/tx/0xba54313de8012bf47f2b5a7978aa985ca925447362ddd89967fc16c6270c1b89
2023-04-02 15:59:01,True,3.569e-05,1.132e-08,343103.0,0.0388,0xc9...2389,https://bscscan.com/tx/0x032f3cb40de5e2f24758d7911dbb282672fd0e376cd665e1890745555683bcbc
2023-04-02 15:58:34,True,3.55e-05,1.132e-08,343104.0,0.0388,0xc9...2389,https://bscscan.com/tx/0x009211258dfb10d5db25fad61119cff25d25df09af9ba39a73c36c5444e5153a
2023-04-02 15:57:46,False,3.551e-05,1.126e-08,498500.0,0.0561,0x57...d190,https://bscscan.com/tx/0x718e30ebef443c1b33954ab176cf09acf91fbaf51a4e04a4a5e3644b95da91d2
2023-04-02 15:57:46,False,3.551e-05,1.126e-08,59516.0,0.0067,0x57...d190,https://bscscan.com/tx/0x718e30ebef443c1b33954ab176cf09acf91fbaf51a4e04a4a5e3644b95da91d2
2023-04-02 15:57:19,True,3.569e-05,1.132e-08,1816130.0,0.2056,0xfe...42b1,https://bscscan.com/tx/0x7846e229950268894e1cb4f7f65217d7daec0328e86e890621069685e9a3d057
2023-04-02 15:51:55,False,3.535e-05,1.126e-08,19461887.0,2.19274,0x05...7066,https://bscscan.com/tx/0x3c9d974f496ac702d1c268a06df2e311a52b4f629e9c0b0c6b595373e17c0b1d
2023-04-02 15:51:55,False,3.536e-05,1.126e-08,52249.4,0.0058,0x05...7066,https://bscscan.com/tx/0x3c9d974f496ac702d1c268a06df2e311a52b4f629e9c0b0c6b595373e17c0b1d
2023-04-02 15:51:43,False,3.536e-05,1.127e-08,19293593.0,2.17482,0x05...7066,https://bscscan.com/tx/0x2f6a165b55eb8a3372ed21ea0a000ddf770896ac6d6131995693c441362275c0
2023-04-02 15:51:43,False,3.537e-05,1.127e-08,308236.0,0.0347,0x05...7066,https://bscscan.com/tx/0x2f6a165b55eb8a3372ed21ea0a000ddf770896ac6d6131995693c441362275c0
2023-04-02 15:50:31,False,3.541e-05,1.128e-08,99700000.0,11.255,0x9b...2220,https://bscscan.com/tx/0xa979e2aa7e864695b79f28dd556e4a12190cd044e6e2dc2c004721f5088f525f
2023-04-02 15:50:31,False,3.546e-05,1.13e-08,39676.8,0.0044,0x9b...2220,https://bscscan.com/tx/0xa979e2aa7e864695b79f28dd556e4a12190cd044e6e2dc2c004721f5088f525f
2023-04-02 15:50:16,False,3.564e-05,1.13e-08,14651014.0,1.65628,0x20...946b,https://bscscan.com/tx/0xf9e97ee115cd0f7dd37df0bfe489ea39bee52212158d146af4b7bc53e774612b
2023-04-02 15:50:16,False,3.565e-05,1.13e-08,43652.5,0.0049,0x20...946b,https://bscscan.com/tx/0xf9e97ee115cd0f7dd37df0bfe489ea39bee52212158d146af4b7bc53e774612b
2023-04-02 15:49:28,True,3.582e-05,1.136e-08,4514687.0,0.513,0x0e...a405,https://bscscan.com/tx/0xbe9421cc3f84372026051bfa00b8bab061da458d55444e208d56db2010ff12f2
2023-04-02 15:48:16,False,3.564e-05,1.13e-08,4985000.0,0.5636,0x22...0b22,https://bscscan.com/tx/0x058ea7f55eabd8b5504ab31bd10cbb28d4b8e6af52bff486ff4150123f745d15
2023-04-02 15:48:16,False,3.564e-05,1.13e-08,76018.2,0.0086,0x22...0b22,https://bscscan.com/tx/0x058ea7f55eabd8b5504ab31bd10cbb28d4b8e6af52bff486ff4150123f745d15
2023-04-02 15:47:31,True,3.58e-05,1.135e-08,27924874.0,3.17224,0xdd...28d7,https://bscscan.com/tx/0x3e5ad3c76e82a8d460c343160aeba8c4e0db9185ba372278d50f79fa4b1d5952
2023-04-02 15:45:07,False,3.543e-05,1.129e-08,229310.0,0.0259,0xa5...0044,https://bscscan.com/tx/0xfd8752908d2d50d007dae3c017da6d93afd59a9c2f0a3c4969c67cdd23f6ab76
2023-04-02 15:45:07,False,3.543e-05,1.129e-08,3047.33,3.443e-05,0xa5...0044,https://bscscan.com/tx/0xfd8752908d2d50d007dae3c017da6d93afd59a9c2f0a3c4969c67cdd23f6ab76
2023-04-02 15:44:10,False,3.543e-05,1.129e-08,1125256.0,0.1271,0x3b...324e,https://bscscan.com/tx/0xd52d9e1849b660debd191b62da48b342d3f860239df70f423a0917ded2714b2d
2023-04-02 15:44:10,False,3.543e-05,1.129e-08,156202.0,0.0176,0x3b...324e,https://bscscan.com/tx/0xd52d9e1849b660debd191b62da48b342d3f860239df70f423a0917ded2714b2d
2023-04-02 15:40:40,True,3.579e-05,1.135e-08,7638081.0,0.8673,0x88...9c07,https://bscscan.com/tx/0xffe2168f50da9f513f55bc5f9e810fd9efcc5c8a8c919cb70cb17a4da0703d4b
2023-04-02 15:39:16,True,3.56e-05,1.135e-08,2996780.0,0.3402,0x3d...4dd5,https://bscscan.com/tx/0x42f30e65e9e214b9343ac482b2bb88c3483e27b4d2bab83e34a02c96534fc680
2023-04-02 15:32:25,True,3.559e-05,1.135e-08,351262.0,0.0398,0x70...89b1,https://bscscan.com/tx/0xc17741c0445a7abcefed8f300b2f290b6e5fd429221d186144979d18b4760265
2023-04-02 15:32:13,True,3.559e-05,1.135e-08,279525.0,0.0317,0xe0...1bac,https://bscscan.com/tx/0x945e5990a6385a585f173ab3b6dab86279f4834a2a42e36c47d370c4b68056e9
2023-04-02 15:31:28,True,3.577e-05,1.135e-08,9014965.0,1.02337,0x3d...4dd5,https://bscscan.com/tx/0xa54bc8395a5496c675d9df0e57b9de1c3aeac5ff6a0ee7aab874b80179b068af
2023-04-02 15:31:22,True,3.576e-05,1.135e-08,506262.0,0.0574,0x6b...2d45,https://bscscan.com/tx/0x0cfb8c362f4134f7163e3969a095c6080682200c71a0d83e17e1eb89da4dc6fb
2023-04-02 15:31:07,True,3.558e-05,1.135e-08,1000000.0,0.1135,0x8f...62e3,https://bscscan.com/tx/0xb994d7a2d67d3e700d2bf026d103b791f00821f234e3a15c74de7671c4990387
2023-04-02 15:29:46,True,3.575e-05,1.134e-08,8391056.0,0.9523,0x6e...9fd1,https://bscscan.com/tx/0xa3f30a49554e83e4d6138914a47243a65199971416fb4a559ea1fdece77980b7
2023-04-02 15:29:31,True,3.556e-05,1.134e-08,25181052.0,2.85663,0xbc...0072,https://bscscan.com/tx/0x14aa378791ffbc337e8384fc725e7af850acc4a64c11632ea0dbfaafc6ae9cf1
2023-04-02 15:28:19,False,3.537e-05,1.128e-08,1012409.0,0.1142,0x17...6053,https://bscscan.com/tx/0x7da316e7a4efc5fceea0185fbe5c10bc88df63515e213c6b38e4bf85e97d4ed7
2023-04-02 15:28:19,False,3.537e-05,1.128e-08,29771.3,0.0033,0x17...6053,https://bscscan.com/tx/0x7da316e7a4efc5fceea0185fbe5c10bc88df63515e213c6b38e4bf85e97d4ed7
2023-04-02 15:27:19,False,3.555e-05,1.128e-08,10993332.0,1.24071,0x70...2954,https://bscscan.com/tx/0x2f83c6703fe57c63acba48bb661d038c0fd22c6289aa43066ff1f77cc7a0f120
2023-04-02 15:27:19,False,3.555e-05,1.128e-08,13392.0,0.0015,0x70...2954,https://bscscan.com/tx/0x2f83c6703fe57c63acba48bb661d038c0fd22c6289aa43066ff1f77cc7a0f120
2023-04-02 15:26:55,True,3.555e-05,1.134e-08,362373.0,0.0411,0xdd...4cd0,https://bscscan.com/tx/0xebd1c414a6742632a075a40130cc354ed2912c7385bf759ebc33629c92bd437a
2023-04-02 15:26:13,True,3.555e-05,1.134e-08,4504544.0,0.5109,0x23...a284,https://bscscan.com/tx/0x8dcab4cd44e3c0447647a55a95f93b6f2d2a8cda9951bde05361dc464df2281b
2023-04-02 15:26:10,False,3.537e-05,1.128e-08,92812.7,0.0104,0x1a...ec85,https://bscscan.com/tx/0x2a9a36dc1d9035b7ee9fbd08d23b8b99b067a3f623d0447bf96a41164f35cd61
2023-04-02 15:26:10,False,3.537e-05,1.128e-08,24338.7,0.0027,0x1a...ec85,https://bscscan.com/tx/0x2a9a36dc1d9035b7ee9fbd08d23b8b99b067a3f623d0447bf96a41164f35cd61
2023-04-02 15:23:07,True,3.554e-05,1.134e-08,6014327.0,0.6821,0xdb...7a61,https://bscscan.com/tx/0x1e4cc2f971a970baf314a663848b61bcd28baa526c56c26670fa52239b96892c
2023-04-02 15:21:55,False,3.555e-05,1.128e-08,2991000.0,0.3375,0x16...e480,https://bscscan.com/tx/0xa00352953958e1d6c81aa0b1e952ece4f8737909fca7c107a07327821588beb1
2023-04-02 15:21:55,False,3.555e-05,1.128e-08,77643.0,0.0087,0x16...e480,https://bscscan.com/tx/0xa00352953958e1d6c81aa0b1e952ece4f8737909fca7c107a07327821588beb1
2023-04-02 15:21:52,True,3.555e-05,1.134e-08,864130.0,0.098,0x87...acaa,https://bscscan.com/tx/0xc85bf7a02be23ba5c5fcb567614c0948c1245e3442700b4b86dd444e7458accc
2023-04-02 15:21:49,True,3.553e-05,1.133e-08,26459526.0,3.0,0xc5...63ff,https://bscscan.com/tx/0xe8cba55ad4998f37d056a2a6c42b94a2b1984a11cc33223430cf14b254358238
2023-04-02 15:21:34,True,3.57e-05,1.133e-08,1391231.0,0.1576,0x68...f795,https://bscscan.com/tx/0x6c7627a5cb4f639c13f051353eacaae82066c33c4e9c2938caa52717b3b1fd00
2023-04-02 15:18:40,False,3.553e-05,1.127e-08,41637.2,0.0047,0x54...773c,https://bscscan.com/tx/0xba76f8229b9a1f0d3bc3be2d6bd902b19ee5e25a2a2806eb922c92955fb57dab
2023-04-02 15:18:40,False,3.553e-05,1.127e-08,660.304,7.446e-06,0x54...773c,https://bscscan.com/tx/0xba76f8229b9a1f0d3bc3be2d6bd902b19ee5e25a2a2806eb922c92955fb57dab
2023-04-02 15:16:22,False,3.553e-05,1.127e-08,243823.0,0.0275,0xfb...4c52,https://bscscan.com/tx/0xa3ef8d630e1959d10aedc8151644b0eb57d5d2129869601d8284ed50d29d26df
2023-04-02 15:16:22,False,3.553e-05,1.127e-08,396251.0,0.0446,0xfb...4c52,https://bscscan.com/tx/0xa3ef8d630e1959d10aedc8151644b0eb57d5d2129869601d8284ed50d29d26df
2023-04-02 15:14:46,True,3.553e-05,1.133e-08,8684709.0,0.9842,0xc5...63ff,https://bscscan.com/tx/0xe1bccc693beb68924fedd7f480dac83035863b08df847984e7079459cdbcb2c2
2023-04-02 15:14:04,False,3.56e-05,1.129e-08,137660659.0,15.5479,0x43...6296,https://bscscan.com/tx/0xb9225b7c97dc03e57fb8d368a9b8eeabf663d8a908fe3a8da529350163aa5d76
2023-04-02 15:14:04,False,3.566e-05,1.131e-08,32733.2,0.0037,0x43...6296,https://bscscan.com/tx/0xb9225b7c97dc03e57fb8d368a9b8eeabf663d8a908fe3a8da529350163aa5d76
2023-04-02 15:12:37,False,3.567e-05,1.131e-08,12087025.0,1.36768,0x3d...4dd5,https://bscscan.com/tx/0x9e39041def1135add24b071f980ad80ffbff8974c07d94cfe27095cd06ab23fd
2023-04-02 15:12:37,False,3.568e-05,1.131e-08,79909.3,0.009,0x3d...4dd5,https://bscscan.com/tx/0x9e39041def1135add24b071f980ad80ffbff8974c07d94cfe27095cd06ab23fd
2023-04-02 15:12:34,True,3.586e-05,1.137e-08,113892.0,0.0129,0x8a...c658,https://bscscan.com/tx/0x09a49c2705e40e01b011563fab0ec719359185947fb6d355a921d7f169d8265f
2023-04-02 15:10:25,False,3.572e-05,1.132e-08,23976903.0,2.71426,0xd0...c292,https://bscscan.com/tx/0x2550aad675373f44bfc1934f8815ececbeb11893232588361206fb6c8a7dbe39
2023-04-02 15:10:25,False,3.573e-05,1.132e-08,40261.7,0.0045,0xd0...c292,https://bscscan.com/tx/0x2550aad675373f44bfc1934f8815ececbeb11893232588361206fb6c8a7dbe39
2023-04-02 15:07:49,True,3.593e-05,1.138e-08,70295.6,0.008,0x8a...8255,https://bscscan.com/tx/0x45458d677c9926b2a028916e1069691b0e09061025e5bc8f5b72583d96e93676
2023-04-02 15:07:34,True,3.575e-05,1.138e-08,413576.0,0.047,0x9d...ce23,https://bscscan.com/tx/0x79cf1dd2aefcb91afc2932d4c80e4253518ef58299da1167a02c0fb866879fcb
2023-04-02 15:06:52,False,3.556e-05,1.132e-08,14384583.0,1.62914,0xf7...8c83,https://bscscan.com/tx/0xbab3b8983d02b467a4a857f0b70a4899047492a2dd41be08c2e0834f33f6806f
2023-04-02 15:06:52,False,3.557e-05,1.132e-08,73474.8,0.0083,0xf7...8c83,https://bscscan.com/tx/0xbab3b8983d02b467a4a857f0b70a4899047492a2dd41be08c2e0834f33f6806f
2023-04-02 15:05:16,True,3.593e-05,1.138e-08,1209304.0,0.1376,0x8a...8255,https://bscscan.com/tx/0xb686ad080ee3365488887649ecf2496cc862631464041fe7c1b847df87bd12f4
2023-04-02 15:04:19,True,3.577e-05,1.138e-08,864836.0,0.0985,0x87...acaa,https://bscscan.com/tx/0xe00e2af9ad33dc80cda32b7f04f34c6f9afd187b8246dbcf2d25646b8af7f237
2023-04-02 15:04:13,False,3.558e-05,1.133e-08,25063316.0,2.83981,0xbc...0072,https://bscscan.com/tx/0xc53afb6e9bd486f8a484093ddf4e736572cb54172782478b9969be5b17ea1ea5
2023-04-02 15:04:13,False,3.559e-05,1.133e-08,2744.98,3.111e-05,0xbc...0072,https://bscscan.com/tx/0xc53afb6e9bd486f8a484093ddf4e736572cb54172782478b9969be5b17ea1ea5
2023-04-02 15:02:01,False,3.559e-05,1.133e-08,1013611.0,0.1148,0x29...9fa0,https://bscscan.com/tx/0xdfedaa90860618ac68c5d00235217b11a74e69c54bc09df5ec1b323681c9d127
2023-04-02 15:02:01,False,3.559e-05,1.133e-08,1740.33,1.972e-05,0x29...9fa0,https://bscscan.com/tx/0xdfedaa90860618ac68c5d00235217b11a74e69c54bc09df5ec1b323681c9d127
2023-04-02 15:01:52,False,3.559e-05,1.133e-08,642631.0,0.0728,0x1f...f88b,https://bscscan.com/tx/0x4d7a43cc84f99774f1f6b966e35adea1124323f9baa07c9796184ba75c85f272
2023-04-02 15:01:52,False,3.559e-05,1.133e-08,61823.4,0.007,0x1f...f88b,https://bscscan.com/tx/0x4d7a43cc84f99774f1f6b966e35adea1124323f9baa07c9796184ba75c85f272
2023-04-02 14:58:13,True,3.596e-05,1.139e-08,43892.7,0.005,0x0e...d9f3,https://bscscan.com/tx/0x1e1f2f1070505a2fe53da8132c8c5491912df452608d72ee23c5c04a84b2e678
2023-04-02 14:57:40,True,3.595e-05,1.139e-08,4288049.0,0.4884,0x52...5a26,https://bscscan.com/tx/0xc44cfbb4511ecee2801f50c0d3f2dadf99255f4ce3c44a6a3f411d208f56442e
2023-04-02 14:57:04,True,3.595e-05,1.139e-08,1000000.0,0.1139,0x18...b620,https://bscscan.com/tx/0xf6e47117ba5f2f36b7e82127ab1123ceda717c68716bb706ad434e594e7dcfc2
2023-04-02 14:56:30,True,3.575e-05,1.138e-08,1053571.0,0.12,0x50...e3ba,https://bscscan.com/tx/0xa57693d4b2c7d2ad19ac3b04266621d72ea9157ca51132b8800a802011e48dad
2023-04-02 14:55:22,True,3.577e-05,1.138e-08,100000.0,0.0113,0xa7...14d0,https://bscscan.com/tx/0xb9d3613070b05db9894ad2e9a07d61ed45a024e8efe6d9d5512cc52857dddefb
2023-04-02 14:54:46,True,3.578e-05,1.138e-08,3705072.0,0.4219,0x22...dfdc,https://bscscan.com/tx/0x88dd7734cff7dc7e05a977178ca6a61af33d06e7861b1f3e444a9a5a02656ea1
2023-04-02 14:51:39,True,3.596e-05,1.138e-08,11258780.0,1.28203,0x2a...f2c0,https://bscscan.com/tx/0x982326257480a7ce8dfb5baad69659aa53efc85cc6649de42c092ed5d6223d55
2023-04-02 14:50:48,False,3.577e-05,1.132e-08,1125256.0,0.1274,0x3b...324e,https://bscscan.com/tx/0x9cc4939aa04be2edf6531017176c5e52c8c540e25aec0f0ffb0f4c6b317075e6
2023-04-02 14:50:48,False,3.578e-05,1.132e-08,7334.68,8.309e-05,0x3b...324e,https://bscscan.com/tx/0x9cc4939aa04be2edf6531017176c5e52c8c540e25aec0f0ffb0f4c6b317075e6
2023-04-02 14:50:39,True,3.577e-05,1.138e-08,194591.0,0.0221,0xdf...195c,https://bscscan.com/tx/0xb7f9492a686879d77deade6a0d126cc944bac51b683a2d5a7284b444ca72b327
2023-04-02 14:49:53,True,3.595e-05,1.138e-08,21957.5,0.0025,0xe3...b3a1,https://bscscan.com/tx/0x18f39dd295d7d1696a16e631cc6dab95340dac525fb8d1e9f445689256cb93f4
2023-04-02 14:44:54,False,3.576e-05,1.132e-08,2492500.0,0.2823,0x08...b51e,https://bscscan.com/tx/0x4f48ead60bbdbc0d1942c9b66fa13cc36bbe1a5a86b0d5e0b0592a6d5fa0ae6d
2023-04-02 14:44:54,False,3.576e-05,1.132e-08,32486.1,0.0036,0x08...b51e,https://bscscan.com/tx/0x4f48ead60bbdbc0d1942c9b66fa13cc36bbe1a5a86b0d5e0b0592a6d5fa0ae6d
2023-04-02 14:44:48,True,3.594e-05,1.138e-08,3337474.0,0.38,0xfc...7857,https://bscscan.com/tx/0x5fced9f4b07f828c91a6a6e0c5c940670907f37a9b80700e1c4ecc4b449ffdb9
2023-04-02 14:42:30,True,3.576e-05,1.138e-08,5052.64,5.752e-05,0x87...cac5,https://bscscan.com/tx/0x127508cd97f8c129de26f2b8284dcb1f3c1bdfb35e56db295d9a2cefa18f02f6
2023-04-02 14:41:18,True,3.594e-05,1.138e-08,6956684.0,0.7919,0x36...6b9d,https://bscscan.com/tx/0xc71aff14e4b80c06771dc83ac2f35b885637b9cdf9eddaabab4fe5163a357fe9
2023-04-02 14:40:57,True,3.594e-05,1.138e-08,820000.0,0.0933,0xcc...0d3a,https://bscscan.com/tx/0x9f2805c702985dab797d6cf597dcc80addbfefde39cbf411d14c9df74586dba0
2023-04-02 14:40:06,True,3.575e-05,1.138e-08,26354.7,0.003,0x8b...6d63,https://bscscan.com/tx/0xec50c487b7607b0e9e617399b8cb1fcf6a2f3283f41c5287200c5f00518c79b5
2023-04-02 14:38:57,False,3.558e-05,1.132e-08,783967.0,0.0888,0x36...b269,https://bscscan.com/tx/0xff9a18ae39e21eefc67b42885adc5a238d5a6ecb05efd01400a05d67dabd6d2e
2023-04-02 14:38:57,False,3.558e-05,1.132e-08,39070.6,0.0044,0x36...b269,https://bscscan.com/tx/0xff9a18ae39e21eefc67b42885adc5a238d5a6ecb05efd01400a05d67dabd6d2e
2023-04-02 14:37:33,True,3.594e-05,1.138e-08,11147560.0,1.2688,0xe2...b88a,https://bscscan.com/tx/0x19739497c583762a418c13347f74bbd80e0316cedc3c1785abf8d7cc6866dfda
2023-04-02 14:37:27,True,3.593e-05,1.138e-08,206137.0,0.0234,0x63...c71c,https://bscscan.com/tx/0x9ad64e3a21a0b744649ca2aa618beccc2cc1bcb4a66e50e4f82a2b866eec0f9b
2023-04-02 14:35:42,True,3.576e-05,1.137e-08,1463064.0,0.1665,0x22...dfdc,https://bscscan.com/tx/0x462035ab2e2c69dc7b3308aeb39cfea196bacb3f68fc61bc66c218d7894cc4cb
2023-04-02 14:35:00,True,3.576e-05,1.137e-08,228953.0,0.026,0x29...f2c8,https://bscscan.com/tx/0x8b2f1b1ae234884c3699e221fca2c55ccc49bed561f8f64227b111f44c29ca12
2023-04-02 14:34:24,True,3.594e-05,1.137e-08,90000.0,0.0102,0x62...67fb,https://bscscan.com/tx/0x42607ba946d1daaaf2e756fcefcea25ceb64840bfd866b4844a6f98198b7afb0
2023-04-02 14:30:52,False,3.556e-05,1.132e-08,322565.0,0.0365,0xbd...864d,https://bscscan.com/tx/0xa03b7622940b0b79d870d190cddd8b8cab7a197933fd62ec53bace7c4c335ea0
2023-04-02 14:30:52,False,3.556e-05,1.132e-08,18204.9,0.002,0xbd...864d,https://bscscan.com/tx/0xa03b7622940b0b79d870d190cddd8b8cab7a197933fd62ec53bace7c4c335ea0
2023-04-02 14:30:42,True,3.574e-05,1.137e-08,337503.0,0.0384,0x07...d83e,https://bscscan.com/tx/0xf22f2303a2f11deb7ecb0a0bf4e3e790d2f0b79c15334d155923a0ab82c5304c
2023-04-02 14:30:30,True,3.591e-05,1.137e-08,4571871.0,0.5202,0x95...7ebe,https://bscscan.com/tx/0x70393e14b71423c6663ecb28f5f98deac12e358e10dde44774e4da4e6ac30c9e
2023-04-02 14:29:34,True,3.573e-05,1.137e-08,1045524.0,0.1189,0x2f...cdf4,https://bscscan.com/tx/0xc753908a6a74c709a7e12fdf3db722100603c620a88562b052ec3ee3175148f9
2023-04-02 14:18:58,False,3.577e-05,1.132e-08,785313.0,0.0889,0x8f...cbef,https://bscscan.com/tx/0xb5ecf9118f3cab9ee39fc1dcf19e998f69946c586d6de804e35636235e6dd7d7
2023-04-02 14:18:58,False,3.577e-05,1.132e-08,168630.0,0.019,0x8f...cbef,https://bscscan.com/tx/0xb5ecf9118f3cab9ee39fc1dcf19e998f69946c586d6de804e35636235e6dd7d7
2023-04-02 14:18:34,True,3.595e-05,1.137e-08,584111.0,0.0664,0x74...1d52,https://bscscan.com/tx/0x4b91b328fb6736437cb1e603afc3e92e77b29ec1b339425be00fc5b3f337061b
2023-04-02 14:12:58,True,3.576e-05,1.137e-08,43943.6,0.005,0xb9...a26a,https://bscscan.com/tx/0x9aef7be6b63fcde9e2bd33a03a3ffaa4d73266d048533ccf564435e8a2d78ee7
2023-04-02 14:12:52,False,3.561e-05,1.133e-08,61642081.0,6.98407,0x62...c182,https://bscscan.com/tx/0x704600375a11ae11eeab862a89181c94263e0e89b1d73bf08b30dcae70319abb
2023-04-02 14:12:52,False,3.564e-05,1.133e-08,1263.75,1.432e-05,0x62...c182,https://bscscan.com/tx/0x704600375a11ae11eeab862a89181c94263e0e89b1d73bf08b30dcae70319abb
2023-04-02 14:10:31,False,3.583e-05,1.133e-08,466651.0,0.0529,0x13...89d4,https://bscscan.com/tx/0xa80e602b9767c761c7cbdf259356c760f9bc60f6e1b1f41bc98159a01b545073
2023-04-02 14:10:31,False,3.583e-05,1.133e-08,1158.98,1.314e-05,0x13...89d4,https://bscscan.com/tx/0xa80e602b9767c761c7cbdf259356c760f9bc60f6e1b1f41bc98159a01b545073
2023-04-02 14:09:52,False,3.563e-05,1.133e-08,427966.0,0.0485,0x8a...e0a2,https://bscscan.com/tx/0xefc919ecdb743cff056c04bcf0549dc531537330e5d8733cbda8db2da6edefb3
2023-04-02 14:09:52,False,3.563e-05,1.133e-08,5989.35,6.791e-05,0x8a...e0a2,https://bscscan.com/tx/0xefc919ecdb743cff056c04bcf0549dc531537330e5d8733cbda8db2da6edefb3
2023-04-02 14:02:28,False,3.563e-05,1.133e-08,1978221.0,0.2243,0xed...65e0,https://bscscan.com/tx/0xa5d5d2883b390cc15b8784357ffa51c2d7e5b838eb86368f6cddd436ac778694
2023-04-02 14:02:28,False,3.563e-05,1.133e-08,1041.12,1.18e-05,0xed...65e0,https://bscscan.com/tx/0xa5d5d2883b390cc15b8784357ffa51c2d7e5b838eb86368f6cddd436ac778694
2023-04-02 14:01:19,False,3.58e-05,1.133e-08,384443.0,0.0435,0x88...0d9e,https://bscscan.com/tx/0x4970f5171489bf88a6ceda42f0f5b32772385d90caa4def9d0cb06e01f308048
2023-04-02 14:01:19,False,3.58e-05,1.133e-08,12363.0,0.0014,0x88...0d9e,https://bscscan.com/tx/0x4970f5171489bf88a6ceda42f0f5b32772385d90caa4def9d0cb06e01f308048
