datetime,buy_order,price_USD,price_native,amount_token,total_native,maker,etherscan_url
2023-03-30 09:47:37,True,3.405e-05,1.088e-08,11707277.0,1.27439,0xf8...4103,https://bscscan.com/tx/0x06c5de9a5b0d8053427057f9af8eb431f7d7949aa063645a79ec8f7dd7984143
2023-03-30 09:46:37,False,3.405e-05,1.083e-08,3839670.0,0.4158,0x28...bda2,https://bscscan.com/tx/0xcb7a15c99665547aad3a8960acb2b4499999454f86e0481e3ece4deee5e4904a
2023-03-30 09:46:37,False,3.405e-05,1.083e-08,31291.1,0.0033,0x28...bda2,https://bscscan.com/tx/0xcb7a15c99665547aad3a8960acb2b4499999454f86e0481e3ece4deee5e4904a
2023-03-30 09:44:43,True,3.42e-05,1.088e-08,10589305.0,1.15249,0x21...1bb4,https://bscscan.com/tx/0x5c8a91eb9d0a5da4afe2be1f8742caa348826cdc12720632041964bd5bca08f2
2023-03-30 09:44:10,False,3.385e-05,1.082e-08,997000.0,0.1079,0x53...435b,https://bscscan.com/tx/0x4fa72095f3fb88dae1008b2a7ea9d1e7998e0acb25262090987c471bef3f74b6
2023-03-30 09:44:10,False,3.385e-05,1.082e-08,8511.01,9.215e-05,0x53...435b,https://bscscan.com/tx/0x4fa72095f3fb88dae1008b2a7ea9d1e7998e0acb25262090987c471bef3f74b6
2023-03-30 09:44:07,False,3.385e-05,1.082e-08,3142769.0,0.3403,0x11...cb63,https://bscscan.com/tx/0xf3dca1ce4bcd699b1000dbf106c226ac5b56ac6a0a34e70895c2426a2a422316
2023-03-30 09:44:07,False,3.385e-05,1.082e-08,3392.0,3.673e-05,0x11...cb63,https://bscscan.com/tx/0xf3dca1ce4bcd699b1000dbf106c226ac5b56ac6a0a34e70895c2426a2a422316
2023-03-30 09:42:58,False,3.402e-05,1.082e-08,1252528.0,0.1356,0xbb...6e1c,https://bscscan.com/tx/0x184e34f64aeb7db419e54d7cfa30bae1b62290d86acafc2fc614bfa3618f32f7
2023-03-30 09:42:58,False,3.402e-05,1.082e-08,883.688,9.569e-06,0xbb...6e1c,https://bscscan.com/tx/0x184e34f64aeb7db419e54d7cfa30bae1b62290d86acafc2fc614bfa3618f32f7
2023-03-30 09:39:58,False,3.386e-05,1.082e-08,326310.0,0.0353,0x10...b992,https://bscscan.com/tx/0xe7ddb62131af51c11ac058621610e93f8ee28bd8a0545b2105e556fded0120a0
2023-03-30 09:39:58,False,3.386e-05,1.082e-08,264275.0,0.0286,0x10...b992,https://bscscan.com/tx/0xe7ddb62131af51c11ac058621610e93f8ee28bd8a0545b2105e556fded0120a0
2023-03-30 09:36:07,True,3.418e-05,1.088e-08,5195550.0,0.5654,0x6b...9f5d,https://bscscan.com/tx/0x5ac9e03e0c3adc5a4af15316ffdfac9215294cd84d52e7737d1e8b5b696e6771
2023-03-30 09:36:04,True,3.417e-05,1.088e-08,5053693.0,0.5499,0x6b...9f5d,https://bscscan.com/tx/0x6c167184913262ba354b7b57a10f5eb4c4747dec8fada86c60926f1b9d6d6716
2023-03-30 09:36:04,True,3.417e-05,1.088e-08,5167366.0,0.5622,0x6b...9f5d,https://bscscan.com/tx/0x3eaa0b784dd8c3bf5119b01110d53795e8b4aad01a8602ccf0ad69216e4d3129
2023-03-30 09:36:04,True,3.416e-05,1.087e-08,5094036.0,0.5541,0x6b...9f5d,https://bscscan.com/tx/0x850fb9b873e26ac0098aef35265aea71e13319987a0c90e2b8914f0bf0ee730c
2023-03-30 09:35:58,True,3.413e-05,1.087e-08,348030.0,0.0378,0xbb...c106,https://bscscan.com/tx/0x6a93441d4574916999aec5d4beb19b72a0097aa31d87f2fe8f4525c2d5620549
2023-03-30 09:35:49,True,3.413e-05,1.087e-08,5025768.0,0.5466,0x6b...9f5d,https://bscscan.com/tx/0x39c0794254f507956df6f75337d48904e2589dd4edc286b29c0d631fa487ce64
2023-03-30 09:35:46,True,3.413e-05,1.087e-08,5059238.0,0.5502,0x6b...9f5d,https://bscscan.com/tx/0x5b8a3db5c00bd12dc15a58726003af34ae0b2d81a367b74aa66330a319771107
2023-03-30 09:35:46,True,3.414e-05,1.088e-08,318810.0,0.0346,0x55...6c7d,https://bscscan.com/tx/0x9a9f08768c676915395ad7d31fed82a4c11c597173d87ec2bba9124abe570249
2023-03-30 09:35:43,True,3.407e-05,1.087e-08,5013798.0,0.5452,0x6b...9f5d,https://bscscan.com/tx/0xc79de26b505e5a2f03e8498f9ee11c84dffe7e4f10ac84e347148929cdcb2fab
2023-03-30 09:35:43,True,3.407e-05,1.087e-08,5030247.0,0.5469,0x6b...9f5d,https://bscscan.com/tx/0x8cade5a7abb4cd3591fc8ab54a27c8453bf4df5472e02384e19bf8813ecb4ab0
2023-03-30 09:35:43,True,3.406e-05,1.087e-08,5103733.0,0.5548,0x6b...9f5d,https://bscscan.com/tx/0x52cbc5ee846d771c860ddd7de8b8e3428bb8f68b0e23c70d6b19f8dabf282404
2023-03-30 09:35:43,True,3.406e-05,1.087e-08,5141401.0,0.5589,0x6b...9f5d,https://bscscan.com/tx/0xb04428b97921e7651e99903af714bc6f297ca70ada3a32017584944e96144240
2023-03-30 09:33:25,False,3.373e-05,1.082e-08,46189159.0,4.99853,0xac...0184,https://bscscan.com/tx/0x3ddd0fa8d01ae709ba7736ce7707ef12bda6aa9b11ec3b9edc02da856b694777
2023-03-30 09:33:25,False,3.375e-05,1.082e-08,3254.29,3.523e-05,0xac...0184,https://bscscan.com/tx/0x3ddd0fa8d01ae709ba7736ce7707ef12bda6aa9b11ec3b9edc02da856b694777
2023-03-30 09:33:04,True,3.409e-05,1.088e-08,205293.0,0.0223,0x7e...944b,https://bscscan.com/tx/0x9cd5ac6825f07fb6d18b553b15f7aced39b1844f151adbacf75f9decd4edfb4a
2023-03-30 09:30:43,False,3.394e-05,1.082e-08,997000.0,0.1079,0xce...1637,https://bscscan.com/tx/0xc48cb04c0153b18c0ee0ca76f331a59892c051e14929d31ebcb82f0a41bc0ecd
2023-03-30 09:30:43,False,3.394e-05,1.082e-08,478956.0,0.0518,0xce...1637,https://bscscan.com/tx/0xc48cb04c0153b18c0ee0ca76f331a59892c051e14929d31ebcb82f0a41bc0ecd
2023-03-30 09:29:34,True,3.394e-05,1.088e-08,3669887.0,0.3993,0xbb...c106,https://bscscan.com/tx/0x832b43e546c2cd4674af7b1af4a2236fa4f0bb1723671618e7269a35a2313a70
2023-03-30 09:29:21,True,3.411e-05,1.088e-08,3447154.0,0.375,0xcf...496d,https://bscscan.com/tx/0x4af05e986b48b29946cded69f764578a3f250e57ac1cf3b72e11e77a5196b3f3
2023-03-30 09:29:08,False,3.401e-05,1.084e-08,176858896.0,19.1886,0x28...a7bc,https://bscscan.com/tx/0x405bd6edaa42480c04c80eaaf2b0dd3e789b01af1dd2172fa497e6ac4f45a56d
2023-03-30 09:29:08,False,3.408e-05,1.087e-08,3181.68,3.459e-05,0x28...a7bc,https://bscscan.com/tx/0x405bd6edaa42480c04c80eaaf2b0dd3e789b01af1dd2172fa497e6ac4f45a56d
2023-03-30 09:21:11,False,3.396e-05,1.087e-08,1174865.0,0.1277,0x53...435b,https://bscscan.com/tx/0x73ba89bc082c06fb733989d936069c252822eac55d692d7a6f0c5b97280fd54d
2023-03-30 09:21:11,False,3.396e-05,1.087e-08,7658.15,8.326e-05,0x53...435b,https://bscscan.com/tx/0x73ba89bc082c06fb733989d936069c252822eac55d692d7a6f0c5b97280fd54d
2023-03-30 09:20:17,True,3.43e-05,1.092e-08,1145803.0,0.1252,0x4e...585e,https://bscscan.com/tx/0x151ef7bb0873a7f789966a4cbadb07013f29c4afa1b652e3907cef20e17e1fff
2023-03-30 09:19:56,False,3.396e-05,1.087e-08,1685475.0,0.1832,0x76...714b,https://bscscan.com/tx/0xd8e8844fea8b63e4961e6447a59a9632cbdb8589068b6a5d57a2a98b3b602295
2023-03-30 09:19:56,False,3.396e-05,1.087e-08,5946.31,6.465e-05,0x76...714b,https://bscscan.com/tx/0xd8e8844fea8b63e4961e6447a59a9632cbdb8589068b6a5d57a2a98b3b602295
2023-03-30 09:17:44,True,3.413e-05,1.092e-08,1135602.0,0.1241,0x87...a575,https://bscscan.com/tx/0xff289d6f5460a0d6da0b0a4522660952a461843cdbc66d89d4375b04065356ac
2023-03-30 09:13:38,False,3.396e-05,1.087e-08,1063534.0,0.1156,0x5f...bb34,https://bscscan.com/tx/0xd052d772ad89d9f4dba29b82b9f934168c8add7f853d4e1f8400d95b4f41ac81
2023-03-30 09:13:38,False,3.396e-05,1.087e-08,11166.4,0.0012,0x5f...bb34,https://bscscan.com/tx/0xd052d772ad89d9f4dba29b82b9f934168c8add7f853d4e1f8400d95b4f41ac81
2023-03-30 09:09:20,True,3.413e-05,1.092e-08,58306.5,0.0063,0x32...47b9,https://bscscan.com/tx/0xcca1ba1720ae56b8f8842789f8c8c3fb0ab37ddcd1e803235af6beffa2a6b64b
2023-03-30 09:06:11,True,3.412e-05,1.092e-08,2287783.0,0.25,0xa3...dfbf,https://bscscan.com/tx/0x8d87b32fe52ece81169c398a66787f5fcf620d03f62ad626c28d7aff30070587
2023-03-30 09:05:53,False,3.412e-05,1.087e-08,1784259.0,0.194,0x3f...f4b3,https://bscscan.com/tx/0x94d6206aa3f37260544b5054816b6c2f0d3fe4048dca28b77c75fa7817072a40
2023-03-30 09:05:53,False,3.412e-05,1.087e-08,11348.0,0.0012,0x3f...f4b3,https://bscscan.com/tx/0x94d6206aa3f37260544b5054816b6c2f0d3fe4048dca28b77c75fa7817072a40
2023-03-30 09:05:14,False,3.395e-05,1.087e-08,4190359.0,0.4556,0x11...cb63,https://bscscan.com/tx/0xd33a478870d8eea96120ad729afa857cc5c49db9387dcba32b953360d4418ac6
2023-03-30 09:05:14,False,3.395e-05,1.087e-08,1240.15,1.348e-05,0x11...cb63,https://bscscan.com/tx/0xd33a478870d8eea96120ad729afa857cc5c49db9387dcba32b953360d4418ac6
2023-03-30 09:00:47,False,3.41e-05,1.087e-08,457936.0,0.0498,0x7f...c14f,https://bscscan.com/tx/0x0051772716a5b646e2827f48971fd8774f11f760c4c7659cdce2e255af80d7b4
2023-03-30 09:00:47,False,3.41e-05,1.087e-08,175185.0,0.019,0x7f...c14f,https://bscscan.com/tx/0x0051772716a5b646e2827f48971fd8774f11f760c4c7659cdce2e255af80d7b4
2023-03-30 08:53:49,True,3.41e-05,1.092e-08,1569090.0,0.1714,0xfc...1b38,https://bscscan.com/tx/0x463defb03beabe0e61c2e0fe58965224ff67cceb1621c4809b73a1321792c114
2023-03-30 08:52:07,False,3.395e-05,1.088e-08,63124153.0,6.86943,0xf9...c4f3,https://bscscan.com/tx/0x60aa23414efc8440e325ec9b26b09c2e0a3f69fd96b00d55a67d83f1802eb7c8
2023-03-30 08:52:07,False,3.398e-05,1.089e-08,23819.2,0.0025,0xf9...c4f3,https://bscscan.com/tx/0x60aa23414efc8440e325ec9b26b09c2e0a3f69fd96b00d55a67d83f1802eb7c8
2023-03-30 08:50:58,False,3.398e-05,1.089e-08,7631152.0,0.8311,0x4c...0be7,https://bscscan.com/tx/0x07cf20c6b494ef26a0f8255149001911a9c764003d4a6b2a89edc1d53f8b2dcf
2023-03-30 08:50:58,False,3.399e-05,1.089e-08,20161.9,0.0022,0x4c...0be7,https://bscscan.com/tx/0x07cf20c6b494ef26a0f8255149001911a9c764003d4a6b2a89edc1d53f8b2dcf
2023-03-30 08:50:01,True,3.415e-05,1.094e-08,2557282.0,0.2799,0xec...3360,https://bscscan.com/tx/0x7b87425dfa5eec8183a56f6504407471a0c5d2b59c2720d45d5604b513d58dd0
2023-03-30 08:49:07,False,3.422e-05,1.089e-08,4895349.0,0.5332,0xbf...891b,https://bscscan.com/tx/0x50db756c8150e621fc127648c57ad30ada27316987f66031f53c029b4681e973
2023-03-30 08:49:07,False,3.422e-05,1.089e-08,26461.5,0.0028,0xbf...891b,https://bscscan.com/tx/0x50db756c8150e621fc127648c57ad30ada27316987f66031f53c029b4681e973
2023-03-30 08:46:21,False,3.421e-05,1.089e-08,9197052.0,1.00198,0x62...406b,https://bscscan.com/tx/0x2c89f1b58e78e6c1e59e6c19e03c4fb762a13ffb124b14bf59b25cb4adfe5475
2023-03-30 08:46:21,False,3.422e-05,1.089e-08,1818.93,1.981e-05,0x62...406b,https://bscscan.com/tx/0x2c89f1b58e78e6c1e59e6c19e03c4fb762a13ffb124b14bf59b25cb4adfe5475
2023-03-30 08:41:31,True,3.421e-05,1.095e-08,348000.0,0.0381,0x97...d545,https://bscscan.com/tx/0x92406f02d2815e9664723db25cf16584eb7de836148b7e4a4990d01f4f2acf79
2023-03-30 08:40:48,False,3.404e-05,1.089e-08,324700.0,0.0353,0x37...ca92,https://bscscan.com/tx/0x228b3b1b527d00597909b3f61d7395de09134575e81383497e667d18ca3de4f3
2023-03-30 08:40:48,False,3.404e-05,1.089e-08,68878.3,0.0075,0x37...ca92,https://bscscan.com/tx/0x228b3b1b527d00597909b3f61d7395de09134575e81383497e667d18ca3de4f3
2023-03-30 08:40:22,True,3.438e-05,1.094e-08,14543494.0,1.59231,0xbf...0f1f,https://bscscan.com/tx/0xfb8f1a54cf198410868bbccfe175a1731f3e8b9b21d6c75031542244ff08e3c8
2023-03-30 08:39:43,False,3.421e-05,1.089e-08,10934099.0,1.1911,0xf7...8c83,https://bscscan.com/tx/0xd80e8d6ab350380362394c14ded3acc8f12025b72061e519d2967878da3408b6
2023-03-30 08:39:43,False,3.422e-05,1.089e-08,31083.0,0.0033,0xf7...8c83,https://bscscan.com/tx/0xd80e8d6ab350380362394c14ded3acc8f12025b72061e519d2967878da3408b6
2023-03-30 08:34:24,True,3.441e-05,1.094e-08,617377.0,0.0676,0xf2...6840,https://bscscan.com/tx/0xcc63b9f5ff8973241253e1f21ba3ec64da552a8f220110917155369096ba281a
2023-03-30 08:34:00,True,3.44e-05,1.094e-08,10752556.0,1.17719,0x78...70b6,https://bscscan.com/tx/0x7d07495c101e9cb3aef1436738886bfb5c1d8e50dc5bc55f916aa81da3c06c64
2023-03-30 08:33:36,True,3.44e-05,1.094e-08,22299.6,0.0024,0x35...bb01,https://bscscan.com/tx/0x0031589178d7f6bee26a1413b2a6bcf1e3523bf23974dc1d4d6ad297de8e6c5d
2023-03-30 08:30:06,False,3.421e-05,1.089e-08,119640.0,0.013,0x4c...0be7,https://bscscan.com/tx/0x6f4777b16925528474e9360549fe9d6dcc01945f576623fdef4bf09ac05a1357
2023-03-30 08:30:06,False,3.421e-05,1.089e-08,2643.74,2.879e-05,0x4c...0be7,https://bscscan.com/tx/0x6f4777b16925528474e9360549fe9d6dcc01945f576623fdef4bf09ac05a1357
2023-03-30 08:27:20,True,3.421e-05,1.094e-08,500000.0,0.0547,0x35...e941,https://bscscan.com/tx/0xe681970fe74e0197f4afe10136b201d283b02eb3724856690f1519de94e8799b
2023-03-30 08:23:56,False,3.421e-05,1.089e-08,477725.0,0.052,0xaf...dc6a,https://bscscan.com/tx/0x77b18888180fa8617739b84e8f589302885c5e8c8aa8c11ec8eb798433cb201b
2023-03-30 08:23:56,False,3.421e-05,1.089e-08,5312.15,5.785e-05,0xaf...dc6a,https://bscscan.com/tx/0x77b18888180fa8617739b84e8f589302885c5e8c8aa8c11ec8eb798433cb201b
2023-03-30 08:23:08,True,3.437e-05,1.094e-08,456767.0,0.05,0xb5...ac3b,https://bscscan.com/tx/0xc33162bf9b86c9e299ba1e710feb56a35cdc2db4acee96c5b12821f6a40f3ae3
2023-03-30 08:20:59,False,3.404e-05,1.089e-08,1506163.0,0.164,0x1c...550e,https://bscscan.com/tx/0x526ec6945601f3c343fd7996ec7635fc4e823745c6ce59f1440eb2abc9d112c7
2023-03-30 08:20:59,False,3.404e-05,1.089e-08,186.62,2.032e-06,0x1c...550e,https://bscscan.com/tx/0x526ec6945601f3c343fd7996ec7635fc4e823745c6ce59f1440eb2abc9d112c7
2023-03-30 08:15:08,False,3.404e-05,1.089e-08,68911.1,0.0075,0xce...f402,https://bscscan.com/tx/0x0042b1bc1022275ef96ee02d6241d68dccb7ee9df3cf4680495714fd3d2fd682
2023-03-30 08:15:08,False,3.404e-05,1.089e-08,10069.5,0.0011,0xce...f402,https://bscscan.com/tx/0x0042b1bc1022275ef96ee02d6241d68dccb7ee9df3cf4680495714fd3d2fd682
2023-03-30 08:14:17,False,3.421e-05,1.089e-08,3718255.0,0.405,0xc3...f2fc,https://bscscan.com/tx/0xe7c7f5b3d93f7f328062f5e5de7ccf906530f3e9779e7da68796fc49fdd9bd14
2023-03-30 08:14:17,False,3.422e-05,1.089e-08,1189.27,1.295e-05,0xc3...f2fc,https://bscscan.com/tx/0xe7c7f5b3d93f7f328062f5e5de7ccf906530f3e9779e7da68796fc49fdd9bd14
2023-03-30 08:14:02,False,3.422e-05,1.089e-08,439149.0,0.0478,0xce...f402,https://bscscan.com/tx/0xa12591efe913dd3c62b9dc27ea31ba8a123918e54e91eac99008b7c5e0554e8a
2023-03-30 08:14:02,False,3.422e-05,1.089e-08,10049.4,0.001,0xce...f402,https://bscscan.com/tx/0xa12591efe913dd3c62b9dc27ea31ba8a123918e54e91eac99008b7c5e0554e8a
2023-03-30 08:12:29,False,3.422e-05,1.089e-08,3710820.0,0.4042,0xbc...051a,https://bscscan.com/tx/0xf5afc865f5b091f8bf9a7332f97abcab62c0fb930570fcb4664e341a77cd8b5c
2023-03-30 08:12:29,False,3.422e-05,1.089e-08,15791.5,0.0017,0xbc...051a,https://bscscan.com/tx/0xf5afc865f5b091f8bf9a7332f97abcab62c0fb930570fcb4664e341a77cd8b5c
2023-03-30 08:11:20,True,3.439e-05,1.094e-08,848710.0,0.0929,0xd2...e078,https://bscscan.com/tx/0x919d0c6e5c864420b1baa3ec91a4b3f12828da6dd8f697a5c9b1b4f2d1224403
2023-03-30 08:10:23,False,3.422e-05,1.089e-08,4985000.0,0.5431,0x08...0acf,https://bscscan.com/tx/0x3018b024d89b987feecd447c856ac57174c4c22330b3a15f8bdd6cd2e7bb5f4c
2023-03-30 08:10:23,False,3.422e-05,1.089e-08,14215.9,0.0015,0x08...0acf,https://bscscan.com/tx/0x3018b024d89b987feecd447c856ac57174c4c22330b3a15f8bdd6cd2e7bb5f4c
2023-03-30 08:10:20,True,3.439e-05,1.094e-08,574250.0,0.0628,0xd2...e078,https://bscscan.com/tx/0xa67272b8cb342b3ec5059df3b57a32dc6f3a32992a67ab24cb4f68a34ecb43de
2023-03-30 08:01:41,True,3.423e-05,1.095e-08,1171316.0,0.1283,0xf4...b3f4,https://bscscan.com/tx/0x45dd08bfcdcfa60baf8180c6b4694f2d9192b509d7897874ad3b638b005e207e
2023-03-30 07:59:17,True,3.437e-05,1.094e-08,285000.0,0.0312,0x62...8e29,https://bscscan.com/tx/0x1a10a9989b4e92ccecaf370018be1f018e1940a0813555ad39bfeb2d4f1e8770
2023-03-30 07:57:05,False,3.42e-05,1.089e-08,2025028.0,0.2206,0x2a...784f,https://bscscan.com/tx/0xc1f910820fffb7781d5e88156ab35529f0fdca880a886256cbdc2b4d2ccc57d5
2023-03-30 07:57:05,False,3.42e-05,1.089e-08,3085.02,3.361e-05,0x2a...784f,https://bscscan.com/tx/0xc1f910820fffb7781d5e88156ab35529f0fdca880a886256cbdc2b4d2ccc57d5
2023-03-30 07:56:38,True,3.42e-05,1.095e-08,290700.0,0.0318,0x13...0ae3,https://bscscan.com/tx/0xff080b2b79910c7c655d57334f3e12e3670acc97f321c174a455289355656a83
2023-03-30 07:50:41,False,3.42e-05,1.089e-08,849344.0,0.0925,0x27...0d3c,https://bscscan.com/tx/0x7679f1294ab1a057204dfd6d2c6d58ef21beaebcc40cd1562cc237744ba0dd18
2023-03-30 07:50:41,False,3.42e-05,1.089e-08,7696.97,8.386e-05,0x27...0d3c,https://bscscan.com/tx/0x7679f1294ab1a057204dfd6d2c6d58ef21beaebcc40cd1562cc237744ba0dd18
2023-03-30 07:48:47,True,3.437e-05,1.095e-08,130617.0,0.0143,0xcb...bdcb,https://bscscan.com/tx/0x1de9c968d021b9bba389b910370a91dbd6cd1b648152008102b80ef2cdff808a
2023-03-30 07:48:32,True,3.437e-05,1.095e-08,146116.0,0.016,0x6e...797c,https://bscscan.com/tx/0x1e3ab28cf46f73dd4083302a88646e9ed10a8839ff5dcc0c2673cf1e1dd51313
2023-03-30 07:48:08,False,3.42e-05,1.089e-08,2566273.0,0.2796,0xbc...051a,https://bscscan.com/tx/0x87ebcc5402015e56711e1ad9f4efa920365191d6f8a86dc8918e663171bc9210
2023-03-30 07:48:08,False,3.42e-05,1.089e-08,8696.73,9.476e-05,0xbc...051a,https://bscscan.com/tx/0x87ebcc5402015e56711e1ad9f4efa920365191d6f8a86dc8918e663171bc9210
2023-03-30 07:47:44,True,3.437e-05,1.095e-08,153899.0,0.0168,0xcb...bdcb,https://bscscan.com/tx/0x2b6a045b0fd06b62df38b0ffc2a1fa1b7f147fb6e1aff552681641bc62ce226c
2023-03-30 07:45:47,False,3.404e-05,1.089e-08,3057910.0,0.3332,0x38...9030,https://bscscan.com/tx/0x5352df258590e37c1e449aa9071cbef193ce36c39a8204363a52b8877a55377b
2023-03-30 07:45:47,False,3.404e-05,1.089e-08,11341.1,0.0012,0x38...9030,https://bscscan.com/tx/0x5352df258590e37c1e449aa9071cbef193ce36c39a8204363a52b8877a55377b
2023-03-30 07:44:53,True,3.439e-05,1.095e-08,547868.0,0.06,0x38...0c16,https://bscscan.com/tx/0x736edeec6666a38f89a4f09048fcb4becd8972cbcf89cbf15de3589b2e6a9dd6
2023-03-30 07:43:26,False,3.405e-05,1.089e-08,3641567.0,0.3968,0xe8...7311,https://bscscan.com/tx/0xddb3ef5d48ea2fbf4ade8037b53189933523c62a348b10dd840b1d027be0945e
2023-03-30 07:43:26,False,3.405e-05,1.089e-08,12451.7,0.0013,0xe8...7311,https://bscscan.com/tx/0xddb3ef5d48ea2fbf4ade8037b53189933523c62a348b10dd840b1d027be0945e
2023-03-30 07:43:17,True,3.424e-05,1.095e-08,135690.0,0.0148,0x2a...30e8,https://bscscan.com/tx/0x503547770ffd340c801e47e915630d2c3e81ec861c1149c1151f46875a6aaa50
2023-03-30 07:41:14,True,3.424e-05,1.095e-08,17553.5,0.0019,0xd8...980f,https://bscscan.com/tx/0x84561db7112ad280a8183d745cd40a2b9849966d36512a6adfee5a53d1a5bb5e
2023-03-30 07:32:29,True,3.44e-05,1.095e-08,54782.6,0.006,0x98...c868,https://bscscan.com/tx/0x5eee9526d3941e447f41d8db2e75262e636c33ee04f05c804496491b325b5b82
2023-03-30 07:30:32,False,3.423e-05,1.089e-08,4390490.0,0.4784,0x3d...bf5e,https://bscscan.com/tx/0xaaff1af25a04f2a36f91f2c7e3d035769b5cfa7be52788ff640d903fe4dadeaf
2023-03-30 07:30:32,False,3.423e-05,1.089e-08,6333.23,6.902e-05,0x3d...bf5e,https://bscscan.com/tx/0xaaff1af25a04f2a36f91f2c7e3d035769b5cfa7be52788ff640d903fe4dadeaf
2023-03-30 07:24:17,True,3.443e-05,1.095e-08,723610.0,0.0793,0xb8...a1c4,https://bscscan.com/tx/0x8d8852f7eb4a31209e386d5c4997bb0dfb8ef31c8dd92ec5018333f287f07977
2023-03-30 07:24:17,True,3.441e-05,1.095e-08,1089389.0,0.1193,0xc7...6aed,https://bscscan.com/tx/0x08883ff022a4d38c17894acc2de0811d6445330bb0373ef05812e467df52a84f
2023-03-30 07:22:05,False,3.424e-05,1.089e-08,531044.0,0.0578,0xa5...5153,https://bscscan.com/tx/0x78a830e9b4ba2d9c8e68a6aa4589e060570fce785f125dbbcf6d57e1a6a831f4
2023-03-30 07:22:05,False,3.424e-05,1.089e-08,2182.38,2.378e-05,0xa5...5153,https://bscscan.com/tx/0x78a830e9b4ba2d9c8e68a6aa4589e060570fce785f125dbbcf6d57e1a6a831f4
2023-03-30 07:21:41,False,3.407e-05,1.089e-08,805865.0,0.0878,0xc1...a99c,https://bscscan.com/tx/0x8c05d1a17ebbfb62f6818c6f665d2ac3586379032052ced0e4bdf87c0828da1d
2023-03-30 07:21:41,False,3.407e-05,1.089e-08,35623.2,0.0038,0xc1...a99c,https://bscscan.com/tx/0x8c05d1a17ebbfb62f6818c6f665d2ac3586379032052ced0e4bdf87c0828da1d
2023-03-30 07:20:29,True,3.424e-05,1.095e-08,2268871.0,0.2485,0x18...80a3,https://bscscan.com/tx/0xc8e93d0a466826257b2220ebcfaea07b602c2285dfa054585eb42db449d7a80f
2023-03-30 07:19:17,True,3.441e-05,1.095e-08,596737.0,0.0653,0xfc...1b38,https://bscscan.com/tx/0x5f4e30eeb76e466502423dd4c4d2bd0083da346eb028384a3f4e6fcdfdbe08cd
2023-03-30 07:13:11,True,3.425e-05,1.095e-08,452291.0,0.0495,0x2d...2d7d,https://bscscan.com/tx/0x4f64515864b2f35ecdca8ed6cdf26e5153a738dee1dd6667129d6a77781079b4
2023-03-30 07:13:08,True,3.423e-05,1.095e-08,4565402.0,0.5,0x75...d651,https://bscscan.com/tx/0x3cb256796f55790fb8b3ad1a0b33a0679ae8f35edf7e00119990e9dd43acae52
2023-03-30 07:04:20,True,3.421e-05,1.095e-08,45656.6,0.005,0x71...8edb,https://bscscan.com/tx/0x191890caf72e41bbf4e8028266261c75a5944d5cccece3903c43179f28f52a50
2023-03-30 07:00:56,False,3.424e-05,1.089e-08,4955256.0,0.5399,0xc4...d30c,https://bscscan.com/tx/0x9eed16084fab27a49b808c25ad160817050c0eac696033b7b440e14d1954b3c6
2023-03-30 07:00:56,False,3.425e-05,1.089e-08,831.843,9.065e-06,0xc4...d30c,https://bscscan.com/tx/0x9eed16084fab27a49b808c25ad160817050c0eac696033b7b440e14d1954b3c6
2023-03-30 06:59:59,False,3.406e-05,1.089e-08,307166.0,0.0334,0x0c...41d9,https://bscscan.com/tx/0xf994e8deb385420882ab1f7add343ec35b7d6311ba13b9b0512cdcbc876b1bc6
2023-03-30 06:59:59,False,3.406e-05,1.089e-08,85118.1,0.0092,0x0c...41d9,https://bscscan.com/tx/0xf994e8deb385420882ab1f7add343ec35b7d6311ba13b9b0512cdcbc876b1bc6
2023-03-30 06:59:50,True,3.424e-05,1.094e-08,23101558.0,2.52954,0xa8...8f56,https://bscscan.com/tx/0xac44d4d5cddbfb3bcaf9341f601b8cdc428cd428e0d790d1cf1edf511b52eaa7
2023-03-30 06:56:02,True,3.44e-05,1.094e-08,36541.1,0.004,0x0c...beb9,https://bscscan.com/tx/0xee3447bd55588729b5ef9dc63c64d653ec974afcf49da9490691ed617501bf0d
2023-03-30 06:56:02,True,3.44e-05,1.094e-08,30503.9,0.0033,0x2c...ea0c,https://bscscan.com/tx/0x24b9cd6a35fbc6367a7d16ba0958b3c7014bb1d4c12a1428532fd827ca4f76a5
2023-03-30 06:56:02,True,3.44e-05,1.094e-08,18305.4,0.002,0x2c...ea0c,https://bscscan.com/tx/0x24b9cd6a35fbc6367a7d16ba0958b3c7014bb1d4c12a1428532fd827ca4f76a5
2023-03-30 06:54:59,True,3.44e-05,1.094e-08,45676.5,0.005,0x1b...a2fd,https://bscscan.com/tx/0x8923d34fd56c0d663d64330fead5e7b65ba7fbad6d32f0e0b43cfc4cbb3aa9ad
2023-03-30 06:54:08,True,3.423e-05,1.094e-08,94883.4,0.0103,0xaa...d15b,https://bscscan.com/tx/0x63e00b419082ce5baa304f48f73c207ca55bf9eacb07c94def70ca406687a7ed
2023-03-30 06:53:41,True,3.423e-05,1.094e-08,1774769.0,0.1942,0x7f...2f74,https://bscscan.com/tx/0x4ad7a521957916bde5dd8f0b4f686f900c672bfd09dbc1f87fe48326824d6a17
2023-03-30 06:49:35,False,3.422e-05,1.089e-08,6403700.0,0.6975,0x3b...324e,https://bscscan.com/tx/0xae4ece4c50cf81a86c6e9dd339124badee695f135428e6022c75b6693dfcd8db
2023-03-30 06:49:35,False,3.423e-05,1.089e-08,8477.66,9.234e-05,0x3b...324e,https://bscscan.com/tx/0xae4ece4c50cf81a86c6e9dd339124badee695f135428e6022c75b6693dfcd8db
2023-03-30 06:46:14,True,3.421e-05,1.094e-08,18268.6,0.002,0x74...2e9c,https://bscscan.com/tx/0x592e8ff99ea13966961ec861e50f16e62c12a8aabfbad8cf5c886e07cd2312b7
2023-03-30 06:45:23,True,3.44e-05,1.094e-08,1391420.0,0.1523,0x58...6823,https://bscscan.com/tx/0xab8723914f7706a33c3285b09682c615f91cd36629a43f8ebc6409fa4203caf6
2023-03-30 06:43:11,True,3.422e-05,1.094e-08,1326028.0,0.1451,0xf6...b3b8,https://bscscan.com/tx/0x0946fa0abb55ec968189531cfe74380b0346b5c3e5312949364818b136fa2fd2
2023-03-30 06:42:14,False,3.422e-05,1.089e-08,240667.0,0.0262,0xe5...a58c,https://bscscan.com/tx/0x7f2fccbd8bc34f977bd0a421c46494948b759e05c989b6254b5b238ea183f6c3
2023-03-30 06:42:14,False,3.422e-05,1.089e-08,40500.0,0.0044,0xe5...a58c,https://bscscan.com/tx/0x7f2fccbd8bc34f977bd0a421c46494948b759e05c989b6254b5b238ea183f6c3
2023-03-30 06:41:23,False,3.422e-05,1.089e-08,14955000.0,1.62926,0x69...2dc4,https://bscscan.com/tx/0x69f1795a5f568854b0fa5a11782aee5f0fa26d3ec7da1c772426664a0c23b012
2023-03-30 06:41:23,False,3.422e-05,1.089e-08,4967.58,5.412e-05,0x69...2dc4,https://bscscan.com/tx/0x69f1795a5f568854b0fa5a11782aee5f0fa26d3ec7da1c772426664a0c23b012
2023-03-30 06:41:11,True,3.439e-05,1.095e-08,1826345.0,0.2,0x96...bcb1,https://bscscan.com/tx/0x3a39f7a7461c20d346cbcfb7717ce4aae39a3c296cc5ff1969de682f8db6455a
2023-03-30 06:37:56,False,3.406e-05,1.089e-08,13457.6,0.0014,0x51...3275,https://bscscan.com/tx/0xcbb61a5278b16a023b5c8ff4fb9b940ee905b11a6193737e58a2ae8c4a7226cf
2023-03-30 06:37:56,False,3.406e-05,1.089e-08,52594.0,0.0057,0x51...3275,https://bscscan.com/tx/0xcbb61a5278b16a023b5c8ff4fb9b940ee905b11a6193737e58a2ae8c4a7226cf
2023-03-30 06:37:38,False,3.407e-05,1.089e-08,19420831.0,2.11658,0x1b...16b7,https://bscscan.com/tx/0xbefb58840f3254d078a5ddcc9771e96383cb5e2a377d968c081d31eb30f6f5ec
2023-03-30 06:37:38,False,3.408e-05,1.09e-08,895.443,9.761e-06,0x1b...16b7,https://bscscan.com/tx/0xbefb58840f3254d078a5ddcc9771e96383cb5e2a377d968c081d31eb30f6f5ec
2023-03-30 06:31:25,False,3.424e-05,1.09e-08,330651.0,0.036,0xf2...0ea7,https://bscscan.com/tx/0x3a529849f72b0903dfae50af7b184e7988b064383ac36ca3304e73b72cfde054
2023-03-30 06:31:25,False,3.424e-05,1.09e-08,17550.0,0.0019,0xf2...0ea7,https://bscscan.com/tx/0x3a529849f72b0903dfae50af7b184e7988b064383ac36ca3304e73b72cfde054
2023-03-30 06:30:32,False,3.425e-05,1.09e-08,6480500.0,0.7065,0x52...dd8d,https://bscscan.com/tx/0xfe1f56cd689bc1c3ef48e71c7801ae1a7d0811d8df1fb06a144afcee7fa49174
2023-03-30 06:30:32,False,3.425e-05,1.09e-08,122723.0,0.0133,0x52...dd8d,https://bscscan.com/tx/0xfe1f56cd689bc1c3ef48e71c7801ae1a7d0811d8df1fb06a144afcee7fa49174
2023-03-30 06:30:09,False,3.41e-05,1.09e-08,45316676.0,4.94356,0xd6...e942,https://bscscan.com/tx/0x9733b66eec2d5974daa7ce9498a3b80206c6ea3eab0fd84c689b740197463876
2023-03-30 06:30:09,False,3.412e-05,1.091e-08,191243.0,0.0208,0xd6...e942,https://bscscan.com/tx/0x9733b66eec2d5974daa7ce9498a3b80206c6ea3eab0fd84c689b740197463876
2023-03-30 06:30:06,True,3.446e-05,1.096e-08,19537883.0,2.14275,0x1b...16b7,https://bscscan.com/tx/0x6236ad8dbc16c7c4842b6d39c205e48fd64f3ebc8cccf640283eb03e8fb675cd
2023-03-30 06:19:36,True,3.442e-05,1.096e-08,104232.0,0.0114,0x94...9a17,https://bscscan.com/tx/0x63a0824ff58fc9eef2a129ef31caf92b1175c6f30d01db0238d2ba3b11855183
2023-03-30 06:16:42,True,3.421e-05,1.096e-08,542435.0,0.0594,0x10...c52b,https://bscscan.com/tx/0x5c146d8c1c342e1f64472cd1afd38e9cb524853a1cfe06e6f7cee728afd718fb
2023-03-30 06:15:33,True,3.42e-05,1.096e-08,1003262.0,0.11,0x73...a03b,https://bscscan.com/tx/0x3c7bcb3d15dd797b3fc1cf99ecda56d9b4538449ec2a656fe965f302d0021a05
2023-03-30 06:13:54,True,3.42e-05,1.096e-08,300983.0,0.033,0x3d...cb1a,https://bscscan.com/tx/0xee026ab20030b4d1c0746e9671cbb245a698f3152004a0db8cf2fdef14741b7b
2023-03-30 06:12:15,False,3.419e-05,1.09e-08,2905648.0,0.317,0x69...6d3f,https://bscscan.com/tx/0x521d7ff5dda8e8e5ec57e29e4ace627c101afa3253777e374a9646573705b99e
2023-03-30 06:12:15,False,3.42e-05,1.091e-08,61143.1,0.0066,0x69...6d3f,https://bscscan.com/tx/0x521d7ff5dda8e8e5ec57e29e4ace627c101afa3253777e374a9646573705b99e
2023-03-30 06:04:09,False,3.422e-05,1.091e-08,16842856.0,1.83794,0x05...7066,https://bscscan.com/tx/0x03025895c649e9c5a82a99572d47eab51fed4c29bb1d1eea1d7779dc28eedd68
2023-03-30 06:04:09,False,3.423e-05,1.091e-08,83370.5,0.0091,0x05...7066,https://bscscan.com/tx/0x03025895c649e9c5a82a99572d47eab51fed4c29bb1d1eea1d7779dc28eedd68
2023-03-30 06:04:09,False,3.424e-05,1.091e-08,30785320.0,3.36134,0x05...7066,https://bscscan.com/tx/0xbaf5584c96cefb502d02714f1f3af1a0b0bd9da3c8c7b70fd372c45870987730
2023-03-30 06:04:09,False,3.425e-05,1.092e-08,80973.0,0.0088,0x05...7066,https://bscscan.com/tx/0xbaf5584c96cefb502d02714f1f3af1a0b0bd9da3c8c7b70fd372c45870987730
2023-03-30 06:02:48,False,3.426e-05,1.092e-08,29900030.0,3.26709,0x20...946b,https://bscscan.com/tx/0x291cebd602716ccd6cc073d00deef7fc44ef792d11b8a5d0caf8c7d7d64a2265
2023-03-30 06:02:48,False,3.428e-05,1.093e-08,2700.0,2.951e-05,0x20...946b,https://bscscan.com/tx/0x291cebd602716ccd6cc073d00deef7fc44ef792d11b8a5d0caf8c7d7d64a2265
2023-03-30 06:00:51,False,3.428e-05,1.093e-08,997000.0,0.1089,0x1e...552f,https://bscscan.com/tx/0xfed8e190ff68daf42834afcb1f090215bf98fe73b1de08e545265197b9a5771f
2023-03-30 06:00:51,False,3.428e-05,1.093e-08,13266.2,0.0014,0x1e...552f,https://bscscan.com/tx/0xfed8e190ff68daf42834afcb1f090215bf98fe73b1de08e545265197b9a5771f
2023-03-30 06:00:51,True,3.446e-05,1.098e-08,290281.0,0.0318,0x91...f1dc,https://bscscan.com/tx/0xb157d78477571cd855af09a46873f81306703d3afd85e4861c563f76c77b3622
2023-03-30 05:59:15,True,3.446e-05,1.098e-08,1451500.0,0.1594,0x93...f57c,https://bscscan.com/tx/0x0807e21c2b2aa2a798ad683de592b5e6ece4996316a27fa941fd2812ce57f464
2023-03-30 05:58:54,True,3.445e-05,1.098e-08,2903555.0,0.3189,0x93...f57c,https://bscscan.com/tx/0xf03675180e51e97ca1d0889b9e9ccd49dbeb53be6ef396a389008738c7077899
2023-03-30 05:57:54,False,3.411e-05,1.092e-08,267251.0,0.0292,0xfb...f52d,https://bscscan.com/tx/0x04b0f84486e7a076fd58c880c59a22974141fc6bebef8e946e1577087c40ee49
2023-03-30 05:57:54,False,3.411e-05,1.092e-08,51498.7,0.0056,0xfb...f52d,https://bscscan.com/tx/0x04b0f84486e7a076fd58c880c59a22974141fc6bebef8e946e1577087c40ee49
2023-03-30 05:56:45,True,3.445e-05,1.098e-08,312393.0,0.0343,0x94...9a17,https://bscscan.com/tx/0x28af16b4cd8dd311e99f32ca355eb27923772bfab67c10dcddc6cb845c7f7fd2
2023-03-30 05:56:36,True,3.445e-05,1.098e-08,13927976.0,1.52967,0xeb...e971,https://bscscan.com/tx/0xd8a51ac405c2c1d4198dd3191f124a6ece1758d012dbdea6a36ba4ce4b0732bc
2023-03-30 05:55:54,True,3.445e-05,1.098e-08,3096418.0,0.34,0xa0...8d31,https://bscscan.com/tx/0x8c281cd485b96e0dbacac6168e4cf26cc38bba38625c6ca28bc33738c2ce7ecb
2023-03-30 05:51:42,False,3.428e-05,1.092e-08,1731585.0,0.1891,0x07...dc10,https://bscscan.com/tx/0x278273301739e849579409506923f924e1be8bfa873c2b233a81a3711d615f17
2023-03-30 05:51:42,False,3.428e-05,1.092e-08,5372.06,5.869e-05,0x07...dc10,https://bscscan.com/tx/0x278273301739e849579409506923f924e1be8bfa873c2b233a81a3711d615f17
2023-03-30 05:43:33,False,3.41e-05,1.092e-08,1983683.0,0.2167,0xa3...65d7,https://bscscan.com/tx/0xf4caad3364a41e68491a4a1eb8924383c5b6ecf32fc35cf576995c4997793504
2023-03-30 05:43:33,False,3.41e-05,1.092e-08,80395.5,0.0087,0xa3...65d7,https://bscscan.com/tx/0xf4caad3364a41e68491a4a1eb8924383c5b6ecf32fc35cf576995c4997793504
2023-03-30 05:42:54,False,3.413e-05,1.093e-08,29686797.0,3.24481,0x3c...9659,https://bscscan.com/tx/0x618c35253c18b9b111084fb5797818770f89393af01b3e0ebc459188f66f458b
2023-03-30 05:42:54,False,3.414e-05,1.093e-08,33784.7,0.0036,0x3c...9659,https://bscscan.com/tx/0x618c35253c18b9b111084fb5797818770f89393af01b3e0ebc459188f66f458b
2023-03-30 05:40:48,False,3.432e-05,1.093e-08,12475324.0,1.36427,0x05...7066,https://bscscan.com/tx/0x8a3de4e3ea1330179736380c0b146231ef6c7414aca0cfebb28073bddefc26e4
2023-03-30 05:40:48,False,3.432e-05,1.093e-08,26022.5,0.0028,0x05...7066,https://bscscan.com/tx/0x8a3de4e3ea1330179736380c0b146231ef6c7414aca0cfebb28073bddefc26e4
2023-03-30 05:40:06,True,3.434e-05,1.099e-08,7994433.0,0.8786,0x56...13dd,https://bscscan.com/tx/0xbff191d7581961bda9046c6cbc92b0c4b10d166346cc4f12eb644654fb4a0456
2023-03-30 05:38:57,True,3.433e-05,1.099e-08,636938.0,0.07,0x5b...9ba1,https://bscscan.com/tx/0xd62006b227f1364e5d4e480cd9d90345d7138b8ce73c39ba841955e5b7268ac6
2023-03-30 05:38:33,False,3.432e-05,1.093e-08,1003567.0,0.1097,0x83...f701,https://bscscan.com/tx/0x8fb21538f17386dca495570d45e958cbc9fe05ad42552d3e24058aa4d63198b0
2023-03-30 05:38:33,False,3.432e-05,1.093e-08,44561.7,0.0048,0x83...f701,https://bscscan.com/tx/0x8fb21538f17386dca495570d45e958cbc9fe05ad42552d3e24058aa4d63198b0
2023-03-30 05:36:30,False,3.416e-05,1.093e-08,16454820.0,1.79976,0x04...6ad0,https://bscscan.com/tx/0xada67c39083ba98652d9b41c672dee0f6f5bec7c412dbe889bf18ebc91964705
2023-03-30 05:36:30,False,3.417e-05,1.093e-08,60677.5,0.0066,0x04...6ad0,https://bscscan.com/tx/0xada67c39083ba98652d9b41c672dee0f6f5bec7c412dbe889bf18ebc91964705
2023-03-30 05:36:27,True,3.434e-05,1.099e-08,9096301.0,1.0,0x5d...2dbf,https://bscscan.com/tx/0x2d6eb2fb92b8777b090c8156b8d3e068eba8d79fd59b3759485804b86117eb80
2023-03-30 05:34:33,True,3.431e-05,1.099e-08,11828210.0,1.3,0x71...a2c4,https://bscscan.com/tx/0x6b036645538db4d7b4fe71ba681e04767fe3ab45dcdcad1819b0bee646bc6c16
2023-03-30 05:30:48,False,3.422e-05,1.093e-08,1543999.0,0.1688,0x0d...207e,https://bscscan.com/tx/0x8c3d21257e46c4cec4c468bddad7f919889ed017fc331411cdd754318c4b9382
2023-03-30 05:30:48,False,3.422e-05,1.093e-08,28458.9,0.0031,0x0d...207e,https://bscscan.com/tx/0x8c3d21257e46c4cec4c468bddad7f919889ed017fc331411cdd754318c4b9382
2023-03-30 05:30:48,False,3.423e-05,1.093e-08,10508711.0,1.14924,0x05...7066,https://bscscan.com/tx/0xb736eb4bfc2ab83d55d1962cbc34ae344b6fe5a4929bdb54c149697f6fc77c8b
2023-03-30 05:30:48,False,3.423e-05,1.093e-08,5343.3,5.844e-05,0x05...7066,https://bscscan.com/tx/0xb736eb4bfc2ab83d55d1962cbc34ae344b6fe5a4929bdb54c149697f6fc77c8b
2023-03-30 05:30:18,False,3.409e-05,1.093e-08,1973063.0,0.2158,0xc3...7f84,https://bscscan.com/tx/0x0902708da2811d7c395a51fba9f2b9ef1d4d4021c12c49a6344234447b1da0ae
2023-03-30 05:30:18,False,3.41e-05,1.093e-08,8100.0,8.859e-05,0xc3...7f84,https://bscscan.com/tx/0x0902708da2811d7c395a51fba9f2b9ef1d4d4021c12c49a6344234447b1da0ae
2023-03-30 05:28:08,False,3.422e-05,1.093e-08,2991000.0,0.3271,0xd4...b5b5,https://bscscan.com/tx/0xcf61b33ec66c28a69b4108ea54fb062f1c0e869bcf04fe36fdd40eee3a694f1c
2023-03-30 05:28:08,False,3.423e-05,1.093e-08,47645.7,0.0052,0xd4...b5b5,https://bscscan.com/tx/0xcf61b33ec66c28a69b4108ea54fb062f1c0e869bcf04fe36fdd40eee3a694f1c
2023-03-30 05:27:59,False,3.423e-05,1.094e-08,17593601.0,1.92494,0x05...7066,https://bscscan.com/tx/0x6949dddcb6862aebf4753ab52875f42e36770be580717e3cc3047ebb412ad785
2023-03-30 05:27:59,False,3.424e-05,1.094e-08,28052.6,0.003,0x05...7066,https://bscscan.com/tx/0x6949dddcb6862aebf4753ab52875f42e36770be580717e3cc3047ebb412ad785
2023-03-30 05:27:20,False,3.423e-05,1.094e-08,10358692.0,1.13374,0x05...7066,https://bscscan.com/tx/0xa6aae00d97200507db5bb3eee2e57fb4a5fe90e6761b4ae61d620e9623ef7cee
2023-03-30 05:27:20,False,3.424e-05,1.094e-08,75939.1,0.0083,0x05...7066,https://bscscan.com/tx/0xa6aae00d97200507db5bb3eee2e57fb4a5fe90e6761b4ae61d620e9623ef7cee
2023-03-30 05:26:26,False,3.41e-05,1.094e-08,22724023.0,2.48812,0x20...946b,https://bscscan.com/tx/0xe2111224f40a37405d838c1744049752f4e21ccda859006672431faeee55d915
2023-03-30 05:26:26,False,3.411e-05,1.095e-08,125887.0,0.0137,0x20...946b,https://bscscan.com/tx/0xe2111224f40a37405d838c1744049752f4e21ccda859006672431faeee55d915
2023-03-30 05:25:05,False,3.433e-05,1.095e-08,39309056.0,4.30732,0x23...cac6,https://bscscan.com/tx/0x89f4819e976e04bce65821813495031a053cb524834f395e9f27c4322d5e55b7
2023-03-30 05:25:05,False,3.434e-05,1.096e-08,25503.6,0.0028,0x23...cac6,https://bscscan.com/tx/0x89f4819e976e04bce65821813495031a053cb524834f395e9f27c4322d5e55b7
2023-03-30 05:24:29,False,3.419e-05,1.096e-08,9369765.0,1.02731,0x17...2019,https://bscscan.com/tx/0x0a3a33f1d509716b69b87a414a46274696807907e7e513a00ebf9dff6d540005
2023-03-30 05:24:29,False,3.419e-05,1.096e-08,93942.4,0.0103,0x17...2019,https://bscscan.com/tx/0x0a3a33f1d509716b69b87a414a46274696807907e7e513a00ebf9dff6d540005
2023-03-30 05:24:14,True,3.436e-05,1.101e-08,34366264.0,3.78571,0x69...fc0d,https://bscscan.com/tx/0x80cbe7b2a5e4cfe9c8ac76083d143234051106e6434c23ea5e7f769116361d5b
2023-03-30 05:21:59,False,3.43e-05,1.095e-08,425929.0,0.0466,0x39...4947,https://bscscan.com/tx/0xd49f7112277a24426b968bd05efca2e1c705acd55a3b8786673e693e08dd4a0c
2023-03-30 05:21:59,False,3.43e-05,1.095e-08,145.139,1.59e-06,0x39...4947,https://bscscan.com/tx/0xd49f7112277a24426b968bd05efca2e1c705acd55a3b8786673e693e08dd4a0c
2023-03-30 05:20:23,False,3.427e-05,1.095e-08,53594.1,0.0058,0xcd...acbc,https://bscscan.com/tx/0xabd1304f2360368403e9f4d1d312b4cb5872fd410dcf7e4c3a7710d08c5fe267
2023-03-30 05:20:23,False,3.427e-05,1.095e-08,6928.31,7.59e-05,0xcd...acbc,https://bscscan.com/tx/0xabd1304f2360368403e9f4d1d312b4cb5872fd410dcf7e4c3a7710d08c5fe267
2023-03-30 05:14:16,False,3.4e-05,1.095e-08,2558342.0,0.2803,0xa5...628a,https://bscscan.com/tx/0xe555a5a98377eaafaaaf93dce07cb042eff20696248bc04efc3a5bae7ae2b7ce
2023-03-30 05:14:16,False,3.4e-05,1.095e-08,82598.9,0.009,0xa5...628a,https://bscscan.com/tx/0xe555a5a98377eaafaaaf93dce07cb042eff20696248bc04efc3a5bae7ae2b7ce
2023-03-30 05:13:37,True,3.428e-05,1.101e-08,664425.0,0.0731,0xce...e366,https://bscscan.com/tx/0xde270c7426e50748aa5bfe3ae8f0cd41ff99ea61b82ddac6f62e1869fca2667c
2023-03-30 05:13:10,True,3.427e-05,1.101e-08,1339064.0,0.1474,0xce...e366,https://bscscan.com/tx/0x73e590b60302d62a4a784079fea3e4199f3b383d1d918c8301540246f0f55cdb
2023-03-30 05:12:22,False,3.411e-05,1.096e-08,28502926.0,3.124,0x05...7066,https://bscscan.com/tx/0x356a7d8c88fa13cc1af780972e4e510c14878812d421ed16e2caf2be20bc8e14
2023-03-30 05:12:22,False,3.412e-05,1.096e-08,97481.1,0.0106,0x05...7066,https://bscscan.com/tx/0x356a7d8c88fa13cc1af780972e4e510c14878812d421ed16e2caf2be20bc8e14
2023-03-30 05:11:46,False,3.413e-05,1.096e-08,35995801.0,3.94835,0x05...7066,https://bscscan.com/tx/0xcd5d70b2fa597933c5c47c6b89bdc1c88a44187f9005286f4f5c1fefc568bf4b
2023-03-30 05:11:46,False,3.415e-05,1.097e-08,79764.9,0.0087,0x05...7066,https://bscscan.com/tx/0xcd5d70b2fa597933c5c47c6b89bdc1c88a44187f9005286f4f5c1fefc568bf4b
2023-03-30 05:11:37,False,3.415e-05,1.097e-08,29453911.0,3.23336,0xc0...1f4f,https://bscscan.com/tx/0x8a35389c0b8ac19d727451b2e5ef66496b9b2d4b344de361e59bf9af666d8112
2023-03-30 05:11:37,False,3.416e-05,1.098e-08,80030.7,0.0087,0xc0...1f4f,https://bscscan.com/tx/0x8a35389c0b8ac19d727451b2e5ef66496b9b2d4b344de361e59bf9af666d8112
2023-03-30 05:11:22,False,3.405e-05,1.098e-08,20582050.0,2.26082,0x05...7066,https://bscscan.com/tx/0x3ddecc3774491327d2cc9afd8420bc61be4697b7b6a986454aa88d646c1b4235
2023-03-30 05:11:22,False,3.406e-05,1.098e-08,79741.9,0.0087,0x05...7066,https://bscscan.com/tx/0x3ddecc3774491327d2cc9afd8420bc61be4697b7b6a986454aa88d646c1b4235
2023-03-30 05:09:46,False,3.445e-05,1.099e-08,29144058.0,3.20325,0xc0...1f4f,https://bscscan.com/tx/0x04299606b3ecfc27aec05969cfdaa45c41ebe0c6d2d8c09923b971158f7966f3
2023-03-30 05:09:46,False,3.447e-05,1.099e-08,401700.0,0.0441,0xc0...1f4f,https://bscscan.com/tx/0x04299606b3ecfc27aec05969cfdaa45c41ebe0c6d2d8c09923b971158f7966f3
2023-03-30 05:09:19,True,3.459e-05,1.103e-08,138931092.0,15.3262,0xb8...d448,https://bscscan.com/tx/0x1e4540110a8929a45bd70431b45a56595fcf2d4093e363ddef197ac4d481d7eb
2023-03-30 05:08:16,False,3.422e-05,1.095e-08,9817233.0,1.07588,0x3d...4dd5,https://bscscan.com/tx/0x151f38039b75959972fc40684b32c4b7eada8278d453f1ddfb43adcabc410a1d
2023-03-30 05:08:16,False,3.422e-05,1.096e-08,1429.66,1.566e-05,0x3d...4dd5,https://bscscan.com/tx/0x151f38039b75959972fc40684b32c4b7eada8278d453f1ddfb43adcabc410a1d
2023-03-30 05:04:19,False,3.482e-05,1.096e-08,527916.0,0.0578,0xdf...f02c,https://bscscan.com/tx/0x2f8a8afcec989f321dd41da1a8fc4effb6abe33c33702ac544fb4cd2c78ae026
2023-03-30 05:04:19,False,3.482e-05,1.096e-08,300564.0,0.0329,0xdf...f02c,https://bscscan.com/tx/0x2f8a8afcec989f321dd41da1a8fc4effb6abe33c33702ac544fb4cd2c78ae026
2023-03-30 05:01:49,True,3.482e-05,1.101e-08,1398391.0,0.154,0x15...daea,https://bscscan.com/tx/0xc9e5016153cec7f365884fc364ce2c386eb5cea284be536b767bdfeb94e86103
2023-03-30 04:53:31,True,3.5e-05,1.101e-08,9140130.0,1.0067,0xfc...c55a,https://bscscan.com/tx/0x257f90c5ac8488354bfbcd48c8b07e23e304e97a9f23083552e43b992d9b7806
2023-03-30 04:52:49,True,3.483e-05,1.101e-08,906.214,9.98e-06,0x15...daea,https://bscscan.com/tx/0xb3062fe1dbb4bd9dc102741e65acf1ff16e94627fe4d09a92fb544d820940909
2023-03-30 04:50:01,True,3.499e-05,1.101e-08,780410.0,0.0859,0xc7...d478,https://bscscan.com/tx/0xa52c3bdf5c168c67c8549279078a2d07a9b1fc52b2c955cd2a34f60f42017d4c
2023-03-30 04:48:28,False,3.472e-05,1.097e-08,99700000.0,10.9381,0xcc...25cf,https://bscscan.com/tx/0xc277d9ed42be6c284e41b80357f269051c946b712f03b16e8fd030043c59dd35
2023-03-30 04:48:28,False,3.476e-05,1.098e-08,32035.2,0.0035,0xcc...25cf,https://bscscan.com/tx/0xc277d9ed42be6c284e41b80357f269051c946b712f03b16e8fd030043c59dd35
2023-03-30 04:47:46,True,3.494e-05,1.103e-08,1501579.0,0.1657,0xdf...e049,https://bscscan.com/tx/0x4e32bdf0a0499253397a3e9b717893b1e705cf3ebc1ebd6225a3a361d64e611b
2023-03-30 04:47:04,True,3.493e-05,1.103e-08,1238894.0,0.1367,0x43...bbff,https://bscscan.com/tx/0x03d344b54501c005068fcbc09abadcb224266fe7f32c01a48478c62dfc321b35
2023-03-30 04:45:55,False,3.48e-05,1.098e-08,9097046.0,0.9992,0x05...7066,https://bscscan.com/tx/0xa186a1b4ada5f7d71265961a07419b192dec7b67bff856406ec2496c15dbfdae
2023-03-30 04:45:55,False,3.48e-05,1.098e-08,107639.0,0.0118,0x05...7066,https://bscscan.com/tx/0xa186a1b4ada5f7d71265961a07419b192dec7b67bff856406ec2496c15dbfdae
2023-03-30 04:44:52,True,3.515e-05,1.103e-08,9876402.0,1.09034,0x3d...4dd5,https://bscscan.com/tx/0xa79044ca5e3f0c05c41ac4ee73e419be5efd0f94b23bf52b34502dc3efe709dc
2023-03-30 04:44:31,False,3.48e-05,1.098e-08,29900030.0,3.28524,0x20...946b,https://bscscan.com/tx/0x95fb11ae424a6a8fc23189a78ccc4440ebc79e39df6dc0cce8fdf8e9e9e5f535
2023-03-30 04:44:31,False,3.481e-05,1.099e-08,218768.0,0.024,0x20...946b,https://bscscan.com/tx/0x95fb11ae424a6a8fc23189a78ccc4440ebc79e39df6dc0cce8fdf8e9e9e5f535
2023-03-30 04:43:52,True,3.515e-05,1.104e-08,44007387.0,4.85871,0x14...80be,https://bscscan.com/tx/0x6845cef24c5cf8cbb25923c1801c5bbb404db08446e99a497d3d2fe8b333aff0
2023-03-30 04:43:10,True,3.495e-05,1.103e-08,7000000.0,0.7723,0xc3...7f84,https://bscscan.com/tx/0x1d914e615be553ba90dd30d37604b7ba7bc9f325e68cefcc56e6aeff477f3877
2023-03-30 04:41:25,True,3.51e-05,1.103e-08,27810.8,0.003,0xec...b39c,https://bscscan.com/tx/0x72529c3ac617e3ecaab582870e3f1de6f6e5594e82f2f0d5097cdaf82235cbe3
2023-03-30 04:40:28,False,3.493e-05,1.098e-08,29900030.0,3.28355,0x20...946b,https://bscscan.com/tx/0x976adaa6c8b6cd5d82e170602002e58cbaf4fdf4aca85de4f73d02a34d0efcf7
2023-03-30 04:40:28,False,3.495e-05,1.098e-08,25640.3,0.0028,0x20...946b,https://bscscan.com/tx/0x976adaa6c8b6cd5d82e170602002e58cbaf4fdf4aca85de4f73d02a34d0efcf7
2023-03-30 04:39:58,False,3.492e-05,1.098e-08,9467928.0,1.04025,0x60...f764,https://bscscan.com/tx/0x7b08033985cc2dc6348442902a51e98e873fbd523ec6ae4c03112e3a2b7e11f7
2023-03-30 04:39:58,False,3.492e-05,1.098e-08,1350.0,1.483e-05,0x60...f764,https://bscscan.com/tx/0x7b08033985cc2dc6348442902a51e98e873fbd523ec6ae4c03112e3a2b7e11f7
2023-03-30 04:39:25,False,3.492e-05,1.098e-08,498500.0,0.0547,0x05...cc45,https://bscscan.com/tx/0x40f9ded541449334ff037c1cfa32b8c014e4b00480be713b5e719a16ba04fca2
2023-03-30 04:39:25,False,3.492e-05,1.098e-08,77847.4,0.0085,0x05...cc45,https://bscscan.com/tx/0x40f9ded541449334ff037c1cfa32b8c014e4b00480be713b5e719a16ba04fca2
2023-03-30 04:38:43,False,3.492e-05,1.099e-08,28745859.0,3.15984,0xc0...1f4f,https://bscscan.com/tx/0x3cf6e9fa0bc5ad99df6c64eb4bb69a3214d0358ccce5bec94ee034a060ceca35
2023-03-30 04:38:43,False,3.493e-05,1.099e-08,80973.0,0.0089,0xc0...1f4f,https://bscscan.com/tx/0x3cf6e9fa0bc5ad99df6c64eb4bb69a3214d0358ccce5bec94ee034a060ceca35
2023-03-30 04:38:28,False,3.493e-05,1.1e-08,29900030.0,3.28907,0x20...946b,https://bscscan.com/tx/0x07148bfc80c6fbd082f51abb62df059dc82e5013490c6987aa48324649818b88
2023-03-30 04:38:28,False,3.494e-05,1.1e-08,77851.8,0.0085,0x20...946b,https://bscscan.com/tx/0x07148bfc80c6fbd082f51abb62df059dc82e5013490c6987aa48324649818b88
2023-03-30 04:36:37,False,3.475e-05,1.1e-08,28747490.0,3.16456,0xc0...1f4f,https://bscscan.com/tx/0xee637c5caf40348ee131e2b9509ffbfef7b4c6a5a430c7bd6748fb45f010a0a1
2023-03-30 04:36:37,False,3.476e-05,1.101e-08,59920.0,0.0066,0xc0...1f4f,https://bscscan.com/tx/0xee637c5caf40348ee131e2b9509ffbfef7b4c6a5a430c7bd6748fb45f010a0a1
2023-03-30 04:36:16,False,3.494e-05,1.101e-08,22126021.0,2.43717,0x20...946b,https://bscscan.com/tx/0x3fb83bd5591d207d0e365d74a42b085006595e29d32ac9052e6728821d7d0e9a
2023-03-30 04:36:16,False,3.495e-05,1.101e-08,101945.0,0.0112,0x20...946b,https://bscscan.com/tx/0x3fb83bd5591d207d0e365d74a42b085006595e29d32ac9052e6728821d7d0e9a
2023-03-30 04:34:49,False,3.493e-05,1.102e-08,29870119.0,3.29228,0x20...946b,https://bscscan.com/tx/0x9e76f107a391ea5be7780814c3c7bc53e85dec0accda16bf2576b7d60cb2d00d
2023-03-30 04:34:49,False,3.494e-05,1.102e-08,44333.7,0.0048,0x20...946b,https://bscscan.com/tx/0x9e76f107a391ea5be7780814c3c7bc53e85dec0accda16bf2576b7d60cb2d00d
2023-03-30 04:34:31,False,3.494e-05,1.102e-08,16370629.0,1.80539,0x05...7066,https://bscscan.com/tx/0xdf68b8f141753a860fc2cfe08ce44af0e77e39a0790aed3a352dfb3db1bf27b3
2023-03-30 04:34:31,False,3.495e-05,1.103e-08,83163.5,0.0091,0x05...7066,https://bscscan.com/tx/0xdf68b8f141753a860fc2cfe08ce44af0e77e39a0790aed3a352dfb3db1bf27b3
2023-03-30 04:34:25,True,3.513e-05,1.108e-08,1964081.0,0.2177,0x8e...30be,https://bscscan.com/tx/0x262a4997d92b477acebe1c8e7e949a275f49acf335ea5deda24bba2796025c7e
2023-03-30 04:34:22,False,3.496e-05,1.103e-08,28750712.0,3.1723,0xc0...1f4f,https://bscscan.com/tx/0xb3f74fc72cee318692ac29f67ed8c309e34f449e74f96371a8b92ef75d9b895a
2023-03-30 04:34:22,False,3.497e-05,1.103e-08,78248.1,0.0086,0xc0...1f4f,https://bscscan.com/tx/0xb3f74fc72cee318692ac29f67ed8c309e34f449e74f96371a8b92ef75d9b895a
2023-03-30 04:33:28,False,3.481e-05,1.104e-08,23329800.0,2.57581,0x20...946b,https://bscscan.com/tx/0x0e7e56508f2d4111fa138e7e45d93ae6cc16c1c5facb8a7f8d001bf70b79dafc
2023-03-30 04:33:28,False,3.482e-05,1.104e-08,98820.0,0.0109,0x20...946b,https://bscscan.com/tx/0x0e7e56508f2d4111fa138e7e45d93ae6cc16c1c5facb8a7f8d001bf70b79dafc
2023-03-30 04:31:40,False,3.493e-05,1.104e-08,29910000.0,3.30448,0x20...946b,https://bscscan.com/tx/0xe4b475230060a54d01654f9a3038c4d31afc5e9872dfd8e8240bd449e8a60613
2023-03-30 04:31:40,False,3.494e-05,1.105e-08,38333.4,0.0042,0x20...946b,https://bscscan.com/tx/0xe4b475230060a54d01654f9a3038c4d31afc5e9872dfd8e8240bd449e8a60613
2023-03-30 04:30:04,False,3.491e-05,1.105e-08,14154945.0,1.56469,0x05...7066,https://bscscan.com/tx/0xcd6006e110d09809fc0262f988acf1614ef1947439de1fceae2a8f3f38811166
2023-03-30 04:30:04,False,3.492e-05,1.105e-08,97768.9,0.0108,0x05...7066,https://bscscan.com/tx/0xcd6006e110d09809fc0262f988acf1614ef1947439de1fceae2a8f3f38811166
2023-03-30 04:29:58,False,3.493e-05,1.106e-08,36102077.0,3.9932,0x05...7066,https://bscscan.com/tx/0x94b746fbff6dae835097e78eaff2b28623dde8029c65b211b71961837e3450f2
2023-03-30 04:29:58,False,3.495e-05,1.106e-08,77841.2,0.0086,0x05...7066,https://bscscan.com/tx/0x94b746fbff6dae835097e78eaff2b28623dde8029c65b211b71961837e3450f2
2023-03-30 04:29:31,False,3.496e-05,1.106e-08,28743601.0,3.18182,0xc0...1f4f,https://bscscan.com/tx/0xe1cd292b63a6117c4b5e222cf5cf93c5ac910216a6a2e301fae0340b219a0e69
2023-03-30 04:29:31,False,3.497e-05,1.107e-08,83065.9,0.0092,0xc0...1f4f,https://bscscan.com/tx/0xe1cd292b63a6117c4b5e222cf5cf93c5ac910216a6a2e301fae0340b219a0e69
2023-03-30 04:29:31,False,3.498e-05,1.107e-08,30672861.0,3.39786,0x05...7066,https://bscscan.com/tx/0x65f50a167afd27e79ef928105466b25d667101987461593c170d548470ac3151
2023-03-30 04:29:31,False,3.5e-05,1.108e-08,81000.0,0.0089,0x05...7066,https://bscscan.com/tx/0x65f50a167afd27e79ef928105466b25d667101987461593c170d548470ac3151
2023-03-30 04:29:22,False,3.484e-05,1.108e-08,29910000.0,3.31582,0x20...946b,https://bscscan.com/tx/0x1d2181bae9d1ec2dc148681c1676d52fe4de944412cc3c4d1d07bb76ad1d1734
2023-03-30 04:29:22,False,3.485e-05,1.109e-08,77966.9,0.0086,0x20...946b,https://bscscan.com/tx/0x1d2181bae9d1ec2dc148681c1676d52fe4de944412cc3c4d1d07bb76ad1d1734
2023-03-30 04:28:58,False,3.504e-05,1.109e-08,28789992.0,3.19396,0xc0...1f4f,https://bscscan.com/tx/0x59c2a15b1bceea72616a63408640bd6b28552dd5700141403681a8f5455d2034
2023-03-30 04:28:58,False,3.505e-05,1.109e-08,18883.3,0.0021,0xc0...1f4f,https://bscscan.com/tx/0x59c2a15b1bceea72616a63408640bd6b28552dd5700141403681a8f5455d2034
2023-03-30 04:28:34,False,3.503e-05,1.109e-08,6972835.0,0.7739,0x05...7066,https://bscscan.com/tx/0x8bff84176bafafbb694d4269ef9d2b5deb85e69cf6d04d46520f3e2287c04e77
2023-03-30 04:28:34,False,3.504e-05,1.109e-08,78660.1,0.0087,0x05...7066,https://bscscan.com/tx/0x8bff84176bafafbb694d4269ef9d2b5deb85e69cf6d04d46520f3e2287c04e77
2023-03-30 04:28:25,False,3.505e-05,1.11e-08,29045976.0,3.2252,0x05...7066,https://bscscan.com/tx/0xc11e80fedb4381185455c78dced6e10b1647050b52c6dd66c729ad871087c572
2023-03-30 04:28:25,False,3.506e-05,1.11e-08,89263.2,0.0099,0x05...7066,https://bscscan.com/tx/0xc11e80fedb4381185455c78dced6e10b1647050b52c6dd66c729ad871087c572
2023-03-30 04:28:22,True,3.523e-05,1.116e-08,4245705.0,0.4739,0x99...b577,https://bscscan.com/tx/0xdca7823ebfc274f8fe41971157b048e5d75d3041d111b0df2b39c804bc558e25
2023-03-30 04:28:19,False,3.506e-05,1.111e-08,28728288.0,3.19186,0xc0...1f4f,https://bscscan.com/tx/0x890b383e61321f92d5e1cc0160dbe69dd7236724be480676d46ac603eb16096a
2023-03-30 04:28:19,False,3.508e-05,1.111e-08,153440.0,0.017,0xc0...1f4f,https://bscscan.com/tx/0x890b383e61321f92d5e1cc0160dbe69dd7236724be480676d46ac603eb16096a
2023-03-30 04:28:04,False,3.51e-05,1.112e-08,56659049.0,6.30174,0x05...7066,https://bscscan.com/tx/0xe32311e8d395d4b14ff34a73c3e3bbc35b95ebad38cb57c4d7af9fe0739a59fc
2023-03-30 04:27:55,False,3.513e-05,1.113e-08,8943813.0,0.9955,0xd4...cc47,https://bscscan.com/tx/0x32aed213578352825d48ad7e2378177768aff5206aea6825513b8427bf67d958
2023-03-30 04:27:55,False,3.513e-05,1.113e-08,588926.0,0.0655,0xd4...cc47,https://bscscan.com/tx/0x32aed213578352825d48ad7e2378177768aff5206aea6825513b8427bf67d958
2023-03-30 04:27:52,True,3.505e-05,1.116e-08,175560120.0,19.6,0x37...6bae,https://bscscan.com/tx/0x00878068b5a1770a8f206339c609645ea00c436eb299b3bd4ba6cc28870f1190
2023-03-30 04:27:31,False,3.5e-05,1.109e-08,42433057.0,4.70598,0x05...7066,https://bscscan.com/tx/0xecd843975d10f8ca5e56852ad9c370896daae30314991c59d1aaaa36fbf13a1f
2023-03-30 04:27:31,False,3.502e-05,1.109e-08,77875.8,0.0086,0x05...7066,https://bscscan.com/tx/0xecd843975d10f8ca5e56852ad9c370896daae30314991c59d1aaaa36fbf13a1f
2023-03-30 04:27:28,False,3.503e-05,1.11e-08,28756354.0,3.19197,0xc0...1f4f,https://bscscan.com/tx/0xcc484b705cad0eeef63f774b0441068b1269c8a0ee383458526b69d33f32eec1
2023-03-30 04:27:28,False,3.504e-05,1.11e-08,754945.0,0.0838,0xc0...1f4f,https://bscscan.com/tx/0xcc484b705cad0eeef63f774b0441068b1269c8a0ee383458526b69d33f32eec1
2023-03-30 04:27:25,True,3.514e-05,1.113e-08,179609097.0,20.0,0x37...6bae,https://bscscan.com/tx/0xc6b187747f942e81be92b24d86fede417c9b28e87a2b5542be0219693b2785ea
2023-03-30 04:27:25,False,3.493e-05,1.106e-08,99700000.0,11.0356,0x9b...2220,https://bscscan.com/tx/0x689790942f227fd8fc65cb073a62e276a9bc29462ef4bf77a26d65b880f3d2ce
2023-03-30 04:27:25,False,3.497e-05,1.108e-08,270000.0,0.0299,0x9b...2220,https://bscscan.com/tx/0x689790942f227fd8fc65cb073a62e276a9bc29462ef4bf77a26d65b880f3d2ce
2023-03-30 04:27:19,False,3.484e-05,1.109e-08,99700000.0,11.0627,0x9b...2220,https://bscscan.com/tx/0xfba91f17d2e511f49bc0ccc68d86a046838e73b08affcb0e8b1a828ae8b7c2d2
2023-03-30 04:27:19,False,3.488e-05,1.11e-08,35445.2,0.0039,0x9b...2220,https://bscscan.com/tx/0xfba91f17d2e511f49bc0ccc68d86a046838e73b08affcb0e8b1a828ae8b7c2d2
2023-03-30 04:27:16,False,3.489e-05,1.111e-08,13088451.0,1.4543,0xd4...cc47,https://bscscan.com/tx/0xbb09ea8bf1b195aecd9afeb73af8b45946a5bc05541cbd7b5b25cbaf44f7fb55
2023-03-30 04:27:16,False,3.489e-05,1.111e-08,557157.0,0.0619,0xd4...cc47,https://bscscan.com/tx/0xbb09ea8bf1b195aecd9afeb73af8b45946a5bc05541cbd7b5b25cbaf44f7fb55
2023-03-30 04:27:10,True,3.499e-05,1.114e-08,179462321.0,20.0,0x37...6bae,https://bscscan.com/tx/0xe6b6699638915212062054f0c3dc0b0f05be4988815d114ea070e6a95d22a5a7
2023-03-30 04:27:10,False,3.475e-05,1.106e-08,26811465.0,2.96749,0x05...7066,https://bscscan.com/tx/0x41fdbc3d77d703a8cf09c4dd6f0ef219d9016aa3897dccd4085aca5d983f2c26
2023-03-30 04:27:10,False,3.476e-05,1.107e-08,270000.0,0.0298,0x05...7066,https://bscscan.com/tx/0x41fdbc3d77d703a8cf09c4dd6f0ef219d9016aa3897dccd4085aca5d983f2c26
2023-03-30 04:27:10,False,3.481e-05,1.108e-08,99700000.0,11.052,0x9b...2220,https://bscscan.com/tx/0x9c8ac6fa6d09c9c00e7d19283d50c45ff0ca6c4057f5b6967b2c8bf14b776733
2023-03-30 04:27:07,False,3.486e-05,1.11e-08,8997113.0,0.9986,0x2a...e55a,https://bscscan.com/tx/0xf57f022635b05b80ed0ce2be467511bd21138d6e8135d1368adbbb449f7dce08
2023-03-30 04:27:07,False,3.486e-05,1.11e-08,483300.0,0.0536,0x2a...e55a,https://bscscan.com/tx/0xf57f022635b05b80ed0ce2be467511bd21138d6e8135d1368adbbb449f7dce08
2023-03-30 04:26:58,True,3.496e-05,1.113e-08,178868554.0,19.9127,0x37...6bae,https://bscscan.com/tx/0x47ce73a9bfab851bf07bd98220782d393e86b5e46130b6bf5ddc2082d436ada0
2023-03-30 04:26:43,True,3.506e-05,1.11e-08,78447.8,0.0087,0x97...1640,https://bscscan.com/tx/0xab3a113c69dd379f9d68ea73bdad7f9c16b878881f1511364509ba7decbe2b69
2023-03-30 04:21:46,False,3.472e-05,1.105e-08,51853.1,0.0057,0x63...df39,https://bscscan.com/tx/0x5aab7754b0daf26b4eee6d81141091f81d7ec2e163a26b4b05d69478ff4e2f8a
2023-03-30 04:21:46,False,3.472e-05,1.105e-08,485.666,5.367e-06,0x63...df39,https://bscscan.com/tx/0x5aab7754b0daf26b4eee6d81141091f81d7ec2e163a26b4b05d69478ff4e2f8a
2023-03-30 04:13:31,False,3.467e-05,1.105e-08,179337.0,0.0198,0x9b...5767,https://bscscan.com/tx/0x90a531528318abfc6ea4cfa14722c6cdf45aaad7fd0fe20e822c638fe02ebdd1
2023-03-30 04:13:31,False,3.467e-05,1.105e-08,11852.6,0.0013,0x9b...5767,https://bscscan.com/tx/0x90a531528318abfc6ea4cfa14722c6cdf45aaad7fd0fe20e822c638fe02ebdd1
2023-03-30 04:13:22,True,3.484e-05,1.11e-08,3916871.0,0.435,0xea...96b6,https://bscscan.com/tx/0xa7896afa921367d65a22fd7a310f553d693e0af0b3948a580b1ca6ab1e5b7c6e
2023-03-30 04:09:58,True,3.466e-05,1.11e-08,470272.0,0.0522,0xda...6985,https://bscscan.com/tx/0xb0fb0732f7c6425f18f54c94af0811de2a46c1208324ae1aa8dbd54958d8e9ee
2023-03-30 04:09:25,False,3.467e-05,1.105e-08,2684.81,2.967e-05,0xd8...ce10,https://bscscan.com/tx/0x2cf567807150bdcc08a08294e593b2a75f889c83f836a6dfc9999b38de965100
2023-03-30 04:09:25,False,3.467e-05,1.105e-08,2329.58,2.574e-05,0xd8...ce10,https://bscscan.com/tx/0x2cf567807150bdcc08a08294e593b2a75f889c83f836a6dfc9999b38de965100
2023-03-30 04:09:16,True,3.484e-05,1.11e-08,2700.99,3e-05,0xd8...ce10,https://bscscan.com/tx/0x8e3fa5169db5a28c8104e83d59836e6f2db7363348fe3747009071d1a6a79dd5
2023-03-30 04:08:22,True,3.484e-05,1.11e-08,138677.0,0.0154,0x55...c547,https://bscscan.com/tx/0xe55e0ad259c3d39059b6c28384960486b85434e4fc1ef9478307c8a3fd64ce14
2023-03-30 04:05:16,True,3.466e-05,1.11e-08,718736.0,0.0798,0xd2...ee2b,https://bscscan.com/tx/0xa94bd0c4bc4669e05ef566adbcb1527201a14de45ab6610df212b3bf99ac3488
2023-03-30 04:05:01,False,3.466e-05,1.105e-08,2684.87,2.967e-05,0xd8...ce10,https://bscscan.com/tx/0x928d1eeec217331aa94b00ca2a76288f10400b21bafe39f6877dd240d05a8e33
2023-03-30 04:05:01,False,3.466e-05,1.105e-08,1187.95,1.312e-05,0xd8...ce10,https://bscscan.com/tx/0x928d1eeec217331aa94b00ca2a76288f10400b21bafe39f6877dd240d05a8e33
2023-03-30 04:04:52,True,3.483e-05,1.11e-08,2701.05,3e-05,0xd8...ce10,https://bscscan.com/tx/0x8728e5c783c1bca97957683048a71d3d6e9741741ac6f88dd461167212b01026
2023-03-30 04:03:31,True,3.483e-05,1.11e-08,90035.1,0.01,0xf6...c5d4,https://bscscan.com/tx/0xceaf3506a9e56cd2a2e10d8e5a945e730abb92c7aa19c30ee98425ee8c1fd032
2023-03-30 04:03:01,False,3.466e-05,1.105e-08,346203.0,0.0382,0x35...f252,https://bscscan.com/tx/0x933acd819ed784e6a5902df6a7d46ca7e4dd55c8b6cea648f53acb92ae6a1ed3
2023-03-30 04:03:01,False,3.466e-05,1.105e-08,2813.14,3.108e-05,0x35...f252,https://bscscan.com/tx/0x933acd819ed784e6a5902df6a7d46ca7e4dd55c8b6cea648f53acb92ae6a1ed3
2023-03-30 04:01:58,False,3.448e-05,1.105e-08,1038776.0,0.1148,0x7e...9c64,https://bscscan.com/tx/0xa4de6ee9a3b9935fec2b652e40d03bded35363493671e7e663c9e64f44060140
2023-03-30 04:01:58,False,3.448e-05,1.105e-08,9862.87,0.001,0x7e...9c64,https://bscscan.com/tx/0xa4de6ee9a3b9935fec2b652e40d03bded35363493671e7e663c9e64f44060140
2023-03-30 03:58:37,True,3.466e-05,1.11e-08,2611014.0,0.29,0xc0...d1b7,https://bscscan.com/tx/0x3c8206aba73a58fdc56de7b3c1da602e5cddba7d97ea6c5ea7d39f6a1a8054e3
2023-03-30 03:58:01,False,3.448e-05,1.105e-08,1038776.0,0.1148,0x7e...9c64,https://bscscan.com/tx/0x572cdbb694a51ded83519ebd033e265b2894394fef4e8aad13510a040b187686
2023-03-30 03:58:01,False,3.448e-05,1.105e-08,10132.7,0.0011,0x7e...9c64,https://bscscan.com/tx/0x572cdbb694a51ded83519ebd033e265b2894394fef4e8aad13510a040b187686
2023-03-30 03:56:31,False,3.466e-05,1.105e-08,3741592.0,0.4135,0xc0...d1b7,https://bscscan.com/tx/0x8944d46be165d1b43b2f8b140e26f4ec4c0d50d5a427960f3326021e97da6d63
2023-03-30 03:56:31,False,3.466e-05,1.105e-08,2310.75,2.553e-05,0xc0...d1b7,https://bscscan.com/tx/0x8944d46be165d1b43b2f8b140e26f4ec4c0d50d5a427960f3326021e97da6d63
2023-03-30 03:50:01,False,3.466e-05,1.105e-08,853265.0,0.0943,0xe9...139f,https://bscscan.com/tx/0x0f60320eaafca1c48c569b6f35c665f758239f6f7f8b81be7a0627282021e0dc
2023-03-30 03:50:01,False,3.466e-05,1.105e-08,60362.5,0.0066,0xe9...139f,https://bscscan.com/tx/0x0f60320eaafca1c48c569b6f35c665f758239f6f7f8b81be7a0627282021e0dc
2023-03-30 03:48:14,True,3.483e-05,1.11e-08,17558716.0,1.95,0x93...e5f8,https://bscscan.com/tx/0x477ee5fcd8d9ca366d78f1fdc2e83453874940f6be41c9b3e422bee4d5ffb417
2023-03-30 03:45:52,False,3.465e-05,1.104e-08,3972303.0,0.4388,0xb0...a783,https://bscscan.com/tx/0x164b724c86de3b2990a27afc47ce7e3cd01cacbeaa1b5bd9305bf52345803c53
2023-03-30 03:45:52,False,3.465e-05,1.104e-08,27000.0,0.0029,0xb0...a783,https://bscscan.com/tx/0x164b724c86de3b2990a27afc47ce7e3cd01cacbeaa1b5bd9305bf52345803c53
2023-03-30 03:41:04,False,3.448e-05,1.105e-08,9970000.0,1.1017,0xc1...8b5f,https://bscscan.com/tx/0x90af24212d49bc8dfce5eff64e32cd6ce3d8ebdde16dade2cb11e374c503277d
2023-03-30 03:41:04,False,3.448e-05,1.105e-08,421.759,4.661e-06,0xc1...8b5f,https://bscscan.com/tx/0x90af24212d49bc8dfce5eff64e32cd6ce3d8ebdde16dade2cb11e374c503277d
2023-03-30 03:33:55,False,3.449e-05,1.105e-08,155739.0,0.0172,0xa7...4450,https://bscscan.com/tx/0xfb8468200523a7b22d36718d56644c73ed3970292faa1b0926be852e9e41caf6
2023-03-30 03:33:55,False,3.449e-05,1.105e-08,268690.0,0.0296,0xa7...4450,https://bscscan.com/tx/0xfb8468200523a7b22d36718d56644c73ed3970292faa1b0926be852e9e41caf6
2023-03-30 03:32:49,True,3.481e-05,1.11e-08,12606481.0,1.4,0x78...39b8,https://bscscan.com/tx/0xa46a99de2112ca0c10db5c3edb73d886d291191b1efeee2eacf942f82cea6a1c
2023-03-30 03:32:43,True,3.477e-05,1.109e-08,85647151.0,9.5,0xcd...9c77,https://bscscan.com/tx/0xefea1e3c0ecfd18a9cb1b2222e61c6fc4e48c62b3be7602d6ef54c0461da9919
2023-03-30 03:31:37,False,3.456e-05,1.102e-08,1257246.0,0.1386,0x7b...0eff,https://bscscan.com/tx/0x55d3862ea0ad65ca65ee5f9241efd92d75944204dfbbd6930476af9226a46074
2023-03-30 03:31:37,False,3.456e-05,1.102e-08,8234.53,9.078e-05,0x7b...0eff,https://bscscan.com/tx/0x55d3862ea0ad65ca65ee5f9241efd92d75944204dfbbd6930476af9226a46074
2023-03-30 03:27:22,False,3.439e-05,1.102e-08,3040675.0,0.3352,0x26...0d8c,https://bscscan.com/tx/0xeba1a743895be7f2c83c3d8707f6ab5650a2e6712e18697bb89ee4361d2f8432
2023-03-30 03:27:22,False,3.439e-05,1.102e-08,38283.9,0.0042,0x26...0d8c,https://bscscan.com/tx/0xeba1a743895be7f2c83c3d8707f6ab5650a2e6712e18697bb89ee4361d2f8432
2023-03-30 03:26:01,False,3.457e-05,1.102e-08,14136686.0,1.55901,0x72...f1ca,https://bscscan.com/tx/0x405e5513aa05f58577cbcbc908baff727f844c2afaab99a53acf82d244622bf5
2023-03-30 03:26:01,False,3.458e-05,1.103e-08,37536.7,0.0041,0x72...f1ca,https://bscscan.com/tx/0x405e5513aa05f58577cbcbc908baff727f844c2afaab99a53acf82d244622bf5
2023-03-30 03:22:52,True,3.469e-05,1.108e-08,180418.0,0.02,0x9b...5767,https://bscscan.com/tx/0x7834bc80f7ded80d8168cbf542dc5fb2d0d5b9bd870925263ff0f29d37d6878b
2023-03-30 03:20:40,True,3.465e-05,1.108e-08,2878523.0,0.319,0xd8...24de,https://bscscan.com/tx/0xc46e23a80d31a755428a5eb4f3f7b37ea0d5b3630c9dc0d53f9e5689eb4f7072
2023-03-30 03:19:22,True,3.447e-05,1.108e-08,308864.0,0.0342,0xf8...a18f,https://bscscan.com/tx/0x8de541149aed64e534a4dffe842b639e357429f1648e3ca06aca8fdfcba7db0a
2023-03-30 03:18:46,True,3.447e-05,1.108e-08,202010.0,0.0223,0xb5...33a1,https://bscscan.com/tx/0xb6e0547ce72aae56ab50e2bcb10f47fcd7fdb235cc58cd2017a22ddfce6e5516
2023-03-30 03:16:34,True,3.465e-05,1.108e-08,327091.0,0.0362,0x94...09c8,https://bscscan.com/tx/0xe39f804b974e849ef60fc77daa7b05ec9706df91965ae641d344db20c6bcb2ef
2023-03-30 03:15:55,False,3.431e-05,1.103e-08,9975541.0,1.10034,0x3d...4dd5,https://bscscan.com/tx/0x654d12969233684c050eb1eb55ada0b0d28948937ed339e1b692eaf8e3650a1e
2023-03-30 03:15:55,False,3.431e-05,1.103e-08,3225.43,3.558e-05,0x3d...4dd5,https://bscscan.com/tx/0x654d12969233684c050eb1eb55ada0b0d28948937ed339e1b692eaf8e3650a1e
2023-03-30 03:14:46,False,3.449e-05,1.103e-08,1191020.0,0.1313,0x5d...e62e,https://bscscan.com/tx/0x5c9ed2942358193a0f8c4ecec67753b3779432fadd8ab133357b4b6e7f60fe1e
2023-03-30 03:14:46,False,3.449e-05,1.103e-08,59951.5,0.0066,0x5d...e62e,https://bscscan.com/tx/0x5c9ed2942358193a0f8c4ecec67753b3779432fadd8ab133357b4b6e7f60fe1e
2023-03-30 03:13:04,True,3.468e-05,1.108e-08,783263.0,0.0868,0x94...09c8,https://bscscan.com/tx/0x002e348162de7ba0af199d78a77c65f42c20508d666ce16ca706631839fd84ad
2023-03-30 03:12:19,True,3.45e-05,1.108e-08,15817025.0,1.75332,0x47...278e,https://bscscan.com/tx/0x1f845d178b6be4990d6d343929e6e6b35c15ccd7dd87bcf6de786e702c326b3b
2023-03-30 03:12:13,False,3.432e-05,1.102e-08,5587145.0,0.6161,0x11...cb63,https://bscscan.com/tx/0xcc33ed2c5be7d910cf9c35985a8839a64c870fde51c2a787412dc8c6b822915f
2023-03-30 03:12:13,False,3.433e-05,1.102e-08,8199.44,9.043e-05,0x11...cb63,https://bscscan.com/tx/0xcc33ed2c5be7d910cf9c35985a8839a64c870fde51c2a787412dc8c6b822915f
2023-03-30 03:12:01,True,3.45e-05,1.108e-08,36827.8,0.004,0x94...09c8,https://bscscan.com/tx/0x11d0bb0b317dc71eff456cfb2d88c6241ea835a60e89c26ecc2bfa71af3c256d
2023-03-30 03:09:16,False,3.451e-05,1.102e-08,2991000.0,0.3298,0xde...d752,https://bscscan.com/tx/0xd80d956b9ce1ba91291af335a77bae2f8e2a83056f16ff6565b01037824705f5
2023-03-30 03:09:16,False,3.451e-05,1.102e-08,13500.0,0.0014,0xde...d752,https://bscscan.com/tx/0xd80d956b9ce1ba91291af335a77bae2f8e2a83056f16ff6565b01037824705f5
2023-03-30 02:58:16,False,3.434e-05,1.103e-08,4985000.0,0.5498,0xe3...5aaa,https://bscscan.com/tx/0xc4d2f2151ef6ff0fafd4c0e836512bf5ff8597f3fe4a567dd7cc2e044ccc724a
2023-03-30 02:58:16,False,3.434e-05,1.103e-08,44897.6,0.0049,0xe3...5aaa,https://bscscan.com/tx/0xc4d2f2151ef6ff0fafd4c0e836512bf5ff8597f3fe4a567dd7cc2e044ccc724a
2023-03-30 02:57:01,True,3.469e-05,1.108e-08,12469233.0,1.3822,0x45...e5e5,https://bscscan.com/tx/0xbd34cb5c91dfc0637be10839efc8deffa08c79019e8ab4c2f67253b1262e5171
2023-03-30 02:46:46,True,3.47e-05,1.108e-08,1148492.0,0.1272,0xea...b46a,https://bscscan.com/tx/0xacad1ee5972fd357c19ed96afdf12777f8330e2bc1d405cd87144476d7ce3b00
2023-03-30 02:45:37,False,3.47e-05,1.102e-08,1075519.0,0.1186,0x84...dc69,https://bscscan.com/tx/0x8ad88454c5d895ac517925a732746d6817ba8ab03f08c6ff1601341fac5ee0c9
2023-03-30 02:45:37,False,3.47e-05,1.102e-08,670.032,7.388e-06,0x84...dc69,https://bscscan.com/tx/0x8ad88454c5d895ac517925a732746d6817ba8ab03f08c6ff1601341fac5ee0c9
2023-03-30 02:44:58,False,3.452e-05,1.102e-08,247415.0,0.0272,0x47...7682,https://bscscan.com/tx/0xee25c414ab35a57b83ea79d9c9417a93c981f45d914b307a782836a8c2921ddb
2023-03-30 02:44:58,False,3.452e-05,1.102e-08,13500.0,0.0014,0x47...7682,https://bscscan.com/tx/0xee25c414ab35a57b83ea79d9c9417a93c981f45d914b307a782836a8c2921ddb
2023-03-30 02:44:01,False,3.469e-05,1.102e-08,4985000.0,0.5497,0xe3...5aaa,https://bscscan.com/tx/0xd1c9fb9bb48fd975dbcceb85f7cdde99d67e9718f13cc777a9d29932719554e9
2023-03-30 02:44:01,False,3.469e-05,1.102e-08,1282.5,1.414e-05,0xe3...5aaa,https://bscscan.com/tx/0xd1c9fb9bb48fd975dbcceb85f7cdde99d67e9718f13cc777a9d29932719554e9
2023-03-30 02:43:49,True,3.469e-05,1.108e-08,100000.0,0.011,0x78...89e1,https://bscscan.com/tx/0x42bb062039c8f2ce21cd63a51305d02fb2cbe5361bd35b02c63cc3ff288db7ed
2023-03-30 02:41:52,False,3.469e-05,1.102e-08,373875.0,0.0412,0x14...4c02,https://bscscan.com/tx/0xd6490040162dc0b80a4b08861af567c89d5824c8234b76281716b6e0c8bfbfbb
2023-03-30 02:41:52,False,3.469e-05,1.102e-08,523639.0,0.0577,0x14...4c02,https://bscscan.com/tx/0xd6490040162dc0b80a4b08861af567c89d5824c8234b76281716b6e0c8bfbfbb
2023-03-30 02:41:13,True,3.482e-05,1.107e-08,105269013.0,11.6538,0x16...460d,https://bscscan.com/tx/0x17a2a6790b7152f57f728c9b1fad23fe431b1adcc8ed48b513d3f6a571d30c56
2023-03-30 02:40:40,True,3.476e-05,1.105e-08,30090880.0,3.3257,0x20...946b,https://bscscan.com/tx/0x5baa37401e15e3a9c8f2310e9f1aea3c0e0b965db2fe01ad833601ccfba96760
2023-03-30 02:38:58,True,3.458e-05,1.104e-08,30090888.0,3.32326,0x20...946b,https://bscscan.com/tx/0x6945b7fcf5dfd7020a2ad9c95c555b490327d9d5f83e425123b7a88150ffe6cd
2023-03-30 02:37:28,False,3.458e-05,1.098e-08,28403960.0,3.12122,0xc0...1f4f,https://bscscan.com/tx/0xf250d40e5a154d15ec833ef0df65c632893afbeb54d7a82596e5867a363f8a65
2023-03-30 02:37:28,False,3.459e-05,1.099e-08,65753.6,0.0072,0xc0...1f4f,https://bscscan.com/tx/0xf250d40e5a154d15ec833ef0df65c632893afbeb54d7a82596e5867a363f8a65
2023-03-30 02:37:22,True,3.476e-05,1.104e-08,658100.0,0.0727,0xbb...a93f,https://bscscan.com/tx/0x256da56f6f436b3eeb3a906ba522b5d8ffe4b9cfe0c2fd298a17999f2155f794
2023-03-30 02:36:25,True,3.475e-05,1.104e-08,9330540.0,1.03067,0x20...946b,https://bscscan.com/tx/0x59ccb8f1730dd7deeae7bfba5ea3bfcf426b89c4067ce0955369088586f6543b
2023-03-30 02:34:43,True,3.474e-05,1.104e-08,4527808.0,0.5,0xc2...1d47,https://bscscan.com/tx/0xb04b082a402e4d1764e8145a3f046243274f2009562630754c37090f42645e96
2023-03-30 02:32:37,False,3.457e-05,1.098e-08,3992654.0,0.4387,0x20...2be0,https://bscscan.com/tx/0xe4df2d06a90a15290c247ffda7f48802c30cb7941d97fc6bb3cb9d6abcc20252
2023-03-30 02:32:37,False,3.457e-05,1.098e-08,13500.0,0.0014,0x20...2be0,https://bscscan.com/tx/0xe4df2d06a90a15290c247ffda7f48802c30cb7941d97fc6bb3cb9d6abcc20252
2023-03-30 02:30:55,False,3.457e-05,1.099e-08,4985000.0,0.5478,0xe3...5aaa,https://bscscan.com/tx/0xc37850014cb74b3bc95919bf799c12dbcd65ddba0b9e2032ce173318d5060fd1
2023-03-30 02:30:55,False,3.457e-05,1.099e-08,171587.0,0.0188,0xe3...5aaa,https://bscscan.com/tx/0xc37850014cb74b3bc95919bf799c12dbcd65ddba0b9e2032ce173318d5060fd1
2023-03-30 02:29:16,True,3.473e-05,1.104e-08,43196315.0,4.76904,0x78...39b8,https://bscscan.com/tx/0x1eb1347e8406ed84af21723ddfca720b01611b3d839fd5417061daa59efd38bf
2023-03-30 02:24:19,True,3.47e-05,1.103e-08,291002.0,0.0321,0x55...c547,https://bscscan.com/tx/0xd4821f3508e66ccd14ef3cb9a8ee113c56ae9d8128c9c1bcd13c59c3c0e4b18c
2023-03-30 02:24:13,True,3.47e-05,1.103e-08,63437.6,0.007,0xee...51ac,https://bscscan.com/tx/0xce98279cf1c30acfa37bf030b22eb82c8e470ba8dba7a6fe03828e7a46bcf34a
2023-03-30 02:22:37,False,3.454e-05,1.098e-08,19940000.0,2.18982,0x78...39b8,https://bscscan.com/tx/0xdb1f3d04365c06f38c999fa6fbaf548f67cb95cff5d938241fb4ede1501dff6a
2023-03-30 02:22:37,False,3.454e-05,1.098e-08,310648.0,0.0341,0x78...39b8,https://bscscan.com/tx/0xdb1f3d04365c06f38c999fa6fbaf548f67cb95cff5d938241fb4ede1501dff6a
2023-03-30 02:22:31,True,3.454e-05,1.103e-08,2966459.0,0.3274,0x8e...ef5a,https://bscscan.com/tx/0x2c06b18658c6674476cc9311353f7dca3631afd7aff55bd1411af7759ff01b12
2023-03-30 02:22:22,True,3.454e-05,1.103e-08,4529601.0,0.5,0x65...6975,https://bscscan.com/tx/0xd0755ba23af2cff9a6f899b50c4f346c001be4b5b23528e7a6bac2b8dea041aa
2023-03-30 02:21:55,True,3.471e-05,1.103e-08,503400.0,0.0555,0xcb...b35d,https://bscscan.com/tx/0xd40d869a2b3ad970dc9a539ba6d0925f88a697b6dc9981afda6ab945b4d3bea8
2023-03-30 02:20:43,True,3.469e-05,1.103e-08,46147839.0,5.09081,0xfe...5ad3,https://bscscan.com/tx/0x20ea2178f6f571da3d5b65041c3a70bec060db0254f9cb62baf203529e670098
2023-03-30 02:20:10,True,3.448e-05,1.102e-08,30090912.0,3.3164,0x20...946b,https://bscscan.com/tx/0x3d38c6280cb231b0e37163687575d82bf3c0ad2fd97375af8a69fed537bee31c
2023-03-30 02:19:07,True,3.463e-05,1.101e-08,30090920.0,3.31396,0x20...946b,https://bscscan.com/tx/0x1cf2f3af5579df32b1fb693b7d7b2be60319446092742396b0c71cca0b3f0dc5
2023-03-30 02:18:28,False,3.445e-05,1.095e-08,584634.0,0.064,0xef...bdce,https://bscscan.com/tx/0xa1af37a8ea7b6f90684a41746d22c121727cd0859a142d0e45f30aa4a7cd49e4
2023-03-30 02:18:28,False,3.445e-05,1.095e-08,153911.0,0.0168,0xef...bdce,https://bscscan.com/tx/0xa1af37a8ea7b6f90684a41746d22c121727cd0859a142d0e45f30aa4a7cd49e4
2023-03-30 02:18:10,True,3.461e-05,1.1e-08,18044450.0,1.98613,0x20...946b,https://bscscan.com/tx/0xf314f0afaf5690aebcb5451ae2e9789c16fa89cc1c7107a80cabe7aa76879080
2023-03-30 02:18:07,True,3.459e-05,1.1e-08,28959801.0,3.18574,0xc1...f4fe,https://bscscan.com/tx/0x59432403678a9f1e8f425faaba4762ffda12de37f301bf3bc56f57a547216274
2023-03-30 02:16:58,False,3.424e-05,1.094e-08,9970000.0,1.09103,0x78...39b8,https://bscscan.com/tx/0x33938a7a13237027d91d7621044967d0af220fb1180189e0e6d176a5d60cf78d
2023-03-30 02:16:58,False,3.424e-05,1.094e-08,15910.8,0.0017,0x78...39b8,https://bscscan.com/tx/0x33938a7a13237027d91d7621044967d0af220fb1180189e0e6d176a5d60cf78d
2023-03-30 02:16:13,True,3.459e-05,1.099e-08,5592903.0,0.6151,0xd8...23cb,https://bscscan.com/tx/0x74ca4236994dbd3918be269014186ce200e8a6b1f77375a0a40a4970c0c329be
2023-03-30 02:16:10,False,3.441e-05,1.094e-08,299100.0,0.0327,0xc8...d05b,https://bscscan.com/tx/0x90f9cb2b0ed57cb0bfc69dddb88418966d169a585bb80327b99ea1fd5985884c
2023-03-30 02:16:10,False,3.441e-05,1.094e-08,19955.3,0.0021,0xc8...d05b,https://bscscan.com/tx/0x90f9cb2b0ed57cb0bfc69dddb88418966d169a585bb80327b99ea1fd5985884c
2023-03-30 02:15:43,True,3.459e-05,1.099e-08,30000.0,0.0033,0xde...2c76,https://bscscan.com/tx/0x9b4697a55688fe9324c34acae90accdaa7f20a3157c847691b4f7a50729e6208
2023-03-30 02:15:34,True,3.441e-05,1.099e-08,2842380.0,0.3125,0xcf...496d,https://bscscan.com/tx/0xffb36ee3406852b4f2fd516ed771615f74a10beb80ac393e5d1edc4b1f967ba7
2023-03-30 02:15:22,False,3.424e-05,1.094e-08,7338752.0,0.8031,0xf3...93ba,https://bscscan.com/tx/0x603408af5757ec8b7ef3e04f0daa60d67de61752f5e63a7f9879a370a5448406
2023-03-30 02:15:22,False,3.425e-05,1.094e-08,10398.3,0.0011,0xf3...93ba,https://bscscan.com/tx/0x603408af5757ec8b7ef3e04f0daa60d67de61752f5e63a7f9879a370a5448406
2023-03-30 02:13:22,False,3.425e-05,1.094e-08,3839670.0,0.4202,0x28...bda2,https://bscscan.com/tx/0xda0213336b33a532bd6fe1089d91a26b8eb6fd48f7591808fa26ed5129b0cae6
2023-03-30 02:13:22,False,3.425e-05,1.094e-08,3608.56,3.949e-05,0x28...bda2,https://bscscan.com/tx/0xda0213336b33a532bd6fe1089d91a26b8eb6fd48f7591808fa26ed5129b0cae6
2023-03-30 02:12:37,True,3.459e-05,1.1e-08,736590.0,0.081,0x8a...8d6b,https://bscscan.com/tx/0xce822889143e50e8ed8b49aa827355df7fcd3f0a16ae88e24ae2ae290bfaf745
2023-03-30 02:11:25,False,3.442e-05,1.094e-08,598115.0,0.0654,0xdd...0236,https://bscscan.com/tx/0xf051bb60c8163cc36a9885033a4cf01f175a439f1b579a84b047dfefba96b339
2023-03-30 02:11:25,False,3.442e-05,1.094e-08,54000.0,0.0059,0xdd...0236,https://bscscan.com/tx/0xf051bb60c8163cc36a9885033a4cf01f175a439f1b579a84b047dfefba96b339
2023-03-30 02:10:40,False,3.443e-05,1.094e-08,19940000.0,2.18301,0x78...39b8,https://bscscan.com/tx/0x636fb7a33d4a314c64c6a3fbbdb3a0b1601804c4e05b72cfc654ee6276e4f55a
2023-03-30 02:10:40,False,3.444e-05,1.095e-08,195858.0,0.0214,0x78...39b8,https://bscscan.com/tx/0x636fb7a33d4a314c64c6a3fbbdb3a0b1601804c4e05b72cfc654ee6276e4f55a
2023-03-30 02:07:40,True,3.461e-05,1.1e-08,162481.0,0.0178,0xee...51ac,https://bscscan.com/tx/0x7b7a66b8573889f31841e63eb9060b781f1f540e357e7dd17d0687706a0a53e0
2023-03-30 02:04:31,True,3.461e-05,1.1e-08,1850264.0,0.2036,0x54...833b,https://bscscan.com/tx/0x7c24b60799eaadb88827ed26f49a3638c0420520956ac1c7e45aac32a75fc46c
2023-03-30 02:03:58,True,3.442e-05,1.1e-08,30090932.0,3.31029,0x20...946b,https://bscscan.com/tx/0xaf1ca633eec597be185eebfaf99edba6fa30dd7d3b97047e0bcbe2841e34ffcf
2023-03-30 02:03:46,False,3.443e-05,1.094e-08,39816564.0,4.35884,0x54...833b,https://bscscan.com/tx/0x32474613a77608725304e14cc7ccdfa57371264e0260e90570aca112c1205da6
2023-03-30 02:03:46,False,3.444e-05,1.095e-08,183737.0,0.0201,0x54...833b,https://bscscan.com/tx/0x32474613a77608725304e14cc7ccdfa57371264e0260e90570aca112c1205da6
2023-03-30 02:02:49,True,3.46e-05,1.1e-08,30076239.0,3.30947,0x20...946b,https://bscscan.com/tx/0x84da02266a35c656d1c9a066f9186dc39d88b63397e0ff1c3c7fa7696a285dc5
2023-03-30 02:02:49,True,3.458e-05,1.099e-08,28974513.0,3.18594,0xc1...f4fe,https://bscscan.com/tx/0xeb64b7c8580c4f3db96a2efb462d359cc4cd6861070bcc54c3a4f302392eceb8
2023-03-30 02:02:43,False,3.44e-05,1.093e-08,8973000.0,0.9814,0x78...39b8,https://bscscan.com/tx/0x89100bd3455079a1f032ae9bbd92846d665ce10cdad93550207a7ce046b1ab98
2023-03-30 02:02:43,False,3.44e-05,1.093e-08,3853.94,4.215e-05,0x78...39b8,https://bscscan.com/tx/0x89100bd3455079a1f032ae9bbd92846d665ce10cdad93550207a7ce046b1ab98
2023-03-30 02:02:34,False,3.44e-05,1.093e-08,1423105.0,0.1556,0xc2...fb0f,https://bscscan.com/tx/0x420a70acd23d2fa4ad8ea4cf9dbb870af890ee517285a889b7a1942a64032683
2023-03-30 02:02:34,False,3.44e-05,1.093e-08,25601.3,0.0028,0xc2...fb0f,https://bscscan.com/tx/0x420a70acd23d2fa4ad8ea4cf9dbb870af890ee517285a889b7a1942a64032683
2023-03-30 01:54:22,True,3.442e-05,1.1e-08,270340.0,0.0297,0x0d...c91f,https://bscscan.com/tx/0x0d76e788a405d2de4e97cef5cadf70e74115de8e4fd23b15be8cb65081bd1548
2023-03-30 01:53:07,True,3.459e-05,1.099e-08,360456.0,0.0396,0x0d...c91f,https://bscscan.com/tx/0x3e67e4a5a0c79bb12e2f4f6173fb3c8615336fae7747cde72e358cf099631a13
2023-03-30 01:51:07,False,3.44e-05,1.094e-08,5939918.0,0.6498,0x9f...f6be,https://bscscan.com/tx/0xcc280da26a0f6217971e34098b7bb4e09459d1bc76ee82f9077aa5599d6430a2
2023-03-30 01:51:07,False,3.44e-05,1.094e-08,55386.6,0.006,0x9f...f6be,https://bscscan.com/tx/0xcc280da26a0f6217971e34098b7bb4e09459d1bc76ee82f9077aa5599d6430a2
2023-03-30 01:50:40,True,3.457e-05,1.099e-08,461510.0,0.0507,0x26...22c9,https://bscscan.com/tx/0x84763d2831fd482de9853b7d9409f988dd4c8e6d66250627eda1e300cdddfdb7
2023-03-30 01:50:16,False,3.443e-05,1.094e-08,19991899.0,2.18784,0x69...fc0d,https://bscscan.com/tx/0xc92dd560adccb4a1aa76c1b95862030ed8b985653b9b1965bc96827c812c0159
2023-03-30 01:50:16,False,3.443e-05,1.094e-08,13500.0,0.0014,0x69...fc0d,https://bscscan.com/tx/0xc92dd560adccb4a1aa76c1b95862030ed8b985653b9b1965bc96827c812c0159
2023-03-30 01:49:25,False,3.442e-05,1.094e-08,4985000.0,0.5457,0xe3...5aaa,https://bscscan.com/tx/0xda43c1345cd1c8fffbd822a639642a460f91ff10260f275c4dc9c9c965ff5434
2023-03-30 01:49:25,False,3.442e-05,1.094e-08,1243.89,1.361e-05,0xe3...5aaa,https://bscscan.com/tx/0xda43c1345cd1c8fffbd822a639642a460f91ff10260f275c4dc9c9c965ff5434
2023-03-30 01:48:34,True,3.459e-05,1.1e-08,200000.0,0.022,0x20...f960,https://bscscan.com/tx/0x715f60afd4f31e3ee147fadfda0e1a487791b07fb3387eed7d02d30e98b092f7
2023-03-30 01:44:52,False,3.442e-05,1.094e-08,259918.0,0.0284,0x6f...7c24,https://bscscan.com/tx/0xe467be8e59da8186ec8b2117c734d7954d40c0520232440789afbac8b26509d0
2023-03-30 01:44:52,False,3.442e-05,1.094e-08,72309.1,0.0079,0x6f...7c24,https://bscscan.com/tx/0xe467be8e59da8186ec8b2117c734d7954d40c0520232440789afbac8b26509d0
2023-03-30 01:44:22,True,3.441e-05,1.099e-08,26365876.0,2.9,0x78...39b8,https://bscscan.com/tx/0xe77dc4d3ce841331c8e67c7103bbbe6ae4a63e50a4807e1ccee832f0d6415b83
2023-03-30 01:41:40,False,3.422e-05,1.094e-08,414040.0,0.0453,0x87...d3dd,https://bscscan.com/tx/0x9b93bb094b82599ca6249443a2cceda85a89b0a5985c4be6b85aa759275fc921
2023-03-30 01:41:40,False,3.422e-05,1.094e-08,2296.82,2.512e-05,0x87...d3dd,https://bscscan.com/tx/0x9b93bb094b82599ca6249443a2cceda85a89b0a5985c4be6b85aa759275fc921
2023-03-30 01:40:46,False,3.44e-05,1.094e-08,848122.0,0.0927,0xee...2a46,https://bscscan.com/tx/0x7b0940519574ca7a73a75a4cf43850988d00290b9b67c13c6dcb64d0aa0a2ca3
2023-03-30 01:40:46,False,3.44e-05,1.094e-08,1520.28,1.663e-05,0xee...2a46,https://bscscan.com/tx/0x7b0940519574ca7a73a75a4cf43850988d00290b9b67c13c6dcb64d0aa0a2ca3
2023-03-30 01:40:34,False,3.423e-05,1.094e-08,561376.0,0.0614,0x51...3905,https://bscscan.com/tx/0xdc6ed35c37bc5922f27313550daaf822bca8729830080520b4c91a89330d406f
2023-03-30 01:40:34,False,3.423e-05,1.094e-08,6260.98,6.85e-05,0x51...3905,https://bscscan.com/tx/0xdc6ed35c37bc5922f27313550daaf822bca8729830080520b4c91a89330d406f
2023-03-30 01:38:58,True,3.44e-05,1.099e-08,909430.0,0.1,0xb8...1a29,https://bscscan.com/tx/0x4d2ba4a1725b62673e26444008a4610d904d0770575edebec1fe7d62dbd34be7
2023-03-30 01:38:49,True,3.457e-05,1.099e-08,909450.0,0.1,0xa5...58ed,https://bscscan.com/tx/0xeb2fd232db1fc17eec02cf7a6b64bc8973fd2742758ad4eae1d90b4f7db1c999
2023-03-30 01:38:07,False,3.422e-05,1.094e-08,498500.0,0.0545,0x4f...ba15,https://bscscan.com/tx/0x1f369951143f209d9d544c643604f7d8a032d73d3f454dbbcc7bdb76aed74dd8
2023-03-30 01:38:07,False,3.422e-05,1.094e-08,17500.6,0.0019,0x4f...ba15,https://bscscan.com/tx/0x1f369951143f209d9d544c643604f7d8a032d73d3f454dbbcc7bdb76aed74dd8
2023-03-30 01:38:07,False,3.423e-05,1.094e-08,6462261.0,0.707,0x00...e4a5,https://bscscan.com/tx/0x371fec053527646e3238556792c1f5415eb54f052652bb753b4d2ffaac790eed
2023-03-30 01:38:07,False,3.423e-05,1.094e-08,35956.4,0.0039,0x00...e4a5,https://bscscan.com/tx/0x371fec053527646e3238556792c1f5415eb54f052652bb753b4d2ffaac790eed
2023-03-30 01:29:07,True,3.458e-05,1.1e-08,447788.0,0.0492,0x0d...c91f,https://bscscan.com/tx/0x7804ae87c64448d74dfb3db3b2e3caeb7d8c13526e9c03a78b963e4f0f970745
2023-03-30 01:25:16,False,3.422e-05,1.094e-08,12830782.0,1.40421,0x78...31f0,https://bscscan.com/tx/0x3235f0d86d00299d751fb4f8cb30c9207bf1cae336b5910347c453e4b2bc449c
2023-03-30 01:25:16,False,3.423e-05,1.094e-08,383627.0,0.0419,0x78...31f0,https://bscscan.com/tx/0x3235f0d86d00299d751fb4f8cb30c9207bf1cae336b5910347c453e4b2bc449c
2023-03-30 01:23:46,True,3.44e-05,1.1e-08,362539.0,0.0398,0x5f...57e0,https://bscscan.com/tx/0x45f61cc971cce72637ddf79ca2cf9caa698ef0690858d090a43ac9925e1b2416
2023-03-30 01:18:43,True,3.455e-05,1.099e-08,52302652.0,5.75,0x78...39b8,https://bscscan.com/tx/0x74d23867d4878e90655dc2e5d01864a856fbd982c0c312ceb4c3c799e3f59536
2023-03-30 01:16:43,True,3.454e-05,1.099e-08,11661.2,0.0012,0x3d...2a11,https://bscscan.com/tx/0xc389ba014a04bf374b572fdd250eb8b19802d37a79a3a719ac52b0117c0a09fa
2023-03-30 01:16:25,True,3.435e-05,1.098e-08,543433.0,0.0597,0xbc...bc12,https://bscscan.com/tx/0xdb2e7d783bd36dec5ae2b71ed964f83849e0b71b45199dc81bb1bb35ba4b8e7e
2023-03-30 01:14:25,True,3.435e-05,1.098e-08,13002420.0,1.42829,0x00...e4a5,https://bscscan.com/tx/0x011a98f65474ed2d8b35f785b4fcd372c3ff76d12b14390532cb00905d6fb6ea
2023-03-30 01:10:07,False,3.437e-05,1.093e-08,75633716.0,8.27304,0x8e...abca,https://bscscan.com/tx/0xc6d313712250e293f75825d2696f0f6d084cf497bd83e18068de9f9cb8cfa343
2023-03-30 01:10:07,False,3.441e-05,1.094e-08,5175.66,5.666e-05,0x8e...abca,https://bscscan.com/tx/0xc6d313712250e293f75825d2696f0f6d084cf497bd83e18068de9f9cb8cfa343
2023-03-30 01:09:16,True,3.441e-05,1.1e-08,90881.9,0.01,0x40...32b3,https://bscscan.com/tx/0x6bf9f632f61226e4621ee61d00493c967b722df967081654439da1c6d7fb1c99
2023-03-30 01:06:49,True,3.457e-05,1.1e-08,555334.0,0.0611,0x37...86e3,https://bscscan.com/tx/0x1fa257d4c8fcd51c3e0957a43de962b21a9bc1b36beef30d1968b794e4f26c8a
2023-03-30 01:02:04,False,3.423e-05,1.094e-08,1266882.0,0.1387,0x60...a254,https://bscscan.com/tx/0x96984205733974b8e43394fd10767cf74fb7b1e8bec6ab4dd34f30acd0261845
2023-03-30 01:02:04,False,3.423e-05,1.094e-08,8933.45,9.78e-05,0x60...a254,https://bscscan.com/tx/0x96984205733974b8e43394fd10767cf74fb7b1e8bec6ab4dd34f30acd0261845
2023-03-30 00:59:43,True,3.457e-05,1.1e-08,303030.0,0.0333,0x92...3db4,https://bscscan.com/tx/0x0b58e4d7da55e6f5429b6dcbae004c468fa43bef13166ff43939845c2d1bd300
2023-03-30 00:56:47,False,3.423e-05,1.094e-08,1456697.0,0.1594,0x8a...7fa7,https://bscscan.com/tx/0x16456e4ad97ee72458a92b31b174fb15156df0ef8187b279dc442ce95a53a0a7
2023-03-30 00:56:47,False,3.423e-05,1.094e-08,27488.4,0.003,0x8a...7fa7,https://bscscan.com/tx/0x16456e4ad97ee72458a92b31b174fb15156df0ef8187b279dc442ce95a53a0a7
2023-03-30 00:55:46,True,3.44e-05,1.1e-08,10035665.0,1.10417,0x3d...4dd5,https://bscscan.com/tx/0xc290bd046d1646329229765ae34157a4e28e4a79ff01a576679debbbaa7c635f
2023-03-30 00:55:40,True,3.431e-05,1.097e-08,0.0569,6.262e-10,0x9b...a9f7,https://bscscan.com/tx/0x85a35ceeca27d1ee2152108d6c1da65945aea6ce72e89bb5327fb9304b1e6bbd
2023-03-30 00:53:34,False,3.421e-05,1.094e-08,144790.0,0.0158,0x8a...7fa7,https://bscscan.com/tx/0x4da976c82ac604c98fae9a6b2cadce29a27c317fac0637bb07458e7d802b4ac4
2023-03-30 00:53:34,False,3.421e-05,1.094e-08,18046.1,0.0019,0x8a...7fa7,https://bscscan.com/tx/0x4da976c82ac604c98fae9a6b2cadce29a27c317fac0637bb07458e7d802b4ac4
2023-03-30 00:49:58,True,3.455e-05,1.1e-08,6111853.0,0.6723,0x0e...c8eb,https://bscscan.com/tx/0xb491cbdae59d53d675b6134d2f6e95febe66fb482b09db78629b7f8277d5c0f7
2023-03-30 00:47:46,False,3.421e-05,1.094e-08,570190.0,0.0624,0x2d...5fb4,https://bscscan.com/tx/0xa2761b879e7550441af31947aa0e306cac1dd3597eb6647a553cb37d81e75814
2023-03-30 00:47:46,False,3.421e-05,1.094e-08,24184.7,0.0026,0x2d...5fb4,https://bscscan.com/tx/0xa2761b879e7550441af31947aa0e306cac1dd3597eb6647a553cb37d81e75814
2023-03-30 00:44:31,True,3.438e-05,1.099e-08,8328378.0,0.916,0x42...a001,https://bscscan.com/tx/0x6cd4f8fb39e14df0bc871ddc2c436cd24589544f158e7c6473a69ab3e1c4aba9
2023-03-30 00:39:34,True,3.457e-05,1.099e-08,105965.0,0.0116,0xe8...5741,https://bscscan.com/tx/0xe41c0cf662182b167024f8dd03a5f2063c8b503eaf96b21c960bd96e05ddb15f
2023-03-30 00:38:43,True,3.439e-05,1.099e-08,30000.0,0.0033,0x2d...6222,https://bscscan.com/tx/0x46b6c3f8b085c7598edd9426916c74b62c3a30b6d2a49974c1e84dd990163015
2023-03-30 00:37:55,True,3.457e-05,1.099e-08,259.224,2.85e-06,0x9b...a9f7,https://bscscan.com/tx/0xb40eb9b421eb4cf0bfebd7cdc0ecc5d0a776437d8b88d6e69e784c2c46ba9b02
2023-03-30 00:36:37,True,3.439e-05,1.099e-08,45167.4,0.0049,0x9b...a9f7,https://bscscan.com/tx/0x6177b6a380fa9fdb664e29abbae165091d034a225ca8c4e0c88ef49945045d8d
2023-03-30 00:26:10,False,3.44e-05,1.094e-08,446174.0,0.0488,0xbe...a6ab,https://bscscan.com/tx/0xb426ad2ef585a1f7c797fd749e638926e77bb235d3459f36ea8e16bee5a48a8b
2023-03-30 00:26:10,False,3.44e-05,1.094e-08,54811.5,0.006,0xbe...a6ab,https://bscscan.com/tx/0xb426ad2ef585a1f7c797fd749e638926e77bb235d3459f36ea8e16bee5a48a8b
2023-03-30 00:25:13,True,3.438e-05,1.099e-08,63650.8,0.007,0xb5...fb41,https://bscscan.com/tx/0x4ec8bc5dba4f13d3ed8a360d1953a09468cbace2c48cf0ff8e547424eab40da4
2023-03-30 00:24:25,True,3.456e-05,1.099e-08,2583.97,2.841e-05,0x20...dd3c,https://bscscan.com/tx/0x838c42b432565f42df182d8c06810fdfd60532ce1f8d337ffbe78ac923ce3108
2023-03-30 00:23:31,True,3.456e-05,1.099e-08,234322.0,0.0257,0xb5...fb41,https://bscscan.com/tx/0x817a3c31d6c63ea39cf2315f39e8ee9a0b4a21e360cbac2d09274ff25438da1d
2023-03-30 00:17:55,False,3.422e-05,1.094e-08,19940000.0,2.18247,0x78...39b8,https://bscscan.com/tx/0x082a1b89a2c4211faec27ff62922c120b30c6f5889af479bc52ff294bd963355
2023-03-30 00:17:55,False,3.423e-05,1.094e-08,8519.32,9.326e-05,0x78...39b8,https://bscscan.com/tx/0x082a1b89a2c4211faec27ff62922c120b30c6f5889af479bc52ff294bd963355
2023-03-30 00:17:07,True,3.44e-05,1.1e-08,1454205.0,0.16,0x0d...103f,https://bscscan.com/tx/0x8598d2838b54a8b526bd8bffff04aa0e6d9c6af7ab1b1a8179c89fbbcad6d308
2023-03-30 00:15:55,True,3.44e-05,1.1e-08,63355.1,0.0069,0x81...bb0f,https://bscscan.com/tx/0x5d5350a6788e8ac2657156dae33ba8f17b2c74f66416a9a86cab72999f91d1df
2023-03-30 00:15:40,True,3.44e-05,1.1e-08,500000.0,0.055,0x51...3125,https://bscscan.com/tx/0xd338349c74881f1353b0aa9596d3e7fbcf73ab767b518aff9b357ff9e741fb35
2023-03-30 00:12:01,False,3.423e-05,1.094e-08,1134331.0,0.1241,0x63...3af2,https://bscscan.com/tx/0x713ff9018ada4b6fbcbb6bc77130eb263414c8c370a071e368fb6cfdd6f1a322
2023-03-30 00:12:01,False,3.423e-05,1.094e-08,1697.34,1.858e-05,0x63...3af2,https://bscscan.com/tx/0x713ff9018ada4b6fbcbb6bc77130eb263414c8c370a071e368fb6cfdd6f1a322
2023-03-30 00:11:31,False,3.44e-05,1.094e-08,626760.0,0.0686,0xf8...ebec,https://bscscan.com/tx/0xde52fccba827d591e9ef2e49497ef2fb0e77d9e0cdeb9546b3011a1f447f57cb
2023-03-30 00:11:31,False,3.44e-05,1.094e-08,27000.0,0.0029,0xf8...ebec,https://bscscan.com/tx/0xde52fccba827d591e9ef2e49497ef2fb0e77d9e0cdeb9546b3011a1f447f57cb
2023-03-30 00:10:52,False,3.423e-05,1.094e-08,9970000.0,1.09162,0x78...39b8,https://bscscan.com/tx/0x66ba98455f3050125936c102cff216a51f9878ef2cfdaebd332ceeec1c93f488
2023-03-30 00:10:52,False,3.424e-05,1.095e-08,11809.9,0.0012,0x78...39b8,https://bscscan.com/tx/0x66ba98455f3050125936c102cff216a51f9878ef2cfdaebd332ceeec1c93f488
2023-03-30 00:10:37,True,3.441e-05,1.1e-08,558546.0,0.0614,0x4d...0bed,https://bscscan.com/tx/0xa6d81b9fa7ccb18ced372a77a94cced2fc3ca4225504316eac93bf5b50603acd
2023-03-30 00:08:49,True,3.441e-05,1.1e-08,2180839.0,0.24,0x47...7cfc,https://bscscan.com/tx/0xcba42d5491390953653c11856e51498cb88e1f6e34ba14fec81b8df6c4426c2e
2023-03-30 00:05:19,False,3.424e-05,1.094e-08,1629736.0,0.1784,0x3d...4dd5,https://bscscan.com/tx/0xf268ebce0b3fe76d65b16703273ab0dc0bc6ad0ea75c0339959db740ac77464f
2023-03-30 00:05:19,False,3.424e-05,1.095e-08,2565.0,2.808e-05,0x3d...4dd5,https://bscscan.com/tx/0xf268ebce0b3fe76d65b16703273ab0dc0bc6ad0ea75c0339959db740ac77464f
2023-03-30 00:02:46,False,3.432e-05,1.095e-08,947150.0,0.1037,0xa3...8f0f,https://bscscan.com/tx/0x1fdea3560bdfb825f9db2c3bf9bffcb3d4fa1b8643b88172da31e0670a84b77c
2023-03-30 00:02:46,False,3.432e-05,1.095e-08,81121.0,0.0088,0xa3...8f0f,https://bscscan.com/tx/0x1fdea3560bdfb825f9db2c3bf9bffcb3d4fa1b8643b88172da31e0670a84b77c
2023-03-30 00:01:19,True,3.476e-05,1.1e-08,300000.0,0.033,0x45...8859,https://bscscan.com/tx/0x6cce7075205c020d4d60e8e403c89120961f43b68a3af26bfcbeb7072968a8c8
2023-03-29 23:59:52,True,3.475e-05,1.1e-08,2092260.0,0.2302,0x79...df78,https://bscscan.com/tx/0x70d0f48eaf883ef5b6fcfdee937cf3b5dc296e1db1dd484578b007a1fde66862
2023-03-29 23:58:01,False,3.443e-05,1.095e-08,27569584.0,3.01982,0xe5...86d9,https://bscscan.com/tx/0x78e12fe523c0726f635e036e6afe6e5bd83dcfb5d38d1a7ae9133c7cce07e974
2023-03-29 23:58:01,False,3.444e-05,1.095e-08,51479.6,0.0056,0xe5...86d9,https://bscscan.com/tx/0x78e12fe523c0726f635e036e6afe6e5bd83dcfb5d38d1a7ae9133c7cce07e974
2023-03-29 23:57:43,False,3.462e-05,1.095e-08,19009320.0,2.08336,0xdc...72e0,https://bscscan.com/tx/0x2660d542653724fbec67a614082219cf1e265dff74d7ed990b76c07c2bdd967b
2023-03-29 23:57:43,False,3.463e-05,1.096e-08,27000.0,0.0029,0xdc...72e0,https://bscscan.com/tx/0x2660d542653724fbec67a614082219cf1e265dff74d7ed990b76c07c2bdd967b
2023-03-29 23:57:04,False,3.446e-05,1.096e-08,9970000.0,1.09307,0x78...39b8,https://bscscan.com/tx/0xe251caeefd1cbff05e57368e09e1df1c5ccd88b9be3b015049a60089e9009ed5
2023-03-29 23:57:04,False,3.446e-05,1.096e-08,17285.5,0.0019,0x78...39b8,https://bscscan.com/tx/0xe251caeefd1cbff05e57368e09e1df1c5ccd88b9be3b015049a60089e9009ed5
2023-03-29 23:55:58,True,3.464e-05,1.101e-08,492604.0,0.0542,0x4b...fb84,https://bscscan.com/tx/0xb99c912036d03576ea725cab3222ac7be085f53a439444a6045dfdbb2609b017
2023-03-29 23:54:16,False,3.447e-05,1.096e-08,5891689.0,0.646,0x9c...4d36,https://bscscan.com/tx/0x64a8ef5f250199bc3104afc070240ba759a30a1a81bada457c4d3fdd65df651b
2023-03-29 23:54:16,False,3.447e-05,1.096e-08,3356.31,3.68e-05,0x9c...4d36,https://bscscan.com/tx/0x64a8ef5f250199bc3104afc070240ba759a30a1a81bada457c4d3fdd65df651b
2023-03-29 23:53:16,False,3.447e-05,1.096e-08,1239347.0,0.1359,0xd5...b18d,https://bscscan.com/tx/0x568e85ee687779510211ddf70ed373386a7335f05e15e9edef71a4754e7cbaa9
2023-03-29 23:53:16,False,3.447e-05,1.096e-08,1576.06,1.728e-05,0xd5...b18d,https://bscscan.com/tx/0x568e85ee687779510211ddf70ed373386a7335f05e15e9edef71a4754e7cbaa9
2023-03-29 23:53:04,True,3.465e-05,1.102e-08,291658.0,0.0321,0x80...3b39,https://bscscan.com/tx/0x69659835d087776d5b20aebe5d1a15c7cf11c90b3f9b0a8f7be42996450f987d
2023-03-29 23:52:01,False,3.447e-05,1.096e-08,291190.0,0.0319,0x26...3e5d,https://bscscan.com/tx/0xc83bd96d5e414b7ce3970e6f5101348e64a5dd8ebe118c24ac7326486eff27b2
2023-03-29 23:52:01,False,3.447e-05,1.096e-08,29782.9,0.0032,0x26...3e5d,https://bscscan.com/tx/0xc83bd96d5e414b7ce3970e6f5101348e64a5dd8ebe118c24ac7326486eff27b2
2023-03-29 23:50:46,True,3.482e-05,1.102e-08,1030696.0,0.1136,0x4e...d1b0,https://bscscan.com/tx/0x184a4fe434e7b8b576812da1d7d000005270bf053124bf561ba837b62752badc
2023-03-29 23:50:01,False,3.465e-05,1.096e-08,9970000.0,1.09348,0x78...39b8,https://bscscan.com/tx/0x68e6d4c9fa149f4ddc803f953cbd3b8f6fd1939fec930458c116673661e9ac68
2023-03-29 23:50:01,False,3.465e-05,1.096e-08,3451.13,3.785e-05,0x78...39b8,https://bscscan.com/tx/0x68e6d4c9fa149f4ddc803f953cbd3b8f6fd1939fec930458c116673661e9ac68
2023-03-29 23:48:07,False,3.466e-05,1.096e-08,775862.0,0.0851,0xf1...fd34,https://bscscan.com/tx/0xed0a7f92af130b6c4c76ef2f9fe491e6d92c8bbafbca514768cb3e906810df2e
2023-03-29 23:48:07,False,3.466e-05,1.096e-08,56700.0,0.0062,0xf1...fd34,https://bscscan.com/tx/0xed0a7f92af130b6c4c76ef2f9fe491e6d92c8bbafbca514768cb3e906810df2e
2023-03-29 23:47:16,True,3.466e-05,1.102e-08,1000000.0,0.1102,0xcc...f7f7,https://bscscan.com/tx/0x5510312840c8d1ae64776976e08267a8f6057e3d85affe2058d218e80a1c8127
2023-03-29 23:45:58,False,3.45e-05,1.097e-08,19940000.0,2.18775,0x9f...4ad6,https://bscscan.com/tx/0x68b2eddb4a4c99ee079948baad35a2cff4bce99036f3a8824b63131d48c05d2a
2023-03-29 23:45:58,False,3.451e-05,1.097e-08,521.852,5.726e-06,0x9f...4ad6,https://bscscan.com/tx/0x68b2eddb4a4c99ee079948baad35a2cff4bce99036f3a8824b63131d48c05d2a
2023-03-29 23:45:55,False,3.469e-05,1.097e-08,192699.0,0.0211,0xd7...7728,https://bscscan.com/tx/0xcc0659767a3b49d6a98b130dab26a7161d00e9da608aaaaefc72ee5a247c5d88
2023-03-29 23:45:55,False,3.469e-05,1.097e-08,16675.9,0.0018,0xd7...7728,https://bscscan.com/tx/0xcc0659767a3b49d6a98b130dab26a7161d00e9da608aaaaefc72ee5a247c5d88
2023-03-29 23:41:16,False,3.473e-05,1.097e-08,1994660.0,0.2189,0xde...5231,https://bscscan.com/tx/0xe9c2fc7818dd109eb4af432fd70d009abd1d0a5270bac1481a958e731510fbba
2023-03-29 23:41:16,False,3.473e-05,1.097e-08,12085.3,0.0013,0xde...5231,https://bscscan.com/tx/0xe9c2fc7818dd109eb4af432fd70d009abd1d0a5270bac1481a958e731510fbba
2023-03-29 23:40:19,False,3.472e-05,1.097e-08,4462600.0,0.4897,0x93...7a96,https://bscscan.com/tx/0x0e8c93f0046c18b46905d5c2d03ffe62df56a36d74d3df73e52a65efee572df1
2023-03-29 23:40:19,False,3.472e-05,1.097e-08,870.233,9.551e-06,0x93...7a96,https://bscscan.com/tx/0x0e8c93f0046c18b46905d5c2d03ffe62df56a36d74d3df73e52a65efee572df1
2023-03-29 23:39:01,True,3.472e-05,1.103e-08,114585.0,0.0126,0x45...eae6,https://bscscan.com/tx/0x9b2c73df0049f3eb4d8b7abe6a57dab9f3eef90864fb0208b4af85a73a7993b3
2023-03-29 23:38:37,False,3.455e-05,1.097e-08,207100.0,0.0227,0x35...0c93,https://bscscan.com/tx/0x68388c5e546f4b833de090d80fc2a75ffd038b654983b9c84958bd66e71b2479
2023-03-29 23:38:37,False,3.455e-05,1.097e-08,5008.22,5.497e-05,0x35...0c93,https://bscscan.com/tx/0x68388c5e546f4b833de090d80fc2a75ffd038b654983b9c84958bd66e71b2479
2023-03-29 23:33:19,False,3.455e-05,1.097e-08,1849330.0,0.2029,0x45...bedb,https://bscscan.com/tx/0x259b244c5d8cdfd52fcde03cf3d08ddb6643c3b6bf7b4554f4b33bff9e0c913c
2023-03-29 23:33:19,False,3.455e-05,1.097e-08,102090.0,0.0112,0x45...bedb,https://bscscan.com/tx/0x259b244c5d8cdfd52fcde03cf3d08ddb6643c3b6bf7b4554f4b33bff9e0c913c
2023-03-29 23:30:31,False,3.474e-05,1.098e-08,37697731.0,4.13986,0x6c...c354,https://bscscan.com/tx/0x6bf0310fd8fbc5cb4109e6c0a41e148ae1ecde73e3feee75ccd18dad9b55174c
2023-03-29 23:30:31,False,3.475e-05,1.098e-08,19055.7,0.002,0x6c...c354,https://bscscan.com/tx/0x6bf0310fd8fbc5cb4109e6c0a41e148ae1ecde73e3feee75ccd18dad9b55174c
2023-03-29 23:29:10,True,3.493e-05,1.104e-08,1000000.0,0.1104,0x9f...f188,https://bscscan.com/tx/0x430bf7dfd2f41a28cb290d37475b1efae1cd5e362fed4eaacfaded2d51293442
2023-03-29 23:23:55,True,3.493e-05,1.104e-08,452833.0,0.05,0x0d...ec7d,https://bscscan.com/tx/0xd8093c19625ebed268ef41d0ade11d3716fd1d1acfd17db543fd49cbdc10a9d6
2023-03-29 23:23:07,True,3.493e-05,1.104e-08,407554.0,0.045,0x43...f867,https://bscscan.com/tx/0x60742c45d9f9327649ed54af497e93dd6bd75730a7634855a8aa56850b6bc24b
2023-03-29 23:22:46,True,3.493e-05,1.104e-08,197294.0,0.0217,0x65...2f26,https://bscscan.com/tx/0x2e72c8833b19cbd8c093e2db5afdeac70489bd974c1fa3aec1c0fe9ab1515406
2023-03-29 23:22:13,False,3.476e-05,1.098e-08,4985000.0,0.5477,0xab...5648,https://bscscan.com/tx/0xe5de31591e654e70dadab60d298be5d6bb747a77332f923400fca450bf93c59b
2023-03-29 23:22:13,False,3.476e-05,1.098e-08,24229.8,0.0026,0xab...5648,https://bscscan.com/tx/0xe5de31591e654e70dadab60d298be5d6bb747a77332f923400fca450bf93c59b
2023-03-29 23:21:34,True,3.495e-05,1.104e-08,1500303.0,0.1657,0x0b...d6b0,https://bscscan.com/tx/0x46bb4693c03a247f74ebf0e482acb5198f0d1d3ebce9d620401c9d9ae539d22f
2023-03-29 23:21:28,False,3.476e-05,1.098e-08,7451279.0,0.8187,0x98...4326,https://bscscan.com/tx/0xb7cf7813e0085e1e935df193e091d475de0a34a92ab786b7988e6a75b217e5eb
2023-03-29 23:21:28,False,3.477e-05,1.098e-08,5400.0,5.934e-05,0x98...4326,https://bscscan.com/tx/0xb7cf7813e0085e1e935df193e091d475de0a34a92ab786b7988e6a75b217e5eb
2023-03-29 23:20:25,False,3.477e-05,1.098e-08,1994000.0,0.2191,0xc3...7f84,https://bscscan.com/tx/0x05097c4f17511f6c16b73f16c74a1128e3636d4a4b6ac30167637321ea658678
2023-03-29 23:20:25,False,3.477e-05,1.098e-08,3157.29,3.469e-05,0xc3...7f84,https://bscscan.com/tx/0x05097c4f17511f6c16b73f16c74a1128e3636d4a4b6ac30167637321ea658678
2023-03-29 23:18:13,True,3.494e-05,1.104e-08,134783.0,0.0148,0xd4...f05f,https://bscscan.com/tx/0x8a241cccb4ae7a8636dabaed323f0d180dc518c584350f73fb8d95e63cdff4dc
2023-03-29 23:16:55,False,3.478e-05,1.098e-08,1031480.0,0.1133,0x35...e39a,https://bscscan.com/tx/0x5a0b2545218933d7a3ddfd7846296a99b49c15c7a44af576535a6583441b499f
2023-03-29 23:16:55,False,3.478e-05,1.098e-08,109173.0,0.012,0x35...e39a,https://bscscan.com/tx/0x5a0b2545218933d7a3ddfd7846296a99b49c15c7a44af576535a6583441b499f
2023-03-29 23:14:46,True,3.496e-05,1.104e-08,25856426.0,2.85497,0x74...b3ff,https://bscscan.com/tx/0x758f08f944dd58ba16dee2468b14cee15f4a2e0e5fc84d72a7c623d44a37a55c
2023-03-29 23:13:01,True,3.497e-05,1.104e-08,4577873.0,0.5055,0xe2...4638,https://bscscan.com/tx/0xe9ba3e0890854617543e890c4c380f9898b0df25a01b70a192d6e909376ad3ef
2023-03-29 23:10:40,False,3.461e-05,1.098e-08,9970000.0,1.09502,0x78...39b8,https://bscscan.com/tx/0x46fbf538c8e99cc0b07fa7296c550f61d5a392d5f7c3cf3542107a359dfaa196
2023-03-29 23:10:40,False,3.461e-05,1.098e-08,13528.9,0.0014,0x78...39b8,https://bscscan.com/tx/0x46fbf538c8e99cc0b07fa7296c550f61d5a392d5f7c3cf3542107a359dfaa196
2023-03-29 23:09:40,False,3.461e-05,1.098e-08,4995681.0,0.5487,0xef...ab30,https://bscscan.com/tx/0x8519f3a7e6ad1ce363a10eca6a61b9596787234f4a167aae0e430e16c3a0723a
2023-03-29 23:09:40,False,3.462e-05,1.098e-08,4158.03,4.567e-05,0xef...ab30,https://bscscan.com/tx/0x8519f3a7e6ad1ce363a10eca6a61b9596787234f4a167aae0e430e16c3a0723a
2023-03-29 23:08:37,False,3.462e-05,1.098e-08,1535391.0,0.1686,0x62...9c6d,https://bscscan.com/tx/0x233e72f2d64ea45bbd72718cbf7bd5f88f22a3c0d9285e7f455690d7181444cf
2023-03-29 23:08:37,False,3.462e-05,1.098e-08,3056.51,3.357e-05,0x62...9c6d,https://bscscan.com/tx/0x233e72f2d64ea45bbd72718cbf7bd5f88f22a3c0d9285e7f455690d7181444cf
2023-03-29 23:08:10,False,3.462e-05,1.098e-08,1128646.0,0.124,0x60...349e,https://bscscan.com/tx/0xb2c736124f847a66574b1d962da778da9d7c1f7f02f5ace8bcac126b84c34e0d
2023-03-29 23:08:10,False,3.462e-05,1.098e-08,31114.6,0.0034,0x60...349e,https://bscscan.com/tx/0xb2c736124f847a66574b1d962da778da9d7c1f7f02f5ace8bcac126b84c34e0d
2023-03-29 23:06:16,True,3.499e-05,1.104e-08,1473921.0,0.1628,0x0b...d6b0,https://bscscan.com/tx/0x8e684a1ffa045ec8786f136442aacfca04cb8b2b1149f862da3c2f3776e3f870
2023-03-29 23:03:55,True,3.5e-05,1.104e-08,50000.0,0.0055,0xa9...5c87,https://bscscan.com/tx/0xaeb4fda4a49ffd96417170d87dda73452e3c7a3a54044c0b6d7ff7d6507b9583
2023-03-29 23:03:10,False,3.466e-05,1.098e-08,9970000.0,1.09545,0x78...39b8,https://bscscan.com/tx/0x05c6dd7f1189fbaed55b40fcaf5f6bbce8dde365765d4deec4b2971a53fd0072
2023-03-29 23:03:10,False,3.466e-05,1.098e-08,29417.9,0.0032,0x78...39b8,https://bscscan.com/tx/0x05c6dd7f1189fbaed55b40fcaf5f6bbce8dde365765d4deec4b2971a53fd0072
2023-03-29 23:00:31,True,3.502e-05,1.104e-08,9401838.0,1.03822,0x1e...dd52,https://bscscan.com/tx/0x336ca6900e0ea242a54488baed7b0e0b1b7618c7e226aaa452bb397c1686880a
2023-03-29 22:59:13,False,3.467e-05,1.098e-08,1489183.0,0.1636,0xaf...260b,https://bscscan.com/tx/0x5d17ca5e811dde29b491b47114695fc8f5d32d0e833d854ff8eede2cb97d4a85
2023-03-29 22:59:13,False,3.467e-05,1.098e-08,169523.0,0.0186,0xaf...260b,https://bscscan.com/tx/0x5d17ca5e811dde29b491b47114695fc8f5d32d0e833d854ff8eede2cb97d4a85
2023-03-29 22:59:01,True,3.5e-05,1.103e-08,41354856.0,4.56404,0x1a...63e6,https://bscscan.com/tx/0x41f49c404d3bc6087a5c40407bcf3be7ad7d06614b0b7bcfde3827e08307a23a
2023-03-29 22:57:46,True,3.499e-05,1.102e-08,11431561.0,1.26081,0xa6...6489,https://bscscan.com/tx/0x672b0b3b0a77c88dbed657bcacafd2dbc9d4a95efb31126e53ad6184a39c8ca9
2023-03-29 22:55:13,False,3.464e-05,1.097e-08,9970000.0,1.0941,0x78...39b8,https://bscscan.com/tx/0x916f903789231f22f753b91dd645629f602916788a858b7b9c5a959a8e5ec0c2
2023-03-29 22:55:13,False,3.464e-05,1.097e-08,12650.9,0.0013,0x78...39b8,https://bscscan.com/tx/0x916f903789231f22f753b91dd645629f602916788a858b7b9c5a959a8e5ec0c2
2023-03-29 22:55:10,False,3.465e-05,1.097e-08,4671476.0,0.5127,0x89...3c0d,https://bscscan.com/tx/0x4ffb88742b519ce770cdd4ec056cc104e255c5f39d7d19406e6c94e874f078d7
2023-03-29 22:55:10,False,3.465e-05,1.097e-08,16248.9,0.0017,0x89...3c0d,https://bscscan.com/tx/0x4ffb88742b519ce770cdd4ec056cc104e255c5f39d7d19406e6c94e874f078d7
2023-03-29 22:54:01,True,3.501e-05,1.103e-08,27830.5,0.003,0x5b...1d58,https://bscscan.com/tx/0xbccb93d72e816ea2f70f89d6806e0c4c9fa43d9e82656c4425551a34eb5691d5
2023-03-29 22:53:52,True,3.501e-05,1.103e-08,5710710.0,0.6299,0x38...cfbd,https://bscscan.com/tx/0xa4dd3a9a67e0f5d3fdfc6dd1ce68eee491ad65c7ec3337552e66c18d1cf96212
2023-03-29 22:52:22,True,3.498e-05,1.103e-08,27579.8,0.003,0xea...d827,https://bscscan.com/tx/0x69f9bcfc1a6c209c815203e0efc437dc27224a4581cc488d979fc40a3a239685
2023-03-29 22:51:55,False,3.481e-05,1.097e-08,251244.0,0.0275,0x62...d099,https://bscscan.com/tx/0x4e928e0c1f503b08a9ad6326c74f7a44d3b382b724d30702078b9425455884e2
2023-03-29 22:51:55,False,3.481e-05,1.097e-08,27974.8,0.003,0x62...d099,https://bscscan.com/tx/0x4e928e0c1f503b08a9ad6326c74f7a44d3b382b724d30702078b9425455884e2
2023-03-29 22:50:46,True,3.479e-05,1.103e-08,361047.0,0.0398,0xea...d827,https://bscscan.com/tx/0x0cb90ac895fae6281cc969e876db01165cc4fdbab7ad46a4721df252d124210c
2023-03-29 22:50:43,False,3.462e-05,1.097e-08,9970000.0,1.09433,0x78...39b8,https://bscscan.com/tx/0x659296cfd5d64623f36efa908b6dc031aad65a462994d52eaefae01f74ccb443
2023-03-29 22:50:43,False,3.463e-05,1.097e-08,13454.7,0.0014,0x78...39b8,https://bscscan.com/tx/0x659296cfd5d64623f36efa908b6dc031aad65a462994d52eaefae01f74ccb443
2023-03-29 22:48:49,False,3.482e-05,1.097e-08,4968266.0,0.5454,0xb2...3ee4,https://bscscan.com/tx/0xd1f06983b771855f5317ddb1ef62f521cb52a0d26320a683a377bfbd439e611c
2023-03-29 22:48:49,False,3.482e-05,1.097e-08,147885.0,0.0162,0xb2...3ee4,https://bscscan.com/tx/0xd1f06983b771855f5317ddb1ef62f521cb52a0d26320a683a377bfbd439e611c
2023-03-29 22:47:22,True,3.482e-05,1.103e-08,2721400.0,0.3002,0x74...93b0,https://bscscan.com/tx/0x163303e6b7ac86ea7c389cc1b3745058c6a401c4409dc3edfc4635151427b7fc
2023-03-29 22:47:10,True,3.502e-05,1.103e-08,89796.6,0.0099,0x52...6069,https://bscscan.com/tx/0x6f543d9db02f179f6459e8c717dd90fa5746fa75f41de4c3b6930cbda226447e
2023-03-29 22:47:07,True,3.498e-05,1.102e-08,37189682.0,4.10138,0x78...39b8,https://bscscan.com/tx/0x10425f517a0f9289ad7b8b301909aa25a7d5d73e7486530087e8db378bc7b349
2023-03-29 22:44:43,True,3.497e-05,1.102e-08,288481.0,0.0318,0xfa...1a1a,https://bscscan.com/tx/0xb72eb0e7ae1a4872a65ead281d13b5b11e2421eb5f5bb99b20649962b6909f3a
2023-03-29 22:38:01,True,3.479e-05,1.102e-08,4482736.0,0.4941,0x3c...f6b0,https://bscscan.com/tx/0x38f51daca9d8d22b0a265139258279b1475e47d8e5367dbbd3f3c18a3865c153
2023-03-29 22:37:13,False,3.462e-05,1.096e-08,9970000.0,1.09354,0x78...39b8,https://bscscan.com/tx/0xf87848e289c4aace37034d992f598d03a42a9c53c0d6d5e57e2609da2ebf8ae4
2023-03-29 22:37:13,False,3.462e-05,1.096e-08,68652.3,0.0075,0x78...39b8,https://bscscan.com/tx/0xf87848e289c4aace37034d992f598d03a42a9c53c0d6d5e57e2609da2ebf8ae4
2023-03-29 22:37:13,False,3.463e-05,1.097e-08,25350484.0,2.78171,0xb9...53c0,https://bscscan.com/tx/0xc5f3758bdd11f12d29addd9dce3b6e7b49daedcf3908d580416e23e89784385b
2023-03-29 22:37:13,False,3.465e-05,1.097e-08,15226.2,0.0016,0xb9...53c0,https://bscscan.com/tx/0xc5f3758bdd11f12d29addd9dce3b6e7b49daedcf3908d580416e23e89784385b
