datetime,buy_order,price_USD,price_native,amount_token,total_native,maker,etherscan_url
2023-04-01 08:26:35,False,3.344e-05,1.061e-08,797610.0,0.0846,0x7a...4beb,https://bscscan.com/tx/0x0878dcd5e64fb74feea1326a63c5637fe80cdc003a5689992e41c77e615f7847
2023-04-01 08:26:35,False,3.344e-05,1.061e-08,134573.0,0.0142,0x7a...4beb,https://bscscan.com/tx/0x0878dcd5e64fb74feea1326a63c5637fe80cdc003a5689992e41c77e615f7847
2023-04-01 08:19:05,True,3.376e-05,1.067e-08,15000.0,0.0016,0x9e...7ce4,https://bscscan.com/tx/0x76a6783dfe816b507a9f5fad5ebe2fb848c0af07b7bcb79509aae7c518def776
2023-04-01 08:18:26,True,3.359e-05,1.067e-08,151830.0,0.0162,0xdc...b8a7,https://bscscan.com/tx/0x09518354769001525e07b2c554cc0d41cdb026d2cd78729ec5e573ab17cbf0d5
2023-04-01 08:16:59,True,3.357e-05,1.066e-08,40531874.0,4.32279,0x5d...62b3,https://bscscan.com/tx/0x445b8795bac5adfd978f0762e83d83870a14a36660bf0ce9736ad11ef1591205
2023-04-01 08:16:32,False,3.356e-05,1.06e-08,4757744.0,0.5046,0xa9...bdd8,https://bscscan.com/tx/0x20301fce77486c86aec6d86f40a773f46ccc6b89b8a09f0637f22d232adc48d7
2023-04-01 08:16:32,False,3.356e-05,1.06e-08,150846.0,0.016,0xa9...bdd8,https://bscscan.com/tx/0x20301fce77486c86aec6d86f40a773f46ccc6b89b8a09f0637f22d232adc48d7
2023-04-01 08:12:44,True,3.356e-05,1.066e-08,4307921.0,0.4592,0xbf...d12b,https://bscscan.com/tx/0x81162230b76340f001005a40cf002111c14eecb52fb0d7d0a9bbe868477434b6
2023-04-01 08:05:50,True,3.358e-05,1.065e-08,1172611.0,0.125,0x6a...5905,https://bscscan.com/tx/0x8a3b4f3d3725c375306007b637b775e32ad6fabd90d4216cd94bf7e8e631e096
2023-04-01 08:04:29,True,3.375e-05,1.065e-08,38000.0,0.004,0xf5...a77a,https://bscscan.com/tx/0x0e07d4901b775dc1bed30a3652f47af56fe77b22a466e5295944b85fc6f7ab2c
2023-04-01 08:03:35,True,3.359e-05,1.065e-08,182930.0,0.0195,0xc0...45a4,https://bscscan.com/tx/0xb3a56f4cafe55b6a66013bbe2775b7ecf7ff0e0c1d9a7fecc05a87df28644017
2023-04-01 08:01:56,True,3.376e-05,1.065e-08,40924.4,0.0043,0x8d...8897,https://bscscan.com/tx/0x917dee205743dc69beae2b6956b518e5d4c6d84db3e536f16709d26e0b0e632c
2023-04-01 08:01:17,False,3.344e-05,1.061e-08,49701543.0,5.27476,0x2f...1778,https://bscscan.com/tx/0x4017bb95c79aeed40934b21ad8f27d91558e7608a8e506d5a1ff368e65d056a3
2023-04-01 08:01:17,False,3.346e-05,1.061e-08,10895.3,0.0011,0x2f...1778,https://bscscan.com/tx/0x4017bb95c79aeed40934b21ad8f27d91558e7608a8e506d5a1ff368e65d056a3
2023-04-01 07:59:38,True,3.38e-05,1.067e-08,562200.0,0.06,0x07...5951,https://bscscan.com/tx/0x1fd69ac7fe47051b1788e99871f4b6e30530b067ea7775abcc6b5c7bacbc1ca5
2023-04-01 07:57:35,True,3.38e-05,1.067e-08,1421622.0,0.1517,0xbd...b66b,https://bscscan.com/tx/0x5ff558ac51c2d1f2350b07594a12b1373ee07b92fdbad944598b17b1ea7fe758
2023-04-01 07:52:29,False,3.362e-05,1.061e-08,1738416.0,0.1846,0x0d...3c33,https://bscscan.com/tx/0x22cc66e324acfcbe509735beb9761d9b00986326619a2dcc52dfcf4f4b5e3e73
2023-04-01 07:52:29,False,3.362e-05,1.061e-08,2022.68,2.147e-05,0x0d...3c33,https://bscscan.com/tx/0x22cc66e324acfcbe509735beb9761d9b00986326619a2dcc52dfcf4f4b5e3e73
2023-04-01 07:50:20,True,3.379e-05,1.067e-08,281099.0,0.03,0xba...b699,https://bscscan.com/tx/0x0976259710ee393a129ea51db3e12a94fafb664c32ff0219ffebf4718f65e040
2023-04-01 07:40:49,False,3.363e-05,1.061e-08,466637.0,0.0495,0x15...0eb4,https://bscscan.com/tx/0xbed1d4362f53c698b4dd5b97f38816d02c742a005dde197bbbef4590b8b15c5f
2023-04-01 07:40:49,False,3.363e-05,1.061e-08,18300.8,0.0019,0x15...0eb4,https://bscscan.com/tx/0xbed1d4362f53c698b4dd5b97f38816d02c742a005dde197bbbef4590b8b15c5f
2023-04-01 07:39:31,True,3.379e-05,1.067e-08,1200000.0,0.128,0x23...a6ec,https://bscscan.com/tx/0xa48559fc08708e335cc10c80f439a56b3501ec181ebc7cb6360ea030798d0abe
2023-04-01 07:36:33,True,3.363e-05,1.067e-08,299847.0,0.032,0xdc...56f5,https://bscscan.com/tx/0x35bc17d1ec639b8f6538fe9adbaf93698b84a0ecbc7b42e65511ca89c7e5f708
2023-04-01 07:36:15,True,3.379e-05,1.067e-08,387305.0,0.0413,0x74...2fe1,https://bscscan.com/tx/0xdb5656ddad4e4bd05ba2a6a8f3325e3460198d09f0757fa5f13e3612581953f3
2023-04-01 07:33:39,False,3.362e-05,1.061e-08,1038807.0,0.1103,0x36...ea39,https://bscscan.com/tx/0x88b7e7d9b0568a9b4944beffebb8b6381511d2d0fd7e273cfbf89aa3110542bc
2023-04-01 07:33:39,False,3.362e-05,1.061e-08,21600.0,0.0022,0x36...ea39,https://bscscan.com/tx/0x88b7e7d9b0568a9b4944beffebb8b6381511d2d0fd7e273cfbf89aa3110542bc
2023-04-01 07:30:03,True,3.379e-05,1.067e-08,1000000.0,0.1067,0xbe...1239,https://bscscan.com/tx/0x83e90bcf7584ffbd10675fe4e417e89d834a150c80583913fb4aadb2724c0bba
2023-04-01 07:30:00,False,3.346e-05,1.061e-08,6979000.0,0.7411,0x29...e057,https://bscscan.com/tx/0x6eb62fdf54bcb971bde77a356a89c0c6506192d3fc72e1372f8be95e47966ea4
2023-04-01 07:30:00,False,3.346e-05,1.062e-08,8465.84,8.991e-05,0x29...e057,https://bscscan.com/tx/0x6eb62fdf54bcb971bde77a356a89c0c6506192d3fc72e1372f8be95e47966ea4
2023-04-01 07:29:42,True,3.38e-05,1.067e-08,1434059.0,0.153,0xf6...60fb,https://bscscan.com/tx/0x21d082f815325f1f74bbbd466d71083afb7854d150dd2e2aa0999d306b4bab5d
2023-04-01 07:25:30,True,3.363e-05,1.067e-08,1201437.0,0.1282,0x03...8502,https://bscscan.com/tx/0x10dcb483d7103de9297a297208a38685548a761f4e647cfc6f32b15b95ca295e
2023-04-01 07:24:24,False,3.363e-05,1.061e-08,498500.0,0.0529,0xe2...8b2d,https://bscscan.com/tx/0x2b640e37bcbeff4c5a002e60697d023f0025878460f0c704b014fa1e533f10f2
2023-04-01 07:24:24,False,3.363e-05,1.061e-08,480.484,5.102e-06,0xe2...8b2d,https://bscscan.com/tx/0x2b640e37bcbeff4c5a002e60697d023f0025878460f0c704b014fa1e533f10f2
2023-04-01 07:20:06,False,3.363e-05,1.061e-08,177423.0,0.0188,0x0e...4adf,https://bscscan.com/tx/0x0b99f5730a5e1c9254da607b17cc1b28e5cd4e37d90c56a4de81c9dc93eb554a
2023-04-01 07:20:06,False,3.363e-05,1.061e-08,9531.0,0.001,0x0e...4adf,https://bscscan.com/tx/0x0b99f5730a5e1c9254da607b17cc1b28e5cd4e37d90c56a4de81c9dc93eb554a
2023-04-01 07:19:00,True,3.38e-05,1.067e-08,30000.0,0.0032,0x23...a6ec,https://bscscan.com/tx/0xbacc189d4f7ddc5a13d99a9dd62798db2baf3004b58b79443ea0b4a54e43268e
2023-04-01 07:17:57,True,3.38e-05,1.067e-08,2200000.0,0.2348,0x23...a6ec,https://bscscan.com/tx/0x6ca20c79eb3e6e238c4f7a17c2ea39bc157f8f756a1e53e9d72da73d6cfdd690
2023-04-01 07:17:51,False,3.363e-05,1.061e-08,1296100.0,0.1376,0x93...f57c,https://bscscan.com/tx/0x65912b50b8d29534072ae9b73a1e19ad4f693c0f20b04909a36d7739e0df0032
2023-04-01 07:17:51,False,3.363e-05,1.061e-08,23051.7,0.0024,0x93...f57c,https://bscscan.com/tx/0x65912b50b8d29534072ae9b73a1e19ad4f693c0f20b04909a36d7739e0df0032
2023-04-01 07:16:15,True,3.363e-05,1.067e-08,4367.51,4.661e-05,0x07...1b86,https://bscscan.com/tx/0x6d69985ff01a84b103f1b72818e4b770701a75522ef903d3ac485f8e59173782
2023-04-01 07:14:06,True,3.364e-05,1.067e-08,1533317.0,0.1636,0xdc...a6f0,https://bscscan.com/tx/0xd9ff14f3aa6d707aaf5ea77eae9911ef7f49891c12bea2d7de0de0dacb7b7bbd
2023-04-01 07:13:54,True,3.363e-05,1.067e-08,5000000.0,0.5336,0x18...4f97,https://bscscan.com/tx/0x562aee727c4a8d13e507ce202c32f8b3ef2be3c4c52c4782759a9c26dfa308ac
2023-04-01 07:12:15,False,3.347e-05,1.061e-08,1994000.0,0.2117,0x05...9574,https://bscscan.com/tx/0x1c3908853412243f31e3e798900bf41548620b3b8397753ab05d6e3168435070
2023-04-01 07:12:15,False,3.347e-05,1.061e-08,34193.3,0.0036,0x05...9574,https://bscscan.com/tx/0x1c3908853412243f31e3e798900bf41548620b3b8397753ab05d6e3168435070
2023-04-01 07:10:45,True,3.363e-05,1.067e-08,9564209.0,1.02056,0x65...2765,https://bscscan.com/tx/0x27f0aed075ae8fd7e494939e89314f3629d8f58687c479318e57ae46bdc56832
2023-04-01 07:10:30,True,3.38e-05,1.066e-08,2181202.0,0.2327,0xc5...6025,https://bscscan.com/tx/0x17bf661b8a5aa0b740ff1ddba1c4069cc6c06014645be15b4b8fc6b3a0037a28
2023-04-01 07:08:18,True,3.363e-05,1.066e-08,66098.6,0.007,0x10...cba2,https://bscscan.com/tx/0x632e569f2151bd160c9f8d60b94a001914588585638360cfe66ccb99bd1bc0ea
2023-04-01 07:06:27,True,3.362e-05,1.066e-08,90000.0,0.0096,0xbe...72fb,https://bscscan.com/tx/0x4f0ed78d1318bc796cbca6353938a8c835231d37219226572b12226f5253fdd0
2023-04-01 07:02:15,False,3.361e-05,1.061e-08,760378.0,0.0807,0xf8...4dd5,https://bscscan.com/tx/0x8d2f9882d4a83c935f5e4cfff74afc1a9af4f99600b4dcfd96d4d6034512701c
2023-04-01 07:02:15,False,3.361e-05,1.061e-08,29987.2,0.0031,0xf8...4dd5,https://bscscan.com/tx/0x8d2f9882d4a83c935f5e4cfff74afc1a9af4f99600b4dcfd96d4d6034512701c
2023-04-01 07:00:39,True,3.377e-05,1.066e-08,1993633.0,0.2127,0xa9...2a74,https://bscscan.com/tx/0xbf0dc4d2844beafc29fd7afd9725499c5d7b7a45980122605e5832e9fd7e9043
2023-04-01 07:00:33,True,3.377e-05,1.066e-08,3093325.0,0.33,0x53...0042,https://bscscan.com/tx/0x44e529c137af35940b493b2b05e8ead03c69c994c61705265d8ee0b7af74bc4e
2023-04-01 06:59:15,False,3.359e-05,1.061e-08,6001364.0,0.637,0x3b...324e,https://bscscan.com/tx/0x262d706934dbc15eda3c9c87fb443c36c44e2b92750ae197251c18c2f9327f83
2023-04-01 06:59:15,False,3.36e-05,1.061e-08,38506.5,0.004,0x3b...324e,https://bscscan.com/tx/0x262d706934dbc15eda3c9c87fb443c36c44e2b92750ae197251c18c2f9327f83
2023-04-01 06:54:24,True,3.375e-05,1.066e-08,13751118.0,1.4669,0x77...0008,https://bscscan.com/tx/0x1a9dc569856dcd19460b4b00de63ce5b2070bbce371c76b536e462794f727074
2023-04-01 06:52:54,False,3.357e-05,1.061e-08,509021.0,0.054,0xb8...7fac,https://bscscan.com/tx/0xc491bdf6cbfc024fec97a93328f0f915e52ddf55d690d06bc1cf9b33a5f26f3a
2023-04-01 06:52:54,False,3.358e-05,1.061e-08,5011.59,5.318e-05,0xb8...7fac,https://bscscan.com/tx/0xc491bdf6cbfc024fec97a93328f0f915e52ddf55d690d06bc1cf9b33a5f26f3a
2023-04-01 06:47:47,True,3.372e-05,1.066e-08,18751.4,0.002,0x40...0c82,https://bscscan.com/tx/0xd53aa3bee4f074eff8369d0540d090a6e1846bd0f7595547f7d76f077ce9b025
2023-04-01 06:46:37,False,3.355e-05,1.061e-08,1831882.0,0.1944,0xaf...4a56,https://bscscan.com/tx/0x4529f473447429051747ef1963ddc7cd4c40c47295ca375889ce1fea000e3cf9
2023-04-01 06:46:37,False,3.355e-05,1.061e-08,4600.11,4.882e-05,0xaf...4a56,https://bscscan.com/tx/0x4529f473447429051747ef1963ddc7cd4c40c47295ca375889ce1fea000e3cf9
2023-04-01 06:43:20,False,3.355e-05,1.061e-08,1698633.0,0.1802,0xa8...92b9,https://bscscan.com/tx/0x3580f2c601fea966fe5595a8531ce3824f71c1c80331203d3c3330dab6caf9ce
2023-04-01 06:43:20,False,3.355e-05,1.061e-08,32849.6,0.0034,0xa8...92b9,https://bscscan.com/tx/0x3580f2c601fea966fe5595a8531ce3824f71c1c80331203d3c3330dab6caf9ce
2023-04-01 06:42:13,True,3.372e-05,1.066e-08,1000000.0,0.1066,0x40...0c82,https://bscscan.com/tx/0x10b11b5107651b18b5f5d12bfd7e69f3f8443620f27d9e9c7569dd046f779878
2023-04-01 06:39:57,True,3.355e-05,1.066e-08,206253.0,0.022,0x45...8cab,https://bscscan.com/tx/0xb6cb10c58ce58d3a2df35c2f8db7acae37649b23c702f7d8675bceb1653f0a03
2023-04-01 06:36:04,True,3.372e-05,1.066e-08,9315258.0,0.9935,0x0b...be03,https://bscscan.com/tx/0x53a913c450861779aca300186becc11ca74e637c820a04b0cb24a26d5791c25a
2023-04-01 06:35:10,False,3.338e-05,1.061e-08,1640065.0,0.174,0xdd...dde1,https://bscscan.com/tx/0xcfa191d65efcd7ab48e36281b3da9cb0700f11ad208360cfff63dd8638c80128
2023-04-01 06:35:10,False,3.338e-05,1.061e-08,8324.94,8.833e-05,0xdd...dde1,https://bscscan.com/tx/0xcfa191d65efcd7ab48e36281b3da9cb0700f11ad208360cfff63dd8638c80128
2023-04-01 06:34:07,False,3.338e-05,1.061e-08,3074062.0,0.3262,0x6b...3688,https://bscscan.com/tx/0x2323d493a07329037056762e6c827d80cb1950cec59803ea2ae96f9b509eb917
2023-04-01 06:34:07,False,3.339e-05,1.061e-08,9517.5,0.001,0x6b...3688,https://bscscan.com/tx/0x2323d493a07329037056762e6c827d80cb1950cec59803ea2ae96f9b509eb917
2023-04-01 06:34:01,False,3.339e-05,1.061e-08,3514425.0,0.3729,0x4d...022d,https://bscscan.com/tx/0x1da4f18c5d205491558d2eb466abd4834dea62204713d1826058186d2c22bea0
2023-04-01 06:34:01,False,3.339e-05,1.061e-08,44073.8,0.0046,0x4d...022d,https://bscscan.com/tx/0x1da4f18c5d205491558d2eb466abd4834dea62204713d1826058186d2c22bea0
2023-04-01 06:32:49,True,3.355e-05,1.066e-08,13319376.0,1.42045,0x22...0b22,https://bscscan.com/tx/0x9873cf15880cfc1a7f7f792e8d9ed538df501349d3ed92b624cd056ac2629c45
2023-04-01 06:31:16,True,3.354e-05,1.066e-08,2446380.0,0.2608,0x0d...0c97,https://bscscan.com/tx/0xf3458f3cec513b35e765ec5f4e06a55e7fb56bf76f541349967d3ddb42d340e8
2023-04-01 06:25:52,False,3.354e-05,1.06e-08,556214.0,0.059,0xa0...2ae4,https://bscscan.com/tx/0xa8d32c48ba9758739c260c27d5bd1b0b0a652a2d38e33c2bab3b2ccbfbdf8442
2023-04-01 06:25:52,False,3.354e-05,1.06e-08,8805.28,9.341e-05,0xa0...2ae4,https://bscscan.com/tx/0xa8d32c48ba9758739c260c27d5bd1b0b0a652a2d38e33c2bab3b2ccbfbdf8442
2023-04-01 06:23:58,True,3.353e-05,1.066e-08,1261213.0,0.1344,0x49...c736,https://bscscan.com/tx/0xe36c9409e8a6ba29cf8eae260bc3b782b0918809baa45c4384e42c82246e2876
2023-04-01 06:21:10,False,3.353e-05,1.06e-08,1994000.0,0.2115,0xae...13e6,https://bscscan.com/tx/0x425b3f48d961156906534cc9682c8e8c17e86ea5d98ac5689005015d61ed42b9
2023-04-01 06:21:10,False,3.353e-05,1.06e-08,4808.85,5.101e-05,0xae...13e6,https://bscscan.com/tx/0x425b3f48d961156906534cc9682c8e8c17e86ea5d98ac5689005015d61ed42b9
2023-04-01 06:19:01,False,3.353e-05,1.06e-08,1775714.0,0.1883,0x7a...e308,https://bscscan.com/tx/0xe85e7f75e6b3ec40ef1303ba9e44ecbd03bb5b4ed6bc0b0bcdc1a0416ed9b90c
2023-04-01 06:19:01,False,3.353e-05,1.06e-08,11310.4,0.0012,0x7a...e308,https://bscscan.com/tx/0xe85e7f75e6b3ec40ef1303ba9e44ecbd03bb5b4ed6bc0b0bcdc1a0416ed9b90c
2023-04-01 06:15:58,True,3.37e-05,1.066e-08,2813571.0,0.3,0x2a...f8b7,https://bscscan.com/tx/0x0b6c705ff3ba664b79e091dc03c60238eac83b0d6b598aab5a00829ef43de13d
2023-04-01 06:00:10,True,3.36e-05,1.066e-08,1059828.0,0.113,0x27...4c1c,https://bscscan.com/tx/0x5d66054cc397477928e55372755443e9c1dd7a6dd73b624371c42c80c1db58bd
2023-04-01 05:59:43,False,3.36e-05,1.06e-08,314682.0,0.0333,0x74...fd76,https://bscscan.com/tx/0x70f6eb600834a31ca26ad0e1b2247572ea1eb3459e528e87a0ab518f9ba60bfc
2023-04-01 05:59:43,False,3.36e-05,1.06e-08,2552.06,2.707e-05,0x74...fd76,https://bscscan.com/tx/0x70f6eb600834a31ca26ad0e1b2247572ea1eb3459e528e87a0ab518f9ba60bfc
2023-04-01 05:55:52,True,3.364e-05,1.066e-08,196000.0,0.0209,0xcc...b22d,https://bscscan.com/tx/0xfdcc920b8df12e7dcada5e6a83767bdf504cce3a3fe3a470baa206051f411218
2023-04-01 05:55:25,False,3.365e-05,1.06e-08,746960.0,0.0792,0xfd...6055,https://bscscan.com/tx/0x43bd033713a024e340c5d890771436ff56de93ad070a536f724216c029c9eb78
2023-04-01 05:55:25,False,3.365e-05,1.06e-08,4371.87,4.638e-05,0xfd...6055,https://bscscan.com/tx/0x43bd033713a024e340c5d890771436ff56de93ad070a536f724216c029c9eb78
2023-04-01 05:53:03,True,3.364e-05,1.066e-08,977121.0,0.1041,0x08...e68f,https://bscscan.com/tx/0x6e58ae6d6f70f9b090806d95b8b1c27b5de20f52e0a908a1eb600af2d6c8c8dd
2023-04-01 05:50:12,True,3.381e-05,1.066e-08,342992.0,0.0365,0xe2...c588,https://bscscan.com/tx/0x4fa7ad6b3529f1a9b44c06404bb7366275c3b9566d4a29b6d094458ec3dd829d
2023-04-01 05:49:00,False,3.364e-05,1.06e-08,298203.0,0.0316,0xf3...51e6,https://bscscan.com/tx/0xdb2b77bc5cdbaf4abf3fc36437e686643941e9b8d86d24eaa8cbdf6a42d85f37
2023-04-01 05:49:00,False,3.364e-05,1.06e-08,57980.6,0.0061,0xf3...51e6,https://bscscan.com/tx/0xdb2b77bc5cdbaf4abf3fc36437e686643941e9b8d86d24eaa8cbdf6a42d85f37
2023-04-01 05:48:30,True,3.364e-05,1.066e-08,1708871.0,0.1822,0xa8...92b9,https://bscscan.com/tx/0x1af91bc1918ab45a3e0e43b57205e76c289d07558d15882e39b5defcfddfbae1
2023-04-01 05:45:30,True,3.364e-05,1.066e-08,2596421.0,0.2768,0x64...870b,https://bscscan.com/tx/0xa7edf8fdeafe95f7406d6560518490e4961445d3ba30e3fb75bf6a690c092639
2023-04-01 05:19:02,True,3.389e-05,1.066e-08,353150.0,0.0376,0x71...5b37,https://bscscan.com/tx/0x137ee95b8f3fcf99bf419d253bf17ec426abae9e2814569961a148f9579be81a
2023-04-01 05:15:23,False,3.372e-05,1.06e-08,13255029.0,1.40625,0x23...4ca7,https://bscscan.com/tx/0x08259a9719650a99b0bc447a08646c3dd4cd033f97babf936c9f97b323953fa5
2023-04-01 05:15:23,False,3.372e-05,1.061e-08,55761.5,0.0059,0x23...4ca7,https://bscscan.com/tx/0x08259a9719650a99b0bc447a08646c3dd4cd033f97babf936c9f97b323953fa5
2023-04-01 05:15:14,False,3.373e-05,1.061e-08,20590449.0,2.18537,0x53...578f,https://bscscan.com/tx/0x9c52110c5e17cdfbb96bc51554d5bbcd962840b8209e907ecadab4bac8972d67
2023-04-01 05:15:14,False,3.374e-05,1.061e-08,30138.3,0.0032,0x53...578f,https://bscscan.com/tx/0x9c52110c5e17cdfbb96bc51554d5bbcd962840b8209e907ecadab4bac8972d67
2023-04-01 05:11:29,True,3.393e-05,1.066e-08,9373620.0,1.0,0xd1...678a,https://bscscan.com/tx/0xa8ca3094246c5086b000662747d2556ad082d9b962cdec9c2a4ef152c7b48580
2023-04-01 05:06:37,True,3.396e-05,1.066e-08,1589317.0,0.1695,0x4c...79ce,https://bscscan.com/tx/0xb58be28f99d95f30e1ea2c9cfbc90ff68988e68b6caa59c27eee2203d9206a83
2023-04-01 05:05:07,False,3.379e-05,1.061e-08,198802.0,0.0211,0x44...8f0c,https://bscscan.com/tx/0xb38637db68211593f0fb31513e9bac71d558ff67ebc792bbe2e1bae7e71a6f2f
2023-04-01 05:05:07,False,3.379e-05,1.061e-08,10440.9,0.0011,0x44...8f0c,https://bscscan.com/tx/0xb38637db68211593f0fb31513e9bac71d558ff67ebc792bbe2e1bae7e71a6f2f
2023-04-01 05:00:44,False,3.378e-05,1.061e-08,3855399.0,0.4092,0xf5...1281,https://bscscan.com/tx/0x42ea90170a56ea52b1c21b486794dfa52c3a35c017bbaf85da0b66df3aa212df
2023-04-01 05:00:44,False,3.378e-05,1.061e-08,142274.0,0.0151,0xf5...1281,https://bscscan.com/tx/0x42ea90170a56ea52b1c21b486794dfa52c3a35c017bbaf85da0b66df3aa212df
2023-04-01 05:00:05,True,3.378e-05,1.066e-08,2562456.0,0.2733,0x4c...79ce,https://bscscan.com/tx/0xbfda865fad9e9175cd84c0ede1a1d32da1a2c10e23ea1c581795fdf4ab72c06d
2023-04-01 04:50:56,True,3.397e-05,1.067e-08,278641.0,0.0297,0x85...4e9a,https://bscscan.com/tx/0xe457ad1a00b385a5fbb48ef096e2e3c8420b1313f2ef45fb7b67273a8a761cae
2023-04-01 04:50:23,False,3.379e-05,1.062e-08,49703580.0,5.27854,0x2e...2e43,https://bscscan.com/tx/0x3549dcaf7900acf2ccbad43e69e63ae198071c1ccfa3b1c1b55b3485706079be
2023-04-01 04:50:23,False,3.381e-05,1.062e-08,101020.0,0.0107,0x2e...2e43,https://bscscan.com/tx/0x3549dcaf7900acf2ccbad43e69e63ae198071c1ccfa3b1c1b55b3485706079be
2023-04-01 04:49:44,False,3.383e-05,1.063e-08,37302566.0,3.96569,0x05...7066,https://bscscan.com/tx/0x0b299e8b57b504189b373afe135f8294fef94751ba618c98f4cf8b4b44727504
2023-04-01 04:49:44,False,3.384e-05,1.063e-08,842.328,8.958e-06,0x05...7066,https://bscscan.com/tx/0x0b299e8b57b504189b373afe135f8294fef94751ba618c98f4cf8b4b44727504
2023-04-01 04:45:47,False,3.384e-05,1.063e-08,311038.0,0.033,0x9d...d0bb,https://bscscan.com/tx/0xce86a7805044375f19eb0a3a649bf852735e2d57a9b661016fd97bb3a89b5f2c
2023-04-01 04:45:47,False,3.384e-05,1.063e-08,2700.0,2.871e-05,0x9d...d0bb,https://bscscan.com/tx/0xce86a7805044375f19eb0a3a649bf852735e2d57a9b661016fd97bb3a89b5f2c
2023-04-01 04:45:26,False,3.367e-05,1.063e-08,997000.0,0.106,0xf7...c2bd,https://bscscan.com/tx/0xa3ffd48edc2e2b091684131c9f02496d8c2b25a5536ac9011c7cc3a05571f1e5
2023-04-01 04:45:26,False,3.367e-05,1.063e-08,14090.7,0.0015,0xf7...c2bd,https://bscscan.com/tx/0xa3ffd48edc2e2b091684131c9f02496d8c2b25a5536ac9011c7cc3a05571f1e5
2023-04-01 04:42:23,True,3.402e-05,1.068e-08,129643.0,0.0138,0x11...9538,https://bscscan.com/tx/0xf578b6ee28e59ed727daf34fc7693bd5e3caf1bda76bfbb76512ff66f6915b73
2023-04-01 04:42:14,False,3.385e-05,1.063e-08,3842864.0,0.4087,0x79...c294,https://bscscan.com/tx/0xa31c999ad88874a845afbfc5c661b7b1e35042a7a1f966feb903638fd4ef732c
2023-04-01 04:42:14,False,3.385e-05,1.063e-08,35174.4,0.0037,0x79...c294,https://bscscan.com/tx/0xa31c999ad88874a845afbfc5c661b7b1e35042a7a1f966feb903638fd4ef732c
2023-04-01 04:40:53,False,3.369e-05,1.063e-08,12390266.0,1.31817,0x05...7066,https://bscscan.com/tx/0x8e57ccee3e3efcce1a0b8e87b1879c12a7b474fb96cde1d9f284421ee06d5b1d
2023-04-01 04:40:53,False,3.37e-05,1.064e-08,25942.8,0.0027,0x05...7066,https://bscscan.com/tx/0x8e57ccee3e3efcce1a0b8e87b1879c12a7b474fb96cde1d9f284421ee06d5b1d
2023-04-01 04:40:32,False,3.37e-05,1.064e-08,9579610.0,1.01942,0x05...7066,https://bscscan.com/tx/0xc55461eecb6b899cbdfdeec3220d96935b1e956c31e8177e501824f94acd8bc9
2023-04-01 04:40:32,False,3.37e-05,1.064e-08,20419.7,0.0021,0x05...7066,https://bscscan.com/tx/0xc55461eecb6b899cbdfdeec3220d96935b1e956c31e8177e501824f94acd8bc9
2023-04-01 04:37:56,True,3.387e-05,1.069e-08,162003.0,0.0173,0xc1...3baa,https://bscscan.com/tx/0xad94c0bea47615419da9e6d16cce52596d4ba672f7e02d1b0f77e0fd1138b611
2023-04-01 04:33:32,True,3.388e-05,1.069e-08,280000.0,0.0299,0x59...dce6,https://bscscan.com/tx/0x454f8fd5ae7dfe58d360028953e83123d94dfac8fc5c6b9c908899625ce72ad5
2023-04-01 04:26:49,True,3.39e-05,1.069e-08,520000.0,0.0556,0xa0...ca11,https://bscscan.com/tx/0xfcd76cf99ac9abf3d397a7021c6845c52b43ce3ef26483e4d12b434b68167052
2023-04-01 04:23:22,True,3.391e-05,1.069e-08,146469.0,0.0156,0x9a...ec7d,https://bscscan.com/tx/0x294667a528b36544b43c6a95ec0c562b96d569c939140ab15d24f9f267c2df67
2023-04-01 04:19:52,False,3.391e-05,1.064e-08,6087955.0,0.6479,0x21...e617,https://bscscan.com/tx/0x7490ca3e906eec723fb9e582f93243878227f542c80ce53e29ada308994dab23
2023-04-01 04:19:52,False,3.391e-05,1.064e-08,9252.21,9.848e-05,0x21...e617,https://bscscan.com/tx/0x7490ca3e906eec723fb9e582f93243878227f542c80ce53e29ada308994dab23
2023-04-01 04:18:55,True,3.392e-05,1.069e-08,1467362.0,0.1569,0x0c...3470,https://bscscan.com/tx/0xb1550949fd639fa37067c94badfaf852aeb4cf120488259d6c1536f39a4ca895
2023-04-01 04:10:05,True,3.408e-05,1.069e-08,1000000.0,0.1069,0xda...2502,https://bscscan.com/tx/0x7b3c51aeb6be1c8a6af9c55e82fe7534d9c716ce8ca19e1e4c204968e1960688
2023-04-01 04:09:08,True,3.408e-05,1.069e-08,373000.0,0.0399,0x23...7fa5,https://bscscan.com/tx/0xf0c8948eaccc7c94ba6517a39b65e8408fa9725fb51134c016a3e3bd50229d42
2023-04-01 04:07:03,False,3.374e-05,1.064e-08,584623.0,0.0622,0xe9...f257,https://bscscan.com/tx/0x26749b682e2d0f952a8433aa0c05bbd2eeb2af0ca84a932bb7cafa583c347c51
2023-04-01 04:07:03,False,3.374e-05,1.064e-08,11386.0,0.0012,0xe9...f257,https://bscscan.com/tx/0x26749b682e2d0f952a8433aa0c05bbd2eeb2af0ca84a932bb7cafa583c347c51
2023-04-01 04:06:33,True,3.392e-05,1.07e-08,740968.0,0.0793,0xdd...3e8a,https://bscscan.com/tx/0xbb738783bd9c5c7abc98cc1f8cfa5dd8261545f3f52201f4777d3b3f81fd08c0
2023-04-01 04:04:04,True,3.386e-05,1.069e-08,1702660.0,0.1821,0x07...5951,https://bscscan.com/tx/0xc5ac812b1002af78dad2f886658d7d13236cf9a0657734c0275ae453c5eb5ece
2023-04-01 04:03:49,True,3.403e-05,1.069e-08,136000.0,0.0145,0xea...57e4,https://bscscan.com/tx/0x2de733d1abf0c0362e3bd41fe79bcf4bfa70b5b68470cd76df41a60597f88ca7
2023-04-01 04:02:45,True,3.403e-05,1.069e-08,102840.0,0.011,0xc0...4454,https://bscscan.com/tx/0xb05b98db73d64c2681a5d8291d0639376ad3201c75eb43b1f76294040bb50e31
2023-04-01 04:02:01,False,3.369e-05,1.064e-08,1529964.0,0.1628,0x76...e379,https://bscscan.com/tx/0x5e9a597ac63edeae255a38725a3a328f6646206b14fb0b54e0185c0120644da6
2023-04-01 04:02:01,False,3.369e-05,1.064e-08,69061.3,0.0073,0x76...e379,https://bscscan.com/tx/0x5e9a597ac63edeae255a38725a3a328f6646206b14fb0b54e0185c0120644da6
2023-04-01 03:57:46,True,3.4e-05,1.069e-08,11927412.0,1.27565,0x17...4e0b,https://bscscan.com/tx/0xfdba2ad6b7a82d5e8bdc288dacb8267ee49948f18c61a8396588e0463da6eae3
2023-04-01 03:57:04,False,3.383e-05,1.064e-08,13609909.0,1.44836,0x05...7dcb,https://bscscan.com/tx/0xa097b0b08112d9a72975a0895f1e8b35f18906fb5803d4cb234bcc935777a884
2023-04-01 03:57:04,False,3.384e-05,1.064e-08,5170.49,5.503e-05,0x05...7dcb,https://bscscan.com/tx/0xa097b0b08112d9a72975a0895f1e8b35f18906fb5803d4cb234bcc935777a884
2023-04-01 03:54:52,False,3.384e-05,1.064e-08,1909251.0,0.2032,0x82...9ea7,https://bscscan.com/tx/0xc1a10e8604f5d7c4879431fe3297a07ff9597f6120d45769be2f79667da6372e
2023-04-01 03:54:52,False,3.384e-05,1.064e-08,4269.35,4.544e-05,0x82...9ea7,https://bscscan.com/tx/0xc1a10e8604f5d7c4879431fe3297a07ff9597f6120d45769be2f79667da6372e
2023-04-01 03:54:49,True,3.401e-05,1.069e-08,1051242.0,0.1124,0xe2...4638,https://bscscan.com/tx/0xe238045de245695dc5579b107c49ca4ac4d1edbfa79deccdb3786b64f0d9c2c9
2023-04-01 03:51:49,False,3.383e-05,1.064e-08,528410.0,0.0562,0xf7...1800,https://bscscan.com/tx/0x7948c55eae09d6ac8aa2fdd249dfdb37f9027d961e4f5fc60752798863218a73
2023-04-01 03:51:49,False,3.383e-05,1.064e-08,1016.06,1.081e-05,0xf7...1800,https://bscscan.com/tx/0x7948c55eae09d6ac8aa2fdd249dfdb37f9027d961e4f5fc60752798863218a73
2023-04-01 03:49:40,False,3.366e-05,1.064e-08,375191.0,0.0399,0x63...3adb,https://bscscan.com/tx/0x7f15db4835a89e0bc7b131dae05a747eb562029afc9461ed45344e27c06ef870
2023-04-01 03:49:40,False,3.366e-05,1.064e-08,4824.87,5.135e-05,0x63...3adb,https://bscscan.com/tx/0x7f15db4835a89e0bc7b131dae05a747eb562029afc9461ed45344e27c06ef870
2023-04-01 03:49:28,True,3.4e-05,1.069e-08,147029.0,0.0157,0xd1...8c38,https://bscscan.com/tx/0xd3eb3ef531cdb2bf01c72228e21fb584e26374dcf26b7929a92f4336f2f88662
2023-04-01 03:48:15,True,3.383e-05,1.069e-08,819036.0,0.0876,0x89...73a1,https://bscscan.com/tx/0x90c343d0ab6e52ca7ceeedada385191dfa5918f81edbf172b1f1546577b7f220
2023-04-01 03:45:34,True,3.4e-05,1.069e-08,474220.0,0.0507,0xa8...909a,https://bscscan.com/tx/0x1f765206717f429cce1ae0974b52d5a58b3ef3329f9d665b117413c4a82ccfd4
2023-04-01 03:43:04,False,3.366e-05,1.064e-08,46562.3,0.0049,0x09...542b,https://bscscan.com/tx/0x27eaa0361d2240fc7a37a0b22b80fc044707174ec1925a0cb927ff2f1cdca56b
2023-04-01 03:43:04,False,3.366e-05,1.064e-08,34418.4,0.0036,0x09...542b,https://bscscan.com/tx/0x27eaa0361d2240fc7a37a0b22b80fc044707174ec1925a0cb927ff2f1cdca56b
2023-04-01 03:38:10,False,3.384e-05,1.064e-08,9940090.0,1.05813,0x15...54af,https://bscscan.com/tx/0x4f8fa7e9493f7b9f11ed48d660bbe10dec71467ca35dcaf40268c6324c70fea4
2023-04-01 03:38:10,False,3.384e-05,1.064e-08,22309.2,0.0023,0x15...54af,https://bscscan.com/tx/0x4f8fa7e9493f7b9f11ed48d660bbe10dec71467ca35dcaf40268c6324c70fea4
2023-04-01 03:33:22,True,3.383e-05,1.069e-08,33645.7,0.0036,0x3e...7de8,https://bscscan.com/tx/0xf31d5a702bf466517dc203502671d3760533ce6301f3bbb242ebefe33f214737
2023-04-01 03:32:10,True,3.4e-05,1.069e-08,5881691.0,0.6292,0xc5...8e3d,https://bscscan.com/tx/0x1e53964c150785e9951b4477e188510307490e114628c72c174305e6bb1f9e79
2023-04-01 03:31:10,False,3.383e-05,1.064e-08,1495500.0,0.1592,0xa2...e9e3,https://bscscan.com/tx/0xc03945c93c98905df7b4e6f71a00438d8e87edfab216a791495d232af4f71a6f
2023-04-01 03:31:10,False,3.383e-05,1.064e-08,77059.5,0.0082,0xa2...e9e3,https://bscscan.com/tx/0xc03945c93c98905df7b4e6f71a00438d8e87edfab216a791495d232af4f71a6f
2023-04-01 03:29:31,True,3.4e-05,1.069e-08,27538333.0,2.94525,0xcf...89ae,https://bscscan.com/tx/0x98033efc957017c2f34aefbb6dacce90d68cdd5627f2049166aabcc6ffdb48b6
2023-04-01 03:26:46,False,3.365e-05,1.063e-08,999203.0,0.1063,0x43...efb6,https://bscscan.com/tx/0x3b03715ea45bda8752bfa67749d5571c75bc1899a366d1b2c983a70963735c3d
2023-04-01 03:26:46,False,3.365e-05,1.063e-08,15252.1,0.0016,0x43...efb6,https://bscscan.com/tx/0x3b03715ea45bda8752bfa67749d5571c75bc1899a366d1b2c983a70963735c3d
2023-04-01 03:18:36,False,3.382e-05,1.063e-08,4985000.0,0.5303,0x9b...20fa,https://bscscan.com/tx/0x4bad02dc167daedad74022b1e408d65882ea08576d8c5cebc4f330aa87c207d5
2023-04-01 03:18:36,False,3.382e-05,1.063e-08,19794.7,0.0021,0x9b...20fa,https://bscscan.com/tx/0x4bad02dc167daedad74022b1e408d65882ea08576d8c5cebc4f330aa87c207d5
2023-04-01 03:17:18,True,3.399e-05,1.069e-08,6764685.0,0.7232,0xf7...8c83,https://bscscan.com/tx/0x240b3bb821dd874dca5cdba434050eda47f6a59780e2862d98d638eeb007186a
2023-04-01 03:16:15,False,3.365e-05,1.063e-08,564990.0,0.0601,0x27...e6d2,https://bscscan.com/tx/0x34c7fe5c9d042c4146d6a00377ddc407c1d36ad9dc6b02ccac87d0b86b13e462
2023-04-01 03:16:15,False,3.365e-05,1.063e-08,4949.47,5.265e-05,0x27...e6d2,https://bscscan.com/tx/0x34c7fe5c9d042c4146d6a00377ddc407c1d36ad9dc6b02ccac87d0b86b13e462
2023-04-01 03:06:54,False,3.383e-05,1.063e-08,1671773.0,0.1778,0x0b...2d3e,https://bscscan.com/tx/0x0ca8976ebbadc12455d253e85f1e14dd3d01842930a6b8b2fa89660942f2ca73
2023-04-01 03:06:54,False,3.383e-05,1.063e-08,14381.2,0.0015,0x0b...2d3e,https://bscscan.com/tx/0x0ca8976ebbadc12455d253e85f1e14dd3d01842930a6b8b2fa89660942f2ca73
2023-04-01 03:06:09,True,3.382e-05,1.069e-08,806337.0,0.0862,0x36...b269,https://bscscan.com/tx/0xa0eca3f3c83c777c2ed01cba8c4d7675dae2e0bba1c6d5106f2ff4b41128b172
2023-04-01 03:03:24,False,3.382e-05,1.063e-08,4506464.0,0.4794,0xb3...5eb4,https://bscscan.com/tx/0x274213d642d6c2f2bb33433591ea8381b2a25d8ee812c67377754c24286be23e
2023-04-01 03:03:24,False,3.382e-05,1.063e-08,860.931,9.159e-06,0xb3...5eb4,https://bscscan.com/tx/0x274213d642d6c2f2bb33433591ea8381b2a25d8ee812c67377754c24286be23e
2023-04-01 03:01:27,False,3.382e-05,1.063e-08,317907.0,0.0338,0x54...f27f,https://bscscan.com/tx/0xe62ff86865dfde89f719c948322905e0a8e30e3d2788b7937b640f390239316a
2023-04-01 03:01:27,False,3.382e-05,1.063e-08,8949.33,9.521e-05,0x54...f27f,https://bscscan.com/tx/0xe62ff86865dfde89f719c948322905e0a8e30e3d2788b7937b640f390239316a
2023-04-01 02:54:27,True,3.382e-05,1.069e-08,372957.0,0.0398,0x8f...2785,https://bscscan.com/tx/0x7066f1d9638434409e173e969d5224c229646b8db62f4f0eac42abf6844dae57
2023-04-01 02:53:18,False,3.382e-05,1.063e-08,2932785.0,0.312,0xa6...6489,https://bscscan.com/tx/0x86351b4fabd3110e2fa697575d2ed5370a3628ad56756fb00781797372118439
2023-04-01 02:53:18,False,3.382e-05,1.064e-08,6243.57,6.643e-05,0xa6...6489,https://bscscan.com/tx/0x86351b4fabd3110e2fa697575d2ed5370a3628ad56756fb00781797372118439
2023-04-01 02:52:39,True,3.382e-05,1.069e-08,327492.0,0.035,0xb6...5f84,https://bscscan.com/tx/0x10799a6e9cc32dcc7580c3de12ddef19e866167f7426127786f1b4478cfd377a
2023-04-01 02:51:51,True,3.382e-05,1.069e-08,619992.0,0.0663,0xba...e177,https://bscscan.com/tx/0x71fcc1652a119e8e4227bb917f690ccc5a00a774a5ec34407c9067541baabb65
2023-04-01 02:50:54,True,3.399e-05,1.069e-08,467582.0,0.05,0x3d...1740,https://bscscan.com/tx/0xd4037e186eadf6ba28b30ae4eb86686c16a8cc25f71c64d621b395c2a6d65455
2023-04-01 02:50:00,True,3.399e-05,1.069e-08,588348.0,0.0629,0xd3...7070,https://bscscan.com/tx/0x7c23b24ffec7946f57996a2ab8c88c811c77f347ba734eb24e1afee98e9844b9
2023-04-01 02:47:45,False,3.382e-05,1.063e-08,308093.0,0.0327,0xc5...f12c,https://bscscan.com/tx/0x646af7ee873179acb7ea422af441ccf9a0adff22f400f356862d8e878a0b5bd1
2023-04-01 02:47:45,False,3.382e-05,1.063e-08,39482.0,0.0042,0xc5...f12c,https://bscscan.com/tx/0x646af7ee873179acb7ea422af441ccf9a0adff22f400f356862d8e878a0b5bd1
2023-04-01 02:45:26,True,3.399e-05,1.069e-08,10074965.0,1.0772,0x4b...0dec,https://bscscan.com/tx/0xbe3985e0c9a8d622722a4da38de573a96c9686b919751a58630ddbb90eadb9f7
2023-04-01 02:36:16,True,3.398e-05,1.069e-08,430287.0,0.046,0x38...c778,https://bscscan.com/tx/0x34eec5b256e740d9720b738e4c5b399f5aeda37b77a8f39606040f0fdbd6bc22
2023-04-01 02:28:58,False,3.381e-05,1.063e-08,1974411.0,0.21,0xaa...ce5a,https://bscscan.com/tx/0x446e9e521cc2cfe73276b0284bec331636b33897be17102778188a7cb4085101
2023-04-01 02:28:58,False,3.381e-05,1.063e-08,3749.94,3.989e-05,0xaa...ce5a,https://bscscan.com/tx/0x446e9e521cc2cfe73276b0284bec331636b33897be17102778188a7cb4085101
2023-04-01 02:28:52,True,3.398e-05,1.069e-08,789683.0,0.0844,0x3e...2eb0,https://bscscan.com/tx/0x913123f7678fadeb7d285efa9411832c9c9d3c217009e8c86b8980a41c98cf68
2023-04-01 02:26:16,False,3.364e-05,1.063e-08,597388.0,0.0635,0x08...bb54,https://bscscan.com/tx/0xc2b2381f2f37eedffc877f27cda6944fd31392f149327c6e1ca4e18db6f87727
2023-04-01 02:26:16,False,3.364e-05,1.063e-08,1367.61,1.454e-05,0x08...bb54,https://bscscan.com/tx/0xc2b2381f2f37eedffc877f27cda6944fd31392f149327c6e1ca4e18db6f87727
2023-04-01 02:21:40,False,3.381e-05,1.063e-08,415226.0,0.0441,0xb8...a8b6,https://bscscan.com/tx/0xb6932a867b3495a3b713943169a121924a70ffbedcff7469ec7ebc196ba98268
2023-04-01 02:21:40,False,3.381e-05,1.063e-08,1674.16,1.78e-05,0xb8...a8b6,https://bscscan.com/tx/0xb6932a867b3495a3b713943169a121924a70ffbedcff7469ec7ebc196ba98268
2023-04-01 02:20:22,False,3.381e-05,1.063e-08,618199.0,0.0657,0xa8...ddbf,https://bscscan.com/tx/0x30f8f4b81af56883cbae5183ecd80882a0434633f740c2917faf862296d554ef
2023-04-01 02:20:22,False,3.381e-05,1.063e-08,5757.82,6.125e-05,0xa8...ddbf,https://bscscan.com/tx/0x30f8f4b81af56883cbae5183ecd80882a0434633f740c2917faf862296d554ef
2023-04-01 02:17:07,True,3.381e-05,1.069e-08,93534.9,0.01,0x4a...cacb,https://bscscan.com/tx/0x703275277ab356a14745944aea1b2ac72b3b9727e2540ee56d2ad2e4ff2bb25e
2023-04-01 02:16:31,True,3.398e-05,1.069e-08,232145.0,0.0248,0x12...1966,https://bscscan.com/tx/0x9f6bffc62295c442e32a39a3a5d41aa00d2dd5ae10f54b8e661dddee3e49dbb6
2023-04-01 02:15:36,True,3.399e-05,1.069e-08,463356.0,0.0495,0xb8...42b1,https://bscscan.com/tx/0x27228e8bb120c1611c66aa6fffe5c04a44060e3e5db202ffc8b35e856a5b13f5
2023-04-01 02:10:40,False,3.364e-05,1.063e-08,257251.0,0.0273,0x1e...1834,https://bscscan.com/tx/0xe0b5aceae74e2dcb0bc2e99af2ddd0bc3c9296a3bcc653907507d030134785fd
2023-04-01 02:10:40,False,3.364e-05,1.063e-08,41611.7,0.0044,0x1e...1834,https://bscscan.com/tx/0xe0b5aceae74e2dcb0bc2e99af2ddd0bc3c9296a3bcc653907507d030134785fd
2023-04-01 02:09:08,True,3.381e-05,1.069e-08,6537022.0,0.6988,0x12...ad83,https://bscscan.com/tx/0x996904b02d9ae362dba007dcddeb0c044987d48e18db3b622f6bdfdb392f51b1
2023-04-01 02:05:54,False,3.381e-05,1.063e-08,5840921.0,0.6212,0xcc...bb1a,https://bscscan.com/tx/0xa6d6c6c68c198d56d0923095806b958d0ecb72b6fe8204e37dc6f406f211afe7
2023-04-01 02:05:54,False,3.381e-05,1.063e-08,518.573,5.516e-06,0xcc...bb1a,https://bscscan.com/tx/0xa6d6c6c68c198d56d0923095806b958d0ecb72b6fe8204e37dc6f406f211afe7
2023-04-01 02:02:33,False,3.364e-05,1.063e-08,191488.0,0.0203,0x72...e1cb,https://bscscan.com/tx/0xef457652acf43a1f66e702a1476c704feed635e08011aa6001fed410b0d607a0
2023-04-01 02:02:33,False,3.364e-05,1.063e-08,458.096,4.873e-06,0x72...e1cb,https://bscscan.com/tx/0xef457652acf43a1f66e702a1476c704feed635e08011aa6001fed410b0d607a0
2023-04-01 02:00:54,True,3.397e-05,1.069e-08,28061.1,0.003,0x1d...374f,https://bscscan.com/tx/0xf6ebe29666c077f123ecba91ba7b766b484893888f37e878a510b1fdf29c6f04
2023-04-01 01:58:33,False,3.38e-05,1.063e-08,141179.0,0.015,0xac...e704,https://bscscan.com/tx/0x221b3039bfe6fe504759ff60562c720fbabf171a7377e64a3c8527fb9a8bd7c5
2023-04-01 01:58:33,False,3.38e-05,1.063e-08,7630.21,8.116e-05,0xac...e704,https://bscscan.com/tx/0x221b3039bfe6fe504759ff60562c720fbabf171a7377e64a3c8527fb9a8bd7c5
2023-04-01 01:57:27,False,3.38e-05,1.063e-08,2817526.0,0.2997,0x4e...585e,https://bscscan.com/tx/0x42afd968d590d45e41a53c627a2703fa0cc179a57d710c75ee6cc8a7031c1210
2023-04-01 01:57:27,False,3.381e-05,1.063e-08,103440.0,0.011,0x4e...585e,https://bscscan.com/tx/0x42afd968d590d45e41a53c627a2703fa0cc179a57d710c75ee6cc8a7031c1210
2023-04-01 01:56:33,True,3.397e-05,1.069e-08,392170.0,0.0419,0x40...ea3f,https://bscscan.com/tx/0xd739591ed2936235f031b5e5bc48aa2e179993b3048f978e34fe67c6b28ca2d6
2023-04-01 01:55:57,True,3.379e-05,1.068e-08,25151723.0,2.68832,0x74...9ee5,https://bscscan.com/tx/0xfc339095f88968d4d31446dce135a21b414b1f7488bba884af3f2b7fac2b9259
2023-04-01 01:52:39,False,3.379e-05,1.063e-08,12695363.0,1.34995,0xf1...50df,https://bscscan.com/tx/0x6d9fa739d1d5258ad54b2d215dbcded9b83ceef569e6d9dc33bf85988422ef0f
2023-04-01 01:52:39,False,3.38e-05,1.063e-08,16361.1,0.0017,0xf1...50df,https://bscscan.com/tx/0x6d9fa739d1d5258ad54b2d215dbcded9b83ceef569e6d9dc33bf85988422ef0f
2023-04-01 01:52:27,True,3.38e-05,1.068e-08,1450192.0,0.155,0xfd...0dd2,https://bscscan.com/tx/0x64d105d9aaee073b5ed3d98f1ad5a0b63d72ac773d420598b5c1aa61a6d33a6a
2023-04-01 01:48:27,True,3.397e-05,1.068e-08,1075982.0,0.115,0xa7...7903,https://bscscan.com/tx/0x0a4d05c273a35fc3163379cafee2a7b9d3bec12cdedfbc3dfc7fa4a74027554e
2023-04-01 01:47:39,True,3.397e-05,1.068e-08,3021385.0,0.3229,0x81...e9fa,https://bscscan.com/tx/0x8fb4405107cfd338a74515bc0b9586f1cd0dbe9edac3d7ccc7f0f1ef7476e697
2023-04-01 01:45:45,True,3.397e-05,1.068e-08,412092.0,0.044,0xf1...150a,https://bscscan.com/tx/0x3248576b65acfe658c43bc743d087affee84e0b0fa33e5b8a10f491e9907a854
2023-04-01 01:44:45,False,3.363e-05,1.063e-08,99700.0,0.0106,0x0e...3419,https://bscscan.com/tx/0x63cd583ea953de26358d6ac3d87a487b382f963f5b8ddbc59e6802966870d95e
2023-04-01 01:44:45,False,3.363e-05,1.063e-08,124139.0,0.0132,0x0e...3419,https://bscscan.com/tx/0x63cd583ea953de26358d6ac3d87a487b382f963f5b8ddbc59e6802966870d95e
2023-04-01 01:44:12,True,3.396e-05,1.068e-08,29745137.0,3.17771,0x05...00de,https://bscscan.com/tx/0xb298a88daec703f41516242f6919c68dc5dd0da1ce0bacd3f64dd39ce0e07320
2023-04-01 01:36:18,True,3.378e-05,1.067e-08,927037.0,0.099,0xf7...fd0e,https://bscscan.com/tx/0x7a4ee60eb26d94014dfca00e1a484d3073916cd5c289133bff8b4a3cc834b142
2023-04-01 01:34:14,False,3.379e-05,1.062e-08,15259223.0,1.6217,0xe2...4638,https://bscscan.com/tx/0x95e310b7b46a539e00196902d1505d2f12d711b91b634a0d2c5e8ef3d43520bc
2023-04-01 01:34:14,False,3.379e-05,1.062e-08,14918.3,0.0015,0xe2...4638,https://bscscan.com/tx/0x95e310b7b46a539e00196902d1505d2f12d711b91b634a0d2c5e8ef3d43520bc
2023-04-01 01:30:32,True,3.396e-05,1.068e-08,1310516.0,0.14,0x1b...a19d,https://bscscan.com/tx/0xfd4e0292889bd43c29ecb0276fc1de51b87c390a5858ed17cf4e7ccced130e4c
2023-04-01 01:27:32,True,3.396e-05,1.068e-08,1240344.0,0.1325,0xd3...661d,https://bscscan.com/tx/0xb13584416b73d6b7de725280a7f408826158807aeb2eae8291f406f1bc14d6ed
2023-04-01 01:26:05,False,3.362e-05,1.062e-08,593474.0,0.063,0x4f...ba15,https://bscscan.com/tx/0xa5243a28dedf058b62302b4253bf91c270682d9da7e8019b83c19470c75852d1
2023-04-01 01:26:05,False,3.362e-05,1.062e-08,9161.53,9.737e-05,0x4f...ba15,https://bscscan.com/tx/0xa5243a28dedf058b62302b4253bf91c270682d9da7e8019b83c19470c75852d1
2023-04-01 01:21:59,True,3.396e-05,1.068e-08,332416.0,0.0355,0xee...ec19,https://bscscan.com/tx/0xffd68278a95eb7fbdd38351bdb23ac15a7f2e3766f72cd1b1fdc54634fbd0cdd
2023-04-01 01:21:02,False,3.379e-05,1.062e-08,2996572.0,0.3185,0x95...9550,https://bscscan.com/tx/0x56aa9538bb83436736c1067536bc111587ddc8dc1d038d16a2c8f7f7d03f3ced
2023-04-01 01:21:02,False,3.379e-05,1.062e-08,7483.34,7.954e-05,0x95...9550,https://bscscan.com/tx/0x56aa9538bb83436736c1067536bc111587ddc8dc1d038d16a2c8f7f7d03f3ced
2023-04-01 01:18:53,True,3.379e-05,1.068e-08,2433807.0,0.26,0xb9...bd50,https://bscscan.com/tx/0xf23fd2428b919327697b0f5b0b51fcd1ac9a478e547c0608352a33b5da64976d
2023-04-01 01:15:08,False,3.362e-05,1.062e-08,336787.0,0.0358,0xae...8050,https://bscscan.com/tx/0xa341b0d7906a356a1b68cdf897008eaefc05f7b2a8fa5ba552a048e6fb3d3b4f
2023-04-01 01:15:08,False,3.362e-05,1.062e-08,10875.1,0.0011,0xae...8050,https://bscscan.com/tx/0xa341b0d7906a356a1b68cdf897008eaefc05f7b2a8fa5ba552a048e6fb3d3b4f
2023-04-01 01:07:59,False,3.378e-05,1.062e-08,1462801.0,0.1554,0xd9...debb,https://bscscan.com/tx/0x07d1b9bca23f0cb4b0f92b0115772c481f41545f05d202ea144468026d3432ff
2023-04-01 01:07:59,False,3.378e-05,1.062e-08,760.459,8.083e-06,0xd9...debb,https://bscscan.com/tx/0x07d1b9bca23f0cb4b0f92b0115772c481f41545f05d202ea144468026d3432ff
2023-04-01 01:07:53,False,3.378e-05,1.062e-08,280807.0,0.0298,0xae...ee1f,https://bscscan.com/tx/0x1043e60757ca175e819255770fda3d7c032e968da83b52991cf14427994619a0
2023-04-01 01:07:53,False,3.378e-05,1.062e-08,9540.29,0.001,0xae...ee1f,https://bscscan.com/tx/0x1043e60757ca175e819255770fda3d7c032e968da83b52991cf14427994619a0
2023-04-01 01:05:08,True,3.395e-05,1.068e-08,149770.0,0.016,0x11...4692,https://bscscan.com/tx/0xa2a01c277d41240a9b74d2a4fbf3e366a260f55ca8cd31af70b99eb46532856d
2023-04-01 01:03:08,False,3.362e-05,1.063e-08,3373520.0,0.3586,0xb5...24f3,https://bscscan.com/tx/0xac9044439b4a3c16c35e539731ac6fe778024ef245e71f314bf140338e4cf7e8
2023-04-01 01:03:08,False,3.362e-05,1.063e-08,113091.0,0.012,0xb5...24f3,https://bscscan.com/tx/0xac9044439b4a3c16c35e539731ac6fe778024ef245e71f314bf140338e4cf7e8
2023-04-01 01:02:50,True,3.394e-05,1.067e-08,38885519.0,4.15256,0x4d...f13d,https://bscscan.com/tx/0x053cfaacf9d115427e2fa832d7618c829bf2dc1eb459d0f6200f8f7685ddc233
2023-04-01 01:01:26,True,3.375e-05,1.067e-08,1000000.0,0.1067,0x32...daad,https://bscscan.com/tx/0x33a29089fbec6b12e95e4c313579ab2ae61c37086ada5591d2b4a5374998e4f9
2023-04-01 01:00:14,False,3.375e-05,1.062e-08,1994000.0,0.2117,0xc8...f045,https://bscscan.com/tx/0x102f50f29a81b66a748a783283932d7a95d1963280845fccba748b7fe83433f1
2023-04-01 01:00:14,False,3.375e-05,1.062e-08,33039.7,0.0035,0xc8...f045,https://bscscan.com/tx/0x102f50f29a81b66a748a783283932d7a95d1963280845fccba748b7fe83433f1
2023-04-01 00:58:38,True,3.375e-05,1.067e-08,12073906.0,1.28861,0xcd...5dee,https://bscscan.com/tx/0x37200686c5cf64c6b1ae9e1300a6a90a5cdf8bf204afe8e0f2d38c70b7717b6b
2023-04-01 00:58:23,False,3.374e-05,1.061e-08,162533.0,0.0172,0xd9...debb,https://bscscan.com/tx/0x0b94e1c15f036584cb844a9da33214a4cc104bfed7a26fab6c5dccf87bed49a3
2023-04-01 00:58:23,False,3.374e-05,1.061e-08,28809.0,0.003,0xd9...debb,https://bscscan.com/tx/0x0b94e1c15f036584cb844a9da33214a4cc104bfed7a26fab6c5dccf87bed49a3
2023-04-01 00:57:17,False,3.358e-05,1.061e-08,10637990.0,1.12967,0x06...a1e6,https://bscscan.com/tx/0xe28600f75fcd1773188ba91e7c55142324297efb2cfc3a1273284530dc6dcf8f
2023-04-01 00:57:17,False,3.358e-05,1.062e-08,810.0,8.602e-06,0x06...a1e6,https://bscscan.com/tx/0xe28600f75fcd1773188ba91e7c55142324297efb2cfc3a1273284530dc6dcf8f
2023-04-01 00:57:11,False,3.358e-05,1.062e-08,299100.0,0.0317,0xc7...80b8,https://bscscan.com/tx/0x16667a8671874e643418e0a978d532cd44a90ef4231ee429ea645546f6cdf3fb
2023-04-01 00:57:11,False,3.358e-05,1.062e-08,14245.6,0.0015,0xc7...80b8,https://bscscan.com/tx/0x16667a8671874e643418e0a978d532cd44a90ef4231ee429ea645546f6cdf3fb
2023-04-01 00:56:32,False,3.375e-05,1.062e-08,5046107.0,0.5359,0x10...c552,https://bscscan.com/tx/0xfbba44bf5567fec48764dc67866d07a9e01f26b1a5a15f89ef1f309b0c11b1f6
2023-04-01 00:56:32,False,3.376e-05,1.062e-08,7945.06,8.439e-05,0x10...c552,https://bscscan.com/tx/0xfbba44bf5567fec48764dc67866d07a9e01f26b1a5a15f89ef1f309b0c11b1f6
2023-04-01 00:54:50,False,3.376e-05,1.062e-08,2933786.0,0.3116,0x0a...21d5,https://bscscan.com/tx/0x43c1d48ceca004685c0560ae0b9c21a7a650e0a064f9a4f1a7a0ebfb8a968406
2023-04-01 00:54:50,False,3.376e-05,1.062e-08,15910.4,0.0016,0x0a...21d5,https://bscscan.com/tx/0x43c1d48ceca004685c0560ae0b9c21a7a650e0a064f9a4f1a7a0ebfb8a968406
2023-04-01 00:54:29,True,3.393e-05,1.067e-08,1010311.0,0.1078,0x6a...1164,https://bscscan.com/tx/0xbf36cf39826ed8648ff0123852a2443710ca39a50a0ecb5d2b6c53f700317641
2023-04-01 00:52:08,False,3.358e-05,1.062e-08,4867765.0,0.5171,0x7f...a3fc,https://bscscan.com/tx/0x0ddb5f391d532eb1d5fa056a3c92604ee6e7c0d24b66a2edd29734c6a397f34b
2023-04-01 00:52:08,False,3.358e-05,1.062e-08,1634.46,1.736e-05,0x7f...a3fc,https://bscscan.com/tx/0x0ddb5f391d532eb1d5fa056a3c92604ee6e7c0d24b66a2edd29734c6a397f34b
2023-04-01 00:51:08,True,3.375e-05,1.067e-08,131955.0,0.014,0xc5...7034,https://bscscan.com/tx/0x84556ef4503ca79a23a25b3a80e84db53572b0d96db53c117c19818ccf90ccf2
2023-04-01 00:47:17,False,3.358e-05,1.062e-08,471981.0,0.0501,0x69...4e5b,https://bscscan.com/tx/0xee8c7ef9f03d0016f579d5300daada170ba8d1f8540ad97cb72c953458f69594
2023-04-01 00:47:17,False,3.358e-05,1.062e-08,8241.57,8.755e-05,0x69...4e5b,https://bscscan.com/tx/0xee8c7ef9f03d0016f579d5300daada170ba8d1f8540ad97cb72c953458f69594
2023-04-01 00:45:14,False,3.359e-05,1.062e-08,3043276.0,0.3233,0xc6...90c2,https://bscscan.com/tx/0x215ea27b2c74a52e4537bbda9f525d90cfcd6b946286b05113d94cbd405c7b12
2023-04-01 00:45:14,False,3.359e-05,1.062e-08,919.017,9.764e-06,0xc6...90c2,https://bscscan.com/tx/0x215ea27b2c74a52e4537bbda9f525d90cfcd6b946286b05113d94cbd405c7b12
2023-04-01 00:44:18,False,3.376e-05,1.062e-08,339355.0,0.036,0xbc...772d,https://bscscan.com/tx/0x0aeb39ec6a6f7ece23b475d6a005cd345a1b46416bd3362abce8a30445958e8e
2023-04-01 00:44:18,False,3.376e-05,1.062e-08,7923.32,8.418e-05,0xbc...772d,https://bscscan.com/tx/0x0aeb39ec6a6f7ece23b475d6a005cd345a1b46416bd3362abce8a30445958e8e
2023-04-01 00:43:33,False,3.359e-05,1.062e-08,2925759.0,0.3108,0xf8...1f74,https://bscscan.com/tx/0x93efa9c1fc4f549bcd71dcb7f96612461dd1e87da2f9a2009209ab48eed82b73
2023-04-01 00:43:33,False,3.359e-05,1.062e-08,13624.1,0.0014,0xf8...1f74,https://bscscan.com/tx/0x93efa9c1fc4f549bcd71dcb7f96612461dd1e87da2f9a2009209ab48eed82b73
2023-04-01 00:43:33,True,3.376e-05,1.067e-08,2947107.0,0.3147,0xd8...2956,https://bscscan.com/tx/0xdfd4d73ad51e5eee378b21f71562b1760e09f88bf22eed1cb83b168610f6eb81
2023-04-01 00:42:39,False,3.376e-05,1.062e-08,2092573.0,0.2223,0x4c...d3e1,https://bscscan.com/tx/0x7e502b4cc98212adfd1e219eb51a2f06d7157d3d360174565828e2499f6afc02
2023-04-01 00:42:39,False,3.376e-05,1.062e-08,1728.0,1.836e-05,0x4c...d3e1,https://bscscan.com/tx/0x7e502b4cc98212adfd1e219eb51a2f06d7157d3d360174565828e2499f6afc02
2023-04-01 00:41:00,False,3.375e-05,1.062e-08,638080.0,0.0678,0xe5...1a22,https://bscscan.com/tx/0x990f1ad16ff39be6a75d515ef8434934c2f1e7f8a16c9c42df1825d12dbabfa7
2023-04-01 00:41:00,False,3.375e-05,1.062e-08,96293.3,0.0102,0xe5...1a22,https://bscscan.com/tx/0x990f1ad16ff39be6a75d515ef8434934c2f1e7f8a16c9c42df1825d12dbabfa7
2023-04-01 00:40:09,True,3.375e-05,1.067e-08,2947638.0,0.3147,0x6a...1164,https://bscscan.com/tx/0xfa75fca13df48e839e9b542c92910248213c8648dfe71b9f150a1a61e7d5c760
2023-04-01 00:37:45,True,3.392e-05,1.067e-08,404825.0,0.0432,0x29...5795,https://bscscan.com/tx/0x1427eaad9269d263e8d70ea8c2031ee87226f8e2d8289f45ced3d1e9e24de578
2023-04-01 00:37:39,False,3.376e-05,1.062e-08,31896833.0,3.39018,0x4f...59da,https://bscscan.com/tx/0xa1715314d063b42231c012f96ddd94d479da1fe34f8268ac2f66528df6c27320
2023-04-01 00:37:39,False,3.377e-05,1.063e-08,24929.8,0.0026,0x4f...59da,https://bscscan.com/tx/0xa1715314d063b42231c012f96ddd94d479da1fe34f8268ac2f66528df6c27320
2023-04-01 00:37:00,True,3.377e-05,1.068e-08,431686.0,0.0461,0x36...cc8c,https://bscscan.com/tx/0x94f5dfe3d0e37d5f9b26f5cf23a9998fcf6f40f87320849ffe20b4b10c8b971e
2023-04-01 00:35:14,False,3.378e-05,1.063e-08,8775163.0,0.9331,0x58...d401,https://bscscan.com/tx/0x8ddd2d3ee8c397ce47f0c64f2a0b6fa1de3645f9b3c97dd37db45dd9014eef13
2023-04-01 00:35:14,False,3.378e-05,1.063e-08,12305.8,0.0013,0x58...d401,https://bscscan.com/tx/0x8ddd2d3ee8c397ce47f0c64f2a0b6fa1de3645f9b3c97dd37db45dd9014eef13
2023-04-01 00:34:07,True,3.378e-05,1.068e-08,3928839.0,0.4199,0xc3...f06f,https://bscscan.com/tx/0xe0c70a5c8fb0f406c0573f2d17234fbd7d9228c2ff7b13a9878240b051f3d80e
2023-04-01 00:31:01,True,3.378e-05,1.068e-08,531851.0,0.0568,0xf7...1800,https://bscscan.com/tx/0x829cb41660273d45cb3ce91de1074a25863dc7fc5945549c8b1e74a6db16136e
2023-04-01 00:29:13,False,3.378e-05,1.063e-08,96709.0,0.0102,0x96...e612,https://bscscan.com/tx/0xaf74e6f70d12a70fdbcb67159059de32b0d84449c046f03d308b500394af0abc
2023-04-01 00:29:13,False,3.378e-05,1.063e-08,29851.6,0.0031,0x96...e612,https://bscscan.com/tx/0xaf74e6f70d12a70fdbcb67159059de32b0d84449c046f03d308b500394af0abc
2023-04-01 00:28:58,True,3.395e-05,1.068e-08,56142.9,0.006,0x82...5697,https://bscscan.com/tx/0xdea71d5191907177b4fdaf23778a99299e2619ec4bd14a9a64805798ca4376e8
2023-04-01 00:26:22,False,3.362e-05,1.063e-08,10967000.0,1.16635,0x22...0b22,https://bscscan.com/tx/0xedcaeb496e24c980c84425dbbe53ddf3b63d5abd37cf50a3a6c71f9fc5503065
2023-04-01 00:26:22,False,3.362e-05,1.063e-08,36938.3,0.0039,0x22...0b22,https://bscscan.com/tx/0xedcaeb496e24c980c84425dbbe53ddf3b63d5abd37cf50a3a6c71f9fc5503065
2023-04-01 00:25:43,False,3.38e-05,1.063e-08,13639821.0,1.45103,0x70...ec97,https://bscscan.com/tx/0x90d1a8f3e1cc36f63205bd57c6246c1487948c0590f008e3433be3c3c9480d0d
2023-04-01 00:25:43,False,3.38e-05,1.063e-08,810.0,8.618e-06,0x70...ec97,https://bscscan.com/tx/0x90d1a8f3e1cc36f63205bd57c6246c1487948c0590f008e3433be3c3c9480d0d
2023-04-01 00:25:13,False,3.38e-05,1.063e-08,299100.0,0.0318,0x3d...a5b5,https://bscscan.com/tx/0x521e72b3f1fed306b4e89ad5a83d7e83bf8f9786641180556c3f99245b5c895a
2023-04-01 00:25:13,False,3.38e-05,1.064e-08,6713.86,7.143e-05,0x3d...a5b5,https://bscscan.com/tx/0x521e72b3f1fed306b4e89ad5a83d7e83bf8f9786641180556c3f99245b5c895a
2023-04-01 00:24:31,True,3.38e-05,1.069e-08,991113.0,0.1059,0x4c...79ce,https://bscscan.com/tx/0x63bfdd9654b0f878d9c71497a103efbd8d5e8df8ea449a2c5664c632fd2f3e31
2023-04-01 00:23:43,False,3.363e-05,1.063e-08,1491014.0,0.1586,0x89...68cf,https://bscscan.com/tx/0x64dc382df6de71f70e6b517a1ae1b027796f975abb7c87794b2b3fe9c1bd2365
2023-04-01 00:23:43,False,3.363e-05,1.064e-08,5290.92,5.629e-05,0x89...68cf,https://bscscan.com/tx/0x64dc382df6de71f70e6b517a1ae1b027796f975abb7c87794b2b3fe9c1bd2365
2023-04-01 00:21:28,True,3.395e-05,1.069e-08,299247.0,0.032,0x05...a9ab,https://bscscan.com/tx/0x6527ddefc1409f3ea5f7d0bbdac182dc42daa8694299eb970b7e78dd96d850b7
2023-04-01 00:19:43,True,3.377e-05,1.069e-08,65460.6,0.007,0x3b...260b,https://bscscan.com/tx/0x10d89da5e9b43d6e911435bfc493807c35bb1461e4978c3bb1fb3c8a29cd82ea
2023-04-01 00:14:43,False,3.357e-05,1.064e-08,1411945.0,0.1502,0x62...af05,https://bscscan.com/tx/0x20db634165dc6d034ed76691f3d442645cc3f250b1060671aab84fd3b66882dc
2023-04-01 00:14:43,False,3.357e-05,1.064e-08,32394.4,0.0034,0x62...af05,https://bscscan.com/tx/0x20db634165dc6d034ed76691f3d442645cc3f250b1060671aab84fd3b66882dc
2023-04-01 00:13:25,True,3.373e-05,1.069e-08,7417017.0,0.793,0x18...fb7a,https://bscscan.com/tx/0x63675d9a1163110272a682dc6ed1c7409769a485818c3ed458e78eeca867dcef
2023-04-01 00:09:58,True,3.389e-05,1.069e-08,3178038.0,0.3397,0xc5...b25c,https://bscscan.com/tx/0x59cbbd95fe3ff5e64683e5cff2d72ea822950f586585254774394d46cc41bdb6
2023-04-01 00:06:16,True,3.372e-05,1.069e-08,805830.0,0.0861,0x4c...62b0,https://bscscan.com/tx/0xa1cb31ef352367586978b0a5ce06ae91b9ceacecdb65b940ee0e6f3f14f3f013
2023-04-01 00:06:16,True,3.372e-05,1.069e-08,60000.0,0.0064,0x17...e7f1,https://bscscan.com/tx/0xb6c0a78ca8677d6d494ead200d244ea96ab9fdeeaa2036798926be623d3acb98
2023-04-01 00:06:07,False,3.355e-05,1.063e-08,535342.0,0.0569,0xc7...80b8,https://bscscan.com/tx/0xb84f138cb0e9fcdf4663d9e1a4980c01d493a46586e5e1d69ccd98a86cb2a7db
2023-04-01 00:06:07,False,3.355e-05,1.063e-08,11393.1,0.0012,0xc7...80b8,https://bscscan.com/tx/0xb84f138cb0e9fcdf4663d9e1a4980c01d493a46586e5e1d69ccd98a86cb2a7db
2023-03-31 23:59:50,True,3.389e-05,1.069e-08,88499.4,0.0094,0x45...7d82,https://bscscan.com/tx/0xbf53c3f478707944dd2759ba50cfaf0009faf397dbf5d6e85e1824d4149e4a3e
2023-03-31 23:59:02,True,3.37e-05,1.069e-08,590011.0,0.063,0x38...a063,https://bscscan.com/tx/0x23aa7ef68b991cbd452d1578fe3f76920d82f8cbc817578b0bc943e1ff1e4aa9
2023-03-31 23:57:26,True,3.372e-05,1.069e-08,885110.0,0.0946,0xa9...dbca,https://bscscan.com/tx/0xa41e0afe8ea0239d480817a087f3c1f9883c19f4f67e4f831390e67c267c4626
2023-03-31 23:55:35,False,3.372e-05,1.063e-08,859313.0,0.0914,0xc7...cb26,https://bscscan.com/tx/0x4b39026d6c4129c835820f3a786a95a1f237ec9feaf5289072c4ace15f3db20f
2023-03-31 23:55:35,False,3.372e-05,1.063e-08,1055.46,1.122e-05,0xc7...cb26,https://bscscan.com/tx/0x4b39026d6c4129c835820f3a786a95a1f237ec9feaf5289072c4ace15f3db20f
2023-03-31 23:52:35,False,3.372e-05,1.063e-08,389737.0,0.0414,0x06...767e,https://bscscan.com/tx/0xa545cb5f8e9772b6a3efb61de28a344e4393f09411c72b631d91baae7dcbbba4
2023-03-31 23:52:35,False,3.372e-05,1.063e-08,3502.98,3.726e-05,0x06...767e,https://bscscan.com/tx/0xa545cb5f8e9772b6a3efb61de28a344e4393f09411c72b631d91baae7dcbbba4
2023-03-31 23:52:05,True,3.372e-05,1.069e-08,296474.0,0.0317,0x9f...c959,https://bscscan.com/tx/0x65b6aa679964929504bff5a1e709a718d198a2902b94b86ed5fcafa8ca7695c1
2023-03-31 23:44:11,False,3.372e-05,1.063e-08,997000.0,0.106,0xcb...bc0a,https://bscscan.com/tx/0xefce355299bfe3ca2a786c207f1fc5914fa25d6f0fecfd0bff401fde51f68f4d
2023-03-31 23:44:11,False,3.372e-05,1.063e-08,11433.6,0.0012,0xcb...bc0a,https://bscscan.com/tx/0xefce355299bfe3ca2a786c207f1fc5914fa25d6f0fecfd0bff401fde51f68f4d
2023-03-31 23:42:41,True,3.389e-05,1.069e-08,386036.0,0.0412,0x78...1dbf,https://bscscan.com/tx/0xe48310150df8dde1e5c1f81ead306a2aa6dbab80f1ef9c8fda141ffdc3b48c48
2023-03-31 23:41:32,True,3.372e-05,1.069e-08,900000.0,0.0962,0xfa...5d5d,https://bscscan.com/tx/0x03aebc3f9e066da66785a7109c2f8e335c831981aee3aa0a8b50e3b9d7c8d9e7
2023-03-31 23:41:02,True,3.389e-05,1.069e-08,133241.0,0.0142,0x46...420b,https://bscscan.com/tx/0xc5ac4dfc3db79134296f72d1db14ca722728367bef45f44e1432396e26563385
2023-03-31 23:39:38,True,3.388e-05,1.069e-08,56123.3,0.006,0x4c...5ff0,https://bscscan.com/tx/0xf736a56a5ffcc68e897a1b5e31e40dae7d88abd27035f357c035f67b1a590cbc
2023-03-31 23:33:50,True,3.389e-05,1.069e-08,72944.1,0.0078,0x49...c736,https://bscscan.com/tx/0xba4461c4e10ee4571f0979fad4ca5cd4bb6f366d779cedbd1fc73d13d920a337
2023-03-31 23:33:50,True,3.389e-05,1.069e-08,213157.0,0.0227,0xbb...a93f,https://bscscan.com/tx/0x6c98716b1de8e3e581217f4970c2ac910af8e883d818acdbf5c49a1fb477df1e
2023-03-31 23:30:38,True,3.39e-05,1.069e-08,1000000.0,0.1069,0xe8...00a0,https://bscscan.com/tx/0xb6d74c158b6e0fdd3c263de9cff46bb16d3f9fa72fec699258ca30216b6d888c
2023-03-31 23:29:11,True,3.39e-05,1.069e-08,74833.5,0.008,0x45...9e7a,https://bscscan.com/tx/0xbffe981578afdef45619549adf066e0e8d50140cabed3dc2b5238350bdd5a9bf
2023-03-31 23:26:17,True,3.373e-05,1.069e-08,93542.1,0.01,0x5b...affc,https://bscscan.com/tx/0x7fe18886e71021fd299ee0403e85291b7f2e58e0114603f4e7ce031466323c6e
2023-03-31 23:25:08,True,3.39e-05,1.069e-08,654801.0,0.07,0xa6...5659,https://bscscan.com/tx/0x8c22dbae43e7d6413e4c951bc82a277a68870b9465543ac7baee5f86a7e987c6
2023-03-31 23:24:12,False,3.356e-05,1.063e-08,648050.0,0.0689,0xbb...a93f,https://bscscan.com/tx/0xf8ad6bb368c69b4b35c1cc6031b55054da0c9f6872b642131e43ea1c33c34316
2023-03-31 23:24:12,False,3.356e-05,1.063e-08,43093.8,0.0045,0xbb...a93f,https://bscscan.com/tx/0xf8ad6bb368c69b4b35c1cc6031b55054da0c9f6872b642131e43ea1c33c34316
2023-03-31 23:24:03,True,3.373e-05,1.069e-08,251898.0,0.0269,0x3f...7ca8,https://bscscan.com/tx/0x35c85f8d31e4db6abcb70f79e427fa197ce84e9354e74ed2139cc8e6a5188a16
2023-03-31 23:23:18,True,3.389e-05,1.069e-08,239342.0,0.0255,0x45...9e7a,https://bscscan.com/tx/0x5861f8c81fbf8db9d4d369a4543ac5e493d964d55890290b85fb7d5cb278a839
2023-03-31 23:20:57,True,3.389e-05,1.068e-08,8019443.0,0.8572,0xd4...e5f7,https://bscscan.com/tx/0xc721b33fa5b6b2333a6af06614e0bf26c5229e7800bcb88e0b6da362dfcda60a
2023-03-31 23:17:30,False,3.372e-05,1.063e-08,7427650.0,0.7899,0x58...0988,https://bscscan.com/tx/0xaab2d11065ef35e75ab8b2b2af4ed492dd3c31cdd0585e55178cc16d34e42d16
2023-03-31 23:17:30,False,3.372e-05,1.063e-08,8891.35,9.457e-05,0x58...0988,https://bscscan.com/tx/0xaab2d11065ef35e75ab8b2b2af4ed492dd3c31cdd0585e55178cc16d34e42d16
2023-03-31 23:17:09,True,3.389e-05,1.068e-08,1457908.0,0.1558,0xd9...3ff7,https://bscscan.com/tx/0x28b668fc9656428637398df6281f89f3435a371de5d05f07b1bca3a4262e1d29
2023-03-31 23:16:36,True,3.389e-05,1.068e-08,1420455.0,0.1518,0x62...af05,https://bscscan.com/tx/0x8c7616c1bc17574e3ca3e029b68ea78f06d9c75486b4edc2be0abc92c148169f
2023-03-31 23:16:33,False,3.372e-05,1.063e-08,413485.0,0.0439,0x43...0f23,https://bscscan.com/tx/0x4ab631c5e52318882f264bafd4daf597154a982f5293da8e2208f88ffb9a9bf0
2023-03-31 23:16:33,False,3.372e-05,1.063e-08,6694.48,7.12e-05,0x43...0f23,https://bscscan.com/tx/0x4ab631c5e52318882f264bafd4daf597154a982f5293da8e2208f88ffb9a9bf0
2023-03-31 23:12:33,True,3.389e-05,1.068e-08,2142134.0,0.2289,0xbd...77c2,https://bscscan.com/tx/0x4c8e0e1bdaa626ddd3a8a86e92270688adba92f7aeddb3c5ae0e568067684ab8
2023-03-31 23:11:18,False,3.355e-05,1.063e-08,336292.0,0.0357,0x07...5b5d,https://bscscan.com/tx/0x7ccb60a8883bce970ff6df7f385861cd728fd2977a851194b6b4b3dfa4887e22
2023-03-31 23:11:18,False,3.355e-05,1.063e-08,2700.0,2.871e-05,0x07...5b5d,https://bscscan.com/tx/0x7ccb60a8883bce970ff6df7f385861cd728fd2977a851194b6b4b3dfa4887e22
2023-03-31 23:08:27,False,3.355e-05,1.063e-08,997000.0,0.106,0x9d...57e1,https://bscscan.com/tx/0xdd4d4367e179751adc2263a6374ba34e159f4a2eafc758af52c75203c3b7b3df
2023-03-31 23:08:27,False,3.355e-05,1.063e-08,1538.76,1.636e-05,0x9d...57e1,https://bscscan.com/tx/0xdd4d4367e179751adc2263a6374ba34e159f4a2eafc758af52c75203c3b7b3df
2023-03-31 23:07:45,False,3.373e-05,1.063e-08,568203.0,0.0604,0x8b...4085,https://bscscan.com/tx/0x3ea6b71823e6c866974cdfb7af8096e69644d72f43907cac4f07a82316237dad
2023-03-31 23:07:45,False,3.373e-05,1.063e-08,45072.4,0.0047,0x8b...4085,https://bscscan.com/tx/0x3ea6b71823e6c866974cdfb7af8096e69644d72f43907cac4f07a82316237dad
2023-03-31 23:05:57,True,3.388e-05,1.068e-08,2474097.0,0.2644,0xbd...77c2,https://bscscan.com/tx/0x89e625f8d0e7ea3cb9279a0cf4487d8ee72e35eae603a471f15536aa53029085
2023-03-31 23:02:26,True,3.371e-05,1.068e-08,2807692.0,0.3001,0xbd...77c2,https://bscscan.com/tx/0x6144e1e06e32e6ee2058016b14779aa44a9140fb342526e6a6ab3359862e5c1c
2023-03-31 23:01:44,True,3.388e-05,1.068e-08,1083212.0,0.1157,0x85...04f8,https://bscscan.com/tx/0xba6364579b7532007501c8cbeae5346aa26962a0b5856af4d5009801880b87ba
2023-03-31 22:57:35,True,3.39e-05,1.068e-08,55000.0,0.0058,0x34...62ac,https://bscscan.com/tx/0x336610be18a462e66babfb1be024bd94071ab301567826b89358f2701d0023d6
2023-03-31 22:56:11,False,3.373e-05,1.063e-08,3190400.0,0.3392,0xbd...9b01,https://bscscan.com/tx/0x61cea0383cbf5ed7e09e295ee7de8af5b14a3135073a8c2cc9b9fe54da625954
2023-03-31 22:56:11,False,3.373e-05,1.063e-08,3102.84,3.299e-05,0xbd...9b01,https://bscscan.com/tx/0x61cea0383cbf5ed7e09e295ee7de8af5b14a3135073a8c2cc9b9fe54da625954
2023-03-31 22:52:59,False,3.374e-05,1.063e-08,1145751.0,0.1218,0xc7...cb26,https://bscscan.com/tx/0x11aa31f34ab5eaae45d4e03ddfd48b73a74117cf76493253223c4b1c2d682d17
2023-03-31 22:52:59,False,3.374e-05,1.063e-08,126987.0,0.0135,0xc7...cb26,https://bscscan.com/tx/0x11aa31f34ab5eaae45d4e03ddfd48b73a74117cf76493253223c4b1c2d682d17
2023-03-31 22:49:41,True,3.373e-05,1.068e-08,89321.3,0.0095,0x0d...4da0,https://bscscan.com/tx/0xa9d25ba66b0b29cc92f86627b1b0aeaab91ea493f96aff7505664a5bc4fc7d80
2023-03-31 22:48:17,True,3.373e-05,1.068e-08,321125.0,0.0343,0xd9...3ff7,https://bscscan.com/tx/0x54b64a60237f5f7b5508a5d8855ac69062df928a8f2a280a6d91dfbbf97eae6a
2023-03-31 22:46:41,True,3.39e-05,1.068e-08,250000.0,0.0267,0x00...2276,https://bscscan.com/tx/0xa526311911d908b9df3d3fc142ea0ea19ea61863651c69eb0ef6d532c9eb5256
2023-03-31 22:42:53,True,3.39e-05,1.068e-08,1366015.0,0.146,0xd9...3ff7,https://bscscan.com/tx/0xc4bf65653f8617705fe9118f4700e9489c1f3389c48b9909d53710af932d06ff
2023-03-31 22:41:20,False,3.374e-05,1.064e-08,44870622.0,4.77457,0x79...a03c,https://bscscan.com/tx/0xd6408bed38413014e66fe6cde40a825795194ab4944c4d9d446b76671ce4ee91
2023-03-31 22:41:20,False,3.376e-05,1.064e-08,1298.88,1.382e-05,0x79...a03c,https://bscscan.com/tx/0xd6408bed38413014e66fe6cde40a825795194ab4944c4d9d446b76671ce4ee91
2023-03-31 22:38:56,False,3.359e-05,1.064e-08,479622.0,0.051,0x68...41cd,https://bscscan.com/tx/0x37a023d6c12b5c281233d17085e458e94aa54f572e86996028c62a9d2e49578d
2023-03-31 22:38:56,False,3.359e-05,1.064e-08,27357.0,0.0029,0x68...41cd,https://bscscan.com/tx/0x37a023d6c12b5c281233d17085e458e94aa54f572e86996028c62a9d2e49578d
2023-03-31 22:38:41,False,3.36e-05,1.064e-08,10101844.0,1.07563,0xb5...a25e,https://bscscan.com/tx/0x804c611cd4e106a07ecacc16feeb21fc9f0b8672a6fbb7dde2cab593fa690e10
2023-03-31 22:38:41,False,3.36e-05,1.064e-08,1989.31,2.118e-05,0xb5...a25e,https://bscscan.com/tx/0x804c611cd4e106a07ecacc16feeb21fc9f0b8672a6fbb7dde2cab593fa690e10
2023-03-31 22:37:20,False,3.36e-05,1.064e-08,734570.0,0.0782,0xe2...4e62,https://bscscan.com/tx/0xb99efa99d3cd8972c4effa03439be910250b0942d7aa9de26d0b39265d1301eb
2023-03-31 22:37:20,False,3.36e-05,1.064e-08,1620.0,1.725e-05,0xe2...4e62,https://bscscan.com/tx/0xb99efa99d3cd8972c4effa03439be910250b0942d7aa9de26d0b39265d1301eb
2023-03-31 22:35:19,False,3.361e-05,1.064e-08,598200.0,0.0637,0x08...24b3,https://bscscan.com/tx/0x0a6c04d0acdd54d5b47bedce45439b75e619ddc0d486aa5d17ce2090dea20a5d
2023-03-31 22:35:19,False,3.361e-05,1.064e-08,4231.93,4.506e-05,0x08...24b3,https://bscscan.com/tx/0x0a6c04d0acdd54d5b47bedce45439b75e619ddc0d486aa5d17ce2090dea20a5d
2023-03-31 22:32:50,True,3.395e-05,1.07e-08,30000.0,0.0032,0xec...2b4c,https://bscscan.com/tx/0x574de41da9afa9073f71f3442ceb8a2e024f716d5b21547c88a1cb78c91e529c
2023-03-31 22:26:20,True,3.378e-05,1.07e-08,407418.0,0.0436,0xdc...771e,https://bscscan.com/tx/0x3097c282e88babc84ea33c81a1755ef75c618fca1a01506c5265e88e41972f7c
2023-03-31 22:18:53,True,3.382e-05,1.07e-08,284100.0,0.0304,0x3a...9dcd,https://bscscan.com/tx/0x6fc3e93b96c68eded4006acfe34d7e09e4adcc8d7a7c4edc417e0a7a9a9f8aab
2023-03-31 22:18:23,True,3.383e-05,1.07e-08,588149.0,0.0629,0xe9...f257,https://bscscan.com/tx/0x3ca86949a45dc81462a86a0ca13803e31e01b1c42d344ccf212076435c006c9b
2023-03-31 22:17:35,False,3.366e-05,1.064e-08,256943.0,0.0273,0x3d...a5b5,https://bscscan.com/tx/0xa52b194c598ce0dbcd540a5fb59be7e938a44a851eab76df9eeb0f82a52b9991
2023-03-31 22:17:35,False,3.366e-05,1.064e-08,73223.0,0.0078,0x3d...a5b5,https://bscscan.com/tx/0xa52b194c598ce0dbcd540a5fb59be7e938a44a851eab76df9eeb0f82a52b9991
2023-03-31 22:16:50,True,3.383e-05,1.069e-08,25000000.0,2.67487,0x18...4f97,https://bscscan.com/tx/0x387a6a1b1692553eee7c0974d689fbc5b37b53f17822428c2dab9244ce7a58fb
2023-03-31 22:13:32,False,3.381e-05,1.064e-08,2113263.0,0.2249,0xa2...f81f,https://bscscan.com/tx/0xc2f42d5d7654ff76c6f95863aa5a72702ffac4ea6fbb11b515cd06ab6b214fe5
2023-03-31 22:13:32,False,3.381e-05,1.064e-08,45915.6,0.0048,0xa2...f81f,https://bscscan.com/tx/0xc2f42d5d7654ff76c6f95863aa5a72702ffac4ea6fbb11b515cd06ab6b214fe5
2023-03-31 22:11:20,False,3.365e-05,1.064e-08,16954772.0,1.80493,0x69...fc0d,https://bscscan.com/tx/0xaf2c7d532d18f5fcb77731b0a9f78498ee081094beaef94d4c2a6f252806b35b
2023-03-31 22:11:20,False,3.366e-05,1.064e-08,11335.9,0.0012,0x69...fc0d,https://bscscan.com/tx/0xaf2c7d532d18f5fcb77731b0a9f78498ee081094beaef94d4c2a6f252806b35b
2023-03-31 22:11:14,False,3.383e-05,1.064e-08,4185884.0,0.4457,0x64...1b82,https://bscscan.com/tx/0xbdf9f48960b5246fa92e5a1ad3b464992adbfc4045b7f979c84bb2f8b6d19527
2023-03-31 22:11:14,False,3.383e-05,1.064e-08,2914.65,3.103e-05,0x64...1b82,https://bscscan.com/tx/0xbdf9f48960b5246fa92e5a1ad3b464992adbfc4045b7f979c84bb2f8b6d19527
2023-03-31 22:10:56,False,3.383e-05,1.064e-08,1076263.0,0.1146,0x94...e177,https://bscscan.com/tx/0x9b969686375b2983c94ac0ea1d901e571b795939fa579191d3855173d0a84bac
2023-03-31 22:10:56,False,3.383e-05,1.064e-08,50220.0,0.0053,0x94...e177,https://bscscan.com/tx/0x9b969686375b2983c94ac0ea1d901e571b795939fa579191d3855173d0a84bac
2023-03-31 22:09:23,True,3.382e-05,1.07e-08,18500000.0,1.97953,0x18...4f97,https://bscscan.com/tx/0xe4b85b3cc95b249095fea7f6d77f56668f63d1ca49b0c74875369009eafb4793
2023-03-31 22:07:44,False,3.366e-05,1.064e-08,99700.0,0.0106,0xa0...2ae4,https://bscscan.com/tx/0x35d0546f47cb586d8cdca38504912550eb7c173fcdb9601a5d824b3bfdb52927
2023-03-31 22:07:44,False,3.366e-05,1.064e-08,16200.0,0.0017,0xa0...2ae4,https://bscscan.com/tx/0x35d0546f47cb586d8cdca38504912550eb7c173fcdb9601a5d824b3bfdb52927
2023-03-31 22:07:35,False,3.366e-05,1.064e-08,5982000.0,0.6367,0x94...2eeb,https://bscscan.com/tx/0x70bfd754c7646b5c702aaf79a6696123a0fc6f95685cf592f872bac3723ff558
2023-03-31 22:07:35,False,3.367e-05,1.064e-08,22655.8,0.0024,0x94...2eeb,https://bscscan.com/tx/0x70bfd754c7646b5c702aaf79a6696123a0fc6f95685cf592f872bac3723ff558
2023-03-31 22:06:53,True,3.383e-05,1.069e-08,6028487.0,0.6449,0x3d...db93,https://bscscan.com/tx/0x051c2f587688f5cc529daf6d440de3296f1a809a1dd5fa2d4232e65e1b953d06
2023-03-31 22:05:56,True,3.383e-05,1.069e-08,634714.0,0.0679,0x19...8c6f,https://bscscan.com/tx/0xa88ec80914b6fadf3d7829535af2586c975d419be50b5d0e1144149026f69ed5
2023-03-31 22:05:53,False,3.366e-05,1.064e-08,1722666.0,0.1833,0x09...1a8e,https://bscscan.com/tx/0xdc3f4465d2d2c4db211ee9a76d32a346e49add628e27b72de0e0e30c9bd31471
2023-03-31 22:05:53,False,3.366e-05,1.064e-08,82468.5,0.0087,0x09...1a8e,https://bscscan.com/tx/0xdc3f4465d2d2c4db211ee9a76d32a346e49add628e27b72de0e0e30c9bd31471
2023-03-31 22:05:41,True,3.399e-05,1.069e-08,9240396.0,0.9884,0x0e...e202,https://bscscan.com/tx/0x2d73e68f5a150fdb42309eecda6e6aa095141dd40158643c21f290a4bb4768c5
2023-03-31 22:05:11,True,3.381e-05,1.069e-08,20000000.0,2.13863,0x18...4f97,https://bscscan.com/tx/0xb5db52eb31bda682aa9f43559ebd182555862765d8b5f3820b7bb3dbfae5b9de
2023-03-31 22:02:35,True,3.38e-05,1.069e-08,535564.0,0.0572,0x6e...193d,https://bscscan.com/tx/0x9f2d5399934d48cfbfb565479d267f2be8f690ee061d5f10dad280337f9df32c
2023-03-31 22:02:08,False,3.38e-05,1.063e-08,735926.0,0.0782,0x4b...7299,https://bscscan.com/tx/0xe052ffc7def9685f3d70ffe57e9fa72739278f1b44ec5b65aafc6bb306b7f6a3
2023-03-31 22:02:08,False,3.38e-05,1.063e-08,969.351,1.031e-05,0x4b...7299,https://bscscan.com/tx/0xe052ffc7def9685f3d70ffe57e9fa72739278f1b44ec5b65aafc6bb306b7f6a3
2023-03-31 22:01:47,False,3.38e-05,1.063e-08,357942.0,0.038,0x46...a877,https://bscscan.com/tx/0xac2f9709a56fed45ad13d82a8aac55d4877c20b8cd34ae6c75221cd9b2ec9ab8
2023-03-31 22:01:47,False,3.38e-05,1.063e-08,97766.4,0.0104,0x46...a877,https://bscscan.com/tx/0xac2f9709a56fed45ad13d82a8aac55d4877c20b8cd34ae6c75221cd9b2ec9ab8
2023-03-31 22:01:05,True,3.396e-05,1.068e-08,9512923.0,1.01689,0x80...916d,https://bscscan.com/tx/0x4a9e0267f49783cc8bbf20088bc27bca911c79ae0d70d658bb7f1ca1551eb270
2023-03-31 22:00:26,True,3.396e-05,1.068e-08,5000000.0,0.5343,0x18...4f97,https://bscscan.com/tx/0x5840b571c091605554e3569d7b8de441eae6db4694e17edb5a3fadc6db5eb851
2023-03-31 21:59:05,True,3.396e-05,1.068e-08,4866.42,5.2e-05,0x17...348b,https://bscscan.com/tx/0x4f38e6bcb84b4344c239c263730483e750fc2c0e7089bdcb7e7058081b3c69d3
2023-03-31 21:58:20,True,3.395e-05,1.068e-08,15951743.0,1.70444,0x80...916d,https://bscscan.com/tx/0x89e95feb3a548eb372f08f17d57f551ae973cc0d9eb060196e229b9ad5986cbd
2023-03-31 21:55:41,True,3.394e-05,1.068e-08,292855.0,0.0312,0xcc...87e6,https://bscscan.com/tx/0x87566e6a545fffd6a55c0e4e1b559670877a7fca0ee82d1b0a4ffd80cd86b39b
2023-03-31 21:55:35,True,3.394e-05,1.068e-08,1241020.0,0.1325,0xb5...6a2d,https://bscscan.com/tx/0xf32ce330add20e3e7047b247a328a0a2a51f476f6ef86ea59119f5e01a6dddf1
2023-03-31 21:53:56,True,3.377e-05,1.068e-08,77297.2,0.0082,0x7b...1c60,https://bscscan.com/tx/0xa92ea869d078b24c2c9f3755b39f38a8f630208e43612427f5c49d0bba9cdc6d
2023-03-31 21:51:56,False,3.378e-05,1.062e-08,997000.0,0.1059,0x54...1dec,https://bscscan.com/tx/0x446a9b6335e583cf887d267ead4e42c2f6d9295e189d4976848e6fa36028e237
2023-03-31 21:51:56,False,3.378e-05,1.062e-08,79779.8,0.0084,0x54...1dec,https://bscscan.com/tx/0x446a9b6335e583cf887d267ead4e42c2f6d9295e189d4976848e6fa36028e237
2023-03-31 21:50:38,True,3.395e-05,1.068e-08,321645.0,0.0343,0xbf...6fec,https://bscscan.com/tx/0xe58f8b8ea82bf16cdf8d26c521ecb3630723a1041b85b2ca1417af35d2ce06d4
2023-03-31 21:48:56,True,3.378e-05,1.068e-08,78183.6,0.0083,0xb5...6a2d,https://bscscan.com/tx/0xba2a3e6c3ce80e3abcb41372c8141fa483cc0b4da6f11d2dfa7c5f7ad3339996
2023-03-31 21:42:34,True,3.378e-05,1.068e-08,2200000.0,0.235,0xcc...acff,https://bscscan.com/tx/0x8bcc5533a42fc253eb570e29d9e7a5e58e2103abe199005262c5a9d085143564
2023-03-31 21:41:46,False,3.379e-05,1.063e-08,26867392.0,2.85659,0x43...b681,https://bscscan.com/tx/0x5636eb2fdff63979aec959b7825e529453ed5256ac3368613134f652557fafb5
2023-03-31 21:41:46,False,3.38e-05,1.063e-08,9718.44,0.001,0x43...b681,https://bscscan.com/tx/0x5636eb2fdff63979aec959b7825e529453ed5256ac3368613134f652557fafb5
2023-03-31 21:41:19,False,3.363e-05,1.063e-08,3588623.0,0.3816,0xf5...8e9f,https://bscscan.com/tx/0x4527e9d150639f311d48b3ad14a53b9d774a7a986d00526f35fd6d9a4f65ed2c
2023-03-31 21:41:19,False,3.363e-05,1.063e-08,21951.4,0.0023,0xf5...8e9f,https://bscscan.com/tx/0x4527e9d150639f311d48b3ad14a53b9d774a7a986d00526f35fd6d9a4f65ed2c
2023-03-31 21:38:37,True,3.396e-05,1.068e-08,4700000.0,0.5024,0x18...4f97,https://bscscan.com/tx/0xf9282aabf16b1d8d3abde3451a1903d1b062a40371c4e257fa8a7243bc072ab3
2023-03-31 21:37:49,True,3.396e-05,1.068e-08,1000000.0,0.1068,0x7f...8b38,https://bscscan.com/tx/0x94349c2ff3b4e6690c0cbbf7466d0161b1d32a2f33add525f972ea7c66b70fb3
2023-03-31 21:31:55,True,3.396e-05,1.068e-08,1681849.0,0.1797,0x0b...2d3e,https://bscscan.com/tx/0xf8de309a349c627255b7b50ada3d21782a414504384c5f5356100a202fa38cc4
2023-03-31 21:31:52,False,3.379e-05,1.063e-08,409198.0,0.0435,0x6a...9717,https://bscscan.com/tx/0x39a2757f5811a3b247239d461266a07863e4192bbc5e8320f09e38d97068863e
2023-03-31 21:31:52,False,3.379e-05,1.063e-08,50557.3,0.0053,0x6a...9717,https://bscscan.com/tx/0x39a2757f5811a3b247239d461266a07863e4192bbc5e8320f09e38d97068863e
2023-03-31 21:28:22,False,3.362e-05,1.063e-08,18668733.0,1.98582,0xb4...d694,https://bscscan.com/tx/0x02dab69e1fad0ca8b9bb6b963b7213267037ae0e6a70ea02e4d1965e0c8b4c92
2023-03-31 21:28:22,False,3.363e-05,1.063e-08,4381.13,4.661e-05,0xb4...d694,https://bscscan.com/tx/0x02dab69e1fad0ca8b9bb6b963b7213267037ae0e6a70ea02e4d1965e0c8b4c92
2023-03-31 21:27:40,False,3.38e-05,1.063e-08,1617773.0,0.1721,0xc1...d0bc,https://bscscan.com/tx/0x9e78b2b289d5e2b35bfc40d257110b9d071c163886d7ad78c920ac7add7210c5
2023-03-31 21:27:40,False,3.38e-05,1.063e-08,5035.4,5.357e-05,0xc1...d0bc,https://bscscan.com/tx/0x9e78b2b289d5e2b35bfc40d257110b9d071c163886d7ad78c920ac7add7210c5
2023-03-31 21:27:34,True,3.397e-05,1.069e-08,858963.0,0.0918,0x22...dfdc,https://bscscan.com/tx/0x7713c7c68fe6a9afca4a4f31c003581ed1cd95415f256f4ac31576c786a2e576
2023-03-31 21:24:46,False,3.363e-05,1.063e-08,1002980.0,0.1067,0xe7...9ae0,https://bscscan.com/tx/0xc09182ecd0bdfd46383fb164297a6b8f096e46bed268df9f06d3989c73cebae4
2023-03-31 21:24:46,False,3.363e-05,1.064e-08,56888.1,0.006,0xe7...9ae0,https://bscscan.com/tx/0xc09182ecd0bdfd46383fb164297a6b8f096e46bed268df9f06d3989c73cebae4
2023-03-31 21:24:34,True,3.38e-05,1.069e-08,6377863.0,0.6819,0x6f...4225,https://bscscan.com/tx/0x8afe7884b09c2989b94895700014007b2d217d05871307701c9bd1c9e10431d3
2023-03-31 21:23:22,True,3.397e-05,1.069e-08,589242.0,0.063,0x59...210f,https://bscscan.com/tx/0x8be7ffa98660819222eb9139f6ae182a9faa4670a812ef15cd5ce36d0176a047
2023-03-31 21:21:49,True,3.397e-05,1.068e-08,13510280.0,1.44423,0xc1...8436,https://bscscan.com/tx/0xdabdc62558fb939e2ee50b9050c859bf7e6c17f7f0e398667ff074704dc85f0c
2023-03-31 21:20:34,False,3.379e-05,1.063e-08,590486.0,0.0628,0x2c...0a8e,https://bscscan.com/tx/0xe56cb1ab4aafc368540e10d5bd98d7fca7c8a9f5f8f763207b4c7e06b269b4c8
2023-03-31 21:20:34,False,3.379e-05,1.063e-08,17297.7,0.0018,0x2c...0a8e,https://bscscan.com/tx/0xe56cb1ab4aafc368540e10d5bd98d7fca7c8a9f5f8f763207b4c7e06b269b4c8
2023-03-31 21:19:34,False,3.363e-05,1.063e-08,6387331.0,0.6793,0x6f...4225,https://bscscan.com/tx/0x2789fcb4e054a41f0d8d34ea0f5bb8a574a9e674457cd54b5ac3e7fd1c401841
2023-03-31 21:19:34,False,3.363e-05,1.063e-08,13205.3,0.0014,0x6f...4225,https://bscscan.com/tx/0x2789fcb4e054a41f0d8d34ea0f5bb8a574a9e674457cd54b5ac3e7fd1c401841
2023-03-31 21:18:13,True,3.38e-05,1.068e-08,2943392.0,0.3146,0xf8...1f74,https://bscscan.com/tx/0xe7ea3eb8021733699946c120a5bf31a7bdbc0825f11979cbc9f63c0a1f748825
2023-03-31 21:17:01,False,3.364e-05,1.063e-08,1941613.0,0.2065,0x9d...750c,https://bscscan.com/tx/0xca827c97061864cad0b5961cba4b2520e7c8444bf59ecc1566cc36160565184f
2023-03-31 21:17:01,False,3.364e-05,1.063e-08,1364.6,1.451e-05,0x9d...750c,https://bscscan.com/tx/0xca827c97061864cad0b5961cba4b2520e7c8444bf59ecc1566cc36160565184f
2023-03-31 21:15:49,True,3.398e-05,1.068e-08,58704.4,0.0062,0x46...2343,https://bscscan.com/tx/0xf87ff640a6c5dc48712936fb0e02acd1e472e8d46bbca3ab4deb55129ebcd796
2023-03-31 21:13:34,False,3.364e-05,1.063e-08,445362.0,0.0473,0xa4...f7d8,https://bscscan.com/tx/0x7c4f2329cdd581ebbd2d2c26e82a3bf0d1e6d1d28e202b35d0d418b78c654845
2023-03-31 21:13:34,False,3.364e-05,1.063e-08,22479.7,0.0023,0xa4...f7d8,https://bscscan.com/tx/0x7c4f2329cdd581ebbd2d2c26e82a3bf0d1e6d1d28e202b35d0d418b78c654845
2023-03-31 21:13:28,True,3.398e-05,1.068e-08,322739.0,0.0345,0x05...a9ab,https://bscscan.com/tx/0xe09a477c682bae6d1df573d82ecdfdf228d99c762d879870cf8ff76b1efdfb99
2023-03-31 21:09:55,True,3.397e-05,1.068e-08,7603084.0,0.8126,0xe7...749f,https://bscscan.com/tx/0x9e75ee73991a975409f3a6cde6aca04b373fab103d9dd9f46d3f5fd352916f01
2023-03-31 21:09:19,False,3.363e-05,1.063e-08,398800.0,0.0424,0x5b...86a5,https://bscscan.com/tx/0x4e0b93e3f9fc26b51ac54418bc8302165eea91a7f371e766450d7f38a4896e7c
2023-03-31 21:09:19,False,3.363e-05,1.063e-08,37954.7,0.004,0x5b...86a5,https://bscscan.com/tx/0x4e0b93e3f9fc26b51ac54418bc8302165eea91a7f371e766450d7f38a4896e7c
2023-03-31 21:06:49,True,3.396e-05,1.068e-08,5888019.0,0.6292,0x78...8187,https://bscscan.com/tx/0x06242c7a7bab98ff1f007ea68b9c48809f4021e429d6a796380b17de0cec9fe3
2023-03-31 21:06:43,False,3.361e-05,1.063e-08,8144784.0,0.8661,0x01...4cea,https://bscscan.com/tx/0xa27e572087bc01513ec874bd8ce1b84317065f2def34601ed6ad7d8d0ae5a1a0
2023-03-31 21:06:43,False,3.361e-05,1.063e-08,35560.8,0.0037,0x01...4cea,https://bscscan.com/tx/0xa27e572087bc01513ec874bd8ce1b84317065f2def34601ed6ad7d8d0ae5a1a0
2023-03-31 21:06:34,False,3.362e-05,1.063e-08,13131150.0,1.39673,0x95...1794,https://bscscan.com/tx/0x67727a0f2d1fe871009fdae4ba3b8c4d47c3575b9ba1568699f7c39781bdb966
2023-03-31 21:06:34,False,3.362e-05,1.063e-08,2490.78,2.649e-05,0x95...1794,https://bscscan.com/tx/0x67727a0f2d1fe871009fdae4ba3b8c4d47c3575b9ba1568699f7c39781bdb966
2023-03-31 21:03:16,False,3.381e-05,1.063e-08,919744.0,0.0978,0xf0...281f,https://bscscan.com/tx/0xef78991af3465484d134c5411624589b155a8561746cbc7d6d6f5cfbd430cfcf
2023-03-31 21:03:16,False,3.381e-05,1.063e-08,18767.9,0.002,0xf0...281f,https://bscscan.com/tx/0xef78991af3465484d134c5411624589b155a8561746cbc7d6d6f5cfbd430cfcf
2023-03-31 21:01:46,True,3.38e-05,1.069e-08,6425829.0,0.687,0x6f...4225,https://bscscan.com/tx/0x649d7e7d1bae6a6efb4df5b893a2daf1612b7415551b075c5f33217b4afd825c
2023-03-31 21:01:01,True,3.397e-05,1.069e-08,187084.0,0.02,0x70...c515,https://bscscan.com/tx/0x49061e9c37ddfaa3bde409f534b32079ed3fdcbbc103e8b2a9b91ce12d35b883
2023-03-31 20:58:55,False,3.362e-05,1.063e-08,337132.0,0.0358,0x74...e17e,https://bscscan.com/tx/0xfe5a9afc4b18748b5afa4a45574aec22c7f3837ad59acad58955e1d3c29b6da5
2023-03-31 20:58:55,False,3.362e-05,1.063e-08,586427.0,0.0623,0x74...e17e,https://bscscan.com/tx/0xfe5a9afc4b18748b5afa4a45574aec22c7f3837ad59acad58955e1d3c29b6da5
2023-03-31 20:58:28,True,3.397e-05,1.068e-08,4648831.0,0.4969,0x7b...8439,https://bscscan.com/tx/0xe41fd1f28b55cd21b1e080a44bf598a2fdfccfea829c4ce3be6c5d23aca34b01
2023-03-31 20:55:58,True,3.399e-05,1.069e-08,132258.0,0.0141,0x8a...cf28,https://bscscan.com/tx/0xa8b759e3db111d7e6b4cc8314f6fcf7561f30db18e9c3c82b67f905b2691c578
2023-03-31 20:54:43,True,3.397e-05,1.068e-08,219748.0,0.0234,0xd7...3548,https://bscscan.com/tx/0x25120dacbb924a3733c531a033c61fff63882f2367834c8a108c7c4208ad306b
2023-03-31 20:53:58,True,3.388e-05,1.066e-08,205143979.0,21.8744,0x4e...4130,https://bscscan.com/tx/0x6c255ffb1bd699335a5803d23fb339fcf9b6d434772a052b7771d42ea4095685
2023-03-31 20:49:10,True,3.363e-05,1.063e-08,658102.0,0.07,0xa3...8f0f,https://bscscan.com/tx/0x4cafea5cbe6d0e6ff8f4154ecc273ff7604f4e04e67d8e5edb5c28fef7a7bb9d
2023-03-31 20:47:04,True,3.379e-05,1.063e-08,1015000.0,0.1079,0xa8...b89d,https://bscscan.com/tx/0x8e0c8f2d32d0aa600bc3fddcdda124e95a267a530f8d531368f1606885cf2227
2023-03-31 20:44:40,False,3.346e-05,1.058e-08,4377050.0,0.4632,0x95...1794,https://bscscan.com/tx/0xd15b79e2bfa83caf0d442e57986001ee6369afe45da5d3c968ec9d6ef6ba96e7
2023-03-31 20:44:40,False,3.346e-05,1.058e-08,28784.6,0.003,0x95...1794,https://bscscan.com/tx/0xd15b79e2bfa83caf0d442e57986001ee6369afe45da5d3c968ec9d6ef6ba96e7
2023-03-31 20:44:40,True,3.363e-05,1.063e-08,104118.0,0.011,0xc5...7034,https://bscscan.com/tx/0x67fb6603ad4115ce254d00b8483e953fc912c239b18c3847c5add3190fbf56ca
2023-03-31 20:43:52,True,3.363e-05,1.063e-08,4023.5,4.279e-05,0x02...dd38,https://bscscan.com/tx/0x232c2aa2ae38e2b1f6bbd64d10ef04c7f4baf3b173ec256edfaceb54f8d3113a
2023-03-31 20:43:28,True,3.379e-05,1.063e-08,9118525.0,0.9698,0xfb...c7b8,https://bscscan.com/tx/0x1a92c589654b811e620afaf7572bc4d523c63222bf3ba451e4675f14e05a4c1b
2023-03-31 20:42:34,True,3.361e-05,1.063e-08,591978.0,0.0629,0x2c...3548,https://bscscan.com/tx/0x986a6cf41006d6e9f09725e8308aef0e3a4fbf74513b4d1143cca58726fa1214
2023-03-31 20:41:01,False,3.361e-05,1.058e-08,839808.0,0.0888,0x78...4586,https://bscscan.com/tx/0x0371ee5bc947fb8894594fb5b0a0cf66b3c002d087c30d68247086c5c8b62242
2023-03-31 20:41:01,False,3.361e-05,1.058e-08,61813.1,0.0065,0x78...4586,https://bscscan.com/tx/0x0371ee5bc947fb8894594fb5b0a0cf66b3c002d087c30d68247086c5c8b62242
2023-03-31 20:40:34,True,3.361e-05,1.063e-08,18245806.0,1.94004,0xfb...c7b8,https://bscscan.com/tx/0x0aabfac501c2d6b0d70d74eb7206bb450ce5edeb600d196903c8127a71bac3de
2023-03-31 20:38:40,True,3.36e-05,1.063e-08,1777000.0,0.1889,0x22...8178,https://bscscan.com/tx/0x9f4a309e143c0880571efc4a10bf4021c675a720ab3ce7a5c80114c8a828ff5e
2023-03-31 20:37:22,True,3.377e-05,1.062e-08,870931.0,0.0925,0x53...5296,https://bscscan.com/tx/0x3481ebac00545c567c471155df009d09675f41af4beda817af4fdbba0e446e0d
2023-03-31 20:35:31,False,3.36e-05,1.057e-08,1994000.0,0.2109,0x22...8178,https://bscscan.com/tx/0xd41ee459c2d44b109a7f31c28f2d5ed362ec3c49a3ff62e4030281b164af91e6
2023-03-31 20:35:31,False,3.36e-05,1.057e-08,14192.6,0.0015,0x22...8178,https://bscscan.com/tx/0xd41ee459c2d44b109a7f31c28f2d5ed362ec3c49a3ff62e4030281b164af91e6
2023-03-31 20:34:31,True,3.376e-05,1.062e-08,3256531.0,0.3461,0xeb...6291,https://bscscan.com/tx/0x99db87be8c6bfa8896ca76cc895bf9fb0caf79137da67eaf70b035fe23c90fce
2023-03-31 20:33:55,False,3.343e-05,1.057e-08,1994000.0,0.2109,0x22...8178,https://bscscan.com/tx/0x60b4aa0529d9306f485717f26bbff41d42ff7e4d9632c534b4caa2086038eba5
2023-03-31 20:33:55,False,3.343e-05,1.057e-08,47926.7,0.005,0x22...8178,https://bscscan.com/tx/0x60b4aa0529d9306f485717f26bbff41d42ff7e4d9632c534b4caa2086038eba5
2023-03-31 20:32:12,True,3.377e-05,1.062e-08,2750624.0,0.2923,0xcb...345c,https://bscscan.com/tx/0x2845a203df12c9de5b6687b7069a7f44d9d891766a8e64df477f0120562e2576
2023-03-31 20:32:00,False,3.343e-05,1.057e-08,14955000.0,1.58196,0x16...3d3c,https://bscscan.com/tx/0xf2ca3d6ad7b1f0e8b47c37e3a4fbda9da82f8d4c78d25dbc3bd1c0a488325c08
2023-03-31 20:32:00,False,3.344e-05,1.058e-08,15310.1,0.0016,0x16...3d3c,https://bscscan.com/tx/0xf2ca3d6ad7b1f0e8b47c37e3a4fbda9da82f8d4c78d25dbc3bd1c0a488325c08
2023-03-31 20:31:45,True,3.378e-05,1.063e-08,1170425.0,0.1244,0x62...7106,https://bscscan.com/tx/0x59d3727376ed6b70155dfd9ba4b04dbeac866ab4d84d2cdde56919b9fe19565d
2023-03-31 20:31:15,False,3.344e-05,1.058e-08,4486500.0,0.4746,0xc2...1d47,https://bscscan.com/tx/0x230c0620b8bc80be07a9e437413bdfe2585483bd9726dabc42338ff0350d5a38
2023-03-31 20:31:15,False,3.344e-05,1.058e-08,5326.33,5.635e-05,0xc2...1d47,https://bscscan.com/tx/0x230c0620b8bc80be07a9e437413bdfe2585483bd9726dabc42338ff0350d5a38
2023-03-31 20:28:27,True,3.361e-05,1.063e-08,940393.0,0.1,0x30...c6e7,https://bscscan.com/tx/0x4ef175203d2e8c35c9d7b96857978d23a08a708f1c9ade6d31e589e127a1dd39
2023-03-31 20:25:03,False,3.344e-05,1.058e-08,94465.7,0.01,0x7d...cd62,https://bscscan.com/tx/0x62c63dd1864c8f9134b0da847df730c4b99695b06ef7f61af2ad9f833545e988
2023-03-31 20:25:03,False,3.344e-05,1.058e-08,156419.0,0.0165,0x7d...cd62,https://bscscan.com/tx/0x62c63dd1864c8f9134b0da847df730c4b99695b06ef7f61af2ad9f833545e988
2023-03-31 20:25:03,True,3.361e-05,1.063e-08,3819180.0,0.4061,0xe1...b67f,https://bscscan.com/tx/0xe905bae61f4736eab5670eb594e31fe4952c90acfdb246ed2bec33a10db1be27
2023-03-31 20:22:54,True,3.36e-05,1.063e-08,2024287.0,0.2152,0xa8...9ce9,https://bscscan.com/tx/0xbdb624d32500fda3575d1bcbbef2f4a45f553f0cf06e754889b8a21db44ec300
2023-03-31 20:22:42,True,3.36e-05,1.063e-08,600000.0,0.0637,0x74...2f0a,https://bscscan.com/tx/0x37d8e671045a81ecfa4b4d7a5e9de839145f1085e7aae46a1d038354924ac137
2023-03-31 20:22:27,True,3.36e-05,1.063e-08,323627.0,0.0344,0x59...0627,https://bscscan.com/tx/0xd8a297adc86c738d162eba77ad18ae8730399c8a178647613493481b93494986
2023-03-31 20:20:18,True,3.358e-05,1.062e-08,50827857.0,5.40075,0xef...cb6a,https://bscscan.com/tx/0x45606f868a1d418058f305cf65a7879ab4fbc703aa031b51f95b279bbe7349b2
2023-03-31 20:20:12,False,3.357e-05,1.056e-08,202817.0,0.0214,0xa6...8fac,https://bscscan.com/tx/0x44c58b20c558cac96ab5a5b046ff6c6c3c98994de8b79fae27647bac5148fec6
2023-03-31 20:20:12,False,3.357e-05,1.056e-08,55292.3,0.0058,0xa6...8fac,https://bscscan.com/tx/0x44c58b20c558cac96ab5a5b046ff6c6c3c98994de8b79fae27647bac5148fec6
2023-03-31 20:19:27,False,3.357e-05,1.056e-08,20417191.0,2.15784,0xc3...8152,https://bscscan.com/tx/0x35297c9584efec1aca956400e2a1ecb8e3c5f2398adf876912fdcf8ec3c98991
2023-03-31 20:19:27,False,3.358e-05,1.057e-08,7745.98,8.188e-05,0xc3...8152,https://bscscan.com/tx/0x35297c9584efec1aca956400e2a1ecb8e3c5f2398adf876912fdcf8ec3c98991
2023-03-31 20:19:24,True,3.358e-05,1.062e-08,647779.0,0.0688,0xea...d827,https://bscscan.com/tx/0xa66b4d471b296c3f85555641e2ade8647c53fa9ce29637baf44afe4c22d5c6a2
2023-03-31 20:18:18,True,3.358e-05,1.062e-08,741103.0,0.0787,0x0f...27cd,https://bscscan.com/tx/0xfb0e89edb4128bc49ea0cbfcc979c8a1094d84a3db574af633e1be5e69ee6f4a
2023-03-31 20:17:54,False,3.358e-05,1.057e-08,1475560.0,0.1559,0x0d...a3ec,https://bscscan.com/tx/0x8fdc43eed69016c49380aee1ee06f2a68ba2dce482cdf2ef753a256035776e28
2023-03-31 20:17:54,False,3.358e-05,1.057e-08,747.966,7.906e-06,0x0d...a3ec,https://bscscan.com/tx/0x8fdc43eed69016c49380aee1ee06f2a68ba2dce482cdf2ef753a256035776e28
2023-03-31 20:17:14,False,3.358e-05,1.057e-08,276193.0,0.0292,0xea...96c6,https://bscscan.com/tx/0xc5da22aa6e1452c2b5821a239c3d746599a3dd10eb4ee5225bb73e5a1a6fee9e
2023-03-31 20:17:14,False,3.358e-05,1.057e-08,423098.0,0.0447,0xea...96c6,https://bscscan.com/tx/0xc5da22aa6e1452c2b5821a239c3d746599a3dd10eb4ee5225bb73e5a1a6fee9e
2023-03-31 20:14:34,True,3.357e-05,1.062e-08,32955577.0,3.5,0x97...6df0,https://bscscan.com/tx/0x1c1018dc0e730e4d3114c1736fc3f3b78aba5ac717bbca1425f0aa3289003ae3
2023-03-31 20:12:17,True,3.356e-05,1.061e-08,5840560.0,0.62,0x36...cd72,https://bscscan.com/tx/0x10e729cbe1f9e42ce11c0dee7ddb60de894265fbc2e4f52177595d541c57abfe
2023-03-31 20:10:41,False,3.344e-05,1.057e-08,117553251.0,12.4331,0x12...5c3e,https://bscscan.com/tx/0xa9b8b009c3385f82faab664e50619cc727ca492f9982c637c7885ff0f3803249
2023-03-31 20:10:41,False,3.348e-05,1.059e-08,1704.34,1.805e-05,0x12...5c3e,https://bscscan.com/tx/0xa9b8b009c3385f82faab664e50619cc727ca492f9982c637c7885ff0f3803249
2023-03-31 20:10:35,False,3.365e-05,1.059e-08,629342.0,0.0666,0x1a...bd5a,https://bscscan.com/tx/0x8ba11cc74821f24382f37a631a827000a76efdc1a9c83d942512d5f369c4a111
2023-03-31 20:10:35,False,3.365e-05,1.059e-08,5940.0,6.291e-05,0x1a...bd5a,https://bscscan.com/tx/0x8ba11cc74821f24382f37a631a827000a76efdc1a9c83d942512d5f369c4a111
2023-03-31 20:09:59,False,3.365e-05,1.059e-08,2193400.0,0.2323,0x84...f5a2,https://bscscan.com/tx/0xda542e8f6a19850453fe8e19a28b9bde47720f6ae96d62d581e71d5b29ab3226
2023-03-31 20:09:59,False,3.365e-05,1.059e-08,27272.6,0.0028,0x84...f5a2,https://bscscan.com/tx/0xda542e8f6a19850453fe8e19a28b9bde47720f6ae96d62d581e71d5b29ab3226
2023-03-31 20:09:17,True,3.382e-05,1.064e-08,3713461.0,0.3952,0x97...e988,https://bscscan.com/tx/0x4d2229d9aee6fca56fbdc4833baf38f8eee2bc4b628fbb4a059b7b23df1c792e
2023-03-31 20:08:08,False,3.348e-05,1.059e-08,6368348.0,0.6745,0xcb...152b,https://bscscan.com/tx/0x88177e96b3c803151150d0c29881c8370f92601dc9ba9fe88f672491978a2ef8
2023-03-31 20:08:08,False,3.348e-05,1.059e-08,13371.5,0.0014,0xcb...152b,https://bscscan.com/tx/0x88177e96b3c803151150d0c29881c8370f92601dc9ba9fe88f672491978a2ef8
2023-03-31 20:06:50,True,3.365e-05,1.064e-08,1037169.0,0.1104,0x8e...52cf,https://bscscan.com/tx/0x3855a1aa3bf271b5b3c99d7c6179fe57c0e5adfff2715ede382f1868d5366293
2023-03-31 20:05:20,False,3.348e-05,1.059e-08,3069074.0,0.3251,0x13...e80f,https://bscscan.com/tx/0xe7657ae4c5247ca3d9d1313920e5899371d5a0ba020af945f84b32d6180b02f6
2023-03-31 20:05:20,False,3.348e-05,1.059e-08,5755.05,6.096e-05,0x13...e80f,https://bscscan.com/tx/0xe7657ae4c5247ca3d9d1313920e5899371d5a0ba020af945f84b32d6180b02f6
2023-03-31 20:03:53,True,3.366e-05,1.064e-08,131499.0,0.014,0x63...049a,https://bscscan.com/tx/0xbac2cf323bc6bb92868b44c642b2f126b5f396d803e8b0d9d68a03a5e0024085
2023-03-31 20:02:44,False,3.366e-05,1.059e-08,1994000.0,0.2112,0x9b...20fa,https://bscscan.com/tx/0xc4c6ff6eebe35202fb6e1487482650725b7b4bc4e1b2549586f08b18ad4926a8
2023-03-31 20:02:44,False,3.366e-05,1.059e-08,5884.16,6.233e-05,0x9b...20fa,https://bscscan.com/tx/0xc4c6ff6eebe35202fb6e1487482650725b7b4bc4e1b2549586f08b18ad4926a8
2023-03-31 19:58:56,False,3.349e-05,1.059e-08,196210.0,0.0207,0x18...0999,https://bscscan.com/tx/0x8b4fd6af181cf98223ca83e544e5b543e7696bde81eaf25e4211110966521f18
2023-03-31 19:58:56,False,3.349e-05,1.059e-08,49528.6,0.0052,0x18...0999,https://bscscan.com/tx/0x8b4fd6af181cf98223ca83e544e5b543e7696bde81eaf25e4211110966521f18
2023-03-31 19:58:35,False,3.367e-05,1.059e-08,18288893.0,1.93793,0xb0...a783,https://bscscan.com/tx/0x36ca906d1c3eca76ab6ebd04df1c8d9a5d16a8e128737b78cc581390d03bc207
2023-03-31 19:58:35,False,3.368e-05,1.059e-08,372.6,3.949e-06,0xb0...a783,https://bscscan.com/tx/0x36ca906d1c3eca76ab6ebd04df1c8d9a5d16a8e128737b78cc581390d03bc207
2023-03-31 19:57:56,False,3.366e-05,1.059e-08,137586.0,0.0145,0xb0...a783,https://bscscan.com/tx/0x7986e672899ce896bf59550b23305dbb68ad850c0f23740c94542f7a590a1715
2023-03-31 19:57:56,False,3.366e-05,1.059e-08,45715.4,0.0048,0xb0...a783,https://bscscan.com/tx/0x7986e672899ce896bf59550b23305dbb68ad850c0f23740c94542f7a590a1715
2023-03-31 19:57:26,True,3.383e-05,1.065e-08,129400.0,0.0137,0x3e...86eb,https://bscscan.com/tx/0x0f0932e2ae4cd135ca16ee9a066f834b04128dc700ad16feee06339bc8204b59
2023-03-31 19:57:14,False,3.349e-05,1.06e-08,16751822.0,1.77581,0xde...e36b,https://bscscan.com/tx/0x8656fd7b530969fbfc40b8bac9503a178a2f4b41d7cb37cb5f8ba1a33c2bd6c6
2023-03-31 19:57:14,False,3.35e-05,1.06e-08,490.86,5.204e-06,0xde...e36b,https://bscscan.com/tx/0x8656fd7b530969fbfc40b8bac9503a178a2f4b41d7cb37cb5f8ba1a33c2bd6c6
2023-03-31 19:56:26,False,3.35e-05,1.06e-08,181255.0,0.0192,0xb0...a783,https://bscscan.com/tx/0x33f4ff1e08b279e60afa2b1eeda264e004ab10d262360f004d54a5a8550d93a5
2023-03-31 19:56:26,False,3.35e-05,1.06e-08,11021.4,0.0011,0xb0...a783,https://bscscan.com/tx/0x33f4ff1e08b279e60afa2b1eeda264e004ab10d262360f004d54a5a8550d93a5
2023-03-31 19:55:41,False,3.35e-05,1.06e-08,4069751.0,0.4315,0x45...3f2f,https://bscscan.com/tx/0x8400d444173f2711b1a4d038cbe4c76744f506f03a5b3015e45b7e6b1bc47895
2023-03-31 19:55:41,False,3.351e-05,1.06e-08,40526.6,0.0043,0x45...3f2f,https://bscscan.com/tx/0x8400d444173f2711b1a4d038cbe4c76744f506f03a5b3015e45b7e6b1bc47895
2023-03-31 19:55:08,True,3.384e-05,1.065e-08,6731151.0,0.7172,0xb0...a783,https://bscscan.com/tx/0x0dccdf4aafba754e0b46f74d14e43e3225decfa80c5ca933572ae2a22e8f9bae
2023-03-31 19:51:26,True,3.383e-05,1.065e-08,2663056.0,0.2837,0x6c...2055,https://bscscan.com/tx/0xd7a4518d1ab976b9df5af27124d5c8324933eea6a1839567f80a1cd637ab5611
2023-03-31 19:49:08,True,3.383e-05,1.065e-08,4664479.0,0.4969,0xe3...5644,https://bscscan.com/tx/0x7abfa075030d704756b86de392a12c1c4b7519a069dc1f11da0d2f12946356a5
2023-03-31 19:48:32,False,3.366e-05,1.06e-08,948329.0,0.1005,0x52...ce18,https://bscscan.com/tx/0xe8c51d15618d50fa0115e4b57814c14707101ce183a81dd26674109d18800112
2023-03-31 19:48:32,False,3.366e-05,1.06e-08,64522.9,0.0068,0x52...ce18,https://bscscan.com/tx/0xe8c51d15618d50fa0115e4b57814c14707101ce183a81dd26674109d18800112
2023-03-31 19:48:29,True,3.382e-05,1.065e-08,22189253.0,2.36336,0xf3...d829,https://bscscan.com/tx/0xf9532a7c67f823aec0bd91645a8683301cea2253a79eebc5d6cef069bc918878
2023-03-31 19:43:17,False,3.348e-05,1.059e-08,1448005.0,0.1534,0x02...dd38,https://bscscan.com/tx/0xf89e267cb82d0ec756f6898612cd0cc7ab04d768e2a4ea1fd4c4263a04ef4fc6
2023-03-31 19:43:17,False,3.348e-05,1.059e-08,35065.2,0.0037,0x02...dd38,https://bscscan.com/tx/0xf89e267cb82d0ec756f6898612cd0cc7ab04d768e2a4ea1fd4c4263a04ef4fc6
2023-03-31 19:42:14,True,3.363e-05,1.064e-08,8874436.0,0.9448,0x5e...e21d,https://bscscan.com/tx/0xf28a76d1ccb2d59d42c106031ed2002d7b853f87a99cec6f7a491fd412f111f1
2023-03-31 19:40:17,True,3.38e-05,1.064e-08,3015233.0,0.321,0x1f...406b,https://bscscan.com/tx/0x4f8a9bfd14c529e333d52a848a2900d553545dcc6ede31ebe79f945f2b0b649e
2023-03-31 19:35:02,True,3.363e-05,1.064e-08,443698.0,0.0472,0x5f...e4d2,https://bscscan.com/tx/0x2653dc41c4646554333ac054a37811dc2c318830c88ba19c7bf1d27802b358c0
2023-03-31 19:34:47,False,3.363e-05,1.059e-08,651789.0,0.069,0x83...055b,https://bscscan.com/tx/0x126ac004877b9e7b28ebd25e5b0c32a94315e595a93fb3bba96d191fb27a556a
2023-03-31 19:34:47,False,3.363e-05,1.059e-08,16220.9,0.0017,0x83...055b,https://bscscan.com/tx/0x126ac004877b9e7b28ebd25e5b0c32a94315e595a93fb3bba96d191fb27a556a
2023-03-31 19:33:14,True,3.381e-05,1.064e-08,5098406.0,0.5427,0xb3...d6f5,https://bscscan.com/tx/0xbcf72c096b46784f6e0bffa8006853d729443224c565a57df037d1721dd255e9
2023-03-31 19:29:32,False,3.364e-05,1.059e-08,906607.0,0.096,0x4b...76fa,https://bscscan.com/tx/0x8f71909cd3d69da054b9ea4b0fc208b081174be8cfbc428afbef2204bae6ee63
2023-03-31 19:29:32,False,3.364e-05,1.059e-08,13095.0,0.0013,0x4b...76fa,https://bscscan.com/tx/0x8f71909cd3d69da054b9ea4b0fc208b081174be8cfbc428afbef2204bae6ee63
2023-03-31 19:29:26,False,3.364e-05,1.059e-08,4835460.0,0.5121,0x9b...300c,https://bscscan.com/tx/0xb20e028dab7c35412b8b1770d11092f84dbff9c28294cb9cc99a90c7726d55db
2023-03-31 19:29:26,False,3.365e-05,1.059e-08,705.696,7.475e-06,0x9b...300c,https://bscscan.com/tx/0xb20e028dab7c35412b8b1770d11092f84dbff9c28294cb9cc99a90c7726d55db
2023-03-31 19:27:11,False,3.365e-05,1.059e-08,260585.0,0.0276,0x25...d420,https://bscscan.com/tx/0xa8fa89831ebb4f1838d2293477c3a5b27cfeafe77bf33706164bddb4a3b60df1
2023-03-31 19:27:11,False,3.365e-05,1.059e-08,219857.0,0.0232,0x25...d420,https://bscscan.com/tx/0xa8fa89831ebb4f1838d2293477c3a5b27cfeafe77bf33706164bddb4a3b60df1
2023-03-31 19:25:17,True,3.383e-05,1.064e-08,493598.0,0.0525,0xb5...fff0,https://bscscan.com/tx/0x25c90e908181f28f19a36ccd6a3ea516cd6349fdb2cc9ddbab97028102f0b077
2023-03-31 19:22:53,True,3.366e-05,1.064e-08,493604.0,0.0525,0xb5...fff0,https://bscscan.com/tx/0x7435bb87d7b65ca6279403751b06e37b78ee8d29c9084bcc37064ba0743c49ec
2023-03-31 19:22:29,True,3.365e-05,1.064e-08,18837738.0,2.00492,0xb0...bb6f,https://bscscan.com/tx/0xdfdc1fc920099209b7182e2d861db1a7dae33d57e00f97a8f5082cfa62ad229c
2023-03-31 19:19:41,True,3.364e-05,1.064e-08,295676.0,0.0314,0x97...acf9,https://bscscan.com/tx/0xb8b5409df47f92bc2c4ccd55e172acc35ea0d2d4e9360124cbbda664a53faf14
2023-03-31 19:15:29,True,3.364e-05,1.064e-08,929996.0,0.0989,0x1a...beb8,https://bscscan.com/tx/0x0c9e50d788aedff6eba7da0a370f6c2e3c347734e6b7a03ec220a04fa33e8d54
2023-03-31 19:14:26,False,3.369e-05,1.059e-08,60196788.0,6.37779,0xfa...5069,https://bscscan.com/tx/0xbb8f08be15e65fee2ac0677753118ffd1cce20f914687f23982746a4aa7e20aa
2023-03-31 19:14:26,False,3.371e-05,1.06e-08,24794.1,0.0026,0xfa...5069,https://bscscan.com/tx/0xbb8f08be15e65fee2ac0677753118ffd1cce20f914687f23982746a4aa7e20aa
2023-03-31 19:13:44,False,3.37e-05,1.06e-08,9155443.0,0.9708,0x25...fef7,https://bscscan.com/tx/0xc313f66971e72eda88bcc384c2214f8f7c2cd483c04ce4a476fed6cb83cfafec
2023-03-31 19:13:44,False,3.37e-05,1.06e-08,31380.4,0.0033,0x25...fef7,https://bscscan.com/tx/0xc313f66971e72eda88bcc384c2214f8f7c2cd483c04ce4a476fed6cb83cfafec
2023-03-31 19:13:17,True,3.37e-05,1.065e-08,894170.0,0.0953,0xa7...71a0,https://bscscan.com/tx/0x105a54beae847e73ddadf11a6458d2e3294bf25c23d424eba8da0dc665c47d5b
2023-03-31 19:13:14,True,3.37e-05,1.065e-08,9835495.0,1.04813,0x17...2019,https://bscscan.com/tx/0xbc46ca9731a55934db443485a20a87c77257f982301e2f290d34d25a038df951
2023-03-31 19:09:29,False,3.35e-05,1.06e-08,498500.0,0.0528,0x77...2d38,https://bscscan.com/tx/0xfc5b4e2a50855abbd85558e6647f5292819cea23de193efb626ce6a06396d760
2023-03-31 19:09:29,False,3.35e-05,1.06e-08,43881.9,0.0046,0x77...2d38,https://bscscan.com/tx/0xfc5b4e2a50855abbd85558e6647f5292819cea23de193efb626ce6a06396d760
2023-03-31 19:06:23,True,3.384e-05,1.065e-08,1477405.0,0.1574,0x11...2e83,https://bscscan.com/tx/0x824839527beaab38cf68fa71bd52afa7c36d92aa9680a20a81abe211cbef86ff
2023-03-31 19:06:08,True,3.384e-05,1.065e-08,14561.1,0.0015,0xb0...e000,https://bscscan.com/tx/0x42522a6c91a24323543a05a2293a222797cbb2762d805117a113168e5cf1e007
2023-03-31 19:04:05,True,3.383e-05,1.065e-08,10441833.0,1.11245,0xed...7ab7,https://bscscan.com/tx/0x09b4266020efe4c1f083d9f6b848bb5257b9d92af34f411ee38a0b021624df68
2023-03-31 18:59:14,False,3.367e-05,1.059e-08,4000909.0,0.424,0x3b...324e,https://bscscan.com/tx/0x55101a45206c04560165dc42ed061b8ab764f8098528b3b3b6361b0df40b7c14
2023-03-31 18:59:14,False,3.367e-05,1.06e-08,38231.4,0.004,0x3b...324e,https://bscscan.com/tx/0x55101a45206c04560165dc42ed061b8ab764f8098528b3b3b6361b0df40b7c14
2023-03-31 18:55:59,True,3.367e-05,1.065e-08,500000.0,0.0532,0x18...4f97,https://bscscan.com/tx/0x589c94577c4a29e8a299adc452e9dc21bc13decc55157e2da5d9816a572552e3
2023-03-31 18:55:05,True,3.365e-05,1.065e-08,369174.0,0.0393,0x2d...df93,https://bscscan.com/tx/0x61dc772010e22025a0f48fcb1f948fe8059c19ee88fe6e660ffc031261918362
2023-03-31 18:54:17,False,3.349e-05,1.06e-08,13176172.0,1.3969,0xee...3f6f,https://bscscan.com/tx/0xbcc106f8b3e8e79b86b0bf93912a27b278f70f11b57d8b1e85cb3f9047f331f4
2023-03-31 18:54:17,False,3.349e-05,1.06e-08,2904.23,3.079e-05,0xee...3f6f,https://bscscan.com/tx/0xbcc106f8b3e8e79b86b0bf93912a27b278f70f11b57d8b1e85cb3f9047f331f4
2023-03-31 18:52:41,False,3.349e-05,1.06e-08,1072415.0,0.1137,0x53...6cfa,https://bscscan.com/tx/0x04553765e50ce69e52a9a7e69e6b2c380b3f748b62b9f40b079d6c2eaebbc5d9
2023-03-31 18:52:41,False,3.349e-05,1.06e-08,4025.83,4.268e-05,0x53...6cfa,https://bscscan.com/tx/0x04553765e50ce69e52a9a7e69e6b2c380b3f748b62b9f40b079d6c2eaebbc5d9
2023-03-31 18:51:26,False,3.349e-05,1.06e-08,1437076.0,0.1523,0xc7...2869,https://bscscan.com/tx/0x9c3e727a413c5f326786c13c227656517a9d2b9d0f1ed9978e33ea7ea9a12bda
2023-03-31 18:51:26,False,3.349e-05,1.06e-08,5949.72,6.309e-05,0xc7...2869,https://bscscan.com/tx/0x9c3e727a413c5f326786c13c227656517a9d2b9d0f1ed9978e33ea7ea9a12bda
2023-03-31 18:50:17,True,3.386e-05,1.065e-08,1383131.0,0.1474,0xe6...a1fd,https://bscscan.com/tx/0x25c359683ca92d9ad15434ed74ead991d2c4fa6bc1e0dce6ed6edbb7f473e207
2023-03-31 18:50:05,True,3.369e-05,1.066e-08,731422.0,0.0779,0x9e...b422,https://bscscan.com/tx/0xe8bdbac450d2eeecd26d364b16fc4752ba1c5aa197470a4d7e3a434c92f92559
2023-03-31 18:49:47,False,3.351e-05,1.06e-08,88782.2,0.0094,0x84...f5a2,https://bscscan.com/tx/0x81d6b46917cb7ff4489a67bf39f9aeca940b64b0438fa857b78b06d126065e89
2023-03-31 18:49:47,False,3.351e-05,1.06e-08,11685.4,0.0012,0x84...f5a2,https://bscscan.com/tx/0x81d6b46917cb7ff4489a67bf39f9aeca940b64b0438fa857b78b06d126065e89
2023-03-31 18:48:44,True,3.367e-05,1.065e-08,1160270.0,0.1236,0x1a...d090,https://bscscan.com/tx/0xa142f38dd1b2435a3a52ed9aa46b9089e49e4f6bb5e4698ab1e7cb801ed32d41
2023-03-31 18:47:26,True,3.367e-05,1.065e-08,690667.0,0.0736,0x55...03de,https://bscscan.com/tx/0x58d7185d5d47cf4a1292a9d3e3967046b69e946f43710bb9590c26f18c31440d
2023-03-31 18:46:08,True,3.384e-05,1.065e-08,599651.0,0.0639,0x98...c414,https://bscscan.com/tx/0x87a073ccadc492d02d107508b78094d02f6aa92a1d3bd16fca357a263ea626ba
2023-03-31 18:46:05,False,3.367e-05,1.06e-08,1871691.0,0.1984,0x98...3cfc,https://bscscan.com/tx/0x83def5a58e7f98913c8168cd5c6bd5e5ff8f0f80405188ead58b8e40a50dd22c
2023-03-31 18:46:05,False,3.367e-05,1.06e-08,212.404,2.252e-06,0x98...3cfc,https://bscscan.com/tx/0x83def5a58e7f98913c8168cd5c6bd5e5ff8f0f80405188ead58b8e40a50dd22c
2023-03-31 18:46:02,True,3.384e-05,1.065e-08,60000.0,0.0063,0x85...d8e8,https://bscscan.com/tx/0x4d640533a89555b7674d7d9ee7585ff29c6873e67afab0a54b4b333e50c6e4b2
2023-03-31 18:45:08,False,3.35e-05,1.06e-08,18612.3,0.0019,0xf3...3fbb,https://bscscan.com/tx/0x4ccd83fb55699e7b12f100dd13a4d126976838350276d3759e0bc6ada5b1f730
2023-03-31 18:45:08,False,3.35e-05,1.06e-08,7245.75,7.682e-05,0xf3...3fbb,https://bscscan.com/tx/0x4ccd83fb55699e7b12f100dd13a4d126976838350276d3759e0bc6ada5b1f730
2023-03-31 18:44:41,True,3.367e-05,1.065e-08,1419849.0,0.1513,0x9d...0872,https://bscscan.com/tx/0x7898ea697d970b95c4ee2a4764b1f37363eafcd53ef78610d08d30479b62c80a
2023-03-31 18:43:14,False,3.369e-05,1.06e-08,1259970.0,0.1336,0xe2...d00d,https://bscscan.com/tx/0x01c9057a50534978cfac3afa32ce789bc87b87ad3d433f0c8c0b799d86aa46b8
2023-03-31 18:43:14,False,3.369e-05,1.06e-08,2368.08,2.51e-05,0xe2...d00d,https://bscscan.com/tx/0x01c9057a50534978cfac3afa32ce789bc87b87ad3d433f0c8c0b799d86aa46b8
2023-03-31 18:41:26,False,3.367e-05,1.06e-08,483545.0,0.0512,0xdc...90a4,https://bscscan.com/tx/0x919825d3e5cbd30599b7271825e3e49eb4b3c2901c3d787dd25cdf98ef00870d
2023-03-31 18:41:26,False,3.367e-05,1.06e-08,28350.7,0.003,0xdc...90a4,https://bscscan.com/tx/0x919825d3e5cbd30599b7271825e3e49eb4b3c2901c3d787dd25cdf98ef00870d
2023-03-31 18:41:05,True,3.367e-05,1.065e-08,5910925.0,0.6298,0xf7...16b9,https://bscscan.com/tx/0x14bcd4434cb9ea596e636728c4b131cb7689dd62bebdc678e9b886e7a36dc4d6
2023-03-31 18:38:07,True,3.366e-05,1.065e-08,10000.0,0.001,0x23...b03b,https://bscscan.com/tx/0x84402c1fc3c21665cbf8edb30cd98d0f82b208c7576346c3b523497adbda81a4
2023-03-31 18:34:25,False,3.366e-05,1.06e-08,4565607.0,0.484,0xdf...ec24,https://bscscan.com/tx/0x9f1d03a317121e6a97fb26d5a7cbfd297c7a12f77fab4e7b3779318bfbbd7ba3
2023-03-31 18:34:25,False,3.366e-05,1.06e-08,18541.3,0.0019,0xdf...ec24,https://bscscan.com/tx/0x9f1d03a317121e6a97fb26d5a7cbfd297c7a12f77fab4e7b3779318bfbbd7ba3
2023-03-31 18:32:49,False,3.35e-05,1.06e-08,6846547.0,0.726,0x84...f5a2,https://bscscan.com/tx/0xc8c23e8413b988ddea582be80040cb6f8b285ea198553460736a8c5cb4d5ba81
2023-03-31 18:32:49,False,3.35e-05,1.06e-08,7967.26,8.449e-05,0x84...f5a2,https://bscscan.com/tx/0xc8c23e8413b988ddea582be80040cb6f8b285ea198553460736a8c5cb4d5ba81
2023-03-31 18:30:01,True,3.366e-05,1.065e-08,666152.0,0.071,0x9b...3144,https://bscscan.com/tx/0xc3b11284df737fd07aea25a12dbb8dcea4c4ab428861fc37ba9e121418024db3
2023-03-31 18:28:13,False,3.35e-05,1.06e-08,2185284.0,0.2317,0xd9...e163,https://bscscan.com/tx/0xff6fb8e51c756e756e144e02558412d093b0da076f18f50b880bbafc039080d4
2023-03-31 18:28:13,False,3.35e-05,1.06e-08,1383.21,1.466e-05,0xd9...e163,https://bscscan.com/tx/0xff6fb8e51c756e756e144e02558412d093b0da076f18f50b880bbafc039080d4
2023-03-31 18:27:31,False,3.367e-05,1.06e-08,510762.0,0.0541,0x8c...11b1,https://bscscan.com/tx/0x0688191ef87b27d95c1db9e7c7eb95d3fe8d6a5c3fe22b2a99fc7a6da7e123bc
2023-03-31 18:27:31,False,3.367e-05,1.06e-08,59363.1,0.0063,0x8c...11b1,https://bscscan.com/tx/0x0688191ef87b27d95c1db9e7c7eb95d3fe8d6a5c3fe22b2a99fc7a6da7e123bc
2023-03-31 18:25:55,True,3.384e-05,1.065e-08,900000.0,0.0959,0x0d...b93f,https://bscscan.com/tx/0xf7513271372ea3fd7a9165150c2d6ff5be9c03daba7dd9ff86f5d4704158f1dc
2023-03-31 18:25:52,False,3.367e-05,1.06e-08,18943000.0,2.00939,0xea...e9b0,https://bscscan.com/tx/0x0f898bbf1554d2290f9ae49f09e064c8eab7dd02793cbe8d2a4424b3821702c3
2023-03-31 18:25:52,False,3.368e-05,1.06e-08,4313.43,4.576e-05,0xea...e9b0,https://bscscan.com/tx/0x0f898bbf1554d2290f9ae49f09e064c8eab7dd02793cbe8d2a4424b3821702c3
2023-03-31 18:23:16,True,3.384e-05,1.066e-08,997567.0,0.1063,0x3f...95c7,https://bscscan.com/tx/0xd1912a5736fed5d3fade831b7baebf65399c9a8f4e383456436314c0f63da199
2023-03-31 18:21:13,False,3.35e-05,1.06e-08,598200.0,0.0634,0x0d...b93f,https://bscscan.com/tx/0x0678b3e1708ea14faaeafc79142a48c84d01e62fa5ac755da6f073ef2765887b
2023-03-31 18:21:13,False,3.35e-05,1.06e-08,59276.8,0.0062,0x0d...b93f,https://bscscan.com/tx/0x0678b3e1708ea14faaeafc79142a48c84d01e62fa5ac755da6f073ef2765887b
2023-03-31 18:20:13,True,3.366e-05,1.066e-08,20000000.0,2.13211,0xff...698a,https://bscscan.com/tx/0x4aee34caef722911fd821fc5edb97d86aa0bdd7c1fb0321a78892744c66213df
2023-03-31 18:18:46,True,3.381e-05,1.065e-08,335041.0,0.0357,0xc9...6849,https://bscscan.com/tx/0x3111c56d67981d6fc4f5d5531ea3c6c40023467e313df01646e58fd0b7328d45
2023-03-31 18:14:34,True,3.363e-05,1.065e-08,100001.0,0.0106,0xcb...48ac,https://bscscan.com/tx/0x841bda360716dbdc9112a33662f4608618a236afaedfe8fc9cb0c65dfc3b6585
2023-03-31 18:14:19,False,3.346e-05,1.06e-08,1514786.0,0.1606,0x1d...d093,https://bscscan.com/tx/0xea3ac9bfb77f3a00a67f6c320d23fa3b132d984aabae798eda4309d31ce1473e
