datetime,buy_order,price_USD,price_native,amount_token,total_native,maker,etherscan_url
2023-03-26 08:58:46,False,3.543e-05,1.098e-08,23046667.0,2.53087,0x86...c7c3,https://bscscan.com/tx/0x063bb96dd1a1dec8192242081c1bb2468f8e9de46103cfda419858fbad038f63
2023-03-26 08:58:46,False,3.544e-05,1.098e-08,4370.31,4.8e-05,0x86...c7c3,https://bscscan.com/tx/0x063bb96dd1a1dec8192242081c1bb2468f8e9de46103cfda419858fbad038f63
2023-03-26 08:57:22,True,3.579e-05,1.103e-08,69748.3,0.0077,0x99...9757,https://bscscan.com/tx/0x84c4124d90af1477c7cd8ce68ab79eebddc75444e8facba4035e76c645af8ef9
2023-03-26 08:52:46,True,3.56e-05,1.103e-08,167681.0,0.0185,0x99...9757,https://bscscan.com/tx/0x9673e990e7b8a3fc6c3a47e1487b5b45abc5d15991238f35266313460ca9b2c4
2023-03-26 08:47:31,False,3.545e-05,1.098e-08,1377059.0,0.1512,0x46...b442,https://bscscan.com/tx/0x41520e130822e05bdc6092c2a3f6ff8ad389c9c4dab916c653d98f445eca4a84
2023-03-26 08:47:31,False,3.545e-05,1.098e-08,140284.0,0.0154,0x46...b442,https://bscscan.com/tx/0x41520e130822e05bdc6092c2a3f6ff8ad389c9c4dab916c653d98f445eca4a84
2023-03-26 08:46:16,True,3.58e-05,1.103e-08,816459.0,0.0901,0xd4...d77e,https://bscscan.com/tx/0x0c8474cd395235ad2f5565340fc7d576e48192284ca70a71c4e62b22b4414170
2023-03-26 08:44:37,True,3.561e-05,1.103e-08,10975914.0,1.21156,0x4b...c0c6,https://bscscan.com/tx/0x13b66df21787a5a2c52555a6705f79b04aa87c46656c9716264aabfb3ff1755a
2023-03-26 08:43:55,True,3.578e-05,1.103e-08,164572.0,0.0181,0xea...cc3f,https://bscscan.com/tx/0xbc33f332ca8ec42d4927262c9bf706479a4f7d1413f59f9f3f9e1b0a9a269372
2023-03-26 08:43:16,False,3.562e-05,1.098e-08,39880000.0,4.38164,0xc1...21cb,https://bscscan.com/tx/0x334954453a620be7b50330a90dbf8c59d2d1d087e5e154874b2467fafdc2915f
2023-03-26 08:43:16,False,3.564e-05,1.099e-08,88345.5,0.0097,0xc1...21cb,https://bscscan.com/tx/0x334954453a620be7b50330a90dbf8c59d2d1d087e5e154874b2467fafdc2915f
2023-03-26 08:41:37,True,3.563e-05,1.104e-08,18127081.0,2.00216,0xcc...0331,https://bscscan.com/tx/0x24a28a827403307c295b8677f8f2bde79b5db135ec08720d4b0594639a151a55
2023-03-26 08:40:52,False,3.563e-05,1.098e-08,581542.0,0.0639,0x42...0611,https://bscscan.com/tx/0x6d8be93dd58ab30b85323fdb581c5fe51735c006cec104b8aeea55b6eb8b7efa
2023-03-26 08:40:52,False,3.563e-05,1.098e-08,187866.0,0.0206,0x42...0611,https://bscscan.com/tx/0x6d8be93dd58ab30b85323fdb581c5fe51735c006cec104b8aeea55b6eb8b7efa
2023-03-26 08:40:13,True,3.561e-05,1.103e-08,48583738.0,5.36186,0xfe...5ad3,https://bscscan.com/tx/0xee4430ea32f9321dfcdd43557e36e37012394657d4a429341dffc85b91b36595
2023-03-26 08:36:55,True,3.576e-05,1.102e-08,18171350.0,2.00381,0xcc...0331,https://bscscan.com/tx/0xd15a583271e25e173d44da2988f398ee93cc1fc19c646edd93c4e8ec7da5a3e8
2023-03-26 08:34:58,False,3.539e-05,1.097e-08,2816525.0,0.3089,0xa6...8406,https://bscscan.com/tx/0xbdf64324181f68f19e8a7cfc4206021d4e84b69c0668ea4d6e71df6a0da7dc91
2023-03-26 08:34:58,False,3.539e-05,1.097e-08,13572.5,0.0014,0xa6...8406,https://bscscan.com/tx/0xbdf64324181f68f19e8a7cfc4206021d4e84b69c0668ea4d6e71df6a0da7dc91
2023-03-26 08:34:22,True,3.575e-05,1.102e-08,5000000.0,0.5512,0x75...07bf,https://bscscan.com/tx/0x1f70b94a31bf6434400bda879033e5168c87901863e0ed46fe8177f59c6f4385
2023-03-26 08:32:58,False,3.557e-05,1.096e-08,26759.5,0.0029,0xa6...8406,https://bscscan.com/tx/0xa3218f66800e2b25534d867d402ee83461b8350da8819b2a2d4b04987f0b33e1
2023-03-26 08:32:58,False,3.557e-05,1.096e-08,16052.9,0.0017,0xa6...8406,https://bscscan.com/tx/0xa3218f66800e2b25534d867d402ee83461b8350da8819b2a2d4b04987f0b33e1
2023-03-26 08:27:13,True,3.574e-05,1.102e-08,5380218.0,0.593,0x1b...c574,https://bscscan.com/tx/0x58211ef7fe020bb817b991ca23d28d467ca24ebb5307032e88f39036428d0c38
2023-03-26 08:26:16,False,3.556e-05,1.096e-08,563614.0,0.0618,0x16...8fc9,https://bscscan.com/tx/0x05e4d3268968f6f5f8897a21baab5b21a9b03529c254adba5472eb15544f9a10
2023-03-26 08:26:16,False,3.556e-05,1.096e-08,15588.4,0.0017,0x16...8fc9,https://bscscan.com/tx/0x05e4d3268968f6f5f8897a21baab5b21a9b03529c254adba5472eb15544f9a10
2023-03-26 08:18:04,True,3.557e-05,1.102e-08,398357.0,0.0439,0xe6...5760,https://bscscan.com/tx/0x7685caf04ebafa0c3b62584fe724e2521f835f610573144ce8f179c31fcdce01
2023-03-26 08:15:04,False,3.557e-05,1.096e-08,5359004.0,0.5878,0x2c...df85,https://bscscan.com/tx/0xd68f563e853246759d213eee041a1cd93f12cc38c8a2715c7e6fcf4ab058ee7d
2023-03-26 08:15:04,False,3.557e-05,1.096e-08,71238.4,0.0078,0x2c...df85,https://bscscan.com/tx/0xd68f563e853246759d213eee041a1cd93f12cc38c8a2715c7e6fcf4ab058ee7d
2023-03-26 08:11:52,True,3.574e-05,1.102e-08,25686689.0,2.8309,0xbc...0072,https://bscscan.com/tx/0x378077c0f127884c9e43025fc67e589ea49bc46d61feaf85083ccf06257a8c75
2023-03-26 08:11:22,False,3.555e-05,1.096e-08,695806.0,0.0762,0xf1...ba93,https://bscscan.com/tx/0xac11407e83bd3509f6527e7feef48d272524e6bdeab9ca384eea2ce25c8dda12
2023-03-26 08:11:22,False,3.555e-05,1.096e-08,5954.59,6.527e-05,0xf1...ba93,https://bscscan.com/tx/0xac11407e83bd3509f6527e7feef48d272524e6bdeab9ca384eea2ce25c8dda12
2023-03-26 08:07:13,False,3.556e-05,1.096e-08,2198789.0,0.241,0x63...8054,https://bscscan.com/tx/0xd3c1fab50e8cc1147dec8fd60ff7ddfe90c5aea62605849dcd9fcbd8664382ae
2023-03-26 08:07:13,False,3.556e-05,1.096e-08,6071.26,6.656e-05,0x63...8054,https://bscscan.com/tx/0xd3c1fab50e8cc1147dec8fd60ff7ddfe90c5aea62605849dcd9fcbd8664382ae
2023-03-26 08:06:34,True,3.574e-05,1.101e-08,260000.0,0.0286,0xb7...3f83,https://bscscan.com/tx/0x9f0a8c2331eee6f2e1d73cf565d9e68f9e8f3421fa6b3d82e61dbc91fd699db7
2023-03-26 08:06:07,False,3.557e-05,1.096e-08,1982650.0,0.2173,0x8a...bcfb,https://bscscan.com/tx/0x8a82244193d6e1fd0942384b5d444cf62b8d116eff1a9f574a6a3cc89304aa82
2023-03-26 08:06:07,False,3.557e-05,1.096e-08,624353.0,0.0684,0x8a...bcfb,https://bscscan.com/tx/0x8a82244193d6e1fd0942384b5d444cf62b8d116eff1a9f574a6a3cc89304aa82
2023-03-26 08:02:55,True,3.574e-05,1.101e-08,18156517.0,2.00019,0xcc...0331,https://bscscan.com/tx/0xd56a0fc2e6ce67ab5c1ffc4d6b3f6be24315174df458fefe4c49141f2a4a7c6d
2023-03-26 08:01:58,True,3.554e-05,1.101e-08,27956926.0,3.07811,0xef...cb6a,https://bscscan.com/tx/0x9c7fb7842645809e495eb45e4b3b92dc4db0523b7928d9f52ab86567b0d6e422
2023-03-26 08:00:49,True,3.552e-05,1.1e-08,18203825.0,2.00314,0xcc...0331,https://bscscan.com/tx/0x213febdcd591bc095928ad6ee13de0d9cae2aeddfb70454d0763fcadfe155707
2023-03-26 07:55:13,True,3.551e-05,1.099e-08,18192737.0,2.00103,0xcc...0331,https://bscscan.com/tx/0xbd3b7aed3be1e729e47ea8d8492f5d5f852df9596448715f177b9e2547533455
2023-03-26 07:54:25,True,3.548e-05,1.099e-08,48576896.0,5.33865,0xfe...5ad3,https://bscscan.com/tx/0x4e815a9a81d51503632f5b5d05645e282eb928f10d0417dc52730ead0fc00dd7
2023-03-26 07:54:16,True,3.543e-05,1.097e-08,28112083.0,3.08666,0xc1...f4fe,https://bscscan.com/tx/0x43e649cc709d270301e20f36bb64a362d97b4c06a1fb1d5da2e3286720a1e980
2023-03-26 07:54:04,True,3.542e-05,1.097e-08,30085939.0,3.30103,0x20...946b,https://bscscan.com/tx/0xc8c99061ca6e3fe86d3d7f99a1e505861d17b705dad1d1d0294cf26d40cf18e3
2023-03-26 07:53:19,True,3.54e-05,1.096e-08,18257783.0,2.00207,0xcc...0331,https://bscscan.com/tx/0x20d90253a66cf1571129ee6daea6641b5915b10ba40a08223749c76db3a2615f
2023-03-26 07:50:55,True,3.537e-05,1.096e-08,686868.0,0.0753,0xe3...d40c,https://bscscan.com/tx/0xe54b14e0993bfc7ac807c628c47eaa0960eb9a51d431b491bc6f8741bd398bd3
2023-03-26 07:40:58,False,3.536e-05,1.09e-08,2296341.0,0.2505,0x18...0999,https://bscscan.com/tx/0xd9c2fd86bf980b4804c57a3b2b416672907be31f5f4ac17a29944d7e5cdaf83e
2023-03-26 07:40:58,False,3.536e-05,1.09e-08,44066.7,0.0048,0x18...0999,https://bscscan.com/tx/0xd9c2fd86bf980b4804c57a3b2b416672907be31f5f4ac17a29944d7e5cdaf83e
2023-03-26 07:39:34,False,3.537e-05,1.091e-08,16272037.0,1.77544,0xec...c32e,https://bscscan.com/tx/0x1a76eb7b50203680cb11295d52fce3f6685af5f9261ec6aa5b3d81890944c81c
2023-03-26 07:39:34,False,3.537e-05,1.091e-08,13771.9,0.0015,0xec...c32e,https://bscscan.com/tx/0x1a76eb7b50203680cb11295d52fce3f6685af5f9261ec6aa5b3d81890944c81c
2023-03-26 07:36:55,True,3.537e-05,1.096e-08,1124992.0,0.1233,0xd6...0d70,https://bscscan.com/tx/0xfbcddc63367eaa3c0860de36205e6c8fb6ac8dbf0fab9780885b002c8e8f95d0
2023-03-26 07:36:34,True,3.556e-05,1.096e-08,319123.0,0.035,0x4f...d522,https://bscscan.com/tx/0x1e5048a0321f2b7c3ba476d9880718984576757a16a8a70d227d4c6272731cf2
2023-03-26 07:36:19,True,3.538e-05,1.096e-08,2000000.0,0.2193,0x1c...87d7,https://bscscan.com/tx/0x3cd8f5fac0d887c0da866928fcd3a77a74abf75a6666f355767ee3396b5f7b7f
2023-03-26 07:33:55,True,3.556e-05,1.096e-08,494646.0,0.0542,0xf7...ca3d,https://bscscan.com/tx/0xc946fcc8de73e64f97d4a66b7bb006897c74e740825d16105aae5758b763d29e
2023-03-26 07:32:31,False,3.538e-05,1.091e-08,1158462.0,0.1264,0xe2...c4ba,https://bscscan.com/tx/0x6ba5d2830f2794a7ecdbe04a885942102762fe20f647f84a82c8bc5c0dcc88b2
2023-03-26 07:32:31,False,3.538e-05,1.091e-08,24863.4,0.0027,0xe2...c4ba,https://bscscan.com/tx/0x6ba5d2830f2794a7ecdbe04a885942102762fe20f647f84a82c8bc5c0dcc88b2
2023-03-26 07:30:46,False,3.521e-05,1.091e-08,9181049.0,1.00198,0x83...47ee,https://bscscan.com/tx/0xde92fadce5fa5602891fb173117fa62461aeee2088f73aad4ef612f371e4d476
2023-03-26 07:30:46,False,3.521e-05,1.091e-08,24857.9,0.0027,0x83...47ee,https://bscscan.com/tx/0xde92fadce5fa5602891fb173117fa62461aeee2088f73aad4ef612f371e4d476
2023-03-26 07:30:22,False,3.539e-05,1.091e-08,9178996.0,1.00198,0x83...47ee,https://bscscan.com/tx/0xe6ceaea6e2b02b56b75d96739158b54bd601ab888aa9072413a6f5e7d6c5505c
2023-03-26 07:30:22,False,3.54e-05,1.091e-08,8500.87,9.28e-05,0x83...47ee,https://bscscan.com/tx/0xe6ceaea6e2b02b56b75d96739158b54bd601ab888aa9072413a6f5e7d6c5505c
2023-03-26 07:25:10,False,3.539e-05,1.091e-08,3139025.0,0.3427,0x5d...4cfc,https://bscscan.com/tx/0xc73c0d5284e37b390f3da46d7c4017a497578a96532f37e7a96e9791bb5502a6
2023-03-26 07:25:10,False,3.539e-05,1.091e-08,92605.9,0.0101,0x5d...4cfc,https://bscscan.com/tx/0xc73c0d5284e37b390f3da46d7c4017a497578a96532f37e7a96e9791bb5502a6
2023-03-26 07:22:55,True,3.538e-05,1.097e-08,14900994.0,1.63478,0x65...a3f6,https://bscscan.com/tx/0xabfaa43a63a8c8e4763cf1a115e6997a5d0fcc4d56f55276637452e35725d0af
2023-03-26 07:21:34,True,3.554e-05,1.096e-08,18300503.0,2.00692,0xcc...0331,https://bscscan.com/tx/0xd188d8cd71a6a97d0377088381e3f8129488fb2770b8fa3eee165ecc5ba9db37
2023-03-26 07:20:34,False,3.536e-05,1.09e-08,1093711.0,0.1193,0x26...7ae4,https://bscscan.com/tx/0x071b7738f1c611185f9ed57f684d72656c3aa4681defb4fe3236b2e5da675401
2023-03-26 07:20:34,False,3.536e-05,1.09e-08,54459.2,0.0059,0x26...7ae4,https://bscscan.com/tx/0x071b7738f1c611185f9ed57f684d72656c3aa4681defb4fe3236b2e5da675401
2023-03-26 07:20:22,True,3.536e-05,1.096e-08,383061.0,0.042,0x04...86c3,https://bscscan.com/tx/0xe2ef89c710e3bae7f0003fb9e20f71c0efeac0f293820f2f74c2a649476d4dc4
2023-03-26 07:17:04,True,3.553e-05,1.096e-08,18287014.0,2.00459,0xcc...0331,https://bscscan.com/tx/0x8df95f9ac76aef4c68796d9c02112ca5dd21dcfb41788137ec7183cf7bf4f067
2023-03-26 07:16:34,False,3.535e-05,1.09e-08,1495500.0,0.163,0xe2...c4ba,https://bscscan.com/tx/0x2c7f22dfb4bd45a872c907b74a9f94f2701d7e3336e0c46d965efdb5a806913b
2023-03-26 07:16:34,False,3.535e-05,1.09e-08,19645.4,0.0021,0xe2...c4ba,https://bscscan.com/tx/0x2c7f22dfb4bd45a872c907b74a9f94f2701d7e3336e0c46d965efdb5a806913b
2023-03-26 07:06:10,True,3.547e-05,1.095e-08,3157944.0,0.346,0x5d...4cfc,https://bscscan.com/tx/0x14895a6bd24f1bc53f85057617860a923194d6bce8c8143d187663d6c4d1e75c
2023-03-26 07:04:07,True,3.55e-05,1.095e-08,3728708.0,0.4086,0x24...50e8,https://bscscan.com/tx/0x110641e478321fb927acc276c99bd3df8b02e79b0ab91d65939a42fbf3eba78a
2023-03-26 07:01:40,True,3.551e-05,1.095e-08,88984.8,0.0097,0x0d...103f,https://bscscan.com/tx/0xc9c5825609c8457c0c03123674eaa79393d1378ebd19bc92e3ec8453d43ec566
2023-03-26 07:01:40,False,3.533e-05,1.09e-08,276832.0,0.0301,0xe4...a496,https://bscscan.com/tx/0x89a57f515bcfba6130c995e33d8df48d7095fdd3fb3af7cdfe91dd4884489cff
2023-03-26 07:01:40,False,3.533e-05,1.09e-08,2087.1,2.275e-05,0xe4...a496,https://bscscan.com/tx/0x89a57f515bcfba6130c995e33d8df48d7095fdd3fb3af7cdfe91dd4884489cff
2023-03-26 07:01:37,False,3.515e-05,1.09e-08,770681.0,0.084,0x9c...3ce3,https://bscscan.com/tx/0xca34c00a7d3a5fa4b2291b60cf90c1408404493d6a01f45b440c911b71043cc0
2023-03-26 07:01:37,False,3.515e-05,1.09e-08,5728.76,6.246e-05,0x9c...3ce3,https://bscscan.com/tx/0xca34c00a7d3a5fa4b2291b60cf90c1408404493d6a01f45b440c911b71043cc0
2023-03-26 07:00:55,True,3.533e-05,1.095e-08,368034.0,0.0403,0x50...4e0b,https://bscscan.com/tx/0xc154b3f0edc620540e8d8b56d1314dff02d81702d7ba17b061a5d476062111ce
2023-03-26 07:00:46,True,3.551e-05,1.095e-08,753730.0,0.0825,0x0d...103f,https://bscscan.com/tx/0xe662e2592b3ff496a043e90fe4482f963b01f662067005fd01ab9791fbddc264
2023-03-26 07:00:25,False,3.533e-05,1.09e-08,997000.0,0.1087,0x93...e33d,https://bscscan.com/tx/0x1da066c79e4a5bab1dec9cb933b3ec676146a5ddb59f182c94d48b334d144ecc
2023-03-26 07:00:25,False,3.533e-05,1.09e-08,42295.5,0.0046,0x93...e33d,https://bscscan.com/tx/0x1da066c79e4a5bab1dec9cb933b3ec676146a5ddb59f182c94d48b334d144ecc
2023-03-26 06:59:28,True,3.55e-05,1.095e-08,13536114.0,1.48306,0x03...27ef,https://bscscan.com/tx/0x07ed2b5a4a1af64dc0ee722ff17642d2ffa3d25bfb5ad4c732cdb3cb94a02aa6
2023-03-26 06:57:43,False,3.514e-05,1.09e-08,2122508.0,0.2313,0x3e...06fe,https://bscscan.com/tx/0x3e5979e558c166ea02e803abfa5d7ade7d10d086fffc36e3240f08b277b5b82a
2023-03-26 06:57:43,False,3.514e-05,1.09e-08,19863.9,0.0021,0x3e...06fe,https://bscscan.com/tx/0x3e5979e558c166ea02e803abfa5d7ade7d10d086fffc36e3240f08b277b5b82a
2023-03-26 06:55:31,True,3.549e-05,1.095e-08,247015.0,0.027,0x0d...103f,https://bscscan.com/tx/0xdd7673a9b8ec722bd7b394e28b44e5aff7983c5deeebd06ce3f0063cc4f97217
2023-03-26 06:54:55,True,3.531e-05,1.095e-08,110000.0,0.012,0x74...e6a3,https://bscscan.com/tx/0x7ffb0d586d013d0749c6827446697e41dd638d3f62135d5d0f7d485ef78e8dd0
2023-03-26 06:54:28,False,3.514e-05,1.09e-08,6979000.0,0.7608,0x93...e33d,https://bscscan.com/tx/0x8522c70c6070d5dcd69d2d84c43057aaf218d46aba8238c2f8e1a42300f7d12e
2023-03-26 06:54:28,False,3.514e-05,1.09e-08,262760.0,0.0286,0x93...e33d,https://bscscan.com/tx/0x8522c70c6070d5dcd69d2d84c43057aaf218d46aba8238c2f8e1a42300f7d12e
2023-03-26 06:50:37,True,3.531e-05,1.095e-08,227175.0,0.0248,0xf6...fd12,https://bscscan.com/tx/0x04c3a944d471cf27109ff80c08f9e37cf1088f849d9745154dc671de368e7774
2023-03-26 06:45:28,True,3.547e-05,1.095e-08,666344.0,0.073,0xa0...752f,https://bscscan.com/tx/0x27be3f027f5f3b12c69cf9fb0dc5e6980095b16f665318c3da73aaa664061917
2023-03-26 06:44:55,True,3.547e-05,1.095e-08,394651.0,0.0432,0x38...5aaf,https://bscscan.com/tx/0x2a6602cc6569525ae9a5e737b0ba55d83648c8f0a69761975403948c15373837
2023-03-26 06:43:49,True,3.526e-05,1.094e-08,77439160.0,8.47668,0xac...111d,https://bscscan.com/tx/0x7b0b0bd13de2e97e2e2ff99dea24bf0640df66b05b05c67372e9904fd84eebd8
2023-03-26 06:43:10,True,3.539e-05,1.093e-08,18334683.0,2.00462,0xcc...0331,https://bscscan.com/tx/0xf892d57a54372625937a19be5e68d5ddca6e128d7e05be548cf5de0ff08483b1
2023-03-26 06:39:04,False,3.502e-05,1.087e-08,255557.0,0.0278,0x0a...5870,https://bscscan.com/tx/0x886de968e2be212148bf5c6743888e30ebc47aa1479213c443838a3bcd9ea262
2023-03-26 06:39:04,False,3.502e-05,1.087e-08,119716.0,0.013,0x0a...5870,https://bscscan.com/tx/0x886de968e2be212148bf5c6743888e30ebc47aa1479213c443838a3bcd9ea262
2023-03-26 06:36:58,True,3.537e-05,1.092e-08,18334711.0,2.00375,0xcc...0331,https://bscscan.com/tx/0x755cb06fa54d66bef2e0f3dde70f7aad9f6d180f78454c8c86acee0ed755e3f1
2023-03-26 06:36:28,True,3.536e-05,1.092e-08,75048.6,0.0082,0xeb...3340,https://bscscan.com/tx/0x04356bacc9d0455a37d4498e88ac614ce31076263ea687984904e8edce91c515
2023-03-26 06:29:19,True,3.535e-05,1.092e-08,2837823.0,0.31,0x35...6a65,https://bscscan.com/tx/0x3eeb1b430b6af427dbcc935502a49fb1f126dd5b7cf0d8648ac1a8637ae34e11
2023-03-26 06:28:34,True,3.534e-05,1.092e-08,18347506.0,2.00411,0xcc...0331,https://bscscan.com/tx/0xcff636710a9f24dfb0941f994b0f5bd9423f7bc7eabc89f973d6789f9d10adc9
2023-03-26 06:26:19,True,3.52e-05,1.092e-08,2631059.0,0.2874,0xfe...b6f1,https://bscscan.com/tx/0xaaaeba7f8a9c096fcd22cbcb521b0ad2c41de71384362ea24327340bd316a3b3
2023-03-26 06:23:04,False,3.518e-05,1.086e-08,2106648.0,0.2289,0x15...f7b6,https://bscscan.com/tx/0x6a0def2b7d4365aee942f80d98433c7236d76519a285effeba9c38060a822abe
2023-03-26 06:23:04,False,3.518e-05,1.086e-08,50600.7,0.0055,0x15...f7b6,https://bscscan.com/tx/0x6a0def2b7d4365aee942f80d98433c7236d76519a285effeba9c38060a822abe
2023-03-26 06:22:40,True,3.535e-05,1.091e-08,18349629.0,2.00342,0xcc...0331,https://bscscan.com/tx/0xc53d6ca8d2c36dc97622d5ecca6138db2290a8ecc9eb7bea6bb2b491e7c3a85e
2023-03-26 06:20:22,False,3.5e-05,1.086e-08,390206.0,0.0423,0x93...cfee,https://bscscan.com/tx/0xeb576b25de791b83aca17c36321c59b7d42aefe5b590c012cdc17821542fd6fe
2023-03-26 06:20:22,False,3.5e-05,1.086e-08,86049.8,0.0093,0x93...cfee,https://bscscan.com/tx/0xeb576b25de791b83aca17c36321c59b7d42aefe5b590c012cdc17821542fd6fe
2023-03-26 06:19:46,True,3.534e-05,1.091e-08,18369559.0,2.00472,0xcc...0331,https://bscscan.com/tx/0xca10b27ffcd02a19572beba6523ba52361f640722d759401b771983fc4b6ed84
2023-03-26 06:17:28,False,3.499e-05,1.085e-08,13460218.0,1.46153,0x69...e901,https://bscscan.com/tx/0xe7ddb08a013312d411e8c95559f1227a60763902bc74b84c3836cd1614ad116c
2023-03-26 06:17:28,False,3.499e-05,1.085e-08,4592.11,4.986e-05,0x69...e901,https://bscscan.com/tx/0xe7ddb08a013312d411e8c95559f1227a60763902bc74b84c3836cd1614ad116c
2023-03-26 06:16:55,True,3.519e-05,1.091e-08,907757.0,0.0991,0xb4...72f1,https://bscscan.com/tx/0xd0494a9c8a6aa8aa77eefcffd51244907b07b82fcb91569ee4576876871de290
2023-03-26 06:16:13,False,3.517e-05,1.085e-08,790646.0,0.0858,0xa7...2b8a,https://bscscan.com/tx/0x0627e43f48fc6f5ae0d8261b4a6abd5400a7f2ff955e70a4a6e2cbf9998e50d1
2023-03-26 06:16:13,False,3.517e-05,1.085e-08,317554.0,0.0344,0xa7...2b8a,https://bscscan.com/tx/0x0627e43f48fc6f5ae0d8261b4a6abd5400a7f2ff955e70a4a6e2cbf9998e50d1
2023-03-26 06:15:46,True,3.517e-05,1.091e-08,370112.0,0.0404,0x50...4e0b,https://bscscan.com/tx/0xd0f33d828e3493fd70b729a6537623316b16a0ba33a24c6aec05a0eaf32a4507
2023-03-26 06:12:55,True,3.533e-05,1.091e-08,18365392.0,2.00402,0xcc...0331,https://bscscan.com/tx/0xbbf7b32730147176948923326b1db273f82b7ec94885b0f8b3719b8e4eb9a6b7
2023-03-26 06:12:04,True,3.533e-05,1.09e-08,222413.0,0.0242,0x3b...c310,https://bscscan.com/tx/0x54aa0e2ea4a04306a36a8e880fcd5d91a536ba54422346444a9983b995ebce90
2023-03-26 06:10:58,True,3.531e-05,1.09e-08,18396130.0,2.00646,0xcc...0331,https://bscscan.com/tx/0x84d06b4608ab887ce567da6c55dff15ff69653dce835c375994a2a8f9674e924
2023-03-26 06:08:00,True,3.53e-05,1.09e-08,18396013.0,2.00555,0xcc...0331,https://bscscan.com/tx/0xfe6f9ccbe69d4820184ac95b1db1dfa427335ac9814e1b45a50f58fb8d343758
2023-03-26 06:05:42,True,3.528e-05,1.089e-08,45873.0,0.005,0x7b...f868,https://bscscan.com/tx/0xb15802c4f013505a1eec072810ce01effdd7c684f4f794519a7683e86a650d96
2023-03-26 06:05:18,True,3.528e-05,1.089e-08,70000.0,0.0076,0x7b...f868,https://bscscan.com/tx/0x4c64be3955a885aaf2502600757fbdab5c84f24a1b2c36e25812653343252038
2023-03-26 06:04:24,True,3.527e-05,1.089e-08,18394972.0,2.00454,0xcc...0331,https://bscscan.com/tx/0x9d66183e8ff8182b4fd745eb8b183ce4d97299e2840b8b6a61d6ea4ed0c50e64
2023-03-26 06:03:24,True,3.509e-05,1.089e-08,82608.6,0.009,0x66...f7bc,https://bscscan.com/tx/0x34da3e542660cb98b469410da12187a6994f9587dea64d066bd16f27ed64ee48
2023-03-26 06:03:21,True,3.527e-05,1.089e-08,3443004.0,0.375,0xea...e9aa,https://bscscan.com/tx/0x8503ed292727993dbccf8e8816a388fcf69c7d9360fe5a1e2333ddb34147427e
2023-03-26 06:02:51,True,3.509e-05,1.089e-08,1447502.0,0.1576,0x3d...2e35,https://bscscan.com/tx/0x4e647b0ee5dfc5ed453aa08ae04aaa4f842fc3de405d9423b2de55b78c155338
2023-03-26 06:00:33,False,3.51e-05,1.084e-08,40004630.0,4.33823,0x0b...b33c,https://bscscan.com/tx/0xfed272f225464e1f4700872bfabfc8d86b08267943f6860a18c9e3e2a62adbff
2023-03-26 06:00:33,False,3.512e-05,1.084e-08,270000.0,0.0292,0x0b...b33c,https://bscscan.com/tx/0xfed272f225464e1f4700872bfabfc8d86b08267943f6860a18c9e3e2a62adbff
2023-03-26 05:58:03,True,3.512e-05,1.09e-08,4246547.0,0.463,0x89...3571,https://bscscan.com/tx/0x83ba33cd800ba9746e4a878f1641ac0fb7b36a3244bb115e9b0d9e784bb21b6c
2023-03-26 05:57:42,False,3.499e-05,1.086e-08,99700000.0,10.8291,0x0b...b33c,https://bscscan.com/tx/0x904b33f8ca8965ade09296e67f82a804bf2920a35bcd59a81832824d98e116cb
2023-03-26 05:57:42,False,3.503e-05,1.087e-08,6532.3,7.103e-05,0x0b...b33c,https://bscscan.com/tx/0x904b33f8ca8965ade09296e67f82a804bf2920a35bcd59a81832824d98e116cb
2023-03-26 05:46:36,True,3.52e-05,1.092e-08,282400.0,0.0308,0x97...acf9,https://bscscan.com/tx/0x46f11731b27f6ed656651b610dee5441b5995e33a109de7e7752f174ce9cfa7b
2023-03-26 05:46:27,False,3.502e-05,1.087e-08,2130560.0,0.2317,0x89...834a,https://bscscan.com/tx/0x8862f01cf4fda4082276e9b10bb7a9ef35969ac860c7473d072ba2d15a90cce5
2023-03-26 05:46:27,False,3.502e-05,1.087e-08,1740.33,1.892e-05,0x89...834a,https://bscscan.com/tx/0x8862f01cf4fda4082276e9b10bb7a9ef35969ac860c7473d072ba2d15a90cce5
2023-03-26 05:37:10,False,3.501e-05,1.087e-08,642634.0,0.0698,0x16...c650,https://bscscan.com/tx/0x47f09da361b58f1d732cae2e91d37026982cfa1823458922d48a03e4ea2f4d20
2023-03-26 05:37:10,False,3.501e-05,1.087e-08,19098.9,0.002,0x16...c650,https://bscscan.com/tx/0x47f09da361b58f1d732cae2e91d37026982cfa1823458922d48a03e4ea2f4d20
2023-03-26 05:36:28,True,3.518e-05,1.092e-08,4102965.0,0.4484,0xfa...ce4c,https://bscscan.com/tx/0x92484e6dbaada1569f1565471ea9e530e89f3ac46efd439c71bca0206b25ab6f
2023-03-26 05:34:07,True,3.52e-05,1.092e-08,208007.0,0.0227,0x23...3451,https://bscscan.com/tx/0x926e8f6a3998fc38b4a81331fd8c6660ea6365f4d90d3eaa6f079e32b889d443
2023-03-26 05:32:06,True,3.52e-05,1.092e-08,915013.0,0.1,0x16...136f,https://bscscan.com/tx/0x0c980fda4c95c2b41040c3f53961f9951159c9117186b6b440b31d54f914db21
2023-03-26 05:29:16,True,3.539e-05,1.092e-08,1293132.0,0.1413,0x6f...4225,https://bscscan.com/tx/0xd70832340737bfab362c699da8fc6328fd87b7041e94cdcdb7f8854b4fb55171
2023-03-26 05:28:06,False,3.505e-05,1.087e-08,552876.0,0.0601,0x7c...aea7,https://bscscan.com/tx/0x0830e96831ee71c3adad16caa0f7600d56739b03eb133ddc15b9c31f9aa840e8
2023-03-26 05:28:06,False,3.505e-05,1.087e-08,124.771,1.356e-06,0x7c...aea7,https://bscscan.com/tx/0x0830e96831ee71c3adad16caa0f7600d56739b03eb133ddc15b9c31f9aa840e8
2023-03-26 05:28:00,False,3.523e-05,1.087e-08,46072.7,0.005,0x7c...aea7,https://bscscan.com/tx/0x9c1d7c1c92fa71aaecd85f80c08139a24b016e5d1b2d4388a60d82240eb875da
2023-03-26 05:28:00,False,3.523e-05,1.087e-08,157586.0,0.0171,0x7c...aea7,https://bscscan.com/tx/0x9c1d7c1c92fa71aaecd85f80c08139a24b016e5d1b2d4388a60d82240eb875da
2023-03-26 05:26:12,False,3.508e-05,1.088e-08,58190028.0,6.33205,0xce...57e1,https://bscscan.com/tx/0x05b43c5ce75bc5f421e4c8944ff0c72c8671f0078f7daf298476d199d618444b
2023-03-26 05:26:12,False,3.51e-05,1.088e-08,3525.57,3.839e-05,0xce...57e1,https://bscscan.com/tx/0x05b43c5ce75bc5f421e4c8944ff0c72c8671f0078f7daf298476d199d618444b
2023-03-26 05:23:21,False,3.51e-05,1.088e-08,154027.0,0.0167,0x82...24a0,https://bscscan.com/tx/0xdaba6894f7d580253f324042ad7ed0121a5dada4c811aa79544f02cab5ad10e4
2023-03-26 05:23:21,False,3.51e-05,1.088e-08,185777.0,0.0202,0x82...24a0,https://bscscan.com/tx/0xdaba6894f7d580253f324042ad7ed0121a5dada4c811aa79544f02cab5ad10e4
2023-03-26 05:22:00,False,3.53e-05,1.089e-08,68599872.0,7.47639,0x17...8cee,https://bscscan.com/tx/0xb19e4bda84680b6366c7aa6f8f78da460db2f29c2d389f1b67d5a3baf8593f27
2023-03-26 05:22:00,False,3.533e-05,1.09e-08,15416.0,0.0016,0x17...8cee,https://bscscan.com/tx/0xb19e4bda84680b6366c7aa6f8f78da460db2f29c2d389f1b67d5a3baf8593f27
2023-03-26 05:08:34,True,3.55e-05,1.096e-08,5633166.0,0.6174,0x9a...e00b,https://bscscan.com/tx/0xb42420afbde7b5a66e7f1f4719cd98921795ea06428cd00589b4b7e8709f5b07
2023-03-26 05:05:13,False,3.532e-05,1.09e-08,76220.8,0.0083,0xb5...156b,https://bscscan.com/tx/0x81725dce71a5aa99ddc992d87daaf3b016951721fba4ec66290c6a681d599ac3
2023-03-26 05:05:13,False,3.532e-05,1.09e-08,3269.48,3.565e-05,0xb5...156b,https://bscscan.com/tx/0x81725dce71a5aa99ddc992d87daaf3b016951721fba4ec66290c6a681d599ac3
2023-03-26 04:57:16,True,3.531e-05,1.096e-08,254502.0,0.0279,0x2b...44e9,https://bscscan.com/tx/0x4dbb1ae6653a229b9d1d4fcb754f44c98ec15c6d032282d3e1d287b33867a240
2023-03-26 04:56:19,True,3.549e-05,1.096e-08,248743.0,0.0272,0xf3...1a82,https://bscscan.com/tx/0xf7896f84ff0887f14e8f1113c3f1d268fb28e1eef26e573772448180edd40d9a
2023-03-26 04:54:04,False,3.531e-05,1.09e-08,705553.0,0.0769,0x66...8fbf,https://bscscan.com/tx/0x075888b0c01e522770743ac6d5c110e891127531d68c2ea2291f5f892f4a713e
2023-03-26 04:54:04,False,3.531e-05,1.09e-08,5401.17,5.89e-05,0x66...8fbf,https://bscscan.com/tx/0x075888b0c01e522770743ac6d5c110e891127531d68c2ea2291f5f892f4a713e
2023-03-26 04:47:42,False,3.533e-05,1.09e-08,1994434.0,0.2175,0x5a...e6e3,https://bscscan.com/tx/0x011319e4f1c6384dc0add18221366f47b9cc8ca8caca0b09873e09a8799ce1d2
2023-03-26 04:47:42,False,3.533e-05,1.09e-08,81000.0,0.0088,0x5a...e6e3,https://bscscan.com/tx/0x011319e4f1c6384dc0add18221366f47b9cc8ca8caca0b09873e09a8799ce1d2
2023-03-26 04:47:21,False,3.517e-05,1.091e-08,29910000.0,3.2634,0x80...c095,https://bscscan.com/tx/0x65e93e56d5d47837a08512d17bf973d933d65b2aec5f9ccf21160025aaf3b8e3
2023-03-26 04:47:21,False,3.518e-05,1.091e-08,5374.26,5.865e-05,0x80...c095,https://bscscan.com/tx/0x65e93e56d5d47837a08512d17bf973d933d65b2aec5f9ccf21160025aaf3b8e3
2023-03-26 04:43:39,False,3.518e-05,1.091e-08,824998.0,0.09,0x6f...f59a,https://bscscan.com/tx/0x19e0c1a17be851c41fb4d73d8ebab8f4120a80fef84c412272011ca60860d604
2023-03-26 04:43:39,False,3.518e-05,1.091e-08,1098.69,1.199e-05,0x6f...f59a,https://bscscan.com/tx/0x19e0c1a17be851c41fb4d73d8ebab8f4120a80fef84c412272011ca60860d604
2023-03-26 04:41:42,False,3.537e-05,1.091e-08,405703.0,0.0442,0x67...541e,https://bscscan.com/tx/0x56344065a9d7cde68c7c541d33fe20258c056ef8d3440bb2fa163aec416c94b5
2023-03-26 04:41:42,False,3.538e-05,1.091e-08,1350.0,1.473e-05,0x67...541e,https://bscscan.com/tx/0x56344065a9d7cde68c7c541d33fe20258c056ef8d3440bb2fa163aec416c94b5
2023-03-26 04:36:51,False,3.536e-05,1.091e-08,498500.0,0.0544,0x20...f437,https://bscscan.com/tx/0xdab35aaaa4adf55183eb7fba9d67f7b74cb38fcf11425266c38b8fbf32f457fa
2023-03-26 04:36:51,False,3.536e-05,1.091e-08,2700.0,2.947e-05,0x20...f437,https://bscscan.com/tx/0xdab35aaaa4adf55183eb7fba9d67f7b74cb38fcf11425266c38b8fbf32f457fa
2023-03-26 04:36:03,False,3.536e-05,1.091e-08,997000.0,0.1088,0x20...f437,https://bscscan.com/tx/0x4fa622635dd0b9ff6de0ecfd1080d50b087d93f08749e7c20ea58968d5b75e4a
2023-03-26 04:36:03,False,3.536e-05,1.091e-08,110985.0,0.0121,0x20...f437,https://bscscan.com/tx/0x4fa622635dd0b9ff6de0ecfd1080d50b087d93f08749e7c20ea58968d5b75e4a
2023-03-26 04:26:15,False,3.537e-05,1.092e-08,40982091.0,4.47562,0xb0...17cb,https://bscscan.com/tx/0xc3eca5e11300aa78506ecd845b4cd44752be4e6b5916053a8c12eac338c66390
2023-03-26 04:26:15,False,3.539e-05,1.092e-08,25441.4,0.0027,0xb0...17cb,https://bscscan.com/tx/0xc3eca5e11300aa78506ecd845b4cd44752be4e6b5916053a8c12eac338c66390
2023-03-26 04:16:33,True,3.556e-05,1.098e-08,660399.0,0.0725,0x2f...92c6,https://bscscan.com/tx/0xc3b6e002db5eaf4a026015ea76698d629b2c6a5ffca508bed3ea244639203f65
2023-03-26 04:15:21,True,3.556e-05,1.098e-08,1183876.0,0.13,0xed...fc11,https://bscscan.com/tx/0x7c88d9f06b69e3232cffbbda0b516c3d5f73f39e788c915415f802f75503c5f2
2023-03-26 04:15:18,True,3.556e-05,1.098e-08,619272.0,0.068,0x74...f85f,https://bscscan.com/tx/0x04d2afeafff1ac84927f02e5b2105885c4bb1c18ca06e32c1668d34066671dcf
2023-03-26 04:15:18,True,3.558e-05,1.098e-08,2629432.0,0.2888,0x9e...7035,https://bscscan.com/tx/0xd9a0a2a8568a62240e977a3609f75b6728de7174633acf157be1847e868294ac
2023-03-26 04:06:06,False,3.519e-05,1.092e-08,2271283.0,0.2481,0x66...8dcf,https://bscscan.com/tx/0xa5c1370f8f0526662da5fba75cd5fa10439a358849716e579c0afa606630f788
2023-03-26 04:06:06,False,3.519e-05,1.092e-08,8225.36,8.986e-05,0x66...8dcf,https://bscscan.com/tx/0xa5c1370f8f0526662da5fba75cd5fa10439a358849716e579c0afa606630f788
2023-03-26 04:05:51,True,3.555e-05,1.098e-08,546429.0,0.06,0x27...17bc,https://bscscan.com/tx/0xd024713a94b575057f3f1ad8f7feb038e36bb6a86665a2e5211dd5672d44fee0
2023-03-26 04:04:48,False,3.519e-05,1.092e-08,2492500.0,0.2723,0x2a...1ac0,https://bscscan.com/tx/0x03addcc7dc34bc708ed8180f688dce1f0ab3606183a5b01b3a2d7b1dd9ae86a3
2023-03-26 04:04:48,False,3.519e-05,1.092e-08,398.022,4.348e-06,0x2a...1ac0,https://bscscan.com/tx/0x03addcc7dc34bc708ed8180f688dce1f0ab3606183a5b01b3a2d7b1dd9ae86a3
2023-03-26 04:01:51,False,3.537e-05,1.092e-08,99700.5,0.0108,0x72...46a7,https://bscscan.com/tx/0x044a55f137998d8706accb56d7b1529408c6de6eb1b799e781225f0f1186754a
2023-03-26 04:01:51,False,3.537e-05,1.092e-08,105917.0,0.0115,0x72...46a7,https://bscscan.com/tx/0x044a55f137998d8706accb56d7b1529408c6de6eb1b799e781225f0f1186754a
2023-03-26 03:56:36,False,3.522e-05,1.093e-08,38798411.0,4.2412,0x9f...c06a,https://bscscan.com/tx/0x111670d3ffe1322d5f82785fdd38453165a33b491616c0d5402829adf35b2cbe
2023-03-26 03:56:36,False,3.523e-05,1.093e-08,1398.15,1.529e-05,0x9f...c06a,https://bscscan.com/tx/0x111670d3ffe1322d5f82785fdd38453165a33b491616c0d5402829adf35b2cbe
2023-03-26 03:48:12,False,3.541e-05,1.093e-08,516280.0,0.0564,0x71...b64b,https://bscscan.com/tx/0x7e5d331d131de97fec5fb02872d7fc4004333dacc0e2698a3217d8c636d14cc3
2023-03-26 03:48:12,False,3.541e-05,1.093e-08,533.575,5.835e-06,0x71...b64b,https://bscscan.com/tx/0x7e5d331d131de97fec5fb02872d7fc4004333dacc0e2698a3217d8c636d14cc3
2023-03-26 03:47:12,False,3.541e-05,1.093e-08,197028.0,0.0215,0xc6...e1be,https://bscscan.com/tx/0x41bd5ee8413d2571ffd0ce83480de924540f124ac752f102217bdd7e67a858ae
2023-03-26 03:47:12,False,3.541e-05,1.093e-08,208479.0,0.0228,0xc6...e1be,https://bscscan.com/tx/0x41bd5ee8413d2571ffd0ce83480de924540f124ac752f102217bdd7e67a858ae
2023-03-26 03:45:36,True,3.556e-05,1.098e-08,58540745.0,6.43,0xce...57e1,https://bscscan.com/tx/0xbf4df182cfc7849c679dde58505b5c16cbdb8b1b1938b855153a9bbdf3a6bf57
2023-03-26 03:42:21,True,3.553e-05,1.097e-08,18275775.0,2.00549,0xcc...0331,https://bscscan.com/tx/0x0a6402c4959739e8154d7bb7dca3f34f0f6f9d8c7e7ce758dbc05a1cd26b76f2
2023-03-26 03:40:24,False,3.533e-05,1.091e-08,396680.0,0.0433,0xcd...6962,https://bscscan.com/tx/0x30411f1e6f6f7a685ea032d0e242bdd8182e870b9087c58fe24b4514e0cc2105
2023-03-26 03:40:24,False,3.533e-05,1.091e-08,4261.49,4.652e-05,0xcd...6962,https://bscscan.com/tx/0x30411f1e6f6f7a685ea032d0e242bdd8182e870b9087c58fe24b4514e0cc2105
2023-03-26 03:38:42,False,3.533e-05,1.091e-08,1573593.0,0.1717,0xc9...35ff,https://bscscan.com/tx/0xa74da33ee52bd3b7a17f8688fb82c42660f1bceb693c3cd7159228ae0dd63389
2023-03-26 03:38:42,False,3.533e-05,1.091e-08,189756.0,0.0207,0xc9...35ff,https://bscscan.com/tx/0xa74da33ee52bd3b7a17f8688fb82c42660f1bceb693c3cd7159228ae0dd63389
2023-03-26 03:38:39,True,3.551e-05,1.097e-08,580271.0,0.0636,0xae...1ac5,https://bscscan.com/tx/0x6ffe590f32b951c4fb3d0ccbac52f591a8632f0d38db75ac29721fdc9edf2d39
2023-03-26 03:33:51,True,3.548e-05,1.096e-08,16249138.0,1.78242,0x20...946b,https://bscscan.com/tx/0xa95331e323d90594189cc43aa5d2faffa97be79e91c2135941eedba78b089e95
2023-03-26 03:32:33,True,3.529e-05,1.096e-08,18285909.0,2.00499,0xcc...0331,https://bscscan.com/tx/0x007ceeec59803db31ac90d8ff3a86935410d7a4f79ae66aa11676078d7028c95
2023-03-26 03:30:30,True,3.527e-05,1.095e-08,18306418.0,2.00635,0xcc...0331,https://bscscan.com/tx/0xf830292e21cb4d401b06a1fc5955f488e3f28c50b70a79028c271408bd8ecf7b
2023-03-26 03:27:43,False,3.509e-05,1.09e-08,2968668.0,0.3236,0x24...24fb,https://bscscan.com/tx/0x869d85cfe22272d6d0500e5d7777d0181af131bc81a353dbb3656dadc60edb58
2023-03-26 03:27:43,False,3.509e-05,1.09e-08,154298.0,0.0168,0x24...24fb,https://bscscan.com/tx/0x869d85cfe22272d6d0500e5d7777d0181af131bc81a353dbb3656dadc60edb58
2023-03-26 03:27:07,True,3.543e-05,1.095e-08,18299529.0,2.00485,0xcc...0331,https://bscscan.com/tx/0x340a09ac16380148283654eca368e5e3dfd8caa46678d07f11efc5d8cae35a36
2023-03-26 03:24:58,True,3.524e-05,1.095e-08,18321309.0,2.00634,0xcc...0331,https://bscscan.com/tx/0x696721565dea7060decf6107f5d04ff6caa452f3c6785b57c08ced1cdddc62c2
2023-03-26 03:22:49,True,3.54e-05,1.094e-08,18320572.0,2.00536,0xcc...0331,https://bscscan.com/tx/0xe3ed2838cd133d9470608059393feeae69b0bcb5ccca137606d28dd08ee293bc
2023-03-26 03:22:43,True,3.539e-05,1.094e-08,1640840.0,0.1795,0x95...1e02,https://bscscan.com/tx/0x3a5ff75ead9129d3f7d21a77f31e841c54ce6136ab255870ec6b74f39a10701e
2023-03-26 03:21:37,True,3.521e-05,1.094e-08,109659.0,0.012,0xb8...2a59,https://bscscan.com/tx/0x30bb6139ba3ef1711ce950f69f751065e499892ae62457b6bd36f8bc3ee80d1d
2023-03-26 03:19:28,False,3.503e-05,1.088e-08,454188.0,0.0494,0x29...9ac0,https://bscscan.com/tx/0x27b8ac7d23b93c2d3f7b0de168fa0862460195aebb5f0771fa5f5f9d6b10fd5c
2023-03-26 03:19:28,False,3.503e-05,1.088e-08,15311.3,0.0016,0x29...9ac0,https://bscscan.com/tx/0x27b8ac7d23b93c2d3f7b0de168fa0862460195aebb5f0771fa5f5f9d6b10fd5c
2023-03-26 03:18:10,True,3.521e-05,1.094e-08,1714698.0,0.1876,0xae...1ac5,https://bscscan.com/tx/0x753956dd03a095def61afe89c63b8424f161c3e37abaae2bf6ed2977e987a4d3
2023-03-26 03:13:16,False,3.503e-05,1.088e-08,2456245.0,0.2674,0xc4...0a3a,https://bscscan.com/tx/0x74af1918f7cb4845c1f27e572535df549daacbe501bf0b60ec0b51bca2e35ab1
2023-03-26 03:13:16,False,3.504e-05,1.088e-08,103891.0,0.0113,0xc4...0a3a,https://bscscan.com/tx/0x74af1918f7cb4845c1f27e572535df549daacbe501bf0b60ec0b51bca2e35ab1
2023-03-26 03:12:19,True,3.538e-05,1.094e-08,17235185.0,1.88572,0xcc...0331,https://bscscan.com/tx/0x33293e0326cf2381dd0b376afe03a7ff52a11c57739f510bcd7c35567e948bb3
2023-03-26 03:10:25,True,3.538e-05,1.093e-08,1188448.0,0.13,0x44...6295,https://bscscan.com/tx/0x0362ea15bdd096ce4e7c9df677cbcd15292b7ec4b6d7662b32d4f9445aef284e
2023-03-26 03:09:56,True,3.537e-05,1.093e-08,18340879.0,2.00576,0xcc...0331,https://bscscan.com/tx/0x4615fabc374b7dad01ff2a5b44811950a32f5bb528103e9a347abf54cf4c4939
2023-03-26 03:09:43,False,3.518e-05,1.087e-08,1708569.0,0.1858,0xad...73f3,https://bscscan.com/tx/0x40f8674ca7daf6a432069c3b7f7f35d7a4f85ddd1445473cc071be255577d369
2023-03-26 03:09:43,False,3.518e-05,1.087e-08,209117.0,0.0227,0xad...73f3,https://bscscan.com/tx/0x40f8674ca7daf6a432069c3b7f7f35d7a4f85ddd1445473cc071be255577d369
2023-03-26 03:07:56,True,3.535e-05,1.093e-08,18342644.0,2.00515,0xcc...0331,https://bscscan.com/tx/0xe90a87592d6076a44152574278d445a961759f8045a5d717c34da94c8686259a
2023-03-26 03:07:38,True,3.515e-05,1.092e-08,28327712.0,3.09493,0xc1...f4fe,https://bscscan.com/tx/0x6079bad2c91bd890bc99ae1fa57adf86b86dc8b248d6e38bc91eae9dfe3dbd76
2023-03-26 03:07:35,True,3.513e-05,1.091e-08,15647461.0,1.70864,0x20...946b,https://bscscan.com/tx/0x8d171429e9f25053f61ed16679a622294f91d134d418da3a9f9cb4e0c7abb4f2
2023-03-26 03:06:35,False,3.495e-05,1.086e-08,661143.0,0.0718,0x12...4f8d,https://bscscan.com/tx/0xfe9ab2c1150806a3773b084dbc32623cb40b6f440b158115f6f8f01dc9e49f65
2023-03-26 03:06:35,False,3.495e-05,1.086e-08,82372.0,0.0089,0x12...4f8d,https://bscscan.com/tx/0xfe9ab2c1150806a3773b084dbc32623cb40b6f440b158115f6f8f01dc9e49f65
2023-03-26 03:06:23,True,3.511e-05,1.091e-08,30085986.0,3.2835,0x20...946b,https://bscscan.com/tx/0x60a0c6954f1ec080784a79a6e9dd1f523fe193c76d92f9a025eba169ba6ce265
2023-03-26 03:06:05,False,3.492e-05,1.085e-08,420893.0,0.0456,0x58...31da,https://bscscan.com/tx/0x13f1af7a7f76d8885a45e17fc9385a952148ff94a287c3f87554f737bcf9c900
2023-03-26 03:06:05,False,3.492e-05,1.085e-08,1790544.0,0.1943,0x58...31da,https://bscscan.com/tx/0x13f1af7a7f76d8885a45e17fc9385a952148ff94a287c3f87554f737bcf9c900
2023-03-26 03:05:53,True,3.509e-05,1.09e-08,18390719.0,2.00603,0xcc...0331,https://bscscan.com/tx/0xcacb2d5aa693b884336f48b1676c770511586443e90e853adc51067afac2e4af
2023-03-26 03:04:05,True,3.507e-05,1.09e-08,18885156.0,2.05903,0x38...6d49,https://bscscan.com/tx/0x054ed586761b3968b2d94bede73b0cf8f5a875177ab59d8737a8b802cf80b0f9
2023-03-26 03:03:53,True,3.506e-05,1.089e-08,18419366.0,2.00734,0xcc...0331,https://bscscan.com/tx/0x234eb61aa3d37f1b29d245079f429db8952a75b23b15bc7810b317ae6ca243c6
2023-03-26 03:03:47,True,3.503e-05,1.089e-08,35551230.0,3.87182,0xe3...a028,https://bscscan.com/tx/0x4b2fd82d659160ae8eb53687b7416b11dec6d61b7500415c31538f5a00eeeb6c
2023-03-26 03:03:29,True,3.519e-05,1.088e-08,4249578.0,0.4625,0xaa...c0b5,https://bscscan.com/tx/0xe2cad12f4586b0a3065884ef14e3c88392c7c6fe804a7a967936bb3b0c39e74a
2023-03-26 03:02:44,True,3.502e-05,1.088e-08,514001.0,0.0559,0xc4...c5da,https://bscscan.com/tx/0x64d6e5483a98735f92feb1c22f7fc45e89df89e7b52711a4cdc189206473f7fa
2023-03-26 03:02:05,True,3.501e-05,1.088e-08,17440495.0,1.89797,0x20...946b,https://bscscan.com/tx/0xb719ff4ddb58151367d7c4be6f5e9757dc0b25b173770127d85115f7cc4490ee
2023-03-26 03:02:02,True,3.499e-05,1.087e-08,28469139.0,3.09644,0xc1...f4fe,https://bscscan.com/tx/0xa013534471d7d397f2761eb408a7d123f5ed44d4905d465be8af5870125461ee
2023-03-26 03:01:53,True,3.514e-05,1.087e-08,18411250.0,2.00135,0xcc...0331,https://bscscan.com/tx/0xa27a3fcbe2f7b2ab0bbe0f0b9ef2e840e796787d543e75a295960b279d3592a1
2023-03-26 03:01:50,True,3.515e-05,1.087e-08,1750355.0,0.1903,0x68...ead7,https://bscscan.com/tx/0x6cac46b40023815a2f26e45ddf43eb92adec1e4f1c99938ed8bfc287b028ab9c
2023-03-26 03:01:50,False,3.517e-05,1.087e-08,486960086.0,52.9685,0x58...0b2a,https://bscscan.com/tx/0x5fc9b7d14b7671f4ce774860a65caa4a44e8162c7178f4d4a09b35dea5effaf8
2023-03-26 03:01:50,False,3.538e-05,1.094e-08,119139.0,0.013,0x58...0b2a,https://bscscan.com/tx/0x5fc9b7d14b7671f4ce774860a65caa4a44e8162c7178f4d4a09b35dea5effaf8
2023-03-26 03:00:47,True,3.538e-05,1.099e-08,208609.0,0.0229,0x18...1df2,https://bscscan.com/tx/0xdead7ae29e4d4d36e9ef470f7bc66f3b416fcca5324de3084ae46614f98aeddd
2023-03-26 01:59:03,True,3.556e-05,1.099e-08,181872.0,0.02,0x4c...6644,https://bscscan.com/tx/0x41fc8328e6c536e897243a7db1055c69b01972fe9460e2ac9d943b78613529cc
2023-03-26 01:58:48,False,3.52e-05,1.094e-08,1259376.0,0.1378,0x4b...8227,https://bscscan.com/tx/0xa267a9cace4c9efc82fd0752147dfc03ffa1d2dd55595e2b631505d04e7feed9
2023-03-26 01:58:48,False,3.52e-05,1.094e-08,163531.0,0.0178,0x4b...8227,https://bscscan.com/tx/0xa267a9cace4c9efc82fd0752147dfc03ffa1d2dd55595e2b631505d04e7feed9
2023-03-26 01:58:15,True,3.536e-05,1.099e-08,50225972.0,5.52,0xca...8c6d,https://bscscan.com/tx/0x43a383736abd16ffe893e948526a393c2cdb74ddb9fd64c4e625b7d5855283f6
2023-03-26 01:57:40,False,3.534e-05,1.093e-08,10309988.0,1.12689,0xc2...e217,https://bscscan.com/tx/0x7385c770e730613a27fe7f7bfa3cea5c183c25f8805352e4bcf7b232bcb24fa1
2023-03-26 01:57:40,False,3.535e-05,1.093e-08,227527.0,0.0248,0xc2...e217,https://bscscan.com/tx/0x7385c770e730613a27fe7f7bfa3cea5c183c25f8805352e4bcf7b232bcb24fa1
2023-03-26 01:53:28,True,3.532e-05,1.097e-08,83403962.0,9.15377,0xa0...b0df,https://bscscan.com/tx/0x4aa0f01649d57679a8744fe9c4bc1c56928d32972977792a85c974b676201bb5
2023-03-26 01:53:07,False,3.528e-05,1.09e-08,862614.0,0.0941,0x94...4711,https://bscscan.com/tx/0xf2175b770849d493d1c518039c32d04ffa0a5291a64858d0bd41baaa94181a99
2023-03-26 01:53:07,False,3.528e-05,1.09e-08,31677.6,0.0034,0x94...4711,https://bscscan.com/tx/0xf2175b770849d493d1c518039c32d04ffa0a5291a64858d0bd41baaa94181a99
2023-03-26 01:49:31,True,3.545e-05,1.096e-08,3242541.0,0.3555,0xc2...e217,https://bscscan.com/tx/0x87003c557af9bb5a15c2915e7da2db0b48e5986e3e50606cb3fc2f78c925dec1
2023-03-26 01:45:40,False,3.508e-05,1.09e-08,8464434.0,0.9234,0x79...a164,https://bscscan.com/tx/0xf0c8b7eac18af8a9883cc5dfe94635da9036b15f11885733f01a0997c6d7cb99
2023-03-26 01:45:40,False,3.509e-05,1.091e-08,72288.4,0.0078,0x79...a164,https://bscscan.com/tx/0xf0c8b7eac18af8a9883cc5dfe94635da9036b15f11885733f01a0997c6d7cb99
2023-03-26 01:43:34,True,3.526e-05,1.096e-08,22483190.0,2.46477,0xed...cc66,https://bscscan.com/tx/0x94e6151b7f1ad2dcb48c000f4cf702ceac6288136bd6d4d4ba10dd0894f51d34
2023-03-26 01:42:07,True,3.543e-05,1.095e-08,1196467.0,0.1311,0xcb...2b0a,https://bscscan.com/tx/0x0e85a816b600a27aaca94a4d51bef68c80844e0e85c5cacc00cd83d0a14ecc78
2023-03-26 01:40:52,True,3.543e-05,1.095e-08,141105.0,0.0154,0xd1...8c38,https://bscscan.com/tx/0x33981a38556347f2b327c4c58eac1e5aba81832051639fcd8a32fb4276bafe3c
2023-03-26 01:38:43,True,3.543e-05,1.095e-08,1952718.0,0.214,0x80...0022,https://bscscan.com/tx/0x2de14daa22444bacbcdbc41d6989bbc61d30a4e42f38550bb9982d02350aae10
2023-03-26 01:35:55,False,3.526e-05,1.09e-08,997000.0,0.1087,0x21...31ef,https://bscscan.com/tx/0x4b4957c82330c10fb50625085981418b046150ae76e9fc0c05626e57ae486b7b
2023-03-26 01:35:55,False,3.526e-05,1.09e-08,2081.13,2.269e-05,0x21...31ef,https://bscscan.com/tx/0x4b4957c82330c10fb50625085981418b046150ae76e9fc0c05626e57ae486b7b
2023-03-26 01:35:01,True,3.526e-05,1.095e-08,418595.0,0.0458,0x18...1df2,https://bscscan.com/tx/0x9ab7167abb6bca3b6a9a4772d80ceadf8b3dc3440d3af8319523beb8802bf803
2023-03-26 01:32:34,True,3.544e-05,1.095e-08,41184.5,0.0045,0xf3...346d,https://bscscan.com/tx/0xe657c2dc3b472173e3971024bf4e0a5024f05645366c5ca558744d116240f5d9
2023-03-26 01:26:46,True,3.543e-05,1.095e-08,182499.0,0.02,0x9e...49d4,https://bscscan.com/tx/0x8318cefb6cf72f1f3a5e8e0532ac67d1f30a6b4947df3f633fc0f2f66995900a
2023-03-26 01:23:04,True,3.544e-05,1.095e-08,27375.0,0.003,0xac...aa22,https://bscscan.com/tx/0xd494ac56841cfbf98117203f0c0095c3c1b5b4e15e7f3b0463c7ca85f1a2663b
2023-03-26 01:22:46,False,3.509e-05,1.09e-08,100832.0,0.0109,0xff...1a9a,https://bscscan.com/tx/0xd82acb22f60c0dad6a11087d1a33eb63d49f06f2eabe8a7ebb7b05cb3741181b
2023-03-26 01:22:46,False,3.509e-05,1.09e-08,8477.66,9.244e-05,0xff...1a9a,https://bscscan.com/tx/0xd82acb22f60c0dad6a11087d1a33eb63d49f06f2eabe8a7ebb7b05cb3741181b
2023-03-26 01:16:35,True,3.548e-05,1.095e-08,283240.0,0.031,0x8b...b5b5,https://bscscan.com/tx/0x2156ce093628e92843b884d2ff051170b8945d3d5c2c2fe4872aa84bb2f173d9
2023-03-26 01:16:05,True,3.548e-05,1.095e-08,1347447.0,0.1476,0x30...43c2,https://bscscan.com/tx/0xedba7d9004f2798c8e06d03673e9dd395a28aea8136cbdcdd6380af828f53fd2
2023-03-26 01:12:59,False,3.511e-05,1.09e-08,210641.0,0.0229,0x25...2eed,https://bscscan.com/tx/0x71ffb628d34afdc62696c3143902c69873efa81953551440a49b5c9c4259f8a7
2023-03-26 01:12:59,False,3.511e-05,1.09e-08,17023.8,0.0018,0x25...2eed,https://bscscan.com/tx/0x71ffb628d34afdc62696c3143902c69873efa81953551440a49b5c9c4259f8a7
2023-03-26 01:12:10,False,3.513e-05,1.09e-08,6286205.0,0.6854,0xe9...811f,https://bscscan.com/tx/0x40f084886633c00a126956a5725a124026d34656009793ceacf68dcb4c2ea7a2
2023-03-26 01:12:10,False,3.513e-05,1.09e-08,103100.0,0.0112,0xe9...811f,https://bscscan.com/tx/0x40f084886633c00a126956a5725a124026d34656009793ceacf68dcb4c2ea7a2
2023-03-26 01:06:16,True,3.532e-05,1.096e-08,1014077.0,0.1111,0xb4...8904,https://bscscan.com/tx/0xd6f138df79697400f7a4a80459c9cc712dd4e6900f5d28fb8c0e0aa84dd9d582
2023-03-26 01:04:58,True,3.531e-05,1.095e-08,46000.0,0.005,0x23...7fa5,https://bscscan.com/tx/0x7b0a86fa512591d161a34582ffbb79839b75df9d0081b6025939dca03c36ce71
2023-03-26 01:03:46,True,3.549e-05,1.095e-08,8125214.0,0.8904,0x3e...6b78,https://bscscan.com/tx/0xfd85aac1177489a711550b573a622eb0bc5919764ee3579d46c0df5fd634bc59
2023-03-26 01:03:37,False,3.533e-05,1.09e-08,28913000.0,3.15352,0xe3...67e9,https://bscscan.com/tx/0xba1e61341e4a5ac39cf434a3ba884adb10059f0ce73b4a39c86de68be53b2c65
2023-03-26 01:03:37,False,3.534e-05,1.091e-08,92585.8,0.0101,0xe3...67e9,https://bscscan.com/tx/0xba1e61341e4a5ac39cf434a3ba884adb10059f0ce73b4a39c86de68be53b2c65
2023-03-26 01:01:58,True,3.55e-05,1.096e-08,33019588.0,3.61932,0x4d...e3b0,https://bscscan.com/tx/0x63dd4319885da632467e78d819b8886b8f05000bbefa849920db7384a2010359
2023-03-26 00:58:52,False,3.514e-05,1.09e-08,1267646.0,0.1382,0x92...453e,https://bscscan.com/tx/0x755b262d3af19e8cbb8ccc2c79078d5beff24619076fe1fd574817aa3caad326
2023-03-26 00:58:52,False,3.514e-05,1.09e-08,9092.09,9.912e-05,0x92...453e,https://bscscan.com/tx/0x755b262d3af19e8cbb8ccc2c79078d5beff24619076fe1fd574817aa3caad326
2023-03-26 00:58:40,True,3.55e-05,1.095e-08,246000.0,0.0269,0x34...f9e5,https://bscscan.com/tx/0x7485bb683dc652d792e6bca4de1aaa14d50ffa824005956a144cb3cc1c36230a
2023-03-26 00:58:28,False,3.532e-05,1.09e-08,3112075.0,0.3393,0xab...180e,https://bscscan.com/tx/0xc64a54859af3acde4dded378a657e3bde4398f1ef7f76373e0a8fbe93e6a3851
2023-03-26 00:58:28,False,3.532e-05,1.09e-08,37405.7,0.004,0xab...180e,https://bscscan.com/tx/0xc64a54859af3acde4dded378a657e3bde4398f1ef7f76373e0a8fbe93e6a3851
2023-03-26 00:58:16,True,3.549e-05,1.095e-08,13691124.0,1.5,0xe2...5800,https://bscscan.com/tx/0x503f5edcc94ebd3b1317772fb5f07fb097fa8032fe0d955f4279cf00eaccedfb
2023-03-26 00:55:22,False,3.513e-05,1.089e-08,162359.0,0.0177,0x1c...af97,https://bscscan.com/tx/0x803a8a7789e74ed256814d63cedb40f0d0b43df95c08951ab81a64d34122f08c
2023-03-26 00:55:22,False,3.513e-05,1.089e-08,65375.6,0.0071,0x1c...af97,https://bscscan.com/tx/0x803a8a7789e74ed256814d63cedb40f0d0b43df95c08951ab81a64d34122f08c
2023-03-26 00:54:46,True,3.548e-05,1.095e-08,2500000.0,0.2738,0x11...890c,https://bscscan.com/tx/0x0dcca7372acc3c3bc04de44701adf1ed502cec02de82322503228d36cd99f6f7
2023-03-26 00:47:19,True,3.528e-05,1.095e-08,300654.0,0.0329,0xa4...efb6,https://bscscan.com/tx/0x3719493577dc948bc55ec2a4ac905068e25bacffa4b7bc78dff74581e66f06e7
2023-03-26 00:45:34,True,3.545e-05,1.095e-08,1412545.0,0.1547,0xdb...9370,https://bscscan.com/tx/0x48f13c16f099e0d29b4472a25de0553b70f2f8f38bb3545780051cdd5b45336c
2023-03-26 00:45:04,False,3.511e-05,1.09e-08,19940000.0,2.17367,0xe3...5aaa,https://bscscan.com/tx/0x3cab3d49ad07546182390b0a96ff564c91d4a83bf909c7453f148d58f3f4a91a
2023-03-26 00:45:04,False,3.512e-05,1.09e-08,13500.0,0.0014,0xe3...5aaa,https://bscscan.com/tx/0x3cab3d49ad07546182390b0a96ff564c91d4a83bf909c7453f148d58f3f4a91a
2023-03-26 00:44:10,False,3.512e-05,1.09e-08,4985000.0,0.5435,0xe3...5aaa,https://bscscan.com/tx/0xc96bfaa629030c6dd9723884505c06aa8964c9dda43f993c4c28d0e4747d1bcd
2023-03-26 00:44:10,False,3.513e-05,1.09e-08,8422.96,9.185e-05,0xe3...5aaa,https://bscscan.com/tx/0xc96bfaa629030c6dd9723884505c06aa8964c9dda43f993c4c28d0e4747d1bcd
2023-03-26 00:41:58,True,3.545e-05,1.095e-08,1665575.0,0.1825,0x39...0252,https://bscscan.com/tx/0x0914179742667985954c3e763f25d26f1ef1105076785dcfb51b3a632c4eb885
2023-03-26 00:41:37,False,3.527e-05,1.09e-08,1449678.0,0.158,0x4e...abb7,https://bscscan.com/tx/0x92797a2f750d8d4e3beeaa746ead7e805dce367fbacf60fdc80e0e52d440b201
2023-03-26 00:41:37,False,3.527e-05,1.09e-08,18623.2,0.002,0x4e...abb7,https://bscscan.com/tx/0x92797a2f750d8d4e3beeaa746ead7e805dce367fbacf60fdc80e0e52d440b201
2023-03-26 00:27:16,True,3.545e-05,1.095e-08,5458531.0,0.5982,0x11...1a50,https://bscscan.com/tx/0x9efca07ce28b0afa9378040e09a6f0e059a3ff6d2c6acbec71944274f12025fb
2023-03-26 00:25:52,False,3.509e-05,1.09e-08,1003840.0,0.1094,0x43...e8f5,https://bscscan.com/tx/0x525daeb63e211989272b6b22f0c13f69d1c0fbf874d6be65273609438c943d0e
2023-03-26 00:25:52,False,3.509e-05,1.09e-08,70262.4,0.0076,0x43...e8f5,https://bscscan.com/tx/0x525daeb63e211989272b6b22f0c13f69d1c0fbf874d6be65273609438c943d0e
2023-03-26 00:25:52,False,3.51e-05,1.09e-08,25945026.0,2.82989,0x9e...b9ed,https://bscscan.com/tx/0x1e768e7a2e4165d03cd4495b3683739ca9c8410955c6a9803ec2af4fb0db30ea
2023-03-26 00:25:52,False,3.511e-05,1.091e-08,19408.7,0.0021,0x9e...b9ed,https://bscscan.com/tx/0x1e768e7a2e4165d03cd4495b3683739ca9c8410955c6a9803ec2af4fb0db30ea
2023-03-26 00:20:37,True,3.529e-05,1.096e-08,1424968.0,0.1562,0x11...1a50,https://bscscan.com/tx/0x7bc313dc948c7f6f050124d5d62e0719c883493cee496b575bb62d0f0b7b5b1a
2023-03-26 00:18:01,False,3.529e-05,1.091e-08,2493130.0,0.272,0x0e...a2bc,https://bscscan.com/tx/0xe0cd9a2a238781e9d1dc2b9e9467cbf6224f4ec7805178c81cbee329f4687454
2023-03-26 00:18:01,False,3.529e-05,1.091e-08,20227.5,0.0022,0x0e...a2bc,https://bscscan.com/tx/0xe0cd9a2a238781e9d1dc2b9e9467cbf6224f4ec7805178c81cbee329f4687454
2023-03-26 00:15:22,True,3.525e-05,1.096e-08,7033020.0,0.7711,0x11...1a50,https://bscscan.com/tx/0x2453182fca138131a4a30ae4007f82a59364b5083d98a942c7a13f3537f0c0f6
2023-03-26 00:08:55,False,3.504e-05,1.09e-08,457276.0,0.0498,0xbb...addf,https://bscscan.com/tx/0xab5ad24e4f0c221e987d183a41002cc87ef0045fdda13d8526198de742e8d545
2023-03-26 00:08:55,False,3.504e-05,1.09e-08,68954.0,0.0075,0xbb...addf,https://bscscan.com/tx/0xab5ad24e4f0c221e987d183a41002cc87ef0045fdda13d8526198de742e8d545
2023-03-26 00:08:37,True,3.539e-05,1.096e-08,54738.6,0.006,0x19...0ad2,https://bscscan.com/tx/0x1718225c5558d7bcccb7e9c20a596e586438d2f95019f0f955e5a7e1bc3d4361
2023-03-26 00:01:07,True,3.535e-05,1.096e-08,138986.0,0.0152,0x6e...9169,https://bscscan.com/tx/0x4d6e8dc7167fe5d5883856508fc69d25525974ff6d4cb850334e077a56dd5d21
2023-03-26 00:00:55,True,3.535e-05,1.096e-08,282817.0,0.031,0xc0...2e6a,https://bscscan.com/tx/0xadb5bc76485a9b4191aa4441e40c2041dff4f0335d3127d941759f4c8d6b808e
2023-03-26 00:00:55,False,3.519e-05,1.091e-08,24986784.0,2.72667,0x6f...2957,https://bscscan.com/tx/0x4201aaf9a510412ca23362cf197094ffac48f99f185ed55f2bd63ae132205177
2023-03-26 00:00:55,False,3.52e-05,1.091e-08,23113.4,0.0025,0x6f...2957,https://bscscan.com/tx/0x4201aaf9a510412ca23362cf197094ffac48f99f185ed55f2bd63ae132205177
2023-03-26 00:00:01,False,3.52e-05,1.091e-08,8534834.0,0.9317,0x97...6a3f,https://bscscan.com/tx/0x92432a1bebc807e09007378f0076fc51edc93653f3c5a5d9a4219be9d7e6f6b1
2023-03-26 00:00:01,False,3.521e-05,1.091e-08,24300.0,0.0026,0x97...6a3f,https://bscscan.com/tx/0x92432a1bebc807e09007378f0076fc51edc93653f3c5a5d9a4219be9d7e6f6b1
2023-03-25 23:59:10,False,3.503e-05,1.091e-08,8973000.0,0.9797,0xe3...5aaa,https://bscscan.com/tx/0x0c31be36d4b6855e97535be15868208f3477a5f4f442be7ff1cef17197926940
2023-03-25 23:59:10,False,3.504e-05,1.092e-08,6128.43,6.692e-05,0xe3...5aaa,https://bscscan.com/tx/0x0c31be36d4b6855e97535be15868208f3477a5f4f442be7ff1cef17197926940
2023-03-25 23:57:01,True,3.539e-05,1.097e-08,1382460.0,0.1517,0x84...4225,https://bscscan.com/tx/0x242492f5ac27507ff5ec1ce8615a3861738fd0e36a82ebd15b514fd6f3bbd684
2023-03-25 23:56:40,False,3.521e-05,1.092e-08,884668.0,0.0966,0xfc...eafa,https://bscscan.com/tx/0x8e2cf0401729e5f7759229e099961100d7ec294a457013e57795d307827f50a9
2023-03-25 23:56:40,False,3.521e-05,1.092e-08,77484.9,0.0084,0xfc...eafa,https://bscscan.com/tx/0x8e2cf0401729e5f7759229e099961100d7ec294a457013e57795d307827f50a9
2023-03-25 23:52:19,True,3.534e-05,1.097e-08,26454494.0,2.90248,0xf7...1421,https://bscscan.com/tx/0x777a1976f8b9892a78b24a8d8938b6f4ac90e40e6ce09638a3c6b3100a2668c1
2023-03-25 23:52:13,True,3.532e-05,1.096e-08,532948.0,0.0584,0x4e...585e,https://bscscan.com/tx/0x21858d1834a5c102a054e84ec2a5cab6d3ef7c321a619dd28ab3b4f1e62dc38c
2023-03-25 23:49:55,False,3.53e-05,1.091e-08,1222365.0,0.1334,0x7e...271f,https://bscscan.com/tx/0xa91b0af7990d7cf2a839815ae1b499495e9b47dc2baeffcd940742c0b7bdc0a4
2023-03-25 23:49:55,False,3.53e-05,1.091e-08,859.366,9.378e-06,0x7e...271f,https://bscscan.com/tx/0xa91b0af7990d7cf2a839815ae1b499495e9b47dc2baeffcd940742c0b7bdc0a4
2023-03-25 23:49:46,False,3.53e-05,1.091e-08,317329.0,0.0346,0xea...33a5,https://bscscan.com/tx/0x15c03685a7b2d1197f6c8b2f0a0c19fb03caf55c8129fc04ca2e2f4107582c44
2023-03-25 23:49:46,False,3.53e-05,1.091e-08,17801.8,0.0019,0xea...33a5,https://bscscan.com/tx/0x15c03685a7b2d1197f6c8b2f0a0c19fb03caf55c8129fc04ca2e2f4107582c44
2023-03-25 23:49:46,True,3.548e-05,1.096e-08,1775947.0,0.1947,0x7a...3192,https://bscscan.com/tx/0x8bb6d2d2ca18da6df4271cbabdbf0b4b9bbd34c70eeeb42213e28eec280b3fae
2023-03-25 23:46:49,True,3.548e-05,1.096e-08,3000000.0,0.329,0x92...2c29,https://bscscan.com/tx/0x2727277ed8d83c5b43d03d5ec1334d8efd7f54008d1aec24c3d1a3d4ba06b826
2023-03-25 23:42:16,True,3.546e-05,1.096e-08,182365.0,0.02,0x05...9852,https://bscscan.com/tx/0x3db1613bc0014211bf09a74ed740f04f823d725064254e4b10e3529f470b3787
2023-03-25 23:41:55,True,3.546e-05,1.096e-08,626626.0,0.0687,0x51...42c7,https://bscscan.com/tx/0x25d274e3b1db5459e839b6409e3030927a67444fb578f52ffc7c737b25725ae9
2023-03-25 23:38:16,False,3.508e-05,1.091e-08,1005305.0,0.1097,0x76...047e,https://bscscan.com/tx/0x120a66c6ab00765ae21c62e38141bfdc96ead81497bdf9cc42c882dd7538d8a7
2023-03-25 23:38:16,False,3.508e-05,1.091e-08,2596.05,2.832e-05,0x76...047e,https://bscscan.com/tx/0x120a66c6ab00765ae21c62e38141bfdc96ead81497bdf9cc42c882dd7538d8a7
2023-03-25 23:36:22,False,3.505e-05,1.091e-08,958617.0,0.1046,0x6b...1e3b,https://bscscan.com/tx/0xf932596f5bea1b48cf4a8f07e277c130fa879f7d6d54d406fa03d01a086d9e7f
2023-03-25 23:36:22,False,3.505e-05,1.091e-08,3842.32,4.192e-05,0x6b...1e3b,https://bscscan.com/tx/0xf932596f5bea1b48cf4a8f07e277c130fa879f7d6d54d406fa03d01a086d9e7f
2023-03-25 23:32:43,False,3.523e-05,1.091e-08,492207.0,0.0537,0x3d...498e,https://bscscan.com/tx/0xa663d7c8bed1f790d7350dc9046270c724ffadc49f81e315c7bcf67380d1375a
2023-03-25 23:32:43,False,3.523e-05,1.091e-08,20625.5,0.0022,0x3d...498e,https://bscscan.com/tx/0xa663d7c8bed1f790d7350dc9046270c724ffadc49f81e315c7bcf67380d1375a
2023-03-25 23:31:55,False,3.506e-05,1.091e-08,7477500.0,0.816,0xe3...5aaa,https://bscscan.com/tx/0x02916ed070a093e7cbc8447e6964d55e8315209833f406a044c21b41d49a92a6
2023-03-25 23:31:55,False,3.506e-05,1.091e-08,1198.72,1.308e-05,0xe3...5aaa,https://bscscan.com/tx/0x02916ed070a093e7cbc8447e6964d55e8315209833f406a044c21b41d49a92a6
2023-03-25 23:31:49,False,3.506e-05,1.091e-08,442637.0,0.0483,0x06...eaa6,https://bscscan.com/tx/0x2e074a97c90a6405a7dbcedf09437a4461d942cf014c4eaaf6ddd0bf9d54b766
2023-03-25 23:31:49,False,3.506e-05,1.091e-08,11205.5,0.0012,0x06...eaa6,https://bscscan.com/tx/0x2e074a97c90a6405a7dbcedf09437a4461d942cf014c4eaaf6ddd0bf9d54b766
2023-03-25 23:31:25,True,3.541e-05,1.096e-08,1185110.0,0.13,0x4e...abb7,https://bscscan.com/tx/0xb243e63bb90dcfd3afc885bff72cbadd09eaeabb7d40d08f2c7a5795a0951892
2023-03-25 23:30:31,True,3.523e-05,1.096e-08,91163.0,0.01,0x63...01df,https://bscscan.com/tx/0xce520a1d2587471c0f436884d6bccb925d6ba61a7de1bfaf34d66a95083c573c
2023-03-25 23:26:46,True,3.541e-05,1.096e-08,265248.0,0.0291,0xc1...a303,https://bscscan.com/tx/0xe00802fa8f86f456c5c5aaccfebc74ff6ff9fd492230bfd99c56e6bc9180c95b
2023-03-25 23:26:40,True,3.541e-05,1.096e-08,43211.9,0.0047,0xb5...08b8,https://bscscan.com/tx/0x4811cc8f0ffe5ea406967574a08bdf104223e9c03f652d7fe60da369896671dc
2023-03-25 23:24:49,False,3.505e-05,1.091e-08,1994000.0,0.2176,0xb5...dcc3,https://bscscan.com/tx/0xc83baf45a7fc81c3980527c57e1fa25c74709b3e5d7aa9afcbb68306ab917f1b
2023-03-25 23:24:49,False,3.505e-05,1.091e-08,43337.9,0.0047,0xb5...dcc3,https://bscscan.com/tx/0xc83baf45a7fc81c3980527c57e1fa25c74709b3e5d7aa9afcbb68306ab917f1b
2023-03-25 23:24:31,False,3.524e-05,1.091e-08,16002902.0,1.74705,0x1c...74b2,https://bscscan.com/tx/0x9c3e6c442b0e34e75610ef5a8b117b9156cf08224b52069b27a85d221e768d17
2023-03-25 23:24:31,False,3.524e-05,1.091e-08,5596.19,6.11e-05,0x1c...74b2,https://bscscan.com/tx/0x9c3e6c442b0e34e75610ef5a8b117b9156cf08224b52069b27a85d221e768d17
2023-03-25 23:24:01,False,3.524e-05,1.091e-08,2066445.0,0.2256,0xe8...5678,https://bscscan.com/tx/0x1f24645c1db4d76fc1202850664d78c987a39a9a61e67a6379b67f216ea35f7f
2023-03-25 23:24:01,False,3.525e-05,1.091e-08,9410.79,0.001,0xe8...5678,https://bscscan.com/tx/0x1f24645c1db4d76fc1202850664d78c987a39a9a61e67a6379b67f216ea35f7f
2023-03-25 23:12:07,False,3.521e-05,1.092e-08,3475022.0,0.3794,0xf8...89b0,https://bscscan.com/tx/0xb55206f1ed0f43c3320e51c9086d2be5dc93df3799c842a1169dbf7fcf8d782d
2023-03-25 23:12:07,False,3.521e-05,1.092e-08,12711.6,0.0013,0xf8...89b0,https://bscscan.com/tx/0xb55206f1ed0f43c3320e51c9086d2be5dc93df3799c842a1169dbf7fcf8d782d
2023-03-25 23:11:19,False,3.504e-05,1.092e-08,4693876.0,0.5126,0xa6...8406,https://bscscan.com/tx/0xaf3c498b4ef77a16c33e946113f9f77d2d637df208044e46a3fc85a81b76a3dd
2023-03-25 23:11:19,False,3.504e-05,1.092e-08,76399.1,0.0083,0xa6...8406,https://bscscan.com/tx/0xaf3c498b4ef77a16c33e946113f9f77d2d637df208044e46a3fc85a81b76a3dd
2023-03-25 23:05:58,True,3.54e-05,1.097e-08,197737.0,0.0217,0x72...0cf2,https://bscscan.com/tx/0x5695a2f30a9acd290606bc49c167a9f97c6c90d62111cfffb078cad79f17bf47
2023-03-25 23:04:40,True,3.522e-05,1.097e-08,273307.0,0.03,0x4e...abb7,https://bscscan.com/tx/0x364083c4ece3786fc54173ea60d89348c2f8e95c283b496df527eac3d1eb2f2d
2023-03-25 23:03:19,True,3.54e-05,1.097e-08,366014.0,0.0401,0xac...75b0,https://bscscan.com/tx/0x1f6c4640057e114d362d621af4f12bd649f622006e170ded84b023a998c1e269
2023-03-25 22:59:25,False,3.523e-05,1.092e-08,27376524.0,2.99099,0xc1...e030,https://bscscan.com/tx/0x48ec86d37f22869119da93794dbb12a359de75ffb66be949b13ecdc4d5e8a592
2023-03-25 22:59:25,False,3.524e-05,1.092e-08,68354.3,0.0074,0xc1...e030,https://bscscan.com/tx/0x48ec86d37f22869119da93794dbb12a359de75ffb66be949b13ecdc4d5e8a592
2023-03-25 22:57:58,True,3.524e-05,1.098e-08,316389.0,0.0347,0xaf...bfba,https://bscscan.com/tx/0xfffcbc2d97a344549b7da9faa4dc445324ffd56d47939d5d98aca156ad443500
2023-03-25 22:57:34,False,3.527e-05,1.093e-08,24925000.0,2.72487,0xff...a8c4,https://bscscan.com/tx/0x9cc517dfb6bcba163c07df6d6f8303b88587b1c7f43336f9e96e1c467f7428c2
2023-03-25 22:57:34,False,3.528e-05,1.093e-08,35753.7,0.0039,0xff...a8c4,https://bscscan.com/tx/0x9cc517dfb6bcba163c07df6d6f8303b88587b1c7f43336f9e96e1c467f7428c2
2023-03-25 22:53:18,True,3.544e-05,1.099e-08,260127.0,0.0285,0xc1...b4f0,https://bscscan.com/tx/0xf65cc05e2bd54d4f698d3d1a4e9033e6caa0528012032b9310cc4ef8576557f2
2023-03-25 22:52:57,False,3.509e-05,1.093e-08,12943054.0,1.41562,0xfe...8b3b,https://bscscan.com/tx/0x45505d89da23805bd638b93463b4418e660177dc0b825b54b6c6e714215cfc2c
2023-03-25 22:52:57,False,3.51e-05,1.093e-08,9961.03,0.001,0xfe...8b3b,https://bscscan.com/tx/0x45505d89da23805bd638b93463b4418e660177dc0b825b54b6c6e714215cfc2c
2023-03-25 22:51:45,True,3.545e-05,1.099e-08,1064096.0,0.1169,0xc1...b4f0,https://bscscan.com/tx/0x50633f2575766493c891f6259bb8711705a0fbc6116fbefb841991c4200be17f
2023-03-25 22:50:06,True,3.545e-05,1.099e-08,1364453.0,0.15,0x0e...5800,https://bscscan.com/tx/0x549cf5c86924e7f6e6f2587d778946fb064bdcde2509d4bec63ecf266fd0ea39
2023-03-25 22:48:00,True,3.545e-05,1.099e-08,530467.0,0.0583,0xb5...9e27,https://bscscan.com/tx/0x821bea4b059e454d6bc2aeb887d83b3c9968c67fae8c8e348e7eb2986969019f
2023-03-25 22:47:57,True,3.545e-05,1.099e-08,129250.0,0.0142,0xa4...6597,https://bscscan.com/tx/0x56af378a1e6fb9cf7eac1f8f54e1db3b89f23fff496040a701caefb805810809
2023-03-25 22:46:36,True,3.545e-05,1.099e-08,151005.0,0.0166,0xcc...57d9,https://bscscan.com/tx/0xb882261d8fab9e5cd802d7f745ec99def09beaa641c0fd74902edda9175be2d7
2023-03-25 22:46:18,False,3.527e-05,1.093e-08,448650.0,0.049,0x0c...8ff3,https://bscscan.com/tx/0x68f869d633eb60e0600722bb8c72b6935f645ed0ca0f5ea700c938a5e29725cc
2023-03-25 22:46:18,False,3.528e-05,1.093e-08,5585728.0,0.611,0x0c...8ff3,https://bscscan.com/tx/0x68f869d633eb60e0600722bb8c72b6935f645ed0ca0f5ea700c938a5e29725cc
2023-03-25 22:44:48,True,3.546e-05,1.099e-08,412759.0,0.0453,0x25...03f4,https://bscscan.com/tx/0x18e9737445aab59a97b37cfb3ac430bdba7605e74c776c26f020f2fbd1cccc71
2023-03-25 22:44:09,True,3.546e-05,1.099e-08,1537713.0,0.169,0x3e...7a81,https://bscscan.com/tx/0xe512805551dffdbec40369eca258c952f4b7a6412bec592d552655f1918004c9
2023-03-25 22:40:36,True,3.526e-05,1.098e-08,54456471.0,5.98302,0xa6...147a,https://bscscan.com/tx/0x59569cd0cbbc419c434c83b2e38b0c2e9f6e01445a40e2825e6f2fec387515ea
2023-03-25 22:39:30,True,3.524e-05,1.097e-08,2220766.0,0.2438,0x0c...a766,https://bscscan.com/tx/0x50aee55d0a21db7df6fd141ca9e2ab228edbf3b61d32cf878c6d2ae85b77391f
2023-03-25 22:39:27,True,3.519e-05,1.096e-08,109446864.0,12.0,0xa6...147a,https://bscscan.com/tx/0x76c8f385d56f6187a4752614dd5df6ad5733ee47a1d5357213e26d473abbc2fe
2023-03-25 22:38:03,True,3.514e-05,1.094e-08,5000000.0,0.5474,0x1e...890b,https://bscscan.com/tx/0x558d2d0cca5937844c2fb05d6b8b665a8eca688e45fb0c446db6e37e2d608130
2023-03-25 22:38:00,True,3.514e-05,1.094e-08,12000.0,0.0013,0xdb...3fae,https://bscscan.com/tx/0xade8ce4f29304ec581f29095370e19957b5367b293c60e283da004145e81b099
2023-03-25 22:37:00,True,3.51e-05,1.093e-08,80749790.0,8.832,0xa6...147a,https://bscscan.com/tx/0x8660f05af0da5f236bbbef72100e4ad0c20ff0d5d1242902af3b5873dbe81e08
2023-03-25 22:36:54,True,3.507e-05,1.092e-08,250000.0,0.0273,0xfd...7392,https://bscscan.com/tx/0x21cacf80ddc218a7c95506745ec839feec624d7eca03528cc20cbaeb4add6635
2023-03-25 22:33:00,True,3.502e-05,1.091e-08,90153834.0,9.84,0xa6...147a,https://bscscan.com/tx/0xc85908c3be702b1ce7c4e5a376b65be84f561035ca89b0b3e61ff2e96872fb6e
2023-03-25 22:32:09,True,3.497e-05,1.09e-08,19927889.0,2.17215,0xaf...9dcd,https://bscscan.com/tx/0x33e8a2299b677054794a0d5eaa61535446c6876018a2fc22608ccd1b597df112
2023-03-25 22:31:45,True,3.495e-05,1.089e-08,19859198.0,2.16362,0x20...946b,https://bscscan.com/tx/0xa2a88dffc8b154fe3aea5b7a6ae2d070168fc327c3632dbe5adcdf5c0d43e762
2023-03-25 22:31:42,True,3.494e-05,1.089e-08,61699.9,0.0067,0x66...781d,https://bscscan.com/tx/0xb88094b9abc65d5e102fca919e91f4ab9c304889c16fd954a648fe7634ba0092
2023-03-25 22:31:33,True,3.511e-05,1.088e-08,28480914.0,3.10111,0x17...4266,https://bscscan.com/tx/0x8760ca624306ae53b77b36ecc77f58073c1fce25d1cfc1c4f59ae919fe405a3f
2023-03-25 22:31:33,True,3.508e-05,1.088e-08,28525664.0,3.10383,0xc1...f4fe,https://bscscan.com/tx/0xe96d948ace0916659d6da27f8c3da28ea6072e00b74f84bd67882a7e9409b242
2023-03-25 22:31:27,True,3.507e-05,1.087e-08,5702586.0,0.6202,0x09...712a,https://bscscan.com/tx/0xd069e91a98da76ea4ff21b85ee4ab270fec19e6e2cbf3e8dd921be1d1f6d7f83
2023-03-25 22:31:24,True,3.506e-05,1.087e-08,18392547.0,1.99984,0xcc...0331,https://bscscan.com/tx/0x9ae3efe562984547c684823335a700ba5f0175a1c42b6ad95a6a9200bef0b5bf
2023-03-25 22:31:21,True,3.49e-05,1.082e-08,396073140.0,42.8708,0xd2...bc18,https://bscscan.com/tx/0x4e285be38710200d785901e3bba107c3e0f0cb89309e6c14cb9e5870c5ec1e12
2023-03-25 22:31:21,True,3.47e-05,1.076e-08,34747658.0,3.73964,0xeb...d4a9,https://bscscan.com/tx/0xa182ef17a63855d1c18fea7f31e6d0f75edb3ad87d7cad9ae370a5cf7b8c2d54
2023-03-25 22:31:21,True,3.466e-05,1.074e-08,62068161.0,6.67213,0xa7...9431,https://bscscan.com/tx/0x2d544d242685ad717e533a2d6be04dedce018c14677abaf000e64bc897768c39
2023-03-25 22:31:21,True,3.462e-05,1.073e-08,30275722.0,3.25092,0x05...ba3a,https://bscscan.com/tx/0xfb2a11e0711c8cc087864787db7be35d01d73a3f704fadb6f4277112b2b8800a
2023-03-25 22:31:21,False,3.49e-05,1.082e-08,1098241733.0,118.868,0x26...b02b,https://bscscan.com/tx/0x61719b552e50624651bf2e36b1fac2878d5aafd00a0707df33fa258180f7700f
2023-03-25 22:31:21,False,3.536e-05,1.096e-08,1126.41,1.235e-05,0x26...b02b,https://bscscan.com/tx/0x61719b552e50624651bf2e36b1fac2878d5aafd00a0707df33fa258180f7700f
2023-03-25 22:30:51,False,3.519e-05,1.096e-08,415938.0,0.0456,0x56...4964,https://bscscan.com/tx/0x05b1307d41d21f1c22f4112b42907eff31fd8f0ba7cd17b77fac8ccfbc670bad
2023-03-25 22:30:51,False,3.519e-05,1.096e-08,31163.7,0.0034,0x56...4964,https://bscscan.com/tx/0x05b1307d41d21f1c22f4112b42907eff31fd8f0ba7cd17b77fac8ccfbc670bad
2023-03-25 22:28:24,True,3.554e-05,1.102e-08,135641.0,0.0149,0x3e...d793,https://bscscan.com/tx/0xcce4fb91644683ed8cbcf8c85c1ac868af63722967fab0a0e48832e6b76ac9b4
2023-03-25 22:20:42,False,3.518e-05,1.096e-08,2991000.0,0.328,0x1f...406b,https://bscscan.com/tx/0xdd3b81c71f0af4cf83aef8d87cf44cd773e70eb6e8c347a0fc75db5b49744992
2023-03-25 22:20:42,False,3.518e-05,1.096e-08,1004.96,1.102e-05,0x1f...406b,https://bscscan.com/tx/0xdd3b81c71f0af4cf83aef8d87cf44cd773e70eb6e8c347a0fc75db5b49744992
2023-03-25 22:20:33,True,3.553e-05,1.102e-08,253206.0,0.0279,0x46...a215,https://bscscan.com/tx/0xa637d44cadbc924fd2f2b347c52eb543a802cc7bf8e5efd2630083421929f7a6
2023-03-25 22:20:21,False,3.536e-05,1.096e-08,118643.0,0.013,0xc7...95b4,https://bscscan.com/tx/0xf43cbc02f1eb1ea75cac75b822ff38fbf0bb1376ce605b9cdb5aec8f8d8280b4
2023-03-25 22:20:21,False,3.536e-05,1.096e-08,540.0,5.923e-06,0xc7...95b4,https://bscscan.com/tx/0xf43cbc02f1eb1ea75cac75b822ff38fbf0bb1376ce605b9cdb5aec8f8d8280b4
2023-03-25 22:19:30,False,3.534e-05,1.096e-08,199400.0,0.0218,0x61...f2b5,https://bscscan.com/tx/0xcbb7f6234be3584730cd6ea51e8713fcc2a049f2908090262414247205c44c25
2023-03-25 22:19:30,False,3.534e-05,1.096e-08,970695.0,0.1064,0x61...f2b5,https://bscscan.com/tx/0xcbb7f6234be3584730cd6ea51e8713fcc2a049f2908090262414247205c44c25
2023-03-25 22:18:36,True,3.546e-05,1.1e-08,112464160.0,12.3817,0xa6...147a,https://bscscan.com/tx/0xac1c9abde837ee1b4c6922e4a35deddbd9c3754119ee664d6deb4ec8400835a7
2023-03-25 22:18:09,True,3.541e-05,1.099e-08,1182443.0,0.13,0x25...c842,https://bscscan.com/tx/0xba97662b06cd224dd2800c93b225d78d97b02f2e43e772b3236b67414c886849
2023-03-25 22:17:12,True,3.539e-05,1.098e-08,67182541.0,7.38,0xa6...147a,https://bscscan.com/tx/0xf14e8cfc7efa80e9652caa26782b6a36872a2872af18bfb8607f0dcdbdd58790
2023-03-25 22:15:06,True,3.534e-05,1.097e-08,30073470.0,3.29965,0x20...946b,https://bscscan.com/tx/0x1be4c993491a8cefac093cfb39492a7f89728197114f928e259bac09ce702b97
2023-03-25 22:15:03,True,3.532e-05,1.096e-08,16992134.0,1.8633,0xaf...9dcd,https://bscscan.com/tx/0x5e2c08efec79ec6df5ae56c04f698fbcb78ce9c11800da3af6fcb64122c44af6
2023-03-25 22:14:48,True,3.513e-05,1.095e-08,27372938.0,3.0,0xa6...147a,https://bscscan.com/tx/0xf7d8c14d2336e55524d6af9540c4283625dbd4d42f1340e81a5beb38d1f8a1bb
2023-03-25 22:14:15,True,3.51e-05,1.095e-08,28360638.0,3.10614,0xaf...9dcd,https://bscscan.com/tx/0x9e28221770d2ee906ae73902e2b83c0bfcc5fabf561a7bc0119d6f924125047d
2023-03-25 22:14:03,True,3.508e-05,1.094e-08,30085961.0,3.29275,0x20...946b,https://bscscan.com/tx/0xd4489a4141420f8157f4586088fd4223abd6a0f6fb4b16c07c2afd782afb42f6
2023-03-25 22:13:09,True,3.506e-05,1.094e-08,298745.0,0.0326,0x46...a215,https://bscscan.com/tx/0x84eaa907b91d69fd2b7e17d2a714aac7d1c666eb55df689475efd4f2209d0fa3
2023-03-25 22:12:09,True,3.506e-05,1.094e-08,418445.0,0.0457,0x56...4964,https://bscscan.com/tx/0x4d326e5b64642978cd44e327089a7f5abd57cc5991c3175b7be48848020166b7
2023-03-25 22:10:39,False,3.488e-05,1.088e-08,9331132.0,1.01587,0x95...6117,https://bscscan.com/tx/0x2c48b99eab7d49195bcfec69d9a906d9244d73096b0cf69e09e612da3ad19519
2023-03-25 22:10:39,False,3.488e-05,1.088e-08,291005.0,0.0316,0x95...6117,https://bscscan.com/tx/0x2c48b99eab7d49195bcfec69d9a906d9244d73096b0cf69e09e612da3ad19519
2023-03-25 22:10:21,True,3.507e-05,1.094e-08,18418527.0,2.01506,0xcc...0331,https://bscscan.com/tx/0x5d7c240311e53a79d8d6deb77f5c6ad45419e0791dc70f7732af4060921c6f65
2023-03-25 22:09:39,True,3.523e-05,1.093e-08,3699960.0,0.4046,0xee...60af,https://bscscan.com/tx/0xaf739c7a83929a28a46701dbfdcb2b3429266bbd578d0e9e4fb87d64062019b5
2023-03-25 22:08:39,True,3.522e-05,1.093e-08,28429561.0,3.10825,0xc1...f4fe,https://bscscan.com/tx/0xe15ef088f9e52f2bd7b865d48c44af19554166917fc1c7aae1f0a7d7dea7ed65
2023-03-25 22:07:51,True,3.519e-05,1.092e-08,30072445.0,3.28552,0x20...946b,https://bscscan.com/tx/0xd306d1609125de87edfc30a2a9352837afd316497b81675f1ca2f929daf6cfe3
2023-03-25 22:07:45,True,3.498e-05,1.091e-08,18480007.0,2.01781,0xcc...0331,https://bscscan.com/tx/0x5215eb78d934f4d94134d9cb3527671ef17a240b0b17002d14eae1b9c3239dec
2023-03-25 22:07:09,True,3.499e-05,1.091e-08,164102.0,0.0179,0xcd...7cfc,https://bscscan.com/tx/0xa04e2bf2130b78908f669aea2229bf2827252cf7fb6ea9fd66fc993d87d6c243
2023-03-25 22:06:12,False,3.499e-05,1.086e-08,8489308.0,0.9221,0x5d...7671,https://bscscan.com/tx/0xa078dffa7414bd80f1b0da80c14216f5d1055d9b77758ba5cd062b222c84deac
2023-03-25 22:06:12,False,3.5e-05,1.086e-08,65424.8,0.0071,0x5d...7671,https://bscscan.com/tx/0xa078dffa7414bd80f1b0da80c14216f5d1055d9b77758ba5cd062b222c84deac
2023-03-25 22:05:57,True,3.5e-05,1.091e-08,2000000.0,0.2183,0xcc...6a5a,https://bscscan.com/tx/0xe2818395ca436ce52aa03abaa296c0d8e8630311a68a53e3beb33bf264aa3cf2
2023-03-25 22:03:54,True,3.517e-05,1.091e-08,2231404.0,0.2436,0x4d...ecd9,https://bscscan.com/tx/0x257bfd483fcab96e8599e25ade8353ad27cfd8450e7fdc2b0bbc493a9abc7a34
2023-03-25 22:03:30,False,3.5e-05,1.086e-08,19940000.0,2.16661,0x62...7106,https://bscscan.com/tx/0xa955d5bb2736c530e30147ff37517bf7e12f401803e6d49386b289670d5d5552
2023-03-25 22:03:30,False,3.501e-05,1.086e-08,4488.34,4.878e-05,0x62...7106,https://bscscan.com/tx/0xa955d5bb2736c530e30147ff37517bf7e12f401803e6d49386b289670d5d5552
2023-03-25 22:03:21,True,3.519e-05,1.092e-08,457759.0,0.05,0x89...7f63,https://bscscan.com/tx/0x4252cf713396f2a1dd13ec2c66c1b28872863ebe07ab298abedd644db26c7888
2023-03-25 22:00:51,True,3.518e-05,1.092e-08,1007088.0,0.11,0x19...bde8,https://bscscan.com/tx/0x90965ed9236e77cbf3d910264df494d7eef0f5cdb5447a21519ea7eb0b7592bb
2023-03-25 21:59:24,False,3.501e-05,1.086e-08,196908.0,0.0214,0x83...8a0d,https://bscscan.com/tx/0x3f31291cc938b3b23a4963b4e0b55e1a994df58d3d1b168d8ae3e5772dc9ae5e
2023-03-25 21:59:24,False,3.501e-05,1.086e-08,22073.3,0.0024,0x83...8a0d,https://bscscan.com/tx/0x3f31291cc938b3b23a4963b4e0b55e1a994df58d3d1b168d8ae3e5772dc9ae5e
2023-03-25 21:59:18,True,3.518e-05,1.092e-08,1259372.0,0.1375,0x5e...d094,https://bscscan.com/tx/0xfe35c5395d56bd27c1566b7bd9fafa68ecd1049a14bb8b12b92ef25a28e41d2c
2023-03-25 21:52:03,True,3.501e-05,1.092e-08,2500000.0,0.273,0x7a...9fd8,https://bscscan.com/tx/0xa3bce5104c0f36d11e30bcdd70c9b872e326dc6febf47154a505d9249dc0c4ec
2023-03-25 21:52:00,False,3.484e-05,1.086e-08,2293229.0,0.2492,0x37...b076,https://bscscan.com/tx/0xa8b9ade7613d8bdf748cdf8f66b1873048a8a86a502c30ff8422a11e4676f4eb
2023-03-25 21:52:00,False,3.484e-05,1.086e-08,56988.0,0.0061,0x37...b076,https://bscscan.com/tx/0xa8b9ade7613d8bdf748cdf8f66b1873048a8a86a502c30ff8422a11e4676f4eb
2023-03-25 21:46:07,True,3.517e-05,1.091e-08,18263845.0,1.99436,0xe3...04fc,https://bscscan.com/tx/0xc61871fbd0c8cd37f2fbccf57f92368d1c67b73a3584a8e0475c5a8b26cef438
2023-03-25 21:39:16,False,3.496e-05,1.086e-08,2011095.0,0.2184,0xa7...27f2,https://bscscan.com/tx/0xa519f611f734d5c2ee47e7cdf826808887a03b3a5babc56e7310404d439d7405
2023-03-25 21:39:16,False,3.496e-05,1.086e-08,511767.0,0.0556,0xa7...27f2,https://bscscan.com/tx/0xa519f611f734d5c2ee47e7cdf826808887a03b3a5babc56e7310404d439d7405
2023-03-25 21:38:22,True,3.491e-05,1.09e-08,100000000.0,10.9046,0x2e...2e43,https://bscscan.com/tx/0xfe72927102902699529de06a9aba46e38144492477b5deb41737fc5adf4dd17e
2023-03-25 21:37:55,True,3.486e-05,1.088e-08,18514699.0,2.01606,0xcc...0331,https://bscscan.com/tx/0x1f84db8f808dbbb7e1c7478cbd59ec8905c306692f4a3e850c2eabe9d11350d8
2023-03-25 21:35:58,True,3.5e-05,1.088e-08,18542313.0,2.01815,0xcc...0331,https://bscscan.com/tx/0xfe0dfe6c6777cb1f1d8da664f41471e355f20b679a0bfb1b9d2c76e6a1dc4a82
2023-03-25 21:35:52,False,3.483e-05,1.083e-08,52328973.0,5.66939,0xef...cb6a,https://bscscan.com/tx/0x30ad0ba8080cafc7cfcf16568c3fad2ce896904b40dd00bfe68929a535e18d38
2023-03-25 21:35:52,False,3.486e-05,1.084e-08,4050.0,4.39e-05,0xef...cb6a,https://bscscan.com/tx/0x30ad0ba8080cafc7cfcf16568c3fad2ce896904b40dd00bfe68929a535e18d38
2023-03-25 21:32:57,False,3.486e-05,1.084e-08,1495500.0,0.1621,0x96...2fef,https://bscscan.com/tx/0xe5552e8be23e87fdb3877c2c34eed9b7142c456382d17b7d41b97169c6fff53a
2023-03-25 21:32:57,False,3.486e-05,1.084e-08,16369.0,0.0017,0x96...2fef,https://bscscan.com/tx/0xe5552e8be23e87fdb3877c2c34eed9b7142c456382d17b7d41b97169c6fff53a
2023-03-25 21:30:15,True,3.501e-05,1.089e-08,220789.0,0.024,0x59...20ac,https://bscscan.com/tx/0x5ddcfe94b3a512e273b818f0f8ab5abe04f2fd725ffe3f857279954e525297a2
2023-03-25 21:30:12,True,3.501e-05,1.089e-08,826018.0,0.09,0x42...e45e,https://bscscan.com/tx/0x953c183804d3076a5a3e43452efab59eb7fb897529baeadd1c2de15576445788
2023-03-25 21:28:27,True,3.504e-05,1.09e-08,636529.0,0.0693,0x9b...6632,https://bscscan.com/tx/0x757fd5f69d50b0dd448bba535406679381f96998e5da4dc350a0923ba38d29b3
2023-03-25 21:24:49,False,3.465e-05,1.084e-08,876632.0,0.095,0x4e...abb7,https://bscscan.com/tx/0x26fb59b0316ea4df45f26ab7f5fbae9386aa0a579c28a147ee0fe261fc4c8092
2023-03-25 21:24:49,False,3.465e-05,1.084e-08,274598.0,0.0297,0x4e...abb7,https://bscscan.com/tx/0x26fb59b0316ea4df45f26ab7f5fbae9386aa0a579c28a147ee0fe261fc4c8092
2023-03-25 21:23:43,True,3.499e-05,1.089e-08,1284934.0,0.14,0x4e...abb7,https://bscscan.com/tx/0xf22f86fc01697d8603396c35edfa78aaf5c17f7a39be1ec00027348504fb4883
2023-03-25 21:23:13,True,3.495e-05,1.088e-08,100000000.0,10.8821,0x2e...2e43,https://bscscan.com/tx/0x5733ac78426e9f7da77df1381105e40326ebc2eeec7d24e85cfe069196326050
2023-03-25 21:22:43,True,3.471e-05,1.086e-08,368025.0,0.04,0xd6...7a01,https://bscscan.com/tx/0x7d1179d6500230716653192d0dfe7e7bea4805f5b2cbe69dd5cc0dfd86bad89a
2023-03-25 21:22:22,False,3.456e-05,1.081e-08,49850.0,0.0053,0x73...176b,https://bscscan.com/tx/0xc23c6177d5b0cb9720cf245a1d9eeb43184c8a9120527223543e683e93d28095
2023-03-25 21:22:22,False,3.456e-05,1.081e-08,94876.0,0.0102,0x73...176b,https://bscscan.com/tx/0xc23c6177d5b0cb9720cf245a1d9eeb43184c8a9120527223543e683e93d28095
2023-03-25 21:20:49,True,3.473e-05,1.086e-08,920074.0,0.1,0xa8...8a78,https://bscscan.com/tx/0x9e7863ba9d6ab68f818e599d84254786ad958c92b421528ecb411cb2085e1556
2023-03-25 21:20:16,False,3.456e-05,1.081e-08,5484704.0,0.5931,0x60...b8fa,https://bscscan.com/tx/0x2ca0e6eb90d0eebbb48a5f2ee150be562f399e1a8f2273921f597831069ebc60
2023-03-25 21:20:16,False,3.456e-05,1.081e-08,4032.14,4.361e-05,0x60...b8fa,https://bscscan.com/tx/0x2ca0e6eb90d0eebbb48a5f2ee150be562f399e1a8f2273921f597831069ebc60
2023-03-25 21:19:31,True,3.49e-05,1.086e-08,433512.0,0.0471,0xbf...6376,https://bscscan.com/tx/0x7c17c9094b313d1b4ca1668c4509b2a83089b42ca28667fbfe393404ed1d0174
2023-03-25 21:17:12,False,3.472e-05,1.081e-08,1056695.0,0.1142,0xb6...a074,https://bscscan.com/tx/0x57a0a5b3122b2877265d2041186ef7de7870bd28300125dce13ebcb99d28a134
2023-03-25 21:17:12,False,3.472e-05,1.081e-08,11360.5,0.0012,0xb6...a074,https://bscscan.com/tx/0x57a0a5b3122b2877265d2041186ef7de7870bd28300125dce13ebcb99d28a134
2023-03-25 21:17:09,True,3.489e-05,1.087e-08,1213241.0,0.1318,0x4f...31fa,https://bscscan.com/tx/0x512e5c93ca7c690ec46de1bdfa3f98fbc68bec781d6e983deeeaa9b4f3e5b0ee
2023-03-25 21:17:06,True,3.489e-05,1.086e-08,50451.5,0.0054,0xbf...6376,https://bscscan.com/tx/0xf6862add982d82d9593937707729700d3914eeb69a27ea77d55ba48a481c5fe8
2023-03-25 21:16:40,True,3.487e-05,1.086e-08,21562.7,0.0023,0x53...43b9,https://bscscan.com/tx/0x45ccbd7e658fa867473d657172115f0cf1a71b08f1741c8f5f84a3a65f4e33cb
2023-03-25 21:16:17,False,3.453e-05,1.081e-08,2913563.0,0.3151,0x2e...f345,https://bscscan.com/tx/0x689f804040642d61f46d260bdb121cd6112e416fe2962e1a88d47bf036219a7d
2023-03-25 21:16:17,False,3.453e-05,1.081e-08,56483.8,0.0061,0x2e...f345,https://bscscan.com/tx/0x689f804040642d61f46d260bdb121cd6112e416fe2962e1a88d47bf036219a7d
2023-03-25 21:15:55,True,3.47e-05,1.087e-08,919920.0,0.1,0xa8...8a78,https://bscscan.com/tx/0xd2bb47930e0a861d8a7feed4ca5655836065e743c7447a109bae6c2675e5492f
2023-03-25 21:14:14,True,3.469e-05,1.086e-08,10000000.0,1.08691,0x15...54af,https://bscscan.com/tx/0xcfabe52b7828fbdc0d2a46a13a3e0f4986f4d0607fcf1e394d3795b65027da36
2023-03-25 21:11:29,False,3.466e-05,1.081e-08,9970000.0,1.07823,0xa6...bc64,https://bscscan.com/tx/0xa02d3a90a6721b3893f7febde883f34de107645613dbd669eeb357ddf7d91834
2023-03-25 21:11:29,False,3.466e-05,1.081e-08,305725.0,0.033,0xa6...bc64,https://bscscan.com/tx/0xa02d3a90a6721b3893f7febde883f34de107645613dbd669eeb357ddf7d91834
2023-03-25 21:10:17,True,3.483e-05,1.087e-08,91992.6,0.01,0xa8...8a78,https://bscscan.com/tx/0x7b15e47582eec0021845c05c8212f30eb7c20c717c6aa11fb04b8ea15c921405
2023-03-25 21:08:38,True,3.477e-05,1.085e-08,100000000.0,10.8572,0x2e...2e43,https://bscscan.com/tx/0x2eae5824a76c1d8c951f791c61f821a5e25e7ac19d6412a84ec23026cd1e1664
2023-03-25 21:08:26,True,3.456e-05,1.084e-08,287422.0,0.0311,0x97...acf9,https://bscscan.com/tx/0x0e0b2b992778fdb7faa06be0fd503d66ac7a599192cfd47cecdc4330feacb001
2023-03-25 21:08:20,False,3.439e-05,1.079e-08,12465013.0,1.34516,0xc1...5d8c,https://bscscan.com/tx/0x86b810e95822222bd8e9c89e79cf49c1f1030616be69c3b44c24b4e40f017a34
2023-03-25 21:08:20,False,3.439e-05,1.079e-08,338440.0,0.0365,0xc1...5d8c,https://bscscan.com/tx/0x86b810e95822222bd8e9c89e79cf49c1f1030616be69c3b44c24b4e40f017a34
2023-03-25 21:07:08,True,3.474e-05,1.084e-08,14778370.0,1.60277,0xcc...0331,https://bscscan.com/tx/0x30af8450e72c83442248a90116bff38729efdf2f67f851bf9fce10d6fcc23884
2023-03-25 21:05:59,True,3.451e-05,1.083e-08,100000000.0,10.8303,0x2e...2e43,https://bscscan.com/tx/0x8a6f56fefb77c67c3d78095f81bbb5a59d8a9045f1376a2856c6b2f1174b28a1
2023-03-25 21:05:32,False,3.447e-05,1.076e-08,4985000.0,0.5365,0x2a...f2c0,https://bscscan.com/tx/0xeaf67243b4223742c60dfbbc9ddc424932a840b77242a7842b2f3d2548768798
2023-03-25 21:05:32,False,3.448e-05,1.076e-08,2012493.0,0.2166,0x2a...f2c0,https://bscscan.com/tx/0xeaf67243b4223742c60dfbbc9ddc424932a840b77242a7842b2f3d2548768798
2023-03-25 21:04:26,True,3.466e-05,1.081e-08,18725627.0,2.02547,0xcc...0331,https://bscscan.com/tx/0x283ab6a27165dcb2c858245122dca727fbc903d9d60e782ddad66fcd6a5732a9
2023-03-25 21:03:29,True,3.445e-05,1.081e-08,19665391.0,2.12613,0xc1...f4fe,https://bscscan.com/tx/0x1df364624a664e204fa33b044442cc2a3247061fe69cc17b5687b7a0fa17a68c
2023-03-25 21:02:17,True,3.46e-05,1.08e-08,25976000.0,2.80685,0x4b...ad7f,https://bscscan.com/tx/0x8ba02eec08a751825d5191d093d8565cd4424890fec9eb6d7451396f18480858
2023-03-25 21:02:14,True,3.459e-05,1.079e-08,18735279.0,2.02335,0xcc...0331,https://bscscan.com/tx/0x6b97b84b1e03a8fd908b69b10d62e48aee5ba3f1380b848035fd5e01be938f68
2023-03-25 21:02:11,True,3.454e-05,1.078e-08,100000000.0,10.7842,0x2e...2e43,https://bscscan.com/tx/0x467c53bc8bbc9a04015e77a78eea14c9975bbe503dbd41ae17b799808a2dcee0
2023-03-25 21:01:26,True,3.432e-05,1.077e-08,510990.0,0.055,0xf9...9b67,https://bscscan.com/tx/0xd89ef3f82a577c1c1caf56fa21f655ef2fee07ab67912db1c08588a80307a02e
2023-03-25 21:01:11,True,3.449e-05,1.077e-08,278526.0,0.03,0xc8...f0ff,https://bscscan.com/tx/0xa4ea954941c9db4b5790e3529d5e99b83ead58d613beac7790c76ca0e0e8da63
2023-03-25 21:00:14,True,3.449e-05,1.076e-08,18776719.0,2.02197,0xcc...0331,https://bscscan.com/tx/0x001c40a6100785c514683f894e51cc42875add9a534f8bf857c7413865b2f06e
2023-03-25 21:00:08,True,3.448e-05,1.076e-08,10000000.0,1.07648,0x2e...2e43,https://bscscan.com/tx/0x17ec35a76637467ca2377656f6eb4a38da8b2075bc7d2ab3561ba52f1679f377
2023-03-25 20:58:53,True,3.429e-05,1.076e-08,23459783.0,2.52437,0x77...906a,https://bscscan.com/tx/0xc3cb7d6e3963eaad77cc3a90a607d2faf7af9a5a6dd64b673e370f9eb065e47f
2023-03-25 20:58:38,True,3.427e-05,1.075e-08,30086117.0,3.23529,0x20...946b,https://bscscan.com/tx/0x6c08ba67f6f47b7bdd6d207dd8a580b5194cdc9da227ae465d26a0a4be580efd
2023-03-25 20:58:14,True,3.443e-05,1.074e-08,18782252.0,2.01855,0xcc...0331,https://bscscan.com/tx/0xd32337225a3834c16c7652623678ca8010fd52051f50c392a16a37bad5747e2a
2023-03-25 20:57:53,True,3.441e-05,1.074e-08,5810661.0,0.6242,0x09...712a,https://bscscan.com/tx/0xfdf544ca7ffa44a802e1bfc7354d77e24eb7dec8db3bb1bbc1a43cb323e0a6a4
2023-03-25 20:57:53,True,3.44e-05,1.073e-08,29128175.0,3.12818,0xc1...f4fe,https://bscscan.com/tx/0xb6d27e0c2dec6f83f31ec6984ead0df6b8fde0522a3ebd60e1cf10910e386079
2023-03-25 20:57:50,True,3.438e-05,1.073e-08,30075021.0,3.22756,0x20...946b,https://bscscan.com/tx/0x2cfaad6ac59d71229c78c3a0f0c6742a8d0152671897fbe1e1f9c93479264016
2023-03-25 20:57:44,True,3.419e-05,1.072e-08,8729993.0,0.9364,0x9f...d87c,https://bscscan.com/tx/0x350d3b0d8988be3035625d5e53fef51f8a59073e79585abc665fc4303bd2e17a
2023-03-25 20:57:41,True,3.418e-05,1.072e-08,5821015.0,0.6242,0x09...712a,https://bscscan.com/tx/0x2649a78cdc749aca63d500b74a9061b273b26cf4434f0717b8494527cba4763b
2023-03-25 20:57:38,True,3.42e-05,1.072e-08,2339292.0,0.2509,0x68...ead7,https://bscscan.com/tx/0x688afa4a2b536872de445ab314e319cf6b3b469be0b124e43dab533c39b0d2af
2023-03-25 20:57:38,False,3.416e-05,1.071e-08,368078442.0,39.4485,0x6e...2e00,https://bscscan.com/tx/0x467e164ddb947aecfd64bb51dc092922ffb66c5756ca416d434074ffc98aad0b
2023-03-25 20:57:38,False,3.431e-05,1.076e-08,53648.0,0.0057,0x6e...2e00,https://bscscan.com/tx/0x467e164ddb947aecfd64bb51dc092922ffb66c5756ca416d434074ffc98aad0b
2023-03-25 20:57:05,True,3.448e-05,1.081e-08,144032.0,0.0155,0x65...2c2f,https://bscscan.com/tx/0xd4d267acc8e085be4cf01140d47de3166d92672014e2c613fcd187bef2e43c7a
2023-03-25 20:56:14,True,3.465e-05,1.081e-08,18725595.0,2.02547,0xcc...0331,https://bscscan.com/tx/0x3dea62aaeb5b16a9e32df311f7bdd1e33c8f280b9671a0e0cbc48d09097ec8ec
2023-03-25 20:56:02,False,3.447e-05,1.076e-08,997000.0,0.1072,0xaa...7a38,https://bscscan.com/tx/0x0584fe92bad82c40f2903726fc003e37915863e5210115416eb232de0e16c5e0
2023-03-25 20:56:02,False,3.447e-05,1.076e-08,70141.8,0.0075,0xaa...7a38,https://bscscan.com/tx/0x0584fe92bad82c40f2903726fc003e37915863e5210115416eb232de0e16c5e0
2023-03-25 20:54:59,True,3.464e-05,1.081e-08,5000762.0,0.5407,0x6b...9f5d,https://bscscan.com/tx/0x51fe036f4e53af31b48e33c5e28441199b1cf826566142c6ca7933be0d6570e8
2023-03-25 20:54:50,True,3.464e-05,1.081e-08,5076459.0,0.5488,0x6b...9f5d,https://bscscan.com/tx/0x03fdc6a7217df28fc7443d7ea566e4bf5eb1d784c98332782cca7c68926f39cc
2023-03-25 20:54:44,False,3.447e-05,1.075e-08,15481403.0,1.66577,0x32...cf44,https://bscscan.com/tx/0x3f0f16777eeba68989f8b7c61352629deb3d30b2d1652f5c745474640bac4796
2023-03-25 20:54:44,False,3.448e-05,1.076e-08,456861.0,0.0491,0x32...cf44,https://bscscan.com/tx/0x3f0f16777eeba68989f8b7c61352629deb3d30b2d1652f5c745474640bac4796
2023-03-25 20:54:41,True,3.465e-05,1.081e-08,5021021.0,0.543,0x6b...9f5d,https://bscscan.com/tx/0x45f15ec9c49884d6d85b7e1dc932cc2bd4a60bee006ae150e9637feaa7b4d008
2023-03-25 20:54:32,True,3.464e-05,1.081e-08,5114519.0,0.553,0x6b...9f5d,https://bscscan.com/tx/0xb2d857432dbaf171bfd1ec0e77eb0fcfd4c656d0a74e8883cfc5cc2da7be0e48
2023-03-25 20:54:23,True,3.464e-05,1.081e-08,5110630.0,0.5525,0x6b...9f5d,https://bscscan.com/tx/0xa8080d4dfe41f102741b064c7dfc8012106f65d201de4fe24245ba06ae50d5df
2023-03-25 20:54:23,True,3.463e-05,1.081e-08,14436419.0,1.56059,0x17...4266,https://bscscan.com/tx/0x5750c1df0eeecdf267abdf2a81676531cb796317e629c8c8f6633be714d52c12
2023-03-25 20:54:20,True,3.458e-05,1.079e-08,100300903.0,10.8275,0x9b...2220,https://bscscan.com/tx/0x2a24ff37a92bc44c4b9f8f3f07e17d3459dfff05e4dcbddd54be06840cfd3f13
2023-03-25 20:54:17,True,3.453e-05,1.077e-08,28958668.0,3.12122,0x84...40b6,https://bscscan.com/tx/0x2b20a09225fa9b961dfb6a94c7166de4fd47099d595d8211f3b9c5fb88c05e0b
2023-03-25 20:54:14,False,3.434e-05,1.072e-08,4617290.0,0.495,0x6b...9f5d,https://bscscan.com/tx/0xe004e33d6df76c24bfc12b8769309da41d386d33103569e9f14d49d3062239ab
2023-03-25 20:54:14,True,3.452e-05,1.077e-08,5793625.0,0.6242,0x09...712a,https://bscscan.com/tx/0xffa423c09d400efad18cce3f3df8fc68a85f8f07521fb5a0f9794d0f41785b5b
2023-03-25 20:54:14,True,3.447e-05,1.076e-08,100300903.0,10.7934,0x9b...2220,https://bscscan.com/tx/0x523f6aa5a2297b09f8afe8631454c65fda07d481d4f38acf8818f395647b76ac
2023-03-25 20:54:14,True,3.442e-05,1.074e-08,18697380.0,2.00913,0xcc...0331,https://bscscan.com/tx/0x4ae2b70d77f7827447d5a5b552363e52247e081bb7621246dfb07b9162bf751a
2023-03-25 20:54:11,True,3.441e-05,1.074e-08,58253683.0,6.25699,0x7c...eff1,https://bscscan.com/tx/0xb405495e6ccf0b51b5a65268de590410f6abb2beae2ed571eabb8c81ea7153d3
2023-03-25 20:54:11,True,3.436e-05,1.072e-08,9020307.0,0.9675,0x00...ddd2,https://bscscan.com/tx/0x4aa1405f277aa89b3a1d19a037981c5b6e5ee2f0588b9bdd3a5e907741c5ac0e
2023-03-25 20:54:11,True,3.436e-05,1.072e-08,2745083.0,0.2944,0x03...1a46,https://bscscan.com/tx/0xa2cef5f34d7b4c2af36b6c4d86c124c7cafb8a9f473816a2fe53fba9b06c6d9a
2023-03-25 20:54:11,True,3.434e-05,1.071e-08,42473592.0,4.55294,0xed...640a,https://bscscan.com/tx/0x9531d3c57a3141907213435a3928aefa3a1d4e39b2803e1f2531714104e14323
2023-03-25 20:54:11,True,3.431e-05,1.07e-08,35374030.0,3.78835,0x5c...ac56,https://bscscan.com/tx/0x44c7b5fd306c624c828c77bd8d6d170a2e8ae1ca7a303252d9b6add650ade143
2023-03-25 20:54:11,True,3.425e-05,1.069e-08,90941227.0,9.72443,0x7a...3653,https://bscscan.com/tx/0x3c5f2187c16c28032ab721ffbb3cce039fd61a4b10ff1d999140f3ac360e3324
2023-03-25 20:54:11,False,3.464e-05,1.081e-08,1429075257.0,154.54,0x83...98c1,https://bscscan.com/tx/0x8b408edc80a3049dee3d75f6081db2d5ddaac2099d535d6c6932efb68695a018
2023-03-25 20:54:11,False,3.525e-05,1.1e-08,84787.2,0.0093,0x83...98c1,https://bscscan.com/tx/0x8b408edc80a3049dee3d75f6081db2d5ddaac2099d535d6c6932efb68695a018
2023-03-25 20:49:11,False,3.509e-05,1.1e-08,28499793.0,3.13683,0xc0...1f4f,https://bscscan.com/tx/0x8362efcdb53ff82bae89346d149f3e541e392527a44b6eef7f0c5de917a01b9d
2023-03-25 20:49:11,False,3.51e-05,1.101e-08,27000.0,0.0029,0xc0...1f4f,https://bscscan.com/tx/0x8362efcdb53ff82bae89346d149f3e541e392527a44b6eef7f0c5de917a01b9d
2023-03-25 20:48:11,False,3.51e-05,1.101e-08,9970000.0,1.09786,0xa6...bc64,https://bscscan.com/tx/0x2e1d69fd1de7759e12924d2eb87d60f27aec9b3f3b9dc56e62a234a11c779111
2023-03-25 20:48:11,False,3.51e-05,1.101e-08,126275.0,0.0139,0xa6...bc64,https://bscscan.com/tx/0x2e1d69fd1de7759e12924d2eb87d60f27aec9b3f3b9dc56e62a234a11c779111
2023-03-25 20:47:14,True,3.545e-05,1.106e-08,22258928.0,2.46302,0x25...459b,https://bscscan.com/tx/0x1062b567758f01003240fc4aa98b3c159eb8a7b05bd32f9aa3f807f84383e132
2023-03-25 20:46:50,True,3.544e-05,1.106e-08,171755.0,0.019,0x1f...eacb,https://bscscan.com/tx/0x9046861a24f3e5443ee6a8555dabfd5f1237b35b5a5229462c12f814ba9ef378
2023-03-25 20:44:53,True,3.544e-05,1.106e-08,119999.0,0.0132,0xb7...0b34,https://bscscan.com/tx/0x80095a411dd848010ac6ce0ff3d8867411fc0713952336ea48ddcaaee411e1dc
2023-03-25 20:44:11,True,3.524e-05,1.105e-08,23815063.0,2.6337,0x60...ece6,https://bscscan.com/tx/0xd64aad09af5f412a039873a17dbcd6c746013c6707a5ff18257b95a313878774
2023-03-25 20:43:38,False,3.505e-05,1.1e-08,401573.0,0.0441,0x6c...f1b8,https://bscscan.com/tx/0x4578539b42169580394e3f228f8edf25dd24492451760d3a7949bc330f4ad417
2023-03-25 20:43:38,False,3.505e-05,1.1e-08,36782.6,0.004,0x6c...f1b8,https://bscscan.com/tx/0x4578539b42169580394e3f228f8edf25dd24492451760d3a7949bc330f4ad417
2023-03-25 20:42:08,True,3.54e-05,1.105e-08,97813.4,0.0108,0xb9...aedd,https://bscscan.com/tx/0x74d6f039e87de8393b18b6de0678b44ebb8852d73cb1f36ccbf12d6b0188273a
2023-03-25 20:41:05,False,3.505e-05,1.1e-08,13484788.0,1.48366,0x6e...2e00,https://bscscan.com/tx/0xf610cc9eb6fd9b197df3967d44c74c2989ae9fe86b2616e4f1962c8ebddb2948
2023-03-25 20:41:05,False,3.505e-05,1.1e-08,2529.02,2.783e-05,0x6e...2e00,https://bscscan.com/tx/0xf610cc9eb6fd9b197df3967d44c74c2989ae9fe86b2616e4f1962c8ebddb2948
2023-03-25 20:39:56,True,3.523e-05,1.105e-08,542524.0,0.06,0xb4...440f,https://bscscan.com/tx/0x2b9910dc78cb9b3aacbd02f68fe12318ed0e8fe6aa45f6651c21ca875ba21fb4
2023-03-25 20:39:53,False,3.505e-05,1.1e-08,392969.0,0.0432,0x6e...2e00,https://bscscan.com/tx/0x12f08db54ddb085b07a1caf1d0d32e205537e2fc1f0e74b0f1c7b931e4c8f2db
2023-03-25 20:39:53,False,3.505e-05,1.1e-08,10295.3,0.0011,0x6e...2e00,https://bscscan.com/tx/0x12f08db54ddb085b07a1caf1d0d32e205537e2fc1f0e74b0f1c7b931e4c8f2db
2023-03-25 20:39:02,False,3.525e-05,1.1e-08,3801626.0,0.4183,0x08...edee,https://bscscan.com/tx/0x4da4b70efb6afdcf1c90ba43e075000af24c9ee986662934897be048a39f6872
2023-03-25 20:39:02,False,3.525e-05,1.1e-08,6038.25,6.645e-05,0x08...edee,https://bscscan.com/tx/0x4da4b70efb6afdcf1c90ba43e075000af24c9ee986662934897be048a39f6872
2023-03-25 20:38:32,True,3.542e-05,1.106e-08,38182.1,0.0042,0x6f...99da,https://bscscan.com/tx/0x701a591b5436d872e3e6c6ad228a96e985fc48981d667bded89106e48df0d84b
2023-03-25 20:36:47,True,3.544e-05,1.106e-08,198205.0,0.0219,0xe5...eae6,https://bscscan.com/tx/0x91d7c0dd53e0ada8aefda7fd4f836d9380d634efc09900ba65b858e28eebc409
2023-03-25 20:33:17,False,3.527e-05,1.1e-08,1994000.0,0.2194,0x5a...33fc,https://bscscan.com/tx/0x955456dd483f7011ed30542374797bd9b04cd4d0138ffc7a1d7369d355a81d8d
2023-03-25 20:33:17,False,3.528e-05,1.1e-08,50799.3,0.0055,0x5a...33fc,https://bscscan.com/tx/0x955456dd483f7011ed30542374797bd9b04cd4d0138ffc7a1d7369d355a81d8d
2023-03-25 20:33:11,True,3.544e-05,1.106e-08,4395.24,4.861e-05,0x6f...99da,https://bscscan.com/tx/0xaf6ab7bd384fd6fbf008b1f90c41b31465c952c0251e4758d14bc5ef21bee35c
2023-03-25 20:30:26,True,3.545e-05,1.106e-08,289306.0,0.032,0x9a...e636,https://bscscan.com/tx/0xfa9438f1830c6660fa0c0d2cc6f3c2b99954f9a6deab020eeb7ffd37792dba11
2023-03-25 20:28:26,False,3.511e-05,1.1e-08,12480358.0,1.37376,0x30...b364,https://bscscan.com/tx/0xb57b80f3b5823804bb17a6aeb4c36422410aee2176cfacd3ee5c7143fef95800
2023-03-25 20:28:26,False,3.511e-05,1.1e-08,115369.0,0.0127,0x30...b364,https://bscscan.com/tx/0xb57b80f3b5823804bb17a6aeb4c36422410aee2176cfacd3ee5c7143fef95800
2023-03-25 20:28:08,False,3.513e-05,1.101e-08,24222259.0,2.66743,0x05...7066,https://bscscan.com/tx/0x2dec93e3680c1dc3f0755875be08fa05a21440dabed288251e8885b0aa3e3472
2023-03-25 20:28:08,False,3.514e-05,1.101e-08,13237.4,0.0014,0x05...7066,https://bscscan.com/tx/0x2dec93e3680c1dc3f0755875be08fa05a21440dabed288251e8885b0aa3e3472
2023-03-25 20:27:56,False,3.514e-05,1.101e-08,4888018.0,0.5384,0x05...7066,https://bscscan.com/tx/0x4f16a84d104f6f3f5cc482573d2db4136da30cb37c666c1187ea59d595633aaf
2023-03-25 20:27:56,False,3.514e-05,1.101e-08,86440.6,0.0095,0x05...7066,https://bscscan.com/tx/0x4f16a84d104f6f3f5cc482573d2db4136da30cb37c666c1187ea59d595633aaf
2023-03-25 20:27:11,False,3.533e-05,1.102e-08,26774975.0,2.95075,0x05...7066,https://bscscan.com/tx/0x1acffde9a113c293381414795f82293d7bc8a413e0f60ad9dee0a655608f4a2f
2023-03-25 20:27:11,False,3.534e-05,1.102e-08,13540.0,0.0014,0x05...7066,https://bscscan.com/tx/0x1acffde9a113c293381414795f82293d7bc8a413e0f60ad9dee0a655608f4a2f
2023-03-25 20:26:59,False,3.517e-05,1.102e-08,4999756.0,0.5512,0x6b...9f5d,https://bscscan.com/tx/0xf6b25701118e5ed95c89401377f03d01a6f19104317722cd97234032437ecbbb
2023-03-25 20:26:59,False,3.517e-05,1.102e-08,43672.8,0.0048,0x6b...9f5d,https://bscscan.com/tx/0xf6b25701118e5ed95c89401377f03d01a6f19104317722cd97234032437ecbbb
2023-03-25 20:26:56,False,3.518e-05,1.102e-08,16126602.0,1.77839,0x05...7066,https://bscscan.com/tx/0x366fbf23cd432f306d02714f680a4b9c9c7659af7b91bca94347f70f74b04e08
2023-03-25 20:26:56,False,3.519e-05,1.102e-08,13704.6,0.0015,0x05...7066,https://bscscan.com/tx/0x366fbf23cd432f306d02714f680a4b9c9c7659af7b91bca94347f70f74b04e08
2023-03-25 20:26:50,False,3.519e-05,1.103e-08,5060542.0,0.5582,0x6b...9f5d,https://bscscan.com/tx/0xc0e003afaeb0b76f59a9fd450260fc0e5b4d38aaff68a10b779839644f158ff8
2023-03-25 20:26:50,False,3.519e-05,1.103e-08,43158.4,0.0047,0x6b...9f5d,https://bscscan.com/tx/0xc0e003afaeb0b76f59a9fd450260fc0e5b4d38aaff68a10b779839644f158ff8
2023-03-25 20:26:47,False,3.52e-05,1.103e-08,15936649.0,1.75835,0x05...7066,https://bscscan.com/tx/0x76b34606bb9d596a8512fe3ca6ddf4b7818ef6d8b70155b7d7cd04fa8750a33e
2023-03-25 20:26:47,False,3.52e-05,1.103e-08,13657.9,0.0015,0x05...7066,https://bscscan.com/tx/0x76b34606bb9d596a8512fe3ca6ddf4b7818ef6d8b70155b7d7cd04fa8750a33e
2023-03-25 20:26:41,False,3.521e-05,1.103e-08,5043314.0,0.5565,0x6b...9f5d,https://bscscan.com/tx/0x4ce6fbfd6053c87c97dbedad17e35c4cdc96016a44efc53c237322687e3ebb3e
2023-03-25 20:26:41,False,3.521e-05,1.103e-08,28888.7,0.0031,0x6b...9f5d,https://bscscan.com/tx/0x4ce6fbfd6053c87c97dbedad17e35c4cdc96016a44efc53c237322687e3ebb3e
2023-03-25 20:26:32,False,3.539e-05,1.103e-08,5038796.0,0.5561,0x6b...9f5d,https://bscscan.com/tx/0x99d2de880f58f710902b109651ca00e035c750633f9d6711d38765743f506621
2023-03-25 20:26:32,False,3.539e-05,1.103e-08,27323.1,0.003,0x6b...9f5d,https://bscscan.com/tx/0x99d2de880f58f710902b109651ca00e035c750633f9d6711d38765743f506621
2023-03-25 20:26:02,True,3.557e-05,1.109e-08,31479.0,0.0034,0xd9...d239,https://bscscan.com/tx/0x9a2913a10596f2f533ef6bed393ff55a72c854775e835849da35d4d9c7e14b4f
2023-03-25 20:23:53,False,3.539e-05,1.103e-08,9876085.0,1.09028,0x98...3a03,https://bscscan.com/tx/0xfdd13322920a2507270c2b0f8e431ce52c807adecbee3595490abd615c15bb4d
2023-03-25 20:23:53,False,3.54e-05,1.104e-08,14852.9,0.0016,0x98...3a03,https://bscscan.com/tx/0xfdd13322920a2507270c2b0f8e431ce52c807adecbee3595490abd615c15bb4d
2023-03-25 20:23:02,False,3.54e-05,1.104e-08,5484582.0,0.6055,0x11...ca3a,https://bscscan.com/tx/0xc0987d7ff4b2c9e7e6aaf6039cca787d821c025791800b5c1ed98f84dd3ed336
2023-03-25 20:23:02,False,3.54e-05,1.104e-08,4292.88,4.74e-05,0x11...ca3a,https://bscscan.com/tx/0xc0987d7ff4b2c9e7e6aaf6039cca787d821c025791800b5c1ed98f84dd3ed336
2023-03-25 20:22:44,True,3.54e-05,1.109e-08,475520.0,0.0527,0x20...f960,https://bscscan.com/tx/0x5f233621324a219d89d32f1292c53ff306850466bbf304c6f0858635645aebb4
2023-03-25 20:22:20,False,3.54e-05,1.104e-08,1111093.0,0.1226,0x78...f17f,https://bscscan.com/tx/0x678f6a204b2bca4be9ab9a385af596ee2fd6415566a0897193002a87709bb5b9
2023-03-25 20:22:20,False,3.54e-05,1.104e-08,7671.4,8.471e-05,0x78...f17f,https://bscscan.com/tx/0x678f6a204b2bca4be9ab9a385af596ee2fd6415566a0897193002a87709bb5b9
2023-03-25 20:21:11,True,3.558e-05,1.109e-08,2160503.0,0.2397,0x3e...06fe,https://bscscan.com/tx/0x22d13f729a6f2cbc4438f3e8bbb9157c01966a03535f49493c60a8ae7283010d
2023-03-25 20:21:02,True,3.558e-05,1.109e-08,23767.8,0.0026,0x64...a90d,https://bscscan.com/tx/0x9c0caaac79c66b1fc5cb447a2f1fcda69a12847acd7b563116ad9409d7c064f0
2023-03-25 20:18:41,True,3.56e-05,1.109e-08,10813.3,0.0012,0x1f...71d6,https://bscscan.com/tx/0xf645edb38c687fc76ce1ea86f20ae2ca295267514f779f968505933dff209150
2023-03-25 20:18:26,False,3.544e-05,1.104e-08,644235.0,0.0711,0x36...c84f,https://bscscan.com/tx/0x1b336412488c7dd8ea4af7973c43f66f4bdc310a9e41cecd243a144a74117397
2023-03-25 20:18:26,False,3.544e-05,1.104e-08,22507.0,0.0024,0x36...c84f,https://bscscan.com/tx/0x1b336412488c7dd8ea4af7973c43f66f4bdc310a9e41cecd243a144a74117397
2023-03-25 20:15:20,True,3.543e-05,1.109e-08,72738.8,0.008,0xb3...b246,https://bscscan.com/tx/0x46489263fc57d4cc53a7dc90f14a67715d1876b634e0c5635fab8e9ffc27399a
2023-03-25 20:14:44,True,3.543e-05,1.109e-08,235047.0,0.026,0x95...208e,https://bscscan.com/tx/0x3fe22b8e4daa410e57119bad50e7b218319c5284a5f3ea11016c0aa04b4e3960
2023-03-25 20:13:05,True,3.56e-05,1.109e-08,8405.46,9.327e-05,0x4c...fa9c,https://bscscan.com/tx/0x1098f84393f3aeb2799e19b66ee9ef31095bdf7879385d05db6d0e7264d5b2f9
2023-03-25 20:11:26,True,3.541e-05,1.109e-08,359365.0,0.0398,0x82...646f,https://bscscan.com/tx/0x9d256e853928eef71fba683af2cacfd1f5ffce93815b40904d4dcb6a9b18e789
2023-03-25 20:07:59,True,3.56e-05,1.109e-08,192.031,2.131e-06,0xb3...b246,https://bscscan.com/tx/0xdacabc346ed99c9753affc34b5034cf4905bffb19d821d7210209ee3ce74384e
2023-03-25 20:07:17,False,3.543e-05,1.104e-08,831652.0,0.0918,0x32...0fc3,https://bscscan.com/tx/0x343c2be7c486ac41e7d41a6a27fdf6247795199624f5b3492e964e20e0342ea1
2023-03-25 20:07:17,False,3.543e-05,1.104e-08,363.736,4.016e-06,0x32...0fc3,https://bscscan.com/tx/0x343c2be7c486ac41e7d41a6a27fdf6247795199624f5b3492e964e20e0342ea1
2023-03-25 20:04:47,False,3.525e-05,1.104e-08,134313.0,0.0148,0x7a...2492,https://bscscan.com/tx/0x7420b72df6f02793a4b064d12a6179601080ccf670ff0cff6747f94f3e1ecde1
2023-03-25 20:04:47,False,3.525e-05,1.104e-08,245195.0,0.027,0x7a...2492,https://bscscan.com/tx/0x7420b72df6f02793a4b064d12a6179601080ccf670ff0cff6747f94f3e1ecde1
2023-03-25 20:04:41,True,3.543e-05,1.109e-08,540653.0,0.06,0xf3...750e,https://bscscan.com/tx/0x06b331a4a2c7583b2d3e7e1116726afd1e6f0d6e2300529c52dfe98d1c16408a
2023-03-25 20:04:38,False,3.529e-05,1.105e-08,90001331.0,9.9491,0x07...7e84,https://bscscan.com/tx/0x94ad118332567f3caee8358f44e936a15ea98c7e6cf2c4fbb5013263a437ff4d
2023-03-25 20:04:38,False,3.533e-05,1.106e-08,74845.0,0.0082,0x07...7e84,https://bscscan.com/tx/0x94ad118332567f3caee8358f44e936a15ea98c7e6cf2c4fbb5013263a437ff4d
2023-03-25 20:04:26,False,3.552e-05,1.107e-08,27637208.0,3.05954,0x71...0f5e,https://bscscan.com/tx/0x738268c4dbde358fab9c1f065898f51b98320be7c435057a91988d9c65596d63
2023-03-25 20:04:26,False,3.553e-05,1.107e-08,734.77,8.136e-06,0x71...0f5e,https://bscscan.com/tx/0x738268c4dbde358fab9c1f065898f51b98320be7c435057a91988d9c65596d63
2023-03-25 20:01:35,False,3.566e-05,1.107e-08,271321.0,0.03,0xe3...fe98,https://bscscan.com/tx/0x02e6175fd30d1cf13d7f9873325cc2e06f1a10ffa8243f5fa3547f3451d42f97
2023-03-25 20:01:35,False,3.566e-05,1.107e-08,4968.98,5.502e-05,0xe3...fe98,https://bscscan.com/tx/0x02e6175fd30d1cf13d7f9873325cc2e06f1a10ffa8243f5fa3547f3451d42f97
2023-03-25 20:00:08,False,3.573e-05,1.107e-08,1834841.0,0.2032,0xd1...b5bd,https://bscscan.com/tx/0x4108ee7b7202771fb6d1f0aa2e9476101f0f9d5e9321b53058a26860fc5545b6
2023-03-25 20:00:08,False,3.573e-05,1.107e-08,29700.0,0.0032,0xd1...b5bd,https://bscscan.com/tx/0x4108ee7b7202771fb6d1f0aa2e9476101f0f9d5e9321b53058a26860fc5545b6
2023-03-25 19:59:41,False,3.573e-05,1.107e-08,10967000.0,1.21472,0x4d...ff63,https://bscscan.com/tx/0x0dad42761a13209652f5b19e020cbd37b9a97f96a7113e4b583210a37c2a6e45
2023-03-25 19:59:41,False,3.574e-05,1.107e-08,29222.2,0.0032,0x4d...ff63,https://bscscan.com/tx/0x0dad42761a13209652f5b19e020cbd37b9a97f96a7113e4b583210a37c2a6e45
2023-03-25 19:58:59,True,3.593e-05,1.113e-08,628751.0,0.07,0x9a...ebbe,https://bscscan.com/tx/0x3730e89a4329ace99cdd1cbd67d7a8404a0dcac54e601666d606cccc52caa65d
2023-03-25 19:57:44,False,3.555e-05,1.107e-08,10163706.0,1.12603,0x85...2c26,https://bscscan.com/tx/0x7a3d5806dc9bbcc939d3497baa6895e41667b9cd7c35ee018ca653e7d03ca51f
2023-03-25 19:57:44,False,3.555e-05,1.108e-08,2141.12,2.372e-05,0x85...2c26,https://bscscan.com/tx/0x7a3d5806dc9bbcc939d3497baa6895e41667b9cd7c35ee018ca653e7d03ca51f
2023-03-25 19:54:15,False,3.571e-05,1.108e-08,790630.0,0.0876,0xf4...8302,https://bscscan.com/tx/0xdb78287ac661c5c68392c8f4fea62b0d0ed9e1a1bb8f3f31c5697237f97adf86
2023-03-25 19:54:15,False,3.571e-05,1.108e-08,134.215,1.487e-06,0xf4...8302,https://bscscan.com/tx/0xdb78287ac661c5c68392c8f4fea62b0d0ed9e1a1bb8f3f31c5697237f97adf86
2023-03-25 19:53:42,False,3.572e-05,1.108e-08,49560.0,0.0054,0x2f...c05e,https://bscscan.com/tx/0xabd03a8110a261e0891387b22706351471541d32314378d61b98097040ce919d
2023-03-25 19:53:42,False,3.572e-05,1.108e-08,27049.7,0.003,0x2f...c05e,https://bscscan.com/tx/0xabd03a8110a261e0891387b22706351471541d32314378d61b98097040ce919d
2023-03-25 19:53:33,False,3.574e-05,1.108e-08,9988356.0,1.1069,0x7d...55d2,https://bscscan.com/tx/0x5016b253eb6a325f51c12834f0443221c7fd9bacb974d712de295f7ca3d71045
2023-03-25 19:53:33,False,3.574e-05,1.108e-08,5544.48,6.145e-05,0x7d...55d2,https://bscscan.com/tx/0x5016b253eb6a325f51c12834f0443221c7fd9bacb974d712de295f7ca3d71045
2023-03-25 19:53:30,False,3.574e-05,1.108e-08,2047352.0,0.2269,0x3e...06fe,https://bscscan.com/tx/0x5aa62054f7e7b45eef094882a37c37b7bdbff6246dd3e6ef2ab6b9e929e4b72b
2023-03-25 19:53:30,False,3.574e-05,1.108e-08,124855.0,0.0138,0x3e...06fe,https://bscscan.com/tx/0x5aa62054f7e7b45eef094882a37c37b7bdbff6246dd3e6ef2ab6b9e929e4b72b
2023-03-25 19:50:03,True,3.585e-05,1.113e-08,107726.0,0.012,0x5a...5e52,https://bscscan.com/tx/0x9907441a5ac7b21334507b11ee7d203d72a7eeb16b074092ba08d1b28452f3a5
2023-03-25 19:49:30,True,3.603e-05,1.113e-08,1034985.0,0.1152,0xce...d5f9,https://bscscan.com/tx/0x044f13a32c394eca4b0775f90ad88f4bf4f4b80d1084a90316e81c233a2165d0
2023-03-25 19:47:36,False,3.587e-05,1.108e-08,44964701.0,4.98641,0x0f...9444,https://bscscan.com/tx/0xf3aa8d80a9f55e3b51f3142225a8d7d47c93799e928ac72332fbed90de80834b
2023-03-25 19:47:36,False,3.589e-05,1.109e-08,37459.0,0.0041,0x0f...9444,https://bscscan.com/tx/0xf3aa8d80a9f55e3b51f3142225a8d7d47c93799e928ac72332fbed90de80834b
2023-03-25 19:38:42,True,3.589e-05,1.114e-08,13773700.0,1.5357,0xfc...c55a,https://bscscan.com/tx/0xe6e8526e6f342408049df48f9ef34ec7cef1aa55c030d29f9e06aa1527842756
2023-03-25 19:35:12,False,3.576e-05,1.109e-08,99700.0,0.011,0xf1...19e8,https://bscscan.com/tx/0x29b7b7cf2e6bd2d845bb8df279ae97d94758367c66776cd6a5a1ad420b7c59b9
2023-03-25 19:35:12,False,3.576e-05,1.109e-08,2756.07,3.057e-05,0xf1...19e8,https://bscscan.com/tx/0x29b7b7cf2e6bd2d845bb8df279ae97d94758367c66776cd6a5a1ad420b7c59b9
