datetime,buy_order,price_USD,price_native,amount_token,total_native,maker,etherscan_url
2023-03-28 09:05:18,True,3.299e-05,1.057e-08,916406.0,0.0969,0x04...157e,https://bscscan.com/tx/0x8182e640ac9acae1c9d4324c83bf8422f1a4c9aaf9d67a5fecf87d859bf612bd
2023-03-28 09:03:06,False,3.283e-05,1.052e-08,357567.0,0.0376,0x2e...332a,https://bscscan.com/tx/0x37b8898d54e4f9a54bd740783bd49be4561d2a3730649024fc3ec8148842c261
2023-03-28 09:03:06,False,3.283e-05,1.052e-08,45.7253,4.813e-07,0x2e...332a,https://bscscan.com/tx/0x37b8898d54e4f9a54bd740783bd49be4561d2a3730649024fc3ec8148842c261
2023-03-28 09:02:24,False,3.266e-05,1.052e-08,16884.5,0.0017,0x27...934a,https://bscscan.com/tx/0x876eb555504d367d7660a34180895b30d34fd2eede21379d7ce2320d49c2f517
2023-03-28 09:02:24,False,3.266e-05,1.052e-08,5347.09,5.628e-05,0x27...934a,https://bscscan.com/tx/0x876eb555504d367d7660a34180895b30d34fd2eede21379d7ce2320d49c2f517
2023-03-28 08:59:54,False,3.283e-05,1.052e-08,1974464.0,0.2078,0x2f...88da,https://bscscan.com/tx/0x042df9900251863fc862d0ce8c045bab387283cd399f127994f4a8a4f88532fa
2023-03-28 08:59:54,False,3.283e-05,1.052e-08,1758.29,1.85e-05,0x2f...88da,https://bscscan.com/tx/0x042df9900251863fc862d0ce8c045bab387283cd399f127994f4a8a4f88532fa
2023-03-28 08:54:12,False,3.282e-05,1.052e-08,649264.0,0.0683,0x4c...7c00,https://bscscan.com/tx/0x15c52964905f08ccf08de2aefa7199ccec9c487d61052e43fc873ee56d372065
2023-03-28 08:54:12,False,3.282e-05,1.052e-08,1002.46,1.055e-05,0x4c...7c00,https://bscscan.com/tx/0x15c52964905f08ccf08de2aefa7199ccec9c487d61052e43fc873ee56d372065
2023-03-28 08:52:06,False,3.282e-05,1.052e-08,370169.0,0.0389,0x21...a7eb,https://bscscan.com/tx/0xb87dd801dd60d0a2c287197eca70cfc977f7685d83f1cdfbfd0ceb9e6b7a6554
2023-03-28 08:52:06,False,3.282e-05,1.052e-08,1517.13,1.597e-05,0x21...a7eb,https://bscscan.com/tx/0xb87dd801dd60d0a2c287197eca70cfc977f7685d83f1cdfbfd0ceb9e6b7a6554
2023-03-28 08:48:24,False,3.266e-05,1.052e-08,560214.0,0.0589,0x8f...fa66,https://bscscan.com/tx/0xcd5cd6afdaec095b85f46d4929ad6f11484ca59ec837b7db9a8db8da43882135
2023-03-28 08:48:24,False,3.266e-05,1.052e-08,250310.0,0.0263,0x8f...fa66,https://bscscan.com/tx/0xcd5cd6afdaec095b85f46d4929ad6f11484ca59ec837b7db9a8db8da43882135
2023-03-28 08:48:21,True,3.281e-05,1.057e-08,31542561.0,3.33604,0x1f...b771,https://bscscan.com/tx/0x074ba2af1bb73404ada5a8417e97f08c413e3af874c41326563019f3225f5302
2023-03-28 08:47:33,True,3.28e-05,1.057e-08,1986364.0,0.21,0x2f...88da,https://bscscan.com/tx/0xde595076018e6b04053f1649683f0531e354f65c7646f16530f1456a9ef0673a
2023-03-28 08:46:06,True,3.279e-05,1.057e-08,912071.0,0.0964,0x4b...76fa,https://bscscan.com/tx/0x0282d7307dc3a9146642c9bcc04fa196f292004b8b150e4ae9385602a6798233
2023-03-28 08:44:09,False,3.282e-05,1.052e-08,58091587.0,6.11479,0xa1...3ff1,https://bscscan.com/tx/0xb649714ff581d50eabea74be801452d9ee6734d28cf978e42db198464c262e30
2023-03-28 08:44:09,False,3.284e-05,1.053e-08,12039.7,0.0012,0xa1...3ff1,https://bscscan.com/tx/0xb649714ff581d50eabea74be801452d9ee6734d28cf978e42db198464c262e30
2023-03-28 08:36:00,True,3.301e-05,1.058e-08,28090.6,0.0029,0xbb...17e5,https://bscscan.com/tx/0x4fee94a9ba89ae05d0bc8f88bb82bfedff36bb5f5565f2daa82d9074e0edd609
2023-03-28 08:33:59,True,3.301e-05,1.058e-08,3911163.0,0.414,0xb0...e560,https://bscscan.com/tx/0x28217222974c7306b3eb54073f46bfaf4bd40495c271b75fd5a10b56464d06a6
2023-03-28 08:32:05,False,3.284e-05,1.053e-08,518350.0,0.0546,0xf5...5849,https://bscscan.com/tx/0x33a5fa295ebaa015cd136fc8cac0f0b40b4e9fec383a2393825fc5827cb33130
2023-03-28 08:32:05,False,3.284e-05,1.053e-08,22438.4,0.0023,0xf5...5849,https://bscscan.com/tx/0x33a5fa295ebaa015cd136fc8cac0f0b40b4e9fec383a2393825fc5827cb33130
2023-03-28 08:31:08,False,3.285e-05,1.053e-08,8285603.0,0.8727,0x1a...e985,https://bscscan.com/tx/0x2ada160e86c56b1df1ac56cfb4c9f7e875982f377da26cdebfb539dd83e7af35
2023-03-28 08:31:08,False,3.285e-05,1.053e-08,252.846,2.663e-06,0x1a...e985,https://bscscan.com/tx/0x2ada160e86c56b1df1ac56cfb4c9f7e875982f377da26cdebfb539dd83e7af35
2023-03-28 08:29:50,False,3.285e-05,1.053e-08,93365.7,0.0098,0xa2...052d,https://bscscan.com/tx/0xe492714baf110924bc00cd1eb898da131fb6ac11edbc71546f91d3d83c594754
2023-03-28 08:29:50,False,3.285e-05,1.053e-08,24725.9,0.0026,0xa2...052d,https://bscscan.com/tx/0xe492714baf110924bc00cd1eb898da131fb6ac11edbc71546f91d3d83c594754
2023-03-28 08:24:08,True,3.303e-05,1.059e-08,4679121.0,0.4956,0x85...2c4e,https://bscscan.com/tx/0xe1fa2f0b6beb3c6f6bb8bbb71534596665a868640c6a281c0bea92954e01db3f
2023-03-28 08:23:14,False,3.285e-05,1.053e-08,2385522.0,0.2512,0xf4...ab07,https://bscscan.com/tx/0x012b844dd6a34b4b54915a1ed598a8343d90672e23140c77fe2dda6b77fef1df
2023-03-28 08:23:14,False,3.285e-05,1.053e-08,11610.0,0.0012,0xf4...ab07,https://bscscan.com/tx/0x012b844dd6a34b4b54915a1ed598a8343d90672e23140c77fe2dda6b77fef1df
2023-03-28 08:22:56,False,3.285e-05,1.053e-08,4287100.0,0.4516,0x85...2c4e,https://bscscan.com/tx/0x582716efa104fc88a718ad7004a8be63629e96905a10f04acbaf3e59e5390e1d
2023-03-28 08:22:56,False,3.285e-05,1.053e-08,3624.18,3.818e-05,0x85...2c4e,https://bscscan.com/tx/0x582716efa104fc88a718ad7004a8be63629e96905a10f04acbaf3e59e5390e1d
2023-03-28 08:22:02,True,3.301e-05,1.058e-08,50500.0,0.0053,0x32...ccdc,https://bscscan.com/tx/0x7006429e74574e28e30f87f871d2ed39ed9764fdbbef642158f8cd5157bb986b
2023-03-28 08:20:26,False,3.285e-05,1.053e-08,1146163.0,0.1207,0xbe...1378,https://bscscan.com/tx/0xf99fd537d38171f8a06cb8e61d7e0760cf9e12bc77189494b7ed1246b04e6de1
2023-03-28 08:20:26,False,3.285e-05,1.053e-08,47939.0,0.005,0xbe...1378,https://bscscan.com/tx/0xf99fd537d38171f8a06cb8e61d7e0760cf9e12bc77189494b7ed1246b04e6de1
2023-03-28 08:18:11,True,3.301e-05,1.058e-08,8475273.0,0.8973,0x5e...4d03,https://bscscan.com/tx/0x211ddfe1f567759e548d8fc526818606126551cebcc09b3ff44c45b18d3e2a41
2023-03-28 08:16:44,True,3.284e-05,1.058e-08,71484.0,0.0075,0xcc...77d9,https://bscscan.com/tx/0x7ec39f3e48b5598cb712687aed9840a117e21d2274c29af298c9ba24729178cb
2023-03-28 08:12:50,True,3.284e-05,1.058e-08,49493.6,0.0052,0xf2...da74,https://bscscan.com/tx/0xb90648d506dd241952b40b1d9d3187856d14447a67694f664002689b67c3f2e3
2023-03-28 08:06:35,True,3.292e-05,1.058e-08,1488062.0,0.1575,0x74...cf94,https://bscscan.com/tx/0xe620b0cede3faec5127b921d844f843535549efab581419c3546492f9aae629a
2023-03-28 08:03:41,True,3.29e-05,1.058e-08,377867.0,0.04,0x48...2332,https://bscscan.com/tx/0x3ace5f8c989746ed83aa17160fdd63fd357a7edf56a29111a69197e6809b57a9
2023-03-28 08:02:17,False,3.271e-05,1.053e-08,7271110.0,0.7659,0xc5...66b9,https://bscscan.com/tx/0xa33ca9377f0a512dd1cde05ad3741412fbab03dd996005afaea79835a3449167
2023-03-28 08:02:17,False,3.271e-05,1.053e-08,46934.5,0.0049,0xc5...66b9,https://bscscan.com/tx/0xa33ca9377f0a512dd1cde05ad3741412fbab03dd996005afaea79835a3449167
2023-03-28 08:00:44,True,3.286e-05,1.058e-08,396512.0,0.0419,0x5c...d528,https://bscscan.com/tx/0x46b2e49c25212598bb71a4a5d78d2fa3615856c318d67f5cbf0511dbf393683c
2023-03-28 07:57:26,True,3.283e-05,1.058e-08,6696.99,7.09e-05,0xd8...c1b2,https://bscscan.com/tx/0xe3866f122cf734f438e6640b6b443d4ac12a11549c531f659b30b768752e329e
2023-03-28 07:54:38,True,3.263e-05,1.058e-08,714933.0,0.0756,0x4f...9122,https://bscscan.com/tx/0x02383c00332f58c43fe14e1fd7d1c16b68dfe163ae47f678341f76c92036114c
2023-03-28 07:46:29,True,3.262e-05,1.058e-08,10035816.0,1.06239,0xea...aa87,https://bscscan.com/tx/0xf3818f71022749e17479ee672db77fac876455cef996c084ceed77188a307cdd
2023-03-28 07:43:56,True,3.279e-05,1.058e-08,1417162.0,0.15,0x59...9991,https://bscscan.com/tx/0xeef35c390d76f5edbaca41a1ee58bb51b5f7153ed1ca8a655906a339337a9058
2023-03-28 07:43:02,True,3.263e-05,1.058e-08,1069944.0,0.1132,0x5f...bb34,https://bscscan.com/tx/0x136f67086db34fe3231220f4ee988df68d0fe878f30526bcd7849df32d07eecb
2023-03-28 07:42:35,True,3.279e-05,1.058e-08,477344.0,0.0505,0xaa...0342,https://bscscan.com/tx/0x9b1a6161bcdf350802e4c6cfc7c3936d30190d19c8b8d3fb57a5d2a43bc3a4aa
2023-03-28 07:37:41,True,3.279e-05,1.058e-08,2226201.0,0.2356,0x69...2dc4,https://bscscan.com/tx/0xe65eed4de685ec5335c3272d3f8cc1f6e8b20811c1d725446eab7771546fda4a
2023-03-28 07:34:29,False,3.246e-05,1.053e-08,291550.0,0.0307,0x51...3233,https://bscscan.com/tx/0xe049239ff118ce18458bd5272d6e1e5284baba84375dc02bf386e7b3ff0919f4
2023-03-28 07:34:29,False,3.246e-05,1.053e-08,12666.6,0.0013,0x51...3233,https://bscscan.com/tx/0xe049239ff118ce18458bd5272d6e1e5284baba84375dc02bf386e7b3ff0919f4
2023-03-28 07:29:05,False,3.262e-05,1.053e-08,4677256.0,0.4925,0x13...6630,https://bscscan.com/tx/0x7117d5e782de70c368ddc06de6b8dc935d47d094c6e5851cc19b213417fc609f
2023-03-28 07:29:05,False,3.262e-05,1.053e-08,482.452,5.081e-06,0x13...6630,https://bscscan.com/tx/0x7117d5e782de70c368ddc06de6b8dc935d47d094c6e5851cc19b213417fc609f
2023-03-28 07:25:41,False,3.262e-05,1.053e-08,109091.0,0.0114,0xa5...ed6b,https://bscscan.com/tx/0x64b2865dc60dd66bb2949705ff4942ec5ccb183d04c80f768a0836ef8145d50b
2023-03-28 07:25:41,False,3.262e-05,1.053e-08,94289.7,0.0099,0xa5...ed6b,https://bscscan.com/tx/0x64b2865dc60dd66bb2949705ff4942ec5ccb183d04c80f768a0836ef8145d50b
2023-03-28 07:25:38,True,3.278e-05,1.058e-08,2310530.0,0.2445,0x5d...2948,https://bscscan.com/tx/0x838b24a4ad30874e81003f2e68ce18c3c8c5371c68f44c776825f1f2f0aa8a94
2023-03-28 07:24:32,True,3.278e-05,1.058e-08,188963.0,0.02,0x23...a166,https://bscscan.com/tx/0x34d445e39ff418db4ce08a5c2d09dbb70c33d19abaca259809050be4034a0596
2023-03-28 07:18:44,False,3.246e-05,1.053e-08,32047801.0,3.37632,0x1f...b771,https://bscscan.com/tx/0xd0de0ea78e94da227a5d494634b57e4b14c088d5f56a8cc2274b0c94cf38b9a4
2023-03-28 07:18:44,False,3.247e-05,1.053e-08,4518.69,4.762e-05,0x1f...b771,https://bscscan.com/tx/0xd0de0ea78e94da227a5d494634b57e4b14c088d5f56a8cc2274b0c94cf38b9a4
2023-03-28 07:16:18,True,3.281e-05,1.059e-08,1523589.0,0.1613,0xd1...392a,https://bscscan.com/tx/0x72d511af0212d30d6ebd718a879eaec8c775e59b0fd8b3eaf0ae5be8480327be
2023-03-28 07:16:06,False,3.265e-05,1.053e-08,149550.0,0.0157,0xbb...a93f,https://bscscan.com/tx/0x6c9171806adf2d94422c261522957108d7b96a7f009a1f7cd5eb7b74e1709d0d
2023-03-28 07:16:06,False,3.265e-05,1.053e-08,21600.0,0.0022,0xbb...a93f,https://bscscan.com/tx/0x6c9171806adf2d94422c261522957108d7b96a7f009a1f7cd5eb7b74e1709d0d
2023-03-28 07:13:36,False,3.262e-05,1.053e-08,7976000.0,0.8406,0x32...5b0c,https://bscscan.com/tx/0x46665e0973eaddf65fb8b506283d4e3b35082841c0f4aae4e2a0d7096db3d99b
2023-03-28 07:13:36,False,3.262e-05,1.054e-08,173487.0,0.0182,0x32...5b0c,https://bscscan.com/tx/0x46665e0973eaddf65fb8b506283d4e3b35082841c0f4aae4e2a0d7096db3d99b
2023-03-28 07:09:39,True,3.262e-05,1.059e-08,810722.0,0.0858,0xc1...a99c,https://bscscan.com/tx/0x69368e6b276d8ba3f5afbe2814d2bc0692048d50100c39517d0ca93c8a86d0be
2023-03-28 07:09:36,True,3.262e-05,1.059e-08,457451.0,0.0484,0x34...c272,https://bscscan.com/tx/0x7f4419fe011308df7ca8fc0aa323cba6a5dd9b9d43de2006e7f77b5649745493
2023-03-28 07:09:00,True,3.279e-05,1.059e-08,256409.0,0.0271,0x3b...0773,https://bscscan.com/tx/0x56c7cf14eb8a2d2d541cb9cd62a8f6d876ff03381534cca256828c0291b31358
2023-03-28 07:08:03,True,3.261e-05,1.058e-08,32786563.0,3.47189,0x32...b18f,https://bscscan.com/tx/0x5202b5f9d33ffa7b47b4d1a90c1f7ca793ad00a0a3cc549ed4fd6de6f859a2f5
2023-03-28 07:06:00,True,3.26e-05,1.058e-08,283416.0,0.03,0xb2...93b4,https://bscscan.com/tx/0x0b9da9db3f849c514f2214f21931f194f8fb504c6a4ffdf17d7d18a3d9161f0d
2023-03-28 07:02:24,True,3.269e-05,1.058e-08,2600000.0,0.2752,0xbe...1239,https://bscscan.com/tx/0xc8ad2935b077910d072d5d0b815618307203e84fabd01df3003675fa54ad06c8
2023-03-28 06:59:33,True,3.264e-05,1.058e-08,3117892.0,0.33,0xf9...f9fb,https://bscscan.com/tx/0xd2d9fd5a15e301f6852fe053c3be687be2ff18a26c778b7dc3ee72717c9e5bad
2023-03-28 06:55:06,True,3.263e-05,1.058e-08,4475416.0,0.4736,0x17...2019,https://bscscan.com/tx/0x21dfa525be40d6cb2c8e441c6ee0b748cba2cd0c8c6ec59b17487b3aa74abf1a
2023-03-28 06:53:59,True,3.263e-05,1.058e-08,306422.0,0.0324,0x37...6bae,https://bscscan.com/tx/0x16be649d96a2bc72e4f3e2a258cd2b070d594cc2cb74f736cb18277e884b4962
2023-03-28 06:52:53,True,3.263e-05,1.058e-08,252773.0,0.0267,0x12...2fc2,https://bscscan.com/tx/0xcd7a2be67a58b52bb11c2e50dca5a7e6c9b9492bcacef84af299278ebf342e89
2023-03-28 06:52:47,True,3.263e-05,1.058e-08,188993.0,0.02,0xe4...9ae2,https://bscscan.com/tx/0x001ed7e790fbfa59ea478cbcdc4e6ab71268a1c02a0079a562a3e404297bcf76
2023-03-28 06:52:44,True,3.263e-05,1.058e-08,476051.0,0.0503,0xc8...28aa,https://bscscan.com/tx/0xa75e36a087bd59df2525da62be05e8d4b91a7edb9da94bb7e2c314a239ff364d
2023-03-28 06:49:47,True,3.263e-05,1.058e-08,12689801.0,1.34266,0x38...9e60,https://bscscan.com/tx/0xacdd55ff8d1469c703271ad0f54d2fd3ebe5096f596c4eba4e3710e62f7bd2b3
2023-03-28 06:47:38,True,3.262e-05,1.057e-08,582316.0,0.0616,0xe8...dc93,https://bscscan.com/tx/0xa599d7924bd90bb635ce019a7ab41518f640f4ad16a54470b33cf9478eb71b83
2023-03-28 06:46:56,True,3.262e-05,1.057e-08,2867844.0,0.3033,0xd2...e4da,https://bscscan.com/tx/0x705e3f80d282d20831f3ccdd01a09f43a2619d63bbd03a978cadfb9926119290
2023-03-28 06:46:41,False,3.23e-05,1.052e-08,1193409.0,0.1256,0x75...e0f4,https://bscscan.com/tx/0xc682125d1079813ee984480dda113d1e99196c9d008a382271e236c557e1889e
2023-03-28 06:46:41,False,3.23e-05,1.052e-08,3609.83,3.799e-05,0x75...e0f4,https://bscscan.com/tx/0xc682125d1079813ee984480dda113d1e99196c9d008a382271e236c557e1889e
2023-03-28 06:42:41,False,3.245e-05,1.052e-08,393305.0,0.0414,0x78...a39c,https://bscscan.com/tx/0xa584225d8d7e41d37018233dbf3781332720d5f640e3959f5f6b493fa12004ba
2023-03-28 06:42:41,False,3.245e-05,1.052e-08,34306.0,0.0036,0x78...a39c,https://bscscan.com/tx/0xa584225d8d7e41d37018233dbf3781332720d5f640e3959f5f6b493fa12004ba
2023-03-28 06:41:56,True,3.261e-05,1.057e-08,945320.0,0.1,0xf5...a6e8,https://bscscan.com/tx/0xd720881628be4929bd0a6c159e686736b2decdc676c2cc34e76574ffcce801a9
2023-03-28 06:41:14,True,3.244e-05,1.057e-08,6133341.0,0.6487,0x69...2dc4,https://bscscan.com/tx/0xb0fd0051cbacc6f0c19b99eec32bb14935bc7291fa0aa7a33ac07afc9ea2adec
2023-03-28 06:38:26,True,3.259e-05,1.057e-08,1000000.0,0.1057,0x73...83a1,https://bscscan.com/tx/0x3252eb8989e52be349fe18eb614582484040cbec20df4944442dc416c12b2885
2023-03-28 06:37:32,False,3.243e-05,1.052e-08,2730483.0,0.2873,0x3e...06fe,https://bscscan.com/tx/0x83d2ed12b01ac8aba59d2b43c360b4da3c2c0ba49e23f8090935188501dea3e7
2023-03-28 06:37:32,False,3.243e-05,1.052e-08,25672.8,0.0027,0x3e...06fe,https://bscscan.com/tx/0x83d2ed12b01ac8aba59d2b43c360b4da3c2c0ba49e23f8090935188501dea3e7
2023-03-28 06:37:11,True,3.243e-05,1.057e-08,92185.9,0.0097,0x51...0803,https://bscscan.com/tx/0xaade9245d8e1c5c78eb46c515695a7acbe8f06ca6b259e1e748c882418eab0aa
2023-03-28 06:36:49,True,3.259e-05,1.057e-08,768592.0,0.0812,0x07...5a62,https://bscscan.com/tx/0x2ed4d6772eb4ab88801d82c8510fc56f5c594b39f55fa66d34ad25b89156e90f
2023-03-28 06:32:14,True,3.244e-05,1.057e-08,506080.0,0.0535,0x7d...ded8,https://bscscan.com/tx/0x4bc6ac35e837d6db9dff3ad6cc95b86aa24f079eec441c6b99a1fbd17429e71c
2023-03-28 06:29:32,False,3.242e-05,1.052e-08,8117175.0,0.8543,0xeb...ffca,https://bscscan.com/tx/0x0cbe036d3b7f1b799fca7df943481e036cb6c8bdfe86c1725c487ace92d45e87
2023-03-28 06:29:32,False,3.243e-05,1.052e-08,240686.0,0.0253,0xeb...ffca,https://bscscan.com/tx/0x0cbe036d3b7f1b799fca7df943481e036cb6c8bdfe86c1725c487ace92d45e87
2023-03-28 06:27:32,True,3.243e-05,1.057e-08,7562859.0,0.8,0xbc...70ea,https://bscscan.com/tx/0xcaa9b6589d52975a78bb3846cd468433f6b56ff8ebab185d132757ec2d87f038
2023-03-28 06:27:02,False,3.23e-05,1.053e-08,81335260.0,8.56825,0xa2...fae0,https://bscscan.com/tx/0x920d87f94140ed9ea473a7b74a38b1cf6abed280c79a8cdeeeaaa1bd5c0fb46c
2023-03-28 06:27:02,False,3.233e-05,1.054e-08,5.72296,6.034e-08,0xa2...fae0,https://bscscan.com/tx/0x920d87f94140ed9ea473a7b74a38b1cf6abed280c79a8cdeeeaaa1bd5c0fb46c
2023-03-28 06:26:44,False,3.233e-05,1.054e-08,2113.26,2.228e-05,0x52...fd8e,https://bscscan.com/tx/0xdb3163e01e8735437e752b2afe90b2be41af60295df3c59933e43210aff415c4
2023-03-28 06:26:44,False,3.233e-05,1.054e-08,7702.56,8.122e-05,0x52...fd8e,https://bscscan.com/tx/0xdb3163e01e8735437e752b2afe90b2be41af60295df3c59933e43210aff415c4
2023-03-28 06:05:16,False,3.24e-05,1.054e-08,2374291.0,0.2503,0x9f...791a,https://bscscan.com/tx/0x30015b3aa8e13333d667425db2d68c39e14d52136e956606a7592094295cd142
2023-03-28 06:05:16,False,3.24e-05,1.054e-08,52485.4,0.0055,0x9f...791a,https://bscscan.com/tx/0x30015b3aa8e13333d667425db2d68c39e14d52136e956606a7592094295cd142
2023-03-28 06:04:22,True,3.273e-05,1.059e-08,264195.0,0.028,0xe7...bfea,https://bscscan.com/tx/0x3ffba3df0069098401d043a5692e6d0af3c8b67968230d58136256ce28f36cab
2023-03-28 06:02:22,False,3.258e-05,1.054e-08,19117308.0,2.01643,0x60...105b,https://bscscan.com/tx/0xd70bfff17333f55b00076f56d2cdf42a7fdb59d107a75279c319f88883cbc3b3
2023-03-28 06:02:22,False,3.259e-05,1.055e-08,37609.3,0.0039,0x60...105b,https://bscscan.com/tx/0xd70bfff17333f55b00076f56d2cdf42a7fdb59d107a75279c319f88883cbc3b3
2023-03-28 06:02:19,True,3.275e-05,1.06e-08,135696.0,0.0143,0xe1...4ca4,https://bscscan.com/tx/0x83a53c1fd8dab0863b7b0f86d9af0e262b5b528dee42ba6b36b07e6d684a8eb9
2023-03-28 06:00:46,True,3.277e-05,1.06e-08,61303.4,0.0065,0x8d...fdae,https://bscscan.com/tx/0x8b07b97ed9b6b0f2d2c48bf9761dbf3b7baaf3732b3dab91f4438c514a46fe07
2023-03-28 05:58:55,False,3.262e-05,1.055e-08,13691182.0,1.44466,0xfc...c55a,https://bscscan.com/tx/0xcb6ce36763f145863c302f977e80e2e05ad66c4ca28898552b107665e078e434
2023-03-28 05:58:55,False,3.263e-05,1.055e-08,25651.5,0.0027,0xfc...c55a,https://bscscan.com/tx/0xcb6ce36763f145863c302f977e80e2e05ad66c4ca28898552b107665e078e434
2023-03-28 05:55:07,True,3.266e-05,1.06e-08,94282.1,0.01,0x33...cd2b,https://bscscan.com/tx/0x5bc7125064b977240c6ad2b2b287e1a019c2c4989246d063de7ab7777f400f77
2023-03-28 05:52:50,False,3.25e-05,1.055e-08,4991272.0,0.5267,0x37...4c1c,https://bscscan.com/tx/0x5bd8d93366c3a55c4e63201abd9853e792e5db5be01fd013f4319d0e94592148
2023-03-28 05:52:50,False,3.25e-05,1.055e-08,22553.5,0.0023,0x37...4c1c,https://bscscan.com/tx/0x5bd8d93366c3a55c4e63201abd9853e792e5db5be01fd013f4319d0e94592148
2023-03-28 05:47:25,False,3.267e-05,1.055e-08,6084262.0,0.6422,0x1f...c29b,https://bscscan.com/tx/0xff9882c7340e2986d3f5bd065d438e5d5f6ce83ddea92dd00dcefc50d19002d0
2023-03-28 05:47:25,False,3.267e-05,1.055e-08,28741.1,0.003,0x1f...c29b,https://bscscan.com/tx/0xff9882c7340e2986d3f5bd065d438e5d5f6ce83ddea92dd00dcefc50d19002d0
2023-03-28 05:47:25,True,3.283e-05,1.06e-08,3186180.0,0.338,0x63...7325,https://bscscan.com/tx/0x6b89c7957208495469231fae7eef1cae80e713c832bd018e8628515abcefbc04
2023-03-28 05:39:07,True,3.281e-05,1.06e-08,169676.0,0.018,0xc7...90f3,https://bscscan.com/tx/0x6f9c9311bef6a7fb3d991ee152dbcee643f698b5acc435433a2421268e73722e
2023-03-28 05:38:19,False,3.264e-05,1.055e-08,7267120.0,0.7671,0x8e...3d56,https://bscscan.com/tx/0x08f5ed17d447081cf63a8d7dac6c49f62474b0bf7a31ae53cca6d93469fca5aa
2023-03-28 05:38:19,False,3.265e-05,1.055e-08,46337.1,0.0048,0x8e...3d56,https://bscscan.com/tx/0x08f5ed17d447081cf63a8d7dac6c49f62474b0bf7a31ae53cca6d93469fca5aa
2023-03-28 05:36:13,False,3.266e-05,1.055e-08,17110389.0,1.80676,0x0c...e02a,https://bscscan.com/tx/0x3a2dc233aaaebedc2d92c215930779b3f79310a100979d9ebfbd33305439f0b1
2023-03-28 05:36:13,False,3.266e-05,1.056e-08,5949.2,6.283e-05,0x0c...e02a,https://bscscan.com/tx/0x3a2dc233aaaebedc2d92c215930779b3f79310a100979d9ebfbd33305439f0b1
2023-03-28 05:36:01,True,3.283e-05,1.061e-08,1153071.0,0.1223,0xbe...1378,https://bscscan.com/tx/0x67cb07bf6fb734a9d446dc2ffd36374e8abae7e604e929e7587236fb1735c602
2023-03-28 05:35:31,True,3.282e-05,1.061e-08,600335.0,0.0637,0xd9...135c,https://bscscan.com/tx/0x83d342240c6a7006aecceac0015de8cd31ff3e9910b323cb459af16406998205
2023-03-28 05:33:31,False,3.253e-05,1.056e-08,448650.0,0.0473,0x25...c842,https://bscscan.com/tx/0x4d160c111b5dbe44c6e00827e7d8b6641067102d71db5f4690f38630d83221f2
2023-03-28 05:33:31,False,3.253e-05,1.056e-08,67012.6,0.007,0x25...c842,https://bscscan.com/tx/0x4d160c111b5dbe44c6e00827e7d8b6641067102d71db5f4690f38630d83221f2
2023-03-28 05:33:28,True,3.269e-05,1.061e-08,23559600.0,2.49998,0xfa...5069,https://bscscan.com/tx/0xa7b284b7cbb7470b4c9eba906b8c9b18c861df821243f9db11e82bc54112aa6e
2023-03-28 05:30:34,False,3.279e-05,1.055e-08,1256116.0,0.1325,0xed...83d5,https://bscscan.com/tx/0xbee543e15b7dfd8f919e63e7da173bdf9ef81f6e04ed6c69783dbda8f81bdf13
2023-03-28 05:30:34,False,3.279e-05,1.055e-08,11911.6,0.0012,0xed...83d5,https://bscscan.com/tx/0xbee543e15b7dfd8f919e63e7da173bdf9ef81f6e04ed6c69783dbda8f81bdf13
2023-03-28 05:28:52,True,3.296e-05,1.06e-08,566258.0,0.06,0xd6...621e,https://bscscan.com/tx/0x2ab3bc9eb89a7fc372e998298168a23c38836a5479a6f4b57cd416f9daec1aa0
2023-03-28 05:24:49,False,3.279e-05,1.055e-08,3833905.0,0.4047,0xb9...e214,https://bscscan.com/tx/0x8b34a6d00742f3515196d4b9ec74b551d79da773da029da4da443422cc045a14
2023-03-28 05:24:49,False,3.279e-05,1.055e-08,661.437,6.982e-06,0xb9...e214,https://bscscan.com/tx/0x8b34a6d00742f3515196d4b9ec74b551d79da773da029da4da443422cc045a14
2023-03-28 05:24:28,False,3.263e-05,1.055e-08,244242.0,0.0257,0x2e...f345,https://bscscan.com/tx/0x802a300a66bc82b630fa3b60eb92c590c6d97c2771e299173fe1b809887e206b
2023-03-28 05:24:28,False,3.263e-05,1.055e-08,224087.0,0.0236,0x2e...f345,https://bscscan.com/tx/0x802a300a66bc82b630fa3b60eb92c590c6d97c2771e299173fe1b809887e206b
2023-03-28 05:23:01,True,3.296e-05,1.06e-08,282764.0,0.03,0xcf...d44b,https://bscscan.com/tx/0xe1c463909092ef002a36821d1b866250ec1b0df23a202a6f81b211c71215567a
2023-03-28 05:22:13,True,3.279e-05,1.06e-08,441493.0,0.0468,0x25...8b90,https://bscscan.com/tx/0xeaf477dae3730bf03f1abab30b893f4322a0c1ba10629ee02f5d2969a0ad62bd
2023-03-28 05:20:10,False,3.283e-05,1.056e-08,82024025.0,8.66732,0x9a...e00b,https://bscscan.com/tx/0xb8305e78bc493801fc8f8fed4ce22fac14c28848b1eedf09c2a6c98ec3f45d3e
2023-03-28 05:20:10,False,3.287e-05,1.057e-08,9204.79,9.736e-05,0x9a...e00b,https://bscscan.com/tx/0xb8305e78bc493801fc8f8fed4ce22fac14c28848b1eedf09c2a6c98ec3f45d3e
2023-03-28 05:18:31,True,3.303e-05,1.063e-08,122000.0,0.0129,0x45...c173,https://bscscan.com/tx/0xfd012c26e360592314cb53bc01e08f85c56997a031fa4eda4520f3e0c7ed48e1
2023-03-28 05:16:26,False,3.287e-05,1.057e-08,3277319.0,0.3466,0x44...b129,https://bscscan.com/tx/0xb19f028af891b759d991b31654bd2efa06cddf90cce05b8fc1230ee88157474e
2023-03-28 05:16:26,False,3.287e-05,1.057e-08,40500.0,0.0042,0x44...b129,https://bscscan.com/tx/0xb19f028af891b759d991b31654bd2efa06cddf90cce05b8fc1230ee88157474e
2023-03-28 05:15:13,False,3.271e-05,1.057e-08,14955000.0,1.58222,0x9c...88ab,https://bscscan.com/tx/0x685464c2c6d21ebe4299fe31657f2f218875af8904282931fb474ec040f4c270
2023-03-28 05:15:13,False,3.272e-05,1.058e-08,341822.0,0.0361,0x9c...88ab,https://bscscan.com/tx/0x685464c2c6d21ebe4299fe31657f2f218875af8904282931fb474ec040f4c270
2023-03-28 05:10:53,True,3.289e-05,1.063e-08,4066322.0,0.4324,0x98...304f,https://bscscan.com/tx/0x046f8ef392e65375f7bbed5265bee59f957e15ab8687fda615b8e527f53ba600
2023-03-28 05:10:32,True,3.289e-05,1.063e-08,1423332.0,0.1513,0xa6...2c68,https://bscscan.com/tx/0x6a29ce9d8e74761b95e359aaac9df20bb5589dd2b5373cd43ea31fe8f9ef476c
2023-03-28 05:09:44,True,3.305e-05,1.063e-08,4094280.0,0.4353,0x45...3f2f,https://bscscan.com/tx/0xf888aaccd84dc122717816b9a62c53b92533cde11b65825c2075b32ac3c7e8d8
2023-03-28 05:08:35,True,3.304e-05,1.062e-08,30264567.0,3.21672,0xab...e688,https://bscscan.com/tx/0xf12258db104081773b020a990f26e52b24e20145948c90de31deab4ea0c37011
2023-03-28 05:06:02,True,3.302e-05,1.062e-08,4689793.0,0.4982,0xfa...ce4c,https://bscscan.com/tx/0x5c55fceedc5fe35a83cc58315b4b58d8ccb3a0fefd4b6c677538e3a1afabbead
2023-03-28 05:05:08,True,3.302e-05,1.062e-08,1051700.0,0.1117,0x63...01df,https://bscscan.com/tx/0xf50cfd843a15ef330dcb3601f6b4d2f892c70674db52438534155f859647c93f
2023-03-28 05:01:44,True,3.288e-05,1.062e-08,37038.5,0.0039,0x01...fcd3,https://bscscan.com/tx/0xf0b2204f7c90d90e4e3cab983f38714e98d0b56bf4e0a8208ab2aea3d44321ef
2023-03-28 04:58:44,True,3.302e-05,1.061e-08,75789818.0,8.04407,0x0c...fcc1,https://bscscan.com/tx/0x28f9f54fa2f485fee4fc821a52ea1ae4ef8f997271739d69bc321242974a2e65
2023-03-28 04:57:05,True,3.299e-05,1.06e-08,226681.0,0.024,0xf7...6128,https://bscscan.com/tx/0xc895be103c99d818dc989f870a7a1c22b7fe7fd369c17b8f3eda9354914767f6
2023-03-28 04:53:20,False,3.266e-05,1.055e-08,94943.0,0.01,0xe3...f39b,https://bscscan.com/tx/0xb47ef6141c7bc090407d03d6ad15c12d8253d8367c40325b8ca897a952028b9a
2023-03-28 04:53:20,False,3.266e-05,1.055e-08,27000.0,0.0028,0xe3...f39b,https://bscscan.com/tx/0xb47ef6141c7bc090407d03d6ad15c12d8253d8367c40325b8ca897a952028b9a
2023-03-28 04:53:20,False,3.267e-05,1.055e-08,9970000.0,1.05206,0x60...46d6,https://bscscan.com/tx/0xa09fca49225b240bc5b229d5273e5b9b11f59248d165b5c9d36b182a58ae4151
2023-03-28 04:53:20,False,3.267e-05,1.055e-08,1050.0,1.108e-05,0x60...46d6,https://bscscan.com/tx/0xa09fca49225b240bc5b229d5273e5b9b11f59248d165b5c9d36b182a58ae4151
2023-03-28 04:52:17,False,3.267e-05,1.055e-08,387722.0,0.0409,0xcc...72fe,https://bscscan.com/tx/0x606c1329371c51cb3ec1c8bd739d11262ebd83b9edf5f03e08ce7c02d94538c6
2023-03-28 04:52:17,False,3.267e-05,1.055e-08,37208.3,0.0039,0xcc...72fe,https://bscscan.com/tx/0x606c1329371c51cb3ec1c8bd739d11262ebd83b9edf5f03e08ce7c02d94538c6
2023-03-28 04:47:56,True,3.283e-05,1.06e-08,420115.0,0.0445,0xf7...6128,https://bscscan.com/tx/0x3d68d0d23880f02883ef49dc87dfbaf156552668c98ae691f3f8b10e6f0b0437
2023-03-28 04:46:50,True,3.3e-05,1.06e-08,564101.0,0.0598,0xd9...f745,https://bscscan.com/tx/0xf6731f4b349339eda453597f934a0b983166756e1fb5816eba5c8ed3d842a5da
2023-03-28 04:45:26,False,3.267e-05,1.055e-08,12758251.0,1.34664,0xae...1b84,https://bscscan.com/tx/0xeec8c05972d977da916eaae55091c48893c4325678162be9b6a7661a0b0ad152
2023-03-28 04:45:26,False,3.268e-05,1.055e-08,20082.0,0.0021,0xae...1b84,https://bscscan.com/tx/0xeec8c05972d977da916eaae55091c48893c4325678162be9b6a7661a0b0ad152
2023-03-28 04:41:44,True,3.302e-05,1.06e-08,2827718.0,0.3,0x9a...bbe0,https://bscscan.com/tx/0xddf20413841c6a58d76b22ea6c60456c2a6959c334c92781e0ae922ec3a89f2c
2023-03-28 04:40:47,False,3.286e-05,1.055e-08,4596242.0,0.4852,0xaa...51d0,https://bscscan.com/tx/0x0ba95a6987500667378e91c417086847c1ead1b6c0d6c838518cb3cf7203292e
2023-03-28 04:40:47,False,3.286e-05,1.055e-08,1743.85,1.841e-05,0xaa...51d0,https://bscscan.com/tx/0x0ba95a6987500667378e91c417086847c1ead1b6c0d6c838518cb3cf7203292e
2023-03-28 04:37:08,False,3.286e-05,1.055e-08,643934.0,0.0679,0x5f...1357,https://bscscan.com/tx/0x05598ce1257c41d210a68a969fe2da0373d7bffb5f9c14ba6b4016f298059c2d
2023-03-28 04:37:08,False,3.286e-05,1.055e-08,2700.0,2.85e-05,0x5f...1357,https://bscscan.com/tx/0x05598ce1257c41d210a68a969fe2da0373d7bffb5f9c14ba6b4016f298059c2d
2023-03-28 04:35:56,False,3.286e-05,1.055e-08,997000.0,0.1052,0xdb...f067,https://bscscan.com/tx/0x0676c65f026a7272e07eb9de930153aa4b4f57ccf3c2fd1020dccd042b426eb0
2023-03-28 04:35:56,False,3.286e-05,1.055e-08,8752.0,9.239e-05,0xdb...f067,https://bscscan.com/tx/0x0676c65f026a7272e07eb9de930153aa4b4f57ccf3c2fd1020dccd042b426eb0
2023-03-28 04:34:17,False,3.286e-05,1.055e-08,3231758.0,0.3412,0x06...9a93,https://bscscan.com/tx/0xdeee30bd795a53cd28749a2cce48dcdea971703337309d61c0fb56982984e262
2023-03-28 04:34:17,False,3.286e-05,1.055e-08,1111.9,1.173e-05,0x06...9a93,https://bscscan.com/tx/0xdeee30bd795a53cd28749a2cce48dcdea971703337309d61c0fb56982984e262
2023-03-28 04:33:23,True,3.303e-05,1.061e-08,129095.0,0.0137,0x63...c71c,https://bscscan.com/tx/0xf937024d3cf3a01ae060b4db8c5091f54cb7f1e06cb8b39ab769500397efd9bd
2023-03-28 04:32:11,True,3.303e-05,1.061e-08,282719.0,0.03,0x5d...0e2c,https://bscscan.com/tx/0xbc45a98c97fc7ecf16618f1062d173b97d495347dfb07dd11a59e0887cdca54e
2023-03-28 04:31:20,False,3.288e-05,1.055e-08,7302149.0,0.771,0xdd...2b56,https://bscscan.com/tx/0x63e5448349b57afe1b599e989db5d9b8bc084cb036d5c058fd9ce8b916ebfaa9
2023-03-28 04:31:20,False,3.288e-05,1.056e-08,4691.59,4.954e-05,0xdd...2b56,https://bscscan.com/tx/0x63e5448349b57afe1b599e989db5d9b8bc084cb036d5c058fd9ce8b916ebfaa9
2023-03-28 04:31:17,True,3.304e-05,1.061e-08,565345.0,0.06,0x72...833e,https://bscscan.com/tx/0x0d6703ea6df9336a40fd9da7206116420968c9b217684373dd95012d80d88db4
2023-03-28 04:28:50,True,3.307e-05,1.061e-08,774289.0,0.0821,0xf7...6128,https://bscscan.com/tx/0xf32faa014d78e3d424870353112739c28262e4c4f8316bb6d5255112a7d327d5
2023-03-28 04:28:08,False,3.29e-05,1.055e-08,396799.0,0.0419,0x0b...2d3e,https://bscscan.com/tx/0xc290f71f42aab9139ab5cac72742d8e24ca25cf729ded1395b1e0e42b350977f
2023-03-28 04:28:08,False,3.29e-05,1.055e-08,67946.2,0.0071,0x0b...2d3e,https://bscscan.com/tx/0xc290f71f42aab9139ab5cac72742d8e24ca25cf729ded1395b1e0e42b350977f
2023-03-28 04:25:23,True,3.292e-05,1.061e-08,19345547.0,2.05263,0x01...fd96,https://bscscan.com/tx/0x9940f3c89b207aac289fb89d98daafcff0d96a031e561ac97c1c15558943e762
2023-03-28 04:23:20,True,3.293e-05,1.06e-08,2578651.0,0.2735,0x1e...98c5,https://bscscan.com/tx/0x7ac8cc6749ea1aeb52b66728609c24c8dd9a2a615b6cbfb9d6f6d053dc3f9ff8
2023-03-28 04:22:05,True,3.309e-05,1.06e-08,3044397.0,0.3229,0x0c...7914,https://bscscan.com/tx/0x2a6da8f5837278331dd4016116a6901817ad2f69d5062d2fe8f19d94072580d0
2023-03-28 04:21:14,False,3.276e-05,1.055e-08,196074.0,0.0206,0x71...28f3,https://bscscan.com/tx/0x32e6f44709442f431474d842789072e8ed506972965a8f43086a06ff67109c96
2023-03-28 04:21:14,False,3.276e-05,1.055e-08,81294.1,0.0085,0x71...28f3,https://bscscan.com/tx/0x32e6f44709442f431474d842789072e8ed506972965a8f43086a06ff67109c96
2023-03-28 04:20:53,True,3.309e-05,1.06e-08,2519749.0,0.2672,0x0d...1e02,https://bscscan.com/tx/0x0c4eb79d49fbf77a0cc5b8a6ccbb993248c833f8c1583ab6fedacecf5682c5a6
2023-03-28 04:15:11,True,3.291e-05,1.06e-08,27034383.0,2.86631,0xab...e688,https://bscscan.com/tx/0x15d4d30b57cae53c4b3a1f7ec4ee037dbdae65bf0c77fe4a61777343856f1978
2023-03-28 04:14:29,True,3.306e-05,1.059e-08,122653.0,0.013,0x6f...60de,https://bscscan.com/tx/0x5cbaac6181ed64019aa0c96b4150da1930e077a3591e14b4d536792d426c685d
2023-03-28 04:14:26,True,3.306e-05,1.059e-08,392149.0,0.0415,0xf7...6128,https://bscscan.com/tx/0xd64c208cdb5fbd15b5ce7a6a508684d932be43874f9e1fb619dcb7fcabb16788
2023-03-28 04:13:35,True,3.29e-05,1.059e-08,40000.0,0.0042,0xf4...e191,https://bscscan.com/tx/0x8eb679bcb942064418ad6bbca473276d6e977a47d8a5c2404ac4e0ccb4461840
2023-03-28 04:10:20,False,3.274e-05,1.054e-08,5863230.0,0.6183,0xdc...c6dd,https://bscscan.com/tx/0x8787a9a66a083eb6ce418c21ed00ea64f36cb339bc2442506397a3b0c97d7275
2023-03-28 04:10:20,False,3.274e-05,1.054e-08,945040.0,0.0996,0xdc...c6dd,https://bscscan.com/tx/0x8787a9a66a083eb6ce418c21ed00ea64f36cb339bc2442506397a3b0c97d7275
2023-03-28 04:09:44,True,3.282e-05,1.057e-08,213688162.0,22.5943,0x62...413b,https://bscscan.com/tx/0xc044cb58ffc006834bdd0b74d73f10a6dbfe74b2e3ac9e3669b5f3a3857df558
2023-03-28 04:09:38,True,3.271e-05,1.053e-08,53484169.0,5.6371,0xfe...5ad3,https://bscscan.com/tx/0xda27d281dd7f259c7733b2e18a345ef340bdc4c093d85b4b08bbdfeb83daed36
2023-03-28 04:09:35,True,3.269e-05,1.053e-08,19769025.0,2.08179,0xcc...0331,https://bscscan.com/tx/0x2e6abca710148c22e561f077a0b5fc5a6d44bb9c097c0b8788275fb23fa7a010
2023-03-28 04:09:14,True,3.267e-05,1.052e-08,30558166.0,3.21601,0xc1...f4fe,https://bscscan.com/tx/0x8e83b992507bf56614b397d473cb8d0310abe8121cfbee02c3635ae91375bb29
2023-03-28 04:08:08,True,3.281e-05,1.051e-08,12439935.0,1.30853,0x4f...7095,https://bscscan.com/tx/0x1420f518bbf265935e0b4202e5c828a60252c7e0bd6b40f0b9adf560bdd3ff17
2023-03-28 04:07:47,True,3.28e-05,1.051e-08,19805651.0,2.08252,0xcc...0331,https://bscscan.com/tx/0x34a0615df2ed8edb1032fb3b3350037b6906ae9a32b001ce71b181dcc4b8cd26
2023-03-28 04:06:50,False,3.263e-05,1.045e-08,268967.0,0.0281,0x6c...233e,https://bscscan.com/tx/0xa93c88090b694cfbfc22fa6b7d149f2bbd002c167f3d53895d7c634e7c2fd856
2023-03-28 04:06:50,False,3.263e-05,1.045e-08,358837.0,0.0375,0x6c...233e,https://bscscan.com/tx/0xa93c88090b694cfbfc22fa6b7d149f2bbd002c167f3d53895d7c634e7c2fd856
2023-03-28 04:06:08,True,3.263e-05,1.051e-08,593651.0,0.0624,0xf4...e191,https://bscscan.com/tx/0xa741285b88e7605b1b1405adee9e3ed48e28e9ef8ba716cd65e0f5c409cf5e68
2023-03-28 04:05:32,True,3.263e-05,1.05e-08,18298557.0,1.92318,0x9c...ed68,https://bscscan.com/tx/0xd5e2486be57831d7c70a821b13c8f4db091028faa6db47aa39603552a4e650b9
2023-03-28 04:03:41,True,3.263e-05,1.05e-08,5793353.0,0.6087,0x13...521c,https://bscscan.com/tx/0xf306a63ef17f3264cacad7604d97619d0d52f58478f8dc9899fc688a6f44c514
2023-03-28 04:03:38,True,3.261e-05,1.05e-08,30601415.0,3.21388,0xc1...f4fe,https://bscscan.com/tx/0x1db5ab4d15c9f0c17d934148230d7e91fd94e199af3b31548d3281177217a066
2023-03-28 04:03:35,True,3.26e-05,1.049e-08,904895.0,0.095,0x31...1a46,https://bscscan.com/tx/0x5ae9267c664aeb531ac8e3efe0db4b86db80fc89913ddfc62e317c7067cdf43c
2023-03-28 04:03:23,True,3.275e-05,1.049e-08,30091469.0,3.15797,0x20...946b,https://bscscan.com/tx/0x28ce1d41750f017fdc71010242ec638c63fe76bc700cd18b3cbb09cf17f4315f
2023-03-28 04:02:56,True,3.274e-05,1.049e-08,101848.0,0.0106,0x23...a6ec,https://bscscan.com/tx/0xb21f4d3bf84e0b7047d0bc3d190534f219068add8b8c03da8b5d4aa01c19a157
2023-03-28 04:01:32,True,3.258e-05,1.049e-08,250000.0,0.0262,0x23...a6ec,https://bscscan.com/tx/0x5f4ee918bdb2a1c130bce9f446aff30423bfddae37a6b32a09f4d8e69cd2aae9
2023-03-28 03:59:47,True,3.258e-05,1.049e-08,250000.0,0.0262,0x23...a6ec,https://bscscan.com/tx/0xe0e4f9a43dcb8643866938037009b1ad621a8d4bcf284d104d2ca0889e1089cb
2023-03-28 03:58:02,True,3.257e-05,1.048e-08,30630301.0,3.21214,0xc1...f4fe,https://bscscan.com/tx/0x6e3ea9d8a7503ed6fdfcbf32535192466f3d2534d3f4d8db8b705d73d7c751b6
2023-03-28 03:57:41,False,3.257e-05,1.043e-08,15094132.0,1.5747,0x17...4266,https://bscscan.com/tx/0xfe7f3fd40f5ae53428d9a2abd47e2715f778272a2971f27b4eae40114a4aa186
2023-03-28 03:57:41,False,3.257e-05,1.043e-08,40893.4,0.0042,0x17...4266,https://bscscan.com/tx/0xfe7f3fd40f5ae53428d9a2abd47e2715f778272a2971f27b4eae40114a4aa186
2023-03-28 03:56:53,False,3.242e-05,1.043e-08,15100253.0,1.5759,0x17...4266,https://bscscan.com/tx/0x9c1ae0c27792744ab87843b8777715d5e155790702fc75aab5e89eaedc82f7cc
2023-03-28 03:56:53,False,3.242e-05,1.043e-08,55014.5,0.0057,0x17...4266,https://bscscan.com/tx/0x9c1ae0c27792744ab87843b8777715d5e155790702fc75aab5e89eaedc82f7cc
2023-03-28 03:55:14,True,3.258e-05,1.048e-08,5190000.0,0.5444,0x2c...2300,https://bscscan.com/tx/0x0fdd2231345ca4f3b5698b44d44875c581a1133358bce376b07ea6ba6bea68b3
2023-03-28 03:55:11,False,3.242e-05,1.043e-08,15140177.0,1.58045,0x17...4266,https://bscscan.com/tx/0x477e7f3a187057c133970b309191a862636f65d3bf82e5a9ba63fcd551398fc4
2023-03-28 03:55:11,False,3.243e-05,1.044e-08,40975.8,0.0042,0x17...4266,https://bscscan.com/tx/0x477e7f3a187057c133970b309191a862636f65d3bf82e5a9ba63fcd551398fc4
2023-03-28 03:54:44,False,3.243e-05,1.044e-08,15130710.0,1.58003,0x17...4266,https://bscscan.com/tx/0x896a8bb21b7ac9c3b2dc05d79e58fa21a778dcf1929ba543cd140ebbc8ab78fa
2023-03-28 03:54:44,False,3.244e-05,1.044e-08,40968.9,0.0042,0x17...4266,https://bscscan.com/tx/0x896a8bb21b7ac9c3b2dc05d79e58fa21a778dcf1929ba543cd140ebbc8ab78fa
2023-03-28 03:54:29,False,3.245e-05,1.044e-08,15128131.0,1.58033,0x9f...d87c,https://bscscan.com/tx/0x5e0ef81d69250e32cc79a4cc9c076cfb9f74b86e24cf0e7ffdb8629870e196ba
2023-03-28 03:54:29,False,3.245e-05,1.044e-08,40930.2,0.0042,0x9f...d87c,https://bscscan.com/tx/0x5e0ef81d69250e32cc79a4cc9c076cfb9f74b86e24cf0e7ffdb8629870e196ba
2023-03-28 03:53:50,False,3.246e-05,1.045e-08,15113848.0,1.57941,0x9f...d87c,https://bscscan.com/tx/0xa2f0dddf9e0f76f7317eeed0d4cb28f0392ef7fb25cefccc76976cb03e8ca37c
2023-03-28 03:53:50,False,3.246e-05,1.045e-08,52369.4,0.0054,0x9f...d87c,https://bscscan.com/tx/0xa2f0dddf9e0f76f7317eeed0d4cb28f0392ef7fb25cefccc76976cb03e8ca37c
2023-03-28 03:52:35,False,3.247e-05,1.045e-08,19337892.0,2.02165,0xf0...1684,https://bscscan.com/tx/0x04c01ecfdcbc3733772e6bbceb961b70d66aa090255c057c9d2e091454aa6187
2023-03-28 03:52:35,False,3.248e-05,1.045e-08,104739.0,0.0109,0xf0...1684,https://bscscan.com/tx/0x04c01ecfdcbc3733772e6bbceb961b70d66aa090255c057c9d2e091454aa6187
2023-03-28 03:52:35,False,3.249e-05,1.046e-08,38675785.0,4.04611,0xf0...1684,https://bscscan.com/tx/0x04c01ecfdcbc3733772e6bbceb961b70d66aa090255c057c9d2e091454aa6187
2023-03-28 03:52:35,False,3.251e-05,1.046e-08,366586.0,0.0383,0xf0...1684,https://bscscan.com/tx/0x04c01ecfdcbc3733772e6bbceb961b70d66aa090255c057c9d2e091454aa6187
2023-03-28 03:52:35,False,3.256e-05,1.048e-08,135365247.0,14.191,0xf0...1684,https://bscscan.com/tx/0x04c01ecfdcbc3733772e6bbceb961b70d66aa090255c057c9d2e091454aa6187
2023-03-28 03:52:35,False,3.261e-05,1.05e-08,87212.4,0.0091,0xf0...1684,https://bscscan.com/tx/0x04c01ecfdcbc3733772e6bbceb961b70d66aa090255c057c9d2e091454aa6187
2023-03-28 03:49:56,True,3.295e-05,1.055e-08,3857012.0,0.407,0xb9...e214,https://bscscan.com/tx/0x4d400fca5a7d362a0022d7de3830bffbed67242a56d7d03b45daea190b7da01e
2023-03-28 03:49:56,True,3.295e-05,1.055e-08,1259962.0,0.1329,0x0d...1e02,https://bscscan.com/tx/0xc538e97c1b287f08c08ee2f7eb09c6ae5a779a319774dc215976153b73793e10
2023-03-28 03:47:14,True,3.294e-05,1.055e-08,5102514.0,0.5383,0x6b...9f5d,https://bscscan.com/tx/0xd36282602f5fce49bd3f86191fbfa028c8bd3136963f9698b5c7916fba8d3c79
2023-03-28 03:47:11,True,3.294e-05,1.054e-08,5102144.0,0.5382,0x6b...9f5d,https://bscscan.com/tx/0xa7093427d24eed077d8f1dfb04796a8c7262c27ee4ca0a01a9f6ec235718ce55
2023-03-28 03:47:11,True,3.294e-05,1.054e-08,5091200.0,0.537,0x6b...9f5d,https://bscscan.com/tx/0xbb1050db11e4fec5c9511e094747639c6533793c6b108a6fd870c2e3a5c367fa
2023-03-28 03:47:08,True,3.293e-05,1.054e-08,5500000.0,0.5801,0x2c...2300,https://bscscan.com/tx/0xbeb27abcd6bac1bed071b98ff6102e1ca69a0a70e9ffa5b5b11019923329582e
2023-03-28 03:46:14,False,3.261e-05,1.049e-08,6368889.0,0.6683,0x33...eb24,https://bscscan.com/tx/0xb1328adfd508d8a08a72a7ea2a63e317df29dfe428d2faa9956c219ea078d6b9
2023-03-28 03:46:14,False,3.261e-05,1.049e-08,1675.43,1.758e-05,0x33...eb24,https://bscscan.com/tx/0xb1328adfd508d8a08a72a7ea2a63e317df29dfe428d2faa9956c219ea078d6b9
2023-03-28 03:42:26,False,3.261e-05,1.049e-08,618670.0,0.0649,0x29...af43,https://bscscan.com/tx/0xef1982e03b23960e9ac94a334b7293ace9a27d410e3be68fda0be076a9a968a7
2023-03-28 03:42:26,False,3.261e-05,1.049e-08,1314.88,1.38e-05,0x29...af43,https://bscscan.com/tx/0xef1982e03b23960e9ac94a334b7293ace9a27d410e3be68fda0be076a9a968a7
2023-03-28 03:41:11,False,3.278e-05,1.049e-08,485533.0,0.0509,0x77...cfb6,https://bscscan.com/tx/0xd3193d59105cef974a5c0bf88dafeb04e598b9b604710819acc25b3e26b87e5b
2023-03-28 03:41:11,False,3.278e-05,1.049e-08,2182.27,2.29e-05,0x77...cfb6,https://bscscan.com/tx/0xd3193d59105cef974a5c0bf88dafeb04e598b9b604710819acc25b3e26b87e5b
2023-03-28 03:38:50,True,3.276e-05,1.054e-08,213302.0,0.0225,0xda...8822,https://bscscan.com/tx/0x81f86047cad21ceef2f3b4cd075f9cd58a3218314a535b000924d4e38af0aead
2023-03-28 03:37:08,False,3.263e-05,1.049e-08,593160.0,0.0622,0x6b...7e40,https://bscscan.com/tx/0x34d7a6dabdada49dc1371e6f4753ba6cb5001e69f823aff3cc001320ce8f4af9
2023-03-28 03:37:08,False,3.263e-05,1.049e-08,726613.0,0.0762,0x6b...7e40,https://bscscan.com/tx/0x34d7a6dabdada49dc1371e6f4753ba6cb5001e69f823aff3cc001320ce8f4af9
2023-03-28 03:35:44,True,3.275e-05,1.054e-08,5004243.0,0.5278,0x6b...9f5d,https://bscscan.com/tx/0x449990d67ba251bfdc8fb4b4ffdaba7883d0b0a4791db9ef7203c9107534ec5b
2023-03-28 03:35:38,True,3.274e-05,1.054e-08,5133508.0,0.5414,0x6b...9f5d,https://bscscan.com/tx/0xc60eb6a4dc2fdd2301b2f8aafe83ce6b5ef4e7f28bf653a1c1153d53201b6806
2023-03-28 03:35:38,True,3.274e-05,1.054e-08,5165494.0,0.5447,0x6b...9f5d,https://bscscan.com/tx/0x235bc8b69fb89c075c2281eea5c815a6c78bcae7992a930a1c5e463822c57fdf
2023-03-28 03:35:35,True,3.271e-05,1.053e-08,53433027.0,5.63083,0xfe...5ad3,https://bscscan.com/tx/0xea5b3ec325d0395d58e3eb9f8b113b2e1db7779611c79936f0f345c18a4428be
2023-03-28 03:35:32,True,3.268e-05,1.053e-08,5091316.0,0.5361,0x6b...9f5d,https://bscscan.com/tx/0x2c311146960637891c3140dbed2521828ba9e249c2958c6792fc24151194e574
2023-03-28 03:35:29,True,3.268e-05,1.052e-08,5072064.0,0.534,0x6b...9f5d,https://bscscan.com/tx/0x20665f3b486fa582f9ddfd95e621a9b05f3c62e02ff78eabe4cb8ae7b2d796d5
2023-03-28 03:35:23,True,3.267e-05,1.052e-08,5038628.0,0.5304,0x6b...9f5d,https://bscscan.com/tx/0x101284e1ef1a336cef9765e8de301679288defd4088e4163a24706fa803612ef
2023-03-28 03:35:20,True,3.267e-05,1.052e-08,5177559.0,0.545,0x6b...9f5d,https://bscscan.com/tx/0x36331f94c9fd116411af46a7973ed186fc5c7a50e65d50fb8acb9b727c4a62a5
2023-03-28 03:35:14,False,3.258e-05,1.049e-08,179460000.0,18.8364,0x23...8f02,https://bscscan.com/tx/0xaee60a0cd8280ed5c7e087ce009bb41d5e7f16874c36c641e4d28bc76b1b999e
2023-03-28 03:35:14,False,3.265e-05,1.051e-08,121747.0,0.0128,0x23...8f02,https://bscscan.com/tx/0xaee60a0cd8280ed5c7e087ce009bb41d5e7f16874c36c641e4d28bc76b1b999e
2023-03-28 03:33:35,True,3.262e-05,1.057e-08,189189.0,0.02,0x49...00c8,https://bscscan.com/tx/0xe48190af7c410188e1f9647c6d03ecd2cc293282d2d4efc40d3d258872f73c21
2023-03-28 03:31:26,True,3.26e-05,1.056e-08,21190010.0,2.23952,0xc6...c94e,https://bscscan.com/tx/0x9099fb92f19543ebbef35f9a1599a76824bea5bdd250326d3a29dfd6eec7fb92
2023-03-28 03:29:14,False,3.243e-05,1.051e-08,3701169.0,0.3891,0x32...3e53,https://bscscan.com/tx/0xd05a42b59042bcc019ea5cc3788ab96a2f35bff16157f64f1ae36e2aecff1255
2023-03-28 03:29:14,False,3.243e-05,1.051e-08,68067.0,0.0071,0x32...3e53,https://bscscan.com/tx/0xd05a42b59042bcc019ea5cc3788ab96a2f35bff16157f64f1ae36e2aecff1255
2023-03-28 03:29:05,True,3.259e-05,1.056e-08,1534659.0,0.1621,0xe2...110e,https://bscscan.com/tx/0xb1af2ef81381d0b16702fbe7970918662293a6cf1d082478ec8528dddaabf789
2023-03-28 03:29:02,False,3.26e-05,1.051e-08,23604305.0,2.48242,0x2a...f8b7,https://bscscan.com/tx/0x1db4f432c7ce1edb06fa263169f01c42b791aeeb94d8580bc23f604d251886e3
2023-03-28 03:29:02,False,3.261e-05,1.051e-08,23637.3,0.0024,0x2a...f8b7,https://bscscan.com/tx/0x1db4f432c7ce1edb06fa263169f01c42b791aeeb94d8580bc23f604d251886e3
2023-03-28 03:28:05,True,3.261e-05,1.057e-08,1078942.0,0.114,0xa4...eeaa,https://bscscan.com/tx/0xe41d3f0cfe1b0523d6794dafc5c73e7cd5b083035b63d0524617f23a5150f9b0
2023-03-28 03:27:14,False,3.26e-05,1.052e-08,7652585.0,0.805,0xef...0dfe,https://bscscan.com/tx/0x2d7484c602f91c4af3623b816daa82b6b2c204e202dd0b53105caab00ba50651
2023-03-28 03:27:14,False,3.261e-05,1.052e-08,352941.0,0.0371,0xef...0dfe,https://bscscan.com/tx/0x2d7484c602f91c4af3623b816daa82b6b2c204e202dd0b53105caab00ba50651
2023-03-28 03:20:37,True,3.276e-05,1.057e-08,3814633.0,0.4033,0x22...e3eb,https://bscscan.com/tx/0x78b7d159fd97c2ae4350ebbefe66533103f301ddc2d425bd6d5594de0439894b
2023-03-28 03:17:10,True,3.259e-05,1.057e-08,25580353.0,2.70387,0xbc...0072,https://bscscan.com/tx/0xeb9b7afcdeb498005746c1cff0e23b5f226d905cffdff1d30ad923dda2b9fdc2
2023-03-28 03:16:25,True,3.274e-05,1.056e-08,1068057.0,0.1128,0xdb...9370,https://bscscan.com/tx/0xfc607e46a422b55da322a5cfb83f77cb79ef2559be27e3c6008abe803202de8f
2023-03-28 03:16:22,True,3.274e-05,1.056e-08,400000.0,0.0422,0x38...c325,https://bscscan.com/tx/0xc5fc4bb62972d0d81713a416bd9f54273cf69fdd1b75e23936b14400dffb08b1
2023-03-28 03:14:13,True,3.274e-05,1.056e-08,5041064.0,0.5326,0xfa...a163,https://bscscan.com/tx/0x666f8cc1195c6cde1d1f44a5a36daa8c8461768b6349c0e38a483f0a687b1e0d
2023-03-28 03:12:10,True,3.273e-05,1.056e-08,304630.0,0.0321,0xa1...1328,https://bscscan.com/tx/0x03d0a63aa4bb062c4f669b58211e8d2952a18968210ed91c56d93b120a07b9a5
2023-03-28 03:10:31,True,3.255e-05,1.056e-08,14566059.0,1.53866,0x4c...9e4b,https://bscscan.com/tx/0xde9465112e7470345ff16fff76dba2efb9e1cb8fcee0248cc9d4cc3922442337
2023-03-28 03:10:07,True,3.254e-05,1.056e-08,66278.6,0.007,0x99...1583,https://bscscan.com/tx/0x976c4740a3d0fd1b033d2ab031a6bd72775fa628b2f6348f86b816faf40b4efd
2023-03-28 03:09:52,True,3.271e-05,1.056e-08,400000.0,0.0422,0x9a...9ee8,https://bscscan.com/tx/0xc5ed3aea4ab2e70072da4f8b3d191aa50810f94a6e3fb6cbbd86211c7a5a565f
2023-03-28 03:05:37,True,3.257e-05,1.056e-08,85216.3,0.009,0x5a...72e9,https://bscscan.com/tx/0x82bb12503b78646a07aa78b79da6c71835402ce4f6d8cd19319af67e639a92d1
2023-03-28 03:05:34,False,3.26e-05,1.051e-08,79154596.0,8.32592,0xed...6884,https://bscscan.com/tx/0x2796ca11f7ac0d52d919e9b858c1d7193701ebabf3059a3056da6e4b496b69e6
2023-03-28 03:05:34,False,3.263e-05,1.052e-08,101659.0,0.0107,0xed...6884,https://bscscan.com/tx/0x2796ca11f7ac0d52d919e9b858c1d7193701ebabf3059a3056da6e4b496b69e6
2023-03-28 03:04:01,True,3.264e-05,1.058e-08,141759.0,0.015,0x06...e2a8,https://bscscan.com/tx/0x2b38d0dcac8582a44563e6c0cba39bd6287d243ca8445e6a0ff53391f0c618bd
2023-03-28 03:02:37,True,3.281e-05,1.057e-08,23633235.0,2.5,0x81...2de8,https://bscscan.com/tx/0xdeff8f0450078c2c0b30fb12ed878fc11abcf48fb23ee1524ade8ade7d780d8d
2023-03-28 02:56:28,True,3.272e-05,1.057e-08,7600910.0,0.8037,0xb7...7873,https://bscscan.com/tx/0x110b45173e1684142f3667a177b0638147357efab517ea30d795f4d8fec55c46
2023-03-28 02:54:52,False,3.256e-05,1.052e-08,6256899.0,0.6583,0x05...7066,https://bscscan.com/tx/0xabc6739733e2a22e6b7eea444c1bfc4a4016b32915995632cf04b6f7d6a1d24c
2023-03-28 02:54:52,False,3.256e-05,1.052e-08,56798.0,0.0059,0x05...7066,https://bscscan.com/tx/0xabc6739733e2a22e6b7eea444c1bfc4a4016b32915995632cf04b6f7d6a1d24c
2023-03-28 02:54:07,True,3.273e-05,1.057e-08,394160.0,0.0416,0xd3...b38b,https://bscscan.com/tx/0x7e00283c0c43742488560ee0c814fa5ca5c95315a900bd8f8a6e7fc3b0a19da1
2023-03-28 02:52:49,False,3.278e-05,1.052e-08,20580210.0,2.166,0x05...7066,https://bscscan.com/tx/0xe4411140a42445ccc2a5cc56d24f12c1e551356154e19369f1dabc0b87e26ed2
2023-03-28 02:52:49,False,3.279e-05,1.052e-08,304386.0,0.032,0x05...7066,https://bscscan.com/tx/0xe4411140a42445ccc2a5cc56d24f12c1e551356154e19369f1dabc0b87e26ed2
2023-03-28 02:52:10,False,3.283e-05,1.053e-08,99700000.0,10.5083,0x9b...2220,https://bscscan.com/tx/0x80a6e4d21cf180af732fcb60630092ee5e201683a13ecc435e15ccbc7ae9d4df
2023-03-28 02:52:10,False,3.287e-05,1.055e-08,80973.0,0.0085,0x9b...2220,https://bscscan.com/tx/0x80a6e4d21cf180af732fcb60630092ee5e201683a13ecc435e15ccbc7ae9d4df
2023-03-28 02:52:04,False,3.288e-05,1.055e-08,29900029.0,3.15633,0x20...946b,https://bscscan.com/tx/0xcc525cc779803865c1739f6f40c3f67fddbb9bea599b77a115d675314ab6cd9f
2023-03-28 02:52:04,False,3.289e-05,1.056e-08,92646.2,0.0097,0x20...946b,https://bscscan.com/tx/0xcc525cc779803865c1739f6f40c3f67fddbb9bea599b77a115d675314ab6cd9f
2023-03-28 02:52:01,True,3.306e-05,1.061e-08,2976157.0,0.3158,0x16...85d2,https://bscscan.com/tx/0x5abd8c9d78af11bf8cfb345bc568b2e7ba86df712de3fd1be81289be3dd3608c
2023-03-28 02:49:10,True,3.305e-05,1.061e-08,681976.0,0.0723,0x2a...e55a,https://bscscan.com/tx/0x928fe7862efa1b6a624755ca4b872ad486210e9867be368afd962a3fb397b0d5
2023-03-28 02:48:55,False,3.273e-05,1.056e-08,30563319.0,3.22841,0xc0...1f4f,https://bscscan.com/tx/0xf062fc9583af927135b6e7bc3cc5cb360d3980612e0017b358700bce10f50d58
2023-03-28 02:48:55,False,3.274e-05,1.056e-08,102904.0,0.0108,0xc0...1f4f,https://bscscan.com/tx/0xf062fc9583af927135b6e7bc3cc5cb360d3980612e0017b358700bce10f50d58
2023-03-28 02:48:22,False,3.292e-05,1.056e-08,12732644.0,1.34565,0x05...7066,https://bscscan.com/tx/0x4d69d83cbb9be08c7a2c6013236b4250e25c0f8164873ec60687336bd28e2143
2023-03-28 02:48:22,False,3.293e-05,1.057e-08,20424.2,0.0021,0x05...7066,https://bscscan.com/tx/0x4d69d83cbb9be08c7a2c6013236b4250e25c0f8164873ec60687336bd28e2143
2023-03-28 02:48:13,False,3.293e-05,1.057e-08,7541814.0,0.7972,0x05...7066,https://bscscan.com/tx/0x8bdf6b45c718654d7a611be24e411ca0d912286a8290354a43e32203b0d37338
2023-03-28 02:48:13,False,3.293e-05,1.057e-08,4222.2,4.463e-05,0x05...7066,https://bscscan.com/tx/0x8bdf6b45c718654d7a611be24e411ca0d912286a8290354a43e32203b0d37338
2023-03-28 02:47:58,False,3.278e-05,1.057e-08,1559085.0,0.1648,0x13...6630,https://bscscan.com/tx/0x504f7ea8181fad589c7a1d2c26ba4e3cbea5465195b70610a58a2b4d0168b885
2023-03-28 02:47:58,False,3.279e-05,1.057e-08,21077.4,0.0022,0x13...6630,https://bscscan.com/tx/0x504f7ea8181fad589c7a1d2c26ba4e3cbea5465195b70610a58a2b4d0168b885
2023-03-28 02:47:52,False,3.279e-05,1.057e-08,7783015.0,0.8229,0x05...7066,https://bscscan.com/tx/0xc0c83d32fa7bc97ad257eb5a827d1e90447d81115237be6171d8e441ca178d0f
2023-03-28 02:47:52,False,3.279e-05,1.057e-08,270000.0,0.0285,0x05...7066,https://bscscan.com/tx/0xc0c83d32fa7bc97ad257eb5a827d1e90447d81115237be6171d8e441ca178d0f
2023-03-28 02:47:40,True,3.312e-05,1.062e-08,6117478.0,0.65,0x89...3571,https://bscscan.com/tx/0x84025453033efb77edb349e7931b5e953f03b38d84dd4ae6c38690a7e2ca571b
2023-03-28 02:47:25,False,3.282e-05,1.058e-08,99700000.0,10.5538,0x9b...2220,https://bscscan.com/tx/0x5627c63a46dd505db4c6bc2218b45ee605d971002d896ef7bbe8d03356774ffc
2023-03-28 02:47:25,False,3.286e-05,1.059e-08,13777.7,0.0014,0x9b...2220,https://bscscan.com/tx/0x5627c63a46dd505db4c6bc2218b45ee605d971002d896ef7bbe8d03356774ffc
2023-03-28 02:47:19,False,3.286e-05,1.059e-08,5087549.0,0.5392,0x6b...9f5d,https://bscscan.com/tx/0x3fabcd9df68a3787f37232e43bd01952f9829cfea67840dfccfca741d6dcb2e6
2023-03-28 02:47:19,False,3.287e-05,1.059e-08,270000.0,0.0286,0x6b...9f5d,https://bscscan.com/tx/0x3fabcd9df68a3787f37232e43bd01952f9829cfea67840dfccfca741d6dcb2e6
2023-03-28 02:47:19,False,3.291e-05,1.061e-08,99700000.0,10.5804,0x9b...2220,https://bscscan.com/tx/0xed504b80221ccd93cade0d63ccdb5a1c59edb71b46eb39147a2a7faddb6b42cd
2023-03-28 02:47:19,False,3.295e-05,1.062e-08,13508.0,0.0014,0x9b...2220,https://bscscan.com/tx/0xed504b80221ccd93cade0d63ccdb5a1c59edb71b46eb39147a2a7faddb6b42cd
2023-03-28 02:47:16,False,3.311e-05,1.062e-08,4987954.0,0.53,0x6b...9f5d,https://bscscan.com/tx/0xa0c52a1a230a67425da58c9375e4603676c2c0e17f3c13c0d9105748680bc383
2023-03-28 02:47:16,False,3.312e-05,1.062e-08,13913.3,0.0014,0x6b...9f5d,https://bscscan.com/tx/0xa0c52a1a230a67425da58c9375e4603676c2c0e17f3c13c0d9105748680bc383
2023-03-28 02:47:13,False,3.312e-05,1.062e-08,5137620.0,0.5459,0x6b...9f5d,https://bscscan.com/tx/0xf5d8ea12bbd94f062d1f7f6c7473d418685e556f5793c5dd2e263cfd363842d9
2023-03-28 02:47:13,False,3.312e-05,1.062e-08,13530.5,0.0014,0x6b...9f5d,https://bscscan.com/tx/0xf5d8ea12bbd94f062d1f7f6c7473d418685e556f5793c5dd2e263cfd363842d9
2023-03-28 02:47:10,False,3.312e-05,1.062e-08,4996255.0,0.531,0x6b...9f5d,https://bscscan.com/tx/0xd02a732632713e62fc8a19f74e9362fb3747b3aa1be82972fcbed26f719ac10f
2023-03-28 02:47:10,False,3.312e-05,1.062e-08,80973.0,0.0086,0x6b...9f5d,https://bscscan.com/tx/0xd02a732632713e62fc8a19f74e9362fb3747b3aa1be82972fcbed26f719ac10f
2023-03-28 02:47:04,False,3.314e-05,1.063e-08,29900029.0,3.17917,0x20...946b,https://bscscan.com/tx/0xd7af67991491b1010328d26c5712f88a6b40f241fc5163ef80734b8f64fe77b9
2023-03-28 02:47:04,False,3.315e-05,1.063e-08,16493.0,0.0017,0x20...946b,https://bscscan.com/tx/0xd7af67991491b1010328d26c5712f88a6b40f241fc5163ef80734b8f64fe77b9
2023-03-28 02:44:55,True,3.332e-05,1.068e-08,803313.0,0.0858,0xdf...6861,https://bscscan.com/tx/0x3b41549403c6658fe584f6e26d7abecc83ea529c32702b78a1cdc87b79169888
2023-03-28 02:42:49,False,3.316e-05,1.063e-08,1538261.0,0.1636,0x50...3c5b,https://bscscan.com/tx/0xb6ef15b21b166dfe3d3df60e468326e25e5863d4446b837389fa06a3f28d7af2
2023-03-28 02:42:49,False,3.316e-05,1.063e-08,19378.8,0.002,0x50...3c5b,https://bscscan.com/tx/0xb6ef15b21b166dfe3d3df60e468326e25e5863d4446b837389fa06a3f28d7af2
2023-03-28 02:41:25,True,3.315e-05,1.068e-08,1276438.0,0.1364,0x2a...e55a,https://bscscan.com/tx/0x633f3eafa7c2d075eae0cef1be55341bc889b21e57714ba6e0f6b34826dfa96a
2023-03-28 02:40:58,False,3.315e-05,1.063e-08,5883176.0,0.6258,0x8b...dbc0,https://bscscan.com/tx/0x84e2b148388ab9d046d9c970c483f889ce5dd9ab381acc51a3e7df583cfef19c
2023-03-28 02:40:58,False,3.316e-05,1.063e-08,2938.38,3.125e-05,0x8b...dbc0,https://bscscan.com/tx/0x84e2b148388ab9d046d9c970c483f889ce5dd9ab381acc51a3e7df583cfef19c
2023-03-28 02:40:49,False,3.316e-05,1.063e-08,1085024.0,0.1154,0xf3...504f,https://bscscan.com/tx/0xe41837a197e29e8904d266189d1f2be5f5b834c91864891279f8640872901a27
2023-03-28 02:40:49,False,3.316e-05,1.063e-08,40920.4,0.0043,0xf3...504f,https://bscscan.com/tx/0xe41837a197e29e8904d266189d1f2be5f5b834c91864891279f8640872901a27
2023-03-28 02:40:19,False,3.298e-05,1.064e-08,15110254.0,1.60774,0x17...4266,https://bscscan.com/tx/0x49cecde0c800993fb77378066b577a9728b425b3572be332182c6c72dbf82a65
2023-03-28 02:40:19,False,3.299e-05,1.064e-08,20586.5,0.0021,0x17...4266,https://bscscan.com/tx/0x49cecde0c800993fb77378066b577a9728b425b3572be332182c6c72dbf82a65
2023-03-28 02:40:13,True,3.316e-05,1.069e-08,65432.1,0.007,0x5a...d5fc,https://bscscan.com/tx/0x567f3e76f93db22e0ab9c2a18375e1f16136f0407bf5c6d2e739a77666298895
2023-03-28 02:39:40,False,3.316e-05,1.064e-08,7536519.0,0.8021,0x05...7066,https://bscscan.com/tx/0xf37cade48c02f63631e4d5d4208e4903763c36d9b621eed0d9a64715d583ee5d
2023-03-28 02:39:40,False,3.316e-05,1.064e-08,15066.5,0.0016,0x05...7066,https://bscscan.com/tx/0xf37cade48c02f63631e4d5d4208e4903763c36d9b621eed0d9a64715d583ee5d
2023-03-28 02:39:31,False,3.316e-05,1.064e-08,5563459.0,0.5922,0x6c...5aca,https://bscscan.com/tx/0x15aa25dd5284ba6ac1c5808769437210fac9483b77550efcb01a85244d73eb79
2023-03-28 02:39:31,False,3.316e-05,1.064e-08,41858.9,0.0044,0x6c...5aca,https://bscscan.com/tx/0x15aa25dd5284ba6ac1c5808769437210fac9483b77550efcb01a85244d73eb79
2023-03-28 02:39:04,True,3.335e-05,1.07e-08,277813.0,0.0297,0xa8...0945,https://bscscan.com/tx/0xc1e2b2c5b7e91fadda1b24da2fe33c634706f5cf801f91dbf3224e7ba8deb061
2023-03-28 02:38:07,True,3.333e-05,1.069e-08,46734.6,0.005,0xc9...b6b4,https://bscscan.com/tx/0x136a57502476a3e0a6f9014dded8aa9a7603c48884579fb3bbde624ee74d9c46
2023-03-28 02:35:43,False,3.299e-05,1.064e-08,15133198.0,1.61127,0x17...4266,https://bscscan.com/tx/0xcbb36a047217d41acb55aabffc63e032179c7aae8f56e1de415e84660f9d5e55
2023-03-28 02:35:43,False,3.3e-05,1.064e-08,40971.9,0.0043,0x17...4266,https://bscscan.com/tx/0xcbb36a047217d41acb55aabffc63e032179c7aae8f56e1de415e84660f9d5e55
2023-03-28 02:35:13,False,3.317e-05,1.065e-08,15129260.0,1.61143,0x17...4266,https://bscscan.com/tx/0x003f2e30769bfc94906a9ddc408ed1322f43ee1906d858dd957e52811558c64f
2023-03-28 02:35:13,False,3.318e-05,1.065e-08,53514.2,0.0057,0x17...4266,https://bscscan.com/tx/0x003f2e30769bfc94906a9ddc408ed1322f43ee1906d858dd957e52811558c64f
2023-03-28 02:34:55,False,3.302e-05,1.065e-08,15137067.0,1.61285,0x9f...d87c,https://bscscan.com/tx/0x635db2998133e6d000da105f51a6711b76cfe5951e1b80cb1d621f1ecd58812d
2023-03-28 02:34:55,False,3.303e-05,1.065e-08,13968.8,0.0014,0x9f...d87c,https://bscscan.com/tx/0x635db2998133e6d000da105f51a6711b76cfe5951e1b80cb1d621f1ecd58812d
2023-03-28 02:34:49,False,3.303e-05,1.065e-08,5158100.0,0.5497,0x6b...9f5d,https://bscscan.com/tx/0x98cfe7cfea6a1dc819e489af15b65872e3f611422b17493dc41f5092e3116fb0
2023-03-28 02:34:49,False,3.303e-05,1.065e-08,15418.0,0.0016,0x6b...9f5d,https://bscscan.com/tx/0x98cfe7cfea6a1dc819e489af15b65872e3f611422b17493dc41f5092e3116fb0
2023-03-28 02:33:13,True,3.336e-05,1.071e-08,404594.0,0.0433,0xbb...c106,https://bscscan.com/tx/0xd3b22e6378248826095d56fee8398ec6fb1e90a568698c1ca528414aa40fccb5
2023-03-28 02:32:28,False,3.304e-05,1.065e-08,1515317.0,0.1615,0x4c...92df,https://bscscan.com/tx/0x5ea735a8d84a21caa8904901925f0d42c177a72ca8054d754d7346fd962d6a8c
2023-03-28 02:32:28,False,3.304e-05,1.065e-08,197065.0,0.021,0x4c...92df,https://bscscan.com/tx/0x5ea735a8d84a21caa8904901925f0d42c177a72ca8054d754d7346fd962d6a8c
2023-03-28 02:31:58,True,3.32e-05,1.071e-08,78032.7,0.0083,0x40...f329,https://bscscan.com/tx/0xce4d78cdecf046a6bb1969d786ffdad0f2f7ad090637d38a4c47135ef0ead75c
2023-03-28 02:31:19,True,3.32e-05,1.071e-08,4051800.0,0.434,0x5a...e6e3,https://bscscan.com/tx/0xb0c3e05ddc35ed60b32cd082848ae82123c0d202a12da2eec88cecc285004470
2023-03-28 02:30:01,True,3.337e-05,1.071e-08,78054.3,0.0083,0xca...00a8,https://bscscan.com/tx/0x2f31c126f7e73374672fc65b3bdb7a72a24814e821767f630cf7cfe6b5ff21e3
2023-03-28 02:29:28,True,3.333e-05,1.07e-08,58441711.0,6.25528,0xa1...3ff1,https://bscscan.com/tx/0x32a38d2212345d10f447ab9db15665ad660c24442e303b1628ee1169498073b4
2023-03-28 02:28:34,True,3.331e-05,1.069e-08,306565.0,0.0327,0x28...941b,https://bscscan.com/tx/0x262b2581776ae6869dc6a76c26daaaeb57c6a2ed7c6b532ff48b973f04c872bc
2023-03-28 02:26:13,True,3.314e-05,1.069e-08,7620541.0,0.815,0x70...2954,https://bscscan.com/tx/0xf58dd33c489c83e62eaf88bf4d9d3e81f5480ba5b82edd3b81dce42a650326e5
2023-03-28 02:24:04,True,3.314e-05,1.069e-08,149999.0,0.016,0x4c...f97c,https://bscscan.com/tx/0x7d816597ddaf777f356a08aa7e6b29151088648f48e61d9df9cdd47cb2858608
2023-03-28 02:23:16,True,3.315e-05,1.069e-08,37058.8,0.0039,0x59...bb20,https://bscscan.com/tx/0xb1e24d5f5921554c7f960c375aa01f542946ead283045aa40edc1a13cf4554b5
2023-03-28 02:23:13,False,3.297e-05,1.064e-08,2216688.0,0.2358,0xc5...641d,https://bscscan.com/tx/0xeedc774238e03cd9470b8b6e0a2da681808544c314d368ca8b2c0cab626bdf0c
2023-03-28 02:23:13,False,3.297e-05,1.064e-08,3212.35,3.418e-05,0xc5...641d,https://bscscan.com/tx/0xeedc774238e03cd9470b8b6e0a2da681808544c314d368ca8b2c0cab626bdf0c
2023-03-28 02:22:52,False,3.314e-05,1.064e-08,1186191.0,0.1262,0x17...a198,https://bscscan.com/tx/0x4f34e00cc52fbedb74e1cb02c41ff16cc814f47f87e808e73a5bb2a4404e7ef0
2023-03-28 02:22:52,False,3.314e-05,1.064e-08,1223.36,1.301e-05,0x17...a198,https://bscscan.com/tx/0x4f34e00cc52fbedb74e1cb02c41ff16cc814f47f87e808e73a5bb2a4404e7ef0
2023-03-28 02:21:28,False,3.314e-05,1.064e-08,451735.0,0.048,0x6a...0a54,https://bscscan.com/tx/0x4265d74503e8c7c3d8d8b5dc52c6290fe753b4f8da77997e0ce7b3f0e8791a6b
2023-03-28 02:21:28,False,3.314e-05,1.064e-08,2168.57,2.307e-05,0x6a...0a54,https://bscscan.com/tx/0x4265d74503e8c7c3d8d8b5dc52c6290fe753b4f8da77997e0ce7b3f0e8791a6b
2023-03-28 02:16:58,False,3.297e-05,1.064e-08,800764.0,0.0852,0x7d...71d1,https://bscscan.com/tx/0x3bf486e24b2fcde21eb60cc703c05bbde6e897565a1e2c18c74ab40e91006c0e
2023-03-28 02:16:58,False,3.297e-05,1.064e-08,360423.0,0.0383,0x7d...71d1,https://bscscan.com/tx/0x3bf486e24b2fcde21eb60cc703c05bbde6e897565a1e2c18c74ab40e91006c0e
2023-03-28 02:13:37,True,3.33e-05,1.069e-08,8717025.0,0.9322,0x11...1a50,https://bscscan.com/tx/0x5a2632f9756babc59af78ba21db24c2ace3de49fb7a597f647d0aa47bd3e3696
2023-03-28 02:11:43,True,3.33e-05,1.069e-08,508336.0,0.0543,0x30...5b9b,https://bscscan.com/tx/0x1dbf3249b3f7f3308e326817358595787eca9342e69b4e131a24d79107bbc5d0
2023-03-28 02:11:01,True,3.33e-05,1.069e-08,4677146.0,0.5,0x95...3444,https://bscscan.com/tx/0x88e5644dc9670d953d7269d883bbc9aaebd7b8a64a5e08cf89ae0980c0ecbf9b
2023-03-28 02:10:58,False,3.318e-05,1.065e-08,119640728.0,12.7459,0xfa...45cf,https://bscscan.com/tx/0x52d415a8933c23fe70a995c2e7228872a754094afddd39f3786714e7b1a50f46
2023-03-28 02:10:58,False,3.323e-05,1.066e-08,5072.31,5.411e-05,0xfa...45cf,https://bscscan.com/tx/0x52d415a8933c23fe70a995c2e7228872a754094afddd39f3786714e7b1a50f46
2023-03-28 02:04:25,True,3.325e-05,1.072e-08,1865305.0,0.2,0x1b...4e94,https://bscscan.com/tx/0x901e9841ed31567e94a60bc83b53b01916a16e49d52392240039e77839655a78
2023-03-28 02:01:07,False,3.324e-05,1.066e-08,13286.6,0.0014,0xd2...99e0,https://bscscan.com/tx/0xbb0f87c7f874f9a5a41fe03096ca2cd354024fc6807be0c71ffc1995a5ba5133
2023-03-28 02:01:07,False,3.324e-05,1.066e-08,67500.0,0.0072,0xd2...99e0,https://bscscan.com/tx/0xbb0f87c7f874f9a5a41fe03096ca2cd354024fc6807be0c71ffc1995a5ba5133
2023-03-28 01:59:52,False,3.308e-05,1.067e-08,24925000.0,2.65988,0xfc...9e19,https://bscscan.com/tx/0x925eb336ca2a90a5a07b8ba01642a6744e5f70a178c040e81823f7f4f1e2a961
2023-03-28 01:59:52,False,3.309e-05,1.067e-08,2519.79,2.689e-05,0xfc...9e19,https://bscscan.com/tx/0x925eb336ca2a90a5a07b8ba01642a6744e5f70a178c040e81823f7f4f1e2a961
2023-03-28 01:58:46,False,3.309e-05,1.067e-08,930457.0,0.0993,0x2b...27bb,https://bscscan.com/tx/0xc24b3c7ca7f97b26035fe4057cab2a27f974411c1a5dc1925d9091008a16687e
2023-03-28 01:58:46,False,3.309e-05,1.067e-08,47745.6,0.0051,0x2b...27bb,https://bscscan.com/tx/0xc24b3c7ca7f97b26035fe4057cab2a27f974411c1a5dc1925d9091008a16687e
2023-03-28 01:57:58,False,3.31e-05,1.067e-08,17630491.0,1.88245,0x25...b2b4,https://bscscan.com/tx/0xed887908b29dee15ea684db5c6eb3a85480b59456fcd4ded5e97a6f3edb766d8
2023-03-28 01:57:58,False,3.311e-05,1.067e-08,979620.0,0.1046,0x25...b2b4,https://bscscan.com/tx/0xed887908b29dee15ea684db5c6eb3a85480b59456fcd4ded5e97a6f3edb766d8
2023-03-28 01:53:40,True,3.326e-05,1.073e-08,5982105.0,0.642,0x9e...ed09,https://bscscan.com/tx/0x8457361351e82a16acdef2dae4bdf3a8e653e3badc7ce3397ab8ad8d2a25cf52
2023-03-28 01:53:19,True,3.326e-05,1.073e-08,5982677.0,0.642,0x9e...ed09,https://bscscan.com/tx/0xc756aea6f19353f28c7e741776190d1249b04b897a17d2b12bc5204ddd85c92f
2023-03-28 01:52:10,True,3.342e-05,1.072e-08,10472664.0,1.1236,0xb7...7873,https://bscscan.com/tx/0x7082eabb464333d158ebff2c3a70e40ca6d65601a5a310b329037d906acfa428
2023-03-28 01:51:43,True,3.325e-05,1.072e-08,4661967.0,0.5,0xea...e9aa,https://bscscan.com/tx/0xe69afb5fd76e292b9939d6329a1688fb208a74e4f79f3cc3640208553629aa8c
2023-03-28 01:51:40,True,3.325e-05,1.072e-08,9480075.0,1.01675,0x13...ba90,https://bscscan.com/tx/0x72fea837ecfc9f337f10472f0b68150c505d6c89d9e2abf1c81c84f2b7f3852a
2023-03-28 01:51:40,False,3.321e-05,1.071e-08,335123683.0,35.9038,0x05...7066,https://bscscan.com/tx/0x54ddaf0a8c1f61c5700a99f1c630691534c853a5aa3cc854a6999fbfc9388eee
2023-03-28 01:51:40,False,3.334e-05,1.075e-08,31807.9,0.0034,0x05...7066,https://bscscan.com/tx/0x54ddaf0a8c1f61c5700a99f1c630691534c853a5aa3cc854a6999fbfc9388eee
2023-03-28 01:50:07,False,3.351e-05,1.075e-08,5034446.0,0.5415,0x6b...9f5d,https://bscscan.com/tx/0x852523a060405a065e55cbbbb58e9766de9d62a0427eae4c3090c9a51b6a9872
2023-03-28 01:50:07,False,3.351e-05,1.075e-08,14010.5,0.0015,0x6b...9f5d,https://bscscan.com/tx/0x852523a060405a065e55cbbbb58e9766de9d62a0427eae4c3090c9a51b6a9872
2023-03-28 01:50:04,False,3.352e-05,1.075e-08,5173508.0,0.5566,0x6b...9f5d,https://bscscan.com/tx/0x3120a90fb4a4bc62562a6147c2a61ba5492e38c49d5096aefce44b24c326e53f
2023-03-28 01:50:04,False,3.352e-05,1.075e-08,13897.3,0.0015,0x6b...9f5d,https://bscscan.com/tx/0x3120a90fb4a4bc62562a6147c2a61ba5492e38c49d5096aefce44b24c326e53f
2023-03-28 01:50:04,False,3.352e-05,1.076e-08,5131698.0,0.5521,0x6b...9f5d,https://bscscan.com/tx/0x13c327cd362d724e9fe8d0e765e0b90f5fcfa02c25930d1a382d5c3bf04c1211
2023-03-28 01:50:04,False,3.352e-05,1.076e-08,270000.0,0.029,0x6b...9f5d,https://bscscan.com/tx/0x13c327cd362d724e9fe8d0e765e0b90f5fcfa02c25930d1a382d5c3bf04c1211
2023-03-28 01:50:04,False,3.356e-05,1.077e-08,99700000.0,10.7417,0x9b...2220,https://bscscan.com/tx/0x3045b0e199233e4509e6961704ba5a7c7f29e1617a36947b5f6a3ea441e00c97
2023-03-28 01:50:04,False,3.36e-05,1.078e-08,13830.0,0.0014,0x9b...2220,https://bscscan.com/tx/0x3045b0e199233e4509e6961704ba5a7c7f29e1617a36947b5f6a3ea441e00c97
2023-03-28 01:50:01,False,3.361e-05,1.078e-08,5106841.0,0.5509,0x6b...9f5d,https://bscscan.com/tx/0x50e1c937d823060c019d30c0c2ea861002a3e6c9e1ac92f482cd4dc7e51629c2
2023-03-28 01:50:01,False,3.361e-05,1.078e-08,13567.7,0.0014,0x6b...9f5d,https://bscscan.com/tx/0x50e1c937d823060c019d30c0c2ea861002a3e6c9e1ac92f482cd4dc7e51629c2
2023-03-28 01:50:01,False,3.361e-05,1.078e-08,5009998.0,0.5405,0x6b...9f5d,https://bscscan.com/tx/0xe36e66b58091ec488c363ee4b6a4e8c6097fb6865b17e84cb0d7d4e2544e8edd
2023-03-28 01:50:01,False,3.361e-05,1.078e-08,32389.2,0.0034,0x6b...9f5d,https://bscscan.com/tx/0xe36e66b58091ec488c363ee4b6a4e8c6097fb6865b17e84cb0d7d4e2544e8edd
2023-03-28 01:50:01,False,3.362e-05,1.079e-08,11960012.0,1.29063,0x20...946b,https://bscscan.com/tx/0xba71dc8056ce6f048c5441ae873176430795391b820bb0dac95ae6475ecd04f8
2023-03-28 01:50:01,False,3.362e-05,1.079e-08,62488.5,0.0067,0x20...946b,https://bscscan.com/tx/0xba71dc8056ce6f048c5441ae873176430795391b820bb0dac95ae6475ecd04f8
2023-03-28 01:49:58,False,3.362e-05,1.079e-08,5134431.0,0.5541,0x6b...9f5d,https://bscscan.com/tx/0x98aeb434b570ca4972d448ef03bb5b12b81d97abf6d9e521e8c4b8f7743b1ed8
2023-03-28 01:49:58,False,3.363e-05,1.079e-08,13681.3,0.0014,0x6b...9f5d,https://bscscan.com/tx/0x98aeb434b570ca4972d448ef03bb5b12b81d97abf6d9e521e8c4b8f7743b1ed8
2023-03-28 01:49:58,False,3.363e-05,1.079e-08,5051957.0,0.5453,0x6b...9f5d,https://bscscan.com/tx/0xe2e8eef02ac91cb736ba96c93fb6aa05df634c1277f7cbef0b7d97b8229d3049
2023-03-28 01:49:58,False,3.363e-05,1.079e-08,3817.08,4.12e-05,0x6b...9f5d,https://bscscan.com/tx/0xe2e8eef02ac91cb736ba96c93fb6aa05df634c1277f7cbef0b7d97b8229d3049
2023-03-28 01:49:25,False,3.346e-05,1.079e-08,1409491.0,0.1521,0x28...bda2,https://bscscan.com/tx/0xd83e894cece17b06f945698737b99ffa996e04b55fa3a0a9c7b76b7b23c5a2b3
2023-03-28 01:49:25,False,3.346e-05,1.079e-08,13500.0,0.0014,0x28...bda2,https://bscscan.com/tx/0xd83e894cece17b06f945698737b99ffa996e04b55fa3a0a9c7b76b7b23c5a2b3
2023-03-28 01:47:07,False,3.339e-05,1.079e-08,4985000.0,0.5382,0x02...082e,https://bscscan.com/tx/0x0356402d2a742c58e22800ed4b1aa62941d7ee1ec9754f1d33cfe96a77b7296d
2023-03-28 01:47:07,False,3.339e-05,1.079e-08,115515.0,0.0124,0x02...082e,https://bscscan.com/tx/0x0356402d2a742c58e22800ed4b1aa62941d7ee1ec9754f1d33cfe96a77b7296d
2023-03-28 01:47:04,False,3.341e-05,1.08e-08,42654821.0,4.60787,0x96...e8d2,https://bscscan.com/tx/0x8e8b60b5b28a14fe4fa59f3311590a4d18a1ddf2600a358fa5d8e529a05aa70d
2023-03-28 01:47:04,False,3.343e-05,1.08e-08,32994.5,0.0035,0x96...e8d2,https://bscscan.com/tx/0x8e8b60b5b28a14fe4fa59f3311590a4d18a1ddf2600a358fa5d8e529a05aa70d
2023-03-28 01:46:15,True,3.376e-05,1.086e-08,1104730.0,0.12,0x15...0094,https://bscscan.com/tx/0xdd85749b4fda2c30b08f0ecdb7bdc1f99df04af26abb32047a97edaa918dcf96
2023-03-28 01:41:30,True,3.357e-05,1.086e-08,1075288.0,0.1168,0x99...d0c1,https://bscscan.com/tx/0x9e2b85d256be0b956ac9ca206b1e136fc66c7a7904b156997c5c5074ca795b10
2023-03-28 01:41:14,True,3.374e-05,1.086e-08,2643665.0,0.2871,0x46...ba3f,https://bscscan.com/tx/0x14981855e7db2db38b65ca394e6cbca3b78ce84839ddb2211897daa3c101eaf8
2023-03-28 01:40:52,True,3.357e-05,1.086e-08,2208266.0,0.2398,0x31...bef2,https://bscscan.com/tx/0x0db2e2b36b58139b073c915d2a30cbc168366babebad0428e1072e4129d554ac
2023-03-28 01:38:55,True,3.372e-05,1.086e-08,2964876.0,0.3219,0x91...265b,https://bscscan.com/tx/0xf6a771dfc443096e4bada808ba80bbbce0f5c9c86fe40b9b0203b65a40f2484a
2023-03-28 01:37:40,False,3.356e-05,1.08e-08,2216688.0,0.2395,0xc5...641d,https://bscscan.com/tx/0x6167b264b9b4ed6e31157ba1de6c888142555c06a68992b206dae1358edd8cf5
2023-03-28 01:37:40,False,3.356e-05,1.08e-08,219446.0,0.0237,0xc5...641d,https://bscscan.com/tx/0x6167b264b9b4ed6e31157ba1de6c888142555c06a68992b206dae1358edd8cf5
2023-03-28 01:37:25,True,3.372e-05,1.085e-08,5276321.0,0.573,0x76...a683,https://bscscan.com/tx/0x1e015a080a4097919c0e60a909a8ea0206fbadad0ecdfafac8dd871f816dbcb0
2023-03-28 01:34:13,False,3.34e-05,1.081e-08,75771966.0,8.19462,0x04...5622,https://bscscan.com/tx/0x8b90fe2c24fca87d7093cfe3c918ed3c1401f52928c5fdc73528b10b5ddf5b6d
2023-03-28 01:34:13,False,3.343e-05,1.082e-08,168018.0,0.0181,0x04...5622,https://bscscan.com/tx/0x8b90fe2c24fca87d7093cfe3c918ed3c1401f52928c5fdc73528b10b5ddf5b6d
2023-03-28 01:32:31,True,3.361e-05,1.087e-08,29606703.0,3.21979,0xcb...10ec,https://bscscan.com/tx/0xc6cdb2410a9cb0364b948024e9a7e2681ee76a57a39f57363bedf5c0b19895bc
2023-03-28 01:30:55,False,3.35e-05,1.082e-08,32524423.0,3.51956,0xdb...5205,https://bscscan.com/tx/0x216d46862c6d7991fb24e5b80d0c17aa7516e138ad7ea14c4ad138ae520ff966
2023-03-28 01:30:55,False,3.351e-05,1.082e-08,17573.4,0.0019,0xdb...5205,https://bscscan.com/tx/0x216d46862c6d7991fb24e5b80d0c17aa7516e138ad7ea14c4ad138ae520ff966
2023-03-28 01:29:07,True,3.369e-05,1.087e-08,318310.0,0.0346,0xe6...7f30,https://bscscan.com/tx/0x0e82702118950781b36c09d99716aad074554aa127d0e7e029bd07daa76346fe
2023-03-28 01:28:25,True,3.368e-05,1.087e-08,155730.0,0.0169,0x7f...4654,https://bscscan.com/tx/0xba5ec8dbf2add4f85cc25fb7142b5c8b522dfe7812a3f0d39ed30769885e2e61
2023-03-28 01:27:40,False,3.335e-05,1.082e-08,5828254.0,0.6309,0x35...9ab5,https://bscscan.com/tx/0xe4896877d07f679024f29edd0d5052df8d035f68d91fe2b2e1bdc4c8b4594204
2023-03-28 01:27:40,False,3.336e-05,1.082e-08,33811.6,0.0036,0x35...9ab5,https://bscscan.com/tx/0xe4896877d07f679024f29edd0d5052df8d035f68d91fe2b2e1bdc4c8b4594204
2023-03-28 01:26:04,True,3.352e-05,1.088e-08,10000.0,0.001,0xa2...3602,https://bscscan.com/tx/0x11684bb0d19551bc1645ac9d11df3de44f457f483ae4db0517e97e57a22a4d5d
2023-03-28 01:20:16,False,3.352e-05,1.082e-08,11179188.0,1.21053,0x67...c9b2,https://bscscan.com/tx/0xe3c325363bad547f0f3cfdc5cdad8358f349e1b2dc35775be4415608d15e7cad
2023-03-28 01:20:16,False,3.352e-05,1.082e-08,13500.0,0.0014,0x67...c9b2,https://bscscan.com/tx/0xe3c325363bad547f0f3cfdc5cdad8358f349e1b2dc35775be4415608d15e7cad
2023-03-28 01:20:13,False,3.353e-05,1.083e-08,4985009.0,0.5399,0x9b...d3d0,https://bscscan.com/tx/0xd74af21ba0d6911938002721b6c8e16b8d044d19b11894ca5be834516656a230
2023-03-28 01:20:13,False,3.353e-05,1.083e-08,1683.65,1.823e-05,0x9b...d3d0,https://bscscan.com/tx/0xd74af21ba0d6911938002721b6c8e16b8d044d19b11894ca5be834516656a230
2023-03-28 01:19:37,False,3.353e-05,1.083e-08,621705.0,0.0673,0x2c...a83f,https://bscscan.com/tx/0xa1d93f66b6800ee9272c275985e8131dd5a01b0463d2e82dd7ad7e28121818e7
2023-03-28 01:19:37,False,3.353e-05,1.083e-08,21719.2,0.0023,0x2c...a83f,https://bscscan.com/tx/0xa1d93f66b6800ee9272c275985e8131dd5a01b0463d2e82dd7ad7e28121818e7
2023-03-28 01:18:16,True,3.369e-05,1.088e-08,1388388.0,0.1511,0xe6...7f30,https://bscscan.com/tx/0x16b5dcfb1ec84f01c2d8cef6edeb527ad0753cc12bf89dee38e9b44a50e61fcd
2023-03-28 01:18:10,True,3.369e-05,1.088e-08,3976554.0,0.4328,0x9e...ed09,https://bscscan.com/tx/0x04660ec81d0881fd1a2a00cdd4afdd219871689112f8ea4c1d2426d595904f00
2023-03-28 01:16:16,False,3.352e-05,1.083e-08,2671162.0,0.2893,0x49...58cf,https://bscscan.com/tx/0x146c22a8c2d105ab27ba9eb93fec53cdf7f139950988f04128d1ae88e15f56b0
2023-03-28 01:16:16,False,3.352e-05,1.083e-08,2068.26,2.24e-05,0x49...58cf,https://bscscan.com/tx/0x146c22a8c2d105ab27ba9eb93fec53cdf7f139950988f04128d1ae88e15f56b0
2023-03-28 01:14:31,True,3.369e-05,1.088e-08,510901.0,0.0556,0x4b...85f3,https://bscscan.com/tx/0x0913af3482b844b321522c1685bf183851e68ab8d2e6fd4d78c9c0592dd71da2
2023-03-28 01:12:31,False,3.352e-05,1.083e-08,254357.0,0.0275,0x12...8f59,https://bscscan.com/tx/0x790b893e41dd63016764b7d3cb98af1eb097fb66004253b96319c9d831d77ddf
2023-03-28 01:12:31,False,3.352e-05,1.083e-08,21601.0,0.0023,0x12...8f59,https://bscscan.com/tx/0x790b893e41dd63016764b7d3cb98af1eb097fb66004253b96319c9d831d77ddf
2023-03-28 01:12:01,True,3.352e-05,1.088e-08,7000366.0,0.7619,0x6f...f103,https://bscscan.com/tx/0x874ba5c708b245ab1ac214bc01bfef3407fadd78d11b8001e54dbc112cbc33f3
2023-03-28 01:11:37,False,3.352e-05,1.082e-08,997000.0,0.1079,0x5f...8d02,https://bscscan.com/tx/0x4464c883399ab8289227f8459d9cf3836e711890a6844975f6e6c5f89a9de000
2023-03-28 01:11:37,False,3.352e-05,1.082e-08,10775.6,0.0011,0x5f...8d02,https://bscscan.com/tx/0x4464c883399ab8289227f8459d9cf3836e711890a6844975f6e6c5f89a9de000
2023-03-28 01:10:25,True,3.368e-05,1.088e-08,751398.0,0.0817,0xe6...7f30,https://bscscan.com/tx/0x598a9085376b1c69e290d4a850f6b468510ad43d0caf5e919ff0438298ce71f2
2023-03-28 01:08:01,False,3.334e-05,1.082e-08,3229831.0,0.3497,0x8e...3d56,https://bscscan.com/tx/0x9ba62e41f70868be345649554f9f61b74944e81421de3d52558cce3060a20820
2023-03-28 01:08:01,False,3.334e-05,1.082e-08,803.412,8.7e-06,0x8e...3d56,https://bscscan.com/tx/0x9ba62e41f70868be345649554f9f61b74944e81421de3d52558cce3060a20820
2023-03-28 01:04:07,False,3.349e-05,1.082e-08,296667.0,0.0321,0x2e...6d5f,https://bscscan.com/tx/0x01707a384a7b7e34841e2d3f7a6b6deddfeb0d982c9975117f542feb34cf67d6
2023-03-28 01:04:07,False,3.349e-05,1.082e-08,82892.5,0.0089,0x2e...6d5f,https://bscscan.com/tx/0x01707a384a7b7e34841e2d3f7a6b6deddfeb0d982c9975117f542feb34cf67d6
2023-03-28 01:04:04,True,3.366e-05,1.088e-08,624522.0,0.0679,0xe6...7f30,https://bscscan.com/tx/0x69ad45fbd41992d4e437ad268e3355e5489e02d0e4bb819bfb13f44f8a0821a2
2023-03-28 01:03:22,False,3.334e-05,1.083e-08,29986189.0,3.24857,0x67...0b43,https://bscscan.com/tx/0xe564056971a141cf794519acf6d3a0e3b4baaa2eaa9e274f12cd44ef6d073f98
2023-03-28 01:03:22,False,3.335e-05,1.083e-08,5740.12,6.22e-05,0x67...0b43,https://bscscan.com/tx/0xe564056971a141cf794519acf6d3a0e3b4baaa2eaa9e274f12cd44ef6d073f98
2023-03-28 01:03:07,True,3.352e-05,1.089e-08,600000.0,0.0653,0xc1...8475,https://bscscan.com/tx/0x0beadd4f97f83a61ce8830bfe2f76c7c6c70ec2144fe27a5cb5811b73a7b0c31
2023-03-28 01:00:01,True,3.353e-05,1.089e-08,123939.0,0.0135,0x9f...096e,https://bscscan.com/tx/0x522dd58583d2e2887d7338d3f3361231e46eb89019f4a769aac0878f874ca7c9
2023-03-28 00:59:40,True,3.352e-05,1.089e-08,800000.0,0.0871,0x6e...3c3c,https://bscscan.com/tx/0xaa21078e53670d0eafc969c87922dbd53903dba91b2ac4645738ea8c43c78c5d
2023-03-28 00:58:40,False,3.351e-05,1.083e-08,600225.0,0.065,0xbf...594b,https://bscscan.com/tx/0x7af9fb9fe47fd88c768da77a4eccaead4d1da2e73620d768763e73e205d459b3
2023-03-28 00:58:40,False,3.351e-05,1.083e-08,27000.0,0.0029,0xbf...594b,https://bscscan.com/tx/0x7af9fb9fe47fd88c768da77a4eccaead4d1da2e73620d768763e73e205d459b3
2023-03-28 00:56:58,False,3.352e-05,1.083e-08,9970000.0,1.08061,0x78...39b8,https://bscscan.com/tx/0x8732a7ecbe20d4a17650d77b70b1d71520b3122e6152f28df15ae82777baebeb
2023-03-28 00:56:58,False,3.352e-05,1.083e-08,179523.0,0.0194,0x78...39b8,https://bscscan.com/tx/0x8732a7ecbe20d4a17650d77b70b1d71520b3122e6152f28df15ae82777baebeb
2023-03-28 00:53:46,True,3.368e-05,1.089e-08,8996487.0,0.98,0xf1...50df,https://bscscan.com/tx/0x3c1331aa5bd5d857debe1f78c50fa7118dbd9216746167529cf3bbb7ede0353e
2023-03-28 00:51:58,True,3.368e-05,1.089e-08,320000.0,0.0348,0xa6...55de,https://bscscan.com/tx/0x8c615ef1abc117bbb08c664764235f99b608dc278720ebe98cb5d26b8d17bcaf
2023-03-28 00:51:16,True,3.351e-05,1.089e-08,719757.0,0.0783,0xbb...51ad,https://bscscan.com/tx/0xfcaaa513712c9c86203b0471d8cc4e78b33e321f3ad718607ce098cec2601b60
2023-03-28 00:51:10,True,3.353e-05,1.089e-08,100061.0,0.0109,0x3d...aa0a,https://bscscan.com/tx/0xa5bc81299da22a49d51e34877cde88c9ff4b759a5637322295db0ca324efe437
2023-03-28 00:47:01,True,3.367e-05,1.089e-08,5047704.0,0.5497,0x14...f8b3,https://bscscan.com/tx/0x072a2ad13b4efb9dc49c68e9f1a02d1f1891ef5181892765d3dda833f3884da3
2023-03-28 00:43:28,False,3.353e-05,1.084e-08,51064681.0,5.53676,0x11...f8bd,https://bscscan.com/tx/0xe811f0c323deef6e1d57339143b8cfa2b9d0d0bb828ecee2f9674df0ebe60a8e
2023-03-28 00:43:28,False,3.355e-05,1.084e-08,16262.3,0.0017,0x11...f8bd,https://bscscan.com/tx/0xe811f0c323deef6e1d57339143b8cfa2b9d0d0bb828ecee2f9674df0ebe60a8e
2023-03-28 00:41:43,False,3.355e-05,1.085e-08,6004989.0,0.6515,0x2c...028b,https://bscscan.com/tx/0x58e6161a82398c9f85352b43d99fa34ebd5ba9dfae9eb0657222c5216b24b5a9
2023-03-28 00:41:43,False,3.355e-05,1.085e-08,3695.5,4.009e-05,0x2c...028b,https://bscscan.com/tx/0x58e6161a82398c9f85352b43d99fa34ebd5ba9dfae9eb0657222c5216b24b5a9
2023-03-28 00:36:37,True,3.357e-05,1.09e-08,183396.0,0.02,0x2f...3d77,https://bscscan.com/tx/0x3a1803d0352de396530005b6e9f9a7f44891fbf0f8f454519218c05bb5e41c45
2023-03-28 00:33:55,False,3.357e-05,1.085e-08,456619.0,0.0495,0x0b...2d3e,https://bscscan.com/tx/0x62ec9ccf858a4a13857d0645fb0e30a35a857a1a7a09205bc3282c324c1e99b6
2023-03-28 00:33:55,False,3.357e-05,1.085e-08,156564.0,0.0169,0x0b...2d3e,https://bscscan.com/tx/0x62ec9ccf858a4a13857d0645fb0e30a35a857a1a7a09205bc3282c324c1e99b6
2023-03-28 00:32:55,True,3.374e-05,1.09e-08,10000.0,0.001,0xbf...9c4d,https://bscscan.com/tx/0x9e0079b0a461fba7e8ff71c32d05949d9c793f036c77f599cf8a76b2e9631f45
2023-03-28 00:32:46,True,3.372e-05,1.089e-08,55000000.0,5.99402,0xbf...9361,https://bscscan.com/tx/0x20f0891da1535213cd8b18611928e9620c6124215f6026040ae191a1869baeef
2023-03-28 00:31:00,True,3.362e-05,1.089e-08,218869.0,0.0238,0x9d...f06f,https://bscscan.com/tx/0x6288b765999163e276aeed4d3b537cfb2d4b8fc380ac911c3c0acd0a90c6e077
2023-03-28 00:28:23,False,3.345e-05,1.083e-08,1887746.0,0.2045,0x1e...5d8d,https://bscscan.com/tx/0xaf8175a9fad632086e747e69310bc7286b0393a32fd3f5a25a69f50c14d85d22
2023-03-28 00:28:23,False,3.345e-05,1.083e-08,26217.6,0.0028,0x1e...5d8d,https://bscscan.com/tx/0xaf8175a9fad632086e747e69310bc7286b0393a32fd3f5a25a69f50c14d85d22
2023-03-28 00:27:23,True,3.362e-05,1.089e-08,150001.0,0.0163,0xc9...f336,https://bscscan.com/tx/0x07850aa234b4852505e664989d7de78a1b45f9f79340714a882b3824a654a5f9
2023-03-28 00:25:23,True,3.361e-05,1.089e-08,8000000.0,0.8712,0xf8...22ff,https://bscscan.com/tx/0x99198346f5040a7d40f2d8567403890e60f630300aa59655ec4e6be4642209d2
2023-03-28 00:23:58,True,3.36e-05,1.088e-08,1342804.0,0.1462,0x71...542e,https://bscscan.com/tx/0xc31008e72c374885cff3a20579722955bfc11e1afabb1c028618479be3b883dd
2023-03-28 00:22:26,True,3.36e-05,1.088e-08,3645.49,3.969e-05,0x4e...876f,https://bscscan.com/tx/0x11923ef8e2b4780df3c2aa717c4b8ffaffc5aa4ca07e39986bd2d5820e66a89b
2023-03-28 00:21:23,False,3.343e-05,1.083e-08,213131.0,0.023,0x65...3b3e,https://bscscan.com/tx/0xe165540dba6ff0dad75b0ad5ebb7d91796c77b374785b340ab779799aed54031
2023-03-28 00:21:23,False,3.343e-05,1.083e-08,57600.9,0.0062,0x65...3b3e,https://bscscan.com/tx/0xe165540dba6ff0dad75b0ad5ebb7d91796c77b374785b340ab779799aed54031
2023-03-28 00:15:45,True,3.36e-05,1.088e-08,64285.4,0.007,0x9d...a3af,https://bscscan.com/tx/0x367ec44b364947193fdc046e2b1fc627cfa524742cc46ca2af9823b7ce6ad11b
2023-03-28 00:14:09,False,3.344e-05,1.083e-08,21205564.0,2.29812,0xa7...d11f,https://bscscan.com/tx/0x1dd27b6c744e0ca206c3e07f0cf740f85d383a9bd11aaa3d3a4cde9d92e69629
2023-03-28 00:14:09,False,3.345e-05,1.084e-08,292971.0,0.0317,0xa7...d11f,https://bscscan.com/tx/0x1dd27b6c744e0ca206c3e07f0cf740f85d383a9bd11aaa3d3a4cde9d92e69629
2023-03-28 00:12:56,True,3.362e-05,1.089e-08,73430.9,0.008,0xc8...c1cd,https://bscscan.com/tx/0x6c6a3278fa3cdc064861c907fcda50ac6ae24b360bc7014276be6d9d73ed1c02
2023-03-28 00:10:39,True,3.345e-05,1.089e-08,530781.0,0.0578,0xdb...4ec9,https://bscscan.com/tx/0x9a1f23613670a6c16ab14d00fa81a60884ac5caf32508f29012e57277b219a60
2023-03-28 00:05:31,True,3.362e-05,1.089e-08,913320.0,0.0995,0xc8...41e0,https://bscscan.com/tx/0xcbdfda2887e6352ad2e3cef2f607a949554f0ec61703a1809fa04ef90db72955
2023-03-28 00:02:07,True,3.361e-05,1.089e-08,2343470.0,0.2553,0x2b...2e10,https://bscscan.com/tx/0x2dc10ebf6d16e6a67b875d86da4c4f2af39247aed9300976517f82ab91a776c0
2023-03-27 23:59:31,False,3.349e-05,1.085e-08,103602186.0,11.2438,0xcf...89ae,https://bscscan.com/tx/0xa82228848edc1b9fe45de8742cab6693b527ed0509f992435dc08a316b713ba0
2023-03-27 23:59:31,False,3.353e-05,1.086e-08,11258.7,0.0012,0xcf...89ae,https://bscscan.com/tx/0xa82228848edc1b9fe45de8742cab6693b527ed0509f992435dc08a316b713ba0
2023-03-27 23:59:07,True,3.37e-05,1.092e-08,150900.0,0.0164,0xf4...a552,https://bscscan.com/tx/0x018fdb9cf5ee0c110208aa5953d54ecd97af8fa88c8a0103ed63b0d20cfbfa63
2023-03-27 23:57:58,False,3.353e-05,1.086e-08,4006943.0,0.4354,0xfa...45cf,https://bscscan.com/tx/0xdaed85b1ce2f6c6cb0b470e24af284f4a803e187ebfc49c81d95a8635e691943
2023-03-27 23:57:58,False,3.353e-05,1.086e-08,22715.7,0.0024,0xfa...45cf,https://bscscan.com/tx/0xdaed85b1ce2f6c6cb0b470e24af284f4a803e187ebfc49c81d95a8635e691943
2023-03-27 23:57:13,True,3.37e-05,1.092e-08,4120318.0,0.45,0xd5...62b6,https://bscscan.com/tx/0x3a99fb9ae5ba9054d6b1da6769c2f50e2bb2dc3dcd3c99e489d49df206d7e68f
2023-03-27 23:56:01,False,3.353e-05,1.086e-08,4280037.0,0.4651,0x5c...07eb,https://bscscan.com/tx/0x9a856323ad1bc604a6870896ae4cce6585fbf171f8ca8e26bb357e0cf8c75cd6
2023-03-27 23:56:01,False,3.353e-05,1.086e-08,46600.2,0.005,0x5c...07eb,https://bscscan.com/tx/0x9a856323ad1bc604a6870896ae4cce6585fbf171f8ca8e26bb357e0cf8c75cd6
2023-03-27 23:55:49,True,3.37e-05,1.091e-08,17032491.0,1.85992,0xb4...8245,https://bscscan.com/tx/0xb9ff0f2902d8fe07b7eda39d280ed5aaceec0eedd5ad565fb0d4c17eed912e80
2023-03-27 23:54:43,True,3.352e-05,1.091e-08,100755.0,0.011,0xf6...83b8,https://bscscan.com/tx/0xa7dbc206e5fdacd82261ed78d7cb071d9e52c030025835fa393cfe9cb3c2508b
2023-03-27 23:53:07,False,3.348e-05,1.086e-08,125722.0,0.0136,0x5e...b1df,https://bscscan.com/tx/0x8d33c1ab2536da3aa5a1058ce825146381e40dbde33ae01d0ba8edca5152ec8d
2023-03-27 23:53:07,False,3.348e-05,1.086e-08,25405.2,0.0027,0x5e...b1df,https://bscscan.com/tx/0x8d33c1ab2536da3aa5a1058ce825146381e40dbde33ae01d0ba8edca5152ec8d
2023-03-27 23:52:58,True,3.363e-05,1.091e-08,915965.0,0.1,0xee...c946,https://bscscan.com/tx/0xf1cef7fad62b3d30479feddaff99421b69467c11628d1a3610667f699f7fba12
2023-03-27 23:52:25,True,3.346e-05,1.091e-08,3323568.0,0.3628,0x75...9f95,https://bscscan.com/tx/0x56f65e12cf4f18ca722749cdcfaf5533d3a8cd36999ea86fc811582efe36343a
2023-03-27 23:50:55,False,3.346e-05,1.086e-08,5154297.0,0.5598,0xed...51d8,https://bscscan.com/tx/0x6257bedfdf03a7a3ea81c2ae75ca2902837277d23c850f71f9d8c56adde9f098
2023-03-27 23:50:55,False,3.347e-05,1.086e-08,357581.0,0.0388,0xed...51d8,https://bscscan.com/tx/0x6257bedfdf03a7a3ea81c2ae75ca2902837277d23c850f71f9d8c56adde9f098
2023-03-27 23:49:30,True,3.365e-05,1.091e-08,1042597.0,0.1138,0x02...0fcf,https://bscscan.com/tx/0xb18d08b2de97efb11b38cd6108da01e130f9650ec5cc36627909ec02aaa187b6
2023-03-27 23:45:12,True,3.342e-05,1.091e-08,4580004.0,0.5,0x6b...91c3,https://bscscan.com/tx/0x0a4c84d904ca91b76e51fe51cb3c4cddba4b226dd57612c80aa34f47e3a425ad
2023-03-27 23:44:21,True,3.341e-05,1.091e-08,13732800.0,1.49888,0xc2...7117,https://bscscan.com/tx/0x16517e3937b6d52bf754197d62ce8f97407e770ffae0652646f8375117f3e6b5
2023-03-27 23:42:00,True,3.338e-05,1.09e-08,52049007.0,5.67639,0xfe...5ad3,https://bscscan.com/tx/0xd5a8610b87716070fd2ca32cdbb97f03241bff07851e25f37fa2021f0d6e6b34
2023-03-27 23:41:54,True,3.336e-05,1.089e-08,8607176.0,0.9379,0x93...f1fc,https://bscscan.com/tx/0xfaa91230a692960ed910bf3a7ad76e93128e45f59668dbb680969df8b9c118a1
2023-03-27 23:41:21,True,3.351e-05,1.089e-08,30091045.0,3.27772,0x20...946b,https://bscscan.com/tx/0x2beda76722d07b1d3f07bf21f5302fa00791d9091681c99ee892f5d34f927b43
2023-03-27 23:41:03,True,3.333e-05,1.088e-08,29875.7,0.0032,0x38...9fac,https://bscscan.com/tx/0x5431bc8dde5512037fdfdc5ff2997781a0eec01e7be2b3e3ac115e31b819d357
2023-03-27 23:40:48,False,3.317e-05,1.083e-08,22237900.0,2.40998,0x78...1ec6,https://bscscan.com/tx/0xa270c48f1287060afe8d7604b540fb7713cfdbc6b1c69c109fac6570cdc58825
2023-03-27 23:40:48,False,3.318e-05,1.084e-08,91335.8,0.0099,0x78...1ec6,https://bscscan.com/tx/0xa270c48f1287060afe8d7604b540fb7713cfdbc6b1c69c109fac6570cdc58825
2023-03-27 23:40:24,True,3.351e-05,1.089e-08,917896.0,0.1,0x98...9d4c,https://bscscan.com/tx/0x8cab7064f11b24904436741d5cecfee16f088dfe29301bb51ab7edbfe56e867c
2023-03-27 23:38:42,True,3.336e-05,1.089e-08,1679724.0,0.1829,0x79...8908,https://bscscan.com/tx/0x434077cc4db7db90ae7ca4c000cfce8e1d4b00533fded94f01c2452da2c52c1e
2023-03-27 23:34:57,True,3.334e-05,1.089e-08,14751927.0,1.60677,0x43...cdae,https://bscscan.com/tx/0xd30877949057ba7015ef910d9ec96eb9c73d17eb0709f603085e50d8b5052825
2023-03-27 23:34:39,True,3.35e-05,1.088e-08,120000.0,0.013,0x23...7fa5,https://bscscan.com/tx/0xa0703ec9809ee5b4138a1080cac4443fca431c985a4bb05a601470a48f0e1f19
2023-03-27 23:31:51,False,3.332e-05,1.083e-08,1407788.0,0.1525,0x5a...1ffb,https://bscscan.com/tx/0x22a4b991ef448c47582d1ec03ab9de979f2a19b25acc21b883034addd7a435ca
2023-03-27 23:31:51,False,3.333e-05,1.083e-08,37846.9,0.0041,0x5a...1ffb,https://bscscan.com/tx/0x22a4b991ef448c47582d1ec03ab9de979f2a19b25acc21b883034addd7a435ca
2023-03-27 23:29:51,True,3.351e-05,1.088e-08,7446873.0,0.8109,0x65...0dfd,https://bscscan.com/tx/0x47ad6b62c866e687edb68aa491b3296176dcb4940b38340c62a850b960ff076d
2023-03-27 23:26:06,True,3.349e-05,1.088e-08,773269.0,0.0842,0x5d...7d9f,https://bscscan.com/tx/0xc4c53bad96d2e7bd844f591c55fc4980bb86c23339453c5cad9bc7b4a5083e89
2023-03-27 23:25:15,True,3.349e-05,1.088e-08,1220998.0,0.1329,0x32...d25a,https://bscscan.com/tx/0x432d58dd8a368d936a89f224f0e0574bc01fbf749d034137c5ba3edec6aa6b1c
2023-03-27 23:24:36,False,3.316e-05,1.083e-08,3017149.0,0.3268,0xb8...ad10,https://bscscan.com/tx/0x06d94af1748f34bace314758b3caa3cef1a959ee7791d5161f765de260d91273
2023-03-27 23:24:36,False,3.316e-05,1.083e-08,194363.0,0.021,0xb8...ad10,https://bscscan.com/tx/0x06d94af1748f34bace314758b3caa3cef1a959ee7791d5161f765de260d91273
2023-03-27 23:24:33,True,3.331e-05,1.088e-08,29917942.0,3.25649,0xaf...9dcd,https://bscscan.com/tx/0xca80e012be62fb3d8228be7568072df6230db763cbaae34ded82fac393e92f14
2023-03-27 23:23:15,False,3.313e-05,1.083e-08,41942156.0,4.54316,0x46...2be6,https://bscscan.com/tx/0x892bc0e9e22c115832bae9c2d13ead1610e977a3c0df622f916015bba3be79bc
2023-03-27 23:23:15,False,3.315e-05,1.083e-08,4004.0,4.339e-05,0x46...2be6,https://bscscan.com/tx/0x892bc0e9e22c115832bae9c2d13ead1610e977a3c0df622f916015bba3be79bc
2023-03-27 23:22:39,True,3.35e-05,1.089e-08,192187.0,0.0209,0xac...886e,https://bscscan.com/tx/0x16372fa4270aef3a7db28ce63921b8a3239f88f06dc993c036cd348171929547
2023-03-27 23:22:00,False,3.333e-05,1.083e-08,1286903.0,0.1394,0x39...ea2a,https://bscscan.com/tx/0x60d4cb4c4e6e1378b648fc658c0e3ca19e9011754295909d5c629d2c935f9975
2023-03-27 23:22:00,False,3.333e-05,1.083e-08,2196.96,2.381e-05,0x39...ea2a,https://bscscan.com/tx/0x60d4cb4c4e6e1378b648fc658c0e3ca19e9011754295909d5c629d2c935f9975
2023-03-27 23:20:36,False,3.333e-05,1.083e-08,811247.0,0.0879,0xa8...93de,https://bscscan.com/tx/0x24641ebfb01c946dd04f8998530c8d8e838c25468fc3dc5e923ef594790c28a2
2023-03-27 23:20:36,False,3.333e-05,1.083e-08,11590.9,0.0012,0xa8...93de,https://bscscan.com/tx/0x24641ebfb01c946dd04f8998530c8d8e838c25468fc3dc5e923ef594790c28a2
2023-03-27 23:18:06,False,3.334e-05,1.083e-08,4280037.0,0.4638,0x5c...07eb,https://bscscan.com/tx/0x3e868e26ffc56a768de0806bb934750866b3e82265951f0225a2308ee7ce9171
2023-03-27 23:18:06,False,3.334e-05,1.083e-08,1057413.0,0.1146,0x5c...07eb,https://bscscan.com/tx/0x3e868e26ffc56a768de0806bb934750866b3e82265951f0225a2308ee7ce9171
2023-03-27 23:16:18,True,3.35e-05,1.088e-08,29944877.0,3.26094,0xc1...f4fe,https://bscscan.com/tx/0x95cd7b243dfb7605ada7d45ba2843bff2776903a995a7e76236a6b5f1b6f9791
2023-03-27 23:16:12,True,3.332e-05,1.088e-08,200000.0,0.0217,0xd0...d433,https://bscscan.com/tx/0x0fb0e70cb1c7b6248c861abc8ee5f553bbf8a5dea61fe205372a5771a1228b3c
2023-03-27 23:13:42,True,3.333e-05,1.088e-08,14651881.0,1.59469,0xea...e9b0,https://bscscan.com/tx/0xfa0bada5a459cd4ecd950c9a83dd340358c812453aa1d920d8f8ecefd83896ec
2023-03-27 23:12:54,True,3.348e-05,1.087e-08,17939903.0,1.95178,0xaf...9dcd,https://bscscan.com/tx/0xcf7f9aeb5186bce3e02fb77a8ba95cf95c49aff6a7e8cbe9accc4d4929f72355
2023-03-27 23:12:51,True,3.347e-05,1.087e-08,9010675.0,0.98,0x91...46f0,https://bscscan.com/tx/0x64f3641b5c38aa872805fce060c2f078781bfae90a330f13465df2043fb17fea
2023-03-27 23:12:42,True,3.345e-05,1.087e-08,32840262.0,3.56989,0xae...0095,https://bscscan.com/tx/0x9db6e92f4f7f0bed0c4df38c9c8625e00f2da1a799a494391571d0c9d7589ce0
2023-03-27 23:12:42,True,3.344e-05,1.086e-08,747485.0,0.0812,0x58...c33d,https://bscscan.com/tx/0x930354682110f8fbbb2859f4d541805b6534bb888984427808ef2200df3081a6
2023-03-27 23:12:30,True,3.344e-05,1.086e-08,9204104.0,1.0,0x91...46f0,https://bscscan.com/tx/0xaf8b34fefbf1dc935294a34d608c7acf6ef8a06291b8fb87c091ef5f1a8a9504
2023-03-27 23:11:57,True,3.325e-05,1.085e-08,29968905.0,3.25449,0xaf...9dcd,https://bscscan.com/tx/0x8f08d96a741b6e9455280a588b2e39f83d638a1cb0bba435636494848f613718
2023-03-27 23:11:36,True,3.34e-05,1.085e-08,11556971.0,1.2544,0x20...946b,https://bscscan.com/tx/0x5693b9db75eb9382b1efd98558f33da5a0f923a9bc2bf1dee486b6e295e83c62
2023-03-27 23:11:33,True,3.34e-05,1.085e-08,1220951.0,0.1325,0x06...4daf,https://bscscan.com/tx/0xa09ded1012f8ca8a6f7d3e60234641cb90ae8280a9d84a138df306e3177ff5e5
2023-03-27 23:11:33,True,3.34e-05,1.085e-08,921479.0,0.1,0x9d...8116,https://bscscan.com/tx/0x296fecb3e6842322d93635c27a8fffd10bee152b1c63698edf35a2748cf3fb32
2023-03-27 23:11:06,True,3.323e-05,1.085e-08,184298.0,0.02,0x05...855f,https://bscscan.com/tx/0xb9350728e65c6575dabfacba3e61959fe069b235d6b8a86b7b5bd01dc2f57397
2023-03-27 23:11:00,True,3.339e-05,1.084e-08,14973380.0,1.62461,0x17...4266,https://bscscan.com/tx/0xdcc3173b6f322744b09fdf711a5d6d24d75231004480d73f779c803edf9fcd78
2023-03-27 23:10:48,True,3.337e-05,1.084e-08,30090424.0,3.26302,0x20...946b,https://bscscan.com/tx/0xc1e5a841c153f0410cc0ebb3c053fe4a2699d70b49f7c1b080ceb18c72ea0ff8
2023-03-27 23:10:45,True,3.336e-05,1.083e-08,922512.0,0.1,0x58...6d99,https://bscscan.com/tx/0x651c9bfd2b62718cb708aa35724bbc90ded46ba571971874d9aa034f1dc8009d
2023-03-27 23:10:15,True,3.334e-05,1.083e-08,14992470.0,1.62487,0x9f...d87c,https://bscscan.com/tx/0x93b6badeaf7d60f2e590257011ac9afd4454c9f76c3e45bf18cb63d6a7b8a93c
2023-03-27 23:10:09,True,3.332e-05,1.083e-08,30001857.0,3.24979,0x17...4266,https://bscscan.com/tx/0x6098e38b24697f5d693ea7dc6a38fbf70b4f68bb653dddba3cff97f8364b7233
2023-03-27 23:10:09,True,3.33e-05,1.082e-08,27050998.0,2.92813,0x53...a498,https://bscscan.com/tx/0xc13c8e453c1f32f809667d52b1c8c3939f0109c6dad9ec67c4938c5d5f3ae329
2023-03-27 23:10:09,True,3.328e-05,1.081e-08,30044780.0,3.24994,0x84...40b6,https://bscscan.com/tx/0x499a80ae21c016db4c0415bd2a43d159d4c2d1a942410dd99337ca179911786b
2023-03-27 23:10:06,True,3.325e-05,1.08e-08,30067417.0,3.25002,0x17...4266,https://bscscan.com/tx/0x7d8bd783f39872ec2a65531dcbb6e28da5e25fa6512742b6dce57cb32b7ba84d
2023-03-27 23:09:48,True,3.323e-05,1.08e-08,30091141.0,3.25022,0x20...946b,https://bscscan.com/tx/0xddcb5837ef8d9ee0174065155174aaed891a6701454bcfbbb9d953fe2e018928
2023-03-27 23:09:30,False,3.288e-05,1.074e-08,97514.4,0.0104,0x06...937e,https://bscscan.com/tx/0x2849849acc766ebef48022190ef53163f618241f319ff873efbe257b2191b4a8
2023-03-27 23:09:30,False,3.288e-05,1.074e-08,83179.3,0.0089,0x06...937e,https://bscscan.com/tx/0x2849849acc766ebef48022190ef53163f618241f319ff873efbe257b2191b4a8
2023-03-27 23:09:09,True,3.304e-05,1.079e-08,30157131.0,3.25499,0xc1...f4fe,https://bscscan.com/tx/0xf0096275ecd3ebcdac8e367b4910fe125b251ec915e648218ad86de8e41ea979
2023-03-27 23:08:57,False,3.303e-05,1.073e-08,648050.0,0.0695,0xf5...bec8,https://bscscan.com/tx/0x8d78fa95711068bd0de24c70d217a5b5fdd25fee46e1fc87d8f0a23110c8ccf5
2023-03-27 23:08:57,False,3.303e-05,1.073e-08,86513.1,0.0092,0xf5...bec8,https://bscscan.com/tx/0x8d78fa95711068bd0de24c70d217a5b5fdd25fee46e1fc87d8f0a23110c8ccf5
2023-03-27 23:08:57,True,3.319e-05,1.078e-08,92681.2,0.01,0x13...cf9b,https://bscscan.com/tx/0xe44025e35cc087636065e791217fce567c132e5251479d59866f1bc9841ea0bc
2023-03-27 23:08:54,True,3.318e-05,1.078e-08,30091158.0,3.24555,0x20...946b,https://bscscan.com/tx/0xcdafc6f02dfc7a17874e2bb73461b07232b760044c2ec00e29e20959979e84e7
2023-03-27 23:06:48,False,3.283e-05,1.072e-08,1852485.0,0.1987,0x5a...224e,https://bscscan.com/tx/0x339286736e95227f635326c2a6b4f1ed4b2c9c7d0e464ddfcddab26b12fafcc7
2023-03-27 23:06:48,False,3.283e-05,1.072e-08,8170.81,8.766e-05,0x5a...224e,https://bscscan.com/tx/0x339286736e95227f635326c2a6b4f1ed4b2c9c7d0e464ddfcddab26b12fafcc7
2023-03-27 23:04:24,False,3.284e-05,1.072e-08,3017149.0,0.3237,0xb8...ad10,https://bscscan.com/tx/0x898edf1d345d1d84f520b8bcd41b89996bd3b50005ecdcac2859b6aafd0f6f84
2023-03-27 23:04:24,False,3.284e-05,1.072e-08,176215.0,0.0189,0xb8...ad10,https://bscscan.com/tx/0x898edf1d345d1d84f520b8bcd41b89996bd3b50005ecdcac2859b6aafd0f6f84
2023-03-27 23:04:12,True,3.317e-05,1.078e-08,4441845.0,0.4789,0x98...797c,https://bscscan.com/tx/0x3b75002b04056941bf6f317f4680818b9dd2f0f2adf432768dfc6a7581abd09a
2023-03-27 23:04:03,True,3.315e-05,1.077e-08,24138413.0,2.60184,0x77...906a,https://bscscan.com/tx/0x9d295e4756c843bad544f3ac28bb4b9f6da9ecae12dcfd9697e4b6bb44d65e51
2023-03-27 23:03:33,True,3.313e-05,1.077e-08,30300079.0,3.26384,0xc1...f4fe,https://bscscan.com/tx/0xe438ad1a860c6bdc2bb474b1e51ef06cdb4e7dd685be00f876369772db8df093
2023-03-27 22:59:06,False,3.28e-05,1.071e-08,6365240.0,0.682,0x68...403a,https://bscscan.com/tx/0x84409d4ec97e04da25082d56ec7fc636d70466284cd7ad5a3d6e59c4ef1f523c
2023-03-27 22:59:06,False,3.281e-05,1.071e-08,91106.8,0.0097,0x68...403a,https://bscscan.com/tx/0x84409d4ec97e04da25082d56ec7fc636d70466284cd7ad5a3d6e59c4ef1f523c
2023-03-27 22:57:57,True,3.298e-05,1.076e-08,30269481.0,3.25867,0xc1...f4fe,https://bscscan.com/tx/0x9e001ab3afe064ca916c5ba3945518c5cd409856088ed532122e3f668262cc19
2023-03-27 22:54:21,False,3.297e-05,1.07e-08,3463347.0,0.3708,0xbf...2ba8,https://bscscan.com/tx/0xd7d64780a1bbbe91ed9a16d4e1b4318e9edd91f6e8eea51b911cf920f0b3b2f0
2023-03-27 22:54:21,False,3.297e-05,1.07e-08,40500.0,0.0043,0xbf...2ba8,https://bscscan.com/tx/0xd7d64780a1bbbe91ed9a16d4e1b4318e9edd91f6e8eea51b911cf920f0b3b2f0
2023-03-27 22:51:21,False,3.299e-05,1.071e-08,14955000.0,1.60178,0xea...e9b0,https://bscscan.com/tx/0xea965af18f8242024bf25ecaa58133d2acb764e3b0fd6d7784a62f04589ab5f4
2023-03-27 22:51:21,False,3.299e-05,1.071e-08,4485.81,4.805e-05,0xea...e9b0,https://bscscan.com/tx/0xea965af18f8242024bf25ecaa58133d2acb764e3b0fd6d7784a62f04589ab5f4
2023-03-27 22:49:36,False,3.281e-05,1.071e-08,1656429.0,0.1774,0x06...88ef,https://bscscan.com/tx/0x4b6da3622e99c85d4b378ef5a3b24ad6373e67b2413bb3db04c70523650bbdde
2023-03-27 22:49:36,False,3.281e-05,1.071e-08,61520.5,0.0065,0x06...88ef,https://bscscan.com/tx/0x4b6da3622e99c85d4b378ef5a3b24ad6373e67b2413bb3db04c70523650bbdde
2023-03-27 22:47:39,True,3.314e-05,1.076e-08,928789.0,0.1,0xc8...7a4c,https://bscscan.com/tx/0x9f1d21cc71223b193e7d98f86c2a2286f113d7582941eb8526dab8e58e98f39e
2023-03-27 22:46:45,True,3.313e-05,1.076e-08,599077.0,0.0645,0x9d...06d0,https://bscscan.com/tx/0x0e98da930b497d5523601767c2d17ea177c0bb4db1d2413547b6c68f2ff2c844
2023-03-27 22:46:15,True,3.313e-05,1.076e-08,1000000.0,0.1076,0x73...83a1,https://bscscan.com/tx/0x80381140c150cfbdd163379ad16b45b4e363d8f339b6610bd6fe6f8d99f3ee56
2023-03-27 22:41:57,True,3.296e-05,1.076e-08,928846.0,0.1,0x99...fe0e,https://bscscan.com/tx/0x18206a39fbafba860cfe655c381d427ead3573e7400d25d0bcb40a9857f79a07
2023-03-27 22:41:24,True,3.313e-05,1.076e-08,83917.3,0.009,0x6a...85da,https://bscscan.com/tx/0xcf937f3230fcefd28fbb08c0995a9bea6f5088462436df9ca8201dabff929adf
2023-03-27 22:40:06,False,3.297e-05,1.071e-08,19187016.0,2.05582,0x01...fd96,https://bscscan.com/tx/0x37ced3fd2e2d3d4dbcfc01f2ee5bc6e929c681703088edfa5c66db78548edb8a
2023-03-27 22:40:06,False,3.298e-05,1.071e-08,5691.9,6.1e-05,0x01...fd96,https://bscscan.com/tx/0x37ced3fd2e2d3d4dbcfc01f2ee5bc6e929c681703088edfa5c66db78548edb8a
2023-03-27 22:38:57,True,3.296e-05,1.077e-08,204255.0,0.022,0x06...0cde,https://bscscan.com/tx/0xe6d36f844e5e6baf60bb524e7b3df061a4aa61be27170fbae44e79f30b88e655
2023-03-27 22:38:24,True,3.295e-05,1.077e-08,363353.0,0.0391,0xbb...c106,https://bscscan.com/tx/0x3344a0623e718bf075ac0261bf309d5709c3fd0bbbdf707b7d63fe049541b943
2023-03-27 22:37:30,True,3.297e-05,1.077e-08,1195831.0,0.1288,0x56...80e6,https://bscscan.com/tx/0x70519c3e7a45a59a9cfeac0e5be9df9caef48e0f1b292d2c5f680a8a35652321
2023-03-27 22:36:27,False,3.295e-05,1.071e-08,343640.0,0.0368,0xeb...d7bd,https://bscscan.com/tx/0xd09262a57f77749d14fd11274ce0173077cc7c6eb1d9c7985c548873fe08775a
2023-03-27 22:36:27,False,3.295e-05,1.071e-08,312861.0,0.0335,0xeb...d7bd,https://bscscan.com/tx/0xd09262a57f77749d14fd11274ce0173077cc7c6eb1d9c7985c548873fe08775a
2023-03-27 22:35:57,True,3.312e-05,1.077e-08,1392704.0,0.15,0x59...9991,https://bscscan.com/tx/0x00717861dfd7516f5b179e01385cf238b7cad65c3977375245c0ed8b458e5a4d
2023-03-27 22:35:15,True,3.295e-05,1.076e-08,4000000.0,0.4307,0xe4...9432,https://bscscan.com/tx/0xe1f7483859d2f35e53c2ead31156193f3659c192c9b4171253c64fd34f6677ce
2023-03-27 22:33:45,True,3.31e-05,1.076e-08,30257965.0,3.25735,0xaf...9dcd,https://bscscan.com/tx/0x995ae5abc5c433c938528e2b3ed2f19b72d5b590607ed18fbf94bca0c69e35c3
2023-03-27 22:29:55,True,3.306e-05,1.075e-08,49279821.0,5.3,0x8f...5213,https://bscscan.com/tx/0x403a763a4e963b12b664160bf4789159a93e83156e9e507af881968baebcccea
2023-03-27 22:29:55,True,3.303e-05,1.074e-08,30343306.0,3.26026,0xc1...f4fe,https://bscscan.com/tx/0xa2e3bd1c9e7ed76e281560c3e50c54cc11e2a0cf67eae3782f22196bf21a1193
2023-03-27 22:29:15,True,3.285e-05,1.074e-08,81644.0,0.0087,0xce...c181,https://bscscan.com/tx/0xccc08d45384d6c66d3049208345a58bb66b8d320ee6b685dc7e331d83cf316df
2023-03-27 22:28:42,False,3.285e-05,1.068e-08,517421.0,0.0553,0x89...68cf,https://bscscan.com/tx/0x1e688552065f42e798c5ad3ac0e8f461d355e7f45fd41c1b60885e318fd2d5f9
2023-03-27 22:28:42,False,3.285e-05,1.068e-08,46706.2,0.0049,0x89...68cf,https://bscscan.com/tx/0x1e688552065f42e798c5ad3ac0e8f461d355e7f45fd41c1b60885e318fd2d5f9
2023-03-27 22:27:57,True,3.285e-05,1.074e-08,606115.0,0.0651,0x38...9fac,https://bscscan.com/tx/0xa8f033392d4f81c8a558912a3b3f993b4cb736956aa4f273cfc410d32185a620
2023-03-27 22:27:42,False,3.286e-05,1.068e-08,16642384.0,1.77892,0x42...6722,https://bscscan.com/tx/0xb2ca4b667929d3b728ce9db0a318bccc1d0ca1994ca8330bc73accb6666b0125
2023-03-27 22:27:42,False,3.287e-05,1.069e-08,1030848.0,0.1102,0x42...6722,https://bscscan.com/tx/0xb2ca4b667929d3b728ce9db0a318bccc1d0ca1994ca8330bc73accb6666b0125
2023-03-27 22:26:54,True,3.287e-05,1.074e-08,200000.0,0.0214,0x83...95a8,https://bscscan.com/tx/0x515c1d27fd048e49b6409b4afbcb7c1069b227d6a81c500b7130fa220008ad8b
2023-03-27 22:25:51,True,3.302e-05,1.074e-08,1819033.0,0.1954,0xbb...c106,https://bscscan.com/tx/0xd6ac3651173c1d8179149271d849fd8ec4621ce3c5f5fc1f1edfe27b44b6acb1
2023-03-27 22:25:33,True,3.303e-05,1.074e-08,11840563.0,1.27205,0x56...f567,https://bscscan.com/tx/0xc39d52e3276797db8859486c78b5973267ad819ae2c5559cda73064b7d8613d8
2023-03-27 22:25:33,True,3.302e-05,1.073e-08,14726397.0,1.58157,0xf5...2561,https://bscscan.com/tx/0xf6c555ced85c84ed33959f54d70be0f4a8add37fde5a5f51aced9c9557cbbc11
2023-03-27 22:25:33,True,3.3e-05,1.073e-08,29776654.0,3.1962,0x9f...6109,https://bscscan.com/tx/0x5923a0807f68cf401ee1c171c64f97ac8a783aa754779502aa5ce14159a9a95b
2023-03-27 22:25:33,False,3.296e-05,1.072e-08,348950000.0,37.4129,0x0f...66ea,https://bscscan.com/tx/0x6b42b1986c923ffec87f488614c7b28418588f0892a066edd41524f8c2cb0446
2023-03-27 22:25:33,False,3.31e-05,1.076e-08,152636.0,0.0164,0x0f...66ea,https://bscscan.com/tx/0x6b42b1986c923ffec87f488614c7b28418588f0892a066edd41524f8c2cb0446
2023-03-27 22:24:30,True,3.31e-05,1.081e-08,6269685.0,0.6783,0xca...3308,https://bscscan.com/tx/0xf1fec57640e95f2f7c8cff278626301085b75e8887494b1d3f3e1cacb022bf00
2023-03-27 22:24:30,True,3.309e-05,1.081e-08,7057440.0,0.7634,0xbb...04a5,https://bscscan.com/tx/0x6bc307e2ef07e38deb7ee7edf23a967e6784bc6c29f236283d6c4bec61846b84
2023-03-27 22:24:30,False,3.295e-05,1.077e-08,55908354.0,6.02164,0x06...71dd,https://bscscan.com/tx/0x52241cbe2bb3b16172cfd09df88916204a0436d66b0d4e0cb9412c60dc78cbe9
2023-03-27 22:24:30,False,3.297e-05,1.077e-08,137670.0,0.0148,0x06...71dd,https://bscscan.com/tx/0x52241cbe2bb3b16172cfd09df88916204a0436d66b0d4e0cb9412c60dc78cbe9
2023-03-27 22:24:24,False,3.316e-05,1.078e-08,50836030.0,5.48241,0x0c...c0eb,https://bscscan.com/tx/0xa251b1d5246d3c8f680b0974f6579161cdafe056a19c1b86be06813a424eefbc
2023-03-27 22:24:24,False,3.318e-05,1.079e-08,6801.0,7.339e-05,0x0c...c0eb,https://bscscan.com/tx/0xa251b1d5246d3c8f680b0974f6579161cdafe056a19c1b86be06813a424eefbc
2023-03-27 22:21:42,True,3.334e-05,1.084e-08,781947.0,0.0848,0x38...9fac,https://bscscan.com/tx/0xd2941f7ec91ed7cc53da9800a0b6366e4aafdc69227a1969e8b409a3dc6d0138
2023-03-27 22:20:36,True,3.317e-05,1.084e-08,180008.0,0.0195,0xfa...9f46,https://bscscan.com/tx/0x9b0350eda4d2200064932acbe2538cb06f193fffe06566eaccc078abb0d9176e
2023-03-27 22:20:30,False,3.301e-05,1.079e-08,1552263.0,0.1675,0x89...68cf,https://bscscan.com/tx/0xd2700bbe9cf2b0fd7523f68756d88d00f9d82a200e3e064c0fc2909a9f2a1333
2023-03-27 22:20:30,False,3.301e-05,1.079e-08,1995.29,2.153e-05,0x89...68cf,https://bscscan.com/tx/0xd2700bbe9cf2b0fd7523f68756d88d00f9d82a200e3e064c0fc2909a9f2a1333
