datetime,buy_order,price_USD,price_native,amount_token,total_native,maker,etherscan_url
2023-03-20 09:03:27,False,4.075e-05,1.211e-08,398800.0,0.0483,0xce...b6cc,https://bscscan.com/tx/0x20cc4929b47639d85f28ed71dd4537c7c4e62266fd1e813eb902a56ec288809b
2023-03-20 09:03:27,False,4.076e-05,1.211e-08,50003.2,0.006,0xce...b6cc,https://bscscan.com/tx/0x20cc4929b47639d85f28ed71dd4537c7c4e62266fd1e813eb902a56ec288809b
2023-03-20 09:03:18,True,4.096e-05,1.217e-08,1292501.0,0.1574,0xb1...a09b,https://bscscan.com/tx/0x67afe4328632f366fec5855cc3a53cd9965b764af35897d84bbac0a039aebede
2023-03-20 09:03:12,False,4.053e-05,1.212e-08,17175513.0,2.08188,0x48...08c6,https://bscscan.com/tx/0x4a4f13eaf566dc318bac2420c12062a3aba07258af716fc907d47e21d4f829e7
2023-03-20 09:03:12,False,4.054e-05,1.212e-08,30351.0,0.0036,0x48...08c6,https://bscscan.com/tx/0x4a4f13eaf566dc318bac2420c12062a3aba07258af716fc907d47e21d4f829e7
2023-03-20 09:03:02,True,4.095e-05,1.218e-08,666666.0,0.0812,0x01...4ce3,https://bscscan.com/tx/0x71133f263244eed1e4a4f48bf7f5f5d55135b8f2e3fa697e4c3095336e1da794
2023-03-20 09:02:56,False,4.075e-05,1.212e-08,9970000.0,1.20889,0x0e...2626,https://bscscan.com/tx/0x36cd6bcd9e6d864bd0124a0ad0ffb786f4f2a5c3e3a8d0d93cac678b6936f267
2023-03-20 09:02:56,False,4.076e-05,1.212e-08,121089.0,0.0146,0x0e...2626,https://bscscan.com/tx/0x36cd6bcd9e6d864bd0124a0ad0ffb786f4f2a5c3e3a8d0d93cac678b6936f267
2023-03-20 09:02:44,True,4.072e-05,1.218e-08,42505489.0,5.17761,0xb0...3e6d,https://bscscan.com/tx/0xe5a9f698342a6fc328d274e7f6799364846765342016bc52587fff96d96ff3a0
2023-03-20 09:02:32,True,4.069e-05,1.217e-08,156387.0,0.019,0xcf...9e5c,https://bscscan.com/tx/0x660ec8519ba2948d34acad0df4b44f0cc7885bbf8a7f8f085675b75c8922ebd0
2023-03-20 09:01:50,False,4.067e-05,1.211e-08,2179528.0,0.264,0x0b...6aaa,https://bscscan.com/tx/0xa139edcee3bbedb093171e60c1f652f0e5b78c238607e386d803400e138d457f
2023-03-20 09:01:50,False,4.067e-05,1.211e-08,23087.2,0.0028,0x0b...6aaa,https://bscscan.com/tx/0xa139edcee3bbedb093171e60c1f652f0e5b78c238607e386d803400e138d457f
2023-03-20 09:00:23,True,4.066e-05,1.217e-08,1357170.0,0.1652,0xb1...a09b,https://bscscan.com/tx/0x8c0579cb78b1543dc031044e51717a57ff4a7a339f86365627070e43f69b3ab9
2023-03-20 09:00:14,False,4.066e-05,1.211e-08,2359545.0,0.2858,0x24...a2ac,https://bscscan.com/tx/0x6c7e13218e31e6ab368b877b28af525005437b174f371f8347eb4fee698cb7e0
2023-03-20 09:00:14,False,4.066e-05,1.211e-08,29811.0,0.0036,0x24...a2ac,https://bscscan.com/tx/0x6c7e13218e31e6ab368b877b28af525005437b174f371f8347eb4fee698cb7e0
2023-03-20 08:59:56,True,4.066e-05,1.217e-08,806870.0,0.0982,0xd9...efce,https://bscscan.com/tx/0x4866fd04bdb787b4b4dcaa7e97dde38f5c4742053f26fd94ff731defeda3343d
2023-03-20 08:59:47,False,4.046e-05,1.211e-08,7851319.0,0.9512,0xa1...05f3,https://bscscan.com/tx/0x0096836824ce55e549f85e66f52cae0d6fb4b4e00eb6c2798f9d3a0d34cc8dda
2023-03-20 08:59:47,False,4.047e-05,1.211e-08,43821.3,0.0053,0xa1...05f3,https://bscscan.com/tx/0x0096836824ce55e549f85e66f52cae0d6fb4b4e00eb6c2798f9d3a0d34cc8dda
2023-03-20 08:59:02,True,4.098e-05,1.217e-08,7355132.0,0.8955,0x70...5754,https://bscscan.com/tx/0x0509f61b8792115053b707454e70b930ed501ab39d284280b7451c036ff12398
2023-03-20 08:58:56,False,4.047e-05,1.211e-08,8848370.0,1.07205,0x73...7014,https://bscscan.com/tx/0xe8c8cd263d49ba3349196149c26970c360c52bd9e0b5fab3b1313fae1c23fbaf
2023-03-20 08:58:56,False,4.047e-05,1.211e-08,61951.5,0.0075,0x73...7014,https://bscscan.com/tx/0xe8c8cd263d49ba3349196149c26970c360c52bd9e0b5fab3b1313fae1c23fbaf
2023-03-20 08:58:17,True,4.087e-05,1.217e-08,20944996.0,2.55,0x55...ce90,https://bscscan.com/tx/0x6af6f88ecd89585292efe7b51249a6eda9a8d9b492f290bb178947143595697e
2023-03-20 08:57:17,False,4.065e-05,1.211e-08,1994000.0,0.2414,0x53...435b,https://bscscan.com/tx/0xf36cbb2df654b3e5676c0061dced8aa4f78c8911501fd3e8e0d5f0679a3b7743
2023-03-20 08:57:17,False,4.065e-05,1.211e-08,19919.6,0.0024,0x53...435b,https://bscscan.com/tx/0xf36cbb2df654b3e5676c0061dced8aa4f78c8911501fd3e8e0d5f0679a3b7743
2023-03-20 08:56:59,False,4.045e-05,1.211e-08,373451.0,0.0452,0x36...7e71,https://bscscan.com/tx/0xa9e8909c78bb916588e0a4b8864c42d8b98a7e737909d91792242cdeac4ecdb7
2023-03-20 08:56:59,False,4.045e-05,1.211e-08,716645.0,0.0868,0x36...7e71,https://bscscan.com/tx/0xa9e8909c78bb916588e0a4b8864c42d8b98a7e737909d91792242cdeac4ecdb7
2023-03-20 08:56:05,True,4.065e-05,1.217e-08,886045.0,0.1078,0x01...4ce3,https://bscscan.com/tx/0x04f6845692e28dde9bcb5f9a9340fca32622683bd0555e5f4a5caa0358f2fc51
2023-03-20 08:55:53,True,4.065e-05,1.217e-08,12540128.0,1.52616,0x26...e45e,https://bscscan.com/tx/0xe7e706a6fbfe24203fff386be8b4d1591dab97fe4f7105337cde03cd97cbb286
2023-03-20 08:55:47,True,4.082e-05,1.216e-08,35012309.0,4.25846,0x3e...8467,https://bscscan.com/tx/0x1a227298da85df3546a71a091cba85b19de7a23d756d033309fe7a88866c3d06
2023-03-20 08:55:44,True,4.08e-05,1.215e-08,16649767.0,2.02372,0x46...1fd0,https://bscscan.com/tx/0x6fbaa553bcf2d50bbc9bd06a464e1b317db395f9b80be100994b509f549a12aa
2023-03-20 08:55:44,True,4.072e-05,1.213e-08,122567957.0,14.8711,0x5c...216d,https://bscscan.com/tx/0x8e23dd79f0c9bf998a03c8122bee9215e67a31afaa415b82acf494715351d8cf
2023-03-20 08:55:29,True,4.064e-05,1.21e-08,30085139.0,3.64306,0x20...946b,https://bscscan.com/tx/0xf36cfa32d2f42515bd86b388d4dbfef2f6803b39972e51dab6428fa986fce082
2023-03-20 08:54:59,True,4.041e-05,1.21e-08,12272368.0,1.48527,0x76...c688,https://bscscan.com/tx/0x2e4d5603964385ece941927fd305336cea7d12cd29b8d4cc89ba6f098b1a4a36
2023-03-20 08:54:50,True,4.041e-05,1.21e-08,2487116.0,0.3009,0xc8...4cc5,https://bscscan.com/tx/0x4ad328d6e71acb75b8fe7a3ef34a5f4043ac7f99f002ff87ec5c1bbc2118678a
2023-03-20 08:54:41,True,4.061e-05,1.209e-08,666666.0,0.0806,0x01...4ce3,https://bscscan.com/tx/0x0db9be86d3516effe29c50e9bb2efdea33f8b3dec5bc40344a713f7018e5c156
2023-03-20 08:54:38,False,4.042e-05,1.204e-08,31421152.0,3.78441,0x76...676d,https://bscscan.com/tx/0xb27c439cba5d73263feda12e22cd2152e5e00ce4dc76dca560ccaf705ad331c8
2023-03-20 08:54:38,False,4.044e-05,1.204e-08,33065.7,0.0039,0x76...676d,https://bscscan.com/tx/0xb27c439cba5d73263feda12e22cd2152e5e00ce4dc76dca560ccaf705ad331c8
2023-03-20 08:54:32,False,4.045e-05,1.205e-08,12209811.0,1.47139,0xb3...902c,https://bscscan.com/tx/0xaa8cc1d92654ed1ab4fdfc344a077713953f7a1fe79e1a5b97fb794415839e73
2023-03-20 08:54:32,False,4.045e-05,1.205e-08,27762.4,0.0033,0xb3...902c,https://bscscan.com/tx/0xaa8cc1d92654ed1ab4fdfc344a077713953f7a1fe79e1a5b97fb794415839e73
2023-03-20 08:54:29,False,4.046e-05,1.205e-08,10251528.0,1.23575,0x6a...3665,https://bscscan.com/tx/0xf60235d19cb95601c66b612760066bd185fd008eb816e37fc9f4ef36f5c3ee47
2023-03-20 08:54:29,False,4.046e-05,1.205e-08,410597.0,0.0495,0x6a...3665,https://bscscan.com/tx/0xf60235d19cb95601c66b612760066bd185fd008eb816e37fc9f4ef36f5c3ee47
2023-03-20 08:54:14,True,4.065e-05,1.211e-08,22041151.0,2.66987,0x4a...e44b,https://bscscan.com/tx/0x78f830059c25b75d65ab24c3f93a9ab38019a0426e9c1ac4cd90b6bf1ab8ad60
2023-03-20 08:53:56,False,4.05e-05,1.206e-08,129641805.0,15.6468,0x09...ef12,https://bscscan.com/tx/0x8edcaedc52feceb0f6f34542102e2aa7cd34eb82ff401157e9f484eb5cd4904c
2023-03-20 08:53:56,False,4.057e-05,1.208e-08,6468.72,7.82e-05,0x09...ef12,https://bscscan.com/tx/0x8edcaedc52feceb0f6f34542102e2aa7cd34eb82ff401157e9f484eb5cd4904c
2023-03-20 08:53:44,False,4.037e-05,1.208e-08,2388635.0,0.2887,0xa6...331e,https://bscscan.com/tx/0x352976788f216e6b2f6cbc89b4e528a42793dd89c1bc5b95fa4036ce58af4cf1
2023-03-20 08:53:44,False,4.037e-05,1.209e-08,8602.19,0.001,0xa6...331e,https://bscscan.com/tx/0x352976788f216e6b2f6cbc89b4e528a42793dd89c1bc5b95fa4036ce58af4cf1
2023-03-20 08:53:41,False,4.037e-05,1.209e-08,3176440.0,0.384,0x02...fdf2,https://bscscan.com/tx/0x194ff5d5e8130bed67e102b7b19e56a264947b6e7dedec4a4dd35cc56f72d59a
2023-03-20 08:53:41,False,4.038e-05,1.209e-08,32128.9,0.0038,0x02...fdf2,https://bscscan.com/tx/0x194ff5d5e8130bed67e102b7b19e56a264947b6e7dedec4a4dd35cc56f72d59a
2023-03-20 08:53:32,True,4.058e-05,1.215e-08,3320387.0,0.4034,0x08...9187,https://bscscan.com/tx/0x465a0ea1aee93a41bbc2524e93252ccd8a3bec6a2ecb1f2350eae611817c33d9
2023-03-20 08:52:14,False,4.03e-05,1.209e-08,8553456.0,1.03423,0x4f...fe3e,https://bscscan.com/tx/0xd036f579ed6bf3f46478f94dd036c9078311594a478262ea082c7ad918475ac1
2023-03-20 08:52:14,False,4.031e-05,1.209e-08,14.9435,1.807e-07,0x4f...fe3e,https://bscscan.com/tx/0xd036f579ed6bf3f46478f94dd036c9078311594a478262ea082c7ad918475ac1
2023-03-20 08:51:56,False,4.038e-05,1.209e-08,5518.04,6.672e-05,0xac...cfa3,https://bscscan.com/tx/0xf94178f8179b89e9c25beb30799155fb7e404776f3b2ff8624dbc7a9a0c5ccdb
2023-03-20 08:51:56,False,4.038e-05,1.209e-08,48935.7,0.0059,0xac...cfa3,https://bscscan.com/tx/0xf94178f8179b89e9c25beb30799155fb7e404776f3b2ff8624dbc7a9a0c5ccdb
2023-03-20 08:50:20,True,4.077e-05,1.215e-08,17082863.0,2.07569,0xbf...95ea,https://bscscan.com/tx/0x0d85685a49f04e5f9deb4ce1de438c3795e4245566e67d5c9c4e970561b0613a
2023-03-20 08:50:11,False,4.036e-05,1.208e-08,1038333.0,0.1255,0xdd...4f50,https://bscscan.com/tx/0x57c99c9bd3465367301d936c4ee26d8bcd410b99f03198702527fd196e0a3f7c
2023-03-20 08:50:11,False,4.036e-05,1.208e-08,50538.6,0.0061,0xdd...4f50,https://bscscan.com/tx/0x57c99c9bd3465367301d936c4ee26d8bcd410b99f03198702527fd196e0a3f7c
2023-03-20 08:50:11,True,4.055e-05,1.214e-08,17718008.0,2.15197,0xa0...3d15,https://bscscan.com/tx/0xc9c4151a1fea74dc0cb02d112c52e01301b81542774292efb5f3d2605a5eed31
2023-03-20 08:50:08,False,4.034e-05,1.208e-08,997002.0,0.1204,0x92...f013,https://bscscan.com/tx/0x7640e4bf85a4ca26ce96fc6bd0424adc8af98cc57791c003c27ed3640dcecbd0
2023-03-20 08:50:08,False,4.034e-05,1.208e-08,186958.0,0.0225,0x92...f013,https://bscscan.com/tx/0x7640e4bf85a4ca26ce96fc6bd0424adc8af98cc57791c003c27ed3640dcecbd0
2023-03-20 08:50:02,True,4.054e-05,1.214e-08,1254377.0,0.1523,0xfd...8a71,https://bscscan.com/tx/0x19fb08a3d46734af5da0fd16ae9bcf86bd400a8e83bed666cb44aaed4b15a55a
2023-03-20 08:49:56,True,4.076e-05,1.214e-08,10313315.0,1.25216,0x6a...3665,https://bscscan.com/tx/0xe2ef32c8a4d908e8be67d308409bdb4f6dd96c9fabc04750dc1c983b71c411ef
2023-03-20 08:49:53,True,4.075e-05,1.213e-08,1094940.0,0.1329,0xad...1ec0,https://bscscan.com/tx/0x36bddb69a6bec362b02b61e28b297b71b4dfa425f4e17707309f6a114dcb8775
2023-03-20 08:49:53,True,4.074e-05,1.213e-08,24474102.0,2.97005,0x7a...8394,https://bscscan.com/tx/0x09f5ca0882fe53aa7eca102ddff986fa79e69f944aee3f207a9b62f96bf1f9c8
2023-03-20 08:49:32,True,4.07e-05,1.213e-08,255531.0,0.031,0xf1...fa6f,https://bscscan.com/tx/0x357e1bb8f99f354d25c6f9ea14197bb62fe87de7d41681639df40364c96a3b8b
2023-03-20 08:48:50,False,4.053e-05,1.207e-08,31755895.0,3.83482,0x84...ebf9,https://bscscan.com/tx/0xfab28dd6eb4c7a30a2ce90baa3276902d30419761739ae0e48eea19670b121e0
2023-03-20 08:48:50,False,4.055e-05,1.208e-08,3563.72,4.305e-05,0x84...ebf9,https://bscscan.com/tx/0xfab28dd6eb4c7a30a2ce90baa3276902d30419761739ae0e48eea19670b121e0
2023-03-20 08:48:44,False,4.054e-05,1.208e-08,1315938.0,0.1589,0x58...981b,https://bscscan.com/tx/0x5718a8904731695ec1dd99851f3fdd51c26dba768ab9aed6ec4f5aed41899c41
2023-03-20 08:48:44,False,4.054e-05,1.208e-08,38525.7,0.0046,0x58...981b,https://bscscan.com/tx/0x5718a8904731695ec1dd99851f3fdd51c26dba768ab9aed6ec4f5aed41899c41
2023-03-20 08:47:53,True,4.053e-05,1.214e-08,8380000.0,1.01738,0xfb...3cb4,https://bscscan.com/tx/0x12263c0da407c1b6332f53a1d2fcf31563902bca3a2f911cb703ae3027177539
2023-03-20 08:47:32,True,4.053e-05,1.213e-08,1266721.0,0.1537,0x65...a81e,https://bscscan.com/tx/0xe162b5014ccb058e4d67110ac77c2fb0373f08ad035084360ddacf90b7a1750e
2023-03-20 08:46:50,True,4.076e-05,1.213e-08,809558.0,0.0982,0xf5...a076,https://bscscan.com/tx/0xe178b4fb88fcbba184a1668dcd63edbf81b66bed3ef5ae349f0b3fa470289b1e
2023-03-20 08:46:26,False,4.036e-05,1.207e-08,608235.0,0.0734,0x30...d3b1,https://bscscan.com/tx/0x02d1ec56e5619d538c4b92d1455edfa567555d809066ccd2ee13062a13000eda
2023-03-20 08:46:26,False,4.036e-05,1.207e-08,122710.0,0.0148,0x30...d3b1,https://bscscan.com/tx/0x02d1ec56e5619d538c4b92d1455edfa567555d809066ccd2ee13062a13000eda
2023-03-20 08:46:17,False,4.038e-05,1.208e-08,45311701.0,5.47604,0xe8...bbe9,https://bscscan.com/tx/0xf024776f80d7b153a1353cb6b9ce262109ca7f3ad809300d3f89ef16b0a3e7a5
2023-03-20 08:46:17,False,4.04e-05,1.209e-08,462.195,5.588e-06,0xe8...bbe9,https://bscscan.com/tx/0xf024776f80d7b153a1353cb6b9ce262109ca7f3ad809300d3f89ef16b0a3e7a5
2023-03-20 08:45:59,False,4.04e-05,1.209e-08,170670.0,0.0206,0x0d...1994,https://bscscan.com/tx/0x9e6d68ed1be7610d5f936a2e0339590bb71fd14316397611659c71ebf710f4e3
2023-03-20 08:45:59,False,4.04e-05,1.209e-08,220840.0,0.0267,0x0d...1994,https://bscscan.com/tx/0x9e6d68ed1be7610d5f936a2e0339590bb71fd14316397611659c71ebf710f4e3
2023-03-20 08:45:44,True,4.078e-05,1.214e-08,24034259.0,2.92,0xb6...d9ae,https://bscscan.com/tx/0xd21ed9089132ef8cc2b55d630d23bedf85904da179ca701e4a9d5127319aad67
2023-03-20 08:45:20,True,4.077e-05,1.214e-08,9450682.0,1.1477,0x32...cf44,https://bscscan.com/tx/0x19fa30c2070643c3bcc873dc63489474d8ade3a10e5e8858034496b618f3dac3
2023-03-20 08:45:20,True,4.075e-05,1.213e-08,28218130.0,3.42518,0x92...64ef,https://bscscan.com/tx/0xc19fc38f394b3e611259d6e0a95a9a4e2d5bc7db1a8de13f310fd53c69d2b47d
2023-03-20 08:45:08,True,4.055e-05,1.213e-08,10826644.0,1.3135,0xce...b6cc,https://bscscan.com/tx/0xfa4fa7f18243be08d81102a4e4e9a125b6ae6fb0ad0661aa45910531d603a0cc
2023-03-20 08:44:41,False,4.053e-05,1.207e-08,7945922.0,0.9591,0x49...4e95,https://bscscan.com/tx/0x6ba3c0af98839f68a6871c694de34cde80a371da02b5f5aeca1c0f0c43754153
2023-03-20 08:44:41,False,4.054e-05,1.207e-08,655872.0,0.0791,0x49...4e95,https://bscscan.com/tx/0x6ba3c0af98839f68a6871c694de34cde80a371da02b5f5aeca1c0f0c43754153
2023-03-20 08:44:26,True,4.069e-05,1.211e-08,100000000.0,12.1175,0xbd...9333,https://bscscan.com/tx/0xba8841df91ea8e916316b1df9299c912670aabb6e616deea8b9a9bbc6b6a722f
2023-03-20 08:44:14,True,4.037e-05,1.208e-08,122974764.0,14.8589,0x5c...216d,https://bscscan.com/tx/0xbfad912d845f1b6c6c475a63f4d26622216674e001392ce463c312f8bf1cf60c
2023-03-20 08:43:59,False,4.03e-05,1.2e-08,4153330.0,0.4985,0xdd...4f50,https://bscscan.com/tx/0xe74d5bf52bd4454ef9e5a8c653d9397a81b17b0da3f918cd0a0c9f1d5f951b31
2023-03-20 08:43:59,False,4.031e-05,1.2e-08,1444456.0,0.1734,0xdd...4f50,https://bscscan.com/tx/0xe74d5bf52bd4454ef9e5a8c653d9397a81b17b0da3f918cd0a0c9f1d5f951b31
2023-03-20 08:43:59,True,4.046e-05,1.205e-08,90979131.0,10.9644,0x5c...216d,https://bscscan.com/tx/0xc7f469885cb94fa828fdc0b9aa662299aa5aab6a6a83943f444da6c5762d656b
2023-03-20 08:43:14,True,4.017e-05,1.202e-08,53282572.0,6.40953,0x19...6dd1,https://bscscan.com/tx/0x42e2787611d80e85a752c063cea047d6ff5c4628b42556142ebff71cc96c1ee6
2023-03-20 08:42:58,True,4.034e-05,1.202e-08,4956649.0,0.5958,0x09...712a,https://bscscan.com/tx/0xe21479d7c2c6c5901ef81e47ed54603ac24e69fcc5371594a18ecb617c552bcc
2023-03-20 08:42:53,True,4.033e-05,1.201e-08,24793620.0,2.97915,0x17...4266,https://bscscan.com/tx/0x3ac1d88d2a981069913cc264df678dfb5fcfa83637b5c5018d428cf8a7c63cab
2023-03-20 08:42:43,True,4.027e-05,1.199e-08,83347755.0,10.001,0x82...d52b,https://bscscan.com/tx/0xccc1eb1a4c3eccaf6a748a4ef08f5f893bcb6314af45f4c233cabceba5974f51
2023-03-20 08:42:37,True,4.021e-05,1.198e-08,30005735.0,3.59523,0x20...946b,https://bscscan.com/tx/0x2653b34734236e51c6631061757418bb17b2c9984356f2631e61449a419a8931
2023-03-20 08:42:28,True,3.996e-05,1.197e-08,44708421.0,5.35178,0xfe...5ad3,https://bscscan.com/tx/0x6784f014ccbc0ec1e755207fd30c7c968230c82c19eddef162ac2ccf6e0bfad2
2023-03-20 08:41:58,True,4.013e-05,1.195e-08,24916387.0,2.97994,0x17...4266,https://bscscan.com/tx/0x05992f2174fd60e1ae1a7e5c4acfac9d584bfb1a1fe0c3851e894842f997028f
2023-03-20 08:41:55,True,4.011e-05,1.195e-08,16743147.0,2.00138,0x46...1fd0,https://bscscan.com/tx/0xd45f359daf4dae6bc676de454ce6c90139dea7739bb1b7a0f5246556f516aa24
2023-03-20 08:41:55,True,4.009e-05,1.195e-08,4987579.0,0.596,0x09...712a,https://bscscan.com/tx/0x28abea71ccc53ecf6f403fc9c04165fc7488a451ddba558662304487be6125e5
2023-03-20 08:41:49,True,4.009e-05,1.194e-08,12471844.0,1.49007,0x9f...d87c,https://bscscan.com/tx/0xbfa3d3b7643e35d533032ef703962f8acc187a8a7ae7758883fb01e955a4553f
2023-03-20 08:41:34,True,4.006e-05,1.194e-08,83713.3,0.01,0x37...1e06,https://bscscan.com/tx/0x30d116701a42383d4c3976382392e6ab36a4815bba740e2adecbe325cae02e49
2023-03-20 08:41:04,True,4.001e-05,1.193e-08,89786659.0,10.7132,0x5c...216d,https://bscscan.com/tx/0x4726543f0748521e686c540d103f3ee5f23ab08bce72db726bcc078c8a90605c
2023-03-20 08:40:58,False,3.956e-05,1.185e-08,1246250.0,0.1477,0xcc...88ac,https://bscscan.com/tx/0x498ec17f748424375410c10246e4677bfde8ebf277395554a3899b160a3d621d
2023-03-20 08:40:58,False,3.956e-05,1.185e-08,219378.0,0.026,0xcc...88ac,https://bscscan.com/tx/0x498ec17f748424375410c10246e4677bfde8ebf277395554a3899b160a3d621d
2023-03-20 08:40:58,True,3.975e-05,1.191e-08,30085199.0,3.58438,0x20...946b,https://bscscan.com/tx/0x78c029f7f9e764ebbfef60eb61a300fa6fa802b8977377d03797d2d61f390e06
2023-03-20 08:40:28,True,3.973e-05,1.19e-08,118962.0,0.0141,0x01...4ce3,https://bscscan.com/tx/0xd6acdf746b6576fad0e94c9acf5b09d63352dc9e0bbee00e04ff8994218fd05d
2023-03-20 08:40:16,False,3.974e-05,1.185e-08,25934946.0,3.07431,0x35...ec11,https://bscscan.com/tx/0x9f487d232c2e14237f7413a230a9c8282d1be1f6375ade7729c219973f180b74
2023-03-20 08:40:16,False,3.976e-05,1.185e-08,74179.9,0.0088,0x35...ec11,https://bscscan.com/tx/0x9f487d232c2e14237f7413a230a9c8282d1be1f6375ade7729c219973f180b74
2023-03-20 08:40:10,True,3.996e-05,1.191e-08,83911.2,0.01,0x31...164f,https://bscscan.com/tx/0x1edb920df7a175b55dbb9ea89c7292b231db87e8dc937498de1a66bf1d869f4f
2023-03-20 08:40:01,False,3.977e-05,1.186e-08,27307957.0,3.23926,0xc9...2ec3,https://bscscan.com/tx/0xa37d40bbee4db2bf3f4011b57fdc0dbe71602e133944f585ddcd2ca5742ea5f7
2023-03-20 08:40:01,False,3.979e-05,1.186e-08,22210.5,0.0026,0xc9...2ec3,https://bscscan.com/tx/0xa37d40bbee4db2bf3f4011b57fdc0dbe71602e133944f585ddcd2ca5742ea5f7
2023-03-20 08:40:01,True,3.998e-05,1.192e-08,840853.0,0.1002,0xdd...5b7c,https://bscscan.com/tx/0x0a7c7d3f25c46acfc276042e22b10be28d321d812c38c094d2daf638a97931fb
2023-03-20 08:39:22,False,3.979e-05,1.186e-08,7363098.0,0.8737,0x9e...ed09,https://bscscan.com/tx/0x063ed9925eb7e96c27df56136d71584cb27bfeb0bc0243be62441ef66a026ad3
2023-03-20 08:39:22,False,3.979e-05,1.186e-08,1109022.0,0.1316,0x9e...ed09,https://bscscan.com/tx/0x063ed9925eb7e96c27df56136d71584cb27bfeb0bc0243be62441ef66a026ad3
2023-03-20 08:39:10,False,4.003e-05,1.193e-08,409516651.0,48.8576,0x0f...9dbc,https://bscscan.com/tx/0x22b02c6ed0593941cd605d57d5a3dc842951de94a21c47fb5a3f04dd0f1e3de6
2023-03-20 08:39:10,False,4.024e-05,1.199e-08,21977.9,0.0026,0x0f...9dbc,https://bscscan.com/tx/0x22b02c6ed0593941cd605d57d5a3dc842951de94a21c47fb5a3f04dd0f1e3de6
2023-03-20 08:39:04,True,4.044e-05,1.205e-08,663736.0,0.08,0xc9...7ace,https://bscscan.com/tx/0xeef619508a9aeb96bd994cf84f5e8b0838e6dc15976c992cd3991209697a3f01
2023-03-20 08:38:58,False,4.004e-05,1.199e-08,7363098.0,0.8831,0x9e...ed09,https://bscscan.com/tx/0xb2e96560e0a9fb0e60ab2c9f6858d6c6589251e5b976336fb9277eec78504959
2023-03-20 08:38:58,False,4.005e-05,1.199e-08,19940.2,0.0023,0x9e...ed09,https://bscscan.com/tx/0xb2e96560e0a9fb0e60ab2c9f6858d6c6589251e5b976336fb9277eec78504959
2023-03-20 08:38:43,False,4.028e-05,1.199e-08,7363098.0,0.8832,0x9e...ed09,https://bscscan.com/tx/0x8b25c536b4f8a0b2d44f9d77c1cf3ba13b7b1988825628911f1d0213db454b5e
2023-03-20 08:38:43,False,4.028e-05,1.199e-08,19940.2,0.0023,0x9e...ed09,https://bscscan.com/tx/0x8b25c536b4f8a0b2d44f9d77c1cf3ba13b7b1988825628911f1d0213db454b5e
2023-03-20 08:38:31,False,4.034e-05,1.199e-08,7363098.0,0.8834,0x9e...ed09,https://bscscan.com/tx/0x50d7e1117f9dbca23244170da6ee07677b2f4f4219a5ebd189c2d1e1914e58c8
2023-03-20 08:38:31,False,4.035e-05,1.199e-08,644365.0,0.0773,0x9e...ed09,https://bscscan.com/tx/0x50d7e1117f9dbca23244170da6ee07677b2f4f4219a5ebd189c2d1e1914e58c8
2023-03-20 08:38:28,True,4.053e-05,1.205e-08,31947292.0,3.85123,0x84...ebf9,https://bscscan.com/tx/0x2781936b01ad93a52a9d77f504f0082bef8764443fbbea4f6e9bdabb05945629
2023-03-20 08:38:16,True,4.041e-05,1.201e-08,196859236.0,23.6619,0xe7...5025,https://bscscan.com/tx/0x04b379c6da664beb639d06f27bdddb4109f30d091755fb8abca0b2a5bd426352
2023-03-20 08:38:16,False,4.012e-05,1.193e-08,9817465.0,1.17133,0x9e...ed09,https://bscscan.com/tx/0x59e3831ce6a9f37ea44d5eb724fa25e491df24ec335dbbc082ec99bf238cc860
2023-03-20 08:38:16,False,4.012e-05,1.193e-08,35449.2,0.0042,0x9e...ed09,https://bscscan.com/tx/0x59e3831ce6a9f37ea44d5eb724fa25e491df24ec335dbbc082ec99bf238cc860
2023-03-20 08:37:58,False,3.993e-05,1.193e-08,13089953.0,1.56224,0x9e...ed09,https://bscscan.com/tx/0x7c96b7bf267d427ba7accc8460bb466a19fc7b8e82184abf1a5acfa3b3f65e2e
2023-03-20 08:37:58,False,3.993e-05,1.193e-08,2886498.0,0.3445,0x9e...ed09,https://bscscan.com/tx/0x7c96b7bf267d427ba7accc8460bb466a19fc7b8e82184abf1a5acfa3b3f65e2e
2023-03-20 08:37:43,True,4.013e-05,1.199e-08,12000000.0,1.43947,0x91...df80,https://bscscan.com/tx/0xd962ce56c60651ffdf1c14480e7f494c57bd078b2e26f36af13252d0315ea770
2023-03-20 08:37:01,True,4.033e-05,1.199e-08,5002939.0,0.6,0x4a...03b4,https://bscscan.com/tx/0x3383a81f73c361a2ebc6d103a9117a3b8d6004e79849e5c14eaf6eadec843ffc
2023-03-20 08:36:49,True,4.032e-05,1.198e-08,20461440.0,2.45313,0x81...c915,https://bscscan.com/tx/0xfeb3e0ded6d95678c20626e470a43f357f599798a635c2b895dcf686c6813c2a
2023-03-20 08:36:43,True,4.008e-05,1.198e-08,24814869.0,2.97335,0x17...4266,https://bscscan.com/tx/0x6c9d453555de3e075beefc30628478989c58c8b69b6db7ae886f2ba56fc40e05
2023-03-20 08:36:40,True,4.006e-05,1.197e-08,24829510.0,2.97322,0x17...4266,https://bscscan.com/tx/0xc1e536522e7c7d49af7be35dc3a1aca53749be150582930696b7eb74939b269a
2023-03-20 08:36:37,True,4.003e-05,1.196e-08,37275742.0,4.46005,0x3b...270e,https://bscscan.com/tx/0x59ccfaba270ee2980ebb9e9a9ca36024f6d4e0bfe184871fae05193c30120f9e
2023-03-20 08:36:34,True,4e-05,1.195e-08,12433580.0,1.48674,0x9f...d87c,https://bscscan.com/tx/0x8d0a0dce3838e1c998783e0afe3c6dbf8fb5fb2325ac47804ee5c304a03c5c57
2023-03-20 08:36:31,True,3.995e-05,1.194e-08,89824378.0,10.7267,0x3e...8467,https://bscscan.com/tx/0x99434ffc8f53eeb0f53ebc86774907f0db53ec768a8ddd92aa900a822aeb4830
2023-03-20 08:36:31,True,3.99e-05,1.192e-08,12468536.0,1.48704,0x17...4266,https://bscscan.com/tx/0xa28697ea1e17ba5f43c40a21670c8fb662ec4f1e0fce57e20644b35bdfe6eb77
2023-03-20 08:36:25,True,4.008e-05,1.192e-08,12472745.0,1.48707,0x17...4266,https://bscscan.com/tx/0xb6a2feba2827c1589883872869ff90f60d45edebc87eea6d20f54798a06c8124
2023-03-20 08:36:22,True,4.006e-05,1.191e-08,24958168.0,2.97422,0x17...4266,https://bscscan.com/tx/0x8c96af5dd30fe9f5f6a096a1e4d75e91e2208cc2063db70ca07e04aa0c278eef
2023-03-20 08:36:16,True,4.004e-05,1.191e-08,12485421.0,1.48716,0x17...4266,https://bscscan.com/tx/0xb1d590c4400ccc2f69fcb633de6aafcd27f0e0b18a8a67f27d4249a58e4d00a6
2023-03-20 08:36:13,True,4.003e-05,1.19e-08,4995329.0,0.5948,0x09...712a,https://bscscan.com/tx/0xc52dcd241e77fd9e90d0983b7009672d443afee2ee9b5dbbfab0bcb285c318a8
2023-03-20 08:36:10,True,3.981e-05,1.19e-08,12491244.0,1.48719,0x17...4266,https://bscscan.com/tx/0xfcba22aa2f6d1a4897920771cdef8ac58ac33b2b1e341b5d031e519587f7311a
2023-03-20 08:36:10,True,3.979e-05,1.19e-08,22644924.0,2.69487,0x53...a498,https://bscscan.com/tx/0x159b0947a383f1f0bf7aa5fd0d5d7622fe4a35fd5b81d4af335c733439dccae9
2023-03-20 08:36:07,True,3.973e-05,1.188e-08,99980000.0,11.8796,0xbd...9333,https://bscscan.com/tx/0x67c4262b742e7e543bbfa6bd743dc58a7f878ef8c9f01b745cf557ad3490a3f1
2023-03-20 08:36:07,True,3.966e-05,1.186e-08,34211660.0,4.05809,0x53...a498,https://bscscan.com/tx/0x49fc1c8bf7c0efe8c402cf9ec77f9a7ce64c556bb545b83e596f5c4ef9ec934b
2023-03-20 08:36:04,True,3.965e-05,1.185e-08,1843921.0,0.2186,0x44...a5da,https://bscscan.com/tx/0x8cca4537ebf11583bda2c84bbabc94267ece99accd300123ba691bb047825a78
2023-03-20 08:36:04,True,3.964e-05,1.185e-08,12549616.0,1.48765,0x17...4266,https://bscscan.com/tx/0x8f2b4b75c595df5b3011ceb442b694d1d0c005fdd9712727f7c39f31fb97a68b
2023-03-20 08:36:01,True,3.963e-05,1.185e-08,12553877.0,1.48768,0x9f...d87c,https://bscscan.com/tx/0x45731164cc5f58f2b1733bdb469f44d5a806b8ef7d193053a577f2bddefa7adc
2023-03-20 08:36:01,True,3.962e-05,1.184e-08,5022744.0,0.595,0x53...a498,https://bscscan.com/tx/0x0ca624e86761a68d87c1024a2fddc23e08cb0cab2823e09ad7409d2d203016dd
2023-03-20 08:35:37,True,3.981e-05,1.184e-08,96217.3,0.0114,0x1a...9502,https://bscscan.com/tx/0xe97131e30d39eec912328a14e69637be6e58cc55c05a4999fed5f511b25f5034
2023-03-20 08:35:37,True,3.976e-05,1.183e-08,100300903.0,11.8674,0x9b...2220,https://bscscan.com/tx/0xbe60bb2dbbf772c98db07bf318f8868cb210400e456fd30e4f9902192ee5e0d9
2023-03-20 08:35:25,True,3.946e-05,1.18e-08,100300903.0,11.8373,0x9b...2220,https://bscscan.com/tx/0xd554f60e844619e0983b043a995039a15224626f2c768e7351315947eb5ed0f2
2023-03-20 08:34:58,True,3.959e-05,1.178e-08,30299762.0,3.57,0xfd...bd33,https://bscscan.com/tx/0x78b59f655f74bae6fe0c45898908b90b13d0b17079e60e60ed03809b389fa089
2023-03-20 08:34:37,True,3.958e-05,1.177e-08,716264.0,0.0843,0xdd...0a82,https://bscscan.com/tx/0xc046674a03c66eaad52d7883745219f1afbfcbf6a064b5cc8679a317feb275ae
2023-03-20 08:34:31,True,3.957e-05,1.177e-08,4830328.0,0.5688,0x26...2889,https://bscscan.com/tx/0xdf381155eb9e24775736121cd12223fd965d93e2c1e0bef65dc131d7c4815a2b
2023-03-20 08:34:22,True,3.951e-05,1.175e-08,114868017.0,13.5073,0x31...e9f2,https://bscscan.com/tx/0x411912ee43681603286e8d287c87675f54b6ad607c3915b964e1aa43e0f6e9ae
2023-03-20 08:34:16,True,3.94e-05,1.172e-08,100300903.0,11.7623,0x9b...2220,https://bscscan.com/tx/0x7a4918d7ec7509bbb2a5f9041b31715824400757d271a135d657ff75ba9bd856
2023-03-20 08:33:10,True,3.933e-05,1.17e-08,31895213.0,3.73413,0xfe...5ad3,https://bscscan.com/tx/0x85b8fb4b49d171221b4d200a78a7bb25e90f216fd9b11f8118d7fb84b195c2da
2023-03-20 08:33:04,True,3.931e-05,1.17e-08,1100000.0,0.1287,0x01...4ce3,https://bscscan.com/tx/0x5c17a4a2de4e368e9d170ca84d87ab753553783a57938bf71ec52db5f69ed3af
2023-03-20 08:33:01,True,3.931e-05,1.17e-08,5087143.0,0.5952,0x68...9764,https://bscscan.com/tx/0x169eb7cdb5bc608d888fc24a9caf274af09b97257f8665315f80690b290857ed
2023-03-20 08:32:55,False,3.911e-05,1.164e-08,1569911.0,0.1827,0xdc...c6dd,https://bscscan.com/tx/0xdef04384f105a62f5aed52e26d39e578149db266ff83314b2eb053998531e655
2023-03-20 08:32:55,False,3.911e-05,1.164e-08,2218161.0,0.2582,0xdc...c6dd,https://bscscan.com/tx/0xdef04384f105a62f5aed52e26d39e578149db266ff83314b2eb053998531e655
2023-03-20 08:32:49,True,3.93e-05,1.17e-08,13206927.0,1.54523,0x20...946b,https://bscscan.com/tx/0xa0b4f9e61ba87bf025523442dfdff121850f5123a5f1183a8653c9db9da266f0
2023-03-20 08:32:43,True,3.905e-05,1.168e-08,100300903.0,11.7185,0x9b...2220,https://bscscan.com/tx/0x921465cb0bff0047632df0ecded2a28d8581f83fcd63c93c105f0ae25711c8f6
2023-03-20 08:32:19,True,3.9e-05,1.166e-08,166320.0,0.0194,0x68...aefb,https://bscscan.com/tx/0x8a6fce2ede874bf5df0a74bae96fd17950a354223a2eec109870b1a5524cb664
2023-03-20 08:31:49,True,3.919e-05,1.166e-08,2747203.0,0.3205,0x33...cefb,https://bscscan.com/tx/0xd595197a8dc8d5287958c5ffbe5796482f6e4d224a3f4c8a3f05c30f5e8fba7e
2023-03-20 08:30:28,True,3.919e-05,1.166e-08,1173192.0,0.1368,0xe4...13e3,https://bscscan.com/tx/0x94cb2d91e3682247029a026153cba20e54741ad3db8e4be5768a6aa3b3f6e496
2023-03-20 08:30:13,True,3.918e-05,1.166e-08,12343993.0,1.44,0xb6...d9ae,https://bscscan.com/tx/0xfdd837ae0136731bb0020eca8330e061db196ba72e210ac15eef22158f860560
2023-03-20 08:30:13,True,3.917e-05,1.166e-08,16567538.0,1.932,0x52...86b0,https://bscscan.com/tx/0xe2070263284109f66025618b1cdf28873ee1fdf16d07fd416c8604b21f013f99
2023-03-20 08:29:43,True,3.916e-05,1.165e-08,3345222.0,0.39,0x20...7534,https://bscscan.com/tx/0x5d24246cd8c5c0985c281a42e266af724c75400de3aeb07aab415e14f3154d43
2023-03-20 08:29:16,True,3.915e-05,1.165e-08,31944411.0,3.72256,0xfe...5ad3,https://bscscan.com/tx/0xf47b2a5ea55718df733c32e29d56e11f04a2b359c3dc0af269b0b1c02f0a5a1a
2023-03-20 08:28:52,True,3.908e-05,1.163e-08,100300903.0,11.6688,0x9b...2220,https://bscscan.com/tx/0xa3c2706cbd8409d490f32b92c41819b07e95f8a18479fb180976d804e502d948
2023-03-20 08:28:25,True,3.902e-05,1.161e-08,16663130.0,1.93571,0x52...86b0,https://bscscan.com/tx/0x86a3adb7dd9351272678cb427c37d07d5c0a7adaae0f1c17cb3de1eb6f3be9a9
2023-03-20 08:26:07,True,3.893e-05,1.159e-08,115788664.0,13.4285,0x31...e9f2,https://bscscan.com/tx/0x289b74636ab7277bbc1df3ef55b85096950234ec213726908f018930ab80d7b7
2023-03-20 08:26:01,True,3.868e-05,1.157e-08,12406839.0,1.43656,0x8e...bf09,https://bscscan.com/tx/0xcad7a16d03f3165370cb11324dfe1c7df31c8d796b1c7f4226586ed0c63b50c3
2023-03-20 08:25:46,True,3.862e-05,1.156e-08,100300903.0,11.5972,0x9b...2220,https://bscscan.com/tx/0xa368567e67f02218125b165a6b6df7bb101b91dfa60443eb3df8c643b5aece43
2023-03-20 08:24:55,True,3.857e-05,1.154e-08,16748710.0,1.93371,0x52...86b0,https://bscscan.com/tx/0x5a2f62104288c6e5b4163a5dac9891ce22c7272e97dbdddd7a31b8f7bbfd80be
2023-03-20 08:23:10,True,3.845e-05,1.151e-08,205337622.0,23.6412,0x0f...9dbc,https://bscscan.com/tx/0xb27bc6342e950f73da160cbcefdb8dc4289d228e1ed269129e70bae5ec36acc4
2023-03-20 08:22:46,False,3.835e-05,1.142e-08,45496.9,0.0052,0x47...b114,https://bscscan.com/tx/0xe720397c3b25c8c0dcc6f260d3f469f85d3dd0544155462f1c6a42e29a61f7eb
2023-03-20 08:22:46,False,3.835e-05,1.142e-08,468612.0,0.0535,0x47...b114,https://bscscan.com/tx/0xe720397c3b25c8c0dcc6f260d3f469f85d3dd0544155462f1c6a42e29a61f7eb
2023-03-20 08:22:00,True,3.855e-05,1.148e-08,7340545.0,0.8429,0x8e...bf09,https://bscscan.com/tx/0x2632f8d4906331877a5ad3c564fe333ec5839c4ca28e5cfca9d6b30a8058ad60
2023-03-20 08:21:33,True,3.854e-05,1.148e-08,1339641.0,0.1538,0xad...1ec0,https://bscscan.com/tx/0x04d2ad10c1849c888dc6d3fecd949fb680d438258680394aa2768971d844e8aa
2023-03-20 08:21:06,True,3.853e-05,1.147e-08,16822946.0,1.93112,0xa7...e02e,https://bscscan.com/tx/0xbd10763f8fb34cf2e560c9ff6f679fedd22e763f17f38df7f5b3cc077c7ed2c6
2023-03-20 08:20:12,True,3.833e-05,1.147e-08,332216.0,0.0381,0x6f...c85a,https://bscscan.com/tx/0xed758d001ce9d7768fc138a11808e78d31c93a7fa0190bb83169f427dd411c31
2023-03-20 08:19:48,True,3.833e-05,1.147e-08,1499250.0,0.172,0xae...48e4,https://bscscan.com/tx/0xdd26f45a90b62bdd4346460aca4351398cce1202294a0d5072c7d281041d161f
2023-03-20 08:16:27,True,3.826e-05,1.145e-08,133542000.0,15.2999,0x0f...e6f4,https://bscscan.com/tx/0x17d25d052e2d8517087153eea1a26c0ab39abb27fb190c46dd09af90de8561c5
2023-03-20 08:14:27,True,3.838e-05,1.143e-08,4342791.0,0.4967,0xf8...7415,https://bscscan.com/tx/0x86286920b6571092c259ce6632332afd2f8a5a76d69dfe0557e5d15456039235
2023-03-20 08:12:33,True,3.835e-05,1.143e-08,5518634.0,0.6311,0x5a...e6e3,https://bscscan.com/tx/0xa540db410110ecaee90a3d1ea78b3ab75cfa6bb58b84502aedc8adeb7d50ba38
2023-03-20 08:11:30,True,3.828e-05,1.143e-08,1553671.0,0.1776,0x66...6490,https://bscscan.com/tx/0x268119405fd2369f023e0be0c597008b4802d66029b10aa9017c906171cb39d9
2023-03-20 08:10:45,False,3.808e-05,1.137e-08,952025.0,0.1083,0xd8...9429,https://bscscan.com/tx/0xbe97a14e687f6f1dc538dcd190292f06df9b9115e0800acd7af30092de5472ca
2023-03-20 08:10:45,False,3.808e-05,1.137e-08,104245.0,0.0118,0xd8...9429,https://bscscan.com/tx/0xbe97a14e687f6f1dc538dcd190292f06df9b9115e0800acd7af30092de5472ca
2023-03-20 08:09:00,True,3.827e-05,1.143e-08,533455.0,0.061,0x84...bc39,https://bscscan.com/tx/0x5b3d1c71d371e06758124e92153702afec7dd3b7ff30c20196483bd5a27d51b3
2023-03-20 08:08:09,False,3.791e-05,1.138e-08,37961599.0,4.3212,0xcd...9123,https://bscscan.com/tx/0x59a11eccf95801d22ada89107c308370b4588fcf0e38751e52fdc41dbd91119c
2023-03-20 08:08:09,False,3.792e-05,1.138e-08,12664.9,0.0014,0xcd...9123,https://bscscan.com/tx/0x59a11eccf95801d22ada89107c308370b4588fcf0e38751e52fdc41dbd91119c
2023-03-20 08:07:39,True,3.83e-05,1.144e-08,2358175.0,0.2699,0x96...2fef,https://bscscan.com/tx/0x8448606cc3007c93aa84f62a90fc5aa67f36b7eccdbb9c8df93b56531c1ad7e9
2023-03-20 08:06:54,True,3.81e-05,1.144e-08,332517.0,0.038,0x8d...8897,https://bscscan.com/tx/0xf29ed8c67b38c61795f869a2dcf04c81d24c9652d2c478fac1cb42a2e749af31
2023-03-20 08:03:51,False,3.809e-05,1.138e-08,1994000.0,0.227,0x53...435b,https://bscscan.com/tx/0x8ed418b317ca4e42fea4439a2cdfa6abed17e2c5f63c31821b9a5d8b1b795019
2023-03-20 08:03:51,False,3.809e-05,1.138e-08,281700.0,0.032,0x53...435b,https://bscscan.com/tx/0x8ed418b317ca4e42fea4439a2cdfa6abed17e2c5f63c31821b9a5d8b1b795019
2023-03-20 08:02:09,False,3.813e-05,1.14e-08,104020295.0,11.8616,0xcf...89ae,https://bscscan.com/tx/0x8543fa7ed315ff36a60d2e7f0aefce182e9898e8f9fa051efae8a6e2e564e038
2023-03-20 08:02:09,False,3.818e-05,1.141e-08,29660.1,0.0033,0xcf...89ae,https://bscscan.com/tx/0x8543fa7ed315ff36a60d2e7f0aefce182e9898e8f9fa051efae8a6e2e564e038
2023-03-20 08:02:09,True,3.837e-05,1.147e-08,10000000.0,1.14738,0xe4...13e3,https://bscscan.com/tx/0x3ba19b0c01171029227ea197423aa1e73c8204f2d1232e6b797df522d37771f4
2023-03-20 08:02:00,False,3.817e-05,1.141e-08,982255.0,0.1121,0x2a...9260,https://bscscan.com/tx/0x7f11f696f2808699e6787bf0c508d81241c80fd832e74bbe38617503e463c5ac
2023-03-20 08:02:00,False,3.817e-05,1.141e-08,92100.5,0.0105,0x2a...9260,https://bscscan.com/tx/0x7f11f696f2808699e6787bf0c508d81241c80fd832e74bbe38617503e463c5ac
2023-03-20 08:01:18,False,3.819e-05,1.142e-08,34008950.0,3.8839,0x05...7066,https://bscscan.com/tx/0x2d01f15a1e14e5745ddeb55e428a636b3f4a292b71a3d16406533a7cbe7c9558
2023-03-20 08:01:18,False,3.821e-05,1.142e-08,29709.0,0.0033,0x05...7066,https://bscscan.com/tx/0x2d01f15a1e14e5745ddeb55e428a636b3f4a292b71a3d16406533a7cbe7c9558
2023-03-20 08:00:33,True,3.821e-05,1.148e-08,10858186.0,1.24661,0xbe...a17a,https://bscscan.com/tx/0xe858579ce3b2d4ecb3a704490d34d675d9134849a34d585b65215db3c7997654
2023-03-20 08:00:30,False,3.801e-05,1.142e-08,144703.0,0.0165,0x4e...585e,https://bscscan.com/tx/0x9112f440b527554250e0525951bc28900a9a657d7ee8917efbba532f9a1bcd1f
2023-03-20 08:00:30,False,3.801e-05,1.142e-08,19158.6,0.0021,0x4e...585e,https://bscscan.com/tx/0x9112f440b527554250e0525951bc28900a9a657d7ee8917efbba532f9a1bcd1f
2023-03-20 08:00:24,False,3.802e-05,1.142e-08,7074485.0,0.8081,0x05...7066,https://bscscan.com/tx/0x283c8ebb6c1347e71ae5035c75a2a14d211111d11b848ca9de3be66317b68cb3
2023-03-20 08:00:24,False,3.802e-05,1.142e-08,80973.0,0.0092,0x05...7066,https://bscscan.com/tx/0x283c8ebb6c1347e71ae5035c75a2a14d211111d11b848ca9de3be66317b68cb3
2023-03-20 08:00:24,False,3.804e-05,1.142e-08,29900030.0,3.41707,0x20...946b,https://bscscan.com/tx/0x7bccde0186b475706ddbd26d306461fc555dd57c60bb9c0edc5e50fa7f865132
2023-03-20 08:00:24,False,3.805e-05,1.143e-08,41643.4,0.0047,0x20...946b,https://bscscan.com/tx/0x7bccde0186b475706ddbd26d306461fc555dd57c60bb9c0edc5e50fa7f865132
2023-03-20 07:59:18,True,3.844e-05,1.148e-08,3957970.0,0.4547,0xe5...777c,https://bscscan.com/tx/0x902860722846a29219b06c96b600d343378fd35dc8231779db751a7e7b4039a4
2023-03-20 07:58:36,False,3.825e-05,1.143e-08,11431120.0,1.30693,0x05...7066,https://bscscan.com/tx/0x348c27062b408b53cc66f5f49f43eff7f3cd7ddf68ebf092874d6654a5c4e486
2023-03-20 07:58:36,False,3.826e-05,1.143e-08,70821.3,0.0081,0x05...7066,https://bscscan.com/tx/0x348c27062b408b53cc66f5f49f43eff7f3cd7ddf68ebf092874d6654a5c4e486
2023-03-20 07:57:36,False,3.827e-05,1.143e-08,26151415.0,2.99132,0xc0...1f4f,https://bscscan.com/tx/0x5f2ac8b48f757c947392c55c6690a5a2b0489cf72bcb1223a357bf9a85cc1344
2023-03-20 07:57:36,False,3.828e-05,1.144e-08,80973.0,0.0092,0xc0...1f4f,https://bscscan.com/tx/0x5f2ac8b48f757c947392c55c6690a5a2b0489cf72bcb1223a357bf9a85cc1344
2023-03-20 07:57:36,False,3.829e-05,1.144e-08,29900029.0,3.42251,0x20...946b,https://bscscan.com/tx/0x433f65c945718068ebaf58ce87bec5f547df3dda6af75fca2e04a94fe6e73ea5
2023-03-20 07:57:36,False,3.831e-05,1.145e-08,269946.0,0.0309,0x20...946b,https://bscscan.com/tx/0x433f65c945718068ebaf58ce87bec5f547df3dda6af75fca2e04a94fe6e73ea5
2023-03-20 07:57:24,False,3.836e-05,1.146e-08,99680060.0,11.4284,0xbd...9333,https://bscscan.com/tx/0x58cacfaf24f22a8aeec025da4a1c8235625304c0bea50e604942a08023ca531f
2023-03-20 07:57:24,False,3.84e-05,1.147e-08,77646.7,0.0089,0xbd...9333,https://bscscan.com/tx/0x58cacfaf24f22a8aeec025da4a1c8235625304c0bea50e604942a08023ca531f
2023-03-20 07:57:15,True,3.861e-05,1.153e-08,260033.0,0.03,0x04...8226,https://bscscan.com/tx/0xe773aa64c75f2f5ebe90582d658ad0e407d1cc58bba43ae9f27dd89a9b083579
2023-03-20 07:57:12,True,3.86e-05,1.153e-08,11235425.0,1.29604,0x5d...75e9,https://bscscan.com/tx/0xf6aee43129b7b7e6a03921daeae2005b7e9bb3f0346d01d44aa9d5fd6663c01b
2023-03-20 07:57:12,False,3.841e-05,1.147e-08,17210804.0,1.97556,0xd9...14c1,https://bscscan.com/tx/0x74f16384b9523e2d5ee51e43ec15d5c46d596d7e9761059a3594f6b09664814b
2023-03-20 07:57:12,False,3.842e-05,1.148e-08,70754.2,0.0081,0xd9...14c1,https://bscscan.com/tx/0x74f16384b9523e2d5ee51e43ec15d5c46d596d7e9761059a3594f6b09664814b
2023-03-20 07:56:21,False,3.843e-05,1.148e-08,26126660.0,3.0006,0xc0...1f4f,https://bscscan.com/tx/0xcb4e75b8bb3d78c333a7f79afe6bdc5585640b0fbdca31e37812a5136f5334c4
2023-03-20 07:56:21,False,3.844e-05,1.148e-08,11140.0,0.0012,0xc0...1f4f,https://bscscan.com/tx/0xcb4e75b8bb3d78c333a7f79afe6bdc5585640b0fbdca31e37812a5136f5334c4
2023-03-20 07:56:21,True,3.863e-05,1.154e-08,3865936.0,0.4463,0xf0...be20,https://bscscan.com/tx/0x74b57846ed6981ad9d2360f661d0dd6332a4328e01596d67d9c87eb1d1eb9060
2023-03-20 07:56:00,False,3.824e-05,1.148e-08,259220.0,0.0297,0xfb...78bf,https://bscscan.com/tx/0x8a893eef5eeb07a4e824bd68bca7a5792bc0eaf40f3e083cd1a57d6a8f8b3d44
2023-03-20 07:56:00,False,3.824e-05,1.148e-08,170348.0,0.0195,0xfb...78bf,https://bscscan.com/tx/0x8a893eef5eeb07a4e824bd68bca7a5792bc0eaf40f3e083cd1a57d6a8f8b3d44
2023-03-20 07:55:45,True,3.862e-05,1.154e-08,19938000.0,2.30131,0xa9...cfc7,https://bscscan.com/tx/0xc8bcf18d6be440a41ee551af1387b944638010de570c3e0018bbb4a117b1c0ba
2023-03-20 07:55:21,True,3.861e-05,1.153e-08,606618.0,0.07,0xff...fa39,https://bscscan.com/tx/0x9227527403e9151a55fa5b3e1f65bbf26a549528f315b8c456deb73a673c9792
2023-03-20 07:55:06,True,3.841e-05,1.153e-08,4333257.0,0.5,0x72...32ff,https://bscscan.com/tx/0x2ae6806344afd5405992e76b3da2c9b803d2f4739e0a9b289a2dfb01adf5b4fe
2023-03-20 07:54:06,True,3.843e-05,1.153e-08,2493377.0,0.2876,0xe5...777c,https://bscscan.com/tx/0x0e3512db90d0d64653e2cbd08eada71ed639f9cc244f63a70afa770ab5f46a4a
2023-03-20 07:53:54,True,3.842e-05,1.153e-08,26878390.0,3.1,0x5e...47fa,https://bscscan.com/tx/0xed8495a28951a899b8f0a9df745488617a7e93557806a5d03202adf35755cbb9
2023-03-20 07:53:42,True,3.856e-05,1.152e-08,5080212.0,0.5856,0xe9...9d82,https://bscscan.com/tx/0x757db2b2032dbe8243b55b602859c16900c97a2a83fa6ae2f9952e108a2271ec
2023-03-20 07:53:33,True,3.856e-05,1.152e-08,2038552.0,0.235,0xfa...45cf,https://bscscan.com/tx/0x395f3d6cdc65de719a90fff4df1d229651d436d03acf8b8432ae203892df1e12
2023-03-20 07:53:09,False,3.835e-05,1.147e-08,1718119.0,0.197,0x77...0008,https://bscscan.com/tx/0x12b6b4767140401dd03c049bf35cbfc45661d40e5446517dfa94f5fb53228f5c
2023-03-20 07:53:09,False,3.835e-05,1.147e-08,936950.0,0.1074,0x77...0008,https://bscscan.com/tx/0x12b6b4767140401dd03c049bf35cbfc45661d40e5446517dfa94f5fb53228f5c
2023-03-20 07:53:03,True,3.855e-05,1.152e-08,1114746.0,0.1285,0x72...32ff,https://bscscan.com/tx/0xf7c20c7260d5d9f02a61de05e27523040e37b176972f7fcdee9abef5ac215326
2023-03-20 07:52:42,True,3.853e-05,1.152e-08,1895995.0,0.2185,0xdc...0436,https://bscscan.com/tx/0x8deb86d05ba40edde4e56dd618de7d6437b915b6842006e5caf07699b8d27410
2023-03-20 07:52:24,True,3.852e-05,1.152e-08,4120777.0,0.4749,0x07...210a,https://bscscan.com/tx/0xf77c32acdd6bd91915bb311e5339ce142d20cf1b35f74b108a63364817541246
2023-03-20 07:52:06,True,3.843e-05,1.149e-08,206647230.0,23.757,0x0f...9dbc,https://bscscan.com/tx/0xb195c6dcb90cabe62c2a71631204d5ea7a650597dd007a261fb8aff3cbb691e6
2023-03-20 07:50:21,True,3.836e-05,1.146e-08,2529129.0,0.29,0x60...aa9f,https://bscscan.com/tx/0xb52e2920c2041c8d0fadccd92911bef9673163a00cb5cd1343255c4d7c5bd76c
2023-03-20 07:50:06,False,3.804e-05,1.142e-08,130318390.0,14.892,0x05...7066,https://bscscan.com/tx/0xb9e64b915131b89af0f354e915a0245d7c5f42a2e14daf7ea7b6114b5672037b
2023-03-20 07:50:06,False,3.811e-05,1.144e-08,803711.0,0.0919,0x05...7066,https://bscscan.com/tx/0xb9e64b915131b89af0f354e915a0245d7c5f42a2e14daf7ea7b6114b5672037b
2023-03-20 07:48:48,True,3.826e-05,1.148e-08,129323867.0,14.8528,0x1e...2aef,https://bscscan.com/tx/0xa4b101eb1c262036c75daa07b105ac79b321afa45a38f1fec7e59b837674eb2b
2023-03-20 07:48:12,True,3.831e-05,1.144e-08,129750118.0,14.8536,0x1e...2aef,https://bscscan.com/tx/0x6af0ec0649f2f899ac0e5a10b14c3b2ae01d3b743901a48e84f491220e49954a
2023-03-20 07:47:24,True,3.824e-05,1.143e-08,433426.0,0.0495,0xd2...c6dc,https://bscscan.com/tx/0xe5f45f82d471fab73050b43d42295c137f10c42bbf91217d5753332169dc809b
2023-03-20 07:47:21,True,3.822e-05,1.142e-08,13436871.0,1.53548,0x8a...bacf,https://bscscan.com/tx/0x394f54bab670fc72aa81d64a1265caeebcf0cb3d31c61ed2952086536a19b37c
2023-03-20 07:47:12,False,3.803e-05,1.137e-08,24652268.0,2.80342,0x05...7066,https://bscscan.com/tx/0xaf151be5a249bdb130560b118f0a8de9e9cc541f75226329eb911fa0bdc7382a
2023-03-20 07:47:12,False,3.804e-05,1.137e-08,55820.7,0.0063,0x05...7066,https://bscscan.com/tx/0xaf151be5a249bdb130560b118f0a8de9e9cc541f75226329eb911fa0bdc7382a
2023-03-20 07:47:12,False,3.805e-05,1.137e-08,20612309.0,2.34533,0x05...7066,https://bscscan.com/tx/0x7c576f3efb1857e7fbfcd4b6ed72814be497322847662808adc372f733263c40
2023-03-20 07:47:12,False,3.806e-05,1.138e-08,391079.0,0.0445,0x05...7066,https://bscscan.com/tx/0x7c576f3efb1857e7fbfcd4b6ed72814be497322847662808adc372f733263c40
2023-03-20 07:46:57,True,3.822e-05,1.142e-08,63085308.0,7.21028,0x0b...2476,https://bscscan.com/tx/0x61c1d36d648f6e303c88093b9a166586d7755c33940dcd78efac3517286a2875
2023-03-20 07:46:51,True,3.82e-05,1.142e-08,1958491.0,0.2236,0x1b...cc01,https://bscscan.com/tx/0x1209d037e6c3adf11604a56979b11c67aebbb998b67376aa9c1853cf6c642517
2023-03-20 07:46:30,False,3.806e-05,1.137e-08,79512281.0,9.04382,0x05...7066,https://bscscan.com/tx/0x550978d8d7858aa53dab3490f2caf517c423c5e535989bdddb5632a1a9ac526f
2023-03-20 07:46:30,False,3.809e-05,1.138e-08,16621.4,0.0018,0x05...7066,https://bscscan.com/tx/0x550978d8d7858aa53dab3490f2caf517c423c5e535989bdddb5632a1a9ac526f
2023-03-20 07:46:18,False,3.809e-05,1.138e-08,6137608.0,0.6988,0xb7...5cea,https://bscscan.com/tx/0x454a74f67e1eebec5487b3e89232aeb316cbc8f3b4171394abf7abbf5e87200a
2023-03-20 07:46:18,False,3.81e-05,1.138e-08,224700.0,0.0255,0xb7...5cea,https://bscscan.com/tx/0x454a74f67e1eebec5487b3e89232aeb316cbc8f3b4171394abf7abbf5e87200a
2023-03-20 07:46:15,True,3.829e-05,1.144e-08,1590644.0,0.182,0x20...7534,https://bscscan.com/tx/0x181980fe5ee7848e4f722e6567b07f359f54649b3f1f0de28eba9d022ac3b124
2023-03-20 07:46:15,False,3.813e-05,1.139e-08,81386636.0,9.27668,0xf5...8cea,https://bscscan.com/tx/0x96887551ca0e8dbc26743eab35a583906a9b3933402bc82d3a26eae65a697d0e
2023-03-20 07:46:15,False,3.817e-05,1.14e-08,24175.8,0.0027,0xf5...8cea,https://bscscan.com/tx/0x96887551ca0e8dbc26743eab35a583906a9b3933402bc82d3a26eae65a697d0e
2023-03-20 07:46:06,False,3.799e-05,1.141e-08,8927147.0,1.01869,0x9a...2df1,https://bscscan.com/tx/0x84e6b93b6ddc7ed9c1175a8797b7481604f0fce003b5193bb114dfcb912b1185
2023-03-20 07:46:06,False,3.799e-05,1.141e-08,112845.0,0.0128,0x9a...2df1,https://bscscan.com/tx/0x84e6b93b6ddc7ed9c1175a8797b7481604f0fce003b5193bb114dfcb912b1185
2023-03-20 07:45:51,True,3.837e-05,1.146e-08,25969862.0,2.97769,0xc4...01ac,https://bscscan.com/tx/0xc71544b8e438a6447b82845755b47a919b2d06e34ced7af829c80575f96bcab3
2023-03-20 07:45:45,False,3.817e-05,1.14e-08,15777090.0,1.79973,0xc0...1f4f,https://bscscan.com/tx/0xc9b4f45ecfbaa799c5744f6127a71326256ebed4b56701f52286a5f25ef52c40
2023-03-20 07:45:45,False,3.818e-05,1.14e-08,127735.0,0.0145,0xc0...1f4f,https://bscscan.com/tx/0xc9b4f45ecfbaa799c5744f6127a71326256ebed4b56701f52286a5f25ef52c40
2023-03-20 07:45:33,False,3.819e-05,1.141e-08,28300507.0,3.23009,0xfe...5ad3,https://bscscan.com/tx/0xa2ffcddbd628979f8168261274e0ca1952705e702aed62c884b8ffbbd7e046f2
2023-03-20 07:45:33,False,3.82e-05,1.141e-08,13169.2,0.0015,0xfe...5ad3,https://bscscan.com/tx/0xa2ffcddbd628979f8168261274e0ca1952705e702aed62c884b8ffbbd7e046f2
2023-03-20 07:45:12,False,3.821e-05,1.141e-08,4862865.0,0.5552,0x05...7066,https://bscscan.com/tx/0x88cd2e9192b4b14d16a002ba133e301ab00b0e2f92f7b84ae25fc2301e39132b
2023-03-20 07:45:12,False,3.821e-05,1.141e-08,253532.0,0.0289,0x05...7066,https://bscscan.com/tx/0x88cd2e9192b4b14d16a002ba133e301ab00b0e2f92f7b84ae25fc2301e39132b
2023-03-20 07:45:09,False,3.826e-05,1.143e-08,93618991.0,10.7029,0x05...7066,https://bscscan.com/tx/0x7ef58cce4f3b6094c8a3d9afc249a5eb5e3a801619fa7e2b594c35b96b732043
2023-03-20 07:45:09,False,3.83e-05,1.144e-08,71232.2,0.0081,0x05...7066,https://bscscan.com/tx/0x7ef58cce4f3b6094c8a3d9afc249a5eb5e3a801619fa7e2b594c35b96b732043
2023-03-20 07:45:03,False,3.813e-05,1.144e-08,26303139.0,3.01158,0xc0...1f4f,https://bscscan.com/tx/0xd0b4d0c19de7ff229376d78d43eb0091b914de55da7457e1f5eb51af68227b92
2023-03-20 07:45:03,False,3.815e-05,1.145e-08,40486.5,0.0046,0xc0...1f4f,https://bscscan.com/tx/0xd0b4d0c19de7ff229376d78d43eb0091b914de55da7457e1f5eb51af68227b92
2023-03-20 07:44:57,False,3.815e-05,1.145e-08,14950015.0,1.71259,0x20...946b,https://bscscan.com/tx/0xc773f11ab9296be1a7de53c2de1b684d3b8a7aea66a7f12d8d6a8084350e1b6b
2023-03-20 07:44:57,False,3.816e-05,1.145e-08,301333.0,0.0345,0x20...946b,https://bscscan.com/tx/0xc773f11ab9296be1a7de53c2de1b684d3b8a7aea66a7f12d8d6a8084350e1b6b
2023-03-20 07:44:54,False,3.821e-05,1.147e-08,111270011.0,12.7667,0x05...7066,https://bscscan.com/tx/0x765a0d6af601439c08e9410dd3620a31c6d9f09bc06f2314a1307dd08174c93a
2023-03-20 07:44:54,False,3.827e-05,1.148e-08,65189.7,0.0074,0x05...7066,https://bscscan.com/tx/0x765a0d6af601439c08e9410dd3620a31c6d9f09bc06f2314a1307dd08174c93a
2023-03-20 07:44:51,False,3.828e-05,1.149e-08,24071904.0,2.7666,0x4a...e44b,https://bscscan.com/tx/0xf7f20da98475ec8bb97d564ed8380c0f1c09de7dd64af9e8485af662f62e0020
2023-03-20 07:44:51,False,3.829e-05,1.149e-08,137677.0,0.0158,0x4a...e44b,https://bscscan.com/tx/0xf7f20da98475ec8bb97d564ed8380c0f1c09de7dd64af9e8485af662f62e0020
2023-03-20 07:44:42,True,3.848e-05,1.155e-08,8980952.0,1.03756,0x9a...2df1,https://bscscan.com/tx/0x7515fcb48c258254dae79c717246e5a4b7ffee7aff127a15d0464fb33407d85f
2023-03-20 07:44:39,True,3.848e-05,1.155e-08,138509.0,0.016,0x98...cbf5,https://bscscan.com/tx/0xc9995bc36184862e999aed1871e77ab0e01ce8236248ac43266fc5dda854a654
2023-03-20 07:44:39,False,3.831e-05,1.149e-08,41746438.0,4.80081,0x05...7066,https://bscscan.com/tx/0xea127ffa8a4f25146dbc8787d7817c9c87cdfeba21eda0af474cfb382f18a722
2023-03-20 07:44:39,False,3.833e-05,1.15e-08,230750.0,0.0265,0x05...7066,https://bscscan.com/tx/0xea127ffa8a4f25146dbc8787d7817c9c87cdfeba21eda0af474cfb382f18a722
2023-03-20 07:44:19,False,3.837e-05,1.151e-08,77743823.0,8.95392,0x05...7066,https://bscscan.com/tx/0x6f06ed623052c39bdff735e6be3f9f187b26f93c7622a8f2011d47dfcc13a67e
2023-03-20 07:44:19,False,3.841e-05,1.152e-08,119323.0,0.0137,0x05...7066,https://bscscan.com/tx/0x6f06ed623052c39bdff735e6be3f9f187b26f93c7622a8f2011d47dfcc13a67e
2023-03-20 07:44:16,True,3.859e-05,1.158e-08,17819193.0,2.06412,0x8e...bf09,https://bscscan.com/tx/0x4c24ff30a69d4f2e99b0dde91a9f8eae8a7e09a190aac54bff5f9538e7a9315a
2023-03-20 07:44:05,False,3.86e-05,1.152e-08,26295280.0,3.03108,0xc0...1f4f,https://bscscan.com/tx/0x5394814ec0a0ea0091064e0bdc80c49092f35bdfa31888d14fc9cdd6397f8d1e
2023-03-20 07:44:05,False,3.861e-05,1.153e-08,1495501.0,0.1724,0xc0...1f4f,https://bscscan.com/tx/0x5394814ec0a0ea0091064e0bdc80c49092f35bdfa31888d14fc9cdd6397f8d1e
2023-03-20 07:43:53,True,3.859e-05,1.152e-08,430170824.0,49.5851,0x6e...4007,https://bscscan.com/tx/0x66a08f21861ccdedce6ab46a058eaae06f97c606e2ec2f0015ccaabf42cff98f
2023-03-20 07:43:47,False,3.807e-05,1.142e-08,123347277.0,14.0928,0x05...7066,https://bscscan.com/tx/0xfb85c4888b8046f49f6e483e5391022d289a9337a9dccb76e1749f8c369fd9a4
2023-03-20 07:43:47,False,3.813e-05,1.144e-08,17939.8,0.002,0x05...7066,https://bscscan.com/tx/0xfb85c4888b8046f49f6e483e5391022d289a9337a9dccb76e1749f8c369fd9a4
2023-03-20 07:43:36,False,3.813e-05,1.144e-08,6624435.0,0.758,0x05...7066,https://bscscan.com/tx/0x942b65f62a2f3c9cc591bbbcdce5c0400ce1b5c71ee1ac3cb68f1965d0d42dc2
2023-03-20 07:43:36,False,3.814e-05,1.144e-08,28068.6,0.0032,0x05...7066,https://bscscan.com/tx/0x942b65f62a2f3c9cc591bbbcdce5c0400ce1b5c71ee1ac3cb68f1965d0d42dc2
2023-03-20 07:43:24,True,3.832e-05,1.15e-08,5978281.0,0.6875,0x5a...a2b1,https://bscscan.com/tx/0xf68eb4cc83606dd3cae7cb57a6f828e58cb007c695b97e9883f053d3e8a745f3
2023-03-20 07:43:21,False,3.835e-05,1.144e-08,10364583.0,1.18618,0x05...7066,https://bscscan.com/tx/0x027b482472c4aa077d84bfcdea4f3ef00464dcc4fe918e04457f356ab879b4db
2023-03-20 07:43:21,False,3.835e-05,1.144e-08,398499.0,0.0456,0x05...7066,https://bscscan.com/tx/0x027b482472c4aa077d84bfcdea4f3ef00464dcc4fe918e04457f356ab879b4db
2023-03-20 07:43:14,True,3.854e-05,1.15e-08,7691638.0,0.8847,0xe4...faac,https://bscscan.com/tx/0x0b1f1c54f0ccec415f9aa8bb6a3a165cfa9195b72986a7b9cc64faf5c3243435
2023-03-20 07:43:14,False,3.842e-05,1.146e-08,147149318.0,16.8707,0x05...7066,https://bscscan.com/tx/0xfeea39b86b8d643f9b97fa9c2d411c4908d81fb82b8ed3814978a960cb55aab4
2023-03-20 07:43:14,False,3.849e-05,1.148e-08,59089.5,0.0067,0x05...7066,https://bscscan.com/tx/0xfeea39b86b8d643f9b97fa9c2d411c4908d81fb82b8ed3814978a960cb55aab4
2023-03-20 07:43:05,False,3.831e-05,1.148e-08,20525548.0,2.35819,0x05...7066,https://bscscan.com/tx/0x79405299dd715cfddd932664076511af1e991b5397a6e9ca15c35aa76efbcd59
2023-03-20 07:43:05,False,3.832e-05,1.149e-08,14911.6,0.0017,0x05...7066,https://bscscan.com/tx/0x79405299dd715cfddd932664076511af1e991b5397a6e9ca15c35aa76efbcd59
2023-03-20 07:43:02,False,3.832e-05,1.149e-08,5506264.0,0.6328,0x17...4266,https://bscscan.com/tx/0x24bdb82fc13ecc536d481487e94a204225daf97572f7a9d517958338725003e7
2023-03-20 07:43:02,False,3.832e-05,1.149e-08,35830.5,0.0041,0x17...4266,https://bscscan.com/tx/0x24bdb82fc13ecc536d481487e94a204225daf97572f7a9d517958338725003e7
2023-03-20 07:42:59,False,3.833e-05,1.149e-08,13230745.0,1.52094,0x9f...d87c,https://bscscan.com/tx/0x484db61274cfa27476ecdc380bf6b723d170437be34baedc30f27b41a9305fde
2023-03-20 07:42:59,False,3.834e-05,1.149e-08,14350.3,0.0016,0x9f...d87c,https://bscscan.com/tx/0x484db61274cfa27476ecdc380bf6b723d170437be34baedc30f27b41a9305fde
2023-03-20 07:42:56,False,3.834e-05,1.149e-08,5298978.0,0.6092,0x09...712a,https://bscscan.com/tx/0xf0966257b0bb6d21a339bb703c37ec10f49d3c9f1ca4d85670385179a80ffd20
2023-03-20 07:42:56,False,3.834e-05,1.149e-08,270000.0,0.031,0x09...712a,https://bscscan.com/tx/0xf0966257b0bb6d21a339bb703c37ec10f49d3c9f1ca4d85670385179a80ffd20
2023-03-20 07:42:53,False,3.839e-05,1.151e-08,99700000.0,11.4788,0x9b...2220,https://bscscan.com/tx/0xe3cec1b536f955bc718f5b5b3caae6a68314b7bf0eb142dab2d04972accbeb80
2023-03-20 07:42:53,False,3.844e-05,1.152e-08,35854.4,0.0041,0x9b...2220,https://bscscan.com/tx/0xe3cec1b536f955bc718f5b5b3caae6a68314b7bf0eb142dab2d04972accbeb80
2023-03-20 07:42:50,False,3.864e-05,1.152e-08,13239558.0,1.52648,0x9f...d87c,https://bscscan.com/tx/0xaa61e66846b594765e1771a490d079934a10f2d4af1f5a61ca72d7718d705862
2023-03-20 07:42:50,False,3.864e-05,1.153e-08,618294.0,0.0713,0x9f...d87c,https://bscscan.com/tx/0xaa61e66846b594765e1771a490d079934a10f2d4af1f5a61ca72d7718d705862
2023-03-20 07:42:46,False,3.876e-05,1.156e-08,228310611.0,26.4039,0xc2...deba,https://bscscan.com/tx/0x932476e0a611b2cc61676a189f327471b3748f77ecfd215210cedaca5a2cffff
2023-03-20 07:42:46,False,3.887e-05,1.159e-08,5986828.0,0.6944,0x00...ee99,https://bscscan.com/tx/0xa852bcabbe85a461ea40077f2d9769071bd7a8888739af56c954eb6a2ae803d1
2023-03-20 07:42:46,False,3.888e-05,1.16e-08,15281598.0,1.77297,0xc0...dc61,https://bscscan.com/tx/0xfc0c8ef6cd785d3023d2f12bade5ed65a33db1a7dce00f9a88eecadea46b05f8
2023-03-20 07:42:46,False,3.89e-05,1.16e-08,22037611.0,2.558,0x00...348b,https://bscscan.com/tx/0x19dd622eaa8f84431f0e43a515f72d6f8e52b011745d24a28af0eed36daa3211
2023-03-20 07:42:46,False,3.891e-05,1.161e-08,102501.0,0.0119,0x00...348b,https://bscscan.com/tx/0x19dd622eaa8f84431f0e43a515f72d6f8e52b011745d24a28af0eed36daa3211
2023-03-20 07:42:46,False,3.893e-05,1.161e-08,37849310.0,4.39666,0xaf...4a11,https://bscscan.com/tx/0xa6673c32caaeaa90731408419ee6b4e11ba54ff8d623b709e2df0b4fe8161736
2023-03-20 07:42:46,False,3.895e-05,1.162e-08,2373373.0,0.2758,0xaf...4a11,https://bscscan.com/tx/0xa6673c32caaeaa90731408419ee6b4e11ba54ff8d623b709e2df0b4fe8161736
2023-03-20 07:42:46,True,3.883e-05,1.158e-08,641299268.0,74.307,0x6e...4007,https://bscscan.com/tx/0x610b2abcc64b1551168d6336aa4a90e1061941711809e829c670e7b4fa5a7ced
2023-03-20 07:42:46,True,3.841e-05,1.146e-08,229686664.0,26.3247,0x90...d82b,https://bscscan.com/tx/0x77a7ab098d92b72155ebf34f23467e6d7da1a0a9ff219c77c2f585262332e6b5
2023-03-20 07:42:34,False,3.793e-05,1.137e-08,8016853.0,0.9117,0x05...7066,https://bscscan.com/tx/0xd22ab4eba1e4b94d87c56bf847c6d38f4e4388cdf47b70923553e879fbb526fa
2023-03-20 07:42:34,False,3.793e-05,1.137e-08,109301.0,0.0124,0x05...7066,https://bscscan.com/tx/0xd22ab4eba1e4b94d87c56bf847c6d38f4e4388cdf47b70923553e879fbb526fa
2023-03-20 07:42:25,True,3.812e-05,1.142e-08,13299781.0,1.52,0x96...2fef,https://bscscan.com/tx/0x21c2aeb891c4d0098ddfd6ce4f6047c2665d7e6c52b596047b5216d7cb9ad558
2023-03-20 07:42:25,False,3.793e-05,1.137e-08,26655523.0,3.03169,0xc0...1f4f,https://bscscan.com/tx/0xdb9b22ccdd25084945dd8d332d1a34dab3b76b846aacadd2ef6670452a328c63
2023-03-20 07:42:25,False,3.794e-05,1.137e-08,35994.9,0.0041,0xc0...1f4f,https://bscscan.com/tx/0xdb9b22ccdd25084945dd8d332d1a34dab3b76b846aacadd2ef6670452a328c63
2023-03-20 07:42:25,False,3.795e-05,1.137e-08,13291459.0,1.51247,0x17...4266,https://bscscan.com/tx/0x1e8b8e12372b80b7f8a0ddbf645c214c8046388df24a77228f5c156c79e6d698
2023-03-20 07:42:25,False,3.796e-05,1.138e-08,14403.8,0.0016,0x17...4266,https://bscscan.com/tx/0x1e8b8e12372b80b7f8a0ddbf645c214c8046388df24a77228f5c156c79e6d698
2023-03-20 07:42:22,False,3.796e-05,1.138e-08,5318741.0,0.6053,0x09...712a,https://bscscan.com/tx/0xf875ef7c6dd1ac5695effc44a6fd131aec99364d5cf81a5b031eeeab60bf7a92
2023-03-20 07:42:22,False,3.797e-05,1.138e-08,36007.5,0.0041,0x09...712a,https://bscscan.com/tx/0xf875ef7c6dd1ac5695effc44a6fd131aec99364d5cf81a5b031eeeab60bf7a92
2023-03-20 07:42:18,False,3.797e-05,1.138e-08,13296117.0,1.5137,0x17...4266,https://bscscan.com/tx/0xc9e48b318aa08fed9dc500ac04d30546ffd3f79abb644045a3577261226c54f2
2023-03-20 07:42:18,False,3.798e-05,1.138e-08,16430.3,0.0018,0x17...4266,https://bscscan.com/tx/0xc9e48b318aa08fed9dc500ac04d30546ffd3f79abb644045a3577261226c54f2
2023-03-20 07:42:12,False,3.798e-05,1.138e-08,5323205.0,0.6061,0x09...712a,https://bscscan.com/tx/0xc3f03c0b99181820c4f549f764a14c19d713fb7f84b7b99cca63638e67c8e9cc
2023-03-20 07:42:12,False,3.798e-05,1.138e-08,36043.1,0.0041,0x09...712a,https://bscscan.com/tx/0xc3f03c0b99181820c4f549f764a14c19d713fb7f84b7b99cca63638e67c8e9cc
2023-03-20 07:42:09,False,3.799e-05,1.138e-08,13309246.0,1.5159,0x17...4266,https://bscscan.com/tx/0x1802efc01958d8f47e174027a8729ef3c4e08a1a970c9767aa95fc7336cb38a0
2023-03-20 07:42:09,False,3.8e-05,1.139e-08,36036.1,0.0041,0x17...4266,https://bscscan.com/tx/0x1802efc01958d8f47e174027a8729ef3c4e08a1a970c9767aa95fc7336cb38a0
2023-03-20 07:42:06,False,3.8e-05,1.139e-08,13306680.0,1.51611,0x17...4266,https://bscscan.com/tx/0x55b839c19e1695c169457ae6fd7e3f9f552f7facdc71068b2344406f280991c9
2023-03-20 07:42:06,False,3.801e-05,1.139e-08,72091.1,0.0082,0x17...4266,https://bscscan.com/tx/0x55b839c19e1695c169457ae6fd7e3f9f552f7facdc71068b2344406f280991c9
2023-03-20 07:42:03,False,3.822e-05,1.139e-08,26620312.0,3.03453,0x17...4266,https://bscscan.com/tx/0xa4f8546ab311be7ef50b5a1bbb09534caacb40240d491e69e8466e284c3043b6
2023-03-20 07:42:03,False,3.823e-05,1.14e-08,270000.0,0.0307,0x17...4266,https://bscscan.com/tx/0xa4f8546ab311be7ef50b5a1bbb09534caacb40240d491e69e8466e284c3043b6
2023-03-20 07:42:03,False,3.828e-05,1.141e-08,99700000.0,11.3831,0x9b...2220,https://bscscan.com/tx/0x75032fcda79af0735dc9b29aab0bd61046168514946ac8f3cf53d9232797b7e0
2023-03-20 07:42:03,False,3.832e-05,1.143e-08,36072.3,0.0041,0x9b...2220,https://bscscan.com/tx/0x75032fcda79af0735dc9b29aab0bd61046168514946ac8f3cf53d9232797b7e0
2023-03-20 07:42:00,False,3.833e-05,1.143e-08,13320048.0,1.52294,0x9f...d87c,https://bscscan.com/tx/0x0abc78a500a032be70ba67ec779a54bfde0911cb7346c0c1867a4777fa25255e
2023-03-20 07:42:00,False,3.834e-05,1.143e-08,5041.66,5.765e-05,0x9f...d87c,https://bscscan.com/tx/0x0abc78a500a032be70ba67ec779a54bfde0911cb7346c0c1867a4777fa25255e
2023-03-20 07:41:57,False,3.834e-05,1.143e-08,1861680.0,0.2128,0x53...1b3e,https://bscscan.com/tx/0x9a6516911d1db3950f402ac17ca2c0abc8722784865dc0f496a7010063169b9d
2023-03-20 07:41:57,False,3.835e-05,1.143e-08,17256660.0,1.97388,0x00...b2bd,https://bscscan.com/tx/0x925f600601be39091a5838d74727dda6354152f20f4c9c6fcd8cfa91a5a4086a
2023-03-20 07:41:57,False,3.835e-05,1.144e-08,666915.0,0.0763,0x00...b2bd,https://bscscan.com/tx/0x925f600601be39091a5838d74727dda6354152f20f4c9c6fcd8cfa91a5a4086a
2023-03-20 07:41:57,False,3.847e-05,1.147e-08,246264642.0,28.2621,0x9f...78eb,https://bscscan.com/tx/0x3d5c27f6209a46f203f60d86648ed335d5b1d9aa0b29ff45f5754f7f4cbeff66
2023-03-20 07:41:57,False,3.861e-05,1.151e-08,28666383.0,3.30116,0x36...c581,https://bscscan.com/tx/0x507c7c9fe1aa18ed6959f4f641798d77ef8b0251f12a2402617428f814821eea
2023-03-20 07:41:57,False,3.862e-05,1.152e-08,2698109.0,0.3108,0x36...c581,https://bscscan.com/tx/0x507c7c9fe1aa18ed6959f4f641798d77ef8b0251f12a2402617428f814821eea
2023-03-20 07:41:57,True,3.85e-05,1.148e-08,647005846.0,74.3093,0x6e...4007,https://bscscan.com/tx/0x29756caf94739fce5b7065c793eff8659a74946a4a3ef219a9d1994feb434034
2023-03-20 07:41:57,True,3.808e-05,1.135e-08,247748906.0,28.1383,0x27...4240,https://bscscan.com/tx/0x08fb75763c5fc5a07063638723127e5c0edefbbc3f4478ed2f511cee723296a2
2023-03-20 07:41:54,True,3.795e-05,1.132e-08,11041288.0,1.25,0xce...8a50,https://bscscan.com/tx/0xead278714758098887f46bcbcd354052d61feae07979d64cc0899149aca3abea
2023-03-20 07:41:54,True,3.794e-05,1.131e-08,11836698.0,1.33967,0x5e...ed43,https://bscscan.com/tx/0x3ad954441e96471e3b822d99002bc5f44826ab3834d19c33b7a8db23dd98a980
2023-03-20 07:41:48,False,3.78e-05,1.127e-08,81421951.0,9.17718,0x05...7066,https://bscscan.com/tx/0xe735b326c4c56f553f27cf8f8e83b115ad1dfa3956f7ca6cdbfb16e1636dd3cf
2023-03-20 07:41:48,False,3.783e-05,1.128e-08,284006.0,0.032,0x05...7066,https://bscscan.com/tx/0xe735b326c4c56f553f27cf8f8e83b115ad1dfa3956f7ca6cdbfb16e1636dd3cf
2023-03-20 07:41:36,True,3.801e-05,1.133e-08,28671863.0,3.25,0x71...d9f7,https://bscscan.com/tx/0xf7fa50ea756e4fa5c2ce371c7ad2a31f2af05231ed3b9933889d2bc553cb602a
2023-03-20 07:41:36,False,3.783e-05,1.128e-08,49576017.0,5.59291,0x05...7066,https://bscscan.com/tx/0xf51c7700e948bd1ad9ff93382c6e6058f931859b5f9343a4e8626af4ad68e3b8
2023-03-20 07:41:36,False,3.785e-05,1.128e-08,270000.0,0.0304,0x05...7066,https://bscscan.com/tx/0xf51c7700e948bd1ad9ff93382c6e6058f931859b5f9343a4e8626af4ad68e3b8
2023-03-20 07:41:33,False,3.79e-05,1.13e-08,99700000.0,11.2686,0x9b...2220,https://bscscan.com/tx/0xceba5325d952823229d5aa5922791ec138d00755d4b153746267e5f39c82fc42
2023-03-20 07:41:33,False,3.794e-05,1.131e-08,14461.7,0.0016,0x9b...2220,https://bscscan.com/tx/0xceba5325d952823229d5aa5922791ec138d00755d4b153746267e5f39c82fc42
2023-03-20 07:41:30,False,3.795e-05,1.131e-08,5340114.0,0.6043,0x09...712a,https://bscscan.com/tx/0xe9d17864cbdd1cbca0e9576df6c304b162aca5e58e5356ba913168918ebbaeeb
2023-03-20 07:41:30,False,3.795e-05,1.131e-08,270000.0,0.0305,0x09...712a,https://bscscan.com/tx/0xe9d17864cbdd1cbca0e9576df6c304b162aca5e58e5356ba913168918ebbaeeb
2023-03-20 07:41:27,False,3.8e-05,1.133e-08,99700000.0,11.2981,0x9b...2220,https://bscscan.com/tx/0x7408e5d46c7afc4b37e539ce2d83ac095780f93c331d0df9e5521cbc0a22d145
2023-03-20 07:41:27,False,3.804e-05,1.134e-08,36109.6,0.0041,0x9b...2220,https://bscscan.com/tx/0x7408e5d46c7afc4b37e539ce2d83ac095780f93c331d0df9e5521cbc0a22d145
2023-03-20 07:41:24,False,3.805e-05,1.134e-08,13333811.0,1.51312,0x17...4266,https://bscscan.com/tx/0xd8865ef710f040be62fd9b47ab713130f177a9cb5d1fbf79c341310fb36db44f
2023-03-20 07:41:24,False,3.805e-05,1.134e-08,72308.8,0.0082,0x17...4266,https://bscscan.com/tx/0xd8865ef710f040be62fd9b47ab713130f177a9cb5d1fbf79c341310fb36db44f
2023-03-20 07:41:21,False,3.807e-05,1.135e-08,26700682.0,3.0315,0x17...4266,https://bscscan.com/tx/0x68f5839210aba93c01d0453888d983e0dcb3c2daf8e80192e668c5864a7af252
2023-03-20 07:41:21,False,3.808e-05,1.135e-08,270000.0,0.0306,0x17...4266,https://bscscan.com/tx/0x68f5839210aba93c01d0453888d983e0dcb3c2daf8e80192e668c5864a7af252
2023-03-20 07:41:21,False,3.813e-05,1.137e-08,99700000.0,11.3375,0x9b...2220,https://bscscan.com/tx/0x67e4cb62557456088ef0584d5d3b1c2a065f3a388f8516da3e8abc2b99090e32
2023-03-20 07:41:21,False,3.818e-05,1.138e-08,14475.0,0.0016,0x9b...2220,https://bscscan.com/tx/0x67e4cb62557456088ef0584d5d3b1c2a065f3a388f8516da3e8abc2b99090e32
2023-03-20 07:41:18,False,3.818e-05,1.138e-08,5345043.0,0.6086,0x09...712a,https://bscscan.com/tx/0xa7dfe93688626e4dfe646bc7ac61df1d7763c1b2991664de363d69d6283ebf67
2023-03-20 07:41:18,False,3.818e-05,1.138e-08,691251.0,0.0787,0x09...712a,https://bscscan.com/tx/0xa7dfe93688626e4dfe646bc7ac61df1d7763c1b2991664de363d69d6283ebf67
2023-03-20 07:41:15,False,3.83e-05,1.142e-08,236129226.0,26.9684,0x9f...78eb,https://bscscan.com/tx/0xa239153dab7ee676a030fdc33fb1eeba201ac27125aabeaf1c95f9aa0c8c8675
2023-03-20 07:41:15,False,3.842e-05,1.145e-08,29316163.0,3.3593,0xa8...5ce1,https://bscscan.com/tx/0x16ea831bf059eeaf8cef123b41a61e4ab6d3b909b22a29ab93bbd6f9c4524ad8
2023-03-20 07:41:15,False,3.845e-05,1.146e-08,20819702.0,2.3872,0x00...1204,https://bscscan.com/tx/0x247e859dbfe757ccfe0c9e50bca6b7b66053e02b120e697de115252ae3b0fd3e
2023-03-20 07:41:15,False,3.846e-05,1.146e-08,2462675.0,0.2824,0x00...1204,https://bscscan.com/tx/0x247e859dbfe757ccfe0c9e50bca6b7b66053e02b120e697de115252ae3b0fd3e
2023-03-20 07:41:15,True,3.834e-05,1.143e-08,650036746.0,74.3257,0x6e...4007,https://bscscan.com/tx/0x82b18e44376506b8ec1bb9ca500908999db97d17e527e28d86dc01ecc928e47a
2023-03-20 07:41:15,True,3.792e-05,1.13e-08,237552402.0,26.8634,0x27...4240,https://bscscan.com/tx/0x5e599a12064532d0eddf0a5209b85606dff821966f6ee77726d2ba915e5454dd
2023-03-20 07:41:09,False,3.763e-05,1.122e-08,23470721.0,2.63391,0x05...7066,https://bscscan.com/tx/0xcd282396ca95c0d5e29ae55fb89036c1e267913c548d38d4c29ed8993a000e90
2023-03-20 07:41:09,False,3.764e-05,1.122e-08,72533.4,0.0081,0x05...7066,https://bscscan.com/tx/0xcd282396ca95c0d5e29ae55fb89036c1e267913c548d38d4c29ed8993a000e90
2023-03-20 07:41:00,False,3.765e-05,1.122e-08,26783617.0,3.00756,0xc0...1f4f,https://bscscan.com/tx/0xd1fe994322c53c7ff3c7d333c1cc1605f71367bb54ba40477d82aacf5bf65720
2023-03-20 07:41:00,False,3.767e-05,1.123e-08,206677.0,0.0232,0xc0...1f4f,https://bscscan.com/tx/0xd1fe994322c53c7ff3c7d333c1cc1605f71367bb54ba40477d82aacf5bf65720
2023-03-20 07:40:48,False,3.77e-05,1.124e-08,74714200.0,8.40033,0x05...7066,https://bscscan.com/tx/0x67062d983300970b83fab8dff21c03f01e12e7526eefe987961edb74bda86543
2023-03-20 07:40:48,False,3.773e-05,1.125e-08,80973.0,0.0091,0x05...7066,https://bscscan.com/tx/0x67062d983300970b83fab8dff21c03f01e12e7526eefe987961edb74bda86543
2023-03-20 07:40:42,False,3.774e-05,1.125e-08,29900029.0,3.3661,0x20...946b,https://bscscan.com/tx/0x0909feb84a435c8f6a0514c75dd93eeb9365a090601a1ff8eb0b1df0a63da007
2023-03-20 07:40:42,False,3.776e-05,1.126e-08,36263.3,0.004,0x20...946b,https://bscscan.com/tx/0x0909feb84a435c8f6a0514c75dd93eeb9365a090601a1ff8eb0b1df0a63da007
2023-03-20 07:40:36,False,3.757e-05,1.126e-08,13390572.0,1.5083,0x17...4266,https://bscscan.com/tx/0x97e0deaf223e8be073221e710e3789b63e0cc6d918fedc66b9cb7ba022695e36
2023-03-20 07:40:36,False,3.758e-05,1.126e-08,270000.0,0.0304,0x17...4266,https://bscscan.com/tx/0x97e0deaf223e8be073221e710e3789b63e0cc6d918fedc66b9cb7ba022695e36
2023-03-20 07:40:36,False,3.762e-05,1.127e-08,99700000.0,11.246,0x9b...2220,https://bscscan.com/tx/0x0fb13d4e2ed7aab813bcf84e1e83a7fcd50e1e49d183ca8e1798da2430337a0f
2023-03-20 07:40:36,False,3.767e-05,1.129e-08,36288.0,0.0041,0x9b...2220,https://bscscan.com/tx/0x0fb13d4e2ed7aab813bcf84e1e83a7fcd50e1e49d183ca8e1798da2430337a0f
2023-03-20 07:40:33,False,3.768e-05,1.129e-08,13399668.0,1.51357,0x17...4266,https://bscscan.com/tx/0x2a027eff63e322f10a47962d1111bee8aa12a00726665f0a6fb7d8a1126adb67
2023-03-20 07:40:33,False,3.769e-05,1.129e-08,5308032.0,0.5997,0xe9...1702,https://bscscan.com/tx/0x328c8bb65f84ff973dedb5e3cc6f787f2c59111410221b1fab1fb750264ec54d
2023-03-20 07:40:30,False,3.77e-05,1.13e-08,15740278.0,1.77884,0x6c...84f1,https://bscscan.com/tx/0x62cc7bd7f122416712ab6abe4a5a119f697dcff6da4f14a4f8274a1ba4f5f9f3
2023-03-20 07:40:30,False,3.77e-05,1.13e-08,38389.0,0.0043,0x6c...84f1,https://bscscan.com/tx/0x62cc7bd7f122416712ab6abe4a5a119f697dcff6da4f14a4f8274a1ba4f5f9f3
2023-03-20 07:40:30,False,3.771e-05,1.13e-08,14175497.0,1.60259,0xdd...2b56,https://bscscan.com/tx/0x1da012763286c9ad704a38636af9e1de5acef82c6e82889c276f6aa036123b2c
2023-03-20 07:40:30,False,3.773e-05,1.131e-08,19427674.0,2.19729,0x00...fa01,https://bscscan.com/tx/0x2d62de23a6846e7ec1b6b7bdd5b861282328ee33e0ba748d4cd18efcc58c57cf
2023-03-20 07:40:30,False,3.774e-05,1.131e-08,2363102.0,0.2673,0x00...fa01,https://bscscan.com/tx/0x2d62de23a6846e7ec1b6b7bdd5b861282328ee33e0ba748d4cd18efcc58c57cf
2023-03-20 07:40:30,True,3.762e-05,1.127e-08,659078200.0,74.3287,0x6e...4007,https://bscscan.com/tx/0xca3b5098b0dd62a9df11a844b95580cd5b3c1d714fffd5302cc58e26b52777da
2023-03-20 07:40:30,False,3.722e-05,1.115e-08,215496364.0,24.049,0x84...b415,https://bscscan.com/tx/0x1a6bb49b0da56e3d8250f815cc9cab75bc177039a7c77bf3bd8eeb322cee6843
2023-03-20 07:40:30,False,3.732e-05,1.118e-08,764146.0,0.0855,0x84...b415,https://bscscan.com/tx/0x1a6bb49b0da56e3d8250f815cc9cab75bc177039a7c77bf3bd8eeb322cee6843
2023-03-20 07:40:30,True,3.751e-05,1.124e-08,1811622.0,0.2037,0x33...2b31,https://bscscan.com/tx/0xbe8a61ab0d0c1f00a1e1d151a6425355436269169f9aa10af138c809eaef6e5c
2023-03-20 07:40:30,True,3.741e-05,1.121e-08,216795184.0,24.3141,0x5f...44ea,https://bscscan.com/tx/0x0ed75c05e8a379abcb9b607efd97ac452753cacffdc74f9887093dbd44e0303b
2023-03-20 07:38:42,True,3.754e-05,1.118e-08,1162261.0,0.13,0x17...6d5b,https://bscscan.com/tx/0x9badef03f7ff2884415f995703561881f5d724109ea49fcf7090fd1891499bfb
2023-03-20 07:38:42,True,3.753e-05,1.118e-08,1724810.0,0.1929,0xbe...c3c6,https://bscscan.com/tx/0xef00ab8d5db5dd1e728f0c326a3245f7fb47a8e131a0271c1fe4da22a8e5f5b4
2023-03-20 07:38:36,True,3.753e-05,1.118e-08,500000.0,0.0559,0xe2...8b2d,https://bscscan.com/tx/0x2a0753767c0795cfcbdf48c77cfa1b18ad742d141d73d90e45d9001b45f8e131
2023-03-20 07:38:27,True,3.752e-05,1.118e-08,21419546.0,2.395,0x8e...bf09,https://bscscan.com/tx/0x2f57b021ab9861a0284c62c7d98e6d1dcede0abec0356a496ee630296f28aab4
2023-03-20 07:38:12,False,3.733e-05,1.112e-08,39484789.0,4.39387,0x05...7066,https://bscscan.com/tx/0x28096ab74f3be3ebb6ac5404f14d8f960dae329d6a30ed5788294421d8b54603
2023-03-20 07:38:12,False,3.735e-05,1.113e-08,206946.0,0.023,0x05...7066,https://bscscan.com/tx/0x28096ab74f3be3ebb6ac5404f14d8f960dae329d6a30ed5788294421d8b54603
2023-03-20 07:37:51,True,3.752e-05,1.118e-08,56994209.0,6.37279,0xb1...3d5b,https://bscscan.com/tx/0x537ffd373c7d2598b725f5aff950174b4d08acbee03cc0362e93e19b48e47a05
2023-03-20 07:37:33,True,3.73e-05,1.117e-08,8001783.0,0.894,0x98...fd48,https://bscscan.com/tx/0x71af25425dc67dee5e055e5b93ce996f0ccadd599cce22eab09491755167e7b7
2023-03-20 07:37:21,False,3.73e-05,1.111e-08,11142208.0,1.2387,0x05...7066,https://bscscan.com/tx/0xadfec6605dd3e320455dc58deecc8895245b784a8b089d4ebc09ed7905b37d88
2023-03-20 07:37:21,False,3.73e-05,1.111e-08,55025.0,0.0061,0x05...7066,https://bscscan.com/tx/0xadfec6605dd3e320455dc58deecc8895245b784a8b089d4ebc09ed7905b37d88
2023-03-20 07:37:00,False,3.713e-05,1.112e-08,19445385.0,2.16259,0x05...7066,https://bscscan.com/tx/0xd427a5cc8435fba126df79bd2a2905ecc5fbfbcaca59f54b32e83c39dd0ea956
2023-03-20 07:37:00,False,3.714e-05,1.112e-08,593955.0,0.066,0x05...7066,https://bscscan.com/tx/0xd427a5cc8435fba126df79bd2a2905ecc5fbfbcaca59f54b32e83c39dd0ea956
2023-03-20 07:37:00,True,3.734e-05,1.118e-08,708953.0,0.0793,0xcc...e305,https://bscscan.com/tx/0xc0d6a0f78f5d6b2e441d7f63ba668360a5c3527d14627bc5a46129900de23c10
2023-03-20 07:36:51,False,3.743e-05,1.115e-08,218616688.0,24.3846,0x95...13c9,https://bscscan.com/tx/0xd261e934fd889629ff6a90699a308746147bef0c77c34f5b4cfa9100ab3cfc16
2023-03-20 07:36:51,False,3.754e-05,1.118e-08,5109921.0,0.5715,0xe9...1702,https://bscscan.com/tx/0xc3ae27ff914e524c367bfd07c48746aa5b6ceced3b7b8fddff95a536bfbf9371
2023-03-20 07:36:48,False,3.754e-05,1.118e-08,10820412.0,1.21048,0xe4...16a1,https://bscscan.com/tx/0xa74c0c7268d8501145a8352af4c7c87d82ee0aa4be4083bb5e693e97e40d1085
2023-03-20 07:36:48,False,3.755e-05,1.118e-08,105371.0,0.0117,0xe4...16a1,https://bscscan.com/tx/0xa74c0c7268d8501145a8352af4c7c87d82ee0aa4be4083bb5e693e97e40d1085
2023-03-20 07:36:48,False,3.757e-05,1.119e-08,38909071.0,4.35544,0x28...e251,https://bscscan.com/tx/0x0d09d936df6bab30d9058d756e979df9cd5393c13b8e7a0050903a153ce68023
2023-03-20 07:36:48,False,3.748e-05,1.116e-08,14317176.0,1.59889,0x1a...e02e,https://bscscan.com/tx/0x71af8d60de0dbea73145a36eae641f7891e85304336714416fbb5b4ea6234ca1
2023-03-20 07:36:48,False,3.76e-05,1.12e-08,6705.73,7.512e-05,0x1a...e02e,https://bscscan.com/tx/0x71af8d60de0dbea73145a36eae641f7891e85304336714416fbb5b4ea6234ca1
2023-03-20 07:36:48,False,3.76e-05,1.12e-08,2476155.0,0.2774,0x54...5e5c,https://bscscan.com/tx/0x763083fe8ac3e5b00caac2759965c0ac123f420c57b049b5ed15735e1ed56b04
2023-03-20 07:36:48,False,3.761e-05,1.12e-08,12602489.0,1.41219,0xb7...e9a3,https://bscscan.com/tx/0x39d4e8e6f1dc8d907dc6ea3954957649dfee8d6836d8fa8b28225623c7a52ea7
2023-03-20 07:36:48,False,3.761e-05,1.12e-08,1846838.0,0.2069,0xb7...e9a3,https://bscscan.com/tx/0x39d4e8e6f1dc8d907dc6ea3954957649dfee8d6836d8fa8b28225623c7a52ea7
2023-03-20 07:36:48,True,3.749e-05,1.117e-08,664814015.0,74.2734,0x6e...4007,https://bscscan.com/tx/0xa99241f66c661798c40af3180ec379b1e333c2f683ecc8a3887e2af0370972b4
2023-03-20 07:36:48,False,3.701e-05,1.102e-08,19142400.0,2.11106,0xef...da72,https://bscscan.com/tx/0x6d3f9e1348fdfcee1871b615c276b9ed13b70eb3abef3776f5f3c33be434651a
2023-03-20 07:36:48,False,3.702e-05,1.103e-08,1227161.0,0.1353,0xef...da72,https://bscscan.com/tx/0x6d3f9e1348fdfcee1871b615c276b9ed13b70eb3abef3776f5f3c33be434651a
2023-03-20 07:36:48,True,3.712e-05,1.105e-08,194964139.0,21.5629,0xd7...9f4a,https://bscscan.com/tx/0x122b6804c1507132c3fa5ae75206e75f6fa68f8c1239aad350b9c2b3b3dc1158
2023-03-20 07:36:42,True,3.703e-05,1.103e-08,820234.0,0.0905,0x08...6d99,https://bscscan.com/tx/0x56a6c35bf5a6ec8e89f185f495d8c492aa032b05d862702ef6a1ee8f0511c319
2023-03-20 07:36:12,True,3.683e-05,1.103e-08,7778880.0,0.8581,0x61...78eb,https://bscscan.com/tx/0x809e9ab2d7972df98ad4321064416381cdb7e4fc9680a9fdcda98e44ed7e060f
2023-03-20 07:35:45,True,3.695e-05,1.101e-08,149578068.0,16.4701,0x55...d45d,https://bscscan.com/tx/0xebb8b4d8a9b07abe8248888bd7d09c0388c745fb9f4236b2369c23362f44916f
2023-03-20 07:35:42,True,3.688e-05,1.099e-08,272956.0,0.03,0xe3...fe98,https://bscscan.com/tx/0xc52df619265d1dd3a2648e94eb55ea56e9b384cdc189037a2fbf0e97ef729863
2023-03-20 07:34:57,True,3.669e-05,1.098e-08,6678419.0,0.7339,0xe5...1d00,https://bscscan.com/tx/0x9793233ebd58dc56c36f88533a27fd84da7a4bbeee32d6287ce847bad2343203
2023-03-20 07:33:51,True,3.689e-05,1.098e-08,17666402.0,1.94094,0x52...86b0,https://bscscan.com/tx/0x9cbd0ea002836d203e5205f4506c27a880cfe2f04f6b8c4e0ae48a1430f9acd9
2023-03-20 07:33:33,True,3.669e-05,1.098e-08,986812.0,0.1083,0x94...19ba,https://bscscan.com/tx/0x5ce9a1d80bf7d9b21c3ca24f8b891e52a78b0ed6c3e5f2590facb6327e19df65
2023-03-20 07:33:33,True,3.669e-05,1.098e-08,429978.0,0.0472,0xad...bb7d,https://bscscan.com/tx/0xf8a4a4af2285e5e7334e25d7cafe9942566a604ffcde44bfbfc7c55da1eda1b6
2023-03-20 07:32:36,True,3.687e-05,1.098e-08,5364995.0,0.5892,0x19...c473,https://bscscan.com/tx/0xae6134fe7f58cac671f97b28041085aa388628ac5afd84aa40f41bd243eb1a62
2023-03-20 07:31:12,True,3.689e-05,1.098e-08,10020789.0,1.10039,0xe2...b88a,https://bscscan.com/tx/0x90aef7829aa83829e02691e6153647b19bdc4125e5a763bd8c9066cee50bee1b
2023-03-20 07:30:15,True,3.671e-05,1.097e-08,910777.0,0.1,0x72...8503,https://bscscan.com/tx/0x429b50d8914a8394ef2e92b11ed339d20946b7b802efa934d241f80de7f557c0
2023-03-20 07:29:30,True,3.67e-05,1.097e-08,18128800.0,1.99001,0x28...0770,https://bscscan.com/tx/0xdbb3b9122d5341cf3551e50487595234f5076b2ecfa1530c74ca0487b412b60e
2023-03-20 07:28:18,False,3.652e-05,1.092e-08,15884718.0,1.73492,0x5a...e6e3,https://bscscan.com/tx/0x2cdfdec6cdaf841ad210b89f28f0ec3c55e4e6535ae11413c3defad33cc4028b
2023-03-20 07:28:18,False,3.653e-05,1.092e-08,231893.0,0.0253,0x5a...e6e3,https://bscscan.com/tx/0x2cdfdec6cdaf841ad210b89f28f0ec3c55e4e6535ae11413c3defad33cc4028b
2023-03-20 07:27:15,True,3.671e-05,1.097e-08,1821707.0,0.2,0xe5...1d00,https://bscscan.com/tx/0x03c23cd4fc5ccc55205a278ccf67145f11befa1866f19e9c159d2e213018904c
2023-03-20 07:27:00,True,3.672e-05,1.097e-08,5408320.0,0.5937,0xfc...c55a,https://bscscan.com/tx/0x5e207fdac394e004f631488142e18969146f05c558079389a058d1936aaa3be5
2023-03-20 07:26:57,True,3.671e-05,1.097e-08,263233.0,0.0289,0x9f...c738,https://bscscan.com/tx/0xb7514037f668ac636d3543e526bb1c64f3605e81cdcd4fc89c46839a2ae223b3
2023-03-20 07:26:18,True,3.689e-05,1.096e-08,54696606.0,6.0,0xed...24b1,https://bscscan.com/tx/0x9afa2b94f099f737d72b4645f5ad0d570ceff80a223e47c20b8d1dbe664adc9c
2023-03-20 07:22:15,True,3.667e-05,1.095e-08,17661643.0,1.9357,0x52...86b0,https://bscscan.com/tx/0xd13ff5bf9179c7bb2b50f896e54497e0a8ac7acda54441922ac8c0e3cb19d453
2023-03-20 07:20:21,True,3.666e-05,1.095e-08,1155943.0,0.1266,0x40...8aed,https://bscscan.com/tx/0xc42cf644f7db635d3cd14e1d2cf6914970c5cc56a1af6684b72748a372bc02f8
2023-03-20 07:20:18,False,3.648e-05,1.09e-08,1260491.0,0.1374,0xbc...051a,https://bscscan.com/tx/0xa4bcabd600cae82de0112b9c011a5a9f695f46da67cad6d513ac4f7b2ca57c82
2023-03-20 07:20:18,False,3.648e-05,1.09e-08,232741.0,0.0253,0xbc...051a,https://bscscan.com/tx/0xa4bcabd600cae82de0112b9c011a5a9f695f46da67cad6d513ac4f7b2ca57c82
2023-03-20 07:20:12,True,3.665e-05,1.095e-08,17666977.0,1.93547,0x52...86b0,https://bscscan.com/tx/0xedc6f731f3c24a73fd7b657b196eacd1db712171ae11211a050b0901487070e0
2023-03-20 07:17:18,True,3.662e-05,1.094e-08,27166774.0,2.97456,0x2f...5e96,https://bscscan.com/tx/0x75304cd0790ff31931d56a695a730b39d9ce359e9749e649a4bd49999bf2d751
2023-03-20 07:15:57,True,3.661e-05,1.094e-08,8605008.0,0.9417,0x4f...fe3e,https://bscscan.com/tx/0x9a7bd5efb874b22d751d41509024d2b9075c89f040a0e1178c63c83ce6c7c97b
2023-03-20 07:13:27,True,3.661e-05,1.094e-08,1100000.0,0.1203,0x7e...4648,https://bscscan.com/tx/0x8a4d923af7b1baaaf104b2b22256a75f9a997814038cb3bdb9aa7692027f9dd4
2023-03-20 07:10:35,True,3.673e-05,1.094e-08,8155144.0,0.8923,0x47...0bf4,https://bscscan.com/tx/0x02e0d6881438fbafebe288a62473483dffbe5dcd95ec3eb1251c8862022e5300
2023-03-20 07:08:27,False,3.653e-05,1.088e-08,3997307.0,0.4351,0xb5...4adb,https://bscscan.com/tx/0x67f86c6af77c063a497f27dacc615e4f4d17a51993f5fa0bf1160e94a7b22037
2023-03-20 07:08:27,False,3.654e-05,1.088e-08,14761.6,0.0016,0xb5...4adb,https://bscscan.com/tx/0x67f86c6af77c063a497f27dacc615e4f4d17a51993f5fa0bf1160e94a7b22037
2023-03-20 07:07:58,True,3.672e-05,1.094e-08,544631.0,0.0595,0xf8...45df,https://bscscan.com/tx/0x789c87b73a73d48210c3e93f0373017bb6567b220c873840deb90dc711dc4ffa
2023-03-20 07:07:55,False,3.654e-05,1.088e-08,4907855.0,0.5343,0x87...cbd9,https://bscscan.com/tx/0xd300d317af8793f01cc605fa7228a22c283b436b2b13740ed33e6147b7f8051f
2023-03-20 07:07:55,False,3.654e-05,1.088e-08,1127925.0,0.1228,0x87...cbd9,https://bscscan.com/tx/0xd300d317af8793f01cc605fa7228a22c283b436b2b13740ed33e6147b7f8051f
2023-03-20 07:07:48,True,3.672e-05,1.094e-08,360000.0,0.0394,0x0d...b981,https://bscscan.com/tx/0x98babfadb54af565be7b2153004113117070160254654934fff6992761a69131
2023-03-20 07:04:15,True,3.669e-05,1.094e-08,731047.0,0.08,0x52...7a35,https://bscscan.com/tx/0x17943de5647c599276865b420b256a37bdd50b0d97d15b7ab0ba5cd20073e762
2023-03-20 07:04:07,True,3.669e-05,1.094e-08,760117.0,0.0831,0x19...55a5,https://bscscan.com/tx/0x3a643b496302b0ef4e549ba1ee385aa607944f463eba9b773f3de1ca49270b06
2023-03-20 07:03:36,True,3.651e-05,1.094e-08,101000.0,0.011,0x80...05fa,https://bscscan.com/tx/0xf666b2656bdd1041eee052e348b1f844ff1e36206a1fe0d1d8729ca229fe3389
2023-03-20 07:02:54,True,3.65e-05,1.094e-08,100000.0,0.0109,0x3b...0b7d,https://bscscan.com/tx/0xf20adf66acbbf431176954cc0e3fff3eaa24c3c06cbe715f116357097e37f61f
2023-03-20 07:02:51,True,3.649e-05,1.093e-08,22834923.0,2.4981,0x9f...286b,https://bscscan.com/tx/0x6bba44c7a4f42f51abfa4090a17b76654e4d49bf2677704e7efc9b0944aa71d8
2023-03-20 07:02:51,True,3.645e-05,1.092e-08,59216863.0,6.47173,0x19...6dd1,https://bscscan.com/tx/0x636357adc32e876f0a46db9ef208ebc2e3f96109cc3ae60720b82224e82177a4
2023-03-20 07:02:30,True,3.66e-05,1.092e-08,6555553.0,0.7158,0xe0...fb26,https://bscscan.com/tx/0xe8d856939deab82aca14e4ee52b987322dc29d7bfb1f10f74e4179d97eb27b40
2023-03-20 07:02:19,True,3.659e-05,1.091e-08,18053185.0,1.97083,0x20...946b,https://bscscan.com/tx/0x105f98dcfa573d9193ca1fc5b1f56be9d16d7b7db7c32683e04a6ddba4caa7f7
2023-03-20 07:02:13,True,3.658e-05,1.091e-08,2377556.0,0.2594,0x56...a02e,https://bscscan.com/tx/0x5914b06d2e494dff59373cae4b766eb8bd800a313197acb71561ee7ba7867941
2023-03-20 06:58:34,True,3.661e-05,1.091e-08,623395.0,0.068,0xd1...392a,https://bscscan.com/tx/0xd2c578b5300a890896bab8267c62af7930e6be99f017817f7debe0210e25e865
2023-03-20 06:58:07,True,3.661e-05,1.091e-08,11455177.0,1.25,0xef...da72,https://bscscan.com/tx/0x9c5e4f835802904e27fb7915196ba6e581aa453dcb6b9c42a50bbcb935756827
2023-03-20 06:56:49,True,3.636e-05,1.089e-08,100300903.0,10.93,0x9b...2220,https://bscscan.com/tx/0xf78c342f81a8125336f3350a0e5447e706db712b48a2f2b5a37d4cbc746502df
2023-03-20 06:56:13,True,3.649e-05,1.088e-08,17840019.0,1.94128,0x52...86b0,https://bscscan.com/tx/0x77ad5d49eadb53a079f0c219170d3a954bc609fae280f5661b705a67f4df6aff
2023-03-20 06:56:04,True,3.649e-05,1.087e-08,428281.0,0.0465,0xd1...392a,https://bscscan.com/tx/0xbf790be37776c88eb8c2798caa69f88ec132099bd008bdd9b09361c2ab7b5c27
2023-03-20 06:54:13,True,3.648e-05,1.087e-08,15328583.0,1.6673,0x52...86b0,https://bscscan.com/tx/0xb0acc30032ba3560a654d4e31d1556c2ac9742ed0c90201d29c37d69d8061e60
2023-03-20 06:53:40,True,3.647e-05,1.087e-08,5482497.0,0.5961,0x22...e3eb,https://bscscan.com/tx/0x5391b24c8183f4a576b96c26eade6d7f0aa4eb160d96d6bff80527d66c74234c
2023-03-20 06:52:58,True,3.624e-05,1.086e-08,100300903.0,10.893,0x9b...2220,https://bscscan.com/tx/0x215bbb1440a5f2b3836593873a62e0629a3d8cc4687f0cd21b1b067c307c11b4
2023-03-20 06:51:52,True,3.637e-05,1.084e-08,13766850.0,1.49305,0x52...86b0,https://bscscan.com/tx/0x9e2d48c9ac7f717717519127b8cecb75280e41e9e6a355fb207e709213ca0e19
2023-03-20 06:50:52,True,3.619e-05,1.084e-08,208626.0,0.0226,0xab...b563,https://bscscan.com/tx/0x7dae590874755287fc2a3ec34e8787d390ee0f023771c8f013ba2c945b0868a3
2023-03-20 06:49:26,False,3.619e-05,1.079e-08,24259943.0,2.61824,0x9f...286b,https://bscscan.com/tx/0x736de52db1beaf59d30b12eebb46360f0c54e1a9c58105a220e60eca96c1f9d3
2023-03-20 06:49:26,False,3.62e-05,1.079e-08,125300.0,0.0135,0x9f...286b,https://bscscan.com/tx/0x736de52db1beaf59d30b12eebb46360f0c54e1a9c58105a220e60eca96c1f9d3
2023-03-20 06:48:33,True,3.62e-05,1.084e-08,1006000.0,0.1091,0x9b...d261,https://bscscan.com/tx/0x142accf966c7f851b7f045873474911d20a4d6560595f3efe56fee7ec45811b6
2023-03-20 06:42:59,True,3.634e-05,1.084e-08,40943680.0,4.44,0x9b...70ec,https://bscscan.com/tx/0x2244cf7f7d24f80777786abb46b0ba9e4dd2de995b18dd0d6f89fad37452573d
2023-03-20 06:42:31,False,3.614e-05,1.078e-08,997000.0,0.1075,0x53...435b,https://bscscan.com/tx/0xc2a424bf1d28c2aa4fcac4f9ac090ed9db51441efe00eee8ff752150b66837ad
2023-03-20 06:42:31,False,3.614e-05,1.078e-08,135402.0,0.0146,0x53...435b,https://bscscan.com/tx/0xc2a424bf1d28c2aa4fcac4f9ac090ed9db51441efe00eee8ff752150b66837ad
2023-03-20 06:36:51,True,3.613e-05,1.083e-08,1139966.0,0.1235,0x22...a0be,https://bscscan.com/tx/0x7a4039329823b4f58e96e0b1bbab95108055f1fdcc8d21bfd1cb0a3e7016805e
2023-03-20 06:34:18,True,3.632e-05,1.083e-08,2747487.0,0.2977,0xcc...dcbe,https://bscscan.com/tx/0xe1c1e540667a359808b412dbf8e1a0da9089aeb09b67a867e66ebb4bbf5acdff
2023-03-20 06:33:15,True,3.634e-05,1.083e-08,2768119.0,0.3,0x22...e3eb,https://bscscan.com/tx/0x2aa898fcfc6304b1ce11a42e762a28ce28e4da92097257a68f26a0a3f86ce330
2023-03-20 06:31:54,True,3.616e-05,1.083e-08,17881809.0,1.93749,0x52...86b0,https://bscscan.com/tx/0xa3a95cfc3155d5abee41869c6ce9d020af857266598914b27ac1d6521320dae6
2023-03-20 06:29:57,True,3.615e-05,1.083e-08,17896788.0,1.93827,0x52...86b0,https://bscscan.com/tx/0xeaf8d12f6bb18913c6279d025a911c3a17e3ad17b3dc27cf6fb98ca93b6a7fa9
2023-03-20 06:27:27,False,3.598e-05,1.077e-08,1694072.0,0.1825,0x6f...aa7e,https://bscscan.com/tx/0x15b8728c8834d9b421abbbe8573ac1373b4de8310157e79ab10d5453b1224fa2
2023-03-20 06:27:27,False,3.598e-05,1.077e-08,23246.7,0.0025,0x6f...aa7e,https://bscscan.com/tx/0x15b8728c8834d9b421abbbe8573ac1373b4de8310157e79ab10d5453b1224fa2
2023-03-20 06:26:33,True,3.635e-05,1.082e-08,4186837.0,0.4533,0x51...1ca5,https://bscscan.com/tx/0x2084476f98a8c408cbde570bee1b1891cb40759a374aad36bf8cc66aa4ab6fc7
2023-03-20 06:21:57,False,3.617e-05,1.077e-08,4409767.0,0.4751,0x07...210a,https://bscscan.com/tx/0x67c06242bb20910b8b454529be2ca20c072db545824466dbd67b6f1d9797ddf8
2023-03-20 06:21:57,False,3.617e-05,1.077e-08,16390.0,0.0017,0x07...210a,https://bscscan.com/tx/0x67c06242bb20910b8b454529be2ca20c072db545824466dbd67b6f1d9797ddf8
2023-03-20 06:18:33,True,3.617e-05,1.082e-08,1.71108,1.852e-08,0x66...2893,https://bscscan.com/tx/0xe06fcbc84fc98c3c03f4172a957186d4bc95974f8e51817952917977ab69e461
2023-03-20 06:18:15,True,3.617e-05,1.082e-08,2752468.0,0.298,0xcc...dcbe,https://bscscan.com/tx/0x38b89cde3377f0c546684c26e0f26de233e8527567d45d9c33d147e17766bcf6
2023-03-20 06:17:42,True,3.635e-05,1.082e-08,2317907.0,0.2509,0x66...2893,https://bscscan.com/tx/0x3a0538b183b4634ebdf1d5c76f94eff284c80cd63f0bd9f716865dd1101a949e
2023-03-20 06:17:21,False,3.599e-05,1.077e-08,997000.0,0.1074,0x1b...f9dc,https://bscscan.com/tx/0x028dfc51acb0a4dbddc785f653f27f2e430d38a75f05c1916b42b3200e6043ea
2023-03-20 06:17:21,False,3.599e-05,1.077e-08,109442.0,0.0117,0x1b...f9dc,https://bscscan.com/tx/0x028dfc51acb0a4dbddc785f653f27f2e430d38a75f05c1916b42b3200e6043ea
2023-03-20 06:14:57,True,3.616e-05,1.082e-08,17876297.0,1.93511,0x52...86b0,https://bscscan.com/tx/0xd3689001f4e538ee1dad6a385e07a3d45b35530d6b439e34fc0092e15a614882
2023-03-20 06:14:03,True,3.616e-05,1.082e-08,1036086.0,0.1121,0xd4...88eb,https://bscscan.com/tx/0x0efc60bda93443a5d0065c2cbe27c4ffc830fd571eb8de299660dc2fb4fbe19e
2023-03-20 06:13:36,True,3.634e-05,1.082e-08,457443.0,0.0495,0x4c...5596,https://bscscan.com/tx/0xcbaaa39a68b292fb677336669c336e98872d0cfae312a06a9ab6250b0d017181
2023-03-20 06:13:03,True,3.615e-05,1.081e-08,17904575.0,1.93726,0x52...86b0,https://bscscan.com/tx/0xeb57be282db0a3abed5bac0961f00154d38bcf43f2bfeb489a947d217e6ff2df
2023-03-20 06:11:36,True,3.631e-05,1.081e-08,1937400.0,0.2095,0x84...8473,https://bscscan.com/tx/0x7be449320d3607d3e271045f29ffceb81fa7b7f72e324b804ab94afd21507591
2023-03-20 06:11:15,True,3.631e-05,1.081e-08,5551.3,6.004e-05,0xac...cfa3,https://bscscan.com/tx/0x183c629905ed7e03ef0c1d633fbfd0ea5284fbd4584a189ca5d4a579cf039c62
2023-03-20 06:09:33,False,3.595e-05,1.076e-08,835963.0,0.0899,0xa2...9063,https://bscscan.com/tx/0x101b9c050d89d24dca39ef95403e0e8a70c91ff2ca11ebe84f6a848a787ac0b1
2023-03-20 06:09:33,False,3.595e-05,1.076e-08,72769.1,0.0078,0xa2...9063,https://bscscan.com/tx/0x101b9c050d89d24dca39ef95403e0e8a70c91ff2ca11ebe84f6a848a787ac0b1
2023-03-20 06:08:00,False,3.596e-05,1.076e-08,10299066.0,1.10866,0x9c...6f64,https://bscscan.com/tx/0xacff6a566fac3785fa5342a6ce9ec2c3dd95d9e2481c643a138f362dfb759622
2023-03-20 06:08:00,False,3.596e-05,1.076e-08,9329.79,0.001,0x9c...6f64,https://bscscan.com/tx/0xacff6a566fac3785fa5342a6ce9ec2c3dd95d9e2481c643a138f362dfb759622
2023-03-20 06:05:09,True,3.63e-05,1.081e-08,3087797.0,0.334,0x1f...d4aa,https://bscscan.com/tx/0x6af26623d97dabb084ddc5f7c10c56d415a8b6daccd3695a140e3f9b3ca01876
2023-03-20 06:04:15,False,3.612e-05,1.076e-08,366578.0,0.0394,0xda...5867,https://bscscan.com/tx/0x14610027f8128b6483cc45f16bcc9c0f5029da040923f8ffb2de021d9a784db4
2023-03-20 06:04:15,False,3.612e-05,1.076e-08,20461.9,0.0022,0xda...5867,https://bscscan.com/tx/0x14610027f8128b6483cc45f16bcc9c0f5029da040923f8ffb2de021d9a784db4
2023-03-20 06:04:00,False,3.612e-05,1.076e-08,7555757.0,0.8134,0x90...f383,https://bscscan.com/tx/0xcad6e5d8fc54e08fe995076b23b0e3c355c428a9534438b68e466895b06cad26
2023-03-20 06:04:00,False,3.613e-05,1.076e-08,4775.48,5.141e-05,0x90...f383,https://bscscan.com/tx/0xcad6e5d8fc54e08fe995076b23b0e3c355c428a9534438b68e466895b06cad26
2023-03-20 06:03:54,True,3.612e-05,1.082e-08,508271.0,0.055,0xe6...db3b,https://bscscan.com/tx/0xa6f458c16c9c3f5d25a07ee113cf3a57c821e644a30f2f71171d54042b77adaa
2023-03-20 06:03:45,True,3.612e-05,1.082e-08,924127.0,0.1,0x74...1ac2,https://bscscan.com/tx/0x0798a4dd902187e0a6f79dd544222815ff405b73631e66149bc94909a9bb7cf8
2023-03-20 06:03:42,True,3.63e-05,1.082e-08,50000.0,0.0054,0x57...f674,https://bscscan.com/tx/0x1071cb4d417616b23f50686fae53e8719db88e54037eaf27725d509290dd5e4b
2023-03-20 06:02:27,False,3.594e-05,1.076e-08,285438.0,0.0307,0xf7...238c,https://bscscan.com/tx/0x0885ba1f9fd56b243ee7341fc2ea3ec54d30c3e28f8bc5880b24b53d6039fcff
2023-03-20 06:02:27,False,3.594e-05,1.076e-08,28645.9,0.003,0xf7...238c,https://bscscan.com/tx/0x0885ba1f9fd56b243ee7341fc2ea3ec54d30c3e28f8bc5880b24b53d6039fcff
2023-03-20 06:02:21,True,3.631e-05,1.082e-08,200000.0,0.0216,0x57...f674,https://bscscan.com/tx/0xc604b996864c9313ee0d4e0fd4df552f8217917d32ddf4b2b7cd19bab12ca304
2023-03-20 06:01:21,True,3.631e-05,1.082e-08,114368.0,0.0123,0xf7...238c,https://bscscan.com/tx/0xd6cf9cd419bb6d859ca3f4f2fd4492582643c82b91fbbecf92f59588a68b93f8
2023-03-20 06:00:00,True,3.631e-05,1.081e-08,9242422.0,1.0,0xa8...8a78,https://bscscan.com/tx/0x653282dad19c4dab5a8c614aec223850095d108bec32772918f78323c875fd45
2023-03-20 05:54:54,True,3.604e-05,1.082e-08,30623.9,0.0033,0x44...5539,https://bscscan.com/tx/0x745d2176db7b55d13c6263028a027b35625167bfd57bbf33f71ad05e65094803
2023-03-20 05:53:24,True,3.621e-05,1.081e-08,22173.0,0.0024,0xe0...8f19,https://bscscan.com/tx/0x9e0d11b35a3bfdd2a5609bb798bc94b70b0bb8f1d84f82f5bc1a42759f5823ee
2023-03-20 05:49:14,False,3.602e-05,1.076e-08,997001.0,0.1073,0xa8...8a78,https://bscscan.com/tx/0x7f013e229d7d073452c2b12a1a4d34d3a25c8d913ca6daa76f0c9acfadbe0d0c
2023-03-20 05:49:14,False,3.602e-05,1.076e-08,287330.0,0.0309,0xa8...8a78,https://bscscan.com/tx/0x7f013e229d7d073452c2b12a1a4d34d3a25c8d913ca6daa76f0c9acfadbe0d0c
2023-03-20 05:48:51,True,3.602e-05,1.081e-08,2773048.0,0.3,0x5f...016e,https://bscscan.com/tx/0xfe6a7805ed1de4820f1b60be67520c8ea92069c5f384dbb649ff7e5cf842a07f
2023-03-20 05:48:48,True,3.602e-05,1.081e-08,791083.0,0.0855,0x46...a215,https://bscscan.com/tx/0xc7180be50ff4ddb562d2c7574efe37bc8d14ec7da1368705e2a130d5fe197f0c
2023-03-20 05:48:12,True,3.596e-05,1.08e-08,100300903.0,10.8372,0x9b...2220,https://bscscan.com/tx/0x30279e45c6fc6497fabb2167b3c4b7530b0bfb3195dfa4491c851b733df0807a
2023-03-20 05:46:57,False,3.592e-05,1.073e-08,2545751.0,0.2733,0x16...c650,https://bscscan.com/tx/0x6afcd62a25a414e03eec542b194c2c451c49a119a27d3f805086594f995f286d
2023-03-20 05:46:57,False,3.592e-05,1.073e-08,106542.0,0.0114,0x16...c650,https://bscscan.com/tx/0x6afcd62a25a414e03eec542b194c2c451c49a119a27d3f805086594f995f286d
2023-03-20 05:46:18,True,3.59e-05,1.078e-08,38754649.0,4.18053,0x66...2893,https://bscscan.com/tx/0xb911416f914c48278903c1db5ac671074531b7d82b870ea9c7df844510b18732
2023-03-20 05:45:21,False,3.588e-05,1.072e-08,703158.0,0.0754,0x04...8d2b,https://bscscan.com/tx/0x1046609840549cb5541b0dde79144080de2901253e174238f5dad6ddd721ddbd
2023-03-20 05:45:21,False,3.588e-05,1.072e-08,14016.3,0.0015,0x04...8d2b,https://bscscan.com/tx/0x1046609840549cb5541b0dde79144080de2901253e174238f5dad6ddd721ddbd
2023-03-20 05:44:54,True,3.588e-05,1.078e-08,2519324.0,0.2716,0xa1...05f3,https://bscscan.com/tx/0xee6e48276aca30164a60c2f6adb6b05ccc857e332f7c2cce6834c3ed0cea4142
2023-03-20 05:37:39,False,3.59e-05,1.072e-08,997001.0,0.1069,0xa8...8a78,https://bscscan.com/tx/0xdd38d9e66a94ae5567e690e2b7485a9f2ece171b1551363dfcdaca78bbf87b58
2023-03-20 05:37:39,False,3.59e-05,1.072e-08,356832.0,0.0382,0xa8...8a78,https://bscscan.com/tx/0xdd38d9e66a94ae5567e690e2b7485a9f2ece171b1551363dfcdaca78bbf87b58
2023-03-20 05:37:39,True,3.608e-05,1.078e-08,277000.0,0.0298,0x9f...8769,https://bscscan.com/tx/0x9876101db205b2b2fb973436fc37577104d46c468cf5d84edc71cbd9c9024fb2
2023-03-20 05:37:24,True,3.608e-05,1.078e-08,474806.0,0.0511,0x46...a215,https://bscscan.com/tx/0x6b92ff9fe76bfe002a4b128eccf3c1db123defe2fe0cca79f144f1e78bdb2e48
2023-03-20 05:36:24,True,3.587e-05,1.077e-08,55468090.0,5.97644,0xe3...5aaa,https://bscscan.com/tx/0x6172653c3d2b139820a7adc628a60e0157d3efa363f3686ff9e62190c2383613
2023-03-20 05:33:45,True,3.604e-05,1.076e-08,79060.4,0.0085,0x2c...93d9,https://bscscan.com/tx/0x934705ba1ffe385edfbbb10f21ffcfd22b38b639d41d769da42f7c7ddb64860e
2023-03-20 05:32:54,True,3.585e-05,1.076e-08,4436345.0,0.4776,0x07...210a,https://bscscan.com/tx/0x2c3470a9a4aaf24ef0ac2435c53383a51435384f9f1c015f3dc449134dfd6cce
2023-03-20 05:32:54,True,3.585e-05,1.076e-08,222800.0,0.0239,0x9a...ec7d,https://bscscan.com/tx/0x39a3cc2018e7e7a9fb53689042082f9ba372651a959e7230e90ad48adf5f5dfd
2023-03-20 05:29:21,True,3.603e-05,1.076e-08,904587.0,0.0973,0x97...92c4,https://bscscan.com/tx/0x15f133d25f33639163d72bb43112f22daee2e5e52f2bd9f16e85fd9e5d40974c
2023-03-20 05:28:51,True,3.603e-05,1.076e-08,163593.0,0.0176,0x60...856d,https://bscscan.com/tx/0xb6ab8bdf27718f9cd78d47e099622e88be4bff981228e06d18f61e6bcdb7f1ae
2023-03-20 05:28:36,True,3.602e-05,1.076e-08,67807.3,0.0073,0xe7...bfea,https://bscscan.com/tx/0xd06a2be4cdac266992d8667e332e0cdd0fe287a311d2bd44ff52189c31aff378
2023-03-20 05:25:51,True,3.583e-05,1.076e-08,404793.0,0.0435,0xc8...ca6d,https://bscscan.com/tx/0x0f27b5dd66bfbead4d9d1e93ab2c6ad16e7bc8ce6f2ad33d3b288b75de4135c6
2023-03-20 05:24:08,True,3.58e-05,1.075e-08,60323200.0,6.48946,0x23...8ce8,https://bscscan.com/tx/0x0fe9fc5a66c5faef16f192ed19f5d080818102f2d3934dfd8dcdff341c71efb6
2023-03-20 05:22:42,True,3.595e-05,1.074e-08,2781357.0,0.2989,0xdd...4f50,https://bscscan.com/tx/0xf7fde474bcd062c784267f06a1c120bb7d208bdddc4416d1dcc40904e13c932b
2023-03-20 05:22:42,True,3.595e-05,1.074e-08,507505.0,0.0545,0xe6...061e,https://bscscan.com/tx/0x8d7fc137616cbc07e3943860d3c6a9abc7e0428b63eb1c06777788db695fff3b
2023-03-20 05:21:15,True,3.595e-05,1.074e-08,988175.0,0.1062,0x2a...9260,https://bscscan.com/tx/0xc0dfe42fe2d6c363f6275a3925fc4f32f7546356b00251b7954d8333fc637e16
2023-03-20 05:19:42,False,3.561e-05,1.069e-08,5045629.0,0.5396,0x64...9cca,https://bscscan.com/tx/0x2a05cb303b787fc762dbd230247818af72feca905de0c3d5db4e2de59d01490f
2023-03-20 05:19:42,False,3.561e-05,1.069e-08,15639.6,0.0016,0x64...9cca,https://bscscan.com/tx/0x2a05cb303b787fc762dbd230247818af72feca905de0c3d5db4e2de59d01490f
2023-03-20 05:17:12,True,3.596e-05,1.074e-08,4512740.0,0.4851,0x98...304f,https://bscscan.com/tx/0x22ebb428a377df0a801bab01760d8dbc11ba56b88ed42366866e73fafe00c834
2023-03-20 05:17:09,True,3.596e-05,1.074e-08,10233.5,0.0011,0x2d...dd30,https://bscscan.com/tx/0xedb056b94fdf389a74c8815ade33c65fcef4dabad112e3d83591607da49587ab
2023-03-20 05:15:45,False,3.561e-05,1.069e-08,1265646.0,0.1353,0x80...76cd,https://bscscan.com/tx/0x7bde20f79bedcc618a675068c0948c225eb30ff1fc098d400d0383ada3e3ed8a
2023-03-20 05:15:45,False,3.561e-05,1.069e-08,312366.0,0.0334,0x80...76cd,https://bscscan.com/tx/0x7bde20f79bedcc618a675068c0948c225eb30ff1fc098d400d0383ada3e3ed8a
2023-03-20 05:13:21,True,3.576e-05,1.074e-08,1033652.0,0.1111,0x46...a215,https://bscscan.com/tx/0x00b70bc4532e88a37854c1fb1ec2d48f486f9f3fea900e20ef8b364558aaf74c
2023-03-20 05:11:36,True,3.593e-05,1.074e-08,417371.0,0.0448,0xeb...6678,https://bscscan.com/tx/0xb62175d1a8844f6f6398202d8fa00b9cf23585dc0aa72e9ceef6eafddeb134c1
2023-03-20 05:11:09,True,3.573e-05,1.074e-08,1045986.0,0.1124,0x33...50c2,https://bscscan.com/tx/0x2fd4905fc6373a77987aff6f46b1029ddbc5dc3f9e057bd1959a44b15f993c2c
2023-03-20 05:10:57,True,3.591e-05,1.074e-08,143000.0,0.0153,0x86...4173,https://bscscan.com/tx/0x0d405aaa46dddc915bb2b93a8b32135ea0d731c29935b715534fe1a352bdb7f7
2023-03-20 05:09:18,True,3.589e-05,1.074e-08,861653.0,0.0926,0x8e...3d56,https://bscscan.com/tx/0xdce35cd4f2678993abd4fe0913890dae6743af832d34fd65b192728695947acb
2023-03-20 05:08:09,True,3.567e-05,1.074e-08,2470001.0,0.2654,0x5a...e6e3,https://bscscan.com/tx/0xec3cbcd71716f3808efef0f3fd0f6955878f7eeb4e08e51b42b9614a9a13c2f3
2023-03-20 05:07:39,True,3.584e-05,1.074e-08,24406160.0,2.62236,0x9f...286b,https://bscscan.com/tx/0xb43dea4d90a02c0dad5c672b594d7776e0a81d7737af7ad9740f743c61db23cd
2023-03-20 05:07:15,True,3.565e-05,1.074e-08,386584.0,0.0415,0x06...4daf,https://bscscan.com/tx/0xbe70e466a9f84d510b85a9c8cdcfd4d4a97b06ee5e67f250ed80063ea37406b4
2023-03-20 05:06:30,True,3.564e-05,1.073e-08,47519374.0,5.10132,0xfe...5ad3,https://bscscan.com/tx/0xb332017333f1128c21d4efce2f1095b3bbc4e907eaacedf428a620708e88d50b
2023-03-20 05:04:27,True,3.558e-05,1.072e-08,978084.0,0.1049,0xdc...c6dd,https://bscscan.com/tx/0xb727f296379c999c5feba9cfbf8453805040d95bd34b817b4a813d561b8d48b9
2023-03-20 05:04:15,False,3.56e-05,1.067e-08,35869345.0,3.8308,0x05...7066,https://bscscan.com/tx/0x52a02a47a3f77336f1d8acbb594188cad7b92124d3e0eb4a2f17cb3fabd1878a
2023-03-20 05:04:15,False,3.561e-05,1.068e-08,44885.8,0.0048,0x05...7066,https://bscscan.com/tx/0x52a02a47a3f77336f1d8acbb594188cad7b92124d3e0eb4a2f17cb3fabd1878a
2023-03-20 05:04:15,False,3.562e-05,1.068e-08,16574480.0,1.77125,0xd4...8ea6,https://bscscan.com/tx/0x459303e974cc1ff2dcff7d3bcf2d3c5ac90ab2a3e8f5b015f1a667b1cbb6061b
2023-03-20 05:04:15,False,3.563e-05,1.068e-08,60341.2,0.0064,0xd4...8ea6,https://bscscan.com/tx/0x459303e974cc1ff2dcff7d3bcf2d3c5ac90ab2a3e8f5b015f1a667b1cbb6061b
2023-03-20 05:04:06,False,3.564e-05,1.069e-08,22281531.0,2.38227,0x05...7066,https://bscscan.com/tx/0x32d399d9ecda97cc5e72e44eff160b0eccf3e502d11e4115e48c6c69ad6f58eb
2023-03-20 05:04:06,False,3.565e-05,1.069e-08,82580.1,0.0088,0x05...7066,https://bscscan.com/tx/0x32d399d9ecda97cc5e72e44eff160b0eccf3e502d11e4115e48c6c69ad6f58eb
2023-03-20 05:03:51,True,3.585e-05,1.075e-08,595227.0,0.064,0xee...3f91,https://bscscan.com/tx/0xd3c087778768f810851cc2b286cdcd5f2a0b6eb7fea6eb1a2c5ee6c475f661e0
2023-03-20 05:02:51,False,3.548e-05,1.069e-08,29900029.0,3.19879,0x20...946b,https://bscscan.com/tx/0xfbc017f82a65b0fc206b4af120e29decf5f5a4bd71890949d6eb11db0df145d1
2023-03-20 05:02:51,False,3.55e-05,1.07e-08,24017.5,0.0025,0x20...946b,https://bscscan.com/tx/0xfbc017f82a65b0fc206b4af120e29decf5f5a4bd71890949d6eb11db0df145d1
2023-03-20 04:59:42,False,3.571e-05,1.07e-08,8868668.0,0.9492,0xb0...5d4f,https://bscscan.com/tx/0xd8685633826479743c5609cbb5045d86f6e721c2e4c9b571ac213392f48a0d3d
2023-03-20 04:59:42,False,3.572e-05,1.07e-08,14511.4,0.0015,0xb0...5d4f,https://bscscan.com/tx/0xd8685633826479743c5609cbb5045d86f6e721c2e4c9b571ac213392f48a0d3d
2023-03-20 04:59:30,True,3.589e-05,1.075e-08,3122926.0,0.3359,0x4f...31fa,https://bscscan.com/tx/0x9a4e818148ed3647e4c7034eaf334294ec631bdcba113e39f7570e6365f41bd2
2023-03-20 04:58:42,False,3.554e-05,1.07e-08,2244909.0,0.2402,0x71...0da9,https://bscscan.com/tx/0xb9332b9c5a86341cc8fe9a0eab8ebc32bb5ddef2e15862d4bffdcb74b407baa3
2023-03-20 04:58:42,False,3.554e-05,1.07e-08,23196.6,0.0024,0x71...0da9,https://bscscan.com/tx/0xb9332b9c5a86341cc8fe9a0eab8ebc32bb5ddef2e15862d4bffdcb74b407baa3
2023-03-20 04:58:39,True,3.572e-05,1.075e-08,101439.0,0.0109,0x89...79ac,https://bscscan.com/tx/0x27fddc94a8ac4938aa2a6fc49d358e3c0713620e7950f72ed829aa3ba60cb4d0
2023-03-20 04:58:24,False,3.577e-05,1.07e-08,8464434.0,0.9061,0x79...a164,https://bscscan.com/tx/0x2de5fd03c02caa5f53406b53a8e82c65ae5347ceac328bd478d7127ceef857c4
2023-03-20 04:58:24,False,3.577e-05,1.07e-08,158867.0,0.017,0x79...a164,https://bscscan.com/tx/0x2de5fd03c02caa5f53406b53a8e82c65ae5347ceac328bd478d7127ceef857c4
2023-03-20 04:58:21,True,3.594e-05,1.075e-08,27745403.0,2.98444,0x04...f586,https://bscscan.com/tx/0x3aaa8e3deeea2428b967fd532155af2bb90fd8e97baa5a675188849f0c1f77a9
2023-03-20 04:58:15,True,3.572e-05,1.075e-08,16579944.0,1.78247,0x71...736d,https://bscscan.com/tx/0x8581f55d6851f38e8c99966ad614472a7a82182f1641b789fed3375bc5aa7fed
2023-03-20 04:56:57,True,3.571e-05,1.074e-08,1564497.0,0.1681,0x7b...0eff,https://bscscan.com/tx/0xa1a27961a0de32dbbf61cc4dc046dd858c15d9e8b9302f83d29b12c215f4d975
2023-03-20 04:53:33,False,3.555e-05,1.069e-08,12911015.0,1.38099,0x05...7066,https://bscscan.com/tx/0x33472913e2f82fc475e0e25a9c35c602d96fe18a526bf5e60e4a59ebdd325041
2023-03-20 04:53:33,False,3.555e-05,1.069e-08,27230.3,0.0029,0x05...7066,https://bscscan.com/tx/0x33472913e2f82fc475e0e25a9c35c602d96fe18a526bf5e60e4a59ebdd325041
2023-03-20 04:53:09,True,3.591e-05,1.075e-08,2247882.0,0.2416,0xa7...8517,https://bscscan.com/tx/0x1df3caad806117638c466a8553cbdcc55ef0f9d5205dd3a58d6e4cd30b6522d5
2023-03-20 04:52:18,True,3.572e-05,1.075e-08,1342033.0,0.1442,0xdd...4cd0,https://bscscan.com/tx/0x2051e5988044d23af43e39411e2ec1161586b0dd52781b6a0b8bb25975d0c3ba
2023-03-20 04:52:03,False,3.554e-05,1.069e-08,753936.0,0.0806,0x33...50c2,https://bscscan.com/tx/0xd2aedeb5676bba229a13fe02b286662c8683a3f11467bddd5b61dd05bdbddf9c
2023-03-20 04:52:03,False,3.554e-05,1.069e-08,343271.0,0.0367,0x33...50c2,https://bscscan.com/tx/0xd2aedeb5676bba229a13fe02b286662c8683a3f11467bddd5b61dd05bdbddf9c
2023-03-20 04:51:48,False,3.56e-05,1.071e-08,126755990.0,13.5802,0x05...7066,https://bscscan.com/tx/0xc0837ad6988b19c6dc248824014b6c60d29c0ae18beb9b15c0d27cda525d261c
2023-03-20 04:51:48,False,3.566e-05,1.073e-08,75988.6,0.0081,0x05...7066,https://bscscan.com/tx/0xc0837ad6988b19c6dc248824014b6c60d29c0ae18beb9b15c0d27cda525d261c
2023-03-20 04:51:39,False,3.567e-05,1.073e-08,28059489.0,3.01182,0xc0...1f4f,https://bscscan.com/tx/0x071e1ccc4844ef15e95a9cd634bc65d2b5b4ba8da72affd2f8e5cfb37460da0f
2023-03-20 04:51:39,False,3.568e-05,1.073e-08,39907.9,0.0042,0xc0...1f4f,https://bscscan.com/tx/0x071e1ccc4844ef15e95a9cd634bc65d2b5b4ba8da72affd2f8e5cfb37460da0f
2023-03-20 04:51:39,False,3.569e-05,1.073e-08,14736375.0,1.58258,0x05...7066,https://bscscan.com/tx/0xd347f8cae800d70ea8ed22fa828650680ff447b84b792a21610b32b03b2e564a
2023-03-20 04:51:39,False,3.569e-05,1.074e-08,25429.5,0.0027,0x05...7066,https://bscscan.com/tx/0xd347f8cae800d70ea8ed22fa828650680ff447b84b792a21610b32b03b2e564a
2023-03-20 04:51:27,False,3.588e-05,1.074e-08,9390093.0,1.00872,0x05...7066,https://bscscan.com/tx/0x3138a089090c64a3db1da392cd842ac0712f239ca917753838c77ab4e88660ae
2023-03-20 04:51:27,False,3.589e-05,1.074e-08,217625.0,0.0233,0x05...7066,https://bscscan.com/tx/0x3138a089090c64a3db1da392cd842ac0712f239ca917753838c77ab4e88660ae
2023-03-20 04:51:18,False,3.575e-05,1.075e-08,80360031.0,8.64202,0x88...adcf,https://bscscan.com/tx/0xa474671129227caaa478763b2174c314c26dcb0c131146be3fc410a18f6e2fd8
