datetime,buy_order,price_USD,price_native,amount_token,total_native,maker,etherscan_url
2023-04-03 08:25:55,True,3.358e-05,1.086e-08,374480.0,0.0406,0xe1...99a0,https://bscscan.com/tx/0xbf532cb0bc2fef23e1b018320cfb8e0df7c1fafbf2c679b286f8b6c8c60e7218
2023-04-03 08:24:40,True,3.374e-05,1.086e-08,16440523.0,1.78609,0xa1...a28b,https://bscscan.com/tx/0x2869a46131414b417b16388bd2273447c196ba504312890b878eb35992aae1f6
2023-04-03 08:23:55,True,3.356e-05,1.085e-08,18417282.0,2.0,0x17...6d5b,https://bscscan.com/tx/0x0d312de74d93bcd4673e8e7366cd2a532f5bb1d7f4449064cf16e9911c6b6b4d
2023-04-03 08:23:01,True,3.372e-05,1.085e-08,499766.0,0.0542,0xe1...99a0,https://bscscan.com/tx/0xfa13224a05fec963e5ea26a8ddf7043522a63797baa8e5935f1d7aafde12a64f
2023-04-03 08:20:19,True,3.354e-05,1.085e-08,593238.0,0.0644,0x49...0512,https://bscscan.com/tx/0x1d6bb7ed3d899c4bb771a79e5867885e204acb8381c1a884cdb862723b5cb59d
2023-04-03 08:17:57,True,3.37e-05,1.085e-08,3684540.0,0.4,0x21...2f25,https://bscscan.com/tx/0x0bf11de4d16d40303b119be371ed60fe3b63e6963911c6e33a7d22ab33b8f76e
2023-04-03 08:11:57,True,3.354e-05,1.085e-08,5102630.0,0.5538,0x6b...9f5d,https://bscscan.com/tx/0xc9acbe55a7193714030701010f5a9dae67a72fd6eb25163df64c99a03ae45342
2023-04-03 08:11:54,True,3.354e-05,1.085e-08,5033484.0,0.5463,0x6b...9f5d,https://bscscan.com/tx/0xed9b2031b3a0d1053b82977ae01f4db569cc64018bb3928c20754dd1e687b4d4
2023-04-03 08:11:48,True,3.353e-05,1.085e-08,5029221.0,0.5457,0x6b...9f5d,https://bscscan.com/tx/0x47deb76ce2284f4644f077c9c6ce48e38dcf530625b72a36b64ed0c7b94bc388
2023-04-03 08:11:12,True,3.37e-05,1.084e-08,14714099.0,1.59644,0x9c...ed68,https://bscscan.com/tx/0xab962c7f0a595b53f0c40d1c6f04f2ee7e44554f523c2804dafc04ecd2e4f7a2
2023-04-03 08:10:21,False,3.333e-05,1.079e-08,609231.0,0.0657,0xbf...46cb,https://bscscan.com/tx/0xc3ef4eae0d107ab4e78caedca083a38b905dbc75ed81bda9044959665cf74fcd
2023-04-03 08:10:21,False,3.333e-05,1.079e-08,1293.06,1.395e-05,0xbf...46cb,https://bscscan.com/tx/0xc3ef4eae0d107ab4e78caedca083a38b905dbc75ed81bda9044959665cf74fcd
2023-04-03 08:09:18,True,3.366e-05,1.084e-08,304205.0,0.033,0x7c...8ddb,https://bscscan.com/tx/0x1c364b2e9225c6e49005564be10fa29701bc42cb09478f09cce7dda929538aca
2023-04-03 08:07:27,False,3.349e-05,1.079e-08,174181.0,0.0188,0x1a...b2a1,https://bscscan.com/tx/0xaf44543589cd07c642ac7986a2c42275c63a2b8c443a24979e1a249d4e0a0e2c
2023-04-03 08:07:27,False,3.349e-05,1.079e-08,56955.2,0.0061,0x1a...b2a1,https://bscscan.com/tx/0xaf44543589cd07c642ac7986a2c42275c63a2b8c443a24979e1a249d4e0a0e2c
2023-04-03 08:07:06,True,3.366e-05,1.084e-08,831695.0,0.0902,0x4b...8602,https://bscscan.com/tx/0xc4854bb4ca2839573a9744274f7843479e240b52380f23fcd16ffda90be8beed
2023-04-03 07:59:05,True,3.352e-05,1.084e-08,5226857.0,0.5669,0x59...657d,https://bscscan.com/tx/0x5770040e7cbad8829f6914ad3df189c3ef686d514502061994b7f7acdcb53cd6
2023-04-03 07:56:38,True,3.368e-05,1.084e-08,4610090.0,0.5,0x67...a059,https://bscscan.com/tx/0x6f9c078c1752eb48792e3a869841afe0efb948a30961150f6cf06d91311cf7e7
2023-04-03 07:56:20,True,3.368e-05,1.084e-08,425881.0,0.0461,0x56...a787,https://bscscan.com/tx/0x3dd5e5b78a457aeba5db0c5cef654ed4870ac717ee63b778cdee2c0eed0de1cc
2023-04-03 07:54:26,False,3.352e-05,1.079e-08,9970000.0,1.07598,0xac...6901,https://bscscan.com/tx/0x5358b54724959a77c00ca3007d4efd05d05f862f991bd81a909d4ebb1cd59d8b
2023-04-03 07:54:26,False,3.352e-05,1.079e-08,5191.81,5.603e-05,0xac...6901,https://bscscan.com/tx/0x5358b54724959a77c00ca3007d4efd05d05f862f991bd81a909d4ebb1cd59d8b
2023-04-03 07:54:08,False,3.352e-05,1.079e-08,1917123.0,0.2069,0x79...d431,https://bscscan.com/tx/0x0448ac2f99ce5a21695603afbecb88bb7da77f5a08858b0136db3557ed9e203d
2023-04-03 07:54:08,False,3.352e-05,1.079e-08,278073.0,0.03,0x79...d431,https://bscscan.com/tx/0x0448ac2f99ce5a21695603afbecb88bb7da77f5a08858b0136db3557ed9e203d
2023-04-03 07:53:35,True,3.369e-05,1.084e-08,1604940.0,0.1741,0xcf...dd96,https://bscscan.com/tx/0xf9834688cb9fe124273c038214a1b5e28a158ae3bcea6a99f815e09167a8d7c1
2023-04-03 07:53:17,True,3.368e-05,1.084e-08,19327615.0,2.09613,0xcc...0331,https://bscscan.com/tx/0xed545735febc31645fe121b60fcd0dc970a3807cc166bb2cd57c56fd61239d8d
2023-04-03 07:51:26,True,3.367e-05,1.084e-08,1484745.0,0.1609,0x18...dc58,https://bscscan.com/tx/0x672e5691ece9caf831a3f1874c272c4b68e29685937caf6885e7ce98cfad5159
2023-04-03 07:50:32,True,3.35e-05,1.084e-08,3043284.0,0.3299,0xd4...a84f,https://bscscan.com/tx/0x247d42a8539f1dae9ea45d742a778f2f8c3a5cf1497f4697403ed3c7347fb475
2023-04-03 07:48:56,True,3.349e-05,1.083e-08,15829400.0,1.71582,0xcc...0331,https://bscscan.com/tx/0xb2684e1c380f299e15d1013a9a4bbeba8bc02c9a7eae09e94a0de2dffcf5014c
2023-04-03 07:48:08,True,3.365e-05,1.083e-08,55555.0,0.006,0xd9...399d,https://bscscan.com/tx/0xd754700051e715e4dfd87ec29fefd34439340f1998366b1e12f2b1fdb1c58d57
2023-04-03 07:45:50,True,3.364e-05,1.083e-08,3056070.0,0.3311,0xb3...054a,https://bscscan.com/tx/0x48cb318a7f8165b73b96b8217c136807a80988f5c53b229a2e912284b06c3efe
2023-04-03 07:44:48,True,3.363e-05,1.083e-08,19343152.0,2.09565,0xcc...0331,https://bscscan.com/tx/0x1d38f177e6a78157f9e76e91ae670fb08a66a2d3330ad47c08eedb65a35809f8
2023-04-03 07:44:18,True,3.363e-05,1.083e-08,1061599.0,0.1149,0xe1...3318,https://bscscan.com/tx/0x5fc613ca07ed982fef576ee415372adb6227bc9e72cbc3c9a9fbde6ce0cb020b
2023-04-03 07:37:22,True,3.345e-05,1.083e-08,1649008.0,0.1786,0x3f...9e11,https://bscscan.com/tx/0xf2a826ff0a27d282cb9eea9722ff092f2222a08dbd6294e76f076a04866c0eab
2023-04-03 07:34:37,True,3.345e-05,1.083e-08,60014.1,0.0065,0xef...06f5,https://bscscan.com/tx/0x99f2cadfa7a2549cb2b4adb7e1f542ba3dff0a92b077a7b14125b979ff44cf59
2023-04-03 07:33:31,False,3.347e-05,1.078e-08,34895000.0,3.76212,0xa6...67cb,https://bscscan.com/tx/0xa73c2f937b7f2ad95e8ce4f6f459ff5f737f77dcf63d0a6a73bb24cc3c2fbc52
2023-04-03 07:33:31,False,3.348e-05,1.078e-08,69306.9,0.0074,0xa6...67cb,https://bscscan.com/tx/0xa73c2f937b7f2ad95e8ce4f6f459ff5f737f77dcf63d0a6a73bb24cc3c2fbc52
2023-04-03 07:27:32,True,3.365e-05,1.083e-08,435209.0,0.0471,0xae...30dd,https://bscscan.com/tx/0x2601250a272d11c73b63cfe5c8533a873557197bb4083e0e36ff67418a533875
2023-04-03 07:27:03,True,3.364e-05,1.083e-08,7858296.0,0.8517,0x92...7c82,https://bscscan.com/tx/0xf0bd239af64d98a43672955f421c7b4cd4af6ab3653d5cc3e8fe1b61c77e8d3a
2023-04-03 07:23:40,True,3.364e-05,1.083e-08,2558965.0,0.2773,0x18...80a3,https://bscscan.com/tx/0xa6620b8bceb73a95f31309fb239d873dd6aad19122fcda148208f117ae3cba89
2023-04-03 07:22:52,True,3.364e-05,1.083e-08,618760.0,0.067,0xee...4e89,https://bscscan.com/tx/0xb7aef387f205bea2915ee88bbfcf004a08aa0a90f3257a58e232ca6d37883e5e
2023-04-03 07:22:34,True,3.364e-05,1.083e-08,200257.0,0.0217,0x64...74e0,https://bscscan.com/tx/0xd4c9acc3fe5059ae0571db1009f916655519ee4752bf2c295829f4712fdb13ae
2023-04-03 07:18:13,True,3.363e-05,1.083e-08,9793168.0,1.06115,0x5a...e6e3,https://bscscan.com/tx/0x6ce74608c26b5205dfebd68325a52c8a207098d7ed704e29cdce336e4ab13d58
2023-04-03 07:16:36,True,3.362e-05,1.083e-08,2000.0,2.166e-05,0x62...8a80,https://bscscan.com/tx/0x979d27c8332fab0250a34a6cdf0840170744a0c0a5fc7fdd8f61143105f1c4af
2023-04-03 07:14:56,True,3.345e-05,1.083e-08,100000.0,0.0108,0x62...8a80,https://bscscan.com/tx/0x648a7d09de3b725e444fcf01e954b65ec01cc2b6a61dc0f880d7cdb8fff86797
2023-04-03 07:14:12,False,3.345e-05,1.078e-08,2066820.0,0.2228,0x9c...1ec8,https://bscscan.com/tx/0x4754791f5abf14092edbf963b4faf2ed3fba95e8ff49baabac14379bd030f9ca
2023-04-03 07:14:12,False,3.345e-05,1.078e-08,13508.8,0.0014,0x9c...1ec8,https://bscscan.com/tx/0x4754791f5abf14092edbf963b4faf2ed3fba95e8ff49baabac14379bd030f9ca
2023-04-03 07:10:05,False,3.344e-05,1.078e-08,4988248.0,0.5378,0x03...66a3,https://bscscan.com/tx/0xda7b61d1520e579df506644de92e8c4618507b59aa00754997cb369756de9614
2023-04-03 07:10:05,False,3.345e-05,1.078e-08,134764.0,0.0145,0x03...66a3,https://bscscan.com/tx/0xda7b61d1520e579df506644de92e8c4618507b59aa00754997cb369756de9614
2023-04-03 07:07:38,False,3.346e-05,1.078e-08,49762692.0,5.36867,0xee...df44,https://bscscan.com/tx/0x341e8c9cf3539aa3db18546c0450c6782ae4cb7b74078af903cd824d40df8770
2023-04-03 07:07:38,False,3.348e-05,1.079e-08,3195.25,3.449e-05,0xee...df44,https://bscscan.com/tx/0x341e8c9cf3539aa3db18546c0450c6782ae4cb7b74078af903cd824d40df8770
2023-04-03 07:06:05,False,3.348e-05,1.079e-08,1179877.0,0.1273,0x8a...f82a,https://bscscan.com/tx/0x68902a0784b26c47ba0fbea2443aa5848e2b95369e665a595da1382cfa42a198
2023-04-03 07:06:05,False,3.348e-05,1.079e-08,2897.61,3.128e-05,0x8a...f82a,https://bscscan.com/tx/0x68902a0784b26c47ba0fbea2443aa5848e2b95369e665a595da1382cfa42a198
2023-04-03 07:02:10,False,3.332e-05,1.079e-08,249250.0,0.0269,0x6b...6a97,https://bscscan.com/tx/0xb0fac878735ab4a2d4c3d31ce90c78f6af3b4c3416471d17eb273f86264d52be
2023-04-03 07:02:10,False,3.332e-05,1.079e-08,3624.87,3.913e-05,0x6b...6a97,https://bscscan.com/tx/0xb0fac878735ab4a2d4c3d31ce90c78f6af3b4c3416471d17eb273f86264d52be
2023-04-03 06:54:16,True,3.365e-05,1.084e-08,805847.0,0.0874,0x94...feb2,https://bscscan.com/tx/0xe7b7c935974a494ec556f27a616616b03215b81f37e4a0930822d89cd1d1118d
2023-04-03 06:54:01,False,3.348e-05,1.079e-08,535086.0,0.0577,0xac...1ced,https://bscscan.com/tx/0xa04890bfdc65c957269ed614f1d21e14d4a74662830d31414128eef0b24c2694
2023-04-03 06:54:01,False,3.348e-05,1.079e-08,4185.48,4.518e-05,0xac...1ced,https://bscscan.com/tx/0xa04890bfdc65c957269ed614f1d21e14d4a74662830d31414128eef0b24c2694
2023-04-03 06:53:46,False,3.331e-05,1.079e-08,1545526.0,0.1668,0x73...6fc3,https://bscscan.com/tx/0x2ef2508ed5dee340cd75bfa40d5727518213f2ed213c6f4c93240edcb1ad6f15
2023-04-03 06:53:46,False,3.331e-05,1.079e-08,1350.0,1.457e-05,0x73...6fc3,https://bscscan.com/tx/0x2ef2508ed5dee340cd75bfa40d5727518213f2ed213c6f4c93240edcb1ad6f15
2023-04-03 06:49:52,False,3.348e-05,1.079e-08,498500.0,0.0538,0x06...eaa6,https://bscscan.com/tx/0xaac89a9c8dbce386843667bbba27cf8e9928acb989b00e269233cf19f2c1415b
2023-04-03 06:49:52,False,3.348e-05,1.079e-08,229844.0,0.0248,0x06...eaa6,https://bscscan.com/tx/0xaac89a9c8dbce386843667bbba27cf8e9928acb989b00e269233cf19f2c1415b
2023-04-03 06:47:02,True,3.362e-05,1.083e-08,80105608.0,8.6831,0x85...3e92,https://bscscan.com/tx/0x0ca38d7ebba5accb8ba026209a7d4a4f476a104137e6fb7dc71c3ed9c48742ea
2023-04-03 06:46:02,False,3.342e-05,1.077e-08,5006854.0,0.5395,0x8c...f50b,https://bscscan.com/tx/0xd62917dbdf89c23e72c16ba2b0f339c4dfe54b4d2e36f2c875b858d22942340e
2023-04-03 06:46:02,False,3.342e-05,1.077e-08,13270.9,0.0014,0x8c...f50b,https://bscscan.com/tx/0xd62917dbdf89c23e72c16ba2b0f339c4dfe54b4d2e36f2c875b858d22942340e
2023-04-03 06:44:37,False,3.343e-05,1.077e-08,3988101.0,0.4297,0x5d...67cd,https://bscscan.com/tx/0x1ea3e3cfc2fc2e65f06dfb33d2aab47ccc106966043c85f14434221c6116959e
2023-04-03 06:44:37,False,3.343e-05,1.077e-08,30136.8,0.0032,0x5d...67cd,https://bscscan.com/tx/0x1ea3e3cfc2fc2e65f06dfb33d2aab47ccc106966043c85f14434221c6116959e
2023-04-03 06:41:16,False,3.344e-05,1.077e-08,11128291.0,1.1995,0x42...cda8,https://bscscan.com/tx/0x986c1f27bd4820cf9cbc3b007dd1e6de1e65b03e68b7f4a591a469272f2baac5
2023-04-03 06:41:16,False,3.345e-05,1.078e-08,20342.8,0.0021,0x42...cda8,https://bscscan.com/tx/0x986c1f27bd4820cf9cbc3b007dd1e6de1e65b03e68b7f4a591a469272f2baac5
2023-04-03 06:37:32,True,3.345e-05,1.083e-08,1658242.0,0.1796,0x1e...552f,https://bscscan.com/tx/0x1b4f32acc30e717efe99a2da47e97b5786f01149b6dfe46c04bdc4dc57fd76d1
2023-04-03 06:33:42,True,3.361e-05,1.083e-08,1118232.0,0.1211,0x65...eee9,https://bscscan.com/tx/0xb203287fd2d7c5bc4fce1f27290bb5bf9a2a9633128250e3ae6b06d1dfe22e02
2023-04-03 06:24:11,True,3.361e-05,1.083e-08,1107677.0,0.12,0x61...dbe7,https://bscscan.com/tx/0x1cd4130f9c1ecc23f4dd270f7aa3af85b6c71fe31a671f0e5d1cd75d385576d5
2023-04-03 06:19:29,True,3.361e-05,1.083e-08,1753880.0,0.19,0x87...5c53,https://bscscan.com/tx/0xcbda5ea3a75b4502dc198234ffbf75e2093979abb32c3386b9ae5ab03ecb00b1
2023-04-03 06:19:23,True,3.344e-05,1.083e-08,92311.7,0.01,0x33...cd2b,https://bscscan.com/tx/0xb01eab66671012c0ecc0112feb42ad3a348f51c9131c3360d5dc02d339d6712e
2023-04-03 06:16:08,True,3.361e-05,1.083e-08,405884.0,0.0439,0xdf...87a1,https://bscscan.com/tx/0xf4c6e8b1a585627fdc2be96e3a1018e53685f2ba447ff6faaa2ba738beacffeb
2023-04-03 06:15:56,True,3.344e-05,1.083e-08,298171.0,0.0323,0x75...33cd,https://bscscan.com/tx/0xc0468a3f5cf7ea536db60109354abef7c4e001badcff4ed68153a6ada3698187
2023-04-03 06:09:14,False,3.328e-05,1.077e-08,1096683.0,0.1182,0x8a...dc7e,https://bscscan.com/tx/0x4b00ba342b074ad765996ec6abce6c7bbfb31cfc1bc7213ca3ecee3b5eddad77
2023-04-03 06:09:14,False,3.328e-05,1.077e-08,86294.9,0.0093,0x8a...dc7e,https://bscscan.com/tx/0x4b00ba342b074ad765996ec6abce6c7bbfb31cfc1bc7213ca3ecee3b5eddad77
2023-04-03 06:08:52,True,3.36e-05,1.082e-08,30754599.0,3.3304,0x80...0790,https://bscscan.com/tx/0x265934e74e4eafe37dcb8159c82099f1ecf863135a00919d0de65df3e7aff917
2023-04-03 06:07:43,False,3.326e-05,1.077e-08,1202839.0,0.1295,0xf8...a18f,https://bscscan.com/tx/0xd33bba68ab49a1eac81e96733f2f2fd78b410269f846a6e75df9ffc4989cfe05
2023-04-03 06:07:43,False,3.326e-05,1.077e-08,69806.3,0.0075,0xf8...a18f,https://bscscan.com/tx/0xd33bba68ab49a1eac81e96733f2f2fd78b410269f846a6e75df9ffc4989cfe05
2023-04-03 06:02:25,True,3.36e-05,1.082e-08,1554841.0,0.1683,0x73...6fc3,https://bscscan.com/tx/0x93b3073bdc53e190f8f5a779f6663d1d0d7254e2abf58192308a33ba2bcd2157
2023-04-03 06:01:55,True,3.359e-05,1.082e-08,14056631.0,1.52135,0xc5...63ff,https://bscscan.com/tx/0x25a6d2e6029d152f54b0b116b7f982b040cb11cd7a3b57916f09acf5f477b7b7
2023-04-03 06:00:55,True,3.342e-05,1.082e-08,293996.0,0.0318,0xb5...6a2d,https://bscscan.com/tx/0x14b40172ff6449cad0658f0b60db4a86d4285d08df0c2a8131965c67c4ce74ec
2023-04-03 05:57:19,False,3.341e-05,1.076e-08,8080748.0,0.8701,0x6e...f0ee,https://bscscan.com/tx/0x07d420883dc04c53ffd0afb74029e0f7411fea1de58b69cbf084d7e6284ae9c4
2023-04-03 05:57:19,False,3.341e-05,1.076e-08,5053.39,5.442e-05,0x6e...f0ee,https://bscscan.com/tx/0x07d420883dc04c53ffd0afb74029e0f7411fea1de58b69cbf084d7e6284ae9c4
2023-04-03 05:55:34,False,3.341e-05,1.076e-08,1866011.0,0.2009,0xe9...1982,https://bscscan.com/tx/0x56fe2355cf25fbf399b0c63ca85fe9f80206c3545bcadb23fc0a71e51d932fb8
2023-04-03 05:55:34,False,3.341e-05,1.076e-08,1350.0,1.453e-05,0xe9...1982,https://bscscan.com/tx/0x56fe2355cf25fbf399b0c63ca85fe9f80206c3545bcadb23fc0a71e51d932fb8
2023-04-03 05:54:58,False,3.341e-05,1.076e-08,498500.0,0.0536,0x18...0999,https://bscscan.com/tx/0x5711b4f02b307f52724ca3655203b20a7812834d775e4c606fa7ab5fec6cddc5
2023-04-03 05:54:58,False,3.341e-05,1.076e-08,325.894,3.509e-06,0x18...0999,https://bscscan.com/tx/0x5711b4f02b307f52724ca3655203b20a7812834d775e4c606fa7ab5fec6cddc5
2023-04-03 05:54:07,False,3.324e-05,1.076e-08,120339.0,0.0129,0xbb...6421,https://bscscan.com/tx/0xc1cecb03bae7a41402bf7668959e536f0abaeb0d074397fe8d7e94f2261b0622
2023-04-03 05:54:07,False,3.324e-05,1.076e-08,2916.3,3.14e-05,0xbb...6421,https://bscscan.com/tx/0xc1cecb03bae7a41402bf7668959e536f0abaeb0d074397fe8d7e94f2261b0622
2023-04-03 05:50:01,False,3.34e-05,1.076e-08,1076869.0,0.1159,0x8e...b41c,https://bscscan.com/tx/0x23a5869782b018e5109ce2964c7a53b50cb9827e296f93eb4ce8b48a8d96a562
2023-04-03 05:50:01,False,3.34e-05,1.077e-08,13294.0,0.0014,0x8e...b41c,https://bscscan.com/tx/0x23a5869782b018e5109ce2964c7a53b50cb9827e296f93eb4ce8b48a8d96a562
2023-04-03 05:47:58,True,3.357e-05,1.082e-08,49000.0,0.0053,0x33...45e5,https://bscscan.com/tx/0xfc24e8ce81f2f35a9e22dd8b47f1c22c49c5d077a701e6cbecf9df58a8b10c9d
2023-04-03 05:43:52,True,3.341e-05,1.082e-08,236907.0,0.0256,0x0c...c7fa,https://bscscan.com/tx/0xb425468e7532dbe3e790559cfea788f55213e4c761504cb3e6186cb72e1aca1b
2023-04-03 05:43:13,False,3.34e-05,1.077e-08,3316745.0,0.3572,0x5b...000f,https://bscscan.com/tx/0x3c3e00c8c5b993b9b1dfbfc085d3307ab441cb1d47ac662e7cf36070973e9eda
2023-04-03 05:43:13,False,3.34e-05,1.077e-08,3723.15,4.01e-05,0x5b...000f,https://bscscan.com/tx/0x3c3e00c8c5b993b9b1dfbfc085d3307ab441cb1d47ac662e7cf36070973e9eda
2023-04-03 05:43:07,True,3.357e-05,1.082e-08,500000.0,0.0541,0x33...45e5,https://bscscan.com/tx/0x4677abcb2f85f2c80c487b6801d958742829d757cef17e8ca77666d53312e05e
2023-04-03 05:42:34,True,3.357e-05,1.082e-08,777942.0,0.0842,0x05...a9b0,https://bscscan.com/tx/0x2f2e4650a9ed4645ad9cbb36ac47056c293367ba3a58d7f08c8a8db342dc8c9d
2023-04-03 05:41:42,False,3.34e-05,1.077e-08,100697.0,0.0108,0x66...d052,https://bscscan.com/tx/0xb673ad0bed563164d500a9d0a0703075cd5e009d7762fbe1ba954abe14b641ff
2023-04-03 05:41:42,False,3.34e-05,1.077e-08,24221.8,0.0026,0x66...d052,https://bscscan.com/tx/0xb673ad0bed563164d500a9d0a0703075cd5e009d7762fbe1ba954abe14b641ff
2023-04-03 05:40:40,False,3.34e-05,1.077e-08,8944113.0,0.9634,0xf3...30dc,https://bscscan.com/tx/0xc728efb7eb9b9f3301aa8903baf1ef91c2c8030f89a2dd4352479820ca317cd3
2023-04-03 05:40:40,False,3.341e-05,1.077e-08,3987.99,4.296e-05,0xf3...30dc,https://bscscan.com/tx/0xc728efb7eb9b9f3301aa8903baf1ef91c2c8030f89a2dd4352479820ca317cd3
2023-04-03 05:39:56,True,3.358e-05,1.082e-08,461813.0,0.05,0x3b...09cd,https://bscscan.com/tx/0xd6b62ea7db4c6c11bd6495d53081c75fbd4d80f83202100b36d7a93677db4fd1
2023-04-03 05:38:06,False,3.342e-05,1.077e-08,1012174.0,0.109,0xae...5609,https://bscscan.com/tx/0x9960fb7420d9abe02e9dbe775a3260c674bb8686841ed27ec839f71365d3ca87
2023-04-03 05:38:06,False,3.342e-05,1.077e-08,80973.0,0.0087,0xae...5609,https://bscscan.com/tx/0x9960fb7420d9abe02e9dbe775a3260c674bb8686841ed27ec839f71365d3ca87
2023-04-03 05:37:41,False,3.343e-05,1.077e-08,29900029.0,3.22231,0x20...946b,https://bscscan.com/tx/0x79e2922864318b91a98d9aa222a5ef3c4cbde9d21d7e6916f8c1a298af294f7d
2023-04-03 05:37:41,False,3.344e-05,1.078e-08,13500.0,0.0014,0x20...946b,https://bscscan.com/tx/0x79e2922864318b91a98d9aa222a5ef3c4cbde9d21d7e6916f8c1a298af294f7d
2023-04-03 05:36:59,False,3.328e-05,1.078e-08,4985000.0,0.5374,0xbc...7f0b,https://bscscan.com/tx/0x7744cf81c987ada1e858e6d5c2d8ec0ef0f43173f7387a0c57c31c63547ccf75
2023-04-03 05:36:59,False,3.328e-05,1.078e-08,76662.7,0.0082,0xbc...7f0b,https://bscscan.com/tx/0x7744cf81c987ada1e858e6d5c2d8ec0ef0f43173f7387a0c57c31c63547ccf75
2023-04-03 05:36:20,True,3.345e-05,1.083e-08,9506210.0,1.03,0x7d...d4eb,https://bscscan.com/tx/0x67704a8e6a3a2dc8eec12dff38620d7eaa543d3968991c163a14333624ed15c7
2023-04-03 05:30:16,False,3.345e-05,1.078e-08,14684000.0,1.58317,0x9c...ed68,https://bscscan.com/tx/0x2f097b6728b242b4f973b03b70dd8731dd5f07a4bf03e7868782081edbcff536
2023-04-03 05:30:16,False,3.346e-05,1.078e-08,2464.74,2.657e-05,0x9c...ed68,https://bscscan.com/tx/0x2f097b6728b242b4f973b03b70dd8731dd5f07a4bf03e7868782081edbcff536
2023-04-03 05:28:45,True,3.362e-05,1.083e-08,318307.0,0.0345,0xf8...a18f,https://bscscan.com/tx/0xa69fdd7f5f10565cd2f3848167c10cdb15d5912faaa15a762d521c180aaa8727
2023-04-03 05:28:17,False,3.346e-05,1.078e-08,367783.0,0.0396,0xae...263b,https://bscscan.com/tx/0xfc9b3c7ab7b0a75b25d718077e0c759030526530d224a1273783b3bf9fb425d0
2023-04-03 05:28:17,False,3.346e-05,1.078e-08,31771.4,0.0034,0xae...263b,https://bscscan.com/tx/0xfc9b3c7ab7b0a75b25d718077e0c759030526530d224a1273783b3bf9fb425d0
2023-04-03 05:26:44,True,3.363e-05,1.083e-08,5954292.0,0.6452,0x75...c47e,https://bscscan.com/tx/0xb0a6b1a37dfb51766c7612b6e1ef9335edc47bff7e17ee26ae207c3c5ee82402
2023-04-03 05:23:44,True,3.346e-05,1.083e-08,113487.0,0.0123,0xde...2c76,https://bscscan.com/tx/0xccb69572ab183e7ebb97a072dc029db37989490dbc48fa007ab57c7adad913e8
2023-04-03 05:20:36,False,3.347e-05,1.078e-08,4949825.0,0.5337,0xc1...2411,https://bscscan.com/tx/0x052872c4c2c67e6eb9f7743ef8730a91d7f3a7a259c6a1c0a38d10707927ed11
2023-04-03 05:20:36,False,3.347e-05,1.078e-08,8705.88,9.387e-05,0xc1...2411,https://bscscan.com/tx/0x052872c4c2c67e6eb9f7743ef8730a91d7f3a7a259c6a1c0a38d10707927ed11
2023-04-03 05:14:18,False,3.346e-05,1.078e-08,3214728.0,0.3466,0x78...cb0f,https://bscscan.com/tx/0x3d9e8db05e07276a7939e7bd4b89fdb43ebe32ec6c6a2819a2f2a29f02b43339
2023-04-03 05:14:18,False,3.346e-05,1.078e-08,13686.7,0.0014,0x78...cb0f,https://bscscan.com/tx/0x3d9e8db05e07276a7939e7bd4b89fdb43ebe32ec6c6a2819a2f2a29f02b43339
2023-04-03 05:13:31,True,3.363e-05,1.083e-08,18453.3,0.002,0x21...f086,https://bscscan.com/tx/0xb6042cc214120ea00bb6977faca035e875af5dbdcc1582cdf75dbea27947c9db
2023-04-03 05:12:19,True,3.363e-05,1.083e-08,1010747.0,0.1095,0x95...c133,https://bscscan.com/tx/0x6848940e12d98b32dd38235c863cd9d310a886270166b2d6eeb49d92e5739d6d
2023-04-03 05:10:52,False,3.347e-05,1.078e-08,4027816.0,0.4343,0x44...c680,https://bscscan.com/tx/0x7745a19c97752d7bbd6fa49bc77ba62bd79863e6adb6f7a6b0360be42f86c252
2023-04-03 05:10:52,False,3.347e-05,1.078e-08,29221.6,0.0031,0x44...c680,https://bscscan.com/tx/0x7745a19c97752d7bbd6fa49bc77ba62bd79863e6adb6f7a6b0360be42f86c252
2023-04-03 05:08:07,True,3.363e-05,1.083e-08,454455.0,0.0492,0xa2...a20f,https://bscscan.com/tx/0x35cb4a53e4bbec7289d0647a2d2ccdddc5960b1f96863f98c51d643223744f49
2023-04-03 05:07:37,False,3.347e-05,1.078e-08,9970904.0,1.07547,0xf8...e68d,https://bscscan.com/tx/0xa8bb32c46f9a7327e1efb14ab41aff5f3562b2c1fa9051dfb6e3a8c4d2bcc3c4
2023-04-03 05:07:37,False,3.348e-05,1.078e-08,602440.0,0.0649,0xf8...e68d,https://bscscan.com/tx/0xa8bb32c46f9a7327e1efb14ab41aff5f3562b2c1fa9051dfb6e3a8c4d2bcc3c4
2023-04-03 05:06:25,True,3.339e-05,1.081e-08,202431306.0,21.8931,0x18...1ab1,https://bscscan.com/tx/0xcf7fc9558be20ccb0a8811a71b35afb70e54bcede6cb35ef63bda224ee85fbfe
2023-04-03 05:05:55,True,3.347e-05,1.078e-08,12545435.0,1.35328,0xd4...b699,https://bscscan.com/tx/0x8a700b6fd6c937541cf1744c01578d68387138ebbd4ac32e66fea51f57d1ba56
2023-04-03 05:01:52,True,3.346e-05,1.078e-08,2410735.0,0.26,0xc0...d1b7,https://bscscan.com/tx/0x914f314427370a7eac224d8aeaf1d9b576109779024355a2485ec3db87d14a12
2023-04-03 05:00:08,True,3.332e-05,1.078e-08,4450956.0,0.48,0xc0...d1b7,https://bscscan.com/tx/0x15e9a57682731e112ff162c092f5f8a389636e2f4c87ad35a2d894fb3a611b66
2023-04-03 05:00:05,False,3.315e-05,1.072e-08,1283546.0,0.1377,0x05...8936,https://bscscan.com/tx/0x73e8eec0741fbca71e626e3388305686c1af115c0923041557f4389c8644f5db
2023-04-03 05:00:05,False,3.315e-05,1.073e-08,151897.0,0.0163,0x05...8936,https://bscscan.com/tx/0x73e8eec0741fbca71e626e3388305686c1af115c0923041557f4389c8644f5db
2023-04-03 04:59:53,True,3.35e-05,1.078e-08,14772502.0,1.59278,0x9c...ed68,https://bscscan.com/tx/0x4c6222c6f4a639636a9e791727580af76dff79599c94626a28ad5b36fda50e70
2023-04-03 04:52:54,True,3.352e-05,1.078e-08,231908.0,0.025,0x42...1cf9,https://bscscan.com/tx/0x1a513e8f1f8957795a892c83f98d5c7f8004d29866c5ea448d85cce47dcc910b
2023-04-03 04:52:27,True,3.35e-05,1.077e-08,31178650.0,3.35982,0xef...6deb,https://bscscan.com/tx/0x4004c095e0fab8f8a50bc9a5888f633120da33d9c940f4e8c65da746d4a32b79
2023-04-03 04:50:36,False,3.332e-05,1.071e-08,10044775.0,1.07675,0xab...4dc5,https://bscscan.com/tx/0x1f8bdda43f663f676eb31df5165fa5e5c78b0d92aae3dae1260fef848367b0c3
2023-04-03 04:50:36,False,3.333e-05,1.072e-08,62311.2,0.0066,0xab...4dc5,https://bscscan.com/tx/0x1f8bdda43f663f676eb31df5165fa5e5c78b0d92aae3dae1260fef848367b0c3
2023-04-03 04:48:30,True,3.349e-05,1.077e-08,254779.0,0.0274,0xa5...b0a0,https://bscscan.com/tx/0xb53e41c5fdeec587409fd7d9bc013bb67d2a649fef3f9cd60a6a9bf23841a875
2023-04-03 04:47:24,False,3.316e-05,1.072e-08,22754964.0,2.44017,0x3b...757c,https://bscscan.com/tx/0x0084a5bead7fae3d404aadb017e3801bffed9c2ec8fd4d1b004b746bea0134ed
2023-04-03 04:47:24,False,3.317e-05,1.072e-08,10159.8,0.001,0x3b...757c,https://bscscan.com/tx/0x0084a5bead7fae3d404aadb017e3801bffed9c2ec8fd4d1b004b746bea0134ed
2023-04-03 04:46:57,True,3.35e-05,1.078e-08,1855253.0,0.2,0x7e...b07d,https://bscscan.com/tx/0xe0b39b4141dcb5858566252e08befb119738edb84e8a3e5769995acb8318d67a
2023-04-03 04:42:09,True,3.332e-05,1.077e-08,18553.0,0.002,0x38...db02,https://bscscan.com/tx/0x805d2b899196a5349be640692b9c77c22a0e4be0fe961a17091769d12b3b8f48
2023-04-03 04:41:48,True,3.349e-05,1.077e-08,87334.0,0.0094,0x76...d07f,https://bscscan.com/tx/0x3c8be24378aeba06a66f6ecbf6f110f4f2dbba2d1cfd9dab5a29c86286bf9301
2023-04-03 04:39:36,False,3.316e-05,1.072e-08,1796335.0,0.1926,0x49...34a7,https://bscscan.com/tx/0x9ad36459a5decd4645ffea350bb97e159e2e4964adc8bfe989233bef63950e40
2023-04-03 04:39:36,False,3.316e-05,1.072e-08,122608.0,0.0131,0x49...34a7,https://bscscan.com/tx/0x9ad36459a5decd4645ffea350bb97e159e2e4964adc8bfe989233bef63950e40
2023-04-03 04:31:13,True,3.35e-05,1.078e-08,695286.0,0.0749,0xcb...9c07,https://bscscan.com/tx/0x8d4d8eeeec6d59ed26f45380078db1c8dab3971353f0cf30601e357bdcc5bdbd
2023-04-03 04:24:58,True,3.332e-05,1.077e-08,24547249.0,2.64547,0x11...7f90,https://bscscan.com/tx/0xbba3af2f6666359373b6da21934d639dcc22a06de2f9e3c751aad94030cffa24
2023-04-03 04:24:55,False,3.315e-05,1.072e-08,828635.0,0.0888,0x52...8ace,https://bscscan.com/tx/0x3f1c66a6286721cdcc7db40d935b0789fec4f1559c94eb65b2ae78cc41a719c0
2023-04-03 04:24:55,False,3.315e-05,1.072e-08,8360.52,8.962e-05,0x52...8ace,https://bscscan.com/tx/0x3f1c66a6286721cdcc7db40d935b0789fec4f1559c94eb65b2ae78cc41a719c0
2023-04-03 04:22:37,True,3.332e-05,1.077e-08,293995.0,0.0316,0xfd...31ee,https://bscscan.com/tx/0xc36d96c4dd33d6d692c2755675497f3472e637e91843578737616efeb0efec3e
2023-04-03 04:22:04,True,3.332e-05,1.077e-08,2226252.0,0.2398,0xa3...afc1,https://bscscan.com/tx/0x5508625111b28b718477bccc82fd7952a6c9353ee63e28479b05ce2687fed922
2023-04-03 04:20:40,False,3.315e-05,1.071e-08,574511.0,0.0615,0xbb...a93f,https://bscscan.com/tx/0xf0bfd766e8a5a7fe2afdba252bc23e799dd761683dbcf07258f812d3a65dc245
2023-04-03 04:20:40,False,3.315e-05,1.071e-08,104460.0,0.0112,0xbb...a93f,https://bscscan.com/tx/0xf0bfd766e8a5a7fe2afdba252bc23e799dd761683dbcf07258f812d3a65dc245
2023-04-03 04:17:28,True,3.331e-05,1.076e-08,29712911.0,3.2,0x03...04ca,https://bscscan.com/tx/0x8e57ba1bbffa178aa3a457628fc5e1d7a471b2d6eb888b47e2b7bbc5c4944311
2023-04-03 04:15:40,True,3.349e-05,1.076e-08,1480893.0,0.1594,0x46...7e0b,https://bscscan.com/tx/0x3aff055e52e3975072c3436ead7504a6d3a59927599c32dfd92a1e60850563e0
2023-04-03 04:14:58,True,3.349e-05,1.076e-08,1480919.0,0.1594,0x46...7e0b,https://bscscan.com/tx/0x47c90b84303c9c0b8d5b8ddb0760039bfefb13879a7f1610249341c015932057
2023-04-03 04:13:52,True,3.349e-05,1.076e-08,3131207.0,0.337,0x40...ec05,https://bscscan.com/tx/0x913bd2e1b5e7e7a23e2628d2cf50a9e625ce6fc1c985588da69ab1e1752da3fb
2023-04-03 04:12:16,False,3.315e-05,1.071e-08,2477527.0,0.2653,0x92...c0bb,https://bscscan.com/tx/0xbb4853f7e39fdf9e8bf91eb5b56beefe0a268857f47e33ccaf00144c4c100b39
2023-04-03 04:12:16,False,3.315e-05,1.071e-08,828510.0,0.0887,0x92...c0bb,https://bscscan.com/tx/0xbb4853f7e39fdf9e8bf91eb5b56beefe0a268857f47e33ccaf00144c4c100b39
2023-04-03 04:12:13,True,3.349e-05,1.076e-08,516371.0,0.0555,0x03...c070,https://bscscan.com/tx/0xaf813675d54316c287d0f3d477cbb47b513083c398410d89a7ee485a3d92dc6b
2023-04-03 04:11:34,True,3.325e-05,1.074e-08,176874866.0,19.0,0xe8...716a,https://bscscan.com/tx/0x0e3b319bb93094ad648ca57330fd4a3a5daadf1e5e4d95ebe98752d4a1b30326
2023-04-03 04:10:55,True,3.335e-05,1.071e-08,11532966.0,1.23607,0xc2...e217,https://bscscan.com/tx/0x614e7b146474b8483919a882f87242cc2a613d48759707c34944aca94903c7a5
2023-04-03 04:10:49,True,3.332e-05,1.07e-08,56027639.0,6.0,0x64...ba75,https://bscscan.com/tx/0x663622370773f2e934ff4f15aae4ad6f356a40c95116acd4e5cdd653bb28f45f
2023-04-03 04:10:28,True,3.33e-05,1.07e-08,1250000.0,0.1337,0x7d...8789,https://bscscan.com/tx/0xe7a69c48022a823e9b1272a63f3901b0c3fc19c91cd07ecc55fdcfe7f54c37d2
2023-04-03 04:10:10,True,3.328e-05,1.069e-08,50241309.0,5.37331,0x54...e2bc,https://bscscan.com/tx/0xf2c16dc7e079454d1e6fbba1b40d0681acedd3b9a2b3e8efed9d4ac94ce9d35d
2023-04-03 04:09:22,True,3.326e-05,1.068e-08,692336.0,0.074,0x38...9f0e,https://bscscan.com/tx/0xbf110736621641a4818d2c42a3f39219908e7e2bc1fda768330135612a3a7a77
2023-04-03 04:08:22,True,3.328e-05,1.068e-08,4678247.0,0.5,0x13...31ff,https://bscscan.com/tx/0xa4a4f2b70fe7d7c26ea47ddc4ca8bde3fe673e014477e2c1c5c8dff4bbaadca3
2023-04-03 04:07:40,True,3.327e-05,1.068e-08,3107457.0,0.332,0xa1...05f3,https://bscscan.com/tx/0x6307dadaa0d6b449c606fb3fa8473d34a63cf341888de52f9f2b23b8534be957
2023-04-03 04:07:16,True,3.311e-05,1.068e-08,467889.0,0.05,0x7d...8789,https://bscscan.com/tx/0x0cae6e452ec03ecd2bc357fa82b38174b2da037d478412cddd500486f73f643d
2023-04-03 04:04:31,False,3.295e-05,1.063e-08,1462217.0,0.1554,0x3d...9bb7,https://bscscan.com/tx/0x94e44216106c0950d2e9680d0ebdf2f72926829ee9e0b3657fa12845d6664fe7
2023-04-03 04:04:31,False,3.295e-05,1.063e-08,7286.12,7.747e-05,0x3d...9bb7,https://bscscan.com/tx/0x94e44216106c0950d2e9680d0ebdf2f72926829ee9e0b3657fa12845d6664fe7
2023-04-03 04:04:08,True,3.312e-05,1.068e-08,102933.0,0.011,0xda...213f,https://bscscan.com/tx/0x615d48cfd06db52405365b1a295f3eee9309f3e623f97f1e64a6d57c04294bf4
2023-04-03 04:03:39,False,3.295e-05,1.063e-08,2587843.0,0.2751,0x94...4711,https://bscscan.com/tx/0x070909950553c3991d18911291db518747b6d5a12794ee94c17f4b792c54f455
2023-04-03 04:03:39,False,3.296e-05,1.063e-08,259238.0,0.0275,0x94...4711,https://bscscan.com/tx/0x070909950553c3991d18911291db518747b6d5a12794ee94c17f4b792c54f455
2023-04-03 04:01:42,True,3.312e-05,1.068e-08,16450949.0,1.75782,0x69...fc0d,https://bscscan.com/tx/0x46c873d29cbf1d369018a88d45c796f40ddffce215f8f67be4a741ae0b8573a9
2023-04-03 04:00:42,True,3.326e-05,1.067e-08,35033337.0,3.74107,0x4d...e3b0,https://bscscan.com/tx/0x00f7404c8b6fe82cbdaa0a00f9158de33a95f21021c03b138354034967a5801a
2023-04-03 04:00:18,True,3.324e-05,1.067e-08,4684497.0,0.5,0xe5...1d00,https://bscscan.com/tx/0xd9bed77fea013368aec7e7985281bf6ab43f2e25d2fa36ef0a032b0e1ff2e203
2023-04-03 03:54:58,True,3.321e-05,1.066e-08,28304767.0,3.01991,0xb1...5054,https://bscscan.com/tx/0x79b8ac9a20142aa06641b1abd1b470d4dd1409750974f32cdf0934ebc1f32f66
2023-04-03 03:54:37,False,3.304e-05,1.061e-08,11505837.0,1.22121,0xc2...e217,https://bscscan.com/tx/0xe25be0fdf9ce98af90e8c25cf577773b2f61ac2792bdf0b5cf99dd963c868a21
2023-04-03 03:54:37,False,3.304e-05,1.061e-08,741013.0,0.0786,0xc2...e217,https://bscscan.com/tx/0xe25be0fdf9ce98af90e8c25cf577773b2f61ac2792bdf0b5cf99dd963c868a21
2023-04-03 03:47:43,True,3.304e-05,1.066e-08,7031213.0,0.75,0x5a...a2b1,https://bscscan.com/tx/0x1f2ce57c616720db332b114d9ec885d3046c6a774105eefd687bdd84626526d0
2023-04-03 03:47:40,False,3.298e-05,1.064e-08,273625924.0,29.1375,0x05...7066,https://bscscan.com/tx/0xde3bcddf2106fce3910b2654c6a126caadcd9f13199b44183c31e0b5d45dbe53
2023-04-03 03:47:40,False,3.309e-05,1.068e-08,58261.7,0.0062,0x05...7066,https://bscscan.com/tx/0xde3bcddf2106fce3910b2654c6a126caadcd9f13199b44183c31e0b5d45dbe53
2023-04-03 03:47:10,False,3.311e-05,1.068e-08,21513664.0,2.29904,0x20...946b,https://bscscan.com/tx/0x31e398416307c671461fbb23d05fabe162c9b7581445f05b3d0e6b72c2a8653a
2023-04-03 03:47:10,False,3.312e-05,1.068e-08,40284.8,0.0043,0x20...946b,https://bscscan.com/tx/0x31e398416307c671461fbb23d05fabe162c9b7581445f05b3d0e6b72c2a8653a
2023-04-03 03:46:49,False,3.312e-05,1.069e-08,6509096.0,0.6958,0x05...7066,https://bscscan.com/tx/0x4ba6a613376b2c89beed0206f13ad362e4e7354bbfbc270e719d82fc2d52be8a
2023-04-03 03:46:49,False,3.312e-05,1.069e-08,82003.1,0.0087,0x05...7066,https://bscscan.com/tx/0x4ba6a613376b2c89beed0206f13ad362e4e7354bbfbc270e719d82fc2d52be8a
2023-04-03 03:46:43,False,3.314e-05,1.069e-08,30280391.0,3.23842,0x3b...0b3f,https://bscscan.com/tx/0xef08e6232b66eec493746b103b243d81a94232cabf6fc43d960125844f485a9d
2023-04-03 03:46:43,False,3.315e-05,1.069e-08,123188.0,0.0131,0x3b...0b3f,https://bscscan.com/tx/0xef08e6232b66eec493746b103b243d81a94232cabf6fc43d960125844f485a9d
2023-04-03 03:46:37,False,3.317e-05,1.07e-08,45488171.0,4.86932,0x05...7066,https://bscscan.com/tx/0x32af11b6f1b2214f1288d9b8068f7a3030fdda6e0d92b748390427b19cc35e8b
2023-04-03 03:46:37,False,3.319e-05,1.071e-08,22680.0,0.0024,0x05...7066,https://bscscan.com/tx/0x32af11b6f1b2214f1288d9b8068f7a3030fdda6e0d92b748390427b19cc35e8b
2023-04-03 03:46:25,False,3.319e-05,1.071e-08,8374800.0,0.897,0x20...946b,https://bscscan.com/tx/0xa8486f369dd7c7648ec88d6908ca595d24ada4a326ff004c4b15618f9ad2a17b
2023-04-03 03:46:25,False,3.319e-05,1.071e-08,46641.3,0.005,0x20...946b,https://bscscan.com/tx/0xa8486f369dd7c7648ec88d6908ca595d24ada4a326ff004c4b15618f9ad2a17b
2023-04-03 03:46:07,False,3.32e-05,1.071e-08,10642523.0,1.14024,0x05...7066,https://bscscan.com/tx/0xc3f94c2d39df94f7ddca734d8bb1edf790e20d97579231ae06df8c1fcfd5c8c6
2023-04-03 03:46:07,False,3.32e-05,1.071e-08,81581.4,0.0087,0x05...7066,https://bscscan.com/tx/0xc3f94c2d39df94f7ddca734d8bb1edf790e20d97579231ae06df8c1fcfd5c8c6
2023-04-03 03:46:01,False,3.321e-05,1.071e-08,30124682.0,3.22915,0x3b...0b3f,https://bscscan.com/tx/0xd33002ad67c43d18968cef28c1931e15cbebe6dfaa1e89a27bf03f5a0b7115d0
2023-04-03 03:46:01,False,3.323e-05,1.072e-08,53971.7,0.0057,0x3b...0b3f,https://bscscan.com/tx/0xd33002ad67c43d18968cef28c1931e15cbebe6dfaa1e89a27bf03f5a0b7115d0
2023-04-03 03:45:55,False,3.325e-05,1.072e-08,19929568.0,2.13759,0x05...7066,https://bscscan.com/tx/0xd66ca52c588a704b0695626d3d0db1baa4025acf341b8509701738da518eb0f0
2023-04-03 03:45:55,False,3.325e-05,1.072e-08,50945.8,0.0054,0x05...7066,https://bscscan.com/tx/0xd66ca52c588a704b0695626d3d0db1baa4025acf341b8509701738da518eb0f0
2023-04-03 03:45:34,True,3.361e-05,1.078e-08,1322456.0,0.1425,0xbb...c106,https://bscscan.com/tx/0xb8ffedd410bc82806460c88be671cdeddd1ecc5e30bd3f79954a27898583ee67
2023-04-03 03:45:25,False,3.345e-05,1.073e-08,17493707.0,1.87712,0x05...7066,https://bscscan.com/tx/0xc3ca129f06f978f49517db8647d182895782df19866ad2490a76be5dcca75b33
2023-04-03 03:45:25,False,3.346e-05,1.073e-08,85510.9,0.0091,0x05...7066,https://bscscan.com/tx/0xc3ca129f06f978f49517db8647d182895782df19866ad2490a76be5dcca75b33
2023-04-03 03:45:13,False,3.347e-05,1.073e-08,31575706.0,3.39016,0x05...7066,https://bscscan.com/tx/0x28b291f2f2041883a9b4941594d6f9fa139c244a4927dfc0714cc73dc8e97b81
2023-04-03 03:45:13,False,3.348e-05,1.074e-08,75272.2,0.008,0x05...7066,https://bscscan.com/tx/0x28b291f2f2041883a9b4941594d6f9fa139c244a4927dfc0714cc73dc8e97b81
2023-04-03 03:45:13,False,3.349e-05,1.074e-08,27794950.0,2.98638,0x05...7066,https://bscscan.com/tx/0xbab2f99e302f9ae6cc3b8b076e60fe18243ca706f3a4c1f5eb5568cff1915fe6
2023-04-03 03:45:13,False,3.351e-05,1.074e-08,103169.0,0.011,0x05...7066,https://bscscan.com/tx/0xbab2f99e302f9ae6cc3b8b076e60fe18243ca706f3a4c1f5eb5568cff1915fe6
2023-04-03 03:44:31,False,3.334e-05,1.074e-08,6372142.0,0.6849,0x05...7066,https://bscscan.com/tx/0x96fb8d646a2761413f62a8827723cf7e410755d29aeeeca5e073699e8f5dd9c6
2023-04-03 03:44:31,False,3.334e-05,1.074e-08,263495.0,0.0283,0x05...7066,https://bscscan.com/tx/0x96fb8d646a2761413f62a8827723cf7e410755d29aeeeca5e073699e8f5dd9c6
2023-04-03 03:44:13,False,3.356e-05,1.076e-08,97298009.0,10.4715,0x05...7066,https://bscscan.com/tx/0x8773790214bec6011e4c3d2bf8b2205d5858478960e3e561a884b493c6b4b913
2023-04-03 03:44:13,False,3.359e-05,1.077e-08,81480.4,0.0087,0x05...7066,https://bscscan.com/tx/0x8773790214bec6011e4c3d2bf8b2205d5858478960e3e561a884b493c6b4b913
2023-04-03 03:44:10,False,3.361e-05,1.077e-08,30087379.0,3.24308,0x3b...0b3f,https://bscscan.com/tx/0x937c56cefc82a1d1c412efca00bc5fe22135fe2416cc29be4b40df5171a04085
2023-04-03 03:44:10,False,3.362e-05,1.078e-08,38343.8,0.0041,0x3b...0b3f,https://bscscan.com/tx/0x937c56cefc82a1d1c412efca00bc5fe22135fe2416cc29be4b40df5171a04085
2023-04-03 03:44:01,False,3.362e-05,1.078e-08,14158809.0,1.52698,0x05...7066,https://bscscan.com/tx/0x25e54a7381c8d345973a1e684019674f1baa50e4138e77818e46ae290f3ff389
2023-04-03 03:44:01,False,3.363e-05,1.078e-08,102379.0,0.011,0x05...7066,https://bscscan.com/tx/0x25e54a7381c8d345973a1e684019674f1baa50e4138e77818e46ae290f3ff389
2023-04-03 03:43:28,False,3.372e-05,1.079e-08,37804449.0,4.07965,0x05...7066,https://bscscan.com/tx/0x349f22894848cc0d88f59c0d8317a30369f0839340364b9c9267e96e1ad435f6
2023-04-03 03:43:28,False,3.374e-05,1.079e-08,25139.6,0.0027,0x05...7066,https://bscscan.com/tx/0x349f22894848cc0d88f59c0d8317a30369f0839340364b9c9267e96e1ad435f6
2023-04-03 03:42:40,False,3.386e-05,1.079e-08,9283030.0,1.00234,0x05...7066,https://bscscan.com/tx/0x53800ec7e31dd349a7b4b8dd9acdb87a009dfc0901917e046a63b0852e0b8c8e
2023-04-03 03:42:40,False,3.386e-05,1.079e-08,42062.4,0.0045,0x05...7066,https://bscscan.com/tx/0x53800ec7e31dd349a7b4b8dd9acdb87a009dfc0901917e046a63b0852e0b8c8e
2023-04-03 03:42:28,False,3.387e-05,1.08e-08,15531931.0,1.67758,0x05...7066,https://bscscan.com/tx/0x118e45e0fcedbd3e523e0a459f3ab0747facc6fa302ace7b87770c9695a71e6b
2023-04-03 03:42:28,False,3.388e-05,1.08e-08,3508.5,3.79e-05,0x05...7066,https://bscscan.com/tx/0x118e45e0fcedbd3e523e0a459f3ab0747facc6fa302ace7b87770c9695a71e6b
2023-04-03 03:41:28,False,3.371e-05,1.08e-08,1295544.0,0.1399,0xdf...d8f9,https://bscscan.com/tx/0xb4b5ed459ecdc34e48d3f24e38ff1bb36a6c889e2b4d2f08a9bd976941a6ff35
2023-04-03 03:41:28,False,3.371e-05,1.08e-08,41403.8,0.0044,0xdf...d8f9,https://bscscan.com/tx/0xb4b5ed459ecdc34e48d3f24e38ff1bb36a6c889e2b4d2f08a9bd976941a6ff35
2023-04-03 03:41:22,True,3.388e-05,1.085e-08,92102.9,0.01,0xbf...6fec,https://bscscan.com/tx/0x467f4ed47e5cdfdba733fdf3584b9541a90b100861853a054e02c6b39234aeed
2023-04-03 03:40:46,False,3.389e-05,1.08e-08,15196897.0,1.64205,0x05...7066,https://bscscan.com/tx/0x8999bd9c9ff4b854a39116b5c2590c91cfee2ac85e958ef99aa857baa300e17a
2023-04-03 03:40:46,False,3.389e-05,1.08e-08,20534.7,0.0022,0x05...7066,https://bscscan.com/tx/0x8999bd9c9ff4b854a39116b5c2590c91cfee2ac85e958ef99aa857baa300e17a
2023-04-03 03:40:22,True,3.406e-05,1.086e-08,202228.0,0.0219,0xbd...5a0c,https://bscscan.com/tx/0x2ddb45e7e0d142ca1aeb1a3bbfcde4fa6f655bfa0de64e688136aaa787733a4e
2023-04-03 03:40:04,False,3.373e-05,1.08e-08,7381010.0,0.7977,0x05...7066,https://bscscan.com/tx/0xcace6f8e20dcf96906ff41420d14a8f846a0b0a978f95ba9c8b869affc334180
2023-04-03 03:40:04,False,3.373e-05,1.08e-08,19118.5,0.002,0x05...7066,https://bscscan.com/tx/0xcace6f8e20dcf96906ff41420d14a8f846a0b0a978f95ba9c8b869affc334180
2023-04-03 03:39:31,False,3.374e-05,1.08e-08,7059685.0,0.7631,0x9a...c5b3,https://bscscan.com/tx/0xa2dc278269d1a95c74a51e76e443cca02d298d5777ddb2928a3b5c67fa3c5522
2023-04-03 03:39:31,False,3.374e-05,1.081e-08,61774.3,0.0066,0x9a...c5b3,https://bscscan.com/tx/0xa2dc278269d1a95c74a51e76e443cca02d298d5777ddb2928a3b5c67fa3c5522
2023-04-03 03:39:28,False,3.392e-05,1.081e-08,22810716.0,2.46673,0x05...7066,https://bscscan.com/tx/0xd18c86ffc07ada72df876a79dfa87ebdc18b2abdead305fc8ef6de738c3562cb
2023-04-03 03:39:28,False,3.393e-05,1.081e-08,137883.0,0.0149,0x05...7066,https://bscscan.com/tx/0xd18c86ffc07ada72df876a79dfa87ebdc18b2abdead305fc8ef6de738c3562cb
2023-04-03 03:39:04,False,3.378e-05,1.082e-08,50914618.0,5.51079,0x05...7066,https://bscscan.com/tx/0x7b11d9b77cd3f71d11a77935b1e68507494829ad0ca0a7cf9949f40895a85eb9
2023-04-03 03:39:04,False,3.38e-05,1.083e-08,80285.7,0.0087,0x05...7066,https://bscscan.com/tx/0x7b11d9b77cd3f71d11a77935b1e68507494829ad0ca0a7cf9949f40895a85eb9
2023-04-03 03:38:58,False,3.381e-05,1.083e-08,29646226.0,3.21192,0x3b...0b3f,https://bscscan.com/tx/0x8432ec7d7f53aae7e637251eeed545900882603e50a82d087564c0b3783bb000
2023-04-03 03:38:58,False,3.382e-05,1.083e-08,30384.3,0.0032,0x3b...0b3f,https://bscscan.com/tx/0x8432ec7d7f53aae7e637251eeed545900882603e50a82d087564c0b3783bb000
2023-04-03 03:38:49,False,3.383e-05,1.083e-08,11219686.0,1.21616,0x05...7066,https://bscscan.com/tx/0xf1e8d41de6989397826e8099b2f5d55322a449e24a6376d962eb7eb25d4e7160
2023-04-03 03:38:49,False,3.383e-05,1.084e-08,80973.0,0.0087,0x05...7066,https://bscscan.com/tx/0xf1e8d41de6989397826e8099b2f5d55322a449e24a6376d962eb7eb25d4e7160
2023-04-03 03:38:37,False,3.402e-05,1.084e-08,29900030.0,3.24264,0x20...946b,https://bscscan.com/tx/0xe2ba60e49a7bc1307432411c5d1e00af4e07ae320701ecc92acf390e93a4f676
2023-04-03 03:38:37,False,3.403e-05,1.084e-08,11263.7,0.0012,0x20...946b,https://bscscan.com/tx/0xe2ba60e49a7bc1307432411c5d1e00af4e07ae320701ecc92acf390e93a4f676
2023-04-03 03:38:34,False,3.403e-05,1.084e-08,4159236.0,0.4512,0x05...7066,https://bscscan.com/tx/0x5afdf2b89c749d5c95e0eeeeeb1d8e10611592aae04de29b1818705d3fb2e135
2023-04-03 03:38:34,False,3.403e-05,1.084e-08,30314.7,0.0032,0x05...7066,https://bscscan.com/tx/0x5afdf2b89c749d5c95e0eeeeeb1d8e10611592aae04de29b1818705d3fb2e135
2023-04-03 03:38:22,False,3.403e-05,1.085e-08,11193985.0,1.21471,0x05...7066,https://bscscan.com/tx/0xab58895e2cab5a5c75c02d8e9bc18248653764d68929163662d8fb55f47ad1da
2023-04-03 03:38:22,False,3.404e-05,1.085e-08,25178.7,0.0027,0x05...7066,https://bscscan.com/tx/0xab58895e2cab5a5c75c02d8e9bc18248653764d68929163662d8fb55f47ad1da
2023-04-03 03:37:25,False,3.387e-05,1.085e-08,9297477.0,1.00916,0x05...7066,https://bscscan.com/tx/0x478ec1a206d0951ad9cda49d4ae23dddc2653c4f11ab16cbb0a121352de0de2b
2023-04-03 03:37:25,False,3.388e-05,1.085e-08,20018.9,0.0021,0x05...7066,https://bscscan.com/tx/0x478ec1a206d0951ad9cda49d4ae23dddc2653c4f11ab16cbb0a121352de0de2b
2023-04-03 03:37:10,False,3.405e-05,1.085e-08,5930368.0,0.6438,0x05...7066,https://bscscan.com/tx/0xc33b754b02a6a8df184413477fc8898f512f29f9819e3cd23cb2a7009c0557d1
2023-04-03 03:37:10,False,3.405e-05,1.085e-08,68711.8,0.0074,0x05...7066,https://bscscan.com/tx/0xc33b754b02a6a8df184413477fc8898f512f29f9819e3cd23cb2a7009c0557d1
2023-04-03 03:34:49,False,3.389e-05,1.085e-08,2491740.0,0.2705,0x18...0999,https://bscscan.com/tx/0x8c11c431d4623ab157e033e9d7d7bb1d4a9b2460ed26caf19095b2414bf009fd
2023-04-03 03:34:49,False,3.389e-05,1.085e-08,94167.8,0.0102,0x18...0999,https://bscscan.com/tx/0x8c11c431d4623ab157e033e9d7d7bb1d4a9b2460ed26caf19095b2414bf009fd
2023-04-03 03:33:22,False,3.407e-05,1.086e-08,29474591.0,3.20139,0x3b...0b3f,https://bscscan.com/tx/0x5e6d63941b163480e93a79d5307a282fe353e3ac48eba5a1f21123fc25e594eb
2023-04-03 03:33:22,False,3.408e-05,1.086e-08,215275.0,0.0233,0x3b...0b3f,https://bscscan.com/tx/0x5e6d63941b163480e93a79d5307a282fe353e3ac48eba5a1f21123fc25e594eb
2023-04-03 03:32:43,False,3.411e-05,1.087e-08,72761524.0,7.91286,0x05...7066,https://bscscan.com/tx/0x5420d1a67abce35ffd7b01a52239abe83d8e012dbe66f9eb62bca4bd76181014
2023-04-03 03:32:43,False,3.414e-05,1.088e-08,79656.8,0.0086,0x05...7066,https://bscscan.com/tx/0x5420d1a67abce35ffd7b01a52239abe83d8e012dbe66f9eb62bca4bd76181014
2023-04-03 03:32:43,False,3.415e-05,1.088e-08,29414020.0,3.20276,0x3b...0b3f,https://bscscan.com/tx/0x2b93c6c9a3e2e6d6ea481cbec597fe9edce8818e91b20a0c5b1af113c44677d5
2023-04-03 03:32:43,False,3.416e-05,1.089e-08,36086.9,0.0039,0x3b...0b3f,https://bscscan.com/tx/0x2b93c6c9a3e2e6d6ea481cbec597fe9edce8818e91b20a0c5b1af113c44677d5
2023-04-03 03:32:22,False,3.4e-05,1.089e-08,13325433.0,1.4517,0x05...7066,https://bscscan.com/tx/0x167208c74028c31b1a5cce3182c849ee02900148ba09f2225533a14e7c05b599
2023-04-03 03:32:22,False,3.401e-05,1.089e-08,80973.0,0.0088,0x05...7066,https://bscscan.com/tx/0x167208c74028c31b1a5cce3182c849ee02900148ba09f2225533a14e7c05b599
2023-04-03 03:32:13,False,3.402e-05,1.089e-08,29900029.0,3.25909,0x20...946b,https://bscscan.com/tx/0x647de9f9277a64708d8fd84bca7032863a508d2815de9b8f51c9a042a73edf9c
2023-04-03 03:32:13,False,3.403e-05,1.09e-08,10363.2,0.0011,0x20...946b,https://bscscan.com/tx/0x647de9f9277a64708d8fd84bca7032863a508d2815de9b8f51c9a042a73edf9c
2023-04-03 03:30:29,False,3.421e-05,1.09e-08,3826708.0,0.4172,0x74...132a,https://bscscan.com/tx/0x847739885fdc9fc6d851dddde4acca39157151fb5a7bd4e4bdcaaf1298f60718
2023-04-03 03:30:29,False,3.421e-05,1.09e-08,621.134,6.773e-06,0x74...132a,https://bscscan.com/tx/0x847739885fdc9fc6d851dddde4acca39157151fb5a7bd4e4bdcaaf1298f60718
2023-04-03 03:23:25,False,3.421e-05,1.09e-08,229359.0,0.025,0x20...f738,https://bscscan.com/tx/0xe81ab09bcc50df15840358e846d655f38614dbccf780f48791fac09e38c2bf2a
2023-04-03 03:23:25,False,3.421e-05,1.09e-08,60840.9,0.0066,0x20...f738,https://bscscan.com/tx/0xe81ab09bcc50df15840358e846d655f38614dbccf780f48791fac09e38c2bf2a
2023-04-03 03:23:04,True,3.438e-05,1.095e-08,2431316.0,0.2664,0xbe...d1c8,https://bscscan.com/tx/0x64a83500ce8529a6614d3f760ea4ca33921ff787eb057d2d630728036985e642
2023-04-03 03:22:28,True,3.437e-05,1.095e-08,19166655.0,2.1,0x2c...4dd6,https://bscscan.com/tx/0x65abb028f42bd0980b91db520fd4e8e254f7024a104f4a218c8b6d089900d718
2023-04-03 03:22:25,True,3.436e-05,1.095e-08,60000.0,0.0065,0xb9...a6c3,https://bscscan.com/tx/0x7eadef6628f5b0bc6446a593c96db107b83471b56916c2b45aea5b4c98573637
2023-04-03 03:22:10,True,3.436e-05,1.095e-08,611656.0,0.067,0xb2...6055,https://bscscan.com/tx/0x73c797d8bf764a42b5fd6f175d053391746928b0b9db1297102ab659d1af1994
2023-04-03 03:19:16,False,3.419e-05,1.089e-08,263249.0,0.0286,0x68...e6b0,https://bscscan.com/tx/0x5b53dd4167623aff63d5bd24a997068bb1244e7ea17eff55aba84109ca903b56
2023-04-03 03:19:16,False,3.419e-05,1.089e-08,3723.1,4.057e-05,0x68...e6b0,https://bscscan.com/tx/0x5b53dd4167623aff63d5bd24a997068bb1244e7ea17eff55aba84109ca903b56
2023-04-03 03:18:47,False,3.402e-05,1.089e-08,1374790.0,0.1498,0xbe...d1c8,https://bscscan.com/tx/0xdd39a2c29a79f89d91b7c7723da2a9a0c65d7774afdd47b57f9783abaab7c45e
2023-04-03 03:18:47,False,3.402e-05,1.089e-08,88774.0,0.0096,0xbe...d1c8,https://bscscan.com/tx/0xdd39a2c29a79f89d91b7c7723da2a9a0c65d7774afdd47b57f9783abaab7c45e
2023-04-03 03:18:02,True,3.419e-05,1.095e-08,436457.0,0.0478,0xee...b8be,https://bscscan.com/tx/0xf9282080f0bbee3d65dd8fe0b4846dc96992c948f8febbd9fe8e808cd5d202f3
2023-04-03 03:13:11,True,3.436e-05,1.095e-08,1397323.0,0.153,0xba...f190,https://bscscan.com/tx/0xc6abd9d657c2165ce1dd08bf9a1126a30d0740d3f1b923aea12398a931020fd0
2023-04-03 03:11:29,True,3.419e-05,1.095e-08,2523325.0,0.2763,0x42...ad9b,https://bscscan.com/tx/0x640358df69220a6c611c6738517a7b29570d3fe756a76af4600e0aa40c5c410b
2023-04-03 03:04:16,True,3.436e-05,1.095e-08,307094.0,0.0336,0x8d...8897,https://bscscan.com/tx/0x0441522d65c0707a85f96d1a20fdd13ffd861d5349833fd0a582343b1a9f0e59
2023-04-03 03:04:04,True,3.436e-05,1.095e-08,552901.0,0.0605,0x9b...d779,https://bscscan.com/tx/0x76f73e11a9c9e5b1d31e3816f91541bcb189359d7210fcc41c885e7d668d8726
2023-04-03 03:03:22,False,3.403e-05,1.09e-08,27579180.0,3.00663,0x04...f586,https://bscscan.com/tx/0x2c0410d35561dc2874cb054ecbac395878156ac8d047fa55b4bae10241f55a95
2023-04-03 03:03:22,False,3.404e-05,1.09e-08,41001.3,0.0044,0x04...f586,https://bscscan.com/tx/0x2c0410d35561dc2874cb054ecbac395878156ac8d047fa55b4bae10241f55a95
2023-04-03 03:01:37,True,3.437e-05,1.096e-08,892299.0,0.0978,0x7a...2a51,https://bscscan.com/tx/0xcb7177b09fd09730b1fd4b2dc7511149e1d124480ba77bcf4885e73c9af5c2f6
2023-04-03 02:58:28,False,3.402e-05,1.09e-08,14250488.0,1.55432,0xf7...8c83,https://bscscan.com/tx/0x1d9a9ed97de88548eb64b92c132f1778090e273c3756a54dde8884ae599ee2ff
2023-04-03 02:58:28,False,3.403e-05,1.09e-08,26648.8,0.0029,0xf7...8c83,https://bscscan.com/tx/0x1d9a9ed97de88548eb64b92c132f1778090e273c3756a54dde8884ae599ee2ff
2023-04-03 02:55:40,False,3.42e-05,1.091e-08,9840317.0,1.07361,0xc7...1eb9,https://bscscan.com/tx/0xa22c06c9f418cfa793980336133c1e0639a3b94133bdcf272f46096ed2436f8d
2023-04-03 02:55:40,False,3.42e-05,1.091e-08,149207.0,0.0162,0xc7...1eb9,https://bscscan.com/tx/0xa22c06c9f418cfa793980336133c1e0639a3b94133bdcf272f46096ed2436f8d
2023-04-03 02:51:34,True,3.419e-05,1.096e-08,98082.7,0.0107,0x7f...2f74,https://bscscan.com/tx/0xf2e9d3fbac73451654ed8292a9d8e6eed5f8fbf8fbc4580c31f877c755525e6d
2023-04-03 02:51:11,True,3.434e-05,1.096e-08,46827866.0,5.13241,0xe5...ca2b,https://bscscan.com/tx/0x9dbf06c8547b7de3967a02fa3720ffb7303ca5ed1ee8e2b6249e4ed8fa4266fa
2023-04-03 02:43:54,True,3.43e-05,1.095e-08,363832.0,0.0398,0x8f...fa66,https://bscscan.com/tx/0xb060de9c8c0967037ff3bfba24675a10a5bf4f676c9099e50448f7005e8c9177
2023-04-03 02:43:15,False,3.395e-05,1.089e-08,1296124.0,0.1412,0xc8...9d00,https://bscscan.com/tx/0xfcc587061ecb2fd849acf86b4bdb624b931ca0db63be1f33e54dcd6479bf274f
2023-04-03 02:43:15,False,3.395e-05,1.089e-08,9800.61,0.001,0xc8...9d00,https://bscscan.com/tx/0xfcc587061ecb2fd849acf86b4bdb624b931ca0db63be1f33e54dcd6479bf274f
2023-04-03 02:39:39,True,3.44e-05,1.095e-08,133324.0,0.0146,0x9e...819f,https://bscscan.com/tx/0x8a8bab0384c69e796c837d6f37c0d1dc82469bd84811bbf8cfff5c21c1519bc7
2023-04-03 02:38:30,False,3.405e-05,1.089e-08,3486041.0,0.3799,0x47...5389,https://bscscan.com/tx/0xfe42741518fe73fd911f2a69f39f90cf149e4c123273688b12c7a1f607376402
2023-04-03 02:38:30,False,3.405e-05,1.09e-08,8474.5,9.237e-05,0x47...5389,https://bscscan.com/tx/0xfe42741518fe73fd911f2a69f39f90cf149e4c123273688b12c7a1f607376402
2023-04-03 02:38:12,False,3.405e-05,1.09e-08,3129288.0,0.3411,0x5a...33fc,https://bscscan.com/tx/0x3623d0c9a544a4bbf51f3b0bcd5fdd28daceafac8e70064cd6d86f1273967968
2023-04-03 02:38:12,False,3.405e-05,1.09e-08,72422.6,0.0078,0x5a...33fc,https://bscscan.com/tx/0x3623d0c9a544a4bbf51f3b0bcd5fdd28daceafac8e70064cd6d86f1273967968
2023-04-03 02:34:42,True,3.439e-05,1.095e-08,4720372.0,0.5171,0x0e...c17d,https://bscscan.com/tx/0xc6fa403ab52647efc00a9f07f30651ada1d8b3a98a95ae78c708dd6f3c2f9590
2023-04-03 02:33:18,False,3.422e-05,1.09e-08,22036510.0,2.40261,0x34...cea4,https://bscscan.com/tx/0x1eb0ea3337a25921bf48a96117f4c7c11dce5382e317f79d222a88346acf3d0b
2023-04-03 02:33:18,False,3.423e-05,1.09e-08,68432.4,0.0074,0x34...cea4,https://bscscan.com/tx/0x1eb0ea3337a25921bf48a96117f4c7c11dce5382e317f79d222a88346acf3d0b
2023-04-03 02:30:30,True,3.439e-05,1.095e-08,22169327.0,2.42922,0x34...cea4,https://bscscan.com/tx/0x20aacf8c5d4c12db818a2d4a15fda19af28324663b54ff694e181ae3176e9e08
2023-04-03 02:30:21,True,3.439e-05,1.095e-08,54771.4,0.006,0xe8...812c,https://bscscan.com/tx/0x9fd527785fc09e531b7dffd3dbe562588faa71afe9078836efa7bc0a3aadb075
2023-04-03 02:28:54,True,3.422e-05,1.095e-08,2921249.0,0.32,0x92...c0bb,https://bscscan.com/tx/0x445fe178130664c457dcb4bda00ad58b9243f6267c79ec2ac081f318cc38cb4f
2023-04-03 02:18:20,False,3.423e-05,1.089e-08,199400.0,0.0217,0x43...5145,https://bscscan.com/tx/0x3dca21ce6fdf0add415bf3f0c5abe78274be0bc1031cc40506513a438ff67b2e
2023-04-03 02:18:20,False,3.423e-05,1.089e-08,113739.0,0.0124,0x43...5145,https://bscscan.com/tx/0x3dca21ce6fdf0add415bf3f0c5abe78274be0bc1031cc40506513a438ff67b2e
2023-04-03 02:16:29,True,3.421e-05,1.094e-08,32634392.0,3.57332,0x77...e779,https://bscscan.com/tx/0xdac7d2a995c7c1322833efceba9aa1a87ff5e231e66970da704f30f7e5e09e34
2023-04-03 02:11:05,True,3.42e-05,1.094e-08,5266663.0,0.5764,0x76...6c90,https://bscscan.com/tx/0xcf53a2df8e54d9de49b68dedac8eca5716ddbd0739e12b13b06924ec4a5ee76c
2023-04-03 02:09:38,True,3.42e-05,1.094e-08,1383076.0,0.1513,0xbe...d1c8,https://bscscan.com/tx/0x1830315cbceb217b2e58a420ff82e7f2300e7732c56318d0234d1f471aa3215e
2023-04-03 02:02:14,True,3.44e-05,1.094e-08,913799.0,0.1,0xbe...1378,https://bscscan.com/tx/0xe4d10d01f73488ff2a16ad55478ab3ec95e85025d25760627f5402c3f7784e1a
2023-04-03 02:01:44,True,3.44e-05,1.094e-08,91911.1,0.01,0x50...b2dc,https://bscscan.com/tx/0x296074c8338925b1eae460a118da3685b34ea22ff8fcddb13f155d608dafe2df
2023-04-03 01:59:41,False,3.405e-05,1.088e-08,655025.0,0.0713,0x17...3c01,https://bscscan.com/tx/0x985812225cba204bb117a03ce96efb9511ca6c9388ca5ce5f3ea417fbe6758eb
2023-04-03 01:59:41,False,3.405e-05,1.088e-08,6240.23,6.794e-05,0x17...3c01,https://bscscan.com/tx/0x985812225cba204bb117a03ce96efb9511ca6c9388ca5ce5f3ea417fbe6758eb
2023-04-03 01:55:38,False,3.403e-05,1.088e-08,2304264.0,0.2509,0x2a...9f44,https://bscscan.com/tx/0x548eb8ccfbc845e82a1a50451d348d82fe87622c47ea6a00c5ffbbb6aa168a41
2023-04-03 01:55:38,False,3.404e-05,1.088e-08,39543.3,0.0043,0x2a...9f44,https://bscscan.com/tx/0x548eb8ccfbc845e82a1a50451d348d82fe87622c47ea6a00c5ffbbb6aa168a41
2023-04-03 01:54:49,False,3.404e-05,1.089e-08,14601712.0,1.59031,0x4e...585e,https://bscscan.com/tx/0xa389911b3c30f4d813bf1703e85cfb8ef234c88028128471e29ca30714cb4e82
2023-04-03 01:54:49,False,3.405e-05,1.089e-08,135977.0,0.0148,0x4e...585e,https://bscscan.com/tx/0xa389911b3c30f4d813bf1703e85cfb8ef234c88028128471e29ca30714cb4e82
2023-04-03 01:53:29,True,3.439e-05,1.094e-08,258399.0,0.0282,0x8f...fa66,https://bscscan.com/tx/0xf0fed4172c8ef8b4d73379bfe1fe36ee09578e29c714274fed992a6913706a09
2023-04-03 01:51:19,False,3.425e-05,1.089e-08,49850000.0,5.43353,0xac...29a9,https://bscscan.com/tx/0xd77a4d99c42207bebbdc5ac59eb67d1ff632be88a39e85bf79e48cc858a5a040
2023-04-03 01:51:19,False,3.427e-05,1.09e-08,32834.8,0.0035,0xac...29a9,https://bscscan.com/tx/0xd77a4d99c42207bebbdc5ac59eb67d1ff632be88a39e85bf79e48cc858a5a040
2023-04-03 01:47:28,True,3.442e-05,1.096e-08,214580.0,0.0235,0x03...c070,https://bscscan.com/tx/0xfb60c2c0e7f6133b530b7447e2d3cab1f9771a993ea0db0ba07b40737ba70a0b
2023-04-03 01:45:07,False,3.408e-05,1.09e-08,10613556.0,1.1577,0xb1...520c,https://bscscan.com/tx/0x7d17643fca40e713aae75cebb95d418142fc2f147b4a44b9dc5fa459548c35db
2023-04-03 01:45:07,False,3.409e-05,1.09e-08,16404.7,0.0017,0xb1...520c,https://bscscan.com/tx/0x7d17643fca40e713aae75cebb95d418142fc2f147b4a44b9dc5fa459548c35db
2023-04-03 01:44:25,False,3.426e-05,1.09e-08,6057601.0,0.6608,0x41...cd26,https://bscscan.com/tx/0x6bae42b312af3db9e08e9d84f2fd7dfbafc6f6d8e4885a8557620114e0dfd974
2023-04-03 01:44:25,False,3.426e-05,1.091e-08,12831.6,0.0014,0x41...cd26,https://bscscan.com/tx/0x6bae42b312af3db9e08e9d84f2fd7dfbafc6f6d8e4885a8557620114e0dfd974
2023-04-03 01:43:13,False,3.426e-05,1.091e-08,4738172.0,0.517,0xa5...d711,https://bscscan.com/tx/0x068551f76f337814e78deeafe2712c512bc0d100c9864e2f8a76f2472b767b50
2023-04-03 01:43:13,False,3.426e-05,1.091e-08,4599.0,5.018e-05,0xa5...d711,https://bscscan.com/tx/0x068551f76f337814e78deeafe2712c512bc0d100c9864e2f8a76f2472b767b50
2023-04-03 01:40:43,False,3.426e-05,1.091e-08,1698225.0,0.1853,0x00...8dc1,https://bscscan.com/tx/0x7ed5f118d115590c7024e6c2c823a70b3560dc0c4053709978e541e8102c41e2
2023-04-03 01:40:43,False,3.426e-05,1.091e-08,42838.5,0.0046,0x00...8dc1,https://bscscan.com/tx/0x7ed5f118d115590c7024e6c2c823a70b3560dc0c4053709978e541e8102c41e2
2023-04-03 01:37:30,True,3.443e-05,1.096e-08,146582.0,0.016,0x7d...05db,https://bscscan.com/tx/0x0c3a6d224bedcf68ac26e4c09bc1c47de972abdd40c7ea52c47584feaed3c38e
2023-04-03 01:35:21,True,3.425e-05,1.096e-08,309461.0,0.0339,0x61...9121,https://bscscan.com/tx/0x60b41aed40f123e5273bb34bece3544606f9a7dbef270fc61286152c3b846866
2023-04-03 01:34:30,True,3.441e-05,1.096e-08,11226900.0,1.2311,0xf5...8dd6,https://bscscan.com/tx/0x3dbc7f0a8900a05e0957ba2e71239e5c68a53d0990fb2f1bd268bdcff2ea11f3
2023-04-03 01:32:42,True,3.424e-05,1.096e-08,144068.0,0.0158,0x15...4042,https://bscscan.com/tx/0xa02b0c21011ec81f13b38026d9d782fa244aca150084910aa6b54100eb0c7ed9
2023-04-03 01:26:47,False,3.402e-05,1.09e-08,2551541.0,0.2783,0x8e...b41c,https://bscscan.com/tx/0x85fa87d1c2fb087444c69d62b567bb0e694b21dee7a75bb5c7026b53c0d2e7f5
2023-04-03 01:26:47,False,3.402e-05,1.09e-08,20823.2,0.0022,0x8e...b41c,https://bscscan.com/tx/0x85fa87d1c2fb087444c69d62b567bb0e694b21dee7a75bb5c7026b53c0d2e7f5
2023-04-03 01:17:29,False,3.402e-05,1.091e-08,7689141.0,0.8389,0x6b...e777,https://bscscan.com/tx/0x86644ce19f7172dc64e9a5e045f56426047b984382158f33b54958c853024a88
2023-04-03 01:17:29,False,3.402e-05,1.091e-08,70365.9,0.0076,0x6b...e777,https://bscscan.com/tx/0x86644ce19f7172dc64e9a5e045f56426047b984382158f33b54958c853024a88
2023-04-03 01:17:05,True,3.419e-05,1.096e-08,3191574.0,0.35,0x1a...523e,https://bscscan.com/tx/0xe206346bc3c81f6793c001c7be24dd6c63d00786c6956ae7affd3bbe1fd3f8cf
2023-04-03 01:13:11,True,3.435e-05,1.096e-08,68393.6,0.0075,0xce...d0f7,https://bscscan.com/tx/0x70dd616f09c537d5ea9ce75123d041b0c4ad7896d01e94f0bf9e5a8f5d65505b
2023-04-03 01:12:23,True,3.434e-05,1.096e-08,298829.0,0.0327,0xce...d0f7,https://bscscan.com/tx/0x86d84def9a7b39d870087928679bdd7feee1010b431a17be8c1b852866a044a4
2023-04-03 01:12:02,True,3.417e-05,1.096e-08,600000.0,0.0657,0xfd...7392,https://bscscan.com/tx/0xd959e6a59dc156090487d6d3e27bf3b5d8962778050d0a0f75767c0a486fae66
2023-04-03 01:10:59,False,3.418e-05,1.091e-08,21784174.0,2.37749,0x32...4b88,https://bscscan.com/tx/0xaaf70bbd06df2280d4d3132fc97e6453d6fcb3634a05a6bb1d1187d73e1c5752
2023-04-03 01:10:59,False,3.419e-05,1.091e-08,3541.08,3.865e-05,0x32...4b88,https://bscscan.com/tx/0xaaf70bbd06df2280d4d3132fc97e6453d6fcb3634a05a6bb1d1187d73e1c5752
2023-04-03 01:07:00,False,3.418e-05,1.091e-08,1307575.0,0.1427,0x20...010f,https://bscscan.com/tx/0x844554464158f5e09a6f29b49345bbb77ff42725a6eabc18dec64237db2a23af
2023-04-03 01:07:00,False,3.418e-05,1.091e-08,34631.3,0.0037,0x20...010f,https://bscscan.com/tx/0x844554464158f5e09a6f29b49345bbb77ff42725a6eabc18dec64237db2a23af
2023-04-03 01:06:37,True,3.435e-05,1.097e-08,700000.0,0.0768,0x3a...0190,https://bscscan.com/tx/0xf60545bfbe8a31f9c7dcac8c00737e53377103b59cf967957fda9274defea54a
2023-04-03 01:02:34,True,3.435e-05,1.097e-08,349132.0,0.0383,0x1f...f59c,https://bscscan.com/tx/0x6284349a7588fb5cf56ab43e854ba63f5f10f656a5ee2f2a90183952d87167f5
2023-04-03 00:59:49,False,3.416e-05,1.091e-08,307888.0,0.0336,0xca...0f7c,https://bscscan.com/tx/0x3c30ccd3b102aa8e1b7ff809a07ced3c0c9617dcca72da2b71cc8282c9cbf0c9
2023-04-03 00:59:49,False,3.416e-05,1.091e-08,14175.0,0.0015,0xca...0f7c,https://bscscan.com/tx/0x3c30ccd3b102aa8e1b7ff809a07ced3c0c9617dcca72da2b71cc8282c9cbf0c9
2023-04-03 00:55:28,False,3.401e-05,1.091e-08,5234250.0,0.5714,0x63...98ce,https://bscscan.com/tx/0x8b29e0c0adc6ef111903571bd571bd08664dacdb867b27289f7b9b02a329a018
2023-04-03 00:55:28,False,3.401e-05,1.091e-08,27711.8,0.003,0x63...98ce,https://bscscan.com/tx/0x8b29e0c0adc6ef111903571bd571bd08664dacdb867b27289f7b9b02a329a018
2023-04-03 00:53:51,True,3.42e-05,1.097e-08,50291.3,0.0055,0xf5...eebc,https://bscscan.com/tx/0xd4213baf79d004288dd679f1af8287076464c4685f0bf6bcbe24ec7e36be25ba
2023-04-03 00:53:00,True,3.418e-05,1.097e-08,926008.0,0.1016,0x91...fb59,https://bscscan.com/tx/0x351aa0944673c968a5c9c6bbaaea9a8a7ed4a1cd83c9cceeb1f43f6a0f655556
2023-04-03 00:49:28,False,3.401e-05,1.091e-08,9259451.0,1.01106,0x0b...be03,https://bscscan.com/tx/0x4ce36b6794e357647fcb07da1b79b2a28e6089c87571cf9e67cdf64fe516c019
2023-04-03 00:49:28,False,3.402e-05,1.092e-08,5589.01,6.103e-05,0x0b...be03,https://bscscan.com/tx/0x4ce36b6794e357647fcb07da1b79b2a28e6089c87571cf9e67cdf64fe516c019
2023-04-03 00:43:43,True,3.419e-05,1.097e-08,248810.0,0.0273,0xfc...dc90,https://bscscan.com/tx/0xd36ca8b552d38a69ae3c94a18a1f207af3c677fa4402c2d02f2f53232e5eacdb
2023-04-03 00:42:19,False,3.418e-05,1.092e-08,982753.0,0.1073,0xf1...2e16,https://bscscan.com/tx/0x894add284768b5e8b8962fab8c76bfe0c8b18f7947636f44ec7cd5f30e651049
2023-04-03 00:42:19,False,3.419e-05,1.092e-08,39731.8,0.0043,0xf1...2e16,https://bscscan.com/tx/0x894add284768b5e8b8962fab8c76bfe0c8b18f7947636f44ec7cd5f30e651049
2023-04-03 00:41:25,False,3.402e-05,1.092e-08,12201299.0,1.33266,0xff...4edf,https://bscscan.com/tx/0x19b05a9566acc015a15fd9604751c6ccf5c4d48e4a2131415d7b7ebbcc34dd91
2023-04-03 00:41:25,False,3.402e-05,1.092e-08,3112.74,3.4e-05,0xff...4edf,https://bscscan.com/tx/0x19b05a9566acc015a15fd9604751c6ccf5c4d48e4a2131415d7b7ebbcc34dd91
2023-04-03 00:40:19,False,3.403e-05,1.092e-08,1149408.0,0.1255,0x71...3b2f,https://bscscan.com/tx/0xae3fe8557668b46fe1710275a871d9febcbbd4e099dbf05181e6795a1f94509e
2023-04-03 00:40:19,False,3.403e-05,1.092e-08,42805.5,0.0046,0x71...3b2f,https://bscscan.com/tx/0xae3fe8557668b46fe1710275a871d9febcbbd4e099dbf05181e6795a1f94509e
2023-04-03 00:39:47,False,3.404e-05,1.092e-08,15806314.0,1.72705,0x5d...afef,https://bscscan.com/tx/0xee4a680ec30f5d96a0fcdf37ff588b345782e0db84334d442cab43350eaaa3be
2023-04-03 00:39:47,False,3.404e-05,1.092e-08,324.35,3.544e-06,0x5d...afef,https://bscscan.com/tx/0xee4a680ec30f5d96a0fcdf37ff588b345782e0db84334d442cab43350eaaa3be
2023-04-03 00:35:20,False,3.404e-05,1.092e-08,119769.0,0.013,0x11...92a7,https://bscscan.com/tx/0x5b1c13984c308c84a08b9ed258665118e3e58ac8e697a81dfe6d7c6564154c08
2023-04-03 00:35:20,False,3.404e-05,1.092e-08,49962.6,0.0054,0x11...92a7,https://bscscan.com/tx/0x5b1c13984c308c84a08b9ed258665118e3e58ac8e697a81dfe6d7c6564154c08
2023-04-03 00:31:59,False,3.423e-05,1.093e-08,14592037.0,1.59497,0xce...d0fe,https://bscscan.com/tx/0x2fab2801eacb06f72e45d1ae4c0e7532ed44f5fe147397a5d2253b7d4f711bd1
2023-04-03 00:31:59,False,3.423e-05,1.093e-08,11270.5,0.0012,0xce...d0fe,https://bscscan.com/tx/0x2fab2801eacb06f72e45d1ae4c0e7532ed44f5fe147397a5d2253b7d4f711bd1
2023-04-03 00:28:08,False,3.422e-05,1.093e-08,4107285.0,0.449,0x4b...3015,https://bscscan.com/tx/0x2262351105c7c62d6f91026ffa6315041ce6fc072b38198ce2f61e1bbfaabd5b
2023-04-03 00:28:08,False,3.423e-05,1.093e-08,371146.0,0.0405,0x4b...3015,https://bscscan.com/tx/0x2262351105c7c62d6f91026ffa6315041ce6fc072b38198ce2f61e1bbfaabd5b
2023-04-03 00:25:14,False,3.41e-05,1.095e-08,136831277.0,14.9855,0x54...251a,https://bscscan.com/tx/0x302a0a15ffc7c40323bb58a27feedd193da7f5401c9d8f4dbd2c8ce09da2d26a
2023-04-03 00:25:14,False,3.416e-05,1.097e-08,8049.54,8.83e-05,0x54...251a,https://bscscan.com/tx/0x302a0a15ffc7c40323bb58a27feedd193da7f5401c9d8f4dbd2c8ce09da2d26a
2023-04-03 00:24:59,True,3.433e-05,1.102e-08,170000.0,0.0187,0xd0...9f89,https://bscscan.com/tx/0xc6c2adacc46ed384485a2633466e0f1cba9267b93680fe544b9396d8155b8ffa
2023-04-03 00:19:38,True,3.454e-05,1.102e-08,222631.0,0.0245,0xc4...03aa,https://bscscan.com/tx/0x6fef794a520ffc46af0f323b58e4bec4bd9e5824ed7eff437aaef73b7d4d29de
2023-04-03 00:18:29,False,3.437e-05,1.097e-08,2580915.0,0.2831,0x0a...c4d5,https://bscscan.com/tx/0xebf4c396d0c3b4a4c9d3eae0023d6b0104ada7261a0fcac4131776f39704609d
2023-04-03 00:18:29,False,3.437e-05,1.097e-08,5400.0,5.924e-05,0x0a...c4d5,https://bscscan.com/tx/0xebf4c396d0c3b4a4c9d3eae0023d6b0104ada7261a0fcac4131776f39704609d
2023-04-03 00:18:05,False,3.42e-05,1.097e-08,1994000.0,0.2187,0x35...0fc9,https://bscscan.com/tx/0x4bad7fa8e0c73a4471e0e76fee281c26c76da953a73222abcfd395bf764bc092
2023-04-03 00:18:05,False,3.42e-05,1.097e-08,7036.75,7.72e-05,0x35...0fc9,https://bscscan.com/tx/0x4bad7fa8e0c73a4471e0e76fee281c26c76da953a73222abcfd395bf764bc092
2023-04-03 00:14:41,False,3.423e-05,1.097e-08,1698497.0,0.1863,0x8e...d5d9,https://bscscan.com/tx/0x41e567e3b45af00ece1a7b5e2d296c4dbeec2d1516fdd99fe66e356621dcaed2
2023-04-03 00:14:41,False,3.423e-05,1.097e-08,1107.12,1.214e-05,0x8e...d5d9,https://bscscan.com/tx/0x41e567e3b45af00ece1a7b5e2d296c4dbeec2d1516fdd99fe66e356621dcaed2
2023-04-03 00:14:14,False,3.44e-05,1.097e-08,408813.0,0.0448,0x67...6af2,https://bscscan.com/tx/0xc9b2931979c0ca2b20eb7bd85a7d4666c89df464b91d6373dfc099546bd23597
2023-04-03 00:14:14,False,3.44e-05,1.097e-08,2171.23,2.382e-05,0x67...6af2,https://bscscan.com/tx/0xc9b2931979c0ca2b20eb7bd85a7d4666c89df464b91d6373dfc099546bd23597
2023-04-03 00:12:53,True,3.441e-05,1.102e-08,385572.0,0.0425,0x67...6af2,https://bscscan.com/tx/0xc250d4bf0675dbb8f0aaeca63cb28f3b7c23798c67c2cff92e87d5d1cd54430a
2023-04-03 00:12:32,False,3.441e-05,1.097e-08,417330.0,0.0457,0x67...6af2,https://bscscan.com/tx/0xa95d5d5da08a0d47799f028f21788e551f8271aa953bf7e42d8d82f107bc355a
2023-04-03 00:12:32,False,3.441e-05,1.097e-08,14560.7,0.0016,0x67...6af2,https://bscscan.com/tx/0xa95d5d5da08a0d47799f028f21788e551f8271aa953bf7e42d8d82f107bc355a
2023-04-03 00:12:11,True,3.441e-05,1.102e-08,4534663.0,0.5,0x67...a059,https://bscscan.com/tx/0x6f60f843202278920e14e6b166f4ad593584f838eb03b776211eef33ac4b4456
2023-04-03 00:11:56,True,3.458e-05,1.102e-08,611349.0,0.0674,0xa8...0dd1,https://bscscan.com/tx/0x1f3457b64baeca7d28c8b4784280c20a0f24f3763c864c2aa2c724213ec7e35b
2023-04-03 00:11:02,False,3.424e-05,1.097e-08,246112.0,0.027,0x42...b69b,https://bscscan.com/tx/0x384345abf09d24125dfd4245e65843a89929b50605415df34e85dfbfbd504ac0
2023-04-03 00:11:02,False,3.424e-05,1.097e-08,17519.9,0.0019,0x42...b69b,https://bscscan.com/tx/0x384345abf09d24125dfd4245e65843a89929b50605415df34e85dfbfbd504ac0
2023-04-03 00:07:08,False,3.44e-05,1.097e-08,1363427.0,0.1495,0xae...5609,https://bscscan.com/tx/0x19879d0375f036f266efbdfdba9bcda4766b5644a934dd98910e064f21957923
2023-04-03 00:07:08,False,3.44e-05,1.097e-08,61588.5,0.0067,0xae...5609,https://bscscan.com/tx/0x19879d0375f036f266efbdfdba9bcda4766b5644a934dd98910e064f21957923
2023-04-03 00:06:41,True,3.457e-05,1.102e-08,18139.2,0.002,0x6d...1dc6,https://bscscan.com/tx/0x0e94c08292cdbf46de36a01df9f11a02c0c7b1e89b6ce3148c2c1b3b3552aa97
2023-04-03 00:06:17,False,3.441e-05,1.097e-08,22724022.0,2.4937,0x20...946b,https://bscscan.com/tx/0xed6e6de71cd3f0ef68959ce01e19889459143fc4ad6c53f011844f923663a66c
2023-04-03 00:06:17,False,3.441e-05,1.097e-08,60892.1,0.0066,0x20...946b,https://bscscan.com/tx/0xed6e6de71cd3f0ef68959ce01e19889459143fc4ad6c53f011844f923663a66c
2023-04-03 00:05:47,True,3.441e-05,1.103e-08,568621.0,0.0627,0x3b...1565,https://bscscan.com/tx/0xf6eae979d156147a99f1d159f3d64b3e09eb2602ce28c899d22b6133f16d8277
2023-04-03 00:05:29,False,3.442e-05,1.097e-08,14742060.0,1.61849,0x05...7066,https://bscscan.com/tx/0xb59b78ba2539d64ef3a99acb79d8ac5df724e0a9a5bb655be2c2c40645298825
2023-04-03 00:05:29,False,3.443e-05,1.098e-08,4302.99,4.724e-05,0x05...7066,https://bscscan.com/tx/0xb59b78ba2539d64ef3a99acb79d8ac5df724e0a9a5bb655be2c2c40645298825
2023-04-03 00:04:56,False,3.443e-05,1.098e-08,1588920.0,0.1744,0xbf...7229,https://bscscan.com/tx/0x4a11fe653db9bfaf66377dd83e21fba41aed1b75dfd0a7960649af4ff82e29ec
2023-04-03 00:04:56,False,3.443e-05,1.098e-08,80973.0,0.0088,0xbf...7229,https://bscscan.com/tx/0x4a11fe653db9bfaf66377dd83e21fba41aed1b75dfd0a7960649af4ff82e29ec
2023-04-03 00:03:47,False,3.427e-05,1.098e-08,29900029.0,3.28456,0x20...946b,https://bscscan.com/tx/0x4ee4e4818706b69fe2f3ace8ec14e1d337e7acba7d71634b5fe22f8e4c5487d1
2023-04-03 00:03:47,False,3.428e-05,1.098e-08,79083.0,0.0086,0x20...946b,https://bscscan.com/tx/0x4ee4e4818706b69fe2f3ace8ec14e1d337e7acba7d71634b5fe22f8e4c5487d1
2023-04-03 00:03:29,False,3.446e-05,1.099e-08,29202129.0,3.21021,0x3b...0b3f,https://bscscan.com/tx/0xaf454a6c65befa2ea14073c01e1df16eeb48a3d7f3a3bee725831d43b65b6639
2023-04-03 00:03:29,False,3.448e-05,1.099e-08,31386.4,0.0034,0x3b...0b3f,https://bscscan.com/tx/0xaf454a6c65befa2ea14073c01e1df16eeb48a3d7f3a3bee725831d43b65b6639
2023-04-02 23:56:17,False,3.449e-05,1.099e-08,3605152.0,0.3964,0x64...b8da,https://bscscan.com/tx/0x03c36fd7bcfc457ea01242b7f02f3a020c82b753782de0dd559c3afb532e1d4e
2023-04-02 23:56:17,False,3.449e-05,1.099e-08,10172.1,0.0011,0x64...b8da,https://bscscan.com/tx/0x03c36fd7bcfc457ea01242b7f02f3a020c82b753782de0dd559c3afb532e1d4e
2023-04-02 23:52:59,False,3.449e-05,1.099e-08,3756141.0,0.4131,0xc3...b6fa,https://bscscan.com/tx/0xdb1483be45a382935a0b855208a559450e979161ac13a09f7070b2262bd7ceaa
2023-04-02 23:52:59,False,3.45e-05,1.099e-08,135.0,1.484e-06,0xc3...b6fa,https://bscscan.com/tx/0xdb1483be45a382935a0b855208a559450e979161ac13a09f7070b2262bd7ceaa
2023-04-02 23:49:43,False,3.45e-05,1.099e-08,49850.0,0.0054,0x97...ec20,https://bscscan.com/tx/0x4856b9da5dca60462b18855be5c584f783cc752b482a47637fc2d18b6bb6b2b9
2023-04-02 23:49:43,False,3.45e-05,1.099e-08,575.582,6.33e-06,0x97...ec20,https://bscscan.com/tx/0x4856b9da5dca60462b18855be5c584f783cc752b482a47637fc2d18b6bb6b2b9
2023-04-02 23:48:01,True,3.45e-05,1.105e-08,143179.0,0.0158,0x29...e164,https://bscscan.com/tx/0x9fc7d1baa0432088aaf232b8c4850492c245041348d89c917c21037058e02431
2023-04-02 23:46:55,False,3.45e-05,1.099e-08,69790.0,0.0076,0x97...ec20,https://bscscan.com/tx/0xa870df4b071e93134864d91450425d42c4f545baddd9e4ce62a81e77845e3902
2023-04-02 23:46:55,False,3.45e-05,1.099e-08,1562.05,1.718e-05,0x97...ec20,https://bscscan.com/tx/0xa870df4b071e93134864d91450425d42c4f545baddd9e4ce62a81e77845e3902
2023-04-02 23:46:52,False,3.45e-05,1.099e-08,576803.0,0.0634,0xc5...bd06,https://bscscan.com/tx/0xa0382e4cbceeb22a1d6c32eb7a17b57b10fe11b11c24d187274b1ecc1bdbdbb1
2023-04-02 23:46:52,False,3.45e-05,1.099e-08,48736.2,0.0053,0xc5...bd06,https://bscscan.com/tx/0xa0382e4cbceeb22a1d6c32eb7a17b57b10fe11b11c24d187274b1ecc1bdbdbb1
2023-04-02 23:42:52,True,3.467e-05,1.105e-08,231333.0,0.0255,0xf6...495d,https://bscscan.com/tx/0x809fef03b429df7c93af7308bafafcf847768beecbece5fd2fc64136ae5903c0
2023-04-02 23:42:46,False,3.451e-05,1.1e-08,16949000.0,1.86462,0x24...80c4,https://bscscan.com/tx/0x6cc0ae1ee8e2b63c855b87d495922190c4d0ac93ed9bec861f5718b1f840df43
2023-04-02 23:42:46,False,3.452e-05,1.1e-08,77766.0,0.0085,0x24...80c4,https://bscscan.com/tx/0x6cc0ae1ee8e2b63c855b87d495922190c4d0ac93ed9bec861f5718b1f840df43
2023-04-02 23:42:13,True,3.452e-05,1.105e-08,232161.0,0.0256,0x6d...bdfa,https://bscscan.com/tx/0xad06f1b1807a083168a60f1b10f1d027043824acc515e7773a69dd8ab17b89c1
2023-04-02 23:37:49,True,3.45e-05,1.105e-08,26613168.0,2.94214,0x38...e540,https://bscscan.com/tx/0xdb40f92c946ec5b4954cf038486f813395615b916e5862e8e1d96677915c01eb
2023-04-02 23:37:10,False,3.432e-05,1.099e-08,1845473.0,0.2029,0xcc...714b,https://bscscan.com/tx/0x52723b8935a279b0a4fb140b2c5536545764180d7a2a658c353e8b7e3c8bcddb
2023-04-02 23:37:10,False,3.432e-05,1.099e-08,1082.23,1.19e-05,0xcc...714b,https://bscscan.com/tx/0x52723b8935a279b0a4fb140b2c5536545764180d7a2a658c353e8b7e3c8bcddb
2023-04-02 23:34:28,False,3.45e-05,1.099e-08,399622.0,0.0439,0x92...c0bb,https://bscscan.com/tx/0x60e57a0d8d1c7e129ae9506b13ceb3500c2285b6d2f63d4602c536a020fd4f73
2023-04-02 23:34:28,False,3.45e-05,1.099e-08,10466.6,0.0011,0x92...c0bb,https://bscscan.com/tx/0x60e57a0d8d1c7e129ae9506b13ceb3500c2285b6d2f63d4602c536a020fd4f73
2023-04-02 23:33:19,True,3.449e-05,1.105e-08,1284300.0,0.1419,0x55...6a16,https://bscscan.com/tx/0x03a9154ce3130c67ceda18aa1a765fde3762fe4bad34f40c3d69ac1f7fa19118
2023-04-02 23:32:06,False,3.449e-05,1.099e-08,2584423.0,0.2842,0x01...4ce3,https://bscscan.com/tx/0x0d8682dfa653e95d7bad5bfc9d6353fa71a3c2e0ba5483818b1890c691e062dc
2023-04-02 23:32:06,False,3.449e-05,1.099e-08,3052.72,3.357e-05,0x01...4ce3,https://bscscan.com/tx/0x0d8682dfa653e95d7bad5bfc9d6353fa71a3c2e0ba5483818b1890c691e062dc
2023-04-02 23:30:28,True,3.467e-05,1.105e-08,872452.0,0.0964,0xd9...9ee1,https://bscscan.com/tx/0xb7ac565f3bcf11b86b1f90f7b999c979ee87a20da0247b739e03addad64b44b9
2023-04-02 23:30:28,False,3.449e-05,1.099e-08,257409.0,0.0283,0x8e...af3a,https://bscscan.com/tx/0x7d9f9e4496de9e8a530b8d3eeeb36405277fd60d9d7dfa43f84baa9ebcbceed1
2023-04-02 23:30:28,False,3.449e-05,1.099e-08,63937.5,0.007,0x8e...af3a,https://bscscan.com/tx/0x7d9f9e4496de9e8a530b8d3eeeb36405277fd60d9d7dfa43f84baa9ebcbceed1
2023-04-02 23:26:10,True,3.447e-05,1.105e-08,473329.0,0.0523,0x71...2403,https://bscscan.com/tx/0x59dedf4a196ed28b60b2a5b7b1042fea5e7d8f501b6d257c09329955f4497726
2023-04-02 23:25:38,True,3.466e-05,1.105e-08,2391701.0,0.2643,0x89...b88b,https://bscscan.com/tx/0x0e781325d3a4d28ce8ff5b776c58482c818a3e2a2160812f650cee2c7f836584
2023-04-02 23:24:05,False,3.432e-05,1.099e-08,17946000.0,1.97386,0x55...3fa9,https://bscscan.com/tx/0xd3e95b76a928a9113e3efa873fc1cdfbedf48a55aa60e922fc987557a4825044
2023-04-02 23:24:05,False,3.433e-05,1.1e-08,14932.7,0.0016,0x55...3fa9,https://bscscan.com/tx/0xd3e95b76a928a9113e3efa873fc1cdfbedf48a55aa60e922fc987557a4825044
2023-04-02 23:18:51,False,3.45e-05,1.1e-08,5514034.0,0.6066,0x7e...9e35,https://bscscan.com/tx/0xe571ba986dc4105460df364c9b9cedeb705713ffa3cb7029d4a6e8031381ccd7
2023-04-02 23:18:51,False,3.45e-05,1.1e-08,10310.0,0.0011,0x7e...9e35,https://bscscan.com/tx/0xe571ba986dc4105460df364c9b9cedeb705713ffa3cb7029d4a6e8031381ccd7
2023-04-02 23:17:18,True,3.45e-05,1.105e-08,2722539.0,0.301,0x56...d284,https://bscscan.com/tx/0xcbc99258884e2ba741ccf84f8d4bf4ee07848bffec471170fb31f3cd80e472c8
2023-04-02 23:14:27,True,3.467e-05,1.105e-08,59340.7,0.0065,0xca...10c9,https://bscscan.com/tx/0xd5d017883dca840fb86004e51910cda7c1bebda70cba0aa4d77a73b7e8591dd5
2023-04-02 23:14:15,True,3.467e-05,1.105e-08,832044.0,0.092,0x58...6192,https://bscscan.com/tx/0x528c31e0bc74019d318cefdffcb50f7b1bb38ff142e499db0e9c90eac68a136a
2023-04-02 23:14:12,False,3.449e-05,1.1e-08,203980.0,0.0224,0x23...2835,https://bscscan.com/tx/0x03c004f62233397d6ca3e7177243b686d31e3ac037a73d714e2e531fd4b74353
2023-04-02 23:14:12,False,3.449e-05,1.1e-08,95727.9,0.0105,0x23...2835,https://bscscan.com/tx/0x03c004f62233397d6ca3e7177243b686d31e3ac037a73d714e2e531fd4b74353
2023-04-02 23:11:24,True,3.466e-05,1.105e-08,888614.0,0.0982,0xe8...281b,https://bscscan.com/tx/0xabc235c17c3f2d3a2895b15cb8049f5db0452800df31f087183e0764b97178c3
2023-04-02 23:10:33,True,3.449e-05,1.105e-08,2439665.0,0.2697,0x7a...9fd8,https://bscscan.com/tx/0x5087424646ca19e61d785147a791ada0090c91191cc54bbcdf0c7029b141c989
2023-04-02 23:08:45,True,3.466e-05,1.105e-08,143495.0,0.0158,0xb0...916d,https://bscscan.com/tx/0xc8ab1ea95f4b5e948bcdf0fdf8db870ecaf0a48dfc3204df0281091be3ccee09
2023-04-02 23:06:27,True,3.466e-05,1.105e-08,3458022.0,0.3823,0x48...0e9e,https://bscscan.com/tx/0x9eab229532066f8aa9c4d7c29e75a2aa0f8d854b7d1b24524c561da77f3e748b
2023-04-02 23:06:00,True,3.448e-05,1.105e-08,240000.0,0.0265,0x0f...b54e,https://bscscan.com/tx/0x35dbf8c8dcf52cef0dd90f560573ccdc2886eb940ef5c7a72591bc0495125033
2023-04-02 23:04:36,False,3.432e-05,1.1e-08,25392737.0,2.79405,0x0c...e699,https://bscscan.com/tx/0xfcad186ce29ac3a3cb98724233b12f4c30449cdf49f1dbf512fd0d4b5dba58e9
2023-04-02 23:04:36,False,3.433e-05,1.1e-08,3529.25,3.884e-05,0x0c...e699,https://bscscan.com/tx/0xfcad186ce29ac3a3cb98724233b12f4c30449cdf49f1dbf512fd0d4b5dba58e9
2023-04-02 23:01:21,False,3.429e-05,1.1e-08,1303208.0,0.1434,0x0e...e202,https://bscscan.com/tx/0x71f45f96ed047ef422ad84a92a163845b6db9f8b48303874844c1a10771800a0
2023-04-02 23:01:21,False,3.429e-05,1.1e-08,643.748,7.085e-06,0x0e...e202,https://bscscan.com/tx/0x71f45f96ed047ef422ad84a92a163845b6db9f8b48303874844c1a10771800a0
2023-04-02 22:59:42,False,3.446e-05,1.1e-08,237710.0,0.0261,0xc2...1b8e,https://bscscan.com/tx/0xd62d96079d5b4159e77cfaf2db79b9d47170626f6ab7e2e5bbbbf4c3abb417de
2023-04-02 22:59:42,False,3.446e-05,1.1e-08,469.121,5.163e-06,0xc2...1b8e,https://bscscan.com/tx/0xd62d96079d5b4159e77cfaf2db79b9d47170626f6ab7e2e5bbbbf4c3abb417de
2023-04-02 22:58:12,False,3.429e-05,1.1e-08,173227.0,0.019,0xc4...9b36,https://bscscan.com/tx/0xb01329cd78747527d1c1b8febfe351fab58bd662fa4e8dee313c1cb67fe9f190
2023-04-02 22:58:12,False,3.429e-05,1.1e-08,796.9,8.771e-06,0xc4...9b36,https://bscscan.com/tx/0xb01329cd78747527d1c1b8febfe351fab58bd662fa4e8dee313c1cb67fe9f190
2023-04-02 22:54:23,False,3.426e-05,1.1e-08,294263.0,0.0323,0x50...fe61,https://bscscan.com/tx/0xe81422ba0377907ad633457ba5cbbf53f8cfe8665d5869166f30107ab1a89454
2023-04-02 22:54:23,False,3.426e-05,1.1e-08,1305.72,1.437e-05,0x50...fe61,https://bscscan.com/tx/0xe81422ba0377907ad633457ba5cbbf53f8cfe8665d5869166f30107ab1a89454
2023-04-02 22:52:40,True,3.442e-05,1.106e-08,90100.0,0.0099,0x4b...3f1d,https://bscscan.com/tx/0xc005d19d1a3b96d1918399a8eb633fa121bbe0b7c9e99922b04c7dfe77b84967
2023-04-02 22:51:13,False,3.441e-05,1.1e-08,392320.0,0.0431,0xa6...67cb,https://bscscan.com/tx/0x1abd1e8e50ace522ad24eca8ae1a93479f95760bb3cb33017989f349a8265cd4
2023-04-02 22:51:13,False,3.441e-05,1.1e-08,136979.0,0.015,0xa6...67cb,https://bscscan.com/tx/0x1abd1e8e50ace522ad24eca8ae1a93479f95760bb3cb33017989f349a8265cd4
2023-04-02 22:50:48,True,3.456e-05,1.105e-08,35500000.0,3.92553,0xa6...67cb,https://bscscan.com/tx/0x74f75607c1ff1636d726410a2321d559dbfc3707d7855dec617e12bf42dd83b7
2023-04-02 22:49:57,True,3.438e-05,1.105e-08,289414.0,0.0319,0xf3...ae6e,https://bscscan.com/tx/0xd17edee3634e54e358e1fae16f0d9f51e0290953ea09d59cadc4d63554843e8f
2023-04-02 22:49:06,False,3.438e-05,1.099e-08,14898618.0,1.63881,0x4d...45c4,https://bscscan.com/tx/0xee50756dd359356ed93e919caecd5c8924c25bcf9892000b089dd5725a1369f8
2023-04-02 22:49:06,False,3.439e-05,1.1e-08,8100.0,8.911e-05,0x4d...45c4,https://bscscan.com/tx/0xee50756dd359356ed93e919caecd5c8924c25bcf9892000b089dd5725a1369f8
2023-04-02 22:43:52,False,3.439e-05,1.1e-08,2991000.0,0.329,0x4e...abb7,https://bscscan.com/tx/0x407e0e7a802618982af9df7b4564e6f1230dea3ce9c9ec9e96ab8e4e4926a742
2023-04-02 22:43:52,False,3.439e-05,1.1e-08,20250.0,0.0022,0x4e...abb7,https://bscscan.com/tx/0x407e0e7a802618982af9df7b4564e6f1230dea3ce9c9ec9e96ab8e4e4926a742
2023-04-02 22:39:57,False,3.423e-05,1.1e-08,7477500.0,0.8227,0xe3...5aaa,https://bscscan.com/tx/0x956f702735c4c47a5f8f664e8ae182b9fc243d56cebac20724d8871da40925e7
2023-04-02 22:39:57,False,3.423e-05,1.1e-08,3996.36,4.397e-05,0xe3...5aaa,https://bscscan.com/tx/0x956f702735c4c47a5f8f664e8ae182b9fc243d56cebac20724d8871da40925e7
2023-04-02 22:37:59,False,3.44e-05,1.1e-08,1475692.0,0.1624,0xe4...e3fa,https://bscscan.com/tx/0x1ae0a8a8aecf108e83bdd8760fcbc55a97f3f7240cd43e80eb2869829228d35c
2023-04-02 22:37:59,False,3.441e-05,1.1e-08,23663.1,0.0026,0xe4...e3fa,https://bscscan.com/tx/0x1ae0a8a8aecf108e83bdd8760fcbc55a97f3f7240cd43e80eb2869829228d35c
2023-04-02 22:37:50,True,3.44e-05,1.106e-08,162000.0,0.0179,0xa1...d753,https://bscscan.com/tx/0x198aa1d23a7aed2791aa882ff058c5b6a46a5a9d318d34d96dc2b3fb25680fae
2023-04-02 22:37:24,True,3.44e-05,1.106e-08,202317.0,0.0223,0x20...dd3c,https://bscscan.com/tx/0x29f7fc52ad1835fea11e430f3c84f71e56c32d5faf911fad24a8369ced487653
2023-04-02 22:35:39,True,3.44e-05,1.106e-08,90415.0,0.01,0x33...cd2b,https://bscscan.com/tx/0xf4a86d0194e295b24c9cc64bff471773fb3ecbb14a89081865577b07e5b1b72f
2023-04-02 22:34:27,False,3.423e-05,1.1e-08,8284466.0,0.9117,0x83...6caf,https://bscscan.com/tx/0x021e9647887505bfea16bc06961455b8904051bc2535204006c96ff464793a88
2023-04-02 22:34:27,False,3.424e-05,1.1e-08,1890.0,2.08e-05,0x83...6caf,https://bscscan.com/tx/0x021e9647887505bfea16bc06961455b8904051bc2535204006c96ff464793a88
2023-04-02 22:33:45,False,3.441e-05,1.1e-08,697900.0,0.0768,0x57...c668,https://bscscan.com/tx/0xcaca84529d1796f08e469ca12659baab4525924f2cd5d6fca3599a6a5abe335f
2023-04-02 22:33:45,False,3.441e-05,1.1e-08,2057.57,2.264e-05,0x57...c668,https://bscscan.com/tx/0xcaca84529d1796f08e469ca12659baab4525924f2cd5d6fca3599a6a5abe335f
2023-04-02 22:31:15,True,3.441e-05,1.106e-08,451979.0,0.05,0x3d...1845,https://bscscan.com/tx/0x9d8d83d63ff8bdf392631397d097afe6091dd2f2e464c39137b243a85ae97caa
2023-04-02 22:30:57,False,3.441e-05,1.1e-08,309154.0,0.034,0x7f...efdf,https://bscscan.com/tx/0xc3c15980f7c0c5158f30a3a3d0e1dfe04a1c080e217231af770af66e5ac905b6
2023-04-02 22:30:57,False,3.441e-05,1.1e-08,29689.4,0.0032,0x7f...efdf,https://bscscan.com/tx/0xc3c15980f7c0c5158f30a3a3d0e1dfe04a1c080e217231af770af66e5ac905b6
2023-04-02 22:29:06,True,3.457e-05,1.106e-08,115619.0,0.0127,0x02...07f5,https://bscscan.com/tx/0x67ff324261396e6595baf164c26720870f2633041216bf4fa96aef985adf604a
2023-04-02 22:28:12,True,3.439e-05,1.106e-08,7791093.0,0.8618,0x8f...769f,https://bscscan.com/tx/0xb904c511a071a6e12c69781bbc308675a486c340d2028532afb0004e299f4415
2023-04-02 22:23:08,False,3.438e-05,1.1e-08,3080082.0,0.3389,0x4d...45c4,https://bscscan.com/tx/0x1803dd9c06f326bc8ebed7f641a9f59236944c354852883bfcbcff208db8da7b
2023-04-02 22:23:08,False,3.438e-05,1.1e-08,13822.9,0.0015,0x4d...45c4,https://bscscan.com/tx/0x1803dd9c06f326bc8ebed7f641a9f59236944c354852883bfcbcff208db8da7b
2023-04-02 22:22:11,True,3.455e-05,1.106e-08,900000.0,0.0995,0x5f...d4b2,https://bscscan.com/tx/0x9254bffa8a1bad2366bd92a7f7039180eafd16121d3f780c349c85bcc5dc1f21
2023-04-02 22:21:26,True,3.455e-05,1.106e-08,1269597.0,0.1404,0x33...64d6,https://bscscan.com/tx/0x899ca67682149c1143d8d0f60c7e8611241425c3006adc74e04a18b1be31f6df
2023-04-02 22:18:56,False,3.437e-05,1.1e-08,2941150.0,0.3237,0x0c...9f6d,https://bscscan.com/tx/0x5e83efeebca4286860a979aed55de42413b12f98e05c28eefa30909c90938a80
2023-04-02 22:18:56,False,3.437e-05,1.1e-08,47483.3,0.0052,0x0c...9f6d,https://bscscan.com/tx/0x5e83efeebca4286860a979aed55de42413b12f98e05c28eefa30909c90938a80
2023-04-02 22:18:26,False,3.438e-05,1.1e-08,17533636.0,1.9302,0x3b...0b3f,https://bscscan.com/tx/0x663f663330c4d1a4d28f4f2a17a71b398dae5ce399cd88a2580630329360ecff
2023-04-02 22:18:26,False,3.439e-05,1.101e-08,80973.0,0.0089,0x3b...0b3f,https://bscscan.com/tx/0x663f663330c4d1a4d28f4f2a17a71b398dae5ce399cd88a2580630329360ecff
2023-04-02 22:17:56,False,3.44e-05,1.101e-08,29900029.0,3.29347,0x20...946b,https://bscscan.com/tx/0xf0d342a70f478ac8fba6779105cb0eacfcd97a64ea1f76615d4a4bd4bad2c582
2023-04-02 22:17:56,False,3.441e-05,1.101e-08,79048.7,0.0087,0x20...946b,https://bscscan.com/tx/0xf0d342a70f478ac8fba6779105cb0eacfcd97a64ea1f76615d4a4bd4bad2c582
2023-04-02 22:17:41,False,3.442e-05,1.102e-08,29189451.0,3.21752,0x3b...0b3f,https://bscscan.com/tx/0x2d3eca753483315fd868e65e25defbf46da483a2eb6c33816cd820a00f67faa0
2023-04-02 22:17:41,False,3.444e-05,1.102e-08,7965.0,8.782e-05,0x3b...0b3f,https://bscscan.com/tx/0x2d3eca753483315fd868e65e25defbf46da483a2eb6c33816cd820a00f67faa0
2023-04-02 22:17:05,False,3.444e-05,1.102e-08,2941150.0,0.3243,0x0c...9f6d,https://bscscan.com/tx/0x2064d746c1959b0c2003a7bf484dcc6eb92d27665b0c3d21164edc100f57b480
2023-04-02 22:17:05,False,3.444e-05,1.102e-08,9530.51,0.001,0x0c...9f6d,https://bscscan.com/tx/0x2064d746c1959b0c2003a7bf484dcc6eb92d27665b0c3d21164edc100f57b480
2023-04-02 22:16:20,False,3.444e-05,1.102e-08,3519229.0,0.3881,0xc8...21a0,https://bscscan.com/tx/0xac9a1c2c07000f6d3bdc468132b505a8be531851329e57a954bf91efb4663c0f
2023-04-02 22:16:20,False,3.444e-05,1.102e-08,17252.6,0.0019,0xc8...21a0,https://bscscan.com/tx/0xac9a1c2c07000f6d3bdc468132b505a8be531851329e57a954bf91efb4663c0f
2023-04-02 22:14:32,False,3.444e-05,1.102e-08,6370687.0,0.7026,0x94...5122,https://bscscan.com/tx/0x31744442a16f54986df7c9af0cc0e66f2e2adb7fbc06cbe4e101b8a393ed3243
2023-04-02 22:14:32,False,3.444e-05,1.103e-08,6633.36,7.316e-05,0x94...5122,https://bscscan.com/tx/0x31744442a16f54986df7c9af0cc0e66f2e2adb7fbc06cbe4e101b8a393ed3243
2023-04-02 22:14:29,True,3.462e-05,1.108e-08,600000.0,0.0665,0xd6...c707,https://bscscan.com/tx/0x023e4d4c920fd4a66b11d4d8740827a69d7bf767f6e0aa11ab3531ff5f89a2fe
2023-04-02 22:14:20,True,3.461e-05,1.108e-08,45104.0,0.005,0x74...1396,https://bscscan.com/tx/0xeaf9ff59260409ab23c3b9690c1af63308647e30c6ef7072a17acbc892c09e86
2023-04-02 22:14:11,False,3.444e-05,1.103e-08,1806260.0,0.1992,0x37...b076,https://bscscan.com/tx/0xc4d34bbf7771d92b1c9dc3f6271347931f51e5ce93cb51a75f73a2c834821281
2023-04-02 22:14:11,False,3.444e-05,1.103e-08,85879.3,0.0094,0x37...b076,https://bscscan.com/tx/0xc4d34bbf7771d92b1c9dc3f6271347931f51e5ce93cb51a75f73a2c834821281
2023-04-02 22:12:32,True,3.461e-05,1.108e-08,1817147.0,0.2014,0x37...b076,https://bscscan.com/tx/0xfd10ec1cf1c632a246ec75504c6f465e89f014021f73b1b214c1aedbada1f236
2023-04-02 22:11:11,False,3.445e-05,1.103e-08,29900030.0,3.29922,0x20...946b,https://bscscan.com/tx/0xa3bea124ce7ce898bf7f384597d99387b8032dfbf5ffc8cfc41d8fa5a870c626
2023-04-02 22:11:11,False,3.446e-05,1.103e-08,78896.9,0.0087,0x20...946b,https://bscscan.com/tx/0xa3bea124ce7ce898bf7f384597d99387b8032dfbf5ffc8cfc41d8fa5a870c626
2023-04-02 22:11:05,False,3.447e-05,1.104e-08,29133422.0,3.21696,0x3b...0b3f,https://bscscan.com/tx/0xa67b31e489d9e4b25c51cf4ff520a65f2368c0524f28ed730a0fa1ab65bf05c1
2023-04-02 22:11:05,False,3.448e-05,1.104e-08,2164.45,2.39e-05,0x3b...0b3f,https://bscscan.com/tx/0xa67b31e489d9e4b25c51cf4ff520a65f2368c0524f28ed730a0fa1ab65bf05c1
2023-04-02 22:10:05,False,3.449e-05,1.104e-08,799243.0,0.0882,0x92...c0bb,https://bscscan.com/tx/0x05e345afab935867ece8c0ac708cff9d5047d74203d11f6abab2f88e83c4cb8d
2023-04-02 22:10:05,False,3.449e-05,1.104e-08,540.0,5.965e-06,0x92...c0bb,https://bscscan.com/tx/0x05e345afab935867ece8c0ac708cff9d5047d74203d11f6abab2f88e83c4cb8d
2023-04-02 22:09:20,False,3.449e-05,1.104e-08,199400.0,0.022,0x5d...6c98,https://bscscan.com/tx/0x6f5da3fa936ffc79a857a331403e5ad949c9f227f4cb0cabd29ea101e271972e
2023-04-02 22:09:20,False,3.449e-05,1.104e-08,56976.6,0.0062,0x5d...6c98,https://bscscan.com/tx/0x6f5da3fa936ffc79a857a331403e5ad949c9f227f4cb0cabd29ea101e271972e
2023-04-02 22:08:44,False,3.432e-05,1.104e-08,21039153.0,2.32466,0xfa...ce4c,https://bscscan.com/tx/0xae4885cebedbdd88e25e782658e4f18b06a2def2e0e28dc8350822bba6b203a3
2023-04-02 22:08:44,False,3.433e-05,1.105e-08,16914.1,0.0018,0xfa...ce4c,https://bscscan.com/tx/0xae4885cebedbdd88e25e782658e4f18b06a2def2e0e28dc8350822bba6b203a3
2023-04-02 22:06:01,True,3.468e-05,1.11e-08,2878481.0,0.3197,0x38...6d49,https://bscscan.com/tx/0xa22f0bdc287abf40883fbe9dbd2ce3f23fc6088a86ffeee1e346d2a61b7599ad
2023-04-02 22:06:01,True,3.467e-05,1.11e-08,3166391.0,0.3516,0x58...aad8,https://bscscan.com/tx/0x0a54501573a111dc1dc2190aeb44f757461cdf7ec86de871c0532c7c44121d1f
2023-04-02 22:03:03,False,3.45e-05,1.105e-08,218939.0,0.0241,0xa7...5a70,https://bscscan.com/tx/0x14caafa966edece19d34f2b3b5876866c6bc3aab83f87f7eace77388f182fedc
2023-04-02 22:03:03,False,3.45e-05,1.105e-08,78852.1,0.0087,0xa7...5a70,https://bscscan.com/tx/0x14caafa966edece19d34f2b3b5876866c6bc3aab83f87f7eace77388f182fedc
2023-04-02 22:01:09,False,3.451e-05,1.105e-08,29116868.0,3.21871,0x3b...0b3f,https://bscscan.com/tx/0x0ae71fb3eb3679fd97ce3cc65fde228902a45bf000fb5a126aec91b8c159e1bf
2023-04-02 22:01:09,False,3.452e-05,1.105e-08,22766.2,0.0025,0x3b...0b3f,https://bscscan.com/tx/0x0ae71fb3eb3679fd97ce3cc65fde228902a45bf000fb5a126aec91b8c159e1bf
2023-04-02 22:01:09,False,3.453e-05,1.105e-08,8406645.0,0.9297,0x05...7066,https://bscscan.com/tx/0x5a0ce9ce271738bbcbd783211c3c7a399a3d7f69768cbb086d420b044c1aee9d
2023-04-02 22:01:09,False,3.453e-05,1.106e-08,80973.0,0.0089,0x05...7066,https://bscscan.com/tx/0x5a0ce9ce271738bbcbd783211c3c7a399a3d7f69768cbb086d420b044c1aee9d
2023-04-02 22:00:42,False,3.437e-05,1.106e-08,29900029.0,3.30836,0x20...946b,https://bscscan.com/tx/0xd69a1a97f83a83070133d31563ea492ec8906506053d3b881a52fa59ea2f4121
2023-04-02 22:00:42,False,3.438e-05,1.106e-08,14571.6,0.0016,0x20...946b,https://bscscan.com/tx/0xd69a1a97f83a83070133d31563ea492ec8906506053d3b881a52fa59ea2f4121
2023-04-02 21:59:57,False,3.456e-05,1.106e-08,5380708.0,0.5956,0x81...e11f,https://bscscan.com/tx/0x92bd8418fb73d3230ee9f4fbdfbaee29ec4f10bbbc2575e70dcf448ca9caf27e
2023-04-02 21:59:57,False,3.456e-05,1.107e-08,5814.62,6.436e-05,0x81...e11f,https://bscscan.com/tx/0x92bd8418fb73d3230ee9f4fbdfbaee29ec4f10bbbc2575e70dcf448ca9caf27e
2023-04-02 21:59:45,False,3.439e-05,1.107e-08,2147102.0,0.2377,0x38...6d49,https://bscscan.com/tx/0x4a99a1707542965104e9c0b31b87609fd36f1fde010e653ce18ade842d034e72
2023-04-02 21:59:45,False,3.439e-05,1.107e-08,2662.48,2.947e-05,0x38...6d49,https://bscscan.com/tx/0x4a99a1707542965104e9c0b31b87609fd36f1fde010e653ce18ade842d034e72
2023-04-02 21:57:51,False,3.456e-05,1.107e-08,495957.0,0.0549,0x85...a489,https://bscscan.com/tx/0x6e4084babd750b1835c15d30bb415f77c90726a9a4c12ea0c6789442091f69a5
2023-04-02 21:57:51,False,3.456e-05,1.107e-08,80973.0,0.0089,0x85...a489,https://bscscan.com/tx/0x6e4084babd750b1835c15d30bb415f77c90726a9a4c12ea0c6789442091f69a5
2023-04-02 21:56:24,False,3.44e-05,1.107e-08,29900029.0,3.31144,0x20...946b,https://bscscan.com/tx/0x03eb15232ef627287be47b10f7c34569afbf812ab318e8a27e8b016ce210c14c
2023-04-02 21:56:24,False,3.441e-05,1.107e-08,464571.0,0.0514,0x20...946b,https://bscscan.com/tx/0x03eb15232ef627287be47b10f7c34569afbf812ab318e8a27e8b016ce210c14c
2023-04-02 21:54:37,True,3.451e-05,1.111e-08,172004561.0,19.112,0xa4...eeaa,https://bscscan.com/tx/0x2a22364cbe44c5236cedb82ef0b0547e388c50d1ab5334a3f0b5bc1ef9d6c205
2023-04-02 21:52:55,False,3.444e-05,1.103e-08,58461.5,0.0064,0x44...fca8,https://bscscan.com/tx/0x0388c10551051b653da1097151168776e1a754331c4f9bdeb59752f8c93966c1
2023-04-02 21:52:55,False,3.444e-05,1.103e-08,1827.72,2.016e-05,0x44...fca8,https://bscscan.com/tx/0x0388c10551051b653da1097151168776e1a754331c4f9bdeb59752f8c93966c1
2023-04-02 21:52:25,False,3.444e-05,1.103e-08,674901.0,0.0744,0x7d...b52e,https://bscscan.com/tx/0x40fb8047a16409b5f07d1caec2b12422041cffcc2a9dc6db8b72b89126472b56
2023-04-02 21:52:25,False,3.444e-05,1.103e-08,109772.0,0.0121,0x7d...b52e,https://bscscan.com/tx/0x40fb8047a16409b5f07d1caec2b12422041cffcc2a9dc6db8b72b89126472b56
2023-04-02 21:51:55,True,3.461e-05,1.108e-08,377662.0,0.0418,0xe4...f57b,https://bscscan.com/tx/0x99da80a68db169283c7c21cb90cbfd8e2e263106184cd9e331e7b1de62e2cd59
2023-04-02 21:49:08,True,3.443e-05,1.108e-08,5411578.0,0.6,0x17...6d5b,https://bscscan.com/tx/0xeb90481b823558b61534b9d586da23e8090a3f6e164aba2b99d8c527a4f63008
2023-04-02 21:47:05,True,3.444e-05,1.108e-08,5305047.0,0.5881,0x0e...c17d,https://bscscan.com/tx/0xa510a86cfcfe2cf4811d63f06edf4dde6685e5ccfc65d9b966792e986212eb61
2023-04-02 21:44:30,False,3.429e-05,1.103e-08,29473409.0,3.25203,0x05...7066,https://bscscan.com/tx/0x41d7d6b455d7884ef7a34371b6694e960ac0b25ac96d6132eaea438ebb8c3bb9
2023-04-02 21:44:30,False,3.431e-05,1.103e-08,11061.3,0.0012,0x05...7066,https://bscscan.com/tx/0x41d7d6b455d7884ef7a34371b6694e960ac0b25ac96d6132eaea438ebb8c3bb9
2023-04-02 21:44:21,True,3.448e-05,1.109e-08,901467.0,0.1,0xbe...1378,https://bscscan.com/tx/0x42ca41777097787546343ed944895d068801a72fd7b2cb8574fe10df22ba1eb3
2023-04-02 21:44:18,False,3.431e-05,1.103e-08,3185734.0,0.3516,0xd0...3481,https://bscscan.com/tx/0x6f54230726d9b72e0be2979832f23ae68fb340d8ff7b64d6a94d58b24fe27f52
2023-04-02 21:44:18,False,3.431e-05,1.103e-08,121172.0,0.0133,0xd0...3481,https://bscscan.com/tx/0x6f54230726d9b72e0be2979832f23ae68fb340d8ff7b64d6a94d58b24fe27f52
2023-04-02 21:44:00,False,3.433e-05,1.104e-08,44743870.0,4.94172,0x05...7066,https://bscscan.com/tx/0xc7fd5cd80f9aad5afffbf8b37b0a2a39ef0bc2aea51e2cbfb8a9db7a0b9e5f74
2023-04-02 21:44:00,False,3.435e-05,1.105e-08,21109.7,0.0023,0x05...7066,https://bscscan.com/tx/0xc7fd5cd80f9aad5afffbf8b37b0a2a39ef0bc2aea51e2cbfb8a9db7a0b9e5f74
2023-04-02 21:43:30,False,3.435e-05,1.105e-08,7794961.0,0.8614,0x05...7066,https://bscscan.com/tx/0x09ac4d12657328f745bcaeb089d6b11491260b39de2039d0250fddca4d31a2ca
2023-04-02 21:43:30,False,3.435e-05,1.105e-08,8635.72,9.544e-05,0x05...7066,https://bscscan.com/tx/0x09ac4d12657328f745bcaeb089d6b11491260b39de2039d0250fddca4d31a2ca
2023-04-02 21:43:27,False,3.435e-05,1.105e-08,3188821.0,0.3524,0x29...9470,https://bscscan.com/tx/0x7a0064252ee3de252ca44c0e623d8c283b94bef2a8fc9fe837a7f37845ec13ab
2023-04-02 21:43:27,False,3.436e-05,1.105e-08,78781.1,0.0087,0x29...9470,https://bscscan.com/tx/0x7a0064252ee3de252ca44c0e623d8c283b94bef2a8fc9fe837a7f37845ec13ab
2023-04-02 21:42:57,False,3.437e-05,1.105e-08,29090649.0,3.21668,0x3b...0b3f,https://bscscan.com/tx/0x933ddfae6d32ec9b77b5982ac5b15bc5eb746b5406e3e614884c619f64669b13
2023-04-02 21:42:57,False,3.439e-05,1.106e-08,17529.5,0.0019,0x3b...0b3f,https://bscscan.com/tx/0x933ddfae6d32ec9b77b5982ac5b15bc5eb746b5406e3e614884c619f64669b13
2023-04-02 21:42:51,False,3.439e-05,1.106e-08,6472947.0,0.716,0x05...7066,https://bscscan.com/tx/0xd3eda54e2f24fcdf6e990fd8052169571c922b22405c4734e0c1851032334164
2023-04-02 21:42:51,False,3.439e-05,1.106e-08,64778.4,0.0071,0x05...7066,https://bscscan.com/tx/0xd3eda54e2f24fcdf6e990fd8052169571c922b22405c4734e0c1851032334164
2023-04-02 21:42:42,False,3.442e-05,1.106e-08,23920023.0,2.64708,0x20...946b,https://bscscan.com/tx/0x30d96b8a89d50e0874d9f23ee955a1146d3b2ca9832cb391afbe37da4d794e04
2023-04-02 21:42:42,False,3.443e-05,1.106e-08,37984.4,0.0042,0x20...946b,https://bscscan.com/tx/0x30d96b8a89d50e0874d9f23ee955a1146d3b2ca9832cb391afbe37da4d794e04
2023-04-02 21:42:36,False,3.444e-05,1.107e-08,14026102.0,1.5529,0xfa...ce4c,https://bscscan.com/tx/0x5f94a86f497448dd313c3f9a4776f639c16898878d53663de9f73712990cc95c
2023-04-02 21:42:36,False,3.445e-05,1.107e-08,18017.0,0.002,0xfa...ce4c,https://bscscan.com/tx/0x5f94a86f497448dd313c3f9a4776f639c16898878d53663de9f73712990cc95c
2023-04-02 21:42:33,False,3.464e-05,1.107e-08,6652930.0,0.7367,0x05...7066,https://bscscan.com/tx/0x5e521d931a02e0d872a13faa75ce0f6781436b4fe12a5fb49013c347728a13db
2023-04-02 21:42:33,False,3.464e-05,1.107e-08,15784.1,0.0017,0x05...7066,https://bscscan.com/tx/0x5e521d931a02e0d872a13faa75ce0f6781436b4fe12a5fb49013c347728a13db
2023-04-02 21:42:09,False,3.466e-05,1.107e-08,5828411.0,0.6455,0x05...7066,https://bscscan.com/tx/0xf3ef2b99949def7a01dcb19745a25f2531be2ecbac0301024ca970dd02e3d7f7
2023-04-02 21:42:09,False,3.466e-05,1.107e-08,30053.5,0.0033,0x05...7066,https://bscscan.com/tx/0xf3ef2b99949def7a01dcb19745a25f2531be2ecbac0301024ca970dd02e3d7f7
2023-04-02 21:42:06,True,3.483e-05,1.113e-08,898288.0,0.1,0xbe...1378,https://bscscan.com/tx/0x2e337bddb27be677c007887d9a5d727774dde21627fc297eba9fb2603496206e
2023-04-02 21:40:03,False,3.455e-05,1.107e-08,10201929.0,1.13017,0x05...7066,https://bscscan.com/tx/0x8e2462f54ae2e253860fbe05ca5b573b71490a224c92f5a601640d4da60781dc
2023-04-02 21:40:03,False,3.456e-05,1.107e-08,1305.24,1.446e-05,0x05...7066,https://bscscan.com/tx/0x8e2462f54ae2e253860fbe05ca5b573b71490a224c92f5a601640d4da60781dc
2023-04-02 21:40:00,False,3.456e-05,1.107e-08,481973.0,0.0534,0xb0...76aa,https://bscscan.com/tx/0xb7191a9abcb72fffa0bc7fc977404bec80a5cd74ee1021db8d596b1fcb082363
2023-04-02 21:40:00,False,3.456e-05,1.107e-08,80991.9,0.0089,0xb0...76aa,https://bscscan.com/tx/0xb7191a9abcb72fffa0bc7fc977404bec80a5cd74ee1021db8d596b1fcb082363
2023-04-02 21:39:15,True,3.49e-05,1.113e-08,19833041.0,2.20789,0xd9...4cb6,https://bscscan.com/tx/0x3f05122c20697096da25961262d457cb5323c5200ac45ebedc4d643434602b3d
2023-04-02 21:36:45,False,3.474e-05,1.107e-08,10133485.0,1.12233,0x58...2410,https://bscscan.com/tx/0x43886fe6221122b7b4de61d71cb36a4a0913aa754c73af7aa856dce7727eb252
2023-04-02 21:36:45,False,3.475e-05,1.107e-08,27540.0,0.003,0x58...2410,https://bscscan.com/tx/0x43886fe6221122b7b4de61d71cb36a4a0913aa754c73af7aa856dce7727eb252
2023-04-02 21:35:12,False,3.475e-05,1.107e-08,9970000.0,1.1045,0x58...2410,https://bscscan.com/tx/0x2275526d2d8c8ea1a192a53fc2c241e7638843625acc9254ce1f9c30222f2f9b
2023-04-02 21:35:12,False,3.476e-05,1.107e-08,38165.2,0.0042,0x58...2410,https://bscscan.com/tx/0x2275526d2d8c8ea1a192a53fc2c241e7638843625acc9254ce1f9c30222f2f9b
2023-04-02 21:33:45,True,3.495e-05,1.113e-08,870955.0,0.0969,0xdb...30af,https://bscscan.com/tx/0x258f0da3de2282a2dab748a933908c7c50dfabfd1f49f1ab6c857f2fb35b86c5
2023-04-02 21:32:39,True,3.495e-05,1.113e-08,10355843.0,1.15297,0x0e...c17d,https://bscscan.com/tx/0x2990503605529abf749857ad3ad5b9bf9e4b5d02deef2e09c06d801da1c6f16d
2023-04-02 21:29:15,False,3.46e-05,1.107e-08,2899731.0,0.3212,0x1d...3f98,https://bscscan.com/tx/0x7f016c5208df3a066d509ff937f849a3707ec12748e00f4af90cac85a3584ab5
2023-04-02 21:29:15,False,3.461e-05,1.107e-08,1363.84,1.51e-05,0x1d...3f98,https://bscscan.com/tx/0x7f016c5208df3a066d509ff937f849a3707ec12748e00f4af90cac85a3584ab5
2023-04-02 21:23:09,False,3.461e-05,1.107e-08,304212.0,0.0337,0x43...7f08,https://bscscan.com/tx/0x3f83d962d247a84f0d5edb73e82fe45fc2abc10127a08e91f2f3a7db8c59ea43
2023-04-02 21:23:09,False,3.461e-05,1.107e-08,25727.6,0.0028,0x43...7f08,https://bscscan.com/tx/0x3f83d962d247a84f0d5edb73e82fe45fc2abc10127a08e91f2f3a7db8c59ea43
2023-04-02 21:22:06,False,3.479e-05,1.107e-08,9500144.0,1.05249,0xa0...8d31,https://bscscan.com/tx/0xb3866f4c30552a2660270cd251b93e31ef366dd85d11a0249e109dc706bef549
2023-04-02 21:22:06,False,3.479e-05,1.107e-08,129948.0,0.0144,0xa0...8d31,https://bscscan.com/tx/0xb3866f4c30552a2660270cd251b93e31ef366dd85d11a0249e109dc706bef549
2023-04-02 21:21:18,True,3.496e-05,1.112e-08,46730678.0,5.20076,0xf3...19f4,https://bscscan.com/tx/0x399a3b33bd73ef0021a430ce615337451bcf1f52fdc27f6a37ba92097ca2b104
2023-04-02 21:20:30,False,3.476e-05,1.106e-08,1394154.0,0.1543,0x69...8fbf,https://bscscan.com/tx/0x2c45f9ea667a141013101b3043ed6386d57cbb5d6e9535d2fbb3cf619c7082c4
2023-04-02 21:20:30,False,3.476e-05,1.106e-08,33834.1,0.0037,0x69...8fbf,https://bscscan.com/tx/0x2c45f9ea667a141013101b3043ed6386d57cbb5d6e9535d2fbb3cf619c7082c4
2023-04-02 21:19:30,True,3.476e-05,1.112e-08,449512.0,0.05,0xc1...a4ff,https://bscscan.com/tx/0x40bc586341eb174cdd91819b52ab3e3fc14958b1320fcf23cac7b2890fba4771
2023-04-02 21:17:20,False,3.476e-05,1.106e-08,12045383.0,1.33333,0x3d...4dd5,https://bscscan.com/tx/0x3d7c485789b466b489541f7354765a769e55e0996e90346202339fd27aef33af
2023-04-02 21:17:20,False,3.477e-05,1.107e-08,2394.8,2.651e-05,0x3d...4dd5,https://bscscan.com/tx/0x3d7c485789b466b489541f7354765a769e55e0996e90346202339fd27aef33af
2023-04-02 21:16:49,True,3.477e-05,1.112e-08,36962.3,0.0041,0xe2...cfb0,https://bscscan.com/tx/0xdbb35f1d54636340fce9aa5235fc9b950a71d34dd7f9f588ac247d1206787612
2023-04-02 21:16:44,False,3.46e-05,1.107e-08,847450.0,0.0938,0x6c...6629,https://bscscan.com/tx/0xe1a621a1e793aec5241fdd6986a3b8a5927d85de3169447d39250fdd4613b5fa
2023-04-02 21:16:44,False,3.46e-05,1.107e-08,587.391,6.503e-06,0x6c...6629,https://bscscan.com/tx/0xe1a621a1e793aec5241fdd6986a3b8a5927d85de3169447d39250fdd4613b5fa
2023-04-02 21:14:50,False,3.477e-05,1.107e-08,216899.0,0.024,0xf2...33fa,https://bscscan.com/tx/0x01be6065d4721ac77cdd627a4908b54b957b8adafc682ffccb054eccd6d048d3
2023-04-02 21:14:50,False,3.477e-05,1.107e-08,693.462,7.677e-06,0xf2...33fa,https://bscscan.com/tx/0x01be6065d4721ac77cdd627a4908b54b957b8adafc682ffccb054eccd6d048d3
2023-04-02 21:13:23,False,3.478e-05,1.107e-08,256067.0,0.0283,0x08...1ae4,https://bscscan.com/tx/0xe2e2799fbf612029b8a73fe040d105f666b474c1cabf2332e5815dad0ad12e4c
2023-04-02 21:13:23,False,3.478e-05,1.107e-08,6443.81,7.134e-05,0x08...1ae4,https://bscscan.com/tx/0xe2e2799fbf612029b8a73fe040d105f666b474c1cabf2332e5815dad0ad12e4c
2023-04-02 21:09:32,True,3.495e-05,1.112e-08,696049.0,0.0774,0xe5...5fc0,https://bscscan.com/tx/0xe191471f5cdac4de779bb3a18b05839e8bbb0c30123489ebafcd265d2ed4d30a
2023-04-02 21:08:53,False,3.478e-05,1.107e-08,1685475.0,0.1866,0x76...714b,https://bscscan.com/tx/0xa23235ef1592e7ac3ea5c4ba92df9cfe2818478b0707b84b8a25e7b921b595e1
2023-04-02 21:08:53,False,3.478e-05,1.107e-08,17162.6,0.0019,0x76...714b,https://bscscan.com/tx/0xa23235ef1592e7ac3ea5c4ba92df9cfe2818478b0707b84b8a25e7b921b595e1
2023-04-02 21:07:38,True,3.495e-05,1.112e-08,1464422.0,0.1629,0xfa...306c,https://bscscan.com/tx/0x981969f8268247b030618ea8eaf8464b828c69cf36dfc30caae9e461a6c753fd
2023-04-02 21:07:23,True,3.476e-05,1.112e-08,314428.0,0.0349,0xad...79ff,https://bscscan.com/tx/0x6490309782f504fe873f3a97f291568d0825753ff86c75f41f14bf934b8251db
2023-04-02 21:02:32,True,3.478e-05,1.112e-08,3685034.0,0.41,0x5b...096e,https://bscscan.com/tx/0xd6720cffa4e71a2a675288db1084e0eb8477e0662c7e05781f1bbdda1dbebf19
2023-04-02 21:00:17,False,3.462e-05,1.107e-08,889975.0,0.0985,0x3e...d983,https://bscscan.com/tx/0xf806cdc765143c7df7131b64a305896db0aeeeacf07c7499fe98576a27655cf0
2023-04-02 21:00:17,False,3.462e-05,1.107e-08,8705.05,9.636e-05,0x3e...d983,https://bscscan.com/tx/0xf806cdc765143c7df7131b64a305896db0aeeeacf07c7499fe98576a27655cf0
2023-04-02 20:59:17,True,3.479e-05,1.112e-08,60000.0,0.0066,0x26...208d,https://bscscan.com/tx/0xdbfa11596ae408d036d72d4239dd0c981a1943dfc113073a14d2ec7099606654
2023-04-02 20:57:56,True,3.497e-05,1.112e-08,307503.0,0.0342,0x9d...c141,https://bscscan.com/tx/0x219f42667f3e6a656a5ca2caf74b88f5be9043f2676f3558210e06b4f871401a
2023-04-02 20:57:53,False,3.479e-05,1.107e-08,2763893.0,0.3059,0xe4...bfb3,https://bscscan.com/tx/0x55f917a614cf5251183522a1825bf0d69555447cc94027765dde1aa4d01b5d6e
2023-04-02 20:57:53,False,3.48e-05,1.107e-08,5400.0,5.978e-05,0xe4...bfb3,https://bscscan.com/tx/0x55f917a614cf5251183522a1825bf0d69555447cc94027765dde1aa4d01b5d6e
2023-04-02 20:56:47,False,3.463e-05,1.107e-08,1994000.0,0.2207,0x18...0999,https://bscscan.com/tx/0x69f4d652f65d74410972ce1f9b51a037e0dacd0de1559032228b1973987ec0b9
2023-04-02 20:56:47,False,3.463e-05,1.107e-08,50645.9,0.0056,0x18...0999,https://bscscan.com/tx/0x69f4d652f65d74410972ce1f9b51a037e0dacd0de1559032228b1973987ec0b9
2023-04-02 20:55:26,False,3.464e-05,1.107e-08,18701469.0,2.07099,0xfa...ce4c,https://bscscan.com/tx/0x43497e0ce9d4373de1822e25b5b27a4ccc0d72e347e8f500f91056dfcfcbb9b3
2023-04-02 20:55:26,False,3.464e-05,1.107e-08,5083.29,5.63e-05,0xfa...ce4c,https://bscscan.com/tx/0x43497e0ce9d4373de1822e25b5b27a4ccc0d72e347e8f500f91056dfcfcbb9b3
2023-04-02 20:54:50,True,3.499e-05,1.113e-08,1250907.0,0.1392,0x9d...c141,https://bscscan.com/tx/0x7c018a885d8d3d3a92a82b415630998156e63b01b84bdbd402b98090e08cae90
