datetime,buy_order,price_USD,price_native,amount_token,total_native,maker,etherscan_url
2023-03-26 19:29:11,True,0.4413,0.0002502,17.9408,0.0044,0xc9...3a14,https://etherscan.io/tx/0x4f8626bdc55f2bc353f4b16cc0c8b038b662cb87673adee30ecb46a49e35b2da
2023-03-26 19:11:23,True,0.4379,0.0002488,6806.74,1.69416,0xe6...4540,https://etherscan.io/tx/0x97f1a3bfcf2ea65279c4028ab10fc2954fbcdbfa5aad6a6c54961bf5492f7e28
2023-03-26 19:11:11,True,0.4308,0.0002448,11692.5,2.86276,0x11...cdfb,https://etherscan.io/tx/0xf1ee44b0cdd2a6e10e58f38d1c2e93c9d06f1fe719b2b1de57e7bc7e50e6e4d4
2023-03-26 19:11:11,False,0.4261,0.0002421,6000.0,1.45306,0x65...ed08,https://etherscan.io/tx/0xb46cf2ca2e9b4b5c6e65aab1534bbf29194e4f25d21e14705991b70fada85126
2023-03-26 19:11:11,False,0.4326,0.0002459,11692.5,2.87521,0x11...7f80,https://etherscan.io/tx/0x9ef0a71b9b94c05afe78c08d3d8104751d66743d5c74c4975687eaa2815addb0
2023-03-26 18:38:23,True,0.4402,0.0002498,87.2656,0.0218,0x13...d336,https://etherscan.io/tx/0x6dc8ee551d553bd6667db1343310958835241f1831aaaaa6ee19b727ca6190db
2023-03-26 18:31:35,False,0.4378,0.0002484,189.332,0.047,0xf5...72a2,https://etherscan.io/tx/0xfaa81ec5c85c024c0566256bee8e4c1ac267baedbad7c60a7cb5babaea0c91a7
2023-03-26 18:30:11,True,0.4403,0.0002498,337.209,0.0842,0xb9...2c6e,https://etherscan.io/tx/0x09ec4d6e4c8c0f65391f8e5a02ff6dfaf18da7db1fec6e434665f87dab5918ae
2023-03-26 18:21:59,True,0.44,0.0002497,426.276,0.1064,0xd2...a5c7,https://etherscan.io/tx/0x664ab562fd963503c10c1c5b8a5514c770195c4534c9d71d0379ea82b4d401d7
2023-03-26 18:17:35,True,0.44,0.0002495,198.598,0.0495,0xd9...d2fd,https://etherscan.io/tx/0x110475a5a187e3f53d668fb08b9b4ad1abdbc9274688c2e8793d95a4b88ea844
2023-03-26 18:08:59,True,0.4401,0.0002494,108.314,0.027,0xbe...8ac6,https://etherscan.io/tx/0x3340ca0fa286c6a968db8a4c0304aac8e91afbcb20b8903724a0bf68735b6e53
2023-03-26 17:44:59,True,0.4399,0.0002494,22.4721,0.0056,0x35...fc93,https://etherscan.io/tx/0x4febe6dda81a75401ca546a4bf4ad5cd508b0696f333fd7c6c70a46aec1b62db
2023-03-26 17:37:59,True,0.4389,0.0002488,3065.96,0.7628,0x91...d728,https://etherscan.io/tx/0x8bb93313fce992d00756386f4eaffd5cf32b0fd962d49890d4b0bb862e7c143d
2023-03-26 17:37:59,False,0.4366,0.0002475,4000.0,0.99,0x65...ed08,https://etherscan.io/tx/0x65636201a7e054a0b63e698154a9420305dcea1cfae52608030316b58ec3ad22
2023-03-26 17:37:35,True,0.4384,0.0002485,6794.38,1.6886,0xae...674b,https://etherscan.io/tx/0xebcfdb8d8650dab1a3f87f6a04ad2cdbc4c1865cfdf4e4e6431195c4c77edbbd
2023-03-26 17:37:23,True,0.4315,0.0002444,11720.0,2.86488,0x11...041f,https://etherscan.io/tx/0x9facda2f6eab91ab79a6e73e5d03d8cf7ca3383cb0ae4d58c4abab43415a4133
2023-03-26 17:37:23,False,0.4268,0.0002417,6000.0,1.4507,0x65...ed08,https://etherscan.io/tx/0xe3a6daffa603a933ba1d5e41141a98f469a8ecad02ba2f2c6845979a9a3465df
2023-03-26 17:37:23,False,0.4334,0.0002455,11720.0,2.87731,0x11...cdfb,https://etherscan.io/tx/0x39edbf065a17d68bc488462dda11b748f15d561db5ef74b8ab31f3575f2edd72
2023-03-26 17:36:59,True,0.4389,0.0002486,4520.51,1.12413,0xe6...4540,https://etherscan.io/tx/0x8a39163c62593169fc95902906bebb81cbf0d5bba4c3e06b3d8370be62390910
2023-03-26 17:36:47,True,0.4325,0.000245,11692.5,2.86526,0x11...c2bf,https://etherscan.io/tx/0x062b227619486975a5cbb03c1ca0d3ec0c4b28dc40b0c5bbff84a0d3d9a0571f
2023-03-26 17:36:47,False,0.4278,0.0002423,6000.0,1.45433,0x65...ed08,https://etherscan.io/tx/0xe2101485dce75eea01fc83df29f7dd77c700dfc45a35c6a0361423e26b288687
2023-03-26 17:36:47,False,0.4344,0.0002461,11692.5,2.87774,0x11...48d5,https://etherscan.io/tx/0x8b2e70f6baca00982a11ac29508aec696787f5c49d44f2f0da278629cdf83841
2023-03-26 17:36:11,True,0.4393,0.0002489,5311.01,1.32222,0x91...d728,https://etherscan.io/tx/0xb8204961a72d2b2055ff2ce4da5495758de211e4774b0a7343f63a5ac4de37a9
2023-03-26 17:36:11,False,0.4362,0.0002471,4000.0,0.9887,0x65...ed08,https://etherscan.io/tx/0xb61e6ea77d2deb8d31043961427679631bc02ac8b2fc969976f9bcf14b7dffce
2023-03-26 17:35:11,False,0.4393,0.0002486,3000.0,0.746,0x65...ed08,https://etherscan.io/tx/0xb13fc337b27d0d3c25269b54c6584caec43ea148cc93e36e110216feed764e8e
2023-03-26 17:15:47,True,0.442,0.0002501,3275.0,0.8192,0x91...d728,https://etherscan.io/tx/0x4ef7d44e851d9cfeb276bc4dfeed92d5aadd7cd0da6c1ae51cb3dfd0d0a9f6ee
2023-03-26 17:15:35,True,0.4364,0.0002469,11637.5,2.87361,0x11...cdfb,https://etherscan.io/tx/0x4a1bb5f8d13ae2e83f47964ec92cb577527c3e3bd08357edda66e5f2e5149808
2023-03-26 17:15:35,False,0.4316,0.0002442,6000.0,1.46549,0x65...ed08,https://etherscan.io/tx/0x53a2abe57cf60db8066ec991662a45061ca8a5d72a479f5e64b4e84f5c43715a
2023-03-26 17:15:35,False,0.4383,0.000248,11637.5,2.88623,0x11...7f80,https://etherscan.io/tx/0x46b2ecc0fece46898c7efaf6308c6283c6cb9200547f8d7b018453d46e444451
2023-03-26 17:14:47,False,0.4429,0.0002506,333.813,0.0836,0x01...79a7,https://etherscan.io/tx/0x145d8f26d84842b0d2ec99b6f8d0018ed40ffcaf843db580b5e5b90d38e66610
2023-03-26 17:12:59,True,0.4456,0.0002521,39.3082,0.0099,0xdd...bbf7,https://etherscan.io/tx/0x646f2429b126faa5c30a7b8fedbaf0d6152b30ebbc4095e926a3538851f74a68
2023-03-26 17:12:59,True,0.4456,0.0002521,131.003,0.033,0x69...24e4,https://etherscan.io/tx/0x6ff1ba5d1ca14815ac96ad069d91ae3445dc37535ee401fefebaae53f2cdb812
2023-03-26 17:06:35,True,0.4448,0.000252,267.58,0.0674,0xfb...45e9,https://etherscan.io/tx/0x2562b9aee3c4719c68826fbb487d9233c476538efed408c2e12b1ec1f2113630
2023-03-26 16:59:35,False,0.4414,0.0002505,234.072,0.0586,0xaf...5b87,https://etherscan.io/tx/0x927adf3d3fd71dcb9b4e8111a64ed4d905087fbb7f6c4613b0e9009e81a49489
2023-03-26 16:48:47,False,0.4442,0.0002506,500.0,0.1253,0x99...e75a,https://etherscan.io/tx/0x29e687a245b5a3851cbab84dd9ec96481714c5c3a34d43bb897841b93edf4b3f
2023-03-26 16:28:59,True,0.4482,0.0002514,4433.33,1.11485,0xe6...4540,https://etherscan.io/tx/0xc3aba7914659a93cdec082a1c2f24a94f75712fadc5042de3972b9fbb782cf81
2023-03-26 16:28:35,False,0.4461,0.0002501,6000.0,1.50103,0x65...ed08,https://etherscan.io/tx/0xb783d62b770cd22942c74581a0c6c4cb5de2b9c7028bcd62fba88b30e2764ec5
2023-03-26 16:28:11,True,0.4491,0.0002516,6639.67,1.67095,0xe6...4540,https://etherscan.io/tx/0xd498dc91488d3642d5cdb66d71c6d14205ad51a1cc0a48b98dd411d69105238a
2023-03-26 16:27:59,False,0.4471,0.0002505,9000.0,2.25487,0x65...ed08,https://etherscan.io/tx/0xa462c88417b5c2f3caf8f799be202a25bb5c2bd75733669f92ebf46282cc0368
2023-03-26 16:17:23,True,0.4541,0.0002539,326.708,0.0829,0xbf...56d2,https://etherscan.io/tx/0x9f0ebc50f856814328d6ecd995cbc0171dfd1adf1365407ca69ec8de5bea112d
2023-03-26 16:16:23,True,0.4516,0.0002525,6592.93,1.66521,0xe6...4540,https://etherscan.io/tx/0x9f67d798461f456ead99cae9623f786f1f93d4a3377acb4bacf67331d6bb92f8
2023-03-26 16:16:11,False,0.4484,0.0002507,6000.0,1.50469,0x65...ed08,https://etherscan.io/tx/0xa24b34c2ae9b4a6edde3894481a3f204e5f9b3b707bc52c4e57261035c5ea356
2023-03-26 16:01:11,True,0.4554,0.0002535,108.885,0.0276,0x12...8c3a,https://etherscan.io/tx/0x33e0ab2e11c12954f738ecf71b45d3f6d51908eb342c8a67525723239c35d775
2023-03-26 15:54:23,True,0.4528,0.0002527,3812.98,0.9636,0x5e...822f,https://etherscan.io/tx/0xdaf46727c31bed8183e6332d800dba4996ac548d8490e3bf09f475f55a8ab4fe
2023-03-26 15:44:23,False,0.4481,0.0002503,0.7897,1.977e-05,0x7f...b14d,https://etherscan.io/tx/0x7da8d1c8c5df9a8029c56a37e3dcd01471472b53c3812e79d08a0d6eb07753fb
2023-03-26 15:44:23,True,0.4508,0.0002518,47.5741,0.0119,0xec...cda3,https://etherscan.io/tx/0x65e97cef2f2b49f7d3c356560d59b01639292bfabd6c9122286ec1917977946f
2023-03-26 15:41:11,True,0.449,0.0002508,4664.99,1.17013,0x91...d728,https://etherscan.io/tx/0xe753f1d2ee06e9e4d93ef35d3b67806615420f888deea97256e616e306f60ce6
2023-03-26 15:40:59,False,0.4463,0.0002493,4600.0,1.14685,0x65...ed08,https://etherscan.io/tx/0xaf878b2c28b649e2de7cbcbaa6caf3afac44730450bf7dbfd4628d20bb5a2890
2023-03-26 15:40:47,True,0.4505,0.0002518,22.1143,0.0055,0x45...549b,https://etherscan.io/tx/0x661db09aa8be5cb7bf89255865b1f4ede5e328736310e4447dc1e8ea568474cd
2023-03-26 15:40:47,True,0.4491,0.000251,3622.96,0.9094,0x91...d728,https://etherscan.io/tx/0xf9fb009b80b5977c56e5ccfa483ed217e8c5730ec5777713bc4c2bf65e5f51af
2023-03-26 15:40:11,True,0.4472,0.00025,9099.98,2.275,0x84...31dc,https://etherscan.io/tx/0x1d05fdfe8633b744b746c91210c610f80cf77db99d41ac90ae8d78ed8ceb7bfb
2023-03-26 15:39:47,False,0.445,0.0002484,9000.0,2.23633,0x65...ed08,https://etherscan.io/tx/0x05c8640abfd18dfc0d9df021d6e2e2dfa936e5e3ad4b10f07d2115d90e263ff0
2023-03-26 15:39:11,True,0.446,0.0002508,4986.06,1.25072,0x5e...822f,https://etherscan.io/tx/0x47191cb7b2331863cdb2751ec9a9aeca0162f1ed1f7842606fdc3bde9b964b03
2023-03-26 15:39:11,False,0.4437,0.0002495,6000.0,1.49737,0x65...ed08,https://etherscan.io/tx/0x209848c0662299cce0170bca762b3634476d58a654392a2f65e28e9f0dddd079
2023-03-26 15:38:23,True,0.4459,0.0002511,6656.3,1.67148,0xae...674b,https://etherscan.io/tx/0x5f0081bda6d7af18dcddb55e96ea473688483d600c80d8a71387f8eeb89f33fc
2023-03-26 15:38:11,False,0.4427,0.0002492,6000.0,1.4956,0x65...ed08,https://etherscan.io/tx/0x9f22a7a5be86fcdd73fbadbb5e78e474ca8e46fc882d0205a0961f0ac5aeb998
2023-03-26 15:37:11,True,0.4456,0.0002508,6650.54,1.6684,0x31...8903,https://etherscan.io/tx/0x2961de2709c39b942ff144a99a2cbb92d4deb9d50adad1627a850f83ae18220e
2023-03-26 15:36:59,False,0.443,0.0002494,8000.0,1.99528,0x65...ed08,https://etherscan.io/tx/0x2831e6a4fe214266437f7c1ab52f39f2d942097a8f2f9efde004f84a6eba10f4
2023-03-26 15:36:35,True,0.4465,0.0002513,6659.09,1.67385,0xcc...437d,https://etherscan.io/tx/0x5f465259e4ce259da41c63ff7c0c952a77226feb99f2b1ba41e172bcb57d6594
2023-03-26 15:36:23,True,0.4391,0.0002472,11637.5,2.87712,0x11...14b1,https://etherscan.io/tx/0xb32831e0a7e93f3c659256184bbe8ea413520161391e7598acb62b90df5a53d5
2023-03-26 15:36:23,False,0.4351,0.0002449,8000.0,1.95977,0x65...ed08,https://etherscan.io/tx/0x8a8166160855c1fceac959f38b4c8a3dc5b3aeb364e3eaf17f32141bd3921714
2023-03-26 15:36:23,False,0.4426,0.0002491,11637.5,2.89987,0x11...c2bf,https://etherscan.io/tx/0xa62842e3f93267667f5f127972eae51987e3c7b10aee8bc2386a3203baa0f3ed
2023-03-26 15:35:59,True,0.4472,0.0002519,6654.14,1.67619,0xe6...4540,https://etherscan.io/tx/0x3f66848c195960bfc80dcc3d69a33dc6bbf8f70d6db80654f9c13c0cacd4aabc
2023-03-26 15:35:47,False,0.444,0.0002501,6000.0,1.50065,0x65...ed08,https://etherscan.io/tx/0x6cc3cb88944cf7f538983e752b4e69e277cd45b8e8ac972703850248165fc51a
2023-03-26 15:35:35,True,0.4467,0.0002516,6658.77,1.67547,0x31...8903,https://etherscan.io/tx/0xca5cb06f46ad99419703833fc40ba53c0fe1bbc14f0167b32193a9c230416cd8
2023-03-26 15:35:23,True,0.4393,0.0002474,11610.1,2.87341,0x11...14b1,https://etherscan.io/tx/0x2bdf65880218ac843c2051e0a51eed34413977428233c9f2d17fe9cab35e439c
2023-03-26 15:35:23,False,0.4353,0.0002452,8000.0,1.96192,0x65...ed08,https://etherscan.io/tx/0x7b0aeb30e3e9bbd32ec8ca0d9bcd610cd1a2b58cb0c1d0ba2bbce11c73078b24
2023-03-26 15:35:23,False,0.4428,0.0002494,11610.1,2.89616,0x11...c2bf,https://etherscan.io/tx/0xda703db11c25118dd5769b74ead75552b8fa0042521aa79a02c040efd7c2946e
2023-03-26 15:35:11,True,0.4476,0.0002521,6664.0,1.68016,0xc1...0e75,https://etherscan.io/tx/0x8e602222c350a1bc7cd09dee054c67c364d697b9a3cf3d640ba8138043fec412
2023-03-26 15:34:59,True,0.4403,0.000248,11610.1,2.87979,0x11...cdfb,https://etherscan.io/tx/0x0bad14a1ce88e4a07a79b3e55b41cc39bddc87a84f007a1983ab9338343f88d3
2023-03-26 15:34:59,False,0.4355,0.0002453,6000.0,1.47214,0x65...ed08,https://etherscan.io/tx/0xbb64a52e1c365ff98b2c6661f357af9e61104695f8b92a755bfcff1046509ed3
2023-03-26 15:34:47,True,0.447,0.0002518,6663.04,1.67798,0x49...96b8,https://etherscan.io/tx/0x4a97db3118552d04a7e5910454b35bd522c83544c11374347faf689e11a38160
2023-03-26 15:34:35,False,0.4439,0.00025,6000.0,1.50034,0x65...ed08,https://etherscan.io/tx/0xd53b1055b51e8b0087a128445b079a02a853c8a9645819095d1daccc1723c081
2023-03-26 15:33:59,True,0.4466,0.0002515,6658.8,1.6752,0xcc...437d,https://etherscan.io/tx/0xfd7de5dc6164439145fa4822ce8f6a5eda65a568dbad64b581083b235874677b
2023-03-26 15:33:47,False,0.4352,0.0002451,8000.0,1.96151,0x65...ed08,https://etherscan.io/tx/0x897c0ee0e67524efdb338ecb52a6c7784fd25963a38535c0b2058d9fa99be21f
2023-03-26 15:33:47,False,0.4427,0.0002494,11610.1,2.89555,0x11...14b1,https://etherscan.io/tx/0x63a2ad167b0c23580e58d0940e97bb1972bd49e8cda20bee4d27ec2f44ee6bfb
2023-03-26 15:33:23,True,0.4475,0.000252,6657.62,1.67833,0xe6...4540,https://etherscan.io/tx/0x30ead0e33f69784933c65f42fbcafdec760d2c1fa61b730e95c6cfcaf878acf0
2023-03-26 15:32:47,False,0.4453,0.0002507,8000.0,2.00608,0x65...ed08,https://etherscan.io/tx/0x6c13469f639233281a24a50ed4502156e5f67e088921918d78627e3f54328e0c
2023-03-26 15:28:47,True,0.4499,0.0002533,3082.04,0.7808,0x91...d728,https://etherscan.io/tx/0xa55bf72f4a4903e2450e31dd90666efa05e3a0741aec4fc206f23e38324587c1
2023-03-26 15:09:35,True,0.447,0.0002519,3084.03,0.7771,0x91...d728,https://etherscan.io/tx/0xd025b86fa20439644138cc6ae619c561f317e41f29fb7e03c53a8fe89d87d15c
2023-03-26 14:43:59,True,0.4455,0.0002511,697.766,0.1752,0x9c...a8f9,https://etherscan.io/tx/0x4b5dc1ea9b0af1e985f756595cf7b1540afde5b1f38ca321e687f9cb9e25010d
2023-03-26 14:27:23,False,0.4425,0.0002495,275.0,0.0686,0x94...7ed7,https://etherscan.io/tx/0x1f894f61519bf0d9f67a72f9cec2a369ec746818c48d32f5ec6abcd4f3f45964
2023-03-26 14:23:23,True,0.4454,0.000251,201.349,0.0505,0xdd...50ad,https://etherscan.io/tx/0x0d09af913d8337f4124d57b343f502d2a0f130067c55c70d60fff9d5061b038b
2023-03-26 14:18:59,True,0.4447,0.000251,23.8176,0.0059,0x17...bee6,https://etherscan.io/tx/0xb4e21dee66320f16e146f1a3892e80fa6f27ccfc4e83a5c9b64cc850719f5a3b
2023-03-26 14:18:35,True,0.4433,0.00025,4648.97,1.16226,0x91...d728,https://etherscan.io/tx/0xfd9c7555a8b02ee382e1197b4f118de1c874234cf852d6536a242f7067c860a7
2023-03-26 14:18:35,False,0.4404,0.0002483,4000.0,0.9934,0x65...ed08,https://etherscan.io/tx/0x001f159cdfb7cf838af4f4aa1816489c64fbf266f97fd5c849678797d054b1be
2023-03-26 14:16:59,True,0.4433,0.0002499,4473.34,1.118,0x49...96b8,https://etherscan.io/tx/0xee87bf3bb3db8c1be5b5893b35fb77968c2129d39a47e16cccb6347e456c5666
2023-03-26 14:16:47,False,0.4424,0.0002494,10000.0,2.49459,0x65...ed08,https://etherscan.io/tx/0x1d8f636ca671f0e6ef5de136ea4487da227008cd2f14f83560e32d875385a506
2023-03-26 14:06:11,True,0.4497,0.0002528,1408.44,0.3561,0x65...7f32,https://etherscan.io/tx/0x191c9ab7fc47e59731f6fed707f883469d60b3bda0fcb9b1a83287ea0e0c5bea
2023-03-26 14:03:23,True,0.4483,0.0002518,2961.97,0.746,0x91...d728,https://etherscan.io/tx/0x38ffb43f49b3720de969b60cb2b6f8883c0c54d324273d09ea1a736f8b60d757
2023-03-26 14:01:35,True,0.4441,0.0002496,7008.66,1.75,0x84...31dc,https://etherscan.io/tx/0xe9aeb0d8e6464ef6b13ecd678b47ca024c1894e5d12147ef374b3b8cf8a9b558
2023-03-26 14:01:23,False,0.441,0.0002479,6000.0,1.48786,0x65...ed08,https://etherscan.io/tx/0x2249a7a8fc2c8b259472f10fa522dfa8d4bb43ad73e640aa37968723f611479d
2023-03-26 14:00:11,True,0.4445,0.0002499,4470.44,1.11725,0xc1...0e75,https://etherscan.io/tx/0xc6711931b0b35d22b0f9cf4af252128e87a60951463c6aa9ac26361929cc8ede
2023-03-26 13:59:59,True,0.4381,0.0002463,11665.0,2.87334,0x11...48d5,https://etherscan.io/tx/0xfd8775028e16079b5fe4eb44bf1b10008a1e5955e7e349276a42e009f06a105b
2023-03-26 13:59:59,False,0.4334,0.0002436,6000.0,1.46187,0x65...ed08,https://etherscan.io/tx/0x87106870d2383ab89c08d087c29d4d2b10a64edf08a555a76f92bbd82245eea2
2023-03-26 13:59:59,False,0.44,0.0002474,11665.0,2.88595,0x11...041f,https://etherscan.io/tx/0x70e928f0e5822c71af77dbd052f4eb6752e2537e06795539046c3582c0ba8411
2023-03-26 13:40:47,True,0.4445,0.0002514,47.7663,0.012,0x99...4ce4,https://etherscan.io/tx/0x9a71bc9e378612a4c4dc6a073cf9b554728a3b906c34694389d7ebdf201bd8e5
2023-03-26 13:30:11,True,0.4447,0.0002513,211.958,0.0532,0xaa...dc43,https://etherscan.io/tx/0x62c87edeaab3c6ef0740e95a954d416ad5523fa717fa3fa4d4188f6768af400a
2023-03-26 12:43:35,True,0.4446,0.0002513,22.8778,0.0057,0x89...31cb,https://etherscan.io/tx/0x5bdbbe553bc3ff780cc59207b12737880f66b53b3d02cdb351dfebcc9cc3095e
2023-03-26 12:20:35,True,0.4449,0.0002512,88.7588,0.0223,0xfc...14a2,https://etherscan.io/tx/0x50f3e3bfcaf0afb3320be272e8ab7e34347ee7b38795562f706b0c6a8ffbc400
2023-03-26 12:19:35,True,0.4448,0.0002511,305.007,0.0766,0x5b...af32,https://etherscan.io/tx/0x5253646c37731411d142f981735aee50bb3220642f3c187cc48fe2e97a649ab7
2023-03-26 11:23:23,True,0.4463,0.0002511,2.21416,5.56e-05,0x67...e5f2,https://etherscan.io/tx/0x1de5e87de7a1fe1676dcd3ee58e6f0cd04f00cf1dc365657d33847515e8aa3aa
2023-03-26 11:14:47,True,0.4468,0.0002511,110.949,0.0278,0xde...3b93,https://etherscan.io/tx/0xcfac392261e340a073651f232b9ac66bf2406b3f5a2efafafc375855e406be86
2023-03-26 11:11:23,True,0.4451,0.0002504,3072.98,0.7694,0x5e...822f,https://etherscan.io/tx/0xc874829220002aa4785564324cc99c23a882d10b1121d89603be52a612e8cdbd
2023-03-26 11:05:23,False,0.4412,0.0002486,1950.0,0.4848,0xc4...f9a6,https://etherscan.io/tx/0x664a75994fdf4c75091d30019c4c78663892d08471aa39a61ab096f0fd9e238d
2023-03-26 10:11:47,False,0.4375,0.0002496,2715.02,0.6778,0x91...d728,https://etherscan.io/tx/0x14bb994b684a4946e79d567dc8f5be353a75a20437289f62bc1785f1e2f22441
2023-03-26 09:46:59,True,0.4409,0.0002517,329.133,0.0828,0xc7...8964,https://etherscan.io/tx/0x9ff78553c5d80e53399d9c68422ef4124a9521b64663f9bc280ec3e1fcddfef5
2023-03-26 09:46:59,True,0.4409,0.0002517,329.133,0.0828,0xc7...8964,https://etherscan.io/tx/0x9ff78553c5d80e53399d9c68422ef4124a9521b64663f9bc280ec3e1fcddfef5
2023-03-26 09:08:35,True,0.4409,0.0002516,15.5572,0.0039,0xf6...a5ef,https://etherscan.io/tx/0x25a0df41ffd08742a2e84328220ff794772d931fd25384e36a14ae9dca6529bd
2023-03-26 08:58:11,True,0.4406,0.0002515,112.191,0.0282,0x05...3b0c,https://etherscan.io/tx/0x1aee4234196acdb7577717b889afd974ff65438153ccb04c5e05c8f0cf552827
2023-03-26 08:47:59,True,0.4405,0.0002515,196.178,0.0493,0x08...e32a,https://etherscan.io/tx/0x09f1b034a3e37f47903ed321ee4b5120fcca9a030a07641902969a7f0649adb0
2023-03-26 08:19:35,False,0.4384,0.0002501,590.634,0.1477,0x27...d1a3,https://etherscan.io/tx/0x93541bc0ff371d6f97cf8e5eaf6604f06469ef2e08ec0f94e50e28034993438f
2023-03-26 08:05:47,True,0.4413,0.0002517,89.5008,0.0225,0xb2...b6a8,https://etherscan.io/tx/0xf113f7e6ec9cd4e2c5bc8f5d4e8698dc172a10bfe21543ecb8b74bc28245e041
2023-03-26 08:03:47,True,0.4414,0.0002516,41.455,0.0104,0xaa...e484,https://etherscan.io/tx/0xe9e100ad5f1942c301994e32ff0f1a83ceb2c0f3108f0170f7cde6ebd89e8253
2023-03-26 08:01:11,True,0.4413,0.0002515,482.225,0.1213,0x55...a209,https://etherscan.io/tx/0x0e4ea3e49be0747d7a0e4db200656766686595b45557628675dc3015d5b1b794
2023-03-26 07:57:47,False,0.4381,0.00025,195.526,0.0488,0xd0...2cef,https://etherscan.io/tx/0x14b7b4b97256495f3c297abe77fbd7cfe81414f5cfd737ee8ce2011c7684370d
2023-03-26 07:33:59,True,0.4394,0.0002515,252.246,0.0634,0xab...d259,https://etherscan.io/tx/0x5113cc200cb6c2ad5a73db12167b6ee1da136fa365ee0c08ca7d554945e609f6
2023-03-26 07:24:59,False,0.438,0.0002505,2689.01,0.6736,0x5e...822f,https://etherscan.io/tx/0x1c55a6dc87296e0def4f94f671ecb0eba5c5ed80875b942befd99d4157200f8d
2023-03-26 07:08:47,False,0.4399,0.0002516,2547.99,0.6412,0x91...d728,https://etherscan.io/tx/0xe6db524c0b14f5b86fff0018f7abe57e7c2818f3672b3974a2c0dd1d7727c8ae
2023-03-26 06:57:59,True,0.4432,0.0002537,108.316,0.0274,0x14...945f,https://etherscan.io/tx/0x15ad6c4f8b4d20d35b0c49912f5368a2a21b6d6d41bc9ecff5c54d5bf9f12e5b
2023-03-26 06:47:59,True,0.4433,0.0002536,151.234,0.0383,0x5d...fffa,https://etherscan.io/tx/0x30518a10a0a9ff4abbec8ccc1ea5d0ea00cc686f4a5c6c51000a31def161432d
2023-03-26 06:20:11,True,0.4434,0.0002535,227.321,0.0576,0x01...8210,https://etherscan.io/tx/0x2c9632a22f7b3656fea2613509b45626843f4705312b109977c33cd55f6d3d08
2023-03-26 06:10:59,True,0.4432,0.0002535,81.0026,0.0205,0xbc...01f7,https://etherscan.io/tx/0x19e7d9c2ebd5306a165185355f0f386e47d63d54740d6da18747e25f7ffb3161
2023-03-26 06:08:59,True,0.4432,0.0002534,117.803,0.0298,0xbc...01f7,https://etherscan.io/tx/0x89189bed02ffe7b08413e2d2ce9b6b0518e3bcee48dd71a0e9dc3537656a7027
2023-03-26 06:06:23,False,0.4407,0.0002519,229.588,0.0578,0x39...5e89,https://etherscan.io/tx/0xf84f1e769e29bd099f0bcba94d5f28da38b1d876bce3f06b35432b9a6b378091
2023-03-26 05:59:11,True,0.4434,0.0002535,3.90942,9.912e-05,0xbe...9a32,https://etherscan.io/tx/0x4d1983ec122145dc0945343c3ad77c9303c3eabc40eec5d9e43b7eff7e7cc325
2023-03-26 05:56:59,True,0.4437,0.0002535,89.127,0.0226,0x3e...8fe6,https://etherscan.io/tx/0x44e33aa6de174a347603778bd21bf6c982ec3981116d73d3c738c6286101ae0a
2023-03-26 05:39:59,True,0.4434,0.0002535,11.2214,0.0028,0xe3...ddfb,https://etherscan.io/tx/0x9b9d3eecb4007a7fc6bb00f79bb1cc45f0e249916012fc4ef0b744affd733ed0
2023-03-26 04:22:47,True,0.4438,0.0002533,524.034,0.1327,0xdd...eb0f,https://etherscan.io/tx/0x4c31bc8df893ffe2a8e55dcc323b4108d275275219d6fff0f3ca1d48d02000b9
2023-03-26 04:20:47,False,0.4411,0.0002518,500.0,0.1259,0xf9...52f0,https://etherscan.io/tx/0x33b01c11e39313573d1392337a4ac77be20b894b90726a3175e5933b9f59c015
2023-03-26 03:41:35,True,0.4429,0.0002528,2836.02,0.7171,0x3f...c220,https://etherscan.io/tx/0x6b168f494b3bf28caf70579f62a327817a834157708857c64e6da74671aa4b77
2023-03-26 03:41:11,True,0.4417,0.0002521,335.847,0.0846,0xf4...5c49,https://etherscan.io/tx/0x5cffd4a8131b71f95be661331667c141495276da88473ec88173ff5fde519294
2023-03-26 03:28:11,True,0.4404,0.0002515,2614.04,0.6574,0x91...d728,https://etherscan.io/tx/0x38a42d45863b1c8ae763a8b374ea743dcec153d6fe01e2bcdc75deb4a6cb46da
2023-03-26 03:25:23,False,0.4368,0.0002495,474.391,0.1183,0x6a...1825,https://etherscan.io/tx/0xe612db3c4eaacdbe9cd47ffd041cc219f975ce3445a24f9b026d48f9fcc0f466
2023-03-26 03:16:59,True,0.4391,0.000251,238.954,0.06,0x57...9c52,https://etherscan.io/tx/0x462ecccca549a73a5e94f0d70bb8b2f5b37a01dd0e7fd61ba8540a1a7bef4a06
2023-03-26 03:15:23,True,0.4392,0.000251,4.16169,0.001,0x2c...867a,https://etherscan.io/tx/0x0b5fc08c8a9c495d2d088a58d06ead46b7d541b93730cb13e5dd3496e2fb82ad
2023-03-26 03:13:11,True,0.4391,0.0002508,877.361,0.22,0xda...d63d,https://etherscan.io/tx/0x210741daed3a995c5a07262706616e0642f7d0d6c8cf898aa26fd6f46968a727
2023-03-26 03:09:23,True,0.4387,0.0002506,47.4575,0.0119,0xdc...d08f,https://etherscan.io/tx/0xb8ab42e4f4836462d8da92bb6a8afb30bd75e29ab66133abdb6d33bed6c0c97d
2023-03-26 01:55:11,True,0.4396,0.0002506,121.913,0.0305,0x14...945f,https://etherscan.io/tx/0x51fd31191fadcf6bd8916196e6293d5497e196f2cad0df93fe4cb7a40f2de177
2023-03-26 01:46:47,True,0.4376,0.0002499,3022.97,0.7555,0x5e...822f,https://etherscan.io/tx/0xfedd60b4cd09dedec6dc20ec16691f6755d500e054c06bb00839e68857d2bd6b
2023-03-26 01:45:11,True,0.4362,0.0002492,218.761,0.0545,0xc0...c909,https://etherscan.io/tx/0x5b32982cea3720f4217fe323c93634f9ca3ac8530ee9824ee19929d560474727
2023-03-26 01:42:47,True,0.4347,0.0002485,3025.02,0.7517,0x5e...822f,https://etherscan.io/tx/0x0e12a33716fefb0ccfe69c51b3a7aab15a98d3841ba74ef6d54c6f5b5499ff5d
2023-03-26 01:39:47,False,0.4299,0.0002465,1000.0,0.2465,0x0d...0c3f,https://etherscan.io/tx/0xb740ee6e16419d039c3b728c13dd518bf81d3436f7e0804c3446d1204fc1e337
2023-03-26 01:36:47,False,0.4303,0.0002468,281.75,0.0695,0x99...3007,https://etherscan.io/tx/0xd87d75938efa6d9639dd00c77ecdcc1db7de04e431cb3b13e4ecff7f7b498e06
2023-03-26 01:30:59,True,0.4322,0.0002483,79.8126,0.0198,0x2d...1f04,https://etherscan.io/tx/0x0cdabb069ceb4dd8c82a65c0c6bdb22c5c4eca94a0039af7814ee0bb72a35844
2023-03-26 01:08:59,True,0.4325,0.0002481,1198.52,0.2973,0x99...8ea7,https://etherscan.io/tx/0x4baf9b861f2f5439d2a922f51187740f2c55488cdb7a84de4289666de9c2e8b0
2023-03-26 00:57:35,True,0.4313,0.0002478,37.2006,0.0092,0xf9...78fc,https://etherscan.io/tx/0x98775772ccea13e829a126872a29f3721813f89700157be460d7d229a19bdba9
2023-03-26 00:54:59,False,0.4294,0.0002467,1612.34,0.3977,0x1b...e1f7,https://etherscan.io/tx/0x85fe7435de829121d23db07fbe6f214899cbcac66600074799c0c45b7537c816
2023-03-26 00:48:23,True,0.4326,0.0002485,114.193,0.0283,0x91...0792,https://etherscan.io/tx/0xe19001532c94073f5fc7eba89502aa39cfe82b58d750a8fbeb12abc3d99e0ee4
2023-03-26 00:46:23,True,0.4325,0.0002484,119.686,0.0297,0xc0...c909,https://etherscan.io/tx/0x53a65bdf221eb2feb62c570d850393682bdefba2272129e3690bf023c12f791b
2023-03-26 00:43:59,True,0.4324,0.0002484,79.8046,0.0198,0xc0...c909,https://etherscan.io/tx/0x5cf90004a01906c66fb656a773e97e56ce1d3d7449eccd0ae1575365ce4f3137
2023-03-26 00:33:11,True,0.4319,0.0002483,79.8156,0.0198,0x16...8553,https://etherscan.io/tx/0xb6650b95a349c9798debcbdcf60fcbf7a428fd340323371d66000440b01450eb
2023-03-26 00:18:23,True,0.4311,0.0002481,1156.05,0.2868,0x22...7414,https://etherscan.io/tx/0xa89815f2966dc00316652ba614e4e841b15666244fb7e2b69e6aec02c5808c82
2023-03-26 00:08:47,True,0.4302,0.0002478,225.794,0.0559,0xd7...28db,https://etherscan.io/tx/0x617030b410c414ca2474952114050849e05ca5b37edf529fc1bbc0274f1488de
2023-03-26 00:04:11,True,0.4301,0.0002476,400.205,0.0991,0x7b...7e98,https://etherscan.io/tx/0xe0cccee58950d533ce3c383df61b50ae95358434c426c2f7380d7d5c1e4cbe48
2023-03-25 23:59:35,True,0.4301,0.0002475,248.853,0.0616,0xca...f873,https://etherscan.io/tx/0xae9bf25a58bb2e39ddc294484d880bedf9b4229fba57be466163e22c45b5ee6a
2023-03-25 23:41:47,True,0.4299,0.0002474,345.065,0.0853,0x75...05f7,https://etherscan.io/tx/0x07fee6e32342050a9a03ede013abc6f30183dba44c5a429e170996999c9da775
2023-03-25 23:39:59,True,0.4287,0.0002466,3159.96,0.7794,0x91...d728,https://etherscan.io/tx/0x7bbefe4efb1024fb9a30e2f8e5d3754d9c3756f989d3a077afd27bc3501d2e77
2023-03-25 23:39:47,False,0.4274,0.0002458,6472.4,1.59153,0xac...e464,https://etherscan.io/tx/0xe5136c53b9bbf6be113bf7a49e552954896a9ffb2951bf0dd86e092c8ba38e38
2023-03-25 23:33:35,True,0.4299,0.0002474,6915.89,1.7113,0x49...96b8,https://etherscan.io/tx/0x1b4c6d30fa4835425fff39b8a0ace6520a924160160967cc2da77738d1f3b7c3
2023-03-25 23:33:23,False,0.4269,0.0002456,6000.0,1.47357,0x65...ed08,https://etherscan.io/tx/0x33b1772e81bbb5e30187f99e3116bf3b1035e65a57ec00d3ae11e19315dbd2cb
2023-03-25 23:25:35,True,0.4296,0.0002471,6897.9,1.70462,0x49...96b8,https://etherscan.io/tx/0x1ceb6abf780b1d89a24dd84d19fd6df7a507c424e2ae258b90ef76c7ee66d7e1
2023-03-25 23:25:23,False,0.4278,0.000246,10000.0,2.46059,0x65...ed08,https://etherscan.io/tx/0x1c89ecd37a2c4c9d9c57c80aea8e6ce681fe88bd3857fb46cde26986cb1073d7
2023-03-25 23:25:11,True,0.4318,0.0002483,6889.03,1.71102,0xae...674b,https://etherscan.io/tx/0x79afa8c929348b031688db9b8e22ab9b3dd1cb60ebb7733dd7fa86f9df5d00ad
2023-03-25 23:24:59,False,0.4296,0.0002469,8000.0,1.97558,0x65...ed08,https://etherscan.io/tx/0xb8a6a2d24e0513b03d97558a6c2b237664bd3436b79384a63d909e2c073b703c
2023-03-25 23:24:35,True,0.4337,0.0002492,4584.55,1.14287,0x31...8903,https://etherscan.io/tx/0x37a486473549e7b3c7dfafe224c6104a53ba26ab56a65bf5a5490b9a0f19f6fe
2023-03-25 23:24:23,False,0.4329,0.0002488,10000.0,2.48845,0x65...ed08,https://etherscan.io/tx/0xf04e1fd5c2d87e810f6b64328f4069f1c50118c4addc8a8d0d76e583c74eedf8
2023-03-25 23:00:23,False,0.4349,0.000251,316.825,0.0795,0x07...9514,https://etherscan.io/tx/0x18bf2197f1b3ad37caadc88c6bedbb51b3fd3a226cca8971724cfacdce46317d
2023-03-25 22:59:35,True,0.4374,0.0002526,99.4527,0.0251,0xd3...e1b7,https://etherscan.io/tx/0x20a0e384c3763c4515eebb3e5b113cca12df633af1bdb4c09104b4ab0053cf20
2023-03-25 22:56:47,True,0.4374,0.0002525,274.733,0.0693,0x36...ebf8,https://etherscan.io/tx/0x102db71126f7c1546d509184f034cf79012aff20a11c8e43e7a1e7dcfa8f9112
2023-03-25 22:56:47,True,0.437,0.0002523,679.405,0.1714,0x87...0edb,https://etherscan.io/tx/0x10b79f05d1c8c747435625fcf6ecba6c81b8651b298c767d1c1e0cefe5c57ee6
2023-03-25 22:52:59,True,0.4364,0.0002521,113.313,0.0285,0x76...db45,https://etherscan.io/tx/0x00de69bc2890f027df82da0ea80d3a581d36bbefd12c6970a7ab602f10f1f96f
2023-03-25 22:42:11,True,0.4368,0.0002521,225.779,0.0569,0x64...3c31,https://etherscan.io/tx/0x8f7d2b3293bf5e93d48cb89e339dec0acc47e87bf06f624fd04bd04df3961045
2023-03-25 22:41:47,True,0.4367,0.000252,22.6367,0.0057,0x40...93c6,https://etherscan.io/tx/0xbd31137a62cc704fffe7fe90e48aa8df1af51a5491503333e62f970b922abbc9
2023-03-25 22:38:47,False,0.4345,0.0002505,88.0,0.022,0x01...e225,https://etherscan.io/tx/0x4f0b492687081f616053aa55106757b2f9334fb670b919ea4e7d9bef3baabd53
2023-03-25 22:34:47,True,0.4363,0.0002514,2779.01,0.6988,0x5e...822f,https://etherscan.io/tx/0xb3a58c565e39f5bf0d07c1dff19a9a3c6afef867514e775f49774c36aa565be3
2023-03-25 22:33:23,False,0.4332,0.0002496,1412.0,0.3525,0x01...e225,https://etherscan.io/tx/0x187add92e35bb04b30ce017ed34e50d215cab194ca51cebbe4491bbedf3a006f
2023-03-25 22:29:47,True,0.4362,0.0002513,403.863,0.1015,0xa1...92d1,https://etherscan.io/tx/0xfb15c2f24e6673347ea82de2d52c9deecaca374cb4739b3bc9abd5e860b566a1
2023-03-25 22:19:59,True,0.4357,0.0002512,390.912,0.0982,0x9f...b1d9,https://etherscan.io/tx/0x67f9bacdccc377aa6280ffb7e8e9421b736edc9b92b14a292acb53a4aa5282fb
2023-03-25 22:18:11,True,0.4354,0.000251,204.319,0.0513,0xd5...cec5,https://etherscan.io/tx/0x47e6bc12848a82e62105fea661e1c30ca9aedd9cd23734c9001a51f4a50ea07d
2023-03-25 22:16:35,True,0.4354,0.000251,193.514,0.0485,0xb7...29de,https://etherscan.io/tx/0x9bdefc5bf14a9dd06fa768bbd546c17009b727f86511e33db905023999f6a71b
2023-03-25 22:12:35,True,0.435,0.0002508,659.382,0.1653,0xd1...4ae5,https://etherscan.io/tx/0xe0d0ecaa136e08ccd8d3cd77452a53b50dddf0b1f1e8ec1f42fea29edb7e927e
2023-03-25 22:10:47,True,0.4349,0.0002506,98.8707,0.0247,0x3b...86d6,https://etherscan.io/tx/0x2c23068c9ed1e079fc308818447837d04a0c02dd68f74fd69c3dcb2ba03f881b
2023-03-25 21:55:47,True,0.4337,0.0002505,158.229,0.0396,0x20...42f2,https://etherscan.io/tx/0x774708ebbb510279de351a7fe913de1495ce5a00690476c0abf682f37d29be25
2023-03-25 21:42:59,True,0.4333,0.0002505,205.763,0.0515,0x5c...f935,https://etherscan.io/tx/0x5d5f3d6d013f993c96e0a1cd362e8073d023aa4104168b1ae564f4c875182b82
2023-03-25 21:31:23,True,0.4313,0.00025,1982.27,0.4956,0x16...dde0,https://etherscan.io/tx/0x54661c26dd159f7ab447f508bd19bb7c5ecce834f52cffc911c59b48cccf411d
2023-03-25 21:27:35,False,0.4278,0.0002481,380.0,0.0943,0xb9...8e51,https://etherscan.io/tx/0xd3599510c6f6965667b8bdc4d710ebe7253ead58350f4fb63e2f2cde8b2ec83e
2023-03-25 21:27:11,True,0.4278,0.0002482,7049.77,1.75,0x84...31dc,https://etherscan.io/tx/0x5988247b9ebcd33b53de78115593413712c6d02b2b1391c9cde95b73eb2eb51f
2023-03-25 21:26:59,False,0.4249,0.0002465,6000.0,1.47914,0x65...ed08,https://etherscan.io/tx/0x527b58e8da8d9e14420fcf44511b95e441ab151f391da7d90af869a9b103d464
2023-03-25 21:26:35,True,0.4274,0.0002479,6954.07,1.72438,0xae...674b,https://etherscan.io/tx/0xe7a63bb97c8733e819630bdaa7eaba726fc8a13c9a76ca28acf72b5cc4b71c56
2023-03-25 21:26:23,False,0.4249,0.0002465,8000.0,1.97227,0x65...ed08,https://etherscan.io/tx/0xad39c651afaea830c3579e3bacee83e4ab87ee5c14879a78ee9ebe4d62ce78e7
2023-03-25 21:25:59,True,0.4282,0.0002484,6931.3,1.72204,0xe6...4540,https://etherscan.io/tx/0x5757a5993f7f64c69929cff5e8c11a03d93fbd7830a3127f3dc3452c828a2023
2023-03-25 21:25:47,False,0.4255,0.0002469,8000.0,1.97585,0x65...ed08,https://etherscan.io/tx/0xf7504d1d1ee2d8ed22e7d91f66647901b033de1cd0d5890a44a1e93acc708c93
2023-03-25 21:25:23,True,0.4287,0.0002488,6935.62,1.72595,0x31...8903,https://etherscan.io/tx/0x85828293af37d1593609b5f86906493801a1f6b31eae66a7be88422e1df6f625
2023-03-25 21:25:11,False,0.4265,0.0002474,8000.0,1.97942,0x65...ed08,https://etherscan.io/tx/0xba051074322d7a5919d0dd7f7140f6b1eedec67a63a9ee17621c2350e954cb8c
2023-03-25 21:24:23,True,0.4262,0.0002472,16413.1,4.05753,0x04...c34c,https://etherscan.io/tx/0x1ef7374e683523cfb82a49626e810d877c6df512902d26d34771acb2101189d4
2023-03-25 21:24:23,False,0.4247,0.0002463,20000.0,4.92783,0x65...ed08,https://etherscan.io/tx/0xddba32cc9b412c89ef09d2741d7c5bc3f963804c402980a7b03cdc50e650cbf0
2023-03-25 21:23:35,True,0.4307,0.0002498,11522.6,2.87868,0xae...674b,https://etherscan.io/tx/0x07de89f50e857304d702f75944d1c17ea61a7109b11fc40aa7e45cb4c6189fc9
2023-03-25 21:23:23,False,0.4273,0.0002478,10000.0,2.47848,0x65...ed08,https://etherscan.io/tx/0xdf4e897386ce6e3d38bce322ccf10448343cb52e7c9ee5832e9901843547945f
2023-03-25 21:22:47,True,0.4297,0.0002492,11457.7,2.85597,0xe6...4540,https://etherscan.io/tx/0x9522bfeccbc94c7df4e55a421c678fdd58fb56d4c7740c9e4dd6f3b3533f6223
2023-03-25 21:22:35,False,0.4262,0.0002472,10000.0,2.47205,0x65...ed08,https://etherscan.io/tx/0x88e3c675451c48f71fbb90aca2a3cb2a16a7c51ba740c0d4b29e130c27a3e199
2023-03-25 21:22:11,False,0.4322,0.0002506,6000.0,1.504,0x65...ed08,https://etherscan.io/tx/0x2f09e57cc83e3d4e67253cef269d1416274563be4f76eacb0ad44b3a525613a1
2023-03-25 21:07:59,False,0.4334,0.000252,500.0,0.126,0x58...17d6,https://etherscan.io/tx/0xe50543a0451fae7f4dd8b7c32be94c81a513f8a04608e71e8c3e852c342fa886
2023-03-25 21:06:47,False,0.4337,0.0002522,98.0,0.0247,0xf7...a77a,https://etherscan.io/tx/0x7d5d52a350f3a478e9eda69fcbfb2c717ab8145b536d5330d4810e1ea454a897
2023-03-25 21:06:11,False,0.4334,0.0002523,500.0,0.1261,0x58...17d6,https://etherscan.io/tx/0xd02b0419cedc0d26ea3554a0bf78ad5069218d1eeb3aefcc119d3c0f1a9bac98
2023-03-25 21:05:59,True,0.4359,0.0002537,976.522,0.2478,0x27...d325,https://etherscan.io/tx/0x39c2994e8bd92895746659b32dcdc6083eeeecc97d92fb147806d1361e993bff
2023-03-25 21:05:35,True,0.4344,0.0002529,2865.97,0.7248,0x91...d728,https://etherscan.io/tx/0x7aeddf957ad1f35a2c9248391c3c2a3b6a898ce478c4c202bbc12c04daa6b413
2023-03-25 21:04:59,True,0.4332,0.0002521,393.05,0.0991,0x01...9d74,https://etherscan.io/tx/0x969cb4ae644bb6c91349e1593b03389b0ae0b3fd1ed0415a5bbac1eac41e2bf3
2023-03-25 20:51:47,True,0.4331,0.000252,170.607,0.043,0x53...7996,https://etherscan.io/tx/0x65e397945ff66e4bc11fda471dc8c1941941d074a003215d4ff8ef3665d42c28
2023-03-25 20:49:35,True,0.433,0.000252,118.003,0.0297,0x01...9d74,https://etherscan.io/tx/0x49ebab0a869c5297c33f0330e853e836d903f22850ded332f62b5f8186ffe850
2023-03-25 20:45:23,False,0.4331,0.0002508,1679.27,0.4212,0x8f...e3b9,https://etherscan.io/tx/0x14199b03b5c0ebaa70a042e6521f6941b07306bffcd4b39cac39e8c367d60eb4
2023-03-25 20:38:47,True,0.4365,0.0002527,72.5131,0.0183,0x95...8c5e,https://etherscan.io/tx/0x83b9e4255648e864eaff88a7ae534656c7c689dca1ddbd3c226e962e80767c23
2023-03-25 20:33:11,True,0.4359,0.0002526,235.417,0.0594,0x82...db5a,https://etherscan.io/tx/0x09f85ffcf1d3f2f3bcf4714f6752e541898d3331b59547129da971014a7e6c83
2023-03-25 20:26:59,True,0.4365,0.0002525,70.9013,0.0179,0x13...fdf2,https://etherscan.io/tx/0x58bf7a560eef0266248e55f93c98bf18a53929cc847b08cd74dd4282723b566e
2023-03-25 20:10:59,False,0.4329,0.000251,101.039,0.0253,0xe6...13aa,https://etherscan.io/tx/0x739f96172a16b7895ccb88a32f0d74c082ae2d66b1e58ef970724b834c93c405
2023-03-25 20:09:47,False,0.4335,0.0002514,1500.0,0.3771,0xc6...fed0,https://etherscan.io/tx/0x4db19feb01b01f72728ad538ede1b1372315ce69182f6c0f28a4e83abaa8ef73
2023-03-25 20:05:47,True,0.4369,0.0002532,0.3345,8.472e-06,0xe6...13aa,https://etherscan.io/tx/0xcec2b846c2e8b40c89b219ea2d517e1362c6c71abe6b5cc2f62c593d123e1378
2023-03-25 19:57:11,False,0.4398,0.0002524,2990.98,0.7549,0x91...d728,https://etherscan.io/tx/0x5eadf623d655dadbbfd61b948da1b8c516999794ff3e53e653722b74b8ed42fe
2023-03-25 19:56:59,True,0.4436,0.0002545,169.925,0.0432,0x85...71d1,https://etherscan.io/tx/0xa830bdb423b1eb8bdca84c31ef1a4bec163154c726f0cc7c6e301577b301d161
2023-03-25 19:52:35,False,0.4409,0.000253,145.585,0.0368,0x24...82ad,https://etherscan.io/tx/0xa0b82edc37f71ea1f6a46da5bd50fa68ac7e1c2b79a41cd95f7078aa4ed1984b
2023-03-25 19:45:11,False,0.4412,0.000253,44.8073,0.0113,0xb2...f1c7,https://etherscan.io/tx/0xb830d0856172359abdce341a33150b5b1b7ed2ee8bdef146dead5e1b675af8e0
2023-03-25 19:42:47,False,0.442,0.0002535,2036.77,0.5163,0x14...165c,https://etherscan.io/tx/0x25c16c64a261ecfaf4ff29d183be21ab5b5f3b810b83889d32033540f9ef99be
2023-03-25 19:37:23,True,0.4449,0.0002554,333.028,0.085,0x97...3816,https://etherscan.io/tx/0x7e26a4935a890dc4a833eb47ed990b98c63a4b09c0ab63e4a55d1cde8800359d
2023-03-25 19:34:11,True,0.4443,0.0002553,14.0715,0.0035,0x1d...9277,https://etherscan.io/tx/0x796790112d89f3b66a2b7d7f9a7714d7023a54050f5a459f3e87052514dc3c96
2023-03-25 19:33:23,True,0.4447,0.0002553,158.247,0.0404,0xc4...a0bc,https://etherscan.io/tx/0x41e58f6eb1207e08796c847fa300c1c30066438ef05026c622ea4991d39e4c57
2023-03-25 19:32:23,False,0.4439,0.0002545,3412.02,0.8684,0x91...d728,https://etherscan.io/tx/0x87e163a5c67bba97f063cd02dd4165cf3f431d9c47136df4199a01b30a5abe54
2023-03-25 19:22:11,True,0.448,0.0002568,22.0753,0.0056,0xb7...528f,https://etherscan.io/tx/0x15766152053bd17ce9c25d79cc001b64a03c9849288f2c47d601f5f7fe605d57
2023-03-25 19:11:47,False,0.4459,0.0002555,1165.51,0.2978,0x5b...01dd,https://etherscan.io/tx/0xe9c875564c9ecdac4560a29c5de978b5de86e7a8d6817a26783da41c5dee8138
2023-03-25 19:05:47,True,0.4486,0.0002573,132.179,0.034,0x06...c24f,https://etherscan.io/tx/0x48508266b861cf196a5e3f630f1e709be386b5daae7b3f94fbf5261be8fb5740
2023-03-25 18:59:59,True,0.4489,0.0002572,46.5106,0.0119,0x83...e319,https://etherscan.io/tx/0x8d20f357e77c7589334a303a5a1bfda46b7dcc654789e6131fa4691eb3cc01da
2023-03-25 18:57:23,False,0.4464,0.0002558,552.216,0.1412,0xfa...af04,https://etherscan.io/tx/0xb09aed71f924283b95a5dbc89cec2edc80501baf19e988f7ce40fe2d45b81a93
2023-03-25 18:56:23,True,0.4493,0.0002574,84.6918,0.0218,0x54...099d,https://etherscan.io/tx/0xc9546ba69c9be8cc6392f43191e5128893d432e9ec2570b08186993fad0a220d
2023-03-25 18:55:23,True,0.4493,0.0002574,250.024,0.0643,0x39...2f3f,https://etherscan.io/tx/0xe75e5c4b8ff150f6278927ad054aa6ca2a78e7d071919981625e2e8be9d78bc8
2023-03-25 18:51:23,True,0.4492,0.0002573,250.411,0.0644,0xc5...e881,https://etherscan.io/tx/0x3d7922e749a501763a4214b0d22c4fc57d17292bd03278e3466833aed9a42b4d
2023-03-25 18:47:11,True,0.4489,0.0002572,77.0718,0.0198,0x67...2840,https://etherscan.io/tx/0x607800fe3fda67e49f3d13472fc0ecc60ad01ecaa896dda1bc998764b1e84e18
2023-03-25 18:46:47,False,0.4468,0.000256,1562.94,0.4001,0x7f...eec1,https://etherscan.io/tx/0x78c18f7cf265d54025d069509a1a9a75c53378470a5bd84a3a011b9e05a447ff
2023-03-25 18:46:47,False,0.4483,0.0002568,2193.72,0.5635,0x5a...d22d,https://etherscan.io/tx/0xd7a6118689be2e910aa46165376dcec16c7f9998ee52f6d6ed8f0fcca1932db7
2023-03-25 18:43:59,True,0.4517,0.0002588,229.748,0.0594,0x67...2840,https://etherscan.io/tx/0xe56a833f299f50021b562194e4ba3fc5eee9dc41f89c530e67140ceae18e5ea0
2023-03-25 17:51:23,True,0.4512,0.0002574,6606.54,1.70062,0x31...8903,https://etherscan.io/tx/0xee26911d53b73075afa5b89cf132ff49209bb24beb42d3b1b2cbac3837986beb
2023-03-25 17:51:11,True,0.4484,0.0002558,22.0192,0.0056,0x0b...d39b,https://etherscan.io/tx/0xbe74f59b44edb3427993701bae1b49c0aa78369dcdb1bda45e194c9c45812aa9
2023-03-25 17:51:11,False,0.4497,0.0002565,10000.0,2.56526,0x65...ed08,https://etherscan.io/tx/0x3d77232752c3d8d906ea8b06500d5bf47d3886281e9bbda87d6cbc07402a3e9b
2023-03-25 17:50:47,True,0.4511,0.000257,15353.3,3.94707,0x49...96b8,https://etherscan.io/tx/0x780823945731abaafc8798430656ba772920defe39a4b7200b8e0b40f2645de6
2023-03-25 17:50:35,False,0.4474,0.0002549,14000.0,3.56993,0x65...ed08,https://etherscan.io/tx/0x276afeeefcf6c44caa94ba66ea05a9b4d6583a66e907d35532a037f7217df439
2023-03-25 17:50:11,True,0.45,0.0002564,15354.7,3.9379,0xe6...4540,https://etherscan.io/tx/0xc4e415854a302278ddc90ea95ef6707ab51de51f16076f850a14e9324684dab4
2023-03-25 17:49:59,False,0.4487,0.0002557,20000.0,5.11447,0x65...ed08,https://etherscan.io/tx/0xc4582f94771532ce577ecb648e77e05d2183486cd8a210fe18ee4c272b7af547
2023-03-25 17:49:35,False,0.4568,0.0002603,200.0,0.052,0xf7...a77a,https://etherscan.io/tx/0x2db8ca5bf389abb983370bcaea0167acaffaeb4c83f0fc5a7ca5801cb4ef0b4a
2023-03-25 17:26:23,True,0.4593,0.0002619,36.6137,0.0095,0xf2...316e,https://etherscan.io/tx/0xa1d77540596a59c0dc22946f0749f9f8381a2ff550f0cc9e07d08d7669005b22
2023-03-25 17:23:23,True,0.4593,0.0002618,107.701,0.0282,0x57...90f2,https://etherscan.io/tx/0x8a1cc8e2ac2e81ea97b78820e52a459dc4aa61a7224869a083a6cccf088e9c6d
2023-03-25 17:04:59,True,0.4598,0.0002618,289.887,0.0758,0xd7...28db,https://etherscan.io/tx/0x53b8cf58807650af70ce1e8bab989efc575cd96b977b194582d0e650db2b413d
2023-03-25 16:41:59,True,0.4587,0.0002617,44.3202,0.0116,0x9c...f8d1,https://etherscan.io/tx/0x33b65f28a71994da3d5ff44766be3c07e017f90b932fac27b8ae10e573d04f25
2023-03-25 16:41:59,True,0.4587,0.0002616,108.113,0.0282,0x9a...f419,https://etherscan.io/tx/0x5fbb2a9c28d9a089c1a4ce0c263000d18dda7a03aab2247c518e8b3de98ce288
2023-03-25 16:41:47,True,0.4577,0.0002611,2193.72,0.5728,0x5a...d22d,https://etherscan.io/tx/0xd3065dd75fc7cd7539ca3c1f1e4fae4a44e5d57ef6a12401c92581ac1db553be
2023-03-25 16:39:11,True,0.4563,0.0002606,31.1376,0.0081,0xa5...350e,https://etherscan.io/tx/0xaa0b37130e7cb9c40a2b0450a32e750369b1a218915ff6de2210f917442e359c
2023-03-25 16:27:59,True,0.4554,0.0002606,87.4922,0.0228,0xc4...ade9,https://etherscan.io/tx/0x7969de8cc08567c07231b8bb9be7b70d767c0f0233cc199ec47e45b5244614f5
2023-03-25 16:07:23,True,0.4557,0.0002605,108.464,0.0282,0x37...4c58,https://etherscan.io/tx/0xc0bde9d605353ce7e919307e76535dab7e24b43a4f6ba4f16e5b2c5e74a3ae2a
2023-03-25 16:06:11,True,0.4557,0.0002604,213.356,0.0555,0x57...1d58,https://etherscan.io/tx/0x1afff0192fb66ac224650c3aa873f73fee2a8c93d7ebc4df1bf00b60e351c0aa
2023-03-25 16:01:23,True,0.4555,0.0002604,36.6876,0.0095,0xab...b6d3,https://etherscan.io/tx/0x6c517607a958b3be8520bed6b4c239977e4085bbf4d841136835749ef69fb760
2023-03-25 15:47:35,True,0.4561,0.0002603,108.372,0.0282,0x09...ecd9,https://etherscan.io/tx/0x1d4d784dbe57d87bcc140275db6bc15ddf7e7df5eb5b4ebfea48068618fa37d7
2023-03-25 15:40:35,True,0.4563,0.0002603,173.898,0.0452,0x1f...90e3,https://etherscan.io/tx/0x2520af55e56ac3593bca54612db6c68f6b49f38d0df8efe2282156815bde4dba
2023-03-25 15:27:47,True,0.4561,0.0002602,26.5286,0.0069,0xda...c4e1,https://etherscan.io/tx/0xd8ea047db476bde34370d6b45700fea7d53ea5ba4a7f6766c5c5a6e78c63ac34
2023-03-25 15:09:11,True,0.4551,0.0002594,3691.0,0.9575,0x91...d728,https://etherscan.io/tx/0xaccb194a867ee7e4791c3471fd626dbbbcd3edfeeb0e15b7f6001bb09e1bf562
2023-03-25 14:59:35,True,0.4477,0.0002553,15375.0,3.92581,0xe6...4540,https://etherscan.io/tx/0x0d83a6905cfabf9dbe1f745f6681bfebb0fd2284ae4c3eb5453f3afc5e5a4910
2023-03-25 14:59:23,False,0.4454,0.000254,17556.6,4.46014,0x56...3ea5,https://etherscan.io/tx/0x0ddba0ab9c9785440b9c6abb76c8eb1b499542f63f27debea3edfb42992df435
2023-03-25 14:59:23,True,0.4464,0.0002545,22375.1,5.69656,0x04...c34c,https://etherscan.io/tx/0x5ebef213912a8c41a99bc37499fabb7402b51a1b9946805eff472cf3d34ea663
2023-03-25 14:59:23,False,0.4426,0.0002524,20000.0,5.04835,0x65...ed08,https://etherscan.io/tx/0xa67a377210f3afab857ce08cd8eaab1072f45ce17a5286b207c44e037ba6a186
2023-03-25 14:58:59,True,0.4471,0.0002549,15640.7,3.98829,0x04...c34c,https://etherscan.io/tx/0xf30a372d5a9c201e51b14a93c6232440b71f5e153bd48bc62c9369e714e13794
2023-03-25 14:58:59,False,0.4459,0.0002543,20000.0,5.08671,0x65...ed08,https://etherscan.io/tx/0x3acf2b5e9ba3e77d519f51c97d02e6e9e784967fce75beff6ae2cb8f40159dd4
2023-03-25 14:58:35,True,0.4525,0.0002581,10929.3,2.82092,0xcc...437d,https://etherscan.io/tx/0xdad9b9c154662931a4090ebf0f43770a3e0f4aa15332eb8e79e314d1ee68b200
2023-03-25 14:58:23,False,0.4496,0.0002561,10000.0,2.56132,0x65...ed08,https://etherscan.io/tx/0xe8b8ac805b36bdcdebda9bdc6a3a11dcb33d43ccf9b3666a9263666b13540233
2023-03-25 14:58:11,True,0.4541,0.0002587,6535.16,1.69066,0xe6...4540,https://etherscan.io/tx/0x3da72cad6255fb6ae6987a7629d098565877618a76b86eeaba157769c9d21ff7
2023-03-25 14:57:59,False,0.4523,0.0002577,10000.0,2.57697,0x65...ed08,https://etherscan.io/tx/0x09aaf2d0649cdac7ad3a0c9ed20a4ee15e242537a8e1131a29fc47d611a2adf9
2023-03-25 14:53:35,True,0.458,0.0002613,758.486,0.1982,0x76...6a7b,https://etherscan.io/tx/0x25731b14ac6a1290506d953ae9d297c64830a867d1bac29932dab28c7fdc2484
2023-03-25 14:48:11,False,0.4554,0.0002596,120.014,0.0311,0xa2...d05f,https://etherscan.io/tx/0xdca1ffcabe58e3ef2c79ed154e6816e55ad9d2a26a850c3329e604b2c3d8a749
2023-03-25 14:46:47,False,0.4568,0.00026,1400.0,0.364,0x8b...00d9,https://etherscan.io/tx/0xbc6ad9694af7c8c3c1810eca51eb335f7b9220787d1143b2dd13dcfa9e62d077
2023-03-25 14:46:35,True,0.459,0.0002612,2798.03,0.7309,0x91...d728,https://etherscan.io/tx/0x3740497b0a630772b03bfdabbc754adbb16917e46b98702ac2000d8c95e21628
2023-03-25 14:34:23,True,0.4543,0.0002599,2938.01,0.7636,0x91...d728,https://etherscan.io/tx/0x205b9f445b7715bbc170e4fca4e2a5cb298636a7b2bab6f8cbecd279fabf8267
2023-03-25 14:13:23,True,0.4512,0.000259,956.718,0.2478,0x09...d872,https://etherscan.io/tx/0x9a26a300348975d25ceb85ee5e5ca49f4b5a75c99537bc815235568a2948d78b
2023-03-25 14:02:47,True,0.4515,0.0002587,231.167,0.0598,0x19...df75,https://etherscan.io/tx/0xac064593e1fe743cf10a3940a061e5cd014cc6122f582fbb8507b595276272f4
2023-03-25 14:01:59,True,0.4513,0.0002586,220.749,0.0571,0xb8...3152,https://etherscan.io/tx/0x495d7362b84fa977f5a075814706b5050d020cf05326230a6fc3438718e99a15
2023-03-25 13:46:59,True,0.451,0.0002585,54.913,0.0142,0x37...4c58,https://etherscan.io/tx/0x72b7d98f87bf4fd7a150ec9fafd38593854336f6de72a2754bd6b48b1c0a6828
2023-03-25 13:32:59,True,0.4465,0.0002563,9555.61,2.45,0x84...31dc,https://etherscan.io/tx/0x380ebe5415dcb4f3ef8793c1d73af3fbffd610591873783e8f67f2c5d4d77e70
2023-03-25 13:32:47,False,0.4432,0.0002545,8000.0,2.03606,0x65...ed08,https://etherscan.io/tx/0x2ce572a08a3ec473f04b7a1cee625bb2930e60a74af4562afb6bd613a3010f4c
2023-03-25 13:32:23,True,0.4467,0.0002565,6638.04,1.70315,0xc1...0e75,https://etherscan.io/tx/0x07587d05f9d166b97615d76425e3e5bbf0d3f3da4b9eaaa6c413a734827031fc
2023-03-25 13:32:11,False,0.4452,0.0002555,10000.0,2.55561,0x65...ed08,https://etherscan.io/tx/0x6fe90db503039b8ef143370cb01fcec03f87c53a9982dbb1f7bbaa7d87a14a51
2023-03-25 13:32:11,False,0.4493,0.0002579,355.091,0.0915,0x23...c19a,https://etherscan.io/tx/0x3072c8b31e5960e1812b302fab142fc9a248c7796e149144b60687821fac6812
2023-03-25 13:31:35,True,0.4527,0.0002598,10000.0,2.59814,0x61...0f8a,https://etherscan.io/tx/0xe6d5da38ac67ee3c14472a33350ea9ea26dfd0180196b5e88191c4d2d6be540f
2023-03-25 13:31:11,False,0.4436,0.0002548,6000.0,1.52877,0x65...ed08,https://etherscan.io/tx/0x9d891bd0d35ede3c6a227a4bc65d0e4bb8d659f7dbb97fd11162b9cabc7fe37e
2023-03-25 13:30:35,True,0.4497,0.0002581,7413.94,1.91407,0x9a...6ea8,https://etherscan.io/tx/0xa6099ee9f13bff861b79b5e939c70e3a430f58c91bd7243f016a67a2359a5612
2023-03-25 13:30:35,True,0.4386,0.0002517,11500.1,2.89546,0x11...14b1,https://etherscan.io/tx/0x9862e7cd3e72e59d110d61a90a00a2c6b10a62084d212ba40ff1c1d170db878f
2023-03-25 13:30:35,False,0.4361,0.0002503,12000.0,3.00454,0x65...ed08,https://etherscan.io/tx/0x2f443d7805b6285dc4cee34877f685991cb010e7894b334ff09535be914eb1bc
2023-03-25 13:30:35,False,0.4452,0.0002556,11500.1,2.93938,0x11...c2bf,https://etherscan.io/tx/0xd75047ff976b3e1932b967780d1caba1ffa6f28d237b9f79363e07ad27b44d8d
2023-03-25 13:30:11,True,0.4507,0.0002587,4370.02,1.13073,0x91...d728,https://etherscan.io/tx/0xe4cd1a0d17a68bddd8da94af081f5c2e5679633795d94c67e9e50d6161f3b653
2023-03-25 13:29:59,False,0.4485,0.0002575,5718.19,1.47247,0x79...0fa0,https://etherscan.io/tx/0xb4fb66834b6ccb6540e04d4239345354c56edca72501551ffa823e716f797b3b
2023-03-25 13:29:47,True,0.451,0.0002589,6619.92,1.71414,0xc1...0e75,https://etherscan.io/tx/0x1b5fa880bd10f06186b8aa36a9cb0fd70fc784b4bad7bfd8e20ef5a9305a33dd
2023-03-25 13:29:23,False,0.447,0.0002566,4000.0,1.02678,0x65...ed08,https://etherscan.io/tx/0x38d5d70400be2378fcfa24550bb6ee8a3b39386846a8fd7fa536e366ba2b2cc2
2023-03-25 13:24:11,False,0.4527,0.0002594,8000.0,2.07555,0x65...ed08,https://etherscan.io/tx/0x8088ca65e77c0d63c8d0a00d66a7d6196e6e7864b5eea6f26d2bc4343298e084
2023-03-25 13:22:59,True,0.4586,0.0002628,249.981,0.0657,0x21...56ce,https://etherscan.io/tx/0x1dbb2a8b23dd0fcf8fc6cf90cd2e86f2349d7b2d537018f796c4c7542d7c626d
2023-03-25 13:21:23,True,0.4583,0.0002626,275.593,0.0723,0xeb...d6c4,https://etherscan.io/tx/0xe7ee0b146768ddcfd45bd508c511c2580c4a5f879fbec58efa06cf580b101ee4
2023-03-25 13:14:35,True,0.458,0.0002626,89.9218,0.0236,0x5b...6235,https://etherscan.io/tx/0xf3ba68d847ce5084153fdd36d63aab3211f6e2395a5a28c2eb78546d5d0afefa
2023-03-25 13:08:35,False,0.4565,0.0002618,3405.02,0.8914,0x5e...822f,https://etherscan.io/tx/0x3745cecf21799a154e2042f872b4720723459fe68577d1d7faba9584f0cec954
2023-03-25 12:47:11,False,0.4576,0.0002626,24.85,0.0065,0x6b...4395,https://etherscan.io/tx/0xcfd0cda103dfc5e95f21fda882ea97795d437fc0ae514f2a0193bbdcf4f70f88
2023-03-25 12:45:47,True,0.4608,0.0002641,71.9222,0.019,0x95...51f2,https://etherscan.io/tx/0x67a488eae500e807714d88e59e9b84f9ac1bbbf5dfb4439cca97005dab520a25
2023-03-25 12:23:47,True,0.4612,0.0002641,261.764,0.0691,0x26...4ea5,https://etherscan.io/tx/0x47c929fdc1051973925767628916e4e8698bd44252fd075095aa1a49f56769d9
2023-03-25 11:59:35,True,0.4605,0.0002634,2521.0,0.6641,0xba...3597,https://etherscan.io/tx/0xc44d5ca57339d622df68d7c6a7a578af239d2de4f79455b6d8ac9f8baeb32097
2023-03-25 11:39:35,False,0.4563,0.0002617,2000.0,0.5234,0x0a...1c07,https://etherscan.io/tx/0x3b07bc11870a7984ae3f7c3196e62684e7b8b2ef01cbf28750ca130dc0b645d8
2023-03-25 11:33:47,True,0.4596,0.0002637,53.9451,0.0142,0xd1...e2dc,https://etherscan.io/tx/0x4cfc7b2a308d121c462e1b26d866c20b25ad94206857402c57d6a21110a49509
2023-03-25 11:28:35,False,0.4581,0.0002627,2619.0,0.6882,0x91...d728,https://etherscan.io/tx/0x4381c625a2175f29fcf6719d48a9a6c1d08d6f0e4117849cfd3b539de8435177
2023-03-25 11:23:23,True,0.4626,0.0002649,96.2046,0.0254,0xc1...77dc,https://etherscan.io/tx/0x15bfbf6c2a08f5007745e37a2dd67d9b61d5b5c6f989348f0af33de995d1faf8
2023-03-25 10:43:35,True,0.4616,0.0002647,1070.41,0.2833,0x28...f272,https://etherscan.io/tx/0x7767e5bf2bf5fdf32746702b45cbd46a240b84c5a4ab6021c173cc2c0fbc69e5
2023-03-25 10:41:23,True,0.4597,0.0002638,2615.03,0.6899,0x2a...06a6,https://etherscan.io/tx/0x7c0dbb8255e0b6e6545877091729d8ce10d847b6924395a4478f260ef366a9b1
2023-03-25 10:31:59,False,0.4564,0.0002619,1500.0,0.3929,0x91...dc25,https://etherscan.io/tx/0x1848241a49f7ca64562163c37e7118ceef3c446e54c3418a58fda7c66e5057b2
2023-03-25 10:13:35,False,0.4583,0.000263,3221.01,0.8474,0x5e...822f,https://etherscan.io/tx/0xc5228922791c9eba171c997ec9fe4b746c9e45f0e1d5cda066f10e725304d17c
2023-03-25 09:56:59,True,0.463,0.0002654,3.7344,9.912e-05,0x7e...ec81,https://etherscan.io/tx/0x445879370fbb331d3aa3c14d4f3b4473f298cec297189e06f6313f145863265b
2023-03-25 09:41:59,False,0.4602,0.0002645,2753.96,0.7284,0x91...d728,https://etherscan.io/tx/0xcbfe9cae0130bde963006460f7312506492eddc4a7385d97359d2dd9ab1dfd24
2023-03-25 09:34:11,False,0.4636,0.0002658,2869.97,0.7629,0x5e...822f,https://etherscan.io/tx/0x68f3c76837bed591d075c0c898e9ee72a5c0435b13130c9db31c125aa17f225b
2023-03-25 09:11:35,True,0.4686,0.000268,316.792,0.0849,0xa8...975a,https://etherscan.io/tx/0x0f75702a96a734baf81e22e0849553893b35e0c8011968858065d7a1448a8e01
2023-03-25 09:03:47,False,0.4664,0.000267,2680.01,0.7156,0x2a...06a6,https://etherscan.io/tx/0xf3425fdd61377b4c536130df21fc7ced3f84ed9cf1553541b4c3b479e0c66616
2023-03-25 09:00:23,False,0.469,0.0002682,2521.98,0.6765,0x91...d728,https://etherscan.io/tx/0x22a51cfd7752201b07780a2f6bfcbae7245203aadd263693687bb18f34c96d81
2023-03-25 08:40:47,True,0.4725,0.0002699,2180.16,0.5885,0x35...c63c,https://etherscan.io/tx/0x1606c1511809d0eab3db142111d83f1743c08a28b9c495f96b3e21ff3627eb06
2023-03-25 08:38:47,True,0.4711,0.0002691,1099.75,0.296,0x35...c63c,https://etherscan.io/tx/0x997f413f75e158b2248966cf5a071d24e9b4705bcaa5b5b3cd2db43cbe36bad9
2023-03-25 07:52:47,True,0.4703,0.0002688,105.105,0.0282,0x97...9a8a,https://etherscan.io/tx/0xf534ff9ca6e14bef27a52ba27cbe13d3f478d9998fbcb00a21aa858d02ac9a5b
2023-03-25 07:51:23,True,0.4705,0.0002688,21.0208,0.0056,0x97...9a8a,https://etherscan.io/tx/0xe01294365c288d99f9ab7ff86e37890a8036daf17cf032ace2214e9e926f4046
2023-03-25 07:51:11,True,0.4701,0.0002686,920.939,0.2473,0x9d...170c,https://etherscan.io/tx/0x25b4655f3488707425a1101842ece784101274eb354d19b04c7a0c963af1233d
2023-03-25 07:47:23,True,0.4697,0.0002683,200.294,0.0537,0x73...fc0e,https://etherscan.io/tx/0x568159e2981c48fbd38c233bbce83dc0a7207c401c2fb88e983d27b7a389e616
2023-03-25 07:08:47,False,0.4656,0.0002667,41.8914,0.0111,0xde...5e88,https://etherscan.io/tx/0x7f7b70f5fc29f86d1f33cfc3cd6c24b52a1970a146f31567cd519d36249ecdfc
2023-03-25 06:52:23,False,0.466,0.0002674,2828.07,0.7562,0x8d...ac58,https://etherscan.io/tx/0xd413b3dbda56f9fdb2679c1a3c4d57f846d7c5953f52ee6537e01990785f6afd
2023-03-25 06:43:59,True,0.4711,0.0002696,114.746,0.0309,0x3e...bf88,https://etherscan.io/tx/0xca6442bdcb310a88181bbeab55d6b106ce03d9d6ca4e3172dd0a41e188dd4d81
2023-03-25 06:39:11,False,0.4705,0.0002687,2927.01,0.7865,0x5e...822f,https://etherscan.io/tx/0x39eaeb38115fd39660643d3b2e1d06228e61fc3436f497ed447cdfcd38efa86d
2023-03-25 06:37:23,True,0.4748,0.000271,224.811,0.0609,0xc1...89ee,https://etherscan.io/tx/0x8201a5df382910d25b42876514cc2e8d6df36b5dc3ec3fada6096a24bc3ff194
2023-03-25 06:07:35,False,0.4721,0.0002694,250.0,0.0673,0xf7...a77a,https://etherscan.io/tx/0x69fa01933a5237cc84676cbd992e13ecca7d0e9bcc68f4ef1be0c9458e274593
2023-03-25 06:03:35,True,0.475,0.000271,45.7936,0.0124,0x71...5e5f,https://etherscan.io/tx/0xed0650209a8b6a05ea4b6fafffa7d2bb0a32eb7d8373e62408e9ff2fceb8fae4
2023-03-25 05:59:35,False,0.4722,0.0002694,110.278,0.0297,0x33...4382,https://etherscan.io/tx/0xfff261699b021c75841dd94b6b4ad9fdfb428c5ac6edc20cbb380505c6e87d52
2023-03-25 05:40:35,False,0.4745,0.0002702,3074.0,0.8307,0x91...d728,https://etherscan.io/tx/0xe37d90e988535134481c0b6c6d01374470f54b5854e0f8dcfa7d7a2535e137b7
2023-03-25 05:39:11,True,0.4785,0.0002725,511.377,0.1393,0x7e...889c,https://etherscan.io/tx/0x282887dee1a9bc22001f708adcd0237ccf70627c77f441921300d65b509ba8dd
2023-03-25 05:22:35,False,0.4751,0.0002707,75.0,0.0203,0x0d...0c3f,https://etherscan.io/tx/0x2538a0a6c704e29618899a9295b0517b3e70f62c7716846c5aee45a95bb76a29
2023-03-25 05:08:35,False,0.4765,0.0002714,2499.96,0.6784,0x91...d728,https://etherscan.io/tx/0xc9c20fc17961d2d8b7af9bcdde4b18f00a809d1b668a7ae67b37182b4674f303
2023-03-25 04:39:35,True,0.4804,0.0002735,287.906,0.0787,0x29...7308,https://etherscan.io/tx/0x554281b6d64ffe54cc8920d1a85c126ef8af8a2e1b8cea3bf87ca17aee1d2c1f
2023-03-25 04:35:35,False,0.4779,0.0002719,205.124,0.0557,0xbf...f012,https://etherscan.io/tx/0x198f7b4e285c77fca2edc1922810e1761bedc78179f2d5b8732c3356c8b8c82c
2023-03-25 04:28:11,False,0.4791,0.0002726,2675.99,0.7295,0x91...d728,https://etherscan.io/tx/0xed0a6d66f98658cd2bd956825b0132d95aa6783eadd95be917a85ff90ebc2aa3
2023-03-25 04:22:47,False,0.4807,0.0002735,1000.79,0.2737,0xa4...3045,https://etherscan.io/tx/0xdab798f7d6af70a0c7f9efd0c076fea5ea99aca8cd61296c96cdd40557f5979c
2023-03-25 04:22:35,False,0.4812,0.0002738,215.733,0.059,0xe7...8b1c,https://etherscan.io/tx/0xee7cc662cceaabc3ea34b7d989f189c3f03648f560b19311b20f962bb44cad7d
2023-03-25 03:56:23,True,0.4846,0.0002755,35.9732,0.0099,0x6e...f6fe,https://etherscan.io/tx/0x387edb4c9e488deb16edb1409b25238c1c447f1b12096a449ec33ccab325df9d
2023-03-25 03:50:59,True,0.4837,0.000275,2044.42,0.5622,0xcc...a7c7,https://etherscan.io/tx/0x5bae61426b0049e5103cfa3dae0f5b56510511909e42dfcc7110fda0d1ffcb65
2023-03-25 03:50:59,True,0.4828,0.0002745,40.9664,0.0112,0x97...4748,https://etherscan.io/tx/0x86f85ed3d66f3ff50eb49c52aee5489c6e133e37739577672050a53352e37d1c
2023-03-25 03:09:23,False,0.4784,0.0002728,50.0,0.0136,0x6d...7109,https://etherscan.io/tx/0xc7a2f79d947510607038a89ca1243b45774875b92d45db8816af838da4b47efc
2023-03-25 03:02:35,False,0.4784,0.0002729,90.0,0.0245,0x6d...7109,https://etherscan.io/tx/0x00476aca3c933845801461f8994e2765bc3b7d0d53c9184ed4f5a2b0cafa31a8
2023-03-25 02:19:47,False,0.4782,0.0002729,270.0,0.0737,0xbc...b3bf,https://etherscan.io/tx/0x895e2510c71a0c203e4286df04abc0d42bf6677a6ed5bdc30160f8923f54f229
2023-03-25 02:17:11,True,0.4812,0.0002747,5.09651,0.0014,0x84...6d02,https://etherscan.io/tx/0x189ec33005a0299913246af033d7ac7d1e8ca584068fbf3ae5e54c2da4c88c13
2023-03-25 02:14:11,False,0.4806,0.0002737,2640.02,0.7226,0x91...d728,https://etherscan.io/tx/0x9065c338c3fc8ec73f293243fb1db1b48cc1fedcbf20bb467b4c8b642012342b
2023-03-25 02:02:23,False,0.4819,0.0002743,74.6658,0.0204,0xfd...b248,https://etherscan.io/tx/0x07599a2e093635845ee02fa87e211f77df7611ba957c6ec6c5ea6d8cd1138bb9
2023-03-25 02:02:11,True,0.4848,0.000276,251.406,0.0693,0x18...4c97,https://etherscan.io/tx/0x3f4374072f37ce6a9d0b51b4b6ae49bf5bb076c6eec51f5586703feca5f09a36
2023-03-25 02:01:47,False,0.4818,0.0002742,50.9061,0.0139,0xfd...b248,https://etherscan.io/tx/0xd1a3700715b3dc43bda1d2551818788e0d15fcc71d3b621587f71454f679d265
2023-03-25 01:57:47,True,0.4845,0.0002759,250.284,0.069,0xdf...89d2,https://etherscan.io/tx/0xb1ba89216d4c0aeb63771cda1fa03d33e35f4760a8167b9c1d827546a949b782
2023-03-25 01:52:11,False,0.4815,0.0002742,391.0,0.1072,0x35...7e85,https://etherscan.io/tx/0x1137f397c9702126c37442701de58b7ff4244ecf810d5697a43af193e7bcffda
2023-03-25 01:46:23,False,0.4819,0.0002743,33.0977,0.009,0x7e...a282,https://etherscan.io/tx/0xdd3e2318607e240998ca60ce8998fe73c24f46c06efc9a315a2498e6a4447cb9
2023-03-25 01:39:35,True,0.4847,0.000276,118.512,0.0327,0x60...dbb0,https://etherscan.io/tx/0xe0f37d85e10fbfa46ceb714e11bbf36da6874a5402505cd96469b77326f1fd87
2023-03-25 01:33:35,True,0.4843,0.0002759,50.0109,0.0138,0x4f...bdc4,https://etherscan.io/tx/0xffbe72b8c174c66f46e2e3f045b455578dcbe166ea527f4705a71e4fdba3d059
2023-03-25 01:19:23,False,0.4805,0.0002743,212.932,0.0584,0x64...6975,https://etherscan.io/tx/0xa4dde78f0d2baed7263174a94bdc14a7f9391520c180014953f010714e8ba11f
2023-03-25 01:11:35,True,0.4824,0.0002759,646.688,0.1784,0x60...dbb0,https://etherscan.io/tx/0x90f3b93d84385951cc2421d2f17543859dd004215d008a226026290bf6f2e012
2023-03-25 01:02:11,True,0.4821,0.0002756,215.733,0.0594,0xe7...8b1c,https://etherscan.io/tx/0xadec9846326ecbf4e5043c8f5c9d2f51dfe8fd2d3a7bd800ad44f9f0e67e4d7a
2023-03-25 00:34:23,True,0.4811,0.0002749,2715.0,0.7464,0x3f...c220,https://etherscan.io/tx/0xabca56f88e171b4e0722b08133c9da273ee40b701a21d3e0c0d2ef5dc6d355a5
2023-03-25 00:24:23,True,0.4798,0.0002739,1483.83,0.4064,0x7e...caa5,https://etherscan.io/tx/0x468ba84c9d6ecca84258e135d16e40bdd4206700d112ddebce198faf7d066829
2023-03-25 00:24:23,True,0.4786,0.0002732,1303.79,0.3561,0x55...bae8,https://etherscan.io/tx/0xc2a70a3603b0507ad16856325444912d7876c310424e232306ea6d41ac7ea2eb
2023-03-25 00:00:59,False,0.4734,0.0002714,1000.0,0.2714,0x72...6359,https://etherscan.io/tx/0xd3c47b5d07c8304eb092a0254cea0ceb40787e74e00d3e2253a1a51f9e2a64fa
2023-03-24 23:46:35,False,0.4739,0.0002718,499.988,0.1359,0x49...6cf4,https://etherscan.io/tx/0x4b45d47d609945f55be49cef0daffda1223beaca1354625a3a03f61226ea9209
2023-03-24 23:29:11,False,0.4752,0.000272,267.241,0.0727,0x2b...8bda,https://etherscan.io/tx/0x5b77babe1f006491ddb354064fc470826df6a1e9aa93b2b0a68ba56723ad66b0
2023-03-24 23:19:23,True,0.4776,0.0002734,1044.94,0.2857,0xd8...e5d8,https://etherscan.io/tx/0xa6e5aadc4ee385bbb51375fbfcf530ce1830e881dfcdc16a70613bcd7b76f2e2
2023-03-24 23:04:11,True,0.4757,0.0002723,3741.98,1.01894,0x91...d728,https://etherscan.io/tx/0xb1f53e722e6f5974693996f8da806ff1396ea19d2478be5c96da116152b3ebe1
2023-03-24 22:52:35,False,0.4707,0.0002699,984.271,0.2657,0x1d...2e08,https://etherscan.io/tx/0xd95a7ac5f7a01793800558eaa0ae2e239a66e601e75590137be4b7fe20ae75c8
2023-03-24 22:36:47,False,0.4692,0.0002704,832.244,0.225,0xee...8509,https://etherscan.io/tx/0xed3aae1e6482cd7039c000268116cf666eb6335720f77039b988f8f8b6d01ace
2023-03-24 22:26:47,False,0.4705,0.0002717,4404.97,1.19696,0x91...d728,https://etherscan.io/tx/0x8ffe01146b27bbb898cdadee83c74f9be6cdfbf3fddae5f762045dc6a5e5c7d0
2023-03-24 22:09:35,True,0.4784,0.0002744,163.656,0.0449,0xf1...1c87,https://etherscan.io/tx/0x82ed6e456f645ec77c060f32cd145a1de2a762781e936e74e7fd30abd7acb7b5
2023-03-24 22:01:59,True,0.4793,0.0002742,729.928,0.2001,0x0d...0c3f,https://etherscan.io/tx/0xe30de623623ac9e8f3781f623e47a1fc114f59dc2f0f6a8d555ad1a8797709fc
2023-03-24 22:01:11,True,0.478,0.0002734,2194.06,0.6,0xc6...fed0,https://etherscan.io/tx/0x243b451c3d2da851e415d333921606b4f546e0a1eca8bba2dc43e6737dc3bcdb
2023-03-24 21:57:47,True,0.4774,0.0002728,208.828,0.0569,0xee...8509,https://etherscan.io/tx/0xab10762457bdcc0dcd4713e7f303297e8f5119dfff9f0f72dfdecd97fae45fee
2023-03-24 21:47:35,False,0.4747,0.0002721,3750.0,1.02041,0x4d...3ed4,https://etherscan.io/tx/0x4aae067dd9955d524b28eab04daf421ba15e9e2fe1ece28369781449b3227600
2023-03-24 21:44:35,True,0.4794,0.0002746,102.847,0.0282,0x75...906c,https://etherscan.io/tx/0x91022e33cc07983acbfe8143802f601188bb71df62fc7e027c8e78f64f78a68b
2023-03-24 21:40:59,False,0.478,0.0002731,437.5,0.1194,0x7c...f5fc,https://etherscan.io/tx/0xa15453ec41dce4fff5fadd608210537c81fa31b6ead3a0463eaf95095d95e051
2023-03-24 21:31:23,True,0.4821,0.0002748,180.354,0.0495,0x14...945f,https://etherscan.io/tx/0x076df66e9c695cf5d507e1faa53a840d27218058dff3e7969266fb5d28c6d6d3
2023-03-24 20:29:47,True,0.4847,0.0002747,234.966,0.0645,0x55...a209,https://etherscan.io/tx/0xa489dcffb1a274341818eab5536fb16a2cb08411b16bfacfde0f83ef70173247
2023-03-24 20:23:59,True,0.484,0.0002745,496.553,0.1363,0x78...e58a,https://etherscan.io/tx/0x238e60a3e3d9df9690c71b5169fe5b0a6e0a19f3fa1e3adf5b790fde31f4d767
2023-03-24 20:15:11,False,0.4793,0.0002728,387.537,0.1057,0x84...847e,https://etherscan.io/tx/0xff458ea0a9e4120185f4a753155b5a7780a0c30d9c41131016f6f5b528959a84
2023-03-24 19:54:11,False,0.4793,0.0002737,3199.03,0.8757,0x5e...822f,https://etherscan.io/tx/0x0e820323602871c06a18eb79aa822f2f9a40a306659dd84bdadddbf231363d1d
2023-03-24 19:49:23,True,0.4821,0.0002759,819.116,0.226,0x2b...a6d1,https://etherscan.io/tx/0x8cb55002e5df39d78f0b9017737bd888eef73d405bab8f6a25f84e8b0bfef490
2023-03-24 19:48:35,False,0.4797,0.0002746,2000.0,0.5492,0x2c...9c94,https://etherscan.io/tx/0x8711dc95aa1102793b57401a4602f892271c02087aec82eec9b94224c0fb993c
2023-03-24 19:42:35,True,0.4834,0.0002767,104.647,0.0289,0x32...cdda,https://etherscan.io/tx/0xe4a83039ff0268490a3975df7d254c0fe4ccbeac92f11e33f17b6f52498bc5d8
2023-03-24 19:31:11,True,0.4808,0.0002758,3436.02,0.9478,0x5e...822f,https://etherscan.io/tx/0x2e29ac7e3dc59015ecf38e125f8784a93cf18396e745337197599c0a4add57a2
2023-03-24 19:25:35,False,0.4788,0.0002752,7547.41,2.07746,0xc9...27b6,https://etherscan.io/tx/0x7c18e03eaf67e915e1b3a6657eccbaf4ac03b533ba104a3847ca9612cb9bad47
2023-03-24 19:10:47,True,0.4844,0.0002785,1162.32,0.3237,0x14...6ca1,https://etherscan.io/tx/0xe1c0249d7015ac53d3e028a0c7d85bc3e8607a5ec47146c48842bfdcd4246afa
2023-03-24 19:09:23,True,0.482,0.0002773,3361.02,0.9322,0x91...d728,https://etherscan.io/tx/0xe7b0d1f424a359ba3291c1ba84fcb5af9c6a50cb6fc15f6ddc1476c02ff6c974
2023-03-24 19:09:11,True,0.4804,0.0002764,199.569,0.0551,0x53...1222,https://etherscan.io/tx/0x8d9a6abc4826bb716e0a68cd050a30c7ffa9753f2bda12e09bfeb8404c403c05
2023-03-24 19:06:23,False,0.4781,0.0002748,440.0,0.1209,0x80...dfce,https://etherscan.io/tx/0x0c2fff9db37f0023237146bd96ab158137de25b3a959f3aeb9be719328de76eb
2023-03-24 19:05:47,False,0.4786,0.0002751,671.087,0.1846,0x39...3891,https://etherscan.io/tx/0x69b53fb2ce2ca443550b3db6dcf4126e80e49c5cd26ab0e718428e57b0db8e3f
2023-03-24 19:05:47,True,0.4817,0.0002769,166.764,0.0461,0xad...8280,https://etherscan.io/tx/0x19fb44906b69c0337512e000baf5e96832d3b0525007fb2cedc1e0a8e3f1609c
2023-03-24 19:04:11,True,0.4805,0.0002759,3782.95,1.04385,0x91...d728,https://etherscan.io/tx/0xdb3cfc09e21f65bf2d4c4c4d7b2139f48071c6aebe9e297fe971c811a85d2fb7
2023-03-24 18:19:11,False,0.4805,0.0002742,3610.01,0.99,0x91...d728,https://etherscan.io/tx/0x813f97c6990492fd3dc9e9de6454af8c5a0981de865a5e8f334f70e30a39202f
2023-03-24 18:16:23,True,0.4863,0.0002765,856.547,0.2369,0x0d...0c3f,https://etherscan.io/tx/0xd4fd8a932f954e8826b185cc0c41df9a2106ef736ce18742a8750ac1c1d9d2d1
2023-03-24 18:10:59,False,0.4839,0.0002749,1000.0,0.2749,0x3c...99f0,https://etherscan.io/tx/0xe0954b35d525b3c009f7732c27277c9ef9849bed632f5699701e3f850c750a7f
2023-03-24 17:53:47,False,0.4856,0.0002752,168.392,0.0463,0x63...139f,https://etherscan.io/tx/0x9c67eb740302dc16dbce84b51fbdeec97172ff23f9dbec9365964c1d6dcf34ca
2023-03-24 17:49:47,False,0.4876,0.0002762,3667.04,1.01295,0x91...d728,https://etherscan.io/tx/0x89f7cf880bc72f2610b5bf605cbdcb872dbbcb85f89667132640a00070f4f4c6
2023-03-24 17:46:11,True,0.492,0.0002787,177.781,0.0495,0xfc...be40,https://etherscan.io/tx/0x74dc590bff93985e0282054c0e01bbe0672c79c8e7348f4e9deb6f3a5c3b03c9
2023-03-24 17:30:11,False,0.4902,0.0002774,1589.94,0.4411,0x88...09f0,https://etherscan.io/tx/0xe0b35afc90694493053d753821567ac593264320e441d831c99b75ebc05399d8
2023-03-24 17:29:23,True,0.4939,0.0002795,100.217,0.028,0x8c...8833,https://etherscan.io/tx/0xd08c5d53e2b9cdbdad4df7dc5daef73a5b06fcbe712cac57cf7e09cdc9dc74b3
2023-03-24 16:19:23,True,0.4914,0.0002794,354.764,0.0991,0xbf...daf4,https://etherscan.io/tx/0x33fc48b977c9273fecbdbad5a40c99c20f868c02e3e047ca1f09d1ab749756f1
2023-03-24 16:14:23,False,0.4893,0.0002785,3459.99,0.9637,0x91...d728,https://etherscan.io/tx/0x1add5f1be822068bd0b92711e38a2e7d4f3795ee91f06e0902172ad16dacbb49
2023-03-24 15:46:11,False,0.4958,0.0002805,4500.0,1.26265,0x55...9d67,https://etherscan.io/tx/0x62593e13eb728f4974fd1079b0a9bc0ec7c856706ee01e223f020466732883fe
2023-03-24 15:42:47,False,0.4991,0.0002825,3188.64,0.901,0xad...bbbc,https://etherscan.io/tx/0x9c5071f1782dcf4bc67ed92f84a94f63a3e9487837c2610ae930299cece6a341
2023-03-24 15:41:35,True,0.5037,0.000285,390.762,0.1113,0xeb...e608,https://etherscan.io/tx/0xe362eb17032544276f8c5db097926d87b5ed1ed1a680616cefaf826e22185bb7
2023-03-24 15:33:35,True,0.5065,0.0002849,94.1519,0.0268,0x8c...8833,https://etherscan.io/tx/0xa8272834d8923c9efa722d4c9128d267dffeb361ecfd8c6988c59c6b32952d54
2023-03-24 15:31:23,True,0.5044,0.0002839,3652.95,1.03712,0x5e...822f,https://etherscan.io/tx/0xb38880f8da0c99be577cab44628b6c55a2cb96091ada2b4f30277d2aa09bca6f
2023-03-24 15:22:59,True,0.5006,0.0002828,438.997,0.1241,0x0d...0c3f,https://etherscan.io/tx/0x10dadbaf79ebf46eb80821c0c659d7bcb0b83d42894f485b076578189d4b692b
2023-03-24 15:21:11,True,0.5013,0.0002824,1062.17,0.3,0x38...ab53,https://etherscan.io/tx/0xb9fd0d4f074cfa0196763f42ed0f45a897a798df0cea318009cdf3780e9e97a5
2023-03-24 15:20:47,True,0.4992,0.0002812,3573.96,1.00511,0x2a...06a6,https://etherscan.io/tx/0x23b8bfd0574b307eeba8fadda5ba4297db3092f535b45b773402ef6e0bdeb9ef
2023-03-24 15:16:11,True,0.4953,0.0002793,3651.97,1.02021,0x5e...822f,https://etherscan.io/tx/0x52516ad17f9049c005fe8af85df49b9fe5c1bd7112143468ed9ad152d2843c8e
2023-03-24 15:14:35,True,0.492,0.0002772,4578.04,1.26926,0x3f...c220,https://etherscan.io/tx/0xb64c88f3ee20a8ed3720412c87bab257138a1ee63d414af829903d9fb5a5302f
2023-03-24 15:12:59,True,0.4875,0.000276,173.08,0.0477,0x1a...6953,https://etherscan.io/tx/0x7478f376606c6b5409ce2fcbdef547146bd985ca86565587cd9282bbc4b28e17
2023-03-24 15:03:47,False,0.4872,0.0002762,7600.0,2.09964,0xc6...fed0,https://etherscan.io/tx/0x533a2cc1a05bd18fe7d2bfbc5e6c17c6659e56d949ffcfbe65530ed73b540820
2023-03-24 14:33:47,True,0.4953,0.0002798,198.729,0.0556,0x1f...90e3,https://etherscan.io/tx/0x89e931f44f4cf6e4a3b18a7916cd344d5e0a425b68431fc91cb03d8cb368b1f9
2023-03-24 14:03:59,True,0.4957,0.0002797,110.38,0.0308,0xa5...350e,https://etherscan.io/tx/0x41bb2578757c4daaf56a3488124264b7a5afa4bdd547c702c15e3e95f9efa17e
2023-03-24 13:56:11,True,0.4958,0.0002797,41.8517,0.0117,0x3b...3e25,https://etherscan.io/tx/0xb5286337840fbfb6601027253cc4df5a25665b2766f6bc924d00bccf065ef998
2023-03-24 13:47:35,True,0.4963,0.0002796,350.784,0.098,0x86...580e,https://etherscan.io/tx/0x0106030d1b53033addb9681e231f0a1f37d1eff8bb3dbdbd416b91153f6fcf07
2023-03-24 13:38:59,True,0.495,0.0002789,2318.04,0.6465,0xba...2fd9,https://etherscan.io/tx/0x7d98ce19bc3d5108eb18b0004443cc82b9e329afdc3cf724d9be3e9d612a2224
2023-03-24 13:38:23,True,0.4942,0.0002782,203.045,0.0565,0xc8...32c1,https://etherscan.io/tx/0xad90ba89fa4b8c5de9541daedaefa4323001fd0c4b8cd8509e2a6478a4d9bedd
2023-03-24 13:36:47,True,0.4897,0.0002772,3989.4,1.10585,0x32...069d,https://etherscan.io/tx/0x29a854a7789dae3bfc051743494a4265bb82dda04f9921c674d20b899cc3223f
2023-03-24 13:32:23,True,0.4868,0.0002759,1031.17,0.2845,0x66...14ee,https://etherscan.io/tx/0x442025893e5f1b68f73255b3b1340a178d6c8c99b6a27d8a8590223becaee1fe
2023-03-24 13:00:59,True,0.4837,0.0002755,470.585,0.1296,0xb4...46e4,https://etherscan.io/tx/0xe2dcf9a0ccafdec6242af84bab83c7107ccf6675e7c39662d5a362d454e0ee32
2023-03-24 12:57:11,False,0.4796,0.0002738,228.032,0.0624,0x70...488f,https://etherscan.io/tx/0xe3015d7bb2489d60a59630a9a85a5b3569664bd78c4ed20197e6105db35a49f5
2023-03-24 12:40:23,True,0.4926,0.0002755,175.072,0.0482,0x83...928a,https://etherscan.io/tx/0x44b4c4ed012cf9ed2788a845237186e2961ce9175b204265448b3931ea22ba73
2023-03-24 12:25:47,True,0.4924,0.0002754,180.886,0.0498,0x92...0011,https://etherscan.io/tx/0x55f5824af00204ffa858f41db1b135e5cde450d39ce8153158e0a754d707dbd9
2023-03-24 12:21:47,True,0.4905,0.0002747,2592.99,0.7123,0x5e...822f,https://etherscan.io/tx/0x59463e0bb49eb78d36f1a82bde128d8c832ed5f894f3af63ec8f50f1cd94bee3
2023-03-24 12:15:47,True,0.4883,0.0002734,2558.68,0.6995,0xfa...aa5e,https://etherscan.io/tx/0x23ce4e0b0465953acc248c64f7fccc13fbcb9ce414fc31974339588aba830175
2023-03-24 11:59:35,False,0.4855,0.0002718,2873.36,0.7811,0xfa...aa5e,https://etherscan.io/tx/0x9f8ce8aeeb76e6299b595db7a0164c3d116fcaaed07364c0ee84b92fad862e54
2023-03-24 11:51:23,False,0.4879,0.0002733,2934.89,0.8021,0xfa...aa5e,https://etherscan.io/tx/0x90f77a3f3058a382d49a4f9a1685b071bc008620611495f3b4fc26966752ca47
2023-03-24 11:48:47,False,0.4904,0.0002746,2337.06,0.6418,0xfa...aa5e,https://etherscan.io/tx/0xd27b744b446245e71054d11afdfc86c692b51fe0e15b2f61b31807dff584b118
2023-03-24 11:47:11,True,0.4945,0.0002768,114.168,0.0316,0xec...786c,https://etherscan.io/tx/0x644322a00f6d8d5f42c4929870fb1f999a04c114ddb1166e7015efc9f8252673
2023-03-24 11:40:11,True,0.4931,0.0002765,1082.15,0.2992,0xd4...8e03,https://etherscan.io/tx/0xa804c3072c0cf58774c0a8c11abec1df30a5d877f1f892f3eac79f00d6487a7e
2023-03-24 11:12:23,False,0.4904,0.0002753,2863.66,0.7884,0xfa...aa5e,https://etherscan.io/tx/0x5e3662583a354aa303b44b7f81124db06274c180ac0c43fa1f0339159168abcb
2023-03-24 11:10:47,True,0.4947,0.0002776,179.519,0.0498,0x0e...7377,https://etherscan.io/tx/0x68c473909efbbabfe31ba022103ba79775328264de5f986abb7fdc6d65a72110
2023-03-24 11:04:11,True,0.4951,0.0002769,2681.66,0.7426,0xfa...aa5e,https://etherscan.io/tx/0xcc5dc51fa13d466cd48cf3a6f04ed4aa5be894a7943b4d41c66257d052f0b1cf
2023-03-24 11:00:23,True,0.4921,0.0002753,3636.97,1.00138,0x91...d728,https://etherscan.io/tx/0x7dfdafa6696e08fca8e992a0472e31d318d49b617dd50b9bb615a89e9b610577
2023-03-24 10:58:47,True,0.4906,0.0002743,194.679,0.0534,0xbc...1c0e,https://etherscan.io/tx/0xe63433520e301262623a05d64687790dfc32752c913b587bbd9a9c49ac73e9a9
2023-03-24 10:48:23,False,0.487,0.0002728,623.412,0.17,0x27...9c25,https://etherscan.io/tx/0x2ca49ce0ec14bf5cbb6a97865da7374ea88297f608513a11bb2fdac646eb6c93
2023-03-24 10:34:11,True,0.4925,0.0002739,2649.71,0.7259,0xfa...aa5e,https://etherscan.io/tx/0xf646cfd817d41e4ee9b01b09903e74a579b72c239b4c160286b315b01a72bf0c
2023-03-24 10:33:47,True,0.4912,0.0002732,443.321,0.1211,0x38...116a,https://etherscan.io/tx/0xb78007e08d576a93c289243b5efc333796e9a3b1a188de190e4f9ae56b864730
2023-03-24 10:30:59,True,0.4893,0.0002721,3963.98,1.0786,0x2a...06a6,https://etherscan.io/tx/0x2b092c0a667464f6f892e59249a0bdd3d9a6466dd46137abf35ad8049efb36ea
2023-03-24 10:27:47,True,0.4862,0.0002704,2650.04,0.7167,0xfa...aa5e,https://etherscan.io/tx/0x19ca497cc8e521fb34e9c702eb21de2cad895a9dd48fff66d22ee13db85a0d34
2023-03-24 10:12:11,True,0.484,0.0002698,37.3764,0.01,0x41...7a16,https://etherscan.io/tx/0x74d44aa0a6cf89298490dc9ee59cce9c6971bb8f357bd3473ae0a510331cdb6d
2023-03-24 10:00:59,False,0.4823,0.0002688,2791.01,0.7504,0x91...d728,https://etherscan.io/tx/0x42fa22156b6f90ada8ad2a512867e046c8655bf1b7cdb2d5c4659bea0541de88
2023-03-24 09:33:59,True,0.4888,0.0002705,2728.0,0.7379,0xfa...aa5e,https://etherscan.io/tx/0x1b7130bd31f5483274bcaccdab86a3a075064dfd5e1db4b2bc32f71754e391a7
2023-03-24 09:26:35,False,0.4861,0.0002688,2550.06,0.6855,0xfa...aa5e,https://etherscan.io/tx/0xf604c0ad0beac039fb66c5cdf9c01fd010295fc4f2be106f6a94ceb03d72e12a
2023-03-24 09:17:59,True,0.4883,0.0002703,3071.0,0.8301,0x5e...822f,https://etherscan.io/tx/0xe3155243d333a9dddbcbd083fb956526158aec51bef0d5b2d2b520a4661ae489
2023-03-24 09:14:11,True,0.4861,0.0002688,2814.72,0.7568,0xfa...aa5e,https://etherscan.io/tx/0x8f9f4c746e749119dda9bec1eccc0a1901f5d610851befafdf05e5afac037ad2
2023-03-24 09:06:47,True,0.4846,0.0002675,2683.01,0.7178,0x09...9760,https://etherscan.io/tx/0xd18ca41364fb3105e9fba99035707353fe85706e0a6e628eec0f14410a30e128
2023-03-24 09:01:59,True,0.4832,0.0002662,2734.56,0.728,0xfa...aa5e,https://etherscan.io/tx/0xa5b7280b17a0a88d6d8f2d97f51c5586591c6d867c305e9d06b267a8ab5cdd42
2023-03-24 09:00:59,True,0.4808,0.0002649,2661.63,0.7052,0xfa...aa5e,https://etherscan.io/tx/0x92875335af6dc580e84f7a10082233a5a6b543fd172ad27c8dac8cc01e8d4907
2023-03-24 08:56:11,False,0.4772,0.0002628,452.281,0.1188,0xe8...2a35,https://etherscan.io/tx/0x6d6288bd3f2364c1223fa484c3ed6bde2f1beb215cb10467a61d99a096f9e632
2023-03-24 07:55:47,False,0.4766,0.0002629,53.9763,0.0141,0xf6...18e3,https://etherscan.io/tx/0x351091b3757e270bbf3d0cef38aefbc2c625ab54f5c409429250ba576aa571e7
2023-03-24 07:46:11,False,0.4767,0.000263,390.025,0.1026,0xe1...8bb1,https://etherscan.io/tx/0x036defe05b2e6b4d1c437387ca5dd6f5ea1275f7d9c21b9f3354fa7c1f56d489
2023-03-24 07:40:11,True,0.4799,0.0002647,144.223,0.0381,0x47...56e5,https://etherscan.io/tx/0xd6fdb12966edc10e3daec6940501709ed0712dd558dfe24171803a8ccf37c45c
2023-03-24 07:25:11,False,0.4777,0.0002637,2551.01,0.6727,0x3f...c220,https://etherscan.io/tx/0x2d56877c384ce53015940ce332d58a059d6ecda2cf41226e668badf17824899c
2023-03-24 07:18:59,True,0.4815,0.0002658,38.0946,0.0101,0xed...2a80,https://etherscan.io/tx/0xebaa2f121ab7dafb6fa4b6792fe6ffce0b793bd712890ce7292c99180925c36c
2023-03-24 06:27:47,False,0.4781,0.0002643,300.444,0.0794,0x53...a077,https://etherscan.io/tx/0x3d2034a8d22774d5642c24fdefc9a89d763c22f5a0e9c9a805d4171b868631c4
2023-03-24 06:27:35,True,0.4809,0.0002658,621.072,0.1651,0xda...f2ed,https://etherscan.io/tx/0x3a0647bc47d2d571965d8918cca863f5d47015af7ee5852716ae468ded8d5282
2023-03-24 06:16:23,True,0.4803,0.0002657,13.1718,0.0035,0x9b...8246,https://etherscan.io/tx/0x624c8909e7c143d3d158998b62b2a00e75c2e66efd501851a3bc59a762c8c876
2023-03-24 06:10:47,False,0.4785,0.0002647,2463.79,0.6521,0xfa...aa5e,https://etherscan.io/tx/0xb30867689bc61fbbef0d75142d903d84a5bf70db177b48891bbdf73c0ee82392
2023-03-24 06:10:23,True,0.4801,0.0002656,5270.49,1.4,0x43...3708,https://etherscan.io/tx/0x5d708325c3e578ff7a19eb134ee3d5d2eee9a0d102ea0a0e4911938e134b40f4
2023-03-24 06:08:59,False,0.4747,0.0002629,500.642,0.1316,0x97...9682,https://etherscan.io/tx/0x08a1ac9ea3f544a16d2420feb0d50be125c1dfc2015f1949cbd97c080fb38351
2023-03-24 06:05:23,True,0.4777,0.0002645,187.334,0.0495,0x6f...c1de,https://etherscan.io/tx/0x254bae7a018dc7206ba44236b74d0838e4ebc137f34ea98ce7b5e57be6ff91c4
2023-03-24 05:58:23,True,0.4773,0.0002645,103.342,0.0273,0x09...cdc4,https://etherscan.io/tx/0x58d88375a1ee368a6f77561aa67a57ca34c8fc26ff18c75791c47e3f776c6cb4
2023-03-24 05:54:47,True,0.4782,0.0002644,55.3456,0.0146,0xed...2a80,https://etherscan.io/tx/0x6cf839648f3a4907b57becc3e74c26805ddf91f46478a1b07e2c5a2f867fd330
2023-03-24 05:35:35,False,0.477,0.0002634,2313.92,0.6095,0xfa...aa5e,https://etherscan.io/tx/0x73157e33a6f0c656013cce631b4b13c2382c8c7dcd5cdec7cdd66ffbc59bf429
2023-03-24 05:34:11,True,0.4811,0.0002655,102.715,0.0272,0x40...b276,https://etherscan.io/tx/0xc1e1fc26ea219ea4dc6806ebc0407d5943366b7c915a922a8de5a91d9027f7c1
2023-03-24 05:16:35,True,0.4796,0.0002645,3854.6,1.01985,0xfa...aa5e,https://etherscan.io/tx/0xb2f70f9bab22dc50bb0eff6822cbc2fb656c34abd2109d094801a8acf40a7701
2023-03-24 05:16:23,False,0.4767,0.0002629,3798.18,0.9988,0x23...9898,https://etherscan.io/tx/0x7c852d3dc0b6ca5f331a5b8be18077fa37b7a758837e3338823093fe0464d3d2
2023-03-24 05:08:11,True,0.4814,0.0002654,138.175,0.0366,0xa9...fe90,https://etherscan.io/tx/0x77f8047818ee71f1b8888cffd1bb0bc9126b7d094e0b1b3ccda251e2767c6ff3
2023-03-24 05:04:23,True,0.481,0.0002653,41.1233,0.0109,0xb0...e844,https://etherscan.io/tx/0x455e529c3a114f34c0aa41754932afc92f801aeed83ee6b27233ca11b10a45ff
2023-03-24 04:28:47,False,0.4785,0.0002642,2000.0,0.5285,0xb7...5b77,https://etherscan.io/tx/0x0735575890578e974de6f414015fe0c5c3c0e2cf148854c5b0370ba1a7a9cc9e
2023-03-24 04:13:47,False,0.479,0.0002647,91.8001,0.0243,0x25...d994,https://etherscan.io/tx/0x35040bf70ba4ab0f3b2ffc0d000e19c1770938f5fa18a767b453de1fd97d3183
2023-03-24 04:07:59,True,0.4822,0.0002663,69.7341,0.0185,0x31...7b99,https://etherscan.io/tx/0x74b5c45ade39e74ff94fd3e12b8298eec73cf49226bd564a08572d819c41e478
2023-03-24 03:49:47,True,0.4834,0.0002663,88.2233,0.0235,0x31...7b99,https://etherscan.io/tx/0x734239aa8dd94d473efc719f73ce7acec5925a1e074ff4037511ba834780693d
2023-03-24 03:46:35,False,0.4803,0.0002647,100.276,0.0265,0xa4...7388,https://etherscan.io/tx/0xba193026ee4e69ba027e4a5bd6918366b2b128efa960706e279884206bc0c248
2023-03-24 03:44:59,True,0.4832,0.0002663,40.878,0.0108,0x38...8d8e,https://etherscan.io/tx/0x08e30ec7ce96b88eb8435c7d5ca734ea620f86f3a9a52a3afb1e417d5e082d23
2023-03-24 03:37:35,False,0.4814,0.0002653,2697.04,0.7157,0x91...d728,https://etherscan.io/tx/0x4245ddfa022fd7e2f16853c9bfd627f54e7d2bbeba1eda7efc8d9ae0084329b4
2023-03-24 03:17:47,False,0.483,0.000266,100.0,0.0266,0xf3...7975,https://etherscan.io/tx/0x398360903cf003d58f5f92fde04aec66ed32fe3b987c1c5c0a53c3c37775e885
2023-03-24 03:00:35,False,0.484,0.0002667,2884.0,0.7693,0x5e...822f,https://etherscan.io/tx/0x552aa4c65101d0d5f646f4e89b69a0a6a5f006012bb95bbebc72ffef3b030a8a
2023-03-24 02:55:11,True,0.4885,0.000269,251.088,0.0675,0x73...c06a,https://etherscan.io/tx/0x83f6272a99742f8c9731f0f936445979793cf3abe4b56d8e3f5a9774112e578c
2023-03-24 02:52:47,False,0.4855,0.0002673,55.9369,0.0149,0x15...7a91,https://etherscan.io/tx/0xed60689b83796959759fd01dd4b091cbc657ac27e4f9842864d4d8b293dbdebc
2023-03-24 02:48:23,False,0.4869,0.0002679,2532.79,0.6787,0xfa...aa5e,https://etherscan.io/tx/0xd91de3d4f1239b68444b91294bb48f8bf0bc6f55846c7f96059828458df44497
2023-03-24 02:30:35,True,0.4899,0.0002701,100.999,0.0272,0x84...efe0,https://etherscan.io/tx/0x4574b55586c8eaf6d441514b650d930a792bf932f271f2f16c4d8797eae30935
2023-03-24 02:28:11,True,0.4897,0.0002701,39.0925,0.0105,0x08...af8b,https://etherscan.io/tx/0xa8dccc02ecc6a394d60aa2402038fce543e0120657620252e2b2878a5365e196
2023-03-24 02:27:11,True,0.4887,0.0002696,2137.02,0.5761,0x57...7d89,https://etherscan.io/tx/0xd91ca48f94db57d27b9ae1dfe4b0ef6af2516204f9009a800355e5268e59e33f
2023-03-24 02:26:11,True,0.4877,0.000269,19.6332,0.0052,0x08...af8b,https://etherscan.io/tx/0xb0d8ebd801d7aa0c9ebf74a1058ac4ec809267b7256e63323972f17e7d80f9aa
2023-03-24 02:08:35,True,0.4864,0.000269,40.6172,0.0109,0x33...87db,https://etherscan.io/tx/0xd388f855d03ae0449648dd34de0d9b89a8ad3c2db8115b17464adc110ba824a8
2023-03-24 02:06:35,True,0.4868,0.0002689,304.724,0.0819,0x2c...cbc9,https://etherscan.io/tx/0xffbdf6abb2a1e1f29b93ff2606ea8c458b1ebef43b5f334b1f6637294453ac08
2023-03-24 01:56:35,False,0.4845,0.0002674,736.25,0.1969,0x7b...97c5,https://etherscan.io/tx/0x0f754a1267937cf3ff2d3ec6f08282be24aa28b58e0fedd14a402b75ad4e8cb4
2023-03-24 01:34:11,True,0.4889,0.0002692,2.02067,5.441e-05,0xa7...ad0d,https://etherscan.io/tx/0xe738c34f505994664cb465674c1046b8a91ab8cdf303d126091bed8232cb2820
2023-03-24 01:21:59,True,0.4889,0.0002692,139.514,0.0375,0xbf...56d2,https://etherscan.io/tx/0x1510d47e6b9b4ee886e56d053bb57a717454ddc132f8f8e1ad27f1f8fa9c0547
2023-03-24 01:16:11,False,0.4872,0.0002684,3555.42,0.9544,0x4b...1402,https://etherscan.io/tx/0x6488bdd76b2575806c1949e4c52effc2609730e8774593b13c88fa35e19f5b1d
2023-03-24 01:08:23,True,0.4914,0.0002708,500.0,0.1354,0x0f...afdd,https://etherscan.io/tx/0x0093047eefe1c6e1f416743488c056d90d59159e6d91f012e40a70d9ad2010bb
2023-03-24 01:05:47,False,0.4882,0.0002691,80.3668,0.0216,0xe8...d33c,https://etherscan.io/tx/0xb97393552cd8f8e7f3b605fc5ea1c46cc726a3684a0622dd4e03a9a1b41862b8
2023-03-24 01:04:11,False,0.4883,0.0002691,124.138,0.0334,0xd2...2da9,https://etherscan.io/tx/0xd5db801cb96b8b5011fc092ff0939462c06b839e6fafa4e13f06244d7d7e389b
2023-03-24 00:57:23,True,0.491,0.0002706,616.826,0.1669,0x5e...dee0,https://etherscan.io/tx/0x5d503a8c82265d006a15f0957e0f0d06b2e2f1ab73752a3b1126b7fa07d73ae4
2023-03-24 00:46:23,False,0.4881,0.0002689,222.0,0.0597,0x0e...645e,https://etherscan.io/tx/0x4a45d2a8594bece329ff25fe477fd15ec3bb3ac5c9864dd0e1272b2afd27d030
2023-03-24 00:44:23,True,0.4915,0.0002705,403.09,0.109,0xb4...5e52,https://etherscan.io/tx/0x30eea861669dffefbad6b08a67aaed4015946e4031c33ac057855a9221cff227
2023-03-24 00:39:11,True,0.4913,0.0002704,18.3293,0.0049,0x43...c3d0,https://etherscan.io/tx/0x165d2e6a613e499b116f8060598b7e557c8812ca149206404665b7abf29ebc4f
2023-03-24 00:34:59,True,0.4907,0.0002699,1652.14,0.446,0x60...dbb0,https://etherscan.io/tx/0xc2ad7c16e1c2873c6d28fd32654c3032d50afec4bc8e05216ef30f24bbda7ffa
2023-03-24 00:13:35,True,0.4825,0.0002662,14496.1,3.85891,0x04...c34c,https://etherscan.io/tx/0x31de1c73c50f580f14f2c346604d65b53fa6aed3200b903afca6bf94f7df3949
2023-03-24 00:13:35,False,0.4819,0.0002658,20129.1,5.35121,0x65...ed08,https://etherscan.io/tx/0xab7b5f336b1040bfbfdd33495f0c9825ef43309b7a3222eef1e00bd4de811377
2023-03-24 00:12:47,True,0.4847,0.0002674,20603.6,5.50996,0x04...c34c,https://etherscan.io/tx/0xfa74a88adfc072a5654a29e2b3270d1192a072272e07c87c1d3cfcf299333ca8
2023-03-24 00:12:47,False,0.4814,0.0002655,20017.7,5.3159,0x65...ed08,https://etherscan.io/tx/0x653d7166a4eb46e71463fe47c4c0dab4504463ae6e9e9bcbfee63e06360c40af
2023-03-23 23:47:47,True,0.4918,0.0002718,456.85,0.1242,0xe8...2a35,https://etherscan.io/tx/0x341d1ef3fcbdc60845c944206524492bd04faaf6077a0619807d5e49facec211
2023-03-23 23:08:35,True,0.4923,0.0002717,89.9967,0.0244,0x41...c2ab,https://etherscan.io/tx/0xc145a62b5134e92d2b6c80b228725eb1b478f5c9bc4f1378b96b2068c9ef3545
2023-03-23 23:06:35,True,0.4924,0.0002717,40.1124,0.0109,0x95...19c1,https://etherscan.io/tx/0xef465e8904b7fbc7af3de78ffdb5b873fb75dc0232d5b78f55c13653328265bf
2023-03-23 22:54:23,True,0.4916,0.0002711,2193.23,0.5947,0x91...a1c4,https://etherscan.io/tx/0x56e6117a8578ec0cf8099f2ae5561f32a49d7a7b3b16a67671d4365d5a7b7d8c
2023-03-23 22:40:35,False,0.4869,0.000269,235.916,0.0634,0x1c...2866,https://etherscan.io/tx/0x593e4f631c58a202a3ad32b859b7fe84fc73a3e74eaaa260d91eaf038a866e5f
2023-03-23 22:34:35,False,0.4875,0.0002692,319.593,0.086,0xce...169a,https://etherscan.io/tx/0xe6fa5e2a414d53d9e9e87a8755af9c6e5f178ccf969a44b93ed7809af53e539b
2023-03-23 22:27:59,False,0.4883,0.0002698,2171.37,0.5858,0x86...b20e,https://etherscan.io/tx/0x391e3995d25f517f245e362bef9e2597c20ff2ba99ab9bf691ba60c81814cc3c
2023-03-23 22:17:59,True,0.4907,0.0002718,597.621,0.1624,0xcb...71ec,https://etherscan.io/tx/0x6c26b69b5fd34d551d480d03ead03949c7b3ba0b8930bd4f31568c92b7c64c1d
2023-03-23 22:05:35,True,0.4922,0.0002716,6.2993,0.0017,0xf6...a5ef,https://etherscan.io/tx/0xee6c8ba51d744d4cf21e556fa81b1118526cddd3c67f522e9faf88905bd3e363
2023-03-23 22:01:59,True,0.492,0.0002713,1330.07,0.3609,0x2e...f345,https://etherscan.io/tx/0xe4f0438a529159cded003a0273601ff9810f244116b463d5fd9bf3496b2299cd
2023-03-23 21:45:11,False,0.489,0.0002694,209.185,0.0563,0x98...93a8,https://etherscan.io/tx/0x7c36ceec85cffbfc7308f974b8c0826f8e991117fe47ab3aab03f0f146c27468
2023-03-23 21:43:59,False,0.4892,0.0002695,173.969,0.0468,0x91...dc25,https://etherscan.io/tx/0x0104f1d53b85017a1d8220c41f3c4c7285fdc4e46ce749255ecb81b0ee4952d1
2023-03-23 20:54:59,True,0.4923,0.0002703,3455.91,0.9343,0xfa...aa5e,https://etherscan.io/tx/0xffdce94a8318a561eb22381c792ec814f2b1b520ddc5607dd2a30780f99f902d
2023-03-23 20:49:59,True,0.4884,0.0002694,159.477,0.0429,0x46...63cf,https://etherscan.io/tx/0xc65f5f356a1b73194a23388d97caf2b94da7709a462f17da0e3cbd86621a8ad1
2023-03-23 20:45:23,False,0.4844,0.0002678,157.641,0.0422,0x2e...f345,https://etherscan.io/tx/0x2a3f435271ec16685b5a37073ada959b41526a96bfdf975fa67ca04e6128b732
2023-03-23 19:54:35,False,0.4842,0.000268,500.0,0.134,0xfe...4461,https://etherscan.io/tx/0xa28523172c552287ca50e1c81e401a04bea851974fddefe38d338bd9735250db
2023-03-23 19:48:59,False,0.4855,0.0002683,1013.32,0.2719,0x74...4403,https://etherscan.io/tx/0x299ccd8a8fe197542fc085aa9f40b5538857e076903fbc5bce28bbae418873d3
2023-03-23 19:36:59,False,0.489,0.0002687,275.827,0.0741,0x3c...9651,https://etherscan.io/tx/0x11429017843876fbb819cebcf61eeaa0651e117c6ec48227d95228b4f339dce1
2023-03-23 19:27:35,False,0.4894,0.0002688,202.86,0.0545,0x4b...8ceb,https://etherscan.io/tx/0xe50d85b41c2dcf5f128392a2eb109f1abb12471fe64ee582f5d5752b007838b8
2023-03-23 19:20:35,True,0.4933,0.00027,1776.15,0.4796,0xb7...c063,https://etherscan.io/tx/0x5b119f24acd99ea2477ab4ad2321443dac3675f49e9ce3c51195670ad1b490fa
2023-03-23 19:10:59,False,0.489,0.0002681,425.114,0.1139,0x4e...135f,https://etherscan.io/tx/0x4a3456456d30cdbc9763eeb4d5afb90a002043f0de89a94460ab0d4ff35180b1
2023-03-23 18:57:23,False,0.4901,0.0002685,1275.34,0.3424,0x4e...135f,https://etherscan.io/tx/0xd7b9af4b3cef5244f3f9786167d70a9bc6207a7849ec30b46757e9ea6141dc51
2023-03-23 18:49:47,False,0.4912,0.0002688,185.964,0.05,0x0e...ed80,https://etherscan.io/tx/0x317b1cde76c3429562a42ac057851123cef2575a889cce7a398b53bac3b00e39
2023-03-23 18:46:59,False,0.4929,0.0002694,2231.57,0.6013,0x0e...ed80,https://etherscan.io/tx/0x09a23268f566cdbbb574a2cf2ae720f472fc79cd684ee8e1c64b30c07467466b
2023-03-23 18:33:35,True,0.4946,0.0002715,236.152,0.0641,0xa3...c96e,https://etherscan.io/tx/0xf19c440ebf9de5319c30b2d98c4c25657f639a74abcf04360bbe6fd7b4b72e78
2023-03-23 18:27:23,True,0.4937,0.0002715,53.9978,0.0146,0x90...dc6c,https://etherscan.io/tx/0x9fba8d392ff7aa6f1d73a3dfbff1807a38f1bbf1e6d6579be4a96ade70645f75
2023-03-23 18:20:11,True,0.4946,0.0002713,632.907,0.1717,0x60...720a,https://etherscan.io/tx/0x87145ba20179394c5100d50753d9525bc9e6a990e741749aad3a0d3d4a7536f8
2023-03-23 18:05:23,True,0.4965,0.0002711,298.973,0.081,0xa7...56c9,https://etherscan.io/tx/0x9e1fcc74f12c1f42deb9907f6affeffac78721c2a465c0873f4139ab7a4fde41
2023-03-23 17:54:35,False,0.4928,0.0002695,406.0,0.1094,0x9e...7605,https://etherscan.io/tx/0x1c34ddd4eb31893b4afbfb88709f5d60e1f90fcdb42966742d17ed9fff3eea89
2023-03-23 17:42:11,False,0.4925,0.0002701,2000.0,0.5401,0xff...b2f6,https://etherscan.io/tx/0x2a8b59c94974f356f8ef39c41fee39f8a26e55c62c50b962961733f7c0347081
2023-03-23 17:21:35,False,0.4949,0.000271,1759.68,0.4769,0x11...d4a8,https://etherscan.io/tx/0xd6f97a2a7ca82e1c48c09ce72c023a14c2357e8e3b023cea64bee6a514d7a718
2023-03-23 17:00:23,False,0.5003,0.0002722,3228.77,0.879,0xfa...aa5e,https://etherscan.io/tx/0x28496c2f905cd7a7335e2ab1d0fbc874ec1880c4d2ea559beab8a71b05d0bfde
2023-03-23 16:44:47,True,0.5046,0.0002746,99.9,0.0274,0xd6...35ea,https://etherscan.io/tx/0xdd20db18d3c5e05c5ddafa4c1ba05256b6d2dbe0bb1f8d43b987708b100ba23a
2023-03-23 16:39:35,True,0.5037,0.0002736,4195.95,1.148,0x91...d728,https://etherscan.io/tx/0x39014114f362dad72c7b9608ad491077b0d62f42d8baf0c3d7e3262cc3d13400
2023-03-23 16:38:35,True,0.5006,0.0002717,3317.03,0.9013,0x3f...c220,https://etherscan.io/tx/0x7dd6016b2a39f6f2bc3ed80cdd1ffa79b467e11a635e2662df7bfa2fa270a2a1
2023-03-23 16:38:11,True,0.4982,0.0002699,3733.96,1.00815,0x91...d728,https://etherscan.io/tx/0x1af1fe90d83dfb11b295d6458cd1c445a2fc03dc47a06b0f15d2a8c865e8943d
2023-03-23 16:27:35,True,0.4939,0.000269,39.6928,0.0106,0x99...ab6f,https://etherscan.io/tx/0x6d9ce99cf592e6891c78b44084ca3e69fc4ceb4a9cf5607e155ec2d6f5b3e063
2023-03-23 16:20:35,False,0.4949,0.0002688,5906.46,1.58818,0x8a...171f,https://etherscan.io/tx/0xd5f94a67fa841ae26240514d73c5e650f65ba60536536b0e654cec51a246c9c4
2023-03-23 16:09:23,True,0.4928,0.0002707,5078.06,1.37464,0xa8...33b5,https://etherscan.io/tx/0x8ffa26c68887f5dff5bbec84ee222dbca543bc20eb718bc4f40e226694bc03c0
2023-03-23 15:55:23,True,0.4776,0.0002694,176.841,0.0476,0x16...d6b9,https://etherscan.io/tx/0x9fec76a66f63ef36db79ca29273f935051c47630dbec60e93de3aa1b9faf6bbc
2023-03-23 15:37:11,True,0.4658,0.0002666,11197.7,2.98601,0x11...041f,https://etherscan.io/tx/0xc51214ea6e2ae23e48d9725a09b14ee958d7edec0a0bc24c887f9643207debe0
2023-03-23 15:37:11,False,0.4603,0.0002635,4863.38,1.28177,0x8a...579a,https://etherscan.io/tx/0x844baee5ab9d50558831d7384f97c0780c304d1cf0c5f332582ea40cdaa6de35
2023-03-23 15:37:11,False,0.467,0.0002674,11197.7,2.99425,0x11...cdfb,https://etherscan.io/tx/0x0a47bcc64d6f46dee745c3b112f1136a143c5c11022c27a7223916e8150c82b6
2023-03-23 15:22:59,True,0.4749,0.0002717,24.9306,0.0067,0x2e...c23e,https://etherscan.io/tx/0x02d66dfc501cacd5aca2fe441d4a9325b372221adf2af9db34a0fc4dfb548ed5
2023-03-23 15:15:59,True,0.4742,0.0002709,3133.97,0.8491,0x91...d728,https://etherscan.io/tx/0x3cd73a87a03fa5e825c45e923d1a0998d7834cbd366b785ba991930d7ba9b9d7
2023-03-23 15:05:59,True,0.4715,0.0002701,52.3129,0.0141,0x37...4c58,https://etherscan.io/tx/0x7ed53867f2e46e78ad36074d96eb0f48b03916cdd10033a61890986f393a4510
2023-03-23 14:54:11,True,0.4701,0.0002694,2892.04,0.7792,0x91...d728,https://etherscan.io/tx/0x4ebd00f75a665048136e0f09383941c38531c72d8a6e521c3cf3cf9067a043df
2023-03-23 14:53:35,True,0.4673,0.0002678,4243.74,1.13678,0x31...8903,https://etherscan.io/tx/0x3b364f0a96cdf66fd473bea4b0ba1325f418f48b7c1c92918f53404f845984a1
2023-03-23 14:53:23,False,0.4641,0.000266,4000.0,1.06421,0x65...ed08,https://etherscan.io/tx/0x0d4c98e790abb25c55cfeaa476f43c7a3a2586a3cff1a691d1f5574047632e0e
2023-03-23 14:52:47,True,0.4694,0.0002691,7093.49,1.90899,0xbf...6286,https://etherscan.io/tx/0xd1421bd95433df8e3017e25be4e8eb1304d09d0866c0424ea6116e6e6fc109d3
2023-03-23 14:52:47,False,0.4648,0.0002664,12000.0,3.19776,0x65...ed08,https://etherscan.io/tx/0x4c02e3e42c493a043a008dda544df3e4a88b75387a74acee9144a58176646b6c
2023-03-23 14:52:23,True,0.4683,0.0002686,10562.6,2.83741,0xc1...0e75,https://etherscan.io/tx/0x3b3f7ff29469a73e2457071e1faf4e55d0eaa1b3e28d6e2ab10ee5385c6664df
2023-03-23 14:52:11,False,0.4649,0.0002666,10000.0,2.6667,0x65...ed08,https://etherscan.io/tx/0x631b722ea1ab40e198556196d613e00786baf3a135f82f675f6c997c9f6f1ab5
2023-03-23 14:51:35,True,0.4706,0.0002699,3213.07,0.8672,0xad...bbbc,https://etherscan.io/tx/0x45c589155197e3fccbd84afb4a2e2f3761486a3101729740f93ebb743500b3ae
2023-03-23 14:51:23,False,0.4681,0.0002684,4000.0,1.07396,0x65...ed08,https://etherscan.io/tx/0x1f02b25b5bfd98bef608c08fc961c66bcd11e635f115f3503d57b58364160444
2023-03-23 14:49:47,True,0.4679,0.0002683,11170.2,2.99759,0x11...041f,https://etherscan.io/tx/0x332fb11693a05a0ebcd398e6273c6f9227bcb6caf033dcd3737b290d1dc09460
2023-03-23 14:49:47,False,0.4621,0.000265,4000.0,1.06009,0x65...ed08,https://etherscan.io/tx/0x7c878b60801c461b848a083616766e6bfdb20548ed15658d84c0b156c956e48e
2023-03-23 14:49:47,False,0.4684,0.0002686,11170.2,3.00125,0x11...cdfb,https://etherscan.io/tx/0xe9e9e38ab64c74b4c54b207719ad0bf1a530e4b16709284278d164b9c988005b
2023-03-23 14:49:23,False,0.4733,0.0002714,317.049,0.086,0x80...6b38,https://etherscan.io/tx/0x1910980cf6a8a77f2fad92896befa8e914cd126e15e3b0a9fa837b2b1626943d
2023-03-23 14:34:23,True,0.4768,0.0002724,2925.88,0.7972,0xfa...aa5e,https://etherscan.io/tx/0xf89ecae77675339f720a4046454fd36528d5f7cb798c74303fe062e9140df4a6
2023-03-23 14:29:59,False,0.473,0.0002708,2963.02,0.8025,0x2a...06a6,https://etherscan.io/tx/0xb9511ec99fa5b3fb47e59700e9721d52cd7d5d2b3f2b678711adab2b059c07cd
2023-03-23 14:22:11,False,0.4757,0.0002722,2842.04,0.7738,0x91...d728,https://etherscan.io/tx/0x8d01c3d430b73e5535f16f52d5013081e923109b254449616cb220c06c4f0d44
2023-03-23 14:16:11,False,0.4786,0.0002736,2725.03,0.7457,0x91...d728,https://etherscan.io/tx/0x1f0cb50572fca74e5281a6ad4a16bdf36a7cc25bb77920f22870e61fd6d409e0
2023-03-23 14:01:59,False,0.482,0.0002752,3730.04,1.02686,0x5e...822f,https://etherscan.io/tx/0x081f38cfc7a5f59d59bf522843135b1a50325a4dacd7e0cc1ac0da151673a1ea
2023-03-23 13:44:11,False,0.484,0.0002764,1010.54,0.2794,0x86...b20e,https://etherscan.io/tx/0xa6c050d88f1454ed13db8ecc2f078f42c2a5ae43b70794c4ee84e450e0222b84
2023-03-23 13:34:35,False,0.4853,0.0002768,507.613,0.1405,0x14...165c,https://etherscan.io/tx/0x687a5b7ef408ecbdf9d9360da365c5547aba852be865c909df7973ad3ae7beb1
2023-03-23 13:34:23,False,0.4856,0.000277,76.9372,0.0213,0xc2...47b9,https://etherscan.io/tx/0x810bc01c94ef159890ac8bcab8a528ccac958c31ffc7026b6f74d4fe11e7ba3e
2023-03-23 13:33:35,True,0.4884,0.0002786,101.076,0.0281,0x48...5ce1,https://etherscan.io/tx/0x4f8da22db1c6b89e7c7e74b18efa9f12f7eb6638d7e48df2b0d64b2a2be13a54
2023-03-23 13:03:47,False,0.4873,0.0002778,3180.98,0.8837,0x91...d728,https://etherscan.io/tx/0x605b27af4dee2bfc158a3bbbcfe43e3b0cdf6f2464d5f815f5bb80ecacc81543
2023-03-23 12:58:59,True,0.4916,0.0002802,188.514,0.0528,0x16...f596,https://etherscan.io/tx/0x61251e1b47d00b50e6f4779b13b9c7c3b2d26e155853b949d115159a11101786
2023-03-23 12:44:35,False,0.4868,0.0002785,72.7866,0.0202,0x68...c31f,https://etherscan.io/tx/0x49c2f30a267e85cbfdd91aa237aa854a26f43a3eab40775bb06ca976d80cf08a
2023-03-23 12:37:23,False,0.4884,0.0002792,2630.99,0.7346,0x91...d728,https://etherscan.io/tx/0x6c331b818dcf6f0d6cd40c757717e583a13086577ca878cd5b0127809a54e20d
2023-03-23 12:28:11,True,0.4917,0.0002815,88.3398,0.0248,0x45...ffe2,https://etherscan.io/tx/0x160c286c22b005cac0020b774bb2ddb2e24595c1b40b7bb65c95f4d6aa1f1671
2023-03-23 12:00:11,False,0.4902,0.00028,542.464,0.1519,0xfd...71a7,https://etherscan.io/tx/0x1476af0a36f5166f0614bd9c6f3fc76b395eef7f6bb5af1fd0d7baa421f80c4a
2023-03-23 11:58:59,False,0.4904,0.0002801,21.6985,0.006,0xfd...71a7,https://etherscan.io/tx/0x4345781a36c75cb5aef7a2fe9ebbadccc75e8a568d9217e702b15effb54cc877
2023-03-23 11:57:35,False,0.4918,0.0002808,2555.85,0.7177,0xfa...aa5e,https://etherscan.io/tx/0xa2896793a29966d9fcd0f25118b0a67ebddfa522101b07179eaf1c43a9eb0b80
2023-03-23 11:14:23,False,0.4944,0.0002815,169.0,0.0475,0xcb...3b0e,https://etherscan.io/tx/0xbe25d3c5fe1a219a11c99efb1b76a2a94aaa89c3c18136b12a392d0b15d96c62
2023-03-23 11:13:59,True,0.4964,0.0002826,2345.9,0.663,0xfa...aa5e,https://etherscan.io/tx/0xbf1b94fae2c8fa5dfc6dfbb048eeb7b3586672c646c91a0bdb3524ac171db5c8
2023-03-23 11:08:23,False,0.4931,0.000281,2501.88,0.703,0xfa...aa5e,https://etherscan.io/tx/0x7a59cb81898874f7fa70cb52c3ff4623950731f3824ae54cc01a50f47425c44b
2023-03-23 10:55:11,False,0.4954,0.0002825,4061.0,1.14743,0xcc...437d,https://etherscan.io/tx/0xb968bf5aa8a9c221bb94972edc41543bbc8d12851306cc9eda114a0e3b4bbd71
2023-03-23 10:51:59,False,0.4984,0.0002844,2415.33,0.6869,0xfa...aa5e,https://etherscan.io/tx/0x446fb3383457a85d31d5c7be8822055eaa4e7dd0a6b3902fe67b7d64dd7aa09a
2023-03-23 10:42:59,True,0.5022,0.0002867,5.90278,0.0016,0x40...7d58,https://etherscan.io/tx/0x5c3fd99514959f88c1ef4c360c74131938e1f2bd8f9158d7aea13f27ddb41f48
2023-03-23 10:41:11,False,0.4992,0.000285,50.0967,0.0142,0x91...dc25,https://etherscan.io/tx/0x278a32a34dbde942974495967bc41363059291943e62468f14a476304d214539
2023-03-23 10:34:47,False,0.5001,0.0002856,2171.11,0.6202,0xfa...aa5e,https://etherscan.io/tx/0x34f1b5e2b401098a62866cdeb77cbb849b856de831540cd7d2ee18b49bf0f955
2023-03-23 10:13:11,False,0.5021,0.0002868,2134.17,0.6121,0xfa...aa5e,https://etherscan.io/tx/0x3b76e7073d87c7f6cac555bfc6643c852456b61d06f6654666baf61116ee8b0d
2023-03-23 10:12:23,True,0.5061,0.0002891,104.879,0.0303,0x4a...866b,https://etherscan.io/tx/0x2000a72435b2ae693b7a562d3cba9b3845a1e16f304c87437f1c1f6b099f0236
2023-03-23 10:05:47,True,0.5059,0.000289,136.627,0.0394,0x7b...d587,https://etherscan.io/tx/0x83dd45a066b95cba65708dd417b75eea567a9c3eb9c3dcb54d3c8c8ba5cdeef8
2023-03-23 09:55:11,False,0.5042,0.0002877,1918.56,0.5521,0xfa...aa5e,https://etherscan.io/tx/0x52a9a4eb901b6e5764818f2d2148d24ba3a4f10d5e4a8b0c859ae31363c9d17f
2023-03-23 09:46:23,False,0.5052,0.0002884,655.41,0.189,0x49...6cf4,https://etherscan.io/tx/0x7f4a46b83bf02625cd339efc7a07b04a90ae6af2d1633f1160f1bd06a2937b5d
2023-03-23 09:43:11,True,0.5078,0.0002903,84.7371,0.0246,0x49...2360,https://etherscan.io/tx/0x746b4efbd4a2ce8c7589c35cdf143e1c5da0b5aff724d67f34de73c72a595d25
2023-03-23 09:38:35,True,0.5068,0.0002898,1767.22,0.5122,0xf2...2fa6,https://etherscan.io/tx/0x75786db46799d95ba3b0dca865bbe36c9f24aaab686c0a8fd1c982038b4e4b7a
2023-03-23 09:37:59,True,0.5044,0.0002884,3938.06,1.13596,0xc1...0e75,https://etherscan.io/tx/0x67eb47a3e88c7f7f49e3e29dced0e73967aba5fa1d41b8c572db90df635856a8
2023-03-23 09:36:11,True,0.4997,0.0002857,5965.09,1.70476,0x49...96b8,https://etherscan.io/tx/0xbf4b66371784f2d586339cae4e01c9e48f60f0e000753322e727fe3f9ebe6f57
2023-03-23 09:35:59,False,0.4961,0.0002837,5038.6,1.42945,0xc7...fee8,https://etherscan.io/tx/0x13bdce8dc13e5c6c630b0253f3df306bff709cec9e6fe22de3537c1cd6b5b5b9
2023-03-23 09:28:11,True,0.5009,0.0002861,2182.37,0.6245,0xfa...aa5e,https://etherscan.io/tx/0x970e3f15b831dd6c5ac34345e453945be9e7d6e453ad9837047e5eebed9b421f
2023-03-23 09:22:59,True,0.4991,0.0002849,2482.0,0.7071,0x91...d728,https://etherscan.io/tx/0x76019b4b6fe95843a3288819f9ae1d092209f81d367bdcab8e708e2625a6baaa
2023-03-23 08:07:59,True,0.4964,0.0002836,2465.67,0.6992,0xfa...aa5e,https://etherscan.io/tx/0xa60862005d75a156e026bfa5c5db3cc8577b4de96a17e2518879ccf263e215cd
2023-03-23 07:58:23,False,0.4922,0.0002812,50.0,0.014,0x62...7840,https://etherscan.io/tx/0x6192d7ed634f9432abf80f19633f867a9a6a0b18749d2329fc06a9f464e52221
2023-03-23 07:33:35,True,0.4956,0.0002828,359.01,0.1015,0x5c...4335,https://etherscan.io/tx/0xf78f04ba78cfcec013ddb069ae7b11458f7f824c4304974c49c983ef0bd81330
2023-03-23 07:25:35,True,0.4944,0.0002821,2375.97,0.6704,0x3f...c220,https://etherscan.io/tx/0x0fb9668ceb2072ed939b8b37e240d2b59aeda1cda09772c3dda7d4547f78c066
2023-03-23 07:11:59,False,0.4902,0.00028,511.18,0.1431,0x23...9898,https://etherscan.io/tx/0xdec6848f7bd3c11f202cabacc212176b75ec54529cbf656e9ad9c824a99de0bd
2023-03-23 06:45:59,True,0.4911,0.0002812,2140.0,0.6019,0xfa...aa5e,https://etherscan.io/tx/0xc3f92420e11672373bb9b6a93406f1f3100aadb1e6bd77cf97454f9831ca9657
2023-03-23 06:44:35,False,0.4876,0.0002792,1000.42,0.2794,0x49...3879,https://etherscan.io/tx/0x605ce092d045aa4249a8901eda8fabb09df7cc4ab63a8603d0d5ae515b8f1c99
2023-03-23 06:44:11,False,0.488,0.0002796,300.0,0.0838,0x94...7ed7,https://etherscan.io/tx/0xc1680dfe90f24b2f641730eeafe2b17c5c8751bf81c07d47461d0079a597b1de
2023-03-23 06:39:23,True,0.4897,0.0002808,2196.29,0.6167,0xfa...aa5e,https://etherscan.io/tx/0x29727e51f29b1f91388f9f50d28349f6789a2073bc0f6f8df38af8e31c55f952
2023-03-23 06:38:35,False,0.4864,0.0002788,1060.0,0.2955,0xee...db8a,https://etherscan.io/tx/0xfaea49f1eed8fd9b5df8f97fd7e8ec6ce4dc6010de5bdecbe1a00b673b286605
2023-03-23 06:38:35,True,0.4887,0.0002801,2483.02,0.6956,0x5e...822f,https://etherscan.io/tx/0xac32e636aef7de32b6c7b8d57f55cd734f4f2f41987d84039de3edabb9f38537
2023-03-23 06:37:59,True,0.4866,0.0002789,2230.99,0.6222,0x91...d728,https://etherscan.io/tx/0xbdec380fe239cdb125720d0d607828cb8c5cc418bcd06ade5a15653f4ea19a96
2023-03-23 06:34:23,True,0.484,0.0002778,2161.21,0.6003,0xfa...aa5e,https://etherscan.io/tx/0x2866a2a1d36face7870d3830d573793fb83cd19142047e8a7d3fd2ebc56c3a9e
2023-03-23 06:13:47,True,0.4805,0.0002772,150.184,0.0416,0x67...dda4,https://etherscan.io/tx/0x81b191f13f287598e0c7de779d895354babd04e7ac86b3610572592c3d530d48
2023-03-23 06:11:59,True,0.4805,0.0002771,99.3827,0.0275,0xf5...86a0,https://etherscan.io/tx/0x3da02e5267644891d6d312e7601ff103acabcad668ae4a26126c574bc7a96209
2023-03-23 05:44:35,True,0.481,0.000277,205.032,0.0568,0x74...48e2,https://etherscan.io/tx/0x005a83ed3623cf5e473d9d69a7c283684234b7cb93609a3bfe6955275cf74325
2023-03-23 05:31:23,True,0.4813,0.000277,78.0339,0.0216,0x8c...8833,https://etherscan.io/tx/0x9f5084b631e549065aac9c4288d3dd3047bca8eceb5bae96324d3556420a26bd
2023-03-23 05:25:59,False,0.4786,0.0002754,640.776,0.1765,0x1b...ea67,https://etherscan.io/tx/0xcca377e4b418617ba80d7a8cf80937a8cd641f10f041cbbac9b8c2e950efc46f
