datetime,buy_order,price_USD,price_native,amount_token,total_native,maker,etherscan_url
2023-03-19 18:53:23,True,0.521,0.0002876,173.782,0.0499,0x17...1703,https://etherscan.io/tx/0x5553226c9f006b29aa90dc485b5096dc2b07ddbf794ea4e9fc2bce386b8d3019
2023-03-19 18:43:47,False,0.519,0.0002862,1398.18,0.4002,0x31...452e,https://etherscan.io/tx/0xdb43711eec42bf3492430b9f7e71520a4e5d2b518d319ef9a02a1fe8c246ccca
2023-03-19 18:36:11,False,0.5202,0.0002874,2918.58,0.8388,0x05...93c8,https://etherscan.io/tx/0xfc127001cc79ca3ccc78c687b07d931a46d3b60b55bcea81e403ec1d77613900
2023-03-19 18:33:35,True,0.5224,0.0002888,4155.0,1.20006,0xf8...b13b,https://etherscan.io/tx/0xca82756a33c635f69de867cc44e8bf51f60162d9bf49be4b259c546a45cb666d
2023-03-19 18:33:35,True,0.5187,0.0002867,3554.13,1.0191,0xfa...aa5e,https://etherscan.io/tx/0x7346193d39c23bc8706c07a7e48670028e3c974610e60637ad88ec6282a5349b
2023-03-19 18:33:23,True,0.5145,0.0002844,5770.85,1.64175,0xae...674b,https://etherscan.io/tx/0xd023cb37cf92318348d91bacc7827bde85770ffaf9f5e206b9e3f88ae1ae4b35
2023-03-19 18:33:11,False,0.5127,0.0002834,9208.33,2.61013,0x65...ed08,https://etherscan.io/tx/0x5aa6e3d4bde2346bcd0e2b61af59a707c1ac0713f5f35d7b79c1b3d424dcc896
2023-03-19 18:30:23,True,0.5178,0.0002862,5748.45,1.64532,0xe6...4540,https://etherscan.io/tx/0x74173a3173895859439222130e5604bced722510b62273781e8c2582423ac998
2023-03-19 18:30:11,True,0.5056,0.0002795,19757.0,5.52201,0x2c...91d4,https://etherscan.io/tx/0xb9f462466680619e492eac07ece00fb74d62695823cfe60a33247756f1510b4b
2023-03-19 18:30:11,False,0.5091,0.0002814,34050.5,9.58339,0x65...ed08,https://etherscan.io/tx/0x4f5406293d7a3dea4333eee328965aeb4bda018c20ca424613ce2076903f8683
2023-03-19 18:29:35,True,0.5282,0.000292,806.524,0.2355,0x86...7593,https://etherscan.io/tx/0x51b3c7b04329784e5111f14c13a29925ce0de1f9ca65dcf1cc1cb9bd8873c8c3
2023-03-19 18:13:47,True,0.5287,0.0002909,3115.48,0.9063,0xfa...aa5e,https://etherscan.io/tx/0x512d83fa1681c71bb3e0ee2f0df37e67ee8d163eebce04d11e2132267f2df968
2023-03-19 18:09:59,False,0.5243,0.0002884,229.66,0.0662,0x72...faaa,https://etherscan.io/tx/0xd216f91727e19f2962fb5e5e963944b37983ac85d58615215de74fcbd1cd955e
2023-03-19 17:56:35,True,0.5271,0.0002893,3068.76,0.8879,0xfa...aa5e,https://etherscan.io/tx/0xaadc25f60eea312cff229cf75ff41cec0071146ccfa5325bb827f23d5487c9f1
2023-03-19 17:54:59,True,0.5255,0.0002884,176.58,0.0509,0x88...17f1,https://etherscan.io/tx/0x03c142d69cb140f0de66a05ad3f3e94acbd41bd4ad12b8ca5fe57912de10e359
2023-03-19 17:44:23,True,0.5239,0.0002875,3114.2,0.8956,0xfa...aa5e,https://etherscan.io/tx/0xcd1898467c8d1e9045f45939d0fb88dcb211a933f44e9c9945f34901727946af
2023-03-19 17:36:59,True,0.5187,0.0002859,3156.37,0.9024,0xfa...aa5e,https://etherscan.io/tx/0xf017e74310104d7346446a6d3ff705a32bac792f847c5e3958154ec4181d5571
2023-03-19 17:22:35,True,0.5132,0.000285,156.308,0.0445,0xb3...89dd,https://etherscan.io/tx/0x13491add99d2984a24c781da9ac39cad4d3d3dc28512fbf3595c07072d1db39d
2023-03-19 17:16:11,False,0.5102,0.000284,2770.86,0.7869,0xfa...aa5e,https://etherscan.io/tx/0x399cf312bb2e33083fc036bb7da51911f4f32b47dd103af960cbe596cac6cc75
2023-03-19 17:10:35,True,0.5139,0.0002863,294.219,0.0842,0xce...4f6e,https://etherscan.io/tx/0xd75426e977634eac5c3525e17ff49494edf39671796f2282412bea091397b370
2023-03-19 17:05:35,True,0.5141,0.0002856,2394.4,0.6839,0xce...4f6e,https://etherscan.io/tx/0x2da98abdf8e4134ca61ac576a8cf6b73c197dfb91a966bb98dd640220e768801
2023-03-19 16:58:47,True,0.5097,0.000284,3509.6,0.997,0x13...2a43,https://etherscan.io/tx/0x6d14b944a3b1905579591def576aaafae7d975be5f6a06dbcd24fa3736ef4ca9
2023-03-19 16:57:11,True,0.509,0.0002831,82.4901,0.0233,0x5c...8fe0,https://etherscan.io/tx/0xb2a65fd98308addad4d55ee1b75942daed5051e4b6d395f6e0e56c3f3d152dc9
2023-03-19 16:55:11,True,0.5074,0.0002823,2770.2,0.7822,0xfa...aa5e,https://etherscan.io/tx/0xfcf0ec1dd797974be6f49f29572b71b9858dec22b603b13e1c49f98acc7f59b1
2023-03-19 16:36:59,True,0.5053,0.0002816,66.8735,0.0188,0x48...cb06,https://etherscan.io/tx/0xefd0bbeacf649a6724cd506164033da6a54fc446c6fac99a26ca60838498fbea
2023-03-19 16:35:23,True,0.5052,0.0002816,17.6242,0.0049,0x89...00c0,https://etherscan.io/tx/0xde1bb146805a77292bac438e49771259838f0deab32cc8c3924dddc95f70191d
2023-03-19 16:19:11,True,0.5051,0.0002813,1066.38,0.3,0x2e...8e83,https://etherscan.io/tx/0xbf2cb24dd834a429277678cadbf4fbb41485c351b3826cd6f8a06b2f4476533c
2023-03-19 16:13:35,True,0.5041,0.0002809,272.83,0.0766,0x45...5346,https://etherscan.io/tx/0xd37d54076ae47f2206279317d0f658e5b87c64ae15c10fa205aaa042de3af1c0
2023-03-19 16:10:11,True,0.5061,0.0002807,712.455,0.2,0x44...b5b6,https://etherscan.io/tx/0xeedbabd1653c13f4b46ccfd4be97895a16782e2d35e1f9ea5b15b843437be224
2023-03-19 16:09:35,True,0.5037,0.0002797,2884.96,0.8071,0x5e...822f,https://etherscan.io/tx/0xd9ac45dff96990932c50b81e2ac643d3615ea6398ee72081689451bfe0a324ca
2023-03-19 16:04:59,True,0.4995,0.0002783,2815.73,0.7836,0xfa...aa5e,https://etherscan.io/tx/0xa7aa3c3755daeed1a7c880c0e5e250be6ad74f57df59dbb100ad07a27ea40483
2023-03-19 15:49:47,False,0.494,0.0002765,2352.58,0.6505,0xfa...aa5e,https://etherscan.io/tx/0x10362709cd8d3c5179cd662fcc1692e0d38567b9e75a7d5bb732f75aabed3c79
2023-03-19 15:33:35,True,0.4971,0.0002781,2440.06,0.6787,0xfa...aa5e,https://etherscan.io/tx/0x8b2ed2959789471f7617f87dc5d12c2d66906401bec23821e8ddf64c5f03555a
2023-03-19 15:30:47,True,0.4957,0.0002773,796.66,0.2209,0x09...0929,https://etherscan.io/tx/0x43296ea1682b80e412dab6b1c831683b947e7a055671e58f63d2984a91bccb02
2023-03-19 15:24:47,True,0.4933,0.0002771,51.8778,0.0143,0x29...46b5,https://etherscan.io/tx/0xf68ea7fe2e6921b8a06c08e6ef1f5c23eba783be3cb1dd3fe46a884dbab7a034
2023-03-19 15:17:35,True,0.4924,0.000277,107.325,0.0297,0x7b...717b,https://etherscan.io/tx/0x347fca088c48d34b45059050f46bb21b21fdcf0ea3e53c1e133d918096d808e8
2023-03-19 15:06:35,False,0.4899,0.0002756,1000.0,0.2756,0x4c...5ee8,https://etherscan.io/tx/0x550a3e0ccc0c289895ee064541ca834864c730edcf6a2c170bbee45b107d759c
2023-03-19 15:04:59,True,0.4928,0.0002773,1000.0,0.2773,0xa6...f074,https://etherscan.io/tx/0xa3e14342bed48238f703d722de94f994c351b7f0b383c61d79540d7b12d5a7f8
2023-03-19 14:38:47,True,0.4918,0.000277,117.297,0.0324,0xa0...a9e9,https://etherscan.io/tx/0x058123d9b32fe1fb14b784a0cd3776abce6f399a1c8e7c33bc8a87ad094cc17a
2023-03-19 14:37:59,True,0.4919,0.0002769,192.207,0.0532,0x94...7ed7,https://etherscan.io/tx/0x053f4fd3440061f8c18c31a324365063de5b804046e030b28ed3898cc255acad
2023-03-19 14:05:11,True,0.492,0.0002758,3964.52,1.09374,0xd7...a3b2,https://etherscan.io/tx/0xe3e7c10b98e45071c17b4af84afcb2d3b4669f75eb5edabc59fe922202cd17d6
2023-03-19 14:04:59,False,0.4917,0.0002756,10244.1,2.82394,0x31...8903,https://etherscan.io/tx/0xef9c32a869e632b219aaf781b1c424dd65615198b7a8d4265551f3d84f7da6a7
2023-03-19 13:53:59,False,0.4977,0.0002791,2592.02,0.7234,0x91...d728,https://etherscan.io/tx/0x9e8dc8b4bae0045fbe64d9065616fde62654d5b569753dbd3de0adea83b8ba77
2023-03-19 13:48:59,False,0.5004,0.0002803,2328.76,0.6529,0xfa...aa5e,https://etherscan.io/tx/0xc593f242a01937c66d7f3899ae48e40d91e130197592633a455ce9b583cf059b
2023-03-19 13:39:59,False,0.5016,0.0002811,432.213,0.1214,0xdf...c1dc,https://etherscan.io/tx/0x61190b50229d49fa1891e0c49d82c7382a11010290cbe67f38b6b5929764800e
2023-03-19 13:34:35,True,0.5045,0.0002828,208.416,0.0589,0xb7...49df,https://etherscan.io/tx/0x60d47a42d965adcf878294a01103b72226cff0cc444257603204f15a9c18d857
2023-03-19 13:23:35,True,0.5045,0.0002827,145.924,0.0412,0xcb...24ad,https://etherscan.io/tx/0x94989fd8d68e11566bb81013b00eacbd14f16b7fa87b9b94689de3d5cd610e80
2023-03-19 13:07:59,True,0.5054,0.0002827,3.91349,0.0011,0xa4...a5de,https://etherscan.io/tx/0x45a326f6e1d9a27650d758c649401841808cc827444130b608d209512b6f35b9
2023-03-19 12:45:23,False,0.5003,0.0002816,2317.99,0.6528,0x91...d728,https://etherscan.io/tx/0xf3dd44e288972936c104adfd57e530b0e758d39556234cb3ad88fc669eea63f7
2023-03-19 12:39:47,True,0.5043,0.0002839,12.219,0.0034,0x39...866d,https://etherscan.io/tx/0xa9ccaa0a048a90160d41cce3717eae009fb26e5d4360d006269e941667426e11
2023-03-19 12:35:35,True,0.5033,0.0002836,1223.32,0.3469,0x78...2f58,https://etherscan.io/tx/0x9938958e2d2439662594e53295ed99ac6fbf7c58eb95b2f6541e93f8c472ce05
2023-03-19 12:22:23,True,0.5019,0.0002826,2328.76,0.6582,0xfa...aa5e,https://etherscan.io/tx/0x2782b4d751900c935a26d5181c5e580388bb543e710bfd55064b9e231d8810ce
2023-03-19 12:21:23,True,0.4991,0.0002814,2407.98,0.6776,0x73...36a8,https://etherscan.io/tx/0x37c18f0e96330a4bda66e1dd06ad20defaf615e6e6b431bd378107fb12678392
2023-03-19 12:04:23,False,0.496,0.0002798,2907.04,0.8135,0x91...d728,https://etherscan.io/tx/0x99e02daf2c002bc99daecdb49b82f54d6040e0548e997ff0f7865e6c2ea4a63f
2023-03-19 11:53:23,False,0.4984,0.000281,1722.98,0.4842,0x91...d728,https://etherscan.io/tx/0xe1608cb1d5f06492a3f2484325c42544e86a56b4d0f205dfc093b109309b0521
2023-03-19 11:51:35,False,0.5007,0.0002821,2296.97,0.648,0x91...d728,https://etherscan.io/tx/0xaa5bd8b2c99aaaf994d9ce32ea93b013f8c34402ed8d10bc91404fba7f81ea22
2023-03-19 11:47:47,False,0.5032,0.0002833,2358.45,0.6682,0xfa...aa5e,https://etherscan.io/tx/0x130859b78fadf74b99adcfdb7f314cc69f63ab5840639f3161118b688694a257
2023-03-19 11:47:35,True,0.5066,0.0002852,1621.68,0.4625,0x7c...a2c1,https://etherscan.io/tx/0x0a5c10475492c84aee33bf6c97198e06e09ec29dc249da0b41dc73c313f0a4d6
2023-03-19 11:44:59,False,0.5039,0.0002837,2231.48,0.633,0xfa...aa5e,https://etherscan.io/tx/0x7406ac75538e0bbc80506a088fe6b63b552e7ca6c9c73a1c332ffd2511b5b8f1
2023-03-19 11:40:35,False,0.5063,0.0002849,2351.84,0.67,0xfa...aa5e,https://etherscan.io/tx/0xaf4929ec9e0996c21a4d3fda5c01dca4971a46b8289a9be2dc5118dc74d72cd7
2023-03-19 11:38:35,True,0.5104,0.0002872,125.944,0.0361,0xab...2307,https://etherscan.io/tx/0x68a9b9b5f03721af62d58d0c6c2fa1e8759e37dcfb6c6a7062949f985c128e70
2023-03-19 11:29:35,True,0.5093,0.0002866,2201.56,0.6309,0xfa...aa5e,https://etherscan.io/tx/0xbfcba971f3c502157363ad41c76b3c53d7831dcd8d2cbd702fdbf79202c8b523
2023-03-19 11:28:59,True,0.5071,0.0002854,2262.92,0.6458,0xfa...aa5e,https://etherscan.io/tx/0x75b6bd48b49de61622c02efae10f87625afef317dbf72a8e2c2551e505505fd4
2023-03-19 11:24:11,True,0.5139,0.0002895,3889.35,1.12623,0x65...ed08,https://etherscan.io/tx/0x3d4018c54865febc8c08d914006f2fe6fde57433257fa5c126f57e663db82b99
2023-03-19 11:21:59,True,0.5013,0.0002827,38.5672,0.0109,0x51...f86c,https://etherscan.io/tx/0xb71dc59628d0185e51af7e69453222671d006b8de68887d836316c5703f6a2e1
2023-03-19 11:20:35,False,0.4994,0.0002816,2264.06,0.6375,0xfa...aa5e,https://etherscan.io/tx/0x9a815f3a8810d441fe3fa8dc19e564202ee9f4af3c790972cbe83a0e07421465
2023-03-19 10:52:47,True,0.5043,0.0002838,195.743,0.0555,0x31...376d,https://etherscan.io/tx/0x7e3c43c9ac4daf918c600684b29fdb0ce0061683a9c811594be207b5bb04727c
2023-03-19 10:50:23,True,0.5041,0.0002837,36.8187,0.0104,0x10...2e3d,https://etherscan.io/tx/0xb328cc2cae6911f9d9d13446d62cbfd8049fc34d7f0399ba91a125501b58ff45
2023-03-19 10:42:11,True,0.5027,0.000283,2605.44,0.7375,0xfa...aa5e,https://etherscan.io/tx/0xd2f900625a7b2c2dfeb47f823725b2a557a01705bb8d16ca7c06b77fdac58a66
2023-03-19 10:37:11,True,0.4998,0.0002818,2135.92,0.6019,0xfa...aa5e,https://etherscan.io/tx/0xf339252434d42a6c57aa06fe5bf630b61ac5b46b61de8ca1f371ec06e644e008
2023-03-19 10:29:47,False,0.4964,0.0002803,2942.01,0.8248,0x2a...06a6,https://etherscan.io/tx/0x54017ac892673535841f2b11e2ff76605009c0fcdf0c4282417df1b92718cd51
2023-03-19 10:27:23,False,0.4994,0.0002819,3229.01,0.9105,0x5e...822f,https://etherscan.io/tx/0x23a1c38f8ead57fdc64a9a4171469ae484b3499f6ab17ce2e3f0f796a971b6c1
2023-03-19 10:02:47,True,0.5043,0.0002845,112.612,0.032,0xad...2da0,https://etherscan.io/tx/0xa7a8b908f0a715dcb50d388ce62686d6d2507327b9ff9be7660897a3d4691ffd
2023-03-19 09:57:59,False,0.5032,0.0002836,3261.02,0.9249,0x2a...06a6,https://etherscan.io/tx/0x8064e965afb81294f26cedfaa5d993a7a8065e67bbd1f0925fee1916e8df6665
2023-03-19 09:46:23,False,0.5067,0.0002851,2401.02,0.6846,0x5e...822f,https://etherscan.io/tx/0x0318c96181c6aa4d2990282744cfd13d1fc42ee45db2de152b377e007f4c2b57
2023-03-19 09:33:59,True,0.511,0.0002873,403.542,0.1159,0x87...621e,https://etherscan.io/tx/0x4eb73e8d11152d49c421e825bf8d3ebcc29a715e1e1db65c35a1b4314aa124b4
2023-03-19 09:33:59,True,0.5099,0.0002867,2010.15,0.5763,0x2b...ab9c,https://etherscan.io/tx/0xffd9524880adb1924b1e133432b2faaeffc276bb27b1f3ae621c8e1a5b0e8958
2023-03-19 09:16:11,False,0.5046,0.0002851,2427.02,0.692,0x2a...06a6,https://etherscan.io/tx/0x519b682ceb329c499c096398e2874c2899c5819b2af21bfae3d83092279d981c
2023-03-19 09:13:47,False,0.5071,0.0002865,2902.98,0.8318,0x91...d728,https://etherscan.io/tx/0xcceea19e65d992244e82a6c1726a82fcdd0cbaf73bc23744c96896319c0d1454
2023-03-19 09:09:47,False,0.5104,0.0002879,2257.73,0.6501,0xfa...aa5e,https://etherscan.io/tx/0xadeb4941eee05063e00e7acff7ac373cb5a45d86077e88096bff1df68dcae62f
2023-03-19 08:52:59,True,0.5141,0.00029,960.576,0.2786,0xfe...3cd4,https://etherscan.io/tx/0x39d363c4d2b604bb6aed98adeda07c32801fb67fc7025ad0ceb8d29d3f3c24b5
2023-03-19 08:52:47,True,0.5125,0.0002891,2257.73,0.6528,0xfa...aa5e,https://etherscan.io/tx/0x0188d03cba33b6cd412bbdabedcce8d29442d9b58d813a19a4bd7e8d4aa0f9ba
2023-03-19 08:51:11,True,0.5114,0.0002885,24.0368,0.0069,0xb5...1660,https://etherscan.io/tx/0xc98cfae24ce68df0b92fda1a29ad08b149d0458f353fb5f9373517e63070c13a
2023-03-19 08:50:47,True,0.5114,0.0002885,24.0368,0.0069,0xb5...1660,https://etherscan.io/tx/0xc98cfae24ce68df0b92fda1a29ad08b149d0458f353fb5f9373517e63070c13a
2023-03-19 08:50:23,False,0.5088,0.000287,1005.91,0.2887,0x2b...ab9c,https://etherscan.io/tx/0x730bfc141940a76933d90dc9b93e80123adbdc90e682f04e9cf32eee99d6f502
2023-03-19 08:46:59,False,0.5096,0.0002875,650.0,0.1868,0x43...a95b,https://etherscan.io/tx/0xd042d10a5ee5c5b6a08fa2c9b84ca57a61b72375120958c9d872815b96bb12c6
2023-03-19 08:39:59,False,0.5104,0.0002879,985.485,0.2837,0xfa...aa5e,https://etherscan.io/tx/0xdda2a1ed997af2355b1cb4a1bd063edbff06574f6bb13ddc693877e0ba1f78df
2023-03-19 08:35:59,False,0.5122,0.0002889,2611.26,0.7545,0xfa...aa5e,https://etherscan.io/tx/0xddac60424b00beb8ffa766d3e6f9b00e9ef83444ac9ad1bff1bc9a4f3436f21a
2023-03-19 08:11:11,False,0.5116,0.0002902,2137.95,0.6205,0xfa...aa5e,https://etherscan.io/tx/0xe5fa336a3eb4a28a3b369170f0328a6af375a6cc0b6eca21640302c44bb741bb
2023-03-19 08:07:47,False,0.5144,0.0002914,2346.45,0.6839,0xfa...aa5e,https://etherscan.io/tx/0x433d34c68df10ddbc36d781e0d18d87e83847cc036267359c239d417ffb659aa
2023-03-19 08:04:59,False,0.5172,0.0002927,2412.98,0.7064,0x3f...c220,https://etherscan.io/tx/0xe73a78b795515422e376ba26137c26573b1e8df88ca91827a5a26f99e7c01d60
2023-03-19 08:03:47,False,0.5201,0.000294,2079.66,0.6115,0xfa...aa5e,https://etherscan.io/tx/0x1993e4cd432531b3a1d75a363a9c90053386075b137fc904c0cf996c8d486ed4
2023-03-19 07:35:35,False,0.5228,0.0002951,1742.19,0.5141,0x73...eabd,https://etherscan.io/tx/0x0d70a8b882e06e1f95557192e19dcf36b62757d12d7e56428c42039c13afcb2e
2023-03-19 07:06:11,True,0.5273,0.0002966,2592.96,0.7691,0x5e...822f,https://etherscan.io/tx/0xf753785d27d5261b6fa770569e5bc0f968c0d48561bd8f028f854761548135fd
2023-03-19 06:52:23,True,0.5249,0.0002952,2210.63,0.6527,0xf8...60e4,https://etherscan.io/tx/0x2bcdf592b198409940c890b467fad301401a828f9fcf993f5b864990ce6d6c2b
2023-03-19 06:40:35,True,0.5236,0.000294,2206.28,0.6487,0xfa...aa5e,https://etherscan.io/tx/0xc00685217a3eecd0a6ab7ed9ca09570c62939c923d3e9883f59f8779997eb204
2023-03-19 06:33:11,True,0.5212,0.0002927,2484.86,0.7274,0xfa...aa5e,https://etherscan.io/tx/0x04b84e3cc186cc23662fca45f919ae5d412954aae39fd9c33ac92686c69792ad
2023-03-19 06:32:11,True,0.5187,0.0002913,2407.54,0.7015,0xfa...aa5e,https://etherscan.io/tx/0x477e5515f9b9439c7b7750166f17f8f8487029de3ae0ccfebf56a6d9332d80ae
2023-03-19 06:31:47,True,0.5172,0.0002907,95.5478,0.0277,0x4f...1ea4,https://etherscan.io/tx/0x187fbe51784c3ea6d2f3ca90d429d6f391fa44c75b534287a94547dae3154964
2023-03-19 06:28:35,True,0.5169,0.0002906,248.505,0.0722,0x41...2cd0,https://etherscan.io/tx/0x05cc9a510a594d3a7a6c97c0f5746bcb416d28424a5c82335db565626300bc46
2023-03-19 06:07:11,True,0.5164,0.0002905,9.56145,0.0027,0xa8...fc92,https://etherscan.io/tx/0x5f526d8a64ca1037e7c2571d6ded391f41c0df5a166c481705d61ae9f2ee54b2
2023-03-19 06:03:47,True,0.5163,0.0002905,31.5167,0.0091,0x2e...5056,https://etherscan.io/tx/0xcb28bb363434152512a89b4eaf61316e6db3cdd18dbfc6b5f3c908732199d796
2023-03-19 06:01:35,False,0.5146,0.0002893,2263.22,0.6549,0xfa...aa5e,https://etherscan.io/tx/0xebb72c9fe1a2779a10e377068ffdfaaf634b41820636c46ad623a11446722e7a
2023-03-19 05:52:59,False,0.5169,0.0002906,2265.54,0.6584,0xfa...aa5e,https://etherscan.io/tx/0x65ee53af4c791e6cff9ee873d5f336d03a30f6e2641246c818bf5c615e9731c7
2023-03-19 05:50:35,False,0.5192,0.0002918,2253.4,0.6577,0xfa...aa5e,https://etherscan.io/tx/0xfab5917292d1affe0127e9976566edfc5d7662ad628a5bc977bc632930d080ff
2023-03-19 05:26:59,False,0.521,0.0002931,2185.61,0.6406,0xfa...aa5e,https://etherscan.io/tx/0x16bddac376c38d3e2d6e33f76dfc9b3229c2705323ad652357950cc2edaadf3b
2023-03-19 05:22:35,False,0.524,0.0002947,3701.02,1.09088,0x5e...822f,https://etherscan.io/tx/0xc164b59a1e7b903022ad0f670b6ff24f504b08e6ca894ca7dfe4bb19518168f5
2023-03-19 05:22:23,True,0.5635,0.0003169,4256.82,1.34933,0x23...9898,https://etherscan.io/tx/0xe7098e1d92d8287febc79d38a881dc502ef39e47624002e8d4e4781a47de7734
2023-03-19 05:20:59,False,0.5231,0.0002939,2156.51,0.6338,0xfa...aa5e,https://etherscan.io/tx/0x6b91af67246c3c88599a0689e3f884def078cf850748ff39b78b65c21d35386c
2023-03-19 05:17:11,False,0.5259,0.0002951,2175.26,0.642,0xfa...aa5e,https://etherscan.io/tx/0x1dfe6106fb426dc957baea33d0de084aaf3dc96f2276aa826b18e92f6432ff94
2023-03-19 05:16:47,True,0.53,0.0002974,291.37,0.0866,0xbe...8f6c,https://etherscan.io/tx/0xbe00049208dd94a7d16d51e7a678d0ff45f18021f1160d7c800f04dfff7f7109
2023-03-19 05:11:11,True,0.5304,0.0002973,22.9242,0.0068,0x7d...b090,https://etherscan.io/tx/0x8b275d559e2f3963a81460c17f44131c46fb543feaf9788948157bbe51a20fdb
2023-03-19 05:10:11,True,0.5304,0.0002973,40.9308,0.0121,0x99...60d0,https://etherscan.io/tx/0x4b89bc5ae4327a764319bbd0ef2bc05ff040fe6f62bdd1d3af956d1e1958ca7b
2023-03-19 05:03:11,True,0.5293,0.0002967,2160.89,0.6412,0xfa...aa5e,https://etherscan.io/tx/0xc19605476af4edd2faa7aeeb5356bfbb025fd00fcc1bc540b73722e718a808e2
2023-03-19 04:51:47,True,0.5265,0.0002954,2243.67,0.6629,0xfa...aa5e,https://etherscan.io/tx/0x053e320aeb6f98b4c8a2e9c74c817d0334ae8e79fe83a20ac65e11e79f550194
2023-03-19 04:36:47,True,0.522,0.0002939,3365.63,0.9892,0xfa...aa5e,https://etherscan.io/tx/0x359a94018009e770b28b54df6c21f13579175978f321ad5225d9d01ddb19e058
2023-03-19 04:36:35,False,0.5186,0.000292,2977.97,0.8697,0xce...4078,https://etherscan.io/tx/0x7c6d6d8a56c2d1b8dfff91e5baaf62a337cd8bfabe6630b4a9757f5629b4caf5
2023-03-19 04:12:35,True,0.5224,0.0002939,2438.61,0.7168,0xfa...aa5e,https://etherscan.io/tx/0x663e986c39d208cfa34ba64a10d06ba55412ed02512973bc138ed93dd522b1d8
2023-03-19 04:06:11,True,0.5211,0.0002932,189.526,0.0555,0x4d...4a8d,https://etherscan.io/tx/0xbe75afbc0a062c7a415668c11bf6226e3f2d0ee04c3f4d7c319fb537ec8ed648
2023-03-19 04:00:35,True,0.5207,0.000293,401.306,0.1176,0xbe...8f6c,https://etherscan.io/tx/0x47b42e562e4897c6fcba5295532bb1c387d3dc5ec8171f9c3e1895bf24ec9aca
2023-03-19 03:58:47,False,0.519,0.000292,3234.15,0.9446,0x8a...12aa,https://etherscan.io/tx/0x5d764d7ef38e62058bd37b4c77fd2a1d3a8116ce668adeb4903d323d8adabf31
2023-03-19 03:56:47,True,0.5235,0.0002946,408.149,0.1202,0xbe...8f6c,https://etherscan.io/tx/0x7dfa2c8d7c6d576a07e9a5edae0d53ec181f43f30c1362d3600ab2204feba76b
2023-03-19 03:40:35,True,0.5248,0.0002945,16.9772,0.005,0x12...f2ab,https://etherscan.io/tx/0x7853d5fffd4a766c61f688bd4318e352556c3936752f3d23ce8cd8e85ef17c0a
2023-03-19 03:34:59,True,0.5248,0.0002945,3.80474,0.0011,0x43...586f,https://etherscan.io/tx/0x4174a1d42dd5fc7af03339cfff4594cf05c0b7a5a874bf6f7282cda638482d82
2023-03-19 03:24:47,False,0.5207,0.0002927,13.6462,0.0039,0x49...e8c7,https://etherscan.io/tx/0xcf85ed58a8a2cc63bc2da75afc31b8590e7cc9d0f1bcf1f3b4fbdf802740a901
2023-03-19 03:15:59,False,0.5214,0.0002933,2239.34,0.6569,0xfa...aa5e,https://etherscan.io/tx/0xb694a7c9cfa1a02c5d6e54d01e3283a957b40877129f5757a008df6652ac7513
2023-03-19 02:49:47,True,0.5253,0.0002955,942.604,0.2785,0x70...784f,https://etherscan.io/tx/0xf456e18a6c099f4537924d955fdf84dc91ae371f2a4ba15851847dc1b6edae8e
2023-03-19 02:33:11,True,0.5255,0.0002946,2240.11,0.6599,0xfa...aa5e,https://etherscan.io/tx/0x2bf7b66f12ad94fa572d3993153448cd6489632320de0a55c7ce659f0a9b019e
2023-03-19 02:27:23,False,0.5195,0.0002923,309.616,0.0905,0xfa...f1ad,https://etherscan.io/tx/0x0624c92dcd012d1e5ee8ae25d1f918238b3b3a50655b1e681f0ec68ee72715d4
2023-03-19 02:12:11,False,0.5193,0.0002924,358.288,0.1048,0x64...dd2d,https://etherscan.io/tx/0x70d2b8e203b86e0b65c7a6b1e39c0784e29bec04ced1628ae4fc2f948258a4c4
2023-03-19 02:10:59,False,0.5206,0.0002932,2423.84,0.7108,0xfa...aa5e,https://etherscan.io/tx/0x0c27d6f4d47672299a722a00bd0a1230b6834d15711015e1e082d714d789a8d3
2023-03-19 01:56:47,True,0.5245,0.0002955,434.63,0.1284,0x64...73ce,https://etherscan.io/tx/0xf978facea5c1535ec2eb67cf044d7a966cd741f1f7c8e6729ad7fbb6424de833
2023-03-19 01:49:23,False,0.5231,0.0002943,2241.39,0.6596,0xfa...aa5e,https://etherscan.io/tx/0x161c439ccf45c6c841f8b5975070dddedaf63ea6a29c2d05ee4ba4e8c62278f6
2023-03-19 01:44:47,True,0.5272,0.0002967,16.8068,0.0049,0x1d...daa4,https://etherscan.io/tx/0x8465e8f43bfc8baa9ad42f9d0ec7d3c1e8fba307e2eda41e52947270a8fb1a1f
2023-03-19 01:37:23,False,0.525,0.0002955,2207.36,0.6524,0xfa...aa5e,https://etherscan.io/tx/0xc84694876b7ffb61a77c72cd51580c94e76b330f41e88036c0d5e8f0cfcd32e6
2023-03-19 01:34:23,True,0.5292,0.0002975,1388.26,0.4131,0xdf...c453,https://etherscan.io/tx/0x563f805d663581150301534b0b57275f36d747216d9d2851133c9bcf8ab74d9b
2023-03-19 01:19:59,False,0.5221,0.0002954,4.146,0.0012,0x71...ffbc,https://etherscan.io/tx/0x94e21647a77a8671dc855e8af990f8b76926c7d7b9bbc1d24f8b235bb8cc2c29
2023-03-19 01:16:23,True,0.5249,0.0002969,715.809,0.2125,0x75...d0a9,https://etherscan.io/tx/0xc48dddab74e5a950db69ed05b90665ab242cd8079691be89159a38b5493bac56
2023-03-19 01:15:23,True,0.5239,0.000296,2527.89,0.7484,0xfa...aa5e,https://etherscan.io/tx/0x21394222045ed87863a3663ca268f9e4b37e281761c74c9cf5d0d4ec4eb80603
2023-03-19 01:14:47,True,0.5214,0.0002946,2387.69,0.7036,0xfa...aa5e,https://etherscan.io/tx/0xbaa809e25c978e322d385d5f6a9188348c3cf0a7b9512b0b418239309cb0c167
2023-03-19 01:09:11,True,0.5165,0.0002933,2554.01,0.749,0x91...d728,https://etherscan.io/tx/0xc7b68e69208eceb3919587d0ae021b7a733d0c49ba497214f9c55638b9892305
2023-03-19 01:08:59,True,0.5153,0.0002924,341.889,0.1,0x2e...8e83,https://etherscan.io/tx/0x4331409131e2314ccf99d5aad5c170e1b9e0e263d6a24ec60a637c5f451f2a9a
2023-03-19 01:07:59,True,0.5133,0.0002917,2450.62,0.7148,0xfa...aa5e,https://etherscan.io/tx/0x7c3b1a06d4e5269a82d0ea6b9c31a89120cad22bde65b043474c31522d3d02aa
2023-03-19 01:05:23,True,0.5111,0.0002902,2862.48,0.8308,0xfa...aa5e,https://etherscan.io/tx/0x5b2083de1e403ddfd07afe5dff00b9a3611639538a5695cdfad7aafd7eefb993
2023-03-19 01:04:11,True,0.5082,0.0002887,2666.3,0.7698,0xfa...aa5e,https://etherscan.io/tx/0xd13dfd2270a7f2889603f03b32377bbb630d18e503132886f7cf4c41bde4bfef
2023-03-19 00:59:23,True,0.5061,0.000288,31.2483,0.009,0x12...f2ab,https://etherscan.io/tx/0xb24a267fb5cc296e576ccac195b9b97bba5f04a47a2c402018b3767c04286d88
2023-03-19 00:28:47,False,0.5043,0.0002869,2352.27,0.6749,0xfa...aa5e,https://etherscan.io/tx/0x5e3eb2f150aa1bb277f728ca318566fe173b8027de743a5592f3b1d77714a5b1
2023-03-19 00:21:23,True,0.5109,0.0002886,2482.0,0.7163,0xfa...aa5e,https://etherscan.io/tx/0x83bc2bf106ffd9e38eadfee0a4f649006be799b832f96ff486bbed7b8c9cf9b0
2023-03-19 00:09:35,False,0.5058,0.0002868,2343.97,0.6723,0x91...d728,https://etherscan.io/tx/0xe6c4abb8fe95e960417047e4640d316ed4060bd79563cdb27f40ef126117e949
2023-03-18 23:59:23,True,0.5113,0.0002891,101.37,0.0293,0x62...7840,https://etherscan.io/tx/0x1bbae89181af130d69ece5545508968e2c4eb55c2d3145f164b94ae4de112219
2023-03-18 23:58:11,False,0.5078,0.0002874,100.45,0.0288,0x7c...4ae4,https://etherscan.io/tx/0xdf3a3b2402be24062f16a40f197549f46655e9d4afc5b64b48e10fbf60347513
2023-03-18 23:44:47,False,0.5086,0.0002879,1656.3,0.4768,0xfa...aa5e,https://etherscan.io/tx/0xba933c546276224adeca6649e129d7564852598ae24b54a1bb275cd3978dc7c3
2023-03-18 23:36:23,True,0.5159,0.00029,199.444,0.0578,0xd0...2cef,https://etherscan.io/tx/0x1ef93d7c48d6cd1c4808836365ef830e774a63021f5b58990b5f3e32f205347e
2023-03-18 23:20:47,True,0.5153,0.0002899,170.935,0.0495,0x06...ba4f,https://etherscan.io/tx/0x12eae1da2daaffc1ca8191635daba9f477b29d53590be1e1c3d49af1f34ec1ac
2023-03-18 22:58:23,False,0.5135,0.0002887,2268.45,0.655,0xfa...aa5e,https://etherscan.io/tx/0x74ea51f11a0bb6698df9770097fb65e563edc83b6e27bec82a1f6e74bc31a01f
2023-03-18 22:19:59,True,0.5208,0.0002911,102.15,0.0297,0x3b...536f,https://etherscan.io/tx/0x3864e76973ade36a809f648a91ad8e213801643156f18ae6df83d562ddace65b
2023-03-18 22:08:23,False,0.518,0.0002894,274.502,0.0794,0xbd...73c0,https://etherscan.io/tx/0x8fef70f979557c977763f7663acacaa2741eef4bce763587b99d0070311e0fb5
2023-03-18 22:08:23,False,0.5182,0.0002895,28.3036,0.0081,0xdc...423a,https://etherscan.io/tx/0x3283fb66233d4744cde84b6cc2eff69188fc4b1a16c635f463ee792c3b8346a8
2023-03-18 22:06:23,True,0.5212,0.0002911,340.448,0.0991,0x71...75e0,https://etherscan.io/tx/0x48a94aa5db66f3ec6e958c1216894554a171dcb1c1a734361735ddc10440c35e
2023-03-18 22:03:47,True,0.5209,0.0002909,408.828,0.1189,0x78...2f58,https://etherscan.io/tx/0xf36f12558be31fadfea926b5b1f0d3f08a6f20aa2b7874d1452d1431ef3ff3e1
2023-03-18 21:51:59,False,0.519,0.0002891,256.403,0.0741,0x0c...b802,https://etherscan.io/tx/0xdf5a75aeba5d6d94bd2846020f0ade33022c16ef157dfca0ad536a47f1f6e29d
2023-03-18 21:47:11,True,0.5231,0.0002909,34.0667,0.0099,0x71...75e0,https://etherscan.io/tx/0x21180d21068abcaf8c1c71c58a574e8772c4c6bb64540e9c222e691e9302c01b
2023-03-18 21:17:59,True,0.5194,0.0002907,826.109,0.2401,0xc0...a485,https://etherscan.io/tx/0xbcd2bff59d60ac60df96d029a1abd7dfbc8589b386c2bfd7966cf0dd438a55cc
2023-03-18 21:16:11,False,0.516,0.0002887,84.6276,0.0244,0x88...17f1,https://etherscan.io/tx/0xfacdf415a6f01cd61fa989c082006843852d733a5542de774b2c1e8b26d829b8
2023-03-18 21:04:59,True,0.5185,0.0002898,2455.52,0.7118,0xfa...aa5e,https://etherscan.io/tx/0x7e54deb4f3fdd9e0b46279d658e6655de7f0a24557f39454d085eadb71e3260d
2023-03-18 21:01:59,True,0.5174,0.0002891,68.5527,0.0198,0x00...fddc,https://etherscan.io/tx/0x1504d6dd57c959f9f9bfecd115564ed0872e9f948c3c6685df5da0ed889014cc
2023-03-18 20:52:35,False,0.5164,0.0002881,2475.11,0.7131,0xfa...aa5e,https://etherscan.io/tx/0x60470c37362fc5178fbe8738d497b7ffebebf962ab6f22810e00a6a836974941
2023-03-18 20:32:11,True,0.5214,0.0002904,232.441,0.0675,0x88...17f1,https://etherscan.io/tx/0xb70091d12b7e2d6e513006314c449b1865290593e9be9f71dfc925844ea158bf
2023-03-18 20:20:59,True,0.5195,0.0002903,102.413,0.0297,0xaa...60e4,https://etherscan.io/tx/0x989fae9b168d3275ceb8991097634a61ece27c4647affab5f44ec60c71babe04
2023-03-18 20:18:35,False,0.5176,0.0002886,277.373,0.08,0x6a...7265,https://etherscan.io/tx/0xd399fa02fad62b9efa0046abf39f4c240da6b04463ad4ef6e7b8f6d04b665b11
2023-03-18 20:17:59,False,0.5192,0.0002895,2881.53,0.8343,0xfa...aa5e,https://etherscan.io/tx/0xbdd7278ffa48b7b688c286fd17f84b4ad083698103614c63aa7a77ec581bc293
2023-03-18 20:08:47,True,0.5226,0.0002919,368.885,0.1077,0x88...17f1,https://etherscan.io/tx/0x281eac7e3fa85a9f9b374f4095908e772045d2639031a50c1babcd75d348ba43
2023-03-18 20:05:35,False,0.5222,0.000291,3272.61,0.9524,0xfa...aa5e,https://etherscan.io/tx/0x66e7d6579c0b6cbebe229ec4c8fd0260c65e5bf01a574148fa861866d2129e9f
2023-03-18 20:04:47,True,0.5268,0.0002936,229.7,0.0674,0x88...17f1,https://etherscan.io/tx/0x55aeff9d1d363b330bab9ccdabd4a92aa89170de979bba0435e63229df4e45fb
2023-03-18 19:44:11,False,0.5218,0.0002918,180.0,0.0525,0xcb...bed4,https://etherscan.io/tx/0xfb546931356cfc6d4dee54fa41b59de35c0af37938f19c7e3afaa2022d2fc421
2023-03-18 19:43:59,True,0.5249,0.0002935,329.502,0.0967,0x88...17f1,https://etherscan.io/tx/0xce4f82b58acd3f89369b70068471314f590549a98ffc5446dc3c6a506434ca66
2023-03-18 19:42:35,True,0.5246,0.0002933,340.858,0.1,0xce...fba1,https://etherscan.io/tx/0xba712b9d0379ab0a99ae117b1de1b66e3aceeb495f4df05ec6023815910620ec
2023-03-18 19:35:11,True,0.5229,0.0002925,2677.85,0.7833,0xfa...aa5e,https://etherscan.io/tx/0x47edac3532d4616f92ee0d2bbd975031d9e00f55f1e8aee9a178b7df0a05abc2
2023-03-18 19:31:23,True,0.5213,0.0002917,187.884,0.0548,0xfb...25b1,https://etherscan.io/tx/0x28c75f5ca0bf63d997d8e57f7b1a7a58439ee215c2e0dd1ce4662fbeedf69449
2023-03-18 19:19:35,False,0.5182,0.0002899,78.2917,0.0227,0xec...1e83,https://etherscan.io/tx/0x327a4e25eb9bf448c22793d4d5f2e268c49cbfe8e366bb7e82e26a1b502ca742
2023-03-18 19:17:47,True,0.5214,0.0002916,170.421,0.0497,0x4d...24d0,https://etherscan.io/tx/0x3f386760387350947385277f538f0ea8fa181ba7bdf47305361186ad16bed380
2023-03-18 19:12:23,True,0.5208,0.0002916,78.2917,0.0228,0x04...a681,https://etherscan.io/tx/0xb83acd8b41f135ee9efde20bbcde3db13a374467d25d55f1a10f6d0f4f32f0a3
2023-03-18 19:07:47,True,0.5203,0.0002915,55.0382,0.016,0xab...b6d3,https://etherscan.io/tx/0x678732fd0d43b765b1fa92acf7598f07ea34f4fb45696cb503ca104752ba8a29
2023-03-18 18:55:47,False,0.5171,0.0002901,1205.73,0.3498,0xcb...ff76,https://etherscan.io/tx/0xe11636547bc9007d470968bccb6810378b58859826106d88ab556c20435704d3
2023-03-18 18:33:35,False,0.5151,0.0002906,474.238,0.1378,0x4e...edac,https://etherscan.io/tx/0x94d8814dbd95b333ebd9a888b8e72db6718c2d5a2ea6361525c16b2a668705cf
2023-03-18 18:30:35,False,0.5165,0.000291,1017.62,0.2961,0x6b...5813,https://etherscan.io/tx/0x007b4e9fbc86912835b8341de32ff39c0d34834eb703632ed52a20971d603bd1
2023-03-18 18:24:59,False,0.5207,0.000292,2795.04,0.8163,0xec...1e83,https://etherscan.io/tx/0x090078b10119d82ceceb9f4f29caffee38cfd7dddd70b02c8954479fb637d85f
2023-03-18 18:24:47,False,0.5222,0.0002929,375.4,0.1099,0x55...bae8,https://etherscan.io/tx/0x00039287b2d7cf70d261e685c0132ae58079b9f97d6e7b5577b69957f267da26
2023-03-18 18:20:23,True,0.5255,0.0002948,55.4786,0.0163,0x51...f3d9,https://etherscan.io/tx/0x9fb9facc16e2074e81e445f29b22159c3605ac883cfb61ff931cd40471b62c65
2023-03-18 18:09:11,False,0.5257,0.000294,3476.48,1.02208,0xfa...aa5e,https://etherscan.io/tx/0x7aaa632a119b3fd91282035887c66138bdfde0ee6fc281c678d9390778161f8a
2023-03-18 18:03:35,True,0.531,0.0002954,4606.82,1.36107,0xfa...aa5e,https://etherscan.io/tx/0x15cd74c5b5e3a20799a85af49a3d559dc0fe7dcf3aa80621ac6123c812655146
2023-03-18 17:57:11,True,0.5269,0.0002939,708.14,0.2081,0x28...ef94,https://etherscan.io/tx/0xd7aafda852da4d3cd057100c9cdb5db8c940c96770932344f7266b86c6601e3b
2023-03-18 17:53:35,True,0.5267,0.0002936,340.525,0.1,0x2e...8e83,https://etherscan.io/tx/0x50624ffe8e8d58abeb82d373246ec95990069081d62b6af3cf72ee7490312318
2023-03-18 17:52:35,True,0.524,0.0002927,2900.13,0.849,0xfa...aa5e,https://etherscan.io/tx/0x00482708a0a0fd93dbd81ebd834c41398fdb0c5e1419e2e1352e20b49d46f359
2023-03-18 17:44:23,True,0.521,0.0002917,815.472,0.2379,0x49...a2f7,https://etherscan.io/tx/0x6efc33ad3bedcc90bae2bcca17733dffd37a77d525e2ca4a1848c56be692d3fc
2023-03-18 17:42:47,True,0.5163,0.0002905,3390.17,0.9851,0xfa...aa5e,https://etherscan.io/tx/0x04b09357037f526788c27fd0c9199d9ae97bf7a7c612e4bdf2c253d5512f6e46
2023-03-18 17:41:35,True,0.5138,0.0002895,422.334,0.1222,0xc6...fed0,https://etherscan.io/tx/0x42dd287d5ae7328ac310f683673d43c575076cba4a25ce8d72a7e1e1cef45059
2023-03-18 17:41:23,True,0.5124,0.0002893,423.348,0.1224,0xc6...fed0,https://etherscan.io/tx/0xc27cd55810a9128c973c61165cc920281dd0348610177d0b98b90368a710f565
2023-03-18 17:40:47,True,0.5102,0.000289,552.254,0.1596,0xbe...b539,https://etherscan.io/tx/0x16cc034cd1ec32b56c74c6ff6b7f1967b0dd38c4212d2a236a02a0e9cb9a1aa5
2023-03-18 17:38:59,False,0.5062,0.0002872,500.0,0.1436,0xc6...fed0,https://etherscan.io/tx/0xbd6c9b8ac14626e6bc5c928d84bcade15f13c39c4e49a86f645707fd6e536a4c
2023-03-18 17:31:47,False,0.5056,0.0002883,3374.98,0.9731,0x5e...822f,https://etherscan.io/tx/0x7e9c4af40ba2aa67a218757055c8b80704f7101f26293224b8a6db64e291ccf8
2023-03-18 17:31:11,False,0.5097,0.0002901,3263.0,0.9467,0x91...d728,https://etherscan.io/tx/0xfe49de52c9e61ac69bfeda43ef9f3ab114e9f997a00abf01517794cb79b978ad
2023-03-18 17:26:11,False,0.52,0.0002911,385.88,0.1123,0x5d...8115,https://etherscan.io/tx/0x44b214fc1adbc662a6e34741b1f4fbeccf831c2cd9680bb5e8ceb23198279a1f
2023-03-18 17:18:23,True,0.5237,0.0002929,67.6639,0.0198,0x45...3cb8,https://etherscan.io/tx/0x4ea049efeb3cdd78b14263050673a7c013fe6af6b0a56db09668c50c38a231ee
2023-03-18 17:15:47,False,0.5206,0.0002913,500.0,0.1456,0xd6...c36f,https://etherscan.io/tx/0x963c3a54d0157cb9b4b5b9c68236d61b78061696ea725dab4d3a03ff917edb62
2023-03-18 17:09:35,True,0.5253,0.0002931,466.444,0.1367,0x9f...cb6a,https://etherscan.io/tx/0x19be7e8d317a5d118fe64d9dd956b1478f010ac5fed451b6b68597bc32dbed6b
2023-03-18 17:06:59,True,0.5224,0.0002925,1742.06,0.5095,0xba...fb44,https://etherscan.io/tx/0xceda6c7b549760f1a12e3b50a415e1f02c336a13bded83c189b7b3c3811c9fb2
2023-03-18 16:58:59,True,0.5218,0.000292,37.6712,0.011,0x80...f1c0,https://etherscan.io/tx/0x531591d9ef09f031f3603eee469253daf0ca17cb488b601040ae9b2f495f1cdf
2023-03-18 16:46:35,False,0.518,0.0002903,500.0,0.1452,0xf9...52f0,https://etherscan.io/tx/0xfa77fb934cc57b48016cdf4c293d1134b13f5c3098fb97c02862cf7f85759ba1
2023-03-18 16:45:35,True,0.519,0.0002919,1057.29,0.3087,0xcc...876d,https://etherscan.io/tx/0x601df10c8721e628e1f98799006f820130e9430a297669f11c88b0de19e095e1
2023-03-18 16:34:59,False,0.5196,0.0002908,3234.98,0.9408,0x09...9760,https://etherscan.io/tx/0xf2e9bb63de6be4e1656919f7416f117c801d0b2f429b7857892c102a9e850462
2023-03-18 16:34:35,False,0.5258,0.0002931,5770.71,1.69169,0x31...8903,https://etherscan.io/tx/0x1a6d1f04215e42e69c5f65d5e010295286385fe802d53abd71d5be6690c719d0
2023-03-18 16:32:59,True,0.5332,0.0002966,110.923,0.0329,0x37...7c69,https://etherscan.io/tx/0x6db2705d1624239ae3dd3330a548dbcc4f5339c318fdafce96ef17cc98cefc2c
2023-03-18 16:29:11,False,0.5321,0.0002959,3772.0,1.11629,0x73...36a8,https://etherscan.io/tx/0x74e3d40367e6e40c83fe88be1122726688b714c4f515c5b2397eb706b20fea07
2023-03-18 16:26:47,False,0.5367,0.000297,213.66,0.0634,0x13...fdf2,https://etherscan.io/tx/0x387733c16da74f373df11a5d6bf9694dbf4cd9a661f712b9588eeefa962106ea
2023-03-18 16:12:47,True,0.5392,0.0002988,281.946,0.0842,0xdf...7293,https://etherscan.io/tx/0xa29d692229fd6cb34382537c86c568dda27444ea1b7ead4b497698c25d08e838
2023-03-18 16:12:11,True,0.5383,0.0002985,711.623,0.2124,0x82...a6c0,https://etherscan.io/tx/0xba8112709ae0cc0bd23d95b706169437d4b5300fbab111b611f2f2423a8efe4b
2023-03-18 16:08:59,False,0.5356,0.0002966,300.0,0.0889,0x13...dc6c,https://etherscan.io/tx/0xb0ed42cdef446e6e1575a72887d8ec90a67383a045e64c9c442f0aa61230a85d
2023-03-18 16:08:47,False,0.5375,0.0002974,2661.03,0.7916,0x09...9760,https://etherscan.io/tx/0x3f9c6d8721aafd82953a76ee69aeb3f463aad98f672b4ce70d58cb09bd35927f
2023-03-18 16:08:23,True,0.5425,0.0003,102.424,0.0307,0x5c...6eca,https://etherscan.io/tx/0xdb5b12af83a616232497e74c2b76185000fe65f0d25172a736a362bf17003d20
2023-03-18 16:07:23,False,0.5402,0.0002987,1847.02,0.5517,0x91...d728,https://etherscan.io/tx/0xed2800c81284d39ff0801b31617030df91b2fc82e95bc2000ad433198fb95e4e
2023-03-18 16:02:35,False,0.5437,0.0002999,2430.14,0.7289,0xfa...aa5e,https://etherscan.io/tx/0xbe10884f5b0fd8452b6c79dba59aefbba99a0971637b049b18198224974232ec
2023-03-18 15:52:59,False,0.5462,0.0003007,359.682,0.1081,0xb5...08b2,https://etherscan.io/tx/0x97ed95fb1ccd8f50934c08c6896de88a5d3c56d02724c9f6df2a6a9d1ddc3491
2023-03-18 15:38:23,True,0.5509,0.0003026,27.0935,0.0082,0x2d...a9e9,https://etherscan.io/tx/0xdac111a11fbc62e41858e391aa9da020bff39ac3472bb3f6f07b59b18d7a012f
2023-03-18 15:36:35,True,0.5496,0.0003019,2430.14,0.7337,0xfa...aa5e,https://etherscan.io/tx/0xf30c7e994960eadb9eedc708120aad5aac7a26f19ad2afdbba79f7dc44842c6f
2023-03-18 15:27:59,True,0.5478,0.0003011,161.681,0.0487,0x88...d735,https://etherscan.io/tx/0xdfc52d3df63f008690b8bac5cf6cfbd8d673c00aad8e06ad5eef271180f0568d
2023-03-18 15:27:35,True,0.5478,0.0003011,161.681,0.0487,0x88...d735,https://etherscan.io/tx/0xdfc52d3df63f008690b8bac5cf6cfbd8d673c00aad8e06ad5eef271180f0568d
2023-03-18 15:22:59,False,0.5453,0.0002995,590.916,0.1769,0xc6...fed0,https://etherscan.io/tx/0x8970630266ceedcb23f603d37a7cf38b3330ca1d35ecf7a23006fe545cf76b30
2023-03-18 15:06:23,False,0.5442,0.0002997,178.833,0.0536,0xb4...ef22,https://etherscan.io/tx/0xa469e56636f303c23c60d408f4d5f87343c75b5e2b50b320672a23f66d6e5812
2023-03-18 15:03:23,False,0.5445,0.0002998,181.114,0.0543,0xe2...7325,https://etherscan.io/tx/0x2f8150b482d902ae825c0ee9be89e4a1e399f8be8a08305e13baa36847d383af
2023-03-18 14:51:35,True,0.548,0.0003016,246.258,0.0742,0x82...a6c0,https://etherscan.io/tx/0x6bddf428f7f36966a7f9cb12027dd3d28e0243a90e88ac72f992e72d635824da
2023-03-18 14:48:11,True,0.5479,0.0003015,16.4363,0.0049,0x44...5337,https://etherscan.io/tx/0x91db41156bd417ec17eff549888d8e99d76ef41a52750bd03519ba0683e6bee7
2023-03-18 14:38:11,False,0.5456,0.0003004,2529.0,0.7598,0x5e...822f,https://etherscan.io/tx/0x0317c60ece3432a952d575fc7a5afe06f491e2a026317e3626f15a9be4e77c8e
2023-03-18 14:37:35,True,0.5492,0.0003024,1875.0,0.5671,0xdc...d286,https://etherscan.io/tx/0x5b2a66fe4239bef4999ef14d8dc509fb2274844bb183586f67630eb9244d76ce
2023-03-18 14:36:35,False,0.5452,0.0003004,1193.97,0.3587,0xfa...aa5e,https://etherscan.io/tx/0x988d031302068fd107cbd803486cc64c58e6cae78e6e92b2a04c6e32adc2f8dc
2023-03-18 14:31:59,False,0.5486,0.0003013,1842.07,0.555,0x2e...f345,https://etherscan.io/tx/0x4888c9289d82c7396e23e3cf24681414b4cf63222e08113bf7783be02090bc8d
2023-03-18 14:26:35,True,0.5529,0.0003036,153.458,0.0466,0xa4...e519,https://etherscan.io/tx/0x531d11c9a9fea4e7e9bdf84249b1c97feb14f0da1733557aa5e0ad3c9d04b3af
2023-03-18 14:24:11,False,0.5523,0.0003028,3659.02,1.1081,0xfa...aa5e,https://etherscan.io/tx/0xe3dafb7d7d8b414f2c122973e39067c549dc94827b83e81035a6814b52d5232e
2023-03-18 14:23:59,True,0.5559,0.0003048,3099.93,0.9449,0x89...f5ec,https://etherscan.io/tx/0x45c2c73ee626617056db086d237fac7e73b4bc2e3dfb281bd9574e59c1430272
2023-03-18 14:20:23,True,0.5551,0.0003039,32.5304,0.0098,0xa5...93f0,https://etherscan.io/tx/0x57b3973cd69932b39c3d59f52f89c56496d8d55b6ce3f12de18d44d37b1b1a74
2023-03-18 14:09:35,True,0.5522,0.0003032,2356.46,0.7144,0xfa...aa5e,https://etherscan.io/tx/0xaecb05ee542d1decf922aae9b935b4ca28dbcd85835b768b992d55b085b6c66c
2023-03-18 14:08:11,True,0.5492,0.0003017,2496.53,0.7534,0xfa...aa5e,https://etherscan.io/tx/0xb8ba4d8d708f4999073947ef853bda7b0ba1f479262208635f7267cd3d8c8338
2023-03-18 13:50:59,False,0.5479,0.0002999,2501.0,0.7502,0x91...d728,https://etherscan.io/tx/0xb80deb6868aeae95ebe534ef82d769d93aa3856a96ec3f2451f8ddf836adee41
2023-03-18 13:21:35,False,0.5432,0.0003009,842.328,0.2534,0x75...d85a,https://etherscan.io/tx/0x95b98c7c2e85b208e3d1c11b26a0b3f211eebfdcfc44266e7f424abb13bba35c
2023-03-18 13:19:59,False,0.5451,0.0003019,2685.79,0.811,0xfa...aa5e,https://etherscan.io/tx/0xcc6e361f4cde15dba0495654f5af91fa53550d3496b1ad9c8257e4e0735a4abb
2023-03-18 13:19:59,True,0.5485,0.0003038,2500.0,0.7596,0xdc...d286,https://etherscan.io/tx/0x90bac77d91202b3ec1aa821492dd50c39fb6b7238de8d86681db1772b5244ba5
2023-03-18 13:18:47,False,0.5454,0.0003019,2258.43,0.6819,0xfa...aa5e,https://etherscan.io/tx/0x98cd30aceffd0242c944176b4e03b2401cd72d724ff8e25bc1066985b1f19a46
2023-03-18 13:08:59,False,0.5495,0.0003033,2407.17,0.7301,0xfa...aa5e,https://etherscan.io/tx/0x8adf07caa0ea8141420218d56d7b3c8da8a580471dce55c28251ecc81ab5d18d
2023-03-18 13:03:23,False,0.5522,0.0003046,2104.8,0.6411,0xfa...aa5e,https://etherscan.io/tx/0x3749f44fdc715287606e54f9960e723f9566899260ac2cdb9665bbe673d7243e
2023-03-18 12:51:11,True,0.5562,0.000307,105.239,0.0323,0xe1...1e28,https://etherscan.io/tx/0xf4a58c794bea5844a6a448c8a6ed7a89f9e5cf0e15cf9ce744fa00eb28706c9e
2023-03-18 12:41:11,True,0.5557,0.0003068,602.636,0.1849,0x11...3eb2,https://etherscan.io/tx/0x0ca70499b8cb0b53bfe7b497110bf1aa4438d54e75aabb71b574ae6e5fab53f2
2023-03-18 12:24:47,True,0.5545,0.000306,2267.91,0.6939,0xfa...aa5e,https://etherscan.io/tx/0x2c557d1b84c80fbf4630751a676f602579cdbea20cd08692b75cbe821b234916
2023-03-18 12:18:59,True,0.5519,0.0003046,2367.56,0.7212,0xfa...aa5e,https://etherscan.io/tx/0x6d89e3d163a2f6cd57955c92e940a0f5e5deb8cf7fc9f3808aeaa37220a8f43f
2023-03-18 12:03:11,True,0.5511,0.0003036,946.681,0.2874,0xcb...5816,https://etherscan.io/tx/0xf217992ee6289a395a9e9af1cf021cefe0b9fed36103ff12bb5c2b90822b09a2
2023-03-18 11:58:47,True,0.5503,0.0003031,659.668,0.2,0x2e...8e83,https://etherscan.io/tx/0x32344b9d468e23f0d7bf2c4e8c44aea78f7ec2f0651a2ccfe0190bf902e717a3
2023-03-18 11:49:23,True,0.5488,0.0003023,2295.41,0.6939,0xfa...aa5e,https://etherscan.io/tx/0x9aeba6a2afac172f26321dbe54e8f1ce59e12cf3bde03bd6e1416b01e055fd03
2023-03-18 11:32:23,True,0.5464,0.0003016,163.292,0.0492,0xad...1fc9,https://etherscan.io/tx/0xfb2a7290623bd8649d1115ce9c2ae7e085251ed3f1f461ca5fb19ffce2f47b27
2023-03-18 11:25:47,False,0.5446,0.0003003,2214.24,0.6651,0xfa...aa5e,https://etherscan.io/tx/0xda2c60d923cdffaff6be289b5d27b368308b00a4d5d5f5babe125ee1708e4cc2
2023-03-18 11:17:35,True,0.5476,0.000302,2814.35,0.85,0xf4...ed84,https://etherscan.io/tx/0x79fd36428ed181d86bbe2026b6346f5afe407f2c3711669d1d06ae8563c77b29
2023-03-18 11:13:11,False,0.5446,0.0003004,3577.06,1.07467,0xfa...aa5e,https://etherscan.io/tx/0x144e5f424d09676a5eaca7bf2df8191e9b56d3adc5d28b7393d9a99b29f91cfc
2023-03-18 11:13:11,True,0.5483,0.0003024,2893.24,0.875,0xba...3597,https://etherscan.io/tx/0xfe0b608a253daa0ea61736090fbc6937412d4e6fd15404946b4acb46078d4e1f
2023-03-18 11:02:47,False,0.5447,0.0003004,2294.12,0.6892,0xfa...aa5e,https://etherscan.io/tx/0x86d3520ed8aca31cc0dd6d6249d7d9838e2c5de64d540fec9b559029be927a6d
2023-03-18 10:58:35,True,0.5486,0.0003028,185.096,0.056,0xae...c313,https://etherscan.io/tx/0x743eb2e95f6657d339ada241df114b94faf2376c6ce16a2fd1dbebae6d2e6a78
2023-03-18 10:43:11,True,0.5463,0.0003017,3710.38,1.11957,0xfa...aa5e,https://etherscan.io/tx/0xae416fee308f6415623aa0116a57a5d2e42fc8a27e85ff679216d5e700926402
2023-03-18 10:38:59,True,0.5431,0.0003005,332.701,0.1,0x44...b5b6,https://etherscan.io/tx/0xbf09aedb420940c7af219530002e42991f21bb69bab32ac9b03b63147fb467d9
2023-03-18 10:37:11,True,0.5418,0.0002997,2401.0,0.7197,0xfa...aa5e,https://etherscan.io/tx/0x650ab1cc340abf921ab2d64be90d9c89141f43d196f6a170213f6269676d25d5
2023-03-18 10:35:47,True,0.5385,0.0002984,2281.23,0.6808,0xfa...aa5e,https://etherscan.io/tx/0x882b61ef4892b531cc00b9b540cce2599ff020920184e83c6fe26cca6d45607b
2023-03-18 10:32:35,True,0.5374,0.0002977,6.65741,0.0019,0x0d...4eef,https://etherscan.io/tx/0x13aba906cb4139818946ff2cffff5fdad3c112f883064be956ede803001a4304
2023-03-18 10:31:47,True,0.5363,0.0002971,2218.13,0.6591,0xfa...aa5e,https://etherscan.io/tx/0xb3b5bda0f75744069dab3e532b142f4a8f5f47372165221e4cbd0cb91aad3518
2023-03-18 10:08:35,False,0.5328,0.0002955,2949.97,0.8719,0x2a...06a6,https://etherscan.io/tx/0x46f2168ea98ce3878d4ec48768b392a0a52f6c9a206b44f0c72b104434979b35
2023-03-18 10:05:59,False,0.5367,0.0002971,2407.98,0.7154,0x5e...822f,https://etherscan.io/tx/0xad16d256bad96dbeecbde58704b3974d63fbf1cdbdb021f91484e1564a391b58
2023-03-18 09:59:11,False,0.5402,0.0002984,2448.02,0.7306,0x5e...822f,https://etherscan.io/tx/0x5765cc26605843a1d3341ccb2e6f2b2d0ad0bdd91fb0c3178dd05b9c4a264027
2023-03-18 09:58:35,True,0.5446,0.0003008,314.199,0.0945,0x13...03b6,https://etherscan.io/tx/0x2a5cd113b32e1e059a6f7a95bbed2528ffa4c508fc95bee77c44c2fcdc96502f
2023-03-18 09:53:35,True,0.5436,0.0003007,26.3725,0.0079,0x7c...8d51,https://etherscan.io/tx/0x1924e1e6867f17f399d1c9cc03c774a5cfc4749ba4c62fde67edf91b4fc27d99
2023-03-18 09:51:59,False,0.5399,0.000299,221.884,0.0663,0x73...b927,https://etherscan.io/tx/0x03b54e1426fcc7a88ecf5b0721dccc185962e7f47a14c4360046cb514c17778a
2023-03-18 09:37:23,True,0.543,0.0003008,366.873,0.1103,0xa1...b2e0,https://etherscan.io/tx/0xac3f06c8e384e68172d7ff6ac34c796624ad134bd1424bdaf0e56262fa37125d
2023-03-18 09:37:11,False,0.5409,0.0002996,2482.98,0.7439,0x91...d728,https://etherscan.io/tx/0xb43d66b81974cbb62caab7f68857835ee49fb6bef603f5bebbe84d1235ee59db
2023-03-18 09:32:35,False,0.5424,0.0003006,1034.99,0.3111,0x91...d728,https://etherscan.io/tx/0xb3bb7286eec73b0ae11d6047102900e64f691ce6cd991f4a6f9a86bb154a2b48
2023-03-18 09:32:11,True,0.5448,0.0003019,2813.9,0.8495,0x76...7d5e,https://etherscan.io/tx/0x528dfd47630f21361b58afd12e341557fed843a39cc68ee8693c33c2e8e921c2
2023-03-18 09:32:11,False,0.5413,0.0003,2536.97,0.7611,0x5e...822f,https://etherscan.io/tx/0x24730fccf2b291db1d310ac369a8a1cb7b0db8e24ac2de9155698ef9b9c6b9f7
2023-03-18 09:30:11,False,0.5439,0.0003016,2970.0,0.8958,0x5e...822f,https://etherscan.io/tx/0x69ba2a21b578f9db2fe51ada3741e1536deca40b9ef7772f5c1c711b34a92707
2023-03-18 09:24:35,False,0.5452,0.0003025,69.0348,0.0208,0x68...c31f,https://etherscan.io/tx/0x64fee2271deb1538b110e9aa993323941f35e2880e6ff079e17d7b877ef4b338
2023-03-18 09:23:35,False,0.5338,0.0002963,11991.7,3.55347,0xdc...ad8e,https://etherscan.io/tx/0x0a92d557d8d1951765aa95050fea9fd0c7229d29a6e8c9f86d8fccda242be7ea
2023-03-18 09:22:35,False,0.5472,0.0003037,2555.98,0.7764,0x91...d728,https://etherscan.io/tx/0x7f472eb350632e584d0caea579ca512477d1cd97e6de750fd718b08dacff0758
2023-03-18 09:19:59,True,0.5509,0.0003062,463.007,0.1417,0x20...d13b,https://etherscan.io/tx/0x7f6c3c4310d063a8998ce2fad47ae637d22d34bf12736f14dd01aeb7f3a6c233
2023-03-18 09:16:11,False,0.5467,0.0003047,1866.0,0.5687,0x3f...c220,https://etherscan.io/tx/0xa6cba0a911299664860538d075ccb6bfafcb165254a91d10827ae50a5890c908
2023-03-18 09:15:23,True,0.5504,0.0003061,3601.38,1.10241,0x76...7d5e,https://etherscan.io/tx/0x9cce3db0a910b98a988e042c8653c9ef13777ac0553a11685a46b2d20204b67a
2023-03-18 09:15:23,False,0.5472,0.0003043,3749.01,1.14089,0x5e...822f,https://etherscan.io/tx/0x9f8d7c9a1b325e0297e3faa0412372720876f9beeeab62ec02c4ec5811c396aa
2023-03-18 09:13:59,True,0.5521,0.0003061,3714.42,1.13719,0x76...7d5e,https://etherscan.io/tx/0xac4c6e6e658600f0cac8d89f00658d16f02d5f73e3a2aed3763717621bc9b88b
2023-03-18 09:13:47,False,0.5495,0.0003045,4592.95,1.39893,0x91...d728,https://etherscan.io/tx/0x61f33a4b5d1f4d1d1a132878b2bcbb6940ca459b56cf8ac0d6461fd5e95db7c1
2023-03-18 09:12:23,True,0.5569,0.0003077,161.058,0.0495,0x6c...3193,https://etherscan.io/tx/0x6303e54ecce9025f3aaf2ffe3c567d6b19a31e9c84e98090775dc8224405a6ca
2023-03-18 09:11:11,False,0.5554,0.0003066,2754.03,0.8445,0x5e...822f,https://etherscan.io/tx/0x7d9eeb7b4f1d1a77ada46aacc4fba6318fa9c41d846b2382e835a7d56603c6be
2023-03-18 09:09:11,False,0.558,0.0003081,2127.04,0.6553,0xfa...aa5e,https://etherscan.io/tx/0x7b3fcfee58d3427001da743fb314c030f61a7a565a5041d5e097bd79626d9f5d
2023-03-18 09:07:47,False,0.5614,0.0003094,2279.01,0.7052,0x3f...c220,https://etherscan.io/tx/0x00dad1bf965128f7614d3a92bf25bf4ca81f9389e7b6f9d5dd2f30fbd5f4e562
2023-03-18 09:03:35,True,0.5657,0.0003119,122.13,0.0381,0xab...392f,https://etherscan.io/tx/0x0fcd9a279d480a02be246560face4bcb880839236968322205d42460d6e2e175
2023-03-18 08:55:11,False,0.5642,0.000311,3347.65,1.04135,0x19...5562,https://etherscan.io/tx/0x3a2ccba251884319cc63490f01db2e4a8855bad26cafeac650e96d3209059b11
2023-03-18 08:51:59,True,0.5694,0.0003133,2127.04,0.6664,0xfa...aa5e,https://etherscan.io/tx/0x4f9a325bf42a8c8e414d4bb3782c592621bb7aea0617beabfde28fd1e6fda62f
2023-03-18 08:51:35,True,0.5684,0.0003125,399.622,0.1249,0x63...55e5,https://etherscan.io/tx/0x93f23c99c679c6afc60f87a4a05e355da1ba6ad43320cedb3a25ead21ebcaa29
2023-03-18 08:49:35,True,0.568,0.0003121,987.913,0.3083,0x3a...966a,https://etherscan.io/tx/0xfed471382742f700cf60eb0953bfb5ce62977aeb169a80cbc363a0e21ff208b3
2023-03-18 08:45:35,False,0.5643,0.0003104,1611.86,0.5003,0xfa...aa5e,https://etherscan.io/tx/0x3fe9868ce5f7a4cc338a1edeae0434c7e2d6f7183e23b56770139e6519a28cfd
2023-03-18 08:38:35,True,0.567,0.0003126,475.571,0.1486,0x9f...1829,https://etherscan.io/tx/0xfbe3b1fa416d0231b3a5bbd44fa2da3471399fbda2d10710998fe292f0bff84f
2023-03-18 08:38:11,True,0.5664,0.0003123,464.277,0.145,0x39...9a9e,https://etherscan.io/tx/0x6bb7709ebb69d79466f77cd12e537106f9cf9f2554a957876e6f531ea8bea980
2023-03-18 08:21:11,False,0.5638,0.000311,2240.28,0.6968,0xfa...aa5e,https://etherscan.io/tx/0x681c59acd95c20ca530ad18d82f5ccae5038283168e5f43153ef25e51b211a9a
2023-03-18 08:09:35,False,0.5646,0.0003117,8.0,0.0024,0x4c...1ae8,https://etherscan.io/tx/0x65da4fb813e7d202e4adab67975f9b865cae8708bfde6016213e546355e59029
2023-03-18 08:07:35,False,0.5659,0.0003124,2311.89,0.7222,0xfa...aa5e,https://etherscan.io/tx/0x38b27a48b5a1afe44fac3a384765ebdae9d52a5a5c03380ae7d0924ae94c6910
2023-03-18 08:03:23,False,0.5682,0.0003134,1000.0,0.3134,0x7e...a1ef,https://etherscan.io/tx/0x533af20bc5fc2cb70476a4f5497e99173243b5545e3f0267f4b7bf3a45f16d1d
2023-03-18 07:54:11,True,0.5708,0.0003155,221.295,0.0698,0x03...df5d,https://etherscan.io/tx/0x4d948aa792b5a1367520a95e8d44d557d4e91e213384042ea095a913f8da4edf
2023-03-18 07:46:59,True,0.5704,0.0003153,499.341,0.1574,0x88...4fd9,https://etherscan.io/tx/0xb5c9ecb9619f4a49aa954f51ba013625c69397e53741f7a716255f73fb73ae7b
2023-03-18 07:45:59,True,0.5688,0.0003144,2316.2,0.7283,0xfa...aa5e,https://etherscan.io/tx/0xfe4cedcc87ff70589702a82ce2cb81cd4634070f2a8dce4964a25a85dfb2c46f
2023-03-18 07:37:23,False,0.5648,0.000312,500.0,0.156,0x73...11f2,https://etherscan.io/tx/0x8f817aa9b75901c41ae66322b2fab678793fcfa0b3064f118b3eedea088d8839
2023-03-18 07:31:59,False,0.5659,0.0003129,2535.04,0.7933,0xfa...aa5e,https://etherscan.io/tx/0x0ced41511410de5e99e57af335492dd937cd6a62cd45d8cd433ba04c0dae08dd
2023-03-18 07:28:59,False,0.5687,0.0003144,2290.2,0.7201,0xfa...aa5e,https://etherscan.io/tx/0xb5c883253ae4f4d045952319b744f8124d212fccadc1107bb457b8a40e346dfa
2023-03-18 07:28:47,True,0.5734,0.000317,49.7761,0.0157,0x56...05e1,https://etherscan.io/tx/0x9e1e99215ab34dc167ca76fe878c54f1ea954af2be0323d344ab2235ac030f68
2023-03-18 07:26:11,False,0.5713,0.0003158,2232.96,0.7052,0xfa...aa5e,https://etherscan.io/tx/0x964f7ee661977f844405e0ba1814bcdaf7d49ea11a467c035a69dfcddf4761e5
2023-03-18 07:25:23,False,0.5737,0.0003171,2151.65,0.6824,0xfa...aa5e,https://etherscan.io/tx/0x43183d12256d8b7ef80034a575d3011e587748a47b0888a5f313627327d090e4
2023-03-18 07:18:11,True,0.5786,0.0003196,449.807,0.1437,0xbe...8878,https://etherscan.io/tx/0xaac24fcaa90dd16795326a327ab4bd7a204bf5baea7627f21232d01fb2df9fb2
2023-03-18 07:03:47,True,0.5775,0.0003189,1881.49,0.6,0x2e...8e83,https://etherscan.io/tx/0x9243ab343a787437431418481b3a5c12df67eff6081d1d3cbc8edc715951af23
2023-03-18 06:54:11,True,0.5772,0.0003182,89.015,0.0283,0xb0...6620,https://etherscan.io/tx/0x20b586b6038086bda97344f80ca236d2186c68619dde0a1b20919924a1c97a10
2023-03-18 06:45:59,True,0.5764,0.0003181,200.723,0.0638,0x55...db33,https://etherscan.io/tx/0xe46211f5d4ac53b9f22e6a2556af6b4de6db780aad713e3a1e28b1d00d6cd520
2023-03-18 06:45:11,True,0.575,0.0003174,2252.58,0.715,0xfa...aa5e,https://etherscan.io/tx/0x076476fb987932317fc6a9e4962daf82e355284bd0e99490acfe969d2ff02df8
2023-03-18 06:42:11,True,0.5731,0.0003165,368.305,0.1166,0x22...b25b,https://etherscan.io/tx/0xaad778711a02f5ecbd65c58441dbfd0427a46ed56f67c65a6086ed2f307bef26
2023-03-18 06:39:59,True,0.5728,0.0003161,1140.09,0.3604,0x20...a6c9,https://etherscan.io/tx/0x01a3a79dd9a2ba73ef036ea105a1bc1f07aa5dbe123d4d2698150e721447e542
2023-03-18 06:35:35,False,0.5696,0.0003145,2226.7,0.7004,0xfa...aa5e,https://etherscan.io/tx/0x7205c7086e9eadc434eb27b12a1d15baca9e83b87e52911bd6664b69e4021e14
2023-03-18 06:35:11,True,0.5743,0.000317,373.361,0.1183,0xe0...da2e,https://etherscan.io/tx/0xcd79f1be186ef150dfdf9fbfc59416080fbaf128c49fe2ceb1374318549821fc
2023-03-18 06:25:59,False,0.5696,0.000315,66.7106,0.021,0x72...009b,https://etherscan.io/tx/0x806f04dd92674407123e10571fc3aa2455bce2d5618cbcfc4f548809abf298cc
2023-03-18 06:21:59,False,0.5696,0.0003151,173.338,0.0546,0xf7...6695,https://etherscan.io/tx/0xbeeac0f4d425edc6417fa880dc192a40ffc2e570510c60bce88324debc886f8f
2023-03-18 06:19:11,False,0.571,0.0003161,3019.63,0.9545,0xfa...aa5e,https://etherscan.io/tx/0x2486affafb15eeb3d642386f408214786964acaa4b50e27a99faf44a0f0799f4
2023-03-18 06:18:47,True,0.5749,0.0003184,1732.11,0.5515,0x42...a4cb,https://etherscan.io/tx/0x02e6bef266ae51900cb02cb2878d4148a1349b22d5c06e39a06a2961cad757bf
2023-03-18 06:09:23,True,0.5729,0.0003176,814.676,0.2587,0x58...e29c,https://etherscan.io/tx/0x69166303996a79e3003953a40eb188c050906ed96661385b7ff8e6a8a8c901a0
2023-03-18 06:08:35,False,0.5711,0.0003165,3322.22,1.05147,0xfa...aa5e,https://etherscan.io/tx/0x19e98f14b78caa1318bb4765e10f3387843b93af50e661cd0f7a4d753747fef6
2023-03-18 06:03:59,False,0.5744,0.0003182,2226.75,0.7086,0xfa...aa5e,https://etherscan.io/tx/0x0452318be9a82a07240728ee809e0f6c83c385552f0238305715e39ba79f1975
2023-03-18 05:59:23,True,0.5783,0.0003204,1374.54,0.4404,0xfa...aa5e,https://etherscan.io/tx/0x85bcf5c646f9f8302b7b87ee8c0147aef86f723334d858da827118b5dc10454d
2023-03-18 05:58:59,False,0.5743,0.0003182,516.841,0.1644,0x55...ce90,https://etherscan.io/tx/0x57e44a314eff76f853383bf08f3c7a0b5b7a8f9fb35af51d9c35776d47de3740
2023-03-18 05:42:35,True,0.5789,0.0003195,2337.01,0.7468,0x2a...06a6,https://etherscan.io/tx/0x6ec0c455a13b00b7b5979b5d192e14c8f4c07a666ab953989e828ba72ea5502b
2023-03-18 05:41:35,True,0.5763,0.0003181,2201.3,0.7003,0xfa...aa5e,https://etherscan.io/tx/0xb46ca4555702051aff1728153db5f442ed5937f9935f7be2b2328f35362850b7
2023-03-18 05:32:23,True,0.5753,0.0003173,185.721,0.0589,0x19...a814,https://etherscan.io/tx/0xaaaea2ace1dd3721f36a683f577ac16ecabc34db593ce319a1dc3bcf121b4e25
2023-03-18 05:30:47,True,0.5739,0.0003166,2343.46,0.7419,0xfa...aa5e,https://etherscan.io/tx/0x68ff483784fce1b628735b6b04e9e587d92b5c7ee681b5fa9c89387d0c14adc2
2023-03-18 05:29:59,True,0.5721,0.0003158,69.0348,0.0218,0x9e...0c6e,https://etherscan.io/tx/0x518a67ac6c654e9e91a6f765df4e94eb60f9c7ea1b8169c0f4bee3f452c735d8
2023-03-18 05:21:23,True,0.5714,0.0003157,155.493,0.0491,0x4d...b5d5,https://etherscan.io/tx/0x9f67bcf2488a3bcf788851954374d4ce8483c3e88ced84f391e97db098aca05f
2023-03-18 05:15:11,True,0.5696,0.0003156,345.46,0.109,0x64...3c31,https://etherscan.io/tx/0x94fe036a3bfd1b831f2c0fe35458d73efef4c3c4d458ee7c79355070af514fe4
2023-03-18 05:10:11,False,0.5684,0.0003139,1203.57,0.3779,0x0f...3c5a,https://etherscan.io/tx/0xb5fa8f452d984078cd30ee33c596c878a1a52abb412f75d7db9218e1b664c8f9
2023-03-18 05:08:35,False,0.5709,0.000315,2325.68,0.7327,0xfa...aa5e,https://etherscan.io/tx/0xce0f3614104054b214f69a25e0e7eda7abc30f9a1a4a95e60689c5d4602fd4f6
2023-03-18 05:06:11,True,0.5758,0.0003176,93.3343,0.0296,0x48...eab1,https://etherscan.io/tx/0x56ddd332b801ae6e76d7756aa90136c9bed7cc3390a896063f1c17d0115d73ed
2023-03-18 05:00:47,True,0.575,0.0003176,31.2067,0.0099,0x92...bef7,https://etherscan.io/tx/0x00ef638702992833db18b5dcd04f94d1375ddb478729f1be0478c1e279a7cceb
2023-03-18 04:59:11,False,0.5737,0.0003168,3461.91,1.09676,0x87...5960,https://etherscan.io/tx/0x981cc9bcf36c1162fbe484d95c95320916638112f6ddb5dc9ffe1bf299539f9f
2023-03-18 04:49:59,True,0.579,0.0003198,12.4759,0.0039,0x0a...4d1b,https://etherscan.io/tx/0x0c29525f5cef603ee048413d2a3f1899a113a22f465d0ff271d149355e8d51c7
2023-03-18 04:46:59,False,0.5766,0.000318,663.311,0.2109,0x75...d0a9,https://etherscan.io/tx/0x221194c39ab8f55ea0006fc6d956634f8f6425049415d0e1359a212b12e302d5
2023-03-18 04:46:35,False,0.5767,0.0003183,173.725,0.0553,0x81...8f3d,https://etherscan.io/tx/0x6052fd2fdbd22c88d2e63ca24a97179e0f265b51c1d26c5446b812939fa603ff
2023-03-18 04:43:23,True,0.5801,0.0003203,15.4726,0.0049,0x0d...4eef,https://etherscan.io/tx/0xe5c65508c033b6520828188288e21c2b4803beb16bc4b4fd5be5385793aaa8f7
2023-03-18 04:30:23,True,0.578,0.0003195,2380.07,0.7605,0xfa...aa5e,https://etherscan.io/tx/0xd2841c3d3569c317f725bffb897a3ba2b94ccc78316d4cecb2b37814dc57c887
2023-03-18 04:29:59,True,0.5766,0.0003187,99.5043,0.0317,0x0d...4eef,https://etherscan.io/tx/0x065cf1df18b58531db505fed1f3caa4bd6514abe5119265485991124b5823097
2023-03-18 04:29:47,True,0.5766,0.0003187,85.6818,0.0273,0xa3...2182,https://etherscan.io/tx/0x6818d2d0c026bcbc6b82fbe0e24d98a93a05a1a7f0a1bada63fc317af87ec806
2023-03-18 04:29:47,True,0.575,0.0003178,2761.26,0.8776,0xfa...aa5e,https://etherscan.io/tx/0xc02f38c83afd3a163d48ede99bf2c9b17661d4654c58ac3f608494cf5ad2c58e
2023-03-18 04:28:23,False,0.5709,0.0003156,1715.76,0.5414,0x07...45c9,https://etherscan.io/tx/0x59bd5149970fee56768853278ef09625544050f09168ea534201e8e4029d0e04
2023-03-18 04:26:47,False,0.5719,0.0003161,100.0,0.0316,0xad...9f1e,https://etherscan.io/tx/0x00f737d0f13052b97652dd6505640dd848fd8d36bf3c5081842156f3db5428a9
2023-03-18 04:22:23,False,0.5715,0.0003162,300.0,0.0948,0xb4...ef22,https://etherscan.io/tx/0x1581880639cb771aa7ba259d8e9802a73c4a6caec4700a70271ad23d70fdc154
2023-03-18 04:20:23,True,0.5745,0.0003181,343.742,0.1093,0x09...c0f4,https://etherscan.io/tx/0xbc4eff213f373638dc2bef8dddb03bdf115e14a81e986a37fc103012259a1543
2023-03-18 04:15:35,True,0.5727,0.0003172,2533.15,0.8037,0xfa...aa5e,https://etherscan.io/tx/0x12986b027892ca298f58e6094c39f22ab22b30a2c1bb08b4c54bdc42fad32060
2023-03-18 04:15:23,False,0.5682,0.0003147,622.463,0.1959,0x74...904f,https://etherscan.io/tx/0xf6965a16d9a90518e93157eaedacd004f4a0690508a81cbaad4949662fa77bee
2023-03-18 04:15:11,True,0.5716,0.0003168,86.1623,0.0273,0x76...4234,https://etherscan.io/tx/0xb1cd3f82c81faa6dab88f143fb441d80c331086f26756b13f318d5e8e7a5c3aa
2023-03-18 04:12:47,False,0.5684,0.0003149,100.0,0.0314,0x23...f16e,https://etherscan.io/tx/0xca012471686e8b495b5126aaada0c3d2aba610c0c385f93e75a1334d4fa76370
2023-03-18 04:12:47,True,0.5719,0.0003168,97.1572,0.0307,0xa5...acb7,https://etherscan.io/tx/0x16298a1351ed43ba3581a8644a4019e843859c1f74d13c47e86829e2e3377abb
2023-03-18 04:09:47,False,0.5694,0.0003149,100.0,0.0315,0xf2...1a30,https://etherscan.io/tx/0x883a0129b2b4cf751c41916ce078822498b1490142f492c9f4bcb660aedc98a8
2023-03-18 04:07:47,True,0.5729,0.0003168,133.782,0.0423,0xa5...acb7,https://etherscan.io/tx/0x437292f69593593668bbfd328c906be75e36d39bb0c80cf60486c5de5460a681
2023-03-18 04:07:11,True,0.5695,0.0003151,5394.83,1.7,0xce...fba1,https://etherscan.io/tx/0x45a3f4f2c2769e64f5f88783a85192b210b409283e459420e2fda4f5dd7607dd
2023-03-18 04:07:11,False,0.5656,0.0003129,4500.0,1.40829,0xfb...040c,https://etherscan.io/tx/0xa1904de524fec5c41d285dbf540aa0dc4be4d619650a88a15f5e0667a5443f89
2023-03-18 04:06:35,False,0.5682,0.0003143,145.0,0.0455,0xf3...b8e6,https://etherscan.io/tx/0xc843664439273ecdb130db8bc02e99a32ec32806d7d5f0842daacd8cbb19c34f
2023-03-18 04:05:47,True,0.5716,0.0003162,122.229,0.0386,0x87...41a3,https://etherscan.io/tx/0x60b6144a53bee404477db26458b1825e46a83b6c6bacddb1c05179c9521df53a
2023-03-18 03:47:11,True,0.5726,0.0003161,282.18,0.0892,0xf5...b723,https://etherscan.io/tx/0xbf4036a154744b6a871768d53e098dded2fc2622f2de21802e9ca4ee27e1eed4
2023-03-18 03:44:23,False,0.5707,0.0003143,400.0,0.1257,0x2e...f345,https://etherscan.io/tx/0x9e05f58efd22b27c9182ac4f9aecfa1c7ebc7e464cd4b2686bf94bc1aa359cec
2023-03-18 03:42:35,False,0.5714,0.0003146,763.659,0.2402,0xc0...0f05,https://etherscan.io/tx/0xa70f648a4bece904584b49989ddf351545315d9277c8a32db209be30672a94c5
2023-03-18 03:30:11,True,0.5733,0.000316,2419.54,0.7646,0xfa...aa5e,https://etherscan.io/tx/0x0bf9726e8d7a99f376120057bb646dc2b8d1b6505bad15f729da3b0d6a704034
2023-03-18 03:23:23,True,0.5745,0.0003152,151.734,0.0478,0xfd...5022,https://etherscan.io/tx/0x232fe7d0b576961fccc72cbe05a801cd32b5340057909f2d2fcdc638f523e7e0
2023-03-18 03:21:35,False,0.5708,0.0003133,163.0,0.051,0x1f...6018,https://etherscan.io/tx/0xee8289f9b256d2b8cd4664f65d97a5a5fd689e6963ea104844cc473fcfd6c639
2023-03-18 03:19:11,True,0.5717,0.0003143,3181.62,1.0,0xf4...79be,https://etherscan.io/tx/0xae0ad1eaada3fe39a3bdc3405f26263ffdee6517a728fa8e65e0cf370c25e6b1
2023-03-18 03:16:11,False,0.5673,0.0003122,2494.5,0.7788,0xfa...aa5e,https://etherscan.io/tx/0x600b3c8905a14e7664e267326a8557827b0ce55d051ec00ee9b2fe01790ce8ce
2023-03-18 03:15:59,False,0.5689,0.000313,350.0,0.1095,0x33...ac64,https://etherscan.io/tx/0xfedacd313b557bfde4ba545315a8c0e9b9e41cdbc8699c38e6a0f82945a38c27
2023-03-18 03:08:59,False,0.5684,0.000314,2655.54,0.8338,0xfa...aa5e,https://etherscan.io/tx/0x791ec7647f73400735678e2add02c08a3abb42361617d0fadabb231cd2e62438
2023-03-18 03:05:59,False,0.5726,0.0003158,3405.72,1.07582,0xb1...04e9,https://etherscan.io/tx/0xc6b547255dbbb8c87c1c95b15cae08f634d6545b7e91487ed472451787ab7579
2023-03-18 03:02:47,True,0.5784,0.0003187,329.325,0.1049,0x89...fc1d,https://etherscan.io/tx/0x1bf5ddfc57fb0956e6bc8975c32cd50786cf8c54e5054df8047724f3b42d7e24
2023-03-18 03:01:59,False,0.576,0.0003176,2799.43,0.8891,0xfa...aa5e,https://etherscan.io/tx/0xb561579f5e2f3b3b9d5d0a3b7cb452e12be4224f211c81bbc8836cca3ce27373
2023-03-18 03:00:47,True,0.5815,0.0003203,126.131,0.0404,0x8d...9808,https://etherscan.io/tx/0x72e8a8d7fae0d2d989909d2bc7735ddeca0bf12536f1ca2048caba7797613e74
2023-03-18 02:59:35,False,0.5783,0.0003185,255.469,0.0813,0xff...112a,https://etherscan.io/tx/0x1607bba0df92cb214f6310ee4752dbb92447c34aabbf6da301f33dc303059597
2023-03-18 02:58:23,True,0.5815,0.0003204,102.075,0.0327,0xa0...96ed,https://etherscan.io/tx/0x02c595cf480945c65c05134aec82ceacba3f27ee1b51d98a00c54d278f3cfaf4
2023-03-18 02:58:23,True,0.5813,0.0003203,280.099,0.0897,0x58...39e4,https://etherscan.io/tx/0x56ae1224e722555a2f342ef9912ee5b3ba11ed83fa15d3855cafcf09d45a9425
2023-03-18 02:48:35,True,0.5825,0.0003202,170.265,0.0545,0xe5...7eac,https://etherscan.io/tx/0xaf7b933528a2e0a4eb0f12ef6e4272962064f175e6ea0788ea915d0001227697
2023-03-18 02:48:11,False,0.579,0.0003182,169.792,0.054,0x6b...583e,https://etherscan.io/tx/0x0769ceafc8545f0931032d3d3f72f4886260e019b64406ccab8746aea37261ff
2023-03-18 02:38:59,False,0.5795,0.0003184,407.385,0.1297,0xca...9a66,https://etherscan.io/tx/0x0af8c2f3dc223055a2bd78ef92fe55ad19c36780c4ee78f5efbf0a555749d90f
2023-03-18 02:37:59,False,0.5803,0.0003189,996.0,0.3176,0x0e...645e,https://etherscan.io/tx/0xc57cc167aae065a7dd257128395b9eef682b413c97ce530ed192f24027340d57
2023-03-18 02:36:35,False,0.5844,0.0003209,5485.9,1.76078,0x55...35b8,https://etherscan.io/tx/0x2d9b5c70230c6900bf6aa69540f585092dcb270262bc1aa59bb0b47c9af29264
2023-03-18 02:36:35,True,0.5858,0.0003217,9007.32,2.89822,0xd8...6900,https://etherscan.io/tx/0xfea0404b97b63adafb74a2d47cbabec1fde800ce6822177212389fd7aa07668b
2023-03-18 02:35:35,True,0.5778,0.0003179,2970.01,0.9443,0x91...d728,https://etherscan.io/tx/0xeabd2b28ddc1eb3b852120e389a7663f2eef4f7c5831cea92e95ed18037694a9
2023-03-18 02:33:47,True,0.5758,0.0003169,370.129,0.1173,0x79...ee3a,https://etherscan.io/tx/0xae7076090fce0eb722c32158551d65789d95cdf75e1598d01298b20a0cb0372d
2023-03-18 02:33:47,True,0.5755,0.0003167,187.771,0.0594,0x13...1afe,https://etherscan.io/tx/0x376f5d8906b3b8401239fa6d874d51cec15dceeb9a6922bf62955c45699d22c7
2023-03-18 02:32:11,False,0.5762,0.0003163,5011.93,1.58551,0xe6...cc7f,https://etherscan.io/tx/0x188cb0131de6f60eeb9dea5c82e2ddee251f7ada8d95711cc15df49c82cf5a55
2023-03-18 02:31:59,False,0.5807,0.0003188,2917.48,0.9301,0xfa...aa5e,https://etherscan.io/tx/0x74093cb8d9c7d9074e8d035984f097736fddd90776266b64ed6fb58972351596
2023-03-18 02:29:35,True,0.5856,0.0003202,4411.03,1.41274,0x91...d728,https://etherscan.io/tx/0xd3b457b7652c26bb2f32f67bd9ea8d35c15afb2b4855e2ac17fe56ddf8d08342
2023-03-18 02:28:59,True,0.5813,0.0003179,3000.46,0.9539,0xfa...aa5e,https://etherscan.io/tx/0x835c545b7ec956d95e7996579d5551f58a4e523f8445f341592fa72037171c4b
2023-03-18 02:26:35,False,0.5773,0.0003159,2851.52,0.901,0xfa...aa5e,https://etherscan.io/tx/0x3b0f3f90f323033451469ffae0f31a326f8453b83019a615bbe5e4351aa6fca4
2023-03-18 02:25:35,True,0.5817,0.0003185,713.153,0.2271,0x62...33f5,https://etherscan.io/tx/0xcedff049d12c022b29e8a3420bb6247b172a28265701996bff043feb7ce56bbf
2023-03-18 02:23:23,True,0.5796,0.0003181,455.28,0.1448,0xb6...82c0,https://etherscan.io/tx/0xcef34b3a1cc652bab25faf12bf2d74e6a43e584994153218b923da613e463c8d
2023-03-18 02:21:11,False,0.5788,0.0003171,3082.07,0.9773,0xfa...aa5e,https://etherscan.io/tx/0x7a2689a927212346afb7ec85ba2ba5a69aa94841b3b2bc92653d51246b48d16c
2023-03-18 02:18:59,True,0.5838,0.0003199,58.5522,0.0187,0xc8...7e45,https://etherscan.io/tx/0x542852236bf49034e3f1dca0b56b5973ff1657b972e27aa4aee0a43c76a08d9a
2023-03-18 02:18:35,True,0.5824,0.0003191,2464.07,0.7864,0x4f...28c7,https://etherscan.io/tx/0x4a35fadf68bfe3c37fdd734435b0d7fb1cadd76ee01df8667efeaad422f11a04
2023-03-18 02:17:47,True,0.5796,0.0003175,2832.44,0.8993,0xfa...aa5e,https://etherscan.io/tx/0xcca21d4bc23796f7c9d197a67a0cfd898fe40a4e4f9c2b32d296e1ebe7a49f73
2023-03-18 02:17:11,True,0.5758,0.0003154,3832.91,1.20897,0xfa...aa5e,https://etherscan.io/tx/0xc67de1f10b1c0819d3a02a8ad32f795328ef2511b67d50acf7badff1b535c5ef
2023-03-18 02:12:35,False,0.571,0.0003135,3770.54,1.1821,0xfa...aa5e,https://etherscan.io/tx/0x1700a47511c7465ba981b4084f1b4b156a9dcea4ce15c6104b4422fe1e96ab7b
2023-03-18 01:57:35,False,0.5717,0.0003157,3305.98,1.04369,0x2a...06a6,https://etherscan.io/tx/0xc3dfbad8a6f226bfefdca1dc4970f8d57a663f66613807c6e22557521573431b
2023-03-18 01:55:35,False,0.5715,0.0003176,2915.77,0.9261,0xfa...aa5e,https://etherscan.io/tx/0x498c56282eda0cfde97e8fb6931dc011d32b1b28405062eacc25a49061db90c0
2023-03-18 01:54:47,False,0.5706,0.0003186,366.633,0.1168,0xfd...07c0,https://etherscan.io/tx/0x77b0771d86df2afa51104f76e95d2f37263f599756b58fb4129c9f125aad48f7
2023-03-18 01:48:47,True,0.5718,0.0003205,604.394,0.1937,0xf1...e988,https://etherscan.io/tx/0x713f3ef3e2e0d6ddf0682abdfd5ff17225bfd34ab1a41dd7280eb563f5d96b96
2023-03-18 01:45:35,True,0.569,0.0003188,5240.05,1.67052,0x49...96b8,https://etherscan.io/tx/0x7c76a29d5be0d1aea1510459ab5d51400e76e3308b7f276a8d7223cc4705fb0a
2023-03-18 01:45:11,True,0.5643,0.0003162,2627.98,0.8309,0x5e...822f,https://etherscan.io/tx/0x5884929447c848974e2e9b3294aa64d9653ab94d36645ff354470e414ee986a2
2023-03-18 01:44:47,False,0.5596,0.0003135,127.658,0.04,0xb2...b6a8,https://etherscan.io/tx/0xc1389c22997a26bde97e19553be15e0e28b0bcd5c8ef32485809f52a60c23cf3
2023-03-18 01:43:47,True,0.5606,0.000314,4439.96,1.39453,0x5e...822f,https://etherscan.io/tx/0x6e0abeb97c6f63953d01ca7394ace207a53c281beea07319c85f5b774c1ff855
2023-03-18 01:41:11,True,0.5567,0.0003124,960.225,0.3,0xa6...1d76,https://etherscan.io/tx/0x402adf5e28a857bc7d3bca7c08e7718997069fe33ef8785d1541c8cdfbb90614
2023-03-18 01:39:35,True,0.5559,0.0003119,514.736,0.1605,0x7f...d2b7,https://etherscan.io/tx/0x7b3bef24ea3791504c8877c10531f95c66a3dcf0459e5b2b6e87d6f1b9737a97
2023-03-18 01:34:47,False,0.5508,0.0003099,97.6111,0.0302,0x7e...c236,https://etherscan.io/tx/0xbf545c7fded66e0faa2a4e2dfb09cb4dae1b5b457e1d1618f42a68518c0dfb08
2023-03-18 01:30:35,True,0.553,0.0003116,683.797,0.2131,0x75...d0a9,https://etherscan.io/tx/0xa629b97d6c1a7255da39114db8a68eb918d86a85784cc2417f877d3da4493f9a
2023-03-18 01:30:23,True,0.552,0.0003111,1063.99,0.331,0x2a...06a6,https://etherscan.io/tx/0x023aea4a9c0771125bf6191d2cd2db15d0d59ee1fef3f725ae597dff2c6226cd
2023-03-18 01:28:59,False,0.5484,0.000309,462.0,0.1428,0xf4...234b,https://etherscan.io/tx/0x29bb0c902dd3e018c0407f24b0fb8fd0bcafd036d97d688288f0de4c7cefdd90
2023-03-18 01:28:35,True,0.5507,0.0003103,2380.47,0.7388,0xfa...aa5e,https://etherscan.io/tx/0x4f4b45588e9c09603f1a2978f5975ef37a8f33beab643d72170ea6fd6f08e7a8
2023-03-18 01:27:47,True,0.5481,0.000309,1941.34,0.6,0x2e...8e83,https://etherscan.io/tx/0x729ea625ae8244b84cabfbcafd70489cf3e4d5a2506954ab56a73ec6aa45ae6d
2023-03-18 01:27:11,True,0.5451,0.0003075,3130.42,0.9627,0xfa...aa5e,https://etherscan.io/tx/0x6453be06bc970c3f705f40e887b203caa85e43de0c793a583ff371910f5389e6
2023-03-18 01:25:59,True,0.5418,0.0003055,3645.22,1.11372,0xfa...aa5e,https://etherscan.io/tx/0xbc4529a9f9441fc832126284069430a11ed624df0c99714a7ea472d5cb4c9249
2023-03-18 01:24:11,False,0.5376,0.0003027,462.0,0.1398,0xf4...234b,https://etherscan.io/tx/0x13d592d66f4faa4c9513fbeb53313fdd76036aa3b5884e35179facccaf2a7629
2023-03-18 01:19:59,True,0.5393,0.0003046,366.243,0.1115,0x43...a95b,https://etherscan.io/tx/0xee7a20d8c82d13e429305aef92cb5e81eca6a12a4adb123eae1cddb97e7acf64
2023-03-18 01:19:59,False,0.5375,0.0003036,3196.6,0.9705,0xfa...aa5e,https://etherscan.io/tx/0xdedc694ae9cecc7b4a29a0e53f1b130c2bc15f6fa4ae08b9e16c9542c23aef78
2023-03-18 01:18:35,True,0.5459,0.0003063,102.363,0.0313,0x8c...11b1,https://etherscan.io/tx/0x54fbdb52befa632eddcf193c03c73f9383d4b951294084f3bd2ac185c31137b1
2023-03-18 01:18:11,False,0.5441,0.0003053,2929.4,0.8945,0xfa...aa5e,https://etherscan.io/tx/0xfb42b99b72336263d08e84dcb4021e51466ee531ce859d1df1db9ff930255f16
2023-03-18 01:12:59,True,0.5504,0.000308,251.181,0.0773,0xf7...6695,https://etherscan.io/tx/0xa3aac303c09cf886717c33397b7e90b1289a1d6fa1b73dd5aacad52c647c4001
2023-03-18 01:11:23,False,0.547,0.0003062,500.439,0.1532,0x1b...ea67,https://etherscan.io/tx/0xbaf54422091b01584abf9244e3760c09100f36378ad171f818b444f8793006c1
2023-03-18 01:10:47,True,0.5494,0.0003076,1775.47,0.5463,0xad...de0b,https://etherscan.io/tx/0x792a61a49965224e61f9ac0091c46b6cd408d4fced9de80cb16ec1865096ef67
2023-03-18 01:10:11,True,0.5481,0.0003071,45.1816,0.0138,0x4d...c368,https://etherscan.io/tx/0x1b7fa47e100411f7279ec82eea14d3e91bd8e084c60b45eaa3e8061f865ce820
2023-03-18 01:08:47,False,0.5454,0.0003055,782.517,0.239,0x75...d0a9,https://etherscan.io/tx/0x8e5d679943d00a783223709c6a96d6a78f42eacd422c41c71148fc296db5e0e7
2023-03-18 01:08:35,False,0.5474,0.0003066,3098.32,0.9502,0xfa...aa5e,https://etherscan.io/tx/0x1ddcab1c7ab5114cfa9b323ac9a76c6113ea6d7634a982e3a72120dbcd7d5c3c
2023-03-18 00:59:35,True,0.552,0.0003086,2645.03,0.8164,0x5e...822f,https://etherscan.io/tx/0x7e1a658e59971cdde57a38b46d81b1893cbb7acd811544a2141f44cef05def54
2023-03-18 00:56:59,True,0.5478,0.0003068,3300.38,1.01282,0xfa...aa5e,https://etherscan.io/tx/0x8981bd695f7144dbe8759fa97629c3035dbad07363ddea68a6b6126846bf9b85
2023-03-18 00:55:11,False,0.5432,0.0003042,650.0,0.1977,0xd1...a93f,https://etherscan.io/tx/0xb9f8d3f5bcd7dd4cdc5fa3ea5aaeb39db866056941bf07a006c22352fa216b23
2023-03-18 00:52:11,True,0.5458,0.0003058,1635.05,0.5,0x2e...8e83,https://etherscan.io/tx/0x60eea8e76061f86fd2c05105db46753fcd2679ee52d230dc5b18abfd5115e0a7
2023-03-18 00:51:59,True,0.5435,0.0003044,2873.0,0.8747,0xfa...aa5e,https://etherscan.io/tx/0x8472390d37f16436ee52a51281dfce7774c7f2e36e9938c11eacf97d1ce74627
2023-03-18 00:45:59,False,0.5386,0.0003022,1500.0,0.4533,0x6f...7f99,https://etherscan.io/tx/0xb79df8f52fcd3b954414bc4f465dc4093dda19c8542a23485f2d528f54eada24
2023-03-18 00:36:59,True,0.543,0.0003036,3082.21,0.9357,0xfa...aa5e,https://etherscan.io/tx/0x6cfda5ed5f468abaad12add747541bd4275f14de23b2b631d531d7f31554b56a
2023-03-18 00:36:47,True,0.5396,0.0003016,3536.44,1.06682,0xfa...aa5e,https://etherscan.io/tx/0xc45ec9b99af07fd829762806e2af5b5a76bb083adda81b88dba7ff21f09edc2f
2023-03-18 00:31:35,True,0.5365,0.0003006,9.18771,0.0027,0x57...02ac,https://etherscan.io/tx/0x569e00410219fea2b1d67c564425bec595b5bd3269875e4528559f9fa1ec936f
2023-03-18 00:29:11,True,0.5361,0.0003005,211.362,0.0635,0x4e...03e8,https://etherscan.io/tx/0xc709b5ed1688ad75433b3783dce0add3a8239f9518be612cce50e8d2d92e10d1
2023-03-18 00:28:59,True,0.5359,0.0003004,183.863,0.0552,0xdd...cdeb,https://etherscan.io/tx/0x8c6256c233c9ea5976fa5fce74a58c8eefcd20dce024c3b23f81d56f963ace52
2023-03-18 00:25:23,False,0.5341,0.0002995,3309.3,0.9913,0xfa...aa5e,https://etherscan.io/tx/0x9c6e8aba7d88d45958c4b493fc6e05b32d25e67e36f109092098d4137acd8785
2023-03-18 00:18:35,True,0.5416,0.0003023,93.013,0.0281,0xa9...a6e1,https://etherscan.io/tx/0x4740958e4484710b1107e65d177096764b5f944dee7cd4171c0b7d84b612b5d1
2023-03-18 00:17:35,True,0.5422,0.0003022,164.181,0.0496,0x3d...f80a,https://etherscan.io/tx/0xb59ed456dcf20d762ec635360776b5942ca110f1a1fe1512bdb3142ef4533945
2023-03-18 00:03:11,False,0.5365,0.0003022,6541.89,1.97737,0xfa...aa5e,https://etherscan.io/tx/0xbee9844771592c8a3903acbd269f31f46925a3142a56af320998de88c52b807f
2023-03-18 00:03:11,True,0.5401,0.0003042,5823.35,1.77195,0xdc...d286,https://etherscan.io/tx/0x64c543c4a494cc13b0ea29be79fb76fdf8ddb024af5c81ef384a2545a0103a8f
2023-03-18 00:01:59,True,0.5354,0.0003016,3149.21,0.95,0xdc...d286,https://etherscan.io/tx/0x1af2169d08060abd298ed3ade0fb73a7a166fd9ca79bb8724ede4d5251c9c2bc
2023-03-17 23:57:11,False,0.5318,0.0002991,669.449,0.2002,0x1a...4237,https://etherscan.io/tx/0xd5a69da916e3416cbae5d8d5fb7abb08a793acfd5122e3ccf9d73d552e591b6b
2023-03-17 23:56:23,True,0.5363,0.000301,395.151,0.1189,0x32...2c19,https://etherscan.io/tx/0x780ed36441b8f36b0af5ac9f830a179a26656e535b207c49df943023c7c0f180
2023-03-17 23:48:11,False,0.5326,0.0002992,470.0,0.1406,0x1f...f244,https://etherscan.io/tx/0x8150c9c82f49c69f6ee20f45e926a789e17ceee68d65b1aef680d32cd2c317aa
2023-03-17 23:47:47,False,0.5331,0.0002994,374.84,0.1122,0x9f...e827,https://etherscan.io/tx/0xed6214ead30b4c72f7070938d9432bc8359085abda4af4aabf37a6764f181c4b
2023-03-17 23:46:47,False,0.5332,0.0002999,1140.61,0.342,0x9c...1295,https://etherscan.io/tx/0x1c6d4422e3b35f9c6ad2dcef10c97af908f3870f2d5a75af8ecc509f8af34eb8
2023-03-17 23:43:23,False,0.5309,0.0003003,359.594,0.108,0x72...50b8,https://etherscan.io/tx/0xa71118a29791265508cde1db5d3735d5823165e94f5c5c79f40994cbb6398eaa
2023-03-17 23:36:11,True,0.5318,0.0003013,3335.51,1.00498,0xfa...aa5e,https://etherscan.io/tx/0x92eb29db532f89c9aea2a4fe5675c55622883ee69c8d10e13b5c19168c9e6dea
2023-03-17 23:26:47,True,0.5294,0.0003003,22.2796,0.0066,0x4d...4691,https://etherscan.io/tx/0xb61e2285fdd42d57309cc62032cc2a3a0f399c75191cd86500b915ef96a84520
2023-03-17 23:19:11,False,0.5256,0.0002986,446.755,0.1334,0x80...6b38,https://etherscan.io/tx/0x2434a045cdabb43fa582bccf3bd5d22f9a1101de2a99dab841d1fbb6ac917049
2023-03-17 23:15:47,True,0.5286,0.0003004,561.426,0.1686,0x61...4a40,https://etherscan.io/tx/0xb8a192f85a62783514328ea3f54439a5400361d7e31604a37c4b2a451532fe6b
2023-03-17 23:14:47,False,0.5269,0.0002994,3602.11,1.07879,0xfa...aa5e,https://etherscan.io/tx/0x01d1ff2d87325fc0ceae498b9fc4f83d35a8a0730a56bcf5d00a82e83a6d2bb3
2023-03-17 23:13:11,True,0.5316,0.0003022,185.988,0.0562,0x05...3995,https://etherscan.io/tx/0xe942929c254d8a1eda7cffeb72a5510abbd87490da5cc7c1aabbe974d7cd5963
2023-03-17 23:11:35,False,0.529,0.0003006,850.0,0.2555,0x07...4852,https://etherscan.io/tx/0xfff1c2ffbd7a78c92907c2881b1267e236dd40168055cbafd29ac96d57c84a33
2023-03-17 23:01:23,True,0.532,0.0003026,366.633,0.1109,0xfd...07c0,https://etherscan.io/tx/0xa3039ae9e5cb194b3144b4a40e4debb631531454310d97fd942ebb14d694ec4e
2023-03-17 22:56:11,False,0.5274,0.0003009,1038.22,0.3125,0xbf...56d2,https://etherscan.io/tx/0x79844eee2fd8b97831872c0975868880cb466161faa758fbd6d9536d0451615c
2023-03-17 22:51:23,True,0.5302,0.0003031,20.4824,0.0062,0xec...bfbc,https://etherscan.io/tx/0xef4e2654353389e18df73edbe0de7cddb2f338e90ccfec2a6c009f13dde96b47
2023-03-17 22:46:23,False,0.528,0.0003012,1.87404,5.646e-05,0xbf...56d2,https://etherscan.io/tx/0xfa72c59a0d1a7e6e772b20409077d0f274b279bff4b69d6468beeccf45ad028e
2023-03-17 22:18:11,True,0.5277,0.0003027,1314.17,0.3978,0xe0...f06f,https://etherscan.io/tx/0x66429cc1c23e67bb86920f129d25621956146a3b1dd95f067c0289d5e049002f
2023-03-17 22:17:11,True,0.5269,0.0003022,281.218,0.085,0x5b...f4d4,https://etherscan.io/tx/0x7e917448fe2006e5296cf01f15030d0caf94017deb53562e14c068cdec411a1a
2023-03-17 22:10:11,False,0.524,0.0003008,1728.93,0.5201,0x09...137e,https://etherscan.io/tx/0x7c87e32e061373dc28d1eb9ec9ce7753c9b7aecaa4114fff612df530cff6796e
2023-03-17 22:08:23,True,0.5279,0.0003031,65.3956,0.0198,0x33...a0e5,https://etherscan.io/tx/0xcba84f3e30e7e01d9e14931f1b5b92593e3982d8b109d1cb12b92d4a7a52f959
2023-03-17 22:03:11,True,0.528,0.0003031,32.7009,0.0099,0x28...911e,https://etherscan.io/tx/0xc213ba5ca1594f07b542b7712da299cd13136686377874e4d6736ed19e492c38
2023-03-17 22:02:35,False,0.5249,0.0003013,222.353,0.067,0x78...e58a,https://etherscan.io/tx/0x8ed9385918d80d6c79c204fc2c27d917de15789d783c0120c592ae55457d9f11
2023-03-17 21:55:35,True,0.5274,0.0003031,469.502,0.1423,0xee...cfe5,https://etherscan.io/tx/0x0a1aea475e2d569050f13dcc30c76058d7daf3629fdc9ac1d2c803ec9c3ee822
2023-03-17 21:53:59,True,0.527,0.0003029,93.9513,0.0284,0x99...7601,https://etherscan.io/tx/0xf29008b181672f8cdb2cab3574caefb809aa22d6bad4ca97389c3dda210c99a9
2023-03-17 21:52:35,True,0.5265,0.0003028,90.2093,0.0273,0xce...dbbd,https://etherscan.io/tx/0x73b255388ad66923293ccc9c43699f078e36413806f0bf20d1d8031094473ee3
2023-03-17 21:50:35,True,0.5259,0.0003027,468.459,0.1418,0xb1...30bd,https://etherscan.io/tx/0xb7f866f6cb726533e5a0c14d4b91c9ab71d6911f4ff9d986e8b81d660065a98d
2023-03-17 21:28:11,True,0.5277,0.0003025,32.7597,0.0099,0x09...d31c,https://etherscan.io/tx/0x43607c6e54183936bf38b4245371ee4a15d66382c8ca1e9294dbb5190936dc9e
2023-03-17 21:22:47,True,0.5302,0.0003025,34.7013,0.0105,0xd0...1153,https://etherscan.io/tx/0xb4c29e9979b9bab9c77f4e275a82e86678cafe983946df411cf391a349ca7f52
2023-03-17 21:16:47,True,0.5261,0.0003024,281.599,0.0851,0x40...b276,https://etherscan.io/tx/0x3eea404eb19d37d216e2c99548cd3290f5aff826fc2b99c9a266f5f1c59c5ac4
2023-03-17 21:14:23,False,0.5233,0.0003008,937.48,0.282,0x27...0a68,https://etherscan.io/tx/0x47e9f4621e58990855f4fceff81a8a7f426515fbd41476bd3217776710b1a1ec
2023-03-17 20:57:35,True,0.5263,0.0003029,37.5502,0.0113,0xcd...a499,https://etherscan.io/tx/0xfbf0844c6e6c3dbc874e2d7ffcc11212d1991e1085c190a775034ff04f8985af
2023-03-17 20:56:59,True,0.527,0.0003028,245.489,0.0743,0xb9...9d70,https://etherscan.io/tx/0xd24bc91a53e8254bcef31a9331fa6feabafee0302914c1bff8dc921b00bd3c8d
2023-03-17 20:53:59,True,0.5265,0.0003027,140.711,0.0426,0xbe...7e0c,https://etherscan.io/tx/0x203f34121ad50876a7e25af7ac2cc350a87a495132ca950c083f0747d6046c74
2023-03-17 20:49:59,True,0.5259,0.0003026,174.513,0.0528,0xa4...cbf3,https://etherscan.io/tx/0x4757842e1b73bd2cf6ab5abedc42bdf1aff9926954a0481c906917311665e7e0
2023-03-17 20:48:59,True,0.5262,0.0003025,139.349,0.0421,0xb8...c04e,https://etherscan.io/tx/0x5fb6abd54498b8faf2035ccca126ac59067b73a133e6ee4451240e62443423b0
2023-03-17 20:47:59,True,0.5263,0.0003025,18.7734,0.0056,0x08...bac7,https://etherscan.io/tx/0x48b081e51c156baa12759defff3bc546dd472157b1b83e45e013728adf6f6b20
2023-03-17 20:39:59,True,0.5249,0.0003018,2055.28,0.6204,0x67...b9d6,https://etherscan.io/tx/0x1e86884c1b7b23afd400afb66766467f7acb223b5b8b37f0a5711db6c3623610
2023-03-17 20:35:35,True,0.5241,0.0003012,131.84,0.0397,0xfa...ed1f,https://etherscan.io/tx/0x284915fd3b7d8f17d7f7de66a8886ac8dd0bda49892247bbb6e412b3c6c9c287
2023-03-17 20:34:11,False,0.5225,0.0003005,4040.14,1.21439,0xe5...6f5d,https://etherscan.io/tx/0xa2a636249d4083767474cf44e676f773791f487c122b20687645157c4671299a
2023-03-17 20:31:47,True,0.5267,0.0003025,3533.71,1.06907,0xfa...aa5e,https://etherscan.io/tx/0x0213ea642ebe99a34301a90793e4529cadfc2aad9ae4f2049d98d3629f812873
2023-03-17 20:29:59,False,0.5223,0.0003,1298.93,0.3897,0xf5...bcca,https://etherscan.io/tx/0x853f4ca0a9f685ba1f5b01fbf6d47b43ae446191073d18d42a313536edac10ef
2023-03-17 20:29:35,True,0.5261,0.0003022,43.9149,0.0132,0x32...f819,https://etherscan.io/tx/0x0e8baf7e6ce27e3273e5ca6a565e64049a85c46c30828f530b3f8624edcb7917
2023-03-17 20:26:59,False,0.5233,0.0003005,269.0,0.0808,0xc8...8a0d,https://etherscan.io/tx/0x2db57a7507d86fdd04cb114fceb2cba4cc61556e6632f4c447f8e8d501405c4a
2023-03-17 20:22:23,True,0.5236,0.0003014,3299.49,0.9945,0xfa...aa5e,https://etherscan.io/tx/0x44b581e39438d3826886aaded808a0041e7c809e6fbd19f3d2aac57da973cdfb
2023-03-17 20:22:11,True,0.5203,0.0002995,3274.61,0.9808,0xfa...aa5e,https://etherscan.io/tx/0x20d50c416bcdaf50a204f04a16cfcecc4feaa6c227adb7744bce7175b8760772
2023-03-17 20:21:23,True,0.5183,0.0002985,208.75,0.0623,0x68...1d5a,https://etherscan.io/tx/0x3e68286542a2962671d18d76f111e7f74a4ed3606523fb2fab3e31af6cef271a
2023-03-17 20:19:47,False,0.5161,0.0002967,250.424,0.0743,0x1b...ea67,https://etherscan.io/tx/0xc3a2e78f76b74e7a30d18fff8170127599fc044e5fb8ff1a4031c3bcfcff50a6
2023-03-17 20:16:35,False,0.5163,0.0002969,240.0,0.0712,0x1f...90e3,https://etherscan.io/tx/0x747714ef26061aefb30b53e574fd6b513995105013a2cf559e03cff4197e8f0c
2023-03-17 20:04:59,True,0.5175,0.0002985,602.842,0.18,0xed...b6bd,https://etherscan.io/tx/0xac125e97a4b9a6c7cb1c936909feb04f7f8b35382c97c191eea6c9e17643814f
2023-03-17 19:59:47,True,0.5152,0.0002976,2811.36,0.8367,0xfa...aa5e,https://etherscan.io/tx/0x53435555dfb18df3b175217b12afbd5e72eeadc390b1a62ac3327303976d4708
2023-03-17 19:36:35,True,0.5108,0.0002967,219.125,0.065,0xd0...c0d8,https://etherscan.io/tx/0xa75469a0799d952955055788571be30400e7c0c993196a454afeb41ba738f8c9
2023-03-17 19:31:23,True,0.5095,0.0002964,1031.56,0.3057,0x95...91f5,https://etherscan.io/tx/0xba86a658ed1caabcc928292cec5e986ac6d338d153f9c7a6377d13202d798aaf
2023-03-17 19:18:23,True,0.5013,0.000292,14692.8,4.29048,0x00...0906,https://etherscan.io/tx/0xb408d82365b5c362a10646a5c2638601c2963b644d6573f48a518c409d63a2a4
2023-03-17 19:18:23,False,0.5007,0.0002916,19607.0,5.71794,0xff...c008,https://etherscan.io/tx/0xce25832cdf43d1af5a1d254b1e20c663bae626870d077a6ba08cbbe50463bf94
2023-03-17 19:04:23,False,0.5143,0.0002981,3750.0,1.11805,0xdc...d286,https://etherscan.io/tx/0x82c3d1323376e2b4b5494566dffd258c9d747a140bfdbdd08f6bf6dbf73befe9
2023-03-17 19:02:35,False,0.5168,0.0002997,1746.32,0.5234,0x0b...d9cc,https://etherscan.io/tx/0x7e86441241e7d314b87f69f91c7682a5cab15315979960eb0eecfd47995313ca
2023-03-17 18:57:35,False,0.5176,0.0003002,190.0,0.057,0x87...2f52,https://etherscan.io/tx/0xba02c64b7a46527ec42bcf25c2cc5d6f79b18bbef9b46f916439074223d51fb4
2023-03-17 18:52:11,True,0.5206,0.000302,359.463,0.1085,0x18...4c97,https://etherscan.io/tx/0x19a36b3a3c9ec5145277e733756d32cbe250fabb0897c9a0c4ad7db4e6dc15fc
2023-03-17 18:40:11,True,0.5193,0.0003019,92.2586,0.0278,0xbe...7e0c,https://etherscan.io/tx/0xaa86311531bf7434e66ea8e63effb532bb12c03f9e8c2e01438b773e81ace259
2023-03-17 18:33:47,True,0.5201,0.0003018,101.445,0.0306,0xbe...7e0c,https://etherscan.io/tx/0x2dad74bdcbe5185a8c49c3ed621b415da6fe0972fd5d4588c424bcc0bfa41ac1
2023-03-17 18:31:23,False,0.5169,0.0003001,600.0,0.1801,0xf8...c3d1,https://etherscan.io/tx/0x7c86532f36b0b56abfffc6f1c7c4918acf1ddbed5625a9fb5731d96c1ec459c2
2023-03-17 18:27:35,True,0.5203,0.0003021,47.3235,0.0143,0xdc...132d,https://etherscan.io/tx/0xdb3cd68e1ed758abcda8d8ab17d10498e87cfd122db14a5b7cbe56f449c4c713
2023-03-17 18:17:35,True,0.5207,0.0003012,3090.8,0.931,0xfa...aa5e,https://etherscan.io/tx/0x55b476b8d8dc92d1dc82da58cae61822029b0382634e65633c19cc3840631999
2023-03-17 18:08:11,True,0.5156,0.0002994,3117.81,0.9336,0xfa...aa5e,https://etherscan.io/tx/0x553d23511cd3bfc36b66a422e019967c0e2909c2d164edf380e80a80169c2ab1
2023-03-17 18:04:11,False,0.5101,0.0002968,215.324,0.0639,0xc6...fed0,https://etherscan.io/tx/0xfbdc89ff8265456183df0067c9ef545b5c80b56ad4098e50a31a662e008d7504
2023-03-17 18:02:11,True,0.5127,0.0002986,225.797,0.0674,0xc6...fed0,https://etherscan.io/tx/0x292d4f31f92d038175525231decb12257180b3ac08958f8682115996fa974ff4
2023-03-17 17:56:47,False,0.5084,0.0002968,350.0,0.1039,0x2e...f345,https://etherscan.io/tx/0xabaec5231f095945932db08c54e2176aa676df3190594a8dd53c384a9f89c990
2023-03-17 17:56:11,True,0.5112,0.0002986,335.224,0.1001,0xb6...c994,https://etherscan.io/tx/0xfbedaeb4a93541505d9f80017e406b783bd10578a61aa4776149dc7d0e3f679f
2023-03-17 17:50:11,False,0.5084,0.0002968,200.0,0.0593,0xe2...1d5f,https://etherscan.io/tx/0xf5ad936c32b2b09413c5e62806c41d64dce59b9d4cd5731ebb13628f42188533
2023-03-17 17:34:47,False,0.5114,0.0002977,2962.03,0.8818,0x5e...822f,https://etherscan.io/tx/0x54fd8f09cb12d5be91cea2c6d00c5e22e261e59f2d336f308e7a5bc99e99b343
2023-03-17 17:34:11,True,0.5153,0.0002999,1522.53,0.4566,0x6c...6bc3,https://etherscan.io/tx/0x6c8095b337334cbecb28fd111c07b3799ca8efef3e040669d70bc8d890a961d7
2023-03-17 17:16:11,True,0.5153,0.0002994,96.0764,0.0287,0xa9...a6e1,https://etherscan.io/tx/0xc07370ca48b86a75967fc6fe0ffcf4a507d8d7bca2ae0f46d55404a6583c189e
2023-03-17 17:05:59,False,0.5126,0.0002985,3190.88,0.9526,0xfa...aa5e,https://etherscan.io/tx/0x417d6d7c8dadc70f5db254cb89cc72db9f8488505d8643f99c21ad329012276c
2023-03-17 16:54:11,False,0.5141,0.0002995,100.0,0.0299,0x39...8002,https://etherscan.io/tx/0x7d049611e2f27cf65d0418e8edbd4648d85daeb1c86aae3b24143b22dc9156a2
2023-03-17 16:44:35,True,0.5154,0.0003012,140.928,0.0424,0x35...0937,https://etherscan.io/tx/0x086ac52baea2d0d56ce530f1cbda58738582535094afaea181b4e22c95d12de7
2023-03-17 16:39:59,True,0.5166,0.0003012,141.045,0.0424,0x35...0937,https://etherscan.io/tx/0x858d777d306abe8349a8b16c12bfad80fbb474487826046175caadbcbefaa329
2023-03-17 16:35:35,True,0.5169,0.000301,586.471,0.1765,0x35...0937,https://etherscan.io/tx/0x4962740b44b45dd146022415ff8fa83d95764c29ef1a9cbde22de8c8c2aa0316
2023-03-17 16:34:23,True,0.5161,0.0003005,865.18,0.26,0xcc...eebb,https://etherscan.io/tx/0xf2473949726191f726795a1595e0eb1b16a89cb3df309cf82915d0028e455f4c
2023-03-17 16:31:23,False,0.5119,0.000299,1943.9,0.5813,0x34...25ac,https://etherscan.io/tx/0x3c7c0e6074129619df98a951d7902fdba2b4a7e3a7d740649bd601cdd2a9ef84
2023-03-17 16:22:11,True,0.5189,0.0003014,162.796,0.049,0xf1...bfe9,https://etherscan.io/tx/0x02fc70d588335f63226af12a750682d2bbe0430829325719238de5a170a3bfe2
2023-03-17 16:18:11,True,0.5177,0.0003004,3190.88,0.9586,0xfa...aa5e,https://etherscan.io/tx/0xbcccbfc2c2d8f5743382cca80217644a7912240df25c5bebf8ed1d11c477338b
2023-03-17 16:05:35,True,0.5119,0.0002994,98.6558,0.0295,0x75...f6fb,https://etherscan.io/tx/0xe14822ded6021cf3ab3a49e8643be2ef0aaacd3dd3c6a3f9c7ca4d55fa58b376
2023-03-17 16:02:47,True,0.5122,0.0002994,48.2443,0.0144,0x4b...b2e8,https://etherscan.io/tx/0x65ea198a1b2db461634b8e717962422632c93bbd646edc9634b78954c8e91fa6
2023-03-17 15:49:11,True,0.512,0.0002993,385.665,0.1154,0x3e...2e7e,https://etherscan.io/tx/0x379af7e39fcc8d86fe60a350e59f379d93753811e2c5c229667e5637083edb04
2023-03-17 15:42:59,True,0.511,0.0002989,792.693,0.237,0x3f...6225,https://etherscan.io/tx/0x6d3e0c6d43e34d6f0f769454eb0fa10191ed906b846bbaac7a8cb017c6ba6b04
2023-03-17 15:39:59,False,0.5126,0.0002987,6329.49,1.89107,0xb1...6e8f,https://etherscan.io/tx/0x2b4055606b45429a8a3390c00cd4e896a2454f28afe13548a99fd1d33a8188c3
2023-03-17 15:32:35,False,0.5183,0.0003002,747.931,0.2245,0x23...9898,https://etherscan.io/tx/0xcf3e97e7993a18ac56c80c81c230fc3ee682abe8b9db522e24b1113bb0ff72ba
2023-03-17 15:28:59,False,0.522,0.0003021,4047.01,1.22298,0x91...d728,https://etherscan.io/tx/0xb43374d5017634e2bc05ea70e3a3af5941b87f5b100f0dbad5e5c02a2295039f
2023-03-17 15:26:47,True,0.5285,0.000305,446.153,0.1361,0x64...4349,https://etherscan.io/tx/0x9ce2aa676cd8f519c866a1db3080e19f8725f53446aef5d2a4826ebc50411271
2023-03-17 15:25:23,True,0.5285,0.0003045,1313.42,0.4,0xce...fba1,https://etherscan.io/tx/0x888812bfbae50373065e42099df7b0c6597967c0ce223203df06ff3042d57a11
2023-03-17 15:22:11,True,0.5281,0.0003041,18.6757,0.0056,0xd8...21e4,https://etherscan.io/tx/0x7fc4e7f659933bb2946369707189dd9c4d74408a4337a4da225d162aed29a271
2023-03-17 15:18:23,True,0.5278,0.0003039,635.942,0.1933,0xb9...fd96,https://etherscan.io/tx/0xa339c03960618d5ec3fc04f5ff8d0ae66e7714695acb80a4b52fc9e6ec5906d6
2023-03-17 15:16:35,False,0.525,0.000302,419.309,0.1266,0x62...de0a,https://etherscan.io/tx/0x9274ab340c90e47e7fb1a6cd0e2c6c3e452993f5166888f5f13fe449daf94531
2023-03-17 15:14:59,True,0.5282,0.0003039,410.651,0.1248,0xf1...bfe9,https://etherscan.io/tx/0x1a171ca3d5c3b80e3666652c091a0cc9171f26c798f1af3f653b6ac0176fd9c0
2023-03-17 14:55:11,False,0.5239,0.0003025,2117.63,0.6407,0xfa...aa5e,https://etherscan.io/tx/0x8f3bc81ab09c5a2939cf0726f9aee60fe810d309d54b6d545f4aacf684ef5a6b
2023-03-17 14:47:11,False,0.5276,0.000304,3033.43,0.9224,0xfa...aa5e,https://etherscan.io/tx/0xcd6da6b5c1c91ee16d313de6949b39c0a00b685ed8b788627d9a23159c364dbd
2023-03-17 14:39:59,True,0.5333,0.0003067,352.314,0.108,0xb9...fd96,https://etherscan.io/tx/0x06ef921b50408f50f074182ee228f76485c16602906424df12a34c7da6bcd70c
2023-03-17 14:38:11,False,0.5315,0.0003059,3814.73,1.16693,0xfa...aa5e,https://etherscan.io/tx/0x37f6bc358bd06ddc05f9ecf9c99f7985ba6b688a06a38466533de8e99f9e3962
2023-03-17 14:37:47,True,0.5362,0.0003086,797.873,0.2462,0x48...3f7d,https://etherscan.io/tx/0xb69d72692d1dd13604e5893145541740aa333c8af871f9d3f2d42f36935c8919
2023-03-17 14:35:47,False,0.5341,0.0003074,2925.6,0.8994,0xfa...aa5e,https://etherscan.io/tx/0xd80b1d119234a0e265cbb1e28ddd8d2046a144ff3fe1bee80d7afd14f3ca2402
2023-03-17 14:32:23,False,0.5362,0.0003084,400.0,0.1233,0x5b...288b,https://etherscan.io/tx/0x8ffd628eee20a4ed79b69c2301734735fd3a9c9c231eba0e1b84950ed1950071
2023-03-17 14:22:35,True,0.539,0.0003101,811.3,0.2516,0x25...257a,https://etherscan.io/tx/0x25493f9986d52d39fa26040e777059c15a133b66ad12511c0d2c0d1dbea70699
2023-03-17 14:16:47,False,0.5376,0.0003089,2862.8,0.8843,0xfa...aa5e,https://etherscan.io/tx/0xaaf1581cfa0ee4cd93365dcd7f3a3a6291eaf0d84f6398b141fade950bd27d99
2023-03-17 14:12:59,True,0.5428,0.0003116,117.064,0.0364,0xdb...e468,https://etherscan.io/tx/0x49b69cfd7d4f849d8599e69d1e74e41a6372ed68d7694714fcbe34613d915c47
2023-03-17 14:12:35,True,0.5426,0.0003114,321.053,0.1,0xe3...c074,https://etherscan.io/tx/0x83edd1ce5233e46a3f454b2244eeabaa899dcd97444fa942120f11a0a3842d1e
2023-03-17 14:11:35,False,0.5404,0.0003102,2500.0,0.7756,0x0a...276c,https://etherscan.io/tx/0x7d6c50eac6256bd784654924fae380187efc51831cf7542705000848c01ceb58
2023-03-17 14:10:59,False,0.5432,0.0003118,2808.42,0.8758,0xfa...aa5e,https://etherscan.io/tx/0xfc106418b519f018bc07e795c66fb1a7b256a0212a3b5eda60a89cb0c85334e5
2023-03-17 14:07:59,True,0.5465,0.0003141,1535.65,0.4824,0xdd...c327,https://etherscan.io/tx/0xa506c1a2c10d03eb3ef505825f453e05bfefa76906e20a22dd0ce15552533c7c
2023-03-17 14:07:11,True,0.5442,0.0003127,3176.62,0.9933,0xfa...aa5e,https://etherscan.io/tx/0xfb70f1027fc32ec40aade809745607fd00638e62620d91631ec606da48288012
2023-03-17 13:59:11,True,0.5418,0.0003115,552.248,0.172,0xde...df91,https://etherscan.io/tx/0x7876ec87a2799a4a28acd1f7142b61e8ff28dd8e08cec3c2ccb630c9beee6c38
2023-03-17 13:54:35,True,0.5415,0.0003113,300.0,0.0933,0x15...54c8,https://etherscan.io/tx/0x6bc310e213540a12a3a0281c665c4e1a87a4fb52b029b2efe109607bf072a8d6
2023-03-17 13:52:35,True,0.5404,0.0003109,860.319,0.2675,0x1a...6953,https://etherscan.io/tx/0x7e2fd7b24e497e9b28a9a8d5b10a47da7bc4f3eaa9a1d4a438c5e628af02ae3e
2023-03-17 13:51:35,True,0.54,0.0003106,45.8021,0.0142,0xf8...982c,https://etherscan.io/tx/0x393e9caa7d4bcf0237b6b7d529285ef5815ab9993263dab9393ea90a9e597831
2023-03-17 13:49:35,True,0.5384,0.0003097,3004.1,0.9305,0xfa...aa5e,https://etherscan.io/tx/0x9eb7d1d1ea292557c37ae2cd90f8b4a9230ff7a8ae3fcdbd351f47e87ca67a0b
2023-03-17 13:48:59,False,0.5355,0.0003079,3267.13,1.00619,0x46...ac88,https://etherscan.io/tx/0x4d45d3c53fb62c4e44ab65755cfaef5370bdf7eac0ad57aadf3de4baf6533230
2023-03-17 13:47:23,True,0.5383,0.0003099,3005.69,0.9314,0xfa...aa5e,https://etherscan.io/tx/0xf90fdf73cdcdc3ae685e57dc5cef542c6ead3801226eca0f12ce4adbbe646eef
2023-03-17 13:46:47,True,0.5347,0.0003079,3551.0,1.09347,0x91...d728,https://etherscan.io/tx/0xf8882b2c734e182301fbc44fb5cda43c106a05a8b76f902e34485cfdb6f94ba8
2023-03-17 13:45:35,True,0.5312,0.0003059,3039.79,0.93,0xfa...aa5e,https://etherscan.io/tx/0x150280819cc67fd9dca3bc2d86db1e73c162585c9db6b6fc4534863572d4b1a1
2023-03-17 13:38:35,False,0.5267,0.0003041,3138.87,0.9547,0xfa...aa5e,https://etherscan.io/tx/0xd244448c2c732418a97178f9fb3ec961ab3bb56fafb05b3ffe8809cb8046f2bb
2023-03-17 13:38:11,False,0.5299,0.000306,3154.66,0.9654,0xfa...aa5e,https://etherscan.io/tx/0xea77d0c0f9d38fa4e807a1c4a39f81490d107791d8f4702ba182d384c0c872dc
2023-03-17 13:33:11,True,0.5366,0.0003074,4536.47,1.39473,0xfa...aa5e,https://etherscan.io/tx/0xd58196310fd665d36781dd5102c9ba2ed986cca2a23f232106c673f8fad22ce6
2023-03-17 13:32:23,True,0.5324,0.0003051,3216.01,0.9813,0x91...d728,https://etherscan.io/tx/0x61138a15915f0a0aa111e7a93acdc6ebe5f0060bc8af78a3e857c28b10f3fde7
2023-03-17 13:27:59,False,0.5296,0.0003039,5477.52,1.66508,0xb1...6e8f,https://etherscan.io/tx/0x59b2d6776be9789fcc59a1dc80513c13a0535df9ec1b76d485546d42d970e892
2023-03-17 13:27:23,False,0.535,0.0003068,4254.96,1.30568,0x91...d728,https://etherscan.io/tx/0xad492730c5899a7252b661886b178d2f8c537947ae55ebe4f9e17867684ccd70
2023-03-17 13:27:11,True,0.5404,0.0003099,18.2592,0.0056,0xc1...b049,https://etherscan.io/tx/0xe299a93db822f5b071de6d3d236171f382086e8c13c25e2c2bb560e31809dc0f
2023-03-17 13:25:23,True,0.5402,0.0003097,828.53,0.2566,0xf1...bfe9,https://etherscan.io/tx/0x72bb44057d90df9b4f5a005b32f79f245382d475e9007d91e1fb84acdb8905ac
2023-03-17 13:25:11,True,0.5394,0.0003092,641.005,0.1982,0x10...1216,https://etherscan.io/tx/0x8be9e5537bdddcb06cda970beaf2f1145a5410ed32bc464de4a703d007c9ed6e
2023-03-17 13:24:59,True,0.539,0.000309,55.8773,0.0172,0xf3...7fb1,https://etherscan.io/tx/0xcb65aec5f746e66787b317855e7281a499b0751375416ffe8bdd94995fee656d
2023-03-17 13:23:47,False,0.536,0.0003072,186.444,0.0572,0x2d...31c1,https://etherscan.io/tx/0x47588cf4526a02cad6edd3605c4f3b195925a7eb60da4bcbeb7dae2b519a22e1
2023-03-17 13:23:11,True,0.5379,0.000308,3598.96,1.10878,0x5e...822f,https://etherscan.io/tx/0xcdc5c26af388ee228f24f60587f32fd021e31226558821cfadd98014e573bce6
2023-03-17 13:21:23,True,0.534,0.000306,3205.17,0.9809,0xfa...aa5e,https://etherscan.io/tx/0x74e287b9e22cdac3d8369d3e3c89e8590eb83caba5e16a5eece29dad80c2c5a1
2023-03-17 13:15:35,True,0.5312,0.0003042,3028.81,0.9214,0xfa...aa5e,https://etherscan.io/tx/0xd371b16f6ae8b54f0773cddef3e6df8d4b2e6731bef7458001946cbbff272b0c
2023-03-17 12:57:59,False,0.5325,0.0003023,2948.17,0.8914,0xfa...aa5e,https://etherscan.io/tx/0x2b857f91a013ffd0f8e5279a88ef0775c9642bcd7136f34d27c592aeb7b633c0
2023-03-17 12:48:35,True,0.5344,0.0003048,780.448,0.2379,0xa5...d2a8,https://etherscan.io/tx/0xedb4cd4cfaf2d7ccf204b954228cb4a09faf6492431710c78173aad6a6513285
2023-03-17 12:42:23,True,0.5323,0.0003045,3.62101,0.0011,0x43...3ffc,https://etherscan.io/tx/0x79d7ea97869f6be629c25952b40a3e2eea8559a25af07fdb12a39124d61dfc96
2023-03-17 12:35:35,True,0.5307,0.0003045,29.6371,0.009,0x3a...af85,https://etherscan.io/tx/0xf05e8829745084922083f463aab44b5ef660b519c72b962c7528c4acb4b71919
2023-03-17 12:35:11,True,0.5307,0.0003045,0.4463,1.359e-05,0xfc...c7b3,https://etherscan.io/tx/0x397b919e7aa887d6201ad69b63ba01a55e338c23cbad925bf011fb96eb94fb17
2023-03-17 12:34:23,False,0.5303,0.0003043,5333.85,1.62318,0xfa...aa5e,https://etherscan.io/tx/0x84d9936f12bedc6bd81c5c374df398aea41a54e4d782a2206da8ac15c42868e5
2023-03-17 12:34:11,True,0.5317,0.0003051,8844.99,2.69865,0x4b...1402,https://etherscan.io/tx/0xbedcda84ec141181e0c58ca438490931151246e1396a661488deb1e46f451abe
2023-03-17 12:31:35,False,0.525,0.0003013,2361.72,0.7117,0xfa...aa5e,https://etherscan.io/tx/0xb6e4a406d5e41208ef8bd4d2f37f6e3fba8b8cabacaa92299b5ad52874e0cdc2
2023-03-17 12:30:11,False,0.5277,0.0003027,2463.32,0.7458,0xfa...aa5e,https://etherscan.io/tx/0x602d62ba72b70173cde78c76a00ae4b023983b0aed6edfef6e2f747284d07457
2023-03-17 12:29:59,True,0.5303,0.0003042,3588.28,1.09182,0xc7...fee8,https://etherscan.io/tx/0xb0b2c1432fbff4a62da3ddbee12482e1feb9d4740ce1d217253109c0c5931dd5
2023-03-17 12:28:23,False,0.5253,0.0003014,200.747,0.0605,0x91...94c3,https://etherscan.io/tx/0x57a64103ce6d7f2b8ed04c15d5a9c8f3958002f73bc2c14d7daaf8debed77f71
2023-03-17 12:24:23,False,0.526,0.0003022,2628.02,0.7944,0xfa...aa5e,https://etherscan.io/tx/0x056c8d9b17c3edc94a659fbe787b36f4dd99d8f2563a8e60ba7dd32d3c716ff4
2023-03-17 12:22:23,False,0.5286,0.0003038,2579.61,0.7837,0xfa...aa5e,https://etherscan.io/tx/0x307665c93b0ec389708a76de5370aad1b04baf8483f93e01caecfb4ffef243d5
2023-03-17 12:16:47,False,0.5314,0.0003053,2724.01,0.8318,0x5e...822f,https://etherscan.io/tx/0xe16ddfc73a577a448a884d03214557c5d0584059641134db79541415fdb19a7e
2023-03-17 12:12:11,False,0.5357,0.0003069,2656.85,0.8155,0xfa...aa5e,https://etherscan.io/tx/0xaa6147f356eac557bdb5f272ca043fdb16707bc356fc73652e88b1c09265f859
2023-03-17 12:08:35,True,0.5403,0.0003096,27.4217,0.0084,0xbb...d9e6,https://etherscan.io/tx/0x31380a42e670080916a126d080dfa84f0c86ca44d5348d4ed6fc945a0d4d5202
2023-03-17 12:08:23,True,0.5394,0.0003091,1617.55,0.5,0x2e...8e83,https://etherscan.io/tx/0xd4021e6cba9a157d1fd79661d7d7d475939528744d6804ef1df3136b29a49d96
2023-03-17 12:06:23,True,0.5362,0.0003077,2824.33,0.8692,0xfa...aa5e,https://etherscan.io/tx/0x0df49cc329aafa2e00984a95cb05c9aab2d0aa3f66f73508cd3badc2e3266198
2023-03-17 12:05:59,True,0.5344,0.0003069,55.3238,0.0169,0xd3...29ee,https://etherscan.io/tx/0x357c4f39c8bf307effe63e58317a5e8b01ac43c9aad88489ac6cc10c72719610
2023-03-17 12:03:59,False,0.5329,0.0003059,2828.42,0.8652,0xfa...aa5e,https://etherscan.io/tx/0x36ab619e71e2796f08a7eaa79265336998f289964687731ab4b8909eb704aec0
2023-03-17 12:02:35,True,0.5377,0.0003085,220.137,0.0679,0x89...fc1d,https://etherscan.io/tx/0xb5d6da1f460d96c621a3357c9fcdbd7e43226aad53b590bf463c681a8188bc03
2023-03-17 11:57:47,True,0.5359,0.000307,4687.01,1.43916,0xfa...aa5e,https://etherscan.io/tx/0xcaf0fbe9d9df6b4eec0da51782c6ffbc449352cd31bfc4f69ad53a63e4dd54a3
2023-03-17 11:56:35,False,0.5335,0.0003061,7909.62,2.42171,0x75...2a2a,https://etherscan.io/tx/0xc0b51953185e6d029fb648b1f958195226f4d10971a52e4299fc62b2652b212d
2023-03-17 11:56:23,False,0.5382,0.0003088,1100.08,0.3397,0xff...a7fc,https://etherscan.io/tx/0x7a70c1f17d2d2ebff99da211a977028621c0d58171109bea293fbf1997954795
2023-03-17 11:55:59,False,0.5403,0.0003096,1556.27,0.4819,0xd2...2da9,https://etherscan.io/tx/0xfe3e66798f975d61992c44792b2d3bbd8281454496e1920a9cf288e6a59de7b1
2023-03-17 11:54:59,True,0.5431,0.0003111,2686.66,0.836,0xfa...aa5e,https://etherscan.io/tx/0xf550fcf34de8067e13b1d57b133cb74ff941469ea24fc60693795b78214889a0
2023-03-17 11:54:47,True,0.5403,0.0003095,2599.67,0.8047,0xfa...aa5e,https://etherscan.io/tx/0x5e289df6574564005e938eb921eb7a21e6fc92052540c4f08be6efbc4c69a645
2023-03-17 11:53:59,False,0.5376,0.000308,3630.52,1.11831,0xfa...aa5e,https://etherscan.io/tx/0x0418ab8f510ad4eeab1db4e3087d2b9dcd34de5fc8772f6d13f2f69a9c6438d7
2023-03-17 11:52:47,True,0.5403,0.00031,3015.06,0.9348,0xfa...aa5e,https://etherscan.io/tx/0x18526df2468c410bc4752814303eebbef1ef066983f00e1acc8091d49415b858
2023-03-17 11:51:47,True,0.5378,0.000309,323.563,0.1,0x0c...55c3,https://etherscan.io/tx/0x5f39c9355238328ab1ad0e290aa8ce5d2e585c050224f9bb00b37b297b494705
2023-03-17 11:51:23,True,0.5364,0.0003082,2428.46,0.7485,0xfa...aa5e,https://etherscan.io/tx/0x275caba1af6b5bbebc95d6c15e9d73763aab8942c63c82d007c2cd348d181146
2023-03-17 11:48:47,True,0.534,0.0003067,2610.71,0.8007,0xfa...aa5e,https://etherscan.io/tx/0xe7e27c5bd05b83df32c939550fa4f1884c53f6d44c6f3441c0f47c256e1bdedb
2023-03-17 11:47:35,True,0.532,0.0003059,21.4215,0.0065,0xbc...dea0,https://etherscan.io/tx/0x152b91389e78c02e47639f2a278add6d9944ced36500137f9e6451126228158c
2023-03-17 11:44:11,True,0.5313,0.0003059,27.9646,0.0085,0x87...7a70,https://etherscan.io/tx/0xbb728c6517cd29f70068ac9fac3f7f240a1903e9425764e423f23330986c036f
2023-03-17 11:43:23,True,0.5297,0.0003051,2688.74,0.8204,0xfa...aa5e,https://etherscan.io/tx/0xe639047179044e89d312f26afd950caa30a26a34716536e78d15eab26e09d5a1
2023-03-17 11:42:59,True,0.5265,0.0003028,5150.0,1.55955,0x11...14b1,https://etherscan.io/tx/0x82422b152d8c9e594deff10f30754d6445c88e3cb27a71da0e56072825d1dfbb
2023-03-17 11:42:59,False,0.5238,0.0003012,6000.0,1.80755,0x1a...5fdd,https://etherscan.io/tx/0x420c735a06f01d7edc87cdbb89868e93fc72808bb8843c5e8db031e5ab8b592b
2023-03-17 11:42:59,False,0.5292,0.0003045,5150.0,1.56824,0x11...c2bf,https://etherscan.io/tx/0xcfa81ea9202f333ba4f668aeb595f01d655d6bc0d6095b6857870bc1e11a667e
