datetime,buy_order,price_USD,price_native,amount_token,total_native,maker,etherscan_url
2023-03-25 07:08:47,False,0.4656,0.0002667,41.8914,0.0111,0xde...5e88,https://etherscan.io/tx/0x7f7b70f5fc29f86d1f33cfc3cd6c24b52a1970a146f31567cd519d36249ecdfc
2023-03-25 06:52:23,False,0.466,0.0002674,2828.07,0.7562,0x8d...ac58,https://etherscan.io/tx/0xd413b3dbda56f9fdb2679c1a3c4d57f846d7c5953f52ee6537e01990785f6afd
2023-03-25 06:43:59,True,0.4711,0.0002696,114.746,0.0309,0x3e...bf88,https://etherscan.io/tx/0xca6442bdcb310a88181bbeab55d6b106ce03d9d6ca4e3172dd0a41e188dd4d81
2023-03-25 06:39:11,False,0.4705,0.0002687,2927.01,0.7865,0x5e...822f,https://etherscan.io/tx/0x39eaeb38115fd39660643d3b2e1d06228e61fc3436f497ed447cdfcd38efa86d
2023-03-25 06:37:23,True,0.4748,0.000271,224.811,0.0609,0xc1...89ee,https://etherscan.io/tx/0x8201a5df382910d25b42876514cc2e8d6df36b5dc3ec3fada6096a24bc3ff194
2023-03-25 06:07:35,False,0.4721,0.0002694,250.0,0.0673,0xf7...a77a,https://etherscan.io/tx/0x69fa01933a5237cc84676cbd992e13ecca7d0e9bcc68f4ef1be0c9458e274593
2023-03-25 06:03:35,True,0.475,0.000271,45.7936,0.0124,0x71...5e5f,https://etherscan.io/tx/0xed0650209a8b6a05ea4b6fafffa7d2bb0a32eb7d8373e62408e9ff2fceb8fae4
2023-03-25 05:59:35,False,0.4722,0.0002694,110.278,0.0297,0x33...4382,https://etherscan.io/tx/0xfff261699b021c75841dd94b6b4ad9fdfb428c5ac6edc20cbb380505c6e87d52
2023-03-25 05:40:35,False,0.4745,0.0002702,3074.0,0.8307,0x91...d728,https://etherscan.io/tx/0xe37d90e988535134481c0b6c6d01374470f54b5854e0f8dcfa7d7a2535e137b7
2023-03-25 05:39:11,True,0.4785,0.0002725,511.377,0.1393,0x7e...889c,https://etherscan.io/tx/0x282887dee1a9bc22001f708adcd0237ccf70627c77f441921300d65b509ba8dd
2023-03-25 05:22:35,False,0.4751,0.0002707,75.0,0.0203,0x0d...0c3f,https://etherscan.io/tx/0x2538a0a6c704e29618899a9295b0517b3e70f62c7716846c5aee45a95bb76a29
2023-03-25 05:08:35,False,0.4765,0.0002714,2499.96,0.6784,0x91...d728,https://etherscan.io/tx/0xc9c20fc17961d2d8b7af9bcdde4b18f00a809d1b668a7ae67b37182b4674f303
2023-03-25 04:39:35,True,0.4804,0.0002735,287.906,0.0787,0x29...7308,https://etherscan.io/tx/0x554281b6d64ffe54cc8920d1a85c126ef8af8a2e1b8cea3bf87ca17aee1d2c1f
2023-03-25 04:35:35,False,0.4779,0.0002719,205.124,0.0557,0xbf...f012,https://etherscan.io/tx/0x198f7b4e285c77fca2edc1922810e1761bedc78179f2d5b8732c3356c8b8c82c
2023-03-25 04:28:11,False,0.4791,0.0002726,2675.99,0.7295,0x91...d728,https://etherscan.io/tx/0xed0a6d66f98658cd2bd956825b0132d95aa6783eadd95be917a85ff90ebc2aa3
2023-03-25 04:22:47,False,0.4807,0.0002735,1000.79,0.2737,0xa4...3045,https://etherscan.io/tx/0xdab798f7d6af70a0c7f9efd0c076fea5ea99aca8cd61296c96cdd40557f5979c
2023-03-25 04:22:35,False,0.4812,0.0002738,215.733,0.059,0xe7...8b1c,https://etherscan.io/tx/0xee7cc662cceaabc3ea34b7d989f189c3f03648f560b19311b20f962bb44cad7d
2023-03-25 03:56:23,True,0.4846,0.0002755,35.9732,0.0099,0x6e...f6fe,https://etherscan.io/tx/0x387edb4c9e488deb16edb1409b25238c1c447f1b12096a449ec33ccab325df9d
2023-03-25 03:50:59,True,0.4837,0.000275,2044.42,0.5622,0xcc...a7c7,https://etherscan.io/tx/0x5bae61426b0049e5103cfa3dae0f5b56510511909e42dfcc7110fda0d1ffcb65
2023-03-25 03:50:59,True,0.4828,0.0002745,40.9664,0.0112,0x97...4748,https://etherscan.io/tx/0x86f85ed3d66f3ff50eb49c52aee5489c6e133e37739577672050a53352e37d1c
2023-03-25 03:09:23,False,0.4784,0.0002728,50.0,0.0136,0x6d...7109,https://etherscan.io/tx/0xc7a2f79d947510607038a89ca1243b45774875b92d45db8816af838da4b47efc
2023-03-25 03:02:35,False,0.4784,0.0002729,90.0,0.0245,0x6d...7109,https://etherscan.io/tx/0x00476aca3c933845801461f8994e2765bc3b7d0d53c9184ed4f5a2b0cafa31a8
2023-03-25 02:19:47,False,0.4782,0.0002729,270.0,0.0737,0xbc...b3bf,https://etherscan.io/tx/0x895e2510c71a0c203e4286df04abc0d42bf6677a6ed5bdc30160f8923f54f229
2023-03-25 02:17:11,True,0.4812,0.0002747,5.09651,0.0014,0x84...6d02,https://etherscan.io/tx/0x189ec33005a0299913246af033d7ac7d1e8ca584068fbf3ae5e54c2da4c88c13
2023-03-25 02:14:11,False,0.4806,0.0002737,2640.02,0.7226,0x91...d728,https://etherscan.io/tx/0x9065c338c3fc8ec73f293243fb1db1b48cc1fedcbf20bb467b4c8b642012342b
2023-03-25 02:02:23,False,0.4819,0.0002743,74.6658,0.0204,0xfd...b248,https://etherscan.io/tx/0x07599a2e093635845ee02fa87e211f77df7611ba957c6ec6c5ea6d8cd1138bb9
2023-03-25 02:02:11,True,0.4848,0.000276,251.406,0.0693,0x18...4c97,https://etherscan.io/tx/0x3f4374072f37ce6a9d0b51b4b6ae49bf5bb076c6eec51f5586703feca5f09a36
2023-03-25 02:01:47,False,0.4818,0.0002742,50.9061,0.0139,0xfd...b248,https://etherscan.io/tx/0xd1a3700715b3dc43bda1d2551818788e0d15fcc71d3b621587f71454f679d265
2023-03-25 01:57:47,True,0.4845,0.0002759,250.284,0.069,0xdf...89d2,https://etherscan.io/tx/0xb1ba89216d4c0aeb63771cda1fa03d33e35f4760a8167b9c1d827546a949b782
2023-03-25 01:52:11,False,0.4815,0.0002742,391.0,0.1072,0x35...7e85,https://etherscan.io/tx/0x1137f397c9702126c37442701de58b7ff4244ecf810d5697a43af193e7bcffda
2023-03-25 01:46:23,False,0.4819,0.0002743,33.0977,0.009,0x7e...a282,https://etherscan.io/tx/0xdd3e2318607e240998ca60ce8998fe73c24f46c06efc9a315a2498e6a4447cb9
2023-03-25 01:39:35,True,0.4847,0.000276,118.512,0.0327,0x60...dbb0,https://etherscan.io/tx/0xe0f37d85e10fbfa46ceb714e11bbf36da6874a5402505cd96469b77326f1fd87
2023-03-25 01:33:35,True,0.4843,0.0002759,50.0109,0.0138,0x4f...bdc4,https://etherscan.io/tx/0xffbe72b8c174c66f46e2e3f045b455578dcbe166ea527f4705a71e4fdba3d059
2023-03-25 01:19:23,False,0.4805,0.0002743,212.932,0.0584,0x64...6975,https://etherscan.io/tx/0xa4dde78f0d2baed7263174a94bdc14a7f9391520c180014953f010714e8ba11f
2023-03-25 01:11:35,True,0.4824,0.0002759,646.688,0.1784,0x60...dbb0,https://etherscan.io/tx/0x90f3b93d84385951cc2421d2f17543859dd004215d008a226026290bf6f2e012
2023-03-25 01:02:11,True,0.4821,0.0002756,215.733,0.0594,0xe7...8b1c,https://etherscan.io/tx/0xadec9846326ecbf4e5043c8f5c9d2f51dfe8fd2d3a7bd800ad44f9f0e67e4d7a
2023-03-25 00:34:23,True,0.4811,0.0002749,2715.0,0.7464,0x3f...c220,https://etherscan.io/tx/0xabca56f88e171b4e0722b08133c9da273ee40b701a21d3e0c0d2ef5dc6d355a5
2023-03-25 00:24:23,True,0.4798,0.0002739,1483.83,0.4064,0x7e...caa5,https://etherscan.io/tx/0x468ba84c9d6ecca84258e135d16e40bdd4206700d112ddebce198faf7d066829
2023-03-25 00:24:23,True,0.4786,0.0002732,1303.79,0.3561,0x55...bae8,https://etherscan.io/tx/0xc2a70a3603b0507ad16856325444912d7876c310424e232306ea6d41ac7ea2eb
2023-03-25 00:00:59,False,0.4734,0.0002714,1000.0,0.2714,0x72...6359,https://etherscan.io/tx/0xd3c47b5d07c8304eb092a0254cea0ceb40787e74e00d3e2253a1a51f9e2a64fa
2023-03-24 23:46:35,False,0.4739,0.0002718,499.988,0.1359,0x49...6cf4,https://etherscan.io/tx/0x4b45d47d609945f55be49cef0daffda1223beaca1354625a3a03f61226ea9209
2023-03-24 23:29:11,False,0.4752,0.000272,267.241,0.0727,0x2b...8bda,https://etherscan.io/tx/0x5b77babe1f006491ddb354064fc470826df6a1e9aa93b2b0a68ba56723ad66b0
2023-03-24 23:19:23,True,0.4776,0.0002734,1044.94,0.2857,0xd8...e5d8,https://etherscan.io/tx/0xa6e5aadc4ee385bbb51375fbfcf530ce1830e881dfcdc16a70613bcd7b76f2e2
2023-03-24 23:04:11,True,0.4757,0.0002723,3741.98,1.01894,0x91...d728,https://etherscan.io/tx/0xb1f53e722e6f5974693996f8da806ff1396ea19d2478be5c96da116152b3ebe1
2023-03-24 22:52:35,False,0.4707,0.0002699,984.271,0.2657,0x1d...2e08,https://etherscan.io/tx/0xd95a7ac5f7a01793800558eaa0ae2e239a66e601e75590137be4b7fe20ae75c8
2023-03-24 22:36:47,False,0.4692,0.0002704,832.244,0.225,0xee...8509,https://etherscan.io/tx/0xed3aae1e6482cd7039c000268116cf666eb6335720f77039b988f8f8b6d01ace
2023-03-24 22:26:47,False,0.4705,0.0002717,4404.97,1.19696,0x91...d728,https://etherscan.io/tx/0x8ffe01146b27bbb898cdadee83c74f9be6cdfbf3fddae5f762045dc6a5e5c7d0
2023-03-24 22:09:35,True,0.4784,0.0002744,163.656,0.0449,0xf1...1c87,https://etherscan.io/tx/0x82ed6e456f645ec77c060f32cd145a1de2a762781e936e74e7fd30abd7acb7b5
2023-03-24 22:01:59,True,0.4793,0.0002742,729.928,0.2001,0x0d...0c3f,https://etherscan.io/tx/0xe30de623623ac9e8f3781f623e47a1fc114f59dc2f0f6a8d555ad1a8797709fc
2023-03-24 22:01:11,True,0.478,0.0002734,2194.06,0.6,0xc6...fed0,https://etherscan.io/tx/0x243b451c3d2da851e415d333921606b4f546e0a1eca8bba2dc43e6737dc3bcdb
2023-03-24 21:57:47,True,0.4774,0.0002728,208.828,0.0569,0xee...8509,https://etherscan.io/tx/0xab10762457bdcc0dcd4713e7f303297e8f5119dfff9f0f72dfdecd97fae45fee
2023-03-24 21:47:35,False,0.4747,0.0002721,3750.0,1.02041,0x4d...3ed4,https://etherscan.io/tx/0x4aae067dd9955d524b28eab04daf421ba15e9e2fe1ece28369781449b3227600
2023-03-24 21:44:35,True,0.4794,0.0002746,102.847,0.0282,0x75...906c,https://etherscan.io/tx/0x91022e33cc07983acbfe8143802f601188bb71df62fc7e027c8e78f64f78a68b
2023-03-24 21:40:59,False,0.478,0.0002731,437.5,0.1194,0x7c...f5fc,https://etherscan.io/tx/0xa15453ec41dce4fff5fadd608210537c81fa31b6ead3a0463eaf95095d95e051
2023-03-24 21:31:23,True,0.4821,0.0002748,180.354,0.0495,0x14...945f,https://etherscan.io/tx/0x076df66e9c695cf5d507e1faa53a840d27218058dff3e7969266fb5d28c6d6d3
2023-03-24 20:29:47,True,0.4847,0.0002747,234.966,0.0645,0x55...a209,https://etherscan.io/tx/0xa489dcffb1a274341818eab5536fb16a2cb08411b16bfacfde0f83ef70173247
2023-03-24 20:23:59,True,0.484,0.0002745,496.553,0.1363,0x78...e58a,https://etherscan.io/tx/0x238e60a3e3d9df9690c71b5169fe5b0a6e0a19f3fa1e3adf5b790fde31f4d767
2023-03-24 20:15:11,False,0.4793,0.0002728,387.537,0.1057,0x84...847e,https://etherscan.io/tx/0xff458ea0a9e4120185f4a753155b5a7780a0c30d9c41131016f6f5b528959a84
2023-03-24 19:54:11,False,0.4793,0.0002737,3199.03,0.8757,0x5e...822f,https://etherscan.io/tx/0x0e820323602871c06a18eb79aa822f2f9a40a306659dd84bdadddbf231363d1d
2023-03-24 19:49:23,True,0.4821,0.0002759,819.116,0.226,0x2b...a6d1,https://etherscan.io/tx/0x8cb55002e5df39d78f0b9017737bd888eef73d405bab8f6a25f84e8b0bfef490
2023-03-24 19:48:35,False,0.4797,0.0002746,2000.0,0.5492,0x2c...9c94,https://etherscan.io/tx/0x8711dc95aa1102793b57401a4602f892271c02087aec82eec9b94224c0fb993c
2023-03-24 19:42:35,True,0.4834,0.0002767,104.647,0.0289,0x32...cdda,https://etherscan.io/tx/0xe4a83039ff0268490a3975df7d254c0fe4ccbeac92f11e33f17b6f52498bc5d8
2023-03-24 19:31:11,True,0.4808,0.0002758,3436.02,0.9478,0x5e...822f,https://etherscan.io/tx/0x2e29ac7e3dc59015ecf38e125f8784a93cf18396e745337197599c0a4add57a2
2023-03-24 19:25:35,False,0.4788,0.0002752,7547.41,2.07746,0xc9...27b6,https://etherscan.io/tx/0x7c18e03eaf67e915e1b3a6657eccbaf4ac03b533ba104a3847ca9612cb9bad47
2023-03-24 19:10:47,True,0.4844,0.0002785,1162.32,0.3237,0x14...6ca1,https://etherscan.io/tx/0xe1c0249d7015ac53d3e028a0c7d85bc3e8607a5ec47146c48842bfdcd4246afa
2023-03-24 19:09:23,True,0.482,0.0002773,3361.02,0.9322,0x91...d728,https://etherscan.io/tx/0xe7b0d1f424a359ba3291c1ba84fcb5af9c6a50cb6fc15f6ddc1476c02ff6c974
2023-03-24 19:09:11,True,0.4804,0.0002764,199.569,0.0551,0x53...1222,https://etherscan.io/tx/0x8d9a6abc4826bb716e0a68cd050a30c7ffa9753f2bda12e09bfeb8404c403c05
2023-03-24 19:06:23,False,0.4781,0.0002748,440.0,0.1209,0x80...dfce,https://etherscan.io/tx/0x0c2fff9db37f0023237146bd96ab158137de25b3a959f3aeb9be719328de76eb
2023-03-24 19:05:47,False,0.4786,0.0002751,671.087,0.1846,0x39...3891,https://etherscan.io/tx/0x69b53fb2ce2ca443550b3db6dcf4126e80e49c5cd26ab0e718428e57b0db8e3f
2023-03-24 19:05:47,True,0.4817,0.0002769,166.764,0.0461,0xad...8280,https://etherscan.io/tx/0x19fb44906b69c0337512e000baf5e96832d3b0525007fb2cedc1e0a8e3f1609c
2023-03-24 19:04:11,True,0.4805,0.0002759,3782.95,1.04385,0x91...d728,https://etherscan.io/tx/0xdb3cfc09e21f65bf2d4c4c4d7b2139f48071c6aebe9e297fe971c811a85d2fb7
2023-03-24 18:19:11,False,0.4805,0.0002742,3610.01,0.99,0x91...d728,https://etherscan.io/tx/0x813f97c6990492fd3dc9e9de6454af8c5a0981de865a5e8f334f70e30a39202f
2023-03-24 18:16:23,True,0.4863,0.0002765,856.547,0.2369,0x0d...0c3f,https://etherscan.io/tx/0xd4fd8a932f954e8826b185cc0c41df9a2106ef736ce18742a8750ac1c1d9d2d1
2023-03-24 18:10:59,False,0.4839,0.0002749,1000.0,0.2749,0x3c...99f0,https://etherscan.io/tx/0xe0954b35d525b3c009f7732c27277c9ef9849bed632f5699701e3f850c750a7f
2023-03-24 17:53:47,False,0.4856,0.0002752,168.392,0.0463,0x63...139f,https://etherscan.io/tx/0x9c67eb740302dc16dbce84b51fbdeec97172ff23f9dbec9365964c1d6dcf34ca
2023-03-24 17:49:47,False,0.4876,0.0002762,3667.04,1.01295,0x91...d728,https://etherscan.io/tx/0x89f7cf880bc72f2610b5bf605cbdcb872dbbcb85f89667132640a00070f4f4c6
2023-03-24 17:46:11,True,0.492,0.0002787,177.781,0.0495,0xfc...be40,https://etherscan.io/tx/0x74dc590bff93985e0282054c0e01bbe0672c79c8e7348f4e9deb6f3a5c3b03c9
2023-03-24 17:30:11,False,0.4902,0.0002774,1589.94,0.4411,0x88...09f0,https://etherscan.io/tx/0xe0b35afc90694493053d753821567ac593264320e441d831c99b75ebc05399d8
2023-03-24 17:29:23,True,0.4939,0.0002795,100.217,0.028,0x8c...8833,https://etherscan.io/tx/0xd08c5d53e2b9cdbdad4df7dc5daef73a5b06fcbe712cac57cf7e09cdc9dc74b3
2023-03-24 16:19:23,True,0.4914,0.0002794,354.764,0.0991,0xbf...daf4,https://etherscan.io/tx/0x33fc48b977c9273fecbdbad5a40c99c20f868c02e3e047ca1f09d1ab749756f1
2023-03-24 16:14:23,False,0.4893,0.0002785,3459.99,0.9637,0x91...d728,https://etherscan.io/tx/0x1add5f1be822068bd0b92711e38a2e7d4f3795ee91f06e0902172ad16dacbb49
2023-03-24 15:46:11,False,0.4958,0.0002805,4500.0,1.26265,0x55...9d67,https://etherscan.io/tx/0x62593e13eb728f4974fd1079b0a9bc0ec7c856706ee01e223f020466732883fe
2023-03-24 15:42:47,False,0.4991,0.0002825,3188.64,0.901,0xad...bbbc,https://etherscan.io/tx/0x9c5071f1782dcf4bc67ed92f84a94f63a3e9487837c2610ae930299cece6a341
2023-03-24 15:41:35,True,0.5037,0.000285,390.762,0.1113,0xeb...e608,https://etherscan.io/tx/0xe362eb17032544276f8c5db097926d87b5ed1ed1a680616cefaf826e22185bb7
2023-03-24 15:33:35,True,0.5065,0.0002849,94.1519,0.0268,0x8c...8833,https://etherscan.io/tx/0xa8272834d8923c9efa722d4c9128d267dffeb361ecfd8c6988c59c6b32952d54
2023-03-24 15:31:23,True,0.5044,0.0002839,3652.95,1.03712,0x5e...822f,https://etherscan.io/tx/0xb38880f8da0c99be577cab44628b6c55a2cb96091ada2b4f30277d2aa09bca6f
2023-03-24 15:22:59,True,0.5006,0.0002828,438.997,0.1241,0x0d...0c3f,https://etherscan.io/tx/0x10dadbaf79ebf46eb80821c0c659d7bcb0b83d42894f485b076578189d4b692b
2023-03-24 15:21:11,True,0.5013,0.0002824,1062.17,0.3,0x38...ab53,https://etherscan.io/tx/0xb9fd0d4f074cfa0196763f42ed0f45a897a798df0cea318009cdf3780e9e97a5
2023-03-24 15:20:47,True,0.4992,0.0002812,3573.96,1.00511,0x2a...06a6,https://etherscan.io/tx/0x23b8bfd0574b307eeba8fadda5ba4297db3092f535b45b773402ef6e0bdeb9ef
2023-03-24 15:16:11,True,0.4953,0.0002793,3651.97,1.02021,0x5e...822f,https://etherscan.io/tx/0x52516ad17f9049c005fe8af85df49b9fe5c1bd7112143468ed9ad152d2843c8e
2023-03-24 15:14:35,True,0.492,0.0002772,4578.04,1.26926,0x3f...c220,https://etherscan.io/tx/0xb64c88f3ee20a8ed3720412c87bab257138a1ee63d414af829903d9fb5a5302f
2023-03-24 15:12:59,True,0.4875,0.000276,173.08,0.0477,0x1a...6953,https://etherscan.io/tx/0x7478f376606c6b5409ce2fcbdef547146bd985ca86565587cd9282bbc4b28e17
2023-03-24 15:03:47,False,0.4872,0.0002762,7600.0,2.09964,0xc6...fed0,https://etherscan.io/tx/0x533a2cc1a05bd18fe7d2bfbc5e6c17c6659e56d949ffcfbe65530ed73b540820
2023-03-24 14:33:47,True,0.4953,0.0002798,198.729,0.0556,0x1f...90e3,https://etherscan.io/tx/0x89e931f44f4cf6e4a3b18a7916cd344d5e0a425b68431fc91cb03d8cb368b1f9
2023-03-24 14:03:59,True,0.4957,0.0002797,110.38,0.0308,0xa5...350e,https://etherscan.io/tx/0x41bb2578757c4daaf56a3488124264b7a5afa4bdd547c702c15e3e95f9efa17e
2023-03-24 13:56:11,True,0.4958,0.0002797,41.8517,0.0117,0x3b...3e25,https://etherscan.io/tx/0xb5286337840fbfb6601027253cc4df5a25665b2766f6bc924d00bccf065ef998
2023-03-24 13:47:35,True,0.4963,0.0002796,350.784,0.098,0x86...580e,https://etherscan.io/tx/0x0106030d1b53033addb9681e231f0a1f37d1eff8bb3dbdbd416b91153f6fcf07
2023-03-24 13:38:59,True,0.495,0.0002789,2318.04,0.6465,0xba...2fd9,https://etherscan.io/tx/0x7d98ce19bc3d5108eb18b0004443cc82b9e329afdc3cf724d9be3e9d612a2224
2023-03-24 13:38:23,True,0.4942,0.0002782,203.045,0.0565,0xc8...32c1,https://etherscan.io/tx/0xad90ba89fa4b8c5de9541daedaefa4323001fd0c4b8cd8509e2a6478a4d9bedd
2023-03-24 13:36:47,True,0.4897,0.0002772,3989.4,1.10585,0x32...069d,https://etherscan.io/tx/0x29a854a7789dae3bfc051743494a4265bb82dda04f9921c674d20b899cc3223f
2023-03-24 13:32:23,True,0.4868,0.0002759,1031.17,0.2845,0x66...14ee,https://etherscan.io/tx/0x442025893e5f1b68f73255b3b1340a178d6c8c99b6a27d8a8590223becaee1fe
2023-03-24 13:00:59,True,0.4837,0.0002755,470.585,0.1296,0xb4...46e4,https://etherscan.io/tx/0xe2dcf9a0ccafdec6242af84bab83c7107ccf6675e7c39662d5a362d454e0ee32
2023-03-24 12:57:11,False,0.4796,0.0002738,228.032,0.0624,0x70...488f,https://etherscan.io/tx/0xe3015d7bb2489d60a59630a9a85a5b3569664bd78c4ed20197e6105db35a49f5
2023-03-24 12:40:23,True,0.4926,0.0002755,175.072,0.0482,0x83...928a,https://etherscan.io/tx/0x44b4c4ed012cf9ed2788a845237186e2961ce9175b204265448b3931ea22ba73
2023-03-24 12:25:47,True,0.4924,0.0002754,180.886,0.0498,0x92...0011,https://etherscan.io/tx/0x55f5824af00204ffa858f41db1b135e5cde450d39ce8153158e0a754d707dbd9
2023-03-24 12:21:47,True,0.4905,0.0002747,2592.99,0.7123,0x5e...822f,https://etherscan.io/tx/0x59463e0bb49eb78d36f1a82bde128d8c832ed5f894f3af63ec8f50f1cd94bee3
2023-03-24 12:15:47,True,0.4883,0.0002734,2558.68,0.6995,0xfa...aa5e,https://etherscan.io/tx/0x23ce4e0b0465953acc248c64f7fccc13fbcb9ce414fc31974339588aba830175
2023-03-24 11:59:35,False,0.4855,0.0002718,2873.36,0.7811,0xfa...aa5e,https://etherscan.io/tx/0x9f8ce8aeeb76e6299b595db7a0164c3d116fcaaed07364c0ee84b92fad862e54
2023-03-24 11:51:23,False,0.4879,0.0002733,2934.89,0.8021,0xfa...aa5e,https://etherscan.io/tx/0x90f77a3f3058a382d49a4f9a1685b071bc008620611495f3b4fc26966752ca47
2023-03-24 11:48:47,False,0.4904,0.0002746,2337.06,0.6418,0xfa...aa5e,https://etherscan.io/tx/0xd27b744b446245e71054d11afdfc86c692b51fe0e15b2f61b31807dff584b118
2023-03-24 11:47:11,True,0.4945,0.0002768,114.168,0.0316,0xec...786c,https://etherscan.io/tx/0x644322a00f6d8d5f42c4929870fb1f999a04c114ddb1166e7015efc9f8252673
2023-03-24 11:40:11,True,0.4931,0.0002765,1082.15,0.2992,0xd4...8e03,https://etherscan.io/tx/0xa804c3072c0cf58774c0a8c11abec1df30a5d877f1f892f3eac79f00d6487a7e
2023-03-24 11:12:23,False,0.4904,0.0002753,2863.66,0.7884,0xfa...aa5e,https://etherscan.io/tx/0x5e3662583a354aa303b44b7f81124db06274c180ac0c43fa1f0339159168abcb
2023-03-24 11:10:47,True,0.4947,0.0002776,179.519,0.0498,0x0e...7377,https://etherscan.io/tx/0x68c473909efbbabfe31ba022103ba79775328264de5f986abb7fdc6d65a72110
2023-03-24 11:04:11,True,0.4951,0.0002769,2681.66,0.7426,0xfa...aa5e,https://etherscan.io/tx/0xcc5dc51fa13d466cd48cf3a6f04ed4aa5be894a7943b4d41c66257d052f0b1cf
2023-03-24 11:00:23,True,0.4921,0.0002753,3636.97,1.00138,0x91...d728,https://etherscan.io/tx/0x7dfdafa6696e08fca8e992a0472e31d318d49b617dd50b9bb615a89e9b610577
2023-03-24 10:58:47,True,0.4906,0.0002743,194.679,0.0534,0xbc...1c0e,https://etherscan.io/tx/0xe63433520e301262623a05d64687790dfc32752c913b587bbd9a9c49ac73e9a9
2023-03-24 10:48:23,False,0.487,0.0002728,623.412,0.17,0x27...9c25,https://etherscan.io/tx/0x2ca49ce0ec14bf5cbb6a97865da7374ea88297f608513a11bb2fdac646eb6c93
2023-03-24 10:34:11,True,0.4925,0.0002739,2649.71,0.7259,0xfa...aa5e,https://etherscan.io/tx/0xf646cfd817d41e4ee9b01b09903e74a579b72c239b4c160286b315b01a72bf0c
2023-03-24 10:33:47,True,0.4912,0.0002732,443.321,0.1211,0x38...116a,https://etherscan.io/tx/0xb78007e08d576a93c289243b5efc333796e9a3b1a188de190e4f9ae56b864730
2023-03-24 10:30:59,True,0.4893,0.0002721,3963.98,1.0786,0x2a...06a6,https://etherscan.io/tx/0x2b092c0a667464f6f892e59249a0bdd3d9a6466dd46137abf35ad8049efb36ea
2023-03-24 10:27:47,True,0.4862,0.0002704,2650.04,0.7167,0xfa...aa5e,https://etherscan.io/tx/0x19ca497cc8e521fb34e9c702eb21de2cad895a9dd48fff66d22ee13db85a0d34
2023-03-24 10:12:11,True,0.484,0.0002698,37.3764,0.01,0x41...7a16,https://etherscan.io/tx/0x74d44aa0a6cf89298490dc9ee59cce9c6971bb8f357bd3473ae0a510331cdb6d
2023-03-24 10:00:59,False,0.4823,0.0002688,2791.01,0.7504,0x91...d728,https://etherscan.io/tx/0x42fa22156b6f90ada8ad2a512867e046c8655bf1b7cdb2d5c4659bea0541de88
2023-03-24 09:33:59,True,0.4888,0.0002705,2728.0,0.7379,0xfa...aa5e,https://etherscan.io/tx/0x1b7130bd31f5483274bcaccdab86a3a075064dfd5e1db4b2bc32f71754e391a7
2023-03-24 09:26:35,False,0.4861,0.0002688,2550.06,0.6855,0xfa...aa5e,https://etherscan.io/tx/0xf604c0ad0beac039fb66c5cdf9c01fd010295fc4f2be106f6a94ceb03d72e12a
2023-03-24 09:17:59,True,0.4883,0.0002703,3071.0,0.8301,0x5e...822f,https://etherscan.io/tx/0xe3155243d333a9dddbcbd083fb956526158aec51bef0d5b2d2b520a4661ae489
2023-03-24 09:14:11,True,0.4861,0.0002688,2814.72,0.7568,0xfa...aa5e,https://etherscan.io/tx/0x8f9f4c746e749119dda9bec1eccc0a1901f5d610851befafdf05e5afac037ad2
2023-03-24 09:06:47,True,0.4846,0.0002675,2683.01,0.7178,0x09...9760,https://etherscan.io/tx/0xd18ca41364fb3105e9fba99035707353fe85706e0a6e628eec0f14410a30e128
2023-03-24 09:01:59,True,0.4832,0.0002662,2734.56,0.728,0xfa...aa5e,https://etherscan.io/tx/0xa5b7280b17a0a88d6d8f2d97f51c5586591c6d867c305e9d06b267a8ab5cdd42
2023-03-24 09:00:59,True,0.4808,0.0002649,2661.63,0.7052,0xfa...aa5e,https://etherscan.io/tx/0x92875335af6dc580e84f7a10082233a5a6b543fd172ad27c8dac8cc01e8d4907
2023-03-24 08:56:11,False,0.4772,0.0002628,452.281,0.1188,0xe8...2a35,https://etherscan.io/tx/0x6d6288bd3f2364c1223fa484c3ed6bde2f1beb215cb10467a61d99a096f9e632
2023-03-24 07:55:47,False,0.4766,0.0002629,53.9763,0.0141,0xf6...18e3,https://etherscan.io/tx/0x351091b3757e270bbf3d0cef38aefbc2c625ab54f5c409429250ba576aa571e7
2023-03-24 07:46:11,False,0.4767,0.000263,390.025,0.1026,0xe1...8bb1,https://etherscan.io/tx/0x036defe05b2e6b4d1c437387ca5dd6f5ea1275f7d9c21b9f3354fa7c1f56d489
2023-03-24 07:40:11,True,0.4799,0.0002647,144.223,0.0381,0x47...56e5,https://etherscan.io/tx/0xd6fdb12966edc10e3daec6940501709ed0712dd558dfe24171803a8ccf37c45c
2023-03-24 07:25:11,False,0.4777,0.0002637,2551.01,0.6727,0x3f...c220,https://etherscan.io/tx/0x2d56877c384ce53015940ce332d58a059d6ecda2cf41226e668badf17824899c
2023-03-24 07:18:59,True,0.4815,0.0002658,38.0946,0.0101,0xed...2a80,https://etherscan.io/tx/0xebaa2f121ab7dafb6fa4b6792fe6ffce0b793bd712890ce7292c99180925c36c
2023-03-24 06:27:47,False,0.4781,0.0002643,300.444,0.0794,0x53...a077,https://etherscan.io/tx/0x3d2034a8d22774d5642c24fdefc9a89d763c22f5a0e9c9a805d4171b868631c4
2023-03-24 06:27:35,True,0.4809,0.0002658,621.072,0.1651,0xda...f2ed,https://etherscan.io/tx/0x3a0647bc47d2d571965d8918cca863f5d47015af7ee5852716ae468ded8d5282
2023-03-24 06:16:23,True,0.4803,0.0002657,13.1718,0.0035,0x9b...8246,https://etherscan.io/tx/0x624c8909e7c143d3d158998b62b2a00e75c2e66efd501851a3bc59a762c8c876
2023-03-24 06:10:47,False,0.4785,0.0002647,2463.79,0.6521,0xfa...aa5e,https://etherscan.io/tx/0xb30867689bc61fbbef0d75142d903d84a5bf70db177b48891bbdf73c0ee82392
2023-03-24 06:10:23,True,0.4801,0.0002656,5270.49,1.4,0x43...3708,https://etherscan.io/tx/0x5d708325c3e578ff7a19eb134ee3d5d2eee9a0d102ea0a0e4911938e134b40f4
2023-03-24 06:08:59,False,0.4747,0.0002629,500.642,0.1316,0x97...9682,https://etherscan.io/tx/0x08a1ac9ea3f544a16d2420feb0d50be125c1dfc2015f1949cbd97c080fb38351
2023-03-24 06:05:23,True,0.4777,0.0002645,187.334,0.0495,0x6f...c1de,https://etherscan.io/tx/0x254bae7a018dc7206ba44236b74d0838e4ebc137f34ea98ce7b5e57be6ff91c4
2023-03-24 05:58:23,True,0.4773,0.0002645,103.342,0.0273,0x09...cdc4,https://etherscan.io/tx/0x58d88375a1ee368a6f77561aa67a57ca34c8fc26ff18c75791c47e3f776c6cb4
2023-03-24 05:54:47,True,0.4782,0.0002644,55.3456,0.0146,0xed...2a80,https://etherscan.io/tx/0x6cf839648f3a4907b57becc3e74c26805ddf91f46478a1b07e2c5a2f867fd330
2023-03-24 05:35:35,False,0.477,0.0002634,2313.92,0.6095,0xfa...aa5e,https://etherscan.io/tx/0x73157e33a6f0c656013cce631b4b13c2382c8c7dcd5cdec7cdd66ffbc59bf429
2023-03-24 05:34:11,True,0.4811,0.0002655,102.715,0.0272,0x40...b276,https://etherscan.io/tx/0xc1e1fc26ea219ea4dc6806ebc0407d5943366b7c915a922a8de5a91d9027f7c1
2023-03-24 05:16:35,True,0.4796,0.0002645,3854.6,1.01985,0xfa...aa5e,https://etherscan.io/tx/0xb2f70f9bab22dc50bb0eff6822cbc2fb656c34abd2109d094801a8acf40a7701
2023-03-24 05:16:23,False,0.4767,0.0002629,3798.18,0.9988,0x23...9898,https://etherscan.io/tx/0x7c852d3dc0b6ca5f331a5b8be18077fa37b7a758837e3338823093fe0464d3d2
2023-03-24 05:08:11,True,0.4814,0.0002654,138.175,0.0366,0xa9...fe90,https://etherscan.io/tx/0x77f8047818ee71f1b8888cffd1bb0bc9126b7d094e0b1b3ccda251e2767c6ff3
2023-03-24 05:04:23,True,0.481,0.0002653,41.1233,0.0109,0xb0...e844,https://etherscan.io/tx/0x455e529c3a114f34c0aa41754932afc92f801aeed83ee6b27233ca11b10a45ff
2023-03-24 04:28:47,False,0.4785,0.0002642,2000.0,0.5285,0xb7...5b77,https://etherscan.io/tx/0x0735575890578e974de6f414015fe0c5c3c0e2cf148854c5b0370ba1a7a9cc9e
2023-03-24 04:13:47,False,0.479,0.0002647,91.8001,0.0243,0x25...d994,https://etherscan.io/tx/0x35040bf70ba4ab0f3b2ffc0d000e19c1770938f5fa18a767b453de1fd97d3183
2023-03-24 04:07:59,True,0.4822,0.0002663,69.7341,0.0185,0x31...7b99,https://etherscan.io/tx/0x74b5c45ade39e74ff94fd3e12b8298eec73cf49226bd564a08572d819c41e478
2023-03-24 03:49:47,True,0.4834,0.0002663,88.2233,0.0235,0x31...7b99,https://etherscan.io/tx/0x734239aa8dd94d473efc719f73ce7acec5925a1e074ff4037511ba834780693d
2023-03-24 03:46:35,False,0.4803,0.0002647,100.276,0.0265,0xa4...7388,https://etherscan.io/tx/0xba193026ee4e69ba027e4a5bd6918366b2b128efa960706e279884206bc0c248
2023-03-24 03:44:59,True,0.4832,0.0002663,40.878,0.0108,0x38...8d8e,https://etherscan.io/tx/0x08e30ec7ce96b88eb8435c7d5ca734ea620f86f3a9a52a3afb1e417d5e082d23
2023-03-24 03:37:35,False,0.4814,0.0002653,2697.04,0.7157,0x91...d728,https://etherscan.io/tx/0x4245ddfa022fd7e2f16853c9bfd627f54e7d2bbeba1eda7efc8d9ae0084329b4
2023-03-24 03:17:47,False,0.483,0.000266,100.0,0.0266,0xf3...7975,https://etherscan.io/tx/0x398360903cf003d58f5f92fde04aec66ed32fe3b987c1c5c0a53c3c37775e885
2023-03-24 03:00:35,False,0.484,0.0002667,2884.0,0.7693,0x5e...822f,https://etherscan.io/tx/0x552aa4c65101d0d5f646f4e89b69a0a6a5f006012bb95bbebc72ffef3b030a8a
2023-03-24 02:55:11,True,0.4885,0.000269,251.088,0.0675,0x73...c06a,https://etherscan.io/tx/0x83f6272a99742f8c9731f0f936445979793cf3abe4b56d8e3f5a9774112e578c
2023-03-24 02:52:47,False,0.4855,0.0002673,55.9369,0.0149,0x15...7a91,https://etherscan.io/tx/0xed60689b83796959759fd01dd4b091cbc657ac27e4f9842864d4d8b293dbdebc
2023-03-24 02:48:23,False,0.4869,0.0002679,2532.79,0.6787,0xfa...aa5e,https://etherscan.io/tx/0xd91de3d4f1239b68444b91294bb48f8bf0bc6f55846c7f96059828458df44497
2023-03-24 02:30:35,True,0.4899,0.0002701,100.999,0.0272,0x84...efe0,https://etherscan.io/tx/0x4574b55586c8eaf6d441514b650d930a792bf932f271f2f16c4d8797eae30935
2023-03-24 02:28:11,True,0.4897,0.0002701,39.0925,0.0105,0x08...af8b,https://etherscan.io/tx/0xa8dccc02ecc6a394d60aa2402038fce543e0120657620252e2b2878a5365e196
2023-03-24 02:27:11,True,0.4887,0.0002696,2137.02,0.5761,0x57...7d89,https://etherscan.io/tx/0xd91ca48f94db57d27b9ae1dfe4b0ef6af2516204f9009a800355e5268e59e33f
2023-03-24 02:26:11,True,0.4877,0.000269,19.6332,0.0052,0x08...af8b,https://etherscan.io/tx/0xb0d8ebd801d7aa0c9ebf74a1058ac4ec809267b7256e63323972f17e7d80f9aa
2023-03-24 02:08:35,True,0.4864,0.000269,40.6172,0.0109,0x33...87db,https://etherscan.io/tx/0xd388f855d03ae0449648dd34de0d9b89a8ad3c2db8115b17464adc110ba824a8
2023-03-24 02:06:35,True,0.4868,0.0002689,304.724,0.0819,0x2c...cbc9,https://etherscan.io/tx/0xffbdf6abb2a1e1f29b93ff2606ea8c458b1ebef43b5f334b1f6637294453ac08
2023-03-24 01:56:35,False,0.4845,0.0002674,736.25,0.1969,0x7b...97c5,https://etherscan.io/tx/0x0f754a1267937cf3ff2d3ec6f08282be24aa28b58e0fedd14a402b75ad4e8cb4
2023-03-24 01:34:11,True,0.4889,0.0002692,2.02067,5.441e-05,0xa7...ad0d,https://etherscan.io/tx/0xe738c34f505994664cb465674c1046b8a91ab8cdf303d126091bed8232cb2820
2023-03-24 01:21:59,True,0.4889,0.0002692,139.514,0.0375,0xbf...56d2,https://etherscan.io/tx/0x1510d47e6b9b4ee886e56d053bb57a717454ddc132f8f8e1ad27f1f8fa9c0547
2023-03-24 01:16:11,False,0.4872,0.0002684,3555.42,0.9544,0x4b...1402,https://etherscan.io/tx/0x6488bdd76b2575806c1949e4c52effc2609730e8774593b13c88fa35e19f5b1d
2023-03-24 01:08:23,True,0.4914,0.0002708,500.0,0.1354,0x0f...afdd,https://etherscan.io/tx/0x0093047eefe1c6e1f416743488c056d90d59159e6d91f012e40a70d9ad2010bb
2023-03-24 01:05:47,False,0.4882,0.0002691,80.3668,0.0216,0xe8...d33c,https://etherscan.io/tx/0xb97393552cd8f8e7f3b605fc5ea1c46cc726a3684a0622dd4e03a9a1b41862b8
2023-03-24 01:04:11,False,0.4883,0.0002691,124.138,0.0334,0xd2...2da9,https://etherscan.io/tx/0xd5db801cb96b8b5011fc092ff0939462c06b839e6fafa4e13f06244d7d7e389b
2023-03-24 00:57:23,True,0.491,0.0002706,616.826,0.1669,0x5e...dee0,https://etherscan.io/tx/0x5d503a8c82265d006a15f0957e0f0d06b2e2f1ab73752a3b1126b7fa07d73ae4
2023-03-24 00:46:23,False,0.4881,0.0002689,222.0,0.0597,0x0e...645e,https://etherscan.io/tx/0x4a45d2a8594bece329ff25fe477fd15ec3bb3ac5c9864dd0e1272b2afd27d030
2023-03-24 00:44:23,True,0.4915,0.0002705,403.09,0.109,0xb4...5e52,https://etherscan.io/tx/0x30eea861669dffefbad6b08a67aaed4015946e4031c33ac057855a9221cff227
2023-03-24 00:39:11,True,0.4913,0.0002704,18.3293,0.0049,0x43...c3d0,https://etherscan.io/tx/0x165d2e6a613e499b116f8060598b7e557c8812ca149206404665b7abf29ebc4f
2023-03-24 00:34:59,True,0.4907,0.0002699,1652.14,0.446,0x60...dbb0,https://etherscan.io/tx/0xc2ad7c16e1c2873c6d28fd32654c3032d50afec4bc8e05216ef30f24bbda7ffa
2023-03-24 00:13:35,True,0.4825,0.0002662,14496.1,3.85891,0x04...c34c,https://etherscan.io/tx/0x31de1c73c50f580f14f2c346604d65b53fa6aed3200b903afca6bf94f7df3949
2023-03-24 00:13:35,False,0.4819,0.0002658,20129.1,5.35121,0x65...ed08,https://etherscan.io/tx/0xab7b5f336b1040bfbfdd33495f0c9825ef43309b7a3222eef1e00bd4de811377
2023-03-24 00:12:47,True,0.4847,0.0002674,20603.6,5.50996,0x04...c34c,https://etherscan.io/tx/0xfa74a88adfc072a5654a29e2b3270d1192a072272e07c87c1d3cfcf299333ca8
2023-03-24 00:12:47,False,0.4814,0.0002655,20017.7,5.3159,0x65...ed08,https://etherscan.io/tx/0x653d7166a4eb46e71463fe47c4c0dab4504463ae6e9e9bcbfee63e06360c40af
2023-03-23 23:47:47,True,0.4918,0.0002718,456.85,0.1242,0xe8...2a35,https://etherscan.io/tx/0x341d1ef3fcbdc60845c944206524492bd04faaf6077a0619807d5e49facec211
2023-03-23 23:08:35,True,0.4923,0.0002717,89.9967,0.0244,0x41...c2ab,https://etherscan.io/tx/0xc145a62b5134e92d2b6c80b228725eb1b478f5c9bc4f1378b96b2068c9ef3545
2023-03-23 23:06:35,True,0.4924,0.0002717,40.1124,0.0109,0x95...19c1,https://etherscan.io/tx/0xef465e8904b7fbc7af3de78ffdb5b873fb75dc0232d5b78f55c13653328265bf
2023-03-23 22:54:23,True,0.4916,0.0002711,2193.23,0.5947,0x91...a1c4,https://etherscan.io/tx/0x56e6117a8578ec0cf8099f2ae5561f32a49d7a7b3b16a67671d4365d5a7b7d8c
2023-03-23 22:40:35,False,0.4869,0.000269,235.916,0.0634,0x1c...2866,https://etherscan.io/tx/0x593e4f631c58a202a3ad32b859b7fe84fc73a3e74eaaa260d91eaf038a866e5f
2023-03-23 22:34:35,False,0.4875,0.0002692,319.593,0.086,0xce...169a,https://etherscan.io/tx/0xe6fa5e2a414d53d9e9e87a8755af9c6e5f178ccf969a44b93ed7809af53e539b
2023-03-23 22:27:59,False,0.4883,0.0002698,2171.37,0.5858,0x86...b20e,https://etherscan.io/tx/0x391e3995d25f517f245e362bef9e2597c20ff2ba99ab9bf691ba60c81814cc3c
2023-03-23 22:17:59,True,0.4907,0.0002718,597.621,0.1624,0xcb...71ec,https://etherscan.io/tx/0x6c26b69b5fd34d551d480d03ead03949c7b3ba0b8930bd4f31568c92b7c64c1d
2023-03-23 22:05:35,True,0.4922,0.0002716,6.2993,0.0017,0xf6...a5ef,https://etherscan.io/tx/0xee6c8ba51d744d4cf21e556fa81b1118526cddd3c67f522e9faf88905bd3e363
2023-03-23 22:01:59,True,0.492,0.0002713,1330.07,0.3609,0x2e...f345,https://etherscan.io/tx/0xe4f0438a529159cded003a0273601ff9810f244116b463d5fd9bf3496b2299cd
2023-03-23 21:45:11,False,0.489,0.0002694,209.185,0.0563,0x98...93a8,https://etherscan.io/tx/0x7c36ceec85cffbfc7308f974b8c0826f8e991117fe47ab3aab03f0f146c27468
2023-03-23 21:43:59,False,0.4892,0.0002695,173.969,0.0468,0x91...dc25,https://etherscan.io/tx/0x0104f1d53b85017a1d8220c41f3c4c7285fdc4e46ce749255ecb81b0ee4952d1
2023-03-23 20:54:59,True,0.4923,0.0002703,3455.91,0.9343,0xfa...aa5e,https://etherscan.io/tx/0xffdce94a8318a561eb22381c792ec814f2b1b520ddc5607dd2a30780f99f902d
2023-03-23 20:49:59,True,0.4884,0.0002694,159.477,0.0429,0x46...63cf,https://etherscan.io/tx/0xc65f5f356a1b73194a23388d97caf2b94da7709a462f17da0e3cbd86621a8ad1
2023-03-23 20:45:23,False,0.4844,0.0002678,157.641,0.0422,0x2e...f345,https://etherscan.io/tx/0x2a3f435271ec16685b5a37073ada959b41526a96bfdf975fa67ca04e6128b732
2023-03-23 19:54:35,False,0.4842,0.000268,500.0,0.134,0xfe...4461,https://etherscan.io/tx/0xa28523172c552287ca50e1c81e401a04bea851974fddefe38d338bd9735250db
2023-03-23 19:48:59,False,0.4855,0.0002683,1013.32,0.2719,0x74...4403,https://etherscan.io/tx/0x299ccd8a8fe197542fc085aa9f40b5538857e076903fbc5bce28bbae418873d3
2023-03-23 19:36:59,False,0.489,0.0002687,275.827,0.0741,0x3c...9651,https://etherscan.io/tx/0x11429017843876fbb819cebcf61eeaa0651e117c6ec48227d95228b4f339dce1
2023-03-23 19:27:35,False,0.4894,0.0002688,202.86,0.0545,0x4b...8ceb,https://etherscan.io/tx/0xe50d85b41c2dcf5f128392a2eb109f1abb12471fe64ee582f5d5752b007838b8
2023-03-23 19:20:35,True,0.4933,0.00027,1776.15,0.4796,0xb7...c063,https://etherscan.io/tx/0x5b119f24acd99ea2477ab4ad2321443dac3675f49e9ce3c51195670ad1b490fa
2023-03-23 19:10:59,False,0.489,0.0002681,425.114,0.1139,0x4e...135f,https://etherscan.io/tx/0x4a3456456d30cdbc9763eeb4d5afb90a002043f0de89a94460ab0d4ff35180b1
2023-03-23 18:57:23,False,0.4901,0.0002685,1275.34,0.3424,0x4e...135f,https://etherscan.io/tx/0xd7b9af4b3cef5244f3f9786167d70a9bc6207a7849ec30b46757e9ea6141dc51
2023-03-23 18:49:47,False,0.4912,0.0002688,185.964,0.05,0x0e...ed80,https://etherscan.io/tx/0x317b1cde76c3429562a42ac057851123cef2575a889cce7a398b53bac3b00e39
2023-03-23 18:46:59,False,0.4929,0.0002694,2231.57,0.6013,0x0e...ed80,https://etherscan.io/tx/0x09a23268f566cdbbb574a2cf2ae720f472fc79cd684ee8e1c64b30c07467466b
2023-03-23 18:33:35,True,0.4946,0.0002715,236.152,0.0641,0xa3...c96e,https://etherscan.io/tx/0xf19c440ebf9de5319c30b2d98c4c25657f639a74abcf04360bbe6fd7b4b72e78
2023-03-23 18:27:23,True,0.4937,0.0002715,53.9978,0.0146,0x90...dc6c,https://etherscan.io/tx/0x9fba8d392ff7aa6f1d73a3dfbff1807a38f1bbf1e6d6579be4a96ade70645f75
2023-03-23 18:20:11,True,0.4946,0.0002713,632.907,0.1717,0x60...720a,https://etherscan.io/tx/0x87145ba20179394c5100d50753d9525bc9e6a990e741749aad3a0d3d4a7536f8
2023-03-23 18:05:23,True,0.4965,0.0002711,298.973,0.081,0xa7...56c9,https://etherscan.io/tx/0x9e1fcc74f12c1f42deb9907f6affeffac78721c2a465c0873f4139ab7a4fde41
2023-03-23 17:54:35,False,0.4928,0.0002695,406.0,0.1094,0x9e...7605,https://etherscan.io/tx/0x1c34ddd4eb31893b4afbfb88709f5d60e1f90fcdb42966742d17ed9fff3eea89
2023-03-23 17:42:11,False,0.4925,0.0002701,2000.0,0.5401,0xff...b2f6,https://etherscan.io/tx/0x2a8b59c94974f356f8ef39c41fee39f8a26e55c62c50b962961733f7c0347081
2023-03-23 17:21:35,False,0.4949,0.000271,1759.68,0.4769,0x11...d4a8,https://etherscan.io/tx/0xd6f97a2a7ca82e1c48c09ce72c023a14c2357e8e3b023cea64bee6a514d7a718
2023-03-23 17:00:23,False,0.5003,0.0002722,3228.77,0.879,0xfa...aa5e,https://etherscan.io/tx/0x28496c2f905cd7a7335e2ab1d0fbc874ec1880c4d2ea559beab8a71b05d0bfde
2023-03-23 16:44:47,True,0.5046,0.0002746,99.9,0.0274,0xd6...35ea,https://etherscan.io/tx/0xdd20db18d3c5e05c5ddafa4c1ba05256b6d2dbe0bb1f8d43b987708b100ba23a
2023-03-23 16:39:35,True,0.5037,0.0002736,4195.95,1.148,0x91...d728,https://etherscan.io/tx/0x39014114f362dad72c7b9608ad491077b0d62f42d8baf0c3d7e3262cc3d13400
2023-03-23 16:38:35,True,0.5006,0.0002717,3317.03,0.9013,0x3f...c220,https://etherscan.io/tx/0x7dd6016b2a39f6f2bc3ed80cdd1ffa79b467e11a635e2662df7bfa2fa270a2a1
2023-03-23 16:38:11,True,0.4982,0.0002699,3733.96,1.00815,0x91...d728,https://etherscan.io/tx/0x1af1fe90d83dfb11b295d6458cd1c445a2fc03dc47a06b0f15d2a8c865e8943d
2023-03-23 16:27:35,True,0.4939,0.000269,39.6928,0.0106,0x99...ab6f,https://etherscan.io/tx/0x6d9ce99cf592e6891c78b44084ca3e69fc4ceb4a9cf5607e155ec2d6f5b3e063
2023-03-23 16:20:35,False,0.4949,0.0002688,5906.46,1.58818,0x8a...171f,https://etherscan.io/tx/0xd5f94a67fa841ae26240514d73c5e650f65ba60536536b0e654cec51a246c9c4
2023-03-23 16:09:23,True,0.4928,0.0002707,5078.06,1.37464,0xa8...33b5,https://etherscan.io/tx/0x8ffa26c68887f5dff5bbec84ee222dbca543bc20eb718bc4f40e226694bc03c0
2023-03-23 15:55:23,True,0.4776,0.0002694,176.841,0.0476,0x16...d6b9,https://etherscan.io/tx/0x9fec76a66f63ef36db79ca29273f935051c47630dbec60e93de3aa1b9faf6bbc
2023-03-23 15:37:11,True,0.4658,0.0002666,11197.7,2.98601,0x11...041f,https://etherscan.io/tx/0xc51214ea6e2ae23e48d9725a09b14ee958d7edec0a0bc24c887f9643207debe0
2023-03-23 15:37:11,False,0.4603,0.0002635,4863.38,1.28177,0x8a...579a,https://etherscan.io/tx/0x844baee5ab9d50558831d7384f97c0780c304d1cf0c5f332582ea40cdaa6de35
2023-03-23 15:37:11,False,0.467,0.0002674,11197.7,2.99425,0x11...cdfb,https://etherscan.io/tx/0x0a47bcc64d6f46dee745c3b112f1136a143c5c11022c27a7223916e8150c82b6
2023-03-23 15:22:59,True,0.4749,0.0002717,24.9306,0.0067,0x2e...c23e,https://etherscan.io/tx/0x02d66dfc501cacd5aca2fe441d4a9325b372221adf2af9db34a0fc4dfb548ed5
2023-03-23 15:15:59,True,0.4742,0.0002709,3133.97,0.8491,0x91...d728,https://etherscan.io/tx/0x3cd73a87a03fa5e825c45e923d1a0998d7834cbd366b785ba991930d7ba9b9d7
2023-03-23 15:05:59,True,0.4715,0.0002701,52.3129,0.0141,0x37...4c58,https://etherscan.io/tx/0x7ed53867f2e46e78ad36074d96eb0f48b03916cdd10033a61890986f393a4510
2023-03-23 14:54:11,True,0.4701,0.0002694,2892.04,0.7792,0x91...d728,https://etherscan.io/tx/0x4ebd00f75a665048136e0f09383941c38531c72d8a6e521c3cf3cf9067a043df
2023-03-23 14:53:35,True,0.4673,0.0002678,4243.74,1.13678,0x31...8903,https://etherscan.io/tx/0x3b364f0a96cdf66fd473bea4b0ba1325f418f48b7c1c92918f53404f845984a1
2023-03-23 14:53:23,False,0.4641,0.000266,4000.0,1.06421,0x65...ed08,https://etherscan.io/tx/0x0d4c98e790abb25c55cfeaa476f43c7a3a2586a3cff1a691d1f5574047632e0e
2023-03-23 14:52:47,True,0.4694,0.0002691,7093.49,1.90899,0xbf...6286,https://etherscan.io/tx/0xd1421bd95433df8e3017e25be4e8eb1304d09d0866c0424ea6116e6e6fc109d3
2023-03-23 14:52:47,False,0.4648,0.0002664,12000.0,3.19776,0x65...ed08,https://etherscan.io/tx/0x4c02e3e42c493a043a008dda544df3e4a88b75387a74acee9144a58176646b6c
2023-03-23 14:52:23,True,0.4683,0.0002686,10562.6,2.83741,0xc1...0e75,https://etherscan.io/tx/0x3b3f7ff29469a73e2457071e1faf4e55d0eaa1b3e28d6e2ab10ee5385c6664df
2023-03-23 14:52:11,False,0.4649,0.0002666,10000.0,2.6667,0x65...ed08,https://etherscan.io/tx/0x631b722ea1ab40e198556196d613e00786baf3a135f82f675f6c997c9f6f1ab5
2023-03-23 14:51:35,True,0.4706,0.0002699,3213.07,0.8672,0xad...bbbc,https://etherscan.io/tx/0x45c589155197e3fccbd84afb4a2e2f3761486a3101729740f93ebb743500b3ae
2023-03-23 14:51:23,False,0.4681,0.0002684,4000.0,1.07396,0x65...ed08,https://etherscan.io/tx/0x1f02b25b5bfd98bef608c08fc961c66bcd11e635f115f3503d57b58364160444
2023-03-23 14:49:47,True,0.4679,0.0002683,11170.2,2.99759,0x11...041f,https://etherscan.io/tx/0x332fb11693a05a0ebcd398e6273c6f9227bcb6caf033dcd3737b290d1dc09460
2023-03-23 14:49:47,False,0.4621,0.000265,4000.0,1.06009,0x65...ed08,https://etherscan.io/tx/0x7c878b60801c461b848a083616766e6bfdb20548ed15658d84c0b156c956e48e
2023-03-23 14:49:47,False,0.4684,0.0002686,11170.2,3.00125,0x11...cdfb,https://etherscan.io/tx/0xe9e9e38ab64c74b4c54b207719ad0bf1a530e4b16709284278d164b9c988005b
2023-03-23 14:49:23,False,0.4733,0.0002714,317.049,0.086,0x80...6b38,https://etherscan.io/tx/0x1910980cf6a8a77f2fad92896befa8e914cd126e15e3b0a9fa837b2b1626943d
2023-03-23 14:34:23,True,0.4768,0.0002724,2925.88,0.7972,0xfa...aa5e,https://etherscan.io/tx/0xf89ecae77675339f720a4046454fd36528d5f7cb798c74303fe062e9140df4a6
2023-03-23 14:29:59,False,0.473,0.0002708,2963.02,0.8025,0x2a...06a6,https://etherscan.io/tx/0xb9511ec99fa5b3fb47e59700e9721d52cd7d5d2b3f2b678711adab2b059c07cd
2023-03-23 14:22:11,False,0.4757,0.0002722,2842.04,0.7738,0x91...d728,https://etherscan.io/tx/0x8d01c3d430b73e5535f16f52d5013081e923109b254449616cb220c06c4f0d44
2023-03-23 14:16:11,False,0.4786,0.0002736,2725.03,0.7457,0x91...d728,https://etherscan.io/tx/0x1f0cb50572fca74e5281a6ad4a16bdf36a7cc25bb77920f22870e61fd6d409e0
2023-03-23 14:01:59,False,0.482,0.0002752,3730.04,1.02686,0x5e...822f,https://etherscan.io/tx/0x081f38cfc7a5f59d59bf522843135b1a50325a4dacd7e0cc1ac0da151673a1ea
2023-03-23 13:44:11,False,0.484,0.0002764,1010.54,0.2794,0x86...b20e,https://etherscan.io/tx/0xa6c050d88f1454ed13db8ecc2f078f42c2a5ae43b70794c4ee84e450e0222b84
2023-03-23 13:34:35,False,0.4853,0.0002768,507.613,0.1405,0x14...165c,https://etherscan.io/tx/0x687a5b7ef408ecbdf9d9360da365c5547aba852be865c909df7973ad3ae7beb1
2023-03-23 13:34:23,False,0.4856,0.000277,76.9372,0.0213,0xc2...47b9,https://etherscan.io/tx/0x810bc01c94ef159890ac8bcab8a528ccac958c31ffc7026b6f74d4fe11e7ba3e
2023-03-23 13:33:35,True,0.4884,0.0002786,101.076,0.0281,0x48...5ce1,https://etherscan.io/tx/0x4f8da22db1c6b89e7c7e74b18efa9f12f7eb6638d7e48df2b0d64b2a2be13a54
2023-03-23 13:03:47,False,0.4873,0.0002778,3180.98,0.8837,0x91...d728,https://etherscan.io/tx/0x605b27af4dee2bfc158a3bbbcfe43e3b0cdf6f2464d5f815f5bb80ecacc81543
2023-03-23 12:58:59,True,0.4916,0.0002802,188.514,0.0528,0x16...f596,https://etherscan.io/tx/0x61251e1b47d00b50e6f4779b13b9c7c3b2d26e155853b949d115159a11101786
2023-03-23 12:44:35,False,0.4868,0.0002785,72.7866,0.0202,0x68...c31f,https://etherscan.io/tx/0x49c2f30a267e85cbfdd91aa237aa854a26f43a3eab40775bb06ca976d80cf08a
2023-03-23 12:37:23,False,0.4884,0.0002792,2630.99,0.7346,0x91...d728,https://etherscan.io/tx/0x6c331b818dcf6f0d6cd40c757717e583a13086577ca878cd5b0127809a54e20d
2023-03-23 12:28:11,True,0.4917,0.0002815,88.3398,0.0248,0x45...ffe2,https://etherscan.io/tx/0x160c286c22b005cac0020b774bb2ddb2e24595c1b40b7bb65c95f4d6aa1f1671
2023-03-23 12:00:11,False,0.4902,0.00028,542.464,0.1519,0xfd...71a7,https://etherscan.io/tx/0x1476af0a36f5166f0614bd9c6f3fc76b395eef7f6bb5af1fd0d7baa421f80c4a
2023-03-23 11:58:59,False,0.4904,0.0002801,21.6985,0.006,0xfd...71a7,https://etherscan.io/tx/0x4345781a36c75cb5aef7a2fe9ebbadccc75e8a568d9217e702b15effb54cc877
2023-03-23 11:57:35,False,0.4918,0.0002808,2555.85,0.7177,0xfa...aa5e,https://etherscan.io/tx/0xa2896793a29966d9fcd0f25118b0a67ebddfa522101b07179eaf1c43a9eb0b80
2023-03-23 11:14:23,False,0.4944,0.0002815,169.0,0.0475,0xcb...3b0e,https://etherscan.io/tx/0xbe25d3c5fe1a219a11c99efb1b76a2a94aaa89c3c18136b12a392d0b15d96c62
2023-03-23 11:13:59,True,0.4964,0.0002826,2345.9,0.663,0xfa...aa5e,https://etherscan.io/tx/0xbf1b94fae2c8fa5dfc6dfbb048eeb7b3586672c646c91a0bdb3524ac171db5c8
2023-03-23 11:08:23,False,0.4931,0.000281,2501.88,0.703,0xfa...aa5e,https://etherscan.io/tx/0x7a59cb81898874f7fa70cb52c3ff4623950731f3824ae54cc01a50f47425c44b
2023-03-23 10:55:11,False,0.4954,0.0002825,4061.0,1.14743,0xcc...437d,https://etherscan.io/tx/0xb968bf5aa8a9c221bb94972edc41543bbc8d12851306cc9eda114a0e3b4bbd71
2023-03-23 10:51:59,False,0.4984,0.0002844,2415.33,0.6869,0xfa...aa5e,https://etherscan.io/tx/0x446fb3383457a85d31d5c7be8822055eaa4e7dd0a6b3902fe67b7d64dd7aa09a
2023-03-23 10:42:59,True,0.5022,0.0002867,5.90278,0.0016,0x40...7d58,https://etherscan.io/tx/0x5c3fd99514959f88c1ef4c360c74131938e1f2bd8f9158d7aea13f27ddb41f48
2023-03-23 10:41:11,False,0.4992,0.000285,50.0967,0.0142,0x91...dc25,https://etherscan.io/tx/0x278a32a34dbde942974495967bc41363059291943e62468f14a476304d214539
2023-03-23 10:34:47,False,0.5001,0.0002856,2171.11,0.6202,0xfa...aa5e,https://etherscan.io/tx/0x34f1b5e2b401098a62866cdeb77cbb849b856de831540cd7d2ee18b49bf0f955
2023-03-23 10:13:11,False,0.5021,0.0002868,2134.17,0.6121,0xfa...aa5e,https://etherscan.io/tx/0x3b76e7073d87c7f6cac555bfc6643c852456b61d06f6654666baf61116ee8b0d
2023-03-23 10:12:23,True,0.5061,0.0002891,104.879,0.0303,0x4a...866b,https://etherscan.io/tx/0x2000a72435b2ae693b7a562d3cba9b3845a1e16f304c87437f1c1f6b099f0236
2023-03-23 10:05:47,True,0.5059,0.000289,136.627,0.0394,0x7b...d587,https://etherscan.io/tx/0x83dd45a066b95cba65708dd417b75eea567a9c3eb9c3dcb54d3c8c8ba5cdeef8
2023-03-23 09:55:11,False,0.5042,0.0002877,1918.56,0.5521,0xfa...aa5e,https://etherscan.io/tx/0x52a9a4eb901b6e5764818f2d2148d24ba3a4f10d5e4a8b0c859ae31363c9d17f
2023-03-23 09:46:23,False,0.5052,0.0002884,655.41,0.189,0x49...6cf4,https://etherscan.io/tx/0x7f4a46b83bf02625cd339efc7a07b04a90ae6af2d1633f1160f1bd06a2937b5d
2023-03-23 09:43:11,True,0.5078,0.0002903,84.7371,0.0246,0x49...2360,https://etherscan.io/tx/0x746b4efbd4a2ce8c7589c35cdf143e1c5da0b5aff724d67f34de73c72a595d25
2023-03-23 09:38:35,True,0.5068,0.0002898,1767.22,0.5122,0xf2...2fa6,https://etherscan.io/tx/0x75786db46799d95ba3b0dca865bbe36c9f24aaab686c0a8fd1c982038b4e4b7a
2023-03-23 09:37:59,True,0.5044,0.0002884,3938.06,1.13596,0xc1...0e75,https://etherscan.io/tx/0x67eb47a3e88c7f7f49e3e29dced0e73967aba5fa1d41b8c572db90df635856a8
2023-03-23 09:36:11,True,0.4997,0.0002857,5965.09,1.70476,0x49...96b8,https://etherscan.io/tx/0xbf4b66371784f2d586339cae4e01c9e48f60f0e000753322e727fe3f9ebe6f57
2023-03-23 09:35:59,False,0.4961,0.0002837,5038.6,1.42945,0xc7...fee8,https://etherscan.io/tx/0x13bdce8dc13e5c6c630b0253f3df306bff709cec9e6fe22de3537c1cd6b5b5b9
2023-03-23 09:28:11,True,0.5009,0.0002861,2182.37,0.6245,0xfa...aa5e,https://etherscan.io/tx/0x970e3f15b831dd6c5ac34345e453945be9e7d6e453ad9837047e5eebed9b421f
2023-03-23 09:22:59,True,0.4991,0.0002849,2482.0,0.7071,0x91...d728,https://etherscan.io/tx/0x76019b4b6fe95843a3288819f9ae1d092209f81d367bdcab8e708e2625a6baaa
2023-03-23 08:07:59,True,0.4964,0.0002836,2465.67,0.6992,0xfa...aa5e,https://etherscan.io/tx/0xa60862005d75a156e026bfa5c5db3cc8577b4de96a17e2518879ccf263e215cd
2023-03-23 07:58:23,False,0.4922,0.0002812,50.0,0.014,0x62...7840,https://etherscan.io/tx/0x6192d7ed634f9432abf80f19633f867a9a6a0b18749d2329fc06a9f464e52221
2023-03-23 07:33:35,True,0.4956,0.0002828,359.01,0.1015,0x5c...4335,https://etherscan.io/tx/0xf78f04ba78cfcec013ddb069ae7b11458f7f824c4304974c49c983ef0bd81330
2023-03-23 07:25:35,True,0.4944,0.0002821,2375.97,0.6704,0x3f...c220,https://etherscan.io/tx/0x0fb9668ceb2072ed939b8b37e240d2b59aeda1cda09772c3dda7d4547f78c066
2023-03-23 07:11:59,False,0.4902,0.00028,511.18,0.1431,0x23...9898,https://etherscan.io/tx/0xdec6848f7bd3c11f202cabacc212176b75ec54529cbf656e9ad9c824a99de0bd
2023-03-23 06:45:59,True,0.4911,0.0002812,2140.0,0.6019,0xfa...aa5e,https://etherscan.io/tx/0xc3f92420e11672373bb9b6a93406f1f3100aadb1e6bd77cf97454f9831ca9657
2023-03-23 06:44:35,False,0.4876,0.0002792,1000.42,0.2794,0x49...3879,https://etherscan.io/tx/0x605ce092d045aa4249a8901eda8fabb09df7cc4ab63a8603d0d5ae515b8f1c99
2023-03-23 06:44:11,False,0.488,0.0002796,300.0,0.0838,0x94...7ed7,https://etherscan.io/tx/0xc1680dfe90f24b2f641730eeafe2b17c5c8751bf81c07d47461d0079a597b1de
2023-03-23 06:39:23,True,0.4897,0.0002808,2196.29,0.6167,0xfa...aa5e,https://etherscan.io/tx/0x29727e51f29b1f91388f9f50d28349f6789a2073bc0f6f8df38af8e31c55f952
2023-03-23 06:38:35,False,0.4864,0.0002788,1060.0,0.2955,0xee...db8a,https://etherscan.io/tx/0xfaea49f1eed8fd9b5df8f97fd7e8ec6ce4dc6010de5bdecbe1a00b673b286605
2023-03-23 06:38:35,True,0.4887,0.0002801,2483.02,0.6956,0x5e...822f,https://etherscan.io/tx/0xac32e636aef7de32b6c7b8d57f55cd734f4f2f41987d84039de3edabb9f38537
2023-03-23 06:37:59,True,0.4866,0.0002789,2230.99,0.6222,0x91...d728,https://etherscan.io/tx/0xbdec380fe239cdb125720d0d607828cb8c5cc418bcd06ade5a15653f4ea19a96
2023-03-23 06:34:23,True,0.484,0.0002778,2161.21,0.6003,0xfa...aa5e,https://etherscan.io/tx/0x2866a2a1d36face7870d3830d573793fb83cd19142047e8a7d3fd2ebc56c3a9e
2023-03-23 06:13:47,True,0.4805,0.0002772,150.184,0.0416,0x67...dda4,https://etherscan.io/tx/0x81b191f13f287598e0c7de779d895354babd04e7ac86b3610572592c3d530d48
2023-03-23 06:11:59,True,0.4805,0.0002771,99.3827,0.0275,0xf5...86a0,https://etherscan.io/tx/0x3da02e5267644891d6d312e7601ff103acabcad668ae4a26126c574bc7a96209
2023-03-23 05:44:35,True,0.481,0.000277,205.032,0.0568,0x74...48e2,https://etherscan.io/tx/0x005a83ed3623cf5e473d9d69a7c283684234b7cb93609a3bfe6955275cf74325
2023-03-23 05:31:23,True,0.4813,0.000277,78.0339,0.0216,0x8c...8833,https://etherscan.io/tx/0x9f5084b631e549065aac9c4288d3dd3047bca8eceb5bae96324d3556420a26bd
2023-03-23 05:25:59,False,0.4786,0.0002754,640.776,0.1765,0x1b...ea67,https://etherscan.io/tx/0xcca377e4b418617ba80d7a8cf80937a8cd641f10f041cbbac9b8c2e950efc46f
2023-03-23 04:59:59,True,0.4816,0.0002772,172.011,0.0476,0xcd...74e8,https://etherscan.io/tx/0x9e4ba145974fc1851a21c6d39efd2841ff8f40ba87562c1e925a86ca7fe6abc3
2023-03-23 04:51:47,False,0.48,0.0002761,2318.5,0.6402,0xfa...aa5e,https://etherscan.io/tx/0x37573ca4488b5294b5ff8553a301994d6ac9f09833413cd637a86f4a740ce15d
2023-03-23 04:37:23,True,0.4839,0.0002783,40.8603,0.0113,0xc9...3d8e,https://etherscan.io/tx/0x761af76162ea47891f5d97e0ff3bafe1c5a3cfd5524f296019efc2dfcbe53b17
2023-03-23 04:33:11,True,0.4825,0.0002777,2442.64,0.6784,0xfa...aa5e,https://etherscan.io/tx/0x2e493bb256bc5a96ac4c66e7ef61febd9f7dc0bdcdb0492d246a9c6dd9127918
2023-03-23 04:03:35,False,0.4799,0.000276,2300.27,0.6349,0xfa...aa5e,https://etherscan.io/tx/0x5f3e42d405b30c54ac0f37c7ced2be9b3960ab2168a33ef70c40fe0baa5fad45
2023-03-23 03:56:23,False,0.4806,0.0002766,30.0,0.0083,0x54...d8e0,https://etherscan.io/tx/0x1025c8b8a71888f4d07c90fc7488a1c3cc84c4dbc13f147856ef317ade667545
2023-03-23 03:51:47,True,0.4835,0.0002782,170.89,0.0475,0x08...b1d9,https://etherscan.io/tx/0x9d47773de0af43a125c333effa02494cf4d9be2cb3d41023ec7ed13d9bea4b03
2023-03-23 03:49:35,True,0.4833,0.0002782,69.3106,0.0192,0xd5...2083,https://etherscan.io/tx/0x07bbe6e40c09407aa228d9e6bbfa2d5a3cc9cffd2c50308f61baf45d85f633fd
2023-03-23 03:47:23,True,0.4831,0.0002781,352.389,0.098,0x88...3fc2,https://etherscan.io/tx/0x3fb33f45c06c374c8dfb8b73092e0a0669543cbfccf92667d957edef45e8450d
2023-03-23 03:46:11,False,0.4802,0.0002764,300.0,0.0829,0x2e...f345,https://etherscan.io/tx/0xf5d6925e782e16982f1a5230b367c426b63aee6d3adaa8774f7473bc8b4a89a7
2023-03-23 03:30:59,True,0.4825,0.0002781,219.199,0.0609,0x68...a1ca,https://etherscan.io/tx/0x565a977f00aae4ed32e3fcd2555430fc4493419aef70e9f3e3560cbc94ce0e76
2023-03-23 03:26:11,True,0.4813,0.0002774,2457.99,0.6819,0x5e...822f,https://etherscan.io/tx/0x5fbadce33e140b6615dcb42b83dff838db1dcf8d9884984f017b07546475150a
2023-03-23 03:10:23,True,0.4781,0.0002761,2684.46,0.7412,0xfa...aa5e,https://etherscan.io/tx/0x54d18fe6a265af8253a95697bd564746d18ef0c677d5f8f641937a3fcb72ac8c
2023-03-23 03:09:59,True,0.4769,0.0002753,186.589,0.0513,0x43...e037,https://etherscan.io/tx/0xe174727d67c6e66f7fcb7302e961823aa28ff355ded88f48dce6aff821dc9147
2023-03-23 03:08:35,True,0.4765,0.0002753,64.4583,0.0177,0x47...3130,https://etherscan.io/tx/0x2855ce26dc0351e500deeb09b77583781eddf491c6af9e83f57fe98651b15f8a
2023-03-23 03:07:11,True,0.4765,0.0002752,181.519,0.0499,0x85...71d1,https://etherscan.io/tx/0xa03cf88dcfb9d4326ea46042443bbee8614fafe16e6cfd98ea2bffe9841631a7
2023-03-23 02:59:11,False,0.4746,0.0002741,2442.0,0.6695,0x2a...06a6,https://etherscan.io/tx/0xf8e23baaf18d1bc4f5951dd669413509dd04d016aa8679448b3ff42d026ddb8f
2023-03-23 02:49:59,False,0.4774,0.0002754,2719.01,0.749,0x2a...06a6,https://etherscan.io/tx/0x661a62615182e81239fa4246aeccf0f9b3b17b25fe8ebcea27f3d9f83fa01e9e
2023-03-23 02:44:23,False,0.4799,0.0002767,2341.97,0.6481,0x91...d728,https://etherscan.io/tx/0xa6cc8eb7387e98889fc1fbdac3ef92e88e9739dd4ef6612de9d2c98372f69129
2023-03-23 02:27:11,True,0.4836,0.000279,100.0,0.0279,0xa5...4150,https://etherscan.io/tx/0xae0cd985bbf1737ef9e44b657d5dc07bbaa25b28d277afbdb9908d0519b19b57
2023-03-23 02:24:11,False,0.4811,0.0002774,358.0,0.0993,0x2c...ed0c,https://etherscan.io/tx/0x6c57589f60033d951491c0c85281437b7df4e05631d71c5bd68f3714825400f6
2023-03-23 02:23:11,False,0.4813,0.0002775,158.8,0.044,0x6e...1688,https://etherscan.io/tx/0xaeb0062551055d720d0528d2cf9d4ac66d87bcf685c719d477e6bc445b912e7e
2023-03-23 02:22:59,True,0.4842,0.0002792,100.0,0.0279,0xa5...4150,https://etherscan.io/tx/0xe825cdb462a967859cdd2856376af821da6b136ce67dc6242eaa3b552826890a
2023-03-23 02:19:59,False,0.4812,0.0002776,364.074,0.101,0x2e...f345,https://etherscan.io/tx/0x000f49e0e3c2a6c8e4cb60a9065d0f64670c210870fa07b56a644c1f7a7565de
2023-03-23 02:17:23,False,0.4818,0.0002782,1957.98,0.5447,0xfa...aa5e,https://etherscan.io/tx/0x14202145c01a0b1ba3b4e8e17bbef9996ce6dacc0369deae7922db2075701194
2023-03-23 02:15:59,False,0.4843,0.0002793,2445.95,0.6832,0xfa...aa5e,https://etherscan.io/tx/0x7cf462685675ffb57e081f8c19c17b359f79f540a59117f301584be669a77659
2023-03-23 02:15:23,True,0.4882,0.0002815,257.796,0.0725,0x2e...f345,https://etherscan.io/tx/0x62d73e4d311f90cf58b8be5e12281568844a5648cfed9739b147158e721cf1c2
2023-03-23 02:15:11,True,0.4881,0.0002814,171.304,0.0482,0x2e...f345,https://etherscan.io/tx/0x568124e4fa5d8b33b2a7ca585c1f705b2d64e78b858df9b69e7316fe86fd3103
2023-03-23 02:08:23,False,0.4867,0.0002803,2453.52,0.6879,0xfa...aa5e,https://etherscan.io/tx/0xb8251587cf7ad5eebc3a9aba0ae7b192c6265bef76bc6ac7231d0618de886c52
2023-03-23 02:07:47,True,0.4908,0.0002827,17.5312,0.0049,0xb2...41ce,https://etherscan.io/tx/0x7d4b058b6ff804a268f26a28f26103f7baee03ca0744a9640f3a1a0770c1c9f1
2023-03-23 01:56:47,False,0.4894,0.0002816,2520.64,0.7099,0xfa...aa5e,https://etherscan.io/tx/0x6e28e243a06f4a1a7324ecc745ce4de68cdd8021fb40f8fefff2d9016c995ea4
2023-03-23 01:45:59,False,0.4931,0.0002832,3391.42,0.9605,0xc6...f366,https://etherscan.io/tx/0x7481ae23d06fea9b3b1779ff66936d790ec409953cea4bf91deafdf25c08ef0f
2023-03-23 01:40:35,False,0.4962,0.0002847,2383.57,0.6787,0xfa...aa5e,https://etherscan.io/tx/0xb1d0f8e810db67263a81e915903c19affa698a15363588244705d923320f41a6
2023-03-23 01:22:23,True,0.4986,0.0002864,2487.0,0.7123,0x91...d728,https://etherscan.io/tx/0xbea12d95906377dc34075da969e86d6bd963b6e59febb7e0c5bf5a408f29d3e4
2023-03-23 01:21:47,True,0.4952,0.0002844,5994.78,1.70503,0xcc...437d,https://etherscan.io/tx/0x47d4b140f706da956e6edcd973cd001573d9b8c97bde9d036f071f18111e6177
2023-03-23 01:21:35,False,0.4938,0.0002835,10155.2,2.87973,0xc2...c228,https://etherscan.io/tx/0xf767e9306ee39a6167219b72895864b79e9d5e45353f986d2c64c0f2abb1c327
2023-03-23 01:20:23,True,0.4997,0.0002872,2787.06,0.8005,0xfa...aa5e,https://etherscan.io/tx/0x7fde237dc2c03e9463c7a7d69c0abef091a2cc23c0636ec4ec11c958b3611c47
2023-03-23 01:11:11,True,0.4937,0.0002851,5189.94,1.47965,0x91...d728,https://etherscan.io/tx/0xc638c261f8fe2849cd361cb7fec886058e6bc577d8dfe5988b4a665bc3d4bc42
2023-03-23 01:04:47,True,0.4897,0.0002824,4802.95,1.35664,0x2a...06a6,https://etherscan.io/tx/0xbc02557b6a637b9647c458db2a28b1bbadb72a1d42e6d4a77f093a9305cc865e
2023-03-23 00:53:35,True,0.4863,0.0002805,2569.11,0.7207,0xfa...aa5e,https://etherscan.io/tx/0x6c11156c999809fa02cb4a91b5beb90f8d52da6c69465bdb98425474537869b0
2023-03-23 00:50:35,False,0.4865,0.0002806,10359.3,2.90733,0x31...8903,https://etherscan.io/tx/0x450da2fac794130fb9793c2a180cc5a31b224e9803f71e1a143141153e56fce5
2023-03-23 00:39:11,False,0.4929,0.0002843,2848.6,0.8099,0xfa...aa5e,https://etherscan.io/tx/0x939f18fac0ed3b3a7a12b53d4bc6f8cbec8d67c07d40675af62a457eced32158
2023-03-23 00:36:11,True,0.4968,0.0002867,116.921,0.0335,0x95...51f2,https://etherscan.io/tx/0x8572850485ac2b68ed6c8b12683b84adab961dce082b6c007ee8749fda30c71f
2023-03-23 00:24:47,True,0.4962,0.0002867,64.677,0.0185,0x95...51f2,https://etherscan.io/tx/0xa5ce8166edf878d03a0db2fbd30cce6712dad49e76daf988b0284d8d46b0e751
2023-03-23 00:14:35,False,0.4933,0.000285,125.0,0.0356,0xc3...a2e7,https://etherscan.io/tx/0x7ef8e8bf4fb3d9db89746190d1b96882e37b08856fdf5b74f0c81e43ebe8788c
2023-03-23 00:08:59,True,0.4957,0.0002867,207.431,0.0594,0xf2...cfcc,https://etherscan.io/tx/0x105aa7dff1fb80756c5e2d73b60b1b751868a4d5cfae72597bb3eeef03a8e4a9
2023-03-23 00:00:11,True,0.4948,0.0002866,49.9183,0.0143,0x56...05e1,https://etherscan.io/tx/0x8ba1c12d3387884c6959f2ecc9a8c9b376512e4f3afcf2b20cac721cb9ad6b04
2023-03-22 23:48:47,False,0.4909,0.0002853,1749.0,0.4991,0x94...19b2,https://etherscan.io/tx/0xab808762602afcbc2d8cf74def77de887ca6da529b2f4084cb995cc5ade8bb3b
2023-03-22 23:39:47,False,0.4922,0.0002864,2081.95,0.5962,0xa9...241c,https://etherscan.io/tx/0x948636bf81dd7121834d9f09948aa07f304b020c373ed27d545d06bd3e5bbffc
2023-03-22 23:33:59,True,0.4953,0.0002877,3548.14,1.02094,0xfa...aa5e,https://etherscan.io/tx/0x3f3eaf5d42075b713288f47acedc741173f3faad6e45e568c9214ed2a588cf69
2023-03-22 23:33:47,True,0.4935,0.0002867,276.586,0.0793,0xa1...cd2f,https://etherscan.io/tx/0xe6f3e462af6d7dea019cb40a10c31b7563a5d7eb8c1280a5544ae8e65a457c34
2023-03-22 23:08:59,False,0.4924,0.0002856,2850.0,0.8141,0x6f...5cad,https://etherscan.io/tx/0xd9615328256fe4ace9532a4966fefd70c5f5d7e847fffdc129bd7a8db942872d
2023-03-22 23:02:23,False,0.4925,0.0002865,226.518,0.0649,0xc6...fed0,https://etherscan.io/tx/0x64d47b655de53f4c57e2cd8ddfe981e7be92838be46a15d5349c6250a1510df4
2023-03-22 22:37:11,True,0.4975,0.0002877,2000.02,0.5755,0xd9...c03d,https://etherscan.io/tx/0xe6b4fb35b52d698e4fd538b9e5f6351b3938c743dd5f6bb891e4826ceca0e36d
2023-03-22 22:30:35,True,0.4966,0.000287,690.71,0.1982,0x22...a0dd,https://etherscan.io/tx/0x8fb65e4ee14e092d8620a11ed60541792c64f8dbc2a610a896a2a49b02628bf9
2023-03-22 22:20:47,False,0.4955,0.0002858,2697.45,0.771,0xfa...aa5e,https://etherscan.io/tx/0x4c979edaf68154a9703881919482bd0a2057b3b8f85793501979adf64951091d
2023-03-22 22:12:11,False,0.4993,0.0002875,3703.94,1.0651,0xfa...aa5e,https://etherscan.io/tx/0x824e91542f6f25230388348759681c74bc0d4564f3c8b544fa54e10db65980ee
2023-03-22 22:11:59,True,0.5072,0.0002921,5135.07,1.5,0x43...3708,https://etherscan.io/tx/0x514326b3c0f8e3ab1dce9f676a204d162ba577918b504824e6dda084c87a1a6f
2023-03-22 21:58:35,True,0.4961,0.0002866,3207.92,0.9195,0xfa...aa5e,https://etherscan.io/tx/0x86d345395dd8edfd69047d61061483a19c0b6d3307be1e5780e55d32c58daf9d
2023-03-22 21:56:11,False,0.493,0.0002845,1678.66,0.4776,0x46...804e,https://etherscan.io/tx/0x23e4c5592f20e4d2ecf9bfe641d86b85e9e83bc56347c6549184136f3a0bcf9a
2023-03-22 21:54:47,False,0.4951,0.0002858,3464.35,0.9903,0xfa...aa5e,https://etherscan.io/tx/0x51aae73b57097feecd09c92045702fe94b8eff86ff3a375465e222628d032b1c
2023-03-22 21:52:11,True,0.4966,0.0002868,6099.87,1.75,0x43...3708,https://etherscan.io/tx/0x9cf3a4bd49bef3bb8a5fbb93ef8fef638dfa1a1e3faa874aafbb2f0d67d3d122
2023-03-22 21:38:35,True,0.4915,0.000285,718.338,0.2047,0x4d...3ed4,https://etherscan.io/tx/0x80df4ab57d9eb786aee69548014735b7212c09463f1e55b66ae78377fd960d00
2023-03-22 21:37:11,True,0.4904,0.0002848,209.92,0.0597,0x98...93a8,https://etherscan.io/tx/0xf902c6326d3c9b383f1dbf1e202f11aa63afcf7afa41050d63690a87ea35b747
2023-03-22 21:34:59,True,0.4905,0.0002847,139.255,0.0396,0xc8...5124,https://etherscan.io/tx/0x48472d34a42998db5e48cae3af4c706ac5776dd3510fe669bdc4829ca810a628
2023-03-22 21:32:47,False,0.4883,0.000284,3972.06,1.12821,0x28...f12c,https://etherscan.io/tx/0x9a959883934f5bbc39d976a6dea64e39a574ff7265c31485b691630b99065fd6
2023-03-22 21:32:47,True,0.4887,0.0002843,10141.3,2.88326,0xcc...437d,https://etherscan.io/tx/0xeb11f0bb2ac115a552b29f3d0e23558e71f0b1c4790b32a89410e199a8ff2f61
2023-03-22 21:31:47,True,0.4828,0.0002806,3185.36,0.8938,0xfa...aa5e,https://etherscan.io/tx/0x6a93c59a86554f51f4e383a974b7a1b56d25e2cb192e3ba7538ae7615a17da0f
2023-03-22 21:29:59,True,0.48,0.0002789,3431.02,0.9569,0x91...d728,https://etherscan.io/tx/0x1422d90ef00fb9fe09b26db7db8e96ceba01996ee342299f6d76978904d8ae96
2023-03-22 21:28:59,True,0.4783,0.0002779,400.836,0.1114,0x87...f6b2,https://etherscan.io/tx/0x57e34be76d579bdd62fb36610e325cdac2298c776e96e44dfe2dd24f452d2d2c
2023-03-22 21:27:11,True,0.4765,0.0002769,3531.93,0.978,0xfa...aa5e,https://etherscan.io/tx/0x02af3a7480378cb5ccdd1ba3fcd710cf490678bcc3054ba5b936d5ca8d405e76
2023-03-22 21:21:47,False,0.4727,0.0002746,977.651,0.2684,0xcf...116f,https://etherscan.io/tx/0xc753a984cbb6b0b4da0d121c329d2fbcd9403984e4d06eb605472e715bd53670
2023-03-22 21:18:47,True,0.4758,0.0002754,4289.02,1.1813,0x91...d728,https://etherscan.io/tx/0x15100f53780c5c7aae6acb300b53cffca441028c434331d19ad2e44d9beb40f2
2023-03-22 21:11:11,False,0.4691,0.0002728,398.8,0.1087,0x94...19b2,https://etherscan.io/tx/0x865dc55f27f35a806b11c1aa8a4a9e2927abb223e3d97b81af7d007951394e51
2023-03-22 21:09:23,True,0.4705,0.0002733,4731.91,1.29351,0xfa...aa5e,https://etherscan.io/tx/0x989c7d26aa1f6ff3cc05f0a66383157a3fea8a3d127d373f9e292c9b0425fe17
2023-03-22 20:52:11,False,0.4655,0.0002716,4503.0,1.2233,0x2a...06a6,https://etherscan.io/tx/0xd5a9e3a7704966b20109ac3b4953de5d1e12cfad94141c7dfd9ff027a39277b6
2023-03-22 20:47:23,False,0.4709,0.0002732,2032.64,0.5554,0xd8...bc8f,https://etherscan.io/tx/0x79a16ca07794910366b3f63c4a4d89c27ebe79965269f3eb32e9bea98dbb27e1
2023-03-22 20:46:47,False,0.4737,0.0002747,3703.99,1.01758,0x5e...822f,https://etherscan.io/tx/0xc16ff7f49f41759641573d9adf69bab22d0d314072a269fb02bed951bbb2afd0
2023-03-22 20:41:11,False,0.4789,0.000276,1608.55,0.444,0x71...d98e,https://etherscan.io/tx/0x0ccc06a75468ce0b5c048110592640521c6a05c9878bbb355cf20be8c08a8204
2023-03-22 20:38:47,False,0.4812,0.0002773,4189.45,1.16197,0xc1...0e75,https://etherscan.io/tx/0x9fa34feab858bd0ddb45248eea0d1bb39d819ef9ea5ef3aa99c60c9edff73347
2023-03-22 20:36:11,False,0.4876,0.0002795,3660.04,1.02319,0x5e...822f,https://etherscan.io/tx/0x22505e55a60c7d060dedc8a81de692ca54ffd4b9f0bbea8c5308e7c293871f94
2023-03-22 20:32:23,False,0.4912,0.0002813,3279.26,0.9226,0xfa...aa5e,https://etherscan.io/tx/0x08aa483a9c63ecb111f5d3b37837664ae0c4ffdfcb0d8b9b4199fb0693536ecb
2023-03-22 20:26:23,True,0.4957,0.0002838,120.248,0.0341,0x1f...90e3,https://etherscan.io/tx/0x99f93e9228bda281f2eb89363aa88af9eab8aae80a624297212be0718768f947
2023-03-22 20:23:35,True,0.4961,0.0002829,3500.44,0.9903,0x96...a746,https://etherscan.io/tx/0xa1197496e8a3c6d5ccf97fa074faba7f66d3eedd85f20fe91a24faacc26610ce
2023-03-22 20:09:11,False,0.4894,0.0002813,4097.06,1.15286,0x3f...c220,https://etherscan.io/tx/0x12beb9f0b200bd36c3642afa0ead6f48b45e6c5536c6c5376fa603470f8113cb
2023-03-22 19:56:59,False,0.5024,0.0002831,2721.0,0.7705,0xf8...b13b,https://etherscan.io/tx/0xa6b4a3c630b588776cbce0a5d8e456a9213d88960caea552116ed0753a2534ca
2023-03-22 19:56:47,False,0.506,0.0002849,3799.96,1.0826,0x91...d728,https://etherscan.io/tx/0xf38b7cab35b63955a8c0e1f189b37ebe513e4c7c079a30ca4d241d2ded80bb52
2023-03-22 19:53:11,False,0.5127,0.0002868,3313.42,0.9502,0xfa...aa5e,https://etherscan.io/tx/0x75891b102f22fc492367d9ba413e2df2f6853eb593e9de113f567968b14b9411
2023-03-22 19:46:35,True,0.5141,0.0002881,4832.95,1.39241,0x09...9760,https://etherscan.io/tx/0x511cc0945f07089ca434b31a51cd6fea3ba15a07a4f95eb30d4a3730f612e015
2023-03-22 19:45:59,True,0.509,0.0002859,3893.07,1.11322,0x31...8903,https://etherscan.io/tx/0xed5269d66f0b4ee3b061d043e20f98daf64c44be23974b82ab3c57a6ea355622
2023-03-22 19:44:35,True,0.5059,0.0002846,245.904,0.07,0xe3...d84f,https://etherscan.io/tx/0xb1f8f8283f6f07617b93fd64b2e6af70b184b075fc0a807e87d9a1cd6a643a82
2023-03-22 19:42:23,True,0.5035,0.0002835,3968.99,1.1254,0x09...9760,https://etherscan.io/tx/0xd7e6f63fd7def500105968bc833da41d5bf54b940e9f9f553202f596eda3b3a0
2023-03-22 19:41:59,True,0.5006,0.0002823,490.837,0.1386,0xfa...bf18,https://etherscan.io/tx/0x0ee372e5ddff56b17b239b10bc7ed66b0f87f096f3772ae400b33e9236e944d6
2023-03-22 19:38:35,True,0.498,0.0002821,384.365,0.1084,0x1e...6efe,https://etherscan.io/tx/0xa1be620744beadb86ad737589c41ee8ed504b6ba3ebc49e11ad889aac4ce446f
2023-03-22 19:36:59,False,0.4944,0.0002817,6114.96,1.72312,0xe6...4540,https://etherscan.io/tx/0x83fa7403d6a18dfd9fd9b95f6d05950b29c63c3bfc0b326689902a78c98189b1
2023-03-22 19:35:59,False,0.5001,0.0002843,2811.0,0.7991,0xf8...b13b,https://etherscan.io/tx/0x5dc97f7dc02a4cb8320324044b72650c74a4c69f5556f0366ce6ab0aed3e9513
2023-03-22 19:32:11,False,0.5105,0.0002851,530.507,0.1512,0xf8...1afb,https://etherscan.io/tx/0x679f354b041d53b152562348db49a9deda2d7e25cb3fd42e01cf10ebc396e5fc
2023-03-22 19:22:59,False,0.5106,0.0002857,1497.94,0.428,0x3c...3756,https://etherscan.io/tx/0x4ae8324c73062a5828e57d7dc2e5dea0cf35d3ca95e03f0ef6c0fa0a4802102f
2023-03-22 19:20:47,True,0.5145,0.0002878,66.0108,0.019,0x86...4a32,https://etherscan.io/tx/0x52da82009fc701785b1d18488ca6173596c4815ece569f29b0a19ccf897e4aad
2023-03-22 19:13:59,True,0.5106,0.0002865,4625.06,1.3254,0x3f...c220,https://etherscan.io/tx/0x1359a7d906707f3bd312b322b262016e57e08e327258024a8d1607f8bd4f0b72
2023-03-22 19:13:47,True,0.5059,0.0002839,5342.43,1.5168,0x11...7f80,https://etherscan.io/tx/0x01cb03a940f16b9ce0753159f70c6e01cf379ef9f513ef59c3d8fd17d589d89c
2023-03-22 19:13:47,False,0.5037,0.0002826,7000.0,1.97857,0x1a...5fdd,https://etherscan.io/tx/0x7af068d8a87097445f98ab7d3c3339810e22578627e5ac2789636ea40e660fc4
2023-03-22 19:13:47,False,0.5095,0.0002859,5342.43,1.5275,0x11...14b1,https://etherscan.io/tx/0x04fb665b70b58e5506b86e4919ddea6510b334bea7e50b925d683adc814fa70a
2023-03-22 19:06:59,True,0.5209,0.0002888,952.434,0.275,0x20...2ae7,https://etherscan.io/tx/0x449e102f9f1d2a22cb97def8760799ddc9c55bff27a66d500e9881d89fd335c8
2023-03-22 19:06:23,True,0.5199,0.0002875,3868.04,1.11213,0xfa...aa5e,https://etherscan.io/tx/0x1697f4492150019561fa4358baedf3df2a66c9188bd4f398f084ee4c229b7c13
2023-03-22 19:01:59,False,0.5071,0.0002853,2109.0,0.6017,0xf8...b13b,https://etherscan.io/tx/0x01a76d719f7f76d55307b888cd173f6bb2b38ca8f15a7ab40aa41006c02a99ca
2023-03-22 19:01:23,True,0.5151,0.0002865,4010.99,1.14927,0x3f...c220,https://etherscan.io/tx/0xd55eff4b9e5740c1a09a90f341aa00464fb282cc1bd9b648b6e292be09f96544
2023-03-22 19:00:59,True,0.5111,0.000284,5841.45,1.65914,0x31...8903,https://etherscan.io/tx/0xc6666f178ef897e0717f22b75267d218fb0bac2ce8bb7b2ad9ed7674f710d2d5
2023-03-22 18:53:47,True,0.5037,0.0002823,97.3696,0.0274,0x86...4a32,https://etherscan.io/tx/0x7f71df0ee215041df432bb28e3650502e1682ea987903d68ff242d4d4c4da4c8
2023-03-22 18:52:11,True,0.5009,0.0002813,3823.08,1.07551,0xcd...67f0,https://etherscan.io/tx/0x9930b91ae02caed17fd3d448e216cb1c2a8222f5de3e253611acd0d9638c1f76
2023-03-22 18:51:47,True,0.4977,0.0002795,3175.8,0.8876,0xfa...aa5e,https://etherscan.io/tx/0xb4996004e3b4dda1cdc39822c1417ab82571052b0e3c38f6c888ebb76a26a936
2023-03-22 18:20:59,True,0.4968,0.0002786,14.2277,0.0039,0x44...807b,https://etherscan.io/tx/0x9769bbc84a50226a8613665b4761bb4bf48c98e10b4c81e7c2218fb29c55250e
2023-03-22 18:20:47,True,0.4969,0.0002786,31.126,0.0086,0x7e...a282,https://etherscan.io/tx/0x2bac86a0900c600175feda52ecf8bf50b8e243e098598fc8ad2bd6fb5126e526
2023-03-22 18:10:23,True,0.5011,0.0002786,177.888,0.0495,0xfe...58f6,https://etherscan.io/tx/0x7e1cad31d09a8537485cd5ee83b81eaf41e3292824fe4d246d2d7bf874d3f8b1
2023-03-22 18:01:11,False,0.5006,0.0002777,3427.95,0.9522,0x91...d728,https://etherscan.io/tx/0x04ad216ca178f03d399fab4d83ca424301814903783fd7b76b59b85bdf06c7fe
2023-03-22 18:00:11,False,0.5024,0.0002788,590.882,0.1647,0xd4...8e03,https://etherscan.io/tx/0x538ed30badbfce20cb10b4643a6fb6e18e74d30798050ad81a673daf67f96630
2023-03-22 17:59:23,False,0.5028,0.0002789,9.84803,0.0027,0xf6...8a58,https://etherscan.io/tx/0xe5ef2fc966d690f58a474bfb23655e564acf232b81e794cdea3428e312b95445
2023-03-22 17:59:23,True,0.5058,0.0002806,3.90614,0.0011,0x63...222f,https://etherscan.io/tx/0xae97906b284ae03dcb9714d31a6cbc5afd501b328443975ef1a40fbbb1570cae
2023-03-22 17:45:59,False,0.5035,0.000279,153.087,0.0427,0xc2...97bc,https://etherscan.io/tx/0x7680db0d0a5db5ea177a68044cdef4f459ed8fd8ff9729e3eee9cfc1aebbd154
2023-03-22 17:39:11,True,0.5056,0.0002805,706.672,0.1982,0x4c...d4bf,https://etherscan.io/tx/0x083dd3eb59280274106f5ccd3a0a6f79103a4d8184fb385c48e89fc7e0550955
2023-03-22 17:38:47,True,0.5057,0.0002803,48.8445,0.0136,0x37...4c58,https://etherscan.io/tx/0x861edf41a4ab71f9c7f9effae81d06855eea815087729483dc92cad0daf786d2
2023-03-22 17:22:59,False,0.5033,0.0002794,3109.81,0.869,0xfa...aa5e,https://etherscan.io/tx/0x4fa2c842c9f41ad53076fa684c3ef9a8f7338ad4fba388bd479ff9f9c11d80a3
2023-03-22 17:20:35,False,0.5069,0.0002811,3353.23,0.9427,0xfa...aa5e,https://etherscan.io/tx/0x84b5053f2588da3da20096214d0822006511740a13e1d1924cd2ced0f23a501f
2023-03-22 17:06:47,True,0.5115,0.0002829,3065.12,0.8671,0xfa...aa5e,https://etherscan.io/tx/0x91513ac3fc41022fce7e1b9358755fd2638ab07c371e0807ded83c502e0c2833
2023-03-22 17:02:23,False,0.5062,0.0002804,297.0,0.0833,0x0a...3285,https://etherscan.io/tx/0xd26a307bd78085b8ac8ea6f1c8b335fa8c7857859409bcf876d3d77d2f708d6d
2023-03-22 16:46:23,False,0.5092,0.0002816,4000.0,1.1264,0xf8...b13b,https://etherscan.io/tx/0x6abbcc2e586a6fc703412e2d56f7bb1b738db55f7e2d166ba6bfa4f647654fa9
2023-03-22 16:45:23,False,0.5133,0.0002834,3200.62,0.9073,0xfa...aa5e,https://etherscan.io/tx/0xbf74cc54a8b5f11623e51686b5f23dd0a6288ffed9ffd7281afb9e6940e901e5
2023-03-22 16:43:23,True,0.5165,0.0002851,3367.69,0.9602,0xfa...aa5e,https://etherscan.io/tx/0xc33265be32328647a487a7ddf0ccf1c49cc18f0edfb31230cc8f84a509992e34
2023-03-22 16:41:23,True,0.5146,0.0002841,501.506,0.1424,0x99...3007,https://etherscan.io/tx/0x308b32c85ec8f1bbf769f419dcda015809dd950285b711ef57704d173aae288a
2023-03-22 16:34:47,True,0.5152,0.0002838,384.086,0.109,0x98...8ec5,https://etherscan.io/tx/0x6b2c40a5fca912b2e48003e8f8c7696b40c13f8bc7205cdbec517f40575f281b
2023-03-22 16:34:23,False,0.5143,0.0002833,4847.78,1.37368,0xfa...aa5e,https://etherscan.io/tx/0xa380c49a2b7611472a91797611af04dc023e13ca531e3817223030c9e7bbf736
2023-03-22 16:26:35,True,0.5187,0.0002854,3593.73,1.02564,0xfa...aa5e,https://etherscan.io/tx/0x787ddd31d3134b55435839f7d935545f2875f17df6b6cfa7f5706e0d8ccbdddc
2023-03-22 16:26:23,True,0.517,0.0002844,9.56764,0.0027,0x7e...e7ec,https://etherscan.io/tx/0x883ed33dfc5c7819ade4d670b7a0481620a32f4df4c213832a37858b66b42845
2023-03-22 16:22:23,True,0.5156,0.000284,1570.52,0.446,0xa3...1af7,https://etherscan.io/tx/0x4a611e84a68b41ccfe48c3b1f70c6b91ea26f5eee6d98aebae1dd3f897797995
2023-03-22 16:18:47,True,0.5129,0.0002825,4113.04,1.16203,0x5e...822f,https://etherscan.io/tx/0xeef85865c6e7a29b2ef932a69a37dbac8958cfed81dd39989ed71c1de5b6448c
2023-03-22 16:10:35,True,0.5083,0.0002801,4867.93,1.36391,0xfa...aa5e,https://etherscan.io/tx/0xe54e626f690c4e5520e26c4a8bcdcdc94995c97a9c0515caff2af9027858d48f
2023-03-22 16:09:47,True,0.5058,0.0002787,568.633,0.1585,0x19...bceb,https://etherscan.io/tx/0xd8fa04249ec0f3908d01ac28d8588b6d005af441d56765d1c20f964173ea6928
2023-03-22 16:09:35,False,0.503,0.0002772,989.465,0.2743,0xdd...9362,https://etherscan.io/tx/0xdc73fba2751a506c9cbec1bfb7278f9608336c9dfca084ee45489f9d1aea718e
2023-03-22 16:06:35,True,0.5043,0.0002784,2513.52,0.7,0x44...b5b6,https://etherscan.io/tx/0xc06550e29891b28351b37714840a1a6ea63490cef787637b58c6d9e418f20de1
2023-03-22 16:04:59,True,0.5018,0.0002775,1071.33,0.2973,0xd8...b09e,https://etherscan.io/tx/0xbe4472e5febdb1341075578da23d2b3b50e0f326b2f340e6c2ceabaffb6a83e0
2023-03-22 15:53:59,True,0.4979,0.0002762,4008.81,1.10756,0x65...ed08,https://etherscan.io/tx/0xe2584660ed5c42fd88074309a5bfbe42b2d88e8ca721b002204f44fe4315509f
2023-03-22 15:50:59,True,0.4968,0.000274,4826.58,1.32274,0x65...ed08,https://etherscan.io/tx/0x11ac57b29238934d4c410dda8b9708bbc189d488464f659591d9b8fb1b7ad48d
2023-03-22 15:48:35,False,0.494,0.0002721,3587.0,0.976,0xf8...b13b,https://etherscan.io/tx/0xbcd8fca0826dfcec77255c66207f55d7c54976d31364eb09c2fcc03146f17918
2023-03-22 15:48:11,True,0.4963,0.0002736,4019.1,1.09974,0x65...ed08,https://etherscan.io/tx/0x129f9b63c790b224c7953a88166f666184257366dfd967c212d383297bf060d1
2023-03-22 15:46:47,True,0.4927,0.0002715,4360.88,1.18417,0x4b...1402,https://etherscan.io/tx/0x63303fdd1ea3c73ddef825029c47593dbe354592791db61453459705b963a486
2023-03-22 15:43:59,False,0.4864,0.0002698,4000.0,1.07932,0xf8...b13b,https://etherscan.io/tx/0xd7e656596a03d51bf47df2aea6caf952b2b4df626dbdefa8df608c328b817d1a
2023-03-22 15:43:47,True,0.4894,0.0002715,3666.93,0.9956,0x65...ed08,https://etherscan.io/tx/0x97aab9ea4e1237a9c1c02e506f269626f9a0e04caed7f28988bcab5f7a129c3a
2023-03-22 15:35:35,True,0.4857,0.0002697,3697.21,0.9972,0x65...ed08,https://etherscan.io/tx/0xee41a1f95345855e3e46e424eb0d4c35255152fbf00208bc9df45e4c2bb5a59b
2023-03-22 15:05:35,False,0.4809,0.0002673,616.179,0.1647,0xf7...6695,https://etherscan.io/tx/0x9a0e43955f1819fa481e39d4b6a5a09162a4da98905eea97ef083c7e7dbd52dd
2023-03-22 14:25:47,True,0.4838,0.000269,163.963,0.0441,0x1f...90e3,https://etherscan.io/tx/0x8f84187f7f3ac0f63ff62c1fb1f7a5fbd31e7b2256cb2e54229feb2bac9e5860
2023-03-22 13:55:47,True,0.4834,0.000269,51.1283,0.0137,0xd7...202a,https://etherscan.io/tx/0x515cd36574bf0084195319a9511618b19431d823d9085a542adc82a564b8f5cf
2023-03-22 13:42:59,False,0.4822,0.0002681,3066.96,0.8223,0x91...d728,https://etherscan.io/tx/0x9a94c76fbd5e1c5f4ffbfe1c8180e309dfd6966808b83ea0c93f5b3fa34758b5
2023-03-22 13:34:35,False,0.4837,0.0002689,104.746,0.0281,0x8c...11b1,https://etherscan.io/tx/0x20fe92f0893b5971008a5b10fa35b88e3428e1e2dd482653d26ed0c944bf2297
2023-03-22 13:30:11,False,0.4846,0.0002695,2539.97,0.6846,0x91...d728,https://etherscan.io/tx/0xcb86da4aafb8eaaeaf136ce633ff2bffa20b5591c0ff1367fd1cedbde7f5e00c
2023-03-22 13:23:11,True,0.4886,0.0002717,267.124,0.0725,0xb0...a67d,https://etherscan.io/tx/0x6b1be6d7c48478204dd8191870250e01cd7859ede62f602d05730d160782552f
2023-03-22 13:14:47,False,0.4843,0.0002703,1000.0,0.2703,0xe0...f06f,https://etherscan.io/tx/0x82ec87ef2e7a9afb84eb7946ad503c551f8871e4c78f77f6d239712d33eeaa2b
2023-03-22 13:14:35,True,0.4877,0.0002721,12.2118,0.0033,0x05...09ef,https://etherscan.io/tx/0x857691ed9b5f8e885fa7f469afbe6770b4cc0785bffa683721c11d358284cdc6
2023-03-22 13:12:35,True,0.4876,0.0002721,20.3327,0.0055,0x28...efa6,https://etherscan.io/tx/0xc3b2da00b4c0616a5cf82b0b2d9b6b7183a82213dc3b9c3b18ee57f34649626f
2023-03-22 13:06:35,False,0.4841,0.0002711,2460.01,0.6669,0x5e...822f,https://etherscan.io/tx/0x100113c366609e7f1b4dafb8dac649c8aa7261dfa29f22d6e6fdf5630b35e513
2023-03-22 12:55:59,True,0.4877,0.0002733,44.9396,0.0122,0x51...4805,https://etherscan.io/tx/0x5138ddd1aeda8e49ab35fc310ed2a658aefbe8847fc4548dcb7384d79b315e3f
2023-03-22 12:49:11,True,0.488,0.0002733,41.7781,0.0114,0xa4...e519,https://etherscan.io/tx/0x77b9029279e46d7b112c5e800cc0506f151773069ffce80e4a0ec2de82706f5c
2023-03-22 12:40:35,False,0.4868,0.0002723,2425.97,0.6605,0x5e...822f,https://etherscan.io/tx/0x968de73d27e2d884fb639878b0eb1cfa94def62ad8f33b640a1a12103337fdab
2023-03-22 12:35:59,True,0.491,0.0002743,683.285,0.1874,0xa4...f2c8,https://etherscan.io/tx/0xe42d1b2169928cbb570d48ddba990a52297330e7d050fb4aeab919d19265aec3
2023-03-22 12:33:47,False,0.4887,0.0002731,2295.19,0.6268,0xfa...aa5e,https://etherscan.io/tx/0xb60d2dcef7b72647af1c5f8332f6af38eaf36af1955202f8331a6110a7029fd9
2023-03-22 12:22:59,True,0.4927,0.0002752,475.393,0.1308,0xe1...383f,https://etherscan.io/tx/0xf46771613f53318274bfe211f876f8170a7581c308a25ed4ccba0b6ad72ec74c
2023-03-22 12:16:59,False,0.4909,0.000274,2195.25,0.6015,0xfa...aa5e,https://etherscan.io/tx/0xaaec880d0a828bb8170cda4145be49d276b134e119c51596053f3680f950d298
2023-03-22 12:16:11,True,0.4945,0.0002761,358.977,0.0991,0x0f...00b9,https://etherscan.io/tx/0x17eab7e7a2b288fb22c26b0f7b021d8a3c1029106b09437cfccb04b14a9ade21
2023-03-22 12:09:23,False,0.4929,0.000275,2433.23,0.6691,0xfa...aa5e,https://etherscan.io/tx/0x71382aa494ce388870e9ffc9a61dd76296e27ed4592bbaafa3e32c0a68200a0e
2023-03-22 12:00:35,False,0.4944,0.0002761,2289.47,0.6323,0xfa...aa5e,https://etherscan.io/tx/0x19e072c2d2dd0c733b7f9e2fdefb266ed35476eba9d649c229b01924513e8d42
2023-03-22 11:45:23,False,0.4952,0.000277,1100.0,0.3047,0x8c...deef,https://etherscan.io/tx/0xc17b971a39425a6a0bd1069f32ae109f23235bcd658231a56a4daa83d55accbf
2023-03-22 11:39:47,False,0.497,0.0002778,2173.66,0.604,0xfa...aa5e,https://etherscan.io/tx/0xdf1b0b4698a81c9d36eb24f5fe0e9507b405980aaf408f3c274074869ad4f1cd
2023-03-22 11:33:47,True,0.5017,0.0002801,49.2307,0.0137,0x21...aeed,https://etherscan.io/tx/0x5b23bc0808319eae8cf394f6330e6834f306d3f1ad00087434099f16890d7c4b
2023-03-22 11:32:35,True,0.5002,0.0002794,2376.97,0.6643,0x5e...822f,https://etherscan.io/tx/0x87a9100ee7cfbb57eaf96183da49fc60459fd6a9dba15f0b8918a21d6f790f59
2023-03-22 11:32:11,True,0.498,0.0002782,2530.99,0.7041,0x91...d728,https://etherscan.io/tx/0xb1b80646b0ee8fb14859d2d0899da661853b3110b0511dc2907de7d2150ee9ef
2023-03-22 11:30:35,True,0.4946,0.0002761,5430.99,1.5,0xce...fba1,https://etherscan.io/tx/0xdf58044710b9451c144f9e1438f152fb4a26e94960c7731f19d752d85c33cbd8
2023-03-22 11:30:35,False,0.4923,0.0002749,7000.0,1.92454,0x1a...5fdd,https://etherscan.io/tx/0x5dad971468d42a83267848dbb75e442ee67645d8d29b02535923b86ffcf9263c
2023-03-22 11:24:59,True,0.4976,0.0002777,2432.02,0.6754,0xfa...aa5e,https://etherscan.io/tx/0xe623e7b3ee32bf0ea843af3f179e9c938767eff9258fa2537a133ac1fd236389
2023-03-22 11:24:47,True,0.4954,0.0002765,2466.32,0.6819,0xfa...aa5e,https://etherscan.io/tx/0x66a4a44accf9e13faffd7ef6782fddfe14dd2e62111bd77b9bc34237142d4a0f
2023-03-22 11:23:23,True,0.4942,0.0002758,139.986,0.0386,0x2e...f345,https://etherscan.io/tx/0x21f7e6c6c9524099f44e04b87be1a92c2b00d53bc34999cce9b0f97e4916a89d
2023-03-22 11:12:23,False,0.4931,0.0002755,6117.83,1.68582,0xae...674b,https://etherscan.io/tx/0xda22ee5a1a0e88817a1e1d94a40120b2dd2bf3954ef4f15603b42250f8222363
2023-03-22 11:11:59,True,0.506,0.0002827,3944.43,1.11531,0x65...ed08,https://etherscan.io/tx/0x82fa4ef9ecd761f9f4e9830ce8c940b16844820637ab3a2aafa96ce9cb48ee80
2023-03-22 11:06:11,True,0.4953,0.0002768,48.8011,0.0135,0x19...a814,https://etherscan.io/tx/0x059f490032e74c6af800e9629f32b168cf4dbece1294ee92b9248ff4d7b14478
2023-03-22 11:01:23,True,0.4934,0.0002761,2832.43,0.7821,0x65...ed08,https://etherscan.io/tx/0x56c71fe79d72a2d2793780738ac63a82424d63b696307e81bf7622f70ce5b5f0
2023-03-22 10:41:35,True,0.4917,0.0002747,2472.06,0.6793,0xfa...aa5e,https://etherscan.io/tx/0x3aa1a9b96a57844413f2882a5e18b193ef4fc75f3f36d30cbd4c097551b4b41b
2023-03-22 10:35:47,True,0.4894,0.0002735,2391.97,0.6543,0xfa...aa5e,https://etherscan.io/tx/0x795c76dca62c6c6a14f9caecd7b5275b11a4c55e5636c9dc9f43b83d26a55d83
2023-03-22 10:34:59,True,0.4883,0.0002729,90.789,0.0247,0xc9...31f6,https://etherscan.io/tx/0x5ffb2a41d6dd2b4d2494f8f89bd0c000a6336ec71e54cd80d252f13659fd2e09
2023-03-22 10:29:23,True,0.4879,0.0002729,145.294,0.0396,0x2c...750c,https://etherscan.io/tx/0x8b70e723be915110233775eacaf18c8c633c15d659c9b3890ee4c704ba3f33cf
2023-03-22 10:23:59,True,0.4873,0.0002728,40.6191,0.011,0x4d...e596,https://etherscan.io/tx/0x0818e4006f72e4fff39bf2f109689eb814e574b22102297c4773d33606bf7c7b
2023-03-22 10:21:23,True,0.487,0.0002728,4.65038,0.0012,0x2c...f96e,https://etherscan.io/tx/0x1dd7f537b5e9c2e381375b6b3ad1e5014e8f8761284add0e072d1edd75de5fbd
2023-03-22 10:14:23,False,0.4853,0.0002717,2384.98,0.6482,0xfa...aa5e,https://etherscan.io/tx/0xdf4e34af5b3854f3294cd5ca447aa613eda25a930ec48fd2157c50356a686580
2023-03-22 10:03:47,False,0.4875,0.0002729,2333.73,0.637,0xfa...aa5e,https://etherscan.io/tx/0x9b9b726e1dd1b0f4970aba3dbf0c9704b925ee044701309e04a15796da93d474
2023-03-22 09:50:23,False,0.4896,0.0002736,450.0,0.1231,0x14...852a,https://etherscan.io/tx/0x275994ff65ea9c0f678bb43e6f6a4c5b1ddda27456b73c7560962151a7f06ce8
2023-03-22 09:38:11,True,0.4917,0.0002748,2210.05,0.6074,0xfa...aa5e,https://etherscan.io/tx/0xdf3fff996c27bffed187a95ce5f3507059c7e2f75cb9f47ae432b0873edb53bc
2023-03-22 09:34:23,True,0.4904,0.0002737,2312.03,0.6328,0x5e...822f,https://etherscan.io/tx/0xaa3712461657dcaa14439d2b8ba103ef0f2f4759d8c8a21ae075043ed40a31f1
2023-03-22 09:20:11,True,0.4883,0.0002726,2078.18,0.5665,0xfa...aa5e,https://etherscan.io/tx/0x5d132493dbc43dbad2e21718b0169ea3e465b0e4a467ebc876d203b1dd676955
2023-03-22 09:17:47,True,0.4864,0.0002715,2135.26,0.5799,0xfa...aa5e,https://etherscan.io/tx/0xba7205437257e60246683cdf9ac3c8690d31326b1b4860ca9819e606e6f68a24
2023-03-22 09:12:47,False,0.4834,0.0002697,1332.29,0.3594,0xf3...72be,https://etherscan.io/tx/0x2df7fcf802d6fadbd19ce65c80e5d6dd01d2e477bb4e6b12477b486629de9694
2023-03-22 08:52:59,False,0.4851,0.0002706,2357.02,0.6379,0x5e...822f,https://etherscan.io/tx/0x108364c7f1e8aad8cae5f886a17a06dec6d2a50c0439bba62a7ef008742c438b
2023-03-22 08:32:47,False,0.4869,0.0002718,2468.0,0.6709,0xf8...b13b,https://etherscan.io/tx/0x03c74cbec851f9e48d586dc7352d5bd1f4c31f141c868856980890fabc4f3b2f
2023-03-22 08:31:35,False,0.4898,0.0002731,2676.0,0.7309,0x5e...822f,https://etherscan.io/tx/0x87788b62acf6b0a525a3f731f34734776b8dd1c7d689744c814c6e96edcca9d5
2023-03-22 08:08:23,False,0.4933,0.0002745,2910.98,0.7991,0x91...d728,https://etherscan.io/tx/0xda168298e72858ea87d5626e82879508bbbad0ebd6e27686552c6c721c3782dc
2023-03-22 08:08:11,True,0.4966,0.0002763,2409.79,0.6658,0x65...ed08,https://etherscan.io/tx/0x208d60fa21a5739ce359df7b74309b1e2f546f0609e5125d817472723be860aa
2023-03-22 08:04:35,True,0.4942,0.0002751,2301.42,0.6331,0x65...ed08,https://etherscan.io/tx/0xb4529ebccd475ce60ec8ad062243d5560d66d0906b98fef219e6b209806972ed
2023-03-22 08:02:47,True,0.4922,0.000274,2026.66,0.5553,0x65...ed08,https://etherscan.io/tx/0xfb0993dc6308cb69cf4e35eed1a1db5ca34091c8fbeaea01c828606e12a984ad
2023-03-22 08:02:11,False,0.4895,0.0002725,2616.0,0.7129,0xf8...b13b,https://etherscan.io/tx/0x698a29bc883ad1ffb89248ecb052a894362e7ff0641ad9167eadd3d6f9fca19e
2023-03-22 08:02:11,False,0.4923,0.000274,4083.47,1.11918,0xae...674b,https://etherscan.io/tx/0x9c1843b31ad84c4b79a1306a743d3d8f21abf8f1ca3aba99fffdc6d791a8dfb1
2023-03-22 08:01:59,True,0.4952,0.0002756,4836.24,1.33322,0x65...ed08,https://etherscan.io/tx/0x9fc50e54c6d4891074576a191ae4fb7d0470a49ae2a6733550ba8d76b05e94da
2023-03-22 08:01:35,False,0.4916,0.0002736,4089.65,1.1193,0xe6...4540,https://etherscan.io/tx/0xb0ff25ba0249fa2a97e504922e4207db387465036fb8c7479379436cc96dbf1b
2023-03-22 08:01:23,True,0.4948,0.0002754,4032.33,1.11087,0x65...ed08,https://etherscan.io/tx/0x9f92e18325b76615c59597a7cbeed2832b20f006a722b8785f830c3dfec83815
2023-03-22 08:00:35,False,0.4912,0.0002733,1944.84,0.5315,0xfa...aa5e,https://etherscan.io/tx/0x108f67c7ab024fad1cf2c4213a742ed2d138cd629b2df37ea107d4f7e8b9cedf
2023-03-22 08:00:11,True,0.4929,0.0002742,4856.31,1.33174,0x65...ed08,https://etherscan.io/tx/0x869b4d9b4b9506cc3820e382cff44ec824611789494a1166f46a29e225ff455f
2023-03-22 07:56:59,True,0.4907,0.000273,19.1259,0.0052,0x55...db33,https://etherscan.io/tx/0xc6d69e8926a8cb28c906e8312cb4986aa2e59be15077379a169ee32af2f5e46d
2023-03-22 07:37:47,True,0.491,0.0002729,201.209,0.0549,0xf7...6695,https://etherscan.io/tx/0xb3ac9899858b07c0994885e0a8cfe41870110d1e44470398ab731aa372341c6d
2023-03-22 07:31:11,False,0.4889,0.0002718,2304.61,0.6264,0xfa...aa5e,https://etherscan.io/tx/0x21bec634e6139cde29b08ddb904de07d6ca771240fa868411816301c9872cfce
2023-03-22 07:27:35,False,0.4915,0.000273,2589.56,0.7071,0xfa...aa5e,https://etherscan.io/tx/0x0e49ab9a0ad9e6880a3d66caed1b22c5988de4e2a85d3fa80f2b55c1947a5ae4
2023-03-22 07:25:11,False,0.4935,0.0002742,2150.62,0.5897,0xfa...aa5e,https://etherscan.io/tx/0x0a301a0454f8a5504077d8ed77380dbb829f9dae31a9de6741feb4ec4dfcf0a3
2023-03-22 07:21:35,True,0.4965,0.0002759,2083.33,0.5748,0xfa...aa5e,https://etherscan.io/tx/0x2b07e17bfca9c18490d6b7767e9a280d3c5959c554876bd536d57b9e815528d9
2023-03-22 07:20:47,True,0.494,0.0002745,3407.01,0.9353,0x5e...822f,https://etherscan.io/tx/0x144d4b057297db0d70deed3e17bca87e5e02159dc207ff2d5c21fa76430a4521
2023-03-22 07:20:35,True,0.4914,0.000273,2450.01,0.669,0x91...d728,https://etherscan.io/tx/0x3b61da88bb411ef7534a2553b43d6ad6f391bba5be07e7eaf7011cba2da1c02b
2023-03-22 07:19:11,True,0.4894,0.0002719,2178.08,0.5922,0xfa...aa5e,https://etherscan.io/tx/0x4e85bdb9647db1f6d822898c07d57d25a450bd281cd4652d57dbbc6df5678a2c
2023-03-22 07:16:11,True,0.4874,0.0002708,2214.02,0.5996,0x91...d728,https://etherscan.io/tx/0xf14441e7066423484367b9e6c946b0236ffefda7e67153052e7bdda53179b330
2023-03-22 07:07:23,True,0.4858,0.0002696,2416.0,0.6515,0xfa...aa5e,https://etherscan.io/tx/0xee8878946724b895ae9f8fb027d8e8edd1669dba1dcfcece82e10ae5049fc22e
2023-03-22 07:06:47,True,0.4836,0.0002685,2312.21,0.6209,0xfa...aa5e,https://etherscan.io/tx/0xb594c3c5f7651045123d0c4d2c57f3dd6cf6679d0c84b76cf67d863255054f33
2023-03-22 07:03:35,True,0.4795,0.0002661,7498.55,1.99583,0x65...ed08,https://etherscan.io/tx/0xae799e0531cf56d906bdd2823d5b7e3efe0f5448ec6712fd5642b39dd45c9351
2023-03-22 07:03:23,False,0.4751,0.0002637,4000.0,1.05494,0xf8...b13b,https://etherscan.io/tx/0x4a38f4f9010aaa3b410bfcce63acbc360a23ab07fa6912ea88d824ffa7366506
2023-03-22 07:03:23,False,0.4784,0.0002655,4206.72,1.11704,0xcc...437d,https://etherscan.io/tx/0x6e5739e258a684efceb233a653fc015637c4ef0599e21db0c7b499716b43d9a7
2023-03-22 07:03:11,True,0.4808,0.0002667,6230.78,1.66234,0x65...ed08,https://etherscan.io/tx/0xcb29d17668b5cdf325cdf500a492b828d26919acac08ec5a1862bc000b474492
2023-03-22 07:01:23,False,0.4778,0.000265,6320.45,1.67525,0x31...8903,https://etherscan.io/tx/0x0ea731bf902c6bc795f2d21bc25972c74bf8a4c59859f47195a0136a52f2c725
2023-03-22 07:01:11,True,0.481,0.0002668,6225.24,1.66108,0x65...ed08,https://etherscan.io/tx/0x87c15affc3fdf85310713e24564299da9281fe8520ef5c2dcba51ee7428cf21d
2023-03-22 07:00:35,False,0.4773,0.0002647,4353.0,1.1526,0x91...d728,https://etherscan.io/tx/0xacf85471c65a7835685015baa582df624ac61eb88be853182da171fd10cfbfe8
2023-03-22 07:00:35,True,0.4806,0.0002666,3321.2,0.8855,0x65...ed08,https://etherscan.io/tx/0xd934bcb389cb6aac37b2371cfcf7bfe176b9dec0f5ac26c48e8f660be72ae6f8
2023-03-22 06:58:35,True,0.4809,0.0002667,4148.62,1.10662,0x65...ed08,https://etherscan.io/tx/0x07e23334deb5ff8f75a6b859ad51eb82362f82c92b0c0c743839f12d95deab39
2023-03-22 06:57:11,False,0.4777,0.000265,4212.12,1.11626,0xae...674b,https://etherscan.io/tx/0x96898245d1162549348c767866f77ca67852aa7fa0055118990ac757fae21ae8
2023-03-22 06:56:59,True,0.4811,0.0002668,3732.84,0.9961,0x65...ed08,https://etherscan.io/tx/0x1ae271a6958cb746fee90c46ae6068e645351eb3c19faa3e41dddca1d9243f1c
2023-03-22 06:55:47,False,0.4778,0.000265,2712.04,0.7187,0x91...d728,https://etherscan.io/tx/0x42227497b59129d494302918d4f0cca9d12cd0de217aedda832a8dc84cfbea50
2023-03-22 06:55:35,True,0.4807,0.0002666,2490.54,0.6641,0x65...ed08,https://etherscan.io/tx/0x369c7d29a51bee0229a53b026514a43a9da1f9e75c50ada14bba40f043c8f57e
2023-03-22 06:54:35,False,0.4779,0.000265,2414.02,0.6398,0x91...d728,https://etherscan.io/tx/0x10f8f9f49454afd0f47c73f8ed9e6703da07783db1509ea986c166fb047d0509
2023-03-22 06:53:23,True,0.48,0.0002662,4157.48,1.10685,0x65...ed08,https://etherscan.io/tx/0xc3c77b2f0cd91f5b3965de56e85b49e78857b51369fe146225baae174d089527
2023-03-22 06:52:59,False,0.4764,0.0002642,2443.0,0.6455,0x91...d728,https://etherscan.io/tx/0xeba141a2eeca16e37cde5eb616f2e506f86f4776720ee81f4823f371071881c2
2023-03-22 06:52:35,True,0.4794,0.0002659,2081.64,0.5535,0x65...ed08,https://etherscan.io/tx/0xb9a6d48e4d73c4975b859a24e02622c863cadfd6de460e5b9bfb549590fdaa17
2023-03-22 06:52:23,False,0.4768,0.0002644,2615.23,0.6915,0xfa...aa5e,https://etherscan.io/tx/0xf182da99b5e425fe6ce97b54ea6e9db215498f43e2a658fb2fc4e7a86e5cb3d9
2023-03-22 06:52:11,True,0.4787,0.0002654,5003.69,1.32825,0x65...ed08,https://etherscan.io/tx/0x369e62bf20a1ca6dfef348b06f933be8655c7745ce9108f13d382ae87df29f21
2023-03-22 06:51:47,False,0.476,0.000264,5556.95,1.46701,0x5e...822f,https://etherscan.io/tx/0x86e65cd8703fbf30b7b90cf5dd79580d1ee97e7ad035fa306a1b6ae5877934d4
2023-03-22 06:51:35,True,0.4794,0.0002658,4497.06,1.19546,0x65...ed08,https://etherscan.io/tx/0x2cd89c8e65e5cc4fd3e96e8362ed8745eeee0e1d632f37cf59c45147a762d57f
2023-03-22 06:51:11,False,0.4761,0.000264,4225.38,1.11567,0x31...8903,https://etherscan.io/tx/0xe92b21f53b4c1233e1fb97543973a5bfa16e9371ed53d9cb60deac0e4d026a79
2023-03-22 06:50:59,True,0.4863,0.0002697,6156.17,1.66035,0x65...ed08,https://etherscan.io/tx/0x90993a924c26b9c8028d453b4c16ba87e0d5a3c8ad412e96c3a15bfc9b05111c
2023-03-22 06:50:47,False,0.4743,0.000263,3282.97,0.8634,0x5e...822f,https://etherscan.io/tx/0x4a08294b88f83bd2e005a7e7d25d99499cfa5393ee7756a02d7409128f9c6b9b
2023-03-22 06:50:35,True,0.4769,0.0002644,3766.8,0.9962,0x65...ed08,https://etherscan.io/tx/0x5be25de6907122dec7582574a7ce9f304ba6c49ef37503a8417e4e62b07e86b7
2023-03-22 06:50:23,False,0.4746,0.0002632,5045.01,1.32784,0x5e...822f,https://etherscan.io/tx/0x29de662394382eee8e5ea5e0d8e3b2295960fbcbacef0d17fbc6d2c39625ed40
2023-03-22 06:50:11,True,0.4791,0.0002657,1114.64,0.2961,0xae...ae13,https://etherscan.io/tx/0x4d4ba10c6840ee9ceec6fb103110d273be044dacb725aaaf04f76fdd2b912cd3
2023-03-22 06:50:11,True,0.477,0.0002645,3765.79,0.9962,0x65...ed08,https://etherscan.io/tx/0xff51d36d9e937ff930b5097fe1fc51ca098f2300cadfe863cad9d14954772640
2023-03-22 06:49:47,False,0.4738,0.0002627,2933.96,0.7709,0x91...d728,https://etherscan.io/tx/0xc91e4474715508429b3e8c8619b2796c6b60f9e841400d51c8ae4f3158c58eea
2023-03-22 06:49:47,True,0.4763,0.0002641,3770.76,0.996,0x65...ed08,https://etherscan.io/tx/0xd55dadb8fed2d131d2605c284d88b00b8bced9edfee0dd3d2cff99060ddac484
2023-03-22 06:43:59,False,0.4728,0.0002623,3003.77,0.7881,0xfa...aa5e,https://etherscan.io/tx/0xa581d42d258e6ed8debccffd4dfa9da7d325f36dee6c9a8175c236cad7dbc130
2023-03-22 06:43:59,True,0.4756,0.0002639,3151.59,0.8318,0x65...ed08,https://etherscan.io/tx/0x510dd3d7dfb341840ff115208675b555ea214dd4ba8e8091659434fe6cad8b75
2023-03-22 06:41:47,True,0.4736,0.0002626,2110.22,0.5543,0x65...ed08,https://etherscan.io/tx/0xe9a78a250835e5d4d82728429670fae321fd7ae621457e8b08fb362443cd1ea8
2023-03-22 06:36:59,True,0.4731,0.000262,835.046,0.2187,0xf7...6695,https://etherscan.io/tx/0x781c6069a17203a093b74cfcda71ab2e95be0021044b7871a5dfc0a6ec9798f1
2023-03-22 06:34:23,False,0.47,0.0002602,127.012,0.033,0xb6...d4a8,https://etherscan.io/tx/0xdf1dfd0f98fc7fde50e0a718891200e7346d8bad6028a949e518c0605c909433
2023-03-22 06:19:59,True,0.4724,0.0002618,52.4628,0.0137,0xfd...593b,https://etherscan.io/tx/0xbfe37722a0c36dd528b4991a65e5fb549819da7c624cdefce6bd5fc1cc79bcb3
2023-03-22 05:56:47,True,0.4711,0.0002618,151.452,0.0396,0x14...945f,https://etherscan.io/tx/0x2a60abcd593e8452de09952cc0044e75226595686281779532b2f89378d6494b
2023-03-22 05:15:23,False,0.4682,0.0002604,1000.0,0.2604,0xe9...7165,https://etherscan.io/tx/0xbc772d50b3db2ef95849a1cdcb2d673ba5cce31b2751e86717e40075651269d0
2023-03-22 04:59:35,True,0.472,0.0002621,189.035,0.0495,0x98...8ec5,https://etherscan.io/tx/0x819329337be6f3fc86480e13a0c677ad5f3e943ff66a5a912c96032d3b6db568
2023-03-22 04:59:35,True,0.4719,0.0002621,41.8673,0.0109,0x8c...8833,https://etherscan.io/tx/0x9a6b4d03b7916f36d5baff234f0bdabbc07ab4340024d8c57c8d4dd8a683421b
2023-03-22 04:56:59,True,0.4717,0.000262,125.909,0.033,0xf6...286b,https://etherscan.io/tx/0x86f4081d7efcf92a47ef97d1fcf0361b0656ab340fce8107481b5d6190e8563a
2023-03-22 04:52:23,True,0.4717,0.000262,143.753,0.0376,0xca...5c42,https://etherscan.io/tx/0x352e9d4335e76e9b655204bb726dbc80ad06a56dd8147ed6df0ffee3f99470ce
2023-03-22 04:35:35,False,0.469,0.0002604,224.709,0.0585,0x1f...90e3,https://etherscan.io/tx/0x8b58e1df5a744ac03f14f660272c79156cbbb624f6bf75f9e04e27abae236655
2023-03-22 04:13:35,True,0.4699,0.0002613,3105.59,0.8117,0xfa...aa5e,https://etherscan.io/tx/0x1ee34d0c93ac6dbab3784dd6901db672d7e32bdfb3e48406e3f5d40e34ee7d8b
2023-03-22 04:13:35,False,0.4664,0.0002594,1500.0,0.3891,0x70...69cf,https://etherscan.io/tx/0xb8335ece7b93d731e8bc4d67efb52789c3bbfbb16e414d4c0b46846bf22e03d2
2023-03-22 04:08:59,True,0.4683,0.0002613,212.439,0.0555,0xca...5c42,https://etherscan.io/tx/0x526a1e8d4122ed9d7f501b7a05f6fbb8f175de0de145c23aeebad144b25bc69c
2023-03-22 04:06:11,True,0.4669,0.0002606,2513.41,0.6551,0xfa...aa5e,https://etherscan.io/tx/0x9452481fb8e4e09f01d488c3ff24301b4f4a6a0b59faaaaeb69e09c697b4d1cd
2023-03-22 03:57:59,False,0.4643,0.0002585,213.0,0.055,0x1f...90e3,https://etherscan.io/tx/0x40e3ec39d28febd72357894ef4dfc33a3c2fb619ed827e3e5bb83390f0f99cd9
2023-03-22 03:57:23,True,0.467,0.0002601,317.16,0.0824,0xb5...08b2,https://etherscan.io/tx/0xf77e80bfd17b6c0d4b00e6989f3e80b8f3179f246d42e8f9218a65a0fcfc6961
2023-03-22 03:51:59,True,0.4666,0.0002597,1218.7,0.3165,0xfc...533c,https://etherscan.io/tx/0x0314019e9618fab2a1df6a55624d96280782ec894c3922403e6981190bc97092
2023-03-22 03:47:59,True,0.466,0.0002594,90.7937,0.0235,0x0f...ea37,https://etherscan.io/tx/0xeb7245e68c2c0ec9fee62cb729335f0d64fd26f322130553e54517509e33ceac
2023-03-22 03:43:35,True,0.4656,0.0002593,243.728,0.0632,0xcd...f2e8,https://etherscan.io/tx/0x4aea0c6457bab057c2c7e5548223512ec9cddc6c6f820761189d3ad900634f7f
2023-03-22 03:38:47,True,0.4652,0.0002591,842.503,0.2183,0x2a...d502,https://etherscan.io/tx/0x960ae8c429b1c533b7cf9c9b5be063f1779f725c71897ea95cf86e65ece70f64
2023-03-22 03:17:11,True,0.4654,0.0002589,53.1793,0.0137,0xc0...6e9e,https://etherscan.io/tx/0xa54f6b3032150d24a8faa1b28c3d3294ef34bfc271231e61da37ca2305170a36
2023-03-22 03:04:35,True,0.4642,0.0002588,100.0,0.0258,0x71...461c,https://etherscan.io/tx/0xeaec93b451943ea663bb88acac90c0c1208d75157085d0c30777d4e934740127
2023-03-22 02:59:23,False,0.4614,0.0002573,139.0,0.0357,0x3e...39d8,https://etherscan.io/tx/0x166fadaa7067982f65219d3f47adcebad455590957ffe9f05f3e07a988c3a4f4
2023-03-22 02:40:11,True,0.4634,0.0002589,27.2599,0.007,0x8d...40c9,https://etherscan.io/tx/0x644296313ee1c2e423a2b027cb8832283d6211f19e0a0890786e21dc0c7570e1
2023-03-22 02:39:11,False,0.4617,0.0002579,2470.02,0.637,0x91...d728,https://etherscan.io/tx/0x053302995fb76afc2720f8bfae9c3225e35aa4ac6b3105bf7df6704d9dae934a
2023-03-22 02:37:11,True,0.4654,0.00026,31.7943,0.0082,0x57...02ac,https://etherscan.io/tx/0x0a39870f4a394502809783d5354516eb8c78ba05f339a0a96c3f883236a4ae8c
2023-03-22 02:25:59,True,0.4646,0.0002599,284.27,0.0739,0x7f...578b,https://etherscan.io/tx/0xcf9f55f14572c41ce14cfa911f087d86dcf3b4572766ea6276e726c0b949d56e
2023-03-22 02:23:47,False,0.4624,0.0002589,2566.01,0.6644,0x5e...822f,https://etherscan.io/tx/0x8182cfb5622732812ca494a2b5418140eb1c22fddf4746dffa6e8720747dd604
2023-03-22 02:21:47,True,0.4662,0.000261,42.3565,0.011,0xb1...2045,https://etherscan.io/tx/0x0b9d1e29217efa20f934d72382a947bdb2584e9b885d0cb74cc63bedcc709c5f
2023-03-22 02:13:35,False,0.4646,0.0002601,2594.62,0.6748,0x00...cfc9,https://etherscan.io/tx/0xe316601ffa1839d73a38603db4150c481d494c16679cdf83a092203f48051d23
2023-03-22 02:10:35,False,0.4668,0.0002608,500.0,0.1304,0x72...6359,https://etherscan.io/tx/0x79be3b2786df5034a19785a2dda4a08de60e84dda70f366e844642c045f03e4d
2023-03-22 02:07:59,True,0.4699,0.0002624,127.29,0.0334,0x2e...f345,https://etherscan.io/tx/0x49a4f4d49b7a1ed4fe35b50359a9a59b8a2b37d9c4d1eae4b77941f8c15265a5
2023-03-22 02:06:47,True,0.4671,0.000261,6377.26,1.66496,0x31...8903,https://etherscan.io/tx/0x08b098d96d705190cb03c19d6aa8278ac834e3a9186a1927b9ccf012b81aef4b
2023-03-22 02:02:59,False,0.4607,0.0002579,209.003,0.0539,0x28...e5ae,https://etherscan.io/tx/0xedb6c1f3f706ab3c7a584627bd8c59c7d316c6f3d04df72d77391def598a05be
2023-03-22 01:58:59,True,0.4639,0.0002595,34.0674,0.0088,0xfe...37fe,https://etherscan.io/tx/0xbeb1759eab16246a6c1a4bc53deb88a40096cb209822405d71466cb1a1999f7c
2023-03-22 01:44:47,False,0.4612,0.0002586,2661.02,0.6881,0x5e...822f,https://etherscan.io/tx/0x304899aac9c0343ab7d1b313fb790f2787a62092c4c2de7c473cb58f43cca33c
2023-03-22 01:36:59,False,0.4649,0.0002598,2711.96,0.7047,0x2a...06a6,https://etherscan.io/tx/0x0a313af3b1c40c1a080123c15c610106d68e6a2f7c8aeb1fd503ea59cb191669
2023-03-22 01:34:59,False,0.4672,0.0002611,2688.0,0.7018,0x5e...822f,https://etherscan.io/tx/0xcd86e40027cacde79fe47b7d228334c7c14fef48ecc9e16cb9bd9dd4e507b9d9
2023-03-22 01:25:11,False,0.4709,0.0002618,600.163,0.1571,0xc8...441c,https://etherscan.io/tx/0x924795dd66890a6b1639cda7e56139caf95b03fe64f0f0375a5d4e2559babe8d
2023-03-22 01:01:59,False,0.4735,0.0002627,2924.64,0.7683,0xfa...aa5e,https://etherscan.io/tx/0x7b83e947c4a9fb0d6f300d24330b40b4b558a657c8d07bfbb1f623da97dc2d18
2023-03-22 00:46:47,False,0.474,0.0002634,300.0,0.079,0x4e...135f,https://etherscan.io/tx/0xfde8853c5566ab53570cd7bb958e438165270e11b35a03167eedb0022369d690
2023-03-22 00:46:11,True,0.477,0.0002651,75.0641,0.0199,0xdd...bfac,https://etherscan.io/tx/0xa8c8bf9ee9d8bce0ae7e8c9ad428265b4d4cd7d53774385db5fc31cd8702df36
2023-03-22 00:10:47,True,0.4754,0.000265,50.8727,0.0134,0x4f...bdc4,https://etherscan.io/tx/0x62cf27b2fa794769c69ef850e1ac225841b3edbe348818d10907783c50c1fb7f
2023-03-22 00:07:59,True,0.4739,0.0002642,3285.98,0.8684,0x91...d728,https://etherscan.io/tx/0x28fc02e18fa821ddb44f990ce9f3331e9871df3fffa96d31568731707390ba82
2023-03-22 00:01:23,True,0.4712,0.0002628,2924.64,0.7686,0xfa...aa5e,https://etherscan.io/tx/0x365053eaf029c702c24b04205c047a973e69d55647e60dd185f979c1a3299cb2
2023-03-21 23:59:59,False,0.4673,0.0002606,241.028,0.0628,0xbf...5489,https://etherscan.io/tx/0x4f9a8878b702d9b343e9b6c2141891757e7630eb75cf6c92a2241c06ef8b80fb
2023-03-21 23:59:35,True,0.4702,0.0002622,63.2316,0.0165,0x07...be8d,https://etherscan.io/tx/0x95eedc813a369e9c09063b541d38bb43ebb96d0ad7ca602882e22f57e3ea7c33
2023-03-21 23:57:59,True,0.4702,0.0002622,33.8206,0.0088,0xaf...b14f,https://etherscan.io/tx/0x25109f83d9b38015c275a6688cd68b2240a299c352f6f4635fc7eee8b33009a2
2023-03-21 23:55:59,True,0.4699,0.0002621,200.726,0.0526,0xaf...b14f,https://etherscan.io/tx/0xaa7fa47fbd97522a8d8639b68de400171d9ef7df204aee73846543329289984c
2023-03-21 23:43:47,False,0.466,0.0002607,995.864,0.2596,0x54...52c0,https://etherscan.io/tx/0xc9fae35838c35f94294b35c1dab527764c63d2c0f58f922e92cd3d7f401774e8
2023-03-21 23:35:35,False,0.4679,0.0002612,1144.85,0.2991,0x55...ce90,https://etherscan.io/tx/0x20e436cc9a839fe041ce7e6b557ed8d1d1fe3100cc66e920d2057dd559060701
2023-03-21 23:29:59,False,0.47,0.0002623,3283.96,0.8613,0x91...d728,https://etherscan.io/tx/0xa5453ae1a7d0cd517215e54c3bc41717b444134bb8c41d57d6bf64358e5a930b
2023-03-21 23:29:47,True,0.4737,0.0002643,1204.27,0.3183,0xc6...fed0,https://etherscan.io/tx/0xc3df7d23f4359c1101e1f69e22a28e90797215ecf91ea9db1cf7a7388afd8b2e
2023-03-21 23:26:59,True,0.4723,0.0002635,2102.92,0.5543,0x94...19b2,https://etherscan.io/tx/0x67704515b2fcbb8700304757bfc868accad978f0254a977003de7df8ba22c8df
2023-03-21 23:17:47,False,0.47,0.0002622,3027.01,0.7937,0x91...d728,https://etherscan.io/tx/0xbaa880ffbe54b229d091c63c2fcbd07d572f33bf406da02f9dc7bb5c80fa2682
2023-03-21 23:16:47,True,0.4741,0.0002645,19.9337,0.0052,0x42...0f43,https://etherscan.io/tx/0x900eb59f44c90e09506902279a8075922f659e8209f41052d6c2c803814d283d
2023-03-21 23:15:23,True,0.4742,0.0002644,67.8429,0.0179,0x42...0f43,https://etherscan.io/tx/0x73003f2e834391ae12c9dd46c89df13d19d22691274bd21164394a2a83f1354f
2023-03-21 22:59:23,False,0.4728,0.0002635,2779.04,0.7324,0x91...d728,https://etherscan.io/tx/0x3b9c8b5ae180e0eaec10023784c3d2de36dac891eb28e4765073e57587da7ab2
2023-03-21 22:58:11,True,0.4767,0.0002657,99.6578,0.0264,0x06...00c6,https://etherscan.io/tx/0x951b66dc8a60cac00e149b35349834c1800f77613b7646d1986405651d7134e0
2023-03-21 22:58:11,True,0.4753,0.0002649,3175.03,0.8413,0x65...ed08,https://etherscan.io/tx/0x6722e89d2393bcded249c9d7bbe12e627c1c64289d819a01bd513cac6d75e72b
2023-03-21 22:57:47,False,0.4738,0.000264,6381.08,1.68462,0xc1...0e75,https://etherscan.io/tx/0xd0736fc2cd91826aca64787245e0ce3572b8f7192ea9b0c5ef57748f60e37ceb
2023-03-21 22:57:35,True,0.477,0.0002657,6282.88,1.66981,0x65...ed08,https://etherscan.io/tx/0xa8ad40ee8a331eba2cbbe78bf25635dd3f69360e13da80584ee0227a519da763
2023-03-21 22:56:59,False,0.4739,0.000264,6364.02,1.68054,0x49...96b8,https://etherscan.io/tx/0xa29ddf4018ecf6394a40044a83386571f9ef8b182f8e72b718ab92584a3e672f
2023-03-21 22:56:35,True,0.4851,0.0002704,5756.34,1.55679,0x65...ed08,https://etherscan.io/tx/0x74689df47e62eb308bbbcbf0b939e8ca5b21136d202a44d472d93dc14742514b
2023-03-21 22:56:23,False,0.4741,0.0002643,6364.56,1.68216,0xe6...4540,https://etherscan.io/tx/0x1a0f7b621fa86f006cea4b757634a83b5de53adffd833db15f9a1c7fb83a8407
2023-03-21 22:56:11,True,0.4774,0.0002662,5645.0,1.50282,0x65...ed08,https://etherscan.io/tx/0x33ca9225ec22e411fe7035787dd0a2876c2922212b2f0fd6b7e6b4777356f116
2023-03-21 22:55:47,False,0.4736,0.0002641,4248.99,1.12229,0xc1...0e75,https://etherscan.io/tx/0x977a9a67bc09190c79ea2931873bdce982d34bc2cc343f37aec16a893c73a5ec
2023-03-21 22:55:35,True,0.4753,0.000265,7561.71,2.00452,0x65...ed08,https://etherscan.io/tx/0x016acb6731e523f6bd30b1545566af9de1f1ad96b148520374e21ae4e0589660
