datetime,buy_order,price_USD,price_native,amount_token,total_native,maker,etherscan_url
2023-03-21 19:54:59,False,0.4684,0.000263,307.906,0.081,0x7d...e1f3,https://etherscan.io/tx/0xd0fea98eedeb6fae0c8edaf21fc306933d46c0e04899d7086f17f2318603678f
2023-03-21 19:50:47,False,0.471,0.0002638,2871.0,0.7573,0x5e...822f,https://etherscan.io/tx/0x03c318500245308cae56874a8e6c98674244f7c18ec187c81a54b8cf6c55509e
2023-03-21 19:09:11,False,0.4752,0.0002654,4077.03,1.0823,0x91...d728,https://etherscan.io/tx/0xb82685eaafdb2e32fea9210e9b0ef4195b027e6ddacea9cf0784d6b527e54b97
2023-03-21 19:02:23,True,0.4791,0.000268,90.0213,0.0241,0xfd...0b02,https://etherscan.io/tx/0xa9ade536cc2600219aa39946ecfa806082c7e7f972b74b2c5022aec9f76fd051
2023-03-21 18:53:47,False,0.4778,0.0002665,575.0,0.1532,0x94...7ed7,https://etherscan.io/tx/0xfa7c2ecaf31a529c25c869ce1feb4380f511a9e66b4dcad2fe5ac98e2f346e55
2023-03-21 18:19:23,False,0.4832,0.0002675,3681.93,0.9851,0xfa...aa5e,https://etherscan.io/tx/0x45a82596dfeccaa1a42d25a2e2973e1fbda9ae4c1be8037581ba9c18438130b4
2023-03-21 17:55:35,True,0.4898,0.0002698,1016.9,0.2743,0xdd...cdc3,https://etherscan.io/tx/0xcb0d41d69de8a9171fd0ed40917807a18f67e3a7a61230dc4b09967c92f67f09
2023-03-21 17:55:11,True,0.4891,0.0002694,405.613,0.1093,0x5a...980f,https://etherscan.io/tx/0xd76ea696f9f2b6babf1dce6b0f980eb4269897621478ac667157be4d3bba28a6
2023-03-21 17:45:59,True,0.4864,0.0002684,3681.93,0.9885,0xfa...aa5e,https://etherscan.io/tx/0x650a4a5cddae5dd86d00cca179a745532404beec2cdb7a8da35d29ca8d58b14e
2023-03-21 17:38:59,True,0.4871,0.0002672,1477.27,0.3947,0xb5...e699,https://etherscan.io/tx/0x61a453668398d9f7f133d04da55e858da1c54b0c776e977f57ab608e3786dcf1
2023-03-21 17:29:59,True,0.4832,0.000266,3619.2,0.9627,0x66...8c6b,https://etherscan.io/tx/0xe12d2f0315801ec124ba58776b0813cd8e210b22c012a4e19a5db61c6011671b
2023-03-21 17:06:35,True,0.4802,0.000265,314.758,0.0834,0xd2...a5c7,https://etherscan.io/tx/0x2f9c215a7a339b78e19a4c7dac845f12aa6003c471c721868c9d41176dd31f5c
2023-03-21 17:05:11,True,0.4804,0.0002649,77.9738,0.0206,0xd2...a5c7,https://etherscan.io/tx/0x684ae3f4c34b33f7e0bb635b116293488e421a2fe7f4d6270cee84e6f1b7e229
2023-03-21 17:01:23,False,0.4793,0.0002642,3882.97,1.02619,0x5e...822f,https://etherscan.io/tx/0x1aa8d667f053d23c02f05a8cb45091708570df7b65dff851585e1325f7723270
2023-03-21 16:38:59,True,0.4839,0.0002667,37.4823,0.01,0x44...fbf1,https://etherscan.io/tx/0x9e0a0969e3971fe412d4beb5cf65e959a6d411bcf4c22cff9ada6522d9e9f18f
2023-03-21 16:32:35,False,0.4803,0.0002654,1000.0,0.2654,0x2c...9c94,https://etherscan.io/tx/0x07355df24e299773f0f5163f7c166367928c7ccfeff006a593b4848cc74814eb
2023-03-21 16:05:23,False,0.482,0.0002665,3703.95,0.9873,0x91...d728,https://etherscan.io/tx/0x7cd11bf45c1473e12b7de01760a059d69c4bf4818209976b861b933281987e06
2023-03-21 16:05:11,True,0.4849,0.0002682,3508.78,0.941,0x4b...1402,https://etherscan.io/tx/0x831a87ace6d71cf4986e7cfaffddee952c9ffad8294c3bd6d0b76e7aa1e66933
2023-03-21 16:00:35,True,0.4826,0.0002673,10.8233,0.0028,0xab...b6d3,https://etherscan.io/tx/0x98a44ec690c3472dcf4884957461c156e79394e036d33413c035ba615cc2a220
2023-03-21 15:50:35,True,0.4844,0.0002673,51.0298,0.0136,0x77...ade1,https://etherscan.io/tx/0x0d0afa7e0cb7026a48b8edd538e4dd4a5ee311f8625f8afd19be7c94e13b369c
2023-03-21 15:24:23,False,0.483,0.0002665,3440.91,0.9171,0x8d...4d40,https://etherscan.io/tx/0x767fe1ff8afedecd8bd873e1ccede931adb1d3f0c843dc8d3b38dd2c3a9aebd6
2023-03-21 15:12:11,False,0.4852,0.0002674,412.599,0.1103,0xb0...f28c,https://etherscan.io/tx/0xe73a1d857104f80bcee5c778fc663797197434c7331ed1fe600ef410d92f4232
2023-03-21 15:01:35,True,0.4928,0.0002691,131.272,0.0353,0xb7...70fd,https://etherscan.io/tx/0x83311fd2c90de5081eb69482764d998a5e97e1490624a2bff0ab28728574cbbd
2023-03-21 14:43:11,False,0.4846,0.0002677,989.01,0.2648,0xd4...90a9,https://etherscan.io/tx/0xaae971c78791515aeab259879c32efe6067de1c4a0017b1f78247937612cd87c
2023-03-21 14:40:59,True,0.4873,0.0002695,271.588,0.0732,0xc7...8964,https://etherscan.io/tx/0x48fa2e36fb42f4bf06ec57720a37a5498114f927310127fa4c64afc278b3727c
2023-03-21 14:39:59,False,0.4867,0.000269,5000.0,1.3454,0xdb...9d0b,https://etherscan.io/tx/0xf83ce4bd11c364104cfed152ccaacd0d395992690c3b59b8f2df7b38fc5fb649
2023-03-21 14:28:23,False,0.4906,0.0002706,1500.0,0.406,0xc6...fed0,https://etherscan.io/tx/0xacc4497d72eecb655b9bdba2724bed9fe5a97f604461e82eace8fe1c72ffd7e4
2023-03-21 14:19:59,False,0.4903,0.0002712,1013.0,0.2748,0xd3...a2f3,https://etherscan.io/tx/0x9baea72b29d2dacd46fa4a115b6240aa3ce7574e2d74d8da6f24c53459afb104
2023-03-21 14:12:35,True,0.4954,0.000273,366.184,0.1,0x2e...8e83,https://etherscan.io/tx/0x2c2e89c126cd52ce1f218e617d6ef11853ad24f428096ce74571cd051d9dfae6
2023-03-21 13:59:11,True,0.4916,0.0002724,2211.27,0.6024,0x0a...c744,https://etherscan.io/tx/0x8fb14c933ec5d185daf22e03b0cb8e1c19965dd666978e4f2d21d639b7359ca0
2023-03-21 13:48:59,True,0.4862,0.0002709,3997.27,1.08289,0x4b...1402,https://etherscan.io/tx/0xa83b3928b8f5792dec3ac297927582ef59e71ddb61310168f9bccc1f1f845f72
2023-03-21 13:34:47,False,0.4761,0.0002689,2516.0,0.6766,0xf8...b13b,https://etherscan.io/tx/0x1a25d95e3258ebe16d7228723edfc5c585b0582d8661170903f09f4a84357a35
2023-03-21 13:34:23,True,0.4784,0.0002703,3130.09,0.8463,0x65...ed08,https://etherscan.io/tx/0xc017c95d651f2ecacd4ab2c86c5aee6bf5ff64faea85981f6ff315369f2d4fa1
2023-03-21 13:32:47,False,0.4731,0.0002681,445.779,0.1195,0x40...c761,https://etherscan.io/tx/0x17f67a6c8e92751bd1386e2c7d5d0621b55ca84d2b1bb7e0355582b82d4e663e
2023-03-21 13:27:47,True,0.4759,0.0002698,99.404,0.0268,0x5a...c6f5,https://etherscan.io/tx/0x50fc00515a9572fe92c4057fa577885568714d1612e52e3c27478ff1a64dcdf7
2023-03-21 13:26:35,True,0.4751,0.0002697,209.468,0.0565,0x82...db5a,https://etherscan.io/tx/0x164f18e38e2fc3085e5a51ec6930510cf10baccdcd87efc10e1103dabe9e4b8e
2023-03-21 13:19:23,True,0.4752,0.0002696,110.278,0.0297,0xe1...1e28,https://etherscan.io/tx/0x92e67d8df5beabc3de7366a8a16f4a788324d7142d444a9db54bd7531abab459
2023-03-21 13:03:47,False,0.4733,0.0002686,2580.14,0.6931,0xfa...aa5e,https://etherscan.io/tx/0x499672679de05837cd89fb459a189179fddd8df37ef50eda01e468a70d864b60
2023-03-21 13:03:35,True,0.4771,0.0002707,425.83,0.1153,0x4f...14f0,https://etherscan.io/tx/0xbff430b6294bdfd3aa35dcd6f626e77aa0687ad8b0ade801a76ba2ba0a4eae1e
2023-03-21 12:43:35,False,0.4734,0.000269,29.1517,0.0078,0x21...12ab,https://etherscan.io/tx/0x2fc1099242d5ada1207b0dc75dad53e70d6634e6839d245dba1e99a2f5fe81d5
2023-03-21 12:42:23,True,0.474,0.0002694,5052.93,1.36156,0x65...ed08,https://etherscan.io/tx/0x406e4c5757881105a5097f5c7a84251a0a10792913305a71e885c469fad12e86
2023-03-21 12:41:59,True,0.4705,0.0002676,2351.23,0.6293,0xfa...aa5e,https://etherscan.io/tx/0x2114b5d11f6a33ea9ed60a23c0f90793aab33f1fa401a9ab7c7746284491d69b
2023-03-21 12:14:35,False,0.467,0.0002661,2533.99,0.6742,0x91...d728,https://etherscan.io/tx/0x85606819dc8da2a763d2be9bb0af8fca5ab756ed980d2dbc870386bce1170d82
2023-03-21 12:07:47,False,0.4702,0.0002675,3542.05,0.9477,0x2a...06a6,https://etherscan.io/tx/0x3c672b60626cd3627d86bb90e1f37d51cf38ba85e33909a5058e685e5c04f0a6
2023-03-21 12:07:47,True,0.4729,0.000269,3991.06,1.07384,0x65...ed08,https://etherscan.io/tx/0x5f8a6e34ae8803c03ddcbe4f70ab41e8380ac0ae9ca55d557c49ab291f838957
2023-03-21 12:07:35,False,0.4696,0.0002671,2942.03,0.786,0x5e...822f,https://etherscan.io/tx/0xdfae41781ad0ef38becaf7e295c4963a010552e9c6c4dcb705dd749ccc74a09f
2023-03-21 12:07:23,True,0.4721,0.0002685,3804.44,1.02184,0x65...ed08,https://etherscan.io/tx/0x2215328c4d39e2707e0e5bd6bc9797415e56b363eac5f1ee2b189acd2e01eac0
2023-03-21 11:50:35,False,0.4685,0.0002666,2381.0,0.6348,0x91...d728,https://etherscan.io/tx/0xf7107bce7d9bf28b61892c06a517f3fe467ad071c50b4af6a1ba5907529059f7
2023-03-21 11:46:35,False,0.4719,0.0002681,4265.94,1.14374,0xe6...4540,https://etherscan.io/tx/0xab388f4342000db983a772e4daf082625cbb8d23dcd63b335591c8a86d0d2c78
2023-03-21 11:46:11,True,0.4745,0.0002696,5054.43,1.363,0x65...ed08,https://etherscan.io/tx/0xe5ecc3c33cc251556fc54e5071a846dfdc3c0560ae300103b6e38fa77badc979
2023-03-21 11:45:35,False,0.471,0.0002675,3182.95,0.8517,0x91...d728,https://etherscan.io/tx/0x983f269cf65506482833e76d294cbd9ac31722aac2a7baefd155a4334b8d2d9c
2023-03-21 11:45:11,False,0.4732,0.0002688,2027.0,0.5449,0xf8...b13b,https://etherscan.io/tx/0xb521b41ab9f2b354bc86c14e3671ffe9afa31747270d18e00ad95d0b54521bfb
2023-03-21 11:44:47,True,0.4746,0.0002697,5052.61,1.36285,0x65...ed08,https://etherscan.io/tx/0xd1ebc3ef1b3b2b96f8caad59c131b2fd09c04e5aa707206f87db748250d3a20d
2023-03-21 11:44:11,False,0.4707,0.0002675,2528.01,0.6762,0x91...d728,https://etherscan.io/tx/0x140fc8b19b5ca9624705f57187c2b74407e1768615f7b2bc20fe89795954bcaa
2023-03-21 11:42:23,True,0.4744,0.0002696,258.541,0.0697,0xde...0db7,https://etherscan.io/tx/0x1f73991e2bab4238db47d007569e7c39c3e71cf792cc7f9a219bf819fbcf4c2f
2023-03-21 11:23:47,False,0.4731,0.0002685,2420.5,0.65,0xfa...aa5e,https://etherscan.io/tx/0xd995acbf44246c4063eb4debe376bff0235dd0ae7cdedc9de44dbec160743867
2023-03-21 11:22:47,True,0.4743,0.0002702,2243.01,0.6061,0x2a...06a6,https://etherscan.io/tx/0xfdf46dd5a107c3fde4c452baf44049ea91f4ee4edfa5e6b7c8688758f6165f81
2023-03-21 11:13:11,True,0.4715,0.0002696,294.123,0.0793,0x93...dbe7,https://etherscan.io/tx/0x395c70774389a198a26ff79f1891b897c9291856a66a38d7931935f31c4d0c17
2023-03-21 11:09:47,True,0.4712,0.0002694,551.905,0.1486,0x8a...579a,https://etherscan.io/tx/0xe7d9ebca9a73136a6b0d898e952e7cd420f2611f6af9b25eef79697888d7a1c1
2023-03-21 11:02:35,True,0.4707,0.0002691,414.188,0.1114,0xaf...6792,https://etherscan.io/tx/0xa6e56851cdc6a2ea05d42bfba514a292790185420c449c0cdfc2badd01c45de5
2023-03-21 10:55:11,True,0.4696,0.000269,73.6844,0.0198,0x8a...579a,https://etherscan.io/tx/0xfd62997986e76d93c1d420c7beb7b36758f047548545e8b5a459f1c80f966824
2023-03-21 10:47:23,True,0.4703,0.0002683,2649.41,0.711,0xfa...aa5e,https://etherscan.io/tx/0x5dbc577e273efc730add5a27875a916427ccb74f22412bbe6afb4ad74b06c732
2023-03-21 10:45:23,True,0.4684,0.0002675,654.619,0.1751,0xe1...8643,https://etherscan.io/tx/0xe25654f10d2241955af6fb38167f228ecb10090bc7fa68200c61cdf73e56c277
2023-03-21 10:44:35,False,0.4657,0.000266,1027.11,0.2732,0x97...0896,https://etherscan.io/tx/0x87592cffa2fcc829783d0230622ee48b5e1ed3ce8324dd3799cff6cf4b898642
2023-03-21 10:40:47,False,0.4638,0.0002671,3585.03,0.9578,0x91...d728,https://etherscan.io/tx/0xf2bbf42c7f78f76cf45d9627382c05d05ad11437477e7c1ce214510168761090
2023-03-21 10:39:59,True,0.4652,0.000268,6859.81,1.8384,0x65...ed08,https://etherscan.io/tx/0xa553ead63273c42b8523d39d1565775b707232439ecf0450de630bf4bf118434
2023-03-21 10:32:59,False,0.4613,0.0002656,3890.06,1.03349,0x2a...06a6,https://etherscan.io/tx/0xf8ed1b6bb7bb507c81fb384e61dc2846f2f97645d3f8eced463a8b3a89f10d2b
2023-03-21 10:32:47,True,0.4647,0.0002676,2319.33,0.6207,0x65...ed08,https://etherscan.io/tx/0xe111b005f4d72aa94ad47e011201d082c3f2b8eab835cebc0ec8b580393347da
2023-03-21 10:32:11,False,0.4626,0.0002664,4000.0,1.06581,0xf8...b13b,https://etherscan.io/tx/0x2d6c83094a71f1b53ac2b8d81131e6c2ffff0b269afa76321eab138da0bd069f
2023-03-21 10:32:11,True,0.4651,0.0002679,4634.16,1.24148,0x65...ed08,https://etherscan.io/tx/0x2baffa92b82016928cedf26e4eac2baa48984f75f23e5bb968d80b5c85151731
2023-03-21 10:31:59,True,0.462,0.0002661,2818.14,0.7499,0x1c...3fde,https://etherscan.io/tx/0xe35be17c4266e1a65685654b8407baea163e744944d8fb99048c2d398908d05b
2023-03-21 10:31:59,False,0.459,0.0002643,2352.0,0.6218,0xf8...b13b,https://etherscan.io/tx/0x3cbe3cf4ed8d95e3880589769a2ffc6d66492c06ab76d60ffa851e917c57145b
2023-03-21 10:31:59,False,0.4622,0.0002662,5193.02,1.38238,0x2a...06a6,https://etherscan.io/tx/0xcfbbf3657b01f5690050276a5e119ec528b57995709b3044ef8e3082af763458
2023-03-21 10:31:47,True,0.4655,0.0002681,3860.03,1.03495,0x65...ed08,https://etherscan.io/tx/0xef643b7a925c412291cf58c17ab9c8feedb343a55a1ea7d7cf1a3b1531d3ef41
2023-03-21 10:29:35,False,0.462,0.000266,2047.0,0.5446,0xf8...b13b,https://etherscan.io/tx/0x54099ca1ec0b74d20e18dbb35bc5d2c2f42c615f6d4a464d31604cdc2490e096
2023-03-21 10:29:35,False,0.4632,0.0002667,835.825,0.2229,0xfa...aa5e,https://etherscan.io/tx/0xbe5b461c4dc90f42f3718491d4f3f23295968b66dd3441de9b1a989c2d4018a6
2023-03-21 10:29:23,True,0.4641,0.0002673,5158.64,1.37905,0x65...ed08,https://etherscan.io/tx/0x765f44c5328a5810bd833defe82250d0977e645e970d8ef9a43138f10c939fc1
2023-03-21 10:27:47,False,0.4607,0.0002653,3780.24,1.00325,0xfa...aa5e,https://etherscan.io/tx/0xda13af6dc98f826a35ab2c7f1bfde62712cd0d8b6334a6c62c3f1b406fae9de5
2023-03-21 10:27:47,True,0.4639,0.0002672,2844.15,0.76,0xa8...b922,https://etherscan.io/tx/0x72549d18819c393fce0492284cbc5992625b389a8ea924810774253cfab44c55
2023-03-21 10:21:11,True,0.4627,0.0002664,558.146,0.1486,0x93...dbe7,https://etherscan.io/tx/0xb672d653aa4382915027a1fda56ce1f792a919cea11eaa5307614b2ac0fd24fb
2023-03-21 10:19:59,False,0.461,0.0002652,2411.15,0.6395,0xfa...aa5e,https://etherscan.io/tx/0x7d2e9180a651bcc4bd38869f72cb768b7061398f2b32b4c97cc38acb077510db
2023-03-21 10:19:47,True,0.4647,0.0002673,112.669,0.0301,0xb7...49df,https://etherscan.io/tx/0xc5d4422c99c172c9067b72d88426ff72524eb485a427007ae61ef84e4da003d9
2023-03-21 10:03:59,True,0.4632,0.0002667,2586.91,0.69,0x65...ed08,https://etherscan.io/tx/0x9485696aa07e601b06aa356f0170a85fbcc0451e3beb813b6eb3d1dc1a23db21
2023-03-21 10:00:23,True,0.4613,0.0002656,2163.75,0.5746,0x65...ed08,https://etherscan.io/tx/0xda6eed1d3768094b7112894505bf011b6b0eac581f0f29c2e31f2e9b2c010a22
2023-03-21 09:56:23,False,0.458,0.0002635,74.3827,0.0196,0x6b...117c,https://etherscan.io/tx/0xa43e1b36b8c80aa0a70b065d6122ad5040037039312bb4368ede231526f88354
2023-03-21 09:54:47,True,0.4603,0.0002649,858.741,0.2274,0xcb...dfe0,https://etherscan.io/tx/0xd1e23ac7f625bb8436d03b5044f87f4c4c75ea1fd945fcc00855333959e9b022
2023-03-21 09:39:47,True,0.4588,0.0002646,302.301,0.08,0x2e...f345,https://etherscan.io/tx/0xfd001f0ac0f8ba3c740232958b5e00ddd143ad04a34cac8ba384b3dbed4a5c09
2023-03-21 09:35:35,True,0.4585,0.000264,2266.08,0.5983,0xfa...aa5e,https://etherscan.io/tx/0xafdb9264ba669462d03d320f85cdbcb6a54a61fe5d0c0f13d3375f31b3e09169
2023-03-21 09:33:35,True,0.4569,0.0002629,2432.35,0.6395,0xfa...aa5e,https://etherscan.io/tx/0x09b70771ca550b798728e9ce3f6ac354f983f1eef824c1c4b520afb02df35806
2023-03-21 09:31:59,True,0.4548,0.0002617,2328.77,0.6096,0xfa...aa5e,https://etherscan.io/tx/0x90c28b0cbc2ddc540b6027218f3b373bc8d4fe8ac8d535c9a527aa32245affe3
2023-03-21 09:31:35,True,0.4527,0.0002606,2428.97,0.6331,0x91...d728,https://etherscan.io/tx/0xac4ef11551f6a8113bc1b8ef17ccbe13d463eec9ec3fdc9b2372442608f0374f
2023-03-21 09:24:35,False,0.4479,0.0002592,2832.98,0.7343,0x91...d728,https://etherscan.io/tx/0x6fd5efeb45c9f24ea05bd8274568293fb0d97adb1204210d8bd2ad74855ea053
2023-03-21 09:21:11,False,0.4497,0.00026,713.102,0.1854,0x78...5a29,https://etherscan.io/tx/0x50de5414fe16ff411c7b889ff450b782608cfa56fedefa0bf083380c48c495ce
2023-03-21 09:16:35,False,0.4514,0.0002608,2576.98,0.672,0x91...d728,https://etherscan.io/tx/0xb24dc49602f6af1c78b203bb0b3ff113d34e3295210a83702269c2e1e917fac0
2023-03-21 09:09:47,True,0.4553,0.0002628,734.433,0.193,0xda...7c3e,https://etherscan.io/tx/0xc9911d1338900691428624c911aebe2fd1934d06c3f25f79bdf729be5630ae7f
2023-03-21 08:53:59,False,0.4523,0.0002613,1399.87,0.3659,0xfa...aa5e,https://etherscan.io/tx/0x2771d180679b67db5e34a762abad3ee432f612f915300ae0e24c1b07aa10dd03
2023-03-21 08:50:59,False,0.454,0.0002622,2329.72,0.6109,0xfa...aa5e,https://etherscan.io/tx/0x659027ab37ec5ab747ea1385b02879bf4ffb406b784701cb16fa987592ef9b3e
2023-03-21 08:49:35,False,0.4563,0.0002635,3217.18,0.8479,0xa2...0f84,https://etherscan.io/tx/0x0dbb03e2a9b68ce6a065ff84782d257379bda913079eeec6d07b07603230631f
2023-03-21 08:36:11,False,0.4583,0.0002649,2559.16,0.678,0xfa...aa5e,https://etherscan.io/tx/0x6c67bd4dbec70c00773f56a4e39bf4ddb17431492e03035ec80fe251121e12f0
2023-03-21 08:34:59,False,0.4604,0.0002661,2463.96,0.6557,0xfa...aa5e,https://etherscan.io/tx/0xefca0410f3ed62b401c61c4627c8604e9a9ce6bc5f257d746947de1c7cc2b08f
2023-03-21 08:34:35,True,0.4629,0.0002676,3031.51,0.8112,0xad...bbbc,https://etherscan.io/tx/0x2df676080e2146968833be6fe969ef38d2292db61494469661ef810b8b17491d
2023-03-21 08:32:23,False,0.4604,0.000266,3306.98,0.8798,0xfa...aa5e,https://etherscan.io/tx/0x4557ce283273c6bdfe6b8df2299c9ddfda30c9b5596846b305e5d0659bb7c8b8
2023-03-21 08:24:35,False,0.46,0.0002668,100.0,0.0266,0xc9...7885,https://etherscan.io/tx/0x318951a35567700ff4f89537504efa7051181716829471ab605daddf9dc04499
2023-03-21 08:22:47,False,0.4605,0.0002669,94.0,0.025,0xc9...7885,https://etherscan.io/tx/0xe80a26168517d7a4e82b6a2d2635dbde78cc118e5cd8e32516edf18285048b91
2023-03-21 08:17:23,True,0.4611,0.0002676,3895.26,1.04244,0x65...ed08,https://etherscan.io/tx/0x8bcb75ec13b91cd68d41b05e7ac578031b180aca112704821ebbd2a276d5942b
2023-03-21 08:15:59,True,0.4576,0.000266,2463.21,0.6554,0xfa...aa5e,https://etherscan.io/tx/0x4120e94fd39488ea5529ba9cf2f3e6fc8a915d7922e2278bf01695f0de9ba386
2023-03-21 08:13:23,False,0.4546,0.000264,500.0,0.132,0xf9...52f0,https://etherscan.io/tx/0x9bde412a1d21a8b7a79edca0976795ef9af607e0c1bd9d4c1ebd57f901726583
2023-03-21 08:13:11,False,0.4558,0.0002647,2499.85,0.6618,0xfa...aa5e,https://etherscan.io/tx/0xe7db32147aca28d7b30c7b09fd1208d26e11c78cf76b71a2dd53c397e86b3b12
2023-03-21 08:12:59,True,0.4595,0.0002669,37.1361,0.0099,0xa2...1f32,https://etherscan.io/tx/0xf54b225728344d55d95e0bb79cb32dd6706dad2fed433a811e7ff9847f529389
2023-03-21 07:43:59,True,0.4646,0.0002663,2202.23,0.5866,0xfa...aa5e,https://etherscan.io/tx/0x4c8235719c54d392edb0db6236c2c65e02efcdf829a985a41ac23487cb3fc83b
2023-03-21 07:40:23,True,0.4636,0.0002657,250.0,0.0664,0x62...01c2,https://etherscan.io/tx/0xb3cd1619774ca0d0879d5185fb5f141d38eb90e7441b0b883ffb47133bdf75a0
2023-03-21 07:17:59,True,0.4617,0.0002657,138.444,0.0367,0xa2...768b,https://etherscan.io/tx/0x7de4d4142070d74a7d1f64719a92c0ed63cf2fa5ffaea922ef97ac8e842a2481
2023-03-21 07:08:35,True,0.4606,0.0002651,2163.38,0.5736,0xfa...aa5e,https://etherscan.io/tx/0xdd8fbc1bded6271b4a3cd7fe577d974735f6595215d3d9787f63f6f1becd4144
2023-03-21 07:06:23,True,0.4593,0.0002646,35.9521,0.0095,0x3a...72f1,https://etherscan.io/tx/0x05319242709118f8b1aa3817fed45bc23aaf64523dfee06eacaa8f5e9f9f022a
2023-03-21 07:06:11,True,0.4591,0.0002645,224.803,0.0594,0x14...945f,https://etherscan.io/tx/0x0c64ec2d146421dea0db73c1f7f87e0167d5ed262b3f85cc4aa21b3bc4a28fcb
2023-03-21 06:59:59,False,0.4583,0.0002634,2077.69,0.5473,0xfa...aa5e,https://etherscan.io/tx/0x208efd908a054effd95ab5dd7e08a15c359e94c410dced85018da53f374c4fb5
2023-03-21 06:53:23,False,0.46,0.0002645,2473.04,0.6541,0x91...d728,https://etherscan.io/tx/0xf4f737472c7f4c9bf2f5d7635e5052605dde99580fd827e04dbe76d78c0854a2
2023-03-21 06:46:35,False,0.4613,0.0002656,2213.64,0.5879,0xfa...aa5e,https://etherscan.io/tx/0x78c6577e6acc1045f83724367fe9f66186d9c775fd7a36174bd9683884a64a4d
2023-03-21 06:39:47,True,0.4659,0.0002677,7.95196,0.0021,0x62...7840,https://etherscan.io/tx/0x2c7d133d291dcfd4a90ffd5ebbda77e758acd64d4004ea8a5889ff4470d8dd81
2023-03-21 06:39:11,True,0.4657,0.0002677,45.9632,0.0123,0x09...1004,https://etherscan.io/tx/0x1458e7e73d21b48267461a044d9dd1c71bc4a39fb3728a5fe5f08c2932c5a610
2023-03-21 06:16:47,True,0.4672,0.0002677,52.8627,0.0141,0x3c...cca6,https://etherscan.io/tx/0xbd0acbb2337a26d5412f1c6a3944580c70c7797c5f8c8889d6bcc779a05a7db9
2023-03-21 06:13:47,True,0.4665,0.0002671,2269.59,0.6063,0xfa...aa5e,https://etherscan.io/tx/0x906b5bc8f154c2e5fbd045c52cf3ea659d24deed8d05fe43ea2a0ef2383ff4ae
2023-03-21 05:48:35,False,0.4649,0.000266,4525.42,1.20418,0xfa...aa5e,https://etherscan.io/tx/0xd3a5b4f5b2e61a80ba9d9cf345e0cbd76e8b53c38c82b3c9ded56cbaba499cea
2023-03-21 05:48:11,True,0.4684,0.0002679,3419.04,0.9161,0x65...ed08,https://etherscan.io/tx/0x7228c2511c83d3703c2e0d2256ab3362047cdd58c6dc911377ca2a229464bf0d
2023-03-21 05:47:59,False,0.4661,0.0002666,4575.99,1.2201,0x91...d728,https://etherscan.io/tx/0x75f5167905fa97073db0c635be149c26e76cbf61302ad28f856aa3cad0a2b859
2023-03-21 05:47:47,True,0.4687,0.0002681,5018.36,1.34554,0x65...ed08,https://etherscan.io/tx/0x2f38dbfe5a0009418fb56b199e1d444440a232649d2d04c398b8f824cd5eefde
2023-03-21 05:47:23,False,0.4639,0.0002654,385.88,0.1024,0x5d...8115,https://etherscan.io/tx/0x08c60063758a3485367cb410dac3c385e1e38275c3132be9c5e3deecf8668fb6
2023-03-21 05:47:23,False,0.4656,0.0002663,4326.1,1.15235,0xae...674b,https://etherscan.io/tx/0xcf757a86bae8a0972895f0271a1d1ccf1e2ed9991a905bfbe284a05c56ed3abe
2023-03-21 05:47:11,True,0.4685,0.0002679,5018.84,1.34488,0x65...ed08,https://etherscan.io/tx/0x8802d03f7d861da7ea024821f03e5ac30119cf23ac52f2c4be4499ec446c5945
2023-03-21 05:46:47,False,0.465,0.000266,4326.29,1.15104,0xc1...0e75,https://etherscan.io/tx/0xa902547f2d7d61ca440186cae0d6eedf29ddfed70c93d05026d2197ab2a18528
2023-03-21 05:46:23,True,0.4675,0.0002672,6414.62,1.71455,0x65...ed08,https://etherscan.io/tx/0x1bc37e0347dc9fb6f78bd4660f52c9a2023351542eaff77e4c85005d460c7038
2023-03-21 05:45:23,False,0.4644,0.0002656,6490.13,1.72378,0x49...96b8,https://etherscan.io/tx/0x746352a5a3b88838eaf8dda0f6222ad8a409bc18838e1ee38b10277be8c48277
2023-03-21 05:45:11,True,0.4674,0.0002673,6413.81,1.7145,0x65...ed08,https://etherscan.io/tx/0x2d6b34cc663804b6458dcbbe3ba962dc04033a5bfdf43dd9fa4aa38f8a3182bc
2023-03-21 05:44:59,False,0.464,0.0002654,5101.27,1.35386,0xfa...aa5e,https://etherscan.io/tx/0x8ed6e87a1a14386291abef0df4eef625e26e68407c7cc6cf3d66136cb55b350a
2023-03-21 05:44:47,True,0.4669,0.0002669,5139.22,1.37207,0x65...ed08,https://etherscan.io/tx/0xee9066b51e914cedae4cf6783b9ceafd22803ddda2248ea66044482f324dfc78
2023-03-21 05:25:59,False,0.4635,0.0002647,2338.52,0.619,0xfa...aa5e,https://etherscan.io/tx/0xa981a278314eefded853cf95a0190cea2a5c794a4917eb32a4d04bf79a9d0886
2023-03-21 05:23:23,False,0.4657,0.0002658,2334.7,0.6206,0xfa...aa5e,https://etherscan.io/tx/0x04a55645a878434898391811d670d62225b3209b1c3c59c738c1267f57f966d6
2023-03-21 05:11:23,True,0.4684,0.0002679,98.7717,0.0264,0x8d...b1ed,https://etherscan.io/tx/0x41fbc3b92a0747158375c69d13eaa2dc47511f680b5486529d7e0566178e389e
2023-03-21 05:06:23,True,0.4673,0.0002673,2331.4,0.6233,0xfa...aa5e,https://etherscan.io/tx/0xa17137c3d534bcf3debb9b18ccdcfb21ef1565448dc7fb48fef2aef67c1a8361
2023-03-21 05:05:11,True,0.4653,0.0002662,2481.66,0.6606,0xfa...aa5e,https://etherscan.io/tx/0x3846c1ca29e2922aaf46b46b9e994344cc47421fb79ab7245af7e46f756907cd
2023-03-21 04:51:11,True,0.4633,0.0002656,39.6026,0.0105,0xd9...29ea,https://etherscan.io/tx/0xf5a8ea0ee4053bb00709e4226d772cb67504c88f697ea3e01a084ae88accb1a3
2023-03-21 04:47:35,False,0.4617,0.0002645,2406.83,0.6368,0xfa...aa5e,https://etherscan.io/tx/0xbc1e9c1fc89ef6c8dab5d59229197c2bb13ab01241a0c34d4c53d75a4abc90f9
2023-03-21 04:38:35,False,0.4626,0.0002651,56.0,0.0148,0x4a...6e23,https://etherscan.io/tx/0x5af1d06348e6b3d3a5e847c1fa7f9e1338d0bf407939168081557466c66e38a3
2023-03-21 04:35:35,True,0.4652,0.0002666,391.631,0.1044,0xdd...8def,https://etherscan.io/tx/0x64ecd5129c4ecba801fe0da5d59224c827ca0f26cd10e0837827268d97df3d6a
2023-03-21 04:22:35,False,0.4626,0.000265,25.7149,0.0068,0x16...ae23,https://etherscan.io/tx/0xe28a9686d8b36b03058be7f92acbd9e4da736f349e28d6d751cb44ae9b0ff011
2023-03-21 04:18:35,True,0.4654,0.0002666,50.2634,0.0134,0x50...b954,https://etherscan.io/tx/0xa4b704503ed25bc0713785239fe01ec906d372ddabbb1aef21a96a5a0b71bdcf
2023-03-21 04:17:11,False,0.4637,0.0002656,2659.24,0.7063,0xfa...aa5e,https://etherscan.io/tx/0xea2007e838d0bb71257eafa12b3ebbabbb783a82c0c5ad654116cf46f57aef89
2023-03-21 04:13:35,True,0.4676,0.000267,3420.24,0.9133,0x65...ed08,https://etherscan.io/tx/0x327400313c0de55b352a3a33020a8c87ac85262a4e9b4c2ec0cbc004dae56077
2023-03-21 04:12:47,True,0.4658,0.0002661,424.253,0.1129,0x27...0a68,https://etherscan.io/tx/0xd776540a9c83a932f911874c33aa732f9b40059d31026c0206f7876bd5273784
2023-03-21 04:12:35,True,0.4655,0.0002659,212.248,0.0564,0xd2...8786,https://etherscan.io/tx/0xef1dccbda782f85410a545066978fe24ab76fb8a59b2dd81d22770a82c1c8b7d
2023-03-21 04:03:11,False,0.4624,0.0002644,450.0,0.1189,0x16...018f,https://etherscan.io/tx/0x3dd2ce02857d9021c2740de374e8d95674e675fe5615f21d0c4b16a69928f165
2023-03-21 03:50:23,False,0.4635,0.0002646,277.373,0.0733,0x6a...7265,https://etherscan.io/tx/0xd90300f58c83a6729151ed6400f440145b1a0bd88e0de8eff8a2ff97557eeba2
2023-03-21 03:46:11,True,0.4658,0.0002658,1864.6,0.4956,0xba...7ca3,https://etherscan.io/tx/0x5d787d45731f5b0c5c20082671f56dbb65384364839484eed01f7d9f641815c8
2023-03-21 03:34:47,True,0.4651,0.0002653,16.1307,0.0042,0xae...5eef,https://etherscan.io/tx/0x0c74612a63fbf31c45d2c405adde215eef75c209a4d5af09d1151168347997ae
2023-03-21 03:25:35,True,0.4643,0.0002652,319.844,0.0848,0x0a...0d5d,https://etherscan.io/tx/0x967af2dc991370f01906e44310096ee9d48bf42347d0527b8fc7c3badf7e88f2
2023-03-21 03:18:59,True,0.4632,0.0002649,1254.99,0.3324,0xfa...aa5e,https://etherscan.io/tx/0x1211df6f9feb321086f15ef1cbd126a6a846c8787ec2ac0319508076637976e0
2023-03-21 03:07:59,False,0.4618,0.0002636,2500.0,0.659,0xdc...d286,https://etherscan.io/tx/0x7feb734c6ce24b4a2416063be54978dee02c6ecc79a361ab15d8bc7dcf2d8a98
2023-03-21 03:03:23,True,0.4647,0.0002652,2482.13,0.6582,0xfa...aa5e,https://etherscan.io/tx/0x0070662913b714d099e9bbf485eb55b98c7324e0331048745dd0967b51dcee5c
2023-03-21 03:01:35,True,0.4632,0.0002643,1068.67,0.2825,0x6a...f42e,https://etherscan.io/tx/0xf62482548b4058dcd714a033ce909f5cb10754a4a4a92b89d6f936df2e7d0800
2023-03-21 02:54:35,True,0.4632,0.000264,21.3347,0.0056,0x0b...f3de,https://etherscan.io/tx/0x6600f28ecee0366d64579269d25a9a68c7ec7c78377a94ca1b4de4bd3254d1a6
2023-03-21 02:40:59,True,0.4607,0.0002634,2553.73,0.6728,0xfa...aa5e,https://etherscan.io/tx/0x8a73d6aa40d8fdbb14c3d3c79f226f1138573bee523a5c2db9a0fffe9684607d
2023-03-21 02:39:23,True,0.4584,0.0002622,2634.84,0.691,0xfa...aa5e,https://etherscan.io/tx/0x68ae7b6b03d0b7f4eeb28fbc74cc563526fbf150094c92e3b7c06ad4c7d4392d
2023-03-21 02:35:47,True,0.4556,0.000261,2390.65,0.6241,0xfa...aa5e,https://etherscan.io/tx/0x3570934bc8323641ed9abbbfeb9b4d37855738278752dc0fa4275014c563d113
2023-03-21 02:33:11,False,0.4516,0.000259,449.0,0.1163,0x87...6a6a,https://etherscan.io/tx/0xe57e5490b83bffc4e0863df61272d70f698b061a38d1b19a0f4e539ae8f8fb8e
2023-03-21 02:26:11,True,0.4551,0.0002606,222.869,0.0581,0x72...20bf,https://etherscan.io/tx/0x9e01146b6b7952e30fc2120e3ff346c3133263c591b43e957ff176d409a15b06
2023-03-21 02:23:59,True,0.4549,0.0002605,437.547,0.1139,0x15...bf4b,https://etherscan.io/tx/0x2be924da9762062804f2b6defce1c2b6dcaef3c971a55082c502811726a52395
2023-03-21 02:19:47,True,0.4535,0.0002598,2413.99,0.6273,0xfa...aa5e,https://etherscan.io/tx/0x92646078116eaac0f8d0a2c227f59b6a165a62e6627e2eb4bb18b738cb52cf93
2023-03-21 02:16:59,True,0.4516,0.0002587,2456.09,0.6354,0xfa...aa5e,https://etherscan.io/tx/0x00bd529ea807f40e2d591e984e09515f76de39dc367de2cc11b3780ef54bcb0b
2023-03-21 02:12:59,False,0.4489,0.0002571,2426.04,0.6239,0xfa...aa5e,https://etherscan.io/tx/0x565ae65b159033d76a8a073a5e0bcf195ab402ca4e0baf44587b0d0941d07134
2023-03-21 02:12:11,False,0.4513,0.0002585,3324.31,0.8593,0xfa...aa5e,https://etherscan.io/tx/0xffd6af31a84b1b7c3c62bc06a619290b4f8b10f7c445d746c7d7f597d5b01014
2023-03-21 02:09:23,False,0.4539,0.0002598,2417.76,0.6282,0xfa...aa5e,https://etherscan.io/tx/0x930b26a8bb040c2d8765b2bd974ffffae21b3002a163b1d932988db9eb40dc05
2023-03-21 02:06:47,False,0.4559,0.0002609,2414.66,0.6301,0xfa...aa5e,https://etherscan.io/tx/0xc163be7ec2ee16cdf6e6c59094e918721e392948ec655c1d7b2b5b21ad7ec8df
2023-03-21 02:05:11,True,0.4596,0.000263,387.637,0.1019,0x12...acf7,https://etherscan.io/tx/0xe1e229919857bae56e634363826a00457b584d2ca9dd4a0211d4f13e63ebdd84
2023-03-21 02:01:35,False,0.4585,0.000262,2862.57,0.75,0xfa...aa5e,https://etherscan.io/tx/0x84668811228aced462ac4129663651be66e5417dd902d04542ab5a18ef627d28
2023-03-21 01:37:47,True,0.4606,0.0002642,214.634,0.0567,0x21...3a4e,https://etherscan.io/tx/0x17299d1ae078bb339cb143d86a9f0a1e977926745bf26b28009edf2312806cc5
2023-03-21 01:32:23,True,0.4603,0.0002641,73.9246,0.0195,0xeb...12e2,https://etherscan.io/tx/0xd4edf448e3bc12d1c79c6900d3f412520f4b7bc275c548233554996b324b6bd8
2023-03-21 01:18:23,True,0.4578,0.000264,225.226,0.0594,0x56...609e,https://etherscan.io/tx/0x9918889f2fcfd46e67aecee0ee3f3bfffeb22653ed921f878ae40e2536d8cb06
2023-03-21 01:16:59,False,0.4562,0.000263,2498.33,0.6571,0xfa...aa5e,https://etherscan.io/tx/0x70c28dc8aba77db5653d6d1bd0797a8221b1692e489513cac6f6732b5e1f7661
2023-03-21 01:05:35,True,0.4576,0.0002641,4530.45,1.19659,0xfa...aa5e,https://etherscan.io/tx/0x98c4f40d6736ce6ff1468497d1abc02ad03ce594cf106bbf7f6b5c6abd13fb66
2023-03-21 00:57:59,True,0.455,0.000263,163.051,0.0428,0x73...c06a,https://etherscan.io/tx/0xae801948e76d710cd205d1d586f071701c2757a193b0e2d21fd332f7e00603f4
2023-03-21 00:50:59,False,0.4518,0.0002614,216.456,0.0565,0x1b...ea67,https://etherscan.io/tx/0xbb53ae8e5623bcbc18f8ac84cf74187365245b4ee19b848458d3671de4731be3
2023-03-21 00:48:11,False,0.4516,0.0002615,80.9119,0.0211,0x68...c31f,https://etherscan.io/tx/0x832e44129cc226f209dcf3f233e5e278a2c19d6fe0369190a5bb85c5bb814779
2023-03-21 00:46:59,False,0.4529,0.0002624,3925.0,1.03015,0x91...d728,https://etherscan.io/tx/0xa5416b7977ed7837e38f850e3a93ab94b8a57dbe8c81c683fb9fb7c2cf385f27
2023-03-21 00:35:11,False,0.4571,0.0002635,500.0,0.1317,0x72...6359,https://etherscan.io/tx/0xb94d6d62d933a7ece19eae6b73b6cec553160bcb2cafee36f79468245dd494a2
2023-03-21 00:11:11,True,0.4615,0.0002646,2496.72,0.6606,0xfa...aa5e,https://etherscan.io/tx/0xc321f077e311487c143aef8a16204060b47493530bd8673e9905f0dce98f60c9
2023-03-21 00:09:11,True,0.4605,0.000264,26.2247,0.0069,0x28...7776,https://etherscan.io/tx/0x9b3ee91f68db7f20b5f5836880a92060e683056076d62fc54fe5898765d387cd
2023-03-20 23:53:59,True,0.4615,0.0002639,61.577,0.0162,0x73...42a0,https://etherscan.io/tx/0x714df8028abe2abe6e65cc0f8d58a5409b00c458791c1a0fcd06203b32fd92f2
2023-03-20 23:05:47,False,0.4613,0.0002633,4060.73,1.06941,0xfa...aa5e,https://etherscan.io/tx/0x0133c7089c4d94df3568d5e31fd143bb0a6ef4724d5b28dea52e08f6255a9021
2023-03-20 23:04:35,False,0.463,0.0002643,150.0,0.0396,0x1f...90e3,https://etherscan.io/tx/0xd3e0e879a7509b76feef728b87eca6ae3bd9f48c8cdbfc4cb1f2f818affad4bf
2023-03-20 22:53:23,True,0.466,0.0002657,1004.6,0.2669,0x3c...868f,https://etherscan.io/tx/0x2f62468808e1f096f35eeb536f4b989e2e8518d83b7544bf6f1ec4a482f00b25
2023-03-20 22:48:59,True,0.4647,0.0002654,157.641,0.0418,0x89...e997,https://etherscan.io/tx/0x09dfbf454893722724a81bed2a968ea92e1c298113241655598fc196903d398b
2023-03-20 22:44:59,False,0.4643,0.0002646,3328.01,0.8806,0xfa...aa5e,https://etherscan.io/tx/0x487c7ee5bb4283dc2cd79566a3e2e7047d5c5028a90e8e23025dd9461d3debc1
2023-03-20 22:37:23,True,0.4688,0.000267,84.6679,0.0226,0x5c...84a6,https://etherscan.io/tx/0x4328eaf77ca31f2eb680b9cd2ec098fe73c0fc14d22629f7588956d44c8e7362
2023-03-20 22:35:11,True,0.4684,0.0002667,776.379,0.2071,0xc6...fed0,https://etherscan.io/tx/0x699c9c7a1b6410a9ffd9da465e0c8af5c30527eef49181b800066d9299179010
2023-03-20 22:23:23,False,0.4664,0.0002654,1699.28,0.451,0x2a...bcab,https://etherscan.io/tx/0xc6c1996060f5e84cefba0a9a91ef5d592862c18808ccc6b7e2304b8aa1a5d365
2023-03-20 22:03:47,True,0.468,0.000266,6358.78,1.69168,0x49...96b8,https://etherscan.io/tx/0x1527622c713bc582e4cd52078baa0538d2e73b902ba8ad8c603af2e53e0dcaff
2023-03-20 21:57:47,True,0.4647,0.0002642,396.835,0.1048,0x20...4c0e,https://etherscan.io/tx/0x9a284cd150aa2d2fedb586c2022bf13dd22b2c97cf1a13873c8f8e31eb7fee23
2023-03-20 21:52:59,True,0.464,0.0002641,31.9578,0.0084,0xda...cad4,https://etherscan.io/tx/0x66d38ca3d2be0df6991c6e942a2e7d0df5cb358bf3e87a1e2540aab72e8fc515
2023-03-20 21:47:23,True,0.4638,0.0002641,75.0527,0.0198,0x88...39b7,https://etherscan.io/tx/0xa01c82c9fac7225870ffa78cd28b92a747c410c0c7a356f1184899214b499b99
2023-03-20 21:35:23,True,0.4638,0.000264,346.27,0.0914,0x29...7308,https://etherscan.io/tx/0xa14d3b4bc76150d271843ef851247f867e65fcbefe17608d56c29381fb62b0e2
2023-03-20 21:29:47,True,0.4636,0.0002639,99.3831,0.0262,0xbd...cd1a,https://etherscan.io/tx/0x83a7067c7e5d1790cfe7e8225c17177b7456483ddecf9cedf1592f8f8c97af79
2023-03-20 21:24:11,True,0.4635,0.0002638,250.0,0.0659,0x19...0e37,https://etherscan.io/tx/0x8714699d9ba01aacc14eda8096228d7e22f4c0fadd7b42113870073732ac285c
2023-03-20 21:11:47,False,0.4594,0.0002624,993.25,0.2606,0x23...ef1a,https://etherscan.io/tx/0x096a4f559c840f10fa5a635910e6e75e01fdc8c4427ea5b99775a18df4f8bf65
2023-03-20 21:08:35,True,0.4627,0.0002641,413.712,0.1092,0x6f...bc36,https://etherscan.io/tx/0x9f46741d08f4ab86e8a26be9c76d27cddd31330cfcf1e383507e7413b3239b7a
2023-03-20 21:03:11,False,0.4604,0.0002625,232.551,0.061,0x7d...9aaf,https://etherscan.io/tx/0x47a33c0f07353dafe619c5b8ffdff2b1d59853ba3777c8dda69a02e765f3e8ab
2023-03-20 20:47:11,False,0.4603,0.0002627,632.228,0.1661,0xac...8cf3,https://etherscan.io/tx/0xde343eb0c166c16fcd164e5af50a79fe2b8841c4a4f708d881903f5d8092c105
2023-03-20 20:39:47,False,0.4603,0.000263,462.664,0.1216,0x1e...ff64,https://etherscan.io/tx/0xe63077b8b976c3dec8e512945c7800c37ce7fa6cadf39f56cb5fa87e4b3e4218
2023-03-20 20:33:35,True,0.4618,0.0002642,1733.07,0.458,0x09...8580,https://etherscan.io/tx/0x15f716f7184a7ac9ef373c05eb0c3e782093f568504b48cd640b7ce524fad4cb
2023-03-20 20:31:47,True,0.4614,0.0002638,34.0151,0.0089,0x53...789b,https://etherscan.io/tx/0xea6e9414d956478dfe0b0f9c72dee2ac182c6bb436f98636af446b5f2f59d1c8
2023-03-20 20:24:23,False,0.4597,0.0002637,6558.52,1.72959,0xae...674b,https://etherscan.io/tx/0xd65f9a49af9ed38409b6b075034a18b6c1fc6faec0b3892bfdb1cb0f83b7a032
2023-03-20 20:20:47,False,0.4657,0.0002657,1644.76,0.4371,0x23...082c,https://etherscan.io/tx/0x01b02c7c47cf4a2548184da70caca44c7929d2d5340f4a93e829088da05c8ec8
2023-03-20 19:48:35,False,0.4698,0.0002665,1404.25,0.3742,0x67...ce23,https://etherscan.io/tx/0xde926c6082b85b5dc2180d14a7ef52a0ace818dc4581550ec1c6f352f6628eb5
2023-03-20 19:40:35,True,0.472,0.0002684,209.162,0.0561,0xfd...37be,https://etherscan.io/tx/0x768a11fc85afe9a953472e3c4d64946d10f7d221b43edb948c034e5030c5dce8
2023-03-20 19:38:11,True,0.4713,0.0002682,591.307,0.1586,0xa6...b24e,https://etherscan.io/tx/0x17fc6195c012e4362c4d3419edde60642019443486ae188fd000f639b564c571
2023-03-20 19:32:23,True,0.4706,0.000267,4220.02,1.12697,0x91...d728,https://etherscan.io/tx/0xc58a3f537474a25a35e3d38904be97c76c3f9f1da6b11357b1aeadf0450a6d6a
2023-03-20 19:29:11,True,0.4669,0.0002658,752.285,0.2,0x2e...8e83,https://etherscan.io/tx/0x4a9625540e8709bf2901b1e9a2c317d23ba786be50bf86d4d178f9d6d5de8308
2023-03-20 19:18:35,True,0.4643,0.0002647,3997.03,1.0581,0x91...d728,https://etherscan.io/tx/0x53290ddbc53a071d94c1f374e5ae847da654c3ee7f477d056a7584a8f51fb649
2023-03-20 19:17:11,True,0.4615,0.0002634,1279.19,0.337,0xcc...26d0,https://etherscan.io/tx/0xacc987780f45208097b85f2232b51e8969129ee3cf9e6bbc68c191f234ea6ed1
2023-03-20 18:56:59,True,0.4598,0.000263,489.878,0.1288,0xa6...b24e,https://etherscan.io/tx/0x8385dcd1d46b2122979b54a3093348e5d9351b6982ac8b04d187e73a3e246879
2023-03-20 18:56:35,True,0.4602,0.0002627,10141.2,2.66469,0x78...be30,https://etherscan.io/tx/0xda2b68e20d65f4ffdcfaac023a4d2389ab87a464e367dc4c4ccbcff29778953c
2023-03-20 18:56:35,False,0.456,0.0002603,16000.0,4.16575,0x65...ed08,https://etherscan.io/tx/0xc1d809cd565c37bbe77d7de90c2732659d0bf7d88b614521a75bb8a0d19effac
2023-03-20 18:55:47,True,0.4648,0.0002652,1885.08,0.5,0x44...b5b6,https://etherscan.io/tx/0xb11769ffc391e9e889b759e4ca504d96a2b8d3a567d5c98476af3572e92ab300
2023-03-20 18:55:23,True,0.4604,0.0002625,10710.4,2.81166,0x31...8903,https://etherscan.io/tx/0x42f57b70b7e4394cf1378d0651eb760e71eb5eea494c47391656ad9cd4bc375a
2023-03-20 18:55:11,False,0.4573,0.0002605,10000.0,2.60517,0x65...ed08,https://etherscan.io/tx/0x2b5c749298f1133a45522d2c4dc04d78c92deee290c3bc7ff55a9202de5b1d93
2023-03-20 18:54:11,True,0.4653,0.0002649,7160.65,1.89715,0x9a...6ea8,https://etherscan.io/tx/0xe5aef97854362273e88fa500ed963a7031b272865154cb196cca911397b35780
2023-03-20 18:54:11,False,0.4598,0.0002618,10000.0,2.61827,0x65...ed08,https://etherscan.io/tx/0x8483e5faf26a99a964d6f90cc598b2f07aeede132ba52c38154e4f184dd22ed1
2023-03-20 18:53:47,True,0.4652,0.0002649,3368.31,0.8924,0xfa...aa5e,https://etherscan.io/tx/0x310bac7025ee0b85892a9ae590ecf331b468fbf1e9ce230ab082e4a853de4825
2023-03-20 18:53:35,True,0.4629,0.0002633,3486.38,0.918,0xc9...d921,https://etherscan.io/tx/0xf38b590cfb6cf0efe42800f47ea9b73970fb08d1779bdae5f125b36e8631aee2
2023-03-20 18:53:35,False,0.4628,0.0002633,10000.0,2.63299,0x65...ed08,https://etherscan.io/tx/0x42640af0cdf7aba8505eb2dcea3d1861c9f36593a86c0b343fca40585f195269
2023-03-20 18:53:11,True,0.4651,0.0002645,11197.7,2.96277,0x11...c2bf,https://etherscan.io/tx/0x06315845a0fea16f0d20094a68e11228a09678482309ff4577d8cda0bd492f25
2023-03-20 18:53:11,False,0.4605,0.0002619,6800.0,1.78133,0x65...ed08,https://etherscan.io/tx/0x6fe3d7eff39ade09a4f7016cda982d9bba86e7b29a36ae1952458c091da5781b
2023-03-20 18:53:11,False,0.468,0.0002662,11197.7,2.9813,0x11...48d5,https://etherscan.io/tx/0x5282e38a6b788073d843a1e8c77dace880b2ba90585a89c0892248ca7d7a31e3
2023-03-20 18:52:35,True,0.4749,0.0002702,1465.56,0.396,0x4b...5843,https://etherscan.io/tx/0x6342e27b06cb410d506e49c9a70d7b83c6acad722640aa1a1b56d41467d50a9e
2023-03-20 18:42:23,False,0.472,0.0002689,2893.0,0.778,0xf8...b13b,https://etherscan.io/tx/0x2d31f9a83d6847ac1ad901bef7e6ae6b0e9f311278d420793b5775f3ebb39a82
2023-03-20 18:42:23,False,0.4754,0.0002708,4931.02,1.33559,0x91...d728,https://etherscan.io/tx/0x4c48088d85e5200c881b16167eef623c1297b4badb3ce385eec4e26df3681918
2023-03-20 18:42:11,True,0.4789,0.0002728,3373.84,0.9206,0x33...fa09,https://etherscan.io/tx/0x8e5c11784e4664867e7e08245293a3cec885085792cb1ab4e876f83ed2b55151
2023-03-20 18:22:47,True,0.4769,0.0002712,3551.16,0.9632,0xfa...aa5e,https://etherscan.io/tx/0x56e7a0e538905a279c7c1096e9efccf9dbcc08c73d7cbf34d4fea44ade3bc96b
2023-03-20 18:19:47,False,0.4733,0.000269,1000.0,0.269,0xef...f253,https://etherscan.io/tx/0x3b90686986751fbb4d3bb8d2d58d7a164c805ebd8b468b054b71d947d5399d61
2023-03-20 18:18:11,False,0.4747,0.0002695,1373.0,0.3701,0xef...f253,https://etherscan.io/tx/0x1c37120d4149231ab8e5274e7df65800aca415b2ea86c219c282f64dd0795acc
2023-03-20 18:17:23,True,0.4764,0.0002704,4534.55,1.22625,0xfa...aa5e,https://etherscan.io/tx/0x6f0afb51317abb00abdc710b0c8e5bf7ebd0b8341a9e97ba78369332fcefd725
2023-03-20 18:17:11,False,0.472,0.000268,1400.0,0.3752,0xef...f253,https://etherscan.io/tx/0x0108199cb2c13dbecbd5e0982bd7e4f1bbded525d9ed290d59c46b353db2275c
2023-03-20 18:13:11,True,0.4733,0.000269,4055.61,1.09097,0xfa...aa5e,https://etherscan.io/tx/0x2f926fadbb01d9955bc2f864117f11fa751bf4a1fad59a8a2a44bdd3ce9f27ba
2023-03-20 18:03:11,False,0.4672,0.000267,2508.22,0.6697,0x33...87b8,https://etherscan.io/tx/0x700701ae1c4d6d3ef083d9dc84ffe4f93b6ab0c36b8d20337b5ed798bc88da52
2023-03-20 17:51:59,True,0.4712,0.0002679,6303.84,1.68887,0xcc...437d,https://etherscan.io/tx/0x3cb1c20f58d50de170aadc266e86971d277f76515c448484ab4686584dc1d76a
2023-03-20 17:51:47,False,0.4695,0.0002668,9600.0,2.56216,0x65...ed08,https://etherscan.io/tx/0x2a1a0b369a5c15c7414d3594d3c3cbe66d6ad880b167222231b7297a3cf9e1be
2023-03-20 17:51:23,True,0.4723,0.0002686,9121.28,2.45,0x84...31dc,https://etherscan.io/tx/0xec05dee1e79d7aeaaa2b9d94275cae5e2bd3d891881da3a469a5a9a11ff45b55
2023-03-20 17:51:11,False,0.4684,0.0002665,7200.0,1.919,0x65...ed08,https://etherscan.io/tx/0x37e6a92c3ffb68fe793882d1e798cb7e0c6033393a6c4b9f56745c03d6ae3697
2023-03-20 17:50:47,True,0.472,0.0002685,6300.71,1.69203,0xc1...0e75,https://etherscan.io/tx/0x478452aab3a0d62ff4a861e6b880ab5b711e132cc7fd2dc30fc725ee8e0181e6
2023-03-20 17:50:35,False,0.4703,0.0002675,9800.0,2.62232,0x65...ed08,https://etherscan.io/tx/0x3fb7baade0465cf4b7e7756c1a07bbefbb6ca88eb47af8681e2173dbc6f9aabe
2023-03-20 17:49:59,True,0.4758,0.0002707,4172.86,1.12968,0xcc...437d,https://etherscan.io/tx/0x1e687810dec65702d32706bef5f2faae4f27992699de02a00f08d4272e5ba2f3
2023-03-20 17:49:47,True,0.4723,0.0002687,3349.26,0.9,0xce...fba1,https://etherscan.io/tx/0xe94ad174f990b5d55669f46fb9e82fb31264684dababa56f8c2e3e646377f3dd
2023-03-20 17:49:47,False,0.4715,0.0002682,8000.0,2.14591,0x65...ed08,https://etherscan.io/tx/0x630e503a0727e7b04b40811448c5796196752030967ced2add87e1aaf3affbc4
2023-03-20 17:48:59,True,0.476,0.0002704,6252.19,1.69091,0x49...96b8,https://etherscan.io/tx/0x15cf41ba1718992b46b46e2507ade2208fd13b64b311fc49e7d3c57ea4533a68
2023-03-20 17:48:47,False,0.4736,0.000269,8000.0,2.15264,0x65...ed08,https://etherscan.io/tx/0xca4e5a3a12a221aa3ad33784f847f9b8ff287363065fca0c53e546ce05071bf5
2023-03-20 17:48:35,True,0.4772,0.0002713,5340.09,1.44901,0xfa...aa5e,https://etherscan.io/tx/0xaeee9977092181792e08e5e2f20ec806c9f291d94df031ccd968ac7df71fae8e
2023-03-20 17:48:23,False,0.475,0.00027,6720.0,1.81481,0x65...ed08,https://etherscan.io/tx/0xcfec6e83f024a0bc3dcec8ebd8689d08b9388954c47e07d730c5f6e22ed403bb
2023-03-20 17:37:23,True,0.4814,0.0002732,253.899,0.0693,0x94...7ed7,https://etherscan.io/tx/0x59e659cfe9b5819b1c2e5e4457a27b0838a908d24ea5c89fb3146b1e98ba4b96
2023-03-20 17:37:23,True,0.4797,0.0002723,3574.47,0.9734,0xfa...aa5e,https://etherscan.io/tx/0x5a93be68996c86d06b1e53a0a2e50f46cc68811ae53ce3768cf763f62341875f
2023-03-20 17:24:59,False,0.4756,0.0002707,3849.99,1.04246,0x91...d728,https://etherscan.io/tx/0x2fa6551405d61d1cade3eac7818b5221616468d129646854dc1dd9c0872fafb0
2023-03-20 17:22:47,False,0.4778,0.0002726,3819.05,1.04134,0x5e...822f,https://etherscan.io/tx/0x916fb8b4d750d0dc99a99ee486f6c629b6455190324357018553e1fccc9e6820
2023-03-20 17:18:59,False,0.4828,0.0002745,3699.98,1.01584,0x2a...06a6,https://etherscan.io/tx/0x815e05f4a6050299524e4f6c7942ffac2c6715b2d260ec21ef9b11e5c51d0bb1
2023-03-20 17:05:23,True,0.4888,0.0002766,1848.14,0.5113,0x7f...3621,https://etherscan.io/tx/0xcfd81f7b0c097ccfa1826c593bcb1bc1af204a5c2fefd322ba41f17959bc0569
2023-03-20 17:02:35,True,0.4861,0.0002754,2878.67,0.793,0x5b...23cd,https://etherscan.io/tx/0xf77ab3592620096709aa0757db584571ad1d19687efb9a0712b511d81c31bdfd
2023-03-20 16:48:23,True,0.486,0.0002747,72.1619,0.0198,0x0d...a633,https://etherscan.io/tx/0x48c4adcd900406f0bcb5265af4c26cf29b8468608b080832ad3476c7a77bd9d8
2023-03-20 16:43:59,False,0.484,0.0002736,2373.39,0.6495,0xdc...d286,https://etherscan.io/tx/0x2eb426cbe43148797cfa9b73722856a7ebe48dd0771723b71c6da733c0dd345f
2023-03-20 16:33:35,True,0.4866,0.000275,3604.61,0.9912,0xc6...6e0d,https://etherscan.io/tx/0xee64088a2835000128e043154dc9b3d4c744915661b3ffc5c4c30807118f1833
2023-03-20 16:18:23,False,0.4811,0.0002724,139.0,0.0378,0xef...f253,https://etherscan.io/tx/0x7e3da2d8b537e081090165566ffce9c916792577fd2f9c6e203783d18c7f858e
2023-03-20 16:14:59,False,0.485,0.0002744,7531.75,2.06676,0x24...15cd,https://etherscan.io/tx/0xb57fd51a570b7295d4967023fdc069a7cfd10c2ada135359399e5f539ed3aa3b
2023-03-20 16:12:59,True,0.4909,0.0002779,30.1101,0.0083,0x93...1e0a,https://etherscan.io/tx/0x0533bc4ccc2235fbab5d6b726fca18207ee9e1a20a35d411d658e59aa4d8bedc
2023-03-20 16:01:59,False,0.4912,0.0002766,1500.0,0.415,0xef...f253,https://etherscan.io/tx/0x658428629ddeb2e47d9bb476a2b5fb0bd8b9f79c7468b33bf02e91a2122b1785
2023-03-20 15:46:23,True,0.4909,0.0002782,2000.17,0.5564,0xe5...0cff,https://etherscan.io/tx/0x18f3e9e8c9345e00eed2507f7fdc516034058c4e8378ab6fdb0b4cbe165aadd8
2023-03-20 15:39:59,True,0.4914,0.0002776,24.2107,0.0067,0xce...5a47,https://etherscan.io/tx/0xe3685604b23ecfd6f33cbadecfb333bf9567ba8ef3f30d826e5844e71020b4a4
2023-03-20 15:32:23,True,0.4909,0.0002775,472.981,0.1312,0x74...d3ae,https://etherscan.io/tx/0x8d8192e837efd85416346442f02762b34fa174a0466bb430ca0265a1f5e73c4c
2023-03-20 15:15:35,False,0.4878,0.0002764,2500.0,0.691,0xdc...d286,https://etherscan.io/tx/0xd2eb5ee376899b5e6041a7370614e071691f9c25c529fb490f4385e95756cae7
2023-03-20 15:09:35,True,0.4902,0.0002778,3568.16,0.9912,0xc6...6e0d,https://etherscan.io/tx/0x6dcfea41f57cf24594eb68dcc957a7affca3c5b27bf68b03122e43ea54be7c2f
2023-03-20 14:29:47,False,0.4894,0.0002758,2500.0,0.6896,0xef...f253,https://etherscan.io/tx/0x1299b1fda280ec25d445be09f2f7c0eb85d9a9b524fd001d3e0ce4535f5651a8
2023-03-20 14:29:47,False,0.4894,0.0002758,2500.0,0.6896,0xef...f253,https://etherscan.io/tx/0x1299b1fda280ec25d445be09f2f7c0eb85d9a9b524fd001d3e0ce4535f5651a8
2023-03-20 14:20:59,True,0.4936,0.0002781,201.709,0.0561,0x1f...90e3,https://etherscan.io/tx/0x984123dfa55673b806f2df4ecc1efb982828c515f088750448866f688f1ffab4
2023-03-20 14:18:23,True,0.4929,0.0002777,1379.15,0.383,0xe8...c3a0,https://etherscan.io/tx/0xf18b81d4c93b95457b251abff84e7d1c007207a00e9f84819ff1a2bacfedcbb9
2023-03-20 13:33:35,False,0.4911,0.0002757,185.956,0.0512,0x31...dfc0,https://etherscan.io/tx/0xf01495c63cb5aa29ab9de8c9664d524f0148ab0aa195345a89ca5a57773c14c4
2023-03-20 13:15:59,False,0.4908,0.0002767,3566.98,0.9869,0x91...d728,https://etherscan.io/tx/0x1c0c594e1c3dd011a63ad4457d2af0d041959b4ad6db8762a3ee53b44ddc2dd2
2023-03-20 13:14:11,False,0.4924,0.0002776,142.66,0.0396,0x70...4f9b,https://etherscan.io/tx/0xba66cdce19cd17e3eacba0e69658010160f11963303b38882f7ec4eb0fc17d39
2023-03-20 13:02:23,False,0.495,0.0002782,2085.22,0.5801,0xfa...aa5e,https://etherscan.io/tx/0x366e45a22c62e4ed138c678bdd2b572b98af29002425d8de3b686433c7ffb159
2023-03-20 13:02:11,True,0.4987,0.0002803,491.166,0.1376,0x88...17f1,https://etherscan.io/tx/0xf98b3133b4f60459d0dfec962971a2016450d2160528363d8d6c9954267b0ce4
2023-03-20 12:48:23,False,0.4933,0.0002785,240.146,0.0669,0x83...2c29,https://etherscan.io/tx/0xb25c054f3e19a4ebfd639cb232ce5ec506871290e847e3fa6e8736d84075b7b7
2023-03-20 12:47:35,False,0.4953,0.0002793,2698.31,0.7536,0xfa...aa5e,https://etherscan.io/tx/0xbf2c133cbc602e30f625de3e90b606512ba5156629f0cb13c795174328edf652
2023-03-20 12:35:59,True,0.5028,0.0002816,39.2701,0.011,0xb8...5246,https://etherscan.io/tx/0x106c218cfa013cf62a92fedcf9c9aaf0bf38a81f23b4a5709f5d6a2930edbe80
2023-03-20 12:26:11,True,0.5015,0.000281,2415.94,0.679,0xfa...aa5e,https://etherscan.io/tx/0x855a11553c82e9e5b13623904d48437351e072314146911b9fe440ad6748680a
2023-03-20 12:01:35,True,0.4976,0.0002803,142.66,0.04,0x70...4f9b,https://etherscan.io/tx/0x35a0ac4987fb4d103e77406017c3dabaa450979663255804f83a9535a6ae4f70
2023-03-20 11:55:11,True,0.4976,0.0002803,17.6791,0.0049,0x22...e295,https://etherscan.io/tx/0x95e04e905cf3a68876a7bf41c41e3bb719d6e5f6beb330a159eac16cb314b0da
2023-03-20 11:23:35,False,0.4945,0.0002792,2368.98,0.6615,0xfa...aa5e,https://etherscan.io/tx/0x5434b12a5819ff649c3e505831cd2d07eef08a165bf797a1790ea3c18e9a3269
2023-03-20 10:29:11,False,0.499,0.00028,500.0,0.14,0xd6...95dd,https://etherscan.io/tx/0x205a81a92b5b1faa08660890092c6ff576b79a6cd682721e40e4af4bde432776
2023-03-20 10:11:47,False,0.5007,0.000281,3400.0,0.9555,0xb7...5e3d,https://etherscan.io/tx/0x6128bcb38b2c99bb20507f8eda673b542a7d3f1b8e89782eb40a489843682636
2023-03-20 10:01:11,True,0.5072,0.0002836,58.2539,0.0165,0x05...30d7,https://etherscan.io/tx/0xd18067e2eeeabd835ef9e8cc52ea8f0f2d082aebffccaef5a37628b52c2c0125
2023-03-20 09:59:35,True,0.5072,0.0002835,223.028,0.0632,0x3c...868f,https://etherscan.io/tx/0x4df54a22810a08730ccf8ef9e1462d1782735a91330b93c1e4222475ea7f754b
2023-03-20 09:51:47,True,0.5054,0.0002834,213.324,0.0604,0xf4...2665,https://etherscan.io/tx/0x2c2074a8a06d2be20523beb395feb170e618522a270109fed59909bf78ea6532
2023-03-20 09:32:11,True,0.5058,0.0002833,1.74037,4.931e-05,0xf4...cf37,https://etherscan.io/tx/0xa3ce1a18acc408ac4dc7e944900872aa6eb4cfaabb57a1a3372683efd04cbdc7
2023-03-20 09:14:23,False,0.505,0.0002823,2609.02,0.7366,0x2a...06a6,https://etherscan.io/tx/0xd59483dbc5ff474b72449671abd910be487b75b7c9aae4d0a17ca39c3ee178f3
2023-03-20 09:00:59,False,0.509,0.0002837,2574.27,0.7303,0xfa...aa5e,https://etherscan.io/tx/0x794f948dd24cbda04c7651717a46afd25f34a4ae4ec95a998e98e547de811748
2023-03-20 08:48:11,True,0.5106,0.000286,37.8967,0.0108,0xe6...9d49,https://etherscan.io/tx/0x4eb69912bbad4299092be6d7d73752c992e576b6a571711764bfd321227851cf
2023-03-20 08:40:35,True,0.507,0.0002854,2209.38,0.6307,0xfa...aa5e,https://etherscan.io/tx/0x13bb28fc13ac1d9294c3611972d14da0b3cde4f12c0c2df800171765ecae7e1e
2023-03-20 08:34:23,True,0.5039,0.0002849,17.5501,0.005,0xf3...a762,https://etherscan.io/tx/0x781dc4910257fd29504ce82d56fbdd6e2be378d57f5ad606790d6288aeb01fc5
2023-03-20 08:34:23,True,0.5038,0.0002848,29.3512,0.0083,0x65...9f41,https://etherscan.io/tx/0x6416eb7240c863e9ff9ad497dbf671a37e658e63eaa0c8ae199137330725d850
2023-03-20 08:18:59,True,0.5027,0.0002842,2497.69,0.7098,0xfa...aa5e,https://etherscan.io/tx/0xeb304f780b6b52c481e3a8fb134fa46ac7a3778723e3cc0986286a6cecb95896
2023-03-20 08:14:35,True,0.5017,0.0002834,423.51,0.12,0x37...1033,https://etherscan.io/tx/0xe3bdf07bf91fd08725f5912d8cddd25caaa59f07c4be363c64332788b8fc15d6
2023-03-20 08:14:23,True,0.5004,0.0002826,2546.1,0.7196,0xfa...aa5e,https://etherscan.io/tx/0x0d04254b769ba574e8a3cfda15cf888baa7a52f0542c7b55e4920251759f52ec
2023-03-20 08:10:47,True,0.4971,0.0002819,251.841,0.071,0xe4...d457,https://etherscan.io/tx/0xe134f3f050b9783116898aebb21e3000e32663d65b34d84a7bc9912529f17283
2023-03-20 08:06:59,True,0.4965,0.0002818,35.48,0.01,0xe6...9d49,https://etherscan.io/tx/0x7c893f86437102857b625759b76ffd35d96b1536256b9f2a02503b9ad5a48a76
2023-03-20 07:55:11,True,0.4963,0.0002816,697.555,0.1964,0x60...720a,https://etherscan.io/tx/0xcf684e596759b3988e763a2a7d3bfcc05bd688208830a23e189744fb0aa84d65
2023-03-20 07:47:35,True,0.494,0.0002814,25.9539,0.0073,0xaf...041b,https://etherscan.io/tx/0x7e03de1b0a31889039cab1c6d564656f4402ad3b33a1edc13c239dc746acb3bb
2023-03-20 07:43:23,False,0.4924,0.0002804,2442.03,0.6847,0x91...d728,https://etherscan.io/tx/0xe0a88ce644cfd05593208635519ce72609b20548b712041d88a37495551a98da
2023-03-20 07:42:35,False,0.4937,0.000281,42.9326,0.012,0x61...7c42,https://etherscan.io/tx/0x5496122f45ab2326eb9b628dad58c9a91177b4253a3e61410a9d0a2db6bec0fa
2023-03-20 07:39:11,False,0.4944,0.0002812,676.055,0.1901,0x1b...706c,https://etherscan.io/tx/0xa9945fe0f96cdcaca339a571c90410d550bd0bc830dda0dea8d8fd24f8780f20
2023-03-20 07:26:47,True,0.4989,0.0002831,27.6833,0.0078,0x8f...e4b7,https://etherscan.io/tx/0xa2bad79113ce931035dc1346592350196a9b43d71ed453397ddc42808d71bcbb
2023-03-20 07:11:35,False,0.4982,0.0002827,5015.99,1.41814,0x91...d728,https://etherscan.io/tx/0x9b2b788bf6f4b2b0cda5a8e63dd836d64ecc9c70039bb56b2608809230004211
2023-03-20 07:11:23,True,0.5005,0.000284,6386.86,1.81423,0x65...ed08,https://etherscan.io/tx/0xea643749e2e9fdf11b5b5abc242e61593f86763531fcb8d1bb51a5c0e8a1b406
2023-03-20 07:09:59,False,0.4972,0.0002821,6055.98,1.70881,0xae...674b,https://etherscan.io/tx/0xd034a6b1d92e9edeca52cf4d981f9140a6f7d1c6ec2f56f73dfe1feb322671e3
2023-03-20 07:09:47,True,0.5009,0.0002843,4784.11,1.3601,0x65...ed08,https://etherscan.io/tx/0x4c0cb3c21bfaa3c82b345965d29bea1ececbf26e8df96a5edeb84e90717d0ec3
2023-03-20 07:09:35,False,0.4968,0.0002819,2325.03,0.6555,0x5e...822f,https://etherscan.io/tx/0x3f825bef116ec37d88894985cf114395caf12b5f12ff4995966087b22449b0e6
2023-03-20 07:03:35,True,0.4993,0.0002834,3201.62,0.9073,0x65...ed08,https://etherscan.io/tx/0x91a75cd89c33a793bcf799d229cd8105039223b4a338f7d9ccc66d57675acfc0
2023-03-20 07:01:23,True,0.4967,0.0002825,78.2496,0.0221,0x16...5187,https://etherscan.io/tx/0xd9cc529fd106aada2dcfea6ff7fc518f1252c0aed3c20992bed10543ca8484ec
2023-03-20 06:52:11,True,0.4932,0.0002812,4858.69,1.36651,0x65...ed08,https://etherscan.io/tx/0x0288a24cbf6342c371c3b799a2b74a182368d90fe8b12792856dbcac5f2ae8f7
2023-03-20 06:51:59,False,0.4895,0.0002791,3260.96,0.9103,0x50...be22,https://etherscan.io/tx/0x927bee66e043c0cfb1cc99eed684e4e79632bae29be1c42dfd6330ec7c835817
2023-03-20 06:51:35,False,0.4926,0.0002809,3616.98,1.01614,0x91...d728,https://etherscan.io/tx/0x25acafadb0ab8ca892387cf003aa8e8406ccdabb78631d3438bf3eedc60ab501
2023-03-20 06:50:47,True,0.4957,0.0002827,3223.34,0.9113,0x65...ed08,https://etherscan.io/tx/0xd7b3b2c5d6fe77bca167aea98cc65b531ed89978b054ef3ecf77a6e0f43126a0
2023-03-20 06:50:23,False,0.4928,0.000281,4088.01,1.14903,0x49...96b8,https://etherscan.io/tx/0xf1a34654fb68f7b13a7179bd2a42715eca849c055c5ed7f8b080bb8ad01e68da
2023-03-20 06:50:11,True,0.4952,0.0002824,6053.58,1.70972,0x65...ed08,https://etherscan.io/tx/0x73408d706ab0994c184ec079910b550366766197a9efd6e935a2b82aa125d0de
2023-03-20 06:49:35,False,0.4922,0.0002806,6137.9,1.72234,0xe6...4540,https://etherscan.io/tx/0x987e78a5ff4827bf3e164e3fe8dcdfbcae5a491e3c4fc38a7e55306515655057
2023-03-20 06:49:11,True,0.4949,0.0002821,7271.62,2.05166,0x65...ed08,https://etherscan.io/tx/0x3c95339b0904e5ad6de9857fbc6e4fcb56517c9e346c902c1869512a2e170c3c
2023-03-20 06:48:47,False,0.4895,0.000279,1925.0,0.5372,0xf8...b13b,https://etherscan.io/tx/0xe76dbabd140e44eff0d53998398f400ef882612b57c20fc0e6d745b95dc0b34a
2023-03-20 06:48:47,False,0.4919,0.0002804,4094.42,1.14836,0x49...96b8,https://etherscan.io/tx/0x1c229d122f6766ca11a2350aa6961a847f9a413f2622b01a328eed57eac661c1
2023-03-20 06:48:35,True,0.4943,0.0002817,6067.88,1.70989,0x65...ed08,https://etherscan.io/tx/0xa7c1356720b0b9e64b087440a45cadf82e3af3357c8c6fddff51b6cdeb51d86d
2023-03-20 06:48:23,False,0.4911,0.00028,6138.85,1.71897,0xae...674b,https://etherscan.io/tx/0x7a3fb2ee68e81ae0e8e2f65a7ad5c67222b821bc5472432cf3f5472672a7a2b8
2023-03-20 06:48:11,True,0.4941,0.0002817,6468.39,1.82225,0x65...ed08,https://etherscan.io/tx/0x8ecd57365b5b03e29ca1ef5c8e6f768421968579b5639e5a6396469d4514d0ee
2023-03-20 06:42:23,False,0.4893,0.0002789,2351.01,0.6558,0x2a...06a6,https://etherscan.io/tx/0x16b6a69cc65d0c1de2756d16cdef00e167b7e8a9fcc34f00e6cded10af948fb1
2023-03-20 06:22:35,True,0.4933,0.0002812,9.74558,0.0027,0x1d...daa4,https://etherscan.io/tx/0xe1ad7aba3be83a1a2df988fe9d44ddbe0a007661198abb3a912a108d8614f6d5
2023-03-20 06:20:47,False,0.4916,0.0002801,2154.91,0.6036,0xbc...f77f,https://etherscan.io/tx/0x71c50fa275fd30a9590349c8b97e8fbfbd957a70c9bf8bf7eaae2b9ab80ab5ec
2023-03-20 06:19:35,False,0.4928,0.0002807,329.208,0.0924,0xa0...79d1,https://etherscan.io/tx/0x1780330dc697e4db7cabd85a3cc1c4e45e2e97aa818a0321711690598ec07f09
2023-03-20 06:16:35,True,0.4943,0.0002814,4044.75,1.13853,0x65...ed08,https://etherscan.io/tx/0xbb9e742197580b7d51c21d7b93d473ac1fa0f1fe335853723ca3e6161ddb6636
2023-03-20 06:07:23,True,0.49,0.0002797,2480.03,0.6938,0x49...c416,https://etherscan.io/tx/0x10fc2b3c55da3ecb61adf54c36eff0538a6dcbcb9f167ded5adc53dd026486c4
2023-03-20 06:06:11,True,0.4889,0.0002791,142.655,0.0398,0x8b...f6b6,https://etherscan.io/tx/0x65bdee7e90ce94ed141acac7e174447d5e639f5e4d52036f363662691e0381eb
2023-03-20 05:57:47,False,0.4871,0.0002779,2234.1,0.621,0xfa...aa5e,https://etherscan.io/tx/0xea8e325f170b4c7acfa4aa108ce38cb58e7cbe0874f32378a46562b98c6a1508
2023-03-20 05:45:47,False,0.4891,0.0002793,3164.03,0.8839,0x91...d728,https://etherscan.io/tx/0xf9610600eca237aeafc5533827d907e959b3601ee06e312c4e252d61d04d5790
2023-03-20 05:45:11,True,0.4916,0.0002808,4065.67,1.14166,0x65...ed08,https://etherscan.io/tx/0xf650dbed353c50e6e13cd37b6d5306d5bf982ded26198ec70b013c646049de4e
2023-03-20 05:44:47,False,0.488,0.0002787,2409.98,0.6716,0x5e...822f,https://etherscan.io/tx/0x25c3444dd73b56e7fccc83b7447727935911f0d4e4a26b3668308dc565c2b128
2023-03-20 05:43:59,True,0.4902,0.0002799,4077.35,1.14141,0x65...ed08,https://etherscan.io/tx/0x4fc058f387d7c590bc68f4de2e50c0948c8bb4be2e3a760600bcd1a0cf0e6b12
2023-03-20 05:27:35,True,0.4881,0.0002783,2026.0,0.5639,0xf8...b13b,https://etherscan.io/tx/0xd6eff01a369266c279d7b7f771311529e6c96b075969c217368042d8731ea9ff
2023-03-20 05:27:35,True,0.4851,0.0002766,4778.95,1.32196,0x5e...822f,https://etherscan.io/tx/0x8a5c6ad31858154f70ed1065520978581d8af1a8c17d4bce7b25f65cda9de64d
2023-03-20 05:27:23,False,0.4811,0.0002743,4509.83,1.23725,0x23...9898,https://etherscan.io/tx/0xa94142873d416567b0a1c9d1aa2ffe20d88b0098ac9f0608dcc2d1db80bf447c
2023-03-20 05:27:11,False,0.4846,0.0002763,1250.0,0.3454,0xa0...168c,https://etherscan.io/tx/0xa80a75cf790db5dce4a0f81b55902e22185ac65a5ecf060b97816e4e4dd3c4b8
2023-03-20 05:18:59,False,0.4858,0.0002772,2150.0,0.596,0xa0...168c,https://etherscan.io/tx/0x36834dc755b6f3220199af1e6ae997084a9ba7a9fe9cce3b2046fa76a81d3809
2023-03-20 05:12:59,True,0.4889,0.0002793,196.857,0.055,0x6e...35e8,https://etherscan.io/tx/0xa12cee3b163a66330392f0e31457f4150edcdf710a79ad7355b6e241ee14adb0
2023-03-20 05:12:47,True,0.4884,0.0002792,514.785,0.1437,0xbf...f640,https://etherscan.io/tx/0x01ff698beeea114c6bba540d0e9e6f36cdd57f4a648fc7e96b5070261a215cd2
2023-03-20 05:11:59,True,0.4871,0.0002784,2291.77,0.6382,0xfa...aa5e,https://etherscan.io/tx/0xac933a5b0a3e7794c9fcaae80c9c4731827e73d80914d69b2036bfe9378d3a13
2023-03-20 05:11:11,True,0.4864,0.0002778,34.6053,0.0096,0xf2...316e,https://etherscan.io/tx/0x7051bede8a1f5102c408cc131e07c347b7c14142d37a3bd1c293cf6434bbfcff
2023-03-20 05:08:11,True,0.4859,0.0002778,193.424,0.0537,0x8c...8833,https://etherscan.io/tx/0x782c8cec2881c1664af1eaf3aff3a97e191e2c90c4b3af5f3bc998dcef74f82a
2023-03-20 04:55:47,True,0.485,0.0002777,180.03,0.05,0x6e...35e8,https://etherscan.io/tx/0x9c9fcc0e0cb8615f6a4cdfb414f311fba795fbef065841bffbaaa14e1c125183
2023-03-20 04:55:11,False,0.4833,0.0002766,2411.99,0.6672,0x5e...822f,https://etherscan.io/tx/0xa49ceeeffdeaf3fe23e2eb866a06f6483f1cefe3b8ea4ed611da5bf2edba1bc8
2023-03-20 04:53:11,True,0.4854,0.0002779,3650.65,1.01481,0x5b...32f6,https://etherscan.io/tx/0x2b2618ef208757fa7d0175fe715dfceb78add1c41b518509b310543c34febf67
2023-03-20 04:48:35,True,0.4851,0.000277,28.8767,0.008,0x5e...b2d3,https://etherscan.io/tx/0xce101e3fe7346e121d97d1745a23fe89e718d7d901a5c16d7bf7b524cbce441a
2023-03-20 04:47:11,True,0.4849,0.000277,36.098,0.01,0x6e...35e8,https://etherscan.io/tx/0xa8126a9e56d7038150b07cd237a9e6a43e6e9a19f815db2464da0e39425e03c8
2023-03-20 04:34:59,False,0.4829,0.0002762,3605.03,0.9959,0x09...9760,https://etherscan.io/tx/0x57760eadf4897cab3f5a5b7487ca6a191d6a73d11c3339bada64d0f3047e0186
2023-03-20 04:32:59,False,0.4842,0.0002772,299.052,0.0829,0xc3...01d9,https://etherscan.io/tx/0xa9b797275d853971ed270dda7eae56126657df4e5304be5a0e2c4e11f1e35af2
2023-03-20 04:30:59,False,0.4867,0.0002779,2442.0,0.6788,0x5e...822f,https://etherscan.io/tx/0x48d709f6be30cb995df6d01db6e4e6948705474dd29623006c3a977bd966804f
2023-03-20 04:25:11,False,0.4904,0.0002791,2124.99,0.5931,0x91...d728,https://etherscan.io/tx/0x02e6423a11572efe491de858194c970231150567b2205013b394bf9a786e3f94
2023-03-20 04:24:23,False,0.4928,0.0002805,3218.98,0.903,0x5e...822f,https://etherscan.io/tx/0x77fe255a19fc0116a09ef57bbfaefc8536d6b0a9df8f747a3a8cac5cdf91557e
2023-03-20 04:19:23,False,0.4974,0.000282,2774.0,0.7825,0x2a...06a6,https://etherscan.io/tx/0xca562867a71317f649a0d83196768f43d9b9ba48496b15c2d4145f9b86210c65
2023-03-20 04:12:59,False,0.5001,0.0002834,2420.01,0.6859,0x5e...822f,https://etherscan.io/tx/0xeb1f3bf35902df6cbab3d3411121a23bc9931072c59d30b0a4dc31da93cf3212
2023-03-20 04:12:35,True,0.5043,0.0002857,218.835,0.0625,0x62...b4bd,https://etherscan.io/tx/0xb57ee15cca00c6ae83edb9c9ecbe5596f7cfb153ad23d55a5e08604cde2cfefa
2023-03-20 04:01:23,False,0.5016,0.000284,294.133,0.0835,0x5e...7aa0,https://etherscan.io/tx/0x554f3d8c7d4e2538248b9f336f0518da11be82c056d9854408f359c4e2c5c282
2023-03-20 03:59:23,True,0.5047,0.0002857,260.671,0.0745,0x96...35fc,https://etherscan.io/tx/0xff2c6099839a95e2abbcab9c50b92af17e714ad6a8cef121bd94709f82624c42
2023-03-20 03:47:11,False,0.5016,0.0002846,2605.96,0.7419,0x5e...822f,https://etherscan.io/tx/0x349c6993d6855292da3f986e0494eb2f182200feaaed6666728fa1d5822bc87c
2023-03-20 03:41:23,False,0.5042,0.0002865,4323.96,1.23902,0x2a...06a6,https://etherscan.io/tx/0xaa708544d115a749f2c8e4a59ecd7d97aa6ccdacf2821b40f060d803402139c1
2023-03-20 03:35:59,True,0.5132,0.0002894,34.5501,0.01,0xc9...75c7,https://etherscan.io/tx/0xead55c4cfc203d656af9c204beb0d57be31cdb62be4af63a844893d610deb173
2023-03-20 03:29:35,True,0.5136,0.0002893,241.913,0.07,0x78...56c9,https://etherscan.io/tx/0x9b70ee340c4ff30cce21d0560c8c799e285cfcf26008ef516c4b06a2dee94b12
2023-03-20 03:26:47,True,0.5135,0.0002892,117.967,0.0341,0x34...1fea,https://etherscan.io/tx/0xbbb120d02a5e900995849abfe35a7c21d5f87d1f7393ae12ac8fb9426dc770d3
2023-03-20 03:20:23,False,0.5123,0.0002882,2671.99,0.7701,0x5e...822f,https://etherscan.io/tx/0xf904ace996e0465e955d8d36ffcf24f2e0d045f768574432d3969d215632ea93
2023-03-20 03:00:59,False,0.5138,0.0002895,2049.61,0.5933,0xfa...aa5e,https://etherscan.io/tx/0x3ff5ec7b6a6d2a8d0e69ccfbd6d3aaec9d7d6d2f5c32e240e8d43e97120827b8
2023-03-20 02:54:35,False,0.5154,0.0002906,2228.32,0.6477,0xfa...aa5e,https://etherscan.io/tx/0x044036a541faef53452ee3f2c31797a9bffe584cd5c1e55d723547ec37b12e0b
2023-03-20 02:49:35,False,0.518,0.0002913,304.09,0.0886,0x3d...55a8,https://etherscan.io/tx/0x7f16f17b6f1aa116ef9f8ab9299cebc95ead1f1754b6d074580571c822f027dd
2023-03-20 02:45:59,False,0.519,0.000292,2128.12,0.6215,0xfa...aa5e,https://etherscan.io/tx/0x6dd59b43f9ab0e0bcda62ffec73996c27b6b83ba09c9664a08b35836c938a77b
2023-03-20 02:32:59,False,0.5216,0.0002932,2260.29,0.6628,0xfa...aa5e,https://etherscan.io/tx/0xa6321a9da07c6fecafc65b9f90c48a90a06c085109fc56e237ddb9527506b1ec
2023-03-20 02:30:35,False,0.5225,0.0002939,288.558,0.0848,0x88...17f1,https://etherscan.io/tx/0x9ac8c99be71060465a0ae343b5d06085c534499cae22d846b360a76ab439fd89
2023-03-20 02:28:59,True,0.5257,0.0002956,626.708,0.1852,0xb5...54a0,https://etherscan.io/tx/0x68f3ae6e7494e107829ea7dbea3948ccf2b44b73867cab0c903ac571ef4b74fa
2023-03-20 02:28:59,True,0.5254,0.0002954,33.887,0.01,0x4d...5b62,https://etherscan.io/tx/0xd019e8fd6390349990e9ce3fda26052eca799f6818e47d67095869c4551b7eef
2023-03-20 02:24:23,False,0.5226,0.0002943,2461.49,0.7245,0xfa...aa5e,https://etherscan.io/tx/0x92b2c4ad778841489de1a9d2f2d31d2e7aa30378eddfb5924475919c6a15aea4
2023-03-20 02:16:23,True,0.5256,0.000296,2782.8,0.8238,0xfa...aa5e,https://etherscan.io/tx/0x5874f183f986f7f6d8c19d76ef137517a8949caff8ea2f79550d957ce13357f4
2023-03-20 02:15:35,True,0.5242,0.0002949,1017.03,0.3,0x44...b5b6,https://etherscan.io/tx/0x49979d955e6bb49bd2224d630fa27391900650533eef831e1f23cd76c667d902
2023-03-20 02:14:59,True,0.522,0.0002939,2700.45,0.7937,0xfa...aa5e,https://etherscan.io/tx/0x78eded80ca1f3d84e978890918bc7dd688158b1966f252bd2360ccc66275115f
2023-03-20 02:13:59,True,0.5186,0.0002924,2819.04,0.8242,0xfa...aa5e,https://etherscan.io/tx/0x7eb5a9625cb38d13595a2fc278355d8d71a6478955cf39682cc796ba940581bd
2023-03-20 02:13:23,True,0.5159,0.0002908,2825.53,0.8218,0xfa...aa5e,https://etherscan.io/tx/0x91f3befeea3a6ded8a1afc76a063180b2fe1865bc7c86ea9aff31ba36e81d380
2023-03-20 01:59:47,True,0.5136,0.00029,144.175,0.0418,0xd2...5c66,https://etherscan.io/tx/0x9e6f3a8a2fa4a888b1cd8326dc77c8fdf761b0c03209a09187fe9d4a07e10a02
2023-03-20 01:56:23,False,0.5115,0.0002888,2040.01,0.5891,0x5e...822f,https://etherscan.io/tx/0xfd7a5b8bd8161c554974498e4099b2b43e1f99d71836c97168af4304aff8b4e2
2023-03-20 01:52:47,True,0.5161,0.000291,236.487,0.0688,0xf2...cf93,https://etherscan.io/tx/0xc92feaf324bd86b011e4d2e97477939188f52a3348b9350efaa00f5bb632cbbe
2023-03-20 01:49:35,False,0.514,0.0002896,1327.97,0.3845,0x41...d240,https://etherscan.io/tx/0x4e1e0c34dc0ef8e63fcab35618ee5b81a2c985925e629e386cb28507afa86321
2023-03-20 01:49:11,False,0.5158,0.0002906,2425.02,0.7047,0x2a...06a6,https://etherscan.io/tx/0x5cc3089360e890ed331854ea26bc2b6e85963f9e5437b6836575f02e09fa54a0
2023-03-20 01:42:59,False,0.5188,0.000292,2625.97,0.7668,0x91...d728,https://etherscan.io/tx/0x7fa2f0b164ce77a61e80d69a7451a5fda260f88f379aa97c8f78aa9c3e8e3810
2023-03-20 01:39:11,True,0.5248,0.0002943,454.659,0.1338,0x42...5e84,https://etherscan.io/tx/0x5c8fc30e654ae41e0533551446c9a0ef1114141b30f287d876ab8356e3e8b16d
2023-03-20 01:38:23,False,0.5222,0.0002928,1234.02,0.3613,0x91...d728,https://etherscan.io/tx/0x7a479d6fafec961cc55c626a3da83b4110c7b9605044e0d461ed245b8a6c0c88
2023-03-20 01:35:11,False,0.5233,0.0002938,2319.99,0.6816,0x5e...822f,https://etherscan.io/tx/0x2a8fdd759c9983ba8c8f350786ba27f3f54453f3490e539d3883d15c336190d2
2023-03-20 01:33:59,False,0.5288,0.0002968,9548.76,2.83465,0xc1...0e75,https://etherscan.io/tx/0xc2455f143a9564c2d5d348df51f46f25c0f8a0507c3cb28fbda1a334e8ad2538
2023-03-20 01:33:47,True,0.5344,0.0003,5609.71,1.6833,0x65...ed08,https://etherscan.io/tx/0x7e14bf547dde9ccc1874332037d929ae15d6d563fb5b8032931a3a21621be2c9
2023-03-20 01:33:47,True,0.529,0.000297,5126.64,1.52262,0x4b...1402,https://etherscan.io/tx/0xa170da86fa4609ac2721acc4c789243172adb23ce90e527e4fbb3f950b0f6ede
2023-03-20 01:32:59,False,0.5248,0.0002947,3477.02,1.02488,0x91...d728,https://etherscan.io/tx/0x583936486fc3c29b6b9701dfdd7daac33d4894b840f07b76e9c6f34022e3e9d2
2023-03-20 01:32:23,False,0.5262,0.0002957,169.75,0.0502,0x2e...f345,https://etherscan.io/tx/0x90aa697d3492d1aa9060216a6b4b331a7eadabd56902c903ee320e07d1fc7fa5
2023-03-20 01:32:11,True,0.5277,0.0002966,3408.68,1.01116,0x65...ed08,https://etherscan.io/tx/0x48934287537b93ceba60f25f878022a6ee23a6b4707b482209a26cfeb23d6883
2023-03-20 01:30:47,False,0.5245,0.0002948,3246.04,0.957,0x91...d728,https://etherscan.io/tx/0x2698ab91c79570f571d50027cb484939c7fc8223d30406838b65376c651adbc0
2023-03-20 01:30:11,True,0.5272,0.0002963,4095.06,1.21358,0x65...ed08,https://etherscan.io/tx/0x9196bdec1cabb4d757b99d5a084e36ee7393f9ea577d1acea862436cdcd23b16
2023-03-20 01:29:35,False,0.5223,0.0002935,509.25,0.1495,0x2e...f345,https://etherscan.io/tx/0x3c20d0362981127c7753f8feff5f9b460e7aed35569f26b893a2d0ed324d5b0d
2023-03-20 01:29:23,False,0.525,0.0002951,5756.2,1.69881,0xe6...4540,https://etherscan.io/tx/0x4f0ca5844981dab0f44debfa908d90c0b046be900e0cd2bc8a5931c8941b6918
2023-03-20 01:29:11,True,0.5287,0.0002971,5671.45,1.68512,0x65...ed08,https://etherscan.io/tx/0x09b5a4a56c0f8598231e9812533c050c9fbe994ce23cee0a2677b2910aa9310c
2023-03-20 01:28:59,False,0.5228,0.0002938,200.0,0.0587,0xca...98ff,https://etherscan.io/tx/0xce751f061847ca4066bc0388ff54fbedf5165da57de5df6fe8ecf042fb511dc5
2023-03-20 01:28:23,False,0.5255,0.0002953,5744.93,1.69661,0xcc...437d,https://etherscan.io/tx/0x993e0b7684081f70408a6e72b8ff3e168a9080bf427327b20eb51e125bd44c67
2023-03-20 01:28:11,True,0.5287,0.0002971,6126.93,1.82055,0x65...ed08,https://etherscan.io/tx/0x4cbb409978d676ffaeee573fc66a485f22c4139fcc84ed435a8a48603d34b9b6
2023-03-20 01:27:47,False,0.5249,0.000295,5754.94,1.69806,0x31...8903,https://etherscan.io/tx/0xdcfde11bf6dc306303992132d4f00558e97643e399f05abdbf963ee8238691aa
2023-03-20 01:27:35,True,0.5283,0.000297,5674.78,1.68566,0x65...ed08,https://etherscan.io/tx/0x009dc0f3bab1638c651c869b833d7d5a48d5b07a064cd97f1edf54c8e284f42c
2023-03-20 01:26:47,False,0.5235,0.0002943,2575.02,0.758,0x91...d728,https://etherscan.io/tx/0x08081738149ae77d69dd5cf040b6d7e0f6236538fef3e3dfad31ff0bce6b101e
2023-03-20 01:26:23,True,0.5369,0.0003018,3723.05,1.12391,0x65...ed08,https://etherscan.io/tx/0x2a87047d8074842eb36bfb85a6d767fd961031a196704ea56b7e4a529b43d57a
2023-03-20 01:25:47,False,0.5224,0.0002937,2482.98,0.7292,0x5e...822f,https://etherscan.io/tx/0x16e3b09f21af195fcb021f46b860dc37a80ca1eb6f23de0589b0cc261411bc41
2023-03-20 01:24:59,True,0.5241,0.0002945,5721.02,1.68518,0x65...ed08,https://etherscan.io/tx/0xf7830d731a26bf65e038c2735a8c95ad169a429a1331203a45bf46e5508707f7
2023-03-20 01:24:11,False,0.5206,0.0002925,5823.01,1.70359,0xcc...437d,https://etherscan.io/tx/0xe2378f899a93cbb31486230abf4ea5499b572527952500e494bdddcae320496a
2023-03-20 01:23:59,False,0.5242,0.0002945,499.825,0.1472,0x68...3a06,https://etherscan.io/tx/0xaa7ea334ded2ab1fd5b539b23d8eb753561f2218f32e4d3fee45b7e129229ceb
2023-03-20 01:23:59,True,0.5215,0.000293,12265.9,3.59467,0x65...ed08,https://etherscan.io/tx/0x38093d5f2b5b9ddb5e103e4e050c601fb41a6587b41aab2178072b2ed992f181
2023-03-20 01:23:23,False,0.519,0.0002916,13622.9,3.97359,0x78...be30,https://etherscan.io/tx/0x44d1aa0530e8e61f70aec08f70dcb82caa57a87e82e40b1ad405b45e7556aae5
2023-03-20 01:23:23,False,0.5272,0.0002962,2908.01,0.8616,0x1c...3fde,https://etherscan.io/tx/0xc7f4be2c91fe09309008028c8c4ae7ee8a6b0305035f47964928dded4b975a93
2023-03-20 01:23:23,True,0.5242,0.0002945,15252.5,4.49317,0x65...ed08,https://etherscan.io/tx/0xf9b2340be6237976213ceefd8da6f5283bba14f3ff1f831f922b382731b73ee1
2023-03-20 01:22:59,False,0.5162,0.00029,5844.23,1.69523,0xc1...0e75,https://etherscan.io/tx/0xfbda5480585096d15fbeea148f4dcab6afb6e2f8ebb49a35a69f5274ab8f33be
2023-03-20 01:22:47,True,0.5192,0.0002919,5772.8,1.68548,0x65...ed08,https://etherscan.io/tx/0x44a13cd8ad719e3e77a92cf9059c0482efd72a1650fb31ef6a5096c0e36af1fd
2023-03-20 01:22:35,False,0.5161,0.0002902,5844.02,1.69617,0x2a...06a6,https://etherscan.io/tx/0x446466e0123dec527e9370aed5c79b1c55105839469c752155457b419154c2cf
2023-03-20 01:22:23,True,0.518,0.0002912,8335.01,2.42794,0x65...ed08,https://etherscan.io/tx/0x7396d256ed0a1a1b95aa6c8d860525292a44622dbdfa9fff1f0dd99845f87169
2023-03-20 01:20:35,False,0.5125,0.0002879,2588.02,0.7453,0x5e...822f,https://etherscan.io/tx/0x96f95a94c97f4f56f833aa0571067a892e459c82779a0918b0b27e9cf1c2c45c
2023-03-20 01:19:11,False,0.5164,0.0002901,5838.47,1.69402,0xc1...0e75,https://etherscan.io/tx/0x3ebcb48e97dd10c4a985c0832ee6cd75fd9689a7915d4f439b530387dcf02c01
2023-03-20 01:18:59,True,0.5189,0.0002916,7280.75,2.12321,0x65...ed08,https://etherscan.io/tx/0xc31d4328e0008064589125cac68cb905293a2f92e7511943a1d0d17ac7b809a8
2023-03-20 01:17:47,False,0.5133,0.0002888,3609.04,1.04253,0x2a...06a6,https://etherscan.io/tx/0x8c3388d7a3906f3c216f6b785e70d575a1a5ae2e518e3c47fe869ccbfad38357
2023-03-20 01:17:35,False,0.5154,0.00029,631.316,0.1831,0xfa...aa5e,https://etherscan.io/tx/0xd88066eca707946674058d39ea0cc1ca684bdae25dfc7a86b370f4b02898346e
2023-03-20 01:16:59,False,0.5172,0.0002911,3324.0,0.9676,0xf8...b13b,https://etherscan.io/tx/0xace485fd50148269969a7a469f4753abdfc5b34a458289fe4cb62deeb2ffe298
2023-03-20 01:16:59,True,0.5185,0.0002918,6937.31,2.02471,0x65...ed08,https://etherscan.io/tx/0xd938c7f39a2f50a498e9b1ce70b0ec394e32fb8e9905f59bcc6525eeba54b0c4
2023-03-20 01:16:35,False,0.5148,0.0002896,5862.93,1.69833,0xae...674b,https://etherscan.io/tx/0x2d1d8b4bcfdd124b093361b114301576b95ef201c1ce9ef8d70dba7eee170771
2023-03-20 01:16:23,True,0.5178,0.0002912,6946.24,2.02311,0x65...ed08,https://etherscan.io/tx/0x97f8275956edac6dd7495b6bb34b6c23d102238cd083cfae052689729702dc0b
2023-03-20 01:16:11,False,0.5134,0.0002886,3793.04,1.09485,0x2a...06a6,https://etherscan.io/tx/0xa1e2c9a7fe71682b4f12386da9d2a7d50e3a512c0ca9e3d918f9fd711b5574c9
2023-03-20 01:15:59,True,0.516,0.0002901,4648.54,1.34875,0x65...ed08,https://etherscan.io/tx/0x40f3a6e07bedfa712443152d250f50a958071a72227ea9b125d83390b38f5c5a
2023-03-20 01:15:47,False,0.5121,0.0002878,2747.89,0.791,0xfa...aa5e,https://etherscan.io/tx/0xa45198f64ed148b1cc4da4b24e6459002faeaf84845eaa3532757a962236ee8d
2023-03-20 01:15:11,False,0.516,0.00029,5843.27,1.69507,0x49...96b8,https://etherscan.io/tx/0xb5106291215b923cf9787c6b8d300c52c2127401b91221b6effeda4eb4d11fdf
2023-03-20 01:14:59,True,0.5188,0.0002916,6938.09,2.02362,0x65...ed08,https://etherscan.io/tx/0x88d3f87f4e167d7c417feb8e2b3253e90d1ee1e2935707f112a068d8237d8906
2023-03-20 01:14:23,False,0.5128,0.0002888,2955.02,0.8535,0x91...d728,https://etherscan.io/tx/0xfabebd195afd0f65ae02cef635f2a2114fc0f1fac5ad119eb25e67c7a7c30d01
2023-03-20 01:14:23,True,0.5156,0.0002904,3484.89,1.01209,0x65...ed08,https://etherscan.io/tx/0xee5d6af34ef8ff722c0b2a6430aa558ac75b3e802fa233ed6c9f3823fdb6d842
2023-03-20 01:13:47,False,0.5122,0.0002884,2777.76,0.8013,0xfa...aa5e,https://etherscan.io/tx/0x267ae248e187688e9636e75f4bccab29e96a3f827b71f130088399d7870ccafd
2023-03-20 01:12:59,True,0.5146,0.00029,3491.55,1.01265,0x65...ed08,https://etherscan.io/tx/0xce49a39926fe1b6ba49acb36d6cd22a7b38ec0ba7789b910e77088091498ca9f
2023-03-20 01:02:35,True,0.5152,0.000289,191.276,0.0552,0x3e...4b44,https://etherscan.io/tx/0xd14ad54eb1b1462dd9317d3694b71701e5570f25928fc3cc1702acb0134f134c
2023-03-20 00:59:23,True,0.5141,0.0002888,346.168,0.1,0x2e...8e83,https://etherscan.io/tx/0xbea3d071340337d5ff8ae1b0b33b898dc785e6612e28beb3b1dff2f0e02ebbf4
2023-03-20 00:55:59,False,0.5105,0.0002871,500.0,0.1435,0x2e...f345,https://etherscan.io/tx/0xba32f13cb9ec700f4a60e3103ae2e04c50443b9691ed14c739838f24cbb5efcd
2023-03-20 00:45:11,True,0.5203,0.000289,28.3626,0.0082,0x29...1db6,https://etherscan.io/tx/0xb4eb8da299fba69e9aeee9be8c69756586582bea3a300c95adf966c6728b64c3
2023-03-20 00:22:11,True,0.5208,0.0002883,2589.91,0.7467,0xfa...aa5e,https://etherscan.io/tx/0x5044c3a838d3b1fdd8d237f66d1c27a15baf0f4cfcb25f9157f4ea6499e73a62
2023-03-20 00:18:47,True,0.5182,0.0002876,106.843,0.0307,0xa1...31ad,https://etherscan.io/tx/0x12f850b3c903ede8446696c5c666cc25eddce8fb84c637a083c93eb1c128bbc9
2023-03-20 00:15:35,True,0.5172,0.0002868,2836.07,0.8134,0xfa...aa5e,https://etherscan.io/tx/0xd12b77eef8a8fd4afc582745f4367f8b8df543426127056bb3dd698a5501069b
2023-03-20 00:13:59,False,0.5126,0.0002843,95.6678,0.0272,0xd3...063f,https://etherscan.io/tx/0xd6e8ac69a77c6ef5cd33e9d2cce4e997e988d7487f948cb677bbf29171039595
2023-03-20 00:13:11,True,0.5156,0.000286,209.717,0.0599,0xa7...60fb,https://etherscan.io/tx/0x3facb94f73404600eadda92323d7e3b1108938d01228be850ce810169eda744b
2023-03-20 00:10:23,False,0.5142,0.000285,2941.65,0.8385,0xfa...aa5e,https://etherscan.io/tx/0xb22dd23f5b8120ec206e95bedbc617c91657740405fd6efaa9f7c6f342731843
2023-03-20 00:01:47,True,0.5173,0.0002866,3288.69,0.9428,0xfa...aa5e,https://etherscan.io/tx/0xbe1586e99f7c0ee3c8e890891846223e4c0e33348ba251200ba8744a2c494c4f
2023-03-19 23:57:23,False,0.5133,0.0002844,1250.0,0.3555,0x0e...f975,https://etherscan.io/tx/0xe7f20e4b282927c67d3347d6439da4001fb9beba9e1f1668aab910cd9255f821
2023-03-19 23:56:23,True,0.5169,0.0002864,221.503,0.0634,0xad...fcda,https://etherscan.io/tx/0xeeb3354ba397408354dbe7ccb0557325d6bcc007333943ede09587f8b34a32de
2023-03-19 23:50:47,True,0.5159,0.0002858,1749.0,0.5,0x2e...8e83,https://etherscan.io/tx/0x0a396bd4cc2af0b8c50bae3250954623311490e7a1980bc6fcc865685eaf5e59
2023-03-19 23:44:35,True,0.5124,0.0002836,6536.23,1.85415,0x4b...1402,https://etherscan.io/tx/0x254f3476bc1be8758635847d3c0a68a726255284253c7fea8b58d3473125467b
2023-03-19 23:42:23,True,0.5092,0.0002819,17.5787,0.0049,0xb9...72b3,https://etherscan.io/tx/0x4352d7c2999a3493d1990738fd982fcb96389934bd49361ca99568f2e4f6a36e
2023-03-19 23:24:47,False,0.5046,0.0002809,2582.62,0.7255,0xfa...aa5e,https://etherscan.io/tx/0x1bd6331c4ab9232d1e9da384ae30d08373b779e24d952874de2f18f0602ca035
2023-03-19 23:20:35,True,0.5096,0.0002832,195.978,0.0555,0xad...fcda,https://etherscan.io/tx/0x0ab340c37f4c71995b326b180f0c9df0e881b39195aa0934db807d58b061d612
2023-03-19 23:07:35,True,0.5085,0.0002831,23.4165,0.0066,0x41...c6b5,https://etherscan.io/tx/0x5921e78f278a2f55e8356255ac9092bf75cf5bde0f11fc4250ac5f8323d99564
2023-03-19 23:03:59,True,0.5068,0.0002829,959.397,0.2714,0x9f...e8e7,https://etherscan.io/tx/0x5a6835b8cc39d456bc43f8da046e7b0323845226344a4ab4da8970868b2f457f
2023-03-19 23:01:47,True,0.5066,0.0002826,199.382,0.0563,0x72...2e1d,https://etherscan.io/tx/0xcb48ed01b3a2a8fb1b6052d44ee538ed1444ae995b8d5ad10a6d65e4bcac4eab
2023-03-19 22:59:59,False,0.5034,0.0002809,102.483,0.0287,0xce...8405,https://etherscan.io/tx/0xf35875d1c8d0a68d8243710e1f266333f947304fd5f3b5fadbcf0b396d08c435
2023-03-19 22:59:59,False,0.5037,0.000281,500.0,0.1405,0xc6...fed0,https://etherscan.io/tx/0x1ec4993edba6005c6cb50e5154d97c9686003534d2262a539c59b73c44d1b73c
2023-03-19 22:53:11,False,0.5053,0.0002819,2756.0,0.7769,0xfa...aa5e,https://etherscan.io/tx/0xaf314fc28e6513df9f2b4e10f2668866590dc992b4c47ecb8afb4e4a9eed48ab
2023-03-19 22:51:59,True,0.5085,0.0002839,1414.07,0.4015,0xbb...6a01,https://etherscan.io/tx/0x4ece41137da94effcd9e322b74c064f5e1715fec452b761ee63524cd99ca85a2
2023-03-19 22:43:47,False,0.509,0.0002827,3373.05,0.9538,0xfa...aa5e,https://etherscan.io/tx/0x4907e4edc03ee1f6be55764727e8c1c03eb0ea4a66c5cf1fdb2f2d6043562354
2023-03-19 22:27:47,True,0.5148,0.000285,1325.4,0.3777,0x94...4d5d,https://etherscan.io/tx/0x46f988fd7b98606222388dcab6df01c4bce3d93f5c74809806f0540a2ace7ee0
2023-03-19 22:21:47,False,0.5129,0.0002837,2914.39,0.8269,0xfa...aa5e,https://etherscan.io/tx/0xf9b5c747132c8cbeaecc9cd40b9d76337273381cf0f161e4bf741945a3828e29
2023-03-19 22:03:35,False,0.5133,0.0002855,4042.63,1.15454,0xfa...aa5e,https://etherscan.io/tx/0x412c143d70eb9b7cecd6d13b592da87e3c523b43b394d990a29f9bab6c7bb6de
2023-03-19 22:03:11,True,0.5143,0.0002862,7863.93,2.25128,0x4b...1402,https://etherscan.io/tx/0x289f73afcef135e8895e544cba8aa6b746d0fb0bd480bb5b8daea143fda65718
2023-03-19 22:01:11,True,0.51,0.0002841,8.91139,0.0025,0x98...3e31,https://etherscan.io/tx/0x88bf90c2efa486c50d20e0ee46d8c5c4c956c333619814cebbb56d40467d8a72
2023-03-19 21:58:47,True,0.5091,0.0002839,903.168,0.2564,0xdc...d52d,https://etherscan.io/tx/0xe36b1cb07d6fd3d8e8da841b191058e6546ad296ab0e2ffc6a3197d2be7c7eb0
2023-03-19 21:55:11,False,0.5057,0.000282,318.867,0.0899,0x64...260a,https://etherscan.io/tx/0x39fb54652e637732db944c6e15cc87dd6c8818d8ce17fcd628964ec31b9153a6
2023-03-19 21:38:23,False,0.5124,0.0002836,5730.98,1.62576,0x91...d728,https://etherscan.io/tx/0x607746eb646b9bdb2d6aa53e39920c45aebcbb83426e7f4bc190dc8115a0431b
2023-03-19 21:25:11,False,0.5173,0.0002854,1015.9,0.29,0xf2...de93,https://etherscan.io/tx/0x3f9306eb8f51cfc95ea870fea3ca5af2fc4c29b88a2c79abef69a758d5e6c5f1
2023-03-19 21:03:47,True,0.524,0.0002874,1.88641,5.422e-05,0x27...6a4c,https://etherscan.io/tx/0xf7d80b2f09b5f6683764ebc22ecf599579ddfbcbc71b71f1667aee38a111fa4d
2023-03-19 21:00:59,True,0.5235,0.0002874,4.18698,0.0012,0xdc...d52d,https://etherscan.io/tx/0xa55ae157313393ffe97f57436c227cc269945ae8e3c46b45006db9c2d06a5f53
2023-03-19 20:55:59,True,0.5238,0.0002874,103.459,0.0297,0x36...442d,https://etherscan.io/tx/0x6268f4ae42629366a0cbd45e86c5c5920be5a9db157800bd62113d7fbb729491
2023-03-19 20:55:23,True,0.5239,0.0002873,110.379,0.0317,0xb9...72b3,https://etherscan.io/tx/0xf4a47eac8ee8264df7f78123c4e78058516095443472f1c4214a53ee5f3f8521
2023-03-19 20:52:59,True,0.5239,0.0002872,348.129,0.1,0x20...ef07,https://etherscan.io/tx/0x12582eac4a5a9b74f1f3815fa71db01448f20102306a004b688cd817eec83b2d
2023-03-19 20:50:59,True,0.5229,0.0002871,62.005,0.0178,0x40...7d1a,https://etherscan.io/tx/0xa3700894fa99a0c5f04b24e997a68e0d2d5eef39006728d45cdeb75a975b96fe
2023-03-19 20:48:11,True,0.5223,0.0002869,690.919,0.1982,0xb9...72b3,https://etherscan.io/tx/0x4eb5fbe629793f162846964255f26a4bccd0c802927658be795854a97ebc04fc
2023-03-19 20:35:35,True,0.5267,0.0002867,62.4477,0.0179,0x40...7d1a,https://etherscan.io/tx/0x59dbe934d7978210e92a9cb168437d4588ed2e13e9fb375956232dd7158a8c86
2023-03-19 20:32:59,False,0.5254,0.000286,3909.22,1.11822,0xfa...aa5e,https://etherscan.io/tx/0x93f1c42878777307f4ef777b9a8f4775fe0a14e7ae6f2ce03070a7b0f868bb8d
2023-03-19 20:24:23,True,0.5277,0.0002888,7.27088,0.0021,0xae...1284,https://etherscan.io/tx/0x05b5023f83666553d3408bcc7212375181536c4fa3c1bd2f7c3b05a0293fa849
2023-03-19 20:19:47,False,0.5274,0.000288,3377.47,0.9727,0xfa...aa5e,https://etherscan.io/tx/0xac58da8e79feb36998cc2dadde53561b3ce65be2ae162cfeab23031a2ce3bd24
2023-03-19 20:01:47,False,0.5258,0.000289,566.048,0.1636,0x75...d0a9,https://etherscan.io/tx/0xbe36291b6a93a36e8c33273281735306ec630cfd634f70daa1d5ff9ca2435108
2023-03-19 19:55:23,False,0.5254,0.0002892,224.654,0.0649,0xc7...4459,https://etherscan.io/tx/0x48a589d6b3ccf6200405e4d99b88e2e9df854c90fbb3e64dcfa2ed961bf42479
2023-03-19 19:42:47,True,0.5299,0.000291,16.5567,0.0048,0xf6...f789,https://etherscan.io/tx/0x38ef5b6164c3d6b70a2386fc274316d5342dd9d410e80f781d56aa0a132536b4
2023-03-19 19:35:23,True,0.5276,0.00029,3630.03,1.05303,0x5e...822f,https://etherscan.io/tx/0xfe57375d7a0bebdc6ac87e9d68483f1da800a1d1049470c271500fbb0c357365
2023-03-19 19:34:23,True,0.5247,0.0002889,566.048,0.1635,0x75...d0a9,https://etherscan.io/tx/0x97bea30a3010626f84f86b598e2bce33a41b8cfbb647caf70be12d89f8681bd0
2023-03-19 19:34:23,True,0.5245,0.0002887,29.8462,0.0086,0x2e...3d7e,https://etherscan.io/tx/0x35297d65f67e80defc37f0cd2dd964d5c7f46a9f586d4412a95039f20f32a018
2023-03-19 19:31:59,False,0.5212,0.0002871,500.0,0.1435,0x2e...f345,https://etherscan.io/tx/0xc9083348e0eebe8dc6f6c6f74b28e2a5f271ee6c3a4dea461b2db2e45e1238a6
2023-03-19 19:30:11,True,0.5237,0.0002885,1701.25,0.4909,0xfa...aa5e,https://etherscan.io/tx/0x2c88ef898dac517df1029f30cfd0b4deda72d016491a3611a9484c368e84e192
2023-03-19 19:26:47,True,0.5213,0.0002873,2726.59,0.7835,0xfa...aa5e,https://etherscan.io/tx/0xd12147b45bbfa3fa3cdd5545df9babc3f86ff90eeddf11ca87bd0654aac860e5
2023-03-19 19:25:11,False,0.5172,0.000285,570.378,0.1626,0xd0...f429,https://etherscan.io/tx/0xb5de421cedd5e1aad50f8df889679b60946d30a052ee219e08b15c3ddf0bdb2e
2023-03-19 19:18:23,True,0.5191,0.0002869,9.52452,0.0027,0xf2...cb8a,https://etherscan.io/tx/0xb230ac88afc9915f759c6ae489507e5330ea383ea1205a5c8514c59684f58dbc
2023-03-19 19:11:23,False,0.5172,0.0002855,1000.0,0.2855,0x9f...5e9f,https://etherscan.io/tx/0x28ae2f1f696f4d663467e146e13fbb34003173f2c6741984aec88b9c689dd615
2023-03-19 19:03:59,False,0.5164,0.0002858,216.261,0.0618,0x1c...d829,https://etherscan.io/tx/0x3ec1cb8c7f3f98db06bd9fb372f085e60693880c20d7619960cf157a6edebfdd
2023-03-19 18:56:59,False,0.5175,0.0002859,196.0,0.056,0x1c...d829,https://etherscan.io/tx/0xd8066d818cd6b5e9fc27f5c84391a60fad89bd0656a2c2e807de1233de77bd39
2023-03-19 18:53:23,True,0.521,0.0002876,173.782,0.0499,0x17...1703,https://etherscan.io/tx/0x5553226c9f006b29aa90dc485b5096dc2b07ddbf794ea4e9fc2bce386b8d3019
2023-03-19 18:43:47,False,0.519,0.0002862,1398.18,0.4002,0x31...452e,https://etherscan.io/tx/0xdb43711eec42bf3492430b9f7e71520a4e5d2b518d319ef9a02a1fe8c246ccca
2023-03-19 18:36:11,False,0.5202,0.0002874,2918.58,0.8388,0x05...93c8,https://etherscan.io/tx/0xfc127001cc79ca3ccc78c687b07d931a46d3b60b55bcea81e403ec1d77613900
2023-03-19 18:33:35,True,0.5224,0.0002888,4155.0,1.20006,0xf8...b13b,https://etherscan.io/tx/0xca82756a33c635f69de867cc44e8bf51f60162d9bf49be4b259c546a45cb666d
2023-03-19 18:33:35,True,0.5187,0.0002867,3554.13,1.0191,0xfa...aa5e,https://etherscan.io/tx/0x7346193d39c23bc8706c07a7e48670028e3c974610e60637ad88ec6282a5349b
2023-03-19 18:33:23,True,0.5145,0.0002844,5770.85,1.64175,0xae...674b,https://etherscan.io/tx/0xd023cb37cf92318348d91bacc7827bde85770ffaf9f5e206b9e3f88ae1ae4b35
2023-03-19 18:33:11,False,0.5127,0.0002834,9208.33,2.61013,0x65...ed08,https://etherscan.io/tx/0x5aa6e3d4bde2346bcd0e2b61af59a707c1ac0713f5f35d7b79c1b3d424dcc896
2023-03-19 18:30:23,True,0.5178,0.0002862,5748.45,1.64532,0xe6...4540,https://etherscan.io/tx/0x74173a3173895859439222130e5604bced722510b62273781e8c2582423ac998
2023-03-19 18:30:11,True,0.5056,0.0002795,19757.0,5.52201,0x2c...91d4,https://etherscan.io/tx/0xb9f462466680619e492eac07ece00fb74d62695823cfe60a33247756f1510b4b
2023-03-19 18:30:11,False,0.5091,0.0002814,34050.5,9.58339,0x65...ed08,https://etherscan.io/tx/0x4f5406293d7a3dea4333eee328965aeb4bda018c20ca424613ce2076903f8683
2023-03-19 18:29:35,True,0.5282,0.000292,806.524,0.2355,0x86...7593,https://etherscan.io/tx/0x51b3c7b04329784e5111f14c13a29925ce0de1f9ca65dcf1cc1cb9bd8873c8c3
2023-03-19 18:13:47,True,0.5287,0.0002909,3115.48,0.9063,0xfa...aa5e,https://etherscan.io/tx/0x512d83fa1681c71bb3e0ee2f0df37e67ee8d163eebce04d11e2132267f2df968
2023-03-19 18:09:59,False,0.5243,0.0002884,229.66,0.0662,0x72...faaa,https://etherscan.io/tx/0xd216f91727e19f2962fb5e5e963944b37983ac85d58615215de74fcbd1cd955e
2023-03-19 17:56:35,True,0.5271,0.0002893,3068.76,0.8879,0xfa...aa5e,https://etherscan.io/tx/0xaadc25f60eea312cff229cf75ff41cec0071146ccfa5325bb827f23d5487c9f1
2023-03-19 17:54:59,True,0.5255,0.0002884,176.58,0.0509,0x88...17f1,https://etherscan.io/tx/0x03c142d69cb140f0de66a05ad3f3e94acbd41bd4ad12b8ca5fe57912de10e359
2023-03-19 17:44:23,True,0.5239,0.0002875,3114.2,0.8956,0xfa...aa5e,https://etherscan.io/tx/0xcd1898467c8d1e9045f45939d0fb88dcb211a933f44e9c9945f34901727946af
2023-03-19 17:36:59,True,0.5187,0.0002859,3156.37,0.9024,0xfa...aa5e,https://etherscan.io/tx/0xf017e74310104d7346446a6d3ff705a32bac792f847c5e3958154ec4181d5571
2023-03-19 17:22:35,True,0.5132,0.000285,156.308,0.0445,0xb3...89dd,https://etherscan.io/tx/0x13491add99d2984a24c781da9ac39cad4d3d3dc28512fbf3595c07072d1db39d
2023-03-19 17:16:11,False,0.5102,0.000284,2770.86,0.7869,0xfa...aa5e,https://etherscan.io/tx/0x399cf312bb2e33083fc036bb7da51911f4f32b47dd103af960cbe596cac6cc75
2023-03-19 17:10:35,True,0.5139,0.0002863,294.219,0.0842,0xce...4f6e,https://etherscan.io/tx/0xd75426e977634eac5c3525e17ff49494edf39671796f2282412bea091397b370
2023-03-19 17:05:35,True,0.5141,0.0002856,2394.4,0.6839,0xce...4f6e,https://etherscan.io/tx/0x2da98abdf8e4134ca61ac576a8cf6b73c197dfb91a966bb98dd640220e768801
2023-03-19 16:58:47,True,0.5097,0.000284,3509.6,0.997,0x13...2a43,https://etherscan.io/tx/0x6d14b944a3b1905579591def576aaafae7d975be5f6a06dbcd24fa3736ef4ca9
2023-03-19 16:57:11,True,0.509,0.0002831,82.4901,0.0233,0x5c...8fe0,https://etherscan.io/tx/0xb2a65fd98308addad4d55ee1b75942daed5051e4b6d395f6e0e56c3f3d152dc9
2023-03-19 16:55:11,True,0.5074,0.0002823,2770.2,0.7822,0xfa...aa5e,https://etherscan.io/tx/0xfcf0ec1dd797974be6f49f29572b71b9858dec22b603b13e1c49f98acc7f59b1
2023-03-19 16:36:59,True,0.5053,0.0002816,66.8735,0.0188,0x48...cb06,https://etherscan.io/tx/0xefd0bbeacf649a6724cd506164033da6a54fc446c6fac99a26ca60838498fbea
2023-03-19 16:35:23,True,0.5052,0.0002816,17.6242,0.0049,0x89...00c0,https://etherscan.io/tx/0xde1bb146805a77292bac438e49771259838f0deab32cc8c3924dddc95f70191d
2023-03-19 16:19:11,True,0.5051,0.0002813,1066.38,0.3,0x2e...8e83,https://etherscan.io/tx/0xbf2cb24dd834a429277678cadbf4fbb41485c351b3826cd6f8a06b2f4476533c
2023-03-19 16:13:35,True,0.5041,0.0002809,272.83,0.0766,0x45...5346,https://etherscan.io/tx/0xd37d54076ae47f2206279317d0f658e5b87c64ae15c10fa205aaa042de3af1c0
2023-03-19 16:10:11,True,0.5061,0.0002807,712.455,0.2,0x44...b5b6,https://etherscan.io/tx/0xeedbabd1653c13f4b46ccfd4be97895a16782e2d35e1f9ea5b15b843437be224
2023-03-19 16:09:35,True,0.5037,0.0002797,2884.96,0.8071,0x5e...822f,https://etherscan.io/tx/0xd9ac45dff96990932c50b81e2ac643d3615ea6398ee72081689451bfe0a324ca
2023-03-19 16:04:59,True,0.4995,0.0002783,2815.73,0.7836,0xfa...aa5e,https://etherscan.io/tx/0xa7aa3c3755daeed1a7c880c0e5e250be6ad74f57df59dbb100ad07a27ea40483
2023-03-19 15:49:47,False,0.494,0.0002765,2352.58,0.6505,0xfa...aa5e,https://etherscan.io/tx/0x10362709cd8d3c5179cd662fcc1692e0d38567b9e75a7d5bb732f75aabed3c79
2023-03-19 15:33:35,True,0.4971,0.0002781,2440.06,0.6787,0xfa...aa5e,https://etherscan.io/tx/0x8b2ed2959789471f7617f87dc5d12c2d66906401bec23821e8ddf64c5f03555a
2023-03-19 15:30:47,True,0.4957,0.0002773,796.66,0.2209,0x09...0929,https://etherscan.io/tx/0x43296ea1682b80e412dab6b1c831683b947e7a055671e58f63d2984a91bccb02
2023-03-19 15:24:47,True,0.4933,0.0002771,51.8778,0.0143,0x29...46b5,https://etherscan.io/tx/0xf68ea7fe2e6921b8a06c08e6ef1f5c23eba783be3cb1dd3fe46a884dbab7a034
2023-03-19 15:17:35,True,0.4924,0.000277,107.325,0.0297,0x7b...717b,https://etherscan.io/tx/0x347fca088c48d34b45059050f46bb21b21fdcf0ea3e53c1e133d918096d808e8
2023-03-19 15:06:35,False,0.4899,0.0002756,1000.0,0.2756,0x4c...5ee8,https://etherscan.io/tx/0x550a3e0ccc0c289895ee064541ca834864c730edcf6a2c170bbee45b107d759c
2023-03-19 15:04:59,True,0.4928,0.0002773,1000.0,0.2773,0xa6...f074,https://etherscan.io/tx/0xa3e14342bed48238f703d722de94f994c351b7f0b383c61d79540d7b12d5a7f8
2023-03-19 14:38:47,True,0.4918,0.000277,117.297,0.0324,0xa0...a9e9,https://etherscan.io/tx/0x058123d9b32fe1fb14b784a0cd3776abce6f399a1c8e7c33bc8a87ad094cc17a
2023-03-19 14:37:59,True,0.4919,0.0002769,192.207,0.0532,0x94...7ed7,https://etherscan.io/tx/0x053f4fd3440061f8c18c31a324365063de5b804046e030b28ed3898cc255acad
2023-03-19 14:05:11,True,0.492,0.0002758,3964.52,1.09374,0xd7...a3b2,https://etherscan.io/tx/0xe3e7c10b98e45071c17b4af84afcb2d3b4669f75eb5edabc59fe922202cd17d6
2023-03-19 14:04:59,False,0.4917,0.0002756,10244.1,2.82394,0x31...8903,https://etherscan.io/tx/0xef9c32a869e632b219aaf781b1c424dd65615198b7a8d4265551f3d84f7da6a7
2023-03-19 13:53:59,False,0.4977,0.0002791,2592.02,0.7234,0x91...d728,https://etherscan.io/tx/0x9e8dc8b4bae0045fbe64d9065616fde62654d5b569753dbd3de0adea83b8ba77
2023-03-19 13:48:59,False,0.5004,0.0002803,2328.76,0.6529,0xfa...aa5e,https://etherscan.io/tx/0xc593f242a01937c66d7f3899ae48e40d91e130197592633a455ce9b583cf059b
2023-03-19 13:39:59,False,0.5016,0.0002811,432.213,0.1214,0xdf...c1dc,https://etherscan.io/tx/0x61190b50229d49fa1891e0c49d82c7382a11010290cbe67f38b6b5929764800e
2023-03-19 13:34:35,True,0.5045,0.0002828,208.416,0.0589,0xb7...49df,https://etherscan.io/tx/0x60d47a42d965adcf878294a01103b72226cff0cc444257603204f15a9c18d857
2023-03-19 13:23:35,True,0.5045,0.0002827,145.924,0.0412,0xcb...24ad,https://etherscan.io/tx/0x94989fd8d68e11566bb81013b00eacbd14f16b7fa87b9b94689de3d5cd610e80
2023-03-19 13:07:59,True,0.5054,0.0002827,3.91349,0.0011,0xa4...a5de,https://etherscan.io/tx/0x45a326f6e1d9a27650d758c649401841808cc827444130b608d209512b6f35b9
2023-03-19 12:45:23,False,0.5003,0.0002816,2317.99,0.6528,0x91...d728,https://etherscan.io/tx/0xf3dd44e288972936c104adfd57e530b0e758d39556234cb3ad88fc669eea63f7
2023-03-19 12:39:47,True,0.5043,0.0002839,12.219,0.0034,0x39...866d,https://etherscan.io/tx/0xa9ccaa0a048a90160d41cce3717eae009fb26e5d4360d006269e941667426e11
2023-03-19 12:35:35,True,0.5033,0.0002836,1223.32,0.3469,0x78...2f58,https://etherscan.io/tx/0x9938958e2d2439662594e53295ed99ac6fbf7c58eb95b2f6541e93f8c472ce05
2023-03-19 12:22:23,True,0.5019,0.0002826,2328.76,0.6582,0xfa...aa5e,https://etherscan.io/tx/0x2782b4d751900c935a26d5181c5e580388bb543e710bfd55064b9e231d8810ce
2023-03-19 12:21:23,True,0.4991,0.0002814,2407.98,0.6776,0x73...36a8,https://etherscan.io/tx/0x37c18f0e96330a4bda66e1dd06ad20defaf615e6e6b431bd378107fb12678392
2023-03-19 12:04:23,False,0.496,0.0002798,2907.04,0.8135,0x91...d728,https://etherscan.io/tx/0x99e02daf2c002bc99daecdb49b82f54d6040e0548e997ff0f7865e6c2ea4a63f
2023-03-19 11:53:23,False,0.4984,0.000281,1722.98,0.4842,0x91...d728,https://etherscan.io/tx/0xe1608cb1d5f06492a3f2484325c42544e86a56b4d0f205dfc093b109309b0521
2023-03-19 11:51:35,False,0.5007,0.0002821,2296.97,0.648,0x91...d728,https://etherscan.io/tx/0xaa5bd8b2c99aaaf994d9ce32ea93b013f8c34402ed8d10bc91404fba7f81ea22
2023-03-19 11:47:47,False,0.5032,0.0002833,2358.45,0.6682,0xfa...aa5e,https://etherscan.io/tx/0x130859b78fadf74b99adcfdb7f314cc69f63ab5840639f3161118b688694a257
2023-03-19 11:47:35,True,0.5066,0.0002852,1621.68,0.4625,0x7c...a2c1,https://etherscan.io/tx/0x0a5c10475492c84aee33bf6c97198e06e09ec29dc249da0b41dc73c313f0a4d6
2023-03-19 11:44:59,False,0.5039,0.0002837,2231.48,0.633,0xfa...aa5e,https://etherscan.io/tx/0x7406ac75538e0bbc80506a088fe6b63b552e7ca6c9c73a1c332ffd2511b5b8f1
2023-03-19 11:40:35,False,0.5063,0.0002849,2351.84,0.67,0xfa...aa5e,https://etherscan.io/tx/0xaf4929ec9e0996c21a4d3fda5c01dca4971a46b8289a9be2dc5118dc74d72cd7
2023-03-19 11:38:35,True,0.5104,0.0002872,125.944,0.0361,0xab...2307,https://etherscan.io/tx/0x68a9b9b5f03721af62d58d0c6c2fa1e8759e37dcfb6c6a7062949f985c128e70
2023-03-19 11:29:35,True,0.5093,0.0002866,2201.56,0.6309,0xfa...aa5e,https://etherscan.io/tx/0xbfcba971f3c502157363ad41c76b3c53d7831dcd8d2cbd702fdbf79202c8b523
2023-03-19 11:28:59,True,0.5071,0.0002854,2262.92,0.6458,0xfa...aa5e,https://etherscan.io/tx/0x75b6bd48b49de61622c02efae10f87625afef317dbf72a8e2c2551e505505fd4
2023-03-19 11:24:11,True,0.5139,0.0002895,3889.35,1.12623,0x65...ed08,https://etherscan.io/tx/0x3d4018c54865febc8c08d914006f2fe6fde57433257fa5c126f57e663db82b99
2023-03-19 11:21:59,True,0.5013,0.0002827,38.5672,0.0109,0x51...f86c,https://etherscan.io/tx/0xb71dc59628d0185e51af7e69453222671d006b8de68887d836316c5703f6a2e1
2023-03-19 11:20:35,False,0.4994,0.0002816,2264.06,0.6375,0xfa...aa5e,https://etherscan.io/tx/0x9a815f3a8810d441fe3fa8dc19e564202ee9f4af3c790972cbe83a0e07421465
2023-03-19 10:52:47,True,0.5043,0.0002838,195.743,0.0555,0x31...376d,https://etherscan.io/tx/0x7e3c43c9ac4daf918c600684b29fdb0ce0061683a9c811594be207b5bb04727c
2023-03-19 10:50:23,True,0.5041,0.0002837,36.8187,0.0104,0x10...2e3d,https://etherscan.io/tx/0xb328cc2cae6911f9d9d13446d62cbfd8049fc34d7f0399ba91a125501b58ff45
2023-03-19 10:42:11,True,0.5027,0.000283,2605.44,0.7375,0xfa...aa5e,https://etherscan.io/tx/0xd2f900625a7b2c2dfeb47f823725b2a557a01705bb8d16ca7c06b77fdac58a66
2023-03-19 10:37:11,True,0.4998,0.0002818,2135.92,0.6019,0xfa...aa5e,https://etherscan.io/tx/0xf339252434d42a6c57aa06fe5bf630b61ac5b46b61de8ca1f371ec06e644e008
2023-03-19 10:29:47,False,0.4964,0.0002803,2942.01,0.8248,0x2a...06a6,https://etherscan.io/tx/0x54017ac892673535841f2b11e2ff76605009c0fcdf0c4282417df1b92718cd51
2023-03-19 10:27:23,False,0.4994,0.0002819,3229.01,0.9105,0x5e...822f,https://etherscan.io/tx/0x23a1c38f8ead57fdc64a9a4171469ae484b3499f6ab17ce2e3f0f796a971b6c1
2023-03-19 10:02:47,True,0.5043,0.0002845,112.612,0.032,0xad...2da0,https://etherscan.io/tx/0xa7a8b908f0a715dcb50d388ce62686d6d2507327b9ff9be7660897a3d4691ffd
2023-03-19 09:57:59,False,0.5032,0.0002836,3261.02,0.9249,0x2a...06a6,https://etherscan.io/tx/0x8064e965afb81294f26cedfaa5d993a7a8065e67bbd1f0925fee1916e8df6665
2023-03-19 09:46:23,False,0.5067,0.0002851,2401.02,0.6846,0x5e...822f,https://etherscan.io/tx/0x0318c96181c6aa4d2990282744cfd13d1fc42ee45db2de152b377e007f4c2b57
2023-03-19 09:33:59,True,0.511,0.0002873,403.542,0.1159,0x87...621e,https://etherscan.io/tx/0x4eb73e8d11152d49c421e825bf8d3ebcc29a715e1e1db65c35a1b4314aa124b4
2023-03-19 09:33:59,True,0.5099,0.0002867,2010.15,0.5763,0x2b...ab9c,https://etherscan.io/tx/0xffd9524880adb1924b1e133432b2faaeffc276bb27b1f3ae621c8e1a5b0e8958
2023-03-19 09:16:11,False,0.5046,0.0002851,2427.02,0.692,0x2a...06a6,https://etherscan.io/tx/0x519b682ceb329c499c096398e2874c2899c5819b2af21bfae3d83092279d981c
2023-03-19 09:13:47,False,0.5071,0.0002865,2902.98,0.8318,0x91...d728,https://etherscan.io/tx/0xcceea19e65d992244e82a6c1726a82fcdd0cbaf73bc23744c96896319c0d1454
2023-03-19 09:09:47,False,0.5104,0.0002879,2257.73,0.6501,0xfa...aa5e,https://etherscan.io/tx/0xadeb4941eee05063e00e7acff7ac373cb5a45d86077e88096bff1df68dcae62f
2023-03-19 08:52:59,True,0.5141,0.00029,960.576,0.2786,0xfe...3cd4,https://etherscan.io/tx/0x39d363c4d2b604bb6aed98adeda07c32801fb67fc7025ad0ceb8d29d3f3c24b5
2023-03-19 08:52:47,True,0.5125,0.0002891,2257.73,0.6528,0xfa...aa5e,https://etherscan.io/tx/0x0188d03cba33b6cd412bbdabedcce8d29442d9b58d813a19a4bd7e8d4aa0f9ba
2023-03-19 08:51:11,True,0.5114,0.0002885,24.0368,0.0069,0xb5...1660,https://etherscan.io/tx/0xc98cfae24ce68df0b92fda1a29ad08b149d0458f353fb5f9373517e63070c13a
2023-03-19 08:50:47,True,0.5114,0.0002885,24.0368,0.0069,0xb5...1660,https://etherscan.io/tx/0xc98cfae24ce68df0b92fda1a29ad08b149d0458f353fb5f9373517e63070c13a
2023-03-19 08:50:23,False,0.5088,0.000287,1005.91,0.2887,0x2b...ab9c,https://etherscan.io/tx/0x730bfc141940a76933d90dc9b93e80123adbdc90e682f04e9cf32eee99d6f502
2023-03-19 08:46:59,False,0.5096,0.0002875,650.0,0.1868,0x43...a95b,https://etherscan.io/tx/0xd042d10a5ee5c5b6a08fa2c9b84ca57a61b72375120958c9d872815b96bb12c6
2023-03-19 08:39:59,False,0.5104,0.0002879,985.485,0.2837,0xfa...aa5e,https://etherscan.io/tx/0xdda2a1ed997af2355b1cb4a1bd063edbff06574f6bb13ddc693877e0ba1f78df
2023-03-19 08:35:59,False,0.5122,0.0002889,2611.26,0.7545,0xfa...aa5e,https://etherscan.io/tx/0xddac60424b00beb8ffa766d3e6f9b00e9ef83444ac9ad1bff1bc9a4f3436f21a
2023-03-19 08:11:11,False,0.5116,0.0002902,2137.95,0.6205,0xfa...aa5e,https://etherscan.io/tx/0xe5fa336a3eb4a28a3b369170f0328a6af375a6cc0b6eca21640302c44bb741bb
2023-03-19 08:07:47,False,0.5144,0.0002914,2346.45,0.6839,0xfa...aa5e,https://etherscan.io/tx/0x433d34c68df10ddbc36d781e0d18d87e83847cc036267359c239d417ffb659aa
2023-03-19 08:04:59,False,0.5172,0.0002927,2412.98,0.7064,0x3f...c220,https://etherscan.io/tx/0xe73a78b795515422e376ba26137c26573b1e8df88ca91827a5a26f99e7c01d60
2023-03-19 08:03:47,False,0.5201,0.000294,2079.66,0.6115,0xfa...aa5e,https://etherscan.io/tx/0x1993e4cd432531b3a1d75a363a9c90053386075b137fc904c0cf996c8d486ed4
2023-03-19 07:35:35,False,0.5228,0.0002951,1742.19,0.5141,0x73...eabd,https://etherscan.io/tx/0x0d70a8b882e06e1f95557192e19dcf36b62757d12d7e56428c42039c13afcb2e
2023-03-19 07:06:11,True,0.5273,0.0002966,2592.96,0.7691,0x5e...822f,https://etherscan.io/tx/0xf753785d27d5261b6fa770569e5bc0f968c0d48561bd8f028f854761548135fd
2023-03-19 06:52:23,True,0.5249,0.0002952,2210.63,0.6527,0xf8...60e4,https://etherscan.io/tx/0x2bcdf592b198409940c890b467fad301401a828f9fcf993f5b864990ce6d6c2b
2023-03-19 06:40:35,True,0.5236,0.000294,2206.28,0.6487,0xfa...aa5e,https://etherscan.io/tx/0xc00685217a3eecd0a6ab7ed9ca09570c62939c923d3e9883f59f8779997eb204
2023-03-19 06:33:11,True,0.5212,0.0002927,2484.86,0.7274,0xfa...aa5e,https://etherscan.io/tx/0x04b84e3cc186cc23662fca45f919ae5d412954aae39fd9c33ac92686c69792ad
2023-03-19 06:32:11,True,0.5187,0.0002913,2407.54,0.7015,0xfa...aa5e,https://etherscan.io/tx/0x477e5515f9b9439c7b7750166f17f8f8487029de3ae0ccfebf56a6d9332d80ae
2023-03-19 06:31:47,True,0.5172,0.0002907,95.5478,0.0277,0x4f...1ea4,https://etherscan.io/tx/0x187fbe51784c3ea6d2f3ca90d429d6f391fa44c75b534287a94547dae3154964
2023-03-19 06:28:35,True,0.5169,0.0002906,248.505,0.0722,0x41...2cd0,https://etherscan.io/tx/0x05cc9a510a594d3a7a6c97c0f5746bcb416d28424a5c82335db565626300bc46
2023-03-19 06:07:11,True,0.5164,0.0002905,9.56145,0.0027,0xa8...fc92,https://etherscan.io/tx/0x5f526d8a64ca1037e7c2571d6ded391f41c0df5a166c481705d61ae9f2ee54b2
2023-03-19 06:03:47,True,0.5163,0.0002905,31.5167,0.0091,0x2e...5056,https://etherscan.io/tx/0xcb28bb363434152512a89b4eaf61316e6db3cdd18dbfc6b5f3c908732199d796
2023-03-19 06:01:35,False,0.5146,0.0002893,2263.22,0.6549,0xfa...aa5e,https://etherscan.io/tx/0xebb72c9fe1a2779a10e377068ffdfaaf634b41820636c46ad623a11446722e7a
2023-03-19 05:52:59,False,0.5169,0.0002906,2265.54,0.6584,0xfa...aa5e,https://etherscan.io/tx/0x65ee53af4c791e6cff9ee873d5f336d03a30f6e2641246c818bf5c615e9731c7
2023-03-19 05:50:35,False,0.5192,0.0002918,2253.4,0.6577,0xfa...aa5e,https://etherscan.io/tx/0xfab5917292d1affe0127e9976566edfc5d7662ad628a5bc977bc632930d080ff
2023-03-19 05:26:59,False,0.521,0.0002931,2185.61,0.6406,0xfa...aa5e,https://etherscan.io/tx/0x16bddac376c38d3e2d6e33f76dfc9b3229c2705323ad652357950cc2edaadf3b
2023-03-19 05:22:35,False,0.524,0.0002947,3701.02,1.09088,0x5e...822f,https://etherscan.io/tx/0xc164b59a1e7b903022ad0f670b6ff24f504b08e6ca894ca7dfe4bb19518168f5
2023-03-19 05:22:23,True,0.5635,0.0003169,4256.82,1.34933,0x23...9898,https://etherscan.io/tx/0xe7098e1d92d8287febc79d38a881dc502ef39e47624002e8d4e4781a47de7734
2023-03-19 05:20:59,False,0.5231,0.0002939,2156.51,0.6338,0xfa...aa5e,https://etherscan.io/tx/0x6b91af67246c3c88599a0689e3f884def078cf850748ff39b78b65c21d35386c
2023-03-19 05:17:11,False,0.5259,0.0002951,2175.26,0.642,0xfa...aa5e,https://etherscan.io/tx/0x1dfe6106fb426dc957baea33d0de084aaf3dc96f2276aa826b18e92f6432ff94
2023-03-19 05:16:47,True,0.53,0.0002974,291.37,0.0866,0xbe...8f6c,https://etherscan.io/tx/0xbe00049208dd94a7d16d51e7a678d0ff45f18021f1160d7c800f04dfff7f7109
2023-03-19 05:11:11,True,0.5304,0.0002973,22.9242,0.0068,0x7d...b090,https://etherscan.io/tx/0x8b275d559e2f3963a81460c17f44131c46fb543feaf9788948157bbe51a20fdb
2023-03-19 05:10:11,True,0.5304,0.0002973,40.9308,0.0121,0x99...60d0,https://etherscan.io/tx/0x4b89bc5ae4327a764319bbd0ef2bc05ff040fe6f62bdd1d3af956d1e1958ca7b
2023-03-19 05:03:11,True,0.5293,0.0002967,2160.89,0.6412,0xfa...aa5e,https://etherscan.io/tx/0xc19605476af4edd2faa7aeeb5356bfbb025fd00fcc1bc540b73722e718a808e2
2023-03-19 04:51:47,True,0.5265,0.0002954,2243.67,0.6629,0xfa...aa5e,https://etherscan.io/tx/0x053e320aeb6f98b4c8a2e9c74c817d0334ae8e79fe83a20ac65e11e79f550194
2023-03-19 04:36:47,True,0.522,0.0002939,3365.63,0.9892,0xfa...aa5e,https://etherscan.io/tx/0x359a94018009e770b28b54df6c21f13579175978f321ad5225d9d01ddb19e058
