datetime,buy_order,price_USD,price_native,amount_token,total_native,maker,etherscan_url
2023-03-31 19:34:35,False,3.582e-10,1.959e-13,2865175315632.0,5.61353,0xae...ae13,https://etherscan.io/tx/0x734658f06c90cb49e535bc297eac569c9b65a80636150851823762ef24f5a2ae
2023-03-31 19:34:35,True,3.66e-10,2.001e-13,1554969406524.0,3.11303,0x51...f2cb,https://etherscan.io/tx/0x755468c6761909ab54501adffb9e9c53b8ab4e634af4f0b2dbd6ac180b355744
2023-03-31 19:34:35,True,3.471e-10,1.898e-13,2865175315632.0,5.43878,0xae...ae13,https://etherscan.io/tx/0x46ab2b0aeca049f5f39e7116fd8bea9a04ecf4e70427a5846e0b1031aed90ce1
2023-03-31 19:19:59,True,3.351e-10,1.833e-13,58016664170.0,0.1063,0x74...14ba,https://etherscan.io/tx/0x5ce205d76ba1fcfc9f6ee0e827be38a788cf9dc4b3cf566e12d99ae41f84674c
2023-03-31 19:13:47,True,3.351e-10,1.831e-13,36681362828.0,0.0671,0xee...3b77,https://etherscan.io/tx/0x2c8c11a83673d95b16d0e04f7d2fd30a46ef798fc1d108ca817102d0885fe35b
2023-03-31 18:49:35,False,3.33e-10,1.821e-13,113895972207.0,0.2075,0xd2...1b09,https://etherscan.io/tx/0x5c7c9d9268dbcd915b8562108f974f6833b6bd550960e30232c21cdcbd3387b6
2023-03-31 18:06:11,False,3.361e-10,1.833e-13,409592343912.0,0.7508,0x80...e1cd,https://etherscan.io/tx/0x22f34861ab8ac9fbaba181f12d29def3f3e76b815d0b830921214fa125af0c8c
2023-03-31 18:03:11,False,3.382e-10,1.846e-13,215697723503.0,0.3983,0xe6...c297,https://etherscan.io/tx/0xe80e731d96652bafb9ebc327b3d03c8291ce6c5462e5addfbea3df85d95a312c
2023-03-31 18:01:35,True,3.395e-10,1.856e-13,292890818319.0,0.5436,0xc5...d515,https://etherscan.io/tx/0x29973b442e68484cc786de70c42a647453a9fe4e15e04ecd6d2891059658af54
2023-03-31 18:00:23,True,3.383e-10,1.849e-13,6431245360.0,0.0119,0x36...615c,https://etherscan.io/tx/0x385abe0ddb5005bba0a5652e0a9001059667d525ad7853da84869970f4cdb4f8
2023-03-31 17:59:35,False,3.386e-10,1.85e-13,575818173748.0,1.06576,0xfa...c485,https://etherscan.io/tx/0x8e155fa6092fc2e405d50d4531bf986966e2fc06c3d2caa308b738682e9310d3
2023-03-31 17:53:11,True,3.387e-10,1.851e-13,1031986483958.0,1.91123,0x06...fe96,https://etherscan.io/tx/0xbf28cb6837b7e6370299e4d679d431e9c6d16fb1d0a7c8c7e2865232e2ecf85f
2023-03-31 17:32:59,True,3.333e-10,1.822e-13,335562747409.0,0.6115,0x9d...15dc,https://etherscan.io/tx/0xd760645ae86af677e662f46162d1f61235a98783a627b49596233f1a61b72397
2023-03-31 17:31:59,True,3.316e-10,1.812e-13,149881982804.0,0.2716,0xfe...a2b2,https://etherscan.io/tx/0x61f9a0254944c4578efd4af587eb5d3b3055b12ab1dcd77d29babd70fe5c3c48
2023-03-31 17:30:47,True,3.305e-10,1.805e-13,150412107653.0,0.2716,0xfe...a2b2,https://etherscan.io/tx/0x004543e2303444e568f346c259e1ec79085c0fe119b992fec8eb35bebe1fc154
2023-03-31 17:30:11,True,3.293e-10,1.799e-13,150945051410.0,0.2716,0xfe...a2b2,https://etherscan.io/tx/0xb98b62446a172a84eb1fae54904bc6181eaa6b99277a18042d44827b4f041ee5
2023-03-31 17:29:59,True,3.282e-10,1.793e-13,151469866586.0,0.2716,0xfe...a2b2,https://etherscan.io/tx/0xa04a2d71c59b3609fa44da4476bc0bcef5962e207658ca3c077952f126a7df91
2023-03-31 17:29:35,True,3.27e-10,1.786e-13,152008430551.0,0.2716,0xfe...a2b2,https://etherscan.io/tx/0x333e7ef059fe21c8f80f3350d859bde3df192a9eae16517a6d1827b805f52696
2023-03-31 17:29:11,True,3.259e-10,1.78e-13,152549873416.0,0.2716,0xfe...a2b2,https://etherscan.io/tx/0x13d480f92db673ea17f96fae402f51cea7a48e7da417bb74b086cbfdddc12363
2023-03-31 17:28:59,True,3.247e-10,1.774e-13,153099112487.0,0.2716,0xfe...a2b2,https://etherscan.io/tx/0x050464c39f15254eb2ae83a41bc7d6486a53f2a73b1952562b1c54f2f994f3d1
2023-03-31 17:07:59,False,3.242e-10,1.761e-13,53000000000.0,0.0933,0x89...cca5,https://etherscan.io/tx/0xb2c832ec9053c9ec0ceaf28c47727d412423592a11343a57f69d12910ec5bd54
2023-03-31 16:50:11,True,3.253e-10,1.767e-13,282856597048.0,0.5,0x89...6ccd,https://etherscan.io/tx/0x3dc369caac092b597eb45e5a8ab9fda0cad302b7c1297fd10b81ff5a7aa76868
2023-03-31 16:45:59,False,3.231e-10,1.752e-13,45654100404.0,0.08,0x66...5ff3,https://etherscan.io/tx/0x5a60d1ca48ab7a14e3d76c2adb3e11e6f535204859f75a6045e49920f86fb615
2023-03-31 16:39:35,False,3.24e-10,1.759e-13,325000000000.0,0.5719,0x6f...4963,https://etherscan.io/tx/0xcebd8609f0918267c19c304b7c2a9331be1c8a859b239225c439598583414242
2023-03-31 16:09:11,True,3.234e-10,1.767e-13,480992457112.0,0.85,0xa7...3c7b,https://etherscan.io/tx/0xf6b8a9f28b5781e1a4f4834178c652e32e6ccf152ad1bbd3cc892283b2dae02c
2023-03-31 15:44:11,True,3.203e-10,1.75e-13,342523330651.0,0.5996,0x3e...8c66,https://etherscan.io/tx/0xa82315ad5b8385cbda7638ed4296836dff86b2dbd08ef6317a88e866c8317f26
2023-03-31 15:36:59,True,3.201e-10,1.742e-13,46730664698.0,0.0814,0x61...7feb,https://etherscan.io/tx/0xc318cbe7a433cc021ee2334d1e5eb8a6ab4d35ee1d0dbac1d07e9b3fbb924805
2023-03-31 14:51:59,True,3.133e-10,1.735e-13,318958862160.0,0.5535,0x00...e728,https://etherscan.io/tx/0xfdd944d8e516042cde3cc4929014b5d4968b9d2657f8a48d927be0a5f25a21ec
2023-03-31 14:36:11,False,3.105e-10,1.719e-13,44216826252.0,0.076,0xfa...c485,https://etherscan.io/tx/0xf31e8cf1e07324133b8e0703ff20a6dc9f2449421a13a23e528789f834a2bd18
2023-03-31 14:34:35,False,3.104e-10,1.721e-13,52383275149.0,0.0901,0x52...c343,https://etherscan.io/tx/0xf9e564d09a1e664b8d0c0df256d1204d40c3a4dd43477c73fc1d1d629baf10e6
2023-03-31 13:54:59,True,3.104e-10,1.731e-13,102348420419.0,0.1771,0x18...0902,https://etherscan.io/tx/0x5d17788f9e105ebcc2cb8beb2b55d96ab2eed646a88de93ba728c3132e729735
2023-03-31 13:48:23,True,3.101e-10,1.728e-13,14217443771.0,0.0245,0x2c...6451,https://etherscan.io/tx/0x6439f0b75d14c9c4d5edd7d5d9369a78e3cff714ed025a7c48907faf60978910
2023-03-31 13:46:59,False,3.097e-10,1.726e-13,419009191865.0,0.7233,0xca...0bbf,https://etherscan.io/tx/0x04c3a01a9e9c607d06bbbaf23394da22060bee8822db4c413e368369c21b32f1
2023-03-31 13:40:35,True,3.119e-10,1.739e-13,250000000000.0,0.435,0x09...a672,https://etherscan.io/tx/0xf9a07102eeb64294deba44355e292193f4378871905d789d975b0dd0a77bafc7
2023-03-31 13:07:47,True,3.107e-10,1.733e-13,89339381249.0,0.1548,0x07...56af,https://etherscan.io/tx/0x8ba85e71877d7a6e2fde1a726d59c7fca15e7176cd6f15f7a4c83fe83415cb53
2023-03-31 12:45:47,True,3.097e-10,1.725e-13,318795049457.0,0.55,0x5e...4e78,https://etherscan.io/tx/0x22ad3d477e0efbf53a649a8528058ae81a77bdbf766ec832137dc871cb5810eb
2023-03-31 12:40:59,False,3.072e-10,1.709e-13,47403743335.0,0.081,0xf7...9eb4,https://etherscan.io/tx/0xe2fdd34cce58aa4c4771755345ca0f9fdef823e76eb92694b4edef6aadd89c9b
2023-03-31 12:39:23,True,3.092e-10,1.72e-13,8125854731.0,0.0139,0x2c...6451,https://etherscan.io/tx/0x42be02da9a4140fff3ba2630681c4058146dba7a96ca82a4c29a19920c1c1c79
2023-03-31 12:32:23,True,3.09e-10,1.72e-13,27728236692.0,0.0476,0x02...960b,https://etherscan.io/tx/0xeab0076a17c41dd107e4049c705c762e72518d779c3535219414b7af5b497b1f
2023-03-31 12:04:35,True,3.076e-10,1.719e-13,16500000000.0,0.0283,0xf3...6a6b,https://etherscan.io/tx/0xdd6db06786d03ec5e6e2a7c909cedb2eb4971727ae5d6b9c1b41c491f46d6ce7
2023-03-31 12:03:59,True,3.07e-10,1.715e-13,145689728821.0,0.25,0x29...3572,https://etherscan.io/tx/0xf7b2a0e5eef28f009ab1626da2e9f8eb14a7b0932fc3697516735fafc35bb883
2023-03-31 11:59:47,True,3.062e-10,1.711e-13,82412277619.0,0.141,0x4e...dd94,https://etherscan.io/tx/0x647f49ecbf25f36d1a772561bd822fafb4425acb34defa37fb41434418894579
2023-03-31 11:25:23,True,3.058e-10,1.707e-13,129432861296.0,0.221,0x00...2f60,https://etherscan.io/tx/0x2dcc0ada1d9477de45b898dcb2e79a9f40b10f6f4ed12933420af34acb49c029
2023-03-31 11:15:59,True,3.05e-10,1.703e-13,75000000000.0,0.1277,0x09...a672,https://etherscan.io/tx/0x207bf699e56ae1d9d1325de8e1c8719f903b5c7b8388e832c12f3e4a4c0aab9a
2023-03-31 11:14:35,False,3.043e-10,1.699e-13,385728914885.0,0.6554,0x1a...046b,https://etherscan.io/tx/0x2f6fda20b645dee97b07c15eedc7e954d26b1e03214bdfd5ba83450865b98899
2023-03-31 11:12:35,True,3.065e-10,1.712e-13,220513589484.0,0.3776,0x77...8888,https://etherscan.io/tx/0xd6c891b5d20f0c30c2590a8895a66357d9ede293194404293a52f3aa031cb0e5
2023-03-31 11:12:35,False,3.074e-10,1.717e-13,1000000000000.0,1.71756,0xab...ddfb,https://etherscan.io/tx/0x448ee6384e4871692ba5a608be9ea389b0d203429f61add930fb280ff5da1a84
2023-03-31 11:12:35,False,3.117e-10,1.741e-13,220513589484.0,0.384,0x77...8888,https://etherscan.io/tx/0x4218aea5c0ba67357fbb13e33facbdbddd27556181662e4c8c1584fb7b3e149c
2023-03-31 10:59:23,False,3.132e-10,1.75e-13,222222222222.0,0.3889,0xbe...dc0e,https://etherscan.io/tx/0x0a9cc12efff93b8402253bbff46eb2f31707ddd453f1303284d58fa2845cf941
2023-03-31 10:56:23,True,3.158e-10,1.763e-13,79375724737.0,0.14,0x5b...ad6d,https://etherscan.io/tx/0x7769ea89263079affb9104a66e79a88ed639995157dbad050da8b42473835e4e
2023-03-31 10:51:47,True,3.147e-10,1.755e-13,315281428700.0,0.5535,0xcf...5658,https://etherscan.io/tx/0xd90d338243a8dbff947cfdd06924a1d17d072385f0fff0b5c49dbd1d981896a2
2023-03-31 10:27:11,True,3.132e-10,1.747e-13,103010373336.0,0.18,0xee...9999,https://etherscan.io/tx/0x4c2dc63cbde4fdbb9635e50eb3b592524050ddc627a43901e91f478cf7ac09cf
2023-03-31 10:16:11,False,3.122e-10,1.739e-13,246441798238.0,0.4287,0x29...ea9f,https://etherscan.io/tx/0xf0078342cc1bfce6e3a2ecb527cecdff678acb838aa972ce196c79e8d5557673
2023-03-31 10:05:35,True,3.142e-10,1.749e-13,300351837471.0,0.5253,0x50...efcf,https://etherscan.io/tx/0x7d8725dece59add792931c95f3f86ef2e56f6dc614d1e53a6e9dded96a2d8dd8
2023-03-31 09:55:59,True,3.121e-10,1.741e-13,100000000000.0,0.1741,0x4d...e0bc,https://etherscan.io/tx/0x1161a2ebdbd8143e436a8685def01f072f1d81c62321b7b62130a7322a378efd
2023-03-31 09:53:47,True,3.117e-10,1.738e-13,11506368042.0,0.02,0x8d...9a98,https://etherscan.io/tx/0x862fe1e5a319ce34770ffee227032f8a710eb20517a1c90126ae9fd50591645e
2023-03-31 09:47:47,True,3.105e-10,1.738e-13,3529963828.0,0.0061,0x1a...0aff,https://etherscan.io/tx/0xd04e8ef84ab0be9a8e4d877407353f65acb6fd455e3ce4c2faf982fa1b971053
2023-03-31 09:33:23,True,3.065e-10,1.715e-13,1194799299451.0,2.04928,0x78...61f3,https://etherscan.io/tx/0xc1572390f73788db6559cf2ff9cc6c5457b83d91b788efd0a198efca07e373eb
2023-03-31 09:28:59,False,3.145e-10,1.761e-13,4010816498948.0,7.0647,0xae...ae13,https://etherscan.io/tx/0x3ffa4a716f2e4e44acdeae96b2c2013525ad6a0f2cfa4d192e28e77f78387249
2023-03-31 09:28:59,True,3.299e-10,1.847e-13,351774645926.0,0.65,0x9f...513a,https://etherscan.io/tx/0x55a98d221faf2c47aa47859ee98e4219d9ecf4b555688b80af4aa0df811123c2
2023-03-31 09:28:59,True,3.137e-10,1.757e-13,4010816498948.0,7.04809,0xae...ae13,https://etherscan.io/tx/0x25cda029b8b07755172f72180a089f34e1e0fbe9fc00aee65ca5ef480d0f5f78
2023-03-31 09:27:59,False,2.987e-10,1.673e-13,253541731773.0,0.4241,0x2a...ff97,https://etherscan.io/tx/0x7c2574c02a36229297c2268c6d14d6700dab6e38aff263f4f71b026e729f020f
2023-03-31 09:24:59,True,3.006e-10,1.685e-13,125000000000.0,0.2106,0x6f...4963,https://etherscan.io/tx/0xb415e455153c05aadb8d83a6f651d086169d5904c4d26211bc9ac063031b645d
2023-03-31 09:23:47,False,3.014e-10,1.689e-13,883368008795.0,1.49274,0xae...ae13,https://etherscan.io/tx/0x8f11455f3b9b91655bc28e7c3b78fa0fefe5a13b7fae4c119901ba4abafd97c8
2023-03-31 09:23:47,True,3.048e-10,1.709e-13,409592343912.0,0.7,0x80...e1cd,https://etherscan.io/tx/0x12809d7dcb0399acfa5c6eb493a2513750753179c68ec3c68740ffae77f49093
2023-03-31 09:23:47,True,3.004e-10,1.684e-13,883368008795.0,1.48786,0xae...ae13,https://etherscan.io/tx/0x5253a40ee6f557acd1a34f6e2db30500d9595a7768a5a20e00d65359cd8df38e
2023-03-31 09:20:11,False,2.971e-10,1.659e-13,73000000000.0,0.1211,0x96...2d3c,https://etherscan.io/tx/0xb0a5a678ea80bd336a119bb64ac2b7ec6870d7cd5a3bc3ab93792cfa12dd49be
2023-03-31 09:19:11,True,2.987e-10,1.666e-13,200000000000.0,0.3333,0x6f...4963,https://etherscan.io/tx/0x8b21f4a1df020228501832b780c6702025b76fdd2c1d8168f7faff68689cdb25
2023-03-31 09:18:11,True,2.973e-10,1.658e-13,224068392437.0,0.3716,0x77...65d1,https://etherscan.io/tx/0xcee2239a7e70406181a11d2cc4e33ae5e24b54e7b6b62be4b24014f5f0eb5c84
2023-03-31 09:18:11,False,2.981e-10,1.663e-13,1000000000000.0,1.66325,0xab...ddfb,https://etherscan.io/tx/0x2b0f4d535a14c4b51e8c19929fd14dd9a7de9fbb66ee2eaf79790171fb7ce7df
2023-03-31 09:18:11,False,3.022e-10,1.686e-13,224068392437.0,0.3778,0x77...65d1,https://etherscan.io/tx/0xec51713bcc20bef5f836a4e0118b0719f7d3059d6e34fb519b36aa6a122587b3
2023-03-31 09:04:47,True,3.048e-10,1.696e-13,221618364774.0,0.3759,0x77...8888,https://etherscan.io/tx/0xd4bffb0bc612cce4470947c884112fac997db142ba56d58efbf9322cfcb3d7e8
2023-03-31 09:04:47,False,3.057e-10,1.701e-13,1000000000000.0,1.70109,0xab...ddfb,https://etherscan.io/tx/0xb22b68a188106c07c138f74b00cdb7f0f6be9407d690e9082def4c72a64218f2
2023-03-31 09:04:47,False,3.099e-10,1.724e-13,221618364774.0,0.3822,0x77...8888,https://etherscan.io/tx/0x2f1b582d9da9fe6b32652500bd843d138a4abc747a35bba450035a11142f144d
2023-03-31 09:03:59,False,3.129e-10,1.741e-13,619265064841.0,1.07837,0x47...a8ce,https://etherscan.io/tx/0x4f71e69f8c94bc3106efbd8817630c54052851031e5e8d38fd155415793f3f5b
2023-03-31 09:00:11,True,3.167e-10,1.762e-13,72043837790.0,0.127,0x59...7276,https://etherscan.io/tx/0x97ac5a60360f278d6e3e4e3433d6cb309b872e9c4ada647d1bebb40c60d21bc7
2023-03-31 08:53:59,False,3.152e-10,1.752e-13,85590685452.0,0.15,0xf7...8444,https://etherscan.io/tx/0x782cfd80597656a04b6a576bd268bd8ce58f3aaaeedd0c0a84284c3f1d910f27
2023-03-31 08:44:59,True,3.172e-10,1.764e-13,30041824682.0,0.053,0x48...7fff,https://etherscan.io/tx/0xf3598bb9b556dbc53f334a542d9fa97fcd61d31a5fc1b19edf024548053288bb
2023-03-31 08:42:35,False,3.153e-10,1.753e-13,13106388976.0,0.0229,0x67...44fd,https://etherscan.io/tx/0x450fceefc96844a732b9154625fd5304ef02bd885048fa1c624750cb41351ebb
2023-03-31 08:29:59,False,3.152e-10,1.753e-13,10147983316.0,0.0178,0x96...45f8,https://etherscan.io/tx/0x311adf76dcd394f586b35d17f3b93906539b0122d0ad9e635aa4756731b9901b
2023-03-31 08:18:35,True,3.169e-10,1.764e-13,15305496914.0,0.027,0x2c...1b54,https://etherscan.io/tx/0xcab56c0bc28cfa37b43a4b45d62f875f17045b4901ae4025a1afa92ff9357ee5
2023-03-31 07:58:59,False,3.181e-10,1.771e-13,884330735924.0,1.56645,0xc4...023a,https://etherscan.io/tx/0x14d83d3de13654f07c18d51d8c8fd77096a132dcd871636764fed5e2bccebfc4
2023-03-31 07:54:47,False,3.218e-10,1.791e-13,116267360428.0,0.2083,0x18...0902,https://etherscan.io/tx/0xcc1d55fc3ab4e1e97717f6222142dfa575520548b84150e9fae8caa59d20f294
2023-03-31 07:23:47,True,3.252e-10,1.803e-13,68957672872.0,0.1243,0x88...715b,https://etherscan.io/tx/0xe0af7f15105ba515d3d0b19cc30bf114a488960eefa2fb332c2246f201ca6986
2023-03-31 06:03:59,False,3.232e-10,1.792e-13,65106935890.0,0.1167,0x68...e09e,https://etherscan.io/tx/0xe74cf740ae771a04245dfca76314b93b91986a7a357bd665f9d1ebf8bc5ab4f7
2023-03-31 06:02:35,True,3.251e-10,1.802e-13,115167491791.0,0.2075,0xae...ae13,https://etherscan.io/tx/0xe69f737a43b91e4b04c5f4c9f1f0c70b6a55edfda4b6fe012c632a014f230568
2023-03-31 06:02:35,False,3.286e-10,1.821e-13,1519758674124.0,2.76811,0xab...ddfb,https://etherscan.io/tx/0xb491335ef6a537338a8ee0e797b975917b8cb6b0ec3cb66f8113da820cd14ef3
2023-03-31 06:02:35,False,3.349e-10,1.856e-13,115003427335.0,0.2135,0xae...ae13,https://etherscan.io/tx/0xbfe1ed68f838cce3ab5cecc20c4de9c9aa20a7787f116c8bc3669ee8770187d9
2023-03-31 05:58:47,False,3.366e-10,1.865e-13,307589342804.0,0.5739,0x58...c1ac,https://etherscan.io/tx/0x0e43180bd1193d972e05edf6664834b5b9b2bb2497b2afecfb9cc036b65f10be
2023-03-31 05:58:23,False,3.384e-10,1.875e-13,150000000000.0,0.2813,0xab...ddfb,https://etherscan.io/tx/0x352baa6ebf01305a60438b4343fe2a9dfeb6a98eff47828c71a0d8400e7bae03
2023-03-31 05:51:23,True,3.41e-10,1.889e-13,43536600457.0,0.0822,0x61...7feb,https://etherscan.io/tx/0xff2f1a66e15d978eac050a5872e7dd40ac10d7e3bc8efa1bd15fb8018f8924fd
2023-03-31 05:44:35,False,3.396e-10,1.881e-13,175000000000.0,0.3292,0x6f...4963,https://etherscan.io/tx/0xb2d6f1d48592522a66357f5e5dadfb021436361dd237f8feef42d715642d7581
2023-03-31 05:23:23,False,3.612e-10,2.002e-13,4913204367658.0,9.83759,0xae...ae13,https://etherscan.io/tx/0xf9f25b59ce7a13e16c5c665e6c65f9f803443228e3018867aebc4e854d7fbae9
2023-03-31 05:23:23,True,3.824e-10,2.12e-13,707274331004.0,1.49949,0x53...a37e,https://etherscan.io/tx/0x195ed0f20f6dfb40dfff9914cf7efddd63dbff158ddbc909f224451c3c7e1aac
2023-03-31 05:23:23,True,3.57e-10,1.979e-13,4913204367658.0,9.72358,0xae...ae13,https://etherscan.io/tx/0xdd000a301e8c658d0f1443565ecf61b2860426ccf59659ca906d23eff35fecb3
2023-03-31 04:12:23,True,3.349e-10,1.857e-13,293798375363.0,0.5458,0x02...72f1,https://etherscan.io/tx/0x87b47bc1dda01aaf1c76c4b68988a75ab3123363cb4c5196cecda308de7ebeea
2023-03-31 04:01:59,True,3.335e-10,1.85e-13,27015312782.0,0.05,0x52...a525,https://etherscan.io/tx/0x54e8ec07e8ed4f63547d97bddb9486d2b622d8e020616a8fa820b0a987f41c81
2023-03-31 03:56:47,True,3.333e-10,1.849e-13,27032516894.0,0.05,0x0e...c5a8,https://etherscan.io/tx/0x3bb350cdd2e7b00267efb4654cb7bb2be4382326ab71f730cbe30241226d3372
2023-03-31 03:49:35,True,3.33e-10,1.847e-13,75000000000.0,0.1385,0x09...a672,https://etherscan.io/tx/0xb033662944fd990d4f53af111cd42b4e9974bb5c101630fc24c2b32f66e6da0e
2023-03-31 03:02:11,True,3.331e-10,1.844e-13,64493451400.0,0.1189,0x84...aff1,https://etherscan.io/tx/0x2b552817bb841ed97793087c48fb0d31e55fcd1c86526786f784a3eeb9716fc4
2023-03-31 02:59:59,False,3.312e-10,1.834e-13,96034836803.0,0.1761,0x31...6aab,https://etherscan.io/tx/0x88c70a0762a35dd4303a7e868cbe183c76e54f6cb96ae8b4e967d54eaa8cfb89
2023-03-31 02:34:11,True,3.324e-10,1.846e-13,32495214569.0,0.06,0x1c...2307,https://etherscan.io/tx/0x7cada6fc08ab86dd347e11817cd15376e1548073b49bf15cc8b16686f0387c7c
2023-03-31 02:24:59,True,3.303e-10,1.845e-13,22222222222.0,0.041,0xbe...dc0e,https://etherscan.io/tx/0x9c0f35e1f1ca91d838779262f10ab979e05cda46bf5c86b3375e17603c81d82a
2023-03-31 02:23:59,True,3.298e-10,1.842e-13,108554039686.0,0.2,0x05...5212,https://etherscan.io/tx/0xf489dc37ecba3bfbac3117a9d710c321b38c41e0b029e9c14aa0afe6233fd6e0
2023-03-31 01:58:35,False,3.278e-10,1.83e-13,53369574549.0,0.0976,0xf0...2766,https://etherscan.io/tx/0x5ba63c86dd8d5d0b8676b4475ee9a27bd84a7fbf3ff51decffa1b45b4fbcaad8
2023-03-31 01:38:11,True,3.296e-10,1.84e-13,100000000000.0,0.184,0x6f...4963,https://etherscan.io/tx/0xfad94c818890f90c167db5ed95b22d26920500390af5166686c7fa7dd162a358
2023-03-31 01:35:35,False,3.29e-10,1.836e-13,458390062256.0,0.842,0x2e...314c,https://etherscan.io/tx/0xc49f5cbf346ee95fe94610f7cad62efc97487eecc3260241814fed06e7e374de
2023-03-31 01:33:11,True,3.321e-10,1.854e-13,175000000000.0,0.3244,0x6f...4963,https://etherscan.io/tx/0xcc5361344159a2ca41b9d76423f5d04b1f0540d066d924c573c1c096d84ac9ff
2023-03-31 01:31:35,True,3.311e-10,1.85e-13,7227643423.0,0.0133,0xd1...d094,https://etherscan.io/tx/0xdc430c5fdf61bede4d6f0d351643e43e1f0b2ae146ad859c504d83f91577daee
2023-03-31 01:27:47,True,3.309e-10,1.849e-13,5977359331.0,0.011,0xd4...14c3,https://etherscan.io/tx/0x7a7b15c25a775104e919fec509b1cfa6cf722a9cfa05f7d5c92f30fa6142cf3c
2023-03-31 01:20:47,True,3.306e-10,1.849e-13,9915253215.0,0.0183,0xd1...d094,https://etherscan.io/tx/0xa4ffb7dc673a370db5826e2955c0951cc7be46fb8bf0da7894f73eb694785658
2023-03-31 01:17:35,True,3.303e-10,1.848e-13,32457864687.0,0.06,0x1b...7195,https://etherscan.io/tx/0xce771253f15b6832757a4962b1abbbd34bce90a13504b4a1b1731b8d91c353af
2023-03-31 00:57:23,False,3.284e-10,1.838e-13,81586571425.0,0.15,0xbc...7b00,https://etherscan.io/tx/0x048be5de5851eab82c62f90223f3bcba58a6974fadf96bc4aaa4a5b947927287
2023-03-31 00:43:59,False,3.307e-10,1.845e-13,235798864638.0,0.4351,0xff...d885,https://etherscan.io/tx/0x6b2f387dd179fd8da66411c828626c3dd1c2e74b1e5a9f7d8faa21e18ce403c9
2023-03-31 00:35:47,False,3.319e-10,1.851e-13,28562448999.0,0.0528,0xf4...94a8,https://etherscan.io/tx/0x7ba8ce61247d548d2d024962b25a5b21116f72c2b3b882edd894257398f4aecd
2023-03-31 00:08:35,True,3.34e-10,1.862e-13,15761808722.0,0.0293,0xcb...9fc0,https://etherscan.io/tx/0x6e3e5a08c3deb5aa576ba5231e1ac6c1dbb419316b1897b13a72562d60bc1e82
2023-03-30 23:54:35,False,3.316e-10,1.852e-13,48726039460.0,0.0902,0xb4...648e,https://etherscan.io/tx/0xcda1a333e906cdbc67f46f0b13de0e4a8e7e61b3a30fac0ca3379683b7298897
2023-03-30 23:52:11,True,3.336e-10,1.863e-13,32211362903.0,0.06,0x6b...7f84,https://etherscan.io/tx/0x5a14d4e919ae36a7c7d3b372ceb9f8ac48c913450ecde664d5d5302fa63772f2
2023-03-30 22:56:23,True,3.345e-10,1.862e-13,8867145225.0,0.0165,0x96...e5ad,https://etherscan.io/tx/0x11d196f95784c2a09d81b4a6f5a3361434a9aba35c1a6324a98ea9d1f3bab9e5
2023-03-30 22:46:23,True,3.344e-10,1.862e-13,16301827736.0,0.0303,0xd6...3df9,https://etherscan.io/tx/0x0d544fa83e5f6d027d0334a9f7129653f68af54eb085cde3b47bb496f10ea462
2023-03-30 22:07:47,False,3.306e-10,1.855e-13,241628997659.0,0.4484,0xcf...e796,https://etherscan.io/tx/0xa8320f5ab04a07ad85882a29831611af985d788e63ec79c3698cda27042e4f07
2023-03-30 21:27:35,False,3.318e-10,1.863e-13,78620623418.0,0.1464,0x1e...af55,https://etherscan.io/tx/0x0c39a1a44818e51bbecaccd0e6f7ccb02f751b9ee43486c6d6ea1125bd86226a
2023-03-30 21:20:59,False,3.318e-10,1.865e-13,37894896973.0,0.0707,0xcf...116f,https://etherscan.io/tx/0x3b3e7b1ba82f0f30f4e3393e119385aa8c58765253cb40a991776f252970527d
2023-03-30 20:41:59,True,3.329e-10,1.876e-13,39799542358.0,0.0747,0x39...fc24,https://etherscan.io/tx/0x35caef439592c35e7751bb917f513bff3ff3594d3f82ebea9c19cd46f29f961c
2023-03-30 20:15:23,True,3.319e-10,1.875e-13,18464004071.0,0.0346,0x2c...6451,https://etherscan.io/tx/0x992a9f213546d131c1e2adb18529c8d4b50fccb5558633b20f386e1ad6c8ab40
2023-03-30 19:54:47,False,3.353e-10,1.895e-13,1416259169361.0,2.68471,0x36...597d,https://etherscan.io/tx/0xe7c4f399a3b907299c9a128ff75c0b14331ed2e466fd04c16ff463da4e814ac3
2023-03-30 19:12:59,False,3.534e-10,1.978e-13,2124974030803.0,4.20425,0x76...7d5e,https://etherscan.io/tx/0x384b6033e7ee6b655516e4fa67ae5f98d1930439582e9df0e97a7c0a2643e4ee
2023-03-30 19:12:59,True,3.616e-10,2.024e-13,717377963481.0,1.45235,0xb9...178d,https://etherscan.io/tx/0x1c6a7c5d602e80b88c07fee77ad3913d0354c0f0da8e841de982e1515235b222
2023-03-30 19:12:59,True,3.493e-10,1.955e-13,2124974243300.0,4.15577,0x76...7d5e,https://etherscan.io/tx/0x9852f0adddd0d88bd9c615d96544132f1b2f9089a12e5be0b5762e90d1c4775f
2023-03-30 19:11:59,False,3.393e-10,1.899e-13,209097781767.0,0.3971,0x78...441e,https://etherscan.io/tx/0x888e694c3a5453ea0d8bc3292167ab7c004449666347fe5729192242127ae055
2023-03-30 18:54:47,True,3.364e-10,1.883e-13,1416259169361.0,2.66763,0x36...597d,https://etherscan.io/tx/0x36a8a36796918740cb325232ea1817d4e648d5963b78d1d62c8c76b5e8897652
2023-03-30 18:14:23,True,3.301e-10,1.851e-13,10195613278.0,0.0188,0x23...191a,https://etherscan.io/tx/0x91147399ab269fe5b4d00bb3b61d9da2714b6f3edbe7eba22512cbac19c8a981
2023-03-30 17:48:23,False,3.295e-10,1.842e-13,97679661713.0,0.18,0xca...0bbf,https://etherscan.io/tx/0xb2acb1d4926f07be8000ec2c4d9c9928a443cc7a518d97d28b4784181a34dd0f
2023-03-30 17:24:59,True,3.317e-10,1.849e-13,297282518064.0,0.5498,0x02...72f1,https://etherscan.io/tx/0xb742a410eac39c8bd0ab41d6441155756bc9b5a798626c905b285ba3aed5704a
2023-03-30 17:09:47,True,3.305e-10,1.841e-13,54292895521.0,0.1,0x01...906c,https://etherscan.io/tx/0x122a74c5080c610fd40d374bac1635724a260033f28a6b9e7aa28bfc202d6d64
2023-03-30 16:33:59,False,3.325e-10,1.851e-13,1000000000000.0,1.85138,0xab...ddfb,https://etherscan.io/tx/0xfb8f3360d1e9f8bfb5eaebd743feb0dc2a3a6b06d8b3e88d3acd7d03e6f86c7f
2023-03-30 16:32:59,True,3.377e-10,1.879e-13,212942923648.0,0.4002,0xa5...f7a1,https://etherscan.io/tx/0xf7b4fdd271752e8aaf5397989da72cb7a76703fd58bea826fd7a2a7b80abefcb
2023-03-30 16:03:11,True,3.362e-10,1.874e-13,5871308864.0,0.011,0x19...d58b,https://etherscan.io/tx/0xc7a6c4092f76f01aa67099b28b49b95d1ec3cdfd8e7bfdfd70ef6a2380b5bc26
2023-03-30 15:57:47,False,3.362e-10,1.869e-13,281666153739.0,0.5266,0x9f...6a2b,https://etherscan.io/tx/0x9dccb5bd6cb5e0fa7f96b9f04b3062f96411104e2704274c8dea444741f7eead
2023-03-30 15:57:35,False,3.414e-10,1.898e-13,1000000000000.0,1.89862,0xab...ddfb,https://etherscan.io/tx/0x8c4cd6b182afe9bc9fe6fb163496d28046fe97547b13184e3755e7d839087763
2023-03-30 15:32:35,True,3.48e-10,1.931e-13,55459429163.0,0.1071,0x25...81b4,https://etherscan.io/tx/0xbe3ecfbad7b41e6be42fbfe7d3b2ccc5328cac4de41749bacef70732882e4c79
2023-03-30 15:22:11,False,3.463e-10,1.92e-13,71963154865.0,0.1382,0x9f...6a2b,https://etherscan.io/tx/0xf768870717f0fc5ad34dcd7e9f0e73b59b1dbea2a56d22e1be4b95a25a702f4e
2023-03-30 14:57:59,True,3.477e-10,1.927e-13,250000000000.0,0.4819,0x6f...4963,https://etherscan.io/tx/0x1017344434e420b01dec30f4ae0df2736eee0b5c14431b8e159d2cbabe875a71
2023-03-30 14:48:23,True,3.455e-10,1.915e-13,308852252229.0,0.5914,0xb9...178d,https://etherscan.io/tx/0x16d9ad790f493bcb58420887468ee605fc9077f5b8ad82f33d6ebb925d9bdb23
2023-03-30 14:16:47,True,3.432e-10,1.906e-13,56758474513.0,0.1082,0x2c...6451,https://etherscan.io/tx/0xb9fbf7882b1f6d0ae048015bc5c84588e59fbee0859fb648cdc3e291bc0dc43d
2023-03-30 12:43:59,False,3.448e-10,1.915e-13,931341252736.0,1.78374,0x26...4663,https://etherscan.io/tx/0x7ed37f2665015d6294a54099d35fd1c427cf6dc66157963618141cc337765a83
2023-03-30 12:41:23,True,3.506e-10,1.947e-13,25445607513.0,0.0495,0x6e...27c2,https://etherscan.io/tx/0xcda04db69dcd35d0f9682c633ab4b5647f9b2e32f3a24445801e3c00bf709040
2023-03-30 12:32:11,True,3.501e-10,1.944e-13,115003427335.0,0.2236,0xae...ae13,https://etherscan.io/tx/0x25656f90bc0f3c39ba0cbde3ab3a6ddd8750e2cf2d10fbdaea53cfface836694
2023-03-30 12:32:11,False,3.529e-10,1.959e-13,1260506839839.0,2.4705,0x9c...97bf,https://etherscan.io/tx/0xa25ac5a19a15bb28ca5281ac8bafe43c3c603239f1f809eb09cc1fa9fa5bb679
2023-03-30 12:32:11,False,3.588e-10,1.992e-13,114927812803.0,0.229,0xae...ae13,https://etherscan.io/tx/0x04b58d18dafa4c3c65a5c7dd871601d5c4f2102b867d161b6bbf5e3d54f89713
2023-03-30 12:29:47,False,3.602e-10,2e-13,207716892915.0,0.4155,0xae...ae13,https://etherscan.io/tx/0xf6fd8d1889c01424924758385817877d3249e6618dff25799540f7aa15b2f286
2023-03-30 12:29:47,True,3.588e-10,1.993e-13,1003364236737.0,2.0,0xab...ddfb,https://etherscan.io/tx/0xc9a5ade6ae8fea41fba8622801c43c6a3df4ec997b9e8158b7456b1ca7fee4db
2023-03-30 12:29:47,True,3.536e-10,1.964e-13,207716892915.0,0.4079,0xae...ae13,https://etherscan.io/tx/0xfeb56db48b88e6071ef4c069e9d9af34a773bdc12a3ba93793e988b60c642278
2023-03-30 12:24:47,True,3.521e-10,1.956e-13,124184161348.0,0.2429,0x31...4d37,https://etherscan.io/tx/0xd36e6f27d58d13cb7888b5490df99a341350d0466c3c547a0e8b52d19b5bf091
2023-03-30 12:09:11,False,3.497e-10,1.942e-13,60000000000.0,0.1165,0x85...e12a,https://etherscan.io/tx/0xf48a187c00e084f7f849e5f6c23d12ee1362952577352e8b7fec33dbc253002f
2023-03-30 11:16:47,False,3.514e-10,1.956e-13,500000000000.0,0.978,0x47...a8ce,https://etherscan.io/tx/0xe6a67d5836ac61039a137148b6492870fdc0c85098ff1f468716d5b742ee45fa
2023-03-30 11:00:59,False,3.551e-10,1.972e-13,200000000000.0,0.3945,0x74...fd82,https://etherscan.io/tx/0xa50775d00a545daf1336bd542d83cfb71193fd326e594f9c17d3c697bdffbae9
2023-03-30 10:49:35,False,3.559e-10,1.978e-13,17721865323.0,0.035,0x1d...284e,https://etherscan.io/tx/0xe0b65550d91e57a8c24297950c4d82f4f3bddab6da33881a2e23253ebd8ec8cf
2023-03-30 10:41:59,False,3.569e-10,1.98e-13,100000000000.0,0.198,0x6f...4963,https://etherscan.io/tx/0xbcf11a476e530f50e735804bd1bf7cac4603cbbdf58f787e3f54d0be32e6e8b0
2023-03-30 10:40:59,False,3.585e-10,1.99e-13,280666914861.0,0.5585,0x9e...b014,https://etherscan.io/tx/0xecbd6ed0a80df315f9d1c911b6221f3984bdc46921d2e8f8141c8e6a6ab56777
2023-03-30 10:36:35,True,3.567e-10,1.978e-13,1260506839839.0,2.49373,0x9c...97bf,https://etherscan.io/tx/0x58fe07005f8e6e9acaa05984f9d60b8be17786415e6fd502d7f47e55c5c5fa2d
2023-03-30 10:33:11,True,3.518e-10,1.948e-13,10177082705.0,0.0198,0x36...615c,https://etherscan.io/tx/0x2e0baba9b97fb87cc6fe5b25d9ae4e6cef82b8afe410efbd213a9a025998e57c
2023-03-30 10:32:35,True,3.505e-10,1.94e-13,309198647129.0,0.6,0x03...8fd6,https://etherscan.io/tx/0xede6a99261c2a3f7f9cb9036c9b27ec69c98fa6f00f923d12ff10fd8f76be4b0
2023-03-30 10:21:23,True,3.477e-10,1.925e-13,326232382866.0,0.6282,0x23...d0b2,https://etherscan.io/tx/0xc3632313dbd596f1e7f300704abed0964cdd6f835f22410c546518c11878813e
2023-03-30 10:17:35,True,3.452e-10,1.91e-13,349669251418.0,0.6679,0xf8...5141,https://etherscan.io/tx/0xc9d24a012940cd18532ebb9ffc175b966f039053eaa2df060bd92984b75d3dba
2023-03-30 10:16:23,True,3.435e-10,1.901e-13,31554569587.0,0.06,0x3c...c5c9,https://etherscan.io/tx/0x78e54cd0fbffd2cfad6583b7d2d16f0a86135567b629539936a60b6aba361542
2023-03-30 10:14:47,False,3.441e-10,1.904e-13,649580020844.0,1.23688,0x73...a8e4,https://etherscan.io/tx/0x74c53c7b3c9789efee119ffed25c94a2ea270faf7868a0efa1fb33ad17024271
2023-03-30 09:34:11,False,3.457e-10,1.922e-13,148849183905.0,0.2861,0x85...e12a,https://etherscan.io/tx/0x93612fcd6dde14c0ba95d3936cb517bca9a8b8a5a0852fbe97b7667c2c8d774d
2023-03-30 09:24:23,True,3.484e-10,1.937e-13,1422518976.0,0.0027,0x1f...7be3,https://etherscan.io/tx/0x8067fcac0dea1998dca1aa0d4e3bcb1e2836555e660ef86b26c8b298783b52db
2023-03-30 09:16:47,False,3.48e-10,1.938e-13,553528694470.0,1.07311,0xf7...f84e,https://etherscan.io/tx/0x7a941d228ce94c72fff3e4282beb5e497b8f6d6c595b2db690c52590241d59a1
2023-03-30 08:44:47,False,3.511e-10,1.955e-13,172905514415.0,0.3381,0x85...e12a,https://etherscan.io/tx/0xb62c6bc209c649c8edac928fc57f701b16f064b177e2ed7783f59778ae56b97d
2023-03-30 08:43:59,True,3.537e-10,1.97e-13,55958219924.0,0.1102,0xf5...31ac,https://etherscan.io/tx/0xf2908c5b65afa6c143e3d82dbb49281e58f6e41841dc2220cab10452ae71359c
2023-03-30 08:39:23,False,3.544e-10,1.977e-13,831502465603.0,1.64397,0x6d...a4dc,https://etherscan.io/tx/0x2f866522b1de7a98f9a1a80b6db1b033cdb03f9c2a57b1a72b312b41558dc13d
2023-03-30 08:37:23,False,3.592e-10,2.001e-13,156414409966.0,0.3129,0x1b...ea67,https://etherscan.io/tx/0xf959a70ee1dfe4361fce081f04b0d53838b7037636ba67a0ad2f36fc7a309ee0
2023-03-30 08:30:47,False,3.615e-10,2.013e-13,352151897962.0,0.709,0xab...ddfb,https://etherscan.io/tx/0xc8b075cacffba2607b1c8f2dc6106e21f7a546fbef5e64af3c22592399b07cd7
2023-03-30 08:30:11,True,3.619e-10,2.016e-13,734136395934.0,1.48016,0x75...3b16,https://etherscan.io/tx/0xc4448d14564e364c1ab862627960a367b4abe3036808416d1eabf998d34cab2e
2023-03-30 08:30:11,False,3.686e-10,2.053e-13,2680396660779.0,5.50398,0x4b...d649,https://etherscan.io/tx/0xa83d2fbd9682aa0ba950acace2c7a52a4975c6731939e0efcc78b3d9112f2bc3
2023-03-30 08:30:11,False,3.83e-10,2.133e-13,403684368525.0,0.8613,0x75...3b16,https://etherscan.io/tx/0xb75601c4d606d82b236d4684426a130871718d1967489cad151235d791453a06
2023-03-30 08:27:35,False,3.856e-10,2.146e-13,82503350344.0,0.1771,0xae...ae13,https://etherscan.io/tx/0x9d79676ab8883b9a3f2854fe9387b24197ef82eab3988faf93f9396247a1f212
2023-03-30 08:27:35,True,3.755e-10,2.09e-13,2687421069503.0,5.6177,0xdb...cfed,https://etherscan.io/tx/0xc17d70fe1ac63cc2c43c3ad7af44c533aff95bb9a70f520e8fa292c878e36ebe
2023-03-30 08:27:35,True,3.627e-10,2.019e-13,82503350344.0,0.1665,0xae...ae13,https://etherscan.io/tx/0xe8789281ad478f54105ea9ba7d9554b230d79a46515a1efafe3eb937a61546d9
2023-03-30 08:26:11,False,3.605e-10,2.007e-13,99624286327.0,0.2,0xf7...8444,https://etherscan.io/tx/0x9447423147e50d0f0d7f4d6424b2f357ec312f28e8ef17221d534a17ceb48ea0
2023-03-30 08:22:11,False,3.63e-10,2.02e-13,421344343014.0,0.8513,0x38...d6ad,https://etherscan.io/tx/0x2bd558eb94a186ae6db8671785eebb00f8eada9a2b4ebb298d69f2e813d2c78a
2023-03-30 08:22:11,True,3.564e-10,1.983e-13,2680396660779.0,5.31638,0x4b...d649,https://etherscan.io/tx/0x4d1d94ce424b8a83f5263252572a1af53c28cb06957671a43235302db0bf611b
2023-03-30 08:21:47,True,3.426e-10,1.905e-13,367372720069.0,0.7,0x23...e900,https://etherscan.io/tx/0x0deaf80d12f502af91e1f4f5118ad13b5311d226b7be26351cc61d6cef350147
2023-03-30 08:19:23,True,3.397e-10,1.888e-13,369688030949.0,0.6982,0x38...d6ad,https://etherscan.io/tx/0x4c6379db9f56e54897972e7beaf6f902fdc0bf9c3527b6493d337a527b50ffbe
2023-03-30 07:35:23,False,3.387e-10,1.889e-13,925893212275.0,1.74989,0xc4...f7c4,https://etherscan.io/tx/0x8d5ddb458b7fd0f6a84795385ca63a228750a91f218b5f47efb19b9735a151fe
2023-03-30 07:34:23,True,3.412e-10,1.903e-13,806054133009.0,1.53467,0x76...7d5e,https://etherscan.io/tx/0xc9f63ae0fbafea7e2b6e325ee48bb472d0322c0701581571180ff286de4bead4
2023-03-30 07:34:23,False,3.475e-10,1.938e-13,2789388250842.0,5.40764,0x4b...d649,https://etherscan.io/tx/0x2bab1296e4b178081c297ad709bbf613d9a6351c6923c0d955bf03446bdf989e
2023-03-30 07:34:23,False,3.612e-10,2.015e-13,414705682502.0,0.8357,0x76...7d5e,https://etherscan.io/tx/0xf837dddab58e95fc2c40f8f242574655f089954a41b6af93faa0f6c8e1834796
2023-03-30 07:34:11,True,3.634e-10,2.027e-13,394523689499.0,0.8,0xbe...b393,https://etherscan.io/tx/0x6325c9d556fa0e5427ecca01dc1d4638d768f10dcb4c8736c0267ec0d07166ea
2023-03-30 07:31:11,False,3.619e-10,2.02e-13,573017535591.0,1.15753,0xae...ae13,https://etherscan.io/tx/0x7a775bac8e23825c5f4279ed5814cca657fb64434d72fd130bd0c8e804db45be
2023-03-30 07:31:11,True,3.538e-10,1.974e-13,2936471124244.0,5.79841,0x6d...e5a1,https://etherscan.io/tx/0x157898758a9e87a25400ea8ad68675ed0d26bb195659377dc68d55cd3efbc852
2023-03-30 07:31:11,True,3.39e-10,1.892e-13,573017535591.0,1.08436,0xae...ae13,https://etherscan.io/tx/0x5b2fbc9842d0d1a132351caadd9617f1cef20ce2e123d28ca7afa66245fde65e
2023-03-30 07:27:47,False,3.369e-10,1.88e-13,556205577783.0,1.04603,0x80...e1cd,https://etherscan.io/tx/0x04620ed47b3ad08c2ab6fcb60f86009434246b6b3e103787152a51b826b0d04b
2023-03-30 07:24:35,True,3.315e-10,1.848e-13,2789388250842.0,5.15617,0x4b...d649,https://etherscan.io/tx/0xa731583df01cb211c6a0e3f87d3a2c8c8802ddcc57504380c7e0c32565fa8f7b
2023-03-30 07:18:59,True,3.192e-10,1.779e-13,180000000000.0,0.3203,0xdd...f57e,https://etherscan.io/tx/0x7222093205932ad68c2fd2ecf65eba77f91ca57cff0db981e2569f5cad968d05
2023-03-30 07:14:59,True,3.171e-10,1.768e-13,367561376900.0,0.65,0xab...ddfb,https://etherscan.io/tx/0x50013a1aa4ecbcda427ee242ace7e3c10c7e9d844df79b51817516127ad670b4
2023-03-30 07:00:59,True,3.158e-10,1.756e-13,199212832148.0,0.35,0xd9...af1d,https://etherscan.io/tx/0x99d98604e6c6908c2720b85d54cc45531200b74d573759067ba79526445829c0
2023-03-30 06:58:11,True,3.146e-10,1.75e-13,142854613805.0,0.25,0x29...3572,https://etherscan.io/tx/0x490ea59c4ca927a1dae4d2e353b2945ba3df79cac09adda8ee9be4f3cde6f6ea
2023-03-30 06:46:23,True,3.123e-10,1.738e-13,423235780982.0,0.7358,0x76...7d5e,https://etherscan.io/tx/0xbe0f8c6cb4b09b28a8da132694db4c1982b1b9ab86e19a2aba15d43ce5944d08
2023-03-30 06:43:47,False,3.097e-10,1.724e-13,230392476328.0,0.3973,0x76...7d5e,https://etherscan.io/tx/0x95ca52d85652b1a8fb82349db7eee95c4b492625bd69b58e1fe08c2266723899
2023-03-30 06:43:47,True,3.02e-10,1.681e-13,2984590521063.0,5.02,0xab...ddfb,https://etherscan.io/tx/0xfd0adbfc2a7f946b26bfac645e715ccd060f0cecc36425407f8c4873a1dd38c4
2023-03-30 06:43:47,True,2.913e-10,1.622e-13,230392499367.0,0.3737,0x76...7d5e,https://etherscan.io/tx/0xfac110f5c62cb1d11a9044766c65df7827d2b0b772580031e9f73ddd17f1451a
2023-03-30 06:42:59,False,2.955e-10,1.645e-13,2026623027671.0,3.33445,0x81...b311,https://etherscan.io/tx/0x918a9332b77730519b1fccbfee53618632485707e1e712093e895254cb2b8f60
2023-03-30 06:42:23,True,3.033e-10,1.688e-13,221839983139.0,0.3746,0x77...65d1,https://etherscan.io/tx/0xba725ab10830848137f01c155529ea2902b689ab9fee93372a03fb851973ad73
2023-03-30 06:42:23,False,3.041e-10,1.693e-13,1000000000000.0,1.6934,0xab...ddfb,https://etherscan.io/tx/0x28fe60e0ed7a7ba0c25880457fde7d3bccd73756c5490ae005207db431166a7c
2023-03-30 06:42:23,False,3.084e-10,1.716e-13,221839983139.0,0.3808,0x77...65d1,https://etherscan.io/tx/0x5f260dc8adb63fc1d5fb0768a94caecb42734ef5c0456044475b8f86049f1dec
2023-03-30 06:41:11,True,3.041e-10,1.692e-13,2026623027671.0,3.4299,0x81...b311,https://etherscan.io/tx/0xe03bb7085f85dab1ca9a876cb9c95e4b93ba92a0402836e28927131af0608fee
2023-03-30 06:30:59,True,2.97e-10,1.653e-13,31401753730.0,0.0519,0x14...09d1,https://etherscan.io/tx/0x816054647d8e05acda0f3fcfd5f8fae7296f4a96f317efa0d68ac7a7f0593153
2023-03-30 06:28:11,True,2.967e-10,1.652e-13,10285034567.0,0.017,0xf8...9910,https://etherscan.io/tx/0x31d425fcfebdfea8a216ac2e02eb38038130e900b6d9fe70fbfa21314cc52f13
2023-03-30 06:16:11,False,2.945e-10,1.646e-13,200041852739.0,0.3293,0xfe...2ff9,https://etherscan.io/tx/0xfe0630f333a7ddc9921d5967bce5f91e072a46d94386db0deb25919e3fdae22f
2023-03-30 06:07:35,True,2.966e-10,1.659e-13,12267364438.0,0.0203,0xe7...ddd0,https://etherscan.io/tx/0xe8065a522dffcc3ba3105f31bc90077c1106a791e4ae86e7f3ea260279eb36c8
2023-03-30 06:06:23,False,2.953e-10,1.652e-13,137388191905.0,0.2269,0xed...1781,https://etherscan.io/tx/0x216f41adb967cb1bb75e1a56c85878a8b23454fb6fc5a48a51b4dafee672d71f
2023-03-30 05:54:23,True,2.977e-10,1.663e-13,39063061778.0,0.065,0x0a...feb2,https://etherscan.io/tx/0x0389c87949b5880b0c2d8462cc5a3bf74ceb28b77321588bdbd406d2a7f159ad
2023-03-30 05:35:23,False,2.964e-10,1.656e-13,200000000000.0,0.3314,0xdd...f57e,https://etherscan.io/tx/0x0f7ded53e59df93434c234e147f7d96e58c244407550823043bad32a38c9cf77
2023-03-30 05:33:35,False,2.984e-10,1.67e-13,500000000000.0,0.835,0xab...ddfb,https://etherscan.io/tx/0x1f42375b9a2b44550ce504ec39a1157faafaa31bfcfbc290afd0d3f34fb6d1e4
2023-03-30 05:28:35,False,3.028e-10,1.696e-13,902270048410.0,1.53081,0x76...8f54,https://etherscan.io/tx/0x970a0ce2f05dd909f26db4926613b790a323de40f75574f2f93356ea048badd1
2023-03-30 05:23:47,False,3.063e-10,1.715e-13,55331685216.0,0.0949,0x6d...bfdc,https://etherscan.io/tx/0xfa0ce19b961e55555dad7992e508c0732ee3f23a93ad4a519d659d3322ebc4ab
2023-03-30 05:20:23,True,3.086e-10,1.724e-13,75000000000.0,0.1293,0x9b...e31d,https://etherscan.io/tx/0x767a63fb1aa3c47db54c4271475e1046fb5f13ce8e9a15af7515340a16c9605b
2023-03-30 05:12:23,False,3.062e-10,1.723e-13,524421878421.0,0.9038,0xab...ddfb,https://etherscan.io/tx/0xdebcc207bb1165d928470d875985dbd22cb0b50b305bea4f57cfd57544c4e7ed
2023-03-30 04:57:23,False,3.155e-10,1.735e-13,87173558923.0,0.1512,0x28...a196,https://etherscan.io/tx/0xf30dacc996d0f15aca9a6e5eec036a837ef7c86d7f6ca494e278b6a74d4145d3
2023-03-30 04:47:47,False,3.164e-10,1.738e-13,59463420802.0,0.1033,0x78...5eb8,https://etherscan.io/tx/0xfc7b34f61e8deeae7d4bfab3971be7f03325bd4016059275c5e52b029098773b
2023-03-30 04:45:23,True,3.193e-10,1.749e-13,12462718886.0,0.0218,0xc9...20bd,https://etherscan.io/tx/0xa8fabee520bda30e34f6d979f5a6fdc764e9a33651ffd1c3e2f952162f711d9b
2023-03-30 04:26:59,True,3.162e-10,1.745e-13,206035159278.0,0.3596,0x3a...8df8,https://etherscan.io/tx/0x61fb6455efd1383cd1d1009f585025b86b0973e71a2d81a2babf82005447d713
2023-03-30 04:25:35,True,3.149e-10,1.74e-13,40000000000.0,0.0696,0x3a...8df8,https://etherscan.io/tx/0x1131c7e84665442b2abc81e44031116e11f8d3f42e2ec8e7f2e3f9f3fd516524
2023-03-30 04:17:47,False,3.103e-10,1.729e-13,8351855210.0,0.0144,0xc6...17c3,https://etherscan.io/tx/0xb803613febd9b8c22139743e44fb114cccf27b00305b81def35ce175c2814f00
2023-03-30 04:09:11,True,3.118e-10,1.739e-13,49696516595.0,0.0864,0x50...7e44,https://etherscan.io/tx/0xb7af08ffdaf56b57572ae23b6d88fff579e2865493c85d562efb4e7a20d819c7
2023-03-30 04:04:59,False,3.1e-10,1.73e-13,128813751732.0,0.2228,0x13...0737,https://etherscan.io/tx/0xcff2931221123e59251a5ee957936abd224fa203d2cd91773c1fb2e5419e7178
2023-03-30 03:49:59,True,3.121e-10,1.743e-13,2613933295.0,0.0045,0x76...1e5e,https://etherscan.io/tx/0x2a638c7ddb25958ff47fc562509f7d46576b7d1c129800f79e4379334b77912a
2023-03-30 03:47:35,True,3.119e-10,1.741e-13,57406710645.0,0.1,0x2e...9a37,https://etherscan.io/tx/0x2aac7f213dd8a05f93b767cc980da59340184e6571d6b1aba80ac00ff7ba36a3
2023-03-30 03:37:35,False,3.102e-10,1.731e-13,70009780935.0,0.1212,0x58...c1ac,https://etherscan.io/tx/0xb603f67a41c7594188fe0cacf7e7df43f469208a47f5ecf2cd5c9af7209a3031
2023-03-30 03:23:35,True,3.116e-10,1.742e-13,43035735122.0,0.075,0x0b...3331,https://etherscan.io/tx/0xf82b8e86ecf94681f2773d90435be23587f9493de6da6c32d14c32e6f9e52f15
2023-03-30 03:17:59,True,3.109e-10,1.74e-13,61035587573.0,0.1062,0x2c...6451,https://etherscan.io/tx/0x3f523d1ca126e863dfe169fed3f063d4cb2392838df901e699ab18fdc0d6c5c5
2023-03-30 03:10:35,False,3.11e-10,1.744e-13,762384321216.0,1.32976,0x06...fe96,https://etherscan.io/tx/0xe2b8d155b3368c97a95f7ff9b8c38e35ad9172ea34de7aa051846fda1d2dbaca
2023-03-30 02:59:59,True,3.157e-10,1.768e-13,85956811898.0,0.152,0x7b...13fd,https://etherscan.io/tx/0xb21e01728047bce5ef58033374a89707de0907abdde2871b2684ad870a50eff3
2023-03-30 02:51:35,False,3.14e-10,1.758e-13,113416000000.0,0.1994,0xfb...6bfd,https://etherscan.io/tx/0x1e69539a9af2473d9de1a2cf256d67f44b5b40aeaf3656b8d7fdcd9cb65771c2
2023-03-30 02:46:35,True,3.173e-10,1.769e-13,73000000000.0,0.1291,0x3a...8df8,https://etherscan.io/tx/0x8a092824e0855edd87d9fa50e356a8343952b3041af7a76d120c7d7b6467e339
2023-03-30 02:44:59,False,3.159e-10,1.759e-13,112466582771.0,0.1979,0x3a...8df8,https://etherscan.io/tx/0x187b7570311eaad702f56c59ee34b184d951b6300a98bbba673bcf518462da90
2023-03-30 02:33:59,True,3.179e-10,1.771e-13,43625472632.0,0.0773,0x98...119b,https://etherscan.io/tx/0xd04a389ad9fade41c7f75e201970378db17d2d4a70964c49efb31d73d06d4a82
2023-03-30 02:32:59,True,3.178e-10,1.77e-13,30437095668.0,0.0538,0x2c...6451,https://etherscan.io/tx/0x1b16bcda11002e9397b2780f589f23cab4e08f928a29215cd82842edde4d1268
2023-03-30 02:27:11,True,3.18e-10,1.769e-13,20609605013.0,0.0364,0xbd...fab4,https://etherscan.io/tx/0xe01b06641d93457a330f40d8b47cc551020279bc2b354a5448201ef731e1f7cb
2023-03-30 02:26:11,False,3.164e-10,1.76e-13,100000000000.0,0.176,0x3a...8df8,https://etherscan.io/tx/0x33c96d3e0da9636b8316854b1da7db64603eeae2f81e18be15fd604a09612cd6
2023-03-30 02:19:59,True,3.186e-10,1.772e-13,30000000000.0,0.0531,0x80...c837,https://etherscan.io/tx/0xa33ed745787955303493af491a4516ead9a3347f48eb85dc4b92eabc1f57a69e
2023-03-30 02:09:23,False,3.159e-10,1.762e-13,85293614743.0,0.1503,0xc4...70fa,https://etherscan.io/tx/0xc286b4c1f824d61096cb5a33aea719b0b4258b2b6cbc44b86d04f6d1d5e1df02
2023-03-30 02:05:35,False,3.166e-10,1.768e-13,169675571152.0,0.3,0xf7...8444,https://etherscan.io/tx/0x0853d65d6824386d02c0b7d05ea7f45f054c1911c3f6df26662ddefeadbe9663
2023-03-30 01:46:35,False,3.202e-10,1.786e-13,717663783771.0,1.282,0x30...209c,https://etherscan.io/tx/0x081200409610f2e8196a84796492bda181c70ffb8448c18591c733c41ace766c
2023-03-30 01:36:47,False,3.241e-10,1.805e-13,193870664347.0,0.35,0xbc...7b00,https://etherscan.io/tx/0x54ddf8dd69fa454da91ad7b729593f278d8b7ea5e500c900e53e8117983bf93f
2023-03-30 01:30:23,True,3.267e-10,1.819e-13,32078828670.0,0.0583,0x2c...6451,https://etherscan.io/tx/0xb12edcf05720c02e7192c2045252e17bfc99a5b67ebbce683ebd21577aff8f49
2023-03-30 00:28:47,True,3.257e-10,1.818e-13,30055380091.0,0.0546,0x65...4a1d,https://etherscan.io/tx/0x627dfb68671c3a0e07219222b6ac4a422f0c0bb7af779d23a63434b938ed30c1
2023-03-30 00:17:35,True,3.25e-10,1.817e-13,7503788436.0,0.0136,0x2c...6451,https://etherscan.io/tx/0xfc392c493487715ba4bd7e386563107e915d9ecfabc81ac7f2996f836cc286a5
2023-03-30 00:03:23,False,3.232e-10,1.807e-13,50658965535.0,0.0915,0x31...9573,https://etherscan.io/tx/0x2519045347d40d903c079e6bd967ca778822de912f210376b6111339a1f409e7
2023-03-30 00:03:11,True,3.253e-10,1.819e-13,9069235128.0,0.0165,0xd4...14c3,https://etherscan.io/tx/0x26c397e41feec23af15688bbc04e102d75e10603e891c710eafd9f273b685c7a
2023-03-29 23:49:59,True,3.27e-10,1.818e-13,14873439518.0,0.027,0x2c...6451,https://etherscan.io/tx/0x00081238a2f93b28af7a02f7187670e271ec664a2a55d1adb8e663bf4aaf14ae
2023-03-29 23:48:35,False,3.255e-10,1.81e-13,125866374580.0,0.2278,0x58...c1ac,https://etherscan.io/tx/0xbaaa39653ed23aae2cafbee8d6fa8073f33faebee9b44e2f1219449f6cc70a66
2023-03-29 23:41:11,False,3.275e-10,1.815e-13,140000000000.0,0.2542,0xd8...976b,https://etherscan.io/tx/0x9c32ad8b26d2c6c4b3cf9852f29ed525af15fb27debf745bbddcbfde3abe2306
2023-03-29 23:35:23,False,3.283e-10,1.819e-13,30679930253.0,0.0558,0xa0...3805,https://etherscan.io/tx/0x51972d49de22ba5c50d8cdd423634a52d263e30e9fb6235bf88181eab255eb24
2023-03-29 23:30:35,True,3.302e-10,1.829e-13,54311422854.0,0.0993,0x08...412c,https://etherscan.io/tx/0xb287ebf8b47417fa9a1860369c0fac11950e1e3e3527fd90cb30e3d140a24572
2023-03-29 23:24:47,True,3.298e-10,1.828e-13,10364179358.0,0.0189,0x4a...5be1,https://etherscan.io/tx/0x0f0f968595810f7c657831ca7496ba019fd4651e3c8303ea22c09ca804284533
2023-03-29 23:00:35,True,3.274e-10,1.815e-13,584579932801.0,1.06152,0x38...d6ad,https://etherscan.io/tx/0x1d6a8f4f6e281de698e122b95ab2b0f60def32fb7ba7e413f669d5dc32045ec7
2023-03-29 22:59:47,False,3.234e-10,1.793e-13,30586847485.0,0.0548,0x49...b56a,https://etherscan.io/tx/0x4cdd594206cc4f180cdbf863d960ad8d8e950c14e2325c80cd84ea69d9b2d902
2023-03-29 22:46:47,True,3.253e-10,1.804e-13,38484650008.0,0.0694,0x69...9cbc,https://etherscan.io/tx/0x2de8b039ced1aff193a6400fbc9be493c18492f9e6f02f20ecdb42a193606384
2023-03-29 22:04:11,True,3.254e-10,1.801e-13,83112582354.0,0.1497,0x1d...528d,https://etherscan.io/tx/0xf19fa361747a081ab484b67f00f233a8b4b4a414e78f01bed73ecaf246b7f50e
2023-03-29 22:00:23,True,3.25e-10,1.796e-13,132391692233.0,0.2379,0x42...2951,https://etherscan.io/tx/0x7d255965a7504630eb04f46aa0fefab0228588a3f6e01a1b12d4d6756c2c978d
2023-03-29 21:55:59,False,3.232e-10,1.786e-13,131015085369.0,0.234,0xb1...b3c6,https://etherscan.io/tx/0x69682a50cd182ea740e72121025302a096769cd0d533fb9ba4692717100cd130
2023-03-29 21:51:35,True,3.249e-10,1.798e-13,55602727766.0,0.1,0x05...904e,https://etherscan.io/tx/0x39cac83d6b82d545a7f5daf2213347cb3c774bf55dc54216153174fc4e0e1ad8
2023-03-29 21:06:11,False,3.224e-10,1.787e-13,57685935618.0,0.1031,0xa4...0b4c,https://etherscan.io/tx/0x7002fa430b795f01b374e807f4fdfae088d7fd16c2cdc5429934eba1b67457a2
2023-03-29 21:05:23,True,3.225e-10,1.788e-13,559262667865.0,1.0,0x98...2a9c,https://etherscan.io/tx/0x8b4e86eb1a08ab90966388824b23976ce94f150f38750d56871d63e73861eb07
2023-03-29 20:51:11,False,3.186e-10,1.766e-13,15953897352.0,0.0281,0xdd...f57e,https://etherscan.io/tx/0x926fc930616b72916840117eb176259e2b62e8770cd496d2f24f66b047b72835
2023-03-29 20:21:11,False,3.196e-10,1.779e-13,623795792080.0,1.10995,0xcb...6ceb,https://etherscan.io/tx/0xf8128369eb76dd54b059eaa26c7cce557b111060fe695a7aaa310060ed3d9c60
2023-03-29 20:10:23,True,3.238e-10,1.8e-13,97169762336.0,0.175,0x59...bcc5,https://etherscan.io/tx/0x59c67e7350081725942648dc9b21020d0556d1df868fe5e2cf009e340e70660b
2023-03-29 19:25:23,False,3.262e-10,1.81e-13,1085762610104.0,1.96631,0xd5...24a6,https://etherscan.io/tx/0x3b757ddc9b2fbcbb89fcbf8aa3b260f71dfc1e00899165cb980ca0a8d675572b
2023-03-29 19:13:35,True,3.315e-10,1.842e-13,141148071295.0,0.26,0x13...d732,https://etherscan.io/tx/0xc912b072e3fd1ab7b44fa9e5130427b15cb6749a89d9a904ebf0ef820a40ce07
2023-03-29 19:08:35,True,3.285e-10,1.825e-13,610238141394.0,1.11421,0xa1...509a,https://etherscan.io/tx/0xb22049b276baacf75da99535593e9f5d56222417c489aec6691a879d4680b513
2023-03-29 19:03:47,True,3.238e-10,1.803e-13,447476879840.0,0.807,0x89...7d7d,https://etherscan.io/tx/0xad0aa9ecd721dcaed44cd0e2563a24d00c3a1fe11eb30dd7192be96e74c4c355
2023-03-29 19:03:11,True,3.204e-10,1.786e-13,386685649456.0,0.6906,0xf6...463b,https://etherscan.io/tx/0x81524ec2fc7135ba59422424601e4f31ad9fb5e7b0ec4e95cfbfede46153315c
2023-03-29 19:00:35,True,3.164e-10,1.765e-13,631188679716.0,1.11416,0x91...af0e,https://etherscan.io/tx/0x0fb0259208e54227a70e1771f71d6ac581bf12277a02abf5af6124b88303206e
2023-03-29 18:42:35,True,3.136e-10,1.743e-13,444173843704.0,0.7744,0x91...af0e,https://etherscan.io/tx/0x2b2091db4d15c05c00f4b25c40c962021f2af7f8707957cd3c1eb8a9c9e63527
2023-03-29 18:29:11,True,3.123e-10,1.733e-13,57685935618.0,0.1,0xa4...0b4c,https://etherscan.io/tx/0x2c73e0acdfebf4542847e4e89eeff4f0fe0522b960ea5cb8dc36838d75775762
2023-03-29 18:28:59,False,3.104e-10,1.722e-13,44609275876.0,0.0768,0x59...ab0b,https://etherscan.io/tx/0x855147e3b0081c30d6f0d0d02e0198905899c60c782af5335191447ee44ac464
2023-03-29 18:11:23,True,3.114e-10,1.728e-13,289280327234.0,0.5,0x59...7b72,https://etherscan.io/tx/0x5c6fcda3b65d79198b66f46fe8c1e7bb22541073ebb01f8f1de46a6cd1df78a2
2023-03-29 18:05:59,True,3.097e-10,1.716e-13,317541173004.0,0.545,0x12...4c7a,https://etherscan.io/tx/0x2b6033ecc15ff386e07b37520f0d51746b87495d42639c7d3ff52640c8fe4cdc
2023-03-29 17:46:11,True,3.09e-10,1.709e-13,29353191105.0,0.0501,0x0a...feb2,https://etherscan.io/tx/0xf2896213cc5aea19ec7ab7a803b3f4f06a43dd31c4bfd1c743f49b91275b4488
2023-03-29 17:34:23,True,3.084e-10,1.706e-13,129975716000.0,0.2218,0xac...39c1,https://etherscan.io/tx/0x5811202f2b0aed4460822c7a870948b72fefce0378dac99a56bd28f39b903fcc
2023-03-29 16:54:59,True,3.053e-10,1.702e-13,97339612299.0,0.1657,0xcf...8cc6,https://etherscan.io/tx/0x221beaa2b622574f66f0e00d1c8c48d826e15a8a36a287e8064576995f2fb037
2023-03-29 16:43:59,True,3.056e-10,1.698e-13,76516748903.0,0.13,0xbb...3456,https://etherscan.io/tx/0xd533fdcb9a7918a0add8bc4e0883e337d281afa5908c8f6cffd6b32f0ddb092c
2023-03-29 16:42:59,True,3.048e-10,1.693e-13,215953897352.0,0.3656,0xdd...f57e,https://etherscan.io/tx/0xd4ff024d7509c47724d5cbe47d2b8caf8b41c7b3c788069695597c0462f72a19
2023-03-29 16:25:11,False,3.039e-10,1.679e-13,20000000000.0,0.0335,0x17...d035,https://etherscan.io/tx/0x9d185f714d581f9dab748fe0a067c492143492988dd1652c3a5929842a9f3bb8
2023-03-29 16:23:35,True,3.059e-10,1.688e-13,90000000000.0,0.1519,0xb2...c037,https://etherscan.io/tx/0x0cff5a85dfde4b2704b4774865c36600a2d3e29905532fdd7cf541285c82c32d
2023-03-29 16:22:47,True,3.055e-10,1.685e-13,35589009465.0,0.06,0x60...bcd4,https://etherscan.io/tx/0xf12d2a0a83e157e5e31eb90a253d3cc91627acbe68012de8d0e9b0c0160a2629
2023-03-29 16:15:35,False,3.035e-10,1.676e-13,59575762789.0,0.0998,0x6e...2c6f,https://etherscan.io/tx/0x824e0f162f87539c07098e2c12ccc62dfc4949656210cdc538eec50455438cff
2023-03-29 16:01:23,True,3.043e-10,1.681e-13,296396025112.0,0.4985,0x81...f3c1,https://etherscan.io/tx/0xda2fc6bacfd90bc3d12a448028f0b8a490dd6410232f7da8305468d44f2f20a3
2023-03-29 15:55:47,True,3.033e-10,1.676e-13,10627872073.0,0.0178,0xfc...1ca8,https://etherscan.io/tx/0x01d08be1fc3921f79483084fbeb0d977afc926d2a0e34bcd9d460d0481b57d07
2023-03-29 15:15:23,False,3.034e-10,1.677e-13,596284494086.0,1.0,0x6d...a4dc,https://etherscan.io/tx/0xf7885d15aecb70fa6ce54789991f37d753453baa1157004e7ad48fb1c5cad425
2023-03-29 14:48:47,True,3.06e-10,1.693e-13,253131505146.0,0.4287,0x2d...48fb,https://etherscan.io/tx/0x62ac949900e074610da600aed2b289f757dca944324414b8891b218f91ec490e
2023-03-29 14:48:35,False,3.036e-10,1.68e-13,76985844409.0,0.1293,0xf8...9910,https://etherscan.io/tx/0xc902ba607872fc3c3671a9e2aba97c9994bb55613b4e7c538a26e1cd8ec68942
2023-03-29 14:30:47,True,3.058e-10,1.691e-13,3515777825.0,0.0059,0x4b...c436,https://etherscan.io/tx/0xfadf841fce3b608cb9f2e1180c37336cbe4a547f9f08ba1b62729a2e407a02de
2023-03-29 14:24:47,False,3.079e-10,1.707e-13,1348913876023.0,2.30313,0xae...ae13,https://etherscan.io/tx/0x3b8db72ce175aa2736c1003ceb9ee3509a35c4ec326654c870618cdfea119013
2023-03-29 14:24:47,True,3.132e-10,1.736e-13,385728914885.0,0.6697,0x1a...046b,https://etherscan.io/tx/0x6b31bb3477ee3a3ff183138f4e899fc55ba3a7101ed487d85a26702723973e81
2023-03-29 14:24:47,True,3.071e-10,1.702e-13,1348913876023.0,2.29662,0xae...ae13,https://etherscan.io/tx/0x17c1e03ef7f7c6a199f0cfc61547e96e55723d337040eef301c34568409b9598
2023-03-29 14:22:35,True,3.006e-10,1.666e-13,539990780523.0,0.9,0x98...2a9c,https://etherscan.io/tx/0xcc11d20c30ed35245c50628846986f15f670eb77640591ca595178b9c53caa8a
2023-03-29 14:02:59,True,2.998e-10,1.655e-13,44086163953.0,0.073,0x39...fc24,https://etherscan.io/tx/0xceb4a2c400e3a0e0d1d36902e0fcf339fc755bab78143e15f159abb935aa0767
2023-03-29 14:02:11,False,2.984e-10,1.648e-13,162568117809.0,0.2679,0xda...7777,https://etherscan.io/tx/0x7386c674b6ac384872dab9548900d917f82465d9dedcd9abb01bddedd727d6d4
2023-03-29 13:53:23,True,2.999e-10,1.659e-13,97819451418.0,0.1623,0xe8...4f95,https://etherscan.io/tx/0x24bf99b35be0a029b1b8d1090c4661431842d9e6fa05ae51fa13d80f553e0d59
2023-03-29 13:51:23,False,2.981e-10,1.648e-13,50000000000.0,0.0824,0x5c...7111,https://etherscan.io/tx/0x46dcf6d988772353c9f3c25871b7b571d1c0dc209e63f730e11b3921ec292ace
2023-03-29 13:49:47,False,2.995e-10,1.655e-13,350000000000.0,0.5795,0xcb...6ceb,https://etherscan.io/tx/0xf9037fdb23f4fe665270773ace49acc9c9d22ba8194fab3764c40b06b04e3af7
2023-03-29 13:38:59,True,3.026e-10,1.672e-13,1192407794.0,0.0019,0x1e...7dbb,https://etherscan.io/tx/0x2b7f5ec03fe523d4b77ac63b5f4bd8498be00092cf8948eb83889c1befc87b5f
2023-03-29 13:38:47,True,3.022e-10,1.669e-13,119762049110.0,0.2,0x7d...bc37,https://etherscan.io/tx/0x675ad9544af61a0adc2a0e4b174d9ea30274a92c414ba7921af7ea7bcb6b783c
2023-03-29 13:37:23,False,3.012e-10,1.664e-13,357680845798.0,0.5953,0xbb...baae,https://etherscan.io/tx/0x3158ea08e0ed0b5b8aab8e0921d8103eb258cf1fe881417472f3743794101143
2023-03-29 13:27:11,True,3.034e-10,1.678e-13,155608529701.0,0.2611,0x07...56af,https://etherscan.io/tx/0x290b8a6154e86e6200d437bcace7832a0964400413061a477e4d84e4d7b4c01f
2023-03-29 13:25:59,True,2.995e-10,1.656e-13,1000000000108.0,1.65665,0xbd...1bfa,https://etherscan.io/tx/0x216593290e959bc119cb5b66aa83f2c4e61f972231b788f1c83c26f25ae20cda
2023-03-29 13:24:47,True,2.958e-10,1.636e-13,75695094308.0,0.1239,0xdd...7634,https://etherscan.io/tx/0xee10956833dac71d0b86db057927fefb4fa47234f0a8153784a4ea84b003601a
2023-03-29 13:24:11,True,2.953e-10,1.634e-13,67010884753.0,0.1095,0x3e...5a91,https://etherscan.io/tx/0xbbc8dc5dea8ebe77f5ab442020b9b30d6444ee7f39526fca19d073a0f42f4e60
2023-03-29 13:21:11,False,2.947e-10,1.631e-13,452768895523.0,0.7386,0xae...ae13,https://etherscan.io/tx/0x47e3cdb4ee9388daa78a045437e4cdd668f98f8d0ba37d0eb6b39aee01a01379
2023-03-29 13:21:11,True,2.958e-10,1.637e-13,675726492538.0,1.10632,0x02...fe0d,https://etherscan.io/tx/0xa7a3a4d2fa89281948504073987945dbd8c34e748d7a1667bfb6c1cedd5665fa
2023-03-29 13:21:11,True,2.921e-10,1.616e-13,452768895523.0,0.732,0xae...ae13,https://etherscan.io/tx/0xd150fb08ce79aabf9165bef080bfcfa4f6d8221370142bc11ef5f9b73707c3b4
2023-03-29 13:19:59,True,2.906e-10,1.608e-13,16785018459.0,0.027,0x0b...3331,https://etherscan.io/tx/0x07e661c586a02e792c03b3d6465a6adcce539555181b4aaa83dda6a76b8188bf
2023-03-29 13:18:59,True,2.896e-10,1.603e-13,280666914861.0,0.45,0x9e...b014,https://etherscan.io/tx/0x627a04c1bde9fa9dd12071ff86e3699bc70d070e908ecbb3365f200ba3a90142
2023-03-29 13:18:11,True,2.882e-10,1.594e-13,198383318966.0,0.3164,0xa2...0816,https://etherscan.io/tx/0xffc84cabef2115af62f2df04501eab7e4ae50ea09a8718bb8979a0075ddabd6d
2023-03-29 13:16:11,True,2.876e-10,1.591e-13,12041519541.0,0.0191,0xad...9c39,https://etherscan.io/tx/0x4fccf2ba5da6fdb7b628a9bef5bb5f21e0bcc48901616051d9e8790d1db07a62
2023-03-29 13:15:47,False,2.878e-10,1.591e-13,584961989918.0,0.931,0x82...d2b0,https://etherscan.io/tx/0xb8909b7578da909caf72f4d70744cd03d4866625699f7a5994c16e90405de3ee
2023-03-29 13:15:23,True,2.902e-10,1.605e-13,350677909532.0,0.5629,0xcb...6ceb,https://etherscan.io/tx/0xf95e85da29b26f1fc78c4409ef0411bf641042f6c78f85201af7f931e1ec50ae
2023-03-29 13:09:47,True,2.886e-10,1.598e-13,50000000000.0,0.0799,0x5c...7111,https://etherscan.io/tx/0x58fb63d0e29e7bcaa2bca853098d2dd178abaabe3179d8bcfff74733ef81d314
2023-03-29 13:08:23,False,2.884e-10,1.597e-13,523997406453.0,0.8368,0x71...4e73,https://etherscan.io/tx/0x61b3c12fb4314ae18ff1d289e3d8b01bb28afb44f640a59cb49da2eb556cbd2e
2023-03-29 13:07:35,True,2.898e-10,1.604e-13,623117882548.0,1.0,0xcb...6ceb,https://etherscan.io/tx/0x5e2f1a9b70c313154b561f96e97bab7cca68ba1f5037a7f85905de46410984a6
2023-03-29 13:04:35,False,2.877e-10,1.592e-13,457378114105.0,0.7282,0xae...ae13,https://etherscan.io/tx/0x61771675890b34819b1b0bfd8a27352fbbd2e5db503667418223316a73f6afef
2023-03-29 13:04:35,True,2.891e-10,1.6e-13,556205577783.0,0.89,0x80...e1cd,https://etherscan.io/tx/0xb714d4eebfde2c9cf77aaef084bf353ea8f5f43b7469e084a06378c27ffbd6b9
2023-03-29 13:04:35,True,2.859e-10,1.582e-13,457378114105.0,0.7237,0xae...ae13,https://etherscan.io/tx/0x83ecfbd1b675fc651596c99a0c3bb34f8fd61f90d2fde2ba3015eb06fa0bd05c
2023-03-29 13:00:11,True,2.838e-10,1.568e-13,382732174092.0,0.6001,0x77...65d1,https://etherscan.io/tx/0x78fca0f98a2b19b4633a103ecb0b18182c806b54c52c1e0007280be3617ccb24
2023-03-29 13:00:11,False,2.84e-10,1.569e-13,1000000000000.0,1.5692,0xab...e944,https://etherscan.io/tx/0xedb0e27338a791f634719d3eacb87328d57ef2ce2e909f96559f45b13b6c484b
2023-03-29 13:00:11,False,2.883e-10,1.592e-13,382732174092.0,0.6096,0x77...65d1,https://etherscan.io/tx/0xbd77cb1cfc5826605b7790c6df837349ee61fade9ec4d3a0e7ebd4b92ac82950
2023-03-29 12:58:47,True,2.9e-10,1.602e-13,382732174092.0,0.6133,0x77...65d1,https://etherscan.io/tx/0x6ee282c2468108d7a708405e3ab0cc0b510690e37fa02835744dd518d0bbeeb9
2023-03-29 12:58:47,False,2.901e-10,1.602e-13,950000000000.0,1.52279,0xab...e944,https://etherscan.io/tx/0x4be31c988725377698fc893985ac8aff9eaed54d2ea9f4d623de9345f1ec4571
2023-03-29 12:58:47,False,2.944e-10,1.626e-13,382732174092.0,0.6225,0x77...65d1,https://etherscan.io/tx/0x5ab7de49a8b772c116b48f9ef3b5f978a4d9a25d3c294d13f34693c536a24042
2023-03-29 12:57:35,True,2.961e-10,1.636e-13,382732174092.0,0.6262,0x77...65d1,https://etherscan.io/tx/0x36f402e4fc694b77c2d0b7ce93db774474cbd90d75c732835618b362d7a7a1fa
2023-03-29 12:57:35,False,2.963e-10,1.637e-13,1000000000000.0,1.63779,0xab...e944,https://etherscan.io/tx/0x2b7ca11ba3718cf3cf35577b9e156951ef6b2ce15d5aebf90523a5eea6a28018
2023-03-29 12:57:35,False,3.009e-10,1.663e-13,382732174092.0,0.6365,0x77...65d1,https://etherscan.io/tx/0xd995a10e5b111df83a4e61a279be403f51b6d2e23068e7f9e77bad285a5503b2
2023-03-29 12:56:35,True,3.026e-10,1.673e-13,382732174092.0,0.6403,0x77...8888,https://etherscan.io/tx/0x8d267e741c35952d39ba9ca59a12719abdb5f4c4013a003dfde29f40701ada6e
2023-03-29 12:56:35,False,3.045e-10,1.684e-13,1490608779607.0,2.51028,0xab...e944,https://etherscan.io/tx/0x3207926667fc69a41fe4ade91ec4f0cb800a7efe548e1ebd6b5de58b72ebfeed
2023-03-29 12:56:35,False,3.11e-10,1.72e-13,382732174092.0,0.6583,0x77...8888,https://etherscan.io/tx/0x5e0c9f18572d0d59e4f9af64907e8951b4f683859c53e8c0e450a6ac6432093b
2023-03-29 11:36:59,True,3.16e-10,1.737e-13,28779707279.0,0.05,0xfb...9658,https://etherscan.io/tx/0x25c7ec9879f426d683ef39206405298752767cfc49a9d718816667c08ac29bfc
2023-03-29 11:29:11,True,3.163e-10,1.736e-13,5182357109.0,0.009,0x1a...bb7a,https://etherscan.io/tx/0xf705a48a4be91a107aa6ef22968ac91948c48f35d5e3c8d609855bb168100859
2023-03-29 11:28:47,False,3.158e-10,1.733e-13,350445929479.0,0.6073,0xc6...fed0,https://etherscan.io/tx/0xba99fc749bf23f787319bcad0bf3c9e5534f6f7da80530980ab7f086f31bf581
2023-03-29 11:26:59,False,3.178e-10,1.743e-13,188411790042.0,0.3285,0x2e...f345,https://etherscan.io/tx/0x3caa1f2d8c8e429db3c38cf04b185a32e166d204599b233fdbc682408876f66a
2023-03-29 11:25:11,True,3.176e-10,1.742e-13,753647160170.0,1.31357,0x42...5f6c,https://etherscan.io/tx/0x03b7f387a77a2b44e88cb097ea5cab87006add8b134288897539f15bdb20074c
2023-03-29 11:20:59,False,3.164e-10,1.737e-13,1023585742853.0,1.77889,0x89...cf44,https://etherscan.io/tx/0x20b7d17a471064cd671d012cbab7a5b99c42e842f4e521e76db3a975878e1be2
2023-03-29 11:20:47,False,3.209e-10,1.762e-13,216541905004.0,0.3817,0xae...ae13,https://etherscan.io/tx/0x0e38b4b54fc157b7aa3177c3edb83bdb1aebf13752b5040cccd5ea019105ab08
2023-03-29 11:20:47,True,3.208e-10,1.761e-13,778401279282.0,1.37146,0x05...ad8f,https://etherscan.io/tx/0x07780aa52db22b6b8acdf4a9ace44fd53f5050de2059387e2843bd7d64f61ffd
2023-03-29 11:20:47,True,3.171e-10,1.741e-13,216541905004.0,0.3771,0xae...ae13,https://etherscan.io/tx/0xe450b48b9619f5a9d7fe03712896248ae3d5c590d15f57cf19a21cbcb5c65af9
2023-03-29 11:07:35,False,3.171e-10,1.741e-13,710058236958.0,1.2364,0x23...eebb,https://etherscan.io/tx/0x242d9fc9ba7f7278e4ff96daf118dd666e7aadbce14cb8beeae3a1a09f5a3d82
2023-03-29 10:40:47,True,3.22e-10,1.765e-13,26113632782.0,0.0461,0x29...7f19,https://etherscan.io/tx/0x2a0bbe9e63101b18bd290a3c340ea96bbac6123edc094f02ff2d130c1ac02b8d
2023-03-29 10:11:59,False,3.186e-10,1.765e-13,527518404802.0,0.9311,0x01...f48b,https://etherscan.io/tx/0xc5d1bed03263d957dfe41a04bf92d0e7b51be58fec4d9392dcf109457d7ec3cd
2023-03-29 10:04:35,False,3.219e-10,1.786e-13,492872298478.0,0.8802,0xcf...b55b,https://etherscan.io/tx/0xe0af7d60e9a61aea596391e10b7697d6e9c8e6d659ffb8c90db096c2d511dafa
2023-03-29 09:38:47,True,3.264e-10,1.806e-13,19372475241.0,0.035,0xea...bf2d,https://etherscan.io/tx/0x583ab2f934c81b57adbf99cc32477ac8c885481dce8d43eaeb57ecc840cc85bf
2023-03-29 09:32:11,True,3.252e-10,1.8e-13,277709711224.0,0.5,0x5e...e45a,https://etherscan.io/tx/0xc524713db9860848bb89cf90c4152373864ebaa76ce09d87cb334f5be9ee2e14
2023-03-29 09:31:47,True,3.213e-10,1.778e-13,764556175376.0,1.36,0x82...ebd2,https://etherscan.io/tx/0x8f6156e54bcc8e6b7895676a66a4c3f53dc8df4de7d6a345fa83555bdbc198fa
2023-03-29 09:27:23,True,3.175e-10,1.758e-13,226319589441.0,0.398,0x1d...4e47,https://etherscan.io/tx/0xcf1052bc86e3a90b1e8fe5e22ddacfc7b4d06e49dc00a2d7ba67a29c1b6e8cde
2023-03-29 09:25:35,False,3.202e-10,1.773e-13,1467045441149.0,2.60158,0x02...880f,https://etherscan.io/tx/0x5ff1ce18b13f2916c8f4b180bb87f7ec6fe85a349763cf0df5f716ac013cd373
2023-03-29 09:22:47,False,3.264e-10,1.807e-13,175000000000.0,0.3162,0x6f...4963,https://etherscan.io/tx/0x09e46bb93d9623a54be9dc401b0f1c5bc1e747a65276de523b73f651c60189a8
2023-03-29 09:21:35,False,3.272e-10,1.811e-13,43418599248.0,0.0786,0xa1...be07,https://etherscan.io/tx/0xd285ae309d8b2427c89a311dd5696acfe530fb5e42b0767f569c5190cf79d6d9
2023-03-29 08:55:11,False,3.272e-10,1.813e-13,21000000000.0,0.038,0xb0...629d,https://etherscan.io/tx/0x003049211e656b2ad501c7a09f8e2533782d39f2afd566dfd6dfec870f89a4f3
2023-03-29 08:14:35,False,3.25e-10,1.815e-13,81300000000.0,0.1476,0xb0...8888,https://etherscan.io/tx/0x16f2d952567b6d05bcd42981f27e881d1723feed3670be833f58c066131d3988
2023-03-29 08:14:11,True,3.218e-10,1.797e-13,1467045441149.0,2.6365,0x02...880f,https://etherscan.io/tx/0x12d9c4b5c608ffe18d1a067fc5a748e474515fee05ddb516b3054726eb9b510b
2023-03-29 08:14:11,False,3.259e-10,1.82e-13,3068238507111.0,5.5858,0x55...1919,https://etherscan.io/tx/0xdcbdd3ad41997e82ca828f97dd0c731475025402f3f65bc079d8360e0e7c3c83
2023-03-29 08:10:23,True,3.379e-10,1.89e-13,357680845798.0,0.6761,0xbb...baae,https://etherscan.io/tx/0x417d0df6f3720d185f93c726f352670a1200a5a2a6aa5062e3c453b5aa674cb6
2023-03-29 08:00:47,True,3.356e-10,1.876e-13,248335126736.0,0.466,0x52...f077,https://etherscan.io/tx/0x8c2cd0780d743033832c3ea76ac16ea65113d43752bbfdca5c9f56175db5c0bc
2023-03-29 07:59:47,False,3.33e-10,1.862e-13,100000000000.0,0.1862,0x18...0902,https://etherscan.io/tx/0x664013e7b2fadacb016069b65ab8a7f88c349a9eb9796acd21d332e3dcae91ca
2023-03-29 07:58:47,False,3.335e-10,1.865e-13,47800000000.0,0.0891,0x0f...6aa6,https://etherscan.io/tx/0x9b0834d905bc23cbe288ac331ba925f1acbba1bbe69d6d44714dab3af01f3e4a
2023-03-29 06:47:11,True,3.365e-10,1.877e-13,809292184.0,0.0015,0xcd...7ffa,https://etherscan.io/tx/0xf475a0cf4794c2e1fb9ea07a6220bf4200c14c4607b1ae6e50652fd7de73a1be
2023-03-29 06:35:23,True,3.37e-10,1.877e-13,2130334347.0,0.004,0x0b...3331,https://etherscan.io/tx/0x8b7b6670dee360dd953fe2575c8759c7471dc98313f5c6ba39cfeae351c6585c
2023-03-29 05:41:23,False,3.324e-10,1.87e-13,193997958248.0,0.3629,0x00...3661,https://etherscan.io/tx/0xcc6951aef755037158d90f0fa904d98f45153badbd8dcce4c31ba78d79646b18
2023-03-29 05:32:11,False,3.337e-10,1.877e-13,119975289870.0,0.2252,0x71...cdd2,https://etherscan.io/tx/0x79379c1610f400b6f0825706e1ac261d5821a6dd0f275dc977032d6615395eb0
2023-03-29 05:31:23,False,3.345e-10,1.881e-13,53113042259.0,0.0999,0x17...6fca,https://etherscan.io/tx/0x3f29dfa6079b98b216d1dd43a7fc379e359e20954837fbac4780dd1dcd904c42
2023-03-29 04:41:35,True,3.369e-10,1.891e-13,105410383861.0,0.1994,0x20...f2af,https://etherscan.io/tx/0x68d63d7e467b685fddb9329f69e7bb339b774cb99e9343caecb00ce4fbfa74ef
2023-03-29 03:50:59,False,3.34e-10,1.879e-13,87814050585.0,0.165,0xa4...5994,https://etherscan.io/tx/0x9fc34aee40806816faaa9bedb89ce8ba33801c729bda22cb9875e783e33e6d9a
2023-03-29 03:48:23,False,3.349e-10,1.883e-13,61400000000.0,0.1156,0x52...40a9,https://etherscan.io/tx/0x48740dc08dbdbbb0d02eb3baef21ecc4d9d50ffd2f804d6b2b0dbfa0800782e5
2023-03-29 03:07:59,True,3.368e-10,1.895e-13,41646563686.0,0.0789,0xcb...550f,https://etherscan.io/tx/0x18ccdafa562dd3cdc583ea6a73e5cf51a6f9b68ca629bdda109ac5ff7c3b44f3
2023-03-29 02:50:59,True,3.348e-10,1.887e-13,296701469066.0,0.56,0x3d...9096,https://etherscan.io/tx/0x806aae52121b145bb0c6de73b1b8f6898624939ebe9b4242db10a1e000d36076
2023-03-29 02:47:35,False,3.319e-10,1.87e-13,30000000000.0,0.0561,0xac...ec68,https://etherscan.io/tx/0xfb8d390e800d07d82ae1683436281a727f436bb6436207ef6272da818714b51c
2023-03-29 02:33:23,False,3.33e-10,1.875e-13,212508190175.0,0.3985,0x76...7d5e,https://etherscan.io/tx/0x4e084a105649ad2781c1a1ffa66ff314f8c530a6e828009f8550419e90b45eb0
2023-03-29 02:33:23,True,3.323e-10,1.871e-13,902270048410.0,1.68856,0x76...8f54,https://etherscan.io/tx/0x5f756718a9691aa3b725d5c7e108fd78a6b0d6ec217c81df0216139a46e6a173
2023-03-29 02:33:23,True,3.279e-10,1.846e-13,212508211426.0,0.3924,0x76...7d5e,https://etherscan.io/tx/0x88db4b97acbc70414ff009d228a5d57bf5f6621900452f14345a9cb6b40c1463
2023-03-29 02:20:35,True,3.267e-10,1.841e-13,47332598561.0,0.0871,0x79...f552,https://etherscan.io/tx/0xf6e2caeeed98747cb323b60fc27d91bcd54cf5f168b452c1100e2dfc7bed8d55
2023-03-29 01:27:11,False,3.25e-10,1.831e-13,95775666006.0,0.1753,0xc9...6afb,https://etherscan.io/tx/0xbbbeb9fc8c2095a249ec9f74e8f698fcc876e1d6d8d44aec7fbc8a029411dd2b
2023-03-29 01:18:59,False,3.254e-10,1.835e-13,113750291159.0,0.2088,0xe8...88be,https://etherscan.io/tx/0x9572d21f47d5ffda95afa315c6c695863736106f33aea926e3e0f294f8060d64
2023-03-29 01:11:59,False,3.267e-10,1.84e-13,116605364313.0,0.2146,0x4e...c261,https://etherscan.io/tx/0xcc2427ab7619db7f6f26fbc624074c51dc5231a06a3f7ccd44b6611674a6b02e
2023-03-29 01:06:59,True,3.288e-10,1.854e-13,12368294917.0,0.0229,0x95...8cf2,https://etherscan.io/tx/0x2d1e65d0e32da1812e211b4d760bc7546c7fc0d303dff0f08f731fac33debdc2
2023-03-29 01:05:47,True,3.282e-10,1.851e-13,105531241599.0,0.1954,0x07...56af,https://etherscan.io/tx/0x75942eb00fc1a5617d332c13918d8035b2f2529e3033c348b2572be5e034627d
2023-03-29 01:02:23,True,3.238e-10,1.828e-13,967549710469.0,1.76902,0xbd...1bfa,https://etherscan.io/tx/0xf7ec1db13c977b949ef5bcf28fc05dbecad43895e96d8cc551e8212a73c5c49c
2023-03-29 00:49:35,True,3.194e-10,1.806e-13,61948294622.0,0.1119,0x8d...ffc6,https://etherscan.io/tx/0x17655446c6cb613b414e193218618ef6f8852642b2eda37d7c8fd9746c503d2e
2023-03-29 00:42:23,False,3.187e-10,1.8e-13,285535873691.0,0.514,0xf0...83d6,https://etherscan.io/tx/0x65cb8a68c9f2bf66c07cac8d95e978b58905bdf86adcbd10e2c35a85321683e0
2023-03-29 00:40:11,True,3.206e-10,1.809e-13,343645048098.0,0.6219,0x76...7d5e,https://etherscan.io/tx/0x9956b4aa623eac7acb9a8b817f4311c19ae35253608226f9739d26d88b742828
2023-03-29 00:40:11,False,3.224e-10,1.82e-13,1348093550812.0,2.45407,0xc8...bc60,https://etherscan.io/tx/0xffafa112d3821580dfa9d3ba105a7b9ded27029dbe45a7b210cc7c906d0005ad
2023-03-29 00:16:35,False,3.295e-10,1.86e-13,529051613498.0,0.9845,0xf0...83d6,https://etherscan.io/tx/0x0b9c2afefff405e748506c279b18b091c457ea0cb3d534acaf235215c8ce0ec3
2023-03-28 23:56:59,False,3.327e-10,1.883e-13,500000000000.0,0.9419,0x43...b988,https://etherscan.io/tx/0xd7bf01b0b6a5e655c1f32f7a0f740c519491aa233cee127268311943ba8f3d8b
2023-03-28 23:17:47,True,3.372e-10,1.905e-13,36733096005.0,0.07,0x72...e23c,https://etherscan.io/tx/0xb972717b5bec8279585c75d10e9dcfd1df5f0d94a9589705d5953bd2eb7a46ab
2023-03-28 22:52:59,True,3.377e-10,1.904e-13,8782529788.0,0.0167,0xbe...6985,https://etherscan.io/tx/0x7e255b61de7bb70157643e6c2d2a8b16d99e8574d588445328fe09ab31e1b18b
2023-03-28 22:22:59,False,3.369e-10,1.894e-13,76238440200.0,0.1444,0x56...9c55,https://etherscan.io/tx/0x7bffbd629f1fae7ef575e781171b24b614d48abf2227fe6bc7b8160494010fdc
2023-03-28 21:54:11,True,3.414e-10,1.907e-13,4385934630.0,0.0083,0x7f...32a5,https://etherscan.io/tx/0xd348468ef0846b03ca2584bfd037e71bed593928b240a3fa6055d90be9802747
2023-03-28 21:48:23,True,3.362e-10,1.895e-13,527518404802.0,1.0,0x01...f48b,https://etherscan.io/tx/0xf05fa7e9d192d6e69a2d314b1e66a4f850d537f5766af9d05df12407c6b26327
2023-03-28 21:47:47,True,3.339e-10,1.882e-13,39746425543.0,0.0748,0x7f...32a5,https://etherscan.io/tx/0x3c59dc56ac15415ae8a01dcd806a37592b1db27ac9cffd0e272fa54f63640c9d
2023-03-28 21:46:11,False,3.323e-10,1.874e-13,167110111110.0,0.3132,0xdd...a823,https://etherscan.io/tx/0xbec1a3db507718cd064e83ae1404873e4edd28be1bf375bf68e6c14fd80b498d
2023-03-28 21:04:11,True,3.347e-10,1.884e-13,200704465417.0,0.3783,0x07...56af,https://etherscan.io/tx/0x4fe5ab4d6f017fb8d5de061945e9308dcd9f4f2d3e2a2634b3407d6630f27eae
2023-03-28 20:35:59,True,3.272e-10,1.879e-13,30584663081.0,0.0574,0xa5...6ce5,https://etherscan.io/tx/0x9964bcbebd631e7e0bea66add4175cb7afdd8810595ff1c1d7b4b37d1cef2a66
2023-03-28 20:30:35,False,3.253e-10,1.868e-13,27612204786.0,0.0515,0x0f...0fbb,https://etherscan.io/tx/0x78adf33d56db9efbe384ea2931d468faf3a68df89e32e4904f584737541b5526
2023-03-28 20:17:23,False,3.248e-10,1.869e-13,26001332701.0,0.0486,0xef...d751,https://etherscan.io/tx/0xa26c9f83b56cfb2c27678718cac61a848825c4ddccf019551dfcddbac3c95ae4
2023-03-28 20:05:11,True,3.268e-10,1.881e-13,6064263016.0,0.0114,0x0d...5d50,https://etherscan.io/tx/0x49fa9b278e698aa196fafbefab125eaee90e3e2eea415ef825a858513b69261a
2023-03-28 19:55:23,True,3.262e-10,1.88e-13,10204352467.0,0.0191,0xfc...1ca8,https://etherscan.io/tx/0xdb7ac45d3e1f6631c3c62c6e7b5fcccb684edd7ac50c0a80623efc0795eefc29
2023-03-28 19:31:59,False,3.248e-10,1.872e-13,142414159935.0,0.2666,0xcb...6bb9,https://etherscan.io/tx/0xa2656d5e41cb794e12e3cb9d1261b7b04c3a38dc0e41b68793274e08cec2ba08
2023-03-28 19:24:23,False,3.297e-10,1.904e-13,1277744620806.0,2.43385,0xae...ae13,https://etherscan.io/tx/0x269573d25c86a2180356aa01dfbfda948f496f38d5a225028d3fe42c61d10de6
2023-03-28 19:24:23,True,3.35e-10,1.935e-13,431607435647.0,0.8354,0x3d...7c99,https://etherscan.io/tx/0x8727c2468286dac52c38383c144e6ba5e573dc33f0379025ca9b19618a5bb6e1
2023-03-28 19:24:23,True,3.282e-10,1.896e-13,1277744620806.0,2.4231,0xae...ae13,https://etherscan.io/tx/0x886917bf92b0b3f58ca37275a0110b25ab730366180a4fc89d1b81b26194baf6
2023-03-28 19:02:23,False,3.224e-10,1.857e-13,50000000000.0,0.0928,0xd6...0abc,https://etherscan.io/tx/0x87b6bfc559a8666f490077245746db8550901298059599611e70e9c912a80c7e
2023-03-28 18:26:47,True,3.245e-10,1.868e-13,47506002982.0,0.0887,0xa6...e509,https://etherscan.io/tx/0x4316aa7d0bb7012f1bd2e6d4600e70b62bcafba463ecc2e8581985ed90ff54f0
2023-03-28 18:23:11,True,3.241e-10,1.866e-13,78616611887.0,0.1467,0xa6...e509,https://etherscan.io/tx/0xfa14c5213473780dbb58e7459edb12833b4b579ac7270635a8e0d9d22e62ae2f
2023-03-28 18:20:47,False,3.223e-10,1.856e-13,150000000000.0,0.2784,0x35...1888,https://etherscan.io/tx/0x2a2e8c605302ff555ac98234f5ee1fd67492b07d94f2a31d985ec8c8fcf6a175
2023-03-28 18:17:47,False,3.24e-10,1.864e-13,209009203919.0,0.3896,0x2a...5736,https://etherscan.io/tx/0xf0fbf21dc437f2b162d7f1c051b25472fe8ceceecfbb0432e8c4310861841d14
2023-03-28 18:14:23,True,3.271e-10,1.879e-13,12091237759.0,0.0227,0xad...6e70,https://etherscan.io/tx/0x5bbc0d213afc84c3662977576a42ab41ecb5d6f75464acec5f64a7bc2beea130
2023-03-28 18:11:35,False,3.259e-10,1.871e-13,160256710244.0,0.3,0xd7...3c41,https://etherscan.io/tx/0xa38301e1eeaea8b42f95f053bcdc8a051f4f716646d8c08811c2465db056fe4f
2023-03-28 17:17:59,True,3.275e-10,1.881e-13,241628997659.0,0.4546,0xcf...e796,https://etherscan.io/tx/0xbcf94aa1ddf3128e8f2b1bce90e391d15ec09f2fad296d703122a8cc3cfe7386
2023-03-28 17:08:23,True,3.259e-10,1.87e-13,227264159951.0,0.4252,0x07...56af,https://etherscan.io/tx/0x87538b3193ac35ad38e74e41df8c4d4acbd4cda03c54da20d304ffcadb018ed1
2023-03-28 16:43:11,True,3.202e-10,1.841e-13,1119265064841.0,2.0611,0x47...a8ce,https://etherscan.io/tx/0xa2a8a816d009077bf6064dc84f2b35660afcf275ea85442b56efcb35852f0602
2023-03-28 16:42:23,True,3.15e-10,1.812e-13,253862420045.0,0.46,0x89...cca5,https://etherscan.io/tx/0xf10a7562949d34efc8725541c5f0ec20b2944f314838ff7c119503b788b537f7
2023-03-28 16:39:47,False,3.125e-10,1.796e-13,54033924185.0,0.0971,0x74...bfcb,https://etherscan.io/tx/0x86c2f6e977a647aec72154f6cabd40b8b543192ab13ac3572dcce994170a8c17
2023-03-28 16:23:35,False,3.136e-10,1.799e-13,50000000000.0,0.0899,0xc6...fed0,https://etherscan.io/tx/0x8d22e898770965c531453a8a8d16415df744ba2bc6941f205215205e045a2597
2023-03-28 15:48:23,True,3.142e-10,1.807e-13,152708472395.0,0.276,0x75...83c6,https://etherscan.io/tx/0x66b3e3f239789a3bd932aa8c28384a6442e9fe87e3c2ac7ddfbaa076352c2e82
2023-03-28 15:28:47,False,3.109e-10,1.793e-13,5683551329.0,0.0102,0xc3...674b,https://etherscan.io/tx/0x9572a791f76f2be779c78e33ee8adabee93e6677e81272bba17d36f67d5c75c9
2023-03-28 15:10:47,True,3.132e-10,1.804e-13,6591293325.0,0.0119,0x36...615c,https://etherscan.io/tx/0x3fa08380fe65c8f678c7e800e41e89ca258c3717caca89c6606b1171b81dedd2
2023-03-28 14:47:59,False,3.132e-10,1.799e-13,263797163570.0,0.4746,0x35...1888,https://etherscan.io/tx/0x32767828e2edca1a969cfb64117b07744d66f152696b016d85d5ab963665189b
2023-03-28 14:25:47,True,3.155e-10,1.814e-13,60626957810.0,0.11,0x66...5ff3,https://etherscan.io/tx/0xed665cc9d9b2d8516ab26cd7dd9145f1d05a95b4979405601533d9d43e759ae1
2023-03-28 14:13:35,True,3.163e-10,1.812e-13,32519772124.0,0.0589,0x14...09d1,https://etherscan.io/tx/0x2764fc3f0f347557aecbc85a5331cb1a16d107cab34db52424798cd54de58707
2023-03-28 14:09:11,True,3.153e-10,1.805e-13,311706713446.0,0.5626,0x85...58da,https://etherscan.io/tx/0xa59eefe9c10432c1c53d96d5ea4b97121e7ecd027e1d84fdf140b98fe902c51e
2023-03-28 14:04:59,True,3.127e-10,1.789e-13,454682414000.0,0.8134,0x38...d6ad,https://etherscan.io/tx/0xb1c6ff6ead7e2f337f93f9c2b62e84c669e89c9448696c06e71e935b7a37b200
2023-03-28 13:58:59,True,3.101e-10,1.775e-13,202377359154.0,0.3593,0xc9...27b6,https://etherscan.io/tx/0xd45c15189c117fc4d536c47035a65a804e37de2f20921f4bd3760f079c5d4e52
2023-03-28 13:50:35,True,3.092e-10,1.77e-13,47912551242.0,0.0848,0x57...04a2,https://etherscan.io/tx/0x68ca20893ed5cf0cde104d992ad9ed90ba07097002beea4d236787cfb7393ff0
2023-03-28 13:48:47,True,3.061e-10,1.766e-13,131015085369.0,0.2314,0xb1...b3c6,https://etherscan.io/tx/0xba10470426c7abe9dd85c24448df7197479bc2e8aa9bf3bc2fb926585cc3e8c0
2023-03-28 13:33:47,True,3.051e-10,1.762e-13,95393065440.0,0.1681,0x07...56af,https://etherscan.io/tx/0xc6c2df752930ea6eba8c7ab7a2c5b9934b1a7e2c5c037a79874574767cc516f6
2023-03-28 13:24:35,True,3.049e-10,1.759e-13,29511722544.0,0.0519,0x9f...f62a,https://etherscan.io/tx/0x4da11549afd5b25e14328bb03d768b56cecc454d7fd521d3e6feb1c5315a96cb
2023-03-28 13:15:23,True,3.021e-10,1.754e-13,222470143872.0,0.3903,0xb8...ae15,https://etherscan.io/tx/0x03da43e25ce4c73bc02f1d18319e7afefda548f91a2d55d649824db5a38e3ac7
2023-03-28 13:11:11,True,3.006e-10,1.749e-13,37324361988.0,0.0652,0x07...56af,https://etherscan.io/tx/0x8d3666841b4680a59ec54884f818c6789b1f66c9d2cce1be0f3f8a3f2dd8876f
2023-03-28 13:09:23,True,2.996e-10,1.743e-13,231088519996.0,0.403,0xd8...14b0,https://etherscan.io/tx/0x2025082f910d65eea3b09653aacb927a86a9d8449c3e66a1a4ba7f1146bb5af5
2023-03-28 12:59:47,True,2.982e-10,1.737e-13,71926600001.0,0.125,0xfb...6bfd,https://etherscan.io/tx/0xdcf988d82814e5ef4ff14f514a6e19cfcf512e7652a1a5c5c0e98e222ede09a9
2023-03-28 12:56:59,True,2.978e-10,1.736e-13,2694228880.0,0.0046,0x5d...e324,https://etherscan.io/tx/0xc4e3442de53e476b93dc5a910952f263489da61d0e4f5b516499c108ef1caa9a
2023-03-28 12:48:59,True,2.971e-10,1.735e-13,50000000000.0,0.0867,0x1a...dc4a,https://etherscan.io/tx/0xa64053c002d7402c95a928830ea9115c164b8481056c1ec32cdbfd2d8a7373d5
2023-03-28 12:44:23,False,2.977e-10,1.734e-13,550000000000.0,0.9541,0x1a...dc4a,https://etherscan.io/tx/0xcdb43685ba330d69168aa70b5643877b25f0743cffadf5de29181eb04e59a813
2023-03-28 12:43:59,True,3.014e-10,1.756e-13,8541474546.0,0.015,0x0a...feb2,https://etherscan.io/tx/0x988e416023f8d3bbc0a28a74314e4accac6661c7636b6e8660ef1fe1aed1e26e
2023-03-28 12:42:23,False,3.045e-10,1.773e-13,1397134736980.0,2.47838,0xc4...adfb,https://etherscan.io/tx/0x86869acf2a80c0b5adecee972c51697eed38efda60bb72e5954c79b240ca2c8d
2023-03-28 12:20:35,True,3.116e-10,1.811e-13,96601813970.0,0.175,0xa6...bef9,https://etherscan.io/tx/0xcd871fc14e0612793b9727127e7746b7d61597355a88e7094ab3ad7800366fc0
2023-03-28 12:19:23,False,3.096e-10,1.799e-13,56181308683.0,0.1011,0xbc...ed1b,https://etherscan.io/tx/0x8f2156904a89db815e435e5b7774ef13b1d311680be7eb58a986b53640fda3ce
2023-03-28 12:16:59,False,3.104e-10,1.804e-13,160489334715.0,0.2895,0x1e...1c15,https://etherscan.io/tx/0xf93d5b262ccf86c7b1f4a8b2f0205fd9d4b9598db8404a94455c50277f74b166
2023-03-28 12:16:47,True,3.078e-10,1.789e-13,1397134736980.0,2.5,0xc4...adfb,https://etherscan.io/tx/0x0da03c92d6adf085227a46f30c9acc470325fff981976793d601ebfb9e94343a
2023-03-28 12:14:47,True,3.023e-10,1.757e-13,169105288599.0,0.2971,0x26...a73e,https://etherscan.io/tx/0x5792cad81bac6268a2697852504740c3335e86891b66c44d2e1ae4665643d1db
2023-03-28 12:13:47,False,3e-10,1.744e-13,45896966955.0,0.08,0xd1...e61d,https://etherscan.io/tx/0x1abd7bbdcb032376972ddf26041ee4c35611ce62dd58f0b89608ba55c8ac129a
2023-03-28 12:07:47,True,3.02e-10,1.755e-13,10166079287.0,0.0178,0xe5...97b0,https://etherscan.io/tx/0x2b0a447adbf682b493df25f24625862439c42dec4d48c4d62b6dbf3ac05d814c
2023-03-28 12:06:47,True,3.009e-10,1.75e-13,256102759366.0,0.4482,0x2a...ff97,https://etherscan.io/tx/0xcff0841964f04fd1ac04015a0ffe5ce0b5b07345f7e7c4cde8c8285ffc7d00d2
2023-03-28 12:04:59,True,2.999e-10,1.744e-13,10000000000.0,0.0174,0xfc...1836,https://etherscan.io/tx/0xfe46ed60ded17451b2a60b4cbc782e2510f70fa709c56262cb18c4db8691a46b
2023-03-28 12:01:11,False,2.982e-10,1.734e-13,34948891428.0,0.0606,0x24...d1cc,https://etherscan.io/tx/0x78966640511e63da313d0352926d51f4cfd780f143a496486b74d20acb933443
2023-03-28 12:00:59,False,2.998e-10,1.743e-13,426610558987.0,0.744,0xf6...291f,https://etherscan.io/tx/0xde3248151c127a15711391d79240ae37b972cc4a9790f5f84de09f55c039c216
2023-03-28 11:58:35,True,3.026e-10,1.76e-13,145861672978.0,0.2567,0x07...56af,https://etherscan.io/tx/0x2ea8c79f42d7e935a7989aa46bc95b3490c2f0f9e22ecd489e3bc685c45b35e3
2023-03-28 11:48:23,True,3.022e-10,1.757e-13,3261449655.0,0.0057,0x5b...d4e8,https://etherscan.io/tx/0x5c3797ff6d2098e359daf4c6149da1de7a16036b98b3e20f3252a9652590d9ee
2023-03-28 11:40:47,False,3.016e-10,1.749e-13,172763296927.0,0.3023,0xc2...1ae0,https://etherscan.io/tx/0x9a961b1f41da6f548c6a7c70a4dcc04c3ff3bdc31ab031019491dc81fe498249
2023-03-28 11:39:35,False,3.032e-10,1.759e-13,285121651171.0,0.5016,0x9e...b014,https://etherscan.io/tx/0xed4da7d4504454300b398b19d1f4f29a561fcedbfb923583fc9082f3c7acbb33
2023-03-28 11:37:59,False,3.045e-10,1.767e-13,102687041141.0,0.1814,0xd6...0abc,https://etherscan.io/tx/0xbd9a9e6ace43155155596504065dfe778a39e8ac33c03d8b24c0984750d1929b
2023-03-28 11:34:11,True,3.067e-10,1.779e-13,32263500722.0,0.0574,0x1a...e96d,https://etherscan.io/tx/0xa1dafc34aa0baf0e133bf6d3ca2578aaecc1f27e6ae7ffba10b5cded66af16f4
2023-03-28 11:29:47,True,3.063e-10,1.777e-13,65328106647.0,0.1161,0x71...cdd2,https://etherscan.io/tx/0x8d662dd1fa02a24ac059852e239d20f7c90932c995abb2e90f5b20bb335e7a51
2023-03-28 11:28:59,False,3.045e-10,1.766e-13,66683964252.0,0.1178,0xcb...e900,https://etherscan.io/tx/0xd94c746d3cbba523e0621f56cd087ea2eaa75897fdeff9d059207ffc3fb24fa1
2023-03-28 11:22:59,True,3.064e-10,1.777e-13,44609275876.0,0.0793,0x59...ab0b,https://etherscan.io/tx/0xd4a4ffe7199ee40f05ec63bdb9d735d4b6f1de25c44135cfa43af06b64d37f18
2023-03-28 11:16:11,True,3.051e-10,1.768e-13,426610558987.0,0.7542,0xf6...291f,https://etherscan.io/tx/0x70ea616947d2691545e599d3b6fc7282549ebd651c6ce359fb91ae2113c4f6de
2023-03-28 11:08:47,False,3.038e-10,1.759e-13,520376757993.0,0.9155,0x5f...2c0a,https://etherscan.io/tx/0xb339d2e77a593e5b6ed2f74191622dd02c0371c7f2e8fe50ee84dcda63f63ad5
2023-03-28 11:01:59,False,3.102e-10,1.794e-13,1194912846481.0,2.14448,0x51...29c5,https://etherscan.io/tx/0x6457f490ae15f90b345bd306012a0595caecc81e0ce4226e6699f1e0a2633658
2023-03-28 10:42:59,True,3.153e-10,1.83e-13,21855041176.0,0.04,0x59...f49c,https://etherscan.io/tx/0xf9e6f13e8b4d1e3a9a9bfe96ff81495cf58c318b1535f1832ffa4ed89917dbe0
2023-03-28 10:34:23,True,3.139e-10,1.822e-13,360255850663.0,0.6564,0x76...7d5e,https://etherscan.io/tx/0x8b03a034668c211cf86532e4c3269c58cac0f8b89537449069de7a78f13212dc
2023-03-28 10:34:23,False,3.16e-10,1.834e-13,1441379348312.0,2.64405,0xc4...adfb,https://etherscan.io/tx/0xcb020d149ce89cca510ba94366e6fca7a682f4c129d2f45fd57a6c8ed07d8245
2023-03-28 09:47:35,False,3.239e-10,1.872e-13,293768654269.0,0.55,0xca...3ae5,https://etherscan.io/tx/0x222de0aec56b671c54ad5b141245ddc76e2955e419e3682d5270b790f6b8d6d9
2023-03-28 09:28:47,True,3.263e-10,1.888e-13,59392014379.0,0.1121,0xf0...f2d1,https://etherscan.io/tx/0x9cd3cd91ab80ed6cf5a7f3030e3be794f6053da59b60c982628735f89c3fda60
2023-03-28 09:06:35,True,3.255e-10,1.878e-13,382732174092.0,0.719,0x77...65d1,https://etherscan.io/tx/0x044c35e39d3ec82f1e4bdd02dcb81c933e19e072dda98cc3eb89c17db15bd17f
2023-03-28 09:06:35,False,3.238e-10,1.869e-13,465177055478.0,0.8696,0xa5...f7a1,https://etherscan.io/tx/0x915c82a0ec009d05ef93cc5b8f02341c669fd43833fd4b0fed9f6e98f928146c
2023-03-28 09:06:35,False,3.271e-10,1.888e-13,382732174092.0,0.7227,0x77...65d1,https://etherscan.io/tx/0xc1b6cdcde808e930593f6e3a3c4d2a52632202f900d20381e74e393097ed640c
2023-03-28 09:04:11,False,3.287e-10,1.897e-13,6027352351.0,0.0114,0xa5...f7a1,https://etherscan.io/tx/0x6f78c26a3e89c302485d1a9f68630db7bcf43cd64658c340fc83754632b18c76
2023-03-28 08:46:11,True,3.283e-10,1.897e-13,474216241176.0,0.9,0x82...ebd2,https://etherscan.io/tx/0x7d88349c4d2e6c37bfb7aede32c76e9f470f57c2865ee7301a613ee036e5cf33
2023-03-28 08:41:11,False,3.274e-10,1.889e-13,606661077388.0,1.14628,0xb3...b695,https://etherscan.io/tx/0x1f9878fb0314e4c78f2f0cb55a3473c5f626b6ccf057357a704eca2842d9f1e4
2023-03-28 08:15:59,False,3.308e-10,1.91e-13,313876055582.0,0.5996,0x24...8ac2,https://etherscan.io/tx/0xe5631aa601856d2d802af12e4e74ced1dece7863d40a7e9b8171f24d48913489
2023-03-28 08:04:59,True,3.333e-10,1.928e-13,41489850965.0,0.08,0xfb...6bfd,https://etherscan.io/tx/0x8774a7e093a59449dfce2f367badc20094ec28dcedfab5801434ab75c23672d9
2023-03-28 07:53:35,False,3.293e-10,1.917e-13,74632146999.0,0.1431,0xef...2176,https://etherscan.io/tx/0x33df9dc7a4671f62c415a75a6f99e3d2a3af4228e318664ca6214c0a9ac0e6a0
2023-03-28 07:45:11,False,3.306e-10,1.924e-13,249742737905.0,0.4807,0x88...8888,https://etherscan.io/tx/0xc6dc715efa60008d0930ae28b4bb665c5c058f53687e38de42ac359b3bf3bcdb
2023-03-28 07:33:59,False,3.321e-10,1.935e-13,207574222044.0,0.4017,0x8a...5d6c,https://etherscan.io/tx/0x95838845067ea7a824a94561025f71ee7afada3f99527cd18e787813efb94f0d
2023-03-28 07:29:11,False,3.333e-10,1.941e-13,36742391337.0,0.0713,0xfd...7792,https://etherscan.io/tx/0x068775d88663440fe484db25bc8d44fb6082d8f9604236779281512e64ce6a84
2023-03-28 07:13:35,True,3.337e-10,1.944e-13,413797163570.0,0.8044,0x35...1888,https://etherscan.io/tx/0xf6b03653d132588952c8b855a5fe8af2c0ac7da8053bbab50283928af12e1393
2023-03-28 06:18:35,True,3.311e-10,1.934e-13,598023406.0,0.0011,0xb2...e302,https://etherscan.io/tx/0xc819e7a1e6995d74d4b719efe04b6e4cf6de7f82e635baf736e851d2b538175d
2023-03-28 06:14:11,False,3.29e-10,1.923e-13,18939073860.0,0.0364,0x43...c544,https://etherscan.io/tx/0x2748ef4b317f580b22c9ce2595885437e816dfd9d3f4a779bc0663ba2065e5f0
2023-03-28 06:12:23,True,3.306e-10,1.933e-13,83308233705.0,0.161,0x7a...d510,https://etherscan.io/tx/0x568ca8cb4676a15d2bd60f7f1f129de2e8c681817ff2614b05a0417d91b38a05
2023-03-28 06:09:11,True,3.288e-10,1.921e-13,412978649352.0,0.7936,0x74...14ba,https://etherscan.io/tx/0x77cb46b04aae2bd3ba4a9659827d89cce09170592c77005d319d36ecb3cace18
2023-03-28 06:03:47,False,3.263e-10,1.907e-13,287570045629.0,0.5484,0x18...88b3,https://etherscan.io/tx/0x24bc2e59a9f430e19f2c4864442415b49c89eb8e8899b976106b870bda269ee9
2023-03-28 05:54:35,True,3.295e-10,1.925e-13,4633589386.0,0.0089,0x70...de58,https://etherscan.io/tx/0xd28a5ee891c390445370a4f0fad4c53914721bf99fcab2965e386fa3b2c4fe50
2023-03-28 05:52:11,True,3.293e-10,1.924e-13,33633965964.0,0.0647,0x4c...7224,https://etherscan.io/tx/0x51d65c2f6253e4748c78fe295e4e3785c188d4537f4512f28d3f93682d254ef2
2023-03-28 05:23:23,True,3.292e-10,1.923e-13,15361673932.0,0.0295,0x5a...27b8,https://etherscan.io/tx/0x9ed553af04a9629cb5e12bef97ab0f8edbb1a31a1ac96340c4f604ff6e49642d
2023-03-28 05:17:47,True,3.282e-10,1.917e-13,227433053999.0,0.4361,0xae...58ef,https://etherscan.io/tx/0x67f3c3dbd82bc98be835277c8c02a8eff0e4af57a707fd709fd0ddb6a775a194
2023-03-28 05:14:59,False,3.264e-10,1.906e-13,254555727376.0,0.4854,0xae...ae13,https://etherscan.io/tx/0xed190c824723fdc868e395747815108ea32d36ccc7dc2988f3bc81f70adcab70
2023-03-28 05:14:59,True,3.259e-10,1.904e-13,876975534319.0,1.6698,0x74...14ba,https://etherscan.io/tx/0x9d1ffd3d2d2dd2dfc94143b05e09e2776e0295bbec7ab29b6a344ebd5a09fd45
2023-03-28 05:14:59,True,3.215e-10,1.878e-13,254555727376.0,0.4781,0xae...ae13,https://etherscan.io/tx/0x37eb3c31b45916fc07454d22b5d0a8859329874dac4c914e609a62bb596ce7f7
2023-03-28 04:57:59,False,3.196e-10,1.866e-13,200000000000.0,0.3732,0x6e...feb1,https://etherscan.io/tx/0x6fd2bde971d56f297bb5d806458f8a45b8f041c48c726a6a9b85b9773c787b85
2023-03-28 04:56:11,False,3.21e-10,1.874e-13,200000000000.0,0.3749,0x6e...feb1,https://etherscan.io/tx/0x9968ddc6b0acb3844168b54d652df2e39f7541e22c8e9ecb070638ee21d9d29a
2023-03-28 04:55:11,False,3.225e-10,1.883e-13,200000000000.0,0.3767,0x6e...feb1,https://etherscan.io/tx/0xd72374fcf71e113800379960ff5724746f721753a6b8fa8cbe7eb601789e4331
2023-03-28 04:53:59,True,3.254e-10,1.899e-13,5325545774.0,0.0101,0xe4...f388,https://etherscan.io/tx/0x9a1c5934be31562111d6167cea65bafdba941a22aca600c890857d7499aa5d83
2023-03-28 04:50:35,True,3.252e-10,1.898e-13,26331504858.0,0.05,0xe8...5e5c,https://etherscan.io/tx/0x5732cf3114e87e5596874b6f9c0d7cfd201044919371578cfcf8d9da68d8e69c
2023-03-28 04:44:23,True,3.249e-10,1.897e-13,30467174770.0,0.0578,0xa1...a7f2,https://etherscan.io/tx/0x655c4105883bd9c3a1705a3c8687348dbdd89bd2ce4bed816b5e9103c78e7837
2023-03-28 04:31:47,True,3.206e-10,1.873e-13,1030006369464.0,1.93,0x5e...4e78,https://etherscan.io/tx/0xe7fbd6b9bdfbe4306abbc092bd31632c9a6eccd5fb022a54b682199a4300accf
2023-03-28 04:30:11,False,3.152e-10,1.842e-13,100000000000.0,0.1842,0xca...f836,https://etherscan.io/tx/0xf835924584ee9a164f1bdf1349b5cdd7900c5c4167d61afc1dc54caf5267f3c3
2023-03-28 04:22:47,True,3.184e-10,1.854e-13,21306129351.0,0.0395,0x4e...9d4e,https://etherscan.io/tx/0xf6cb0c3c6f1e97c30673cca87ef93a1b9e7afefccf69322f7c47e74bbb42b258
2023-03-28 04:16:59,False,3.168e-10,1.845e-13,100000000000.0,0.1845,0x5c...7111,https://etherscan.io/tx/0xc3d146c4461365d9b8cfd8be629f3a6638c7e3bb69e0d85df3e29c358f6e01b7
2023-03-28 04:15:59,False,3.174e-10,1.849e-13,71011338574.0,0.1313,0x52...40a9,https://etherscan.io/tx/0x8205f36bbfb4f88721ebfb36b06b4324ab804f2f9df09b22d52b1aedbcfd804c
2023-03-28 04:01:11,True,3.195e-10,1.86e-13,83637037646.0,0.1555,0x2b...71a5,https://etherscan.io/tx/0x385c7e734cc0039d489cf04cc2958919336f1c47fac79bb0e80887e2a68d6ff4
2023-03-28 03:46:11,True,3.197e-10,1.858e-13,11179679677.0,0.0207,0x83...6f8c,https://etherscan.io/tx/0x98c676af08ae832dfac76fa0c7e8bc6ed7f05a922cd4cb71785ba58a19e38702
2023-03-28 03:39:35,False,3.188e-10,1.847e-13,61128329713.0,0.1129,0xb9...b889,https://etherscan.io/tx/0x26bbb03962842b4bb1d96d09ebb28c44449eb3c78547fad9f29fe92c700a4414
2023-03-28 03:32:35,False,3.168e-10,1.849e-13,22878411120.0,0.0423,0x1b...1b30,https://etherscan.io/tx/0x4ac9018e4f6f62a4f8aee0f21d75da8d9313fa2c7b7864789cc325c8b6ee6f8c
2023-03-28 03:31:11,False,3.168e-10,1.851e-13,46485364762.0,0.086,0x95...9b38,https://etherscan.io/tx/0xe0700f21376db01986f35303e6d010543db10178c59d635bd6867c091655af77
2023-03-28 03:22:59,True,3.18e-10,1.863e-13,10733849791.0,0.02,0xb6...c557,https://etherscan.io/tx/0xae3d11abfdf1926e10d3641408909ddae9c6337e1c56e46f2ec71f1b50546759
2023-03-28 03:19:23,False,3.163e-10,1.852e-13,18000000000.0,0.0333,0xb6...ed37,https://etherscan.io/tx/0xed44de176bc06f414dd885c140b83c76cc0446fe638bf4b95528d4090b960e8c
2023-03-28 03:12:11,False,3.161e-10,1.855e-13,134726376532.0,0.25,0xbc...7b00,https://etherscan.io/tx/0xd93bba2198f3aab3ccd24776a29390204d53e79a3b3663172acebc577fef8828
2023-03-28 03:00:47,False,3.177e-10,1.86e-13,93982460815.0,0.1748,0x76...7d5e,https://etherscan.io/tx/0x9f2e787519da504cc18d38976c2f7be350a8c9c1b34773f4398dc7892cec49e2
2023-03-28 03:00:47,True,3.197e-10,1.872e-13,80615440749.0,0.1509,0x76...7d5e,https://etherscan.io/tx/0x878fcb755875c7185bba56ad8ba9488168cbb04838fb46b5258b55ce50dfdd9e
2023-03-28 02:53:35,False,3.18e-10,1.86e-13,52824572477.0,0.0982,0x27...39b7,https://etherscan.io/tx/0xf5e76829a4677041fdee0a1de43ece05fbe75c06ee86b91ea573a0666698ef75
2023-03-28 02:13:35,True,3.207e-10,1.869e-13,132680239412.0,0.248,0x25...81b4,https://etherscan.io/tx/0x5a36191afa30216a83bdd249e9cab3f971f581fe8e36e4739fdc1abc50d6ddc1
2023-03-28 02:10:35,False,3.186e-10,1.858e-13,135028051346.0,0.2509,0xd5...4de5,https://etherscan.io/tx/0x38c9489defdba89c9dfe12bc6d71288048cd4bf048d3a4c9586ae244c6be76d2
2023-03-28 01:57:35,True,3.21e-10,1.871e-13,53270166325.0,0.0997,0x53...bbfc,https://etherscan.io/tx/0x14b25cfb078fd9a19418d39de5548eead2853b27481264142507e902c4f50968
2023-03-28 01:50:11,True,3.191e-10,1.861e-13,414887562972.0,0.7722,0xe7...d605,https://etherscan.io/tx/0xc2a9d604b26472bc5bc3f96a8f4fb4c747ba435b64f3451d908ff5e18ce3cca4
2023-03-28 01:40:35,True,3.174e-10,1.851e-13,11525686074.0,0.0213,0xd1...a13d,https://etherscan.io/tx/0x4f05cf76d0d8d0d8d1b38919edeac5d2ad6e3eb60f0b94d7e505630bf6b3e6c1
2023-03-28 01:29:35,True,3.159e-10,1.844e-13,316038000052.0,0.583,0x68...136e,https://etherscan.io/tx/0x71334e001b9650e33025c51c5b187b25e67ac3643b904c5a6f3e0ed5651d1033
2023-03-28 01:22:47,True,3.132e-10,1.829e-13,382732174092.0,0.7002,0x77...65d1,https://etherscan.io/tx/0x312c54df3b4fa9ec8026290293faf511af26e683a02538e8cdb94bd816440b5c
2023-03-28 01:22:47,False,3.128e-10,1.827e-13,802219077478.0,1.46618,0xcb...6ceb,https://etherscan.io/tx/0xff32f6ff1ac27df79456201dbf86acc167b150fbee0d6e8e03d10e5bc4745312
2023-03-28 01:22:47,False,3.172e-10,1.853e-13,382732174092.0,0.7093,0x77...65d1,https://etherscan.io/tx/0x3dd241813bde6bb9615b627b693e5c6ceb47535bdf2a4a343d94a878ca38aca0
2023-03-28 01:22:11,True,3.147e-10,1.838e-13,1586570146649.0,2.91644,0x06...fe96,https://etherscan.io/tx/0xee39746a38ad7a476f959f6f2b8ecb98c30c13f311060292ca8a0e8ac4365b0c
2023-03-28 01:16:47,True,3.088e-10,1.804e-13,10909774491.0,0.0196,0x86...ab26,https://etherscan.io/tx/0x355d4a6414152cadcb3a947731a0e4eae6dd55abdcfe15853a259da30fd77c55
2023-03-28 01:12:47,True,3.085e-10,1.803e-13,8871156830.0,0.016,0x52...a112,https://etherscan.io/tx/0xf09cfc807231d0db9bd344ae2394a7b29f6450feff5c3dd56ce2892ce532da16
2023-03-28 01:09:35,True,3.083e-10,1.803e-13,642383852.0,0.0011,0x43...d87c,https://etherscan.io/tx/0x4df707fc3b8d85beceafc02de4eb0b5eecaa3650048ca952495849ee87a086fd
2023-03-28 01:05:23,True,3.079e-10,1.802e-13,22186261467.0,0.04,0xf3...bea2,https://etherscan.io/tx/0x953f9786fed1fcaa9b44fdcebe4ad0eb21121b70666cf45787de037100d360f9
2023-03-28 00:58:23,False,3.064e-10,1.792e-13,18596355678.0,0.0333,0x68...c31f,https://etherscan.io/tx/0x5eb0c0645c73476b61b590aa76aa4fc5ec46ce3b3be88bf58562731a6e8abedf
2023-03-28 00:58:11,True,3.08e-10,1.801e-13,83014842488.0,0.1495,0xdd...a823,https://etherscan.io/tx/0x03e855b5886b711a1f0db658088e8da2704e3f31df45485e1b229c0925119097
2023-03-28 00:52:23,True,3.073e-10,1.797e-13,100000000000.0,0.1797,0x5c...7111,https://etherscan.io/tx/0x39bebd38d14c39b9ae4e84b2141e6947045eaeb654949950a9c2077ee69a9fb5
2023-03-28 00:36:11,False,3.055e-10,1.785e-13,53029502875.0,0.0947,0x9c...b7e9,https://etherscan.io/tx/0x925b3726125e7d3d1a25fe6031cfda61f0ebf9637375e401b3d4e84179decb5e
2023-03-28 00:29:11,True,3.071e-10,1.796e-13,83517882367.0,0.15,0xd5...4de5,https://etherscan.io/tx/0x3eb206eb001563874affc493247087585d8c34e13e3540649818eb18b5b359cf
2023-03-28 00:24:59,True,3.07e-10,1.794e-13,9667775529.0,0.0173,0xbe...6985,https://etherscan.io/tx/0xdeae984893ba286521efc83a45753db0ec968d261371c624e1ff8fbb46136ee5
2023-03-28 00:14:59,False,3.069e-10,1.791e-13,417501650731.0,0.748,0x0d...4f04,https://etherscan.io/tx/0x7b9bd7915a0af0c13303a03550a0c40ec3c3431e86b75b0388ef997aa9aaf763
2023-03-28 00:13:47,True,3.1e-10,1.809e-13,76169527748.0,0.1378,0x26...4663,https://etherscan.io/tx/0xa7338684c49de580d1b1c5025c461e661da3e7634943dbddedce616d95d78763
2023-03-28 00:12:47,False,3.092e-10,1.803e-13,307611543146.0,0.5548,0xae...ae13,https://etherscan.io/tx/0x9ccbf8cb45a4cfe4c149a3a76698fac9204b4f71d657e1dfed097246ba1f8527
2023-03-28 00:12:47,True,3.091e-10,1.803e-13,855171724988.0,1.54194,0x26...4663,https://etherscan.io/tx/0xb64d914b55fcebc3d2f5bdef87c4de08d5cb53c03300c517733059a39c52ce49
2023-03-28 00:12:47,True,3.05e-10,1.778e-13,307611543146.0,0.5472,0xae...ae13,https://etherscan.io/tx/0x019c968cc150e52358b3a4e0c3cb98f7b86e17052c1761365a7d568d5b44520f
2023-03-28 00:12:23,True,3.033e-10,1.769e-13,128813751732.0,0.2279,0x13...0737,https://etherscan.io/tx/0x1a504459f20f6e3a51c389704b1da399ffe2c5bb434711bfb6c21cd3d7cb5ee5
2023-03-28 00:10:35,True,3.022e-10,1.766e-13,45291192434.0,0.08,0x02...3d52,https://etherscan.io/tx/0x66fd8d3afa4a96a5632af5d9aeb81318a300bd6548ea53a889f4ab0f9d049cde
2023-03-28 00:09:11,False,3.005e-10,1.756e-13,77528828883.0,0.1361,0xe6...3a86,https://etherscan.io/tx/0x048029464c80fbe4bc18d29e0e3dde2f306a3746bee5e074444baa7b6cf5dac1
2023-03-28 00:08:11,True,3.021e-10,1.765e-13,129102441133.0,0.2279,0x3e...2946,https://etherscan.io/tx/0x627732188536c661e1c88f8ca2d601689b52bebb68cd99bc7271b12a89309e17
2023-03-28 00:05:47,True,2.967e-10,1.734e-13,1441379348312.0,2.5,0xc4...adfb,https://etherscan.io/tx/0x8575a0933a834211e544d6264dcbc31a8e92caa17723d9346445a8eba03e8a8d
2023-03-28 00:04:23,True,2.919e-10,1.704e-13,70470454960.0,0.1201,0x7d...bc37,https://etherscan.io/tx/0x46520c71bcb25b13af09d6ec8bb8637bec2a5bb4c07ce025df1fb017b68141b8
2023-03-28 00:02:23,True,2.904e-10,1.696e-13,374364709578.0,0.635,0x58...c1ac,https://etherscan.io/tx/0x4c067e7cec934d03d353084472230299fdde1454eaf5b68a4e396705bb52f982
2023-03-28 00:01:59,True,2.888e-10,1.686e-13,118568307582.0,0.2,0x88...8888,https://etherscan.io/tx/0x138ebcf77099192aeec8e82100b9090397789e54bb6616e83b91b29b5b02ea39
2023-03-28 00:01:47,True,2.871e-10,1.676e-13,417501650731.0,0.7,0x0d...4f04,https://etherscan.io/tx/0x822046f06dfd2c104c1474691720b057e89d919c68348cebe639fb1e7230ab33
2023-03-27 23:57:47,True,2.831e-10,1.653e-13,802212164133.0,1.32677,0xcb...6ceb,https://etherscan.io/tx/0xbb12f1358b98089b676d3a2e35516699d8bed0505f5f26a570649b01d4e99baf
2023-03-27 23:56:47,False,2.835e-10,1.657e-13,1553677704589.0,2.57591,0x67...ae6c,https://etherscan.io/tx/0xd9356c62a27ef18347829138d4be6f2e8ad3a214e6be546acddcf59a259b5fef
2023-03-27 23:55:11,False,2.948e-10,1.724e-13,1922100203249.0,3.31444,0x02...880f,https://etherscan.io/tx/0xe4947958afe373e4dc65f2eabc1943ab493fab545a7eeb03d6177eb5466ed288
2023-03-27 23:48:23,True,3.031e-10,1.772e-13,15096421936.0,0.0267,0xb2...1fdb,https://etherscan.io/tx/0xb0f1c0ab86615394687f6a9df196914a3cf50e6ab630ad98ee478f985c599eb7
2023-03-27 23:47:35,False,3.014e-10,1.762e-13,49813706844.0,0.0878,0x68...4287,https://etherscan.io/tx/0x071562a877fc34773112f7ec63a690f9722938935da3f1720996fe405ca59a14
2023-03-27 23:43:11,True,3.03e-10,1.773e-13,35883934736.0,0.0636,0xfe...c948,https://etherscan.io/tx/0xc5ae36f1b39f7a3677afae875430a66dca07d3d7b35cdf64d7ea2d4fc097cde8
2023-03-27 23:31:35,True,3.028e-10,1.771e-13,72737200476.0,0.1288,0xfc...292d,https://etherscan.io/tx/0x6c13e27d47dc0db1f68a3293649f8ba3405146db7aaefdec5a13f60237fd37ae
2023-03-27 23:29:23,True,3.022e-10,1.767e-13,141463666304.0,0.25,0x95...50d8,https://etherscan.io/tx/0x54eb1f50e518ce1f1248110eeec220573ea316483073a018ea120dbe0e755c0a
2023-03-27 23:27:35,True,2.984e-10,1.743e-13,1032450289571.0,1.80014,0xbd...1bfa,https://etherscan.io/tx/0xdcb4179695bb0520b436894910dab45fd51ea5cfd3ec35e442ebae3de559b120
2023-03-27 23:24:47,True,2.945e-10,1.721e-13,92585567100.0,0.1593,0x12...0f2e,https://etherscan.io/tx/0x57d126d70232934d65648f1178f56a0dee26c33bb44e233383048433f10077cc
2023-03-27 23:24:47,True,2.879e-10,1.682e-13,1922100203249.0,3.23405,0x02...880f,https://etherscan.io/tx/0x3c9c77126d9de47bb1140c2d7ba32265745d00e7500fc19ea0dbda1800402ee8
2023-03-27 23:24:47,False,2.931e-10,1.712e-13,4000000000000.0,6.8518,0xb9...445e,https://etherscan.io/tx/0xf17a8fb49982802aeff232a34f74aaace31df71258575ef4f5bc6277cda5e45e
2023-03-27 23:23:23,False,3.07e-10,1.795e-13,136000000000.0,0.2441,0x7d...bc37,https://etherscan.io/tx/0x08aa4f97a33fc97bc1458a3d5330224b7b11be2b54135dadf71ace2d0087ccfa
2023-03-27 23:08:11,False,3.101e-10,1.812e-13,663506261434.0,1.20241,0x7d...bc37,https://etherscan.io/tx/0x6b296fbc6f151925e95e480f70d7bf663803f4fd13d280cd09b37f8ff73da883
2023-03-27 23:07:47,False,3.126e-10,1.827e-13,35588906809.0,0.065,0x59...1c3e,https://etherscan.io/tx/0xa2bf9ec8e70002950647b6ed6e7ab392d71abf3331c436aa031d3b1b17a6dc1d
2023-03-27 22:48:11,False,3.135e-10,1.839e-13,530095073540.0,0.975,0x67...ae6c,https://etherscan.io/tx/0x46eb3683697501a451f9ac373d247564a8d0799ea096a0b87cd9fa438b8f30b2
2023-03-27 22:42:59,True,3.176e-10,1.861e-13,2025368770.0,0.0037,0x2a...879b,https://etherscan.io/tx/0xbbc62b4e789d229aa07611e47ba8b44fd7e2352a8d5b7e77913c1a7c2ec493b6
2023-03-27 22:31:35,True,3.173e-10,1.859e-13,129100788741.0,0.24,0x58...c1ac,https://etherscan.io/tx/0x8857ad102834b23a4a0b9b34c537d4ca8a6fb40b4aaeeb86a5cdbe8c6f3bb70b
2023-03-27 22:31:23,False,3.164e-10,1.853e-13,401121716721.0,0.7436,0x9f...f0ce,https://etherscan.io/tx/0x99e5d769ab765c08ffc84a2a6749ce99ec8c35a3d98b101871782eb94bb8245b
2023-03-27 22:27:59,True,3.193e-10,1.873e-13,8686916754.0,0.0162,0x14...09d1,https://etherscan.io/tx/0x0bb09919653302cf6dc50d6451170733c1afc2ea56645f4a483122f37ebfca35
2023-03-27 22:18:47,True,3.175e-10,1.865e-13,344619184243.0,0.643,0x1e...8bea,https://etherscan.io/tx/0x82ddcbe1e90d722ceee88997c531a0c2755a928f0988507617f755d4adf895ae
2023-03-27 21:54:47,False,3.17e-10,1.855e-13,392917826649.0,0.7291,0x54...708f,https://etherscan.io/tx/0x5688c0b6e778ba0ce1264cd906fa7f46d1a542e298170b9f3cefb16b991eda18
2023-03-27 21:43:47,False,3.193e-10,1.868e-13,173000000000.0,0.3232,0x7f...2f23,https://etherscan.io/tx/0xfb854bda37ff2ba3daf97198fe25653adee6b2ac2b0b96c22a39b76074b5337f
2023-03-27 21:25:23,False,3.244e-10,1.891e-13,846085089780.0,1.6,0x06...fe96,https://etherscan.io/tx/0x2bb6c7256a8d551efa0c4847bd4a19217e6167ca50692391de37b3d8c87a836b
2023-03-27 21:23:59,False,3.285e-10,1.916e-13,253900577128.0,0.4865,0xd6...f25d,https://etherscan.io/tx/0x79edc31ad78f31dfe94438fe50542beec102006a8f225a404233f76a64a31f65
2023-03-27 21:20:59,True,3.308e-10,1.93e-13,144567652160.0,0.279,0x2f...4770,https://etherscan.io/tx/0xcba7139d3ffbec930b602c29c660b200828b3022c1324ed39b729cb2a215eb79
2023-03-27 21:19:11,True,3.303e-10,1.926e-13,5174737146.0,0.0099,0x5b...2cd0,https://etherscan.io/tx/0x6b1b9f53ff9679279e7d62fac0e52936e2e761a974847c61d63590edd20ea461
2023-03-27 21:09:11,False,3.294e-10,1.92e-13,250400821442.0,0.4809,0x89...cca5,https://etherscan.io/tx/0xc9d228ecc8c0bbf97e9ec141a26c958b976ad65065dba122d9a672ca967e7aee
2023-03-27 20:33:59,False,3.325e-10,1.94e-13,581943288767.0,1.1291,0x30...48b3,https://etherscan.io/tx/0x19c71b6ac972335de325bcce04038f87a9636d8381be4c524af2081efae70c60
2023-03-27 19:55:47,False,3.344e-10,1.958e-13,201937717449.0,0.3955,0x4a...a9c5,https://etherscan.io/tx/0x393c56994b4ce76c4b5c8145901092c2410629bbea35835d17b7e1294c9052e1
2023-03-27 19:42:35,True,3.379e-10,1.974e-13,25319727063.0,0.05,0x2e...9a37,https://etherscan.io/tx/0x19dc0bbf3ac4353c9bb9de5b2e67324254db8bb99894b5a4abb105d7cef8307a
2023-03-27 19:40:47,False,3.388e-10,1.978e-13,688105343500.0,1.36169,0x16...a12b,https://etherscan.io/tx/0x6dddd4477d1bd16e2a3d985d21ec44d0688af1e9ac5085087904bcba1c894dd0
2023-03-27 19:11:35,True,3.431e-10,2.001e-13,241602096752.0,0.4836,0xcb...6bb9,https://etherscan.io/tx/0x2cc26572b708fe867a57d32f1fd0eb75937c6bd3e5c70a2fa89e950ad6027937
