datetime,buy_order,price_USD,price_native,amount_token,total_native,maker,etherscan_url
2023-03-20 20:14:59,True,5.824e-10,3.315e-13,67745464263.0,0.2245,0x2e...ba4b,https://etherscan.io/tx/0x6f65ed0abffb6f4983d9b9b5d01ae1c5fe3d1ae9891aa4fe35c421df45d35709
2023-03-20 20:08:23,True,5.771e-10,3.279e-13,609830541488.0,2.0,0xa9...f24b,https://etherscan.io/tx/0xc823153894068802ecd4af7ed65a1c60d9cb72a3049871d62e856e70eaa56ed9
2023-03-20 20:05:47,True,5.708e-10,3.243e-13,80952054013.0,0.2626,0x17...26f2,https://etherscan.io/tx/0x43a2b67d16154d8b97c17caf173b085b01999e5ac1f6544b84156c0b4058e848
2023-03-20 20:02:35,False,5.778e-10,3.278e-13,1125000000000.0,3.68829,0xaf...084a,https://etherscan.io/tx/0x0b2a1e2c368566879067130cdd29dcf575aa22222c147a8970a8f8b45f47dc34
2023-03-20 19:59:35,False,5.917e-10,3.355e-13,338654244053.0,1.13645,0xb3...279a,https://etherscan.io/tx/0xea9d9c10ca4686bd5cea3e8f2d093eee9d6a8b1aa0a7f1e6850ece7c17162d9c
2023-03-20 19:57:23,False,6.01e-10,3.408e-13,622495796219.0,2.12168,0xb3...48da,https://etherscan.io/tx/0x12aa802015c93ac516202413bfa11bc793ca54c2c4ab3b077c86f908189ce93b
2023-03-20 19:56:47,False,6.087e-10,3.452e-13,165665239393.0,0.5719,0x88...1a13,https://etherscan.io/tx/0xe61e0531984476c4b1316e981d3af191e08edd238a025a52c3f68322bc609d3b
2023-03-20 19:55:11,True,6.122e-10,3.472e-13,167495200465.0,0.5816,0x8c...e42c,https://etherscan.io/tx/0x783b1672488f2400a51aacb50ca3e736d937acd01bbd1bceb02fff9a0df5911d
2023-03-20 19:54:11,False,6.177e-10,3.502e-13,1051343482870.0,3.6825,0x36...597d,https://etherscan.io/tx/0xd10de638941018a05de6e9607e7cb7123bf579651b8868767d1d273c765457fb
2023-03-20 19:53:11,False,6.304e-10,3.573e-13,159914618821.0,0.5713,0x0c...8dd3,https://etherscan.io/tx/0xf6b363878a1ce6cd85aee512c721664a9670ff478dc7c63217cd2116bb50f55c
2023-03-20 19:52:35,True,6.165e-10,3.493e-13,2123346958671.0,7.41876,0xda...504f,https://etherscan.io/tx/0xcdebbba8cc3f394ac91fe9f8e7b5b6a74e52cd89812ed8790f3cda8aa1472e6e
2023-03-20 19:51:47,False,5.914e-10,3.35e-13,159429257411.0,0.5341,0x1b...ea67,https://etherscan.io/tx/0x922882ed642328efcc0118348f32fa3d0f3bd1dcb1defa346249033c17a1a455
2023-03-20 19:51:35,True,5.95e-10,3.37e-13,156644231993.0,0.528,0x1e...8bea,https://etherscan.io/tx/0x4c9aa2736217a6e58741bab81131a99419c710de910f1f137cff1f70712bb745
2023-03-20 19:48:47,False,5.908e-10,3.353e-13,216504305439.0,0.7261,0x50...0a02,https://etherscan.io/tx/0x4d90924715fd3939f31e33cdec5a2f39c1e916f834a15bc72098b1ed79170cd4
2023-03-20 19:48:47,True,5.864e-10,3.329e-13,1051343482870.0,3.5,0x36...597d,https://etherscan.io/tx/0x6d28c2a7af1fda7bc1118a8620d0e5121ba3fc33f7f907e95fed9fe22922c6f5
2023-03-20 19:38:11,True,5.745e-10,3.269e-13,75256800678.0,0.246,0x29...e145,https://etherscan.io/tx/0x653a0bfce6c80c7fa7bb7c5b4ab3fc4791937b80267ad68c2f45b780179a5992
2023-03-20 19:33:47,True,5.756e-10,3.27e-13,535156472482.0,1.75038,0x3b...b548,https://etherscan.io/tx/0x19a7e88b28e5822d3f55eb275ffe7c14c9552b0a4b8311a9caff0fa2f37a82c7
2023-03-20 19:33:11,True,5.87e-10,3.331e-13,790025394455.0,2.632,0xb4...3934,https://etherscan.io/tx/0xbac8242e75eb68e65885c4b4cd9a56818da3493229fc3c6069f10ce4d8a3f578
2023-03-20 19:27:23,False,5.468e-10,3.114e-13,24402005628.0,0.076,0x81...7cda,https://etherscan.io/tx/0x6c4ece35820fe44423767474b945c6cd95cbf7b4117ef12b965f48175ba15448
2023-03-20 18:53:23,True,5.496e-10,3.126e-13,159914618821.0,0.5,0x0c...8dd3,https://etherscan.io/tx/0x7dd36eb4da4583c322350cbc85fd1e544ac04534d89c2103d1ed431f866a3c81
2023-03-20 18:37:47,False,5.506e-10,3.139e-13,800743590349.0,2.51366,0x6d...e5a1,https://etherscan.io/tx/0x224e5e8f04cddd6d04e22fca23d910d2c98ef3037f9bd48d60863e75c606e25f
2023-03-20 18:30:23,True,5.602e-10,3.186e-13,222383304414.0,0.7086,0xc6...e927,https://etherscan.io/tx/0x990ba89ad1cc7e2b9a2d443275755126a415ed9dea8dc01d6f6f20a2941ea71f
2023-03-20 18:30:11,False,5.682e-10,3.232e-13,1500000000000.0,4.84817,0xaf...084a,https://etherscan.io/tx/0xae7ad72450d77df9baa70d5524c5f080a620dd559eb398566cef898948508bb4
2023-03-20 18:25:23,True,5.836e-10,3.321e-13,150540430516.0,0.5,0xe0...9e99,https://etherscan.io/tx/0x6f7ff8accc2076777a40aa43394f99cb68d4d69f9b4794a10019a75af2d9818d
2023-03-20 18:20:23,False,5.809e-10,3.301e-13,151464984430.0,0.5,0x9c...8f43,https://etherscan.io/tx/0x41475635521a80695612f1386b542bd0662463b381121850159670477582f407
2023-03-20 18:18:47,True,5.826e-10,3.308e-13,392917826649.0,1.3,0x54...708f,https://etherscan.io/tx/0xc681edc2fb479bd3c72c28010e4f963d7ba0643ec16cc89a367a84858b4f9417
2023-03-20 18:17:59,False,5.759e-10,3.269e-13,19153895019.0,0.0626,0xb4...8e3b,https://etherscan.io/tx/0xf72e73ef65076c5e8f501e2eaeab515a70fc60656adf0d72c498ff188b922a80
2023-03-20 18:17:35,True,5.783e-10,3.283e-13,130913414374.0,0.4298,0xc6...e927,https://etherscan.io/tx/0x689895d1733818a4bacbfe9de89b8e4bc5463be37521d848c09d885d0978bed3
2023-03-20 18:17:23,False,5.843e-10,3.317e-13,1151285107710.0,3.81906,0x36...597d,https://etherscan.io/tx/0x00fe2b2b76d64570751820864bd154c8c23db5960905d089ed5a8c87cf32865f
2023-03-20 18:16:23,False,5.997e-10,3.407e-13,522806642948.0,1.7815,0x5e...4e78,https://etherscan.io/tx/0xd6f2f53e31dc58945202d0956b3b7296ed7efefd16c656c0ed66aab471bcb411
2023-03-20 18:15:11,True,6.012e-10,3.417e-13,870190326093.0,2.9738,0x54...b31f,https://etherscan.io/tx/0x9f39fd77a29e4a479b661ded832fc28b5c3d9f3b47c151343d71a4fea607be29
2023-03-20 18:13:35,True,5.849e-10,3.324e-13,681169163378.0,2.26455,0x54...b31f,https://etherscan.io/tx/0x79ef2923c1bbeed733ee62bfe6a18f08e3525d93b33bd4b54996eceaf8eb7bfe
2023-03-20 18:12:11,True,5.771e-10,3.28e-13,150886739205.0,0.495,0xb3...48da,https://etherscan.io/tx/0xdd09be85baae4bb64d695cb9dcb1f2e88e5290b85bc602df34403b80635886c3
2023-03-20 18:11:35,True,5.721e-10,3.252e-13,398193899311.0,1.29499,0x3b...b548,https://etherscan.io/tx/0xb0f85d477a29b45ac610b264c9a540ef4c96011b13bb9036ada095e3ca561175
2023-03-20 18:10:59,True,5.672e-10,3.227e-13,724201295046.0,2.33727,0x3b...b548,https://etherscan.io/tx/0x65c732af372e7ef211ad21f964f519823e7b38b8b7a266d5ec137f1bc3eb3f1b
2023-03-20 18:04:47,True,5.521e-10,3.151e-13,154479559310.0,0.4868,0xb8...ed36,https://etherscan.io/tx/0x81299da5595457945a41542f993431fca32ff6931954c1b169170336f1fca0b9
2023-03-20 17:44:23,True,5.524e-10,3.143e-13,9529121938.0,0.0299,0xbc...944d,https://etherscan.io/tx/0x17be827e11367ea248d1372f33bcd90400f1139237705645c7b55e2994105e0a
2023-03-20 17:36:59,True,5.48e-10,3.111e-13,1031531376671.0,3.20939,0x91...31ab,https://etherscan.io/tx/0x8feaf4fc5d8aae76b0dd15434575b5769197ae4839f132ce4a344fda489ad670
2023-03-20 17:21:23,False,5.32e-10,3.035e-13,205509560271.0,0.6238,0x1d...528d,https://etherscan.io/tx/0x3bb19edc2f77e091d35826a3d9c4a81133402c43f82a886960f57226d86c0843
2023-03-20 17:20:47,False,5.347e-10,3.048e-13,80719089321.0,0.2461,0x1b...ea67,https://etherscan.io/tx/0x7af8130a945322a7ada7e4f708acca3813d76e7a7badbcce8c024ae7f4afa7b4
2023-03-20 17:14:35,False,5.371e-10,3.055e-13,62569126580.0,0.1911,0x66...4832,https://etherscan.io/tx/0x7bb3a20c72d6124d6f4e1b76ce5346c0c53cf92e89ac08b848dbce9260cdd019
2023-03-20 17:10:59,False,5.392e-10,3.059e-13,22806595539.0,0.0697,0x07...56af,https://etherscan.io/tx/0x595ffb552ac6a666b02feb1558263a0d71dc4657858310f994dd4a1e424e23a7
2023-03-20 17:08:11,False,5.412e-10,3.068e-13,159170318016.0,0.4883,0x45...1820,https://etherscan.io/tx/0xfa2c1e9416c3003d42b7d10b0520d8ea88d9915e324222534d2fb59f7d58a4b5
2023-03-20 17:07:59,True,5.362e-10,3.04e-13,1151285107710.0,3.5,0x36...597d,https://etherscan.io/tx/0x3a677d71ad5a995dc18dc4e71107a47967839139db5372b53c2ad19b9152bb25
2023-03-20 17:06:35,True,5.265e-10,2.977e-13,201483493979.0,0.6,0x5e...4e78,https://etherscan.io/tx/0xf1bca5cf0137910ea0b12e98ca51aa76c3b423bbb8b25892a2384aa633e8ced3
2023-03-20 16:52:59,False,5.227e-10,2.952e-13,23393563269.0,0.069,0xd6...9214,https://etherscan.io/tx/0x8f921416d32f5f08cb5042ffb855f69ecef3006d1963801de5c4a3811e9d1de4
2023-03-20 16:52:23,False,5.23e-10,2.953e-13,13986825307.0,0.0413,0x9c...c1bf,https://etherscan.io/tx/0x8b7724ad60436937f89cd6c99d84566ef6592a393f7c7cc3a397360738e08d52
2023-03-20 16:50:47,True,5.261e-10,2.972e-13,939782472.0,0.0027,0xd7...444a,https://etherscan.io/tx/0x8a08d71cb4ba38b638d40e46a927d83f11d1c71d9cda7a36283906a238a03500
2023-03-20 16:49:23,False,5.241e-10,2.962e-13,190000000000.0,0.5629,0x7f...d8da,https://etherscan.io/tx/0x2a5c6828e7f58de69acecee779f7527a16eef1e131d8a7850d7481837270b618
2023-03-20 16:48:47,False,5.258e-10,2.972e-13,21942006451.0,0.0652,0xc9...27b6,https://etherscan.io/tx/0x3bb5610c46ca5707d7e8c87a4541791e3e63b50846847242d957d6095ba051a1
2023-03-20 16:47:11,True,5.284e-10,2.987e-13,83684270410.0,0.25,0x5f...900b,https://etherscan.io/tx/0x17e0d664d2c664460a304526160c7b3cd4bcab6897efd93fe35527aa3e2c7957
2023-03-20 16:44:11,False,5.253e-10,2.97e-13,100000000000.0,0.297,0x42...2951,https://etherscan.io/tx/0xc7c1a2e2c02cbcff8f596a7e2a2700f14954523610461f7b124a45539419e1c9
2023-03-20 16:42:59,False,5.261e-10,2.975e-13,23500000000.0,0.0699,0xd0...36c9,https://etherscan.io/tx/0x686a34360e906a6bc4b9e629d4c6239f88deeaa9d4c77b66e7c0a8ecf912ebfc
2023-03-20 16:41:47,False,5.279e-10,2.985e-13,200000000000.0,0.5971,0x42...2951,https://etherscan.io/tx/0xda8e30e9e0f0a353fdff9adb5014e4fe98cafe9a768568bb209d0400ff878d32
2023-03-20 16:37:35,False,5.319e-10,3.011e-13,362940706643.0,1.09304,0x42...2951,https://etherscan.io/tx/0x29468d5ab331ea3802ffb322585e0a98723f4deaabe4678e3c74fe395996e3e3
2023-03-20 16:32:47,False,5.366e-10,3.029e-13,25000000000.0,0.0757,0x66...4832,https://etherscan.io/tx/0xbfd1cdb6e54e86a62bc47e12d99d29ccfc98578ec22f09eae46aa356e98ba239
2023-03-20 16:26:59,True,5.363e-10,3.033e-13,332344479019.0,1.00814,0x4e...dd94,https://etherscan.io/tx/0x07c315ca501b3fab694071adabc1c790a4ab87893b35e53ef89af2f2419d2be9
2023-03-20 16:25:23,True,5.316e-10,3.007e-13,232061802122.0,0.6979,0x0f...b390,https://etherscan.io/tx/0x542cff695cb81e11ab845e6dbd468088e52927e8870471a76294fc3b948841ed
2023-03-20 16:21:59,True,5.29e-10,2.989e-13,167270001074.0,0.5,0xfa...b577,https://etherscan.io/tx/0x02acc866f7aa189412876e7550c7484fd607ac7de5d81b1e68a54705b95cf7cc
2023-03-20 16:17:59,True,5.261e-10,2.979e-13,41978464182.0,0.125,0x66...5ff3,https://etherscan.io/tx/0x137e86f43bc4764d6ca519e20a5575f28981daef0a3b371ac62da74d3479329b
2023-03-20 16:01:59,True,5.275e-10,2.97e-13,151464984430.0,0.45,0x9c...8f43,https://etherscan.io/tx/0x5f4487da5a6d3a5681b6d5519b5538e23b6699764ef37b54b59d27d1a9aa4771
2023-03-20 16:01:23,True,5.245e-10,2.953e-13,228284234338.0,0.6743,0x1b...21a0,https://etherscan.io/tx/0x31865d0cea872361d431e66e0e69dabcb5096e3ac8bd8738485aa99ce34c611d
2023-03-20 15:59:35,False,5.23e-10,2.949e-13,522576599075.0,1.54128,0x5e...e45a,https://etherscan.io/tx/0x843df1fd7e2d4e2ed0880db18a1cd26ee8429c14bce8e14b2d8cd1b10f7756b1
2023-03-20 15:59:11,True,5.287e-10,2.983e-13,165936017890.0,0.495,0xb3...48da,https://etherscan.io/tx/0xb8d0725e117d07c79dc583ecf39a18e6443c593dae8bd48e933756943d9f7b44
2023-03-20 15:57:35,True,5.274e-10,2.975e-13,6646632700.0,0.0197,0x1b...4ace,https://etherscan.io/tx/0xa856f5b46d29ad8c8b3e671eaa823bc9a3efd3b853fc879560c37a4c48471a00
2023-03-20 15:55:59,False,5.258e-10,2.97e-13,294007480783.0,0.8733,0x08...c2fb,https://etherscan.io/tx/0x0b5aaba7efc0a35f1d35be886c166cfbedf6c2a512ffd609b7981e3c55ec88d6
2023-03-20 15:55:11,True,5.295e-10,2.992e-13,196844958145.0,0.589,0xc6...e927,https://etherscan.io/tx/0x9a2babce55847ba3f6f05a8446ef65d6c4160f2523ddbe2d039d40f4aa8fa4a9
2023-03-20 15:54:47,False,5.349e-10,3.024e-13,1290860602932.0,3.90481,0x02...880f,https://etherscan.io/tx/0x1f6efdca293129ab6ee238917784d87a32c9908a8396a80be2a0ebd6bc7640bd
2023-03-20 15:42:11,False,5.461e-10,3.087e-13,58291978318.0,0.18,0xdb...b51b,https://etherscan.io/tx/0x07eda4f1ed55b8fe6abd7280285ae7f81ea3b5b99a63c686c663bb8be6c73796
2023-03-20 15:29:47,True,5.497e-10,3.109e-13,806904406.0,0.0025,0x6f...6dcf,https://etherscan.io/tx/0x47f4f099fff492b221bd5c59b74cc26b6ffcdb469d51caba5ff74294b7266920
2023-03-20 15:24:47,False,5.477e-10,3.105e-13,302393870826.0,0.9389,0xa5...5fb8,https://etherscan.io/tx/0x3ca268ede5f8ae24a43518a871037b1c3a4a602cbfb211b177e727181bcc78b5
2023-03-20 15:18:47,False,5.498e-10,3.12e-13,16314665258.0,0.0509,0x75...8d91,https://etherscan.io/tx/0x109640b8fd6e3dbd0e429104ae7b93bea34075b4a3d4dc3b2f848fe75a85bb96
2023-03-20 15:13:23,False,5.501e-10,3.123e-13,36117942889.0,0.1128,0x9f...8dee,https://etherscan.io/tx/0x4f525259bc0411b9e690f4f364ea35a39f2f40319e7390147947b46bb0166862
2023-03-20 15:10:59,True,5.54e-10,3.14e-13,53465282360.0,0.1679,0x61...7feb,https://etherscan.io/tx/0x9f6ba4c5e0eb582f1d57a13ae212bc71f426514b908d7b05a8abca3c173e8016
2023-03-20 15:04:47,True,5.558e-10,3.138e-13,5366085700.0,0.0168,0xa0...393c,https://etherscan.io/tx/0x9c1ff4cd2762d24b572a38550ac48bda8b9741fb948e2a0c58d499d6dcdae93a
2023-03-20 14:59:35,True,5.52e-10,3.136e-13,22316100001.0,0.07,0xfb...6bfd,https://etherscan.io/tx/0x25e8ff3cff122f3bc9ab53c402f16bb15bc67ac661029ca770fd1355b0733d7d
2023-03-20 14:57:59,False,5.502e-10,3.125e-13,182681256665.0,0.571,0x36...8a65,https://etherscan.io/tx/0x2489b669d4b4118a5b0ec0ac86a9b0a20172b354c933c387c7b0958fce50917d
2023-03-20 14:52:59,False,5.525e-10,3.142e-13,158832190992.0,0.4991,0x08...0082,https://etherscan.io/tx/0xd0b45be9fbd5707ad888ede5038332149dde8fba750b25cfe405578f71347692
2023-03-20 14:52:35,True,5.462e-10,3.106e-13,1290860602932.0,4.00985,0x02...880f,https://etherscan.io/tx/0x541cdcff83b3d2f7411d9d31a334e7aa98ccfb77427922769a29301caf25b954
2023-03-20 14:52:35,False,5.551e-10,3.156e-13,2691200000000.0,8.49544,0x6d...e5a1,https://etherscan.io/tx/0xb0e8747f255fea0d75caee1a15f603e44b471b7ae8044f40c98e92ba66531f05
2023-03-20 14:42:59,False,5.885e-10,3.342e-13,942822130919.0,3.15115,0x36...597d,https://etherscan.io/tx/0x2691f5d140fbeaa84b2523b5e8c78432c12c2d913c5e6e282807278a7a01fffb
2023-03-20 14:38:11,False,5.968e-10,3.399e-13,117658893065.0,0.4,0xc6...6482,https://etherscan.io/tx/0x27e653fa5f0838ce853a640955142dcb8c7da9e11d8941c84e7f729af52c5329
2023-03-20 14:28:23,False,6.07e-10,3.421e-13,271807208864.0,0.9299,0x25...8888,https://etherscan.io/tx/0xfe3b5d02b6605b50de9bee0cdab280962919ebca1542e26b9efaef9deafd86af
2023-03-20 14:28:23,True,6.104e-10,3.44e-13,914246284804.0,3.14554,0x3b...b548,https://etherscan.io/tx/0x301451316935a31eb25d9e4268f68c23a3fccc624796ff86f31890e57a0dc58e
2023-03-20 14:27:47,True,5.865e-10,3.305e-13,942822130919.0,3.11672,0x36...597d,https://etherscan.io/tx/0x41c14adad6a60c9c06c13104d6f6b73731fc8b17bbdfa18e0ac1dfe198d60559
2023-03-20 14:20:47,True,5.777e-10,3.254e-13,33003001606.0,0.1074,0xc3...46b5,https://etherscan.io/tx/0xd4bd0fa44c7046cb551b4ea60b7103fdd026982fcb875d4daec1998ffcdf1e44
2023-03-20 14:19:47,True,5.77e-10,3.25e-13,39988563489.0,0.13,0xc3...46b5,https://etherscan.io/tx/0xd4376bc07e66b9c34d43fe88552739dbcccd2d4e4475b3338c55bd40eac1316d
2023-03-20 14:18:35,False,5.732e-10,3.229e-13,4352666852.0,0.014,0x43...b0ff,https://etherscan.io/tx/0x6834eebac914a46823432092c2f2ce14d3f1c7007e644549a4ac3d67d553ffd4
2023-03-20 14:16:47,True,5.763e-10,3.246e-13,51168323911.0,0.1661,0xf7...5762,https://etherscan.io/tx/0x1966e8608b7337dfaa6fa4adf6d2e4d862a05441393301e70c10f74123f23370
2023-03-20 14:12:59,True,5.754e-10,3.237e-13,123522984981.0,0.3999,0x9e...89f0,https://etherscan.io/tx/0x9a36497b02c02e0f5b696c7a106333a4f5f60dc7454a82748bd1756787972487
2023-03-20 13:59:23,True,5.754e-10,3.23e-13,24692318365.0,0.0797,0xb1...8516,https://etherscan.io/tx/0x0985cff15375e6b566e44acf37198a608028535e4c99edce0ce0f24fd46e35af
2023-03-20 13:58:35,False,5.745e-10,3.225e-13,307625383139.0,0.9921,0x1e...8bea,https://etherscan.io/tx/0x809cb0887201adad513cecd21c2e7f53872f54ab84109319606a6f419ba7467d
2023-03-20 13:32:11,False,5.804e-10,3.261e-13,398000000000.0,1.29805,0xe1...a533,https://etherscan.io/tx/0x8c7f67d01ce91e858dc50d97af63e9d9bd7a0fe1b1f2de94b106238719a42add
2023-03-20 13:27:23,False,5.845e-10,3.283e-13,34782672060.0,0.1142,0xd3...ce3c,https://etherscan.io/tx/0xc7a6e5b37b5388f68f8344c986927bab88b9d07256656391fe26288b23153b43
2023-03-20 13:23:23,False,5.848e-10,3.288e-13,60810992500.0,0.2,0x13...3119,https://etherscan.io/tx/0xe454c19b38fc1968549ecb2c908ff26dd24cbbf750e4fe863fd3e437338cc19a
2023-03-20 13:22:35,True,5.887e-10,3.311e-13,16611178359.0,0.055,0x3c...c5c9,https://etherscan.io/tx/0x53173eb6de267b1ec38abbb11a969524d1b44b409ab75e9400bb985f6da43554
2023-03-20 13:18:59,False,5.866e-10,3.308e-13,349271706829.0,1.15566,0x97...0896,https://etherscan.io/tx/0x41f7582c2125ac4d288ca70df37a8d74e69403c92e4a519899a44e7c0431647b
2023-03-20 13:17:11,False,5.918e-10,3.336e-13,170842763404.0,0.57,0xdb...b51b,https://etherscan.io/tx/0xfb718acfdfc273033a8d667fc0bd2f18ad83600aacf1b12316d663f39d993b47
2023-03-20 13:07:11,True,5.963e-10,3.357e-13,148914116318.0,0.5,0xa5...a225,https://etherscan.io/tx/0xaf172ffc0a72667901fe2064ac51b710f8a04e3f4621920bf2e5a5607e9cf4c6
2023-03-20 12:58:47,False,5.925e-10,3.33e-13,15000000000.0,0.0499,0xe5...db38,https://etherscan.io/tx/0xaed40b58053dac49b2cb30a311b7ceea95f3020168d404dba44f352d4718c170
2023-03-20 12:56:59,False,5.93e-10,3.332e-13,34000000000.0,0.1133,0x8a...4bcf,https://etherscan.io/tx/0x3195de77cf5ecf207130264aedaf4749a48d1668d002300f8120365e8243f114
2023-03-20 12:46:23,True,5.829e-10,3.278e-13,107430804516.0,0.3522,0xdb...7bf3,https://etherscan.io/tx/0x2599661704ad441a590a8a0b2522d2e7cb8b2ffb1b656b96683a37e3ec732be8
2023-03-20 12:43:47,False,5.828e-10,3.271e-13,340676759570.0,1.11446,0x49...e80d,https://etherscan.io/tx/0x66a4f521597652254192df6aa12e0769940774eb16b7bfd7df00cb9924aca5e2
2023-03-20 12:42:47,True,5.884e-10,3.302e-13,112277358070.0,0.3708,0x76...7d5e,https://etherscan.io/tx/0x05692074a0d895235dd43356d0a5ae0e8c73548ae4194b89e59dd0e21f69a863
2023-03-20 12:42:35,False,5.945e-10,3.337e-13,1126350214654.0,3.75878,0x36...597d,https://etherscan.io/tx/0x25918c201a45fd7b3ff29b3dc2444738ab67e17dd3a0a101eeadce851d28c27e
2023-03-20 12:41:47,True,6.086e-10,3.415e-13,58562629098.0,0.2,0x5b...e954,https://etherscan.io/tx/0x4f109874c724d6262604cf70f00baf4c1eeb5daa6ca6cfdc6123838f67117969
2023-03-20 12:40:47,False,6.091e-10,3.416e-13,458552585041.0,1.56681,0x41...fef6,https://etherscan.io/tx/0x962599017d7f154108b4a9b8ba5ef350b529d63679fe570b8baebcf6464f1f22
2023-03-20 12:40:11,True,6.143e-10,3.445e-13,307625383139.0,1.06,0x1e...8bea,https://etherscan.io/tx/0x228502c0f9dd93f08bd4659077a7ca8d702b0e07ddcbb2cc9d522676e3ea0d57
2023-03-20 12:39:47,True,6.091e-10,3.417e-13,204850646650.0,0.7,0xfa...b577,https://etherscan.io/tx/0x8e6aaed7e80363206c0f88f4896e63c8e87df678f5e8c16a4ffff23e95009cf8
2023-03-20 12:36:23,True,6.061e-10,3.4e-13,101603862631.0,0.3454,0xbb...0cae,https://etherscan.io/tx/0x933e088cc11b97f17540234b66a659bff7d26a84babf475dfb37de302c03d05d
2023-03-20 12:33:47,True,6.043e-10,3.386e-13,149498820148.0,0.5062,0x35...1888,https://etherscan.io/tx/0x5bc95bc8fb44fbb61946427d1f1fbee0be2c67d44d8d78a347dfa9ee1e9f5621
2023-03-20 12:32:35,True,6.027e-10,3.376e-13,28736590001.0,0.097,0x72...f865,https://etherscan.io/tx/0x15bfeca57fea7c6c64f2ba0ab2488cc4ccd6145dcde48c3854365e5820d3482b
2023-03-20 12:31:59,True,6.021e-10,3.372e-13,667115770299.0,2.25,0x7b...b5d7,https://etherscan.io/tx/0x9148ec71eae3018e7c3b8c91b8b127949695f24e8da4f657bce6186799a3275b
2023-03-20 12:31:23,True,5.9e-10,3.304e-13,605194826554.0,2.0,0x7b...b5d7,https://etherscan.io/tx/0x99c38b104aa05ceecaaf0ae7c933432c35facbec3c6aaae3b2998832045369bc
2023-03-20 12:27:35,False,5.748e-10,3.221e-13,6146406443.0,0.0198,0x6a...bf25,https://etherscan.io/tx/0xe87fa9f23d23cc8327e2b0ad6cbe08a3794f471b304d2958487991ee25094da1
2023-03-20 12:23:23,False,5.775e-10,3.236e-13,300000000000.0,0.971,0xa9...a096,https://etherscan.io/tx/0xe4d258c59eea74a27598d335fcf5e7b1fbe2f64d47aff061829d00c6bd918106
2023-03-20 12:21:47,False,5.813e-10,3.26e-13,152534673658.0,0.4973,0xbc...7b00,https://etherscan.io/tx/0xf11e9b621b044ea5bfb90354f675fe96afbbff17e3739d43e59686f422545b1d
2023-03-20 12:21:35,True,5.831e-10,3.271e-13,320595707411.0,1.04869,0x41...fef6,https://etherscan.io/tx/0x28db80dc0feecdbb91d9b188c68368e4c7e9d52b0143587fb81f6f10e98f73e6
2023-03-20 12:19:23,True,5.773e-10,3.238e-13,305673039124.0,0.99,0xb3...48da,https://etherscan.io/tx/0xfc42b7147faf65f4cf30353d1bb9740c03c7c38d5f7b8699edbd5d8a13ede33d
2023-03-20 12:17:59,False,5.718e-10,3.214e-13,217081346966.0,0.6978,0x76...7d5e,https://etherscan.io/tx/0xaec15bd8170121e44fcbbfe8b8a41b0effa540e59d750574d53901300fbb6d6c
2023-03-20 12:17:59,True,5.732e-10,3.222e-13,1086707667697.0,3.50205,0x3b...b548,https://etherscan.io/tx/0x3f727f903a5ced72f4f820517c6cc6063f54762c57d567504521a0d6acda2b35
2023-03-20 12:17:11,False,5.546e-10,3.119e-13,106583723707.0,0.3325,0x65...718c,https://etherscan.io/tx/0x88ed101b8f38858264243ec62954c68734133d2279596ba298567c337f861a24
2023-03-20 12:17:11,True,5.498e-10,3.092e-13,1126350214654.0,3.48308,0x36...597d,https://etherscan.io/tx/0xe7bbb47166bf903b9dbda3727371777c2514d67288829866b6248862adc30240
2023-03-20 12:10:11,True,5.403e-10,3.037e-13,32921320590.0,0.1,0xa3...35f9,https://etherscan.io/tx/0xdb2c737caf358564b9bc2fead3236d2561c4625ecd40d98bc9146d6611b135a0
2023-03-20 12:00:59,True,5.387e-10,3.035e-13,14654766904.0,0.0444,0x85...dd01,https://etherscan.io/tx/0x0f5cc4ac743f376aa0bfc4336bdf887b07488e76f95f04bca47cb5354565c2ac
2023-03-20 11:35:59,False,5.376e-10,3.022e-13,123431358962.0,0.373,0x3c...5205,https://etherscan.io/tx/0x4c3e21b05d6484437d7b69d65ccfcf04356c4df58c44064631398a8404120665
2023-03-20 11:34:47,True,5.418e-10,3.045e-13,11492051364.0,0.035,0x95...1ea5,https://etherscan.io/tx/0x01be399872d290abe1ab213de4f457440f4147958b417e32531d9f2b0c231af5
2023-03-20 11:22:11,False,5.39e-10,3.042e-13,333333298960.0,1.01411,0x4e...dd94,https://etherscan.io/tx/0x111c55d6530f2a94f7bafdec7de8bef42f27e63d1eb3b6dfb7ec94f79bed9073
2023-03-20 11:09:35,False,5.466e-10,3.067e-13,206289918882.0,0.6328,0x35...1888,https://etherscan.io/tx/0xedd90bb8fc08ff8c8bde11a0be6f294acdf4e985f93db3a9b3af0753f5d7e154
2023-03-20 11:08:11,True,5.513e-10,3.095e-13,18474677198.0,0.0571,0xc9...cc1e,https://etherscan.io/tx/0x4d3abf06ee3a40048368712732f30285a8c74ce12c3c407e718b482c92e3a710
2023-03-20 11:01:59,False,5.489e-10,3.085e-13,200000000000.0,0.617,0x42...2951,https://etherscan.io/tx/0xc626e58ffe6391d05c48deab17d1053a33e9ad6c2f8c762effc3e2790a1a7494
2023-03-20 11:01:47,False,5.52e-10,3.102e-13,165000000000.0,0.5119,0xc1...529e,https://etherscan.io/tx/0xbca737ca003240342477f51c61e34f1fd3503f97e6420e08665849d821d91ffb
2023-03-20 10:57:59,False,5.542e-10,3.115e-13,100000000000.0,0.3115,0x42...2951,https://etherscan.io/tx/0xe285860458835a32461c31009e3e93002b50fc3adb3151e0d828ac0730c9d509
2023-03-20 10:54:23,True,5.58e-10,3.138e-13,3535336300.0,0.0111,0x1f...104e,https://etherscan.io/tx/0x97875214d24a49264433ea9f2aca8855ea6cba53a9c85f2d3c018fe0270894ba
2023-03-20 10:52:47,True,5.578e-10,3.137e-13,17117116351.0,0.0537,0x6b...2fec,https://etherscan.io/tx/0x44f4ffa9320b29402a617d617d85faa39c612f946fcd545476c42d9c1a006c71
2023-03-20 10:49:23,False,5.553e-10,3.123e-13,100000000000.0,0.3123,0x42...2951,https://etherscan.io/tx/0xa4d948357fc9364f7faebf0e3b11ac2673af33db79db7c11d4489fedd327b52f
2023-03-20 10:41:59,True,5.592e-10,3.146e-13,4752907211.0,0.0149,0x0d...2af2,https://etherscan.io/tx/0xdccf6b848028d7ae29f005ced41a17a2916ccc4e341c44ba5162166f9b65f30d
2023-03-20 10:41:11,False,5.558e-10,3.128e-13,31959401345.0,0.1,0xa3...35f9,https://etherscan.io/tx/0x1d261a002c0b791af2bb0f4cad9a6aeb50593641120eee3d9a225913d011cd19
2023-03-20 10:35:23,True,5.62e-10,3.149e-13,5118542574.0,0.0161,0x9d...4047,https://etherscan.io/tx/0xa0f2248d8ce985450dbdf4a1fe6524a647488d313302dbc6d39d6d2bbc27c0f7
2023-03-20 10:33:11,True,5.611e-10,3.144e-13,95413716905.0,0.3,0xaa...bd72,https://etherscan.io/tx/0xdde1d1eba8d9c46eea5791a0f6a18cd3a002bb22a5ae2ee36725d2fd7d6bb080
2023-03-20 10:27:59,True,5.584e-10,3.134e-13,95698091498.0,0.3,0xe9...1de1,https://etherscan.io/tx/0x8e729a0bf85c5cc513dab72d34d32c5da1e8a807aea2fcd0d50c9bd125ba0b1a
2023-03-20 10:27:59,True,5.571e-10,3.127e-13,63397115766.0,0.1982,0x2d...1ec7,https://etherscan.io/tx/0x186f37764152673ae97612fe87250bceb613dc5b3f8626756cd99bda1e4960d2
2023-03-20 10:21:35,False,5.582e-10,3.133e-13,579754978001.0,1.81666,0x73...9158,https://etherscan.io/tx/0xb47a3420f166d5ea1cc7c14ef7c30ba8a51076ee402f69ed338370f252ad993f
2023-03-20 10:13:11,True,5.655e-10,3.172e-13,164291136818.0,0.5212,0x15...5c2b,https://etherscan.io/tx/0x4b6d91e6c81dd35657fb5be122131c1a159d8707f92175b4071e130d48d06276
2023-03-20 10:10:59,False,5.614e-10,3.151e-13,126908806879.0,0.4,0xa4...c830,https://etherscan.io/tx/0xd838c741dd1a1107f6a18a148a136a95cf5661c21a17ede5936ef3080dc32fe8
2023-03-20 10:09:47,False,5.626e-10,3.158e-13,7598584711.0,0.024,0x75...8d91,https://etherscan.io/tx/0xe13c9e357c3400abcc3491389e4ce32bc3fa066918e4f49282d7e92859be075f
2023-03-20 10:09:11,False,5.644e-10,3.169e-13,217759410709.0,0.6902,0x9c...8f43,https://etherscan.io/tx/0x596fd3c0a54899f8c4326b73da295155064f731d204796d7b3e428e60a0f9e74
2023-03-20 10:04:47,True,5.732e-10,3.199e-13,5313565539.0,0.017,0x56...acd6,https://etherscan.io/tx/0x45e4abefd13a0a6894deef7d0598224884edd1ce8db4c381ffbd3aa34a061331
2023-03-20 10:02:59,False,5.695e-10,3.184e-13,90654737104.0,0.2886,0x23...d0b2,https://etherscan.io/tx/0x9375ff6770f7eaa3ac414c6de8d45456c2d4cf0d70dda5b46ef48df1da241844
2023-03-20 10:02:35,True,5.711e-10,3.195e-13,570042115947.0,1.82163,0x3a...8df8,https://etherscan.io/tx/0x60f439991ea928e822a4f42fece233eff06eafe1c9084c8afce564adc09d1acd
2023-03-20 10:01:35,True,5.636e-10,3.151e-13,1586665287.0,0.005,0xc8...d4fb,https://etherscan.io/tx/0x0f0bd17669cd2f1e126b488f6316336f9f0a59813f064f4f7ebd392a1857614a
2023-03-20 10:01:11,True,5.623e-10,3.143e-13,152687041141.0,0.48,0xd6...0abc,https://etherscan.io/tx/0x7f254d49ae6972530a03ae52fef2e1f4355722d107e32536d234e70bb58bc3a5
2023-03-20 09:59:35,False,5.597e-10,3.128e-13,234589795777.0,0.7339,0x42...2951,https://etherscan.io/tx/0xeb7778ad426b2e1882b8ff317f071a55b697f2c9553a799f7c55471d00782a57
2023-03-20 09:59:11,True,5.65e-10,3.158e-13,15830787164.0,0.05,0xc8...d4fb,https://etherscan.io/tx/0x1a2c57f8105240be7787dfbfb9e753013a93779ff5cd2595bba2a0234431479a
2023-03-20 09:51:11,False,5.618e-10,3.15e-13,237479033349.0,0.7481,0x11...6fdf,https://etherscan.io/tx/0xdc96051094a2a71787f2cedd13166b62b2b5dcdef1986673b067dd9ca2d5ba4a
2023-03-20 09:45:47,True,5.669e-10,3.179e-13,27160710863.0,0.0863,0x8d...b484,https://etherscan.io/tx/0x0be1105e40b75eaaea1dbbdfc358e27c7a0462003e600cb99f4d024b83771309
2023-03-20 09:44:59,False,5.634e-10,3.16e-13,18256824311.0,0.0577,0x23...cc12,https://etherscan.io/tx/0x1a9b987497d58cc2f49365d4ebf228db8eda467539eb092485e67108c91d2216
2023-03-20 09:35:35,True,5.678e-10,3.178e-13,28312574440.0,0.09,0x0d...9612,https://etherscan.io/tx/0xfb764624badca84a14f259fad36ec5411124a37a657dd13bc58201464d7ff8ae
2023-03-20 09:35:35,False,5.693e-10,3.186e-13,574098291008.0,1.82964,0x4c...ba81,https://etherscan.io/tx/0x43e3d3d0de0b3e2d40fa5525bd9937bc51ae5624aa78569a6f5b91bc9043b186
2023-03-20 09:34:59,True,5.775e-10,3.234e-13,21924028411.0,0.0709,0x5a...27b8,https://etherscan.io/tx/0x0b6afe7030c9976eaac2e55a56faebc30d32cbebdcba3ba6f012e58a4f6596a8
2023-03-20 09:34:35,True,5.765e-10,3.229e-13,65065063917.0,0.2101,0xa6...69fd,https://etherscan.io/tx/0x404fa5dd56e29a1d409d20c408cb93e1bc1885934e50df61ada701aca72682fd
2023-03-20 09:32:47,True,5.76e-10,3.224e-13,31010706533.0,0.1,0xc8...d4fb,https://etherscan.io/tx/0xb2f6ca0edaa7fb2d62ef9874cebcb67d7222aab44f28f9f66d01a5caf8241493
2023-03-20 09:28:59,True,5.76e-10,3.222e-13,13272630848.0,0.0427,0xef...b0f3,https://etherscan.io/tx/0x665ae56e8ee0fc011c3345d105c2c44499d1fa32dd622e490d227543e4d3195a
2023-03-20 09:24:47,False,5.722e-10,3.208e-13,110000000000.0,0.3528,0x82...c38e,https://etherscan.io/tx/0x25cf67d5f93cff24e490fbb37995e726d50de1d67e88df07d3fb249f16aa4a07
2023-03-20 09:22:59,True,5.76e-10,3.229e-13,61084207245.0,0.1972,0x0e...362e,https://etherscan.io/tx/0x533b6598c31752a69d439f8a8c13eff29a23a321084426b6fb7b23ce27817eb6
2023-03-20 09:22:23,True,5.731e-10,3.21e-13,311439139300.0,1.0,0x42...d7b3,https://etherscan.io/tx/0x251e1c2e03ab3865f46629565b3a680e1f6371d62430734e4f38a9b42b77fb21
2023-03-20 09:17:59,True,5.687e-10,3.19e-13,94029374884.0,0.3,0xc5...3750,https://etherscan.io/tx/0xd4aa0bafe3f2ab368b4edebba9ad1b4dc0d697b076fe9a6930ac56f96456621a
2023-03-20 09:13:35,False,5.675e-10,3.168e-13,31562932900.0,0.1,0x81...7cda,https://etherscan.io/tx/0xdc107bbacec4025f845b244cfbe8b31ad1635cd469beb5041cb324bfe52d8209
2023-03-20 09:13:11,True,5.71e-10,3.186e-13,40434869352.0,0.1288,0x3a...4000,https://etherscan.io/tx/0x4a7016f46161de60cb20e6585250e9cb10ec24043d71bb06702fca510f9a82db
2023-03-20 09:11:35,False,5.701e-10,3.172e-13,130026171845.0,0.4124,0x68...136e,https://etherscan.io/tx/0x8ad9de34a193b132ce4e2836cb648d2728e80ed88e5cddb95b85e63efc2604cf
2023-03-20 09:10:11,True,5.75e-10,3.193e-13,96459774614.0,0.308,0x66...5ff3,https://etherscan.io/tx/0x395964a384233bfa65e95cdde3cd8e1edfd4d3af3b178b924b9d15bf1507dcbc
2023-03-20 09:05:47,True,5.739e-10,3.187e-13,13013129073.0,0.0414,0xcf...90a4,https://etherscan.io/tx/0x852bb595ca6799f2c57439b49e506aac5ff66989f2c2682655db5e35df2b88d2
2023-03-20 09:04:23,False,5.72e-10,3.18e-13,250000000000.0,0.795,0x5e...4e78,https://etherscan.io/tx/0xf5897d9884872e620c8414c1eb7d6298054679fee55e2cda7ee59818c6a3df8c
2023-03-20 09:03:59,True,5.759e-10,3.201e-13,203015070590.0,0.65,0x98...2a9c,https://etherscan.io/tx/0xdef3008f2cc232d34ba3e2737d8a9eaceca6e24693817115787288baca4d9a3e
2023-03-20 08:54:23,True,5.703e-10,3.182e-13,175215371497.0,0.5576,0x17...c44c,https://etherscan.io/tx/0xcae563842b563f0c374e25bd5a607afa03e7d3afa59141c16d54a1a06fe913bb
2023-03-20 08:50:11,True,5.633e-10,3.156e-13,356417714474.0,1.125,0x82...ebd2,https://etherscan.io/tx/0x0d94b3c8a10d23ecbbe18edbde528c7ee8b39b83468a3321068f2707e3d1f065
2023-03-20 08:42:23,True,5.577e-10,3.131e-13,159687371740.0,0.5,0xd5...24a6,https://etherscan.io/tx/0xd69d9555cbb2703ccce7e657aaac1f2a36583bf6d3f26569771f4a5eeb5c0893
2023-03-20 08:27:35,True,5.503e-10,3.113e-13,500000000000.0,1.55666,0x3a...8df8,https://etherscan.io/tx/0x4bfa79cc4f7e112dbbf450b2a6f6d41ac122451c750170429e6692fae7caeae9
2023-03-20 08:24:23,True,5.528e-10,3.126e-13,234589795777.0,0.7335,0x42...2951,https://etherscan.io/tx/0xd2093d69bde88cd6c237f2bcc272ef09d6585ae6a4cc96311e2efa112ce7391d
2023-03-20 08:20:59,False,5.392e-10,3.048e-13,303089534416.0,0.9241,0x94...ca76,https://etherscan.io/tx/0x5293d66e09c19a4c59af3bed99d82039b76c67bb968a0be755b00ec3b51f4586
2023-03-20 08:17:11,True,5.398e-10,3.048e-13,1023138076749.0,3.1195,0x8a...4bcf,https://etherscan.io/tx/0x3bff0ea7741d4a7df99502e469b5cce657717e5d8565416f0afb12fdb19f52fa
2023-03-20 08:14:47,False,5.284e-10,2.985e-13,367574510124.0,1.0973,0x26...5b02,https://etherscan.io/tx/0x16b20fd6621c761b1429cdf3a04a2baf0ce6750039c980759673031d76f65ffb
2023-03-20 08:13:59,False,5.327e-10,3.008e-13,152299165345.0,0.4582,0x66...1315,https://etherscan.io/tx/0x2588448558f77908b3ba51268ef9e3e8ef508b9d7d869f1ecb4bd1bfe70d44af
2023-03-20 08:12:47,False,5.372e-10,3.034e-13,400000000000.0,1.21379,0x8a...4bcf,https://etherscan.io/tx/0x88624f69ba06e7205a9d9bdb424e26627b8fc1a28b6c5b48561728e97bd593a4
2023-03-20 08:11:35,False,5.426e-10,3.074e-13,456897496035.0,1.40482,0xc6...fed0,https://etherscan.io/tx/0x08627da4b84b89a43242d8e100069add1c2bfe5948e971d9218147baca9a8759
2023-03-20 08:05:47,False,5.473e-10,3.105e-13,180000000000.0,0.5589,0x8a...4bcf,https://etherscan.io/tx/0xb3bb77907deed4fad59f7995a1b7eee1ea5a4f41fd1075d228e13bd45a1f60c0
2023-03-20 08:04:59,False,5.493e-10,3.116e-13,47707047771.0,0.1486,0x83...ec6b,https://etherscan.io/tx/0x8ac9507e3964c0655753f8d16530130169ff78fe22a490bbaaeddbc2f0215c06
2023-03-20 08:03:59,False,5.509e-10,3.125e-13,141337789831.0,0.4417,0xab...9b2f,https://etherscan.io/tx/0xaf30b813e3e6da6444b8be063fdc2d957246a709a2a6abab989bf56b6a412986
2023-03-20 08:03:35,True,5.549e-10,3.147e-13,63536270539.0,0.2,0x1e...8080,https://etherscan.io/tx/0x63f966c77538367ea231901db799c577fb99cfce6dfca666a905b4c95037ecf1
2023-03-20 08:02:23,False,5.521e-10,3.135e-13,200000000000.0,0.6271,0x8a...4bcf,https://etherscan.io/tx/0x6efc64dc38f381fffb90d340569c9df83d36e34f74da4bc86cefb14fb3d81cfa
2023-03-20 08:00:59,True,5.55e-10,3.155e-13,180003651822.0,0.5679,0x6d...a4dc,https://etherscan.io/tx/0x5611aebce7e8fed5e2e45ea2897a1148417661cfe2340627e72009b9ad4f6796
2023-03-20 08:00:35,False,5.533e-10,3.145e-13,587672505212.0,1.84872,0x1b...3fd3,https://etherscan.io/tx/0x41b356fd6f9ba774efa7940f6050d027a67494ae25e7b4cd76ba984281ad03da
2023-03-20 07:57:59,True,5.628e-10,3.195e-13,177589453340.0,0.5675,0x45...e039,https://etherscan.io/tx/0x2e1f1980a6ae688d23f0a5825aced64d58df1204cb5354401437733b59f1bc40
2023-03-20 07:55:35,False,5.6e-10,3.177e-13,200000000000.0,0.6355,0x8a...4bcf,https://etherscan.io/tx/0x8e78f098e357e38be63e2e1f8da8a426954cf85fd492cdd7a6b58e1535fbaa13
2023-03-20 07:51:47,False,5.611e-10,3.197e-13,200000000000.0,0.6395,0x8a...4bcf,https://etherscan.io/tx/0xe53621351aa933c7f6577c933eb41829a26df900394a14dea6261e5ad6d00344
2023-03-20 07:51:35,True,5.66e-10,3.226e-13,24798350807.0,0.08,0x6e...00a3,https://etherscan.io/tx/0xad1d8f45ea87103497b18e80440c3caf52ce944164dee69ff137a46bc57f8926
2023-03-20 07:43:23,False,5.636e-10,3.209e-13,89738754420.0,0.288,0xb8...626f,https://etherscan.io/tx/0xd71299003488dc6892f60182fcff014beb8e2243e26ef054d83b57b0cebb54f9
2023-03-20 07:38:35,True,5.68e-10,3.231e-13,46417871959.0,0.15,0x1c...bbc3,https://etherscan.io/tx/0x478a164f4220390e0a2b31b0b42a9bd50add8b712a929608f67b7dd87761fde2
2023-03-20 07:36:23,True,5.661e-10,3.22e-13,177812772265.0,0.5725,0x72...82e9,https://etherscan.io/tx/0xb171eb0d28e002779a80676192ce403fdae608a70489f005be6ac65a379aeee0
2023-03-20 07:34:59,False,5.619e-10,3.194e-13,56460434746.0,0.1803,0x58...0f94,https://etherscan.io/tx/0x56577711b77882efdfaa9cee2b41ef17ba298a7f827f9bd255ab2a25d1434efa
2023-03-20 07:29:47,False,5.654e-10,3.21e-13,472982631056.0,1.51845,0x41...fef6,https://etherscan.io/tx/0x635daed594318086ea794f6415a9d7fc70965388f86afff703712913e3918eb9
2023-03-20 07:28:59,False,5.737e-10,3.257e-13,234186854977.0,0.7629,0x42...2951,https://etherscan.io/tx/0x95347b08fd41356c1143abf8d913f4a265e0a7ced94c9eff6170c48c971b5ca1
2023-03-20 07:27:59,True,5.791e-10,3.288e-13,21287194880.0,0.07,0xb9...a6df,https://etherscan.io/tx/0xb643ff17ed93ab6558dcdc8eacdc79329db3fcec532db33dd2853aa48943d5c0
2023-03-20 07:27:59,True,5.781e-10,3.282e-13,85293614743.0,0.28,0xc4...70fa,https://etherscan.io/tx/0xd41469409b5225ca556724b8d4a8b0f37755b51f1f37c82966dd9b6efe6c056a
2023-03-20 07:27:23,False,5.752e-10,3.266e-13,143579046802.0,0.4689,0x05...904e,https://etherscan.io/tx/0xa2576e07adc08d7eb544bf09e6345255516a879203fbdc04cc6a725a1a1f8a46
2023-03-20 07:21:23,True,5.793e-10,3.287e-13,111831257002.0,0.3676,0x0b...b7ee,https://etherscan.io/tx/0x42c274a292db0000c652724e02fd6a1f9f715144f274e5c264ef5aa50e243984
2023-03-20 07:20:35,True,5.78e-10,3.279e-13,31632446366.0,0.1037,0x0b...b7ee,https://etherscan.io/tx/0x33ab3c57057d7756137e66fc989342469201d2843b10e3b1d0246171abb584aa
2023-03-20 07:19:11,True,5.759e-10,3.268e-13,196678412420.0,0.6427,0x41...fef6,https://etherscan.io/tx/0xed5a154583ab46a233eb7fabb598d0ee0122a56c3b542aada5cf3a26d46681da
2023-03-20 07:18:59,True,5.732e-10,3.252e-13,104277652568.0,0.3391,0x0b...b7ee,https://etherscan.io/tx/0x32fbc6140694652978664e3337e13228f46154086f325189a1e73c0042f6518f
2023-03-20 07:18:23,True,5.721e-10,3.246e-13,12404733264.0,0.0402,0x94...c140,https://etherscan.io/tx/0x814106607e0c04039604d443814f9bc7dc5058fc9111a8f7134def6f986f3b41
2023-03-20 07:09:35,False,5.687e-10,3.227e-13,17338003503.0,0.0559,0x14...09d1,https://etherscan.io/tx/0xd4e3c1feb98bff0892a5a6fed89b349ce01aeae199aa46ae61fd754eed3b3669
2023-03-20 07:03:47,True,5.721e-10,3.247e-13,6158974883.0,0.02,0xb9...a6df,https://etherscan.io/tx/0x80daba7463622b125ea93f912f3ad0b2dff5456b36c7a5f3d4e793678335bffa
2023-03-20 07:01:59,False,5.726e-10,3.253e-13,500000000000.0,1.62663,0xa8...b29d,https://etherscan.io/tx/0xc5cea8674cd653de073fef12927f0bdcd0cffbbd0f53c3c56600168378098cb5
2023-03-20 06:47:23,True,5.767e-10,3.287e-13,212916005109.0,0.7,0xce...3df8,https://etherscan.io/tx/0x89687ff3e08fe190cfc0a6b5ceaae08f16d2816ce92818fe016e9186ed3ff413
2023-03-20 06:43:11,False,5.718e-10,3.259e-13,47907584359.0,0.1561,0x06...2b35,https://etherscan.io/tx/0xb687eb28ad8f6730856de3dcedfd086efa531d0ab456db1a60b51e7882bc285d
2023-03-20 06:41:23,True,5.747e-10,3.276e-13,91553800001.0,0.3,0x5b...2d86,https://etherscan.io/tx/0xcd084895d7a25db549b345bfe9b96da358c5d6ff8b2919640a39638a6fd57323
2023-03-20 06:40:35,True,5.939e-10,3.386e-13,313787419771.0,1.06258,0x9b...33ba,https://etherscan.io/tx/0x3bd1bdd76fee786da57f609d105f6ae2fb13473028157ac7e8c3d0208790de88
2023-03-20 06:40:11,True,5.655e-10,3.223e-13,305382896955.0,0.9844,0x6c...c663,https://etherscan.io/tx/0xed305f83545ed6907bb5cecb5f3211c3e3dbc379856822ca08a2dde1f4c42bab
2023-03-20 06:38:47,False,5.605e-10,3.193e-13,86382925998.0,0.2758,0x27...b7fa,https://etherscan.io/tx/0x4a2d165fd517efe461eefd9450ab20653378639d847d5fff6e4316bd2e727753
2023-03-20 06:37:23,True,5.639e-10,3.212e-13,81076330608.0,0.2604,0x0f...6aa6,https://etherscan.io/tx/0x0a6affd2ae53d8475c2c0883b1ee6b7d5395752661199754c7cd2340209f2bbf
2023-03-20 06:36:47,True,5.631e-10,3.208e-13,6233800057.0,0.02,0x23...7534,https://etherscan.io/tx/0xb341cb2afe2303ec578ecde2e327b60cf7d902c53ee4162a618beacedeebcaf3
2023-03-20 06:34:47,False,5.658e-10,3.223e-13,902000000000.0,2.90754,0xaf...db21,https://etherscan.io/tx/0xeef101d98f5a1db4d6a32fe6a66f6a19f2399a5c22b688d7bcfd970e5b1122df
2023-03-20 06:30:23,True,5.782e-10,3.295e-13,97527518719.0,0.3214,0x76...7d5e,https://etherscan.io/tx/0xb23b96b49a57140c09003be0b92e93c26b74e6704bb85249e14cf788de900513
2023-03-20 06:30:11,False,5.82e-10,3.316e-13,873862710221.0,2.89857,0x02...880f,https://etherscan.io/tx/0x5e09611b1b8aa3c07c2ab2a2a289ba528c6fa9b413fdfa85f15dedbb5dbd6e39
2023-03-20 06:29:59,True,5.909e-10,3.367e-13,296937442765.0,1.0,0x11...13f1,https://etherscan.io/tx/0x047286091815da5503874970048b2c4893d2ffeb87adb41b852a00d75e5e479c
2023-03-20 06:24:23,False,5.868e-10,3.345e-13,262500000000.0,0.8782,0x2e...f345,https://etherscan.io/tx/0xd8ea1e9a58d58d08c18ac6ea4f3d275f7207a208a3e4830ca8d1bf44c1cec044
2023-03-20 06:21:59,False,5.928e-10,3.378e-13,350000000000.0,1.18261,0x2e...f345,https://etherscan.io/tx/0xbeed0e2e704b25195ecd565cfc6071867fdad03b30a2d2f850a6c43f8c4abd10
2023-03-20 06:17:11,True,6.004e-10,3.419e-13,292452420447.0,1.0,0xaa...83cd,https://etherscan.io/tx/0xe8c20256ee29ddd1f608f192d1d8b350290e566ef7db21ab3b1b05712674dc2b
2023-03-20 06:13:35,True,5.94e-10,3.385e-13,16104517338.0,0.0545,0x99...5f25,https://etherscan.io/tx/0x0fc3a1be8249bfe94f633a871c30ebb56dd63211827f3537a5b681f5b5c8f513
2023-03-20 06:12:23,True,5.921e-10,3.377e-13,125632942150.0,0.4243,0x41...fef6,https://etherscan.io/tx/0x8e2d693223db99b375f343bdc73d1fabefde3919cad3bba8a623868e721a45e8
2023-03-20 06:11:23,False,5.883e-10,3.355e-13,85658081703.0,0.2874,0x59...5b88,https://etherscan.io/tx/0xdceb7bde77619a18ce09a45003dd89569294ddf1d3d71f7819d80e8bd79cf0dc
2023-03-20 06:10:35,True,5.919e-10,3.375e-13,83006715825.0,0.2801,0x41...fef6,https://etherscan.io/tx/0xbdca7ff11f1d95932e584ff62f5e944728266b4cfb906fd882a1a939daf0154a
2023-03-20 06:03:59,True,5.887e-10,3.361e-13,182681256665.0,0.614,0x36...8a65,https://etherscan.io/tx/0x4e6b8b0c03bfd3470d2e4e7e7fe4538d3f087842c468897667d545adfaa2203d
2023-03-20 06:02:47,True,5.862e-10,3.346e-13,85058376374.0,0.2846,0x6d...a4dc,https://etherscan.io/tx/0x1480b582e39e7c6bd8a11da5d1a41e061cf60847e101b0c9b737a2a2bf26e781
2023-03-20 05:59:11,True,5.85e-10,3.338e-13,67892347919.0,0.2266,0x88...355a,https://etherscan.io/tx/0xfb824c98fa60a8a08f6f5526ad5bc796fb1dc705f883db780fedfd953a7d74a1
2023-03-20 05:59:11,True,5.842e-10,3.333e-13,15871480480.0,0.0529,0x33...05fc,https://etherscan.io/tx/0x9cf25983ce26584a9e8d4160b7a00375e092348d7cb013027b4bb4005a8e844b
2023-03-20 05:58:23,True,5.84e-10,3.333e-13,300028183.0,0.001,0x98...8c32,https://etherscan.io/tx/0x7cb00c4c4b51bf21b688207048ffd55cd7d52f7acb64e42365e11c7084f98348
2023-03-20 05:58:23,True,5.84e-10,3.332e-13,300031073.0,0.001,0xc0...6783,https://etherscan.io/tx/0xf0bb6e1f72aef318381c386290661a35ace810347caae4d15e404074ea5a9727
2023-03-20 05:58:11,True,5.84e-10,3.332e-13,191544111.0,6.384e-05,0x38...d878,https://etherscan.io/tx/0x00efa1a57cbf4da4f970dcf9d1f73c1701c2ad48dd44ca8c3f82d5310c7aad4e
2023-03-20 05:57:47,False,5.806e-10,3.313e-13,4769123091.0,0.0158,0x7f...d8da,https://etherscan.io/tx/0x470fd8a8bfffaf41e2d837e763cd80ab90e66f5c1bed10141af8bfd463c536d4
2023-03-20 05:51:59,False,5.842e-10,3.332e-13,356302906161.0,1.18739,0x73...a8e4,https://etherscan.io/tx/0x0d6658349180fefd153ea20348674d6102a8f0f3aec311bf58c12e1233d1d6e0
2023-03-20 05:50:23,True,5.896e-10,3.364e-13,143579046802.0,0.483,0x05...904e,https://etherscan.io/tx/0x2cf74c194bc26827f5406183676e3ff580af9c95557fd841806b7f974aeebbfa
2023-03-20 05:47:59,True,5.867e-10,3.35e-13,417849778366.0,1.4,0xa4...c830,https://etherscan.io/tx/0x7ed6df51afd59307b8185ca436f80f67b669e0147f0f6f85383788586d9e516e
2023-03-20 05:45:47,True,5.794e-10,3.309e-13,36258970081.0,0.12,0xb8...626f,https://etherscan.io/tx/0xe46886867c47c37a7e4957942ec226b70105190c5d660673ad8c12c19522494e
2023-03-20 05:45:35,False,5.766e-10,3.293e-13,100000000000.0,0.3293,0xfa...c485,https://etherscan.io/tx/0x08cf7450ec2dc15b219dd9e1c227b709aebeb7142e1e4c2e156169f4621f311a
2023-03-20 05:44:59,True,5.811e-10,3.318e-13,301371229.0,0.001,0x98...8c32,https://etherscan.io/tx/0x36a3313cad10221ca36e6968c20884961c3e9d5c92bcd5d0cf751c6da3648c3c
2023-03-20 05:44:59,True,5.811e-10,3.318e-13,301374138.0,0.001,0xc0...6783,https://etherscan.io/tx/0xa3df20414df0776d1cf839decf609c29549b54852f43b0601d8b99efd77330a2
2023-03-20 05:44:23,False,5.789e-10,3.305e-13,145645946707.0,0.4815,0xda...09a1,https://etherscan.io/tx/0x885d285a1636c225552e42610b7fc6590471ca898a4240ff8f4daac0cb01157d
2023-03-20 05:41:23,True,5.832e-10,3.33e-13,60052977077.0,0.2,0x21...879d,https://etherscan.io/tx/0x76ea19261db81ffb600fe93cc1f8c9cc55f11fe60cffe41cb9bd328d5f2193b5
2023-03-20 05:41:23,True,5.808e-10,3.317e-13,187421468086.0,0.6217,0xcb...6ceb,https://etherscan.io/tx/0x2bff2b00fa2a75300c9b4c4cba7f661ba627fd8165158ce87fcd5468488a7c8d
2023-03-20 05:40:35,True,5.771e-10,3.296e-13,212070158236.0,0.699,0x00...2f60,https://etherscan.io/tx/0xc6e81b0f94801ed3b9542585c67efaf717006ac501d89cb65c5b8ffa83ab1230
2023-03-20 05:37:47,True,5.743e-10,3.277e-13,133757720918.0,0.4384,0x6d...a4dc,https://etherscan.io/tx/0x27db9992ce148100659d6abf1929a409ef72d4def508602202a267c7c860e948
2023-03-20 05:36:47,False,5.721e-10,3.263e-13,238401480059.0,0.778,0x76...003f,https://etherscan.io/tx/0xe2e8828152ebc596f95e8cb7ebc7766448423d96e63d2723f1eeac251dc9be46
2023-03-20 05:36:35,False,5.752e-10,3.281e-13,103306125291.0,0.339,0x23...d0b2,https://etherscan.io/tx/0xeb45e2e565737117019fa5f09b66e246833afdfcf69e0faea7c46bd361c62116
2023-03-20 05:36:23,True,5.716e-10,3.261e-13,873862710221.0,2.84975,0x02...880f,https://etherscan.io/tx/0x5ad7cc9f5d42bd2df8627f43a62d4b1af6188192c05dbc390551bc967d0d3c0d
2023-03-20 05:36:23,False,5.75e-10,3.28e-13,1834063579181.0,6.01657,0xaf...084a,https://etherscan.io/tx/0xe8f3145396c834c917060f26ad198adc6abcf5ea3eee89be2463ecabebf3b872
2023-03-20 05:33:11,False,5.963e-10,3.4e-13,422620598275.0,1.43724,0x6d...a4dc,https://etherscan.io/tx/0x4ca9cdb83af1507f471bd7e346f1f2bac2033cc5c9201c97a3ba6258f0b5c7e5
2023-03-20 05:32:35,True,6.025e-10,3.436e-13,362894834882.0,1.24714,0x06...fe96,https://etherscan.io/tx/0x1b8cc16c49e57da82937e42bd38cefc2e1cdea6ccfcc92e11522035729ae0319
2023-03-20 05:31:11,True,5.978e-10,3.409e-13,117658893065.0,0.4012,0xc6...6482,https://etherscan.io/tx/0xcd1940f3681d27adffc12a2e9bff9c6e464b8b13a08d584ba50d7d72ba2b302d
2023-03-20 05:30:59,False,5.96e-10,3.399e-13,300000000000.0,1.01985,0x6d...a4dc,https://etherscan.io/tx/0x5326029c6063e7d2f1bd457447a95765c1057dc097bd348f61be69e1d721c376
2023-03-20 05:29:59,True,6.016e-10,3.431e-13,99195777033.0,0.3403,0x00...6bba,https://etherscan.io/tx/0xbc3a45b4ebbdec8ca2a669681bba726b70275b3f642f28d779c9c29c0c614b83
2023-03-20 05:29:59,False,6.02e-10,3.433e-13,505451768910.0,1.73534,0x3a...8df8,https://etherscan.io/tx/0x536797a2884d3632e99362859f179567af87b9df09979a4c9c28d5af073821ec
2023-03-20 05:27:59,False,6.086e-10,3.47e-13,150000000000.0,0.5205,0x6d...a4dc,https://etherscan.io/tx/0xb9ca73824152fb25fbc589cfd9b7eefdc15bff4c0239d68479bbb838665207ed
2023-03-20 05:27:35,True,6.134e-10,3.497e-13,30793591983.0,0.1077,0x7b...daef,https://etherscan.io/tx/0x35d8694bd299436e284eaf426d9e756674956c0ec97e9ad1a4ec7ecf89813521
2023-03-20 05:27:11,False,6.098e-10,3.477e-13,39764962655.0,0.1382,0x3d...5498,https://etherscan.io/tx/0xdbfdb8a3a3769c4a088fba260eabfde793f5d4ca29be76b100c755a73748d5c5
2023-03-20 05:26:11,False,6.111e-10,3.484e-13,85459999999.0,0.2977,0x5f...900b,https://etherscan.io/tx/0x78bcee8ad82f05f88da51aef1aaf928fe74796b032f5015112abf860481380e6
2023-03-20 05:25:47,False,6.164e-10,3.513e-13,409004005272.0,1.43687,0xcf...116f,https://etherscan.io/tx/0xfe4243cd8f1bce0ce3d5e89646709969c761c9abdd3328120b0075e9d4c64c5b
2023-03-20 05:25:35,True,6.219e-10,3.544e-13,239118836569.0,0.8474,0x76...003f,https://etherscan.io/tx/0xa31569877b37aa65d6999ba8f30118cd405c4c0edf70bcbf21553a5ec7aba6a8
2023-03-20 05:25:11,False,6.257e-10,3.565e-13,1096500000000.0,3.9098,0x02...38f9,https://etherscan.io/tx/0x8efc2f8e323449544ea3d8c9d4f2c5840359f0b141ec13d58c06ea72c6cdc08c
2023-03-20 05:24:59,False,6.395e-10,3.644e-13,84018068481.0,0.3061,0xb5...ce16,https://etherscan.io/tx/0x2d009dfd228b6b9dc87fda558c1b91a22536d52d9e172ef77c2096c3e370e070
2023-03-20 05:24:35,True,6.376e-10,3.633e-13,1300334155163.0,4.725,0xf6...68be,https://etherscan.io/tx/0x071a5522f59865b5c994a372f3b43ac38cbc5d8b8120a4c05bd5896ae768a2a1
2023-03-20 05:23:47,True,6.157e-10,3.512e-13,56444752367.0,0.1982,0x7f...d8da,https://etherscan.io/tx/0xe9c65da1ca5c262dbd759b9a135df49aa43b9b6c41891fada97b46a3ca9498f4
2023-03-20 05:23:23,False,6.161e-10,3.514e-13,676594278307.0,2.37789,0x67...10ac,https://etherscan.io/tx/0xbe87b6d16d67f18af6ee7e76e707bf9925a8a01e004518bb04ad5242ce683281
2023-03-20 05:23:11,True,6.283e-10,3.583e-13,82988467867.0,0.2973,0x7f...d8da,https://etherscan.io/tx/0x5902cbe7f3d128c9f498e4b3dd278dd43927e8150d04e3f5bd601113f12fc8e4
2023-03-20 05:21:59,False,6.243e-10,3.562e-13,100000000000.0,0.3562,0x99...2c5b,https://etherscan.io/tx/0xa28afd321674013dcecdecd1915db78b98f2fad7a4057096f7439849701493cb
2023-03-20 05:21:35,True,6.287e-10,3.588e-13,36117942889.0,0.1296,0x9f...8dee,https://etherscan.io/tx/0x57ab4b8a634b19d2144f1852e352fcd6a58bb04dc80d5ec459e84d7190d64c08
2023-03-20 05:21:23,True,6.278e-10,3.582e-13,55335902856.0,0.1982,0x7f...d8da,https://etherscan.io/tx/0xe7066b880fd5cce7936b4ae206c411ecace75181944265b075e78b159a2ab535
2023-03-20 05:20:35,True,6.277e-10,3.582e-13,977093805874.0,3.5,0xf6...68be,https://etherscan.io/tx/0xe579748c7a30ab052143be66c3ce48f2ca586f1e54bc03185a386cb7ebe68f16
2023-03-20 05:20:23,False,6.043e-10,3.448e-13,71102340979.0,0.2452,0xe0...ef23,https://etherscan.io/tx/0x399562855ea7afedc68324b7949b530f6edb127f5ef8c3d86c7219c55047a43c
2023-03-20 05:20:11,True,6.552e-10,3.739e-13,307533168278.0,1.15,0x69...e30f,https://etherscan.io/tx/0xd7551564927cb3308ae82de50839998949a394f18dd207507305d5010b178c8f
2023-03-20 05:19:47,False,5.994e-10,3.42e-13,51096692151.0,0.1747,0x71...cdd2,https://etherscan.io/tx/0x5d18c5927ea2cdae408b94fa7c6353ca109eacb7f9b2412cb88b247a32ebcf8d
2023-03-20 05:19:35,True,6.057e-10,3.456e-13,387689175981.0,1.34,0xe6...10cf,https://etherscan.io/tx/0x85e08d3564d0a88845cbe77bacabc018ad1e2483ca9281ab1bcd4af473c8f910
2023-03-20 05:18:35,True,5.959e-10,3.4e-13,5104860000.0,0.0173,0xc9...c906,https://etherscan.io/tx/0x8497d58fce548d4fa3ea80a1aa8bc3160fea5129de9610c05c52ba7739f5a853
2023-03-20 05:18:23,False,5.943e-10,3.39e-13,204598546054.0,0.6937,0xf7...8444,https://etherscan.io/tx/0xb5e85fc0c7ed690d4c800b09dedd22082cf281c34651520ae6b277a30c198225
2023-03-20 05:15:59,True,5.97e-10,3.409e-13,226347226883.0,0.7718,0x38...fb46,https://etherscan.io/tx/0x36cc704054a190b6bcec6d448518222fa35d4e19e1a9b20f49a971e382f4fabb
2023-03-20 05:15:47,True,5.944e-10,3.394e-13,50424684755.0,0.1711,0xf8...c164,https://etherscan.io/tx/0xec7d78f3d09437175c01829743cde446f4201158db1823eec01e03cda25bb895
2023-03-20 05:15:35,True,5.938e-10,3.391e-13,5896930725.0,0.02,0x59...bcc5,https://etherscan.io/tx/0x7797aa726e2fe00b47243b3fd32871191a241ec481dd90e4e3bfada5fd6ca61e
2023-03-20 05:15:23,True,5.935e-10,3.39e-13,22037567796.0,0.0747,0x79...a164,https://etherscan.io/tx/0xe8e3b74ffb881f70cd170baae5b74c8b89db3b540730e4631fdd92b601588108
2023-03-20 05:13:59,True,5.933e-10,3.388e-13,12283241665.0,0.0416,0x8f...2ba7,https://etherscan.io/tx/0x98f2376e0b3e03478710ea76e2be0de7871ea2405b872fe46476c2c9faabeb0c
2023-03-20 05:13:23,False,5.916e-10,3.378e-13,204282166202.0,0.6901,0x1b...21a0,https://etherscan.io/tx/0x357509fe1d3af5e51389be57899e0a30733472bc847938a25cce61a4ab1005c6
2023-03-20 05:11:47,True,5.936e-10,3.391e-13,331696649364.0,1.125,0x06...fe96,https://etherscan.io/tx/0x309e4f99a7966ab6369a6ff581073973f7ced3be73e9eb995390dddbe9459016
2023-03-20 05:10:11,False,5.916e-10,3.38e-13,500000000000.0,1.69028,0x11...c1cb,https://etherscan.io/tx/0x903e9ff7e814c351b683b2e8df4987b19d1502ce53153f9b1489248e4684a68a
2023-03-20 05:08:35,True,5.947e-10,3.4e-13,1249750665860.0,4.25,0xf6...68be,https://etherscan.io/tx/0x456101a88348788294c705b55ce3537a21f8624b0c62667a2e082de9c022d233
2023-03-20 05:08:11,False,5.794e-10,3.312e-13,964977099195.0,3.19664,0x02...38f9,https://etherscan.io/tx/0x5bbb8152037cb12f83c7a2a0f85126128d15c4d9e7023baca1650d030434ad50
2023-03-20 05:07:47,True,5.915e-10,3.382e-13,1108794493723.0,3.75,0xf6...68be,https://etherscan.io/tx/0xdc2dd65feb9316bc4d9b74aed5d20f287986de578d328864b994648171f928c3
2023-03-20 05:05:23,True,5.707e-10,3.264e-13,238902757617.0,0.78,0xe6...3a86,https://etherscan.io/tx/0x10b0be86dc7c0b0455465955205be3635c5bcf293e6ff499f30e224b32eae273
2023-03-20 05:04:35,True,5.652e-10,3.243e-13,185012106489.0,0.6,0x49...e80d,https://etherscan.io/tx/0x3d9e9478f8f2d51b01b05300ff0578a6a0e90dbb240baf5f36ed2844ca38ca8b
2023-03-20 05:03:11,True,5.766e-10,3.314e-13,301668978611.0,1.0,0x49...e80d,https://etherscan.io/tx/0xfa6dd6ac92ef1d97a6fe3b77b257465196727bb733162a64b62a1e24f910dae6
2023-03-20 05:02:11,True,5.553e-10,3.18e-13,440177279754.0,1.4,0x06...fe96,https://etherscan.io/tx/0x45bc448702ad757fe88d3133f764de07bd1f8ffcf085f24dd1ff1c594e82f87a
2023-03-20 05:00:11,False,5.499e-10,3.14e-13,11257190907.0,0.0353,0x2a...d28b,https://etherscan.io/tx/0x9fad164b8e537fb8fe978d7d8bb65f4d22cbfc3ec844b79acd8012b6f5e007b6
2023-03-20 04:57:59,False,5.502e-10,3.144e-13,66521998454.0,0.2091,0xc7...4b9a,https://etherscan.io/tx/0xd37d0d73ad432fd059e7ec94ec7a26abc96798b7832455e57ff6a26fd50d1d70
2023-03-20 04:56:35,False,5.501e-10,3.15e-13,58753011741.0,0.185,0xce...7d28,https://etherscan.io/tx/0xfbb55a27691dfd8589fd3571fc11db345e10748dac01b5c49b2069d322581403
2023-03-20 04:52:59,True,5.565e-10,3.187e-13,759655659310.0,2.42112,0xcb...eeb2,https://etherscan.io/tx/0x7b003c57024151a9ef85285aa9d53726f5a082536db4e0a084b8c64113f8cbfc
2023-03-20 04:52:59,False,5.408e-10,3.096e-13,370034663823.0,1.14599,0x92...8f58,https://etherscan.io/tx/0x54daf2cf6b9d1fabe4cdbc6839791aa016a0c10de5512df33abcc8d2689aaf2c
2023-03-20 04:51:35,False,5.538e-10,3.171e-13,1207479949897.0,3.82952,0x30...f410,https://etherscan.io/tx/0xc968a1a8e29b32b17e30c8687222e90d877a27ab3fdd2f4b9ec4e10b7af30c7f
2023-03-20 04:48:11,True,5.643e-10,3.222e-13,620611694224.0,2.0,0x06...fe96,https://etherscan.io/tx/0x018ad2bd8cb1e2dad8e45cb85a3dea88384c980b4a915bc373adad350cc1b315
2023-03-20 04:46:11,True,5.586e-10,3.189e-13,31351342646.0,0.1,0x7d...bc37,https://etherscan.io/tx/0x2cfb6df62531aabff1141e66bae0ff89747362af81e669cd7aad56b45d3f07cd
2023-03-20 04:45:35,True,5.58e-10,3.186e-13,41116269652.0,0.131,0xb8...7b06,https://etherscan.io/tx/0x07ac2fcafa08612e9c734f6520affa518b904eecaa8142d9bbdbfd2ab397a2c5
2023-03-20 04:44:59,False,5.562e-10,3.175e-13,215839573628.0,0.6854,0x9d...15dc,https://etherscan.io/tx/0x345413ff15e78703d65c3be945e2ff9c52c3352488932a1892a3589e0fc2cc5a
2023-03-20 04:43:35,True,5.618e-10,3.214e-13,355703668869.0,1.14324,0x71...4e73,https://etherscan.io/tx/0xa46ae0915bfd974c71542b17bed39e1cb68fd84bdf6fc7c66d7f7475fe82f21a
2023-03-20 04:43:23,False,5.516e-10,3.155e-13,95459993778.0,0.3012,0xe5...a43e,https://etherscan.io/tx/0x56e46b633eedfa50e717ef96d6a445ed856898d5867e75811ee73f31ea2a105f
2023-03-20 04:42:23,True,5.557e-10,3.174e-13,93638063891.0,0.2972,0xff...739a,https://etherscan.io/tx/0x9e7c3db72b441bae2c83c48c3f7683565e7b3f1524a8aea73625b015ca87b18b
2023-03-20 04:38:47,False,5.54e-10,3.16e-13,191200000000.0,0.6042,0x58...0fdf,https://etherscan.io/tx/0xc513899c6f549190a590abf7b5162b6295bdd5ec868823d59537fd93ff8601b5
2023-03-20 04:37:11,False,5.593e-10,3.194e-13,496691953140.0,1.58686,0x25...8888,https://etherscan.io/tx/0xa5290d3875c58fc2c9c0c106a489d0896f348197a1f71760cb95b43d5a24a8d5
2023-03-20 04:37:11,True,5.538e-10,3.163e-13,2175158411256.0,6.88114,0x3b...b548,https://etherscan.io/tx/0x0f667cff721c6132b1cb2875b7abd397c69571ff12fe1d7f15e515a50a5a3fd8
2023-03-20 04:36:35,True,5.265e-10,3.01e-13,350004114314.0,1.05381,0x3b...b548,https://etherscan.io/tx/0x9f4f19951b2ff1c4f4eda60bbf502a72e7496aaea26abd9166c7fad7ddb1a459
2023-03-20 04:34:59,True,5.197e-10,2.973e-13,800375838717.0,2.38,0xcc...ee8a,https://etherscan.io/tx/0xd976e64bd62161011eaa7fb2483410e598f5fea36af2405ab1e2205bb8c9cf45
2023-03-20 04:31:11,True,5.09e-10,2.907e-13,343880298764.0,1.0,0x06...fe96,https://etherscan.io/tx/0x0b94133bee85237944d4c18d34dc0d3937f3f7b7e04055f2e311ff39686b6df7
2023-03-20 04:22:59,False,5.061e-10,2.876e-13,30000000000.0,0.0863,0xcb...6bb9,https://etherscan.io/tx/0x24dc68071ec0d21ec9ab58c07c411240250fac84c9931f42db91cb56ffa2f089
2023-03-20 04:20:47,True,5.109e-10,2.9e-13,551583998642.0,1.6,0xab...e944,https://etherscan.io/tx/0x8c05cd3d5a70095593cc4b6b66eee2749ec20b3fb6a8fc281b7488b40043541a
2023-03-20 04:17:23,True,5.023e-10,2.847e-13,22628671394.0,0.0644,0x70...de58,https://etherscan.io/tx/0xfd9fabfb17736d17d85cafaa651386ee958569752c57536be45ce98245e5e22a
2023-03-20 04:04:59,True,5.018e-10,2.84e-13,138636407882.0,0.3938,0x85...e12a,https://etherscan.io/tx/0xd4fc837b471785858f2dcc4e3eea78625704856d8d1df60b67e8d5a705c5ff29
2023-03-20 03:53:23,True,4.999e-10,2.834e-13,45489159.0,1.289e-05,0x20...991c,https://etherscan.io/tx/0xe30b31d81fc9de12b756fd72b1550daee454ee6b9ada9d072e9cf89cb42b171f
2023-03-20 03:52:47,True,4.984e-10,2.826e-13,200463765221.0,0.5665,0x00...d114,https://etherscan.io/tx/0xfc23279d7f3f3ca72a9a44776034635d5105600056dc6f834cf57957571129c6
2023-03-20 03:50:23,False,4.98e-10,2.823e-13,532473996584.0,1.50329,0x9d...1ac2,https://etherscan.io/tx/0xa94c8fe1756403fee5df01334fe2c1dea52d56b986aaf84726b734165a0ac9bc
2023-03-20 03:47:35,False,5.041e-10,2.861e-13,377351361035.0,1.07981,0x45...d01a,https://etherscan.io/tx/0x790ef710033cd626b98954fc541e3deab29ce9bf0425c3b874ac0e21ebf37f01
2023-03-20 03:47:35,True,5.099e-10,2.894e-13,5720142059.0,0.0165,0xa6...d3bb,https://etherscan.io/tx/0x108ff5d1634e79b371a267f829d2e882e886d64668f3458d5543b8481f4d1b1b
2023-03-20 03:42:35,False,5.137e-10,2.919e-13,959719215424.0,2.80148,0x3e...5656,https://etherscan.io/tx/0x49a3634181282579e5cc4681024e8a12d15ee6116f0b31a80bcd745f9c3c03ea
2023-03-20 03:25:23,True,5.271e-10,2.968e-13,235798864638.0,0.7,0xff...d885,https://etherscan.io/tx/0xa6c2f20b16b8c8b4a9373d90f882ec422cecdd4a809df2142d6182507b2a1fb7
2023-03-20 03:24:47,True,5.248e-10,2.955e-13,59210623061.0,0.1749,0xff...0c36,https://etherscan.io/tx/0x72d5d67c9e7e0805d686d8dd36efa937045ed741131e7ca023ad98eb658a6d8e
2023-03-20 03:16:59,True,5.249e-10,2.952e-13,2625055024.0,0.0077,0xe9...18b7,https://etherscan.io/tx/0xcaf4f093aeaa1eb154c6f2eeaa031b76689a71f630ca6caf0c4ef9fbd47124a4
2023-03-20 03:15:23,True,5.222e-10,2.937e-13,339414028286.0,0.997,0x07...a9e5,https://etherscan.io/tx/0x74417c78be3e4038195c0146fae3afc61716016029a6f40c4be3d891e59709b0
2023-03-20 03:12:11,False,5.177e-10,2.913e-13,193858869506.0,0.5647,0x00...d114,https://etherscan.io/tx/0xb0ab96bd8296f12a232718e8542c90614d4410811207048802f36650d6ac56ce
2023-03-20 03:04:35,True,5.213e-10,2.937e-13,37467134903.0,0.11,0xac...e29c,https://etherscan.io/tx/0x6455864dabd3e14132d2e403606b378875e88984efd21a14f0bcb6324ec51a8d
2023-03-20 02:57:47,True,5.227e-10,2.944e-13,338580598541.0,0.997,0x07...a9e5,https://etherscan.io/tx/0x0c22ed07c15297eb7cd86cb4385a1da239c0f2638ad46e61768d5c133682fa0a
2023-03-20 02:56:47,True,5.155e-10,2.906e-13,2677618575.0,0.0077,0x30...6bd5,https://etherscan.io/tx/0x95edf69631d1c505e559df4d77c4d934065d0232c664556b46e07eb040e7f23e
2023-03-20 02:55:47,False,5.123e-10,2.89e-13,39000000000.0,0.1127,0xce...dccb,https://etherscan.io/tx/0xf7e1bf12abdd1bc4b8730f5354dddb350bc9fe428aecf228459508c19aefda68
2023-03-20 02:54:47,False,5.129e-10,2.894e-13,61419561260.0,0.1777,0x05...57d7,https://etherscan.io/tx/0x7e1aacbddece79f7354526e2a2b916505c79f2eed4a536c105fa1efa12c479b1
2023-03-20 02:53:11,False,5.161e-10,2.91e-13,310000000000.0,0.9024,0xfa...c485,https://etherscan.io/tx/0x2ae78e5862d1fd1df00cc3c7425d6c7877c79918669ea31f2c2f83819ecabcfd
2023-03-20 02:52:59,True,5.206e-10,2.936e-13,136235381082.0,0.4,0xd9...af1d,https://etherscan.io/tx/0x81d21ba1da806463cb2bfb0cebb78f58c87c1d43f5807b3433ecaa0e0785e9ca
2023-03-20 02:52:35,True,5.183e-10,2.922e-13,171084618626.0,0.5,0x76...82c5,https://etherscan.io/tx/0x57f65b0bb7ee5c4b182963bfd6188c31f68d03630cb4f3460825dfab550e1260
2023-03-20 02:38:47,False,5.148e-10,2.897e-13,8089742674.0,0.0234,0x99...c34c,https://etherscan.io/tx/0x8e4d5b0df0a3a0361951f0be209164e4b90f8a2b2c710c8ad4729ac4878139ca
2023-03-20 02:32:47,False,5.155e-10,2.898e-13,111.0,3.217e-11,0xca...677b,https://etherscan.io/tx/0x90fc89620f7e61ebd93e39e87ae758ba7a54b425b66b9026422841843a26018b
2023-03-20 02:26:23,True,5.178e-10,2.914e-13,37440920796.0,0.1091,0xd2...078d,https://etherscan.io/tx/0xc723568bf5d472e9eb1aa288fea1e79b71e9b9b298f27f62d46a3fbc6ab07e2c
2023-03-20 02:24:35,False,5.147e-10,2.898e-13,69012973864.0,0.2,0xf7...8444,https://etherscan.io/tx/0xf57443628c6a636e5c560fdb7ab26da89b148d113057df16065007d32b583e3d
2023-03-20 02:24:11,False,5.189e-10,2.922e-13,500000000000.0,1.46147,0x11...c1cb,https://etherscan.io/tx/0x3caf9dbcfcc0327866e94d15cb28bf9c67321765a02ebded15852dfbf57304ec
2023-03-20 02:22:35,True,5.256e-10,2.96e-13,43523053547.0,0.1288,0xfc...292d,https://etherscan.io/tx/0xc325b83b151ac39e207f870120ef9a7e686bb07a331d66240919b8c6f51271a8
2023-03-20 02:22:35,True,5.249e-10,2.957e-13,40459593062.0,0.1196,0x31...866d,https://etherscan.io/tx/0x711916d42ab49e1300ac29341e63ab3208e4ab6f830391b1ecfb9d4686fc7400
2023-03-20 02:16:35,False,5.244e-10,2.953e-13,360484646869.0,1.06473,0x1e...8bea,https://etherscan.io/tx/0xf08cbf29996c997ee492b373bea67292b3d3596f4d1136fe5e8e7af19abe15a1
2023-03-20 02:15:59,False,5.278e-10,2.971e-13,31549882951.0,0.0937,0xe8...1061,https://etherscan.io/tx/0x774e600d2a8c3be41bebd0438554fe9e052c3c56ac805f25a48732c0abb9c48f
2023-03-20 02:13:59,True,5.295e-10,2.985e-13,117246867705.0,0.35,0xcc...0645,https://etherscan.io/tx/0xbe49876feacd4ccee06e160facabab084d3058e379bd51a80e781de789bce8ee
2023-03-20 02:11:35,False,5.25e-10,2.962e-13,20853900463.0,0.0617,0xcb...e900,https://etherscan.io/tx/0xd0a6aa79a779e7e657d9d25b0b036282fc8203a359a21b7c5bf1bc8e56316e78
2023-03-20 02:10:35,True,5.255e-10,2.965e-13,360484646869.0,1.069,0x1e...8bea,https://etherscan.io/tx/0xab38624cf54a8f67c59aea8a1724805cb6e411a8b82ff82a8f8f2147fd8ae95a
2023-03-20 02:04:35,True,5.178e-10,2.923e-13,579754978001.0,1.695,0x73...9158,https://etherscan.io/tx/0x352ae0db96d8cad950071f012ef1a844586cb7018d4531799760d06ae4c70fa0
2023-03-20 02:04:23,False,5.104e-10,2.881e-13,24480853554.0,0.0705,0x3e...87a1,https://etherscan.io/tx/0xdcc82f7201fb020ad8e74aa249c2b7f8e7017dfe1308979d71e8b50813e0a7e8
2023-03-20 02:02:23,True,5.131e-10,2.895e-13,115516238174.0,0.3344,0x2b...e4cf,https://etherscan.io/tx/0x7f76385d28f16e733342abbd97ff4f481d3ea18beefa3c9cecbd38ee413c0334
2023-03-20 01:59:59,True,5.115e-10,2.888e-13,34269106533.0,0.099,0x85...e12a,https://etherscan.io/tx/0x58365516786e8575c8ca4303227b7ef2cd7cb01059e2a04d1daab009280c71a1
2023-03-20 01:57:59,False,5.104e-10,2.879e-13,207793244119.0,0.5982,0x7c...10f9,https://etherscan.io/tx/0xf850b09126dcb8569be897c6b88fd31e58abc45e12d2723880fb2308f176117e
2023-03-20 01:56:11,True,5.388e-10,3.042e-13,512726578514.0,1.56,0x80...0962,https://etherscan.io/tx/0xfd274f13bbcaee1c35312e5ea08af2fdd64c9554d3127a90a72c5e54052d5f5d
2023-03-20 01:55:11,True,5.069e-10,2.858e-13,52474943162.0,0.15,0x30...bae8,https://etherscan.io/tx/0xc8c2d17b8027fbb5ab310ef47224a17f2afc0b2edf7cbb8eb895c6646ae1bfef
2023-03-20 01:53:47,True,5.064e-10,2.856e-13,3540020212.0,0.0101,0xe2...8c7f,https://etherscan.io/tx/0x5ffc7cd9d4c820b40f8f13befae68416ec834c0e83b8b8a53b80dc0c80a4e72d
2023-03-20 01:53:23,True,5.064e-10,2.855e-13,15322406897.0,0.0437,0x9f...935e,https://etherscan.io/tx/0x164a85980b9aa9fbe1a75bbd6296ae49a9fdf067ae0827ead9d3e2f9c4e5833a
2023-03-20 01:52:59,True,5.044e-10,2.844e-13,241701234627.0,0.6875,0x77...c5d1,https://etherscan.io/tx/0x8263e6c3920f2de764691be0da326951175bdda1f8957e26b61a686ef5004323
2023-03-20 01:52:11,False,4.997e-10,2.823e-13,149163918887.0,0.4211,0x1e...8bea,https://etherscan.io/tx/0x3ba3969d2131361fa3a2f28b37a8dad67f1d9eb28e1a6d21880f146391a89c89
2023-03-20 01:51:35,True,5.043e-10,2.845e-13,20898413855.0,0.0594,0x49...4ec2,https://etherscan.io/tx/0xc21b2983c761d5a280299b11a3c3e27a21515564879cd27fde430676bd887fff
2023-03-20 01:49:11,True,5.047e-10,2.843e-13,29185476241.0,0.083,0x9f...935e,https://etherscan.io/tx/0xdd8e30ed0f979883a2646ba3d66708bddf3dd541cbd3272e3c00e4a174208841
2023-03-20 01:49:11,False,5.02e-10,2.828e-13,70708910747.0,0.2,0xf7...8444,https://etherscan.io/tx/0x2dab43c06c8321468ce1e2cdbfc11cda2c2cd2489855ae095ac79e81b96abb6c
2023-03-20 01:48:47,True,5.058e-10,2.849e-13,29123956483.0,0.083,0x9f...935e,https://etherscan.io/tx/0xdd8e30ed0f979883a2646ba3d66708bddf3dd541cbd3272e3c00e4a174208841
2023-03-20 01:47:59,False,5.036e-10,2.837e-13,139105649506.0,0.3946,0x85...e12a,https://etherscan.io/tx/0xd199ddbda1293f4d42e20daef0255b8a9ecee901ed98896472c4b07b1bc3b3c6
2023-03-20 01:47:23,False,5.077e-10,2.86e-13,410132721642.0,1.17323,0x6e...f542,https://etherscan.io/tx/0xae1cadbc96184ea5af0d29721dcae48174bdf70ace7db978935b996ba6e94f2f
2023-03-20 01:46:35,False,5.14e-10,2.895e-13,400000000000.0,1.15817,0x6e...f542,https://etherscan.io/tx/0x8a5cd34101e8d003ba82239f7dc2b478abf6154f536bc790cce3036f6153f041
2023-03-20 01:45:59,True,5.198e-10,2.928e-13,47218741372.0,0.1382,0x9f...935e,https://etherscan.io/tx/0xbe6de67f976dcb312cbb5cce971f3004865d2f9e797a454c9e2e6a0c3c4af7d5
2023-03-20 01:43:35,False,5.175e-10,2.913e-13,111522413716.0,0.3249,0x80...161c,https://etherscan.io/tx/0x454b662fa6144a0fede2e92813ad142d26624948096450ea1e4a5f9c152ddf7d
2023-03-20 01:41:59,True,5.223e-10,2.935e-13,12886675392.0,0.0378,0x29...0c23,https://etherscan.io/tx/0x18c8489551c63402897060782d398ceed676b0c7d899285dbdc22063023916bf
2023-03-20 01:38:23,False,5.255e-10,2.947e-13,676614656386.0,1.99421,0xcb...4ad9,https://etherscan.io/tx/0xe70ff78f8266761bb756287097930c35d571da5b15127c31d4fc1aa83ce3552a
2023-03-20 01:37:35,True,5.324e-10,2.987e-13,177408842800.0,0.53,0xdb...b51b,https://etherscan.io/tx/0xfd6081f2b3803433b664e09a3c72afc160a7d75701b8cb6bba3d8851611e515a
2023-03-20 01:37:11,False,5.302e-10,2.975e-13,305091174196.0,0.9077,0x1b...ea67,https://etherscan.io/tx/0xe66344cdf8925cc780674c96d8d7bbb3ef235ed681836e4a9738ef4a107af55f
2023-03-20 01:36:59,True,5.355e-10,3.005e-13,44354908904.0,0.1332,0x9f...935e,https://etherscan.io/tx/0x886ff21ca46ace6a286902fbaf76bf6c26d99a95fb3b8dad540efebd5bbced1e
2023-03-20 01:35:47,True,5.332e-10,2.993e-13,199803865071.0,0.5982,0x4d...7540,https://etherscan.io/tx/0x76f2a8a2cea755ea2472e21b67d2eb10ae5d2d08f8fa0a3dbcd0a5f39abd9643
2023-03-20 01:35:35,False,5.299e-10,2.975e-13,181502245909.0,0.54,0xdb...b51b,https://etherscan.io/tx/0x61f94f0cbab2d13a19df470aa1f18f0ca4a0ceacc21ab3dccaae55e95d951d7d
2023-03-20 01:34:59,False,5.338e-10,2.997e-13,305091174196.0,0.9144,0xc6...fed0,https://etherscan.io/tx/0xb9e7c8739d52314339cb5e3caf91efcac850ef51c3bb61d4c92cf9be583ac646
2023-03-20 01:34:23,True,5.352e-10,3.004e-13,532473996584.0,1.6,0x9d...1ac2,https://etherscan.io/tx/0x9fd545237ce5749b8834b736675a195bed8eed6082a85c163622fd6d4e77414c
2023-03-20 01:34:11,False,5.28e-10,2.964e-13,35776531914.0,0.106,0x42...9469,https://etherscan.io/tx/0xe8c8929adec86b1bb5f22013f4756f2ef24f0e94b92f4fa803b5b7a2ee93e6fa
2023-03-20 01:33:11,True,5.268e-10,2.958e-13,571323148969.0,1.69,0x5e...4e78,https://etherscan.io/tx/0xd878487f892b1eb76607393b7624020f27b479ff4dd5c6ab93d5de16e328dac8
2023-03-20 01:31:59,False,5.25e-10,2.951e-13,822198456438.0,2.42678,0xa4...e56d,https://etherscan.io/tx/0x2a6bb60d4933b9876e24a6d77f8610a0d9880f3cf231f76789e76342c1a2e743
2023-03-20 01:31:59,False,5.319e-10,2.99e-13,50000000000.0,0.1495,0x96...2d3c,https://etherscan.io/tx/0x1710f1fee807b44f8bf038b0f0228e936d8f5b4cad90ca77c9d605b5709b6c6c
2023-03-20 01:30:47,False,5.324e-10,2.994e-13,25395691710.0,0.076,0xed...9b54,https://etherscan.io/tx/0xd0fb86227268fe89c6c3d311864a9988bcac14fd1a6cb0f3d985d10eee2b8a22
2023-03-20 01:29:23,False,5.362e-10,3.013e-13,396000000000.0,1.19336,0xa4...e56d,https://etherscan.io/tx/0xa30ccc893414f488b9abe16b1740d7ed4df41df8659c466797437851a57f6aa0
2023-03-20 01:27:35,False,5.396e-10,3.034e-13,57000000000.0,0.1729,0x9f...f62a,https://etherscan.io/tx/0x48ca3ead6b2d8c332fd4600336c170d2b456c6e9f3c0623a980fd399dd940dca
2023-03-20 01:26:59,False,5.416e-10,3.045e-13,182304282368.0,0.5552,0x46...3cda,https://etherscan.io/tx/0xec9d299d7bdf71cf4520d34ec2acb23916d56d11accc4996d94a398ead3c8a65
2023-03-20 01:24:11,True,5.465e-10,3.071e-13,25395691710.0,0.078,0xed...9b54,https://etherscan.io/tx/0xeeb4f4a5702f4958808523b9c318858bf762834ca2c13a0313dd4df5d4a96bbc
2023-03-20 01:22:35,True,5.453e-10,3.066e-13,72416770448.0,0.222,0x9f...935e,https://etherscan.io/tx/0xb1799660ddfad8557a792522e623d7f4f765cbb1ac6608f007b0ef1dce3fee8e
2023-03-20 01:20:47,False,5.447e-10,3.06e-13,553640536425.0,1.69457,0x5e...4e78,https://etherscan.io/tx/0xba299ed0b84b783717a1a99faa3e5b0ad65d1fcd7b6d86997623a825b9dc17a3
2023-03-20 01:20:47,False,5.496e-10,3.088e-13,32378185309.0,0.1,0x85...e12a,https://etherscan.io/tx/0xe0c8a65cb5c487a4ef5f8be25c076797f9b4972858c4162b494e82b52d4ea400
2023-03-20 01:20:35,False,5.55e-10,3.118e-13,375000000000.0,1.16951,0x1a...6e44,https://etherscan.io/tx/0x58f285bce3a9a015429f1c14367d3aee20bcbcd9101d85c107c6970441b80f49
2023-03-20 01:20:35,True,5.583e-10,3.137e-13,372909797217.0,1.17,0x1e...8bea,https://etherscan.io/tx/0x0c2fe1a36156e7c2e03e8f109231549a88079c4a95835dff417995d2eba16033
2023-03-20 01:19:11,True,5.488e-10,3.084e-13,726128509411.0,2.23969,0x06...fe96,https://etherscan.io/tx/0xc71937635d4d5dc842799a83188d26802552f6a967663e103a3befc579329a83
2023-03-20 01:18:59,True,5.42e-10,3.046e-13,81902684350.0,0.2494,0xf7...5762,https://etherscan.io/tx/0x8806eecf5b11c36691d39bed686007c8609ff6b8ba45c227125f77b3e2112caa
2023-03-20 01:16:59,True,5.402e-10,3.04e-13,32885770536.0,0.1,0xb8...9be2,https://etherscan.io/tx/0x7e8aa4037178b8e586c7de0f88af57c00d1ed65d41cee3684c04d9bab8a5eb6f
2023-03-20 01:16:59,False,5.398e-10,3.038e-13,375000000000.0,1.13946,0x1a...6e44,https://etherscan.io/tx/0x24996fdff252915e81aa99122ab5521855f8e8bfba4adbf67cb864c615cc6cdb
2023-03-20 01:16:59,True,5.448e-10,3.066e-13,162548288344.0,0.4985,0x4d...7540,https://etherscan.io/tx/0xf70197cf8257889dd878c31c0d90266b183b80bd40e3b60e5dd8eba607295946
2023-03-20 01:16:23,False,5.416e-10,3.046e-13,115774773813.0,0.3526,0x9f...935e,https://etherscan.io/tx/0x63732a415356489300a6ef9410f9672355446a464772f64476fdc59c1fd0f7e8
2023-03-20 01:16:11,True,5.442e-10,3.059e-13,212419955772.0,0.65,0x7d...6af1,https://etherscan.io/tx/0x0320c8f58fe7e38bbf1d4c48341cb52a5c0e17249bc4d141b18bc520288eafc0
2023-03-20 01:15:59,True,5.423e-10,3.049e-13,14757480592.0,0.045,0xf5...c98f,https://etherscan.io/tx/0xdc33acc9c88a9fea1379335fa164bc90276e07c166bcaa6aa62c8044c81b85c7
2023-03-20 01:14:35,False,5.425e-10,3.055e-13,534242716875.0,1.63233,0x1a...6e44,https://etherscan.io/tx/0x790cdcc49632846c32da9d1d91109d1efaed027414c9b34d940e36127aded39b
2023-03-20 01:14:23,False,5.476e-10,3.083e-13,69608839211.0,0.2146,0x7e...d1e7,https://etherscan.io/tx/0x0c186ce376382540180b38015447489d31660338ba6bb1738e7a7b4b024f699c
2023-03-20 01:13:47,True,5.469e-10,3.08e-13,863582515484.0,2.66,0xb8...9be2,https://etherscan.io/tx/0x80ae08fdc337627ed4437b4dc8a0b740c71f25564612e0d30c5facbe2f367205
2023-03-20 01:12:23,True,5.361e-10,3.023e-13,9834695214.0,0.0297,0xe8...b236,https://etherscan.io/tx/0xc9f4a22595bed3faf196a86d07d18a8409bc4ca7130e982db6dd216a2b82c5df
2023-03-20 01:11:35,False,5.335e-10,3.009e-13,85499999999.0,0.2572,0x5f...900b,https://etherscan.io/tx/0x006bb28dc90d8b1d9d4c2e19c169d320bfaa91568245bfb90d780c2e8a7e2398
2023-03-20 01:10:23,True,5.362e-10,3.02e-13,761495826725.0,2.3,0x66...1315,https://etherscan.io/tx/0x59e6401baeea03462fabd208f992caeac3208e4a5100916056c0b8aff2b096ec
2023-03-20 01:09:47,False,5.231e-10,2.948e-13,98812209941.0,0.2913,0x45...d01a,https://etherscan.io/tx/0x48ac668db54e0da92be996b04e4fb7dbc9b18b75eb0824bd145672b43ff85b3c
2023-03-20 01:09:35,True,5.265e-10,2.967e-13,74147219523.0,0.22,0x81...7cda,https://etherscan.io/tx/0x712702edb3879fe7b2b11f2c557e30f7563f0569fe7cb539e0e75d91261710c5
2023-03-20 01:09:23,False,5.228e-10,2.946e-13,3551983212.0,0.0104,0xc0...6783,https://etherscan.io/tx/0x2189fee03d83cfb73545617807cb542562a859d05eb7dda3fc6d4985f8b48570
2023-03-20 01:09:23,False,5.229e-10,2.946e-13,1111.0,3.273e-10,0x98...8c32,https://etherscan.io/tx/0xb5ef7ea04e872da056c9ba0882858eb63d9a1680faa8522ee133b754ba522093
2023-03-20 01:09:11,False,5.234e-10,2.946e-13,111.0,3.27e-11,0xca...677b,https://etherscan.io/tx/0x1e698b9ddc029242af1de1181928321e2c9391ea0269b09775f0fccc1d78ba6d
2023-03-20 01:06:35,True,5.234e-10,2.959e-13,111522413716.0,0.33,0x80...161c,https://etherscan.io/tx/0xb8ad61db2da392ae95cd26f1042c33996af15c6c1330b0a1944cb696c887068b
2023-03-20 01:06:11,True,5.223e-10,2.95e-13,86435031546.0,0.255,0x1a...65e9,https://etherscan.io/tx/0x304008511635242af1e92250f8fc9f7c082b7e672f5f86421ca2d8d530f34279
2023-03-20 01:05:59,False,5.27e-10,2.977e-13,1075943600722.0,3.20313,0x12...81a7,https://etherscan.io/tx/0x7ad010ee475c74adb3d3eb2824654dca47b01eda04f6b6fbc257b55d1c18601d
2023-03-20 01:05:59,True,5.287e-10,2.986e-13,1255621136323.0,3.75,0xab...e944,https://etherscan.io/tx/0x1e9f2e8b8f117454901cb3f749c6d73af562608de384f63140e1d0683821be4f
2023-03-20 01:05:11,True,5.113e-10,2.873e-13,1305031701193.0,3.75,0xf5...b906,https://etherscan.io/tx/0xe1187d9b5d8b2b9c946d64cf738a6f9f06916795b9b5a4a20788f08f529e610a
2023-03-20 01:02:35,True,5.016e-10,2.814e-13,772827967061.0,2.175,0xab...e944,https://etherscan.io/tx/0x8223fc7d695cc560088dee87a853454aca146ef841d47bf32f4942e9fad16e25
2023-03-20 01:00:59,True,4.907e-10,2.753e-13,708085150627.0,1.95,0xab...e944,https://etherscan.io/tx/0x75d84f7d05c653ca88a04e7d43e8f22718548734ca669746c7094e9c3436f8fc
2023-03-20 01:00:35,False,4.777e-10,2.682e-13,10729410753.0,0.0287,0xc0...6783,https://etherscan.io/tx/0xcfd6947002110c2695e14baa331143de45891f6e478ceef037507c214db2411f
2023-03-20 01:00:35,False,4.778e-10,2.683e-13,1111111.0,2.981e-07,0xca...677b,https://etherscan.io/tx/0x4cea155c2c45f55f9b006ae7435e8311f151e0266ef03fcf80bc57c0bf84da4c
2023-03-20 01:00:23,False,4.778e-10,2.683e-13,1111111.0,2.981e-07,0xbf...687a,https://etherscan.io/tx/0x8a75c57c3aa5c85f58476523c88a5396e661c60a24a806c2e100894c75d74bf6
2023-03-20 00:51:35,True,4.833e-10,2.691e-13,553640536425.0,1.49,0x5e...4e78,https://etherscan.io/tx/0x5bbcd77bb26ff5162b6807650497c8a5675dec5000c3d62fcab9c8a71e01fa9b
2023-03-20 00:48:23,False,4.749e-10,2.642e-13,45535699166.0,0.1203,0xec...0fb2,https://etherscan.io/tx/0x5af97afe79dacd68564579708bddce43a9b41a92802cf17cbfbbac104849c63c
2023-03-20 00:47:59,False,4.788e-10,2.662e-13,710262972907.0,1.89133,0x80...0962,https://etherscan.io/tx/0xe8b76cc1cf24705d5f9e0e45d6e2381e612edeb26e76243ce8b2a520cacac4f0
2023-03-20 00:44:23,True,4.887e-10,2.713e-13,36742391337.0,0.0997,0xfd...7792,https://etherscan.io/tx/0xb67967ebf5f6c22e71a07b949a3c209ca685c37c06cb3c8440169306f891bfba
2023-03-20 00:41:11,True,4.884e-10,2.71e-13,40248909955.0,0.109,0xbc...ed1b,https://etherscan.io/tx/0x45eb98bf3a039b4914109679c018e1d7e977218d62b2acdc13560867c0c544f4
2023-03-20 00:39:59,False,4.862e-10,2.696e-13,110588888999.0,0.2982,0x5f...900b,https://etherscan.io/tx/0x8c4c724aa10a5c7f095c245157efa5af8b3f4e05d30994307566541fa504cce3
2023-03-20 00:36:11,False,4.882e-10,2.703e-13,49950588162.0,0.135,0xe6...e6ef,https://etherscan.io/tx/0x3cd5d6637b7f82fa940b919e14d3b25409b64c3e265bf1ac94ee0b1a42e4dae4
2023-03-20 00:34:11,False,4.892e-10,2.706e-13,36946157782.0,0.1,0xe8...1061,https://etherscan.io/tx/0x03baea580fb92dade48f48f16e976909943b9a834d28d361520047ee910c7383
2023-03-20 00:30:23,True,5.231e-10,2.894e-13,505385343209.0,1.46295,0xec...e174,https://etherscan.io/tx/0xa3166e57b216c5eec9bb68ed9b9a678842b8b802caae35823e60527a9fdc4a38
2023-03-20 00:27:47,False,4.822e-10,2.668e-13,10005314086.0,0.0267,0x77...da8d,https://etherscan.io/tx/0xe1788f7de559fc3689a303d853a449ae9728694196e2c3033e7217e32887168f
2023-03-20 00:23:47,True,4.847e-10,2.682e-13,71438804897.0,0.1916,0x9f...935e,https://etherscan.io/tx/0x7f400f036535ad4feeb8ee4710e2db792aa2b0cd68443b0297d315a1595b8418
2023-03-20 00:21:11,False,4.818e-10,2.665e-13,58000000000.0,0.1546,0x89...cca5,https://etherscan.io/tx/0x5997e0bdab591690e280336a2ed509781ff84b68c136723885e4a1a5bc31361d
2023-03-20 00:20:35,True,4.85e-10,2.683e-13,23077393753.0,0.0619,0x29...1ae6,https://etherscan.io/tx/0x9fe052b989a396cdd2e4b4ef7c9c9ef4a3512446bb37c9101fd99f7d1f89d149
2023-03-20 00:16:11,True,4.834e-10,2.68e-13,37302958813.0,0.1,0x7d...bc37,https://etherscan.io/tx/0xd9e035c0e58e02a315386abdd62fe3994e783f8a46df5a0e50749c9fc9a2ee08
2023-03-20 00:14:23,False,4.822e-10,2.674e-13,506242865595.0,1.35387,0x7d...bc37,https://etherscan.io/tx/0x39cf2c2197468e58bd1234506def9129154b30bc163daa04169fdc1851b1394c
2023-03-20 00:07:59,False,4.954e-10,2.743e-13,1035877899672.0,2.84209,0x3f...7810,https://etherscan.io/tx/0xd39db091c8741524b9525fcb91a3c0c622eeec991c3cdb3f7395817392737f5d
2023-03-20 00:06:47,True,4.977e-10,2.754e-13,1162329814717.0,3.20207,0xda...504f,https://etherscan.io/tx/0x9793eb955c970744385e0cabd027134d08a3dde1f60a21a18a5144742a062aeb
2023-03-20 00:03:23,False,4.865e-10,2.693e-13,42616994664.0,0.1148,0x7c...a51a,https://etherscan.io/tx/0x98b2a419e1fef3b54fea8ab20a255f205e84cb89f9a874e3626502e7231762b5
2023-03-19 23:56:59,True,4.88e-10,2.704e-13,192286472855.0,0.52,0x08...c2fb,https://etherscan.io/tx/0x28ff4399da2e0afd32bfe3ae7d2f95988cb806aa78e912b0b0ddfdd3068a221a
2023-03-19 23:55:23,True,4.864e-10,2.695e-13,37293174542.0,0.1005,0x0a...feb2,https://etherscan.io/tx/0x616278312641795ab685a83b8ea9db3f4d3662b117fb478a7188529bfdf34896
2023-03-19 23:55:11,True,4.856e-10,2.69e-13,81972431140.0,0.2205,0x8d...7255,https://etherscan.io/tx/0x4244e29ce6cad22530ca004afdbd7bc81ad2aea3f6014fdaabb385842c01dbc8
2023-03-19 23:53:35,True,4.834e-10,2.678e-13,227724213977.0,0.61,0x08...c2fb,https://etherscan.io/tx/0xb562ed3b3fedd6d3151eee3500c675334a43c0534ad387de4c43fdf48979e13c
2023-03-19 23:52:47,False,4.8e-10,2.659e-13,154146449016.0,0.41,0x81...7cda,https://etherscan.io/tx/0xb5aa66fb8ccdedba0e3c8b0578bc62d737839d8c9608c44d01bc2518d94f8186
2023-03-19 23:46:35,True,4.842e-10,2.681e-13,16733706485.0,0.0448,0x46...60ed,https://etherscan.io/tx/0x3a76895a1540175a665d4b3e9fbd6acbd85588856b5ad83c2cccd16e2e03d559
2023-03-19 23:43:23,True,4.829e-10,2.674e-13,165928056511.0,0.4437,0xa4...e56d,https://etherscan.io/tx/0x1875d425b71519bf666f95d44c722df2e5f186a8ce03bb54e650477c526e64e9
2023-03-19 23:41:35,False,4.821e-10,2.673e-13,557981197108.0,1.49156,0x99...a63b,https://etherscan.io/tx/0xdfa64ee6641b9ae54ee7dc45321d682fe9e6dfb9a88aaf8187b68552f6b19217
2023-03-19 23:40:47,True,4.975e-10,2.761e-13,820821370632.0,2.26695,0x60...1741,https://etherscan.io/tx/0x8e7b6fece6bfe669ced2c7e12ee8891543dbebd9c244545f4883567cacd1db3b
2023-03-19 23:40:47,False,4.81e-10,2.67e-13,1019427183988.0,2.72223,0x36...597d,https://etherscan.io/tx/0x6657a8b305aefa10750fd920a2a914ee5f5359a56938fefbc4f5b6e650e96e7d
2023-03-19 23:39:23,False,4.889e-10,2.713e-13,100000000000.0,0.2713,0xa4...d883,https://etherscan.io/tx/0x83efcc8424e108b1a2a658e81b5a7141d6342d56f6153ec37d7b311f2828fdae
2023-03-19 23:37:35,True,4.919e-10,2.733e-13,6227309315.0,0.017,0x9a...f38a,https://etherscan.io/tx/0xbb05af1cf4b8815d14e6cdd4b4e9101782a88deca993b779d4b63efc732ad40b
2023-03-19 23:32:47,True,4.913e-10,2.732e-13,30464374274.0,0.0832,0xa4...e56d,https://etherscan.io/tx/0x61d7d7681e68cc71c556604f1ef1f5b1c1972609bb3cd0787152d7e82eedae86
2023-03-19 23:32:11,False,4.89e-10,2.718e-13,90709295031.0,0.2465,0xc8...80f1,https://etherscan.io/tx/0x0f0e9cf2ba35e9472411d7410dfaa8de302fd3ee27627f69324465aa6c9278a5
2023-03-19 23:26:23,True,4.916e-10,2.738e-13,6011226515.0,0.0164,0xa0...393c,https://etherscan.io/tx/0x6c34cebe30bf29126963270f5c22c2f0343ce3da3ddb08f6f677c8a12b5a4094
2023-03-19 23:15:35,True,4.853e-10,2.697e-13,1019427183988.0,2.7501,0x36...597d,https://etherscan.io/tx/0x9e77d6e70f960e97a5a833db070f6b634a49e48dffdcc046e5ab95e9a763bf82
2023-03-19 23:13:59,False,4.791e-10,2.662e-13,753615637228.0,2.0067,0x5e...4e78,https://etherscan.io/tx/0x4f529ff0b8417a8f25b542c2a9d985d7f1a4de231a12eb6b35010a7f7026b019
2023-03-19 23:11:59,True,4.883e-10,2.711e-13,127963093831.0,0.3469,0x3f...9157,https://etherscan.io/tx/0xe1de474314a8fb2c9014d4ac1d54be1b1c981b5cbae8a33456c2c16cc1538cbc
2023-03-19 23:11:35,True,4.873e-10,2.706e-13,4063032910.0,0.011,0xec...c4bc,https://etherscan.io/tx/0xb84badfc77895f0509be85ad15886fbb87d70e04e58d5f8aa4bfe5e424716473
2023-03-19 23:08:23,True,4.855e-10,2.703e-13,73985010723.0,0.2,0x64...8164,https://etherscan.io/tx/0xd693dd27799b131cef27cb6c2d4f43153ddb0dc2e8643363a6ebd47ff447a5b4
2023-03-19 23:04:47,True,4.787e-10,2.668e-13,816312860495.0,2.17855,0x97...0896,https://etherscan.io/tx/0x4d0d88cc0cf005286c2467ee51c2864c0fd1f8d558d025434c89cc46d5db6028
2023-03-19 22:55:35,False,4.72e-10,2.631e-13,250000000000.0,0.6578,0xbf...c475,https://etherscan.io/tx/0xa1ecb4f3710eb81175893a0de6a2d80342d8d132c43212634912d31af29df072
2023-03-19 22:53:59,False,4.765e-10,2.658e-13,682854096182.0,1.81526,0x7d...16ec,https://etherscan.io/tx/0xd57e0fe36e9b629f105365d41bbdb48b3a1cca00e2c94cc0da39c12d662ad279
2023-03-19 22:51:11,True,4.842e-10,2.701e-13,205347916217.0,0.5546,0xe5...fc95,https://etherscan.io/tx/0x1334ff12b75349e2a439ecc4883c1f3e5689335b45f984abcf298f880c21713a
2023-03-19 22:51:11,True,4.826e-10,2.692e-13,26001332701.0,0.07,0xef...d751,https://etherscan.io/tx/0xb681b8ac8316b6db4857f9622e28f14cc348d3094ef19a4894f2e7d03d40f25c
2023-03-19 22:50:23,True,4.825e-10,2.679e-13,310197367960.0,0.831,0x25...3089,https://etherscan.io/tx/0xd0ff02c97728d20aeab3c085aca17412a9f94e1f1dd036348052b48dd5726b8b
2023-03-19 22:46:23,True,4.798e-10,2.666e-13,19126562160.0,0.051,0x93...def4,https://etherscan.io/tx/0x03bf520c4549443fc3fb6a2632ea5d6fb6f4cbfb935432235ae27bd0d60f2bc1
2023-03-19 22:44:59,False,4.804e-10,2.668e-13,496710881807.0,1.32562,0x76...8f54,https://etherscan.io/tx/0x7e282832ed7fa189ce82ad82f5885cf54fae8538649abefb10328809a46c39ba
2023-03-19 22:41:11,True,4.86e-10,2.703e-13,20828893923.0,0.0563,0x93...def4,https://etherscan.io/tx/0xd877bdb58508f2df16797bfb1e52a2c66b6383532372643cbbec3ec08c76a6b7
2023-03-19 22:35:11,True,4.825e-10,2.673e-13,757546751661.0,2.025,0x60...1741,https://etherscan.io/tx/0x5dcff46932a97ada40f2f440870bef6d5f7a3d2506e79234dd1658a7671cec85
2023-03-19 22:34:35,True,4.716e-10,2.612e-13,833535531706.0,2.17792,0xc9...27b6,https://etherscan.io/tx/0xc75fe3baf30d9c3f1e1258c939f274284b2c1c90fa52c400b3cb3411df849efc
2023-03-19 22:28:35,True,4.671e-10,2.586e-13,587672505212.0,1.52,0x1b...3fd3,https://etherscan.io/tx/0x20b0ea21b632bb9e009956ebc49787dfc1c6fc27730af4e41e579a89b8bf4ea9
2023-03-19 22:24:11,False,4.561e-10,2.524e-13,15403534516.0,0.0388,0x98...cbd1,https://etherscan.io/tx/0x677be54dc1aa06dde5452cac9defac35a098b3c19e4797cc7ef9f11960e217ab
2023-03-19 22:21:47,True,4.541e-10,2.512e-13,796017242807.0,2.0,0xcb...4ad9,https://etherscan.io/tx/0x93ecea22a4dba1c179317fc9eb413ef25fbbf5846c3602a6f99ba4f20d5f3691
2023-03-19 22:18:35,True,4.484e-10,2.481e-13,80580756776.0,0.2,0xc1...529e,https://etherscan.io/tx/0x8ffbd16e85996ef95a36575105696daac8fd1cd6d6043cf9f23546caeb2a149e
2023-03-19 21:58:23,True,4.43e-10,2.471e-13,214414741502.0,0.53,0x4d...af55,https://etherscan.io/tx/0xc939c5d9189f155954b4ae07aad6cba60c7d0ddc4c18ca2821d3488af4521b29
2023-03-19 21:58:11,False,4.481e-10,2.499e-13,1453956958014.0,3.63486,0x36...597d,https://etherscan.io/tx/0x1e8b29f99ec197284ce9696f70712e579d5b7ccaf787a651e5d9d93fd6cd4391
2023-03-19 21:51:59,True,4.512e-10,2.51e-13,1580220081035.0,3.9669,0x60...1741,https://etherscan.io/tx/0x74f3875f7389c82d5493871338eeb8731656e025237e356f916373b76f3a9f53
2023-03-19 21:49:59,True,4.323e-10,2.407e-13,1453956958014.0,3.5,0x36...597d,https://etherscan.io/tx/0x9890f81afa6a572ecfdc512a3c929dc44b503d168240c4c4965a6935df692fc4
2023-03-19 21:35:23,False,4.27e-10,2.356e-13,349160388193.0,0.8229,0x9f...7e8b,https://etherscan.io/tx/0xf0608523ef912dc38dab7fadfe40d026a5e789ca367e659ff7a8c6d5244a7055
2023-03-19 21:34:47,False,4.296e-10,2.371e-13,104002789330.0,0.2466,0x9f...935e,https://etherscan.io/tx/0xbd978fc900b7b586f3e7ade5e3ecdb46c2db4e0c17b13e6d229c08cae520b187
2023-03-19 21:31:23,False,4.317e-10,2.383e-13,259539487637.0,0.6185,0x76...7c84,https://etherscan.io/tx/0xe1890bb20af42d58e2c850ef91dadc602ebbcafc430153829ac29e08fe141641
2023-03-19 21:26:59,False,4.351e-10,2.401e-13,307915709014.0,0.7395,0x7c...d24d,https://etherscan.io/tx/0x7ade6c11d461e8119520593aab69b55a9e3397a23652f67bf5a3f759a043fb45
2023-03-19 21:01:23,True,4.415e-10,2.424e-13,51734895045.0,0.1254,0x96...6c91,https://etherscan.io/tx/0x30c598751137dc3fb7017095340aa1521cdbc7366f603ca8ca0654869fbd4e5b
2023-03-19 21:00:59,False,4.39e-10,2.41e-13,70000000000.0,0.1687,0xca...21ca,https://etherscan.io/tx/0xdc50b4c2477bbce4f966b1fbc0af33969e1ea7173451e12b29453128b93cd1c6
2023-03-19 20:54:23,True,4.412e-10,2.42e-13,225313045001.0,0.5452,0x7d...16ec,https://etherscan.io/tx/0x19028dbc7ddbb54fb01bb8e35306a2169d72f1b100c7a43b849860babaa73a21
2023-03-19 20:53:59,True,4.392e-10,2.409e-13,100000000000.0,0.2409,0x99...2c5b,https://etherscan.io/tx/0x7ba94ca821c8e4f9a5c894eb3d654a596a12034f5ec7a69bd8d2dd81ae5a6d16
2023-03-19 20:49:35,True,4.355e-10,2.39e-13,457541051181.0,1.09397,0x7d...16ec,https://etherscan.io/tx/0xf52e4e12f5d191ea853fb230245d8ef75da8b18b1bbdccbb816472ded1ebc9f5
2023-03-19 20:47:59,True,4.502e-10,2.473e-13,658760772118.0,1.62946,0x96...eccb,https://etherscan.io/tx/0x1b3a6ff474c6530e5b252d19048a20e03b332df5628a17b6dd60cb84dc2ed9f6
2023-03-19 20:43:35,True,4.233e-10,2.319e-13,468800308242.0,1.08722,0xc9...957f,https://etherscan.io/tx/0x664a4c571c6fa69f3de20391602a805d6f5865f3619944972e5cd759ec8681d2
2023-03-19 20:37:11,False,4.227e-10,2.308e-13,559528265895.0,1.29144,0xbb...c2ef,https://etherscan.io/tx/0x9330a9803a1154fb8646f9de82a0df20d1f0c7864599a694cf942c1b30d42431
2023-03-19 20:28:59,False,4.256e-10,2.325e-13,6769002353.0,0.0157,0x94...c140,https://etherscan.io/tx/0x4873f5e8a7a6b15fb311bc9929a8da68625d221f057ecafa1402c04cd809c629
2023-03-19 20:28:59,True,4.282e-10,2.339e-13,6412895203.0,0.015,0x95...de00,https://etherscan.io/tx/0x8472e053c656ebfccb014de7a422f3a8ee74a20bece1adf7418207ce587e70e5
2023-03-19 20:27:47,True,4.276e-10,2.338e-13,18024995097.0,0.0421,0x16...0b1c,https://etherscan.io/tx/0x7f744a7edc56712ccc4febcd7dfcb454d95d88cc11a77796024a037da27618b8
2023-03-19 20:16:59,False,4.261e-10,2.329e-13,153595028500.0,0.3577,0x0e...e3bf,https://etherscan.io/tx/0x734f6f7ac114d288892d68f562cbe5f0eb1cf9e41ce59891b42a67946300b708
2023-03-19 20:16:11,True,4.284e-10,2.338e-13,291921699709.0,0.6827,0x9f...f0ce,https://etherscan.io/tx/0xd6f5742eca5ba29f1a4a745fcfbc1b5577702fae8ac5f5fb1159be710b46749f
2023-03-19 20:11:47,True,4.245e-10,2.322e-13,215252351407.0,0.5,0xd5...24a6,https://etherscan.io/tx/0x88c49a541b5b1cfe209079104e93c996b5a43ab8fe306dc620b1080940db6c69
2023-03-19 20:07:35,True,4.206e-10,2.304e-13,385379015193.0,0.888,0xd9...5241,https://etherscan.io/tx/0x02ca7cc387262f0328a92cc354817b0695e784d5e73a69caa9f8f93901580c0d
2023-03-19 20:06:11,True,4.17e-10,2.286e-13,186252005061.0,0.4259,0xa4...e56d,https://etherscan.io/tx/0xcc202533b90b57f2347c403442c6742973104b9c16f2f33fb395b8f72aaf1c68
2023-03-19 20:03:23,False,4.173e-10,2.287e-13,670683415287.0,1.53437,0x16...4bec,https://etherscan.io/tx/0x6b689f19959690efdb4909e1569167ef4b4b72ae74b301a68118c0a41e606c30
2023-03-19 20:02:11,False,4.263e-10,2.344e-13,1137943442061.0,2.66742,0x36...597d,https://etherscan.io/tx/0x3992bf102954c1b48d066dda8e1abe56049fa29e840a86f5c4bfacc2f7d9e04a
2023-03-19 19:59:23,True,4.329e-10,2.379e-13,789479955980.0,1.87822,0xa4...e56d,https://etherscan.io/tx/0x136d1cfae9131b37e3060e7ee7e06fa3bd83486cb8c77349831caa6bb3bc978f
2023-03-19 19:54:35,True,4.233e-10,2.331e-13,780762039959.0,1.82,0x16...4bec,https://etherscan.io/tx/0x3fbb14684319a31bd0355e548591ec0d21f3b4ed5914ae6184689a7ec1d87663
2023-03-19 19:50:23,False,4.138e-10,2.282e-13,34813359266.0,0.0794,0x0b...593e,https://etherscan.io/tx/0xb12d87c2ef93fac6eb118230e7d90b8d378c64701f50803f9bcf0c97a3a16517
2023-03-19 19:49:47,True,4.111e-10,2.262e-13,1137943442061.0,2.575,0x36...597d,https://etherscan.io/tx/0xafaa775e45702860077ec8c33b6301da0aea87a8a03cb46a2e69b9583ae0a136
2023-03-19 19:48:35,True,4.054e-10,2.228e-13,11217401033.0,0.025,0xb7...ed92,https://etherscan.io/tx/0x73b01cd28a687cfcbde08d02402e8e231f967959a22fea49f1c2ede7868af867
2023-03-19 19:38:11,True,4.045e-10,2.226e-13,79246653264.0,0.1764,0xbf...9a66,https://etherscan.io/tx/0x3956769e68ee63b0905ef9a70f8ec4dbb7e397bfddfbc9fac2b0f4eeac270e77
2023-03-19 19:35:59,True,4.043e-10,2.223e-13,10344554516.0,0.023,0xee...9999,https://etherscan.io/tx/0xbf39663b4887ec77fe107ceefdd55c2e626e5402af5086e9b43e84cc247d9f9f
2023-03-19 19:35:11,True,4.043e-10,2.222e-13,8291315984.0,0.0184,0x66...f2ee,https://etherscan.io/tx/0xb239572556292063ce233ee45210ee25a4c0e0ab6c54115fd6af11ff5ec988c4
2023-03-19 19:11:35,False,4.073e-10,2.248e-13,1334116330580.0,3.0,0x66...bf43,https://etherscan.io/tx/0x6bf3051d6fa2a0088e1848a0bced3804f6944db6ff00c23a2e3bede20a8d18fd
2023-03-19 19:07:23,True,4.139e-10,2.291e-13,359388094445.0,0.8235,0x38...fb46,https://etherscan.io/tx/0x8f0ed46786a4ef7dd8d525e7c07d61ed6c3956dfbd538edef69ac47240c34d21
2023-03-19 19:05:23,False,4.103e-10,2.269e-13,88127336171.0,0.2,0xbb...c2ef,https://etherscan.io/tx/0xd355b25b79428a985ea96e1faf0d43d6c27d4c3e3e062da7fb2023dcdc0d518b
2023-03-19 18:47:47,False,4.127e-10,2.274e-13,84752138657.0,0.1927,0x99...f259,https://etherscan.io/tx/0x99186c5157f4104889dd5c13495383fcd2622509813be3ab82c9d67e0424925b
2023-03-19 18:43:47,False,4.13e-10,2.277e-13,22494448838.0,0.0512,0x13...6e45,https://etherscan.io/tx/0xa694adcd514a3b4120581006931c94276b7dd37ecef95109f212ea12cfeb1e5d
2023-03-19 18:32:59,True,4.141e-10,2.289e-13,87349679693.0,0.2,0xb3...279a,https://etherscan.io/tx/0xb3096b24b9c76d711f1fdb091fdf6f39f168d666f5d2cad6f7059b74aeee2a82
2023-03-19 18:26:47,True,4.14e-10,2.286e-13,24280000811.0,0.0555,0x70...0246,https://etherscan.io/tx/0xec56cb2b4dc4d7667d3c390f4978abb2e1a2cbf0ef35105e6bdd62c7e957a58e
2023-03-19 18:04:35,True,4.123e-10,2.278e-13,240485141205.0,0.5478,0x4e...dd94,https://etherscan.io/tx/0x95f755a264d40e3ba0228442da05a0547eb993c792809d4a3c951762c3f5f177
2023-03-19 17:51:35,True,4.137e-10,2.261e-13,307915709014.0,0.6964,0x7c...d24d,https://etherscan.io/tx/0x63df7d329d888a132bff4ed6bf85d9b3b16a0c022ab69884af94891861b80194
2023-03-19 17:47:11,True,4.095e-10,2.251e-13,35533544532.0,0.08,0x73...88c9,https://etherscan.io/tx/0x1aeaeb758d89eb739d686c5074a4d9d5af02dee8ddd456dbeff780ac0115323a
2023-03-19 17:44:35,False,4.096e-10,2.248e-13,394614581575.0,0.8873,0x96...2629,https://etherscan.io/tx/0x61468125f18c8cd0b17d9c76d9eb760f16804b5b35ef4517c386494af38237b0
2023-03-19 17:43:23,True,4.13e-10,2.266e-13,239022753324.0,0.5418,0x76...7d5e,https://etherscan.io/tx/0x0808f00d7d4ea5dad82f5fd64308b2e08e20e62cacb52817f9187770b9383063
2023-03-19 17:43:11,False,4.148e-10,2.277e-13,1036315726752.0,2.35995,0xff...d5f7,https://etherscan.io/tx/0xd7b1bdd5f6239e538030b4e570d03f50c96f908f16d261006cb4ff09537dd02d
2023-03-19 17:40:35,False,4.205e-10,2.314e-13,182725416950.0,0.4229,0xfe...6c57,https://etherscan.io/tx/0xa52f9fdcd15a6ff87a1daf338991f05409a226a8bf889f8ee05cebf779fe9840
2023-03-19 17:19:35,False,4.183e-10,2.321e-13,42337928308.0,0.0982,0xd3...a7a8,https://etherscan.io/tx/0x594375019bc253f10ee3a3d3f20becd9b7c8afe263afe234c82033953d9d5cd8
2023-03-19 17:16:35,True,4.197e-10,2.336e-13,12727867516.0,0.0297,0xf7...9e1e,https://etherscan.io/tx/0x37e0911db404a45ea363c198517f52bdd9695224d4a9604dfbae07c9b6d827b4
2023-03-19 17:12:11,False,4.181e-10,2.326e-13,150000000000.0,0.349,0x9e...5a6b,https://etherscan.io/tx/0xdbe97dfc571c9803672df667f402ce161237ac8d7f5829ac190e4733839e416b
2023-03-19 17:05:35,False,4.2e-10,2.333e-13,77214756730.0,0.1802,0xbf...9a66,https://etherscan.io/tx/0x82bd7700b603bd5e571652b4095dbbe7c0cd0077612ee8ccce88082c35b4d611
2023-03-19 17:01:35,False,4.195e-10,2.337e-13,49191363565.0,0.115,0xc8...c9cc,https://etherscan.io/tx/0x57bec1512c77028196342de1178189bca0c69c9c81c8e55ca1dedd21cd158b78
2023-03-19 16:55:47,False,4.209e-10,2.341e-13,64350000000.0,0.1506,0x9f...935e,https://etherscan.io/tx/0xb8b080aa6928f52bebdf177aa3cbd3d8e5fa38deab25e046eb01d0d3c2c57189
2023-03-19 16:21:47,False,4.211e-10,2.346e-13,106527917185.0,0.25,0xbb...c2ef,https://etherscan.io/tx/0xcff55c8f0face253ae48d67ef732f21b752d1f63bc1716ab548a26c656eeaae8
2023-03-19 16:09:47,True,4.253e-10,2.362e-13,58413491947.0,0.138,0xe8...b40d,https://etherscan.io/tx/0x08992b83d7e17fcd9ad180e2d6918c53d41d875fb0afacfbaa8cd383e89f8d6e
2023-03-19 16:08:59,False,4.232e-10,2.351e-13,150000000000.0,0.3526,0xd5...4de5,https://etherscan.io/tx/0x04fd347a58229cb0d06819616228a14bf27b6c65f48efbb7c4394e59626a2ccb
2023-03-19 16:02:59,True,4.24e-10,2.37e-13,418216797.0,9.912e-05,0x7e...7f8d,https://etherscan.io/tx/0x97e68aaf64f30fc8f00175759a012a56732b2194043f10c8796a33ac3787b994
2023-03-19 16:01:23,True,4.24e-10,2.369e-13,18841568237.0,0.0446,0xdd...dd33,https://etherscan.io/tx/0xf35cfac102b743e66762fda73a37a529d9ce0ccce8b8b00d8c3e0010cb4d0374
2023-03-19 16:01:11,False,4.211e-10,2.356e-13,51688375253.0,0.1218,0x15...2e05,https://etherscan.io/tx/0x62205e6603dbf78052e50c10f83f8d8afaf439698b58753e6c67d1c2c1a77820
2023-03-19 15:56:35,True,4.211e-10,2.36e-13,375201806424.0,0.8855,0x30...9da5,https://etherscan.io/tx/0x70bd57e41362be5024fdb019c0e86f826a8d61871c5e8e5f78fa9ee37086de7f
2023-03-19 15:52:59,False,4.17e-10,2.335e-13,44784069462.0,0.1046,0xfc...6d00,https://etherscan.io/tx/0xbd4ef3592604f0a6334799d3cf949aff642c7bfcae6d609513f16e1e55ac5ff2
2023-03-19 15:24:35,False,4.161e-10,2.337e-13,27264133669.0,0.0637,0x3c...a179,https://etherscan.io/tx/0xd60c5009590a7235f040d84d11b51b93ce492ae06ff28db839c289bf611fd81a
2023-03-19 15:21:47,True,4.087e-10,2.296e-13,2813908432839.0,6.46127,0x6d...e5a1,https://etherscan.io/tx/0x98bd1d92e7165698894bce8f05a166da1d0448e63f8e9b30d62d23e8bc668dcc
2023-03-19 15:20:11,True,3.886e-10,2.183e-13,10164170707.0,0.0221,0xe1...325c,https://etherscan.io/tx/0xfc56aed394d2903d9e308acce0fccf07af560f1f97ce3cbc1d1790a4a46f96f0
2023-03-19 15:15:23,False,3.86e-10,2.171e-13,46060916589.0,0.1,0xf8...8b2d,https://etherscan.io/tx/0x273479a44575198dba6fcaf1d97ba1b9ea50a68839a2c1546dc38219627f818f
2023-03-19 15:04:35,True,3.832e-10,2.156e-13,1036315726752.0,2.23456,0xff...d5f7,https://etherscan.io/tx/0xc9648ec93c4b2866de59851defbc6f2013a0c54af2aac6f194e5ac20152e6d21
2023-03-19 15:04:35,False,3.867e-10,2.175e-13,2176047955918.0,4.73424,0xc9...27b6,https://etherscan.io/tx/0x76a13b675896dff589eb8ed59522e9a5940a9b26cc09fec6ec759edbdf5432ed
2023-03-19 15:02:23,True,3.996e-10,2.25e-13,46922554208.0,0.1055,0x85...cc07,https://etherscan.io/tx/0x6f1e077f4634c3da66d2f493fc75f12c4c6b8a2e8c85653a13b6cb21b7f1e97c
2023-03-19 14:57:59,False,3.972e-10,2.235e-13,25800000000.0,0.0576,0x8a...4bcf,https://etherscan.io/tx/0x23591f25bf474b91cf7ee8607f1483f49c792270cfbfd8258f238f1bd88778e9
2023-03-19 14:45:47,False,3.986e-10,2.244e-13,258330306604.0,0.5797,0x7c...d24d,https://etherscan.io/tx/0xc9b746c6dd1590b5ae64110c74753c3401d61701b37e09ac108cde9ecd40af4c
2023-03-19 14:18:59,True,4.024e-10,2.262e-13,496710881807.0,1.1236,0x76...8f54,https://etherscan.io/tx/0x509061017e25d757cdcbcf81a727e2f51c8c179529d7c4f378ec8e6407260b01
2023-03-19 14:16:23,True,3.977e-10,2.235e-13,1280300241.0,0.0028,0x12...1326,https://etherscan.io/tx/0xcb9874a5d7e8a144e2dfea732b555667acfc31be9327c3248135dc10fa364863
2023-03-19 14:10:23,False,3.952e-10,2.223e-13,20764312078.0,0.0461,0xce...49b4,https://etherscan.io/tx/0xc61bfd2f3041e371bedd0a657778af549ab003f80350e4f87d8923fdca9b8538
2023-03-19 13:56:59,True,3.988e-10,2.236e-13,25487487309.0,0.057,0x71...cdd2,https://etherscan.io/tx/0xcc3d0935ec616ef670a1321359b79d9f85612ba838c3a6860c6a37c2e6acc60a
2023-03-19 13:55:11,False,3.965e-10,2.223e-13,39523969426.0,0.0878,0xe7...fe64,https://etherscan.io/tx/0x6a906e04bc39582a2ffb50a504d8209a546c6f39d99cb30e558c10327fcd8754
2023-03-19 13:55:11,True,3.988e-10,2.236e-13,46743181984.0,0.1045,0xfc...7523,https://etherscan.io/tx/0x476ffab59d5ae56e24ef376e3c0161bd49dbe2ba08203348591256ec3b38c6c2
2023-03-19 13:48:11,False,3.976e-10,2.228e-13,214059860767.0,0.4769,0x2a...d743,https://etherscan.io/tx/0x7fbb070c85b7dd69058b750fea355e4be6130fdd92cc79f1b4b8f973f52a12fe
2023-03-19 13:47:47,True,4.009e-10,2.246e-13,47907584359.0,0.1076,0x06...2b35,https://etherscan.io/tx/0xe36ed564478e37c5b99239a32b030238434833ca42e627d048822213efd8309b
2023-03-19 13:47:11,False,3.985e-10,2.232e-13,44534831114.0,0.0994,0x96...2d3c,https://etherscan.io/tx/0x0edc078251b5d4f2cd2c2ce841b6e15a5234b4432e0724bf912867874551ce4f
2023-03-19 13:46:47,True,4.01e-10,2.247e-13,19522467629.0,0.0438,0x7c...8438,https://etherscan.io/tx/0x3a5b490c311c158d4b68c14df7c6394f63009a8883ada8358b88d08416481d26
2023-03-19 13:24:59,True,4.124e-10,2.311e-13,259539487637.0,0.6,0x76...7c84,https://etherscan.io/tx/0x6fd5798ce26c2e00b61c58dd50b9cb21f207884a9d18b06449a1b5c7b9d7dd61
2023-03-19 13:24:47,False,3.961e-10,2.22e-13,96229581900.0,0.2136,0x9f...935e,https://etherscan.io/tx/0xdda393ad298915945fc2388d6c89495c94bf75e493d5b3c913d13e634a568ef6
2023-03-19 13:04:59,True,3.989e-10,2.234e-13,53698886257.0,0.12,0xc8...17b3,https://etherscan.io/tx/0x0934d85eb8d8bb597c08c1ad24676aa6761bdc7df78318e82c4efcedc8092512
2023-03-19 12:46:47,False,3.946e-10,2.221e-13,40250578376.0,0.0894,0x84...d854,https://etherscan.io/tx/0x158de39a215e2cce727c6982c99c2fe22a9ef66455f5aa6eeb4807f3072b6f9f
2023-03-19 12:46:35,True,3.968e-10,2.233e-13,75392151001.0,0.1683,0xcd...2614,https://etherscan.io/tx/0x33593fa9b9fef23a7f894a983f70ecce9363bafe8f01beb9f5f7a40b68009bd4
2023-03-19 12:43:23,True,3.962e-10,2.23e-13,32362587038.0,0.0721,0xde...b127,https://etherscan.io/tx/0x748d35a1c50ee32f580974e06ad305e8db52bd555c167a44a6ac5985bb82314d
2023-03-19 12:42:11,True,3.96e-10,2.229e-13,1870863308.0,0.0041,0x37...8f8d,https://etherscan.io/tx/0x85591132c3d9812cf2f6fd0c5558b19ba8eabea0826d156429d67d008d2c339e
2023-03-19 12:39:35,False,3.959e-10,2.228e-13,435951992293.0,0.9716,0x7c...ba9f,https://etherscan.io/tx/0xc69cdf54998cc926aa24f9028777a0764a0b4df208dc7860130da38a3344875a
2023-03-19 12:37:35,True,3.989e-10,2.247e-13,254646185750.0,0.5723,0x76...7d5e,https://etherscan.io/tx/0xf8fbd09c051f4b636f846e6328ceb49e74ef22635b797dd131dd84e0741705d9
2023-03-19 12:37:23,False,4.027e-10,2.269e-13,1429618444776.0,3.24419,0x36...597d,https://etherscan.io/tx/0x7ac4b7f6adfaff2f2d479c31d161e3493db3e8dcef4ff321cae99231dbe5c0b3
2023-03-19 12:35:11,False,4.109e-10,2.316e-13,121565963929.0,0.2816,0x51...3055,https://etherscan.io/tx/0x132c741ff5450c11341b40f1e7c7ffabb6d66617f8c69d623abc9902595340a0
2023-03-19 12:31:23,True,4.14e-10,2.334e-13,3822065240.0,0.0089,0xa1...1f2c,https://etherscan.io/tx/0x3e355e1d778026ee335c1791157953198495cabe9bbfcedcef35676167605d0f
2023-03-19 12:25:11,False,4.126e-10,2.323e-13,98130468128.0,0.2279,0xac...138b,https://etherscan.io/tx/0x0c9aa5351099f13a812e5fe21f8ceb772dde929c23dd229769fe2165943ef1d1
2023-03-19 11:37:59,False,4.14e-10,2.33e-13,124721796885.0,0.2906,0x76...7d5e,https://etherscan.io/tx/0x63d3ee4414aa82fadacff26618d04dea4c2f66cbe03364d8a97131dc4d0fb9a3
2023-03-19 11:25:59,True,4.169e-10,2.347e-13,4738712273.0,0.0111,0x35...df90,https://etherscan.io/tx/0xb339d272c79e4514c1643b55ea7cc93524a740d10b965b0018b569c439cdfbea
2023-03-19 11:21:35,False,4.147e-10,2.338e-13,153913504485.0,0.3599,0xeb...2156,https://etherscan.io/tx/0xb9fefc5efabd10889ddd5ebc1a0b443a270ad998867c83171b71690007c7c591
2023-03-19 11:11:47,True,4.182e-10,2.355e-13,48812160850.0,0.115,0x52...a112,https://etherscan.io/tx/0x08f28a514e2ef1332d1a30aa178757752f40319b96fd3628f2b8d3722c510fac
2023-03-19 11:09:11,True,4.172e-10,2.349e-13,142443452678.0,0.3347,0x24...6964,https://etherscan.io/tx/0x64cbc466b600b95f8e8a21a2d0d172cbbf6b6e3a65bb14c851532976deb24ad7
2023-03-19 10:56:59,True,4.167e-10,2.344e-13,21350000000.0,0.05,0x3f...1829,https://etherscan.io/tx/0x5aea824b317ca8ade436d705f4386d8b8a1df3f5a85dab6f5ce1aee15f870a97
2023-03-19 10:55:59,True,4.154e-10,2.337e-13,208000000000.0,0.4861,0x1a...dc4a,https://etherscan.io/tx/0xf9b2fa3977592e537b52f7fdf2ed180ade7f4549208e1faa42aa4b33b77e8e08
2023-03-19 10:55:35,False,4.132e-10,2.324e-13,248185858194.0,0.5769,0x2e...64f4,https://etherscan.io/tx/0x70d453421d8b2886c721c8e948c332d579ff253988c75b6186a63f7478e6e3e2
2023-03-19 10:54:11,False,4.147e-10,2.333e-13,27137525726.0,0.0633,0x65...e4ca,https://etherscan.io/tx/0x5192b5173ed5d0fb4f2da232e6d7457044d8964e7806c804fa0ca472a269163c
2023-03-19 10:51:35,False,4.154e-10,2.338e-13,136012664561.0,0.318,0x0c...d434,https://etherscan.io/tx/0x0a425769ea5cdeff3ec994be34cc8e52b6caa75bf29d6bd776950d8cab8c77cd
2023-03-19 10:51:35,True,4.107e-10,2.312e-13,1429618444776.0,3.30533,0x36...597d,https://etherscan.io/tx/0xd264ecb05426954e0541533cda5eac21220bb49b4d80952d4cd76721ab1e5ab1
2023-03-19 10:33:47,False,4.038e-10,2.278e-13,805423054072.0,1.83552,0xf3...bb9a,https://etherscan.io/tx/0x57c9c7f53fc311e45da3f954cc60124102d1b4739e6b78a31bcff193b7d67b75
2023-03-19 10:16:23,False,4.084e-10,2.305e-13,65596672360.0,0.1512,0x48...a616,https://etherscan.io/tx/0x458af2513f273260e6a944e45995ee1a37af78c095f1461a9b7bbc7ca0477ecc
2023-03-19 09:55:59,True,4.124e-10,2.321e-13,6036344381.0,0.014,0xb2...b6aa,https://etherscan.io/tx/0xd694b84c9cde63af8fb44cb90074165084db86b161ce9d3bab446542a4747bd4
2023-03-19 09:41:35,True,4.124e-10,2.32e-13,6922848470.0,0.016,0x31...b1a2,https://etherscan.io/tx/0x6a39de7b2e5c480038c241f11b29a386f899078f447430bafc5cd5e52f656b22
2023-03-19 09:40:35,False,4.099e-10,2.307e-13,9483073437.0,0.0218,0xc9...27b6,https://etherscan.io/tx/0x7c69edf82b188f58ee3b97c7903274b4dd6a191ff9b6238b36b86c82d1b406cd
2023-03-19 09:39:35,True,4.125e-10,2.321e-13,6584488120.0,0.0152,0x31...b1a2,https://etherscan.io/tx/0xa48d9c01806305c431943739765b8bca8d84a3f266427292ec79b340a9157c44
2023-03-19 09:38:59,False,4.105e-10,2.308e-13,54069286405.0,0.1248,0xca...21ca,https://etherscan.io/tx/0x99df14a7a990e93ae8dc9c3bc37f98d40cfa50bd3147599838a7a592d1accde4
