datetime,buy_order,price_USD,price_native,amount_token,total_native,maker,etherscan_url
2023-03-25 19:47:59,False,3.937e-10,2.258e-13,12258758897.0,0.0276,0x55...d739,https://etherscan.io/tx/0x053e33263196fb624eeb1392dd5df0a0c54b6eb5cd6edfa35131badbcf07629b
2023-03-25 19:40:11,True,3.936e-10,2.257e-13,479901197425.0,1.08357,0x3a...8df8,https://etherscan.io/tx/0x18192ac7010af10a13958d5d93283ae52aad8a6018111b8ad8250449d8adf5ff
2023-03-25 19:02:23,False,3.907e-10,2.239e-13,322221797943.0,0.7217,0xcf...116f,https://etherscan.io/tx/0xfbd23e359f3e22af0b2ef3678feb9bf444263d204c41b2a0f231949e5899bb2e
2023-03-25 18:54:11,True,3.909e-10,2.239e-13,800000000000.0,1.79137,0xbd...1bfa,https://etherscan.io/tx/0x00cde77fe01e911d068094916e08b08b155092ba602026977ef9b8706922dcf8
2023-03-25 18:52:35,True,3.874e-10,2.219e-13,672572806836.0,1.4925,0x1d...4e47,https://etherscan.io/tx/0x2ce3de2bf79d3519d06abd5ce8016459388b613f6c6e1d35148fe594cd8d5805
2023-03-25 18:49:47,True,3.8e-10,2.176e-13,45807697342.0,0.0997,0xe6...07c2,https://etherscan.io/tx/0x0d2dccb4b685fcd1c24848b83097ab2b131a1870c63903bf32b9507c6d4cf39c
2023-03-25 18:44:59,True,3.783e-10,2.167e-13,268695692682.0,0.5824,0x12...0f2e,https://etherscan.io/tx/0xbd3d17a8777f6122e199276dbd226bff695763e57589ba8750a5514a92efa7bb
2023-03-25 18:44:59,False,3.812e-10,2.184e-13,1338754866558.0,2.92481,0xc4...adfb,https://etherscan.io/tx/0x26598a88b71556cc06b189705f08fa763e191dab0ef558106a3142dd712ef2a6
2023-03-25 18:28:35,False,3.903e-10,2.235e-13,451442036930.0,1.00933,0x69...2e42,https://etherscan.io/tx/0x174de9e4bc337bb3277a3231cc00d8519931768ff0aba83a78830c6efedc67f2
2023-03-25 18:10:47,True,3.964e-10,2.261e-13,41850270957.0,0.0946,0x32...ff46,https://etherscan.io/tx/0xfd3d13b714b4326d10c5a9ab64bb60dc8cd9f89e292db66a3820ba68733bb3a2
2023-03-25 18:07:11,False,3.942e-10,2.248e-13,66712045428.0,0.15,0x13...3119,https://etherscan.io/tx/0x35d65d57cffdcec6bb4a9a77e336352a9cacd2c38bb273fb78ab5f3a5af56e37
2023-03-25 17:40:35,True,3.965e-10,2.258e-13,174179191936.0,0.3934,0xa6...4cb2,https://etherscan.io/tx/0xb0200d799f7837a73270720010dfa9e1f3cf1b1c254c3e5f5910556c36d6b26b
2023-03-25 16:58:59,False,3.944e-10,2.245e-13,190000000000.0,0.4266,0xe5...fc95,https://etherscan.io/tx/0x40a9df5cd01bd16cf021880345d723e5bd455884871bb27123e1feb3d6538b7d
2023-03-25 16:56:11,False,3.97e-10,2.257e-13,200096716200.0,0.4516,0xc6...fed0,https://etherscan.io/tx/0x10cfab5bc0a3e51d0e6d987ba5db23c8bf212251d89ac6495905da4f44afb199
2023-03-25 16:47:11,False,3.974e-10,2.266e-13,111118022888.0,0.2518,0xa4...5994,https://etherscan.io/tx/0xd5061346e8f61ec9dd37685002597cc093de49c4354fb9dfab02bf1c79d02bc6
2023-03-25 16:40:47,True,3.991e-10,2.279e-13,122820453088.0,0.28,0xcf...3670,https://etherscan.io/tx/0xc7f9fe75c6409d18eb7f96620755d81ed1e95614894db5be124abe2e7ca949a1
2023-03-25 16:28:23,True,3.976e-10,2.275e-13,21781671592.0,0.0495,0x18...0902,https://etherscan.io/tx/0xf246fe3f815d1e9b59720a326d9fa2dd376654611f5d9e2939232200a2c4c759
2023-03-25 16:27:35,True,3.964e-10,2.268e-13,218505679797.0,0.4956,0x18...0902,https://etherscan.io/tx/0xe2a91123406e3eb8eb8c979cd071aee0a9ff9a3b9bb50c6fffebcbdec9259f10
2023-03-25 16:10:11,True,3.955e-10,2.261e-13,13266306296.0,0.03,0x35...20f7,https://etherscan.io/tx/0x9cf9912e44ac7ca62d410bbb3fc376c5f492acf8e0c4e1ed8d3f74137d7b857a
2023-03-25 16:06:35,False,3.949e-10,2.257e-13,337695687598.0,0.7623,0x8c...42e1,https://etherscan.io/tx/0xa2f45b17e0d0185a9864ecbcda4a132df24626c9d163ac136845fd1866e12ef3
2023-03-25 15:56:23,False,3.979e-10,2.272e-13,154479559310.0,0.3509,0xb8...ed36,https://etherscan.io/tx/0xed0f8c75b75949b81e7a7de45d18f4b5c0cb4b1422aa061fbd1021211f5ccea5
2023-03-25 15:53:59,True,3.96e-10,2.26e-13,1000000000000.0,2.26048,0xbd...1bfa,https://etherscan.io/tx/0x1fddfb49ad02f07f77d5c67eba796fdd6c1a8ae2f6eb81b87145b6677cfc93f0
2023-03-25 15:51:59,True,3.901e-10,2.227e-13,134699185971.0,0.3,0xdb...b51b,https://etherscan.io/tx/0x12f330eb5308d1bfde5e8fce80b6451d62563fa434a95a980ad1937c9de89d0f
2023-03-25 15:32:59,True,3.898e-10,2.223e-13,5430226221.0,0.012,0xe9...da72,https://etherscan.io/tx/0x1948b9eccb22e66da8dd483e99f9acaae4ca187657b0d98b3e1eac6f2bc0b7e5
2023-03-25 15:30:35,False,3.878e-10,2.211e-13,67561403360.0,0.1494,0x84...2512,https://etherscan.io/tx/0xf9010402d8bb1494d4c74e330e7fa0bcab4369ef852accb360064d93b8f201d3
2023-03-25 15:03:59,True,3.84e-10,2.188e-13,1338754866558.0,2.93015,0xc4...adfb,https://etherscan.io/tx/0x32624b0623d7e91117d608ce5af5ea339fe9d4929c4e53d2ca6c9fe19fe583e1
2023-03-25 15:00:11,True,3.771e-10,2.15e-13,12903561538.0,0.0277,0x18...0902,https://etherscan.io/tx/0xdf46c95b4722e3724ce11c56c35d78b1fd9f22a2617fb41ee103bcbf3e742eb8
2023-03-25 14:52:47,True,3.75e-10,2.141e-13,346341251595.0,0.7415,0x8c...42e1,https://etherscan.io/tx/0xc973376cbafac25a44ef50795c8392e86c9231ea8be7546c060c5a1e54bb1d3a
2023-03-25 14:48:35,False,3.727e-10,2.125e-13,229993034561.0,0.4887,0x0c...6f26,https://etherscan.io/tx/0x473e8f9edaab2e10ffeb54199cec9302da10ce3b7fe5098fca488f5c881a19ca
2023-03-25 14:42:59,True,3.756e-10,2.143e-13,21783760981.0,0.0467,0x0a...feb2,https://etherscan.io/tx/0xfd4b5a47d1d5ea49526a91d6baf63e81d938967c4e2177134d8eeb0de6e1318d
2023-03-25 14:40:47,False,3.735e-10,2.131e-13,50828884546.0,0.1083,0x96...0123,https://etherscan.io/tx/0x68cb5f7a87bec640bb52774be2c941966194499ba79b1063c7674c8ba3d4075a
2023-03-25 14:38:11,False,3.744e-10,2.133e-13,17410664018.0,0.0371,0x03...501f,https://etherscan.io/tx/0x49289743c9afbf5045dc3810bf717930ae4bee489f171dc909848d475b95a73d
2023-03-25 14:37:59,False,3.757e-10,2.141e-13,270000000000.0,0.5781,0x18...0902,https://etherscan.io/tx/0x9b4db79cfa8947fb683edd48e1484a38e9a53ff18fad2cec37c0d19682d2546e
2023-03-25 14:37:59,True,3.788e-10,2.158e-13,111118022888.0,0.2398,0xa4...5994,https://etherscan.io/tx/0x6a9a01e71c35fe56ac139e2332ee2895a792adafe23fd34bc50b316e9caccd75
2023-03-25 14:36:11,True,3.769e-10,2.154e-13,25525545733.0,0.055,0x66...5ff3,https://etherscan.io/tx/0x9b224a962cec8b9740e004deff5a71b0309f88dae151917bfaeacfd45f92c4ec
2023-03-25 14:30:59,False,3.743e-10,2.143e-13,104930400789.0,0.2249,0xfd...ea71,https://etherscan.io/tx/0x3ecacc610db1337cae1db2b5cd5adda0c8a1f1a2ae6081c9b29dbef78b55014f
2023-03-25 14:26:23,True,3.764e-10,2.159e-13,23680218596.0,0.0511,0xfe...c948,https://etherscan.io/tx/0xe82dbcb111410cfa2e1d30b8c2f60e48dafc15232f949a14137b9310de1e75b5
2023-03-25 14:23:23,True,3.76e-10,2.158e-13,13779563742.0,0.0297,0x71...a99a,https://etherscan.io/tx/0xc70190c0ecdab50ecfe9a3dcc9e8114d7c57367bf36d660972207f6d1ad7e76f
2023-03-25 13:57:23,True,3.758e-10,2.155e-13,64742738433.0,0.1395,0x8a...5d6c,https://etherscan.io/tx/0x759dccabbe5c0c5752f7785796ab670235c5a6f76e340757d88dfedf76a88be7
2023-03-25 13:38:23,False,3.736e-10,2.144e-13,114328000000.0,0.2451,0x6b...7dea,https://etherscan.io/tx/0x5abaccd67a3262bac1a451a67df454de8dda86646bde21ab81aa7c5800203c51
2023-03-25 13:35:47,False,3.757e-10,2.158e-13,403036181213.0,0.87,0xdb...b51b,https://etherscan.io/tx/0xf774f05de8cd10b97ab922d7ec3657d6f68b61bc32d80419dd866fea5e860dc3
2023-03-25 13:31:47,False,3.802e-10,2.182e-13,440000000000.0,0.9601,0xf2...07fc,https://etherscan.io/tx/0xfadb3c09462f02f35bc9cb96e65680949fece0f28c207aeb2de57409b5599012
2023-03-25 13:00:59,True,3.849e-10,2.206e-13,35211721645.0,0.0777,0xe8...4f95,https://etherscan.io/tx/0x2e92a464b208991df7047ba9f230a12765e896f19c8a4c4b932d10c0f9d6a597
2023-03-25 12:56:23,True,3.84e-10,2.202e-13,127152838025.0,0.28,0x7f...fcd9,https://etherscan.io/tx/0x69083f6373ae8ca8b6f737b1589e432a33cd36f64b1748d76904ae92a9f846b4
2023-03-25 12:34:23,False,3.849e-10,2.202e-13,595000000000.0,1.31031,0x73...da8f,https://etherscan.io/tx/0xc3714af651a38da7f24c24bb17040abf6b865233d1cbbb545ceb22485f762cda
2023-03-25 12:27:23,True,3.887e-10,2.225e-13,248344487408.0,0.5526,0xc8...e3c4,https://etherscan.io/tx/0x19543e7a847200c599ca0710f272494edcb5a0337947d28ef5eb3e9ac9cb31fd
2023-03-25 12:19:35,True,3.872e-10,2.216e-13,44972853406.0,0.0997,0xe6...07c2,https://etherscan.io/tx/0x730e8003f8378494a693edf96b3a24d8790a877e38ebd311f5d8f9614aa0326f
2023-03-25 12:09:11,False,3.877e-10,2.219e-13,580772975660.0,1.28875,0x41...fef6,https://etherscan.io/tx/0x95b67f5249900a23c7ee2cd94abc99f59c0ec1ca58ad6df095958846ea8fe926
2023-03-25 12:08:59,True,3.926e-10,2.247e-13,68082774013.0,0.153,0x0e...362e,https://etherscan.io/tx/0x14577e76de6a32b4e13ae820b3b00bb5915edf7486b3acf28f27c89fd9a83577
2023-03-25 12:05:11,False,3.901e-10,2.232e-13,35483870968.0,0.0792,0x9f...935e,https://etherscan.io/tx/0x24ebea4ed5e5cf5cbb7f4fe98ddd4c3d9706b3c24dec09860b6da7975eed43ef
2023-03-25 11:52:59,True,3.91e-10,2.236e-13,610394484752.0,1.365,0xd7...3c41,https://etherscan.io/tx/0xad6b7652f6b57db2453fde0416d0518428b7b79ba3c5e87ab759229fecc42c2a
2023-03-25 11:47:35,True,3.852e-10,2.202e-13,323005446348.0,0.7114,0x75...2c3a,https://etherscan.io/tx/0xcff816606d6813a737cb3538d3dea0a6fc30430a2abc1c5cde8636eb48a4f776
2023-03-25 11:33:35,True,3.818e-10,2.19e-13,91012088398.0,0.1994,0xe6...07c2,https://etherscan.io/tx/0x750e78a75f2e7445c84fafc1b52b5f05a2488b9677ff197933c05550b6c54c67
2023-03-25 11:26:35,True,3.796e-10,2.176e-13,435600560182.0,0.9479,0x41...fef6,https://etherscan.io/tx/0xa3be8961effc2ab6e46dbd8932b7871c04a2a6987ba57505d8b4e61eb5f880d0
2023-03-25 11:26:35,False,3.753e-10,2.151e-13,15632203211.0,0.0336,0x19...1993,https://etherscan.io/tx/0xc938c12e5023d952871d4d5bd22257af3de3fbb973d0f3998913ef4fe545ad2f
2023-03-25 11:23:23,True,3.779e-10,2.164e-13,9158799878.0,0.0198,0x85...c75c,https://etherscan.io/tx/0xc68b9f2a19a1b4d621f9b59ae88a6414a03b065e4e1e1f63ceda7855c94debad
2023-03-25 11:13:47,True,3.756e-10,2.15e-13,706495619683.0,1.51905,0x73...da8f,https://etherscan.io/tx/0x902cc1a69228dee5c133c77214772f2cb6c54e839809b6ebfe56ba517d01e349
2023-03-25 11:13:11,True,3.712e-10,2.124e-13,28237105513.0,0.06,0x39...261f,https://etherscan.io/tx/0x8a2ca5aec36e06aefd6e0319fe0ee7ea20f4e17b82ea59d59d7df710390bccee
2023-03-25 11:12:23,True,3.693e-10,2.113e-13,376828900897.0,0.7966,0xf7...f84e,https://etherscan.io/tx/0xd317f7ed23a4178e189b9083326e9e5bd820d0555da4f08170261d544452b242
2023-03-25 11:10:35,True,3.668e-10,2.098e-13,200000000000.0,0.4197,0x74...fd82,https://etherscan.io/tx/0x4c81b8692af4c07863fb816028e4d106d1d23f7ad9be14f3f6f81a46e8aa5923
2023-03-25 11:10:11,True,3.658e-10,2.092e-13,14333950830.0,0.03,0x66...5ff3,https://etherscan.io/tx/0x179feb410d4b916db51757abd686794aaeea2c1f9b22444917d8f5a24cf6fb3b
2023-03-25 11:03:59,True,3.645e-10,2.085e-13,275755157179.0,0.575,0x76...7d5e,https://etherscan.io/tx/0x646e451a15b731cc94a76fd7b81ba8c43a9f64717bd70ee56149644e161ae1ca
2023-03-25 11:03:59,False,3.663e-10,2.095e-13,1138047468193.0,2.38484,0x51...29c5,https://etherscan.io/tx/0x08273f1a39c7e535e056daaff85511e473eeb7f293ad4c6fd5115eb8373fe2b3
2023-03-25 11:01:11,False,3.773e-10,2.157e-13,1157733871475.0,2.49794,0xff...d5f7,https://etherscan.io/tx/0xecbe2f7ea7fe392fb9de8d16ec6c57f1f2cdeeb1f5620676a169615ba419d2be
2023-03-25 10:51:47,True,3.836e-10,2.198e-13,160019210160.0,0.3517,0xb3...550f,https://etherscan.io/tx/0xefe9d90a15e9765ab7ecd15d20135b7cd371b0f8b784eafb13547859123fa437
2023-03-25 10:50:47,True,3.823e-10,2.191e-13,100408931581.0,0.22,0x24...8038,https://etherscan.io/tx/0xcb189be73b25f7e02d4bdd56d2964caeedfcc7789833a2e234aa0028f16bcec3
2023-03-25 10:43:35,True,3.759e-10,2.155e-13,1157733871475.0,2.49604,0xff...d5f7,https://etherscan.io/tx/0xe18a42541ec53e205312f59b3408be6dc010d59acccd4b0e8566cc572a9be109
2023-03-25 10:43:35,False,3.799e-10,2.178e-13,2427275247044.0,5.28823,0x7b...b5d7,https://etherscan.io/tx/0x7964b6df356298283885a98cf05784dd553825cb3f09a76503578ba315d3d611
2023-03-25 10:40:47,False,3.922e-10,2.25e-13,103483171460.0,0.2329,0x0c...6f26,https://etherscan.io/tx/0x2be4a00f25412159b359bf952df1de5a5cb04e627b33525fb73deecb620838dc
2023-03-25 09:54:35,False,3.943e-10,2.261e-13,272300858871.0,0.6159,0xc8...17b3,https://etherscan.io/tx/0xeb8db27fef98f80f99988b9ca6e44f1144f60790673bcae1450af57f0c608fd5
2023-03-25 09:34:23,False,3.963e-10,2.272e-13,75256800678.0,0.171,0x29...e145,https://etherscan.io/tx/0x7edf5c8ac0c170994df0bc7c100b66767014d5adc15ea9d0469bf58634d44e8d
2023-03-25 09:19:11,True,3.99e-10,2.282e-13,183006929573.0,0.4177,0x65...ed0e,https://etherscan.io/tx/0x5df5fcf99eebda18039a599924f6b3566a158d49532b88e91b19a293689515fc
2023-03-25 09:18:11,False,3.957e-10,2.264e-13,18878783181.0,0.0427,0x29...1fcf,https://etherscan.io/tx/0x7183ecf0f0fcf52ddedeeb52d0222dd8b0e3978c9ef5116ff65629cf55e6e985
2023-03-25 08:51:23,False,3.992e-10,2.281e-13,552764484062.0,1.26095,0x41...fef6,https://etherscan.io/tx/0x89eb1cd7e0e1022d25c58d6a54c8d943ed9bec4801ce1591bb550aac274356ac
2023-03-25 08:47:47,True,4.043e-10,2.307e-13,123056532129.0,0.284,0x92...8f58,https://etherscan.io/tx/0xaf39e125a0c288b589d1bd1f792c8d420667138cd9acf6a0a529a9ccaeffb0a8
2023-03-25 08:39:47,False,4.017e-10,2.295e-13,154791665918.0,0.3552,0x80...0411,https://etherscan.io/tx/0x4d8fe33376c0ab687fabe02f0d85c2ff3f1996eb5eab69db7bdf0608b6112b23
2023-03-25 08:31:23,True,4.047e-10,2.311e-13,80914326148.0,0.187,0x32...c974,https://etherscan.io/tx/0xa615ff89f5cc6bf43296633f95fd050359c1393db75ab2903975d89f0805e50e
2023-03-25 07:34:47,True,4.031e-10,2.308e-13,5148319158.0,0.0118,0x8e...e3b4,https://etherscan.io/tx/0xaa3666e958d6c4dc3bdd1bea557021ea38045bd8040505c261d77d88b49527ca
2023-03-25 07:32:11,False,4.018e-10,2.3e-13,211873229948.0,0.4875,0xd0...2655,https://etherscan.io/tx/0xd8daf676ff716c1c04b6e61c647a378caafe657adce71d3546dadd916155d0a0
2023-03-25 07:30:47,True,4.043e-10,2.314e-13,210000000000.0,0.4861,0x39...b6b6,https://etherscan.io/tx/0x77193b7a157f987627f6f063fcbf1d4bcf35fc77f105f006cb3e9add8baa9496
2023-03-25 06:50:35,False,4.035e-10,2.311e-13,560000000000.0,1.29453,0x5e...4e78,https://etherscan.io/tx/0x934dc58243a2f9e9954d423eb97ed364d8cc2c02520f7c63a5d7faeae203a36c
2023-03-25 06:48:47,True,4.09e-10,2.342e-13,25878062084.0,0.0606,0x83...6f8c,https://etherscan.io/tx/0xdf2e08486a4a3bc5a7d05574997073ab3f23da415a3a83aa7665556985611ee3
2023-03-25 06:22:11,True,4.097e-10,2.336e-13,143480249819.0,0.3352,0xa6...4cb2,https://etherscan.io/tx/0x097ab6a7b6e008f493ac66b4460f2161f8c97d4126618e017540fff65e25ac59
2023-03-25 06:18:23,True,4.075e-10,2.324e-13,249922145275.0,0.5809,0x76...7d5e,https://etherscan.io/tx/0xa98967611fdb7d3fbfa9bd9d8ade3fcf3118936dd95158b20b1de583b8283985
2023-03-25 06:18:23,False,4.12e-10,2.35e-13,1518099567850.0,3.56798,0x36...597d,https://etherscan.io/tx/0x490215935d219aea42c3cab101cced78a0ddcd88d0237f7cc29b1074b4189314
2023-03-25 06:09:23,True,4.206e-10,2.4e-13,1852656994205.0,4.4472,0x67...ae6c,https://etherscan.io/tx/0x20b4fb70971ea3b78fdd5e2206611557652afc0937604442a03da7757ae5b48d
2023-03-25 06:09:11,False,4.038e-10,2.304e-13,731873849680.0,1.68664,0x3c...d030,https://etherscan.io/tx/0x7c654a1165166fba9e44b60e6d71ecddb74ac015a240d5d8d2be8c153cd90ee3
2023-03-25 06:06:59,False,4.088e-10,2.332e-13,182748439497.0,0.4262,0x76...7d5e,https://etherscan.io/tx/0x44a95f86309190aa91153986bf590f5c5d17272a667c0edd2551d6cf96344d10
2023-03-25 06:06:47,True,4.04e-10,2.305e-13,1518099567850.0,3.5,0x36...597d,https://etherscan.io/tx/0x4b6c7e47d041fd1a0416cdd7fdef0dc4b2d946f8d8fde4e46410055d6ec82f31
2023-03-25 06:01:59,False,3.942e-10,2.249e-13,101316987563.0,0.2278,0xb9...a6df,https://etherscan.io/tx/0x1e0ba5ecf3c1f9aa8c8bc3a692d4d333f32a2af1a95fdc762c6fc7c7055f8f29
2023-03-25 05:18:35,True,3.968e-10,2.261e-13,154791665918.0,0.35,0x80...0411,https://etherscan.io/tx/0x4faa8bdbf8e24a51222907dcd5f7c4c858de9a245dc0a60dec19283914a5e751
2023-03-25 05:09:23,False,3.948e-10,2.248e-13,200000000000.0,0.4497,0x8a...1383,https://etherscan.io/tx/0xee39ba29da0c83b13ef37ca2cce2c4352af59b42c0cea74e0119431a0275fe75
2023-03-25 05:03:11,True,3.982e-10,2.267e-13,17637980171.0,0.04,0xaa...8c25,https://etherscan.io/tx/0x0aad761e0b7f08968fb5181ced31471c027d67798ad8e0b22792822b28fe75b2
2023-03-25 04:48:23,True,3.98e-10,2.266e-13,10400696834.0,0.0235,0x96...2d3c,https://etherscan.io/tx/0x12bb3ef5a24f10856504d12b21ae8fccce2989dbe29b475bd15619edcec49e64
2023-03-25 04:25:47,True,3.981e-10,2.264e-13,57395630321.0,0.13,0x79...f4be,https://etherscan.io/tx/0xc6230b897a784c56bdd75083f265f8e687830256d51c60386b0f1f3e12375a01
2023-03-25 04:20:35,False,3.957e-10,2.251e-13,69500000000.0,0.1565,0xfb...6bfd,https://etherscan.io/tx/0xf79832b00361be7a18c18199b4293d81787399c75fe0335a94b1991eb2fe919b
2023-03-25 04:16:23,False,3.977e-10,2.262e-13,300000000000.0,0.6788,0x8a...1383,https://etherscan.io/tx/0x6900ebb16c4285bbe5df14be6d7505e096789a255a725cace7de61f3d0015fa6
2023-03-25 04:09:11,False,3.996e-10,2.273e-13,61612051777.0,0.14,0xb5...5563,https://etherscan.io/tx/0x50237fa81ad5ab864da0d0c621711ddf03921750e2c98535a44ff62420b56c16
2023-03-25 04:04:23,True,4.024e-10,2.288e-13,20000000000.0,0.0457,0xa1...adf3,https://etherscan.io/tx/0xb0ecafce8a7b3984f369a6e2a02d0581732074cb7819a2820db0888df528a45f
2023-03-25 04:00:35,True,4.023e-10,2.287e-13,10590356296.0,0.0242,0xd1...a13d,https://etherscan.io/tx/0xa9163c8616634fbbd31ecf11f16986825bf53285d579db1345bc15e160a1e513
2023-03-25 03:53:59,True,4.022e-10,2.286e-13,5864845409.0,0.0134,0xd1...a13d,https://etherscan.io/tx/0x8b001f4373901ce54f3a455ed78d14e290fac5d29c516e3aa99c46e23280203b
2023-03-25 03:49:35,False,4.004e-10,2.276e-13,123508880181.0,0.2812,0x10...ba1f,https://etherscan.io/tx/0xf6af129c3c2e89c56b97725320b6f6d1813a8eace25d9e1faa42f43ed71917d6
2023-03-25 03:42:47,False,4.033e-10,2.292e-13,390200856296.0,0.8944,0x3b...7190,https://etherscan.io/tx/0x5a0db22a71f60b32ca9324a0d00cfe2ff5ca54932a63cb0ac7c8cfb470d18659
2023-03-25 03:42:35,True,4.036e-10,2.294e-13,777578864369.0,1.784,0xb9...445e,https://etherscan.io/tx/0xff988d7f6e70e0d1759581014e802250883dc8eaa9f18e7a0be64e14edc08668
2023-03-25 02:50:11,False,3.955e-10,2.257e-13,11406011087.0,0.0257,0x8a...1a38,https://etherscan.io/tx/0x6c00fcfce731965f5cb4cc04db0288e04cd933d7e1076ebf6a9d0b32707eab1b
2023-03-25 02:44:35,False,3.954e-10,2.258e-13,32705633094.0,0.0738,0x11...6038,https://etherscan.io/tx/0x6009581038b99a7c6a3d95dc5062fd572bdce67cc92ed3acdfd429ea6f574369
2023-03-25 02:40:11,False,3.965e-10,2.261e-13,56980714917.0,0.1288,0x79...a164,https://etherscan.io/tx/0x07f9e432d7fe8290337a17dc2a4ac151f590f5b3e480f0d1b195b2fa93f36e99
2023-03-25 02:39:35,True,3.985e-10,2.273e-13,122802536736.0,0.2791,0x2d...48fb,https://etherscan.io/tx/0x41ccd278b3f0ed0b9f58cf62504b372c7cbd4d9b75480104d609fbd6c4c38550
2023-03-25 02:29:11,False,3.954e-10,2.256e-13,16155806185.0,0.0364,0x71...314c,https://etherscan.io/tx/0xa0bf9e29bb8f7a357b9d9b9491d6533e6be8859c8ff1f630bf9093748ed57fbf
2023-03-25 02:27:59,True,3.973e-10,2.268e-13,83521107862.0,0.1894,0xc7...3fe3,https://etherscan.io/tx/0xf9cd3b8ad99f7df3a05af2cbcd6dc1fe8779278497405e0f351c9eff77ab94c2
2023-03-25 02:25:35,True,3.964e-10,2.262e-13,102573782388.0,0.232,0x7e...d1e7,https://etherscan.io/tx/0xfa0719cf81d530ef7949a547374285c6135f6c517d754553f533d441f6766823
2023-03-25 02:21:11,True,3.956e-10,2.258e-13,42061108504.0,0.0949,0x39...4441,https://etherscan.io/tx/0x02565b8a02f5eb3c78cbf0a798c4c0f595fb34215f726cb4ea560344f9324a98
2023-03-25 02:10:23,True,3.934e-10,2.24e-13,552764484062.0,1.2386,0x41...fef6,https://etherscan.io/tx/0xf0b1a70180ff062868f32cfb5862d9fd9b96c98f9547ee7ca4d4d39f6f916ba9
2023-03-25 01:57:47,True,3.9e-10,2.22e-13,135089631923.0,0.3,0xf7...8444,https://etherscan.io/tx/0xce851c7ef70339f1c42d245c64ecc5931acccddebefa491034e870e381dde2aa
2023-03-25 01:53:23,True,3.887e-10,2.214e-13,83390676082.0,0.1846,0x5e...4e78,https://etherscan.io/tx/0xaa717e7354843bbba471e865258043a23257ec55a8863ca30755edf0564c8c54
2023-03-25 01:51:35,True,3.884e-10,2.212e-13,2240617406.0,0.0049,0x70...de58,https://etherscan.io/tx/0x1a4ada2e0385807ac042a46967586fffe0472e7f8fad6542e5d5041ffb182edb
2023-03-25 01:50:47,False,3.862e-10,2.199e-13,32342475336.0,0.0711,0xf2...07fc,https://etherscan.io/tx/0xd16843f1d7a56bb20807b980afc40d39d6cc0267803767f6133ffdb32a3a368c
2023-03-25 01:49:47,True,3.885e-10,2.212e-13,58591257145.0,0.1296,0x07...a9e5,https://etherscan.io/tx/0x349e74bc0e51e456be1a6c4b7431ffe59d00a497e6744caba2f1870831cc6e29
2023-03-25 01:46:23,False,3.915e-10,2.229e-13,1111597672173.0,2.47804,0xc4...adfb,https://etherscan.io/tx/0x58a1ea636c5202643c03219456fadc83a567e9a19c2ebb34edaf33afb2772701
2023-03-25 00:59:11,False,3.962e-10,2.265e-13,111265475159.0,0.252,0xb9...2a25,https://etherscan.io/tx/0x49b1516d3de2545fa86457b4519d639ce580ea0edb6bcba3d717f4bb623141f3
2023-03-25 00:57:35,True,3.932e-10,2.249e-13,1111597672173.0,2.5,0xc4...adfb,https://etherscan.io/tx/0x84f04132b9ca9bbd5fdee997e79dbca8a5285a3343fb5f3ad81fcc8868e36c07
2023-03-25 00:50:47,True,3.874e-10,2.215e-13,21934963858.0,0.0486,0x3e...5a91,https://etherscan.io/tx/0x83cb058905f367c9a4e2cce93dab6422a82c0f68e89736bef1e9960a166002e7
2023-03-25 00:48:11,True,3.867e-10,2.211e-13,125157651814.0,0.2768,0x52...a112,https://etherscan.io/tx/0x7f54df66de972985d53fb54d1c36f209e64a14f26ad91e5bd02c0b039ad411b5
2023-03-25 00:36:59,False,3.85e-10,2.203e-13,286805473186.0,0.6318,0xa6...4cb2,https://etherscan.io/tx/0x988555f7fd69e2a2c4e2cb368b32d428e733d9bc199b0029887a56336ed72cc0
2023-03-25 00:29:59,True,3.888e-10,2.221e-13,100399372457.0,0.223,0x25...81b4,https://etherscan.io/tx/0x25506e83520d79abb622e243d0ffd64d0292879f637bf6de166f02e1d9e91899
2023-03-25 00:24:47,True,3.882e-10,2.215e-13,113656568389.0,0.2518,0xcf...8cc6,https://etherscan.io/tx/0x21b0954f2852997b8108edbe7e6eff7fc6e3c4c0dc247b91e7ed18139b5d647e
2023-03-25 00:04:23,False,3.839e-10,2.2e-13,63997390890.0,0.1408,0x03...501f,https://etherscan.io/tx/0x451d4b9e58a65b7a028ecdcbdc1064ec794a357042a563d5da60aecd0e8583ea
2023-03-24 23:43:23,True,3.868e-10,2.214e-13,34907177202.0,0.0773,0x7d...dea0,https://etherscan.io/tx/0x55eaa84b567228e68738cbe40decc98d719605e939e3890fe74c400f93bdb36c
2023-03-24 23:34:35,True,3.851e-10,2.204e-13,312928359367.0,0.69,0x5e...4e78,https://etherscan.io/tx/0xd2cd2d569645707c1859efbd5c5b5f79999f74dd274fc1df8b23036cbada8dae
2023-03-24 23:29:11,True,3.832e-10,2.194e-13,67708409987.0,0.1485,0x30...9da5,https://etherscan.io/tx/0xe593a8961861971581d540259e46c065985ceb033ef965c8c0725aaa0d39b3e3
2023-03-24 23:22:59,True,3.826e-10,2.191e-13,43359045767.0,0.095,0x65...4a1d,https://etherscan.io/tx/0x5d36ee7c8248434d1ca85d7b2449185e583d3681a3c14e5b2f078ff2bed5b071
2023-03-24 23:21:23,True,3.825e-10,2.189e-13,2827520000.0,0.0061,0xc9...c906,https://etherscan.io/tx/0xae69276cb71f06751f5f6d8ca4d6073c3d62774223668d094f67dba268e079bd
2023-03-24 23:17:59,True,3.819e-10,2.188e-13,45696917183.0,0.1,0x26...3a6e,https://etherscan.io/tx/0xc32f0599efe33be1411b368fa356d13edb19073b81d77a6f59a92e5d951cc32f
2023-03-24 23:15:23,True,3.815e-10,2.184e-13,95435927100.0,0.2084,0xcb...6bb9,https://etherscan.io/tx/0x8b350518b3702837ed098bdc9fa3b5aadd5eeab4c2880e3d64c4d8f88e9bedc7
2023-03-24 23:09:47,False,3.809e-10,2.184e-13,582432423446.0,1.2726,0x3a...8df8,https://etherscan.io/tx/0x2e75760c13da4667caf76cf3e3784ced66c1ec7dd064cf282d595743bc057d02
2023-03-24 23:08:11,False,3.843e-10,2.204e-13,115497324678.0,0.2546,0x47...2e1e,https://etherscan.io/tx/0xe594e11e8d5a64c9003eb41f8fa6b5f15a18c9bb1690a6c7a79009b8ebe34bf0
2023-03-24 22:56:47,True,3.871e-10,2.22e-13,36031673101.0,0.08,0x0b...3331,https://etherscan.io/tx/0x0bb4da09160abffd966c3856cbb9cceaa355ad0e9d54bd948878114eaf61f5d4
2023-03-24 22:50:35,True,3.861e-10,2.216e-13,111828397857.0,0.2478,0x16...533f,https://etherscan.io/tx/0xb64f236718936be831a1830a2e1bd1767f45aa010f24f19a4c715a9aae3f3d93
2023-03-24 22:44:23,False,3.84e-10,2.202e-13,121007705595.0,0.2665,0xe9...52f2,https://etherscan.io/tx/0x7d1b89d1e6baa4089f1641de82a483720a154435e4eea6102c97097fd9c56f64
2023-03-24 22:32:47,False,3.826e-10,2.206e-13,12852478489.0,0.0283,0x2f...ab1c,https://etherscan.io/tx/0x44f81fbd9eae4a6f1e83c831a0a4426ba6d259cd671f4a3cf8385e920c68191e
2023-03-24 22:26:35,True,3.845e-10,2.219e-13,25590592276.0,0.0568,0xbe...bb73,https://etherscan.io/tx/0x95c87a96e955310efb15efd0e2a7b4280ce3d4c50c32bd59c53f590c90b998b6
2023-03-24 22:16:11,True,3.865e-10,2.218e-13,10231189179.0,0.0227,0x3d...e1d1,https://etherscan.io/tx/0x92659b2f9842c6ac49a5bdba21ec8ea67befa6af70533cc8f483c725e00328db
2023-03-24 22:01:11,True,3.869e-10,2.213e-13,161000000000.0,0.3564,0xcf...ba7e,https://etherscan.io/tx/0x392e805b32686c71d43f9c6bf3414013e12ed338c05bb637e018630aaf98b594
2023-03-24 21:46:47,True,3.848e-10,2.206e-13,97477668124.0,0.215,0x7d...bc37,https://etherscan.io/tx/0xa0402d663eb571f8e89f85161d42177c877ec39feb343f5778d98d119dff4eb5
2023-03-24 21:30:11,True,3.863e-10,2.203e-13,1783585384.0,0.0039,0xe9...18b7,https://etherscan.io/tx/0x2a9371b28c2232b2a5a5086aeb284b0bb113cf18ea029aa4470f8beb2e9d6be4
2023-03-24 21:18:23,False,3.854e-10,2.19e-13,11694113175.0,0.0256,0x9b...0139,https://etherscan.io/tx/0x675597d07b8f96c6615305270eb358302cfefbd4c19f7a3ffbe52de2628cec76
2023-03-24 20:59:47,False,3.876e-10,2.199e-13,293514126796.0,0.6455,0x46...8067,https://etherscan.io/tx/0xcf3719699bfa78acd779de7c81d18b387972169813129ec4dc974d576ac8a375
2023-03-24 20:58:11,True,3.913e-10,2.22e-13,8927386018.0,0.0198,0x42...2951,https://etherscan.io/tx/0x05a4d8401b7f145c620177799822d5fb4aa49b7539d4fe18e0e6f1606e929d32
2023-03-24 20:57:35,True,3.855e-10,2.187e-13,1140328125411.0,2.495,0x51...29c5,https://etherscan.io/tx/0xbf3a1e47fa6ee536546966091606af130e2609b4e19b92f93df88b7be1b0fec9
2023-03-24 20:57:11,False,3.847e-10,2.183e-13,2543243752865.0,5.55345,0xff...d5f7,https://etherscan.io/tx/0x602d97a06ad3c863a21e01cf480be1d86f3f7d23666d14ed3420c3f66c4a0bd6
2023-03-24 20:56:35,True,4.004e-10,2.274e-13,5183107379.0,0.0117,0x7f...32a5,https://etherscan.io/tx/0x8fa7aeb7d70036305d21d7d4fe94a3dea80cb80c0d502b70fe4029a65727d8f8
2023-03-24 20:46:23,False,4.015e-10,2.277e-13,570000000000.0,1.29822,0x32...2ab6,https://etherscan.io/tx/0xde542289ab7c05be47953d7dead5f80c543350fa5c230b8bd96b747b9a5d7e87
2023-03-24 20:41:35,True,4.048e-10,2.295e-13,435680326713.0,1.0,0x54...b28f,https://etherscan.io/tx/0x3e54563a836711f872ed01296fb64505748655fa09c568406b75c8afd1372370
2023-03-24 20:36:23,True,4.028e-10,2.281e-13,14249611667.0,0.0325,0x42...2951,https://etherscan.io/tx/0x5d369fe2b8a86648013be2cb7036bf6f2f5dcd99a36937ab37ac45e37978b1c1
2023-03-24 20:10:11,True,4.005e-10,2.28e-13,33329738440.0,0.076,0x95...a28e,https://etherscan.io/tx/0x9ce504ad3c13cd9c61ff51bddd727efb7159b77c3e77f562633e64575150b73d
2023-03-24 19:50:35,False,3.982e-10,2.278e-13,433584843909.0,0.9879,0x77...c5d1,https://etherscan.io/tx/0xe8ddcfbbe856800872f6c4532f78f43e013f1a4906c0e49ccbf311902536e6cb
2023-03-24 19:18:59,True,4.004e-10,2.299e-13,178632919229.0,0.4108,0xa4...a20b,https://etherscan.io/tx/0xd1a6dd350e9f2ad461855fcbac699188fb6f6731a5c8dfa84ee9ee495ce37839
2023-03-24 18:59:35,False,3.99e-10,2.298e-13,576584742269.0,1.32515,0x32...2ab6,https://etherscan.io/tx/0xea3e404b290515beb505edcf66688714f289f18d4f94a7f4198b1279466ae759
2023-03-24 18:45:47,True,4.046e-10,2.328e-13,26895056192.0,0.0626,0x07...56af,https://etherscan.io/tx/0xa9b74cb622094bb6bc57dd5a782eff89a4ec85f7b7ec3ad0028eed3eb6022c3d
2023-03-24 18:28:59,True,4.045e-10,2.324e-13,121007705595.0,0.2812,0xe9...52f2,https://etherscan.io/tx/0x4cba6130e1ba119e516922591353d9ce37605b04be3027ace19b65476b5e3cca
2023-03-24 18:25:11,True,4.029e-10,2.319e-13,25786052621.0,0.0598,0xbf...02cf,https://etherscan.io/tx/0xfb8c421bb9231fde98475b5f67e8b4cd46c2d8b9bec756ec3a7a0e3f36c190c0
2023-03-24 17:59:59,True,4.052e-10,2.296e-13,731873849680.0,1.6809,0x3c...d030,https://etherscan.io/tx/0xa4c9afac8f6ccc0b5b2cc3ea3fe3d09f694df571b5b21092ebce6cdc79d80f1e
2023-03-24 17:54:59,True,3.967e-10,2.248e-13,870448860246.0,1.9575,0x5e...4e78,https://etherscan.io/tx/0xad588e9017e0546a440e6392095f1fcc1c0e1374db82220a1e48b7ac0e2a45f2
2023-03-24 17:52:47,False,3.906e-10,2.213e-13,157122464573.0,0.3477,0x76...7d5e,https://etherscan.io/tx/0xca41deda330b610cbb6b88b61ce18108704b399cc19e03ec14f56bb194ea898b
2023-03-24 17:52:47,True,4.084e-10,2.314e-13,1029593686269.0,2.38252,0x32...2ab6,https://etherscan.io/tx/0x24f5843319331d28c96cb1b5a37bec8844e0d39435562bec74ee8b308565baca
2023-03-24 17:51:23,False,3.831e-10,2.17e-13,345996652581.0,0.7508,0x4d...66e6,https://etherscan.io/tx/0xbda7a7cb71333e65642f39f24647e0ef4dee87d0348450f3d2c014366168e174
2023-03-24 17:51:23,True,3.851e-10,2.181e-13,390200856296.0,0.8513,0x3b...7190,https://etherscan.io/tx/0xb522bcdc11a6176f26e7862ff0e770bb414719f3cc853b4e6a88d820f2b6a01b
2023-03-24 17:51:11,True,3.711e-10,2.102e-13,2543243752865.0,5.34619,0xff...d5f7,https://etherscan.io/tx/0xf940547509cf6d026523314eac3cbd4026f0faaa5b06f1d77f16bb9ec6c347d1
2023-03-24 17:51:11,False,3.82e-10,2.164e-13,5233550096742.0,11.3267,0x32...14f3,https://etherscan.io/tx/0x77e3edb92e53e20c79da4912e4a807a25e5d89fc3e0e6ceadf836241cce26628
2023-03-24 17:48:23,True,4.101e-10,2.323e-13,159794543657.0,0.3712,0x76...7d5e,https://etherscan.io/tx/0xf4a6f00bdee6fa6767f588e99ec28b343bbb14c5994d9e20b5a94376f221387e
2023-03-24 17:47:47,False,4.131e-10,2.34e-13,1149382624254.0,2.6898,0x81...b311,https://etherscan.io/tx/0x4c8aecfc139d6dd7ffc5793da4367973d5047e69cf9e772f7ab318429369fded
2023-03-24 17:39:59,True,4.202e-10,2.385e-13,170842951165.0,0.4074,0xe7...d605,https://etherscan.io/tx/0xe6c2a8f1bf3fb10afc139033e15e2a885374a706f9191a47b1ee56530560bc1c
2023-03-24 17:39:11,True,4.191e-10,2.378e-13,22671711216.0,0.0539,0x6e...a20f,https://etherscan.io/tx/0x3b04a024b8941399958656044548de45011ec408817433792815356a80c70c18
2023-03-24 16:57:35,True,4.196e-10,2.372e-13,165563351061.0,0.3928,0x66...5ff3,https://etherscan.io/tx/0x780bdbb94762824789e0c9a0cc8127b42c4f8b45bfa4f43ddbf5661aabc255a1
2023-03-24 16:40:35,False,4.16e-10,2.359e-13,190281484360.0,0.4489,0xf7...5762,https://etherscan.io/tx/0xfbe46ec631d22745bcec58ab3349a50ce470ebe9d4c8ae075d564817b6aa950b
2023-03-24 16:34:11,True,4.125e-10,2.343e-13,1149382624254.0,2.69353,0x81...b311,https://etherscan.io/tx/0x1b8e04a04998c00ed297681c7ec8a74c64d70ba98148baf7d7d2d8ba9267a0f5
2023-03-24 16:31:47,False,4.084e-10,2.316e-13,749758760105.0,1.73717,0x8e...ec0d,https://etherscan.io/tx/0x6c42fef6cc482b67295cf4e88b4642853523ad53f19564c15fe82866d00889b4
2023-03-24 16:24:35,True,4.14e-10,2.35e-13,116217944935.0,0.2731,0x60...8433,https://etherscan.io/tx/0xc156439e2ebd22658b567b71646144956567f80dfdc71c3c31864b8253336eb7
2023-03-24 16:22:23,True,4.115e-10,2.337e-13,286805473186.0,0.6705,0xa6...4cb2,https://etherscan.io/tx/0x1509d53ddcf45ca7fa07d2ae3725747d648f11e14e2d94a8c7901e785a9fa041
2023-03-24 16:17:35,True,4.094e-10,2.328e-13,8963552873.0,0.0208,0x85...dd01,https://etherscan.io/tx/0xbaa881dd14a3bf04759ab713b271b865b9da5466c2d54a45084a2355d5f506c0
2023-03-24 16:08:47,True,4.082e-10,2.325e-13,100000000000.0,0.2325,0x6f...4963,https://etherscan.io/tx/0xff343a3e324ae1f64f28882e805bfd1d6280f7a9bacb698194d2d6e63cebf789
2023-03-24 16:06:47,True,4.076e-10,2.314e-13,256981308979.0,0.5947,0x18...0902,https://etherscan.io/tx/0xd2956704c1fa99a6aa05c9e79597fb1e502d0faa0b204658c40659ef86bb8352
2023-03-24 16:04:47,True,4.065e-10,2.305e-13,21494301659.0,0.0495,0xf1...6aaa,https://etherscan.io/tx/0x4b920c7bb0d0fe1014b8cddea7875a18c4582d9d77449a3934f233298d225114
2023-03-24 15:57:11,True,4.069e-10,2.303e-13,60781545310.0,0.14,0x66...5ff3,https://etherscan.io/tx/0x7afda9e6df5127459ce2c6db6b92366039620d77dee0bd3dad288ddcf287e096
2023-03-24 15:49:59,True,4.061e-10,2.297e-13,126216686508.0,0.29,0x52...a112,https://etherscan.io/tx/0xbe961a2984fec1cfd8b41b58060a17dec0b6c92c89ba17719ef9dc25a5dff485
2023-03-24 15:46:47,False,4.038e-10,2.288e-13,283940509645.0,0.6498,0x58...82e1,https://etherscan.io/tx/0x5a974f26770742a9e0c9bccb2e3e65f880b3730d556436a0742f1940844c8468
2023-03-24 15:36:35,True,4.092e-10,2.309e-13,60626835951.0,0.14,0x29...91de,https://etherscan.io/tx/0x40ff0ad0b085b3d191f8fd7f5d25e4cdbc56b62476122e0c9893811aaadd4a4e
2023-03-24 15:27:35,False,4.068e-10,2.296e-13,92228324117.0,0.2117,0xf4...9c6f,https://etherscan.io/tx/0x90367d3bb83ae1f5d0e3bced311d1fa1a026dfd31dd246cf4880ccdb4dc2c9bc
2023-03-24 15:23:11,True,4.093e-10,2.312e-13,10810073714.0,0.025,0x3f...7810,https://etherscan.io/tx/0xf62f6622ee51a83c5ed69fa3932d3a5226ab3d4192de0c357090812b546f9e1b
2023-03-24 15:21:35,True,4.097e-10,2.308e-13,129963516756.0,0.3,0xe5...5388,https://etherscan.io/tx/0x365de1608fb0751e2d9772b0ee3ea778e42a4a755845ce957bf4231fce8c0802
2023-03-24 15:09:35,False,4.038e-10,2.291e-13,43842285686.0,0.1004,0x64...550b,https://etherscan.io/tx/0xd3f3a1e79e213239584e946b1bc751ba2dbedf2f1d2a5c6d23094381b4cef511
2023-03-24 15:09:23,False,4.042e-10,2.294e-13,43581626591.0,0.1,0x66...5ff3,https://etherscan.io/tx/0x24db00932ab81ead20884065c5ebc672bdcb424a3d3a5732f4b0309710188a83
2023-03-24 15:07:23,True,4.069e-10,2.308e-13,48955859287.0,0.113,0x65...4a1d,https://etherscan.io/tx/0xb7a557dec71cafb1f449f285940241c201ffb1777220e0e89dd0bf8dee895a30
2023-03-24 15:05:35,False,4.049e-10,2.298e-13,170000000000.0,0.3906,0x18...0902,https://etherscan.io/tx/0x3b40e5a5a56769f5c3c65788b26644b6342e4d127020a3835bf7c8f7f6ab4317
2023-03-24 14:53:23,False,4.092e-10,2.326e-13,750000000000.0,1.74477,0x5e...4e78,https://etherscan.io/tx/0x3634ba925e9f1bb0b70bf18a8c57b5be3d6412d635b99f5c783e27ff12adb0e1
2023-03-24 14:15:59,False,4.155e-10,2.351e-13,42535069059.0,0.1,0x66...5ff3,https://etherscan.io/tx/0xd8ae7e34c40e3bf8ca3d388a4709e77a0a52ee85f8bd9e880e8bcbd3a02b16a0
2023-03-24 13:38:47,False,4.179e-10,2.353e-13,24288797396.0,0.0571,0x20...82c2,https://etherscan.io/tx/0x9dfbe1169665d64b1596b87c1d2119d91671a0e839ae7a88c0260f2dfde2f512
2023-03-24 13:37:47,True,4.194e-10,2.367e-13,12670786041.0,0.03,0x95...a28e,https://etherscan.io/tx/0x1e4991259337a5bc427a326ff7210164e99b3bcda48f082d726d40c1eaa43a39
2023-03-24 13:30:47,False,4.171e-10,2.354e-13,56981964527.0,0.1341,0x4e...7a66,https://etherscan.io/tx/0xa79e0ad8c1fa5ad81f41b8507b45e3ad41ba716491f2b4a09e8f907971ecbc36
2023-03-24 13:29:23,True,4.198e-10,2.369e-13,44736000397.0,0.106,0x82...6c65,https://etherscan.io/tx/0xa6ccb0d1c0fe33683c475eac5c8e31bc69dff03aa0b7919add6edba01c4ce7c6
2023-03-24 13:15:11,True,4.143e-10,2.352e-13,490511000000.0,1.15393,0xfa...c485,https://etherscan.io/tx/0x4c6c2bfc7b7af75e6d94b2393bbed5895a1000554ee114685d14dbfa7878818b
2023-03-24 13:09:23,False,4.118e-10,2.346e-13,759655659310.0,1.78282,0xcb...eeb2,https://etherscan.io/tx/0xbea4fda9314b8dfb73acf024ac535963a073c9452b287b54af6e1eeac69ef62b
2023-03-24 13:06:11,False,4.174e-10,2.378e-13,245701448803.0,0.5844,0xef...0637,https://etherscan.io/tx/0x81dfbd4955f5ae22ddc5b93d55885042ef4562ce93b483c6d9efcc56717d142f
2023-03-24 13:04:11,True,4.211e-10,2.4e-13,23466746860.0,0.0563,0x1a...e96d,https://etherscan.io/tx/0x852b46ff014cc584eea466150625206ead9e24e4a1d9296847d8e2fc92cce132
2023-03-24 12:57:47,True,4.205e-10,2.397e-13,64753783956.0,0.1552,0xe8...4f95,https://etherscan.io/tx/0xebbf040ef58110342cdb07302409fa6aaf2d9f6827f3ccf81dcb6506a53d586d
2023-03-24 12:39:23,False,4.272e-10,2.388e-13,235037149602.0,0.5613,0x6d...a4dc,https://etherscan.io/tx/0xe977519f9c7c8c0f4ac2009d2728e2b0e3dab9d8ec4d141ba424b4c32dcc3b5c
2023-03-24 12:03:11,True,4.295e-10,2.407e-13,76870781670.0,0.1851,0x81...4df3,https://etherscan.io/tx/0x35774c5b8a3c0bbbff04cbf0d6d82dc1d19e3e5a6121cff8bdb7ec724641b1e6
2023-03-24 11:35:23,False,4.271e-10,2.392e-13,40541838249.0,0.0969,0x9f...935e,https://etherscan.io/tx/0x3224a194e4bd41d9636cd5c296cc9180bc2e4a2676d51c55d8705dff75fd82b1
2023-03-24 11:25:59,False,4.274e-10,2.394e-13,24277410077.0,0.0581,0x6e...a20f,https://etherscan.io/tx/0x3026b222f9383c4ad1ffa60d46df1d3ad4b617742cb58bf0500acbdc1c0de082
2023-03-24 11:00:35,False,4.291e-10,2.402e-13,235000000000.0,0.5646,0x75...2c3a,https://etherscan.io/tx/0x31895f8cfb536dbc72ace24c00b77a4f6625cd555e9993c437d954e196d8decf
2023-03-24 10:49:11,True,4.317e-10,2.417e-13,225510767345.0,0.5451,0x50...efcf,https://etherscan.io/tx/0x2e76988cda3b2246f84f8439fc92f783bbf8d4d7cd36843bb353bc93190c05fa
2023-03-24 09:58:23,False,4.308e-10,2.399e-13,121767012551.0,0.2922,0xf8...5141,https://etherscan.io/tx/0xa5399d2cc2c2c8e47939ee3c2fbe93e797e631d11cd190d053632584e45e9fb1
2023-03-24 09:53:11,True,4.331e-10,2.414e-13,114960710630.0,0.2775,0xe5...22f8,https://etherscan.io/tx/0x8ba69a0613ba8455a16a62ff3eca8ac552a72742b1e3526665b0bf2923aa54a0
2023-03-24 09:42:35,True,4.304e-10,2.39e-13,627546520050.0,1.5,0xa9...f24b,https://etherscan.io/tx/0x77b1f641c16a06c4c4249f7a72e610db1b697291a15752bbdd7c045cd27fcc52
2023-03-24 09:40:11,True,4.268e-10,2.369e-13,15243498358.0,0.0361,0x9c...8ba6,https://etherscan.io/tx/0xb871b096a4182e35d29e9fc5ce29a22f302a88b89874ba5dbdc5fdbed32f487d
2023-03-24 09:27:35,False,4.279e-10,2.366e-13,351592162211.0,0.8319,0x6d...a4dc,https://etherscan.io/tx/0xf54b97fa8246aa6f68b83e0a74b2a0e9559b6de64ed9c0005cf154a51155a42e
2023-03-24 09:22:11,False,4.298e-10,2.378e-13,23448371828.0,0.0557,0x03...397d,https://etherscan.io/tx/0x545a29cee15cda5d3108099bd4434b8c7b5f0e9ff0bf5a4102056f9e25d2d91e
2023-03-24 08:49:35,False,4.324e-10,2.384e-13,173234685360.0,0.413,0x8a...1383,https://etherscan.io/tx/0xddbd587cd0c634e7c2aa2881d3155dcdfb7dad424b16f2e51ac49330896d2325
2023-03-24 08:26:35,True,4.351e-10,2.401e-13,80698617570.0,0.1938,0x18...0902,https://etherscan.io/tx/0x461514d36c30c2169ed58d9bfba197b10e7ec4a1881d1f8590d4ec171e022cec
2023-03-24 08:24:59,True,4.344e-10,2.397e-13,43257751450.0,0.1037,0x41...8315,https://etherscan.io/tx/0xa04435c333c85d4c3590a4efc50ecafe090c1960fde2a2b4962da6abe32b4137
2023-03-24 08:21:23,True,4.346e-10,2.395e-13,12411836965.0,0.0297,0x18...0902,https://etherscan.io/tx/0x571acb01227b13a92547ac3d90489cc8022568250b96730d92367b9c50ff6e0f
2023-03-24 08:08:23,False,4.357e-10,2.403e-13,927487014783.0,2.2295,0x1d...f241,https://etherscan.io/tx/0xf197abda164da55eed907a3ecfb2c30d57f273611d8d2b09942b33cdb1b17433
2023-03-24 07:42:23,False,4.431e-10,2.444e-13,75553800001.0,0.1846,0x5b...2d86,https://etherscan.io/tx/0x794337a66844027a0e2d2a134aae9a6880a77055b898496b5e408b7acd3570bc
2023-03-24 07:14:59,False,4.441e-10,2.452e-13,166052350641.0,0.4072,0xbf...9a66,https://etherscan.io/tx/0x5feb15d8030da97cd2e2e6cdb9118015fd2d1682da4ae8fdbadc491eef6bf608
2023-03-24 07:11:35,True,4.473e-10,2.469e-13,100000000000.0,0.2469,0x99...2c5b,https://etherscan.io/tx/0x255d36aa683b288465efdc5523a41353d9d5ebe7da3c54326eba4fb2603bb25e
2023-03-24 06:54:59,False,4.439e-10,2.451e-13,12607710409.0,0.0309,0x23...cc12,https://etherscan.io/tx/0xb35fab9136bced73be53d5a98468d6f0a244b2dc866c07ddcd18015ca230686a
2023-03-24 06:53:11,False,4.441e-10,2.452e-13,12607710409.0,0.0309,0x23...cc12,https://etherscan.io/tx/0xee23eab5208916b75c55bd29c01209f217a2db967470eda23d68355afd51f164
2023-03-24 06:48:59,True,4.467e-10,2.466e-13,25000000000.0,0.0616,0xb3...1aea,https://etherscan.io/tx/0x917396ab08c12fce703d6de98c084a22c91060c073a06990fc65adbc37ecd264
2023-03-24 06:43:11,False,4.467e-10,2.467e-13,470405656581.0,1.16051,0xfa...c485,https://etherscan.io/tx/0x1a2de182c04fb6b4c3101a30176b58ff8e868b6cba85b2cbb8e3bfbfaac1d032
2023-03-24 06:41:59,True,4.496e-10,2.482e-13,450000000000.0,1.11713,0xb3...1aea,https://etherscan.io/tx/0x6b0bc5d4ba810854a660172d41251a4cd49fa4835143c688857d5a145975b9c0
2023-03-24 06:36:11,True,4.429e-10,2.445e-13,654325946338.0,1.6,0x23...e900,https://etherscan.io/tx/0x9bb94f7129e9ded5a19bef74ccd7f638c318d1d36452905c692cdead9b35a9f9
2023-03-24 06:33:59,True,4.38e-10,2.419e-13,127652500569.0,0.3088,0xc9...27b6,https://etherscan.io/tx/0x591511e4118a2bfd83d60dd67973021db075a196e8c19a42e71d848891ae665c
2023-03-24 06:31:35,True,4.322e-10,2.388e-13,954399961898.0,2.28,0x5e...4e78,https://etherscan.io/tx/0x382d925ce3674fbd51adbd116e892667257b635f545f02b59911898cada7f33c
2023-03-24 06:31:35,False,4.234e-10,2.34e-13,28554537823.0,0.0668,0xf7...fe4c,https://etherscan.io/tx/0xcb43dac2912ddb927c47c59f503f3013b7e478f99b2b928cf17a0417170160c6
2023-03-24 06:30:35,False,4.237e-10,2.341e-13,11317556723.0,0.0265,0x23...cc12,https://etherscan.io/tx/0xa74393f57c5c340731dc5ee36aab0564bc15f327a98e1aaddadbb6bce7d928f8
2023-03-24 06:27:23,False,4.237e-10,2.342e-13,12317556723.0,0.0288,0x23...cc12,https://etherscan.io/tx/0xe2e06d934347f2fa7c29e127b10e55cacb2c8e5c5758eed2a9cf16198bd54490
2023-03-24 06:23:47,False,4.238e-10,2.343e-13,4658333333.0,0.0109,0xa8...8acc,https://etherscan.io/tx/0x69efb889d32414dbc65c2095628606a4a37776c11f31c52bf68d060c9b7ab017
2023-03-24 06:16:23,True,4.234e-10,2.342e-13,470405656581.0,1.10198,0xfa...c485,https://etherscan.io/tx/0x5868d617887ed2908317779c8661637172e2f77a9ebf35adb24404899b40eaa1
2023-03-24 05:59:11,True,4.195e-10,2.324e-13,99798806108.0,0.232,0x74...d510,https://etherscan.io/tx/0x41b1684590e8bc67d2b72ea53464582ed8cd83977efa01d6b5c67044b288b83f
2023-03-24 05:57:47,False,4.193e-10,2.323e-13,517202422590.0,1.2019,0x78...d5a8,https://etherscan.io/tx/0x56ae9d97e9195964bbdd83f643f0e7cc67e35112c949bbc16dd2cebbca1f1c10
2023-03-24 05:57:47,True,4.234e-10,2.346e-13,237326164667.0,0.5568,0x12...0f2e,https://etherscan.io/tx/0x5476a79486f885b97128a936b7c561bd0babb40d833ab2f7d5c0541968e06da3
2023-03-24 05:57:47,False,4.267e-10,2.364e-13,1261425491697.0,2.98304,0x36...597d,https://etherscan.io/tx/0xc8e3cc79621cc3f07e43c638bda538739f38bbb096e208cef4a255c6b37ff95d
2023-03-24 05:54:23,False,4.397e-10,2.431e-13,810296950451.0,1.97052,0xab...1ac7,https://etherscan.io/tx/0x293d00f029176ab57ba94fcd3118cf39ef32cfd58ae5cf91354e84d715dcdc6e
2023-03-24 05:53:35,False,4.454e-10,2.463e-13,142414232315.0,0.3508,0x03...397d,https://etherscan.io/tx/0x3fb5fe096a99e990b58bc832bf12fddd1b76f7196f0339d55a2870401a1ca88d
2023-03-24 05:34:59,True,4.473e-10,2.468e-13,810296950451.0,2.0,0xab...1ac7,https://etherscan.io/tx/0x2e6dcaaadbdc975d24ab002518bfeb5dcf2c3e675b6f29038b65336ad3182326
2023-03-24 05:32:59,True,4.399e-10,2.428e-13,20592170266.0,0.05,0x06...e62d,https://etherscan.io/tx/0x177264f4eed6f3b85425c670e4ecaeb8d836275bca16ce27365bc1c8570e81d0
2023-03-24 05:21:59,False,4.378e-10,2.414e-13,41273589197.0,0.0996,0x78...d5a8,https://etherscan.io/tx/0x91908f33196ec93df2512beb0d3dcd181ec9e23a880af876764b77f79ba341cb
2023-03-24 05:13:47,True,4.405e-10,2.429e-13,8975643321.0,0.0218,0x67...090e,https://etherscan.io/tx/0x389ac35e20eb43dedf58a4a465763405ef9f95d8c5f8217fc4fbe3d5b892931f
2023-03-24 05:07:47,True,4.399e-10,2.426e-13,94789844899.0,0.23,0xb0...1bf4,https://etherscan.io/tx/0xd2265cff12220a4a60d5b2b00679a1727cdf8d1282290535585181b6697a68f9
2023-03-24 05:03:59,True,4.392e-10,2.423e-13,6756097869.0,0.0163,0x61...7feb,https://etherscan.io/tx/0x2a1d28bc29973478ed61b2d9d05726cffd645f84c03139eedbc0f10857fb8ccf
2023-03-24 04:41:11,False,4.374e-10,2.414e-13,197664777745.0,0.4773,0x39...b6b6,https://etherscan.io/tx/0xea8cefc3f1140f7a7426f1c6844b724b20b21eb82b15b0c1537fd2ed843fc874
2023-03-24 04:36:35,False,4.413e-10,2.436e-13,450701000000.0,1.09801,0xfa...c485,https://etherscan.io/tx/0xdafa2cad7684e64db04cde941018847bc45a2fe29aa3322d8569aab5d46a27a7
2023-03-24 03:55:23,False,4.461e-10,2.464e-13,386749980213.0,0.953,0x3b...7190,https://etherscan.io/tx/0xb29417c871067d0e6f3004d076f93197cce02e7174499e77b701ae90d9cc567b
2023-03-24 03:55:23,True,4.435e-10,2.449e-13,1261425491697.0,3.09,0x36...597d,https://etherscan.io/tx/0xe0907dc8529c11b9303683eb78e8a8207bf11f355fdc20e9bac564862af7c510
2023-03-24 03:50:59,True,4.344e-10,2.394e-13,417665917522.0,1.0,0x99...af42,https://etherscan.io/tx/0x4e8c58c9206f505c7407a4ba6915782e41e92353e1b1fc6728d3248cf1c35e03
2023-03-24 03:50:59,False,4.296e-10,2.367e-13,33792247436.0,0.08,0x9f...935e,https://etherscan.io/tx/0x0c924b40c97767e84596966a68e5f153095f51911ad490e73acc2dcedac45f9a
2023-03-24 03:43:47,True,4.297e-10,2.369e-13,422033785420.0,1.0,0x99...af42,https://etherscan.io/tx/0xd55f5215797e558066e7ffb8847e4e59c44756487d163c957fd206ac61218a6e
2023-03-24 03:42:59,True,4.248e-10,2.342e-13,426860991378.0,1.0,0x99...af42,https://etherscan.io/tx/0xf7ebd3604c7ffe28f9570447032c999d09fc9d67436b932e0b184ff8c8b31048
2023-03-24 03:42:11,True,4.214e-10,2.323e-13,193490150331.0,0.4495,0x76...7d5e,https://etherscan.io/tx/0x3f601cd0e869646f62a2deb6a87ef46ef8cdc255c88ffecf5deb5d6e6998ffad
2023-03-24 03:42:11,False,4.238e-10,2.336e-13,1069882918071.0,2.5,0x99...af42,https://etherscan.io/tx/0xd22524e284527dfc4e4a09715a6367db895ad803c6c0aef69ce0d551402376ad
2023-03-24 03:24:11,True,4.322e-10,2.379e-13,139483391864.0,0.3319,0x23...d0b2,https://etherscan.io/tx/0xbde8053cdbc03d2c4c9fb887561787f496809e22f920c399773d465bd208d541
2023-03-24 03:23:47,True,4.366e-10,2.403e-13,2419337256054.0,5.816,0xb9...445e,https://etherscan.io/tx/0xc8a68d618f962c54bbddd5d0d9d404a28be9bfa17f4f8eb63edd843b8e8663d9
2023-03-24 03:23:35,False,4.189e-10,2.306e-13,43197476063.0,0.0996,0x78...d5a8,https://etherscan.io/tx/0x8a991e5104679cdeb424406f7fa53f4f94e85d404a48494d65b48fa40beb65cc
2023-03-24 03:22:35,False,4.203e-10,2.314e-13,197989924649.0,0.4581,0x23...d0b2,https://etherscan.io/tx/0x5192fce5255f1d65cb99e6bf446322f77f889a8000f6ab1c56c4be5ecab9d14b
2023-03-24 03:20:47,False,4.053e-10,2.231e-13,126382176714.0,0.282,0xbb...baae,https://etherscan.io/tx/0x9ccc1fe9e06e6a53d9df7fb67f1bc7826d010811cb349ca39bac920195947206
2023-03-24 03:18:23,False,4.065e-10,2.239e-13,120840979181.0,0.2705,0x1f...0e38,https://etherscan.io/tx/0x40c7dd559bfdb3b560c514eae13c0fc49964b40ba01a907b60ebec263bf50ae3
2023-03-24 03:18:11,False,4.087e-10,2.251e-13,280961797087.0,0.6324,0xa6...4cb2,https://etherscan.io/tx/0xb16ecc08bf68404bc17aa897e21febbf426c174c29982205b48f76b36105dc8d
2023-03-24 03:17:35,True,4.103e-10,2.259e-13,663718463053.0,1.5,0x1e...1c15,https://etherscan.io/tx/0x687d011c7f49912255a691de938d2391d2eb45a34b9e69a8582c9d4e678180d0
2023-03-24 03:16:59,True,4.053e-10,2.231e-13,60816019176.0,0.1357,0x79...f552,https://etherscan.io/tx/0xe8e9ca9bbc8f27cf58e4f745217c0bec613fdfde8e602c6fd7c1dba67d535dda
2023-03-24 03:11:11,True,4.044e-10,2.226e-13,123508880181.0,0.275,0x10...ba1f,https://etherscan.io/tx/0x345b7abf0fee1308130157a8d559ae783ad476988320f78f8154db46b7e89e58
2023-03-24 03:10:11,False,4.029e-10,2.218e-13,306413007617.0,0.6797,0x3d...c45b,https://etherscan.io/tx/0x5abaad544ff8505023c0c473da7c66d89078465569b5c9ffc9bc2c9587b3ef2c
2023-03-24 03:01:47,True,4.066e-10,2.24e-13,2430415706.0,0.0054,0x6c...53e6,https://etherscan.io/tx/0x946617659570a3c6ed78f595c76ec7ba3c8a19cd5857a0323c1ecb10c906a597
2023-03-24 02:58:47,False,4.049e-10,2.23e-13,99809568675.0,0.2225,0x9b...4892,https://etherscan.io/tx/0xb9a13e9dbb7faaf4df15c7a9f00bcdedee27b0c71ed8d3230b9b7d9f803a8c84
2023-03-24 02:52:11,False,4.061e-10,2.236e-13,108914164771.0,0.2435,0xd9...bdc4,https://etherscan.io/tx/0xaf4944e3d64f972854abca893fdf64e8f8a863595f9a6bab168c6c254a0317ae
2023-03-24 02:41:59,True,4.082e-10,2.25e-13,88317190234.0,0.1987,0x3d...0006,https://etherscan.io/tx/0x2f94df8a345bbcb385d2d4cf49a3f7f9452912e6704f171235f60799f805bc34
2023-03-24 02:35:35,True,4.074e-10,2.246e-13,44126913712.0,0.0991,0x40...aba8,https://etherscan.io/tx/0xacf96b460bd452777b220e8e6d06bd44b302fe1d4ee3967a2fad52460a3afc29
2023-03-24 02:34:35,True,4.067e-10,2.243e-13,53487981992.0,0.12,0x0a...feb2,https://etherscan.io/tx/0xa63f8c4510662f1711df44a332801047c1989f391dcd7b8b2bcc2769c752b14b
2023-03-24 02:32:59,False,4.054e-10,2.235e-13,249317120356.0,0.5574,0x31...d1d5,https://etherscan.io/tx/0x888b4796adaf261a2cd15f31d980e47df9013024bb77714bf72f041e77e446a3
2023-03-24 02:28:35,True,4.075e-10,2.248e-13,273516702067.0,0.615,0x4f...be39,https://etherscan.io/tx/0x71d78120f7c2e7f91430abd91e6fdcff95c4d0835eba257b6714ef16e3ff6300
2023-03-24 02:21:23,False,4.033e-10,2.227e-13,30000000000.0,0.0668,0xf1...6aaa,https://etherscan.io/tx/0xd6e78f6bfdc2bfd715f7c4ace611ccb1b3ea41eedb66e29cbc28c40349b39e06
2023-03-24 02:18:11,False,4.035e-10,2.229e-13,30450227181.0,0.0678,0x25...168f,https://etherscan.io/tx/0x80c77a2d8ceaf25e9603d294c9d5b5d1f4e240f2a35c1f12b3065bf3b2d273e1
2023-03-24 02:15:35,True,4.041e-10,2.233e-13,375575932790.0,0.8386,0x12...0f2e,https://etherscan.io/tx/0xdcff247d95ea7219546ae7e8ad6b184787594a4698f7ac985cb10ab60e97c86a
2023-03-24 02:15:35,True,4.134e-10,2.284e-13,150041740523.0,0.3428,0x76...7d5e,https://etherscan.io/tx/0x5b2205eb0e9bd30d3a64e9057d4fbe841936234140052840f76d83593e17894b
2023-03-24 02:15:35,False,4.039e-10,2.231e-13,1097560972385.0,2.44958,0x95...8aaf,https://etherscan.io/tx/0x1c207535a8b86bb7f66a8290ebd972d52aa9e001d495df8bde4fcd876361a712
2023-03-24 02:15:35,False,4.159e-10,2.298e-13,1141433694054.0,2.62358,0xff...d5f7,https://etherscan.io/tx/0x6d2bbe1743d17497929ec5d9ebcbce991b8fc4376c45508e0214ffccd501238b
2023-03-24 02:15:11,True,4.241e-10,2.343e-13,117512296784.0,0.2754,0x30...9da5,https://etherscan.io/tx/0x807509c8007d9b7a986b65d64897525fd5e6f40dee9b9326230b50a52e644eaa
2023-03-24 02:07:11,False,4.221e-10,2.334e-13,284508145328.0,0.6643,0x1e...5f1a,https://etherscan.io/tx/0xc3ed00400bc79139607ff8a451d28ceac6d66fd28194c81875daef37227eeb33
2023-03-24 02:07:11,False,4.244e-10,2.347e-13,114041687835.0,0.2677,0xa7...bdf6,https://etherscan.io/tx/0xbb7f0a859ecd2cdeeccbc206b32353d217b8859be01d370b3a4d45ff254993ea
2023-03-24 01:59:23,False,4.267e-10,2.355e-13,150000000000.0,0.3533,0x24...6964,https://etherscan.io/tx/0x23cec89994beccd4ab63bef6ad973e376ec40216ed77dc494ed6a77b26b96a43
2023-03-24 01:56:23,False,4.276e-10,2.361e-13,18769276319.0,0.0443,0x78...d710,https://etherscan.io/tx/0x1ca8ad671ee10564edef31b068b5a2c2a352599e33c6a13c9652327ebd377bac
2023-03-24 01:55:11,False,4.28e-10,2.363e-13,46484302299.0,0.1098,0xbc...ed1b,https://etherscan.io/tx/0xcf67f23eec9984f892df0a3633dcfce9327d701a5159b6bd58a29521f3ed63cc
2023-03-24 01:47:59,True,4.316e-10,2.377e-13,37622610257.0,0.0894,0x7d...bc37,https://etherscan.io/tx/0x79bd937cd27af1521616347632853d4bedc8f5a1791d0454506fbc4b2db95f2b
2023-03-24 01:40:23,True,4.303e-10,2.369e-13,217135544213.0,0.5145,0x30...9da5,https://etherscan.io/tx/0x4e4bbb55711a27b3c18601d758692013212c89b805e10668065fd9194fead634
2023-03-24 01:35:47,True,4.225e-10,2.326e-13,1141433694054.0,2.65603,0xff...d5f7,https://etherscan.io/tx/0xb0ab3db95950c1e414fe5550911e89b5a546e7cbe5eeffb83c61638b4e8652f5
2023-03-24 01:35:47,False,4.271e-10,2.352e-13,2392092202910.0,5.62718,0x2f...1a76,https://etherscan.io/tx/0xd2601921cc947e303b9cdd753e61a3c4cb5a9c89bc5a718d4d5b6d0708628fcb
2023-03-24 01:16:35,True,4.408e-10,2.428e-13,438874078078.0,1.066,0x8a...4bcf,https://etherscan.io/tx/0x12480ae9957dff5f4f5675a09ffa6ff42d99d929dfc7f40fc37ce8d7884f91a7
2023-03-24 01:13:23,True,4.381e-10,2.414e-13,8284220210.0,0.02,0x2e...2daf,https://etherscan.io/tx/0x136a1612cd93be86240db95aa7f4a1813c5de81c8c9f91f2d99d7a6f26287ff3
2023-03-24 01:12:59,True,4.367e-10,2.406e-13,970598518628.0,2.33537,0xeb...aa21,https://etherscan.io/tx/0xf7c5e60cfc7c24bc0a0cc3d138b2e020080e17754cfd0aa635806846423e83b7
2023-03-24 01:03:59,False,4.243e-10,2.338e-13,33574256536.0,0.0785,0x42...9469,https://etherscan.io/tx/0xd5ab02b9980006b70dd31881720fbb914e45b5b8fd116da4b9d0d7720bea3600
2023-03-24 00:52:35,True,4.271e-10,2.352e-13,48000000000.0,0.1129,0x3a...8df8,https://etherscan.io/tx/0xd4592ef32866c3d69d8ad2433a43558323680b434aecd1fb79887d6763cf7845
2023-03-24 00:52:11,True,4.259e-10,2.345e-13,172173799708.0,0.4037,0x2d...48fb,https://etherscan.io/tx/0xa8e09d04c425c06ea3409fa8275035d6c99aa5ac588050746d6f1267732ccecf
2023-03-24 00:48:47,True,4.245e-10,2.339e-13,10462406717.0,0.0244,0x9f...935e,https://etherscan.io/tx/0x66bc24a19d7d9bb4ec3c65b0ea4ede07e1525c11bf468b4ac04ecb570d7061c1
2023-03-24 00:39:11,True,4.236e-10,2.331e-13,235147228282.0,0.5483,0xca...cafe,https://etherscan.io/tx/0x80bcd6c378c87a19eecd4ade57cb1ec638d9b7204608bec5acb459a4e83d70f8
2023-03-24 00:24:11,False,4.196e-10,2.311e-13,17532536565.0,0.0405,0xd3...ea25,https://etherscan.io/tx/0xfd32b7a8d671e0e80b04eed0faea73b2619a3feb6244bb72d557b4d4fd6967ab
2023-03-24 00:14:59,False,4.201e-10,2.317e-13,188118824429.0,0.4359,0xbd...28b8,https://etherscan.io/tx/0xec9a9e38e734277d58ddab1be74d5d2e49a0035e1f1fa0fc4119639de0a1b1f3
2023-03-24 00:07:35,False,4.218e-10,2.33e-13,240000000000.0,0.5593,0xd8...976b,https://etherscan.io/tx/0xe0f8a993cbae76dbd811180ffce0eb78f4b0090f802febdb387a268650cd814b
2023-03-23 23:50:23,False,4.227e-10,2.341e-13,92190786148.0,0.2158,0xfc...292d,https://etherscan.io/tx/0xdecb4fe9c05c4f6706c5ff51446d9348161ab78eec58276af4aa04327821a540
2023-03-23 23:24:47,True,4.271e-10,2.354e-13,100000000000.0,0.2354,0x6f...4963,https://etherscan.io/tx/0xa5e90610a270334be33e12bf35aeb47fb9eb791418a6e1db8507890acf9d6f79
2023-03-23 23:01:35,False,4.294e-10,2.368e-13,1200000000000.0,2.8422,0xe8...6592,https://etherscan.io/tx/0xc0b002c37453055bba3766b39da280af22e051af0f3f9f6ba3542b3557e604c1
2023-03-23 22:24:47,False,4.382e-10,2.422e-13,246053652731.0,0.596,0xaf...b95b,https://etherscan.io/tx/0x92db362fb1916a31051ec50c5b42c0b0ffd35c552b3e7af0f63511a5135244d5
2023-03-23 22:22:23,True,4.421e-10,2.445e-13,2270160855.0,0.0055,0x04...b11a,https://etherscan.io/tx/0x8a7b1a0260783c55e7fc8d389672151fe9da301e182815f6ac90b152d71ef262
2023-03-23 22:06:59,False,4.405e-10,2.431e-13,34000000000.0,0.0826,0x25...168f,https://etherscan.io/tx/0xe2cd1f7dc1ba3d1af06f37355d8d109f15c5ce959d49dfebedce0babbef8e0b3
2023-03-23 21:22:59,False,4.416e-10,2.443e-13,326050874596.0,0.7967,0x5c...6568,https://etherscan.io/tx/0x539b47d400756fdaedc5ed9ad4e43be1fbbcfe17fed6fb0329d362524f9f87d5
2023-03-23 21:22:11,True,4.463e-10,2.468e-13,12151343473.0,0.03,0xc5...7188,https://etherscan.io/tx/0x20f6bf318227b2bcacf251b9c4d97a6f87d7150e345275201b22848210407af8
2023-03-23 21:19:11,True,4.458e-10,2.462e-13,178687054728.0,0.44,0x2e...314c,https://etherscan.io/tx/0x41df387f22e296e2d8142b0882e3c88d52399e32b6c0cc4fe61df1c24533bc48
2023-03-23 21:18:35,False,4.421e-10,2.442e-13,16378523184.0,0.04,0x78...d710,https://etherscan.io/tx/0xcc68b3a705e56a142d4298964bc1718735338486875ab4b57a3c394e06eaaca2
2023-03-23 21:18:23,True,4.434e-10,2.447e-13,285960217004.0,0.7,0x00...d114,https://etherscan.io/tx/0x0a1dbd29d477ccb5842c047dafe6fe9dff2202535ade329d9b33467d1d7fa812
2023-03-23 20:45:47,True,4.391e-10,2.427e-13,340795157278.0,0.8271,0x9f...f0ce,https://etherscan.io/tx/0xdf08556b86966bb0b07cc6a2c8f270c85065f6933246a1a1ce3a340c3682dd44
2023-03-23 20:40:35,True,4.316e-10,2.389e-13,808116658500.0,1.93108,0xda...0a42,https://etherscan.io/tx/0x11e33fbe94a7d0e4cc32b9b2114071b48aa73c28dbe3c68def6f515cfc137acf
2023-03-23 20:37:47,True,4.265e-10,2.362e-13,23433486130.0,0.0553,0xda...0a42,https://etherscan.io/tx/0xdd472ea977932dcf07d059073456022c33640a5cb4700f0c3289da62263264f2
2023-03-23 20:28:47,False,4.281e-10,2.378e-13,941930209061.0,2.24,0x32...14f3,https://etherscan.io/tx/0x51dbaf27949e8af7d233356ea43908f5d88ad25b5829af14c45e72de0bf36657
2023-03-23 19:55:59,False,4.377e-10,2.431e-13,703537935900.0,1.71075,0x23...70be,https://etherscan.io/tx/0xb4a4b8afe63197151e21f0d47862ec233e2473a144c5b5d9b13c22f8dda2156c
2023-03-23 19:47:35,False,4.467e-10,2.462e-13,220000000000.0,0.5417,0x5b...82bb,https://etherscan.io/tx/0xa1825d6ba2735dd3e1c6bbc2bd5607c9073fb0d2a2a27b625cb1f2a98b7520f2
2023-03-23 19:44:59,True,4.503e-10,2.482e-13,64450227181.0,0.16,0x25...168f,https://etherscan.io/tx/0xd429f23a0e622c87de7d1056ec7db1105b37cf0f5ffb8eb01b0507d0c89bfb9a
2023-03-23 19:29:11,True,4.513e-10,2.479e-13,33985562708.0,0.0842,0xc0...c4be,https://etherscan.io/tx/0xc5275402dc024f2f1d2adb523473fbe750493f2c97e8cc6b2f8dd4806d36de16
2023-03-23 19:28:47,True,4.494e-10,2.468e-13,289136697407.0,0.7136,0x07...e442,https://etherscan.io/tx/0xfefdf4c90f9bcb2db927f2451b7d4fc43befd68cf714534f14162cf229d6d5c9
2023-03-23 19:22:59,True,4.48e-10,2.457e-13,32555531848.0,0.08,0x33...41f1,https://etherscan.io/tx/0x044ead54632ad70785e04198bc446789b421f73383111cec61fb23717eae5723
2023-03-23 19:17:11,False,4.472e-10,2.445e-13,122097196522.0,0.2986,0xbc...7b00,https://etherscan.io/tx/0x792c355086cfb841ca1a1fd47ef00b7a42b070521e4bd4ce7bd4c30b24c59f67
2023-03-23 19:16:59,False,4.487e-10,2.453e-13,121691320119.0,0.2986,0xbc...7b00,https://etherscan.io/tx/0x5e7a528eb07e7f88049289f3cdc1dde168cc06cd8ffc2df8ff04a49f4419fd2e
2023-03-23 19:09:23,False,4.484e-10,2.459e-13,47060000000.0,0.1157,0x96...6c91,https://etherscan.io/tx/0x8b712f256ddb64ca44bfd369fcc857241d975a119323c5d68c30e9e74a896d09
2023-03-23 19:08:23,False,4.491e-10,2.463e-13,68687473211.0,0.1692,0xee...4d67,https://etherscan.io/tx/0xa681e07d84752f4951709e9b31ede4b30557fea3e34a98b634eb60b9edd64c97
2023-03-23 19:07:47,True,4.597e-10,2.52e-13,1709255968958.0,4.30863,0x91...31ab,https://etherscan.io/tx/0x39320e525810aa6e88df323f7b0da123b1980e5f044b8aee2ec28a0cb6b2cbf4
2023-03-23 18:57:11,False,4.301e-10,2.356e-13,91246327511.0,0.215,0x9f...935e,https://etherscan.io/tx/0x116ac798244ac85aee020449a2b96602578c2d04a19493736e6a161896fa3265
2023-03-23 18:29:35,True,4.316e-10,2.372e-13,24843688424.0,0.0589,0x05...33be,https://etherscan.io/tx/0xa02ac00014060837a17ad2a470e4e126fe317c1adad8fc7a402b581b7f65e0fd
2023-03-23 18:16:35,False,4.295e-10,2.358e-13,27685972559.0,0.0653,0xbd...654f,https://etherscan.io/tx/0xdf970c16e51893ba81df703866e2cbbe631410a1bfd4c2a07d96878c96e8dc0e
2023-03-23 18:14:35,True,4.268e-10,2.341e-13,1025104849956.0,2.4,0x98...2a9c,https://etherscan.io/tx/0x169b365b88e3ff6db9f268860eb3cc8ac7b4c1825fa1c753e14cdfa317701e12
2023-03-23 18:10:47,True,4.213e-10,2.308e-13,19978378146.0,0.0461,0xae...9b57,https://etherscan.io/tx/0x1fe7bf9761e27f33386920efa84ee1f81c50567b416e4da79656af267c425aaf
2023-03-23 17:53:23,True,4.177e-10,2.289e-13,1004656628394.0,2.3,0xab...ddfb,https://etherscan.io/tx/0xc4f9c718c6117b22f15451bcce9279d294e6f60367dde87cda0ee394d25c57a3
2023-03-23 17:36:35,False,4.093e-10,2.242e-13,288088908660.0,0.6461,0x5e...e45a,https://etherscan.io/tx/0x5df10decb694f88aa19216b5772e133f4998af09e7dcac44ce15ec5fa195a424
2023-03-23 17:05:59,True,4.132e-10,2.251e-13,444117227930.0,1.0,0xeb...9560,https://etherscan.io/tx/0xe7293b7e60fe48b924f88f950373b86f09b892abd21a1eaaf9c48e4b297d689c
2023-03-23 17:01:47,True,4.104e-10,2.232e-13,220000000000.0,0.491,0x5b...82bb,https://etherscan.io/tx/0x34b1f5e34cde938f3b75c5256e51e8ebeee4b508786996aba4f56dd12ca3e54b
2023-03-23 17:01:35,True,4.072e-10,2.214e-13,386749980213.0,0.8565,0x3b...7190,https://etherscan.io/tx/0x15db5c1c505f5ea8910444464c27b03ef5091f5ac709bd536f4dc7b1d5358fa2
2023-03-23 17:01:23,True,4.038e-10,2.196e-13,253527947673.0,0.5568,0x76...7d5e,https://etherscan.io/tx/0x2378af7dbd0124498e369a0f681b4ba1be5ad39e4405ac253695a481ae517013
2023-03-23 17:01:23,False,4.072e-10,2.214e-13,1354582399904.0,3.0,0x99...af42,https://etherscan.io/tx/0x3e09d1074aad46a1363ca15998967c91a46431573f0c27d6adac3f95445f367f
2023-03-23 17:00:23,False,4.178e-10,2.273e-13,1319409765597.0,3.0,0x99...af42,https://etherscan.io/tx/0xfc3bbb4776de4a4bd80c8af41d3341e1138e70d679af07ee08c9f1d5de7a740d
2023-03-23 16:58:11,True,4.279e-10,2.326e-13,199196572481.0,0.4633,0x39...f580,https://etherscan.io/tx/0x73c69a78b5eea3056f76a1c3ef83757aff8f479defbd14a1864195afdc36e146
2023-03-23 16:58:11,False,4.307e-10,2.341e-13,1281406738566.0,3.0,0x99...af42,https://etherscan.io/tx/0x687bff4e1d1f99e1a0e412b3b4e45309eaf4c62ef22d3722a9ae6164802dd07b
2023-03-23 16:54:35,False,4.427e-10,2.406e-13,630489254025.0,1.51746,0x4e...1849,https://etherscan.io/tx/0x4a13881fef58c2c00eade72b927ef4abf16536df717b0acc52e8400f6de8a27b
2023-03-23 16:52:23,False,4.535e-10,2.464e-13,1102658510104.0,2.71746,0x36...597d,https://etherscan.io/tx/0xe8c2ea377fb651a0f7a13d53c8d140a5b61c13af24a3ef8600d7f341dfe1e994
2023-03-23 16:35:59,True,4.609e-10,2.501e-13,433021845189.0,1.08342,0xf5...c6c0,https://etherscan.io/tx/0xa44a8a9d5e311bda77e342d6c7e3cb9de56b44a0bb1f4687265899cc874d4987
2023-03-23 15:27:35,False,4.324e-10,2.473e-13,32065924735.0,0.0793,0xcb...4109,https://etherscan.io/tx/0xae645c234eea96361647d7fb0717284cdd908f0a62ecaa544be46ab7103eed62
2023-03-23 15:20:59,False,4.337e-10,2.479e-13,140253320114.0,0.3477,0x76...7d5e,https://etherscan.io/tx/0x34182e9e3f484fdc5abd355fb12ddc5d2daa112878f8b8f6c2980f9009ccf463
2023-03-23 15:20:47,True,4.305e-10,2.461e-13,1102658510104.0,2.71405,0x36...597d,https://etherscan.io/tx/0xe5580f0627e2ef495eaea742dd21f0643a9e4114e6f67b71fd25b493bdb3e8ef
2023-03-23 15:17:23,False,4.223e-10,2.413e-13,98075679974.0,0.2366,0x10...a4c6,https://etherscan.io/tx/0xd044e2b113e9c557fcf063e7f410ffbd5d9e2a7dc9ce134957d2eb3dbd802e1d
2023-03-23 15:14:35,False,4.226e-10,2.417e-13,30834954959.0,0.0745,0x10...a79b,https://etherscan.io/tx/0x1a8a5c95ac5ade9f5b5848ee9a317ec4149660e3372ad45a26f9ce63c6470cc5
2023-03-23 15:12:23,True,4.228e-10,2.418e-13,450701000000.0,1.08985,0xfa...c485,https://etherscan.io/tx/0xeca96991835384ff7696dcc86719fb5d054b10f4f6ca8cd13d955872d154714b
2023-03-23 15:11:11,False,4.211e-10,2.409e-13,849160821175.0,2.04645,0x5e...4e78,https://etherscan.io/tx/0x2973228d896107d99904390f3672876d0ba57a751ad18135c1ddcfef3bd621fb
2023-03-23 15:05:59,True,4.29e-10,2.458e-13,26721193192.0,0.0657,0x95...2359,https://etherscan.io/tx/0x67d84c57c6f0223d40e7eab37f3a739d8a9338d24e3f9b3cd0811be9f1d62f36
2023-03-23 14:59:11,False,4.274e-10,2.447e-13,138319632106.0,0.3385,0xab...9c64,https://etherscan.io/tx/0x93b1ed6b57b3a92731827d71eb9be60b7825912db4f049b1e38f409cb02c2937
2023-03-23 14:46:35,False,4.342e-10,2.486e-13,993548072389.0,2.46999,0xbf...9a66,https://etherscan.io/tx/0xe861d09693317939b36aa90fabe110007fcad7dbabb3383469331fffb45af7d1
2023-03-23 14:46:23,True,4.353e-10,2.492e-13,1243865415710.0,3.1,0x98...2a9c,https://etherscan.io/tx/0x33b199f8ae38819a28e9fa7fd68e55ed12e6ba15bec38b7bfbea56bd7c774787
2023-03-23 14:45:47,True,4.277e-10,2.449e-13,25000000000.0,0.0612,0x6f...4963,https://etherscan.io/tx/0xbce7296a3cb3a3e5881a2027c6a0e288ed463577dc88ced0831028b41ff48983
2023-03-23 14:42:59,False,4.314e-10,2.474e-13,1223762192283.0,3.02869,0x36...597d,https://etherscan.io/tx/0x9fc4be586c844fd191675e3371712df8b94ed32db600c8ec81b5a9dce207b4d0
2023-03-23 14:32:35,False,4.414e-10,2.52e-13,101649157989.0,0.2561,0xcb...6bb9,https://etherscan.io/tx/0x8f5cd8c70531e29f9f2c389da3152e5f83a7b65cea549407a179dc3e8265fea2
2023-03-23 14:27:47,False,4.425e-10,2.534e-13,300000000000.0,0.7603,0x17...d4b1,https://etherscan.io/tx/0xca2c81db162440cf9c542d394b9ef428116acfb8bec19306e6dc26b1b7150e18
2023-03-23 14:25:23,False,4.448e-10,2.549e-13,113902757617.0,0.2903,0xe6...3a86,https://etherscan.io/tx/0xe8bb8e3b8346dfea7a9a5a8a11a26811030bac6cbd88c5ef7711e5fd71ed001f
2023-03-23 14:16:11,True,4.491e-10,2.568e-13,3306187383.0,0.0084,0x51...3eb4,https://etherscan.io/tx/0x20127a92af6e9b8851ce515845dbfbd04863f6510fc725e1dc81c17c43bded4e
2023-03-23 13:51:47,True,4.423e-10,2.525e-13,1223762192283.0,3.09,0x36...597d,https://etherscan.io/tx/0x7bc82ab597fedaa7dee4d32fea93dbc299612017648661377246536df6cb5939
2023-03-23 13:50:23,True,4.345e-10,2.478e-13,125000000000.0,0.3097,0x6f...4963,https://etherscan.io/tx/0x6f42f76aa462948112318fcb29b04d70c0d3e1b696b5ba3339a501e6ee5f91af
2023-03-23 13:48:11,True,4.328e-10,2.469e-13,121463885449.0,0.3,0xc5...7188,https://etherscan.io/tx/0x13c1c4c66e5d2a74955396f315c37ea626212fde245b57952c4bdeccf1aceddc
2023-03-23 13:45:59,False,4.314e-10,2.464e-13,400000000000.0,0.9858,0x43...93f4,https://etherscan.io/tx/0x40a25ff205c996683c6eaf6a7aca82a9f70a3e0563ca3a1150a736075c6bc9ae
2023-03-23 13:43:23,True,4.363e-10,2.491e-13,29581823534.0,0.0737,0xaa...09ab,https://etherscan.io/tx/0x005362592672f5d304faa14afe137f0dab2fccdbd640d4c2ede604a15acdd6a9
2023-03-23 13:37:11,False,4.381e-10,2.501e-13,727169395444.0,1.81869,0x23...e900,https://etherscan.io/tx/0xea7c87621d5c284ee8cecfdeab13c6aea341d7127de17b9c3ece07fab8f1b1e8
2023-03-23 13:31:11,True,4.453e-10,2.538e-13,83433494252.0,0.2118,0x92...1733,https://etherscan.io/tx/0x5cd103a9b60a4dfc78b1b7d092877fec8d913df14b7d34c76216ee53bd121e09
2023-03-23 13:24:11,True,4.443e-10,2.528e-13,188265842430.0,0.4761,0x76...7d5e,https://etherscan.io/tx/0xf0fcc75b05a79fd7ab51c9447e3597d6dc7a09cac6afc64aa907746122edab70
2023-03-23 13:23:59,False,4.431e-10,2.522e-13,437079100059.0,1.10255,0xfa...c485,https://etherscan.io/tx/0x62441fc267b3b11047f893792f3c9a510c3e9fd5532fabbae778327425254938
2023-03-23 13:23:11,False,4.542e-10,2.587e-13,1375962335006.0,3.56031,0xc4...adfb,https://etherscan.io/tx/0x500855de014972f4bc1b51d02f638f2780c31e17eaa002872cbd2e0a8e316822
2023-03-23 13:19:59,False,4.637e-10,2.64e-13,61059014856.0,0.1612,0xee...a2b5,https://etherscan.io/tx/0xf8fe2e98d479787443895c92747fa732518031aabdbccbc089b5bf4729a72184
2023-03-23 13:06:23,False,4.635e-10,2.643e-13,26482869003.0,0.07,0x32...d14d,https://etherscan.io/tx/0xc4c41459abf917410ffa0672f95e42e3efac8eb818bde1b1530fdf61fb659c16
2023-03-23 13:00:47,True,4.651e-10,2.651e-13,225000000000.0,0.5966,0x6f...4963,https://etherscan.io/tx/0xb4634bf13199734f32bd154cb10ae371a8a163338f8471d3354a79057cf92fb7
2023-03-23 12:52:59,True,4.558e-10,2.603e-13,1068108108108.0,2.78125,0xc9...27b6,https://etherscan.io/tx/0x45ea43ea7cf4d253a723b3cd48b2db8e13710690fe6445e9ccf777ce113ff757
2023-03-23 12:51:59,False,4.488e-10,2.563e-13,387445447789.0,0.9932,0x12...81a7,https://etherscan.io/tx/0x9d1006d6e1e26b1c4e989482f15d80a59b1b9f90c9fbcf0f975475cc6245077a
2023-03-23 12:45:23,True,4.448e-10,2.543e-13,1375962335006.0,3.5,0xc4...adfb,https://etherscan.io/tx/0x2fcb942d1fb95988cf5267a6e33c189c5fac37ec9a84ceb6de874dfe72a903b6
2023-03-23 12:37:11,True,4.363e-10,2.495e-13,11736904047.0,0.0292,0x9f...935e,https://etherscan.io/tx/0x0488beac30c58168cbd6d7467bdf9333c492f6e4ad267799b8c8ad054ab4c2a0
2023-03-23 12:20:23,False,4.359e-10,2.496e-13,500000000000.0,1.24844,0x6f...4963,https://etherscan.io/tx/0x8084abbcf70695872d5aa22fb72a1ab41136027fe246579a30089bcabd42354d
2023-03-23 12:00:23,False,4.42e-10,2.524e-13,297772850231.0,0.7517,0x98...0ad4,https://etherscan.io/tx/0xa3fee4a34c864057008f259fcb2bdf471a16dea0115b3f54bf154f0434de317c
2023-03-23 11:54:11,True,4.455e-10,2.542e-13,219073493124.0,0.557,0x00...8f64,https://etherscan.io/tx/0x87a2291b621a194d3f1cb420854072f1ed761329c6a962acfd7550c2097bbd9a
2023-03-23 11:54:11,False,4.5e-10,2.567e-13,1354948794679.0,3.47943,0xc4...adfb,https://etherscan.io/tx/0xbb0d4b3621003f78231c4f775e455151ed72e431d3c035e5f687b7039ec55f91
2023-03-23 11:51:59,False,4.61e-10,2.631e-13,380051600823.0,1.0,0x99...af42,https://etherscan.io/tx/0x1d0411ddebc22b4a068ade7d053cffe5e3156ed4767bf3aec9a6a71e355b0a61
2023-03-23 11:49:35,False,4.64e-10,2.647e-13,48581108551.0,0.1286,0x27...bbc8,https://etherscan.io/tx/0x52e612cff3c54c61aeb7588eb3e8a5a87a5f280e268458a99c8bee23eb829a03
2023-03-23 11:47:11,True,4.658e-10,2.657e-13,188118824429.0,0.5,0xbd...28b8,https://etherscan.io/tx/0x84182d14bdcb9335dad3087bbff1a6c2778c89592e4d0d1f6b695dad1ff6792b
2023-03-23 11:41:11,False,4.633e-10,2.643e-13,236949936756.0,0.6264,0xcb...6ceb,https://etherscan.io/tx/0x4fde76cd514d95cd39f04bb4a55c1719ee1c58c8667a486881fd3a3692376052
2023-03-23 11:41:11,True,4.662e-10,2.66e-13,660854690658.0,1.75817,0x78...61f3,https://etherscan.io/tx/0xb11d02b063d13c0ba50e26994b973d7a2412489f9e34e336483729434532c693
2023-03-23 11:39:35,True,4.568e-10,2.606e-13,326050874596.0,0.85,0x5c...6568,https://etherscan.io/tx/0x966bcccdcaf50930c9c9bf2b821490c3f215592b1804f224227ce8258175ea39
2023-03-23 11:38:59,False,4.559e-10,2.601e-13,592141605311.0,1.54023,0xe5...a43e,https://etherscan.io/tx/0xd7353ed06c59a718c741e9c7a44e580a8d85ed34f829a8c8b73e3d9459821a3e
2023-03-23 11:37:59,True,4.595e-10,2.622e-13,435548525064.0,1.1422,0xa3...2b40,https://etherscan.io/tx/0x9578adb44fe4370f81830b629a97d56d9b4a4bbd1c408b1fb978c498696ee3ba
2023-03-23 11:00:11,True,4.486e-10,2.556e-13,1372834914627.0,3.51,0x98...2a9c,https://etherscan.io/tx/0x70e93a92a785a279cacc102181dda7162b06d9fb0c7170c989cbfca1daf9137a
2023-03-23 10:57:35,False,4.418e-10,2.518e-13,1758203422124.0,4.42877,0xf6...68be,https://etherscan.io/tx/0xfe8db03094b3aaf4a6134932338117dd374662752511caef35c64b9cea7e4488
2023-03-23 10:52:23,True,4.527e-10,2.583e-13,1354948794679.0,3.5,0xc4...adfb,https://etherscan.io/tx/0x566a8edfb2261c992204c5342c7647ca2f3542d9d1b9fa1e68960bde5d9fa857
2023-03-23 10:40:23,False,4.439e-10,2.535e-13,674254637184.0,1.70925,0x3c...d030,https://etherscan.io/tx/0x6a183208c6204c3b7c5c3c61589aea564d3f47fe1d2f6e8835d74e31fdc90422
2023-03-23 10:40:23,False,4.481e-10,2.559e-13,13246164822.0,0.0339,0x75...08ea,https://etherscan.io/tx/0xdb7ec1ef94c6c2274da8dbfdc2d4086cdbb1f2ef6c6b07d8b20db5e203ca8789
2023-03-23 10:30:23,False,4.506e-10,2.574e-13,168721755981.0,0.4343,0x76...7d5e,https://etherscan.io/tx/0xcb7350ae6053e5eac606415bbe0e93660011155d0506a0c9a2a4f8dd4a5334ac
2023-03-23 10:22:35,True,4.51e-10,2.576e-13,664718042205.0,1.71277,0x91...88b1,https://etherscan.io/tx/0xc7aee3d067d80ccab6adf11d0eba1c5b340f368dfe2f058eefad08882a8270a8
2023-03-23 10:20:59,True,4.459e-10,2.547e-13,11068641219.0,0.0282,0xb5...a59b,https://etherscan.io/tx/0x150d771d0571e03a0a8c3aa6f8a550bd33deb7c56354d29bbd960d24c6afd4e9
2023-03-23 10:19:47,False,4.415e-10,2.523e-13,244720287122.0,0.6174,0x76...7c84,https://etherscan.io/tx/0xac5c4b35b705a7a5277d479b211e9af284af1574e24a54ca2644f49b1d2a4dac
2023-03-23 10:19:47,False,4.516e-10,2.581e-13,1372118098872.0,3.54146,0xc4...adfb,https://etherscan.io/tx/0x2b849848500f52194d15d5e85c02c1c9ef2293a85b40c8e1b79a9f8a10063709
2023-03-23 10:15:47,False,4.63e-10,2.646e-13,369322906243.0,0.9773,0x3b...7190,https://etherscan.io/tx/0xb8a760b67833e304b810eb30e673ef566fa68ed0d342f198a4378fbe88809837
2023-03-23 10:15:35,True,4.658e-10,2.662e-13,1201943377654.0,3.2,0x98...2a9c,https://etherscan.io/tx/0x42296ac1123f181494d573af4657528228131c3e3f32d7a93cef6251a43b7d61
2023-03-23 10:15:23,False,4.502e-10,2.573e-13,62176250438.0,0.16,0x71...cdd2,https://etherscan.io/tx/0x03d4d830daca08d821d7568879d8435bc6189ab94ec8dbccf04567167597429e
2023-03-23 10:12:11,False,4.516e-10,2.58e-13,125721372605.0,0.3243,0x76...7d5e,https://etherscan.io/tx/0x6bf08976edc70f655deca73ccbffb1fba4d485d11942e5adabe22bad93d47bb9
2023-03-23 10:11:59,True,4.465e-10,2.55e-13,1372118098872.0,3.5,0xc4...adfb,https://etherscan.io/tx/0x492742267a6b975e23f59776b0012d62de0e291bdd5ef61f676998024f238c54
2023-03-23 10:00:35,True,4.366e-10,2.493e-13,273751127316.0,0.6824,0x9f...f0ce,https://etherscan.io/tx/0xdb1f64a73384a1b637285e2f67b53d0f60f7b8404912ecb75275595417301fc3
2023-03-23 09:59:59,True,4.336e-10,2.475e-13,226078223187.0,0.5597,0x76...7d5e,https://etherscan.io/tx/0xd36f79933db184a8e6b6da582ee352e7fefbc3afbe274a50f43855604d64674f
2023-03-23 09:50:23,True,4.32e-10,2.466e-13,43295736419.0,0.1068,0x52...a112,https://etherscan.io/tx/0xcbce0afaea854b9d44eea62689d341abff3f9ffd49513069e6c939f943b0f503
2023-03-23 09:44:23,False,4.306e-10,2.46e-13,298372715329.0,0.7341,0xdd...e026,https://etherscan.io/tx/0x5f86e47343bc246f786a69ad7bfc1ada62af78848ade074a1eb27878faff6314
2023-03-23 09:43:59,True,4.326e-10,2.472e-13,847779445554.0,2.096,0x78...61f3,https://etherscan.io/tx/0x2280a2a76f5ef76fde7a994ac627514523a9bafbf551b8dd308be04cb558e8d3
2023-03-23 09:43:11,True,4.235e-10,2.421e-13,205939298984.0,0.4987,0xf2...07fc,https://etherscan.io/tx/0x083871fafeb8efaa5d31dabd35a544ae87969826ceb93f6f81b739b823c7612c
2023-03-23 09:41:23,True,4.209e-10,2.406e-13,242095506016.0,0.5827,0x5b...ad6d,https://etherscan.io/tx/0xe02866384a413be83b6231a01b03573c5343757f049b7d2a1c831343884f3773
2023-03-23 09:38:47,False,4.174e-10,2.386e-13,63702002560.0,0.152,0x81...7cda,https://etherscan.io/tx/0x6d0554ba6a56e9ac30fa5cc3fb795e5172a93b1d5480330f1a9d594b32f0c836
2023-03-23 09:36:35,False,4.184e-10,2.392e-13,124497109257.0,0.2979,0x76...7d5e,https://etherscan.io/tx/0xeabfe358cf41f6eea0e611159b4030834aa805f8a82003c598cdb8a7e9977717
2023-03-23 09:36:35,True,4.185e-10,2.393e-13,542741884860.0,1.29911,0x3a...8df8,https://etherscan.io/tx/0xf38bd224c0a39ac6d382e796b09f354f5e4a9923320c083f0525c666da8a5833
2023-03-23 09:36:23,True,4.146e-10,2.371e-13,150130324129.0,0.356,0x83...6f8c,https://etherscan.io/tx/0x9c7694a6ff66cd2be1825f50ece8c8f1b0fefc9e18157900b5061284168b0d1d
2023-03-23 09:35:59,True,4.135e-10,2.365e-13,46933515700.0,0.111,0x2e...9a37,https://etherscan.io/tx/0xe67c32e1d3878e3525f883d64d6d21607ecd293eb8d544f5634b7514eb33bf16
2023-03-23 09:33:47,True,4.129e-10,2.359e-13,126762464106.0,0.2991,0xbb...baae,https://etherscan.io/tx/0x42be2cd76d5519a7c4f61a662b4e9a90cd59570b465889e867354442bad4cefb
2023-03-23 09:30:35,True,4.122e-10,2.355e-13,7090394226.0,0.0167,0x2e...9a37,https://etherscan.io/tx/0x26846319d455cb712bf8cdca665716b4c3a417216c027857369fb9f7d3a4a986
2023-03-23 09:26:23,False,4.101e-10,2.342e-13,33776083361.0,0.0791,0xb5...9581,https://etherscan.io/tx/0xe4e0b3b30f5720121322eaeeb3578eae5e3f7104d0b041be9be838ac76b06852
2023-03-23 09:24:23,False,4.107e-10,2.344e-13,50000000000.0,0.1172,0x83...ec6b,https://etherscan.io/tx/0x328eb3500c4dc6488ec8b96dff49a5550deea678204a2e4fcadb5e325de6b094
2023-03-23 09:21:35,True,4.095e-10,2.339e-13,674254637184.0,1.57718,0x3c...d030,https://etherscan.io/tx/0x98e96feb0cc18766e640fafa76b55a44ce7c33e71e82e041e18e29a8cbf9ee04
2023-03-23 09:18:59,False,4.069e-10,2.324e-13,650492392643.0,1.512,0x2d...c726,https://etherscan.io/tx/0x56594d1e8f21ca386774dded9d68c8b17a69d1e99dafc0e5d502d68f0697c262
2023-03-23 09:17:47,True,4.116e-10,2.35e-13,255246897853.0,0.6,0xcf...e796,https://etherscan.io/tx/0x5cd3796ed92737020ee270c532347512061bfbad2771ae1823f9baed7b3307de
2023-03-23 09:17:23,True,4.295e-10,2.451e-13,244720287122.0,0.6,0x76...7c84,https://etherscan.io/tx/0xa3741f6600b356134a835db58f40177b826a2e26f7297dd72b4442db495bafb0
2023-03-23 09:16:11,True,4.075e-10,2.326e-13,15744936016.0,0.0366,0xfe...c948,https://etherscan.io/tx/0x6de4762e7cc45a7fe45588e7db8187d34393add502cfd32a195494fe2d1a05c0
2023-03-23 09:12:11,True,4.024e-10,2.292e-13,1112563646548.0,2.55,0x02...38f9,https://etherscan.io/tx/0x776ac3bdceccf60e9e3f03d4911dc7b3f5e0637d0dde4cdcded9f105c12cc51d
2023-03-23 09:11:47,False,3.967e-10,2.259e-13,722222222222.0,1.63198,0xf6...68be,https://etherscan.io/tx/0x06f4179520ac08a83697aba9455a121c46407d91d2b9e8c4100809144da10b03
2023-03-23 09:10:47,False,4.073e-10,2.32e-13,1266666666666.0,2.93872,0xf6...68be,https://etherscan.io/tx/0xd47a59a1e179b0004ec8e3341a5b78943e9c356ccd8aacbea4b79fd9cb1604e4
2023-03-23 09:03:11,True,4.166e-10,2.378e-13,84095268622.0,0.2,0xdd...a823,https://etherscan.io/tx/0x66811b63b8ff909c610e14b35762c9dc71650fe11e3b77ead8b99619cc04090d
2023-03-23 09:02:23,True,4.155e-10,2.372e-13,84286342796.0,0.2,0xf7...8444,https://etherscan.io/tx/0xc2d8b225793949a8dc79135dccce649e6f3167f6375fca6a5bf40851a51aa72e
2023-03-23 08:51:23,True,4.133e-10,2.363e-13,211556636822.0,0.5,0x34...19b2,https://etherscan.io/tx/0xb95fb9df55ddec612249efd7ed0cab7d6aba0087923cb4c6c54dea9460e80a72
2023-03-23 08:49:47,True,4.117e-10,2.354e-13,63702002560.0,0.15,0x81...7cda,https://etherscan.io/tx/0x0b3cd7796d61319c237a1d9833aa2bcefe072e19698cd2523cb2bff0ad28d0cb
2023-03-23 08:49:23,False,4.091e-10,2.339e-13,43872056918.0,0.1026,0xf3...8267,https://etherscan.io/tx/0xe56b536a00b94f4ab955d64e4d8bacfd0a79cff64a80c45e3b832722d7a9b647
2023-03-23 08:48:59,True,4.102e-10,2.346e-13,298372715329.0,0.7,0xdd...e026,https://etherscan.io/tx/0x63a66cdf107fc7c543a8826c80555965585896ee71ab5f53d2ac7856c6b5878c
2023-03-23 08:48:11,True,4.085e-10,2.336e-13,21403687976.0,0.05,0xaa...8c25,https://etherscan.io/tx/0x9148baa3b1192b567550f347bde04c293a6c7cf443c154a169cef9a789e93e5d
2023-03-23 08:47:59,True,4.083e-10,2.334e-13,17131769714.0,0.04,0x7f...fcd9,https://etherscan.io/tx/0xa12ba05c3936eae7ca3da39b1d32121f4b5fb5661c36bf8c24907f3b119226c2
2023-03-23 08:44:35,True,4.067e-10,2.326e-13,257922406883.0,0.6,0x4e...1849,https://etherscan.io/tx/0x37bcb85da314d32fc5fe33babbda933ce0939f714ba317221716539a0389b652
2023-03-23 08:40:35,True,4.046e-10,2.314e-13,122061595132.0,0.2825,0x1f...0e38,https://etherscan.io/tx/0xfd7dc40683ed0934a92cf2211b0bd179adb0508b7a52056973ebeaa9457e7b93
2023-03-23 08:39:23,False,4.07e-10,2.328e-13,1259999999999.0,2.93441,0xf6...68be,https://etherscan.io/tx/0xdf0a9be8acb85e90a8a0b5e96c01fbd06c4c466a37479a2e1e6395141fed11fe
2023-03-23 08:38:11,False,4.212e-10,2.411e-13,1088888888888.0,2.62534,0xf6...68be,https://etherscan.io/tx/0xe841b7a2a35cc8e873d99ed5104d62f5e7d5e7b3dd0dbf0f89b8a8d04fa24a28
2023-03-23 08:37:11,False,4.34e-10,2.484e-13,1107581233653.0,2.75189,0xc4...adfb,https://etherscan.io/tx/0x9750b0bc0fc1f46c0f550e9a4dced2dc11222f9e3d2672e6a8275621986a30e9
2023-03-23 08:30:35,True,4.383e-10,2.509e-13,825809089105.0,2.072,0x34...19b2,https://etherscan.io/tx/0x0c23a5294bba8636d5ef0eaad17f9ac7c89e09045ee548d57e321f7920064661
2023-03-23 08:30:11,True,4.303e-10,2.463e-13,510000000000.0,1.25625,0x4e...1849,https://etherscan.io/tx/0x7390af118ec7217f962401770e4c743641a1906f173d2a4c8b33303935167ee4
2023-03-23 08:25:23,True,4.238e-10,2.427e-13,553134608392.0,1.34283,0x2d...c726,https://etherscan.io/tx/0xc423167a4149045aab1d4f4a7d6cc5fa22d4195c82d9ece43a26d0495d073697
2023-03-23 08:24:23,False,4.188e-10,2.398e-13,100000000000.0,0.2398,0xd8...14b0,https://etherscan.io/tx/0x39c1a28309124efb0582622b09d3c23616ec9c9dd37f76e2148f23e75b691b1b
2023-03-23 08:21:35,True,4.196e-10,2.4e-13,475202493225.0,1.14071,0x75...2c3a,https://etherscan.io/tx/0x3ee29b47472ace3f7b8ba1b46d8ebb4fe28f78661cb897bd2e91a6e71d1fee52
2023-03-23 08:20:11,True,4.145e-10,2.371e-13,421663271066.0,1.0,0x42...8908,https://etherscan.io/tx/0xcf7ff7be4272b4e72f2d3c649405a04507362ffae3ea310cf5ac874f29f7ef28
2023-03-23 08:18:59,True,4.12e-10,2.357e-13,33643279542.0,0.0793,0x28...1597,https://etherscan.io/tx/0x01b1ab62124ac508590703a12d9c41202a10af58bee2e47b2033bea8eb31c631
2023-03-23 08:18:11,True,4.115e-10,2.354e-13,63721240623.0,0.15,0x99...af42,https://etherscan.io/tx/0x7d7d1b0f10f8aef891f7112a23919548f142661408d694c4147699eaec271877
2023-03-23 08:17:47,True,4.109e-10,2.351e-13,24243907841.0,0.057,0xf3...3c43,https://etherscan.io/tx/0xeed42df0c88456a626e82f762be272790a26881678079934983087e5985d9c49
2023-03-23 08:17:47,True,4.107e-10,2.35e-13,14468032642.0,0.034,0xd7...393a,https://etherscan.io/tx/0x851264d35b5a74000275a94d833df7d3e6c0f32df41c9839968212a221d1e458
2023-03-23 08:17:23,True,4.098e-10,2.345e-13,144448695640.0,0.3387,0xb3...b695,https://etherscan.io/tx/0x58c4c66945e4688d6ec6e8472877de1c73ba8289aedfddb6fe0a3cf6651007aa
2023-03-23 08:17:11,False,4.126e-10,2.361e-13,1105275662991.0,2.60992,0x9c...97bf,https://etherscan.io/tx/0x06cc1080427a4ebdb575dc62fdd1efd9c5dbc5d7011d66df54b1497b89150363
2023-03-23 08:16:59,False,4.196e-10,2.4e-13,134078199970.0,0.3219,0x76...7d5e,https://etherscan.io/tx/0x9f2e2b7b9534c3620b7263f3b95a28e432f62538c88972f74cf863bf0bdf1f6b
2023-03-23 08:16:59,True,4.192e-10,2.398e-13,792058715841.0,1.9,0x99...af42,https://etherscan.io/tx/0xee3e16b0a9b361ec2969d7482f3f53fa754a4059dd11b2400198b77ac55741c3
2023-03-23 08:15:47,False,4.122e-10,2.358e-13,144555913143.0,0.3409,0x76...7d5e,https://etherscan.io/tx/0x17b000b6c24330a697e428c50a592e448046d6727e77226727f47ed7fa6f6c3d
2023-03-23 08:15:47,True,4.116e-10,2.355e-13,849083087242.0,2.0,0x99...af42,https://etherscan.io/tx/0x2fd6c33f2c76d10c391225980958912a7af64248f47f165c8e43bc0a364fa432
2023-03-23 08:13:11,True,4.062e-10,2.322e-13,47358245674.0,0.11,0x25...50d0,https://etherscan.io/tx/0xc0e7b9030232225ab35ee322cca628a21f52521cc85b56bc7b881b5727bb6af7
2023-03-23 08:12:23,True,4.055e-10,2.318e-13,86260382791.0,0.2,0x79...04f3,https://etherscan.io/tx/0x741dc5ebc2a897db7cc2c8f0e1735262dab60f5258df8874d0b7a1ed3f9b527f
2023-03-23 08:11:47,True,4.036e-10,2.308e-13,253514225057.0,0.5851,0x9f...7e8b,https://etherscan.io/tx/0x677da536761cc70626070db4efa3c602da30c8d9d3610da70b2d7f15931aa69f
2023-03-23 08:11:11,True,4.014e-10,2.295e-13,172542253491.0,0.396,0xf7...f84e,https://etherscan.io/tx/0xe8ef5c27e04033bdc09c1311e432623fb33718fbbbddc92509d4fe8baebb0e9e
2023-03-23 08:10:47,True,4e-10,2.285e-13,151864423870.0,0.347,0x46...8067,https://etherscan.io/tx/0x8b74969b140fb2c134088eaf0c16c1dbdbd2894998c0605e67dd9647f80fd5b2
2023-03-23 08:10:47,True,3.989e-10,2.279e-13,43872056918.0,0.1,0xf3...8267,https://etherscan.io/tx/0x09d3cae00f7b781bc752b86c0a7689c2b10fec8b4d7b003f6c1535d335fe9508
2023-03-23 08:10:11,False,3.974e-10,2.27e-13,203911968118.0,0.4629,0x76...7d5e,https://etherscan.io/tx/0xde37c6c8e9b8a7300c396de3b556df4f9987e9021784484639812a8a610525e2
2023-03-23 08:10:11,True,3.951e-10,2.257e-13,1107581233653.0,2.5,0xc4...adfb,https://etherscan.io/tx/0xe2ad77fd5f4acfe41da7472baea8ecc044e7cf74fd09e5428b5009db93f2c269
2023-03-23 08:09:35,False,3.886e-10,2.22e-13,307349049716.0,0.6823,0x00...2f60,https://etherscan.io/tx/0x6548302ecf08715d1bed9283321c8b669a839f9c467b497585317194b3e1006c
2023-03-23 08:09:23,True,3.869e-10,2.21e-13,1105275662991.0,2.44315,0x9c...97bf,https://etherscan.io/tx/0x967020f3f45e7356f1c0a230a89260075bdea0279b2703a0b7f6a0bfd08a8728
2023-03-23 08:08:59,True,3.813e-10,2.178e-13,20000000000.0,0.0435,0xae...6c0b,https://etherscan.io/tx/0x5c11723d11804ded459b898c07c5b6681648cd3071804b92c661968436ce5690
2023-03-23 08:08:11,True,3.774e-10,2.156e-13,927487014783.0,2.0,0x1d...f241,https://etherscan.io/tx/0x6fcea306cd17c12831458fba7341a4673837475830bbbac4bf1d35a797f87b68
2023-03-23 08:07:59,True,3.706e-10,2.117e-13,327931085114.0,0.6944,0xe5...a43e,https://etherscan.io/tx/0x579b31271365f6debb46336d62b47fea42dc43df5652dba5af0e5c76adce851e
2023-03-23 08:07:23,True,3.685e-10,2.105e-13,125000000000.0,0.2631,0x6f...4963,https://etherscan.io/tx/0x76f5f4f754adc490fce02ffd18d43bea98cc9a606ddb79ef959cd57069b9b9b9
2023-03-23 08:07:23,False,3.739e-10,2.136e-13,1958873703018.0,4.18522,0xda...8a36,https://etherscan.io/tx/0xbf1fce9ffb95bfb0a41666b7aec73865551ea40a66bdcdb92ce55c970c9d2f23
2023-03-23 08:06:59,False,3.894e-10,2.224e-13,956666666666.0,2.12831,0xf6...68be,https://etherscan.io/tx/0xee8cd7eda6119f1051f807d4049314a623fbba04e17ba49993832bf57d8557d5
2023-03-23 08:05:59,False,4.024e-10,2.299e-13,1777777777778.0,4.08785,0xf6...68be,https://etherscan.io/tx/0x583352288b6b98a9cd9c6c3666bcfa66ef0def02e9724093466704134ab59870
2023-03-23 08:05:11,True,4.156e-10,2.374e-13,24423269059.0,0.058,0x3f...7810,https://etherscan.io/tx/0x33615a7de02b0872ae19222a587eab7df82ac383d4cdb6f93ead0afbaa4fb886
2023-03-23 08:03:35,True,4.144e-10,2.368e-13,168875880382.0,0.4,0xa4...d883,https://etherscan.io/tx/0x82705e6d7bd7cbcab9937ebb3378b93bb4eeacc71fb215e04efdf7f3063b6132
2023-03-23 08:02:47,True,4.133e-10,2.361e-13,42400000000.0,0.1001,0x1c...ee14,https://etherscan.io/tx/0x3e6bcd744a9b2d985f61d5fa29cf2f9d4f99d15396eaf253585e71f4ad367c22
2023-03-23 08:00:35,True,4.116e-10,2.352e-13,255052040389.0,0.6,0xd8...14b0,https://etherscan.io/tx/0x764140e211c628e53c3b721802890345c65a6559baf6824e04df73d40fa24f66
2023-03-23 07:57:35,True,4.102e-10,2.344e-13,5074061786.0,0.0119,0xfc...7b7b,https://etherscan.io/tx/0xcea0ea5f6134a6cc978f311489b038111adf47ac689029b8322c885c7988127e
2023-03-23 07:56:11,False,4.083e-10,2.333e-13,100315508739.0,0.234,0xc1...529e,https://etherscan.io/tx/0x2b086b67b09a4d51b867742728e54c66c4d0cd4273c603b2883a2c6f4ad815c7
2023-03-23 07:53:59,True,4.102e-10,2.343e-13,213338474126.0,0.5,0x42...8908,https://etherscan.io/tx/0x7567a96cdff5a17bce590989271c831c27528e0e012791689f1303c21e87316b
2023-03-23 07:52:23,False,4.102e-10,2.343e-13,888888888924.0,2.0834,0xf6...68be,https://etherscan.io/tx/0x9fd433d827ec9e0fd8dabafb05219cc774c6f1b317bb33b3396540acace5b281
2023-03-23 07:50:47,True,4.188e-10,2.392e-13,21980425915.0,0.0525,0x71...cdd2,https://etherscan.io/tx/0x5d7affe1e33ff46f8bb9b257f362e0a2b6d6b997f03fc89b586cb5eeb0a3f77f
2023-03-23 07:49:47,False,4.197e-10,2.397e-13,628063385357.0,1.50609,0xb5...60ea,https://etherscan.io/tx/0x328edd474653d557f29425b64bbd2b8568f8ac96cfde2ea7c85063c353250af4
2023-03-23 07:48:35,True,4.258e-10,2.432e-13,20241889186.0,0.0492,0xea...d527,https://etherscan.io/tx/0x2e1630b484ebded8f1bd24a911c05b91a0a7e88eac7d2692fd61cbedd53e7198
2023-03-23 07:47:59,False,4.289e-10,2.449e-13,1200000000000.0,2.93964,0xf6...68be,https://etherscan.io/tx/0x7a054b5a0e730e3d4cf74bcc12779d5e96e1a803ba958416d61c08604ffcfd52
2023-03-23 07:47:47,True,4.399e-10,2.512e-13,18150112838.0,0.0456,0x71...cdd2,https://etherscan.io/tx/0x4cb5263891736f39f95761ffab67fe20000d3898ecde757eb426936f88a76c5a
2023-03-23 07:44:23,True,4.389e-10,2.506e-13,137079100059.0,0.3436,0xfa...c485,https://etherscan.io/tx/0xe6ba74715fdd74f176d7268356c7774c88086d5a278046df2c91d7f756a61fc0
2023-03-23 07:42:47,False,4.361e-10,2.491e-13,130979299570.0,0.3263,0x9c...5167,https://etherscan.io/tx/0x5075457e0ad2d9efa8f85c3ef6deed6ab9ee26b18fd74f33d63f43cd85e745d9
2023-03-23 07:37:35,True,4.392e-10,2.507e-13,111873229948.0,0.2805,0xd0...2655,https://etherscan.io/tx/0x5b9ba29b498de295e2b65b899c91e485620e70593f677f9a0b2fc024f93cb056
2023-03-23 07:36:47,True,4.352e-10,2.484e-13,667244545065.0,1.6575,0xb5...60ea,https://etherscan.io/tx/0xd844592a731ce624528336dac1e31fa87d4f19ef7c1b05ca848d916f87603bcf
2023-03-23 07:35:59,True,4.298e-10,2.453e-13,130426080798.0,0.32,0xd8...14b0,https://etherscan.io/tx/0xf70bfa4f6257ba51383364fba31f9b327510d9871501a4acb9ef071c5d51c183
2023-03-23 07:35:11,True,4.276e-10,2.44e-13,254033924185.0,0.62,0x74...bfcb,https://etherscan.io/tx/0x365d6f426651cfb8ded46023c55f9f0610bc873b4738c3039af6184816348733
2023-03-23 07:34:47,True,4.239e-10,2.419e-13,369322906243.0,0.8937,0x3b...7190,https://etherscan.io/tx/0x5466bee6de7bcd1b3be0b0d8301b2a5a99025340b0db52eab3b1087f7918ff5a
2023-03-23 07:34:35,False,4.229e-10,2.414e-13,635888110676.0,1.53518,0x9f...f0ce,https://etherscan.io/tx/0x8a21073026af15edcbc67d9827f382268970ea7585bc73011f56d15ec6eab65a
2023-03-23 07:33:11,False,4.31e-10,2.461e-13,1000000000000.0,2.4613,0xf6...68be,https://etherscan.io/tx/0xdf584deb71190ee1149f3c8009bfe1f797c98e38801709fe2c4682297c71a951
2023-03-23 07:29:47,False,4.428e-10,2.528e-13,944444444444.0,2.38785,0xf6...68be,https://etherscan.io/tx/0xcebf2586de895653ac9e5c0490e155c4a547a0d584d19fefb4efe608bf76c99c
2023-03-23 07:29:35,True,4.516e-10,2.578e-13,193935294871.0,0.5,0x42...8908,https://etherscan.io/tx/0xd75bd458d7b210815b66f16796130eb353007cccc8835fa48261e51e5acfeb08
2023-03-23 07:29:11,False,4.519e-10,2.579e-13,888888888889.0,2.2932,0xf6...68be,https://etherscan.io/tx/0xc2a7fb386ea360cb90774bdd308a6e8421b840bd9e016d9f214fafcc01c41f27
2023-03-23 07:24:59,False,4.664e-10,2.662e-13,1100000000000.0,2.92825,0xf6...68be,https://etherscan.io/tx/0xef4aad4e3ad2ee417a20296fe2d37953866b12bfe0d477fde156992a4e469d62
2023-03-23 07:22:47,False,4.749e-10,2.712e-13,201848085398.0,0.5474,0x1f...0e38,https://etherscan.io/tx/0x535ed1b28b1ed2f8ec11eac2e8d9d6de56485c1734f31414775203f8de575bcf
2023-03-23 07:20:47,True,4.779e-10,2.73e-13,138735839625.0,0.3788,0xab...9c64,https://etherscan.io/tx/0xabffd2a1622b8885884a43e8c98ca2386ba3b0861e8f376bdc85941f88baad27
2023-03-23 06:47:23,True,4.743e-10,2.718e-13,183951912111.0,0.5,0x1e...1c15,https://etherscan.io/tx/0xc6490df3173b64e5a2a4fa4fadf302cac4ac2ab1aaa46569912a44006d0da32b
2023-03-23 06:23:11,True,4.689e-10,2.702e-13,203479773872.0,0.55,0x8a...1383,https://etherscan.io/tx/0xd6879a0a7fb9051d1fe5676c758bde47639c31e8484aac3d85574cb3ddacc084
2023-03-23 06:19:35,False,4.68e-10,2.699e-13,519925367045.0,1.40331,0x3a...8df8,https://etherscan.io/tx/0xbcded97b021e5646c0211b19f92fb04d75187617131222590fd9e567028a3d05
2023-03-23 06:06:35,True,4.734e-10,2.732e-13,69522600001.0,0.19,0xfb...6bfd,https://etherscan.io/tx/0x9a590af21df56f5a91cc8fba2dde9078a56b1152e01ce77ab60d310f7e66ddc7
2023-03-23 05:47:47,False,4.715e-10,2.714e-13,24061548844.0,0.0653,0x58...6bf9,https://etherscan.io/tx/0x8ee05da8df26b15e631a6bfc15ca352adbf536fb4aefe0e8fac5b68a171cee93
2023-03-23 05:47:11,True,4.745e-10,2.731e-13,4993417215.0,0.0136,0x8e...e3b4,https://etherscan.io/tx/0x0918cb18b678f4e22cdc7bcf79899e7c4fa576fdf0faaa0996c82f7ce35be9fc
2023-03-23 05:00:47,False,4.728e-10,2.722e-13,172741378213.0,0.4702,0x03...d606,https://etherscan.io/tx/0x2314a913674e51a4771d224ea89f747e742876736e31ee52f631e0787546f201
2023-03-23 04:52:59,True,4.771e-10,2.745e-13,3139331773.0,0.0086,0xb7...9ed2,https://etherscan.io/tx/0xbb0bbcbc087d76a59abd059829fe956789f6a4e0dce1009668b1b1c847705672
2023-03-23 04:47:11,False,4.746e-10,2.73e-13,40000000000.0,0.1092,0x97...3a00,https://etherscan.io/tx/0x81e6db86965650fbef2dc62882f8bee3ead5c174ab30a4da1aa53cecbf4b2516
2023-03-23 04:33:23,True,4.763e-10,2.742e-13,152706475444.0,0.4187,0x3d...c45b,https://etherscan.io/tx/0x861d00c949bfe09a7be8e4481d9f2d38f285672eb12c860b4418cff344520796
2023-03-23 04:32:47,True,4.743e-10,2.73e-13,153706532173.0,0.4196,0x3d...c45b,https://etherscan.io/tx/0x3d20082546eef9ff45ba5c4d61f68d8bbe767c0cdd997fd786c6a6e6c4397d9f
2023-03-23 04:21:11,True,4.728e-10,2.718e-13,127397111535.0,0.3463,0x76...7d5e,https://etherscan.io/tx/0xed6d18fe26bdb26d33bbbc9d720a6ee1f443cfa29e9c6a36928a6aaf92550da5
2023-03-23 04:21:11,False,4.716e-10,2.712e-13,368713364649.0,1.0,0x99...af42,https://etherscan.io/tx/0x5fae077996a0e3c3195f92e3dbdd8de873c6de412cb95982e9c44407abc2d559
2023-03-23 04:20:11,False,4.761e-10,2.738e-13,288626730007.0,0.7902,0xfb...6bfd,https://etherscan.io/tx/0x61275861e8e9b2727a2f74f58d5a935626700ff13b85988a12eff1a7c568442d
2023-03-23 04:18:23,True,4.8e-10,2.76e-13,130899127488.0,0.3613,0x76...7d5e,https://etherscan.io/tx/0x24b852923fe4cd008290d05545247ff70c16114b33f7221b9a6f3c171af2f7d3
2023-03-23 04:18:11,False,4.852e-10,2.789e-13,1259549625799.0,3.51412,0x81...b311,https://etherscan.io/tx/0xf495fb86df981a9946395414390555f1db511372563a33936a0ffd89dab2cc87
2023-03-23 03:56:59,False,4.944e-10,2.845e-13,86341568588.0,0.2456,0xa4...5994,https://etherscan.io/tx/0xe8a7a9012832430b136efcd5dee84a56343b9ec06d0eba43603de78638f5d2e3
2023-03-23 03:51:35,True,4.965e-10,2.857e-13,209990801786.0,0.6,0xb9...445e,https://etherscan.io/tx/0x366e249563602716578290ea490f0ac56bf4acdf22861a6b024c60d9d1cda9d5
2023-03-23 03:43:11,True,4.86e-10,2.797e-13,1358113894066.0,3.8,0xb9...445e,https://etherscan.io/tx/0x6c8e015db03f0a120bc8c07921b8ea03df5f901eba8ffbae0a78edd8462c7bba
2023-03-23 03:37:59,False,4.754e-10,2.737e-13,406423919068.0,1.11244,0x73...3738,https://etherscan.io/tx/0x6703665906f9bb395be7e1d938e11c94bbbe412c9d584fce92637610ada37c2f
2023-03-23 03:35:59,False,4.789e-10,2.757e-13,100000000000.0,0.2757,0x1b...ea67,https://etherscan.io/tx/0xe7275c39ff577b8bf6ae174b4c39be8522c123387dd235ffd251fdf1e0b63cb5
2023-03-23 03:34:11,False,4.805e-10,2.766e-13,130398672860.0,0.3607,0xe2...52f8,https://etherscan.io/tx/0x380532cde5e28d4485d103fcc0f577f932efd339a9b96bcab03bc64c506e95e1
2023-03-23 03:16:23,False,4.812e-10,2.776e-13,110849046884.0,0.3077,0xa0...7954,https://etherscan.io/tx/0xff57accae94d7bd75db0111744c684765143bb94e4393891c6aaabffaed9021c
2023-03-23 03:12:11,False,4.817e-10,2.78e-13,4834382365.0,0.0134,0x23...cc12,https://etherscan.io/tx/0x21a00ec2302b36fb3a214abfe36bb7b3ecf44743a0861e376daa120a4d44c757
2023-03-23 03:00:59,False,4.816e-10,2.783e-13,56331702007.0,0.1568,0x13...0737,https://etherscan.io/tx/0xddcff2ec28b1b5827627fb2e1349ee696774ed830a3fda5bfe53e0790aa056fd
2023-03-23 02:59:47,False,4.822e-10,2.785e-13,4834382365.0,0.0134,0x23...cc12,https://etherscan.io/tx/0x1389a3a1fc294b9c8243629999eda8ff2c5584d9c77a9e6f46e0a86050f3cc9f
2023-03-23 02:50:59,False,4.827e-10,2.787e-13,25000000000.0,0.0696,0x7b...7b25,https://etherscan.io/tx/0xc964b4048ca381902d9a7d0a1dacdab5ded981d3d37822b901d18d03fc9c9dca
2023-03-23 02:50:59,True,4.858e-10,2.804e-13,7952172465.0,0.0223,0xa5...6ce5,https://etherscan.io/tx/0xa3588f698ae6757e89d26708e07ecca3ed0208d6998d849d59f656d9d62f6d47
2023-03-23 02:38:35,False,4.847e-10,2.794e-13,176480562468.0,0.4932,0x68...8bfc,https://etherscan.io/tx/0x9abdfba1056b63e3879fe19e6bd1f624acb06fb3045afa2883db261b5af6b731
2023-03-23 02:34:59,False,4.864e-10,2.804e-13,57054992031.0,0.16,0xa7...bdf6,https://etherscan.io/tx/0xd29f02a7be0c9010d7dcaab2cbd9fa4a15cb25477bf59e574feee43655aeb628
2023-03-23 02:29:23,True,4.891e-10,2.821e-13,58113209943.0,0.1639,0xd9...bdc4,https://etherscan.io/tx/0x0076e5b06313fb2fa5de613aaab3c03c16dbf517046754a995ca4f3a8382a423
2023-03-23 02:22:35,True,4.889e-10,2.818e-13,4257472544.0,0.012,0x73...d195,https://etherscan.io/tx/0x684fc182c989c3fb6551d2b54a8786e9de3ae912c435de9e88df2aaaa7c23108
2023-03-23 02:17:47,True,4.878e-10,2.816e-13,42719191264.0,0.1203,0xd2...1b09,https://etherscan.io/tx/0xde12254257b5b26fa73b3b0de3570a710b3f803b7cb1e4c36d2004de555d985d
2023-03-23 02:09:59,False,4.869e-10,2.805e-13,187564180038.0,0.5262,0x12...0f2e,https://etherscan.io/tx/0x98d21b1f9ad8b74cb0ff86fd5842c7a544af0e879179049937448343b1e8f75b
2023-03-23 02:09:59,True,4.822e-10,2.778e-13,1259549625799.0,3.5,0x81...b311,https://etherscan.io/tx/0x34f1a39b5ca25494c09ff39b8984b5602ef57384ff333bda9ae9c0573166bc2b
2023-03-23 01:57:11,True,4.74e-10,2.728e-13,2707268566.0,0.0073,0xa0...cf17,https://etherscan.io/tx/0xb2fec4dba9f53b582daeaa3324d5e026322ef2314e1c5480597bac1bffd92133
2023-03-23 01:40:11,True,4.736e-10,2.718e-13,590984364931.0,1.60658,0xda...8a36,https://etherscan.io/tx/0xbefe0465020b1b0c96dd6d203d31f3b8090d65e556d34b1c9f87c7f1090869c7
2023-03-23 01:39:35,False,4.705e-10,2.701e-13,923444953514.0,2.49479,0x81...b311,https://etherscan.io/tx/0x779e25300fc75165fc6a3be8432e1138bc9814c78f4849e12278c36e9bf984cc
2023-03-23 01:37:35,False,4.776e-10,2.741e-13,100898340289.0,0.2766,0x76...7d5e,https://etherscan.io/tx/0x708469a7d07265a56e1a2683d642110ae8591b4bbf06902d714dde34b0ad28e6
2023-03-23 01:37:23,True,4.806e-10,2.758e-13,543684388589.0,1.5,0xda...8a36,https://etherscan.io/tx/0x857dcd1966747cff7abc5307ec8a7c766e930dd9906a64af086a5bbfe4714679
2023-03-23 01:37:23,False,4.712e-10,2.705e-13,58562629098.0,0.1584,0x5b...e954,https://etherscan.io/tx/0x7565ad48dc78c722f75525d3eae091cf9320c65b214223db2fb4e4e25e275df1
2023-03-23 01:36:35,False,4.734e-10,2.717e-13,252916456404.0,0.6872,0x76...7d5e,https://etherscan.io/tx/0x27439be1d63c677f2501c0aa358585e1f8df6bee2d0b3636546a02d342899be9
2023-03-23 01:36:23,True,4.714e-10,2.707e-13,923444953514.0,2.5,0x81...b311,https://etherscan.io/tx/0xfdfe9e016c4858cbfa5b22c39aeea11d903de45747f49df10d564a80143a5e75
2023-03-23 01:33:47,True,4.638e-10,2.664e-13,183898206993.0,0.49,0x31...d1d5,https://etherscan.io/tx/0x6974120a56ffa58a644748ecf303663429524fdc43d83539bce0686a5ce301d7
2023-03-23 01:33:23,True,4.608e-10,2.646e-13,280961797087.0,0.7436,0xa6...4cb2,https://etherscan.io/tx/0xae8b0f41eea05a2b84ce8e15af471b4d44f0a8dbd54e1e3ca7c3834762bcc780
2023-03-23 00:51:35,True,4.543e-10,2.62e-13,413978542317.0,1.085,0xda...8a36,https://etherscan.io/tx/0x24b4b312fdaf2084af3db2b4866df91a67d5e7b4e8b3c335ad235f1945a70fc5
2023-03-23 00:50:59,True,4.502e-10,2.597e-13,577485327246.0,1.5,0xda...8a36,https://etherscan.io/tx/0x3b10456d7644b6c45f43521bb56d273623b0f71370e235842da2741d80202311
2023-03-23 00:49:11,False,4.425e-10,2.553e-13,135447300284.0,0.3458,0x13...1606,https://etherscan.io/tx/0x288af649c2fdbd390cf28360a627898a41fd4eb4aec9bb1d1a293d7c48c20090
2023-03-23 00:47:35,True,4.454e-10,2.569e-13,94856696840.0,0.2437,0xcf...8cc6,https://etherscan.io/tx/0x2c320aefa0559ea3ddb7f0a07be27985d7bf1c4860cc5c231ee6a89691ec35ff
2023-03-23 00:38:47,False,4.426e-10,2.553e-13,58750528243.0,0.15,0x8a...1383,https://etherscan.io/tx/0x64b253b49bd0e1fef2c9c393b7e5f3a621874e590e9d4125f16b8ed252b770ed
2023-03-23 00:32:23,True,4.459e-10,2.57e-13,3108907946.0,0.0079,0xa6...d3bb,https://etherscan.io/tx/0xeb204f2807dc2d7d7157077b6bf74e3122cb3ef735326a3bdd60907e0c902b35
2023-03-23 00:14:35,True,4.444e-10,2.567e-13,78875718058.0,0.2025,0xa4...d883,https://etherscan.io/tx/0xa30d56e55eb7efa9f2118f96901ca61bd7dce145fa2cd7a0924cf05cbab4611f
2023-03-23 00:05:23,True,4.428e-10,2.561e-13,92878200789.0,0.2379,0x50...efcf,https://etherscan.io/tx/0xc366e3bb2c08d9693c035268900425ada7734d97d251480bba0a18f481d4e883
2023-03-23 00:04:59,True,4.416e-10,2.556e-13,50000000000.0,0.1278,0x3a...8df8,https://etherscan.io/tx/0xc4ab4253acadd10e9d1e482f16be18ebdf35daa27cdfc1e28d4a86ba40d24691
2023-03-22 23:35:59,True,4.393e-10,2.554e-13,2839919774.0,0.0072,0xa1...061c,https://etherscan.io/tx/0xe3d9beffca1f38984338feec95e79923cc12e8432f1b8de0fa212b0a6f6a8b26
2023-03-22 23:35:11,False,4.376e-10,2.543e-13,131574938913.0,0.3346,0xd5...4de5,https://etherscan.io/tx/0x074110e4a630a4f2c84a12047830920d69e286ab3d1a17861a7557654c1069b7
2023-03-22 23:31:59,True,4.413e-10,2.562e-13,41956046211.0,0.1075,0x22...e7d6,https://etherscan.io/tx/0x8fd6720e5d91aab71093f0a52e5aa1cb0b6f36332aad1e20354c31d3b8d04b7a
2023-03-22 23:31:47,True,4.409e-10,2.559e-13,24008342491.0,0.0614,0x70...de58,https://etherscan.io/tx/0x5b2b25214ce1b04c40147ac1cd42f3c8fb936184763c290fe2547755f0f03a66
2023-03-22 23:28:11,True,4.392e-10,2.55e-13,235241976694.0,0.6,0x9f...513a,https://etherscan.io/tx/0x8a2fad18d30c9620d2958fbff215d3ee6d3760f5e3dc7527d36f6fa332d970fa
2023-03-22 23:23:11,True,4.365e-10,2.533e-13,237387837730.0,0.6014,0xa2...0816,https://etherscan.io/tx/0xe0d49bc57ee459a006851473f135f70a079a6321942e0669539071c2b9fdfc6d
2023-03-22 23:18:47,False,4.365e-10,2.539e-13,889165266901.0,2.25797,0x55...1919,https://etherscan.io/tx/0x4fe06cb767a68e5fa3396005931f71c78bf8dd76da38a48213a43523153efc60
2023-03-22 23:18:47,True,4.448e-10,2.587e-13,31688148464.0,0.082,0xa3...35f9,https://etherscan.io/tx/0xe9675338085d6611eee0058b24a108c6fe9fe438b56711528ce74231721c9ddc
2023-03-22 23:17:35,False,4.421e-10,2.571e-13,20968252415.0,0.0539,0xc1...c55c,https://etherscan.io/tx/0x57464f534ccee76b59ccc802361da715ca1eef343ba2cb3f1b345a1711ee470d
2023-03-22 23:11:59,False,4.433e-10,2.573e-13,25000000000.0,0.0643,0xe6...3a86,https://etherscan.io/tx/0x1e28920fd1509a9e58e0a6434b359f82bff547ba5e99b856aa62469b348b6d9e
2023-03-22 23:10:11,True,4.462e-10,2.588e-13,50611032801.0,0.1309,0x03...397d,https://etherscan.io/tx/0xdae1a468a85087cba2cdf7e4c99635954cbdb2ec88dc4b1928248b88daacc40f
2023-03-22 22:56:47,True,4.437e-10,2.579e-13,193861005323.0,0.5,0x1e...1c15,https://etherscan.io/tx/0xba99bd24ed81fb2dac8d5a7a7aa4a7d269f0d6cac51e57fb8375412c88c6580f
2023-03-22 22:55:35,True,4.41e-10,2.565e-13,194335740555.0,0.4985,0x07...a9e5,https://etherscan.io/tx/0xe2c24aa83c0641b18cc22858d5e80eb3b1ca016c1d3eaf87ea492dc406e6a5df
2023-03-22 22:52:35,False,4.393e-10,2.552e-13,270000000000.0,0.6891,0xab...ddfb,https://etherscan.io/tx/0xc277e22e492550ffbddf764c2574cf25eac75524a10bd29f9de9795d4f8e2195
2023-03-22 22:36:59,False,4.43e-10,2.562e-13,2076312698.0,0.0053,0x4b...6ca8,https://etherscan.io/tx/0xd21744ea306c03854efa25e5667b38bfa2f1bfc621958a9f788fa2ce40106961
2023-03-22 22:27:59,True,4.458e-10,2.576e-13,29107300002.0,0.075,0x6b...7dea,https://etherscan.io/tx/0x26b95fd3c0fb557d3ce00ff71c64ac4f8a6ebcf9afee416c6b38e09041b338d5
2023-03-22 22:16:23,False,4.475e-10,2.578e-13,500000000000.0,1.28913,0xab...ddfb,https://etherscan.io/tx/0x01cbe3739b41b143ca8ab8ff5ca6847117ebefdd862815b16b56fb9b67c90d2a
2023-03-22 22:14:35,False,4.52e-10,2.602e-13,170000000000.0,0.4424,0x7b...7b25,https://etherscan.io/tx/0xe74ab6c5f5be9a5a354ec20ff4243e9cc54fe8b953f266963941a0ef666495f8
2023-03-22 22:10:23,True,4.555e-10,2.623e-13,25000000000.0,0.0655,0x6f...4963,https://etherscan.io/tx/0xaf18a7bba2aceb5d98590ad6ece52de2047256369739afb738be0494d72f4602
2023-03-22 22:06:11,False,4.557e-10,2.634e-13,727430199769.0,1.9162,0x9d...15dc,https://etherscan.io/tx/0x3e7caa8b0aa36c842e03b7625f3aa21b5ee5b1cf7b98691e6d54b0c088d364eb
2023-03-22 22:04:47,True,4.63e-10,2.677e-13,7404881064.0,0.0198,0x5d...ed6b,https://etherscan.io/tx/0xfbd2cf6c0e1d03e542e0fb156f216ace2d5d68bf3b8aec0ed1b239d2859ad87d
2023-03-22 21:43:35,False,4.641e-10,2.691e-13,792875749681.0,2.13402,0x97...0896,https://etherscan.io/tx/0x2e9cb4bb828e7a74e0a354b43742f4dabf27e0dc1d3afee9fbfc5d4b557553b5
2023-03-22 21:31:59,True,4.71e-10,2.737e-13,18261838496.0,0.05,0x39...261f,https://etherscan.io/tx/0xc5ea1336384c6a7f7dd0c8ddcf434584bf1e0ff84bd370f95839b6216b0894d5
2023-03-22 21:30:59,False,4.691e-10,2.724e-13,100000000000.0,0.2724,0x99...2c5b,https://etherscan.io/tx/0xc02b35d42ebd66ee95c35ae27e2f9b44381bf88b7517321f301997cba4268a48
2023-03-22 21:24:59,False,4.694e-10,2.731e-13,78449579623.0,0.2143,0xdb...fcbf,https://etherscan.io/tx/0xb955b7a87e3f47a4304f87fb2b7ab7b71e8d8100b10d04d7b2ceaa0fe58043fc
2023-03-22 21:16:23,False,4.706e-10,2.736e-13,29375675899.0,0.0803,0x2f...ab1c,https://etherscan.io/tx/0x1a160c1d06fa5da02a11b69cdd8b616e1eed0276e798967b89822f83bbc2b5e2
