datetime,buy_order,price_USD,price_native,amount_token,total_native,maker,etherscan_url
2023-03-29 08:10:23,True,3.379e-10,1.89e-13,357680845798.0,0.6761,0xbb...baae,https://etherscan.io/tx/0x417d0df6f3720d185f93c726f352670a1200a5a2a6aa5062e3c453b5aa674cb6
2023-03-29 08:00:47,True,3.356e-10,1.876e-13,248335126736.0,0.466,0x52...f077,https://etherscan.io/tx/0x8c2cd0780d743033832c3ea76ac16ea65113d43752bbfdca5c9f56175db5c0bc
2023-03-29 07:59:47,False,3.33e-10,1.862e-13,100000000000.0,0.1862,0x18...0902,https://etherscan.io/tx/0x664013e7b2fadacb016069b65ab8a7f88c349a9eb9796acd21d332e3dcae91ca
2023-03-29 07:58:47,False,3.335e-10,1.865e-13,47800000000.0,0.0891,0x0f...6aa6,https://etherscan.io/tx/0x9b0834d905bc23cbe288ac331ba925f1acbba1bbe69d6d44714dab3af01f3e4a
2023-03-29 06:47:11,True,3.365e-10,1.877e-13,809292184.0,0.0015,0xcd...7ffa,https://etherscan.io/tx/0xf475a0cf4794c2e1fb9ea07a6220bf4200c14c4607b1ae6e50652fd7de73a1be
2023-03-29 06:35:23,True,3.37e-10,1.877e-13,2130334347.0,0.004,0x0b...3331,https://etherscan.io/tx/0x8b7b6670dee360dd953fe2575c8759c7471dc98313f5c6ba39cfeae351c6585c
2023-03-29 05:41:23,False,3.324e-10,1.87e-13,193997958248.0,0.3629,0x00...3661,https://etherscan.io/tx/0xcc6951aef755037158d90f0fa904d98f45153badbd8dcce4c31ba78d79646b18
2023-03-29 05:32:11,False,3.337e-10,1.877e-13,119975289870.0,0.2252,0x71...cdd2,https://etherscan.io/tx/0x79379c1610f400b6f0825706e1ac261d5821a6dd0f275dc977032d6615395eb0
2023-03-29 05:31:23,False,3.345e-10,1.881e-13,53113042259.0,0.0999,0x17...6fca,https://etherscan.io/tx/0x3f29dfa6079b98b216d1dd43a7fc379e359e20954837fbac4780dd1dcd904c42
2023-03-29 04:41:35,True,3.369e-10,1.891e-13,105410383861.0,0.1994,0x20...f2af,https://etherscan.io/tx/0x68d63d7e467b685fddb9329f69e7bb339b774cb99e9343caecb00ce4fbfa74ef
2023-03-29 03:50:59,False,3.34e-10,1.879e-13,87814050585.0,0.165,0xa4...5994,https://etherscan.io/tx/0x9fc34aee40806816faaa9bedb89ce8ba33801c729bda22cb9875e783e33e6d9a
2023-03-29 03:48:23,False,3.349e-10,1.883e-13,61400000000.0,0.1156,0x52...40a9,https://etherscan.io/tx/0x48740dc08dbdbbb0d02eb3baef21ecc4d9d50ffd2f804d6b2b0dbfa0800782e5
2023-03-29 03:07:59,True,3.368e-10,1.895e-13,41646563686.0,0.0789,0xcb...550f,https://etherscan.io/tx/0x18ccdafa562dd3cdc583ea6a73e5cf51a6f9b68ca629bdda109ac5ff7c3b44f3
2023-03-29 02:50:59,True,3.348e-10,1.887e-13,296701469066.0,0.56,0x3d...9096,https://etherscan.io/tx/0x806aae52121b145bb0c6de73b1b8f6898624939ebe9b4242db10a1e000d36076
2023-03-29 02:47:35,False,3.319e-10,1.87e-13,30000000000.0,0.0561,0xac...ec68,https://etherscan.io/tx/0xfb8d390e800d07d82ae1683436281a727f436bb6436207ef6272da818714b51c
2023-03-29 02:33:23,True,3.323e-10,1.871e-13,902270048410.0,1.68856,0x76...8f54,https://etherscan.io/tx/0x5f756718a9691aa3b725d5c7e108fd78a6b0d6ec217c81df0216139a46e6a173
2023-03-29 02:20:35,True,3.267e-10,1.841e-13,47332598561.0,0.0871,0x79...f552,https://etherscan.io/tx/0xf6e2caeeed98747cb323b60fc27d91bcd54cf5f168b452c1100e2dfc7bed8d55
2023-03-29 01:27:11,False,3.25e-10,1.831e-13,95775666006.0,0.1753,0xc9...6afb,https://etherscan.io/tx/0xbbbeb9fc8c2095a249ec9f74e8f698fcc876e1d6d8d44aec7fbc8a029411dd2b
2023-03-29 01:18:59,False,3.254e-10,1.835e-13,113750291159.0,0.2088,0xe8...88be,https://etherscan.io/tx/0x9572d21f47d5ffda95afa315c6c695863736106f33aea926e3e0f294f8060d64
2023-03-29 01:11:59,False,3.267e-10,1.84e-13,116605364313.0,0.2146,0x4e...c261,https://etherscan.io/tx/0xcc2427ab7619db7f6f26fbc624074c51dc5231a06a3f7ccd44b6611674a6b02e
2023-03-29 01:06:59,True,3.288e-10,1.854e-13,12368294917.0,0.0229,0x95...8cf2,https://etherscan.io/tx/0x2d1e65d0e32da1812e211b4d760bc7546c7fc0d303dff0f08f731fac33debdc2
2023-03-29 01:05:47,True,3.282e-10,1.851e-13,105531241599.0,0.1954,0x07...56af,https://etherscan.io/tx/0x75942eb00fc1a5617d332c13918d8035b2f2529e3033c348b2572be5e034627d
2023-03-29 01:02:23,True,3.238e-10,1.828e-13,967549710469.0,1.76902,0xbd...1bfa,https://etherscan.io/tx/0xf7ec1db13c977b949ef5bcf28fc05dbecad43895e96d8cc551e8212a73c5c49c
2023-03-29 00:49:35,True,3.194e-10,1.806e-13,61948294622.0,0.1119,0x8d...ffc6,https://etherscan.io/tx/0x17655446c6cb613b414e193218618ef6f8852642b2eda37d7c8fd9746c503d2e
2023-03-29 00:42:23,False,3.187e-10,1.8e-13,285535873691.0,0.514,0xf0...83d6,https://etherscan.io/tx/0x65cb8a68c9f2bf66c07cac8d95e978b58905bdf86adcbd10e2c35a85321683e0
2023-03-29 00:40:11,True,3.206e-10,1.809e-13,343645048098.0,0.6219,0x76...7d5e,https://etherscan.io/tx/0x9956b4aa623eac7acb9a8b817f4311c19ae35253608226f9739d26d88b742828
2023-03-29 00:40:11,False,3.224e-10,1.82e-13,1348093550812.0,2.45407,0xc8...bc60,https://etherscan.io/tx/0xffafa112d3821580dfa9d3ba105a7b9ded27029dbe45a7b210cc7c906d0005ad
2023-03-29 00:16:35,False,3.295e-10,1.86e-13,529051613498.0,0.9845,0xf0...83d6,https://etherscan.io/tx/0x0b9c2afefff405e748506c279b18b091c457ea0cb3d534acaf235215c8ce0ec3
2023-03-28 23:56:59,False,3.327e-10,1.883e-13,500000000000.0,0.9419,0x43...b988,https://etherscan.io/tx/0xd7bf01b0b6a5e655c1f32f7a0f740c519491aa233cee127268311943ba8f3d8b
2023-03-28 23:17:47,True,3.372e-10,1.905e-13,36733096005.0,0.07,0x72...e23c,https://etherscan.io/tx/0xb972717b5bec8279585c75d10e9dcfd1df5f0d94a9589705d5953bd2eb7a46ab
2023-03-28 22:52:59,True,3.377e-10,1.904e-13,8782529788.0,0.0167,0xbe...6985,https://etherscan.io/tx/0x7e255b61de7bb70157643e6c2d2a8b16d99e8574d588445328fe09ab31e1b18b
2023-03-28 22:22:59,False,3.369e-10,1.894e-13,76238440200.0,0.1444,0x56...9c55,https://etherscan.io/tx/0x7bffbd629f1fae7ef575e781171b24b614d48abf2227fe6bc7b8160494010fdc
2023-03-28 21:54:11,True,3.414e-10,1.907e-13,4385934630.0,0.0083,0x7f...32a5,https://etherscan.io/tx/0xd348468ef0846b03ca2584bfd037e71bed593928b240a3fa6055d90be9802747
2023-03-28 21:48:23,True,3.362e-10,1.895e-13,527518404802.0,1.0,0x01...f48b,https://etherscan.io/tx/0xf05fa7e9d192d6e69a2d314b1e66a4f850d537f5766af9d05df12407c6b26327
2023-03-28 21:47:47,True,3.339e-10,1.882e-13,39746425543.0,0.0748,0x7f...32a5,https://etherscan.io/tx/0x3c59dc56ac15415ae8a01dcd806a37592b1db27ac9cffd0e272fa54f63640c9d
2023-03-28 21:46:11,False,3.323e-10,1.874e-13,167110111110.0,0.3132,0xdd...a823,https://etherscan.io/tx/0xbec1a3db507718cd064e83ae1404873e4edd28be1bf375bf68e6c14fd80b498d
2023-03-28 21:04:11,True,3.347e-10,1.884e-13,200704465417.0,0.3783,0x07...56af,https://etherscan.io/tx/0x4fe5ab4d6f017fb8d5de061945e9308dcd9f4f2d3e2a2634b3407d6630f27eae
2023-03-28 20:35:59,True,3.272e-10,1.879e-13,30584663081.0,0.0574,0xa5...6ce5,https://etherscan.io/tx/0x9964bcbebd631e7e0bea66add4175cb7afdd8810595ff1c1d7b4b37d1cef2a66
2023-03-28 20:30:35,False,3.253e-10,1.868e-13,27612204786.0,0.0515,0x0f...0fbb,https://etherscan.io/tx/0x78adf33d56db9efbe384ea2931d468faf3a68df89e32e4904f584737541b5526
2023-03-28 20:17:23,False,3.248e-10,1.869e-13,26001332701.0,0.0486,0xef...d751,https://etherscan.io/tx/0xa26c9f83b56cfb2c27678718cac61a848825c4ddccf019551dfcddbac3c95ae4
2023-03-28 20:05:11,True,3.268e-10,1.881e-13,6064263016.0,0.0114,0x0d...5d50,https://etherscan.io/tx/0x49fa9b278e698aa196fafbefab125eaee90e3e2eea415ef825a858513b69261a
2023-03-28 19:55:23,True,3.262e-10,1.88e-13,10204352467.0,0.0191,0xfc...1ca8,https://etherscan.io/tx/0xdb7ac45d3e1f6631c3c62c6e7b5fcccb684edd7ac50c0a80623efc0795eefc29
2023-03-28 19:31:59,False,3.248e-10,1.872e-13,142414159935.0,0.2666,0xcb...6bb9,https://etherscan.io/tx/0xa2656d5e41cb794e12e3cb9d1261b7b04c3a38dc0e41b68793274e08cec2ba08
2023-03-28 19:24:23,True,3.35e-10,1.935e-13,431607435647.0,0.8354,0x3d...7c99,https://etherscan.io/tx/0x8727c2468286dac52c38383c144e6ba5e573dc33f0379025ca9b19618a5bb6e1
2023-03-28 19:02:23,False,3.224e-10,1.857e-13,50000000000.0,0.0928,0xd6...0abc,https://etherscan.io/tx/0x87b6bfc559a8666f490077245746db8550901298059599611e70e9c912a80c7e
2023-03-28 18:26:47,True,3.245e-10,1.868e-13,47506002982.0,0.0887,0xa6...e509,https://etherscan.io/tx/0x4316aa7d0bb7012f1bd2e6d4600e70b62bcafba463ecc2e8581985ed90ff54f0
2023-03-28 18:23:11,True,3.241e-10,1.866e-13,78616611887.0,0.1467,0xa6...e509,https://etherscan.io/tx/0xfa14c5213473780dbb58e7459edb12833b4b579ac7270635a8e0d9d22e62ae2f
2023-03-28 18:20:47,False,3.223e-10,1.856e-13,150000000000.0,0.2784,0x35...1888,https://etherscan.io/tx/0x2a2e8c605302ff555ac98234f5ee1fd67492b07d94f2a31d985ec8c8fcf6a175
2023-03-28 18:17:47,False,3.24e-10,1.864e-13,209009203919.0,0.3896,0x2a...5736,https://etherscan.io/tx/0xf0fbf21dc437f2b162d7f1c051b25472fe8ceceecfbb0432e8c4310861841d14
2023-03-28 18:14:23,True,3.271e-10,1.879e-13,12091237759.0,0.0227,0xad...6e70,https://etherscan.io/tx/0x5bbc0d213afc84c3662977576a42ab41ecb5d6f75464acec5f64a7bc2beea130
2023-03-28 18:11:35,False,3.259e-10,1.871e-13,160256710244.0,0.3,0xd7...3c41,https://etherscan.io/tx/0xa38301e1eeaea8b42f95f053bcdc8a051f4f716646d8c08811c2465db056fe4f
2023-03-28 17:17:59,True,3.275e-10,1.881e-13,241628997659.0,0.4546,0xcf...e796,https://etherscan.io/tx/0xbcf94aa1ddf3128e8f2b1bce90e391d15ec09f2fad296d703122a8cc3cfe7386
2023-03-28 17:08:23,True,3.259e-10,1.87e-13,227264159951.0,0.4252,0x07...56af,https://etherscan.io/tx/0x87538b3193ac35ad38e74e41df8c4d4acbd4cda03c54da20d304ffcadb018ed1
2023-03-28 16:43:11,True,3.202e-10,1.841e-13,1119265064841.0,2.0611,0x47...a8ce,https://etherscan.io/tx/0xa2a8a816d009077bf6064dc84f2b35660afcf275ea85442b56efcb35852f0602
2023-03-28 16:42:23,True,3.15e-10,1.812e-13,253862420045.0,0.46,0x89...cca5,https://etherscan.io/tx/0xf10a7562949d34efc8725541c5f0ec20b2944f314838ff7c119503b788b537f7
2023-03-28 16:39:47,False,3.125e-10,1.796e-13,54033924185.0,0.0971,0x74...bfcb,https://etherscan.io/tx/0x86c2f6e977a647aec72154f6cabd40b8b543192ab13ac3572dcce994170a8c17
2023-03-28 16:23:35,False,3.136e-10,1.799e-13,50000000000.0,0.0899,0xc6...fed0,https://etherscan.io/tx/0x8d22e898770965c531453a8a8d16415df744ba2bc6941f205215205e045a2597
2023-03-28 15:48:23,True,3.142e-10,1.807e-13,152708472395.0,0.276,0x75...83c6,https://etherscan.io/tx/0x66b3e3f239789a3bd932aa8c28384a6442e9fe87e3c2ac7ddfbaa076352c2e82
2023-03-28 15:28:47,False,3.109e-10,1.793e-13,5683551329.0,0.0102,0xc3...674b,https://etherscan.io/tx/0x9572a791f76f2be779c78e33ee8adabee93e6677e81272bba17d36f67d5c75c9
2023-03-28 15:10:47,True,3.132e-10,1.804e-13,6591293325.0,0.0119,0x36...615c,https://etherscan.io/tx/0x3fa08380fe65c8f678c7e800e41e89ca258c3717caca89c6606b1171b81dedd2
2023-03-28 14:47:59,False,3.132e-10,1.799e-13,263797163570.0,0.4746,0x35...1888,https://etherscan.io/tx/0x32767828e2edca1a969cfb64117b07744d66f152696b016d85d5ab963665189b
2023-03-28 14:25:47,True,3.155e-10,1.814e-13,60626957810.0,0.11,0x66...5ff3,https://etherscan.io/tx/0xed665cc9d9b2d8516ab26cd7dd9145f1d05a95b4979405601533d9d43e759ae1
2023-03-28 14:13:35,True,3.163e-10,1.812e-13,32519772124.0,0.0589,0x14...09d1,https://etherscan.io/tx/0x2764fc3f0f347557aecbc85a5331cb1a16d107cab34db52424798cd54de58707
2023-03-28 14:09:11,True,3.153e-10,1.805e-13,311706713446.0,0.5626,0x85...58da,https://etherscan.io/tx/0xa59eefe9c10432c1c53d96d5ea4b97121e7ecd027e1d84fdf140b98fe902c51e
2023-03-28 14:04:59,True,3.127e-10,1.789e-13,454682414000.0,0.8134,0x38...d6ad,https://etherscan.io/tx/0xb1c6ff6ead7e2f337f93f9c2b62e84c669e89c9448696c06e71e935b7a37b200
2023-03-28 13:58:59,True,3.101e-10,1.775e-13,202377359154.0,0.3593,0xc9...27b6,https://etherscan.io/tx/0xd45c15189c117fc4d536c47035a65a804e37de2f20921f4bd3760f079c5d4e52
2023-03-28 13:50:35,True,3.092e-10,1.77e-13,47912551242.0,0.0848,0x57...04a2,https://etherscan.io/tx/0x68ca20893ed5cf0cde104d992ad9ed90ba07097002beea4d236787cfb7393ff0
2023-03-28 13:48:47,True,3.061e-10,1.766e-13,131015085369.0,0.2314,0xb1...b3c6,https://etherscan.io/tx/0xba10470426c7abe9dd85c24448df7197479bc2e8aa9bf3bc2fb926585cc3e8c0
2023-03-28 13:33:47,True,3.051e-10,1.762e-13,95393065440.0,0.1681,0x07...56af,https://etherscan.io/tx/0xc6c2df752930ea6eba8c7ab7a2c5b9934b1a7e2c5c037a79874574767cc516f6
2023-03-28 13:24:35,True,3.049e-10,1.759e-13,29511722544.0,0.0519,0x9f...f62a,https://etherscan.io/tx/0x4da11549afd5b25e14328bb03d768b56cecc454d7fd521d3e6feb1c5315a96cb
2023-03-28 13:15:23,True,3.021e-10,1.754e-13,222470143872.0,0.3903,0xb8...ae15,https://etherscan.io/tx/0x03da43e25ce4c73bc02f1d18319e7afefda548f91a2d55d649824db5a38e3ac7
2023-03-28 13:11:11,True,3.006e-10,1.749e-13,37324361988.0,0.0652,0x07...56af,https://etherscan.io/tx/0x8d3666841b4680a59ec54884f818c6789b1f66c9d2cce1be0f3f8a3f2dd8876f
2023-03-28 13:09:23,True,2.996e-10,1.743e-13,231088519996.0,0.403,0xd8...14b0,https://etherscan.io/tx/0x2025082f910d65eea3b09653aacb927a86a9d8449c3e66a1a4ba7f1146bb5af5
2023-03-28 12:59:47,True,2.982e-10,1.737e-13,71926600001.0,0.125,0xfb...6bfd,https://etherscan.io/tx/0xdcf988d82814e5ef4ff14f514a6e19cfcf512e7652a1a5c5c0e98e222ede09a9
2023-03-28 12:56:59,True,2.978e-10,1.736e-13,2694228880.0,0.0046,0x5d...e324,https://etherscan.io/tx/0xc4e3442de53e476b93dc5a910952f263489da61d0e4f5b516499c108ef1caa9a
2023-03-28 12:48:59,True,2.971e-10,1.735e-13,50000000000.0,0.0867,0x1a...dc4a,https://etherscan.io/tx/0xa64053c002d7402c95a928830ea9115c164b8481056c1ec32cdbfd2d8a7373d5
2023-03-28 12:44:23,False,2.977e-10,1.734e-13,550000000000.0,0.9541,0x1a...dc4a,https://etherscan.io/tx/0xcdb43685ba330d69168aa70b5643877b25f0743cffadf5de29181eb04e59a813
2023-03-28 12:43:59,True,3.014e-10,1.756e-13,8541474546.0,0.015,0x0a...feb2,https://etherscan.io/tx/0x988e416023f8d3bbc0a28a74314e4accac6661c7636b6e8660ef1fe1aed1e26e
2023-03-28 12:42:23,False,3.045e-10,1.773e-13,1397134736980.0,2.47838,0xc4...adfb,https://etherscan.io/tx/0x86869acf2a80c0b5adecee972c51697eed38efda60bb72e5954c79b240ca2c8d
2023-03-28 12:20:35,True,3.116e-10,1.811e-13,96601813970.0,0.175,0xa6...bef9,https://etherscan.io/tx/0xcd871fc14e0612793b9727127e7746b7d61597355a88e7094ab3ad7800366fc0
2023-03-28 12:19:23,False,3.096e-10,1.799e-13,56181308683.0,0.1011,0xbc...ed1b,https://etherscan.io/tx/0x8f2156904a89db815e435e5b7774ef13b1d311680be7eb58a986b53640fda3ce
2023-03-28 12:16:59,False,3.104e-10,1.804e-13,160489334715.0,0.2895,0x1e...1c15,https://etherscan.io/tx/0xf93d5b262ccf86c7b1f4a8b2f0205fd9d4b9598db8404a94455c50277f74b166
2023-03-28 12:16:47,True,3.078e-10,1.789e-13,1397134736980.0,2.5,0xc4...adfb,https://etherscan.io/tx/0x0da03c92d6adf085227a46f30c9acc470325fff981976793d601ebfb9e94343a
2023-03-28 12:14:47,True,3.023e-10,1.757e-13,169105288599.0,0.2971,0x26...a73e,https://etherscan.io/tx/0x5792cad81bac6268a2697852504740c3335e86891b66c44d2e1ae4665643d1db
2023-03-28 12:13:47,False,3e-10,1.744e-13,45896966955.0,0.08,0xd1...e61d,https://etherscan.io/tx/0x1abd7bbdcb032376972ddf26041ee4c35611ce62dd58f0b89608ba55c8ac129a
2023-03-28 12:07:47,True,3.02e-10,1.755e-13,10166079287.0,0.0178,0xe5...97b0,https://etherscan.io/tx/0x2b0a447adbf682b493df25f24625862439c42dec4d48c4d62b6dbf3ac05d814c
2023-03-28 12:06:47,True,3.009e-10,1.75e-13,256102759366.0,0.4482,0x2a...ff97,https://etherscan.io/tx/0xcff0841964f04fd1ac04015a0ffe5ce0b5b07345f7e7c4cde8c8285ffc7d00d2
2023-03-28 12:04:59,True,2.999e-10,1.744e-13,10000000000.0,0.0174,0xfc...1836,https://etherscan.io/tx/0xfe46ed60ded17451b2a60b4cbc782e2510f70fa709c56262cb18c4db8691a46b
2023-03-28 12:01:11,False,2.982e-10,1.734e-13,34948891428.0,0.0606,0x24...d1cc,https://etherscan.io/tx/0x78966640511e63da313d0352926d51f4cfd780f143a496486b74d20acb933443
2023-03-28 12:00:59,False,2.998e-10,1.743e-13,426610558987.0,0.744,0xf6...291f,https://etherscan.io/tx/0xde3248151c127a15711391d79240ae37b972cc4a9790f5f84de09f55c039c216
2023-03-28 11:58:35,True,3.026e-10,1.76e-13,145861672978.0,0.2567,0x07...56af,https://etherscan.io/tx/0x2ea8c79f42d7e935a7989aa46bc95b3490c2f0f9e22ecd489e3bc685c45b35e3
2023-03-28 11:48:23,True,3.022e-10,1.757e-13,3261449655.0,0.0057,0x5b...d4e8,https://etherscan.io/tx/0x5c3797ff6d2098e359daf4c6149da1de7a16036b98b3e20f3252a9652590d9ee
2023-03-28 11:40:47,False,3.016e-10,1.749e-13,172763296927.0,0.3023,0xc2...1ae0,https://etherscan.io/tx/0x9a961b1f41da6f548c6a7c70a4dcc04c3ff3bdc31ab031019491dc81fe498249
2023-03-28 11:39:35,False,3.032e-10,1.759e-13,285121651171.0,0.5016,0x9e...b014,https://etherscan.io/tx/0xed4da7d4504454300b398b19d1f4f29a561fcedbfb923583fc9082f3c7acbb33
2023-03-28 11:37:59,False,3.045e-10,1.767e-13,102687041141.0,0.1814,0xd6...0abc,https://etherscan.io/tx/0xbd9a9e6ace43155155596504065dfe778a39e8ac33c03d8b24c0984750d1929b
2023-03-28 11:34:11,True,3.067e-10,1.779e-13,32263500722.0,0.0574,0x1a...e96d,https://etherscan.io/tx/0xa1dafc34aa0baf0e133bf6d3ca2578aaecc1f27e6ae7ffba10b5cded66af16f4
2023-03-28 11:29:47,True,3.063e-10,1.777e-13,65328106647.0,0.1161,0x71...cdd2,https://etherscan.io/tx/0x8d662dd1fa02a24ac059852e239d20f7c90932c995abb2e90f5b20bb335e7a51
2023-03-28 11:28:59,False,3.045e-10,1.766e-13,66683964252.0,0.1178,0xcb...e900,https://etherscan.io/tx/0xd94c746d3cbba523e0621f56cd087ea2eaa75897fdeff9d059207ffc3fb24fa1
2023-03-28 11:22:59,True,3.064e-10,1.777e-13,44609275876.0,0.0793,0x59...ab0b,https://etherscan.io/tx/0xd4a4ffe7199ee40f05ec63bdb9d735d4b6f1de25c44135cfa43af06b64d37f18
2023-03-28 11:16:11,True,3.051e-10,1.768e-13,426610558987.0,0.7542,0xf6...291f,https://etherscan.io/tx/0x70ea616947d2691545e599d3b6fc7282549ebd651c6ce359fb91ae2113c4f6de
2023-03-28 11:08:47,False,3.038e-10,1.759e-13,520376757993.0,0.9155,0x5f...2c0a,https://etherscan.io/tx/0xb339d2e77a593e5b6ed2f74191622dd02c0371c7f2e8fe50ee84dcda63f63ad5
2023-03-28 11:01:59,False,3.102e-10,1.794e-13,1194912846481.0,2.14448,0x51...29c5,https://etherscan.io/tx/0x6457f490ae15f90b345bd306012a0595caecc81e0ce4226e6699f1e0a2633658
2023-03-28 10:42:59,True,3.153e-10,1.83e-13,21855041176.0,0.04,0x59...f49c,https://etherscan.io/tx/0xf9e6f13e8b4d1e3a9a9bfe96ff81495cf58c318b1535f1832ffa4ed89917dbe0
2023-03-28 10:34:23,True,3.139e-10,1.822e-13,360255850663.0,0.6564,0x76...7d5e,https://etherscan.io/tx/0x8b03a034668c211cf86532e4c3269c58cac0f8b89537449069de7a78f13212dc
2023-03-28 10:34:23,False,3.16e-10,1.834e-13,1441379348312.0,2.64405,0xc4...adfb,https://etherscan.io/tx/0xcb020d149ce89cca510ba94366e6fca7a682f4c129d2f45fd57a6c8ed07d8245
2023-03-28 09:47:35,False,3.239e-10,1.872e-13,293768654269.0,0.55,0xca...3ae5,https://etherscan.io/tx/0x222de0aec56b671c54ad5b141245ddc76e2955e419e3682d5270b790f6b8d6d9
2023-03-28 09:28:47,True,3.263e-10,1.888e-13,59392014379.0,0.1121,0xf0...f2d1,https://etherscan.io/tx/0x9cd3cd91ab80ed6cf5a7f3030e3be794f6053da59b60c982628735f89c3fda60
2023-03-28 09:06:35,False,3.238e-10,1.869e-13,465177055478.0,0.8696,0xa5...f7a1,https://etherscan.io/tx/0x915c82a0ec009d05ef93cc5b8f02341c669fd43833fd4b0fed9f6e98f928146c
2023-03-28 09:04:11,False,3.287e-10,1.897e-13,6027352351.0,0.0114,0xa5...f7a1,https://etherscan.io/tx/0x6f78c26a3e89c302485d1a9f68630db7bcf43cd64658c340fc83754632b18c76
2023-03-28 08:46:11,True,3.283e-10,1.897e-13,474216241176.0,0.9,0x82...ebd2,https://etherscan.io/tx/0x7d88349c4d2e6c37bfb7aede32c76e9f470f57c2865ee7301a613ee036e5cf33
2023-03-28 08:41:11,False,3.274e-10,1.889e-13,606661077388.0,1.14628,0xb3...b695,https://etherscan.io/tx/0x1f9878fb0314e4c78f2f0cb55a3473c5f626b6ccf057357a704eca2842d9f1e4
2023-03-28 08:15:59,False,3.308e-10,1.91e-13,313876055582.0,0.5996,0x24...8ac2,https://etherscan.io/tx/0xe5631aa601856d2d802af12e4e74ced1dece7863d40a7e9b8171f24d48913489
2023-03-28 08:04:59,True,3.333e-10,1.928e-13,41489850965.0,0.08,0xfb...6bfd,https://etherscan.io/tx/0x8774a7e093a59449dfce2f367badc20094ec28dcedfab5801434ab75c23672d9
2023-03-28 07:53:35,False,3.293e-10,1.917e-13,74632146999.0,0.1431,0xef...2176,https://etherscan.io/tx/0x33df9dc7a4671f62c415a75a6f99e3d2a3af4228e318664ca6214c0a9ac0e6a0
2023-03-28 07:45:11,False,3.306e-10,1.924e-13,249742737905.0,0.4807,0x88...8888,https://etherscan.io/tx/0xc6dc715efa60008d0930ae28b4bb665c5c058f53687e38de42ac359b3bf3bcdb
2023-03-28 07:33:59,False,3.321e-10,1.935e-13,207574222044.0,0.4017,0x8a...5d6c,https://etherscan.io/tx/0x95838845067ea7a824a94561025f71ee7afada3f99527cd18e787813efb94f0d
2023-03-28 07:29:11,False,3.333e-10,1.941e-13,36742391337.0,0.0713,0xfd...7792,https://etherscan.io/tx/0x068775d88663440fe484db25bc8d44fb6082d8f9604236779281512e64ce6a84
2023-03-28 07:13:35,True,3.337e-10,1.944e-13,413797163570.0,0.8044,0x35...1888,https://etherscan.io/tx/0xf6b03653d132588952c8b855a5fe8af2c0ac7da8053bbab50283928af12e1393
2023-03-28 06:18:35,True,3.311e-10,1.934e-13,598023406.0,0.0011,0xb2...e302,https://etherscan.io/tx/0xc819e7a1e6995d74d4b719efe04b6e4cf6de7f82e635baf736e851d2b538175d
2023-03-28 06:14:11,False,3.29e-10,1.923e-13,18939073860.0,0.0364,0x43...c544,https://etherscan.io/tx/0x2748ef4b317f580b22c9ce2595885437e816dfd9d3f4a779bc0663ba2065e5f0
2023-03-28 06:12:23,True,3.306e-10,1.933e-13,83308233705.0,0.161,0x7a...d510,https://etherscan.io/tx/0x568ca8cb4676a15d2bd60f7f1f129de2e8c681817ff2614b05a0417d91b38a05
2023-03-28 06:09:11,True,3.288e-10,1.921e-13,412978649352.0,0.7936,0x74...14ba,https://etherscan.io/tx/0x77cb46b04aae2bd3ba4a9659827d89cce09170592c77005d319d36ecb3cace18
2023-03-28 06:03:47,False,3.263e-10,1.907e-13,287570045629.0,0.5484,0x18...88b3,https://etherscan.io/tx/0x24bc2e59a9f430e19f2c4864442415b49c89eb8e8899b976106b870bda269ee9
2023-03-28 05:54:35,True,3.295e-10,1.925e-13,4633589386.0,0.0089,0x70...de58,https://etherscan.io/tx/0xd28a5ee891c390445370a4f0fad4c53914721bf99fcab2965e386fa3b2c4fe50
2023-03-28 05:52:11,True,3.293e-10,1.924e-13,33633965964.0,0.0647,0x4c...7224,https://etherscan.io/tx/0x51d65c2f6253e4748c78fe295e4e3785c188d4537f4512f28d3f93682d254ef2
2023-03-28 05:23:23,True,3.292e-10,1.923e-13,15361673932.0,0.0295,0x5a...27b8,https://etherscan.io/tx/0x9ed553af04a9629cb5e12bef97ab0f8edbb1a31a1ac96340c4f604ff6e49642d
2023-03-28 05:17:47,True,3.282e-10,1.917e-13,227433053999.0,0.4361,0xae...58ef,https://etherscan.io/tx/0x67f3c3dbd82bc98be835277c8c02a8eff0e4af57a707fd709fd0ddb6a775a194
2023-03-28 05:14:59,True,3.259e-10,1.904e-13,876975534319.0,1.6698,0x74...14ba,https://etherscan.io/tx/0x9d1ffd3d2d2dd2dfc94143b05e09e2776e0295bbec7ab29b6a344ebd5a09fd45
2023-03-28 04:57:59,False,3.196e-10,1.866e-13,200000000000.0,0.3732,0x6e...feb1,https://etherscan.io/tx/0x6fd2bde971d56f297bb5d806458f8a45b8f041c48c726a6a9b85b9773c787b85
2023-03-28 04:56:11,False,3.21e-10,1.874e-13,200000000000.0,0.3749,0x6e...feb1,https://etherscan.io/tx/0x9968ddc6b0acb3844168b54d652df2e39f7541e22c8e9ecb070638ee21d9d29a
2023-03-28 04:55:11,False,3.225e-10,1.883e-13,200000000000.0,0.3767,0x6e...feb1,https://etherscan.io/tx/0xd72374fcf71e113800379960ff5724746f721753a6b8fa8cbe7eb601789e4331
2023-03-28 04:53:59,True,3.254e-10,1.899e-13,5325545774.0,0.0101,0xe4...f388,https://etherscan.io/tx/0x9a1c5934be31562111d6167cea65bafdba941a22aca600c890857d7499aa5d83
2023-03-28 04:50:35,True,3.252e-10,1.898e-13,26331504858.0,0.05,0xe8...5e5c,https://etherscan.io/tx/0x5732cf3114e87e5596874b6f9c0d7cfd201044919371578cfcf8d9da68d8e69c
2023-03-28 04:44:23,True,3.249e-10,1.897e-13,30467174770.0,0.0578,0xa1...a7f2,https://etherscan.io/tx/0x655c4105883bd9c3a1705a3c8687348dbdd89bd2ce4bed816b5e9103c78e7837
2023-03-28 04:31:47,True,3.206e-10,1.873e-13,1030006369464.0,1.93,0x5e...4e78,https://etherscan.io/tx/0xe7fbd6b9bdfbe4306abbc092bd31632c9a6eccd5fb022a54b682199a4300accf
2023-03-28 04:30:11,False,3.152e-10,1.842e-13,100000000000.0,0.1842,0xca...f836,https://etherscan.io/tx/0xf835924584ee9a164f1bdf1349b5cdd7900c5c4167d61afc1dc54caf5267f3c3
2023-03-28 04:22:47,True,3.184e-10,1.854e-13,21306129351.0,0.0395,0x4e...9d4e,https://etherscan.io/tx/0xf6cb0c3c6f1e97c30673cca87ef93a1b9e7afefccf69322f7c47e74bbb42b258
2023-03-28 04:16:59,False,3.168e-10,1.845e-13,100000000000.0,0.1845,0x5c...7111,https://etherscan.io/tx/0xc3d146c4461365d9b8cfd8be629f3a6638c7e3bb69e0d85df3e29c358f6e01b7
2023-03-28 04:15:59,False,3.174e-10,1.849e-13,71011338574.0,0.1313,0x52...40a9,https://etherscan.io/tx/0x8205f36bbfb4f88721ebfb36b06b4324ab804f2f9df09b22d52b1aedbcfd804c
2023-03-28 04:01:11,True,3.195e-10,1.86e-13,83637037646.0,0.1555,0x2b...71a5,https://etherscan.io/tx/0x385c7e734cc0039d489cf04cc2958919336f1c47fac79bb0e80887e2a68d6ff4
2023-03-28 03:46:11,True,3.197e-10,1.858e-13,11179679677.0,0.0207,0x83...6f8c,https://etherscan.io/tx/0x98c676af08ae832dfac76fa0c7e8bc6ed7f05a922cd4cb71785ba58a19e38702
2023-03-28 03:39:35,False,3.188e-10,1.847e-13,61128329713.0,0.1129,0xb9...b889,https://etherscan.io/tx/0x26bbb03962842b4bb1d96d09ebb28c44449eb3c78547fad9f29fe92c700a4414
2023-03-28 03:32:35,False,3.168e-10,1.849e-13,22878411120.0,0.0423,0x1b...1b30,https://etherscan.io/tx/0x4ac9018e4f6f62a4f8aee0f21d75da8d9313fa2c7b7864789cc325c8b6ee6f8c
2023-03-28 03:31:11,False,3.168e-10,1.851e-13,46485364762.0,0.086,0x95...9b38,https://etherscan.io/tx/0xe0700f21376db01986f35303e6d010543db10178c59d635bd6867c091655af77
2023-03-28 03:22:59,True,3.18e-10,1.863e-13,10733849791.0,0.02,0xb6...c557,https://etherscan.io/tx/0xae3d11abfdf1926e10d3641408909ddae9c6337e1c56e46f2ec71f1b50546759
2023-03-28 03:19:23,False,3.163e-10,1.852e-13,18000000000.0,0.0333,0xb6...ed37,https://etherscan.io/tx/0xed44de176bc06f414dd885c140b83c76cc0446fe638bf4b95528d4090b960e8c
2023-03-28 03:12:11,False,3.161e-10,1.855e-13,134726376532.0,0.25,0xbc...7b00,https://etherscan.io/tx/0xd93bba2198f3aab3ccd24776a29390204d53e79a3b3663172acebc577fef8828
2023-03-28 02:53:35,False,3.18e-10,1.86e-13,52824572477.0,0.0982,0x27...39b7,https://etherscan.io/tx/0xf5e76829a4677041fdee0a1de43ece05fbe75c06ee86b91ea573a0666698ef75
2023-03-28 02:13:35,True,3.207e-10,1.869e-13,132680239412.0,0.248,0x25...81b4,https://etherscan.io/tx/0x5a36191afa30216a83bdd249e9cab3f971f581fe8e36e4739fdc1abc50d6ddc1
2023-03-28 02:10:35,False,3.186e-10,1.858e-13,135028051346.0,0.2509,0xd5...4de5,https://etherscan.io/tx/0x38c9489defdba89c9dfe12bc6d71288048cd4bf048d3a4c9586ae244c6be76d2
2023-03-28 01:57:35,True,3.21e-10,1.871e-13,53270166325.0,0.0997,0x53...bbfc,https://etherscan.io/tx/0x14b25cfb078fd9a19418d39de5548eead2853b27481264142507e902c4f50968
2023-03-28 01:50:11,True,3.191e-10,1.861e-13,414887562972.0,0.7722,0xe7...d605,https://etherscan.io/tx/0xc2a9d604b26472bc5bc3f96a8f4fb4c747ba435b64f3451d908ff5e18ce3cca4
2023-03-28 01:40:35,True,3.174e-10,1.851e-13,11525686074.0,0.0213,0xd1...a13d,https://etherscan.io/tx/0x4f05cf76d0d8d0d8d1b38919edeac5d2ad6e3eb60f0b94d7e505630bf6b3e6c1
2023-03-28 01:29:35,True,3.159e-10,1.844e-13,316038000052.0,0.583,0x68...136e,https://etherscan.io/tx/0x71334e001b9650e33025c51c5b187b25e67ac3643b904c5a6f3e0ed5651d1033
2023-03-28 01:22:47,False,3.128e-10,1.827e-13,802219077478.0,1.46618,0xcb...6ceb,https://etherscan.io/tx/0xff32f6ff1ac27df79456201dbf86acc167b150fbee0d6e8e03d10e5bc4745312
2023-03-28 01:22:11,True,3.147e-10,1.838e-13,1586570146649.0,2.91644,0x06...fe96,https://etherscan.io/tx/0xee39746a38ad7a476f959f6f2b8ecb98c30c13f311060292ca8a0e8ac4365b0c
2023-03-28 01:16:47,True,3.088e-10,1.804e-13,10909774491.0,0.0196,0x86...ab26,https://etherscan.io/tx/0x355d4a6414152cadcb3a947731a0e4eae6dd55abdcfe15853a259da30fd77c55
2023-03-28 01:12:47,True,3.085e-10,1.803e-13,8871156830.0,0.016,0x52...a112,https://etherscan.io/tx/0xf09cfc807231d0db9bd344ae2394a7b29f6450feff5c3dd56ce2892ce532da16
2023-03-28 01:09:35,True,3.083e-10,1.803e-13,642383852.0,0.0011,0x43...d87c,https://etherscan.io/tx/0x4df707fc3b8d85beceafc02de4eb0b5eecaa3650048ca952495849ee87a086fd
2023-03-28 01:05:23,True,3.079e-10,1.802e-13,22186261467.0,0.04,0xf3...bea2,https://etherscan.io/tx/0x953f9786fed1fcaa9b44fdcebe4ad0eb21121b70666cf45787de037100d360f9
2023-03-28 00:58:23,False,3.064e-10,1.792e-13,18596355678.0,0.0333,0x68...c31f,https://etherscan.io/tx/0x5eb0c0645c73476b61b590aa76aa4fc5ec46ce3b3be88bf58562731a6e8abedf
2023-03-28 00:58:11,True,3.08e-10,1.801e-13,83014842488.0,0.1495,0xdd...a823,https://etherscan.io/tx/0x03e855b5886b711a1f0db658088e8da2704e3f31df45485e1b229c0925119097
2023-03-28 00:52:23,True,3.073e-10,1.797e-13,100000000000.0,0.1797,0x5c...7111,https://etherscan.io/tx/0x39bebd38d14c39b9ae4e84b2141e6947045eaeb654949950a9c2077ee69a9fb5
2023-03-28 00:36:11,False,3.055e-10,1.785e-13,53029502875.0,0.0947,0x9c...b7e9,https://etherscan.io/tx/0x925b3726125e7d3d1a25fe6031cfda61f0ebf9637375e401b3d4e84179decb5e
2023-03-28 00:29:11,True,3.071e-10,1.796e-13,83517882367.0,0.15,0xd5...4de5,https://etherscan.io/tx/0x3eb206eb001563874affc493247087585d8c34e13e3540649818eb18b5b359cf
2023-03-28 00:24:59,True,3.07e-10,1.794e-13,9667775529.0,0.0173,0xbe...6985,https://etherscan.io/tx/0xdeae984893ba286521efc83a45753db0ec968d261371c624e1ff8fbb46136ee5
2023-03-28 00:14:59,False,3.069e-10,1.791e-13,417501650731.0,0.748,0x0d...4f04,https://etherscan.io/tx/0x7b9bd7915a0af0c13303a03550a0c40ec3c3431e86b75b0388ef997aa9aaf763
2023-03-28 00:13:47,True,3.1e-10,1.809e-13,76169527748.0,0.1378,0x26...4663,https://etherscan.io/tx/0xa7338684c49de580d1b1c5025c461e661da3e7634943dbddedce616d95d78763
2023-03-28 00:12:47,True,3.091e-10,1.803e-13,855171724988.0,1.54194,0x26...4663,https://etherscan.io/tx/0xb64d914b55fcebc3d2f5bdef87c4de08d5cb53c03300c517733059a39c52ce49
2023-03-28 00:12:23,True,3.033e-10,1.769e-13,128813751732.0,0.2279,0x13...0737,https://etherscan.io/tx/0x1a504459f20f6e3a51c389704b1da399ffe2c5bb434711bfb6c21cd3d7cb5ee5
2023-03-28 00:10:35,True,3.022e-10,1.766e-13,45291192434.0,0.08,0x02...3d52,https://etherscan.io/tx/0x66fd8d3afa4a96a5632af5d9aeb81318a300bd6548ea53a889f4ab0f9d049cde
2023-03-28 00:09:11,False,3.005e-10,1.756e-13,77528828883.0,0.1361,0xe6...3a86,https://etherscan.io/tx/0x048029464c80fbe4bc18d29e0e3dde2f306a3746bee5e074444baa7b6cf5dac1
2023-03-28 00:08:11,True,3.021e-10,1.765e-13,129102441133.0,0.2279,0x3e...2946,https://etherscan.io/tx/0x627732188536c661e1c88f8ca2d601689b52bebb68cd99bc7271b12a89309e17
2023-03-28 00:05:47,True,2.967e-10,1.734e-13,1441379348312.0,2.5,0xc4...adfb,https://etherscan.io/tx/0x8575a0933a834211e544d6264dcbc31a8e92caa17723d9346445a8eba03e8a8d
2023-03-28 00:04:23,True,2.919e-10,1.704e-13,70470454960.0,0.1201,0x7d...bc37,https://etherscan.io/tx/0x46520c71bcb25b13af09d6ec8bb8637bec2a5bb4c07ce025df1fb017b68141b8
2023-03-28 00:02:23,True,2.904e-10,1.696e-13,374364709578.0,0.635,0x58...c1ac,https://etherscan.io/tx/0x4c067e7cec934d03d353084472230299fdde1454eaf5b68a4e396705bb52f982
2023-03-28 00:01:59,True,2.888e-10,1.686e-13,118568307582.0,0.2,0x88...8888,https://etherscan.io/tx/0x138ebcf77099192aeec8e82100b9090397789e54bb6616e83b91b29b5b02ea39
2023-03-28 00:01:47,True,2.871e-10,1.676e-13,417501650731.0,0.7,0x0d...4f04,https://etherscan.io/tx/0x822046f06dfd2c104c1474691720b057e89d919c68348cebe639fb1e7230ab33
2023-03-27 23:57:47,True,2.831e-10,1.653e-13,802212164133.0,1.32677,0xcb...6ceb,https://etherscan.io/tx/0xbb12f1358b98089b676d3a2e35516699d8bed0505f5f26a570649b01d4e99baf
2023-03-27 23:56:47,False,2.835e-10,1.657e-13,1553677704589.0,2.57591,0x67...ae6c,https://etherscan.io/tx/0xd9356c62a27ef18347829138d4be6f2e8ad3a214e6be546acddcf59a259b5fef
2023-03-27 23:55:11,False,2.948e-10,1.724e-13,1922100203249.0,3.31444,0x02...880f,https://etherscan.io/tx/0xe4947958afe373e4dc65f2eabc1943ab493fab545a7eeb03d6177eb5466ed288
2023-03-27 23:48:23,True,3.031e-10,1.772e-13,15096421936.0,0.0267,0xb2...1fdb,https://etherscan.io/tx/0xb0f1c0ab86615394687f6a9df196914a3cf50e6ab630ad98ee478f985c599eb7
2023-03-27 23:47:35,False,3.014e-10,1.762e-13,49813706844.0,0.0878,0x68...4287,https://etherscan.io/tx/0x071562a877fc34773112f7ec63a690f9722938935da3f1720996fe405ca59a14
2023-03-27 23:43:11,True,3.03e-10,1.773e-13,35883934736.0,0.0636,0xfe...c948,https://etherscan.io/tx/0xc5ae36f1b39f7a3677afae875430a66dca07d3d7b35cdf64d7ea2d4fc097cde8
2023-03-27 23:31:35,True,3.028e-10,1.771e-13,72737200476.0,0.1288,0xfc...292d,https://etherscan.io/tx/0x6c13e27d47dc0db1f68a3293649f8ba3405146db7aaefdec5a13f60237fd37ae
2023-03-27 23:29:23,True,3.022e-10,1.767e-13,141463666304.0,0.25,0x95...50d8,https://etherscan.io/tx/0x54eb1f50e518ce1f1248110eeec220573ea316483073a018ea120dbe0e755c0a
2023-03-27 23:27:35,True,2.984e-10,1.743e-13,1032450289571.0,1.80014,0xbd...1bfa,https://etherscan.io/tx/0xdcb4179695bb0520b436894910dab45fd51ea5cfd3ec35e442ebae3de559b120
2023-03-27 23:24:47,True,2.945e-10,1.721e-13,92585567100.0,0.1593,0x12...0f2e,https://etherscan.io/tx/0x57d126d70232934d65648f1178f56a0dee26c33bb44e233383048433f10077cc
2023-03-27 23:24:47,True,2.879e-10,1.682e-13,1922100203249.0,3.23405,0x02...880f,https://etherscan.io/tx/0x3c9c77126d9de47bb1140c2d7ba32265745d00e7500fc19ea0dbda1800402ee8
2023-03-27 23:24:47,False,2.931e-10,1.712e-13,4000000000000.0,6.8518,0xb9...445e,https://etherscan.io/tx/0xf17a8fb49982802aeff232a34f74aaace31df71258575ef4f5bc6277cda5e45e
2023-03-27 23:23:23,False,3.07e-10,1.795e-13,136000000000.0,0.2441,0x7d...bc37,https://etherscan.io/tx/0x08aa4f97a33fc97bc1458a3d5330224b7b11be2b54135dadf71ace2d0087ccfa
2023-03-27 23:08:11,False,3.101e-10,1.812e-13,663506261434.0,1.20241,0x7d...bc37,https://etherscan.io/tx/0x6b296fbc6f151925e95e480f70d7bf663803f4fd13d280cd09b37f8ff73da883
2023-03-27 23:07:47,False,3.126e-10,1.827e-13,35588906809.0,0.065,0x59...1c3e,https://etherscan.io/tx/0xa2bf9ec8e70002950647b6ed6e7ab392d71abf3331c436aa031d3b1b17a6dc1d
2023-03-27 22:48:11,False,3.135e-10,1.839e-13,530095073540.0,0.975,0x67...ae6c,https://etherscan.io/tx/0x46eb3683697501a451f9ac373d247564a8d0799ea096a0b87cd9fa438b8f30b2
2023-03-27 22:42:59,True,3.176e-10,1.861e-13,2025368770.0,0.0037,0x2a...879b,https://etherscan.io/tx/0xbbc62b4e789d229aa07611e47ba8b44fd7e2352a8d5b7e77913c1a7c2ec493b6
2023-03-27 22:31:35,True,3.173e-10,1.859e-13,129100788741.0,0.24,0x58...c1ac,https://etherscan.io/tx/0x8857ad102834b23a4a0b9b34c537d4ca8a6fb40b4aaeeb86a5cdbe8c6f3bb70b
2023-03-27 22:31:23,False,3.164e-10,1.853e-13,401121716721.0,0.7436,0x9f...f0ce,https://etherscan.io/tx/0x99e5d769ab765c08ffc84a2a6749ce99ec8c35a3d98b101871782eb94bb8245b
2023-03-27 22:27:59,True,3.193e-10,1.873e-13,8686916754.0,0.0162,0x14...09d1,https://etherscan.io/tx/0x0bb09919653302cf6dc50d6451170733c1afc2ea56645f4a483122f37ebfca35
2023-03-27 22:18:47,True,3.175e-10,1.865e-13,344619184243.0,0.643,0x1e...8bea,https://etherscan.io/tx/0x82ddcbe1e90d722ceee88997c531a0c2755a928f0988507617f755d4adf895ae
2023-03-27 21:54:47,False,3.17e-10,1.855e-13,392917826649.0,0.7291,0x54...708f,https://etherscan.io/tx/0x5688c0b6e778ba0ce1264cd906fa7f46d1a542e298170b9f3cefb16b991eda18
2023-03-27 21:43:47,False,3.193e-10,1.868e-13,173000000000.0,0.3232,0x7f...2f23,https://etherscan.io/tx/0xfb854bda37ff2ba3daf97198fe25653adee6b2ac2b0b96c22a39b76074b5337f
2023-03-27 21:25:23,False,3.244e-10,1.891e-13,846085089780.0,1.6,0x06...fe96,https://etherscan.io/tx/0x2bb6c7256a8d551efa0c4847bd4a19217e6167ca50692391de37b3d8c87a836b
2023-03-27 21:23:59,False,3.285e-10,1.916e-13,253900577128.0,0.4865,0xd6...f25d,https://etherscan.io/tx/0x79edc31ad78f31dfe94438fe50542beec102006a8f225a404233f76a64a31f65
2023-03-27 21:20:59,True,3.308e-10,1.93e-13,144567652160.0,0.279,0x2f...4770,https://etherscan.io/tx/0xcba7139d3ffbec930b602c29c660b200828b3022c1324ed39b729cb2a215eb79
2023-03-27 21:19:11,True,3.303e-10,1.926e-13,5174737146.0,0.0099,0x5b...2cd0,https://etherscan.io/tx/0x6b1b9f53ff9679279e7d62fac0e52936e2e761a974847c61d63590edd20ea461
2023-03-27 21:09:11,False,3.294e-10,1.92e-13,250400821442.0,0.4809,0x89...cca5,https://etherscan.io/tx/0xc9d228ecc8c0bbf97e9ec141a26c958b976ad65065dba122d9a672ca967e7aee
2023-03-27 20:33:59,False,3.325e-10,1.94e-13,581943288767.0,1.1291,0x30...48b3,https://etherscan.io/tx/0x19c71b6ac972335de325bcce04038f87a9636d8381be4c524af2081efae70c60
2023-03-27 19:55:47,False,3.344e-10,1.958e-13,201937717449.0,0.3955,0x4a...a9c5,https://etherscan.io/tx/0x393c56994b4ce76c4b5c8145901092c2410629bbea35835d17b7e1294c9052e1
2023-03-27 19:42:35,True,3.379e-10,1.974e-13,25319727063.0,0.05,0x2e...9a37,https://etherscan.io/tx/0x19dc0bbf3ac4353c9bb9de5b2e67324254db8bb99894b5a4abb105d7cef8307a
2023-03-27 19:40:47,False,3.388e-10,1.978e-13,688105343500.0,1.36169,0x16...a12b,https://etherscan.io/tx/0x6dddd4477d1bd16e2a3d985d21ec44d0688af1e9ac5085087904bcba1c894dd0
2023-03-27 19:11:35,True,3.431e-10,2.001e-13,241602096752.0,0.4836,0xcb...6bb9,https://etherscan.io/tx/0x2cc26572b708fe867a57d32f1fd0eb75937c6bd3e5c70a2fa89e950ad6027937
2023-03-27 18:32:35,False,3.423e-10,1.986e-13,102989170438.0,0.2045,0x73...88c9,https://etherscan.io/tx/0x4a105c35dbc5d3f4a94c299fc50b22d1c8ded84f78f48c9f59542e8e233568df
2023-03-27 18:30:35,True,3.43e-10,1.991e-13,392789823220.0,0.7821,0xb8...355a,https://etherscan.io/tx/0x2cc10fbf183363edb76251d093bc5b1ab03b6973d1b6804f16c958705d9c2727
2023-03-27 18:16:23,True,3.417e-10,1.98e-13,50000000000.0,0.099,0x29...c87a,https://etherscan.io/tx/0xb43ab58049b645a8ff2d7ef34353e2cdf2941ddd824de73ee2385fcb015ae78a
2023-03-27 18:06:11,False,3.387e-10,1.97e-13,150000000000.0,0.2956,0x7f...2f23,https://etherscan.io/tx/0x3a565dc288470a5da914e5b23952361284391eb11c9b3d9550a278f43308df30
2023-03-27 17:54:11,True,3.398e-10,1.983e-13,126048692030.0,0.25,0xf7...8444,https://etherscan.io/tx/0x300ab0482f7e4852b349a1de64bc34b7230beb06a1cdf93a047368821cafadc9
2023-03-27 17:31:23,False,3.371e-10,1.969e-13,37613278728.0,0.074,0xf4...27f0,https://etherscan.io/tx/0x5262ee35483b51eed9e20613b52fd1ee1e976bd1d0268e660613ea6192bf2192
2023-03-27 17:28:11,True,3.382e-10,1.979e-13,101026602952.0,0.2,0x38...860f,https://etherscan.io/tx/0x544d0e78261e37c1feb88325a750b04f31e9b94a0252e71b9ea9f409d238f630
2023-03-27 17:20:35,True,3.36e-10,1.972e-13,180878390720.0,0.3568,0x4b...c436,https://etherscan.io/tx/0x87368aa134d9f632fce6dc713496a8b306797b92b8e0666c1517d39170157426
2023-03-27 17:18:47,True,3.352e-10,1.966e-13,100000000046.0,0.1966,0x38...db0d,https://etherscan.io/tx/0xb820268bc7ed0c668becc436b5b20754b7bd8c2e3e7eeaecf581e095814b9fbd
2023-03-27 17:12:23,True,3.318e-10,1.963e-13,18596355678.0,0.0365,0xc2...d715,https://etherscan.io/tx/0x182db191db084bd354fcb1c6766133a71c2fcf98297fe50d2f1eef382709a116
2023-03-27 17:10:59,False,3.314e-10,1.959e-13,370933506598.0,0.727,0x6e...5510,https://etherscan.io/tx/0xbd3a7f81376b14ae07a3e86b192fd2dfd0e7f6f5a5d08a175718751169978afe
2023-03-27 17:10:59,False,3.394e-10,2.006e-13,1552360765225.0,3.11528,0xff...d5f7,https://etherscan.io/tx/0x5702090eb5f985a4fd220d05d681f8e5a6dfbcaef953c0db7d237b0ee067367b
2023-03-27 17:06:11,False,3.505e-10,2.063e-13,691327651332.0,1.42634,0x32...df9b,https://etherscan.io/tx/0x1f6146f9b7dd0929b4c3fe280f2d6ee31c9a5e4250265b9d5edc03354e05938d
2023-03-27 16:57:47,True,3.615e-10,2.077e-13,1010700982544.0,2.1,0xab...ddfb,https://etherscan.io/tx/0x1f1f85329f5f4cc4e148367648a8b57f0dbf5d9c61668a50e8ce0d6672069355
2023-03-27 16:53:23,True,3.527e-10,2.028e-13,492872298478.0,1.0,0xcf...b55b,https://etherscan.io/tx/0xdb38393157bddb619c05ebd977632dc32f6dfec658b2f18ee3cff038671abb69
2023-03-27 16:52:11,True,3.5e-10,2.013e-13,119900000000.0,0.2414,0x29...3572,https://etherscan.io/tx/0xb120b8737b5161adc8f1024b9d6e4be0145a95a1630582c1b7daf4d63916aaf4
2023-03-27 16:36:23,False,3.48e-10,2.006e-13,308085250560.0,0.618,0x4a...6ea0,https://etherscan.io/tx/0xe3cb568a77f22d6bb5a30d53c62216898180aa68d7e5b2b98a7d9aab7058425c
2023-03-27 16:33:47,True,3.449e-10,1.988e-13,1528936172588.0,3.04,0xab...ddfb,https://etherscan.io/tx/0x0b5361d5fadd323a57114295e42645a431c963e4843258d8ea49c5874c48cfe1
2023-03-27 16:28:59,True,3.39e-10,1.951e-13,16751788683.0,0.0326,0x2a...879b,https://etherscan.io/tx/0x29bfbc4410cb7f4d456a1c315b383f51c30773d8e2fde91287856ea279bd53f7
2023-03-27 16:13:47,True,3.378e-10,1.923e-13,1143481725623.0,2.2,0xbb...2d92,https://etherscan.io/tx/0xcbd2e3cdc031c77b550ac700c9d55ff527af4025a4135b7a9417f6feab92f649
2023-03-27 16:04:47,False,3.34e-10,1.9e-13,615156762118.0,1.16896,0xee...f23e,https://etherscan.io/tx/0x2eca6b70f25e98938eb28bd822fe39b7465ed679e0b3f706c6e5b53b4104adac
2023-03-27 16:03:59,True,3.341e-10,1.903e-13,972068442347.0,1.85032,0x05...39c8,https://etherscan.io/tx/0x2602132401d09f7dc9b48ef7485571f18f7d20f6d84f440faafb3d2b1f9947d0
2023-03-27 16:02:47,True,3.29e-10,1.875e-13,258536834775.0,0.4849,0x1b...21a0,https://etherscan.io/tx/0x12326476c8364dd3995321c053a681c54b15942f5f80b5514a821b9575573e35
2023-03-27 16:01:47,True,3.279e-10,1.869e-13,26513358130.0,0.0495,0xd8...3142,https://etherscan.io/tx/0x772392536d7677023683c2cc9617dd9767f658d9dc26d8328ef15d2cebe6c4ba
2023-03-27 16:00:11,True,3.266e-10,1.861e-13,306126811740.0,0.57,0x8a...4bcf,https://etherscan.io/tx/0x7731a89931dbad3fae0372b865bb490e878df6d02b7963a043e9a6d1cb865b7e
2023-03-27 15:58:23,True,3.251e-10,1.853e-13,97134240128.0,0.18,0xb4...9634,https://etherscan.io/tx/0x9ac9421a80049930ac7718fc1160513bf4ac10126b270003b422835d387406c1
2023-03-27 15:57:35,False,3.256e-10,1.854e-13,673983702107.0,1.25,0xee...f23e,https://etherscan.io/tx/0x832e61a637a8bc96d50d1f580cf5d587fedf2ccf32853c59caf71ea2ccbb199f
2023-03-27 15:56:47,True,3.315e-10,1.887e-13,548977502498.0,1.03606,0xcf...ba7e,https://etherscan.io/tx/0xdd13e703b2f6a250d443ffa18f5a02e1a95ac13b93fbaa7bce451030b930ba7c
2023-03-27 15:56:11,True,3.248e-10,1.849e-13,330463817270.0,0.611,0x23...d0b2,https://etherscan.io/tx/0xb12ceb4ffcfdd1acfddb1ef7f3ec21fe0ceb50f57ce46f9d8a74f90b77ca432b
2023-03-27 15:55:35,True,3.224e-10,1.835e-13,272334690248.0,0.5,0x1e...5fa1,https://etherscan.io/tx/0x89e647ad25ed1c06c3ee6d6439bedde2a0f47dbbff0d19f18b3e3da2edc1e149
2023-03-27 15:53:59,True,3.217e-10,1.828e-13,60740325809.0,0.111,0x0a...feb2,https://etherscan.io/tx/0x80a04dbbcdf31b0c8882c0101360dfef80c114252a5b5456651b184103f76dc7
2023-03-27 15:53:59,True,3.192e-10,1.814e-13,625364444736.0,1.13451,0x23...70be,https://etherscan.io/tx/0x81700abbd4e4c0d381cb0e84d297655e4a1fdb51eb0f60f646a3aef1a606b2cc
2023-03-27 15:53:11,True,3.171e-10,1.8e-13,25692823490.0,0.0462,0x3e...5a91,https://etherscan.io/tx/0x880d0759dfc0b746ae14451034102e1dcbae87411c6ca1816cc83f1f7ce84745
2023-03-27 15:51:47,True,3.159e-10,1.793e-13,316249413109.0,0.5671,0x6d...a4dc,https://etherscan.io/tx/0xfd2c301e9d13e28636ce1a46f2d7b532d0b339d3cea97f817057c0db7c231daf
2023-03-27 15:50:59,True,3.134e-10,1.779e-13,365351016322.0,0.65,0xee...f23e,https://etherscan.io/tx/0xc266a90d008f896350f41be0f5ae855b9bf2f196d46cbccd8fc73200cd3b17fe
2023-03-27 15:49:47,True,3.067e-10,1.74e-13,1552360765225.0,2.7016,0xff...d5f7,https://etherscan.io/tx/0xfd3f5c00c41e2a640fd42859262305bad9bf2c3e5b3541e06181149c0ada81f0
2023-03-27 15:49:47,False,3.109e-10,1.764e-13,3244089672187.0,5.72373,0x14...fb47,https://etherscan.io/tx/0x0149215e9e394856d5b53c45c1aaa6fede8c415ee41d921fe581ca8c882de816
2023-03-27 15:49:35,True,3.226e-10,1.83e-13,546212989624.0,1.0,0xfb...9658,https://etherscan.io/tx/0x973cab489b34844f6c3d4226aa55521c80980b536d5f905b04e187fdfe2f8843
2023-03-27 15:48:47,True,3.181e-10,1.804e-13,688105343500.0,1.24169,0x16...a12b,https://etherscan.io/tx/0xf5a37ee2572f32f44a371c016d09c5da5403b0b0085e1b05b611aa41c00a01e4
2023-03-27 15:47:47,False,3.187e-10,1.808e-13,1371515036717.0,2.47992,0xff...d5f7,https://etherscan.io/tx/0x001434bc735ede80237acc01f9f9b7574cbc4762cc3c4ed32e3418a99a53e2f9
2023-03-27 15:46:59,True,3.24e-10,1.837e-13,484005240842.0,0.8895,0x75...2c3a,https://etherscan.io/tx/0x2ee7d8188944396e0630d3997cfcc9ec5fd107fbb64de5b7fba7c2e4a827d7f2
2023-03-27 15:45:11,False,3.215e-10,1.83e-13,638087864118.0,1.16782,0xcf...116f,https://etherscan.io/tx/0x3bc60f12b745bfb6637a9ca40178414c0f4ca8496aa92c0586d883e76a780aad
2023-03-27 15:43:23,False,3.241e-10,1.846e-13,131186969181.0,0.2422,0x69...3029,https://etherscan.io/tx/0x64eed41cb47399049c9112350231b067dcd3cb3bde2c800e45bb7a92313aaf8c
2023-03-27 15:37:35,True,3.253e-10,1.855e-13,258742966847.0,0.48,0x09...6c6e,https://etherscan.io/tx/0x212acee0906b486e933559818eff367a98d4b205bc15397dae10d2f630c39657
2023-03-27 15:37:23,True,3.231e-10,1.842e-13,308085250560.0,0.5677,0x4a...6ea0,https://etherscan.io/tx/0xb2186b67762f9249f6d77446de61ea9fb0fd3f1954ae73702c3ead9dfc82b510
2023-03-27 15:35:11,True,3.22e-10,1.833e-13,109068681183.0,0.2,0x6e...5510,https://etherscan.io/tx/0xfa1edcaf988846a6fc675b01558391fd197ec24bff2342557b6ea2378ae5b5b7
2023-03-27 15:34:47,True,3.198e-10,1.821e-13,467128955405.0,0.8508,0xee...f23e,https://etherscan.io/tx/0xeebf7e05d5c4a45e45fa5ccfa5724a9ad389298bc503366d224234bb493ef2df
2023-03-27 15:34:23,True,3.27e-10,1.862e-13,691334564677.0,1.28773,0xcb...6ceb,https://etherscan.io/tx/0x52395666de330b189abdcbb2412b7585dc9c495aed461725d80a8cb93141f70a
2023-03-27 15:34:11,True,3.081e-10,1.754e-13,1371515036717.0,2.40607,0xff...d5f7,https://etherscan.io/tx/0x7a05d954c7fa9dc5b8c69422fcd071dd298a7356f9d74ba45c1d3074edbde082
2023-03-27 15:34:11,False,3.117e-10,1.774e-13,2872438500896.0,5.0976,0xc9...27b6,https://etherscan.io/tx/0xccac64f98fc2d36cb655eb8c127276ea26abc60cf5f8444cc12e946c5946a594
2023-03-27 15:33:59,True,3.239e-10,1.844e-13,61809142226.0,0.1139,0x18...0902,https://etherscan.io/tx/0xb2196543ed961ab4b56706623d29ccf7a31ec0a375b80537703a99a640a4fcf0
2023-03-27 15:33:23,True,3.236e-10,1.842e-13,30808688610.0,0.0567,0xbc...50d7,https://etherscan.io/tx/0x0af3c6a5395aeff5646979358c60123838ce86b640607b191ddfefc8b326a940
2023-03-27 15:32:59,True,3.269e-10,1.861e-13,456660492499.0,0.85,0xee...f23e,https://etherscan.io/tx/0xabbc8e278b0546004a6787b4ff401aabd5ef42c90eb3d8dd9caa2d9a5dc3f18a
2023-03-27 15:32:47,False,3.19e-10,1.816e-13,259152641560.0,0.4707,0x18...0902,https://etherscan.io/tx/0x0bae678d27f25dd5dcee66bbbae5dcc8400ed550830793cefcbc7c26b6ce414d
2023-03-27 15:31:47,True,3.201e-10,1.822e-13,493874122225.0,0.9,0xd1...da88,https://etherscan.io/tx/0x5c521f5059a7245ea37e48b01e96dc244715f9fd3b5d7b6be5e72d164b5502d2
2023-03-27 15:28:59,False,3.235e-10,1.842e-13,2700000000000.0,4.97511,0xeb...aa21,https://etherscan.io/tx/0xcadf22c335820cbb1235dd83759f14b2af490e3cc16a8ad6b2d613b151ff9e7d
2023-03-27 15:28:23,True,3.385e-10,1.928e-13,129647176369.0,0.25,0x8a...4bcf,https://etherscan.io/tx/0xb64fd06d0a76a4918158b70c2e98f5c7d1a96af128f6e4568a0386ef9da8e2b9
2023-03-27 15:27:35,True,3.38e-10,1.925e-13,5148869281.0,0.0099,0x4b...c436,https://etherscan.io/tx/0xea986d57c13b3da61ef860f6c91577f51d0e3db73c3e29a90ac4e616a884dfcb
2023-03-27 15:26:35,True,3.369e-10,1.919e-13,260549460246.0,0.5,0xb8...ae15,https://etherscan.io/tx/0x1f1a2c9408cd80025ba7ebcc5c58a4436d1ceea3bfa9ce4f0d578d87be9e8553
2023-03-27 15:25:11,True,3.352e-10,1.91e-13,130889429511.0,0.25,0x8a...4bcf,https://etherscan.io/tx/0xe22546a2d8c256cffdc168842b217f4e6ab34f4015016025a455058bc50b14ec
2023-03-27 15:22:23,True,3.334e-10,1.9e-13,298748787234.0,0.5676,0x05...ad8f,https://etherscan.io/tx/0xa6189c4508d78585d5e89a23be66e7bbea9585e592c05776cdcdb09c49d5a706
2023-03-27 15:14:35,False,3.304e-10,1.883e-13,44929000000.0,0.0846,0xfb...6bfd,https://etherscan.io/tx/0xa38a4384265b41c42dfd381f6844d1f69e8861ef7c5b5cfada3609824b0fa4a9
2023-03-27 15:13:59,True,3.324e-10,1.894e-13,21636481324.0,0.041,0x0b...3331,https://etherscan.io/tx/0xf91cc34e2a3f4386140b0e691c5d3ca21d4f03a86819dececa5d6dbf01392ba3
2023-03-27 15:13:23,False,3.382e-10,1.927e-13,1934536644039.0,3.72912,0x98...2a9c,https://etherscan.io/tx/0x5793cdfafae82c9ca75b523f28771e441bed240fbcb1a36a7391e5e8267a4b8d
2023-03-27 15:09:23,False,3.474e-10,1.978e-13,224424139059.0,0.444,0x5c...7111,https://etherscan.io/tx/0xe4ed03bdd6aca8a1237be813538b7be468927e6599d82e8de352871cd302ddab
2023-03-27 15:01:47,True,3.501e-10,1.995e-13,28066656583.0,0.056,0x8a...4bcf,https://etherscan.io/tx/0xa29332d6d6fcdcb9ed75779f75a5b073b4244fbdd19c30580c8a49d2f3f5851d
2023-03-27 14:37:11,False,3.498e-10,1.987e-13,201256088347.0,0.4,0xbc...7b00,https://etherscan.io/tx/0xed32b8e5ea8fb0541402e5629e5c1fc1598f46757c04c4c84b6ccd5c2a61acaf
2023-03-27 14:34:47,False,3.513e-10,1.994e-13,95576367008.0,0.1906,0xe5...18d3,https://etherscan.io/tx/0x0e3c97e25ea8192fda86b5a7093ba91a63d9aee1fb8db8ad064aeee69f595e57
2023-03-27 14:28:23,False,3.528e-10,1.999e-13,94145878651.0,0.1882,0xaa...28b6,https://etherscan.io/tx/0x68f3339b0a84c1b0a158d511ec9d6f7518b4f98319f119145edb9e81864c18c4
2023-03-27 13:59:23,True,3.553e-10,2.012e-13,37629028691.0,0.0757,0x3c...5205,https://etherscan.io/tx/0x121a1d337ed65a7f11fe86a913f49e4f82b76acf29ac22744b585bab74c64cc7
2023-03-27 13:35:59,True,3.551e-10,2.009e-13,84330496596.0,0.1694,0x81...f3c1,https://etherscan.io/tx/0xea8951edb5d9cafe3dbcba90dc845b4fd5bf810a9d2ffba7fe4b19504f116c8b
2023-03-27 13:26:35,True,3.548e-10,2.007e-13,10884906045.0,0.0218,0x2f...5d91,https://etherscan.io/tx/0xded325386be0eed1db5c62f7a15d69225ea86504617d8e38cc1a7829bea6fc22
2023-03-27 13:23:59,True,3.547e-10,2.006e-13,16596998624.0,0.0333,0x68...dd52,https://etherscan.io/tx/0x67f4cde7dc9a9ee2add6b41e92995df69d112a1157bdf547bc87506c5ffed339
2023-03-27 13:04:23,True,3.527e-10,1.999e-13,280806534496.0,0.5614,0x75...2c3a,https://etherscan.io/tx/0xde039136dc3815fb9eb96bc03c827bf77f3b424c4936ddc5583ae8651a375c55
2023-03-27 12:55:35,False,3.5e-10,1.983e-13,599774997839.0,1.18958,0xc7...a6c7,https://etherscan.io/tx/0x1e3ef0df7bbdbd882f77de38cb666e7bc05eaf9984f0926c363dc9fd0e8fd523
2023-03-27 12:53:11,True,3.565e-10,2.019e-13,99027591135.0,0.2,0x6e...5510,https://etherscan.io/tx/0xb067da78d171c74ca2478f0070edb62013728996c46e09fe5d43b414ca1f43c2
2023-03-27 12:50:11,True,3.556e-10,2.014e-13,99270335386.0,0.2,0x6e...5510,https://etherscan.io/tx/0xd8c44e5d6b2ef971be335d36bbd84e87ac052ab402a1b461fe042a3878f7c175
2023-03-27 12:44:47,True,3.538e-10,2.006e-13,249879192859.0,0.5012,0x7d...bc37,https://etherscan.io/tx/0x3a713e3b8e8b623c059dcf3d96788d7d2d2b864b0c7544d2846e1d0aa953ccd6
2023-03-27 12:40:23,False,3.516e-10,1.992e-13,190043580330.0,0.3786,0xf3...bea8,https://etherscan.io/tx/0xc2f2fe5df07b086f4f231aa7e1e3a53fa3d9b65e4c46f0dff77d2207f2dcb62f
2023-03-27 12:31:35,True,3.527e-10,2.003e-13,249616437572.0,0.5,0xb8...ae15,https://etherscan.io/tx/0x53596f60b83c589bc27ff8fb336d1af13149840fa758e262dd7debbd4ad3c24c
2023-03-27 12:30:11,False,3.511e-10,1.993e-13,340000000000.0,0.6777,0x1e...1c15,https://etherscan.io/tx/0x7f4dea5a710dc7a30a7f0dccd14fa212161d08bd2cce58bd03e9aa9c73122931
2023-03-27 12:25:47,False,3.549e-10,2.014e-13,508824192219.0,1.02489,0x41...fef6,https://etherscan.io/tx/0x2079cfc22b61296765c5f82f8fee90feb29fbe7fb25453a554c3166ec3efd711
2023-03-27 12:16:59,True,3.589e-10,2.036e-13,117707912930.0,0.2396,0xa2...0816,https://etherscan.io/tx/0xb57b684dff25f96ebd56fce83918efb7d0e06d296959a501b060a73c513e2dad
2023-03-27 12:10:11,True,3.583e-10,2.032e-13,29922683308.0,0.0608,0xee...9999,https://etherscan.io/tx/0x5158cf49e2e9aec131a685537b0491d67ca8d0313947ace388f3125874664279
2023-03-27 12:02:35,True,3.579e-10,2.029e-13,98561844206.0,0.2,0xf1...a0c7,https://etherscan.io/tx/0x90f383a9cfb705e631786065df9c81dd2ccf3b87ce02aaa117b5ae766d2f0aee
2023-03-27 11:57:23,True,3.545e-10,2.011e-13,606485468227.0,1.22,0x0f...70f0,https://etherscan.io/tx/0x1fc5d1e07aea3e762562ebaafb98bceb0ce2d51db075e17eddf753e9a8e55a52
2023-03-27 11:52:35,True,3.512e-10,1.992e-13,568924726445.0,1.13373,0x05...ad8f,https://etherscan.io/tx/0xc2c3d844e7d27b06dd1df9c45f309dadb5279fd37ca4c5ab0fde6aa529d7a572
2023-03-27 11:51:47,True,3.464e-10,1.965e-13,130069083014.0,0.2557,0xfe...caf9,https://etherscan.io/tx/0xefe853fdf0fa96e4a366e7da512a5d64caaa60aa3c76fc5e6cdc99abd3876115
2023-03-27 11:49:47,False,3.524e-10,1.999e-13,2000368938265.0,4.0,0x98...2a9c,https://etherscan.io/tx/0xb1327ba78e6b0079687bb763d5ce5319d365b14061f0b4b61772df712550f6f6
2023-03-27 11:39:59,True,3.629e-10,2.06e-13,27514618930.0,0.0567,0xbc...50d7,https://etherscan.io/tx/0x58c569178a04db84d9122f80d8eaa124aa1bd7191ac1c8757be3ea1258bc18df
2023-03-27 11:36:23,True,3.618e-10,2.055e-13,201937717449.0,0.415,0x4a...a9c5,https://etherscan.io/tx/0x0449f5426387b3210972ad1e87687b96b6a3df127ed9f8c184719fe72d219a85
2023-03-27 11:31:35,True,3.586e-10,2.037e-13,508824192219.0,1.03648,0x41...fef6,https://etherscan.io/tx/0x900686b6207633931c0b4b081de4f833d86a52600d8d425e8f4af6fd903bd9e7
2023-03-27 11:29:23,True,3.562e-10,2.021e-13,103877754553.0,0.21,0x18...88b3,https://etherscan.io/tx/0xf1d9d883791c2c96042fa54197bd3d5782125dbd7332ddcfa9b2a309f0466580
2023-03-27 11:24:23,False,3.561e-10,2.021e-13,565000000000.0,1.14187,0x73...da8f,https://etherscan.io/tx/0x4b2a633fa82ced356260623806cac4b45f5d151b042a7445608d8ed8f7d68a63
2023-03-27 11:21:47,False,3.587e-10,2.034e-13,509502308458.0,1.03648,0x41...fef6,https://etherscan.io/tx/0xb83090756b0c34f192bff8efe8ba6f6e5a9a98fd506021e1b89b0fcde58afbb9
2023-03-27 11:01:59,True,3.632e-10,2.067e-13,241869998946.0,0.5,0x29...3572,https://etherscan.io/tx/0x39dc1077d2af507323bd5571f17cd8a2631271405b08a9416165d0855d08a797
2023-03-27 10:57:59,False,3.642e-10,2.072e-13,932327624764.0,1.93246,0xf4...f8d9,https://etherscan.io/tx/0xe9533c5112edf9f0dc9eac869783009845561f60302ef8a3bd428d0505ec0f9f
2023-03-27 10:57:47,True,3.706e-10,2.109e-13,24656148878.0,0.052,0x48...7fff,https://etherscan.io/tx/0x42e138a956a3c1fba5f6e3348a1ec885f5984b7d293f535f6280e49ab471498d
2023-03-27 10:41:47,True,3.695e-10,2.107e-13,44123212783.0,0.0929,0x5c...7111,https://etherscan.io/tx/0x23b2b194c52cd8ff3bb46afc02d6754cbf09fbd93155999a70c8dcacf653f9aa
2023-03-27 10:37:35,False,3.68e-10,2.099e-13,231632425793.0,0.4863,0x4a...a9c5,https://etherscan.io/tx/0xc8b87a241402a06b4d81c310d1539a0c46a6f7f522a9df8ddff2e102ad9bdeb9
2023-03-27 10:37:11,True,3.711e-10,2.117e-13,17457225945.0,0.0369,0x86...27ec,https://etherscan.io/tx/0x49732e6a54bd9fbc22c1d75212966c024bb0b4e4a43b65bba8e3b4ef3df85b62
2023-03-27 10:24:23,True,3.707e-10,2.116e-13,15588255434.0,0.033,0x4c...7a55,https://etherscan.io/tx/0x3ed50ab8ca43e165947f0f3570f1346c48a2f4b264729fbb22a9fbfef2ab7012
2023-03-27 10:10:35,True,3.709e-10,2.116e-13,10783849006.0,0.0228,0xfd...5f62,https://etherscan.io/tx/0x1a23c5d8474ef6ff8f628fd4b1969249e2f2a1f9c9d38cef5048a43fcedb53f0
2023-03-27 10:05:23,False,3.696e-10,2.111e-13,312750152122.0,0.6604,0x62...7af5,https://etherscan.io/tx/0x3568deabc11a1d3b07743633ec412bd57557bb113a8e293bdbe3e4e4b2a5f8b6
2023-03-27 09:58:59,True,3.713e-10,2.12e-13,452709549063.0,0.96,0xb8...355a,https://etherscan.io/tx/0xbfdf608753ac68086ff8b5bd3168b66feca1e214f309bed8132727a8d81d2cf8
2023-03-27 09:51:35,True,3.688e-10,2.107e-13,23763079962.0,0.05,0xfc...57b5,https://etherscan.io/tx/0xd593afcb3a4ba67f69c5e4b66535b302216b47befcec329ab4a393f201e4389d
2023-03-27 09:51:11,True,3.686e-10,2.106e-13,24304785487.0,0.0512,0x66...5ff3,https://etherscan.io/tx/0xf2d2eac272adaf7951280fe3b65f74059ace5a0e47111aba332f2f5bb8ab091f
2023-03-27 09:40:23,False,3.694e-10,2.108e-13,580715354867.0,1.22456,0xcb...6ceb,https://etherscan.io/tx/0xe38f4555c5b64ea47bbcd1e6d82d0f978da43af85b92b19471a260344818c135
2023-03-27 09:33:59,False,3.727e-10,2.128e-13,159000000000.0,0.3384,0xbe...fd43,https://etherscan.io/tx/0x375c61ea262e9083b11e69d853a864bf20d4283e15ee81527252a8f7d743b45e
2023-03-27 09:29:59,False,3.739e-10,2.133e-13,31750755487.0,0.0677,0x0f...f127,https://etherscan.io/tx/0x0593706891b9fea5a5c830f0a3245159e4082e39763da426dba2ed86a6553937
2023-03-27 09:12:23,True,3.764e-10,2.146e-13,31398108382.0,0.0674,0x36...b25f,https://etherscan.io/tx/0x708ece3f804e63164807c159525a95ddc3b8caead87d9bf8173181eee29c929b
2023-03-27 09:11:23,True,3.76e-10,2.144e-13,36660108235.0,0.0786,0x32...7784,https://etherscan.io/tx/0xcbd42aef7e1cef2028db4d1e8765b51699db3b0284e5234cdec78455293d99cd
2023-03-27 09:09:47,False,3.738e-10,2.131e-13,27160710863.0,0.0578,0x8d...b484,https://etherscan.io/tx/0x16111d6b3e7beb51911e89a331992a71574bbde6f24ec9684cd2e226b310cac3
2023-03-27 09:06:59,True,3.754e-10,2.141e-13,150000000000.0,0.3211,0x5c...7111,https://etherscan.io/tx/0xa8f30738381fdffabcc62ddecb91530e4dec894405d68d42284e5720c289ad29
2023-03-27 09:05:59,False,3.731e-10,2.127e-13,121521794409.0,0.2585,0xd1...8a56,https://etherscan.io/tx/0x2420048154852893983db5900a102262dbfb8df91bc33a0ec0f8ddff18114ecd
2023-03-27 08:44:47,True,3.749e-10,2.137e-13,231898484107.0,0.4956,0x18...0902,https://etherscan.io/tx/0x51c3d2bb7147bd75f47c0682429b38ba8eaa9ae1c8aeae201cc6e4439aea2190
2023-03-27 08:44:23,True,3.733e-10,2.128e-13,100137584634.0,0.2131,0x0a...9f10,https://etherscan.io/tx/0xf656f2045b65ae475587d8177bd553eeecc2ba37504515a4bb16909cf32d8daa
2023-03-27 08:42:35,True,3.724e-10,2.123e-13,84774637684.0,0.18,0x87...c610,https://etherscan.io/tx/0xfe64b7013bb6d56f3c96ccf427a786c5e153b938a7038627da0cd07a7f663353
2023-03-27 08:37:59,False,3.697e-10,2.108e-13,11856152764.0,0.025,0x1a...0b8d,https://etherscan.io/tx/0x6e2225336cd4a0fd17d721f12e388738e108230fdc7ebb4ee1115411234fe844
2023-03-27 08:34:35,True,3.709e-10,2.115e-13,231632425793.0,0.49,0x4a...a9c5,https://etherscan.io/tx/0x07ab0362af8bc95edbb006acb34b1b3d114f07402d2ec6f5ae3bf63ccbf54acc
2023-03-27 08:32:59,True,3.664e-10,2.089e-13,743540360254.0,1.5537,0x87...c610,https://etherscan.io/tx/0x9c1040d6af03003f8a283e68b5272ef3f6e3480e3f425bff16cfc46378141f89
2023-03-27 08:30:59,False,3.611e-10,2.059e-13,70555404301.0,0.1453,0x01...685d,https://etherscan.io/tx/0xf9157cfb17b0d66f1176bd328b6f4ddbc4950d7993a9409f4962673519970f4c
2023-03-27 08:27:23,True,3.634e-10,2.073e-13,27254157453.0,0.0565,0x18...0902,https://etherscan.io/tx/0xdcd2f0461722de4ca99187083f68ec1544bf86ab8770cc38bd9e63e8b6ea753e
2023-03-27 08:21:35,False,3.615e-10,2.063e-13,139624517875.0,0.2881,0x18...0902,https://etherscan.io/tx/0x329cdca06f33f5e3c0bb98db7995103e1cf01d76c5c7ba174b1e1cdeab2ad14e
2023-03-27 08:19:47,False,3.633e-10,2.073e-13,255246897853.0,0.5293,0xcf...e796,https://etherscan.io/tx/0xe68b3126364e61a66e1908f684008a60b8e799c5896f3d357fd4d411030a9456
2023-03-27 08:18:23,False,3.666e-10,2.093e-13,477779198498.0,1.0,0x98...2a9c,https://etherscan.io/tx/0xd3728dc7356ed4234818bb1f7c3540cf53c7d31afb79c87ac5c714c31a796c10
2023-03-27 07:51:11,True,3.717e-10,2.11e-13,303289551310.0,0.64,0xa6...bef9,https://etherscan.io/tx/0x6a695fb22fe97ca237c12c5279e9358f6934038ea85b67bce0e9f2154b27a92a
2023-03-27 06:49:11,True,3.712e-10,2.102e-13,2357788598.0,0.0049,0x77...6bf2,https://etherscan.io/tx/0x420e671f84a4d003adfbbc04ba592afc459ababdecb005b0d78ed8cca0483964
2023-03-27 06:46:59,True,3.71e-10,2.101e-13,25784024239.0,0.0541,0xd5...a977,https://etherscan.io/tx/0x469995ac981aa8341b6299eea16ecc7f80eb940f269952107f782f0a430663b6
2023-03-27 06:26:47,True,3.71e-10,2.1e-13,5975214912.0,0.0125,0x84...9c41,https://etherscan.io/tx/0x7f1397a96317904ce78e165a200ad0d5d9f7a075ad6f0ab3ea2a855289673c9f
2023-03-27 06:24:59,True,3.692e-10,2.09e-13,382732174092.0,0.8,0x77...65d1,https://etherscan.io/tx/0x93a79684d19516092abca015d16d4cb0f69ac3db5d6acc177980a32259374701
2023-03-27 06:18:11,True,3.671e-10,2.078e-13,54647183223.0,0.1136,0x71...cdd2,https://etherscan.io/tx/0x0e04073ceb06339928f3d546dcdd5a6dd5e88cdf414476c1edd8664f90922809
2023-03-27 05:52:35,False,3.656e-10,2.069e-13,173164533505.0,0.3583,0x71...d755,https://etherscan.io/tx/0x60a2181f0b1b4e82c575a7a8c95b1030523e243c68b1426b49e9136cc428c6d9
2023-03-27 05:40:23,True,3.679e-10,2.084e-13,75376902831.0,0.1571,0x7d...bc37,https://etherscan.io/tx/0x2df28972ec825354316744f14cd1f8705861514b90f15e4522c11b89e7b47e7e
2023-03-27 05:24:11,True,3.672e-10,2.081e-13,48049537881.0,0.1,0x0a...4df5,https://etherscan.io/tx/0xe0c5fb483bdc5368381d40c6bce4d150f2e5c5540ebd10f1bd25041dd2d72541
2023-03-27 05:19:11,True,3.669e-10,2.079e-13,27161248630.0,0.0564,0xbc...50d7,https://etherscan.io/tx/0x93974aa7de0e98689798ea372e89593584bf7274cedfb79d2b7e6e6956ddb392
2023-03-27 05:17:35,False,3.655e-10,2.07e-13,178180642694.0,0.3689,0xa3...e2a5,https://etherscan.io/tx/0x3a38e0ed4625fe18d099d8e348d6b3eaaf8cd46b2a4de272f744aade373af24c
2023-03-27 05:02:23,False,3.666e-10,2.078e-13,110298752817.0,0.2292,0x43...d1bf,https://etherscan.io/tx/0xfe5ea967f46c0a60d4f5f5ee1bd830d7c48adbc229afd47170cd03ef1054123d
2023-03-27 05:01:23,False,3.699e-10,2.096e-13,605322606283.0,1.26936,0x5b...b7fa,https://etherscan.io/tx/0x53576efb12c7d22c05824a2039dd08a8c07f87c59bb30952fd6a822847cede1f
2023-03-27 04:51:47,True,3.748e-10,2.125e-13,18482527627.0,0.0392,0xbe...6985,https://etherscan.io/tx/0xdd24a471bf49ce4d5ae36f7455f0615f847ae7314463194022dfb88d56cf0e2a
2023-03-27 04:33:23,False,3.726e-10,2.114e-13,74312266734.0,0.1571,0x83...850e,https://etherscan.io/tx/0x831f8bc6b22bc3b345faf5cfa1fe83b761f6385376db051eb6198ad775611c79
2023-03-27 04:17:47,True,3.75e-10,2.127e-13,36506754668.0,0.0776,0x1f...f69d,https://etherscan.io/tx/0x51cdde136977828b97eca0cb72904e1a1aeb486dbc39e7caa68b1a222e4b8527
2023-03-27 04:15:59,True,3.746e-10,2.125e-13,54102518526.0,0.1149,0x15...b5ea,https://etherscan.io/tx/0x811f53db63049ebe1ddc796d54a6f49ebaef67dfbf301e92fa76f80f20070962
2023-03-27 04:15:23,True,3.742e-10,2.123e-13,26449614139.0,0.0561,0xdd...eff0,https://etherscan.io/tx/0x43972faaa23eba6abe29e4e784d7cfead043e3b091ad067a499eea92ff509b6c
2023-03-27 03:56:23,True,3.744e-10,2.122e-13,6597779299.0,0.014,0x6b...fa2f,https://etherscan.io/tx/0x7666c666d2c41133b58325ef80605e36933191df787a703f7fa5124fdd93e4d4
2023-03-27 03:53:47,True,3.742e-10,2.121e-13,33420001182.0,0.0708,0x2e...5b31,https://etherscan.io/tx/0x9f4077f8a5369f7f78382f9c076f1fce428cd4b8c503908f42e592c21cb1c283
2023-03-27 03:41:35,True,3.738e-10,2.118e-13,79794559245.0,0.169,0xbc...50d7,https://etherscan.io/tx/0xcb8bb766e5764a8d4e9949cc2f2af5e6ffe6b760529e4b08d9d50c05613dd4cc
2023-03-27 03:21:47,False,3.721e-10,2.104e-13,60000000000.0,0.1263,0x79...f4be,https://etherscan.io/tx/0x2a9d86588e11214504ccf21a46bd9abcd88db71d9d9f5dfed83339ccc7843701
2023-03-27 03:19:47,False,3.73e-10,2.109e-13,120048000000.0,0.2532,0x6b...7dea,https://etherscan.io/tx/0x527483a2c6eae22e225793b5bc5887e514b9f76059c24223c5cf6e9c6facb1af
2023-03-27 03:15:11,False,3.752e-10,2.115e-13,107487384143.0,0.2274,0x0c...57aa,https://etherscan.io/tx/0xd5b822f8b5858a8fedffea9c27d5e382485a8ee8d74d1b3e73d02c560a38f020
2023-03-27 03:14:35,False,3.761e-10,2.121e-13,92940685653.0,0.1971,0x86...f4f9,https://etherscan.io/tx/0x1d0297c1b9b5f9b08a8d3f1a32b9ceb0fa8b132a6df0f307944dcb8e40e33101
2023-03-27 03:13:23,True,3.787e-10,2.135e-13,46693626707.0,0.0997,0x37...9aa1,https://etherscan.io/tx/0x64426449c772009907a0d6cfb3cce8766a21ef8a732d7c822357d8baf746cf6c
2023-03-27 03:08:59,True,3.786e-10,2.132e-13,57000000000.0,0.1215,0x29...c87a,https://etherscan.io/tx/0x06d746c23aa482b6b9256de293341bebf630e00c5ed7594fe8f2c20c33ca7c45
2023-03-27 03:05:35,True,3.788e-10,2.13e-13,27230000000.0,0.058,0x66...d06e,https://etherscan.io/tx/0x4942afa721764ac246c175f6e9ae1023a93a790e8a8429f4c367b10f136e4220
2023-03-27 03:04:35,True,3.787e-10,2.129e-13,5223697068.0,0.0111,0x07...4e85,https://etherscan.io/tx/0xc9148c66415919cef7832e8b32cd7fa1a1f20f0a54b704be7fdb2c231325a25f
2023-03-27 03:02:35,True,3.785e-10,2.127e-13,50000000000.0,0.1063,0x66...d06e,https://etherscan.io/tx/0x9b1bd9e9dae38481fdcc0350cae4c91d250859106d5e46143ca396953e034ae1
2023-03-27 03:02:35,False,3.767e-10,2.117e-13,150000000000.0,0.3176,0xb4...d7bb,https://etherscan.io/tx/0xb4c9c5807af9ecba9231d624747cbe84fb2e61620e60250913cf7a68e82d2e8f
2023-03-27 02:59:47,True,3.774e-10,2.12e-13,509502308458.0,1.08052,0x41...fef6,https://etherscan.io/tx/0x788b09d85144e38d00da4205499abcf40722c8b6097a62b9648fe2d6889d1dee
2023-03-27 02:56:59,True,3.748e-10,2.106e-13,24439100353.0,0.0514,0x95...0ee8,https://etherscan.io/tx/0x578a6f64a6b78eb1b6e5ce8843c0bd853f80508ca70715fd0a4e304afecc4769
2023-03-27 02:55:11,True,3.745e-10,2.105e-13,25625251769.0,0.0539,0x65...c68e,https://etherscan.io/tx/0xc9c214a8ef1f47b73a9605e77a7002b579fb48436ccb2acea83f132fa70f4d82
2023-03-27 02:47:11,True,3.732e-10,2.1e-13,139444740077.0,0.2929,0x7e...d1e7,https://etherscan.io/tx/0x284ddcbb601d5b887566c98388b77d926a2166d428341a8e93068b290cfa5e05
2023-03-27 02:40:11,True,3.727e-10,2.096e-13,3247002161.0,0.0068,0x07...4e85,https://etherscan.io/tx/0x4d5d48d9c0ff674829078cafacc9bfde88b88cf5e4e5cf9e2d6d27177057e000
2023-03-27 02:39:35,False,3.766e-10,2.119e-13,1326983895869.0,2.81281,0x0c...5c5c,https://etherscan.io/tx/0x3ece24cc6f03d105fdf03e2455bccdb8a3bd99a2cd7b007a0444fd4226dee354
2023-03-27 02:35:11,True,3.82e-10,2.152e-13,580715354867.0,1.25,0xcb...6ceb,https://etherscan.io/tx/0x7dfab93c102eda316bfc3c7410e0321630c2aaa42baf37926c43cd381fa4709c
2023-03-27 02:31:35,True,3.799e-10,2.136e-13,2319702169.0,0.0049,0x06...ba4f,https://etherscan.io/tx/0x1f7885225b6ffeae5cc1c8f8856d21a763da820d8d08f63d7e8a4f1c62b95a89
2023-03-27 02:25:59,True,3.78e-10,2.13e-13,607344298991.0,1.29412,0x3a...8df8,https://etherscan.io/tx/0x04094e207766270cda4603a94ec95a53b26debcdc9d5b78dcdc1bbb7fe9d300b
2023-03-27 02:10:35,True,3.731e-10,2.103e-13,21394790767.0,0.045,0x2d...ae49,https://etherscan.io/tx/0xe8511719b1df5aca5e40fa7543f233e79cf57bd554a9cbcdf5538b9594e3e5cc
2023-03-27 02:07:35,False,3.726e-10,2.1e-13,410000000000.0,0.8614,0x39...b6b6,https://etherscan.io/tx/0x6bb754aaf2a9a37bcf96bfb2145e122b17050560a05e1573a30c21fd16ae67a9
2023-03-27 02:04:23,False,3.752e-10,2.115e-13,129479544871.0,0.2738,0xac...d545,https://etherscan.io/tx/0x22f50ad5b0de1eeb719663796eefc2cd53b0c594ba630f607184a7f7e25e5736
2023-03-27 02:00:59,False,3.759e-10,2.119e-13,35589182354.0,0.0754,0x46...b545,https://etherscan.io/tx/0x05ead65d3a3508d2d46c5c25cf40e5cfb76970cda204c3f9e4399aa268abafb2
2023-03-27 01:47:47,False,3.775e-10,2.123e-13,100000000000.0,0.2123,0x2c...ffb3,https://etherscan.io/tx/0x66ac741dd24dca2ccb7ef34a8332bea1b683a7fd502a1d3835df9e76e75047e0
2023-03-27 01:47:35,False,3.781e-10,2.126e-13,29000000000.0,0.0616,0xb0...629d,https://etherscan.io/tx/0xdf6b245a60f815bfd85ed0c72a3efba73637ed76b5ec76cda9c23dec82c52d10
2023-03-27 01:32:11,False,3.783e-10,2.128e-13,41556497020.0,0.0884,0x00...7b2e,https://etherscan.io/tx/0x6c81b4ba4ed0b788955413f2a36156dc408b35187ee5f14feaf0e4334800595b
2023-03-27 01:20:47,True,3.805e-10,2.139e-13,131186969181.0,0.2806,0x69...3029,https://etherscan.io/tx/0x6dc1242b73580b4adf77381748d402d61de0e58f92587362b6f19056f14e157f
2023-03-27 00:53:11,False,3.777e-10,2.129e-13,256000000000.0,0.5452,0xec...e174,https://etherscan.io/tx/0xc6f1894a3a55bc8744b100b119cdc5ad6d118477415a488b06dbd566c5969729
2023-03-27 00:50:59,True,3.812e-10,2.149e-13,1261250804.0,0.0027,0xae...550e,https://etherscan.io/tx/0xc0067975ee09b4f80d18d465a4698358c6900b1c9c295c91cc69ce79de3bad0d
2023-03-27 00:43:35,True,3.81e-10,2.148e-13,18613838634.0,0.04,0x2e...2daf,https://etherscan.io/tx/0x64428fff1e8caf2fc43f7752258f7b5727636f245a2fa654dce6756161fa7293
2023-03-27 00:36:59,True,3.797e-10,2.144e-13,140353360040.0,0.301,0xf7...8444,https://etherscan.io/tx/0x6a7ec2870e59f3aee5b24340e85c47f62ff917a36e5d90bf3aef2a4d1b9afa12
2023-03-27 00:17:11,False,3.774e-10,2.132e-13,169436862143.0,0.3613,0x76...7d5e,https://etherscan.io/tx/0x890cae1ac50c69d1f11239886d5e26ba8e28c03a148182ccb62b10f21baa99df
2023-03-27 00:17:11,True,3.776e-10,2.133e-13,1000208886462.0,2.13408,0xab...ddfb,https://etherscan.io/tx/0xa907267bb140d365cf75d54b11d7bcc42b27d3c165702654b2b656dda0963585
2023-03-27 00:13:47,True,3.695e-10,2.09e-13,200000000000.0,0.4181,0x74...fd82,https://etherscan.io/tx/0x026bf4137046d508fbf441ed4975a0cec8927b352c91976f30b882b7f10ab6d6
2023-03-27 00:05:47,True,3.673e-10,2.082e-13,120048000001.0,0.25,0x6b...7dea,https://etherscan.io/tx/0x4c582355ba3d2d0c4f1a091ebb9037de18d980528436771c2e061d2d3bf36e98
2023-03-26 23:56:35,True,3.661e-10,2.078e-13,24053139682.0,0.05,0x39...261f,https://etherscan.io/tx/0xc87281414b91369f23cf6614f029fe63a05c7b08e9e69b04faf2dc920c6fac42
2023-03-26 23:53:23,True,3.658e-10,2.077e-13,40500029086.0,0.0841,0x10...7192,https://etherscan.io/tx/0xb8d02f6076daebc6f42092e6fcd9c829e391594f554fbcf5d0013ee1cb15b7e6
2023-03-26 23:47:35,True,3.639e-10,2.067e-13,336191515036.0,0.695,0x9f...513a,https://etherscan.io/tx/0xd0f1b9b580c604a076fdcd66d8f2a69c47c25d127f21620266ab4b326c16a547
2023-03-26 23:35:35,True,3.604e-10,2.047e-13,424858163821.0,0.87,0x5e...4e78,https://etherscan.io/tx/0x96dfd58f82d626f9820e1c1d8a02f191ad8b98fcdbaf6f9f0dd5c467bddfc2f9
2023-03-26 23:35:23,True,3.583e-10,2.036e-13,30395529295.0,0.0618,0xfe...c948,https://etherscan.io/tx/0xebf34cda82009fec7ce0ef85b193c24048ca09ca5e861ecc619b5fd729a05394
2023-03-26 23:34:47,False,3.58e-10,2.035e-13,468800308242.0,0.954,0xc9...957f,https://etherscan.io/tx/0x57e76be0eeed33042bc808fc4c657ead86371bc132b369f6ffd6669b79fe8f1b
2023-03-26 23:34:23,True,3.605e-10,2.049e-13,382096233575.0,0.783,0xf1...6aaa,https://etherscan.io/tx/0xf45be25cad5c1b76f564ccec26182b148e916849fb2ae5288a55589b52cfa326
2023-03-26 23:28:47,True,3.585e-10,2.038e-13,51510168979.0,0.105,0xd5...4de5,https://etherscan.io/tx/0x36da8d20e2e9e674cd60b855978168c77a9d0e01a4d185b782db28095027c9e1
2023-03-26 23:27:11,False,3.603e-10,2.05e-13,1000000000000.0,2.05034,0xb9...445e,https://etherscan.io/tx/0x7bf21bac5e40f25095489e52fc28f7ff0d7e0a90ff1a109f16eef00505def783
2023-03-26 23:20:47,False,3.668e-10,2.083e-13,283951345940.0,0.5915,0x8c...ceee,https://etherscan.io/tx/0xdb8f557586d1fdbd2d4a06da473573e08d763d8afe79a7506fd5f9e30026d4dc
2023-03-26 23:18:59,True,3.69e-10,2.095e-13,284649179017.0,0.5966,0x8a...4bcf,https://etherscan.io/tx/0x51f570a5b493ef3801ce5aa43d2dd7b80b4aeeec3f2f12f289ab7a6719e25a3d
2023-03-26 23:16:59,True,3.663e-10,2.08e-13,291512994219.0,0.6065,0x91...88b1,https://etherscan.io/tx/0x584436b99c384320aafa002ed1732185825d306a032a102c39b1e86ec338a9b1
2023-03-26 23:12:23,True,3.638e-10,2.068e-13,170000000000.0,0.3517,0xa2...8bc5,https://etherscan.io/tx/0xfbd917dda10a5b06d80330074faadc8e6096e69ef4090f0f5e629ed388f912b3
2023-03-26 23:08:47,True,3.631e-10,2.064e-13,5994269152.0,0.0123,0xfa...e4c9,https://etherscan.io/tx/0x094dc6c7ad5624737de14db04da7325d43a93d6efdaded7ee1e442d225f252f7
2023-03-26 22:45:23,False,3.61e-10,2.053e-13,62067725113.0,0.1274,0x79...f4be,https://etherscan.io/tx/0x13c1bc3e47c5c9240d66ddcaa596a926233f98b3eb3b7c125e78c647d054f93a
2023-03-26 22:39:47,True,3.609e-10,2.053e-13,553387492797.0,1.13614,0x73...da8f,https://etherscan.io/tx/0xced66b114098f615cfe37987c568b7a55f1bb6cac5051b9932bee050e9cb2e46
2023-03-26 22:38:59,False,3.583e-10,2.038e-13,460490434077.0,0.9386,0xb9...445e,https://etherscan.io/tx/0x6bf630a84e33207c053463598988f3080f68c42d5d36fe6eec6cb86d061084ad
2023-03-26 22:37:59,False,3.659e-10,2.081e-13,1197078048252.0,2.49129,0xc4...adfb,https://etherscan.io/tx/0x5300aeb755b858c799fc658733481187ec9c71d9c5b1267ae2efd6c42489d9d9
2023-03-26 22:33:59,True,3.741e-10,2.122e-13,96574191646.0,0.205,0x59...bcc5,https://etherscan.io/tx/0x7f3ca287db4a058f23a1d19b6aca07e0313ac6fd2a570dc1703fc49f29811dc3
2023-03-26 22:32:23,True,3.688e-10,2.088e-13,1197078048252.0,2.5,0xc4...adfb,https://etherscan.io/tx/0xd641c489456c02fa2878f37e7f24a0627515c3af4941194a7c840dd51e37b55a
2023-03-26 22:31:23,True,3.631e-10,2.056e-13,29970802021.0,0.0616,0xe9...08e4,https://etherscan.io/tx/0x8effb17d7d1c797b15bd7317da7770a5b55aea8a906131019d7d683dc26ba38c
2023-03-26 22:30:35,True,3.629e-10,2.054e-13,55489926520.0,0.1139,0x18...0902,https://etherscan.io/tx/0x2a44dbaf977fc28e52b194cbceefa65aa2a48d7979bfc0287933da65ad5593f4
2023-03-26 22:27:35,True,3.618e-10,2.047e-13,196369889630.0,0.4021,0xac...39c1,https://etherscan.io/tx/0x42bd4fb583365f0271c0565a3b5c4f1928c88b1e0e0f8a9e7d4e7942082aade8
2023-03-26 22:25:11,False,3.633e-10,2.056e-13,1000000000000.0,2.05617,0xeb...aa21,https://etherscan.io/tx/0x99154b2efcc761f57395502927f0bbf88b194d245a29565cbe21741db322e517
2023-03-26 22:24:35,False,3.693e-10,2.089e-13,300000000000.0,0.6269,0xeb...aa21,https://etherscan.io/tx/0xd078bff79107f5906616579345f6f20de9c37f6ecdcc363bf556445083a5cb31
2023-03-26 22:19:59,True,3.707e-10,2.096e-13,524702243184.0,1.1,0xfb...9658,https://etherscan.io/tx/0x5626c5d578a5d736e113273d76369f9f71ccdb3e7f38e482149d31c995e85be5
2023-03-26 22:14:23,False,3.659e-10,2.07e-13,10000000000.0,0.0207,0x23...cc12,https://etherscan.io/tx/0x32450b727ad7fd95d0f1cac40c658f6162aa29f37857102b6101d9c47120b531
2023-03-26 22:02:35,False,3.683e-10,2.085e-13,581250647162.0,1.21242,0xcb...6ceb,https://etherscan.io/tx/0x7ef633a8714650f02f8dc7dc182fb6ff37229444ee43979dc2a650e023f4ec93
2023-03-26 21:56:11,True,3.733e-10,2.113e-13,26500230576.0,0.056,0xc5...891f,https://etherscan.io/tx/0x23f0053fd1222e20f5cda50753356b0b09416a4b1121ac6d4aab3cff22207802
2023-03-26 21:54:23,True,3.722e-10,2.107e-13,189813962039.0,0.4,0x4f...be39,https://etherscan.io/tx/0x5c7181f2032fe68ef8ee943753607bb46dfce3e1c654fa4b1d30a6da0cff6f3b
2023-03-26 21:53:59,True,3.664e-10,2.074e-13,1062450346928.0,2.204,0x0c...5c5c,https://etherscan.io/tx/0x303f91245bfe89b573164cfa3231370ff343299cd7e72ed23c5a659945b55903
2023-03-26 21:47:11,True,3.61e-10,2.045e-13,58149826261.0,0.1189,0x18...0902,https://etherscan.io/tx/0x6d965a581d11d749b15d6ef7d822e3ccf7a4cdf31ae0f5631989be80d04fc465
2023-03-26 21:47:11,True,3.602e-10,2.04e-13,136011001342.0,0.2775,0x28...1597,https://etherscan.io/tx/0x01e5326e8a555c4faa81d0ea90e2992fad73beeab575accd315068ab8325e839
2023-03-26 21:40:23,True,3.595e-10,2.036e-13,25309058136.0,0.0515,0x3e...5a91,https://etherscan.io/tx/0x2aaf06ce3f6075f89ba0a833b23235a2cc03a550c7225c3c397814ccd839dd4a
2023-03-26 21:34:47,False,3.595e-10,2.036e-13,513050310075.0,1.04492,0x3a...8df8,https://etherscan.io/tx/0xe952a391096e7d6e3221f9ca8ea79628f7f02b4f7ec28eb96b45368966931f45
2023-03-26 21:31:47,False,3.648e-10,2.066e-13,652434991326.0,1.34825,0xd2...a405,https://etherscan.io/tx/0x018ec9ba46f7573309c8d6457cc41f354600def52bffac806de415baa2f477f3
2023-03-26 21:26:23,False,3.713e-10,2.101e-13,702823618685.0,1.47731,0x7d...2001,https://etherscan.io/tx/0x4fadcc4b9b39dbc3bdaa9884e359860fe1e686569fb4720c4d0d009e7ca12727
2023-03-26 21:11:47,False,3.752e-10,2.124e-13,156828347718.0,0.3332,0x00...0906,https://etherscan.io/tx/0x7592dbd271dde5ad8fae8422fc9971e9bf7f922e017d8dcab0829b6ea308ccae
2023-03-26 21:06:59,True,3.713e-10,2.103e-13,1442476984035.0,3.03389,0x5e...4e78,https://etherscan.io/tx/0x39677cc9d14689beb62b53763259527d8e9b34eec46ffd2b9539ac80ce822e74
2023-03-26 21:06:11,True,3.644e-10,2.063e-13,56181308683.0,0.1159,0xbc...ed1b,https://etherscan.io/tx/0xe79f36aac45b023f868115462a309883d4eb8630988de5ec79863b87d7f0c82c
2023-03-26 21:05:23,False,3.661e-10,2.073e-13,2109866713360.0,4.37422,0x4b...d649,https://etherscan.io/tx/0xdc8e8cda41cd033c7e514defe24316a4f631fba580e78a8d16d590a07a3f1583
2023-03-26 20:59:35,False,3.805e-10,2.155e-13,189594082225.0,0.4086,0x23...d0b2,https://etherscan.io/tx/0x907c59fff2ebfb99fe2cf76040a3a7958e7f6a5cba654ae4e1d8d2f744a78050
2023-03-26 20:59:23,True,3.736e-10,2.116e-13,2109866713360.0,4.4655,0x4b...d649,https://etherscan.io/tx/0x877a8318b7e6d44de9da226a7232db149959f0d5dff0b0fe087254bbd425404a
2023-03-26 20:58:23,False,3.625e-10,2.053e-13,197739466640.0,0.406,0xa6...4cb2,https://etherscan.io/tx/0x0b709664bfc3b4a83ab4fd8f180fa7500e8700fa4351d51345896d64988e7cc8
2023-03-26 20:57:35,True,3.648e-10,2.066e-13,169537984184.0,0.3503,0x23...d0b2,https://etherscan.io/tx/0x616f73d7f84e35605718b1d289d745e1dc125fabe4d4f5eb74998a9dc790c220
2023-03-26 20:57:23,False,3.672e-10,2.08e-13,1171070655830.0,2.43612,0xc4...adfb,https://etherscan.io/tx/0xa02a5e4b952b8f33ad005b72748bb35c0833e561599573cf05e7dbbd760ef4ff
2023-03-26 20:46:47,False,3.743e-10,2.121e-13,396693369369.0,0.8416,0xa6...4cb2,https://etherscan.io/tx/0x57f9b4a3acb39170e0222f69017ce0e370cfba90ebd1f4d98d46d630425f7072
2023-03-26 20:45:59,False,3.768e-10,2.134e-13,70282502827.0,0.15,0xca...0bbf,https://etherscan.io/tx/0xfc336740c6c4113f1ba198bd02294cc7178d6bf0221b870fc4b9673f868e76c8
2023-03-26 20:26:59,True,3.787e-10,2.142e-13,233357378648.0,0.5,0x29...3572,https://etherscan.io/tx/0xe4e145712b5b22b8fa14c843ff8f367fbabbcc3475ea48b1f5c9f6afdfc5f03a
2023-03-26 20:24:11,False,3.777e-10,2.137e-13,500000000000.0,1.06853,0x1e...1c15,https://etherscan.io/tx/0x591de1b65a466763a66ef8ed76812c57fd17e848dc4215f8996600f6780e7faa
2023-03-26 20:16:11,True,3.817e-10,2.158e-13,815543739157.0,1.76036,0xd2...a405,https://etherscan.io/tx/0xde2e4d5872d29b928387a3c223d53010c944c4e39f4c8a272ce4b3a571dc538d
2023-03-26 20:08:59,False,3.735e-10,2.114e-13,311439139300.0,0.6586,0x42...d7b3,https://etherscan.io/tx/0xa0aed6d025783bed91d88c2a7a3c2842311a6a7839c2985a81354bd1608b7194
2023-03-26 20:04:47,False,3.766e-10,2.132e-13,340386282950.0,0.7258,0x64...550b,https://etherscan.io/tx/0x0d499faeed8fb831abe6fba950993e371a8eb7a6905dde3635ae06f2ff1f9539
2023-03-26 20:04:11,False,3.791e-10,2.146e-13,173806536084.0,0.373,0x76...7d5e,https://etherscan.io/tx/0x19f0229fe3688de7ee919972baf577cb84363e9a4bf5485b8e0edd9b277cb307
2023-03-26 20:03:59,True,3.766e-10,2.131e-13,1171070655830.0,2.49672,0xc4...adfb,https://etherscan.io/tx/0xf4f415736642e5f97047fcbc344143f36aee6c38e919f7ec3e82479fdd20b5ef
2023-03-26 20:01:23,False,3.712e-10,2.101e-13,500000000000.0,1.0506,0x1e...1c15,https://etherscan.io/tx/0x5cd952bae65ede4b5c0d01d9adb87b2486a7247a0d5e210998b954470624dd40
2023-03-26 20:00:35,True,3.758e-10,2.127e-13,5262906224.0,0.0111,0x99...affb,https://etherscan.io/tx/0xf42be7b5e1c526a4e81175b51314c5156de5d12d92362bafe30cc556cc3f8dda
2023-03-26 19:53:59,True,3.745e-10,2.12e-13,246968489420.0,0.5236,0x3a...8df8,https://etherscan.io/tx/0x4d2c07b469242e0e759add699c90d8829b642b44ac1e33f195e03b457c3b6c47
2023-03-26 19:53:35,False,3.719e-10,2.105e-13,159399465242.0,0.3355,0xc2...1ae0,https://etherscan.io/tx/0x5cdaee4adb9e79f992dc109161494f36f7795b30815fed887d2cb88f39394259
2023-03-26 19:51:59,False,3.726e-10,2.109e-13,18966617234.0,0.04,0xc5...711f,https://etherscan.io/tx/0xf5fb2a076039150dffa05f45350c9a34a04359dbf519816f407f987ef594bb7d
2023-03-26 19:43:47,True,3.759e-10,2.127e-13,827106663738.0,1.76,0x7a...ad2d,https://etherscan.io/tx/0x4a1a4290c990e2ae47ea5296713d929fc596afc386d49f770786289159d2d2c7
2023-03-26 19:39:35,False,3.658e-10,2.07e-13,152331875955.0,0.3154,0x76...7d5e,https://etherscan.io/tx/0xe7e6b4127b9dece07583f9b63fb53ec414b0e0489615efca48962c5625c48820
2023-03-26 19:39:35,True,3.643e-10,2.062e-13,1370401455183.0,2.82614,0xaf...db21,https://etherscan.io/tx/0x643c6638c7058a7f83491bfc11051d7155dbf05975eab431f5f1538a6e5b8bb7
2023-03-26 19:37:47,True,3.561e-10,2.015e-13,44643081204.0,0.09,0x65...4a1d,https://etherscan.io/tx/0x3610eab64c2c8a96a8cb409985cf274f1c036f735e137771c5f513817938e776
2023-03-26 19:34:23,False,3.598e-10,2.038e-13,1648000000000.0,3.35946,0x83...93a8,https://etherscan.io/tx/0xea6f6b12a0e908e7bdc04d19c6f65ec22d50930323eaaaf14b7d049dae21fc5d
2023-03-26 19:31:35,False,3.689e-10,2.093e-13,260342119780.0,0.545,0x41...fef6,https://etherscan.io/tx/0x54f7f23868d098e6c0d3f02108c004b7760f6391c710f1853cc9ec7e179017b5
2023-03-26 19:30:11,False,3.722e-10,2.111e-13,427000000000.0,0.9017,0x1e...1c15,https://etherscan.io/tx/0xba3e4e30f22c8d80146cc26004ff12203096d5e307b327eccea6227a4d49e80a
2023-03-26 19:26:47,True,3.758e-10,2.131e-13,181977946017.0,0.3878,0x23...d0b2,https://etherscan.io/tx/0xf8d1560b13c40bdb1000f5f6b3582ae630319b0d19755aa79ffa352c1b88322a
2023-03-26 19:26:35,False,3.783e-10,2.145e-13,1166295435029.0,2.50177,0xc4...adfb,https://etherscan.io/tx/0xea96c71536270744d5ccfdc9ae8550ea645964b1db3237bcb6c8906502998c07
2023-03-26 19:20:23,False,3.868e-10,2.195e-13,663243823281.0,1.45639,0x97...b2dc,https://etherscan.io/tx/0xc19e0e05b712090c7db4214ef92e930fcc238624ff111670697f2bf0ec1e614f
2023-03-26 19:13:11,True,3.919e-10,2.225e-13,74903043759.0,0.1667,0xb2...303b,https://etherscan.io/tx/0xb4b4b0087130dfd92980369d3871f8a3d90788a15abafbcacbd35936a97e7d95
2023-03-26 19:11:23,True,3.906e-10,2.219e-13,134559433303.0,0.2987,0xaf...8195,https://etherscan.io/tx/0xba55e2f4215b484326fb20c37d3fb443f7c68a68578afc0d03c30a1dac370622
2023-03-26 19:10:11,True,3.887e-10,2.209e-13,221929823126.0,0.4903,0x23...d0b2,https://etherscan.io/tx/0x1094b96498a714d0d8b0024dcebd35f5f9edd6aad8c0e45b3d0a0fb81047f2c2
2023-03-26 19:08:47,True,3.858e-10,2.192e-13,369480682626.0,0.8102,0x3f...7810,https://etherscan.io/tx/0xcc2b73ba638bd5f6ec96b08650dbf19738d7986e0ada222488a0176d302c1a31
2023-03-26 19:03:35,False,3.814e-10,2.171e-13,70921423034.0,0.1539,0x96...2d3c,https://etherscan.io/tx/0xc8f4ab305be1cf1e55a34efa636a8898edf6f004e5c6e5fb6ab58c8e75e924cb
2023-03-26 18:59:23,True,3.832e-10,2.178e-13,296397596262.0,0.6455,0x75...2c3a,https://etherscan.io/tx/0xbc1db3f2bb1a50bb27221be742ebe1fbf7d904c59a1f180f04c697bf73bd6742
2023-03-26 18:53:47,False,3.814e-10,2.165e-13,298296629763.0,0.6458,0x3c...781a,https://etherscan.io/tx/0x36582164948d8c4f56e5b090ac6ca152050c87704ef9b7d2e442a9f34942edb5
2023-03-26 18:52:35,False,3.835e-10,2.177e-13,137675737224.0,0.2997,0xac...681d,https://etherscan.io/tx/0xa1c6836655e9307eeb27c01d207898a6501ac3cd67bbdbd81f85978bf9b3ae6e
2023-03-26 18:51:11,False,3.845e-10,2.181e-13,32901488921.0,0.0717,0xb2...2689,https://etherscan.io/tx/0x84c23384b6c8f4f35a846c7d6f56cd04f710743dad13b34d072aa3afb84d0cc4
2023-03-26 18:49:59,True,3.85e-10,2.184e-13,408640684219.0,0.8926,0x34...19b2,https://etherscan.io/tx/0xbdb6bffb193b990e1efe239cf0694538778929dad9f62da7cc104b2457fc2f32
2023-03-26 18:49:23,False,3.831e-10,2.173e-13,500000000000.0,1.08699,0xab...ddfb,https://etherscan.io/tx/0x52e7ca903dc9a63fe9844ad46144e735599bc818993c2de7832d976528087e44
2023-03-26 18:47:35,True,3.875e-10,2.197e-13,113745071941.0,0.25,0x7d...bc37,https://etherscan.io/tx/0xf757d0317d8269c12550603e27bd9054910be123e092bccd20fc1d22bff4f142
2023-03-26 18:46:59,True,3.844e-10,2.18e-13,491093065051.0,1.071,0x7d...2001,https://etherscan.io/tx/0x63df3d7d9e965e4280420916c043e91601ff387e21c0500e9171fb9b76773504
2023-03-26 18:46:23,False,3.805e-10,2.158e-13,153675115670.0,0.3316,0x4d...f765,https://etherscan.io/tx/0xe32b2c76baa1f69de881f49734cc0398a6d92f8715d513057528ada0864402e7
2023-03-26 18:46:11,True,3.778e-10,2.143e-13,1166295435029.0,2.5,0xc4...adfb,https://etherscan.io/tx/0xa5cf0c43e8a70ef432e6bb76f95d05f12d09dcc1b740ea9095d73c5afe58e224
2023-03-26 18:45:35,True,3.709e-10,2.104e-13,285121651171.0,0.6,0x9e...b014,https://etherscan.io/tx/0x25c16822249d47b05f3cb97231f1220241cac4a8d1db127e608073a8a791e5e1
2023-03-26 18:44:11,True,3.69e-10,2.093e-13,139130818751.0,0.2912,0xa4...d883,https://etherscan.io/tx/0x52a233c8885b0585779539dd5931d266a9411d636efffc4cb4bc315460e6c7d4
2023-03-26 18:42:35,True,3.673e-10,2.083e-13,1197307461460.0,2.495,0x51...29c5,https://etherscan.io/tx/0x49e85f1c7486eac0c9acd909342347ae4b0a663a99630568b2cb32994f338d0e
2023-03-26 18:42:23,False,3.665e-10,2.079e-13,2468403776874.0,5.13235,0x98...6561,https://etherscan.io/tx/0x36d28aaf804fb6eb6089005b0d56a4d484b50a079fdc65e265ef162f855ed6c1
2023-03-26 18:41:47,False,3.779e-10,2.144e-13,4656628395.0,0.0099,0xab...ddfb,https://etherscan.io/tx/0x60c7f923fd7768b33519ef2bbd324007a2333354b4988fa7439817cca901b8af
2023-03-26 18:40:11,False,3.823e-10,2.169e-13,894102277920.0,1.93981,0xdb...b51b,https://etherscan.io/tx/0x1dcd8ceb6433beb1ffb4b8c7f6de992573cb2aaee16fa90755bf646492ff1b3d
2023-03-26 18:37:35,False,3.96e-10,2.246e-13,1891553688714.0,4.25,0x98...6561,https://etherscan.io/tx/0xac6b397b731209eec143d1a502d579aa2c71e221cc661abfb87c054baee3379b
2023-03-26 18:31:11,False,4.064e-10,2.305e-13,5906556882.0,0.0136,0x6c...2066,https://etherscan.io/tx/0x4ec5a18bf4da41a507af68b5077820f532fbd1f92a84eb62a579f76bce7fe2ee
2023-03-26 18:13:47,True,4.076e-10,2.309e-13,350780285461.0,0.81,0x08...9975,https://etherscan.io/tx/0x203f85da28ed4492edfaf2755e9b4ea23bb9c68324c78e4393b337c480268925
2023-03-26 18:10:11,True,4.054e-10,2.296e-13,52235037801.0,0.1199,0xa5...f7a1,https://etherscan.io/tx/0x6f5698f7cb26378d8481e297f74aa17342f154492bdece1eafb9d4f0072b510f
2023-03-26 18:08:47,True,4.04e-10,2.29e-13,171427107688.0,0.3925,0xa5...f7a1,https://etherscan.io/tx/0xb18be35aa0b7d2936861b81ecbb00f43e8a5c8aea4439406a83d8a240a0a1d55
2023-03-26 18:07:23,True,4.031e-10,2.284e-13,2454566389.0,0.0056,0xa5...f7a1,https://etherscan.io/tx/0xcf1e27ff7d8cb06ee6796676e42fce41a7eef4529a4347175b3fa76827a69b96
2023-03-26 17:54:59,False,4.012e-10,2.278e-13,230000000000.0,0.5239,0xab...ddfb,https://etherscan.io/tx/0xcdce7a04818dd496f12f087ef9bb2f74d5cc54e536eeb8365672f097827a0c6d
2023-03-26 17:53:59,False,4.083e-10,2.317e-13,1075783978038.0,2.49339,0x36...597d,https://etherscan.io/tx/0x9b7e2189ff23f3a08a63ba4a553cced42b6c2b231708dd946c808fe837f5365e
2023-03-26 17:52:35,False,4.149e-10,2.355e-13,157670397166.0,0.3714,0x45...6248,https://etherscan.io/tx/0xc843b7a6682b93020a0e3f79be79f5b8566f7de2ca9c3a777111f60094c49fa3
2023-03-26 17:51:35,True,4.175e-10,2.371e-13,119211891770.0,0.2826,0x26...a73e,https://etherscan.io/tx/0x9d8389ae391e21375e5d213d9ef8bb6dbac1c8c9ad3301b973060c6fb56ebfe1
2023-03-26 17:40:47,False,4.156e-10,2.356e-13,100000000000.0,0.2356,0x6e...e190,https://etherscan.io/tx/0x6ac373b36f93e7dbee7950c52f18d1f21faf53b29b1b4eed4df09fc67e20c3d9
2023-03-26 17:22:59,True,4.188e-10,2.371e-13,80396779634.0,0.1906,0x52...40a9,https://etherscan.io/tx/0xd7e9ef1833dce51e82f461241a8fc584fee96004467e75c5fcc317ad5e1646fe
2023-03-26 17:21:23,True,4.181e-10,2.367e-13,41869994577.0,0.0991,0xa4...5994,https://etherscan.io/tx/0xfe1fcb983b1fafd4834d158e2ffaa90a1f94b93a8053675d092b02df397b4aab
2023-03-26 17:06:11,True,4.168e-10,2.364e-13,49358555565.0,0.1167,0x28...a196,https://etherscan.io/tx/0x0d17320b3498643e8dd72fa832d3a94564ac5bf578e90b8007c494769239ec37
2023-03-26 16:50:35,True,4.178e-10,2.357e-13,169661444072.0,0.4,0xcf...168a,https://etherscan.io/tx/0xa886e2c71f061ced4ff422c40b8d59bdf0caf4c7010eb4518ad547639c4d241a
2023-03-26 16:47:11,False,4.153e-10,2.345e-13,246748838415.0,0.5788,0x3a...8df8,https://etherscan.io/tx/0xbc930d5bb7ab90f8c7879cfcefa35142554b3658eef2a9f3d02259b6cd0e9142
2023-03-26 16:44:11,False,4.164e-10,2.354e-13,35000000000.0,0.0824,0xc7...3fe3,https://etherscan.io/tx/0x94bad42856f6a341a089fd846c2e2f45cefa26129823e3bdb94c4d328ade716c
2023-03-26 16:43:47,False,4.168e-10,2.356e-13,33942605231.0,0.08,0x66...5ff3,https://etherscan.io/tx/0xf727247971ae9ae283022028c55c83280276f1c589fe26377a62448cb8b43406
2023-03-26 16:24:11,False,4.209e-10,2.36e-13,68400000000.0,0.1614,0x92...1733,https://etherscan.io/tx/0xaecdd6fd619b3601f077046f3de9b21dcc0a3b8f6ff6662d57d6d13f52199113
2023-03-26 16:21:35,False,4.216e-10,2.363e-13,43905705810.0,0.1037,0x9f...dece,https://etherscan.io/tx/0x0473510edd93190bfdf2f4a4b4fa9da645a3d92ba2d844f4d48a674a4103b40f
2023-03-26 16:10:59,False,4.235e-10,2.366e-13,32969454096.0,0.078,0x66...5ff3,https://etherscan.io/tx/0x904bdee089e23a17179ccffad407c17ab308bfab8537875bc4b20c45bcec1444
2023-03-26 15:52:35,False,4.254e-10,2.375e-13,271769082826.0,0.6456,0x1e...8bea,https://etherscan.io/tx/0xc8fd3138c279418b3ed46ac0d7036584a211b2cf8631b188ae7c070bf41fbfa0
2023-03-26 15:52:23,True,4.288e-10,2.395e-13,116475252101.0,0.2789,0x08...c75e,https://etherscan.io/tx/0xda7e13dab95648fdbcf65bcc278a6a9cd9199524e4daf7dbc36a297b246038de
2023-03-26 15:50:23,False,4.26e-10,2.378e-13,47462044650.0,0.1128,0xdc...bca0,https://etherscan.io/tx/0xae9aa65f3616702d1135512a6d8fa666323aaa2ec852f1bd1de7f78a5f9040e7
2023-03-26 15:49:59,True,4.281e-10,2.39e-13,133018264090.0,0.3179,0xc9...27b6,https://etherscan.io/tx/0x2c5c0d67d40a49924cc569bee5b4ad021831481342a998ced6fe2e6329bcd669
2023-03-26 14:59:11,True,4.255e-10,2.398e-13,417012817511.0,1.0,0x72...b1ba,https://etherscan.io/tx/0x5dbfb9d3634b56adf58615cdc96c9df8a6d353cd3adc93e95488ecabd1997475
2023-03-26 14:22:59,True,4.173e-10,2.352e-13,223226735491.0,0.525,0xe0...e76b,https://etherscan.io/tx/0x49886cfb3e77f46fe1a3b3e8261755cd2ace4f113963ca62255fb13460c9893b
2023-03-26 13:21:11,True,4.143e-10,2.337e-13,240235424792.0,0.5616,0x41...fef6,https://etherscan.io/tx/0xa6bac69d8f1538a629d5ec32460f39f14a8650fd9783b03b02babd462962c9a2
2023-03-26 13:14:59,True,4.112e-10,2.321e-13,280448814768.0,0.651,0x41...fef6,https://etherscan.io/tx/0xaaa64fc5e184a0a7ea782040449ff33bcfd195280776b17d130f42999b778284
2023-03-26 12:58:59,True,4.095e-10,2.312e-13,10810060814.0,0.025,0x78...d710,https://etherscan.io/tx/0xf955fc73c8f29ae683efe32355d05257e453176bb440e405c38403b5275a2af3
2023-03-26 12:46:35,True,4.091e-10,2.311e-13,10826646257.0,0.025,0x96...2d3c,https://etherscan.io/tx/0x449daad9f336a708b041ace33501019ce7962371279b98833ca11c7de8f89a61
2023-03-26 12:10:59,False,4.09e-10,2.305e-13,259584114713.0,0.5985,0x9e...b014,https://etherscan.io/tx/0xad8f4f529acc7042a109f2530174ed5ef81fd0623b01ada59dc1f6cce42eb4a9
2023-03-26 12:02:23,False,4.114e-10,2.319e-13,181247261228.0,0.4203,0xe6...07c2,https://etherscan.io/tx/0x8b28774ffb48976df86c619ea0a74a3c5adaf7dfe2788b5ac9a87a4bacc12346
2023-03-26 11:58:11,False,4.137e-10,2.332e-13,260000000000.0,0.6065,0xf2...07fc,https://etherscan.io/tx/0xf43692f200860c6d2ca53a8805f6029b9c5ead2604fde4f9d3e372d0639ee5d1
2023-03-26 11:51:23,True,4.174e-10,2.353e-13,37894896973.0,0.0892,0xaa...bebd,https://etherscan.io/tx/0x4bb4100928ca3421d50439269124ffd4a6c9bcf08618cda224730b97cce2bfb0
2023-03-26 11:48:35,False,4.153e-10,2.341e-13,109025000000.0,0.2553,0x6b...7dea,https://etherscan.io/tx/0x9d3f4ef76874b93947f22ec73491f4a75a11c1df161e98fd14607c15646ac277
2023-03-26 11:43:35,False,4.17e-10,2.35e-13,166505911295.0,0.3913,0x5d...7af5,https://etherscan.io/tx/0xa2de167d6e3d9ed77a9ae87083cfb6158c270f224985ad76fbbcffb106ee48bb
2023-03-26 11:36:59,True,4.2e-10,2.369e-13,18793089457.0,0.0445,0xe1...325c,https://etherscan.io/tx/0xbbd6b15cc298843c70e4bcd00a43bf97e72ea47a2f5c175ebffe1ddbc3f930b9
2023-03-26 11:29:35,False,4.209e-10,2.368e-13,438474726396.0,1.03853,0x14...98f0,https://etherscan.io/tx/0x07bc71e18cac3d759ae597e444001a76f4c985bd08862bfe879a20069f19e538
2023-03-26 10:45:47,True,4.246e-10,2.388e-13,259584114713.0,0.62,0x9e...b014,https://etherscan.io/tx/0x64c736cd09d30875857f9c185aa8d0740c7aa10e3ff4fd87e1d6bdc4616ca33b
2023-03-26 10:40:11,True,4.211e-10,2.379e-13,33233827193.0,0.079,0xb2...2689,https://etherscan.io/tx/0x598cb18f5f66f8cdc65bf64b414b55d1e513d9c2ca9bcbd99032e81f9e596352
2023-03-26 10:35:11,True,4.162e-10,2.377e-13,22878411120.0,0.0543,0x1b...1b30,https://etherscan.io/tx/0x4205f9ef0bffa35d7798aacd24218ed360d7431512a65ac5f04c75264433c126
2023-03-26 10:30:35,False,4.142e-10,2.363e-13,50000000000.0,0.1181,0x8a...4bcf,https://etherscan.io/tx/0x0597309e7d25b2750498c0b4e6dcbe38f2773f1bdc9413daa3acfcae28e080a2
2023-03-26 10:25:47,False,4.155e-10,2.371e-13,188451072575.0,0.4469,0x35...1888,https://etherscan.io/tx/0x3bfed4c2ac5e4dc56338f84f6999421da7ac9e15253fdd22e5e542df732cd1eb
2023-03-26 10:09:35,True,4.187e-10,2.391e-13,23463286976.0,0.0561,0xcb...6bb9,https://etherscan.io/tx/0x06e215647a0b939ba7ebf63848e2bf6c905b2a5e6e9c42d3c3259a7e094963d3
2023-03-26 09:50:47,True,4.159e-10,2.373e-13,520035000000.0,1.23437,0xfa...c485,https://etherscan.io/tx/0x23743f6162b9399b598bea4fa4d5d58f77457df410da98a9c34b1ae74c9deef5
2023-03-26 09:49:59,True,4.127e-10,2.355e-13,43794962235.0,0.1031,0x66...5ff3,https://etherscan.io/tx/0x14bb9457403b58125a9c2c579d4d442627823f4918b7ff4e8d9abe04648ad2ff
2023-03-26 09:44:11,True,4.124e-10,2.354e-13,1698989831.0,0.004,0x0b...3331,https://etherscan.io/tx/0x3e20c32a6ddb6c6555659772a1a5f591c92e20796b8640ab31c9a202687aeb75
2023-03-26 09:43:35,False,4.106e-10,2.342e-13,73441146866.0,0.172,0x1c...b6a3,https://etherscan.io/tx/0xfaaaa9ca23760785953f0c60fcb7ce6387c95cf95568221ef35a3ffa2db1bbf9
2023-03-26 09:39:35,False,4.119e-10,2.35e-13,170204966353.0,0.4,0x35...1888,https://etherscan.io/tx/0xf199ad9990d8a2bbfcd56b18141ee3cf8a9889f8ae8362f0a440fe93e9ee6fbd
2023-03-26 09:34:23,False,4.129e-10,2.355e-13,2600000000.0,0.0061,0x0b...3331,https://etherscan.io/tx/0x65d2e8cb151c6b028a1a4c2463df7e0660ab13bc63637a770c0fbd41b04998d3
2023-03-26 09:31:23,True,4.145e-10,2.363e-13,196768170228.0,0.465,0x35...1888,https://etherscan.io/tx/0x0e51b6817c2976ce4de264d70d72a80e0ac949d22f8c87e89b21f8d2b99360b5
2023-03-26 09:29:11,True,4.076e-10,2.323e-13,1075783978038.0,2.5,0x36...597d,https://etherscan.io/tx/0xb7f2be597ce052f2bf489e93282e968a24614d3ff68896d72cd1871e4697c5d6
2023-03-26 09:25:23,True,4.009e-10,2.287e-13,131174430323.0,0.3,0x88...8888,https://etherscan.io/tx/0x45daae1f6ab2f24036b958fe4f4e175350a099c6b9be3ab3b7663d8df9d0b69c
2023-03-26 09:25:23,False,4.067e-10,2.32e-13,2684374996353.0,6.22823,0x99...af42,https://etherscan.io/tx/0xaacdfc2c557db6d2e719a62cd2ec50e757d98e12256631c3eb7189820de59b4a
2023-03-26 09:21:23,True,4.258e-10,2.43e-13,19750799286.0,0.048,0x59...6a81,https://etherscan.io/tx/0x9199a6293c564101aa3c879f8a17d3b0e62822ede063fe9c195a337aa2dddb17
2023-03-26 09:14:11,False,4.248e-10,2.423e-13,259255720018.0,0.6283,0x44...f78d,https://etherscan.io/tx/0x202b9da7dd4fc4239efa1c0143ab6d1d31a2f70aab00d00dc5c51c0f807d5af3
2023-03-26 09:05:47,False,4.271e-10,2.438e-13,200000000000.0,0.4877,0x74...fd82,https://etherscan.io/tx/0xbf1e18278c134a1672eb4f89360051e6dc7e63fae34787d123850bb251535f3d
2023-03-26 09:04:11,False,4.324e-10,2.469e-13,714170000000.0,1.76359,0xda...265d,https://etherscan.io/tx/0xce7ad44481698a6f1b68436925cecd4ac8bf5ca668fbe87ba132ec0c74d69197
2023-03-26 08:53:59,True,4.392e-10,2.508e-13,16000000000.0,0.0401,0x7e...72c1,https://etherscan.io/tx/0x0018304273dde207a40d8c11ebf80cf921f3887b5cde3119093e67b67ca0e1e1
2023-03-26 08:31:23,True,4.391e-10,2.506e-13,29660008262.0,0.0743,0xe7...9ae8,https://etherscan.io/tx/0xc63287cf7b4dc23a7d9c90a777d0454329010e04bf820df90c01a2c008c20526
2023-03-26 08:28:47,True,4.385e-10,2.503e-13,69623022248.0,0.1742,0x34...997e,https://etherscan.io/tx/0x98ebf22048ea12df56db32aedcbe26f5a545d77a87bb7aee793ca890d71f9a3c
2023-03-26 08:24:47,False,4.375e-10,2.496e-13,319727345214.0,0.7982,0x41...fef6,https://etherscan.io/tx/0xbed53b846e116c215abd404cbd6994cfe0b3e17deb4de29ead7970c926c90511
2023-03-26 08:05:23,False,4.411e-10,2.516e-13,246731069899.0,0.6208,0x9e...b014,https://etherscan.io/tx/0x080f0fbbf8ff9609edf554995c3221668829c177483788f7093ae9cd173854f6
2023-03-26 07:52:23,False,4.441e-10,2.534e-13,288040758278.0,0.7301,0x78...61f3,https://etherscan.io/tx/0x53c7b1638a9444318da233bd244cdff1c5b0a090991e5f36f99dfe6e8e743fca
2023-03-26 07:30:59,True,4.472e-10,2.56e-13,11900181300.0,0.0304,0xdc...ebe1,https://etherscan.io/tx/0x41bc43eb1d3131fd859358363db8b55650cb00db0f31bb30e7c025ea79325023
2023-03-26 06:57:47,False,4.475e-10,2.561e-13,490511000000.0,1.25655,0xfa...c485,https://etherscan.io/tx/0xcd406b40ccc0aadafdde57d1b9eba34db860babd23fdd45c826c9d2440f9593a
2023-03-26 06:53:11,False,4.507e-10,2.579e-13,16364874159.0,0.0422,0xfc...1205,https://etherscan.io/tx/0x8df71edc69f3d297224fc4ac9a26e41a9d019c3861d9d55012d0e0fac12c9cf1
2023-03-26 06:44:47,False,4.525e-10,2.589e-13,241362080156.0,0.6249,0xdb...ef59,https://etherscan.io/tx/0x2a780484f573c49862e1542cb0a65ba25c5a379911fde312ef21c51ef4f960a1
2023-03-26 06:42:59,False,4.545e-10,2.6e-13,76870781670.0,0.1999,0x81...4df3,https://etherscan.io/tx/0xab0a9153741a17f8d47a0ddb83b8bf8ef5dc028e12218d11860da4c47fb08e8e
2023-03-26 06:18:35,False,4.554e-10,2.604e-13,22055543908.0,0.0574,0x66...5ff3,https://etherscan.io/tx/0x1f281bd69da3b7bc68274972089ea57b65563850a756475f31a64187b9eec7ea
2023-03-26 06:07:47,True,4.554e-10,2.604e-13,438474726396.0,1.14212,0x14...98f0,https://etherscan.io/tx/0x05a9fd5e32284ebc3da5fcdc6ba479f246307988c6f93093c207ab3a8b289663
2023-03-26 06:01:35,False,4.505e-10,2.575e-13,72589470288.0,0.1869,0x36...12fd,https://etherscan.io/tx/0x6ff40552eb9d83cc89b449c68b17a007fef410799f7ad4d5ce92b2c4ad8a03e0
2023-03-26 06:00:11,True,4.526e-10,2.588e-13,159399465242.0,0.4125,0xc2...1ae0,https://etherscan.io/tx/0xa8a8af4674f1383b075eeb8baf8d0c407c3581c107fac050f802b481c32b962b
2023-03-26 05:45:11,True,4.513e-10,2.579e-13,77528828883.0,0.2,0xe6...3a86,https://etherscan.io/tx/0x4d3e3b13300d6aacebc9bb8866b23c32701d6f8c1151975aad6e186ae2f1a400
2023-03-26 05:43:59,False,4.485e-10,2.563e-13,49965573780.0,0.128,0x8b...0208,https://etherscan.io/tx/0x0df4018cb1069d9682254c21b7a89b66e79aa2c42fb7cbce6300aeb48c20793a
2023-03-26 05:17:35,False,4.497e-10,2.565e-13,11111111111.0,0.0285,0xa4...5994,https://etherscan.io/tx/0xe7a215a6b0b90bfba81aea097140dd1777daaa88e96b6387580417d1d19fd2a0
2023-03-26 05:12:23,True,4.508e-10,2.573e-13,215697723503.0,0.5551,0xe6...c297,https://etherscan.io/tx/0x7d42a34d7dcde7ae1b6453e49d79c2ef9f40126074405a550ccc3e60f5b67856
2023-03-26 05:01:35,False,4.476e-10,2.553e-13,95435927100.0,0.2437,0xcb...6bb9,https://etherscan.io/tx/0x64caf33dab68bfd735e52920c4a7f87ded9d3064dc1089d7f355bae0eb529fdf
2023-03-26 04:55:35,False,4.484e-10,2.559e-13,78125653977.0,0.2,0xf7...8444,https://etherscan.io/tx/0x6e473d156b2831918c08fab57ba0b74be8f74672ac0ae073fc92fd798b319236
2023-03-26 04:53:47,False,4.491e-10,2.563e-13,28000000000.0,0.0717,0x3a...8df8,https://etherscan.io/tx/0x4ea3f9846f286ea61a5d1f82fa0572c87c303c88ff042e12edf6f5204dd2ff76
2023-03-26 04:39:11,False,4.496e-10,2.565e-13,12900000000.0,0.033,0x79...f4be,https://etherscan.io/tx/0x93ca8e2abc5ef1df098a6c2ea0630bad4d0969d2cc729c69831cd32b79fbf429
2023-03-26 04:34:47,True,4.508e-10,2.573e-13,221807493415.0,0.5707,0x41...fef6,https://etherscan.io/tx/0xe3d0f52a8331bc8b16cc1fa917b2aa5b18b2b191b65413275f56dc6dd74d8f43
2023-03-26 04:23:59,False,4.479e-10,2.557e-13,204804603913.0,0.5237,0x6b...f9dc,https://etherscan.io/tx/0x25bbe862cfd656076c5b26525ea6b93a831b8abf2131af9118e17b166497df99
2023-03-26 04:20:11,True,4.519e-10,2.579e-13,3864731256.0,0.0099,0x53...bbfc,https://etherscan.io/tx/0x6216cc3da62db0c42607877b5dc4fc1350658ed5ac327fde6bc981abe424e57f
2023-03-26 04:19:11,True,4.516e-10,2.578e-13,43023961157.0,0.1109,0x66...5ff3,https://etherscan.io/tx/0xf032555301e8587949e6fa413f432a1412b24c7c3768e2c4484f531ff90e5ed6
2023-03-26 04:16:23,False,4.486e-10,2.562e-13,30000000000.0,0.0768,0x6e...5c58,https://etherscan.io/tx/0x70dc6861e06536954bbf9ac8babf632be50faff499932f2bc06cfe477e7f8e11
2023-03-26 04:13:59,True,4.515e-10,2.578e-13,1933231204.0,0.0049,0x53...bbfc,https://etherscan.io/tx/0x0d41c61d7a999f38600e0bfce01b2c7b356a7f288bfd37778b802e8ddfc137e4
2023-03-26 04:09:11,True,4.51e-10,2.574e-13,103264093723.0,0.2658,0x41...fef6,https://etherscan.io/tx/0x16825f33683d52bdd83848c8096e9a32fd9a1d6f70249dcfdec81dc89f31a3ca
2023-03-26 04:04:59,True,4.493e-10,2.565e-13,166816636268.0,0.4279,0x41...fef6,https://etherscan.io/tx/0xa906a98a6f96b63d602b4bd3170f4e55e8937b483dc58fbcc30049b994cf652c
2023-03-26 04:00:59,True,4.474e-10,2.555e-13,111302812203.0,0.2844,0x25...3089,https://etherscan.io/tx/0x5568d9331dd97aadf5746fe683099eaf49fcf808e39921d56879104ab742b592
2023-03-26 04:00:47,False,4.45e-10,2.541e-13,160019210160.0,0.4067,0xb3...550f,https://etherscan.io/tx/0xcbbc666c90e85997cc88633d7fa120cfb727901b276cf9df727cbaa19fbdc86e
2023-03-26 03:55:59,True,4.486e-10,2.562e-13,1931690372.0,0.0049,0xbe...fb18,https://etherscan.io/tx/0xb13ac3eb10cf9dfd5645dddaa35daea30bb3f88234ed4269f0b116e84b3b6984
2023-03-26 03:50:47,True,4.483e-10,2.56e-13,44906900004.0,0.115,0xfb...6bfd,https://etherscan.io/tx/0xa5da82e7f540ab38a60e981619411e904bc1e6c91e7dff438584fe42343219e9
2023-03-26 03:42:35,True,4.485e-10,2.556e-13,66725967787.0,0.1706,0x25...3089,https://etherscan.io/tx/0x9a75178a05ef56130242863333f3d4e84912da7e2f2b0e0dba3241f6939c6d38
2023-03-26 03:40:35,False,4.513e-10,2.576e-13,1039260007623.0,2.67755,0x5e...4e78,https://etherscan.io/tx/0x77d0964fc9d0e475d544359ee6386908ba6886a631f807997ef3292538b22c45
2023-03-26 03:39:47,False,4.579e-10,2.615e-13,33133240223.0,0.0866,0x7e...d1e7,https://etherscan.io/tx/0x50fb6e7537d28f85d3dc402114e113676d8b5e88a5c5d0697797be704ecbf1fa
2023-03-26 03:38:59,False,4.608e-10,2.631e-13,403055144793.0,1.06062,0xa4...d883,https://etherscan.io/tx/0xb7e2ab0a5cfad3225639cecb7f03fa58e65569629eb00cfccc45acb58ea1fcb5
2023-03-26 03:34:47,True,4.64e-10,2.648e-13,377619033752.0,1.0,0x23...e900,https://etherscan.io/tx/0x5dd57c615e4dd76f13ead8d1cc787770015acf4d383f509029384e281392dcc8
2023-03-26 03:32:11,False,4.606e-10,2.63e-13,336701196179.0,0.8857,0xcc...0645,https://etherscan.io/tx/0x595100991a9ee4cca369649b07aea3a3121c3c3423ba009b84914dedb41a4e0a
2023-03-26 03:31:59,True,4.655e-10,2.658e-13,19064067845.0,0.0506,0xae...550e,https://etherscan.io/tx/0x51f9fc46e5e28dbc25188d0954f3efc608c654fb96609651d05b60537dcf3fc9
2023-03-26 03:31:47,True,4.631e-10,2.644e-13,348657153677.0,0.922,0x9f...f0ce,https://etherscan.io/tx/0xfd310a473aa8964aff50fb21894c7a4e44052bcbf6d51d47441e3792b29bace5
2023-03-26 03:30:23,True,4.549e-10,2.597e-13,923887459414.0,2.4,0xdd...f1d1,https://etherscan.io/tx/0x22d08f436cd71a91fd00bf34365ccdef480989747662b16ebeec0ef6285721f3
2023-03-26 03:23:59,True,4.43e-10,2.531e-13,932313203318.0,2.36,0xf4...f8d9,https://etherscan.io/tx/0x3e32adda00452b255ed99af7228e3d42496a49e5ad858469dcbea87899c7e493
2023-03-26 03:16:47,True,4.363e-10,2.495e-13,108208878321.0,0.27,0xdb...ef59,https://etherscan.io/tx/0x033d12af33f629209a541e572ad13564b4d3da37d829ebe5e5a56eeb46f4fc47
