datetime,buy_order,price_USD,price_native,amount_token,total_native,maker,etherscan_url
2023-03-19 19:11:35,False,4.073e-10,2.248e-13,1334116330580.0,3.0,0x66...bf43,https://etherscan.io/tx/0x6bf3051d6fa2a0088e1848a0bced3804f6944db6ff00c23a2e3bede20a8d18fd
2023-03-19 19:07:23,True,4.139e-10,2.291e-13,359388094445.0,0.8235,0x38...fb46,https://etherscan.io/tx/0x8f0ed46786a4ef7dd8d525e7c07d61ed6c3956dfbd538edef69ac47240c34d21
2023-03-19 19:05:23,False,4.103e-10,2.269e-13,88127336171.0,0.2,0xbb...c2ef,https://etherscan.io/tx/0xd355b25b79428a985ea96e1faf0d43d6c27d4c3e3e062da7fb2023dcdc0d518b
2023-03-19 18:47:47,False,4.127e-10,2.274e-13,84752138657.0,0.1927,0x99...f259,https://etherscan.io/tx/0x99186c5157f4104889dd5c13495383fcd2622509813be3ab82c9d67e0424925b
2023-03-19 18:43:47,False,4.13e-10,2.277e-13,22494448838.0,0.0512,0x13...6e45,https://etherscan.io/tx/0xa694adcd514a3b4120581006931c94276b7dd37ecef95109f212ea12cfeb1e5d
2023-03-19 18:32:59,True,4.141e-10,2.289e-13,87349679693.0,0.2,0xb3...279a,https://etherscan.io/tx/0xb3096b24b9c76d711f1fdb091fdf6f39f168d666f5d2cad6f7059b74aeee2a82
2023-03-19 18:26:47,True,4.14e-10,2.286e-13,24280000811.0,0.0555,0x70...0246,https://etherscan.io/tx/0xec56cb2b4dc4d7667d3c390f4978abb2e1a2cbf0ef35105e6bdd62c7e957a58e
2023-03-19 18:04:35,True,4.123e-10,2.278e-13,240485141205.0,0.5478,0x4e...dd94,https://etherscan.io/tx/0x95f755a264d40e3ba0228442da05a0547eb993c792809d4a3c951762c3f5f177
2023-03-19 17:51:35,True,4.137e-10,2.261e-13,307915709014.0,0.6964,0x7c...d24d,https://etherscan.io/tx/0x63df7d329d888a132bff4ed6bf85d9b3b16a0c022ab69884af94891861b80194
2023-03-19 17:47:11,True,4.095e-10,2.251e-13,35533544532.0,0.08,0x73...88c9,https://etherscan.io/tx/0x1aeaeb758d89eb739d686c5074a4d9d5af02dee8ddd456dbeff780ac0115323a
2023-03-19 17:44:35,False,4.096e-10,2.248e-13,394614581575.0,0.8873,0x96...2629,https://etherscan.io/tx/0x61468125f18c8cd0b17d9c76d9eb760f16804b5b35ef4517c386494af38237b0
2023-03-19 17:43:23,True,4.13e-10,2.266e-13,239022753324.0,0.5418,0x76...7d5e,https://etherscan.io/tx/0x0808f00d7d4ea5dad82f5fd64308b2e08e20e62cacb52817f9187770b9383063
2023-03-19 17:43:11,False,4.148e-10,2.277e-13,1036315726752.0,2.35995,0xff...d5f7,https://etherscan.io/tx/0xd7b1bdd5f6239e538030b4e570d03f50c96f908f16d261006cb4ff09537dd02d
2023-03-19 17:40:35,False,4.205e-10,2.314e-13,182725416950.0,0.4229,0xfe...6c57,https://etherscan.io/tx/0xa52f9fdcd15a6ff87a1daf338991f05409a226a8bf889f8ee05cebf779fe9840
2023-03-19 17:19:35,False,4.183e-10,2.321e-13,42337928308.0,0.0982,0xd3...a7a8,https://etherscan.io/tx/0x594375019bc253f10ee3a3d3f20becd9b7c8afe263afe234c82033953d9d5cd8
2023-03-19 17:16:35,True,4.197e-10,2.336e-13,12727867516.0,0.0297,0xf7...9e1e,https://etherscan.io/tx/0x37e0911db404a45ea363c198517f52bdd9695224d4a9604dfbae07c9b6d827b4
2023-03-19 17:12:11,False,4.181e-10,2.326e-13,150000000000.0,0.349,0x9e...5a6b,https://etherscan.io/tx/0xdbe97dfc571c9803672df667f402ce161237ac8d7f5829ac190e4733839e416b
2023-03-19 17:05:35,False,4.2e-10,2.333e-13,77214756730.0,0.1802,0xbf...9a66,https://etherscan.io/tx/0x82bd7700b603bd5e571652b4095dbbe7c0cd0077612ee8ccce88082c35b4d611
2023-03-19 17:01:35,False,4.195e-10,2.337e-13,49191363565.0,0.115,0xc8...c9cc,https://etherscan.io/tx/0x57bec1512c77028196342de1178189bca0c69c9c81c8e55ca1dedd21cd158b78
2023-03-19 16:55:47,False,4.209e-10,2.341e-13,64350000000.0,0.1506,0x9f...935e,https://etherscan.io/tx/0xb8b080aa6928f52bebdf177aa3cbd3d8e5fa38deab25e046eb01d0d3c2c57189
2023-03-19 16:21:47,False,4.211e-10,2.346e-13,106527917185.0,0.25,0xbb...c2ef,https://etherscan.io/tx/0xcff55c8f0face253ae48d67ef732f21b752d1f63bc1716ab548a26c656eeaae8
2023-03-19 16:09:47,True,4.253e-10,2.362e-13,58413491947.0,0.138,0xe8...b40d,https://etherscan.io/tx/0x08992b83d7e17fcd9ad180e2d6918c53d41d875fb0afacfbaa8cd383e89f8d6e
2023-03-19 16:08:59,False,4.232e-10,2.351e-13,150000000000.0,0.3526,0xd5...4de5,https://etherscan.io/tx/0x04fd347a58229cb0d06819616228a14bf27b6c65f48efbb7c4394e59626a2ccb
2023-03-19 16:02:59,True,4.24e-10,2.37e-13,418216797.0,9.912e-05,0x7e...7f8d,https://etherscan.io/tx/0x97e68aaf64f30fc8f00175759a012a56732b2194043f10c8796a33ac3787b994
2023-03-19 16:01:23,True,4.24e-10,2.369e-13,18841568237.0,0.0446,0xdd...dd33,https://etherscan.io/tx/0xf35cfac102b743e66762fda73a37a529d9ce0ccce8b8b00d8c3e0010cb4d0374
2023-03-19 16:01:11,False,4.211e-10,2.356e-13,51688375253.0,0.1218,0x15...2e05,https://etherscan.io/tx/0x62205e6603dbf78052e50c10f83f8d8afaf439698b58753e6c67d1c2c1a77820
2023-03-19 15:56:35,True,4.211e-10,2.36e-13,375201806424.0,0.8855,0x30...9da5,https://etherscan.io/tx/0x70bd57e41362be5024fdb019c0e86f826a8d61871c5e8e5f78fa9ee37086de7f
2023-03-19 15:52:59,False,4.17e-10,2.335e-13,44784069462.0,0.1046,0xfc...6d00,https://etherscan.io/tx/0xbd4ef3592604f0a6334799d3cf949aff642c7bfcae6d609513f16e1e55ac5ff2
2023-03-19 15:24:35,False,4.161e-10,2.337e-13,27264133669.0,0.0637,0x3c...a179,https://etherscan.io/tx/0xd60c5009590a7235f040d84d11b51b93ce492ae06ff28db839c289bf611fd81a
2023-03-19 15:21:47,True,4.087e-10,2.296e-13,2813908432839.0,6.46127,0x6d...e5a1,https://etherscan.io/tx/0x98bd1d92e7165698894bce8f05a166da1d0448e63f8e9b30d62d23e8bc668dcc
2023-03-19 15:20:11,True,3.886e-10,2.183e-13,10164170707.0,0.0221,0xe1...325c,https://etherscan.io/tx/0xfc56aed394d2903d9e308acce0fccf07af560f1f97ce3cbc1d1790a4a46f96f0
2023-03-19 15:15:23,False,3.86e-10,2.171e-13,46060916589.0,0.1,0xf8...8b2d,https://etherscan.io/tx/0x273479a44575198dba6fcaf1d97ba1b9ea50a68839a2c1546dc38219627f818f
2023-03-19 15:04:35,True,3.832e-10,2.156e-13,1036315726752.0,2.23456,0xff...d5f7,https://etherscan.io/tx/0xc9648ec93c4b2866de59851defbc6f2013a0c54af2aac6f194e5ac20152e6d21
2023-03-19 15:04:35,False,3.867e-10,2.175e-13,2176047955918.0,4.73424,0xc9...27b6,https://etherscan.io/tx/0x76a13b675896dff589eb8ed59522e9a5940a9b26cc09fec6ec759edbdf5432ed
2023-03-19 15:02:23,True,3.996e-10,2.25e-13,46922554208.0,0.1055,0x85...cc07,https://etherscan.io/tx/0x6f1e077f4634c3da66d2f493fc75f12c4c6b8a2e8c85653a13b6cb21b7f1e97c
2023-03-19 14:57:59,False,3.972e-10,2.235e-13,25800000000.0,0.0576,0x8a...4bcf,https://etherscan.io/tx/0x23591f25bf474b91cf7ee8607f1483f49c792270cfbfd8258f238f1bd88778e9
2023-03-19 14:45:47,False,3.986e-10,2.244e-13,258330306604.0,0.5797,0x7c...d24d,https://etherscan.io/tx/0xc9b746c6dd1590b5ae64110c74753c3401d61701b37e09ac108cde9ecd40af4c
2023-03-19 14:18:59,True,4.024e-10,2.262e-13,496710881807.0,1.1236,0x76...8f54,https://etherscan.io/tx/0x509061017e25d757cdcbcf81a727e2f51c8c179529d7c4f378ec8e6407260b01
2023-03-19 14:16:23,True,3.977e-10,2.235e-13,1280300241.0,0.0028,0x12...1326,https://etherscan.io/tx/0xcb9874a5d7e8a144e2dfea732b555667acfc31be9327c3248135dc10fa364863
2023-03-19 14:10:23,False,3.952e-10,2.223e-13,20764312078.0,0.0461,0xce...49b4,https://etherscan.io/tx/0xc61bfd2f3041e371bedd0a657778af549ab003f80350e4f87d8923fdca9b8538
2023-03-19 13:56:59,True,3.988e-10,2.236e-13,25487487309.0,0.057,0x71...cdd2,https://etherscan.io/tx/0xcc3d0935ec616ef670a1321359b79d9f85612ba838c3a6860c6a37c2e6acc60a
2023-03-19 13:55:11,False,3.965e-10,2.223e-13,39523969426.0,0.0878,0xe7...fe64,https://etherscan.io/tx/0x6a906e04bc39582a2ffb50a504d8209a546c6f39d99cb30e558c10327fcd8754
2023-03-19 13:55:11,True,3.988e-10,2.236e-13,46743181984.0,0.1045,0xfc...7523,https://etherscan.io/tx/0x476ffab59d5ae56e24ef376e3c0161bd49dbe2ba08203348591256ec3b38c6c2
2023-03-19 13:48:11,False,3.976e-10,2.228e-13,214059860767.0,0.4769,0x2a...d743,https://etherscan.io/tx/0x7fbb070c85b7dd69058b750fea355e4be6130fdd92cc79f1b4b8f973f52a12fe
2023-03-19 13:47:47,True,4.009e-10,2.246e-13,47907584359.0,0.1076,0x06...2b35,https://etherscan.io/tx/0xe36ed564478e37c5b99239a32b030238434833ca42e627d048822213efd8309b
2023-03-19 13:47:11,False,3.985e-10,2.232e-13,44534831114.0,0.0994,0x96...2d3c,https://etherscan.io/tx/0x0edc078251b5d4f2cd2c2ce841b6e15a5234b4432e0724bf912867874551ce4f
2023-03-19 13:46:47,True,4.01e-10,2.247e-13,19522467629.0,0.0438,0x7c...8438,https://etherscan.io/tx/0x3a5b490c311c158d4b68c14df7c6394f63009a8883ada8358b88d08416481d26
2023-03-19 13:24:59,True,4.124e-10,2.311e-13,259539487637.0,0.6,0x76...7c84,https://etherscan.io/tx/0x6fd5798ce26c2e00b61c58dd50b9cb21f207884a9d18b06449a1b5c7b9d7dd61
2023-03-19 13:24:47,False,3.961e-10,2.22e-13,96229581900.0,0.2136,0x9f...935e,https://etherscan.io/tx/0xdda393ad298915945fc2388d6c89495c94bf75e493d5b3c913d13e634a568ef6
2023-03-19 13:04:59,True,3.989e-10,2.234e-13,53698886257.0,0.12,0xc8...17b3,https://etherscan.io/tx/0x0934d85eb8d8bb597c08c1ad24676aa6761bdc7df78318e82c4efcedc8092512
2023-03-19 12:46:47,False,3.946e-10,2.221e-13,40250578376.0,0.0894,0x84...d854,https://etherscan.io/tx/0x158de39a215e2cce727c6982c99c2fe22a9ef66455f5aa6eeb4807f3072b6f9f
2023-03-19 12:46:35,True,3.968e-10,2.233e-13,75392151001.0,0.1683,0xcd...2614,https://etherscan.io/tx/0x33593fa9b9fef23a7f894a983f70ecce9363bafe8f01beb9f5f7a40b68009bd4
2023-03-19 12:43:23,True,3.962e-10,2.23e-13,32362587038.0,0.0721,0xde...b127,https://etherscan.io/tx/0x748d35a1c50ee32f580974e06ad305e8db52bd555c167a44a6ac5985bb82314d
2023-03-19 12:42:11,True,3.96e-10,2.229e-13,1870863308.0,0.0041,0x37...8f8d,https://etherscan.io/tx/0x85591132c3d9812cf2f6fd0c5558b19ba8eabea0826d156429d67d008d2c339e
2023-03-19 12:39:35,False,3.959e-10,2.228e-13,435951992293.0,0.9716,0x7c...ba9f,https://etherscan.io/tx/0xc69cdf54998cc926aa24f9028777a0764a0b4df208dc7860130da38a3344875a
2023-03-19 12:37:35,True,3.989e-10,2.247e-13,254646185750.0,0.5723,0x76...7d5e,https://etherscan.io/tx/0xf8fbd09c051f4b636f846e6328ceb49e74ef22635b797dd131dd84e0741705d9
2023-03-19 12:37:23,False,4.027e-10,2.269e-13,1429618444776.0,3.24419,0x36...597d,https://etherscan.io/tx/0x7ac4b7f6adfaff2f2d479c31d161e3493db3e8dcef4ff321cae99231dbe5c0b3
2023-03-19 12:35:11,False,4.109e-10,2.316e-13,121565963929.0,0.2816,0x51...3055,https://etherscan.io/tx/0x132c741ff5450c11341b40f1e7c7ffabb6d66617f8c69d623abc9902595340a0
2023-03-19 12:31:23,True,4.14e-10,2.334e-13,3822065240.0,0.0089,0xa1...1f2c,https://etherscan.io/tx/0x3e355e1d778026ee335c1791157953198495cabe9bbfcedcef35676167605d0f
2023-03-19 12:25:11,False,4.126e-10,2.323e-13,98130468128.0,0.2279,0xac...138b,https://etherscan.io/tx/0x0c9aa5351099f13a812e5fe21f8ceb772dde929c23dd229769fe2165943ef1d1
2023-03-19 11:37:59,False,4.14e-10,2.33e-13,124721796885.0,0.2906,0x76...7d5e,https://etherscan.io/tx/0x63d3ee4414aa82fadacff26618d04dea4c2f66cbe03364d8a97131dc4d0fb9a3
2023-03-19 11:25:59,True,4.169e-10,2.347e-13,4738712273.0,0.0111,0x35...df90,https://etherscan.io/tx/0xb339d272c79e4514c1643b55ea7cc93524a740d10b965b0018b569c439cdfbea
2023-03-19 11:21:35,False,4.147e-10,2.338e-13,153913504485.0,0.3599,0xeb...2156,https://etherscan.io/tx/0xb9fefc5efabd10889ddd5ebc1a0b443a270ad998867c83171b71690007c7c591
2023-03-19 11:11:47,True,4.182e-10,2.355e-13,48812160850.0,0.115,0x52...a112,https://etherscan.io/tx/0x08f28a514e2ef1332d1a30aa178757752f40319b96fd3628f2b8d3722c510fac
2023-03-19 11:09:11,True,4.172e-10,2.349e-13,142443452678.0,0.3347,0x24...6964,https://etherscan.io/tx/0x64cbc466b600b95f8e8a21a2d0d172cbbf6b6e3a65bb14c851532976deb24ad7
2023-03-19 10:56:59,True,4.167e-10,2.344e-13,21350000000.0,0.05,0x3f...1829,https://etherscan.io/tx/0x5aea824b317ca8ade436d705f4386d8b8a1df3f5a85dab6f5ce1aee15f870a97
2023-03-19 10:55:59,True,4.154e-10,2.337e-13,208000000000.0,0.4861,0x1a...dc4a,https://etherscan.io/tx/0xf9b2fa3977592e537b52f7fdf2ed180ade7f4549208e1faa42aa4b33b77e8e08
2023-03-19 10:55:35,False,4.132e-10,2.324e-13,248185858194.0,0.5769,0x2e...64f4,https://etherscan.io/tx/0x70d453421d8b2886c721c8e948c332d579ff253988c75b6186a63f7478e6e3e2
2023-03-19 10:54:11,False,4.147e-10,2.333e-13,27137525726.0,0.0633,0x65...e4ca,https://etherscan.io/tx/0x5192b5173ed5d0fb4f2da232e6d7457044d8964e7806c804fa0ca472a269163c
2023-03-19 10:51:35,False,4.154e-10,2.338e-13,136012664561.0,0.318,0x0c...d434,https://etherscan.io/tx/0x0a425769ea5cdeff3ec994be34cc8e52b6caa75bf29d6bd776950d8cab8c77cd
2023-03-19 10:51:35,True,4.107e-10,2.312e-13,1429618444776.0,3.30533,0x36...597d,https://etherscan.io/tx/0xd264ecb05426954e0541533cda5eac21220bb49b4d80952d4cd76721ab1e5ab1
2023-03-19 10:33:47,False,4.038e-10,2.278e-13,805423054072.0,1.83552,0xf3...bb9a,https://etherscan.io/tx/0x57c9c7f53fc311e45da3f954cc60124102d1b4739e6b78a31bcff193b7d67b75
2023-03-19 10:16:23,False,4.084e-10,2.305e-13,65596672360.0,0.1512,0x48...a616,https://etherscan.io/tx/0x458af2513f273260e6a944e45995ee1a37af78c095f1461a9b7bbc7ca0477ecc
2023-03-19 09:55:59,True,4.124e-10,2.321e-13,6036344381.0,0.014,0xb2...b6aa,https://etherscan.io/tx/0xd694b84c9cde63af8fb44cb90074165084db86b161ce9d3bab446542a4747bd4
2023-03-19 09:41:35,True,4.124e-10,2.32e-13,6922848470.0,0.016,0x31...b1a2,https://etherscan.io/tx/0x6a39de7b2e5c480038c241f11b29a386f899078f447430bafc5cd5e52f656b22
2023-03-19 09:40:35,False,4.099e-10,2.307e-13,9483073437.0,0.0218,0xc9...27b6,https://etherscan.io/tx/0x7c69edf82b188f58ee3b97c7903274b4dd6a191ff9b6238b36b86c82d1b406cd
2023-03-19 09:39:35,True,4.125e-10,2.321e-13,6584488120.0,0.0152,0x31...b1a2,https://etherscan.io/tx/0xa48d9c01806305c431943739765b8bca8d84a3f266427292ec79b340a9157c44
2023-03-19 09:38:59,False,4.105e-10,2.308e-13,54069286405.0,0.1248,0xca...21ca,https://etherscan.io/tx/0x99df14a7a990e93ae8dc9c3bc37f98d40cfa50bd3147599838a7a592d1accde4
2023-03-19 09:22:59,False,4.109e-10,2.312e-13,67643613414.0,0.1564,0xe9...52f2,https://etherscan.io/tx/0xfa85952a8d43b48ab5546f429540446830d248d026674c53fda0c2c2e07441c9
2023-03-19 09:14:23,False,4.097e-10,2.315e-13,40000000000.0,0.0926,0x21...ea70,https://etherscan.io/tx/0x85124bace5e98bc7bde43d828f8a744191ae2988d7fa0bc65a915acda0eb26c2
2023-03-19 09:10:11,False,4.111e-10,2.319e-13,84979930157.0,0.1971,0xdc...c27a,https://etherscan.io/tx/0xe091bad423ea18bba038c9b5f641b433082a5e5591d56685de92bed8cf407415
2023-03-19 08:52:35,True,4.137e-10,2.334e-13,63708404345.0,0.1487,0x27...39b7,https://etherscan.io/tx/0x607f6792d9239d9f471e3604a85bcdc85374a01a884eb833f59985c78bbac10c
2023-03-19 08:41:47,True,4.13e-10,2.329e-13,72190220835.0,0.1682,0xc5...6bbd,https://etherscan.io/tx/0x74e318c097226c3d6d6d7d88bc542759c1af1234cfcd133ac5057f90d7338810
2023-03-19 08:31:11,True,4.121e-10,2.327e-13,239642629.0,5.578e-05,0x20...991c,https://etherscan.io/tx/0xd81a344fec23031a3d46c78eecaee567fe139bba729c5b81ce505305ccb88a4f
2023-03-19 08:29:35,True,4.119e-10,2.327e-13,9935598479.0,0.0231,0x2d...ae49,https://etherscan.io/tx/0x4629da43f2f2029279a5312bb4c4112829dd6db2210b3d8dfba07837b2260915
2023-03-19 08:25:47,True,4.117e-10,2.326e-13,26419359863.0,0.0614,0x49...4ec2,https://etherscan.io/tx/0x3583c7838bcecd9102aecc52d33e9d73342c9c0409322e42082e321cee02dc42
2023-03-19 08:15:47,False,4.112e-10,2.325e-13,463036766601.0,1.07699,0xd9...5241,https://etherscan.io/tx/0xf5ecf81164a235b72b707d249b389489d3a4d740fb23e8e3c9097cc0fa504121
2023-03-19 08:10:47,True,4.131e-10,2.342e-13,384228568636.0,0.9,0x64...550b,https://etherscan.io/tx/0xa04eb3e7cab0e83111ba7c582aec36a94d8cef6347372c6fc9e840b1971dc47a
2023-03-19 08:01:59,False,4.107e-10,2.32e-13,150000000000.0,0.3481,0xc1...529e,https://etherscan.io/tx/0xc43e34c06a3de57f123af725a3fb0bfe81e2e8fe43e2612ee3d1b9a02c2a1840
2023-03-19 07:58:59,False,4.117e-10,2.326e-13,34662467134.0,0.0806,0x2e...f345,https://etherscan.io/tx/0x292d6e5a350a4eda4c9ef2f3e1e013603bcb15d2a88175a019135d2571695f31
2023-03-19 07:53:23,True,4.145e-10,2.341e-13,17308054652.0,0.0405,0x31...b1a2,https://etherscan.io/tx/0x21aebeb503024d1636768cf5727a2ea457abfef46c34082c9fba48d26133ca64
2023-03-19 07:43:35,False,4.127e-10,2.328e-13,71964713369.0,0.1676,0x11...7f6f,https://etherscan.io/tx/0x66261678829189578f86117011c70543a3fd29e196ff5e2da867d411154d5b58
2023-03-19 07:34:11,True,4.154e-10,2.344e-13,12793766033.0,0.03,0x0b...3331,https://etherscan.io/tx/0x7c91a88a0a26801330db451c7933f32b5ff6571a95f3a11906067cf916e600e6
2023-03-19 07:29:23,True,4.156e-10,2.344e-13,4265570721.0,0.01,0xc0...6783,https://etherscan.io/tx/0xf0c84befec3d8c887a06cc17c9f606c0eb30b1b6c0efacdfc3d4c2001ad54d30
2023-03-19 07:24:47,True,4.156e-10,2.344e-13,4266062254.0,0.01,0xc0...6783,https://etherscan.io/tx/0xe03005f116bc25ef4b462101054896592ca192f39d16a62c038ec32bbf5a5861
2023-03-19 07:23:11,True,4.163e-10,2.343e-13,12762728977.0,0.0299,0xc6...f392,https://etherscan.io/tx/0xa161f91e363da01a432e21c56f8b509b1ba34112b64b5b0437e0a0d8aa3244aa
2023-03-19 07:16:23,False,4.162e-10,2.342e-13,628509494944.0,1.472,0x17...858d,https://etherscan.io/tx/0xb039655b69ed17863d9187c4c250b1adb100ebd992429a7f8c9c7c1cf73d0861
2023-03-19 07:13:47,False,4.243e-10,2.388e-13,595000000000.0,1.42105,0x17...858d,https://etherscan.io/tx/0x1395538cc230f3d23a7487994c7755029d2cbe4a1cdba760d2d452765059693e
2023-03-19 07:09:47,True,4.29e-10,2.413e-13,256584861120.0,0.6193,0x12...0f2e,https://etherscan.io/tx/0x1eafd3b51c55ba6329b6c9cb20454d1b8c0841899469190ed627ff13f4333040
2023-03-19 07:09:47,False,4.308e-10,2.424e-13,1007071691435.0,2.44136,0x9c...97bf,https://etherscan.io/tx/0xdccceade42f7c1305d62857113d477d6953ad5ad36ef331806411fb193c910f1
2023-03-19 07:08:23,False,4.385e-10,2.467e-13,270133185257.0,0.6664,0xcf...e796,https://etherscan.io/tx/0xa938bed48de0fb6a134a942c99bec78e776aa8c92521e3ac43d3fa10a1127e5d
2023-03-19 07:07:23,False,4.409e-10,2.48e-13,112907501143.0,0.28,0x76...7c84,https://etherscan.io/tx/0xcdd5da04feeb775f1b87bd0df9d4b6ecab170989c57963a67aaa9066ca37fa5f
2023-03-19 07:05:47,False,4.416e-10,2.484e-13,2642349549.0,0.0065,0x26...4663,https://etherscan.io/tx/0xa8575683d838b75a5265c1d47f4eb47c516903c2290828ebc69477bd6446cc5e
2023-03-19 06:36:11,False,4.448e-10,2.497e-13,376800000000.0,0.941,0x58...0fdf,https://etherscan.io/tx/0xbf8bb87e01e427e86a7e70857ad59bcae5e412fc1fabd841fa8b15192bf0baaf
2023-03-19 06:35:23,True,4.491e-10,2.523e-13,75021164765.0,0.1892,0xba...9b7e,https://etherscan.io/tx/0x52a2ee25d5354411f02c9669af7effa026c0a8d2171abf9174077787c6fedcdb
2023-03-19 06:31:47,True,4.477e-10,2.516e-13,111265475159.0,0.28,0xb9...2a25,https://etherscan.io/tx/0xf9e5ef3603c441fc81a8237f98a8c3a668a5944d2474e0100f18430aa58f317d
2023-03-19 06:23:47,True,4.452e-10,2.504e-13,224455897733.0,0.5622,0xa2...d924,https://etherscan.io/tx/0xdfc38d6f174f7584936822bebc23ee3591304c0978856eccc726f6fe5626aadb
2023-03-19 06:22:23,True,4.401e-10,2.475e-13,613973766015.0,1.52,0x17...858d,https://etherscan.io/tx/0xbb6bbdb71f6cb0fa708f7feb3b1a3f6b096e2f8112576328ad8fcdb0045bc9c7
2023-03-19 06:22:11,True,4.362e-10,2.453e-13,25266517859.0,0.062,0xe6...e6ef,https://etherscan.io/tx/0x4bf3a2d3eb11552af75ab932ce25a67da41bd1c49e5eb631a1ccfb0a2da83eab
2023-03-19 06:20:23,False,4.338e-10,2.44e-13,64008679042.0,0.1562,0x9a...4add,https://etherscan.io/tx/0xd8cc4978e4d92d2579748ac6444750a485a5870cba29511354733dd274180743
2023-03-19 06:19:47,False,4.355e-10,2.449e-13,213160392103.0,0.5222,0x9f...513a,https://etherscan.io/tx/0xccf8a77eb0c828a3a13ecac36299f1a148803059c1695b801f22c27b19451025
2023-03-19 06:17:11,True,4.393e-10,2.47e-13,35618849759.0,0.088,0x66...5ff3,https://etherscan.io/tx/0x0a904a5937898354446db0a03c7c1125fe8f8504939986eab81edd75f36e5449
2023-03-19 06:16:47,False,4.374e-10,2.459e-13,150000000000.0,0.3689,0x52...012d,https://etherscan.io/tx/0xe5be46d96b498a39d5296eab4893cf484a3f82ebd07996f53d4a6019f6cda777
2023-03-19 06:14:35,True,4.404e-10,2.476e-13,502686947119.0,1.245,0x7c...ba9f,https://etherscan.io/tx/0x63510c270b551a6c0ae7b4f5caf43557ac50a023b5b0ef68ff10f4a5c0f2da22
2023-03-19 06:14:11,False,4.328e-10,2.434e-13,100625707189.0,0.2449,0xd7...9011,https://etherscan.io/tx/0x36feb2cb6970ae88ab81bb68f3d155e3c5955ddb5c8f82b378df8b22a4680664
2023-03-19 06:13:23,False,4.349e-10,2.445e-13,237819935080.0,0.5815,0x74...bfcb,https://etherscan.io/tx/0x26352fb9fec7109c8913f480508507b48d4457fee211abe2aa00a2a7350296e6
2023-03-19 06:12:35,False,4.37e-10,2.457e-13,107185049277.0,0.2633,0x76...7d5e,https://etherscan.io/tx/0xa3dc552fe2da1bf1df0e21ac4a5505cc1463ddee18e6012a35e1cd2d76839607
2023-03-19 06:11:47,True,4.342e-10,2.441e-13,1007071691435.0,2.45868,0x9c...97bf,https://etherscan.io/tx/0x8215b9435d309050c3a10dc1974566ab0546269a8b94d04cda7cc7456c1007fe
2023-03-19 06:09:23,True,4.281e-10,2.407e-13,20000000000.0,0.0481,0xae...0032,https://etherscan.io/tx/0xebdc8113052e8f67610b3d253f6f27428a5c18bb5cb4ef20e65b935656e8a4eb
2023-03-19 06:08:35,False,4.269e-10,2.4e-13,250000000000.0,0.6,0x9e...5a6b,https://etherscan.io/tx/0x1f19c226cd85284c73634ebff133a63ada26aaed48312e8acd4183e5c0b431ec
2023-03-19 05:56:35,True,4.263e-10,2.397e-13,780896599275.0,1.872,0x17...858d,https://etherscan.io/tx/0x955af2fc4e756821f4ac9f06984f3918da9337212bf868b53a021a43370653d7
2023-03-19 05:47:23,True,4.206e-10,2.364e-13,220441239503.0,0.5212,0xb6...b728,https://etherscan.io/tx/0x974ad1e8338061b7a4157b7316f6a8ad25d72c5d0e104301c0f2311a63dc1504
2023-03-19 05:43:59,True,4.185e-10,2.352e-13,165787369742.0,0.39,0xc1...529e,https://etherscan.io/tx/0xbc21c7a474f96e64112681ae8b087b8b5cada7bc7cdebeea26e4ad674c8e6268
2023-03-19 05:41:23,True,4.155e-10,2.335e-13,366681798825.0,0.8564,0x26...5b02,https://etherscan.io/tx/0x0194847c56b3461ace89ba746d0a7fb9f933f5070f4b6ce8949faabac45c8855
2023-03-19 05:36:35,True,4.107e-10,2.308e-13,500514885455.0,1.15543,0x82...d2b0,https://etherscan.io/tx/0x8ac1c163380420b26e30b07ad3ce5fd41ae60726173e056fc3d4409c6fa3aa73
2023-03-19 05:33:47,True,4.058e-10,2.282e-13,338947104463.0,0.7737,0x82...d2b0,https://etherscan.io/tx/0x9e99359a1394d5692a4a2c64d9a25f75813a2c81476fe63271addaf9feb5d5a8
2023-03-19 05:27:11,True,4.018e-10,2.26e-13,771028417522.0,1.7431,0x91...af0e,https://etherscan.io/tx/0x7ff8c7ca3b810e84df21e8b900b81c1234e27571f37be65dce0d0fc4d107cf91
2023-03-19 05:19:23,True,3.963e-10,2.225e-13,25609204841.0,0.057,0x71...cdd2,https://etherscan.io/tx/0x764be6f064b635b6ece69f23cf5e284057282d8537dfe7aff2790537a06b6d07
2023-03-19 05:14:59,False,3.943e-10,2.212e-13,40000000000.0,0.0885,0xd2...f013,https://etherscan.io/tx/0xc81fdc513429482726fa41f3fa584fd4369cb0e20e24f59e2f403824d77c90ff
2023-03-19 05:03:35,True,3.972e-10,2.227e-13,10552119642.0,0.0235,0xe6...e6ef,https://etherscan.io/tx/0x5a1e3924edcd4d87642d45f0ac00ff584f4f3bcbae1c59c931f0ed28e2be35c8
2023-03-19 04:59:59,True,3.959e-10,2.221e-13,175415895928.0,0.3897,0x76...7d5e,https://etherscan.io/tx/0xf87933aa2d5a56b4f96f654d8c9b1e89632a177008f859fce43f1cc7d6fe3b05
2023-03-19 04:56:11,True,3.949e-10,2.215e-13,22658525853.0,0.0502,0x3d...0006,https://etherscan.io/tx/0x0150b67c9047e435657460943a42a7759a883bd16a1d88e058d7778fb8a347f8
2023-03-19 04:55:35,True,3.948e-10,2.214e-13,6769002353.0,0.0149,0x1a...759d,https://etherscan.io/tx/0xfd6db940466841d151b328846a9d0f4218891185e0769cab11de04157f0868aa
2023-03-19 04:52:23,False,3.923e-10,2.201e-13,4579099235.0,0.01,0x1c...5286,https://etherscan.io/tx/0x1ac1e6afe0e2f05e59517bb60bad80a28400e28203df3ab62b12bc4ce4e58b0c
2023-03-19 04:50:35,False,3.925e-10,2.203e-13,45391084398.0,0.1,0x80...0962,https://etherscan.io/tx/0x2ec186538ac91505b7f9597a7f90140013af439b1a7ae7661682022f6dded377
2023-03-19 04:49:59,False,3.937e-10,2.21e-13,218209692483.0,0.4824,0xff...739a,https://etherscan.io/tx/0xbc40b6b9d0efb640c91d571deb86a5c061734114fde0e79d72189d257cc04a3d
2023-03-19 04:43:35,True,3.963e-10,2.23e-13,1342191571.0,0.0029,0xa5...3922,https://etherscan.io/tx/0xcf944d77b9424ff801b0ef65947a81ec90d47cd266d7243528ea3db52453461a
2023-03-19 04:41:47,True,3.956e-10,2.226e-13,121252348603.0,0.27,0x31...d1d5,https://etherscan.io/tx/0x14ea4c5080bdd57dd9654cd2a9fe70ffa51931cb0f1b6bb13032c9dcd82eb021
2023-03-19 04:34:59,True,3.944e-10,2.22e-13,81050314941.0,0.18,0xf7...8444,https://etherscan.io/tx/0x55f8b4a0697f90a1210d96ebf9126d40fccd1d08e2c88f898b747cce03bc5681
2023-03-19 04:32:11,False,3.923e-10,2.209e-13,132000000000.0,0.2915,0xd7...9011,https://etherscan.io/tx/0x0d5ba360e07cc4954ba62f15bbf98e2b2b35417af7c7d6334456bbb69cacf0fb
2023-03-19 04:17:23,True,4.013e-10,2.256e-13,501401258423.0,1.13159,0x30...9da5,https://etherscan.io/tx/0x2294a57a5ed67ea1e67b64bb5f0aeb53a1e34af5ec4c415ae88df67b135f3dce
2023-03-19 04:15:23,True,3.903e-10,2.195e-13,50931193685.0,0.1118,0x73...127c,https://etherscan.io/tx/0x146cbd90b38fa6ee3427d5ac0371ddecefa107944fa0e6fed1d4408ee26d2a77
2023-03-19 04:14:11,True,3.899e-10,2.193e-13,14131950661.0,0.031,0xe6...e6ef,https://etherscan.io/tx/0x08e10734fb1d2839cf2548b61af7e9a973b7c60f29213ccf7a1dcaf3d175ebca
2023-03-19 04:12:23,False,3.977e-10,2.237e-13,1976310401967.0,4.42253,0xcb...34c1,https://etherscan.io/tx/0x5c56bea18bedf233e4a4a14ea96b2504dba08d5f1a0277473546abaf4bf32e64
2023-03-19 04:07:59,True,4.102e-10,2.308e-13,84487000001.0,0.195,0x6b...7dea,https://etherscan.io/tx/0x2bb5db0d639f8ae68189f090bdfecd80a8e6bbb133dca03235ce630563c75c56
2023-03-19 04:04:23,True,4.083e-10,2.297e-13,608766956488.0,1.39862,0x3e...5656,https://etherscan.io/tx/0x13e1b41fc067537fdd3055418db083640e00bf2c6d47b104831a8a7c37c3e872
2023-03-19 04:03:47,True,4.03e-10,2.267e-13,12627442892.0,0.0286,0x85...e12a,https://etherscan.io/tx/0x1316af2cff046a5becb8440deb1804ede2084eb1ca4bf33f66f35847387cf96d
2023-03-19 04:02:35,False,4.008e-10,2.255e-13,50051856094.0,0.1128,0xf3...65fb,https://etherscan.io/tx/0x21348b0e6bdd3889c084e26ef7fbf08b630fd9c46382c935e51ecc26dd0a94b7
2023-03-19 04:00:11,True,4.094e-10,2.304e-13,417854965281.0,0.9627,0x30...9da5,https://etherscan.io/tx/0xa1c6e1cb2b177fa62af41bbed599ef03c9d6153e7bf8a0c42339f81e2c391d8f
2023-03-19 03:58:11,True,3.987e-10,2.243e-13,50051856094.0,0.1123,0xf3...65fb,https://etherscan.io/tx/0x22f2de1dd0b70058b195ae516f70aac75d2684969a7f523d0df9f70d2a5a6494
2023-03-19 03:54:23,True,3.985e-10,2.242e-13,108910929.0,2.442e-05,0x1d...153f,https://etherscan.io/tx/0x802d2c3804c7efe381f95489fa31024dc9707072dfa228b311ba97f9e28c6827
2023-03-19 03:45:47,True,3.979e-10,2.236e-13,214667324248.0,0.48,0xee...a2b5,https://etherscan.io/tx/0x857af8b56b1f81b27ed28580620d23228ea79518d83500ff7d4bdd0d347b5068
2023-03-19 03:44:59,True,3.966e-10,2.228e-13,26683353756.0,0.0594,0x6a...a2b0,https://etherscan.io/tx/0x145390816bacae7f36eb9825b8b87164f9dae8ec40a2c9ebc864a268e2330471
2023-03-19 03:39:11,True,3.956e-10,2.22e-13,262601921141.0,0.583,0x76...7d5e,https://etherscan.io/tx/0x0a261aa00040018e6ae4c878a92caef5135630c0c3807b06c9eb1c313b715b23
2023-03-19 03:39:11,False,3.951e-10,2.217e-13,618349580739.0,1.3712,0x3d...cded,https://etherscan.io/tx/0x1ff8c6b457386414ca9eee5ee55d7906c7b1d87854fb39eacb7488d722b09a4c
2023-03-19 03:35:59,True,4.005e-10,2.247e-13,51324071451.0,0.1153,0x31...b1a2,https://etherscan.io/tx/0xe96d201b50e6a25fdf7c429856fa2daa33e863550f2d7345b111afe77474c2f7
2023-03-19 03:29:59,True,4.173e-10,2.343e-13,460000000000.0,1.07799,0xb1...c684,https://etherscan.io/tx/0xee7d7bdf5aa8cb04e23dbf0c9ff4b9c86e661c913f5897ba23039334c27010eb
2023-03-19 03:12:11,True,3.941e-10,2.218e-13,12646518934.0,0.028,0x85...e12a,https://etherscan.io/tx/0x74419baab1c2dc33712f334a13ba486de420ac213d625f379922fb1f7cc93985
2023-03-19 03:04:35,False,3.925e-10,2.206e-13,70203979095.0,0.1549,0xca...bad7,https://etherscan.io/tx/0x58672ee8acc696fc07aee1245fd750662156296c8ee8ffca2ec118162659dfb5
2023-03-19 03:02:23,False,3.929e-10,2.21e-13,66512819045.0,0.147,0xd5...1e62,https://etherscan.io/tx/0xf7bbe23f881544e37fa610d16efeda6097b831c1200a218c7dea551d61f2eeea
2023-03-19 02:48:11,True,3.951e-10,2.221e-13,157571266246.0,0.35,0x3e...8c66,https://etherscan.io/tx/0x5798ed2e9cd7bde680bd08160f61cfd07312df345d55d6e7f93a6bf7cc2f0572
2023-03-19 02:38:59,True,3.946e-10,2.216e-13,8741596674.0,0.0193,0xd0...0865,https://etherscan.io/tx/0x1b6a4d26f001908824c369af29ca982b5ef6674d0d9a28d6d307fdebb441f5e2
2023-03-19 02:25:11,False,3.917e-10,2.204e-13,44789252771.0,0.0987,0x08...fac4,https://etherscan.io/tx/0x16d42b181fb2d35cdc2335198a57581d2e985cfc9aebca0027d2f76970ddb69d
2023-03-19 02:14:23,False,3.913e-10,2.205e-13,11600130998.0,0.0255,0xf9...84a5,https://etherscan.io/tx/0x8a40f0c61f1881216fbf958da69cf54746dfbabfa601431e94fc026c60731ad0
2023-03-19 02:13:47,False,3.915e-10,2.206e-13,22370584523.0,0.0493,0xaa...278d,https://etherscan.io/tx/0x4c973de487f59e68436fdf13af6f8464884af94abd8644db5091e036fd84796e
2023-03-19 02:13:23,True,3.928e-10,2.213e-13,253012627235.0,0.56,0x2b...02fe,https://etherscan.io/tx/0x1b12655a00356cf5a74cb69a23196bba48d007062cc56e90e46943cb638adec3
2023-03-19 02:01:11,True,3.906e-10,2.199e-13,218209692483.0,0.48,0xff...739a,https://etherscan.io/tx/0x2488e5a9f1b6b63f3ec73f12cf4e37df29fbfd8f5c12451655f8683d096a70fd
2023-03-19 01:59:59,True,3.889e-10,2.192e-13,45846204142.0,0.1005,0xd5...a977,https://etherscan.io/tx/0x330a6f57b21e8987eceec39839ddbc55847d31fb39f2127d77d1af76846dce3b
2023-03-19 01:49:47,False,3.866e-10,2.178e-13,26670453065.0,0.0581,0x60...4ed8,https://etherscan.io/tx/0xd239e70b56fdeaaeb663cb456b361cc8028f2c0b471ab12c2734ffab1174b4ab
2023-03-19 01:43:47,True,3.893e-10,2.191e-13,25316335016.0,0.0554,0x92...055d,https://etherscan.io/tx/0xb683f7db18c0619ab6fac8c5aa1140d568f566992bf2ec9eec97cbb358ca6dec
2023-03-19 01:37:11,True,3.885e-10,2.187e-13,128441116109.0,0.2809,0xca...21ca,https://etherscan.io/tx/0x76fbf9c984c6890c2b9f82bd5ba06edcd78d9bd2c7c78325774ec8914eb291fd
2023-03-19 01:32:23,True,3.878e-10,2.182e-13,53659498883.0,0.117,0x9f...935e,https://etherscan.io/tx/0x5655c3f5889472dd6af9e48ea8d15e9e7e1a8371c7333b40ebbb4d11444b5ac4
2023-03-19 01:29:59,True,3.849e-10,2.176e-13,129559685747.0,0.282,0x45...d01a,https://etherscan.io/tx/0x9d3d58c426cab8763bb4ca7ea692d4118f962e715bd1f101c616b51d0e2bb55d
2023-03-19 01:29:11,False,3.817e-10,2.16e-13,19510930383.0,0.0421,0x47...7a36,https://etherscan.io/tx/0x171a27d0dd43599628363afd0e1bd59aba72ea91f2e55276f4465eb880391ebe
2023-03-19 01:27:47,False,3.846e-10,2.175e-13,500000000000.0,1.0877,0x35...7bc2,https://etherscan.io/tx/0x54d909f4c505a61a369cbb898be678de331fe482279e001f1051a85b8a71f0ab
2023-03-19 01:20:59,False,3.922e-10,2.218e-13,1000000000000.0,2.21853,0x35...7bc2,https://etherscan.io/tx/0xdc78d715e8ca157a2317c0eb9368effcd9d9a19a3d9249db1ddc52f716ab6134
2023-03-19 01:18:23,True,3.984e-10,2.254e-13,240279679148.0,0.5416,0x23...d0b2,https://etherscan.io/tx/0xba94a833e28f80c632ca442c225e6bdf6e547dcb6c806b84eb7bb6ab44b6e83b
2023-03-19 01:18:23,False,4.02e-10,2.274e-13,1371993923086.0,3.12089,0x35...7bc2,https://etherscan.io/tx/0x654a76f545e31dfd62b6564b1b8917423334f1c3360780864d472a79a38c3836
2023-03-19 01:13:35,True,4.11e-10,2.328e-13,61864439211.0,0.144,0x3c...a179,https://etherscan.io/tx/0x9e445deb952aa4a07d3a2fb3a1f66346afc182ed830f70b4b330a308c43c5004
2023-03-19 01:02:23,False,4.085e-10,2.322e-13,318405836862.0,0.7395,0x4d...f4e6,https://etherscan.io/tx/0x0ceb3ebc89f534c3299b88e4b0db85060b79251a67f69e2c0e97ea05895a041a
2023-03-19 00:57:11,True,4.221e-10,2.405e-13,421378375467.0,1.01368,0x03...501f,https://etherscan.io/tx/0x8afcd5ec4152c3c2d4430429ae6c8bb349001fb06f94969e53ad19a1d61fbc13
2023-03-19 00:52:23,False,4.061e-10,2.318e-13,389756801465.0,0.9035,0x43...93f4,https://etherscan.io/tx/0x5f6371154ddf5c6eb5783fc6153edc9b24450d1acd2f25f517645e27c3d3a839
2023-03-19 00:50:35,True,4.112e-10,2.344e-13,1701198562.0,0.0039,0xc0...de91,https://etherscan.io/tx/0x4519482995ee212d489af60b6f709b99715cf373f7f84051fe70e0fbc65211d0
2023-03-19 00:26:35,False,4.129e-10,2.336e-13,217487425714.0,0.5082,0x3c...4de1,https://etherscan.io/tx/0x5606be9fee3377db7322eeab30fc2c2fd239c3722953b4a3cc7149c468fd433f
2023-03-19 00:22:59,False,4.169e-10,2.356e-13,412222222222.0,0.9715,0x7f...d8da,https://etherscan.io/tx/0x59e4619b9b79aff69152ada1752040175b91b100552c8643d44b5afd130355d2
2023-03-19 00:18:11,True,4.218e-10,2.384e-13,11018841716.0,0.0262,0x7b...accd,https://etherscan.io/tx/0xbff4cbe54d330cbe1d0dc6c494734e02791560b9ba8953ad8e0605cd10719eda
2023-03-19 00:11:35,False,4.18e-10,2.372e-13,88036791348.0,0.2088,0x90...59e2,https://etherscan.io/tx/0x3b8090bf758df388d3a9754e2e9d836eda7b0cbb6cf9ebbb4e7a2c2e5ba9d242
2023-03-19 00:10:11,False,4.191e-10,2.377e-13,62668436012.0,0.1489,0xba...e5a1,https://etherscan.io/tx/0x5d47c19bb1fd1b1fb9c0e561ff25cf6ba015369e3df49a98a7f707299c5f8e37
2023-03-19 00:09:35,False,4.196e-10,2.379e-13,23310572169.0,0.0554,0x9f...935e,https://etherscan.io/tx/0x2b934a7f5303f84b8984ed235733983eda0bb09528fa069759fc83fe6a3d0770
2023-03-19 00:08:11,False,4.205e-10,2.381e-13,41981618769.0,0.1,0x66...5ff3,https://etherscan.io/tx/0x2eb62eda5debce496f12e17a2af5bb6bfd94b4310d9af43b12965984f570bfde
2023-03-18 23:56:47,True,4.237e-10,2.396e-13,37771070728.0,0.0905,0xa0...9828,https://etherscan.io/tx/0x2d0791cd8805851d25af9145b517fe11cddedf44591c01205e67d449cbdbbbdf
2023-03-18 23:50:47,True,4.238e-10,2.394e-13,11617885212.0,0.0278,0xc8...bf18,https://etherscan.io/tx/0x5026393817506a18287e36e32d0086465fc6da6d22977560bc24ddbe3caad318
2023-03-18 23:48:11,False,4.214e-10,2.38e-13,11111111111.0,0.0264,0x7f...d8da,https://etherscan.io/tx/0xbd3a30a03dbb52aed2154ec8eca7b2b65f805e90b9025be58af8812518819878
2023-03-18 23:38:23,True,4.251e-10,2.392e-13,79713396972.0,0.1907,0x30...9da5,https://etherscan.io/tx/0x9079d3e5a3e0f0675242d20bfe3b9d628b23b074ce6baed6ec755df82bb716e2
2023-03-18 23:37:47,False,4.225e-10,2.377e-13,43816147273.0,0.1041,0x71...e54e,https://etherscan.io/tx/0xf8825227a3d7315cd008f649c4c9c89a1c64cc4aea71c67fcabecc66d0c19034
2023-03-18 23:35:23,False,4.234e-10,2.38e-13,62668436012.0,0.1491,0xba...e5a1,https://etherscan.io/tx/0xbb4d6c3d16695f543bf7b5d4e6f352d21397f5b6b19b22edac813e091336cda8
2023-03-18 23:33:11,True,4.262e-10,2.396e-13,14890747433.0,0.0356,0x1f...ba07,https://etherscan.io/tx/0x2c1abb066db9ab7b51fb2b0d2c0935c5074d506f30fffd29638a7b4867fea8ff
2023-03-18 23:05:23,False,4.24e-10,2.384e-13,81521129574.0,0.1943,0x17...7244,https://etherscan.io/tx/0x2f8fe52f7e67921b224e87e03e6bf874ba86d9d4c0775a80a6e4e14afcd507c4
2023-03-18 23:02:11,True,4.255e-10,2.393e-13,246560634420.0,0.59,0x23...d0b2,https://etherscan.io/tx/0x110c16b678c8ccad5cac4936df0d85fd3c4c6a87e634961a2d5499c921c36aeb
2023-03-18 23:02:11,False,4.302e-10,2.419e-13,1478801751243.0,3.57802,0x36...597d,https://etherscan.io/tx/0xac54907edf063e0d834b79463ade57233b22b029d2b136fd28daffc3663941bc
2023-03-18 22:52:59,False,4.403e-10,2.472e-13,96697907133.0,0.239,0x78...5eb8,https://etherscan.io/tx/0x6912a7225922446a159e25e72abc29c5005ace750531f618040b58d4e1dc0cf1
2023-03-18 22:39:11,False,4.424e-10,2.476e-13,37631183552.0,0.0932,0x7e...6ec8,https://etherscan.io/tx/0xf82134a22f634a08004df55d2fe967448144496d88c703b041244c49e5833122
2023-03-18 22:25:59,True,4.37e-10,2.444e-13,1428240948785.0,3.49134,0x55...1919,https://etherscan.io/tx/0x85174732f682a9c64faa7b9e61242047353855d8641e156190eb3c71851416a4
2023-03-18 22:25:23,False,4.275e-10,2.391e-13,272253159228.0,0.651,0x12...0f2e,https://etherscan.io/tx/0xfbeeadcd82a6dd352e2735d3c70d8d6bd77b571a930ddd9df91e9b571df643be
2023-03-18 22:25:23,True,4.231e-10,2.366e-13,1478801751243.0,3.5,0x36...597d,https://etherscan.io/tx/0xd975c4a39804442ba43fa55e17ef33b64db499feda1c654059291c76392694ce
2023-03-18 22:22:11,True,4.15e-10,2.319e-13,2509096135.0,0.0058,0x87...5110,https://etherscan.io/tx/0x4cf0e2d3ca85d48a62e2420d3a89f25dd80d311cfdbc41d22fd2295cd5adc4ea
2023-03-18 22:11:23,True,4.138e-10,2.311e-13,259555632699.0,0.6,0xe6...fa09,https://etherscan.io/tx/0xae7fe198deb5c6f86fb11686ac92697b8d55f461a41ef14a9c03b58c34e8f643
2023-03-18 21:58:47,False,4.11e-10,2.292e-13,94657826495.0,0.217,0xc9...9fa9,https://etherscan.io/tx/0x3481b0c48d4f087eb7fbba4fc672a5cda439c1d3244f56ae2747b56baece8e9a
2023-03-18 21:49:35,True,4.149e-10,2.308e-13,30932062272.0,0.0714,0x11...7f6f,https://etherscan.io/tx/0xb69c7b69a73c4bccf96f8f34a4f0fed22c445cd60320d959baf8df4922aa71a9
2023-03-18 21:08:11,True,4.115e-10,2.303e-13,134584415554.0,0.31,0xbb...c2ef,https://etherscan.io/tx/0xf1fde73179c9834022b1085fa4ddd32b40d8094e0fceb87439a4bdc0f1e3bf03
2023-03-18 21:04:47,True,4.11e-10,2.297e-13,47193387572.0,0.1084,0x18...0902,https://etherscan.io/tx/0x84fa81ee83a64c27ea4825e0fb0e880324ae7574ae22f2999400bbabe00ef682
2023-03-18 21:00:35,True,4.109e-10,2.296e-13,8234700810.0,0.0189,0x5d...e324,https://etherscan.io/tx/0x7a35c7b8a28fd1151044b21da2ee176c222d73ff503ede54f39fa6242a1a6859
2023-03-18 20:59:11,False,4.15e-10,2.318e-13,1193173594533.0,2.76696,0xc8...f376,https://etherscan.io/tx/0x59e3b4737fc697dc8163098d31d48dcefc6015e4f90c6d978c6d0e4f5985596d
2023-03-18 20:57:59,True,4.242e-10,2.37e-13,10221935812.0,0.0242,0x07...6212,https://etherscan.io/tx/0xc5071084241067e24b2d2aaa1787856c0b8759871000e9372b60283ada1e5602
2023-03-18 20:53:47,False,4.224e-10,2.356e-13,24850137326.0,0.0585,0x26...3a6e,https://etherscan.io/tx/0xb523acdc5f56d98fc623073abdaa17f23e36bfa7a25547b89edc401b317492fb
2023-03-18 20:48:35,False,4.228e-10,2.357e-13,15758309452.0,0.0371,0x20...9b06,https://etherscan.io/tx/0xa31ac6a0f6c33b27428219212a1503d532418ed8cd733b0401e05fa12852ed78
2023-03-18 20:38:23,True,4.261e-10,2.372e-13,1158207434.0,0.0027,0x68...20ab,https://etherscan.io/tx/0x8a8aa4c1d612b735a45a6a45a6145e89656a67760993cede93fecff7b787a091
2023-03-18 20:33:59,False,4.241e-10,2.362e-13,126209507882.0,0.2981,0x05...93c8,https://etherscan.io/tx/0x801505bb67148bb20f11d1d89ce426ceeacbf887200b9a95cb0465da8c9ac54a
2023-03-18 20:33:11,True,4.228e-10,2.355e-13,789756801465.0,1.86007,0x43...93f4,https://etherscan.io/tx/0x743ea024d1e3470725910204689847de310b5aa99527aac6f826e322971fc29a
2023-03-18 20:18:59,False,4.156e-10,2.317e-13,43147473486.0,0.1,0x26...3a6e,https://etherscan.io/tx/0xb4d1146410d8ea4f5adb16a42dbddc0f0fe6640cf743e819c8728d53f46813a7
2023-03-18 20:15:59,True,4.174e-10,2.327e-13,544394613915.0,1.26712,0xaa...06b9,https://etherscan.io/tx/0x72d7530d1d17f131d16717ad86390c95de7c681174ab28b044dbf01afe038bf2
2023-03-18 20:13:23,True,4.115e-10,2.296e-13,78964700953.0,0.1813,0xf7...cada,https://etherscan.io/tx/0x9ecf01492c1af0351d6ff6adbacf064735c264bbdfc090b420cc792261053225
2023-03-18 19:56:11,True,4.076e-10,2.278e-13,526073112156.0,1.19851,0x6e...f542,https://etherscan.io/tx/0x023e09f4c3bf0d4b34f2be8af91d2efc3123a50e62fd4a2c17001228affe2043
2023-03-18 19:50:35,True,4.033e-10,2.255e-13,221659303330.0,0.5,0x7b...7b25,https://etherscan.io/tx/0x8aff5cea5f5ab630b2f57d1a101dd4504a0b5f9b4a9e23f8589467e49ccd946d
2023-03-18 19:49:35,True,4.017e-10,2.246e-13,80116393293.0,0.18,0x65...4a1d,https://etherscan.io/tx/0x2c1d526c76c16134ce55e10746c81ee48709423ce85fff086ca25aad92ab6619
2023-03-18 19:44:35,True,3.997e-10,2.234e-13,704754735975.0,1.575,0xd9...0da9,https://etherscan.io/tx/0x3fa2519641bcdc421e281f87a8dec9b84b360680af6306f074e42ea8dbc7e79b
2023-03-18 19:42:47,False,3.917e-10,2.19e-13,27150301794.0,0.0594,0x84...311b,https://etherscan.io/tx/0x2ae2b5741f6891d53d3945cd8cfde5988bf66deddcf81179f61cd7c7f7630670
2023-03-18 19:40:47,False,3.932e-10,2.2e-13,322607590000.0,0.7099,0x16...d213,https://etherscan.io/tx/0xd78a112b2716d402e83636f9e3b96da1bf3878ba00b8ef3636f8284570b77acc
2023-03-18 19:37:11,False,3.958e-10,2.21e-13,13614629345.0,0.03,0x1b...ea67,https://etherscan.io/tx/0x5ef1f796d925b9a60a9dbb555a423ac3733f9f387be160eff3ff5e95432f8202
2023-03-18 19:33:11,False,3.954e-10,2.213e-13,79950000000.0,0.1769,0xbb...c2ef,https://etherscan.io/tx/0x62caca2124ab4ad9b75019b8fbeebe4b9c92235c7c2eb309c884d4fb0bcf0e86
2023-03-18 19:21:59,False,3.965e-10,2.215e-13,7804686646.0,0.0172,0x2f...3a44,https://etherscan.io/tx/0xd13595c6a81b805c7d0bd76e1ac3e31fc6b09de61542701ba1ac29cc7d266917
2023-03-18 19:18:59,True,3.985e-10,2.229e-13,749758760105.0,1.67174,0x8e...ec0d,https://etherscan.io/tx/0x3ac6b02ee3487b11f595a583be9a3410ca1cb5e4e7002d06010a85b178765935
2023-03-18 19:15:59,False,3.884e-10,2.173e-13,14955000000.0,0.0325,0x04...48b2,https://etherscan.io/tx/0x8d68cb8fb33df08d30fe03c546fbabe21a9fc2dc340dcb286438a1188b97d0a3
2023-03-18 19:09:35,False,3.878e-10,2.173e-13,438977766.0,9.541e-05,0x7f...d8da,https://etherscan.io/tx/0xb9855f141d251760ecf30b3d025c36a2da775b780b113b9fce9782407c4354da
2023-03-18 19:08:59,True,3.884e-10,2.176e-13,344518737478.0,0.75,0x82...c38e,https://etherscan.io/tx/0x0bc639b664c86c208c8107d5533b8503cded0eed4db491499af712f484170b9e
2023-03-18 19:08:11,True,3.866e-10,2.167e-13,3659220357.0,0.0079,0x7f...d8da,https://etherscan.io/tx/0x097dcd2c321d6287023c6e8ca09300a394b670f406b5b1d2bbd5ce48357e9967
2023-03-18 18:59:23,False,3.922e-10,2.196e-13,1500000000000.0,3.29511,0xae...c206,https://etherscan.io/tx/0x83229f0b7be59889863e9c9c81a2dcbb6b22e580484417365f8c54f0db9a6718
2023-03-18 18:58:47,True,4.02e-10,2.252e-13,44398541303.0,0.1,0xd5...24a6,https://etherscan.io/tx/0xb952e64f729da6e5e349ab395b37b168606a33a5218d50401f3e613c74351bb0
2023-03-18 18:56:47,False,3.988e-10,2.237e-13,7790000000.0,0.0174,0x2f...3a44,https://etherscan.io/tx/0xd5c055c3a66af561f5ce8b4d48fd26c43e6bb5d8da7b901f673f140d0e945742
2023-03-18 18:53:35,True,3.995e-10,2.243e-13,258442581622.0,0.5798,0x23...d0b2,https://etherscan.io/tx/0x9fd75e4fce96b44647e24f9897097e31a960d72f609e7e6ae9f3042a1dbde4b5
2023-03-18 18:46:11,True,3.974e-10,2.235e-13,9731057885.0,0.0217,0xfe...c948,https://etherscan.io/tx/0xd4d43acb46094f748fb8f6055be0de036aea4e72b56181c8cdb5d866896bc69a
2023-03-18 18:44:59,True,3.962e-10,2.232e-13,89568040502.0,0.2,0x7d...bc37,https://etherscan.io/tx/0xae14cfa9e77c0ce920e75eb7e8de369eb2300cf55ab46bd8c64864670b84f792
2023-03-18 18:40:11,True,3.957e-10,2.23e-13,888900224.0,0.0019,0x7f...d8da,https://etherscan.io/tx/0xcfc50e6755517426e72ccc8cda0d4b2e6a1ce3dc4912f45ea7be5e9b44b69719
2023-03-18 18:39:11,True,4.018e-10,2.265e-13,348486251956.0,0.7894,0x7f...d8da,https://etherscan.io/tx/0x6ec60b4a86eda5c0cb4ead6b277391ac5ad14a79a4108a5b7b21a2851603a6c1
2023-03-18 18:37:59,True,3.914e-10,2.208e-13,27617794824.0,0.061,0x6e...715f,https://etherscan.io/tx/0x7bcf3dbd648b5bc9849ff4961c109db1a94f97286a2c996dafe11da9f3519c97
2023-03-18 18:37:35,True,3.903e-10,2.203e-13,179179744049.0,0.3947,0x7f...d8da,https://etherscan.io/tx/0x5c332d3f8828ea84a150343c9e31c45618d3c6a1f3205f5399a20bf52d636e5d
2023-03-18 18:33:35,True,3.883e-10,2.19e-13,250000000000.0,0.5476,0x33...7c65,https://etherscan.io/tx/0x189a6790248fa339df816e9c50e438de9dc83617fe23fbc6d3c00d6a299e4e0b
2023-03-18 18:32:59,True,3.844e-10,2.177e-13,229668179256.0,0.5,0x12...81a7,https://etherscan.io/tx/0x26ae88eefd76204269e6e5c6148c3b9f56f3be06eb75dec669aa8e2e114806d0
2023-03-18 18:31:23,True,3.833e-10,2.158e-13,812930256610.0,1.75485,0xda...8a36,https://etherscan.io/tx/0xcaba1846b7ea468a4294582bee0dd6b9e22b4934c8793fe38107d5ba0d041afe
2023-03-18 18:30:59,True,3.758e-10,2.116e-13,708617132860.0,1.5,0xda...8a36,https://etherscan.io/tx/0x6333eff2da96e5266940092f31458f550106ea1f9c10158a9643642a01061f59
2023-03-18 18:28:47,False,3.729e-10,2.097e-13,851463120742.0,1.78586,0x6a...da3e,https://etherscan.io/tx/0xd9f0e751399f0719b60f138102185de633a50dbd299c13da673408a38fee317b
2023-03-18 18:27:35,False,3.778e-10,2.125e-13,188196824773.0,0.4,0xbb...c2ef,https://etherscan.io/tx/0xd4218f727f3bc0b1e02675822c4b261a398ba62daec2d03060c131fc55863b02
2023-03-18 18:23:59,False,3.844e-10,2.155e-13,1106644852502.0,2.38513,0xda...8a36,https://etherscan.io/tx/0x1d0e4e4913b373052ac212f1d60360f4c557b683b8383c75cce64b8c268633e7
2023-03-18 18:23:23,True,3.921e-10,2.198e-13,261158779550.0,0.574,0x12...0f2e,https://etherscan.io/tx/0x44a6c9e2ceaabe17f61736066630b3f0f804753fc3622798ae1154869cf523de
2023-03-18 18:23:23,False,3.955e-10,2.216e-13,1361027396328.0,3.01734,0x36...597d,https://etherscan.io/tx/0x8daab4a5dbd02d7745640111f45909c1cd06fdeab187543cbd18d41a7371c78b
2023-03-18 18:15:59,False,4.056e-10,2.268e-13,394627698491.0,0.8953,0xcf...fcc7,https://etherscan.io/tx/0xdb9247d965f0ae0a7442907e422bbfb9578e22662893e1159984cd267a20e0b9
2023-03-18 18:14:47,True,4.101e-10,2.293e-13,24265703686.0,0.0556,0x90...59e2,https://etherscan.io/tx/0xef40aa4e8cb87830f7bd2534c52dc62c90c8462f182f897a988fc541d3f61963
2023-03-18 18:13:47,True,4.095e-10,2.29e-13,90781077957.0,0.2079,0x28...f3d1,https://etherscan.io/tx/0xb474230fe8ee353106f140d1271052878076cc45c33d68544be580aad540b64c
2023-03-18 18:12:23,True,4.087e-10,2.286e-13,24348164354.0,0.0556,0x90...59e2,https://etherscan.io/tx/0xe1e3f900c5ec9b600a8d3f766305e72fd95c56e7f2e9d585f06aa713df935664
2023-03-18 18:12:23,True,4.086e-10,2.285e-13,8673843479.0,0.0198,0x7f...d8da,https://etherscan.io/tx/0x028ccde01ce321f182f8e88f7b71f0bc73581e9f9229946ebc590980b1f1ba87
2023-03-18 18:11:47,True,4.082e-10,2.284e-13,43782673904.0,0.1,0x92...4a66,https://etherscan.io/tx/0x69e7e70949c5fe5e4e1aa7848d9968db6964f3c8b432aedc8b31c1c3d3f35f90
2023-03-18 18:11:35,True,4.078e-10,2.281e-13,39102767533.0,0.0892,0x7f...d8da,https://etherscan.io/tx/0x7977f7fdbd67c03214da0d467359bcf36c205a35c9e1ffccfaad0b84f99d1438
2023-03-18 18:11:35,True,4.076e-10,2.28e-13,4341781394.0,0.0099,0x28...f3d1,https://etherscan.io/tx/0xe81cc23ba44f0845ccfdd39f557b68c8847cb6db9fbada3c89f57d79c5ce3da0
2023-03-18 18:11:23,True,4.075e-10,2.278e-13,43884573242.0,0.1,0x92...4a66,https://etherscan.io/tx/0x3af974c42096015e362d07b5c95b1d4b424571950f31de44c6722d87908269e4
2023-03-18 18:05:47,True,4.058e-10,2.261e-13,526195130788.0,1.19,0xdb...b51b,https://etherscan.io/tx/0x630f0380258280648617e7345d29fb84502e1e147521bdbba75892319f8e1e8c
2023-03-18 18:03:47,True,4.015e-10,2.233e-13,425389786044.0,0.95,0x98...0ad4,https://etherscan.io/tx/0x111f46fe7b062c4c629a2e20eda821a8075a1a3978cd65d2c88437cce15dedaf
2023-03-18 18:01:35,True,3.966e-10,2.214e-13,225815002286.0,0.5,0x76...7c84,https://etherscan.io/tx/0xd5b0d19e64e921f173098ed7e4b48bf164316727a629269eadf89d5ead369011
2023-03-18 17:56:35,True,3.943e-10,2.2e-13,253410146140.0,0.5575,0x99...a63b,https://etherscan.io/tx/0xd485ecdb4c0563dc8de88ec2024bbd4c69761f2da36d4d1fff75d6643a8b09bc
2023-03-18 17:54:47,True,3.935e-10,2.193e-13,2260021293.0,0.0049,0x7f...d8da,https://etherscan.io/tx/0x411282087ccd492de73d33a44d330c601de6b7420e28430ab5cf9ee8648cc036
2023-03-18 17:52:23,True,3.919e-10,2.192e-13,18188228876.0,0.0398,0x7f...d8da,https://etherscan.io/tx/0x30802fab064525ea814bd42f65dc7d13c69657f0d500f5d018eb92b3c3d5a468
2023-03-18 17:49:23,True,3.932e-10,2.189e-13,83849993138.0,0.1835,0x5f...900b,https://etherscan.io/tx/0xc2d4128dee3d8552cb71342317bd023f19e38d3d2e1d3a4df2636a699dca9184
2023-03-18 17:48:59,True,3.927e-10,2.187e-13,2279327430.0,0.0049,0x99...bcb3,https://etherscan.io/tx/0x527d73481047184cc8a5d18e6f281f80088ffdd1f3cb7e8b91bae50e4b0e107d
2023-03-18 17:45:47,False,3.908e-10,2.193e-13,682554336046.0,1.4971,0x09...5655,https://etherscan.io/tx/0x09f241de5c6da1920bbb1afa0e5055aa1a6c6311a4ffb971f27812c48cb906a8
2023-03-18 17:44:47,True,3.904e-10,2.187e-13,1361027396328.0,2.9767,0x36...597d,https://etherscan.io/tx/0xf06b9c85d9add4196104bdd03911911fe74d3c63c580188a28ac78650afa2ad4
2023-03-18 17:42:23,True,3.801e-10,2.137e-13,394627698491.0,0.8436,0xcf...fcc7,https://etherscan.io/tx/0xbf4a07f0366623c89fcff817a42363fb9241e77c0fb49227f8f5a79b8c7f6aaa
2023-03-18 17:40:59,True,3.761e-10,2.125e-13,37631183552.0,0.08,0x7e...6ec8,https://etherscan.io/tx/0x16eaf5ab14b377ac427433b45dc2dc56880e5592ae6d62f4f1f4bb2d4730c03a
2023-03-18 17:36:11,False,3.722e-10,2.115e-13,117228234396.0,0.2479,0x48...0e23,https://etherscan.io/tx/0xdffbfd1c522d8024f1281f59c2869bda79b96886e6902b8fef09514a9d5aa315
2023-03-18 17:35:35,True,3.741e-10,2.129e-13,80149662442.0,0.1706,0xd1...4001,https://etherscan.io/tx/0x8618fae78bcefc991c868e5f20bf616ec215f036de4cfffd615dd4c7b0738f3f
2023-03-18 17:35:23,False,3.782e-10,2.152e-13,1400000000000.0,3.01397,0xae...c206,https://etherscan.io/tx/0xef17478ac20518994e3e2167454a9f2f457df01b599880829b1bb65c57e3b5bc
2023-03-18 17:32:47,False,3.87e-10,2.203e-13,404273001578.0,0.8909,0x01...f48b,https://etherscan.io/tx/0x8dcc4b605d31a44f3ddc21fe4d06f20400e67e754c8d1fb53952e0f463456135
2023-03-18 17:31:23,True,3.89e-10,2.218e-13,339259201019.0,0.7527,0x12...0f2e,https://etherscan.io/tx/0x3fd651b0a7bd35c9604bbf230f64678e2454e6b6c2c26ccb01a34019edb00421
2023-03-18 17:31:23,False,3.958e-10,2.244e-13,1656347415128.0,3.71758,0x02...880f,https://etherscan.io/tx/0xc7234bbea41529d4b6cf2a395ad749708a7d888c4bdf740018ee280410bdbc2b
2023-03-18 17:26:11,True,4.12e-10,2.307e-13,25926780701.0,0.0598,0x79...f552,https://etherscan.io/tx/0x63669be5321a805d6c14370e92ed35074eb5ca8d3e4150a0eac07d040b111fec
2023-03-18 17:22:47,False,4.114e-10,2.301e-13,301770966820.0,0.6945,0xa0...3fa6,https://etherscan.io/tx/0x19d74119ededfca7de43b5dfabc32961d19f7aba0c257ae3cb359c5122a78fc2
2023-03-18 17:18:59,False,4.135e-10,2.313e-13,85841217336.0,0.1986,0x50...7b19,https://etherscan.io/tx/0x57289d250cf074dc7495bd451b6a4003368e7315bcde44868b0a7a163456152f
2023-03-18 17:17:47,True,4.163e-10,2.33e-13,5915834351.0,0.0137,0x82...c2be,https://etherscan.io/tx/0xe117d22e71704fdee809fbdd02696e4a6ae52c94936f0a444cba881b76d7c627
2023-03-18 17:17:11,True,4.161e-10,2.329e-13,21304814481.0,0.0496,0x9f...935e,https://etherscan.io/tx/0xb34b76f1903027635ef3d6a85a3c0fe009d56b1d6c330d0ab046e056c8171284
2023-03-18 17:12:59,False,4.164e-10,2.325e-13,341984406036.0,0.7952,0xdd...e026,https://etherscan.io/tx/0xa3647962f0f90864ffb2d2a4a71e3b73b709dc4568b00f39b43c7f87d0d08081
2023-03-18 17:04:59,True,4.175e-10,2.339e-13,341984406036.0,0.8,0xdd...e026,https://etherscan.io/tx/0x1cfb539e4b4e0478c15e56c4aa133521527d162891649d24cdd4a36f498dc785
2023-03-18 17:04:35,False,4.144e-10,2.324e-13,301522297983.0,0.7007,0x2c...a61f,https://etherscan.io/tx/0x99bbab88a828cc94e29f66cb2c49b4646a8c10e5338c7f8d4d5e9ce93136a9cd
2023-03-18 17:04:23,True,4.094e-10,2.296e-13,1656347415128.0,3.80302,0x02...880f,https://etherscan.io/tx/0x3fc52e0e0d89b5573353e69c24e4dced2280e2f0a3049e89f2ca088fcdc2669f
2023-03-18 17:04:23,False,4.17e-10,2.338e-13,3445159743345.0,8.05725,0xb3...d148,https://etherscan.io/tx/0x37900fb86f050557d3078f2a6789b20f5cd3b59b3ea53e602863140846f51559
2023-03-18 16:58:11,False,4.417e-10,2.473e-13,700000000000.0,1.7316,0xae...c206,https://etherscan.io/tx/0xc3492de1f38107a52b8810d5999ff79fc9cd691592927f0eb888d26f655b2057
2023-03-18 16:43:59,True,4.477e-10,2.509e-13,84983202715.0,0.2133,0x28...3be4,https://etherscan.io/tx/0x72d9262fc8b4fd0995428c0415ed4fa06dd714226764bdd812d07813f5b6815a
2023-03-18 16:36:47,True,4.473e-10,2.501e-13,150000000000.0,0.3752,0xb9...565c,https://etherscan.io/tx/0x985689888c6541be6827b976a201fa335f9d78048a8932d28d3522f6c93688a6
2023-03-18 16:34:59,True,4.46e-10,2.495e-13,30678950336.0,0.0765,0x47...b3bb,https://etherscan.io/tx/0xca1553e853430a530f0e3d8c91f6d059ea094fefbc1256acf51ecb71b63c843b
2023-03-18 16:33:23,True,4.478e-10,2.491e-13,72237000001.0,0.18,0xfb...6bfd,https://etherscan.io/tx/0xdc8bc43bcb6a2a16fbd76ead909cadeecbebff17aa6003d69e79030665ccdf66
2023-03-18 16:29:23,False,4.5e-10,2.503e-13,850000000000.0,2.12836,0xae...c206,https://etherscan.io/tx/0x1237e6beec820182d983fc0bb644eeb59301ea3657926389203226a13360f3bf
2023-03-18 16:28:47,True,4.595e-10,2.548e-13,11770980089.0,0.03,0xba...a06d,https://etherscan.io/tx/0x80bd05dec02d95d7a450b0fd1fe73216ae961cfa20c33aafe23afd89b551610c
2023-03-18 16:15:35,True,4.58e-10,2.534e-13,394614581575.0,1.0,0x96...2629,https://etherscan.io/tx/0xe8eeeced514ff6efa6882359b8ca8ccf66b9b00498c43ebf4720948c152abe51
2023-03-18 16:09:47,True,4.546e-10,2.519e-13,29772708741.0,0.075,0xdd...7634,https://etherscan.io/tx/0x10c415f5b6613c615e382ea48acdc10713c0ae4c940c72bc28b6cbb6d0fd402f
2023-03-18 16:00:23,False,4.588e-10,2.527e-13,688123429735.0,1.73906,0x72...8bb7,https://etherscan.io/tx/0x660c38d7b499f3540455878ef1aeef8ec847157dc699e84eabf08642b97a493b
2023-03-18 15:57:35,False,4.639e-10,2.554e-13,73850619600.0,0.1886,0x57...e124,https://etherscan.io/tx/0xa6d86e13c0f9d915b878a2f43c3cff63de22a30ddc0f6e9c0d5c4a6ddf711606
2023-03-18 15:48:47,True,4.67e-10,2.571e-13,20000000000.0,0.0514,0xba...e5a1,https://etherscan.io/tx/0x7f07a69e79b74f028a3553ea7e196d2a6782c5090530219e0ff5f46c3d1c4260
2023-03-18 15:46:47,True,4.655e-10,2.567e-13,105336872025.0,0.2704,0xba...e5a1,https://etherscan.io/tx/0xccad1c99a9c75bd11e8bb98e8c157b71d283fb838735e6272479f339277b29cc
2023-03-18 15:45:47,True,4.647e-10,2.559e-13,117228234396.0,0.3,0x48...0e23,https://etherscan.io/tx/0x1f50f3b9e4742ab94b87eb71ca40d88a9bcd721c29d28e9d3256d3170e2400b5
2023-03-18 15:43:35,True,4.695e-10,2.582e-13,662182990796.0,1.70987,0x97...b2dc,https://etherscan.io/tx/0x28821d2a26b83727fdd6aa276af5a43487653d924ea64e71489e6f3db607b8f6
2023-03-18 15:39:11,True,4.536e-10,2.492e-13,802453756680.0,2.0,0x12...81a7,https://etherscan.io/tx/0x22fd01e5837b768848fe89dd355f2a8abacfeb4a3e86c268ff63c745ed81757f
2023-03-18 15:37:11,True,4.447e-10,2.443e-13,270133185257.0,0.66,0xcf...e796,https://etherscan.io/tx/0xfa27405f9d8244c51ab46433a1a269a1d6e17ec5b02d632e152b3c1c6123d32b
2023-03-18 15:36:47,True,4.429e-10,2.433e-13,32880310408.0,0.08,0x5f...900b,https://etherscan.io/tx/0xebababc1e6299e85dbe045d101f5ba0bfff2e9b4cdbd720e95e76edc5454eed9
2023-03-18 15:35:35,False,4.501e-10,2.471e-13,1746799217650.0,4.31783,0xa8...a42d,https://etherscan.io/tx/0x31daca31b3f3ea43b27c831c28fab160eaca73e9aabc7e076ede1bde8e0357b0
2023-03-18 15:31:11,True,4.649e-10,2.552e-13,7835420001.0,0.02,0xfb...6bfd,https://etherscan.io/tx/0x2a7456ffe7078b06e4854f653f01f778f72e0825f7f5f9db62ba3f4281e5349c
2023-03-18 15:30:47,True,4.645e-10,2.55e-13,58820953503.0,0.15,0x5f...900b,https://etherscan.io/tx/0x5de60eccd8233dfcec7a199c54c4e6cce148b98b47eabe0c03fe6154bc3fc00d
2023-03-18 15:29:11,True,4.638e-10,2.546e-13,41625632732.0,0.106,0x66...5ff3,https://etherscan.io/tx/0xb4681918032b939a6b1a4870db7302af224a0c544af4a4d8ef44cc78f913a6b2
2023-03-18 15:27:11,False,4.654e-10,2.558e-13,800000000000.0,2.04683,0xae...c206,https://etherscan.io/tx/0xef7dbbd57776ea19df133006e5f85f5a7635ab00f200e1e5851d7b77a20bf639
2023-03-18 15:27:11,True,4.718e-10,2.593e-13,258330306604.0,0.67,0x7c...d24d,https://etherscan.io/tx/0x449591ad1cc6374f46f9fc629ecfc06c13df14539a646b11e0ace1628cfdf6e0
2023-03-18 15:26:23,False,4.721e-10,2.594e-13,700000000000.0,1.81603,0xae...c206,https://etherscan.io/tx/0x4cebabdce6cb4492328e309dfd6662ad23eb1050478ff555e652f111e98e5cc0
2023-03-18 15:25:11,True,4.78e-10,2.625e-13,290836133696.0,0.7634,0x76...7d5e,https://etherscan.io/tx/0x22128911a127c0f23748dea193072e745efe5a655f514692073f5fd571075965
2023-03-18 15:25:11,False,4.827e-10,2.651e-13,1396933936777.0,3.70365,0x36...597d,https://etherscan.io/tx/0xe2c2454d3e4377b09d6f499f3340f1ccec83adc71c791a8991c36ce9095dcf08
2023-03-18 15:23:47,True,4.951e-10,2.719e-13,35788706570.0,0.0973,0xa5...f7a1,https://etherscan.io/tx/0x58ecb0fc75de24aa23e90d846b614c841d873d26d49f4e18a8f5c15e2859cfbe
2023-03-18 15:22:11,True,4.941e-10,2.715e-13,84870500001.0,0.2304,0xfb...6bfd,https://etherscan.io/tx/0xac327d656c31546445288d505318ecae09af5552dbf427838a86a55c3e943bd4
2023-03-18 15:22:11,True,4.93e-10,2.709e-13,63844789316.0,0.1729,0xa5...f7a1,https://etherscan.io/tx/0x804d9f0530b9ad9b0342db9dbe6d529a9bc66f2c60458c92c74998931e601f7c
2023-03-18 15:19:47,False,4.912e-10,2.7e-13,251761487648.0,0.6798,0x7c...d24d,https://etherscan.io/tx/0xb3b70c194480ffd98265a9c1379455d96c96598168ec41f773b83b6f51dc6435
2023-03-18 15:18:47,True,4.959e-10,2.726e-13,2908607151.0,0.0079,0x63...f269,https://etherscan.io/tx/0xa026d6b24e87852e3e311b85538fb7281b67ee7aed3c68a047e4a4bfc47ab97d
2023-03-18 15:15:23,True,4.951e-10,2.725e-13,12000612683.0,0.0327,0x42...2951,https://etherscan.io/tx/0xad6d68345d406db4c36381e072a0416c9473d539722417f0f1e5a2da903940df
2023-03-18 15:14:47,True,4.936e-10,2.718e-13,182304282368.0,0.4955,0x46...3cda,https://etherscan.io/tx/0x40212d3775553b68fa79f5fa913544ec6edda33108b82d58156b24d1de507238
2023-03-18 15:13:59,True,4.921e-10,2.709e-13,35061481560.0,0.095,0x79...f4be,https://etherscan.io/tx/0xac2950e8fc75248eeb1f902026179c71c119968b31989c60ff1cdf1ccbf21b67
2023-03-18 15:11:11,True,4.921e-10,2.708e-13,366026865.0,9.912e-05,0x63...f269,https://etherscan.io/tx/0x1754e9688c25d179244fe778202aebd7215f6337e1f37b0ff8eee287f37a9eb9
2023-03-18 15:02:35,True,4.761e-10,2.622e-13,2258508198226.0,5.92185,0xda...504f,https://etherscan.io/tx/0x195d7731b09db31737c20721decaf61767fd434d4307baaa2a5d5883d74d7ec4
2023-03-18 15:02:23,False,4.597e-10,2.531e-13,224109930819.0,0.5673,0x23...d0b2,https://etherscan.io/tx/0xf906d320035a8353187099db9187f6596aafee9ce628d877a5e9cbbed60136b3
2023-03-18 15:02:11,True,4.549e-10,2.505e-13,1396933936777.0,3.5,0x36...597d,https://etherscan.io/tx/0x2e55c04fc44861b2262a9050efdf24bb5b7213ad4968904fb8a378eb0bd12645
2023-03-18 14:58:23,True,4.455e-10,2.452e-13,132352296681.0,0.3246,0xa7...e3ca,https://etherscan.io/tx/0x86f702139e91476fa316602c690c45772d69c4f121c76cb69bf35af7404f2d24
2023-03-18 14:45:59,True,4.444e-10,2.445e-13,68687473211.0,0.168,0xee...4d67,https://etherscan.io/tx/0x161fce57503cb27f2cc7a76eed7bbe3c0fcc2ad3204200573d333168405985dc
2023-03-18 14:42:23,False,4.416e-10,2.432e-13,102981366184.0,0.2504,0xf3...bf25,https://etherscan.io/tx/0xbf2316872ed5db809ca4d5e0738275707cb7137906a207ea069fcfa1ea433820
2023-03-18 14:38:23,True,4.447e-10,2.449e-13,32789785160.0,0.0803,0xac...ec68,https://etherscan.io/tx/0x2f6c0f491651f0ee4d7962eb219d9f1ca0df0abb35815de586bcf3fe240dc8f3
2023-03-18 14:35:23,True,4.43e-10,2.441e-13,204804603913.0,0.5,0x6b...f9dc,https://etherscan.io/tx/0x5fd60fcf560ad5f20a07f473a513191bbf3a5219e98bfe681ee206044f32eb18
2023-03-18 14:34:11,True,4.42e-10,2.431e-13,82246272996.0,0.2,0x5f...900b,https://etherscan.io/tx/0xfc520ccc3c12667bb606241a489171cad827d40fef6ff4ff2df23d4d474e57ad
2023-03-18 14:28:59,False,4.415e-10,2.427e-13,610505142239.0,1.48201,0xe7...3066,https://etherscan.io/tx/0x3ec654ccaf02530b2843c30b955291c30853d49e281aaabf1ea872f36285672f
2023-03-18 14:14:47,True,4.524e-10,2.473e-13,404273001578.0,1.0,0x01...f48b,https://etherscan.io/tx/0x680c98e4f7b1979304b2c458f9b228906c1a84753e891f5e70becd1a33d48fda
2023-03-18 14:11:35,True,4.454e-10,2.442e-13,1842335730.0,0.0045,0xca...f836,https://etherscan.io/tx/0x5989bef7ff2afe23903d4093e7645bf5fbbd474610205f32a6aff4d93b2f23c5
2023-03-18 14:09:23,True,4.448e-10,2.442e-13,13987608486.0,0.0341,0xca...f836,https://etherscan.io/tx/0xa0f337429a254d13d0fdb1feb6363922e14ec110e40ed51e8204f95307a22ac1
2023-03-18 14:05:23,False,4.427e-10,2.427e-13,13109339664.0,0.0318,0xf7...9e1e,https://etherscan.io/tx/0x2ff8011bccafb4ae9ea13f406a109d9db64a8f36c665e23cb754cfa8ab4e0b6d
2023-03-18 14:02:23,False,4.439e-10,2.43e-13,93942392874.0,0.2283,0xd8...14b0,https://etherscan.io/tx/0x0704a38a384f310ec21a138e18d06c8e60e28b107d7109486ed84769d1028901
2023-03-18 13:58:35,True,4.467e-10,2.445e-13,81521129574.0,0.1994,0x17...7244,https://etherscan.io/tx/0x4d56ed818187a2806a9cd753afee47f73e91775da8ff88fe5e564e4d19a8d265
2023-03-18 13:52:47,True,4.459e-10,2.439e-13,112818773414.0,0.2752,0x6e...75fb,https://etherscan.io/tx/0x8df4362f785f5d89b97ff6cbb3c0da71fb374019a97f59918319b8b70208b3fd
2023-03-18 13:51:11,True,4.444e-10,2.432e-13,82206352342.0,0.2,0x65...df41,https://etherscan.io/tx/0xb4fc5e4b37a3db1134219373afc0e5b52de1cce2672d912d00a135171adb788b
2023-03-18 13:34:35,True,4.401e-10,2.428e-13,50237297214.0,0.122,0x96...2d3c,https://etherscan.io/tx/0x3b3b7360dfdf5f99e38a7c567915ce133067b05d98383f2f4686bb4779548cf4
2023-03-18 13:26:59,True,4.384e-10,2.426e-13,19314098808.0,0.0468,0x32...7124,https://etherscan.io/tx/0xd3feaca68d29b582b653bb30fd1a98e8323005b3a736a873bb5d25ba9e1ff5ce
2023-03-18 13:20:23,True,4.357e-10,2.413e-13,356302906161.0,0.86,0x73...a8e4,https://etherscan.io/tx/0x6f6f64aaa24ed410222d0f6b4c21ea6cb750ad0c3ac4e89c14b2345e252cb1a5
2023-03-18 13:19:47,False,4.31e-10,2.387e-13,998238777.0,0.0023,0x04...1476,https://etherscan.io/tx/0x860568f8fbfb2d2167212dcee7b1657076c1806c1950e17c5527b3db13da0515
2023-03-18 13:18:11,True,4.342e-10,2.4e-13,45448909524.0,0.1091,0x9f...935e,https://etherscan.io/tx/0x4ed666e9e87c42226efb94caf7f30d71cdabf97d4be95f625411fb690b00ba04
2023-03-18 13:15:23,False,4.314e-10,2.387e-13,72771097741.0,0.1737,0x57...29c8,https://etherscan.io/tx/0x162a16e89e44e506f266ce37b961f1a9f2802b3f10d80765df49fe7dd38ed2b4
2023-03-18 13:12:23,True,4.34e-10,2.398e-13,148756182093.0,0.3568,0x3e...2946,https://etherscan.io/tx/0x6c3a4b6b8fbbbd53fe3704eee0defe3d78a7300b91dd36896a3fe5403d7a9282
2023-03-18 13:11:11,True,4.331e-10,2.393e-13,11245961227.0,0.0269,0x93...9118,https://etherscan.io/tx/0x7edc87ec91b1d0e1cdff8d48ec32e0cc0f14c6c21ef0da596b3f9bfff0ca838c
2023-03-18 13:10:11,True,4.32e-10,2.387e-13,545843777158.0,1.3032,0x09...5655,https://etherscan.io/tx/0xb761808d973740a83d3777a7acc6b4a51ad6419f8d3a113297fc1782c71bc848
2023-03-18 12:44:47,True,4.258e-10,2.351e-13,574098291008.0,1.35,0x4c...ba81,https://etherscan.io/tx/0xcee39c22693b9952ad937899e3714ac0798aa9288056dcad87c9870e749c58dd
2023-03-18 12:41:47,False,4.213e-10,2.326e-13,611171539313.0,1.42212,0x01...f48b,https://etherscan.io/tx/0xa515b7ff3a495136e8c7b4fb5779e7fb946df88041f63044c9eb9ffa758a6c46
2023-03-18 12:37:59,False,4.249e-10,2.346e-13,22396236853.0,0.0525,0x90...e888,https://etherscan.io/tx/0x83c8c64c0452662b9126e95a0bbe719cddb1fd7ea38f48e6b831773924e43d16
2023-03-18 12:24:35,False,4.254e-10,2.347e-13,12425465037.0,0.0291,0x35...8e66,https://etherscan.io/tx/0x34f6ffe75a01bfbeae1c32a0c2f5710d664c906f3d24e9f099cec2b63e05f4ba
2023-03-18 12:19:23,False,4.254e-10,2.348e-13,1724262397.0,0.004,0xc6...8e3c,https://etherscan.io/tx/0x923dd51a1cbc55dea9cf278aa86fa6c4a47750a9802e79e54f8e0227592bcad5
2023-03-18 12:16:47,True,4.276e-10,2.359e-13,84752138657.0,0.2,0x99...f259,https://etherscan.io/tx/0x778de547eab7aa9c5e85993bb1c65374bb7666e2889b1ad9f2fe594e189275e7
2023-03-18 12:13:35,True,4.27e-10,2.355e-13,43701569229.0,0.1029,0xa5...239f,https://etherscan.io/tx/0xb5a3f79e8b033cb67c551b60ed50d453d9866e5eba3f0640defed6237fa719c0
2023-03-18 12:10:59,True,4.26e-10,2.348e-13,180570367168.0,0.424,0x35...7bc2,https://etherscan.io/tx/0x982c94c040913c5c732cebe87311b6059019915067fe4d576ef1327d079e052a
2023-03-18 12:00:47,False,4.247e-10,2.339e-13,346166108758.0,0.8099,0x23...bf63,https://etherscan.io/tx/0xc43f8395ad3fc9be2c944e2739a924c2be4b9b1808594bdef082c2c3d4c1ebaf
2023-03-18 11:57:59,True,4.313e-10,2.377e-13,350952258936.0,0.8342,0x3e...5656,https://etherscan.io/tx/0xbce6efe18c2b141b797a4ed5c4b7a7edfaf53f0267f7604b481d4917161d03f5
2023-03-18 11:56:47,True,4.248e-10,2.342e-13,13089840268.0,0.0306,0x2a...69a0,https://etherscan.io/tx/0xc5d2cc4121cda83bd19b02879a9ca9411c7791f1fd757923f8a227318d2d96d1
2023-03-18 11:45:47,True,4.247e-10,2.34e-13,34886950985.0,0.0816,0x9f...935e,https://etherscan.io/tx/0x795fe871913a185600af34aa3f0e6c388e21456b9493b6bca988bbed148fa741
2023-03-18 11:42:23,True,4.238e-10,2.335e-13,129461373124.0,0.3023,0x50...efcf,https://etherscan.io/tx/0x918ccd7cdcc67bc8ce1edf305383260d0296849a909c520b9bcf5667871e343a
2023-03-18 11:35:47,True,4.216e-10,2.325e-13,185157331235.0,0.4305,0x35...7bc2,https://etherscan.io/tx/0x83ad14aa6ad9836b327e4502d78496c5d6d00c431c0a6c9757ce197cd555800e
2023-03-18 11:34:35,False,4.186e-10,2.308e-13,82601250079.0,0.1906,0xc7...f7c7,https://etherscan.io/tx/0xa6eefa13b898d3d0c1358138538ca44e83096ad7f6393ac438a0aa22968b281e
2023-03-18 11:33:23,True,4.212e-10,2.324e-13,23618259734.0,0.0548,0xcb...9526,https://etherscan.io/tx/0x3157a6333b8a01a4cbab97ba1dd132e5b8ec9fce58050fb9f3d88de3df74684d
2023-03-18 11:31:11,False,4.221e-10,2.329e-13,647584674490.0,1.50865,0xdf...6e3b,https://etherscan.io/tx/0x6769100d15c43e7d9b354764461ba3556fa1d1ac496d6494308cde5ece2873f9
2023-03-18 11:29:47,False,4.26e-10,2.35e-13,18168795608.0,0.0427,0x11...47a8,https://etherscan.io/tx/0xc1bce543b53ecca2e2e5f4c40dc830b1bdd8d8b1729ba8c54d3fa0edacf1f530
2023-03-18 11:22:11,True,4.28e-10,2.359e-13,194989771175.0,0.46,0x35...7bc2,https://etherscan.io/tx/0xb22d78334fa5d2cfc6df931311bba24ea8122af7e47c747a0f7eca99c3fb5606
2023-03-18 11:17:11,False,4.257e-10,2.347e-13,286048380534.0,0.6716,0x13...fab6,https://etherscan.io/tx/0xf9067e0dd504acfc32f75eac04c06ef8409a9b8ab929a0771b1a04c9016b9bab
2023-03-18 11:14:59,True,4.3e-10,2.37e-13,6748368248.0,0.016,0x04...1524,https://etherscan.io/tx/0x93cde0f57960e7e5b66686fc84680a4d5f48cbe7c855252d0a3bf00bba8d0b83
2023-03-18 11:11:35,True,4.296e-10,2.37e-13,13748967545.0,0.0325,0xc7...f7c7,https://etherscan.io/tx/0x2726f0940dd6578405a0b1d00dd47c71325c9a96a3b178bac66ff4a2f188f0ad
2023-03-18 11:04:35,False,4.305e-10,2.374e-13,811225417987.0,1.92649,0x02...eb8b,https://etherscan.io/tx/0x26841243080aa0d13b192e08d767a23906f395e059c52abf6723f0634f86a89d
2023-03-18 10:46:11,True,4.377e-10,2.416e-13,191315272570.0,0.4622,0x35...7bc2,https://etherscan.io/tx/0x8e3235f9b5b329e1b52dc2e0fb259508907561f273ddf998ab5c568ab758a586
2023-03-18 10:32:47,True,4.348e-10,2.409e-13,14525242773.0,0.035,0x31...d1d5,https://etherscan.io/tx/0x248eae793af0cd72281bb918e495f9b055aee84df5bc88e7d16381598fa80e35
2023-03-18 10:14:35,False,4.342e-10,2.405e-13,315813326492.0,0.7595,0x0d...72a0,https://etherscan.io/tx/0xe8fd5eed85bd9e903dfe37bebeaec1a1b01924c2e01a6c1fbd85c9c94c656495
2023-03-18 10:08:59,False,4.371e-10,2.424e-13,270162263561.0,0.655,0xc8...e6a2,https://etherscan.io/tx/0x7c7090d689ea175c82d04c2b17c074a4d05e963fb5071f2b6169fe8c92831c15
2023-03-18 09:59:59,True,4.425e-10,2.446e-13,44632224063.0,0.1092,0x33...4493,https://etherscan.io/tx/0x1741e53cd3434c5896fae7068e7a48a9426b4b19fe9fb4eef0d79271c0ac01bf
2023-03-18 09:57:47,True,4.423e-10,2.443e-13,61230174381.0,0.1495,0xa2...0816,https://etherscan.io/tx/0x2962b9d435618eb2794bd48f9950bd2a31d081072da5584a12e87a17b1685d1b
2023-03-18 09:57:23,False,4.395e-10,2.427e-13,44288258974.0,0.1075,0xef...8f29,https://etherscan.io/tx/0x7912f50f3c8d5c7a4fe3ac06435916369d5b50ba80a643e19462777a1092e963
2023-03-18 09:44:23,False,4.417e-10,2.446e-13,505498128594.0,1.23664,0x3c...d369,https://etherscan.io/tx/0xd3d82cc1e874a47869ec2c93ee6114d488591cf43b40e31a4b88d7dbe6c61a39
2023-03-18 09:42:47,True,4.469e-10,2.474e-13,113726560210.0,0.2814,0x5b...7a22,https://etherscan.io/tx/0x4f6ba6c9cb553fb66062b7cec232f9c84c0c945b057d1b5584ffd0e7ec69bcae
2023-03-18 09:42:23,False,4.452e-10,2.465e-13,277521340057.0,0.6841,0x2c...65d4,https://etherscan.io/tx/0x9d342f4c5cb9d07a540a1c501c43d0ad5d5b8c4b8406f9c3c0998e72eca5adc4
2023-03-18 09:33:35,False,4.466e-10,2.475e-13,19846306425.0,0.0491,0xba...6a29,https://etherscan.io/tx/0xfba2e1bdc7b60216520b8674e90be3517f005a8cffe72a794502fa463518f10c
2023-03-18 09:31:59,True,4.481e-10,2.483e-13,220682279347.0,0.548,0x1a...e96d,https://etherscan.io/tx/0x1d6ce65b8684455b507ac4499e7920b688d64d994e0f738e7d57df7afd261e21
2023-03-18 09:17:11,True,4.43e-10,2.467e-13,225711702592.0,0.557,0x99...a63b,https://etherscan.io/tx/0x09c7bf1a614c993491310ba80ab0922e657c5a48d99aadedf3379c6b685327f2
2023-03-18 09:11:11,False,4.429e-10,2.445e-13,11100866913.0,0.0271,0x55...ce90,https://etherscan.io/tx/0x5d97ff92e9ea15f3088c99ac8a706b21d0507c739b26977815be0af9e6cd39c4
2023-03-18 09:10:59,True,4.455e-10,2.46e-13,22230227199.0,0.0546,0x92...27a7,https://etherscan.io/tx/0xe8fa6188e8f3933039ead42ff28f6e1b12475ddaad609cc46c7bdddad61585cb
2023-03-18 08:58:11,False,4.435e-10,2.447e-13,70000000080.0,0.1713,0xc1...529e,https://etherscan.io/tx/0x4da22eaebd88e353837fb0d61699de6f71b990da31743d400452ed42d49e7ddb
2023-03-18 08:52:59,False,4.451e-10,2.451e-13,50000000000.0,0.1225,0xcb...6bb9,https://etherscan.io/tx/0x249f32fe8e8a0e3e4a182f3f19faa2a87d40b0e07417276bc935808cc2edb062
2023-03-18 08:46:23,False,4.461e-10,2.454e-13,39082852633.0,0.0959,0x66...bbc0,https://etherscan.io/tx/0xb4e57de5caa71a4a5640a460d0e16a24f203e0167090cb6e45eaa8355ccb7f9e
2023-03-18 08:42:23,True,4.458e-10,2.456e-13,398904968690.0,0.98,0x01...f48b,https://etherscan.io/tx/0x576c61307b4759a21d203c2178cd59b70b31e1391de3398c4f56c7e5d6ae3ceb
2023-03-18 08:36:11,True,4.409e-10,2.433e-13,293668671061.0,0.7146,0xc5...6bbd,https://etherscan.io/tx/0x7ff841d4a1a04c85bd57a4575fbf784e35b53e62894af80f3f52714c12448169
2023-03-18 08:32:11,True,4.382e-10,2.417e-13,183489022318.0,0.4435,0x35...7bc2,https://etherscan.io/tx/0x6644699f43997a4cca318ffcce06d5ecb855f5ffdd62c5805a58903c0a63a5cc
2023-03-18 08:31:35,True,4.371e-10,2.411e-13,4134799994.0,0.0099,0x35...8e66,https://etherscan.io/tx/0x73916e020ac9c41511a9b3f83718a75c56c08a240443ce53e58846a26139a419
2023-03-18 08:30:47,False,4.349e-10,2.398e-13,45000000000.0,0.1079,0x35...1556,https://etherscan.io/tx/0xb616ce6c40472a8655fe5d46c51e01f7dfcc9db4584210732c11fbf8dd517abd
2023-03-18 08:25:47,True,4.378e-10,2.412e-13,41032651098.0,0.099,0x11...7f6f,https://etherscan.io/tx/0x18e257505feda5286516748fd6dc8269f78705617f367dd2873857394dc4fe82
2023-03-18 08:21:35,True,4.37e-10,2.411e-13,10406600739.0,0.025,0x6b...40cd,https://etherscan.io/tx/0xf5fe1343fb2b6136d9dc9ffe1db622816bf19222b5e37219d0adefd45709e65f
2023-03-18 08:19:11,True,4.368e-10,2.41e-13,4136013791.0,0.0099,0x35...8e66,https://etherscan.io/tx/0x03c9efccd303699cf09934ee20a2b78a40f0cf124940934dca86054e0b3c110b
2023-03-18 08:17:23,True,4.359e-10,2.405e-13,160100984971.0,0.385,0xa2...d924,https://etherscan.io/tx/0xcbf6e01df0e93213593109099f3307bdbc05b0bab0eedac31edb97214d79d085
2023-03-18 08:05:11,True,4.35e-10,2.399e-13,4154651252.0,0.0099,0x35...8e66,https://etherscan.io/tx/0xb04ab0c2b20183198a93b9287ee0f2024d3d9f542cf2aea555dcbfb81a9be17e
2023-03-18 07:55:11,True,4.336e-10,2.396e-13,89703391015.0,0.2149,0x1f...0e38,https://etherscan.io/tx/0x6a3601a48e3ff03adaf35db5e5f78c302e41bd8debf985031f4cd6682db20d8f
2023-03-18 07:49:47,True,4.318e-10,2.387e-13,188694864325.0,0.4505,0x35...7bc2,https://etherscan.io/tx/0xe0b752480e74db2079bbf0408cac116d9969c4acde8e77a19706028746c027c9
2023-03-18 07:47:23,False,4.302e-10,2.378e-13,348150990485.0,0.828,0xdf...3797,https://etherscan.io/tx/0xe4994d623e6e299c1c82a3aa575a564e5e83c1f0405c302dd86a552a21a9b0cc
2023-03-18 07:46:59,True,4.325e-10,2.391e-13,385764662468.0,0.9225,0x35...7bc2,https://etherscan.io/tx/0xa2caf9521fd0406c2d6ffb990ed4535b439815a69cbb43d71cac9a43692b98e3
2023-03-18 07:45:47,True,4.3e-10,2.377e-13,51642077450.0,0.1227,0x42...9469,https://etherscan.io/tx/0x1186168bb8aec122d73886c85915d3ca2c308d3f174c9e50285bbc09603da54f
2023-03-18 07:45:35,True,4.285e-10,2.368e-13,212012631828.0,0.5022,0x35...7bc2,https://etherscan.io/tx/0x2adece559f8d267253a2cd3608a3d0e65d3b6fa5780caa4b45e76837d4760051
2023-03-18 07:44:59,True,4.266e-10,2.358e-13,114183563932.0,0.2692,0x1f...0e38,https://etherscan.io/tx/0xff7fee0c69aa6c2b24871e4d0da62aae512df2f070dcf4c4c0469cf6f08a2fe6
2023-03-18 07:43:35,True,4.248e-10,2.347e-13,212960670767.0,0.5,0x3c...d369,https://etherscan.io/tx/0x81c9c6b70f4a89c10658aa9596c4ef42d080cef78eea97e2c5cc1ac789fbb344
2023-03-18 07:43:11,True,4.214e-10,2.329e-13,380136111427.0,0.8853,0x76...7d5e,https://etherscan.io/tx/0xa7aefd40a201b6b722059cc1fc224be9c6bcb8d6fd26a4a587ab0da3ee304eb7
2023-03-18 07:43:11,False,4.25e-10,2.348e-13,1438159471923.0,3.37779,0xff...d5f7,https://etherscan.io/tx/0xee41dcfa2a2c9c2656c8687529421f1802c239c573e8eb58a1ef1a427851b97c
2023-03-18 07:41:35,True,4.36e-10,2.409e-13,285597563.0,6.88e-05,0x2a...879b,https://etherscan.io/tx/0x2e0c2aef0343fc4c169675b5badbb85d412959183fd5880593c445285949d5d4
2023-03-18 07:39:23,False,4.346e-10,2.401e-13,196000000888.0,0.4706,0xff...739a,https://etherscan.io/tx/0x06d153b84f49f5f01755b7c4161f05eebd2dd58d384fbb12efe2ca04fb3e3624
2023-03-18 07:36:47,True,4.379e-10,2.418e-13,95082392874.0,0.23,0xd8...14b0,https://etherscan.io/tx/0x016c9d10553e4480b4b6a4a77e95a6dbb7f7175ee7bc2f31135a885eae173d5a
2023-03-18 07:35:35,True,4.365e-10,2.411e-13,132579609192.0,0.3197,0xfe...caf9,https://etherscan.io/tx/0x3736f7d4a2f51421b12d3ac4b849ee8ff7ec3fe4adfabde3f066bef7fb1e1aac
2023-03-18 07:34:47,False,4.351e-10,2.403e-13,338146555720.0,0.8128,0xac...cfe6,https://etherscan.io/tx/0x040c90d33055cd03c2d20d8582dd2042b24faa9fc1284f112416b63636e9fea4
2023-03-18 07:34:35,True,4.397e-10,2.429e-13,9437441792.0,0.0229,0xe2...c427,https://etherscan.io/tx/0x494296eb375647ac7fd550c57225875117368b606612daad2051cedbb0ded427
2023-03-18 07:31:11,False,4.368e-10,2.414e-13,18644394671.0,0.045,0xac...53fb,https://etherscan.io/tx/0x81b5f8452305df276207d53ff393a8cb9977ffcc413021fc45e98117ca4ff0f7
2023-03-18 07:28:47,False,4.379e-10,2.42e-13,165223137258.0,0.4,0xd6...f25d,https://etherscan.io/tx/0x6b9dafc437d8f198a84ef928379494315ab695fdf614b115f3a408ea3d3f6dcb
2023-03-18 07:28:11,True,4.414e-10,2.44e-13,20000000000.0,0.0488,0x34...b36c,https://etherscan.io/tx/0x0effa5feee6798ce9625a0fccf51c049478d7060e2ce5b19167a8104a9e7c4af
2023-03-18 07:25:59,True,4.412e-10,2.439e-13,14468783611.0,0.0352,0xe2...c427,https://etherscan.io/tx/0x21dc177fa70a3c1327e7c7a2d6ccd673b07983d24719e637118e57bbf27d63b9
2023-03-18 07:25:23,False,4.397e-10,2.431e-13,205673633706.0,0.5,0xd6...f25d,https://etherscan.io/tx/0x3ce1f6520688f1f64e05453496e9aa65e1c80c49a617d07c9e78afb86b6df112
2023-03-18 07:25:23,False,4.41e-10,2.438e-13,18463096700.0,0.045,0xba...e9be,https://etherscan.io/tx/0x6a2f6c35d619ad13d7a1434bb1cbc843cd244882c81279cdaa84f61e0c0cc1b5
2023-03-18 07:24:59,True,4.429e-10,2.448e-13,162886126617.0,0.3988,0x4f...4c34,https://etherscan.io/tx/0x2db3affeb4f2f46193b6686f9c1d9f281e1efa39e27aee2f0c5144e4173fbdc1
2023-03-18 07:18:47,False,4.408e-10,2.435e-13,208352235576.0,0.5073,0x1f...0e38,https://etherscan.io/tx/0xad687937489fbb147a4a871a6a3f030d931f629f17da6bcea1e4ef8fa794d4b8
2023-03-18 07:16:11,True,4.425e-10,2.445e-13,338146555720.0,0.8269,0xac...cfe6,https://etherscan.io/tx/0x99622eef55909bba663aa6605cc80ad535c3acfed7d862198ef1ae52c60b1768
2023-03-18 07:14:59,True,4.39e-10,2.426e-13,237696280322.0,0.5766,0x15...558b,https://etherscan.io/tx/0x4e36c896794ffa745cc0a1e7bc83e6818b6c082ea8df14c43565a3181423ac0f
2023-03-18 07:13:47,True,4.367e-10,2.414e-13,124270115724.0,0.3,0xf7...8444,https://etherscan.io/tx/0x94ea63730afe9f8c241735064a2b140f0663893e496fafa2f1ecb4ed8276e0a4
2023-03-18 07:12:47,True,4.355e-10,2.406e-13,114503365007.0,0.2755,0x45...d01a,https://etherscan.io/tx/0xbebbd1e37bce939fec992a145f6d6b40c49fbd38365c7f45332bee9c13b33af7
2023-03-18 07:11:47,True,4.329e-10,2.392e-13,292537457826.0,0.7,0x3c...d369,https://etherscan.io/tx/0xac19ede290e04d332c9304132dc2de917998ad577822c7fad2634392d23a66e8
2023-03-18 07:11:11,False,4.297e-10,2.375e-13,195144775040.0,0.4635,0x76...7d5e,https://etherscan.io/tx/0x9c87456d65356ad5f4eacaa898398adcb01ad99b8b50341c3c73205ec98e9424
2023-03-18 07:10:59,True,4.251e-10,2.349e-13,1438159471923.0,3.37936,0xff...d5f7,https://etherscan.io/tx/0x5c88295b385188c1a8c4d26fbba9db679d8e840356b5408d10c981d002582572
2023-03-18 07:10:59,False,4.318e-10,2.386e-13,3000000000000.0,7.15965,0x1e...0ff3,https://etherscan.io/tx/0x18eb228cc323e3bb54ed0a567366f0935d851d4c9c976c53423d36d620d5b360
2023-03-18 07:04:11,False,4.605e-10,2.542e-13,1600000000000.0,4.06842,0x1e...0ff3,https://etherscan.io/tx/0x91cb0558b3c0a3289e718abce4504806021c71b78a986073aed12a33ef30d2fb
2023-03-18 07:02:35,False,4.718e-10,2.604e-13,116433831264.0,0.3033,0x1f...0e38,https://etherscan.io/tx/0x978db94d6eafb0183dcc96f4ed9174241085ac48b9b713b66b76aef26e1c6938
2023-03-18 06:56:59,True,4.75e-10,2.62e-13,122186242294.0,0.3201,0x42...2951,https://etherscan.io/tx/0xa7a226f877eab597f7da85a97d40d3bd81fb3ccd5036bd99738b942e6eece78e
2023-03-18 06:55:59,False,4.723e-10,2.607e-13,191771684709.0,0.5,0xd6...f25d,https://etherscan.io/tx/0xe97248aae9e93712a7e7c5ce6e4e67d8dca4874829423f19dc8f065ef85e524f
2023-03-18 06:50:35,True,4.742e-10,2.618e-13,315784546194.0,0.8268,0xa2...d924,https://etherscan.io/tx/0xf490fd7f9912802f1136dee4e82528be9d8e8f985d560f0ed752b15d608b9d58
2023-03-18 06:50:35,False,4.739e-10,2.616e-13,700000000000.0,1.83189,0x1e...0ff3,https://etherscan.io/tx/0x9cd6435491debaa73eceaef3b1e080cc7c73adec6123c7d411f1359a5018bce9
2023-03-18 06:49:11,False,4.811e-10,2.655e-13,328424577028.0,0.8722,0x73...a8e4,https://etherscan.io/tx/0x4eb433303c245f8df1a92ce53d30ff096d3a076c9b3a066f691b079466a32de0
2023-03-18 06:46:35,True,4.861e-10,2.683e-13,22291389614.0,0.0598,0xb1...a7f9,https://etherscan.io/tx/0x11df23c3211304256e9ad4ba0739a4b4fff17890f2b03aaaff3e2ac2840b1bdc
2023-03-18 06:44:59,False,4.861e-10,2.683e-13,425707989400.0,1.14222,0x1e...0ff3,https://etherscan.io/tx/0xd976e7d1beba10cf231483715ef9e224b0c2db2f9e7c215fbbe9f02cca7cdbff
2023-03-18 06:43:59,True,4.905e-10,2.707e-13,215562472445.0,0.5836,0x12...0f2e,https://etherscan.io/tx/0x09d73057a7dea8cb5534fcb1e5f2ba7bd7e2008fd918028b6fee81fd9eff7fb6
2023-03-18 06:43:59,False,4.92e-10,2.716e-13,846733581143.0,2.29981,0xff...d5f7,https://etherscan.io/tx/0xe3bab5906779a158abd2be14881d36e4c943b7e839ae7bd691a983081d7266ad
2023-03-18 06:43:47,False,5.029e-10,2.775e-13,860256822746.0,2.38799,0xac...cfe6,https://etherscan.io/tx/0x0a995d88cbb03631de76caebe91ffc9d4f2d505770461d61c16fef97323bef23
2023-03-18 06:35:47,False,5.108e-10,2.82e-13,14136872110.0,0.0398,0x2f...c3ab,https://etherscan.io/tx/0x581dcaf29d31acdc84cec52205a5f78ff14509f7c5bb2c05a65d70231521b03c
2023-03-18 06:28:59,True,5.123e-10,2.834e-13,104930400789.0,0.2973,0xfd...ea71,https://etherscan.io/tx/0xa952ef5a6d62b6c03e9866ca2e3b5d6727b91aa1c1f433fce9f68673f000b45f
2023-03-18 06:26:59,False,5.093e-10,2.816e-13,101632606382.0,0.2862,0x5f...900b,https://etherscan.io/tx/0x162bd8b3ef69c18be446d8ea36c14a5b13d5aa16537beaedbe0c27fc0796d96f
2023-03-18 06:26:47,False,5.11e-10,2.826e-13,129749613509.0,0.3667,0x81...56c6,https://etherscan.io/tx/0x611b6caebfe13985094fc7d9371893b81fad35db36471d9a8cd42bbdac020f45
2023-03-18 06:24:11,True,5.085e-10,2.813e-13,846733581143.0,2.38232,0xff...d5f7,https://etherscan.io/tx/0xc1f4dfc68ad8a39d27131329ce3d951d7cca353ceee88e7c957561d3940e93d1
2023-03-18 06:24:11,False,5.126e-10,2.836e-13,1779686024849.0,5.0473,0xf1...b3d3,https://etherscan.io/tx/0x696e1b4cddcd72332b9719eb206053957feb82291392992504fb2df157034013
2023-03-18 06:20:23,False,5.267e-10,2.915e-13,86522552247.0,0.2522,0x38...49ef,https://etherscan.io/tx/0x5d96639abe0adcd7e55f03de68992420783bb4fdd5f68d832af6dc88ab0f904b
2023-03-18 06:18:47,False,5.281e-10,2.924e-13,120165432933.0,0.3514,0xf7...8444,https://etherscan.io/tx/0x01d71bfa4ccfab345dee55e55c26b9bc22ec2d5601a70b97a640046d358f03b1
2023-03-18 06:18:11,False,5.294e-10,2.932e-13,56997014207.0,0.1671,0x8d...3b1e,https://etherscan.io/tx/0x16f7f7810996c8eea43fd2fc6274b52a7cb2ca4f91feb3979cdb5f90502ae66b
2023-03-18 06:15:11,False,5.305e-10,2.94e-13,111575862923.0,0.328,0x42...2951,https://etherscan.io/tx/0x8b1c7703540d6a344b9f00b926028c59f9dccd2af04e2c9d1fed6e093b7305a4
2023-03-18 06:11:23,True,5.344e-10,2.961e-13,23633602223.0,0.07,0x7f...c033,https://etherscan.io/tx/0x1f8545a19c216c947ccf61b97239b4bcbffabf9a4708c83bcdcb7de10e718e9c
2023-03-18 06:05:35,True,5.335e-10,2.955e-13,109866599259.0,0.3247,0xc7...f7c7,https://etherscan.io/tx/0x1f759f4d73384bd52cf19fc55c0e7044f548cdf7d307728a8ce5cd9b26afed6f
2023-03-18 06:04:35,False,5.299e-10,2.935e-13,50000000000.0,0.1467,0x0a...0001,https://etherscan.io/tx/0x7eb5235924f31fda4d3a37093ff9aa47d60b7f26e242e75b4a70580217721525
2023-03-18 06:03:47,True,5.327e-10,2.951e-13,93348902515.0,0.2755,0x1f...0e38,https://etherscan.io/tx/0xcfabeee2bdfc0bf286129e3ca54610f6f99130764e066393a3de9b2b0f31e3bc
2023-03-18 06:03:11,False,5.323e-10,2.948e-13,432836604718.0,1.27632,0x3e...5656,https://etherscan.io/tx/0x841aec5ac17c24c3e50e47cd2a398c2c983e9babe12e7e0df3edc1fb8fe124be
2023-03-18 06:02:47,False,5.37e-10,2.975e-13,154187950017.0,0.4587,0x38...d6ad,https://etherscan.io/tx/0x63cbbb86bfb808e87c499d37218a2baa56872fdfab57fa2137ab4ad3f1987cba
2023-03-18 06:00:59,False,5.387e-10,2.984e-13,61199490344.0,0.1826,0x7e...d1e7,https://etherscan.io/tx/0xb44aaf6ed6869dea2f46005293dcf4f86c7106f414c956f60135a20344e633f3
2023-03-18 05:59:47,True,5.423e-10,3.005e-13,13292402769.0,0.0399,0x1b...4ace,https://etherscan.io/tx/0x577922eb6e6a8edb2d6796117cce4ea94e417d21c64100f2d9c74440f9942ab4
2023-03-18 05:59:47,True,5.421e-10,3.003e-13,18168795608.0,0.0545,0x11...47a8,https://etherscan.io/tx/0xc48b9a60c1dec078c22d3dfbb4ef08a340d3a77afc22a0b0c344c9f005298b06
2023-03-18 05:53:59,True,5.413e-10,2.996e-13,133482432837.0,0.4,0xc1...529e,https://etherscan.io/tx/0xecedf584e1cc5468c0e54d2be2bb5bc5d75f0125fed2b42a9ed0abf4ae033d4c
2023-03-18 05:52:47,True,5.387e-10,2.979e-13,574305605919.0,1.7111,0x7b...b5d7,https://etherscan.io/tx/0x1c9b6ba6c859a47812611e5a518e60d486675cffb62dc0a94c7f7c2e4390fc16
2023-03-18 05:50:35,True,5.319e-10,2.937e-13,24826485994.0,0.0729,0x79...a164,https://etherscan.io/tx/0xfe36a31f2323a0b473b39ef1609472224f59a9fdc2963bae460d15f59d96aac6
2023-03-18 05:48:59,True,5.318e-10,2.936e-13,8503696608.0,0.0249,0xf7...0599,https://etherscan.io/tx/0xfdc69dd3f0a67e5cde333eef22435f04d7ccf4e16b3db26d5bef32b4b3f826a6
2023-03-18 05:47:11,True,5.314e-10,2.933e-13,50000000000.0,0.1466,0x0a...0001,https://etherscan.io/tx/0xb41c1a5aa9a1864769810555f4ceb6b6e8b47db25f303e4707fa6ee13e2ff3ea
2023-03-18 05:44:59,True,5.303e-10,2.927e-13,93093201072.0,0.2725,0x1f...0e38,https://etherscan.io/tx/0xc3c67a19ce99e143b65b01360168654e8f02d275cd7076517afa87d1c8348813
2023-03-18 05:44:47,True,5.294e-10,2.922e-13,19105737832.0,0.0558,0xb1...a7f9,https://etherscan.io/tx/0x093f353d8f3dbc44e1a4f642c0939b3ec1b663892d3229320f8f2161a47a6fb3
2023-03-18 05:43:11,False,5.261e-10,2.904e-13,15163699024.0,0.044,0x9f...935e,https://etherscan.io/tx/0x942b5b5384b26f5a50e14d3fef476fb4e429d611a702cb19355181b3c42559ef
2023-03-18 05:41:23,True,5.284e-10,2.916e-13,130787419062.0,0.3815,0xac...d545,https://etherscan.io/tx/0x7e7258841441f1462ffd6a54b9946580fc3d47457b6368957b49c2ebf981584c
2023-03-18 05:35:47,True,5.26e-10,2.902e-13,522459559237.0,1.5167,0xda...8a36,https://etherscan.io/tx/0x02c2d46d8abe95a7e47e5719376adf730ea98415e3eeb9cc3841ae6cf7e61aff
2023-03-18 05:34:35,True,5.159e-10,2.847e-13,773242261556.0,2.20173,0xda...8a36,https://etherscan.io/tx/0xcdaea39931ddaca261a86ce4acb71ae44119f4603c953ba9fdcb0d14ecfa3e14
2023-03-18 05:25:47,True,5.059e-10,2.793e-13,178996517167.0,0.5,0xeb...44d0,https://etherscan.io/tx/0x994a40bcdc0c16229292a8fcd301e4acea6ed117087c7140767a42f312d90fea
2023-03-18 05:24:35,False,5.023e-10,2.773e-13,100000000000.0,0.2773,0x0a...0001,https://etherscan.io/tx/0x1551702f051f6a2ca8870216e360578d5948269163fd5ca38e5f0754c585df11
2023-03-18 05:17:23,False,5.022e-10,2.778e-13,19658459095.0,0.0546,0x9f...935e,https://etherscan.io/tx/0x0e7946f454c3d040dccbc27008059646a85ad73448736c5d2960ee0cc6216c09
2023-03-18 05:09:59,True,5.042e-10,2.785e-13,251304564359.0,0.7,0xb3...279a,https://etherscan.io/tx/0x913998ba47df9d871480912567e865fecba1960aa98f1bef360a145e52a2228a
2023-03-18 05:08:23,False,5.001e-10,2.76e-13,50000098019.0,0.138,0x0a...0001,https://etherscan.io/tx/0x2e0ffe3f5471eecd2b7121f2865fdeac78950f5ad82426e85f10231486049952
2023-03-18 05:05:59,True,5.021e-10,2.77e-13,214059860767.0,0.593,0x2a...d743,https://etherscan.io/tx/0x0936470d5fb88db77bdca47e862780e70ac88585d04bc595f13b73c3d411b143
2023-03-18 04:55:59,True,5.003e-10,2.761e-13,5384095140.0,0.0148,0x32...bef5,https://etherscan.io/tx/0xbb0e0d68e25b555e91fc0c2495097dde34d505bec777d0ba30433c9c4281e46c
2023-03-18 04:54:59,False,4.975e-10,2.745e-13,26091790251.0,0.0716,0x71...cdd2,https://etherscan.io/tx/0x9d8682b21c92fd0438c0e597d9bbe13dbc99bcc35cdaede28a410befbe913fa2
2023-03-18 04:44:11,False,4.99e-10,2.752e-13,143163176053.0,0.394,0x10...5200,https://etherscan.io/tx/0x92c239d253e6ad0b88027f4013288b1556fffa5ebef133af4348039b5230935e
2023-03-18 04:43:59,True,5.012e-10,2.764e-13,253182705101.0,0.7,0x35...7bc2,https://etherscan.io/tx/0xb54a87ebba117352ab38c3e16709428a0d538f36dbd6b0f23fe0cda04a942ddf
2023-03-18 04:42:11,True,4.968e-10,2.739e-13,364979355603.0,1.0,0x35...7bc2,https://etherscan.io/tx/0x07607ccb19dd1f2897b0d0b1248af8259d5e858bc7307f1e16b67835ed626365
2023-03-18 04:41:11,False,4.923e-10,2.716e-13,193217977651.0,0.5249,0x38...d6ad,https://etherscan.io/tx/0xd8d21afb19d3a8872aec959ed6cdb9445d578e960c50b210c0643946a4346293
2023-03-18 04:41:11,True,4.927e-10,2.718e-13,551727046404.0,1.5,0x35...7bc2,https://etherscan.io/tx/0x923a4ff6352a602ab54a73012b7c2b8732ef65a6948fee8f098d64c5b47638d1
2023-03-18 04:40:35,True,4.847e-10,2.675e-13,560699449193.0,1.5,0x35...7bc2,https://etherscan.io/tx/0x32962f529a6f6cde3e31759d222580e19ad89b2d8e9dd4c3d2a7a769b477d0b3
2023-03-18 04:36:35,True,4.796e-10,2.649e-13,113234775082.0,0.3,0xc1...529e,https://etherscan.io/tx/0x246f01922c53b09ee4c3c026ff767b9faf4d947690c754ae384fb59c69792638
2023-03-18 04:36:23,True,4.774e-10,2.637e-13,209097781767.0,0.5514,0x78...441e,https://etherscan.io/tx/0x9570d29892e01f1e52c1d93dd9d13ad65fda3b88074e71fad4ed781804907f66
2023-03-18 04:35:11,False,4.737e-10,2.616e-13,82100885364.0,0.2148,0x23...4b27,https://etherscan.io/tx/0x6a9d3b61296aa72da3dcd14df230ff411ce820c015b4db052fb14e2584400229
2023-03-18 04:31:47,True,4.75e-10,2.625e-13,270162263561.0,0.7092,0xc8...e6a2,https://etherscan.io/tx/0x1104fcbed0c3648981e805182cbb3ebfdd7d287e8d3e47df6c3ebfc200c88005
2023-03-18 04:22:23,False,4.729e-10,2.616e-13,467116005777.0,1.22239,0x1e...8bea,https://etherscan.io/tx/0x6c9847bdee4cfc4facc6996b83452233887d12b6508b1b09ac97055c5a9e027f
2023-03-18 04:18:35,True,4.774e-10,2.644e-13,139132511211.0,0.368,0xc1...9ee2,https://etherscan.io/tx/0x7c5fdad1a0cd59c9b1fc9262f236533ae02432d6b3f5d9792ece9b31734702c2
2023-03-18 04:16:35,True,4.756e-10,2.635e-13,123612098556.0,0.3257,0x05...93c8,https://etherscan.io/tx/0xafb5bc784f07214811f5b24e7a86f5aea8510506c9b9ee3097f250fe3f4275dd
2023-03-18 04:16:23,False,4.768e-10,2.641e-13,932664108912.0,2.46377,0x9c...97bf,https://etherscan.io/tx/0x84276ffd5b9c518db9b64952cad139d2bd509436d71e1cc2a0fa499164d73c9e
2023-03-18 04:07:59,False,4.859e-10,2.687e-13,42498963086.0,0.1142,0x42...9469,https://etherscan.io/tx/0x31d87627b6da3dae268f286f9fed880bd91b5deb20be1c5001f05b9b3f24ca1d
2023-03-18 04:03:35,True,4.882e-10,2.703e-13,33286250783.0,0.09,0x67...5533,https://etherscan.io/tx/0x32186bbd81b5e41041a68fa687647ce4654e704b368da7e1a6878e5bf41aeaa2
2023-03-18 04:02:47,True,4.873e-10,2.698e-13,96341462795.0,0.26,0x78...5eb8,https://etherscan.io/tx/0xbab91edf3dd63a38d10ec06ba3304abbb455d12df20c66dc380ec096eb583b89
2023-03-18 04:02:47,False,4.844e-10,2.682e-13,103383458647.0,0.2773,0x9f...935e,https://etherscan.io/tx/0x6ab6117712a7d5961551ea6013849d7ae2e2f912820da714120931a08e0f35db
2023-03-18 04:00:11,True,4.88e-10,2.702e-13,7335109341.0,0.0198,0x32...bef5,https://etherscan.io/tx/0x31c857bda5aeaac32e497e1c3fd29caf7d5bbe14e20f02e60f9f2bf2022b2e2c
2023-03-18 03:58:47,True,4.859e-10,2.69e-13,308532752476.0,0.83,0xa2...d924,https://etherscan.io/tx/0xc4205091d94f47ceafef8f750483537fb7d2038b0cfc766ba7e0997d83444aa1
2023-03-18 03:55:59,True,4.771e-10,2.642e-13,932664108912.0,2.46479,0x9c...97bf,https://etherscan.io/tx/0x9bf77d7f277974f9507f25a8c956e9a8b327af48740d3a45b4bb57bd0090421e
2023-03-18 03:54:59,True,4.676e-10,2.59e-13,467116005777.0,1.21,0x1e...8bea,https://etherscan.io/tx/0x761ba87d5f9f0aa748b8e023d81ced0dccdfe23d81a05f0574b48264cb7e1757
2023-03-18 03:54:11,True,4.644e-10,2.573e-13,6360387990.0,0.0163,0x2e...4485,https://etherscan.io/tx/0xc726e810229cd8112799d0d8b7853e8c6e8417d6586a1891c73599847336d5e9
2023-03-18 03:52:47,False,4.625e-10,2.563e-13,175840031099.0,0.4508,0x9a...b896,https://etherscan.io/tx/0xd5ef167db46e14402b4945165a125b1e30d4765b43375e22fb08ed9402a94aa7
2023-03-18 03:51:35,True,4.632e-10,2.567e-13,860256822746.0,2.20864,0xac...cfe6,https://etherscan.io/tx/0x6c9bee1f231054a1afa806a1350e26eb679c866176a6e912b3363ad1b9e3e790
2023-03-18 03:50:23,False,4.746e-10,2.63e-13,3309932407608.0,8.70639,0x9d...dde2,https://etherscan.io/tx/0x2ae707b2ec3d6d1a73a946d13b3fb93e5ba13e9a52d872157ecb8971b3b66e83
2023-03-18 03:50:23,True,4.99e-10,2.765e-13,228627394541.0,0.6322,0x5e...450a,https://etherscan.io/tx/0x8c1925c0ff43f271cf866130df4df7be735aa12e4c705e03f9998440e48bc842
2023-03-18 03:50:23,False,5.017e-10,2.78e-13,1000000000000.0,2.78014,0x35...7bc2,https://etherscan.io/tx/0x17222d2f807148f0bf9e0635c6d51e470af3764372fc605e6a06f74971b7abfb
2023-03-18 03:49:47,True,5.114e-10,2.837e-13,13508705838.0,0.0383,0xd6...4f45,https://etherscan.io/tx/0x1b3585ec0fe43b143e14d4c53fc38e6088dc85a0b76a04178265866ce427ff1b
2023-03-18 03:49:47,True,5.098e-10,2.828e-13,214900105969.0,0.6078,0x11...ef03,https://etherscan.io/tx/0x7d9c1f492bc32d92b0f6d8a69de037d19d3d153bf9de4d6f45bc470faf558682
2023-03-18 03:49:47,False,5.095e-10,2.827e-13,594956691606.0,1.68203,0x3a...8df8,https://etherscan.io/tx/0x95a9cf38aa957bd09978b15295798db5b35260db3f2b393a3d0f025f735f04af
2023-03-18 03:49:11,False,5.216e-10,2.895e-13,1000000000000.0,2.89545,0x35...7bc2,https://etherscan.io/tx/0x0506f35120db14bbecfc7b8395bce798f10e16ab635369cff44cba7f959b8524
2023-03-18 03:48:47,False,5.327e-10,2.951e-13,281763291075.0,0.8317,0x2e...314c,https://etherscan.io/tx/0xceade207be64a8104a164c50bb9e47782b809e020dc14d901efc95f8d4fc7e04
2023-03-18 03:48:11,False,5.394e-10,2.987e-13,728166062723.0,2.17558,0x2c...abcd,https://etherscan.io/tx/0x48e5372e345cc10c89a145f8af2aa867578b1e62093599f5e12a2980bfc82b58
2023-03-18 03:47:59,True,5.571e-10,3.086e-13,1657423160449.0,5.115,0xf6...68be,https://etherscan.io/tx/0x83751a5c55e7c4f3ea8dcab117eb9da1de1b30a2d3ac890e2f1b8eec8de5ce47
2023-03-18 03:47:47,False,5.263e-10,2.915e-13,769360149327.0,2.24294,0xa2...d924,https://etherscan.io/tx/0x7fc81791fb788a5ec319f482d5e0241921c0b2ba83bc7ad3238a917fd8c3f013
2023-03-18 03:47:11,True,5.544e-10,3.061e-13,647584674490.0,1.9825,0xdf...6e3b,https://etherscan.io/tx/0x9124da8b59faa55cd720ef75155a87e378cc582a698cf3a686c7689bfb6cfe6b
2023-03-18 03:46:35,False,5.27e-10,2.904e-13,285158523646.0,0.8281,0xa2...d924,https://etherscan.io/tx/0x5dddae3a0652cf9b71761e6cc3488aefc40de6f585558e0871f4eb0255d00ead
2023-03-18 03:46:11,True,5.342e-10,2.943e-13,1273840628022.0,3.75,0xf6...68be,https://etherscan.io/tx/0xfa95bde39cf94b429f2650e3f7f8dbe3310228a8f214345b2394bbf4ea2b4916
2023-03-18 03:45:47,False,5.116e-10,2.819e-13,293688141745.0,0.828,0xa2...d924,https://etherscan.io/tx/0x8d104ac38256e510f80261aaac63fd9721464cc4e036b92b96b230c7c40f7907
2023-03-18 03:44:11,True,5.134e-10,2.827e-13,1856859512233.0,5.25,0xf6...68be,https://etherscan.io/tx/0xd6875501c1c46af0461aca328d7178c188c2d3261220826f2d68113493208a13
2023-03-18 03:44:11,False,4.883e-10,2.688e-13,205255909989.0,0.5519,0x6d...a4dc,https://etherscan.io/tx/0x8f53cea0e51d3dcfcb120436e4f9528ddf4482842be30709b7bc9d4e2be94d70
2023-03-18 03:39:47,True,4.839e-10,2.666e-13,2099742123102.0,5.6,0xf6...68be,https://etherscan.io/tx/0x6162affe6e2f58e4656440ca93eb4e0f7bab4689c53e0bd5cb33c8522eeb70e8
2023-03-18 03:38:35,True,4.608e-10,2.536e-13,1478246180859.0,3.75,0xf6...68be,https://etherscan.io/tx/0x2e2c5b43b4eec4bfde9edd35f29e82e67917c7113c33725616b95930ab74540d
2023-03-18 03:36:35,True,4.445e-10,2.447e-13,112107253256.0,0.2743,0x9f...f0ce,https://etherscan.io/tx/0xd6219a214fe673b0c90ff19fae5ea67bc0743ca0be2f7594a5ebaac78db01aa0
2023-03-18 03:35:11,True,4.425e-10,2.437e-13,1046086159426.0,2.55,0xf6...68be,https://etherscan.io/tx/0xf5942ea6b1f4f53e2ad0721051f4efcc0752285b64dd070a091eb8a95bdbbab3
2023-03-18 03:30:23,True,4.3e-10,2.37e-13,111024571637.0,0.2632,0x2b...786f,https://etherscan.io/tx/0x9a197823a93a4915ff5269fad5fbb80342182db84c87cd5bceef701c106c843b
2023-03-18 03:27:59,True,4.28e-10,2.363e-13,116745322486.0,0.2759,0x2e...314c,https://etherscan.io/tx/0x71b3cc946796a0c580bfcf07265dc2afe898441d15f4dff117208cba88b6e4d2
2023-03-18 03:25:47,True,4.286e-10,2.353e-13,190953509316.0,0.4494,0xdf...3797,https://etherscan.io/tx/0xa581071d8bb45628a9295c7b5823eb8779763329f015eecd4b175b2e0ff3d4a2
2023-03-18 03:23:35,True,4.274e-10,2.345e-13,57628573983.0,0.1351,0x9f...f62a,https://etherscan.io/tx/0xde77d0aa8b4bb14a6af77d0fae0429dacd50e082f08f5b2fa0ed9176b0669a39
2023-03-18 03:21:59,True,4.267e-10,2.342e-13,29616712545.0,0.0693,0xe2...8e9c,https://etherscan.io/tx/0xddc81b4413d5bf4acc72b7fff903b072e82f4e80b47749620b57e519badc565e
2023-03-18 03:16:59,True,4.253e-10,2.34e-13,43051473220.0,0.1007,0x9f...935e,https://etherscan.io/tx/0xbf3d32885c691050e88e3dc03f100eb047001a4f5e686ca295ff75f94f8cb566
2023-03-18 03:09:11,False,4.225e-10,2.333e-13,280000000000.0,0.6535,0x02...eb8b,https://etherscan.io/tx/0x39c7dd05a4f2a18dfdcf1f7b95a402a68e15e75ccc4573ae752cc76304e4c264
2023-03-18 02:59:23,True,4.279e-10,2.356e-13,11538031325.0,0.0271,0x7f...32a5,https://etherscan.io/tx/0xffb27ffeeeb4385f96fade5b4f474c18c6a86fb0ca03d19469de224f91193596
2023-03-18 02:43:35,False,4.272e-10,2.35e-13,270000000000.0,0.6346,0x02...eb8b,https://etherscan.io/tx/0x4c50e48d5e9bdcf745c92cf5e9223e35cc761ec36061b55166ee386188ad057e
2023-03-18 02:33:59,False,4.294e-10,2.367e-13,250000000000.0,0.5918,0x02...eb8b,https://etherscan.io/tx/0x1bb2895373075a615e87368b616e5a7833092a50edf1d0b8050ab268f08718cd
2023-03-18 02:28:47,False,4.358e-10,2.384e-13,272622497353.0,0.65,0xee...a2b5,https://etherscan.io/tx/0x526bff54761ace5e63a5c5cab496fe83779e289673c2f8dcabcd9553a30846f7
2023-03-18 02:26:47,False,4.375e-10,2.394e-13,51985683259.0,0.1245,0x61...3bb1,https://etherscan.io/tx/0xb0f8e20af8da4ce9bd1b1428752918d8ace25128abf9c9df96afefcf6e508b3e
2023-03-18 02:15:23,True,4.382e-10,2.403e-13,227214637818.0,0.5461,0x45...d01a,https://etherscan.io/tx/0x3ca201d78318c1e12332972b92a16260e3f861a135d7c10fa3ea4c7c0ffb2533
2023-03-18 02:00:59,True,4.318e-10,2.375e-13,631457628445.0,1.5,0xda...265d,https://etherscan.io/tx/0x1341cc89bf206a5813578d40ac169579a6c1eaf0b4a5a195e461416e924c6b06
2023-03-18 01:58:59,True,4.273e-10,2.354e-13,31653547391.0,0.0745,0x4f...db77,https://etherscan.io/tx/0x2ff149a36e2ae9e65315782579685dbb281e0b322fdde4f1b4ce9936fc2a456f
2023-03-18 01:55:47,True,4.205e-10,2.337e-13,855493406404.0,2.0,0x23...e900,https://etherscan.io/tx/0x93342b049432e45ff9009398725e189c0e35a4044e074f74eb9aeb86e4930d27
2023-03-18 01:54:11,False,4.27e-10,2.384e-13,3102869281882.0,7.39935,0x20...a890,https://etherscan.io/tx/0x297933bbcdb112b249dd71a9d988ad9f73b977629cbb1e33cd232db63d469a30
2023-03-18 01:50:59,True,4.465e-10,2.495e-13,218601972614.0,0.5454,0xc8...17b3,https://etherscan.io/tx/0x12da369d9e78be7ba424f88399c4c85aad361bcba8ff40e80b68f272db1c81c0
2023-03-18 01:49:35,False,4.417e-10,2.474e-13,44068551079.0,0.109,0x9f...935e,https://etherscan.io/tx/0xe4630a1d07db76a96b090065b91a3ab1351908e8a3d9d6dbcf216ef7416a8ff5
2023-03-18 01:47:59,False,4.443e-10,2.49e-13,425542120125.0,1.05974,0x94...ca76,https://etherscan.io/tx/0xd63860e1176d28e74dec5f49ec5f3c8ca92b51fc6d34c8069450f4f14e9589b4
2023-03-18 01:45:59,True,4.484e-10,2.512e-13,796034836803.0,2.0,0x31...6aab,https://etherscan.io/tx/0x6cfd869ff9bb89ec500c65b298c6af94634082dd268e19768a77ebbc89310abc
2023-03-18 01:44:47,False,4.383e-10,2.455e-13,160425816749.0,0.3939,0xb3...edf7,https://etherscan.io/tx/0x8e401aba6f43208f33d5f4da5f1d93611581d116f2c8fd2566c31b50ba50eea1
2023-03-18 01:43:59,False,4.424e-10,2.478e-13,512762631093.0,1.27093,0x08...f039,https://etherscan.io/tx/0x77ee3fb043d3938534687ed2f4ab04a6f930cc35e9ca4ae5102d6620bb49e977
2023-03-18 01:42:59,False,4.461e-10,2.5e-13,106177366882.0,0.2654,0x10...ba1f,https://etherscan.io/tx/0x4f708739f53a932b3559653b2173c645325c73c9d8b1fddbb07ad3b9fc73df0b
2023-03-18 01:42:47,True,4.487e-10,2.514e-13,111077544652.0,0.2793,0x9f...f0ce,https://etherscan.io/tx/0x0f5946136689b8df4a0a8f24902560ea3e4f7fdf042a8d9f216bfbcce9c68c41
2023-03-18 01:39:23,True,4.449e-10,2.494e-13,481123157175.0,1.2,0xff...e282,https://etherscan.io/tx/0xa180a23c7732bbc81962d503754c205db4e0535003e270af2f0a9f8874eff471
2023-03-18 01:37:23,False,4.395e-10,2.468e-13,161199783036.0,0.3978,0x83...6f8c,https://etherscan.io/tx/0xf02f1881ff73ceee73bef44c25ebbc331c1e325d01c7cc26d6ee3b7c4dd51f18
2023-03-18 01:15:35,True,4.421e-10,2.478e-13,302646817074.0,0.75,0xbb...c2ef,https://etherscan.io/tx/0xb70a9f2d4bda349756034e6ec9ea0d9a286a5dc8d76e0a92811d6b6bfc52aabe
2023-03-18 01:06:11,True,4.432e-10,2.476e-13,450846813115.0,1.11672,0x99...a63b,https://etherscan.io/tx/0x7187e5d76473d6cca6b197c507a0e556643639e35e4c38ad07fd0f132cb2b9f1
2023-03-18 00:57:11,True,4.366e-10,2.445e-13,470229192517.0,1.15,0xfb...8d21,https://etherscan.io/tx/0xa69610083d350d007b45b2aea5ead8f9047bc0a1c318d7e19fd3b8efab8d7afd
2023-03-18 00:47:47,False,4.266e-10,2.394e-13,84774474025.0,0.2029,0x35...7bc2,https://etherscan.io/tx/0x09a11810be2c9c1fda0df3b334a17c275775bc7ec128778c186e513f79bcecec
2023-03-18 00:45:23,True,4.296e-10,2.41e-13,19082296816.0,0.046,0xa8...80bd,https://etherscan.io/tx/0xe215e44653cf77ad794827cdc329782ad5adfcab5f2abf9524a0f5d7fc77f48a
2023-03-18 00:30:59,True,4.3e-10,2.409e-13,4524694688.0,0.0109,0xe3...087d,https://etherscan.io/tx/0xb04a3c4b15d74b8d1de4f0d1e489f9ba8c2c2ca9ee31086ffb83b2d85477f7ae
2023-03-18 00:27:23,False,4.297e-10,2.406e-13,335371807109.0,0.807,0x9f...7e8b,https://etherscan.io/tx/0xd23a2522c0180f75096d93af08902a561609d9b4024a3704183aa27b737d2595
2023-03-18 00:25:23,True,4.336e-10,2.431e-13,1585725860.0,0.0038,0x6b...40cd,https://etherscan.io/tx/0xada8f593bd67e8223cbb6d42653352ee936dfcf662f518aa42f13b8a737929c2
2023-03-18 00:19:59,False,4.342e-10,2.42e-13,103521267130.0,0.2506,0x08...1507,https://etherscan.io/tx/0xbe8c1e884971753e3c63d2f39fbe77448738dabf6ac6e359d2754567fb5597ad
2023-03-18 00:07:47,False,4.343e-10,2.432e-13,233788031232.0,0.5685,0x76...003f,https://etherscan.io/tx/0x391f70ebc1eac1b3f131f80d8659cae6d7afd479e0abff8e93ed8c285343a388
2023-03-18 00:05:23,False,4.352e-10,2.447e-13,216234882317.0,0.5291,0x71...bdf1,https://etherscan.io/tx/0x83d579e261b9807dc5620757796b6240a331157ecded8b7dd39a8449fe715f9d
2023-03-18 00:03:59,False,4.421e-10,2.49e-13,1040315973931.0,2.59082,0xd1...cf5d,https://etherscan.io/tx/0x81a78d0b51b971b637b5f53a139a7a2f8c88dd3c8b4d1762de1d40ef5c76c112
2023-03-18 00:03:35,True,4.488e-10,2.527e-13,395588643643.0,1.0,0xc8...f376,https://etherscan.io/tx/0xcd7a4c811c1fcfcf46af1518e73f31f309be33d18807ff67cb34e79c11b964ab
2023-03-18 00:02:35,True,4.461e-10,2.513e-13,19670896831.0,0.0494,0xd0...43c2,https://etherscan.io/tx/0xc97e64352397ed17c740753f1e42282f7370375994950626ac9f2c3507ee1561
2023-03-18 00:00:47,False,4.476e-10,2.523e-13,728651802645.0,1.83851,0xca...cafe,https://etherscan.io/tx/0x426df52c5726c4a331993ab740b2686230d4bdf1307b4675a790ff056e13a120
2023-03-17 23:54:11,True,4.552e-10,2.558e-13,153664467851.0,0.3932,0x0d...d643,https://etherscan.io/tx/0xa2d799160638bbc135b63f8e1b21d02516d1c222ddc969a67845be1d76224172
2023-03-17 23:48:59,True,4.54e-10,2.551e-13,43107407379.0,0.11,0x6e...75fb,https://etherscan.io/tx/0x1945e8570c004b13b7561ebe4661c730605968a2f304a6d9ae65f46c908c5b7b
2023-03-17 23:41:11,False,4.526e-10,2.557e-13,614670225213.0,1.57177,0xc8...094e,https://etherscan.io/tx/0xbf4df99543dcc3cb8fe18961c50902e2e595cbd11de7d61296fbb351dfd73e05
2023-03-17 23:40:11,False,4.606e-10,2.597e-13,500000000000.0,1.29892,0x11...c1cb,https://etherscan.io/tx/0x59330f62f32e66dce4859e890d1ee2b4e0e8ae81048e332a1efd83f86fa3b020
2023-03-17 23:35:11,True,4.632e-10,2.624e-13,192920140340.0,0.5063,0x6f...4963,https://etherscan.io/tx/0xee9a9241795f0b255d32fbd3db6e9443c1352e155ef69f8f8288f23838b4e6d5
2023-03-17 23:34:47,True,4.612e-10,2.613e-13,100164736514.0,0.2618,0xff...739a,https://etherscan.io/tx/0x438399c4c64fcfd233af4ffe491e84b83bbc7dfd17aef8ac28459ca01549abd9
2023-03-17 23:31:59,True,4.592e-10,2.602e-13,217487425714.0,0.5659,0x3c...4de1,https://etherscan.io/tx/0x2907980104d5ef82b4015b3eb6bbef57cc96a6b5dec176a67a8719b84fa3f60c
2023-03-17 23:30:35,True,4.579e-10,2.592e-13,38571253863.0,0.1,0xde...e83e,https://etherscan.io/tx/0x24e0a16ff6aae7625083bac5af6278bfab6c85eeca5c963d1ee31b0e2fe929f3
2023-03-17 23:28:59,True,4.568e-10,2.589e-13,49433083307.0,0.128,0x0d...446b,https://etherscan.io/tx/0x3fd3e23815e15a8cd659706b7bb99a27f8db9248f96d936ace483b4cc071f6ad
2023-03-17 23:27:35,True,4.557e-10,2.585e-13,67643613414.0,0.1748,0xe9...52f2,https://etherscan.io/tx/0x4487b8464ea6bd7de20990e139f171867539731d6e639fc8d302fc5f43a15681
2023-03-17 23:16:47,True,4.514e-10,2.57e-13,330746458258.0,0.8501,0xf2...cf18,https://etherscan.io/tx/0x0bdcf8e0daf10e75cfafe666dc8b12a395171aa3bb5fed48dcf7f303c665aa9a
2023-03-17 23:13:59,True,4.498e-10,2.556e-13,45000000000.0,0.115,0x35...1556,https://etherscan.io/tx/0x3c088327bac1da85bb98722bef0544c185046a93fbab9a575a0462aadce0e52f
2023-03-17 23:09:23,True,4.497e-10,2.553e-13,58752274664.0,0.15,0x1e...7ff2,https://etherscan.io/tx/0xc24866e6213040ec11f0cec3e24743d4f0e2eae44df621d0793ff4592d09fdb2
2023-03-17 23:08:35,True,4.474e-10,2.54e-13,291279772748.0,0.74,0xbb...c2ef,https://etherscan.io/tx/0x95cfb26b3546879962582a1432ba913abfa75c88166df8b7c054424a18113c38
