datetime,buy_order,price_USD,price_native,amount_token,total_native,maker,etherscan_url
2023-04-03 07:06:11,True,0.07796,4.39e-05,5915.86,0.2597,0x52...ef6e,https://etherscan.io/tx/0xc302505018dce068cc6de748bb0d80d943c0d40b3aafc8a557c96218fc890e9b
2023-04-03 07:05:35,False,0.07761,4.37e-05,17795.1,0.7777,0x33...0342,https://etherscan.io/tx/0xaf79849b868ff9e1a5b78089d0e5a8b2c6acf3aa116dbecbc4c12e47ae3b2479
2023-04-03 07:01:23,True,0.07826,4.407e-05,11.1553,4.916e-05,0x67...58e0,https://etherscan.io/tx/0xc35ff9a0abab77aec25c6e2b3f14a7601beb5dcd9d59b645d0ac35b2971a03cd
2023-04-03 07:01:23,True,0.07826,4.407e-05,253.811,0.0111,0x9d...7e9b,https://etherscan.io/tx/0xf344643bcf48b3a34286c1e053794e74d4ea73fe24406fa66654c7220e1849ea
2023-04-03 06:59:47,True,0.07825,4.406e-05,1219.66,0.0537,0x64...9025,https://etherscan.io/tx/0xef2726f95254cf8a21989d9dab421410d952799feab30a4dadf3045f6b506c4e
2023-04-03 06:56:11,False,0.07775,4.38e-05,1667.84,0.073,0xeb...5939,https://etherscan.io/tx/0xd8165e56ac4b75f8c0ff2c664cec5dc2857d918298fd73f0bd5f83c7bc6dfe5c
2023-04-03 06:51:47,False,0.07797,4.392e-05,19818.8,0.8705,0xd7...a3b2,https://etherscan.io/tx/0x7bae80d921d04ed32861b9992978536f37b6ec6948920286bb5cd57497527441
2023-04-03 06:51:35,False,0.07822,4.406e-05,4774.0,0.2103,0xd9...8752,https://etherscan.io/tx/0xdb9636cd1d6db07932ba797ff340a841e9c7215fa3e43b9179df131a8c70580d
2023-04-03 06:36:47,False,0.07832,4.412e-05,4242.35,0.1871,0x3c...2c8a,https://etherscan.io/tx/0xdec458f7a2717e230f9a048caa98fe707e5d9441eaecc54397874cd4318d74db
2023-04-03 06:35:47,True,0.07884,4.44e-05,1138.46,0.0505,0xe7...157f,https://etherscan.io/tx/0xae7e1973fdcde14fde6c3a0a64f8e8351349c2127f8f00237369c90900d79938
2023-04-03 06:32:35,False,0.07839,4.417e-05,6791.55,0.3,0xd9...8752,https://etherscan.io/tx/0x0436ccd926419006b9a1326ffea4d3ff301f7d37353ab946cc715f3ba0456d19
2023-04-03 06:28:59,False,0.07854,4.424e-05,5575.0,0.2466,0x20...0772,https://etherscan.io/tx/0x0529415cf8682c8e6c5de4f4690cdef0ae2a5576bbff35255767eb67aa6a9802
2023-04-03 06:23:23,True,0.07903,4.454e-05,222.536,0.0099,0x76...768a,https://etherscan.io/tx/0xe469ceca996dd0552477a8c57fc3c2195086301e90b19365deb57f51bbbacb30
2023-04-03 06:21:59,True,0.07905,4.453e-05,556.398,0.0247,0x29...00e7,https://etherscan.io/tx/0xc36ea9ec4046a6e5a0bc0a10f542f4bcdb137d52565ccdfdb7e66e936b67bf30
2023-04-03 06:07:11,False,0.07876,4.429e-05,5000.0,0.2214,0x46...e958,https://etherscan.io/tx/0xdccda6c7a7867b7f9891dfd24e59989c2721587a8b9ee0820a813e7ce6998d8a
2023-04-03 06:00:23,False,0.07886,4.435e-05,5000.0,0.2217,0x39...3a88,https://etherscan.io/tx/0x1af301832b48cd3bf16b80bea5c5dcb69baed71ef8eb6015f0b96fa2e1163fd8
2023-04-03 05:52:47,False,0.07892,4.439e-05,803.0,0.0356,0x9d...7eb4,https://etherscan.io/tx/0x90139525b5f4c1f912529c5e77e7cb038964a13aa90c032daa807e2c217a4521
2023-04-03 05:45:59,True,0.07931,4.465e-05,1005.0,0.0448,0xa1...fa48,https://etherscan.io/tx/0x6503ddee4d0b0933159b9d18a78fe3d6be04293598f647b6e4b2505a4349a1a6
2023-04-03 05:45:23,True,0.07932,4.465e-05,62.4473,0.0027,0x79...e1f2,https://etherscan.io/tx/0x31aba667fcd88e30b9ed623c198a6a3c30f0a3a528695567b5452a6007cccec5
2023-04-03 05:38:11,True,0.07921,4.461e-05,6316.62,0.2818,0xce...86f4,https://etherscan.io/tx/0x74834b753440486a89186f44a22c710edaf286f952b379397859ace658db22f7
2023-04-03 05:35:47,True,0.07916,4.457e-05,444.777,0.0198,0x30...ee11,https://etherscan.io/tx/0xf9c2581531616c4ec5a78facf28ce151d0c26da3d7769d4e1bd9c5418cee2459
2023-04-03 05:32:23,True,0.07922,4.457e-05,89.351,0.0039,0x7d...9921,https://etherscan.io/tx/0xa42b07ecd23ad7291148685565ce346e806c5ef6469d9a2d2b2ad4cc8afd3a76
2023-04-03 05:26:11,True,0.07907,4.455e-05,2046.7,0.0912,0xb3...a427,https://etherscan.io/tx/0x8c1d87cc627375f12b5a084b0b6633cb1eb584aee67332e056cad8fe039424d3
2023-04-03 05:22:11,True,0.07905,4.454e-05,556.361,0.0247,0x3f...6e7e,https://etherscan.io/tx/0x010b7985e18109172e1fc5b909a76ce9a3484471be2bd61a102c46a6c0df4413
2023-04-03 05:18:11,False,0.07857,4.427e-05,499.5,0.0221,0x03...237d,https://etherscan.io/tx/0x55e2dbe9c24d360bcf4a554e1a602e90fe2c8ebb02639007e909775fd4f2b686
2023-04-03 05:17:23,False,0.07863,4.43e-05,4600.0,0.2038,0x71...f318,https://etherscan.io/tx/0x8e3c4ac2ba6dac9235716eebbc697f0bc954bc6d0471372fd2f5bedc15d5c1f4
2023-04-03 05:15:35,True,0.07914,4.459e-05,1146.17,0.0511,0x86...4a3d,https://etherscan.io/tx/0x903ca80169de0fb3a58063fb64a4939ff029bc0e485d5de2cf0975ea3de2d203
2023-04-03 05:11:11,False,0.07864,4.432e-05,555.0,0.0246,0x91...dc25,https://etherscan.io/tx/0xf0d277f18d3905fafd7b43e2e0e2b4ff4c06d620686370f9265cc54068b34823
2023-04-03 05:03:47,True,0.07914,4.457e-05,2243.24,0.1,0x7b...0008,https://etherscan.io/tx/0x67f6a73d528a1ee3a729f7817d16a3e6c68ff34a33a55142bf2ceab5a06f0e8b
2023-04-03 05:03:35,True,0.07909,4.455e-05,2224.94,0.0991,0x46...d282,https://etherscan.io/tx/0xa3913975e5f5c3087c3181f24e356e67142b349bbe00c5778db42d9a307213c0
2023-04-03 05:02:59,True,0.07903,4.451e-05,3339.88,0.1486,0x5e...cf81,https://etherscan.io/tx/0x6185a8b64f19895bc08d891185f4ebcdc16eea279809001306d915aa3dfe1c3a
2023-04-03 05:01:59,True,0.07898,4.449e-05,1247.65,0.0555,0x24...d879,https://etherscan.io/tx/0x0d9f465e95d2ddf6c4af063eeee2edd761fa0cada17eea0d47210fd3404a7731
2023-04-03 04:55:47,False,0.07851,4.422e-05,1092.4,0.0483,0x4a...8842,https://etherscan.io/tx/0xa2f5f34e5a49b7cda433f83d7b78059c8a3f3c25a39d6d1f8dead993085445a5
2023-04-03 04:55:47,True,0.07899,4.449e-05,613.632,0.0273,0xc3...8513,https://etherscan.io/tx/0x1cc92d57b49e9960455beaba9855c79f543a3f8f44878978788ac9b327623979
2023-04-03 04:54:23,True,0.07896,4.447e-05,1782.85,0.0793,0x63...8139,https://etherscan.io/tx/0x7cc442b6beda18214650f16d5db960064618d54d3d20f8d815540f3bc17ad4fa
2023-04-03 04:46:23,False,0.07856,4.422e-05,3000.0,0.1326,0x03...ab9b,https://etherscan.io/tx/0x5879310f4487c87ce214958e1514874fd20a30d0e4d72a38b5e67dd452db4241
2023-04-03 04:46:11,False,0.07862,4.425e-05,2750.0,0.1217,0xee...d13d,https://etherscan.io/tx/0x7beba1fb53199b2bf2bd6959cebbb2aee6f884d4844b4df950acc5a52fa0cda8
2023-04-03 04:35:59,False,0.07865,4.432e-05,10000.5,0.4433,0x85...6dc1,https://etherscan.io/tx/0x576cd6a151ddf5773343e8516288c551e42cffa73f32692e8eb9c1582a6db002
2023-04-03 04:33:59,True,0.07921,4.464e-05,2442.56,0.109,0xd1...f655,https://etherscan.io/tx/0xf70ace61dcb488f64969f5c225800516e76e7c2f40a4d78ef9b85c0fceaa63a7
2023-04-03 04:32:47,True,0.07918,4.461e-05,1310.76,0.0584,0x45...63fb,https://etherscan.io/tx/0x14c95683461828f3945b4c497442f72aade9a050a47d9cdad56d8233326b36df
2023-04-03 04:30:23,False,0.07879,4.438e-05,6445.0,0.286,0x85...6dc1,https://etherscan.io/tx/0xc20ca0578ce103ce4a800ebe4d81f75072eba8d4e072f9bed9556f5d5c26f487
2023-04-03 04:28:35,True,0.07933,4.467e-05,1664.02,0.0743,0xd8...6ca1,https://etherscan.io/tx/0x593fa4f0e23eb40538f450416f034623c225b02315c9d038aab63937671f8840
2023-04-03 04:28:35,True,0.07929,4.465e-05,2239.45,0.1,0xd6...95dd,https://etherscan.io/tx/0x3ede3254d2f71a10625cbc3d8e62c8af4919a1d4cc0b19433628fc7e3761e093
2023-04-03 04:26:59,True,0.07918,4.462e-05,3130.01,0.1396,0x88...585f,https://etherscan.io/tx/0xce4c2bce74f1042d446cbf29e9b66d80817c9facba55d15003cd991a6d500112
2023-04-03 04:09:11,True,0.07908,4.46e-05,311.145,0.0138,0xa8...2627,https://etherscan.io/tx/0x3cddb9357c838c423a1d84eb593ca0df4ab32817fb9c4234422bd846760eddc2
2023-04-03 04:05:47,True,0.07894,4.459e-05,1258.18,0.0561,0xa8...2627,https://etherscan.io/tx/0x6af7d8ffa7d1a0b88b63b391cf78cfa2c0605741efef62ad657fd35e4ef99080
2023-04-03 04:05:23,False,0.07847,4.432e-05,1247.41,0.0552,0x16...467a,https://etherscan.io/tx/0x19075ea2f4e2c251b99d8ccae1d3159dfb717abf1c975b77b82e986ee3d3ea7e
2023-04-03 04:04:47,True,0.07893,4.459e-05,1111.45,0.0495,0xf0...40ff,https://etherscan.io/tx/0x3d08fb80904d3b551dc64e4e1fcaa43a0945d5f1759bf49d6984698c629fc262
2023-04-03 04:04:11,True,0.07889,4.456e-05,4335.92,0.1932,0xc9...27b6,https://etherscan.io/tx/0xbe497e0cf68673fba73072c1b1389d2ebc4f06d3734e360c9ac3298a2f6442ff
2023-04-03 04:03:23,True,0.07868,4.445e-05,13082.6,0.5816,0x05...93c8,https://etherscan.io/tx/0xea88ee3ac7104ffd9883d581a3066d8b71df32eb3b8f22fe73f39769800f1385
2023-04-03 04:03:23,False,0.07872,4.448e-05,62266.2,2.76971,0x67...2357,https://etherscan.io/tx/0xd27f82ef47850db2049e46f7aae390b918dafc219dccae1af0ab93d294fa1248
2023-04-03 04:02:47,False,0.07938,4.485e-05,991.25,0.0444,0xaf...815e,https://etherscan.io/tx/0x1c52f0ab7259a2680ca659e8711fc808974c27c0c468c84234ad6810fe78918f
2023-04-03 04:00:35,False,0.07943,4.489e-05,4898.08,0.2198,0xc6...f366,https://etherscan.io/tx/0xedc8a3a509b9577dd17dd3196def820a371ad5adee09532a447834005c6ab90f
2023-04-03 03:54:59,False,0.07942,4.494e-05,4000.0,0.1797,0xd2...2da9,https://etherscan.io/tx/0x5b692fe053fe39a60f97b2a4c484fcdb64f3c48bda153cd0b515ea47785bf124
2023-04-03 03:54:35,False,0.0795,4.498e-05,2500.0,0.1124,0x03...ab9b,https://etherscan.io/tx/0xe2ce17ceae5cc35b9e85e00fc1ed3d53cdaf66bed5e9b1d6666d7304028a77ca
2023-04-03 03:44:11,True,0.0797,4.508e-05,31376.9,1.41451,0xa2...bd19,https://etherscan.io/tx/0x8a92b1af2f69687a63f53772ab93b6f66c59ecfddda378668d0be4c7e2f68f69
2023-04-03 03:40:35,True,0.07993,4.484e-05,8439.5,0.3784,0x76...7d5e,https://etherscan.io/tx/0x0b22c57f8c518b4848c606b31eed922da2ed933e380aadd3606e1dc76fde9485
2023-04-03 03:40:35,False,0.07978,4.476e-05,39649.0,1.77467,0x12...a06e,https://etherscan.io/tx/0x3b5e9d3fb85731deb3e212d502f5ef04467b9e382a337d2c51e7116a07ca63bc
2023-04-03 03:40:23,False,0.08049,4.515e-05,26056.6,1.17658,0xc6...fed0,https://etherscan.io/tx/0x95bc6b2fa6d30111a21cf9eb25e1939a18895d80f5b9e961e0c836cd136cfcf3
2023-04-03 03:39:59,False,0.08145,4.566e-05,58027.5,2.65005,0x5a...a603,https://etherscan.io/tx/0xc272381c9e9a04be847a5a262cd144b8506688ab158285c711809c6d460e9975
2023-04-03 03:39:59,False,0.08353,4.683e-05,126562.0,5.92698,0x5a...a603,https://etherscan.io/tx/0xc272381c9e9a04be847a5a262cd144b8506688ab158285c711809c6d460e9975
2023-04-03 03:39:59,True,0.08458,4.742e-05,78087.1,3.70295,0xb4...c0f1,https://etherscan.io/tx/0x9db575afc1c05521f85414237907353c41e3de27080b98e381fbecfc1063c593
2023-04-03 03:39:59,True,0.08225,4.611e-05,126562.0,5.83656,0x4f...2604,https://etherscan.io/tx/0xb2607797d7dc2ee6f07dfd63daf81c35f74e8f79bdf666d0a139512ca349c4ed
2023-04-03 03:35:47,True,0.08093,4.532e-05,1530.93,0.0693,0x66...b2e4,https://etherscan.io/tx/0x4ebc919ae4c8ea1b006d8f84aa0b2f65cf985db0f26bc6a27918cefaed571816
2023-04-03 03:32:23,False,0.08039,4.504e-05,500.0,0.0225,0xc2...b42a,https://etherscan.io/tx/0x8c271ab56863f4a83e40d670fcc8c551cbbc8f157e994170d5c02a3f1e31d865
2023-04-03 03:31:59,True,0.08086,4.528e-05,6567.38,0.2973,0x6f...6174,https://etherscan.io/tx/0x2258ac36d40499d9de021c76bedfae6232d77adf162d32a18f27caee6bcc514c
2023-04-03 03:26:35,False,0.08045,4.501e-05,7351.47,0.3309,0x2b...f8e0,https://etherscan.io/tx/0x5801db5d112414f5826eb6dd3291b5ac8720782dd09fe8fcd4e367ead123e9cf
2023-04-03 03:24:47,True,0.08101,4.532e-05,656.081,0.0297,0xd0...c3cf,https://etherscan.io/tx/0x858d9d59e1aede695e38a93737645d5a6e59861d62495668dd527146e7ddfd71
2023-04-03 03:22:11,False,0.08058,4.506e-05,2691.35,0.1212,0x35...86a8,https://etherscan.io/tx/0x6f2fe60be563dbe2c71c0a4de5af61287ea37ae155e16799a4214fb27ffcb786
2023-04-03 03:19:23,True,0.0811,4.535e-05,707.564,0.032,0xd0...cad0,https://etherscan.io/tx/0xdd382575116284af52856285052f3cb63a4069beb3e1914605992842fbb98aad
2023-04-03 03:19:23,True,0.08108,4.533e-05,1207.36,0.0547,0xcf...116f,https://etherscan.io/tx/0xf312b188bfe3ae349640a428315d8b1694ec9d0b19d317592d4ef8fa7f5799f4
2023-04-03 03:15:11,True,0.08093,4.525e-05,11799.1,0.534,0xef...e4d9,https://etherscan.io/tx/0x4bfdeb367230334e3fd511af7b5a80dd74b4dcd3c2915bc02af88eb037514eb7
2023-04-03 03:08:23,True,0.08095,4.518e-05,476.694,0.0215,0x92...0cd9,https://etherscan.io/tx/0x7a337f134ce9c60ee873a1b8c3200dde82c1d67e794be11a9ff9af063ff8bd69
2023-04-03 03:08:11,True,0.08095,4.518e-05,154.932,0.007,0xb9...55a6,https://etherscan.io/tx/0x281960be343ef8030448a34b22f6715d60d5057800d962eb2a9e6a2e9eeef315
2023-04-03 03:08:11,True,0.08094,4.517e-05,177.073,0.008,0x42...cf69,https://etherscan.io/tx/0xc23c0a9f0b141070ded6f369eddfae050f0dcc386dd8cda2a6a828110a1f4238
2023-04-03 02:54:11,True,0.0808,4.516e-05,2214.12,0.1,0x97...3ed4,https://etherscan.io/tx/0x16ccadbeb79562cb48884ac5eb22386b3480af6f150b247ccd52589d2b23f885
2023-04-03 02:52:23,True,0.08069,4.51e-05,7608.69,0.3431,0x75...f418,https://etherscan.io/tx/0x3f4487afb111a9832ff04ff587d1e2fbbe27f8dca94e62101140327454b94acc
2023-04-03 02:49:59,False,0.08033,4.49e-05,18536.4,0.8323,0x79...fddd,https://etherscan.io/tx/0xf183494f79d548afe5794d3a5d5c86a224da086064d05aa508ed956390a883d9
2023-04-03 02:44:59,True,0.08096,4.528e-05,12.2028,5.525e-05,0xb5...e6ab,https://etherscan.io/tx/0x322a8a8c57ca894eabb2164679c8a201d36ed2bf6396611bc5fb2220d8c04bf6
2023-04-03 02:42:23,False,0.08053,4.504e-05,6105.38,0.275,0x54...7380,https://etherscan.io/tx/0x4fb93098112a114209c170d578acca96a2a9976c9d2925bb5ae3a2f3d771449f
2023-04-03 02:41:35,True,0.08097,4.529e-05,10915.1,0.4943,0xd3...ed49,https://etherscan.io/tx/0x78eb8c2cd90365a93ece2d2ab9ec6156137fe0f82a3410206c30b40d1db4254c
2023-04-03 02:35:35,True,0.081,4.521e-05,982.077,0.0444,0x5b...f9c1,https://etherscan.io/tx/0x85f3dc7f7f23ffa8490fd4b479807d9f868cc1bf9b069f01b4e34772610c58e4
2023-04-03 02:32:59,False,0.08051,4.494e-05,350.0,0.0157,0x1a...62fe,https://etherscan.io/tx/0x92b937cc25144b1be5359e18138630df1ad7981757eb9dbce295c06daafb5a76
2023-04-03 02:31:59,True,0.08099,4.518e-05,5704.14,0.2577,0x49...33dd,https://etherscan.io/tx/0xa73bad200e4019d3383a683a581111e20fccae13c13dabac03df74e94aab1c46
2023-04-03 02:30:11,True,0.08091,4.514e-05,1229.73,0.0555,0xfc...a91d,https://etherscan.io/tx/0x2c026715408d5fc124938ea5a688fd973052a5fa615d78688b180c5e417bdacb
2023-04-03 02:27:11,True,0.08087,4.513e-05,489.274,0.022,0x56...d12b,https://etherscan.io/tx/0x5fc5bb39a75a9d51a8f10b5a293fe16bca65c021aa0ee07cfc32b2479dad58f9
2023-04-03 02:26:23,True,0.08084,4.511e-05,2660.13,0.12,0xfe...c32a,https://etherscan.io/tx/0xafdc64d19453ea50657525b9030408820ccd1ccb46955038d46c534f99954a4c
2023-04-03 02:25:59,True,0.08076,4.506e-05,4839.09,0.218,0x80...1d35,https://etherscan.io/tx/0x1d2ef4b5392fb2e2ff32ea91de1cd02afe6af417dd1eb33eb68f038d9c7e4dee
2023-04-03 02:25:59,True,0.08057,4.496e-05,12370.7,0.5562,0x44...abd4,https://etherscan.io/tx/0xa51c8ce1f82fd82feeaa0c296089ebe4957e2714c88f84fe269c710853c13036
2023-04-03 02:24:47,True,0.08046,4.488e-05,1229.65,0.0551,0x56...d12b,https://etherscan.io/tx/0x286142de6edd81e4a19f891d70d6d0d6eb13a8963f4c4986f56c43a5670bf744
2023-04-03 02:23:35,False,0.08029,4.478e-05,30000.0,1.34349,0xf7...189d,https://etherscan.io/tx/0xc68e12adc393a85362ca0b4066e4fa130ab8e3ccbb661de40ab1afe5097e9f13
2023-04-03 02:20:23,True,0.08094,4.514e-05,16209.4,0.7317,0xbf...9a66,https://etherscan.io/tx/0x5e829d78ce072ffdac7523e81c1f38269161a4147c2a446ae60d9b72cdbcefeb
2023-04-03 02:18:23,False,0.08049,4.488e-05,20000.0,0.8977,0xe8...c64c,https://etherscan.io/tx/0x9620517e49d422e5342894e351a31edf09fa8874b60426e952a0e7e5a09992a9
2023-04-03 02:14:47,True,0.08121,4.527e-05,875.787,0.0396,0x79...0ff3,https://etherscan.io/tx/0x337638f83886375a58c44d15cf8448d65eb6945cf2c273eeae1d183ec015dfbe
2023-04-03 02:08:35,False,0.08082,4.505e-05,9912.5,0.4466,0x2c...37a9,https://etherscan.io/tx/0x1b23012da03be32a686325506c3c095b713a522f7d8e88a04e5e77b050adabc1
2023-04-03 02:03:35,False,0.08098,4.513e-05,3700.0,0.167,0x1c...4bab,https://etherscan.io/tx/0xd46afb0802698883e1b6848afdadcc1f76f72a22d6ea6c0ad370a7544e8a77d9
2023-04-03 02:02:47,True,0.08145,4.54e-05,5000.0,0.227,0x04...83d2,https://etherscan.io/tx/0x5edeacb950043bcdcbe8477466cfd6a0749998b1f94ac777c36d0a4cc63d34be
2023-04-03 02:00:35,False,0.08094,4.511e-05,2478.13,0.1118,0xaf...815e,https://etherscan.io/tx/0xed67543e178972fbb4ee12b21bd3889be542742fd0166301055eaa351a328705
2023-04-03 01:58:11,False,0.081,4.514e-05,3045.94,0.1375,0xce...86f4,https://etherscan.io/tx/0xf6141d10c393542dd4d9c8056900796094252aaacd318ac4540a314c8f4103ee
2023-04-03 01:57:23,False,0.08105,4.517e-05,1500.0,0.0677,0x06...2bec,https://etherscan.io/tx/0x0f35dc7ed8c7f346491ac1a69d27e5695cf873e7eaddf609c05d499f29dd44de
2023-04-03 01:57:11,True,0.08155,4.545e-05,254.264,0.0115,0x26...c4a6,https://etherscan.io/tx/0x1c264c0add40d8e630f228a6ba633d4caff8a788b2c1ec032e762488e966c24a
2023-04-03 01:53:23,False,0.08112,4.521e-05,4735.82,0.2141,0xf4...e59e,https://etherscan.io/tx/0xf2783b45cc3a40e86a53215044b8659f6ae7dbfeaab45613f7a4a8c5ddf5f2eb
2023-04-03 01:51:47,False,0.08119,4.525e-05,1982.5,0.0897,0xaf...815e,https://etherscan.io/tx/0x4f5751d7cc708afe606c0021d55fda49b4ab01f9554f63ba1fd8aaa220c7ec9f
2023-04-03 01:40:59,True,0.08164,4.553e-05,721.247,0.0328,0x52...59a1,https://etherscan.io/tx/0x6b7565b7c967f7365fd4c936580cbda96937e9c1bfa3b2851cfbff9516e774cb
2023-04-03 01:39:23,False,0.0812,4.526e-05,1000.0,0.0452,0xa6...322e,https://etherscan.io/tx/0x67609392bf8c445065ee3fff60eb34c2e038739581c3f0c95c397184da2fc612
2023-04-03 01:38:23,True,0.08168,4.553e-05,1088.48,0.0495,0x70...5654,https://etherscan.io/tx/0x9df3a8a108e594bb57ac2c1d2279d48c451bd2c4d8cf00ffac911c317eb4c257
2023-04-03 01:37:47,True,0.08163,4.551e-05,2015.56,0.0917,0x4f...62c7,https://etherscan.io/tx/0x37a8fe45e5ab8d07e8bdac365d858c64427fac11313d1c80f8218e770a8ad385
2023-04-03 01:33:59,True,0.08153,4.545e-05,7579.43,0.3445,0xea...bf04,https://etherscan.io/tx/0x4d64a32da5f921ba65e205c9e4f4310d0b70ac761f09555a0bc30b8f9bb01ed1
2023-04-03 01:30:59,False,0.08101,4.52e-05,438.286,0.0198,0x45...ecce,https://etherscan.io/tx/0x80c2d90e48622a8dbfb5b54a0e47ffd087d0f6a5cce731b7ff03433843783dab
2023-04-03 01:28:35,False,0.08101,4.52e-05,326.258,0.0147,0x9f...37eb,https://etherscan.io/tx/0x8db6b4aab25ad078ded84e00e247c3bb52878c73ffb530215e4b63c64c285a47
2023-04-03 01:18:59,True,0.08133,4.539e-05,14240.3,0.6464,0xee...8509,https://etherscan.io/tx/0xeca09d12a8573fe3786239c394b03e041114ce66ba3878c4696c6decc9577197
2023-04-03 01:17:59,True,0.08111,4.527e-05,5145.17,0.2329,0x6d...5831,https://etherscan.io/tx/0x1b389929aa94e9c1f2cb3b63081ea9ebfd13b20a72d5b22aa99c9720fd92e33e
2023-04-03 01:10:35,True,0.08109,4.523e-05,605.408,0.0273,0xb9...3a63,https://etherscan.io/tx/0xa2989ace19da6a5fbeebe4c8507093606bd84fb054ae67770bbc89c3a9809650
2023-04-03 01:00:23,True,0.08108,4.523e-05,438.286,0.0198,0x45...ecce,https://etherscan.io/tx/0x5c16a257b762c914a0c5aaf039c61841ace122c2351a9a5bef01751df8670f5a
2023-04-03 00:47:35,False,0.08026,4.496e-05,100.0,0.0045,0x27...31da,https://etherscan.io/tx/0xab970655b37c7cc0ecc72c003b146b6af3750e170c68374481c64157c3d0023b
2023-04-03 00:46:35,True,0.08073,4.522e-05,1348.02,0.0609,0x8e...f421,https://etherscan.io/tx/0xd010dbf203073224128f3715071a8093dd6aae6af254762320f32f5c88e55d3f
2023-04-03 00:39:11,True,0.0807,4.521e-05,752.035,0.034,0x6c...92ff,https://etherscan.io/tx/0x7f8a8746ed185c8e4ad4bbb9ec741d24b8f8bbc9db13e98f5e5f77aa1fcf1ed3
2023-04-03 00:39:11,True,0.08068,4.52e-05,993.744,0.0449,0x6b...037e,https://etherscan.io/tx/0x594843a23d69be93b13bed25c56ae249af8eb6f489b049486b1b3012b4c9aeb4
2023-04-03 00:38:59,False,0.08019,4.492e-05,500.0,0.0224,0x27...31da,https://etherscan.io/tx/0x7733c0eb6afaaac231b60a63e4963ff00a0abe194c636f28a00efcb567726671
2023-04-03 00:38:35,False,0.0804,4.504e-05,19056.7,0.8584,0xc6...fed0,https://etherscan.io/tx/0x318def6f72826796ef01e7958e89aede72fd5b6f4f42551af38cca10bd7b5824
2023-04-03 00:37:23,False,0.08057,4.516e-05,1033.37,0.0466,0x27...31da,https://etherscan.io/tx/0x89459b65f0dbdbff46644fedc6543f68d43910579585764e82a0429d0b4b9885
2023-04-03 00:34:35,True,0.08109,4.543e-05,1115.4,0.0506,0x1d...b7e7,https://etherscan.io/tx/0x909fce6f67b6f8d8d0ed0b5d7556b2f46a8265d79a0f61c267ec99cbecfddf27
2023-04-03 00:31:59,True,0.08115,4.542e-05,420.007,0.019,0xa7...43ea,https://etherscan.io/tx/0xfa1a281662e4e34d02af1ee6ddd798641f90378c43b5380004a2d0bba64193a1
2023-04-03 00:30:35,True,0.08114,4.541e-05,1200.38,0.0545,0x2b...3911,https://etherscan.io/tx/0xfe248b2df765ec38ce911b2111210482c7d9512d92462ace7a88dbd301287d99
2023-04-03 00:16:59,False,0.08051,4.516e-05,5000.0,0.2258,0xae...d6a7,https://etherscan.io/tx/0x66f671b750caa3edd039dda18069e3be05833b66eadfae9492c191291ba65e5e
2023-04-03 00:16:47,True,0.08104,4.546e-05,1098.8,0.0499,0x3e...294e,https://etherscan.io/tx/0x7941ea0b583580a3e96bc1d8d6af59ff3ba146fc7b99fdbe23be863b68b29a8c
2023-04-03 00:12:35,True,0.08101,4.545e-05,414.333,0.0188,0x9b...0e33,https://etherscan.io/tx/0x59e45d43bfd391ad5c21022b3b32495662117b833947af18a9e383484b88fcba
2023-04-03 00:12:11,False,0.08052,4.518e-05,594.75,0.0268,0x63...52cf,https://etherscan.io/tx/0x1d8415d86570321a5bf8942fb27a43d74278061fd186a636422c46456406f28f
2023-04-03 00:09:11,False,0.08073,4.527e-05,15000.0,0.6791,0xc6...fed0,https://etherscan.io/tx/0x3f5f943e9d376a820838e3a810b5fdf00cc0c45424b08b1e46ba5ed1dda3dc46
2023-04-03 00:06:47,False,0.0809,4.537e-05,685.0,0.031,0x3e...373a,https://etherscan.io/tx/0xaa014bdd2d2ae63eca89c726a354a36d8ba80f3c296e89ac4ce4ace604be77ff
2023-04-03 00:04:47,False,0.08116,4.547e-05,15000.0,0.682,0xee...8509,https://etherscan.io/tx/0x74777a129c5bc269e36918deed06f1d82966bb83158249414925209219498352
2023-04-03 00:03:23,False,0.08133,4.556e-05,359.289,0.0163,0xe3...f713,https://etherscan.io/tx/0xc7e2589de84735bf15693ed0a2ce8951f1821cb12736ae27f41b5371725736e6
2023-04-02 23:54:11,True,0.08184,4.583e-05,1730.28,0.0793,0xa8...6d93,https://etherscan.io/tx/0xac9e9ed66a4ad786aa8334153b8736d5c2df6b989c3e3639e4e6b9a8ad2ccbc6
2023-04-02 23:48:35,False,0.08146,4.554e-05,3.125,1.423e-05,0xd5...a510,https://etherscan.io/tx/0xec97195cd519fbeb10907f69b196edd317317b469f7ea70c11cab7078e733938
2023-04-02 23:48:35,False,0.08148,4.555e-05,1243.75,0.0566,0xd5...a510,https://etherscan.io/tx/0xec97195cd519fbeb10907f69b196edd317317b469f7ea70c11cab7078e733938
2023-04-02 23:47:23,True,0.082,4.582e-05,1205.75,0.0552,0x21...3bbb,https://etherscan.io/tx/0x54ed8c3944d38ec4fb19d06655016614f7a0bb24eb35049c4aa7e9bed7010c9a
2023-04-02 23:42:47,False,0.0816,4.555e-05,2160.68,0.0984,0x9d...a2ec,https://etherscan.io/tx/0xbe94804f18ee68f801e4acb21d131296e498eea3c93e44e02bb642444a76e392
2023-04-02 23:41:23,True,0.0821,4.583e-05,1578.65,0.0723,0xf5...21bc,https://etherscan.io/tx/0xf20315be630abd75aa2b781bf957812bbd35bfb851ac7ffae60d74ff6c8d705f
2023-04-02 23:40:23,False,0.0816,4.556e-05,1400.0,0.0637,0x52...9e3c,https://etherscan.io/tx/0x6b7978104528c5ba9083d0d6568320d6feac5a14c14171bf58d6570b4d1e6c4f
2023-04-02 23:33:23,True,0.08206,4.584e-05,648.712,0.0297,0x4c...1042,https://etherscan.io/tx/0xd89ec743b754162a3ca771752e4dbc9c544385e21acad4a27a3560dc72606387
2023-04-02 23:32:47,False,0.08161,4.558e-05,4408.91,0.201,0x53...002b,https://etherscan.io/tx/0x5ac4949be0ed7f7fa9e2eb04f5b440b847290cb2d7dd14b8c67a691c1527c971
2023-04-02 23:24:47,False,0.08163,4.565e-05,6100.0,0.2784,0x42...6c80,https://etherscan.io/tx/0x40babbb7d7f19ed56135969deb3a58ec355143fff97ee1807f48cd4f64473b64
2023-04-02 23:23:11,True,0.08213,4.595e-05,1612.71,0.0741,0x90...d446,https://etherscan.io/tx/0x92961a6c9b52c18a75b0655188a08a66d2ee4fa6f1c97dcc653d36bf814f479c
2023-04-02 23:15:35,False,0.08181,4.568e-05,2400.0,0.1096,0xee...4353,https://etherscan.io/tx/0x41581634efe62575135ec22322814956f0aeb493528dfd24f1dcb4f3c8c6c937
2023-04-02 23:07:23,False,0.08175,4.57e-05,400.0,0.0182,0xe8...d181,https://etherscan.io/tx/0x6ae944ac714fb8be04f45fa2682a8d2176c02bbd1e384bc50554d83c425ff185
2023-04-02 23:03:59,True,0.08226,4.597e-05,794.266,0.0365,0x6d...ee32,https://etherscan.io/tx/0x8ef8fd5da2a0337ddf1144fe4feedebb4410518c85b2ce082239288fbd63a32e
2023-04-02 23:01:23,True,0.08208,4.587e-05,15124.5,0.6938,0x67...5111,https://etherscan.io/tx/0x123b7af1314f9cfc521cc4fdc2e9371e309c87fb6042570f1a994b5587da381c
2023-04-02 22:49:23,False,0.08132,4.551e-05,394.707,0.0179,0xa3...6b1c,https://etherscan.io/tx/0xcf566ddfc3b56e27ba62850bdd12c17d50254c7043782e544e56173900555420
2023-04-02 22:45:59,True,0.08177,4.576e-05,3692.69,0.169,0x20...5e8a,https://etherscan.io/tx/0xb3819aa88c4c54e54dd9771d6fae5458b2cbe2c1a35b72e92633856d58ea92c5
2023-04-02 22:45:11,True,0.08172,4.574e-05,461.975,0.0211,0x80...0b6b,https://etherscan.io/tx/0x55273fb856c75f276f2ce33519e44fb07c99d109bff4050b11dc23254c7a0abb
2023-04-02 22:43:47,True,0.08165,4.572e-05,2018.61,0.0923,0xfa...7766,https://etherscan.io/tx/0xf88f2a950d2732fa57f946c48ad6821ea4a594b5fbda5bd01f8ec5118da8fece
2023-04-02 22:41:59,True,0.08161,4.569e-05,2169.07,0.0991,0x27...5de3,https://etherscan.io/tx/0x62b28e0abe5b460790f7dc1f2036db34d583d49ded7ee9bc1f88be65bfeb52e3
2023-04-02 22:41:47,True,0.08157,4.566e-05,2821.69,0.1288,0x17...44eb,https://etherscan.io/tx/0xe72581c94e6595f3f4ab770e048d5a665691202bf943fcb46d139133da5ccd59
2023-04-02 22:39:35,True,0.08149,4.562e-05,4019.19,0.1833,0x88...e288,https://etherscan.io/tx/0x7162baf86ac9805189f841ef2b534cc4ebd2b0e8c0337d136678d91631156e31
2023-04-02 22:36:35,False,0.08109,4.54e-05,12148.4,0.5515,0xd8...9753,https://etherscan.io/tx/0x6f3b87847cac9209124a26c87526ca00348c93e2d71cfb6d96de273775b45e8b
2023-04-02 22:35:35,False,0.08135,4.554e-05,11411.4,0.5197,0x76...7d5e,https://etherscan.io/tx/0x7a5896a6b279f408744895060fc9118ecc4737df6fe298c05da135e4beaa266a
2023-04-02 22:32:23,True,0.0819,4.589e-05,19.868,9.117e-05,0x74...8144,https://etherscan.io/tx/0x69c0064293ecaa70f54b312be9d227434e1acdc2542e05b9e956e1bbb30fd420
2023-04-02 22:32:11,True,0.08187,4.587e-05,2242.02,0.1028,0x42...cf69,https://etherscan.io/tx/0x8f72c404c7033b58e0ef862f5215abbade46c76ca8981f51db433899c0039295
2023-04-02 22:30:35,False,0.08139,4.56e-05,2500.56,0.114,0x85...7a9e,https://etherscan.io/tx/0x515c7d5d01920a2eaa6d2d1b36fb778078562a34a731884b6ca99a2b18ad4c4a
2023-04-02 22:26:23,False,0.08143,4.562e-05,800.0,0.0365,0xee...8509,https://etherscan.io/tx/0x159dc9412df628d73a4d21997ae84730af1947eddc1fb5c67e2c36ea1de103de
2023-04-02 22:25:47,True,0.08182,4.584e-05,10024.8,0.4595,0xac...b220,https://etherscan.io/tx/0xdc5d9efeb743dcb3e5af7ba7cc11395c9d9f3e81244fccc19508f90a89bd40b1
2023-04-02 22:24:59,True,0.08164,4.576e-05,2164.22,0.099,0x79...d543,https://etherscan.io/tx/0x3e03f27e02d68a7a6472aeb442781734e5c3e6c2fb4c64c83037d20e9518d513
2023-04-02 22:23:47,True,0.0816,4.574e-05,1038.69,0.0475,0x9a...7bc6,https://etherscan.io/tx/0x7953c7227aa5ab501bbe18697f4073fd7f09b8750deebbd1acfe466a7d7179bd
2023-04-02 22:23:35,True,0.08158,4.573e-05,1146.57,0.0524,0xf1...114a,https://etherscan.io/tx/0xa8101a11fca504003b644aa528cd7d2ff7831ae9abea9605de0cda1c4c6974dd
2023-04-02 22:22:11,True,0.08119,4.555e-05,28539.5,1.3,0xc9...37ee,https://etherscan.io/tx/0x746e7cad4a7d01170d7e346eb1846abd5aa7ee937500733044a58f612c457ebf
2023-04-02 22:17:59,False,0.08041,4.516e-05,9737.9,0.4398,0x76...7d5e,https://etherscan.io/tx/0x0b569c59e4be21ce9a4cd50252a1ead1b1b0e5ac0f547b2b86cbc0055bed39b9
2023-04-02 22:17:59,False,0.08079,4.538e-05,25993.5,1.17961,0x76...7d5e,https://etherscan.io/tx/0x0b569c59e4be21ce9a4cd50252a1ead1b1b0e5ac0f547b2b86cbc0055bed39b9
2023-04-02 22:17:59,True,0.08104,4.551e-05,47927.0,2.18159,0xd2...beaa,https://etherscan.io/tx/0xcb4e0fd66b5bf646122359196273c02ae09b0e6f35b1a14cb40f6b177fcab47f
2023-04-02 22:17:59,True,0.08024,4.506e-05,25993.5,1.17151,0x76...7d5e,https://etherscan.io/tx/0x9f8e5a542ecffc3c0c88b550f18b1e5e53bcf93359e9d1bf12c127963ca65e66
2023-04-02 22:17:47,True,0.07984,4.484e-05,10884.8,0.4881,0x3f...5ab2,https://etherscan.io/tx/0x6c3f2afc6f865cc6fdad717687069872697dcb2e7cd70226a7e79ce02b5750f1
2023-04-02 22:13:47,True,0.0797,4.477e-05,1861.01,0.0833,0x9d...a2ec,https://etherscan.io/tx/0x76c29bb708348c52d5089d3b0f74b2397bd99e4297f473a0856e7a82ef96f3cf
2023-04-02 22:13:23,True,0.07967,4.475e-05,1248.39,0.0558,0x75...06e0,https://etherscan.io/tx/0x4f66905e3799d79386e623debbfdac433c2f65886fc75ef04a4241e0c92b8b09
2023-04-02 22:11:59,True,0.07963,4.473e-05,1117.42,0.0499,0xde...8e07,https://etherscan.io/tx/0x184598365f11fa7c3ed9e7c39a0fa041fcf1df825ba6da89b422a22f6dee5e89
2023-04-02 22:08:23,False,0.07929,4.448e-05,4000.0,0.1779,0x1c...4bab,https://etherscan.io/tx/0x6efc3e61a1c31375d1604f9d68cdee52ac74e01bb30f5ff801343f7ad898a8ff
2023-04-02 22:05:11,True,0.07969,4.476e-05,2878.83,0.1288,0x55...c0dd,https://etherscan.io/tx/0xbf4f2cec8c0b76032551a4837d1244118dd0f6532e82de6e893eb4bcc95227c4
2023-04-02 22:00:23,True,0.07968,4.474e-05,321.494,0.0143,0x9d...a2ec,https://etherscan.io/tx/0xf27cb77b40be5a9197cd8a4646d8954ea35b95845c6b817d5a53b8552384c249
2023-04-02 22:00:11,True,0.07965,4.472e-05,2437.87,0.109,0x90...b61f,https://etherscan.io/tx/0xd4f219edfb9d1a72d7bae201322e06186bab526adcc55ded4aa64b10874c1e99
2023-04-02 21:55:23,False,0.07933,4.446e-05,2603.59,0.1157,0x57...3178,https://etherscan.io/tx/0xa15c9849a453d6221257a970df2d55a47fd83c7e546a48030680e374cbf196cc
2023-04-02 21:55:11,False,0.07941,4.45e-05,4891.69,0.2177,0x42...cf69,https://etherscan.io/tx/0xdbe647fec3056aa81bf38ccaa5c175d1ce1e2b94fc3251c44a8f5a9abcbc70d2
2023-04-02 21:47:23,True,0.07969,4.479e-05,1236.26,0.0553,0x8d...cb7c,https://etherscan.io/tx/0xea7bda2279372d807c471a30c34a7108cd1036e2616b2c902f426eeacb485185
2023-04-02 21:45:59,True,0.07957,4.473e-05,8656.65,0.3872,0x76...7d5e,https://etherscan.io/tx/0x1435d7146358fccf1c5ac65b2d5420b3ee174524267d188170c8a81910622f1f
2023-04-02 21:41:11,True,0.07969,4.468e-05,160.584,0.0071,0x21...3bbb,https://etherscan.io/tx/0x0eafc7e9b3495a1efc3bdd8546575badf6f5b254cb33bce9a080feb3dd444449
2023-04-02 21:33:47,True,0.07994,4.464e-05,5547.94,0.2477,0xf3...8434,https://etherscan.io/tx/0x75ee3e90c116120f5fb4c5921e5d32f94a981f175fbd963092b078d7fc2fd46e
2023-04-02 21:28:23,False,0.0798,4.446e-05,20000.0,0.8893,0xa3...9885,https://etherscan.io/tx/0xa009b0d14384fd4b7dc6d08e6e0ea1d56d78f15d44c61bd72c9d39535c0f84c0
2023-04-02 21:26:11,False,0.08008,4.461e-05,5162.97,0.2303,0x1f...1c3e,https://etherscan.io/tx/0x61c453bceea55b3107cde279c5f7363d4cf29329575d49440ee639028e33c575
2023-04-02 21:15:35,True,0.08061,4.491e-05,683.974,0.0307,0xee...8509,https://etherscan.io/tx/0x964a2ffeceba94af8b52b4e379ac8fbb9c0ecd100d4160b998ba3c6de2286b32
2023-04-02 21:11:59,False,0.08023,4.467e-05,5640.23,0.2519,0xac...bfe4,https://etherscan.io/tx/0xf98db2c2dc9def1907e5e2c6944764df45bee7749bd2eb65489b6155531330bb
2023-04-02 21:07:23,True,0.08083,4.496e-05,1212.41,0.0545,0xa2...29d5,https://etherscan.io/tx/0x7badcba265a374a1c9dc1c2463277f8d87232d1d7ed7a26135cc0051f9856280
2023-04-02 21:07:23,True,0.08081,4.495e-05,489.647,0.022,0x76...5adb,https://etherscan.io/tx/0xe3164fbedd9b79d6296ebdb6d0951b9ddf0245204db9bb2dbe0948b3f1c6dc89
2023-04-02 21:06:47,False,0.08036,4.47e-05,3612.79,0.1615,0xd1...5136,https://etherscan.io/tx/0xb7397efd12286b1071561fe2e786f7c7f45717333fb8663d850d9e0a91240ae9
2023-04-02 21:04:23,False,0.08045,4.474e-05,2000.0,0.0894,0x32...bdf6,https://etherscan.io/tx/0xb648435e1d9e7f455dd9546fb9aad8e4633528885a45341edba59c2e16df317c
2023-04-02 21:04:11,True,0.08094,4.501e-05,1398.42,0.0629,0x42...cf69,https://etherscan.io/tx/0x9275f70f8950a9cf372e9644925dafc1801605c8f0cd1eb3713e53ca515b2242
2023-04-02 21:02:35,False,0.08057,4.48e-05,11500.0,0.5152,0xd8...9753,https://etherscan.io/tx/0xdd9ddaef43dbdc9dba9c0cba4bfcf593307562f48455e4d97d433e2ded0af172
2023-04-02 21:01:23,False,0.08101,4.505e-05,29601.6,1.33359,0xcf...650f,https://etherscan.io/tx/0x8a7a4e308deca9e2335179e4895c99d5c90947a9516b48a59ab11f1a58eace54
2023-04-02 20:59:23,False,0.08134,4.523e-05,1220.0,0.0551,0xa5...fa77,https://etherscan.io/tx/0x07faea0c2eab3cc3452e8c7a4215ef270287ede57c24bb7004e7087883f77dc9
2023-04-02 20:54:47,False,0.08147,4.528e-05,7000.0,0.317,0x45...ecce,https://etherscan.io/tx/0x87998782ab49c7129087ef127e0d4103d92805bd6bbbfbb4081e66844d26ff1d
2023-04-02 20:53:11,True,0.08205,4.559e-05,1228.19,0.056,0xbb...4007,https://etherscan.io/tx/0x3d245317d9d1d3a0677067815cd27699d0d43d0cb51a19127d7fdaa84d00a93a
2023-04-02 20:52:47,True,0.082,4.556e-05,3480.62,0.1586,0xbe...bf4d,https://etherscan.io/tx/0xc8be13ae0abcbb163a7a4fda77eef887fd2ebcfc3fdccff93e47f371b05d9a81
2023-04-02 20:52:23,True,0.08185,4.548e-05,10000.0,0.4548,0x93...9908,https://etherscan.io/tx/0x7dbb14117529137611dd32c37784ae3c764f01acac913d0d06ea0a753d04f8f2
2023-04-02 20:52:11,False,0.08128,4.516e-05,2723.66,0.123,0x03...27ce,https://etherscan.io/tx/0x5b5a53d64c43e251d3e7cac1a5df64c7d65acc1ab2fd5540404a3266e3d46c2b
2023-04-02 20:50:47,False,0.08136,4.521e-05,5000.0,0.226,0x2f...c441,https://etherscan.io/tx/0xe87f9d9c81efb314d83e1a71a7efa59e9eb2e7a5bb121eff84ff3b0cc4a49682
2023-04-02 20:43:35,True,0.08193,4.551e-05,544.478,0.0247,0x41...d8ba,https://etherscan.io/tx/0x504212d71f7885771a00f40fd7a5a5f147a1519dab12080f95fca36d7e8817f9
2023-04-02 20:43:11,True,0.0819,4.55e-05,905.484,0.0412,0x9e...c716,https://etherscan.io/tx/0x4c281a032f6ae1384e925afb619865087925a7d5868d6069990a20fe326af3cd
2023-04-02 20:40:23,True,0.08193,4.549e-05,1329.62,0.0604,0xa6...498e,https://etherscan.io/tx/0x360f473e565c61b34dfcaa85f0a40c26a78a2952d500eb25c686a98217bf7b4b
2023-04-02 20:39:35,True,0.08179,4.541e-05,10759.9,0.4886,0xbf...2a21,https://etherscan.io/tx/0x4c2691ed3f480d6811a058237a7d9eae4f55269f17f8aece70ee2b456ab8f099
2023-04-02 20:33:23,True,0.08159,4.534e-05,786.936,0.0356,0xc5...21c7,https://etherscan.io/tx/0xd01b3e2eb9c162a570c1ecd097c40f8bde981f54b31f5d7311893c091f5ad49b
2023-04-02 20:32:11,True,0.08133,4.52e-05,22602.9,1.02175,0x4f...1609,https://etherscan.io/tx/0xa73fe1b7ab3d011affcc5f6df4e207a363664f1d03a1df560cb2929b2191e2c7
2023-04-02 20:27:11,False,0.08064,4.48e-05,321.674,0.0144,0xa9...40e9,https://etherscan.io/tx/0x2bd350f4436b0d160735017b5274215621e2244d31c7bea8299d8543800ad05a
2023-04-02 20:26:47,False,0.08066,4.481e-05,1500.0,0.0672,0xfb...9073,https://etherscan.io/tx/0xed6e516af425f79da3acb1a7b44fb7f5fa56487656a750c761d78306589fac25
2023-04-02 20:24:59,False,0.0807,4.483e-05,2000.0,0.0896,0xfc...4fe8,https://etherscan.io/tx/0x8bfb2f9df74a3fab9141667014fcdae636bab4b43450d6b997b6017b205f37ff
2023-04-02 20:20:23,False,0.08078,4.487e-05,4700.0,0.2109,0xfc...4fe8,https://etherscan.io/tx/0xc2422959ad6da0c046c0cd36b5753143ac3484de0e7d625802caeaea89b07a36
2023-04-02 20:18:35,False,0.08083,4.49e-05,800.0,0.0359,0xd4...453d,https://etherscan.io/tx/0xe6d911703ba5766390499723baa9359873c2e93d789719bad4f25d701913de8e
2023-04-02 20:14:47,False,0.08114,4.504e-05,22756.3,1.0251,0x58...1a52,https://etherscan.io/tx/0x0d2a4e5a6e2c114c76bf2a3e49c940abb646253951dc70a1eb2404b70e6fbed3
2023-04-02 20:12:47,False,0.08189,4.545e-05,43484.2,1.97635,0x4f...1609,https://etherscan.io/tx/0x77e7bb62580043f2999364d841fbb1006a876316ac747170064f040e65c5db2a
2023-04-02 20:11:59,False,0.08238,4.573e-05,2732.61,0.1249,0x54...cd6f,https://etherscan.io/tx/0xcf9849b8e9a1e2c1d064973131041e195b0ed48e15c2f9f17f214c4ed6750759
2023-04-02 20:11:11,False,0.08278,4.595e-05,33175.0,1.52459,0x52...5558,https://etherscan.io/tx/0xd6b915209ec2132c5d293ee9c6540beaafec825b8d83d550ad88f7e2e4ff5a06
2023-04-02 20:09:59,False,0.08347,4.633e-05,27012.9,1.25157,0xed...7df6,https://etherscan.io/tx/0xc46e2db1fbc36bb8ddc6519cd917d8f45ba91ca6c777ec0403e65ed2b293455a
2023-04-02 20:04:23,True,0.08428,4.678e-05,366.427,0.0171,0x09...c02c,https://etherscan.io/tx/0x566e38b29f1db9c78bd699a6bb9b58fbdbbceb87ef1b88a8aa38131c9a0ad6d0
2023-04-02 19:59:59,True,0.0842,4.671e-05,9942.26,0.4644,0xd6...95dd,https://etherscan.io/tx/0x69d913182e648c0beab4dc90f415df5b701c05a179a4e40b361ac10e67c179e0
2023-04-02 19:53:59,False,0.08361,4.638e-05,2351.92,0.1091,0x76...7d5e,https://etherscan.io/tx/0x306b9ef1e3d5d26905290e10fcfe8622d5f5ea6cd5f3eaf80785fed4dadc7e02
2023-04-02 19:49:59,False,0.08365,4.64e-05,1000.0,0.0464,0x72...cde3,https://etherscan.io/tx/0xb4e2511307749d9170c1843195c79b3b6a363a354957fbd99ec29e323ec61060
2023-04-02 19:49:47,False,0.08368,4.642e-05,1879.0,0.0872,0x5e...3ef2,https://etherscan.io/tx/0xfaf31aa91416c93e9a34fcd4796414e2d6a0bfa5c30b0f8893a2f002a6e200cb
2023-04-02 19:49:23,False,0.08375,4.646e-05,4000.0,0.1858,0x61...84d1,https://etherscan.io/tx/0x4e2595189e4bfe4ecd12a8e42351b3d5f2216dce58e393f7f03e4fac30f6f674
2023-04-02 19:43:59,True,0.0843,4.676e-05,1022.42,0.0478,0x4f...ff0c,https://etherscan.io/tx/0x311ffa765cad99dc1c508e62c941d13e09b72a5036fb367017f6818a333584a2
2023-04-02 19:43:23,True,0.08427,4.674e-05,1480.37,0.0692,0x66...412d,https://etherscan.io/tx/0x4da50845db6e440ff5bf67e279a045d28ec4a71b22d12c400e7950f5fa03889f
2023-04-02 19:42:47,False,0.08376,4.646e-05,461.371,0.0214,0x35...9f50,https://etherscan.io/tx/0x6beb44beb9ea2ad21f0e32ab6a9346975d96ffff4e65f8ce0713f3146e40753b
2023-04-02 19:41:59,False,0.08393,4.655e-05,14520.5,0.676,0xc5...eef8,https://etherscan.io/tx/0xbcb679984294d93fd7af1d80946f3d5ff905d8b43e744c08c271d392c62bfe66
2023-04-02 19:41:23,True,0.08455,4.691e-05,1795.88,0.0842,0x03...2eb3,https://etherscan.io/tx/0x030ceed52b2791e0c53a0417fce2b2336e87fc6ee9fe6c1fbbfc6df8795b0568
2023-04-02 19:41:23,False,0.08404,4.663e-05,1500.0,0.0699,0x8a...0c5a,https://etherscan.io/tx/0x680acd7cf58b9e5113952d918bf500158dd086d7fbc26d42d50396ba2439396a
2023-04-02 19:41:23,True,0.08455,4.691e-05,1173.66,0.055,0x3f...5d18,https://etherscan.io/tx/0xd006b66570203dba757d1d7b7c77e549a13cdc0ede9c0ec779075d9609017ed7
2023-04-02 19:41:11,False,0.08404,4.663e-05,1693.05,0.0789,0xfd...9468,https://etherscan.io/tx/0x8833707d1968496145019e0013f4163c12ee49cd479b50794650191900bcf562
2023-04-02 19:39:47,False,0.08405,4.666e-05,2000.0,0.0933,0x80...0138,https://etherscan.io/tx/0x2bced7dd223162998e25c67c569d248205ed84bfc3c466740981b22d99553d48
2023-04-02 19:39:35,True,0.08446,4.688e-05,10663.8,0.5,0xc1...1480,https://etherscan.io/tx/0x7939f340b48ef21dd28ea3d5d7ae100424651dde1a73130fb14c9073a0aafc69
2023-04-02 19:39:23,True,0.08431,4.68e-05,2509.45,0.1174,0x56...8d88,https://etherscan.io/tx/0x8d4fe8a88591efc3fb9a6b65073ca0b9adfbcae36dc0fb53e8fa9bfc11cd27e0
2023-04-02 19:31:59,False,0.08379,4.664e-05,21545.8,1.00499,0x61...2e1b,https://etherscan.io/tx/0xce1636cf5d744342b7afa92e3a35f92d905f5eca3b68bfa306cdae81be675b34
2023-04-02 19:28:23,False,0.08406,4.679e-05,1566.63,0.0733,0xa0...17a3,https://etherscan.io/tx/0x4aee25ca6f08d3fad3c3874f0a00225031558142b839f8f06ab9c606642d5c17
2023-04-02 19:28:11,False,0.08419,4.686e-05,10000.0,0.4686,0xa9...aec3,https://etherscan.io/tx/0xe492166a3a2c0da9b3cdff200fba7bf334f1f36ba7d46f754d26d2564869384a
2023-04-02 19:27:47,True,0.08461,4.709e-05,18193.5,0.8568,0xbc...def3,https://etherscan.io/tx/0xf6a6ed53e138687ac4aaaad4d5b97569d8b1ab5e23302f4731fa14132f713336
2023-04-02 19:27:35,True,0.08418,4.685e-05,19204.8,0.8998,0xcf...650f,https://etherscan.io/tx/0x5013e4f29729ef48c93b057c1beee59a8a444c65ab5ce2aeed59e9ce752e806b
2023-04-02 19:27:23,True,0.08391,4.67e-05,4242.35,0.1981,0x3c...2c8a,https://etherscan.io/tx/0xf7a811c5aeee5a6effbb4ea390db0b67bb4bc9d91febd7177f1b3222ce5c2eb4
2023-04-02 19:25:59,False,0.08342,4.642e-05,3653.88,0.1696,0x05...93c8,https://etherscan.io/tx/0xdd06590be61bc5fd593fbb90e4495128c94abb1217aebc9028df9d5993fae8b2
2023-04-02 19:24:47,True,0.08378,4.662e-05,15981.1,0.745,0x2e...f345,https://etherscan.io/tx/0x0bf88755aa20a0e26cf42422ed1a13516142becbf11126ded723d78c943b0c24
2023-04-02 19:22:35,False,0.08342,4.642e-05,28819.4,1.33791,0xd2...2da9,https://etherscan.io/tx/0xdaaca6fa83c4c17e311a0ef6126e94ea672aef7465b111ca8075e1c4fb0eaae9
2023-04-02 19:22:35,True,0.08399,4.673e-05,23117.0,1.08046,0x4d...3543,https://etherscan.io/tx/0xc16bed2ad973dc51e4790def972277991ad4d04d3d100e15e3e0d3ad17e9db76
2023-04-02 19:22:23,True,0.08336,4.639e-05,31680.0,1.46968,0xd6...95dd,https://etherscan.io/tx/0xa54c3fdddd99ac3d5565e3df0f25c7ca4506b2a041d25430cb27af5194beb219
2023-04-02 19:19:59,True,0.08297,4.617e-05,3220.29,0.1486,0xc0...413b,https://etherscan.io/tx/0x798ba18c5eacc51e535122b4d8d76d3b142a9d0bd6d53260f0f62c3944ee5233
2023-04-02 19:18:23,False,0.08245,4.588e-05,666.995,0.0306,0xd7...a3b2,https://etherscan.io/tx/0x844cd90b203e9f0aac9bed1f58ae74c66a5bbf5ed2333504654954e06bb3eba6
2023-04-02 19:18:11,True,0.08295,4.615e-05,386.554,0.0178,0xd4...bba5,https://etherscan.io/tx/0x623f12fef2c54a7c808ec15e783b96310fb9cabe0741b03f8bab1a8cbed22b65
2023-04-02 19:17:35,True,0.08272,4.603e-05,19877.7,0.9149,0xc6...fed0,https://etherscan.io/tx/0x9bc4fbf28a6ce9880d6bd48ad89271c7d21a1e28b3c1e8d01d1fc2a8ca9a6b83
2023-04-02 19:15:59,False,0.08306,4.624e-05,98652.5,4.56256,0x76...7d5e,https://etherscan.io/tx/0x5200f1e3860a8d7bbd006963f625b2ebce884ef46bd704d29329d8f9ccf72236
2023-04-02 19:15:59,True,0.08439,4.698e-05,25811.6,1.21282,0x55...ce90,https://etherscan.io/tx/0xa47cbc9f80a3b808c8894480757e314b6a43b3b8a9be0da46d5e2e39a7f9fcef
2023-04-02 19:15:59,True,0.08297,4.619e-05,98652.5,4.5576,0x76...7d5e,https://etherscan.io/tx/0xac5423d8d9f02c6982ed178ed9eeccf65b915810b57e72db43fd441beb368a3f
2023-04-02 19:11:59,False,0.08156,4.541e-05,16573.2,0.7526,0x76...7d5e,https://etherscan.io/tx/0x69782cfa76771412d182a704c20e2449a0d8aa404d64a8ce681302d65b792f2b
2023-04-02 19:08:47,True,0.08221,4.577e-05,2425.4,0.111,0xa5...92d2,https://etherscan.io/tx/0x9d25b07e4be66af9418693937ff91f8c72b21b710083c596b8a09d12f1300c84
2023-04-02 19:07:59,False,0.08172,4.55e-05,3000.0,0.1365,0x29...a1af,https://etherscan.io/tx/0x337644dabd7170a6f158f45dd62d8f5ec414607c5f5dde32577d352453507e8e
2023-04-02 19:05:47,True,0.08216,4.577e-05,3681.48,0.1685,0xba...1b5d,https://etherscan.io/tx/0x2f4a19e6c1a3f68246505fbf2362000aab6bf02323712acb09a9a335f964a732
2023-04-02 19:05:11,False,0.08164,4.547e-05,500.0,0.0227,0x5b...eb53,https://etherscan.io/tx/0x27364718caa0629e7fe3fb305bcc3ddbfa3e0283484c383692d0100509076ebb
2023-04-02 19:03:59,True,0.08204,4.572e-05,4769.07,0.218,0x14...44df,https://etherscan.io/tx/0xbdd6ca9e21f211bd16f3f540745478a4704888fd4395ea19fb8f2cd06416ef15
2023-04-02 19:02:23,False,0.08151,4.542e-05,626.938,0.0284,0x15...33e4,https://etherscan.io/tx/0x53c91be299424aadb28678a35ad4ab2a7d8565ec996491de3541f597ad09d20b
2023-04-02 19:00:47,True,0.08196,4.567e-05,4774.41,0.218,0x49...a174,https://etherscan.io/tx/0x429346f86560492c0590acf703cc71fb2e4de675d661d3e71460fd28d0f14f53
2023-04-02 18:59:35,True,0.08184,4.561e-05,5432.94,0.2478,0x73...e9f5,https://etherscan.io/tx/0x8fe246e69a90d2b0b27c5b31032db591c24cb0e17d0886d9b10fa929522db3d2
2023-04-02 18:57:47,True,0.08156,4.545e-05,19638.7,0.8927,0xc6...fed0,https://etherscan.io/tx/0xc22bca93b30b02a692f425a430bea46438d54317f6d5775d2bac3f288be67834
2023-04-02 18:56:23,False,0.08086,4.506e-05,297.15,0.0133,0x2a...7231,https://etherscan.io/tx/0xe2077b31a3df1146dfe0d44e4905a2bc9b97ce6000f4f45525ce8b7d8d6b6dab
2023-04-02 18:54:35,False,0.08087,4.509e-05,3155.17,0.1422,0xd7...a3b2,https://etherscan.io/tx/0xa6125403f903f451ad6ce1008b4cdd7fd2bd09611731e8843fe26da4ff74a44d
2023-04-02 18:54:35,True,0.08136,4.536e-05,2406.36,0.1091,0x92...da7a,https://etherscan.io/tx/0xe1e74457775f9315f706b26928dd35265a4d4704f5e34d856a2702f561b6a29b
2023-04-02 18:54:11,False,0.08425,4.697e-05,300593.0,14.1206,0x76...7d5e,https://etherscan.io/tx/0x49196ea1e6bf4b980cb8163fc879acce1cca358993349c92e15220f9edc5a999
2023-04-02 18:54:11,True,0.08797,4.905e-05,27184.2,1.33347,0x55...ce90,https://etherscan.io/tx/0xd3900bdfe96f0ed02512ed7a6ad9f11a3aa771427b8f8364c661ebe5dbfa89fd
2023-04-02 18:54:11,True,0.08411,4.689e-05,300593.0,14.0969,0x76...7d5e,https://etherscan.io/tx/0xc1697e0cc34e064269940a54b1325c6e3c5a7a885959dd933b0779b4b3404116
2023-04-02 18:53:35,False,0.08031,4.478e-05,6345.38,0.2841,0x2e...8e0b,https://etherscan.io/tx/0x98da17c180a872afe54d251fb5492030d6f146adc6d02216f597d09848d4a041
2023-04-02 18:53:23,True,0.08061,4.494e-05,23246.9,1.04489,0xc6...fed0,https://etherscan.io/tx/0x5af57ed3372177c49d28b1a52fd7ddb359163fbf48c2c634efcfbfcb23bb7f44
2023-04-02 18:53:11,True,0.08035,4.48e-05,492.321,0.022,0x50...656c,https://etherscan.io/tx/0x6c308596dbb7df8a627ec775ae7be26cd24b9740ad0cb52dffca5a59a2844cd2
2023-04-02 18:52:35,True,0.08008,4.464e-05,25931.6,1.15777,0xc6...fed0,https://etherscan.io/tx/0xa043aac793a719bb0c4d6b04ef16fb96dac8cee575bb179351c9cdf77e6dc4bf
2023-04-02 18:50:35,True,0.07977,4.447e-05,2555.96,0.1136,0x52...2ec7,https://etherscan.io/tx/0x79745cc30b80d39662f1240cbea49ad0f04877f8019e43c3c0d25d0404802296
2023-04-02 18:50:35,True,0.07946,4.43e-05,26122.6,1.15746,0xc6...fed0,https://etherscan.io/tx/0x8e4e81bbb764f80bd263135a36b279d26824d4e8a2ce84aa8e15602758a5afcd
2023-04-02 18:49:35,False,0.07882,4.394e-05,9793.87,0.4304,0x76...7d5e,https://etherscan.io/tx/0x28313425ae788f2fc1406075a92d3095664b2a91062cef453ff8b2d019a4002b
2023-04-02 18:49:11,True,0.07904,4.407e-05,33951.1,1.49625,0xc6...fed0,https://etherscan.io/tx/0x6625c5a38ed708d0838947c18bfa32586af3f983147b72b9888815bf3b922ba6
2023-04-02 18:48:35,False,0.07823,4.361e-05,1000.0,0.0436,0x35...d224,https://etherscan.io/tx/0xd2c5401bbcf35becc364c58c5ea23b5df7b221cbbd948208019c3e66c5f4716c
2023-04-02 18:48:35,False,0.07825,4.362e-05,1100.0,0.0479,0xdd...4521,https://etherscan.io/tx/0x2f015bec18b2432065ce4a02d768d2cad90a591cd52e4ab0d2af12abab5fee04
2023-04-02 18:47:47,False,0.08324,4.64e-05,452674.0,21.0084,0xae...ae13,https://etherscan.io/tx/0x64bebf743b9767cf5b16aaf90bbce2bbbeb59ac2e7d41d6610848d5a7aaeca9e
2023-04-02 18:47:47,True,0.08834,4.925e-05,56847.0,2.8,0x55...ce90,https://etherscan.io/tx/0x8f1768c7f8a4ac00cdde7070b76f6fc05b1fdd2402440162fe4b3638a60cc434
2023-04-02 18:47:47,True,0.08243,4.595e-05,452674.0,20.8033,0xae...ae13,https://etherscan.io/tx/0xf5bb27965fbe0238b7f9ac53b89b6d1529416080c84b776d2814d21487d97253
2023-04-02 18:45:23,False,0.07727,4.307e-05,18137.4,0.7812,0x38...3f45,https://etherscan.io/tx/0xeee56e1caf5c2489febd2d1d8a7b951a55821eff2a02bc00a5d1bfc1d86af2ea
2023-04-02 18:42:59,True,0.07787,4.341e-05,4353.67,0.1889,0x2a...b78b,https://etherscan.io/tx/0x4dda9e099b046d96dbeb3f0be04864099c024ab7e31c07bec588174be2cf5260
2023-04-02 18:39:11,True,0.07772,4.338e-05,993.749,0.0431,0x44...bc33,https://etherscan.io/tx/0x02d6bed5a3a49b086acc4cb35327ec71b1e05f9f35046d1943a6fb21841ee789
2023-04-02 18:38:47,False,0.07725,4.311e-05,486.307,0.0209,0x2d...4957,https://etherscan.io/tx/0x57ed8c6f33d42be909c0fa8db6a0fabe00737d46af4712d885f727b85a4df7e5
2023-04-02 18:37:35,True,0.07778,4.337e-05,115.263,0.005,0xef...043d,https://etherscan.io/tx/0x69730913d5d7b203f38cd1c738af1efd55f5566775a35701e9f300e026ece15a
2023-04-02 18:32:47,False,0.07737,4.311e-05,150.0,0.0064,0x2d...4957,https://etherscan.io/tx/0x1b490cfb9bf0825f35de697ed740bd4e475f946673f6988cf69676321cdef854
2023-04-02 18:27:11,True,0.07778,4.336e-05,2331.46,0.1011,0x68...d5a8,https://etherscan.io/tx/0x5b2d98f017cf8c8adf13b8a44cbe6f22efadadf88277c5d43c84b7e53a0b053a
2023-04-02 18:26:47,True,0.07774,4.334e-05,1268.86,0.055,0x5b...9d3f,https://etherscan.io/tx/0x3657cdbf928270978520b8829fc2270cb1e4bf87e033aecd69562b4a38b52815
2023-04-02 18:23:59,True,0.07772,4.33e-05,5722.32,0.2478,0xc9...d403,https://etherscan.io/tx/0x851b4d80920ce2511d082c4c76678be14e24da81d3a8078db1f60ae25006d1fb
2023-04-02 18:22:47,True,0.07762,4.327e-05,401.419,0.0173,0x00...1bf5,https://etherscan.io/tx/0xc841e6f0b4eb3c268ad7108986c348e7431736d358920279645d7fab2b63940c
2023-04-02 18:20:59,False,0.07716,4.301e-05,1251.68,0.0538,0x83...5ab6,https://etherscan.io/tx/0xa09d0f27835cda5561d88c0d14ddc8c29f3f3029f8e4e42f8d5fe609a709e652
2023-04-02 18:19:47,True,0.07765,4.328e-05,458.055,0.0198,0x55...70ea,https://etherscan.io/tx/0x4bf836bab3fa5789d71a9baf275d2333307a58c43c2f235f1c604f3e919c9da0
2023-04-02 18:15:59,True,0.07772,4.327e-05,1030.83,0.0446,0xc9...0763,https://etherscan.io/tx/0x22c2666e8e14a1a4f6a16c1c901c4a41272c98e5e1783cc9b749f6b6ee91bd89
2023-04-02 18:15:47,True,0.07762,4.322e-05,7597.76,0.3284,0x20...ebd1,https://etherscan.io/tx/0xe450aa1142b57813d8be5a95771dcfd7b5d7f934453741966717f37093e24a9c
2023-04-02 18:12:59,True,0.07744,4.31e-05,14153.1,0.61,0x89...6c4f,https://etherscan.io/tx/0x854255e3afc25efc238abc9d27a4ec69ad8039efc54485eeb7871644dd9c518c
2023-04-02 18:09:11,True,0.0773,4.301e-05,368.681,0.0158,0xf7...e96c,https://etherscan.io/tx/0x986473cdf1417a77094281d182a7011713625b0b195efd4efee25c2feed3b310
2023-04-02 18:08:23,True,0.07728,4.3e-05,2305.07,0.0991,0x17...34f4,https://etherscan.io/tx/0xab536b99a87714c00afd9cc8de177a2b43b3e42c3aa1cd2bd4ac48c585846ba3
2023-04-02 18:08:11,False,0.07681,4.274e-05,3000.0,0.1282,0x23...774d,https://etherscan.io/tx/0x18f70c000f65e3fbd098ca963dcce50ad9c4a147862475dbd4ca100e41425ac6
2023-04-02 17:55:59,True,0.07726,4.301e-05,1154.46,0.0496,0xc6...3ad7,https://etherscan.io/tx/0xb62bb0da3532851df527ce13ed7ccd8e8671c48c51439e774d79d1fc4d165045
2023-04-02 17:53:59,True,0.07722,4.299e-05,2583.45,0.111,0x38...5d9a,https://etherscan.io/tx/0x836ed15fadef8aeddbed450363d2f029f0818f2e9ededb9c8bf8e2aaeb11ebf5
2023-04-02 17:51:11,True,0.07717,4.296e-05,3177.22,0.1365,0x68...17c6,https://etherscan.io/tx/0x00adf8843d806163874002737504c2287ad75f0cd8de94040a2ef3bf69842851
2023-04-02 17:49:35,False,0.07667,4.269e-05,1640.06,0.07,0x2d...6f8e,https://etherscan.io/tx/0x1cd3c4b026f7f3fac9fdc4164443515348e7fd7aeb55a63cb6d1bf8e8115bb18
2023-04-02 17:49:35,False,0.07671,4.272e-05,3000.0,0.1281,0xc7...8f5f,https://etherscan.io/tx/0xa36f3629f4f260efc5e2ef4f4faa9dbadf1536a79c5fd1122ae120f182cddcc7
2023-04-02 17:41:47,True,0.07721,4.298e-05,2075.37,0.0892,0xfd...9fbe,https://etherscan.io/tx/0x24f089cf00733e69d102ad02dafcd29a54c047bd680ce98bd13fd04660ed1f44
2023-04-02 17:41:23,True,0.07714,4.295e-05,4290.68,0.1842,0xbe...bf4d,https://etherscan.io/tx/0xb48bd27009063f88678493da5771f6e496cc04c3d67ec9c6db11efdb7fbef8a5
2023-04-02 17:35:59,True,0.07708,4.291e-05,1385.76,0.0594,0x03...d019,https://etherscan.io/tx/0x7c634bfa4d154a6529cadd0e9f5148b3f7b7b441a745f5c23d1150072f3bf7e5
2023-04-02 17:34:35,False,0.07669,4.271e-05,10049.5,0.4292,0x98...59ed,https://etherscan.io/tx/0x1d096ca04b186abf9278d639acbf6a96e669177e8f6aad27a26b1c5b003d4625
2023-04-02 17:33:35,False,0.07685,4.279e-05,5500.0,0.2353,0xd5...5a5b,https://etherscan.io/tx/0x739e5a4a1077657e2e510f327d1df41993a4ae23dd28ad1411ddc0275fcba3a6
2023-04-02 17:29:23,True,0.07732,4.307e-05,2531.57,0.109,0x86...0d07,https://etherscan.io/tx/0x7ccb8ba77d0a9d2da3f4b1076797e6ce0ac854d0b04fc88afda7bf52b1a26922
2023-04-02 17:27:11,True,0.07727,4.304e-05,2302.88,0.0991,0x3e...140b,https://etherscan.io/tx/0xcca22ae9ca973b4b497865e7164bc43766695dd9a98f159313a4e007176efd3e
2023-04-02 17:23:59,False,0.077,4.285e-05,14000.0,0.5999,0xff...067b,https://etherscan.io/tx/0x95d65f0484cead4ace561949333a61bd62b9efca59a018a7a9ce98310b2f20a7
2023-04-02 17:22:59,True,0.07749,4.318e-05,1389.5,0.06,0x09...4a35,https://etherscan.io/tx/0x58157d012d407849225b58ae222aa22010d226e388a7ae62dbdb6f419b83d027
2023-04-02 17:14:59,True,0.07746,4.31e-05,12392.3,0.5341,0x56...0966,https://etherscan.io/tx/0x376be3eef779e90cd5dc7ba10a831c4c2e59db4d30c5b421ac7f1cef2348a42f
2023-04-02 17:11:47,True,0.0773,4.303e-05,63.6925,0.0027,0x2a...58ab,https://etherscan.io/tx/0xd93bbef7ca5ed69a4041937ada973ceff81531b390656f3dfce99c03b6f9d2f1
2023-04-02 17:08:47,False,0.07715,4.285e-05,15163.5,0.6499,0x76...7d5e,https://etherscan.io/tx/0xa170d6161fe93febc8315ae8007fdb6d20431f9ac99926032bd8968f41ccca37
2023-04-02 17:08:47,True,0.0777,4.316e-05,6314.82,0.2725,0x80...646e,https://etherscan.io/tx/0xad72e22106cb2dd9b3f8199b2e638eab5f366a26ab177724d8e8b3dbf8ed9ca3
2023-04-02 17:05:59,True,0.07765,4.311e-05,2298.89,0.0991,0x5a...5b06,https://etherscan.io/tx/0x9582a611b097da34d6d1e8c47f47b8ae67375d1a9af439ce51211a12bf63dd9e
2023-04-02 17:02:23,False,0.07759,4.287e-05,4431.77,0.19,0x51...871d,https://etherscan.io/tx/0x3344d1499c6f82f2a5b70aa7ec8e57654a62cd7223a95a04c5f63b33a17f3a45
2023-04-02 17:00:35,False,0.07782,4.291e-05,3263.3,0.14,0x15...9172,https://etherscan.io/tx/0x187084ccebd0b75347b59b8df2a3789c88e6a2506c7104b69ac1d8bbbef93c58
2023-04-02 16:58:23,True,0.07837,4.319e-05,504.922,0.0218,0x9f...0093,https://etherscan.io/tx/0x3a334ba0a96a50e4b0564f6d8ae54bf6bc2152b4d0e7283d425daca65ec63565
2023-04-02 16:56:35,True,0.07835,4.318e-05,63.1329,0.0027,0x9c...bc55,https://etherscan.io/tx/0x394256da0738d5cef053b54bfe6665c2f26dcd78df1273a44f1f356061c611b5
2023-04-02 16:54:11,True,0.07828,4.312e-05,10000.0,0.4312,0x30...4098,https://etherscan.io/tx/0xe9adcafd52167290d19e7f0347812a3ae1bfc6306dbb5ce4019235cfb3d9ff99
2023-04-02 16:49:59,False,0.0779,4.291e-05,17871.8,0.7669,0xf4...51a6,https://etherscan.io/tx/0xf55946abbd8244dd1da7dcfa5a76a758cef1263cbbdd18ffd2ebb7bd4da907c1
2023-04-02 16:47:35,True,0.07856,4.326e-05,943.842,0.0408,0xa7...b025,https://etherscan.io/tx/0x574bceabc98eae93d08c340def196395d2d3abb5c686929a8a9f3b07cccbbf3c
2023-04-02 16:46:23,True,0.07852,4.325e-05,2521.11,0.109,0x29...9b0b,https://etherscan.io/tx/0x1088cf6f1f19875abf649c700c45ab4ddf5fe0adf48ccf691198a47045fb8f53
2023-04-02 16:44:23,True,0.07843,4.32e-05,5506.42,0.2379,0x46...83c2,https://etherscan.io/tx/0xc2d4d6501d428bacaad2ae5aca648cb053eca7627f3aa3db7f75e6d75db08946
2023-04-02 16:42:11,False,0.07807,4.299e-05,15000.0,0.6449,0xfc...4fe8,https://etherscan.io/tx/0x8fdecd6dbce086306626103cf0f764764df26a851657d6349037d228dc01ffdc
2023-04-02 16:40:47,False,0.07841,4.319e-05,19676.7,0.8499,0x16...06f7,https://etherscan.io/tx/0xb2bcbae6c486388cf9c21f5c2e04487c6b5e6988121912e65b391d451c8b0a0c
2023-04-02 16:33:23,True,0.07908,4.355e-05,1592.98,0.0693,0x82...94c9,https://etherscan.io/tx/0x56eb7551502e64a296db8d47f1d6e565f0421531543850449efd0ddbc0fe3451
2023-04-02 16:33:11,True,0.07902,4.351e-05,5226.63,0.2274,0xe0...8a1e,https://etherscan.io/tx/0x649d8c66ac448df58374b1e17ec0d6b605fac6f75a7e09357ff97465f2b95d60
2023-04-02 16:30:35,False,0.07847,4.323e-05,750.0,0.0324,0x54...726b,https://etherscan.io/tx/0x17baec18092e9ca8ae21488ac98f3a562295e93bcc5f18c5a3516fafe5093a13
2023-04-02 16:30:35,True,0.07888,4.346e-05,6381.63,0.2773,0xbe...bf4d,https://etherscan.io/tx/0x4300d66fa73eee6b733acc499be79d04c542f68cdde31cacc6d5b7e5a8e4103a
2023-04-02 16:27:59,False,0.07837,4.318e-05,3000.0,0.1295,0xcc...a966,https://etherscan.io/tx/0xd76c300e6c555456744c23cb8281ce918a376fd84b4da2a2cbb31d3b70b54f57
2023-04-02 16:24:47,True,0.07884,4.345e-05,1186.25,0.0515,0x3f...6d16,https://etherscan.io/tx/0xd0877542f88e6605b23ac1a49242018ba1663d613ffb0d770130a20f51135a9c
2023-04-02 16:23:11,True,0.07881,4.344e-05,64.1271,0.0027,0xa5...54c1,https://etherscan.io/tx/0x4b61ef8b7fc6ac9e0bdad56390921f6f56f61a2ffa40f4190c73368bdba89664
2023-04-02 16:20:47,True,0.07876,4.341e-05,5599.93,0.2431,0xc9...27b6,https://etherscan.io/tx/0xe4805497773dcac3de0c1a275e9c4ef51e9e7aab0279c6106b8df5288c4c8e6a
2023-04-02 16:17:47,False,0.0782,4.313e-05,2500.0,0.1078,0x2f...de44,https://etherscan.io/tx/0x05038edc894e32bc961389cfb41a1dc353d7b06c9024cd226f9fdfd768348857
2023-04-02 16:15:35,False,0.07839,4.323e-05,15000.7,0.6485,0x4d...8877,https://etherscan.io/tx/0x76a909adef22957c88b538d9a5f36551a5293cdc93d3f7bed5fb1067addcb161
2023-04-02 16:06:47,True,0.07905,4.357e-05,374.527,0.0163,0xd7...85f9,https://etherscan.io/tx/0x9dfa399c092d65ff20c9bc6b265c5db1b2b1e0bab0e7d19cc842b4060ae3d452
2023-04-02 16:05:47,True,0.07904,4.357e-05,62.6384,0.0027,0x1f...18a5,https://etherscan.io/tx/0x40b4e05197090e59196cc3858206bf5d12439e2e2b4991ad826ee326b0c5a351
2023-04-02 15:55:23,False,0.07859,4.334e-05,6138.98,0.2661,0x38...3f45,https://etherscan.io/tx/0x54941500dba3afa71608fd81fff0c57cf8ab095d15be142b48eaa5bc2fdee976
2023-04-02 15:49:59,True,0.07926,4.364e-05,412.058,0.0179,0xec...4806,https://etherscan.io/tx/0xbe361b7a629edbe3168364d1458e8c4cd80ac2004eeffbeeb800d39c9aebffdd
2023-04-02 15:46:35,False,0.07883,4.34e-05,3956.69,0.1717,0x2a...710b,https://etherscan.io/tx/0x796e0c09d357df08667b220c33421165b0693e653f44a129b12f57a977774c40
2023-04-02 15:46:23,True,0.07934,4.368e-05,385.116,0.0168,0x90...d446,https://etherscan.io/tx/0x387741cf12270518922a8611d52511cfeaede9b7bf38fdbcfbfb82b062c8d009
2023-04-02 15:41:47,False,0.07892,4.344e-05,5000.0,0.2172,0xcc...a966,https://etherscan.io/tx/0x727dfe13a5b9820e0964d9b094db5e1d3614c8d28d9d2b567e4eb681393a8b7e
2023-04-02 15:40:11,True,0.07937,4.369e-05,7167.34,0.3132,0xd2...2da9,https://etherscan.io/tx/0x6e4b891b10def29ae7db8136cb093c6b0d8f024446b426d9cf7f4606c50959c3
2023-04-02 15:35:23,True,0.07923,4.364e-05,2910.21,0.127,0x9c...dafd,https://etherscan.io/tx/0x2c6e738e2582558febab25164d492c139335cc87843256950bacbbdf7e928f8c
2023-04-02 15:34:11,True,0.0792,4.361e-05,681.748,0.0297,0x70...76fd,https://etherscan.io/tx/0x2ad56eda819c1a94aa807bb2c25556b00b03130619da29c02b49761de66ab86a
2023-04-02 15:28:11,False,0.07872,4.348e-05,22042.5,0.9584,0x7e...782f,https://etherscan.io/tx/0xf3d8a4946f487721091525e72df4d5b3da7e98f1d9545994f9c0a819044b8eeb
2023-04-02 15:21:23,True,0.07932,4.386e-05,30.1998,0.0013,0x53...49d2,https://etherscan.io/tx/0xc67a3cd4947c91b6c2c8355581b1b543b1c6f4ecf7290009dc773ea7b8b0f4a0
2023-04-02 15:16:35,False,0.07892,4.367e-05,12500.0,0.5459,0xd2...2da9,https://etherscan.io/tx/0xe82ba09c6b8abe2b1ab48f8e76d6d04ee662cfcf7fa2227ee953071bf715ac5e
2023-04-02 15:09:35,True,0.07974,4.4e-05,2252.79,0.0991,0x4c...98c5,https://etherscan.io/tx/0x905f667ebbfbafe16a6cce09bfecd0fe605ae418277e2cb6029b96f8af8e92b5
2023-04-02 15:05:59,True,0.0797,4.398e-05,313.05,0.0137,0x91...dc25,https://etherscan.io/tx/0xdf02af4a736cee8cc49134e2c2c31f5136bfa95f21d9a0eb3f6ef71c7242a8c6
2023-04-02 15:04:47,True,0.07972,4.398e-05,107.209,0.0047,0x95...db72,https://etherscan.io/tx/0x13b9cded9152ec6961b9d4ff55ac76652501e70e887cd60ba17949f92258af14
2023-04-02 15:01:35,False,0.07931,4.376e-05,7000.0,0.3063,0x75...68fe,https://etherscan.io/tx/0xa167f677c3c25878de9d208ea64ae681cbbc11e0e9813c39ebe02f22b825b220
2023-04-02 15:01:11,False,0.07941,4.38e-05,850.0,0.0372,0x63...3e05,https://etherscan.io/tx/0x5efd09fb53d871cc038b244ec09a39e5b351e14533d0eea6012c854fd6e5f3ae
2023-04-02 14:56:35,True,0.07991,4.407e-05,263.881,0.0116,0xcc...cc4a,https://etherscan.io/tx/0xda5dff08ad3abe5349547491199ed281c0d3377324ac1dac8b1ef70b4e34249e
2023-04-02 14:55:59,True,0.07987,4.405e-05,3118.25,0.1373,0x6f...0bfa,https://etherscan.io/tx/0x2988845c508767c836a979824066bb7d1a3a195cf62289d3c6ca08c7b7af2aeb
2023-04-02 14:54:23,True,0.07982,4.403e-05,562.807,0.0247,0x21...cac1,https://etherscan.io/tx/0x893eaadda939411ef49599648d59cbaf84f996100dd52a13aa66a78b4369ddd1
2023-04-02 14:48:47,False,0.07942,4.378e-05,3966.83,0.1737,0x2a...9b8b,https://etherscan.io/tx/0x5788c61837602b19377aec8df2409b51a5568ffa2f6117696b8c89d4dd2f6542
2023-04-02 14:41:47,True,0.07977,4.4e-05,11589.1,0.51,0x0f...1a20,https://etherscan.io/tx/0xf472bf1d8519c5bed618c09f1f39e746ac56f24cb1e0455b5cf2a4cac972578a
2023-04-02 14:39:47,True,0.07958,4.393e-05,1128.14,0.0495,0x03...4a97,https://etherscan.io/tx/0x579ff13d1b899bad99b4f31a627858bb6df12f119eb10a314c18aed7790a0cb9
2023-04-02 14:38:11,False,0.07917,4.367e-05,2000.0,0.0873,0x44...8a45,https://etherscan.io/tx/0xe780b136545748b1d25f1812454830bec51c018bba5fee7b873a4dd57c04570c
2023-04-02 14:36:11,False,0.07919,4.368e-05,319.278,0.0139,0xd5...5f71,https://etherscan.io/tx/0x1484f5e45d02564670c435abeb106cdfb05c7eb245f36079cc83bf3160d7520d
2023-04-02 14:33:47,True,0.07967,4.395e-05,568.831,0.025,0x19...7379,https://etherscan.io/tx/0x900fa76e4b9423bce270b21ea7ec98299f2ad1b222ed92939019678fc718841b
2023-04-02 14:28:35,False,0.07921,4.369e-05,1646.28,0.0719,0x78...de00,https://etherscan.io/tx/0x791d4118790249ff72c0baeefba2d0472e7d21eaa25fb978a4e17ee4de43692d
2023-04-02 14:25:47,True,0.07978,4.395e-05,1104.92,0.0485,0xce...1629,https://etherscan.io/tx/0x8c08b8faf8a7b26d5ce723623be1f5cb3ed0e72a6297d7af7831d3f39ff2cc75
2023-04-02 14:25:47,False,0.07933,4.37e-05,3469.38,0.1516,0xa4...7224,https://etherscan.io/tx/0x6ded8f5f7c487e7d8e1f80d5cb1a1fc08ed00e78610899d9729f245bacffd147
2023-04-02 14:23:47,False,0.07943,4.376e-05,6500.0,0.2844,0x2b...c75b,https://etherscan.io/tx/0xb2c266f637b7900fef75a366ea500246f2c56332ef41813ba7ce6aa778e47910
2023-04-02 14:19:47,True,0.07994,4.403e-05,6343.42,0.2793,0xe7...7054,https://etherscan.io/tx/0x352d5d0125a211b7fd4378170ed2530031cbceae285741f1e0a1d080e12eb0e8
2023-04-02 14:17:23,True,0.0799,4.398e-05,1352.11,0.0594,0x12...e8a3,https://etherscan.io/tx/0x2926109f08c32fb1f47f5f834c91f2f650c0cd53ef2e2a2a4a8dbd00ed7c4030
2023-04-02 14:15:59,False,0.07948,4.375e-05,7193.65,0.3147,0x8a...547a,https://etherscan.io/tx/0xf302abf2fe6d86a8aab4ef77df6619c0e087d941a7cb3af3f6ba0532bb011587
2023-04-02 14:12:59,True,0.08003,4.406e-05,89.3114,0.0039,0x9f...2140,https://etherscan.io/tx/0x400e25724b132a47a2acd9d264460b01983867d6a68ae2971ab413719d2c0dad
2023-04-02 14:08:23,False,0.07956,4.38e-05,1500.0,0.0657,0x93...b534,https://etherscan.io/tx/0x8a94443904a82f3bd1a6db675859d137a1ec0387d4074fb904a638606daece22
2023-04-02 14:07:23,True,0.07993,4.406e-05,2361.99,0.104,0x0a...51f2,https://etherscan.io/tx/0x72e883ae4775284de10f438f23650a0d725bb874045c3c3d8a06efd87d43faf4
2023-04-02 14:00:11,True,0.08007,4.404e-05,1237.82,0.0545,0x06...9cbb,https://etherscan.io/tx/0x2db146a0dd51f34d28616b3a9b78c4f076737ece57fbc8adca19cd3e6a2baa97
2023-04-02 13:54:35,True,0.08004,4.402e-05,2023.49,0.089,0xa8...4a31,https://etherscan.io/tx/0xc564112e039483943839c2aa54f3fa6e2ac33fb21f275d9205c383fad8c2924f
2023-04-02 13:47:35,True,0.07997,4.399e-05,3927.1,0.1727,0xc6...8cf0,https://etherscan.io/tx/0x52f5a83f7444dafcbee40e4c38afd4d8f875374213559255d3b3efae60091401
2023-04-02 13:47:35,True,0.07981,4.39e-05,11289.4,0.4956,0x96...2b56,https://etherscan.io/tx/0x7bc27f80d7ddd3aa71b4daa51967379c1305eab6dfb7d96e91bde27c2464c68e
2023-04-02 13:45:35,False,0.07923,4.358e-05,1200.48,0.0523,0x91...dc25,https://etherscan.io/tx/0x42e5e070e0931fcca80986c6ac8c5074b3f08afd98b2a93efff644d763e9f632
2023-04-02 13:43:11,False,0.07936,4.365e-05,11111.0,0.485,0x95...3357,https://etherscan.io/tx/0xe3c31c7533533931d004cbd312ad059e5fb897e690c2019023f4595b171d8b44
2023-04-02 13:43:11,True,0.07994,4.397e-05,1239.86,0.0545,0x5b...54e1,https://etherscan.io/tx/0x87cc6ec537400eec4d1999ab28f231d2fc3969e0f12fa2d2ca5c8d4055215a5f
2023-04-02 13:39:23,False,0.07948,4.372e-05,3736.0,0.1633,0x1b...9af3,https://etherscan.io/tx/0xe6c20d9de1c5753f8b52ceb14171639735051351ae8fa4e8af01fa201dc5e821
2023-04-02 13:37:11,True,0.08,4.4e-05,310.053,0.0136,0x60...bf50,https://etherscan.io/tx/0x9dde3613b351f6aa0b8019d0785b441e9ae1c3212e55bea9b6c19924f591bca8
2023-04-02 13:28:47,True,0.07997,4.398e-05,3583.36,0.1576,0x16...84ec,https://etherscan.io/tx/0xbe53c317be4acb9288ab8015dd31b95883bb339ddc4a29bc4c9bf0bee94ce4cf
2023-04-02 13:26:59,True,0.07992,4.395e-05,1089.89,0.0479,0x6c...0be7,https://etherscan.io/tx/0xa25733e3931f9c297a9700109af9795061ef8e9e7701ec894a42728ce067c342
2023-04-02 13:20:47,True,0.07986,4.394e-05,563.894,0.0247,0x1b...6171,https://etherscan.io/tx/0x1ccce782ea4ca0364851c1e9faff624d1d967de6b043fa78e2939611db2fca6d
2023-04-02 13:08:35,True,0.0798,4.394e-05,432.4,0.019,0xf3...4a91,https://etherscan.io/tx/0x80e7a1600b6428540b4e1bcccdce896987d7ea62a13b992d238ee89c9b460076
2023-04-02 13:03:23,False,0.07949,4.372e-05,7711.09,0.3371,0xcc...f512,https://etherscan.io/tx/0x4c9eef8766c243783ee686d9f90880377d220fc0758ad48ea3cec2c0c0743ed6
2023-04-02 13:02:59,False,0.07957,4.376e-05,316.044,0.0138,0xd2...2da9,https://etherscan.io/tx/0xb70426cdb6b914bfbc85e2ab7d95da9513337663b8072a7053ece3fa0b32c752
2023-04-02 13:01:23,True,0.08004,4.402e-05,1576.19,0.0693,0x6c...2fa4,https://etherscan.io/tx/0x42735219b33b9125237277213f9817b498e80f7760f753ead4efccebf1f1f85a
2023-04-02 12:58:47,True,0.07997,4.398e-05,4845.27,0.2131,0x01...0423,https://etherscan.io/tx/0x59e9dd8e32ef5af37b77d5726bd168eaf1ad3c2b7633cfacd981f894f6c60eb1
2023-04-02 12:53:59,True,0.07992,4.395e-05,1060.03,0.0465,0x9a...078f,https://etherscan.io/tx/0xe70e37b731573c9f95b747e05f6dfe703f4cfd3315bb91f03b2badcfb1f39fd0
2023-04-02 12:48:47,False,0.07944,4.369e-05,1895.77,0.0828,0x35...9f50,https://etherscan.io/tx/0x3ff51109510d974711176a565871c5e6623b6e2e4de487ad7dc398d482bf98d4
2023-04-02 12:48:35,False,0.07971,4.384e-05,23896.7,1.04767,0x57...13d5,https://etherscan.io/tx/0x04fbc11d5d73099aa691a9adb6375cd4170c89e292dd6389e408957b5b869c79
2023-04-02 12:38:11,True,0.08045,4.422e-05,4355.23,0.1925,0x88...619f,https://etherscan.io/tx/0x9d6702149ca1b5c96bfc59d09167e5ced2b2d4fa947fb3fc43151fe0b7669e78
2023-04-02 12:35:35,True,0.08039,4.419e-05,560.78,0.0247,0x46...91c2,https://etherscan.io/tx/0x83424a30bfedbe74d1df1a25c7c3fdd52fbedb6c543931d868adccc721beb589
2023-04-02 12:34:35,True,0.07997,4.395e-05,39420.2,1.73279,0xd2...2da9,https://etherscan.io/tx/0x134b093edcb2ab5ffbd1c10929fa0dcd0b8f7f1e729077f62b7ecb681d61617a
2023-04-02 12:34:35,False,0.07958,4.374e-05,48303.7,2.11305,0x6e...140f,https://etherscan.io/tx/0xb568e4b5e2f51e5da4a00281c77bed8c698c4f97c861c3901892fd65bf6e0712
2023-04-02 12:32:23,True,0.0805,4.424e-05,7000.0,0.3097,0xfc...4fe8,https://etherscan.io/tx/0x5920a3b201ab6d2490e795d72c68143a8cb746e3dba1a73c22b9474beebc08da
2023-04-02 12:31:47,True,0.08037,4.417e-05,5200.72,0.2297,0xc4...f010,https://etherscan.io/tx/0xeb6fe2ba35fb0fe821791e5e590f0dd9010c814bc004c960cdb41a098a649f06
2023-04-02 12:31:35,True,0.0803,4.413e-05,1347.45,0.0594,0x28...9c38,https://etherscan.io/tx/0x7005879e1671515400cadce7938b0a6de57f061d154c5e8da6affe47c8aaf734
2023-04-02 12:21:11,True,0.08027,4.41e-05,4854.23,0.214,0x42...cf69,https://etherscan.io/tx/0xb5a997eba142fe2490de6adebb7855c555dffa95e4674869ae0d05dc7a082a77
2023-04-02 12:18:59,True,0.07995,4.392e-05,24965.9,1.09672,0xc9...27b6,https://etherscan.io/tx/0xeb0224f0dc95bdf1e771e7bf3ecb1b549f82bbc63b9667d21dde83dad8fea083
2023-04-02 12:17:47,True,0.07968,4.378e-05,215.082,0.0094,0xa4...4f51,https://etherscan.io/tx/0xf38dea380c2f12d494b8696ddb97b1cbb6bef29cdc4a908447eb96476a9a8ba7
2023-04-02 12:16:23,True,0.0794,4.363e-05,25064.0,1.09371,0x23...d0b2,https://etherscan.io/tx/0x42639d9b6e37b485803c0a559333231c7f2aa5575b15f11f3f43091a3160fa67
2023-04-02 12:12:35,False,0.07868,4.323e-05,1000.0,0.0432,0x91...dc25,https://etherscan.io/tx/0x948a80ee4a64fa91f3a211cbd94db9369c7e275cb2142569564318764813f44c
2023-04-02 12:11:47,True,0.0791,4.345e-05,9125.03,0.3965,0xa8...9b0d,https://etherscan.io/tx/0x8b8eb8fea6606eccf8d493805f9ba8ff09be98084c2aec3a3f130502d1ed4e47
2023-04-02 12:10:23,True,0.07903,4.339e-05,1200.94,0.0521,0xc6...c5d3,https://etherscan.io/tx/0x48b62e1df6ed7e62f8cf3a75f86a8426e22efd55a4f49e8201f6e9b639c068a3
2023-04-02 12:10:11,False,0.07854,4.312e-05,194.913,0.0084,0x42...cf69,https://etherscan.io/tx/0xd8bd8bcdb62f4cb9ceeba2dccc0c12d4fc220da4b3aca8d843e0f99da9c7a3bc
2023-04-02 12:06:35,True,0.07888,4.331e-05,13732.4,0.5947,0xb4...6f68,https://etherscan.io/tx/0x433fffaaf489eb3a88580879a97911e0f5a6a803e572d05a8a27b5f69fa920ef
2023-04-02 12:06:23,True,0.07875,4.322e-05,1169.54,0.0505,0xf2...1065,https://etherscan.io/tx/0x5c0975acfdac6a308a2ed6c78a80bb338a86e4c88d0ef6d39a4f308c78855e60
2023-04-02 12:05:59,False,0.07833,4.299e-05,5324.73,0.2289,0x96...56f1,https://etherscan.io/tx/0xbea2318b3c6e525b10d0a86b139fc8ae377ccc61d2af4e20506a5d1464f5247a
2023-04-02 11:53:11,True,0.07885,4.326e-05,1707.54,0.0738,0xed...7896,https://etherscan.io/tx/0x77e46b2bb082af0464af5f00afaa68aaae1451f5a1fe5acea10ea43a46ced74a
2023-04-02 11:52:59,True,0.07854,4.31e-05,26719.2,1.15181,0xf6...68eb,https://etherscan.io/tx/0xfc2020125d0745682d52695c280eba6a827c804869d1fdf107091200374a0c1e
2023-04-02 11:42:35,True,0.07813,4.292e-05,6387.57,0.2741,0x24...7902,https://etherscan.io/tx/0xbb342649c5012ec89eb46096c4500cf1eb9caf49f3fbbf6f8d69dda0103614b5
2023-04-02 11:41:47,False,0.07761,4.263e-05,1500.0,0.0639,0xe0...8e38,https://etherscan.io/tx/0x4b6817cc20c2ca4b247d132630a07ff7080431fd1117cf55adb7db38833e7cf6
2023-04-02 11:41:23,False,0.07765,4.265e-05,2374.22,0.1012,0xd5...f537,https://etherscan.io/tx/0x30397bac0a014ea210c22a2a708899f758315c539d328dd9725d0fd0c5e80f45
2023-04-02 11:40:35,False,0.07769,4.267e-05,463.095,0.0197,0xe0...8e38,https://etherscan.io/tx/0x5aca188d6bc0764ebdb8bf5e47dab349324ff31132d4d01359ec66638c428392
2023-04-02 11:32:23,True,0.07815,4.293e-05,669.599,0.0287,0x74...56b1,https://etherscan.io/tx/0x377baf5c41e0dd4aa949d6cf6f9a27f20a1980a68d399fe3b25841c43ce809aa
2023-04-02 11:29:23,False,0.07767,4.267e-05,750.0,0.032,0xd4...453d,https://etherscan.io/tx/0x5497b7c0f2166000fd06559efb869200af4b0eeb8578e50eb63eb34d89a92c05
2023-04-02 11:26:47,False,0.07774,4.271e-05,6608.99,0.2823,0xba...9239,https://etherscan.io/tx/0xc63e03006153386893349f71a8ddd2a9aa7ebe4883cb3cf545481b7d24f789f0
2023-04-02 11:25:47,False,0.07781,4.275e-05,119.958,0.0051,0xea...6804,https://etherscan.io/tx/0x0360c2d4c2b8c69326240f83c7d4649367c41794bb98bd6251e36fa2f1763fce
2023-04-02 11:25:35,True,0.07827,4.3e-05,639.253,0.0274,0xde...59b0,https://etherscan.io/tx/0xc46602f82e81c0f58ac805566c9accfcd6034bff7a1d23f636b9cde01d99380f
2023-04-02 11:21:11,False,0.07776,4.275e-05,1450.0,0.0619,0xe0...8e38,https://etherscan.io/tx/0x9135f8cdc80c3b057a2e364d7b93604381647ed1b1630e9d8236663c2ee3f0bf
2023-04-02 11:13:47,False,0.07785,4.282e-05,11001.6,0.4711,0x17...cdc1,https://etherscan.io/tx/0xce61998a380ff2313632713b931a4eb62c206883a1d8680c2e5a51d27ac64c19
2023-04-02 11:10:11,False,0.07799,4.29e-05,2874.17,0.1233,0x19...173c,https://etherscan.io/tx/0x95aa6b2284814bbcba84de0dfff8d1dc3e9a5f694abe4132926074f8b8e26d8b
2023-04-02 11:08:47,False,0.07803,4.292e-05,1500.0,0.0643,0x0b...8fec,https://etherscan.io/tx/0xe4497dd9731717326cba6674a6b49c818e413e8295d330e98ce53953c304cb6a
2023-04-02 11:08:47,False,0.07815,4.299e-05,10143.5,0.436,0x09...e790,https://etherscan.io/tx/0xbf800cb1793618b67461cb7c57da75523feae473a3f514f309a2b8ef57d604b8
2023-04-02 11:05:47,False,0.07824,4.305e-05,600.0,0.0258,0x57...3178,https://etherscan.io/tx/0x5b68b5604949fb9c38719941fb0a6ecba2ae97d4c30d94615ba1b4e7042a1f55
2023-04-02 11:04:47,True,0.0787,4.33e-05,1007.06,0.0436,0x0d...1738,https://etherscan.io/tx/0x0bcc9b45342def3bec281102e19bd40b65852fbf73a9d1cadb28f3d00f456fc2
2023-04-02 10:57:11,True,0.07868,4.329e-05,2309.99,0.1,0xef...6d84,https://etherscan.io/tx/0x3c606614683b5c282454e71d14d9772bad32ef8e60a88cfd5b3bb1e9f8e344c2
2023-04-02 10:56:47,False,0.07823,4.303e-05,3800.0,0.1635,0x19...573d,https://etherscan.io/tx/0x1c4313804f47f09994e235399479186fa8857962ef4fe8538abc776db62d8ab7
2023-04-02 10:54:11,False,0.07827,4.306e-05,500.0,0.0215,0x58...7acd,https://etherscan.io/tx/0x14d3ff9ec9b20bf7ee1004c187dcd8a0edf3a1243351fb555c2310eaf2f9108b
2023-04-02 10:53:47,True,0.07874,4.332e-05,996.382,0.0431,0xff...a7b1,https://etherscan.io/tx/0x3ef6d12ec1263f78cd2da1d272393515a25df025ce366862dd58e3b31daf7550
2023-04-02 10:46:59,True,0.07874,4.33e-05,2289.18,0.0991,0x5a...b973,https://etherscan.io/tx/0x55217a53fd9a4d79f4a258fded8cdadaae5886cd032b6bdff3f6a500ee080867
2023-04-02 10:45:11,True,0.0787,4.328e-05,1145.11,0.0495,0x5a...b973,https://etherscan.io/tx/0xa207f250dc45d00c46b20c7ed9f480569d86a93df60c685c0a262c7971b4dea4
2023-04-02 10:40:59,True,0.07866,4.325e-05,3182.92,0.1376,0x2b...fae9,https://etherscan.io/tx/0x9278df1bc3af08b252a18a9668c705ad235a4768618e704cd67241a31fdc1d4a
2023-04-02 10:39:11,True,0.07862,4.323e-05,848.311,0.0366,0xf0...05e2,https://etherscan.io/tx/0x1884d32c4be340d1ce4212512e5d5f22e04f3171840e8cd23989061cf75230a8
2023-04-02 10:36:11,True,0.07859,4.322e-05,1635.25,0.0706,0x5e...21cb,https://etherscan.io/tx/0x8a1c735808514f064a1812684637bf48eb47e76219cb6ccad78a50e1326750e3
2023-04-02 10:34:47,True,0.07854,4.319e-05,2778.08,0.12,0xc9...0818,https://etherscan.io/tx/0xcae5a30f6563bd6ef4b8ece208e95e98eff6f9802c489ba76c84f5673e2fcfdd
2023-04-02 10:31:47,True,0.07849,4.317e-05,1354.67,0.0584,0x5e...bbd9,https://etherscan.io/tx/0x0e55644d872e86a0f9830c9f1535f704f0d1527e0ed927251e158ce0f67eafe7
2023-04-02 10:30:23,True,0.07844,4.314e-05,3791.05,0.1635,0x36...df52,https://etherscan.io/tx/0x8ed4794418520db36463af703431d0fbd5f1245c10c64745f4594e9ef50eb6bc
2023-04-02 10:30:11,True,0.07812,4.296e-05,27091.8,1.16409,0xe3...d2f2,https://etherscan.io/tx/0x0c12ff3a6f072d79a7c227c1055a1e98f6bfeb8de963abb2c907a384c6c65eb8
2023-04-02 10:26:11,False,0.07746,4.26e-05,8767.66,0.3735,0x76...7d5e,https://etherscan.io/tx/0x875076305c12ad8825f7c4ddd0d4d0ddf3b7a860796b5d37ec6fafad458c29f4
2023-04-02 10:25:59,True,0.07778,4.278e-05,23168.4,0.9912,0xf9...dec3,https://etherscan.io/tx/0x94178ad87236277ab33ef7ea747b562d3e6b838c38695c1b95dfa5a2bd85b7ac
2023-04-02 10:25:47,True,0.07735,4.254e-05,19743.5,0.84,0xce...fb40,https://etherscan.io/tx/0x893e80d95323a62c459d2c7e68cc4795c11f643fdccd2f010f74a9ed6fb7bc7f
2023-04-02 10:24:11,False,0.07669,4.218e-05,119.196,0.005,0x39...36f0,https://etherscan.io/tx/0xff30564a8b32da09b117de873d594a3dd413adde389bc8fc1776068b1e696654
2023-04-02 10:19:23,True,0.07709,4.241e-05,4500.01,0.1908,0xc2...13bd,https://etherscan.io/tx/0x0a776b7c64cc69f1abb543ce6c2de013e7f838e6d2749c10b8fb5e78520a6143
2023-04-02 10:17:23,False,0.07659,4.213e-05,447.742,0.0188,0x33...8d9e,https://etherscan.io/tx/0x5d55ddd0076f12f97503bcecb912443ebfbd6f4756f5d09e645e7f8e44679b2f
2023-04-02 10:15:59,False,0.07676,4.223e-05,16605.5,0.7012,0x1b...4ed6,https://etherscan.io/tx/0x88771944a47e507714846a7f718418ce02fcebea5916e26cf6773705c7912903
2023-04-02 10:15:47,True,0.07737,4.256e-05,1526.97,0.065,0xb5...72de,https://etherscan.io/tx/0x228bf85e19a1d555f57338c41b4fe331b84ee19f975bbf480d96472f478655f9
2023-04-02 10:14:11,True,0.07736,4.252e-05,6818.42,0.2899,0x1c...1d56,https://etherscan.io/tx/0xedc78fc3784c25ddfcdc837490e9b6dcc3983f0dc03689202aa0ce9cb9e262fe
2023-04-02 10:12:47,True,0.07728,4.247e-05,1400.2,0.0594,0x40...8734,https://etherscan.io/tx/0x361a69c41f6268d2fd4344942033a30d7faef3d25ee2aa797996971836a095ce
2023-04-02 10:11:35,True,0.07725,4.245e-05,1884.22,0.08,0x3e...3c61,https://etherscan.io/tx/0xe62db2b4a6637f7ce4e6723455bca0b43b5d0557db73b53491ae0bf59f0af4fb
2023-04-02 10:11:35,True,0.07722,4.244e-05,640.812,0.0272,0xd2...6af3,https://etherscan.io/tx/0xdf1a57329e94526f337935f55de2017ba1a7c0ba09ac6f4192d9cada2f22666b
2023-04-02 10:10:59,True,0.0772,4.242e-05,2121.2,0.09,0x91...dc25,https://etherscan.io/tx/0xbb94ab5c54a20bb9d563e1b6e11c4eb35c11e5ab7e4675c1402c415f9c9e662f
2023-04-02 10:09:47,True,0.07716,4.239e-05,3904.63,0.1655,0x55...b35f,https://etherscan.io/tx/0xaca3f818edfada3bea31a89693480dd6d585d0af693050fbe42828abef3ebf9f
2023-04-02 10:07:35,False,0.07669,4.212e-05,571.568,0.024,0x65...35d4,https://etherscan.io/tx/0x33583d4f655d52ef703b91541fb9b39f93e2b109817d8b779db26f543cc4e564
2023-04-02 09:55:59,False,0.07676,4.214e-05,2468.93,0.104,0xf8...ee91,https://etherscan.io/tx/0x442d92e1ad6e539474cf3e9454e0cb27294d29b94d9b9b4f97afc45f0121b77f
2023-04-02 09:55:23,True,0.07724,4.24e-05,938.209,0.0397,0x56...0c1c,https://etherscan.io/tx/0xb86931042eeb5e14c295c1c6a6354e360fe76e128c8e6c904b1893bcc6bf126a
2023-04-02 09:53:11,True,0.07721,4.238e-05,2338.73,0.0991,0x4e...036e,https://etherscan.io/tx/0x78afcd0d6b23f8b78c24fee200a00a8a3b5ebbd558518ae1dc9e441a800973e5
2023-04-02 09:52:59,False,0.07681,4.216e-05,8430.55,0.3554,0x8d...ca03,https://etherscan.io/tx/0xed8df84c4e1c0bd40a6a72ca5d0dc9d42b8c0d3f953382dcd8d743147649fd3d
2023-04-02 09:47:11,False,0.07692,4.222e-05,3500.0,0.1478,0xb2...fcbf,https://etherscan.io/tx/0xf91564241b1b63c5be5600e44d6b188b302e1a83a9e5eb19cef7bad116f54ec8
2023-04-02 09:45:11,False,0.07697,4.225e-05,1560.0,0.0659,0x72...cde3,https://etherscan.io/tx/0x162b02e44f59c2bea1e0c6e083a6f7b8ea5c4358451ebfffdd48e0a5895a0662
2023-04-02 09:44:23,True,0.07745,4.251e-05,94.8574,0.004,0x7f...5100,https://etherscan.io/tx/0xae923144995067e509792e4d9593b3dc69f0aba29b5926a4a075c18e2b68b6fd
2023-04-02 09:43:59,True,0.07744,4.251e-05,1293.76,0.055,0xfe...0f1b,https://etherscan.io/tx/0xcc6fbeaebc06edb684fc4c8fde916b86187941f52a180c23845d713b867e3363
2023-04-02 09:41:47,True,0.07741,4.25e-05,349.832,0.0148,0x0e...fb7d,https://etherscan.io/tx/0x5b5e175b469ab568eed3f76386bd592fb2f8ccf894b36bf3eb4d5318a0912d2c
2023-04-02 09:41:11,True,0.07739,4.249e-05,1399.65,0.0594,0xeb...ea43,https://etherscan.io/tx/0x7a59c2500ca29976a15875050a5de39874912f61ecf2eda657d59999361df911
2023-04-02 09:40:35,True,0.07736,4.248e-05,735.019,0.0312,0xe9...39de,https://etherscan.io/tx/0xf9efd5d0e3e6de418837cdf364fcc1c74efb15476c2296f0a70f80015bf0f16b
2023-04-02 09:35:59,True,0.07737,4.247e-05,1166.99,0.0495,0x88...619f,https://etherscan.io/tx/0x80f7249b3ea39ab82b6d3013d39ebf3040468f0ec32a32aea404b488c04fe55c
2023-04-02 09:31:35,True,0.07736,4.242e-05,6401.39,0.2716,0x95...48f0,https://etherscan.io/tx/0x4714b3d46beac8451fa1ece420aae3f4e76900e8d705ee8658bc6236666f1e45
2023-04-02 09:31:23,True,0.07712,4.229e-05,17294.5,0.7315,0xd5...2bc5,https://etherscan.io/tx/0x0bf80f06a658af094054a208dfcea1297aa72895443409613611d65f13494847
2023-04-02 09:30:35,False,0.0768,4.213e-05,34150.1,1.43898,0x16...b8be,https://etherscan.io/tx/0x9901cc7b73ba526c54c0bf16feaa353e01a864716e5cb50d8c3e433c45438080
2023-04-02 09:28:59,True,0.07761,4.257e-05,143.67,0.0061,0x23...e6a6,https://etherscan.io/tx/0xb33c9a9c443ce66b908b5bd2dbd0598d37f45555862ce0d93aeb1bafaad24dbe
2023-04-02 09:25:47,True,0.07759,4.256e-05,2598.02,0.1105,0xd2...2da9,https://etherscan.io/tx/0x3c112cdf6d6614fd1d81b1965d8b049319f11a521513c4ee859a54e5de88270a
2023-04-02 09:25:35,True,0.07751,4.251e-05,6062.02,0.2577,0xf9...ebd9,https://etherscan.io/tx/0x40c8cc4b4c55ec82d327424db1366686bd58beb7ae44d46efe0e4ba35a1e9ebc
2023-04-02 09:18:59,True,0.07743,4.248e-05,200.12,0.0085,0x89...114d,https://etherscan.io/tx/0x386cbecdcc527f06baff4b0107c614a242123694b702e6835735d33d4307e3b4
2023-04-02 09:17:23,False,0.07719,4.235e-05,22878.7,0.9689,0x76...7d5e,https://etherscan.io/tx/0x066f6ab6c20c0c79924c3968b6e181ed40aa5ad936607c0b68da51f13889cb13
2023-04-02 09:16:35,True,0.0778,4.268e-05,8199.29,0.35,0xc8...6d5a,https://etherscan.io/tx/0xc09783b7a8b1ae7bf42b8c1fcbe7d79e99bee917cf69b36135174171ea3b31bd
2023-04-02 09:15:59,True,0.07759,4.256e-05,13105.1,0.5578,0x89...114d,https://etherscan.io/tx/0x136147cc2f1e28d263b6edb264c183aaa5f55a1ce10c4bf4ffcf3f04a5de07d9
2023-04-02 09:11:35,True,0.07742,4.247e-05,3775.7,0.1603,0x91...dc25,https://etherscan.io/tx/0xb5e6944b0d5cfb6522882730d052b267615ac18e1bd15ba5fb98ee726d4da982
2023-04-02 09:08:59,True,0.07728,4.241e-05,7478.92,0.3172,0x36...5607,https://etherscan.io/tx/0xebc3d97a1c9a5e239457c0f9092cbe0d051f4955a977a4e84dd77e40ca9a4669
2023-04-02 09:03:47,True,0.07718,4.232e-05,8320.21,0.3521,0x7d...d786,https://etherscan.io/tx/0x4e41c9916582b2673008d8f53130df0951dd0e3bcc62d7ad1217d68fda0b73eb
2023-04-02 09:02:11,True,0.07711,4.227e-05,1876.06,0.0793,0x24...0571,https://etherscan.io/tx/0x303694ca84c979a9307819ad7dc45f8205adffab5eca90d34eb73aa34035c341
2023-04-02 09:01:59,True,0.07696,4.218e-05,12996.4,0.5482,0x91...dc25,https://etherscan.io/tx/0x818a173d4ef6d602664a4792c48d3ef15acb27e2fd39f15b6423e3302297743f
2023-04-02 08:57:59,True,0.07678,4.209e-05,4276.18,0.18,0x0c...f794,https://etherscan.io/tx/0x0b331651391e79cf030440248246298a38f7c325f1b5136c148ceec0704e39c7
2023-04-02 08:49:59,True,0.07665,4.206e-05,589.088,0.0247,0x0a...2748,https://etherscan.io/tx/0xa187e37443c08c5e48d20b7fd8963397761d65a20243c9a71d0bbf5a7805cd59
2023-04-02 08:48:35,True,0.0766,4.204e-05,4260.16,0.1791,0xd5...ca89,https://etherscan.io/tx/0xdc5d257384c342572f912ce36f604c88cd26ac713915b4c852b451ed06f7f4e8
2023-04-02 08:44:11,True,0.07647,4.201e-05,23.5914,9.912e-05,0x44...b2bf,https://etherscan.io/tx/0x6d8b725e613ae23383bae4454c9edd469d8fca011858bd9c7740dbc8b49dd3e1
2023-04-02 08:40:23,True,0.07644,4.2e-05,1769.77,0.0743,0x44...b2bf,https://etherscan.io/tx/0xda373377ad8b146b71dbd87b92a55f1dcc93d67547b98ab0811cfeb5552dc731
2023-04-02 08:39:35,True,0.07636,4.195e-05,7087.2,0.2973,0xa6...0ab9,https://etherscan.io/tx/0xe3a866596464c5cf3696298e7084a8f63a734feb3669a0bef3c39245a7435ce9
2023-04-02 08:30:11,True,0.07625,4.189e-05,3982.94,0.1668,0x72...3967,https://etherscan.io/tx/0x86a6e107ee7fc99ac91a39a77f9bf443f0a4992b96a0be3c174037056365f7db
2023-04-02 08:29:11,True,0.07616,4.185e-05,4973.9,0.2081,0x4b...98e6,https://etherscan.io/tx/0xcdbf93aff5a37df4f4b2d5da0db78da0dfa7a0c17d9de65bdaf1951c9add6ba7
2023-04-02 08:28:59,False,0.07566,4.157e-05,466.267,0.0193,0x42...cf69,https://etherscan.io/tx/0xd7ba32e35f9db427d8d9e57e219d5f07f0c7ee84ada7e861d4fcd8bf7ffe210b
2023-04-02 08:27:47,False,0.0758,4.165e-05,13897.0,0.5788,0x2b...7f93,https://etherscan.io/tx/0xf4c1eef771d0423633c7d642457414dd6db868228d8b8dd04cd4484a1d4c7558
2023-04-02 08:21:11,True,0.0764,4.197e-05,893.401,0.0375,0xed...a5ff,https://etherscan.io/tx/0x6fc1fd2f9cb442b8d80713e774d1e8fb215fa7df6737dfd6cad2330e5eeb6a3e
2023-04-02 08:20:59,True,0.07627,4.19e-05,12409.9,0.52,0x6c...4ede,https://etherscan.io/tx/0x504b3576727700c222daafd00e2cfc30615796fdfb433df6a2a1d06ae7730ff0
2023-04-02 08:20:47,True,0.0761,4.18e-05,4741.75,0.1982,0x17...44eb,https://etherscan.io/tx/0x80b0bd0981bad9299c8a17732e7d0c29c1ebcde2c9e56ed725dddc55759c40d3
2023-04-02 08:18:47,True,0.076,4.175e-05,5115.16,0.2135,0x89...114d,https://etherscan.io/tx/0x152355187c3b141a3ffbd3e7b2eb6c0820b79c71bc83267719dde7fe8858d9c3
2023-04-02 08:16:47,False,0.07587,4.167e-05,37143.1,1.54806,0xf6...68eb,https://etherscan.io/tx/0x1e9aca8589e046e5506d7a97773241a13e2268c4d30a15901c53a6e78899ec3c
2023-04-02 08:15:11,False,0.07628,4.19e-05,4617.06,0.1934,0xd2...2da9,https://etherscan.io/tx/0x6c0e1c53fdfe4d2ad55e2f82837aa73b8b678c12bb9c79d54d8aae3845eff2ab
2023-04-02 08:09:23,False,0.0764,4.196e-05,5931.34,0.2488,0xc2...b42a,https://etherscan.io/tx/0x526efa1e02f9b5172bd264a7190a3f8b83765c3f93616df7a9df75bb3e9e3d17
2023-04-02 08:07:47,False,0.07654,4.204e-05,8932.71,0.3755,0x88...b670,https://etherscan.io/tx/0x8018029b9136fe97be2477cc896ff4094aebd89dcadb099a9b4fda054d8a669e
2023-04-02 08:05:23,True,0.07708,4.233e-05,1873.24,0.0793,0xa7...7c8d,https://etherscan.io/tx/0x23d486a185a3197e7f97ddeb57d9cc1a948372b1e2bdd07fca6bc4e5d52e7681
2023-04-02 08:00:59,False,0.07659,4.207e-05,500.0,0.021,0x63...3e05,https://etherscan.io/tx/0x238c139b33a40425ee75bef55f2f3749124c245df064db8e2d5e97f4bbe46120
2023-04-02 08:00:47,True,0.07706,4.232e-05,201.478,0.0085,0xcb...d47c,https://etherscan.io/tx/0xee5bb932ea8dae5fd26b5a0efe45f986a574501fbdfd089b22478e30a7fe997a
2023-04-02 07:57:35,True,0.07701,4.232e-05,163.939,0.0069,0xca...6556,https://etherscan.io/tx/0x9d6f9ba7f2bfe736f93c936faefd0b99df31d254bf8d026b8a58040a1930220f
2023-04-02 07:53:23,True,0.07699,4.231e-05,1779.6,0.0753,0xe8...923f,https://etherscan.io/tx/0x0081d07083679f6a6e46fe7af6ffabe02ee4fa651c96a3c0ce6821cd91810985
2023-04-02 07:47:47,True,0.07702,4.23e-05,283.913,0.012,0x95...178e,https://etherscan.io/tx/0xa325d65ea031955c6afe8c954c05164d5d6ba7464823d9f02db99bf17d29356e
2023-04-02 07:39:47,True,0.07688,4.227e-05,5471.69,0.2313,0xe9...7d4c,https://etherscan.io/tx/0x37f8f8218b335be281f5a6debc7b661b4265ce06c7b2adeede239327445583c0
2023-04-02 07:37:59,True,0.07683,4.223e-05,657.112,0.0277,0xd3...df97,https://etherscan.io/tx/0xd99637e2974bed1c1ab03d3bacf1482ca2b8af36af0b23a74bd69909f9aec6a9
2023-04-02 07:33:11,True,0.07668,4.222e-05,1300.43,0.0549,0x97...0896,https://etherscan.io/tx/0x8477195903fc40a5a1a5cd33fa670bcc39f3d661c9b95d8fb241586bc0a78928
2023-04-02 07:32:23,True,0.07665,4.221e-05,1543.26,0.0651,0xb5...a59b,https://etherscan.io/tx/0xf570ab64a9f65d0cc10157d516429684cd275504cbfcad6f0f3e9a910c2071d2
2023-04-02 07:31:59,True,0.07659,4.218e-05,4018.48,0.1695,0x08...f329,https://etherscan.io/tx/0xc24cbd725a18a50500b800ab9f1e5439131609c131bde022ecb4b270699de1cb
2023-04-02 07:28:11,True,0.07656,4.215e-05,237.204,0.01,0x42...cf69,https://etherscan.io/tx/0xf99cba220d83524135f68fc88e725cf056bebac3471a47bfb4cd4203ed3c93c7
2023-04-02 07:27:23,True,0.07655,4.215e-05,470.3,0.0198,0x1e...eb70,https://etherscan.io/tx/0xb925f347145a216764f19ac1c8816ee4e1ca3c72206cd3b7940327ec44a37320
2023-04-02 07:24:35,False,0.079,4.35e-05,285678.0,12.4294,0x50...81c9,https://etherscan.io/tx/0xe57e620c68ccc2fda6c273575c7c41a6d737760a8b403dcccc767d3135aba3ed
2023-04-02 07:24:35,True,0.07949,4.377e-05,282803.0,12.3803,0x50...81c9,https://etherscan.io/tx/0x3cbf9306cd6ce763f591d709f5544ca4f7020d2cd1ae3c723ed2e1859af9bd76
2023-04-02 07:23:11,False,0.07664,4.221e-05,53160.2,2.24397,0x94...10bb,https://etherscan.io/tx/0x091e2150c25b08d1d2cbbb2a2ef39dd08012c89531247e147d2a51fbe7d48b56
2023-04-02 07:22:59,True,0.07757,4.272e-05,5915.98,0.2527,0x52...ef6e,https://etherscan.io/tx/0xc4a525115a3f4372bb9a1b4991c3d0001de8a61edd59efb3923ff525f6b65b4d
2023-04-02 07:16:11,True,0.0775,4.269e-05,50.383,0.0021,0x31...560e,https://etherscan.io/tx/0x0d9d0d539fb933956cb135e09a00a802309b417fb23dea020a871c6751d48ec5
2023-04-02 07:14:35,True,0.07747,4.267e-05,3019.55,0.1288,0x31...560e,https://etherscan.io/tx/0xffacd6d46b8120b145d7273ea84abc45aad28fed9fe58eef68d81c7cd3bfd618
2023-04-02 07:14:23,True,0.07741,4.264e-05,2228.66,0.095,0x01...e710,https://etherscan.io/tx/0x0ac53c390840fd84bd3dff42dc99abaab9299184156dbabad36ffe1edac8a006
2023-04-02 07:10:47,True,0.07729,4.257e-05,10099.0,0.43,0xba...80be,https://etherscan.io/tx/0x8529a7a3f67b005833647989f016905d9327d70b1a32059c8065c695f96bcbb3
2023-04-02 07:09:11,True,0.07719,4.252e-05,128.311,0.0054,0x42...9469,https://etherscan.io/tx/0x7280cabbaf949cf25778bc11533412067ce0f9b5b3519e50ea7ad2cbcdec0bd1
2023-04-02 07:07:23,False,0.07681,4.231e-05,7998.38,0.3384,0x3c...c5c9,https://etherscan.io/tx/0xd1d51606d0e6b7f5ea02083f30eb317a6a6bb0c0a3a66e25214e2e00d26eb1e4
2023-04-02 07:07:23,False,0.07693,4.237e-05,3500.0,0.1483,0x1c...4167,https://etherscan.io/tx/0xce8cbb1e8eace996d55c326316db6d1068be6306fa90424d269ebbfcbcad381f
2023-04-02 07:07:11,True,0.0771,4.246e-05,32311.4,1.37223,0xc8...6b5c,https://etherscan.io/tx/0x92387e7189d2a673c69e357803902f2234ba590ced05a9bb342a01286e90d462
2023-04-02 07:04:35,True,0.07675,4.227e-05,2344.6,0.0991,0xc5...8753,https://etherscan.io/tx/0x9384fbdfa2f57ae39553b25651c64b05702af3ad39309cf242221df02d6f1ce4
2023-04-02 07:03:35,True,0.07671,4.225e-05,2346.03,0.0991,0xc5...8753,https://etherscan.io/tx/0x1f10108affdd594053155c219cc18e7d2fc6ffe89897aaa998b4e1c6c5f8e6ee
2023-04-02 07:01:59,True,0.07665,4.223e-05,639.266,0.027,0x91...dc25,https://etherscan.io/tx/0x2304b91f614948caa09220c2c955fc2374b8a62ea5926783a73e179972f8d0e2
2023-04-02 06:59:59,True,0.07661,4.221e-05,3522.31,0.1486,0xb8...fa84,https://etherscan.io/tx/0x926c5ea8cbd93a16194b9c389447710fa975497403ce1f778b2da7fe49deae82
2023-04-02 06:56:59,False,0.07652,4.214e-05,37950.0,1.59953,0xfa...5e3f,https://etherscan.io/tx/0x96520aad4bd04977bfb1d6eade56c9d9ff99983ea2f2c0a5bf7f33f14995706a
2023-04-02 06:52:11,False,0.07693,4.237e-05,2500.0,0.1059,0x1a...d7c4,https://etherscan.io/tx/0xdce226b25d9cddfe779b8d9f3af8e4d7c73fff396200ca9995307dd7007ce4b6
2023-04-02 06:51:35,True,0.0774,4.263e-05,1296.36,0.0552,0x7f...332e,https://etherscan.io/tx/0x1cfd09e9b2864b02ba9b46c47114be2977e5f8dfd64290e42c34982759c79a98
2023-04-02 06:51:35,True,0.07738,4.262e-05,459.481,0.0195,0x9a...900a,https://etherscan.io/tx/0xfba400c1863d86b61675a4be341f557942dadda2d198401303202767b3079a76
2023-04-02 06:48:35,True,0.07736,4.26e-05,2093.81,0.0892,0x4d...515e,https://etherscan.io/tx/0x650f5c5962f06071272f970bca623b75da9bec66f7b817a8c9c4c7466c829e1b
2023-04-02 06:40:47,True,0.07733,4.259e-05,395.625,0.0168,0x21...07c7,https://etherscan.io/tx/0x26495d6f9c75d0e0e0be41f88025b4a3f72d65b83d3ff2aae4f6b817e49f11ea
2023-04-02 06:36:59,True,0.07733,4.258e-05,917.077,0.039,0x04...e39a,https://etherscan.io/tx/0x9a0bbfb7bda3136ea616a37a8927f7bf8c2ad42430035b12bb2790d60ebc017b
2023-04-02 06:34:11,True,0.07731,4.257e-05,1280.05,0.0545,0xeb...e6f9,https://etherscan.io/tx/0x4fe90b980a14dad3890edace9dab79144b5a5b2a19787aa2f2860fd81a086b56
2023-04-02 06:25:59,True,0.07731,4.254e-05,3230.37,0.1374,0xaa...1098,https://etherscan.io/tx/0x495bdb0aea3da7998d6947adb92fb4495b423d8c2399dc1007c11617210a03e0
2023-04-02 06:24:11,True,0.07726,4.253e-05,230.445,0.0098,0xbe...f392,https://etherscan.io/tx/0x719b17c931137154d7b68a10e688716b1f68a2f3291bfb322e54baa5f4688c26
2023-04-02 06:21:23,True,0.07722,4.249e-05,6998.67,0.2973,0xc1...c524,https://etherscan.io/tx/0x102a17104902802b09114a31d4ad253ee292e9537c29c5b727dfc816f6cc79e2
2023-04-02 06:18:11,True,0.07711,4.243e-05,3785.8,0.1606,0x9b...4265,https://etherscan.io/tx/0xafac70ac95b43649ed571e0626d13fccb4f7e25d698ed387cb8a138f170e675b
2023-04-02 06:17:59,True,0.07704,4.239e-05,2338.03,0.0991,0x15...8513,https://etherscan.io/tx/0x26725db0ffc75b98725209d8d5591cc227001faa33beedd698b01687006a6c72
2023-04-02 06:13:59,True,0.07701,4.238e-05,49.5474,0.0021,0x15...a774,https://etherscan.io/tx/0x9205ffac5750a6c8e85566eb381f7ef8978b1b5c012ae12965b605ae77f231bc
2023-04-02 06:09:23,False,0.07664,4.217e-05,9000.0,0.3796,0x6e...94a5,https://etherscan.io/tx/0x78e8df3c91372c2a1b99145e5c379f5ef735997f35182b704568bb4c043dbfc0
2023-04-02 06:05:59,False,0.07676,4.224e-05,2509.42,0.106,0xc4...5736,https://etherscan.io/tx/0xf18a343043a55a9ec4cfac3fb4059441fe33dab72edaddc9c2292ff10dfe5b14
2023-04-02 06:05:47,False,0.0768,4.226e-05,2344.11,0.099,0x26...40d5,https://etherscan.io/tx/0x5fec605aa528208a217c53acc32567e824666fdf33a14ab0730ee4d7d22a6915
2023-04-02 06:00:11,False,0.07717,4.246e-05,33302.0,1.41418,0xc4...c224,https://etherscan.io/tx/0x7543b7202ec9bffddbd08cd71d4c3c7087d763cb193090deafa2e37806108c19
2023-04-02 05:53:47,False,0.07769,4.275e-05,18012.5,0.77,0xd2...0e55,https://etherscan.io/tx/0x73920cb22a144d708dd041070ee431bea019c0f5084a20e75ef9622089098b9c
2023-04-02 05:51:59,True,0.07833,4.31e-05,1267.19,0.0546,0x65...468b,https://etherscan.io/tx/0x11d699d329a78e49575fd7c9497d7d82017df70f09544b6f1253b41f32d10ca3
2023-04-02 05:44:47,False,0.07809,4.296e-05,23500.0,1.00976,0x57...13d5,https://etherscan.io/tx/0x7292be4d694e8379c0a6e31ab58cd389c2b421605aff409f7b77cef9b08ca71c
2023-04-02 05:42:23,False,0.07975,4.387e-05,134503.0,5.90145,0x97...e551,https://etherscan.io/tx/0x23778e420ce3b014c7682cff3c6e03b80cb864666f80fee67c3a6269567b71ea
2023-04-02 05:42:23,True,0.08063,4.436e-05,95949.5,4.25643,0x97...e551,https://etherscan.io/tx/0xdebe4c0769421cb545cbfe3209b6cd6f956173cf77cd10bc0367a805a05b8c50
2023-04-02 05:41:59,True,0.07961,4.379e-05,287.868,0.0126,0x92...68d2,https://etherscan.io/tx/0x81aa65c13e5779bddf3f88cf23e6789687b95348b711b4908978d24aa2f82ae0
2023-04-02 05:36:47,True,0.07954,4.378e-05,1131.84,0.0495,0xf4...925d,https://etherscan.io/tx/0x92e09b16da1d7700e491c186b91089fada0fa50e3e157b453d9f6fbc6e0a7121
2023-04-02 05:33:23,True,0.0795,4.376e-05,2604.66,0.114,0x74...0e6a,https://etherscan.io/tx/0x99e43afc826323dcf32d94aa2fa8dfd0fbd80047e5fc439e2d8f7d9f921c98f6
2023-04-02 05:31:47,False,0.07902,4.35e-05,3000.0,0.1305,0x3b...a5bd,https://etherscan.io/tx/0xf03ac9ada67b34077334f57b78dc21b65459ee6e5450e8dfbda30b7b89c1240c
2023-04-02 05:31:35,True,0.07952,4.378e-05,933.397,0.0408,0x6a...e9dc,https://etherscan.io/tx/0xcefc05429294130a50e497579044385bbd088b189daf87e3239fa78030b8a42d
2023-04-02 05:27:23,True,0.07949,4.376e-05,1541.99,0.0674,0x40...4c6d,https://etherscan.io/tx/0xd026a871d629b2a1195fa886e1d74e65a203035d19f531bdfc17c9dbebabff40
2023-04-02 05:24:59,True,0.07941,4.372e-05,5030.93,0.22,0xb7...146e,https://etherscan.io/tx/0x24874d8be1d30ac86fb74fceadd3b121faedd450879bf1637fbc54d8526caa96
2023-04-02 05:24:47,False,0.0789,4.344e-05,750.0,0.0325,0x8b...b05e,https://etherscan.io/tx/0x5791b09ff5d71a6ad2fadae10050639c42ee4e1e8f55c670625612ffe15ac3a2
2023-04-02 05:12:47,True,0.07928,4.37e-05,567.001,0.0247,0x06...d202,https://etherscan.io/tx/0x2b6def2a2256e123e9b0a8c76f0f405f141208f5991b833ed93ce0bbf6967514
2023-04-02 05:08:35,True,0.07926,4.369e-05,1134.26,0.0495,0xda...8b6b,https://etherscan.io/tx/0x5725f737c4d1fb6d23daa32b471ebca1a5ecff28a56b37874679138e5e4f9721
2023-04-02 05:07:47,True,0.07924,4.368e-05,624.593,0.0272,0x83...9257,https://etherscan.io/tx/0x7d492d266cbe06837c551544a23998fcebf937a42d95802e85bc8efec0b62fbe
2023-04-02 05:05:59,True,0.07924,4.368e-05,189.538,0.0082,0x65...468b,https://etherscan.io/tx/0x2c69a38feffae9a8702544e2e2721109ad114b03d0590c1ec18e346e5d46e83e
2023-04-02 05:04:47,True,0.0792,4.366e-05,3436.81,0.15,0xe3...b792,https://etherscan.io/tx/0x0e1b7aa54f97267cfb445600a301cad11c95ca062d64f2ee080d2de189535574
2023-04-02 05:02:47,False,0.0787,4.339e-05,2000.0,0.0867,0x35...ea30,https://etherscan.io/tx/0xdf65c07b379f3f841765b629619be6169da2b68778e216266fe3dd9702243cc0
2023-04-02 04:59:47,True,0.07917,4.365e-05,2248.17,0.0981,0xf9...ffc7,https://etherscan.io/tx/0xb6c1e450194a02604dcae236430e7cf5cc7dd01da8d09640ac4b131b05e3b2ef
2023-04-02 04:56:35,False,0.0788,4.344e-05,12074.0,0.5245,0x06...7d1b,https://etherscan.io/tx/0x5de0b7171c3f622d595db05cea23da73e20e72c88a7c8b6069eedb6ef3d57b32
2023-04-02 04:47:47,True,0.07936,4.376e-05,1358.85,0.0594,0x1c...a1f7,https://etherscan.io/tx/0xe5b37ffc9499ee326d11b903ba91aa8006209b6372185e2b3a83612e8fd48c53
2023-04-02 04:47:35,True,0.07933,4.375e-05,1093.23,0.0478,0x68...3817,https://etherscan.io/tx/0xbfc580b5d3914a94cc6e2252d9482726d73f638435d835396d9f412e4429a3cf
2023-04-02 04:43:59,True,0.07932,4.374e-05,311.822,0.0136,0x01...c212,https://etherscan.io/tx/0xa424423285fe5560ea715890c38e5f262802d01b058c10d50225bdeb43373723
2023-04-02 04:39:47,True,0.07932,4.373e-05,997.171,0.0436,0x66...3371,https://etherscan.io/tx/0x8aab212871ba9e6b7841d6f9c55e37decdad8ffbec8e0eca8e258c5aa31c62eb
2023-04-02 04:34:47,True,0.07929,4.372e-05,1372.21,0.06,0xa7...263b,https://etherscan.io/tx/0xdcf8c3804e1bfd3915b06e5ce99c64ed8c03aeb982eba8ab0f1191ea9d87af45
2023-04-02 04:25:47,True,0.07915,4.369e-05,3498.98,0.1528,0x67...512f,https://etherscan.io/tx/0x55f190da94825a47c6ce7d7406c31571b582d670d7e6b74979ec44b43140538a
2023-04-02 04:23:23,True,0.07906,4.365e-05,4541.75,0.1982,0x32...9fb7,https://etherscan.io/tx/0x146264061c3c3bcf87f2ed0208b779697402063f0fea8c90d38ced5f31917be8
2023-04-02 04:21:35,True,0.07901,4.362e-05,725.116,0.0316,0xf2...7c72,https://etherscan.io/tx/0x7ba23b80ee9549f44941054cbfd1b86a914ad764ed470ba10b9f6d85bf6e9ac2
2023-04-02 04:18:11,True,0.07883,4.348e-05,23562.2,1.0245,0x57...13d5,https://etherscan.io/tx/0xde5a31d4a7461d6beb62add136c14222cf3027009f2c86c314fe0bba8b45f3b2
2023-04-02 04:16:59,True,0.07848,4.327e-05,11784.0,0.51,0x4e...0a93,https://etherscan.io/tx/0xe9a52a60f217349acabd241e4bda5fd11abbf00f936aff35e12c7fa0349c32d7
2023-04-02 04:12:59,True,0.07833,4.32e-05,481.754,0.0208,0x5a...1f5c,https://etherscan.io/tx/0x99438828b115e807c5ae1f38f60f72d7f6eb12200b4e414e05323b82c08f37ab
2023-04-02 04:09:59,False,0.07792,4.298e-05,6975.0,0.2998,0xa3...0b71,https://etherscan.io/tx/0xc4da2e2cd8435138cc311e1736cbd4077a7ba971c75c782b145c5f9b337d8980
2023-04-02 04:07:23,True,0.07846,4.328e-05,789.101,0.0341,0x84...5ab1,https://etherscan.io/tx/0x72d74603facb3b00e806a3a5e9fb6a3a9536ca8f1ce002a922c618c90f621a6a
2023-04-02 03:58:23,True,0.07848,4.327e-05,12.6047,5.454e-05,0x9f...2752,https://etherscan.io/tx/0xe9bfdbe8255c843251235a21eea463bf91d27f14ebcf07f501bf57356281987b
2023-04-02 03:57:11,True,0.07847,4.326e-05,1259.97,0.0545,0xe9...dfea,https://etherscan.io/tx/0x4b841637800b58dbedabd0e987a2076ccd9466e83105ef638aeda124156664f2
2023-04-02 03:54:59,True,0.07849,4.325e-05,1375.01,0.0594,0x22...5fc6,https://etherscan.io/tx/0xb1691ac76da975f36369eb9fa5822afd01701ca65123b7b19efbf3c9109ed55a
2023-04-02 03:53:11,True,0.07843,4.322e-05,3460.54,0.1495,0x8c...e064,https://etherscan.io/tx/0x1a96e59cd41cbc1bdcdd83d9d797537c1d199149cb66a90261e1db4dff6049ff
2023-04-02 03:51:59,True,0.07836,4.318e-05,3241.58,0.14,0x23...eb2a,https://etherscan.io/tx/0x7a72ff92e433e21d7f34b5a0870e9418b676d974f00e29e404969a14548c62ad
2023-04-02 03:49:35,True,0.0783,4.315e-05,3476.19,0.15,0x75...7542,https://etherscan.io/tx/0xa5bf20974b871475f1e8a4bbc28a509d12ea37c8ef0cf1f8d8ed45feaf980f6c
2023-04-02 03:49:35,True,0.07826,4.312e-05,303.274,0.013,0x92...731a,https://etherscan.io/tx/0xf5ca3655dc76b3cce944ad7deae88c5f480edf54912f2bffc76dd0d7897d2921
2023-04-02 03:48:11,False,0.07786,4.29e-05,6600.0,0.2831,0xd2...0df2,https://etherscan.io/tx/0x596e39abc59b11405809403f4265381b62a5dc9aa7a7eaa60b2f179c69fcbcc9
2023-04-02 03:47:59,False,0.07818,4.308e-05,24658.0,1.06233,0x0f...cb2f,https://etherscan.io/tx/0xc29c2fbfb51e88dafbae9067ec6fb1fd134e594f284caeed5de2330d5b831312
2023-04-02 03:44:59,False,0.07849,4.322e-05,647.763,0.028,0xd3...a48d,https://etherscan.io/tx/0xf9157417b0aa7bc18f1bdce1ba1fee8fce2c786ac30a432e9bfb5da1a5c94b67
2023-04-02 03:43:59,True,0.07898,4.349e-05,25.0593,0.001,0x09...c02c,https://etherscan.io/tx/0x84107dee1fea6be929be09b064828b88f278a39eed5e7a13bdcefcbed26c5e1d
2023-04-02 03:40:11,False,0.07901,4.351e-05,49804.5,2.1672,0x76...7d5e,https://etherscan.io/tx/0x4776b9c0629e9517de807073cc37bf84b41911df5ce89d3b8c487219204cd867
2023-04-02 03:40:11,False,0.08096,4.458e-05,133545.0,5.95462,0x76...7d5e,https://etherscan.io/tx/0x4776b9c0629e9517de807073cc37bf84b41911df5ce89d3b8c487219204cd867
2023-04-02 03:40:11,True,0.08211,4.522e-05,72162.1,3.26328,0x9c...fb93,https://etherscan.io/tx/0x6e073a5aee918337668703642e7716eb4e977ddf5cca106aa2640db63892367f
2023-04-02 03:40:11,True,0.07989,4.399e-05,133545.0,5.87584,0x76...7d5e,https://etherscan.io/tx/0x8293abbfe6deb57e9ddf708b47607d90055f50c6c584a1e652da9a259acd11de
2023-04-02 03:36:59,False,0.07804,4.298e-05,2222.0,0.0955,0x5e...2df0,https://etherscan.io/tx/0x49ed1bf41037597ec5f93e7813128b10586fc0c4d59134371d03a3b1fe349e9c
2023-04-02 03:32:47,True,0.07851,4.324e-05,1134.6,0.049,0xc9...09a3,https://etherscan.io/tx/0x6ed867f82e11673fc781eb8a1687cf4a60d24625023b20939783c42a68159e22
2023-04-02 03:31:11,True,0.07847,4.322e-05,2981.3,0.1288,0x6c...fd5c,https://etherscan.io/tx/0x87cce844be3c33b78201193d0ef845b6c4f7196fd637b8d1e454b9b96cb2767b
2023-04-02 03:28:35,True,0.07836,4.316e-05,7197.09,0.3106,0x8c...d895,https://etherscan.io/tx/0x866e23c5bd40f6035468d2c46793b8901e51967b3e048cf9595d3f1f3d0ceef1
2023-04-02 03:28:23,True,0.07823,4.311e-05,2311.86,0.0996,0x01...3fe2,https://etherscan.io/tx/0xd83950585b338056058a11bcc481f629cb041183e96b574de0ae6b81d19ea43f
2023-04-02 03:28:11,False,0.07782,4.288e-05,8000.0,0.343,0x6e...94a5,https://etherscan.io/tx/0x067e5ac3ce6e3305cde3028b584d06063e4e86441df85f0789a1df3e6ece91a8
2023-04-02 03:27:35,True,0.07833,4.317e-05,3464.01,0.1495,0x7b...e0c8,https://etherscan.io/tx/0xaddbc23a458e191156b86e6ca4839b1bd28527c3318514da38e87acb1a941730
2023-04-02 03:26:23,False,0.07794,4.294e-05,10000.0,0.4294,0x17...9869,https://etherscan.io/tx/0x83223a7071e37fc5c45b0583b73291306e5c709e1c9a5eeeb5c5173b0bde8e47
2023-04-02 03:23:59,False,0.07813,4.305e-05,9155.53,0.3942,0x76...7d5e,https://etherscan.io/tx/0xeb6699aab5b701e75e5d4183205a1b3051f99d91ffaca4b3cebb13d5f3c3b8fb
2023-04-02 03:23:59,True,0.07827,4.313e-05,41053.7,1.7708,0xaf...183c,https://etherscan.io/tx/0xb01495984e8ed0758d1c0ce338116522d9d78e8ccb544ccd44d81de2e252a096
2023-04-02 03:22:47,True,0.07784,4.289e-05,1144.18,0.049,0x36...2acf,https://etherscan.io/tx/0xe36cdf5981e339bf8a12f70a52274e3035ee1f0c36a2fb05d5d5edfc62f1c67a
2023-04-02 03:19:47,True,0.07783,4.288e-05,29.6777,0.0012,0xcf...2256,https://etherscan.io/tx/0xace609981c64890faf2fb7674c1376159a2f87a3c0ff4a08aa25dfce7bc69fa7
2023-04-02 03:19:47,True,0.07782,4.288e-05,982.381,0.0421,0x33...918d,https://etherscan.io/tx/0xfcb20afc645461c19f5db4d4f765265f095f3940b1c2194fbcee1a1e4e1c191e
2023-04-02 03:17:59,True,0.0778,4.287e-05,303.197,0.013,0x00...bde7,https://etherscan.io/tx/0xebd3b0a9c2a3334d8a42a6291726d31d7efbb659a8d33125c38389876d4a0d13
2023-04-02 03:17:11,True,0.07764,4.278e-05,15312.5,0.6552,0x55...1919,https://etherscan.io/tx/0x03488539274e701e28d3f4f9090bfd07694ba0bc15dd23c0469e720f70fdb418
2023-04-02 03:16:11,True,0.07738,4.264e-05,10000.0,0.4264,0x12...a402,https://etherscan.io/tx/0x7758c85080d010539526dac0ca5e29c56d0f151b37fdb8c540b2301578b84b9d
2023-04-02 03:15:59,True,0.07721,4.255e-05,6405.44,0.2725,0x36...5607,https://etherscan.io/tx/0x63f8e606b7a7d5ac77a783faef434cf593111a6790f440e50c563807490a8b4a
2023-04-02 03:09:59,True,0.07708,4.248e-05,6532.91,0.2775,0x40...44c8,https://etherscan.io/tx/0x20c7ed6126e893d5a1314cf586b9a3a8c93d8c3d23566bd4c99eec1c840be44b
2023-04-02 03:09:35,True,0.07703,4.245e-05,9.28e-07,3.94e-11,0x11...14b1,https://etherscan.io/tx/0x63e03b9f00f855d87e40eaf714eafa58cc93110eab20886fe80929b3dc7ab548
2023-04-02 03:09:23,False,0.07674,4.229e-05,18450.7,0.7803,0x75...3b16,https://etherscan.io/tx/0x68363f8d21fec4f9b8c278ed223d4f2afb902893ab9762a57502d9efb3ae61b9
