datetime,buy_order,price_USD,price_native,amount_token,total_native,maker,etherscan_url
2023-04-03 07:34:59,True,2.838e-10,1.595e-13,62661706031.0,0.1,0x0d...2826,https://etherscan.io/tx/0x120ea5857372af56d84634e1122185d4ba128adc949ba80264461579328bd762
2023-04-03 07:25:23,True,2.83e-10,1.593e-13,94153437209.0,0.15,0xe7...7288,https://etherscan.io/tx/0x0cc24d4c9747e1c0180d45db4120bb256902d269be062f12a4b53f1be80d2641
2023-04-03 07:14:11,True,2.825e-10,1.59e-13,38519860468.0,0.0612,0xfe...c948,https://etherscan.io/tx/0x3ceb10b477afae727a150d8874eee805f9f31a6d391d5459cc92e00a1459b7a0
2023-04-03 07:11:47,True,2.823e-10,1.589e-13,18051847212.0,0.0287,0x23...7534,https://etherscan.io/tx/0x7d071acb163eed29d7377c9c48f177c29f856049ff9076797e31320f30ea2e9b
2023-04-03 07:01:35,True,2.816e-10,1.585e-13,212674898733.0,0.3372,0xfa...b577,https://etherscan.io/tx/0xb363c3b56da808b2f06dd2637f1b34a25f3a40ce7aeb5e744677c181538a1f63
2023-04-03 07:00:23,True,2.807e-10,1.58e-13,75905510300.0,0.12,0x66...5ff3,https://etherscan.io/tx/0xf88d063974d6cd4dbe2fe64965d34f627d83fdea5972c51f935af237de69221a
2023-04-03 06:54:11,True,2.802e-10,1.578e-13,59219885387.0,0.0934,0xcf...8cc6,https://etherscan.io/tx/0x886b0e038a77f47acaa2277a5a81a29695063803983485908411a25c0e4ab601
2023-04-03 06:50:11,True,2.794e-10,1.574e-13,180000000000.0,0.2834,0x10...e3b6,https://etherscan.io/tx/0x33e448d189f27ca01114d4268c7b180e19f121c704c05bb30eeaa001ba050e80
2023-04-03 06:42:23,False,2.795e-10,1.575e-13,764456676802.0,1.20405,0xae...ae13,https://etherscan.io/tx/0x17d4e8e8d2ece3c26c6e2f89143a8c7d6a764f0363523e2e82f8d0d9d988ded1
2023-04-03 06:42:23,True,2.786e-10,1.57e-13,1588743327834.0,2.495,0x51...29c5,https://etherscan.io/tx/0xfadeea3e9571ce38f407feaaa4dc9e78138dfaa0c60c8184672d95d20346ae5d
2023-04-03 06:42:23,True,2.717e-10,1.531e-13,764456676802.0,1.17047,0xae...ae13,https://etherscan.io/tx/0x5e98c8c17b8bc070cda7bdd07855163ac764c00271139728a1f89361d1c93408
2023-04-03 06:41:59,True,2.693e-10,1.518e-13,36565648808.0,0.0555,0xc8...7b42,https://etherscan.io/tx/0x4fd0deb26010261748f2593b287699226d4a539762c1b2f4302b1f9379bc9188
2023-04-03 06:41:59,False,2.705e-10,1.525e-13,1026237419753.0,1.56505,0x3e...5656,https://etherscan.io/tx/0x87b7bcad9afa989c019e1a8f4f826c1ae49fe73fee0c939070806cffed2177ab
2023-04-03 06:35:11,False,2.765e-10,1.557e-13,941783472539.0,1.46687,0x55...1919,https://etherscan.io/tx/0x55882683d1f6b240bf3a3576d0e68be3f1fee71876c538de347850fd284ddc20
2023-04-03 06:34:23,True,2.809e-10,1.582e-13,31700975259.0,0.0501,0x14...09d1,https://etherscan.io/tx/0xffe84f2f7c8c74e97356b80f36561bc483bd25a11397ce4852f36772acbf7489
2023-04-03 06:25:23,True,2.8e-10,1.577e-13,229300670483.0,0.3618,0x77...65d1,https://etherscan.io/tx/0x603529adf01f553c0c24662ce61193fb1643a694a78c35b6c25f91bf2c488202
2023-04-03 06:25:23,False,2.804e-10,1.579e-13,899024497868.0,1.42035,0x5e...e45a,https://etherscan.io/tx/0x0d168e0ec03e688a60ea363e0d27b60431418d4194b1215db37ef2f4d0451ee0
2023-04-03 06:25:23,False,2.838e-10,1.599e-13,229300670483.0,0.3667,0x77...65d1,https://etherscan.io/tx/0xa5cc095e56303980220c733d1215ad2b758ded0dbf15d3b36573d54212b05f0f
2023-04-03 06:20:35,False,2.861e-10,1.611e-13,464680299901.0,0.7488,0xc9...27b6,https://etherscan.io/tx/0x3f6a553ce7f40689f8cd072b1586be1e0e17fa41fdcc9227fc2592e50a11350c
2023-04-03 05:58:35,True,2.894e-10,1.628e-13,76573415443.0,0.1246,0x9f...935e,https://etherscan.io/tx/0x6d57873e6704f680f909af8c4428c0fd31a85b0f81424ac0666beaa7d8833aaf
2023-04-03 05:48:47,True,2.89e-10,1.626e-13,22304819469.0,0.0362,0xcd...ccc7,https://etherscan.io/tx/0x99b86c2e6ab997060faa7b5cf75c7c2b451f273a486a2f805f76204cccd9cc82
2023-04-03 05:44:23,False,2.876e-10,1.619e-13,172139439468.0,0.2787,0xd6...95dd,https://etherscan.io/tx/0xd04d9c40241d958fecc2f5e88517da6c9d1b82dc1b88fc18da8f1ceafe72bc95
2023-04-03 05:38:11,True,2.896e-10,1.631e-13,42908239789.0,0.07,0x1e...af55,https://etherscan.io/tx/0x947220879372cdbb0fc291fed0688ae02e1d48bfb65bb97029595411bb79f860
2023-04-03 05:35:23,True,2.894e-10,1.63e-13,34000000000.0,0.0554,0xb2...c037,https://etherscan.io/tx/0xb30c27bc98f2902f237d2f4b69f121764f9882db65b75c54820bf54e18ae8307
2023-04-03 05:16:35,True,2.89e-10,1.628e-13,51781211201.0,0.0843,0xca...21ca,https://etherscan.io/tx/0x6090bd674501ebf57f4f86ef2dccc9aae672513f8d2b9f6ef98499a66e2756fd
2023-04-03 05:12:11,True,2.882e-10,1.624e-13,159105834366.0,0.2585,0xe5...22f8,https://etherscan.io/tx/0xba072fe084d6521232bfcc89b5ca9f91ac484f417d27769f082dfe6831853880
2023-04-03 05:10:23,True,2.865e-10,1.615e-13,382732202538.0,0.6181,0x77...65d1,https://etherscan.io/tx/0x2c321ab4ca09489b1c9b8685e466e5f9d03e607b648961b9344fb6ef03d2f24f
2023-04-03 05:10:23,False,2.9e-10,1.634e-13,2000000000000.0,3.26878,0x3b...b548,https://etherscan.io/tx/0xb3de01f4a48b636e49cbd5d859540c084aec587f934043590e1ce44bee1170b2
2023-04-03 05:10:23,False,2.977e-10,1.678e-13,382732202538.0,0.6422,0x77...65d1,https://etherscan.io/tx/0x25d7863e2eb7146d8f8788faea34d69b6fb98d08a65a36445c40a219741f4a6f
2023-04-03 05:02:59,False,3.006e-10,1.693e-13,450377559972.0,0.7628,0xae...ae13,https://etherscan.io/tx/0xe6c1e9e3c6eeae13bf0e37c80a1996eb518c5ec1ebc524dd7d447f1f9590afa1
2023-04-03 05:02:59,True,3.019e-10,1.7e-13,611145978685.0,1.03946,0x77...c5d1,https://etherscan.io/tx/0x040efc1e0e9a21f38002c9ce7bd8e352cb7137e2d79c63a0b12594e382cb88c7
2023-04-03 05:02:59,True,2.983e-10,1.68e-13,450377559972.0,0.7569,0xae...ae13,https://etherscan.io/tx/0xb9f1c6eb21e5a747db44469b75d92d804ff3127f44987bdfa48abeff64c8389c
2023-04-03 05:02:23,True,2.954e-10,1.664e-13,416345435308.0,0.693,0xdc...760c,https://etherscan.io/tx/0x7145c5ca0d2b3af2d3dc34cdcf4c61d378026282747403b6e974dd20e420958f
2023-04-03 04:52:35,False,2.926e-10,1.648e-13,100000000000.0,0.1648,0x50...5709,https://etherscan.io/tx/0xe9df2e27e24e3f7073a487c1ddecd60e30078f6bcbc25e21721509032c99b41e
2023-04-03 04:49:59,True,2.947e-10,1.659e-13,60264372660.0,0.1,0x6b...b7f0,https://etherscan.io/tx/0x8c29aef896bb8ff87cc721373f86521c2d95a7bc97419d3e4513fcb2c70e45bd
2023-04-03 04:41:59,True,2.942e-10,1.656e-13,88229569917.0,0.1461,0x51...5e66,https://etherscan.io/tx/0xe221a93e903ce5f0445031521889c5754478228cda6b1485de946c8a562d118a
2023-04-03 04:28:47,True,2.937e-10,1.654e-13,42316107957.0,0.07,0x29...91de,https://etherscan.io/tx/0xa4ee48d866a335006b1a14dddd4a2634f888ca2c327b541cdd575d0ce8b144cf
2023-04-03 04:26:35,True,2.933e-10,1.652e-13,24198495369.0,0.04,0x8a...b02e,https://etherscan.io/tx/0xeadf492e8ea9475be5bbb0749776a3c81abda6d1c30f4bff816d636eeafed181
2023-04-03 04:16:35,True,2.92e-10,1.646e-13,343200134377.0,0.565,0x8a...4bcf,https://etherscan.io/tx/0x4dab51e75d6631703ad2c3b0d18fdbb954f0239e5ec4bd300b37e3ec3f353848
2023-04-03 04:10:59,True,2.906e-10,1.638e-13,100000000000.0,0.1638,0xfa...c485,https://etherscan.io/tx/0xb1d4d31b8adef933f5611ea0bb5b7b2ad1dec255485c020745fc3992bc35a987
2023-04-03 04:01:23,True,2.895e-10,1.636e-13,4009735672.0,0.0065,0xa5...239f,https://etherscan.io/tx/0xc92a28ddac89a4a663112047b0ede9ef87f89c59004c059d7f1c2a7ba479e684
2023-04-03 04:00:47,True,2.884e-10,1.63e-13,346519670987.0,0.5648,0x78...441e,https://etherscan.io/tx/0x10134d2dc8c03435ac9f23de0f4d34cbea6f5562eb33cf583b2852b47c1d3b9d
2023-04-03 03:59:11,False,2.857e-10,1.614e-13,24517491993.0,0.0395,0xa7...7fd7,https://etherscan.io/tx/0x2ee47d1c77f7f64854c5aa116d61173261f15f43a5ab0614234b87b2a0725cc7
2023-04-03 03:55:59,True,2.868e-10,1.622e-13,117096989283.0,0.19,0x0a...feb2,https://etherscan.io/tx/0x1f8a8ad4b2181f8e0124e82fbfb6847dd55026f7ee29ea87ffac83527ee39098
2023-04-03 03:49:59,True,2.844e-10,1.609e-13,621314786644.0,1.0,0x5e...e45a,https://etherscan.io/tx/0x7805f76a771a7b67076647e2ddb7691012dcc73530c4b19545c235874f922f23
2023-04-03 03:47:23,True,2.809e-10,1.591e-13,413492180822.0,0.658,0xcb...6ceb,https://etherscan.io/tx/0x87284ab84f5e76945b84be6f37377bd0c2d369e1920969c9f9e7428aa1dc84ce
2023-04-03 03:46:35,False,2.827e-10,1.601e-13,1544668539656.0,2.47396,0x9c...97bf,https://etherscan.io/tx/0xd66a869df97f3065c60efa65c9e3b242208886b0972b66948bdfd8302f1ab47d
2023-04-03 03:45:59,True,2.883e-10,1.633e-13,302785341761.0,0.4945,0xcb...6ceb,https://etherscan.io/tx/0xf07c84f29e5b7aadd106bf8ee60457e68de3da9b236c9c5f8dc28907c13ad58a
2023-04-03 03:42:11,True,2.895e-10,1.624e-13,204677405925.0,0.3324,0xcb...6ceb,https://etherscan.io/tx/0x43495a551b2c726304d69cc07460e5169d9ca4dd63a7b75c2931dc6f61482295
2023-04-03 03:40:59,True,2.887e-10,1.619e-13,44572794462.0,0.0721,0xcb...6bb9,https://etherscan.io/tx/0xd28e6050c3482df3a63ea2c005c6ff9835ebfae278a4294c13ac26f8fbbfb170
2023-04-03 03:40:23,True,2.837e-10,1.591e-13,1544668539656.0,2.45877,0x9c...97bf,https://etherscan.io/tx/0x086aabc436ce7cd3b3845cf9b644eae24fbe07725fa914f17cdc84067b60c587
2023-04-03 03:37:59,False,2.832e-10,1.588e-13,1888886041977.0,3.0,0x06...fe96,https://etherscan.io/tx/0x265cadd8b24052c61897a977e5253328ec4de76628e9fe1dcd7f3fb09feee315
2023-04-03 03:36:59,True,2.898e-10,1.624e-13,377063623873.0,0.6124,0x87...bc60,https://etherscan.io/tx/0xd2caa3ae19143d516ef34f4c247738c9bd435d848e31979c0a4ce19ac89975ef
2023-04-03 03:35:59,True,2.875e-10,1.61e-13,414307942464.0,0.667,0xf1...e4da,https://etherscan.io/tx/0x05e696a220dd2fc72182272002b7ee76ca7ca7d6bb0542fe27644b496b8ae4bd
2023-04-03 03:34:47,True,2.851e-10,1.596e-13,349251263965.0,0.5576,0x8c...42e1,https://etherscan.io/tx/0x185cb8ac0e918e605896ecf360a06199ccc9163f46657c307966671bf8a68966
2023-04-03 03:33:47,True,2.833e-10,1.587e-13,164167938648.0,0.2606,0xd1...4001,https://etherscan.io/tx/0x8a33eee84d048e4253e6426200b538b459d0666426f72f780aeefc7f7f2a1a23
2023-04-03 03:33:35,True,2.816e-10,1.578e-13,382732202538.0,0.6041,0x77...65d1,https://etherscan.io/tx/0x9eddb048fb30d703c83dbbd63b7c04c71b2a50f6dcb051b50e4a9b2722e389b6
2023-04-03 03:33:35,False,2.848e-10,1.596e-13,1979527275611.0,3.1606,0x3b...b548,https://etherscan.io/tx/0x14ce19300a77b878f4b379cb8548ea668dc6260b884ca74851bb1c3dd2dbdc84
2023-04-03 03:33:35,False,2.923e-10,1.638e-13,382732202538.0,0.627,0x77...65d1,https://etherscan.io/tx/0x6190e0fd34afe0560a288c424440d817d9752e03912086f7313e22e60a3f8fae
2023-04-03 03:30:47,False,2.992e-10,1.675e-13,1606121810685.0,2.69055,0x60...fc3d,https://etherscan.io/tx/0xe4e8238bbb14eb37a7264f105a4457c8466ce7fcebafc8b15cbc996256452e73
2023-04-03 03:14:35,False,3.098e-10,1.73e-13,1302906688680.0,2.2553,0x76...7d5e,https://etherscan.io/tx/0x5c3c3491e5304e5583dbd1e24f0e1f45f7b80ea53b5cb81c5599824e35af4039
2023-04-03 03:14:35,True,3.151e-10,1.76e-13,316135378295.0,0.5567,0x89...f5a1,https://etherscan.io/tx/0xf3907edf65980bcb29100e140a07a65dd225c02c0787163181d91df863e49f1e
2023-04-03 03:14:35,True,3.094e-10,1.728e-13,1302906818970.0,2.25243,0x76...7d5e,https://etherscan.io/tx/0x746e7a82f4bfa25e0282a3913deb46bc04bf66de561f84ca97bed3c76c388d63
2023-04-03 02:52:35,True,3.045e-10,1.702e-13,45000000000.0,0.0766,0x42...14d5,https://etherscan.io/tx/0x51c3396fb70f2f2389c9f9dd2c617c0dde65ae1d4fe79ae4aae8e6f4b7cda10b
2023-04-03 02:18:23,True,3.043e-10,1.697e-13,232850881617.0,0.3952,0xe5...22f8,https://etherscan.io/tx/0xce488e4bd06da1605ea15ac3a15ca541ce52be6b6d1dd8b8e2ba4853061ba7d7
2023-04-03 02:06:59,True,3.035e-10,1.692e-13,23635910181.0,0.04,0x2e...9a37,https://etherscan.io/tx/0x11f958ee27ab8864c69f1053d12006666fcb9c9eabcf466c2506d33e1b79a512
2023-04-03 02:06:23,True,3.033e-10,1.69e-13,59144789193.0,0.1,0xaa...83cd,https://etherscan.io/tx/0xc71ed4788898ceaaf3ab29379684ad67ff93ea448fa02d679e4a24d18ccba164
2023-04-03 01:50:47,True,3.027e-10,1.687e-13,118525851851.0,0.2,0x2d...839a,https://etherscan.io/tx/0x067eee5368f708e00367f3b2d62f2c887772576fbb9242c387e218d70ed081dc
2023-04-03 01:46:35,True,3.016e-10,1.681e-13,176817768752.0,0.2973,0xbd...28b8,https://etherscan.io/tx/0x3524eb8bedcd6b1e9b024100d0e2982ea9474034b646163123ca6f4c76698ef6
2023-04-03 01:26:23,True,3.007e-10,1.678e-13,18000000000.0,0.0302,0x3a...8df8,https://etherscan.io/tx/0xe6d85e8f5ffaa3e2aa39569cefabec6875bc8162effcd9d963602b9a7a66906c
2023-04-03 01:11:35,False,3.01e-10,1.679e-13,618286838453.0,1.03833,0x3a...8df8,https://etherscan.io/tx/0x6fb7c8bc3fec436d54835262b75d7caef268131948c82f77ae220a918144f6a6
2023-04-03 00:53:11,False,3.05e-10,1.702e-13,600000000000.0,1.0215,0x82...d2b0,https://etherscan.io/tx/0x0c8dc388818209c9b70943487eeade5b82d0d6028b264187991b04a28e0120ca
2023-04-03 00:40:59,True,3.064e-10,1.716e-13,382732202538.0,0.6571,0x77...65d1,https://etherscan.io/tx/0x767507f165a0828898c04d0abc38468f2891d8096c864ef3e7a6f2482a90adaa
2023-04-03 00:40:59,False,3.054e-10,1.71e-13,603867179567.0,1.03316,0xca...cafe,https://etherscan.io/tx/0x2446574feb4940e43917f8596aaef72e765ba3fbe3eeade3d88d33bcfea2e5e0
2023-04-03 00:40:59,False,3.088e-10,1.73e-13,382732202538.0,0.6621,0x77...65d1,https://etherscan.io/tx/0xab2c89e66ca75b3e27be21f7005b631ad5cd22224540d6d3da6055d5a01bf657
2023-04-03 00:28:35,False,3.108e-10,1.739e-13,87058157543.0,0.1514,0x3a...e471,https://etherscan.io/tx/0xf13bc3b7437a3c8d9639a71c56313e3e5923ec526f8d7c5732eed20c5e080368
2023-04-03 00:28:11,True,3.128e-10,1.75e-13,47635079153.0,0.0833,0x07...b04e,https://etherscan.io/tx/0xeb02e66b1d7ee2da3f3781868b29b988da9f7e307f94482cd2b03dfd9ac3b09d
2023-04-03 00:12:23,False,3.1e-10,1.739e-13,22000000000.0,0.0382,0x53...9254,https://etherscan.io/tx/0xbe931c3b84920e4c380e0bebefc74ec1111715d433add36ed4c8f1245ba7c05f
2023-04-02 23:58:23,True,3.125e-10,1.749e-13,37534108529.0,0.0656,0xf2...db2c,https://etherscan.io/tx/0x67f981851584fe55dd270a69e67da6fb21049b57b07c5fef089e648d262a4970
2023-04-02 23:56:59,False,3.105e-10,1.738e-13,16211987501.0,0.0281,0x5c...a335,https://etherscan.io/tx/0xfd46c9f7917ee3d8fd444d5e31829692e4cfb21b87438284d6317ec8bcfda53d
2023-04-02 23:55:11,True,3.092e-10,1.731e-13,924602459584.0,1.60085,0xf2...db2c,https://etherscan.io/tx/0x6a20d7d40c2f7ea4a642f8e118f9947f6b2f8d84bf90ce51a7380528ee2e8e4e
2023-04-02 23:41:35,False,3.052e-10,1.703e-13,46147354856.0,0.0786,0x19...34cf,https://etherscan.io/tx/0x0e283cd2d453d252a891bbcd296d840759b2f83e6b1689867f02d8682acb8709
2023-04-02 23:08:23,False,3.058e-10,1.709e-13,250000000010.0,0.4274,0xf6...291f,https://etherscan.io/tx/0x521dfbaf2e600d9786a52861973bce9b39a1b8f99751a33ded7caabb8871931a
2023-04-02 22:29:35,True,3.058e-10,1.713e-13,583617289303.0,1.0,0x13...a798,https://etherscan.io/tx/0xaf941f886146d829cd643e89cc2887c093084782ab35d5c6ce1616ae3cc6ff62
2023-04-02 22:24:47,True,3.029e-10,1.698e-13,192588573299.0,0.3271,0xbd...28b8,https://etherscan.io/tx/0x784a020471be2b1de1d862a7e7a964038837fd9542dc1e74a9ca1afa71cbc62d
2023-04-02 22:19:35,False,3.004e-10,1.687e-13,126370637032.0,0.2132,0xca...21ca,https://etherscan.io/tx/0xba10c4c3d43d7995749235aac7d11c8be67f8cdb516be6481f9bb22c448aea86
2023-04-02 22:14:23,True,3.025e-10,1.699e-13,24911182392.0,0.0423,0x80...a5f7,https://etherscan.io/tx/0xb3fcd86eeead05060910bc669566cadb03811e2777f74c88c872c98ba5d761db
2023-04-02 22:06:59,True,3.023e-10,1.697e-13,40000000000.0,0.0679,0x80...c837,https://etherscan.io/tx/0x81a78a5dcc7915e277b084185a555a18e31b15d70a992588b0ad94238fcdb13a
2023-04-02 21:52:35,False,3.015e-10,1.692e-13,292890818319.0,0.4957,0xc5...d515,https://etherscan.io/tx/0x6c5a4ab6f0d9656ff4ad2698dc5268bc132be9572a37bcc551ec561a1957fac3
2023-04-02 21:47:47,True,3.032e-10,1.703e-13,234762569773.0,0.4,0x18...f9aa,https://etherscan.io/tx/0x19bd693cada6c0f48a57ef2a8280f1033f315c09ae0ef9447a9733e1e24f0baa
2023-04-02 21:46:59,True,3.014e-10,1.694e-13,250000000000.0,0.4236,0xf6...291f,https://etherscan.io/tx/0x0001c275a4fc22c1e839d192aa96eec3c23d9d03e5a6263bdd7ae37e4dc22b05
2023-04-02 21:44:59,True,2.985e-10,1.679e-13,565767032810.0,0.95,0x53...a37e,https://etherscan.io/tx/0x94fd33463fa4f8e90a3223476ec71b23df4a6b793f080d3b7cd58505dd1cb8c7
2023-04-02 21:44:11,False,2.949e-10,1.659e-13,40000000000.0,0.0663,0xdd...f57e,https://etherscan.io/tx/0xec47401b23915260736e24cdeb1478652c9dadde27b9eacb108823b04ef6242d
2023-04-02 21:37:59,True,2.972e-10,1.662e-13,403345199220.0,0.6705,0x91...af0e,https://etherscan.io/tx/0xd39c7e9adb8bf9ec10bd9905d42781ebefdb941e024de5db33b0d692ee97d1f4
2023-04-02 21:37:35,True,2.954e-10,1.652e-13,150000000000.0,0.2478,0xb2...c037,https://etherscan.io/tx/0x5776d57f47112a52c9090d1ef501ec397e5aaa45d4c63fcd633f611bac4de886
2023-04-02 21:36:47,True,2.942e-10,1.645e-13,225416185056.0,0.3709,0x77...8888,https://etherscan.io/tx/0xb4c51f88b0848cbb09e8e335971230f6c5b0ecf5e6c7ec033a49c83d7fc3b663
2023-04-02 21:36:47,False,2.95e-10,1.649e-13,1003563346859.0,1.65571,0x17...858d,https://etherscan.io/tx/0x833822bb839843404bf2f3fb8eac1422d4eef798714850a07be3e0d90f130456
2023-04-02 21:36:47,False,2.991e-10,1.672e-13,225416185056.0,0.377,0x77...8888,https://etherscan.io/tx/0x22ff10c3de24ca5b340603c54a62c959000640b62400f8d1ee29f70328a51348
2023-04-02 21:35:59,False,3.032e-10,1.695e-13,996222051694.0,1.68923,0x00...f243,https://etherscan.io/tx/0xf354d23524b8b91a8213acc3260efee4c25b0c8b62de343c6b47a7d58cdc60f4
2023-04-02 21:35:59,True,3.067e-10,1.715e-13,500000000000.0,0.8576,0xfa...c485,https://etherscan.io/tx/0xe4777e217aebc45f97dc9d447e4032d52fefc099b0eb7c359b2e1fbc69291ddb
2023-04-02 21:35:59,True,3.016e-10,1.686e-13,996222051694.0,1.68028,0x00...f243,https://etherscan.io/tx/0xa165014f547fb5572f461108b6312deefea1ea21821f372cbb321ea376c73d83
2023-04-02 21:35:47,True,2.975e-10,1.663e-13,224068409091.0,0.3728,0x77...8888,https://etherscan.io/tx/0x0bb1ca845b84095c286232d8dfe7c7d80289417f1b969f2cb22e6408f81c372e
2023-04-02 21:35:47,False,2.983e-10,1.668e-13,1000000000000.0,1.66822,0x17...858d,https://etherscan.io/tx/0x09b4ecf8fe6d4af64fcf61bcddf57cec37d20f7aa464e73d8601fe6713245b74
2023-04-02 21:35:47,False,3.024e-10,1.691e-13,224068409091.0,0.3789,0x77...8888,https://etherscan.io/tx/0xee2d150f19d68229f806a616771831b6faac301bb4d4aefe415f48e70009748f
2023-04-02 21:34:47,True,3.046e-10,1.703e-13,115294447892.0,0.1964,0xae...ae13,https://etherscan.io/tx/0x5be7ddb1af5435b2e5533f819c92486a06b4bfccb784133b618521fc98de399f
2023-04-02 21:34:47,False,3.058e-10,1.71e-13,1000000000000.0,1.71027,0x17...858d,https://etherscan.io/tx/0x42f25b0c8aebcdfe3e338bd3d9e987ff7ddfabfcbfb38ac1cfc4f9a92a8eec2a
2023-04-02 21:34:47,False,3.097e-10,1.731e-13,115280464965.0,0.1996,0xae...ae13,https://etherscan.io/tx/0x73e7d83859eaaf95d76243111dc4508a7c1bd95b2d618938e89962f4c1016ec9
2023-04-02 21:33:11,True,3.126e-10,1.742e-13,92000000000.0,0.1603,0x1a...dc4a,https://etherscan.io/tx/0x3b14255ffe0e7717efe4988ddeb5e1822683eecd4a48f70f5cb7b682e948036d
2023-04-02 21:31:23,False,3.11e-10,1.733e-13,155926180794.0,0.2703,0xc2...b42a,https://etherscan.io/tx/0xe564f732b99fea669b97e849c0a110368db8054968f341e6b576b8c0ce555725
2023-04-02 21:24:35,True,3.135e-10,1.747e-13,5673720546.0,0.0099,0x08...0463,https://etherscan.io/tx/0x3742c2b1e993ba7ff98f1f974a2198cd11dbe7ce32ea4fa97cab7d561f999407
2023-04-02 20:58:59,False,3.132e-10,1.741e-13,264714874130.0,0.461,0x8e...bcda,https://etherscan.io/tx/0xf0925e943ba9a215426a15442fa01166fda43f15a8084566a53ecb875b8b05c6
2023-04-02 20:39:47,False,3.147e-10,1.747e-13,41646563686.0,0.0727,0xcb...550f,https://etherscan.io/tx/0x901dbba2c7a9ad60ce260ad3509b7c0f468be2b1956e88eb6021d01ab67d8591
2023-04-02 20:13:11,True,3.169e-10,1.759e-13,6470226727.0,0.0113,0x12...3644,https://etherscan.io/tx/0xfde6823211d6b22aa051488aff3150f9f7bb67563d8db1196fb8954e6a673c1f
2023-04-02 18:59:11,False,3.141e-10,1.75e-13,108735583055.0,0.1903,0x1f...1f1f,https://etherscan.io/tx/0x095cd245e61c1169173bc5cebd875689a7b9922d681cd748706a72ee59227ab9
2023-04-02 18:55:59,True,3.161e-10,1.761e-13,72102248522.0,0.127,0x2f...ab1c,https://etherscan.io/tx/0xe6fb11d39a3f28e9f0a60a6538c2a1886cf9db30456b1ca2261c43cbd05f21c3
2023-04-02 18:47:23,False,3.14e-10,1.75e-13,41241908739.0,0.0722,0xd3...d49d,https://etherscan.io/tx/0x58172cc8c93d2a698e1ef009f2fd5565fbe1051b5e924f8179279371209d6eab
2023-04-02 18:42:11,True,3.157e-10,1.76e-13,56787681870.0,0.1,0x7d...bc37,https://etherscan.io/tx/0x8d4ea20cec49eda11c9eaac47f7a77de2e449de73569d2957d6b697f16a2928b
2023-04-02 18:38:23,True,3.119e-10,1.739e-13,997193491705.0,1.735,0x17...858d,https://etherscan.io/tx/0xed6fcde5fc0d74896cf4a5f411c078649c18fb7f4515b3a97d18ecf3940883af
2023-04-02 18:34:59,False,3.078e-10,1.715e-13,303307339572.0,0.5204,0x7d...bc37,https://etherscan.io/tx/0xdd4500b5196469fa7911a5aece39a9fecfd143065b4e412a64b7ad3faae5666d
2023-04-02 18:34:23,True,3.103e-10,1.729e-13,115280464965.0,0.1994,0xae...ae13,https://etherscan.io/tx/0x369f0e37534b784eea77da786416da42a66c29ff4625a0c4f3926fc296178d1f
2023-04-02 18:34:23,False,3.132e-10,1.745e-13,1441849246600.0,2.51713,0x9c...97bf,https://etherscan.io/tx/0x85cd53eb1b0e373977be9f974a1e56cb4a357736077c7254e2336b47d0174ba6
2023-04-02 18:34:23,False,3.188e-10,1.777e-13,115167491791.0,0.2046,0xae...ae13,https://etherscan.io/tx/0xbf8e535daa6d79214e88f4f79ee610d0d775f78a98d77a2449db1ecedbdaeaa8
2023-04-02 18:23:47,False,3.194e-10,1.779e-13,26215990833.0,0.0466,0xc5...dbda,https://etherscan.io/tx/0xdd97106c9688a4e63e91d6e87e4ec81e70d8f3c4d1279ba826d7b6c7888e3d25
2023-04-02 18:22:47,False,3.202e-10,1.785e-13,220385349360.0,0.3933,0xae...ae13,https://etherscan.io/tx/0x366f36d5b5f80ac1e3f2eb58380ad079b6c63ec6c9846b4f3bb6e3e4e5263e4c
2023-04-02 18:22:47,True,3.19e-10,1.778e-13,1051363293844.0,1.87,0x17...858d,https://etherscan.io/tx/0x0c49f2d56a996b0bfe6b1a09d235fc961ed55724422215a7ff1bafaf1092d62d
2023-04-02 18:22:47,True,3.144e-10,1.752e-13,220385349360.0,0.3863,0xae...ae13,https://etherscan.io/tx/0x5ea5826ddb82d964ee6dfd480ff9ce33b3f036417fd1b38d5031409acfe9b952
2023-04-02 18:19:23,True,3.089e-10,1.72e-13,1441849246600.0,2.48003,0x9c...97bf,https://etherscan.io/tx/0x2b9b789ab3ed4b01f36cc041398d1b4ce87fb878990bb5e0c93e9645e4f21974
2023-04-02 18:14:59,True,3.032e-10,1.688e-13,207314505489.0,0.35,0x9e...b014,https://etherscan.io/tx/0xc3db09f2d9de49f28118525832c42cbc93cba4e3180e1320a0b492adddf133c6
2023-04-02 18:13:35,True,3.013e-10,1.677e-13,382732202538.0,0.6418,0x77...65d1,https://etherscan.io/tx/0xcb7680a73446ad85db9d94212c42061d1e966b97dfdbd4f90f7296a3b3e27100
2023-04-02 18:13:35,False,3.04e-10,1.691e-13,1693815576883.0,2.8658,0x16...7309,https://etherscan.io/tx/0xe78c4f0c8ff32fc48b1554345d7c49bf78bba81f46a66dfebf8131b7bea5586d
2023-04-02 18:13:35,False,3.112e-10,1.731e-13,382732202538.0,0.6628,0x77...65d1,https://etherscan.io/tx/0xb64ccf252799d4fb597639235a6e768dd1338a6344ff5a9c80c2831ee7137009
2023-04-02 17:56:47,False,3.127e-10,1.741e-13,90781441644.0,0.158,0x76...7d5e,https://etherscan.io/tx/0x011aad63794bab98b69557f0587c824f07eaed49cea42b00f884328a43301949
2023-04-02 17:56:47,True,3.146e-10,1.751e-13,85614242730.0,0.1499,0x76...7d5e,https://etherscan.io/tx/0x102ada892dabf50fcdc68590428f380abb3fe8429c241178ee3b05d5c6c7db60
2023-04-02 17:53:11,False,3.128e-10,1.742e-13,126179679677.0,0.2198,0x83...6f8c,https://etherscan.io/tx/0x90b83b33af2572f8ec24e751c860e045ab7084adaa41241385fba9d0940835b1
2023-04-02 17:51:35,False,3.183e-10,1.772e-13,1365865294272.0,2.4208,0x9c...97bf,https://etherscan.io/tx/0x62963ea148ace99cbd23a182281c0d9a7ac1fec724927f0968e01803ea12011c
2023-04-02 17:46:11,True,3.247e-10,1.808e-13,123297064108.0,0.223,0xe5...22f8,https://etherscan.io/tx/0xe8c90309b931b00b34a5d759f42d0fd37a67f63bcb1e70f243d7ecc48a9c476a
2023-04-02 17:38:59,True,3.239e-10,1.803e-13,110881495715.0,0.2,0x66...f3cc,https://etherscan.io/tx/0xf9c008b77cba462c82a31c601ff192efaacf65a8c23427977184d36c89b37203
2023-04-02 17:29:59,False,3.216e-10,1.791e-13,50000000000.0,0.0895,0xdd...f57e,https://etherscan.io/tx/0x92514f10d2c9c9c881e7ca9b3ce302de6f7bd87f2ff3e11c7a3bb37da155d04b
2023-04-02 17:23:11,False,3.237e-10,1.803e-13,494799299451.0,0.8921,0x78...61f3,https://etherscan.io/tx/0xc28791830455f50dfb7c6b7c05e922ccfadd702b534b903f57567f5030522770
2023-04-02 17:07:59,False,3.283e-10,1.824e-13,500000000000.0,0.912,0xfa...c485,https://etherscan.io/tx/0x3730bd864ae3fc6c3b9cd8e543b26cde10f49cca343550fb97f0230db7aefdb6
2023-04-02 16:55:23,False,3.331e-10,1.835e-13,31000000000.0,0.0569,0x8a...4bcf,https://etherscan.io/tx/0x8bc6f1583f9ad603c77b594f90dbafce7a0743e8f9090ad8652f72c548afcafd
2023-04-02 16:34:23,True,3.33e-10,1.834e-13,591498958957.0,1.085,0x17...858d,https://etherscan.io/tx/0xfb4f93eaddc7802959f411c7ddbf53d6590b8ab95273b7186a8434ed516d44fd
2023-04-02 16:30:47,False,3.295e-10,1.815e-13,232309038367.0,0.4218,0x23...d0b2,https://etherscan.io/tx/0x05c9639af69fdb0bd3e63d079dc07e7301c41f7142f373376a852c2ec1f543a6
2023-04-02 16:30:35,True,3.272e-10,1.802e-13,1365865294272.0,2.46228,0x9c...97bf,https://etherscan.io/tx/0xa57e098e7663ea47adc277494ffb162a138f19d18d588f90721808edd28883de
2023-04-02 16:26:23,True,3.22e-10,1.774e-13,16910232548.0,0.03,0x54...d541,https://etherscan.io/tx/0x4ddf2f1df42004605eab6ccf7bda4e610085e418e93b1be280abbd9815f875fb
2023-04-02 16:23:35,True,3.216e-10,1.773e-13,33840235894.0,0.06,0x61...1141,https://etherscan.io/tx/0x43243c4d7d9a4fd3d3999cd0d01ba610aba9390b8d0a48a922fdc29afb1b2fac
2023-04-02 15:07:11,True,3.21e-10,1.771e-13,39167714303.0,0.0693,0x18...0902,https://etherscan.io/tx/0xabdd857b53837c5331fd55639ece84e67b03f6bda991dcbad4ccf9c78f585223
2023-04-02 14:20:59,False,3.199e-10,1.762e-13,98720047488.0,0.1739,0x18...0902,https://etherscan.io/tx/0xe7901867b2b0351337ad478dff84780dccf03ee3dc248e68578dcc3983aaab0f
2023-04-02 13:23:11,False,3.207e-10,1.764e-13,35696917183.0,0.063,0x26...3a6e,https://etherscan.io/tx/0x117b6797a9fd2c2c216276aa592d5cb884a3fcf3db67ea1ddc3ca91bae2a2ac8
2023-04-02 13:02:47,False,3.216e-10,1.769e-13,169477533234.0,0.2998,0x36...973a,https://etherscan.io/tx/0xa9bb64f7075b410fee3d5f7cba3f053887ec0726910c6bae3c839d34845a57a4
2023-04-02 12:54:59,False,3.227e-10,1.775e-13,145606432055.0,0.2585,0x77...65d1,https://etherscan.io/tx/0xab3cc7aafb46ad272a3205f4013885bbfa328d43e1f65cf05f9bea988ed226d6
2023-04-02 12:54:59,True,3.212e-10,1.766e-13,1088929280682.0,1.924,0x05...39c8,https://etherscan.io/tx/0x82e108194937f9ae1c22372365aa66c8b3589c14d44c938831d14c728690f480
2023-04-02 12:54:59,True,3.167e-10,1.742e-13,145606432055.0,0.2536,0x77...65d1,https://etherscan.io/tx/0x99bac582c9b39b58252e840daf31a91e301b00d92d8aadff15501999a62751aa
2023-04-02 12:50:35,False,3.145e-10,1.729e-13,42320803964.0,0.0732,0x2a...b547,https://etherscan.io/tx/0xde2fc7cf01620bb108f6da21f1813e912f9333f2410f13359152129b29b819c8
2023-04-02 12:43:35,False,3.147e-10,1.73e-13,25058444511.0,0.0433,0x21...2a20,https://etherscan.io/tx/0x5a760a1b01d210603486807d4ddbcfc00281cd234afe32f43f7758bafa328a83
2023-04-02 11:43:59,False,3.174e-10,1.744e-13,640671116689.0,1.1174,0x80...0962,https://etherscan.io/tx/0x3e54ec60c446c77dc04eac2109d7895aacb2fa5906408478875894a96c887ce7
2023-04-02 11:08:59,True,3.198e-10,1.759e-13,393860876318.0,0.693,0xfb...409d,https://etherscan.io/tx/0xc8504b9f714117b07d2b447a89e70517977fc3c685dafed6ffd69673a892b52e
2023-04-02 10:38:35,False,3.169e-10,1.742e-13,86067970712.0,0.15,0x1c...ee14,https://etherscan.io/tx/0xe909e27618469b2fb32148de23d88349028092fc8b1ea1c1a6bdf06750ce8a08
2023-04-02 09:51:47,False,3.18e-10,1.746e-13,80000000000.0,0.1396,0xdd...f57e,https://etherscan.io/tx/0x78cdbdb82eab8cf6122fd4fe76e5c93fbedd89efbf7ce20f485382dd1857580a
2023-04-02 09:44:59,True,3.198e-10,1.756e-13,100215075026.0,0.176,0xe5...22f8,https://etherscan.io/tx/0xe86918131a332ba7c76ea9a0b988dce4f84dc4c51e5f4a8c3c6d2d3ebe86d16c
2023-04-02 09:41:59,True,3.194e-10,1.754e-13,1238782122.0,0.0021,0x07...b04e,https://etherscan.io/tx/0x93695d43e16cee60ac6655fae72787b4119ab49dc9589300e2ce55a611de95ba
2023-04-02 09:40:47,True,3.194e-10,1.754e-13,6101515130.0,0.0107,0xaa...cd57,https://etherscan.io/tx/0xabd9412f74afd4891c11624148521fc1c4ebefaf9aa928e96e1603ce1f3587c1
2023-04-02 07:45:11,False,3.2e-10,1.757e-13,712569132560.0,1.2525,0x34...19b2,https://etherscan.io/tx/0xac5efed8e074d6dfd731f12bfe28a651f5552d83772a613983f4981893ddf6a3
2023-04-02 07:37:23,True,3.241e-10,1.782e-13,26736491275.0,0.0476,0x6f...9fd7,https://etherscan.io/tx/0xa1a7a15a12888641524cbe64240ebaa843553050d808238a4e18a729d0a198c8
2023-04-02 06:21:47,False,3.229e-10,1.776e-13,279090562231.0,0.4958,0xf6...291f,https://etherscan.io/tx/0xde8fef3780806000750aa59b4860375318004a70d932cf2c83a23943d383ab21
2023-04-02 06:14:47,False,3.242e-10,1.784e-13,100000000000.0,0.1784,0xb0...629d,https://etherscan.io/tx/0x2fd75ce2af030899a5892d1cb11be41bb11d6bee1d359149d151f402c6a63dea
2023-04-02 06:06:23,True,3.255e-10,1.791e-13,279090562231.0,0.5,0xf6...291f,https://etherscan.io/tx/0x829a659d5994ce25ef641477066f7f6067b7a4c115b79e6c2ceb3f7a8a7c41c7
2023-04-02 05:54:47,True,3.245e-10,1.785e-13,4577304325.0,0.0081,0x18...9d0e,https://etherscan.io/tx/0x8b15b0a62ad6e4f5d9ccaa3b69b8b0c0b14ea73fb87cfb984606d61157b83d05
2023-04-02 05:19:59,False,3.222e-10,1.775e-13,50000000000.0,0.0888,0x96...0123,https://etherscan.io/tx/0xb77896732cb05b47255f4a06dd449259fe1fd82a3e7d3db18e5fb2e21b8bbda8
2023-04-02 05:16:11,False,3.225e-10,1.777e-13,50000000000.0,0.0889,0x3a...8df8,https://etherscan.io/tx/0x6d5ddf573c953699d19b6ea10cb285796dacef9de5b4cf67f787080c56920a33
2023-04-02 04:37:59,False,3.247e-10,1.79e-13,562026443948.0,1.00636,0xf6...291f,https://etherscan.io/tx/0x59bfac7cb1f081bf851142358d5e012b299f8a5385709583c692611c3c034eca
2023-04-02 04:26:23,False,3.267e-10,1.803e-13,71353075088.0,0.1287,0x28...de7f,https://etherscan.io/tx/0xa095848f30eb5c8b06ce72459d5c43ad06cf22b2899b4c7df109b76c912c2faa
2023-04-02 03:39:23,False,3.28e-10,1.806e-13,76516748903.0,0.1382,0xbb...3456,https://etherscan.io/tx/0xf95244260de083c073e945907461a03acb5c65013502eace217c477b86e34b26
2023-04-02 03:27:11,False,3.289e-10,1.812e-13,210813494412.0,0.3821,0xa5...f7a1,https://etherscan.io/tx/0xadde3eb5c745900ba2191eab55b4c6c04bb7921a00fc9492e0b6785be66a7c3d
2023-04-02 03:25:35,True,3.306e-10,1.821e-13,300000000000.0,0.5465,0x6f...4963,https://etherscan.io/tx/0xb66a30f68fec3e0990dfced0db3c1c0540ceca1c33cc957cf50aeb456a452444
2023-04-02 01:31:11,True,3.281e-10,1.8e-13,711485784960.0,1.28111,0x26...5b02,https://etherscan.io/tx/0x8a1d04fce8d60d30aac1a91b93d3e451df2e70b72babdeab13def3b164d4bb98
2023-04-02 01:28:59,True,3.253e-10,1.785e-13,28007233382.0,0.05,0x77...8f76,https://etherscan.io/tx/0x50dd8e222aadb8aac89bd2ddd13ebf6dd5ff94ec21b7a922e60735b6793f292e
2023-04-02 01:12:23,False,3.24e-10,1.777e-13,150096475270.0,0.2667,0x6e...5c58,https://etherscan.io/tx/0xf9b8c4c3948776f738c00cbc5695f106cf8ebdcd2fa544c26b5d110c0ad0eb6d
2023-04-02 00:50:35,True,3.247e-10,1.779e-13,562026443958.0,1.0,0xf6...291f,https://etherscan.io/tx/0xee9e7a71bbbe53ba3450bdc3a32357f55c9172d2ed5e88b738d0c91fe2d345fd
2023-04-02 00:39:59,True,3.224e-10,1.767e-13,30967589377.0,0.0547,0x88...715b,https://etherscan.io/tx/0x693856773a93b741cb578ce97bafebd45bc44ff96bd070aa840a4e077d38c41a
2023-04-02 00:17:59,True,3.216e-10,1.766e-13,11266403730.0,0.0199,0xc4...4f85,https://etherscan.io/tx/0xd29f24d525e8b8c3bc46d73017552eded2c719b112ab379bdea0c25f798a6d44
2023-04-02 00:15:59,False,3.197e-10,1.756e-13,37010674136.0,0.065,0xd4...6e90,https://etherscan.io/tx/0x19e39d7455abbbd3f1008c1ee8862addd9ec6ce4b4b4a58648707231583af73b
2023-04-02 00:08:11,True,3.212e-10,1.764e-13,174194661336.0,0.3072,0xbd...28b8,https://etherscan.io/tx/0x8db7566d9ff26dc163dfe69d04825838fc1d9564a4bdc13b42dde6f2934f85bf
2023-04-02 00:04:59,True,3.205e-10,1.76e-13,154351360.0,2.717e-05,0xc6...2d47,https://etherscan.io/tx/0xba067b31ff063e82fd765aed9a5eff772596fd30c4c145169f2512d2de76448f
2023-04-02 00:03:47,True,3.187e-10,1.75e-13,500000000000.0,0.8752,0xfa...c485,https://etherscan.io/tx/0x8f24b76787d6908cc3deebb81f786938d8f116495252de56fe5361dd21a429a3
2023-04-01 23:59:11,False,3.157e-10,1.734e-13,245158211101.0,0.4253,0x8e...7e7e,https://etherscan.io/tx/0xfd37c86ec33739dafd11778fbfdd2e64e217cf59e2c138fb0a9c72f1dc5aff53
2023-04-01 23:58:47,True,3.186e-10,1.75e-13,244119734.0,4.272e-05,0xa7...4139,https://etherscan.io/tx/0x29a5b69f9de1f8175bf3e521821a3072093a158d4cddea0217b2a8d9773c30ca
2023-04-01 23:32:59,False,3.171e-10,1.741e-13,78175053944.0,0.1361,0xf7...cada,https://etherscan.io/tx/0x49d6525387e5e3278b9427bc2fbdd8261999f5c665c0ba837ba331d1209cf494
2023-04-01 23:14:59,True,3.189e-10,1.752e-13,57981448772.0,0.1015,0xf1...9726,https://etherscan.io/tx/0x2a4bf774e05cab8761099bb49085a2d03a2c4701be9827efe06e377256dd7e60
2023-04-01 23:12:59,True,3.176e-10,1.745e-13,299150381080.0,0.522,0x8f...a730,https://etherscan.io/tx/0x95996ce430161b881b743c6b3bd685daf1d0406e61e389329f03cdf055570ddb
2023-04-01 23:12:59,False,3.196e-10,1.756e-13,1374420261236.0,2.41371,0x9c...97bf,https://etherscan.io/tx/0x2502448691c0433d935a3bf24e5aeb06154ffe60174a3e6c832739955315906d
2023-04-01 23:04:47,True,3.259e-10,1.794e-13,4249202316.0,0.0076,0xbb...5d19,https://etherscan.io/tx/0x1165fa3092935b41192ac19c1f086743029289d9246e9950c5370b00275a915f
2023-04-01 22:46:11,True,3.253e-10,1.788e-13,303952705736.0,0.5435,0x85...58da,https://etherscan.io/tx/0xd3921f3e3e37953dc6e5ac222bdfa5e5d4d41e1c303fc15c7ff6888d450947b1
2023-04-01 22:44:59,False,3.23e-10,1.775e-13,211100155836.0,0.3748,0xc4...0e46,https://etherscan.io/tx/0x23a2c04fb8be814d2afcd4582077506830c4a78a3d0c8a0bc3dd3fcfa1568e41
2023-04-01 22:35:35,False,3.25e-10,1.784e-13,200000000000.0,0.3568,0x0f...be19,https://etherscan.io/tx/0x1095e37e2187d0d62e9639b83c84976c8266cea4441ada58ef8176a2cfa0b123
2023-04-01 22:17:23,False,3.255e-10,1.791e-13,156641111874.0,0.2806,0x49...3941,https://etherscan.io/tx/0x5f10bca449a1a16ec3847eefb3d1aa61f65219b554e438aa59316ec81b3c129f
2023-04-01 21:38:35,True,3.273e-10,1.805e-13,532262498.0,9.61e-05,0x7f...6f40,https://etherscan.io/tx/0x069fdff36eafde714eb55949bbe37e034a03c6eef2f74ca268cc2507726a45bd
2023-04-01 21:36:35,True,3.262e-10,1.799e-13,286441532961.0,0.5154,0xbd...28b8,https://etherscan.io/tx/0x6cfdaf8baae479a667ba70b21b2b8d48bb97f7cb4605a700b87f142c9944dd8a
2023-04-01 21:34:11,False,3.235e-10,1.784e-13,100000000000.0,0.1784,0x42...2951,https://etherscan.io/tx/0xdf27528d10fd90f0c5b884e089127f8d68185bf9d517b48f659b9c75becc226a
2023-04-01 21:33:11,False,3.248e-10,1.792e-13,247908932785.0,0.4442,0x23...d0b2,https://etherscan.io/tx/0xb473787ba4b432e79221cd356697f97d8cdb0854b8156592f317d83b625057fe
2023-04-01 21:32:47,True,3.226e-10,1.779e-13,1374420261236.0,2.44586,0x9c...97bf,https://etherscan.io/tx/0x3e1ffec57ea9d7c5ea8bb1a927c4865c82a5556db13196cdcb28501045d25f80
2023-04-01 21:28:23,True,3.172e-10,1.75e-13,62844466894.0,0.11,0x8d...3b1e,https://etherscan.io/tx/0x76c7c62fc5b5bc0547687f1b32cd7f919b2bba2cf3fdbb372410919efd91dc4a
2023-04-01 21:25:35,True,3.168e-10,1.748e-13,29534599792.0,0.0516,0x07...56af,https://etherscan.io/tx/0x88de6547c3501c6abf7e8d09c9dbc688189963a3934a6a703264ef3bc2a601d9
2023-04-01 21:14:47,True,3.17e-10,1.747e-13,36000000000.0,0.0629,0x3a...8df8,https://etherscan.io/tx/0x6b1fa13dcc92630bb6b2708dce0ac42ea8cb5bc24cabee862444556c803f6de9
2023-04-01 21:14:11,False,3.161e-10,1.742e-13,313372004161.0,0.5459,0x4a...05ae,https://etherscan.io/tx/0x1facb422d6048b0f0afe2d7faf544042cf586ea26d5acdcf74e9c931a2429e99
2023-04-01 21:13:47,False,3.173e-10,1.749e-13,36000000000.0,0.0629,0x3a...8df8,https://etherscan.io/tx/0xfd1c225274c582f76a6a00aa250c16c88697e4974670a16ce6b0bf2cb2e3041e
2023-04-01 21:11:23,True,3.183e-10,1.754e-13,313372004161.0,0.5497,0x4a...05ae,https://etherscan.io/tx/0x2665411b29709521ff819d6b9ab880d3305eaf879b6b514cef63d0d9bff11328
2023-04-01 21:05:59,True,3.17e-10,1.747e-13,30255182054.0,0.0528,0x31...b1a2,https://etherscan.io/tx/0xf9681f26c4c618bd6f3b8baf19372338a48a83a4c1c59a9f09dcfebeec7db543
2023-04-01 20:59:35,False,3.151e-10,1.737e-13,60000000000.0,0.1042,0x01...0493,https://etherscan.io/tx/0x84ae4b3c6da9c5642cb714c346bfbab6afb673215045a2d8eeb270f6cd735c30
2023-04-01 20:59:23,True,3.171e-10,1.748e-13,31201480035.0,0.0545,0xdd...dd33,https://etherscan.io/tx/0x461852656397fd102be1aab149009fc34a38503e2f03557804d54f4f54518ef8
2023-04-01 20:58:35,False,3.158e-10,1.741e-13,200000000000.0,0.3482,0x42...2951,https://etherscan.io/tx/0x06dc97527120b14f9be90f8211c2b8664ec426d9e8c057269bdd9a45faa356a6
2023-04-01 20:57:47,True,3.17e-10,1.748e-13,387620051943.0,0.6775,0x91...af0e,https://etherscan.io/tx/0xce0d9b559ff40fd07ca9030789448e7f3dcb802076aaa3f9d303ecba2fed36a9
2023-04-01 20:56:47,False,3.14e-10,1.731e-13,64869868725.0,0.1123,0xa6...69fd,https://etherscan.io/tx/0x8f1399d2e087295426440364772c9bfd13c4a79b0f8a473d7b6ea377df8f729c
2023-04-01 20:49:47,False,3.184e-10,1.755e-13,1160369916996.0,2.03721,0x17...858d,https://etherscan.io/tx/0x847e82e581e1d729347e81cc37ff75fc26db2490889e99a44ffa2dbd2d4aeb81
2023-04-01 20:47:35,False,3.238e-10,1.785e-13,298380835799.0,0.5326,0x2e...f345,https://etherscan.io/tx/0xd88d09fb76fc4a6ef1ca9e17a34d095f8bd8319297f84769448dd3126edcebdc
2023-04-01 20:44:23,False,3.269e-10,1.802e-13,552557103331.0,0.9962,0x17...272e,https://etherscan.io/tx/0xdacda4d75be0c3848cb4de6d16792339bdbd249c70567c0fcb7ba0487aec40db
2023-04-01 20:40:23,False,3.299e-10,1.818e-13,200000000000.0,0.3637,0x42...2951,https://etherscan.io/tx/0x5a7645e36b9570ec78efd1cc194385c4afc56d7a3a12b8d80570f2715af21880
2023-04-01 20:26:59,False,3.315e-10,1.827e-13,203936756532.0,0.3726,0x00...aea4,https://etherscan.io/tx/0xa1d8f9208c282374b45fc7f0f142bb518359888e097a2e9106f78a9a956c889a
2023-04-01 20:22:47,False,3.323e-10,1.831e-13,3462366653.0,0.0063,0x1b...1c7e,https://etherscan.io/tx/0x30f6d0164c6a0e12c269dfde5ace0b40d99e81d5832f627a19a631f47d62c24e
2023-04-01 20:10:23,True,3.343e-10,1.84e-13,95329584934.0,0.1754,0xe5...22f8,https://etherscan.io/tx/0x0eac2d7a8d71cd40adc048f5d0920c271c35e95e113ef463d17848915ab22b4d
2023-04-01 19:54:11,False,3.358e-10,1.849e-13,1000000000000.0,1.84945,0xbd...1bfa,https://etherscan.io/tx/0x0ba0fa0fd1409825f68e35742398c53c7891c80d86cbaa528d13e2df31ea0afc
2023-04-01 19:47:11,True,3.418e-10,1.88e-13,78744704659.0,0.1481,0xe5...22f8,https://etherscan.io/tx/0x7a8fab1c08e4b8e9d75e97cec97edcb7216d0218cb1debd738345955a078bd79
2023-04-01 19:36:23,True,3.409e-10,1.875e-13,148715363373.0,0.2789,0xf1...9726,https://etherscan.io/tx/0x56d68fbb46e80b4fd1d516a066f9fd66eb197824bcce49274a5738dff46007d4
2023-04-01 19:12:59,True,3.401e-10,1.871e-13,26431572924.0,0.0494,0x07...b04e,https://etherscan.io/tx/0x045443e87bbf950d7bff2e7e6dc24d3e248d3a3ffb2654d4e469cc7f36a2bb84
2023-04-01 19:03:11,True,3.396e-10,1.871e-13,8792396390.0,0.0164,0x07...b04e,https://etherscan.io/tx/0x93a7f1088533495dec5aaed892924631856a3ee46485190346ad170076cc1c57
2023-04-01 18:42:23,False,3.396e-10,1.865e-13,261631333399.0,0.488,0x8f...f801,https://etherscan.io/tx/0x78cb9c5d87bcb052b1105fb9ef11e31b377d3d950ec669b975a236844e2b58a6
2023-04-01 18:40:47,True,3.427e-10,1.882e-13,2887133248.0,0.0054,0xc5...891f,https://etherscan.io/tx/0x77fc0a9fee3be61a89cc4134fafd98bcadc6ea5981dcc0189b3a712cff3f2c90
2023-04-01 18:20:47,True,3.447e-10,1.89e-13,1284481222988.0,2.42877,0xae...ae13,https://etherscan.io/tx/0x810d15386b1d6ba806219148b2cef794ec746ee060c20b23fc884164afc40e00
2023-04-01 18:20:47,False,3.463e-10,1.899e-13,1284481222988.0,2.44049,0xae...ae13,https://etherscan.io/tx/0x1acbf6e0f534fd6872428d781517f76e8c640b648d2882886a467538dbda8d41
2023-04-01 18:20:47,True,3.519e-10,1.93e-13,450113334015.0,0.8689,0xc5...891f,https://etherscan.io/tx/0xa9e122ab17c0e11977fd4759a6e93212b38eefc7893f0f13564dd037c92da3f2
2023-04-01 18:18:59,False,3.388e-10,1.858e-13,353477397075.0,0.657,0xc5...891f,https://etherscan.io/tx/0x453578fe8d5582748923bf6df76a645eec86a9b548c5ab660a8f079a0c5e8546
2023-04-01 17:47:47,False,3.401e-10,1.869e-13,114820720924.0,0.2146,0x76...7d5e,https://etherscan.io/tx/0xea9aa54cc613a4d855f86a5687d358fc072652a46202f7cc1395e401548e0686
2023-04-01 17:47:23,True,3.414e-10,1.876e-13,288998847948.0,0.5423,0x6e...f542,https://etherscan.io/tx/0x49e60bef82698276a1349c60d6aa63c3498e5c4dbf78bd9ef0a363c2c65ff505
2023-04-01 17:08:47,True,3.388e-10,1.863e-13,294815832231.0,0.5494,0x91...88b1,https://etherscan.io/tx/0x7759deccd4f7198b9f85b9a7ac650fcd51cff933ed5e1f6dcac8757ae492886a
2023-04-01 17:08:35,True,3.374e-10,1.856e-13,33937106884.0,0.063,0x25...50d0,https://etherscan.io/tx/0x236d44cf433c0d069a6e7a3d824c3595803178a6612529de53fa6007e0af54b6
2023-04-01 17:07:59,False,3.392e-10,1.866e-13,1000000000000.0,1.86647,0xbd...1bfa,https://etherscan.io/tx/0x2f107bcbce2aa0c38153ccb106a48cdeb8f571bd1b719c5ea01bed33faba6266
2023-04-01 17:07:35,True,3.431e-10,1.888e-13,529644387533.0,1.0,0x01...f48b,https://etherscan.io/tx/0x381d451ce846a8a8bd7f69bd42e65e294f8b3712160a26929bdec253b9e2a5ba
2023-04-01 17:05:11,True,3.397e-10,1.869e-13,310633570743.0,0.5806,0x77...65d1,https://etherscan.io/tx/0x321c9891a03e47729d5662f24e50513bb4b3907d41700e1bb9e67a7a40ec35ce
2023-04-01 17:05:11,False,3.395e-10,1.867e-13,750000000111.0,1.40089,0xbd...1bfa,https://etherscan.io/tx/0xf7366419decd378d4219096adee36c76b51bc04cd67b36534a5831ae0a575988
2023-04-01 17:05:11,False,3.438e-10,1.891e-13,310633570743.0,0.5875,0x77...65d1,https://etherscan.io/tx/0xecfc417087d3e90d0e2a525bee5cd9837dcbcbea140fe3f9f65636af824b1e8e
2023-04-01 17:04:59,True,3.459e-10,1.903e-13,288872940001.0,0.5498,0x91...88b1,https://etherscan.io/tx/0x979728f433f2a62edee91988dba7ba822d74d75a236a0a4aab98d686b91fbeff
2023-04-01 17:03:11,False,3.481e-10,1.915e-13,1300897185669.0,2.49123,0x9c...97bf,https://etherscan.io/tx/0x739af19383a4ee702c2ab9dd876d7cf3c5ab0415cc32726c03d98684cd518276
2023-04-01 17:02:23,True,3.545e-10,1.95e-13,281833414024.0,0.5496,0x91...88b1,https://etherscan.io/tx/0x11604bded5f11b6206f0cec27ba3f7f6ab7feb87a2aea3c4ca2ebdc8c6426294
2023-04-01 16:51:59,False,3.512e-10,1.932e-13,12727867516.0,0.0245,0xf7...9e1e,https://etherscan.io/tx/0x95d2827b2fde093d256ae26bc6e29e9aba618e853fe1fafa073dcb7f2d2b45a0
2023-04-01 16:51:11,False,3.519e-10,1.936e-13,155377956564.0,0.3008,0x76...7d5e,https://etherscan.io/tx/0xc82c84ae2f3d0f8be0617fc38b557a686168a19f2ae09d556bedad04097d1fc1
2023-04-01 16:51:11,False,3.535e-10,1.944e-13,212763472810.0,0.4137,0x76...7d5e,https://etherscan.io/tx/0xc82c84ae2f3d0f8be0617fc38b557a686168a19f2ae09d556bedad04097d1fc1
2023-04-01 16:51:11,True,3.521e-10,1.937e-13,1029325395941.0,1.994,0x3e...5656,https://etherscan.io/tx/0xa29c09f8d217d3a51989c169f0a7d9cac0596f76b6ce4f5acc019b7ca1019790
2023-04-01 16:51:11,True,3.469e-10,1.908e-13,212763494087.0,0.406,0x76...7d5e,https://etherscan.io/tx/0xb6286dfebfb4dcb03e107b22881c1c71279e13f6cb42b6a9e7b01dd9f5dd900a
2023-04-01 16:32:35,False,3.465e-10,1.903e-13,500000000000.0,0.9518,0xfa...c485,https://etherscan.io/tx/0xfecd09782c969bbb57f0dd13359151f36ab4c73e69503d5160bdd723a766f124
2023-04-01 16:27:59,False,3.487e-10,1.916e-13,52365589588.0,0.1003,0x7a...ad2d,https://etherscan.io/tx/0x5aae439b94bddb1681192a24cdcd55c93c509d6bfeecd31e486fa3fa4e99f095
2023-04-01 16:24:11,True,3.491e-10,1.917e-13,500000000000.0,0.9587,0x09...a672,https://etherscan.io/tx/0x5b0eafa32ce614063f6bc42bf9edfc3504408cf3f7ecb55d77cfc6ff22e2e2c6
2023-04-01 16:22:59,True,3.456e-10,1.899e-13,292206130525.0,0.555,0x96...eccb,https://etherscan.io/tx/0x288dd1d2dac62e7e8d7bc1045d2123cc131ee78e518e14d9f8fbb9135e1cbb4d
2023-04-01 16:17:35,True,3.4e-10,1.863e-13,1300897185669.0,2.42469,0x9c...97bf,https://etherscan.io/tx/0xa240e74d3696905b621e233ba52b4f2d83c0b1ad6a2dfb2710f1c352b17607e0
2023-04-01 16:14:47,False,3.335e-10,1.828e-13,164112926337.0,0.3,0xbc...7b00,https://etherscan.io/tx/0xc6ab1329ea9cbf6434b27face7ee831125e619f28121e343bfbab0f15c84fe70
2023-04-01 16:13:59,False,3.351e-10,1.836e-13,254161357829.0,0.4668,0xae...ae13,https://etherscan.io/tx/0x75d8fa7c5c1227706d20af60c472b6bed8d16fa4ea807a7de0a7c0e363c17781
2023-04-01 16:13:59,True,3.358e-10,1.84e-13,597633083711.0,1.1,0xda...8a36,https://etherscan.io/tx/0x51a67c3f00a284f53b4fbe6eb30d755a535d9ad3b4b33ce7c5047a744bb1a1b5
2023-04-01 16:13:59,True,3.325e-10,1.822e-13,254161357829.0,0.4631,0xae...ae13,https://etherscan.io/tx/0x60009fd4861a53caf71d241833732f07fcd949268a74b303026146455384c294
2023-04-01 16:13:59,False,3.296e-10,1.806e-13,39969289280.0,0.0722,0x78...7f6b,https://etherscan.io/tx/0x0949e33a6a46cfcdae3dc9efd71c9bbeee241524fb3a719c905629b88a4530f0
2023-04-01 16:13:23,True,3.294e-10,1.805e-13,609154936484.0,1.1,0xda...8a36,https://etherscan.io/tx/0x6760079b6020dfdd43c73fe00e3b2b946ed0fa7ee1ab1f9c34ae7ce5aef42e20
2023-04-01 15:39:11,True,3.266e-10,1.789e-13,156641111874.0,0.2803,0x49...3941,https://etherscan.io/tx/0xdeaedd0670c63f6f3eb6eba6cda1c15ef1fb198bf0c6defbf8c9837906145fe4
2023-04-01 15:38:59,False,3.244e-10,1.777e-13,100000000000.0,0.1777,0x08...b565,https://etherscan.io/tx/0xada49459d0b5953ce891add24fd2d675628bdc5cd8c087e2768200ecb8875e7e
2023-04-01 14:48:47,False,3.248e-10,1.78e-13,13683075222.0,0.0243,0xfd...d258,https://etherscan.io/tx/0xa5e5a233f2405fde02f4462c4aebe10a532584a7ff852ce8efbbef136944f502
2023-04-01 13:47:59,False,3.254e-10,1.782e-13,73985010723.0,0.1318,0x64...8164,https://etherscan.io/tx/0x80dca2cfdb8087f34d387f61403cb228ea84b0d84cfd2f09610ac8520560dd8e
2023-04-01 13:43:35,True,3.274e-10,1.792e-13,90000000000.0,0.1613,0xfc...1836,https://etherscan.io/tx/0x74cc36cfdc4d0c1778a79445d31f1465fdd57708f1a523e0e168d89776d3a629
2023-04-01 13:39:11,True,3.268e-10,1.789e-13,45403518511.0,0.0812,0x85...dd01,https://etherscan.io/tx/0x27bee4d3222096ff77f5d477ac0df025382de42490abe3176b26685856268f4e
2023-04-01 12:26:59,True,3.259e-10,1.787e-13,54860993118.0,0.098,0x01...685d,https://etherscan.io/tx/0xfa4479ad1262c748d377b430c8f1c5b833d241e4977a7ad3d609244f5f1c870b
2023-04-01 12:08:59,True,3.254e-10,1.784e-13,101353075088.0,0.1808,0x28...de7f,https://etherscan.io/tx/0xf05d34e642eb028260e5bf5d3ee697461e411af9680b2698e69d45bfcffc6578
2023-04-01 12:06:47,False,3.233e-10,1.771e-13,18623360310.0,0.033,0xad...9470,https://etherscan.io/tx/0xd4bc0a1eb66fcf5d68936d9467e13ef47d0fc84d017ba77eef85e539de6c57e0
2023-04-01 11:57:23,False,3.235e-10,1.773e-13,36133672124.0,0.064,0x42...a9d3,https://etherscan.io/tx/0xa5d52608a62ca50b1c353f9838512243df61ddd408419a895530695943b5a90f
2023-04-01 11:50:23,True,3.259e-10,1.784e-13,19734476893.0,0.0352,0xd1...db93,https://etherscan.io/tx/0xa9a824348af9789c7f2f47228933894c69581f2aeb6fa4a6b77e77a4c232534b
2023-04-01 11:45:47,False,3.255e-10,1.781e-13,425616267356.0,0.7583,0x06...a8e7,https://etherscan.io/tx/0x5ee80e54a5ac1c4b2e0394e70082c5c2e888e6bfcd45bef9436da7a01a84cc1c
2023-04-01 11:38:59,False,3.273e-10,1.792e-13,75279347500.0,0.1349,0xe0...ef23,https://etherscan.io/tx/0x29d9804d7f84b45928d5fd8191b7dadb4cf0264a8e7cf9061e19b9046d551a72
2023-04-01 11:24:11,True,3.29e-10,1.801e-13,138769529457.0,0.25,0x17...858d,https://etherscan.io/tx/0x4caef090994813ee6bff1fe53ab783c04afefcf19b75828a6f42e10e13b6aebd
2023-04-01 11:16:59,False,3.267e-10,1.79e-13,108554039686.0,0.1943,0x05...5212,https://etherscan.io/tx/0xd241cacb538429b2348f2a36bc72c57eb5fe84b35f8af316b556d67e67a8427f
2023-04-01 11:10:59,False,3.272e-10,1.792e-13,30000000000.0,0.0537,0xe4...b12c,https://etherscan.io/tx/0x34ecf6951e8934de380feeaf5c546ded0715aec69444a2c0c8a1eb0944bb18fc
2023-04-01 11:09:35,False,3.299e-10,1.808e-13,694255523494.0,1.25534,0xa3...2b40,https://etherscan.io/tx/0x4a7b542dfb68b65c792316827342e4ee1f9a6e24147a9407580a7510b4ea903e
2023-04-01 10:51:59,False,3.332e-10,1.825e-13,104533246763.0,0.1907,0xcb...6bb9,https://etherscan.io/tx/0x36ffd90bd8af3f42b2c2a66bfce726cbad2e60f832e0d623cf8f1dab255dd182
2023-04-01 10:44:47,True,3.336e-10,1.826e-13,547481758362.0,1.0,0x17...858d,https://etherscan.io/tx/0x947ed725c812637e16e6383b7b0eaf5c47c90375919372e58d0ca94cdc49c0ed
2023-04-01 10:38:23,True,3.311e-10,1.812e-13,100397857115.0,0.182,0x9f...98f1,https://etherscan.io/tx/0xa3575ff70a9e12e199433a0983d57a5a02c7c29d3842ec8c4253672d2c257427
2023-04-01 10:36:59,True,3.291e-10,1.801e-13,416219995755.0,0.75,0x17...858d,https://etherscan.io/tx/0x016f73b405813ca14ea4ac5a5415ac1392bf51a9a49aab352105f7b5d6b52edb
2023-04-01 10:35:11,True,3.268e-10,1.789e-13,195618251778.0,0.35,0x82...ebd2,https://etherscan.io/tx/0xdec0c8c62b5ba320bb32eb254432dcc0504b21f2ef0e7828fb09172e3a34b5dd
2023-04-01 10:30:47,True,3.24e-10,1.773e-13,563828738535.0,1.0,0x17...858d,https://etherscan.io/tx/0x230ff48d0d20d6c5ac86fa0a04ab65cddfb12f49370724f5e5e431d801907e01
2023-04-01 10:23:23,True,3.203e-10,1.758e-13,186370637032.0,0.3277,0xca...21ca,https://etherscan.io/tx/0xd8c4513c945a7b4315ed62283f95f0270f651847ec1b087608fbf2430f227c94
2023-04-01 10:16:47,True,3.16e-10,1.732e-13,1096485494547.0,1.9,0x17...858d,https://etherscan.io/tx/0xdd9e3a501aada48413d06c94b844f71c15b146b973659bf80a86ed463e5e3d58
2023-04-01 10:10:47,False,3.103e-10,1.701e-13,47003649801.0,0.08,0x66...5ff3,https://etherscan.io/tx/0x5d12f4f0de0b6faa3153ab6875193daccf0bd638162c5ff4bd624dbb1563f885
2023-04-01 10:08:47,True,3.122e-10,1.711e-13,63692941207.0,0.109,0x18...0902,https://etherscan.io/tx/0x635441a8fdeb17318d51becffdbbbd0f0bcef6f820cb2c8728f648a5ae4a8003
2023-04-01 09:52:59,False,3.155e-10,1.729e-13,1477665295797.0,2.55534,0x51...f2cb,https://etherscan.io/tx/0x08d7ec3deeb19d67299cbf9aaa538293738e954b7997ab53f764b1bd09ebecda
2023-04-01 09:52:59,False,3.284e-10,1.8e-13,2008830466922.0,3.61611,0x81...b311,https://etherscan.io/tx/0x3d795f31a3e5ad54d9ebc371607f89b2ee769bd75d7e5ea11cf8e8ddbc9c7371
2023-04-01 09:38:35,False,3.366e-10,1.845e-13,130722327958.0,0.2412,0x76...7d5e,https://etherscan.io/tx/0xf715125a0471b6402dd9ab294c02079ef6790fc08fcfffd5e809b286fb78cbc1
2023-04-01 09:38:35,True,3.326e-10,1.823e-13,1669752225575.0,3.04454,0x05...39c8,https://etherscan.io/tx/0xde5d737db93f6d57d28ddb72d3ffef5b43d795c9606398c76e9024d2bd21b6b2
2023-04-01 09:38:35,True,3.257e-10,1.785e-13,130722341031.0,0.2334,0x76...7d5e,https://etherscan.io/tx/0xc28dd58c3cff02eaeb974dd62b63f9ccb00277202b639e57cac5286775ecb727
2023-04-01 09:36:59,True,3.177e-10,1.742e-13,2008830466922.0,3.5,0x81...b311,https://etherscan.io/tx/0x108278a2339616322687d4667566a815363c1c585daa10c4653d36462dd3ca5f
2023-04-01 09:28:23,True,3.102e-10,1.701e-13,51093943640.0,0.0869,0xc5...5aeb,https://etherscan.io/tx/0x0ae39c50e9b77e0afa1d32bfb54e3a9faf0bb12d4664c6f8efd0ccbf323b3a12
2023-04-01 09:23:59,True,3.094e-10,1.699e-13,58831562779.0,0.1,0x0b...3331,https://etherscan.io/tx/0x37a687acf92b8adb60eda218ae12eadc3a075db83f24feae11a7ff41843a2e7d
2023-04-01 09:22:47,True,3.09e-10,1.697e-13,35027106282.0,0.0594,0x18...0902,https://etherscan.io/tx/0xd592d240d921cabfe2d48263be28c29397ce594b4df52e2396f044c8153e0416
2023-04-01 08:17:47,True,3.092e-10,1.695e-13,104533246763.0,0.1772,0xcb...6bb9,https://etherscan.io/tx/0xe37bfc024d8a2bdef9a1ea65b0c9cba81dc1824f461b32e9bdfe6c5196c12e59
2023-04-01 08:05:47,True,3.084e-10,1.69e-13,147885987757.0,0.25,0x29...3572,https://etherscan.io/tx/0x2b55bdef71601e2313de6fc7a0e50e312495bdc590e80e9cc9a5f4506962539d
2023-04-01 08:03:47,True,3.076e-10,1.685e-13,95752287075.0,0.1614,0xcf...8cc6,https://etherscan.io/tx/0x7e0beb6d8b1bab555085f41d41553caeff52a927ebe371ffbbead30fc2b990b3
2023-04-01 08:01:35,False,3.06e-10,1.677e-13,174508092859.0,0.2926,0x76...7d5e,https://etherscan.io/tx/0x76dfb6d984fb53afabcd0b1ff7e7459de50b1b7c5ea9eedca8e87002f2819d9f
2023-04-01 08:00:11,False,3.07e-10,1.682e-13,121496123840.0,0.2044,0x92...1733,https://etherscan.io/tx/0xf3d57fa777dd9948c1250b215a5103a3eb316d791be9be6dfd1c890bf04283c0
2023-04-01 07:30:47,False,3.073e-10,1.687e-13,102348420419.0,0.1726,0x18...0902,https://etherscan.io/tx/0xbe8a7a0111217afce92ac7e534d9b79fb8e06ce48f0e60dabe9b206846f85b6a
2023-04-01 07:30:23,False,3.079e-10,1.69e-13,66000000000.0,0.1115,0x8a...4bcf,https://etherscan.io/tx/0x782d6454b2b02cdf2ab1214abefc9972216aefadd5664f58e03d9974278a4df7
2023-04-01 07:17:47,True,3.1e-10,1.699e-13,128439845159.0,0.2182,0x8c...42e1,https://etherscan.io/tx/0x69f6ecf8b173a06bd1a868750057bc4f41d92096bccafcfa29994204c9393044
2023-04-01 07:13:47,True,3.096e-10,1.696e-13,6386701388.0,0.0108,0x2c...1b54,https://etherscan.io/tx/0x446e7a325ab0c296de80e0e1f0a957212fb5d53e25e589415093629f1bfa8ff8
2023-04-01 07:11:11,True,3.095e-10,1.695e-13,44436032837.0,0.0753,0xf1...9726,https://etherscan.io/tx/0x8f9a7017c9b6845101c19744ec41515795d2bb69cd4523208ba2d263fc1ad6e5
2023-04-01 07:10:23,False,3.092e-10,1.694e-13,500000000000.0,0.8471,0x06...fe96,https://etherscan.io/tx/0xb6c894a01b0738cb9a042c175307c0e1f9b1281d7c7bf45ec040933367b3a121
2023-04-01 06:26:11,False,3.114e-10,1.706e-13,163655620161.0,0.2793,0x49...3941,https://etherscan.io/tx/0xdf1659a4d24137158dfca4f5c47fefded7bf6e8bd4e9f012cb372ddd976a4128
2023-04-01 06:24:23,False,3.178e-10,1.741e-13,1604879965504.0,2.79528,0xff...d5f7,https://etherscan.io/tx/0xf576671b01722ca81fe3fbaa7a706e92c26e67d86cc91eebad73cc85a40bb0f0
2023-04-01 06:10:47,False,3.272e-10,1.791e-13,869591932052.0,1.5582,0x49...2ccf,https://etherscan.io/tx/0x687313db4cb6c17132facf68cc7281cafcea0c2aa1d391a642f2eafee56a8939
2023-04-01 06:10:35,False,3.32e-10,1.817e-13,377717099479.0,0.6866,0xae...ae13,https://etherscan.io/tx/0x530a6253227bb87960f3b961a0e74c2b0c917041116bf7b085559e7f36190775
2023-04-01 06:10:35,True,3.313e-10,1.814e-13,1061382276702.0,1.92577,0x3f...7810,https://etherscan.io/tx/0x02da7a515261d019788d2707c14bb30db095e5408a14b2dbe91797517902c684
2023-04-01 06:10:35,True,3.258e-10,1.784e-13,377717099479.0,0.6739,0xae...ae13,https://etherscan.io/tx/0xa033daa3bfadf299156597746d7fd84b31b3f0a2fa8f98aeaa6ed9a0bf3a3e7e
2023-04-01 06:10:23,True,3.242e-10,1.775e-13,60000825568.0,0.1065,0xf1...9726,https://etherscan.io/tx/0x50be4cb703daa373ffccd7de76e60c453cdc03aa0790b455c2a6c1babd15a79e
2023-04-01 06:09:35,True,3.238e-10,1.773e-13,10702829634.0,0.0189,0x2c...1b54,https://etherscan.io/tx/0xb26c79712d96da1adb57cab49ff1118ae8bf0b0095c628867e1b11e97decbded
2023-04-01 05:50:59,True,3.234e-10,1.771e-13,113074835502.0,0.2002,0x7d...bc37,https://etherscan.io/tx/0xf2a6783487f220acc4872429e2080eb93d6c3551c7cc17b91441ea8989416871
2023-04-01 05:44:23,False,3.212e-10,1.76e-13,100837947918.0,0.1775,0xd8...976b,https://etherscan.io/tx/0xa3289d82ae5e9cf57c34acbb4338b7b25a2f803e93f71b09c172827ddadc9551
2023-04-01 05:23:23,False,3.224e-10,1.764e-13,112789282072.0,0.199,0xed...75df,https://etherscan.io/tx/0x499e999dce72360c19aa11d6dd18eb72f71dab8b6795abe009d62635acd1e6bd
2023-04-01 03:48:23,True,3.244e-10,1.776e-13,54201942599.0,0.0963,0xf1...9726,https://etherscan.io/tx/0xcf086ecad7a8084e5fc250c7117ae5f056681e53aaaae0f10272cb5410f74a4c
2023-04-01 03:32:47,True,3.239e-10,1.773e-13,112789282072.0,0.2,0xed...75df,https://etherscan.io/tx/0x2e4264a1303d053adb96fadc6620f3bd7d77cf837e2278f139e1ec317ca0ec14
2023-04-01 03:26:23,True,3.232e-10,1.77e-13,11196196761.0,0.0198,0x95...8f35,https://etherscan.io/tx/0xfb5e3e79973dc0431ed82c1c66af9812c370e32eff90f1f7af7143b20eb37b13
2023-04-01 02:25:35,False,3.218e-10,1.763e-13,200000000000.0,0.3527,0xa1...ae03,https://etherscan.io/tx/0x494bb1030dcfdd6e8e8278f8b9a55fbce54546fb5b9cf3b5fcd92fbac91af36f
2023-04-01 02:02:35,True,3.24e-10,1.778e-13,10500000000.0,0.0186,0xfb...d045,https://etherscan.io/tx/0xe521a9b0841b62f97770747a2b0d413c9043c66e89d36449768fd9919a43ea2c
2023-04-01 02:00:11,True,3.234e-10,1.774e-13,163655620161.0,0.2904,0x49...3941,https://etherscan.io/tx/0x5686d05ccdee0e6aa50801f5c62298ff028c73ab151e7ae1bb7ce2de9545f10b
2023-04-01 01:46:35,False,3.214e-10,1.763e-13,113305064674.0,0.1997,0xaf...4f09,https://etherscan.io/tx/0x3ded5496cfae9e806a286a16770bb340ba42159ffe56c43e0c545e4ecaae12a3
2023-04-01 01:30:23,True,3.24e-10,1.775e-13,22526992271.0,0.04,0xe3...1def,https://etherscan.io/tx/0xcf06f0c02f14595420f8ab7decbbe12370d067b5a69a198a9eb2c5f63402854d
2023-04-01 01:03:59,False,3.223e-10,1.765e-13,55602727766.0,0.0981,0x05...904e,https://etherscan.io/tx/0x98cbcbc584489c410937d1814da4b429079e089ccc5b1ddca37c4860e506ff6f
2023-04-01 01:01:47,True,3.243e-10,1.776e-13,38174204334.0,0.0678,0x2c...6451,https://etherscan.io/tx/0x42e3827a3c648cc2cb440c87e2890ababfa4538f80491e65b9eea9a144d03aab
2023-04-01 00:56:11,False,3.226e-10,1.765e-13,27000000000.0,0.0476,0x96...2d3c,https://etherscan.io/tx/0x3be67f99cf20247158c50d4f101231170a22798a741137599356a1a49e7590a2
2023-04-01 00:36:35,True,3.245e-10,1.776e-13,21202473586.0,0.0376,0x13...7921,https://etherscan.io/tx/0x4d547b54ddcdfb75d2314ffc590d45b0beab07b2115f0dc9ebd848aa78accb63
2023-04-01 00:14:23,True,3.24e-10,1.775e-13,42381448987.0,0.0752,0x3a...c88c,https://etherscan.io/tx/0x7d3c61b878b4a9f24ee0d79157bb5b03800eb97773ca99625c3fdba6d94b675b
2023-04-01 00:00:35,False,3.22e-10,1.765e-13,70000000000.0,0.1235,0xcb...6bb9,https://etherscan.io/tx/0xf14972f62bfd7ef37308e1b5c05b24afbdd6f324283f04bf0cae5d82951b21e0
2023-03-31 23:54:59,False,3.232e-10,1.771e-13,264114488314.0,0.468,0x13...2416,https://etherscan.io/tx/0xb53c9ef858aa7e8afd77ce9e033b79d2020ae376443646f22ce0293d3c9da697
2023-03-31 23:25:11,False,3.238e-10,1.779e-13,93000000000.0,0.1654,0x31...4d37,https://etherscan.io/tx/0xcf67f6a561efbbdbdfc04aef88c7cd23e8e5e75a085272135ff27e2a9303480d
2023-03-31 23:02:35,True,3.239e-10,1.781e-13,500000000000.0,0.8908,0xfa...c485,https://etherscan.io/tx/0xefdb66ae9b34b346d5da2f775d1420ffe0e493c64dfc3b53dcb56cabd6341c28
2023-03-31 22:53:23,False,3.21e-10,1.762e-13,84123166903.0,0.1482,0x98...1154,https://etherscan.io/tx/0xd70bc955bddc8274c709e78bafe1749f6f0ba96b566741c74fa3a167cea40606
2023-03-31 22:33:23,False,3.218e-10,1.767e-13,141479968881.0,0.25,0xbe...fd43,https://etherscan.io/tx/0xce2c7d5c38956bb1c44be4c1fbe6281c94b8770925714925f3b76cc00ea2343c
2023-03-31 22:15:11,True,3.239e-10,1.774e-13,315652881893.0,0.56,0x2b...02fe,https://etherscan.io/tx/0x159440f0c43ea9207a7fe15be06e5764acbef9c831358921f14f34a812a33db7
2023-03-31 22:13:47,False,3.208e-10,1.757e-13,22625256373.0,0.0397,0x3c...7f23,https://etherscan.io/tx/0x7c159bc6b9469e282137d109c8ffdf7cd249e20e0b489e7db89126f5b7b81059
2023-03-31 22:10:35,True,3.169e-10,1.736e-13,1604879965504.0,2.78684,0xff...d5f7,https://etherscan.io/tx/0xfd39237d372c2a2cac5b80905b1e0d76b5ebb5d829e24c2b72017f063fab5d63
2023-03-31 22:10:35,False,3.215e-10,1.761e-13,3352007580374.0,5.90431,0x6d...e5a1,https://etherscan.io/tx/0xb3cf267d81a1a762b1265012d4014eb990b534e816b4e24ea9948e7d9808b13c
2023-03-31 21:26:35,True,3.354e-10,1.839e-13,90589967291.0,0.1666,0x79...f552,https://etherscan.io/tx/0x056f51577c8c259f7d55c4ca88c9a66a158dc39fb70baf1661a0c8187163b599
2023-03-31 21:15:11,True,3.349e-10,1.837e-13,4131857481.0,0.0075,0xd1...d6f4,https://etherscan.io/tx/0x09a52fba84634bb00b773b94bb2003d4f48d995e195196b54a1c8e94685b49ee
2023-03-31 20:49:35,False,3.333e-10,1.826e-13,6365048998.0,0.0116,0xff...975c,https://etherscan.io/tx/0x5f7915405b920f667a428d854b7644c58ecaaf660cf5de0ce77a400028214044
2023-03-31 20:12:35,False,3.334e-10,1.827e-13,28665181299.0,0.0523,0xad...f558,https://etherscan.io/tx/0x6136a727125723c423f970abbc4d9490960ea3af5fa18b3c2bfb13d4fcd24adc
2023-03-31 19:46:47,False,3.377e-10,1.85e-13,1043359896013.0,1.93072,0x3f...7810,https://etherscan.io/tx/0xb6cc7ecbf981f4f9a2f4fe971509887e21a4179d3ab7463cb5ec53b82be2b290
2023-03-31 19:44:23,False,3.435e-10,1.881e-13,375000000000.0,0.7056,0x6f...4963,https://etherscan.io/tx/0x3aa7c3746ea97d11b20a6ba94f272eea71943fa8a2e1118c92984b5bf98e8973
2023-03-31 19:43:23,False,3.455e-10,1.891e-13,50000000000.0,0.0945,0xb0...629d,https://etherscan.io/tx/0x71c42f93838ebaf6ef288f3ad318b3fffd928047446f27d48eef536c8081bc10
2023-03-31 19:34:35,False,3.582e-10,1.959e-13,2865175315632.0,5.61353,0xae...ae13,https://etherscan.io/tx/0x734658f06c90cb49e535bc297eac569c9b65a80636150851823762ef24f5a2ae
2023-03-31 19:34:35,True,3.66e-10,2.001e-13,1554969406524.0,3.11303,0x51...f2cb,https://etherscan.io/tx/0x755468c6761909ab54501adffb9e9c53b8ab4e634af4f0b2dbd6ac180b355744
2023-03-31 19:34:35,True,3.471e-10,1.898e-13,2865175315632.0,5.43878,0xae...ae13,https://etherscan.io/tx/0x46ab2b0aeca049f5f39e7116fd8bea9a04ecf4e70427a5846e0b1031aed90ce1
2023-03-31 19:19:59,True,3.351e-10,1.833e-13,58016664170.0,0.1063,0x74...14ba,https://etherscan.io/tx/0x5ce205d76ba1fcfc9f6ee0e827be38a788cf9dc4b3cf566e12d99ae41f84674c
2023-03-31 19:13:47,True,3.351e-10,1.831e-13,36681362828.0,0.0671,0xee...3b77,https://etherscan.io/tx/0x2c8c11a83673d95b16d0e04f7d2fd30a46ef798fc1d108ca817102d0885fe35b
2023-03-31 18:49:35,False,3.33e-10,1.821e-13,113895972207.0,0.2075,0xd2...1b09,https://etherscan.io/tx/0x5c7c9d9268dbcd915b8562108f974f6833b6bd550960e30232c21cdcbd3387b6
2023-03-31 18:06:11,False,3.361e-10,1.833e-13,409592343912.0,0.7508,0x80...e1cd,https://etherscan.io/tx/0x22f34861ab8ac9fbaba181f12d29def3f3e76b815d0b830921214fa125af0c8c
2023-03-31 18:03:11,False,3.382e-10,1.846e-13,215697723503.0,0.3983,0xe6...c297,https://etherscan.io/tx/0xe80e731d96652bafb9ebc327b3d03c8291ce6c5462e5addfbea3df85d95a312c
2023-03-31 18:01:35,True,3.395e-10,1.856e-13,292890818319.0,0.5436,0xc5...d515,https://etherscan.io/tx/0x29973b442e68484cc786de70c42a647453a9fe4e15e04ecd6d2891059658af54
2023-03-31 18:00:23,True,3.383e-10,1.849e-13,6431245360.0,0.0119,0x36...615c,https://etherscan.io/tx/0x385abe0ddb5005bba0a5652e0a9001059667d525ad7853da84869970f4cdb4f8
2023-03-31 17:59:35,False,3.386e-10,1.85e-13,575818173748.0,1.06576,0xfa...c485,https://etherscan.io/tx/0x8e155fa6092fc2e405d50d4531bf986966e2fc06c3d2caa308b738682e9310d3
2023-03-31 17:53:11,True,3.387e-10,1.851e-13,1031986483958.0,1.91123,0x06...fe96,https://etherscan.io/tx/0xbf28cb6837b7e6370299e4d679d431e9c6d16fb1d0a7c8c7e2865232e2ecf85f
2023-03-31 17:32:59,True,3.333e-10,1.822e-13,335562747409.0,0.6115,0x9d...15dc,https://etherscan.io/tx/0xd760645ae86af677e662f46162d1f61235a98783a627b49596233f1a61b72397
2023-03-31 17:31:59,True,3.316e-10,1.812e-13,149881982804.0,0.2716,0xfe...a2b2,https://etherscan.io/tx/0x61f9a0254944c4578efd4af587eb5d3b3055b12ab1dcd77d29babd70fe5c3c48
2023-03-31 17:30:47,True,3.305e-10,1.805e-13,150412107653.0,0.2716,0xfe...a2b2,https://etherscan.io/tx/0x004543e2303444e568f346c259e1ec79085c0fe119b992fec8eb35bebe1fc154
2023-03-31 17:30:11,True,3.293e-10,1.799e-13,150945051410.0,0.2716,0xfe...a2b2,https://etherscan.io/tx/0xb98b62446a172a84eb1fae54904bc6181eaa6b99277a18042d44827b4f041ee5
2023-03-31 17:29:59,True,3.282e-10,1.793e-13,151469866586.0,0.2716,0xfe...a2b2,https://etherscan.io/tx/0xa04a2d71c59b3609fa44da4476bc0bcef5962e207658ca3c077952f126a7df91
2023-03-31 17:29:35,True,3.27e-10,1.786e-13,152008430551.0,0.2716,0xfe...a2b2,https://etherscan.io/tx/0x333e7ef059fe21c8f80f3350d859bde3df192a9eae16517a6d1827b805f52696
2023-03-31 17:29:11,True,3.259e-10,1.78e-13,152549873416.0,0.2716,0xfe...a2b2,https://etherscan.io/tx/0x13d480f92db673ea17f96fae402f51cea7a48e7da417bb74b086cbfdddc12363
2023-03-31 17:28:59,True,3.247e-10,1.774e-13,153099112487.0,0.2716,0xfe...a2b2,https://etherscan.io/tx/0x050464c39f15254eb2ae83a41bc7d6486a53f2a73b1952562b1c54f2f994f3d1
2023-03-31 17:07:59,False,3.242e-10,1.761e-13,53000000000.0,0.0933,0x89...cca5,https://etherscan.io/tx/0xb2c832ec9053c9ec0ceaf28c47727d412423592a11343a57f69d12910ec5bd54
2023-03-31 16:50:11,True,3.253e-10,1.767e-13,282856597048.0,0.5,0x89...6ccd,https://etherscan.io/tx/0x3dc369caac092b597eb45e5a8ab9fda0cad302b7c1297fd10b81ff5a7aa76868
2023-03-31 16:45:59,False,3.231e-10,1.752e-13,45654100404.0,0.08,0x66...5ff3,https://etherscan.io/tx/0x5a60d1ca48ab7a14e3d76c2adb3e11e6f535204859f75a6045e49920f86fb615
2023-03-31 16:39:35,False,3.24e-10,1.759e-13,325000000000.0,0.5719,0x6f...4963,https://etherscan.io/tx/0xcebd8609f0918267c19c304b7c2a9331be1c8a859b239225c439598583414242
2023-03-31 16:09:11,True,3.234e-10,1.767e-13,480992457112.0,0.85,0xa7...3c7b,https://etherscan.io/tx/0xf6b8a9f28b5781e1a4f4834178c652e32e6ccf152ad1bbd3cc892283b2dae02c
2023-03-31 15:44:11,True,3.203e-10,1.75e-13,342523330651.0,0.5996,0x3e...8c66,https://etherscan.io/tx/0xa82315ad5b8385cbda7638ed4296836dff86b2dbd08ef6317a88e866c8317f26
2023-03-31 15:36:59,True,3.201e-10,1.742e-13,46730664698.0,0.0814,0x61...7feb,https://etherscan.io/tx/0xc318cbe7a433cc021ee2334d1e5eb8a6ab4d35ee1d0dbac1d07e9b3fbb924805
2023-03-31 14:51:59,True,3.133e-10,1.735e-13,318958862160.0,0.5535,0x00...e728,https://etherscan.io/tx/0xfdd944d8e516042cde3cc4929014b5d4968b9d2657f8a48d927be0a5f25a21ec
2023-03-31 14:36:11,False,3.105e-10,1.719e-13,44216826252.0,0.076,0xfa...c485,https://etherscan.io/tx/0xf31e8cf1e07324133b8e0703ff20a6dc9f2449421a13a23e528789f834a2bd18
2023-03-31 14:34:35,False,3.104e-10,1.721e-13,52383275149.0,0.0901,0x52...c343,https://etherscan.io/tx/0xf9e564d09a1e664b8d0c0df256d1204d40c3a4dd43477c73fc1d1d629baf10e6
2023-03-31 13:54:59,True,3.104e-10,1.731e-13,102348420419.0,0.1771,0x18...0902,https://etherscan.io/tx/0x5d17788f9e105ebcc2cb8beb2b55d96ab2eed646a88de93ba728c3132e729735
2023-03-31 13:48:23,True,3.101e-10,1.728e-13,14217443771.0,0.0245,0x2c...6451,https://etherscan.io/tx/0x6439f0b75d14c9c4d5edd7d5d9369a78e3cff714ed025a7c48907faf60978910
2023-03-31 13:46:59,False,3.097e-10,1.726e-13,419009191865.0,0.7233,0xca...0bbf,https://etherscan.io/tx/0x04c3a01a9e9c607d06bbbaf23394da22060bee8822db4c413e368369c21b32f1
2023-03-31 13:40:35,True,3.119e-10,1.739e-13,250000000000.0,0.435,0x09...a672,https://etherscan.io/tx/0xf9a07102eeb64294deba44355e292193f4378871905d789d975b0dd0a77bafc7
2023-03-31 13:07:47,True,3.107e-10,1.733e-13,89339381249.0,0.1548,0x07...56af,https://etherscan.io/tx/0x8ba85e71877d7a6e2fde1a726d59c7fca15e7176cd6f15f7a4c83fe83415cb53
2023-03-31 12:45:47,True,3.097e-10,1.725e-13,318795049457.0,0.55,0x5e...4e78,https://etherscan.io/tx/0x22ad3d477e0efbf53a649a8528058ae81a77bdbf766ec832137dc871cb5810eb
2023-03-31 12:40:59,False,3.072e-10,1.709e-13,47403743335.0,0.081,0xf7...9eb4,https://etherscan.io/tx/0xe2fdd34cce58aa4c4771755345ca0f9fdef823e76eb92694b4edef6aadd89c9b
2023-03-31 12:39:23,True,3.092e-10,1.72e-13,8125854731.0,0.0139,0x2c...6451,https://etherscan.io/tx/0x42be02da9a4140fff3ba2630681c4058146dba7a96ca82a4c29a19920c1c1c79
2023-03-31 12:32:23,True,3.09e-10,1.72e-13,27728236692.0,0.0476,0x02...960b,https://etherscan.io/tx/0xeab0076a17c41dd107e4049c705c762e72518d779c3535219414b7af5b497b1f
2023-03-31 12:04:35,True,3.076e-10,1.719e-13,16500000000.0,0.0283,0xf3...6a6b,https://etherscan.io/tx/0xdd6db06786d03ec5e6e2a7c909cedb2eb4971727ae5d6b9c1b41c491f46d6ce7
2023-03-31 12:03:59,True,3.07e-10,1.715e-13,145689728821.0,0.25,0x29...3572,https://etherscan.io/tx/0xf7b2a0e5eef28f009ab1626da2e9f8eb14a7b0932fc3697516735fafc35bb883
2023-03-31 11:59:47,True,3.062e-10,1.711e-13,82412277619.0,0.141,0x4e...dd94,https://etherscan.io/tx/0x647f49ecbf25f36d1a772561bd822fafb4425acb34defa37fb41434418894579
2023-03-31 11:25:23,True,3.058e-10,1.707e-13,129432861296.0,0.221,0x00...2f60,https://etherscan.io/tx/0x2dcc0ada1d9477de45b898dcb2e79a9f40b10f6f4ed12933420af34acb49c029
2023-03-31 11:15:59,True,3.05e-10,1.703e-13,75000000000.0,0.1277,0x09...a672,https://etherscan.io/tx/0x207bf699e56ae1d9d1325de8e1c8719f903b5c7b8388e832c12f3e4a4c0aab9a
2023-03-31 11:14:35,False,3.043e-10,1.699e-13,385728914885.0,0.6554,0x1a...046b,https://etherscan.io/tx/0x2f6fda20b645dee97b07c15eedc7e954d26b1e03214bdfd5ba83450865b98899
2023-03-31 11:12:35,True,3.065e-10,1.712e-13,220513589484.0,0.3776,0x77...8888,https://etherscan.io/tx/0xd6c891b5d20f0c30c2590a8895a66357d9ede293194404293a52f3aa031cb0e5
2023-03-31 11:12:35,False,3.074e-10,1.717e-13,1000000000000.0,1.71756,0xab...ddfb,https://etherscan.io/tx/0x448ee6384e4871692ba5a608be9ea389b0d203429f61add930fb280ff5da1a84
2023-03-31 11:12:35,False,3.117e-10,1.741e-13,220513589484.0,0.384,0x77...8888,https://etherscan.io/tx/0x4218aea5c0ba67357fbb13e33facbdbddd27556181662e4c8c1584fb7b3e149c
2023-03-31 10:59:23,False,3.132e-10,1.75e-13,222222222222.0,0.3889,0xbe...dc0e,https://etherscan.io/tx/0x0a9cc12efff93b8402253bbff46eb2f31707ddd453f1303284d58fa2845cf941
2023-03-31 10:56:23,True,3.158e-10,1.763e-13,79375724737.0,0.14,0x5b...ad6d,https://etherscan.io/tx/0x7769ea89263079affb9104a66e79a88ed639995157dbad050da8b42473835e4e
2023-03-31 10:51:47,True,3.147e-10,1.755e-13,315281428700.0,0.5535,0xcf...5658,https://etherscan.io/tx/0xd90d338243a8dbff947cfdd06924a1d17d072385f0fff0b5c49dbd1d981896a2
2023-03-31 10:27:11,True,3.132e-10,1.747e-13,103010373336.0,0.18,0xee...9999,https://etherscan.io/tx/0x4c2dc63cbde4fdbb9635e50eb3b592524050ddc627a43901e91f478cf7ac09cf
2023-03-31 10:16:11,False,3.122e-10,1.739e-13,246441798238.0,0.4287,0x29...ea9f,https://etherscan.io/tx/0xf0078342cc1bfce6e3a2ecb527cecdff678acb838aa972ce196c79e8d5557673
2023-03-31 10:05:35,True,3.142e-10,1.749e-13,300351837471.0,0.5253,0x50...efcf,https://etherscan.io/tx/0x7d8725dece59add792931c95f3f86ef2e56f6dc614d1e53a6e9dded96a2d8dd8
2023-03-31 09:55:59,True,3.121e-10,1.741e-13,100000000000.0,0.1741,0x4d...e0bc,https://etherscan.io/tx/0x1161a2ebdbd8143e436a8685def01f072f1d81c62321b7b62130a7322a378efd
2023-03-31 09:53:47,True,3.117e-10,1.738e-13,11506368042.0,0.02,0x8d...9a98,https://etherscan.io/tx/0x862fe1e5a319ce34770ffee227032f8a710eb20517a1c90126ae9fd50591645e
2023-03-31 09:47:47,True,3.105e-10,1.738e-13,3529963828.0,0.0061,0x1a...0aff,https://etherscan.io/tx/0xd04e8ef84ab0be9a8e4d877407353f65acb6fd455e3ce4c2faf982fa1b971053
2023-03-31 09:33:23,True,3.065e-10,1.715e-13,1194799299451.0,2.04928,0x78...61f3,https://etherscan.io/tx/0xc1572390f73788db6559cf2ff9cc6c5457b83d91b788efd0a198efca07e373eb
2023-03-31 09:28:59,False,3.145e-10,1.761e-13,4010816498948.0,7.0647,0xae...ae13,https://etherscan.io/tx/0x3ffa4a716f2e4e44acdeae96b2c2013525ad6a0f2cfa4d192e28e77f78387249
2023-03-31 09:28:59,True,3.299e-10,1.847e-13,351774645926.0,0.65,0x9f...513a,https://etherscan.io/tx/0x55a98d221faf2c47aa47859ee98e4219d9ecf4b555688b80af4aa0df811123c2
2023-03-31 09:28:59,True,3.137e-10,1.757e-13,4010816498948.0,7.04809,0xae...ae13,https://etherscan.io/tx/0x25cda029b8b07755172f72180a089f34e1e0fbe9fc00aee65ca5ef480d0f5f78
2023-03-31 09:27:59,False,2.987e-10,1.673e-13,253541731773.0,0.4241,0x2a...ff97,https://etherscan.io/tx/0x7c2574c02a36229297c2268c6d14d6700dab6e38aff263f4f71b026e729f020f
2023-03-31 09:24:59,True,3.006e-10,1.685e-13,125000000000.0,0.2106,0x6f...4963,https://etherscan.io/tx/0xb415e455153c05aadb8d83a6f651d086169d5904c4d26211bc9ac063031b645d
2023-03-31 09:23:47,False,3.014e-10,1.689e-13,883368008795.0,1.49274,0xae...ae13,https://etherscan.io/tx/0x8f11455f3b9b91655bc28e7c3b78fa0fefe5a13b7fae4c119901ba4abafd97c8
2023-03-31 09:23:47,True,3.048e-10,1.709e-13,409592343912.0,0.7,0x80...e1cd,https://etherscan.io/tx/0x12809d7dcb0399acfa5c6eb493a2513750753179c68ec3c68740ffae77f49093
2023-03-31 09:23:47,True,3.004e-10,1.684e-13,883368008795.0,1.48786,0xae...ae13,https://etherscan.io/tx/0x5253a40ee6f557acd1a34f6e2db30500d9595a7768a5a20e00d65359cd8df38e
2023-03-31 09:20:11,False,2.971e-10,1.659e-13,73000000000.0,0.1211,0x96...2d3c,https://etherscan.io/tx/0xb0a5a678ea80bd336a119bb64ac2b7ec6870d7cd5a3bc3ab93792cfa12dd49be
2023-03-31 09:19:11,True,2.987e-10,1.666e-13,200000000000.0,0.3333,0x6f...4963,https://etherscan.io/tx/0x8b21f4a1df020228501832b780c6702025b76fdd2c1d8168f7faff68689cdb25
2023-03-31 09:18:11,True,2.973e-10,1.658e-13,224068392437.0,0.3716,0x77...65d1,https://etherscan.io/tx/0xcee2239a7e70406181a11d2cc4e33ae5e24b54e7b6b62be4b24014f5f0eb5c84
2023-03-31 09:18:11,False,2.981e-10,1.663e-13,1000000000000.0,1.66325,0xab...ddfb,https://etherscan.io/tx/0x2b0f4d535a14c4b51e8c19929fd14dd9a7de9fbb66ee2eaf79790171fb7ce7df
2023-03-31 09:18:11,False,3.022e-10,1.686e-13,224068392437.0,0.3778,0x77...65d1,https://etherscan.io/tx/0xec51713bcc20bef5f836a4e0118b0719f7d3059d6e34fb519b36aa6a122587b3
2023-03-31 09:04:47,True,3.048e-10,1.696e-13,221618364774.0,0.3759,0x77...8888,https://etherscan.io/tx/0xd4bffb0bc612cce4470947c884112fac997db142ba56d58efbf9322cfcb3d7e8
2023-03-31 09:04:47,False,3.057e-10,1.701e-13,1000000000000.0,1.70109,0xab...ddfb,https://etherscan.io/tx/0xb22b68a188106c07c138f74b00cdb7f0f6be9407d690e9082def4c72a64218f2
2023-03-31 09:04:47,False,3.099e-10,1.724e-13,221618364774.0,0.3822,0x77...8888,https://etherscan.io/tx/0x2f1b582d9da9fe6b32652500bd843d138a4abc747a35bba450035a11142f144d
2023-03-31 09:03:59,False,3.129e-10,1.741e-13,619265064841.0,1.07837,0x47...a8ce,https://etherscan.io/tx/0x4f71e69f8c94bc3106efbd8817630c54052851031e5e8d38fd155415793f3f5b
2023-03-31 09:00:11,True,3.167e-10,1.762e-13,72043837790.0,0.127,0x59...7276,https://etherscan.io/tx/0x97ac5a60360f278d6e3e4e3433d6cb309b872e9c4ada647d1bebb40c60d21bc7
2023-03-31 08:53:59,False,3.152e-10,1.752e-13,85590685452.0,0.15,0xf7...8444,https://etherscan.io/tx/0x782cfd80597656a04b6a576bd268bd8ce58f3aaaeedd0c0a84284c3f1d910f27
2023-03-31 08:44:59,True,3.172e-10,1.764e-13,30041824682.0,0.053,0x48...7fff,https://etherscan.io/tx/0xf3598bb9b556dbc53f334a542d9fa97fcd61d31a5fc1b19edf024548053288bb
2023-03-31 08:42:35,False,3.153e-10,1.753e-13,13106388976.0,0.0229,0x67...44fd,https://etherscan.io/tx/0x450fceefc96844a732b9154625fd5304ef02bd885048fa1c624750cb41351ebb
2023-03-31 08:29:59,False,3.152e-10,1.753e-13,10147983316.0,0.0178,0x96...45f8,https://etherscan.io/tx/0x311adf76dcd394f586b35d17f3b93906539b0122d0ad9e635aa4756731b9901b
2023-03-31 08:18:35,True,3.169e-10,1.764e-13,15305496914.0,0.027,0x2c...1b54,https://etherscan.io/tx/0xcab56c0bc28cfa37b43a4b45d62f875f17045b4901ae4025a1afa92ff9357ee5
2023-03-31 07:58:59,False,3.181e-10,1.771e-13,884330735924.0,1.56645,0xc4...023a,https://etherscan.io/tx/0x14d83d3de13654f07c18d51d8c8fd77096a132dcd871636764fed5e2bccebfc4
2023-03-31 07:54:47,False,3.218e-10,1.791e-13,116267360428.0,0.2083,0x18...0902,https://etherscan.io/tx/0xcc1d55fc3ab4e1e97717f6222142dfa575520548b84150e9fae8caa59d20f294
2023-03-31 07:23:47,True,3.252e-10,1.803e-13,68957672872.0,0.1243,0x88...715b,https://etherscan.io/tx/0xe0af7f15105ba515d3d0b19cc30bf114a488960eefa2fb332c2246f201ca6986
2023-03-31 06:03:59,False,3.232e-10,1.792e-13,65106935890.0,0.1167,0x68...e09e,https://etherscan.io/tx/0xe74cf740ae771a04245dfca76314b93b91986a7a357bd665f9d1ebf8bc5ab4f7
2023-03-31 06:02:35,True,3.251e-10,1.802e-13,115167491791.0,0.2075,0xae...ae13,https://etherscan.io/tx/0xe69f737a43b91e4b04c5f4c9f1f0c70b6a55edfda4b6fe012c632a014f230568
2023-03-31 06:02:35,False,3.286e-10,1.821e-13,1519758674124.0,2.76811,0xab...ddfb,https://etherscan.io/tx/0xb491335ef6a537338a8ee0e797b975917b8cb6b0ec3cb66f8113da820cd14ef3
2023-03-31 06:02:35,False,3.349e-10,1.856e-13,115003427335.0,0.2135,0xae...ae13,https://etherscan.io/tx/0xbfe1ed68f838cce3ab5cecc20c4de9c9aa20a7787f116c8bc3669ee8770187d9
2023-03-31 05:58:47,False,3.366e-10,1.865e-13,307589342804.0,0.5739,0x58...c1ac,https://etherscan.io/tx/0x0e43180bd1193d972e05edf6664834b5b9b2bb2497b2afecfb9cc036b65f10be
2023-03-31 05:58:23,False,3.384e-10,1.875e-13,150000000000.0,0.2813,0xab...ddfb,https://etherscan.io/tx/0x352baa6ebf01305a60438b4343fe2a9dfeb6a98eff47828c71a0d8400e7bae03
2023-03-31 05:51:23,True,3.41e-10,1.889e-13,43536600457.0,0.0822,0x61...7feb,https://etherscan.io/tx/0xff2f1a66e15d978eac050a5872e7dd40ac10d7e3bc8efa1bd15fb8018f8924fd
2023-03-31 05:44:35,False,3.396e-10,1.881e-13,175000000000.0,0.3292,0x6f...4963,https://etherscan.io/tx/0xb2d6f1d48592522a66357f5e5dadfb021436361dd237f8feef42d715642d7581
2023-03-31 05:23:23,True,3.57e-10,1.979e-13,4913204367658.0,9.72358,0xae...ae13,https://etherscan.io/tx/0xdd000a301e8c658d0f1443565ecf61b2860426ccf59659ca906d23eff35fecb3
2023-03-31 05:23:23,False,3.612e-10,2.002e-13,4913204367658.0,9.83759,0xae...ae13,https://etherscan.io/tx/0xf9f25b59ce7a13e16c5c665e6c65f9f803443228e3018867aebc4e854d7fbae9
2023-03-31 05:23:23,True,3.824e-10,2.12e-13,707274331004.0,1.49949,0x53...a37e,https://etherscan.io/tx/0x195ed0f20f6dfb40dfff9914cf7efddd63dbff158ddbc909f224451c3c7e1aac
2023-03-31 04:12:23,True,3.349e-10,1.857e-13,293798375363.0,0.5458,0x02...72f1,https://etherscan.io/tx/0x87b47bc1dda01aaf1c76c4b68988a75ab3123363cb4c5196cecda308de7ebeea
2023-03-31 04:01:59,True,3.335e-10,1.85e-13,27015312782.0,0.05,0x52...a525,https://etherscan.io/tx/0x54e8ec07e8ed4f63547d97bddb9486d2b622d8e020616a8fa820b0a987f41c81
2023-03-31 03:56:47,True,3.333e-10,1.849e-13,27032516894.0,0.05,0x0e...c5a8,https://etherscan.io/tx/0x3bb350cdd2e7b00267efb4654cb7bb2be4382326ab71f730cbe30241226d3372
2023-03-31 03:49:35,True,3.33e-10,1.847e-13,75000000000.0,0.1385,0x09...a672,https://etherscan.io/tx/0xb033662944fd990d4f53af111cd42b4e9974bb5c101630fc24c2b32f66e6da0e
2023-03-31 03:02:11,True,3.331e-10,1.844e-13,64493451400.0,0.1189,0x84...aff1,https://etherscan.io/tx/0x2b552817bb841ed97793087c48fb0d31e55fcd1c86526786f784a3eeb9716fc4
2023-03-31 02:59:59,False,3.312e-10,1.834e-13,96034836803.0,0.1761,0x31...6aab,https://etherscan.io/tx/0x88c70a0762a35dd4303a7e868cbe183c76e54f6cb96ae8b4e967d54eaa8cfb89
2023-03-31 02:34:11,True,3.324e-10,1.846e-13,32495214569.0,0.06,0x1c...2307,https://etherscan.io/tx/0x7cada6fc08ab86dd347e11817cd15376e1548073b49bf15cc8b16686f0387c7c
2023-03-31 02:24:59,True,3.303e-10,1.845e-13,22222222222.0,0.041,0xbe...dc0e,https://etherscan.io/tx/0x9c0f35e1f1ca91d838779262f10ab979e05cda46bf5c86b3375e17603c81d82a
2023-03-31 02:23:59,True,3.298e-10,1.842e-13,108554039686.0,0.2,0x05...5212,https://etherscan.io/tx/0xf489dc37ecba3bfbac3117a9d710c321b38c41e0b029e9c14aa0afe6233fd6e0
2023-03-31 01:58:35,False,3.278e-10,1.83e-13,53369574549.0,0.0976,0xf0...2766,https://etherscan.io/tx/0x5ba63c86dd8d5d0b8676b4475ee9a27bd84a7fbf3ff51decffa1b45b4fbcaad8
2023-03-31 01:38:11,True,3.296e-10,1.84e-13,100000000000.0,0.184,0x6f...4963,https://etherscan.io/tx/0xfad94c818890f90c167db5ed95b22d26920500390af5166686c7fa7dd162a358
2023-03-31 01:35:35,False,3.29e-10,1.836e-13,458390062256.0,0.842,0x2e...314c,https://etherscan.io/tx/0xc49f5cbf346ee95fe94610f7cad62efc97487eecc3260241814fed06e7e374de
2023-03-31 01:33:11,True,3.321e-10,1.854e-13,175000000000.0,0.3244,0x6f...4963,https://etherscan.io/tx/0xcc5361344159a2ca41b9d76423f5d04b1f0540d066d924c573c1c096d84ac9ff
2023-03-31 01:31:35,True,3.311e-10,1.85e-13,7227643423.0,0.0133,0xd1...d094,https://etherscan.io/tx/0xdc430c5fdf61bede4d6f0d351643e43e1f0b2ae146ad859c504d83f91577daee
2023-03-31 01:27:47,True,3.309e-10,1.849e-13,5977359331.0,0.011,0xd4...14c3,https://etherscan.io/tx/0x7a7b15c25a775104e919fec509b1cfa6cf722a9cfa05f7d5c92f30fa6142cf3c
2023-03-31 01:20:47,True,3.306e-10,1.849e-13,9915253215.0,0.0183,0xd1...d094,https://etherscan.io/tx/0xa4ffb7dc673a370db5826e2955c0951cc7be46fb8bf0da7894f73eb694785658
2023-03-31 01:17:35,True,3.303e-10,1.848e-13,32457864687.0,0.06,0x1b...7195,https://etherscan.io/tx/0xce771253f15b6832757a4962b1abbbd34bce90a13504b4a1b1731b8d91c353af
2023-03-31 00:57:23,False,3.284e-10,1.838e-13,81586571425.0,0.15,0xbc...7b00,https://etherscan.io/tx/0x048be5de5851eab82c62f90223f3bcba58a6974fadf96bc4aaa4a5b947927287
2023-03-31 00:43:59,False,3.307e-10,1.845e-13,235798864638.0,0.4351,0xff...d885,https://etherscan.io/tx/0x6b2f387dd179fd8da66411c828626c3dd1c2e74b1e5a9f7d8faa21e18ce403c9
2023-03-31 00:35:47,False,3.319e-10,1.851e-13,28562448999.0,0.0528,0xf4...94a8,https://etherscan.io/tx/0x7ba8ce61247d548d2d024962b25a5b21116f72c2b3b882edd894257398f4aecd
2023-03-31 00:08:35,True,3.34e-10,1.862e-13,15761808722.0,0.0293,0xcb...9fc0,https://etherscan.io/tx/0x6e3e5a08c3deb5aa576ba5231e1ac6c1dbb419316b1897b13a72562d60bc1e82
2023-03-30 23:54:35,False,3.316e-10,1.852e-13,48726039460.0,0.0902,0xb4...648e,https://etherscan.io/tx/0xcda1a333e906cdbc67f46f0b13de0e4a8e7e61b3a30fac0ca3379683b7298897
2023-03-30 23:52:11,True,3.336e-10,1.863e-13,32211362903.0,0.06,0x6b...7f84,https://etherscan.io/tx/0x5a14d4e919ae36a7c7d3b372ceb9f8ac48c913450ecde664d5d5302fa63772f2
2023-03-30 22:56:23,True,3.345e-10,1.862e-13,8867145225.0,0.0165,0x96...e5ad,https://etherscan.io/tx/0x11d196f95784c2a09d81b4a6f5a3361434a9aba35c1a6324a98ea9d1f3bab9e5
2023-03-30 22:46:23,True,3.344e-10,1.862e-13,16301827736.0,0.0303,0xd6...3df9,https://etherscan.io/tx/0x0d544fa83e5f6d027d0334a9f7129653f68af54eb085cde3b47bb496f10ea462
2023-03-30 22:07:47,False,3.306e-10,1.855e-13,241628997659.0,0.4484,0xcf...e796,https://etherscan.io/tx/0xa8320f5ab04a07ad85882a29831611af985d788e63ec79c3698cda27042e4f07
2023-03-30 21:27:35,False,3.318e-10,1.863e-13,78620623418.0,0.1464,0x1e...af55,https://etherscan.io/tx/0x0c39a1a44818e51bbecaccd0e6f7ccb02f751b9ee43486c6d6ea1125bd86226a
2023-03-30 21:20:59,False,3.318e-10,1.865e-13,37894896973.0,0.0707,0xcf...116f,https://etherscan.io/tx/0x3b3e7b1ba82f0f30f4e3393e119385aa8c58765253cb40a991776f252970527d
2023-03-30 20:41:59,True,3.329e-10,1.876e-13,39799542358.0,0.0747,0x39...fc24,https://etherscan.io/tx/0x35caef439592c35e7751bb917f513bff3ff3594d3f82ebea9c19cd46f29f961c
2023-03-30 20:15:23,True,3.319e-10,1.875e-13,18464004071.0,0.0346,0x2c...6451,https://etherscan.io/tx/0x992a9f213546d131c1e2adb18529c8d4b50fccb5558633b20f386e1ad6c8ab40
2023-03-30 19:54:47,False,3.353e-10,1.895e-13,1416259169361.0,2.68471,0x36...597d,https://etherscan.io/tx/0xe7c4f399a3b907299c9a128ff75c0b14331ed2e466fd04c16ff463da4e814ac3
2023-03-30 19:12:59,False,3.534e-10,1.978e-13,2124974030803.0,4.20425,0x76...7d5e,https://etherscan.io/tx/0x384b6033e7ee6b655516e4fa67ae5f98d1930439582e9df0e97a7c0a2643e4ee
2023-03-30 19:12:59,True,3.616e-10,2.024e-13,717377963481.0,1.45235,0xb9...178d,https://etherscan.io/tx/0x1c6a7c5d602e80b88c07fee77ad3913d0354c0f0da8e841de982e1515235b222
2023-03-30 19:12:59,True,3.493e-10,1.955e-13,2124974243300.0,4.15577,0x76...7d5e,https://etherscan.io/tx/0x9852f0adddd0d88bd9c615d96544132f1b2f9089a12e5be0b5762e90d1c4775f
2023-03-30 19:11:59,False,3.393e-10,1.899e-13,209097781767.0,0.3971,0x78...441e,https://etherscan.io/tx/0x888e694c3a5453ea0d8bc3292167ab7c004449666347fe5729192242127ae055
2023-03-30 18:54:47,True,3.364e-10,1.883e-13,1416259169361.0,2.66763,0x36...597d,https://etherscan.io/tx/0x36a8a36796918740cb325232ea1817d4e648d5963b78d1d62c8c76b5e8897652
2023-03-30 18:14:23,True,3.301e-10,1.851e-13,10195613278.0,0.0188,0x23...191a,https://etherscan.io/tx/0x91147399ab269fe5b4d00bb3b61d9da2714b6f3edbe7eba22512cbac19c8a981
2023-03-30 17:48:23,False,3.295e-10,1.842e-13,97679661713.0,0.18,0xca...0bbf,https://etherscan.io/tx/0xb2acb1d4926f07be8000ec2c4d9c9928a443cc7a518d97d28b4784181a34dd0f
2023-03-30 17:24:59,True,3.317e-10,1.849e-13,297282518064.0,0.5498,0x02...72f1,https://etherscan.io/tx/0xb742a410eac39c8bd0ab41d6441155756bc9b5a798626c905b285ba3aed5704a
2023-03-30 17:09:47,True,3.305e-10,1.841e-13,54292895521.0,0.1,0x01...906c,https://etherscan.io/tx/0x122a74c5080c610fd40d374bac1635724a260033f28a6b9e7aa28bfc202d6d64
2023-03-30 16:33:59,False,3.325e-10,1.851e-13,1000000000000.0,1.85138,0xab...ddfb,https://etherscan.io/tx/0xfb8f3360d1e9f8bfb5eaebd743feb0dc2a3a6b06d8b3e88d3acd7d03e6f86c7f
2023-03-30 16:32:59,True,3.377e-10,1.879e-13,212942923648.0,0.4002,0xa5...f7a1,https://etherscan.io/tx/0xf7b4fdd271752e8aaf5397989da72cb7a76703fd58bea826fd7a2a7b80abefcb
2023-03-30 16:03:11,True,3.362e-10,1.874e-13,5871308864.0,0.011,0x19...d58b,https://etherscan.io/tx/0xc7a6c4092f76f01aa67099b28b49b95d1ec3cdfd8e7bfdfd70ef6a2380b5bc26
2023-03-30 15:57:47,False,3.362e-10,1.869e-13,281666153739.0,0.5266,0x9f...6a2b,https://etherscan.io/tx/0x9dccb5bd6cb5e0fa7f96b9f04b3062f96411104e2704274c8dea444741f7eead
2023-03-30 15:57:35,False,3.414e-10,1.898e-13,1000000000000.0,1.89862,0xab...ddfb,https://etherscan.io/tx/0x8c4cd6b182afe9bc9fe6fb163496d28046fe97547b13184e3755e7d839087763
2023-03-30 15:32:35,True,3.48e-10,1.931e-13,55459429163.0,0.1071,0x25...81b4,https://etherscan.io/tx/0xbe3ecfbad7b41e6be42fbfe7d3b2ccc5328cac4de41749bacef70732882e4c79
2023-03-30 15:22:11,False,3.463e-10,1.92e-13,71963154865.0,0.1382,0x9f...6a2b,https://etherscan.io/tx/0xf768870717f0fc5ad34dcd7e9f0e73b59b1dbea2a56d22e1be4b95a25a702f4e
2023-03-30 14:57:59,True,3.477e-10,1.927e-13,250000000000.0,0.4819,0x6f...4963,https://etherscan.io/tx/0x1017344434e420b01dec30f4ae0df2736eee0b5c14431b8e159d2cbabe875a71
2023-03-30 14:48:23,True,3.455e-10,1.915e-13,308852252229.0,0.5914,0xb9...178d,https://etherscan.io/tx/0x16d9ad790f493bcb58420887468ee605fc9077f5b8ad82f33d6ebb925d9bdb23
2023-03-30 14:16:47,True,3.432e-10,1.906e-13,56758474513.0,0.1082,0x2c...6451,https://etherscan.io/tx/0xb9fbf7882b1f6d0ae048015bc5c84588e59fbee0859fb648cdc3e291bc0dc43d
2023-03-30 12:43:59,False,3.448e-10,1.915e-13,931341252736.0,1.78374,0x26...4663,https://etherscan.io/tx/0x7ed37f2665015d6294a54099d35fd1c427cf6dc66157963618141cc337765a83
2023-03-30 12:41:23,True,3.506e-10,1.947e-13,25445607513.0,0.0495,0x6e...27c2,https://etherscan.io/tx/0xcda04db69dcd35d0f9682c633ab4b5647f9b2e32f3a24445801e3c00bf709040
2023-03-30 12:32:11,True,3.501e-10,1.944e-13,115003427335.0,0.2236,0xae...ae13,https://etherscan.io/tx/0x25656f90bc0f3c39ba0cbde3ab3a6ddd8750e2cf2d10fbdaea53cfface836694
2023-03-30 12:32:11,False,3.529e-10,1.959e-13,1260506839839.0,2.4705,0x9c...97bf,https://etherscan.io/tx/0xa25ac5a19a15bb28ca5281ac8bafe43c3c603239f1f809eb09cc1fa9fa5bb679
2023-03-30 12:32:11,False,3.588e-10,1.992e-13,114927812803.0,0.229,0xae...ae13,https://etherscan.io/tx/0x04b58d18dafa4c3c65a5c7dd871601d5c4f2102b867d161b6bbf5e3d54f89713
2023-03-30 12:29:47,False,3.602e-10,2e-13,207716892915.0,0.4155,0xae...ae13,https://etherscan.io/tx/0xf6fd8d1889c01424924758385817877d3249e6618dff25799540f7aa15b2f286
2023-03-30 12:29:47,True,3.588e-10,1.993e-13,1003364236737.0,2.0,0xab...ddfb,https://etherscan.io/tx/0xc9a5ade6ae8fea41fba8622801c43c6a3df4ec997b9e8158b7456b1ca7fee4db
2023-03-30 12:29:47,True,3.536e-10,1.964e-13,207716892915.0,0.4079,0xae...ae13,https://etherscan.io/tx/0xfeb56db48b88e6071ef4c069e9d9af34a773bdc12a3ba93793e988b60c642278
2023-03-30 12:24:47,True,3.521e-10,1.956e-13,124184161348.0,0.2429,0x31...4d37,https://etherscan.io/tx/0xd36e6f27d58d13cb7888b5490df99a341350d0466c3c547a0e8b52d19b5bf091
2023-03-30 12:09:11,False,3.497e-10,1.942e-13,60000000000.0,0.1165,0x85...e12a,https://etherscan.io/tx/0xf48a187c00e084f7f849e5f6c23d12ee1362952577352e8b7fec33dbc253002f
2023-03-30 11:16:47,False,3.514e-10,1.956e-13,500000000000.0,0.978,0x47...a8ce,https://etherscan.io/tx/0xe6a67d5836ac61039a137148b6492870fdc0c85098ff1f468716d5b742ee45fa
2023-03-30 11:00:59,False,3.551e-10,1.972e-13,200000000000.0,0.3945,0x74...fd82,https://etherscan.io/tx/0xa50775d00a545daf1336bd542d83cfb71193fd326e594f9c17d3c697bdffbae9
2023-03-30 10:49:35,False,3.559e-10,1.978e-13,17721865323.0,0.035,0x1d...284e,https://etherscan.io/tx/0xe0b65550d91e57a8c24297950c4d82f4f3bddab6da33881a2e23253ebd8ec8cf
2023-03-30 10:41:59,False,3.569e-10,1.98e-13,100000000000.0,0.198,0x6f...4963,https://etherscan.io/tx/0xbcf11a476e530f50e735804bd1bf7cac4603cbbdf58f787e3f54d0be32e6e8b0
2023-03-30 10:40:59,False,3.585e-10,1.99e-13,280666914861.0,0.5585,0x9e...b014,https://etherscan.io/tx/0xecbd6ed0a80df315f9d1c911b6221f3984bdc46921d2e8f8141c8e6a6ab56777
2023-03-30 10:36:35,True,3.567e-10,1.978e-13,1260506839839.0,2.49373,0x9c...97bf,https://etherscan.io/tx/0x58fe07005f8e6e9acaa05984f9d60b8be17786415e6fd502d7f47e55c5c5fa2d
2023-03-30 10:33:11,True,3.518e-10,1.948e-13,10177082705.0,0.0198,0x36...615c,https://etherscan.io/tx/0x2e0baba9b97fb87cc6fe5b25d9ae4e6cef82b8afe410efbd213a9a025998e57c
2023-03-30 10:32:35,True,3.505e-10,1.94e-13,309198647129.0,0.6,0x03...8fd6,https://etherscan.io/tx/0xede6a99261c2a3f7f9cb9036c9b27ec69c98fa6f00f923d12ff10fd8f76be4b0
2023-03-30 10:21:23,True,3.477e-10,1.925e-13,326232382866.0,0.6282,0x23...d0b2,https://etherscan.io/tx/0xc3632313dbd596f1e7f300704abed0964cdd6f835f22410c546518c11878813e
2023-03-30 10:17:35,True,3.452e-10,1.91e-13,349669251418.0,0.6679,0xf8...5141,https://etherscan.io/tx/0xc9d24a012940cd18532ebb9ffc175b966f039053eaa2df060bd92984b75d3dba
2023-03-30 10:16:23,True,3.435e-10,1.901e-13,31554569587.0,0.06,0x3c...c5c9,https://etherscan.io/tx/0x78e54cd0fbffd2cfad6583b7d2d16f0a86135567b629539936a60b6aba361542
2023-03-30 10:14:47,False,3.441e-10,1.904e-13,649580020844.0,1.23688,0x73...a8e4,https://etherscan.io/tx/0x74c53c7b3c9789efee119ffed25c94a2ea270faf7868a0efa1fb33ad17024271
2023-03-30 09:34:11,False,3.457e-10,1.922e-13,148849183905.0,0.2861,0x85...e12a,https://etherscan.io/tx/0x93612fcd6dde14c0ba95d3936cb517bca9a8b8a5a0852fbe97b7667c2c8d774d
2023-03-30 09:24:23,True,3.484e-10,1.937e-13,1422518976.0,0.0027,0x1f...7be3,https://etherscan.io/tx/0x8067fcac0dea1998dca1aa0d4e3bcb1e2836555e660ef86b26c8b298783b52db
2023-03-30 09:16:47,False,3.48e-10,1.938e-13,553528694470.0,1.07311,0xf7...f84e,https://etherscan.io/tx/0x7a941d228ce94c72fff3e4282beb5e497b8f6d6c595b2db690c52590241d59a1
2023-03-30 08:44:47,False,3.511e-10,1.955e-13,172905514415.0,0.3381,0x85...e12a,https://etherscan.io/tx/0xb62c6bc209c649c8edac928fc57f701b16f064b177e2ed7783f59778ae56b97d
2023-03-30 08:43:59,True,3.537e-10,1.97e-13,55958219924.0,0.1102,0xf5...31ac,https://etherscan.io/tx/0xf2908c5b65afa6c143e3d82dbb49281e58f6e41841dc2220cab10452ae71359c
2023-03-30 08:39:23,False,3.544e-10,1.977e-13,831502465603.0,1.64397,0x6d...a4dc,https://etherscan.io/tx/0x2f866522b1de7a98f9a1a80b6db1b033cdb03f9c2a57b1a72b312b41558dc13d
2023-03-30 08:37:23,False,3.592e-10,2.001e-13,156414409966.0,0.3129,0x1b...ea67,https://etherscan.io/tx/0xf959a70ee1dfe4361fce081f04b0d53838b7037636ba67a0ad2f36fc7a309ee0
2023-03-30 08:30:47,False,3.615e-10,2.013e-13,352151897962.0,0.709,0xab...ddfb,https://etherscan.io/tx/0xc8b075cacffba2607b1c8f2dc6106e21f7a546fbef5e64af3c22592399b07cd7
2023-03-30 08:30:11,False,3.686e-10,2.053e-13,2680396660779.0,5.50398,0x4b...d649,https://etherscan.io/tx/0xa83d2fbd9682aa0ba950acace2c7a52a4975c6731939e0efcc78b3d9112f2bc3
2023-03-30 08:30:11,True,3.619e-10,2.016e-13,734136395934.0,1.48016,0x75...3b16,https://etherscan.io/tx/0xc4448d14564e364c1ab862627960a367b4abe3036808416d1eabf998d34cab2e
2023-03-30 08:30:11,False,3.83e-10,2.133e-13,403684368525.0,0.8613,0x75...3b16,https://etherscan.io/tx/0xb75601c4d606d82b236d4684426a130871718d1967489cad151235d791453a06
2023-03-30 08:27:35,True,3.755e-10,2.09e-13,2687421069503.0,5.6177,0xdb...cfed,https://etherscan.io/tx/0xc17d70fe1ac63cc2c43c3ad7af44c533aff95bb9a70f520e8fa292c878e36ebe
2023-03-30 08:27:35,False,3.856e-10,2.146e-13,82503350344.0,0.1771,0xae...ae13,https://etherscan.io/tx/0x9d79676ab8883b9a3f2854fe9387b24197ef82eab3988faf93f9396247a1f212
2023-03-30 08:27:35,True,3.627e-10,2.019e-13,82503350344.0,0.1665,0xae...ae13,https://etherscan.io/tx/0xe8789281ad478f54105ea9ba7d9554b230d79a46515a1efafe3eb937a61546d9
2023-03-30 08:26:11,False,3.605e-10,2.007e-13,99624286327.0,0.2,0xf7...8444,https://etherscan.io/tx/0x9447423147e50d0f0d7f4d6424b2f357ec312f28e8ef17221d534a17ceb48ea0
2023-03-30 08:22:11,False,3.63e-10,2.02e-13,421344343014.0,0.8513,0x38...d6ad,https://etherscan.io/tx/0x2bd558eb94a186ae6db8671785eebb00f8eada9a2b4ebb298d69f2e813d2c78a
2023-03-30 08:22:11,True,3.564e-10,1.983e-13,2680396660779.0,5.31638,0x4b...d649,https://etherscan.io/tx/0x4d1d94ce424b8a83f5263252572a1af53c28cb06957671a43235302db0bf611b
2023-03-30 08:21:47,True,3.426e-10,1.905e-13,367372720069.0,0.7,0x23...e900,https://etherscan.io/tx/0x0deaf80d12f502af91e1f4f5118ad13b5311d226b7be26351cc61d6cef350147
2023-03-30 08:19:23,True,3.397e-10,1.888e-13,369688030949.0,0.6982,0x38...d6ad,https://etherscan.io/tx/0x4c6379db9f56e54897972e7beaf6f902fdc0bf9c3527b6493d337a527b50ffbe
2023-03-30 07:35:23,False,3.387e-10,1.889e-13,925893212275.0,1.74989,0xc4...f7c4,https://etherscan.io/tx/0x8d5ddb458b7fd0f6a84795385ca63a228750a91f218b5f47efb19b9735a151fe
2023-03-30 07:34:23,False,3.475e-10,1.938e-13,2789388250842.0,5.40764,0x4b...d649,https://etherscan.io/tx/0x2bab1296e4b178081c297ad709bbf613d9a6351c6923c0d955bf03446bdf989e
2023-03-30 07:34:23,True,3.412e-10,1.903e-13,806054133009.0,1.53467,0x76...7d5e,https://etherscan.io/tx/0xc9f63ae0fbafea7e2b6e325ee48bb472d0322c0701581571180ff286de4bead4
2023-03-30 07:34:23,False,3.612e-10,2.015e-13,414705682502.0,0.8357,0x76...7d5e,https://etherscan.io/tx/0xf837dddab58e95fc2c40f8f242574655f089954a41b6af93faa0f6c8e1834796
2023-03-30 07:34:11,True,3.634e-10,2.027e-13,394523689499.0,0.8,0xbe...b393,https://etherscan.io/tx/0x6325c9d556fa0e5427ecca01dc1d4638d768f10dcb4c8736c0267ec0d07166ea
2023-03-30 07:31:11,True,3.538e-10,1.974e-13,2936471124244.0,5.79841,0x6d...e5a1,https://etherscan.io/tx/0x157898758a9e87a25400ea8ad68675ed0d26bb195659377dc68d55cd3efbc852
2023-03-30 07:31:11,False,3.619e-10,2.02e-13,573017535591.0,1.15753,0xae...ae13,https://etherscan.io/tx/0x7a775bac8e23825c5f4279ed5814cca657fb64434d72fd130bd0c8e804db45be
2023-03-30 07:31:11,True,3.39e-10,1.892e-13,573017535591.0,1.08436,0xae...ae13,https://etherscan.io/tx/0x5b2fbc9842d0d1a132351caadd9617f1cef20ce2e123d28ca7afa66245fde65e
2023-03-30 07:27:47,False,3.369e-10,1.88e-13,556205577783.0,1.04603,0x80...e1cd,https://etherscan.io/tx/0x04620ed47b3ad08c2ab6fcb60f86009434246b6b3e103787152a51b826b0d04b
2023-03-30 07:24:35,True,3.315e-10,1.848e-13,2789388250842.0,5.15617,0x4b...d649,https://etherscan.io/tx/0xa731583df01cb211c6a0e3f87d3a2c8c8802ddcc57504380c7e0c32565fa8f7b
2023-03-30 07:18:59,True,3.192e-10,1.779e-13,180000000000.0,0.3203,0xdd...f57e,https://etherscan.io/tx/0x7222093205932ad68c2fd2ecf65eba77f91ca57cff0db981e2569f5cad968d05
2023-03-30 07:14:59,True,3.171e-10,1.768e-13,367561376900.0,0.65,0xab...ddfb,https://etherscan.io/tx/0x50013a1aa4ecbcda427ee242ace7e3c10c7e9d844df79b51817516127ad670b4
2023-03-30 07:00:59,True,3.158e-10,1.756e-13,199212832148.0,0.35,0xd9...af1d,https://etherscan.io/tx/0x99d98604e6c6908c2720b85d54cc45531200b74d573759067ba79526445829c0
2023-03-30 06:58:11,True,3.146e-10,1.75e-13,142854613805.0,0.25,0x29...3572,https://etherscan.io/tx/0x490ea59c4ca927a1dae4d2e353b2945ba3df79cac09adda8ee9be4f3cde6f6ea
2023-03-30 06:46:23,True,3.123e-10,1.738e-13,423235780982.0,0.7358,0x76...7d5e,https://etherscan.io/tx/0xbe0f8c6cb4b09b28a8da132694db4c1982b1b9ab86e19a2aba15d43ce5944d08
2023-03-30 06:43:47,True,3.02e-10,1.681e-13,2984590521063.0,5.02,0xab...ddfb,https://etherscan.io/tx/0xfd0adbfc2a7f946b26bfac645e715ccd060f0cecc36425407f8c4873a1dd38c4
2023-03-30 06:43:47,False,3.097e-10,1.724e-13,230392476328.0,0.3973,0x76...7d5e,https://etherscan.io/tx/0x95ca52d85652b1a8fb82349db7eee95c4b492625bd69b58e1fe08c2266723899
2023-03-30 06:43:47,True,2.913e-10,1.622e-13,230392499367.0,0.3737,0x76...7d5e,https://etherscan.io/tx/0xfac110f5c62cb1d11a9044766c65df7827d2b0b772580031e9f73ddd17f1451a
2023-03-30 06:42:59,False,2.955e-10,1.645e-13,2026623027671.0,3.33445,0x81...b311,https://etherscan.io/tx/0x918a9332b77730519b1fccbfee53618632485707e1e712093e895254cb2b8f60
2023-03-30 06:42:23,False,3.041e-10,1.693e-13,1000000000000.0,1.6934,0xab...ddfb,https://etherscan.io/tx/0x28fe60e0ed7a7ba0c25880457fde7d3bccd73756c5490ae005207db431166a7c
2023-03-30 06:42:23,True,3.033e-10,1.688e-13,221839983139.0,0.3746,0x77...65d1,https://etherscan.io/tx/0xba725ab10830848137f01c155529ea2902b689ab9fee93372a03fb851973ad73
2023-03-30 06:42:23,False,3.084e-10,1.716e-13,221839983139.0,0.3808,0x77...65d1,https://etherscan.io/tx/0x5f260dc8adb63fc1d5fb0768a94caecb42734ef5c0456044475b8f86049f1dec
2023-03-30 06:41:11,True,3.041e-10,1.692e-13,2026623027671.0,3.4299,0x81...b311,https://etherscan.io/tx/0xe03bb7085f85dab1ca9a876cb9c95e4b93ba92a0402836e28927131af0608fee
2023-03-30 06:30:59,True,2.97e-10,1.653e-13,31401753730.0,0.0519,0x14...09d1,https://etherscan.io/tx/0x816054647d8e05acda0f3fcfd5f8fae7296f4a96f317efa0d68ac7a7f0593153
2023-03-30 06:28:11,True,2.967e-10,1.652e-13,10285034567.0,0.017,0xf8...9910,https://etherscan.io/tx/0x31d425fcfebdfea8a216ac2e02eb38038130e900b6d9fe70fbfa21314cc52f13
2023-03-30 06:16:11,False,2.945e-10,1.646e-13,200041852739.0,0.3293,0xfe...2ff9,https://etherscan.io/tx/0xfe0630f333a7ddc9921d5967bce5f91e072a46d94386db0deb25919e3fdae22f
2023-03-30 06:07:35,True,2.966e-10,1.659e-13,12267364438.0,0.0203,0xe7...ddd0,https://etherscan.io/tx/0xe8065a522dffcc3ba3105f31bc90077c1106a791e4ae86e7f3ea260279eb36c8
2023-03-30 06:06:23,False,2.953e-10,1.652e-13,137388191905.0,0.2269,0xed...1781,https://etherscan.io/tx/0x216f41adb967cb1bb75e1a56c85878a8b23454fb6fc5a48a51b4dafee672d71f
2023-03-30 05:54:23,True,2.977e-10,1.663e-13,39063061778.0,0.065,0x0a...feb2,https://etherscan.io/tx/0x0389c87949b5880b0c2d8462cc5a3bf74ceb28b77321588bdbd406d2a7f159ad
2023-03-30 05:35:23,False,2.964e-10,1.656e-13,200000000000.0,0.3314,0xdd...f57e,https://etherscan.io/tx/0x0f7ded53e59df93434c234e147f7d96e58c244407550823043bad32a38c9cf77
2023-03-30 05:33:35,False,2.984e-10,1.67e-13,500000000000.0,0.835,0xab...ddfb,https://etherscan.io/tx/0x1f42375b9a2b44550ce504ec39a1157faafaa31bfcfbc290afd0d3f34fb6d1e4
2023-03-30 05:28:35,False,3.028e-10,1.696e-13,902270048410.0,1.53081,0x76...8f54,https://etherscan.io/tx/0x970a0ce2f05dd909f26db4926613b790a323de40f75574f2f93356ea048badd1
2023-03-30 05:23:47,False,3.063e-10,1.715e-13,55331685216.0,0.0949,0x6d...bfdc,https://etherscan.io/tx/0xfa0ce19b961e55555dad7992e508c0732ee3f23a93ad4a519d659d3322ebc4ab
2023-03-30 05:20:23,True,3.086e-10,1.724e-13,75000000000.0,0.1293,0x9b...e31d,https://etherscan.io/tx/0x767a63fb1aa3c47db54c4271475e1046fb5f13ce8e9a15af7515340a16c9605b
2023-03-30 05:12:23,False,3.062e-10,1.723e-13,524421878421.0,0.9038,0xab...ddfb,https://etherscan.io/tx/0xdebcc207bb1165d928470d875985dbd22cb0b50b305bea4f57cfd57544c4e7ed
2023-03-30 04:57:23,False,3.155e-10,1.735e-13,87173558923.0,0.1512,0x28...a196,https://etherscan.io/tx/0xf30dacc996d0f15aca9a6e5eec036a837ef7c86d7f6ca494e278b6a74d4145d3
2023-03-30 04:47:47,False,3.164e-10,1.738e-13,59463420802.0,0.1033,0x78...5eb8,https://etherscan.io/tx/0xfc7b34f61e8deeae7d4bfab3971be7f03325bd4016059275c5e52b029098773b
2023-03-30 04:45:23,True,3.193e-10,1.749e-13,12462718886.0,0.0218,0xc9...20bd,https://etherscan.io/tx/0xa8fabee520bda30e34f6d979f5a6fdc764e9a33651ffd1c3e2f952162f711d9b
2023-03-30 04:26:59,True,3.162e-10,1.745e-13,206035159278.0,0.3596,0x3a...8df8,https://etherscan.io/tx/0x61fb6455efd1383cd1d1009f585025b86b0973e71a2d81a2babf82005447d713
2023-03-30 04:25:35,True,3.149e-10,1.74e-13,40000000000.0,0.0696,0x3a...8df8,https://etherscan.io/tx/0x1131c7e84665442b2abc81e44031116e11f8d3f42e2ec8e7f2e3f9f3fd516524
2023-03-30 04:17:47,False,3.103e-10,1.729e-13,8351855210.0,0.0144,0xc6...17c3,https://etherscan.io/tx/0xb803613febd9b8c22139743e44fb114cccf27b00305b81def35ce175c2814f00
2023-03-30 04:09:11,True,3.118e-10,1.739e-13,49696516595.0,0.0864,0x50...7e44,https://etherscan.io/tx/0xb7af08ffdaf56b57572ae23b6d88fff579e2865493c85d562efb4e7a20d819c7
2023-03-30 04:04:59,False,3.1e-10,1.73e-13,128813751732.0,0.2228,0x13...0737,https://etherscan.io/tx/0xcff2931221123e59251a5ee957936abd224fa203d2cd91773c1fb2e5419e7178
2023-03-30 03:49:59,True,3.121e-10,1.743e-13,2613933295.0,0.0045,0x76...1e5e,https://etherscan.io/tx/0x2a638c7ddb25958ff47fc562509f7d46576b7d1c129800f79e4379334b77912a
2023-03-30 03:47:35,True,3.119e-10,1.741e-13,57406710645.0,0.1,0x2e...9a37,https://etherscan.io/tx/0x2aac7f213dd8a05f93b767cc980da59340184e6571d6b1aba80ac00ff7ba36a3
2023-03-30 03:37:35,False,3.102e-10,1.731e-13,70009780935.0,0.1212,0x58...c1ac,https://etherscan.io/tx/0xb603f67a41c7594188fe0cacf7e7df43f469208a47f5ecf2cd5c9af7209a3031
2023-03-30 03:23:35,True,3.116e-10,1.742e-13,43035735122.0,0.075,0x0b...3331,https://etherscan.io/tx/0xf82b8e86ecf94681f2773d90435be23587f9493de6da6c32d14c32e6f9e52f15
2023-03-30 03:17:59,True,3.109e-10,1.74e-13,61035587573.0,0.1062,0x2c...6451,https://etherscan.io/tx/0x3f523d1ca126e863dfe169fed3f063d4cb2392838df901e699ab18fdc0d6c5c5
2023-03-30 03:10:35,False,3.11e-10,1.744e-13,762384321216.0,1.32976,0x06...fe96,https://etherscan.io/tx/0xe2b8d155b3368c97a95f7ff9b8c38e35ad9172ea34de7aa051846fda1d2dbaca
2023-03-30 02:59:59,True,3.157e-10,1.768e-13,85956811898.0,0.152,0x7b...13fd,https://etherscan.io/tx/0xb21e01728047bce5ef58033374a89707de0907abdde2871b2684ad870a50eff3
2023-03-30 02:51:35,False,3.14e-10,1.758e-13,113416000000.0,0.1994,0xfb...6bfd,https://etherscan.io/tx/0x1e69539a9af2473d9de1a2cf256d67f44b5b40aeaf3656b8d7fdcd9cb65771c2
2023-03-30 02:46:35,True,3.173e-10,1.769e-13,73000000000.0,0.1291,0x3a...8df8,https://etherscan.io/tx/0x8a092824e0855edd87d9fa50e356a8343952b3041af7a76d120c7d7b6467e339
2023-03-30 02:44:59,False,3.159e-10,1.759e-13,112466582771.0,0.1979,0x3a...8df8,https://etherscan.io/tx/0x187b7570311eaad702f56c59ee34b184d951b6300a98bbba673bcf518462da90
2023-03-30 02:33:59,True,3.179e-10,1.771e-13,43625472632.0,0.0773,0x98...119b,https://etherscan.io/tx/0xd04a389ad9fade41c7f75e201970378db17d2d4a70964c49efb31d73d06d4a82
2023-03-30 02:32:59,True,3.178e-10,1.77e-13,30437095668.0,0.0538,0x2c...6451,https://etherscan.io/tx/0x1b16bcda11002e9397b2780f589f23cab4e08f928a29215cd82842edde4d1268
