datetime,buy_order,price_USD,price_native,amount_token,total_native,maker,etherscan_url
2023-03-25 07:17:47,True,0.09301,5.328e-05,18392.6,0.98,0xbc...bd09,https://etherscan.io/tx/0xfad257abf92864ae9a6060e89906c5cee36dfd28bd16edd2de3d324ec9fb6a96
2023-03-25 07:17:35,True,0.09281,5.316e-05,84.3836,0.0044,0x28...abb1,https://etherscan.io/tx/0xeb3d604ecb82f5fcf2feadba3a5874a7267a20f9674c1b2cf22541f8dfeb269d
2023-03-25 07:17:23,True,0.09275,5.313e-05,5393.83,0.2866,0x86...3dca,https://etherscan.io/tx/0x7b5f3b804667c71d0e410140e888948b65aee7f5841b907ea489f627e9104b99
2023-03-25 07:14:35,True,0.09272,5.309e-05,373.359,0.0198,0x0e...fb7d,https://etherscan.io/tx/0x0c6fb2843a2d9188d1ee0ca9575c58da67ed0fc623ff1645c102df77aeb6ccdc
2023-03-25 07:10:59,True,0.09268,5.308e-05,1680.52,0.0892,0x0e...fb7d,https://etherscan.io/tx/0x868d3800f9435f971e8b3a476a30b09d602f29cc8d9620a7e9500e203a0687e1
2023-03-25 07:08:59,False,0.09212,5.275e-05,210.0,0.011,0x05...e6a7,https://etherscan.io/tx/0xa66665a2dc5242570060c55eef2b37b84a0273abaa94f7b8a36c0d8778d960aa
2023-03-25 07:08:11,True,0.09251,5.304e-05,5606.18,0.2973,0xab...cd7a,https://etherscan.io/tx/0x427f523d638f8a9d6115b7620af502249d2bdf32f75b94287eb0ea3b98bd015f
2023-03-25 07:07:23,True,0.09246,5.301e-05,21.3987,0.0011,0xb1...641b,https://etherscan.io/tx/0xd1cd659461ec18874548819aeecf2e685e6d24aa93a157bad13f639556e28dea
2023-03-25 07:06:47,True,0.09226,5.289e-05,18197.0,0.9625,0x2e...f345,https://etherscan.io/tx/0xbba7c4364db0b648e311a7645da8ce5cb8509fa3516366b4a5d1bd2c66c840e1
2023-03-25 07:04:47,True,0.09202,5.278e-05,580.918,0.0306,0x15...dc50,https://etherscan.io/tx/0x66ecbef5a8e8e366ec3f05a9278685ab6238f3690211e710e7fdd46fb1f7da61
2023-03-25 07:04:23,True,0.09195,5.274e-05,5017.39,0.2646,0xbc...a478,https://etherscan.io/tx/0xda83b7eeacff26f755ce524ec74b63837246efed16268d08bc1f44cc0663c9c8
2023-03-25 07:02:23,False,0.09142,5.244e-05,6754.87,0.3542,0x79...679a,https://etherscan.io/tx/0xe7839c89ab26c4cf65c3f953daa44833ceef3ce02074ba2de80d18cb4eb3724a
2023-03-25 07:01:11,True,0.09197,5.276e-05,6619.82,0.3492,0xd6...816d,https://etherscan.io/tx/0x31dfd1f81bbf751f0642ac7327a98542536bbc46e16393b740b670c2c266f4b4
2023-03-25 06:59:35,True,0.09189,5.271e-05,362.896,0.0191,0x40...fe89,https://etherscan.io/tx/0x7a7b59f9b7766772cc86d7b1e3d4c277b21cceca60e92bce7236ac71d8ccd67d
2023-03-25 06:56:47,True,0.09181,5.267e-05,7528.02,0.3965,0x8c...da1a,https://etherscan.io/tx/0xb545a4c402e3b06f26b04193ceabbed377a0b81585f01d256a7fa4230c8d3b2f
2023-03-25 06:55:11,True,0.09165,5.258e-05,6332.51,0.333,0x00...37c1,https://etherscan.io/tx/0xa90f3aad203cd5b4b43e070ef08f5e6f77327e424a3dcc34a7a24850be2a4f93
2023-03-25 06:49:47,True,0.09173,5.254e-05,333.764,0.0175,0xec...4c43,https://etherscan.io/tx/0x378db2d41dcd381d7bff5e45bd29ac928603a081491d228ea0a4deec3d35dc22
2023-03-25 06:47:23,True,0.09178,5.254e-05,504.205,0.0264,0x24...c44c,https://etherscan.io/tx/0x4eed145ab5545c34a7477b18acd4823638bf82024b9cf76bdfea80b5f87c559d
2023-03-25 06:44:11,False,0.09127,5.224e-05,3446.79,0.18,0xfd...0f3a,https://etherscan.io/tx/0x4802f0fdfc38b0d1b7b3048243f46756291e9bd41ea6b923cb75a6312f2c2f70
2023-03-25 06:43:59,True,0.09185,5.257e-05,773.025,0.0406,0xba...d1ae,https://etherscan.io/tx/0x955be9c95026b9a5e8e5e8ac1269db7aeeced432af50ae0c95e7a9f12f454482
2023-03-25 06:42:59,True,0.09184,5.256e-05,245.134,0.0128,0x94...72c3,https://etherscan.io/tx/0xb5d9a5a5e6224f21565e82c713d192a68200d500018c0bbdc79cb953c2893821
2023-03-25 06:42:59,True,0.0918,5.254e-05,3018.17,0.1586,0xfe...a1e8,https://etherscan.io/tx/0x8d353d29b6d90e8b21a5c664abd72a3dce07e6c6998d4265b33eafb496bfcda9
2023-03-25 06:42:59,False,0.09122,5.221e-05,101.0,0.0052,0x34...fd2f,https://etherscan.io/tx/0xc162721a37ce4297fdbb1dc639244f4f3b984f3d4973e3343d5f9631c90944b3
2023-03-25 06:39:59,True,0.09191,5.252e-05,651.054,0.0342,0xed...62a2,https://etherscan.io/tx/0xd7f93ec1a3ab27a2054938a476eaeb8777e0e8a1b802eaedda95d6fceceac688
2023-03-25 06:37:47,True,0.09201,5.251e-05,754.967,0.0396,0xac...324e,https://etherscan.io/tx/0x3bb71541838124642dce71f5398a27ef910594fdaae487297e8295d0cc0b3b50
2023-03-25 06:37:47,True,0.09192,5.247e-05,7331.81,0.3847,0x76...7d5e,https://etherscan.io/tx/0xc7d25f0049e9cce9c8fd54937176e651fdfb9d16f6e6d781916a1ff1deadecd5
2023-03-25 06:37:23,True,0.09182,5.241e-05,2522.17,0.1321,0x76...7d5e,https://etherscan.io/tx/0x839ba7a64f110b42f358e7bf5ca56268a97dfceabc2701d5cfd0de97ff3dc59a
2023-03-25 06:37:23,True,0.09169,5.233e-05,9432.55,0.4936,0x76...7d5e,https://etherscan.io/tx/0x839ba7a64f110b42f358e7bf5ca56268a97dfceabc2701d5cfd0de97ff3dc59a
2023-03-25 06:37:23,False,0.09171,5.235e-05,63543.9,3.32654,0x97...aa4a,https://etherscan.io/tx/0x6400e1937a61cf31fca0f4cb5d747e57f12f261953e008eb1d3b7f894832cce4
2023-03-25 06:34:35,True,0.09278,5.29e-05,23209.6,1.228,0x9d...5187,https://etherscan.io/tx/0x995fc5bc5e21ebfe43c12cc29606ec0b20d3d3bf249a9703a9908f4dba5dff2c
2023-03-25 06:33:35,True,0.09251,5.275e-05,1649.05,0.087,0xe6...9d69,https://etherscan.io/tx/0xb3bc4f49c5b3478146a710eb464a014d763db2f5f0e7ce66a6ca99feebef1959
2023-03-25 06:30:59,True,0.09249,5.274e-05,415.125,0.0219,0x82...fe09,https://etherscan.io/tx/0x10614659e3a94416f874752642646ad1b076d085c1d5c806aa85494c2c7c15c4
2023-03-25 06:30:23,True,0.09248,5.274e-05,365.117,0.0192,0xa7...cb48,https://etherscan.io/tx/0x4d3dac3fc8c987bd1590368217aa4aff5ee96458a323e97dcd08bb8690e1c09d
2023-03-25 06:29:11,True,0.09247,5.273e-05,939.89,0.0495,0xb8...fa84,https://etherscan.io/tx/0x8819a3f246939040ab1f120b9ea88e6ee48b6a300c54f31b3d340148b980751c
2023-03-25 06:24:11,True,0.09203,5.248e-05,40343.1,2.11728,0xc4...c224,https://etherscan.io/tx/0xd35da20394e32ba916492c421197019785d9baf2f3af536f0d8ab4f92a33efc3
2023-03-25 06:24:11,False,0.09172,5.23e-05,63095.1,3.30016,0x35...9071,https://etherscan.io/tx/0xe1a963d7e579d142abae0a5a36e9b8d4f5df0ef25a20f02f23db9c4cb04735ef
2023-03-25 06:23:59,True,0.09292,5.298e-05,2231.23,0.1182,0x76...7d5e,https://etherscan.io/tx/0x032322d08c0b7525e5ff93554270019e25fde1b2fdc77a638582447edc39456d
2023-03-25 06:23:59,True,0.09285,5.295e-05,3675.83,0.1946,0x76...7d5e,https://etherscan.io/tx/0x032322d08c0b7525e5ff93554270019e25fde1b2fdc77a638582447edc39456d
2023-03-25 06:23:47,False,0.0931,5.309e-05,78118.1,4.14742,0x9d...a17d,https://etherscan.io/tx/0x13e53b76b1db0bba4dab6af7263a598f22f09d12a4fd716fac1bfa588e54d87b
2023-03-25 06:23:23,True,0.0944,5.383e-05,9751.35,0.5249,0x7e...538a,https://etherscan.io/tx/0x22bec9b18978b20f05de29602e988386fd64b837326cfa577b7d1c5e1f9abe67
2023-03-25 06:18:23,True,0.09426,5.376e-05,964.5,0.0518,0x92...bb73,https://etherscan.io/tx/0x0085400cb8ce24ade7dc3033268d241bd0ab275d83ac8b866641c36aa852cc47
2023-03-25 06:18:11,False,0.0937,5.344e-05,1053.86,0.0563,0xf0...c583,https://etherscan.io/tx/0x050e2b22e805472e2a8244aef0eb2e5d50cea67a6a51fb009c055c6ac8b77073
2023-03-25 06:16:23,False,0.09377,5.349e-05,7162.88,0.3832,0x95...d617,https://etherscan.io/tx/0xe5944ba891703978c741222c031157faac7d313ce43123fa1bb66501be3d6943
2023-03-25 06:16:11,True,0.09439,5.385e-05,1068.59,0.0575,0xf2...22d4,https://etherscan.io/tx/0x7b1630aea9802e851c773150ec37c00b1d6a53249a2de73ec71b8b86a02d7a2f
2023-03-25 06:14:11,False,0.09389,5.357e-05,6974.43,0.3736,0x76...7d5e,https://etherscan.io/tx/0xe65d33578ff24057876c1e5ba6f9ec1e48c05828b5a10138232331096328b323
2023-03-25 06:07:47,True,0.09447,5.39e-05,6026.28,0.3248,0x91...dc25,https://etherscan.io/tx/0x77a38e4df85601e42571ff1b32dfffa55e660a3197f40b9f7251a3fac8aa2de4
2023-03-25 06:04:35,True,0.09437,5.385e-05,1656.61,0.0892,0xdf...f1f1,https://etherscan.io/tx/0xf0c6f5b2172cb414d97cff9de15f8c7e7ad527413f6bb11fdaa38c99c80225ff
2023-03-25 06:03:59,True,0.09432,5.382e-05,2424.08,0.1304,0x28...abb1,https://etherscan.io/tx/0xdce4b481381ee82d1508b723a0df93d4c62e54d503a397323eb2dac810b70120
2023-03-25 06:03:47,True,0.09429,5.381e-05,110.526,0.0059,0xd8...002b,https://etherscan.io/tx/0x6eeff24dc2f659662cdd0d6563527c092a40af7cd48924c26dcc98ab79327156
2023-03-25 06:02:59,True,0.09429,5.38e-05,371.692,0.02,0x5b...499a,https://etherscan.io/tx/0x7d6d1484688e96076197c0bad8c9d180e9e6921c62cf7cde1e928030c9498bb7
2023-03-25 06:02:11,True,0.09428,5.38e-05,94.3962,0.005,0xbf...e121,https://etherscan.io/tx/0xbcde3b7f3ae99c6a7736a8fd68e5933b947ddbd400d54ee80d268e476cc7e2f8
2023-03-25 05:59:59,True,0.09429,5.38e-05,210.03,0.0113,0xca...4118,https://etherscan.io/tx/0x2aa286bf11b493419d6df4e7d017b5e6778b5b1ec341c2af5fce1ce8de65fd5e
2023-03-25 05:57:23,True,0.09427,5.379e-05,960.607,0.0516,0x1d...ca38,https://etherscan.io/tx/0x783c08c25201af875f269aee61113e09765eb51f1a4b8c9bfffc9e199a9b845d
2023-03-25 05:54:11,False,0.09373,5.35e-05,6000.0,0.321,0xa8...c46d,https://etherscan.io/tx/0xbcab582f4bce2d1ccc7ecb181180fd33b39007fea94ab77b7cfbfb9ed2e48dd5
2023-03-25 05:51:59,True,0.09435,5.386e-05,460.088,0.0247,0x56...2553,https://etherscan.io/tx/0xa3db4e9a410ed1a2b75003ea8ddb17c918d36d8553bf5d5daffbdfa3e291bee4
2023-03-25 05:50:11,False,0.09385,5.357e-05,5589.11,0.2994,0xb8...e014,https://etherscan.io/tx/0x46c6e26118f60f1abfa7df1a5addad22343f11ad80d635302d2d9a63eaf53788
2023-03-25 05:49:47,False,0.09399,5.364e-05,6435.46,0.3452,0xfd...133a,https://etherscan.io/tx/0x53e7481813dadff2aa1b8b950b7606c69f1729be983e59e57511a2b8838ea2d1
2023-03-25 05:47:59,False,0.09424,5.379e-05,17147.4,0.9224,0xf6...68eb,https://etherscan.io/tx/0x03cd4e913c19ad15f4568de9327d73ba9c8865a34bff9f8f4ee018f2efb856ee
2023-03-25 05:47:35,True,0.09497,5.42e-05,3291.64,0.1784,0x69...1f19,https://etherscan.io/tx/0x5f8ffc98416cf8cd0cf5152b2990eada2bb396fbbd055d32eefe443bd679a71b
2023-03-25 05:47:23,True,0.09492,5.417e-05,1229.31,0.0666,0x0c...f794,https://etherscan.io/tx/0xc41cd4c4f8d02ef428a4d106db7eefbd18c4d281d79f4dbfccc32a83df8d8c78
2023-03-25 05:43:47,True,0.09511,5.416e-05,732.03,0.0396,0x49...0cd4,https://etherscan.io/tx/0xb85aca25a5b9d96aad3d3eb3ae23b45df3d25c6d2ec6033bd736b3b6ae8cd915
2023-03-25 05:41:35,False,0.09459,5.386e-05,5000.0,0.2693,0xce...232d,https://etherscan.io/tx/0x49f9e5e4f1ba4aabf0501be5e2ac61166c9ae21057ead5e8431c408ce62aa2e7
2023-03-25 05:40:11,True,0.09521,5.422e-05,394.887,0.0214,0xb9...88a7,https://etherscan.io/tx/0x1ff187d171c892e84ef8ecad0d77063e3bc850884b1977fa75fc379929d08f40
2023-03-25 05:39:35,True,0.09517,5.42e-05,2764.23,0.1498,0xa6...ab0a,https://etherscan.io/tx/0xdd7e7f11651f9912f43ea1ce6192d4ea381934f4583d93efa3d3401470e6783d
2023-03-25 05:38:47,True,0.0951,5.416e-05,3537.19,0.1915,0x3c...e141,https://etherscan.io/tx/0x41afe21ea8ffa8e9e7face62f7de7bc716438a6334e08335a4620020fecf5e3c
2023-03-25 05:28:47,True,0.09514,5.413e-05,1263.55,0.0684,0x85...c5b9,https://etherscan.io/tx/0x9010382a83b9c6909cd430baa22419bb013ed49efdbac3f36b283871bb7e5aef
2023-03-25 05:28:23,True,0.09511,5.411e-05,1097.21,0.0593,0x37...b432,https://etherscan.io/tx/0xf93c4227dd29bf00893919c10bb296daa764f06e939184e1204dca5e8e570a77
2023-03-25 05:23:59,True,0.09492,5.41e-05,549.628,0.0297,0x00...8eb3,https://etherscan.io/tx/0x623a6ff098d6eec7a6213cf7a4984bebd5e3b8dac0e80697cbece821d35eaad2
2023-03-25 05:23:47,False,0.09457,5.39e-05,19851.2,1.07002,0x71...2815,https://etherscan.io/tx/0x5e819fba8d497417b904aa497f90d5597a2da451655863a687076a5740cc0e20
2023-03-25 05:22:59,True,0.09534,5.432e-05,4853.91,0.2636,0x52...ef6e,https://etherscan.io/tx/0xa19d00a24e65931e55c7c6477a53c86fec2a46b14275070c7f0515f34425095c
2023-03-25 05:19:11,True,0.0951,5.418e-05,16495.0,0.8938,0xb0...5784,https://etherscan.io/tx/0xff1c13297658b6c3779cb2be141314bf3bcfeb700e19b75e1d08d589c8a7cf08
2023-03-25 05:13:47,True,0.09491,5.407e-05,1809.55,0.0978,0x8c...3d9b,https://etherscan.io/tx/0xdc6df9c7d8cbcb7c985eb7798c2e4225a6f8c7cddd8b4d3fc352ddaead5df025
2023-03-25 05:13:11,False,0.09433,5.374e-05,1300.0,0.0698,0x6e...0b52,https://etherscan.io/tx/0x6bb03fb8ff4e1f73fc3b6b4133533d4c4b59a37cb4f7f8309db89dd7f28ab574
2023-03-25 05:12:47,False,0.09445,5.377e-05,3207.56,0.1724,0x63...aa07,https://etherscan.io/tx/0x72542b12fe36027c9b3d2fedc27e2d7206066a5f01bdaa4bec766ae836eea041
2023-03-25 05:09:11,True,0.095,5.411e-05,242.831,0.0131,0x42...cf69,https://etherscan.io/tx/0x52e3d1ac08a4608d12b74672fc8af24a3e511cac88dd8d05a8b7afa285a80c8b
2023-03-25 05:08:11,False,0.09466,5.391e-05,19743.6,1.06443,0x81...c51c,https://etherscan.io/tx/0x00716b21b62dd402e950dfb1d326a9147e28930d2807703c8d24f413fdde8e34
2023-03-25 05:08:11,False,0.09491,5.405e-05,2891.64,0.1563,0x42...cf69,https://etherscan.io/tx/0x3c3189953d83288801ffc6d714cff6cc01ebc74e7d61b974fdffc45d76778570
2023-03-25 05:08:11,False,0.09495,5.407e-05,436.163,0.0235,0x74...d510,https://etherscan.io/tx/0xb9080b774360daeabf77f701f4ff86adc87fe4f3429c723a3719007b9cf4cf8b
2023-03-25 05:00:47,True,0.09549,5.439e-05,1824.55,0.0992,0x6e...ab18,https://etherscan.io/tx/0xeddd9e482ad766a238319dade70b1328644a91c423d08be5e5c9fdd3ec1104f2
2023-03-25 05:00:11,True,0.0954,5.433e-05,6667.77,0.3623,0xc9...27b6,https://etherscan.io/tx/0x0d8950977e7b93d953b4eea49d466922416457f2467c7c135f3d923fa0c50a27
2023-03-25 04:54:23,True,0.0953,5.429e-05,912.908,0.0495,0x20...f08f,https://etherscan.io/tx/0xc7ee9733eaa1f449bdfa4dd393f7dfd478761926a7f83b8bba8f8ae56ef7a15d
2023-03-25 04:53:47,True,0.09526,5.427e-05,2019.77,0.1096,0xb6...ab1a,https://etherscan.io/tx/0xd7704c076b8db56a337e09a866064edd3dd8527d3355f89d223aade9c5c341eb
2023-03-25 04:53:23,True,0.09522,5.425e-05,1364.44,0.074,0xcf...b7fd,https://etherscan.io/tx/0x37bb0b740eaf337cd70169bd201dafb1c218ffa9b887abffa34b0ba4d476c4c3
2023-03-25 04:51:11,True,0.09519,5.423e-05,921.895,0.05,0x04...6e03,https://etherscan.io/tx/0xf39b114928d5c817234848b5c3abb6dc5db2ec44b382fd95a8a523a42dcff14e
2023-03-25 04:49:59,True,0.09516,5.422e-05,1647.08,0.0893,0xb6...ab1a,https://etherscan.io/tx/0xbf02c9f3ee161ee750608682b27110d28c9cc339fcba7e309114188201fd097f
2023-03-25 04:49:59,True,0.09514,5.42e-05,103.83,0.0056,0x61...c593,https://etherscan.io/tx/0xac5d7f022a04ad56c5b78193bc71dc9f8c87b520d8518fc96c9cd635c12ff71c
2023-03-25 04:46:35,True,0.09519,5.419e-05,1798.52,0.0974,0xb6...ab1a,https://etherscan.io/tx/0xa83d149d00787efcdeca07aa73254e1af0b0a4e5a1726af9fc500e341a90629f
2023-03-25 04:46:35,True,0.09515,5.417e-05,1829.76,0.0991,0x34...0aaa,https://etherscan.io/tx/0x311da50c10e72d1139540b2c6b7b5830b75240c2f99913991891ef93fb7d2b72
2023-03-25 04:44:11,True,0.09507,5.413e-05,4657.86,0.2521,0x27...f817,https://etherscan.io/tx/0x84f62cc191b69df9beb90ef0c797cda4618122cb9a3bedc11ab263f703dadfd5
2023-03-25 04:41:35,True,0.09499,5.409e-05,1033.83,0.0559,0xb3...18b5,https://etherscan.io/tx/0xea4cd33499d1223be92710b38c82568f0e460cda2cd7dc17ad645ca735671991
2023-03-25 04:39:59,True,0.09493,5.405e-05,4989.57,0.2697,0x5f...b6cf,https://etherscan.io/tx/0x950bdbc20ad94e5a36e28f43fe05a3d594d0627cc674700139873553790ce4e4
2023-03-25 04:37:11,True,0.09489,5.402e-05,207.88,0.0112,0xea...bfb4,https://etherscan.io/tx/0x119efcde5766fa197dc8b062b31a511e6663afa7fd833f5c44185d4efd4bd9db
2023-03-25 04:35:35,False,0.09437,5.37e-05,1250.0,0.0671,0xcb...9380,https://etherscan.io/tx/0x756d3520d07d4e22b050818d907ef9fc372215fe120028224d79ddf338dd358d
2023-03-25 04:26:59,False,0.09441,5.372e-05,1255.32,0.0674,0x4d...b396,https://etherscan.io/tx/0xbbc765721a2b5152c49af473c5af767e4410df8c1dde556b1f9fb8dd8a41abb8
2023-03-25 04:25:47,True,0.09499,5.404e-05,1137.88,0.0615,0xa2...f8e6,https://etherscan.io/tx/0x2daf615ea533aefbe4467f611935251100d030ffe946d503df2c228d582bdcc5
2023-03-25 04:22:35,True,0.09496,5.403e-05,1093.37,0.059,0xe7...8b1c,https://etherscan.io/tx/0xee7cc662cceaabc3ea34b7d989f189c3f03648f560b19311b20f962bb44cad7d
2023-03-25 04:21:35,True,0.09491,5.401e-05,2385.79,0.1288,0x65...1bb6,https://etherscan.io/tx/0xf656d3e4aa1e36b77f4bdf689382f5cc3a35d579abcbe8b24bd339908e3f6102
2023-03-25 04:21:11,True,0.09488,5.399e-05,505.978,0.0273,0x42...cf69,https://etherscan.io/tx/0x767ed11051aa32768e35945f5e6d35db6c760d9d0e570930397a048d248385ac
2023-03-25 04:20:47,False,0.09434,5.368e-05,3471.87,0.1864,0x1f...292a,https://etherscan.io/tx/0xfbe7f8e5419f6f8b77a895527d4feede57f8ba3691b7d5bd5c0595cdd6d67004
2023-03-25 04:20:11,False,0.09447,5.374e-05,5400.0,0.2902,0x77...cc3b,https://etherscan.io/tx/0x87f30b719a785cc155192ccaf2c12556b95db85313534a6cd5be1661ce2b5224
2023-03-25 04:18:59,True,0.09508,5.409e-05,1832.55,0.0991,0xe7...8b1c,https://etherscan.io/tx/0xba83bd816bd5e2e858e822aba2d0a334e5fe3c603324de9609837d2938d580bb
2023-03-25 04:15:23,False,0.09465,5.385e-05,16329.6,0.8794,0xc6...fed0,https://etherscan.io/tx/0x3df50c4902ff0b0e2e3170094f229c31494648edfea3a37024c9a4c18ed0520a
2023-03-25 04:15:11,True,0.09534,5.425e-05,5162.24,0.28,0x2e...f345,https://etherscan.io/tx/0x248e4d6f8c05b3246e9ec2a7a58ebe29b7278ac5476a4a74f9c46e67c335f761
2023-03-25 04:13:23,False,0.09471,5.39e-05,1200.0,0.0646,0xc2...9366,https://etherscan.io/tx/0xf54633b367c86516f1217a11447c16fc2cb77b7068bd25de53375ae7e4f7de33
2023-03-25 04:12:59,True,0.09517,5.416e-05,11077.2,0.6,0x32...c492,https://etherscan.io/tx/0x004a86edd07a01b4697ec365e2501634a00a63e00063538831ea1d7675300e70
2023-03-25 04:12:47,False,0.09449,5.377e-05,1200.0,0.0645,0xc2...9366,https://etherscan.io/tx/0x8fb7fa5fc93c7d5be86a37abeaa46dbae945becf7077be478f1046bbe2b7a7eb
2023-03-25 04:12:35,True,0.09505,5.409e-05,2083.38,0.1127,0x46...3ba4,https://etherscan.io/tx/0x6dcea6b8221c6471a068b478aedb13df7f7e0e163cb0d35d95d5c0cfb8c5587f
2023-03-25 04:11:59,True,0.09506,5.408e-05,197.946,0.0107,0x58...39ee,https://etherscan.io/tx/0xa55c19c10a092143a9ccbebe60eb2734ea718680cf46408f90668bb8277747e5
2023-03-25 04:11:47,True,0.09505,5.407e-05,1046.02,0.0565,0x5b...499a,https://etherscan.io/tx/0x5745b3ee4c5b969116be4c8d1b7aa28673c96277dede6c35fd36a40433f10624
2023-03-25 04:10:59,True,0.09505,5.406e-05,156.077,0.0084,0x4f...5400,https://etherscan.io/tx/0x203ae35428b661a062ea941d92a1e81b96771004db7c3f4db36013f8abf388bb
2023-03-25 04:09:59,False,0.09451,5.377e-05,5000.0,0.2688,0x87...813d,https://etherscan.io/tx/0x05186c517678fe14541825b357b0878d4f43fb39470124b6a98193206442f266
2023-03-25 04:06:35,True,0.09514,5.41e-05,4529.97,0.245,0xa2...f8e6,https://etherscan.io/tx/0xa0864df5458f24822efcd68a8b135fef7bb032db097dde1a488120bcec97b729
2023-03-25 04:02:47,True,0.09508,5.406e-05,1118.4,0.0604,0xe7...f96e,https://etherscan.io/tx/0x2257491d26dfcc6674e1cf57d466a5ec308cc30ca3599873505172a8ccf8d955
2023-03-25 03:57:59,True,0.09507,5.405e-05,183.371,0.0099,0x3b...3635,https://etherscan.io/tx/0xdc463e4ef3dde3367a852adc9190f9d4826e9f4a3f7f235c5d39db6134fff187
2023-03-25 03:57:35,True,0.09507,5.405e-05,652.5,0.0352,0x8d...9417,https://etherscan.io/tx/0x2faf996011a1e6d38b7af97e44f041b499515ba0e77852a8029618c14c35b362
2023-03-25 03:57:11,True,0.095,5.401e-05,5027.83,0.2715,0x9a...ab71,https://etherscan.io/tx/0x5d5e8c8e506dffcf07d8c7fdba2a30518d34ab26d9a0a372700696879f88cda2
2023-03-25 03:55:23,True,0.09494,5.398e-05,481.651,0.026,0x29...da01,https://etherscan.io/tx/0x2b41bcc711e4c4bb294e8eb444981a14b21316c9c6dfa1cd0937306f3b3e02fb
2023-03-25 03:54:23,True,0.09492,5.396e-05,1442.98,0.0778,0x65...66f1,https://etherscan.io/tx/0x605bf1f264d20c6e0f9d37f45126a84410fc3c0bca53f6610dd832f4b8bdca1b
2023-03-25 03:49:35,True,0.09486,5.393e-05,3520.21,0.1898,0x44...9ad9,https://etherscan.io/tx/0xc85e85cf579ce1346451285a7cfd6c28ebd953759a63f6d08094c61ab3e87c71
2023-03-25 03:48:23,False,0.09437,5.365e-05,9912.5,0.5318,0x79...d3a9,https://etherscan.io/tx/0x67640cde4c87f8033687a3e7dca5dbd654beaaaf38fa8e54c4f899fbe2f28474
2023-03-25 03:48:11,False,0.0945,5.372e-05,2000.0,0.1074,0x63...46e5,https://etherscan.io/tx/0x627267cdc39d1012d645e64f29f1961d934be710622f60d958ccc35b4e97309e
2023-03-25 03:47:59,True,0.09507,5.405e-05,1562.37,0.0844,0x6a...81ab,https://etherscan.io/tx/0xf866c0ccf658f7ff025f0607b20cf82684a66823c4fd84cbab50b79333460ab8
2023-03-25 03:47:59,True,0.09504,5.404e-05,925.246,0.05,0xa7...cb48,https://etherscan.io/tx/0xcd91ecaa10a54c5c8a43de3fd40b339d380106c8b8183f32cca9054f11c5b21f
2023-03-25 03:46:47,False,0.09452,5.373e-05,4000.0,0.2149,0xd1...0954,https://etherscan.io/tx/0xcd6f8bb43f1bde3b3ce32da2299be27e33ae66ca2b6a5a191ef9b457b8469949
2023-03-25 03:43:47,True,0.09515,5.408e-05,447.957,0.0242,0x22...92e8,https://etherscan.io/tx/0x5f16db39381407b9e76fa96126fe13d6dc044fca69df05d5a02317a2fd10743e
2023-03-25 03:43:35,False,0.09461,5.377e-05,3434.87,0.1847,0x4d...854b,https://etherscan.io/tx/0x9bf15e85060df28c8dfd67dde64e0d123359e46b744a6128bf968e67c5f204c9
2023-03-25 03:36:35,True,0.09522,5.409e-05,4581.24,0.2478,0x0e...fb7d,https://etherscan.io/tx/0x1f93ee30d6161b95b71ab83768a8c3fd6ad51d0d02e7e2b13711d5429a3e4f33
2023-03-25 03:35:47,True,0.09515,5.405e-05,2200.74,0.1189,0x40...284d,https://etherscan.io/tx/0x79eb98af48b9052e00a21f419330c1fb99d3f8fd0b08bc9fcfb54ca63fefe371
2023-03-25 03:35:11,True,0.0951,5.402e-05,1834.81,0.0991,0x5f...eb97,https://etherscan.io/tx/0x96c8a977bf1df822a8e446d0ae991bc2e59e952df2c89f435b7f15ebbb7a0306
2023-03-25 03:34:35,True,0.09507,5.401e-05,184.612,0.0099,0xf4...b2d1,https://etherscan.io/tx/0x2b7b009b66e8022be12fdfe39cb1d6da67c3b1ab82237b83f5bdabd1ab61246f
2023-03-25 03:31:35,False,0.09453,5.37e-05,2500.0,0.1342,0x41...df7f,https://etherscan.io/tx/0xf9b2e626deafefc365f93e60b4cf1cc6ea4cd7bdfb13b75dcfb5e4d014118c6b
2023-03-25 03:29:23,True,0.09517,5.404e-05,330.172,0.0178,0xd5...1d55,https://etherscan.io/tx/0xa09ec28288794d7c4986f7e60ffd61476178f527e2d1b8e59c3e50d962ecacfe
2023-03-25 03:29:23,False,0.09465,5.374e-05,5345.97,0.2873,0xcf...116f,https://etherscan.io/tx/0xa7a7b85df63321633b99e952b5c796a4522b79be4e862f6462e7fca30be5bde8
2023-03-25 03:28:11,False,0.09473,5.378e-05,1088.0,0.0585,0xe2...9836,https://etherscan.io/tx/0x7b7b7c23406683c0fe4795356bd5db159d682107d37161a9c2f48262882b9f03
2023-03-25 03:27:59,True,0.09523,5.411e-05,1040.24,0.0562,0x90...ed6b,https://etherscan.io/tx/0xd4c342b71875df384e98b85f5313d90fd89ab85198a20d454b5946334dc55d93
2023-03-25 03:27:11,True,0.09513,5.409e-05,1384.33,0.0748,0x7b...55d7,https://etherscan.io/tx/0xe81d76898bbeaa869ce35796af1965087344619333291a90a995ead644d5e5bf
2023-03-25 03:16:23,False,0.09472,5.394e-05,28853.4,1.55652,0x30...c3cd,https://etherscan.io/tx/0xbe431253142bd3a8e326a03501ba6e7515ed1f7a763ba0bd6841e97fd3096c74
2023-03-25 03:15:11,True,0.09558,5.444e-05,1820.73,0.0991,0x82...5fac,https://etherscan.io/tx/0x57c6d3483aeb89e5b8a833b4e4fa40b74b3a44e84c5b5e8567855ad0cf58c49d
2023-03-25 03:12:11,True,0.0955,5.441e-05,2418.89,0.1316,0xb6...afdf,https://etherscan.io/tx/0x4594d5ed69de51b110593a931c991512b41a62ddc2117b7af21ef148582c0424
2023-03-25 03:11:47,True,0.09543,5.439e-05,1017.12,0.0553,0xd8...89d9,https://etherscan.io/tx/0x285e632827e9cef1aa5e9112738d57da4e221d2af582b4037a3e040d006172b2
2023-03-25 03:07:59,False,0.09481,5.407e-05,2007.62,0.1085,0xb9...4981,https://etherscan.io/tx/0x0e52180592e92c8ae2263bc0bc5751f6a53db01b843558c6aa87acf2bbbd9eb6
2023-03-25 03:07:35,True,0.0954,5.44e-05,728.755,0.0396,0xdd...7e98,https://etherscan.io/tx/0x1c680bb5ba2d137354ec286525f3b0d4cd02732e15d0ef968f8cc52b629072f9
2023-03-25 03:06:59,True,0.09531,5.436e-05,6746.9,0.3667,0x54...8d8a,https://etherscan.io/tx/0xa29e69cb6e7015ca23de4c29a23dfa934dcfb793ffb0cf211e0e6be37699cf38
2023-03-25 03:05:35,False,0.09468,5.399e-05,1079.78,0.0583,0x5b...0e12,https://etherscan.io/tx/0xa3fc6fc43919adef896c69c6da9952d1a3c06ce05dc1c4109a887bc49c654fec
2023-03-25 03:04:23,True,0.09524,5.432e-05,1435.06,0.0779,0xee...6065,https://etherscan.io/tx/0x3752f9df2614d627786f45c3cb3f9b40e01244f2709ebfd2d0222a426e40140c
2023-03-25 03:01:11,True,0.09517,5.43e-05,930.893,0.0505,0x5c...3075,https://etherscan.io/tx/0x97f6acf71cf5b3783ddaf4040d2521221a43013681c52d96b62a45547a8e4168
2023-03-25 02:57:23,True,0.09511,5.428e-05,3272.01,0.1776,0x7f...c070,https://etherscan.io/tx/0xb818b40cfccefb98a949e7e91801ac5332447ff56a84e96264b023aa9b77ada6
2023-03-25 02:57:11,True,0.09503,5.422e-05,4752.53,0.2577,0xa4...fed7,https://etherscan.io/tx/0xc4ff1dc168a5f2d71777f0337781568d13d33b122d49a1512553bdb2bb2e2e80
2023-03-25 02:52:47,True,0.09491,5.417e-05,3656.62,0.1981,0x55...d814,https://etherscan.io/tx/0x69b61de1f4d0af8d1c71a1423ac0a1a25fccdab30e12d9449e265a18291c960a
2023-03-25 02:50:11,True,0.09488,5.414e-05,549.179,0.0297,0xa4...f823,https://etherscan.io/tx/0x99ab052f1b278890773f2b4839a460d9e732a55cafc7b12ffb6b38a143c31d2f
2023-03-25 02:49:59,False,0.09432,5.382e-05,1005.99,0.0541,0xc9...20a0,https://etherscan.io/tx/0xdbdec5204286f9f474193245f2a309890e570b6d34dfb4844a3eb984e38c94c1
2023-03-25 02:48:47,True,0.09484,5.412e-05,5542.92,0.3,0x84...5c11,https://etherscan.io/tx/0xa563a6b61cca66e02f56f6ca4b7c04ce02c46e7eade62700ad89d2a824f7ed27
2023-03-25 02:48:11,True,0.09476,5.407e-05,1374.72,0.0743,0xa0...fbfd,https://etherscan.io/tx/0x0514837a4089839e12f32e66b28e23a802f6312821ce2dbcc9739e1809616f4d
2023-03-25 02:47:11,False,0.09415,5.375e-05,1500.0,0.0806,0x91...dc25,https://etherscan.io/tx/0x008dc20c5607e7b8c35944bf466021e12839a9de9c85263d12ae0d8d7b82692d
2023-03-25 02:43:35,True,0.09468,5.408e-05,1365.51,0.0738,0x6d...5f24,https://etherscan.io/tx/0x02ec293d602ec846ca68d2d280fa0ff54f03db53397312238e49b2d10e674876
2023-03-25 02:39:47,True,0.09478,5.406e-05,1191.74,0.0644,0xa2...b833,https://etherscan.io/tx/0xba76292be4dd4edd35bd50e01862f74f759d048b652807c1876df51a7d1853ec
2023-03-25 02:38:11,True,0.09477,5.405e-05,1100.36,0.0594,0xda...797f,https://etherscan.io/tx/0x5077de8557e175d823d896c2195cfcfe21f2312f1cbd4c25c47f5195307989de
2023-03-25 02:37:11,True,0.09471,5.401e-05,4361.53,0.2355,0x6b...2b4f,https://etherscan.io/tx/0x530f6746ebd8c3f8975974b9f3308dccfed5ac5f10c12d1b8be011c57f8bd9ef
2023-03-25 02:36:35,False,0.09418,5.371e-05,8006.54,0.43,0xe8...9abd,https://etherscan.io/tx/0xfd42a0d474ce3a7abc115933cf207af4ccadaa7efe4f69afb3accfaceeb287a5
2023-03-25 02:35:11,False,0.09429,5.378e-05,2313.35,0.1244,0x76...7d5e,https://etherscan.io/tx/0xfc4d6b6448556bd013ba44b8d49a5f0ca5c2705d10cc1134e1526c348990723f
2023-03-25 02:35:11,False,0.09433,5.38e-05,1033.85,0.0556,0x76...7d5e,https://etherscan.io/tx/0xfc4d6b6448556bd013ba44b8d49a5f0ca5c2705d10cc1134e1526c348990723f
2023-03-25 02:35:11,False,0.09458,5.394e-05,21226.8,1.14499,0x76...7d5e,https://etherscan.io/tx/0xfc4d6b6448556bd013ba44b8d49a5f0ca5c2705d10cc1134e1526c348990723f
2023-03-25 02:35:11,True,0.09537,5.439e-05,1103.08,0.06,0x42...cf69,https://etherscan.io/tx/0x93ae84523137059dd34d8965ebb96499bed7e553dbb09e8b2c3f12104b457fce
2023-03-25 02:34:59,True,0.0948,5.406e-05,50512.6,2.731,0x99...7a78,https://etherscan.io/tx/0x6c1f23eff987bbc7f167a72a56b7cd13f9bec7b04682626917b64dd5040c7b53
2023-03-25 02:34:35,True,0.09387,5.354e-05,32572.7,1.74408,0x98...e030,https://etherscan.io/tx/0x853bd28b9f12b135c370528ba9a04c6f245086b80e2724e6212c03e4c296c1f7
2023-03-25 02:34:35,True,0.0935,5.333e-05,1968.88,0.105,0x91...dc25,https://etherscan.io/tx/0x93b790ed503e6765834964e2f908bb2502b358f3ead9eab1b696b5a4ac21a4a6
2023-03-25 02:34:11,True,0.09344,5.329e-05,3650.0,0.1945,0xac...a84d,https://etherscan.io/tx/0x609f4a1c7bc9d7f779375bdeadab0865a5932bad148904ff5c8070919a6ed764
2023-03-25 02:32:35,True,0.0933,5.322e-05,8381.38,0.446,0xba...485a,https://etherscan.io/tx/0x9502d6528583317e09d5cfd68f8e1181b1018aa7e866530fdbaf2d22e61ae42f
2023-03-25 02:31:35,False,0.09278,5.291e-05,11200.0,0.5926,0x47...5346,https://etherscan.io/tx/0x2d0ea26bec3a828ce6704116ef3f0dc341ec448cfe2f034b100f717cf0b1095d
2023-03-25 02:30:59,True,0.09344,5.33e-05,1041.56,0.0555,0x26...567d,https://etherscan.io/tx/0x6e2d36372e1b4c44a1fb1d76e050a599e9f76d3c533b1bdb8dab44203a78a454
2023-03-25 02:28:23,False,0.09281,5.297e-05,570.0,0.0302,0xd8...62e3,https://etherscan.io/tx/0x981052294fe21e0f9081b489de5244514ee956d0770c8426e18637810a34389d
2023-03-25 02:25:47,True,0.09339,5.329e-05,441.983,0.0235,0x8f...fcff,https://etherscan.io/tx/0x7300f90c077f49c9670c72e4f4c705925a35e362124c5b6ca3181fb19cc1f249
2023-03-25 02:25:35,False,0.09284,5.298e-05,1000.0,0.0529,0xa4...f823,https://etherscan.io/tx/0x6218a3e9a9fa4f8c2cb3bb6be9596564942e3ac854375c5f66c133c08d16dee8
2023-03-25 02:23:59,False,0.0929,5.302e-05,6000.0,0.3181,0x55...6cc6,https://etherscan.io/tx/0x20498592422be00f4f4caf564871bbc0bd498880486d2159a1c4fb2900be0313
2023-03-25 02:22:35,False,0.09296,5.306e-05,201.0,0.0106,0x33...b56b,https://etherscan.io/tx/0x6f29f15566bacd2485eeb8e2c1589059b4f3d873b1c00e902bc6a3dcfcfdaee8
2023-03-25 02:21:23,False,0.09303,5.309e-05,5529.87,0.2936,0xc2...6919,https://etherscan.io/tx/0x07f07c6c15a62bb049c7dfbef723022bc10bd6f1b1e9bcb37d15bb4610842a35
2023-03-25 02:20:11,True,0.09364,5.344e-05,731.695,0.0391,0x40...b960,https://etherscan.io/tx/0x0e5ea10289793886b2c50bc35b1e35434c82ec1541d124781b257e09df6dadc1
2023-03-25 02:19:11,True,0.09361,5.343e-05,1855.15,0.0991,0x05...d3ef,https://etherscan.io/tx/0x1bd9fbb45116950cec370de3ec88456b000cdc9de0ba781b1416f5e6a23e50fb
2023-03-25 02:18:35,False,0.09305,5.311e-05,2000.0,0.1062,0x2e...f345,https://etherscan.io/tx/0xda8db689b44d74a590c98afc71cf6086442455f06dfb4346e390d9902abace6e
2023-03-25 02:13:35,True,0.09384,5.344e-05,790.627,0.0422,0x5f...91ab,https://etherscan.io/tx/0x5f6d8fc832b297e9f89e57494205ac3ab58c27a572806ccc64f676e86eb1ee00
2023-03-25 02:12:23,False,0.09332,5.314e-05,5000.0,0.2657,0x1d...05a2,https://etherscan.io/tx/0x911d3e3a018adfc394f1e1c894e40a405ec434635a01ac1ddadd03e14c052b4a
2023-03-25 02:12:23,True,0.09393,5.349e-05,1258.29,0.0673,0xca...5237,https://etherscan.io/tx/0xa8306c98e2c26de4f89db2b002c7f7a1c2ea51f1e614ecf5fe217356e980194e
2023-03-25 02:10:23,False,0.0934,5.319e-05,5463.0,0.2906,0x71...6d2c,https://etherscan.io/tx/0x06f2d7ad11c116d9b98fcb34894f67ef25e2ca517c2e5ca91c1b87f8eda1c601
2023-03-25 02:06:35,False,0.09349,5.324e-05,2850.0,0.1517,0x02...df1e,https://etherscan.io/tx/0x98572dea331face1487c6ef11eaf0e26d355f6bb0cd6a005d8996ae5a2d0a2f1
2023-03-25 02:05:11,False,0.09355,5.326e-05,403.977,0.0215,0x3d...9473,https://etherscan.io/tx/0x41d96ef93938cc23e4db9bca42dbceaf4301a9bdf70d39cbc7ef11178b993b70
2023-03-25 02:03:11,False,0.09356,5.327e-05,100.0,0.0053,0x0b...93c1,https://etherscan.io/tx/0x84bb759e1a6d83891d3079e9f43d58e7cec6b0b5c44fed11e56e5c3f5c951109
2023-03-25 02:00:59,True,0.09414,5.359e-05,192.816,0.0103,0x8c...4d99,https://etherscan.io/tx/0x9c9e817a9a2688e7405b835fd8f4051eef0fcaf8026d563079b44986db5bd363
2023-03-25 01:58:47,True,0.09414,5.358e-05,21.8723,0.0011,0x98...ba87,https://etherscan.io/tx/0xa316c8b826cbd8f6ed4dabd5d649ff911802e281300be8b0457bc3d15d3bb6de
2023-03-25 01:57:11,False,0.09356,5.328e-05,2328.0,0.124,0x42...cf69,https://etherscan.io/tx/0x749db860f3ecb1e41d8a7479826f41bfcecf18f6f5432a7434d2e7b3903ae2f8
2023-03-25 01:55:35,True,0.09412,5.361e-05,262.647,0.014,0x31...2ee8,https://etherscan.io/tx/0xd639ec7dcfcc2cc53b5fda9218eb10194c94d07fb7b9808ab0865c75f791b36c
2023-03-25 01:54:11,True,0.09411,5.36e-05,839.406,0.045,0x42...cf69,https://etherscan.io/tx/0x19b11a867cc5e0faa8658f17973ea7175304fb9129300b1552162a0247cdc1b5
2023-03-25 01:50:47,True,0.09413,5.36e-05,240.403,0.0128,0x49...4f80,https://etherscan.io/tx/0xf87c0a764462c754c9b969d2ad0d76c900337bdbc7049bd7bc313d0bef38e11d
2023-03-25 01:46:35,False,0.09358,5.328e-05,612.472,0.0326,0xd7...a3b2,https://etherscan.io/tx/0xce1c62b7968a14affa4ebf82cc974387a544a85bdef209c6107c592df9117e31
2023-03-25 01:42:59,True,0.09413,5.36e-05,808.725,0.0433,0xaf...3b17,https://etherscan.io/tx/0xafe7927f22d9697c296b8af7b4f62c9ebba6944d290518b10f60a1ceaf7f8663
2023-03-25 01:37:47,True,0.0941,5.358e-05,2219.85,0.1189,0x00...d4ea,https://etherscan.io/tx/0x80147a770f36ccf6250e128488258d4e28faad87094d60eab97c6f1b91c096f3
2023-03-25 01:36:35,True,0.09406,5.356e-05,1432.76,0.0767,0x06...17f2,https://etherscan.io/tx/0xc1d78e0812498a4c2a3d811e5edd4e14eebd14cb56d633104503fb43419b562a
2023-03-25 01:30:23,True,0.09383,5.353e-05,3170.03,0.1697,0x70...5654,https://etherscan.io/tx/0xe5b5aeaa989bb23a99ac8e92211b55590e343afdde9aaccd40d847333ff2bbc1
2023-03-25 01:30:23,False,0.09324,5.319e-05,56.1306,0.0029,0x90...5af0,https://etherscan.io/tx/0x580c9843465e37afaf34651512b57e4e906c6914f7654f89a5e01b1bc45f48c1
2023-03-25 01:29:35,False,0.09316,5.319e-05,250.0,0.0133,0x90...5af0,https://etherscan.io/tx/0x00c952b12d35a100ccc928973d6a5a2a7efe4e4c6603788efe79e3ed031d5b83
2023-03-25 01:28:23,True,0.09372,5.351e-05,1023.31,0.0547,0xe8...1eb9,https://etherscan.io/tx/0x2e86e1f9fe4f6b4c5dd4c20f01d1e59a75dca691f76455ae768199d42bccb902
2023-03-25 01:28:11,True,0.09371,5.35e-05,321.816,0.0172,0x7d...3d67,https://etherscan.io/tx/0xb2bbf9e6267aa1c4aa73d43f60ebeb6ac2ed807a0a2f471a219af5205ffd01c0
2023-03-25 01:27:59,True,0.09354,5.34e-05,14979.2,0.8,0x91...dc25,https://etherscan.io/tx/0x1d777e03c4a4938041922558f6535d20b26881ee9a59ec67a904c992245bf06b
2023-03-25 01:24:11,True,0.09337,5.331e-05,74.3703,0.0039,0xf6...bb16,https://etherscan.io/tx/0x824e59465981d1ab4327f0c6a95d81c38758646632bc34a1f0072f370d9496b9
2023-03-25 01:24:11,False,0.09281,5.299e-05,500.0,0.0265,0x42...cf69,https://etherscan.io/tx/0xbc7c07205f1ed25a931af72115ec31a1c036a20545564ccfaf1d2db4bf44e597
2023-03-25 01:21:35,True,0.0933,5.328e-05,5580.79,0.2973,0x5a...65f9,https://etherscan.io/tx/0xe046516c8d7e12e9477c6c40722a90b2de63cf4d2a58cad9d13ee09d7ba5bda3
2023-03-25 01:19:47,True,0.09322,5.324e-05,1055.38,0.0561,0x49...b9bc,https://etherscan.io/tx/0xce8d25a07d9cda1e54d26aeef8b9d4abd697f0b006375ef9a881526d044d25f6
2023-03-25 01:15:35,True,0.09321,5.323e-05,558.613,0.0297,0x62...4256,https://etherscan.io/tx/0x50819850ccfafd37f48fa8e98d1f1ec56cadeba5ff40d889e0f4d70a771e245c
2023-03-25 01:14:11,True,0.09306,5.319e-05,5590.12,0.2973,0xa6...7480,https://etherscan.io/tx/0xf677716c25c78362fa90e1934e96420f1d847a2160764d3d162482b79c952665
2023-03-25 01:14:11,True,0.09298,5.315e-05,1342.71,0.0713,0x05...d4bb,https://etherscan.io/tx/0x112b447cacf8d9f85cb1b68dc503d5e870b1fd89fc290f36561bce4b4f116801
2023-03-25 01:12:47,True,0.09284,5.313e-05,1268.5,0.0674,0xdd...cace,https://etherscan.io/tx/0xdcd630d9847c162654fe67a9d333d0d298f4ddac0f480675d981f458df362227
2023-03-25 01:12:35,True,0.09281,5.312e-05,746.348,0.0396,0xf4...00db,https://etherscan.io/tx/0xb36d127fa518c896dd5f71e533d3eee1f7cf487c1189f0f2913615aab083cb8a
2023-03-25 01:12:23,False,0.09226,5.281e-05,1150.0,0.0607,0x97...4131,https://etherscan.io/tx/0x1628a152d08c9a88a8fe71d78ffab961a5b309fe6ab1b91c6c6f82b148de0f35
2023-03-25 01:11:35,False,0.09235,5.281e-05,400.867,0.0211,0xc4...7cb7,https://etherscan.io/tx/0x34e40235a482aa2b694e8cfccb5aab1e62da597fa1bba59ca675eded0a5b57a2
2023-03-25 01:09:11,True,0.09286,5.307e-05,10084.8,0.5352,0x57...d3c8,https://etherscan.io/tx/0xb273b0c774df7d1510efb03e1f8ccf1508a469c61859e36a6ccae46f40ea936a
2023-03-25 01:08:23,True,0.09271,5.299e-05,3064.9,0.1624,0x1c...ea78,https://etherscan.io/tx/0x02f2656fc7c07169ecc29fd771bcc2286d8c35b0c8b522ca7e52188a80e42a78
2023-03-25 01:06:47,True,0.09268,5.297e-05,1148.92,0.0608,0x5f...eb97,https://etherscan.io/tx/0xc07c72f8e4cf95a3ef9887945331a81bfdcb12fe4e94badd6db8e25d8ed6acc6
2023-03-25 01:03:23,True,0.09265,5.295e-05,1510.72,0.08,0x40...03d0,https://etherscan.io/tx/0xb2201b09bcced8673a5e8944d28cdcbb2a1ae9d2257c96fcd825916ca2faadd8
2023-03-25 01:03:11,True,0.09259,5.292e-05,4222.23,0.2234,0xf3...5e6e,https://etherscan.io/tx/0xc64aedb439aaa5cc4e83e88cf4f2293f6f4e3ec4fe1a3b81d3b9ba859041614d
2023-03-25 01:03:11,True,0.09251,5.287e-05,3782.81,0.2,0x91...dc25,https://etherscan.io/tx/0x244879e3aa08e4db17b60092037a67e0eee8dbf6d04c48255cd236d6bb194f7a
2023-03-25 01:02:59,True,0.09241,5.281e-05,5490.96,0.29,0xbc...388e,https://etherscan.io/tx/0xd420964d3844e2b2060884e4966053b4b27223379a91162fd8fde0457b59c471
2023-03-25 01:00:35,True,0.09228,5.277e-05,1033.05,0.0545,0x4f...57a6,https://etherscan.io/tx/0x8ecd887c6243694f5fd6f6ad9fa9c7f2830e49d57115f653fa094cf3f6e7854e
2023-03-25 00:59:59,True,0.09227,5.275e-05,2885.19,0.1522,0xe5...7a31,https://etherscan.io/tx/0x0520ac27dcd61da211af7bdb3e8176a08bc59e16ea121d799652e6f794f735ba
2023-03-25 00:59:23,True,0.09224,5.273e-05,225.577,0.0119,0x62...4256,https://etherscan.io/tx/0x692295e985bae0f87daf451e6cdd66b26ce7a57feecf24ef18998cf6794bfe5a
2023-03-25 00:58:11,False,0.09165,5.243e-05,2548.56,0.1336,0x25...137d,https://etherscan.io/tx/0x494f7132686b155a79e8624be48442561544ee8154d7f26aaab99b263c04da43
2023-03-25 00:56:11,True,0.09215,5.273e-05,4887.51,0.2577,0x4c...cccf,https://etherscan.io/tx/0x64309cc05620b5a2802b74d0bc7da3efebb0957d7edbbaf02b5389338cf1c6e5
2023-03-25 00:55:35,True,0.09208,5.269e-05,1425.52,0.0751,0x13...ff31,https://etherscan.io/tx/0x18b96a4113702fad3c687ffe2719ada8a077bb94e983a5ff6625b4ecb3491d55
2023-03-25 00:54:59,False,0.09162,5.242e-05,9879.02,0.5179,0x76...7d5e,https://etherscan.io/tx/0x8c06028d771f6fe8a4cec76b2c18af86c1b158f9ee42c182742dc5dbb6deae1c
2023-03-25 00:53:35,True,0.1149,6.578e-05,25080.3,1.65,0xc4...7539,https://etherscan.io/tx/0xada9ff56a0f051990ec073a960ee0c43cdd08eddeb5a7d7120ad2efda7b2ed0a
2023-03-25 00:53:11,True,0.09167,5.245e-05,2074.82,0.1088,0xf3...7bc6,https://etherscan.io/tx/0xdb5c7525c9bd6dd3de27547b695186dc44fef6f1eeceafe99652de46accf2e88
2023-03-25 00:52:35,True,0.09164,5.244e-05,207.929,0.0109,0x00...f126,https://etherscan.io/tx/0xc9c0498681de33118b1241feb9297af9ebba711c2f19e4f9f137a38d9f296248
2023-03-25 00:51:11,True,0.09168,5.243e-05,238.185,0.0124,0x59...8e26,https://etherscan.io/tx/0x0f59d1be7840f37bebee8b651e11ddabc47a65f30b223ab85e2914ce31a46010
2023-03-25 00:49:35,True,0.09167,5.242e-05,1071.99,0.0562,0x6f...b9d9,https://etherscan.io/tx/0x3b4af50a076e45fb6595b02035d6a2316fff2b407eabe91aabe89cccfeb49781
2023-03-25 00:47:47,True,0.09142,5.228e-05,23042.5,1.20475,0xc6...fed0,https://etherscan.io/tx/0x5246856fdc78def82a62c6f673dadc3f987c8013169ba206c9a50689b0b3a884
2023-03-25 00:46:23,True,0.09107,5.208e-05,10417.5,0.5425,0x04...861a,https://etherscan.io/tx/0x6c1bba711e9ddbe11f56b78b1ff8cfe8cbcd256e235912a5187b1dbe160e8266
2023-03-25 00:43:11,True,0.09079,5.188e-05,22881.0,1.18717,0xd3...762d,https://etherscan.io/tx/0x8dddc7714fa48d27554e23429784d084fe3901004c25705406e8117129d4c034
2023-03-25 00:42:47,True,0.09047,5.172e-05,3640.95,0.1883,0xa9...31ee,https://etherscan.io/tx/0x9ca744ff0e2a90ee7a1f3f3f31663bb607f50958027ac4590e96e2f7f0c9944a
2023-03-25 00:38:11,True,0.09033,5.17e-05,866.317,0.0447,0x44...f79e,https://etherscan.io/tx/0x3e2ecc09e5711b292a2229815e42aa2f66c6fc5d41a9f3a28d20be206adfc965
2023-03-25 00:34:35,True,0.09046,5.167e-05,3032.82,0.1567,0xae...8326,https://etherscan.io/tx/0xec768686ad48b5241eac6527256901e3b77220c7ee161fbb78d32f090f6adfb0
2023-03-25 00:32:59,True,0.09028,5.16e-05,9461.31,0.4882,0xf8...5cfd,https://etherscan.io/tx/0x3ab5ffc729e42ca63048bc78a33c43dbf5da724cead3a971aebc5e4ab633cbe8
2023-03-25 00:32:59,True,0.09017,5.154e-05,1391.47,0.0717,0x59...b341,https://etherscan.io/tx/0x9de0f9c096cf547005327f2ee2417845a0cafb889015ed3799fb8d214cf8bfc3
2023-03-25 00:32:23,False,0.08967,5.123e-05,1100.0,0.0563,0x99...f250,https://etherscan.io/tx/0xf29d605898db2fdba38c36e64baaa167085ba9bef732b669558c72814463500f
2023-03-25 00:32:23,True,0.09014,5.149e-05,8465.75,0.4359,0x80...7d33,https://etherscan.io/tx/0xee9d9bb82ba039211e4bf023317005a3c8a88362e110cd80f658667b326b8a42
2023-03-25 00:31:23,False,0.08954,5.115e-05,3531.78,0.1806,0x26...220d,https://etherscan.io/tx/0xba47659b7e2c310d3631d87d16d9618dbeb9129044225bce47d7936c179e2a06
2023-03-25 00:31:11,False,0.08976,5.129e-05,19566.6,1.00362,0x13...44f0,https://etherscan.io/tx/0x454058da5816f030910987a2ece4ffe43a28faf9b970e652ecd45575541d944e
2023-03-25 00:27:59,False,0.09005,5.142e-05,2689.26,0.1382,0xbe...d233,https://etherscan.io/tx/0xe06ae4598e102599e753696fb33bc5fc5057d9c00dbb4e03548e9ce021760f7a
2023-03-25 00:26:47,False,0.09016,5.146e-05,3631.97,0.1869,0xd7...a3b2,https://etherscan.io/tx/0xdfe1c1f269d042d5ac852b82be6c7321ce1a15ac36c15e329fc31fd76d0d558b
2023-03-25 00:26:47,True,0.09064,5.172e-05,10478.7,0.542,0x3a...fb98,https://etherscan.io/tx/0xc2aad51def2fa314cb838d87f1b097ea37c2fc68a77359dadf717ae122037764
2023-03-25 00:26:23,True,0.09047,5.163e-05,5144.66,0.2656,0x62...5c39,https://etherscan.io/tx/0xf6e691524c96efdd7dbbe2d94a729def08da4edbc6f814d015aeaa1aa579396b
2023-03-25 00:25:59,False,0.09,5.135e-05,10479.2,0.5382,0x76...7d5e,https://etherscan.io/tx/0x4a2ee6b9605b3d5e0953de2729f8b1815b78b4de17c4afdd9ea166d0050fb34a
2023-03-25 00:24:59,True,0.09063,5.171e-05,1833.44,0.0948,0xe7...49aa,https://etherscan.io/tx/0x62de77cfb9b255714354c437f26104292632c37487e0a05434a432f5bc2ccbce
2023-03-25 00:23:47,True,0.09056,5.17e-05,958.604,0.0495,0xc7...4dab,https://etherscan.io/tx/0x63417956ba22822465335c1d37bdb9fb5293538861e16eecfc4c2c0dece5740c
2023-03-25 00:22:23,True,0.09049,5.169e-05,363.338,0.0187,0x5e...bba8,https://etherscan.io/tx/0xd6a7c35b8dccc1d96ac6389a91c23c6fde0a657be401925b373df2f7a99166c2
2023-03-25 00:21:23,False,0.08979,5.138e-05,101.0,0.0051,0x6d...751b,https://etherscan.io/tx/0x10a3ef818ff19e305214ea6d3bbb5dd82ce5163332fb5e2a36b6b22ec2413211
2023-03-25 00:20:47,True,0.09026,5.168e-05,767.606,0.0396,0x68...d31f,https://etherscan.io/tx/0x5a17f6a032938377c7e0eea8a65df1e8e62a1c9f05b3d3b265d349461ec5d384
2023-03-25 00:17:59,True,0.09024,5.168e-05,415.421,0.0214,0x59...c8ec,https://etherscan.io/tx/0x5a75c7614f759d5da20ad50aee0af9a24f44d70f696a175212c3d412ecd3a8e8
2023-03-25 00:17:23,True,0.09003,5.157e-05,18363.1,0.947,0xc6...fed0,https://etherscan.io/tx/0xa13aeb8520a2283c05631533053a52ec01544763091c0c360bcf4ad98edef80c
2023-03-25 00:16:59,True,0.08982,5.144e-05,2947.95,0.1516,0xb5...de1e,https://etherscan.io/tx/0x9a2c1db024efd148e26ead20dc13762b719709cd264674a6de9c692c69152491
2023-03-25 00:16:59,True,0.08976,5.141e-05,2139.39,0.11,0xfe...c32a,https://etherscan.io/tx/0xcf156e9bdf50531b8a0dc14a05b19e3ebbec482090989d1f70c9cef8f192723d
2023-03-25 00:14:59,True,0.08971,5.138e-05,2507.58,0.1288,0xa9...31ee,https://etherscan.io/tx/0xd89f0d796e05ec9640030585ba21488a1ad59bd874b0a126b2eee8ea30aa7d1f
2023-03-25 00:13:35,True,0.08963,5.135e-05,2920.7,0.15,0xae...9845,https://etherscan.io/tx/0x21ccd716e4a2b56c8dbbc040acb7126eeff027f9a4469493042124b6707fd408
2023-03-25 00:13:11,True,0.08941,5.123e-05,17844.0,0.9142,0xa0...cbe9,https://etherscan.io/tx/0xa022d9d63984ee194e7acb26e0392a14144bb931d379bc6900eac043624aeb16
2023-03-25 00:12:59,True,0.08922,5.112e-05,950.017,0.0485,0xcf...e965,https://etherscan.io/tx/0x8886fdadad2e8d226bea34338a07e5bbbda1c47445648fec2236ad92aa0010a2
2023-03-25 00:12:47,False,0.08868,5.081e-05,160.0,0.0081,0xad...8fef,https://etherscan.io/tx/0x02881b2f9240f1e1b0e830df096a523518772a072f3acd5bdeddfabb158b1a37
2023-03-25 00:10:59,True,0.08915,5.111e-05,1182.72,0.0604,0xf2...7c72,https://etherscan.io/tx/0x93658104518e2efa942553474ac4e085633cc7ac18a2ff6bc2fba634889e932d
2023-03-25 00:09:11,False,0.08868,5.081e-05,2000.0,0.1016,0x47...c5cc,https://etherscan.io/tx/0xca5de465c3693852f86080d1a36fd61946aa3f97d6451a4bebb149a0621be540
2023-03-25 00:08:35,True,0.08914,5.108e-05,7850.75,0.401,0x42...cf69,https://etherscan.io/tx/0x8e12729da65b41d1f2413441faddcf7a7ee8fe29ce8eac16ca3fa4389972cb1c
2023-03-25 00:08:11,True,0.08902,5.101e-05,4025.43,0.2053,0x48...71d3,https://etherscan.io/tx/0x19818cbd086f16079769ed50624ce9ad214a387c5ce25b56b2f6805c3d0e3168
2023-03-25 00:07:47,True,0.08892,5.096e-05,5886.91,0.3,0x72...c466,https://etherscan.io/tx/0x8ab489eb2ef7ab120d77a4a361f62c48be8439414baedff6cca87fdb7cd07762
2023-03-25 00:07:23,True,0.08875,5.086e-05,10328.2,0.5253,0xf3...02f0,https://etherscan.io/tx/0x0edc0168346881755932c8e1d3b756538b86271bfc4e34b55baf4a2a63f39137
2023-03-25 00:04:47,True,0.08857,5.078e-05,4822.81,0.2449,0x69...3710,https://etherscan.io/tx/0x35e7b6f9c01603ffd77586524469eec55dc1b12e3ef69fa1999ee2c3fe0929f9
2023-03-25 00:03:35,True,0.0885,5.074e-05,585.978,0.0297,0x99...1016,https://etherscan.io/tx/0xe0ea702a9ad5802b468c011b7bb1d62293cb89997f59f5bd4c02c1b4f453462a
2023-03-25 00:03:11,True,0.08848,5.073e-05,1379.66,0.07,0xfc...ee1a,https://etherscan.io/tx/0xbc480115e0624e8cbfdaf5e5ac4d0423c14c34b1110f58026ad620412579d2b5
2023-03-25 00:01:59,True,0.08844,5.071e-05,2627.94,0.1332,0xba...25d4,https://etherscan.io/tx/0x1d9155ceecf0f8a69a96ab91b372029c11f8490f20eb54fa385ec6df56e65233
2023-03-25 00:01:47,True,0.08839,5.068e-05,2151.21,0.109,0xed...3f34,https://etherscan.io/tx/0xe1832759f25acf9092759816d664c3b7c98a0d4faf8916e0324fd5d95e54ba1f
2023-03-24 23:59:23,False,0.08827,5.063e-05,45659.1,2.31182,0xd2...92ae,https://etherscan.io/tx/0x6a5978f04dbee64e75a0d2bc2d1c0477fddd13a3a0a2f5d924026f127150497a
2023-03-24 23:58:23,False,0.08898,5.103e-05,23503.4,1.19939,0xd3...762d,https://etherscan.io/tx/0xef2dcdac1c193f9cfaba22f18d4df3ad2949eaea555566030ada4b3ca1de6cbb
2023-03-24 23:55:35,True,0.08979,5.147e-05,635.525,0.0327,0x45...bdb1,https://etherscan.io/tx/0xbce3b5b84fac7655103e6296a189e5537e6eaa798541d63a1e4b4c9251748693
2023-03-24 23:53:47,True,0.08971,5.146e-05,55.0344,0.0028,0x47...067e,https://etherscan.io/tx/0xcf00fdf7d6a843694933f506d0bfa717094ee03e223533a677e71ac208a2e179
2023-03-24 23:50:23,False,0.08918,5.116e-05,500.0,0.0255,0xa5...f1f6,https://etherscan.io/tx/0xcb1987b348645015d1f69abd0fb47e42c1d62e40c6a16f78ce71b2959b443565
2023-03-24 23:48:11,True,0.08983,5.146e-05,1107.46,0.057,0x66...e29b,https://etherscan.io/tx/0x0e004c79a623933a4cd4daa18ea155bf59f78b3b3c4653e217f91d70a2f89d24
2023-03-24 23:46:23,True,0.08975,5.145e-05,1044.7,0.0537,0x80...5670,https://etherscan.io/tx/0xfd048a0bfa33e2ed7090d60b5307399644f799b7b875170a538f43fbb59f2ba5
2023-03-24 23:46:11,False,0.0892,5.116e-05,4560.39,0.2333,0x98...b088,https://etherscan.io/tx/0xdee0b64b8f452a5d1234c0fcdfcd14177e803be6a0e06b1f31e42e91b422cf8d
2023-03-24 23:45:35,True,0.08975,5.148e-05,2098.45,0.108,0xc7...633e,https://etherscan.io/tx/0x8e4917dbaad1a3d8f1d1d63e303e20273f668d13ee06de5418871a3558a31c33
2023-03-24 23:43:59,True,0.08988,5.146e-05,1926.07,0.0991,0x2f...7194,https://etherscan.io/tx/0xd61ca47d032780e8f3a386da25210d9ad51b2c04bd5e0dffca2932689cdaf27d
2023-03-24 23:42:11,True,0.08985,5.145e-05,637.574,0.0328,0x88...b175,https://etherscan.io/tx/0xa831b630f3cd0c22a5fce50197ca0504dcd629f2421ab7731b733f5a98241564
2023-03-24 23:41:35,True,0.08984,5.143e-05,1291.13,0.0664,0xf3...c201,https://etherscan.io/tx/0x9f9326472874175d336adba264d0f9bfb2f72893904cefac65a1e5af6ad53684
2023-03-24 23:39:11,False,0.08934,5.114e-05,2995.11,0.1531,0x0f...9ff3,https://etherscan.io/tx/0x797c5add013bc61507cbfb38bd1b9bbdd7c96a15dce36f4827f61862712ccf90
2023-03-24 23:39:11,True,0.08989,5.145e-05,1535.05,0.0789,0x67...eb0e,https://etherscan.io/tx/0x39bd49d5fcb324be55cadca63741add97782bc2bff6b90f508205e17793817ee
2023-03-24 23:37:47,False,0.08939,5.116e-05,5096.48,0.2607,0x27...b9bf,https://etherscan.io/tx/0x64720fc000c09a27f4033a487e11950e9945a83c950a5525892ff4b995f3aee4
2023-03-24 23:35:47,True,0.08996,5.15e-05,582.477,0.03,0x2f...10ee,https://etherscan.io/tx/0x1ca13ec2c7c95f0d240476b5163424d6af4930d6b6c8e7ed51245dd0d52e38c4
2023-03-24 23:34:59,True,0.08994,5.148e-05,2310.28,0.1189,0xc5...ce54,https://etherscan.io/tx/0x9d731edb4a61a4b25fc8df9fa507f89fce71033fad4a2c5e4265fb82ec1533f3
2023-03-24 23:34:47,True,0.08992,5.146e-05,778.069,0.04,0xa9...cee9,https://etherscan.io/tx/0x942cf44642c4eec7f1d853dfaac5ce0a44cf14fee8dc7363cdf237f9c5663420
2023-03-24 23:31:11,True,0.08994,5.146e-05,7.19686,3.703e-05,0x9d...7e8a,https://etherscan.io/tx/0xd5b169c4c39b1483af4908a40ffe02c427fc1eca28bc76032ba38bb9fad843f6
2023-03-24 23:30:35,False,0.08942,5.116e-05,1451.0,0.0742,0x47...c5cc,https://etherscan.io/tx/0x90b25cd710a3cc0712e51faf810e48f6ff467a8621350afdddcc1989bf2e1a30
2023-03-24 23:30:11,True,0.0899,5.146e-05,2091.54,0.1076,0xa9...31ee,https://etherscan.io/tx/0xd7f82595666f15d112f472426375ae1c545997805dc65b915dbfb1bd4373b5f1
2023-03-24 23:28:47,True,0.08985,5.145e-05,663.631,0.0341,0x95...b08c,https://etherscan.io/tx/0x25bcaf23a8b8f2d9fb6bbb9791443dabf286147afbc0b6232020c6b83917a1f4
2023-03-24 23:28:11,True,0.08982,5.144e-05,1609.35,0.0827,0x30...f18a,https://etherscan.io/tx/0x7c4738cd82b9a7e18ca4857c0d8feea9e34ff0038ab5baf8ee0a5539a987a124
2023-03-24 23:27:47,True,0.08977,5.141e-05,3084.88,0.1586,0x67...51f2,https://etherscan.io/tx/0x22ae25a2b8dca909bbe8817a0a55aa7e2106c910e16247e38821758122510770
2023-03-24 23:26:59,True,0.08974,5.139e-05,462.919,0.0237,0xa2...1193,https://etherscan.io/tx/0xaa437463dc92795682b02768b0b80a992e0a4af74d112b2ef17261265b3b6860
2023-03-24 23:25:11,True,0.08968,5.136e-05,3341.22,0.1716,0x2e...f345,https://etherscan.io/tx/0x3905170fe90374aab3d09f7c273cee1763cbe208ef497e65cbd34ada5084835c
2023-03-24 23:22:47,False,0.08917,5.106e-05,4451.11,0.2273,0x26...9c82,https://etherscan.io/tx/0x45b8e6d269782f676d3cc455c9867ee8ca1b622fb86514494a7c6156f6381500
2023-03-24 23:22:11,True,0.08977,5.139e-05,1696.5,0.0871,0xa6...7f89,https://etherscan.io/tx/0x00243382ceac0713363b2363fcc901f291b822127555e44536d97aff86ac6c2d
2023-03-24 23:19:35,True,0.08967,5.135e-05,5211.93,0.2676,0xad...1899,https://etherscan.io/tx/0xf11935bd68e052c80ffe58e6611efb22a068ad9067019732ba1cce8e38ed2595
2023-03-24 23:18:35,False,0.08908,5.101e-05,100.0,0.0051,0xbb...3445,https://etherscan.io/tx/0xd42b35ab2141215d5fce6b7d1f3f212e177a8a1f4ca3e4ae88ee741fa6c61c42
2023-03-24 23:16:47,True,0.08957,5.131e-05,530.816,0.0272,0x64...f9f8,https://etherscan.io/tx/0x43c9663b4bc9e5d08995a43b6416c851fac34c2374f41eb04766fde7af72039b
2023-03-24 23:13:11,False,0.08908,5.104e-05,6656.37,0.3397,0x4e...9574,https://etherscan.io/tx/0x4a07040357c18c66f709834f2bf1c05fbb339085d3d784809e07a8e57da49a63
2023-03-24 23:12:47,True,0.08966,5.138e-05,2218.63,0.1139,0x5b...9676,https://etherscan.io/tx/0x38c7aa24036745e7867edeef37bfc1f5ed88bbde75803eccff0d790f77ddb001
2023-03-24 23:12:35,True,0.08929,5.12e-05,27968.3,1.43208,0x08...6903,https://etherscan.io/tx/0x7d17c9e2829b9977a7d51566585f66a45db7c8d6ef7c775425230846d32a00df
2023-03-24 23:09:47,True,0.08897,5.103e-05,450.432,0.0229,0xba...8138,https://etherscan.io/tx/0x3b8ab95803ea725eb083e4a8b142914400b05138035e1f3cceb6791694872003
2023-03-24 23:08:47,True,0.08887,5.097e-05,10004.3,0.51,0xc6...d2a8,https://etherscan.io/tx/0x24c0008e515f6ea4e9394c78face677c431361d922a9089d49605eccd8aa98da
2023-03-24 23:08:35,True,0.08877,5.091e-05,233.607,0.0119,0xce...3e88,https://etherscan.io/tx/0xea7204e1e34359848db4a9c136c828d98997e3c3ac89511e166aa9915e93d3c9
2023-03-24 23:06:59,True,0.08878,5.091e-05,155.745,0.0079,0x18...ba07,https://etherscan.io/tx/0x5714c9f3d0473da0d58be3605b264c59524e442c3115d7cbef8f80bc82339b49
2023-03-24 23:02:47,True,0.09419,5.393e-05,38245.7,2.06266,0xe5...6e2e,https://etherscan.io/tx/0xbe1dda11eba688423a6393afc1d0b6a37ec597a36d258aab0c60aa89190ee981
2023-03-24 23:01:35,True,0.08791,5.041e-05,8727.14,0.44,0x13...44f0,https://etherscan.io/tx/0xd2ddc191fe81df557ac08f76697af3f8b13e35f80f2075efd914ca884ffef17f
2023-03-24 23:01:23,True,0.08776,5.032e-05,7307.39,0.3677,0x1c...0eda,https://etherscan.io/tx/0x4010d8dd4f903babfe31520e68ce7e6e1e6959cad56f450174e98d59292691c6
2023-03-24 23:00:59,False,0.08758,5.018e-05,35114.2,1.7621,0x73...f66b,https://etherscan.io/tx/0x3d416b2d457120cbdbc087d45d35bd15e1a4f1631156a38414ada09c3827d792
2023-03-24 23:00:35,True,0.08784,5.032e-05,63449.9,3.19294,0x97...aa4a,https://etherscan.io/tx/0xc03d91f9ccddfea06ec5d9cf40f2fc84ce8f209c5b862a455052c45de55a80d7
2023-03-24 22:58:35,True,0.08718,4.995e-05,1019.18,0.0509,0xed...d6e3,https://etherscan.io/tx/0x3d36cdfc353ad70eb7344993f08beec0821a4f852ffadbcb6892ce3a1fa1a4b6
2023-03-24 22:58:35,True,0.09644,5.526e-05,42438.5,2.3452,0xd3...762d,https://etherscan.io/tx/0xe7d2d51b4c426c941816df10315e7405f8c6d18c4830fe6e0512568de035ea42
2023-03-24 22:57:35,True,0.08632,4.945e-05,1077.33,0.0532,0xc6...fed0,https://etherscan.io/tx/0x983cabfa8da3843f29e31e7a2bc1466cde6d645667295251ad30cf50a2b48061
2023-03-24 22:57:23,True,0.08628,4.943e-05,2406.02,0.1189,0x65...e31f,https://etherscan.io/tx/0xe4cf5ff8ae46811d198617420da660f6894983d0884e19adc551dd1f7cde2d94
2023-03-24 22:56:23,True,0.08618,4.942e-05,401.13,0.0198,0x60...5d62,https://etherscan.io/tx/0xf9b120c5889c8e5e324ccff4251b50dcd8fe69c0895fd8e820bb02ff78782184
2023-03-24 22:56:23,True,0.08617,4.941e-05,601.762,0.0297,0x0e...1482,https://etherscan.io/tx/0xc189aebf8920df03089dccb39d107b2b5d93b3dece2085aec482a2d25ba89f1a
2023-03-24 22:55:35,True,0.08615,4.94e-05,1805.77,0.0892,0x19...004f,https://etherscan.io/tx/0x35cea124b6390f3ae04d0d57652cafd64b311ca3bb830baf35c61074e1f5b1c9
2023-03-24 22:55:35,True,0.08607,4.935e-05,6627.42,0.3271,0xb3...5665,https://etherscan.io/tx/0xe00c12641398e4cf7689b11ad67706e24d6b24313ee12ea502d69a6de1bc127d
2023-03-24 22:54:47,True,0.08578,4.919e-05,22868.1,1.125,0xd2...92ae,https://etherscan.io/tx/0x4d3db29924b49e929beb67e68634786f72b8a8de082326688263b5041b238363
2023-03-24 22:54:23,False,0.08527,4.89e-05,22862.5,1.11798,0xeb...6941,https://etherscan.io/tx/0xd58ef04988b5a01748db26bfc3d98ec5481e99973c6b1ec8a34d807da277b6f8
2023-03-24 22:54:11,True,0.08598,4.93e-05,2010.28,0.0991,0x8c...883a,https://etherscan.io/tx/0xec22002a1061e1ae048b8d709fff079421700e4094638a7de1af004beb9a5364
2023-03-24 22:53:35,True,0.08595,4.929e-05,1387.62,0.0684,0x75...c875,https://etherscan.io/tx/0xc2f261cb9a4ffcf30d66316bdbca1d1a948fc564f0d92314a8c6f3452db8eb2b
2023-03-24 22:53:11,False,0.08552,4.904e-05,10000.0,0.4904,0xf8...5cfd,https://etherscan.io/tx/0xca96944de2befbe9faca0eb0fa72fdac07eae2c465da521727557fa285273bea
2023-03-24 22:51:35,True,0.08612,4.938e-05,1806.55,0.0892,0x03...2eb3,https://etherscan.io/tx/0x3f157ac7fa5f478c12580e3d26cb9d8f1f2bddc6a2d86f77391e58a61970249c
2023-03-24 22:51:11,True,0.08605,4.935e-05,2650.93,0.1308,0x0a...53d0,https://etherscan.io/tx/0x6507967156db22f63073c676673b0abb56795fed6c0b2f6d7d5da400df6333c5
2023-03-24 22:50:35,True,0.08598,4.934e-05,339.148,0.0167,0x92...0cd9,https://etherscan.io/tx/0x2366fcea952fcf717e17bb120852332b8d74389749e517c28a8aeadcacda0e0d
2023-03-24 22:50:23,True,0.08598,4.933e-05,794.562,0.0392,0x1c...d829,https://etherscan.io/tx/0xa76da0e5d446ed9941096305f2de9db3a37017b194359fedaf39315cd53d1ac0
2023-03-24 22:48:35,True,0.08601,4.932e-05,1145.5,0.0565,0xda...cc4c,https://etherscan.io/tx/0xf73d084c7254e9d3c5684a0725958ced800fabffff9d4055b9261d2305f1c516
2023-03-24 22:48:35,True,0.08598,4.93e-05,1769.26,0.0872,0xcc...b454,https://etherscan.io/tx/0x076bf2bc0999a5ae3efcf745fc7e44924d7c3afcb80e17abe6d5f06c5138b847
2023-03-24 22:47:47,True,0.08595,4.929e-05,1630.88,0.0803,0xec...d399,https://etherscan.io/tx/0x3190b8a2145c733f13df5d5b8b28f08b4831b8a2feff0651b809cd4c0abf2a36
2023-03-24 22:46:35,True,0.08596,4.927e-05,905.235,0.0446,0x70...76fd,https://etherscan.io/tx/0x1ad2ae14b4e0795857ad3588751d91a86551c0808a012c085245807d42fe54e3
2023-03-24 22:42:35,False,0.08576,4.934e-05,66475.0,3.27997,0xb0...5784,https://etherscan.io/tx/0xc476cd87d62b40e56843fafea9b28d9602eb7ea5479eb4e96b8beb63fddd182b
2023-03-24 22:39:35,True,0.08678,4.998e-05,3370.96,0.1685,0x38...ee86,https://etherscan.io/tx/0x435def9c4ca8f950b2df6f2915e2c3f4bded601f693504b3be1f28808ab27be4
2023-03-24 22:36:23,True,0.08653,4.996e-05,1000.7,0.05,0x46...e615,https://etherscan.io/tx/0x0f77eb1c8144e1f630b80e77d07e3e0fef4557be67bf21e84401a0e822df9942
2023-03-24 22:35:23,True,0.0865,4.995e-05,1109.75,0.0554,0x95...3601,https://etherscan.io/tx/0x102d6b138c22c99f24e9e6b4d3df8b81d6d497c23ffe57b6c9feb78dd25788b6
2023-03-24 22:34:35,True,0.08649,4.994e-05,1032.12,0.0515,0x83...cc3b,https://etherscan.io/tx/0x54efb08aa681e9c977c2fe2a1fc02560041d6abd04982eacfe0c91a42ddd281a
2023-03-24 22:32:59,True,0.08654,4.991e-05,3948.47,0.197,0xd7...a3b2,https://etherscan.io/tx/0xd14cb13c8609ffcaec559c7c01033c8bad5a24240086319d0dcd1c84dd20fd2d
2023-03-24 22:32:47,False,0.08648,4.988e-05,51443.4,2.566,0x63...7b90,https://etherscan.io/tx/0x3c2acdf571d9dc68146db29e0931706349542933763c1c215c5db645970db1b8
2023-03-24 22:31:59,False,0.08684,5.017e-05,1000.39,0.0501,0xc6...fed0,https://etherscan.io/tx/0x2369df21eca8d748a1efcdf6f9fcfbd29fef382f71fe1637b5e80eaee8865050
2023-03-24 22:29:59,False,0.087,5.02e-05,4373.77,0.2195,0x60...d622,https://etherscan.io/tx/0xe138444ef023cc2feea6edc4105020e310d300bec7d98747169c509fc84c32f4
2023-03-24 22:28:23,True,0.08738,5.051e-05,2836.72,0.1433,0x46...e615,https://etherscan.io/tx/0x89830b4e323891e996dea217811516c1924ede96969474a4e4662bc1882e978b
2023-03-24 22:28:11,True,0.08737,5.045e-05,8027.12,0.405,0x72...f0c6,https://etherscan.io/tx/0xaab13029798715f71f32fcf2d395a11b431a9d01dae196866caf7fbf2b9cfedb
2023-03-24 22:26:59,False,0.08722,5.037e-05,46990.8,2.36708,0xd3...762d,https://etherscan.io/tx/0x101e963ed32e9fb3d330cb80f796bb80b3ff1b1f660cff3395e0a15c42560606
2023-03-24 22:23:47,False,0.08812,5.083e-05,33015.6,1.67822,0x43...78ff,https://etherscan.io/tx/0x0ec7cc69790b1f1ee432446f12f019c7140b5620bb42872c9c69942ee69db972
2023-03-24 22:22:47,True,0.08902,5.132e-05,1158.85,0.0594,0x13...644d,https://etherscan.io/tx/0xe2c3c728d63aecbc5ce6cd920451e730e29229557b682fa52ed0000e5bc2841a
2023-03-24 22:22:23,True,0.08897,5.129e-05,3865.05,0.1982,0x0a...14a0,https://etherscan.io/tx/0xd2bb8d5be540f26a4b340b50466793adcd5ac43254811521418d803847d652d7
2023-03-24 22:21:23,True,0.08918,5.126e-05,1160.18,0.0594,0xaf...5dd4,https://etherscan.io/tx/0x3cc81464812376f149f9a2e12c12283781089ed817b95871743ee876860bbb49
2023-03-24 22:20:23,False,0.08899,5.109e-05,25000.0,1.27738,0xc6...fed0,https://etherscan.io/tx/0xe86c8258a611926d68f0dcb51fb3432695effc690ef09d35e8ee935c67777982
2023-03-24 22:18:23,False,0.08935,5.129e-05,9322.62,0.4782,0xdd...c450,https://etherscan.io/tx/0xec08db1ad5a852294c21c17df8a381ab283779cc847f7000a4aece31c91b772d
2023-03-24 22:16:59,False,0.09008,5.17e-05,59892.0,3.09659,0x03...7b64,https://etherscan.io/tx/0x05bcd5c435dfe0b3d3732f439c4551a9aeab4f3272ecc51e11a7bebd1296768e
2023-03-24 22:12:59,False,0.09076,5.217e-05,20102.7,1.04893,0xfd...c4de,https://etherscan.io/tx/0xb00f8a4069bfe8171360e3998230a8d786ad22b3dce0c2a98db28005a9cc5680
2023-03-24 22:12:59,False,0.09118,5.242e-05,20582.5,1.079,0xc6...fed0,https://etherscan.io/tx/0xea8731f0a4a6881332903375ce2e9599becd40d9e9e536d92871479a885425a0
2023-03-24 22:11:35,False,0.09141,5.256e-05,3005.97,0.158,0x46...7713,https://etherscan.io/tx/0xe5eba26c360d723bfd801d5921ae41d8b67aef01731710765affb716168bbcf0
2023-03-24 22:09:47,False,0.09176,5.263e-05,8460.65,0.4453,0x13...44f0,https://etherscan.io/tx/0x5e2fc9bafea1c6eedaa8d569b376f1774ff0067417e481bf26f7d62a1be20ea0
2023-03-24 22:08:47,False,0.09216,5.284e-05,26243.3,1.38689,0x44...7ed8,https://etherscan.io/tx/0xded926e787d30c9d50907f224e8c5232393e11037eeb8201c9c0ef221acf9151
2023-03-24 22:06:47,False,0.0924,5.301e-05,1809.63,0.0959,0x76...7d5e,https://etherscan.io/tx/0x7c1f1708f2b14cf4647ef079e87095d31b474ca1479fdbd82a203f3b0b8dfd47
2023-03-24 22:06:47,False,0.09269,5.318e-05,24729.9,1.3152,0x76...7d5e,https://etherscan.io/tx/0x7c1f1708f2b14cf4647ef079e87095d31b474ca1479fdbd82a203f3b0b8dfd47
2023-03-24 22:02:23,True,0.09377,5.364e-05,1434.07,0.0769,0xc5...7088,https://etherscan.io/tx/0xa6ebeac77b6df78170b78c0960f4522f93e3d7232e57690cee32a85d2bd48fcc
2023-03-24 22:01:35,True,0.09362,5.356e-05,12296.4,0.6586,0x6f...b62f,https://etherscan.io/tx/0xcad5e99b13d81bed05dc37bfa85fa373beff83d8ac1e715e2644e7157e56593d
2023-03-24 22:01:11,False,0.09294,5.317e-05,1284.39,0.0682,0x4f...2604,https://etherscan.io/tx/0x3d84cbfa1c076327d60573c38f764f8ad9e0c848919e05faa80aa597ba421cb4
2023-03-24 21:56:35,True,0.09364,5.349e-05,926.482,0.0495,0xc9...f6d4,https://etherscan.io/tx/0x9c165a5369e00c4692578f824fc81d014d70eb376bb0b403851afc8c36d7b017
2023-03-24 21:53:35,False,0.09306,5.319e-05,3792.44,0.2017,0xd7...a3b2,https://etherscan.io/tx/0x241d2fc435ed96ed1fde84ca719c2cd06da8daa52ac93dd9a49fc387de5e9876
2023-03-24 21:52:47,True,0.09363,5.35e-05,5794.33,0.31,0x1a...6f87,https://etherscan.io/tx/0xcaf537a1e9aeab628466c155e49dca061f0fbeefb953f7bade463dcb504b60a1
2023-03-24 21:52:47,True,0.09341,5.337e-05,14344.8,0.7656,0xe8...7a27,https://etherscan.io/tx/0x2a384543e6e7d04c55e808e2f4c04e758675df17200490e78f04afe6eee888c0
2023-03-24 21:51:59,True,0.09299,5.324e-05,7447.35,0.3965,0x50...fa86,https://etherscan.io/tx/0xa98b527bc8fe008289ee2350ce31de90031e7b6cb8d7487187d3001c705b55ee
2023-03-24 21:50:59,False,0.09231,5.287e-05,545.0,0.0288,0x37...399a,https://etherscan.io/tx/0xc89520fea114a4006c389a055111e565eb1ee51dcda9a26893a05b6bb420faf5
2023-03-24 21:48:11,True,0.09271,5.313e-05,10446.6,0.5551,0x50...fa86,https://etherscan.io/tx/0xcbc3d3ca76eec6d27181a4670c7a353700d8a3e8e418caedc56494abfba1965a
2023-03-24 21:46:59,True,0.09256,5.304e-05,3737.08,0.1982,0x39...9fcd,https://etherscan.io/tx/0x3b92ec9de7c18d478b99f48a6df2a12884a7f43f2824afeeb2cab22f9284c40c
2023-03-24 21:45:35,True,0.09241,5.302e-05,1121.76,0.0594,0xa9...31ee,https://etherscan.io/tx/0xc3221fca583699a7ad52954f581ef215f241908b0e0f8d8f4e08a74466a1f22f
2023-03-24 21:44:11,True,0.09235,5.295e-05,9442.03,0.5,0x80...c065,https://etherscan.io/tx/0x2e8cf217ec693cb302a4a75a222815de93f0a64ae5549a7c327dd7780d8365df
2023-03-24 21:42:59,True,0.09205,5.28e-05,14315.7,0.756,0x52...a823,https://etherscan.io/tx/0xcf3166deebd7f75f2a8bd9ac9d7933a614cc968b9eb05479c9a460308235bce1
2023-03-24 21:41:35,True,0.09231,5.271e-05,502.5,0.0264,0x8c...3d9b,https://etherscan.io/tx/0x194e5cdb8a76ac071dc6ae0268bb721105984d01fe1c5e53e9cdf1119ca44c57
2023-03-24 21:39:47,True,0.09229,5.268e-05,5351.55,0.2819,0x15...4bfe,https://etherscan.io/tx/0x6cd0d3cec5fe114aba7e81f3a16b0b32806b7c7d22acff33382d88d8fb412180
2023-03-24 21:38:35,False,0.09162,5.234e-05,1179.23,0.0617,0xfd...852b,https://etherscan.io/tx/0x32d1790cb2c80d217f7ecfc950c8dd10b4e4218d0fe3a023d77e466bf825a81d
2023-03-24 21:37:11,False,0.09193,5.252e-05,28135.8,1.47769,0xa4...3976,https://etherscan.io/tx/0xc092ec58bb5683f9772b31b59f38d62fc96d48119da351caf4715303736589ab
2023-03-24 21:33:47,False,0.0924,5.269e-05,100.0,0.0052,0x70...c6e2,https://etherscan.io/tx/0xe38ad06d5de3fc47bece160db37b55ede1a6355dc9b4c18d38fa5afd943c3842
2023-03-24 21:29:23,False,0.09253,5.272e-05,4713.17,0.2484,0x81...441c,https://etherscan.io/tx/0x13defe9569d2a77ce2a99a3e7c2bdd478d578d43d2fb65b8c970992943f051e9
2023-03-24 21:26:59,False,0.09289,5.28e-05,8650.18,0.4567,0x76...7d5e,https://etherscan.io/tx/0x796424e34f8b48bd13413bdb9e59c04c518541aa81927e9317894b62d1e8fcac
2023-03-24 21:26:59,True,0.09328,5.301e-05,26187.7,1.38826,0xb9...b26c,https://etherscan.io/tx/0x5c39b940b33eb4d2b0f8da1d308207c75a344f0db0dd5889cb31688d3a837701
2023-03-24 21:26:47,True,0.09296,5.282e-05,3752.7,0.1982,0xd1...89b2,https://etherscan.io/tx/0x5f0825f309ead5819888c02ea9c439ef9dd342d3008f7313af54e1bc540ec65a
2023-03-24 21:26:47,False,0.09239,5.25e-05,2200.0,0.1155,0xad...dcbb,https://etherscan.io/tx/0x110ab90579d2a12a414e490c5a0bcde940d7fd0902c65cd948103421e116bc5a
2023-03-24 21:25:59,True,0.093,5.282e-05,2083.1,0.11,0x4d...123f,https://etherscan.io/tx/0x796872a2c149baa27aec35512cb68cd6f55b77171cef78723ea7be268828986b
2023-03-24 21:25:47,True,0.09295,5.279e-05,2814.46,0.1485,0xf5...bc7b,https://etherscan.io/tx/0x901992e40657fe0aae798cc9c80eeb04173ccb41e6325aa3f80f50f979d5ee7e
2023-03-24 21:25:23,True,0.09288,5.274e-05,4550.2,0.24,0x7b...e0c8,https://etherscan.io/tx/0x5abb033c93f9ff9bf4b22a7a8a6cd33514595f7cac91505933ff28be3709093d
2023-03-24 21:23:23,True,0.0928,5.27e-05,1535.48,0.0809,0xa8...e38a,https://etherscan.io/tx/0x25c9c8292cfb1993927a0e3f8d13ffa72e3ae2c29e250d8ea59c0995728d664c
2023-03-24 21:22:47,True,0.09277,5.268e-05,2099.62,0.1106,0x2e...f345,https://etherscan.io/tx/0xd6d11ea89be34d899b5f18e9180178471403e0da9ae30c8982f8afba9006ada4
2023-03-24 21:22:35,False,0.0922,5.236e-05,577.416,0.0302,0x60...ffd0,https://etherscan.io/tx/0x226246df305833f2d6c6860cd8c300daf36ac3206d8327a969895ab3c62f6673
2023-03-24 21:20:59,True,0.09269,5.266e-05,1966.77,0.1035,0x61...5cae,https://etherscan.io/tx/0xd8674a096558d86c5f11a3904b649a0af9f902c1441ba0eda3a159022b73d36a
2023-03-24 21:20:59,True,0.09265,5.264e-05,1899.53,0.1,0x2e...f345,https://etherscan.io/tx/0x97b0a7e135531f58d68604a4718dab96419863eb6053ba2bfdc92c2477c05b37
2023-03-24 21:20:35,False,0.09223,5.24e-05,15000.0,0.7861,0x37...367d,https://etherscan.io/tx/0x69543791127f919caac826682e493a46fac22326ce9e0b55c3a0d0f13772199d
2023-03-24 21:19:47,True,0.09291,5.279e-05,3191.79,0.1685,0x00...3de6,https://etherscan.io/tx/0x1303465072a5467e37fdd8c6b04ed533675bc730b9889e02f1ff39d17b2b5dab
2023-03-24 21:18:11,False,0.0925,5.256e-05,17947.1,0.9434,0x1d...b1af,https://etherscan.io/tx/0xc1b097048c0e8d14a70f27d14d7e034128af619c5a37a23dda485d8e5f7b77fc
2023-03-24 21:17:35,True,0.0932,5.296e-05,4627.03,0.245,0x9a...5bae,https://etherscan.io/tx/0x0ccecfb2327bb876f74bc39cca1decc67118358cab372f8b33a6f707547a7c11
2023-03-24 21:15:59,True,0.09308,5.293e-05,1067.43,0.0565,0xaa...6694,https://etherscan.io/tx/0x2f07cc06447a95300d0fd059f119354502c9b927435490e7e5058e493fb7f16e
2023-03-24 21:14:47,True,0.09301,5.292e-05,206.026,0.0109,0x90...5af0,https://etherscan.io/tx/0x5b81baffb4f10f4facbec95a51f74b8f36d09d6d7da595894ea74d5a80faab2c
2023-03-24 21:12:23,True,0.09295,5.289e-05,4685.07,0.2478,0x2a...3bc1,https://etherscan.io/tx/0x1c2a1dcf8b8fb17e5045b8f638bb3394e0a8d49b05ea27b3a483a2aebfc61fc9
2023-03-24 21:11:35,True,0.09284,5.283e-05,5607.07,0.2962,0x3c...9651,https://etherscan.io/tx/0xe009f025db7c41d4acb52828b0e7c295bf21e863caa164072ef71ea4137d4a2d
2023-03-24 21:10:35,False,0.09228,5.251e-05,5366.69,0.2818,0x3b...7825,https://etherscan.io/tx/0x0f1b6827446d9c13060a91b5006e86928ef9e3bfe300b65ec48f1411f297d1c7
2023-03-24 21:09:59,True,0.09288,5.285e-05,1195.55,0.0631,0x51...5ca7,https://etherscan.io/tx/0x66e99b8d0e7c9cbc2068b0dadc4a809e3ab2d8ce4fa8ebf6e550f06f2b0483e4
2023-03-24 21:09:23,True,0.09284,5.282e-05,3283.67,0.1734,0x82...94c9,https://etherscan.io/tx/0x8ba75016b4965988151d737193775a95e6b4172b8ef5c2ff8c271cb1bfc8f18a
2023-03-24 21:08:23,True,0.09293,5.279e-05,1556.42,0.0821,0x98...0dd6,https://etherscan.io/tx/0x41431ffa9e161673a1343ad30a3a1775016bbb174628d1458593bc46c390b083
2023-03-24 21:07:59,True,0.0929,5.278e-05,563.368,0.0297,0xa9...31ee,https://etherscan.io/tx/0xaf46480a8d165317d8e66d5ecc7df0c1bfb3708bcb21d55b60f203eb9d433fd6
2023-03-24 21:07:35,True,0.09286,5.276e-05,2355.23,0.1242,0x67...b04a,https://etherscan.io/tx/0x42d072ad3e7cc027e29cdc3f5179d2edc0ad74e67ea4a29ede2dc72fadc5386f
2023-03-24 21:05:47,False,0.09242,5.246e-05,4455.0,0.2337,0xe4...dad6,https://etherscan.io/tx/0xba622a278b843904eba2a63bb71af9989d1e02917c25a82d1575e51e1c2244ec
2023-03-24 21:05:11,True,0.09309,5.28e-05,360.42,0.019,0x1f...c062,https://etherscan.io/tx/0x6101abb510e9647230c3b2aec66c0cd031dfaaac74ca55929eabfe8a89df2d2d
2023-03-24 21:05:11,True,0.09308,5.28e-05,375.47,0.0198,0x05...e293,https://etherscan.io/tx/0xe02c8b3ed0b25cd9b9178957e40b9be5bb8ba5eb80d100d2b5633ab92fd8adef
2023-03-24 21:05:11,False,0.09257,5.251e-05,4972.0,0.261,0x1b...ea67,https://etherscan.io/tx/0x36d6937fd9a77356179786f0909cd3cd360be16be58ae1298dfa077d531b6c8b
2023-03-24 21:01:47,True,0.0931,5.282e-05,5963.39,0.315,0xc6...fed0,https://etherscan.io/tx/0x9e9968c38e91d84d9bec826ccb8f0570205b63db30a271ced0eccaf2107f2701
2023-03-24 20:56:11,False,0.09242,5.248e-05,2963.0,0.1555,0x1b...ea67,https://etherscan.io/tx/0x01e1b63287dccc2914eb95935503d0360f00d00abbe000d760c622acb6061a86
2023-03-24 20:55:35,True,0.09289,5.275e-05,10731.6,0.5661,0xd7...f47b,https://etherscan.io/tx/0xd5aee03506f99b884b791e898cc02e84689f18893171b49317b7fbe34f7713d9
2023-03-24 20:54:23,True,0.09272,5.261e-05,11868.1,0.6244,0x9f...8939,https://etherscan.io/tx/0x04179f03e99a6030a7f8656620d30a6d8ac6c6bfd19fcf734fd39bed7a8d7ae3
2023-03-24 20:53:23,True,0.09258,5.254e-05,1075.39,0.0565,0x4e...e0d7,https://etherscan.io/tx/0x05f1f01af84f1241b3aa82e2621ee952c72fdf952e92117d6e902d579e227f08
2023-03-24 20:51:35,True,0.09257,5.252e-05,988.284,0.0519,0x86...22b5,https://etherscan.io/tx/0x1b28197333cc3ed6cfec200674ac60630366aef87613f4cad796055338fe8833
2023-03-24 20:51:35,True,0.09243,5.244e-05,12474.2,0.6542,0x5a...5b06,https://etherscan.io/tx/0x4975daf4f965bdce18a8ef79078be1edd7534133bf9cf96f219afef5e0de9714
2023-03-24 20:51:23,True,0.09229,5.236e-05,738.231,0.0386,0x30...237e,https://etherscan.io/tx/0x789ba19f24d1b9d1275d0d301bc1da521c4b85f6efa0a61eb29eecd925ca465e
2023-03-24 20:51:23,True,0.09227,5.235e-05,1135.99,0.0594,0x09...1655,https://etherscan.io/tx/0x038c7855a7fb7600e55811fcf5f5ff7a6b715aaf17c7302e7794fe1016a42195
2023-03-24 20:50:47,True,0.09223,5.234e-05,1388.2,0.0726,0x53...0d7e,https://etherscan.io/tx/0xd35d8db52aea798d8ede1bb4e6be158e3939311c4fe98248cfd81b72ac246ddd
2023-03-24 20:50:35,True,0.09217,5.23e-05,4414.04,0.2308,0x0b...920f,https://etherscan.io/tx/0xf167aa31ac21e65b508210b031dfa573d468e5c0961d2be13ebcf90af4f9a7ae
2023-03-24 20:49:35,True,0.09207,5.225e-05,3338.4,0.1744,0x17...fdda,https://etherscan.io/tx/0x88574defa839b6d44f5c1fc8fa9f8ac3983aa66b72b0cd52e136e85c0c0d6cf9
2023-03-24 20:48:59,True,0.09201,5.223e-05,1311.84,0.0685,0x7d...7450,https://etherscan.io/tx/0x499923b2d9b818ddfde642fd8ef1521dfc6d11c860afd6dacb76f06ee6b047c0
2023-03-24 20:47:59,False,0.09149,5.192e-05,2000.0,0.1038,0xc7...be9e,https://etherscan.io/tx/0x6a1311055d56a2c602479a696e2dfb1e260f0a3e066dfedbd474973fc2b3ab48
2023-03-24 20:46:59,False,0.09159,5.195e-05,3475.41,0.1805,0xcd...ef38,https://etherscan.io/tx/0x6878448d8a83c458619ec4346fe411b6cdf4638b887cce6152b8834a2ad5486a
2023-03-24 20:45:35,False,0.0917,5.201e-05,5941.46,0.309,0x28...f12c,https://etherscan.io/tx/0xd02460c6c9343e293e2258ff9a790c65323027bde33762c6d401e5b9fd13819e
2023-03-24 20:45:35,False,0.09189,5.211e-05,11814.5,0.6157,0xd7...a3b2,https://etherscan.io/tx/0x93da7f1cdc9cdb724805d42683b81e8e99e5a0af198206a9f6ac08832009a322
2023-03-24 20:45:35,True,0.0916,5.195e-05,91356.2,4.74633,0x6b...bdf6,https://etherscan.io/tx/0x602f067f733e579c1ad81cb6d3015334a89187c71626b553bbd6a86edfc737c8
2023-03-24 20:44:59,True,0.09052,5.134e-05,11685.7,0.6,0x74...297e,https://etherscan.io/tx/0xb01c5fff6b653acf4244ce8e78b900e64f07c613bc9cd8baeac7150a9deceeb8
2023-03-24 20:44:23,True,0.09042,5.127e-05,1059.34,0.0543,0x44...6c1e,https://etherscan.io/tx/0xe06ae135b7708ff9d1854ffc1b61848419432b642248ca4d20dca29eb885ff48
2023-03-24 20:41:47,True,0.09033,5.121e-05,8709.9,0.446,0xed...5c45,https://etherscan.io/tx/0x7dd9ba4c03693cd4cb1791de4e53aded119217dd0631aaffc93e05774144ea9d
2023-03-24 20:40:59,True,0.09023,5.115e-05,871.94,0.0446,0xb6...dc19,https://etherscan.io/tx/0x72199db990682be574758dd3a94e94cad2574eed1bb723f8400ff206e8c34d6d
2023-03-24 20:39:59,True,0.09021,5.114e-05,550.38,0.0281,0x92...6ed8,https://etherscan.io/tx/0x55438e3318cff5bc4e5fbca6c0da86b302d26090cff2f2fd2b79c711ebe361c6
2023-03-24 20:39:59,False,0.08971,5.086e-05,3986.34,0.2027,0xd7...a3b2,https://etherscan.io/tx/0x9c02b092e267ca8d4a610cd065993905f42603cce224e3404838a45b1b5184cc
2023-03-24 20:39:47,True,0.08987,5.091e-05,47526.1,2.41986,0x20...9b9d,https://etherscan.io/tx/0x5207c4b355586ceff3030095ec85c4f4d4d019dcfab6b4ad227e8b2e3018d135
2023-03-24 20:39:23,True,0.08935,5.061e-05,5000.0,0.253,0xae...4002,https://etherscan.io/tx/0xe27d83b1e1572c0c4e65d60541e738107ee679480195fe9ea8846548fa1312c4
2023-03-24 20:38:59,True,0.08927,5.057e-05,2372.86,0.12,0x0a...611e,https://etherscan.io/tx/0xa3922b90bb4f1fdbbdf91445f6d394659bbffda4adf1a1c2d475d2649f22cc1f
2023-03-24 20:37:35,True,0.08918,5.05e-05,8886.03,0.4488,0x17...cdc1,https://etherscan.io/tx/0xad3af57e36a17bfdac32d77978c9a6e55bf00263bc3fda3bd09ee4c4d5c6c9a0
2023-03-24 20:33:11,True,0.08895,5.044e-05,1964.99,0.0991,0x97...68b5,https://etherscan.io/tx/0x0571b60e3b1786667af83ea89e833ec6d3db225f860c6bd30853cbb73a9507f1
2023-03-24 20:32:11,True,0.0889,5.042e-05,2555.79,0.1288,0x8b...a756,https://etherscan.io/tx/0x82dca4b17dc2d8f2cb433e30494a1eb5e4907027f1790459531af6ebf9eccc1e
2023-03-24 20:32:11,False,0.08839,5.012e-05,4455.0,0.2233,0xe4...dad6,https://etherscan.io/tx/0x1acdbecc27c0e95f41ac1b63723edb3ed122ada70d44ccdc61bdaf73e64ab7d7
2023-03-24 20:31:59,True,0.08894,5.044e-05,2776.47,0.14,0xaf...7ba7,https://etherscan.io/tx/0x457a9d3f45a5a9b9338a1d7a142ff9a15c0e678d5762f6c2e8895e74246401c1
2023-03-24 20:31:59,True,0.08884,5.038e-05,6434.92,0.3242,0xe4...8f9f,https://etherscan.io/tx/0xa1fd414cc5ea696395952661bf045f968c0127aa772344a5ff0d5c92129b9d7e
2023-03-24 20:31:35,True,0.08877,5.034e-05,393.753,0.0198,0x1b...07cb,https://etherscan.io/tx/0xdd9015f657c79a08927a540286cfa8f51c52b5944a975226668507c7a3ae0b64
2023-03-24 20:30:47,True,0.08881,5.033e-05,2166.27,0.109,0x6a...c573,https://etherscan.io/tx/0x010b340516d17673cb485dbdcce7624a74324505666bdb21951cb9a1fd72a593
2023-03-24 20:29:35,True,0.08873,5.031e-05,1049.26,0.0527,0x29...bf8e,https://etherscan.io/tx/0x4b21f77c68043068e5cd394033aad909b3aac6c148420c17fd21bb76daa6b73a
2023-03-24 20:29:23,False,0.08843,5.014e-05,24602.3,1.23375,0xd2...92ae,https://etherscan.io/tx/0x3735c289aaa4fac56a98ba3f86513493227342115392280400aeed32d84bb12c
2023-03-24 20:28:23,True,0.08918,5.058e-05,587.856,0.0297,0x67...2840,https://etherscan.io/tx/0x760b20ba981b771c42a2df4b6b3180a557a5a414fde2bc4c2f557edc22dde42c
2023-03-24 20:28:23,True,0.08917,5.058e-05,352.751,0.0178,0x20...e2d2,https://etherscan.io/tx/0x359096a0189b618ad43d8abc7dc2fcb9dd61a85ec6c06ff99f474cad9e9371ed
2023-03-24 20:28:11,True,0.08915,5.057e-05,783.993,0.0396,0xa0...8ee7,https://etherscan.io/tx/0x076f5747f5feac7ba0110d1a618fba0efa961ae9ba09eccbd03bcf4283ad0006
2023-03-24 20:27:23,False,0.08866,5.029e-05,4455.0,0.224,0xe4...dad6,https://etherscan.io/tx/0x7e34ec22ed16901428056b1a22fa8393f18112bfc49460d5cb634f851186f88c
2023-03-24 20:25:59,False,0.08876,5.035e-05,5954.87,0.2998,0xc5...56fe,https://etherscan.io/tx/0xec6440a12aab7c3e1c49e284b48339851e5785f9c719322c1bf4cc3531f62ac7
2023-03-24 20:23:35,True,0.08938,5.065e-05,5322.32,0.2696,0xfa...b425,https://etherscan.io/tx/0xce939d7901f6b1aa3fb08483ac257c95ae7df71de494a7fd7703e2b43b1b9b20
2023-03-24 20:22:23,False,0.08867,5.035e-05,4446.62,0.2238,0x00...6bba,https://etherscan.io/tx/0x7f64bbaff907a53be71c0742cc1d195a144f565fb359a133cf65467e2b9b0872
2023-03-24 20:22:11,False,0.08877,5.04e-05,5150.71,0.2596,0x8a...4464,https://etherscan.io/tx/0xf624fc4ee4fd7c7ce8b5febb4f628bc2365cc1c787217216b798a7c087f842b6
2023-03-24 20:22:11,True,0.08783,4.987e-05,152624.0,7.6119,0x77...deb5,https://etherscan.io/tx/0x9e21dfef115f4ab26fff01b8c3ac609c9e5c354fdb31339bb4c22c44ac1187ee
2023-03-24 20:21:35,False,0.08587,4.875e-05,4787.12,0.2334,0x00...6bba,https://etherscan.io/tx/0xa9fdd229500e202bbfff68e2e7c0b032e4581b65f03f1d7d3d8c3f1f82cd69b0
2023-03-24 20:21:23,True,0.08637,4.904e-05,6315.46,0.3097,0xf8...5cfd,https://etherscan.io/tx/0x640958ce853d3669fb1c266ad0c840a9d230181ee8799df11200415894affd6d
2023-03-24 20:21:11,True,0.08626,4.898e-05,5573.07,0.2729,0x9d...7eb4,https://etherscan.io/tx/0x4a517c8762c24a174d77ac2508ea9777954382a9939615c649be30b6c437ed21
2023-03-24 20:21:11,True,0.08615,4.892e-05,5368.85,0.2626,0x42...cf69,https://etherscan.io/tx/0x9d588e6dc3efc649b6beb3a59f06db80586ebd8ef977cf0cb788b7d0d8b0fbd3
2023-03-24 20:20:47,True,0.08611,4.887e-05,2433.64,0.1189,0x70...6ab9,https://etherscan.io/tx/0x371583e054f0c1c0e7c9c33156887b0c7f614d3c8b10c47d39448232285e9894
2023-03-24 20:20:23,True,0.08608,4.886e-05,371.962,0.0181,0x4d...d5bd,https://etherscan.io/tx/0xaa7d5021744c61da3cb5a33ef5cda1998c61682e8842e4405c29fff0bb318070
2023-03-24 20:20:11,True,0.08578,4.869e-05,30127.1,1.46709,0x46...4f84,https://etherscan.io/tx/0x629e67297b2dad62e0108869d801ccb9b9a5bac7855bb9d2b0032e821fe8d7c9
2023-03-24 20:20:11,False,0.085,4.824e-05,1000.0,0.0482,0x42...cf69,https://etherscan.io/tx/0xf997f0e41398775162cf8b60fa8fc7a1865f4e839e5e8dbbeedfb2da19b23fad
2023-03-24 20:19:35,True,0.08552,4.854e-05,199.334,0.0096,0x23...e6a6,https://etherscan.io/tx/0x237ad60ceff2d747f3fae2cfe38b8f4b3ba1b237fb3aa00da3d0bca58b4404b8
2023-03-24 20:19:23,True,0.08549,4.853e-05,2030.31,0.0985,0xd1...3385,https://etherscan.io/tx/0xa4b6e6a9e69b8110882112b581d49f57219a195cdd3f772d2df1783b69af23d1
2023-03-24 20:18:23,True,0.08547,4.852e-05,100.104,0.0048,0x90...5af0,https://etherscan.io/tx/0xc7bee599415b2fbdadf7fa3e1e945fc3a2062f3375b814d8ec07c5094e7b0f3d
2023-03-24 20:17:35,False,0.08498,4.825e-05,4396.76,0.2121,0x94...4e11,https://etherscan.io/tx/0xf90d0a7456e97473fcffd31a65d58affab14ef27e045c3ce9c7bbbfe9723427d
2023-03-24 20:16:47,True,0.08545,4.855e-05,2731.31,0.1326,0x85...d2dd,https://etherscan.io/tx/0xc9621fdacac02aa8338a0bb4d79a3ba590e30c6e210d546df4322224228355fe
2023-03-24 20:14:59,True,0.08526,4.853e-05,245.073,0.0119,0x3d...8e37,https://etherscan.io/tx/0x0166e6b2ec2391a608f5a6b78caa9c574307b92ed714eaf3d4cdf1ad3959c186
2023-03-24 20:13:59,False,0.08479,4.826e-05,3928.7,0.1896,0xe8...c6a8,https://etherscan.io/tx/0xff5720b33b28644da7c595890961f6b4c3f6f1e9e90481f721d7fb5bc377f743
2023-03-24 20:13:47,False,0.08483,4.828e-05,100.0,0.0048,0xc3...cecd,https://etherscan.io/tx/0xaf7a5a7b90993ff2365c232e0724eb729afe6e1a134c29c66b0221ef362239c5
2023-03-24 20:13:11,True,0.08533,4.857e-05,1344.7,0.0653,0x2e...f345,https://etherscan.io/tx/0xa810eed6e4583b51a20749990eb501a5d1b4763365a66728b84e4eda580a733f
2023-03-24 20:12:23,True,0.0853,4.855e-05,1837.39,0.0892,0x0d...abdd,https://etherscan.io/tx/0xa1e254b3a094da4d0c6ebb4b4f1e05fceaafc93f77446384f42e549db7fc924f
2023-03-24 20:12:23,True,0.08528,4.854e-05,612.628,0.0297,0x68...a4af,https://etherscan.io/tx/0x9cb00b44d74c1ce6d6b6429957102c451620efba42e28624a79a9a006290dd7b
2023-03-24 20:11:35,True,0.08523,4.851e-05,4047.83,0.1963,0x85...d2dd,https://etherscan.io/tx/0xb285927d0452c3305f8a68f3a689e5a78caf2963e3e4ad9b640b4a896357706a
2023-03-24 20:09:47,True,0.08519,4.849e-05,817.701,0.0396,0x01...c04b,https://etherscan.io/tx/0x73a5cfde776724f72a75fe93b0fc2ffea8d5cf2797891cae4a5ccd1a272329f3
2023-03-24 20:08:23,True,0.08516,4.846e-05,4602.33,0.223,0x8f...4014,https://etherscan.io/tx/0x788a54f6d2dc75fe28aa35cdfbb77f4720ab7c8fb2f886f173e4be2534627909
2023-03-24 20:07:11,True,0.08511,4.842e-05,2000.0,0.0968,0xb4...6df4,https://etherscan.io/tx/0xcd10d2ee9f522db3b3b7e24cd21d6ac5fd6e46b9aaabea9f0d076e5617a45ff4
2023-03-24 20:07:11,True,0.08508,4.84e-05,1533.51,0.0742,0x69...6b60,https://etherscan.io/tx/0x99ad29709da4ed3bfedb6d9987efd1bb9b55bd2d554cf2c29470631233bde0a8
2023-03-24 20:05:47,True,0.08485,4.837e-05,5235.39,0.2532,0xb9...029a,https://etherscan.io/tx/0x566d51c37722043e76c0d5f63a73dfd4ed44a75228cf73c18dffa0d1cc70208f
2023-03-24 20:01:35,True,0.08484,4.832e-05,3897.63,0.1883,0x85...4c5e,https://etherscan.io/tx/0xc62fa4106d35970119ba4d670b2d129a2060fddf080fff1d9731756bfb6c9d1d
2023-03-24 20:00:47,True,0.08478,4.826e-05,7385.71,0.3564,0x9d...c2d2,https://etherscan.io/tx/0xf5a0ea00edb859c09a3c056ffde97ceab6c9872267a7a9537bdb29c65172bb18
2023-03-24 19:59:47,True,0.0847,4.821e-05,1336.35,0.0644,0x61...a444,https://etherscan.io/tx/0x98792b194c6e0ef7bfd3320bceb412bf13c97d2f9d5920464b2b27bc737f2dca
2023-03-24 19:59:35,True,0.08463,4.819e-05,2669.38,0.1286,0x97...0896,https://etherscan.io/tx/0xffadc0d7e8ed3c0de40f6034ad4f2cb344a6c3e3e54db2f40c1a216944a1cc91
2023-03-24 19:58:47,True,0.08465,4.816e-05,3087.22,0.1486,0x9d...7824,https://etherscan.io/tx/0x39927901104281d62cc4f2fb9ae7b91ebd431322de8ca623f2cb1dd48bb4c5f5
2023-03-24 19:58:23,True,0.0846,4.813e-05,2098.21,0.101,0x24...6b2b,https://etherscan.io/tx/0x5104b4cbe9f50fbf16c8041ecae025dd5210e5f9d49bfd3874b19d794cdd0b0b
2023-03-24 19:57:35,True,0.0847,4.811e-05,1152.45,0.0554,0x15...9172,https://etherscan.io/tx/0x54d16591c53248bc259231533930cd7da349b039e2572df1dc41826462150ea8
2023-03-24 19:57:11,True,0.08465,4.808e-05,5463.16,0.2626,0x46...c739,https://etherscan.io/tx/0xfc23b0b4a008b04d72ea806b19d6724165828a9f8077a5fb612c1061f972fe55
2023-03-24 19:54:47,True,0.08412,4.804e-05,1382.29,0.0664,0xf0...f958,https://etherscan.io/tx/0x335e4585c8717af71d613a5ebc680bdb588dd2f174b5d80293c7d972c2973a55
2023-03-24 19:53:59,True,0.08413,4.803e-05,46.2652,0.0022,0xee...4ea5,https://etherscan.io/tx/0x8df00358d6275f30fff07bac2ab7a12b74cf13ad1ee00297fc8128c8e5a8c158
2023-03-24 19:52:47,True,0.0839,4.802e-05,2063.88,0.0991,0xc6...187f,https://etherscan.io/tx/0xdd73855d4ad54be0f20a2ba9f58ad67e08cde1653d2486944933e78fe1f2b04c
2023-03-24 19:52:11,False,0.08344,4.774e-05,2919.55,0.1393,0x76...7d5e,https://etherscan.io/tx/0x28f791c592a57f315691a0bb86d7278f2987513e3087d01e0f35781b868bec39
2023-03-24 19:52:11,True,0.08397,4.804e-05,624.429,0.03,0x0c...5464,https://etherscan.io/tx/0xeaaa7eeb8c1783aa78c1a9ec0f4e7770254b90fee5a2665f76b28fede004f2de
2023-03-24 19:50:47,True,0.08392,4.802e-05,3777.52,0.1814,0x73...6d15,https://etherscan.io/tx/0xad7f2c6ea0d4098d86a0ba8e9f3e4be81d9814f920f281ef2ce5e1b3afe32e4d
2023-03-24 19:48:47,True,0.0838,4.797e-05,4752.17,0.2279,0xf3...9659,https://etherscan.io/tx/0x9f685ea75e396052a04f58248e3a226e952ebf5c80fbe0c9bea295153f342e6a
2023-03-24 19:47:23,True,0.08375,4.794e-05,454.816,0.0218,0x09...53be,https://etherscan.io/tx/0x0aac86a294b4eb5b63a73a12771d9ab54758c070d06de7325d3c27d1c1dc974c
2023-03-24 19:47:11,True,0.08368,4.791e-05,6620.67,0.3172,0x0f...b949,https://etherscan.io/tx/0x5c54bbb45e166b3f73ddb161339958dfc817a3457714b63700061520ddedac1c
2023-03-24 19:46:59,True,0.0836,4.786e-05,2070.94,0.0991,0x49...eff5,https://etherscan.io/tx/0x2fb3bee16453f8a5254a7676a2e1408cf6e35bb121431b56ee1196bb7758c794
2023-03-24 19:46:59,True,0.08358,4.785e-05,340.844,0.0163,0xf8...966c,https://etherscan.io/tx/0xbd18ecbc0fa7c966b9e49fc484a39c95cea1989899fbdb558f6800dadd3f946d
2023-03-24 19:46:59,True,0.08349,4.78e-05,9331.64,0.446,0xcc...c0c2,https://etherscan.io/tx/0xa87121181268a2cc4ee78fbd855e1e557e8fa4c7f6b4efbebee001b9322af99b
2023-03-24 19:46:11,True,0.08346,4.774e-05,2003.79,0.0956,0x88...afc8,https://etherscan.io/tx/0x1acb3aaa80dc0d9d4c9a37e4f44982965868d6c0ba9af3b773d17eb27473b1d8
2023-03-24 19:46:11,True,0.08345,4.773e-05,107.194,0.0051,0xc6...187f,https://etherscan.io/tx/0xe3db9d71a96beacf362111dafd497000b75e5f731bc6a7646257d279c3361536
2023-03-24 19:45:47,False,0.08318,4.757e-05,24858.7,1.18262,0x76...7d5e,https://etherscan.io/tx/0x69900d6346aa5aad8b5580730be1e19438d7b3a41af41275891540bf8ccdbc34
2023-03-24 19:45:47,True,0.08374,4.789e-05,17816.7,0.8533,0xd7...2eca,https://etherscan.io/tx/0x8ab4059aa9816e340299aa908b931b91d3f222b252a8ea4c310b057e40ef6237
2023-03-24 19:45:11,True,0.08347,4.773e-05,13186.5,0.6294,0x0b...0f0e,https://etherscan.io/tx/0xd36b7e23086e95ffc307a9b1b44881945b51891fbe8f334ae40796fa13e50222
2023-03-24 19:44:23,True,0.08328,4.765e-05,1308.79,0.0623,0xeb...ea43,https://etherscan.io/tx/0x4fe8a98d64fb7dda9abfe6aaba65f5003f37fc4596cec50c241bbc0d1eb09ab2
2023-03-24 19:43:11,False,0.08286,4.741e-05,10000.2,0.4741,0x2e...ccce,https://etherscan.io/tx/0x14714dc01e2117927169317efe2e567771718872d7e91392ee84d8139b74ccb0
2023-03-24 19:42:23,True,0.08335,4.775e-05,1141.76,0.0545,0xe3...a5fa,https://etherscan.io/tx/0x1b0a38a8b399a6cba44c03072770a2daa9586f1634e143a54a4f8b09478d821b
2023-03-24 19:42:23,True,0.08332,4.773e-05,2076.67,0.0991,0xd1...a598,https://etherscan.io/tx/0x3ae4c3ef5a788b65ba66512502901491bcd76cfb77e11703137401f9ee519637
2023-03-24 19:41:11,True,0.0831,4.768e-05,7437.68,0.3546,0x42...cf69,https://etherscan.io/tx/0x82d3981d7d28f5ae85eb46f6418b20a3e4c5c0dd5f42053f89ff6c10b4c07cfa
2023-03-24 19:40:35,True,0.08298,4.76e-05,6619.71,0.3151,0xf7...a63b,https://etherscan.io/tx/0x4652d0ff1ed8b27defdb8f0b04f7c8316eae07eab6a35b717c3b480a188e19b7
2023-03-24 19:40:11,True,0.0829,4.756e-05,2375.89,0.113,0xc5...cc4e,https://etherscan.io/tx/0x1358d5086ab263a07adc42c28d54c25b689502be4616fb39ea1796ed14f1eb0a
2023-03-24 19:39:23,False,0.08245,4.726e-05,507.643,0.024,0x96...c8d8,https://etherscan.io/tx/0x4adfba04ccbf947768a32d6afd07fb5e09425bf75c5801940f10b0f606e202db
2023-03-24 19:38:47,True,0.08282,4.753e-05,3942.17,0.1873,0xd2...321d,https://etherscan.io/tx/0xc66cf6e053f29e78a9cd786d2db8a60366217aa46e46b38eaf95f4ec2aa1f435
2023-03-24 19:38:23,True,0.08275,4.749e-05,4195.25,0.1992,0x22...7099,https://etherscan.io/tx/0x2d673973dc8e649df3fa84dc96afbd06c3c55889200e44810741b9388037741e
2023-03-24 19:38:11,True,0.08252,4.74e-05,12096.0,0.5734,0x50...aeda,https://etherscan.io/tx/0x5b8773ae078e67dd778cd6b6199ff9a3dc5892d84f4957b3bcbdbc6ba9979062
2023-03-24 19:38:11,True,0.08236,4.731e-05,5600.99,0.265,0xbc...fcd7,https://etherscan.io/tx/0xd6dda32ea821fc47adc70262445dcc5a27569408a6ddb4cd6f4019721eb59f01
2023-03-24 19:36:23,True,0.08227,4.725e-05,6020.24,0.2844,0x7c...ccbe,https://etherscan.io/tx/0x512f09c966caf3bc26845f50c947c2955b426963f7ab4d4796f9d2ff598ca51b
2023-03-24 19:35:23,True,0.08223,4.719e-05,4810.0,0.227,0xa0...2d65,https://etherscan.io/tx/0xb3f9563a587fc40c23b51b16ecc4cc527cb783c3db518357414f4d50b74445e9
2023-03-24 19:34:59,True,0.08213,4.715e-05,4822.07,0.2273,0xff...954a,https://etherscan.io/tx/0xd43e5037e407d177a5d24ea05c26316f09e1b7c5c18c6d9813c3d48e9f66d7e0
2023-03-24 19:34:59,True,0.08208,4.712e-05,949.13,0.0447,0x17...e4b6,https://etherscan.io/tx/0xb2c9777eef173af5589b057a731ba33d6719d88a3b9729fc4b114be8bfce00a9
2023-03-24 19:33:59,True,0.08194,4.705e-05,12175.3,0.5728,0xa9...7d14,https://etherscan.io/tx/0xbbb4482790b7669bc9479d55350677f4ce26425e79e2f6afc814eedfe28f4fb1
2023-03-24 19:33:47,True,0.0815,4.68e-05,37216.5,1.74173,0x08...0082,https://etherscan.io/tx/0x625337dc3c28d07e8e0ab4c6d4eab71f639d7330f051372de88faee4679a9b51
2023-03-24 19:33:47,False,0.08112,4.658e-05,50000.0,2.32922,0x55...b7d7,https://etherscan.io/tx/0x8e57d3e3f8105be127c365c6ca3d1306757c60a5a55f719a8419d637d7504e5c
2023-03-24 19:33:35,False,0.0821,4.711e-05,54518.8,2.56881,0x82...65fb,https://etherscan.io/tx/0x99345191f302369e514503e125d2c5e388d0f28822f9eed295a38aeb0b5acdf4
2023-03-24 19:33:23,False,0.08271,4.746e-05,13061.3,0.6199,0x00...6bba,https://etherscan.io/tx/0xf56cce284838f2e4a4b8f50b6b309308b82c59cff85bcacd4c7518c2007c1daa
2023-03-24 19:32:59,True,0.08311,4.768e-05,26200.6,1.24947,0xb0...2e74,https://etherscan.io/tx/0x99322b687752fb9feb9e2e5387b0532c70634ba441fe3d05a2e6eb3e9f5dd62a
2023-03-24 19:32:59,True,0.08285,4.754e-05,2103.47,0.1,0x99...1e54,https://etherscan.io/tx/0xa0c72af334a9cb17dc8c3bcc348f17a66f767573348fbaab6c38e301965f6079
2023-03-24 19:32:35,True,0.08272,4.746e-05,12074.2,0.5731,0xe4...ef09,https://etherscan.io/tx/0x4c55ac873b51dcae2450d39b105bd1b3b04c41f3bc297a25380c551ebbdbc8e1
2023-03-24 19:32:23,True,0.08384,4.811e-05,23830.2,1.14652,0x71...3f10,https://etherscan.io/tx/0x4de5aad6d31ad4aa40697b6711819b5ba94df4a9264be9db9ada8d2c623e3c85
2023-03-24 19:32:23,True,0.08351,4.791e-05,12646.2,0.6059,0xe0...7d1e,https://etherscan.io/tx/0x3ef18a2e7b581457a35b8d35920c9c6ef9705b6bfc3bfdfe30eb5a1876f60d62
2023-03-24 19:31:59,True,0.08192,4.701e-05,1828.77,0.0859,0xcf...bce2,https://etherscan.io/tx/0x1a2f69730c6e199a1d305f1c350bed30522e222e9e13754cf689cfd8602ed0c3
2023-03-24 19:31:47,False,0.08169,4.687e-05,29719.7,1.39315,0xd1...d41b,https://etherscan.io/tx/0xd1b4c8b7fe5fcc0899562423de2f5db7d1740aeaa730a0b92d6af98a596b2220
2023-03-24 19:30:11,True,0.08244,4.73e-05,1257.27,0.0594,0xeb...a100,https://etherscan.io/tx/0x7887f82798ecb03e476740fc2a971f23e8a6869c6fd3f6f7cec2c82dea65fa35
2023-03-24 19:29:47,True,0.08233,4.727e-05,4029.53,0.1905,0x1f...e791,https://etherscan.io/tx/0x43daedbed1f099e139e40331dadd6d1ba160bee476c7e02f45a8c39bfbc219f3
2023-03-24 19:29:35,True,0.0823,4.725e-05,20.9759,9.912e-05,0x13...cc24,https://etherscan.io/tx/0x5d9a060492a12b2fafd6b562ec9c9b4801b78a87301fead4a11462c4871e531b
2023-03-24 19:29:11,False,0.08184,4.702e-05,10097.5,0.4748,0x41...fe8c,https://etherscan.io/tx/0x30b3b3a86c43598c8d738dc6d675aa091926d245f6babfb77d420bdf0c1eae65
2023-03-24 19:28:23,False,0.08194,4.709e-05,4000.0,0.1883,0xb7...cf0e,https://etherscan.io/tx/0x1e3ec97fb5d7f4f93f39ff2a612d78c418d3aa8482f87a75dc0d611d442f0aa7
2023-03-24 19:28:23,True,0.08244,4.738e-05,2532.23,0.12,0x59...42bc,https://etherscan.io/tx/0xeca0a2bf4a79c0075c374056cebaa0b92a9ada80e87609b8f3add111cd835cd1
2023-03-24 19:27:11,True,0.08219,4.725e-05,23277.8,1.1,0x42...cf69,https://etherscan.io/tx/0xa1fcbd4775dd99f0b251078c3580fc2af3d05b8b1f34aa2f3cf2e8007aa9d9ed
2023-03-24 19:26:47,True,0.08197,4.712e-05,2103.48,0.0991,0x38...dd9a,https://etherscan.io/tx/0x0cedc40e58e5b4ae01631c49e761ae3a31fa261292920d282d9440d315c4f36e
2023-03-24 19:26:35,True,0.08182,4.704e-05,13841.8,0.6511,0x1f...e791,https://etherscan.io/tx/0xee0f53dc29b37a6a0b83d3a8447b94d10eeeb5f3e6ee222ceff39ea5a6ca9f50
2023-03-24 19:26:11,True,0.08168,4.696e-05,1794.13,0.0842,0x4e...d38b,https://etherscan.io/tx/0x634287746732b456f988c8b29bde6e86ca330f48fbcc8b439a3662609ba5410f
2023-03-24 19:25:59,True,0.08154,4.688e-05,13967.0,0.6548,0xb4...d18b,https://etherscan.io/tx/0x982b0d74dca3575cf3e036f6c5e5349069d527272767b14c58bba5e1ac047774
2023-03-24 19:25:47,True,0.08137,4.679e-05,3389.39,0.1586,0x32...8271,https://etherscan.io/tx/0x5bc53794d2cbdaae85a9d35a22c131613c197e259608da7fbff06da39431c525
2023-03-24 19:25:11,True,0.08136,4.677e-05,367.064,0.0171,0x85...3c89,https://etherscan.io/tx/0x6d6f4629efe81f4b4b58d01019b1a6d526c554c6733bdf3b85623e38887fc039
2023-03-24 19:25:11,True,0.08135,4.676e-05,1314.9,0.0614,0x42...cf69,https://etherscan.io/tx/0x5f8fd4a05ca0cf16b6831d1e8c39fda54663563bf26e08e8f39bb8258bd08ea9
2023-03-24 19:24:59,False,0.08088,4.649e-05,3000.0,0.1394,0x82...65fb,https://etherscan.io/tx/0xd8dc257471d2dc80957764f3777cb2a0b441bc3ebaf5e14b8797bf789cade7fc
2023-03-24 19:24:23,True,0.08129,4.672e-05,11962.8,0.559,0x24...7ae4,https://etherscan.io/tx/0xf98dfd1949215f15d6007fa2d1228ad0bf185d45099288ead8d8f200abcaf551
2023-03-24 19:24:11,True,0.08118,4.666e-05,608.42,0.0283,0xba...0fc3,https://etherscan.io/tx/0xc30819ad94956a3a5a84dd79ce519ed3dabd6daf5b7b32d4bb8966db112dc7fa
2023-03-24 19:23:11,True,0.0812,4.665e-05,1253.54,0.0584,0x30...34d5,https://etherscan.io/tx/0x3dc192ef85b16f9f7c4c416a32e4d0ebb8f0f2516513bb97c8c0f3425fdf970c
2023-03-24 19:22:23,False,0.08081,4.643e-05,13912.8,0.6461,0xb9...9a72,https://etherscan.io/tx/0x92e0d86b4101dfa6d217a7a044eb6486147dfd33ebf44d8523ccfd1063a1125b
2023-03-24 19:21:47,True,0.08142,4.678e-05,492.584,0.023,0x76...cdf0,https://etherscan.io/tx/0xad0ca339e83437d9b3255d419be1395c8ee5bf5d010452aa3e96ddab033e8d3f
2023-03-24 19:20:59,True,0.08145,4.678e-05,352.291,0.0164,0x2c...2f34,https://etherscan.io/tx/0xf35bd6a22109e6dfe222385121f521e42f859f23b0534a0c81f87b4eb7529117
2023-03-24 19:20:35,True,0.08143,4.677e-05,1483.48,0.0693,0xbe...f815,https://etherscan.io/tx/0xc225c12d45cfc83d62383b7bc1b2d14f39ffd9e2be47cef8726350b4cc1fdc57
2023-03-24 19:20:11,False,0.08096,4.65e-05,3794.12,0.1764,0x75...17bb,https://etherscan.io/tx/0xcd208851efd3c296299ec5756fa356dfaf978c47af4b39051ea61092f8298101
2023-03-24 19:19:11,True,0.08147,4.679e-05,1101.42,0.0515,0x58...3a40,https://etherscan.io/tx/0xc55156705a1ea7563d596458a0d02606c9c3438c917c93f6270d1eda15adeac8
2023-03-24 19:18:47,True,0.08141,4.676e-05,6132.68,0.2867,0x37...dae7,https://etherscan.io/tx/0xcc46e14f7d6b44cf509ace5bc833f8ee9e8af1e7373e6a39c9c23872c2d311b8
2023-03-24 19:18:35,True,0.08133,4.671e-05,2333.91,0.109,0x67...8738,https://etherscan.io/tx/0x354fba56c06f7abfc45c9273b9635c7a703aeac293612eea84cba0e2365eb82b
2023-03-24 19:18:11,True,0.0813,4.67e-05,764.081,0.0356,0x46...91c2,https://etherscan.io/tx/0xfdd08faa7692c493a915ac9949eeaeb82bb2a516faaedc74b1994b2a65ba0ed9
2023-03-24 19:17:23,True,0.08132,4.669e-05,1703.62,0.0795,0xc0...0629,https://etherscan.io/tx/0x08907af4bb57f01c09672ddd89fe75d2fbeba17812ac33d90fcfdf7fd8df8da6
2023-03-24 19:17:23,True,0.08128,4.666e-05,2973.74,0.1387,0x7b...abef,https://etherscan.io/tx/0xcb2b372b5271ebeb7131a1a0efc3e03d55b8e469ec4b7e063c75a4419d8611b8
2023-03-24 19:16:47,True,0.08124,4.664e-05,1061.71,0.0495,0xeb...3ba6,https://etherscan.io/tx/0xd2376741b0d4bd1db3dcf0c7c3350515ae307a34f69f5b7fe0a7ea39d6a0697c
2023-03-24 19:16:35,True,0.08117,4.66e-05,7162.88,0.3338,0x95...d617,https://etherscan.io/tx/0x507846a87e92bcd956bbac7d7789fd35d4a40c991ff648eacd816075d2d04883
2023-03-24 19:15:59,True,0.0811,4.656e-05,851.513,0.0396,0x31...f312,https://etherscan.io/tx/0xcbded195f95020981668b3aebf8372b55f2d891d3e5a2806513dfc1ebf9ca773
2023-03-24 19:14:59,True,0.08104,4.653e-05,4177.95,0.1944,0xc0...0629,https://etherscan.io/tx/0x63599ad0b803bd8d9845978d88f479bb6a1cabb8ede95b655389e9e48d85fcba
2023-03-24 19:14:23,False,0.08143,4.675e-05,101969.0,4.76764,0x1f...8bb1,https://etherscan.io/tx/0x6288601120dd1507dab16e3541cec2f2de62a1499ea71776e046f89360dea919
2023-03-24 19:13:47,False,0.08247,4.735e-05,14636.4,0.693,0x56...6583,https://etherscan.io/tx/0x0e853960c8967b3b3d9cc461e3012f95c1cd4fa1c08702e8530c6ab5f28769c8
2023-03-24 19:12:59,True,0.08297,4.77e-05,1662.28,0.0793,0xce...bfc2,https://etherscan.io/tx/0x6a49ae0f136ac08d47910189602bc108167100cc2edfe92021fb389618651454
2023-03-24 19:12:35,True,0.08295,4.767e-05,4500.66,0.2145,0x62...f006,https://etherscan.io/tx/0xb2ef5ef2a7a1214f309e795562ca1a399569f3c7ca367104239218e6753e3413
2023-03-24 19:12:35,True,0.08289,4.763e-05,2913.33,0.1387,0xe2...7396,https://etherscan.io/tx/0x5100c46ef3cc10d2c8b65746afdea9668c37a2f88bd7dd758bc94140684031b5
2023-03-24 19:11:23,False,0.08283,4.759e-05,50000.0,2.37975,0x62...3d69,https://etherscan.io/tx/0x64a551eaa94e45455e7dba6c38369b1b2869608608506867ed602977130e86c7
2023-03-24 19:10:59,True,0.08377,4.813e-05,2533.14,0.1219,0xa0...5dbd,https://etherscan.io/tx/0x68402f068e8d9820ae638b02eab78e0d48a69d7e6bb43a4145bb755fbdc74b71
2023-03-24 19:10:23,True,0.08365,4.81e-05,2750.98,0.1323,0x39...a3ae,https://etherscan.io/tx/0x3e7a84db489c7c431966a3ce7b4ad087ef49d0d81912be3bc28fcb638e0b5cb5
2023-03-24 19:08:47,True,0.08354,4.807e-05,2598.41,0.1249,0x2e...f345,https://etherscan.io/tx/0xa1a060337d1af13a30707dbf0a4f75d95b08846162153688d9a51036b047c549
2023-03-24 19:08:35,True,0.08341,4.799e-05,11666.8,0.56,0x74...297e,https://etherscan.io/tx/0xdd3879047550fc7efc3ebd9e48dd1ee31e2b79cec0aa654f61b3b398cbfdd5d3
2023-03-24 19:07:59,False,0.08325,4.791e-05,50000.0,2.39571,0x62...3d69,https://etherscan.io/tx/0x762dadc54a0f514bf8a067fe25c5261a923b41ea5e22ad5e90e6c5f5731b01fd
2023-03-24 19:07:47,False,0.08373,4.819e-05,2500.0,0.1204,0x6d...036b,https://etherscan.io/tx/0x08cb7f53b18bdeb029b4d3c1e0176255683affb154215226defd7c53faa32b12
2023-03-24 19:07:35,True,0.0842,4.846e-05,5902.75,0.286,0x12...7eeb,https://etherscan.io/tx/0x70b806e67e18debae6b4074a125d1d46bc63886a9d98f0b9cac767a5fac311a8
2023-03-24 19:07:23,True,0.08416,4.84e-05,5164.81,0.25,0x86...de59,https://etherscan.io/tx/0xc669ae8676ea9c827580649d70b06dfd3fc7c1fcfb504a894c31145bcc662c55
2023-03-24 19:06:47,True,0.08415,4.837e-05,426.358,0.0206,0xf6...dc94,https://etherscan.io/tx/0x0875a7d818e3dbf6ea013044ea76b45866b73fb9a9d45b74f0102fbc36304dab
2023-03-24 19:06:23,True,0.08412,4.835e-05,2500.97,0.1209,0x80...dfce,https://etherscan.io/tx/0x0c2fff9db37f0023237146bd96ab158137de25b3a959f3aeb9be719328de76eb
2023-03-24 19:06:11,False,0.08388,4.821e-05,30336.0,1.46273,0x9e...c4f0,https://etherscan.io/tx/0xc741a610238b1ebd90122356e5b30009be5ed0fa1f040024d08f4ae4201a2f79
2023-03-24 19:05:35,True,0.08466,4.866e-05,513.684,0.025,0x15...a774,https://etherscan.io/tx/0x58f9bab56571658c1bc10ec5e7e71563a260ad35c049b23c24dd6105cf469dd9
2023-03-24 19:05:11,False,0.08422,4.839e-05,3610.94,0.1747,0xe4...53d4,https://etherscan.io/tx/0x3b156463dcca01ebccfd67db68bf8e7e7b9d1fb617a955e96deac837e59ebd59
2023-03-24 19:05:11,True,0.08449,4.854e-05,28744.9,1.39554,0xa4...7323,https://etherscan.io/tx/0xc289870aa8aa8d00c86515b0da0cb7d301888831ed1338b2c2518f76dc6959dc
2023-03-24 19:04:59,True,0.08416,4.836e-05,6203.29,0.3,0x2e...f345,https://etherscan.io/tx/0xe431399421b53dd325c22188c27d567e5451c347dc557ca52a93afa6b8e84202
2023-03-24 19:04:35,True,0.0841,4.829e-05,5383.09,0.26,0x56...58fc,https://etherscan.io/tx/0x3d6a98ecacfe2a2a22f883c4387bb02227c0be94809f8105d434316cb34d80a3
2023-03-24 19:04:35,True,0.084,4.823e-05,6164.77,0.2973,0xab...b5aa,https://etherscan.io/tx/0xd87798160d0d2fcb6a9653fa23a40d169118d21b8c4dcd81023fb454e8d86b7d
2023-03-24 19:04:23,True,0.08393,4.819e-05,1275.1,0.0614,0x8e...f421,https://etherscan.io/tx/0xdfe502808a30f38c5fcfc9b5a13474ccd2249d21728de1dc36857a809ec03982
2023-03-24 19:04:11,True,0.08387,4.816e-05,5160.49,0.2485,0xc1...8656,https://etherscan.io/tx/0x48f1096a9de2408e7d4b2785228fa03b13ae8f427b10b0b0d07a48248129295e
2023-03-24 19:03:59,False,0.08352,4.796e-05,22402.0,1.07455,0x7a...2b66,https://etherscan.io/tx/0xccc1b4691a87099f3c05681350192f0c0b5c92d7a914c6afdc3ac24c5b6a741e
2023-03-24 19:03:47,True,0.08422,4.836e-05,1352.61,0.0654,0x07...6cdd,https://etherscan.io/tx/0x4bd5600d332a93bbf79d03a69278630bb6681d144bd975ed5c176365bd8e3fd1
2023-03-24 19:03:23,True,0.0842,4.835e-05,1200.0,0.058,0x54...3aa8,https://etherscan.io/tx/0xe9961b6918899e6e8306e164dfa6e0fd5c468351c17c484533ba809c561004a0
2023-03-24 19:02:23,False,0.08363,4.806e-05,1214.83,0.0583,0x76...7d5e,https://etherscan.io/tx/0xad99a0c4f8f035668f6c3369dd2f6f13a0cb97309bae36d026345ab29cff74b6
2023-03-24 19:02:23,False,0.08376,4.813e-05,12777.2,0.615,0x76...7d5e,https://etherscan.io/tx/0xad99a0c4f8f035668f6c3369dd2f6f13a0cb97309bae36d026345ab29cff74b6
2023-03-24 19:02:23,True,0.08438,4.849e-05,458.535,0.0222,0x7c...cc43,https://etherscan.io/tx/0x437210fe4b586a029715ff2b94f3f9693f2aee50f07392dd5684516dbbc97832
2023-03-24 19:01:35,False,0.08395,4.823e-05,6825.9,0.3292,0x7f...18eb,https://etherscan.io/tx/0xfaca0a9dc4dd1a51c0a1741217f0ce1ff1fcb49b8ec8a1ae6b9417f80c4ccf2f
2023-03-24 19:01:35,True,0.08421,4.838e-05,33639.1,1.62762,0xa4...7323,https://etherscan.io/tx/0x4619f928f135eb3acda50f915db7ddfda51748d49c0ab795f8fa4dcb522237c5
2023-03-24 19:01:11,False,0.08339,4.795e-05,6300.11,0.302,0x7f...18eb,https://etherscan.io/tx/0xe905aefe516e145004d1c885e5d6a97a59976d58e8ab9f7ad4c29e6f547dad53
2023-03-24 19:01:11,True,0.08372,4.813e-05,25806.6,1.24219,0x34...58af,https://etherscan.io/tx/0xef268d85c5c9c25ec7a4358e95ebb285b754926d3c242833733ad45ccc13ebcc
2023-03-24 18:59:59,True,0.08335,4.798e-05,2850.88,0.1367,0x7c...0d02,https://etherscan.io/tx/0x57864e4872211eda9eafb6a43fa354d992d902c12f8a8c9a95fd8328a8a0a442
2023-03-24 18:59:47,False,0.0828,4.769e-05,1964.0,0.0936,0x76...7d5e,https://etherscan.io/tx/0x1dc45cefa2c06fcd7fa72094c5a83038984e2b273d21e9b5652f4f485f74bbe8
2023-03-24 18:59:47,False,0.0829,4.774e-05,8894.66,0.4247,0x76...7d5e,https://etherscan.io/tx/0x1dc45cefa2c06fcd7fa72094c5a83038984e2b273d21e9b5652f4f485f74bbe8
2023-03-24 18:59:47,True,0.08331,4.798e-05,18588.0,0.8919,0xda...186a,https://etherscan.io/tx/0xbbce2784511a894b786a1cb4274fe30b76949a56b74041ddb38baffb42f80c0d
2023-03-24 18:59:23,True,0.08296,4.777e-05,20931.4,1.0,0xbd...fa8d,https://etherscan.io/tx/0x91ad0b29e6d4f539206b15f6750f85e44043b24b929e5bd4d4ff500ee2c4cdee
2023-03-24 18:58:47,True,0.08269,4.763e-05,5201.97,0.2478,0x19...004f,https://etherscan.io/tx/0x3200ba7fd9b6523bad2fa06e56220939b6ae27630bb226e4ca24ba89477614ee
2023-03-24 18:58:47,True,0.0826,4.758e-05,5624.81,0.2676,0x15...7143,https://etherscan.io/tx/0xc1d2053656e2e34affaf92b4db05f6fb1cc69b1e004e25d1255dfb69a78cb8ef
2023-03-24 18:58:35,True,0.08242,4.747e-05,15661.0,0.7434,0xe3...23bd,https://etherscan.io/tx/0xb68deb80c89f7a208ed1f50c2101636543dafde410814481b9b319241dc5ceb8
2023-03-24 18:58:35,False,0.0818,4.711e-05,1023.37,0.0482,0x2b...3c63,https://etherscan.io/tx/0x5e4cd0c44ed3e2ba432696915005d863d1d01e9ef07ea33d9fe5bdf81384f4f6
2023-03-24 18:57:23,True,0.08217,4.739e-05,1150.33,0.0545,0xa9...d0ed,https://etherscan.io/tx/0x1d6f64f7a7ac8c5567780eef4646846c77c0a749b86cc004de606316a975a85d
2023-03-24 18:57:11,True,0.08189,4.724e-05,27897.5,1.31797,0x86...b5f1,https://etherscan.io/tx/0x09c49e08a39141458ef05a2409af9c46ee209c6a519dc8802a47a896ffdfd5e5
2023-03-24 18:56:59,False,0.08127,4.689e-05,14248.0,0.668,0x5a...5b06,https://etherscan.io/tx/0xe19d2f79750c42a7e58587a0df89d7a863a853f30c75f33d7c41235de2f594be
2023-03-24 18:56:35,False,0.08142,4.697e-05,1993.41,0.0936,0x76...7d5e,https://etherscan.io/tx/0x371a9736055ab99cffcb9c1efd24fc42b37a382f4455e3db79f7e9329a7d22d6
2023-03-24 18:56:35,False,0.08145,4.699e-05,1660.21,0.078,0x76...7d5e,https://etherscan.io/tx/0x371a9736055ab99cffcb9c1efd24fc42b37a382f4455e3db79f7e9329a7d22d6
2023-03-24 18:56:35,False,0.08156,4.705e-05,11174.4,0.5258,0x76...7d5e,https://etherscan.io/tx/0x371a9736055ab99cffcb9c1efd24fc42b37a382f4455e3db79f7e9329a7d22d6
