datetime,buy_order,price_USD,price_native,amount_token,total_native,maker,etherscan_url
2023-04-02 17:27:11,True,0.07727,4.304e-05,2302.88,0.0991,0x3e...140b,https://etherscan.io/tx/0xcca22ae9ca973b4b497865e7164bc43766695dd9a98f159313a4e007176efd3e
2023-04-02 17:23:59,False,0.077,4.285e-05,14000.0,0.5999,0xff...067b,https://etherscan.io/tx/0x95d65f0484cead4ace561949333a61bd62b9efca59a018a7a9ce98310b2f20a7
2023-04-02 17:22:59,True,0.07749,4.318e-05,1389.5,0.06,0x09...4a35,https://etherscan.io/tx/0x58157d012d407849225b58ae222aa22010d226e388a7ae62dbdb6f419b83d027
2023-04-02 17:14:59,True,0.07746,4.31e-05,12392.3,0.5341,0x56...0966,https://etherscan.io/tx/0x376be3eef779e90cd5dc7ba10a831c4c2e59db4d30c5b421ac7f1cef2348a42f
2023-04-02 17:11:47,True,0.0773,4.303e-05,63.6925,0.0027,0x2a...58ab,https://etherscan.io/tx/0xd93bbef7ca5ed69a4041937ada973ceff81531b390656f3dfce99c03b6f9d2f1
2023-04-02 17:08:47,False,0.07715,4.285e-05,15163.5,0.6499,0x76...7d5e,https://etherscan.io/tx/0xa170d6161fe93febc8315ae8007fdb6d20431f9ac99926032bd8968f41ccca37
2023-04-02 17:08:47,True,0.0777,4.316e-05,6314.82,0.2725,0x80...646e,https://etherscan.io/tx/0xad72e22106cb2dd9b3f8199b2e638eab5f366a26ab177724d8e8b3dbf8ed9ca3
2023-04-02 17:05:59,True,0.07765,4.311e-05,2298.89,0.0991,0x5a...5b06,https://etherscan.io/tx/0x9582a611b097da34d6d1e8c47f47b8ae67375d1a9af439ce51211a12bf63dd9e
2023-04-02 17:02:23,False,0.07759,4.287e-05,4431.77,0.19,0x51...871d,https://etherscan.io/tx/0x3344d1499c6f82f2a5b70aa7ec8e57654a62cd7223a95a04c5f63b33a17f3a45
2023-04-02 17:00:35,False,0.07782,4.291e-05,3263.3,0.14,0x15...9172,https://etherscan.io/tx/0x187084ccebd0b75347b59b8df2a3789c88e6a2506c7104b69ac1d8bbbef93c58
2023-04-02 16:58:23,True,0.07837,4.319e-05,504.922,0.0218,0x9f...0093,https://etherscan.io/tx/0x3a334ba0a96a50e4b0564f6d8ae54bf6bc2152b4d0e7283d425daca65ec63565
2023-04-02 16:56:35,True,0.07835,4.318e-05,63.1329,0.0027,0x9c...bc55,https://etherscan.io/tx/0x394256da0738d5cef053b54bfe6665c2f26dcd78df1273a44f1f356061c611b5
2023-04-02 16:54:11,True,0.07828,4.312e-05,10000.0,0.4312,0x30...4098,https://etherscan.io/tx/0xe9adcafd52167290d19e7f0347812a3ae1bfc6306dbb5ce4019235cfb3d9ff99
2023-04-02 16:49:59,False,0.0779,4.291e-05,17871.8,0.7669,0xf4...51a6,https://etherscan.io/tx/0xf55946abbd8244dd1da7dcfa5a76a758cef1263cbbdd18ffd2ebb7bd4da907c1
2023-04-02 16:47:35,True,0.07856,4.326e-05,943.842,0.0408,0xa7...b025,https://etherscan.io/tx/0x574bceabc98eae93d08c340def196395d2d3abb5c686929a8a9f3b07cccbbf3c
2023-04-02 16:46:23,True,0.07852,4.325e-05,2521.11,0.109,0x29...9b0b,https://etherscan.io/tx/0x1088cf6f1f19875abf649c700c45ab4ddf5fe0adf48ccf691198a47045fb8f53
2023-04-02 16:44:23,True,0.07843,4.32e-05,5506.42,0.2379,0x46...83c2,https://etherscan.io/tx/0xc2d4d6501d428bacaad2ae5aca648cb053eca7627f3aa3db7f75e6d75db08946
2023-04-02 16:42:11,False,0.07807,4.299e-05,15000.0,0.6449,0xfc...4fe8,https://etherscan.io/tx/0x8fdecd6dbce086306626103cf0f764764df26a851657d6349037d228dc01ffdc
2023-04-02 16:40:47,False,0.07841,4.319e-05,19676.7,0.8499,0x16...06f7,https://etherscan.io/tx/0xb2bcbae6c486388cf9c21f5c2e04487c6b5e6988121912e65b391d451c8b0a0c
2023-04-02 16:33:23,True,0.07908,4.355e-05,1592.98,0.0693,0x82...94c9,https://etherscan.io/tx/0x56eb7551502e64a296db8d47f1d6e565f0421531543850449efd0ddbc0fe3451
2023-04-02 16:33:11,True,0.07902,4.351e-05,5226.63,0.2274,0xe0...8a1e,https://etherscan.io/tx/0x649d8c66ac448df58374b1e17ec0d6b605fac6f75a7e09357ff97465f2b95d60
2023-04-02 16:30:35,False,0.07847,4.323e-05,750.0,0.0324,0x54...726b,https://etherscan.io/tx/0x17baec18092e9ca8ae21488ac98f3a562295e93bcc5f18c5a3516fafe5093a13
2023-04-02 16:30:35,True,0.07888,4.346e-05,6381.63,0.2773,0xbe...bf4d,https://etherscan.io/tx/0x4300d66fa73eee6b733acc499be79d04c542f68cdde31cacc6d5b7e5a8e4103a
2023-04-02 16:27:59,False,0.07837,4.318e-05,3000.0,0.1295,0xcc...a966,https://etherscan.io/tx/0xd76c300e6c555456744c23cb8281ce918a376fd84b4da2a2cbb31d3b70b54f57
2023-04-02 16:24:47,True,0.07884,4.345e-05,1186.25,0.0515,0x3f...6d16,https://etherscan.io/tx/0xd0877542f88e6605b23ac1a49242018ba1663d613ffb0d770130a20f51135a9c
2023-04-02 16:23:11,True,0.07881,4.344e-05,64.1271,0.0027,0xa5...54c1,https://etherscan.io/tx/0x4b61ef8b7fc6ac9e0bdad56390921f6f56f61a2ffa40f4190c73368bdba89664
2023-04-02 16:20:47,True,0.07876,4.341e-05,5599.93,0.2431,0xc9...27b6,https://etherscan.io/tx/0xe4805497773dcac3de0c1a275e9c4ef51e9e7aab0279c6106b8df5288c4c8e6a
2023-04-02 16:17:47,False,0.0782,4.313e-05,2500.0,0.1078,0x2f...de44,https://etherscan.io/tx/0x05038edc894e32bc961389cfb41a1dc353d7b06c9024cd226f9fdfd768348857
2023-04-02 16:15:35,False,0.07839,4.323e-05,15000.7,0.6485,0x4d...8877,https://etherscan.io/tx/0x76a909adef22957c88b538d9a5f36551a5293cdc93d3f7bed5fb1067addcb161
2023-04-02 16:06:47,True,0.07905,4.357e-05,374.527,0.0163,0xd7...85f9,https://etherscan.io/tx/0x9dfa399c092d65ff20c9bc6b265c5db1b2b1e0bab0e7d19cc842b4060ae3d452
2023-04-02 16:05:47,True,0.07904,4.357e-05,62.6384,0.0027,0x1f...18a5,https://etherscan.io/tx/0x40b4e05197090e59196cc3858206bf5d12439e2e2b4991ad826ee326b0c5a351
2023-04-02 15:55:23,False,0.07859,4.334e-05,6138.98,0.2661,0x38...3f45,https://etherscan.io/tx/0x54941500dba3afa71608fd81fff0c57cf8ab095d15be142b48eaa5bc2fdee976
2023-04-02 15:49:59,True,0.07926,4.364e-05,412.058,0.0179,0xec...4806,https://etherscan.io/tx/0xbe361b7a629edbe3168364d1458e8c4cd80ac2004eeffbeeb800d39c9aebffdd
2023-04-02 15:46:35,False,0.07883,4.34e-05,3956.69,0.1717,0x2a...710b,https://etherscan.io/tx/0x796e0c09d357df08667b220c33421165b0693e653f44a129b12f57a977774c40
2023-04-02 15:46:23,True,0.07934,4.368e-05,385.116,0.0168,0x90...d446,https://etherscan.io/tx/0x387741cf12270518922a8611d52511cfeaede9b7bf38fdbcfbfb82b062c8d009
2023-04-02 15:41:47,False,0.07892,4.344e-05,5000.0,0.2172,0xcc...a966,https://etherscan.io/tx/0x727dfe13a5b9820e0964d9b094db5e1d3614c8d28d9d2b567e4eb681393a8b7e
2023-04-02 15:40:11,True,0.07937,4.369e-05,7167.34,0.3132,0xd2...2da9,https://etherscan.io/tx/0x6e4b891b10def29ae7db8136cb093c6b0d8f024446b426d9cf7f4606c50959c3
2023-04-02 15:35:23,True,0.07923,4.364e-05,2910.21,0.127,0x9c...dafd,https://etherscan.io/tx/0x2c6e738e2582558febab25164d492c139335cc87843256950bacbbdf7e928f8c
2023-04-02 15:34:11,True,0.0792,4.361e-05,681.748,0.0297,0x70...76fd,https://etherscan.io/tx/0x2ad56eda819c1a94aa807bb2c25556b00b03130619da29c02b49761de66ab86a
2023-04-02 15:28:11,False,0.07872,4.348e-05,22042.5,0.9584,0x7e...782f,https://etherscan.io/tx/0xf3d8a4946f487721091525e72df4d5b3da7e98f1d9545994f9c0a819044b8eeb
2023-04-02 15:21:23,True,0.07932,4.386e-05,30.1998,0.0013,0x53...49d2,https://etherscan.io/tx/0xc67a3cd4947c91b6c2c8355581b1b543b1c6f4ecf7290009dc773ea7b8b0f4a0
2023-04-02 15:16:35,False,0.07892,4.367e-05,12500.0,0.5459,0xd2...2da9,https://etherscan.io/tx/0xe82ba09c6b8abe2b1ab48f8e76d6d04ee662cfcf7fa2227ee953071bf715ac5e
2023-04-02 15:09:35,True,0.07974,4.4e-05,2252.79,0.0991,0x4c...98c5,https://etherscan.io/tx/0x905f667ebbfbafe16a6cce09bfecd0fe605ae418277e2cb6029b96f8af8e92b5
2023-04-02 15:05:59,True,0.0797,4.398e-05,313.05,0.0137,0x91...dc25,https://etherscan.io/tx/0xdf02af4a736cee8cc49134e2c2c31f5136bfa95f21d9a0eb3f6ef71c7242a8c6
2023-04-02 15:04:47,True,0.07972,4.398e-05,107.209,0.0047,0x95...db72,https://etherscan.io/tx/0x13b9cded9152ec6961b9d4ff55ac76652501e70e887cd60ba17949f92258af14
2023-04-02 15:01:35,False,0.07931,4.376e-05,7000.0,0.3063,0x75...68fe,https://etherscan.io/tx/0xa167f677c3c25878de9d208ea64ae681cbbc11e0e9813c39ebe02f22b825b220
2023-04-02 15:01:11,False,0.07941,4.38e-05,850.0,0.0372,0x63...3e05,https://etherscan.io/tx/0x5efd09fb53d871cc038b244ec09a39e5b351e14533d0eea6012c854fd6e5f3ae
2023-04-02 14:56:35,True,0.07991,4.407e-05,263.881,0.0116,0xcc...cc4a,https://etherscan.io/tx/0xda5dff08ad3abe5349547491199ed281c0d3377324ac1dac8b1ef70b4e34249e
2023-04-02 14:55:59,True,0.07987,4.405e-05,3118.25,0.1373,0x6f...0bfa,https://etherscan.io/tx/0x2988845c508767c836a979824066bb7d1a3a195cf62289d3c6ca08c7b7af2aeb
2023-04-02 14:54:23,True,0.07982,4.403e-05,562.807,0.0247,0x21...cac1,https://etherscan.io/tx/0x893eaadda939411ef49599648d59cbaf84f996100dd52a13aa66a78b4369ddd1
2023-04-02 14:48:47,False,0.07942,4.378e-05,3966.83,0.1737,0x2a...9b8b,https://etherscan.io/tx/0x5788c61837602b19377aec8df2409b51a5568ffa2f6117696b8c89d4dd2f6542
2023-04-02 14:41:47,True,0.07977,4.4e-05,11589.1,0.51,0x0f...1a20,https://etherscan.io/tx/0xf472bf1d8519c5bed618c09f1f39e746ac56f24cb1e0455b5cf2a4cac972578a
2023-04-02 14:39:47,True,0.07958,4.393e-05,1128.14,0.0495,0x03...4a97,https://etherscan.io/tx/0x579ff13d1b899bad99b4f31a627858bb6df12f119eb10a314c18aed7790a0cb9
2023-04-02 14:38:11,False,0.07917,4.367e-05,2000.0,0.0873,0x44...8a45,https://etherscan.io/tx/0xe780b136545748b1d25f1812454830bec51c018bba5fee7b873a4dd57c04570c
2023-04-02 14:36:11,False,0.07919,4.368e-05,319.278,0.0139,0xd5...5f71,https://etherscan.io/tx/0x1484f5e45d02564670c435abeb106cdfb05c7eb245f36079cc83bf3160d7520d
2023-04-02 14:33:47,True,0.07967,4.395e-05,568.831,0.025,0x19...7379,https://etherscan.io/tx/0x900fa76e4b9423bce270b21ea7ec98299f2ad1b222ed92939019678fc718841b
2023-04-02 14:28:35,False,0.07921,4.369e-05,1646.28,0.0719,0x78...de00,https://etherscan.io/tx/0x791d4118790249ff72c0baeefba2d0472e7d21eaa25fb978a4e17ee4de43692d
2023-04-02 14:25:47,True,0.07978,4.395e-05,1104.92,0.0485,0xce...1629,https://etherscan.io/tx/0x8c08b8faf8a7b26d5ce723623be1f5cb3ed0e72a6297d7af7831d3f39ff2cc75
2023-04-02 14:25:47,False,0.07933,4.37e-05,3469.38,0.1516,0xa4...7224,https://etherscan.io/tx/0x6ded8f5f7c487e7d8e1f80d5cb1a1fc08ed00e78610899d9729f245bacffd147
2023-04-02 14:23:47,False,0.07943,4.376e-05,6500.0,0.2844,0x2b...c75b,https://etherscan.io/tx/0xb2c266f637b7900fef75a366ea500246f2c56332ef41813ba7ce6aa778e47910
2023-04-02 14:19:47,True,0.07994,4.403e-05,6343.42,0.2793,0xe7...7054,https://etherscan.io/tx/0x352d5d0125a211b7fd4378170ed2530031cbceae285741f1e0a1d080e12eb0e8
2023-04-02 14:17:23,True,0.0799,4.398e-05,1352.11,0.0594,0x12...e8a3,https://etherscan.io/tx/0x2926109f08c32fb1f47f5f834c91f2f650c0cd53ef2e2a2a4a8dbd00ed7c4030
2023-04-02 14:15:59,False,0.07948,4.375e-05,7193.65,0.3147,0x8a...547a,https://etherscan.io/tx/0xf302abf2fe6d86a8aab4ef77df6619c0e087d941a7cb3af3f6ba0532bb011587
2023-04-02 14:12:59,True,0.08003,4.406e-05,89.3114,0.0039,0x9f...2140,https://etherscan.io/tx/0x400e25724b132a47a2acd9d264460b01983867d6a68ae2971ab413719d2c0dad
2023-04-02 14:08:23,False,0.07956,4.38e-05,1500.0,0.0657,0x93...b534,https://etherscan.io/tx/0x8a94443904a82f3bd1a6db675859d137a1ec0387d4074fb904a638606daece22
2023-04-02 14:07:23,True,0.07993,4.406e-05,2361.99,0.104,0x0a...51f2,https://etherscan.io/tx/0x72e883ae4775284de10f438f23650a0d725bb874045c3c3d8a06efd87d43faf4
2023-04-02 14:00:11,True,0.08007,4.404e-05,1237.82,0.0545,0x06...9cbb,https://etherscan.io/tx/0x2db146a0dd51f34d28616b3a9b78c4f076737ece57fbc8adca19cd3e6a2baa97
2023-04-02 13:54:35,True,0.08004,4.402e-05,2023.49,0.089,0xa8...4a31,https://etherscan.io/tx/0xc564112e039483943839c2aa54f3fa6e2ac33fb21f275d9205c383fad8c2924f
2023-04-02 13:47:35,True,0.07997,4.399e-05,3927.1,0.1727,0xc6...8cf0,https://etherscan.io/tx/0x52f5a83f7444dafcbee40e4c38afd4d8f875374213559255d3b3efae60091401
2023-04-02 13:47:35,True,0.07981,4.39e-05,11289.4,0.4956,0x96...2b56,https://etherscan.io/tx/0x7bc27f80d7ddd3aa71b4daa51967379c1305eab6dfb7d96e91bde27c2464c68e
2023-04-02 13:45:35,False,0.07923,4.358e-05,1200.48,0.0523,0x91...dc25,https://etherscan.io/tx/0x42e5e070e0931fcca80986c6ac8c5074b3f08afd98b2a93efff644d763e9f632
2023-04-02 13:43:11,False,0.07936,4.365e-05,11111.0,0.485,0x95...3357,https://etherscan.io/tx/0xe3c31c7533533931d004cbd312ad059e5fb897e690c2019023f4595b171d8b44
2023-04-02 13:43:11,True,0.07994,4.397e-05,1239.86,0.0545,0x5b...54e1,https://etherscan.io/tx/0x87cc6ec537400eec4d1999ab28f231d2fc3969e0f12fa2d2ca5c8d4055215a5f
2023-04-02 13:39:23,False,0.07948,4.372e-05,3736.0,0.1633,0x1b...9af3,https://etherscan.io/tx/0xe6c20d9de1c5753f8b52ceb14171639735051351ae8fa4e8af01fa201dc5e821
2023-04-02 13:37:11,True,0.08,4.4e-05,310.053,0.0136,0x60...bf50,https://etherscan.io/tx/0x9dde3613b351f6aa0b8019d0785b441e9ae1c3212e55bea9b6c19924f591bca8
2023-04-02 13:28:47,True,0.07997,4.398e-05,3583.36,0.1576,0x16...84ec,https://etherscan.io/tx/0xbe53c317be4acb9288ab8015dd31b95883bb339ddc4a29bc4c9bf0bee94ce4cf
2023-04-02 13:26:59,True,0.07992,4.395e-05,1089.89,0.0479,0x6c...0be7,https://etherscan.io/tx/0xa25733e3931f9c297a9700109af9795061ef8e9e7701ec894a42728ce067c342
2023-04-02 13:20:47,True,0.07986,4.394e-05,563.894,0.0247,0x1b...6171,https://etherscan.io/tx/0x1ccce782ea4ca0364851c1e9faff624d1d967de6b043fa78e2939611db2fca6d
2023-04-02 13:08:35,True,0.0798,4.394e-05,432.4,0.019,0xf3...4a91,https://etherscan.io/tx/0x80e7a1600b6428540b4e1bcccdce896987d7ea62a13b992d238ee89c9b460076
2023-04-02 13:03:23,False,0.07949,4.372e-05,7711.09,0.3371,0xcc...f512,https://etherscan.io/tx/0x4c9eef8766c243783ee686d9f90880377d220fc0758ad48ea3cec2c0c0743ed6
2023-04-02 13:02:59,False,0.07957,4.376e-05,316.044,0.0138,0xd2...2da9,https://etherscan.io/tx/0xb70426cdb6b914bfbc85e2ab7d95da9513337663b8072a7053ece3fa0b32c752
2023-04-02 13:01:23,True,0.08004,4.402e-05,1576.19,0.0693,0x6c...2fa4,https://etherscan.io/tx/0x42735219b33b9125237277213f9817b498e80f7760f753ead4efccebf1f1f85a
2023-04-02 12:58:47,True,0.07997,4.398e-05,4845.27,0.2131,0x01...0423,https://etherscan.io/tx/0x59e9dd8e32ef5af37b77d5726bd168eaf1ad3c2b7633cfacd981f894f6c60eb1
2023-04-02 12:53:59,True,0.07992,4.395e-05,1060.03,0.0465,0x9a...078f,https://etherscan.io/tx/0xe70e37b731573c9f95b747e05f6dfe703f4cfd3315bb91f03b2badcfb1f39fd0
2023-04-02 12:48:47,False,0.07944,4.369e-05,1895.77,0.0828,0x35...9f50,https://etherscan.io/tx/0x3ff51109510d974711176a565871c5e6623b6e2e4de487ad7dc398d482bf98d4
2023-04-02 12:48:35,False,0.07971,4.384e-05,23896.7,1.04767,0x57...13d5,https://etherscan.io/tx/0x04fbc11d5d73099aa691a9adb6375cd4170c89e292dd6389e408957b5b869c79
2023-04-02 12:38:11,True,0.08045,4.422e-05,4355.23,0.1925,0x88...619f,https://etherscan.io/tx/0x9d6702149ca1b5c96bfc59d09167e5ced2b2d4fa947fb3fc43151fe0b7669e78
2023-04-02 12:35:35,True,0.08039,4.419e-05,560.78,0.0247,0x46...91c2,https://etherscan.io/tx/0x83424a30bfedbe74d1df1a25c7c3fdd52fbedb6c543931d868adccc721beb589
2023-04-02 12:34:35,True,0.07997,4.395e-05,39420.2,1.73279,0xd2...2da9,https://etherscan.io/tx/0x134b093edcb2ab5ffbd1c10929fa0dcd0b8f7f1e729077f62b7ecb681d61617a
2023-04-02 12:34:35,False,0.07958,4.374e-05,48303.7,2.11305,0x6e...140f,https://etherscan.io/tx/0xb568e4b5e2f51e5da4a00281c77bed8c698c4f97c861c3901892fd65bf6e0712
2023-04-02 12:32:23,True,0.0805,4.424e-05,7000.0,0.3097,0xfc...4fe8,https://etherscan.io/tx/0x5920a3b201ab6d2490e795d72c68143a8cb746e3dba1a73c22b9474beebc08da
2023-04-02 12:31:47,True,0.08037,4.417e-05,5200.72,0.2297,0xc4...f010,https://etherscan.io/tx/0xeb6fe2ba35fb0fe821791e5e590f0dd9010c814bc004c960cdb41a098a649f06
2023-04-02 12:31:35,True,0.0803,4.413e-05,1347.45,0.0594,0x28...9c38,https://etherscan.io/tx/0x7005879e1671515400cadce7938b0a6de57f061d154c5e8da6affe47c8aaf734
2023-04-02 12:21:11,True,0.08027,4.41e-05,4854.23,0.214,0x42...cf69,https://etherscan.io/tx/0xb5a997eba142fe2490de6adebb7855c555dffa95e4674869ae0d05dc7a082a77
2023-04-02 12:18:59,True,0.07995,4.392e-05,24965.9,1.09672,0xc9...27b6,https://etherscan.io/tx/0xeb0224f0dc95bdf1e771e7bf3ecb1b549f82bbc63b9667d21dde83dad8fea083
2023-04-02 12:17:47,True,0.07968,4.378e-05,215.082,0.0094,0xa4...4f51,https://etherscan.io/tx/0xf38dea380c2f12d494b8696ddb97b1cbb6bef29cdc4a908447eb96476a9a8ba7
2023-04-02 12:16:23,True,0.0794,4.363e-05,25064.0,1.09371,0x23...d0b2,https://etherscan.io/tx/0x42639d9b6e37b485803c0a559333231c7f2aa5575b15f11f3f43091a3160fa67
2023-04-02 12:12:35,False,0.07868,4.323e-05,1000.0,0.0432,0x91...dc25,https://etherscan.io/tx/0x948a80ee4a64fa91f3a211cbd94db9369c7e275cb2142569564318764813f44c
2023-04-02 12:11:47,True,0.0791,4.345e-05,9125.03,0.3965,0xa8...9b0d,https://etherscan.io/tx/0x8b8eb8fea6606eccf8d493805f9ba8ff09be98084c2aec3a3f130502d1ed4e47
2023-04-02 12:10:23,True,0.07903,4.339e-05,1200.94,0.0521,0xc6...c5d3,https://etherscan.io/tx/0x48b62e1df6ed7e62f8cf3a75f86a8426e22efd55a4f49e8201f6e9b639c068a3
2023-04-02 12:10:11,False,0.07854,4.312e-05,194.913,0.0084,0x42...cf69,https://etherscan.io/tx/0xd8bd8bcdb62f4cb9ceeba2dccc0c12d4fc220da4b3aca8d843e0f99da9c7a3bc
2023-04-02 12:06:35,True,0.07888,4.331e-05,13732.4,0.5947,0xb4...6f68,https://etherscan.io/tx/0x433fffaaf489eb3a88580879a97911e0f5a6a803e572d05a8a27b5f69fa920ef
2023-04-02 12:06:23,True,0.07875,4.322e-05,1169.54,0.0505,0xf2...1065,https://etherscan.io/tx/0x5c0975acfdac6a308a2ed6c78a80bb338a86e4c88d0ef6d39a4f308c78855e60
2023-04-02 12:05:59,False,0.07833,4.299e-05,5324.73,0.2289,0x96...56f1,https://etherscan.io/tx/0xbea2318b3c6e525b10d0a86b139fc8ae377ccc61d2af4e20506a5d1464f5247a
2023-04-02 11:53:11,True,0.07885,4.326e-05,1707.54,0.0738,0xed...7896,https://etherscan.io/tx/0x77e46b2bb082af0464af5f00afaa68aaae1451f5a1fe5acea10ea43a46ced74a
2023-04-02 11:52:59,True,0.07854,4.31e-05,26719.2,1.15181,0xf6...68eb,https://etherscan.io/tx/0xfc2020125d0745682d52695c280eba6a827c804869d1fdf107091200374a0c1e
2023-04-02 11:42:35,True,0.07813,4.292e-05,6387.57,0.2741,0x24...7902,https://etherscan.io/tx/0xbb342649c5012ec89eb46096c4500cf1eb9caf49f3fbbf6f8d69dda0103614b5
2023-04-02 11:41:47,False,0.07761,4.263e-05,1500.0,0.0639,0xe0...8e38,https://etherscan.io/tx/0x4b6817cc20c2ca4b247d132630a07ff7080431fd1117cf55adb7db38833e7cf6
2023-04-02 11:41:23,False,0.07765,4.265e-05,2374.22,0.1012,0xd5...f537,https://etherscan.io/tx/0x30397bac0a014ea210c22a2a708899f758315c539d328dd9725d0fd0c5e80f45
2023-04-02 11:40:35,False,0.07769,4.267e-05,463.095,0.0197,0xe0...8e38,https://etherscan.io/tx/0x5aca188d6bc0764ebdb8bf5e47dab349324ff31132d4d01359ec66638c428392
2023-04-02 11:32:23,True,0.07815,4.293e-05,669.599,0.0287,0x74...56b1,https://etherscan.io/tx/0x377baf5c41e0dd4aa949d6cf6f9a27f20a1980a68d399fe3b25841c43ce809aa
2023-04-02 11:29:23,False,0.07767,4.267e-05,750.0,0.032,0xd4...453d,https://etherscan.io/tx/0x5497b7c0f2166000fd06559efb869200af4b0eeb8578e50eb63eb34d89a92c05
2023-04-02 11:26:47,False,0.07774,4.271e-05,6608.99,0.2823,0xba...9239,https://etherscan.io/tx/0xc63e03006153386893349f71a8ddd2a9aa7ebe4883cb3cf545481b7d24f789f0
2023-04-02 11:25:47,False,0.07781,4.275e-05,119.958,0.0051,0xea...6804,https://etherscan.io/tx/0x0360c2d4c2b8c69326240f83c7d4649367c41794bb98bd6251e36fa2f1763fce
2023-04-02 11:25:35,True,0.07827,4.3e-05,639.253,0.0274,0xde...59b0,https://etherscan.io/tx/0xc46602f82e81c0f58ac805566c9accfcd6034bff7a1d23f636b9cde01d99380f
2023-04-02 11:21:11,False,0.07776,4.275e-05,1450.0,0.0619,0xe0...8e38,https://etherscan.io/tx/0x9135f8cdc80c3b057a2e364d7b93604381647ed1b1630e9d8236663c2ee3f0bf
2023-04-02 11:13:47,False,0.07785,4.282e-05,11001.6,0.4711,0x17...cdc1,https://etherscan.io/tx/0xce61998a380ff2313632713b931a4eb62c206883a1d8680c2e5a51d27ac64c19
2023-04-02 11:10:11,False,0.07799,4.29e-05,2874.17,0.1233,0x19...173c,https://etherscan.io/tx/0x95aa6b2284814bbcba84de0dfff8d1dc3e9a5f694abe4132926074f8b8e26d8b
2023-04-02 11:08:47,False,0.07803,4.292e-05,1500.0,0.0643,0x0b...8fec,https://etherscan.io/tx/0xe4497dd9731717326cba6674a6b49c818e413e8295d330e98ce53953c304cb6a
2023-04-02 11:08:47,False,0.07815,4.299e-05,10143.5,0.436,0x09...e790,https://etherscan.io/tx/0xbf800cb1793618b67461cb7c57da75523feae473a3f514f309a2b8ef57d604b8
2023-04-02 11:05:47,False,0.07824,4.305e-05,600.0,0.0258,0x57...3178,https://etherscan.io/tx/0x5b68b5604949fb9c38719941fb0a6ecba2ae97d4c30d94615ba1b4e7042a1f55
2023-04-02 11:04:47,True,0.0787,4.33e-05,1007.06,0.0436,0x0d...1738,https://etherscan.io/tx/0x0bcc9b45342def3bec281102e19bd40b65852fbf73a9d1cadb28f3d00f456fc2
2023-04-02 10:57:11,True,0.07868,4.329e-05,2309.99,0.1,0xef...6d84,https://etherscan.io/tx/0x3c606614683b5c282454e71d14d9772bad32ef8e60a88cfd5b3bb1e9f8e344c2
2023-04-02 10:56:47,False,0.07823,4.303e-05,3800.0,0.1635,0x19...573d,https://etherscan.io/tx/0x1c4313804f47f09994e235399479186fa8857962ef4fe8538abc776db62d8ab7
2023-04-02 10:54:11,False,0.07827,4.306e-05,500.0,0.0215,0x58...7acd,https://etherscan.io/tx/0x14d3ff9ec9b20bf7ee1004c187dcd8a0edf3a1243351fb555c2310eaf2f9108b
2023-04-02 10:53:47,True,0.07874,4.332e-05,996.382,0.0431,0xff...a7b1,https://etherscan.io/tx/0x3ef6d12ec1263f78cd2da1d272393515a25df025ce366862dd58e3b31daf7550
2023-04-02 10:46:59,True,0.07874,4.33e-05,2289.18,0.0991,0x5a...b973,https://etherscan.io/tx/0x55217a53fd9a4d79f4a258fded8cdadaae5886cd032b6bdff3f6a500ee080867
2023-04-02 10:45:11,True,0.0787,4.328e-05,1145.11,0.0495,0x5a...b973,https://etherscan.io/tx/0xa207f250dc45d00c46b20c7ed9f480569d86a93df60c685c0a262c7971b4dea4
2023-04-02 10:40:59,True,0.07866,4.325e-05,3182.92,0.1376,0x2b...fae9,https://etherscan.io/tx/0x9278df1bc3af08b252a18a9668c705ad235a4768618e704cd67241a31fdc1d4a
2023-04-02 10:39:11,True,0.07862,4.323e-05,848.311,0.0366,0xf0...05e2,https://etherscan.io/tx/0x1884d32c4be340d1ce4212512e5d5f22e04f3171840e8cd23989061cf75230a8
2023-04-02 10:36:11,True,0.07859,4.322e-05,1635.25,0.0706,0x5e...21cb,https://etherscan.io/tx/0x8a1c735808514f064a1812684637bf48eb47e76219cb6ccad78a50e1326750e3
2023-04-02 10:34:47,True,0.07854,4.319e-05,2778.08,0.12,0xc9...0818,https://etherscan.io/tx/0xcae5a30f6563bd6ef4b8ece208e95e98eff6f9802c489ba76c84f5673e2fcfdd
2023-04-02 10:31:47,True,0.07849,4.317e-05,1354.67,0.0584,0x5e...bbd9,https://etherscan.io/tx/0x0e55644d872e86a0f9830c9f1535f704f0d1527e0ed927251e158ce0f67eafe7
2023-04-02 10:30:23,True,0.07844,4.314e-05,3791.05,0.1635,0x36...df52,https://etherscan.io/tx/0x8ed4794418520db36463af703431d0fbd5f1245c10c64745f4594e9ef50eb6bc
2023-04-02 10:30:11,True,0.07812,4.296e-05,27091.8,1.16409,0xe3...d2f2,https://etherscan.io/tx/0x0c12ff3a6f072d79a7c227c1055a1e98f6bfeb8de963abb2c907a384c6c65eb8
2023-04-02 10:26:11,False,0.07746,4.26e-05,8767.66,0.3735,0x76...7d5e,https://etherscan.io/tx/0x875076305c12ad8825f7c4ddd0d4d0ddf3b7a860796b5d37ec6fafad458c29f4
2023-04-02 10:25:59,True,0.07778,4.278e-05,23168.4,0.9912,0xf9...dec3,https://etherscan.io/tx/0x94178ad87236277ab33ef7ea747b562d3e6b838c38695c1b95dfa5a2bd85b7ac
2023-04-02 10:25:47,True,0.07735,4.254e-05,19743.5,0.84,0xce...fb40,https://etherscan.io/tx/0x893e80d95323a62c459d2c7e68cc4795c11f643fdccd2f010f74a9ed6fb7bc7f
2023-04-02 10:24:11,False,0.07669,4.218e-05,119.196,0.005,0x39...36f0,https://etherscan.io/tx/0xff30564a8b32da09b117de873d594a3dd413adde389bc8fc1776068b1e696654
2023-04-02 10:19:23,True,0.07709,4.241e-05,4500.01,0.1908,0xc2...13bd,https://etherscan.io/tx/0x0a776b7c64cc69f1abb543ce6c2de013e7f838e6d2749c10b8fb5e78520a6143
2023-04-02 10:17:23,False,0.07659,4.213e-05,447.742,0.0188,0x33...8d9e,https://etherscan.io/tx/0x5d55ddd0076f12f97503bcecb912443ebfbd6f4756f5d09e645e7f8e44679b2f
2023-04-02 10:15:59,False,0.07676,4.223e-05,16605.5,0.7012,0x1b...4ed6,https://etherscan.io/tx/0x88771944a47e507714846a7f718418ce02fcebea5916e26cf6773705c7912903
2023-04-02 10:15:47,True,0.07737,4.256e-05,1526.97,0.065,0xb5...72de,https://etherscan.io/tx/0x228bf85e19a1d555f57338c41b4fe331b84ee19f975bbf480d96472f478655f9
2023-04-02 10:14:11,True,0.07736,4.252e-05,6818.42,0.2899,0x1c...1d56,https://etherscan.io/tx/0xedc78fc3784c25ddfcdc837490e9b6dcc3983f0dc03689202aa0ce9cb9e262fe
2023-04-02 10:12:47,True,0.07728,4.247e-05,1400.2,0.0594,0x40...8734,https://etherscan.io/tx/0x361a69c41f6268d2fd4344942033a30d7faef3d25ee2aa797996971836a095ce
2023-04-02 10:11:35,True,0.07725,4.245e-05,1884.22,0.08,0x3e...3c61,https://etherscan.io/tx/0xe62db2b4a6637f7ce4e6723455bca0b43b5d0557db73b53491ae0bf59f0af4fb
2023-04-02 10:11:35,True,0.07722,4.244e-05,640.812,0.0272,0xd2...6af3,https://etherscan.io/tx/0xdf1a57329e94526f337935f55de2017ba1a7c0ba09ac6f4192d9cada2f22666b
2023-04-02 10:10:59,True,0.0772,4.242e-05,2121.2,0.09,0x91...dc25,https://etherscan.io/tx/0xbb94ab5c54a20bb9d563e1b6e11c4eb35c11e5ab7e4675c1402c415f9c9e662f
2023-04-02 10:09:47,True,0.07716,4.239e-05,3904.63,0.1655,0x55...b35f,https://etherscan.io/tx/0xaca3f818edfada3bea31a89693480dd6d585d0af693050fbe42828abef3ebf9f
2023-04-02 10:07:35,False,0.07669,4.212e-05,571.568,0.024,0x65...35d4,https://etherscan.io/tx/0x33583d4f655d52ef703b91541fb9b39f93e2b109817d8b779db26f543cc4e564
2023-04-02 09:55:59,False,0.07676,4.214e-05,2468.93,0.104,0xf8...ee91,https://etherscan.io/tx/0x442d92e1ad6e539474cf3e9454e0cb27294d29b94d9b9b4f97afc45f0121b77f
2023-04-02 09:55:23,True,0.07724,4.24e-05,938.209,0.0397,0x56...0c1c,https://etherscan.io/tx/0xb86931042eeb5e14c295c1c6a6354e360fe76e128c8e6c904b1893bcc6bf126a
2023-04-02 09:53:11,True,0.07721,4.238e-05,2338.73,0.0991,0x4e...036e,https://etherscan.io/tx/0x78afcd0d6b23f8b78c24fee200a00a8a3b5ebbd558518ae1dc9e441a800973e5
2023-04-02 09:52:59,False,0.07681,4.216e-05,8430.55,0.3554,0x8d...ca03,https://etherscan.io/tx/0xed8df84c4e1c0bd40a6a72ca5d0dc9d42b8c0d3f953382dcd8d743147649fd3d
2023-04-02 09:47:11,False,0.07692,4.222e-05,3500.0,0.1478,0xb2...fcbf,https://etherscan.io/tx/0xf91564241b1b63c5be5600e44d6b188b302e1a83a9e5eb19cef7bad116f54ec8
2023-04-02 09:45:11,False,0.07697,4.225e-05,1560.0,0.0659,0x72...cde3,https://etherscan.io/tx/0x162b02e44f59c2bea1e0c6e083a6f7b8ea5c4358451ebfffdd48e0a5895a0662
2023-04-02 09:44:23,True,0.07745,4.251e-05,94.8574,0.004,0x7f...5100,https://etherscan.io/tx/0xae923144995067e509792e4d9593b3dc69f0aba29b5926a4a075c18e2b68b6fd
2023-04-02 09:43:59,True,0.07744,4.251e-05,1293.76,0.055,0xfe...0f1b,https://etherscan.io/tx/0xcc6fbeaebc06edb684fc4c8fde916b86187941f52a180c23845d713b867e3363
2023-04-02 09:41:47,True,0.07741,4.25e-05,349.832,0.0148,0x0e...fb7d,https://etherscan.io/tx/0x5b5e175b469ab568eed3f76386bd592fb2f8ccf894b36bf3eb4d5318a0912d2c
2023-04-02 09:41:11,True,0.07739,4.249e-05,1399.65,0.0594,0xeb...ea43,https://etherscan.io/tx/0x7a59c2500ca29976a15875050a5de39874912f61ecf2eda657d59999361df911
2023-04-02 09:40:35,True,0.07736,4.248e-05,735.019,0.0312,0xe9...39de,https://etherscan.io/tx/0xf9efd5d0e3e6de418837cdf364fcc1c74efb15476c2296f0a70f80015bf0f16b
2023-04-02 09:35:59,True,0.07737,4.247e-05,1166.99,0.0495,0x88...619f,https://etherscan.io/tx/0x80f7249b3ea39ab82b6d3013d39ebf3040468f0ec32a32aea404b488c04fe55c
2023-04-02 09:31:35,True,0.07736,4.242e-05,6401.39,0.2716,0x95...48f0,https://etherscan.io/tx/0x4714b3d46beac8451fa1ece420aae3f4e76900e8d705ee8658bc6236666f1e45
2023-04-02 09:31:23,True,0.07712,4.229e-05,17294.5,0.7315,0xd5...2bc5,https://etherscan.io/tx/0x0bf80f06a658af094054a208dfcea1297aa72895443409613611d65f13494847
2023-04-02 09:30:35,False,0.0768,4.213e-05,34150.1,1.43898,0x16...b8be,https://etherscan.io/tx/0x9901cc7b73ba526c54c0bf16feaa353e01a864716e5cb50d8c3e433c45438080
2023-04-02 09:28:59,True,0.07761,4.257e-05,143.67,0.0061,0x23...e6a6,https://etherscan.io/tx/0xb33c9a9c443ce66b908b5bd2dbd0598d37f45555862ce0d93aeb1bafaad24dbe
2023-04-02 09:25:47,True,0.07759,4.256e-05,2598.02,0.1105,0xd2...2da9,https://etherscan.io/tx/0x3c112cdf6d6614fd1d81b1965d8b049319f11a521513c4ee859a54e5de88270a
2023-04-02 09:25:35,True,0.07751,4.251e-05,6062.02,0.2577,0xf9...ebd9,https://etherscan.io/tx/0x40c8cc4b4c55ec82d327424db1366686bd58beb7ae44d46efe0e4ba35a1e9ebc
2023-04-02 09:18:59,True,0.07743,4.248e-05,200.12,0.0085,0x89...114d,https://etherscan.io/tx/0x386cbecdcc527f06baff4b0107c614a242123694b702e6835735d33d4307e3b4
2023-04-02 09:17:23,False,0.07719,4.235e-05,22878.7,0.9689,0x76...7d5e,https://etherscan.io/tx/0x066f6ab6c20c0c79924c3968b6e181ed40aa5ad936607c0b68da51f13889cb13
2023-04-02 09:16:35,True,0.0778,4.268e-05,8199.29,0.35,0xc8...6d5a,https://etherscan.io/tx/0xc09783b7a8b1ae7bf42b8c1fcbe7d79e99bee917cf69b36135174171ea3b31bd
2023-04-02 09:15:59,True,0.07759,4.256e-05,13105.1,0.5578,0x89...114d,https://etherscan.io/tx/0x136147cc2f1e28d263b6edb264c183aaa5f55a1ce10c4bf4ffcf3f04a5de07d9
2023-04-02 09:11:35,True,0.07742,4.247e-05,3775.7,0.1603,0x91...dc25,https://etherscan.io/tx/0xb5e6944b0d5cfb6522882730d052b267615ac18e1bd15ba5fb98ee726d4da982
2023-04-02 09:08:59,True,0.07728,4.241e-05,7478.92,0.3172,0x36...5607,https://etherscan.io/tx/0xebc3d97a1c9a5e239457c0f9092cbe0d051f4955a977a4e84dd77e40ca9a4669
2023-04-02 09:03:47,True,0.07718,4.232e-05,8320.21,0.3521,0x7d...d786,https://etherscan.io/tx/0x4e41c9916582b2673008d8f53130df0951dd0e3bcc62d7ad1217d68fda0b73eb
2023-04-02 09:02:11,True,0.07711,4.227e-05,1876.06,0.0793,0x24...0571,https://etherscan.io/tx/0x303694ca84c979a9307819ad7dc45f8205adffab5eca90d34eb73aa34035c341
2023-04-02 09:01:59,True,0.07696,4.218e-05,12996.4,0.5482,0x91...dc25,https://etherscan.io/tx/0x818a173d4ef6d602664a4792c48d3ef15acb27e2fd39f15b6423e3302297743f
2023-04-02 08:57:59,True,0.07678,4.209e-05,4276.18,0.18,0x0c...f794,https://etherscan.io/tx/0x0b331651391e79cf030440248246298a38f7c325f1b5136c148ceec0704e39c7
2023-04-02 08:49:59,True,0.07665,4.206e-05,589.088,0.0247,0x0a...2748,https://etherscan.io/tx/0xa187e37443c08c5e48d20b7fd8963397761d65a20243c9a71d0bbf5a7805cd59
2023-04-02 08:48:35,True,0.0766,4.204e-05,4260.16,0.1791,0xd5...ca89,https://etherscan.io/tx/0xdc5d257384c342572f912ce36f604c88cd26ac713915b4c852b451ed06f7f4e8
2023-04-02 08:44:11,True,0.07647,4.201e-05,23.5914,9.912e-05,0x44...b2bf,https://etherscan.io/tx/0x6d8b725e613ae23383bae4454c9edd469d8fca011858bd9c7740dbc8b49dd3e1
2023-04-02 08:40:23,True,0.07644,4.2e-05,1769.77,0.0743,0x44...b2bf,https://etherscan.io/tx/0xda373377ad8b146b71dbd87b92a55f1dcc93d67547b98ab0811cfeb5552dc731
2023-04-02 08:39:35,True,0.07636,4.195e-05,7087.2,0.2973,0xa6...0ab9,https://etherscan.io/tx/0xe3a866596464c5cf3696298e7084a8f63a734feb3669a0bef3c39245a7435ce9
2023-04-02 08:30:11,True,0.07625,4.189e-05,3982.94,0.1668,0x72...3967,https://etherscan.io/tx/0x86a6e107ee7fc99ac91a39a77f9bf443f0a4992b96a0be3c174037056365f7db
2023-04-02 08:29:11,True,0.07616,4.185e-05,4973.9,0.2081,0x4b...98e6,https://etherscan.io/tx/0xcdbf93aff5a37df4f4b2d5da0db78da0dfa7a0c17d9de65bdaf1951c9add6ba7
2023-04-02 08:28:59,False,0.07566,4.157e-05,466.267,0.0193,0x42...cf69,https://etherscan.io/tx/0xd7ba32e35f9db427d8d9e57e219d5f07f0c7ee84ada7e861d4fcd8bf7ffe210b
2023-04-02 08:27:47,False,0.0758,4.165e-05,13897.0,0.5788,0x2b...7f93,https://etherscan.io/tx/0xf4c1eef771d0423633c7d642457414dd6db868228d8b8dd04cd4484a1d4c7558
2023-04-02 08:21:11,True,0.0764,4.197e-05,893.401,0.0375,0xed...a5ff,https://etherscan.io/tx/0x6fc1fd2f9cb442b8d80713e774d1e8fb215fa7df6737dfd6cad2330e5eeb6a3e
2023-04-02 08:20:59,True,0.07627,4.19e-05,12409.9,0.52,0x6c...4ede,https://etherscan.io/tx/0x504b3576727700c222daafd00e2cfc30615796fdfb433df6a2a1d06ae7730ff0
2023-04-02 08:20:47,True,0.0761,4.18e-05,4741.75,0.1982,0x17...44eb,https://etherscan.io/tx/0x80b0bd0981bad9299c8a17732e7d0c29c1ebcde2c9e56ed725dddc55759c40d3
2023-04-02 08:18:47,True,0.076,4.175e-05,5115.16,0.2135,0x89...114d,https://etherscan.io/tx/0x152355187c3b141a3ffbd3e7b2eb6c0820b79c71bc83267719dde7fe8858d9c3
2023-04-02 08:16:47,False,0.07587,4.167e-05,37143.1,1.54806,0xf6...68eb,https://etherscan.io/tx/0x1e9aca8589e046e5506d7a97773241a13e2268c4d30a15901c53a6e78899ec3c
2023-04-02 08:15:11,False,0.07628,4.19e-05,4617.06,0.1934,0xd2...2da9,https://etherscan.io/tx/0x6c0e1c53fdfe4d2ad55e2f82837aa73b8b678c12bb9c79d54d8aae3845eff2ab
2023-04-02 08:09:23,False,0.0764,4.196e-05,5931.34,0.2488,0xc2...b42a,https://etherscan.io/tx/0x526efa1e02f9b5172bd264a7190a3f8b83765c3f93616df7a9df75bb3e9e3d17
2023-04-02 08:07:47,False,0.07654,4.204e-05,8932.71,0.3755,0x88...b670,https://etherscan.io/tx/0x8018029b9136fe97be2477cc896ff4094aebd89dcadb099a9b4fda054d8a669e
2023-04-02 08:05:23,True,0.07708,4.233e-05,1873.24,0.0793,0xa7...7c8d,https://etherscan.io/tx/0x23d486a185a3197e7f97ddeb57d9cc1a948372b1e2bdd07fca6bc4e5d52e7681
2023-04-02 08:00:59,False,0.07659,4.207e-05,500.0,0.021,0x63...3e05,https://etherscan.io/tx/0x238c139b33a40425ee75bef55f2f3749124c245df064db8e2d5e97f4bbe46120
2023-04-02 08:00:47,True,0.07706,4.232e-05,201.478,0.0085,0xcb...d47c,https://etherscan.io/tx/0xee5bb932ea8dae5fd26b5a0efe45f986a574501fbdfd089b22478e30a7fe997a
2023-04-02 07:57:35,True,0.07701,4.232e-05,163.939,0.0069,0xca...6556,https://etherscan.io/tx/0x9d6f9ba7f2bfe736f93c936faefd0b99df31d254bf8d026b8a58040a1930220f
2023-04-02 07:53:23,True,0.07699,4.231e-05,1779.6,0.0753,0xe8...923f,https://etherscan.io/tx/0x0081d07083679f6a6e46fe7af6ffabe02ee4fa651c96a3c0ce6821cd91810985
2023-04-02 07:47:47,True,0.07702,4.23e-05,283.913,0.012,0x95...178e,https://etherscan.io/tx/0xa325d65ea031955c6afe8c954c05164d5d6ba7464823d9f02db99bf17d29356e
2023-04-02 07:39:47,True,0.07688,4.227e-05,5471.69,0.2313,0xe9...7d4c,https://etherscan.io/tx/0x37f8f8218b335be281f5a6debc7b661b4265ce06c7b2adeede239327445583c0
2023-04-02 07:37:59,True,0.07683,4.223e-05,657.112,0.0277,0xd3...df97,https://etherscan.io/tx/0xd99637e2974bed1c1ab03d3bacf1482ca2b8af36af0b23a74bd69909f9aec6a9
2023-04-02 07:33:11,True,0.07668,4.222e-05,1300.43,0.0549,0x97...0896,https://etherscan.io/tx/0x8477195903fc40a5a1a5cd33fa670bcc39f3d661c9b95d8fb241586bc0a78928
2023-04-02 07:32:23,True,0.07665,4.221e-05,1543.26,0.0651,0xb5...a59b,https://etherscan.io/tx/0xf570ab64a9f65d0cc10157d516429684cd275504cbfcad6f0f3e9a910c2071d2
2023-04-02 07:31:59,True,0.07659,4.218e-05,4018.48,0.1695,0x08...f329,https://etherscan.io/tx/0xc24cbd725a18a50500b800ab9f1e5439131609c131bde022ecb4b270699de1cb
2023-04-02 07:28:11,True,0.07656,4.215e-05,237.204,0.01,0x42...cf69,https://etherscan.io/tx/0xf99cba220d83524135f68fc88e725cf056bebac3471a47bfb4cd4203ed3c93c7
2023-04-02 07:27:23,True,0.07655,4.215e-05,470.3,0.0198,0x1e...eb70,https://etherscan.io/tx/0xb925f347145a216764f19ac1c8816ee4e1ca3c72206cd3b7940327ec44a37320
2023-04-02 07:24:35,False,0.079,4.35e-05,285678.0,12.4294,0x50...81c9,https://etherscan.io/tx/0xe57e620c68ccc2fda6c273575c7c41a6d737760a8b403dcccc767d3135aba3ed
2023-04-02 07:24:35,True,0.07949,4.377e-05,282803.0,12.3803,0x50...81c9,https://etherscan.io/tx/0x3cbf9306cd6ce763f591d709f5544ca4f7020d2cd1ae3c723ed2e1859af9bd76
2023-04-02 07:23:11,False,0.07664,4.221e-05,53160.2,2.24397,0x94...10bb,https://etherscan.io/tx/0x091e2150c25b08d1d2cbbb2a2ef39dd08012c89531247e147d2a51fbe7d48b56
2023-04-02 07:22:59,True,0.07757,4.272e-05,5915.98,0.2527,0x52...ef6e,https://etherscan.io/tx/0xc4a525115a3f4372bb9a1b4991c3d0001de8a61edd59efb3923ff525f6b65b4d
2023-04-02 07:16:11,True,0.0775,4.269e-05,50.383,0.0021,0x31...560e,https://etherscan.io/tx/0x0d9d0d539fb933956cb135e09a00a802309b417fb23dea020a871c6751d48ec5
2023-04-02 07:14:35,True,0.07747,4.267e-05,3019.55,0.1288,0x31...560e,https://etherscan.io/tx/0xffacd6d46b8120b145d7273ea84abc45aad28fed9fe58eef68d81c7cd3bfd618
2023-04-02 07:14:23,True,0.07741,4.264e-05,2228.66,0.095,0x01...e710,https://etherscan.io/tx/0x0ac53c390840fd84bd3dff42dc99abaab9299184156dbabad36ffe1edac8a006
2023-04-02 07:10:47,True,0.07729,4.257e-05,10099.0,0.43,0xba...80be,https://etherscan.io/tx/0x8529a7a3f67b005833647989f016905d9327d70b1a32059c8065c695f96bcbb3
2023-04-02 07:09:11,True,0.07719,4.252e-05,128.311,0.0054,0x42...9469,https://etherscan.io/tx/0x7280cabbaf949cf25778bc11533412067ce0f9b5b3519e50ea7ad2cbcdec0bd1
2023-04-02 07:07:23,False,0.07681,4.231e-05,7998.38,0.3384,0x3c...c5c9,https://etherscan.io/tx/0xd1d51606d0e6b7f5ea02083f30eb317a6a6bb0c0a3a66e25214e2e00d26eb1e4
2023-04-02 07:07:23,False,0.07693,4.237e-05,3500.0,0.1483,0x1c...4167,https://etherscan.io/tx/0xce8cbb1e8eace996d55c326316db6d1068be6306fa90424d269ebbfcbcad381f
2023-04-02 07:07:11,True,0.0771,4.246e-05,32311.4,1.37223,0xc8...6b5c,https://etherscan.io/tx/0x92387e7189d2a673c69e357803902f2234ba590ced05a9bb342a01286e90d462
2023-04-02 07:04:35,True,0.07675,4.227e-05,2344.6,0.0991,0xc5...8753,https://etherscan.io/tx/0x9384fbdfa2f57ae39553b25651c64b05702af3ad39309cf242221df02d6f1ce4
2023-04-02 07:03:35,True,0.07671,4.225e-05,2346.03,0.0991,0xc5...8753,https://etherscan.io/tx/0x1f10108affdd594053155c219cc18e7d2fc6ffe89897aaa998b4e1c6c5f8e6ee
2023-04-02 07:01:59,True,0.07665,4.223e-05,639.266,0.027,0x91...dc25,https://etherscan.io/tx/0x2304b91f614948caa09220c2c955fc2374b8a62ea5926783a73e179972f8d0e2
2023-04-02 06:59:59,True,0.07661,4.221e-05,3522.31,0.1486,0xb8...fa84,https://etherscan.io/tx/0x926c5ea8cbd93a16194b9c389447710fa975497403ce1f778b2da7fe49deae82
2023-04-02 06:56:59,False,0.07652,4.214e-05,37950.0,1.59953,0xfa...5e3f,https://etherscan.io/tx/0x96520aad4bd04977bfb1d6eade56c9d9ff99983ea2f2c0a5bf7f33f14995706a
2023-04-02 06:52:11,False,0.07693,4.237e-05,2500.0,0.1059,0x1a...d7c4,https://etherscan.io/tx/0xdce226b25d9cddfe779b8d9f3af8e4d7c73fff396200ca9995307dd7007ce4b6
2023-04-02 06:51:35,True,0.0774,4.263e-05,1296.36,0.0552,0x7f...332e,https://etherscan.io/tx/0x1cfd09e9b2864b02ba9b46c47114be2977e5f8dfd64290e42c34982759c79a98
2023-04-02 06:51:35,True,0.07738,4.262e-05,459.481,0.0195,0x9a...900a,https://etherscan.io/tx/0xfba400c1863d86b61675a4be341f557942dadda2d198401303202767b3079a76
2023-04-02 06:48:35,True,0.07736,4.26e-05,2093.81,0.0892,0x4d...515e,https://etherscan.io/tx/0x650f5c5962f06071272f970bca623b75da9bec66f7b817a8c9c4c7466c829e1b
2023-04-02 06:40:47,True,0.07733,4.259e-05,395.625,0.0168,0x21...07c7,https://etherscan.io/tx/0x26495d6f9c75d0e0e0be41f88025b4a3f72d65b83d3ff2aae4f6b817e49f11ea
2023-04-02 06:36:59,True,0.07733,4.258e-05,917.077,0.039,0x04...e39a,https://etherscan.io/tx/0x9a0bbfb7bda3136ea616a37a8927f7bf8c2ad42430035b12bb2790d60ebc017b
2023-04-02 06:34:11,True,0.07731,4.257e-05,1280.05,0.0545,0xeb...e6f9,https://etherscan.io/tx/0x4fe90b980a14dad3890edace9dab79144b5a5b2a19787aa2f2860fd81a086b56
2023-04-02 06:25:59,True,0.07731,4.254e-05,3230.37,0.1374,0xaa...1098,https://etherscan.io/tx/0x495bdb0aea3da7998d6947adb92fb4495b423d8c2399dc1007c11617210a03e0
2023-04-02 06:24:11,True,0.07726,4.253e-05,230.445,0.0098,0xbe...f392,https://etherscan.io/tx/0x719b17c931137154d7b68a10e688716b1f68a2f3291bfb322e54baa5f4688c26
2023-04-02 06:21:23,True,0.07722,4.249e-05,6998.67,0.2973,0xc1...c524,https://etherscan.io/tx/0x102a17104902802b09114a31d4ad253ee292e9537c29c5b727dfc816f6cc79e2
2023-04-02 06:18:11,True,0.07711,4.243e-05,3785.8,0.1606,0x9b...4265,https://etherscan.io/tx/0xafac70ac95b43649ed571e0626d13fccb4f7e25d698ed387cb8a138f170e675b
2023-04-02 06:17:59,True,0.07704,4.239e-05,2338.03,0.0991,0x15...8513,https://etherscan.io/tx/0x26725db0ffc75b98725209d8d5591cc227001faa33beedd698b01687006a6c72
2023-04-02 06:13:59,True,0.07701,4.238e-05,49.5474,0.0021,0x15...a774,https://etherscan.io/tx/0x9205ffac5750a6c8e85566eb381f7ef8978b1b5c012ae12965b605ae77f231bc
2023-04-02 06:09:23,False,0.07664,4.217e-05,9000.0,0.3796,0x6e...94a5,https://etherscan.io/tx/0x78e8df3c91372c2a1b99145e5c379f5ef735997f35182b704568bb4c043dbfc0
2023-04-02 06:05:59,False,0.07676,4.224e-05,2509.42,0.106,0xc4...5736,https://etherscan.io/tx/0xf18a343043a55a9ec4cfac3fb4059441fe33dab72edaddc9c2292ff10dfe5b14
2023-04-02 06:05:47,False,0.0768,4.226e-05,2344.11,0.099,0x26...40d5,https://etherscan.io/tx/0x5fec605aa528208a217c53acc32567e824666fdf33a14ab0730ee4d7d22a6915
2023-04-02 06:00:11,False,0.07717,4.246e-05,33302.0,1.41418,0xc4...c224,https://etherscan.io/tx/0x7543b7202ec9bffddbd08cd71d4c3c7087d763cb193090deafa2e37806108c19
2023-04-02 05:53:47,False,0.07769,4.275e-05,18012.5,0.77,0xd2...0e55,https://etherscan.io/tx/0x73920cb22a144d708dd041070ee431bea019c0f5084a20e75ef9622089098b9c
2023-04-02 05:51:59,True,0.07833,4.31e-05,1267.19,0.0546,0x65...468b,https://etherscan.io/tx/0x11d699d329a78e49575fd7c9497d7d82017df70f09544b6f1253b41f32d10ca3
2023-04-02 05:44:47,False,0.07809,4.296e-05,23500.0,1.00976,0x57...13d5,https://etherscan.io/tx/0x7292be4d694e8379c0a6e31ab58cd389c2b421605aff409f7b77cef9b08ca71c
2023-04-02 05:42:23,False,0.07975,4.387e-05,134503.0,5.90145,0x97...e551,https://etherscan.io/tx/0x23778e420ce3b014c7682cff3c6e03b80cb864666f80fee67c3a6269567b71ea
2023-04-02 05:42:23,True,0.08063,4.436e-05,95949.5,4.25643,0x97...e551,https://etherscan.io/tx/0xdebe4c0769421cb545cbfe3209b6cd6f956173cf77cd10bc0367a805a05b8c50
2023-04-02 05:41:59,True,0.07961,4.379e-05,287.868,0.0126,0x92...68d2,https://etherscan.io/tx/0x81aa65c13e5779bddf3f88cf23e6789687b95348b711b4908978d24aa2f82ae0
2023-04-02 05:36:47,True,0.07954,4.378e-05,1131.84,0.0495,0xf4...925d,https://etherscan.io/tx/0x92e09b16da1d7700e491c186b91089fada0fa50e3e157b453d9f6fbc6e0a7121
2023-04-02 05:33:23,True,0.0795,4.376e-05,2604.66,0.114,0x74...0e6a,https://etherscan.io/tx/0x99e43afc826323dcf32d94aa2fa8dfd0fbd80047e5fc439e2d8f7d9f921c98f6
2023-04-02 05:31:47,False,0.07902,4.35e-05,3000.0,0.1305,0x3b...a5bd,https://etherscan.io/tx/0xf03ac9ada67b34077334f57b78dc21b65459ee6e5450e8dfbda30b7b89c1240c
2023-04-02 05:31:35,True,0.07952,4.378e-05,933.397,0.0408,0x6a...e9dc,https://etherscan.io/tx/0xcefc05429294130a50e497579044385bbd088b189daf87e3239fa78030b8a42d
2023-04-02 05:27:23,True,0.07949,4.376e-05,1541.99,0.0674,0x40...4c6d,https://etherscan.io/tx/0xd026a871d629b2a1195fa886e1d74e65a203035d19f531bdfc17c9dbebabff40
2023-04-02 05:24:59,True,0.07941,4.372e-05,5030.93,0.22,0xb7...146e,https://etherscan.io/tx/0x24874d8be1d30ac86fb74fceadd3b121faedd450879bf1637fbc54d8526caa96
2023-04-02 05:24:47,False,0.0789,4.344e-05,750.0,0.0325,0x8b...b05e,https://etherscan.io/tx/0x5791b09ff5d71a6ad2fadae10050639c42ee4e1e8f55c670625612ffe15ac3a2
2023-04-02 05:12:47,True,0.07928,4.37e-05,567.001,0.0247,0x06...d202,https://etherscan.io/tx/0x2b6def2a2256e123e9b0a8c76f0f405f141208f5991b833ed93ce0bbf6967514
2023-04-02 05:08:35,True,0.07926,4.369e-05,1134.26,0.0495,0xda...8b6b,https://etherscan.io/tx/0x5725f737c4d1fb6d23daa32b471ebca1a5ecff28a56b37874679138e5e4f9721
2023-04-02 05:07:47,True,0.07924,4.368e-05,624.593,0.0272,0x83...9257,https://etherscan.io/tx/0x7d492d266cbe06837c551544a23998fcebf937a42d95802e85bc8efec0b62fbe
2023-04-02 05:05:59,True,0.07924,4.368e-05,189.538,0.0082,0x65...468b,https://etherscan.io/tx/0x2c69a38feffae9a8702544e2e2721109ad114b03d0590c1ec18e346e5d46e83e
2023-04-02 05:04:47,True,0.0792,4.366e-05,3436.81,0.15,0xe3...b792,https://etherscan.io/tx/0x0e1b7aa54f97267cfb445600a301cad11c95ca062d64f2ee080d2de189535574
2023-04-02 05:02:47,False,0.0787,4.339e-05,2000.0,0.0867,0x35...ea30,https://etherscan.io/tx/0xdf65c07b379f3f841765b629619be6169da2b68778e216266fe3dd9702243cc0
2023-04-02 04:59:47,True,0.07917,4.365e-05,2248.17,0.0981,0xf9...ffc7,https://etherscan.io/tx/0xb6c1e450194a02604dcae236430e7cf5cc7dd01da8d09640ac4b131b05e3b2ef
2023-04-02 04:56:35,False,0.0788,4.344e-05,12074.0,0.5245,0x06...7d1b,https://etherscan.io/tx/0x5de0b7171c3f622d595db05cea23da73e20e72c88a7c8b6069eedb6ef3d57b32
2023-04-02 04:47:47,True,0.07936,4.376e-05,1358.85,0.0594,0x1c...a1f7,https://etherscan.io/tx/0xe5b37ffc9499ee326d11b903ba91aa8006209b6372185e2b3a83612e8fd48c53
2023-04-02 04:47:35,True,0.07933,4.375e-05,1093.23,0.0478,0x68...3817,https://etherscan.io/tx/0xbfc580b5d3914a94cc6e2252d9482726d73f638435d835396d9f412e4429a3cf
2023-04-02 04:43:59,True,0.07932,4.374e-05,311.822,0.0136,0x01...c212,https://etherscan.io/tx/0xa424423285fe5560ea715890c38e5f262802d01b058c10d50225bdeb43373723
2023-04-02 04:39:47,True,0.07932,4.373e-05,997.171,0.0436,0x66...3371,https://etherscan.io/tx/0x8aab212871ba9e6b7841d6f9c55e37decdad8ffbec8e0eca8e258c5aa31c62eb
2023-04-02 04:34:47,True,0.07929,4.372e-05,1372.21,0.06,0xa7...263b,https://etherscan.io/tx/0xdcf8c3804e1bfd3915b06e5ce99c64ed8c03aeb982eba8ab0f1191ea9d87af45
2023-04-02 04:25:47,True,0.07915,4.369e-05,3498.98,0.1528,0x67...512f,https://etherscan.io/tx/0x55f190da94825a47c6ce7d7406c31571b582d670d7e6b74979ec44b43140538a
2023-04-02 04:23:23,True,0.07906,4.365e-05,4541.75,0.1982,0x32...9fb7,https://etherscan.io/tx/0x146264061c3c3bcf87f2ed0208b779697402063f0fea8c90d38ced5f31917be8
2023-04-02 04:21:35,True,0.07901,4.362e-05,725.116,0.0316,0xf2...7c72,https://etherscan.io/tx/0x7ba23b80ee9549f44941054cbfd1b86a914ad764ed470ba10b9f6d85bf6e9ac2
2023-04-02 04:18:11,True,0.07883,4.348e-05,23562.2,1.0245,0x57...13d5,https://etherscan.io/tx/0xde5a31d4a7461d6beb62add136c14222cf3027009f2c86c314fe0bba8b45f3b2
2023-04-02 04:16:59,True,0.07848,4.327e-05,11784.0,0.51,0x4e...0a93,https://etherscan.io/tx/0xe9a52a60f217349acabd241e4bda5fd11abbf00f936aff35e12c7fa0349c32d7
2023-04-02 04:12:59,True,0.07833,4.32e-05,481.754,0.0208,0x5a...1f5c,https://etherscan.io/tx/0x99438828b115e807c5ae1f38f60f72d7f6eb12200b4e414e05323b82c08f37ab
2023-04-02 04:09:59,False,0.07792,4.298e-05,6975.0,0.2998,0xa3...0b71,https://etherscan.io/tx/0xc4da2e2cd8435138cc311e1736cbd4077a7ba971c75c782b145c5f9b337d8980
2023-04-02 04:07:23,True,0.07846,4.328e-05,789.101,0.0341,0x84...5ab1,https://etherscan.io/tx/0x72d74603facb3b00e806a3a5e9fb6a3a9536ca8f1ce002a922c618c90f621a6a
2023-04-02 03:58:23,True,0.07848,4.327e-05,12.6047,5.454e-05,0x9f...2752,https://etherscan.io/tx/0xe9bfdbe8255c843251235a21eea463bf91d27f14ebcf07f501bf57356281987b
2023-04-02 03:57:11,True,0.07847,4.326e-05,1259.97,0.0545,0xe9...dfea,https://etherscan.io/tx/0x4b841637800b58dbedabd0e987a2076ccd9466e83105ef638aeda124156664f2
2023-04-02 03:54:59,True,0.07849,4.325e-05,1375.01,0.0594,0x22...5fc6,https://etherscan.io/tx/0xb1691ac76da975f36369eb9fa5822afd01701ca65123b7b19efbf3c9109ed55a
2023-04-02 03:53:11,True,0.07843,4.322e-05,3460.54,0.1495,0x8c...e064,https://etherscan.io/tx/0x1a96e59cd41cbc1bdcdd83d9d797537c1d199149cb66a90261e1db4dff6049ff
2023-04-02 03:51:59,True,0.07836,4.318e-05,3241.58,0.14,0x23...eb2a,https://etherscan.io/tx/0x7a72ff92e433e21d7f34b5a0870e9418b676d974f00e29e404969a14548c62ad
2023-04-02 03:49:35,True,0.0783,4.315e-05,3476.19,0.15,0x75...7542,https://etherscan.io/tx/0xa5bf20974b871475f1e8a4bbc28a509d12ea37c8ef0cf1f8d8ed45feaf980f6c
2023-04-02 03:49:35,True,0.07826,4.312e-05,303.274,0.013,0x92...731a,https://etherscan.io/tx/0xf5ca3655dc76b3cce944ad7deae88c5f480edf54912f2bffc76dd0d7897d2921
2023-04-02 03:48:11,False,0.07786,4.29e-05,6600.0,0.2831,0xd2...0df2,https://etherscan.io/tx/0x596e39abc59b11405809403f4265381b62a5dc9aa7a7eaa60b2f179c69fcbcc9
2023-04-02 03:47:59,False,0.07818,4.308e-05,24658.0,1.06233,0x0f...cb2f,https://etherscan.io/tx/0xc29c2fbfb51e88dafbae9067ec6fb1fd134e594f284caeed5de2330d5b831312
2023-04-02 03:44:59,False,0.07849,4.322e-05,647.763,0.028,0xd3...a48d,https://etherscan.io/tx/0xf9157417b0aa7bc18f1bdce1ba1fee8fce2c786ac30a432e9bfb5da1a5c94b67
2023-04-02 03:43:59,True,0.07898,4.349e-05,25.0593,0.001,0x09...c02c,https://etherscan.io/tx/0x84107dee1fea6be929be09b064828b88f278a39eed5e7a13bdcefcbed26c5e1d
2023-04-02 03:40:11,False,0.07901,4.351e-05,49804.5,2.1672,0x76...7d5e,https://etherscan.io/tx/0x4776b9c0629e9517de807073cc37bf84b41911df5ce89d3b8c487219204cd867
2023-04-02 03:40:11,False,0.08096,4.458e-05,133545.0,5.95462,0x76...7d5e,https://etherscan.io/tx/0x4776b9c0629e9517de807073cc37bf84b41911df5ce89d3b8c487219204cd867
2023-04-02 03:40:11,True,0.08211,4.522e-05,72162.1,3.26328,0x9c...fb93,https://etherscan.io/tx/0x6e073a5aee918337668703642e7716eb4e977ddf5cca106aa2640db63892367f
2023-04-02 03:40:11,True,0.07989,4.399e-05,133545.0,5.87584,0x76...7d5e,https://etherscan.io/tx/0x8293abbfe6deb57e9ddf708b47607d90055f50c6c584a1e652da9a259acd11de
2023-04-02 03:36:59,False,0.07804,4.298e-05,2222.0,0.0955,0x5e...2df0,https://etherscan.io/tx/0x49ed1bf41037597ec5f93e7813128b10586fc0c4d59134371d03a3b1fe349e9c
2023-04-02 03:32:47,True,0.07851,4.324e-05,1134.6,0.049,0xc9...09a3,https://etherscan.io/tx/0x6ed867f82e11673fc781eb8a1687cf4a60d24625023b20939783c42a68159e22
2023-04-02 03:31:11,True,0.07847,4.322e-05,2981.3,0.1288,0x6c...fd5c,https://etherscan.io/tx/0x87cce844be3c33b78201193d0ef845b6c4f7196fd637b8d1e454b9b96cb2767b
2023-04-02 03:28:35,True,0.07836,4.316e-05,7197.09,0.3106,0x8c...d895,https://etherscan.io/tx/0x866e23c5bd40f6035468d2c46793b8901e51967b3e048cf9595d3f1f3d0ceef1
2023-04-02 03:28:23,True,0.07823,4.311e-05,2311.86,0.0996,0x01...3fe2,https://etherscan.io/tx/0xd83950585b338056058a11bcc481f629cb041183e96b574de0ae6b81d19ea43f
2023-04-02 03:28:11,False,0.07782,4.288e-05,8000.0,0.343,0x6e...94a5,https://etherscan.io/tx/0x067e5ac3ce6e3305cde3028b584d06063e4e86441df85f0789a1df3e6ece91a8
2023-04-02 03:27:35,True,0.07833,4.317e-05,3464.01,0.1495,0x7b...e0c8,https://etherscan.io/tx/0xaddbc23a458e191156b86e6ca4839b1bd28527c3318514da38e87acb1a941730
2023-04-02 03:26:23,False,0.07794,4.294e-05,10000.0,0.4294,0x17...9869,https://etherscan.io/tx/0x83223a7071e37fc5c45b0583b73291306e5c709e1c9a5eeeb5c5173b0bde8e47
2023-04-02 03:23:59,False,0.07813,4.305e-05,9155.53,0.3942,0x76...7d5e,https://etherscan.io/tx/0xeb6699aab5b701e75e5d4183205a1b3051f99d91ffaca4b3cebb13d5f3c3b8fb
2023-04-02 03:23:59,True,0.07827,4.313e-05,41053.7,1.7708,0xaf...183c,https://etherscan.io/tx/0xb01495984e8ed0758d1c0ce338116522d9d78e8ccb544ccd44d81de2e252a096
2023-04-02 03:22:47,True,0.07784,4.289e-05,1144.18,0.049,0x36...2acf,https://etherscan.io/tx/0xe36cdf5981e339bf8a12f70a52274e3035ee1f0c36a2fb05d5d5edfc62f1c67a
2023-04-02 03:19:47,True,0.07783,4.288e-05,29.6777,0.0012,0xcf...2256,https://etherscan.io/tx/0xace609981c64890faf2fb7674c1376159a2f87a3c0ff4a08aa25dfce7bc69fa7
2023-04-02 03:19:47,True,0.07782,4.288e-05,982.381,0.0421,0x33...918d,https://etherscan.io/tx/0xfcb20afc645461c19f5db4d4f765265f095f3940b1c2194fbcee1a1e4e1c191e
2023-04-02 03:17:59,True,0.0778,4.287e-05,303.197,0.013,0x00...bde7,https://etherscan.io/tx/0xebd3b0a9c2a3334d8a42a6291726d31d7efbb659a8d33125c38389876d4a0d13
2023-04-02 03:17:11,True,0.07764,4.278e-05,15312.5,0.6552,0x55...1919,https://etherscan.io/tx/0x03488539274e701e28d3f4f9090bfd07694ba0bc15dd23c0469e720f70fdb418
2023-04-02 03:16:11,True,0.07738,4.264e-05,10000.0,0.4264,0x12...a402,https://etherscan.io/tx/0x7758c85080d010539526dac0ca5e29c56d0f151b37fdb8c540b2301578b84b9d
2023-04-02 03:15:59,True,0.07721,4.255e-05,6405.44,0.2725,0x36...5607,https://etherscan.io/tx/0x63f8e606b7a7d5ac77a783faef434cf593111a6790f440e50c563807490a8b4a
2023-04-02 03:09:59,True,0.07708,4.248e-05,6532.91,0.2775,0x40...44c8,https://etherscan.io/tx/0x20c7ed6126e893d5a1314cf586b9a3a8c93d8c3d23566bd4c99eec1c840be44b
2023-04-02 03:09:35,True,0.07703,4.245e-05,9.28e-07,3.94e-11,0x11...14b1,https://etherscan.io/tx/0x63e03b9f00f855d87e40eaf714eafa58cc93110eab20886fe80929b3dc7ab548
2023-04-02 03:09:23,False,0.07674,4.229e-05,18450.7,0.7803,0x75...3b16,https://etherscan.io/tx/0x68363f8d21fec4f9b8c278ed223d4f2afb902893ab9762a57502d9efb3ae61b9
2023-04-02 03:09:23,True,0.0772,4.255e-05,17994.0,0.7657,0x75...3b16,https://etherscan.io/tx/0x0928b0814e3d41cd512029c7df54aa1bca39f0fdd4abd163b752c44eeb5bb984
2023-04-02 03:06:47,True,0.07701,4.244e-05,993.437,0.0421,0xd3...c38b,https://etherscan.io/tx/0x3de02ace6d3f4a76641e8397aa2aba5659e81cce57369202a6820554c520881b
2023-04-02 03:02:11,False,0.07654,4.218e-05,255.142,0.0107,0x78...ef3e,https://etherscan.io/tx/0xb4ae2c1e3375156b7f035982c2c62bb05f2945c5fb8e398c99905ad943d7e660
2023-04-02 02:58:23,False,0.07656,4.222e-05,5305.17,0.2239,0x38...3f45,https://etherscan.io/tx/0xceff8da007f66c41131c5937b53e7b7cb1193607556a946ef96ea7a7b95aa4a1
2023-04-02 02:56:23,True,0.07707,4.249e-05,1369.56,0.0582,0x3a...5cc1,https://etherscan.io/tx/0x22cfccfc5914e20ccb33c50ce72d5ebd9b78dc9bd77fb0cfa68465e1fee77603
2023-04-02 02:53:23,True,0.07703,4.248e-05,1555.27,0.066,0xda...26ab,https://etherscan.io/tx/0xaaf14dde42a02bf263aff10b1cdc9ea95412cbaa13139a757551501280235315
2023-04-02 02:52:23,True,0.07701,4.246e-05,487.359,0.0207,0x3a...bc8c,https://etherscan.io/tx/0x0fe6a6970e037c40cdc6d17cdcc164b4d7e68c106d3e1d05dfbcbca9e7a6c314
2023-04-02 02:51:11,False,0.07661,4.223e-05,3517.8,0.1485,0xaf...5118,https://etherscan.io/tx/0x9d142e430ba7ee8492145e1cedf0ca6f6f6ee1b774c29e99d4a6fe6daba299ba
2023-04-02 02:50:23,True,0.07704,4.247e-05,5834.68,0.2478,0x62...b2ab,https://etherscan.io/tx/0x9be883066e0dfe424a4a41e76d5ede5104e6d34be574c928bdd1440c7bc7f933
2023-04-02 02:44:59,False,0.07686,4.229e-05,20000.0,0.8459,0x38...3f45,https://etherscan.io/tx/0xdb8315de2083ee3b3f414af3bde7e27a0d7f96d2662f4c53a35b2c8672b9756e
2023-04-02 02:44:11,True,0.07751,4.265e-05,1696.56,0.0723,0x00...27b6,https://etherscan.io/tx/0xde601f07ba91a98a41249d93f4d369f6c71d1e2556be6cb2f9243f7ca30e3cc3
2023-04-02 02:41:23,True,0.0775,4.264e-05,361.991,0.0154,0xc4...a7b2,https://etherscan.io/tx/0x22cc18ed4614f2730c93b0b35098eed4a74ade14163daf8b09c0297831a618df
2023-04-02 02:39:47,True,0.07743,4.26e-05,6282.07,0.2676,0x4c...c647,https://etherscan.io/tx/0x8e2fb7239d86740c8b654c6bee442fd60c03f8aa07e9c3e037ca4e2ef22a12d6
2023-04-02 02:37:11,True,0.07734,4.255e-05,1700.25,0.0723,0x53...a7a0,https://etherscan.io/tx/0xc049fc464a29edf34789094cafdf4bc259fdcd0740df96aaeea16f31f5e54e49
2023-04-02 02:36:11,True,0.07743,4.252e-05,5009.39,0.213,0xf7...189d,https://etherscan.io/tx/0x1471abe1b8933ad6aa4b863a5d2e0abf363dbbf66e18bcb3a1eff52a28949165
2023-04-02 02:35:11,True,0.07739,4.249e-05,116.635,0.0049,0xd8...002b,https://etherscan.io/tx/0x2fd137b323c371189b0d897c572c4a9818824ae32775ffb7a7447197aaf50e87
2023-04-02 02:35:11,True,0.07739,4.249e-05,40.1923,0.0017,0xbd...66f8,https://etherscan.io/tx/0xebc7831dc9cba3a684649a1c475b94ddb7ba129e4d499a0b8279d84fb66491e0
2023-04-02 02:35:11,False,0.07695,4.224e-05,2000.0,0.0845,0x91...dc25,https://etherscan.io/tx/0xa5caab2ecd616f0438c146c14b6b94c2e8127eaf781819bad3d15827d64c0b34
2023-04-02 02:33:47,False,0.07723,4.24e-05,26298.2,1.11517,0x75...3b16,https://etherscan.io/tx/0xf63f460df0bfaf80449574c4e9db4a826288699e3cbff2eb2d488b360285a46b
2023-04-02 02:33:47,True,0.0777,4.266e-05,25736.5,1.09799,0x75...3b16,https://etherscan.io/tx/0xd4be121d3450b87f16ec95a92cfbdc2832e443dcf21f77eb6030134c71444182
2023-04-02 02:32:59,False,0.07737,4.248e-05,38784.8,1.64756,0xd7...a3b2,https://etherscan.io/tx/0x0be27d7e9b661a5e5dc2ee2c0f31dd2c48c1c326a253ef77da6bc14210922c7b
2023-04-02 02:30:47,False,0.07783,4.272e-05,5000.0,0.2136,0x55...2646,https://etherscan.io/tx/0x6fd227129cfd572f20370c43ccce47880fe10d68a82124c8076816463b19518f
2023-04-02 02:28:47,True,0.07834,4.3e-05,633.877,0.0272,0x85...be39,https://etherscan.io/tx/0x524337b962fb32b00d91501f3e303535584b6cd1ad265aba0d4290b4c1bff168
2023-04-02 02:22:11,False,0.07789,4.275e-05,2000.0,0.0855,0x30...ca08,https://etherscan.io/tx/0x7f2f28e46c6c851ba0d7b12e976c74b181aa6f80267d8b44c7a3617b594701f2
2023-04-02 02:18:35,False,0.07793,4.276e-05,363.052,0.0155,0xc4...a7b2,https://etherscan.io/tx/0x61788b3a2fff65805ba0caa0dc2cbaa62cd9ac2ff67e242e943e68ee12bf3e82
2023-04-02 02:17:35,True,0.0784,4.302e-05,599.029,0.0257,0x1f...483a,https://etherscan.io/tx/0x69e1f37dfa94e04f1ac4ffe4a96720ed4d64be6c88749062f5e89f4fee592b1e
2023-04-02 02:11:59,True,0.07828,4.299e-05,4186.36,0.18,0xb6...ad0c,https://etherscan.io/tx/0x4586b3dfd9c113e79bd3f7c82dca314a8be25db21044590c61be374ef54c0b30
2023-04-02 02:10:59,False,0.07808,4.288e-05,30000.0,1.28652,0x3f...5463,https://etherscan.io/tx/0x2f63a1d954fc71eb8fc1e046e64a9dae0e8065267ada88823866620eed2a5558
2023-04-02 02:08:59,True,0.07884,4.329e-05,2405.16,0.1041,0xd8...2a65,https://etherscan.io/tx/0xfd12b7b17e67c680c83d04ad6e0530441a676e0871bb160d6fdf3a5923530a0c
2023-04-02 02:06:23,True,0.0788,4.328e-05,366.43,0.0158,0x34...818b,https://etherscan.io/tx/0x35da099ee593b270a19d51f98e72ccc1a7709f1e07016ae47939c778a95a569d
2023-04-02 01:59:47,False,0.07835,4.302e-05,1000.0,0.043,0x19...173c,https://etherscan.io/tx/0x70ca32fc8c9d08bdf7056ba99d81b99e8a235bdb82a65ba7f1e32691e8a674a1
2023-04-02 01:58:47,False,0.07839,4.304e-05,3000.0,0.1291,0x14...9ed8,https://etherscan.io/tx/0x088c3b01d5df18096ec9c49ecf413bdfb9579725a7222dd5c64c0845e3937c81
2023-04-02 01:57:59,False,0.07843,4.307e-05,777.0,0.0334,0xc2...fdd4,https://etherscan.io/tx/0xc23a56205bfc0801084194bef1d2a7bc4482d52e2dc1b3aa434d8c842bc226c0
2023-04-02 01:48:23,False,0.07859,4.315e-05,14758.9,0.6369,0x57...7447,https://etherscan.io/tx/0xe833136f4283dcd0cfcf187513bbcf6c42597303d5bd4a5fc42f72c0227b3e6c
2023-04-02 01:33:23,False,0.07877,4.324e-05,270.625,0.0117,0x83...6894,https://etherscan.io/tx/0x41fd3a19801f08bc6c8410d4ab899bed48f9b96fddac520882e89a4b36d1ba0e
2023-04-02 01:33:11,True,0.07923,4.349e-05,2279.11,0.0991,0x1f...8e99,https://etherscan.io/tx/0xf2a2ed9e020ee9fde26bcc55234a87640a1cf15f4e305f449f102d552fe2dbeb
2023-04-02 01:30:11,True,0.07923,4.347e-05,501.587,0.0218,0x02...4099,https://etherscan.io/tx/0xc8261493b7b50a6c1a59e18bee02bdf6476a4cf29008ef89ca01a0279abd7b69
2023-04-02 01:27:59,True,0.07921,4.346e-05,1145.64,0.0498,0x9b...e21b,https://etherscan.io/tx/0x115abd67edb9ad594308293ce804797b1fb9df86155382e0e0b8efeaa061f911
2023-04-02 01:25:11,True,0.07917,4.344e-05,3536.86,0.1536,0x22...3661,https://etherscan.io/tx/0x6f99c071f610d4a79f131c85249573261e9f4d9b5ee754b64e022e56b559c64f
2023-04-02 01:20:35,False,0.07878,4.32e-05,7000.0,0.3024,0xa0...e72c,https://etherscan.io/tx/0x2f3975e40e7c944d3db5460cb82cc87d11a22eb9e00f033e001732bd9c60ca29
2023-04-02 01:19:59,True,0.07932,4.349e-05,683.675,0.0297,0xe6...0f28,https://etherscan.io/tx/0x560ce48f518d2631a5f744de37f482f9e70780a4cc2d94306f3196c9401f8475
2023-04-02 01:15:23,True,0.0793,4.349e-05,124.807,0.0054,0x01...b09d,https://etherscan.io/tx/0xa96e5a6ead68e8ae88c2386e3ac0b9dacab45eeaaf4bbe2e2a54f46f4138fc31
2023-04-02 01:14:23,True,0.07928,4.348e-05,1048.58,0.0456,0x0b...812b,https://etherscan.io/tx/0xeb29875b37cb8bcacddcdb577dedbfc8667fdb29c7302e45d0348a593b5eb997
2023-04-02 01:12:35,True,0.0792,4.343e-05,7818.96,0.3396,0x22...3661,https://etherscan.io/tx/0x62c0c3fa0341fb6627c857b43668d28d36f5c13dbc8319ab42d213daed4dc247
2023-04-02 01:09:59,False,0.07869,4.315e-05,5000.0,0.2157,0xfc...4fe8,https://etherscan.io/tx/0x8aaab076731dbf48b712637535d0af03563e03a13475204b817e6e7adb408df8
2023-04-02 01:07:35,True,0.0792,4.344e-05,933.58,0.0405,0x91...dc25,https://etherscan.io/tx/0xecf44184588c2731d28617d3bc7fec2aa7012bc1bddb3d18f39ebebcd04b28bd
2023-04-02 01:02:59,False,0.07881,4.321e-05,6792.99,0.2935,0xba...aa98,https://etherscan.io/tx/0x99d0260ebac516b6ab0f046d8f45c479c2c613339c2388a9d333bd97f9b117d6
2023-04-02 01:02:47,False,0.07888,4.325e-05,500.0,0.0216,0x0f...34d4,https://etherscan.io/tx/0x9c5a55d560aeb15015bb84a5fef3714d640b30a442b2a1351c5d5dff403b80b0
2023-04-02 01:02:35,True,0.07935,4.351e-05,880.383,0.0383,0xad...7f01,https://etherscan.io/tx/0xc2a7748937996030a27b4a29bac387a1947bdcc887214103cca393f2ce47f7a6
2023-04-02 01:01:11,True,0.07921,4.344e-05,11553.0,0.5019,0xe9...a86b,https://etherscan.io/tx/0xba149ecfe125a10f2cf58cec45d590549417d31806603defc62648b34405076b
2023-04-02 00:59:23,True,0.07908,4.337e-05,1001.11,0.0434,0xaf...3b17,https://etherscan.io/tx/0x764b283e0ff94f9b341a459867ed13b1b66f2db35d934a57d5e1fe560c951426
2023-04-02 00:59:11,False,0.07869,4.315e-05,8801.58,0.3798,0xcb...85a4,https://etherscan.io/tx/0xda757ff406859f092b0ff710a77fb24b441fba6ba4d0910129cabf95c210ad5d
2023-04-02 00:57:23,True,0.07914,4.339e-05,12414.9,0.5387,0xe2...0a8e,https://etherscan.io/tx/0x08fb0bff481943580fa7ec0ae449e6ada5fdefdb0caca2b2c2e2f1551b723f44
2023-04-02 00:55:35,False,0.07854,4.307e-05,1000.0,0.043,0xc2...e363,https://etherscan.io/tx/0xecd886ea5213ac3489e7a95b34705e3739db7826d60bc9fd0c6c15aa8a1ec150
2023-04-02 00:50:35,True,0.07908,4.332e-05,1372.68,0.0594,0x43...35a6,https://etherscan.io/tx/0x81c071dd0a9679ae170997ddd18c6c4720906926d4629d3fef729958a3f4a5ca
2023-04-02 00:50:11,True,0.07906,4.331e-05,547.786,0.0237,0xb1...4181,https://etherscan.io/tx/0x57207a5e531631ded7df1137e31154f16719f9ffb8ac97f277e20ec1737ca1ae
2023-04-02 00:48:59,False,0.07856,4.306e-05,2282.62,0.0983,0x71...45cd,https://etherscan.io/tx/0x7460dced509a380c25a8a52ee8fd46aa6848da136d560889786055750dfb37c1
2023-04-02 00:48:23,False,0.07859,4.308e-05,1208.0,0.052,0xa6...e30b,https://etherscan.io/tx/0x5831bd0a1232188b0ae1702048bcf91d29ee99c595f4efe2f0dd016eee6fa1bf
2023-04-02 00:47:47,True,0.07907,4.335e-05,457.317,0.0198,0xc9...f6d4,https://etherscan.io/tx/0x1b3d3db246fff3021c07c2ac84b1aa3249cc0ba1b49124e75fd5923908295d5c
2023-04-02 00:47:47,False,0.07859,4.309e-05,300.0,0.0129,0xc1...7a3f,https://etherscan.io/tx/0xd1811888519800c28201167c4b7c2a8f9f3c13d058b0862f48853ae5d22042b5
2023-04-02 00:47:23,False,0.07871,4.315e-05,11001.7,0.4747,0x57...4e83,https://etherscan.io/tx/0x7b2195a879ce9ac0816eca365990a3f17db772e46d31320dd5fbdb48ce744b3d
2023-04-02 00:47:23,False,0.07884,4.322e-05,1014.49,0.0438,0xd2...2da9,https://etherscan.io/tx/0x4d1a9b7b277bb25524274c086143d9a0ae3b1da7fcdf15291473d86550427f24
2023-04-02 00:47:11,False,0.07895,4.328e-05,10100.0,0.4371,0x4c...b29f,https://etherscan.io/tx/0x80b6ad5657d491a0d20ce7fb369d8ac0bdcb28fe9220c69c7d203f17c17784e9
2023-04-02 00:46:59,False,0.07911,4.337e-05,5000.0,0.2168,0x91...effa,https://etherscan.io/tx/0x561ed4d01b621ebb00ddd844dfc83f2fc8883b877077577d65e8dcd2f2d50a1f
2023-04-02 00:46:23,True,0.07963,4.365e-05,524.477,0.0229,0x62...b1ad,https://etherscan.io/tx/0xdadcc6b39f86b5b1e5a06344427c289f2afeaa4d75f1e8cf2553f173166a8599
2023-04-02 00:45:47,False,0.0792,4.341e-05,4000.0,0.1736,0x2f...243e,https://etherscan.io/tx/0x260bb5521b68399cac800aa0a23473f85a25dd854f2b484227ba82a6955c8072
2023-04-02 00:44:59,True,0.07972,4.37e-05,124.121,0.0054,0x3c...c4c3,https://etherscan.io/tx/0x40a1deabdb140e4f483f56102da563a703e43f440b9df9a16ca7379a72b70ff3
2023-04-02 00:43:11,True,0.07971,4.369e-05,453.688,0.0198,0x00...65d8,https://etherscan.io/tx/0x96f59fef8a6ec6b12aa018cc07c8a3e86761a91a25e9447b507029a51c2e7586
2023-04-02 00:42:59,False,0.07928,4.346e-05,5000.0,0.2173,0xee...a654,https://etherscan.io/tx/0x44ccc24487790c4350049bda39462206453248fa4f518c91b1c1028f4c7c8fa0
2023-04-02 00:42:47,False,0.07938,4.351e-05,4338.53,0.1887,0xc9...27b6,https://etherscan.io/tx/0x57b1cad834c069da5c25fca8e57ddf9175d80a926d89e7afe8f8c610ba218e8d
2023-04-02 00:40:23,True,0.07973,4.37e-05,17161.2,0.75,0x53...84f8,https://etherscan.io/tx/0x95fae0b6477b90fc6e359f1d425bcba0607121ee22215e077c8d44336dca25e7
2023-04-02 00:38:11,True,0.07953,4.36e-05,808.353,0.0352,0x42...cf69,https://etherscan.io/tx/0x2ddcc8043ccae532654585c9fb69c2475fc6e6491358498e67a238acfecb35e7
2023-04-02 00:37:23,False,0.07926,4.344e-05,19920.0,0.8654,0xef...1c3a,https://etherscan.io/tx/0x23be9dad05deee162a1ae79e62a9b455253675f081da75bf2ec4d96eccb7a2db
2023-04-02 00:36:11,False,0.0798,4.374e-05,31992.8,1.39958,0x55...ce90,https://etherscan.io/tx/0x9399a2145dc3f342e2d01a54cb2243d7041171d9276da349036d7a5f1bd502c2
2023-04-02 00:28:11,True,0.08058,4.418e-05,2052.94,0.0907,0x78...1e1f,https://etherscan.io/tx/0xd2edb24601783ca2bcac73e2284158d4e1edd9b9fd5306230beaae8340181b33
2023-04-02 00:25:11,True,0.0805,4.417e-05,9.79435,4.326e-05,0x42...cf69,https://etherscan.io/tx/0x40e855cddb24b443e97c1e4f4be9d359feff3523e0fdffc3ecfb6ee34e5341e4
2023-04-02 00:20:11,False,0.08008,4.396e-05,10384.3,0.4565,0xae...d6a7,https://etherscan.io/tx/0x3d7d0e886e1290151b81ddd03b9e648c2fb09d1d41f78eba10cb9269818385dc
2023-04-02 00:15:59,False,0.08017,4.403e-05,800.0,0.0352,0xa2...c508,https://etherscan.io/tx/0xcacdca63aa0252045928c302f6c20e8ea331b895cb2e03eb7ffdb8f5b894c572
2023-04-02 00:14:23,True,0.08066,4.43e-05,565.303,0.025,0x93...72d0,https://etherscan.io/tx/0x6be93623da105aba3d950f42ba62096bf69ad42085c85dd94775d2e310073702
2023-04-02 00:14:11,False,0.08018,4.403e-05,1000.0,0.044,0xa2...c508,https://etherscan.io/tx/0x64f730c3bcd4f81a397c4c54532e6c91cb3ac6ad09db7721915cdb6e6472e75b
2023-04-02 00:12:59,False,0.08044,4.418e-05,23290.8,1.02898,0x57...13d5,https://etherscan.io/tx/0x1264f8306b3e0bf755ace6e1626965993120e4eef3b8e0368a0033550d816bbd
2023-04-02 00:12:59,False,0.0807,4.432e-05,1124.14,0.0498,0x91...dc25,https://etherscan.io/tx/0x4790de3564078657c47fd65536d096a226d66266c918e32a2703d025c98e2fdf
2023-04-02 00:08:47,True,0.08119,4.458e-05,2223.35,0.0991,0xa9...d481,https://etherscan.io/tx/0xe30f91f1da577c245694cb55b1e93d5565c4818413d224da8d523f0ea206a396
2023-04-02 00:04:47,True,0.08114,4.456e-05,1323.24,0.0589,0x10...056c,https://etherscan.io/tx/0x984dcad9301e43a6f891da8817c9824c4bbccdfe9c9e909419423627525e94d4
2023-04-02 00:00:11,True,0.08108,4.454e-05,1307.5,0.0582,0xac...98ac,https://etherscan.io/tx/0x476ef3999708c8bd9710defaa4dea055753597a7cc5011ea9ef999765e394cff
2023-04-01 23:59:47,False,0.08059,4.427e-05,350.0,0.0155,0x14...3314,https://etherscan.io/tx/0x318789fed682aaeb5185958bb5476e1ae269f73b1996c2027b25bebef2aedd64
2023-04-01 23:58:23,False,0.08061,4.428e-05,703.448,0.0311,0xca...16dc,https://etherscan.io/tx/0x545db99cea56d11818775c2ad2dd9522110b32387f6910a7c229f04f927cbe9f
2023-04-01 23:56:47,True,0.08106,4.453e-05,2938.08,0.1308,0xdf...1ce1,https://etherscan.io/tx/0x11f9d81c750bba123654ff4b6d6c0513a3d026071b823fe3bad3d662bf0a3013
2023-04-01 23:56:35,True,0.081,4.45e-05,2592.66,0.1153,0x9b...a223,https://etherscan.io/tx/0xb7c0ba61836488b8c9f6d887592a37a5b4610d2b0b36ca8696f4ca5dc660d1ed
2023-04-01 23:54:23,False,0.08051,4.423e-05,2000.3,0.0884,0x17...812f,https://etherscan.io/tx/0x889bde919952eda8dbf7c14e499126ac561e4ca322f60c96f745bb9df61ec16a
2023-04-01 23:53:11,True,0.081,4.45e-05,1578.12,0.0702,0xca...16dc,https://etherscan.io/tx/0x360b657e34d0ceeec5a5ceb49a5f30388fbb3b56433223bfd77cc1db27c8ba4f
2023-04-01 23:51:23,False,0.08051,4.423e-05,1081.27,0.0478,0xfd...9bd4,https://etherscan.io/tx/0x500e6a944495ad2b391a1f45f49b6d28ca3ed9b166dbf3e61ab54f7631f351df
2023-04-01 23:48:47,False,0.08055,4.424e-05,1075.45,0.0475,0xfd...9bd4,https://etherscan.io/tx/0x7e0dde1580acae38f1e33b442e1bfccb6c786b7d03c37e96072fcc1f7b19f949
2023-04-01 23:47:35,True,0.08105,4.451e-05,971.758,0.0432,0xff...7fdd,https://etherscan.io/tx/0x8910671160b0a2ed26bf7d6a5e8b6f79788eb49a437fc5d892b2d68d3d592f57
2023-04-01 23:43:47,True,0.08103,4.45e-05,614.949,0.0273,0x56...d12b,https://etherscan.io/tx/0x81be13e41e416ecb76c349d5565bc4b81f6e0ce0d5d56ba0e93adf7c8d025efd
2023-04-01 23:41:47,True,0.08102,4.449e-05,1113.99,0.0495,0xf2...6a67,https://etherscan.io/tx/0xa79fc507df0dc938b735ad5f0ab702ecd51cc45a6937a32769f916cb5e3d0b7a
2023-04-01 23:38:59,False,0.08063,4.427e-05,10000.0,0.4427,0x03...ab9b,https://etherscan.io/tx/0x925fd5eda680def842a7c35c33341585d8ebf036d4151f840178f4317afc6869
2023-04-01 23:38:11,False,0.08075,4.434e-05,1500.0,0.0665,0x0f...49d7,https://etherscan.io/tx/0x933c6dab90f9f0d4c2fdfd8fbe70145facfbc906547ffb37803447b19c3b721a
2023-04-01 23:31:59,False,0.08086,4.441e-05,9942.39,0.4415,0x71...f4d7,https://etherscan.io/tx/0xfbe3d2248ebba72e5ef8e7661f88bb58be346faf60265f3a2c3d6e6a8ae20291
2023-04-01 23:30:35,True,0.08132,4.466e-05,12737.1,0.5688,0x3a...fb98,https://etherscan.io/tx/0x2aabb3a58f3c9b3e2ca6d2fd515abb7452aea0c442f4920cf3a4be3900bf1626
2023-04-01 23:28:11,True,0.08114,4.456e-05,3091.49,0.1377,0x68...bb09,https://etherscan.io/tx/0xdea63e740e9e0a53f75decc9f6be2cd6f282858e4a8d83ec9d02eb54ed730c25
2023-04-01 23:24:59,True,0.08106,4.453e-05,2418.41,0.1077,0xaf...3e5e,https://etherscan.io/tx/0x19a358d1d23b81ba35ffc9dc67552cfdd556ed7016f60e16093447163601e202
2023-04-01 23:22:11,False,0.08061,4.427e-05,2575.86,0.114,0x00...bde7,https://etherscan.io/tx/0x0fbc07577f68e11acb800264204520bdff0dcd51e526da92d9710856a0cf723c
2023-04-01 23:21:47,True,0.08112,4.455e-05,99.2882,0.0044,0x7d...24a3,https://etherscan.io/tx/0x60c2593ad7c47e5aaa735362eaaa1f470c528b965394a55766e3db39f21316a8
2023-04-01 23:12:59,False,0.08061,4.428e-05,500.0,0.0221,0x17...812f,https://etherscan.io/tx/0xe5271662f466c5cb6320ee97b802ee25ac7974e307aef6692156bbc73809beed
2023-04-01 23:06:59,True,0.08099,4.455e-05,995.962,0.0443,0x16...45f2,https://etherscan.io/tx/0xc928a0f33652d4d5525244583f3880d2dd14d71768bd9df743e3ee1e8a5db6a5
2023-04-01 23:05:47,False,0.08048,4.428e-05,1306.15,0.0578,0x7d...b8a7,https://etherscan.io/tx/0xfaf62651c068fc4a99eb7ae9d268a99463c3510bf59d1f390606822ef7d1ab3f
2023-04-01 23:05:47,True,0.08087,4.45e-05,10199.4,0.4538,0xd0...db9a,https://etherscan.io/tx/0x9011e36a7c4670cafac9b9f9303c014da2b834865bb6ed15acd65e9801c39d07
2023-04-01 22:58:11,True,0.08076,4.443e-05,21.3465,9.486e-05,0x5f...4546,https://etherscan.io/tx/0x9e0a9c64d9b544d56fe435641621c1e1bfff6a4871d070045892c96ac4a55f6e
2023-04-01 22:57:59,True,0.08075,4.442e-05,1783.53,0.0792,0x5d...3cc2,https://etherscan.io/tx/0xe6ffe99688c727b43752e6b851c54e1e0698c22074f75ede2bf6b054d13c8660
2023-04-01 22:57:59,False,0.08025,4.415e-05,900.0,0.0397,0x91...dc25,https://etherscan.io/tx/0x548229b2185011f86c9b5fcbf0e5038d8ecbd76faf485e60a5a71db9981cd3bc
2023-04-01 22:56:23,False,0.08027,4.416e-05,900.0,0.0397,0xd2...2da9,https://etherscan.io/tx/0x72cf821f9f0db81030452c90290614338066de76fa992aaa9b5b555cd71cf174
2023-04-01 22:55:47,False,0.0803,4.417e-05,900.0,0.0397,0xcf...116f,https://etherscan.io/tx/0xa51496930d37edafd3209e6dafac426a0a441538aa670724b685c87fbf9cb44a
2023-04-01 22:55:23,True,0.08077,4.443e-05,2230.7,0.0991,0x1f...8729,https://etherscan.io/tx/0x2c4ed2f776a0dff4dee375c0f9c6f5ac869b7e67d1be455af1a318b3134a9d90
2023-04-01 22:43:59,True,0.0808,4.441e-05,995.794,0.0442,0x4d...d5bd,https://etherscan.io/tx/0xc356298b55668ce8bb6e4fb2a30a1c5e6d45ae03c336af5ff0076361968b0d7f
2023-04-01 22:41:47,True,0.08079,4.441e-05,156.24,0.0069,0xe9...7ddb,https://etherscan.io/tx/0xa62dc0bcf9f1b9c5c6530010acb0c24e38df1d18969e9fe217575aa6984e4f3b
2023-04-01 22:38:35,True,0.08083,4.436e-05,7412.48,0.3288,0xd7...f47b,https://etherscan.io/tx/0x619ed8ce228cc6eced88b03e4be5749e15f8dfba13dabd51838be426aa481484
2023-04-01 22:38:11,True,0.08073,4.431e-05,1901.47,0.0842,0xa6...dcdb,https://etherscan.io/tx/0x45a48288221fdda7fc1ef25fe022ac69158c133ae4b16cc7d2ffe1e52a0ef751
2023-04-01 22:37:23,False,0.08038,4.407e-05,7000.0,0.3085,0xcc...a966,https://etherscan.io/tx/0x9549ec2ae94575247c43353ce856e20cd10e8f2e7fb2b19e7029fff77c758be6
2023-04-01 22:34:59,True,0.08066,4.434e-05,6706.29,0.2973,0x96...0f3d,https://etherscan.io/tx/0x04648cf3ba55852036f113916a28f4d7faa9165918e4d30396898a5d3d7d466d
2023-04-01 22:33:47,False,0.08008,4.407e-05,6243.13,0.2751,0x25...70e2,https://etherscan.io/tx/0xaa92bfcccfcf9df0b4c6c72a87c8b842afe11a979d60d7bd8298e41f995fc19b
2023-04-01 22:33:23,True,0.08063,4.437e-05,22.3373,9.912e-05,0x6a...df1b,https://etherscan.io/tx/0x7ef0e154ec8148d70d140c44f4b67dcf0ff7838d116b5c37b48d439048fb9d3e
2023-04-01 22:32:35,False,0.08017,4.413e-05,3500.0,0.1544,0xe5...8408,https://etherscan.io/tx/0xe4717c54e6080b1407be446d40ecbe73184c6a37faee57d1b6d546873e676bcf
2023-04-01 22:32:23,True,0.08069,4.441e-05,22.3166,9.912e-05,0x6a...df1b,https://etherscan.io/tx/0x514f54e7f6f796db03a16d31edf8b1f939a1fb02d996cd5c10025f6545cee504
2023-04-01 22:31:35,True,0.08069,4.441e-05,1227.62,0.0545,0x90...c4e9,https://etherscan.io/tx/0x5ec5dc09e6200b393688c300dd382662a34c6c3ff0f30819c42d44bd5bdb15ed
2023-04-01 22:30:47,True,0.08065,4.438e-05,2300.08,0.1021,0x26...effe,https://etherscan.io/tx/0x212e314e15925690855fd7efee8b057580758773ef7290532c40f685e0487ed9
2023-04-01 22:30:47,True,0.08062,4.437e-05,223.384,0.0099,0x6a...df1b,https://etherscan.io/tx/0x7dbc999661c506fd8bc9392700d88ce01c43e1d6296d478d8f4c8fa999493532
2023-04-01 22:30:11,False,0.08015,4.41e-05,200.0,0.0088,0xee...d13d,https://etherscan.io/tx/0x9dda9a6208cbf9dc4dea02a47959131721da5cf799c2301188d4664b04f8c396
2023-04-01 22:29:59,True,0.08062,4.437e-05,223.385,0.0099,0x6a...df1b,https://etherscan.io/tx/0xf78845ce7948d440aa95d9a54f43f7fb215dd7d4b95933e7e3761412fb28eed0
2023-04-01 22:29:23,True,0.0806,4.436e-05,2234.58,0.0991,0x6a...df1b,https://etherscan.io/tx/0x2c4d9692befe12463e19fc474f4bef5d5b2f99e37a3a8e9f8a4a10a7f75a8f17
2023-04-01 22:29:23,True,0.08052,4.432e-05,4473.16,0.1982,0x06...aca3,https://etherscan.io/tx/0x1cec0be5b1063ce6344d815f38c824fcb427c9f0319fa25ff816b17306839bbd
2023-04-01 22:29:11,True,0.08047,4.429e-05,621.134,0.0275,0xd6...95dd,https://etherscan.io/tx/0xde1d2cad3c6e066370dcb91f6c8184da0df6ecea64ee8191e4bbab1ceded92b4
2023-04-01 22:28:11,True,0.08042,4.426e-05,3815.09,0.1688,0xfc...4fe8,https://etherscan.io/tx/0xa3f396d2b6202d1dca615709e0772954cd91e3c04b8a18b93f80045b9125bdcd
2023-04-01 22:26:59,True,0.08037,4.423e-05,615.592,0.0272,0x25...ad76,https://etherscan.io/tx/0x2f2e8197a8f849b9dea7b6b1819f3c7b785d43cbebeb39b70b45912e429dbc85
2023-04-01 22:25:11,False,0.07995,4.399e-05,5000.0,0.2199,0xd0...345e,https://etherscan.io/tx/0x03bd6fe9249ea62f6439fbb981df00ce6807c814df2f6a641f2353561a6e7c13
2023-04-01 22:20:35,True,0.08047,4.428e-05,1180.99,0.0523,0xfb...8d31,https://etherscan.io/tx/0x464d4298ad8130badaff8b7244bf445dc2f550a2a7a4fbb13293bc1b3b2205d7
2023-04-01 22:18:47,True,0.08044,4.427e-05,1231.46,0.0545,0x27...5de3,https://etherscan.io/tx/0x9b3b0a931e9c97f12c7a40ff9e4d3d0563f9080baace22277cbef6449eadb294
2023-04-01 22:17:47,True,0.08043,4.426e-05,133.606,0.0059,0x31...b045,https://etherscan.io/tx/0xf809c7555d8b94c2818762ea7a69338b2b0d598f2476789b810ebe5fb80b4212
2023-04-01 22:16:23,False,0.07996,4.4e-05,1000.0,0.044,0x6f...7ed1,https://etherscan.io/tx/0xb7951e37cd8ee4a5cbfb5249d07754e8485550bfebebdb3d25017d8301d7dfed
2023-04-01 22:13:47,True,0.08038,4.423e-05,6722.62,0.2973,0x96...252f,https://etherscan.io/tx/0x32212357c16b2aaacf0dc26be53f477352ad6440d34dd5d3b3f0d346e04155a6
2023-04-01 22:12:47,True,0.08025,4.416e-05,5660.94,0.25,0xcd...cbfe,https://etherscan.io/tx/0x1aaff8a449e41f88d40b13329b36d07c61e01a674bf0574d7e154d75fcd3df80
2023-04-01 22:10:47,True,0.08018,4.411e-05,1687.66,0.0744,0x91...dfe1,https://etherscan.io/tx/0xf6da05a3a438a5bce9d40cb45be63759dc63b107cc534265221d2e3df48f7a7c
2023-04-01 22:09:11,True,0.08014,4.41e-05,1045.16,0.0461,0xb2...dd00,https://etherscan.io/tx/0xaccbcec14a28be3791fafebbd09d0803b455a32751b765af4e158ada38808bb9
2023-04-01 22:06:47,True,0.08011,4.409e-05,1237.2,0.0545,0x12...7699,https://etherscan.io/tx/0x4c0432dc92c1ba2d46e2315058e832310a631456aaa146f4404471e1fd32ea65
2023-04-01 22:00:11,False,0.07947,4.383e-05,2000.0,0.0876,0xc7...ee66,https://etherscan.io/tx/0x392c3aba95e8f84724400cb9285887d426f87ad12501ffcbe7fef741b2ac5d2f
2023-04-01 21:58:35,True,0.07991,4.406e-05,6765.87,0.2981,0xfc...4fe8,https://etherscan.io/tx/0x870b32e91ab32e7924784ea5a0106d4a2fce4c19852292e57d36b40894994291
2023-04-01 21:58:23,True,0.07977,4.399e-05,6207.26,0.273,0x96...a719,https://etherscan.io/tx/0xbd1ef1dd4a0fd30c9b9949d40d5b2023f78004d1bc4944c4a8abdf6b06ba715d
2023-04-01 21:57:47,True,0.07968,4.395e-05,270.631,0.0119,0x83...6d00,https://etherscan.io/tx/0xd81886161d23dc05f02dbc560ecd34b91e339f07c65182c98899b025f95cb421
2023-04-01 21:56:11,True,0.07954,4.387e-05,12762.9,0.56,0xdc...bfe8,https://etherscan.io/tx/0x1ca156ac804069259a8a92fb1f69ce0ba32e176ec0ae9cac94be88b6222d97ca
2023-04-01 21:55:59,True,0.07941,4.38e-05,136.807,0.0059,0xd4...6af6,https://etherscan.io/tx/0x9db6b3aefa739988fa1bbdc26c23b938421581e137157ea36d0bf41333f04561
2023-04-01 21:55:11,True,0.07939,4.379e-05,1358.07,0.0594,0xa5...8f1e,https://etherscan.io/tx/0xf96678c21387a058c7e31ea7dbc45aa08e680f8a14a8b96e794add95ff32a9ae
2023-04-01 21:54:11,True,0.07912,4.364e-05,25170.6,1.09845,0x74...d510,https://etherscan.io/tx/0xa61a4f1e28352d5674579b921bb5cdb733ebb3f10e152436077aaccdba377711
2023-04-01 21:52:59,True,0.07885,4.349e-05,729.337,0.0317,0x70...6c9a,https://etherscan.io/tx/0x55435ca319b426f686ec92d843ce4a8ba8af44b00a57466f9414afc48adbce20
2023-04-01 21:51:11,True,0.0788,4.346e-05,3186.17,0.1385,0x42...cf69,https://etherscan.io/tx/0x5db0ba8e57c28d143cd1fe06d3acddad95c1eee5341b542cea83598b31a693a5
2023-04-01 21:50:35,True,0.07878,4.344e-05,1551.61,0.0674,0x04...f68f,https://etherscan.io/tx/0xd4d00af8d9693ddb009e02257758d206d46236d76c325a1e29849f68184f8bef
2023-04-01 21:49:11,True,0.07871,4.341e-05,3196.49,0.1387,0xb6...881c,https://etherscan.io/tx/0x4eb8eb34e110546ed5486992b2ab4b5562054dcc747b717a9d33313404a81507
2023-04-01 21:47:47,True,0.07859,4.334e-05,9043.74,0.392,0x08...0463,https://etherscan.io/tx/0x51624b91a9b05295cc62ff359259e9da66d5422b1be736ed86aec287a1c1a143
2023-04-01 21:46:35,True,0.07846,4.327e-05,3697.51,0.16,0x36...aeff,https://etherscan.io/tx/0x177e44ff4f8f60fc85ddfca51a5afb88cc6cd691b62a89998c4c2338df4471e0
2023-04-01 21:45:47,False,0.07797,4.3e-05,2013.77,0.0866,0x6d...639f,https://etherscan.io/tx/0x99777c5f5c30b10474694022301b0f94dfee32a5143916897b611af8e36b4a5f
2023-04-01 21:43:35,False,0.078,4.302e-05,1288.63,0.0554,0x6d...639f,https://etherscan.io/tx/0x9df9265c30d39b98551578116cdb4054237a4bc331257306bc7d81140c6ac4d4
2023-04-01 21:41:47,True,0.07839,4.324e-05,7435.95,0.3215,0xc7...7192,https://etherscan.io/tx/0x6aa1b725bc8497fb28cfd597692d186c1e4f97172b92dead2c0a68836bdfe161
2023-04-01 21:39:59,False,0.07799,4.302e-05,14342.6,0.6171,0x75...ff92,https://etherscan.io/tx/0xca53cc304b9e561b5e867d370ef0b76cc9b1b977860510fc4f3e306b86a29aaa
2023-04-01 21:39:35,True,0.07858,4.335e-05,2768.09,0.12,0xc1...33d1,https://etherscan.io/tx/0xd465fdd94d74b2ec623e1a2c6265b17a1bd7ac58c2bf63cac61701859e98a893
2023-04-01 21:38:47,True,0.07855,4.333e-05,750.195,0.0325,0xc5...2f8d,https://etherscan.io/tx/0x12958e50b0d0e3b9e418cd132de835b7842a531e1651a11dcde2eb9041cc1ba7
2023-04-01 21:35:11,True,0.0785,4.33e-05,4000.32,0.1732,0x42...cf69,https://etherscan.io/tx/0x81a10f8d71fc7612af5939e4e7e96c603e2c16a566891247c1c9749ee2409041
2023-04-01 21:33:35,False,0.0781,4.307e-05,10000.0,0.4307,0x03...ab9b,https://etherscan.io/tx/0xf2eee5c3e73bd4bd668031c495ff096701d7634bf4d78734b43fedc9c1c0526e
2023-04-01 21:31:59,False,0.07825,4.316e-05,4815.86,0.2078,0xd3...1db1,https://etherscan.io/tx/0x35cbd3f90536328b285f2107a647957d4aa3cf24c6be121a01b9c2003c68f8f2
2023-04-01 21:30:11,True,0.07864,4.337e-05,13834.2,0.6,0x4b...a3ab,https://etherscan.io/tx/0xc8b9328d24c8bcc31fdb8275013736323cff67108e50d073b7ecbc3f85e8df37
2023-04-01 21:29:23,True,0.07846,4.327e-05,3716.25,0.1608,0x6f...0bfa,https://etherscan.io/tx/0x0c24828411d2d76c5edfd3db078e0a4a9605753450c8a28f34c55f8cec4de062
2023-04-01 21:28:11,False,0.078,4.303e-05,8000.0,0.3442,0x6f...5e10,https://etherscan.io/tx/0x6c0586b0832cb774ccbe9c5de0118190c74ed138790b9b649b15fcb980d456b2
2023-04-01 21:26:47,True,0.07853,4.333e-05,1319.59,0.0571,0xb2...2742,https://etherscan.io/tx/0xf1c0d8fd52c41ad50e6226cdc4845c293b22b6c9e3d17d68ad64b7948272d9b9
2023-04-01 21:25:47,True,0.07848,4.33e-05,3318.92,0.1437,0x40...88b6,https://etherscan.io/tx/0x9f394c697dbe1d30c328bb99f788f5267f14f564e05f82bafe92a069b869a74e
2023-04-01 21:25:23,True,0.07841,4.327e-05,2428.08,0.105,0x99...dd25,https://etherscan.io/tx/0xeebe3f10f0b7c1ad605915d8c0e623d5fac82e28d449f216526a29375b9e5459
2023-04-01 21:25:11,False,0.07798,4.303e-05,5939.38,0.2556,0xf8...6df3,https://etherscan.io/tx/0xfdd02df7114a0ef279c79c2f4ea741ebe24970750b145d14f442c7e34b14b68b
2023-04-01 21:24:35,True,0.0785,4.332e-05,457.589,0.0198,0x95...b08c,https://etherscan.io/tx/0x6234fab92ab051bc0df697396d27de1e45c4bef30954ad0803917e3eb862d3f5
2023-04-01 21:24:35,True,0.0785,4.332e-05,183.051,0.0079,0x20...96f4,https://etherscan.io/tx/0xe20da6e703bc937d0647b49233415524a140d3d2d0b96987dcac02467884013d
2023-04-01 21:24:11,False,0.07806,4.307e-05,3000.0,0.1292,0x03...ab9b,https://etherscan.io/tx/0xc113ab6842069b08f0fada985bcd9a68f279733ed09db61ba5cc59dd777a93b0
2023-04-01 21:22:23,True,0.07849,4.331e-05,6407.31,0.2775,0xa7...fc8e,https://etherscan.io/tx/0x2ead454cb9d40c8b02ec6ef9345de67267edff4395679e138fa60a38523d4a12
2023-04-01 21:22:23,True,0.07841,4.327e-05,1209.75,0.0523,0xd9...0a26,https://etherscan.io/tx/0xa6fbd7fb73e0f6948f34ce64fa61d5ce5a7c4c9ba42ad95c32001ddc3cf02587
2023-04-01 21:21:47,True,0.07824,4.318e-05,14000.7,0.6046,0x95...96ea,https://etherscan.io/tx/0x3fedbc66539755e575cdf607d930c2475542dbc1e8df12bf2b0f591ef17c0ccb
2023-04-01 21:20:59,True,0.07809,4.31e-05,934.11,0.0402,0xa2...77cf,https://etherscan.io/tx/0x172899f4150f4e66ed699a5c5f8062704c5d1ea8585302b15edf3bd4e52e9e14
2023-04-01 21:19:59,False,0.07769,4.288e-05,8000.0,0.343,0xfc...4fe8,https://etherscan.io/tx/0x4dc3cfd8bb1e9ef082166fdb1c70fe4d5baf6c14604e79683a370f92071775d3
2023-04-01 21:19:47,False,0.0778,4.294e-05,3216.13,0.1381,0x80...66b8,https://etherscan.io/tx/0xbbe5eeb3e971228e43177771bfc820ec80fe993efed36307156a5127ea4b73dc
2023-04-01 21:18:59,True,0.07829,4.322e-05,630.851,0.0272,0x1c...6f74,https://etherscan.io/tx/0xb0e39b036526c439e93d06ed6dbb832043d110356707d070fb9fb465efd668d3
2023-04-01 21:18:23,True,0.07841,4.321e-05,1198.91,0.0518,0xb9...4e0a,https://etherscan.io/tx/0x189ce8865da5d7e8230228bd00ef4b5090d8868d1141597cd8906c749867a901
2023-04-01 21:17:59,True,0.07835,4.317e-05,4361.75,0.1883,0x20...96f4,https://etherscan.io/tx/0xa3197ba8212c9d149ced59584b43852027cc5fac55729395f5d5dd299a2c3f43
2023-04-01 21:16:35,True,0.0782,4.309e-05,10441.9,0.45,0x64...6d1f,https://etherscan.io/tx/0x164a0ee741dbbcfdd18fb9811d174c12039955de0703318d4717c3ec7306be08
2023-04-01 21:15:59,False,0.07771,4.282e-05,7930.0,0.3395,0x6d...639f,https://etherscan.io/tx/0xefb8f6b5e00bf9e1c34ce7daf7168e95040a84624417a1d037e9935715353b52
2023-04-01 21:13:59,False,0.07783,4.289e-05,4894.85,0.2099,0x5c...8fe0,https://etherscan.io/tx/0xa26d535644aec85f8aced77cb71c72b577149d2d1b9205332432c4c5232321e7
2023-04-01 21:12:59,True,0.07833,4.316e-05,3006.43,0.1297,0x1b...f766,https://etherscan.io/tx/0x9bd606286ea2cdffd25451ec90a319ed1c9ec4f0c967f68b2a2d7c341f7164dc
2023-04-01 21:12:35,True,0.07813,4.305e-05,16258.2,0.7,0xb7...91c9,https://etherscan.io/tx/0x1c9bc7cec2030256d99cd9cbf0e54f1b17a721fe4c96f0b08e3527fe2ce355cc
2023-04-01 21:11:47,False,0.07752,4.272e-05,2825.48,0.1207,0x58...b867,https://etherscan.io/tx/0x23a62d1a74b978310d010bf959ea9137be00c9b4bb5326e86ef7312513d78298
2023-04-01 21:11:35,False,0.07755,4.274e-05,388.57,0.0166,0x9e...6465,https://etherscan.io/tx/0x80ad591b2ce101129889c9913067d20265f3429ed92f01f80f23832e05e25f50
2023-04-01 21:11:23,True,0.07801,4.299e-05,1106.68,0.0475,0x64...67e3,https://etherscan.io/tx/0x3078f2f745b19fe641983038ba1694a9525a5f2415c8795318b6887632c47bc0
2023-04-01 21:10:23,True,0.07798,4.297e-05,1605.47,0.069,0xbe...374c,https://etherscan.io/tx/0x3864546ee45fdd85ffcd44afa8300d53daba986323539ffd638cbb698b0217ae
2023-04-01 21:09:11,False,0.07779,4.287e-05,28752.5,1.2327,0x7e...03ce,https://etherscan.io/tx/0xc369297e39dbddd298966bb2f550fb67bdf8e34939f5853d7f51d881388a533a
2023-04-01 21:07:59,True,0.07855,4.329e-05,320.557,0.0138,0x8d...0566,https://etherscan.io/tx/0x5981bb31a41d39b1970db1ac513b542d8a9fc27c94bac6f1eaf24caf2eb1eb3d
2023-04-01 21:07:47,True,0.07849,4.326e-05,4784.66,0.207,0x9c...9bde,https://etherscan.io/tx/0x12f9bde1dc2d95b4aaa4c8b6fa1614aaa8034f31faef94590f2dc7d904ef3814
2023-04-01 21:07:11,True,0.07843,4.322e-05,1665.66,0.072,0x42...cf69,https://etherscan.io/tx/0xf150efd0cd2ccacc65b80be4a6aee1ee079f2aa3ea1089cb95839ce6bfc75f11
2023-04-01 21:06:59,False,0.07795,4.296e-05,1261.17,0.0541,0x15...33e4,https://etherscan.io/tx/0x525ced33b7a094b27db30cebfab65803c480c762e4183fad576d3c8914da75e2
2023-04-01 21:06:47,False,0.07799,4.298e-05,1951.3,0.0838,0xa6...752c,https://etherscan.io/tx/0x09dc12c99967912f901dad855637a4c6124d139372b81ee36241a2fdf326151c
2023-04-01 21:06:47,True,0.07847,4.324e-05,986.998,0.0426,0xa6...752c,https://etherscan.io/tx/0xfa125bd819a17e91ce114b934215e08f7d845d90ff161a1112e26df164b21df8
2023-04-01 21:05:35,False,0.078,4.298e-05,1000.0,0.0429,0x91...dc25,https://etherscan.io/tx/0x9872004c64aaa8f33667789017ca3f69a44bb3b664e9a5503909dea6e89e996b
2023-04-01 21:05:11,True,0.07839,4.32e-05,9178.04,0.3965,0x24...cd16,https://etherscan.io/tx/0x7d78e4c6b7d37145ee0aaa83551b78fb3ad9c1eec21b40a34524ce8d7c46e0e3
2023-04-01 21:03:23,True,0.07831,4.314e-05,505.434,0.0218,0xee...97ce,https://etherscan.io/tx/0x3dadbe58bb7e0205307357021b319bc08a55a4a397fd54a15dc4b64ec522ba22
2023-04-01 21:03:11,True,0.07828,4.312e-05,2459.2,0.106,0x7c...1518,https://etherscan.io/tx/0x4a3acf9a1cb78dedfe79a97b32c7e31bc1a10ad642a16b712bca74b62d997a17
2023-04-01 21:02:35,False,0.07784,4.288e-05,5000.0,0.2144,0xfc...4fe8,https://etherscan.io/tx/0x8c063b7269f7d1f78da061aa6c9650b6eba2a01989a2422a16f3490178528199
2023-04-01 21:00:35,True,0.0783,4.315e-05,2296.75,0.0991,0x3a...f8ef,https://etherscan.io/tx/0x4fa3c25b9180894db3aa33e2b7a881ce1991ebefc1dc3503974c802c8776cf06
2023-04-01 21:00:23,True,0.07824,4.312e-05,3795.1,0.1636,0x22...bfb3,https://etherscan.io/tx/0x49c8724a4304f8da640b4374cce8b4c5a9219c0456fda6cfeda1ac59fbd41888
2023-04-01 21:00:11,True,0.0782,4.31e-05,73.9206,0.0031,0x60...c982,https://etherscan.io/tx/0x3fe069e3ac0998a571f5203effee468b27cdc09aa93fada4c2bc04d72571e4c7
2023-04-01 21:00:11,False,0.07774,4.284e-05,988.995,0.0423,0x91...dc25,https://etherscan.io/tx/0x172568ba4d1f2dab37ef7fc41da3d9970fbca40de16ab0f0ddf450369ac9b584
2023-04-01 20:57:23,True,0.0782,4.311e-05,213.47,0.0092,0x34...5c01,https://etherscan.io/tx/0x2ef6ed7d208d64a7013f087369905affc8877f1756197a5ce68f6b6ce7ec036b
2023-04-01 20:56:35,False,0.07775,4.286e-05,2300.0,0.0985,0xd5...f537,https://etherscan.io/tx/0x86aaf034ef628fb0983af512d0a7dd22b7ae63678f7ca9573799459930a16940
2023-04-01 20:56:35,True,0.07823,4.313e-05,632.444,0.0272,0x1f...2280,https://etherscan.io/tx/0x06aa855774ca76588448be5e2a4165a1666962f13ddf139b094dcd05e1008532
2023-04-01 20:54:47,True,0.07824,4.312e-05,22.9831,9.912e-05,0xa6...8ea9,https://etherscan.io/tx/0x40551c0b13a9ad372f3087b177035ae27d331b0647e8a25bd6355eaf26e8fced
2023-04-01 20:50:23,True,0.07821,4.311e-05,2299.01,0.0991,0x3e...bde7,https://etherscan.io/tx/0x195db8a9fa37f69a72974a7d5da436ef643a902200f4e23c8ee8767fd04d626c
2023-04-01 20:48:11,True,0.07816,4.309e-05,2320.71,0.1,0x35...28d1,https://etherscan.io/tx/0x38cf8565d4eac2e829132fa311bc29e90b8d36de5ae49d74ca07bbc7c8588a35
2023-04-01 20:47:35,True,0.07803,4.302e-05,9353.98,0.4024,0x95...d2e4,https://etherscan.io/tx/0xd3790536805fc19cca77335b8ce27e86cbf2cc7ff321ded8cdf787696b92094b
2023-04-01 20:45:59,True,0.07741,4.269e-05,49397.0,2.109,0x32...cfbd,https://etherscan.io/tx/0x3309e4dc4f7e6b6bdd7a7fda9a24f8256bccbe55c1d685d616ad099dc91a9842
2023-04-01 20:45:23,True,0.0769,4.241e-05,1542.54,0.0654,0xcb...0203,https://etherscan.io/tx/0x70bcf7b523896510f84bccb053d3c8274391ccf2927fa8deadca833ed050f957
2023-04-01 20:44:47,True,0.07679,4.235e-05,9407.6,0.3984,0x08...8157,https://etherscan.io/tx/0xbc4394d531ed7706e89a89d5b939e646ee2bd4335ef9e3160a72b83b72864e4d
2023-04-01 20:41:47,False,0.07624,4.205e-05,829.055,0.0348,0x5b...dc4e,https://etherscan.io/tx/0xe026048ae2f9c4bf8200b00f86acfa60cc99f3ef370e52b3f7897647f04da43e
2023-04-01 20:41:35,False,0.07636,4.211e-05,11624.1,0.4896,0x64...fca9,https://etherscan.io/tx/0x8925cde0a102ab59f4d32b89cd099342ed2b3ff0ba7baf3163068b4aa43bbe2a
2023-04-01 20:40:47,True,0.07697,4.243e-05,350.389,0.0148,0xeb...11d3,https://etherscan.io/tx/0xacd7dbe1bc00f7b0318ade7c2be56851c358c3d8eb58ac6cf5752ad57773e47c
2023-04-01 20:38:59,True,0.07699,4.243e-05,584.053,0.0247,0xeb...11d3,https://etherscan.io/tx/0x8182038c0b7df5f0f142c9ef776e8caf56815d1828289af5c435fb495109e76f
2023-04-01 20:38:35,True,0.07696,4.242e-05,1119.29,0.0474,0x45...bdb1,https://etherscan.io/tx/0x4b07d64a82efc4be54586248e2d0028ca258a8ea288d8cd76641bfcf172c15b8
2023-04-01 20:36:47,False,0.07658,4.22e-05,8640.0,0.3646,0x7d...13c3,https://etherscan.io/tx/0x7f65a3354b064c54dbafe640eaa85afa9cd39b17de139adf2c8b5800bcd7cb1b
2023-04-01 20:35:59,True,0.07699,4.244e-05,12567.5,0.5333,0x6b...7e26,https://etherscan.io/tx/0xf58e1a2422cb3d02be4b9d2436534e688f1751e83af9c317d82158f350ae068b
2023-04-01 20:34:35,True,0.07683,4.235e-05,2496.77,0.1057,0x83...7a14,https://etherscan.io/tx/0xa1b2d98dc71ccf5cf1c5b8c9e45eeef24c5252dcf0aa98021cae05ead93fbcc0
2023-04-01 20:34:35,False,0.07639,4.211e-05,4137.24,0.1742,0x0d...7eaf,https://etherscan.io/tx/0x7faba50a3c8d565a6d9a7212ed7d8769a224bfe020bc4ceeb75b56d04578570f
2023-04-01 20:34:35,True,0.07686,4.237e-05,3017.83,0.1278,0x36...448a,https://etherscan.io/tx/0x27e00c650dfe61b9982c6eeddbfeb0a01027c700755566b419e085f56273a136
2023-04-01 20:34:11,True,0.07679,4.233e-05,3726.4,0.1577,0x42...cf69,https://etherscan.io/tx/0xb46b8fcdf2c0e54fe8119cdbad63c59de511cdc4f1d8b4600554bf7887fb362f
2023-04-01 20:32:35,True,0.07669,4.227e-05,6453.27,0.2728,0x5a...8488,https://etherscan.io/tx/0xc44c6a399913c2dfa642799f4632aa8ab0b684b573c3b28784707616d882f64e
2023-04-01 20:31:35,True,0.07662,4.223e-05,891.782,0.0376,0x73...5c8b,https://etherscan.io/tx/0x58973f8dc1a49d2c85e9c04d623f583d87c27df5da2258d2be30cfc3b2eecc00
2023-04-01 20:30:35,False,0.07646,4.215e-05,32382.9,1.36519,0x03...51e6,https://etherscan.io/tx/0xea6023f3b82c449d8ba2a0701215eb402ede1487497ce09664c4ec5e77484e76
2023-04-01 20:25:11,True,0.07727,4.258e-05,1279.5,0.0544,0x93...a9fc,https://etherscan.io/tx/0xd1bcf1878ca74a4c036b0250067d871d93a4b1eb5928565102472d095d34a8b3
2023-04-01 20:24:59,True,0.07724,4.256e-05,1356.74,0.0577,0x54...cc43,https://etherscan.io/tx/0x80afd1f37a74f5be7dfa48c6a0021edf30c115bd770bf728e05567931ff6a2c7
2023-04-01 20:24:23,False,0.07677,4.23e-05,580.0,0.0245,0xe8...d181,https://etherscan.io/tx/0xf759e4cd3c71e4b86254b59461f87347eeedeaa9fc780df2e3bed3d4a04f72b9
2023-04-01 20:22:35,True,0.07718,4.254e-05,4193.91,0.1784,0xcb...38ee,https://etherscan.io/tx/0x9145ae455f21c9a9d1df7e36260df4f853d86d92b31ce4140ee570d6da877433
2023-04-01 20:21:11,True,0.07712,4.251e-05,1776.02,0.0755,0x5e...01d4,https://etherscan.io/tx/0xe4496bece7813972072e9bfd132cf3f8866b3cc3b79d7daefa47c4662ff7a407
2023-04-01 20:20:59,True,0.07708,4.248e-05,2730.29,0.116,0xee...1c44,https://etherscan.io/tx/0xb1346e19f2b894817a71b61702d994b303f1e3685737b31db80a18be1306960b
2023-04-01 20:20:35,True,0.07705,4.246e-05,280.085,0.0119,0xb2...c7fa,https://etherscan.io/tx/0x24f8735e99e295ede041e4905ae3682f2060a0ebad9e471eeae629cc36d20f6d
2023-04-01 20:20:35,False,0.0766,4.221e-05,750.0,0.0316,0xd6...95dd,https://etherscan.io/tx/0x372e676aa34515a16d381685908c498973df748c93ec14272f994660d4b67f0a
2023-04-01 20:17:59,True,0.07706,4.244e-05,6306.11,0.2676,0x9a...9038,https://etherscan.io/tx/0xda247bcb125feceaa7c8a9e214e98c3fdf80d150a88c038582923250c615f898
2023-04-01 20:16:47,True,0.07699,4.239e-05,1419.18,0.0601,0x0b...3e68,https://etherscan.io/tx/0x4c499675433b3055ff240721d3f46cfd26ae2e1ba044f65eb854761dd9ff67b6
2023-04-01 20:15:35,True,0.07696,4.238e-05,1285.36,0.0544,0x22...bfb3,https://etherscan.io/tx/0x6e34a3a373e68b9f87d19d89cf8b07b8240a0f55f02245dccdc0e94e7ec9beb4
2023-04-01 20:14:23,False,0.07702,4.241e-05,53347.5,2.26281,0x32...cfbd,https://etherscan.io/tx/0x36dd990cf8e086a228de5b96cf84252589ab2ee035a5e55f6d6fc6a2860bde7a
2023-04-01 20:12:35,True,0.07801,4.296e-05,1038.24,0.0446,0x76...05fc,https://etherscan.io/tx/0x9e78a27a67aaa33ba0f3480790ba7312620a422a637718ce16182664d599c47e
2023-04-01 20:10:35,False,0.07762,4.274e-05,7930.0,0.3389,0x3a...03fe,https://etherscan.io/tx/0x633fd977c8eaaa6363e797e2a5f60236efc2a1ef32d45a7fb81a5c3dc2545018
2023-04-01 20:10:35,True,0.07809,4.3e-05,7898.42,0.3396,0x1c...ea78,https://etherscan.io/tx/0x80f73a906fbec46115996d0d11d50c7e168764274de43b64a6566f658b214e55
2023-04-01 20:08:59,False,0.07757,4.271e-05,2500.0,0.1067,0x03...ab9b,https://etherscan.io/tx/0x18130f43ae0917b3cd8a3139b21bdcf74199e9021b7ed24914ccaf522167d356
2023-04-01 20:08:47,True,0.07806,4.298e-05,313.549,0.0134,0xe3...f713,https://etherscan.io/tx/0xb2aba7baa6f731a001ae0d4dd5b89ef5e78737d6fdcdd3adc1e2feec8bd6b5c2
2023-04-01 20:06:35,True,0.07786,4.287e-05,18658.0,0.8,0x42...fe25,https://etherscan.io/tx/0x158b6d94b7233d58c21ee86725dafb7bfcd4278c0dc6d2146b912d2417045d93
2023-04-01 20:04:59,True,0.07759,4.272e-05,7891.12,0.3371,0xe4...174c,https://etherscan.io/tx/0x8ef8558cbf0553e9a3f6fff5d34a99dc3fe75643d67f9cc593cf967776eedd93
2023-04-01 20:04:59,True,0.07749,4.267e-05,1830.85,0.0781,0x76...7d5e,https://etherscan.io/tx/0x37a8145adce009b23aef4351d14ec0f133a553bfb6875e75b9de0c9f09fea890
2023-04-01 20:03:59,False,0.07706,4.243e-05,5000.0,0.2121,0x2f...de44,https://etherscan.io/tx/0x9ce790f1d3dd2653c68923bc017b109055ded7474777cc0e467c94c7a2082808
2023-04-01 20:00:11,True,0.07752,4.269e-05,3759.78,0.1605,0x84...01b5,https://etherscan.io/tx/0x76e09642d75da1a65b5c452592f8a44805424958a5bd3be62158507aa5576814
2023-04-01 20:00:11,False,0.07703,4.243e-05,1841.52,0.0781,0xc7...6fd9,https://etherscan.io/tx/0x2be182f95a45689cf8b14b5db8045cd189ecd41816c5087be1e5696d9a66aecb
2023-04-01 19:57:47,False,0.07719,4.251e-05,13100.0,0.5569,0x05...8aac,https://etherscan.io/tx/0x36bbb6a495de324c68500997eb0f13ff01c77b07dda5bf3cb529fe63fe9a2bb1
2023-04-01 19:57:35,True,0.07778,4.284e-05,694.147,0.0297,0x5b...f9c1,https://etherscan.io/tx/0x82cf6c2adc0cbdd9adaa079fade1936eb3e3b64f3c285e1177ba58876a237be0
2023-04-01 19:53:23,True,0.07772,4.281e-05,4630.88,0.1982,0x0b...a13e,https://etherscan.io/tx/0xb39a62de83fecdb13b9d0c8415afe271c7d10d3b711df0ad731af7ed29d11ba1
2023-04-01 19:52:23,True,0.07767,4.278e-05,644.656,0.0275,0x97...0896,https://etherscan.io/tx/0x4f359fdfbd29db6ad305907b3c74684bbe876c04472c14b249b1c87946847f4e
2023-04-01 19:52:11,False,0.07721,4.253e-05,2000.0,0.085,0x00...bde7,https://etherscan.io/tx/0xec062d3f965e05465e583135b725e94546a77d12e35f8b4a583868fc98ae99b1
2023-04-01 19:51:59,True,0.07769,4.279e-05,860.228,0.0368,0x92...c6ee,https://etherscan.io/tx/0x105980491722f3f43f2de7580b9d446df9f4db95b60d1f731375019a25da669a
2023-04-01 19:51:59,True,0.07765,4.277e-05,3039.3,0.13,0x81...441c,https://etherscan.io/tx/0x2ebe63edcb40ff457409edc9e39aed292d6af13084f65388332985ba673f74df
2023-04-01 19:50:35,False,0.07734,4.255e-05,9267.42,0.3943,0x3c...cfbd,https://etherscan.io/tx/0xa288f023058db30b7472e2ccabb671a5b75fc0cec806fe4638cba86cc7528552
2023-04-01 19:49:23,False,0.07747,4.262e-05,3451.25,0.1471,0x8a...547a,https://etherscan.io/tx/0xe73030e36250459bb08ef05df9f87cc0fd8d6606f98b2ab70756e8e253afb75b
2023-04-01 19:43:47,False,0.07758,4.269e-05,10040.4,0.4287,0xb9...71d4,https://etherscan.io/tx/0x35aefb6b15658f489f8773f977b11e26ee85ed89f8caf5bf612dc6a94bc80391
2023-04-01 19:43:11,False,0.07767,4.275e-05,563.732,0.0241,0x61...75c5,https://etherscan.io/tx/0xf1a5de63e23a37bf76c464c31cbcb3ec0b9e3e8cfbcd16dac6966b11281d2c20
2023-04-01 19:43:11,False,0.07771,4.277e-05,2500.0,0.1069,0x03...ab9b,https://etherscan.io/tx/0xcf0bf8eaec60ef1cdfc27a80febaf9f85b6153549fb30dfe237d766592a9a005
2023-04-01 19:42:35,False,0.07776,4.28e-05,3131.18,0.134,0xf6...fa64,https://etherscan.io/tx/0xca022a0456e3652f16df1eb96e260f669e32c9339ca0564cb3f3da0fed6a1ce8
2023-04-01 19:41:23,False,0.07788,4.285e-05,5000.0,0.2142,0x70...6ab9,https://etherscan.io/tx/0xc226e7c249a2fd22f42684d1e83c1c9ed9cdabb621b8783e4fb6b8e43c216d4f
2023-04-01 19:40:47,False,0.07822,4.303e-05,28197.9,1.21357,0xa2...fb83,https://etherscan.io/tx/0x39b8c3466142880c379866a3b0c762e81fcefd638f147e00884a7ea3104f07a2
2023-04-01 19:40:35,False,0.07852,4.32e-05,1000.0,0.0432,0x70...6ab9,https://etherscan.io/tx/0x5824b1aff064c16cac4a5fca83d75ada4f062487d8946afdd8fcda8b81e16fd2
2023-04-01 19:38:59,True,0.07898,4.345e-05,2000.0,0.0869,0xcd...6e64,https://etherscan.io/tx/0x69491a95c01ea54129eac6498bb877442db0d4e8f139861f0c692de289dea32a
2023-04-01 19:38:23,True,0.0787,4.33e-05,25180.9,1.09038,0xd0...24f5,https://etherscan.io/tx/0xc4c5afa8155c4632083aba074923d30d6179c9cab31a1befca2fd9e9d249bdfb
2023-04-01 19:37:35,True,0.0783,4.308e-05,12892.9,0.5555,0xc2...1c3a,https://etherscan.io/tx/0x6eb35384a2be5deb1ce4d88a3c03813722ad0d0887918337a11def536e80f957
2023-04-01 19:37:11,True,0.07817,4.3e-05,1382.97,0.0594,0xe0...6141,https://etherscan.io/tx/0x1a936c74f26b64aee79b0c314cb6ba32777c0463720f568cd1edee60b7cb378e
2023-04-01 19:36:35,False,0.07769,4.275e-05,1799.03,0.0769,0xd3...c1cc,https://etherscan.io/tx/0x8dbb1ac4943fcb65aa49755dfd7668b5a7ffd9db602fe8e18ba340c78c4ac157
2023-04-01 19:34:59,False,0.07865,4.327e-05,91456.6,3.95806,0x6b...bdf6,https://etherscan.io/tx/0xf5b5b68c7901a0012bce27d98e3af145d2d0a5de26cc6b4d32108f7471ba3fdd
2023-04-01 19:34:11,True,0.07968,4.384e-05,37109.3,1.62719,0x14...e75e,https://etherscan.io/tx/0x5116c479da9de67e55fbc36485b1d1c67b2875dd86b282cbf05015b871fae2c9
2023-04-01 19:33:47,False,0.07885,4.339e-05,3000.0,0.1301,0x23...5be4,https://etherscan.io/tx/0x61ccc4411a5a7e2171d0a98a9f60eae8199ad6293950eab698dfc8bd56f02535
2023-04-01 19:33:11,True,0.07931,4.364e-05,4214.88,0.1839,0xd7...a3b2,https://etherscan.io/tx/0x3624e83c301b5715c6fe178cbcb4d31b0063c6c12d19b76123695362004c00d1
2023-04-01 19:33:11,False,0.07912,4.354e-05,31535.8,1.37306,0xba...1f49,https://etherscan.io/tx/0x3f101c8b06add3bd279481c5b8198db9b7d261c8b027605d52e641720545b135
2023-04-01 19:32:23,False,0.07949,4.374e-05,3503.94,0.1532,0x0d...c673,https://etherscan.io/tx/0x7a3d98e244e10cd08b55a0a1402c896ea6dbd93669e4ce7d0764b29e0358d03d
2023-04-01 19:30:59,False,0.07953,4.376e-05,500.0,0.0218,0x17...812f,https://etherscan.io/tx/0x5e8d12369c6e3779d3c662455f539c3dbea2fbb5ad6c2cb94fda78197ddcd1e3
2023-04-01 19:30:35,True,0.08001,4.402e-05,495.309,0.0218,0xd2...0590,https://etherscan.io/tx/0xc08e44a3f29eba604bf25eb73f4a18b0461def3d6806b3945038291c45d8fae7
2023-04-01 19:30:11,True,0.08,4.402e-05,567.9,0.025,0x66...cf31,https://etherscan.io/tx/0xdd6ff0572b7d07cfe56d0ce3671af624ad8eddaf7f66e95a032db21400f146e0
2023-04-01 19:28:23,False,0.07967,4.385e-05,16629.2,0.7292,0x50...81c9,https://etherscan.io/tx/0x49548b7a07cd262819aff80d0ee98583e1ddb8e282221b5b0c6334f440aa0515
2023-04-01 19:28:23,False,0.08007,4.407e-05,21064.1,0.9283,0x84...9858,https://etherscan.io/tx/0xd55651b3be03311026b268d3c377bba3cf85cf4eb383996e45c1f2c452549b3c
2023-04-01 19:28:23,True,0.08061,4.436e-05,16134.1,0.7157,0x50...81c9,https://etherscan.io/tx/0xc22fc90ef183477aaf91414f52c4a1abd637a4a69d9ebea1e261bbf5c8ebd52a
2023-04-01 19:26:11,False,0.08025,4.417e-05,28387.0,1.25389,0x2e...f345,https://etherscan.io/tx/0x60b211d7cc58b5caa7fa423402c097dabee4469025168d57ae71e5f8c2e020cf
2023-04-01 19:21:59,False,0.08054,4.434e-05,1215.81,0.0539,0x43...21c5,https://etherscan.io/tx/0xdd4098d3c20d1e63d1f12077fbac770dde466ca3f408584dbf28e620ae9bdf50
2023-04-01 19:20:47,True,0.08107,4.461e-05,679.655,0.0303,0x0e...915a,https://etherscan.io/tx/0xbf37859af45cf068622453595287bcc42afdb1765d70772598b8c870a2f7875d
2023-04-01 19:18:35,True,0.08105,4.46e-05,377.33,0.0168,0x27...d09a,https://etherscan.io/tx/0xb53c7feb0b88f035de9a2a7d38a35e4f57ef095091656cdd200f1b004a1142b2
2023-04-01 19:17:35,True,0.08101,4.458e-05,3486.31,0.1554,0xe2...f6a3,https://etherscan.io/tx/0x761158d2a339e8d382699e3a76a4d331bd4b9158d66c233d84bccd72fbb79c12
2023-04-01 19:16:47,True,0.08089,4.451e-05,8528.64,0.3796,0x83...0242,https://etherscan.io/tx/0x20c9f2bfa7f050ed1344b531981dae3dd3f197339513c877aabaa8f2f59d73d2
2023-04-01 19:14:47,False,0.08047,4.428e-05,14868.8,0.6584,0x1c...0e27,https://etherscan.io/tx/0xd2db4d2751cc5df49e5f6fc4565c9d593c935420238ad517f897e97b0e98b34b
2023-04-01 19:14:11,False,0.08078,4.445e-05,13903.9,0.6181,0xc5...eef8,https://etherscan.io/tx/0x2eff0eb07de8a596fb113c70c9d9ac7dbb8e9f86bdca1dd1f2bafcdaecab0b32
2023-04-01 19:09:35,False,0.08101,4.46e-05,12000.0,0.5353,0xc2...6919,https://etherscan.io/tx/0xb747319909079b185001b4638812b92a671663fbed8af5ef04a783db242b3f90
2023-04-01 19:08:47,False,0.08114,4.468e-05,496.0,0.0221,0x1b...ea67,https://etherscan.io/tx/0x85d419e91a82e0f15af3813fc4d0e56d685965fd3f0db322b6807d596e956a08
2023-04-01 19:08:23,True,0.08163,4.494e-05,1089.4,0.0489,0xa4...7224,https://etherscan.io/tx/0xa5005b78d92cc90ae239dad3e2449ad4d887fcb695035d8999e6fef141c824b9
2023-04-01 19:07:47,True,0.0816,4.492e-05,2437.96,0.1095,0x04...871e,https://etherscan.io/tx/0x14417050f8d33cb364a50115f0149e616f643706ac48bd846f257de714633d95
2023-04-01 19:05:23,False,0.08106,4.466e-05,2659.04,0.1187,0x58...7629,https://etherscan.io/tx/0x48f367b07d5032962c1d2500b25c4bb3e044bcbb7917acc2ad2f6c9e6963f634
2023-04-01 19:03:11,False,0.08135,4.482e-05,24270.4,1.08784,0xc4...a50a,https://etherscan.io/tx/0xa9e9f4b17decac498cff4c9bf932ac3e97494260875e0585e3e459f947d2696c
2023-04-01 19:03:11,True,0.0821,4.523e-05,482.087,0.0218,0x05...56fb,https://etherscan.io/tx/0xf359398987235620fdff9f4a944ab95835955446d41f61465356a317869545cd
2023-04-01 19:02:11,True,0.08199,4.517e-05,10050.5,0.4539,0x1b...4248,https://etherscan.io/tx/0x8f2c83a254ac62a936d71b87ae15ac132af3b067404ba2be8197047cfec1a2f3
2023-04-01 18:56:47,False,0.08149,4.491e-05,11551.8,0.5187,0x4d...e5a8,https://etherscan.io/tx/0x57d47d0281cdf68b96bef8b29b0db0fa268f595c566906c6a598259596b47395
2023-04-01 18:56:11,False,0.08162,4.498e-05,500.0,0.0224,0x42...cf69,https://etherscan.io/tx/0x51baa010a36ae2a973e74a07ae983ee36e921cb9f83dd38f22049418d7458d04
2023-04-01 18:55:35,True,0.0821,4.524e-05,1145.89,0.0518,0xdb...1e87,https://etherscan.io/tx/0x8f88e4be66e3e634e299e63d2f09f979595ee8f1c9e4dadd58d02ff4f2cd9fe5
