datetime,buy_order,price_USD,price_native,amount_token,total_native,maker,etherscan_url
2023-03-23 07:17:11,False,0.1188,6.788e-05,464.646,0.0315,0xae...ae13,https://etherscan.io/tx/0x453d7d704ee1b7fd05b0fd2f1c5891079a8adc65ceb85ad847537c45a6219ba0
2023-03-23 07:17:11,True,0.1195,6.828e-05,1451.61,0.0991,0x8e...febe,https://etherscan.io/tx/0xfd761c94a358b192aa3b72e9d09fb3f624b612143d275f9defbfd22112fc1af9
2023-03-23 07:16:47,True,0.1194,6.826e-05,673.738,0.0459,0x9b...140a,https://etherscan.io/tx/0x03d2cac27dcfa2b60fc15c764be4dce6d9fea9d1fb5c0c9c6539033b48095e52
2023-03-23 07:15:35,True,0.1194,6.824e-05,2178.84,0.1486,0xa1...d9d4,https://etherscan.io/tx/0xa178896a1496fb4e49ede3cdf22eb8f5d2ed34ce1b5a50cd92cb7a500a46fdde
2023-03-23 07:14:59,True,0.119,6.802e-05,22067.6,1.50116,0xda...4ab4,https://etherscan.io/tx/0x203910a0f645b82026ac2b29de764e83a49f07b228a334d0c5b12cdfc10ec410
2023-03-23 07:13:47,True,0.1186,6.782e-05,263.056,0.0178,0x20...048a,https://etherscan.io/tx/0x31b9c2f4e925733f8ab7bb25d2653d7920e4c1510f119c4a3a37dec8d50afb8f
2023-03-23 07:13:47,True,0.1186,6.781e-05,730.805,0.0495,0x4a...31ea,https://etherscan.io/tx/0xe871c5b7232ec5514478c028ae44eb43fd107ad08e2b027c95ed5fa235538ff5
2023-03-23 07:12:47,True,0.1185,6.777e-05,4426.52,0.3,0xe1...90dc,https://etherscan.io/tx/0xaf24662293f7644ce2412f9132c3fc96b45389dbb500a8bbcc4ea2ca5b8de0bd
2023-03-23 07:12:23,False,0.118,6.75e-05,19865.5,1.34098,0x13...beb5,https://etherscan.io/tx/0xa7345905fb7465ed50c817c4a7f46617b7e8b31f9f2dbd9117bdd27fa7164ef0
2023-03-23 07:11:47,True,0.119,6.797e-05,12828.2,0.8719,0xaa...a427,https://etherscan.io/tx/0x11fcdd6277240b256100b841c936c7565927b595901bf4927468f4d24c2c99c3
2023-03-23 07:10:35,True,0.1188,6.785e-05,354.581,0.024,0xbe...15d6,https://etherscan.io/tx/0x741f913e0eb6071048d9d8fca0149261dd61a2625560a7c421c6de6980bdb7b7
2023-03-23 07:09:47,True,0.1188,6.784e-05,657.467,0.0446,0x46...91c2,https://etherscan.io/tx/0xf430d79a79461b1640dc83fffcdada4ade200187809d6726d83e40d5782ad575
2023-03-23 07:09:11,True,0.1187,6.782e-05,1417.59,0.0961,0xc5...5462,https://etherscan.io/tx/0x9974687026baa18b0df8753f19da5b22955865d14913e852fe9880ca646d98e7
2023-03-23 07:08:59,True,0.1186,6.777e-05,5007.09,0.3393,0xde...3be8,https://etherscan.io/tx/0x775355ca97d94fd74ba29fde89bf2c399fabb5d95f0553c556896b8f219bef45
2023-03-23 07:08:23,True,0.1186,6.772e-05,234.185,0.0158,0xb8...8f53,https://etherscan.io/tx/0xbcae9692058f4ebaaeae198d5e1e663d1fb6a5d7f2313589fb93dbc7b0708274
2023-03-23 07:07:23,False,0.1185,6.774e-05,48525.4,3.28731,0x43...0f75,https://etherscan.io/tx/0xd0202a97eb586e858e8678af50ad0a031fc55c6bdb29aa88d503c84f6b9da47e
2023-03-23 07:06:47,True,0.1199,6.854e-05,4627.79,0.3172,0xf0...c541,https://etherscan.io/tx/0x44b003703ce3ef09889b2929094b597154ab0a1bbcc38c443d667b48e9c8b605
2023-03-23 07:06:11,False,0.1192,6.819e-05,11815.8,0.8057,0xd5...9477,https://etherscan.io/tx/0x62bc9e2bc95cd6ec71c411fdfb4cd49133a279ff2a314b10076c8b2490487da0
2023-03-23 07:03:59,False,0.1193,6.831e-05,1867.52,0.1275,0x65...718c,https://etherscan.io/tx/0x38ae716ba46a11888c6802e0e7659ad4f6ff12e0f1649a287a69d835f2647714
2023-03-23 07:03:59,True,0.1193,6.832e-05,47236.8,3.22732,0x79...498f,https://etherscan.io/tx/0xb9e379b1ba0f1e75921d557cd700d2c42cdbe998704328c03b244d916ba13adc
2023-03-23 07:02:23,True,0.1186,6.777e-05,14701.6,0.9963,0x5b...c8c4,https://etherscan.io/tx/0x8cbcba0ebc34dd3e7f89cbdcbc663ff8ecdce64b5853af8aedaeb0f4456c7c27
2023-03-23 07:00:59,True,0.1183,6.762e-05,2052.16,0.1387,0xe5...8408,https://etherscan.io/tx/0xc06953eb36422b19b63e920ae03d284561593f1ec5e0a1f75cf2be0937b08abd
2023-03-23 06:58:35,True,0.1183,6.76e-05,346.94,0.0234,0x21...41bb,https://etherscan.io/tx/0x7f50f62a03f0795eaeb5f35afdf2975471ba32eb9639203b805959ea803611b4
2023-03-23 06:57:47,True,0.1182,6.75e-05,10278.2,0.6938,0xf1...9878,https://etherscan.io/tx/0x8d4c58cc65311f9cb5ff6c65f672c88ad2d634d3c800200be256c0f763d39061
2023-03-23 06:56:47,True,0.118,6.741e-05,67.1808,0.0045,0x91...229c,https://etherscan.io/tx/0xc62956ba202386127a48a94f487b5bbc2f15f0955520c23c2c49993d04b392f3
2023-03-23 06:55:11,False,0.1173,6.703e-05,2700.0,0.181,0xb0...af73,https://etherscan.io/tx/0xc6a93afeb9eee4026de05130b7084cefb382889fde02416058dc88d44714afb1
2023-03-23 06:54:47,True,0.118,6.746e-05,293.866,0.0198,0x08...13cc,https://etherscan.io/tx/0xdec95a80407b3e1496401ffb03bc79d1c68117b36fce4dcc892d346a35843686
2023-03-23 06:54:35,True,0.1178,6.745e-05,146.941,0.0099,0x15...efac,https://etherscan.io/tx/0xdeedb6233a819c1b0424fefe0a77734135520c5981fe9e34e6cf72ffb6301c28
2023-03-23 06:54:11,True,0.1178,6.745e-05,279.204,0.0188,0xf8...f58b,https://etherscan.io/tx/0x8857dd77d78675dc31d88a98c791178472c8e4a2f8bcdfdc2607ffb70aef12d6
2023-03-23 06:52:23,True,0.1176,6.74e-05,5298.2,0.3571,0xdc...d10c,https://etherscan.io/tx/0xdb11d79c956203d750494a362c2f799aea6fbf9160df27e41c0f87cd6bf79fb4
2023-03-23 06:51:11,True,0.1175,6.733e-05,3109.75,0.2093,0x4b...f6f8,https://etherscan.io/tx/0xaa37688f920ac6b76dd3c31e7459f6146edcbcbfc7a914f9c143351453f4cd30
2023-03-23 06:50:35,True,0.1174,6.73e-05,125.187,0.0084,0x71...ed56,https://etherscan.io/tx/0x6cbb149c3fb96cb379ee9037a9c01c826c23aaa182a05870bdeb5d48323e2bc5
2023-03-23 06:48:59,True,0.1174,6.729e-05,1104.77,0.0743,0xb4...7ed4,https://etherscan.io/tx/0xd6fb52f7f303652f86190fac3fea04256421090a82a75319bf77b3bd9210fa2a
2023-03-23 06:47:11,False,0.1167,6.688e-05,500.0,0.0334,0x42...cf69,https://etherscan.io/tx/0xd9d60990f6ed91dfe85bb83bcd0462110e3adc67772696ae3e99d1274fd0780d
2023-03-23 06:46:47,True,0.1174,6.728e-05,585.201,0.0393,0x8f...c3de,https://etherscan.io/tx/0x0beb53e12cc6a3faccbd0df993c52cb92090dd073d10c901d57039e3816d222c
2023-03-23 06:46:23,True,0.1174,6.726e-05,1620.94,0.109,0x52...86f0,https://etherscan.io/tx/0xb666885cd2ce62fa2a31e6e7fcc0bf20357fbcc35ce426852f8db54ba4dbdf1e
2023-03-23 06:45:47,True,0.1174,6.724e-05,1339.48,0.09,0x8f...c3de,https://etherscan.io/tx/0xe8807458e30217a1b9a081c81c4458d8f22b3638e8c29581a6f98eabb075d035
2023-03-23 06:44:47,True,0.117,6.703e-05,22376.2,1.5,0xd0...2c22,https://etherscan.io/tx/0xfdd09afaf9304c2754313fa76189d49649215469b9f97aceea66c02217189c64
2023-03-23 06:44:11,True,0.1166,6.684e-05,101.734,0.0068,0xd4...3f95,https://etherscan.io/tx/0xcd238565a8f947bd1f6e67330ceebb642938a5f614d4f628e9d670d07ee132a3
2023-03-23 06:43:59,False,0.1163,6.664e-05,23783.9,1.58507,0x70...1651,https://etherscan.io/tx/0x6dc12e16ec40bb00c7985f8ab785f8f30b1f4ceaa4a11e4ce79882dfb10b433e
2023-03-23 06:43:11,True,0.1172,6.718e-05,7376.71,0.4956,0x57...b5d9,https://etherscan.io/tx/0x6e92945b571704b8ca4c15e37d8c9abcaee9371e7344aeef143d98cf65304a56
2023-03-23 06:42:59,True,0.1171,6.711e-05,759.572,0.0509,0x05...e0dd,https://etherscan.io/tx/0x9f01e75b51dff0ff426b7b8a5faf6c3defe0ebdf80b08b6418a4a10e61bd99e1
2023-03-23 06:42:47,False,0.1164,6.672e-05,1792.27,0.1195,0xd7...a3b2,https://etherscan.io/tx/0x24090ffc8ca7fc4d033c06439f970242a783e1c1d423b3c2fea9851479bd5f0c
2023-03-23 06:42:47,True,0.1168,6.696e-05,19996.5,1.33911,0x97...b105,https://etherscan.io/tx/0xf7efc6c31ce348fbe29d81852cf51a3f0454e5aa1e51e9c3b9331cec16191ed7
2023-03-23 06:42:11,True,0.1163,6.669e-05,11250.5,0.7503,0xb5...a957,https://etherscan.io/tx/0xcaff7686043918a154584d7cc496c06402e9d76c74a0bfd00da51aab10fd04dc
2023-03-23 06:41:11,True,0.1161,6.659e-05,299.171,0.0199,0xb4...7dd3,https://etherscan.io/tx/0x253a172ce0b82cb4b856b1f7ba0ee6f1b445a39bb661a85cbf55de779a6023e3
2023-03-23 06:40:59,False,0.1158,6.638e-05,22042.5,1.4633,0xd6...c5eb,https://etherscan.io/tx/0x9d05ba83cb576d528e90299bc522ab53928b8e6c3f81abc6eef98ef4dd8614f6
2023-03-23 06:40:59,True,0.1168,6.697e-05,74.0021,0.0049,0xa6...ceda,https://etherscan.io/tx/0x360d3351db74e6bcdeeee638e3541853a46f0701f23356d3172b1038b281b568
2023-03-23 06:38:23,True,0.1243,7.126e-05,55529.4,3.95748,0xed...a72e,https://etherscan.io/tx/0x9919cd194a0cafa19bdfc5ec698582d20d439bf0d56df5a7c1b1f0e58af51fc3
2023-03-23 06:38:11,True,0.1151,6.6e-05,811.024,0.0535,0x6e...5d37,https://etherscan.io/tx/0x25250b649f9066c596ee381bc67246529b36a759dbe44a3b29984d51ad99c7b6
2023-03-23 06:36:59,True,0.115,6.595e-05,4057.66,0.2676,0xfe...d746,https://etherscan.io/tx/0x242c15da85dc754d12c130f49a30e0fea82f04e03832eb9cdbd43f61830acf76
2023-03-23 06:36:35,True,0.115,6.588e-05,4553.35,0.3,0x0c...372a,https://etherscan.io/tx/0x04d3d8d2ba164b367671f82cb01305ad4814013041cbe2713d32236bd1818c06
2023-03-23 06:35:11,True,0.115,6.583e-05,903.335,0.0594,0x00...8eb3,https://etherscan.io/tx/0x382541ee317fc8b1a0a925bcfc866fa6e60638c16b43944fc773a155bf0535b8
2023-03-23 06:34:47,False,0.1145,6.563e-05,23745.8,1.55861,0xcb...c48e,https://etherscan.io/tx/0x2a66eb015e47715e60d022344c4fc6afde20a7d07c53b1b2deae4dad7b568c1a
2023-03-23 06:34:23,True,0.1153,6.621e-05,2560.01,0.1695,0xc4...7399,https://etherscan.io/tx/0x121e3e43b2dba716fa915094697bb24faa05ca2f4ae129de2433e788035a4056
2023-03-23 06:34:23,True,0.1153,6.618e-05,111.701,0.0073,0xd6...a167,https://etherscan.io/tx/0xb947cfccbf0555957e005032b3eb520f5f31a8b6820dd207ecd96e521c576d59
2023-03-23 06:33:35,True,0.1149,6.615e-05,3774.52,0.2497,0x93...e424,https://etherscan.io/tx/0xc5a9d7e3b6e165d9f641fefe5a78d142a33c2769361f246f8db74d15ce15f273
2023-03-23 06:32:47,True,0.1148,6.607e-05,5320.0,0.3515,0x5b...1ace,https://etherscan.io/tx/0xb3b16ee854259d153096a48fad47a919308b04c03e113fe5d86e44ea1c5e703a
2023-03-23 06:31:59,True,0.1147,6.603e-05,156.12,0.0103,0x39...2d84,https://etherscan.io/tx/0x12bf2ae947d0290a36ba92f422fa5c9174840b90f867869e4d4011640bb079a0
2023-03-23 06:31:23,True,0.1146,6.601e-05,2239.64,0.1478,0x35...6fa5,https://etherscan.io/tx/0x1860b089f717c59ea0adc8c8511b6b2751b2b93222fba8b5090c33943a804842
2023-03-23 06:30:35,False,0.1139,6.56e-05,500.0,0.0328,0xf2...09bb,https://etherscan.io/tx/0x7f7f664dcd0a559aadd4f968a6679bcca9a78ec24079ae4ac09be4f547c487ce
2023-03-23 06:30:23,True,0.1146,6.597e-05,3350.18,0.221,0x76...7d5e,https://etherscan.io/tx/0xb8977358cda25082a52d1da799940facb0539774e309820ba1f64be8b0aa3188
2023-03-23 06:29:47,True,0.1145,6.59e-05,4317.86,0.2845,0x54...b724,https://etherscan.io/tx/0xe5f6a6a02abbbe44a19d0dfafd4faf45e6be4017c62f28dc3c79ce8db532b8b4
2023-03-23 06:28:47,True,0.1142,6.575e-05,14273.2,0.9384,0x97...4b03,https://etherscan.io/tx/0x04c49523c549563f3977ff2f6b6e44045fc73908f6e4831c4250963b50c697b5
2023-03-23 06:28:47,False,0.1138,6.554e-05,36604.3,2.39921,0x76...7d5e,https://etherscan.io/tx/0xd164753676fdfbf67713711940be4cfa98ebbf549d36824691f310650af89783
2023-03-23 06:28:35,True,0.115,6.624e-05,179.553,0.0119,0xa9...aa5f,https://etherscan.io/tx/0xe9c97c4d3f604761199382df16c76b130cb2a6becd82543963aaa3054aa04017
2023-03-23 06:27:47,True,0.1149,6.616e-05,9219.03,0.61,0x7b...85ec,https://etherscan.io/tx/0x6d4574bd5ec56d08f182d22381af8a83156f5d88b3e1bf0e17ba2bfb089b5c04
2023-03-23 06:27:35,True,0.1146,6.6e-05,10062.2,0.6641,0x2b...4d98,https://etherscan.io/tx/0x8b43f0c04921a1dc1fd1c2da026d6b594925cd51fdeff1410758c979706246bc
2023-03-23 06:27:35,True,0.1143,6.585e-05,7448.79,0.4905,0x96...bcb2,https://etherscan.io/tx/0x3aae39c2fcad7ab98d9f5a94baa20a125d3c31cd4a8b5c2da9bea5948d4796f8
2023-03-23 06:24:59,True,0.114,6.566e-05,15095.7,0.9912,0x95...7f79,https://etherscan.io/tx/0x606c6b5124428c39c48dbdb095353c342421466de073f025b5751c9198c799bf
2023-03-23 06:23:35,True,0.1137,6.553e-05,60.5,0.0039,0x0a...36d6,https://etherscan.io/tx/0xc2c7423a4eb5ac6c1be159cf7ce801af276ca599e3c0edb2354bfe5a753dd025
2023-03-23 06:21:59,True,0.1136,6.552e-05,1029.99,0.0674,0x42...0180,https://etherscan.io/tx/0x87262403e9ca04efaf5969e5ec00cca99d94963a42ba0784e3bab6473cf00dcb
2023-03-23 06:20:35,True,0.1135,6.549e-05,2546.52,0.1667,0x4b...a4c2,https://etherscan.io/tx/0xe985b2c797c3466f118d7263fd32357c2db35c42d7142ff61a9158c50db24bc6
2023-03-23 06:20:23,True,0.1135,6.547e-05,757.417,0.0495,0xd6...a167,https://etherscan.io/tx/0x3785f89433c346e01c6310721585c01cc600186103fa54998b24e05bfe36e638
2023-03-23 06:19:35,False,0.113,6.516e-05,11000.0,0.7168,0xae...06a3,https://etherscan.io/tx/0xfb7ee5ad26f5bc55940d362a715bd1d2ed03a9392b8ae0e2fb3b73c159c73f17
2023-03-23 06:19:23,True,0.1138,6.564e-05,425.9,0.0279,0xb2...2cb9,https://etherscan.io/tx/0xe92fefa08c38f988d92bae80a0854a2071cfd76ab1e1e80e3029bfd3f4811e4a
2023-03-23 06:18:35,False,0.1131,6.525e-05,1165.93,0.076,0x8a...58d4,https://etherscan.io/tx/0xeefbd1242fb1c2189127f80a6e3b449d4c06fd4caf7dd682c4d63583c51fd5e3
2023-03-23 06:17:47,True,0.1137,6.561e-05,5287.38,0.3469,0x30...b6ab,https://etherscan.io/tx/0xc8766d9d6032b1f1dead8f8eaccb30cdd4e8c95a3428836248f4569157549f66
2023-03-23 06:17:47,True,0.1136,6.552e-05,6051.52,0.3965,0x44...772c,https://etherscan.io/tx/0x22117106d79f7df14809844fc5b4882bf2f20a7a95f6d7a61f1c42768e65574a
2023-03-23 06:16:59,True,0.1135,6.547e-05,60.5625,0.0039,0x2e...a8dd,https://etherscan.io/tx/0x57cdde3a3696520f43c3da5422f07f1e052bc5c0a0175566edf3de1c16af3af7
2023-03-23 06:16:35,False,0.1131,6.524e-05,20014.1,1.3058,0x6d...a9a4,https://etherscan.io/tx/0x46add7ff7e4f26efb565d8b5582aff1a7e3e55672f6d2f4fd7a955a0604a78f9
2023-03-23 06:14:59,True,0.1138,6.568e-05,13872.0,0.9112,0x19...cc98,https://etherscan.io/tx/0x3eae27922aa9caf7148887e7c1f36f0ddc74eed787c5a6a7f2252739bd4f7e44
2023-03-23 06:14:35,False,0.113,6.519e-05,1500.0,0.0977,0xe6...05d1,https://etherscan.io/tx/0x6bab76006e50c4ac024d542afe574f7dae16d65da6b52d6a5e962574f1159d74
2023-03-23 06:13:59,True,0.1137,6.559e-05,362.69,0.0237,0x34...ae76,https://etherscan.io/tx/0xdc13be06707a3b1581dcff029ea7848acdd68efcc5422787def93b20db73b435
2023-03-23 06:13:23,True,0.1136,6.558e-05,1101.88,0.0722,0x2e...a8dd,https://etherscan.io/tx/0x1a04d07ecf94b6f4cb66a7c153392ac90ee4699d5d0ff16d77f026064f37e9d1
2023-03-23 06:10:47,True,0.1136,6.556e-05,907.128,0.0594,0xe6...26be,https://etherscan.io/tx/0xb4459e7f442e29dcc6f7a39a820f9343c23c0bbc25baf89a569d31ce2ac4bcb7
2023-03-23 06:10:11,True,0.1135,6.548e-05,8325.19,0.5451,0xee...cfbe,https://etherscan.io/tx/0x3eae12ee3250836e2458bbe39c7d27c2573db0ad10d842724f8c5e52952fd78d
2023-03-23 06:09:35,True,0.1133,6.538e-05,3335.05,0.218,0x58...ef56,https://etherscan.io/tx/0x53f132b3a88b4690a1ba1a9dd92dada2370e2149a41829e63cae27997f3ba8da
2023-03-23 06:06:23,False,0.1125,6.497e-05,290.0,0.0188,0x6b...5679,https://etherscan.io/tx/0xa1361e81a85846505e1ae39cfcb9f2fc122caf481e85faf96bceabe49b0bd259
2023-03-23 06:04:11,True,0.1132,6.536e-05,15.1647,9.912e-05,0x1d...5024,https://etherscan.io/tx/0x38255ef959a3542c587d98afe41a083a9491489fa87757d0785766351253b691
2023-03-23 06:04:11,True,0.1132,6.535e-05,1478.18,0.0966,0x72...c8a5,https://etherscan.io/tx/0x40e611a7309205368eea0e649d66e692421b77dbfc842e04cc2612ca1403c105
2023-03-23 06:03:47,True,0.1132,6.53e-05,4404.41,0.2876,0xdb...fb45,https://etherscan.io/tx/0xaab75cb052e557652da9b363278b2e4c5fb93071c507e8ab1b4e9eac38b5b5fc
2023-03-23 06:03:35,True,0.1131,6.526e-05,69.9286,0.0045,0xf6...9931,https://etherscan.io/tx/0xbfdecb7a98ce652e726f77de2f03dacb5fe1cbbe5af0301070844c1dd9b0792e
2023-03-23 06:02:35,True,0.113,6.526e-05,151.882,0.0099,0x1d...5024,https://etherscan.io/tx/0xd144368434ca7b577bb5120874200647d71cc151793600cbb3eb3a4538b80729
2023-03-23 06:00:23,True,0.1129,6.524e-05,2452.37,0.16,0x11...dce3,https://etherscan.io/tx/0xcf3f9d4b7b4435fe0966915b17a840294f6b240316efc81dd501f7a9cda2ae98
2023-03-23 05:59:11,True,0.1129,6.521e-05,641.405,0.0418,0x42...cf69,https://etherscan.io/tx/0xf1a5a51d19ec8dd8ee3e0eb21be86cc5a0caed7a97c75304c499b9a9b76ec85d
2023-03-23 05:57:23,False,0.1124,6.486e-05,5107.19,0.3312,0x2a...c1c1,https://etherscan.io/tx/0x223a01f36631429f8d158be794e4b306fab2bc5820d93423e9b9f32073279209
2023-03-23 05:57:23,False,0.1125,6.491e-05,1653.37,0.1073,0xc0...fbd6,https://etherscan.io/tx/0x3af96c1e943116baf8ec08597c621b0ca13f05acb4aa183ac11abe59ea6ef0e2
2023-03-23 05:56:23,True,0.1132,6.531e-05,1532.15,0.1,0xa7...f7bb,https://etherscan.io/tx/0x2c9b4c434762ec60960bdc177d946d248908102677e2023049cef1f5338ef713
2023-03-23 05:56:23,True,0.1132,6.529e-05,106.263,0.0069,0xa0...5bc0,https://etherscan.io/tx/0x78cbabaf2084706712424a4b2139cc2c8db618dc01d869ca43f4536e26fb6733
2023-03-23 05:55:59,False,0.1128,6.5e-05,11538.2,0.75,0x8c...9f2e,https://etherscan.io/tx/0xd5a8797d6c39fb4a46480005be141b65346ec6fc4ac2883e02cbbcc6b23ede87
2023-03-23 05:55:35,True,0.1135,6.542e-05,8077.02,0.5284,0x53...7dd8,https://etherscan.io/tx/0x6dddf64cf47a21ca8be8539a4bb902f97f5fb3e1c9e6319a808b64e79a156453
2023-03-23 05:55:35,True,0.1134,6.534e-05,1061.86,0.0693,0xfe...d746,https://etherscan.io/tx/0x072c0e9e936277f9b4be6f9dc5758e4073d6ee10f543b4734607286e8e2cb58b
2023-03-23 05:55:23,False,0.1128,6.495e-05,892.125,0.0579,0x78...cb50,https://etherscan.io/tx/0x768e93fb840a61e3a5a1c72c2f0f2ca1c0620d1b64aee083a07bdee96cf99002
2023-03-23 05:53:23,True,0.1134,6.532e-05,3034.78,0.1982,0x52...0d52,https://etherscan.io/tx/0x8073eaad2561528891546684b64d0f87a568e449823b9f16495bddfe03215a50
2023-03-23 05:53:11,True,0.1134,6.529e-05,355.125,0.0231,0xb5...e6d2,https://etherscan.io/tx/0x7587e70b7f18ad72ca586b97011784533d8fe094a5801ccd4c49b3dc7b96f9e4
2023-03-23 05:52:59,True,0.1134,6.529e-05,435.724,0.0284,0x24...3c44,https://etherscan.io/tx/0xc09dceeca3907f92714c346cf56372af744f95ab648ff296dc2d60ba8d28333d
2023-03-23 05:52:59,True,0.1133,6.528e-05,783.738,0.0511,0x11...52f4,https://etherscan.io/tx/0x499bf4bbabcec9ae810c0c5a386120335a43341b1e8cbe9f3f2224d0c6f0d8ee
2023-03-23 05:52:47,False,0.1127,6.489e-05,1013.99,0.0658,0x63...f738,https://etherscan.io/tx/0x10e643cafa74310ad0b54216caeec6429bd585981e36d09739bb877634638d81
2023-03-23 05:52:47,True,0.1134,6.528e-05,607.327,0.0396,0x89...ed9c,https://etherscan.io/tx/0x84e3b3d0cbdff2b0e7a57b7382ce17b47f3667d757997d52ab2869f0f3b4f3d4
2023-03-23 05:52:47,True,0.1132,6.517e-05,13067.1,0.8516,0xbc...d515,https://etherscan.io/tx/0x73bdb476b265605c4505b66b0eca428c50fd950055e0d2fcc4c6be684b5a4cf9
2023-03-23 05:51:47,False,0.1127,6.488e-05,25000.0,1.62201,0xc4...2cc1,https://etherscan.io/tx/0xcd34c964ef123915e5ee362b22936d5480b820d8b2b4127873d7c04ebdea486d
2023-03-23 05:49:11,False,0.1133,6.523e-05,17261.3,1.12598,0xdb...e8c6,https://etherscan.io/tx/0x92ab032187d2aa024c816da833c22a7b5eaf3c4a24d2e627c0e8a014ed923842
2023-03-23 05:48:47,True,0.1142,6.575e-05,1407.83,0.0925,0xb5...e6d2,https://etherscan.io/tx/0x7bfb92ca33b0773847576dbab183081f7cffe6f6ae490567862514aca6eaa069
2023-03-23 05:46:47,True,0.1142,6.574e-05,470.944,0.0309,0xff...3f07,https://etherscan.io/tx/0x01e62dd976aeb1ebaca06d00f766b267abc15a96fb5671c7d9683f89dca8886d
2023-03-23 05:44:59,True,0.1141,6.572e-05,1565.91,0.1029,0x4f...c178,https://etherscan.io/tx/0x8674fd2bfbed4384c711057d770e9c0047b4e03b2102e949ab6e87add903e3ce
2023-03-23 05:44:47,True,0.114,6.569e-05,2263.4,0.1486,0xd9...8cf5,https://etherscan.io/tx/0x7bea192fe6b8a00631d4968f3bdad1a0cd929946c63f797874ba73fffd822b86
2023-03-23 05:44:23,True,0.114,6.566e-05,1301.48,0.0854,0x4f...c178,https://etherscan.io/tx/0x25e44347e6bdf5e58a920b0128290fc899859494250ceef6fe95d9a9bb6edf39
2023-03-23 05:43:35,False,0.1133,6.526e-05,866.834,0.0565,0x94...c4d3,https://etherscan.io/tx/0x0533fe01274d8233c76724f00dcd117e429da51ccd41e69f091243ce334abd62
2023-03-23 05:42:59,True,0.114,6.565e-05,1253.12,0.0822,0xc8...3d03,https://etherscan.io/tx/0xb784277f28cf6eb48fb2dec436e68e35a2093dfb880f143ad5667f7a947512ab
2023-03-23 05:40:35,True,0.114,6.563e-05,1233.61,0.0809,0x99...e6c1,https://etherscan.io/tx/0x658eb7bd7401d63e5ef420654fa579d3b5e188c898c3804dda99d13a691de2ba
2023-03-23 05:40:23,True,0.114,6.559e-05,3989.78,0.2616,0x16...825d,https://etherscan.io/tx/0xd04cbef751135c27cd12f0b85d8c277424db50e353ea0461b067e6c727fd72c7
2023-03-23 05:39:23,True,0.1139,6.555e-05,151.208,0.0099,0xc4...7399,https://etherscan.io/tx/0x81d2a2c8adf0e0ceaec4f31048416a62744fc52e778600ca6c7e3acb98d60eb9
2023-03-23 05:39:23,True,0.1139,6.553e-05,2559.84,0.1677,0xc2...0179,https://etherscan.io/tx/0x6f5ed6f856a4ff1d651aa3843cea6a1246d1c919f1eb0e65e5cc981a82f3db8e
2023-03-23 05:37:11,False,0.1132,6.512e-05,1000.0,0.0651,0x1c...4bab,https://etherscan.io/tx/0x6ce5524782714a55187be8ff38e4ee7323bc48bf292c95ebb5ec6136d728b90e
2023-03-23 05:35:23,True,0.1138,6.551e-05,1361.68,0.0892,0x32...1992,https://etherscan.io/tx/0xa48b66d6d54f9ae90efbaf7aa1429ce0c849b43a95daf4ecc448f86b1a76c612
2023-03-23 05:34:23,False,0.1132,6.514e-05,4000.0,0.2605,0xf5...b3be,https://etherscan.io/tx/0x573f626bb3f97508c4bf111ee44b964279ddc2cbcc18afd5fd046232b9a002ba
2023-03-23 05:33:47,True,0.1139,6.556e-05,457.539,0.03,0xc3...2900,https://etherscan.io/tx/0x58dc32b107af3cd7d96318b601e315bacc7dbe32d517c36441535f1291cae745
2023-03-23 05:31:11,True,0.1138,6.55e-05,7633.58,0.5,0x15...ba52,https://etherscan.io/tx/0xc72ad26212f215b394c2f7f1c1a368f07b1510fa9d620ebab16cd315f49755d0
2023-03-23 05:30:35,True,0.1136,6.536e-05,8627.41,0.5639,0x56...0966,https://etherscan.io/tx/0x0e4f284b7b016b37fcfcbd8acd935a071fd1121b21e4782c3a63e44640021aad
2023-03-23 05:30:23,True,0.1134,6.527e-05,2475.43,0.1615,0x72...78fc,https://etherscan.io/tx/0x6725899334a4ec02eaac722692741c91f6f6df1f511413025071cb98215ee4a2
2023-03-23 05:29:11,False,0.113,6.507e-05,25296.4,1.64603,0xb8...6689,https://etherscan.io/tx/0x144a682a3b83a79762e794bea93de5e3602626eb2dbfc9ee89396a5141330ef1
2023-03-23 05:28:11,True,0.1141,6.566e-05,882.652,0.0579,0x1b...8ea6,https://etherscan.io/tx/0x5d19314495cba0992af8c32bfca8139f18c6ae5b1582f9e14b7a1436e4bea7f4
2023-03-23 05:27:23,True,0.1139,6.554e-05,13060.8,0.8561,0x59...a463,https://etherscan.io/tx/0x5c1a2fe9b14b5ecceedda99f0dea278220ac414f89526d150908b6d301959a47
2023-03-23 05:26:35,False,0.1133,6.522e-05,21482.8,1.40124,0xc4...2cc1,https://etherscan.io/tx/0x22512b5f2283e9c5dff4dec2c9a730691b476f21c900a6f1a1bfae57c727d550
2023-03-23 05:26:11,True,0.1142,6.579e-05,625.105,0.0411,0xfc...a2fc,https://etherscan.io/tx/0x3fb2ba7df90ab6ba561e625c3f9c04dc6a3f4febb44cca20a4a456079380a2c1
2023-03-23 05:25:59,True,0.1141,6.569e-05,11416.8,0.75,0x63...fd8e,https://etherscan.io/tx/0xf25d988a0e78fe5f6a1bab7196ad72544add7ef663a46c174e633294ac6b3727
2023-03-23 05:25:47,True,0.1138,6.549e-05,11956.3,0.783,0x89...8e3b,https://etherscan.io/tx/0x3df2f8f0e884555801c70263735abee1b18a1701dc1f8f4f7c02d123f4436a7d
2023-03-23 05:24:23,False,0.113,6.502e-05,2604.05,0.1693,0x1a...8893,https://etherscan.io/tx/0x726487c4a217e03bf84c123189d5a56e5db5d987f9a3b39e81fccc038c4ca082
2023-03-23 05:23:47,True,0.1136,6.542e-05,2087.02,0.1365,0xb0...5031,https://etherscan.io/tx/0xb546dff2b2dec6d51045ddd513c5a18500b6e4897144a38cb4e9e7efaedbb99f
2023-03-23 05:23:11,True,0.1136,6.538e-05,1819.11,0.1189,0x28...185b,https://etherscan.io/tx/0x4e132310fbbe3b2ec8e4c16f2c6b983da64df74b1a03ea0796e57fa7c2ae10dd
2023-03-23 05:23:11,True,0.1135,6.537e-05,454.91,0.0297,0xa2...8270,https://etherscan.io/tx/0x0915e9ff5333642467abc1e24d79560b08916795a95749c144ea34380eef698b
2023-03-23 05:22:35,False,0.1133,6.525e-05,33095.5,2.1595,0xea...3d1f,https://etherscan.io/tx/0x6aaab67f496b9e3c72ddf9da3dad277b93a4db27a12ff984c166ab71cfd29c64
2023-03-23 05:22:35,False,0.1138,6.553e-05,1000.0,0.0655,0xcb...2db6,https://etherscan.io/tx/0x63a0dca06166b3af97da3f08a88cad5dec9ecfe41d3652930537beb512d4bcbe
2023-03-23 05:22:23,False,0.1142,6.571e-05,20320.6,1.33538,0x30...73a8,https://etherscan.io/tx/0x0287f5306604017d3f7babb294adfabf4be7b90f8d1be406e1fa9cf660761394
2023-03-23 05:20:59,True,0.1151,6.626e-05,2662.83,0.1764,0x72...78fc,https://etherscan.io/tx/0x8bd3f71b0047707db70a7395e605142fb6fe76bb3d46a468c5c493affc09a81d
2023-03-23 05:20:47,True,0.115,6.623e-05,583.674,0.0386,0x4f...95f8,https://etherscan.io/tx/0x8e21b9b4e372f7ea40ab2458597e64154dd5d2ed5e065d068beb1f59772c92c6
2023-03-23 05:20:35,False,0.1145,6.59e-05,8487.07,0.5593,0x76...7d5e,https://etherscan.io/tx/0x493456a60df030ba445b6edcc2a1e01b91861d2599232ec655fe17dcdc6d1ed8
2023-03-23 05:20:35,True,0.115,6.622e-05,17371.2,1.1504,0x11...f4df,https://etherscan.io/tx/0x8df327958b657953ee324bfa49edd07ad2f92a15f3f09d9b26f09839a7178181
2023-03-23 05:20:11,True,0.116,6.679e-05,33741.7,2.25377,0x55...1919,https://etherscan.io/tx/0x997c3722bece2db83b94349bbd1fee0e2556a10a1d6783910b0c497fa1cd116f
2023-03-23 05:17:59,True,0.1138,6.549e-05,590.224,0.0386,0x3e...b634,https://etherscan.io/tx/0x46b303374606430c8fff3f222a68fad96154a6b583531d79c01f549c3415250e
2023-03-23 05:17:23,True,0.1137,6.549e-05,320.84,0.021,0x46...869d,https://etherscan.io/tx/0x4ef6fa7f78391d75b0dba66b69fa19159765615f65f8d688e28692dfaf41cea8
2023-03-23 05:16:59,True,0.1137,6.547e-05,1042.46,0.0682,0xb1...551d,https://etherscan.io/tx/0xa9392831c0bbc1b04247dfe13a07b1cc0db184cd605e9a33a143d90df164b8a9
2023-03-23 05:13:59,True,0.1137,6.547e-05,85.4684,0.0056,0x1f...483a,https://etherscan.io/tx/0x50eca2b1507e76252cb4e06887153faed86a9dc7bfdf3015e7ad2d40989153ef
2023-03-23 05:13:23,True,0.1136,6.545e-05,1983.94,0.1298,0x00...6934,https://etherscan.io/tx/0xd282d0b3ee6561dffe13f84d52481c7980b1f8a0b3e197acb95227b02c5dd2a0
2023-03-23 05:13:23,True,0.1136,6.542e-05,763.562,0.0499,0x7c...cc43,https://etherscan.io/tx/0xf2fe031e8e6584cf335babb28dc81a6e7a7d021c2e73c015e8c924713dcc0133
2023-03-23 05:11:23,True,0.1134,6.532e-05,12186.6,0.796,0xc6...fed0,https://etherscan.io/tx/0x2e0d0f32a577b11bc0592d157418a6102025f75dd547bbff57a6e165ee3ec2fd
2023-03-23 05:10:47,True,0.1132,6.517e-05,5824.4,0.3795,0x76...7d5e,https://etherscan.io/tx/0xa91afe604a60705fab9c0c6cc16b227c9ae70d1e81da9bc33490c90fc25e1dff
2023-03-23 05:10:23,False,0.1124,6.473e-05,655.0,0.0424,0x2f...5024,https://etherscan.io/tx/0xcd9e01685b5739a097c0c27c400dca98234edadb8a1d6eb9160dac613c5655e8
2023-03-23 05:08:35,True,0.113,6.509e-05,4035.07,0.2626,0x67...65a4,https://etherscan.io/tx/0x651dbf328df4f2546bdb26a42b8148f9446261b3262a17441b9d1dbde482f7e2
2023-03-23 05:07:59,False,0.1125,6.477e-05,12377.5,0.8017,0xd9...06e3,https://etherscan.io/tx/0x5cc7a69e8b077cf1f110c9986249eb4e8baa17a9c8527b142e0c7cc1f0a7c089
2023-03-23 05:06:59,True,0.1131,6.515e-05,13704.4,0.8929,0x56...a7c6,https://etherscan.io/tx/0x6dc0503b7d72e37c4bad1ba58c93be6da86745fb9e73ed7c38476749b03cd2c6
2023-03-23 05:06:23,False,0.1124,6.473e-05,10000.0,0.6473,0x70...65ad,https://etherscan.io/tx/0xda562627df40d0ad0b43924a4f16ef30d2fc3c12608736ef87cd5e5e8b5f3c9b
2023-03-23 05:05:47,True,0.113,6.507e-05,15765.7,1.026,0x71...bd7e,https://etherscan.io/tx/0xc56973354f8cc992e4aec47991224b7a7b2afb76c4f92bd13c9827b8f8b3e3e6
2023-03-23 05:05:11,True,0.1126,6.487e-05,8163.1,0.5296,0xe6...a14f,https://etherscan.io/tx/0x7db27dc55498b0e2cdbddeae998b5d8b788e55c8ac8669a9e1b168a4da5c1b30
2023-03-23 05:04:23,True,0.1125,6.481e-05,43.8703,0.0028,0xf1...15dc,https://etherscan.io/tx/0x536880c9c82b4b793e05a8838b0e4c055f6c78a09b2a37198fdcaee66a4438d7
2023-03-23 05:03:47,False,0.1119,6.443e-05,1500.0,0.0966,0x2a...f71d,https://etherscan.io/tx/0xe50a52a87afd766ed9eed55d04dd665b60808b4252e5511552063eb1738f9709
2023-03-23 05:03:47,True,0.1125,6.482e-05,1529.16,0.0991,0xed...d8f7,https://etherscan.io/tx/0x05de25a06a25fc4906657fcf7ad4674c3eaa6f36007a0f35e77ba78926e6e058
2023-03-23 05:03:23,True,0.1124,6.474e-05,7909.39,0.5121,0x24...2e2c,https://etherscan.io/tx/0xf0b243f4735f6d6c31b5734caa92e2abeafe78845a7dbfb8dfc2df2618eed827
2023-03-23 05:02:11,True,0.1122,6.464e-05,4600.32,0.2973,0x6f...8588,https://etherscan.io/tx/0xeb5a4666adfa59d84ca37d5d2dd0136b3c79000aa97518baff4788c11c71bc96
2023-03-23 05:01:35,True,0.1121,6.457e-05,3409.0,0.2201,0x5d...123a,https://etherscan.io/tx/0xfe246178e873b2b4f3d00e04bd64eaddc60d4cc67acad751089d30446fb265d5
2023-03-23 05:00:47,True,0.1121,6.454e-05,460.728,0.0297,0x61...33bf,https://etherscan.io/tx/0x290258aa656648dce961097149dac51632c8699c571b2b7181e23538b32b2a91
2023-03-23 05:00:23,False,0.1117,6.433e-05,21667.5,1.3939,0xa4...9a95,https://etherscan.io/tx/0xaccdf7e44885fa73e5729c0ec8d0b9726f61036c630cce2ec1d65cbae85ca3bf
2023-03-23 05:00:11,True,0.1127,6.489e-05,617.125,0.04,0x40...88b6,https://etherscan.io/tx/0x83d26de9ca2bb46102f8a5417ed0ae41a60d82d7478000e5e2dd1c91b3b93d8d
2023-03-23 04:59:35,False,0.1124,6.467e-05,21133.1,1.36673,0xa9...31c0,https://etherscan.io/tx/0x3971b542e414598daee1152178c8d5a1bb234563f3928f889b65b21a517cf9b6
2023-03-23 04:58:11,True,0.1134,6.522e-05,1373.46,0.0895,0xf0...6cba,https://etherscan.io/tx/0x3a4377cc57c7adce1d747b3eec343a4e63fa5bc13268c850fd31e07b6cf3fd74
2023-03-23 04:57:11,True,0.1134,6.52e-05,760.069,0.0495,0xfc...a2fc,https://etherscan.io/tx/0x3b52a152d48a82684ed8a677683bd5894498793371ab54f104377702ef823fd3
2023-03-23 04:57:11,True,0.1134,6.52e-05,17.4319,0.0011,0x23...485d,https://etherscan.io/tx/0x6a345f16e97214942b7edc3be3f10103d0440e22ae4ce3da48c7a56edc2056f6
2023-03-23 04:56:35,True,0.1134,6.519e-05,522.71,0.034,0x05...93c8,https://etherscan.io/tx/0x8a314052b01816c1b2f4a87d703d1452fdc5afc86b16e9ad6ea4dfc2d3f056fb
2023-03-23 04:56:35,False,0.1128,6.486e-05,7885.24,0.5114,0x51...6ee9,https://etherscan.io/tx/0xe78263f0252b59d78575fc8ef507766062e40e778e9a3d00cb64cacd8fc9fb55
2023-03-23 04:55:47,True,0.1136,6.532e-05,273.149,0.0178,0x9d...313f,https://etherscan.io/tx/0xf90dcd3c92ae90bae828cf19904275bdc9fe6776c9feb2aa2ff889b08265deda
2023-03-23 04:55:35,True,0.1135,6.53e-05,1434.35,0.0936,0xa4...d4e8,https://etherscan.io/tx/0xd110ad5769b484ec6b4f964c15a2396a8b7a15127ec7d92cc71a540f4a0e87a6
2023-03-23 04:55:35,True,0.1135,6.528e-05,1213.14,0.0792,0xe2...0eb4,https://etherscan.io/tx/0xd04d0f157b1d454f7227a72f3d507d10cb24a0598cf7891ae32199715d0a287f
2023-03-23 04:52:59,False,0.1129,6.5e-05,14904.6,0.9689,0x2e...f345,https://etherscan.io/tx/0x4515a584e67b4e58fe5eb4c416e215a84dfc9d244df87737fe5f71edd3b3a7ce
2023-03-23 04:52:47,False,0.1133,6.52e-05,8624.6,0.5623,0x1d...3e8c,https://etherscan.io/tx/0xeb24901b21fe3c70d2c5d7436b156e114bf9c4e73c3c40c15cd775439e102f1d
2023-03-23 04:51:23,False,0.1137,6.542e-05,18015.0,1.17865,0x41...4442,https://etherscan.io/tx/0x9da1dc03ed5dfdb6f884c411678d6b2cfc28b363b5be3607e1d9b617541f7051
2023-03-23 04:51:11,True,0.1145,6.589e-05,8604.92,0.567,0x24...2e2c,https://etherscan.io/tx/0xead0a83e8b29a9fbb88fbde505debf3d1158da0cce75d98d780a8ba68f776cf9
2023-03-23 04:50:23,False,0.1137,6.543e-05,265.631,0.0173,0x0a...0aca,https://etherscan.io/tx/0x93319a0d2b1ff3543357da17cc537c5493a0fb58441398b393faffa560cd0d39
2023-03-23 04:49:59,True,0.1144,6.582e-05,722.826,0.0475,0x7c...9ee6,https://etherscan.io/tx/0x2813f64f47048374f8fa9babd2df5667b6de31cb22741678f38f2a2df8738467
2023-03-23 04:49:59,True,0.1144,6.581e-05,709.404,0.0466,0xdd...3b8d,https://etherscan.io/tx/0x5aee097ba565e50de9944083586667cdb413a8629df8b1dccb7979cbf4b33766
2023-03-23 04:47:59,True,0.1143,6.579e-05,1281.86,0.0843,0x52...e311,https://etherscan.io/tx/0x998caeec7836bad309933bdb728f91eec1faea0456013646364a0571d7c84e43
2023-03-23 04:47:35,True,0.1143,6.577e-05,1763.35,0.1159,0x4b...7adb,https://etherscan.io/tx/0xa9e8ef332ad613070cdaf77171f02acfed52ad8675efa516bfc802bfca90c6fa
2023-03-23 04:47:11,True,0.1143,6.574e-05,907.989,0.0597,0x05...93c8,https://etherscan.io/tx/0xc5bc2f2c8cd32e52faba6773c456bb57c6f3e376fc6546594a8fef630f08025f
2023-03-23 04:46:59,True,0.1142,6.572e-05,1366.05,0.0897,0x60...4b04,https://etherscan.io/tx/0x142d145daa65b8acaf61db3209605fc8a88181e52eb59f68b4ee36baae313018
2023-03-23 04:46:59,True,0.1142,6.57e-05,1206.88,0.0793,0x34...28fe,https://etherscan.io/tx/0xeb349163cadcdc93807a9c57efaf604044dfafedaafd8cacfcea33b2bab11a90
2023-03-23 04:46:47,False,0.1139,6.552e-05,26597.2,1.74282,0x1b...ea67,https://etherscan.io/tx/0x88a050574fc3132ad43c21e17023fefabe6254aa1f4e96234322901c82ab3c83
2023-03-23 04:46:23,True,0.115,6.613e-05,836.295,0.0553,0x61...55c3,https://etherscan.io/tx/0xcbe079aba73bd960955391f2a1144fcb39ad60c7e57a26e2b70576492e0696c1
2023-03-23 04:45:59,False,0.1143,6.573e-05,100.0,0.0065,0xa1...26df,https://etherscan.io/tx/0x18e8af1ee78591ebfbb91f17a630a421ce628e06b517b0330c5491f95fd54096
2023-03-23 04:45:35,True,0.1149,6.613e-05,371.109,0.0245,0x39...916b,https://etherscan.io/tx/0xdbe71a91f6f553f79870b2fcfddcb22f123fab39b51cadf7551c4f8f138ca440
2023-03-23 04:45:35,True,0.1149,6.61e-05,2324.76,0.1536,0xfb...bd03,https://etherscan.io/tx/0x255bfa8558737c5f732f2e5e76229b7b89775acce8c62d2f31f9e8313f8c6f25
2023-03-23 04:43:23,False,0.1146,6.594e-05,29552.4,1.94876,0xc6...fed0,https://etherscan.io/tx/0x29319d9dae051c931d0def18fe31a0504159cedc462d2f3aa8feabe36338f722
2023-03-23 04:41:47,True,0.1157,6.654e-05,5409.84,0.36,0x31...1227,https://etherscan.io/tx/0xcc8508ce48fa7ecc446a87147852084bcd20697b0b22785feacc91f3fdf4f204
2023-03-23 04:41:47,True,0.1156,6.648e-05,1148.19,0.0763,0x32...be08,https://etherscan.io/tx/0xfd1684c4212860520df9387a101169562a7c1eab0a04575cd69a5dd72e30a7ea
2023-03-23 04:40:59,False,0.1151,6.624e-05,18607.1,1.23253,0x17...272e,https://etherscan.io/tx/0xebadf191b6f038c91889f3976f8f87a12d8e15876a0957c82abae879c121f255
2023-03-23 04:40:47,True,0.116,6.67e-05,10646.1,0.7101,0x25...fd60,https://etherscan.io/tx/0xadb595497625cde2359bf702efb00375594b205e9911eabb53613a20d5a085a5
2023-03-23 04:40:47,False,0.1154,6.637e-05,18242.2,1.21078,0xc6...fed0,https://etherscan.io/tx/0x89da81a7c49ae6315c2313bbe6546a31cfc431f7cf183846f4984cca96b4b7a5
2023-03-23 04:40:35,True,0.1161,6.679e-05,15270.1,1.02,0x0c...6e1a,https://etherscan.io/tx/0x3df01bad6a048336c2d4257dccca980a93244c0d2ffbe59be4ca6e525ae95354
2023-03-23 04:40:23,True,0.1159,6.665e-05,1189.7,0.0793,0xf7...bb6b,https://etherscan.io/tx/0x9968ce599aa90d1579e24f906c405092744f146757ee8a6c01f1aaab568c2b58
2023-03-23 04:40:11,True,0.1158,6.661e-05,3286.35,0.2189,0xd7...a3b2,https://etherscan.io/tx/0x960a53683f0ae67f82e9c5bfb002a51a6ba113e5cf062bc8845e4c7dcbc2c6b0
2023-03-23 04:40:11,True,0.1157,6.658e-05,744.383,0.0495,0xd5...c09e,https://etherscan.io/tx/0x88caafe6acb31e37b50e90c1ec1d19feb4df6eada56731661ba1e4ba4c2799bc
2023-03-23 04:39:47,False,0.1154,6.637e-05,22521.3,1.49473,0xc6...fed0,https://etherscan.io/tx/0xeca9c4cf30e17db08720a40258394aa20a1ed326190caaff792809c692454fee
2023-03-23 04:39:35,True,0.1164,6.696e-05,94.7392,0.0063,0x10...ddcb,https://etherscan.io/tx/0xf0fb0e22d53326c6413f37635eb08d2abe5191e556c375a4c834e0cace01b6f2
2023-03-23 04:38:47,True,0.1164,6.695e-05,495.938,0.0332,0x86...b8e6,https://etherscan.io/tx/0xd628962bf0ce246d44db43c212acfa0868bda27d61b36046d6e2aed8c9156727
2023-03-23 04:37:35,True,0.1163,6.695e-05,333.129,0.0223,0xde...894a,https://etherscan.io/tx/0xbe723f3f4f9593b098dd316dbda21c19b136ce343b801d74283f3abf22589b1c
2023-03-23 04:37:23,False,0.1158,6.666e-05,13368.9,0.8911,0x17...272e,https://etherscan.io/tx/0x3229715516e8438ae915b7315549e48df1d7856dbe24943b2c60cc9d54b7a9ac
2023-03-23 04:37:11,True,0.1167,6.717e-05,280.472,0.0188,0x48...37bd,https://etherscan.io/tx/0x2c3647c3b307a9e34f26ff8270d611aa644db99b762bc92e1a54d3b58819d6b2
2023-03-23 04:36:47,True,0.1166,6.714e-05,2889.72,0.194,0x74...d510,https://etherscan.io/tx/0x446b0c07b877a3d6fb3b2a9a4e4527f1d50e87117dc913e87cd1d7807e19a3a7
2023-03-23 04:36:23,False,0.1159,6.673e-05,1752.0,0.1169,0x8e...0692,https://etherscan.io/tx/0xd71a5be8f075fe0fabe715b56e90da4d5633ec0eeb77bccab686dc47f92e2947
2023-03-23 04:34:47,False,0.1163,6.7e-05,29128.7,1.95178,0xc6...fed0,https://etherscan.io/tx/0x8a4957bc130b0e748b5dee01e00022074957dd649d5778ecc6738a73562b74d9
2023-03-23 04:32:23,True,0.1175,6.766e-05,109.256,0.0073,0xf1...15dc,https://etherscan.io/tx/0xfdeabbe19b775f740578a58a2c652399cc8c851d218dab6ad9af831cfbb2b378
2023-03-23 04:31:23,False,0.1171,6.743e-05,20070.4,1.3534,0xc4...2cc1,https://etherscan.io/tx/0xfeb58a394bae09ea8f0cbd6ce4e8135ce074d4b58e53f60a2d50aee0642b8d93
2023-03-23 04:31:11,True,0.1181,6.8e-05,1166.08,0.0793,0xd0...c3cf,https://etherscan.io/tx/0x4401c406cf1f28b37e96cb406d52526d9ad24b3d5a4d52baee5a9953189740f3
2023-03-23 04:31:11,True,0.1181,6.799e-05,434.912,0.0295,0xb8...a553,https://etherscan.io/tx/0xd5c88437c48718023c7c19c9b708f0950dec3258b474b9c36aa350123b36a35c
2023-03-23 04:30:23,True,0.1181,6.798e-05,422.84,0.0287,0xfd...33fb,https://etherscan.io/tx/0x0231e0aaa25504ff86e3387a37355c720b5dc4e66d4ef016d1da17819f8ccb69
2023-03-23 04:29:35,False,0.1177,6.778e-05,24111.6,1.63443,0xc9...27b6,https://etherscan.io/tx/0xa6590176ac5af8b860ae4b548f81fb4e190b381cd644c0822372e5b4e1866829
2023-03-23 04:28:23,False,0.1184,6.811e-05,13429.1,0.9147,0x76...7d5e,https://etherscan.io/tx/0xa933b12686d694d2ccbbcced9263d8f7b19c9b823f783f9d62d44ea78ef3eacc
2023-03-23 04:28:11,True,0.1193,6.863e-05,2137.62,0.1467,0xe8...8bda,https://etherscan.io/tx/0x7d18fcf73623c3071c4b03adfa1967a53f47b9e9b9c8e0b813faaf5cdcaa80b3
2023-03-23 04:28:11,True,0.1192,6.859e-05,1589.55,0.109,0xdf...dfae,https://etherscan.io/tx/0x984416873e571d94608931786e52dd896235188d2ff5862b60d81740e7c71c35
2023-03-23 04:27:47,True,0.119,6.849e-05,10251.1,0.7021,0x1d...18c4,https://etherscan.io/tx/0x63af9f8418c3a185534875724eb661b6216fec1126252a2299d168a850bd14f3
2023-03-23 04:27:47,True,0.1188,6.838e-05,2066.97,0.1413,0x86...b8e6,https://etherscan.io/tx/0x6ba461d3c4fe36c75bf282160014d6ba2689af3d5653c2f1de6f846a2d3c2b15
2023-03-23 04:27:47,True,0.1184,6.816e-05,21812.5,1.48687,0xed...d607,https://etherscan.io/tx/0x63b7633f79e5cca1973e4e96292781f442282895e29b1769199363bb1dd7fffa
2023-03-23 04:26:35,True,0.1181,6.795e-05,1493.09,0.1014,0x8a...2e43,https://etherscan.io/tx/0x79dbb2ecb34eb76a2d4e55fd141a9e38d26ca12b653202cd443634f14361ef1b
2023-03-23 04:26:35,False,0.1174,6.754e-05,1090.0,0.0736,0x2f...82b9,https://etherscan.io/tx/0x8a7a83df96f705f898052a48fc3fca94aeb2f01849a2910f6c349f7c426d2a85
2023-03-23 04:26:35,False,0.1179,6.783e-05,31168.8,2.1143,0x89...e215,https://etherscan.io/tx/0x593814f08e08c441f574ac9b240a34ef87649092b00f4a0450207301ddb624c0
2023-03-23 04:26:23,False,0.1186,6.825e-05,16320.0,1.11393,0x42...cf69,https://etherscan.io/tx/0x2a9e80ec7a447748b3e5a81fea2969d18e51e5cee982e909e3f46891c506a76b
2023-03-23 04:25:59,False,0.119,6.847e-05,7930.0,0.5429,0x79...d3a9,https://etherscan.io/tx/0x31c495158d9475124c7e69e8fc88c592c85060b680b0ae333145439dedc2127e
2023-03-23 04:25:35,False,0.1192,6.858e-05,5000.0,0.3429,0xb7...c95f,https://etherscan.io/tx/0x707065d7b28ce5f6239c901285e15eeb2488c563314c9ff1428f06ab933124ad
2023-03-23 04:24:35,True,0.1199,6.9e-05,5198.63,0.3587,0x8a...2e43,https://etherscan.io/tx/0x51d529d703959f7f65fc894c9ee03f8a2afd379f25ccb7acdaa3469356d6d176
2023-03-23 04:23:47,True,0.1197,6.888e-05,7194.71,0.4956,0x3d...22e6,https://etherscan.io/tx/0x963790f9464ea0f1d0e8eb71d9bcfe7712a5d041e681ee5f30c62a37e257bf38
2023-03-23 04:23:35,True,0.1194,6.867e-05,15876.4,1.09038,0xda...9601,https://etherscan.io/tx/0x116dcc0b35748e5c7640d2b1302483c56c25e317880dc74b92a6de24bcd233f1
2023-03-23 04:23:35,True,0.1191,6.851e-05,2170.09,0.1486,0xb3...e3ef,https://etherscan.io/tx/0x1eada479645b14002f77e0166872500318ba6b0527788b73e569d544ac847850
2023-03-23 04:23:11,True,0.119,6.847e-05,2973.09,0.2035,0x56...0966,https://etherscan.io/tx/0x2c7f51d32ffe32eef9346210b48a670c186ec1cb9cd9fd97b95b35c4a7b23950
2023-03-23 04:22:47,False,0.1189,6.838e-05,38967.5,2.66469,0xb2...3036,https://etherscan.io/tx/0x9f1d7c3ae0bfc853b5dd86ce80bb78b5a462ef6d15f6faa9bd3218fc762995d6
2023-03-23 04:22:47,False,0.1198,6.89e-05,19571.3,1.34864,0xc6...fed0,https://etherscan.io/tx/0xedca01b3b745b25e29538828136f6eb9a1451c0daab6bc8a20f113e8b96ed58d
2023-03-23 04:22:35,True,0.1207,6.946e-05,4292.74,0.2981,0x8a...2e43,https://etherscan.io/tx/0xcf80e660dae6a2419a951b806cf620384049dc0c72c3d2f60ee7d211a36b12c3
2023-03-23 04:22:11,True,0.1204,6.924e-05,19324.8,1.33819,0xf5...ab4a,https://etherscan.io/tx/0xa547e61b8923d619506dc9881e42d16eeb63a7423267b820ac10375aa5ee500b
2023-03-23 04:21:23,True,0.12,6.904e-05,3481.81,0.2403,0x8a...2e43,https://etherscan.io/tx/0x76022b95871edb722f3756dac2827e3b879c53adbc57534d5e1fb09a2daae677
2023-03-23 04:20:35,False,0.1196,6.882e-05,25000.0,1.72052,0x88...9032,https://etherscan.io/tx/0x2e06bbdcd44068d587688ebfc4efa308168b83312330c676d57bb2ab2fe38f5d
2023-03-23 04:20:35,True,0.1207,6.944e-05,1855.58,0.1288,0x9d...313f,https://etherscan.io/tx/0x27a7e15101c125a9bc6c083bf2ec84222f33590509c7e29d0574be5336596327
2023-03-23 04:20:23,False,0.12,6.902e-05,1406.03,0.097,0xe4...53d4,https://etherscan.io/tx/0xebc74a4f8d7ae6c8b2df5e3f43166fff85c9c7717ddae729c381c7372cfeb43a
2023-03-23 04:17:11,True,0.1202,6.915e-05,33310.7,2.30344,0x17...272e,https://etherscan.io/tx/0xe140b2cbccad9c72742883e95012c91e352d4c2c937a9332ecdf723df0ca631b
2023-03-23 04:17:11,True,0.1194,6.868e-05,18576.8,1.27585,0xa1...5fee,https://etherscan.io/tx/0xf2548d3951e8d8c3c35bf567ec4455eea7c15ae24001e164974b110a8e75756d
2023-03-23 04:16:59,False,0.1191,6.848e-05,43053.4,2.94866,0x56...a7c6,https://etherscan.io/tx/0x5f301ec55e0ade97783cef97611dcf4a369ed116f7029f02963c911d06d2371c
2023-03-23 04:16:47,True,0.1203,6.918e-05,11563.2,0.8,0xa7...b2fd,https://etherscan.io/tx/0xaedbbd8c95edc7368c94074f46c91a410277f28ebe529172a8354aec9b174c66
2023-03-23 04:16:47,True,0.1201,6.907e-05,760.592,0.0525,0x7e...5c71,https://etherscan.io/tx/0x71451d9953ffed370f890ecbc8f0e0c5c06fd2427e052b93d6fcfab9e59a8da4
2023-03-23 04:15:35,True,0.1199,6.891e-05,16685.2,1.14985,0xf5...1934,https://etherscan.io/tx/0x17a87f05669790ed2462bbf77b7342513d27053c3f0cbc13e7e115339f2ceddf
2023-03-23 04:15:23,True,0.1196,6.875e-05,865.019,0.0594,0x4f...e852,https://etherscan.io/tx/0x7937b477f51f1ea257025c18868432e16edb6ddefd61270680202be5dd93709a
2023-03-23 04:14:11,False,0.119,6.84e-05,7198.39,0.4923,0x1d...fefb,https://etherscan.io/tx/0x6a3a3496fb9c63277aa2af0c1619e8efea7e6f28e02efb83af736027e7ce1491
2023-03-23 04:13:23,True,0.1198,6.887e-05,430.308,0.0296,0x0e...d075,https://etherscan.io/tx/0xd3c9e0d303300a9806147dd3d822c3ae1f46cdafc283c15b6eb1746b6d969272
2023-03-23 04:12:59,True,0.1197,6.879e-05,7853.56,0.5403,0xd0...3536,https://etherscan.io/tx/0x3b8f711aed9cf7e5acdda5a8dec73acaa7bff8e0ca6c365600f13f7d0be6c4d7
2023-03-23 04:12:23,True,0.1196,6.871e-05,1442.55,0.0991,0xc2...e9a3,https://etherscan.io/tx/0x00f91d890aea7475612b08d057c5fc4dd703c44513bfd2becd4612c009a8fd3f
2023-03-23 04:12:23,True,0.1195,6.867e-05,2814.55,0.1932,0xe4...16bb,https://etherscan.io/tx/0x868484c0238ab601911d63bdd6e932baef3442fbae7e1b9fa1b19ce405faddb2
2023-03-23 04:12:23,True,0.1193,6.854e-05,11671.0,0.8,0x2e...f345,https://etherscan.io/tx/0xecef652e39221f6d49771327573d795d10b012e08c36b34158da9fb70878f7a6
2023-03-23 04:11:35,True,0.1191,6.844e-05,106.548,0.0072,0x35...052a,https://etherscan.io/tx/0x3f94499f4a04853a5124bc777db98ed806986558790b95d9ed84707eae124d09
2023-03-23 04:09:47,True,0.1191,6.843e-05,1013.99,0.0693,0x63...f738,https://etherscan.io/tx/0x4ca14a26ce5988db0b034dcb095fe251cf568f381d108ed3fe3f4dde32035dd5
2023-03-23 04:09:35,True,0.1188,6.83e-05,12641.3,0.8635,0xa7...7b05,https://etherscan.io/tx/0x9b0a307b31a6050104a2f450154255071bba2473f122094154549a002adcf0e8
2023-03-23 04:09:23,True,0.1186,6.814e-05,6079.05,0.4142,0x3d...c005,https://etherscan.io/tx/0x36f681ab40c7fe8a9c1dbacc7d1294e6826d62995e77aff0e7845020723d772e
2023-03-23 04:09:11,True,0.1184,6.806e-05,2295.37,0.1562,0x1a...8893,https://etherscan.io/tx/0x6447bb1bf41d43c94797ed354b96158319365c7145524400ae3fba88e6b68306
2023-03-23 04:08:59,True,0.1182,6.794e-05,11671.7,0.793,0xd1...0471,https://etherscan.io/tx/0x753a69a095267fc6b9e2eca42a6e9f7c53f1693866bf1acc313bd4159d73c70e
2023-03-23 04:08:59,False,0.1177,6.767e-05,27442.4,1.85715,0xb6...f33a,https://etherscan.io/tx/0x44926210c5fe45c88ead2c76563d24e743f4db2231e3c7287493d34c57eda205
2023-03-23 04:08:23,False,0.1186,6.813e-05,25000.0,1.70348,0x65...794d,https://etherscan.io/tx/0xf2eaa99f632335e2ce9b11e41d236e3643da7ffdb4102b5808bd6c20f6ea8d7c
2023-03-23 04:08:11,False,0.119,6.842e-05,6500.0,0.4447,0x6b...2b4f,https://etherscan.io/tx/0x2b11b4ff6a15d490bfaae1bd3a81df03ca91d32b3a79cec5c5f1621db84f1ee0
2023-03-23 04:07:23,False,0.1192,6.851e-05,3632.82,0.2488,0x52...d92d,https://etherscan.io/tx/0xac4b995df08ff1449e5787ee539a8870600f65346d72fc2c24459e72c0c13377
2023-03-23 04:06:23,True,0.1198,6.89e-05,5754.33,0.3965,0x03...2991,https://etherscan.io/tx/0x8abd5bb0b9e5cb891b82912036700b9eaa5e0677751ecfb174f54745ed6728df
2023-03-23 04:06:11,True,0.1197,6.885e-05,321.348,0.0221,0xe5...f29c,https://etherscan.io/tx/0x29591b40c54bd1b18ee311d75dde9affc6c5694fab11d0e911c609cc915407eb
2023-03-23 04:06:11,True,0.1195,6.877e-05,8407.96,0.5782,0x76...7d5e,https://etherscan.io/tx/0xaada59960512951fed39f797fa446a7aa05f4b622b301b26a0c90797dd19e40e
2023-03-23 04:05:47,True,0.1194,6.869e-05,360.761,0.0247,0x08...a7ef,https://etherscan.io/tx/0x2a71686ee8ede7dc50463bfda4b3147fbd5987daa6a9984ceedb5c96b442c023
2023-03-23 04:05:11,False,0.1191,6.854e-05,29482.9,2.02081,0x56...a7c6,https://etherscan.io/tx/0x4bd3c875b454d74646b40067ed68997a2afadc4cba1265c0173104ccc13a53ce
2023-03-23 04:04:35,False,0.1198,6.894e-05,15000.0,1.03414,0x92...a72f,https://etherscan.io/tx/0x0a17e96ebb48ac2397ed586d66531236378fe67da27a498e498cf14b0a63228e
2023-03-23 04:03:35,True,0.1208,6.949e-05,328.076,0.0228,0x06...d202,https://etherscan.io/tx/0x89a575effb675996f770004e255a66c52864ef8048fce63a0b0030e2b994017c
2023-03-23 04:03:11,True,0.1208,6.948e-05,122.651,0.0085,0x13...d4f0,https://etherscan.io/tx/0x571894a359383c90a47b6ff30c953b2e711a3b7836db53e6ab3e1746f30c274f
2023-03-23 04:02:23,True,0.1203,6.921e-05,29239.3,2.02392,0xc7...9dcf,https://etherscan.io/tx/0x26f2bcf137af8b78bf84e0f9a4b2c383a5c0865f7a28673a52d8c7cb061fba4c
2023-03-23 04:02:11,True,0.1198,6.894e-05,1310.09,0.0903,0x99...69e3,https://etherscan.io/tx/0x2d48c8decd7ce4cf9c3638ed71093b972c2738d2dfc2d633d3194cf60f667515
2023-03-23 04:01:35,True,0.1197,6.887e-05,6199.94,0.427,0x76...7d5e,https://etherscan.io/tx/0x4e238c8235202de9397a9f58e0dc2fb928a6e92fdee3cdfe11c05db5fc7508e3
2023-03-23 04:00:47,True,0.1196,6.88e-05,1322.85,0.091,0xf6...ac5b,https://etherscan.io/tx/0xe2820dfc8fe5baa06e0e80037e4fdcb72208632df96edcf88c89c79056d51464
2023-03-23 03:58:59,True,0.1194,6.869e-05,10917.8,0.75,0x63...fd8e,https://etherscan.io/tx/0x53dd4dce8caa2637d21b5412107b5757c6c11a0e141066ef3f92206eddb690d5
2023-03-23 03:58:47,True,0.1192,6.858e-05,997.209,0.0684,0x98...8ccb,https://etherscan.io/tx/0x8067c32fab68f487d392ce1bead1941e72b4f9bc7f88f6bc6df0191ccb89459e
2023-03-23 03:58:35,True,0.1192,6.854e-05,3669.52,0.2515,0x52...d92d,https://etherscan.io/tx/0x6351aeb9a8dcf23ec52f2bcb24f08c82efd3ede814945f470b4e51dfe5dc653c
2023-03-23 03:57:47,False,0.1186,6.827e-05,19180.0,1.30949,0x9f...5302,https://etherscan.io/tx/0x52e0bd231ab162f92f6f26db0ab3bb08ec1a390a286989c6eb63d0dce4144dd4
2023-03-23 03:57:23,False,0.1194,6.869e-05,27750.0,1.90629,0xea...56b1,https://etherscan.io/tx/0x2d2e447751717be3ad6a6a0db6a0ea46c8e3bd9dae27b1c5931dace3415fc8ff
2023-03-23 03:56:47,True,0.1201,6.916e-05,21687.9,1.5,0xfd...275d,https://etherscan.io/tx/0xbd482cac4c86a9c261d4d8a2e0447515bcc706fe5441677738b641a5c1f63a4a
2023-03-23 03:56:35,True,0.1196,6.884e-05,13072.4,0.9,0x03...f1cd,https://etherscan.io/tx/0xd5279b420186a42f3433f49d5b563710fecdfe628d8847590f5a6ca93d506ebf
2023-03-23 03:55:35,False,0.1189,6.845e-05,14805.3,1.01343,0xd5...9477,https://etherscan.io/tx/0x870f245077e4e0b7c840e0e7c4ea8316f20ba7de7e6237cd1276ce9d6475fdf6
2023-03-23 03:55:23,False,0.1195,6.876e-05,20521.7,1.41125,0x4f...bf88,https://etherscan.io/tx/0xae9cba716aa2551f138979bd7f6a118e8e1a0472f9e236a8a8cf909d92443b16
2023-03-23 03:54:23,False,0.1199,6.9e-05,5630.48,0.3885,0x4e...e23e,https://etherscan.io/tx/0x44b42b22714b17347a77f7d83456ae71a9dcf586fdbd068230b3013667339b2a
2023-03-23 03:54:23,True,0.1182,6.805e-05,157975.0,10.7504,0xc6...3aa2,https://etherscan.io/tx/0x16346b46224120d6dec55412555737aeee91584bc0da13960aadc09fd9398286
2023-03-23 03:54:11,True,0.1158,6.666e-05,360.702,0.024,0x2c...bb23,https://etherscan.io/tx/0x54fb3e208b249916c63d1bc1087d4b27c3bec89d2eb51b7f637267dd90ca699e
2023-03-23 03:53:23,True,0.1157,6.661e-05,4503.32,0.3,0xce...be76,https://etherscan.io/tx/0xe06fdb1525d50dd9798857e6e42d8ceb0d2c92fb8ab28a62b6c5f39389333b6c
2023-03-23 03:53:23,True,0.1155,6.649e-05,9838.84,0.6542,0xfa...7ea1,https://etherscan.io/tx/0x87eb2aaa1ea4be9afc0be73dd783b335cba93334a4ffa98708d2a2cb68fc2f09
2023-03-23 03:52:35,True,0.1153,6.64e-05,768.779,0.051,0xe9...0968,https://etherscan.io/tx/0x44386d19c0c36448ad77ed5ae3fa914d1df224a25cc7cfb258c15a0624dc7c38
2023-03-23 03:52:23,True,0.1153,6.639e-05,447.903,0.0297,0xe5...aa7c,https://etherscan.io/tx/0xa1f57e081fb57f31205f5e77fb767e2d50ba702b66feaae6ec97001bc25fab49
2023-03-23 03:51:23,True,0.1153,6.638e-05,943.145,0.0626,0x3b...c6a9,https://etherscan.io/tx/0x6ff6985c2787d8c51ee0d4c9cb8c43151f06b8054896c335baa247b041b9b57b
2023-03-23 03:48:11,True,0.1152,6.634e-05,2988.07,0.1982,0x3f...a62d,https://etherscan.io/tx/0xb6a2a490ae17899af543fa0b3c932e976f76f0e6ce92802c1080b5e883e2b973
2023-03-23 03:47:23,True,0.1152,6.631e-05,1004.6,0.0666,0x54...ddee,https://etherscan.io/tx/0x157c26cf80950831b9bae4a93b0f8ff357e25a714d32da82f064db9545fd9cd3
2023-03-23 03:46:11,True,0.1151,6.629e-05,1250.9,0.0829,0x2e...f345,https://etherscan.io/tx/0xf5d6925e782e16982f1a5230b367c426b63aee6d3adaa8774f7473bc8b4a89a7
2023-03-23 03:45:59,False,0.1146,6.596e-05,8916.04,0.5881,0x5c...3e53,https://etherscan.io/tx/0x8edb97d81ab0e0c87ea39d16c934a8ef26baf8d731feafad5cb392ab3c2f21f0
2023-03-23 03:45:11,True,0.1154,6.643e-05,311.77,0.0207,0x70...a5bf,https://etherscan.io/tx/0x4c66a0f6afc459a9ca471fdd5b03de67b6e512d8008ab402e940fe8d6b6b9e62
2023-03-23 03:44:35,False,0.1151,6.628e-05,30000.0,1.98865,0x65...794d,https://etherscan.io/tx/0xceec58d7529ed53ab487810093670d545093d0cdec6cfea22892ca47c8f8d477
2023-03-23 03:44:23,False,0.1155,6.655e-05,1000.0,0.0665,0xc9...a53f,https://etherscan.io/tx/0xcf281e8d22bb31a08feef4ae3d7ba8dda6f59b010707b3fc3510e34fab85b87a
2023-03-23 03:44:11,True,0.1162,6.696e-05,59.212,0.0039,0xe9...dae5,https://etherscan.io/tx/0xb8e75fee38b4b6b0a7910efe9184eb68dedda7a113e9148292e902a2d5bacee5
2023-03-23 03:40:11,True,0.1163,6.696e-05,49.1773,0.0032,0xb3...5516,https://etherscan.io/tx/0xae5107250f8e3894a6a7ca3a98bf61d4b5f853510d85eddc9b5d521ce1582969
2023-03-23 03:39:11,True,0.1161,6.686e-05,11666.1,0.78,0xc3...2aa5,https://etherscan.io/tx/0xb64902d27de5fe527bee20fbd335fb7da687da0c8de1fefba5e43182e2b9c48e
2023-03-23 03:38:47,True,0.1157,6.663e-05,46393.4,3.09154,0xdb...576e,https://etherscan.io/tx/0x767d7fab9f9fcdd6fefa22da3afcbc8f00769168f749f3387b9cd908108c3f81
2023-03-23 03:38:23,False,0.114,6.564e-05,8422.94,0.5528,0x79...0fa0,https://etherscan.io/tx/0x82c64ead571eca7f05c3959c4b83aae956b7e37771df638e69dc90fbedcc4e86
2023-03-23 03:37:35,True,0.1148,6.61e-05,25.8469,0.0017,0x38...477f,https://etherscan.io/tx/0x09a891756a256821b3be563ddc5fa719c71f184166be2d2ce7bf560490d64759
2023-03-23 03:36:59,False,0.1142,6.578e-05,9114.87,0.5996,0x76...7d5e,https://etherscan.io/tx/0x9bb6a8325d81d02d6e651e599406c123b01e2de3f1c7753ce7f25853710e4d89
2023-03-23 03:36:59,True,0.1147,6.607e-05,22079.8,1.45887,0x8b...e428,https://etherscan.io/tx/0xf5b6d4ac7da8f9da4f1703eb73739b488e8dcf3277060dad6a411455ba1ed1ac
2023-03-23 03:36:47,True,0.1141,6.573e-05,17981.8,1.182,0xb5...bea4,https://etherscan.io/tx/0x14dc0f4e13e491c985c200e7c28719bab415a6aa4d9a4890e645f63520692068
2023-03-23 03:36:11,True,0.1138,6.556e-05,2235.12,0.1465,0x13...c251,https://etherscan.io/tx/0xe336cc6e57539d38fa58e19164ed9a4c3d5e6df2f73e1b84fa819adf3ace46b6
2023-03-23 03:35:47,True,0.1138,6.554e-05,544.48,0.0356,0x02...5ced,https://etherscan.io/tx/0xfbcd4ef24e4a15bbb319ade4ccc48085d7bd69b5c29e45f2ccbaa421d14998a0
2023-03-23 03:33:47,True,0.1137,6.551e-05,2425.48,0.1589,0x89...4e20,https://etherscan.io/tx/0x097596d548186b1585b78502e1e281a5171d90f303bef3c19fd52b4eae78ad8e
2023-03-23 03:33:23,True,0.1137,6.548e-05,1223.32,0.0801,0x97...8d68,https://etherscan.io/tx/0x1d16b534dc4c86dd549480bb36aee375c3111ff0228ebb0b5adde14deebd8319
2023-03-23 03:33:11,True,0.1137,6.546e-05,1083.17,0.0709,0x6b...e395,https://etherscan.io/tx/0x21d74be3422c7f635fadf6673f5fd4471b0be6ddf625d20038313b4d00ceedfc
2023-03-23 03:32:59,True,0.1136,6.543e-05,3056.71,0.2,0x14...abb6,https://etherscan.io/tx/0x21858ca4d0471967445700b897143832e272b0989a2ae137d7445fac55e3ca8e
2023-03-23 03:32:11,True,0.1129,6.511e-05,34739.9,2.26205,0x0d...9a8e,https://etherscan.io/tx/0x46641914bc344d47a94bdd197f441ed19caad9dd29080fcb6e5e2dbcde1fc0cf
2023-03-23 03:31:11,True,0.113,6.517e-05,2183.24,0.1422,0xa9...7e96,https://etherscan.io/tx/0xe97b5a0aad620642b4269b33bd2994b2a1748118c9e58e53670c518503f38c3c
2023-03-23 03:30:59,True,0.113,6.514e-05,760.79,0.0495,0x46...e829,https://etherscan.io/tx/0x33f56017bff2c2a9a626058c83e45c7084f09c38c84c58c5116ec1c98bdd7da9
2023-03-23 03:30:11,True,0.1129,6.511e-05,2740.07,0.1784,0xcc...dc49,https://etherscan.io/tx/0xda2366410d1d665c6747cf3f2030fc66b38d0feba5d3c31407cfb07cae791201
2023-03-23 03:30:11,True,0.1128,6.504e-05,6103.56,0.397,0xdc...f11d,https://etherscan.io/tx/0x4ba513a4e0a0ec907d35ffa94235a2abe18e9a8ecb8509611df3966da93efee1
2023-03-23 03:29:23,False,0.1123,6.474e-05,18068.7,1.16985,0xc9...27b6,https://etherscan.io/tx/0xa5b32bf7371358f8ad2a546b1b0d6eeb00790410d1f4e542aa3036689fab1fdb
2023-03-23 03:27:23,True,0.1132,6.529e-05,288.461,0.0188,0xd8...a73d,https://etherscan.io/tx/0xd43ecabd7e5ce091c89f68106103b2024652831bd4194abde0627761a9f67688
2023-03-23 03:25:35,True,0.1127,6.501e-05,33083.4,2.15082,0xea...56b1,https://etherscan.io/tx/0x8042e4cb69df5998ebf567095108857bbdb58bebdb859b63ffb7632ffdcca302
2023-03-23 03:25:11,True,0.1121,6.468e-05,6370.96,0.4121,0x42...cf69,https://etherscan.io/tx/0xb7d02596e69af4cb57ace584f01decaa6b2a61761306b79c36b08053085e206f
2023-03-23 03:24:59,True,0.112,6.462e-05,846.724,0.0547,0x5a...669c,https://etherscan.io/tx/0xc20ba26a915460a7d056fa1c04bd3890bf32f10670881addef0000c3f77efb8b
2023-03-23 03:24:59,True,0.112,6.461e-05,920.498,0.0594,0x6f...b9d9,https://etherscan.io/tx/0xae022e8af776326a5474c3eafd3d410ac4f9dce6888f628dd2242ea1e5afbb8c
2023-03-23 03:24:47,True,0.112,6.459e-05,673.389,0.0435,0x70...34dc,https://etherscan.io/tx/0xb02599ebe156b1c304b7fdffc1d16463b690e17ed303af943124a1824538b55b
2023-03-23 03:24:35,True,0.1119,6.457e-05,2763.26,0.1784,0xfc...002c,https://etherscan.io/tx/0x223350583d09cbda84023b307d7557565cf578d8000d2dfa778ea42fe7e68133
2023-03-23 03:24:23,True,0.1119,6.454e-05,232.393,0.015,0xa8...4197,https://etherscan.io/tx/0x97eca774d5bb7b2fc487b16bfdf21abb3f6fe5a889a19926f9ede1bf1e6f113b
2023-03-23 03:24:11,True,0.1119,6.452e-05,2611.69,0.1685,0xc0...da4e,https://etherscan.io/tx/0x8a927d7193697c2202c82b8afb8b63f6b0169ba849729c53c4c85801525f1bdb
2023-03-23 03:23:59,True,0.1118,6.449e-05,845.331,0.0545,0xa0...8ee7,https://etherscan.io/tx/0xa73d597de874fbad97a06966145fb8fa67702767b096b55cec4e8d970bfc7b6c
2023-03-23 03:23:23,True,0.1117,6.443e-05,6207.7,0.4,0x46...af5d,https://etherscan.io/tx/0x10a5dc986cc3884677190d4bbde97763a65f237c924e7d132f695fd32fb26284
2023-03-23 03:22:59,False,0.1111,6.407e-05,9512.62,0.6095,0x55...1919,https://etherscan.io/tx/0x1eeda777bf31fdabf7c4acbe15d1c8e57f8bf4d109035e653b5da49dcec1d83e
2023-03-23 03:22:23,True,0.1119,6.453e-05,767.846,0.0495,0x02...a014,https://etherscan.io/tx/0x34adee9967132173a8009cb800778cc07ff314e16850ace85a17debd4905e1b1
2023-03-23 03:22:23,True,0.1118,6.447e-05,7072.66,0.4559,0x71...b09c,https://etherscan.io/tx/0x75b4c2de5ccf9ef2131be47f7a1f7878a56289ae38f122298f7a862c2265f344
2023-03-23 03:22:23,True,0.1115,6.431e-05,12439.7,0.8,0xd5...9477,https://etherscan.io/tx/0x49d2e7cefe4b56ac9fd033333eec41be60babbf283f39b65e4cfb542721b1331
2023-03-23 03:21:59,True,0.1339,7.721e-05,25836.2,1.99493,0xc6...f366,https://etherscan.io/tx/0xe16d327c6f2ad63bb2d0c269cec0c2bc334bc86fed624c60fa2b41890b1ce627
2023-03-23 03:21:35,False,0.1105,6.375e-05,47150.1,3.00596,0xea...56b1,https://etherscan.io/tx/0xe2fe89eb3a94a9d53f08b5531e2b36d68b066f927ee7b300941f928bf2f950b5
2023-03-23 03:21:23,False,0.1113,6.417e-05,5338.42,0.3426,0xb2...3036,https://etherscan.io/tx/0x407937ec3fecdceebf785a30e8394288d8fa461c913250d308620450533dede8
2023-03-23 03:20:47,True,0.112,6.459e-05,2088.49,0.1349,0xc2...f1fa,https://etherscan.io/tx/0x7ac79d6abf6530ac14333a21c661d01a75fce708bd6a73a9b7e01aefe7347669
2023-03-23 03:20:11,True,0.1115,6.432e-05,30108.8,1.9368,0xfc...220c,https://etherscan.io/tx/0x4a95e799c22813f34447507596ceea31e131671e83001787a1ff92ef742a39de
2023-03-23 03:19:47,False,0.1108,6.388e-05,22759.6,1.45392,0xa1...9c8e,https://etherscan.io/tx/0x7c5cecfb54d686cbc9183450f30e4c51629f347108ae2eb86f0e0625636e9475
2023-03-23 03:19:47,True,0.1117,6.44e-05,5437.8,0.3502,0x91...dc25,https://etherscan.io/tx/0x1b8494d409b95a89d8e05397035ec5c29b438d717b3a16e8d58196e53afd908d
2023-03-23 03:18:59,False,0.1112,6.415e-05,21290.6,1.36581,0xc7...9dcf,https://etherscan.io/tx/0x0c37e60d8297c9ce4dcd2116dac19df2aef5d4230a858af58174994c06d5d528
2023-03-23 03:18:35,True,0.1121,6.47e-05,352.68,0.0228,0x7c...517a,https://etherscan.io/tx/0xea4a44f9f9a1d76b1919f9491bbcbdc13f37200922f1086b41be66a77170f5bd
2023-03-23 03:17:59,False,0.1117,6.442e-05,13106.2,0.8443,0x41...6110,https://etherscan.io/tx/0xdc751be34a99571ecab00f04a5a6e4d7629852317ce22ab07c9d91a4393a9240
2023-03-23 03:17:59,False,0.1119,6.454e-05,1693.59,0.1093,0x1e...741f,https://etherscan.io/tx/0x0490b52d0e895596bf5127a8002876ea9a258e50b494eef8dbdf5e2ac9628f12
2023-03-23 03:16:35,True,0.1125,6.494e-05,938.003,0.0609,0x62...17cb,https://etherscan.io/tx/0x2e9a1a391e0e68e160a7bf842da754e5290fd2eae0368a87b5dde193ab58749f
2023-03-23 03:15:23,True,0.1275,7.354e-05,27153.6,1.99688,0xc6...f366,https://etherscan.io/tx/0x638500be1d2026b45c9777e514cab299b7a021d4791550ef891c973d55bfb75b
2023-03-23 03:15:11,False,0.1111,6.407e-05,325.0,0.0208,0x89...5725,https://etherscan.io/tx/0xba5d7d4c08474437ad67e2ffa07e100f2845d2e56a13ed8a064dd1fa05f8450e
2023-03-23 03:15:11,True,0.1113,6.423e-05,28002.0,1.79881,0x49...8380,https://etherscan.io/tx/0x53dc7cbf20daab35a6873afe03963c682b3685939dcb65cd3c3ee26f25ad69aa
2023-03-23 03:14:47,False,0.1106,6.383e-05,26250.0,1.67578,0xc7...4146,https://etherscan.io/tx/0xb73ee570259c55c8516a3da066f62b9beb2615eb95865b7d93c634e794a2d457
2023-03-23 03:14:23,False,0.1112,6.417e-05,15309.9,0.9825,0x76...7d5e,https://etherscan.io/tx/0xc5bceead343b469519a5a6385f98868445261217eac1aeccb679d349f6aef9f0
2023-03-23 03:14:11,True,0.1119,6.455e-05,16122.7,1.04081,0x81...89ea,https://etherscan.io/tx/0x5272e38f90a709306ea7d856a33740e19bb714706e4088f29e231e3932f0daaa
2023-03-23 03:13:47,False,0.1113,6.419e-05,19423.5,1.24691,0x76...7d5e,https://etherscan.io/tx/0x5ce61b90a2b4296e012bfd71d959db9ba8cdbbe7c83e18b2a89a2a5fb99e8eab
2023-03-23 03:13:35,True,0.1119,6.458e-05,18579.0,1.2,0x39...6279,https://etherscan.io/tx/0x3b9e86b0a3bb6c450bd28a2ca936c1c5474e8f80778a308836a4d17f133ef4b4
2023-03-23 03:13:11,True,0.1116,6.442e-05,1150.48,0.0741,0x76...7d5e,https://etherscan.io/tx/0x1d3964eae3280f601d35d36a88d6eab07d51ac03ad4555a241269d7a9916d53c
2023-03-23 03:13:11,True,0.1115,6.438e-05,4112.6,0.2647,0x76...7d5e,https://etherscan.io/tx/0x1d3964eae3280f601d35d36a88d6eab07d51ac03ad4555a241269d7a9916d53c
2023-03-23 03:12:59,True,0.1114,6.43e-05,5187.11,0.3335,0x76...7d5e,https://etherscan.io/tx/0x24208ec8595f70ccc5f300145e8d3b13cead01f735064a6a8353d1321c13b3ce
2023-03-23 03:12:47,True,0.1113,6.423e-05,3208.57,0.2061,0x28...f12c,https://etherscan.io/tx/0x573cfbba1d6da2cbb253a7e4f3159ee46dee33116db35b507f80688f7fc3b484
2023-03-23 03:12:47,False,0.1113,6.423e-05,49837.1,3.20126,0xf6...68eb,https://etherscan.io/tx/0x8dcfc416618d795216f3748b07e6eae8aecf51efc60b1c815e6febed217ab03b
2023-03-23 03:12:35,True,0.1126,6.502e-05,914.662,0.0594,0xa7...fdd6,https://etherscan.io/tx/0x26cdc8e92839d1f19afe50f7ba45e9f53eb1b5b788bc4077d430b7299ed300d1
2023-03-23 03:12:23,True,0.1124,6.491e-05,12324.0,0.8,0xd5...9477,https://etherscan.io/tx/0xe54410df49d3a9d478304234d6270d07f51f9c832888c9b3f4e899c512be8268
2023-03-23 03:12:23,True,0.1122,6.479e-05,2591.91,0.1679,0x76...7d5e,https://etherscan.io/tx/0x73e22b9b2d1df377efc53b63d0b1add109381de6afaaab9789315c142de9f054
2023-03-23 03:12:11,False,0.1117,6.45e-05,15000.0,0.9675,0x65...794d,https://etherscan.io/tx/0xfb0b4267d9d79bc76fad6fff8fd3d7003017f01d4b1e38a653495b45b03a57e6
2023-03-23 03:12:11,True,0.1126,6.501e-05,35.1258,0.0022,0xd5...2083,https://etherscan.io/tx/0xbc68f918def4348c1da9d02cc0d27ceef7fdebf45b92672880caf49f696b1b55
2023-03-23 03:12:11,True,0.1125,6.498e-05,3357.56,0.2182,0x87...7c8f,https://etherscan.io/tx/0x7b05b4cff497f354dc9ce12860c7829341c95a0c80f60a0263db3d6f944b3dc8
2023-03-23 03:12:11,False,0.1123,6.488e-05,37500.0,2.43308,0x4f...bf88,https://etherscan.io/tx/0xeec70d069f2b03eb90161fde0d866bd65b7cfc9bf151d138fc7dbc6da2df9017
2023-03-23 03:11:35,False,0.1129,6.519e-05,350.0,0.0228,0xd4...eb38,https://etherscan.io/tx/0xd903c36c1938da8aa279be7216be58ef44453cf0d860d6589b9385bb52e834cc
2023-03-23 03:11:23,False,0.1135,6.556e-05,43538.0,2.85457,0xbe...b342,https://etherscan.io/tx/0xaf950f8ffa87a713cba961f03a85f8330905704328e4c40f8eda52d9ba39c129
2023-03-23 03:10:59,False,0.1145,6.613e-05,6588.91,0.4357,0xc6...f366,https://etherscan.io/tx/0xc0cbc8042f117740963e731e7a8e8a36b78c5b1d5246d77eb4370547da620370
2023-03-23 03:10:23,False,0.1147,6.624e-05,22759.1,1.50761,0x8e...94f5,https://etherscan.io/tx/0x97147e86994b5b9e244f2b3791aa0f99e6fb59c744a9348864b2de6cc0141518
2023-03-23 03:09:59,True,0.1157,6.682e-05,1943.62,0.1298,0xd7...a3b2,https://etherscan.io/tx/0x250c9173b5a6a25070258a73de370d1ad2ce4f964217c3ce701b6579833d1fd0
2023-03-23 03:09:47,True,0.1156,6.68e-05,59.3538,0.0039,0x3c...8a6c,https://etherscan.io/tx/0xd1fa29670e3dd2c18d420849cbc747a2c7cb835a316d56d5db6018167618b494
2023-03-23 03:09:35,False,0.1156,6.681e-05,47522.4,3.17512,0x9d...15dc,https://etherscan.io/tx/0x55ac981b2e403b912fcd9e50c5691a2c83e05d4b354dc528c01c0c5d26aef7ca
2023-03-23 03:09:11,True,0.1171,6.762e-05,710.924,0.048,0xb5...cb2a,https://etherscan.io/tx/0x42924c81e4c7f9e4fc99e385fe360283556754ddc04a5d224adafa4e21c6fa5e
2023-03-23 03:09:11,True,0.117,6.761e-05,295.791,0.02,0xd6...95dd,https://etherscan.io/tx/0xf99e7fbbbd5aeb90ffa7f958c159f6aef78d6e98a4674de5385346ad4e2eca67
2023-03-23 03:08:35,True,0.117,6.759e-05,1614.49,0.1091,0x61...42f6,https://etherscan.io/tx/0x7868cd848de8d757aa254458faa43c756b3f9bc4d87e5453867d09ab21bc3e1f
2023-03-23 03:08:35,False,0.1163,6.719e-05,1500.0,0.1007,0x5e...7dfc,https://etherscan.io/tx/0x772f8c812c60c9f9a3802ba777ed10bd7506ffa86d5ecfbc9f65e5f5df812097
2023-03-23 03:08:11,False,0.1166,6.735e-05,17500.0,1.17878,0xc2...7308,https://etherscan.io/tx/0xb3fb6bf36b83618a6eadd628ce2d010e0cc68efb0a92de695943806c311b76dc
2023-03-23 03:07:35,True,0.1175,6.791e-05,443.879,0.0301,0x3c...8a6c,https://etherscan.io/tx/0x45c98e4e18dccbb0080afd60ee4fb6c2d057600c23d0d640018abf03eb88e06a
2023-03-23 03:07:23,True,0.1175,6.79e-05,248.144,0.0168,0xb9...60d0,https://etherscan.io/tx/0x47bdf9216ca645c6da736db30349c038e220adc177a158ea88e8aa224280697f
2023-03-23 03:06:59,False,0.1173,6.778e-05,31986.1,2.16812,0xea...56b1,https://etherscan.io/tx/0x04e55630dbd07b46346e5c27421448a54a60a67f8d6f11e3b566d04bd6a7bd80
2023-03-23 03:06:35,True,0.1182,6.833e-05,16004.5,1.09363,0x78...f973,https://etherscan.io/tx/0x898bb9fe85ffc267212d8a50deb265f58b66097a68c0f10058945f62f1be8857
2023-03-23 03:05:35,True,0.1179,6.816e-05,2300.0,0.1567,0x41...cb56,https://etherscan.io/tx/0x308e815a052ab0c85011351a4dcf3047164bc868a11c1a1fdb59216320ecd789
2023-03-23 03:05:35,True,0.1179,6.814e-05,75.1453,0.0051,0x3c...8a6c,https://etherscan.io/tx/0x3dcfa72d00164dd10288dbcb32d349da73bb53768d357cda8bdf274bb6a78898
2023-03-23 03:05:11,False,0.1178,6.811e-05,42424.3,2.88981,0xea...56b1,https://etherscan.io/tx/0x02c81e0949d521b957854b792acbbc6b7699e5d34b9bf266c2567013939e6820
2023-03-23 03:04:47,True,0.1189,6.872e-05,20127.5,1.38328,0xe8...3cfa,https://etherscan.io/tx/0x15b5df6ea5c296c7db2455d451488d290742db2fdbcfe4c8f5e8e7541e15064f
2023-03-23 03:04:35,True,0.1186,6.854e-05,478.312,0.0327,0xc9...5794,https://etherscan.io/tx/0x8b13563a8872a9628f1708e3b64d524fe566cb129728c3a101040c6a18c694e6
2023-03-23 03:04:23,False,0.1183,6.835e-05,26055.0,1.78109,0xfc...af72,https://etherscan.io/tx/0x35ff274526f033403c391ac5c2e0a2cfea4e1151102e1d4e6be9b988723482c3
2023-03-23 03:04:23,False,0.1187,6.859e-05,117.768,0.008,0x05...93c8,https://etherscan.io/tx/0xcca3b06a9dffd22d584d125af49284d0d518187aa4fa38a134db4c2c5375c0d5
2023-03-23 03:04:23,True,0.1191,6.884e-05,18157.2,1.25,0x63...fd8e,https://etherscan.io/tx/0x90873b1bed6d4413d0cc5fc9c87806e560ec41727c6538cc78c6f68a3015392e
2023-03-23 03:03:59,False,0.1184,6.843e-05,18626.7,1.27472,0xda...5eba,https://etherscan.io/tx/0x8f91e44a7e5695491415f98c48f18212355b818c47d73d0fd2013fd81e041fde
2023-03-23 03:03:59,True,0.1204,6.96e-05,23499.0,1.63556,0x23...955c,https://etherscan.io/tx/0x004f35568267190fad0e9f2adb2f8559a23d3ac4c96683e6038512ad0e14f3ab
2023-03-23 03:03:59,True,0.1199,6.931e-05,7999.06,0.5544,0xfb...ab1e,https://etherscan.io/tx/0xb7cee521818a84d9df29bb2f5134a05a8525fd9ef62ae23279ce42a46df794c4
2023-03-23 03:03:47,False,0.118,6.821e-05,20358.4,1.38876,0xd2...beaa,https://etherscan.io/tx/0x877663100cd7b090ec9fec75151b289f8f0606ef1ec295cf600e86724e26bb1a
2023-03-23 03:03:47,True,0.1189,6.874e-05,7209.65,0.4956,0x78...f973,https://etherscan.io/tx/0x0407ad41562a6d4bbb33e33294f852b8ab323f524d3d896cd83230ffafac686a
2023-03-23 03:03:23,False,0.1181,6.827e-05,618.608,0.0422,0x00...0906,https://etherscan.io/tx/0x897f57e441a2f98274b43063e058a6ebf1418314d54d49dd0873cfc7ee052ba7
2023-03-23 03:02:59,False,0.1182,6.831e-05,3498.12,0.2389,0x83...9f0c,https://etherscan.io/tx/0xcaae6e8a010448e84b48c5ce755cb15afe5067ea286744696d765449f782fda6
2023-03-23 03:02:59,False,0.1183,6.835e-05,1301.0,0.0889,0x8e...94f5,https://etherscan.io/tx/0x1b43e00a5186547db9f4b1fe67705b72db5543ffdfecc5922360cbfbfa54696c
2023-03-23 03:02:59,False,0.1185,6.848e-05,13676.6,0.9366,0x8a...4464,https://etherscan.io/tx/0x920a62618d31ba88e6c61ade0514e75c3edc83d2dc4d1d49bcde64ad812cf87e
2023-03-23 03:02:59,False,0.1196,6.914e-05,58884.7,4.07169,0x00...f61d,https://etherscan.io/tx/0x798d1962273e996fd9a58a043ce4702f2fdbf9d49a2cb60c444e2b861f4ba20c
2023-03-23 03:02:47,True,0.1188,6.869e-05,154802.0,10.6335,0x07...cac2,https://etherscan.io/tx/0x95ac8ab64a593f92eece328d3422936ffd2d39ca2e299c3cec444404575ce800
2023-03-23 03:02:47,False,0.1158,6.693e-05,2790.38,0.1867,0xd7...a3b2,https://etherscan.io/tx/0x3441f0308fd4efe22d1ebba42c297b866e798b3a8003f0e06ee3c337e53d01a8
2023-03-23 03:02:35,True,0.1163,6.725e-05,11938.6,0.8029,0xab...66de,https://etherscan.io/tx/0xcc4c688351b050a7ed9b6f523e79688680d483ab1883136783e729ec1ad03c81
2023-03-23 03:02:35,False,0.1155,6.677e-05,3031.06,0.2023,0x65...718c,https://etherscan.io/tx/0x13e1e7a1d7a2c94066a59146b1b022a9c9f36e0e28c8ca99665b0998fded65a0
2023-03-23 03:02:35,True,0.1158,6.693e-05,30953.2,2.07177,0xe8...9fe7,https://etherscan.io/tx/0xf1206fd289acb710b6431e149c2f0adb5eef3a530a7422d12ea9a5d242b66e5d
2023-03-23 03:00:23,True,0.1151,6.653e-05,15376.1,1.023,0x67...14f9,https://etherscan.io/tx/0xbdc87cb111a39a7d6905b34dba29361a920ac8429d67e7f9b67b0acf7a8618a7
2023-03-23 03:00:11,True,0.1149,6.639e-05,179.222,0.0119,0x2f...1061,https://etherscan.io/tx/0x4be59757e8368dd8c13e457c63b684a5b372ecde13579528ee4f5dd44612fb35
2023-03-23 03:00:11,False,0.1143,6.605e-05,6740.33,0.4452,0x7e...782f,https://etherscan.io/tx/0xbc0e4305991631e2ebc8d650e55c930c177b5843a0f45c92235d00a90b603685
2023-03-23 02:59:47,True,0.1151,6.65e-05,1006.1,0.0669,0x5c...3075,https://etherscan.io/tx/0xc0ac46a7ce8cae23cb96c335eb49102883937cc47e63f17d89d5fa9b3cd2a2c0
2023-03-23 02:59:11,True,0.1145,6.618e-05,36664.9,2.4265,0xef...c842,https://etherscan.io/tx/0xd9f0f08c9edd9876a447d1c25369dd3881f8a70b9e2df5c2fc1a90bd714fe486
2023-03-23 02:58:59,False,0.1133,6.548e-05,1103.63,0.0722,0x7f...18eb,https://etherscan.io/tx/0xbc149a6533a62a754e861937bb666d5380aac00cfb21e48448ee65125827278d
2023-03-23 02:58:47,True,0.1138,6.572e-05,18787.4,1.23486,0x8e...94f5,https://etherscan.io/tx/0x77c151d4773bf6a7e37eb6c2a8da44b54c5adfcb18d610545cfec891c84de36d
2023-03-23 02:58:47,False,0.1129,6.52e-05,3597.48,0.2345,0xc4...c224,https://etherscan.io/tx/0xbfaf856224639822056113f243a2a457a339776d999c9a422087b4119d887b65
2023-03-23 02:58:35,True,0.1121,6.477e-05,102221.0,6.62168,0x1f...8bb1,https://etherscan.io/tx/0x84e106a866b37502cc0b3a914b8e16e9552511b667ff0d6b60fa12c322ddfa4c
2023-03-23 02:58:23,True,0.1106,6.388e-05,6256.7,0.3997,0xe6...a4c4,https://etherscan.io/tx/0x299239fe60e69f56a7aee3797625c4ae2dfcc26f3046f77b4f82fb4d664852d1
2023-03-23 02:57:47,False,0.11,6.353e-05,9570.87,0.608,0xd5...9477,https://etherscan.io/tx/0x371fc2140a631b2e20877e57b37f7392afb88caa9d6d163c5912989357e8c2bc
2023-03-23 02:57:23,True,0.1108,6.397e-05,3126.1,0.2,0xa7...7b05,https://etherscan.io/tx/0x5c537d98edaadf9f3f73703b6f906d7fbcf9fb661b7fc434fd7eee1a79a1a25c
2023-03-23 02:57:23,True,0.1105,6.385e-05,12441.6,0.7944,0xae...ae13,https://etherscan.io/tx/0x01544ae6cc0430db87c24905884ea329d5249ddc0dab9c2c63fc9dd6d172085b
2023-03-23 02:56:47,True,0.11,6.355e-05,24004.0,1.52563,0x6b...da73,https://etherscan.io/tx/0x1ddfae76d51cfbb3f08096829b6ea669b91b8c1e9dc7fd95e7e41bee1c11d240
2023-03-23 02:56:23,True,0.1097,6.336e-05,375.462,0.0237,0xd8...25f1,https://etherscan.io/tx/0xb5eec5e8789ce1519c29bf96e6e941debe588473181b28e7ab0515aa13a98098
2023-03-23 02:56:11,True,0.1093,6.313e-05,28308.5,1.7872,0x25...8888,https://etherscan.io/tx/0x652034d6fd26152ce44b0427df2b6121714564d3923e278268e93dd9e3fb70d3
2023-03-23 02:55:59,True,0.1081,6.248e-05,53829.5,3.36352,0x79...0fa0,https://etherscan.io/tx/0x16af4ec8d02dbdb4f7519ab334bc6a4c429d024a57e1c9a02d7a7b76bf7f52c9
2023-03-23 02:55:47,False,0.1075,6.211e-05,54523.9,3.3868,0xce...d966,https://etherscan.io/tx/0x4408c309c1da7ad45858251b1e641d1fc95c79564d922e84bda44c3e1508a359
2023-03-23 02:54:59,True,0.1088,6.291e-05,913.889,0.0574,0x3d...64c4,https://etherscan.io/tx/0x1a4ff58cc4aa8f402afc4a0aeaa09f1ec0b0b6442a856a1cb0c2a7599207117c
2023-03-23 02:54:35,True,0.1083,6.262e-05,34964.6,2.18971,0xee...e667,https://etherscan.io/tx/0x71a3d24596ff6fef4fef7851ff92724d01fa38436471d3bc384359355dca0c1b
2023-03-23 02:54:11,False,0.1074,6.21e-05,15701.8,0.9751,0x17...e3b5,https://etherscan.io/tx/0x36b2e03c5dbdf386bcbe6ba3edb2cd441c406fd7af5c105ed87333457bd98508
2023-03-23 02:53:47,True,0.1082,6.256e-05,4441.18,0.2778,0x94...4e11,https://etherscan.io/tx/0xef2d926713182492c4d06543ff012ddc538a1db97daa53a6364e43d605ea854b
2023-03-23 02:53:47,False,0.1075,6.215e-05,662.169,0.0411,0x76...7d5e,https://etherscan.io/tx/0x88ff1426c4310c6e38b74388b45af1978ec3c3856e25c28ed430529d226d93a1
2023-03-23 02:53:47,False,0.1077,6.224e-05,10417.2,0.6484,0x76...7d5e,https://etherscan.io/tx/0x88ff1426c4310c6e38b74388b45af1978ec3c3856e25c28ed430529d226d93a1
2023-03-23 02:53:47,True,0.1084,6.267e-05,3036.42,0.1903,0xeb...e135,https://etherscan.io/tx/0x6989b0ff612faf07749fc9ededbc33fb6ce5bfd9e6e7f173d3a5fc4b6f6bd201
2023-03-23 02:53:35,True,0.1088,6.288e-05,18128.4,1.13994,0x7b...ebed,https://etherscan.io/tx/0xb23efe5d8332fa1e83241014b2702ef901901887e5c34acc0c064558cc9e0f03
2023-03-23 02:53:35,True,0.1083,6.26e-05,17251.7,1.08,0x84...43cd,https://etherscan.io/tx/0x3c2e0302cfbaa2656943a3be55ada14dfe16b5ac8cdab3ec87fd5f79b1bdd618
2023-03-23 02:53:23,True,0.1072,6.197e-05,16276.3,1.00871,0x76...7d5e,https://etherscan.io/tx/0xbea51342e347b4fff7f980d135f86d9aa09d9ff928cf7846295b21bbd57f5aad
2023-03-23 02:52:59,True,0.107,6.184e-05,1071.28,0.0662,0x4c...f2af,https://etherscan.io/tx/0x57849a118592cfe0678e9c21713e0baa98d8d9dae6a208fbfc7e4e0c7997db3a
2023-03-23 02:52:47,True,0.1069,6.179e-05,4972.84,0.3072,0x5c...71ea,https://etherscan.io/tx/0x31fb99c88ffe9370bc942bb16159a16c88623fe55d881fd4e57c9603751fe0f2
2023-03-23 02:52:23,True,0.1068,6.175e-05,126.621,0.0078,0xcf...932d,https://etherscan.io/tx/0xb945f263d8d97c7569030c633f8c08f92f6500bd428b9a0690064cf4b0bb58b5
2023-03-23 02:51:59,True,0.1067,6.162e-05,16226.3,1.0,0x58...be4f,https://etherscan.io/tx/0xf531d0b1fcad5376a7d3bb98337c41f029c486201c78fd7fdb40110c0daa0f9d
2023-03-23 02:51:35,False,0.1059,6.115e-05,2973.75,0.1818,0xb0...8233,https://etherscan.io/tx/0xce277332f517f52ec2dbe1455368a40d59e7350ec1d7aa496c127b33a4993905
2023-03-23 02:51:11,True,0.1066,6.154e-05,222.253,0.0136,0x16...ad95,https://etherscan.io/tx/0x3830009170669c772c349b33a10edc9b469f2ed4c15e1763e884ecbba76e9bab
2023-03-23 02:51:11,False,0.1061,6.125e-05,9908.55,0.6069,0xd5...9477,https://etherscan.io/tx/0xe7426b4a9a936b3ddc3079459c43a32a483c0c228cc1dc2046f81fc4c9d8e20d
2023-03-23 02:50:47,False,0.1064,6.146e-05,18472.4,1.13549,0x76...7d5e,https://etherscan.io/tx/0x16cd74d102e7e170b94e23d0a90da7e53aed84ae3a89d83c41dff95127259fe0
2023-03-23 02:50:35,True,0.1086,6.269e-05,25190.1,1.57926,0xb6...dc19,https://etherscan.io/tx/0x9b3377413e669c774f4c0c83e030904b4a7a767c4530108e0191811a69c9fd6f
2023-03-23 02:50:35,True,0.108,6.235e-05,18297.4,1.14089,0x7b...ebed,https://etherscan.io/tx/0x09a2b9a46b433433b98812ff9c7f10df3b4b2443e573b37b2b3ee6f98c01a94b
2023-03-23 02:50:35,True,0.1077,6.217e-05,3985.48,0.2478,0x4e...bee2,https://etherscan.io/tx/0x86f5aaa070afef9e4c4444c3648def28886af7051be8434e8e7ef7a64cf4733a
2023-03-23 02:50:23,True,0.1061,6.124e-05,457.165,0.028,0x7a...a913,https://etherscan.io/tx/0xcc174f34c519e073e0fcad042c799d547bf8338cff5ee64dc85b2736852c171d
2023-03-23 02:50:11,True,0.1061,6.123e-05,1473.14,0.0902,0x68...3912,https://etherscan.io/tx/0x4dc5b98720bc95b689edebe3d106a89ce07991978dd774805c3f354b5b8ee798
2023-03-23 02:49:47,False,0.1056,6.096e-05,15000.0,0.9145,0xe6...fb3b,https://etherscan.io/tx/0x521e21c7eebcd626a3a9ff8da4a53deecfa78164156b790987e5742bff829966
2023-03-23 02:49:35,True,0.1064,6.143e-05,2163.84,0.1329,0x20...fc85,https://etherscan.io/tx/0x313286019d8673bfa7b8452976a7d0aea0871bc1c74f799f1cb489facb84af26
2023-03-23 02:48:59,False,0.1058,6.105e-05,657.946,0.0401,0x74...d510,https://etherscan.io/tx/0xba6456b2cc380a2caee9a52bcf512725ce0fc23915fe216428180965322aca20
2023-03-23 02:48:59,True,0.1063,6.13e-05,16129.3,0.9887,0x79...8bc4,https://etherscan.io/tx/0x6179a51543dbf1e4337b09b58960660d946af79e466bda8110d8045527271983
2023-03-23 02:48:35,True,0.1061,6.117e-05,214.052,0.0131,0x27...01fb,https://etherscan.io/tx/0xaa29529ebdd28a00a3ac7f6b56f12ea155e5a104081804274991f1896eb159eb
2023-03-23 02:48:23,True,0.106,6.114e-05,4377.17,0.2676,0xf0...742f,https://etherscan.io/tx/0x076ca884fe7850a11b551bf5c0437f5d500f929a824f42dcb4eadb36446a47e8
2023-03-23 02:48:23,True,0.1057,6.099e-05,15370.3,0.9375,0xc6...de40,https://etherscan.io/tx/0xb1dc467bccd7dde52550a2a956aa2cdc21dde0d080501a0074d8260747e7cda3
2023-03-23 02:48:23,True,0.1055,6.085e-05,3257.8,0.1982,0x13...f8f0,https://etherscan.io/tx/0xe70f1c13e16a6ea1803e9611d49096dd4b191dfd105acd79a324ba6fc5b5478a
2023-03-23 02:47:23,True,0.1053,6.073e-05,12761.4,0.775,0xee...e667,https://etherscan.io/tx/0x94d1da3d38b7fb77e8ae132be6ef8abd73d952ff3ff1c716e497920c62e440c5
2023-03-23 02:46:35,True,0.1051,6.063e-05,188.009,0.0114,0xb4...4163,https://etherscan.io/tx/0xab61a54c835ecf78a581c6a35c826fd0d95b69f5ae3fc0a061f643e98e6ced4a
2023-03-23 02:45:23,True,0.105,6.056e-05,8952.16,0.5422,0xb2...a447,https://etherscan.io/tx/0xf24bfe9a929f4c67859f12e65b7fcca0c313600fcde4c0083e8b583ff29c061c
2023-03-23 02:45:23,True,0.1048,6.047e-05,4134.26,0.25,0xa0...e72c,https://etherscan.io/tx/0x7e0523e48ebca138168205f4e1a5c079226851e8abf424d7cf049b9fc7b25c66
2023-03-23 02:44:59,True,0.1048,6.043e-05,164.01,0.0099,0xf7...490f,https://etherscan.io/tx/0x7b6311b0e2d7c9a17ea962aa2b832f76a7f7c3cb35a7dffc3ba09426a11e0a8f
2023-03-23 02:44:23,True,0.1045,6.028e-05,20582.8,1.24081,0xf7...7f3d,https://etherscan.io/tx/0x7121f703f7da92591968b5eccaa5b26ff36b00fd091022bf66c8752d564ae08a
2023-03-23 02:43:59,True,0.1042,6.009e-05,5103.91,0.3067,0x2a...65c3,https://etherscan.io/tx/0x09c561fc17d4ab57379e85f547ec8379de331aa99e7e793bf06a3e37fd06e537
2023-03-23 02:43:47,True,0.1039,5.992e-05,17177.7,1.02945,0x79...8bc4,https://etherscan.io/tx/0x5be527c8c34dca73f95ebc270d25f5d8d6a95875e6251ecaba89eeae2af7ae3d
2023-03-23 02:43:23,True,0.1037,5.979e-05,828.846,0.0495,0xf5...907d,https://etherscan.io/tx/0x90a19f31f1cc70d9673a89431fdd4a6e7a862f3dd72a5732b020cb9b966aede2
2023-03-23 02:43:11,True,0.1036,5.975e-05,5020.58,0.3,0xde...3be8,https://etherscan.io/tx/0x71b59f0b8dd85c0895683d311ef480d60921190918affcbbfe9ac824edd58afc
2023-03-23 02:43:11,True,0.1035,5.969e-05,3350.49,0.2,0x26...d0f7,https://etherscan.io/tx/0xf84506edeef6e80050092869062e3f36e50a560d98ded9a7c88cab704abe6a6b
2023-03-23 02:42:59,True,0.103,5.943e-05,31402.4,1.86654,0xad...4a0f,https://etherscan.io/tx/0x307372edc80d3f9a39c8bf693ddb7c5d5f7bb3ab4c9afdc79798828947d1335e
2023-03-23 02:42:47,True,0.1024,5.907e-05,18317.5,1.08219,0xf9...9524,https://etherscan.io/tx/0xc73826668f81592ee067434baa8bf775e0899dacc6cffcf298af994bf578ef47
2023-03-23 02:42:47,False,0.1029,5.94e-05,111680.0,6.63393,0x1f...8bb1,https://etherscan.io/tx/0x340ae0c7ce6075653da6d5750ef6451d6ca63132cd8319297c5b062228e0599a
2023-03-23 02:41:59,True,0.1048,6.045e-05,16937.9,1.02395,0x89...b1f7,https://etherscan.io/tx/0x582e0fd4e6be7df7e92070302654d87fd98261487db20423da12523259760503
2023-03-23 02:41:47,True,0.1045,6.031e-05,1823.8,0.11,0xad...dcbb,https://etherscan.io/tx/0x4ca7a4b330c9593397afd1ba1fef43a4519a36ecf85eb319208cb665dca5b7e9
2023-03-23 02:41:23,True,0.1045,6.03e-05,49.3161,0.0029,0xf3...7007,https://etherscan.io/tx/0xf4644daf32af0c229aac81e5d983ff919836eaae5b2fcd8b38cb3ae40de1b7b7
2023-03-23 02:40:59,True,0.1044,6.022e-05,9594.02,0.5778,0x13...829a,https://etherscan.io/tx/0x4d07490eb75f2767f5c64f0a45a0907437e0921c57a7c1d63767dfef2b1e0428
2023-03-23 02:40:35,False,0.1042,6.009e-05,40800.0,2.452,0xb1...9769,https://etherscan.io/tx/0x5e46ce9353b049e23e599ddcdb61c869bef52b0953a6b7248b0456d95ebe71db
2023-03-23 02:40:23,True,0.1053,6.075e-05,905.245,0.055,0xd1...a55b,https://etherscan.io/tx/0xf1e63ec3539886224b3b1c09f10f75a1b2032ef6c2833483680b3e392158da70
2023-03-23 02:39:59,True,0.1051,6.06e-05,19363.6,1.17353,0x1b...348a,https://etherscan.io/tx/0x0e4261397aea235ada95d1e8610ba1eff785524892578522abbe9c617ded5735
2023-03-23 02:39:47,True,0.1048,6.044e-05,1639.83,0.0991,0xff...f97c,https://etherscan.io/tx/0xfc3fb9b8c56d8c707fe250fc85a9838041c9f371a58b3d0cc8f34a6f931c1a24
2023-03-23 02:39:47,True,0.1048,6.042e-05,1886.36,0.1139,0x4c...2484,https://etherscan.io/tx/0x6b6aec9704ae6f4c38ba88d44d3ac7e9bb9fa9c42c893b179817285113de84dc
2023-03-23 02:39:35,True,0.1047,6.038e-05,2790.54,0.1685,0xe8...d24c,https://etherscan.io/tx/0xccdc86168cd08286b306cad93a242608a5d11141d87c2df9410a0e020ef03342
2023-03-23 02:39:35,True,0.1047,6.036e-05,497.574,0.03,0x61...e29a,https://etherscan.io/tx/0x299c65aa782ae47ae59c2074dff57f08b862b4558b2a9a4f00c924523da33119
2023-03-23 02:39:35,False,0.1041,6e-05,1100.25,0.066,0x3b...c6a9,https://etherscan.io/tx/0xfa3df56d2a7e12d957b9e08e34110c4a5b1204ab6ec07097093fd95befe88dd7
2023-03-23 02:38:35,True,0.1046,6.035e-05,2833.39,0.171,0xfd...bd8e,https://etherscan.io/tx/0xacf1f50798e523bfb8b2b772e28ac59e86be245bba237fca68a73a6e9349ab37
2023-03-23 02:38:35,True,0.1045,6.027e-05,8183.19,0.4932,0x68...8bfc,https://etherscan.io/tx/0x9abdfba1056b63e3879fe19e6bd1f624acb06fb3045afa2883db261b5af6b731
2023-03-23 02:37:35,True,0.1043,6.019e-05,2140.73,0.1288,0x88...11b5,https://etherscan.io/tx/0xf646dbbef82bf78d7225ee100fccd1220c5e8fcc88a27269a86dd358d6174b23
2023-03-23 02:37:23,True,0.1043,6.017e-05,278.942,0.0167,0xd9...ec1d,https://etherscan.io/tx/0x84a75d8b8e492fbbf45ea03bce11bcc7487ad185d316f8f502b751804df2ab11
2023-03-23 02:37:23,True,0.104,6.001e-05,21736.9,1.30454,0xbe...b342,https://etherscan.io/tx/0x90a525942dab52ccfc37970c0b07b7081ca10c291506b7256c9948a7b41912e4
2023-03-23 02:36:47,True,0.1036,5.974e-05,14393.5,0.86,0xf7...ed98,https://etherscan.io/tx/0x1c66729a86c8a73ac46a25a2d4c114754ed8f85b2e46f9dc74fdb4f1ca0bb583
2023-03-23 02:36:35,True,0.1033,5.961e-05,4193.68,0.25,0x00...37c1,https://etherscan.io/tx/0xafbec38cd296b1b3260ae3fa6a751d4e15524491f9cc0fdcbae0a249f42818c7
2023-03-23 02:36:23,True,0.1032,5.951e-05,9012.91,0.5364,0xdc...3a2f,https://etherscan.io/tx/0x763104de04e11e3250c32c7fc520f9f9343f7dbbb034851db5c91a1fc5394167
2023-03-23 02:32:59,True,0.103,5.944e-05,833.746,0.0495,0xd2...c859,https://etherscan.io/tx/0x73543a3a4e70ba48721f3c67a3dc6c6322d228696d437a01bd4010e2457ff3a9
2023-03-23 02:32:47,False,0.1024,5.909e-05,1044.64,0.0617,0xa7...fdd6,https://etherscan.io/tx/0xd52556ac9696094923d23c8d9ad802c1f998e77909038f1c6fda82162e573222
2023-03-23 02:32:35,True,0.103,5.945e-05,568.758,0.0338,0x63...003d,https://etherscan.io/tx/0x9a405a3afd502094c8dcbf7e1d7c8f62738b26035c8764c50bbbade055e6a3c9
2023-03-23 02:31:47,True,0.103,5.944e-05,812.122,0.0482,0x70...a5bf,https://etherscan.io/tx/0xc590806d35c13601f006527e0347931f5127ed2ff9faa85151f00b0d3ad55441
2023-03-23 02:31:35,True,0.103,5.942e-05,1000.8,0.0594,0x23...64d3,https://etherscan.io/tx/0x39683dc1159237aba474e8406f47c55922eab49efb832091a0762e9d7b364d35
2023-03-23 02:30:23,True,0.103,5.941e-05,578.931,0.0344,0x4f...bcc0,https://etherscan.io/tx/0x4c6e80162453f88dfd3c5d103a7df325218dc1c1e667e29572f322659b0cef1e
2023-03-23 02:29:59,True,0.103,5.94e-05,467.112,0.0277,0x17...720d,https://etherscan.io/tx/0xdf581b87eac5cd2dc7c5dc3b494029b9bd7a6af0088cef65abf729e25bf559cc
2023-03-23 02:29:59,True,0.1028,5.934e-05,8550.65,0.5074,0x76...7d5e,https://etherscan.io/tx/0xa418e726e93677fa5ace9e4646214b87f68fc5988195d363f3119acf0b76c6e5
2023-03-23 02:29:59,False,0.1022,5.896e-05,5042.02,0.2972,0xfd...133a,https://etherscan.io/tx/0x578b2fe92ef5b1c061aabba7c00457f860a20ae9236d52258dbd300f302f4c27
2023-03-23 02:29:47,False,0.1023,5.9e-05,714.183,0.0421,0x39...3472,https://etherscan.io/tx/0x07f7f0349bfd636acf4c836be28c5627fbeaadae446c9332314c8d7573e8bafd
2023-03-23 02:28:59,True,0.1029,5.935e-05,834.978,0.0495,0x7e...770e,https://etherscan.io/tx/0x97b47d082b3dece4da1aac3ad404230045eb744cead8727b9d1d9d64bfb7c463
2023-03-23 02:28:59,False,0.1025,5.911e-05,16745.6,0.9899,0x79...8bc4,https://etherscan.io/tx/0x76bc91f78f13acf0ed59fd51a58c664d3f10a4e25dce0016556a3c3f8be3732b
2023-03-23 02:28:35,True,0.1033,5.958e-05,1011.29,0.0602,0xb4...758f,https://etherscan.io/tx/0x3538fb841c2a93413627a4a4a60e3af642ee49c92bf92ca04f83b0b1a99d7d84
2023-03-23 02:27:47,True,0.1032,5.956e-05,1780.34,0.106,0x17...e4b6,https://etherscan.io/tx/0x7d282e59a1e20cc43128e3d54f10fe90cb31d5c44c64d6419b3f24f861d27543
2023-03-23 02:27:35,True,0.1032,5.954e-05,757.824,0.0451,0x76...7d5e,https://etherscan.io/tx/0xc92e5f375c391f8eaeda410c3455d803a70f1b619db452f0ee2a95f0c20daa70
2023-03-23 02:27:35,True,0.1031,5.952e-05,3223.03,0.1918,0x76...7d5e,https://etherscan.io/tx/0xc92e5f375c391f8eaeda410c3455d803a70f1b619db452f0ee2a95f0c20daa70
2023-03-23 02:27:35,True,0.1031,5.948e-05,1833.09,0.109,0xbd...3314,https://etherscan.io/tx/0x6ef8b9eb0c4a7aa79c8ffae7b27f8e5536e2274ac015da10d373d6ac1c568a49
2023-03-23 02:26:59,False,0.1025,5.915e-05,5976.0,0.3535,0x14...8437,https://etherscan.io/tx/0x01e128aae523a028b74bc010ac8d237d9a811659e167199593c82b668919b393
2023-03-23 02:26:59,False,0.1029,5.939e-05,26820.7,1.593,0x4f...bf88,https://etherscan.io/tx/0xa3c41e8efd7365f21678bbc60dbc3df6641e52d2c627d4799ac955d6d3c7b3ef
2023-03-23 02:24:23,False,0.1036,5.975e-05,22816.2,1.36343,0xc6...f366,https://etherscan.io/tx/0xc25283651fab2862a940e5b5f3c7c63b78f4234707dcff838ddd2016577a064b
2023-03-23 02:23:59,True,0.1045,6.028e-05,16.5877,0.001,0x86...ba9d,https://etherscan.io/tx/0xac8f51eaed7a4e373c3fc16313a4347fb7ae62c93a0d744331fd7ed8a8a4a01b
2023-03-23 02:23:35,True,0.1045,6.027e-05,904.443,0.0545,0x8f...fce5,https://etherscan.io/tx/0xd557a2d9120f6189f07816ed0797c635ec9736d8f0dbe6addb7bd1f266befced
2023-03-23 02:23:35,True,0.1045,6.026e-05,649.282,0.0391,0x6c...9786,https://etherscan.io/tx/0x1cf0f7c97040be80b58de7aad67a833ba1dd535a876c52b48b64fa02d1710661
2023-03-23 02:23:11,False,0.1039,5.991e-05,2000.0,0.1198,0xad...dcbb,https://etherscan.io/tx/0xf2d696566c56e596c7f9c7a8901f99d8d8371ccf3295a304cb43e7bc5f34ad0c
2023-03-23 02:22:59,True,0.1045,6.028e-05,822.079,0.0495,0x37...e1ba,https://etherscan.io/tx/0x38ec9a948b0021e9f157cacbfecff9226e4e04f00ec051e5a0cce497f599d566
2023-03-23 02:22:59,False,0.1043,6.018e-05,35745.7,2.15144,0xee...e667,https://etherscan.io/tx/0xd8f08d4e979532f51aa61076cc6be5dbe1f7adf2d7a7845534ef14c35a1589c9
2023-03-23 02:22:47,True,0.1054,6.078e-05,4333.79,0.2634,0x29...a307,https://etherscan.io/tx/0x7a640a7349d628a70d84fc0c61b6031e34f341658231e8c0554929ad174f9781
2023-03-23 02:22:11,True,0.1052,6.068e-05,8876.64,0.5386,0x76...7d5e,https://etherscan.io/tx/0x48e33968701a74da43548b44f58ba85866e5fc49f2351680d30f9ff72845f273
2023-03-23 02:22:11,True,0.1051,6.06e-05,1485.45,0.09,0x76...7d5e,https://etherscan.io/tx/0x48e33968701a74da43548b44f58ba85866e5fc49f2351680d30f9ff72845f273
2023-03-23 02:22:11,True,0.105,6.054e-05,6856.63,0.4151,0x76...7d5e,https://etherscan.io/tx/0x48e33968701a74da43548b44f58ba85866e5fc49f2351680d30f9ff72845f273
2023-03-23 02:21:59,False,0.1046,6.033e-05,26643.0,1.60736,0xae...ac04,https://etherscan.io/tx/0x8c6697fc9722f97220338f9fddd55dc2bcdca9d87671341a93a72a3c16353b2a
2023-03-23 02:21:59,False,0.1054,6.078e-05,34290.7,2.08443,0x1e...07e5,https://etherscan.io/tx/0x088d7fd3e9c7014e5d3cd92c57854d51e8738003875f0e1b72e0e68feb358bfb
2023-03-23 02:21:47,False,0.1059,6.106e-05,2302.61,0.1406,0x2e...f345,https://etherscan.io/tx/0x1f7e81fa8f86121903b3dea731bf5c2a900bed08e80fff750d94c2af1dfd76cc
2023-03-23 02:21:35,False,0.1066,6.148e-05,52230.6,3.21117,0x5b...c8c4,https://etherscan.io/tx/0x1df689f7f66e8780b66f7761f82a8eeed15353d264461512c055b8d3b82cee20
2023-03-23 02:21:23,True,0.1079,6.225e-05,32.0482,0.002,0xe2...0270,https://etherscan.io/tx/0x44b75d786008f9feae60259eb99d1a3f74356a611f52cef20cf047fb60fdd1cf
2023-03-23 02:21:23,True,0.1073,6.19e-05,45328.1,2.80589,0x13...beb5,https://etherscan.io/tx/0xa90797dff26c328fe1433756dc8593f63b06fc0ffd41bbe84559c441338ee982
2023-03-23 02:21:23,True,0.1067,6.154e-05,885.835,0.0545,0xef...20b5,https://etherscan.io/tx/0xfe1398a28a352495cbe60be320e474123d3eeda6500718a6c24cdc14ea7a5ac2
2023-03-23 02:20:47,True,0.1066,6.151e-05,2913.45,0.1792,0xf2...85ee,https://etherscan.io/tx/0x1d3025cd9fa5ecf5090872d4b275b469b9c7d7da9efc6c786502ea8c4f60daa8
2023-03-23 02:20:35,True,0.1062,6.127e-05,29084.5,1.78203,0x28...f12c,https://etherscan.io/tx/0x269bd12ac2ceee1e645eb55ef0df92235c13f684d235f7c78b6d59a751908570
2023-03-23 02:20:35,True,0.1018,5.875e-05,314123.0,18.4551,0xee...2b28,https://etherscan.io/tx/0xcfcd4cd3f6e64899480dce4b3fb62c2bd44eaa429e663ecdb2cee9aa7b88520c
2023-03-23 02:20:35,False,0.09817,5.661e-05,60630.0,3.43271,0x8a...20a5,https://etherscan.io/tx/0xadee66a636b2e80dd823523b2b77d44c3dc9e80fc5db9194bcbbd18291ad9850
2023-03-23 02:20:35,False,0.1027,5.925e-05,311475.0,18.4551,0xee...2b28,https://etherscan.io/tx/0xcc1b6ccdad9e62b260daa73c2d4d90d671a5d54dfc94fd904812ad0c6604d5cf
2023-03-23 02:19:59,False,0.107,6.175e-05,26600.0,1.64274,0x60...c226,https://etherscan.io/tx/0x7445e34e3921a52fe0f664b755b1c91bfb593a31d056affbf831cf04cdafe8b8
2023-03-23 02:19:59,True,0.108,6.232e-05,1908.66,0.1189,0x78...85b5,https://etherscan.io/tx/0xbe8beea941ff3ff31310cc5864462a4b373b73425c2a034e0dc94159bf776e08
2023-03-23 02:19:47,True,0.1095,6.319e-05,31648.2,2.0,0xab...1710,https://etherscan.io/tx/0xc4f4dce6e7f6b48e51776c3b2673edf1fe3f867b426d3a1723ee433a33921699
2023-03-23 02:19:35,False,0.1065,6.146e-05,3000.0,0.1843,0x9b...a36c,https://etherscan.io/tx/0x7e5727e1414e42a301983485bb11c93a4ecd2d11790d0db157918566e20dd475
2023-03-23 02:19:35,True,0.1072,6.185e-05,525.443,0.0325,0x55...ce90,https://etherscan.io/tx/0x83bcaaf7fa035e41e07ed989f06619e68a3d8893362342b1e27c2413354e3473
2023-03-23 02:19:35,True,0.1065,6.147e-05,48413.4,2.97624,0x79...0fa0,https://etherscan.io/tx/0x4fc1f8b221d41bfadfe0e17ded729ff9b061cdfc7fc28638df5f0494386cda87
2023-03-23 02:19:23,False,0.1062,6.131e-05,75000.0,4.59832,0x4c...0d43,https://etherscan.io/tx/0x6e9efc0e6f2845be2e45dd465b0c285ea45921be5ded7ede8a3b5334618d8c61
2023-03-23 02:18:47,False,0.1076,6.216e-05,35641.5,2.2156,0x76...7d5e,https://etherscan.io/tx/0x53141dd1bab25cb3726df1d0ea8a71f7fa05acee831a16f1520b6f62be50eef4
2023-03-23 02:18:35,True,0.1084,6.262e-05,24591.3,1.54,0x08...00ff,https://etherscan.io/tx/0xac0735ac16c5e5509c6a28b4c6328f7dd14e9894c723fa812feb076112e2f913
2023-03-23 02:18:35,True,0.1081,6.242e-05,136.965,0.0085,0x1d...c932,https://etherscan.io/tx/0xc19dd1ebe53ec3ec08fdc063cf584184b66e3c1ea94f007af3fc563543101165
2023-03-23 02:18:35,True,0.1281,7.399e-05,46788.9,3.46213,0xf6...68eb,https://etherscan.io/tx/0x0242ef636be94eb7d076b88208f61be771eb8c82a93cbf979cfbdaaaf7c09a2e
2023-03-23 02:18:11,True,0.1064,6.147e-05,25220.4,1.55041,0xc6...fed0,https://etherscan.io/tx/0xdabcaa34f5a40121c9de16ec6b750708fffe46ef29159e3ae13b45ddedd058cc
2023-03-23 02:17:59,False,0.1058,6.109e-05,24000.0,1.46632,0x09...1792,https://etherscan.io/tx/0xfbb53e110ccf7541746b699cf24dbb0ffc2ee9c7c09afe9dcaab85add8acb2e7
2023-03-23 02:17:35,False,0.1063,6.139e-05,15630.9,0.9597,0x8b...dae3,https://etherscan.io/tx/0x02e18d42f04e2b99421ccc2485cc482f124dc0b47c39ffabf2486de429c323f1
2023-03-23 02:17:23,True,0.1071,6.183e-05,6468.37,0.4,0xf1...0299,https://etherscan.io/tx/0xb20c2476e9e9a699c3cc114f55cd4a3fc24951ffff0adcbb929ec6d999e4173e
2023-03-23 02:17:23,True,0.107,6.177e-05,1598.91,0.0987,0xa9...d628,https://etherscan.io/tx/0xbb21c5e1f897e498c9d96cd760a6072dfca8d612e84b38fd5b80a2585e687fe6
2023-03-23 02:17:11,False,0.1067,6.158e-05,24151.0,1.48723,0xcf...116f,https://etherscan.io/tx/0x2d3c7969bf8b4bffdc12f94c0f0cbe3d09b62ad0ff3d4d6966ad6a308ac666ec
2023-03-23 02:16:59,True,0.1075,6.208e-05,7312.81,0.4539,0x8c...d895,https://etherscan.io/tx/0x2d7a27852a1a77e5e41a8ff28407c5b6e10f78708d156521265ba80427fbedda
2023-03-23 02:16:59,False,0.107,6.182e-05,21851.3,1.35089,0x15...c8aa,https://etherscan.io/tx/0x86c870599a06e66577cf8e19a4a13dd43002693a16d0695eddea80bbff92ca4f
2023-03-23 02:16:59,True,0.1074,6.206e-05,38995.0,2.42004,0xfd...455a,https://etherscan.io/tx/0xa64a0909f20b1c338e11831dd443b9226b1c6cefecbc4764bc51da3f978bbd12
2023-03-23 02:16:35,False,0.1067,6.161e-05,30000.0,1.84856,0xad...fd4c,https://etherscan.io/tx/0x2ee3cf7789e776a3c9d866f0b2a8c1c29ee2ddd75f6090fa616cff1d7a3171c3
2023-03-23 02:16:35,True,0.1077,6.222e-05,350.491,0.0218,0xe3...3ec2,https://etherscan.io/tx/0x093feefbdd91d1cf9b6973916419b513483936491cdcc4bfb9a206c5fb33cb3b
2023-03-23 02:15:59,True,0.1078,6.221e-05,302.721,0.0188,0x13...fbb7,https://etherscan.io/tx/0x41986078c27208fbd62624827db8c61280e56b92753e5e2d79e774041b33288b
2023-03-23 02:15:59,True,0.1078,6.22e-05,675.468,0.042,0x44...f78d,https://etherscan.io/tx/0x40341c9d57129bd7fa4d04cc4255a2640257b9aa910c803b184a580a454fcdd0
2023-03-23 02:15:59,True,0.1078,6.219e-05,1339.37,0.0833,0xf0...3939,https://etherscan.io/tx/0x03f2991a45ce94252d117d765a8d758ba8b5fa2478fd42ab424c7d418ca85b26
2023-03-23 02:15:35,True,0.1076,6.21e-05,9576.34,0.5947,0xe2...5467,https://etherscan.io/tx/0x72d5d74009e28d1b91187619d68aa0fdef1d3802b7cd5aa01706029aeb9b852e
2023-03-23 02:15:35,True,0.1074,6.197e-05,7250.1,0.4493,0x76...7d5e,https://etherscan.io/tx/0xc17adcc4c83bdab778de1ac19f62843c7fa8263dfff0c99dc22e41fc42001051
2023-03-23 02:15:23,True,0.1073,6.191e-05,832.649,0.0515,0xbd...4d39,https://etherscan.io/tx/0xcbf15b82370cd12f7afaa21a0026d3a350b61708d5221971e56e34ad1c39dfe1
2023-03-23 02:15:11,True,0.1073,6.19e-05,193.847,0.012,0x3d...ec90,https://etherscan.io/tx/0x2f9c06d17b69adffa24306784874e95f995de8470423ac763878b6a79da429e3
2023-03-23 02:14:35,True,0.1072,6.181e-05,10915.3,0.6747,0x77...d7ee,https://etherscan.io/tx/0xbd824b46df0987c532c8b15efa0cfd12c5681371987ff06929fc7ce14a72fdc2
2023-03-23 02:14:23,False,0.1072,6.184e-05,62500.0,3.86545,0x5b...c8c4,https://etherscan.io/tx/0x9dc088c280f7c60da9370c16d5c5965c113c604285a604b2bb76f0de778cda83
2023-03-23 02:13:59,True,0.1087,6.27e-05,796.647,0.0499,0xd7...a3b2,https://etherscan.io/tx/0x255644a931239f2d7051d2d6cbb4a9385dbe28052d6288c6b135dfd4e8eddd9b
2023-03-23 02:13:59,True,0.1087,6.269e-05,637.433,0.0399,0xd7...a3b2,https://etherscan.io/tx/0x255644a931239f2d7051d2d6cbb4a9385dbe28052d6288c6b135dfd4e8eddd9b
2023-03-23 02:13:59,True,0.1086,6.266e-05,2495.89,0.1564,0xd7...a3b2,https://etherscan.io/tx/0x255644a931239f2d7051d2d6cbb4a9385dbe28052d6288c6b135dfd4e8eddd9b
2023-03-23 02:13:59,False,0.1087,6.27e-05,54845.8,3.43902,0x13...2dcb,https://etherscan.io/tx/0x1f45637f8c282f33d2e22a7a29a2fe0e03c3aba87bc0b40e31a79708a1983728
2023-03-23 02:13:35,False,0.1098,6.331e-05,22291.2,1.4114,0x76...7d5e,https://etherscan.io/tx/0xf56f6aa1ac6cf8512b888fb55c0b07805fdf1b260eb770ed11fada033e32146f
2023-03-23 02:13:35,True,0.1126,6.496e-05,34719.9,2.25568,0xb2...b582,https://etherscan.io/tx/0x0e37a1427121c2c057c318fa98e87e1a1b7d0905363f561c474b66a97f4ff0df
2023-03-23 02:13:11,False,0.1098,6.333e-05,50000.0,3.16673,0x54...ee86,https://etherscan.io/tx/0xbad111c01fd73ca1c23323892b4f0aa42001f4d607885957d053e94b3a5a4042
2023-03-23 02:12:23,False,0.1112,6.413e-05,49069.5,3.14719,0xbb...38bf,https://etherscan.io/tx/0x382df6828a60a5d3537911624f58bbce23f453e22815db39ad57dfbf48ff801b
2023-03-23 02:12:11,True,0.1125,6.492e-05,884.504,0.0574,0xd7...cde8,https://etherscan.io/tx/0x9dbb1e74205d97b03d566b904c4bb5d283e7bbec8c4dfa6a85c2614ec25e5e7a
2023-03-23 02:11:59,True,0.1125,6.489e-05,2688.5,0.1744,0xb7...603e,https://etherscan.io/tx/0xfa4b4ccbaabd53b7603d04c6dd85911cd8edb762835766ea9725bb4a0d03baee
2023-03-23 02:11:35,True,0.1123,6.48e-05,7315.46,0.4741,0xb0...8233,https://etherscan.io/tx/0xb1cbc8eae33764f91605a64ae5b7291816c69b1c0741d775ebabe89f3893529c
2023-03-23 02:11:35,True,0.1122,6.471e-05,4054.47,0.2623,0x76...7d5e,https://etherscan.io/tx/0xdb1a73c33f0ee6eb1a3488c6fef6c6191aae8f8df0c54f08db1bdd3e0088bcfd
2023-03-23 02:11:23,True,0.1122,6.466e-05,1662.83,0.1075,0xd7...a3b2,https://etherscan.io/tx/0x65f618beefa3e70daf6c637aaf2c87e747ee445c55f0e1ce6d8023a0bfb9455b
2023-03-23 02:11:11,True,0.1121,6.464e-05,1294.31,0.0836,0x56...e58b,https://etherscan.io/tx/0x2be7e5665cad68e6098e8fa2a08ea95987907a8a6bb3eab15a20ceee222d5780
2023-03-23 02:11:11,True,0.1121,6.46e-05,2847.27,0.1839,0x65...718c,https://etherscan.io/tx/0xb24f92581b144dac582526786d9e63c0b18e596b947b17822bbb68b29c1776af
2023-03-23 02:11:11,False,0.1119,6.453e-05,40574.7,2.61835,0xbe...b342,https://etherscan.io/tx/0x0112b2f958a6e578b8dd5da898057364cd41aceef1a1b76928c52b6b2ea0f96d
2023-03-23 02:10:59,False,0.1125,6.487e-05,1000.0,0.0648,0x16...68b7,https://etherscan.io/tx/0x4e7bfce7ef623ffcb3603bd9b392b6d21fe5b42c740b4ae9c10058cd8df2bb60
2023-03-23 02:10:35,True,0.1131,6.521e-05,7667.51,0.5,0xd5...9477,https://etherscan.io/tx/0x2581f5a5044c0fac5981369fc9a20a6c26b9f09b6c9f8534ebb71672b28d87c2
2023-03-23 02:10:35,True,0.1129,6.505e-05,11265.3,0.7328,0x00...6bba,https://etherscan.io/tx/0x5c01eca7a2da9280f5e019f6c84a2438f7916e8cb787cfacaca75b6c979517b7
2023-03-23 02:10:23,False,0.1125,6.486e-05,36000.0,2.33524,0xee...e667,https://etherscan.io/tx/0x95ff597154fb244bd856ff7b5f1ad0510a2508cbb0d42c816fcadb0bd971dfa6
2023-03-23 02:10:23,False,0.1136,6.545e-05,34379.8,2.25041,0xf2...00bd,https://etherscan.io/tx/0xe4462d0f2516fad990841759686f83c5960bdcdba16c1789b7989e3055f9c5c3
2023-03-23 02:10:11,False,0.1141,6.575e-05,1000.0,0.0657,0x33...ffd0,https://etherscan.io/tx/0x154a22816289a208327447c0985264156d12e0af66479b52276b2279f0095b2c
2023-03-23 02:09:47,True,0.1143,6.588e-05,32223.2,2.12304,0xb2...b582,https://etherscan.io/tx/0xe7ab6a39b13dcb5f10f84ef2205510592eb5a5645bd69fad4e82c0a1b01b3155
2023-03-23 02:09:47,True,0.1138,6.56e-05,726.36,0.0476,0x8b...73f9,https://etherscan.io/tx/0x1d78b979d55d44c28f6ea90a511ec692618b6eb0a27afa31c99eeb03667b0a9c
2023-03-23 02:09:35,True,0.1138,6.558e-05,1511.35,0.0991,0x1b...76eb,https://etherscan.io/tx/0xd72269042851675502ae3c17e5f3d33e186de40138966fcb8466d4b479094762
2023-03-23 02:09:23,True,0.1137,6.554e-05,3184.62,0.2087,0x87...7c8f,https://etherscan.io/tx/0x9fb3bb949bc0fb3d3b1bc6be2f480eae67fb0131173fc0edb3bed17e5437e4cc
2023-03-23 02:09:23,False,0.1133,6.528e-05,18582.7,1.21315,0xd2...beaa,https://etherscan.io/tx/0xc22e84e623421f2b6e656beec7df36c993c64481de6c1c49933d1fad363168d5
2023-03-23 02:09:11,True,0.1142,6.583e-05,51.1963,0.0033,0xc9...2e81,https://etherscan.io/tx/0xd1186a2cfc24c26700aed390bead4a70700c18b02ec3cff502b2dc660941a657
2023-03-23 02:08:59,True,0.1141,6.575e-05,9575.92,0.6296,0x76...7d5e,https://etherscan.io/tx/0x9846443e259a4cc13ea1b62184e63d66fe73999273390fd2534a4745ce16f8a7
2023-03-23 02:08:59,False,0.1134,6.536e-05,10000.0,0.6536,0xee...e667,https://etherscan.io/tx/0x8bfd1a167f82385ca68c85d3d3e1c615a53309dd4077d3bd178ae01695c55b42
2023-03-23 02:08:47,False,0.1141,6.574e-05,35000.0,2.30099,0xc0...f2ba,https://etherscan.io/tx/0x16625098b18be440cc2281ee95cb132969ea4d9954f2d7351ec05dc6e8637a64
2023-03-23 02:08:47,True,0.1169,6.735e-05,16187.8,1.09038,0xdb...9cfe,https://etherscan.io/tx/0xb7452d4d6f5a4c13412bc14509b820ff0c8e1d1b3969a664ce5ee1cdb732dcc2
2023-03-23 02:08:47,True,0.1164,6.708e-05,14906.5,1.0,0x81...0029,https://etherscan.io/tx/0xbc3d39020e42ee0c188d3b088b37149ea903a8e059523c533f336c7239e554c8
2023-03-23 02:08:47,False,0.1145,6.6e-05,58303.2,3.84823,0x17...acd8,https://etherscan.io/tx/0x79079dfdf0f166b96323679b27764432617c3d4bfc82f55b5d3e387ae85ccf65
2023-03-23 02:08:23,True,0.1161,6.69e-05,74.0812,0.0049,0x70...29b7,https://etherscan.io/tx/0xafb3563eae868cead1b0f7d08d4d5a4d1e823fb4de65f706f503b95fdc06cf81
2023-03-23 02:08:23,True,0.1161,6.689e-05,1345.48,0.09,0xba...aa98,https://etherscan.io/tx/0x56501194bb8a6f5e14b3c9a9207fcbae3f1f1424afa91dd68dcdec3063b037f7
2023-03-23 02:08:23,True,0.1159,6.68e-05,8264.52,0.5521,0x82...4973,https://etherscan.io/tx/0x0193813b88286beaa43fa879817566c00c5318a3b9c9eb8b5d2a0ed00cbbc233
2023-03-23 02:08:23,True,0.1157,6.666e-05,8281.05,0.552,0x5a...38ca,https://etherscan.io/tx/0xf33c68d38ca731661c98a80d4e0d26f0cb8724aa8e45745f8aff4568971c90bb
2023-03-23 02:08:23,True,0.1155,6.657e-05,1520.31,0.1012,0x2e...f345,https://etherscan.io/tx/0x85f84161b6ac4b8f9c57bba4c1a1e42e98e6328b1525cfc159fe0604f08b8928
2023-03-23 02:08:11,True,0.1153,6.643e-05,14877.7,0.9884,0x9a...805f,https://etherscan.io/tx/0x1eae7582acd2a8ac67a404441c5d011791ab65e79be7e4db0f8a07c82bf374f1
2023-03-23 02:07:35,True,0.1147,6.608e-05,26537.2,1.7536,0x76...7d5e,https://etherscan.io/tx/0x9e1d95759a86b206ecd05d024e64c57c3d249a904b3b5cfee5ddf40dcfe1e54b
2023-03-23 02:07:35,False,0.1142,6.58e-05,40390.9,2.65784,0xda...504f,https://etherscan.io/tx/0x48220a431a0ef6e7c92c534bd724f936535ce9d5f6fc27acf9dffb925b3219f7
2023-03-23 02:07:23,True,0.1155,6.653e-05,1352.7,0.09,0xa1...5a7e,https://etherscan.io/tx/0xf3da36fc2065784def87001fe98b2106877058933a90f00e9b8cc03612c6d74b
2023-03-23 02:07:23,False,0.1148,6.613e-05,1350.0,0.0892,0xef...bdba,https://etherscan.io/tx/0x34f56c033860fb3827000a89f39529271882f0d52632788b08f62d148019ffb7
2023-03-23 02:07:11,False,0.1154,6.65e-05,42000.0,2.79338,0x39...e0e8,https://etherscan.io/tx/0x72819964ce09d45e47499ccf4c95b3da83b613c1eac1cce7fb8c5760a23396c9
2023-03-23 02:06:47,False,0.1163,6.702e-05,17151.0,1.14949,0x6e...429c,https://etherscan.io/tx/0x4e5762121e49aaabc6d73d496dedf973b169cdb3684031070bfadf573c5acce9
2023-03-23 02:06:23,True,0.1172,6.75e-05,7714.83,0.5208,0x8c...5ee6,https://etherscan.io/tx/0x9a0b38dd7969870e26fe9e02d9bb7bfeaf0aab5382b4eb42eb02c4db8855df36
2023-03-23 02:06:23,True,0.117,6.741e-05,2966.73,0.2,0x55...0161,https://etherscan.io/tx/0x0f8c86be7c7260507a9b65afed228f9d2dea216668addd3b6271167a79074e5a
2023-03-23 02:06:23,True,0.1169,6.736e-05,2954.18,0.199,0x37...d026,https://etherscan.io/tx/0x303f40d82cabd34157d9a5c0ab180615e4c6e3b0de2115ce31e59ec1c9a7b187
2023-03-23 02:06:11,True,0.1165,6.713e-05,22640.2,1.52,0xee...6d4f,https://etherscan.io/tx/0x21575579b20ea4f99a8b1e0bd82fca89aee1e0d5c9529e296a610ceeacefd195
2023-03-23 02:05:47,True,0.1161,6.692e-05,2259.23,0.1511,0xe9...6c40,https://etherscan.io/tx/0xc9e693177060012b002009dfef40d2a07ff4b0f7f33baf04afcb28d10eff949e
2023-03-23 02:05:35,True,0.1161,6.688e-05,1345.53,0.09,0xa1...5a7e,https://etherscan.io/tx/0x64c14c0e1cd081d38bddddf2dad498093d94f829773a381f07823f2a47b5e474
