datetime,buy_order,price_USD,price_native,amount_token,total_native,maker,etherscan_url
2023-03-28 07:15:59,False,0.07834,4.559e-05,6230.02,0.284,0x01...c04b,https://etherscan.io/tx/0x4fe85bb735e91a9fab2e1f6194f45add87897e16f62cfc58f01e62b886263e78
2023-03-28 07:15:23,True,0.07885,4.589e-05,1079.99,0.0495,0xc4...e065,https://etherscan.io/tx/0x2b3f91cf2278578cc937c71742c2e4ff9be7a22541f03d5526c964cd638ef5ba
2023-03-28 07:11:59,True,0.07875,4.587e-05,1749.27,0.0802,0x28...60e3,https://etherscan.io/tx/0x3c1924ec554d3f04c77c9c4c08d204fb3eb976666013b5c91fcc3645d1bc3692
2023-03-28 07:11:23,True,0.07873,4.586e-05,561.902,0.0257,0xb4...dfc5,https://etherscan.io/tx/0x770830cc65c28d1475fd74a608f360931728d4195f89487b02495cd849fb07db
2023-03-28 07:09:35,True,0.07882,4.586e-05,510.234,0.0234,0x40...05d3,https://etherscan.io/tx/0x7b2ec5171767397869869bce919381da06c22267bc34877cc5b54711e2724db7
2023-03-28 07:06:59,True,0.07881,4.585e-05,1470.07,0.0674,0x25...2075,https://etherscan.io/tx/0x1f35eee81ea3b956f091e4ba04a14411f58a6f0e5babad6f192bab1a1404859d
2023-03-28 07:03:23,True,0.07873,4.583e-05,1297.5,0.0594,0x3e...bde7,https://etherscan.io/tx/0xacaeb70ce8d93c810382fe65964230d49f6b484afd1debc54d602854104980f8
2023-03-28 07:01:47,True,0.07862,4.577e-05,10826.5,0.4956,0x23...4475,https://etherscan.io/tx/0x6b4cc42c91da0b67ec7e907ead045d64695f67590ef1f9360b623f44bcfdbbf1
2023-03-28 06:51:47,True,0.07831,4.572e-05,960.136,0.0439,0xe6...4486,https://etherscan.io/tx/0xff244a0cae3a454af415d04adea3e3771cc259dcbd420bb1bf56e4e75c5f72da
2023-03-28 06:51:11,True,0.0783,4.571e-05,867.371,0.0396,0x6a...3d01,https://etherscan.io/tx/0x0b33531dcd503a73abbd1739c2e919c9e807b00678e65e47c81dbe48da05a0b9
2023-03-28 06:46:23,False,0.07789,4.544e-05,2552.34,0.116,0x5e...5ac6,https://etherscan.io/tx/0xedbbb3028e6d4ba3cf18bbf603d65d815746338c48fff623e72e5a26c901fef8
2023-03-28 06:45:23,True,0.07825,4.566e-05,15196.7,0.6938,0x37...0e56,https://etherscan.io/tx/0xcd3708a74e197c8ca6bd38bfa8b50a71fef5ac65d550722778d892ead60b6de4
2023-03-28 06:38:23,False,0.0777,4.533e-05,5500.0,0.2493,0x76...26a8,https://etherscan.io/tx/0x4f6438e50b0fced9a88049701af9421437b5a5cca89ca20e7585ed2dba2ef076
2023-03-28 06:37:11,True,0.0782,4.563e-05,632.867,0.0288,0x5b...499a,https://etherscan.io/tx/0x7d42ef9224e9261be78af0ed1126886d8e006634f5ffadcd8045626b3d1a8b61
2023-03-28 06:30:59,True,0.0782,4.562e-05,1266.73,0.0578,0x47...2667,https://etherscan.io/tx/0xc84178ebb09c165139815e738958e8fbd9e6474621e45a80e9c1d850f9e25d90
2023-03-28 06:30:47,True,0.07818,4.561e-05,303.986,0.0138,0xb4...7dd3,https://etherscan.io/tx/0x5b57769bc3c7b05c6f747c8f2db1b2c36a2b2c93f17ce60f835761932cf3b457
2023-03-28 06:29:35,True,0.07817,4.561e-05,673.662,0.0307,0xb5...442c,https://etherscan.io/tx/0xc9e2746033b8d9043ebb5402721800c8871427115c371d82a570a28ec935d7c0
2023-03-28 06:28:23,True,0.07814,4.559e-05,2631.67,0.12,0x99...1e54,https://etherscan.io/tx/0x47263c3ce82f459b6dc4255ab240d853afdbb12df23f9c34c81369421c7b1c34
2023-03-28 06:28:11,True,0.07812,4.558e-05,82.1023,0.0037,0x74...e206,https://etherscan.io/tx/0xf3b120562318a9f6e3593925294931e2169c734d0ff04b288c2f290f71456c1e
2023-03-28 06:25:23,True,0.0781,4.557e-05,2175.01,0.0991,0xbd...5f11,https://etherscan.io/tx/0xd0547db132d1f46fb276f526742c62931c75957b5fc844d51aa606d0acfd8609
2023-03-28 06:22:59,True,0.07801,4.554e-05,3917.56,0.1784,0x3c...cedc,https://etherscan.io/tx/0x50547b99c907f3898e5d1596a7e016c2d6c1200c3e5f0bf86736c173d7fac736
2023-03-28 06:22:59,False,0.07754,4.527e-05,3500.0,0.1584,0x1a...c795,https://etherscan.io/tx/0x7cd2c5541a73f4bc5bf82444f5dc034a9df94e9245cb6bde65be7bc993e21fb4
2023-03-28 06:19:59,True,0.07795,4.552e-05,7688.49,0.35,0x46...6704,https://etherscan.io/tx/0x8ccc4e270c5c9b5bc7aca36a7ae50329f9619d918d45f7ebd838afbf1cacf6fa
2023-03-28 06:18:47,True,0.07784,4.546e-05,3837.07,0.1744,0xe4...84f4,https://etherscan.io/tx/0x7b3a88f5782bb9ff10385c30b1c601b0f97fba5eb26e8d23b069a3ff3f61781c
2023-03-28 06:18:47,False,0.07739,4.52e-05,5002.15,0.2261,0x33...c2aa,https://etherscan.io/tx/0x4e930e6a0434b714b39cfe21aeb4fafdc54b5c8ea6a102b32cdc9c549c4d2720
2023-03-28 06:18:11,True,0.07786,4.547e-05,3770.72,0.1714,0x6f...7296,https://etherscan.io/tx/0xffea4791549f35f7fc9888b56a04af9148233c6ca08c9156f21ac044b5b04281
2023-03-28 06:17:23,False,0.07745,4.523e-05,10000.0,0.4523,0x34...e3dd,https://etherscan.io/tx/0x50da4d6eedc5f72e751a95524e39792da022757d83e700f3461fe4a8d954bd78
2023-03-28 06:17:23,False,0.07769,4.538e-05,20000.0,0.9075,0x2e...f345,https://etherscan.io/tx/0x9fe9f4c217c00ab919297c723a9166e8b3844f8a3f83c3a311eefd17942668b5
2023-03-28 06:15:59,False,0.07789,4.549e-05,4311.44,0.1961,0x8d...bdef,https://etherscan.io/tx/0xa123222984843488707b3ee5a133f9b6ab94ef1e411f842ea979e745fc01255a
2023-03-28 06:15:47,True,0.07838,4.578e-05,1305.95,0.0597,0xd5...d67a,https://etherscan.io/tx/0x29b82729f65b845cd1660deadfdf88c3b155830e055ccbd6636fedfa729a5153
2023-03-28 06:13:59,True,0.07832,4.577e-05,757.914,0.0346,0xda...797f,https://etherscan.io/tx/0x6b62a3ad5f8f76b3827563dff1d3fd0aa9050d9ce001b75ce277ff6e0c43a246
2023-03-28 06:12:11,True,0.07826,4.576e-05,2296.14,0.105,0xa7...e5df,https://etherscan.io/tx/0x003073cc8d78c5f8f90f15e5e526f7f600389656f4cbdc1d80116513774e76ae
2023-03-28 06:07:11,True,0.07828,4.574e-05,980.745,0.0448,0x9a...8f36,https://etherscan.io/tx/0x7297e2e9846e2d6ca7b8741e5392e1993f316f93561df613571e48af2aed4153
2023-03-28 06:06:35,True,0.07825,4.572e-05,2167.65,0.0991,0x1d...fe5c,https://etherscan.io/tx/0x1226a55ffbe464ad13ea53c91a27836c58194e359ddf9ff09a82d60f18744657
2023-03-28 06:05:59,True,0.07819,4.57e-05,2901.88,0.1326,0xcf...802a,https://etherscan.io/tx/0x5c84ed1b81a6083eb1b8e57126a0d4c7d8e4736b852752bd7f2bfd0a39a3ebb2
2023-03-28 06:05:59,True,0.07815,4.568e-05,1260.46,0.0575,0x9a...8f36,https://etherscan.io/tx/0xf531bb8a4f8785941973bf167b2ca1fc39201803d0708658db9cc4eb553634ec
2023-03-28 06:05:11,True,0.07813,4.567e-05,1085.16,0.0495,0xb8...fa84,https://etherscan.io/tx/0xfa240911ec9855e59392eaea67ad6ef9f11fa3d43e91dabb0880c778094395dd
2023-03-28 05:51:23,True,0.07815,4.566e-05,1172.25,0.0535,0x60...1840,https://etherscan.io/tx/0x735ad2ffd2971f8ff2e6c53e7f86dabf584ed7aa4028e7bd1cd584e9c865542e
2023-03-28 05:50:47,True,0.07806,4.561e-05,8692.48,0.3965,0xfb...c881,https://etherscan.io/tx/0xf012d243b9273835cda2af4965142f3d4757cd0ac81e52430171b7abfd047af0
2023-03-28 05:47:35,False,0.07748,4.53e-05,555.0,0.0251,0xdf...f1f1,https://etherscan.io/tx/0x980548fa4dbf89361df8369f18f5e35531554b6e1dcda1685fa428b8c25d4097
2023-03-28 05:47:11,True,0.07785,4.551e-05,12195.0,0.5551,0x99...e0da,https://etherscan.io/tx/0xed160517aade571c172f69d6b8c00a3c899bb629cf7cc28f74ee5af45ad301b3
2023-03-28 05:46:35,False,0.07729,4.519e-05,1400.0,0.0632,0x5e...dc61,https://etherscan.io/tx/0xc06c6718330afbf5feae7b48a76ea4dfc43cd41be235693841e4a437c4dce8b0
2023-03-28 05:46:11,True,0.07775,4.546e-05,2199.61,0.1,0x98...3845,https://etherscan.io/tx/0xbe2464ee1b462d5be1638be416e96801cb169ca8f8c37e19ea0be2ea8abc47ad
2023-03-28 05:45:47,False,0.07732,4.521e-05,6400.0,0.2893,0xf3...9aa6,https://etherscan.io/tx/0xe36201847c3e56d43d0d87beb851b3f0814ccf4e28b839738f833ae3bfb5a3f6
2023-03-28 05:43:35,False,0.07757,4.536e-05,25201.1,1.14317,0x2e...f345,https://etherscan.io/tx/0x67d6202e25c53506c9711562e40946da6ff3ee1aeaaf84e341e255d27ff0d2e4
2023-03-28 05:38:35,False,0.07783,4.55e-05,5000.3,0.2275,0xa3...0b71,https://etherscan.io/tx/0x5ea71de30d55e1bd7aa7e8d5cd5455599e28cd52389565a5c9108aa218c75bb7
2023-03-28 05:35:23,True,0.07833,4.579e-05,1497.87,0.0686,0x00...d4ea,https://etherscan.io/tx/0x35360096abe947bb6b89b04bff964ae1d7fb4f0d06f101135dec0b7e5653cc06
2023-03-28 05:34:59,False,0.07845,4.585e-05,68515.8,3.14147,0x97...aa4a,https://etherscan.io/tx/0x8c28acf284a703c9d6d51e22c8b069c7bf6985e82e3dd633b01e931fea7646d8
2023-03-28 05:29:35,True,0.07952,4.646e-05,373.497,0.0173,0x8c...8833,https://etherscan.io/tx/0x325a7c2a97a2f26016528168d23830ccdebce7954ea36409dd57cb5daedb46e3
2023-03-28 05:27:47,True,0.07927,4.632e-05,27979.9,1.29605,0x96...76b7,https://etherscan.io/tx/0x8f3d037449bdc37bb8e2163ed5ddd2300acac8e9723c53006f27494e879ce313
2023-03-28 05:26:11,True,0.07902,4.617e-05,2521.48,0.1164,0x2e...f345,https://etherscan.io/tx/0xf52fb73f678f4c4bc9ac65d4d178a3048e36dd047d11c649b1d8a7022b01bd96
2023-03-28 05:24:47,True,0.07898,4.615e-05,1300.07,0.06,0xb7...b741,https://etherscan.io/tx/0x060439d49e2d690628dcc18e26cb571cc0b55278f9f7d5c4f6fbb6e75645eed3
2023-03-28 05:21:47,True,0.07893,4.611e-05,6448.8,0.2973,0x02...854a,https://etherscan.io/tx/0xc9f2abe52935dcd9c8a07949c65f6b37b7866fab223c2c6d7a356f61f56be86b
2023-03-28 05:21:11,True,0.07883,4.605e-05,4605.57,0.2121,0x78...45f2,https://etherscan.io/tx/0x284f83f5bedea168efb86091a6e28e166abd83b09aa7f83a24c955027fdef73c
2023-03-28 05:18:47,True,0.07868,4.597e-05,12321.8,0.5665,0x4d...8b74,https://etherscan.io/tx/0xf0b5e1ee56ff59a158598167715328d1579463ed5bc28846fbf255bb41cfaf80
2023-03-28 05:16:59,False,0.07821,4.568e-05,10000.0,0.4568,0x3d...46d1,https://etherscan.io/tx/0xcae0323cb47e33ada3e0c5c3d0873abcae8ad6abbdd0a725db4355e07f2fd462
2023-03-28 05:14:47,True,0.07874,4.599e-05,3232.52,0.1486,0x7c...ccbe,https://etherscan.io/tx/0xbf8e9eec3e03364bff42e61dad5f65cfd5848824ec1c7c2a7f1de56d92b43d95
2023-03-28 05:14:47,True,0.07869,4.597e-05,2393.5,0.11,0x8c...2bdd,https://etherscan.io/tx/0x9f4390d21b5bae2fdb43e358368f55e44dbd7c404867f44e9ff271dfc93841f7
2023-03-28 05:14:35,True,0.07866,4.595e-05,1061.81,0.0487,0xba...25d4,https://etherscan.io/tx/0xea5a9f76e0f0856262041dc4f0d97f3cf2c5ba8005530f66c7b504bb8de2678c
2023-03-28 05:13:11,True,0.07862,4.594e-05,251.503,0.0115,0x64...e71b,https://etherscan.io/tx/0x54544a2d1700e09464a563843d39fa894c6e191f88e795da2ca654abc9569837
2023-03-28 05:10:35,True,0.07873,4.593e-05,1294.66,0.0594,0xc7...3b3d,https://etherscan.io/tx/0xee1c9a51b14f8a56ba4a75fcb269533f4641e1452bcf2a7e891647fe909c7bcb
2023-03-28 05:08:23,True,0.07862,4.587e-05,12716.3,0.5833,0x1d...fcaf,https://etherscan.io/tx/0x05f3696bc0504b0b432fe7106b0084769ebf2cd8b70628d03e3c8edc0c747081
2023-03-28 05:07:35,True,0.07851,4.58e-05,973.86,0.0446,0xc9...c5a0,https://etherscan.io/tx/0x09806eeb13a4f912aa677fd7ebb794b25f74fd304a08e5c57814ff21ef714d5d
2023-03-28 05:05:11,True,0.07842,4.578e-05,2183.97,0.1,0x42...cf69,https://etherscan.io/tx/0x006dac84d87b852fe63d9cee07c524aacc8bb735cc5d8aa1100f55870f324dc7
2023-03-28 05:04:35,False,0.07794,4.55e-05,800.0,0.0364,0x8e...08ff,https://etherscan.io/tx/0x6cd0771d81ccc9bb9601edeb22ec54f7dcf02a127cf7b450e08eec6db79f2077
2023-03-28 05:00:11,True,0.07838,4.578e-05,208.038,0.0095,0x42...cf69,https://etherscan.io/tx/0x2b2f202f1664a068408d4bc0936c0da706b47febdbb5a385cc9c6fd21a5d1eb4
2023-03-28 05:00:11,True,0.07824,4.57e-05,16410.2,0.75,0x81...46b0,https://etherscan.io/tx/0x3e6e1acaaa5f17cd2ff5828fda58b50afd25740f8e0a01f72a7113b2eaeb2b8d
2023-03-28 04:58:59,True,0.07812,4.561e-05,2958.19,0.1349,0x76...7d5e,https://etherscan.io/tx/0x615c72907c5894aa8d3a8e7b26ebbab5d9359d09ed36c23b7bf8481a4836d780
2023-03-28 04:58:59,False,0.07777,4.54e-05,17199.0,0.7809,0xf4...0861,https://etherscan.io/tx/0x9f938444e21f2b972da6e7061b963c128afcc6b1be1572f8f53a21614af5facc
2023-03-28 04:58:47,False,0.07807,4.558e-05,19272.8,0.8784,0xec...4601,https://etherscan.io/tx/0x349c243bf0d30d77c22904d800899490c78c0e929688035f0c9589d3a6e6a38f
2023-03-28 04:58:35,False,0.07833,4.573e-05,12206.6,0.5582,0x76...7d5e,https://etherscan.io/tx/0xe1f1fbe375f41563ece682603e1a1027603886ee0579eafdcc7d4b44940207d0
2023-03-28 04:58:11,True,0.0786,4.588e-05,36828.7,1.69,0xee...0e19,https://etherscan.io/tx/0xd0e9bd2198cf89c6298365b3d4402ec82b087428786369d15bcf76dd04bf60e8
2023-03-28 04:58:11,True,0.07815,4.562e-05,16878.3,0.7701,0x76...7d5e,https://etherscan.io/tx/0x22a21be0cfedf3d31d06c007da828edd763111dba04fcba2d2cf779f6aace0cb
2023-03-28 04:57:59,True,0.07766,4.534e-05,42697.4,1.93588,0x1a...52c5,https://etherscan.io/tx/0x945234f8f659fb99835f55ee4a4ab37420a0d6d483b7a221e90cd18ac4738e6e
2023-03-28 04:57:59,False,0.07751,4.525e-05,81489.2,3.6877,0xa1...9bef,https://etherscan.io/tx/0xc7b73c848527d9bd494c57cc34af142d230d9ddb9c1e1c3bce25c83e31372056
2023-03-28 04:52:59,True,0.07863,4.589e-05,5188.09,0.2381,0x73...ad58,https://etherscan.io/tx/0x187936b884458737cbd2078ca756c0463ba4fbaace63ba1b3f2c0a3f484371f3
2023-03-28 04:51:47,True,0.07858,4.586e-05,864.492,0.0396,0x48...c2c6,https://etherscan.io/tx/0xdf457839fc11f05b8f06786b1a996e35e5671efbdbb2fdcb376e757313957bb5
2023-03-28 04:51:47,True,0.07857,4.586e-05,252.192,0.0115,0x3a...8530,https://etherscan.io/tx/0xddd062046056ca1e3a8aae53c1cb67393f074383120a1299d632a17a81bc6693
2023-03-28 04:51:35,False,0.07812,4.559e-05,3000.0,0.1367,0x1b...ea67,https://etherscan.io/tx/0xdd45e90a0ae87af695c35aaf84f7ebbf4f99f2aecf1be8a18a5630910cf714f0
2023-03-28 04:51:11,True,0.07859,4.587e-05,2659.23,0.1219,0xb5...72de,https://etherscan.io/tx/0x701cc8d1b5289036bf1196559767eb1f58a32309eb5ed600b2b8ae8e8bf80b6a
2023-03-28 04:50:47,False,0.07815,4.562e-05,7600.51,0.3467,0xb8...56df,https://etherscan.io/tx/0x2ead83d5c74e37f09462be865818a2f3b95b1de0c2cb28d2a436928427d63bd1
2023-03-28 04:50:11,False,0.07826,4.569e-05,5974.7,0.2729,0xac...bfe4,https://etherscan.io/tx/0x93c2d866a2b8381b4d8927764a376d97cc1c1ab0891fc96e55218d3934c59174
2023-03-28 04:48:11,False,0.07842,4.577e-05,11811.5,0.5406,0x76...7d5e,https://etherscan.io/tx/0x7eb1c5ce2706dcb0f20ef3b0c403d79b8295e355ea453af93dd02b3b26568718
2023-03-28 04:43:59,True,0.07895,4.61e-05,379.304,0.0174,0x7d...ffc3,https://etherscan.io/tx/0xd367b32266040158ad9ef9e89e4eb97ed877cdf72c8d63ef610ea52d73b16b35
2023-03-28 04:41:59,True,0.07892,4.609e-05,2233.84,0.1029,0x9c...79bc,https://etherscan.io/tx/0x6de92c0f83c1be9f35a7c23a910095e849eac0a35a9fe826206d46198a0e2bee
2023-03-28 04:40:11,True,0.0789,4.605e-05,5918.88,0.2725,0xd7...1bb1,https://etherscan.io/tx/0xf8b508fbb712bc58cae416e0777a0dc6029d9d719e9034242c0aa0e794069a86
2023-03-28 04:39:23,False,0.07836,4.576e-05,2312.8,0.1058,0x92...8430,https://etherscan.io/tx/0x8bbb0236de04b7287f81d2865f6f7773dae28308879efc442a785b6137edc8ed
2023-03-28 04:39:11,True,0.07883,4.603e-05,2523.44,0.1161,0x2e...f345,https://etherscan.io/tx/0x82e7a175b7292a2765c178c887e1782e090478cf7d798b31bea804c6975ed2b1
2023-03-28 04:38:35,True,0.07877,4.601e-05,1292.45,0.0594,0x2f...7194,https://etherscan.io/tx/0x913747d7c45a1969fe4e59bebd572e66eed61714696f944c9bb760766cad1b07
2023-03-28 04:33:47,False,0.07834,4.577e-05,8418.93,0.3853,0xf4...8c16,https://etherscan.io/tx/0xe9e98940de3f5b7253663fd32e4e97403628eb1bfebce1746a6067bd67b5194f
2023-03-28 04:32:59,True,0.07888,4.608e-05,1182.93,0.0545,0x3e...df16,https://etherscan.io/tx/0xc7008d6f876623924d8ab2470c633092ad4cb151cf4eca49d27382539a52bff5
2023-03-28 04:32:11,True,0.07886,4.608e-05,322.67,0.0148,0xd5...1d55,https://etherscan.io/tx/0xf552e8b3c793f027f9a53ccee7aad70270075069fd76301feb32549b6cce82d5
2023-03-28 04:30:35,True,0.07884,4.606e-05,2170.7,0.1,0x7b...e0c8,https://etherscan.io/tx/0xac2491a13e9963a13ae66a5eeb38a15a8a539668b2236f606d13bfabe4ac8478
2023-03-28 04:29:23,True,0.07885,4.604e-05,2495.95,0.1149,0x62...0dba,https://etherscan.io/tx/0x7ae2b648578c4c942f7dddd932fcaa0943e4307f98940c42e40e8ff06f8efb4e
2023-03-28 04:26:59,True,0.07888,4.603e-05,626.476,0.0288,0x38...7f3f,https://etherscan.io/tx/0x39ccf50067492cd7bdaa47b4a0c94616ce3bdd1eac755b96af3f235d24d70a52
2023-03-28 04:23:35,True,0.07897,4.602e-05,883.075,0.0406,0xe9...b4a5,https://etherscan.io/tx/0x9c5b25922de03e95931f0896fc0ce0796b21c20a00b76e20a0011159ee6187e5
2023-03-28 04:17:47,True,0.07898,4.601e-05,1271.06,0.0584,0x38...dd7f,https://etherscan.io/tx/0xaddd12a310b5811b195848cdf1aed99156610c8758fc7693679ae0a92a69a09f
2023-03-28 04:16:23,True,0.07897,4.6e-05,646.433,0.0297,0x0a...2881,https://etherscan.io/tx/0xc10a4759b0b7977c0b73f425f828a4e52f1d232a4485fb30d6dae8bd5d63c986
2023-03-28 04:15:35,True,0.07894,4.598e-05,2890.65,0.1329,0x7a...3475,https://etherscan.io/tx/0x0f51948a5dc6a340745b77e468aa47347d7793ed449b43b659087cf69c91a118
2023-03-28 04:14:11,True,0.07885,4.593e-05,7467.19,0.343,0x42...cf69,https://etherscan.io/tx/0x9352c1de1d86612addda598cc8dc23d0a1328984eaf7c66ffdfec382054563af
2023-03-28 04:13:35,False,0.07832,4.562e-05,1000.0,0.0456,0x34...e12d,https://etherscan.io/tx/0xb53b41759ac00363dee863357d69c8653add0a024170c71896fe047c12240f82
2023-03-28 04:12:59,True,0.07878,4.589e-05,3239.96,0.1486,0x0f...0d2f,https://etherscan.io/tx/0xf0676c2739311f611f1072a022f894190c1def10861b0af587c6c63940ad37d4
2023-03-28 04:12:59,True,0.07872,4.586e-05,2883.88,0.1322,0x7b...e0cf,https://etherscan.io/tx/0xf4fc534dcf6f27aa917cb0e8d0d33d4a111d414daa15f3e827329c46505ba114
2023-03-28 04:12:23,True,0.0787,4.584e-05,259.453,0.0119,0x29...ba6e,https://etherscan.io/tx/0x1c50a5f71effd4761784ef21d31e4e6b2fe8b76bb2d3e4a9133bc18baa7e2c1e
2023-03-28 04:12:23,False,0.07824,4.557e-05,1500.0,0.0683,0x1a...c795,https://etherscan.io/tx/0x5b6bc47b7f63c815d5149bf3050611fb0206dabea94aec47557569024ee849c6
2023-03-28 04:11:59,False,0.07826,4.559e-05,1400.0,0.0638,0x2e...f345,https://etherscan.io/tx/0x525ea4c065c8d618a29b29c71a3aaa708d6c017c933cea7c725584cc00fb825b
2023-03-28 04:10:47,False,0.07828,4.56e-05,500.0,0.0228,0x1b...ea67,https://etherscan.io/tx/0x515141df1c36dfd5e657817e531d347ecc32d3fbc52fb91d51901d4a78c30c1d
2023-03-28 04:08:47,True,0.07881,4.587e-05,1080.43,0.0495,0x61...f21b,https://etherscan.io/tx/0x2c39febdfcdec2977bcc15503553a4396358c5fef77f0da6901bc6623e88e24f
2023-03-28 04:08:23,True,0.07879,4.586e-05,314.233,0.0144,0x12...7699,https://etherscan.io/tx/0x4a1f8accf1d3984e4c8a7efd0f12133a05577948010ecc60c381753d91bb4476
2023-03-28 04:08:11,True,0.07872,4.582e-05,9103.04,0.4171,0x42...cf69,https://etherscan.io/tx/0x51685eaa132eb0dba747dfb1ad8ed6bb2f343de9a4652aadd748bea11cfcf1b1
2023-03-28 04:07:35,True,0.07863,4.577e-05,1299.44,0.0594,0xf0...4f3d,https://etherscan.io/tx/0xee545211c8cfe7dc32c2a6724756fb7e0a8cf34d07366c23b93f9200674a7a74
2023-03-28 04:06:47,True,0.0786,4.575e-05,2381.87,0.1089,0x4f...a3c1,https://etherscan.io/tx/0x603ebcbbcae5ddb401affeab66bb5b1e24ee4a0f0ae00aa0e9038e19a3e57cbe
2023-03-28 04:05:11,True,0.07856,4.573e-05,2167.64,0.0991,0x6a...3d01,https://etherscan.io/tx/0xc89e2fbcf7b2ec43b185cafd1e3eeadec2f4c3ae65020ad817566ab8642321f5
2023-03-28 04:03:35,False,0.07811,4.546e-05,5000.0,0.2273,0xa3...0b71,https://etherscan.io/tx/0xbb1a67906068ceb65da51de1fd6085d60961fd4782dd61217e9e8a1e3fae6756
2023-03-28 04:03:23,False,0.07828,4.556e-05,15377.9,0.7007,0xb2...bb46,https://etherscan.io/tx/0x3f653d1ad1c9f8326ca784b4fbb6a84892a2bd47515ed13d6e8191f7cf317f84
2023-03-28 04:02:47,True,0.07884,4.59e-05,1633.83,0.075,0x14...fc7c,https://etherscan.io/tx/0x86af5b1b75da05b07a4ae320ff235a106263fdc7e10021bb57b7e62f710bb5d8
2023-03-28 04:00:35,False,0.07837,4.562e-05,583.141,0.0266,0xda...3659,https://etherscan.io/tx/0x806f4b610b7a3f60a2ce2d17b5203e36c8076496ee2711758118d87fea0bfab4
2023-03-28 03:59:11,True,0.07884,4.589e-05,1598.13,0.0733,0x88...e288,https://etherscan.io/tx/0x09865f074d88668dd65a2d47d442f1ed61c7399d933870f3aec697f776cc1fc7
2023-03-28 03:58:11,False,0.07835,4.561e-05,500.0,0.0228,0x14...c685,https://etherscan.io/tx/0x73adaa84c3570b2e57b985e59a68982f81710d488e4aec5af8b1b27276903f5f
2023-03-28 03:56:47,True,0.07882,4.588e-05,1620.11,0.0743,0xb9...5e29,https://etherscan.io/tx/0x142941c36bf49adaee4635943453ac7116c8ed840bcf3b6dd97e2aeb081ca7e7
2023-03-28 03:56:11,True,0.07879,4.587e-05,1068.35,0.049,0xa2...fb83,https://etherscan.io/tx/0x1a6eb6c710b036309e1e9a00c3e0f4ac8ba6593afe41146d5fd96cf2aca172ed
2023-03-28 03:55:35,False,0.07833,4.56e-05,1798.76,0.082,0x1e...d388,https://etherscan.io/tx/0xa798cd1c005c1f248c802b6cc9ddedb1b6399142378b12f24f0727c72e6535ed
2023-03-28 03:55:11,True,0.07879,4.587e-05,2448.12,0.1123,0x7d...034a,https://etherscan.io/tx/0x7bfe6287b4915994ac9eeb137f04a2d853ab3bb92b075e9013640c2b4b98817a
2023-03-28 03:54:47,True,0.07871,4.582e-05,7787.17,0.3568,0xe5...1d08,https://etherscan.io/tx/0xa9c9b121268b85eb6665d5562c7667e4b535c7d97df6a8e1bdf6bb01f8444047
2023-03-28 03:53:11,True,0.07861,4.575e-05,6156.03,0.2816,0x42...cf69,https://etherscan.io/tx/0xdc05788e6e7a859aaa969ea5bd52364f889ed7ffef85bad8315f60ff33b40320
2023-03-28 03:52:47,True,0.0782,4.551e-05,43228.9,1.9677,0x55...1919,https://etherscan.io/tx/0xf7b5b2f2885def3f2b6f61c32bd7d0e7691c447bfc4624c7a03bce9ddcd93f80
2023-03-28 03:51:59,True,0.07787,4.53e-05,1419.28,0.0643,0x35...5a65,https://etherscan.io/tx/0x5333202783ffa7f19f59f683b9c6220a570926e6fd7a763eea1a9f6944aa4946
2023-03-28 03:50:59,True,0.07788,4.529e-05,1029.99,0.0466,0xc5...14e0,https://etherscan.io/tx/0x33cada28fcc28b562bc6874d855dbf52ef0aee0acec456fdc4d939b40cdfaaff
2023-03-28 03:49:47,True,0.07785,4.527e-05,2627.33,0.1189,0x88...e288,https://etherscan.io/tx/0xb2cc7f17018e091870172436d265383f6ddc8c1cd317682d72432c363ae3a9f7
2023-03-28 03:48:59,True,0.0778,4.525e-05,1292.31,0.0584,0x73...ff87,https://etherscan.io/tx/0x3e7e776da3049346bb5c1834818894d526b5096f4358762fc9091936ee13275c
2023-03-28 03:44:59,True,0.07776,4.521e-05,6634.61,0.3,0x2e...f345,https://etherscan.io/tx/0x730e3bd6d8acd8faad190ea087e62b6f2f40fcf239211b55e1bf75757b9519fe
2023-03-28 03:42:11,False,0.07744,4.496e-05,10000.0,0.4496,0xbb...3445,https://etherscan.io/tx/0xd46a6784d47f2a27b18b515e2563ad7b92e92bf38c37ca2e73658aaf0ffd763d
2023-03-28 03:38:59,True,0.07798,4.523e-05,10286.6,0.4652,0xdb...4818,https://etherscan.io/tx/0x4d91c22804060b4d181aeb0e24c99d9a75cdf2730ff1ee5d023beb5e7a193b7f
2023-03-28 03:38:23,False,0.0775,4.498e-05,16047.7,0.7219,0x79...0fa0,https://etherscan.io/tx/0xc494bd8d9b5775bab084cd7a4e866249c9db9e6ca14b3172291c70d15caac4ea
2023-03-28 03:38:23,True,0.07755,4.501e-05,67301.1,3.02954,0xa5...bf62,https://etherscan.io/tx/0xaac2ddb89fb2f266a411d96f78975cd45cfb87386dd7e15af6a8e5d4b278dea1
2023-03-28 03:37:23,True,0.07676,4.466e-05,6400.73,0.2859,0xc1...aa1c,https://etherscan.io/tx/0x09f46ce136111ab4cd7cb6baaa823db9556897798fc3955ce337a9a612b32692
2023-03-28 03:35:11,False,0.07611,4.44e-05,7260.08,0.3223,0xcf...116f,https://etherscan.io/tx/0x669b274b1eafe76c60dc1b81c6ef0c51206d83d7409f841ec3c4ae95bcd12366
2023-03-28 03:34:23,True,0.07657,4.469e-05,2217.85,0.0991,0xf0...40ff,https://etherscan.io/tx/0x243c7dca59021b5b9835133ccc64305f40268c776fb106eccf333598c664e103
2023-03-28 03:33:59,False,0.07608,4.442e-05,1000.0,0.0444,0xa6...322e,https://etherscan.io/tx/0x4ee6392cb89008a5454aa3e08a6250affe42987d1c7a47b25b6a40f518b128a3
2023-03-28 03:33:23,True,0.07651,4.467e-05,3710.71,0.1657,0x5e...7ed0,https://etherscan.io/tx/0x85561718957bbb2e7aff4b929e46a832401a3094e56c0802d7869d98af9ee657
2023-03-28 03:32:47,True,0.07643,4.462e-05,6600.0,0.2945,0xd9...e2ad,https://etherscan.io/tx/0x8116e58afed9bc908dca890cf9ff002397e9a5e7372613b1d3d65efaa8771b32
2023-03-28 03:31:59,True,0.07631,4.458e-05,2223.23,0.0991,0xac...1cb8,https://etherscan.io/tx/0x98ea46dbdc48287440c9de5387b3cd766c07e7b32b8838c1bac5dcaffe07ec4c
2023-03-28 03:31:11,False,0.07607,4.444e-05,29520.0,1.31205,0xcf...116f,https://etherscan.io/tx/0x2a933a58c0b195168ed41acff62d0d693c27b705ff05898f87a86096f16b9d03
2023-03-28 03:30:59,False,0.07639,4.463e-05,10531.9,0.47,0x86...257b,https://etherscan.io/tx/0x4bf2fb76934a703b9d1acb698560738bf2b6b93eab8ad8af002d48b645cb06cf
2023-03-28 03:30:11,True,0.07691,4.495e-05,166.587,0.0074,0x4d...b11d,https://etherscan.io/tx/0xb20c71d59046ed90146917a364b1e73e1bc848a8e8622b07245e3aa9df034022
2023-03-28 03:23:11,True,0.07671,4.494e-05,533.955,0.024,0xe2...206b,https://etherscan.io/tx/0x41bdb40db0802d6d2e987966eb9c4b6871a98c3b0452cbff33234a3d0590c76d
2023-03-28 03:21:35,True,0.07674,4.493e-05,1654.39,0.0743,0xe7...a684,https://etherscan.io/tx/0xbbb8af9f7aa9c058a1a83f5c29e6e13cb5e8e8b188dd4d20952edfb6595b6479
2023-03-28 03:19:35,True,0.07672,4.492e-05,1736.37,0.078,0x4b...e85f,https://etherscan.io/tx/0x24a9a97b1689b32b91dc92b9d31a1069b7a59502464cedb17d9f4bd9cbf3219e
2023-03-28 03:19:11,True,0.07665,4.488e-05,6625.76,0.2973,0x9c...55c2,https://etherscan.io/tx/0xacb43c13a9a2ae9c1a7b06fb9de37530ada33ba45314f38d1ff4fb467197c309
2023-03-28 03:17:59,True,0.07655,4.485e-05,129.482,0.0058,0x84...d8ae,https://etherscan.io/tx/0xa47ceefcb9373a37be5efceedea455ff709dc338fbc33332fc32c34a4badfc46
2023-03-28 03:00:11,True,0.07654,4.482e-05,6081.91,0.2725,0x52...ef6e,https://etherscan.io/tx/0xb0824d825a250bf0a4cae4ed5bc919d88bbe894c2e62d599b60fcdc066d38af9
2023-03-28 02:57:11,True,0.07654,4.478e-05,846.672,0.0379,0x42...cf69,https://etherscan.io/tx/0x38498aad7951b35563b1b6b51c25f68a2c1197f8bca9be2628401701dd803cae
2023-03-28 02:56:47,True,0.07647,4.475e-05,6836.63,0.3059,0x3d...dd56,https://etherscan.io/tx/0x5c8c18b01e1a391a81e2bb3f4a5f6751a75e7861fb15c04fa099ccb01156d617
2023-03-28 02:55:23,True,0.07633,4.469e-05,4879.02,0.218,0x4b...880d,https://etherscan.io/tx/0xf97281c9fc46febdb345242cf8363a42d1a5c3c63d44618a20925ae562826a00
2023-03-28 02:53:11,False,0.07616,4.45e-05,21318.0,0.9487,0x20...4c84,https://etherscan.io/tx/0x3c8916c52387264ea9fe877137ed936c25c8a6bb18fdd8726a2510f3e3702f2d
2023-03-28 02:45:23,True,0.07682,4.483e-05,7653.5,0.3431,0x6f...62d5,https://etherscan.io/tx/0x729a3e59bcba369cb4b17c70ca7098df1aef9ebca913f0c2a51e341af8633879
2023-03-28 02:42:35,True,0.07674,4.479e-05,1549.03,0.0693,0xbd...73b2,https://etherscan.io/tx/0x5881a78bfdd29b4e3ea5d791aeb365c67ffb691a2c0a3e5ebc87bd75d68eb8e7
2023-03-28 02:38:47,True,0.0766,4.477e-05,1670.63,0.0748,0x02...78c8,https://etherscan.io/tx/0x671dc094e994ff1c2827d1e8941bb96609cae72d86c9c26ad8cbed63fdffc290
2023-03-28 02:36:35,True,0.07636,4.464e-05,26332.5,1.17568,0x00...0906,https://etherscan.io/tx/0x225b229f37e4d9fbb0595adb48c0f3c18426aa74b4474546dc5103c12aa94069
2023-03-28 02:36:35,False,0.07595,4.44e-05,32398.7,1.43877,0x7b...3cf1,https://etherscan.io/tx/0x8f1c9d73232834c8da0589e6376852e036117c4c730f7d966bd19f6a17596ef7
2023-03-28 02:36:23,True,0.07665,4.481e-05,3344.07,0.1498,0xd7...a3b2,https://etherscan.io/tx/0xaacca6f76009baa2b31ec6cd2691c244c4b53b1f0ffeec5e6547ea66c8706c0b
2023-03-28 02:36:11,False,0.07673,4.484e-05,68250.0,3.06095,0xa5...bf62,https://etherscan.io/tx/0x37b89d3ba53e06ce7bb7edbbbf797dfca6d9e679ff0c94bb2dafc077dd082761
2023-03-28 02:35:11,True,0.07759,4.532e-05,25653.0,1.16262,0x3a...08c2,https://etherscan.io/tx/0xc0d22202038bd8daec5a8d0e1a8ee69860884d99b8b18d6b672ea45f730980b6
2023-03-28 02:34:35,False,0.07703,4.497e-05,9539.31,0.429,0xda...cced,https://etherscan.io/tx/0x1122011f51b3028ba6c9c61475165bd74c0e0a949331c1f21a11c190356db719
2023-03-28 02:33:35,True,0.07765,4.528e-05,356.773,0.0161,0x8d...bace,https://etherscan.io/tx/0x5ea8ff87fb7e6397d8ca614dc99bd06f392344dc5101957cf9406f33d9735af8
2023-03-28 02:32:47,True,0.07762,4.527e-05,2452.18,0.111,0x92...b39b,https://etherscan.io/tx/0xb64af9e72ef9ce908ea4a9a413b022b69800b3f42231a8722d0a1e3cfe1f0610
2023-03-28 02:31:35,True,0.07757,4.524e-05,3859.44,0.1746,0x24...7902,https://etherscan.io/tx/0xdd27b2a23d3032f725324117742ec699c85c48a9b934f62e5f307c833f80e09a
2023-03-28 02:27:23,False,0.07706,4.495e-05,636.771,0.0286,0x96...02a0,https://etherscan.io/tx/0x346197bcf5a646c8925f5a7afc8c62cba965b175f5c058d75528173feeeb1f9e
2023-03-28 02:27:11,True,0.0775,4.521e-05,3507.71,0.1586,0xa3...86f8,https://etherscan.io/tx/0x4c5318201bf6940c5643a2e7d6845555a22a3c79b7d583609bb7d5b65ca0b9eb
2023-03-28 02:25:35,False,0.07726,4.507e-05,31620.0,1.42535,0xc6...fed0,https://etherscan.io/tx/0x48304af98e978d1515b796251617deed9affb741c058fd5a1e1b22499aec5216
2023-03-28 02:22:59,True,0.07794,4.547e-05,5667.61,0.2577,0xf0...5fe0,https://etherscan.io/tx/0x8c6a62774f3d71ad7eb3404e51d8dd0099bff7b7b4504c431da711903b198d1d
2023-03-28 02:10:11,True,0.07791,4.544e-05,1003.44,0.0456,0x1e...e000,https://etherscan.io/tx/0xf1c43e3d11791f24563d889902684b1cdb99bf0ce93491417b81a505fdf5cf62
2023-03-28 02:07:59,True,0.07779,4.537e-05,13223.8,0.6,0xb7...91c9,https://etherscan.io/tx/0xf13ed517cfdfaf2b141ae9e59207f6f941875f94f524f92f4c9a8e7f2f57a150
2023-03-28 02:07:47,True,0.07759,4.525e-05,10732.1,0.4857,0x29...ba6e,https://etherscan.io/tx/0x0415af8cfad04e301f9aba1e1905e4dcb068b4a2f5a92e8f0e13e9467a9e569a
2023-03-28 02:05:47,True,0.07347,4.283e-05,523588.0,22.4266,0x49...2563,https://etherscan.io/tx/0x1a3b813d9fb6c827a9114b4918c49f8a285ed0427f6e46d609bfde1c8d2422a4
2023-03-28 02:05:47,False,0.0698,4.069e-05,85000.0,3.45884,0x9c...b8db,https://etherscan.io/tx/0xf8f8339be5308a38ab725d5c055dbb42e91f40c9e813d40cf358347eaa72fcc5
2023-03-28 02:05:47,False,0.07428,4.33e-05,517907.0,22.4266,0x49...2563,https://etherscan.io/tx/0x6e752c579c1361089da99804f903465e1d5823e20695a83f1f05d631800c5f25
2023-03-28 02:04:11,True,0.07881,4.594e-05,3236.45,0.1486,0x48...d386,https://etherscan.io/tx/0xe72db221e8c7acaa398e9e3ffc29469f2a2b7ce55272c86c2ac6e38736658a26
2023-03-28 01:54:11,True,0.07875,4.59e-05,4221.55,0.1937,0x38...c5a0,https://etherscan.io/tx/0x5f2e22c07bb35fe75cc81686b8927eb46aaf3719f446afc539bd1809aac3761e
2023-03-28 01:48:23,True,0.07861,4.588e-05,998.767,0.0458,0x28...abb1,https://etherscan.io/tx/0x6f85ca11a7c899b453d7247be0783b209ca9cc803a132bef5d639d18499b8e24
2023-03-28 01:42:47,False,0.07827,4.566e-05,12423.9,0.5672,0xc9...27b6,https://etherscan.io/tx/0x7e97f5d6bf2e21c16a4c4a4764933f7502f971dfd35c773f855d3fe17de50ec2
2023-03-28 01:38:35,True,0.07882,4.598e-05,1465.68,0.0674,0xf2...6a67,https://etherscan.io/tx/0xced64405bb42e985903d64414cefdf56b1bfd59e7cd838ad5ae3c5a5ac8ab043
2023-03-28 01:37:35,False,0.07838,4.57e-05,337.36,0.0154,0x5a...993f,https://etherscan.io/tx/0xa756c9837237d753fd710ca2c5344019353da3f774c89aedd29e9a4a41231c4f
2023-03-28 01:35:59,True,0.07877,4.597e-05,1761.03,0.0809,0x7e...3209,https://etherscan.io/tx/0xc9ca50291a45f64ade3387d64b3c437034daab9d6d2e1d47beb2b7e554e1473a
2023-03-28 01:31:47,True,0.07864,4.59e-05,13725.4,0.63,0x81...3718,https://etherscan.io/tx/0xbb2769e5fd79083e4fff8fc610e35d3bcca8a8287cac23492348eaf88b2a60b8
2023-03-28 01:31:23,True,0.07849,4.581e-05,4327.45,0.1982,0xc8...0fb7,https://etherscan.io/tx/0xb414a907a4901d288d109492466fb02b8f33f738867750eacf22cae10cbe9522
2023-03-28 01:24:11,False,0.0781,4.561e-05,20000.0,0.9122,0xe6...faad,https://etherscan.io/tx/0xc734e2ca619331dac6a2005e388297275ba798732c654657a971fb8e0dfa48fd
2023-03-28 01:23:11,False,0.07829,4.573e-05,5000.0,0.2286,0xeb...a3e6,https://etherscan.io/tx/0x15ae6ec0f7c9c08dca759ea73e2969021308362b3d538ae68ca5a1988a840c44
2023-03-28 01:21:59,True,0.07867,4.594e-05,17483.8,0.8033,0x8f...9c9f,https://etherscan.io/tx/0x2aa750156edd4a85059fe1d8b89e7718f7341f91dfa8192afc7e1b0a68318fbd
2023-03-28 01:20:47,False,0.07815,4.563e-05,10000.1,0.4563,0xb2...6cc6,https://etherscan.io/tx/0x2b3c7ebedcb096c1f2de3852f96e9b568c14d6174a7729572cf852672f907c8b
2023-03-28 01:20:11,False,0.07827,4.57e-05,4779.92,0.2184,0xae...d6a7,https://etherscan.io/tx/0xba5f408575a144f8fd149e568f6211fc2d27cb2902d77e56e698b728704929bb
2023-03-28 01:19:47,True,0.07877,4.6e-05,1133.41,0.0521,0x95...6772,https://etherscan.io/tx/0x9f044af9795b95da815ee1a4fff1ccb8c11c14223b1330d80e50660c19c08b19
2023-03-28 01:14:47,True,0.07873,4.599e-05,377.146,0.0173,0x95...b08c,https://etherscan.io/tx/0x9cdc291ef946cef813507de95777469348a0b7492b2c737fbedb6368c5c61d38
2023-03-28 01:11:47,True,0.07862,4.598e-05,1522.21,0.07,0x9f...5be9,https://etherscan.io/tx/0xfd2813ed896bde30b3c600f20af09660f28941b7e6bae1a47dbfbbdf69891b24
2023-03-28 01:05:23,True,0.0784,4.59e-05,15115.7,0.6938,0x17...e277,https://etherscan.io/tx/0xc1890faed7def85d0ff8763f28a6ff4ee8aff27e208ace19cd14541d3c33a454
2023-03-28 01:04:35,False,0.07808,4.571e-05,33241.7,1.51972,0xa2...fb83,https://etherscan.io/tx/0x0856f312ec9b4dbca37ff489f06a05f4bac3988e5e3d2ea2136c0a7fb9f81c03
2023-03-28 01:01:47,True,0.07887,4.615e-05,429.523,0.0198,0x59...f9d3,https://etherscan.io/tx/0xfa8052f141fc5602ea252dc275fc5485dadd3092df990717557ad2091ca0f659
2023-03-28 01:01:23,True,0.07889,4.614e-05,1005.24,0.0463,0xeb...e539,https://etherscan.io/tx/0x65e263b112cfcede0829d6a7d581173ae39969030a17aee2fec54e701e9e9441
2023-03-28 01:01:11,False,0.07871,4.605e-05,37156.5,1.71105,0x55...1919,https://etherscan.io/tx/0xe568d265c57db0650667f0aec09d76112589e7eec3c47f345ace58a8d041a5f6
2023-03-28 00:54:47,True,0.07952,4.65e-05,490.204,0.0228,0x53...ea75,https://etherscan.io/tx/0x921db1eec2cbf83d40619aaabcab339e3d2ddef54180ef30aec680b86e07eed3
2023-03-28 00:54:11,False,0.07908,4.625e-05,5000.0,0.2312,0x16...134c,https://etherscan.io/tx/0xf6f53b4352c215d597d7c3da339a5bfd0d719324525416034f8dc93a963ed92a
2023-03-28 00:53:35,False,0.07963,4.657e-05,59475.0,2.76998,0xb2...9edc,https://etherscan.io/tx/0xab0c20c485c57ab37e9b2fb081c7d1f46eed433dfbc6cdeb0519f0507b4e3506
2023-03-28 00:50:47,True,0.08061,4.714e-05,1282.49,0.0604,0xdf...0e47,https://etherscan.io/tx/0x7eead40d4f8ac971d46a41f64daa59c14359aa6e13e282fea34c3a283b99b17c
2023-03-28 00:48:35,True,0.08055,4.713e-05,1375.55,0.0648,0x05...b4d6,https://etherscan.io/tx/0x3dd49386a67fe1783b6b1d4e5429b916bb6a33c8945dc87a8423804832b4c989
2023-03-28 00:45:47,True,0.08042,4.704e-05,16224.3,0.7632,0xa6...e407,https://etherscan.io/tx/0x5f719900d69e37a35e8fc7747ab79f15a4144b47b8071582d5f480160cb05305
2023-03-28 00:43:11,False,0.07995,4.677e-05,17867.5,0.8356,0xbf...9a66,https://etherscan.io/tx/0x6b22824a32f034f8d8e4259f5d0fde0b1b62ce4214808e1fdb22326e2cc9c406
2023-03-28 00:32:47,False,0.08022,4.687e-05,2857.4,0.1339,0xea...248d,https://etherscan.io/tx/0xaa2720c9649f6c6358ae981aa41a22ba6793d9e34928da800f38119e5fbd4025
2023-03-28 00:31:35,True,0.08068,4.716e-05,819.596,0.0386,0xa7...20f9,https://etherscan.io/tx/0xa2aa3a5902eb15449af0a531b036999b19342ae0ca927db5031fefab4d643d2e
2023-03-28 00:29:59,True,0.08065,4.715e-05,859.294,0.0405,0xe4...c684,https://etherscan.io/tx/0xe93a0c752cff2b927610853ab81a8a47ba09e1a3c7ac903273511c8392d99083
2023-03-28 00:27:47,True,0.08064,4.715e-05,1051.17,0.0495,0xd3...1313,https://etherscan.io/tx/0x30d129ffc6bdc6dc8a6325b878d7c9d6202ca33d3d51a7160f2c061ff0f2ab1d
2023-03-28 00:27:47,True,0.08062,4.714e-05,445.461,0.021,0x2e...f345,https://etherscan.io/tx/0x7cfda1ec71d61fb38669526002e158bc8ea5a5b660a54737cdf377fa64000b7f
2023-03-28 00:24:23,True,0.08066,4.713e-05,1261.84,0.0594,0xf3...b83e,https://etherscan.io/tx/0x7c209e481c226848b5e4b6f1d56b79a034eeb80b0a61d29ad1986679394948d0
2023-03-28 00:20:11,False,0.08019,4.686e-05,4500.0,0.2109,0xea...248d,https://etherscan.io/tx/0x15ef28affd3033762c3262d260f539aba1db67ab113b4714b83b6d8d82045fe7
2023-03-28 00:19:23,False,0.08031,4.69e-05,3150.0,0.1477,0xea...248d,https://etherscan.io/tx/0x11b9bd6324572591bb3177756f3d72a8cefaf28d380754e07e2289696a04ddf3
2023-03-28 00:18:59,True,0.0808,4.719e-05,2331.47,0.11,0x43...35a6,https://etherscan.io/tx/0xa6afbda8da9aab26bf72fbfdf89c8741e260a93ce113e52c4124e81ba3f92736
2023-03-28 00:15:59,True,0.08078,4.715e-05,5886.42,0.2775,0xf9...7b72,https://etherscan.io/tx/0x4c4aac7b9900e7559243fa69ebd07b56d2ad4c750703a2f466e7719dd694fd5b
2023-03-28 00:14:59,True,0.08069,4.71e-05,4209.17,0.1982,0x65...0f09,https://etherscan.io/tx/0xb307441495464db136cc5882b4f30c8771f056a6957352c1a2b87f78bcbd82a7
2023-03-28 00:12:23,True,0.08063,4.704e-05,6303.75,0.2965,0xc5...6c2d,https://etherscan.io/tx/0x661d77efd43a159a605002f371ad7716ba39d73eee256fed700eed99c7e824e1
2023-03-28 00:09:23,True,0.0804,4.699e-05,4851.87,0.2279,0xcd...6afa,https://etherscan.io/tx/0xb3684ba651865399260c97413ac3f7f86a2c27df689a2ff2151075dc5e81f7f4
2023-03-28 00:09:11,True,0.08025,4.69e-05,12472.8,0.585,0xc0...f9e3,https://etherscan.io/tx/0x741ac21e01dab7a60513ed4638266f3df22a1655ced40c8171eb03e4fd337e79
2023-03-28 00:08:59,True,0.08014,4.683e-05,640.534,0.03,0x62...9dbe,https://etherscan.io/tx/0x7f914ade771687a572b0cbd2efbe4e2612c568497d3c003046bba9fd05f0d446
2023-03-28 00:08:59,True,0.08004,4.678e-05,10382.8,0.4857,0xb5...cb2a,https://etherscan.io/tx/0x87bb7f3e5fd773238f915990db8ffea8151ffca2d10d06f2b0cd2b0ca1946059
2023-03-28 00:08:23,True,0.07994,4.672e-05,1697.36,0.0793,0xe7...c463,https://etherscan.io/tx/0x87deabac013c2a8342ea05059a05d257b36a1343b5839b8e0161464217c7e27a
2023-03-28 00:06:23,False,0.07966,4.655e-05,24781.3,1.15369,0xc0...e023,https://etherscan.io/tx/0x304cb617b0992b7648febde9df877b052f674722380c4677841350a69d591a99
2023-03-28 00:05:47,True,0.08033,4.694e-05,2172.56,0.102,0x65...6b7f,https://etherscan.io/tx/0x74d6c1b66f785c991b74e48979aa9caae94ab5b71cebffea221e3613067ff47b
2023-03-28 00:03:47,True,0.08035,4.692e-05,1987.17,0.0932,0x06...1b09,https://etherscan.io/tx/0x87f03e57b64b103775c8b321e829320e4e77efebc298a5123dca3ad4ce8b89cd
2023-03-28 00:02:35,True,0.0803,4.689e-05,3724.27,0.1746,0x42...cf69,https://etherscan.io/tx/0x87aa49f4b6f24825ab9cd187282215333a23771a00bb8ff8175b444da4cd926d
2023-03-28 00:02:23,True,0.08021,4.684e-05,7258.16,0.34,0xaf...ec10,https://etherscan.io/tx/0x9e450e9067055f6a46f162aa938e70d4ad9e6843cb03d21d400d0f4e7c2cd0e2
2023-03-28 00:02:11,True,0.08011,4.678e-05,3707.5,0.1734,0x82...ee0a,https://etherscan.io/tx/0x4d1ac6b91be3b85e26d54b8b4376fe4e889d1b23be551513ebf6d55b4d3fa0c1
2023-03-28 00:00:47,False,0.07964,4.651e-05,4000.0,0.186,0x1b...ea67,https://etherscan.io/tx/0xa6dfab03973fe7f7393597c005d68983bff347d3034125c007ebd63a3d52bf77
2023-03-27 23:59:35,True,0.08014,4.68e-05,1281.95,0.06,0x0c...4267,https://etherscan.io/tx/0xee0008278c231b5ed7716263d21f1e4ef50b887a558d41e17e0420339e5e3b4c
2023-03-27 23:57:11,True,0.0799,4.672e-05,14822.8,0.6925,0xf3...09dc,https://etherscan.io/tx/0x3ae4ac7e2876b60a125dbc96e5c353e0be2fb96dbe5a846938acba9037c69138
2023-03-27 23:54:59,False,0.07935,4.64e-05,6200.0,0.2876,0x04...45c6,https://etherscan.io/tx/0xe092aa4ca86dcabdce3f2987ea781e6ec69bd66fca92c6d5b4d50a42ab913cb2
2023-03-27 23:54:35,False,0.07943,4.645e-05,4000.0,0.1858,0x24...0161,https://etherscan.io/tx/0xf7206695f44da48fdc8b06c950e224f4b06ad6020fa2eb6b8a36ece7139d5272
2023-03-27 23:49:47,True,0.07977,4.665e-05,18246.5,0.8513,0x55...1919,https://etherscan.io/tx/0x10fecda12ebeb3d3139b5d17c6e0a3b288e412888b6229c7071e1be04653f9d7
2023-03-27 23:48:47,True,0.07954,4.652e-05,8597.61,0.4,0x9e...1c73,https://etherscan.io/tx/0x25993c8668a90a941694ea1709b2ace306c8d262be0f54448111477325c582b5
2023-03-27 23:47:11,True,0.07947,4.648e-05,344.653,0.016,0x2c...2492,https://etherscan.io/tx/0xc0eec5c1a865f1273ae1db69a4a7ed07cf3c5030e77185ac573247c77e266c3d
2023-03-27 23:44:47,False,0.07908,4.624e-05,9826.56,0.4544,0xf7...55c8,https://etherscan.io/tx/0xf0cfff50f5e7995281883bab0bf11406894568f8375a1b8babec093b261e730d
2023-03-27 23:42:11,True,0.07954,4.656e-05,2128.73,0.0991,0x3c...f511,https://etherscan.io/tx/0xdc2c483dec7a066abe5e59f0e124f757d228a4396e40775bb8724c389301d663
2023-03-27 23:40:47,True,0.07964,4.655e-05,638.807,0.0297,0x17...db0f,https://etherscan.io/tx/0x394ba9c1c0121c9fff97707875384a38a4fc34e390a5a727126533478e71d28a
2023-03-27 23:40:11,False,0.07918,4.627e-05,1139.0,0.0527,0xe2...9836,https://etherscan.io/tx/0xf281a38a5c920027fb55e602c68bae7745259918525fd119a965fafc47fe9ded
2023-03-27 23:38:35,True,0.07958,4.654e-05,2981.53,0.1387,0x89...a398,https://etherscan.io/tx/0x599f9871169eb3a13e6021cf73802e06350bc73d66bced85056cc89311012b0b
2023-03-27 23:34:47,True,0.07953,4.652e-05,1147.86,0.0534,0xfc...11c1,https://etherscan.io/tx/0xdcb2eaa477e4a7b3f04622b4d77b9d30aba92253a1be93fce78e984f565294ce
2023-03-27 23:33:35,True,0.07934,4.641e-05,21135.5,0.9809,0x58...33ab,https://etherscan.io/tx/0xbf77d345dda2d1fd4879e2c83676582b4e69b088813b887604fe862e7e794fb6
2023-03-27 23:33:35,True,0.07914,4.629e-05,1943.9,0.09,0xc6...fed0,https://etherscan.io/tx/0x7b2bf1bc2fde01e81b8f463b94d9bdf3b24ad806650ebf6224b895591b4070aa
2023-03-27 23:32:11,True,0.07912,4.628e-05,625.277,0.0289,0x05...3609,https://etherscan.io/tx/0x79acdbf34d28dc2824aff76c19fbd62d71ed539533c538e2b9a8dec01f7b7476
2023-03-27 23:29:59,True,0.07913,4.627e-05,1512.68,0.07,0x82...2536,https://etherscan.io/tx/0xebff8e4f7d47e8e9c43eef47740741b1612cd8ed070f64c133ece245f0bb6f43
2023-03-27 23:27:35,True,0.07915,4.624e-05,4050.92,0.1873,0xdf...c4c7,https://etherscan.io/tx/0x553999a44c28e7bdc17093d6f63625d35604810965b2ebbc3f86b66b31944a4f
2023-03-27 23:27:35,False,0.07868,4.597e-05,5000.0,0.2298,0x1c...4bab,https://etherscan.io/tx/0xb5524cc7006b7edaa60d8099e21415c49a0b30d5a19c3949883e5a105b99ae67
2023-03-27 23:25:35,False,0.07877,4.602e-05,5000.0,0.2301,0x60...921b,https://etherscan.io/tx/0x94f97fa027a3db81cc6a703560c3353495602ae6f403152c620c4b0d7b38297f
2023-03-27 23:25:35,True,0.07923,4.629e-05,6256.61,0.2896,0xd3...408a,https://etherscan.io/tx/0x320a84a3f2b695ad12552dd7e53a18a2feb6c90abaff7f000378a3cc1fad2eef
2023-03-27 23:24:11,True,0.0791,4.626e-05,475.845,0.022,0xd2...a2da,https://etherscan.io/tx/0xfcb095f77164918bc1c39880504e0618a51ac98202a31b9565d5d9fa3b923818
2023-03-27 23:22:23,True,0.07895,4.619e-05,12335.8,0.5699,0xc3...9a96,https://etherscan.io/tx/0x0e97c5f57a416fc4f3fc2d85d3da16af63774d32a3d16694e0fac3edf276c91f
2023-03-27 23:21:47,True,0.07991,4.675e-05,41313.0,1.93144,0x55...1919,https://etherscan.io/tx/0xb2ce4d567cdbc4de1f16242ae23565b7ec898a123794a712064f97c7d5d1091c
2023-03-27 23:19:11,True,0.07815,4.573e-05,301.517,0.0137,0xf8...70cb,https://etherscan.io/tx/0xca3bed885ea490d400d7881000950f4e85e0bc6b53d74588eb15f44f82715de2
2023-03-27 23:18:47,True,0.0781,4.569e-05,6317.06,0.2886,0x54...b724,https://etherscan.io/tx/0x725070aca3f88b9760ae66b0aeb09a999a5c8202caa60240ff501db5c3e29c8f
2023-03-27 23:17:11,True,0.07804,4.566e-05,343.496,0.0156,0xee...8509,https://etherscan.io/tx/0x52a310582ba0c4375a11d0af951301a243ae2ec719a8931eadf510e80a05e927
2023-03-27 23:15:47,True,0.07813,4.565e-05,1411.21,0.0644,0x1c...a1f7,https://etherscan.io/tx/0x9b67b70ed864bd0a289924602fcba53626ca764089ff2fecb0fd863d7b738a5a
2023-03-27 23:14:47,True,0.07816,4.564e-05,1085.84,0.0495,0x9b...4f49,https://etherscan.io/tx/0x214dff6e6ac4cd38bfbc5e047886bf91b88e6bff64b09b7f17f5253ecfedfdb0
2023-03-27 23:12:23,False,0.07788,4.543e-05,14668.0,0.6664,0x76...7d5e,https://etherscan.io/tx/0x3900ea6e0e72269c459b22921c3fb06933f2dd9b34f029de54eb7980f1b3f825
2023-03-27 23:10:35,True,0.07853,4.577e-05,1514.9,0.0693,0xf4...2665,https://etherscan.io/tx/0x8b1daf859233e49fecc48f02b41a26ef2219da3c8211b55f091d061c99467380
2023-03-27 23:08:35,True,0.07831,4.576e-05,649.809,0.0297,0x06...aca3,https://etherscan.io/tx/0x160e9a1cf7256195969d24b50878142eec2352e68d5596172a52c021245d1d66
2023-03-27 23:04:47,False,0.07766,4.55e-05,4000.0,0.182,0xbd...2bea,https://etherscan.io/tx/0x54d5c524eb6fd8c77146d901007f75833ba7cf2d19cb7b7af345df592e4643e2
2023-03-27 23:04:23,True,0.07815,4.579e-05,497.825,0.0228,0x30...2121,https://etherscan.io/tx/0x089361dfa354d5d37d8cb37fbf8cae4759a6d243e7bd5ac7f007dc3376d8a916
2023-03-27 23:03:47,True,0.07813,4.578e-05,2289.9,0.1048,0xeb...c550,https://etherscan.io/tx/0xae3b956353ed79650439375cfb1956ffdf0eac275e969df3a2e203a88359ea33
2023-03-27 23:03:23,False,0.07822,4.583e-05,70020.0,3.20963,0x23...955c,https://etherscan.io/tx/0x87b8d960884d82d68f8290604308f961c70118c1a16cc9e475de5368a30e0454
2023-03-27 23:02:59,True,0.07919,4.64e-05,10894.0,0.5055,0x95...bcc9,https://etherscan.io/tx/0x2d9e3e515c4cc639373c890d252b427b9d705d22a4232ac507697da23ccd6b8f
2023-03-27 22:58:35,True,0.07908,4.634e-05,1064.89,0.0493,0x84...d837,https://etherscan.io/tx/0x8e38a8cccfc8179b9d3fb25318aefbe01345c0da8276f5706158055cb0252393
2023-03-27 22:56:35,False,0.07854,4.608e-05,4000.0,0.1843,0xbb...8677,https://etherscan.io/tx/0xe0661ccd44404604c68f14ab9c89fbec68855d6005e14ca7f7806aaecba4cc48
2023-03-27 22:55:47,True,0.07902,4.636e-05,2529.19,0.1172,0x78...3b76,https://etherscan.io/tx/0x9819a181405e126c4f9783a972d430f4e1ebecea1f5c92c05d45da81d7a1a79a
2023-03-27 22:55:11,True,0.07896,4.634e-05,2994.69,0.1387,0x85...290a,https://etherscan.io/tx/0xcae7a04d1209bf033595b97d67ec13c2db8271ee2a9bfb7c10f0e321a2537c0f
2023-03-27 22:55:11,False,0.07846,4.605e-05,413.424,0.019,0xc7...b61e,https://etherscan.io/tx/0xac7120b2647a5fe1cdb7ad4645b258d7d028c44c77b214ae5caa82f8d032892b
2023-03-27 22:53:23,True,0.07892,4.63e-05,4885.61,0.2262,0x13...103d,https://etherscan.io/tx/0x408f5ff732abbf4ed08d3674d90e68bf414180b89057d4d1cbc1861005bbff1b
2023-03-27 22:52:47,True,0.07884,4.625e-05,4499.95,0.2081,0x05...5d3a,https://etherscan.io/tx/0x188873df06f460d82820483c0032826570f39433390b7abccce5c9ee3c6fbd8c
2023-03-27 22:50:47,False,0.07837,4.596e-05,2000.0,0.0919,0xbb...8677,https://etherscan.io/tx/0xebc15531c8469a7d05b9a667a22b89e0209f37276ad4d70a30f0f676d9cdd914
2023-03-27 22:49:47,False,0.07838,4.598e-05,2000.0,0.0919,0x18...d211,https://etherscan.io/tx/0xcd612cd8eb62611da65e200f08ba6772a1c7fbb01562dd9494c077a366ce6b9e
2023-03-27 22:49:11,True,0.07884,4.625e-05,3794.55,0.1755,0x2e...f345,https://etherscan.io/tx/0x34d6041f231860a66062ae661c758ae08b41fa62694498d99fca6e95aad1712c
2023-03-27 22:48:23,True,0.07881,4.623e-05,1265.0,0.0584,0x6e...320b,https://etherscan.io/tx/0xda02dd4f8f85b5f310e41631d150a74f474ea5e4c53baee8a75df566ba3270a0
2023-03-27 22:47:59,True,0.07879,4.622e-05,1286.79,0.0594,0xd5...5a81,https://etherscan.io/tx/0xcea2c1730d74158d5c4e9764e635fc335495307efcf4f5510a5df955565f44a1
2023-03-27 22:47:35,True,0.07876,4.62e-05,1780.64,0.0822,0xf6...bb16,https://etherscan.io/tx/0xae6d1ab77fc6fc1cf72cf3f6859c7b51192bb3bbeb69e6852648204dce4c7821
2023-03-27 22:45:35,True,0.07868,4.615e-05,7516.21,0.3469,0x7d...bd56,https://etherscan.io/tx/0xc5458c92926a6f2141707764168d9fdeecd189ea2d8f828919ffd99fbbf81b69
2023-03-27 22:45:23,False,0.07828,4.592e-05,16430.6,0.7545,0x76...7d5e,https://etherscan.io/tx/0x2a6ef728463a39364613fb8c6a8f60f7e8a276d5418163c84d18d8fc53e7c0bc
2023-03-27 22:45:23,True,0.0788,4.623e-05,10815.5,0.5,0x35...1765,https://etherscan.io/tx/0xdf5db1e14459f22ccd58c57f3a596f00cc91ddd1a66a0d4c572374ec2406025f
2023-03-27 22:45:11,True,0.07992,4.688e-05,46510.4,2.18075,0xda...939d,https://etherscan.io/tx/0x8f282ec4acbc571dd25fb02b26146a57bc8665b584a1f8df3136039d42792c5a
2023-03-27 22:43:47,True,0.07799,4.571e-05,1000.0,0.0457,0x3b...7814,https://etherscan.io/tx/0x0d993811f8b74458fd574794c0717d4dbd42ce81f1588fe0ba05cf846b6f0439
2023-03-27 22:43:35,True,0.07798,4.57e-05,216.869,0.0099,0xda...939d,https://etherscan.io/tx/0x676ef21e1b3173e12bd1b3e9733182e13f2e18d6e989591f84d67c210c27943e
2023-03-27 22:42:35,True,0.07795,4.569e-05,2603.21,0.1189,0x81...3a53,https://etherscan.io/tx/0xd35507fa741fd027c873134473e1a74e383422da7a86d9edec238174dbff2066
2023-03-27 22:41:47,True,0.07787,4.564e-05,6571.89,0.3,0x1d...6b49,https://etherscan.io/tx/0x1815368cccf01423ac1d66a4f527a7b2b18cdbe854a4ea87d627b9f9a51dafb4
2023-03-27 22:41:23,True,0.07777,4.559e-05,4674.22,0.2131,0xd5...f537,https://etherscan.io/tx/0xde62f5eca87f4f107ac203197f1837cba0fa16b8067d1c280a04f75c6c1e9d3b
2023-03-27 22:39:59,True,0.07773,4.556e-05,1908.43,0.0869,0x1f...2280,https://etherscan.io/tx/0x78b94870225d503a745629f646662edaa1eb38b824dde257357218531cb2bf40
2023-03-27 22:38:35,False,0.07727,4.529e-05,3451.0,0.1563,0x6a...b707,https://etherscan.io/tx/0x22923049dd4a5ddeea4ce605efbe95afe3324b89622965cf91eab6b7e706c7c3
2023-03-27 22:34:11,True,0.07782,4.557e-05,2544.77,0.1159,0x8d...1217,https://etherscan.io/tx/0xf0e267d07a7de6a9aa43a1aabc90e42c4b2c2997a706b8a8e0c2d99f49ef3c21
2023-03-27 22:27:35,True,0.07765,4.555e-05,981.173,0.0447,0x98...02dc,https://etherscan.io/tx/0x9d143252df295b1fdb618e604b9da273be78546b67e07d71e48d9c8eea4daf7c
2023-03-27 22:26:47,True,0.07763,4.554e-05,2176.56,0.0991,0x99...b4ca,https://etherscan.io/tx/0xa7e21f0c919dddd48197714ccb3aac5204fc002a995b4d71f45172d55cc3df5c
2023-03-27 22:26:35,True,0.07758,4.551e-05,4356.14,0.1982,0x39...3a88,https://etherscan.io/tx/0x6e6485f9ae29a51c598c74f886428c109c5eb46822556c8bbf72cfdfae71e51f
2023-03-27 22:25:59,True,0.07752,4.547e-05,2179.58,0.0991,0x89...a4a0,https://etherscan.io/tx/0x9918e0d2067b45be997649cf48e1dcddbb78b09918a2477beb919710b8a24b65
2023-03-27 22:24:35,False,0.07721,4.525e-05,12110.0,0.548,0x5e...8e72,https://etherscan.io/tx/0x54331a9a5b67d344b03162e4ef2c6db51fc3e8a7c45f3fb95c6f4a6db4b961b6
2023-03-27 22:22:11,True,0.07771,4.553e-05,10074.0,0.4587,0x84...2fbe,https://etherscan.io/tx/0x321e8eba6ba6053da66f6c42814d40a9071f3d07ad17a455ec9bbebd7ac64f92
2023-03-27 22:22:11,False,0.07722,4.524e-05,6451.66,0.2919,0x34...58af,https://etherscan.io/tx/0x0d03fdeed568fd12653a9c258108cc3b9a35f01d77ed4d807db60e015e238f0e
2023-03-27 22:21:47,True,0.07753,4.544e-05,21848.3,0.9928,0xbc...796a,https://etherscan.io/tx/0xeac05c88f40487431f7b6fc40a1bbdca1f76a6995f981e6d4e2b172f28706121
2023-03-27 22:21:35,True,0.07724,4.527e-05,13136.0,0.5947,0x89...a4a0,https://etherscan.io/tx/0xe98e3e0a79affd14568a841ea4f97c629dc6f97381e347fba0a7a3ac1cdf1cce
2023-03-27 22:20:59,True,0.07697,4.515e-05,12205.4,0.5511,0x04...087d,https://etherscan.io/tx/0x0d7e6262f62873144c7af217f66d9a5acc8d9dbfafbbf9ee7ac5a4c6b35b48e0
2023-03-27 22:20:59,True,0.07684,4.508e-05,3382.81,0.1525,0x07...64e2,https://etherscan.io/tx/0x2f3f31fb8d04b3b97bf27d6a6f170c748b7a0471400205ce4952a50372c9a0e5
2023-03-27 22:18:47,True,0.07658,4.499e-05,15422.4,0.6938,0xf9...5828,https://etherscan.io/tx/0x12a9a02fb7d73b95e0b882808790d61785ac19fb0fb8360dc5a261cc1969a8a0
2023-03-27 22:18:35,True,0.07625,4.479e-05,26387.7,1.182,0xa9...5b20,https://etherscan.io/tx/0x7367ed9e306dce34e7901545b36548e46c5dbd2fcfa6397716c0ea7dda519987
2023-03-27 22:18:35,True,0.07601,4.465e-05,3807.24,0.17,0x2b...cc39,https://etherscan.io/tx/0x252399de51a2cad4c275b14f58723868ed4f212ac6072a32629aedd1c97c5711
2023-03-27 22:15:47,True,0.07602,4.463e-05,713.917,0.0318,0xa7...1d52,https://etherscan.io/tx/0xc247a7a93f2bb467d24c79fd79b3cbca9733469cae29b722a62d4aa90034dbcd
2023-03-27 22:13:11,True,0.07578,4.452e-05,22460.8,1.0,0x57...817e,https://etherscan.io/tx/0xfd11a55d759cfea4da9a3afc96b1661bf580e3c03cfe29d7003085368a39fbe9
2023-03-27 22:11:59,True,0.07549,4.44e-05,3631.06,0.1612,0x4e...0b5b,https://etherscan.io/tx/0xafa8b1b26f73a3eafa333450770c46f7753f4d7fd30dda510abcae15d6a1a894
2023-03-27 22:11:59,True,0.07543,4.436e-05,4508.31,0.2,0xc6...fed0,https://etherscan.io/tx/0x3cb7e56f4cec886a82b26c3a46f69fc8934439e15f66a51253105ec4b338511a
2023-03-27 22:10:59,True,0.0752,4.422e-05,24384.3,1.07848,0x96...c935,https://etherscan.io/tx/0x14570908b708b43991fd0ec7f5468822cc92a3fa3fd9913b924081a703d2490e
2023-03-27 22:10:23,False,0.07455,4.387e-05,5255.54,0.2305,0x1b...ea67,https://etherscan.io/tx/0x2cd5758b20125761cab53bfed7e4118848991cba7f9f38a9c22e9b254130700a
2023-03-27 22:09:23,True,0.07508,4.415e-05,2642.3,0.1166,0xe0...ee40,https://etherscan.io/tx/0x92ef050102ebe099c4e8cf6984bf4a1f37e67daca3b1f11c753064cbc3dafde4
2023-03-27 22:06:11,False,0.0752,4.407e-05,43425.0,1.91397,0x2e...f345,https://etherscan.io/tx/0xb2e9a1839de4e713acb40a1fbe3060ffe5fecbc9b86afa84144ec867a75f2f17
2023-03-27 22:03:59,True,0.07576,4.442e-05,25098.6,1.115,0xbc...796a,https://etherscan.io/tx/0x3bf65078c2e923aa8464ece68db8f6ef0c78d3633951e3f30445bba1c7836283
2023-03-27 22:01:11,True,0.07557,4.43e-05,1834.83,0.0812,0x3f...dc42,https://etherscan.io/tx/0xbc3777d92b800cf88807cb4a2b33d243ba49625fbc6734f993a36c24130691eb
2023-03-27 22:01:11,True,0.07551,4.426e-05,5934.46,0.2626,0x79...96d2,https://etherscan.io/tx/0xcd292c9d4d3f4c1b3bffe312e54f8b50667bb71db7567c1836237fa08c7a2360
2023-03-27 22:01:11,True,0.07545,4.422e-05,2017.15,0.0892,0x9d...7824,https://etherscan.io/tx/0xce07e9b59ef5023a389784a3f47c2bf853f53c7604fdaf6bebd134d49e41141b
2023-03-27 22:00:59,True,0.07528,4.42e-05,3603.35,0.1592,0x69...c957,https://etherscan.io/tx/0x6ae800a4a116775a1eea2d1acf3e3f193bee740c3b4b0034866036aa50365860
2023-03-27 21:59:47,True,0.07514,4.413e-05,9936.2,0.4385,0xc9...27b6,https://etherscan.io/tx/0x94208c9491733bab86a231e79b632a628c8e7bc9951f8931814295d622edfc38
2023-03-27 21:58:47,False,0.07496,4.397e-05,31115.3,1.36817,0x1a...a4d5,https://etherscan.io/tx/0x26713506ffd95d5ee9633fa748606b6be123d9405a92dab33b33fee2a2ac864e
2023-03-27 21:58:35,False,0.07553,4.43e-05,40800.0,1.80756,0xf2...2d49,https://etherscan.io/tx/0x4e618aaef629c7457c280dbc32ad2e32e54fbcd5e637e34f69405a739e5b1843
2023-03-27 21:55:35,True,0.07627,4.464e-05,25168.7,1.12358,0xa6...1347,https://etherscan.io/tx/0xf9a48ef99f0a1a00cfb0e198030d7d16497a8bb4b74917a4f43d325025e65938
2023-03-27 21:55:11,True,0.07603,4.45e-05,4432.42,0.1972,0x6f...0bfa,https://etherscan.io/tx/0xe783e29357ff6b743e1063dcf143df2a4c29105e6d3d1a2bc5976ee37fe6dc7e
2023-03-27 21:54:59,True,0.07594,4.445e-05,6801.42,0.3023,0x8b...d81f,https://etherscan.io/tx/0xc1fcd3eaad6bfe6151580d39b22a476998a664741ffac4b13deb75261504f008
2023-03-27 21:54:23,False,0.07561,4.426e-05,24334.9,1.07721,0x20...4c84,https://etherscan.io/tx/0x83b4ef41a31098dcbda88a2f4eaa2d3d046ac8e141804838107f90bac579290d
2023-03-27 21:54:23,True,0.07621,4.461e-05,6051.38,0.27,0x78...fe30,https://etherscan.io/tx/0x916005915bf32958207be4c65996cb715dedd142721fb6d8ec46cf86a788809d
2023-03-27 21:52:47,True,0.07611,4.458e-05,1087.39,0.0484,0x98...02dc,https://etherscan.io/tx/0x3ff8a32c148992e9b4212b3b1181bc73c74047048d69be28c2784fcb812d4158
2023-03-27 21:52:47,True,0.07608,4.456e-05,2613.01,0.1164,0xa3...2f3d,https://etherscan.io/tx/0x47ed79b2a285c29286cd18ddc020f4f2c6b5f33088cdbe7f0fcef40701fb2847
2023-03-27 21:50:59,True,0.07605,4.455e-05,126.541,0.0056,0x90...b3ba,https://etherscan.io/tx/0x93dd3b086d1176987730af108079423701e0437afb9500eea8aaead8643cd9f1
2023-03-27 21:50:59,True,0.07604,4.454e-05,1418.32,0.0631,0x19...2f43,https://etherscan.io/tx/0x2199aabc46b7fefbb6f285439f73edadf2228e74527539a8b8ec6a0e9cacc6d0
2023-03-27 21:47:59,True,0.07593,4.448e-05,13013.5,0.5788,0xc0...b945,https://etherscan.io/tx/0x21d1b5ebb7b5849fba4079f9f957522da9456f2350f284fdb831c371827462ea
2023-03-27 21:47:35,True,0.07581,4.44e-05,2251.82,0.1,0x1c...ea78,https://etherscan.io/tx/0x1710d0f513ab9fc6b728d6d8e1ddaa204ba190b4a75533907ec4286d9c141249
2023-03-27 21:46:35,False,0.07536,4.414e-05,3000.0,0.1324,0x0c...4267,https://etherscan.io/tx/0x669ba225b89007e94a3307f515d955bcb028b3a98c1fcae0e36bb5f2c8abef8a
2023-03-27 21:46:23,True,0.07582,4.441e-05,2701.89,0.12,0xf5...aaee,https://etherscan.io/tx/0x41a2a0a66a05a5c43744f1b6a929bb2d73b571053915ccb95b64b640aa40248f
2023-03-27 21:44:59,False,0.07569,4.433e-05,44033.4,1.9524,0x88...d1d8,https://etherscan.io/tx/0xf0ebeb15f7cdae570a10649a05c5c436f66444375f6a811502c7e883e77e6ec3
2023-03-27 21:42:23,True,0.07656,4.48e-05,2510.42,0.1124,0xe8...b246,https://etherscan.io/tx/0x1ba1e005501b7b9c5812d2fb965a37ade5dc322269c26575195388ca630a83eb
2023-03-27 21:40:47,True,0.07649,4.476e-05,5314.6,0.2379,0xb0...9028,https://etherscan.io/tx/0xaa7454dabbed28e3877dccf930cccd520484e2a914ed884a692aff897c5cdcb9
2023-03-27 21:40:35,True,0.07643,4.472e-05,2460.01,0.11,0xb4...40c2,https://etherscan.io/tx/0xd048cb1aba14e0544f64d2b88d71d5fe9a4ad9fe05c23c72b513c5fe845abf42
2023-03-27 21:40:35,True,0.07641,4.471e-05,333.231,0.0149,0xe2...206b,https://etherscan.io/tx/0xe6452b391e381612988547451d2db811dd1ecc0d10f64c1503257bebbd1d14d6
2023-03-27 21:39:47,True,0.07641,4.47e-05,642.961,0.0287,0xb7...ece2,https://etherscan.io/tx/0x4a24a79fefd6f1a7ef14c8cc796eca819580c6b82c897110eaa3090d5be5894c
2023-03-27 21:37:59,True,0.07641,4.466e-05,7876.1,0.3518,0xc1...879e,https://etherscan.io/tx/0xe5f73d48d6c0244773e2920ab98bda1c883f9d05248661360572d9c594ec9472
2023-03-27 21:37:11,True,0.07648,4.461e-05,4523.79,0.2018,0x72...3967,https://etherscan.io/tx/0x30d39990c79aa4774cddfae79592bea111d12b26caf802f6ac860ce009d4b92d
2023-03-27 21:34:11,False,0.07662,4.465e-05,70126.2,3.13121,0x97...aa4a,https://etherscan.io/tx/0xf73df003f87f75c3f283f605edbf4eb960bcd15a161359ca2f581a6963a0fd23
2023-03-27 21:32:11,True,0.07771,4.524e-05,1148.78,0.0519,0xd4...75c7,https://etherscan.io/tx/0x42379e373429e7116c12947b06f6f909a079d0e2898f01692f2d8f21e191cc50
2023-03-27 21:31:23,False,0.07732,4.501e-05,10000.0,0.4501,0x2e...f345,https://etherscan.io/tx/0x0041b439cad451b28d00103c9a6c9278ef46d0aaee9d90835d715f3344f7c68a
2023-03-27 21:30:11,True,0.07785,4.533e-05,661.765,0.03,0x09...4a35,https://etherscan.io/tx/0x72f3cba27c92c2127d8c52869e56e990779e2ec4ffd74a83eb6c181039be9cd2
2023-03-27 21:29:23,True,0.07783,4.532e-05,1945.56,0.0881,0xb1...ea5c,https://etherscan.io/tx/0x88de48105ac101a34e816d9bd2c9f8634689d37ff190da5779254b3f6c793fe0
2023-03-27 21:29:11,True,0.07773,4.526e-05,9854.65,0.446,0xf2...2a93,https://etherscan.io/tx/0x82a33687ad5acbc01b2b71cf7ea4a3da59053a6d3062f5441232f3de5976c821
2023-03-27 21:29:11,True,0.07748,4.511e-05,21000.0,0.9474,0xf1...8e91,https://etherscan.io/tx/0x22e1a8738dafe4e909061fb958971f110d9ee6e6667e3f96428ab7b480719872
2023-03-27 21:26:23,True,0.07705,4.491e-05,22513.3,1.01107,0x78...cd70,https://etherscan.io/tx/0x93ad9566dd15b9c889c1d975797ecc274c114a7e65b70e383861d3298d0452ee
2023-03-27 21:26:23,True,0.07677,4.474e-05,12184.0,0.5451,0x1c...0eda,https://etherscan.io/tx/0xaa467c9f2cbf31f813a81938b674532b4baa3ccaa2379f8baf53dc9b236b31ef
2023-03-27 21:25:59,True,0.07664,4.466e-05,4477.48,0.2,0x48...deeb,https://etherscan.io/tx/0x8e0d66c1f3e84900c8df8fcedfb7aa9cae068fe61fac28c558eba2d34f573754
2023-03-27 21:24:47,True,0.07635,4.45e-05,29817.3,1.32709,0x55...35b8,https://etherscan.io/tx/0xcb904da978d47a78f97c5beb7d71416492eed4d5d695e53350d08bd10c5a4af9
2023-03-27 21:24:11,False,0.07578,4.419e-05,20000.0,0.8839,0xa3...af1c,https://etherscan.io/tx/0xb50babb7f8262264f2e8da26f83a380d5106d305429f4c89a4ff6f4a140bb91a
2023-03-27 21:23:59,True,0.07629,4.449e-05,12686.4,0.5644,0x11...0523,https://etherscan.io/tx/0xb05d086d92ef43a6a2272eb662874ef8f0837fb6a58dab4aa84d94fd71716b49
2023-03-27 21:22:35,True,0.07617,4.442e-05,1561.77,0.0693,0x3e...bde7,https://etherscan.io/tx/0x199965e4431f3dbcc285237a7a0d4a469aa45ddf840d6876920be5f530760b6b
2023-03-27 21:22:23,False,0.07586,4.424e-05,20000.0,0.8849,0xa3...af1c,https://etherscan.io/tx/0xd4245ee4ec4e0eec79167df74f9fb7ede9d876e41a0a84bf00789b53389d6455
2023-03-27 21:20:59,False,0.07607,4.436e-05,5561.09,0.2467,0x45...bec3,https://etherscan.io/tx/0x2465b6921e52be9be44bf7d1f65e5b52e8251cf93f12afbfd53b079085e50368
2023-03-27 21:19:59,True,0.07653,4.465e-05,258.697,0.0115,0x0d...caa8,https://etherscan.io/tx/0x48702947199a8030aac76c7adc69f7cf3fa6281d5c3bb1b35c52e7c33e70c668
2023-03-27 21:19:11,True,0.07653,4.463e-05,4567.6,0.2038,0x23...de19,https://etherscan.io/tx/0x22686e4c97b92c1c8b3ee921406fcffc1f91e36d0b388236ab5fd2777feb2bea
2023-03-27 21:17:47,False,0.07642,4.457e-05,48517.1,2.1626,0x76...7d5e,https://etherscan.io/tx/0x95d58814c10e868b085835032c162da22e052676175e8f047a912a35ff84d420
2023-03-27 21:17:35,True,0.07723,4.504e-05,6027.85,0.2715,0xfb...3302,https://etherscan.io/tx/0xa160a58cf3545e4977d3c56e6eec862b1959be86b5c7226d71e11c757a661efd
2023-03-27 21:17:11,True,0.07708,4.495e-05,12127.0,0.5451,0xa1...700f,https://etherscan.io/tx/0xcf382e954fb67bcb942ffd80f6cee5084eb5c21b3a5e102ffe93f2d4927a70f8
2023-03-27 21:17:11,True,0.07688,4.484e-05,12049.1,0.5403,0xc9...27b6,https://etherscan.io/tx/0xc84f7cbace4dacd839460bc6f857f955a38dccdacea5554595028f2dd3d749f0
2023-03-27 21:16:11,True,0.07671,4.474e-05,9654.18,0.4319,0xa9...aec3,https://etherscan.io/tx/0x98da4ac2733ac1ecc59678d4d78dc0182afea1a5e5357d796139dd432d18aecd
2023-03-27 21:15:59,True,0.07624,4.446e-05,48860.2,2.1726,0x76...7d5e,https://etherscan.io/tx/0xe7c2e6a7bbbda37fb9192b2314c0dbc288b4c9b22bf9391b6dcf51b7a350bcc7
2023-03-27 21:15:47,False,0.07635,4.453e-05,119850.0,5.33705,0x1d...d176,https://etherscan.io/tx/0x073cd39e916414f8634fd38299b6907555c6103ab950bc551443fcbadd45d1d0
2023-03-27 21:14:35,False,0.07753,4.522e-05,26484.3,1.19764,0x99...9e07,https://etherscan.io/tx/0x3156426fcc6b4e2f48d0a77a494061662b0c273e974663a23db2f999cf068ee0
2023-03-27 21:13:35,True,0.07823,4.561e-05,1303.87,0.0594,0x65...193a,https://etherscan.io/tx/0x6f876a9d33c255f738d20ea352c4516b18e88fb0e43a455a1e3806f721e06634
2023-03-27 21:11:59,True,0.07806,4.552e-05,17573.6,0.8,0xb7...91c9,https://etherscan.io/tx/0xd3cc8c287d7e86b62a3e9c2972653cb15b41501857b34013db8dde4edec120b2
2023-03-27 21:11:47,True,0.0779,4.543e-05,1584.24,0.0719,0xd3...d63b,https://etherscan.io/tx/0xdcc06232dd7135ab60a44402d00fa5b4abdcf75c0442071c0111eed98c3ff8fe
2023-03-27 21:11:47,True,0.07785,4.54e-05,4679.47,0.2124,0x00...6bba,https://etherscan.io/tx/0x8646a3cfb209009ab38612aece1095ee2cad324c9af8332934278ff90805694e
2023-03-27 21:11:35,True,0.07781,4.537e-05,240.294,0.0109,0x94...9a17,https://etherscan.io/tx/0x9c0aec2d75d507acce4e9eb9559752eb9761348ddccba2fcf51603d5af1bce3d
2023-03-27 21:11:35,True,0.07779,4.536e-05,1271.93,0.0577,0xf8...5036,https://etherscan.io/tx/0x64695aacb9d8769632e9d29ad18386bffb14ae5e3bdcba7466c94b4f2decb3d7
2023-03-27 21:11:35,False,0.07765,4.528e-05,40286.7,1.82437,0xe1...b9bf,https://etherscan.io/tx/0x9b07cac94b05a058b22087ba78f581b45b2f1b06cc08a63599a64e35fe13a671
2023-03-27 21:11:11,False,0.07858,4.583e-05,72500.0,3.32273,0x24...cd5c,https://etherscan.io/tx/0x22d6142376f9c951a8c5efe5016ee8f189199df4809979a72dd30cb7a6e50b2d
2023-03-27 21:08:47,True,0.07965,4.644e-05,3521.41,0.1635,0x75...a32c,https://etherscan.io/tx/0x1fda3a687be72d59709b4f236f5862ba1dbe34ab9535574ed3b343922da69bef
2023-03-27 21:07:47,False,0.07916,4.616e-05,2907.43,0.1342,0x17...720d,https://etherscan.io/tx/0x38dec0a2d27f74f08a744bea154781ee4d95b6435a3b5b34391ffcebcea5a67d
2023-03-27 21:06:23,True,0.07967,4.645e-05,496.906,0.023,0xa6...b932,https://etherscan.io/tx/0x5fcea711b6f62b0e64c3650fdd95fb7c35a0b3bcb64401117705369c485ed31f
2023-03-27 21:05:59,True,0.07962,4.645e-05,426.798,0.0198,0x61...2e1e,https://etherscan.io/tx/0x1953ce607c7c347fb20afe8ae1c24ba1fd8897cf4b1336463a476947faac42eb
2023-03-27 21:04:35,True,0.07955,4.638e-05,12506.5,0.5801,0x6e...6657,https://etherscan.io/tx/0xb76a3ae033898a3231edf3f293f96a93c935983246d64dba3c5faf8403f72cc6
2023-03-27 21:02:47,True,0.07944,4.631e-05,1560.19,0.0722,0x8b...143f,https://etherscan.io/tx/0x5bce2ceedc58d24dbc70c02bbb159cf1af16403268f3fbea8c6148d4550f968a
2023-03-27 21:01:35,True,0.07941,4.63e-05,1498.61,0.0693,0x78...cd41,https://etherscan.io/tx/0x468439fd7b596f91bd8a9a5de375c5dfb51587140203bfef2d8517d79ef37696
2023-03-27 21:01:35,True,0.07936,4.627e-05,4360.33,0.2017,0x4b...9d09,https://etherscan.io/tx/0xa840af31bc0ea2a2fcd3feb96475dbbcc3cfe148993bec25cfb58e533300e55e
2023-03-27 20:59:59,True,0.07932,4.624e-05,439.38,0.0203,0xf2...1065,https://etherscan.io/tx/0x73835ce64da0637181329ebbce7052a8f4cc8cac61682ca12f205cd501d317b0
2023-03-27 20:59:47,False,0.07884,4.597e-05,699.0,0.0321,0x44...7fb2,https://etherscan.io/tx/0x435998c475b20c4036c59a89da52bf77b46112df2e96120d2b025031a638e139
2023-03-27 20:59:35,True,0.07931,4.624e-05,1286.03,0.0594,0x58...c041,https://etherscan.io/tx/0xd8a3f98f9d765b61271c9c6202930dc496f80254e1106ee26bd85cc01806ede6
2023-03-27 20:58:59,True,0.0793,4.623e-05,214.374,0.0099,0x96...3963,https://etherscan.io/tx/0xd50837a76154e212518b2bac8ebc546cdf8241dba1fe23efa3ba2d8988ac8b0b
2023-03-27 20:58:35,False,0.07907,4.607e-05,23333.0,1.07509,0xe9...0fc9,https://etherscan.io/tx/0x0ced13e87edd058e6fd7fc806ac5ad25a3e11b3ea6f8f9acacd059a1d2c4dcc3
2023-03-27 20:53:11,True,0.07978,4.646e-05,161.271,0.0074,0x57...d6f0,https://etherscan.io/tx/0x7bfbd60abc9e37bfb184591c09522b7cea4b605c9761027f68296a50757d8b48
2023-03-27 20:47:35,True,0.07971,4.645e-05,3414.38,0.1586,0x06...b047,https://etherscan.io/tx/0xd5cf03c8575d885c6b9dfc97b4d4b4289e70f4374c1b1aa673a078aef4481e9d
2023-03-27 20:46:59,True,0.07961,4.639e-05,8546.9,0.3965,0x3f...a62d,https://etherscan.io/tx/0x4a66db2c963e9e192737845f5a759d2d13b877e66dab0784d257215f69cf4b01
2023-03-27 20:44:35,True,0.07955,4.633e-05,3366.37,0.1559,0x1b...db2c,https://etherscan.io/tx/0x165c71bb7fde3a399e3c0be718d98d5bd7cd7667eb9e58365b339a9e60d82909
2023-03-27 20:41:11,True,0.07935,4.63e-05,1391.35,0.0644,0x2a...95c1,https://etherscan.io/tx/0xcd7a23230d0319182eb83495c36302bc6c2936ff7aea65290cda0fc8c82bec5f
2023-03-27 20:39:47,True,0.07933,4.629e-05,642.302,0.0297,0x56...8f04,https://etherscan.io/tx/0xb5dd802f3b79f787b986a48547040b67d57edd6eb412c072448e78ad4e36ac9f
2023-03-27 20:38:23,True,0.0793,4.628e-05,2494.31,0.1154,0x04...e83a,https://etherscan.io/tx/0xa3f61fd112cc3621aa91db48346bf426869d6909f77e03bb239e5d5ffdb42edf
2023-03-27 20:37:47,True,0.07927,4.626e-05,1285.55,0.0594,0x85...7e6f,https://etherscan.io/tx/0x0acebc49bb5b415e151ab076b77cdf2477b80c4abb5efd5957b4b4162fe41cac
2023-03-27 20:34:35,True,0.07921,4.622e-05,7398.81,0.3419,0xd4...aee8,https://etherscan.io/tx/0x51626a781e71af8e37b0fde0d223a5852fde9ef6bfa53ffd34924f557143dd76
2023-03-27 20:30:47,True,0.07912,4.618e-05,633.195,0.0292,0x73...ae60,https://etherscan.io/tx/0xe3daecd527cb84f093e074ab750cd36b9a26506cbea366eb833418465ad6c9a2
2023-03-27 20:28:11,True,0.07915,4.617e-05,1288.12,0.0594,0xf4...d59e,https://etherscan.io/tx/0x98a2f0ba5f13fd416e94be49f01cddc82b71e7bb79e2f8171be06187bdb22ac6
2023-03-27 20:26:35,True,0.07912,4.616e-05,606.977,0.028,0x8f...4c26,https://etherscan.io/tx/0x7afc32693b53fdd4e36ddf5c3b94e310bcc34c505c9eaeee111804c9881d1a8f
2023-03-27 20:25:35,True,0.0799,4.661e-05,5149.04,0.24,0x0c...18e1,https://etherscan.io/tx/0x387a7a96773553eeb73a1fedcabf0e8627af972077f2c185dcd54d72ebe22821
2023-03-27 20:25:35,True,0.07978,4.654e-05,8388.54,0.3904,0x89...114d,https://etherscan.io/tx/0xdebfb5f38a747c3d7076e5c06f969892d516a7b5b1d67f94f910dd4a2ebbeec4
2023-03-27 20:23:59,True,0.07959,4.644e-05,11627.1,0.54,0x5b...2dc4,https://etherscan.io/tx/0xc94e6b0951aa1b59cd9c08a9ade5f2d8bd1fb34dc75ec075394f1fbe02d08c62
2023-03-27 20:21:47,True,0.07959,4.634e-05,7551.6,0.35,0xa6...b932,https://etherscan.io/tx/0xd49ef0bb72c581ad9f918a9508c4efadf2ac773c51bb51b52c26670f997ea70a
2023-03-27 20:21:11,True,0.07946,4.627e-05,7548.04,0.3492,0xf7...2f82,https://etherscan.io/tx/0xd08c7f1691e796f6810318024f32cb786ba82ed15e45484cd5930316b5ea6c1e
2023-03-27 20:15:59,True,0.07916,4.623e-05,857.643,0.0396,0x5d...3cc2,https://etherscan.io/tx/0x7cf6df1a1a0f0481652364dd07b2fa9dbbca0ad62c17c2fe201a5b813623b421
2023-03-27 20:15:35,True,0.07914,4.622e-05,1115.17,0.0515,0xe4...174c,https://etherscan.io/tx/0xa02ef2934f996e503bf1fef76ab33cf5456c3a0f63b29a9147f794616bebc3d7
2023-03-27 20:15:23,True,0.07908,4.618e-05,6314.64,0.2916,0x8f...d285,https://etherscan.io/tx/0x8d2596afa4201631cb51fbcc7b990245c39b145229447f06cee8cf0dafe3e6e2
2023-03-27 20:12:59,True,0.07877,4.599e-05,32002.8,1.47201,0x59...4497,https://etherscan.io/tx/0x78af046eaaab49fa2bd109ffdd848e1d2a7f72f0b64377266f141f792fcb4f58
2023-03-27 20:12:47,True,0.07841,4.579e-05,10045.7,0.46,0xd5...a097,https://etherscan.io/tx/0x1ece81b29aece21e8ae7abc8da796b5cd4ff618863d5bb776294d69e57240e84
2023-03-27 20:12:35,True,0.0782,4.571e-05,6380.35,0.2916,0x90...da00,https://etherscan.io/tx/0x8b81971715f9a398a75652e5f920aede3bd0423b892d0d6c5e5d6609b8b20b79
2023-03-27 20:09:59,False,0.07762,4.542e-05,3999.99,0.1817,0x21...0bfe,https://etherscan.io/tx/0xe6b99032d693a19373c687d6c93613db93201f0afa9d2b312e628ff98bae0018
2023-03-27 20:08:59,True,0.07807,4.57e-05,2819.46,0.1288,0x89...1b52,https://etherscan.io/tx/0x3eb54a2431a31eb71b779cf71b41ab070984454621c3cb89b0d3be25c51cc730
2023-03-27 20:08:47,True,0.07803,4.568e-05,2189.12,0.1,0x47...f5c8,https://etherscan.io/tx/0x34cc740ededb58e0897c955933bc1a75303c804cc5bcbf5358ff3d3d89ff4c39
2023-03-27 20:07:59,False,0.07773,4.55e-05,23257.0,1.05839,0xe0...d742,https://etherscan.io/tx/0x81c146fd8d2c597f34a8add2c3302c9af3f9c40ac6c77aa7331d940ef738d42f
2023-03-27 20:07:35,True,0.07834,4.587e-05,4475.05,0.2052,0x85...99e9,https://etherscan.io/tx/0x9a77da90059f4bba393170291a5099d6415a22546665a746f9698d930ac4e3b6
2023-03-27 20:04:35,True,0.07823,4.584e-05,540.492,0.0247,0x79...0ff3,https://etherscan.io/tx/0xf49a0e091e6d6eb3fa0a9373f9b8f7cb47fad0b36075a1902f590d197a3ee1a2
2023-03-27 20:01:23,False,0.07799,4.569e-05,24895.2,1.13754,0xb0...2e74,https://etherscan.io/tx/0xe4a2615e237821dc3c26fc48f0d8964c5caca71d781f267116d4eef4ee24eb68
2023-03-27 20:00:23,True,0.07867,4.609e-05,62.8967,0.0029,0x8f...4c26,https://etherscan.io/tx/0x71c904ca3d075a38e8311b31122055381abf24a46dadbb850753d431008b12ef
2023-03-27 20:00:11,True,0.07866,4.608e-05,985.127,0.0454,0x10...5a94,https://etherscan.io/tx/0x8caee186ab492443d2a275db746c21a04f0848beb48b92f794e2763c5cfcea86
2023-03-27 19:59:11,True,0.07867,4.606e-05,2151.65,0.0991,0x10...5a94,https://etherscan.io/tx/0x2394bfccc4ad5360891494128917653df009534f0031f3aa4340f27ad2e014ba
2023-03-27 19:56:35,False,0.07824,4.582e-05,8000.0,0.3665,0x96...2d59,https://etherscan.io/tx/0xef2139fab3e22bdd5f3072d54438e90e70fb137fe0b1a5228580d66a91f0ba54
2023-03-27 19:55:47,False,0.07861,4.603e-05,36000.0,1.65735,0x8b...2a7e,https://etherscan.io/tx/0xb89d93ed6537409dc5c4908f2e5d1d4cf8dfd98fb7762c913fb4205b4d0a771e
2023-03-27 19:55:23,True,0.0793,4.644e-05,10672.4,0.4956,0xab...cac7,https://etherscan.io/tx/0xe2ee5262cb25807ed4188d967595bec804ab9a619daf196b928f5e17f7c4781f
2023-03-27 19:54:59,True,0.07913,4.634e-05,8341.23,0.3865,0x54...bd19,https://etherscan.io/tx/0x726fb950304cdad8346df001685c9e9f667e6d2b9ad22cb77e41f08611487864
2023-03-27 19:54:11,True,0.07905,4.629e-05,1070.49,0.0495,0x76...bb2e,https://etherscan.io/tx/0x11896048b145a03fd85827deaa35306cb6b4c083d3dbb6f209f32b0fdf57eb2b
2023-03-27 19:53:35,True,0.07898,4.628e-05,2592.88,0.12,0xc2...ec4b,https://etherscan.io/tx/0x8a63329a5d146cc3258b0493285f0a0cfc4217303ced5d8a29697c298f283f6a
2023-03-27 19:51:35,False,0.07875,4.608e-05,19355.0,0.8919,0x34...58af,https://etherscan.io/tx/0xff7b3003d5d42bc86c6f683032c394f2dde4f00af25d215919df5a963a21775f
2023-03-27 19:49:47,True,0.07955,4.644e-05,3130.64,0.1454,0xaa...1098,https://etherscan.io/tx/0x6755326605f60eecaed1cd0c298952380795c4759f9bd84cb3f58b4f585df6f4
2023-03-27 19:49:23,True,0.07952,4.642e-05,150.773,0.007,0xae...3c40,https://etherscan.io/tx/0xde67b485bc3219d743faf6b56129f5ed570d678a19a9a78fc7de278fea3ed608
2023-03-27 19:48:35,True,0.07949,4.64e-05,3713.79,0.1723,0x82...ea77,https://etherscan.io/tx/0xac3bccf8ad0067335463de506be29d30075d2139f5a768fdb89d114a95b3243e
2023-03-27 19:46:35,True,0.07943,4.638e-05,1000.12,0.0463,0xff...609a,https://etherscan.io/tx/0x10913b60778a2877275d3b56fccbf3eeab162043f63b7f828fc49d8d3fb623a5
2023-03-27 19:44:23,False,0.07888,4.61e-05,305.259,0.014,0x62...5a21,https://etherscan.io/tx/0x918e59a08db79d2f5ca3aa136286e6b8ec91836dfa87d280168c05f69365a164
2023-03-27 19:42:47,True,0.07936,4.637e-05,875.571,0.0406,0x89...e4f3,https://etherscan.io/tx/0xbbf1dc741d82b099a45d961e1c9362826eced97a0fa5337378d91436220b4266
2023-03-27 19:39:47,True,0.07936,4.636e-05,2137.99,0.0991,0x4e...036e,https://etherscan.io/tx/0xe1cde53bf7df8584762770154521f6c05138e55fd144b1fa2e906188cfb6dd57
2023-03-27 19:38:35,False,0.07899,4.614e-05,14423.1,0.6655,0xf4...8c2b,https://etherscan.io/tx/0xc9bdf4677e98b9aa8bbcae706d808fc20e05fed758bf031757ef3aa058668102
2023-03-27 19:37:23,True,0.07957,4.649e-05,1172.69,0.0545,0x42...5b95,https://etherscan.io/tx/0x7f3e0cc226186bc785caf65b7c5aa1288fb3c923c7bcbc393de688a269b6b685
2023-03-27 19:35:35,True,0.07958,4.642e-05,12384.6,0.5749,0x6e...df66,https://etherscan.io/tx/0x77736a5df7354ef2fabae78828e8a95d869b0acb26931d477370634af0897953
2023-03-27 19:35:35,True,0.07945,4.634e-05,2352.51,0.109,0x27...6ac3,https://etherscan.io/tx/0xf38d01f0e521fe51a2eb8e641eae635d2825a73e149bdd93f821ba4a13e947ef
2023-03-27 19:29:35,True,0.07926,4.633e-05,994.858,0.046,0x95...a3bc,https://etherscan.io/tx/0x55e453c935310476a5b34607b07ee3e3849317bcd795ae155b8f467a368554fa
2023-03-27 19:29:23,True,0.07925,4.632e-05,437.704,0.0202,0x8e...2dd5,https://etherscan.io/tx/0x09e2fe83d93b19b76e0008e70f5345ca9fbc02d8bc900e6d68f0303540008fa4
2023-03-27 19:27:11,False,0.07902,4.609e-05,8870.63,0.4088,0x4f...a6f6,https://etherscan.io/tx/0x267ca049eb4c464fb12d8d0bb469be5de7580a3b2caa50dc1491d7d19c5b62b2
2023-03-27 19:27:11,False,0.07941,4.631e-05,37115.7,1.7191,0xff...39a7,https://etherscan.io/tx/0x57ddfbad55b00961b947b139a83f4eec6aa762a59504875190bcc36bee62647e
2023-03-27 19:24:23,True,0.08032,4.677e-05,2160.59,0.101,0x8c...6b1f,https://etherscan.io/tx/0x3d8709a86c8189f3b334a1d3c98babeed08e576a9da42642ea6f777fd90fb619
2023-03-27 19:22:11,True,0.08019,4.675e-05,948.306,0.0443,0xc6...fed0,https://etherscan.io/tx/0x9268d418bf8302e33b4ec7b8d4970738c06b6f2fdbdcaded68a0a86fcf84bed0
2023-03-27 19:19:11,True,0.08005,4.674e-05,1081.48,0.0505,0xf1...114a,https://etherscan.io/tx/0xe82f4c8afb3ad06167295350cadd85fe34e2ffa5081c723e03a31e78c184d833
2023-03-27 19:18:59,False,0.07962,4.649e-05,7302.22,0.3395,0xe2...04f6,https://etherscan.io/tx/0x3654b5d37ddc50f33e6969a075d06c175c695d13fc6fc21342a76608cc58d5f1
2023-03-27 19:17:11,True,0.08021,4.68e-05,1240.06,0.058,0x33...a0ce,https://etherscan.io/tx/0xdd4d9a385b66bf46f7978439a72d42e5f9ee7767274de8a9a17d415e69cfe5d5
2023-03-27 19:16:47,True,0.08021,4.679e-05,1059.14,0.0495,0xb8...fa84,https://etherscan.io/tx/0x31ad3f403e82a6660114cba2cba26a13bdf1c2e3329c4fb820e3707790207ba2
2023-03-27 19:14:23,True,0.08013,4.677e-05,3020.65,0.1412,0x54...cd6f,https://etherscan.io/tx/0x0eab0bb113a8822af3b087987cd0ffc318a110c80d826773e3deaa296520d7cc
2023-03-27 19:14:11,True,0.07991,4.665e-05,21435.5,1.0,0x9d...a142,https://etherscan.io/tx/0xd6a2789f75c96a0a020446d55351f7440a89efc0048d86b57c7b546396e48e3d
2023-03-27 19:14:11,True,0.07955,4.644e-05,20992.7,0.9748,0x4c...f858,https://etherscan.io/tx/0x960b207c95e096e31c7dcc7b27422033c6e28c763d4835c8b9e2fadb48193e1c
2023-03-27 19:13:23,True,0.07936,4.633e-05,748.813,0.0346,0x73...5c8b,https://etherscan.io/tx/0x44b8980b3eda474cdbaf43dc6b7a3e93ed0c5dc55411ea5f500db588e4bd82ac
2023-03-27 19:12:11,False,0.07916,4.617e-05,25000.0,1.15434,0xfa...c0c5,https://etherscan.io/tx/0x4eec9fa94479c17a26b2ef013abfec65028fe38795f7fecdf5668d8b5c8785ba
2023-03-27 19:08:11,True,0.07989,4.656e-05,2337.94,0.1088,0xf2...22d4,https://etherscan.io/tx/0xa078f3524307c6d4461bd4770949ad4c8318c2a08822c9f241a07ed04bdc3113
2023-03-27 19:07:47,True,0.07986,4.654e-05,1324.71,0.0616,0x78...8b0a,https://etherscan.io/tx/0xeb20de55a03d32a3c8d74880a75ea811780dc92895c52e5c14dc3c30081bc80b
2023-03-27 19:06:59,True,0.07999,4.653e-05,716.742,0.0333,0x22...ee9f,https://etherscan.io/tx/0x17b2e7bb106137d83828bd7897e4267ed321f0c46fe0da12fc6e7617d5f42f0a
2023-03-27 19:04:47,True,0.08002,4.653e-05,255.635,0.0119,0x27...7c13,https://etherscan.io/tx/0x3be5cd6c1c2780e2bb82976f715d0acdde96091ee4b347ce2ac46697c3415bc4
2023-03-27 19:02:35,False,0.07989,4.655e-05,45000.0,2.09484,0x36...3520,https://etherscan.io/tx/0x9d8417b0267f646a89cdf346846ce0585153b6cbbdcde990f23650b6d3c5257f
2023-03-27 18:59:23,True,0.08074,4.705e-05,210.644,0.0099,0xc7...a37c,https://etherscan.io/tx/0xa52d3164083dfebc54400d8cbc65241381e79bf9a0c240aa3f20485ddb690fe3
2023-03-27 18:55:47,False,0.08029,4.679e-05,3000.0,0.1403,0xc7...be9e,https://etherscan.io/tx/0x06b4ed70273555f6fbf538addc860fd3b08f20945088bdd74c9b85bedf159fee
2023-03-27 18:55:11,True,0.08075,4.707e-05,1895.01,0.0892,0x3e...bde7,https://etherscan.io/tx/0xf68f50d44354bc9b442fd89ecf3b737fb9788a1e1a83f754a1c7fe03361b8d26
2023-03-27 18:53:59,False,0.08033,4.682e-05,8252.64,0.3864,0xd9...008c,https://etherscan.io/tx/0x1e7077ec80fd065a81a76d12ca7ac04d43545f201fc0afa183258adea7ba6ea7
2023-03-27 18:51:11,True,0.08092,4.711e-05,7214.33,0.3399,0xe6...4c5e,https://etherscan.io/tx/0xfd5451815b7b94d833a7f589cb247bf8fae7300b8f158011ed6c609f7acb54b7
2023-03-27 18:49:47,True,0.08088,4.707e-05,1000.24,0.047,0x70...f392,https://etherscan.io/tx/0xc917fbd0c679591739cd0c67a90c5cf33de7482326b336e3dd949745a29aa628
2023-03-27 18:48:59,False,0.08064,4.693e-05,28970.8,1.35968,0x99...02a2,https://etherscan.io/tx/0x03d5cf10131c68096447c85a198bf8c250fd16d6e2e807d85e62d0015981007a
2023-03-27 18:44:35,True,0.08136,4.735e-05,1036.09,0.049,0x34...5d4c,https://etherscan.io/tx/0xc9368640abae7305f8688a908dcf7f1d372f5bd64093c7e4c39d003f1d0f71ac
2023-03-27 18:44:11,True,0.08134,4.735e-05,450.606,0.0213,0x42...cf69,https://etherscan.io/tx/0xe962960e812d07237e9e61bcef8ac9fd9a1dc8753e25f1cf11243a811dbe65c7
2023-03-27 18:43:35,True,0.08132,4.733e-05,2303.48,0.109,0x13...629b,https://etherscan.io/tx/0xe6caac5fd4fc61bae77060141ba2514dff7e2209365e05fa2bcc63d011c36198
2023-03-27 18:41:11,True,0.08133,4.726e-05,11114.7,0.5253,0x9a...fd55,https://etherscan.io/tx/0x6c1602ddbdb8fcf92ca9d06b53f2b40c6c55211cb1f2fef2fa7ba4db308c2d88
2023-03-27 18:40:47,True,0.08121,4.72e-05,1890.06,0.0892,0xc8...a08b,https://etherscan.io/tx/0x6b91fc3c53eb5d607610b77cd10e93bff65c9836c2937b79009992f33633fb23
2023-03-27 18:39:47,True,0.08117,4.718e-05,2100.97,0.0991,0x43...ebe9,https://etherscan.io/tx/0x1eac0df2900a54ae81e76546c7561f938914fbe1a9e8b32a9e5f8ee7ddfef1ad
2023-03-27 18:38:59,False,0.08101,4.709e-05,39946.4,1.88109,0xa2...fb83,https://etherscan.io/tx/0x722411aea5f45ea85d91c7390a0e0cbda812aef90d9ac6127afaf8edc84bd0d6
2023-03-27 18:34:35,True,0.08192,4.756e-05,2102.27,0.1,0x33...1111,https://etherscan.io/tx/0xc51d48fddcf99a5a95bfbbb36dbaf385617cef9f865be12cd96d3ac1688962f4
2023-03-27 18:34:35,True,0.0819,4.755e-05,604.006,0.0287,0x62...a5d4,https://etherscan.io/tx/0x2a7f0a160b1d1cc7f5d270cafb6eedf8d0a944e1e57c5d830ca041bdcd66765b
2023-03-27 18:33:47,False,0.08171,4.744e-05,34515.9,1.63754,0x3d...04e4,https://etherscan.io/tx/0x67c5df77a725b0c4d0f2967de456641ec3553dec1aade927154e529059c0252d
2023-03-27 18:32:47,False,0.08251,4.788e-05,50000.0,2.39405,0xfa...c0c5,https://etherscan.io/tx/0xe4c67e3bc27e51d3ba2dfbf0a4c2502eebaf62f45e378167fe8831799790cdca
2023-03-27 18:30:59,True,0.08339,4.84e-05,5631.84,0.2725,0x72...72b3,https://etherscan.io/tx/0xf056f65189f60d27fa971a670edaa7ff734e560b945cdd447b2c667c80b56c04
2023-03-27 18:30:47,True,0.0833,4.834e-05,4806.05,0.2323,0x9b...a223,https://etherscan.io/tx/0xdcdc119187199d78e5fe71bfd112cffed73e6e157a2fbcac7043eacf1cf5de0f
2023-03-27 18:29:11,True,0.08323,4.831e-05,615.449,0.0297,0x30...cf1c,https://etherscan.io/tx/0x5244818d56230e2ff852ad8fe622b840ba22235cb8522b5585b64a9ad1c561f9
2023-03-27 18:27:11,True,0.08318,4.828e-05,5131.97,0.2478,0xd2...ba2d,https://etherscan.io/tx/0x4c22a6dc1918f1e42edd1b8cdca536d38cd5706c86fdd7361f6671aaa228f050
2023-03-27 18:20:11,True,0.08335,4.822e-05,6012.96,0.29,0x79...b517,https://etherscan.io/tx/0xb16035acb5504ebd98cc747db54fdcaa4e02a54bbcc487078eee13b06924fd99
2023-03-27 18:19:35,True,0.08329,4.816e-05,5919.84,0.2851,0xfa...6d30,https://etherscan.io/tx/0x6f636fb91238e2ad013d63ce6ea24e3a943dc8ff5c56e04ce506f27645045ba7
2023-03-27 18:19:23,False,0.08288,4.792e-05,15000.0,0.7188,0xeb...32b3,https://etherscan.io/tx/0x916177c6ca93a6882293555ada6b10ff47287890024c3a70b987ac2471732df4
2023-03-27 18:19:23,True,0.08339,4.822e-05,13064.1,0.63,0xd6...f116,https://etherscan.io/tx/0xea77e5643fba78a9f80c2aac5d813a91e701a54460c39dff5a2eb2a9a9358e49
2023-03-27 18:16:35,True,0.08307,4.814e-05,2821.78,0.1358,0xdd...c450,https://etherscan.io/tx/0x501fc847573caf05ec50cb612cd3feaf3bda0550e98775625368c55d44702269
2023-03-27 18:15:23,True,0.08287,4.812e-05,823.962,0.0396,0x43...35a6,https://etherscan.io/tx/0xb4b3a7e8af389a0ec142004119911b914152bc0142abe9b869bc59cd8ed2a956
2023-03-27 18:15:23,True,0.08284,4.81e-05,2060.55,0.0991,0x5b...9676,https://etherscan.io/tx/0x1bbf818af147dc451578752743ec3163a6bcf4cd0fdf9918502024be2bc0650f
2023-03-27 18:12:59,True,0.08261,4.796e-05,24199.0,1.16078,0xca...5d60,https://etherscan.io/tx/0x3f1e2b43d0a92fa9a783788c680509ed56b6633cae3334242832534147664779
2023-03-27 18:09:35,False,0.08202,4.764e-05,16982.2,0.809,0xa3...5606,https://etherscan.io/tx/0x2d119fb40d3ca06f8990fafc710a1768897fb2812ef8810534e3a7ac048ae6e6
2023-03-27 18:07:59,True,0.0827,4.801e-05,1651.73,0.0793,0xce...bfc2,https://etherscan.io/tx/0x8556c753ffce730cba2228a65ffc31060d73b450cde05ba3db44b8e61c3cf944
2023-03-27 18:05:23,True,0.08241,4.798e-05,2416.72,0.1159,0xb5...0445,https://etherscan.io/tx/0x79646e05d3a34fe5b04f48f922a830561a78e752180b9b1b4109232981b84d4f
2023-03-27 18:01:35,True,0.08114,4.745e-05,99790.9,4.73602,0xbd...53cb,https://etherscan.io/tx/0x8dd286d9a88cb542b41c654ffc33f5b0e2f11c594d3e9994b954a753e8c15002
2023-03-27 18:00:11,True,0.08036,4.693e-05,2111.79,0.0991,0x3e...bde7,https://etherscan.io/tx/0xebb184b4c2532636f1f267918fed5219165e25130f50cd6a6a09587579c524ce
2023-03-27 17:59:23,False,0.08022,4.688e-05,47773.1,2.23999,0xac...7bdd,https://etherscan.io/tx/0x97e434818d6dc208e283ee1a490b8f8fc5eb154e9fb2bf92bbab84b3e4e6587c
2023-03-27 17:59:11,True,0.08111,4.74e-05,1045.44,0.0495,0x07...c672,https://etherscan.io/tx/0x37c7d38718aabf1d43ef0e4633568db77da7dab45b8f4253ff4fdaa6adee6199
2023-03-27 17:58:59,False,0.08097,4.732e-05,40000.0,1.89296,0x0e...9e3a,https://etherscan.io/tx/0xcdfa5946638a869c97818cf29200194abe381da30f0cf6762dcddc699c888051
2023-03-27 17:57:23,True,0.08175,4.778e-05,5185.62,0.2478,0x40...1d92,https://etherscan.io/tx/0x4051b1725377f8deed535695b8f961e525172f646c308854a0e9ccd9a6ebf2dd
2023-03-27 17:56:59,True,0.08161,4.772e-05,6230.48,0.2973,0xf2...ef85,https://etherscan.io/tx/0x79b440ece8e4d4d828f5f0359228cee2dba3d812d196f5edda4da6068c761bb5
2023-03-27 17:56:47,True,0.08162,4.768e-05,2796.6,0.1333,0x6a...8e95,https://etherscan.io/tx/0x239221968c8908c668cd7e6c3deea52c8974a58cb0635c9f02ff7ae193383d1c
2023-03-27 17:56:35,True,0.08154,4.763e-05,5951.21,0.2835,0xd9...e177,https://etherscan.io/tx/0xd415971617fe6348663bbcbb0ce8171478cc0ea678105faf24f5adfcf4b6f37f
2023-03-27 17:56:11,True,0.08146,4.758e-05,3526.27,0.1678,0x98...39b6,https://etherscan.io/tx/0xf06294b2a57bd43c8ac4735423d0c5615638433cfc6abbbef6d1d9c3fdefdc45
2023-03-27 17:55:35,True,0.08125,4.746e-05,20000.0,0.9493,0x9e...027e,https://etherscan.io/tx/0x7cb987081e666ce1ef023a7963daa2bbfb0a277ec42c11986c8a8eda8a52ff97
2023-03-27 17:55:11,True,0.0811,4.733e-05,6143.35,0.2907,0x2e...f345,https://etherscan.io/tx/0xc0eee0d60d5f8302a335be549c4b42d08b259b0d52f8fb40a735737fc0c311aa
2023-03-27 17:54:59,False,0.08074,4.712e-05,21472.4,1.01193,0x29...232d,https://etherscan.io/tx/0xddfaae9529f6aae830d0deee9c785cf68080fcdbd958cfec66b921d9b83da3e3
2023-03-27 17:54:59,False,0.08116,4.736e-05,25946.1,1.22905,0xb7...91c9,https://etherscan.io/tx/0x80807c40d2aa61e67f7a3e09905255b022b20c3b7a1e48efc7b41fa51694962e
2023-03-27 17:53:23,True,0.08187,4.777e-05,2660.41,0.1271,0xdd...c450,https://etherscan.io/tx/0x998ecfad3a50feb81932b2316616516156e41063cbea05b9b11a6c7983909863
2023-03-27 17:52:35,True,0.08172,4.772e-05,7124.28,0.34,0xd2...3515,https://etherscan.io/tx/0x327d6e4654c8eb5ddf2ee7f8de31ee5fee5fa22a068df460f8fb60edff382fa9
2023-03-27 17:52:35,True,0.08153,4.761e-05,14365.1,0.6839,0x04...087d,https://etherscan.io/tx/0x928aa9ca332dbf0f40a1564b76453f9db92ad4eaa605026ade69fb961062da53
2023-03-27 17:52:35,True,0.08139,4.753e-05,669.518,0.0318,0x98...39b6,https://etherscan.io/tx/0x9827477ea115436eedae9e521f2b063743ecfb2c25fda2862d5f0cc502db77c8
2023-03-27 17:52:23,True,0.08138,4.752e-05,1251.44,0.0594,0x73...5c8b,https://etherscan.io/tx/0x2ebba6242b4aa2e7b572e8e9e768dfb57ec14dc38626ef06448e5c7aac695c12
2023-03-27 17:51:23,False,0.08087,4.728e-05,9728.59,0.46,0x43...24fe,https://etherscan.io/tx/0x4d30660a7d22ac22682caabe82d24143537ff528f7f22a58ec21e39a2c442234
2023-03-27 17:51:23,True,0.08144,4.761e-05,208.167,0.0099,0x78...292d,https://etherscan.io/tx/0xd96c9fcf0d0af25c6f38ff9e52cc8be173132588b7d60fe534e5954b448d81da
2023-03-27 17:50:47,True,0.08141,4.76e-05,2498.74,0.1189,0xaf...d320,https://etherscan.io/tx/0xc313a2eded7887efd3c4f899e827f95f391588f33cf05950382710868185fce7
2023-03-27 17:50:47,False,0.08108,4.74e-05,20000.0,0.9481,0x17...a59a,https://etherscan.io/tx/0xf14eb3917c3377140a0dfe7012d8c2c8cc78002abaf780ef0d9771216756eb99
2023-03-27 17:50:11,False,0.08127,4.751e-05,1200.0,0.057,0xad...1ab8,https://etherscan.io/tx/0x9a5b63f8bb11d0882a1ff83f53e2f76a2a3684bb3f58b54f5a48a6b5d27e7218
2023-03-27 17:49:59,False,0.0813,4.753e-05,1500.0,0.0713,0x1b...ea67,https://etherscan.io/tx/0xe39fd64075c1ada13fb71d7a0f412788029421af20350cfef4023bc2b7175e09
2023-03-27 17:49:23,False,0.08193,4.79e-05,70093.6,3.35777,0x79...0fa0,https://etherscan.io/tx/0xf99133a735d0f2eea4c0f8422cb02bd8008a5f6bd16a001065cae95d5d090f67
2023-03-27 17:49:23,True,0.08249,4.823e-05,61651.3,2.97375,0x77...4922,https://etherscan.io/tx/0x8ccd54ae1e2bcbcddbc8ec18f3a8f641ae4cf84ca13b91bf37b5383e8f6062b2
2023-03-27 17:49:11,True,0.08148,4.766e-05,46992.5,2.24,0xb9...33e5,https://etherscan.io/tx/0xaf2e686475b6e84a790b5fa57a72c5bd148b12c1cc72ce2c3b4d30b74abd25c2
2023-03-27 17:48:35,False,0.08069,4.718e-05,7976.66,0.3763,0xcd...c31b,https://etherscan.io/tx/0xc03c0c0b313b79b7fa7951dc3c2712a5b8439714744fc34992190b348cb0a03d
2023-03-27 17:47:47,False,0.08091,4.731e-05,17299.9,0.8184,0xb7...91c9,https://etherscan.io/tx/0x4e5119c9cc098e2702603bac06efe2337be2232963e065fb06e270c705e34ff6
2023-03-27 17:47:35,False,0.08116,4.745e-05,10348.8,0.491,0xd7...a3b2,https://etherscan.io/tx/0xbf4a763bec7d41ad222d54d1cb2f46c9ad8c9150285de4e02ede3b83b9a9ec8a
2023-03-27 17:47:35,False,0.08131,4.753e-05,6541.83,0.311,0xd7...a3b2,https://etherscan.io/tx/0xbf4a763bec7d41ad222d54d1cb2f46c9ad8c9150285de4e02ede3b83b9a9ec8a
2023-03-27 17:47:35,True,0.08153,4.766e-05,37432.8,1.78425,0xff...954a,https://etherscan.io/tx/0xa4b90a7a4968b87535f39924fe04b3fdacf7885ad4486d26cac57ee3eb9c2866
2023-03-27 17:47:23,True,0.08115,4.744e-05,4751.24,0.2254,0xff...d62a,https://etherscan.io/tx/0x5bfe6ca2dfd2a9482a91f74234775daf5f112f4d1b9d79ba889ec8b3ce80dfc2
2023-03-27 17:47:23,False,0.08083,4.726e-05,23671.7,1.11873,0x76...7d5e,https://etherscan.io/tx/0x6325b14b46b46612c0853247dded7dc7d1693740ea7bb60365f9dda44382fbef
2023-03-27 17:47:23,True,0.08094,4.732e-05,66468.8,3.14561,0x8b...dae3,https://etherscan.io/tx/0x07b11d09964bbabd7db91dfc4389788377dc6bf81457d9ccdf7278e9484fc767
2023-03-27 17:46:59,True,0.07998,4.674e-05,46792.0,2.1875,0x49...8380,https://etherscan.io/tx/0x31238a40cf3d666d9742b3b6196063afb97be11b690b4eda573a9dda02cda9b4
2023-03-27 17:46:47,False,0.07913,4.625e-05,3079.51,0.1424,0x76...7d5e,https://etherscan.io/tx/0xd3963bf6ba92dc7100181ba9ebbd022a21ac758b79a547da4ccb95f84517d1c2
2023-03-27 17:46:47,False,0.07922,4.63e-05,6958.83,0.3222,0x76...7d5e,https://etherscan.io/tx/0xd3963bf6ba92dc7100181ba9ebbd022a21ac758b79a547da4ccb95f84517d1c2
2023-03-27 17:46:47,True,0.07971,4.658e-05,5638.53,0.2626,0x89...fbc8,https://etherscan.io/tx/0xdf4887f29ba2613cc3f2ca3d4acfe3849c0216c5cb564aae244f47950090b79e
2023-03-27 17:46:11,True,0.07971,4.655e-05,596.168,0.0277,0x4e...c83b,https://etherscan.io/tx/0xf7addef91e4a1bb3ed4180427c20eac891088d29afbb71580792828ac24f3365
2023-03-27 17:45:23,True,0.079,4.614e-05,82242.6,3.79505,0xf6...2e0a,https://etherscan.io/tx/0x9f4a784ae276413aef6313064f04569cdcf852b5dc226570549089e80f8593a1
2023-03-27 17:44:47,False,0.0779,4.555e-05,18055.9,0.8225,0xb7...91c9,https://etherscan.io/tx/0x7ca38523d4b32cc6ec622419979f8b1b1201476ea5617fe46fc535029ee92423
2023-03-27 17:44:23,False,0.07813,4.569e-05,10000.0,0.4569,0xbd...c441,https://etherscan.io/tx/0xc86367f4eb751180a1105f35b6c95e0d89559dda39c929ddf67f8b10b6f4fcc9
2023-03-27 17:44:11,True,0.07848,4.595e-05,12545.6,0.5765,0x1c...3618,https://etherscan.io/tx/0x937db0f0c906ce3c86faf127326fb06d3164cf8e24a0b79737be7741f2a6a2ef
2023-03-27 17:43:59,True,0.07839,4.586e-05,6320.83,0.2898,0x96...56be,https://etherscan.io/tx/0x91d4db1561685e4fa87ac9a485f28384777ec191dd624fedb8a8969ff98b35db
2023-03-27 17:43:59,True,0.07788,4.556e-05,54868.7,2.5,0x2b...fd99,https://etherscan.io/tx/0x65d6d503ea972a2136cedab013633be477d6b85e81272b86af2a7ea2075e05e2
2023-03-27 17:42:35,True,0.07732,4.523e-05,13147.8,0.5947,0x65...e31f,https://etherscan.io/tx/0x77ff03245965cbf5f5973eb16a0c4f90c4bbddd4cd7e973fbfd2020506a092ee
2023-03-27 17:42:23,True,0.07716,4.514e-05,6461.2,0.2916,0x40...1a1d,https://etherscan.io/tx/0x97f179352933aa1a0e38cf1e9f76df74e0ce4ab80b6dddf1c86d5e6afce9e573
2023-03-27 17:41:59,True,0.07709,4.51e-05,2197.85,0.0991,0x52...2c62,https://etherscan.io/tx/0x7a15cd9b393028fa09f65b09873422e3eca9f29bb1b9dd5542a3608da96a9cc2
2023-03-27 17:41:11,True,0.07708,4.51e-05,87509.7,3.94752,0x1f...ff66,https://etherscan.io/tx/0xaddb5b01351458e706a4fe091cb4fad8bc3cb2c761497f8067a8caa7c40f604e
2023-03-27 17:40:47,True,0.07555,4.423e-05,6722.57,0.2973,0xaf...d320,https://etherscan.io/tx/0x42121b201baef29e06c1f7435308a484e511c20c4ed37b9cf566ef489d2c7b54
2023-03-27 17:40:23,True,0.08044,4.709e-05,56677.7,2.6691,0xd3...762d,https://etherscan.io/tx/0xa9ec69eb5f3a55bd88f8e10e706aed65f837747fa9bce70d485fe3c2cd98e15e
2023-03-27 17:39:35,True,0.07459,4.366e-05,1602.99,0.07,0x37...1265,https://etherscan.io/tx/0xb5030ca2bd3b6bd879319d5980217ccb165a151072a57b1a9f8e17b384fd4d93
2023-03-27 17:39:23,True,0.07405,4.334e-05,69206.4,3.0,0xb3...9496,https://etherscan.io/tx/0x774600ada0203e97f2be5b1f7fb240e436bdd7cd498be3a69b01527373f79086
2023-03-27 17:39:11,False,0.07345,4.3e-05,49976.1,2.14912,0x30...519e,https://etherscan.io/tx/0xd3e7516152400fc1f36da5e2a45e83f54c9e9e43b54ff4f4ce914edd61494496
2023-03-27 17:39:11,True,0.07426,4.347e-05,2280.03,0.0991,0x0a...7e3f,https://etherscan.io/tx/0x081bafd3cf2801b3fc947b484bf8f5c23a44844400ccfa5489d2d2a1a5523c65
2023-03-27 17:39:11,True,0.07378,4.319e-05,59894.8,2.58722,0xb3...4bf1,https://etherscan.io/tx/0x40734b29769343608c3a26c7d77f7e67defaafd28e20233a846c759b60979b6c
2023-03-27 17:39:11,True,0.07323,4.287e-05,12128.0,0.52,0xb4...d18b,https://etherscan.io/tx/0x9fd1693c9d28d778d8a09802561e500010590a569c3d40b7ec4213df40c644b8
2023-03-27 17:38:59,True,0.07313,4.281e-05,1331.26,0.057,0xb7...336f,https://etherscan.io/tx/0xd6f1a48d95aedd7c605f22ecd2f54e8ff1ea4001dfc4208e4887fe12655bcdf7
2023-03-27 17:38:35,True,0.07293,4.269e-05,40521.6,1.73022,0x76...7d5e,https://etherscan.io/tx/0x6b5aca33a10debfecc60c250b6bebcde6369577d86566cc0dbb3934d77002642
2023-03-27 17:38:23,True,0.07258,4.249e-05,6000.0,0.2549,0x85...6dc1,https://etherscan.io/tx/0xe61a3ce29960ab057b845fe271574067dc1777385b7d1992326a40f113b49395
2023-03-27 17:37:59,True,0.07231,4.233e-05,32047.3,1.35655,0xd0...5b64,https://etherscan.io/tx/0x66d20a2c344630d98fe65c2e51da6a7f8a3a40c39790c72ccc884e27a159cb73
2023-03-27 17:37:59,False,0.07219,4.226e-05,75035.3,3.17116,0x8b...dae3,https://etherscan.io/tx/0xf200328a83efc78a764354a3884f2ecf47dd84e6a01742e41fa45cdd65481754
2023-03-27 17:37:23,True,0.07317,4.282e-05,4127.3,0.1767,0xca...3ff0,https://etherscan.io/tx/0xdfc6fe8b9071c6a5915afe8f8e8892cbcf595deed9a0d9df5efb369b6745dbff
2023-03-27 17:37:23,True,0.07313,4.28e-05,270.765,0.0115,0x9e...e8d7,https://etherscan.io/tx/0x3d282e41d97fd843ebff9ce179e5d3c69d7b62a417f19fdc4e278d09933839dd
2023-03-27 17:37:11,True,0.07279,4.26e-05,50000.0,2.1302,0x36...50de,https://etherscan.io/tx/0x7fcb4a0fe6799b7766d944f679e46614497425013011e3bdc35b40cfac0f21e2
2023-03-27 17:36:47,True,0.07237,4.235e-05,7862.71,0.333,0xcd...10bb,https://etherscan.io/tx/0xeb202a99d4c088660ffaf4e0b0b00f9607ff0718fc1d9b3e05c137415e651d26
2023-03-27 17:36:47,False,0.07232,4.232e-05,59671.3,2.52544,0xc6...fed0,https://etherscan.io/tx/0x07d6748e43602a7f63d4b5ca04b0778cd457e391094647f343903f502ebbec06
2023-03-27 17:36:35,True,0.07236,4.234e-05,112922.0,4.78163,0x76...7d5e,https://etherscan.io/tx/0xd43b5541bb421166de3c20e89b5192106970b0476d847b363cf2b76dd66dca14
2023-03-27 17:36:23,False,0.07177,4.196e-05,83323.3,3.49652,0xea...5845,https://etherscan.io/tx/0x4394411209139fa5ec360ebb0cd589ca6cb595b1fb960447c9cbd89db8b43a72
2023-03-27 17:36:11,False,0.07274,4.255e-05,53908.7,2.29415,0x2e...f345,https://etherscan.io/tx/0xac6efdb06e91eb0967169e99ac2fb112326555af1ab52a07b8cd352f8db8b746
2023-03-27 17:35:59,True,0.07385,4.321e-05,3351.92,0.1448,0xa4...bf87,https://etherscan.io/tx/0x6a9096da51a44e9db5455f417f5f9d7104fa02fd98c4441e7e8b19111935bfb4
2023-03-27 17:35:59,True,0.07474,4.372e-05,41165.6,1.8,0x1d...9247,https://etherscan.io/tx/0xe5b29c1afb414a3821e430de2baa789f48e8324e5308ff250f0766690b47603e
2023-03-27 17:35:59,True,0.07431,4.347e-05,14030.9,0.61,0x58...5836,https://etherscan.io/tx/0xbbd6b5fbb4992fc647bfaa3b3f1261ed8ac4b1fc39f78a63aaec90942a430739
2023-03-27 17:35:59,True,0.07419,4.341e-05,635.493,0.0275,0x3d...b3f1,https://etherscan.io/tx/0x2385abfde46d86056fa5eb372f6505f7a7b3d4713df6bdc07fe7cc7a675d7dd7
2023-03-27 17:35:47,False,0.07285,4.26e-05,75985.6,3.2372,0xc6...fed0,https://etherscan.io/tx/0x9b577f1cda59e1008d7b33ebda8943475501849ff33c143b34b16353fe48a2f2
2023-03-27 17:35:35,True,0.0735,4.298e-05,46524.7,2.0,0x1d...f241,https://etherscan.io/tx/0x62fcfa5c24af47587d55a9c32f1c36ea48e6f3d0762c655f175e4f87e2876c8e
2023-03-27 17:35:35,True,0.07301,4.27e-05,18609.6,0.7946,0x76...7d5e,https://etherscan.io/tx/0x0a9d4bc3f7b568368a78f476f58a60d756f0deeecc6cc2a24f403641b9c351f5
2023-03-27 17:35:23,True,0.07263,4.249e-05,28109.7,1.19455,0xb9...d488,https://etherscan.io/tx/0x3aeb13177a1bfe3c46b61942f1eb196fd104abd016fd10b9dd0fcd4b30ac81b7
2023-03-27 17:34:59,True,0.07238,4.235e-05,4680.89,0.1982,0x7d...c723,https://etherscan.io/tx/0x261984af94259b2b59fd3b33ce829607383bd657a0c3070bf0276a9ec4072eb0
2023-03-27 17:34:59,False,0.07266,4.251e-05,100882.0,4.28929,0x0e...c0e4,https://etherscan.io/tx/0x0d28edba4b6ac7aebd888bc97bfea79e5f65f6397f261db4933deb92fc9cc4b3
2023-03-27 17:34:35,True,0.07366,4.31e-05,25129.3,1.08324,0x87...5902,https://etherscan.io/tx/0xcef9bd0ed2bf565311269b10b41895be616e686a9d284c65fa593468d0c74a48
2023-03-27 17:34:23,False,0.07381,4.318e-05,100081.0,4.32179,0x0e...c0e4,https://etherscan.io/tx/0x5dba96be3cfb820b05f3d5d8f2270d04ef2e241c09e07a3fe02909d4bf19a221
2023-03-27 17:34:11,False,0.07496,4.385e-05,48159.3,2.11187,0xc6...fed0,https://etherscan.io/tx/0xa129f7dd6d68c3fc27dea66c7f158155705b8221209c169fad75ca0a898df891
2023-03-27 17:33:35,False,0.0754,4.41e-05,7317.11,0.3227,0xed...2d80,https://etherscan.io/tx/0xe78f7948f011782af7e27c47aba36308f364bb2acc4ed2c6a13c31579bea61b1
2023-03-27 17:32:47,True,0.07591,4.44e-05,430.815,0.0191,0x92...3c7f,https://etherscan.io/tx/0xba95ea09fb7d7f075516ce4eddb6fbd793ae26119300bc2a6f1143129d195a43
2023-03-27 17:32:47,True,0.07585,4.437e-05,6618.07,0.2936,0x76...7d5e,https://etherscan.io/tx/0x098980981a901b15a48cf3c328f2baf04a9b169215af556726a5fa84993d5d8b
2023-03-27 17:32:35,False,0.07579,4.432e-05,52806.3,2.34035,0xc6...fed0,https://etherscan.io/tx/0x12d76d4f40d38b3d73128a6fbef7faab6ca9963405325504a927ed9a27c7a7c1
2023-03-27 17:31:59,True,0.07635,4.464e-05,39405.4,1.75938,0xb7...91c9,https://etherscan.io/tx/0xaa5b24613131b7c386c83a383eb21d070ef00f16a9a895e463672987e61dae65
2023-03-27 17:31:47,True,0.07584,4.434e-05,24966.9,1.10721,0x39...38ef,https://etherscan.io/tx/0x35449114d99120ae2f68cae16449c336decdcb0d41c3b37e89af67b413cace91
2023-03-27 17:31:35,True,0.07556,4.418e-05,10000.0,0.4418,0xd1...893c,https://etherscan.io/tx/0x41aaf6bd4794525af3fc1fe0cf2179094b81201192b37e2e1a6e802509a0765c
2023-03-27 17:31:23,True,0.0754,4.409e-05,9723.34,0.4287,0xdf...b40c,https://etherscan.io/tx/0xf6f544f5c03cac85cd60ed6a1016a105955ae069deeed0efcde157c5617d4379
2023-03-27 17:31:23,False,0.07593,4.44e-05,133257.0,5.91697,0x66...feb9,https://etherscan.io/tx/0x5ed543caace5e290d4a8f3617367cb2cac7e7c09aa0da57794d96c52956b50e6
2023-03-27 17:31:11,True,0.07809,4.561e-05,12453.5,0.5681,0xbf...9a66,https://etherscan.io/tx/0xdafc02000ec306c892170b7fc48168caddd3ce6828b363615a57d8f415f82900
2023-03-27 17:30:59,False,0.07719,4.509e-05,39533.0,1.7828,0xc6...fed0,https://etherscan.io/tx/0x6bd7b575c6aec8850c279f849645d97b11ac1f88ea86fa1ee2f0069a11126f35
2023-03-27 17:30:11,False,0.07789,4.552e-05,49481.3,2.25259,0xc6...fed0,https://etherscan.io/tx/0x32486829d18afba012bcf5cb2c01af08179eeb5d0b519637a70346f5ad6af9f9
2023-03-27 17:29:47,True,0.07872,4.6e-05,6303.18,0.29,0x94...3f17,https://etherscan.io/tx/0x2ed190ed609632c13bc9d7634057a3062008b654008c6e0a559196de54b0fd97
2023-03-27 17:29:35,False,0.07874,4.602e-05,65792.3,3.02809,0xc6...fed0,https://etherscan.io/tx/0x0c5b1ea37aa45d029b7907247b75642548053d1de0e8125e9d083d26e01dbbe9
2023-03-27 17:28:47,True,0.07936,4.649e-05,26030.7,1.21038,0x76...7d5e,https://etherscan.io/tx/0xbd37f32d6b30a1b20d011f14c2519cc9aea82f604b6d180d0645da5ba01c86ca
2023-03-27 17:28:35,False,0.07908,4.633e-05,49875.0,2.31112,0xc6...fed0,https://etherscan.io/tx/0xc95c2ab7cea6246391ed808d5d7396055d54cb34f101ce19dcc9266afaf4bddc
2023-03-27 17:27:11,False,0.0799,4.683e-05,49767.1,2.33095,0xea...cc64,https://etherscan.io/tx/0x823f4576cac03df3b7732ff9fb7642c30d31ac93fef33032152dfef82c2a3080
2023-03-27 17:25:59,True,0.08057,4.719e-05,34785.6,1.64168,0x7e...e9e6,https://etherscan.io/tx/0x25da89cf2994aca2f1b80cd36dfc2a7509fdaea109a5b7f8b5bc7b81f862ef97
2023-03-27 17:25:47,False,0.08003,4.687e-05,28385.3,1.33068,0xb7...592b,https://etherscan.io/tx/0xb04ca435491f51ec040def9e03ef060b1a437d69c48719c85c14636600ddc4ca
2023-03-27 17:25:35,False,0.08089,4.738e-05,70469.9,3.33913,0xc8...d994,https://etherscan.io/tx/0xb4082e1718d03d09f1a7ff2697941ad180df339e64f91c502c8dd23555689d28
2023-03-27 17:25:11,True,0.08199,4.801e-05,3033.87,0.1456,0x99...6837,https://etherscan.io/tx/0xbfd9b0a9899c337daeecaee53015522549275ab2ae72ebe29f94fef420644d36
2023-03-27 17:23:35,True,0.08194,4.799e-05,2065.46,0.0991,0x50...2f7e,https://etherscan.io/tx/0x9bce04bc67789c10273d382c3e43841b24747e2988f81b189cfc90773526bf36
2023-03-27 17:19:35,False,0.08149,4.779e-05,19373.1,0.9259,0xc9...27b6,https://etherscan.io/tx/0xc558eea5e2639c8e64395c3547dd91fce8a483e72b310d45585ec7f4eb95fcdc
2023-03-27 17:09:47,True,0.08176,4.814e-05,7536.15,0.3628,0x1d...8ee6,https://etherscan.io/tx/0xa6695784cc1ae2d22ec404f2a704c75f1404bfa5a5512d541a996134dc9ce104
2023-03-27 17:05:11,True,0.08174,4.805e-05,10000.0,0.4805,0x3c...9e8e,https://etherscan.io/tx/0x02909b5571b703f4a75fe109fcbccea07ace77e55f72c9db515b987a54fcf860
2023-03-27 17:00:47,True,0.08217,4.798e-05,3202.06,0.1536,0x69...fe39,https://etherscan.io/tx/0x832bf792cb58ed7dbd807981ce044d46a7ef6ce44b1e06f45fa385d3fab1b954
2023-03-27 16:57:35,False,0.08298,4.768e-05,2000.0,0.0953,0x54...48db,https://etherscan.io/tx/0x1aadc3880f01a28d0ac481df0efd8a03f48adfcee2f1a009ff5a3903ff438989
2023-03-27 16:57:35,True,0.08332,4.788e-05,19251.1,0.9218,0xc2...a9e3,https://etherscan.io/tx/0x81222322a708b813e8875e98ab92bceff03daffe088c9766e1abd8ecec3d5f16
2023-03-27 16:57:11,False,0.08304,4.772e-05,43044.5,2.05422,0xa4...5573,https://etherscan.io/tx/0xc4cdb6dee96788c21672bf8cf3c95179fb1a1738097c1072c89dfa3edce1a1d3
2023-03-27 16:56:47,True,0.08393,4.823e-05,176.752,0.0085,0xb4...5f92,https://etherscan.io/tx/0x5f4dfd9d58894a4fb5121c5ce1e468dca0285a31e74a39f0530d6669309d634f
2023-03-27 16:52:11,False,0.08336,4.795e-05,2685.32,0.1287,0x77...5bc0,https://etherscan.io/tx/0x8f4408aad2232eb93bf2f0bf2f8b9e8ff3409407b09150792beadc6b6c6d1001
2023-03-27 16:50:59,False,0.08345,4.797e-05,500.0,0.0239,0xa7...ea36,https://etherscan.io/tx/0x98eeea169f28b80f4793bf59c76b975278576c5951e0b65b39633cd0834416f9
2023-03-27 16:48:59,True,0.08401,4.826e-05,616.141,0.0297,0x35...2a43,https://etherscan.io/tx/0x3287f2587c7c58e4c2c42f1d17ef4cff70e014564d2eb4784ecf5a1b8d8a478d
2023-03-27 16:46:35,True,0.08394,4.824e-05,2157.15,0.104,0xaf...eab5,https://etherscan.io/tx/0x9e2d53fdd34a5d673b1db3ed0096b3c1ad7da8d31ae33a79052a4bfc406414ad
2023-03-27 16:46:11,True,0.08382,4.817e-05,11872.4,0.5719,0x08...fd35,https://etherscan.io/tx/0x7d8b452c6d28f168caa22f502f296ec63f7038aaae8f3718c2332c1f4a96e5d3
2023-03-27 16:44:11,True,0.08365,4.81e-05,2494.81,0.12,0x42...cf69,https://etherscan.io/tx/0xbb4d9aebebde6b1fe0b7a946a38d04289efa8c7bd2760e80ccbde9eef08603d2
2023-03-27 16:43:11,True,0.08333,4.793e-05,28160.7,1.35,0x4a...7dfc,https://etherscan.io/tx/0xa408537ed1415e01a6305e1f37f463036ce7b08a54c6f0ca51495ff4e08f6d16
2023-03-27 16:40:59,True,0.08299,4.778e-05,2074.54,0.0991,0xf7...06cd,https://etherscan.io/tx/0x96be3225c462c01fd655f308be70094aa7d5cf3edded2f7d02a8886853f5ca0d
2023-03-27 16:38:11,False,0.08269,4.758e-05,20000.0,0.9517,0x3b...a767,https://etherscan.io/tx/0x8971ba67beffb4180aac00e0b5a24e3e8bef703705ed0f6322cc56592840ae09
2023-03-27 16:36:35,True,0.08317,4.794e-05,5857.86,0.2808,0x9f...d3ed,https://etherscan.io/tx/0x05b09254f80f8e6cbe7b0dd76bf7ee1cec60da14b1302c8ef4546fabb369deca
2023-03-27 16:35:35,True,0.08309,4.789e-05,3580.17,0.1714,0x88...ffe8,https://etherscan.io/tx/0x058e52b91639b19cd5a667baac8ff701931e8d754472e01e95ffce5eb3493a80
2023-03-27 16:34:59,True,0.08297,4.781e-05,11932.5,0.5705,0xb4...c1d4,https://etherscan.io/tx/0x7edc8cdb0e22f6647cc986a72689a51e0b736f78914cf50eba2ccba97bd7828d
