datetime,buy_order,price_USD,price_native,amount_token,total_native,maker,etherscan_url
2023-03-20 19:22:47,True,0.08547,4.871e-05,2362.69,0.115,0xa3...26f3,https://etherscan.io/tx/0x4bf0b0b241b10357f267b7a65ec84f62e426b14ecee251b11d005b75ecfb2bef
2023-03-20 19:14:23,False,0.08494,4.846e-05,10000.0,0.4846,0xd8...9753,https://etherscan.io/tx/0x45d12826af2562d832234018533c3abfe931e8a97daf6a26a6c49283dee2968f
2023-03-20 19:06:35,False,0.0848,4.852e-05,1798.72,0.0872,0xcf...116f,https://etherscan.io/tx/0xf0e4de0498be3d7a6c9eb3e6404ce8138a756b33489a054ac76c79de284ea913
2023-03-20 19:03:23,True,0.08517,4.88e-05,4303.06,0.21,0x65...67a1,https://etherscan.io/tx/0x3355db6ac5ae887387539cdbb250b0f25b5e291766d5241a38ec9f6fe93e95ac
2023-03-20 19:03:11,False,0.08464,4.85e-05,3000.0,0.1455,0xbc...def3,https://etherscan.io/tx/0xb2b1e6d70cf6ebee011826df1f7b4e4f270112bfe4f2fd2818d103cb0029e335
2023-03-20 18:55:47,True,0.08545,4.878e-05,5181.44,0.2527,0xae...4367,https://etherscan.io/tx/0x83c0f917871c127f88ab43350920f4c73634181e349c1df9c3f4bc877470ca8c
2023-03-20 18:55:11,True,0.08545,4.869e-05,11222.2,0.5464,0x65...f78f,https://etherscan.io/tx/0x36f69aae192c5cf8d535fa0447a15dc09f4ff30755f3135f1244f9271d8f4372
2023-03-20 18:53:11,False,0.08508,4.839e-05,10000.0,0.4839,0xd8...9753,https://etherscan.io/tx/0xbd39f8eb8d6dc225e2c5397df0f2fccf784e389a3eae5bada023d49613b3614a
2023-03-20 18:50:23,True,0.08566,4.867e-05,11906.1,0.5795,0x21...1c6e,https://etherscan.io/tx/0x37007db93e53174069062c92db75dd36db17d95208aaa85e6df90d7c2a89cfbd
2023-03-20 18:49:59,True,0.08549,4.858e-05,5825.24,0.283,0xa0...065d,https://etherscan.io/tx/0x298e223ee17e7d6bd40a6f5daf18f86303e7ca6319403301c3d442f557ba8cbc
2023-03-20 18:47:59,True,0.08549,4.853e-05,3267.9,0.1586,0x50...8431,https://etherscan.io/tx/0x4d746ba0b8a44047a6faf066a546725b8a3c155040eb618ca7bacb08e39fb78f
2023-03-20 18:41:23,True,0.08511,4.848e-05,5243.8,0.2542,0x29...0850,https://etherscan.io/tx/0x7dbbe6c61fcfb1447bbeee7f73e434a69389ea65b321e3417becbc4dc8209139
2023-03-20 18:35:59,True,0.08503,4.844e-05,3478.78,0.1685,0x4a...3371,https://etherscan.io/tx/0x1e1f4f40cd88cfb918fc157ecee6046a4b8ac61ad9595ec8721b74f88e90d3a4
2023-03-20 18:32:47,True,0.08511,4.838e-05,5993.07,0.29,0xd9...2127,https://etherscan.io/tx/0xdad88c1e8ec81f4fbddf2f9bf1835532fed7b814f81f61d0fe538de75119b571
2023-03-20 18:32:23,True,0.08498,4.834e-05,2460.7,0.1189,0x55...1919,https://etherscan.io/tx/0x6b7e73898ad07bb3329cfdc8e6c97a4eea257aae2c83de2d17f1e0070c0121d3
2023-03-20 18:31:35,False,0.08492,4.83e-05,49000.0,2.36684,0xd6...c466,https://etherscan.io/tx/0x36194a85ff72c34c798a90b9d7f96c600033f3ecd7652daa8ab8f663664051fc
2023-03-20 18:28:59,False,0.08542,4.858e-05,2881.59,0.1399,0x4e...edac,https://etherscan.io/tx/0x0beb189c6a99668ba22b706ff7411eb4fb6a33f4aadca7e608793300009b2cfd
2023-03-20 18:28:11,True,0.0858,4.879e-05,17243.5,0.8414,0x87...5902,https://etherscan.io/tx/0x856302445846a2c7bca22a1f34ee71d3c1fc19b384b52a7643bbd0172b783c21
2023-03-20 18:24:59,False,0.08509,4.842e-05,3045.97,0.1475,0x7d...f9fd,https://etherscan.io/tx/0x1f3ce6f3b49299f8039de90e58744b301e7b20d77341a2055b367b54e009c359
2023-03-20 18:22:11,True,0.08566,4.872e-05,2339.67,0.1139,0x3f...6d16,https://etherscan.io/tx/0x01b18d90e23ef4eaba7f3206972e386904de2b81789074e792f4f6c4a0a1c2c6
2023-03-20 18:16:23,True,0.08572,4.87e-05,876.096,0.0426,0x06...132d,https://etherscan.io/tx/0xc3e72c43cf76349ba21183e07e55919203f5b5f99c3179c00f685eb502148bfa
2023-03-20 18:16:11,True,0.08568,4.868e-05,3651.16,0.1777,0xf8...dfb8,https://etherscan.io/tx/0x9a50abfae3941076be14eac5bc246034e091695a5d3c266344101095183432fb
2023-03-20 18:13:23,True,0.08562,4.866e-05,96.0543,0.0046,0xcc...8d03,https://etherscan.io/tx/0x0723a0d97006e7d439bfcdc1d215d8dc4df53348e7f10ee40d81dd2bb598230b
2023-03-20 18:11:11,False,0.08505,4.838e-05,4010.5,0.194,0x42...e527,https://etherscan.io/tx/0x251e77cd23d345d7eb5ff689bad19c226dc55fb20cfe52927954c3b8a75347c2
2023-03-20 18:01:47,True,0.08532,4.869e-05,2320.8,0.113,0x4f...f7a9,https://etherscan.io/tx/0x711fe7aa27ea7431a0a3d0a5ea085ba2415ff97468196318209547c2354eb0ea
2023-03-20 18:00:47,False,0.08482,4.838e-05,588.511,0.0284,0x47...c1a7,https://etherscan.io/tx/0xd55573bedae4a600d3d5a4d044556acfa16a550a2e494443313d326de7e3192c
2023-03-20 17:49:11,False,0.08527,4.844e-05,10000.0,0.4844,0xdf...a7cc,https://etherscan.io/tx/0xd83120fa1c1a20bb1e1b994afd6770da65ac3c8175be6255e90fbb39cc0c508b
2023-03-20 17:46:23,True,0.08576,4.878e-05,1018.31,0.0496,0x55...ce90,https://etherscan.io/tx/0xa5c30cef4e9f0b1fbfd78c5ef984a1742885ecd34bfbd57f0b2a50bb2f7bfd3b
2023-03-20 17:42:47,False,0.0853,4.848e-05,0.9594,4.652e-06,0x7f...e629,https://etherscan.io/tx/0x522c0af678c745d744c3c822dcdd09b91e6e2613291d89d6195311fa0eca222a
2023-03-20 17:38:35,True,0.08592,4.877e-05,487.717,0.0237,0xc1...03f7,https://etherscan.io/tx/0x0d3e9f533d9dee65c1785f8c7b0340ded48697dd43745d2c9240a749acd9da69
2023-03-20 17:34:23,True,0.08593,4.877e-05,820.157,0.04,0x76...61b2,https://etherscan.io/tx/0xcfdfabaa63f91e72cfadcda7fdfee8c33671333db1f756f819c60c3b79c44988
2023-03-20 17:31:11,False,0.08539,4.848e-05,2000.0,0.0969,0xc6...fed0,https://etherscan.io/tx/0xe9de58e8d25ae84f7f0c76e6234f924ae655e878d1fdb93c997bd6eaf0e2e6c0
2023-03-20 17:29:11,True,0.08563,4.878e-05,201.68,0.0098,0x34...88a4,https://etherscan.io/tx/0x67674521003c21207c32ecdfb6ef0d8df6ba52a7b27e407b37cce25a198317c6
2023-03-20 17:28:47,False,0.08515,4.851e-05,3558.51,0.1726,0x77...7fb9,https://etherscan.io/tx/0x5b8029673b9933373d86ce05342b7b34569c55faea2ac4d8ab311d4f0ea2ac9f
2023-03-20 17:28:47,True,0.0857,4.882e-05,485.652,0.0237,0x48...b320,https://etherscan.io/tx/0x8c85ded1522c764b5731b1a80ea75fc2d6039852d1d2cbc1df2d80ce2eb63436
2023-03-20 17:26:47,False,0.08506,4.854e-05,2560.48,0.1242,0xda...16a5,https://etherscan.io/tx/0xfb13a8cb3cc1b936ed22c23efeb593b17051a92a88ba35424c2b100dbab36236
2023-03-20 17:24:11,True,0.08575,4.882e-05,3451.12,0.1685,0x84...09d4,https://etherscan.io/tx/0x0bd5199640660c6f50ec37398801d2f920fcefbef46cb077f06e720cf1e2c573
2023-03-20 17:11:59,True,0.08608,4.88e-05,1031.0,0.0503,0xd9...d9ea,https://etherscan.io/tx/0xfb3d32f55bf4e5714c1fe4c09a59ce47e0372b9d28cca69ddfed9e1ebc0713db
2023-03-20 17:00:47,True,0.08604,4.878e-05,3251.28,0.1586,0x64...1232,https://etherscan.io/tx/0xda5a96c50a3f88d4c3d1850a20c3bc8559b86a6d9e225f551af1bbfd62b3e30f
2023-03-20 16:59:35,True,0.08593,4.875e-05,1874.62,0.0913,0x9a...022d,https://etherscan.io/tx/0x34fe4b84632c22fe9ee0a7704477c73eda28b0bc7f64bb205a7c76a5c85fbfc6
2023-03-20 16:57:35,True,0.08618,4.873e-05,1545.41,0.0753,0xc7...bb34,https://etherscan.io/tx/0x9ea4510a5d5a17862ed352c8f67739ee1661e5104216aee06ed85fa72f0c7589
2023-03-20 16:49:47,True,0.08621,4.871e-05,2238.32,0.109,0xfd...92e3,https://etherscan.io/tx/0x7fb3c86ee23c99626af2761aae5dc83e1dab85e9296acce21341bbd1ed3bc5fc
2023-03-20 16:48:23,False,0.08592,4.857e-05,29734.1,1.44419,0xc9...27b6,https://etherscan.io/tx/0x3dba7d234c251fe91a7ce38f951103ccb547641eba269aba8339729e2a7180eb
2023-03-20 16:41:59,True,0.08668,4.902e-05,47.5162,0.0023,0x23...b005,https://etherscan.io/tx/0x9a70e577d3bcb144ec9584d620b9e0d22b36ff86cf207264f4af5f043906db53
2023-03-20 16:41:23,True,0.08665,4.902e-05,101.1,0.0049,0xa2...4ee0,https://etherscan.io/tx/0x1091789745df0eec2332b09f913e7e181eec7779a64eb50f018f1d54e65fcf5e
2023-03-20 16:39:47,True,0.08662,4.902e-05,202.207,0.0099,0x64...1232,https://etherscan.io/tx/0x277db37616309a84561c37f2f69ca68d53907e1571ee91f732b10e88172a0024
2023-03-20 16:35:59,True,0.08662,4.9e-05,3530.49,0.173,0x23...b005,https://etherscan.io/tx/0xcbbdd8d2530d16410620d5ccc2d5e212498b55f6ed3854ae30ba860cae67db85
2023-03-20 16:28:23,True,0.08658,4.896e-05,4049.24,0.1982,0x23...b005,https://etherscan.io/tx/0x976c4d4e77579d5fb538c01c2c9cd6e0fc82809ce4117a37272eb84817ed68ac
2023-03-20 16:26:23,False,0.086,4.865e-05,1300.0,0.0632,0x7d...c9a9,https://etherscan.io/tx/0x716d490a95036bec1b6c9cec8a4c277e8339566beb2b17dde02cff77f7605ad7
2023-03-20 16:22:23,True,0.08649,4.889e-05,10136.2,0.4956,0x6a...2d72,https://etherscan.io/tx/0x1ec6cd48e0aba8a561be191eec2e3bddc0ca76d67c39adb9ce858e5ed354acb8
2023-03-20 16:16:47,False,0.08591,4.86e-05,10000.0,0.486,0x6a...fc4d,https://etherscan.io/tx/0x245d26383927e22f32aafbec78cc8abf985193315744adf4e9b66ad2e2d45c5f
2023-03-20 16:12:47,True,0.08642,4.893e-05,2860.97,0.14,0x31...0a8c,https://etherscan.io/tx/0xba841dd8ddf1605ad1ca690df1f4ea176de584226448e8c71a898a53fb925128
2023-03-20 16:09:59,True,0.08648,4.889e-05,5068.65,0.2478,0xdf...4e0a,https://etherscan.io/tx/0x7b84a5fd76118a0eba299179c457a518521152928c431b37f3ec222f1af67819
2023-03-20 16:09:35,False,0.08594,4.858e-05,3225.0,0.1567,0x6d...036b,https://etherscan.io/tx/0xd8cbd10d81cc289cbf79bd1424555b8be8bc53d50e185475a0972515094a555f
2023-03-20 16:09:35,True,0.08649,4.889e-05,341.168,0.0166,0xf4...8f61,https://etherscan.io/tx/0x6df3bfa408d58c88985cf8835357a74a1bccb8c250857b3bbf8332c22247c236
2023-03-20 16:08:23,False,0.08602,4.862e-05,5000.0,0.2431,0xb5...4505,https://etherscan.io/tx/0x1fdcd894122619929e28f7e60af8d00afa3d33f0ba86c007ac643e74381d287b
2023-03-20 16:05:35,False,0.0862,4.867e-05,2900.0,0.1411,0x65...21ff,https://etherscan.io/tx/0xbcef2a67acb98508acc870ddba299227c2ab32694f3efd64fa50afb39e7751f5
2023-03-20 15:55:35,False,0.08619,4.869e-05,2167.25,0.1055,0x33...4f57,https://etherscan.io/tx/0x1b4d7f140d0de97a350c470fe60773885f61ebb54cc0963f6a677b2ac03b7e2e
2023-03-20 15:52:47,True,0.08652,4.899e-05,2205.37,0.108,0x89...1b52,https://etherscan.io/tx/0xea856ea1877621f539b0ab2536d5b293b6dd32e5f1451d743aaf4883d34c08f3
2023-03-20 15:50:59,True,0.08633,4.892e-05,10738.8,0.5253,0x0c...03c6,https://etherscan.io/tx/0xb7e6414c480fc6ff51629b498d6a10524df09a798a99906763bb3bb8039a266c
2023-03-20 15:47:35,False,0.08569,4.857e-05,1500.0,0.0728,0x8d...d0d6,https://etherscan.io/tx/0x2ed3977675f4cb31d8677d1ab76073d502819725f9772b433b2f5d8e75f379ed
2023-03-20 15:43:11,False,0.08596,4.86e-05,2500.0,0.1215,0x78...de00,https://etherscan.io/tx/0x31d11eb74078200b45a25e29e088fb16b9124ecb9903ae2618d0ca99f04e4c75
2023-03-20 15:38:47,True,0.08655,4.89e-05,571.521,0.0279,0xb5...08b2,https://etherscan.io/tx/0x4c924d8eb082db6269c7088b4340a3bf9cd63622cc5d4c97d83c60ee47bbc613
2023-03-20 15:34:47,True,0.08643,4.89e-05,182.79,0.0089,0x3a...4fc8,https://etherscan.io/tx/0x270f25b39726f52d0b6135f7f2c87364cee19b1ab5784ec0f29ec7abc0765002
2023-03-20 15:34:23,True,0.08645,4.888e-05,2129.02,0.104,0x56...c0f2,https://etherscan.io/tx/0x6a157387a5c0b723c6d25d6c4549874d0529f10e52b5a8970ddf38ea237289be
2023-03-20 15:33:59,True,0.08642,4.888e-05,2129.02,0.104,0x56...c0f2,https://etherscan.io/tx/0x6a157387a5c0b723c6d25d6c4549874d0529f10e52b5a8970ddf38ea237289be
2023-03-20 15:33:35,True,0.08632,4.885e-05,4443.78,0.217,0x1f...2a61,https://etherscan.io/tx/0x18e3201a7ab90a5f53171c210c0968ef4daad00266c0b8666b3b29706f12a2b2
2023-03-20 15:26:59,True,0.08615,4.876e-05,10609.8,0.5174,0x0c...03c6,https://etherscan.io/tx/0x12ed0733ed5e91cf5368d0a9d34fc3b8cbe53bef0a99da1de2770064d2fc89bf
2023-03-20 15:24:35,True,0.08593,4.87e-05,573.364,0.0279,0x89...c286,https://etherscan.io/tx/0xb1b278b783372a016cc0e76750057efc53e3142f84094f1c995a04d070004d03
2023-03-20 15:23:11,False,0.08538,4.842e-05,1938.46,0.0938,0x99...584f,https://etherscan.io/tx/0x391487913bcc498267cee0e504b16e461d1b553f52fa6bb67c8c114f7ea31146
2023-03-20 15:20:35,False,0.08537,4.844e-05,2442.76,0.1183,0x1b...ea67,https://etherscan.io/tx/0xc69016ebe36dffbaae39c273f0793836d5ff67d6f0280cab5eca0e6ba110338d
2023-03-20 15:07:11,True,0.08613,4.874e-05,1626.86,0.0793,0x9a...3998,https://etherscan.io/tx/0x454badb8b6547c0b9f11adfccf1ac24e98998c862b92d628534d7fd8901e8a3b
2023-03-20 14:48:23,False,0.0853,4.845e-05,2000.0,0.0969,0x54...48db,https://etherscan.io/tx/0xfd7956fc5ba599e7b29dd9a1831f8eaebc2c0c487cfe1f8f132a78c0adeffea3
2023-03-20 14:48:23,True,0.08582,4.875e-05,576.329,0.0281,0x96...7ec7,https://etherscan.io/tx/0xe04c0e57b5a351ce7ae4353160965ed5959f226b068672dce77e012c723437c0
2023-03-20 14:46:47,True,0.08562,4.869e-05,9467.72,0.461,0x37...1265,https://etherscan.io/tx/0x0aa5b134fd451b8dd101668c8ce64d054102f96e4eaf748670643d21429cb15c
2023-03-20 14:37:47,True,0.08547,4.864e-05,203.763,0.0099,0x63...2c2f,https://etherscan.io/tx/0x206a5ba683c733239bef26a0e539605f967fbd4f1214ab5c5bf0d20712d5a3f4
2023-03-20 14:28:11,True,0.0863,4.864e-05,978.19,0.0475,0xd4...5c01,https://etherscan.io/tx/0x5e525d689852f20d0b9737db16f76e826156efa1a15d22b2c324f96cc0a9aafa
2023-03-20 14:22:35,True,0.08631,4.863e-05,342.94,0.0166,0xff...3f07,https://etherscan.io/tx/0x0add372f6e1758d0bb6b0d8f2cbf29347b21b97725d00de3b08e622adaebb125
2023-03-20 14:20:35,True,0.08629,4.861e-05,3017.65,0.1467,0xc1...bea9,https://etherscan.io/tx/0xb73e69c5bc9b8997e481b633618fd93404b676f529800f176e1e38f3384db726
2023-03-20 14:10:11,False,0.08592,4.837e-05,12960.0,0.6269,0xe4...6771,https://etherscan.io/tx/0xe655252f4b6ab1b4fef08c8e146941fd562ea3ec22ea049746e6408245d4eb46
2023-03-20 14:08:47,True,0.08655,4.873e-05,711.884,0.0346,0xe4...6cc2,https://etherscan.io/tx/0xc6f699ac81b8b4c7fe309b5884130e39fd1ed59a8deec0304a9d88b86d387da5
2023-03-20 14:04:47,True,0.08663,4.871e-05,2360.5,0.115,0xe5...345d,https://etherscan.io/tx/0x083253f25c0677d400b4d995f8e8c9eb5a6798eb32464a325f3d975aa1af7b06
2023-03-20 14:04:11,True,0.08663,4.87e-05,94.1813,0.0045,0x97...5d7d,https://etherscan.io/tx/0x3f812c8b1597b2fdabbff15d9d285b863058fa98c38a17ba6d39e9a9cc7e78a2
2023-03-20 14:01:23,True,0.08667,4.865e-05,9371.79,0.4559,0x2e...0aa2,https://etherscan.io/tx/0x4a6fbfcdf6b6155b8b2cda68c5d9be3cc6b7277d86b32749bac2050af481d2be
2023-03-20 13:45:35,True,0.0864,4.858e-05,3441.06,0.1671,0xcc...6115,https://etherscan.io/tx/0x00fbc416c7a459801893faec879af19245ea2b37f2f92d58642b12075d4c38de
2023-03-20 13:44:35,False,0.08619,4.845e-05,33722.9,1.63409,0x6b...eab0,https://etherscan.io/tx/0xa1c6a80a675bf1d4c93f44bcba7097a4fc73bfbf0915737110859dcb00085918
2023-03-20 13:43:23,True,0.08703,4.892e-05,1131.95,0.0553,0xf5...7b16,https://etherscan.io/tx/0x296955ff02af7fa5afc672776de28d7c7834f6c4ac4cd79c23e18af2d04d5b73
2023-03-20 13:40:11,False,0.08663,4.863e-05,2500.0,0.1216,0x42...ec43,https://etherscan.io/tx/0x26a5b4bd9536c87bae6413c66e41145b3041d723eadeb7105b55a7da4ac17230
2023-03-20 13:39:47,True,0.08717,4.894e-05,339.653,0.0166,0x53...b324,https://etherscan.io/tx/0x73e0279db173f90432a6c78c3bb1c9fd8124b522acd289724d4e29b3a67de669
2023-03-20 13:37:59,True,0.08711,4.893e-05,899.116,0.044,0x31...3d6a,https://etherscan.io/tx/0xce6bc5597a84a693c500f926ccd68b3184c46b7fcc0bdffec3df3c2f5dd8158f
2023-03-20 13:35:35,True,0.08704,4.89e-05,5736.99,0.2805,0xf7...678d,https://etherscan.io/tx/0xfbf1d38fda94d29406d9870d40eaff25e4944cd80356c3c85b6462c9afa38eaa
2023-03-20 13:28:23,True,0.08694,4.884e-05,5323.44,0.26,0x7c...48bd,https://etherscan.io/tx/0xa04c093ed9977c35927c18a84ff7d9700213135d2af0263b037b2d1b389e1e36
2023-03-20 13:26:23,False,0.08633,4.855e-05,6967.91,0.3383,0x3a...5f43,https://etherscan.io/tx/0x4502d7ff64d6acb9c2951335e9f46854914cc4588688612817cbdc288ec5b28e
2023-03-20 13:21:23,True,0.08668,4.887e-05,2845.06,0.139,0xeb...6941,https://etherscan.io/tx/0xee3bf4ba0486ca83986d4fd0ea2e3ac3eaeed4566fce9cc1a000c48eae9b2832
2023-03-20 13:20:23,True,0.08652,4.879e-05,11478.0,0.56,0xc3...83fd,https://etherscan.io/tx/0xdfcda03a63df4c423148e16f67ec4fecbf491c6a15bdc8a80f62d9ac017cf1dd
2023-03-20 13:16:47,False,0.08603,4.849e-05,10000.0,0.4849,0xd8...9753,https://etherscan.io/tx/0xd7abe45673417b69a900ed3ff55cabe0ac5157faff7d72a5931269e010ebbb34
2023-03-20 13:16:47,True,0.08663,4.883e-05,1137.05,0.0555,0xeb...6941,https://etherscan.io/tx/0xc870481c825a812feb2b612b7ea8ef815d788900131be04071aeecc259500207
2023-03-20 13:14:59,True,0.0866,4.882e-05,639.528,0.0312,0x95...5c7c,https://etherscan.io/tx/0x791c23167da3d3c45bec5171f389b864a3566556d2380d341121670b588086f1
2023-03-20 13:13:47,True,0.08659,4.881e-05,1137.5,0.0555,0xeb...6941,https://etherscan.io/tx/0x134f66b7fb48cafacf1dec5404405f096720e04a4e2979c3d3d29a572b208fc1
2023-03-20 13:07:47,True,0.0867,4.88e-05,528.067,0.0257,0x37...a217,https://etherscan.io/tx/0x6b3b911b44334983ead78fd67ed054ba66ab538e1c444d5d5d53cdbafc750498
2023-03-20 13:03:47,False,0.08646,4.863e-05,22361.7,1.08747,0xd2...beaa,https://etherscan.io/tx/0x499dbf1465d0424d44e4b172ad1d193411af6da16f19cc2bd649efb2f6d02d7f
2023-03-20 13:00:11,False,0.08687,4.882e-05,14055.8,0.6863,0x8a...547a,https://etherscan.io/tx/0x265cfcc421da92bf8e2e3b2efeb38d7f5dc8839309cf832c1d189d42f87dfef3
2023-03-20 12:59:35,True,0.08753,4.919e-05,261.928,0.0128,0xee...a0e6,https://etherscan.io/tx/0xc5c26a67584dc762b777fc2748f3ec55fd0f884452cee11f0483c52cc8ca51ae
2023-03-20 12:54:11,True,0.08748,4.918e-05,2236.5,0.11,0xeb...f536,https://etherscan.io/tx/0xad28aba6d0453452e3c44d14a4e6d8512763787fcd6ce4f2be81983d565fe241
2023-03-20 12:49:59,True,0.0872,4.915e-05,2500.41,0.1229,0x0a...51f2,https://etherscan.io/tx/0xadcbb483c25ffa1615eb5ea84106555a243500b2315ed9db3d4d898c3d47e5dc
2023-03-20 12:49:23,False,0.08674,4.889e-05,8368.36,0.4091,0x81...f55c,https://etherscan.io/tx/0x9e56cdefa9295304d906672ea1d2b00d1d32f493e2feb0459fd1678ee849be8d
2023-03-20 12:46:11,False,0.08707,4.894e-05,400.0,0.0195,0x3d...0fd4,https://etherscan.io/tx/0x6c607f681c20489f48d06917c4b9766f34f246a171d26ba2eedc418d15b873c8
2023-03-20 12:40:35,False,0.08727,4.895e-05,2000.0,0.0979,0x56...e95e,https://etherscan.io/tx/0x150b628e09d403a339cbe3c0f6ec2c8b982b7db399f4eecddb9bf9c6115c54ca
2023-03-20 12:37:35,True,0.0875,4.908e-05,31972.1,1.5694,0xc6...fed0,https://etherscan.io/tx/0x524750dac03189d313f93d50427004c170aadc3300aa243661f56158b4bd468e
2023-03-20 12:32:35,True,0.0873,4.888e-05,4599.41,0.2248,0x68...413e,https://etherscan.io/tx/0x20c89ac0e2a7e862fdcd1e275007985c1a946ff5c0646e101f04d34220d50d8f
2023-03-20 12:32:23,True,0.0872,4.883e-05,5529.17,0.27,0xc6...d2a8,https://etherscan.io/tx/0x7ab28976fd2455c9137ab9c0e2d4dbb8b5a6715b705207221370be7d6fd174f2
2023-03-20 12:21:47,False,0.08649,4.851e-05,1780.11,0.0863,0x31...9c06,https://etherscan.io/tx/0x10e7d9879975c5159be9084512934c509574413258d49e326561dffaeb0f28ed
2023-03-20 12:18:47,False,0.08653,4.853e-05,1953.91,0.0948,0x0c...e2ad,https://etherscan.io/tx/0x7d5c58f83e28049cb62db0e43674b6f52d34ae6cc099ed93cd63a3c34b1ad8e1
2023-03-20 12:16:23,True,0.08683,4.883e-05,771.272,0.0376,0x6a...d98d,https://etherscan.io/tx/0x37dfa10e8608784d3990fb74bfa542822ed9998827a416a03defba42fb214fd9
2023-03-20 12:12:47,True,0.08682,4.882e-05,2110.5,0.103,0x6b...0627,https://etherscan.io/tx/0x37580e1c476f39cfdb91f878c8c68ea86eb0818a3b18995383fd5121f41e0cc2
2023-03-20 12:02:11,True,0.08664,4.88e-05,2031.25,0.0991,0x43...c8fa,https://etherscan.io/tx/0xa8b038882f4093be649f9f0df15e43d6890ec8cc09c111d85be37e4b242a8370
2023-03-20 12:02:11,True,0.08661,4.878e-05,998.02,0.0486,0xba...d481,https://etherscan.io/tx/0x36a951785d70bbdcf938a9531848da759e901773b400d25b4b4ad9a51c5c90cb
2023-03-20 11:57:47,True,0.0865,4.877e-05,203.221,0.0099,0x76...fd9e,https://etherscan.io/tx/0x38109fe199c761601506157f5e4e4f3d09d4f4a5ceb6f2e046a2c5fd602101fb
2023-03-20 11:49:59,True,0.0867,4.875e-05,3972.52,0.1936,0xe6...7380,https://etherscan.io/tx/0xbc2b8493526fa447cd505ac0f8a4004744e8a2a2448d3717e680ecdc6c4f75b7
2023-03-20 11:46:59,True,0.08657,4.872e-05,1130.06,0.055,0x94...5a16,https://etherscan.io/tx/0x4adbf67ee7f49f0f87f65b316e9ec087800b02c25a95d4b45e3b8b8b098c5b13
2023-03-20 11:36:35,False,0.08632,4.852e-05,18002.4,0.8735,0xe6...0adb,https://etherscan.io/tx/0xd13d0618fb85e7b350b187e3dd1aedad820e81471fa1d5e19f0defd328990708
2023-03-20 11:33:47,True,0.08698,4.889e-05,3919.72,0.1916,0xee...9b51,https://etherscan.io/tx/0x40b1cb4061f37f3ec55a8dba2654213a6a41e3cb46dfd31a0b01d14a1b5ebe50
2023-03-20 11:33:11,True,0.08689,4.885e-05,3619.35,0.1768,0xee...9b51,https://etherscan.io/tx/0x1d9653e28e02005733c3bb3d3cac48213ad4494a9665b49cf46cf23068be8062
2023-03-20 11:32:11,True,0.08679,4.882e-05,1112.61,0.0543,0xee...9b51,https://etherscan.io/tx/0x88f195d8a31991dd66716ca690911b2dec0b3ee658848f09f2a4f858eafd7b7f
2023-03-20 10:47:23,True,0.0868,4.881e-05,1929.25,0.0941,0x37...d862,https://etherscan.io/tx/0xeed7994ab7081073c1b24fbd0c7a8582e6f81cca8d8859ef1955ca85c4da6e5e
2023-03-20 10:41:11,True,0.08669,4.879e-05,276.208,0.0134,0x4f...0704,https://etherscan.io/tx/0x65d94b0f118b2856682d2065af9d07641c7c53da8c330307635e75780146d0cc
2023-03-20 10:37:35,True,0.08649,4.879e-05,1137.15,0.0554,0x72...e6c1,https://etherscan.io/tx/0x62fbced4baffb9aa0de9dc6f700a3179b855bca02d3581dec8f5ada47112fd68
2023-03-20 10:35:23,False,0.08669,4.857e-05,15091.3,0.733,0x79...0fa0,https://etherscan.io/tx/0xf7062b5711ce85c03b4d29e697421843215dd1fc79b035c5867df6d8127b06b1
2023-03-20 10:34:59,False,0.08685,4.866e-05,2128.63,0.1035,0x4f...9365,https://etherscan.io/tx/0xf9b7977733398a7b62fb73b3a66cf6dde2d17fd1c264692c5bb182ebb8a8a136
2023-03-20 10:34:23,True,0.08738,4.896e-05,2024.57,0.0991,0x0e...a60c,https://etherscan.io/tx/0x7ce351f3317cba7974669ef8d01e7fcee1cc93d93c664f5eaf8e482a0c791356
2023-03-20 10:31:47,False,0.08685,4.868e-05,5555.49,0.2704,0x0b...ae8e,https://etherscan.io/tx/0xd4223fa959fec97ca85d249f42c0854505d87baf63f1397ce40957776e68d8cf
2023-03-20 10:28:23,True,0.08728,4.897e-05,6125.33,0.3,0xc4...93de,https://etherscan.io/tx/0xe9f925e9344def9c3bf149c35d602104450b11dce817ac1f91565a9389e50141
2023-03-20 10:26:47,True,0.08717,4.894e-05,303.174,0.0148,0x8e...d51b,https://etherscan.io/tx/0xbf6f2d0de82b840ceae9a22b5b385073792efbdaeb8e781ba1a083b193017480
2023-03-20 10:26:35,True,0.08712,4.891e-05,5269.21,0.2577,0xb3...5665,https://etherscan.io/tx/0x30fdae6abf6c8b5141e28a5e9ff1ab294010477e6f4994e5992ac0b27ef3ef52
2023-03-20 10:20:59,False,0.0867,4.866e-05,14360.1,0.6988,0x79...0fa0,https://etherscan.io/tx/0xdaa244317964130da758a77b3a7b6147ddd5202da2da1600c68b8d511d7ac308
2023-03-20 10:10:59,True,0.08735,4.903e-05,505.366,0.0247,0x23...50ae,https://etherscan.io/tx/0x6a0ea7ba68fc4d31dbe0fe41cb918a09505853726a0538d6d2cd3bb93ed2d5e2
2023-03-20 10:06:23,False,0.0873,4.876e-05,4500.0,0.2194,0xb9...578a,https://etherscan.io/tx/0xfb77df84ecdf429d7ecf2d07ecbb92055caa6f406f1f91e5d17d307352f0e383
2023-03-20 10:02:59,True,0.08778,4.908e-05,169.02,0.0083,0x0d...caa8,https://etherscan.io/tx/0xae54baabd90b5f890ba749384613461f42282f61141234bbfe828fe9a803fd1f
2023-03-20 09:55:35,True,0.08756,4.902e-05,10858.6,0.5323,0x47...c5cc,https://etherscan.io/tx/0xd4812b6eae17c58f81296e1a2b5325726f0e9b00af111ce42742d893c9b3189d
2023-03-20 09:55:23,True,0.08744,4.895e-05,1012.38,0.0495,0x13...3fdc,https://etherscan.io/tx/0x03269e97bd0425a0610f44456c5d3dc6ec9e9e37c9f1dc4df1a565eaf3f315d4
2023-03-20 09:48:11,True,0.08725,4.892e-05,4051.8,0.1982,0x61...dc3b,https://etherscan.io/tx/0xd6e34d24cc1b9baf97cf4285b71ece2e76af9a60e009c0becab5033308c1e237
2023-03-20 09:44:23,False,0.08668,4.862e-05,1336.9,0.065,0xf3...e5a2,https://etherscan.io/tx/0x79a303907338eb028571b8ee136279953850ddf46d6590f0c011be2d71205670
2023-03-20 09:38:35,True,0.08769,4.89e-05,3230.83,0.158,0xdc...a39f,https://etherscan.io/tx/0x12f0ab0e803451e8d31fdd907ece606c23e84fe428ac385e4a28a102a33b7f7c
2023-03-20 09:35:35,True,0.08732,4.888e-05,226.022,0.011,0x3a...f8f9,https://etherscan.io/tx/0xf35d7347594703f8509342e7f605db0abe7cb2f960ba998f5eeab6dc97b4c282
2023-03-20 09:33:59,True,0.08729,4.886e-05,3042.69,0.1486,0x2f...a62f,https://etherscan.io/tx/0x33959d576710aaa7651edf4168ceed71f68b31169b502e1a146d651e038efb0e
2023-03-20 09:30:11,True,0.08735,4.884e-05,1300.0,0.0635,0x70...fb84,https://etherscan.io/tx/0xaa60a28da53470d3091f04414beff122576308a4e0f86f63d0594cd079bd663c
2023-03-20 09:26:23,False,0.08664,4.854e-05,700.0,0.0339,0xc8...7fb3,https://etherscan.io/tx/0x98f0307c86727bc74817fc7c9fdef949b9a9acf520fca3a20e1d7a2b2fa9353f
2023-03-20 09:22:23,True,0.08711,4.88e-05,8125.02,0.3965,0x71...6d2c,https://etherscan.io/tx/0xeacb280f8e86977331bfffc55680472634eb02d39d1b3e623e3bda06bca0e5e1
2023-03-20 09:15:47,True,0.08711,4.875e-05,251.622,0.0122,0x23...e6a6,https://etherscan.io/tx/0x226c3febee5ab5511e0d742aea56eb3b3f55ee0ddecc1e8687a104f808a7662e
2023-03-20 09:08:11,False,0.08728,4.846e-05,1000.0,0.0484,0xf8...338b,https://etherscan.io/tx/0x4ee8d8681dbcb9144197cb86e11524541dae829c27bb042b0bc4e9f9044cc625
2023-03-20 09:07:23,False,0.0873,4.85e-05,5650.13,0.274,0x39...20d7,https://etherscan.io/tx/0x14396e79224d1a08ad1376db9ff59fd9dadc8d95be96660ccbeac1faaf7ce9be
2023-03-20 09:07:11,False,0.08737,4.853e-05,540.438,0.0262,0x4c...d34b,https://etherscan.io/tx/0xbea9d266f0b7a8b29e3ad3dd93bac48afe3549615c0be90eadda545bd975e639
2023-03-20 09:03:11,True,0.0878,4.882e-05,1543.04,0.0753,0xd2...8c52,https://etherscan.io/tx/0x90629fdf6e035f4d734b1349443dd09ce0ff7ae158b830f01e69fea070a60582
2023-03-20 09:01:47,True,0.08766,4.88e-05,1167.78,0.057,0x4f...9365,https://etherscan.io/tx/0x8b7e16f3e001ef8acdf30bda78bb6d5f3a296902595ce8c7892386dc4e382246
2023-03-20 08:58:59,False,0.08703,4.854e-05,6716.14,0.326,0x01...0423,https://etherscan.io/tx/0x12684f511750613dc5a5e65e13933b78566ba207e66a13b0e71ca9a4b21d30d6
2023-03-20 08:51:11,True,0.08729,4.887e-05,608.49,0.0297,0x97...f646,https://etherscan.io/tx/0xf3096dcc657249f50054bed699e1a458d4c09af0fa9cee2cb02ec3a164e806b7
2023-03-20 08:49:23,True,0.08718,4.884e-05,3582.79,0.175,0xf1...8da5,https://etherscan.io/tx/0x436dc6a47e724c9c510cfde2cfd6500ea600c7d48eec26a6ce12b0a33673cd61
2023-03-20 08:48:23,True,0.08714,4.882e-05,308.579,0.015,0xb0...d232,https://etherscan.io/tx/0xa139bb1a9988e3760bca865539efe990b145fb994b88c4401acd63d646fa8b9e
2023-03-20 08:44:59,True,0.08709,4.88e-05,4631.23,0.226,0xfb...7899,https://etherscan.io/tx/0xd79fa42e83c520a8624ee94e22c4e268ea0f31ed7792333ce4f1d115717f4866
2023-03-20 08:42:47,True,0.08685,4.873e-05,7181.53,0.35,0x35...4aee,https://etherscan.io/tx/0xbffb1fd4f78fd5234d3e2002c3b0cfe1f143141c2e7735e504134c1e0af6ad30
2023-03-20 08:39:11,True,0.08647,4.869e-05,159.304,0.0077,0x6b...4534,https://etherscan.io/tx/0x0b420cee7da462db511b8f086954f02e39d680dacec685400819667706fe2198
2023-03-20 08:37:23,True,0.08633,4.867e-05,4109.03,0.2,0xb8...e014,https://etherscan.io/tx/0xbb37a9f5f1ad2b774240a3795524eb22d2dc72cab4e3d9a2221c38ba35e4a194
2023-03-20 08:35:23,True,0.08609,4.863e-05,2318.2,0.1127,0x81...0bda,https://etherscan.io/tx/0x96581eff9c959420d91626571c5d7eb9fe5a9095ea6d2c4b84c222bc52869b8a
2023-03-20 08:34:47,True,0.08603,4.86e-05,3466.81,0.1685,0x00...9bac,https://etherscan.io/tx/0xbefa5d0d208822f4ffc22d7906a13cb5bf89551ea79e117a27d8b4dea5b04ab5
2023-03-20 08:30:23,True,0.08587,4.856e-05,5148.18,0.25,0xa5...3ddb,https://etherscan.io/tx/0x02d2415c95589d07eab79cd1622ba688319e7bf9e6ed94be6d4f6a8e8dafa128
2023-03-20 08:27:59,False,0.08528,4.824e-05,100.0,0.0048,0x82...de3e,https://etherscan.io/tx/0x5599153a04c2fe46010bac73c2b019cf838a6033dcb879bb4c40daa1752fc0c9
2023-03-20 08:27:23,True,0.08585,4.853e-05,766.117,0.0371,0x4d...64f1,https://etherscan.io/tx/0xb04c27c41fc92e9c9151b3838b149478e26646510f017d4f46a4d96baa2c0107
2023-03-20 08:18:47,True,0.08581,4.851e-05,1327.96,0.0644,0xa5...03c5,https://etherscan.io/tx/0x4fe940bab740850a24dd5d3d5c4cf6c5cea088ef0ec400fdb7f67cca3e65f581
2023-03-20 08:15:11,True,0.08588,4.85e-05,1903.39,0.0923,0xb8...365c,https://etherscan.io/tx/0x8477c93c4547aed7364d6da0e08601661f686b8c08866e817b50fe875b94af51
2023-03-20 08:09:59,True,0.08549,4.847e-05,2192.93,0.1063,0xa1...a08e,https://etherscan.io/tx/0xe59effc21da2c4d39e2ba10b3342b11e5d95fbfc5bc9d97dead72796e84cc456
2023-03-20 08:05:59,True,0.08535,4.844e-05,3713.53,0.1799,0x51...a275,https://etherscan.io/tx/0x83387fa3747fc262755a6993fde265146ab84bbff7afddd9c6560bb31cca0f7f
2023-03-20 08:05:11,False,0.08486,4.814e-05,556.0,0.0267,0x6b...21da,https://etherscan.io/tx/0x2c4abeff90c7377cfcb349ccdcf694a0061dc84530b79dde1122fc97f7783f53
2023-03-20 08:01:35,True,0.08523,4.843e-05,61.3987,0.0029,0x6e...f97f,https://etherscan.io/tx/0xdcd0b2a6a77c073e9b5716fcad88e9f6f6203a76d11196ad96c2597712b1cd98
2023-03-20 07:56:23,False,0.08486,4.815e-05,2000.0,0.0963,0xe5...c1ed,https://etherscan.io/tx/0x58743e150031fb5fada0ba565d15a2a3ab6d927bef36f867dfbe602d50e53c86
2023-03-20 07:52:35,True,0.08514,4.845e-05,20.4574,9.912e-05,0x89...8068,https://etherscan.io/tx/0x8debec9ef3c569f566d05d327e7a339eb22993f50db0fe3e366f9da1334340e6
2023-03-20 07:50:23,False,0.08462,4.823e-05,12462.3,0.601,0xe4...53d4,https://etherscan.io/tx/0x60b006d4543600990d4e8810c9da9f3ec1672feeb2f098acbac5b8449e209782
2023-03-20 07:43:59,True,0.08518,4.85e-05,14598.4,0.7081,0x10...5806,https://etherscan.io/tx/0xb05113434b2e6c85a8beb2f700b6b3d3a1d98371cc8ccab95a30a837dfcf2ca0
2023-03-20 07:42:59,False,0.08456,4.815e-05,2561.82,0.1233,0x06...a7e5,https://etherscan.io/tx/0xffc6d86615a36a5d47ed3e417e629e55f842a3444b20e20f16bc89b57095a386
2023-03-20 07:42:11,True,0.08512,4.845e-05,435.85,0.0211,0x92...bb73,https://etherscan.io/tx/0x47088f63319fbf5bb6441d02ed09daae57423ce2ca774e02dcd6027058cf00f0
2023-03-20 07:33:35,False,0.08484,4.82e-05,7200.0,0.347,0x2c...6a2f,https://etherscan.io/tx/0x411baf39d2d6d72d456fbfdaaffc298ae0bfe88f139fe9c111993656707eccd4
2023-03-20 07:32:35,False,0.08497,4.824e-05,1000.77,0.0482,0xd6...95dd,https://etherscan.io/tx/0xeec9419ba81d28846d448497b6150a62eafbc09b0624a8ee3b2c35c075d165a1
2023-03-20 07:32:11,False,0.085,4.826e-05,1914.94,0.0924,0x91...dc25,https://etherscan.io/tx/0xcbe1237de153bed108d679e3fb6e1f74921978331c5b6acc1ae57ba6766e291f
2023-03-20 07:26:23,True,0.08551,4.852e-05,6475.25,0.3142,0x3b...6b20,https://etherscan.io/tx/0xaa9e4fea9706bc42f8904be9270432a6c740bce05f919e8adf14e82a80db5ed7
2023-03-20 07:23:47,False,0.08496,4.821e-05,2000.0,0.0964,0x83...5341,https://etherscan.io/tx/0x109c6dfa9c8d8180e24c21669521a343485ecfeba5957ce1a8a2f15fbe657984
2023-03-20 07:19:11,True,0.08549,4.851e-05,624.757,0.0303,0xbc...ce43,https://etherscan.io/tx/0x6411a6485e28a4338dd2b740ffe27536bed5e15f7618d6bd4329821ad45171aa
2023-03-20 07:17:23,False,0.08511,4.829e-05,13973.8,0.6748,0x55...1919,https://etherscan.io/tx/0x2f80d7ea5e9be23db0b77bb80fd348580871e773e188c896e73ad213f83507d6
2023-03-20 07:04:35,False,0.08523,4.837e-05,2400.0,0.1161,0xdf...14d3,https://etherscan.io/tx/0x2aca8e70d28ad9c04fc10c36e279dc5c66b7663d973969fef39bd2c81ee94463
2023-03-20 06:54:59,False,0.08497,4.843e-05,8059.86,0.3903,0x76...7d5e,https://etherscan.io/tx/0x0bda79856cd3321c52ebb1884ea069917623ce99bb473009ace257da4793fc1a
2023-03-20 06:54:35,True,0.08536,4.865e-05,20551.2,1.0,0x15...ba52,https://etherscan.io/tx/0xa20eb37886516bb844568219582f873bea5b9cfe037be4d5a52927275161426f
2023-03-20 06:52:47,True,0.08513,4.854e-05,1225.24,0.0594,0x67...8738,https://etherscan.io/tx/0xf40cd9c0a2b039f95a18a88e437dbc8e495b77a037afb7f7d1caade18038455e
2023-03-20 06:50:47,True,0.0851,4.853e-05,957.318,0.0464,0x55...ce90,https://etherscan.io/tx/0xb91d08eea927ea251527e5ebb2f99864681fd677cf6ac591ef3e88b312c921e3
2023-03-20 06:48:47,True,0.08511,4.852e-05,115.88,0.0056,0x46...0d02,https://etherscan.io/tx/0x213e5c2fe1a1ea7233ebaed03aae3266a2acc5c69b3e9a4c9456e6443149e499
2023-03-20 06:45:35,True,0.08509,4.85e-05,3453.7,0.1675,0xa6...df6b,https://etherscan.io/tx/0xdfaec2744a58099aac3b54872062f5e69bd6343cc7cd8e7688a1da894387e43d
2023-03-20 06:45:23,False,0.08456,4.82e-05,1570.76,0.0757,0x39...2f3f,https://etherscan.io/tx/0xc5fed3a7194ac62b3eb24a5778f6f26db69b1bdd37cd2ffb07fb8ad7981e9a4f
2023-03-20 06:44:59,True,0.08507,4.849e-05,1165.05,0.0565,0xa8...8e7f,https://etherscan.io/tx/0xdfe7ef51fbff87b5b6ccaa223d174f0be567d5f9cea8cd3b65783287c8a2e699
2023-03-20 06:42:23,True,0.08497,4.843e-05,10323.1,0.5,0x15...ba52,https://etherscan.io/tx/0x8b09cdb34703750f996f632269dcd35e6210df86c5f0a665a26ca59e30bf570d
2023-03-20 06:40:47,True,0.08485,4.837e-05,563.481,0.0272,0x34...818b,https://etherscan.io/tx/0x5ecf6918c5b89bad65fa2035135b2b8890b92d0b065b0ab9b82d9d1fc7fe4ea6
2023-03-20 06:39:59,False,0.08436,4.809e-05,1178.99,0.0567,0x1d...55fa,https://etherscan.io/tx/0x38d90ac44614bda79bb6545b8f5d20d0864609327232f3126213d379a4a614a7
2023-03-20 06:30:47,True,0.08487,4.835e-05,5852.55,0.283,0x9a...b1a6,https://etherscan.io/tx/0x4ef7db4f478506924ffc24ac537fa32faccb481edb0e5a9840d40fcbac92217f
2023-03-20 06:29:11,True,0.08468,4.828e-05,7500.0,0.3621,0x91...8b6f,https://etherscan.io/tx/0x8125862dffa9f6a12907042a93936270a004c5ad3475ed6d1d637a18f20570da
2023-03-20 06:27:47,True,0.08458,4.822e-05,3720.5,0.1794,0xcd...024c,https://etherscan.io/tx/0x1e5ffeb17eff42ef95d6ac07118abc7294e3752b8f07c7061e749e408d3c28ae
2023-03-20 06:26:23,False,0.08405,4.792e-05,1174.34,0.0562,0x2c...4fad,https://etherscan.io/tx/0x728c3fedb642507eebd933fe05ce96a31f532f7dbc2e343f103a37be7f6f535d
2023-03-20 06:12:59,False,0.0841,4.793e-05,871.112,0.0417,0x84...57a4,https://etherscan.io/tx/0xb7efcd44d59f490d2c669ee5c8f709e814b09779ef6b05f2e5c2f374110a6e3e
2023-03-20 06:12:11,True,0.08451,4.82e-05,4112.76,0.1982,0x98...e110,https://etherscan.io/tx/0xdaa6345647a4e821a4375fca00bc608092aac2053a25c0b9a70aa0ccabb6065a
2023-03-20 06:08:23,False,0.08399,4.79e-05,1407.6,0.0674,0xdc...e526,https://etherscan.io/tx/0x50eaf033f7156d68e010f6a187f962cebe27a8538f602d60d92563e3fb58202e
2023-03-20 06:06:59,True,0.0844,4.818e-05,1753.22,0.0844,0x5f...91ab,https://etherscan.io/tx/0xf4fd382cc49a03317732bcbe92411551fbf4e1309b8cc30323f2d0e342fd0f06
2023-03-20 06:04:11,True,0.08436,4.815e-05,3519.65,0.1695,0x1e...fb15,https://etherscan.io/tx/0x7a4c58ec43c5173bc252d52a6d0d410723f4276ab3287f19997ecf3b8729ad44
2023-03-20 06:03:23,True,0.08431,4.813e-05,1163.53,0.056,0xfc...b794,https://etherscan.io/tx/0x276b432ddeb01f8433e9d367bf5e48ee21f43cd620f1301365f28d2268a47957
2023-03-20 06:02:23,True,0.08429,4.812e-05,1029.92,0.0495,0x3d...9050,https://etherscan.io/tx/0x0ac9bc849c9732502cf867ac81252f615f96a873ee8a568fd2fd8b8ed5a7b443
2023-03-20 05:44:23,True,0.08419,4.807e-05,7752.51,0.3727,0xad...372c,https://etherscan.io/tx/0x5598e5bdaf5fe117a01240eb3912b2ff7dc737892f8cd2cddf1c90d4149ac921
2023-03-20 05:37:23,True,0.08419,4.803e-05,288.913,0.0138,0xf5...907d,https://etherscan.io/tx/0x1f629208d54db139ff8c14049071396580eb63a126c3a75ae429247e32bf13fb
2023-03-20 05:24:11,True,0.08428,4.803e-05,247.655,0.0119,0xb2...8b38,https://etherscan.io/tx/0x57b98fdbcc1d4d383331d1e5bde77cdec655fbee533325dd4b1af9f1a19fc8ab
2023-03-20 05:20:47,True,0.08415,4.802e-05,1490.52,0.0715,0x29...bf8e,https://etherscan.io/tx/0xc4dc830fac88d64fd2c0b41ce3e7a648b25c1d1255e83f1ca988980210ad7e02
2023-03-20 04:56:59,True,0.08399,4.801e-05,309.689,0.0148,0xf2...5580,https://etherscan.io/tx/0xf2b1f3052c2f7d2c2e958cc6e4bb6e65f474031fcd2272a3d69209425a9645d0
2023-03-20 04:55:23,True,0.0838,4.798e-05,4376.18,0.21,0xab...9cb6,https://etherscan.io/tx/0xf4496054a0b8d08558444d922cf1cc09335beb5fbf3fda3c0a81d9af679e4552
2023-03-20 04:49:35,True,0.08406,4.796e-05,826.739,0.0396,0x0a...bd24,https://etherscan.io/tx/0xbe4fb61b24d9ec0c05d7011b534575b2744f92fcedfe9f11ee26120e0ba0932a
2023-03-20 04:47:47,True,0.08397,4.795e-05,114.825,0.0055,0xe0...a66c,https://etherscan.io/tx/0x6b9c8284b43180ca3ba4516fed3e921135f89e80b081d04828c237daac4b7289
2023-03-20 04:45:23,False,0.08379,4.784e-05,38009.1,1.81847,0xc9...27b6,https://etherscan.io/tx/0xe286e8fa96253c1b2ae24289fdc93495212615f04207cfe1d73e7a17fcec8291
2023-03-20 04:40:23,False,0.08422,4.807e-05,686.956,0.033,0x55...e47c,https://etherscan.io/tx/0x49ae6167c9b1fce90a2b28cd829a08ead2bdb81ae6c7c2d987bbc59f5296a50d
2023-03-20 04:35:59,True,0.08445,4.833e-05,5126.77,0.2478,0x61...b2ec,https://etherscan.io/tx/0xd5142f87b0eddb662cf83fc1bc8165cbbb94ef8b3367c093fcf0cda749e14788
2023-03-20 04:35:47,True,0.08441,4.83e-05,87.3706,0.0042,0xc6...9623,https://etherscan.io/tx/0x371c3fb1e929a0031442f50a97e6f00df2c5730b10c5037b8de0daae79b50c54
2023-03-20 04:32:35,True,0.08439,4.83e-05,669.748,0.0323,0xc6...9623,https://etherscan.io/tx/0xe840427542dcbb960a3606dec6d40f6456cbeb22dc3541817481bafe75cc422e
2023-03-20 04:31:35,True,0.08444,4.829e-05,1742.19,0.0841,0xfd...08a6,https://etherscan.io/tx/0x38d27b05b5355c4534fef8a168968ac96776e574add3cf0ab0ddd0ae0c947ec8
2023-03-20 04:28:47,True,0.08464,4.826e-05,2912.93,0.1406,0x70...6ab9,https://etherscan.io/tx/0x3f07c3a432544940d5567dc15a1f099e2d2ce53db915b8b4807f5dcec5c97d38
2023-03-20 04:25:11,True,0.08476,4.824e-05,1563.39,0.0754,0xc6...fed0,https://etherscan.io/tx/0x0cea32f3e5fa331eeac2c9bb96bda91daf9e0dd7b62f7fc9c4f77b2ae7cd8919
2023-03-20 04:20:47,False,0.08448,4.796e-05,3725.53,0.1787,0x76...7d5e,https://etherscan.io/tx/0x7ba626d67b0718d1aede0b131b60d600d3ef0fd2b509b4abd9e75c6cf759c3a4
2023-03-20 04:19:47,True,0.08509,4.826e-05,996.85,0.0481,0xf7...6695,https://etherscan.io/tx/0x4314d756b7b5dbae586810ec06f1cd7eff61eff826bd6b133ebd59cf50657ec1
2023-03-20 04:09:59,True,0.08526,4.826e-05,291.65,0.014,0x8f...0daf,https://etherscan.io/tx/0x5342b23000e8bf1a883c87d1599867b72067c677588f4e9335db92f8bd4bb869
2023-03-20 04:08:47,True,0.08525,4.825e-05,603.0,0.0291,0x1d...edda,https://etherscan.io/tx/0x24f0906571f8edab2cec94bd27b4802895f6d72e5247a6e6852b3856ae9761ef
2023-03-20 04:07:59,False,0.08474,4.796e-05,500.0,0.0239,0x29...0062,https://etherscan.io/tx/0x63f15a4393887e33fcd1ca94570d7e45b8cd52efae1f821014a856fcf475e3a0
2023-03-20 04:07:59,True,0.08525,4.825e-05,595.695,0.0287,0x91...39a3,https://etherscan.io/tx/0xb1606cb35d52aacb587b44d8e52734b3b893f2d7b93fc18bcc7d081e2f854d66
2023-03-20 04:04:35,True,0.0852,4.822e-05,5807.01,0.28,0x53...9cd1,https://etherscan.io/tx/0x60f6a4fcdbe49cc40e21e4afb9e745a2ee9339792bfb143ea4d01ae1979909b1
2023-03-20 04:01:23,False,0.08461,4.791e-05,1989.72,0.0953,0x76...7d5e,https://etherscan.io/tx/0x592fb591d67123af277a867979119647ac6ff075e016c95b29ac7ad92bd493a4
2023-03-20 04:00:35,True,0.08513,4.82e-05,1000.56,0.0482,0xc0...76f9,https://etherscan.io/tx/0x9ec35dc1c7e3ef92c1c5e14f387b11c0d739c5423890f45ac2f814d93250aad7
2023-03-20 03:57:47,True,0.08512,4.82e-05,243.736,0.0117,0x4f...5400,https://etherscan.io/tx/0x9479848c3dbe95c8529b240fddbbbcdd0ecc319320025039a4fbcfa3b3a35f7a
2023-03-20 03:57:23,False,0.08467,4.794e-05,6898.01,0.3307,0x76...7d5e,https://etherscan.io/tx/0x63ab6b51dc307cd62b9149630f29866a72269d6464674c0083a45e01cd289404
2023-03-20 03:53:35,True,0.08514,4.827e-05,164.278,0.0079,0xd5...1d55,https://etherscan.io/tx/0x6a6df925fcbc5b82baf3adf9938a31acdc188e7af6618fa566af31427a0e9ec5
2023-03-20 03:51:35,True,0.08508,4.826e-05,915.482,0.0441,0xd5...1d55,https://etherscan.io/tx/0xe7684340999a4de53456f4286ce9574b2861c1701046151d97d10446006a02e8
2023-03-20 03:49:23,False,0.08457,4.799e-05,5000.0,0.2399,0xb5...4505,https://etherscan.io/tx/0xd198d97b23976861820a848813dda6d518a9183a3111a4b83d7796f53b98fa2a
2023-03-20 03:45:47,True,0.08488,4.83e-05,2052.13,0.0991,0x2a...6390,https://etherscan.io/tx/0xfec6513ff7a963b82c15aa480423ace55be516ac50fa56542683f5663af0fef6
2023-03-20 03:41:59,True,0.08497,4.828e-05,2276.33,0.1099,0x70...6ab9,https://etherscan.io/tx/0xebb07c30ab937aa3df4ca160c66381bceae708c4aa83a20b9c04b0a1a3801953
2023-03-20 03:36:47,False,0.08508,4.8e-05,5000.0,0.24,0xb5...4505,https://etherscan.io/tx/0x1e73b0fc0181e09abf8f3378c35a3e556479bd0c2fcb6bf7bb892a9ffd5b85da
2023-03-20 03:34:11,False,0.08517,4.804e-05,1834.47,0.0881,0x05...642a,https://etherscan.io/tx/0xcf7c903c2f8bfd091a8872523c68b9207726318fcb7153b63cc9f5f42cf185a2
2023-03-20 03:22:23,True,0.08586,4.834e-05,29.8558,0.0014,0x1f...483a,https://etherscan.io/tx/0x5a2052f8920a3471a07d588d5cde835d2db0e92f90295ede808889246528d779
2023-03-20 03:21:59,True,0.0858,4.83e-05,7509.72,0.3627,0x79...0fa0,https://etherscan.io/tx/0x6e2d1f5d8c4de208a2bf5098e9a1c0a6db2c16617851f413eb0073de9027b307
2023-03-20 03:19:35,True,0.08575,4.824e-05,3632.11,0.1752,0xb2...d232,https://etherscan.io/tx/0xf761ea41ed179d81ebf0564fe9d2d72ba03f2d995330020eba238f89740c57b9
2023-03-20 03:17:35,True,0.0857,4.82e-05,2914.98,0.1405,0xba...2947,https://etherscan.io/tx/0x799a189b510f9c757b8a29c04ccfcf6d117c945aa1e8562f14360b476782f78f
2023-03-20 03:17:23,False,0.08521,4.792e-05,5000.0,0.2396,0xb5...4505,https://etherscan.io/tx/0x9218e89b8f986053f2efd9bb9c04603681c621f9b446306dab3c2795c8d1e8a4
2023-03-20 03:15:11,True,0.08573,4.823e-05,973.651,0.0469,0xfc...b794,https://etherscan.io/tx/0x8a003c86b8aa37c083ece74946d914b7c957d2d4c0865a7406a2159efa8e3a8c
2023-03-20 03:10:59,False,0.08521,4.795e-05,2642.57,0.1267,0x2d...3b9a,https://etherscan.io/tx/0x52033ac95f28122ae63ceaf77108e59f7502328d5784e66d094805382e2dc381
2023-03-20 03:03:47,True,0.08564,4.825e-05,576.076,0.0278,0xad...115a,https://etherscan.io/tx/0x6c9e965aa0fc3ff515463391384f841ecf4aee7f64ef30dc46edd558a32321d1
2023-03-20 03:03:35,False,0.08513,4.796e-05,260.332,0.0124,0xa1...63d3,https://etherscan.io/tx/0xd8719d49b9332b7ded17de6ab5d4b421f78b2d39bf96bad82d80050963fb29fa
2023-03-20 02:59:23,True,0.08566,4.825e-05,1139.85,0.055,0xeb...04c4,https://etherscan.io/tx/0x89ca21758b703e6a4b292de211dea8af6ec5edcabaaaff1af32a369a4ef1daed
2023-03-20 02:57:35,False,0.08517,4.797e-05,3585.0,0.1719,0x65...7965,https://etherscan.io/tx/0x77f8c354c581d95e3c0dda086ea6c5b983ffecf3ff4016abd75247c059e9320d
2023-03-20 02:55:11,False,0.08507,4.8e-05,1200.0,0.0576,0xad...d064,https://etherscan.io/tx/0xb6057e60dbecdd7c90f1ec59629a7a68563d25fbc5747b0ad296fb9bdb368869
2023-03-20 02:54:59,True,0.08558,4.829e-05,253.015,0.0122,0xb8...0214,https://etherscan.io/tx/0x837f49e3cd945bda8e75c37b4cf5a0cbaa53910707fde9a560fe8c7298d75103
2023-03-20 02:54:47,True,0.08557,4.828e-05,1150.25,0.0555,0x6a...7f2a,https://etherscan.io/tx/0x3b4a25ba273db199701df6e3c6af78d4d21dfd92109ba5e019b101f4419ca59f
2023-03-20 02:46:59,True,0.0858,4.828e-05,115.219,0.0055,0xad...115a,https://etherscan.io/tx/0xb20f42f58e0bc83b05a60c233713b63b6f218a4a341d517688964d93c34020bb
2023-03-20 02:42:23,False,0.08528,4.804e-05,10000.0,0.4804,0xe1...c2bf,https://etherscan.io/tx/0xc0633705425401d081291848a76fd2172d484a020064bb5c5de58a93e0335483
2023-03-20 02:35:23,True,0.08603,4.837e-05,1738.73,0.0841,0x8e...d81e,https://etherscan.io/tx/0x431ed4cae17baf71433d5491d2935579a17d5b40db6b97b592dd9f98941e7080
2023-03-20 02:30:35,False,0.08547,4.808e-05,383.788,0.0184,0x8a...915d,https://etherscan.io/tx/0x01d192e7d6e03ac0539dceab57995ed1a312bc11ddabf501545733a4af770212
2023-03-20 02:21:11,False,0.08545,4.811e-05,6800.0,0.3272,0x32...3f91,https://etherscan.io/tx/0xab7400f47edce6b11248bafe372cb21b9523529b6d3c1b029a7b8dc72a2f7798
2023-03-20 02:21:11,True,0.08602,4.844e-05,1105.03,0.0535,0xab...501c,https://etherscan.io/tx/0xba7f8da53bfa121815f99ef45c6f17c8adc3d9cbe4981ef395b387e3d450f9dc
2023-03-20 02:19:11,False,0.08554,4.817e-05,5000.0,0.2408,0xb5...4505,https://etherscan.io/tx/0x983b0c707c3019fd5bd8ec671e4ced1b707f12c8fd4cbad2835fd0c7ed6d8e7c
2023-03-20 02:18:59,True,0.08609,4.848e-05,1013.63,0.0491,0xfa...77ff,https://etherscan.io/tx/0xab7656b519a3402995a062bc3e68f20ad130f6b0d02db028a26b90a0fa8c0827
2023-03-20 02:13:35,True,0.08598,4.847e-05,1226.03,0.0594,0xb5...4690,https://etherscan.io/tx/0x6decad7ac8f430ddaba051c11318d49e694d205629d97983b1b87e0085928484
2023-03-20 02:05:23,True,0.08595,4.845e-05,1020.75,0.0494,0x92...2de5,https://etherscan.io/tx/0x30f40063845733af12a75c92092d188fadde9e0bccd97834d58f1dec65392f66
2023-03-20 02:05:11,False,0.0854,4.816e-05,1166.7,0.0562,0xc5...2813,https://etherscan.io/tx/0x62026cf6a61a669937bc53b0122566212518c15f56936f97e428a435d6bb7234
2023-03-20 02:01:47,False,0.08539,4.817e-05,555.0,0.0267,0x3d...9492,https://etherscan.io/tx/0x5f38cfc5785e89885f6c92e45222319caaa08767e91f56a600e225fd784a529e
2023-03-20 02:01:35,False,0.08535,4.818e-05,1188.51,0.0572,0xc5...2813,https://etherscan.io/tx/0x17488125ec79f5754ab68362daa470a0d85929e2e9bd19cf17dc6d9a25989837
2023-03-20 01:57:59,True,0.08595,4.848e-05,408.921,0.0198,0x5f...dce1,https://etherscan.io/tx/0x2119c0d410762cfb3367ef2b196990d6bb23237de735f63b5071cf42f7e7e6fc
2023-03-20 01:54:23,False,0.0855,4.821e-05,4738.76,0.2284,0x3a...9619,https://etherscan.io/tx/0x981c31ed794023cdd3185f3f2aaa72831576af5970999c7b8a4b7ea49a265344
2023-03-20 01:52:11,True,0.08588,4.852e-05,857.954,0.0416,0x67...8d17,https://etherscan.io/tx/0x90c2e78bdd6922cb37a8dafa5429c738acc4862450876ba70b1953efc1932876
2023-03-20 01:49:23,True,0.0861,4.851e-05,1839.02,0.0892,0x64...67e3,https://etherscan.io/tx/0x523740654a232141cc1b15732fa43e03a3a287d95e58e2d79f778f3fde299067
2023-03-20 01:45:59,True,0.08608,4.849e-05,1251.22,0.0606,0xef...59cb,https://etherscan.io/tx/0xbbc019b2452fbe0f0926353bb1a668677e0f94843159bf61a60f283b12757e43
2023-03-20 01:45:23,True,0.08608,4.848e-05,28.4648,0.0013,0xd4...cf08,https://etherscan.io/tx/0x80c55883a749ae34148eedb143574bcf01c52147f8f8f2edd036aaaa4d13e5f3
2023-03-20 01:43:35,False,0.0858,4.83e-05,20000.0,0.966,0xd0...17da,https://etherscan.io/tx/0x8763a3c12e39f678ad6a07a7dcf81a158f836d390e33692336241a8f2738be10
2023-03-20 01:40:23,True,0.08684,4.87e-05,308.004,0.015,0x0e...e85b,https://etherscan.io/tx/0x1a5cb7d188549e5ab3a11c26c85dd67be44f32461c2f07862dd11a8921fb44c4
2023-03-20 01:37:59,True,0.08682,4.869e-05,1221.45,0.0594,0xbe...f815,https://etherscan.io/tx/0x5a1902e240c0e709edb6ac4ede90097029ae9cf8e48c2b965091d57360fad9c0
2023-03-20 01:36:23,True,0.0867,4.868e-05,1119.95,0.0545,0x89...894c,https://etherscan.io/tx/0x1071109fa661002e8c4408a489d7954d270f48c20322d326ff7ffd4f0f41fabf
2023-03-20 01:30:47,False,0.08609,4.839e-05,1523.42,0.0737,0x64...4fb6,https://etherscan.io/tx/0x16cada7f57b5c6f75d223222b2ccbd6c275f095e822ec8aea4dcc46bc94bd990
2023-03-20 01:30:47,True,0.08657,4.866e-05,5444.24,0.2649,0x7f...e92b,https://etherscan.io/tx/0x2dfa49d384f00ede2790388f6dbc1cbd9e162640ead262c341a97d954a32a4fb
2023-03-20 01:30:35,True,0.08652,4.863e-05,12.2298,5.947e-05,0x89...894c,https://etherscan.io/tx/0xe0a77eb1318f2924c6fd7222e7135c9deaeb489e006bbca402483fc075aac948
2023-03-20 01:30:23,True,0.08651,4.862e-05,896.944,0.0436,0x49...0ece,https://etherscan.io/tx/0x21e6d83fbc3c5e1d39ede39651915092d84e40c06cbc33cdc58e7f8da1528ab4
2023-03-20 01:28:47,True,0.08647,4.86e-05,3977.25,0.1932,0x5a...b3cc,https://etherscan.io/tx/0x90952b44bb95cefc302ba2f48db268c12dd7ef1d939d96adb522438ad77ed7a8
2023-03-20 01:27:35,True,0.08639,4.857e-05,612.196,0.0297,0x0d...c933,https://etherscan.io/tx/0xaf383aa7dbb95032f280b9747f495ef147cc3b50d4e048a761647039b475c796
2023-03-20 01:24:35,True,0.08639,4.854e-05,4634.7,0.225,0x7b...e0c8,https://etherscan.io/tx/0x9b1f317f6ae30e1e271398d7f4cf72ab07eab080261245d491cfd6754f804acc
2023-03-20 01:23:59,False,0.08583,4.823e-05,202.0,0.0097,0xfa...c120,https://etherscan.io/tx/0x6d4e066f9e36ed93998193d1dfc6776cbe297dac4a644430f00dc4c43dffb15d
2023-03-20 01:23:59,True,0.08624,4.846e-05,11506.9,0.5576,0xa6...f79e,https://etherscan.io/tx/0xd74ebb62f1fc3e2c42e09ed64170f59d89445961a021d310a4b52704411f386b
2023-03-20 01:17:35,True,0.08601,4.839e-05,456.731,0.0221,0x17...7315,https://etherscan.io/tx/0x0519f34bf7d68f5f7bdfeb81038415a7715144087b2bdadf76cec0e66165cd76
2023-03-20 01:17:35,False,0.0855,4.81e-05,500.0,0.024,0x4b...d763,https://etherscan.io/tx/0xb0ca799fa19cb2ab76d8b7c40eea990f219afa71301580aeac09f4ee33f994d7
2023-03-20 01:15:35,True,0.08608,4.839e-05,1154.16,0.0558,0x26...e405,https://etherscan.io/tx/0xf64c0cf8dbbfece20a75f480c5a0a7621ae1524dac8a7bf6b2d9682197cb4acd
2023-03-20 01:13:47,False,0.08566,4.824e-05,27417.2,1.32274,0x7f...18eb,https://etherscan.io/tx/0x6fb6bb4f7662912193163f4948d641d8ce0da3f220741d3abbac3ad84f50e937
2023-03-20 01:09:23,True,0.08636,4.866e-05,3870.32,0.1883,0xd2...25b2,https://etherscan.io/tx/0x8d3dff54b62aa4526bb8b4908a36f2b02819ee2cc477579a5d757b51a54ee269
2023-03-20 01:08:59,True,0.08639,4.863e-05,1834.47,0.0892,0x05...642a,https://etherscan.io/tx/0x76c58a6530748159667c3fc079561d8165641b0922cc86d847cde458cf99a2d2
2023-03-20 01:05:11,False,0.08605,4.836e-05,6203.25,0.3,0x0c...3ebd,https://etherscan.io/tx/0x15411aeae80c928c99a6e6e5e859daa61479e5e6298f1f97338dc453d6449aa5
2023-03-20 01:02:59,True,0.0868,4.867e-05,1678.33,0.0817,0x88...78d9,https://etherscan.io/tx/0xa97028940cacef5ff54411afe43586e49526e8f633c5afcf66cb4c2ab0598fe3
2023-03-20 01:02:11,True,0.08666,4.861e-05,9983.66,0.4853,0xb4...916d,https://etherscan.io/tx/0x5021aefbc4544c2d114d068ccce76a291475e774cdac67918b0d951e3d622311
2023-03-20 00:58:23,True,0.08637,4.855e-05,1626.3,0.0789,0x66...b007,https://etherscan.io/tx/0x69b3975694b8e25d82953af8f3e8090c0f866152d0350af81d0b40e3a7c754ed
2023-03-20 00:57:23,False,0.08584,4.825e-05,309.874,0.0149,0x20...fc85,https://etherscan.io/tx/0x85d397af26baac34c0d1fa70d2034e7aeba71540f6a9d18b3025835b235c22e8
2023-03-20 00:43:35,True,0.08742,4.854e-05,1030.03,0.05,0x5a...3369,https://etherscan.io/tx/0x1d4e672853e03fc9a3d880fc09f98a938992642cb0889dc360e1a2c6804f96cb
2023-03-20 00:41:35,False,0.08699,4.827e-05,5089.61,0.2456,0x2e...f345,https://etherscan.io/tx/0x1b589ff1ec1f4ad7d534dad9f48582a1ccc83d5a9ad82a6260bb10f7f33356e1
2023-03-20 00:36:47,True,0.08778,4.86e-05,112.399,0.0054,0x02...4228,https://etherscan.io/tx/0x3f6a7394a9c8fd436e40be04331b0da6a0e0a1fdc4f0e656189fddafd39de858
2023-03-20 00:34:35,True,0.0878,4.86e-05,337.214,0.0163,0x8c...8833,https://etherscan.io/tx/0x2861d1508d94f38b5dfdecb062fe1b30d5b2544063df7113e6239591bf0a3b1a
2023-03-20 00:31:11,False,0.08735,4.833e-05,6118.92,0.2957,0x6b...0a40,https://etherscan.io/tx/0xc26bc15e980bcdcf32048c75104afdb6168694c18ba80f179dd26f5de6770eb3
2023-03-20 00:29:47,True,0.08788,4.863e-05,4792.67,0.233,0x67...c1fa,https://etherscan.io/tx/0xebb40f4b8da3c2e5d4b7585360df3fa966923dc095def01cb64dfa97fa7a7fa0
2023-03-20 00:27:11,True,0.08781,4.859e-05,2447.95,0.1189,0x09...aba0,https://etherscan.io/tx/0x85ac7d860d0e4e6cbbb24601e467af01b2d2752b3a2e7597ae1a4d8b5ba2d08d
2023-03-20 00:27:11,True,0.08779,4.857e-05,20.4051,9.912e-05,0x96...96b0,https://etherscan.io/tx/0xfd8dfe15c770c0895f5a3b8fc4c7f7e2a94f012a4fc3e98f5b3d6843cafcf6fe
2023-03-20 00:22:11,True,0.08773,4.857e-05,1428.59,0.0693,0xfc...5f52,https://etherscan.io/tx/0x099019f8fd1136e3c00a9cbe7c4062fa8a0205e5293838b5f7de9fa895076378
2023-03-20 00:19:35,True,0.08777,4.855e-05,816.54,0.0396,0xc5...7a04,https://etherscan.io/tx/0x0d961db623badc7a21f31d139af2fe09c3e2d8da6be4c0483e39f31221bfb9fe
2023-03-20 00:15:47,False,0.08706,4.827e-05,2904.6,0.1402,0x34...8793,https://etherscan.io/tx/0x8f427f65cc5bbdc40d3906ceb1f5f1fe16f51513ca5fe94579abff8ff00f47c7
2023-03-20 00:15:11,True,0.08751,4.853e-05,10289.6,0.4993,0x8e...a939,https://etherscan.io/tx/0xbeb6af01842c44ab9cd535fc7f4808b9ce2bb90ee4ede415e5aa1ecaa0c02ef9
2023-03-20 00:13:23,True,0.08737,4.847e-05,681.882,0.033,0x56...e58b,https://etherscan.io/tx/0x8c0bfa1568fa352b4d6b150e0a2dfccfd9a9ef6599bde0adf329d9ce2245d58f
2023-03-20 00:11:11,False,0.087,4.822e-05,9081.56,0.4379,0x9f...648a,https://etherscan.io/tx/0x157eb9cb83b3df229ac928c60a6a17aea397738a7a301bb8ae036ebab5e11fee
2023-03-20 00:06:11,True,0.08741,4.838e-05,33816.8,1.63615,0x79...0fa0,https://etherscan.io/tx/0xf6a57763272c836f0b185202bf54e749e8d058e5a0986b2ef793502badb8e9aa
2023-03-20 00:05:59,False,0.08691,4.81e-05,36684.7,1.76484,0xf6...2e0a,https://etherscan.io/tx/0xa092526af052ebbb5d4fd8b595140b18283f5c21634e769a5a81e3df7fbc11a5
2023-03-20 00:04:35,False,0.08732,4.833e-05,6241.29,0.3016,0x8b...7f82,https://etherscan.io/tx/0x1c9fe14c3184731f2934f85184128dc7cdcfad5113fd6f7d265bf3fe3d2a77d6
2023-03-19 23:54:35,True,0.08781,4.865e-05,1027.62,0.05,0xa2...7b8a,https://etherscan.io/tx/0x5dbc9e40fff63cb76af36cf3183b0f6018b2a99e71f2e154554ab99df8dfbcab
2023-03-19 23:51:59,False,0.08729,4.836e-05,1000.0,0.0483,0x1a...74ae,https://etherscan.io/tx/0x04ad5d4cca9751712ac30dcf20c34ccbe04b7d3ea53c4af0c34ca3847337196d
2023-03-19 23:51:47,True,0.08781,4.864e-05,2574.73,0.1252,0x9e...c53f,https://etherscan.io/tx/0x90e3b8443a2c43c76c4a6e8cbc28ef3ab665b30928ae2902f7c505cdab9bf70b
2023-03-19 23:51:11,True,0.08776,4.862e-05,2094.91,0.1018,0xaa...7a0a,https://etherscan.io/tx/0x29bab2970ae00a3574ff4890258b0961f44ef3d628f71ee4b767b8ee43478e02
2023-03-19 23:46:23,False,0.08729,4.832e-05,1500.0,0.0724,0x15...94ca,https://etherscan.io/tx/0x99dfd8e001584e74373f95c9b94f0492423c803b866915af8c4eed61d4b6a15a
2023-03-19 23:37:59,False,0.08715,4.84e-05,12600.0,0.6098,0xf4...e10d,https://etherscan.io/tx/0x736217d3f3ae5166d565d6d74a92ebff6bda8e7762bd38665fd9e8e6baaade68
2023-03-19 23:37:59,False,0.08732,4.849e-05,5000.0,0.2424,0xdc...8555,https://etherscan.io/tx/0x36352fbcfc02de3c6b9396dfb17a23f1a3c4f7112b6b658fd3abfb81257d8d75
2023-03-19 23:34:47,True,0.08777,4.881e-05,446.741,0.0218,0x51...50f9,https://etherscan.io/tx/0x3c6c6de9e086d470e4469dfaf6152fca7f2658f997094cd3eb5bf3309f572b6d
2023-03-19 23:33:11,True,0.08775,4.879e-05,2421.12,0.1181,0x2b...0ef8,https://etherscan.io/tx/0x295e950eefab64e876a97818a4db09348bb3138db461b1d710898ba958e3f304
2023-03-19 23:33:11,True,0.08772,4.878e-05,1126.4,0.0549,0x21...3a4e,https://etherscan.io/tx/0x1c39cefeed5cfdb57fbfa004fc10af470cf3e54a01edb040bcba58ba4bc711a8
2023-03-19 23:30:11,True,0.08762,4.876e-05,902.216,0.044,0xa2...41d3,https://etherscan.io/tx/0x4a4728714014504aa9b1bc9a02c473041335fd6329ca8fc8b79f34a9f2b2747b
2023-03-19 23:28:11,True,0.08753,4.875e-05,1856.8,0.0905,0x02...78c8,https://etherscan.io/tx/0xae069aa2a5254f3ddf7cafe187aa0c44e1769ab62c0227e2a6d0454457028075
2023-03-19 23:25:11,True,0.0875,4.871e-05,5595.86,0.2725,0x05...4b4c,https://etherscan.io/tx/0xf50215dd726fc9a4700e4951bc07c1cf02b6f4eb56f8d7b70f91c651d2d7cfc7
2023-03-19 23:24:35,True,0.08744,4.867e-05,1018.18,0.0495,0x33...38f1,https://etherscan.io/tx/0x124b846ed4dd81d77aec092af61146539bba84306ceb70e1dd0dc5f198c6ad6e
2023-03-19 23:23:35,True,0.08749,4.866e-05,1197.27,0.0582,0x3e...dc75,https://etherscan.io/tx/0xd831ce8ca4b53aef07255a5cd5ad7d8df6ce0aea203861c82597bb2a7b274ad8
2023-03-19 23:18:35,True,0.08759,4.865e-05,103.187,0.005,0x27...01fb,https://etherscan.io/tx/0x57d5625bf7a82f4dc28e32a4cf7603c7a03377dc28d26b5cff233fc31539bcb1
2023-03-19 23:16:11,False,0.08711,4.836e-05,500.0,0.0241,0x97...57f9,https://etherscan.io/tx/0xf4ee94d7e817b000b61b651f12da0fe5e226518ea76a3d350bd3bcd0a5f0ce20
2023-03-19 23:16:11,True,0.08764,4.866e-05,456.072,0.0221,0x6b...07b3,https://etherscan.io/tx/0x4e24281c0c097c1798fcc8d688220023153be836a7d79aec2304e901caabf325
2023-03-19 23:15:23,True,0.08751,4.864e-05,2552.89,0.1241,0xa3...2320,https://etherscan.io/tx/0xbcf146ef851272919e3a7030d5599ff991cd005d12124c92b84e642b2f0bebec
2023-03-19 23:13:59,True,0.08745,4.859e-05,6119.09,0.2973,0x6b...342e,https://etherscan.io/tx/0xba53a10860531365e27ce810147e3313df20a52176654f9845e5df60e5998ec5
2023-03-19 23:13:23,True,0.08739,4.856e-05,612.366,0.0297,0xaa...0e31,https://etherscan.io/tx/0x4bf3a150b13e8241e062d1b211f58f78fa056bfa1973742223f1c44e40e591d8
2023-03-19 23:10:59,True,0.0874,4.854e-05,2290.02,0.1111,0xc6...fed0,https://etherscan.io/tx/0x4c1b09323db4a904ece24f1df1d005141bb7e95d569d45f05c885916290f6642
2023-03-19 23:10:11,True,0.08722,4.853e-05,1386.91,0.0673,0x78...d892,https://etherscan.io/tx/0xa06c905aac71f48639f7896e7c90cbba26edf63b19d93818923d874a3fcaefec
2023-03-19 23:08:59,True,0.08714,4.851e-05,612.907,0.0297,0xad...06f6,https://etherscan.io/tx/0x9c9ea70c883bb8f5197ce370d057700d312135a473dbe448546f6f35713fcc82
2023-03-19 23:06:23,False,0.0867,4.825e-05,5700.0,0.275,0xeb...4047,https://etherscan.io/tx/0xd18bbc35276f8af4e33fb4c50df977d27bd55aab2eebbbf2511afef677e28913
2023-03-19 23:05:59,False,0.08692,4.838e-05,18169.1,0.879,0x8d...6ddd,https://etherscan.io/tx/0xd1d3820017b4d22e5c406143f000793c5eacaf08e22d0904ec8de8f983643f3c
2023-03-19 23:03:35,True,0.08724,4.876e-05,1585.54,0.0773,0x25...f812,https://etherscan.io/tx/0x89e134d08157ca13e91a752869f72e1f5b1598657129979c26ba3359c59bf851
2023-03-19 22:55:11,True,0.08748,4.875e-05,125.074,0.0061,0x42...cf69,https://etherscan.io/tx/0x6756fb48cba08e4cbc2d09ca387a9a67b9518c3586c69b3f7a0dc7c24502ed70
2023-03-19 22:53:59,True,0.08739,4.875e-05,284.652,0.0138,0x20...49ea,https://etherscan.io/tx/0x0d9c01862b93c6a6cea5b6a3382027e538bad0d2ac6e013cb663e015a1f30ec6
2023-03-19 22:53:47,True,0.08738,4.874e-05,1220.14,0.0594,0xfc...002c,https://etherscan.io/tx/0x078da95a655505ed0c2864328f4ba08ba2f611208d1fc6a43abd8b8a1444250c
2023-03-19 22:52:35,True,0.08734,4.871e-05,3769.87,0.1836,0x61...131a,https://etherscan.io/tx/0x66b31789ef5d62b7974731077174de1f7089f3e441d6c5cb1e59b707d9f074f2
2023-03-19 22:49:59,False,0.08728,4.846e-05,11186.1,0.5421,0x8d...6ddd,https://etherscan.io/tx/0x89c73425c83cf397030f19eac011261b60960cd30fbd98284819dbe0753a56e5
2023-03-19 22:49:35,True,0.08771,4.87e-05,20351.1,0.9912,0x46...af5d,https://etherscan.io/tx/0x9c2bc37de5d10eb31954af607093c665c59f9212f79647467081c6e3f2c04f5d
2023-03-19 22:43:59,False,0.08707,4.836e-05,11186.1,0.541,0x8d...6ddd,https://etherscan.io/tx/0x0d30e7bed896a5c23b684c68a01717178094cbd95a564a9d82bf59f7c3f6bcbe
2023-03-19 22:42:59,True,0.0877,4.871e-05,410.544,0.02,0xb0...9915,https://etherscan.io/tx/0x440c0b6e20ddeeb1d6fee6f125eb2157637a17d2085c3ac029365bc2f2e791de
2023-03-19 22:42:47,False,0.0872,4.843e-05,2500.0,0.121,0xdd...2a74,https://etherscan.io/tx/0xa7977c0ffced6c67c37f8520a172f31637d377ce30cb3616dfd045623f9ceaaf
2023-03-19 22:41:23,False,0.08712,4.845e-05,1179.57,0.0571,0xc4...f37f,https://etherscan.io/tx/0xb0266dd184512446a8ce9cac07bac38c21245ada3157e12576ef301900003ee0
2023-03-19 22:38:59,True,0.0877,4.874e-05,1821.04,0.0887,0x68...3a06,https://etherscan.io/tx/0x9531d10fdea588e211e023b37adcd53c46eeb2c5c4c47f00da9a41d9c6eb750d
2023-03-19 22:38:35,True,0.08757,4.872e-05,2441.48,0.1189,0xcf...0f57,https://etherscan.io/tx/0x9e24a19cb0ec509b4d2e2bbb4a2da2fa8809ded2c2f838f334387d9b0c3ec302
2023-03-19 22:37:11,True,0.0877,4.869e-05,1544.58,0.0752,0x4d...64f1,https://etherscan.io/tx/0xf9e81a0755082fa2e2e16f99063000180784ca0ed0b65d12507705c284bfdec7
2023-03-19 22:34:59,True,0.08786,4.867e-05,2260.33,0.11,0xe4...b1d7,https://etherscan.io/tx/0xf070652b232cbde9648cbdb4edd0d40d4623a857513d7e7ef3c40751643000f0
2023-03-19 22:34:11,True,0.08786,4.866e-05,954.875,0.0464,0x17...91dc,https://etherscan.io/tx/0xc94152696059dfa6ceb411dd9d64416671680018583cc7173c3ef0370c3bc548
2023-03-19 22:31:23,False,0.08752,4.846e-05,18275.5,0.8856,0x9a...bb70,https://etherscan.io/tx/0xe5ab9da9f9aefb9f5a946fa1115815e7414354d3ca9e36f6dac717b092d9784a
2023-03-19 22:30:35,True,0.08819,4.882e-05,5403.0,0.2638,0x23...d1ce,https://etherscan.io/tx/0xef9836c188dd78c0e6fdde689fae64126df1fedb6c5f87975cd53f7e30c1640b
2023-03-19 22:30:23,True,0.08809,4.876e-05,5597.96,0.2729,0x63...90ee,https://etherscan.io/tx/0xf33ff74bf4345290aaeacbde9f2328072d487c40ef9da05d9d4db9ab35e9f4e4
2023-03-19 22:24:59,False,0.0876,4.849e-05,9734.25,0.472,0xca...4885,https://etherscan.io/tx/0x1ef60b35242026447b6953cddf575bb6dfa8a2f433037fc771998530e044bbb2
2023-03-19 22:24:47,True,0.08813,4.878e-05,10525.8,0.5134,0x0c...03c6,https://etherscan.io/tx/0xe382c5ecfd41f9bcc29dea61425344151dd95d3b842404233ff38b4c36b63af3
2023-03-19 22:24:11,True,0.08799,4.87e-05,3276.54,0.1595,0x16...84ec,https://etherscan.io/tx/0x0f78cced53c5b3124b72b5ba52bd514edcaa99b091cb213875b8f34ae117d327
2023-03-19 22:20:59,False,0.08759,4.846e-05,11500.0,0.5572,0x69...9077,https://etherscan.io/tx/0x2390fa24f99e9a48ef657a5b13ad8867320bbf4614e4289749aa51101596c2da
2023-03-19 22:11:59,True,0.08818,4.879e-05,3250.26,0.1586,0x40...b947,https://etherscan.io/tx/0x92db3327325869b7fcddd863ca31fd9244ab4e90632ede7133a4448ca1f0be3e
2023-03-19 22:10:23,True,0.08836,4.876e-05,2642.57,0.1288,0x2d...3b9a,https://etherscan.io/tx/0x6452022888127ee721674db3782023a08457ac7fa1ff78a173c69d230ccacf79
2023-03-19 22:09:47,True,0.08824,4.874e-05,244.007,0.0119,0x09...53be,https://etherscan.io/tx/0x65273c6727249d3898daecf505b05ca85379c121a2e7e33604ffe1d515f41edc
2023-03-19 22:06:59,True,0.08791,4.874e-05,427.975,0.0208,0x32...72a4,https://etherscan.io/tx/0x085205ef1a723cbb2eee29769ea36c72a2eee2d4fae8467dbbaa96c8cb35614d
2023-03-19 22:04:47,False,0.08714,4.845e-05,872.258,0.0422,0x2d...6f8e,https://etherscan.io/tx/0x6cb46770cda939ac71d3bb2027ec1efb9d051badec11b26fb7da14d63cb13213
2023-03-19 22:04:47,True,0.08767,4.875e-05,345.666,0.0168,0x2f...44b0,https://etherscan.io/tx/0x83229fd078b1ea11e26dcee720e569c6d48efd6863025f366b345469483d7586
2023-03-19 22:04:23,False,0.08719,4.848e-05,4982.03,0.2415,0x74...1f50,https://etherscan.io/tx/0x69751e4858bc9c0532303c59ba066bbb4cc8221520d7129f80d6cc321e924f1a
2023-03-19 22:04:23,False,0.08743,4.861e-05,20000.0,0.9723,0x8a...da9d,https://etherscan.io/tx/0xe9fc5cbca3f38ca8cf85e76241b427e27b480592d08842c7c60e594ff1bb1348
2023-03-19 22:02:47,True,0.08808,4.901e-05,112.309,0.0055,0xf6...7834,https://etherscan.io/tx/0x75a0bb80eaeee4354dcb2b3c7430af89d9c1367a56c20de5bd52e22cc6e07049
2023-03-19 22:00:35,False,0.08747,4.875e-05,5900.0,0.2876,0xea...e1a6,https://etherscan.io/tx/0x0a87820230a536cb6e3d83ba755d820ef999702e0f3770e179cb61806de4d769
2023-03-19 21:57:59,True,0.08797,4.906e-05,2525.16,0.1239,0x4b...8feb,https://etherscan.io/tx/0x6266e75a7e53a6981e4259fb23df0680bfbe35731f3f2aeb00c7e8649fa786a6
2023-03-19 21:57:59,True,0.08788,4.902e-05,5661.53,0.2775,0x64...4a4f,https://etherscan.io/tx/0x0783d4322c414c6de9161be9b578931afb67de856ddcc264be7002d83001eb1a
2023-03-19 21:56:11,False,0.08777,4.894e-05,44634.4,2.18453,0x9d...46c0,https://etherscan.io/tx/0xc9475b49eb568335a0c8ee33e00b1abbea22e20c2bfa552ad877d6bf8439e505
2023-03-19 21:55:23,True,0.0884,4.931e-05,31173.6,1.53718,0x54...a4ba,https://etherscan.io/tx/0x63cdc5fe3a50f1167b47161b4014266618a67a822e6f475961595b8902ab3776
2023-03-19 21:55:11,True,0.08808,4.913e-05,827.146,0.0406,0x99...8766,https://etherscan.io/tx/0x9757ddb4d74c7f4afb07fc5a3e642f7fe8a50e16d6637bc0e59363797cac59d9
2023-03-19 21:53:35,False,0.08773,4.884e-05,2000.0,0.0976,0x1b...ea67,https://etherscan.io/tx/0x6737bdfaa6c21f45e5fd7b296f6f88de57fde9aa241d211f52f147b3430eb54d
2023-03-19 21:52:47,True,0.08827,4.914e-05,1137.57,0.0559,0xbf...ef89,https://etherscan.io/tx/0x2a42a88ae703e7cf867f049a2a0dda7b2bfdfc61c68b420a0f3fb1b899aa3e93
2023-03-19 21:50:47,False,0.08778,4.887e-05,6110.74,0.2986,0x23...5e58,https://etherscan.io/tx/0x1762ebbeb78d7fef9917c5e715b96d6b544590bc5d212c06f428217c4a5e0ee5
2023-03-19 21:44:47,True,0.08828,4.914e-05,11419.0,0.5611,0xf8...1f25,https://etherscan.io/tx/0xdbea387d1ec8b2e68a31045613f3b1f90e96c14bc2ad9738036f5e058294a883
2023-03-19 21:43:35,False,0.08781,4.889e-05,19328.5,0.945,0x76...f02b,https://etherscan.io/tx/0xa2dbeb1f9fbabe11ab62ec7efa74ebc2b6a709be34895b96b8759c0938594f06
2023-03-19 21:41:23,True,0.08977,5.011e-05,33628.1,1.68512,0x22...5fa4,https://etherscan.io/tx/0x75b5a7a0b743edbafae9258025e219519503acb77758c849aed7ef7aba2eeddc
2023-03-19 21:40:47,True,0.0875,4.89e-05,3214.57,0.1572,0xcb...ff49,https://etherscan.io/tx/0xf36c26acb34b6434d1da4d535dcaaf1fdeed719d3306fac7859612bd834cfce5
2023-03-19 21:36:47,False,0.08811,4.863e-05,8000.0,0.389,0x86...7730,https://etherscan.io/tx/0x3de03e33bc8a12dae11f83bfd2a4dec529379e1cf7d03059fc21bd8b0e7c1850
2023-03-19 21:35:11,True,0.08848,4.884e-05,24138.0,1.17893,0xbb...35bc,https://etherscan.io/tx/0x658e59528cd12670fe4b572a1731509e789fdaf82b2e90d3fcc15688e563006c
2023-03-19 21:32:47,True,0.11,6.07e-05,28759.1,1.74586,0x00...d8d7,https://etherscan.io/tx/0xdfe55e6d8f5b6b5ebebe05b62214eb25ff78f9ec8f06bec99ab64b61c0d3a5f4
2023-03-19 21:30:47,True,0.08742,4.825e-05,21775.3,1.05072,0x0c...03c6,https://etherscan.io/tx/0x589a67063a27d25426969e1d0671409768724d93f98bd941dc288fa647264101
2023-03-19 21:30:23,False,0.0867,4.785e-05,1250.59,0.0598,0x53...30e1,https://etherscan.io/tx/0x58927269eda27ee331e561344ae35cd53805f45646dacd7cb0897851df8afa90
2023-03-19 21:25:11,True,0.08725,4.814e-05,1121.63,0.054,0x42...cf69,https://etherscan.io/tx/0x2fd4fca3a606cb8db5704ebebbfaf011ef98688b04114b0effa9f8c760574cb4
2023-03-19 21:17:11,True,0.08728,4.813e-05,408.855,0.0196,0x06...6fb2,https://etherscan.io/tx/0xd5da1050d4ea9c9afbfb565a004ca1a19c8ddd00aa82e890f325ebaf9ba104c2
2023-03-19 21:13:47,True,0.08754,4.813e-05,561.841,0.027,0xda...8aee,https://etherscan.io/tx/0xf29910a3615ea9cd24ba63654d58319c9587170d36b9336d1bbca6e4b00637ad
2023-03-19 21:10:23,False,0.08725,4.785e-05,2000.0,0.0957,0xcc...a966,https://etherscan.io/tx/0x3828f841eee7ec1910d4447298b9ad915313bea0be2097aa00bf11dd4f43618c
2023-03-19 21:06:23,True,0.08791,4.813e-05,2700.74,0.13,0xe8...983a,https://etherscan.io/tx/0x148c0c1719e2844bb2d218d5d6c40e3051539b643c6ac0f9fabcd3225b21d372
2023-03-19 21:06:11,True,0.08788,4.811e-05,411.877,0.0198,0x4f...40c0,https://etherscan.io/tx/0xa8f87e59bf246983c0c79f4c4620c4129cc9e587b12eaebc54dd732576aff4df
2023-03-19 21:03:11,True,0.08767,4.811e-05,2286.43,0.11,0xab...110f,https://etherscan.io/tx/0x9a063bd95013af09362b43cd9b702f8cc595e76e31e69122418c185b48a46566
2023-03-19 21:01:59,True,0.08761,4.808e-05,2883.42,0.1386,0x6c...55ee,https://etherscan.io/tx/0x4056526bfe158d0f9ddfeb36ce0bb2242db469a1991a9a486d0dd7830bddbbfd
2023-03-19 20:58:23,True,0.08732,4.794e-05,22626.4,1.08487,0xc6...fed0,https://etherscan.io/tx/0x1f59623930915bd1ea0d6d80aafcd9bfc8c3747dd9830eabc2f86191d5f67313
2023-03-19 20:49:11,True,0.08724,4.782e-05,627.259,0.03,0x03...6ea1,https://etherscan.io/tx/0x50e4722a27f709c6081d3687c33a42341df4abc15aee79afb63650694745a80a
2023-03-19 20:39:59,False,0.08678,4.759e-05,10000.0,0.4759,0xb2...fcbf,https://etherscan.io/tx/0x054a7da0a59dbdf6ac6c83f416f9d9252f17df6a9c7c67e3d51c7edd01e2539b
2023-03-19 20:36:23,True,0.08788,4.792e-05,517.07,0.0247,0xe7...eca3,https://etherscan.io/tx/0xff67cd42b3ffd115bcbdd8a550eee8490338ec1873394d25bb129fe37e724206
2023-03-19 20:35:59,False,0.08745,4.768e-05,10000.0,0.4768,0xb4...4177,https://etherscan.io/tx/0x89922f9ea6ef11fadd848451b3da95f275cfeba890d37d9f1acbd24bb1d7ff1d
2023-03-19 20:33:47,True,0.08824,4.798e-05,8035.73,0.3856,0x4d...f765,https://etherscan.io/tx/0x788b90064e3d16f768901a663790bab2c8f6c1a673738fa4bb8faf5f99773cc9
2023-03-19 20:30:11,True,0.0877,4.791e-05,6146.42,0.2944,0x53...6f43,https://etherscan.io/tx/0xfb0a80cd8f09e15c396bf2a57109b031109213cc6f1c4dec37baca3cfb446be8
2023-03-19 20:27:23,True,0.08755,4.787e-05,207.037,0.0099,0xe5...aa7c,https://etherscan.io/tx/0xff5fc950b8e36477efbfd8a683a1eebe1afd354961620a52860f2bb353fb1e52
2023-03-19 20:26:35,False,0.08721,4.771e-05,22744.0,1.08511,0x81...cd26,https://etherscan.io/tx/0xfe4a979cfe865f976bfa2b0e13959d86af90783e5f6626549091b0a61cb986a0
2023-03-19 20:18:47,True,0.08818,4.811e-05,1359.85,0.0654,0x4e...56cc,https://etherscan.io/tx/0xdb4d832f2e2abdb7ecd635cc11b66c2813b37aea6afb3cfec3c9a320bc331d96
2023-03-19 20:18:47,True,0.08811,4.807e-05,6227.59,0.2993,0xd1...02d1,https://etherscan.io/tx/0x59f18fd28d0c46190ff306b55970178bc52bd901a084800dffd0cf0c4c5519d3
2023-03-19 20:18:35,True,0.08803,4.802e-05,2064.0,0.0991,0xe6...49b1,https://etherscan.io/tx/0xb8a8bb5c50202850507f81b3e647bf64e4f8a77a8ad1a7e13e4c3bbd5afc1371
2023-03-19 20:09:23,False,0.08734,4.777e-05,8500.0,0.406,0xdc...66ab,https://etherscan.io/tx/0x1715c3a2b664d6b462b8b4be8c3b9b4957f95a70d1685e14badfa0114f4f0ef4
2023-03-19 20:09:23,False,0.08744,4.782e-05,1050.0,0.0502,0x2f...e14f,https://etherscan.io/tx/0xedfce348fac53b065753a9cae3e460d00b697b84723d423f4782678d061f925f
2023-03-19 20:08:11,False,0.08734,4.782e-05,300.605,0.0143,0x7b...7902,https://etherscan.io/tx/0x29d88b4837a662bcce0e711c8024edca9ae874ae803a254cc78cbe0bce160df2
2023-03-19 20:05:23,True,0.08778,4.81e-05,2472.67,0.1189,0x8b...a756,https://etherscan.io/tx/0xaa669ceb8637e748204304e150e561cc54a40029a58de4dd532871833aa2c195
2023-03-19 19:50:47,True,0.08718,4.808e-05,1343.67,0.0646,0x30...33b3,https://etherscan.io/tx/0xdf50c8c4bfaa2db96e74b5d7aece4754447fc6e5a8d00695b1ccaf0afb479dac
2023-03-19 19:46:23,True,0.08743,4.807e-05,428.439,0.0206,0xaa...5ff3,https://etherscan.io/tx/0x3aaa090907e2b3184678ee1105ef403dfaa6adbd33ac16d7ad97245d943ca8c9
2023-03-19 19:39:59,True,0.08736,4.807e-05,103.098,0.0049,0xd7...4632,https://etherscan.io/tx/0xc73062950f4de44c11256c247497ae68fef605b6a23e56b5edd3caf32b328051
2023-03-19 19:38:47,True,0.0873,4.804e-05,5744.95,0.276,0xc6...fed0,https://etherscan.io/tx/0x7712f9fe5ee83cc62f6ecd441207763a48539a10a03cfae64f2dbb3d883d2365
2023-03-19 19:31:47,False,0.08667,4.775e-05,5226.73,0.2495,0x2e...0aa2,https://etherscan.io/tx/0x63c098fa19b1df9ea8f5ad9cbbf6c7da2e885bb7437ae3b2d06bda864505d98e
2023-03-19 19:24:23,True,0.08718,4.805e-05,2080.9,0.1,0xab...63a6,https://etherscan.io/tx/0xa7412ddba9d8c8213c627f7656e8875653b058ffc0851e8df4ff0d81998be603
2023-03-19 19:23:35,False,0.08665,4.776e-05,1232.16,0.0588,0xc0...60aa,https://etherscan.io/tx/0xcf7b1977fed71944678a54b4b348757ae619b73f64b2203c81db36a18f6cf1df
2023-03-19 19:18:59,True,0.08694,4.805e-05,247.52,0.0119,0x29...176e,https://etherscan.io/tx/0xab6c9d0de2b09331c061baa7980e58c18f3a4b25ba27974795faa71673e225d6
2023-03-19 19:12:23,True,0.087,4.805e-05,206.277,0.0099,0xd7...4632,https://etherscan.io/tx/0x4f45c30f5ef98fa302721d81295f91e1deb0bc692542c540c7d95ad1bdc5fad4
2023-03-19 19:10:11,False,0.08659,4.779e-05,5000.0,0.2389,0x2e...0aa2,https://etherscan.io/tx/0xa32af4334a61fffeec06efcebc71383841d8b4e21c56f06d027379c7d536594c
2023-03-19 19:08:35,False,0.08649,4.782e-05,2052.9,0.0981,0x75...9344,https://etherscan.io/tx/0xc6a61c4cc6f7f4a6f60f0a344bb52db09c8fdd6bc3dfddff3a0ad90d63d7f997
2023-03-19 19:07:35,False,0.08646,4.785e-05,2800.0,0.1339,0x2e...f345,https://etherscan.io/tx/0xf2ab817e9d31f17631bc0f1f0459e6caf7af9f445a3278d0e3426950390143fd
2023-03-19 19:07:11,True,0.08703,4.815e-05,904.521,0.0435,0x42...cf69,https://etherscan.io/tx/0x079b2e04f03093d76cfcdb706c335db93174dc37be1b7b5d79b30fbe0aceeda3
2023-03-19 19:04:23,True,0.08703,4.813e-05,2700.81,0.13,0x6a...35af,https://etherscan.io/tx/0x35a97312b3d2b4c16e09c9b7e51664db267f038e27dbe67b2d9eec8b29b438d8
2023-03-19 19:02:35,False,0.08664,4.792e-05,17992.0,0.8622,0x1d...3973,https://etherscan.io/tx/0xa6242b51ccea261c02e2253fe7eaf73953d24cdebe8270861a81ce24e869e42c
2023-03-19 19:02:23,True,0.08733,4.83e-05,1108.12,0.0535,0xca...c0d0,https://etherscan.io/tx/0xe9756d98bdaa302a3f639672cfab80c26416eb0cd25056e8cede9f286c4e3d59
2023-03-19 18:59:59,True,0.08741,4.829e-05,1346.53,0.065,0x41...d8ba,https://etherscan.io/tx/0x6799597079a53bd9a2f8b2266ee8494d15bab20080474d451f4e1e74bc716ba3
2023-03-19 18:59:23,False,0.08688,4.799e-05,227.0,0.0109,0x20...70b9,https://etherscan.io/tx/0xb31c9dc6404d8696149be6688c078172b57c322d5437652acd59700b0bca7acc
2023-03-19 18:57:23,True,0.08739,4.828e-05,615.893,0.0297,0xa2...d44e,https://etherscan.io/tx/0x9f6259ecbc066e6805f7ec635f2ef4718dc63ae46570022c2f02b35b2bede460
2023-03-19 18:49:47,True,0.08743,4.827e-05,1129.36,0.0545,0xa8...037f,https://etherscan.io/tx/0x3ca173ac7d59d088655177b3cab9f0411e086ce3ed41d61f7b055cb0a5ec8821
2023-03-19 18:49:35,True,0.08737,4.821e-05,9662.4,0.4658,0xd1...ff1c,https://etherscan.io/tx/0x539d42ae5e9fad4d4f858a77551ff4de3a9e7d23979c49da68bcb613701de2f1
2023-03-19 18:48:35,True,0.08731,4.816e-05,125.448,0.006,0xdc...132d,https://etherscan.io/tx/0x5337a3da65635a2232d814d87a745b6bf0d989a7a67b7b93afdf9f268918ec2b
2023-03-19 18:47:47,True,0.08731,4.815e-05,2058.55,0.0991,0x0d...3b6b,https://etherscan.io/tx/0xc767e765e64c2771f99f24e47b23695ffa1f503d65de948caf2ec18073741626
2023-03-19 18:38:23,False,0.08685,4.791e-05,12150.8,0.5822,0xa7...329f,https://etherscan.io/tx/0x27b5603ea7dd0d6f9f01cb9c9007766873f83826882f4d13ce8a96c5ff6b0955
2023-03-19 18:38:11,True,0.08749,4.826e-05,616.095,0.0297,0xf7...8912,https://etherscan.io/tx/0x7876f6a206918b99b8e2feb7d1dcc58f87f75918c61271c3ec653e74d1690684
2023-03-19 18:37:23,False,0.08695,4.797e-05,206.81,0.0099,0xb2...4e13,https://etherscan.io/tx/0x55355f7134f5fdc957cf8d30ef3c0c86b40594c619d97bed825dfa41086099be
2023-03-19 18:35:59,False,0.08692,4.802e-05,8000.0,0.3841,0xe5...8408,https://etherscan.io/tx/0x34979db61fd3a56e597470c84913a4233a6ec03b70be109b63e554693fd1a4e3
2023-03-19 18:34:35,True,0.08748,4.834e-05,2050.33,0.0991,0x70...65ad,https://etherscan.io/tx/0xefb7afb36cbd118b72071a76ccb7c0a8a4ec685569f10186bb890d5e70e7b5b0
2023-03-19 18:28:47,True,0.08748,4.832e-05,1025.62,0.0495,0xf9...cdd5,https://etherscan.io/tx/0xd90d8a3c1c742352de18b196c8f4e301bb30edd83a3241705f4407c2b0e52b77
2023-03-19 18:27:11,True,0.08743,4.83e-05,2000.21,0.0966,0x32...5a14,https://etherscan.io/tx/0xeb782719597c8065c77764cdc24db622a415695afb72326967627433b0581370
2023-03-19 18:26:11,True,0.08746,4.829e-05,615.755,0.0297,0x33...620d,https://etherscan.io/tx/0x756ba7618477bb45f495bdb1b2ef0413c87a8449a97cc028fa4b6adfc38c17bf
2023-03-19 18:25:23,True,0.08741,4.824e-05,8601.92,0.415,0xc6...fed0,https://etherscan.io/tx/0x52c4ff1e7142c06a0d8cbaa6611cf092b4ce966550f87f2e409e6ff4a53830d9
2023-03-19 18:24:11,True,0.08731,4.819e-05,34.2209,0.0016,0x04...1476,https://etherscan.io/tx/0x5106c621152c351b7c64dcdc81a9481a08dde34823669a7b79dd29bfba3f519f
2023-03-19 18:20:23,False,0.08712,4.794e-05,6000.0,0.2876,0x4e...f71c,https://etherscan.io/tx/0xf133e42e207cfb1a6dea2ad62cd9278afe1d8a7884eec09ffc3edc55ca9d496d
2023-03-19 18:18:23,True,0.08764,4.825e-05,1027.05,0.0495,0x54...14ee,https://etherscan.io/tx/0x9c3653f9d54d37a3c5e8fea886092e807fda55c419e48819f279549f3a9dea84
2023-03-19 18:16:23,False,0.0875,4.809e-05,24500.0,1.17828,0xd2...84f7,https://etherscan.io/tx/0xe810a79a88a124988847ad13fc818b37bbc6b5f2a382dbcfd2b103e695e6e344
2023-03-19 18:15:35,True,0.08826,4.85e-05,954.536,0.0463,0xe6...8b6b,https://etherscan.io/tx/0xc94b176642ea2698a34a064a006d2d0441fe04fed274fdb04d441430cf9165fe
2023-03-19 18:11:47,False,0.08768,4.822e-05,1600.0,0.0771,0x2e...f345,https://etherscan.io/tx/0xf1e08d1c91a1e4927bee6f19a40ea2d1d5e962e6de0feba0b805e6b71397c159
2023-03-19 18:08:23,True,0.088,4.851e-05,1123.76,0.0545,0x20...9700,https://etherscan.io/tx/0xda0b991be145bb06024230dd25ae1188195e114ad21a3d32bb20fe6cd88949ce
2023-03-19 17:59:23,True,0.08796,4.844e-05,12592.7,0.61,0x56...6583,https://etherscan.io/tx/0xaa8e03a8af1792aca6f234913f6e3653b0cd53ed1bbe2247fab074a4558f2ce6
2023-03-19 17:57:11,False,0.08767,4.808e-05,1127.59,0.0542,0x39...2f3f,https://etherscan.io/tx/0x8f4739794a9f31fe5e5bd53626cae1823b1007cd7d88166e844277274ec83cc9
2023-03-19 17:54:47,True,0.08813,4.838e-05,513.236,0.0248,0x13...a958,https://etherscan.io/tx/0x2794430d1fd53b0e0234463a5d5cb97eaa4fea397582880b5753bae0f8e8a867
2023-03-19 17:54:35,True,0.08821,4.837e-05,953.819,0.0461,0x7a...61ef,https://etherscan.io/tx/0x4ef2aeab3c663136547be4409b45ecb68bbc1dd1bb40f49a51edd99770a6adba
2023-03-19 17:53:35,True,0.08835,4.836e-05,413.503,0.02,0x33...3ff8,https://etherscan.io/tx/0x879446dee9233e0a0f6e5cfa5bcc95aecb7fce26d722e2d41b0abda0bf1cae78
2023-03-19 17:51:59,False,0.08792,4.808e-05,2261.72,0.1087,0x39...2f3f,https://etherscan.io/tx/0x0b43ff5b4fbb3c816baa194c7006865092a0f8aeb5eedc5817a475094ff40fe2
2023-03-19 17:48:23,True,0.08816,4.835e-05,5686.67,0.275,0xc8...4976,https://etherscan.io/tx/0x4b9b7cde0495735e9749e73949d12b2da0413baa8cfb0855a1e0ec2d0cf3bac7
2023-03-19 17:46:47,False,0.08751,4.81e-05,12391.8,0.5961,0xd6...ef9d,https://etherscan.io/tx/0x073e3a5810f3858aca5006ba090feb96d5f4d0c97bcac30c54012c561dbfb9d7
2023-03-19 17:46:35,False,0.08774,4.823e-05,11372.0,0.5484,0xe6...e894,https://etherscan.io/tx/0xb8fb88ce302e3865afcf4d93f0fdca7795ba9f6c9e34949749fa798d301260aa
2023-03-19 17:46:23,True,0.08842,4.856e-05,4082.5,0.1982,0x74...e19d,https://etherscan.io/tx/0x0885d9fcd268e27f144bcfbb8e37486ffe28e134855b44fc53e569eb06f2e9a4
2023-03-19 17:43:47,True,0.08841,4.852e-05,3172.31,0.1539,0x13...a958,https://etherscan.io/tx/0x3aa8cf9af079f8a52b769fe79b59d4b9064b68d4729092da8b0fa962d06ce763
2023-03-19 17:40:59,True,0.08807,4.847e-05,5111.93,0.2478,0x0d...129e,https://etherscan.io/tx/0xf9ad04fac266eab601501d45fa1d3fdeb15a3b341a20c5f548bff0624e888dd4
2023-03-19 17:38:35,False,0.08765,4.821e-05,10000.0,0.4821,0xfb...a8c7,https://etherscan.io/tx/0x879cf925a3c0b3ba7e36c3fa84813ea672a8b5c5cbd6324aeefb86f42800f849
2023-03-19 17:36:59,True,0.08809,4.855e-05,1029.83,0.05,0x86...c2f9,https://etherscan.io/tx/0x397e86ced94733ff262ce582682c544ed0c742e7b12e543ded51b56047c1159f
2023-03-19 17:36:47,True,0.08801,4.851e-05,6129.81,0.2973,0x18...55de,https://etherscan.io/tx/0x203d46586665637b0c7e95fe99170ee426961980a6fb03c3663d603e9bf351e4
2023-03-19 17:33:47,True,0.0875,4.844e-05,6555.0,0.3175,0x2d...9bc7,https://etherscan.io/tx/0x2e278088bc21c34f5f3a305e0cb26112c3246c71668d16a37f0b3e087c6d52bf
2023-03-19 17:33:47,True,0.08738,4.837e-05,6147.09,0.2973,0x23...071b,https://etherscan.io/tx/0xb9a62fee30872846f0c1cc6a0506b157e803ec5f09fccd5f7f2eaa17c181fd00
2023-03-19 17:33:11,True,0.08719,4.833e-05,820.244,0.0396,0x01...c0b4,https://etherscan.io/tx/0x72f911f50648cc1be89cbe3a1002f2a4368c203afcaacd3aadeab1faf25804b8
2023-03-19 17:32:23,False,0.08648,4.805e-05,1000.0,0.048,0xdc...66ab,https://etherscan.io/tx/0x27b6c113132abf9b2f9985188e8d13f629ef086158b1f2b5a885ddff1b14c0c1
2023-03-19 17:31:59,True,0.08697,4.832e-05,4056.38,0.196,0x7f...7d58,https://etherscan.io/tx/0x9d4b99b017cfb3cb04457ab3cb75b53a6e90835e3be5bde5c9f7cb09c70e5310
2023-03-19 17:29:23,True,0.08698,4.83e-05,266.792,0.0128,0xe8...fe20,https://etherscan.io/tx/0x54788e5d0ab3bef9e1f3ca647457580eb6f93b4d70818f514167d51733153e61
2023-03-19 17:29:23,False,0.08646,4.801e-05,602.084,0.0289,0x2e...f345,https://etherscan.io/tx/0xbfc7fa9b65c5e15fcd29baed1e6a7df1f4e7d959c9cc00d11047131fcc6003f6
2023-03-19 17:26:35,False,0.08649,4.802e-05,1046.69,0.0502,0x07...56a2,https://etherscan.io/tx/0x6f2eaadc1b1931ba1ba1d37beb413e89fa34a25e544fe80bd72cc4702fe5c900
2023-03-19 17:23:23,True,0.1083,6.017e-05,31953.0,1.9227,0xe3...072e,https://etherscan.io/tx/0x18219d7156dcde8791f19bdb055265255b32860562f572320ea1e5fd7649e274
2023-03-19 17:21:59,False,0.08577,4.766e-05,1000.0,0.0476,0x29...0062,https://etherscan.io/tx/0xa0aa2342665cadb0dfceb7a8aecb61c936401d26b78bf94c02154ed66d4e71c8
2023-03-19 17:20:23,True,0.08641,4.795e-05,1343.73,0.0644,0x48...0e12,https://etherscan.io/tx/0x586bf3774a7f2dd368f9c963e6e1db40e20ed92880ca8b5b57609ddd26d893cf
2023-03-19 17:18:59,False,0.08586,4.77e-05,10054.0,0.4796,0xec...ce4d,https://etherscan.io/tx/0x53edba9f860c3ddb08e8c23f5f87859b1c7d918a97884049c6fbf14f8f8aff8d
2023-03-19 17:16:59,True,0.08627,4.802e-05,4893.51,0.235,0x1c...1b59,https://etherscan.io/tx/0x601cd2924db651effd7ac4baf72d20d88a9114e346591f18c63518106704c718
2023-03-19 17:15:47,True,0.08621,4.799e-05,1292.94,0.062,0x2d...7f8b,https://etherscan.io/tx/0xce508e4cb6b9afc538d1c93e66f23d2bdf1a476540a4bd6360b087ef39307a15
2023-03-19 17:13:59,False,0.08575,4.77e-05,2000.0,0.0954,0xc6...fed0,https://etherscan.io/tx/0x2bd475fb2938b2d1b52358bb001112a35a42bb598d5fb323801be0dd3aa0c7b0
2023-03-19 17:12:59,False,0.08569,4.772e-05,644.512,0.0307,0xc8...fdfd,https://etherscan.io/tx/0x1fdb17a2d4bf69802b51bebd62916dc3fd2ffc4c2917c2d0ec9ffcae561b1769
2023-03-19 17:11:11,False,0.08576,4.775e-05,6410.77,0.3061,0xab...389c,https://etherscan.io/tx/0xfe0320275fc55342efecad91f9220cba53292b25fecc52ffda9f1e37eb96adc8
2023-03-19 17:10:59,False,0.08583,4.779e-05,1589.32,0.0759,0x1b...ea67,https://etherscan.io/tx/0xb81d7facf2a4bd8c75d34ac22ab7610642a13b174b9e88a901fd52ca8d0cf1a6
2023-03-19 17:08:47,True,0.08654,4.807e-05,4582.3,0.2202,0x62...b2ab,https://etherscan.io/tx/0x92675d575dc890a8aea64d306a1d8fde5ca53abc23d022032da79368ef722a86
2023-03-19 17:06:23,True,0.08648,4.804e-05,1155.47,0.0555,0x89...894c,https://etherscan.io/tx/0x66bccdc4b7c0842c1b455ca1960343cd77e8a5d66e17f5b3c9c632f2252a8968
2023-03-19 17:05:47,True,0.08645,4.802e-05,1135.13,0.0545,0x19...7a49,https://etherscan.io/tx/0x8961bf324776495d46ed2a928f4c435e61b31b02aa4333aa0d8912eae3ab70a7
2023-03-19 16:58:35,False,0.0857,4.775e-05,4000.0,0.191,0x4f...9365,https://etherscan.io/tx/0x438c3597fd4fbdd20062a7736aff6d1537405f75286eeea836bd3e3b767cc151
2023-03-19 16:57:23,False,0.08592,4.778e-05,2000.0,0.0955,0x6a...7f16,https://etherscan.io/tx/0x0e405d3828dfbdedec187eb0c8ad2569ce2ebbcd2c9d47cfd4d07243435fb38b
2023-03-19 16:51:11,True,0.08631,4.805e-05,5792.13,0.2783,0x2e...f345,https://etherscan.io/tx/0x2eaa482e575e76bd9a5a0474a38e81beca02628364885239a404c9e682a7294b
2023-03-19 16:50:47,True,0.08626,4.8e-05,2890.57,0.1387,0xc5...ce54,https://etherscan.io/tx/0xae83216bcc1bea9e9c220e486a57e47340eaf3ae7f717c2cf8dd3f0d2e215606
2023-03-19 16:47:59,True,0.08587,4.793e-05,11614.3,0.5567,0xe4...ac03,https://etherscan.io/tx/0xbbf6cf475b912254a008e860ea800dae3e9d3bfd572081496197b75882bd6db4
2023-03-19 16:43:11,True,0.0858,4.786e-05,731.186,0.035,0x21...fade,https://etherscan.io/tx/0x09b56505861c4392fa25a744407f82e2be68c4a77b359b62dd4bb06853d23922
2023-03-19 16:39:59,False,0.08543,4.76e-05,5817.26,0.2769,0x2e...f345,https://etherscan.io/tx/0xef8dd2f750d34b3bb56078968401f41de0df7d7d5a5395a48dbf514a91a67563
2023-03-19 16:37:11,True,0.08597,4.79e-05,3310.56,0.1586,0xf9...ebd9,https://etherscan.io/tx/0xe503e3e69e3fa8f333586f6b829e5227d03b0677c3ae48c50fae00d2fc6c91f7
2023-03-19 16:34:11,False,0.08541,4.76e-05,500.0,0.0238,0xbd...3d01,https://etherscan.io/tx/0x952df7f526ef718934f29d5577a0b7bf73c968e4a4823080ea6afdb96fda52f4
2023-03-19 16:30:11,True,0.0858,4.789e-05,1034.93,0.0495,0xec...c791,https://etherscan.io/tx/0x8e7358870c4c27228e232bd0c2f9a7e2e0be458aa6c4101800920dbedbae3b18
2023-03-19 16:26:47,True,0.08563,4.786e-05,3847.18,0.1841,0x34...9fe3,https://etherscan.io/tx/0xd00c465e3d3ffb956f0c50fc5a1816069abe80742f9e2d3b709bfc63329f1a8c
2023-03-19 16:25:59,True,0.0853,4.77e-05,26086.8,1.2445,0xb0...5784,https://etherscan.io/tx/0x7c915a86159003efdc99268bf8ce1ea2e4e5bb280964c16cc8ab040c9473c73b
2023-03-19 16:23:59,True,0.08515,4.754e-05,5003.85,0.2379,0x62...ae6a,https://etherscan.io/tx/0x24b475ad70f172ed5a63c516b33b5e11d9a215ffefb269f37fdb15e957b25b9c
2023-03-19 16:23:35,True,0.08492,4.739e-05,23325.7,1.10554,0xd2...beaa,https://etherscan.io/tx/0xc9411767f0c41051abbf2790ef6265897c0a05ee3192f19bc7b87def26f0d249
2023-03-19 16:22:59,True,0.08481,4.726e-05,2115.79,0.1,0xe9...a9cd,https://etherscan.io/tx/0x52145b4f70e289b5bb6c29e7775ad42067033a3ea12e8c668966b1a1f01a9f57
2023-03-19 16:22:47,True,0.08478,4.724e-05,1049.0,0.0495,0x7c...0f22,https://etherscan.io/tx/0x6992bd79ce4379e83979330df52eb26ff69da453f6c3a086a656f0b202b7c5a6
2023-03-19 16:20:59,False,0.08424,4.697e-05,2599.0,0.122,0xd5...0beb,https://etherscan.io/tx/0x2a427d93a177d1064234775f6bc86581c8bfa7e05b1df0b8b2db7824c5eff30f
2023-03-19 16:17:47,True,0.08471,4.716e-05,20850.0,0.9833,0xe9...a86b,https://etherscan.io/tx/0x84aa952a6b63638d25d1456081b0c1df67360a9c39fc17b8b7207c5f0d530fad
2023-03-19 16:17:35,False,0.08402,4.677e-05,297.0,0.0138,0x31...08be,https://etherscan.io/tx/0x0bf42682af7233505ac43bbf126b319b48871a4ce6c821c56cb19f152a8eff54
2023-03-19 16:14:59,False,0.08387,4.68e-05,6000.0,0.2808,0x53...f16d,https://etherscan.io/tx/0x7ce077af0727071ddf6cceda3531d3153d882f21cc398b1297f847afd614f09b
2023-03-19 16:10:35,True,0.0849,4.709e-05,4920.54,0.2317,0x81...0bda,https://etherscan.io/tx/0xe4f3cc9241308953a7bd0a011a5e297c00711b08aee797db7e01f1aafc9ea47d
2023-03-19 16:07:59,True,0.08482,4.703e-05,5900.66,0.2775,0xf0...91cd,https://etherscan.io/tx/0x713b233e8ee27d386a6a6706d88d08f33935d3bce09c2c11a8d7a78845fc1f53
2023-03-19 16:04:11,True,0.08401,4.69e-05,20596.3,0.9659,0x70...4545,https://etherscan.io/tx/0xb33103dada150d5be00c680391582f3b69efe5c6736d87bc4f0c35602ca3839a
2023-03-19 16:02:59,True,0.08371,4.679e-05,320.552,0.015,0xed...a5ff,https://etherscan.io/tx/0xde78e78c4f4ef950ac348540115cf3bf73a0d441dd9ecf8beaf9a939b3992767
2023-03-19 15:57:35,False,0.08302,4.652e-05,3000.0,0.1395,0x78...c262,https://etherscan.io/tx/0xcb5ac980bb0e73b4183b2231f7ee86a15aef66310bf3bdac5ccffbed580304bb
2023-03-19 15:57:23,False,0.08311,4.657e-05,7094.52,0.3304,0xd9...7a91,https://etherscan.io/tx/0x7a09941654815e18a7ad23bc58fd418ebb476670dd3b307c1aa22b286672a3cd
2023-03-19 15:52:11,False,0.08336,4.667e-05,10893.6,0.5084,0xee...8509,https://etherscan.io/tx/0xbe04930e01f8c86858392f653163dba38ca0d5dbd38777d967a4a8d2a3c16a91
2023-03-19 15:49:59,False,0.0835,4.673e-05,2752.0,0.1286,0xe6...7380,https://etherscan.io/tx/0x0180e7151438dfa83eb3aa506f5db64017828ecfea13b2d3061ef7cd1e2b8992
2023-03-19 15:46:35,True,0.084,4.702e-05,2107.96,0.0991,0x4b...e6fa,https://etherscan.io/tx/0x54aef32e399d35142940e59657632def31720f45a51a9faf5e666addc9d7fa77
2023-03-19 15:46:35,True,0.08389,4.696e-05,9920.43,0.4658,0xf6...18f4,https://etherscan.io/tx/0x6048d06895e005266a2366c81f0b53811f97f83297ae4b05bcdc3f558325fa59
2023-03-19 15:44:35,False,0.08334,4.665e-05,4850.0,0.2262,0xe5...8408,https://etherscan.io/tx/0xf77aa0cea2f8b22a1f61edce4eb3a1ae472f5112e707ec8483b4d914e4f8ee2c
2023-03-19 15:41:23,True,0.08386,4.696e-05,23.5153,0.0011,0x28...a921,https://etherscan.io/tx/0x4b4a47d6f288b5291302424a54e7ac4380b1c384919d21872ced167fd5e55af6
2023-03-19 15:40:59,True,0.08385,4.695e-05,473.554,0.0222,0x12...5d63,https://etherscan.io/tx/0xe3ca535d122f008e6af59038db194e9874f0bc9cc469178345fbb6038e542dd9
2023-03-19 15:39:59,True,0.08385,4.695e-05,165.884,0.0077,0x5d...c7d4,https://etherscan.io/tx/0x8c0e47e6278d4b4c9d6837cf237dc0c22cbcfc039987620bfad0b53c2e18701c
2023-03-19 15:35:47,False,0.08341,4.672e-05,10950.4,0.5117,0x92...f2fe,https://etherscan.io/tx/0x3579b9cf44fe5f90e1ef6140eea96600f442e711c5fb341536253e99e1598133
2023-03-19 15:32:47,False,0.08368,4.68e-05,3867.23,0.181,0xd4...8e03,https://etherscan.io/tx/0xc7b9c1081fe4b5aa5cfdfd68101b25e68735d72ca57bf603f6527fda74a11759
2023-03-19 15:29:59,True,0.08408,4.71e-05,1005.0,0.0473,0x05...2ff7,https://etherscan.io/tx/0x842d8877f38662b95f0e6b129b753349cdbee6912c92831b8264b15b135f531e
2023-03-19 15:29:23,True,0.08398,4.709e-05,1004.79,0.0473,0x05...2ff7,https://etherscan.io/tx/0xf205bf7babb7d55036d628e5573850f867fc6761ddf0dce8f1ba70e51cc00d1a
2023-03-19 15:29:23,True,0.08396,4.708e-05,947.442,0.0446,0x74...bec2,https://etherscan.io/tx/0xd66e3c86cc516b1e5b0fad96122e33384530be02ed3d642224853af44809a05b
2023-03-19 15:28:23,True,0.08386,4.707e-05,1005.0,0.0473,0x05...2ff7,https://etherscan.io/tx/0xfd2934f82247b29ceab5da8ab35bbb2a4998e464fb33ee12c7caf89643898ed1
2023-03-19 15:27:35,True,0.08376,4.706e-05,1005.0,0.0473,0x05...2ff7,https://etherscan.io/tx/0x9ef999c39d0ccad23bc8be7413cbf8f6c26ce8398ee707d907cd61c148ad3dad
2023-03-19 15:26:23,True,0.08375,4.705e-05,421.334,0.0198,0x98...b14c,https://etherscan.io/tx/0x7fc87c0aa91f8656633c7a7cff1fe4ec9e5ccea9a4871d9807c126f283ca4927
2023-03-19 15:25:59,False,0.08329,4.679e-05,5000.0,0.2339,0xe4...6771,https://etherscan.io/tx/0x31ae5d597ffe24a8de9c8fb3ab98532ab7657c37ae4fcf68bbb8d675e1bf6bfd
2023-03-19 15:21:47,True,0.08385,4.71e-05,349.187,0.0164,0x96...dd50,https://etherscan.io/tx/0x1691372805f6d6efc4a62f0a164274342ab78e2da4066653e016fc701422c924
2023-03-19 15:19:35,True,0.08384,4.709e-05,251.25,0.0118,0x2b...cf82,https://etherscan.io/tx/0xb64cecd32f1546d3aab4125d41a92569e011bcc3525156e641e44f6d8d44c029
2023-03-19 15:15:35,True,0.08372,4.708e-05,1698.17,0.0799,0xaf...4210,https://etherscan.io/tx/0x1300e9ade6757dd9ae81b0b68d60667178337654f27e201473808b33a28ff66f
2023-03-19 15:12:23,True,0.08371,4.706e-05,2527.33,0.1189,0x55...57f4,https://etherscan.io/tx/0x842efec6c8f5fe248394f309417d386de022f68109c5329096f5256bfcbc2eb2
2023-03-19 15:11:11,True,0.08367,4.704e-05,1369.56,0.0644,0x6d...f25f,https://etherscan.io/tx/0x9acdc30827a437a16495732ed3b66b1f7528a4a9238f775a31d97f5b0558aa31
2023-03-19 15:07:35,False,0.08311,4.676e-05,1000.0,0.0467,0x18...f6fa,https://etherscan.io/tx/0x754cbbeed3c45ea0f8dece5c475ca96554b9b049c92e9ae9433efcab3d2b8df2
2023-03-19 15:04:47,False,0.08314,4.677e-05,1906.5,0.0891,0x8f...4553,https://etherscan.io/tx/0xf21aaad9b8b1d51165981f48dd81d2c92eb61d3b4df45d86aaeaf6fdeb0c9495
2023-03-19 15:04:23,True,0.08365,4.706e-05,147.422,0.0069,0x21...1e80,https://etherscan.io/tx/0x8824de43bd3adb5d396d1fb1fc27274e600d4f5344754cf2496756b058cfae10
2023-03-19 14:57:47,True,0.08361,4.706e-05,168.488,0.0079,0x98...b767,https://etherscan.io/tx/0xebc4b5dec07a3c2413814193d9f00c798ad2d27e1242561e02aea1f0302ce530
2023-03-19 14:44:47,False,0.08314,4.68e-05,4747.79,0.2222,0xdd...8a2f,https://etherscan.io/tx/0xa90c0f57e4a6f15d69bf2f8e97b6da35295d39be6f45ad923d1afc95ba177f5c
2023-03-19 14:39:35,True,0.08361,4.711e-05,526.019,0.0247,0xfe...3c4a,https://etherscan.io/tx/0x74d4ea773cca352f4a3c34c24281066b4a24d4e043e7b907092e556fa82033b7
2023-03-19 14:35:23,True,0.08382,4.707e-05,6044.5,0.2845,0x7f...7e3d,https://etherscan.io/tx/0x4e8e78dda07fdf87b95d7706ba4f5cc1c548c52df68211faf036420f708d4217
2023-03-19 14:35:11,True,0.08375,4.703e-05,2318.27,0.109,0x5e...3ef2,https://etherscan.io/tx/0x8a052d3aa19faa520f17e3cfad3d9d18b62e5805439d07b6147cbb6fb2790c32
2023-03-19 14:33:59,True,0.08372,4.702e-05,472.009,0.0221,0xe9...e8e1,https://etherscan.io/tx/0x0bc5db326fbea04291e134aea63386821f9ba0f42ab6950283837c0a731ab14e
2023-03-19 14:31:59,True,0.0837,4.7e-05,2285.98,0.1074,0x7b...1be5,https://etherscan.io/tx/0x0f8c8ec2e51beffb8238015acffe8fac1c8664aaf3d1251c26d909b2242d0385
2023-03-19 14:31:23,True,0.08362,4.696e-05,5909.91,0.2775,0xd0...bfc5,https://etherscan.io/tx/0x99c39af4a06185fb711855cd309df6f550c41fdaae1736a1db744bb2d7ac22fa
2023-03-19 14:28:47,False,0.08326,4.677e-05,23859.6,1.116,0x28...5428,https://etherscan.io/tx/0x47cf30d017c6c4c4edde500619633fb283fa29578333ed9d9f68926bcd1e0602
2023-03-19 14:26:35,True,0.08396,4.717e-05,210.113,0.0099,0x28...3692,https://etherscan.io/tx/0xfdf10a85a9fa7468bf8db0172b93f201e0985b05c1e5b8c55e0ae27d42265532
2023-03-19 14:24:35,False,0.0835,4.689e-05,75.5731,0.0035,0x36...eebd,https://etherscan.io/tx/0x0a369424b65d0a1733ab2cdac8a044ba41749625354610bf715a60edc9c1268c
2023-03-19 14:21:11,False,0.08343,4.689e-05,691.065,0.0324,0x0b...6526,https://etherscan.io/tx/0x04a8b9d77619a3029d1860366af48d52355f361bc7cb985cd22e46111c6f636a
2023-03-19 14:05:47,True,0.08406,4.718e-05,503.871,0.0237,0x3d...7b7b,https://etherscan.io/tx/0x96f963f98e360b480393d06b5af078fdea920c52e18314ff3fd82e636efc4b1b
2023-03-19 14:05:11,True,0.08405,4.712e-05,11247.8,0.53,0x41...44f0,https://etherscan.io/tx/0x40681bca2888a30403dffbc30d166b7f5dd8b8e992e6315f8f8f39358ee174e8
2023-03-19 13:59:35,True,0.08392,4.705e-05,1445.11,0.068,0xb0...9915,https://etherscan.io/tx/0xaed18cf00c59685a20a9cff0d6f8f3fb3e9517fbae438c9baf0971df6e77f97b
2023-03-19 13:56:23,True,0.08389,4.704e-05,929.24,0.0437,0xc6...3ad7,https://etherscan.io/tx/0x486992b7c1f7245445d88990bb750fd2bff81a948c183060124654358f92a546
2023-03-19 13:53:23,False,0.08349,4.681e-05,11543.3,0.5404,0x14...f0e7,https://etherscan.io/tx/0x922eb8aef98845832e7e360520840d53af532fea19fb2401ef806293aafbffa6
2023-03-19 13:45:47,True,0.08416,4.715e-05,998.576,0.047,0x4f...7fb9,https://etherscan.io/tx/0x6259420853cf8a26fbcbd19924290dea9f96dbd5a4ecca3cb02719a0e289dc9c
2023-03-19 13:43:11,True,0.08413,4.714e-05,129.213,0.006,0x9f...3269,https://etherscan.io/tx/0x9e96df3b9ceccb28817434f56a36a03fd865b7c670f84e604996613a870247e6
2023-03-19 13:42:47,True,0.08405,4.71e-05,8492.35,0.4,0xc4...43d7,https://etherscan.io/tx/0x9fd95e4fc5c2e27cdfc65f7c569fcbf9ef736c68e27e2e630103c4bfe143a27c
2023-03-19 13:41:23,True,0.08396,4.704e-05,1622.27,0.0763,0xb6...eaa5,https://etherscan.io/tx/0x814006ded38bdd09e5b5ebfe082d8f6c4a1a5b369fa3ca96e1d97d2ab83cab53
2023-03-19 13:34:47,True,0.08389,4.703e-05,2107.7,0.0991,0x60...721e,https://etherscan.io/tx/0x227a370c8ba11366e1cb3ec5a730f2f2f6e69adcf36ea0f92bf67a4e1a974a7a
2023-03-19 13:30:11,True,0.08381,4.701e-05,1054.21,0.0495,0xa9...f71c,https://etherscan.io/tx/0x2cf77c1aac1452cc76631ce24febd9aa8a3b0df5be506f8e032c4deb53f606f7
2023-03-19 13:26:35,False,0.08337,4.673e-05,1132.32,0.0529,0x6d...ddae,https://etherscan.io/tx/0x5233a7452865ea0ddf42aeb5c5d0307347d72f89d74a32e8a5785a896ea7d30c
2023-03-19 13:13:11,True,0.08417,4.702e-05,210.788,0.0099,0x0e...a60c,https://etherscan.io/tx/0xdc2974709fbb87603b5396471338f9fbca832912573ce41832748adbc2f405b9
2023-03-19 13:11:23,False,0.08372,4.675e-05,1340.0,0.0626,0xc7...4ac0,https://etherscan.io/tx/0x8d65f4162ebfca335dd87b46fb4a634d1abc9a41cb987b458ea04cf3161eeeee
2023-03-19 13:08:59,True,0.08417,4.699e-05,8241.35,0.3873,0x76...7d5e,https://etherscan.io/tx/0xeac3d6a84a32e554f011a154ed29127bdc2350bfd8d3db1a3208e88e444f3bcc
2023-03-19 13:06:35,True,0.0838,4.695e-05,422.241,0.0198,0xd6...0615,https://etherscan.io/tx/0x54f3186189c088ce5329a7597e49b5feb01c58cd9c5a2f7e715e8275f2d92ec2
2023-03-19 13:05:23,False,0.08357,4.682e-05,30412.5,1.42403,0xaa...29b9,https://etherscan.io/tx/0xdab2bad57da18c1d8a7b16b2236241bfe66ad5eca6d1199395e0f3c3edd953ea
2023-03-19 12:57:59,True,0.08431,4.726e-05,146.816,0.0069,0xaa...60e4,https://etherscan.io/tx/0x06e3fba3baa8e22561b699149268e799757c246791654c49aa097fd08a6814ac
2023-03-19 12:56:47,True,0.08415,4.719e-05,11873.5,0.5604,0x98...1544,https://etherscan.io/tx/0x770222cb43d08ea8486073aa2e85bac909e344af3b1caa2be9a44eaa51a634be
2023-03-19 12:56:11,False,0.08378,4.699e-05,26228.1,1.23246,0xb1...49a9,https://etherscan.io/tx/0x067fd6d61cce6f48912e8f611e8ed09c6c6ad186a06422b860c8a417d7f98af4
2023-03-19 12:52:59,False,0.0839,4.712e-05,700.0,0.0329,0x22...6177,https://etherscan.io/tx/0x9cf9b8040dfbebd7b60e95f84ed11d25fdddad0d7f0a0bc937c7d7770ed60062
2023-03-19 12:49:11,True,0.08432,4.741e-05,0.1045,4.956e-07,0x85...dccd,https://etherscan.io/tx/0x1231c52c0d2b1cbd4c43b75610e05f0807850d04c121ea4e717967f4bf16ca4c
2023-03-19 12:48:11,True,0.08424,4.739e-05,4192.2,0.1986,0x44...b1e7,https://etherscan.io/tx/0xeccb88e3fdd92a1e73fa29a31c82a2f19f07921522e3a81809909ee9d8a59a5b
2023-03-19 12:41:23,False,0.0837,4.712e-05,7124.18,0.3357,0x76...7d5e,https://etherscan.io/tx/0xc60e4c3819b912c921ca4218293162c32d5a96569be973f2e6ffa5fd77525bdb
2023-03-19 12:40:59,True,0.08427,4.744e-05,394.965,0.0187,0x35...9769,https://etherscan.io/tx/0x241ed61d77ae2a5003252c9d62aed122c7557014a05fee86932465f473ea9c76
2023-03-19 12:40:23,True,0.08426,4.743e-05,1671.81,0.0793,0x5c...dc91,https://etherscan.io/tx/0x360e471977f2442321c65024aec287b5bd33cd89145c6777a7003232cb8bc753
2023-03-19 12:40:11,True,0.08416,4.738e-05,8472.94,0.4014,0x1f...c2e0,https://etherscan.io/tx/0x03e18076af04c673963d63d1bba57e7ad8c5bbfd61e8317875b035eb294f065c
2023-03-19 12:39:11,False,0.08356,4.706e-05,2000.0,0.0941,0x2e...f345,https://etherscan.io/tx/0xf8777f835355275e29c2e481180350185b605f3fb65fa3102de734739b4deaa9
2023-03-19 12:35:11,False,0.08354,4.709e-05,3550.47,0.1672,0x69...8078,https://etherscan.io/tx/0xce3d283fc46b2501ce635bd2aa21add147689f6269c9650687cf2de0241b1604
2023-03-19 12:34:59,False,0.08358,4.711e-05,1000.0,0.0471,0xc6...fed0,https://etherscan.io/tx/0x929a6bee98144f4172cbd678606d13af93f60e67f76a64963eb5594be23af2b8
2023-03-19 12:32:23,True,0.0841,4.74e-05,70.423,0.0033,0x5e...4f03,https://etherscan.io/tx/0xf3d4d5e4f48ad4418dc8362804aadc079f4ddaba3948a4c7c19244d7b18f3dcf
2023-03-19 12:30:59,True,0.08408,4.739e-05,1568.57,0.0743,0x23...7a39,https://etherscan.io/tx/0x84afc927d4ec0aba574f83a5f7d59235c6f982a169d2db8ec12c2802da1720eb
2023-03-19 12:29:23,True,0.08404,4.737e-05,2000.0,0.0947,0x80...6348,https://etherscan.io/tx/0x47e6eb861e55beab834bdb5dcef7783aad077abe8bbe00bdf731b80a8ecf8c7d
2023-03-19 12:27:59,False,0.08376,4.717e-05,18495.8,0.8726,0xb2...3036,https://etherscan.io/tx/0x27cdfeb3d2cd7b1e940026ce9e512bb2cfa17ce399b16ef896bcd4676a991867
2023-03-19 12:23:11,False,0.084,4.729e-05,4219.3,0.1995,0x6f...5fc8,https://etherscan.io/tx/0x1e98e149011d6c0b4bff77873a723b7ea4253b00f315f666c9faa98a58db2181
2023-03-19 12:21:47,True,0.08451,4.759e-05,737.202,0.035,0x64...67e3,https://etherscan.io/tx/0x424770d68e8447d7fe15410363d73fd1f8843a64020d904bcefccac08dd80af0
2023-03-19 12:19:47,True,0.08427,4.759e-05,285.235,0.0135,0x4f...bdc4,https://etherscan.io/tx/0x70c0bf6804c522b3c4afb69741b9a6c9dad11bd9f998c3eec99f7dd4d195d7b2
2023-03-19 12:14:11,True,0.08431,4.758e-05,672.426,0.032,0x6d...6b4f,https://etherscan.io/tx/0xc1fba79a5ba1f781c800244d640857140ec5120e3077fe080b80a902adb8ca60
2023-03-19 12:10:35,False,0.08397,4.74e-05,19198.2,0.91,0x88...d1d8,https://etherscan.io/tx/0x272dc062251a9c7ff8b1df8c2a2320fe71b925e8ad427a8fee3da5f000588656
2023-03-19 12:10:11,True,0.08465,4.778e-05,311.162,0.0148,0x60...75d9,https://etherscan.io/tx/0x9079aca52b61a9e100acfc8efa2e38a1e02a627577e41c08c8be0817864f5d0f
2023-03-19 12:05:35,True,0.08453,4.774e-05,6643.21,0.3172,0x50...fa86,https://etherscan.io/tx/0x208fd908adbfd79294c575820d7dd4d9bbdcb78cb5f360f6963da89976258038
2023-03-19 12:02:35,False,0.08418,4.743e-05,1000.0,0.0474,0x56...e95e,https://etherscan.io/tx/0x2d022860f03e3154ee5a43a07de5ca566a1ba4ea959e8773562419f20bafb22c
2023-03-19 11:57:11,True,0.08466,4.77e-05,4120.66,0.1965,0x81...fc8d,https://etherscan.io/tx/0xcb4b218518a15d0d3220f23be1f7d4150c7c68d2d42a564c4172d336a15dc764
2023-03-19 11:55:23,False,0.08411,4.742e-05,5000.0,0.2371,0x35...fa67,https://etherscan.io/tx/0x450af81a96c112c0b750fdfd1d0f8d490df2c8c3e403ba3e3bccf99dc20f2c13
2023-03-19 11:55:11,False,0.08417,4.745e-05,1000.0,0.0474,0xf7...9e1e,https://etherscan.io/tx/0x2e8d541fcf1c66b4a9bc393bd69b413dce09edba14fbe9e070780e929c25503c
2023-03-19 11:55:11,False,0.08419,4.746e-05,780.685,0.037,0x8f...67e2,https://etherscan.io/tx/0x3f4b6914810bc6a675026ef5ded812f5197487d51ab817c26096234c270806b1
2023-03-19 11:52:59,True,0.08468,4.774e-05,935.811,0.0446,0x3f...7d9b,https://etherscan.io/tx/0xe2b92434c31b62ae713095d61bed5397f6b0eca3dda860d55414eb2adfcf1cbd
2023-03-19 11:40:11,True,0.08483,4.773e-05,1164.24,0.0555,0xf7...6695,https://etherscan.io/tx/0xf55f84a7b046185157e52746d75ca0f1fbccdd3e2b34985be07eaf8ae5301253
2023-03-19 11:35:59,True,0.0848,4.772e-05,933.957,0.0445,0x94...c410,https://etherscan.io/tx/0xb649b689c1fa7d9e6a9fc1f62bd013bc57167e5b33c5c5de80bb1ef9f4a270de
2023-03-19 11:33:59,True,0.08477,4.771e-05,1163.41,0.0555,0xc2...a9e3,https://etherscan.io/tx/0x4026db073f370aca7c2ea417e6a2a42782755e0f115c7a328ac8dadaa5b19a79
2023-03-19 11:33:11,True,0.08475,4.77e-05,489.622,0.0233,0x3f...7d9b,https://etherscan.io/tx/0xe72733687d194b12d6b2b8b73c3e98c253539d5d10c5080e592d307a1a37b449
2023-03-19 11:29:23,True,0.08475,4.77e-05,41.5602,0.0019,0x8d...170d,https://etherscan.io/tx/0x860ab114a4dcdfa541b6a18872d30c6d340454b7ac8809fd43930fa769569a88
2023-03-19 11:26:35,True,0.08471,4.769e-05,881.027,0.042,0x15...f0d3,https://etherscan.io/tx/0x47a044b149ecbcad1c328f860fd6a118039eeec14f14e3d48bf1a086d509260f
2023-03-19 11:26:11,True,0.08448,4.757e-05,23407.6,1.11349,0x84...afc2,https://etherscan.io/tx/0x220d0461df0db8e1f3a7162247c6f4e1f38a552b3d85b261eec1510a9c95b3ea
2023-03-19 11:23:59,True,0.08419,4.743e-05,2047.83,0.0971,0x40...8734,https://etherscan.io/tx/0x98b1528865b820057a4b4c1259210ffd6cfc114da36bcf4eb6cef8951103db17
2023-03-19 11:22:11,True,0.08408,4.74e-05,3763.71,0.1784,0x47...c5cc,https://etherscan.io/tx/0xe7a1a0ae3e5e922fc6e8537b00365dfe3129ba3b8982cea2612696255d9d0e16
2023-03-19 11:19:59,False,0.08382,4.725e-05,30000.0,1.41776,0xc6...fed0,https://etherscan.io/tx/0x66d1f82231d4787399ddc9b9888a4b8fe80b6f11a2457d0cdbfc82b36d4cfaf8
2023-03-19 11:13:59,True,0.08467,4.769e-05,384.455,0.0183,0x18...fdfa,https://etherscan.io/tx/0xa96a1cf39ab141d82dbae0c63b04aba0a0f51331d4366d5086ea9a1bcd46b519
2023-03-19 11:13:23,True,0.08463,4.767e-05,3950.46,0.1883,0xd1...7440,https://etherscan.io/tx/0xa4cb52afb24030da7aee3e15e0f9866456f3eb480c5f96d202df573d53d2a911
2023-03-19 11:09:23,True,0.08461,4.765e-05,166.41,0.0079,0xae...3c40,https://etherscan.io/tx/0x4e1a419c3ead10787204a0c6afb852f302fd275e047cb9bd5cd4fcd1205ecbb4
2023-03-19 11:07:23,False,0.08431,4.744e-05,14160.7,0.6717,0xf8...0a8c,https://etherscan.io/tx/0x9f9d5452c43497dbcabe5a2c8137aa0d08b86854ea98b5dad19bbcbda248bfed
2023-03-19 10:55:47,True,0.08496,4.78e-05,62.2117,0.0029,0xea...0277,https://etherscan.io/tx/0x4713c0847c1420a20280b4a0c6dfe17f6650e3640bc82000de555a98eabf841b
2023-03-19 10:51:59,True,0.08489,4.778e-05,3682.24,0.1759,0x54...48db,https://etherscan.io/tx/0x92b34928118ef3f3c5a634bfca5a7092fc5689d140c44d6197761aae32f5798a
2023-03-19 10:51:35,False,0.08438,4.749e-05,4275.0,0.203,0xd8...9753,https://etherscan.io/tx/0xe391e444dc1a70180320f5694fe639e1d17aeebea14cbb53fc05a2a2e877d519
2023-03-19 10:46:47,False,0.08446,4.754e-05,5000.0,0.2377,0x9a...5d3b,https://etherscan.io/tx/0xdf148fdce0bf025a3edd134a09f9aae5b78efde0247c44e470d87acdeae97864
2023-03-19 10:43:35,True,0.08498,4.785e-05,1154.97,0.0552,0x35...5bc9,https://etherscan.io/tx/0xea5dfc27e57ab4c73edc4626930101ec9027163bae9e57e69b00fd42defe07eb
2023-03-19 10:42:59,False,0.08447,4.756e-05,600.0,0.0285,0x6d...e59e,https://etherscan.io/tx/0x9f72609d113f93613648b0586cb9e510736a7b6697291925b5ad03c227c08a5e
