datetime,buy_order,price_USD,price_native,amount_token,total_native,maker,etherscan_url
2023-03-23 19:38:35,True,0.1045,5.744e-05,945.8,0.0543,0x95...a3bc,https://etherscan.io/tx/0x10b58abf351de24fff4561ece5484ffcea108cd1e3ffeff346e97d21fe447c40
2023-03-23 19:38:23,True,0.1044,5.736e-05,9828.18,0.5638,0x2e...f345,https://etherscan.io/tx/0x55156bd1db9319f99913082cd757ffdb339afe9d8a3efbde8f7a4cc8f461c8c2
2023-03-23 19:38:11,False,0.104,5.717e-05,32213.4,1.84191,0x85...6536,https://etherscan.io/tx/0x8b003c2bf7402e23bbc591a85986ba8c75faf807147ea9af9abbb3e26ecb8b7a
2023-03-23 19:38:11,True,0.1051,5.774e-05,377.663,0.0218,0x1c...a1f7,https://etherscan.io/tx/0xa27147a1f6485052d69345d1c9d4407c28644ee8b8065d7edfdebfaa5a25035f
2023-03-23 19:37:47,True,0.105,5.773e-05,930.343,0.0537,0xda...62ea,https://etherscan.io/tx/0xef1c51bc316b5487dc544c2e82c8fe3346130e757ba17bdd18c79b4a08b1d464
2023-03-23 19:36:11,True,0.105,5.771e-05,1889.26,0.109,0xc2...a9e3,https://etherscan.io/tx/0xa2b8464fb71f6557af82398354766991b351ca26de53d9662adfcc1493c78d94
2023-03-23 19:34:47,False,0.1044,5.739e-05,5000.0,0.2869,0xb5...4505,https://etherscan.io/tx/0x2c3185044307ce2ea2f497553112556a5a9bac7178b4eaf3ec883996d8841642
2023-03-23 19:33:47,False,0.1044,5.744e-05,2151.74,0.1236,0x76...7d5e,https://etherscan.io/tx/0x3fe8dcce9b7da75f0fe6df550b8507cb54be9aa91a00b87ad51f50d6328f94bb
2023-03-23 19:33:47,False,0.1045,5.747e-05,2764.7,0.1589,0x76...7d5e,https://etherscan.io/tx/0x3fe8dcce9b7da75f0fe6df550b8507cb54be9aa91a00b87ad51f50d6328f94bb
2023-03-23 19:33:47,False,0.1046,5.753e-05,6207.58,0.3571,0x76...7d5e,https://etherscan.io/tx/0x3fe8dcce9b7da75f0fe6df550b8507cb54be9aa91a00b87ad51f50d6328f94bb
2023-03-23 19:33:47,True,0.105,5.772e-05,28392.1,1.639,0x7b...3cf1,https://etherscan.io/tx/0xec106437d91b60dcdfee2ce21a6a2208b250481354a795d55b8b5a80e3a363da
2023-03-23 19:33:35,True,0.1044,5.74e-05,17418.9,1.0,0x3a...737c,https://etherscan.io/tx/0x45c132f218be6cfc5c4c1da3902587cbe2c9d3c024ea2c6cf94e0d1812fac921
2023-03-23 19:33:11,True,0.1042,5.728e-05,259.549,0.0148,0x0a...4072,https://etherscan.io/tx/0x963535d91c78345ca90797707dfb93c576c7f02254a35dc5f4ae55f52c63a36e
2023-03-23 19:32:35,True,0.1038,5.71e-05,26037.2,1.48687,0x10...6272,https://etherscan.io/tx/0x171b9c0db9ce1cdc59851510f2246882005f66e00d7113718800ec43ed526052
2023-03-23 19:32:23,True,0.1035,5.692e-05,522.407,0.0297,0x0a...4072,https://etherscan.io/tx/0x5ea43980f611c04b29cf2a89604f935d577de4e7f32a9ee5aaf490a6666b64b3
2023-03-23 19:31:47,True,0.1034,5.685e-05,10000.0,0.5685,0x06...1b4f,https://etherscan.io/tx/0xf89dbd4fc2783ee924e6adcd74f9af7cd3f342e16ee39a27b9fd8e5edd9122c0
2023-03-23 19:31:35,True,0.103,5.667e-05,15879.8,0.9,0x88...1cba,https://etherscan.io/tx/0xd7954aa01eab9a9d97614f20a70fcb0e66eb8c06c1f45069baad5b1f82ebedbd
2023-03-23 19:31:35,True,0.1028,5.656e-05,350.476,0.0198,0x0a...4072,https://etherscan.io/tx/0xed38281ae5baaf6ed7256303dded46a416d122cf2977ed5ffccd3fd179584001
2023-03-23 19:30:59,True,0.1029,5.656e-05,525.769,0.0297,0x0a...4072,https://etherscan.io/tx/0x033b5ca7ea7854512074522453ad55811959f21a777c6f9ac33037deff37e980
2023-03-23 19:29:59,True,0.1029,5.648e-05,10799.6,0.61,0x74...297e,https://etherscan.io/tx/0xd1b73830fbab4cf03f7dc7f61f0c75cf87760ea67e564360448f81855b6fc422
2023-03-23 19:29:11,True,0.1026,5.639e-05,2460.81,0.1387,0xfb...94fd,https://etherscan.io/tx/0x8cb79321db1fedb251206f1c5c8f8e349f11d7f9f2c9b1fca79d81fa1b1d65df
2023-03-23 19:26:35,True,0.1025,5.636e-05,1626.69,0.0916,0xe9...9de6,https://etherscan.io/tx/0x9ce926f4c33945a9b562ee60712bb1e837c03ca7ba4d1e051d021b8bebec1197
2023-03-23 19:25:59,True,0.1023,5.62e-05,21882.9,1.23,0x9e...868e,https://etherscan.io/tx/0xc032f592c411ecf0b79e19ce42a2fc4c8d74528378f679de85fd3b53bd593c31
2023-03-23 19:25:59,False,0.1015,5.577e-05,7966.48,0.4443,0x45...7793,https://etherscan.io/tx/0xa6def71877e0d83c4b75c6ab3b2da22bb4d6bfd5f2511d5c9ff82a72e7a8aabf
2023-03-23 19:24:59,False,0.1017,5.587e-05,5993.91,0.3348,0x00...6bba,https://etherscan.io/tx/0x1e7c0ab70e897fbd8994f3b51f5aeb79f90582c5f876b1c195c852557eef267f
2023-03-23 19:24:47,True,0.1031,5.656e-05,29990.6,1.69629,0x89...b678,https://etherscan.io/tx/0xeabc5327488048197f094d9df553987d5bacc966a995af2207832c34b48ba6c7
2023-03-23 19:24:47,True,0.1025,5.626e-05,14516.7,0.8167,0xb6...af13,https://etherscan.io/tx/0x3aed4a7ea2eff7131054ec19c6e37816167fff7f7439c86555342772db58d3a3
2023-03-23 19:24:35,True,0.1011,5.55e-05,23306.6,1.29352,0xa2...fb83,https://etherscan.io/tx/0xe11b5231b866416dc3e9abdf46918771a8200417cd6d4467cb612a6a58f1e692
2023-03-23 19:24:35,True,0.1008,5.534e-05,978.316,0.0541,0xd4...75c7,https://etherscan.io/tx/0xd08d0a5f72278754e175c36cc99b63bdc1cd98f59b9e6626c03dc8ebd24824c2
2023-03-23 19:24:23,True,0.1008,5.53e-05,5165.06,0.2856,0x58...5d73,https://etherscan.io/tx/0x5dc6f37e675d8e131b42ebc7937012b7993012eec66bec565204683eb3c55b0f
2023-03-23 19:23:35,False,0.1003,5.508e-05,23000.0,1.26697,0x47...5346,https://etherscan.io/tx/0x40fda8c1fdcb3e51ec88159e7fe30ad14bf6e2e828759f7dc886df79e2bdae16
2023-03-23 19:23:23,False,0.1006,5.526e-05,4068.56,0.2248,0x4e...135f,https://etherscan.io/tx/0xd360b675bba2c844561592843e68ec36242f20dee931b409e27b1688d775d46a
2023-03-23 19:22:35,True,0.1012,5.551e-05,16212.0,0.9,0x37...63d2,https://etherscan.io/tx/0x45a3968134fbc05d0393c7bc62fd03265b9e2c5a0039985565a0837d3fc82f70
2023-03-23 19:22:23,True,0.101,5.54e-05,144.386,0.008,0x86...b5f1,https://etherscan.io/tx/0xd067329fb807c3f3cbd7ea28b75a0064fd4b561db721ede6c825bd4d4db9a3d3
2023-03-23 19:21:47,True,0.101,5.534e-05,9576.59,0.53,0x41...44f0,https://etherscan.io/tx/0x6a25e04b55f5c22661992dc12889e2a83e518bcb8eafaf92790357647e59d84b
2023-03-23 19:21:35,True,0.1008,5.521e-05,9960.97,0.55,0xe8...5659,https://etherscan.io/tx/0xc976c589d122eb45ad3b5de77131041eacf7d7df3bdc7359aa00e0e0254cd02d
2023-03-23 19:20:59,True,0.1007,5.513e-05,2575.55,0.142,0x31...839c,https://etherscan.io/tx/0xc9da966c36dda2fd39ab50b7790b70040637c6513b69f47f0b91f0678bb21145
2023-03-23 19:20:47,True,0.1006,5.511e-05,269.776,0.0148,0x0a...4072,https://etherscan.io/tx/0x4a539be3b895e11d63e5d329af96ccb24bad953ba89a341468c202ac7484da1f
2023-03-23 19:20:35,False,0.1,5.479e-05,1308.08,0.0716,0x86...b5f1,https://etherscan.io/tx/0x17a9762ac0630affec949b73831fceb6d9000a73f0788d8b74ee7efb1142a0b1
2023-03-23 19:20:23,True,0.1006,5.509e-05,5397.47,0.2973,0x08...b6ed,https://etherscan.io/tx/0xac541f164b0a349eb423712e03977d5d6405c9a7e6bfe71eb8ef6fb91307b4b4
2023-03-23 19:19:47,True,0.1003,5.49e-05,23676.6,1.3,0x58...1a52,https://etherscan.io/tx/0xe944064b4343b8c89d33710ca1d0777a09805032a02480835718ec74f29d76a8
2023-03-23 19:19:47,True,0.1,5.471e-05,5434.63,0.2973,0xfe...781d,https://etherscan.io/tx/0x417a45d00cd052480a686b210839fc79ee1439a630a1a21093930b8088fbb490
2023-03-23 19:19:47,True,0.09995,5.468e-05,271.914,0.0148,0x0a...4072,https://etherscan.io/tx/0xead5393ebf899cbdc987fed1525f0ce22ffc0de77cbaf99c608e792410c43c16
2023-03-23 19:19:35,True,0.09964,5.45e-05,27268.7,1.48628,0x27...c008,https://etherscan.io/tx/0x49f92766f1d2ebfb4b66c9df6ed966d9eea7a75ac862f72d2f8642cff4f63048
2023-03-23 19:18:35,True,0.09909,5.427e-05,8475.07,0.46,0x21...7ff8,https://etherscan.io/tx/0xf9da3b535d1ab765792fa8182dcf21930b963cfa7dcb4376c4ee523802c13921
2023-03-23 19:18:23,True,0.09894,5.419e-05,4613.09,0.25,0x99...33da,https://etherscan.io/tx/0x58f3c2c0669b4bacd4fb2b3034556593c014391c2002e47ab48fcb748bf27005
2023-03-23 19:17:59,True,0.09901,5.414e-05,3324.78,0.18,0x0d...cbdb,https://etherscan.io/tx/0x8cba1bfab7fcd51011f4be8448e21c1907f7edbf07ba9b631330e1cc581794c5
2023-03-23 19:17:47,True,0.09874,5.399e-05,20232.9,1.09246,0x4a...77e9,https://etherscan.io/tx/0xd904d1131c4213af1d9f3a3714dbcc5ced96bfdee6a779befcfd640c594cd698
2023-03-23 19:17:23,False,0.09792,5.355e-05,1395.91,0.0747,0x58...fa4f,https://etherscan.io/tx/0xad4f56e2a39f21db08809e078f847a9e48903787e164dc1fb9fdd5c36a5b33a0
2023-03-23 19:17:23,True,0.09853,5.388e-05,367.938,0.0198,0x0a...4072,https://etherscan.io/tx/0x1847ac5078ee765eb3c67b0096a2e63a739f742ad937d656b0a450b3b46e37db
2023-03-23 19:16:47,True,0.09852,5.387e-05,1010.14,0.0544,0x70...65ad,https://etherscan.io/tx/0x6c3c2aadbce05abaf566045c6bcb918341a5c4340ebbd36b817806d4ab1fb091
2023-03-23 19:15:47,True,0.09795,5.356e-05,48878.0,2.61794,0x99...7a78,https://etherscan.io/tx/0x63becf1de7423684d0a26e7e869421ab2163f09befc2ef2c5afa2ffba6884c4d
2023-03-23 19:15:35,True,0.09739,5.325e-05,428.11,0.0228,0x0a...4072,https://etherscan.io/tx/0x69fb5bcf24c8182b904a12332c64944be176a966278532492fb0bc02da885834
2023-03-23 19:15:11,True,0.09733,5.321e-05,5587.95,0.2973,0x0a...14a0,https://etherscan.io/tx/0x0e8ab9260a2c68526755833e1601479ad43cc2a8ac2a1bb03b99f9c29b0c5f65
2023-03-23 19:14:59,False,0.09677,5.291e-05,7559.94,0.4,0xb2...3ed4,https://etherscan.io/tx/0x87cbd4b69ef1b4097da2ddaf3a9bb7451f0c59e94a6863c188fc734c49cee2ed
2023-03-23 19:14:59,True,0.09712,5.31e-05,28247.8,1.5,0xd5...9477,https://etherscan.io/tx/0x180ec17f1e25d915814b09c3bb0098af1cac02067328d3553d431ed95cfb4108
2023-03-23 19:14:47,False,0.09659,5.281e-05,32957.3,1.74054,0xbf...73b6,https://etherscan.io/tx/0xdbeaee462a3b297628284fc29d7eb15c1a44e44db7f40b81b7659e67d6cc8bae
2023-03-23 19:14:47,False,0.09718,5.313e-05,19625.7,1.0428,0x00...bde7,https://etherscan.io/tx/0x52c8b53c2856654c1be5ef47deac9753ee7765a821d98b404aa984ee20fbb114
2023-03-23 19:14:23,True,0.1058,5.785e-05,37702.3,2.18112,0xe3...a523,https://etherscan.io/tx/0xbe4c56494062bc25c06a95903126fa30ca237b55a6ec652773e48b0fb175c50a
2023-03-23 19:14:11,True,0.09704,5.306e-05,5653.83,0.3,0xc7...2915,https://etherscan.io/tx/0x357a6adfec599780767f1adca8e5ffccc82b4fe53c502d3532dd505f3b3d5389
2023-03-23 19:14:11,True,0.1015,5.549e-05,55325.9,3.07037,0xbb...38bf,https://etherscan.io/tx/0xb795191ef3264c461dc47075eb6bed67086bfd47b8608c75100ad7bb1b08a1fa
2023-03-23 19:13:35,True,0.09574,5.234e-05,806.984,0.0422,0x76...7d5e,https://etherscan.io/tx/0xce4eed1ca6b65219bb247a7af6ca9fb24603fa396aa039a6cc5a99623790b014
2023-03-23 19:13:35,True,0.09571,5.232e-05,1932.94,0.1011,0x76...7d5e,https://etherscan.io/tx/0xce4eed1ca6b65219bb247a7af6ca9fb24603fa396aa039a6cc5a99623790b014
2023-03-23 19:13:35,True,0.09565,5.228e-05,4253.1,0.2223,0x76...7d5e,https://etherscan.io/tx/0xce4eed1ca6b65219bb247a7af6ca9fb24603fa396aa039a6cc5a99623790b014
2023-03-23 19:13:35,True,0.09557,5.224e-05,2492.42,0.1302,0x76...7d5e,https://etherscan.io/tx/0xce4eed1ca6b65219bb247a7af6ca9fb24603fa396aa039a6cc5a99623790b014
2023-03-23 19:13:35,True,0.09553,5.222e-05,1305.32,0.0681,0x76...7d5e,https://etherscan.io/tx/0xce4eed1ca6b65219bb247a7af6ca9fb24603fa396aa039a6cc5a99623790b014
2023-03-23 19:13:23,True,0.09539,5.22e-05,1785.83,0.0932,0xc1...958c,https://etherscan.io/tx/0x1822ecd813e2bc85cf1f2378a69d6b68e8965767f5b16908696b01bcca6a998e
2023-03-23 19:13:23,False,0.09524,5.212e-05,40000.0,2.08481,0xe9...9db9,https://etherscan.io/tx/0x75f6c7306e64762bfaba68480f9bd81689812e0d1fa7bae52b8120a34302187e
2023-03-23 19:12:59,True,0.09599,5.26e-05,11975.8,0.6299,0xf0...6953,https://etherscan.io/tx/0xf378f4bb9c1dba15d92bad7414f86cc732cfb9151eea3c13abd06b857f43d144
2023-03-23 19:12:59,True,0.0957,5.244e-05,14898.5,0.7812,0xa7...0e24,https://etherscan.io/tx/0xc9475d90cba3cb49cd072b54c6f979ec7d40677ce0bcc41b45fa25cb409b5d59
2023-03-23 19:12:23,False,0.0956,5.238e-05,58450.0,3.06212,0xbf...3fe0,https://etherscan.io/tx/0xcc9e0fab699cdfd55c309f582524f312a14a7ab9c2a5f19e6c19e6f8370c1d8d
2023-03-23 19:11:59,True,0.09713,5.322e-05,26283.2,1.39878,0x4e...135f,https://etherscan.io/tx/0x4b8d14722dc91783239868fa753c18367f13e8f88a8b300dce9bebcaded3202d
2023-03-23 19:11:59,True,0.09636,5.279e-05,42639.4,2.2512,0x1d...f241,https://etherscan.io/tx/0x615ac4e297e744d4bbb32a32563f2920b9e7653968deabb6d47bca20858e03a6
2023-03-23 19:11:47,True,0.09522,5.217e-05,8064.93,0.4207,0x0c...d434,https://etherscan.io/tx/0x93f3fd5449e79f3b882f999b4916e1b7c9f570ea93ecd12397da4d9308c5235a
2023-03-23 19:11:47,True,0.09458,5.182e-05,50284.1,2.60596,0xf7...f2d2,https://etherscan.io/tx/0x5e6397e46a3c604f182079722bbf595f99950c1e62fae8be28366c2e80fb67a9
2023-03-23 19:11:35,True,0.09395,5.149e-05,6180.61,0.3182,0x8e...94f5,https://etherscan.io/tx/0x1398c9fbbbab49ff48657a6f995183bc50219a849bc15d876aff55dc89a8b2c5
2023-03-23 19:11:35,False,0.09668,5.298e-05,304997.0,16.1614,0x55...1919,https://etherscan.io/tx/0x42b17d4ac28fdf0df1193473108b2e6f475e1257b43ac295f05a9e3fb890d9d1
2023-03-23 19:10:35,True,0.1007,5.522e-05,384.147,0.0212,0x6d...fc48,https://etherscan.io/tx/0xb6693378f668a661e87503856e387d4444240ec734f31f9a36366b5beed0959b
2023-03-23 19:10:23,True,0.1006,5.519e-05,4264.7,0.2353,0x44...f78d,https://etherscan.io/tx/0x222ca1273e6a65f90190cf8e462f30bf07c12f0cce08a00d159a4b60b92bb7b8
2023-03-23 19:10:11,False,0.1004,5.505e-05,34557.7,1.90262,0xc6...fed0,https://etherscan.io/tx/0x05b899ffec4136269710b0d410f9b9341df7cd2641399b11fd1d33ce62d0fce4
2023-03-23 19:09:47,False,0.101,5.539e-05,17699.9,0.9805,0x39...d989,https://etherscan.io/tx/0x4db11ea44eb2d4f69c416c5f26bd227ad19822cb089c461e6dd562a81c64468f
2023-03-23 19:08:23,False,0.1015,5.571e-05,30001.2,1.67143,0xc6...fed0,https://etherscan.io/tx/0x761f7cc909d0649a36fac14e503f41068a32cc19cd7344a945b36dbd41219798
2023-03-23 19:08:11,True,0.1023,5.612e-05,17816.4,1.0,0xd5...9477,https://etherscan.io/tx/0x9fd9ae1923c9783b2b12cc0dc6c13fe69eb782b08bc7892faabad4d90c8cf37b
2023-03-23 19:07:47,True,0.1021,5.598e-05,3272.01,0.1831,0xe5...7a09,https://etherscan.io/tx/0x4d72c16f041abb6dd84340b6f05b9598ba04ba5d73e38a7336a02f25dd3b69f6
2023-03-23 19:07:47,False,0.1016,5.575e-05,18795.8,1.04796,0x4e...135f,https://etherscan.io/tx/0xed1a9a0b6a0a9ea2e46fab0d9550f3ed439c2a713bd6281ee89110a360aaf767
2023-03-23 19:07:35,False,0.1023,5.605e-05,25490.4,1.42873,0x61...dc3f,https://etherscan.io/tx/0xdd549aae32a02054cc44de2ae7e18164d13a2ab619c83653dae426fd333136a0
2023-03-23 19:06:35,True,0.1031,5.652e-05,5481.31,0.3098,0x4d...f765,https://etherscan.io/tx/0x66ee53c54bcfc0d66753aad475f92fafde3c1045039fb4dfd52f7061940fd89a
2023-03-23 19:06:23,True,0.103,5.647e-05,958.033,0.0541,0x6f...645c,https://etherscan.io/tx/0xfdef5a71664e2c047bb08234bc8d81cb36f9029c578430037caafc0d58dd4a26
2023-03-23 19:06:23,False,0.1027,5.631e-05,26825.6,1.51065,0xc6...fed0,https://etherscan.io/tx/0x7cee35615edf2005dd8a8c47c086de2440e89599cda8edb9d176f5e121d0219a
2023-03-23 19:05:59,True,0.1037,5.683e-05,467.535,0.0265,0xd7...cde8,https://etherscan.io/tx/0x1ae83695b526da5cc14be37596b777629489e8128fd121c92ccd5668b3f7b427
2023-03-23 19:04:59,False,0.1034,5.668e-05,28426.6,1.61125,0xc6...fed0,https://etherscan.io/tx/0x8ad93869bd48087f36ed8d17d067c1fad8f4cd156235e392543db6f1c9d7b115
2023-03-23 19:04:11,True,0.1043,5.717e-05,5948.24,0.3401,0x00...6bba,https://etherscan.io/tx/0x4b76574ba46ee16b5acb3a023c149295382513fc79b0058450b3994c450039fc
2023-03-23 19:03:59,True,0.1042,5.713e-05,473.209,0.027,0xd7...cde8,https://etherscan.io/tx/0x759cec8d83eb71c3d218ba3ee455d1d750ac21ef391302d421fd48589bf0f351
2023-03-23 19:03:59,False,0.1041,5.706e-05,40072.8,2.2866,0xc6...fed0,https://etherscan.io/tx/0xd26c767015c2c7a778ebd21dc773d7ecf157d3a0f5d71d10022270e2b30916e7
2023-03-23 19:03:47,True,0.1052,5.767e-05,945.268,0.0545,0x5d...7b30,https://etherscan.io/tx/0x98fa51072931ca3e451ebf7147e07cb6d94b0e80a50a8d092e709aee159cbebf
2023-03-23 19:03:47,True,0.1052,5.766e-05,738.246,0.0425,0xe2...fce6,https://etherscan.io/tx/0x608b092ab92b23858e4ffce13f4249ff5f2efb14729b77acef6402d9cfdb152c
2023-03-23 19:02:23,True,0.1052,5.763e-05,3439.78,0.1982,0xd9...d8a5,https://etherscan.io/tx/0x4df4cfcb3893223ab3cdfca978823099fd81e67b1e5ec79d8d7569d0765720c7
2023-03-23 19:01:47,True,0.1051,5.759e-05,1893.1,0.109,0x39...6dfb,https://etherscan.io/tx/0x67450f561f736bd8160d2db0f34a70d6651212f4094a0f0c6e608d6f857bc8ea
2023-03-23 19:01:47,False,0.1048,5.741e-05,25579.0,1.46866,0xc6...f366,https://etherscan.io/tx/0x147bb93123a0470a91b25d6b1f8dd272a6bfd1d528f4383ffbee623721fc5c8f
2023-03-23 19:00:47,True,0.1057,5.789e-05,6703.88,0.3881,0x74...297e,https://etherscan.io/tx/0x68d2c734391eb3c9ae5f1909bf1b18335fd45fbe04693b53952f0b341ed92ec8
2023-03-23 19:00:11,False,0.1049,5.754e-05,6000.0,0.3452,0x01...0423,https://etherscan.io/tx/0x74571c51de17a051d9d1d01720e1dfe13021432c1242b31a4cee3d7484a0d599
2023-03-23 18:59:59,True,0.1057,5.792e-05,258.939,0.015,0x39...edc3,https://etherscan.io/tx/0xdc30bae57fbd58791ecf05c8c99106c063c352800ca8e6b146e5eb07eea8adff
2023-03-23 18:59:47,True,0.1056,5.791e-05,1454.78,0.0842,0x01...1621,https://etherscan.io/tx/0xac74f5cc565db21a31862ba1ad9357239953ad73fc16f9fae1fccd62490250bf
2023-03-23 18:59:47,False,0.1053,5.776e-05,28781.4,1.66244,0xc6...fed0,https://etherscan.io/tx/0xa40e5328d45d59368eed1304e139f7a64c2a03792d985d33aaeec4aa27f6ab6a
2023-03-23 18:57:59,False,0.106,5.806e-05,14987.7,0.8703,0x58...f78a,https://etherscan.io/tx/0x07cd98ba28b500dd9b55bed794c9e0af24d18b485cc67197a8ad04606c4776aa
2023-03-23 18:56:59,True,0.1067,5.851e-05,1565.84,0.0916,0xe2...c33d,https://etherscan.io/tx/0xf7f70587bde6ba46febe0b042acb2f7bd789f8f9c4e379c6041ee6eec565822e
2023-03-23 18:56:47,False,0.1065,5.84e-05,36269.5,2.11845,0xc6...fed0,https://etherscan.io/tx/0x2b98952614b4627a7b894363747d92dde5154d17d91626001727005d097d0188
2023-03-23 18:56:23,True,0.1076,5.9e-05,1545.44,0.0912,0xe7...c0db,https://etherscan.io/tx/0x3040d38334595a04c3a557ac2f8e49629d2e5d7c9a9abba724e3d420e7e2f480
2023-03-23 18:55:35,False,0.1071,5.874e-05,14655.0,0.8609,0x53...4066,https://etherscan.io/tx/0xf4493e3d95137925627056fee0c4dc226ff1c797512a41675fbafee31523bfa9
2023-03-23 18:54:47,True,0.1081,5.918e-05,3852.36,0.2279,0x85...7ef3,https://etherscan.io/tx/0x364e5589e132e17d5d2e9997beda2992d3707589991057075d3db45f51caa3a0
2023-03-23 18:52:35,True,0.1079,5.909e-05,7757.17,0.4584,0x76...7d5e,https://etherscan.io/tx/0xe33b1a1eb263ec080d600c916a9b583ba1839d4038472c50ea85365a9e516566
2023-03-23 18:52:23,False,0.1077,5.9e-05,44500.0,2.62586,0x3d...9020,https://etherscan.io/tx/0x8ea3763a8b608840fd8471711a7970ba63e1a3510ec626e999649452eb67ed24
2023-03-23 18:48:47,True,0.109,5.968e-05,548.081,0.0327,0xf1...114a,https://etherscan.io/tx/0x54a9856b527e8476d1c1c8a45fcd9fc5ce6bba030c4ed879a1511fa4300d2bb5
2023-03-23 18:48:35,False,0.1086,5.947e-05,20714.7,1.23197,0x0e...ed80,https://etherscan.io/tx/0xfbabeea5c32546d15d8da2086f8d336a644828d0c6f60a39fdf259f4b8720945
2023-03-23 18:47:35,True,0.1095,5.997e-05,727.181,0.0436,0xa9...ed08,https://etherscan.io/tx/0xcc13d5c0ab60fbbef926a97d1965ed277bc43ec7deea5c04d417d513defb0e86
2023-03-23 18:47:23,False,0.1089,5.961e-05,400.0,0.0238,0x1b...ea67,https://etherscan.io/tx/0xfe42353faf5c339370dbe1d3d6ea00e5dfa5208e3d2a08d01329b0f355ab378b
2023-03-23 18:46:47,True,0.1097,5.997e-05,838.643,0.0503,0x5c...5b34,https://etherscan.io/tx/0x3445342286e94d6cd2e1f454e455e1c7f3d60d5c9fb21a7cd9ef80bea6d305f0
2023-03-23 18:46:35,True,0.1096,5.996e-05,452.62,0.0271,0x47...36d6,https://etherscan.io/tx/0x709de507c07a0ed25b6069fe543c4ee15846e5747e61c640d89e6d00cbd28e72
2023-03-23 18:39:11,True,0.1092,5.993e-05,3638.67,0.218,0x5a...99f5,https://etherscan.io/tx/0xb46f164c957a427564ff034df17b3c5252d6fe205906f5af095850080122a354
2023-03-23 18:38:47,True,0.109,5.983e-05,9000.0,0.5385,0x29...232d,https://etherscan.io/tx/0x614eb47b5cff1702609335265ebbb3b78a25d332525a8ddbb2f8f975c36a692e
2023-03-23 18:35:59,True,0.1088,5.976e-05,1239.88,0.0741,0xb4...b7f5,https://etherscan.io/tx/0x37b5fe70a00c50d84d38dfa73ed668da732ece6c1fd81dc2430dd938133cc2ae
2023-03-23 18:35:47,False,0.1085,5.958e-05,25000.0,1.4895,0x2e...f345,https://etherscan.io/tx/0x25d49d9c8edaa0654424dd01454e16257cb9fd2b6ad87974fda9e1d20a720906
2023-03-23 18:35:23,True,0.1093,5.999e-05,16865.3,1.01189,0x59...dd85,https://etherscan.io/tx/0x9f2f5e2a771642f99fc81b2c7553ed2358bd96272d56138b67519e816aba3cec
2023-03-23 18:34:59,True,0.109,5.982e-05,6296.05,0.3766,0x42...748e,https://etherscan.io/tx/0xb7ffcd258ac32cdec987d2be5bf18f1f6dd83ac9e43bed1e72de8ff8a5c4ac06
2023-03-23 18:33:47,True,0.1088,5.977e-05,1028.18,0.0614,0x96...81e4,https://etherscan.io/tx/0xa9d4d5bdb7c1279233a4ea567f1caf944cb0f9f656862ad556938ec14984dafa
2023-03-23 18:32:59,False,0.1083,5.945e-05,6981.38,0.4151,0xc8...6cf4,https://etherscan.io/tx/0x45cc3ff35826c118b0d59a9ed473764c778f25fb9229ec02fae65724478c983d
2023-03-23 18:32:59,False,0.1088,5.977e-05,36553.1,2.18509,0x8a...e353,https://etherscan.io/tx/0x5fe41fa59b5710ae5781890f998adabd103f59e75f6e11a6dd7a0e708ebc63fd
2023-03-23 18:29:59,False,0.1092,6.005e-05,667.56,0.04,0x9a...c216,https://etherscan.io/tx/0x0574f564b049845df4efd5acc71a0e8054d2c4ae6440a5b478f80c3361001312
2023-03-23 18:29:35,False,0.1096,6.023e-05,23590.1,1.4209,0xdb...9adf,https://etherscan.io/tx/0x92a2642f05e9aae814500bf8e4edf84ff043f33d415f1778704763a38d624657
2023-03-23 18:29:11,True,0.1105,6.077e-05,312.327,0.0189,0x0e...7b33,https://etherscan.io/tx/0x266f1689d7fada8397607cff72f41f88d027111d0dd3d7b7c9e762670bfc6dbe
2023-03-23 18:27:11,False,0.11,6.051e-05,14399.4,0.8713,0xff...e833,https://etherscan.io/tx/0x016002584b6e54a908ff119e99703401ad9b58ce7fc9ea3301283e5e805e30b9
2023-03-23 18:26:23,True,0.111,6.097e-05,764.863,0.0466,0x0e...7b33,https://etherscan.io/tx/0x8cf3be84df11abeefeef4b41d2b31dacb2cd172018a84ef9505a56f1d549e6cf
2023-03-23 18:24:59,True,0.1112,6.097e-05,355.771,0.0216,0x3f...b672,https://etherscan.io/tx/0x2b08ccf4ee46b504630f28dfe9a8a91006ca677bc22efcad57858143b897c9f4
2023-03-23 18:24:59,True,0.1111,6.089e-05,9714.06,0.5915,0xd7...a3b2,https://etherscan.io/tx/0x746a2dacab96be9ee1cbb0584af752eed87346e96405b1235cb8f1ef5e555d78
2023-03-23 18:24:59,False,0.1112,6.098e-05,70239.4,4.28376,0xfb...4d3c,https://etherscan.io/tx/0x98877d0eacc8dae9eb3b9bddeac67bd90fa9a837ac259aed01ee1f23b76f91b1
2023-03-23 18:24:47,True,0.1129,6.189e-05,129.258,0.008,0x86...b5f1,https://etherscan.io/tx/0x3ec5d0aa5a0ba9fa3506ccc94508a820df4c50aa8b9c80167eb1db302ba498f6
2023-03-23 18:23:23,True,0.1128,6.187e-05,2467.24,0.1526,0x83...2ddf,https://etherscan.io/tx/0x14db5921fa18b25a9773201c8ab8ea2d4708210910af6e43d6cdec934919feaf
2023-03-23 18:23:23,True,0.1128,6.184e-05,538.018,0.0332,0x76...7d5e,https://etherscan.io/tx/0x183b1b97979a13f843f2d197de57573ccfbd930287a12d0f887ed2709471e53d
2023-03-23 18:23:23,True,0.1127,6.181e-05,3520.27,0.2176,0x76...7d5e,https://etherscan.io/tx/0x183b1b97979a13f843f2d197de57573ccfbd930287a12d0f887ed2709471e53d
2023-03-23 18:23:23,True,0.1127,6.179e-05,0.0079,4.913e-08,0x86...b5f1,https://etherscan.io/tx/0x31c192fdcf7f4a999191ace56bfe8ace176756d43cf87ef2dbbd0a931f689697
2023-03-23 18:22:47,False,0.1121,6.145e-05,5000.0,0.3072,0xd9...90a9,https://etherscan.io/tx/0x5c70cd60a8fe70378b706f14dc773a23228c8c9e24c49194d7f57584d3261e60
2023-03-23 18:22:47,False,0.1126,6.172e-05,28983.8,1.78888,0x86...b5f1,https://etherscan.io/tx/0x46ac2f5a4612191fd1e20cc194606fdd1d5bf16ba0992fa74a996d2b1c94d352
2023-03-23 18:17:23,True,0.1134,6.23e-05,1605.02,0.1,0xa0...17a3,https://etherscan.io/tx/0x5cbddfdf5bcecc46f24964e26251b8c006d1921b7720e2c32fdc9e446a5a0a8a
2023-03-23 18:15:11,False,0.1134,6.221e-05,38348.2,2.38596,0x62...3d69,https://etherscan.io/tx/0x038426538dcdb51d83508c199de91a44f11b2d1f844bf1917b692c5673b9f546
2023-03-23 18:14:47,True,0.1146,6.288e-05,788.097,0.0495,0xb2...e3ff,https://etherscan.io/tx/0x6c14f8b2c082e23156c35495dd320f8f82013c23ccee9a905814c8aaa90fb3cc
2023-03-23 18:13:59,True,0.1146,6.287e-05,977.459,0.0614,0x33...2a84,https://etherscan.io/tx/0x87766a24821b3438e1665fd4482b1e887a06998830318201a6c40e76dbdd7d9c
2023-03-23 18:13:23,False,0.1145,6.287e-05,48888.5,3.07401,0x55...1919,https://etherscan.io/tx/0xa7a63d2dfc5c840787c468497822ceae908796b6d31b7d0a8306237c32f9642c
2023-03-23 18:12:59,False,0.1152,6.33e-05,4206.72,0.2662,0x1b...ea67,https://etherscan.io/tx/0xda813219a00d445a7b2f2116fff27c1fb6701d673e240cc7ec31c033c6191623
2023-03-23 18:10:35,True,0.1162,6.368e-05,3450.98,0.2197,0xd7...a3b2,https://etherscan.io/tx/0x8e12160eff801f280d0f2337d1997298f401afc75abb151ebbce90585d945b59
2023-03-23 18:10:23,False,0.1155,6.328e-05,321.828,0.0203,0x07...3c29,https://etherscan.io/tx/0x33f577046ef511b7293ea5521b74cebd81f699be7116ef132cf9ed9f19687610
2023-03-23 18:08:35,False,0.1164,6.363e-05,43237.6,2.75132,0x17...272e,https://etherscan.io/tx/0x061c3d2532f95cba25b75bf732d8444345f83075d14baccbe11a845c55c63821
2023-03-23 18:06:11,True,0.1179,6.436e-05,839.56,0.054,0x0b...8bc3,https://etherscan.io/tx/0xd3ce5653fa2ac126160f513ae7a886302291d7b210c5aa73f327a22dc30cb329
2023-03-23 18:03:59,False,0.1171,6.405e-05,10000.0,0.6405,0x16...e036,https://etherscan.io/tx/0x224723cda907a4bb959e704c15b12895f273be8ef4eeaddba3a6033b1f53c529
2023-03-23 18:02:47,True,0.1179,6.45e-05,1550.25,0.1,0xec...5b7a,https://etherscan.io/tx/0xd4e666f78c590d24921de030d994d121f71154cd17c723f8d0b81d8c5c16078c
2023-03-23 18:02:11,True,0.1179,6.449e-05,100.492,0.0064,0xfd...4684,https://etherscan.io/tx/0xbdc5e41892e016e46e58d11e8ab9c70adfa771ab5ac51bb53453d85b26047c43
2023-03-23 18:02:11,False,0.1175,6.427e-05,20503.1,1.3178,0xc6...fed0,https://etherscan.io/tx/0x131128866c13fae9fa7a9869031f15abad44d37192fad72955e3291db2f3261a
2023-03-23 18:00:35,True,0.1185,6.482e-05,1223.39,0.0793,0x69...bc9c,https://etherscan.io/tx/0x5f9de32f250ecfd599a8052b01f55d46938ebc8df944590e45f1984c53c3e159
2023-03-23 17:58:59,True,0.1184,6.476e-05,5611.0,0.3633,0x11...6ce5,https://etherscan.io/tx/0x2da7377bb3b0225a73aef7812e3ae7ec94890bf9c8a3036cd04acf9cca1fa54a
2023-03-23 17:58:35,True,0.1182,6.468e-05,4236.98,0.274,0x74...d510,https://etherscan.io/tx/0x39d22bc039e624bc8a4912f8f30a6052e284d408bca41a6cebfc5bcfd633dc32
2023-03-23 17:58:11,True,0.1182,6.463e-05,1840.45,0.1189,0x05...dbd5,https://etherscan.io/tx/0x806301e73bea791be13f5aaa2dca5c8cdfbf58fb62aa2ea377ec9b7eac266a8d
2023-03-23 17:57:59,False,0.1175,6.427e-05,5180.71,0.3329,0x1c...8640,https://etherscan.io/tx/0xc6abd105b2a709eee7ebe8bfa441f25faa3aff6343a6bf098f88827d6298c987
2023-03-23 17:57:47,True,0.1183,6.468e-05,1808.73,0.117,0x3a...6c58,https://etherscan.io/tx/0x159edcdf1b4927d0d1dc9995f27f37f61ff05590bc1fefe0ef098cd6b13f564e
2023-03-23 17:57:11,False,0.1178,6.443e-05,18000.0,1.15978,0x1b...ea67,https://etherscan.io/tx/0x90064997bff54bb0a2af5b0830fe34aef002be0b02ca0987a02e948a2ed0c1ca
2023-03-23 17:52:59,True,0.1185,6.496e-05,307.848,0.02,0xec...5b7a,https://etherscan.io/tx/0xcaf75d6739992aed0d67d7a1ef2298fc7233d72ede6739c7802094842867d267
2023-03-23 17:50:47,True,0.1185,6.496e-05,152.586,0.0099,0x69...bc9c,https://etherscan.io/tx/0xa850019928c2b569fcc8acbfe86ea1b93f0b75efc96b032e5a047d69270e7a08
2023-03-23 17:50:35,True,0.1184,6.492e-05,4427.61,0.2874,0xd1...3a3e,https://etherscan.io/tx/0xeae8431157b4577e22abed666c16bd0cfc3bafbbb33166c81adcbd28f4636c60
2023-03-23 17:48:47,False,0.1178,6.452e-05,3330.22,0.2148,0xf6...761d,https://etherscan.io/tx/0xd28eb555567f704ab5a463c3ce7c01844776344da24a1112acee62f00f88a838
2023-03-23 17:46:47,True,0.1185,6.493e-05,915.904,0.0594,0x6e...4084,https://etherscan.io/tx/0xb1bb339aed95ae94c9e455b6fabba644ca61f924989f2cc5eeb4772d5c348e0a
2023-03-23 17:39:59,False,0.1181,6.47e-05,20147.7,1.30368,0x2e...f345,https://etherscan.io/tx/0x7d82153696e797e7268dd96ad2a3ab1adb462ab97274c666d35af78530750c8b
2023-03-23 17:39:23,True,0.119,6.525e-05,1519.12,0.0991,0x43...c8fa,https://etherscan.io/tx/0x54f1a28422bf2ecbcb22abf7b0791abb7eb593cfcf840c4864ebabdd792bc3dc
2023-03-23 17:37:23,False,0.1184,6.49e-05,6481.85,0.4206,0x11...6ce5,https://etherscan.io/tx/0x10f0129056028f9177a671d0703ef6357a34b1d16c68782067c4901eee970338
2023-03-23 17:36:11,True,0.1193,6.533e-05,1377.5,0.09,0x42...cf69,https://etherscan.io/tx/0x4861977bb093bac5712a177dd329ce32bef6159fd08d19173d21bffdde569d77
2023-03-23 17:35:35,True,0.1192,6.53e-05,1920.03,0.1253,0x9f...0093,https://etherscan.io/tx/0xd0b501ec74b2d30193b6400dc1bad71e13b4f0aa2f64d8d65214ff3fb31fabe9
2023-03-23 17:33:23,True,0.1193,6.528e-05,820.394,0.0535,0xc0...dda0,https://etherscan.io/tx/0x6b4becb974415a2851a478c98e69045afcb20ade231ea3be2e65c7cef4071494
2023-03-23 17:32:35,True,0.1193,6.527e-05,303.713,0.0198,0x25...63aa,https://etherscan.io/tx/0xc74bfa8454fd3b59e1ad715747d00daff9e86fbfdc1878395c7e80f9e58b0511
2023-03-23 17:31:59,True,0.1193,6.527e-05,372.962,0.0243,0xc0...dda0,https://etherscan.io/tx/0x35662f6e25ec1c06d348574f1330e0da34dcfd98830a1fcca85e13627880db5f
2023-03-23 17:30:23,True,0.1191,6.526e-05,455.657,0.0297,0xb1...69f0,https://etherscan.io/tx/0xfb293851da0881fabbce4b53043618f8beb6d84dd02e989feb96eaf1772d64b5
2023-03-23 17:29:59,True,0.1192,6.525e-05,429.064,0.028,0x76...94e2,https://etherscan.io/tx/0x16dba0f85922e4fd93820f32f862c00f8ff817bfb501e468a83cf376e423a316
2023-03-23 17:29:11,True,0.1192,6.524e-05,1379.52,0.09,0x42...cf69,https://etherscan.io/tx/0x9d87a035cebe925f0149f1f62b8a2897c9c5a59fa5d2063634217065ec1f655d
2023-03-23 17:28:47,True,0.119,6.517e-05,6661.79,0.4341,0x51...bb6b,https://etherscan.io/tx/0x6d46e4520adb1ee3e9417f98559c376dd4ada4ee7d6d1da95a73dd644da1e8e2
2023-03-23 17:27:59,True,0.1189,6.511e-05,440.493,0.0286,0x9a...ecb7,https://etherscan.io/tx/0xd9084b500835de1ac7d10adbeca2cac98f4c87aad117d10e3aa071afa1946ec5
2023-03-23 17:24:59,False,0.1187,6.503e-05,37860.6,2.46229,0xa2...fb83,https://etherscan.io/tx/0xb0b8a041d2bee990aa24a5b035ec4742ed173b78a6cdb28a1c83ee495faf13fb
2023-03-23 17:24:59,True,0.12,6.573e-05,897.499,0.059,0x2e...f345,https://etherscan.io/tx/0xc8b2062adf3dd394f90a0e24b269c9db3ad64c768c7b3bd26a37c735a30c5c24
2023-03-23 17:24:23,True,0.12,6.573e-05,82.1373,0.0054,0xdc...132d,https://etherscan.io/tx/0x60760c45a283c80f4f1b3e29721ca63ba4bb8d48011fa9516d5b2e148f975ead
2023-03-23 17:23:11,True,0.12,6.572e-05,573.113,0.0376,0x61...8366,https://etherscan.io/tx/0x788dec6e5d0d273b488967bc0fa3778f5e4e24fc79f037ff798e69c8caa378d6
2023-03-23 17:22:23,True,0.1199,6.571e-05,75.4159,0.0049,0x41...8436,https://etherscan.io/tx/0xcbf307734f54f94432f265b35cd99f0485f7ae93b8e075cf774b14959968bfa9
2023-03-23 17:22:11,True,0.1198,6.564e-05,9149.02,0.6005,0x2e...843c,https://etherscan.io/tx/0x86bdcbed051b025836be287792bdd609d4dd3b5287cfc08c40a4300004a1bd12
2023-03-23 17:20:35,True,0.1197,6.555e-05,604.808,0.0396,0x99...f250,https://etherscan.io/tx/0x0cbba2c2d7b4c022af91758038c8bd36ffe2b6ac9defab4c2b249847b35e9ed5
2023-03-23 17:20:23,True,0.1196,6.554e-05,741.018,0.0485,0x84...3afa,https://etherscan.io/tx/0x9014ee47fe73b7cb55216147944c6e744cacc794fc66744ee518fa16546630b8
2023-03-23 17:19:23,False,0.1191,6.519e-05,5000.0,0.3259,0x91...dc25,https://etherscan.io/tx/0xdb2d40e00f3051e221ef91db585376ce53f17e3b5516387488b2f601c1469e90
2023-03-23 17:19:23,False,0.1194,6.533e-05,11647.8,0.7609,0x76...7d5e,https://etherscan.io/tx/0xefb3b5641230e9a22084b399a23605951147218e2e3d487ddf9effe0d2710e30
2023-03-23 17:18:47,True,0.1205,6.574e-05,8691.49,0.5714,0x09...1e48,https://etherscan.io/tx/0x8923e537ec0c7af1ee9a9e7bd931ddf5541e037789ef2506eb7d1dae1f3b956a
2023-03-23 17:18:35,True,0.1202,6.555e-05,14186.8,0.93,0xcc...4eac,https://etherscan.io/tx/0x41b07744785c21be9a69c27845f3b483c1c238f4ff268ba394cd0133d6fbafeb
2023-03-23 17:17:47,True,0.1197,6.536e-05,7983.45,0.5218,0x9c...a2ec,https://etherscan.io/tx/0x8e295d8c94bc58cc88e3d3c905935b224fa15fe43532db418f545b22fa3ac856
2023-03-23 17:15:35,True,0.1194,6.529e-05,82.4409,0.0053,0xea...66b6,https://etherscan.io/tx/0x869b48f53ced4243cee70d70be59be958498eaf66f3c935d91536b433e8a2f2d
2023-03-23 17:12:47,False,0.119,6.496e-05,7000.0,0.4547,0xe3...94fc,https://etherscan.io/tx/0xa43f6887fd1326c82c8fc3201561c39845dbf79684ce9bc8255122ede3016733
2023-03-23 17:12:23,False,0.1193,6.506e-05,5000.0,0.3253,0x40...78ef,https://etherscan.io/tx/0x65562dc100d77394afc949b5489baa37ab7dee54b193d99104e1ba50f98ced2b
2023-03-23 17:10:59,True,0.1198,6.531e-05,22062.3,1.44098,0xdb...b455,https://etherscan.io/tx/0x803549eec86bb141133c032b343c2ccd3a7460094bdaecd3ddc7715192d68031
2023-03-23 17:10:11,False,0.1189,6.48e-05,7965.91,0.5162,0xba...0171,https://etherscan.io/tx/0xd85e70fc73a49fcd76d12e65e71083fa2cd44bb44c006524092168956a517d42
2023-03-23 17:08:11,True,0.1198,6.525e-05,735.642,0.048,0x2e...f345,https://etherscan.io/tx/0x9df36acffa92d2f6ca9c9d47646a8418a8c9d62903208af657f5a17156549b2e
2023-03-23 17:07:59,True,0.1198,6.523e-05,1651.49,0.1077,0x45...45a9,https://etherscan.io/tx/0x0a445fa3b7244e47d1e5a66166af2ad207a2f6407a204ce5e778d4c3a316a754
2023-03-23 17:06:23,False,0.1191,6.501e-05,22095.2,1.43654,0xa7...0611,https://etherscan.io/tx/0x41a29d61bcea9e44f8ac81f1853f0f41713853a5154500f357f3738c89ba29e3
2023-03-23 17:05:59,False,0.1197,6.522e-05,3150.0,0.2054,0x2f...6f9f,https://etherscan.io/tx/0x0366d72b7ab097c33373bb579ed1453670d224eb07a4a5f6240d3dccc614670a
2023-03-23 17:05:23,True,0.1203,6.563e-05,1691.54,0.111,0x60...804b,https://etherscan.io/tx/0xca0d47189ac6525bc0ba4f38d876677fae9865acc1a64d97b48c3a148058f9b8
2023-03-23 17:03:47,True,0.1203,6.561e-05,81.8963,0.0053,0xad...115a,https://etherscan.io/tx/0xfcbb141558b238e8b3ad410ca6c849ec224339c81dc0ca449c2230a57fac329a
2023-03-23 17:03:23,True,0.1203,6.56e-05,1208.72,0.0793,0xd0...be36,https://etherscan.io/tx/0x377a470f646130d4d558d9bedbaa5709840bfc1007a290624803e4b0111600f2
2023-03-23 17:02:59,True,0.1203,6.556e-05,4148.81,0.272,0x0e...3dba,https://etherscan.io/tx/0xd8afd1d1ee19cda348a98c273bf7067c0b135d31ef94ec51e97778369626851f
2023-03-23 17:02:47,True,0.1203,6.552e-05,82.0147,0.0053,0x30...433d,https://etherscan.io/tx/0x1fb6f9f69129db28747f6ffaca95fda09619b75ff27d16585c2cd9aa39fdc078
2023-03-23 16:58:23,True,0.1204,6.55e-05,1815.78,0.1189,0xec...c791,https://etherscan.io/tx/0x91ff3a7e30b6e726feeb8da6cced492ec99fa92607ec9d77780a7d23dcf23828
2023-03-23 16:58:11,True,0.1204,6.548e-05,1665.21,0.109,0x88...8ea0,https://etherscan.io/tx/0x5cc0fe9b311076e3bee8624fff8aea018098eba0d1aae0825d88b3aee0a0992a
2023-03-23 16:58:11,True,0.1204,6.545e-05,1905.22,0.1247,0x89...e4f3,https://etherscan.io/tx/0xa89e93671f29cec1dd11c74bea8cb19ff1c07e6acca66c03de225e67554ae0cd
2023-03-23 16:57:11,True,0.1204,6.542e-05,1579.41,0.1033,0xf6...068d,https://etherscan.io/tx/0x3b9b5d102a7644b9f5787bb900bda36882dfef780c8e4dbef970c9215c4a55b2
2023-03-23 16:55:35,True,0.1202,6.539e-05,1440.0,0.0941,0xbb...ea54,https://etherscan.io/tx/0x2f4282896fbc509ee1d10b62ce4641845e634725cb8df13e5ddbdb304c56ea8a
2023-03-23 16:54:35,False,0.1197,6.507e-05,10000.0,0.6507,0xdf...d4e9,https://etherscan.io/tx/0x09742339f9960ebf44156da96b39c8d0fbdf0d95e03e92bef42af128acabc241
2023-03-23 16:54:35,True,0.1205,6.554e-05,369.104,0.0241,0xa5...ac9c,https://etherscan.io/tx/0x0cbc7cdf83c82d3390843aed510c4d1dde03c9a5966b91191f940776ce3b38b5
2023-03-23 16:52:23,True,0.1205,6.553e-05,1517.8,0.0994,0xf7...8480,https://etherscan.io/tx/0x22edd4f461faaa4e1cd0547570f0afc80f6c6b670cb4fe76d8ce47f1424c0612
2023-03-23 16:51:47,True,0.1205,6.551e-05,80.9851,0.0053,0x5c...f383,https://etherscan.io/tx/0x933eeb99d9d59710cdbaf9f28289cf5cb40be633c57c8181a460e8fc0bfcfa09
2023-03-23 16:49:23,False,0.1197,6.512e-05,300.0,0.0195,0x2e...f345,https://etherscan.io/tx/0x5d5b3b3aa6b9c9953ebb1ad883c729338add2736e048d7b867c84a70bf510f1a
2023-03-23 16:48:23,True,0.1203,6.545e-05,8276.98,0.5417,0xb6...f958,https://etherscan.io/tx/0x3a873283be0eb77127233ecf154372f1f8a291f0d2e0fd3cf9271e13fac3087b
2023-03-23 16:46:47,True,0.12,6.534e-05,4702.66,0.3072,0x9e...2f40,https://etherscan.io/tx/0x5664fff3096a2e613aefb5aecdba1aad592e1adf97a7756628080aeee88273dc
2023-03-23 16:46:11,False,0.1194,6.501e-05,12503.4,0.8129,0xd5...9477,https://etherscan.io/tx/0x9736e5fbeae0d1bff7841c8bfff6128526853200b427f03ed1344bdd6be60f16
2023-03-23 16:45:35,True,0.1203,6.55e-05,983.596,0.0644,0xb2...450a,https://etherscan.io/tx/0x96e669371ebba09ceaa2e01870259e6e02777e0264b4960d43224bce6ec5a016
2023-03-23 16:45:35,True,0.1202,6.547e-05,3028.02,0.1982,0x81...8fd2,https://etherscan.io/tx/0xc9dfdece83adce16c0691efd00bef0ded501ca14e1a99b398333c2141035d16f
2023-03-23 16:45:35,False,0.1195,6.505e-05,300.0,0.0195,0x2e...f345,https://etherscan.io/tx/0x1d481d5c8cd335917b83c57cf8bf9d0f3bc69104fc754cb190aee5e676ac724d
2023-03-23 16:40:35,True,0.1205,6.544e-05,425.366,0.0278,0xc4...8529,https://etherscan.io/tx/0x8bcc278e11d933c8ce38caa55bdd2ccd8a9fc20f91359f74176da3e3a2a3c2bd
2023-03-23 16:40:11,False,0.1197,6.505e-05,874.0,0.0568,0x42...cf69,https://etherscan.io/tx/0xdf514585626f984e3b378eee5c6a47cca98c14bac5e89c363c84eb9be3861653
2023-03-23 16:37:47,False,0.12,6.508e-05,2283.45,0.1486,0x2e...f345,https://etherscan.io/tx/0xf2ecd93bd36d239d8951688fb3a5c35262dbd00f467a03d7811d5fef8e744ec1
2023-03-23 16:37:23,True,0.1208,6.548e-05,1124.37,0.0736,0xfd...08a6,https://etherscan.io/tx/0x1123e604898eb9d0ddb227a1276e1e223e95363d1fde3395f2c3ef499abc182c
2023-03-23 16:34:59,True,0.1205,6.545e-05,2341.73,0.1532,0xeb...1349,https://etherscan.io/tx/0x537c14faa1415a32cf8f414c07e4dd0fa796081c9cdf16be889a885a10d2a8cc
2023-03-23 16:33:23,True,0.1202,6.541e-05,3195.96,0.209,0x11...6ce5,https://etherscan.io/tx/0x50404c9112c510fa0a5dd11bb8ac5d5684bc2e11e10259186d81616e6a09ec06
2023-03-23 16:33:11,True,0.1201,6.537e-05,1501.15,0.0981,0x47...294c,https://etherscan.io/tx/0x90792f8967e796ff159abe0b2310e2501ed794b0602d0415efa2d796443f6a3f
2023-03-23 16:33:11,False,0.1195,6.501e-05,5000.0,0.325,0xa4...7323,https://etherscan.io/tx/0x9bbdd89aaeb8c330b711634863edaa911a6b9ca301f32efb80e4118982a84480
2023-03-23 16:31:59,True,0.1201,6.54e-05,4546.65,0.2973,0x1c...a1f7,https://etherscan.io/tx/0xe539f80ce6ebc517b072be24be8f0ecd6a652593e8eae03145e7b0e69b639c43
2023-03-23 16:30:47,True,0.1199,6.535e-05,2050.51,0.134,0x3a...be1e,https://etherscan.io/tx/0xd777e92b59e9f028084c7b410f49f2a727536158c5390fb6edca9921673c1fd6
2023-03-23 16:30:11,False,0.1191,6.498e-05,5038.79,0.3274,0xa4...7323,https://etherscan.io/tx/0xc47711001bac334ba26f380a45cdd2668e2959242e61083c7ced02cf0b8e2e58
2023-03-23 16:28:59,True,0.1201,6.538e-05,3935.09,0.2572,0x53...16af,https://etherscan.io/tx/0x2e4556310f93bd786252aacff126e8ad362b99821e37f2bfc744d115bc05afac
2023-03-23 16:28:59,True,0.1199,6.528e-05,8062.3,0.5263,0xba...0171,https://etherscan.io/tx/0x3fab08660299d455874789e437191d7eeb5d8f407e6db3b8a564c82dbce47e65
2023-03-23 16:27:35,False,0.1191,6.49e-05,10000.0,0.649,0xce...b6a9,https://etherscan.io/tx/0x4bf419e1e0a392defc207e79852d0d017585b13e13ad800c2e5f0e3031cbfc8f
2023-03-23 16:26:23,True,0.12,6.532e-05,7192.73,0.4698,0x37...45f9,https://etherscan.io/tx/0x8ded7154648d94c5d890656435a6e7359646e79735260d9096f7e714167136cd
2023-03-23 16:26:11,True,0.1198,6.525e-05,611.19,0.0398,0xab...b866,https://etherscan.io/tx/0x7a4813c4689ac6e7dadbe7a976d55e0ed8a7fd909ec58bbc66b3fbbe6c4c8181
2023-03-23 16:25:47,False,0.1191,6.487e-05,1319.15,0.0855,0xad...45ee,https://etherscan.io/tx/0xfae47ad2a79cc74eaac10bcfe582e05e583d5514059024c416fadb7cd89954d8
2023-03-23 16:24:59,True,0.1198,6.526e-05,988.652,0.0645,0xab...b866,https://etherscan.io/tx/0xbaadcfefe5a4a3c30f17e3c46a18983d48e8d42355ec0c946c65f16ec3ec0a32
2023-03-23 16:24:11,True,0.1197,6.524e-05,1701.64,0.111,0x29...176e,https://etherscan.io/tx/0x990204b03b1cc1178f86d4583a5c53a870e948b8c398176f7c00ea473015da59
2023-03-23 16:24:11,True,0.1197,6.522e-05,1064.43,0.0694,0x43...491f,https://etherscan.io/tx/0x2304b0943d8697a5a667a427ffafb5832ba9d73802e30c017911a67eafdc0e4a
2023-03-23 16:24:11,False,0.1189,6.482e-05,851.647,0.0552,0x42...cf69,https://etherscan.io/tx/0x23cf556b805467547690870f816d1d5b6132773a7b101526a5b04dc0136d5816
2023-03-23 16:23:47,True,0.1197,6.521e-05,1059.4,0.069,0x90...8bc5,https://etherscan.io/tx/0x89b6733612be6251266ccf089440bb0b3526052d5d5fcdac8718ad935b2d09df
2023-03-23 16:22:23,True,0.1198,6.518e-05,2280.91,0.1486,0xe2...200a,https://etherscan.io/tx/0x04703a86f0802222c0dac68ba04debf2015a508c8ab9e3e3319f1c4b2b4c0313
2023-03-23 16:19:23,True,0.1201,6.516e-05,634.25,0.0413,0xcf...e31b,https://etherscan.io/tx/0x87e93a9f2b89bb40ef2b6b5d8424b861c98a1f0f75bb3b03e0167b08661eba71
2023-03-23 16:18:47,True,0.1204,6.515e-05,475.31,0.0309,0xf7...cb36,https://etherscan.io/tx/0x0e3207a964db0fc84a45504270af057e3b58341a10553abec715a3bea0c3a139
2023-03-23 16:17:59,False,0.1203,6.496e-05,24920.9,1.61906,0x00...2f60,https://etherscan.io/tx/0x4774b32d3094fa20c2a59b12a954fc1293d4a392bbbdbdf3c67c9b8540376f4e
2023-03-23 16:12:35,True,0.1199,6.553e-05,4502.97,0.295,0xcb...1226,https://etherscan.io/tx/0x44f4f16c292d6bea64760766977befc55cf6195536f69afe44b1f2b8d1d9693f
2023-03-23 16:12:23,True,0.1199,6.549e-05,199.952,0.0131,0x03...69fd,https://etherscan.io/tx/0x07e3589519c2b751e88ff234df9d4061e2f0bf892be49ac3d9d0fed946e9fc3c
2023-03-23 16:11:11,True,0.1194,6.547e-05,1211.07,0.0793,0xfe...3c4a,https://etherscan.io/tx/0x89703130e8db1c0127f01221fc4b5de9b243f28acc2a38dbc16ed699a433c1fa
2023-03-23 16:08:35,True,0.1191,6.545e-05,1362.91,0.0892,0x61...d6b2,https://etherscan.io/tx/0x9debbeab616f91982d42caee099079a59ac8ccb3a3657524b1a0e73ac143f9ab
2023-03-23 16:04:11,True,0.1187,6.543e-05,757.38,0.0495,0x09...c7f1,https://etherscan.io/tx/0x389f089bb6927798f84bad8cd398da8ad32360a2fe6a074d2676637a849b67b8
2023-03-23 16:03:11,False,0.118,6.518e-05,17000.0,1.10812,0x93...58dd,https://etherscan.io/tx/0xb4f16e8dba46873b125ee41f6d0d831cae2f0cdbeeb2aaf882551e9bab3f8365
2023-03-23 15:59:47,False,0.1167,6.537e-05,5225.56,0.3416,0x42...cf69,https://etherscan.io/tx/0x2521fbb5ece5d9798be77883dc8826998114511980c07f7cf66153f9e90f6c07
2023-03-23 15:58:59,False,0.1168,6.541e-05,603.198,0.0394,0x5e...7387,https://etherscan.io/tx/0xa9b052465a3f5b7073fd024485d239a303b3e59ab3d4b7f80a8ead20f0d63aa1
2023-03-23 15:58:59,True,0.1175,6.58e-05,1945.23,0.128,0xce...1210,https://etherscan.io/tx/0xaab534a63c74c25b53f2c5973b1df9ce7b55e837c38b2f0374cbc36de466421a
2023-03-23 15:58:35,False,0.1168,6.54e-05,1163.0,0.076,0x1b...ea67,https://etherscan.io/tx/0xedcec40b5d1f723b656d23bdfed01b2a06beb5acdba33f5c40af0aa6392faec6
2023-03-23 15:56:59,False,0.1164,6.543e-05,3000.0,0.1963,0x4a...3371,https://etherscan.io/tx/0x3a314407584036fb79a41d3a6c6dcd7b1764cd8061883da1cda7094e8f57ee6e
2023-03-23 15:56:11,True,0.1169,6.584e-05,858.042,0.0565,0x41...4040,https://etherscan.io/tx/0xf77ab9431f67bcdfb25d65e6d4b3d337af8aa3ffe1ae6dbd5bed0ece35626597
2023-03-23 15:55:59,True,0.1169,6.582e-05,2258.92,0.1486,0xc1...1891,https://etherscan.io/tx/0xb64239eff97ff324a93a0e073148b4cb96ad57f0c7b9bb58bc1b9ff4b7b1d750
2023-03-23 15:55:59,True,0.1168,6.576e-05,4370.98,0.2874,0xac...98ac,https://etherscan.io/tx/0x86cc16afb55a79d37baed87f20e0c38dc1231d16ed7a3524c079907b1cde39f0
2023-03-23 15:54:11,False,0.1158,6.535e-05,1747.81,0.1142,0xfe...c77d,https://etherscan.io/tx/0x8c8331e21719d6afd5dc3aebff9756038f2aa91dc833698411af037f175016c5
2023-03-23 15:53:23,False,0.1157,6.539e-05,3750.0,0.2452,0xe5...8408,https://etherscan.io/tx/0x854e7dd72f36be7ec18a2669d630b83345c3ed7b4402b042ef1f0a669eff3445
2023-03-23 15:50:59,False,0.1159,6.545e-05,2594.61,0.1698,0x00...3de6,https://etherscan.io/tx/0x4b6110ce164b3900a37ac66f091757d2d9af3eb3f08be2ad1b25bfcf01a514c9
2023-03-23 15:49:35,True,0.1162,6.583e-05,3161.67,0.2081,0x11...16b9,https://etherscan.io/tx/0x07421bd511c8ecc482c357d9b7cd98855ac2e8642362484df993d0379a09e8b0
2023-03-23 15:49:11,True,0.1161,6.58e-05,1084.6,0.0713,0xa3...6b1d,https://etherscan.io/tx/0x8f2dcb076e1627056db9e84b186fd583807c16c3a34c0514ced4648da47d741d
2023-03-23 15:48:59,True,0.1161,6.578e-05,843.787,0.0555,0xc5...20b5,https://etherscan.io/tx/0xaf032d4794d644ec553dcb780a889c05aa8cfa7e74cb8e9845cf8324b7fc29f1
2023-03-23 15:48:59,True,0.116,6.574e-05,4311.27,0.2834,0xe6...a9d0,https://etherscan.io/tx/0xf23735c3a44da868e3a1bf262ccd6451c04ed21626180c6bcfab582e98f61d67
2023-03-23 15:47:35,False,0.1155,6.547e-05,14086.9,0.9223,0x9a...bb70,https://etherscan.io/tx/0xabf2ea423bfd783914cb2da075fac4a2246819c64208f5424631e8bd51ab9e3d
2023-03-23 15:47:11,True,0.1159,6.597e-05,901.43,0.0594,0x85...7ef3,https://etherscan.io/tx/0xfab3e01f1d2cd651ed187e05b62e04f0686c654754fa4a5e17bcf3dbde651d5d
2023-03-23 15:46:35,True,0.1156,6.595e-05,2480.02,0.1635,0x50...18be,https://etherscan.io/tx/0xa65230bb43cf11a13b03213823dc2cc2441e5b0ee96401d7f7f52d15d2c7348b
2023-03-23 15:46:23,True,0.1156,6.59e-05,2252.72,0.1484,0xde...2b43,https://etherscan.io/tx/0x63e2c212265de13f31e94f37f6bed83cf24b88e516a82a1de8d8b1205bab734a
2023-03-23 15:45:47,True,0.1152,6.581e-05,8766.97,0.577,0x17...e35c,https://etherscan.io/tx/0xee4cf429392f9db9a4360aa44584234de4a03dfc9c280e27c91562e3ed99f126
2023-03-23 15:44:47,False,0.1143,6.535e-05,1000.0,0.0653,0x06...1b09,https://etherscan.io/tx/0x658ec1eb27fbbb56eb4f095522930d9ca928c484367b2ab9b9b3827b1ea52606
2023-03-23 15:43:59,True,0.115,6.575e-05,799.019,0.0525,0xf6...375a,https://etherscan.io/tx/0x0ee057a2d71ca1f1bf009bb36e6c6ff7fe1369a4dd13d5d5adae6715c359f8fd
2023-03-23 15:43:35,True,0.115,6.572e-05,1734.29,0.1139,0xf3...09d0,https://etherscan.io/tx/0xc8b2523652cbe7c7a92f4f4cf9dc84c9a00da836a480d53a027e8c83fa6942d7
2023-03-23 15:42:47,True,0.1149,6.569e-05,2263.29,0.1486,0x1c...a1f7,https://etherscan.io/tx/0xc67f56f6fc603640510785563059af87e4efb57aff9730feed193f7513bd5250
2023-03-23 15:41:59,False,0.1143,6.532e-05,5000.0,0.3266,0x01...0423,https://etherscan.io/tx/0xb03e45c8fd9ac7386f23aa26ab01cad707a2c1230ef3b5e4306c428cc8b9085b
2023-03-23 15:41:35,True,0.115,6.575e-05,753.751,0.0495,0xec...d4cf,https://etherscan.io/tx/0x570f493ffdc4bcecc5e26cd9757dbc75bac6bced54ba4cd63aed3973c8698441
2023-03-23 15:40:47,True,0.115,6.574e-05,454.945,0.0299,0x94...def5,https://etherscan.io/tx/0xf0c454d2343a114815fcfa68033cb46c252aa6a70fd89a31430f3bb6cd694ced
2023-03-23 15:40:35,True,0.115,6.572e-05,1568.46,0.103,0xac...adc7,https://etherscan.io/tx/0x7f37e3db34aa3ff9a45bcfb062e58d84f471e60ba1d8641c6776dafd95dd708c
2023-03-23 15:39:11,True,0.1148,6.57e-05,1282.38,0.0842,0xb8...ac45,https://etherscan.io/tx/0xc21778ba9abf6cd2bfdc3a7bf0a6d22ae6dd6ecc105f73ab430a55dd664fc819
2023-03-23 15:35:59,False,0.114,6.53e-05,400.0,0.0261,0xec...d4cf,https://etherscan.io/tx/0xf0e7f47da79868724933a9c394510f2f14be2728dd6bc9303d2ddc3d44897b4c
2023-03-23 15:34:35,True,0.1147,6.569e-05,258.766,0.017,0xc6...fed0,https://etherscan.io/tx/0xe1edbe53b453afa11da2a8fdc81610e6c8828ef8d4444c179a734789c331f1d9
2023-03-23 15:33:11,True,0.1148,6.569e-05,343.849,0.0225,0xe0...f36c,https://etherscan.io/tx/0x88c6a576e1fe98a0225c8d57fe345bd794ac148dffd1796116a18643c92b6eec
2023-03-23 15:33:11,True,0.1146,6.561e-05,8681.71,0.5696,0xd3...0293,https://etherscan.io/tx/0x9c9b3a8845b9a5d3ded076cf188e5e34c99efb971fd86989a55b25555866863b
2023-03-23 15:32:23,True,0.1145,6.551e-05,3052.71,0.2,0xe0...ee40,https://etherscan.io/tx/0xe8cc780b83ead926be7d4312f9828b0a9682facb944a1fc299e72acb384f469b
2023-03-23 15:27:59,True,0.1144,6.547e-05,1283.61,0.084,0x34...58af,https://etherscan.io/tx/0x006c9cd78e536c207786e89cfb58c898fe34a5664256a08eabf935b78e36827b
2023-03-23 15:25:59,False,0.1138,6.518e-05,12654.9,0.8248,0x55...d940,https://etherscan.io/tx/0x1b85ff1d0c60551baecbb93b099d8acd653e35390012781e12e23cc6218370d3
2023-03-23 15:25:23,True,0.1147,6.567e-05,301.466,0.0198,0xbd...1401,https://etherscan.io/tx/0x7ae0b9ad59540ab8636207f7ad6fda226301938fe75b08d188e1efda87247988
2023-03-23 15:23:23,False,0.1149,6.577e-05,57713.6,3.79599,0x11...ef03,https://etherscan.io/tx/0x350b13ca7ea0cb36d72840573987adf39f5fa183ad4242516d3f82106e657e83
2023-03-23 15:19:59,True,0.1166,6.662e-05,4061.47,0.2706,0xe1...17b9,https://etherscan.io/tx/0x4a47dd1086967448b767e582418604143892ed4b00f18c16c884a0651f8d0718
2023-03-23 15:18:11,True,0.1165,6.657e-05,1651.8,0.1099,0xc3...49dc,https://etherscan.io/tx/0x8d4916195522749ea2da058e8da3dce3741fa5abefb7a71266071a338ded6c20
2023-03-23 15:17:35,True,0.1164,6.656e-05,372.304,0.0247,0xb2...9255,https://etherscan.io/tx/0x2eca4d53cb5d2bd0d62eff866e8d9fa4bb4b82b200af748f7ef328aca68526e2
2023-03-23 15:15:11,False,0.1157,6.616e-05,1000.0,0.0661,0x6d...036b,https://etherscan.io/tx/0x14c9136601fbcb457a909074ca9d2011a1203c020b5194073ae7b6ee61cbc476
2023-03-23 15:14:35,True,0.1164,6.657e-05,679.703,0.0452,0x43...491f,https://etherscan.io/tx/0x248029efef03e8b190786236075983489d3d79e4a78ee1fb4adc35f389c7f6eb
2023-03-23 15:13:47,True,0.1163,6.651e-05,5863.49,0.39,0x2e...f345,https://etherscan.io/tx/0x4c817d1b092d38cbd368c54a1135ed3c27427fa4c83febd309efa01db5df59d4
2023-03-23 15:12:47,False,0.1155,6.609e-05,3500.0,0.2313,0xfa...c0c5,https://etherscan.io/tx/0x1f320aa2c7436148922722bbb36a8fe2bcc525b7e062812ab7d8ec014a634b89
2023-03-23 15:12:35,False,0.1156,6.614e-05,1859.59,0.1229,0xb0...da6d,https://etherscan.io/tx/0xaaa3aa26d62e46820a93e167869b69c0ba269ba57024103e74e03a5eba700253
2023-03-23 15:11:11,False,0.1155,6.616e-05,400.0,0.0264,0x48...7874,https://etherscan.io/tx/0x59a50e4aba34fd9dc361e967ad90254deb54bd80508111a583b02b3ada2d48e5
2023-03-23 15:10:35,True,0.1162,6.654e-05,1787.47,0.1189,0x35...ea30,https://etherscan.io/tx/0xd9db9f8626d0e1104d0b45e37ae0b388e113ea16323c350225b42f7f8e121611
2023-03-23 15:10:11,False,0.1154,6.614e-05,971.742,0.0642,0x00...11e1,https://etherscan.io/tx/0xb0ae525f87650e0d331f781a90d00c8c2679d8f04bd0174762183467cd538164
2023-03-23 15:09:23,False,0.1154,6.615e-05,236.891,0.0156,0x1b...ea67,https://etherscan.io/tx/0xfd855e5978fc2595f70bc14e22e678d0a90964e70fd48a51d061690764814003
2023-03-23 15:08:59,False,0.1155,6.616e-05,732.899,0.0484,0xc6...9488,https://etherscan.io/tx/0xfb714fa82d5e1a954ad0bd01c320bcf0dbb55a2be54e0ab044ce434199165b54
2023-03-23 15:08:11,True,0.1161,6.655e-05,1489.44,0.0991,0x07...7316,https://etherscan.io/tx/0x045531040c7ebfcbb7cdc1d7194adb4dd73b01549f33281d6e5fd5b6318d933d
2023-03-23 15:05:59,True,0.1161,6.653e-05,506.542,0.0337,0x61...0fc8,https://etherscan.io/tx/0x1b57f87904b36fb26bfbe2b7074a466ed14de3c047bd20e2c4b9eee6bb6096fe
2023-03-23 15:05:47,True,0.1161,6.652e-05,446.666,0.0297,0x87...8857,https://etherscan.io/tx/0xe2d83c22cbae1a5140b342bde9d541bc931865dc31f442b666b1c6577cdef0f4
2023-03-23 15:05:47,True,0.116,6.651e-05,492.941,0.0327,0xc5...7088,https://etherscan.io/tx/0x4109544a50afedc4251969b00f989b73b16e00e9d30febfac187ec143f14eca0
2023-03-23 15:04:35,True,0.1162,6.651e-05,59.4972,0.0039,0xfc...0a12,https://etherscan.io/tx/0x87fa4a1ddaa19183339a642380052e09c5fd3d1daf43582c7f0a2ecfd3981c04
2023-03-23 15:04:23,False,0.1155,6.612e-05,836.41,0.0553,0xad...17a8,https://etherscan.io/tx/0x2964b70a3dac682aab3aa001caa174fc2bef3a476de7b44a73bec2484a8cde04
2023-03-23 15:03:11,True,0.1162,6.651e-05,1982.2,0.1318,0xcc...cacf,https://etherscan.io/tx/0x436ece626c80ac5b9ee4f1081d286abe045c3a1fc7d4ebee3f9b32c1a96d7eb9
2023-03-23 15:02:11,True,0.1162,6.648e-05,596.35,0.0396,0x85...66a9,https://etherscan.io/tx/0xc9e3c52709bb734f1f7640f8ef244543f624229ba17fcad8dca14b959324d034
2023-03-23 15:00:47,True,0.1161,6.648e-05,355.919,0.0236,0xed...2a7e,https://etherscan.io/tx/0xbc493fd2ebb5cfa5bc58f07ecdc6f009198a28e31deb1b5e5fc7afd6c42fd6f5
2023-03-23 14:58:59,False,0.1154,6.608e-05,632.0,0.0417,0x40...05d3,https://etherscan.io/tx/0x555a43ca773771bc5c7ad04e04c7095930478abbd88f318c7d5599a246670ea9
2023-03-23 14:56:47,False,0.1161,6.643e-05,40026.5,2.65913,0x97...4b03,https://etherscan.io/tx/0xdd39c6a8deee47bdd9094685c9856dac996b8648d2fd777b623e7a5fb2947d44
2023-03-23 14:56:11,True,0.1174,6.717e-05,397.653,0.0267,0xa8...d89e,https://etherscan.io/tx/0x645b132931c633c6a6decb92047affcc35df75baf92a9827f452bdbef09a94bd
2023-03-23 14:55:59,False,0.1168,6.684e-05,7724.47,0.5163,0x76...7d5e,https://etherscan.io/tx/0x4bba923543fc968bf1a21c407b7a1155e87ce2a96b746c4f2a0216375a7f717c
2023-03-23 14:54:59,True,0.1176,6.729e-05,2160.61,0.1453,0xa5...a203,https://etherscan.io/tx/0x5c4bd092f3e44776565977fcc73d3f36058cc24bbc560cef842195f7fc2f39d6
2023-03-23 14:54:23,True,0.1174,6.725e-05,2502.66,0.1683,0xe4...dad6,https://etherscan.io/tx/0xf780bf45e61e2c6514e04bec459adb21ab2ae687f5f86298a973fd1e064f164e
2023-03-23 14:53:59,False,0.1166,6.683e-05,1082.0,0.0723,0x54...6e75,https://etherscan.io/tx/0xc60d38d9b22c19962a1fde239ff3987af713f941e20974b4ec1f050fa0c776af
2023-03-23 14:53:23,True,0.1173,6.724e-05,51.7403,0.0034,0x7e...5e9a,https://etherscan.io/tx/0x270c675b4a1bfd5d9e1c3a7288fa45fb2c61d07bf574bf45226eeb6fc319e1c7
2023-03-23 14:52:59,True,0.1173,6.724e-05,751.835,0.0505,0xc1...7096,https://etherscan.io/tx/0x3d225a224a3cc35348ec275c4dc424c8feab50808533a3c529a1eb3d04e3f5aa
2023-03-23 14:50:59,True,0.1172,6.723e-05,471.815,0.0317,0x61...0fc8,https://etherscan.io/tx/0x724fcfbbc08698d4a46f1dd260aba598a8c42fb7f86b792e74b7f19406ed68a8
2023-03-23 14:50:11,True,0.1172,6.722e-05,664.362,0.0446,0xa2...fb83,https://etherscan.io/tx/0xb53b7bb2bb856619159e34cf2a0aebfb78d8e29cb6ea0962fcbced521e3c046b
2023-03-23 14:48:47,True,0.1172,6.72e-05,589.953,0.0396,0x24...6810,https://etherscan.io/tx/0x04c9b826831d1535d024f2d22d9021c19442cafa69805f6c5d37e7a5f93501fb
2023-03-23 14:48:35,True,0.1172,6.718e-05,1645.06,0.1105,0x10...126a,https://etherscan.io/tx/0xc9f2f6d0af0bbe75e25ea31cf0cc23c2233f9b856dc716b9b465749e19a8f0dc
2023-03-23 14:47:35,True,0.1173,6.716e-05,1689.97,0.1135,0xa9...aa5f,https://etherscan.io/tx/0xd78ace9787761b09683e0db7749935a0d9edc25c494a08dde36328fedfbd9943
2023-03-23 14:46:35,True,0.1172,6.714e-05,59.0518,0.0039,0x39...eb16,https://etherscan.io/tx/0x45fa7ecb0011e76fe6c6dc535b4939f142450ce05b3bc185f7156f298df553ab
2023-03-23 14:46:35,True,0.1172,6.713e-05,846.982,0.0568,0x05...de46,https://etherscan.io/tx/0x08666dc082a8700d9c6f34519be6ae692dcca2d2fbebc303788e3b17b7358c1e
2023-03-23 14:45:35,True,0.1172,6.712e-05,420.739,0.0282,0x04...905e,https://etherscan.io/tx/0xb590124decad95760d6be6b3643037bd12ce6bd2b5fbe808b48fd9c6d94a25ce
2023-03-23 14:45:35,True,0.1172,6.711e-05,789.93,0.053,0x05...de46,https://etherscan.io/tx/0x49af44f8e52d08896b62121e0971517c4ec5a5664a4c83ac48ca4d18cb7830e3
2023-03-23 14:44:11,True,0.1172,6.71e-05,738.621,0.0495,0x24...6810,https://etherscan.io/tx/0x07a98fe33ac4e4f717acfc0f9cfdaa0862b6f1597c43563f24225bf102743e62
2023-03-23 14:43:35,True,0.117,6.708e-05,916.088,0.0614,0x60...1840,https://etherscan.io/tx/0x926fb60bacc343ee67fb81705e450e185477f7a08e8fc389463377d6b72b3bc7
2023-03-23 14:42:11,True,0.117,6.707e-05,501.873,0.0336,0x5a...e5c9,https://etherscan.io/tx/0x675671500534eff423e31810fb208607b7a2fb8dfeb5d9cd2d2cfcac6bb1f0d6
2023-03-23 14:41:23,True,0.117,6.706e-05,349.38,0.0234,0x5a...e5c9,https://etherscan.io/tx/0x59798f6bf65bc5060799d8cdbd9dda983d5e831bcbd71504689ecac95eab21cb
2023-03-23 14:40:23,True,0.1172,6.705e-05,1153.07,0.0773,0x7f...3ad7,https://etherscan.io/tx/0x664036eb0fbf7e042ba6d359670c499fc08581b72f762b8e3a54a3c62edad19c
2023-03-23 14:39:59,True,0.1172,6.704e-05,393.637,0.0263,0x05...de46,https://etherscan.io/tx/0x0ffde21aecf41d7b415555665ab1997943ba68f8e64e6f58515f693af7bd4748
2023-03-23 14:38:59,True,0.1172,6.703e-05,404.2,0.027,0x15...45d9,https://etherscan.io/tx/0xbd171f63b8558971a8351f609530f81602e9b9e37727a83263edf56a4dac8248
2023-03-23 14:35:47,True,0.1172,6.699e-05,4290.98,0.2874,0x96...2df6,https://etherscan.io/tx/0x8e6a8c0c9d1ab58f96396fc69d99d6c43545313ac1a6a69f97402e2d1035e828
2023-03-23 14:35:23,True,0.117,6.685e-05,11862.2,0.793,0x7f...e93a,https://etherscan.io/tx/0x6fb64af730b45c836b9a652b0a60bbae44abe95196e0e6df240e1dfd32f9b12c
2023-03-23 14:35:23,True,0.1167,6.673e-05,1633.92,0.109,0x7d...c9a9,https://etherscan.io/tx/0xca4f60a190dac673ad510ee015cea81e49a152491659e115ce10d9f381a1e3a5
2023-03-23 14:35:11,True,0.1167,6.668e-05,3471.15,0.2314,0x2e...f345,https://etherscan.io/tx/0x5d8db1050ae601547d463506cbe95ed95663a61afc1a98ca17223621d954a7ec
2023-03-23 14:34:59,True,0.1166,6.665e-05,537.621,0.0358,0x13...77d6,https://etherscan.io/tx/0xc17e121249b273ac0e4b0e531975d6c98ae3555d0a3044aa3c2332792b3167f7
2023-03-23 14:34:23,True,0.1164,6.651e-05,15413.3,1.02523,0x19...d062,https://etherscan.io/tx/0x34e05c1389864de6213235cd40a7a1a38debfd36094a3811527850bca3bc1d17
2023-03-23 14:32:35,False,0.1157,6.612e-05,15876.4,1.04978,0xda...9601,https://etherscan.io/tx/0xaed308fbe631a536a011c585239d403007a14b3294ab4708e98fbad3f281e8e3
2023-03-23 14:31:11,True,0.1163,6.66e-05,6590.55,0.4389,0x27...f817,https://etherscan.io/tx/0xa9abbccfda7b7a593087c017f37cc21e81e3cca0e2a72464506b1e8b0522f6c5
2023-03-23 14:31:11,True,0.1159,6.637e-05,20039.3,1.33,0xc1...e030,https://etherscan.io/tx/0xa9bcfb862f871d901f58c139d964ce752c476fb0c722670c31bf850651b95489
2023-03-23 14:30:59,True,0.1155,6.618e-05,1022.5,0.0676,0xef...4fc7,https://etherscan.io/tx/0x04521aea8897a8bb1805d91a5b4f352289228b6824d8e44f3660a30063c3c28e
2023-03-23 14:30:23,True,0.1155,6.616e-05,2097.51,0.1387,0x79...1c12,https://etherscan.io/tx/0x0e1f6ec12e60cb8d75a3d3a0aec8dd264aaabb33cdde386d827ab2a04f569569
2023-03-23 14:30:23,True,0.1154,6.612e-05,2268.45,0.15,0x1d...5541,https://etherscan.io/tx/0xa00fd8283ab8ced318c77b97b618ed5e141e5936a053ef7d02911f271ba698a6
2023-03-23 14:29:59,True,0.1154,6.61e-05,104.967,0.0069,0xc7...4643,https://etherscan.io/tx/0x6feb6f32b03e67d032951333f7f8860ba442146a7484490e993fa893d1477b3f
2023-03-23 14:29:11,True,0.1154,6.609e-05,779.844,0.0515,0xcb...c8fe,https://etherscan.io/tx/0x7c31dcd24b2b6f471a4f1742b386fd76b8f705990d1e73574b6c7f5fef208e16
2023-03-23 14:28:59,True,0.1154,6.608e-05,674.993,0.0446,0x4e...d38b,https://etherscan.io/tx/0x42d021e06c713d5a4bf08f8aeb16c1b70d39b1426f9267708a968ccf5b29c8ee
2023-03-23 14:26:47,False,0.115,6.591e-05,26800.0,1.76641,0x3a...0eaa,https://etherscan.io/tx/0x3d707eb6d23b3133a84815894490643e1094ab3ef841e0c91f772410f1bd80d0
2023-03-23 14:25:23,False,0.1155,6.62e-05,8065.04,0.5339,0xf8...1ee6,https://etherscan.io/tx/0x8c2bf646ab789e810694f2cd254eaf7fc7db15b5b922987de0bb647a721a5802
2023-03-23 14:22:59,True,0.1164,6.667e-05,862.341,0.0574,0xec...dc9b,https://etherscan.io/tx/0xfabcfb01cfa96194c66ce9fad3f353225a9307745abf5f445f8b722228ae7b0f
2023-03-23 14:21:11,True,0.1164,6.664e-05,2260.29,0.1506,0xae...ca6a,https://etherscan.io/tx/0xdba7a2e09b40b7270bc247dc45338d15eacf9882f3ff6c5826ad333780a90bf2
2023-03-23 14:21:11,True,0.1163,6.661e-05,892.806,0.0594,0x99...4c32,https://etherscan.io/tx/0x0def6fe648c9da125f91382aa811b94510c7f1df6b189be0651dda5f7d86c5c6
2023-03-23 14:20:11,False,0.1156,6.621e-05,500.0,0.0331,0xa1...8fb1,https://etherscan.io/tx/0x95ed7089231e6d3c99bc0558cc960bbc380be76f35a4e060f19fc6c114706671
2023-03-23 14:19:47,False,0.1156,6.623e-05,2373.05,0.1571,0x19...3153,https://etherscan.io/tx/0x9ec374b0ee29a25523da298f028ca024f7824e625757310ba507dd698bf79b3d
2023-03-23 14:19:47,True,0.1164,6.665e-05,575.541,0.0383,0x92...bc3b,https://etherscan.io/tx/0x0a005cac4400e485892dafd0eba83e3849f7f93eb65ac6b0bc5f30d2f1ab0217
2023-03-23 14:19:23,True,0.1164,6.663e-05,1438.13,0.0958,0xae...ca6a,https://etherscan.io/tx/0x6bf3e7eb1be02a39e871be52fdac43450cd91f9fb3cd359b0b958c5abd64a9cc
2023-03-23 14:17:35,False,0.1158,6.628e-05,7196.1,0.477,0xa8...a7c9,https://etherscan.io/tx/0x329649ecd8e9b87c5350d9a23b8359134cb1fc9cdc45158a118016ae149634be
2023-03-23 14:16:11,False,0.116,6.636e-05,1398.0,0.0927,0x87...4a70,https://etherscan.io/tx/0x46bc42cc360e9f6f1d913083ba8b3825bb1259658b2d1af0c3d10ecfff51bdfa
2023-03-23 14:14:35,False,0.116,6.638e-05,914.662,0.0607,0xa7...fdd6,https://etherscan.io/tx/0x874451756b9707b065e4b8abdb1a8fa85e413bb6727206b14d185c247ff07725
2023-03-23 14:13:47,True,0.1167,6.678e-05,35.3801,0.0023,0x3f...0431,https://etherscan.io/tx/0xc2f56e71e9d3d0a45235e3f101a9173739c9ed5b4fb918e179cacc776004f81b
2023-03-23 14:13:23,True,0.1166,6.67e-05,8915.55,0.5947,0x95...af92,https://etherscan.io/tx/0xd790e4742b9cc60e46335600306d1d7d76ddf59d9aafc8cf602df6b3adc23c21
2023-03-23 14:12:47,True,0.1164,6.661e-05,1825.21,0.1215,0x57...bcee,https://etherscan.io/tx/0x4a4da6c041f1404e2d6cc6aeccf6910431bd4ff36afd3613811c64ab701267db
2023-03-23 14:12:11,False,0.1157,6.62e-05,838.003,0.0554,0x63...4bf0,https://etherscan.io/tx/0x656c5f34919f8fba341be6005ac29f2899ab44f6b0eacf27dc10948eed43fe07
2023-03-23 14:11:11,False,0.1159,6.63e-05,9900.0,0.6563,0x63...81b3,https://etherscan.io/tx/0xf3cf361c9f68de29e607721f64e166ea5471b187ccdea36ed2321090cddaaf79
2023-03-23 14:09:59,False,0.1161,6.639e-05,1000.0,0.0663,0x3f...6d16,https://etherscan.io/tx/0x8806d4d7074c7c58697344d988f77792f8507c25e720fd56285e9c2d7560b0d7
2023-03-23 14:09:59,True,0.1168,6.679e-05,727.144,0.0485,0xa2...cff5,https://etherscan.io/tx/0x1844336237c4bfede5a8a4286aa7d85dc780e0f476bd13fd2e3fe5013670a67a
2023-03-23 14:09:47,True,0.1167,6.676e-05,3266.43,0.218,0xd4...4b85,https://etherscan.io/tx/0xe58c232280d0c5f7c9731738e41a0e32aaef5008135215c42d516af0acb8f826
2023-03-23 14:09:35,False,0.116,6.637e-05,4361.36,0.2894,0x7c...15e1,https://etherscan.io/tx/0x27cfb05e126ab682b8c0dd191e4795a0edafb39e2a9b5a8f6f19f383809b4126
2023-03-23 14:05:11,False,0.1162,6.644e-05,4616.64,0.3067,0x86...6336,https://etherscan.io/tx/0xbf1b4803cf0da9c713f2c7ef263a19e4c0d90914f2d9791b821d40972eb60ba0
2023-03-23 14:04:59,False,0.1163,6.649e-05,1000.0,0.0665,0x26...5773,https://etherscan.io/tx/0x920d29fbdba8737fdf72d1d052c8a3bd7c5518c378aac673242293191b9bbea9
2023-03-23 14:04:47,False,0.1164,6.657e-05,8000.0,0.5326,0x3b...902f,https://etherscan.io/tx/0x746e46ec5f205d72d0b15392badf079e164d0a58db061e45140174163ac3f7ed
2023-03-23 14:04:11,True,0.1173,6.704e-05,443.559,0.0297,0x35...1f83,https://etherscan.io/tx/0x60391b84783106bcf77d613b1442f222928a718ae1642bc30d52482ecfab0bd2
2023-03-23 14:03:35,True,0.1173,6.703e-05,887.272,0.0594,0x36...9584,https://etherscan.io/tx/0x000514743ee6d2093a92d0a2c4f60017d8c7b29a2d218ccbdc7b95d745374586
2023-03-23 14:01:23,False,0.1167,6.667e-05,5856.3,0.3904,0x26...3417,https://etherscan.io/tx/0xbc3691e845345763a9de970d40ed94464a5e42f87e94a23404a89852b4244177
2023-03-23 14:01:23,False,0.1169,6.674e-05,2400.0,0.1601,0x1a...305d,https://etherscan.io/tx/0x87ff6a9b0f5e5307b0e1f973588118276eff73b1cb75cca4b38dd3a4bc6c81f7
2023-03-23 13:59:59,True,0.1176,6.715e-05,1967.79,0.1321,0x8c...bd0a,https://etherscan.io/tx/0x7771a1966267fa8faaa91728b48530e9ef525485d9c0cbee872f1a9247accfda
2023-03-23 13:58:23,True,0.1174,6.709e-05,4471.33,0.3,0x81...08a1,https://etherscan.io/tx/0x1840d9a149ee1cd50fe73bc29b9b3d9fcc9d4154d1d92388a590b9abcc3f9005
2023-03-23 13:56:59,True,0.1174,6.704e-05,1476.69,0.099,0x95...b54a,https://etherscan.io/tx/0x4d1580a6a3db9b2f6e7253bc7cf2033325dba4419439678ec4715c3e7e45126a
2023-03-23 13:55:11,True,0.1173,6.698e-05,4598.13,0.308,0xff...2ecc,https://etherscan.io/tx/0xcf73e1bcb36a6635350fec321421ba719899b22ab68c9f543f52922b083dd554
2023-03-23 13:54:35,True,0.1172,6.692e-05,2591.95,0.1734,0xc5...ce54,https://etherscan.io/tx/0x46e8a856bb1bf07fd80b9bd30258f4f0af94191f95687571161c5fe9be350073
2023-03-23 13:54:11,False,0.1168,6.669e-05,21711.4,1.44796,0x1e...b7b2,https://etherscan.io/tx/0x3e8442eeccf3696310b979dce56339e17905e908aa7f7d7a80f5cc89a907e1ef
2023-03-23 13:53:47,False,0.1176,6.713e-05,29113.8,1.95455,0xc6...fed0,https://etherscan.io/tx/0x3b37c504eee1beb95323138fe5d53da408b98a52aedc6f339dad8bc2ba43222d
2023-03-23 13:53:11,True,0.1187,6.779e-05,415.446,0.0281,0xb9...8313,https://etherscan.io/tx/0x55704a911d6d91f12d95dde66cf05aa6dc9288d3968ce02e7adb25f01faf8ec4
2023-03-23 13:50:47,True,0.1188,6.778e-05,511.823,0.0346,0xb3...d125,https://etherscan.io/tx/0x8eaf8548cb073909dda46418fb29fc13ef4b7e56d72c315eab5a0bdd7b189273
2023-03-23 13:50:23,True,0.1188,6.777e-05,124.87,0.0084,0x36...2bc2,https://etherscan.io/tx/0xf72b71a5b577c6492209597c80355acb195c14edf4a688e9e50a68c8f194fa15
2023-03-23 13:49:35,True,0.1188,6.777e-05,118.034,0.008,0x86...b5f1,https://etherscan.io/tx/0x9307f76a7641ffea472b30198cde42a5ae5abf2bbf01f495fd44c970469a36a3
2023-03-23 13:49:35,False,0.1182,6.746e-05,11091.4,0.7483,0x4d...b114,https://etherscan.io/tx/0x14b154902f0399cb08f94e56e7bd9723476c2495ac14d8357781176e753d8d8a
2023-03-23 13:47:23,True,0.119,6.793e-05,3910.26,0.2656,0x71...a41c,https://etherscan.io/tx/0x94da887ac61b54ab9cd44b0d60f56e25aeef8f85c1929130f8f0a25c825b94ab
2023-03-23 13:46:59,True,0.1188,6.787e-05,3278.0,0.2224,0x76...7d5e,https://etherscan.io/tx/0x5cae42b059cad86a48b9db2d10e49d7ec4e5d3682c7dc9f93d37ba65a4bcc346
2023-03-23 13:46:59,False,0.1183,6.758e-05,16404.3,1.10866,0xe7...9bc8,https://etherscan.io/tx/0xc97d6ed49f36dd83899e9c8f38e20f052780dfb4b5b7bd2446f5bedd6c3764b1
2023-03-23 13:46:47,False,0.1187,6.781e-05,10000.0,0.6781,0xf0...57cb,https://etherscan.io/tx/0x2b48641f00e9850400e028aec0df42ceaa464ed0652c18ec055075faaa8ae69a
2023-03-23 13:46:23,True,0.1196,6.829e-05,2031.91,0.1387,0x36...5240,https://etherscan.io/tx/0xd0410e92d1c082cb51b3853330b297c0c75b9935187dd21a0428d2f56fc35e1b
2023-03-23 13:45:47,False,0.1189,6.791e-05,5170.0,0.3511,0xb0...4050,https://etherscan.io/tx/0x5158ac093ce696c22b52af9da726aad67b068a3cf0486829188ed0e9371edd5e
2023-03-23 13:43:23,True,0.1196,6.835e-05,1740.13,0.1189,0x1e...2cee,https://etherscan.io/tx/0x02ee6c0d32a7aae83da8ef45c0f1d81a58ef9c57135c25a329512623e639594b
2023-03-23 13:43:11,True,0.1195,6.829e-05,4934.72,0.337,0xb0...6948,https://etherscan.io/tx/0xd4039c4d0a166d1afaeff31899351866ccfa83380c0096ce6a61cbcb212002c3
2023-03-23 13:41:35,False,0.1189,6.787e-05,4000.0,0.2715,0xd9...8d50,https://etherscan.io/tx/0x458b11c50e238ea7316b4f12dfe8dc6517d03c886dd71df997c10db120d2e576
2023-03-23 13:41:23,False,0.1193,6.808e-05,19000.0,1.29362,0xdf...d4e9,https://etherscan.io/tx/0x27827c3f69dc837de454819dd8c0ae07f2d0168f2a87379266b0ead36e6756cd
2023-03-23 13:41:11,True,0.1202,6.863e-05,3516.32,0.2413,0x36...28c9,https://etherscan.io/tx/0x04094fbd72fd9de4d93b6acbd31b164cf96ecdeb0c57e07fee4c6b1ea1b20e9b
2023-03-23 13:41:11,True,0.1202,6.86e-05,314.94,0.0216,0x42...cf69,https://etherscan.io/tx/0x30d7fe7499e865619ebc9856f8ae7a01f79f4fd2460b7dde38c51b3b6197954a
2023-03-23 13:37:35,False,0.1217,6.95e-05,25213.7,1.75259,0x23...d0b2,https://etherscan.io/tx/0x291b06214884904a4ecca23e203750a276e81e34df24fc88ff5a9d1f8fb2bbc2
2023-03-23 13:37:23,True,0.1228,7.011e-05,4948.02,0.3469,0x85...7ef3,https://etherscan.io/tx/0xe653bde3fd0cfcdb32d13b9c8dc2577040a9789daae7a8d1ae326c6ad014c321
2023-03-23 13:35:47,False,0.1221,6.966e-05,1000.0,0.0696,0x32...bdf6,https://etherscan.io/tx/0xaeee4a39131b85f60f799db72aad347bc7e96fb21d7c09836df431f261e5bb5e
2023-03-23 13:34:59,True,0.1228,7.008e-05,749.642,0.0525,0xc9...58ce,https://etherscan.io/tx/0x7fb1b41aad5496599dee5e0299d55b6972cb7380756a59480827e341ad1ecddc
2023-03-23 13:31:59,False,0.1223,6.973e-05,8100.0,0.5648,0x02...86b4,https://etherscan.io/tx/0x5c3826addf382b0717830b86a4ccf5dbf3c42d4f735e3677927be6184a0e42d4
2023-03-23 13:30:35,True,0.1229,7.015e-05,7594.91,0.5328,0x97...cb1b,https://etherscan.io/tx/0x65ab55050ae0cb49a84449cd9a2865b13573a48823a512770aab1c538dae237b
2023-03-23 13:28:23,True,0.1228,7.008e-05,268.742,0.0188,0x25...c8af,https://etherscan.io/tx/0x932a9fd41fc30b6abb1c3693262964a43e678150b1036f3b8897fe77d9807e05
2023-03-23 13:28:23,True,0.1228,7.007e-05,769.557,0.0539,0x53...0d7e,https://etherscan.io/tx/0x370c12bcc91a01336d03f644122cdb3d7f0563c99b8462fa26e1082c4205b835
2023-03-23 13:27:11,True,0.1228,7.005e-05,856.454,0.06,0x42...cf69,https://etherscan.io/tx/0x705248f78e4eda249df19fedb491a48d619ccdfc5151da70be1a33a3f735353e
2023-03-23 13:26:59,True,0.1228,7.004e-05,240.934,0.0168,0xe0...b2c8,https://etherscan.io/tx/0xbbd1e798159f5e2623e0c7c1f46550af1d653dc61a25be0c02143909c4696428
2023-03-23 13:26:35,False,0.1223,6.971e-05,10000.0,0.6971,0xce...b6a9,https://etherscan.io/tx/0x653aa98713679d0782dbd7068afe9783ad83ac189206286c36f7f4fd0de712f5
2023-03-23 13:25:23,False,0.1225,6.981e-05,900.0,0.0628,0x1b...ea67,https://etherscan.io/tx/0x948e0c7abaccbb2288ef293d55fdc5e84c16fe9fd1d927df7f07b9f7562e9f64
2023-03-23 13:24:47,False,0.1227,6.986e-05,4261.66,0.2977,0x48...a20d,https://etherscan.io/tx/0xad1f6ada082cf9bd734cc151f7f3dd4e6c107c3c41f6e30828efb00af047b9ee
2023-03-23 13:23:47,True,0.1235,7.032e-05,31.9961,0.0022,0xe1...1420,https://etherscan.io/tx/0xdb846270ca18634f269978a7550cbde1c9d7631173a124b7e591e17adc5d521a
2023-03-23 13:20:23,True,0.1233,7.028e-05,4230.87,0.2973,0x16...b8be,https://etherscan.io/tx/0x49d7d84224370f808e2ec4c3ba8da571c4f1b3537c4826cb5c31fa742aaa0dc0
2023-03-23 13:20:11,True,0.1232,7.017e-05,7748.43,0.5437,0x42...cf69,https://etherscan.io/tx/0xa058d29cfb315592aac011dfddb7fbd82ea4a0f2a1577cf8c0b9d836f8260930
2023-03-23 13:19:11,True,0.123,7.004e-05,5940.74,0.4161,0xdb...e877,https://etherscan.io/tx/0xaaf2508079c8d05a9090f5d748fb20bc0a58870f79a1ff0bbd6ce4bb1042f3a4
2023-03-23 13:18:47,True,0.1228,6.994e-05,4906.13,0.3431,0x0a...062e,https://etherscan.io/tx/0x2fbe353530482fc41f0b63cfe70abf98d05b726cbdf63ebbe59b8dbc66fcc82b
2023-03-23 13:17:11,True,0.1227,6.988e-05,1418.38,0.0991,0xf6...e98c,https://etherscan.io/tx/0x6b0b2e176d4a5e9954d53b100f570a1169eeec78e9af9f56533a2d951738252d
2023-03-23 13:13:47,False,0.1223,6.964e-05,20000.0,1.39279,0x21...a82f,https://etherscan.io/tx/0x308f62e1bc284215bb5c449f98b54c70901add560dc9dff6c40380f24d3422be
2023-03-23 13:12:59,True,0.1233,7.023e-05,1270.22,0.0892,0x96...de02,https://etherscan.io/tx/0xcc9bdd32fb07f47a6db585c11d0197c6781d8ed1d5e95065251928fd5b2c9529
2023-03-23 13:12:11,True,0.1233,7.02e-05,1411.86,0.0991,0x4a...fc13,https://etherscan.io/tx/0x59c59b5dbdae4a1b9a42e5e3290e5afa1f5831628a7af5e602ed4128848f2726
2023-03-23 13:10:35,True,0.1233,7.018e-05,507.431,0.0356,0xb3...18b5,https://etherscan.io/tx/0xcd7a3285b3a9273336987472e83510a1bcaa06bdcaa04d32c43485cce2a03d64
2023-03-23 13:09:23,True,0.123,7.003e-05,15493.3,1.085,0xe1...2b1f,https://etherscan.io/tx/0x476879e0587f6e90e4995e5b339163d314f31b179d29dbfb8df8311a78b82c7c
2023-03-23 13:08:35,False,0.122,6.947e-05,400.0,0.0277,0x88...9162,https://etherscan.io/tx/0x28430679617b8ef571a94daff0eece6508195f2abf3ac3a78662109bbac606f9
2023-03-23 13:08:23,False,0.1223,6.967e-05,21155.3,1.4739,0xd8...3dd4,https://etherscan.io/tx/0xaa59ac4149e80e8966406a557a1930e181ce6f4ed7bdd5571e01a1561db83fac
2023-03-23 13:07:59,True,0.1234,7.024e-05,4270.6,0.3,0x2e...f345,https://etherscan.io/tx/0xe9f137933ea4cf607d736fdeeea3d72307abf0a9b75b4eb645f036d26764e312
2023-03-23 13:07:23,True,0.1231,7.02e-05,91.7734,0.0064,0xae...fb53,https://etherscan.io/tx/0xe70f94ced13e11bbe8885c3ddf4dae93e8e346ffcb65127ff73cfbd5f3bdb8d2
2023-03-23 13:07:23,True,0.1231,7.02e-05,141.194,0.0099,0x56...4314,https://etherscan.io/tx/0x0a7c0dc4414b77ef458a8d4b36ea0f020555bedeeff278b028d909e38a2a2d7e
2023-03-23 13:06:47,False,0.1226,6.995e-05,18288.7,1.27936,0xda...5851,https://etherscan.io/tx/0x4d742dfb5a9e1b4dc1f3922d5bef21608507eb5a55e4e92f5e56cbfd103a05b3
2023-03-23 13:03:11,False,0.123,7.013e-05,1304.09,0.0914,0x7e...31db,https://etherscan.io/tx/0xf65d06b74e41a7798ae9e9454fbcce4216f670322eb9db81e9ab719d24f6c96b
2023-03-23 13:01:47,True,0.1237,7.055e-05,1791.77,0.1264,0x7f...9470,https://etherscan.io/tx/0xd70a331c45b75d85f411c7ea91dff10d9f409582f7cd93e2b1d4c80f2b1021d2
2023-03-23 13:00:59,True,0.1236,7.05e-05,3233.54,0.2279,0xd1...29cf,https://etherscan.io/tx/0x6a05bf80ca99e30cd785d5deea282fe7f2e17a6024c7f26860e269c9b0cc348b
2023-03-23 12:59:59,False,0.123,7.013e-05,8720.0,0.6115,0xf4...abe1,https://etherscan.io/tx/0xf19fea52f19e519ade844feb01e5ed943bf822097fb1ecc4ebd7d163503516f7
2023-03-23 12:59:47,False,0.1232,7.023e-05,1777.22,0.1248,0x4b...3433,https://etherscan.io/tx/0x1e5cc26e8df532e958598f2f35b42152174a0b4e4075249e1a06379b8c0e3acc
2023-03-23 12:58:35,False,0.1232,7.028e-05,3965.0,0.2786,0xe5...338d,https://etherscan.io/tx/0xc27aa5862c02fca7f6e6f9175eb493ad3733538015558395529388b7f61c6e9f
2023-03-23 12:57:23,True,0.1242,7.074e-05,463.412,0.0327,0xfe...b869,https://etherscan.io/tx/0x24cdfe483965c518e9f2e0da0e224402a0142f8cfd171fd2e4b37df39771a3f3
2023-03-23 12:55:47,True,0.1238,7.073e-05,840.842,0.0594,0x64...0fcf,https://etherscan.io/tx/0x202db980adb56139b8fd8c2848ce662a2e2bf0d0c7039b483095aa573200c095
2023-03-23 12:52:23,True,0.1238,7.071e-05,1198.91,0.0847,0x9f...1fbd,https://etherscan.io/tx/0xaf50b255c152377d357f0841c8c6f76df872f0071a79c76302cc3ba3ab4428e6
2023-03-23 12:52:23,True,0.1237,7.069e-05,954.257,0.0674,0x80...8dda,https://etherscan.io/tx/0x0e98b02d6f3bdd550f293dc5daad6fd0520055f63696295c3a8906d2b21e5e09
2023-03-23 12:52:11,True,0.1236,7.064e-05,3718.14,0.2626,0x69...ecef,https://etherscan.io/tx/0xb7450b2fe0c3a03448ed6981f7c5c45bb075989d33e0a500acbe86b2d9b42d20
2023-03-23 12:51:35,True,0.1235,7.06e-05,673.87,0.0475,0x10...004d,https://etherscan.io/tx/0x3806ad95770b381e3b4b56a6ef52b29a3f45b0c71daad6ae8fdc9b571891ad45
2023-03-23 12:50:59,False,0.123,7.029e-05,12200.2,0.8575,0x00...8eb3,https://etherscan.io/tx/0x8826f51b50e1c28eb62dfeac73dc921ebae3627002acd38b78d23d9c41c13420
2023-03-23 12:48:59,True,0.1239,7.082e-05,435.566,0.0308,0xe9...ca94,https://etherscan.io/tx/0xd8ce947f8df7cac72ddcef1af08fadedcea8bd37912ff89a4245f6153a983a79
2023-03-23 12:45:35,True,0.1238,7.081e-05,976.588,0.0691,0x05...30d3,https://etherscan.io/tx/0xbcd6d61410663d3eba1970ee5aabd46c3ad3a7352a432931940bdfc8f0665c8c
2023-03-23 12:45:23,True,0.1238,7.08e-05,494.225,0.0349,0x59...8e26,https://etherscan.io/tx/0x8095ddb7cdf55346fab2fb9f35b420f821627152602b883bba809f1299610f6c
2023-03-23 12:45:11,False,0.123,7.037e-05,495.645,0.0348,0xad...83fe,https://etherscan.io/tx/0x13800109701481302130a6c9c5f8be98cc9e507e30788d8de4964e9c1a0205f0
2023-03-23 12:44:11,True,0.1237,7.079e-05,1117.08,0.079,0x0c...cc75,https://etherscan.io/tx/0xa2a968c652127537a4b4c7fd08fe1241c3b1b0a67b16755ae8b570850086bfbc
2023-03-23 12:42:23,True,0.1237,7.078e-05,210.066,0.0148,0x0a...5e1c,https://etherscan.io/tx/0x48de5a8dc367b45979449849dca8d76ec4f19f9b417d6e810cc78ad0972318ad
2023-03-23 12:42:11,False,0.1229,7.037e-05,1784.25,0.1255,0xad...83fe,https://etherscan.io/tx/0xa4ff07a6cdc1c0ba9c5a7ab710bd42e66207e3b78da7d6daf69e4af53a527c74
2023-03-23 12:41:23,False,0.123,7.04e-05,1685.13,0.1186,0xad...83fe,https://etherscan.io/tx/0xbb313f968b2bb2023052ae89b944167173bf34cf6a9b525a252f73a330ef2759
2023-03-23 12:38:23,False,0.1233,7.057e-05,16520.2,1.16595,0x97...0896,https://etherscan.io/tx/0xcde98e8356676855e7590200dd1efed1a4394c9d7370e32702cbce52e75a48a3
2023-03-23 12:34:35,False,0.1236,7.075e-05,2000.0,0.1415,0x83...36c0,https://etherscan.io/tx/0x6bb25d78f352704f93145582df46598eefdc4022996b302cba4a0058feadf8f9
2023-03-23 12:33:23,False,0.1236,7.078e-05,1102.67,0.078,0x7d...4cb2,https://etherscan.io/tx/0x8c56028fa2f6cca00420652f380c6be22e5a42dda046075aeb86af0d108ba849
2023-03-23 12:32:23,True,0.1243,7.121e-05,753.878,0.0536,0xa4...a51b,https://etherscan.io/tx/0x84922a1c714f534f2efceae3640b3e9a2fb228efece602640c53072ea2c36aba
2023-03-23 12:27:59,True,0.1243,7.12e-05,50.3062,0.0035,0x34...5009,https://etherscan.io/tx/0x94396a9d48e77bb27e77a4db8b87c1e383dc9c79a82eb12a20d070589e1aaa7f
2023-03-23 12:27:23,False,0.1236,7.078e-05,805.0,0.0569,0x44...65c6,https://etherscan.io/tx/0x81516ff4061215b2a37a11f2fea994a53f1e77c24011f7eeb0dabf67e05c9b13
2023-03-23 12:27:11,False,0.1237,7.086e-05,8050.0,0.5704,0x70...b4f2,https://etherscan.io/tx/0x7178a199c8227d0d6e1975913c9df754083459c30054d733749d9da594dc8c4f
2023-03-23 12:26:23,True,0.1246,7.135e-05,1666.97,0.1189,0xd4...eb38,https://etherscan.io/tx/0x681ed7eef3cf67bd61674405612a450f5f9c049b1b2e0b44cf119fae4492c138
2023-03-23 12:23:23,True,0.1244,7.127e-05,6680.96,0.4762,0xd9...0080,https://etherscan.io/tx/0x205b92740267371b4e5446776d3fe55af33b59235ae34feca85819596aaa2dd1
2023-03-23 12:23:23,True,0.1243,7.121e-05,305.296,0.0217,0x33...feb6,https://etherscan.io/tx/0x696f0f5206b3efc103880ee26bc4fa50d2494b53a9b40f6a7bcf6efa16d3b8b8
2023-03-23 12:21:59,True,0.1242,7.116e-05,4039.21,0.2874,0x13...43ac,https://etherscan.io/tx/0x6f52e0408d01e4bd4ccb8bf02bc0aa84b52ac91ca85593aa12966a35ac1c9f14
2023-03-23 12:21:35,False,0.1237,7.091e-05,21777.4,1.54426,0xbb...f66b,https://etherscan.io/tx/0x34af95a5e149f4fcea042adb645ffb4b9d08a9e6e5c38bdc4977b7bf81653b4e
2023-03-23 12:21:11,True,0.1249,7.154e-05,653.323,0.0467,0xbe...82f5,https://etherscan.io/tx/0x7abffec1100d7046cf993fbb048efc5d5ea892c17a11499e783c7d3580b7b99d
2023-03-23 12:20:59,True,0.1248,7.151e-05,1602.11,0.1145,0x2c...7662,https://etherscan.io/tx/0xb2cef36b86e5208d4e1edd3b19396a067b148b709c7b14fb05d18a27bd992c6b
2023-03-23 12:20:35,True,0.1248,7.149e-05,1386.56,0.0991,0x33...73e1,https://etherscan.io/tx/0x2a129b0fe9bd21870cc12d674e2d4af62ecce7556f9b468db869b41a97c45526
2023-03-23 12:19:47,True,0.1248,7.147e-05,440.73,0.0315,0x37...5e01,https://etherscan.io/tx/0xdc4cbd67108a43c2f5ba9380008b6a74783e13b2a58058bca9a1c09259235477
2023-03-23 12:18:47,True,0.1248,7.145e-05,1401.12,0.1001,0xde...fc48,https://etherscan.io/tx/0xe1932f54293ed17a618df896ca2009b14d1c6c9830301dc80bad9e8786c5f169
2023-03-23 12:18:35,True,0.1248,7.143e-05,559.944,0.04,0xd2...0923,https://etherscan.io/tx/0xfdf71d7c99f10bd3ceaf81922e799f3b03c9a6977bad4d8d3cfb850e889ca90d
2023-03-23 12:18:23,True,0.1248,7.142e-05,763.323,0.0545,0x43...d150,https://etherscan.io/tx/0x38ab28291bfb8c8a72dea7378d0b6a03c23042e4608fbea894243a4eee7ce81d
2023-03-23 12:17:11,True,0.1247,7.14e-05,1019.04,0.0727,0x1c...40a8,https://etherscan.io/tx/0x24fa37677828feb7ba039c2d39760fe3ef19802ee286fac4fd2147e6115ead28
2023-03-23 12:16:47,True,0.1247,7.138e-05,1415.52,0.101,0x25...ac7a,https://etherscan.io/tx/0xa6329e9928b498354f1a992bc5fe26af51c453403e3b683c11b90cf095837dca
2023-03-23 12:16:11,True,0.1247,7.136e-05,861.226,0.0614,0x74...7761,https://etherscan.io/tx/0xd493ed10e5b2db6ff33f243517851a77edac1093420f4da714ae50568f133a9d
2023-03-23 12:15:47,False,0.1241,7.105e-05,13500.0,0.9592,0xd2...0923,https://etherscan.io/tx/0x6de4314c83fd88a7d99b57d46d8cb3d243b56d3be9486b9c28286242eda8f677
2023-03-23 12:15:23,True,0.1251,7.16e-05,290.694,0.0208,0xe9...39de,https://etherscan.io/tx/0x5a6181f7692dab312e4d910a6e396a68e03bc1b4e262949c835d69a1bae72ee7
2023-03-23 12:15:11,False,0.1244,7.12e-05,2711.36,0.193,0xd5...3055,https://etherscan.io/tx/0x4ea37a560b18617ccad815653894773e0eed304a1011627b66e3c36bc8d0f75c
2023-03-23 12:14:59,True,0.1252,7.165e-05,82.9989,0.0059,0xb0...4b49,https://etherscan.io/tx/0xf4b67659978e90d310413ed50e0ca638a7234a3d47a281156a006c8d827fefd9
2023-03-23 12:14:35,True,0.1252,7.164e-05,1383.59,0.0991,0x3f...a62d,https://etherscan.io/tx/0x20de9d8db74ec7881f8018e4350b798625ead8886eec6d51a992301a73bc5f75
2023-03-23 12:14:11,True,0.1251,7.162e-05,1011.29,0.0724,0xf8...043b,https://etherscan.io/tx/0xbc5235d618a085e6518c97d379105165dda0f5c8c0765980aec709e8f38e4c0a
2023-03-23 12:13:11,True,0.1251,7.158e-05,2909.75,0.2082,0x30...f18a,https://etherscan.io/tx/0xb15444024491c121044aefe6cea131dd23762819728917bb0a97fb71c3ffd8ba
2023-03-23 12:12:47,True,0.125,7.152e-05,2702.35,0.1932,0xe8...bb04,https://etherscan.io/tx/0x580923d335de137fef5f6708d448f8e3feefc3d26e73f31fcbe040d0b324f9ab
2023-03-23 12:11:35,False,0.1245,7.122e-05,16182.2,1.15264,0x32...d112,https://etherscan.io/tx/0x54602519e515e35fdfc450a725dff1974c312df68d111036228042bf7b1ae1a4
2023-03-23 12:09:59,True,0.1255,7.181e-05,400.307,0.0287,0x40...40f4,https://etherscan.io/tx/0x4a7094b264d4b35575f96c509d572354ee2300b59efcd854995f8a04dfdd0209
2023-03-23 12:08:35,False,0.1248,7.138e-05,600.0,0.0428,0x28...d05a,https://etherscan.io/tx/0x09f15a0f8131ceab9dc5b0f2b5c95ea1c3aa3794fe50f7399824e3012a6b684c
2023-03-23 12:02:59,True,0.1257,7.181e-05,376.983,0.027,0x1c...40a8,https://etherscan.io/tx/0x1ab2ebf82b33d0d8df1cf52b7041ba6040e685864ec5a123ca4bfaadd42b231b
2023-03-23 12:01:23,False,0.125,7.139e-05,1400.0,0.0999,0xb2...640a,https://etherscan.io/tx/0x3ac3ca17e41f7575a5666e547d4bbb5afaf48e853dc039f57925d96b40e87a00
2023-03-23 11:59:59,True,0.1257,7.181e-05,2579.38,0.1852,0xd1...4001,https://etherscan.io/tx/0x114dd51b8f78e5e2083baeca09e1834523448e51f1b3fa95534adc5bd6ac1361
2023-03-23 11:58:35,True,0.1256,7.178e-05,785.366,0.0563,0x62...a5d4,https://etherscan.io/tx/0x2eab6a259dcf28616bba1b39656aeb136a7ff0a2c7a18faafb2a6c471a5fd20b
2023-03-23 11:57:47,True,0.1256,7.177e-05,151.924,0.0109,0x50...18be,https://etherscan.io/tx/0x42794b54dc0be08b08384d36dd01e299bead5e4b5ca5604d2d353a3e19b6f724
2023-03-23 11:55:35,False,0.1257,7.176e-05,44129.4,3.16704,0xe0...06e6,https://etherscan.io/tx/0x5be1fa356271b0575d7b2f39837fb80a2a3a938096236a81c798b7c91123cc17
2023-03-23 11:54:59,True,0.1272,7.262e-05,294.956,0.0214,0x59...eba0,https://etherscan.io/tx/0x2f99436472c8ff606d722ba57b02f7e8f2b6c0d26712d1034ccb5c2a7002e287
2023-03-23 11:53:59,False,0.1265,7.221e-05,2000.0,0.1444,0x52...3e58,https://etherscan.io/tx/0x796348f7cd1c0740bdba18833ea96723cb9a132aebde2187fda04d9d03afc0ab
2023-03-23 11:52:35,True,0.1273,7.266e-05,319.537,0.0232,0xc2...d715,https://etherscan.io/tx/0x2cfc76547288b392cc99d3284813a5a20e7825856c7d288344c3981376459e44
2023-03-23 11:52:23,True,0.1273,7.265e-05,298.718,0.0217,0x15...f58d,https://etherscan.io/tx/0xe4f9dbceaba0c75beec73c176ad480d5a53cb2dd47899590a82e6bf1b498d4f4
2023-03-23 11:50:11,True,0.1269,7.243e-05,21598.9,1.5646,0x78...623a,https://etherscan.io/tx/0x3dff4fc766af2c35d4eb7db09cda93a2f1d76c86727a17f6b045cd5dc2b15627
2023-03-23 11:49:23,True,0.1265,7.22e-05,2423.7,0.175,0x60...6bf4,https://etherscan.io/tx/0xd1a11e7cca6b0514ba4301ebe7dcabbb76f7e0b9a4545632bffbcdc1c52a1b31
2023-03-23 11:48:11,True,0.1265,7.217e-05,370.811,0.0267,0xfc...46f3,https://etherscan.io/tx/0x4c0c01c906b4d5996ff5544cba3154282f8f551604a9757a62dcb05217020501
2023-03-23 11:46:59,False,0.1259,7.188e-05,14532.8,1.04464,0xcc...5a25,https://etherscan.io/tx/0x698d7a7ee985cbb98054b4443ace1bca7cf0a570053e94b5f09b944b1bb074bf
2023-03-23 11:43:35,False,0.1265,7.219e-05,17155.1,1.23844,0x76...7d5e,https://etherscan.io/tx/0xac11338a2c213eacbbfced2eece1073c017f8a961c51cd9e733d8f6675c46b0d
2023-03-23 11:43:35,True,0.1274,7.271e-05,7862.39,0.5717,0x73...8c4d,https://etherscan.io/tx/0x0dd2ea6d45938a660ee05fb5f83679811bba1762b30fc07cc248568518965c21
2023-03-23 11:42:35,True,0.1273,7.263e-05,409.409,0.0297,0x09...53be,https://etherscan.io/tx/0x6256c7941d0bdb658eb412dd9fe4e49ba34dad5b838a47a0bca1bb563ed861e4
2023-03-23 11:42:23,False,0.1265,7.222e-05,2399.52,0.1732,0x43...24fe,https://etherscan.io/tx/0x311f6a818de2c5b8ea6f2902f128d875731d87403829181d44a861f8c61c054c
2023-03-23 11:40:47,False,0.1266,7.226e-05,2231.5,0.1612,0x7f...18eb,https://etherscan.io/tx/0xf05f69d6a99b5009ccff8477e5ca98563729ce49e81785e4e7c9ac1c55231ea7
2023-03-23 11:40:47,True,0.1273,7.267e-05,4594.43,0.3339,0x78...83de,https://etherscan.io/tx/0xb9975d68dd3ea3e0b497267c1bcb3af1876064df342984921213327a991a78d6
2023-03-23 11:39:59,True,0.1272,7.262e-05,1070.32,0.0777,0x39...1842,https://etherscan.io/tx/0x472290a90932381249dae9408b731b682b348cbbc2493d2d577e95618fcb459b
2023-03-23 11:39:11,True,0.1272,7.26e-05,623.2,0.0452,0x9f...78d4,https://etherscan.io/tx/0xad5dd95246bc6a3907bf2b659fb0f2f3ddcb5e7d8a7fbbb7fb40dc959f1bf0f7
2023-03-23 11:39:11,True,0.1271,7.254e-05,5933.66,0.4304,0x78...da59,https://etherscan.io/tx/0x1daac57ce2449c169ec25a3f3b96668a215c7244cefb87d820bb16adc2213708
2023-03-23 11:38:47,True,0.1267,7.232e-05,15771.4,1.14068,0x41...4442,https://etherscan.io/tx/0xbebd1dd2428c2ed6a2c168ed032d8a83a3f85de91411a067885551f1cd8809d2
2023-03-23 11:38:23,True,0.1264,7.217e-05,171.687,0.0123,0xf0...e954,https://etherscan.io/tx/0x4e5dfac233abd6a0a68639271703567285aab32cecf62bccd78413acbdf62cf1
2023-03-23 11:38:11,True,0.1264,7.216e-05,824.208,0.0594,0xe0...eed2,https://etherscan.io/tx/0x6f1071fbd22a99166c3d01e339d6f5d97c0cb01b2fa4111353b1cc759821c8c7
2023-03-23 11:37:47,True,0.1263,7.21e-05,5341.21,0.3851,0xcb...d8c6,https://etherscan.io/tx/0x9f003a336682694dfef02419d653d12ad146a936b1e671bbb8c67a49d741a089
2023-03-23 11:36:35,True,0.1263,7.204e-05,509.09,0.0366,0x7a...b332,https://etherscan.io/tx/0xf2ea8323d3f860c3d2a42340d021c0ee6f78c31635b33b9e7982b56d4cc0eb3e
2023-03-23 11:35:47,True,0.1263,7.203e-05,52.9083,0.0038,0xdb...aeda,https://etherscan.io/tx/0xe83dfb281c01d7d6534f1e574ce15575dccee02a87c8e2484b3b45116b670992
2023-03-23 11:35:11,True,0.1262,7.203e-05,126.756,0.0091,0x36...2465,https://etherscan.io/tx/0x7624f34e892c1bb8ef489e75f64a13a59e4bf2c3c4ee46b9ee2afeb7b87559e4
2023-03-23 11:34:59,True,0.1262,7.203e-05,770.574,0.0555,0xd8...f45e,https://etherscan.io/tx/0x54c86854cb081afb1f607b8236123bbda65a34bfd95f6d17c1dec7f00f6e28db
2023-03-23 11:34:47,True,0.1262,7.202e-05,798.264,0.0574,0x8b...143f,https://etherscan.io/tx/0x35087194a674c43c20bc4eef37fb7f9c8cb7448af80f6036f0a415e4348a4e46
2023-03-23 11:34:11,True,0.1261,7.2e-05,825.972,0.0594,0x00...8eb3,https://etherscan.io/tx/0xcfa8058b9116eb47ecde075cd945ce93d5456f65f051d821e3b28d14aecc5d2d
2023-03-23 11:33:11,True,0.1261,7.199e-05,137.68,0.0099,0xf7...7a52,https://etherscan.io/tx/0xcb3d61b79b06b2c43723d15f7d11a728895cdd69263b12b88437024b01aca02c
2023-03-23 11:33:11,True,0.1261,7.198e-05,735.909,0.0529,0x9f...78d4,https://etherscan.io/tx/0xe83d8bf510ea0bb0fa79da4a6ab30dab0194429307b5b28a09c0e2ac52f4f7c8
2023-03-23 11:32:35,True,0.126,7.191e-05,6952.82,0.5,0x91...33d1,https://etherscan.io/tx/0x1e692059ed54b509a000910c384c0e0b948f267c40a03d0cdf837346b6c491b6
2023-03-23 11:32:23,True,0.1258,7.182e-05,1932.07,0.1387,0xe8...bb04,https://etherscan.io/tx/0xde77112eb859c06146ac7e9a96b725ec79d70561ee31bbe8258239d543d5935c
2023-03-23 11:32:11,True,0.1258,7.18e-05,234.678,0.0168,0x13...eaa6,https://etherscan.io/tx/0x037334d1bb8e92d7a0a05246e6262cc0f69d17230f776167ffba987c94e917bd
2023-03-23 11:32:11,False,0.1251,7.139e-05,2536.43,0.1811,0x3f...bf80,https://etherscan.io/tx/0xc019b69e0afb25f620a1e55d8c4117636e11b022efeb40075f8984e7faf207f7
2023-03-23 11:31:47,True,0.1258,7.183e-05,1596.83,0.1147,0x9f...78d4,https://etherscan.io/tx/0x8b904226f557b4a1e6d5253e262e1a32ca5e74e1b333dda7b0dc93707a465b41
2023-03-23 11:31:11,False,0.1251,7.14e-05,841.5,0.06,0x27...bf82,https://etherscan.io/tx/0xe604e0fd0e8500345f1f2bd413ef972885f3c23a01655b197b51dd56a7cbfede
2023-03-23 11:29:59,True,0.1258,7.183e-05,317.377,0.0228,0x1b...982d,https://etherscan.io/tx/0x91e60e996629d66d392f52b5186dfef5c6d7e8ef4752e26f3a50e935aa40c3a5
2023-03-23 11:29:59,True,0.1258,7.183e-05,26.3594,0.0018,0x77...3813,https://etherscan.io/tx/0x2b1380b73779fb28f20c690abcf87d1653c464cbbf8486957fcb4dd07804d380
2023-03-23 11:29:23,True,0.1258,7.182e-05,761.29,0.0546,0xfe...8a6c,https://etherscan.io/tx/0xc11524472ec273065739757cd9f77077ac8a77dea4aac17883f8a5019e62fb04
2023-03-23 11:28:11,False,0.1251,7.14e-05,1726.32,0.1232,0x1c...d810,https://etherscan.io/tx/0xd26c74341dd3a0b0ec9bf24cec6bf5b0e76729237677a2fc4e1967a5ff40d2a7
2023-03-23 11:27:59,True,0.1258,7.184e-05,695.96,0.05,0x35...b5a6,https://etherscan.io/tx/0xa6236f8cd150b89770f62f0a73bae559af3790cf5e374b0583673036b64c0937
2023-03-23 11:27:35,False,0.1251,7.14e-05,274.122,0.0195,0x9a...6047,https://etherscan.io/tx/0x8d6af90e4ca35794e0724ff0ac57ccb449f7b8b8b1fbbb068b6da5e9455a8395
2023-03-23 11:26:47,False,0.1251,7.143e-05,2436.91,0.174,0x9e...c0bf,https://etherscan.io/tx/0x04bd6eb2e3c22cfd25d6795680d2e065fe9995ae9e8e8174f97292bf6cd9c87a
2023-03-23 11:25:59,True,0.1259,7.188e-05,166.372,0.0119,0xd3...c009,https://etherscan.io/tx/0x86ee0cb2d1d184eb69ddedb77bf1a38d67b384ddd83e39dec895867ce3e6f347
2023-03-23 11:20:47,True,0.1259,7.187e-05,910.201,0.0654,0xad...bab2,https://etherscan.io/tx/0xf71017370f318a211a3606bdd71be347d988ffde07b674ba691e50ad24a159c4
2023-03-23 11:20:35,True,0.1258,7.182e-05,4554.37,0.3271,0xe8...3c64,https://etherscan.io/tx/0x30f030020226a1c895c800db3d7f1cb96daf24d83853d663f39d5274c2c00ba2
2023-03-23 11:19:35,True,0.1256,7.164e-05,14057.3,1.00711,0xa6...636c,https://etherscan.io/tx/0xd43b170ed1249c37ec86d02cb67ded3c3e26d0e3e71b82394159d902a08308ba
2023-03-23 11:17:47,True,0.1254,7.148e-05,2476.53,0.177,0x7d...86f2,https://etherscan.io/tx/0x601c30251e4e17c554f2d2374a889cc2d04ed7fda32553e25bebbca51a7d26a1
2023-03-23 11:17:23,True,0.1254,7.145e-05,901.752,0.0644,0x04...9e6f,https://etherscan.io/tx/0x2dfb7cc7a0279404f9e830de465bfc4f110a50fcd097a9b06f8b05b15d103717
2023-03-23 11:17:11,True,0.1253,7.142e-05,1665.35,0.1189,0xc2...e9a3,https://etherscan.io/tx/0x3f87b1f6d8464490b23ef2286fa14086b31a80d5def842a02cbfc219e68e8aee
2023-03-23 11:16:23,True,0.1253,7.14e-05,462.146,0.033,0xf1...7a7d,https://etherscan.io/tx/0xc1a4608b29ab0dd844a1187be9c6440777c7243558b231d70387b49064501030
2023-03-23 11:15:59,True,0.1253,7.14e-05,1.38828,9.912e-06,0xb3...7c0f,https://etherscan.io/tx/0x180c505483944f3b2134596ce917bbb6f4d20147813e76d5ebf23886af2cb7df
2023-03-23 11:12:47,False,0.1247,7.098e-05,840.0,0.0596,0x61...f9be,https://etherscan.io/tx/0x05be32c36f65409932a9ee64c4187589def07b97e1b97e4d0491d1b9ad92316c
2023-03-23 11:12:47,True,0.1254,7.14e-05,1289.37,0.092,0x53...c87d,https://etherscan.io/tx/0x880e7190d50818ba20d4a4e547cd28991ffd0d28796bd790e3f0d625e4ba0038
2023-03-23 11:12:23,False,0.125,7.116e-05,20940.9,1.49027,0xe9...a86b,https://etherscan.io/tx/0xb2e608d98573e9e7f29934613501d4dea7d93f38205e716cb4a91c990ff894bc
2023-03-23 11:11:11,True,0.126,7.172e-05,6909.66,0.4956,0xe4...5a49,https://etherscan.io/tx/0x1b30948c50968b94f67d574974e58dd57269331942bf4eeca1db7f846b697ca3
2023-03-23 11:02:59,True,0.1257,7.164e-05,1815.53,0.13,0x22...ce7a,https://etherscan.io/tx/0xa72049cc337e0bfa4147165fab7be25c3d32481fc86f2857ec66a3a623890e0f
2023-03-23 11:02:11,True,0.1256,7.161e-05,1461.69,0.1046,0x4a...31ea,https://etherscan.io/tx/0x3078bbb6f30fd923a79c11b2af04db9bb55eadb424c88268bd12d3dfb0054cdc
2023-03-23 11:01:59,True,0.1256,7.159e-05,636.9,0.0456,0x65...c633,https://etherscan.io/tx/0x2b0efc0bfc24f520e8d485e1fb01bd6db6bfe46ef99797f785de52a196be8e3d
2023-03-23 11:00:35,True,0.1255,7.156e-05,2451.7,0.1754,0x53...e5dc,https://etherscan.io/tx/0x291a741139ed3bd778c4e5a43d9a07cb0dbc1350b834d083e2a9c01fba2d0253
2023-03-23 10:58:47,True,0.1255,7.152e-05,1608.82,0.115,0xdc...1b83,https://etherscan.io/tx/0x944dca186b7a3f7a030f3f8d041d11b136b49872d00ff3a58b037dfcc067e8e2
2023-03-23 10:58:23,True,0.1254,7.15e-05,824.203,0.0589,0x66...2bb7,https://etherscan.io/tx/0x2b4b0b1291cc5d3158364ab7d3caa7501940b7a9cdb8db814c4e339bad9b031d
2023-03-23 10:57:35,True,0.1253,7.146e-05,3030.77,0.2165,0x57...efc6,https://etherscan.io/tx/0x3b7e3131a56d8d25e6c66196538e7622d3ec97abccff2707d202e3e13b1e1735
2023-03-23 10:55:47,True,0.1253,7.142e-05,832.681,0.0594,0x1d...cd38,https://etherscan.io/tx/0x95229d56c0852e2f0e2db225c6478140d413da754e90a5c1efd2985f1cb7b22f
2023-03-23 10:53:59,True,0.1251,7.137e-05,4861.04,0.3469,0x53...cbda,https://etherscan.io/tx/0x2613f164448cd7474b9ea9420fb760f7e5786fc0dab628e2a442da6880d5a23a
2023-03-23 10:53:23,True,0.1249,7.129e-05,2805.15,0.2,0x3a...c183,https://etherscan.io/tx/0x765b4fe84c455701ccc46d6e7a5e0d636603459685d16a7b891522bf39ee7dc7
2023-03-23 10:52:47,True,0.1246,7.112e-05,15000.0,1.0669,0xf1...8e91,https://etherscan.io/tx/0x1aabd48c8b332bcff3acd34af8153b389a1f3b1f71acf32a3ea76a49edde68d0
2023-03-23 10:51:59,False,0.1238,7.065e-05,10000.0,0.7065,0x00...0c8e,https://etherscan.io/tx/0x65e427a71f5a76502316702a6fe8a0f41d5708307739477d8297b6f321d83416
2023-03-23 10:51:59,False,0.124,7.076e-05,1745.22,0.1235,0x1b...19ec,https://etherscan.io/tx/0x3ebe0f00fb0c1869ff37f11328659375b9f94fe92cf44b9c358dc4ee223c9fa8
2023-03-23 10:50:59,True,0.1247,7.12e-05,807.483,0.0574,0x47...294c,https://etherscan.io/tx/0xd09e960cdaf3e577a54438da2f32c1ac1ae6908b8233deb18fafb13dc34f134e
2023-03-23 10:49:47,True,0.1246,7.118e-05,603.87,0.0429,0x40...b960,https://etherscan.io/tx/0x029d1692d66e3eef71df20dfed01bc7f8ed07b48c3bf11e4ccbca02ad430972d
2023-03-23 10:49:35,False,0.124,7.085e-05,10617.6,0.7523,0x7f...025d,https://etherscan.io/tx/0xe4ff336157eae4bffff33a057b1606bb9292a7ccc901eaaf0b1a94d2e98f8537
2023-03-23 10:48:47,False,0.1244,7.109e-05,14112.8,1.00329,0xa9...26f4,https://etherscan.io/tx/0x626725485dd7a1525f37774ea8dcf473a37de81c91e2d13e03156e04925977d8
2023-03-23 10:48:23,False,0.1248,7.131e-05,8901.23,0.6347,0x3b...d918,https://etherscan.io/tx/0xd77af653181ed1eb73bea6a178f05a4ff5fbe75b396e601ee9407ff50f986c00
2023-03-23 10:47:35,True,0.1255,7.17e-05,12972.6,0.9301,0x39...81ec,https://etherscan.io/tx/0xd75ec10e065258baebdab0b701851df1a1fd4bc56d506530ffaf0acefa37a354
2023-03-23 10:46:47,False,0.1247,7.12e-05,6000.0,0.4272,0xc8...6d7e,https://etherscan.io/tx/0xa0fc876baf2d0aee8f08da47797015bea69917ecc2c5b8cfda6b979a6636a37e
2023-03-23 10:45:59,True,0.1255,7.168e-05,278.983,0.02,0x86...247f,https://etherscan.io/tx/0x227c9d8620546fe4aaafecb00d151f7786e90cf2d7af341fc7670beb2b9ee39d
2023-03-23 10:45:47,True,0.1255,7.168e-05,418.514,0.03,0xd9...3189,https://etherscan.io/tx/0xb8b400795f57a28f304354b26edce8e41a77f06990034a724f5c9bb13b9efe1a
2023-03-23 10:45:47,False,0.1248,7.125e-05,1000.0,0.0712,0x32...bdf6,https://etherscan.io/tx/0xb9f391ad449b75018597721174b9eb3aff966d51c59ce1853ef3fc7174c82409
2023-03-23 10:44:11,True,0.1253,7.158e-05,12077.3,0.8645,0xc6...fed0,https://etherscan.io/tx/0x6fd6062f5a35d37833fcfeef1f313ad69638ab52aaf1698d9aac35e36d3dadde
2023-03-23 10:43:59,True,0.1251,7.146e-05,35.5258,0.0025,0x5a...dc45,https://etherscan.io/tx/0xb23f5c802c8d9c3e18585f1b13ed3cf6548063a241afd633b1dd5e4b4917cac3
2023-03-23 10:43:59,False,0.1247,7.122e-05,20116.0,1.43283,0x52...8f3a,https://etherscan.io/tx/0x9819465895b40cb833e170254f086646fa294c33b67e8eafa6dd232777478cba
2023-03-23 10:43:35,True,0.1258,7.184e-05,581.592,0.0417,0x9b...9fdb,https://etherscan.io/tx/0x5afc15f4fa747a460b0272b7cd891da58b072d39d5097db8d8079e6ba26e95c5
2023-03-23 10:42:59,True,0.1258,7.183e-05,206.975,0.0148,0x50...18be,https://etherscan.io/tx/0xea2904c12addcbf8d4de54f18758315ce83b36bb44acd34efcbc577e6d2a810c
2023-03-23 10:41:11,True,0.1257,7.183e-05,198.812,0.0142,0x91...dc25,https://etherscan.io/tx/0x278a32a34dbde942974495967bc41363059291943e62468f14a476304d214539
2023-03-23 10:39:23,True,0.1257,7.182e-05,759.049,0.0545,0x13...43ac,https://etherscan.io/tx/0x0b3d8375d15fa3827a97661c5c76b4ebd8666cc7f73192f8ea4f9e9520218541
2023-03-23 10:37:11,True,0.1257,7.181e-05,153.169,0.011,0x79...014e,https://etherscan.io/tx/0xa917925d4418a93b22223e7416a8cbae847afd77c9be55a69ce47e68783bb145
2023-03-23 10:34:35,True,0.1257,7.181e-05,135.768,0.0097,0xbe...82f5,https://etherscan.io/tx/0xb2e248f11f0046c9a1c9d05226e9acac2bcb46c469409417effacf246d65a814
2023-03-23 10:33:47,False,0.125,7.14e-05,2818.69,0.2012,0x39...f580,https://etherscan.io/tx/0x8e07b17c246d1600f79590f8a16d668472c226f901519f320fd7e1fd96226822
2023-03-23 10:33:47,False,0.1253,7.161e-05,18257.6,1.30748,0x76...7d5e,https://etherscan.io/tx/0x08540f06a35eacd2d37be3b612bc67f5515e472a58c2d85defcc72b1416b3b39
2023-03-23 10:33:35,True,0.1275,7.286e-05,34035.9,2.47993,0x48...d333,https://etherscan.io/tx/0x2776e546759d1fb489e983ca3253771cafcf5c9a57b8854db2d231ae8f079f2d
2023-03-23 10:33:23,True,0.1248,7.131e-05,25240.6,1.8,0x5f...60d6,https://etherscan.io/tx/0xbaf2f36eb6287982051ff4439e9b4bfbdfe1efdb60b4b3bfc4ab06b00a617257
2023-03-23 10:32:23,True,0.1243,7.105e-05,2064.75,0.1467,0x52...33d8,https://etherscan.io/tx/0x0964a132cb38fb2278286676640a084b0dbb378afd740a6d79ce64f436fb8939
2023-03-23 10:31:59,False,0.1236,7.064e-05,3860.0,0.2726,0x44...74da,https://etherscan.io/tx/0x0fb32fc5a6e71eb494d14d67515512bb13ce75ed48b6d20446d974a6174233e3
2023-03-23 10:31:35,False,0.1239,7.078e-05,10630.0,0.7524,0xb5...8dc9,https://etherscan.io/tx/0x7395dd4c22ad20487bfc4642feaa5c0410a0a7b31b04ec363c6f63495d9383b4
2023-03-23 10:31:23,False,0.1241,7.088e-05,490.0,0.0347,0x9d...178f,https://etherscan.io/tx/0x12f8dec97d99a3375aa405cd34e3391d8142cbee5a927fd1ba270882e8bb5262
2023-03-23 10:30:47,True,0.1248,7.13e-05,1673.92,0.1193,0x9f...78d4,https://etherscan.io/tx/0xa63455440be53f6e7971b980e3aa0c39271c10df83a451a592982b29a30eb3a7
2023-03-23 10:30:23,True,0.1247,7.126e-05,2637.06,0.1879,0x63...8b8b,https://etherscan.io/tx/0xd9e0ad0f3470dccf7811964e075140fbd7432a0dc70941b512e1d633390f6c1a
2023-03-23 10:28:47,False,0.124,7.082e-05,1900.0,0.1345,0xef...bdba,https://etherscan.io/tx/0x1f5db9fbc511b22d49912686b0af00654440a7b07739fdbf9db72e089ce4bb71
2023-03-23 10:28:23,False,0.1241,7.088e-05,4000.0,0.2835,0xfc...5bc8,https://etherscan.io/tx/0x76ef788456a88596ebe89fd7c18fe55f72102e0144f3586a07f4ce40de55e3bf
2023-03-23 10:27:47,True,0.1249,7.134e-05,416.814,0.0297,0x10...4124,https://etherscan.io/tx/0x025e89dc1b03a70a052592dde76afad3ab73d919f6f3d8214a95173b7f7cb098
2023-03-23 10:27:23,True,0.1247,7.122e-05,11689.9,0.8326,0x54...b5c1,https://etherscan.io/tx/0x8c8cc8cec7d99624fed37f407cd4176f3aaebd8c29a50f03d4c549aa617e4fa4
2023-03-23 10:26:11,False,0.1239,7.077e-05,8661.07,0.6129,0x2d...25dc,https://etherscan.io/tx/0x23a0fa0d0bf67123c872f60de74ad67d37be4da0ef79b1da8d8d2d3321862a91
2023-03-23 10:24:47,True,0.1246,7.121e-05,7157.38,0.5097,0x4a...efb3,https://etherscan.io/tx/0x8627413a4ca7bb9d37aeafafa4a1d1cb48629c7c97badc6c6f18543146e8e4db
2023-03-23 10:24:23,False,0.1238,7.072e-05,100.0,0.007,0xdc...a8bb,https://etherscan.io/tx/0x15e8851d6ee9c760951ca6a740ac88ae085fab144702352bd997a53a41268980
2023-03-23 10:24:11,True,0.1244,7.108e-05,6972.79,0.4956,0xeb...2556,https://etherscan.io/tx/0xdd9b80a64eff1c7e5c200c84599b0ff64497407dc287c738d10a217f74aa1c5a
2023-03-23 10:23:59,True,0.1243,7.101e-05,15.8902,0.0011,0x52...d9fe,https://etherscan.io/tx/0xcea0e9a2782a784cb59d0cb9594b1fe3abe1ec5b634afebc86f5c50040a76dd0
2023-03-23 10:23:59,True,0.124,7.087e-05,14159.3,1.00358,0xea...56b1,https://etherscan.io/tx/0x785058c50acc32dcd1bf9186a222a697d1dd4ff8e523c156710487f26f523061
2023-03-23 10:23:11,False,0.1231,7.032e-05,30.0,0.0021,0xdc...a8bb,https://etherscan.io/tx/0x333771feaa52f25833c893f612b3fbe6f85c9868f600b785e7893acd61cdef43
2023-03-23 10:19:23,True,0.1238,7.074e-05,354.455,0.025,0x1d...5c8b,https://etherscan.io/tx/0xb1cee2a63d991628b99a6be664e9792c60740c718fc8774831c39aa74b682331
2023-03-23 10:17:35,True,0.1239,7.084e-05,27091.6,1.91919,0xed...1a74,https://etherscan.io/tx/0x8bc6040252bd4dd415f9c88569edcc6711051ed34119ac9175fd0b5c4de33eb4
2023-03-23 10:16:59,False,0.1221,6.98e-05,270.0,0.0188,0x84...4408,https://etherscan.io/tx/0xab05bc8aee122064efc1235b18636a796e632b3e3eb675e47f890ebdf92fd8f1
2023-03-23 10:16:35,True,0.1228,7.023e-05,239.944,0.0168,0x38...037e,https://etherscan.io/tx/0x4bdd39c11f860cbb1724eb571fb4462477a6cc057151410d5c436ed44c3b4202
2023-03-23 10:15:59,True,0.1228,7.022e-05,237.136,0.0166,0x0d...caa8,https://etherscan.io/tx/0xc2ba72ea6a548ebf10be56eb0209b1a52d48e7a49396f158944c793b126b5934
2023-03-23 10:14:11,False,0.1222,6.982e-05,2250.0,0.1571,0x53...a9d2,https://etherscan.io/tx/0xef86acb7f99331e770caec208e98c29acc07e242b6d5952cc0e7de1744d9d178
2023-03-23 10:13:11,True,0.123,7.027e-05,159.444,0.0112,0xdc...d46a,https://etherscan.io/tx/0x1b8cdc652787c44fcdaff5f2d36e1a5c270e539805cde5905a2e61b29e9b6257
2023-03-23 10:12:23,True,0.1229,7.019e-05,8117.13,0.5697,0x31...9620,https://etherscan.io/tx/0x3a38b776f662c21663bc6fcf1b15435c5094dc5750a6f48abd137c873bb018e0
2023-03-23 10:12:11,True,0.1227,7.011e-05,142.619,0.01,0x42...cf69,https://etherscan.io/tx/0xb341dd03fe3dd82836142be1b95d929067b304eabde44a334e35f4b529bba09b
2023-03-23 10:11:11,True,0.1227,7.01e-05,848.338,0.0594,0xba...b143,https://etherscan.io/tx/0x8e5dae73e08b014d83db322f225ec3ef1bd2af5eea850a88c6ff914e86b97ded
2023-03-23 10:10:35,True,0.1226,7.008e-05,1766.75,0.1238,0x59...e2e7,https://etherscan.io/tx/0x6bf5055522a4cf91770294b78aaecb2ff415ed6f8aec2000b7c7dc3e94f7895f
2023-03-23 10:09:59,True,0.1226,7.006e-05,281.171,0.0197,0x91...dc25,https://etherscan.io/tx/0x1a63884c6388513cc94ebd45bce8195ba1302ae94801a8aa0f03f8fd05f4e322
2023-03-23 10:09:35,True,0.1224,6.996e-05,10720.2,0.75,0x55...ce90,https://etherscan.io/tx/0xbd4882f57a07e288a05830627d6789aa22f98b94beaa440e9211c66c9a73cf7e
2023-03-23 10:09:23,True,0.1223,6.986e-05,50.2795,0.0035,0xb7...dbb2,https://etherscan.io/tx/0x31a029c168d281d9bc64ad766261f5e41731a54fd166afb75b4125605f1eb487
2023-03-23 10:09:23,False,0.1215,6.944e-05,450.0,0.0312,0xdc...a8bb,https://etherscan.io/tx/0x1f62a5487d8cdf58ac3eed7240b79a34c6c25992b2f24a5e43a5caf38798f185
2023-03-23 10:09:11,True,0.1223,6.986e-05,40.3629,0.0028,0x9f...7d65,https://etherscan.io/tx/0xa5124b502f4a3dad66a455c4aa4bee1c944eff67a206167b619cad2e92a395c5
2023-03-23 10:08:35,True,0.1223,6.985e-05,1316.44,0.0919,0xd6...95dd,https://etherscan.io/tx/0xddde2e5726d4002d0c6b8a3ad9323487fea90a09954b28da8f8cd2ff4f7ac0ef
2023-03-23 10:07:59,True,0.1222,6.983e-05,1049.42,0.0732,0x56...e0a7,https://etherscan.io/tx/0x6d83549f97bd351253925479a05defcc080a179bca40c0e869539d3c8d8455df
2023-03-23 10:03:11,False,0.1216,6.942e-05,1615.35,0.1121,0x2f...0b88,https://etherscan.io/tx/0xf3120cd7a3d9548ff8aa298e0b3324ac4f1dac56fc937cc6ea45168d3bad3fc0
