datetime,buy_order,price_USD,price_native,amount_token,total_native,maker,etherscan_url
2023-03-26 07:16:35,True,0.08777,5.02e-05,2958.7,0.1485,0x35...f7bb,https://etherscan.io/tx/0x7bcc00048c45e297de62fdc291301312cb8c07e4289ab4614dad1bdd42d476c5
2023-03-26 07:16:11,True,0.0877,5.016e-05,3816.21,0.1914,0xc1...5fdd,https://etherscan.io/tx/0x078648a6c0d1ba1f74f5ef1e99e89d56a83b16cf23dc62ae443f09215da9788b
2023-03-26 07:11:11,True,0.08761,5.012e-05,3559.81,0.1784,0x55...7c4d,https://etherscan.io/tx/0xd850f800a5dffb2c7fcb66802613d9206a4495bf93b4a489a48899f9d18db6c8
2023-03-26 07:06:11,True,0.08755,5.008e-05,2315.79,0.116,0xbf...9a66,https://etherscan.io/tx/0xf80ac553efc80805e8ba7456326e0b68634a495c01845087810a25b3550bb8db
2023-03-26 07:04:11,True,0.08752,5.007e-05,999.757,0.05,0x7d...7e4c,https://etherscan.io/tx/0x1f32406cf58e5405a1897f82f3936bcd5f5fe29a2f9c929e1bfb3f40be1bc918
2023-03-26 07:03:23,True,0.08751,5.006e-05,223.739,0.0112,0x13...ff31,https://etherscan.io/tx/0x87b32c09275f0bce4aa5cb61f10922a4f3da168422367cfaa55766a2f8252b4b
2023-03-26 07:00:59,True,0.0875,5.006e-05,5.1481,2.577e-05,0x66...2add,https://etherscan.io/tx/0x2e62642a54ce1b56059d8759aafe1c6f1aff478cc64668addc24b4a33390a4e5
2023-03-26 07:00:35,True,0.08749,5.005e-05,1118.34,0.0559,0xbf...9a66,https://etherscan.io/tx/0x7d7edc36f13dd52d8e40205fd4c87764f5ce819ce206f531c8d6c32e5e13d575
2023-03-26 07:00:11,True,0.08745,5.004e-05,1190.85,0.0595,0x91...dc25,https://etherscan.io/tx/0x42eb01cde8d02dc608230df3aa73577ef2d97ef5ea5b4300e074a66e73d05074
2023-03-26 06:59:59,True,0.08725,4.994e-05,16409.0,0.8195,0x66...95e6,https://etherscan.io/tx/0x7227a44d98c414d0a15fa3e5002ec06d51330b335caa08da1c80a1fb3ffd8da1
2023-03-26 06:59:47,False,0.08658,4.955e-05,518.0,0.0256,0xfa...18e4,https://etherscan.io/tx/0x93e61da7309b692888ee32f6bc9fb84b6b49c10ff7d76fb29900da50d0f7e363
2023-03-26 06:59:11,False,0.0866,4.957e-05,2073.94,0.1028,0xe4...dad6,https://etherscan.io/tx/0xe303ef5e416772bef4468f39b5e1d09104554dc0741662b9a542a0ba5bdef3e3
2023-03-26 06:54:23,True,0.08703,4.981e-05,11401.4,0.5679,0x67...7140,https://etherscan.io/tx/0x801a3de9c799a6e435eb06f8d70bf7b2384d4e654ef3a04238ed9cdaba3a7e53
2023-03-26 06:54:11,True,0.08692,4.975e-05,432.457,0.0215,0xaf...3b17,https://etherscan.io/tx/0x5257a76bf326260fc4dfae30a115197c12990ce7ce01a37b04b38c3985f044aa
2023-03-26 06:51:11,False,0.08646,4.947e-05,4956.25,0.2452,0x79...d3a9,https://etherscan.io/tx/0x92c78b1d6178fc8b418f59ab85c821b5513a9f6baeefadcca333c5701ec8aeb1
2023-03-26 06:49:47,False,0.0866,4.956e-05,9912.5,0.4912,0x79...d3a9,https://etherscan.io/tx/0x5e4c1da6b4edf3a4fc527ed5c499979116365ac5ea27e2299cb16e8a8c782cf2
2023-03-26 06:48:47,True,0.0872,4.989e-05,3276.93,0.1635,0x4c...9ae9,https://etherscan.io/tx/0xb2f4b86da74c0e3b7d3dbaa6c712c3328dbd8f175ab4a24e887663921f8ad323
2023-03-26 06:40:11,False,0.08671,4.961e-05,6449.67,0.32,0xbc...bd09,https://etherscan.io/tx/0x1de3c3532671a6159483d261db69928aee838387610a51e9f4b9efdff9c1796f
2023-03-26 06:34:59,False,0.08705,4.98e-05,27588.1,1.37402,0x17...acd8,https://etherscan.io/tx/0x76018dd79e651dbc60228fdb7729b3564f5e7bf42208c05d10fc34818cb34003
2023-03-26 06:26:59,False,0.08753,5.007e-05,20594.2,1.03125,0xd2...92ae,https://etherscan.io/tx/0xe2f01867da1abe3d1c89d2f33ddab080da73230f71fb4125e8344f01c029e877
2023-03-26 06:26:11,True,0.08827,5.048e-05,958.888,0.0484,0x13...85c6,https://etherscan.io/tx/0x9907da8007b748c07dbdf5e57c13a3d0d77ca448cd3510cdc813c545815ce3ba
2023-03-26 06:23:23,True,0.08822,5.045e-05,4911.66,0.2478,0x8a...0d03,https://etherscan.io/tx/0x72172c88492269bdc03a56989eaa7ca4e87f0acc1807ae265401ea74a0313d24
2023-03-26 06:19:47,True,0.08813,5.04e-05,4335.08,0.2184,0x84...8bf6,https://etherscan.io/tx/0x4ee6308b4201fcaee058158ce534dbfc3d7196b303041680ffea75a1901ba038
2023-03-26 06:16:35,True,0.08804,5.036e-05,2361.84,0.1189,0x0a...c287,https://etherscan.io/tx/0xc597f5c79c3cdd3e0be4093d1acade9882cbc3b56260fd34ea7391612f87f0e7
2023-03-26 06:15:23,True,0.08802,5.034e-05,591.64,0.0297,0x23...51b2,https://etherscan.io/tx/0x3a8e215891663af9aedb2a897ceae0b81f4dc60492901f7d873d5fd9e2350b23
2023-03-26 06:10:59,True,0.08768,5.015e-05,34158.0,1.71303,0xc9...27b6,https://etherscan.io/tx/0xa3a8a2211d3471af270b2b27ce3858eaaa046e790b6c96aa2dbe60492aba269f
2023-03-26 06:09:23,False,0.08686,4.967e-05,3421.6,0.1699,0xd7...a3b2,https://etherscan.io/tx/0x856bb0da93da9a256db782de4616415d209f186fe58fee959c1ac8f712d96879
2023-03-26 06:08:47,False,0.08692,4.971e-05,2571.51,0.1278,0xd7...a3b2,https://etherscan.io/tx/0x23372ebfa0fcc2ef3841469e08c428b291debf36ea01233fda41cd132a03cb9f
2023-03-26 06:08:47,True,0.08722,4.988e-05,24558.6,1.22516,0xc9...27b6,https://etherscan.io/tx/0xcc523bde55f80c7a16006784bbf022a0a1c08d5efacdf417487aba90e9b7b612
2023-03-26 06:04:59,True,0.08814,5.038e-05,39474.3,1.98909,0x55...1919,https://etherscan.io/tx/0x57c3f612444e4d8f81af6ca1b5aa4acf794f1e19b9b6f9a47813a32528750906
2023-03-26 05:56:35,True,0.0861,4.919e-05,20356.5,1.00152,0x92...47e4,https://etherscan.io/tx/0xdf2d781928ae26c7d0ccc09ca5a8202c23e64ac1c4b5100b34edfcea8c45328a
2023-03-26 05:54:59,True,0.08589,4.908e-05,1018.7,0.05,0xa8...ecc6,https://etherscan.io/tx/0x461a9e795bb49c573820662e07dbb58bbb48341b9f6fd98573faae26f4044b7a
2023-03-26 05:48:47,True,0.08589,4.907e-05,1232.94,0.0605,0xcf...d03f,https://etherscan.io/tx/0x9b3a137373b99eb78998524cf24e958a0ba71448030c636b48f644a7b31ab5e5
2023-03-26 05:47:47,True,0.08586,4.905e-05,1515.52,0.0743,0xa3...7524,https://etherscan.io/tx/0xad6eb21b089edf1e9310bcb514c117eeba876a1f47a834b882efad7fc531c94d
2023-03-26 05:46:47,True,0.08581,4.902e-05,4043.9,0.1982,0x2a...06b1,https://etherscan.io/tx/0x1275e22c27db1b5bc2652341f059932c270ee1bfd547a21269028e9856f58f86
2023-03-26 05:45:47,True,0.08572,4.899e-05,1742.39,0.0853,0xf1...aee3,https://etherscan.io/tx/0xa4c6f38781c806b35fabe2cec7bebfec74e3f15dbe9d4503b6438cffa1956938
2023-03-26 05:39:47,True,0.08568,4.898e-05,113.51,0.0055,0xb7...528f,https://etherscan.io/tx/0x4e72b2737b7a696b25ca0c609b80cf52f3ada0e4e04b6c16ae8373a914edb0ee
2023-03-26 05:37:35,True,0.08567,4.897e-05,1133.41,0.0555,0xab...d29c,https://etherscan.io/tx/0x8d8c88c74c3047ed4e7e94b6222f550dbce08df3d4cd9da7435325abbf4b8ca0
2023-03-26 05:33:23,True,0.08574,4.896e-05,115.31,0.0056,0x75...900e,https://etherscan.io/tx/0x1c9afdf524fc0ac07cc935db8a6737f976602eb485822bebb082d9f4cd599bae
2023-03-26 05:29:11,True,0.08576,4.895e-05,3037.41,0.1486,0xd8...25c4,https://etherscan.io/tx/0x4e8b8bf6aa36b3e67360ca3beee050da5fbfe139bfd17f2e4c3743aca9088109
2023-03-26 05:28:47,False,0.08529,4.865e-05,3000.0,0.1459,0x35...f829,https://etherscan.io/tx/0x9bb2b9c0d2f02bea394850fe670e727007dcbf73581113e2bc22166388dde1cd
2023-03-26 05:17:35,True,0.08584,4.896e-05,513.183,0.0251,0xf7...820a,https://etherscan.io/tx/0xd03b5eaf7a0f27555e19e6a3511b15985a3d4402e39283c0fa662537e4214be9
2023-03-26 05:16:59,True,0.08582,4.895e-05,2227.51,0.109,0xe7...f66c,https://etherscan.io/tx/0x38d8b52064b31123a56e74329522d8cf9d16c216feb0dc01989b31b0cb554f76
2023-03-26 05:15:35,True,0.08575,4.893e-05,202.555,0.0099,0xed...89a0,https://etherscan.io/tx/0xbfe5f547def1004c4d22ff267eaa453af4dc473087fdd08bbf94b2e6ae61a6bb
2023-03-26 05:10:35,True,0.08569,4.891e-05,3242.13,0.1586,0xa6...df6b,https://etherscan.io/tx/0x6b2a9a0aa145a8e4dab514632b4e778c1b28d2f393d604aa318a67c038e0ad00
2023-03-26 05:03:11,False,0.0852,4.861e-05,500.0,0.0243,0x15...1a7c,https://etherscan.io/tx/0x896b3c4836dc8d3d54329a796e87c127483141be06c2282b1b4fd56c482f2876
2023-03-26 05:02:59,True,0.08571,4.89e-05,540.375,0.0264,0xb3...18b5,https://etherscan.io/tx/0x37efc5bd5ea80f7bd621bcca52d85cb60faa5dd1fddc180286b126c8367df416
2023-03-26 05:01:59,True,0.0857,4.889e-05,1013.65,0.0495,0x91...1d4c,https://etherscan.io/tx/0xfcb1f11d4cd23fca7f1fe31cd7ff752424baab89b7efca1972f5f1b425f9b23a
2023-03-26 05:01:35,True,0.08568,4.888e-05,1196.4,0.0584,0xff...a4d9,https://etherscan.io/tx/0x6b23893edd7f369b337edbc2c8aaada3dd4bfc6420fd56629090a63b6f7c1a31
2023-03-26 05:01:11,True,0.08562,4.885e-05,4870.01,0.2379,0x34...36e9,https://etherscan.io/tx/0x7ed366861cf83bb5f25ee4c482b16afd88015578557528861f0d4bf6e93f3ec8
2023-03-26 05:00:23,False,0.08507,4.853e-05,900.0,0.0436,0x85...c5b9,https://etherscan.io/tx/0x0d7ba05e53b894b4343ac62c3c2c3e10785e4dc4e4cc5eb6e5cbbbf40efac4c1
2023-03-26 04:55:11,False,0.08504,4.854e-05,890.0,0.0432,0x5e...9c07,https://etherscan.io/tx/0xc1288b0f99922a1ba32ed54a88399c1a71a4bb07e868313b42d1e06421c990f6
2023-03-26 04:54:23,True,0.08556,4.884e-05,507.394,0.0247,0xb2...bc86,https://etherscan.io/tx/0xd59a6020ad48b3cd6eb9ecb45bda4ab69b6e6f19c955e1c00c72c93460a5f9c0
2023-03-26 04:50:47,False,0.08506,4.855e-05,1000.0,0.0485,0x61...853e,https://etherscan.io/tx/0x8291c16b6de624a730adadffa5bd5f4d0644484c62127096d4cf5bd4cf0d3347
2023-03-26 04:49:59,True,0.08537,4.873e-05,21847.6,1.06463,0x8b...dc77,https://etherscan.io/tx/0x7ded19dd4d7c2de1a77e1835d16d8a099f117fe3116409ac1f2b69ac8d7b0cd0
2023-03-26 04:48:47,False,0.08467,4.833e-05,2000.0,0.0966,0x61...853e,https://etherscan.io/tx/0x065564208dc059d1adbe8f0916abd5bb1fc5a5526b4820049238824823c816d5
2023-03-26 04:48:11,False,0.08473,4.836e-05,4683.53,0.2265,0x90...f770,https://etherscan.io/tx/0x47209d228f4620ba42b31a2666c49cfe2df65b3cd5723040fb8d6b6c212c3d76
2023-03-26 04:48:11,False,0.08478,4.839e-05,580.0,0.028,0x15...1a7c,https://etherscan.io/tx/0x80e348f07a82061ddc327fae0a0e4744b3ed2b1256b05b86d1516d575613d193
2023-03-26 04:46:35,True,0.08527,4.868e-05,534.019,0.026,0xd3...c1cc,https://etherscan.io/tx/0x3a6e47684e57d88e15be66c6b48a74552f926dd9ed76cfec5ac63ed9aa7c976a
2023-03-26 04:46:35,True,0.08522,4.866e-05,4520.23,0.2199,0xb8...9561,https://etherscan.io/tx/0x6de1fda65df5c18b8c86c99f4278b920dfc156df4771bd67989430c4c0e14472
2023-03-26 04:41:23,True,0.08522,4.862e-05,1508.45,0.0733,0x61...7183,https://etherscan.io/tx/0xd5116a7c832658ea2235ffdfdaa16988b5539f7176d43b3dfb3bb60770bdf367
2023-03-26 04:40:59,True,0.0852,4.861e-05,185.533,0.009,0x3e...ca8d,https://etherscan.io/tx/0x7ce0742a27539dd243bbc58893a7a5f785dec3c6c475ed409fdc28e46b34b6aa
2023-03-26 04:40:35,True,0.08519,4.86e-05,2224.58,0.1081,0x8d...a09e,https://etherscan.io/tx/0x55e0b37634607877c7159489a4bee900de824b933407bd2055178bf41ad04c1c
2023-03-26 04:39:23,False,0.08468,4.831e-05,2404.93,0.1161,0x7f...18eb,https://etherscan.io/tx/0x1d2d6ffb9aaf8c1a5897b7832b7b58bbde0eafad5f884497788c53f3ca0acb61
2023-03-26 04:39:23,True,0.08521,4.861e-05,560.703,0.0272,0x8d...a09e,https://etherscan.io/tx/0x5d34db5fac452e415aed967833f5ac501c72071573430051b268f99bcff7478d
2023-03-26 04:36:59,True,0.08519,4.86e-05,1631.53,0.0793,0x90...8d00,https://etherscan.io/tx/0xcaaf51abead0fc83c30a565a52ea8ea779539f106377133a55b8c76bbef8688b
2023-03-26 04:32:23,True,0.08512,4.859e-05,1060.81,0.0515,0xab...501c,https://etherscan.io/tx/0x64603f313d4804a74c275770932b06120a22bc24d5285a6531538d20c9dea236
2023-03-26 04:31:35,True,0.0851,4.858e-05,460.794,0.0223,0xb0...aac8,https://etherscan.io/tx/0x1906df46c8ceed37b91493a2353e946c939335f5d61c290748e819bcf428dd8f
2023-03-26 04:27:59,True,0.08489,4.846e-05,21270.9,1.0309,0xa9...69af,https://etherscan.io/tx/0x9ab0e3f2b210aaa39ce6bebb951f12a973c11af0348eff71b3ac9eeb1a66516e
2023-03-26 04:24:59,True,0.08466,4.833e-05,3896.85,0.1883,0x58...dc2c,https://etherscan.io/tx/0x7b0a8336707eb5bb53b21a054870d5873da01350eb785bd0304135f47660aed1
2023-03-26 04:21:23,True,0.0846,4.829e-05,2502.62,0.1208,0x78...c1b3,https://etherscan.io/tx/0x59ff907f83fe94c2c90e054441a33b36ff77ee799a4339c56da554add93f5a34
2023-03-26 04:21:11,True,0.08457,4.828e-05,58.4565,0.0028,0xf4...e44d,https://etherscan.io/tx/0x2494561d42dc21f24fa015cda7c9956546c0f106000afc4bfce3320e4fc50ca2
2023-03-26 04:17:59,True,0.08455,4.828e-05,102.652,0.0049,0x72...7c69,https://etherscan.io/tx/0x9cba397bc312f1bb9662675265cce02fbdb06835759aeaa74af5f830cbbbaace
2023-03-26 04:16:47,True,0.08449,4.824e-05,7087.76,0.3419,0x4e...deee,https://etherscan.io/tx/0x83a110e2a0feefb960a3d91f21d651ff9056092085aabc6dd823975456d2d68e
2023-03-26 04:15:59,True,0.08441,4.82e-05,575.793,0.0277,0x1f...36b1,https://etherscan.io/tx/0x16d5b45b74cb8da90341fb6e7e10dbf385afb09556d3f83435d03a8c636c0295
2023-03-26 04:15:35,False,0.08405,4.8e-05,16758.4,0.8044,0xc9...27b6,https://etherscan.io/tx/0x1a12a9c836cbd13ae90bbe795ca8929e93b7c7071824192b1c81a6b704317ef6
2023-03-26 04:14:47,True,0.0847,4.837e-05,1170.11,0.0566,0xfa...da14,https://etherscan.io/tx/0x52706db1025275076a8dd7244d5e4d50529cbd559b2ae9a4567cf93c6b1269c9
2023-03-26 04:13:47,False,0.08419,4.807e-05,621.052,0.0298,0xe5...8408,https://etherscan.io/tx/0x53fb148149907bde1b79d85ca3619a4639decea8398e35579224e91a784a9cde
2023-03-26 04:09:59,True,0.08466,4.833e-05,6206.16,0.3,0x80...c882,https://etherscan.io/tx/0x68410e8a2d460ab4d06e8a2d097c7a5583b26aed1ffbf873c7eabfcd2754c3f9
2023-03-26 04:08:47,True,0.08456,4.827e-05,5132.97,0.2478,0x0e...fb7d,https://etherscan.io/tx/0x02731edb10252e5b44d8ac94043c730f7a6a56fed5a001a0706cb9c4b0ab3ed2
2023-03-26 04:07:47,False,0.08407,4.799e-05,6505.16,0.3122,0x4e...3ac3,https://etherscan.io/tx/0x800dcb24235ec480084d6d24caa49a0ee88bcc6f370d854ff58b7038d1ca348c
2023-03-26 04:05:11,True,0.08459,4.829e-05,5648.98,0.2727,0x22...4252,https://etherscan.io/tx/0x37ba093e2951b3c54b9888620a6bfc8a663f8db2d642e4381174f084b88b23d2
2023-03-26 04:04:59,True,0.08449,4.823e-05,4975.77,0.24,0x7b...e0c8,https://etherscan.io/tx/0xcc477d525e4fc7e9be3ffa55cf0b26fc04f508b3a249119481d6083f050d43b8
2023-03-26 04:02:23,False,0.08402,4.796e-05,9049.0,0.434,0x26...de0e,https://etherscan.io/tx/0x7ab6a42bcf39989543255770e7a821207509c6e9e1b1b5fce885bd57ca227f73
2023-03-26 03:56:47,True,0.08456,4.829e-05,1210.92,0.0584,0x13...ff31,https://etherscan.io/tx/0x0565c5ef54c301a0a3381a594c9280eba893039f8f34b03ebc4992f65f28a46c
2023-03-26 03:53:11,True,0.08455,4.828e-05,505.505,0.0244,0x42...cf69,https://etherscan.io/tx/0x1447bff24b7ed1878f59b03b55466340c96a7fc0b924413839b047a3ab764f04
2023-03-26 03:51:11,False,0.08405,4.8e-05,1639.84,0.0787,0x00...0906,https://etherscan.io/tx/0x56a1b5658bd911cd401816f50619439f3fd54f15137eea2fbb9bae50ae925b54
2023-03-26 03:50:59,True,0.08457,4.83e-05,513.072,0.0247,0xf2...1065,https://etherscan.io/tx/0x46304cd92250bb8ddd635355a970ac99a06d1d391fd46ccc73f50679d26fafdb
2023-03-26 03:47:59,False,0.08416,4.802e-05,3554.0,0.1706,0x00...6bba,https://etherscan.io/tx/0xe7a86b4823a228757f5e4ff8df32e189a1b93e3662e6cbf016a2d457da41f405
2023-03-26 03:46:47,False,0.08431,4.806e-05,3944.06,0.1895,0xe4...53d4,https://etherscan.io/tx/0xe69822f758e15b3a605e093078380affc637966226725267012aafb89bd1bafd
2023-03-26 03:46:35,False,0.08446,4.815e-05,13604.1,0.6551,0x79...0fa0,https://etherscan.io/tx/0x14c4766aead9fae7c065784cb40841657e0f84f5d880ef1c2595672eb5083035
2023-03-26 03:46:35,True,0.08445,4.815e-05,68834.1,3.3147,0x51...b21a,https://etherscan.io/tx/0x3dccb4def5acf76af7e62c8ee7f2cd78e95f8a9735e307686c79c38bf18d8d79
2023-03-26 03:45:23,True,0.0838,4.778e-05,705.253,0.0337,0x94...72c3,https://etherscan.io/tx/0xf2be7c805a854e717d0434b4b9643a7d297e41485f53697c88ac85053f3be8dc
2023-03-26 03:41:59,True,0.08371,4.777e-05,1039.88,0.0496,0xb9...b01d,https://etherscan.io/tx/0x2471eee71b5424a2b320c5f4899a8e97bce21512c72eba6d0f46139f14ee6c54
2023-03-26 03:40:23,True,0.08363,4.774e-05,5000.0,0.2387,0x70...fb84,https://etherscan.io/tx/0x0301a9789eae84c8c2123488badd39a8ecb978f65fbae5f6c648df93a8808f06
2023-03-26 03:34:11,True,0.08361,4.771e-05,1184.16,0.0565,0x5a...481c,https://etherscan.io/tx/0x110b9a69d41a0ac5106234ad1ad47e92a3db20f6610311dbbd4dbc4cb6a79537
2023-03-26 03:31:11,True,0.08326,4.754e-05,32034.1,1.52294,0x67...fcb6,https://etherscan.io/tx/0x79b29b109e2ae89604579ea366dc0a27b18e49d0bbea86f43c74f6d312483bfb
2023-03-26 03:30:35,True,0.08286,4.731e-05,12018.5,0.5686,0xc0...9156,https://etherscan.io/tx/0x35f68fc8d0a3ab59647ef54ccf192e584a0e4b79358d1ed0d5a6ad3005a7bc32
2023-03-26 03:27:23,False,0.08235,4.702e-05,11622.4,0.5465,0x8d...7e4e,https://etherscan.io/tx/0x1568ee39977c3e7346e34f086617c195161202f9a70272bfe132e7d4723ebb3e
2023-03-26 03:26:47,True,0.08289,4.733e-05,6072.43,0.2874,0x8d...1652,https://etherscan.io/tx/0xc9310b4a0f548a39f79569e515d1f6cc27a030542877beebdd6befdf1b3a0009
2023-03-26 03:26:11,True,0.08284,4.73e-05,209.538,0.0099,0x92...fc5c,https://etherscan.io/tx/0xdf604aa509d5d5b16e9ee8498ede40c9a369d511b347f23b5ed43e93e08a1120
2023-03-26 03:25:11,False,0.08261,4.719e-05,33788.7,1.59469,0x15...1162,https://etherscan.io/tx/0xe5219e9f77c4db4a30220aab2109f132b85a8bbd0aa95c895d9d1d0707957150
2023-03-26 03:25:11,True,0.08281,4.73e-05,66891.3,3.1645,0xa5...bf62,https://etherscan.io/tx/0x7141a79319da66024f02f0ac252c2b6d39233ac42140ec59086eab01d2d61e0e
2023-03-26 03:23:59,True,0.08211,4.691e-05,10018.5,0.47,0x82...82f9,https://etherscan.io/tx/0xc2316e99d41fb5f003675983fe1082f26fa186fce0ba68c607964fc84e762203
2023-03-26 03:23:47,True,0.08198,4.683e-05,5230.65,0.2449,0x70...3b09,https://etherscan.io/tx/0xfb5dd59a6e83cab2bd88e27c2cf3c1071fa107f2c5e6af9f0f5bce08134058f7
2023-03-26 03:23:35,True,0.08173,4.67e-05,21413.3,1.0,0x7b...3cf1,https://etherscan.io/tx/0x623e865ad0a7e8e573216c15c5bf967ae1af970536617605a28271fd7c00c50e
2023-03-26 03:23:35,True,0.08152,4.657e-05,3220.58,0.15,0x75...7542,https://etherscan.io/tx/0xbc8ffdb1ad927f291b0d6cb9023497cab083a7a42a9ef59732a79c8b0a4738d5
2023-03-26 03:20:59,True,0.08139,4.655e-05,121.568,0.0056,0x5a...b541,https://etherscan.io/tx/0xe19cb9fa9d397de4c3b8daf5a0ab1bb666bf524a826a5f42984d63144005a2f5
2023-03-26 03:17:35,True,0.08141,4.655e-05,1277.62,0.0594,0x1b...f05e,https://etherscan.io/tx/0x2034d2f44b9ba65cf68c9a5262b17f3b138c5c12ada8780d9df699dfb3c4df52
2023-03-26 03:16:11,True,0.08138,4.653e-05,1654.61,0.077,0xc2...13bd,https://etherscan.io/tx/0x0e68710150c059c8ec6a3fc1c1580ac93ae60049b406aa2c224a1797d9bd9e9e
2023-03-26 03:15:23,True,0.08139,4.652e-05,886.115,0.0412,0x46...978d,https://etherscan.io/tx/0xcc512ee35625b8d69970116f1d4f4fd62fed821981f41fc7e1c87f26442ff771
2023-03-26 03:13:59,False,0.0809,4.624e-05,537.756,0.0248,0x93...454d,https://etherscan.io/tx/0x277e8426b398a65c24c56242a53d7681782b3abd61400efb65de54934bd04ebd
2023-03-26 03:13:23,False,0.08097,4.625e-05,1456.0,0.0673,0x40...88b6,https://etherscan.io/tx/0xfb2e530593423fee299a1aed1cc9536ff32465b790d56371b3f5edd3b15df7bd
2023-03-26 03:09:59,False,0.08101,4.627e-05,2995.74,0.1386,0xfa...bef0,https://etherscan.io/tx/0xecbcd42105adfca400c8411afbfca1ecbe536c3423c62d61e6fe8c3093341fba
2023-03-26 03:08:59,True,0.08151,4.656e-05,1436.78,0.0669,0xe7...337d,https://etherscan.io/tx/0x31647ea891754cc1fb64813f35de7af6ed3e09b150ab28b4af1d6d1f3ab4ea7e
2023-03-26 03:08:11,True,0.08148,4.654e-05,1309.64,0.0609,0xc6...3ad7,https://etherscan.io/tx/0xd6b69e5de3a673d2ed9b3a7061343f885310bfde27268224cc3be740cf4ade7f
2023-03-26 03:07:47,True,0.08146,4.654e-05,206.156,0.0095,0x4e...1240,https://etherscan.io/tx/0x1b7a4c28accd7fb36160944d98f608fc768d4125f5784265324301fa23aebece
2023-03-26 03:07:23,True,0.08125,4.642e-05,23536.0,1.09257,0x68...ad9b,https://etherscan.io/tx/0x1b9eedbd7fc3c419ad0c3bd1bb5754967e9e3a57f483bc66f8bd845ec0692c86
2023-03-26 03:04:11,True,0.08073,4.614e-05,31421.7,1.45,0xdd...ff57,https://etherscan.io/tx/0x023921a499339a5804a9ee04cdd7f66fd944f9277ffdd701e2123bfab27f1e07
2023-03-26 03:04:11,True,0.08046,4.598e-05,220.9,0.0101,0x16...ad95,https://etherscan.io/tx/0x0505a1e26c523bab9d6df01815d367996d186a8fb1470159d1572c1bf45bd4d4
2023-03-26 03:03:11,True,0.08051,4.597e-05,2418.37,0.1111,0x91...dc25,https://etherscan.io/tx/0x700957781c01b5ff924b35bb1b541f3e809465b5e5d5b7b938f879b6b0da042c
2023-03-26 03:02:59,False,0.08011,4.575e-05,12500.0,0.5718,0xad...dabb,https://etherscan.io/tx/0x12c4d9368315447827a75325f6bb7f0ae7d4c2c925e808e0deae5d1fd4bb6e1d
2023-03-26 03:02:47,True,0.08048,4.595e-05,26116.7,1.20028,0x1f...8bb1,https://etherscan.io/tx/0xa6e24ab7077475d98cef1436199442036ce0014c1cb34535e3f0cbd3f64511bc
2023-03-26 03:01:47,True,0.08026,4.582e-05,1242.86,0.0569,0xfe...04b5,https://etherscan.io/tx/0x5eee9600ec75f7b00824e269c83e087ebbabf63d3ac306351bbdefb6f73b7f49
2023-03-26 01:59:47,True,0.08017,4.577e-05,9333.92,0.4272,0x0a...7e3f,https://etherscan.io/tx/0x83ac33c3c877d3a1f8bea1081be5fb5e815b4051e22a0b476de9d674e419d051
2023-03-26 01:57:23,False,0.07985,4.554e-05,18697.6,0.8515,0xf3...2c13,https://etherscan.io/tx/0xe7d5de054ee8fb46da11e0939d415ad1f0f71167e79ec6a4fdd1a23e57740ba5
2023-03-26 01:56:23,True,0.08038,4.582e-05,17458.5,0.8,0xd5...9477,https://etherscan.io/tx/0x3b7f5b41cf063c5d3a7fcbf75615da2af91baeef614b09dfce789a24a004804f
2023-03-26 01:56:11,True,0.08015,4.569e-05,9149.91,0.418,0x1c...d810,https://etherscan.io/tx/0x3793cc7240a703279d06efec796e7444ce64b03471327c093d2acd99ff4e6d1d
2023-03-26 01:55:59,True,0.08006,4.564e-05,848.085,0.0387,0x76...7d5e,https://etherscan.io/tx/0x33a77e7c9096194e3e20ffe3337bdee7baeb482b983fdfbcf8ac0d38f91158e4
2023-03-26 01:55:59,True,0.08002,4.562e-05,3724.54,0.1699,0x76...7d5e,https://etherscan.io/tx/0x33a77e7c9096194e3e20ffe3337bdee7baeb482b983fdfbcf8ac0d38f91158e4
2023-03-26 01:55:59,True,0.07988,4.554e-05,12902.5,0.5875,0x76...7d5e,https://etherscan.io/tx/0x33a77e7c9096194e3e20ffe3337bdee7baeb482b983fdfbcf8ac0d38f91158e4
2023-03-26 01:55:59,False,0.0798,4.549e-05,59384.0,2.70157,0x8b...dae3,https://etherscan.io/tx/0xfc585096797dfde4e884a7e8385cdd7a04619eab042c4bd3baa887941be1a157
2023-03-26 01:55:47,False,0.08046,4.587e-05,18343.1,0.8414,0x76...7d5e,https://etherscan.io/tx/0x5cb5b63593e0e7b380fc3bbf1e7e387c6d57e9f3286b652ff9012f841a115b97
2023-03-26 01:55:23,True,0.08093,4.613e-05,20384.0,0.9405,0x0d...e21b,https://etherscan.io/tx/0x1b9051653e26cbbc27e951710d32d543871c5166df755c91031d567ebf1d9632
2023-03-26 01:55:11,True,0.08074,4.603e-05,1292.04,0.0594,0xdf...a206,https://etherscan.io/tx/0xe87d3bf3c359c1aab6bb65d5840aace7819c0a3821739b0d5115621f3ae400aa
2023-03-26 01:54:11,True,0.08073,4.602e-05,628.209,0.0289,0x44...f78d,https://etherscan.io/tx/0x8fba42623f8cfd3e2ef1445cc32ff728ede4466cb20138a528447ca84aabf5e1
2023-03-26 01:53:59,True,0.08071,4.601e-05,869.286,0.04,0x00...0906,https://etherscan.io/tx/0xec8babe48ffee6f84dbfdcbd900c290c3842d7bb63111f4f1d35e99c2b08842e
2023-03-26 01:53:47,False,0.08046,4.587e-05,28223.6,1.29473,0xe0...ad17,https://etherscan.io/tx/0x8dafe1f6845bb8c1b7cbdff4d33e062cb5ad38df7d8a0ed9ecff4c11306c57db
2023-03-26 01:52:59,False,0.08094,4.614e-05,26271.3,1.21226,0x7e...03ce,https://etherscan.io/tx/0x1fc8da5047d142eb4b64854fd39980c0b8aa96d2865a0359b0e8859032964778
2023-03-26 01:50:59,False,0.08121,4.63e-05,5000.0,0.2315,0x5f...d55d,https://etherscan.io/tx/0xf5ca251792bf26fb4b24c19e5598b2acbaf8147fc46b312a71a006ee8733a5c6
2023-03-26 01:49:11,False,0.08126,4.632e-05,316.39,0.0146,0x59...586a,https://etherscan.io/tx/0xca7187126b29fcf036ae961994033ccdd86407b38d61e56223350c52b3d764aa
2023-03-26 01:46:23,True,0.08159,4.66e-05,1093.31,0.0509,0xbe...5177,https://etherscan.io/tx/0xe2d2dbca41fac0c9d0e1a7170fb108171dff408854cdf4970a725747fa4de640
2023-03-26 01:45:47,True,0.08145,4.652e-05,14442.2,0.6719,0xc1...7c9e,https://etherscan.io/tx/0xe744b4f5c0503a11e205a6b88c3d2da1813d91cbac04119ecf71203a01ebbe8f
2023-03-26 01:45:47,True,0.08132,4.645e-05,183.142,0.0085,0xf5...bf54,https://etherscan.io/tx/0xb22079128839e2a550be2486a92dd8b85b61bbc477d6fba6ca91b76c07d852d6
2023-03-26 01:44:47,True,0.08123,4.641e-05,7518.03,0.3489,0xda...1d64,https://etherscan.io/tx/0xd50cef296f3434da1dd6a82b61124ae56fce0b75f088039bbcd12fca68f3c543
2023-03-26 01:42:59,True,0.08108,4.634e-05,6176.0,0.2862,0xc6...d131,https://etherscan.io/tx/0xc95acbc939f5bd92b0ad80eaf7f315d7f55b3df29d13e1f97b4492b5042eb897
2023-03-26 01:42:23,False,0.08045,4.605e-05,5000.0,0.2302,0xe3...9167,https://etherscan.io/tx/0x3bb3ca2c1c62d70564c1850013bb653c9aaa43a75a9be21930e2591de65fdd16
2023-03-26 01:39:47,True,0.08081,4.634e-05,2459.46,0.1139,0x1c...a1f7,https://etherscan.io/tx/0xdf4cb8beefe000bc7be51e55f235d060f49b7fd8f294ad6f45e9d8957b4c4c5f
2023-03-26 01:39:23,False,0.08033,4.607e-05,2800.0,0.129,0x02...df1e,https://etherscan.io/tx/0x97f6378881d31f9bf787c68a6abadbaa0b320755d92268c6c955769dd8eb421a
2023-03-26 01:38:59,False,0.08055,4.621e-05,24899.0,1.15061,0xc9...27b6,https://etherscan.io/tx/0x2a5849f96a40c16e1e90c8cb803d43c963f3fde2f179a2b1f8c641a2256b0b08
2023-03-26 01:38:23,True,0.08125,4.661e-05,595.451,0.0277,0xf2...1065,https://etherscan.io/tx/0xb90181f37f53160cafe9bdcbf117e2775b51395fdeb6757ac44a4641c7b8edb8
2023-03-26 01:35:59,True,0.08115,4.655e-05,11667.5,0.5431,0xe0...5a06,https://etherscan.io/tx/0xc472c8180198e6efce904475217e7154272550e96bfea9450e64c54d944e89d3
2023-03-26 01:31:47,True,0.08088,4.648e-05,1919.32,0.0892,0x9d...70e0,https://etherscan.io/tx/0xdb957bed56e3ad76a642476992278442d5092d3dcfd3cab4ce88aac64c263c63
2023-03-26 01:31:23,True,0.08085,4.646e-05,1657.65,0.077,0x53...0d7e,https://etherscan.io/tx/0xd674a03b6d84acde40c17ceee9c9f6a03b8e64288c5fd45d120769129123daa6
2023-03-26 01:31:11,True,0.08074,4.64e-05,11021.9,0.5114,0x4c...043f,https://etherscan.io/tx/0xb84b9165bc7d25cb2a50c406debae9d76bb80a645bcb8a75d2ca5feeef9aa9c5
2023-03-26 01:30:59,True,0.08064,4.634e-05,427.796,0.0198,0xe0...b5ce,https://etherscan.io/tx/0x0cb83a5ff6c2819b4d7f66308411d0cf787781bb4dae109e787a6e5318804b5c
2023-03-26 01:28:59,False,0.08041,4.621e-05,30000.0,1.38636,0x63...acd6,https://etherscan.io/tx/0x10addf2804075fb32172c57d1192985b850fbb5b0424d6f769f46597b98c5d59
2023-03-26 01:24:59,False,0.08091,4.649e-05,26791.7,1.24572,0x7b...3cf1,https://etherscan.io/tx/0x8f09b71997a8e87bb1411fcf65277bdfa55bb3e4003f2c590109df226aaf3b28
2023-03-26 01:23:35,False,0.08144,4.68e-05,33507.1,1.5682,0x79...0fa0,https://etherscan.io/tx/0x8b1bf8f746cbe107f22fbb989d24c71418be477636c79c688135c305c776687a
2023-03-26 01:20:35,False,0.08208,4.717e-05,38352.5,1.80907,0x46...4f84,https://etherscan.io/tx/0x560b30ff009c12d57875a471fd01bc49ca82b8fced7ea1a3b9bcbd6baf8ebed0
2023-03-26 01:13:35,True,0.08299,4.763e-05,3928.19,0.1871,0xc2...2222,https://etherscan.io/tx/0x5741cca0db9325b33678dc03d6e8de05ae5e32b2b280749503b13c2cd07aab8a
2023-03-26 01:12:11,True,0.08294,4.76e-05,1249.35,0.0594,0xc4...a110,https://etherscan.io/tx/0xd6eec43a26f91cf42fec97262efd6213e129e0d94b11a52b43fdf6805b93ad92
2023-03-26 01:10:23,True,0.08286,4.756e-05,7359.12,0.35,0x42...cf69,https://etherscan.io/tx/0xb8cc9b1c2c3ed2cae7fb3efdbb9c7ba2164c4d6362b4cd49b9bd31b39ec7484d
2023-03-26 01:08:11,False,0.0828,4.75e-05,50975.3,2.42141,0x1f...b540,https://etherscan.io/tx/0xfb554b24bf87571d0832d3e2a57ee2475953acabce343f1ed9c9561caa04e442
2023-03-26 01:02:23,True,0.0838,4.805e-05,206.279,0.0099,0x0c...4edf,https://etherscan.io/tx/0x2d5a59c0a77f74b2864378c9a86f942c628adda61a22ef8986530a20211b0f6d
2023-03-26 01:02:11,True,0.08359,4.793e-05,22540.8,1.08046,0x3d...d652,https://etherscan.io/tx/0xb1f4209cf550287987959677eb0fafcef09f1e8e064f0f20cf66b9b9aa123dde
2023-03-26 01:01:35,True,0.08331,4.779e-05,3791.06,0.1811,0x35...5a65,https://etherscan.io/tx/0x1546cdbc909e91cc64a5bce2e29a5b68cb00fde1b951821ab1fde6c12c0124a1
2023-03-26 00:59:59,False,0.08307,4.77e-05,41251.0,1.96788,0x55...ce90,https://etherscan.io/tx/0x6f0588caa5e056eac59ac94427231b8794914fc802112295631c3ca321cfbc18
2023-03-26 00:56:35,False,0.08343,4.793e-05,3000.0,0.1438,0x3b...9c3a,https://etherscan.io/tx/0x11bb1f10849b0c7c7458d486ce6a96d7668927a126295654a7f280313d713516
2023-03-26 00:53:11,False,0.08386,4.817e-05,41581.0,2.00309,0x17...272e,https://etherscan.io/tx/0xa67aa76793c83f2345b7c13e7bd4f45bbe3343bda0443a1345a0ce7319546779
2023-03-26 00:52:47,True,0.08474,4.867e-05,2385.16,0.116,0x1b...d98d,https://etherscan.io/tx/0x029a4548094e54ca67b34b8baf5440edd9b55703fe8d28a42f7b09138853c67b
2023-03-26 00:52:23,True,0.08469,4.864e-05,2673.25,0.13,0xae...8326,https://etherscan.io/tx/0x1c3c6d1dd434d8f2820d16b8943736342536c0905412a048ef9e15dfa73490cf
2023-03-26 00:51:47,True,0.0845,4.853e-05,17747.7,0.8614,0xf1...02a3,https://etherscan.io/tx/0xb3a3ba3b0678bdd278e648d294a6749540855fc84f38e5b99fb86bfc2f91ff83
2023-03-26 00:50:23,False,0.08392,4.821e-05,11502.8,0.5545,0x00...8eb3,https://etherscan.io/tx/0x21eed628712999590366cfa9bd8d0c74b43e5cce10827d56828c7b567a93c0ba
2023-03-26 00:50:11,False,0.08404,4.827e-05,1000.0,0.0482,0x29...0062,https://etherscan.io/tx/0x01601d559ebf4a8633bc81d6b33aa34753969b7269fedab6551780dfa4690e41
2023-03-26 00:48:59,True,0.08453,4.856e-05,2615.3,0.127,0x2f...073c,https://etherscan.io/tx/0x5df09409f4bbe9d58ec49337a0fd1e6e82f81a9b587200014b9b8a9503f893f9
2023-03-26 00:47:47,True,0.0845,4.854e-05,612.6,0.0297,0x85...290a,https://etherscan.io/tx/0x86c0318b1cfdd6b0b8729946818ee43ec61b4ed2334ad487334f1cc0e3c2dd5f
2023-03-26 00:42:35,False,0.08401,4.826e-05,2023.48,0.0976,0xd5...88b5,https://etherscan.io/tx/0x6d09df67f219bd8ecd42cc3890007be06461a26c2e3c51cebb70f2aca3174e15
2023-03-26 00:40:35,True,0.08448,4.854e-05,2930.17,0.1422,0x78...5ed0,https://etherscan.io/tx/0x8a434d37d9a0d98aebd814b0df83f70b9fc60f18ea4f0d88b2682566106a181c
2023-03-26 00:40:11,True,0.08437,4.85e-05,4823.0,0.2339,0xb3...5665,https://etherscan.io/tx/0x0dfe84330276b8cb41bac69d95177520fbe99da26ebacf0570b83fe1ff6b6bdb
2023-03-26 00:39:47,True,0.08432,4.847e-05,1431.54,0.0693,0x86...5b73,https://etherscan.io/tx/0x818edcd8ea3e137f62ca066d6acbad30e8a91bfc4c45bcf1f933b991f2ce33da
2023-03-26 00:39:11,False,0.0838,4.817e-05,319.537,0.0153,0x68...c31f,https://etherscan.io/tx/0xecc67c053b5c10006d2f8cb31fb8cda161bb92cb32d57f27ea807fa9755de93d
2023-03-26 00:38:11,True,0.0843,4.846e-05,1186.39,0.0574,0x89...c1e9,https://etherscan.io/tx/0x189fdb3628e44437a59866a21e9b0c9a80d96eedf31893d19f01291ee09eb421
2023-03-26 00:36:47,True,0.08427,4.845e-05,598.477,0.029,0x46...6c17,https://etherscan.io/tx/0xe081ee1e2615103776cc3d08902f48fd4776f5d8f9677283264e6237e2c9ad01
2023-03-26 00:28:35,True,0.08407,4.833e-05,21609.1,1.0444,0x8b...51b8,https://etherscan.io/tx/0xd24b785c9804b35e071b8fe3cd62a5a7190f3edefc2ca66dc864eb33dd2a0f10
2023-03-26 00:27:59,True,0.08368,4.81e-05,20838.8,1.00247,0x6e...289b,https://etherscan.io/tx/0x11756646832a533add3e97d98be6677e69a865c2c0419907cc837b14042670cf
2023-03-26 00:27:47,True,0.08348,4.798e-05,1309.58,0.0628,0xbe...5177,https://etherscan.io/tx/0xf45717d999814e3f0f49e126cbf97a9b567eac6bbcec4acf44a2252fcdc02301
2023-03-26 00:27:35,False,0.08308,4.776e-05,12500.0,0.597,0x4e...7fe0,https://etherscan.io/tx/0x7b0c6acb65bf8cee8d948c3750f056b248d70362af19a4eb1d9b91a41b9fc8da
2023-03-26 00:26:59,False,0.08318,4.782e-05,500.94,0.0239,0x9a...bc8e,https://etherscan.io/tx/0xeade0e2abb7688dd0a277033ad236a1b2bdcf39a8857f8be20f5e4fd344aee0a
2023-03-26 00:26:59,True,0.08368,4.811e-05,1421.62,0.0684,0x44...4949,https://etherscan.io/tx/0x65737beb83bbb1b97b7d1a7eee8c99bfd36ce639453f18fa1eac923e7d012693
2023-03-26 00:26:11,True,0.08359,4.808e-05,3743.44,0.18,0x3d...dd56,https://etherscan.io/tx/0x15d5dcf56ee4ae05781c736812a3f6ef45b9a9ea6b748a281bad15dd5c704cb5
2023-03-26 00:26:11,True,0.08354,4.805e-05,1577.68,0.0758,0x91...dc25,https://etherscan.io/tx/0x123d9c4cd073c7f335c613128006d9028d2218fb2a1f5978017e7b3568a3c820
2023-03-26 00:25:11,False,0.08308,4.779e-05,6729.33,0.3216,0xf0...d4f0,https://etherscan.io/tx/0xe0bd734fae3129c923ae30bb65dbc045be70986dd8c3604adac9077899e1fac5
2023-03-26 00:23:23,True,0.08365,4.811e-05,131.988,0.0063,0xc3...45fa,https://etherscan.io/tx/0x43d759942888a72ed2ced137a1294742491e88cf8d225f64020bd8502688ed8e
2023-03-26 00:21:59,False,0.08316,4.783e-05,2000.0,0.0956,0x2e...f345,https://etherscan.io/tx/0x332639207a80d88aa88ba68b5ed31e50be93aa171b44bd0606cd2a7585ce25b1
2023-03-26 00:20:47,False,0.08316,4.785e-05,183.101,0.0087,0xf3...b640,https://etherscan.io/tx/0x3074d2beca7eff38db24e292ce74bc1be88692c98abb0bfd374cfd90c8819b86
2023-03-26 00:19:23,True,0.08364,4.813e-05,415.471,0.02,0xf9...0cab,https://etherscan.io/tx/0x8cc931f6e138bb9947f421016f29a4b8f8800c0955f5faa6c7f1edbd0648d380
2023-03-26 00:14:11,True,0.08359,4.812e-05,1719.03,0.0827,0x60...3f9e,https://etherscan.io/tx/0x870d2347316e658a6bb53f1dc2a1bc04d0d63b95979ff8ecf552337886bfbf68
2023-03-26 00:12:47,True,0.08354,4.811e-05,618.058,0.0297,0x44...4949,https://etherscan.io/tx/0xc1d086066dc48bce347e03d276e2bdc908ba8b309add40c3756d52c092bcdba0
2023-03-26 00:10:11,True,0.08351,4.81e-05,412.086,0.0198,0xad...5ff6,https://etherscan.io/tx/0x335a445a8c3d628d9bb6eb94d3206470b96313d5937b97bf859d8342ecf8664a
2023-03-26 00:07:23,False,0.083,4.782e-05,1691.73,0.0809,0xb9...4e0a,https://etherscan.io/tx/0x4a7bbbc86a0a39c10864fd2dd33916dd0c5b9dd3e751293a0589cdc9ca413a05
2023-03-26 00:06:47,True,0.0835,4.811e-05,1029.99,0.0495,0xcf...2256,https://etherscan.io/tx/0x4aa5481f627c2ebae4bfee85cf801a6d336f230462a9aecea392bbb2ebdeef59
2023-03-26 00:04:47,True,0.08343,4.804e-05,12378.2,0.5947,0xf3...0728,https://etherscan.io/tx/0x78f8af5f87be962a4b98ec907ef6de2a5864eb2d6a3744bc66b8cba32225ca57
2023-03-26 00:04:35,True,0.08325,4.794e-05,7857.01,0.3766,0xaa...6ed6,https://etherscan.io/tx/0x2ce9e8c1387b35e613c7b5ed33fc40fcb6b16536df19fe4dd4c2873a02dbe757
2023-03-26 00:02:35,True,0.0832,4.789e-05,786.447,0.0376,0x3e...b553,https://etherscan.io/tx/0x1fb2c85bdd712299c53971282102ae9635267024b322a6a8296ed07b8622460a
2023-03-26 00:00:59,True,0.08315,4.786e-05,4366.12,0.209,0x19...711a,https://etherscan.io/tx/0x062add29c5ed59da6b8548ca8cc43ed66553f7a8c4a41817b06f57a13b635306
2023-03-26 00:00:35,True,0.08311,4.784e-05,207.181,0.0099,0xb9...b78a,https://etherscan.io/tx/0xd1afcbb2c4c69e3a3707da5416b3e0b4420fa4f0efec4963b26126bcdac438d5
2023-03-26 00:00:11,True,0.0831,4.783e-05,1195.62,0.0572,0x63...4b8d,https://etherscan.io/tx/0xb6d809567074a10fcf9f2bc95f6c0e81d5dc426d54b68c4571a8e89821e3e58c
2023-03-25 23:55:47,False,0.08263,4.754e-05,295.604,0.014,0x08...c9fe,https://etherscan.io/tx/0x01dee12912b77385883ee80486e22fd9900a229b93a08d7d5f82591e1734c1a8
2023-03-25 23:54:11,True,0.0831,4.783e-05,828.983,0.0396,0xeb...ea43,https://etherscan.io/tx/0x1447711e1f79187e9c738857aa5f558d88c4dd1a508dc179a08446023455ca26
2023-03-25 23:49:35,False,0.08271,4.754e-05,1240.77,0.0589,0x6b...1b3e,https://etherscan.io/tx/0xdce276846e895b76cfddde8e2b5d1aea02aa05b47bb0a0a08a1136e32005ce32
2023-03-25 23:49:23,False,0.08273,4.755e-05,900.0,0.0428,0x21...7a57,https://etherscan.io/tx/0xb229385b0f9361ccb1cf8e1bbc601ddc023f0962bdff5bdba12a68428ae72557
2023-03-25 23:48:23,False,0.08275,4.756e-05,1257.06,0.0598,0x91...dc25,https://etherscan.io/tx/0x040d29bcf742366f617d1ea7d5971f26de05510b6a0708caab6a97d344db2ea0
2023-03-25 23:45:47,True,0.08314,4.783e-05,5854.05,0.28,0x1b...ef2e,https://etherscan.io/tx/0x480bb8a72f00fbe3454da02df58248a412a659c15e6f5755a78bb705ae1e8164
2023-03-25 23:45:23,True,0.08306,4.778e-05,2978.52,0.1423,0x2a...9b8b,https://etherscan.io/tx/0xf494d3185b679485f40955a37dff1af159cb36bdff85b33922a8094860b538d4
2023-03-25 23:44:11,True,0.08299,4.776e-05,1650.4,0.0788,0x42...cf69,https://etherscan.io/tx/0xdce3999c71bfb589e88fc6e7261392cfe81003e9dce2a5e6c9688cadc4779611
2023-03-25 23:41:47,False,0.08253,4.749e-05,6110.0,0.2902,0x71...6d2c,https://etherscan.io/tx/0x371cce532199f10e3d7c5e7bd51d16fb0d1cd536befef3604c1208f35322169f
2023-03-25 23:40:47,True,0.08309,4.78e-05,1658.78,0.0793,0xff...609a,https://etherscan.io/tx/0xed2228564a289421867d85332670d10f471b095435535a25c8eddd69684dd4cf
2023-03-25 23:40:23,True,0.08306,4.779e-05,757.734,0.0362,0x4b...87ac,https://etherscan.io/tx/0x8f5023b618919a4b09ed3c5f884e05a8d088d2a9965b6c5edabbaec787128056
2023-03-25 23:36:35,True,0.08307,4.778e-05,1099.46,0.0525,0x34...28fe,https://etherscan.io/tx/0xf4944cc639825812bb01beb6c27aa2d63eeee45fb0cdacd3d7267c4406c768e6
2023-03-25 23:34:11,False,0.08257,4.75e-05,2933.93,0.1393,0x1a...c795,https://etherscan.io/tx/0xdf1a510d426b3271efc7985f598f716c5961435f76aea0fdfa37cbc73bc9b430
2023-03-25 23:31:35,True,0.08311,4.78e-05,414.693,0.0198,0xf3...9d4d,https://etherscan.io/tx/0x73afd2a54e60660e309fff15923fbc16ad96a34cfbe2595ed11a0e0a54d52233
2023-03-25 23:29:59,True,0.08306,4.777e-05,5186.86,0.2478,0xfd...b558,https://etherscan.io/tx/0x5b2dbce3d52fed8e0a4d9fc751c116519a7b5bc3b87dbda25e6aaf4b0a1e6afb
2023-03-25 23:29:59,True,0.08301,4.774e-05,265.454,0.0126,0xfe...af2b,https://etherscan.io/tx/0xe2678d3d5d5b9e9ee4c77679f101f05e5edfb5dfc47b6c1d52ee851fe5cc7525
2023-03-25 23:25:59,True,0.08292,4.769e-05,10392.1,0.4956,0x39...3a88,https://etherscan.io/tx/0xa8dd312ea22147403a2fdf40646a4b02c57a72fb9f2070cab97530a97b05f921
2023-03-25 23:23:47,True,0.08283,4.76e-05,6036.1,0.2873,0x9a...d8c1,https://etherscan.io/tx/0x05d91acae1539186026208b2c3c50f2ab10e05a0eccbb74b7efe7fa0b42b0d46
2023-03-25 23:20:47,False,0.08231,4.729e-05,1240.66,0.0586,0xe4...7bd3,https://etherscan.io/tx/0xaf5bcbf1a938cc2c0d27b5a3deceb243012e7bd0c395654f922a8c370c3482dd
2023-03-25 23:18:59,False,0.08238,4.73e-05,1000.0,0.0473,0x06...2bec,https://etherscan.io/tx/0xed70b65c4b0bf261a0c64cd52ec823e4de872442122063e56669dae97b167da8
2023-03-25 23:18:59,False,0.08243,4.733e-05,4836.9,0.2289,0x86...6336,https://etherscan.io/tx/0xca17a866b6cdbb93f2945a1c881a67efb004e61e4dd08560ec9721b52a5e144e
2023-03-25 23:18:59,False,0.0825,4.737e-05,3000.0,0.1421,0x0c...0d24,https://etherscan.io/tx/0x041ab26f9689dd50b49520a1a49828afc4ed59291be8b1568b7d483e4fcdfdd1
2023-03-25 23:16:47,False,0.08253,4.741e-05,4000.0,0.1896,0x4a...972c,https://etherscan.io/tx/0x8033d3c11b525a36a19dd4ed004294a6488939574258ddde60bc64f86ef944e9
2023-03-25 23:15:35,False,0.08259,4.744e-05,1942.82,0.0921,0xec...0995,https://etherscan.io/tx/0x8f8577401088c281fc05d62b0a1e69303a7847bfc06ab5dcb05b65ff68bb571b
2023-03-25 23:13:23,False,0.08246,4.746e-05,1200.0,0.0569,0x8e...ce0b,https://etherscan.io/tx/0xb3f70d25754b7457fa274c2ce38eb9db9100b34c9522b0b6bbe0097b92ecfa78
2023-03-25 23:10:59,True,0.08294,4.774e-05,1037.97,0.0495,0xb8...fa84,https://etherscan.io/tx/0xe8a84a9b8f22ffd808b8bb7a3bed0b858cee311d2a28921c4ebb6f926e6bcaa3
2023-03-25 23:09:47,True,0.08293,4.774e-05,101.133,0.0048,0x25...016c,https://etherscan.io/tx/0x5aef8d8b5e57746472fe3133b21979e70da228970baedc453e8de5f00e8bc56e
2023-03-25 23:09:23,True,0.08291,4.773e-05,1349.75,0.0644,0x82...f8d4,https://etherscan.io/tx/0x920f0c774836f6e8bf2f25bf827951e1aec6d9f5cec3351ab424d29de164c720
2023-03-25 23:06:59,True,0.08258,4.759e-05,25000.0,1.18995,0xf9...ff50,https://etherscan.io/tx/0x467c1c2f555b2ca43df43ec414c73ec39d79b5a64b4b9328da611f5b9ea0f130
2023-03-25 23:04:35,True,0.08213,4.738e-05,16866.7,0.7991,0x89...5725,https://etherscan.io/tx/0x07f610a990868d00d8065aa48444f95ab97360ecbb70fbb8eb21e05caca7dd83
2023-03-25 23:03:47,True,0.08197,4.728e-05,854.333,0.0404,0x9f...95c7,https://etherscan.io/tx/0x259142396b79d112f9ccc212bfccf9542a5201716cb1caf1679741db9cc6b405
2023-03-25 23:01:59,True,0.08189,4.728e-05,607.548,0.0287,0xd8...2285,https://etherscan.io/tx/0x5840e30a530fe246b3af9c0cc4a417480b8f0c4fb41ac6f593841b021ca3d936
2023-03-25 23:00:47,True,0.08189,4.727e-05,123.499,0.0058,0x66...bdd0,https://etherscan.io/tx/0xf4ab6d9498292def79c89aa97d4f78092d67275fdd46dc8735e74f0de754b4da
2023-03-25 23:00:23,True,0.08185,4.725e-05,4195.31,0.1982,0x08...b6ed,https://etherscan.io/tx/0x39cc76c720fced2bf7b73cb0e9a13fb6176e94b5f0a1832c92a004fe47f0ebba
2023-03-25 22:59:59,True,0.08145,4.702e-05,41168.7,1.93583,0xd2...92ae,https://etherscan.io/tx/0x1c5086b873a9c64b0518ba4ce0901ef74ea5e3929b3710d1a7ee792527c5ba1c
2023-03-25 22:59:47,True,0.08107,4.68e-05,1242.78,0.0581,0xd8...2285,https://etherscan.io/tx/0x1554ed521017c4f6593b736559008860ea0193855e2cced8e6dd4f89155fd33a
2023-03-25 22:58:11,True,0.08094,4.673e-05,12198.1,0.5701,0x9b...3aea,https://etherscan.io/tx/0xdf7f4fb38fa4ad49b94a62f9913050e23e47c2e426171af8c18c0ed6eb74aa49
2023-03-25 22:57:59,True,0.08084,4.667e-05,212.376,0.0099,0x0d...373d,https://etherscan.io/tx/0xdec10902a1197fe4297be9f68f2ecef3e6f3d6517651d426ac89c49d58f01580
2023-03-25 22:57:47,False,0.08065,4.657e-05,34974.5,1.62877,0xbf...3248,https://etherscan.io/tx/0x40f13c37d3fa697b0b762484ae091a0ecf44f2bfa0cd7dcefa574a7c99800547
2023-03-25 22:57:11,True,0.08143,4.702e-05,1159.42,0.0545,0xc4...3412,https://etherscan.io/tx/0xbae9f19593963b820404d278421d5fdd11123b08c88708e3179b296ced80c651
2023-03-25 22:55:23,True,0.08144,4.701e-05,383.726,0.018,0x19...1e8a,https://etherscan.io/tx/0x0582b738ab6b6dbd73c2178729412db88cd9203c3404dc065f145e9084005910
2023-03-25 22:54:59,True,0.08142,4.699e-05,3053.29,0.1435,0xc1...a79c,https://etherscan.io/tx/0x9b6f4844e056c8d1d6f14728cbdd703652a6305c46c5f77972e0b49da9577e8f
2023-03-25 22:54:35,True,0.08131,4.696e-05,4221.69,0.1982,0x08...b6ed,https://etherscan.io/tx/0x1ae465912eb9c13f769780002dac0d878525b3c4a797609f1cf00bf167d75cf5
2023-03-25 22:54:11,True,0.08124,4.691e-05,3707.73,0.1739,0x49...eff5,https://etherscan.io/tx/0x375297e08c57858e5c05eee197005b952eca6872b9ebf027a2f227edcaff6042
2023-03-25 22:53:47,True,0.08118,4.688e-05,2336.6,0.1095,0x94...8779,https://etherscan.io/tx/0x2428402ac89ffbfa90e9a1232b470c8b38ecc13903541b2eead5450dd5604e69
2023-03-25 22:51:35,True,0.08087,4.673e-05,27532.2,1.28676,0x17...acd8,https://etherscan.io/tx/0x4bbf548b2b3a030b74b4ed4cc996d50a86e604e3ad306e865a5973bb57268f16
2023-03-25 22:51:35,True,0.08062,4.659e-05,1233.99,0.0574,0xfc...a91d,https://etherscan.io/tx/0x6ea42a531aae177325db590280675b18805bfe283409cfd893a901347e821bb4
2023-03-25 22:48:59,True,0.08061,4.658e-05,409.638,0.019,0xd7...a3b2,https://etherscan.io/tx/0x956821363a72151c9625c8811dd6319cc4937a0b0683bc6fd1c952235874db70
2023-03-25 22:48:47,True,0.0806,4.657e-05,1288.27,0.06,0x35...28d1,https://etherscan.io/tx/0x9942bd3afa284fb4d8c5a517030b286d39cb4b8e6b0280034de322596b9b38fa
2023-03-25 22:48:47,True,0.08058,4.656e-05,1233.04,0.0574,0x8a...43a8,https://etherscan.io/tx/0x6f868a6307ba0d7e7e4a53a16960c4adc6d02507007519ebfeb2712db4c2ab1a
2023-03-25 22:46:47,False,0.08026,4.639e-05,23821.7,1.10523,0xfb...5e8b,https://etherscan.io/tx/0x99efb7da295b6c0b9b1ab570b6ed1ca2342dde1c24ec4273280c41d857529981
2023-03-25 22:45:59,True,0.08069,4.664e-05,29130.6,1.35888,0x0e...c0e4,https://etherscan.io/tx/0xc33433c3a0a9609cd9352062fd512a45efc1644d71a11cde21194c6d18c1ba98
2023-03-25 22:45:47,False,0.0809,4.673e-05,101248.0,4.73171,0x2d...08e1,https://etherscan.io/tx/0x930a55d6b483380ebd4c2724c05fdff819ec256e72109287faa7b8c7bba3ee22
2023-03-25 22:45:35,True,0.08227,4.752e-05,1140.42,0.0542,0x8a...e9f1,https://etherscan.io/tx/0xaccaa8b8012ea5ccbebdac5ba7629a32f9018c95792b955021987acf1c109acb
2023-03-25 22:44:59,True,0.08229,4.751e-05,1326.41,0.063,0x61...401b,https://etherscan.io/tx/0xa0164639a4828fa0447cdf6a9dba02b70a96cf84a48b71f4777c55f396fb61ac
2023-03-25 22:44:11,False,0.0819,4.728e-05,11352.7,0.5367,0xda...4cf3,https://etherscan.io/tx/0x7a17163ac8b079c0d0418714b95ed71010640c1d44e8546ce364f2e1f0d7e5f1
2023-03-25 22:41:11,False,0.08209,4.738e-05,7831.2,0.371,0x8c...d0b9,https://etherscan.io/tx/0xfee120cea8e9ce5135e2fce2097b5267c72c08dc630df3e1465931ce15ab5732
2023-03-25 22:37:35,False,0.0827,4.768e-05,50808.1,2.42294,0x70...1217,https://etherscan.io/tx/0x3f3e406ecffbb08861f7d9e2625a530ed090ad8681dee91d45caca31f52d18f2
2023-03-25 22:36:23,True,0.08366,4.82e-05,8009.51,0.386,0x95...d617,https://etherscan.io/tx/0x9b8683c43beb80aa568c6dfa26dcaa60363b3fb84a07984f6c8d699840dfab01
2023-03-25 22:31:11,True,0.08357,4.815e-05,517.301,0.0249,0xd3...766b,https://etherscan.io/tx/0x7bae745e8220242d88d37a4c7c977ea130f414a3279b3f37e8d9836894fb8b48
2023-03-25 22:30:23,True,0.08356,4.814e-05,617.61,0.0297,0x0f...71e3,https://etherscan.io/tx/0x8169f3d17ddae4eeb442ddade8f7f7c50b9fc40003931573a2a72a429d708cee
2023-03-25 22:27:35,False,0.08306,4.785e-05,333.0,0.0159,0x56...6e60,https://etherscan.io/tx/0x32da6b12f96f38113afa4b4aeb9904ec89d951f61e2ab67ff7c7005eba1b9bee
2023-03-25 22:27:11,True,0.08346,4.808e-05,11890.2,0.5717,0xda...2574,https://etherscan.io/tx/0xe67e1df951486af13d4a7e4384f678788580f9e84c8acf84c3d9dcb62c50f792
2023-03-25 22:26:11,True,0.08328,4.799e-05,5989.81,0.2874,0x40...44c8,https://etherscan.io/tx/0x17e176a5aec3ff9fbc48d1b97247a6ac4e1f26b80b9b8178c092881c15562e80
2023-03-25 22:25:23,True,0.08322,4.795e-05,1121.9,0.0538,0x02...9138,https://etherscan.io/tx/0x629c662afec61d80b63ed9a7c71c05194ee5b0f30b57e5fae7bdb6b9102c9314
2023-03-25 22:20:35,False,0.08269,4.766e-05,59.3759,0.0028,0x15...1a7c,https://etherscan.io/tx/0x1594449e10cd9f6e8a7fb3269cfdea5399336d325dc6eb3b8cd32e9cc5174f4e
2023-03-25 22:20:11,False,0.08269,4.766e-05,59.9,0.0028,0x15...1a7c,https://etherscan.io/tx/0xfc23413b873120c3133bf8542ee9ead6ccc2599f1e6df7487e8ba8196811501c
2023-03-25 22:16:47,False,0.08269,4.766e-05,500.0,0.0238,0xa7...c7d1,https://etherscan.io/tx/0x778a2f74dbe6cf3cf113ff52353cfa6bdfd7eeab3870d2a09278a5906caeb9df
2023-03-25 22:15:35,False,0.08275,4.766e-05,234.962,0.0112,0xc0...aedc,https://etherscan.io/tx/0x18bc2dc1b00d52e9fcaa5f416aa6e8f090eaa21fdc75ef486a7c265b863a7bcf
2023-03-25 22:12:59,True,0.08314,4.793e-05,4761.84,0.2282,0x60...4b04,https://etherscan.io/tx/0xa5edf72e2c3f43479337fc3eeb43231cee1bc8aa30a90ee187ad2f09225e4ef2
2023-03-25 22:12:47,False,0.08338,4.807e-05,85532.6,4.1117,0xb0...5784,https://etherscan.io/tx/0xed9a3124633af1ce36f765e3be6bf1c0b0424237ba5d525d5a6216b69e2fd68d
2023-03-25 22:12:11,False,0.08484,4.888e-05,65950.0,3.22385,0xa5...bf62,https://etherscan.io/tx/0x62c375bb55cf595d3c4bd5484e17bb8c3933a77f438069b7ab369fc10fae72aa
2023-03-25 22:11:59,True,0.08578,4.942e-05,20040.0,0.9905,0x1e...af2e,https://etherscan.io/tx/0x7ce935cdc60626c4e97d419b66ff2d2f270c070a5c8adfb0129924403a329809
2023-03-25 22:10:59,False,0.0854,4.92e-05,34100.0,1.67803,0xcf...e480,https://etherscan.io/tx/0xff09a50734ca21cda59093e0c8cd8dfaddc8500bc38046ad4b389707aa86da76
2023-03-25 22:10:59,True,0.08624,4.968e-05,809.289,0.0402,0x5e...edd2,https://etherscan.io/tx/0x85382e2c28edcd480c27852f28b6bef7adb39750c9db4623e156c268ac3c89b0
2023-03-25 22:08:47,True,0.08619,4.967e-05,2254.86,0.112,0xfe...3fd7,https://etherscan.io/tx/0xb8e31be3d933d0d9eef2a01e2a8389f82cae22be3159d553b9905bdb2688eb60
2023-03-25 22:06:59,True,0.08604,4.964e-05,2395.95,0.1189,0x24...eced,https://etherscan.io/tx/0x11306c9b9a570dae23912330dcc48235aae58d6cb32bb9374b27f9ee382cd3c1
2023-03-25 22:06:35,True,0.08602,4.963e-05,459.37,0.0228,0x83...041b,https://etherscan.io/tx/0x950d1a6ca6a97275a8d84491017b71162bcb805ae2651be8c9a9206c47c3d61e
2023-03-25 22:06:11,True,0.08595,4.959e-05,6670.19,0.3307,0x33...da00,https://etherscan.io/tx/0x2b24150a6578fd6fe5519e54d1322cafd76b2af4c2ceadcc72d72f261e455ab9
2023-03-25 22:05:11,False,0.08564,4.945e-05,35745.6,1.76778,0xc9...27b6,https://etherscan.io/tx/0x070a697e86fafd5c28187aaa91f933702ce0c7dd9767c30c9cf520bb629bfc2d
2023-03-25 21:59:11,True,0.08644,4.995e-05,114.365,0.0057,0xdb...c302,https://etherscan.io/tx/0x71d9839d421c2ecc81e8643018f45c3e2319ad299db746fe3962738b2b0bd3ca
2023-03-25 21:58:23,False,0.08593,4.965e-05,829.134,0.0411,0xc7...012b,https://etherscan.io/tx/0x113614cb1b179dfdc259814e1b0d7ae1c50cb9fe7e7dd9d000a034d2ebc20652
2023-03-25 21:57:59,True,0.08644,4.994e-05,2865.99,0.1431,0x04...871e,https://etherscan.io/tx/0x513abb9399ba30446319a5b462541684d718398382e21e72a45f29919df544fe
2023-03-25 21:57:11,False,0.08591,4.963e-05,750.0,0.0372,0xc7...012b,https://etherscan.io/tx/0xc3afb3189571fb6d21236f0238fdc35defa98366c8e752003ab9be45c44a5409
2023-03-25 21:56:59,True,0.08638,4.99e-05,5009.28,0.25,0x02...9138,https://etherscan.io/tx/0x91cab7dcf7911a226dadae274ceceb5771e9ec16ddfc7c134fdcc44332e15c74
2023-03-25 21:56:35,True,0.08633,4.987e-05,171.891,0.0085,0x77...4dab,https://etherscan.io/tx/0x33c4628bae4f3cd5064c52e645a169267ac5251fc39098255a4dda29c7ed19c2
2023-03-25 21:55:47,False,0.08588,4.961e-05,6500.0,0.3225,0x08...f329,https://etherscan.io/tx/0x9845aedf818d161974232c0da04cfd40d24509df836ee7b583100ad1a45e1bd5
2023-03-25 21:55:47,False,0.08596,4.966e-05,2498.01,0.124,0x7f...18eb,https://etherscan.io/tx/0xca69367a3c83844e3de4a2aaff7c07e74406995d25ce74f60ef5ba901b287944
2023-03-25 21:55:47,False,0.086,4.968e-05,1000.0,0.0496,0xc7...012b,https://etherscan.io/tx/0x6cf5a354a188ab48f02fcd357091017a596f1c545c56a7a32af890bb876f3035
2023-03-25 21:54:59,False,0.08601,4.969e-05,500.0,0.0248,0xc7...012b,https://etherscan.io/tx/0x5d44873e116c2193d41481f64fb3dbc83899593c3a0f1311edc119330721f227
2023-03-25 21:54:23,False,0.08602,4.969e-05,500.0,0.0248,0xc7...012b,https://etherscan.io/tx/0xeb3849aaf8d1da4a809da63b5f3aa5000692fafdcdc26577f758dd0242f7f914
2023-03-25 21:52:59,False,0.08603,4.97e-05,500.0,0.0248,0xc7...012b,https://etherscan.io/tx/0x54f8635b737f64670b87039048b07e71ea0d3deadfb8ae3e85b9938d129f1a14
2023-03-25 21:52:35,True,0.08641,4.991e-05,16000.0,0.7986,0xa0...5da4,https://etherscan.io/tx/0xd2a87cbb3415704bee5b6a6d2a9b2e89c91450dfaec658a15334f3e6ba1c4118
2023-03-25 21:51:47,False,0.08578,4.953e-05,600.0,0.0297,0xc7...012b,https://etherscan.io/tx/0x606be828d10910d4dbc9edd361e42ff503bb83d1bf2394c98982fbde3f581e45
2023-03-25 21:50:59,True,0.08633,4.981e-05,3011.05,0.15,0x05...b3e6,https://etherscan.io/tx/0x814be07565bcee349de295609b307a71d59287bd4230b1ccea1a6131695fb820
2023-03-25 21:49:47,False,0.0858,4.95e-05,500.0,0.0247,0xc7...012b,https://etherscan.io/tx/0xa221d961345a23d43d8a8cfbf5ed623c05001d4ade97726af085b0bd1ef2d80c
2023-03-25 21:49:11,True,0.08625,4.979e-05,1453.12,0.0723,0x30...9088,https://etherscan.io/tx/0xc0e947926dbd6c6d783865500c9e19cf0b186a4b584de672233d6c8b8368a3b2
2023-03-25 21:48:23,True,0.08617,4.978e-05,995.56,0.0495,0x6f...b9d9,https://etherscan.io/tx/0xd18f607c7b505d7c4deb978722fa7a2e3fac671b179c2b9e24a01ab0cde04e72
2023-03-25 21:48:23,False,0.08568,4.949e-05,3524.93,0.1744,0x2e...f345,https://etherscan.io/tx/0x4c9a69c45ec9c9442cdc1bc8c9546f4ebfbd9f02114ea410fed9e5e734a4004b
2023-03-25 21:47:59,False,0.08571,4.952e-05,200.0,0.0099,0xc7...012b,https://etherscan.io/tx/0x6237b008e11aeceac8e3fa88c06dd3b34805c423dd6b5359b7aee5b7d3006afc
2023-03-25 21:47:35,True,0.08623,4.981e-05,397.955,0.0198,0xe8...95a2,https://etherscan.io/tx/0x42942e6ebc4579f83518d53f7ae7521622718b1f4fdbb7a65381abd347e33369
2023-03-25 21:46:47,True,0.0862,4.98e-05,1086.1,0.0541,0xa9...c5c4,https://etherscan.io/tx/0xc2a8446f780e1373b82fb7d9aa464f5041c4217028c6c67c6dcd075cac330218
2023-03-25 21:46:35,True,0.08622,4.979e-05,1990.79,0.0991,0xe8...95a2,https://etherscan.io/tx/0x974a7d31843e32ae272f4efd6f8437a02352e334c43523ba07c649b18390d0bb
2023-03-25 21:45:23,False,0.08569,4.948e-05,500.0,0.0247,0xc7...012b,https://etherscan.io/tx/0x7b4113e603e54c6293fd2b896ce38ac60100013137bfe5206fb936b2c45d514f
2023-03-25 21:44:23,True,0.08608,4.977e-05,2902.28,0.1444,0x91...dc25,https://etherscan.io/tx/0x100bc76d57190d344319b965ba93129e2a122b31836c8fdeefa8e1bb5a512bb7
2023-03-25 21:41:47,True,0.08603,4.974e-05,995.512,0.0495,0x99...fe1d,https://etherscan.io/tx/0x567047cdd486076b512a1eb5e4862711e3b6fee01f59a1403ef2068fc714ee06
2023-03-25 21:40:35,True,0.08594,4.972e-05,2970.19,0.1477,0xee...6e26,https://etherscan.io/tx/0x8203b89bfa948337a20e82b8dc46e7fa86b28401af4a30c92171ec06434e3d15
2023-03-25 21:39:23,True,0.08584,4.97e-05,1196.61,0.0594,0x84...1f7b,https://etherscan.io/tx/0x1f2e0d00593fcc32b6bf1a64396fb5531d5138a973b84bb18ab57852e5d49c6f
2023-03-25 21:38:59,False,0.08537,4.942e-05,4657.29,0.2301,0x2e...f345,https://etherscan.io/tx/0x347cbaf7a9b6098cfe549feb4f4810ddf85a788b48c7e949c3ff4bd0982fa476
2023-03-25 21:38:35,True,0.08591,4.973e-05,2010.58,0.1,0xa2...7b8a,https://etherscan.io/tx/0x1012034037e82a7b2586b511c5ca055ae886c74ebb548091cf81c33a61e3ad82
2023-03-25 21:36:23,False,0.08524,4.943e-05,400.0,0.0197,0x88...9162,https://etherscan.io/tx/0xb1870371d50dd1fb3701349fb8386dba4fa0118acb1a8a9fdce3e97ee69f2df1
2023-03-25 21:35:23,False,0.08549,4.957e-05,26001.1,1.28904,0xa6...a54c,https://etherscan.io/tx/0x13c2fb284b9d5eb54c79f181e5df4d1d015f32a95166076685577509a9f64564
2023-03-25 21:33:59,True,0.08625,5.002e-05,118.904,0.0059,0xf4...9e6a,https://etherscan.io/tx/0xaf346a3fc0be8d74140a8d02da57ec9fd618f5328348857bafd5101ac406aad7
2023-03-25 21:33:23,False,0.08574,4.972e-05,500.0,0.0248,0xa7...c7d1,https://etherscan.io/tx/0x381b6e7e3840f9324153bfbd881f5ec735d13844d666cbb3b4883474f1e4d083
2023-03-25 21:32:11,True,0.08625,5.001e-05,1981.97,0.0991,0xbd...e8f0,https://etherscan.io/tx/0x4316c6dc12122e7a501251fbdeafe03237e5365c00052dfb41dc93886635d896
2023-03-25 21:29:59,True,0.08624,4.998e-05,2379.53,0.1189,0x55...c0dd,https://etherscan.io/tx/0xc5bac524a9646d0bed5b2457f24d1b869fe1097c39af654eb87e8773c7229573
2023-03-25 21:28:35,False,0.08578,4.972e-05,8488.34,0.422,0x3f...fb45,https://etherscan.io/tx/0x6c796b97658ea7243df538ef3c40b77fefb653fea12b5e906efe3092438da171
2023-03-25 21:28:11,True,0.08631,5.005e-05,3469.73,0.1736,0x35...68dd,https://etherscan.io/tx/0x26635a5f4bb862a40b2339cf295af2d8cecb3e86109df8786227508435cff510
2023-03-25 21:19:35,True,0.08608,4.991e-05,20000.0,0.9983,0xb6...bf95,https://etherscan.io/tx/0x3ceb4354574b6b050101aa76d0fed0ab9ebf93bc5486faa43479f2d3da4a39bd
2023-03-25 21:17:11,False,0.08537,4.951e-05,642.489,0.0318,0x5c...f383,https://etherscan.io/tx/0x966445a91b1d5ff6f3627b65e2f6a442f2a137fefa94598aa557d237d1bfbf37
2023-03-25 21:16:11,True,0.08574,4.977e-05,7031.6,0.35,0x25...2bc5,https://etherscan.io/tx/0x2ae3e6b22f5006b0e6a942f1a2e10ef49238bacd59e1678eeb3e6f8c5f924deb
2023-03-25 21:15:59,True,0.08559,4.973e-05,484.189,0.024,0xd7...7ea6,https://etherscan.io/tx/0x57e8c07b6936a3c6c6a0b89329487aff604a3998b7ad318a8fd6133d3c6369de
2023-03-25 21:14:59,False,0.08507,4.943e-05,500.0,0.0247,0x7b...2fd8,https://etherscan.io/tx/0x369f75bc18e59df743d1ed574ff818d1cd9ffcbb0c66246783211ccd02d40fb0
2023-03-25 21:14:11,True,0.08557,4.972e-05,1993.46,0.0991,0xaf...d320,https://etherscan.io/tx/0x7dc2f0fc4d46df248a9bc961600e7e154155ba4a6013b348ba6a4f6af6661cd8
2023-03-25 21:13:23,False,0.08504,4.942e-05,671.627,0.0331,0x2e...f345,https://etherscan.io/tx/0x3d4d5d7a9a227cf900458c788461b748b28ea812c65cf783f9f12f6582f0a571
2023-03-25 21:12:59,True,0.08551,4.967e-05,8076.67,0.4012,0x19...a968,https://etherscan.io/tx/0x627c0d447a23afe61478ce9bbf8130939d9d95733c88798e98a3bb13d03d0c9e
2023-03-25 21:12:59,True,0.08522,4.95e-05,22974.9,1.13735,0xef...7fb1,https://etherscan.io/tx/0x6b423e88483f5845171bc1d3bc956263e48c13cf6782e7fd25a964f2d9b3ffca
2023-03-25 21:12:23,True,0.08499,4.937e-05,559.274,0.0276,0x45...bdb1,https://etherscan.io/tx/0xe6388a179666539bd5abc2d3061af39aa904d520b478634c8b8cf4353933f8aa
2023-03-25 21:11:35,False,0.08503,4.94e-05,60293.7,2.97896,0x98...d13b,https://etherscan.io/tx/0xfe11dfed630c8855bcfcc67fa98eee1e72d694748753e8615b57a72c02f718a6
2023-03-25 21:11:11,True,0.09195,5.342e-05,30884.0,1.65,0x43...78ff,https://etherscan.io/tx/0xa352e0004a349fe44f0df410b068857a546b27ec03dd2abd4dbc138ed35a7519
2023-03-25 21:08:11,True,0.08532,4.962e-05,10586.4,0.5253,0x90...9f03,https://etherscan.io/tx/0xe8fbeb33c83f4d4a87ebd2d9bbedbe566235b1eb038dc05cf97533e5d4ac9870
2023-03-25 21:07:59,True,0.08522,4.956e-05,479.979,0.0237,0x9a...d74b,https://etherscan.io/tx/0x028268dc152addc3155fee231da59a1f32d867272ab1abd4b95810ff895176f6
2023-03-25 21:07:59,True,0.0852,4.955e-05,1558.39,0.0772,0x31...48a3,https://etherscan.io/tx/0xdc52a8c08050209a35559fb0f3487c59ea38d0b2a9432caf5cccaeab9972670d
2023-03-25 21:07:59,True,0.08496,4.941e-05,23300.3,1.1514,0x25...c0d8,https://etherscan.io/tx/0x3d011fe47cda04c0f747418e3e27abb3636d7f9cba5de46d575ef9df84f8850b
2023-03-25 21:05:47,True,0.08466,4.928e-05,0.5144,2.535e-06,0x0d...2313,https://etherscan.io/tx/0xcb93800c2da8347abaff1ca474d631c0eea4676417a0fac0e2cbd885d824f0ce
2023-03-25 21:05:11,True,0.08466,4.928e-05,804.535,0.0396,0xe6...52b3,https://etherscan.io/tx/0xe231897831a8a56164fe15b9af37a445030dd91c74a2181406bf676785828faf
2023-03-25 21:04:47,True,0.08465,4.927e-05,301.738,0.0148,0x91...06cb,https://etherscan.io/tx/0x2572e1e56e0fe8e20af507d77009efb633374a04b110eec48e7e4ba0f65f5eb7
2023-03-25 21:02:59,True,0.08446,4.924e-05,5031.96,0.2478,0xf9...7b72,https://etherscan.io/tx/0xdc26741c62173d3b7e6e3d6014792d11e266687641c9611d056db7f96745f35e
2023-03-25 21:02:23,False,0.08407,4.894e-05,2681.57,0.1312,0x0b...a6e2,https://etherscan.io/tx/0x7e46f90095a42555171067511093a793e1fe1240e48648550441168c649c3a56
2023-03-25 21:01:47,True,0.08462,4.924e-05,0.5151,2.536e-06,0x0d...2313,https://etherscan.io/tx/0xd832ed7ef31a090957fc8d541905c4cac5b73dd4bc5df062b23a4ffcf234c99d
2023-03-25 21:01:23,True,0.08452,4.92e-05,8058.09,0.3965,0xf9...7b72,https://etherscan.io/tx/0xb9ec9dbacaaf359c38b0e03b961d7d60c12397cf9d403f16604eaff2a5dabfa6
2023-03-25 21:00:59,True,0.08442,4.914e-05,3227.29,0.1586,0xe2...200a,https://etherscan.io/tx/0xdac62dffbdd5adb8c073143eb4221f3f2924beeeb48c524f5f152a703531ca27
2023-03-25 20:58:35,True,0.08434,4.912e-05,33.0348,0.0016,0x5f...1654,https://etherscan.io/tx/0x4bac4a12dab255e65e555fa82223a4fc5e0acccd91751111e57fa3569ce8ba8c
2023-03-25 20:58:35,True,0.08433,4.912e-05,403.577,0.0198,0x10...920f,https://etherscan.io/tx/0x6ef967ff2daa010a6e9eb41029ea8e944a0f342ed0c01dc0bb64bc61848a5641
2023-03-25 20:57:23,True,0.08411,4.893e-05,33560.3,1.64237,0x43...0f75,https://etherscan.io/tx/0xd7614ef9e9b33a47c2eeff69cf36848bc4e2f114233b277025c151edbfac1517
2023-03-25 20:57:11,True,0.08378,4.875e-05,1061.56,0.0517,0xfd...37be,https://etherscan.io/tx/0xebd92d8bd52263f8f9622d4423bcf735faf7138d213ecba8ce1b3e4cf7a92a6b
2023-03-25 20:56:35,True,0.08284,4.82e-05,101004.0,4.86875,0x2d...08e1,https://etherscan.io/tx/0x0d2f6c2348a4534660855cadf52466a09d9710786915c51591031d898d59173c
2023-03-25 20:55:47,True,0.0817,4.757e-05,17709.2,0.8425,0xbd...2ff2,https://etherscan.io/tx/0x90ac0fef7d3413abc957b830d1678bfaa1250ddb55cd6da99956fc3d97989b3e
2023-03-25 20:54:23,True,0.08159,4.745e-05,6057.69,0.2874,0xa3...86f8,https://etherscan.io/tx/0x1f71ba88e0d2927970aadfe0d96f3c26d2f0b1cf504c6c202b81eb63bfdb19d2
2023-03-25 20:54:11,True,0.08152,4.741e-05,1045.24,0.0495,0x5e...bbd9,https://etherscan.io/tx/0x1a98b07f552c33b6de928679d1ec17068d0e134b266b5c2091820db01e2b7671
2023-03-25 20:54:11,True,0.08149,4.739e-05,2622.95,0.1243,0xd2...b0db,https://etherscan.io/tx/0xe416246adcb31587570246d0e4415b78fde08f8e433261490b5fe3971222416e
2023-03-25 20:52:47,True,0.08142,4.735e-05,6500.62,0.3078,0xdd...4a5a,https://etherscan.io/tx/0x29eab419d71d9fbc341fe1eb6b69e31fe7045e5126c9223f856941cb24f24850
2023-03-25 20:51:59,True,0.08125,4.728e-05,6284.25,0.2971,0x4c...c3e0,https://etherscan.io/tx/0x7a41a45a5c35454c96585ff9ed145c73ad8a6a933587dc42cb373117a9daf843
2023-03-25 20:51:47,True,0.08116,4.723e-05,3175.54,0.15,0x1b...4248,https://etherscan.io/tx/0x8d71522c9753d03ee84caf2416f561c1b78da7ac219664f52293dd756600621b
2023-03-25 20:50:59,True,0.08115,4.72e-05,2519.77,0.1189,0x08...d43c,https://etherscan.io/tx/0x9572e031311dd1a22d434b15e27c816ad9d71e7e67779c6603111e28eed1fbfd
2023-03-25 20:50:47,True,0.0811,4.718e-05,2710.3,0.1278,0xa9...31ee,https://etherscan.io/tx/0xae5793dee75fd17a6052e57f2856f7c5eaa5ad8085a4712526277fde4ccb8b80
2023-03-25 20:50:35,True,0.08104,4.714e-05,3952.76,0.1863,0xa1...a330,https://etherscan.io/tx/0x54bc1b87c9061816fb8d30d2f8c434cb1a50d754b127466c0e453db35f69c9fb
2023-03-25 20:49:35,True,0.08089,4.707e-05,10000.0,0.4707,0xf1...8e91,https://etherscan.io/tx/0xf1c7e2e0c56724f3abfb6a53e96500cb80d0ef8638efc27c8f5024a530da1ff8
2023-03-25 20:47:23,False,0.08086,4.684e-05,19825.0,0.9286,0xe5...a1ae,https://etherscan.io/tx/0xff268fd460d128e96279bf124210c63c04bd396c4dd1c7393d0189a95a38f040
2023-03-25 20:45:35,True,0.08146,4.718e-05,8269.9,0.3902,0x2f...a999,https://etherscan.io/tx/0x1dc5b8fd7c9bce4e7f9f87aa2f2ff4b576c8526fbda3ce4ba6347f2b983d06e5
2023-03-25 20:44:35,True,0.08136,4.713e-05,1219.64,0.0574,0xb2...5244,https://etherscan.io/tx/0x27b5b80b5a713756b38b30f2e54fa038fc7d7fdc1029517cd7bb56b2f2990c62
2023-03-25 20:44:11,True,0.08129,4.711e-05,4159.32,0.1959,0xf8...966c,https://etherscan.io/tx/0x70aebbf6d07e76ba32fae5a132bdadc05802dc5860e4a1f2431f293b3b1b77de
2023-03-25 20:44:11,False,0.08096,4.691e-05,21696.0,1.01795,0x22...ac81,https://etherscan.io/tx/0xa96dd18e5075a78c19a80248fc36282e80f1ccf8cc575697abac40b6ae11f438
2023-03-25 20:42:47,False,0.08124,4.708e-05,10451.3,0.492,0x81...441c,https://etherscan.io/tx/0x39398bb475e485c8807f7e14b750239dcbef2645b71d7560677b349912a96a32
2023-03-25 20:42:11,True,0.08181,4.741e-05,1254.37,0.0594,0x87...d99f,https://etherscan.io/tx/0xf9fdaf5035004018371e6d3bdd7a933c638e68fe0e817002e123b415fe613085
2023-03-25 20:41:11,False,0.0814,4.715e-05,5088.46,0.2399,0x81...441c,https://etherscan.io/tx/0x8677d8c0549077025b76eacb47430a5691eec46f54ad955541cc1ce24b98e0fd
2023-03-25 20:40:47,True,0.08174,4.735e-05,21119.0,1.0,0x3a...6cbd,https://etherscan.io/tx/0xd993d5b598cddc40e53bd84b2d9aaaf6331b77e1e20aaf3e0b4dc37cb528d779
2023-03-25 20:40:35,True,0.08155,4.724e-05,303.046,0.0143,0xcc...d051,https://etherscan.io/tx/0x183c86d91947fb3141be8bf00b609247d90581240bec545edae414b4c5cc9786
2023-03-25 20:38:47,True,0.08159,4.723e-05,830.155,0.0392,0x76...7d5e,https://etherscan.io/tx/0xf38d3427fadf2f0ed7d978667e853b7096fed01225a9b320f2b07cf54126c7d1
2023-03-25 20:37:23,False,0.08117,4.695e-05,1435.0,0.0673,0xda...518e,https://etherscan.io/tx/0xe6ae5b113cf996b4217dc78c8f7c6aebf135deddcd7b86b6cbc575ad326fd0fb
2023-03-25 20:35:35,True,0.08168,4.724e-05,606.229,0.0286,0x45...45a9,https://etherscan.io/tx/0x16d0a6df00e6b2b817423962e86a78dd5293673fcf4f0eb9e3037fd245d9e7c6
2023-03-25 20:35:23,False,0.0812,4.696e-05,1829.65,0.0859,0x11...1fe5,https://etherscan.io/tx/0xe65c6870265305b57cd6c695ee9cfe25a2e285140130b09f3ec441ecdd1d0828
2023-03-25 20:35:23,True,0.08168,4.724e-05,2447.26,0.1156,0xa3...2f3d,https://etherscan.io/tx/0x1314cc72f80ebb07ed1cc2fc4e9b52420995c68f902ae071429f5cd16ab4d641
2023-03-25 20:35:23,True,0.08166,4.723e-05,125.922,0.0059,0x5e...334e,https://etherscan.io/tx/0x8e0d66648863c0853de5c17d1891aea73e6cd552f11e95910e15a8ecbd93ccf5
2023-03-25 20:34:59,False,0.08142,4.711e-05,32623.5,1.53707,0xc9...37ee,https://etherscan.io/tx/0x5571e714f205ce68ae5e8778d0f7c5bf54a5fa841d2260d490fdaf28135615bc
2023-03-25 20:34:47,True,0.08217,4.755e-05,2188.57,0.104,0xcb...4b62,https://etherscan.io/tx/0x7b8d8a2a5d64238043ee98a2caf271985d2acb90391c04f73329372812717386
2023-03-25 20:31:35,False,0.08171,4.74e-05,28048.3,1.32966,0x41...6110,https://etherscan.io/tx/0x809de3d66e89b3c297591398f91832a6605a81ed566165e9a714f92e0e67716f
2023-03-25 20:30:11,False,0.08223,4.764e-05,16877.6,0.804,0x9a...3bba,https://etherscan.io/tx/0xb9a6b1df765f0b659a4dc52bf2767728a7274c7952e5809bdc94f1cf52222066
2023-03-25 20:29:11,True,0.08272,4.792e-05,16692.0,0.8,0xd5...9477,https://etherscan.io/tx/0x11f3c039ec66e3eeedda730e874adc656a7e3d1df11688b67e6bb5960566e5f1
2023-03-25 20:28:47,True,0.08256,4.783e-05,1463.47,0.07,0x52...01f9,https://etherscan.io/tx/0x741a0a8ef7ef69a8e27b1371dbb75749f76f05b40d1a15ed4b98430c89aeeaf3
2023-03-25 20:28:35,True,0.08245,4.776e-05,10903.5,0.5208,0x1c...d810,https://etherscan.io/tx/0x9c240f3b85db10c2dd9352b3641310d45d1c5b23c7b7320c76fc25ddd1319b07
2023-03-25 20:28:35,False,0.08263,4.787e-05,86044.4,4.11939,0x1f...8bb1,https://etherscan.io/tx/0x83dc4a59c631c7ca36395a4429fa310aa155bd37f62d70c1e639a58e2f36a000
2023-03-25 20:27:23,True,0.08394,4.859e-05,4422.73,0.2149,0xcf...0f57,https://etherscan.io/tx/0x113025c85b2fd0878003d576a6bd1d0eb7a1e48802c531a402ba224239744d30
2023-03-25 20:26:47,False,0.08354,4.83e-05,3883.14,0.1875,0x65...837f,https://etherscan.io/tx/0x01480a1d80c93c3d639f7bf49f9854eaffae2978f9a52243ea5d4ddbf5f87030
2023-03-25 20:26:47,False,0.08363,4.835e-05,6085.68,0.2942,0xac...bfe4,https://etherscan.io/tx/0x4dec8929e44865a6d01d45af61d2f7dd6c58b817620d1fcbe96f8e94f3036ac4
2023-03-25 20:25:23,False,0.08369,4.839e-05,200.0,0.0096,0x65...837f,https://etherscan.io/tx/0xcfee00cebf3c16a7ab6d162338b0052e45b0abdae978e2b41f67890b73e7810b
2023-03-25 20:23:35,True,0.08408,4.867e-05,2032.26,0.0989,0x13...44f0,https://etherscan.io/tx/0x220e2e745747093f0f0f034d7c268c657e08f70de3d716d0298f6f13412151d2
2023-03-25 20:22:47,True,0.08402,4.865e-05,1027.64,0.05,0x91...dc25,https://etherscan.io/tx/0xc54ba55a1ec65401fbfa1b7772ffa4f17a99b609de7d578d3e2aea2ac8f0b001
2023-03-25 20:21:59,False,0.08362,4.838e-05,4956.25,0.2398,0x79...d3a9,https://etherscan.io/tx/0x8d57c26410adb0b7defdf4bf92b0a95cd7c6189ee8e6cb190492c75b2d206232
2023-03-25 20:21:23,False,0.0838,4.848e-05,13859.8,0.672,0x76...7d5e,https://etherscan.io/tx/0xe4655e7b9989c0c4cf9885c4eec7ab51ff04cc00cf3d2c517829ade2299bf8f6
2023-03-25 20:19:23,True,0.08438,4.884e-05,1713.93,0.0837,0x21...cc40,https://etherscan.io/tx/0xb36a6a9f29fb49d45fef368e948076bda94da3691a0852b4da86ff7cd2832703
2023-03-25 20:17:23,False,0.08386,4.859e-05,9000.0,0.4373,0x93...e948,https://etherscan.io/tx/0x9d5d908cf2992ac52036307bd09028423cadd539775b8bc03d8bdf9bd419b75a
2023-03-25 20:16:23,True,0.08411,4.873e-05,36363.7,1.77215,0x79...0fa0,https://etherscan.io/tx/0x2058cc527d74a73d224257096771e2b1c09a77c38ae57ca7a1a0bd1c5cde54cd
2023-03-25 20:16:23,False,0.08416,4.876e-05,95975.9,4.68022,0x39...38ef,https://etherscan.io/tx/0x0b7083fa8c6511440f79381abb2270ecdc7f670764d5b64513480c2416682025
2023-03-25 20:14:47,False,0.08524,4.938e-05,18478.5,0.9126,0x64...fca9,https://etherscan.io/tx/0xeea86e8eae5e2af8f3275d8d7ebd47a7be492fa8920546f8f58080300a5dc7c5
2023-03-25 20:14:11,True,0.08589,4.978e-05,369.532,0.0184,0x42...cf69,https://etherscan.io/tx/0x3cb80651fa0446e472f579d4aa40601814467d2b6f04f9277a1add892af13d9c
2023-03-25 20:11:35,True,0.08578,4.975e-05,5977.34,0.2973,0x39...9fcd,https://etherscan.io/tx/0x0bd5ac0ce4a38b0deb469428d8d300796a7f5d912964c4fba684853cee2949b3
2023-03-25 20:11:23,True,0.08572,4.971e-05,288.197,0.0143,0xb9...3096,https://etherscan.io/tx/0x4db4d8f25abb8aad43b7e77bec08cfe4812e4dda380d60abfd696ba42995e660
2023-03-25 20:10:47,True,0.08572,4.97e-05,1196.51,0.0594,0xa5...8f1e,https://etherscan.io/tx/0x833a7d842f99588bc4fb6cdfef7c46356197d6b6d46c2dd3393eefb18e56114b
2023-03-25 20:10:23,False,0.08551,4.958e-05,32913.2,1.63201,0x39...38ef,https://etherscan.io/tx/0xa34d586682e54b118ac6163c6edd27ddb55cea04ee6161f3e313e56d3f03d64f
2023-03-25 20:07:47,True,0.08635,5.002e-05,6989.16,0.3496,0xd7...a3b2,https://etherscan.io/tx/0x39b26bdaf0a07ce2166d6593fd62dd3a47dadce5bab9a3f3ccf4359285da276b
2023-03-25 20:07:47,False,0.08616,4.992e-05,41207.9,2.05712,0x55...1919,https://etherscan.io/tx/0x19abcf91d752d055725d4944f20da2c9820ddb93408f7b83f9e7031caad44da4
2023-03-25 20:07:23,False,0.08709,5.04e-05,44391.3,2.2375,0xe5...6948,https://etherscan.io/tx/0x17bf5fedb578ece390265870d22f0f6f31795d8982c3c4d414ffd73f45c4ba36
2023-03-25 20:04:11,True,0.08802,5.095e-05,423.904,0.0216,0xce...e4b7,https://etherscan.io/tx/0x7586df2d55732bc1ea0497dc1e0991b364e056477785c3687ea36d54a6a07246
2023-03-25 20:01:47,True,0.08812,5.084e-05,19495.7,0.9912,0x32...cfbd,https://etherscan.io/tx/0x5e00edab36e5dd99352ea98da3cb0f893816f194361ef81070302e8fcd82cbca
2023-03-25 19:54:23,True,0.08837,5.071e-05,3694.24,0.1873,0xf7...1713,https://etherscan.io/tx/0xf534b30664e1424d21eda4835e0ccad5af63708d18ab8f96ccf3356591b4d8ce
2023-03-25 19:53:59,True,0.08829,5.067e-05,3325.63,0.1685,0x01...70f8,https://etherscan.io/tx/0x893e2f8a58bf7d2b8fbde5ab869f10975e8d88512a7b49217b33f7dcb8bfab60
2023-03-25 19:52:11,False,0.08777,5.037e-05,3799.81,0.1914,0x42...cf69,https://etherscan.io/tx/0x8bbf36ba90a8087079975c707b426a661678b1b9ae3b30da5fc586fa1c9c17cf
2023-03-25 19:50:23,False,0.08785,5.04e-05,3000.0,0.1512,0x9d...9584,https://etherscan.io/tx/0x07658fd4b99372e9c9c9a2735a42d496cea6325380f613767e440bb68d431c28
2023-03-25 19:49:11,False,0.08813,5.054e-05,20579.4,1.04015,0xd3...87e1,https://etherscan.io/tx/0xc49ea3ae2f881a9f171ebcb496e49e8598c9223e9a0e46c5b4c49f282322ad66
2023-03-25 19:47:47,True,0.08884,5.095e-05,2271.95,0.1157,0x0a...a2b5,https://etherscan.io/tx/0x5cb33bc46e1be62892a7f674344d557f0bd5818950bae4ba269665cc84926ddf
2023-03-25 19:41:47,True,0.0888,5.093e-05,681.126,0.0346,0x4a...f659,https://etherscan.io/tx/0x6c81cbbdaa6bec741f4f1e0f9fad4e82b95856748e508ba2d27d88280cb2226d
2023-03-25 19:39:35,True,0.08876,5.091e-05,3738.34,0.1903,0x7f...b105,https://etherscan.io/tx/0x9f81ef47edea79910bb9e572470498b664b049825c84a805260ada2bd62b244b
2023-03-25 19:38:47,False,0.08828,5.064e-05,10000.0,0.5064,0x9d...1847,https://etherscan.io/tx/0x1d981db4b31f170cc241a9d4cef5bdd00d34e35b6f28100cc1b070dfad4d3415
2023-03-25 19:38:35,True,0.08879,5.096e-05,6163.31,0.3141,0x0a...3de9,https://etherscan.io/tx/0xedd9326f055de83a3217c96377ec73b775ab41d547ec3aab2986e2d192ceb980
2023-03-25 19:38:35,False,0.08864,5.088e-05,44834.5,2.28144,0xd3...762d,https://etherscan.io/tx/0xed45fc1737e8ff1ff7e8f1adfda84fd061cb0173316d8d37902c27f89fc16a4d
2023-03-25 19:36:35,False,0.08906,5.116e-05,3500.0,0.179,0x71...5831,https://etherscan.io/tx/0x73b3f5ea5ad4f79eb06bae06ed992249594816bb03d0112cfdf66e87a4a4ad2f
2023-03-25 19:35:47,False,0.0891,5.118e-05,568.44,0.0291,0x3a...8a00,https://etherscan.io/tx/0xd82087480f7b701f9698faeb42f41e2996776efca587c9aa7f3cd5b294bb12c7
2023-03-25 19:34:59,True,0.08963,5.149e-05,1013.68,0.0522,0x27...778c,https://etherscan.io/tx/0xa6aede529dc3dcf958ecbf04f5d83b38b031b61a4373f3c12e3af4d0ef714524
2023-03-25 19:31:23,True,0.08952,5.131e-05,29229.8,1.5,0xfc...c88c,https://etherscan.io/tx/0x07bfdad7b1defa913eab3658252f78a69e13a5043ef6f1898b67d4bf5f72180c
2023-03-25 19:30:23,True,0.08924,5.113e-05,2206.35,0.1128,0x99...b16b,https://etherscan.io/tx/0xc41796fc46858817e1cc7ef2e338babb9042a6a378b4b03130347c1ba9788ac6
2023-03-25 19:27:23,True,0.08916,5.108e-05,6403.37,0.3271,0x46...f979,https://etherscan.io/tx/0x5ef0798c62b5135ba1a446a52ebeda9124bc854cc5255801f5da83289bdcc011
2023-03-25 19:26:23,True,0.08908,5.104e-05,1165.25,0.0594,0x00...d4ea,https://etherscan.io/tx/0xa11a2f6a878fd17c1852cdfa13db26de438522261ede8eda909fe4a2aafb3a2a
2023-03-25 19:26:11,False,0.08882,5.089e-05,28988.9,1.4754,0xff...9000,https://etherscan.io/tx/0x978aad982e4d0986fb52347d685c64855a9ccea4206fad48894e008fb88df9ad
2023-03-25 19:25:47,True,0.08961,5.137e-05,19.4665,0.001,0xc7...49b7,https://etherscan.io/tx/0x81d85945d3d985d8fdbaef8e6640eee2dd36550d95a939bb95a95815721b84c2
2023-03-25 19:21:35,True,0.08959,5.136e-05,876.084,0.045,0xc6...088a,https://etherscan.io/tx/0x4a04e7d7d8ff9ca43ca142bbefd7ab21bf7c716310c9f8d6570faa4b41d42d44
2023-03-25 19:18:11,False,0.08916,5.111e-05,11500.0,0.5878,0xf3...0fb5,https://etherscan.io/tx/0x5c2d668c92b4488c917dae1fecd40f54a89a35bb51601574a108cd2c3dda3438
2023-03-25 19:14:23,True,0.08984,5.148e-05,2101.93,0.1082,0xad...115a,https://etherscan.io/tx/0xbad2260e9590b44352d804803f2e605624f417c23199dfe3779610aebb5d296b
2023-03-25 19:14:11,False,0.08928,5.116e-05,1000.0,0.0511,0xee...8509,https://etherscan.io/tx/0xc6ccab1f8b352f0be8768dae97076024cf7145f900c9e3bf24cee7c3b66762bd
2023-03-25 19:11:11,True,0.08983,5.147e-05,679.912,0.035,0x42...cf69,https://etherscan.io/tx/0x9199cddd65c5a696af8a494c97e5fa07e385e4c7c751151459816c1880e52c4c
2023-03-25 19:02:47,False,0.08927,5.117e-05,1101.41,0.0563,0x39...2f3f,https://etherscan.io/tx/0xdd1e1c1801c6a1fa07bdafc4918c745a0b88b68371e50940891b6df9fcfd666c
2023-03-25 19:02:35,False,0.08932,5.119e-05,3000.0,0.1535,0xe5...8408,https://etherscan.io/tx/0x0b5ecb45ab1604956bda59a93082f369971fd1cbfcb40afafe0a63f4edb887f5
2023-03-25 19:01:11,True,0.08983,5.148e-05,5775.69,0.2973,0xa3...86f8,https://etherscan.io/tx/0xda278dbca09250d88ea96bd5ef278221a19febea22ea7bfb6f7764dda05787de
2023-03-25 19:00:47,True,0.08977,5.145e-05,530.412,0.0272,0xc7...012b,https://etherscan.io/tx/0x0b9695b6eac3efd7257c2e1a54c7a5fd2f3b832235b49fae176ca8ff1b6678bf
2023-03-25 19:00:23,True,0.08974,5.142e-05,3084.76,0.1586,0x45...12ed,https://etherscan.io/tx/0x5304a5890dceec683f535f22489f15aafaadaf8a0c1c075b7e5142920512514a
2023-03-25 18:56:23,False,0.08919,5.111e-05,1380.1,0.0705,0x39...2f3f,https://etherscan.io/tx/0xbd2d211295f524f26bb887a8d37106d98d60dd0770f6f92f588d1d3facfa8985
2023-03-25 18:55:11,True,0.08975,5.141e-05,2699.3,0.1387,0x89...b192,https://etherscan.io/tx/0x4b36014ec3113a1d0f83ca1203043dce7d490a9566ca4742e2add17b73be176a
2023-03-25 18:54:47,True,0.08969,5.137e-05,2990.45,0.1536,0xb8...210c,https://etherscan.io/tx/0xe7584736b3d66bdeedbdae9be1c78b17dcb9e4fffc17dcea214346a91d62a46e
2023-03-25 18:51:23,True,0.08966,5.135e-05,632.258,0.0324,0xc7...012b,https://etherscan.io/tx/0xaff79921f66440846cf983def9ed27dfda30285aa2754830b05794bd7f070d5b
2023-03-25 18:50:47,True,0.08965,5.135e-05,579.116,0.0297,0xb8...210c,https://etherscan.io/tx/0x0608320170ca7d2cbf6983d474c1d8681b4ef0bb484395279b091f9f2deb7932
2023-03-25 18:49:59,True,0.08965,5.134e-05,579.273,0.0297,0xc7...012b,https://etherscan.io/tx/0xbecee4624864ed3fe8305601de37970c537aa0babe07be2a92d7a9896463550c
2023-03-25 18:44:47,True,0.08959,5.133e-05,770.367,0.0395,0xc7...012b,https://etherscan.io/tx/0xf26cee24618de09205c86f7b28f0e59bc589f46f4c932f52f3d58486334e6b36
2023-03-25 18:43:23,True,0.08957,5.132e-05,957.002,0.0491,0xc7...012b,https://etherscan.io/tx/0x9f715e3433e28d9c2d621fceecf6e52c904c8e840e220a94a995ef6500089efc
2023-03-25 18:43:11,True,0.08946,5.126e-05,10049.9,0.5151,0x6b...9f91,https://etherscan.io/tx/0x25a2a7bfdd2905948383c21b5966f4be8f423a208db9d4825f450898e4ecb463
2023-03-25 18:39:11,True,0.08927,5.119e-05,1261.27,0.0645,0xc7...012b,https://etherscan.io/tx/0x8bbe5d58cb281f1ef3242dfa098a88c7206f595607c7c30c424a8dd480ca575a
2023-03-25 18:39:11,True,0.08925,5.118e-05,619.725,0.0317,0xe4...174c,https://etherscan.io/tx/0x669d240ca2b801a6315b49e298b02c83a3a746255cc42310f54886653ad0cf48
2023-03-25 18:37:59,True,0.08925,5.117e-05,508.175,0.026,0xc7...012b,https://etherscan.io/tx/0x587a9e451242273c57e81679088e92cc24203ff8ed2ac9bb8daf12cd6c4e1062
2023-03-25 18:36:35,True,0.08921,5.117e-05,640.375,0.0327,0xc7...012b,https://etherscan.io/tx/0x450be3d5d38796ae9ea5c35f346204cd9f01add7b6b851de2e1857106d352f54
2023-03-25 18:31:47,True,0.08924,5.116e-05,1075.04,0.055,0xc6...fed0,https://etherscan.io/tx/0xc75403cd5d8c474a2ba0036c32b37b0c5a9d8cde6030c8d250236f9e17f9a0e3
2023-03-25 18:31:23,False,0.08873,5.086e-05,3395.33,0.1727,0x0c...b743,https://etherscan.io/tx/0xc2aca15736dd72cc43954db88c7b1e932374bfcbac549d6a8cb7150d7c5696dd
2023-03-25 18:29:59,True,0.08933,5.119e-05,487.45,0.0249,0x58...302d,https://etherscan.io/tx/0x21afe785a83ec322e91b7b74e37278b540f73e2c066add1183ebb49a73d18bd0
2023-03-25 18:28:59,True,0.08931,5.117e-05,1856.81,0.095,0xb2...3036,https://etherscan.io/tx/0x092d953fe268055c08151cb14ffc6b70efd5ae3eeb951f89ef9d391285eb4d8d
2023-03-25 18:28:59,False,0.08884,5.09e-05,8112.84,0.413,0x79...d9ed,https://etherscan.io/tx/0x7bd37c6c3c9e50e6099f535f283f2a19e676ee1aae6147d25d8abf00d441870e
2023-03-25 18:28:59,False,0.08895,5.097e-05,3101.79,0.1581,0xa9...3172,https://etherscan.io/tx/0x87e7da882eac8affc25fcee1eea5ee0652740fada87292a23ff765ec204ce333
2023-03-25 18:24:23,True,0.08963,5.127e-05,3354.31,0.172,0xee...8509,https://etherscan.io/tx/0x2b8542b6d9db6def3b387af7e3631f6c64954d6e0f9cce8b227857cf296916cf
2023-03-25 18:22:47,True,0.08958,5.124e-05,2224.62,0.114,0xc6...fed0,https://etherscan.io/tx/0x5102f8dc9a93a5c23db2e10e5241cccd3061cea73d2be77dfb9830a219720d77
2023-03-25 18:17:23,True,0.08977,5.122e-05,817.543,0.0418,0xf8...70cb,https://etherscan.io/tx/0x878e40387cff55b11b57e04e05498bc3c239bd46fd92887bba38de9ac7d6ad6a
2023-03-25 18:16:59,False,0.08928,5.094e-05,5030.56,0.2562,0xfb...cbf4,https://etherscan.io/tx/0x19ee6b9ef687a4adcf8ac6baa2c1e907e633f9821e60c23cfab150f1edf14610
2023-03-25 18:15:59,True,0.08989,5.127e-05,286.007,0.0146,0x04...905e,https://etherscan.io/tx/0x595f0b1c3552ec7a96c90479dc375a99c039bb1ac40681efc8bad18c17fe6bc6
2023-03-25 18:13:23,True,0.08988,5.126e-05,1763.35,0.0904,0x63...52cf,https://etherscan.io/tx/0xf451a91190506f27be43d08045ae2ec06b8a83740ecf2c773ab25ca3a0e500d7
2023-03-25 18:10:47,True,0.08983,5.123e-05,3095.31,0.1586,0x20...e038,https://etherscan.io/tx/0xddc2e41528a3c09f8d42b6680e5ccd5aa566a6251d4aeddf7fb3bf52e82c8108
2023-03-25 17:59:35,True,0.08982,5.121e-05,1161.3,0.0594,0x72...0f0e,https://etherscan.io/tx/0xde05dcfa6adfce6e54335f9a25501a143b613f6adc38899f2114e578234ee01d
2023-03-25 17:58:23,True,0.08981,5.12e-05,387.169,0.0198,0x58...f81d,https://etherscan.io/tx/0xd7969a096cca419728082db7f215eeb32f3d08c47354709c2b2bc7d2f0aaa912
2023-03-25 17:56:11,True,0.08979,5.119e-05,1191.05,0.0609,0x5b...3438,https://etherscan.io/tx/0x8968c57e3598d65355fc1d59c0830f048675aebb2e6f29c3228a900df9139e5e
2023-03-25 17:55:23,True,0.08976,5.118e-05,832.755,0.0426,0xe0...6989,https://etherscan.io/tx/0x3b4a1329520559cd93f68b48bbdbab82ad62c2a98eaab01ce80e2f345b378326
2023-03-25 17:55:11,True,0.08975,5.117e-05,661.857,0.0338,0x5b...7d71,https://etherscan.io/tx/0x22341e7388d3c2e854f168accaa3287eeebc6b3a96bf8a6bb25d09bdcc0f4cb0
2023-03-25 17:51:59,True,0.08969,5.116e-05,1663.68,0.0851,0xa7...228a,https://etherscan.io/tx/0x423773b8ca09f996c4019e78e9a33e534e6b7783e440709b3802a1fbb1a55f79
2023-03-25 17:51:47,True,0.08959,5.11e-05,7564.11,0.3865,0xfd...0f5b,https://etherscan.io/tx/0x232a8c4eb657953588f64d3ef324b91570d4b1248bbb5061d699d367e35f17f6
2023-03-25 17:51:35,True,0.08946,5.103e-05,5254.23,0.2681,0x9d...390f,https://etherscan.io/tx/0x60d91d4a5347b9abade5801e76fdf3b14d64c735bff89617306a7734166abff4
2023-03-25 17:47:35,False,0.08898,5.069e-05,157.689,0.0079,0xbe...c6e4,https://etherscan.io/tx/0xbec33db1df4c67a22c38d1dc389e393a93f34ee5b2fde9e69df4e53f665593dd
2023-03-25 17:45:23,True,0.08956,5.1e-05,388.702,0.0198,0xd1...808a,https://etherscan.io/tx/0x8499bae43247f54131d42907121387d4aa6c5e483fd0aadcf972523a0f7c05ed
2023-03-25 17:43:35,True,0.08955,5.1e-05,194.364,0.0099,0x0d...c933,https://etherscan.io/tx/0x5303fb1ccdf871b935b6870fefa55aa2dfdb3123677c50ac0f3393225df97e6b
2023-03-25 17:41:59,True,0.08952,5.099e-05,1270.55,0.0647,0x21...7a57,https://etherscan.io/tx/0x091e4e2db0c1d1f724108aefbb56b54d0c2f64d1fd08f8c8763fe37f7bb178fd
2023-03-25 17:38:11,True,0.08947,5.098e-05,583.312,0.0297,0x89...dcaa,https://etherscan.io/tx/0x95c7d624749b3776001145dff1a2143b7b3da950d5758a46a59f0f71df04ea15
2023-03-25 17:36:47,True,0.08945,5.097e-05,972.358,0.0495,0xaf...0707,https://etherscan.io/tx/0xd91a08009a0d6cba65637d96e74cd9cb96eb6ea66bcf07614cbf11f028ca5264
2023-03-25 17:36:23,True,0.08942,5.095e-05,1750.79,0.0892,0xe2...fed1,https://etherscan.io/tx/0xed68fac607bb2409755e6e6d0dafcf95d867ea67cfd319df264fbad8144cf1ac
2023-03-25 17:36:23,True,0.0894,5.094e-05,836.732,0.0426,0x3c...f511,https://etherscan.io/tx/0xc04fd4298825676bec368f2ebf2b58301aae03bac5de06d2bacbf58da9078bae
2023-03-25 17:35:59,False,0.08889,5.065e-05,3400.0,0.1722,0xf0...2272,https://etherscan.io/tx/0x437d13f88139599cd5d019f54b2e70533d7cbae99a073281808c531f43765ea2
2023-03-25 17:35:23,False,0.08893,5.067e-05,1108.56,0.0561,0x31...e201,https://etherscan.io/tx/0xf4096fb9141fad262c54caa4efc83c7e1ca8b55d510b963d80eacc4cea9ee979
2023-03-25 17:31:35,True,0.08953,5.098e-05,132.728,0.0067,0x6c...ae51,https://etherscan.io/tx/0x265aa8aa92c75100cc3bd2871be162aa6db6164ac15db4527a27e3cd7c8ee9ee
2023-03-25 17:30:35,True,0.08945,5.097e-05,2723.37,0.1388,0x3a...be1e,https://etherscan.io/tx/0xc66042e6723a6f07206ccba13cde9191ce027f73ef9c9a345706ab3efaf6064b
2023-03-25 17:28:11,True,0.08939,5.093e-05,3889.42,0.1981,0x7b...1be5,https://etherscan.io/tx/0xe51e1f688d2f4f386dd680c3de3a26e2b7cf804aa63ce0cb194c6ec66c3367a0
2023-03-25 17:27:47,False,0.08885,5.062e-05,3377.58,0.1709,0xc9...f6d4,https://etherscan.io/tx/0x108447cb9c81ec108a2f282df4e55785378baea5c5c6dabf2b22ba7a54b883ed
2023-03-25 17:26:35,False,0.08885,5.065e-05,2390.0,0.121,0x65...21ff,https://etherscan.io/tx/0xa8750e5069451b910ecea5cc7eb218e9034ec79d4448f43372234f2b6f34e93a
2023-03-25 17:25:11,True,0.08939,5.096e-05,1793.14,0.0913,0xf0...f30d,https://etherscan.io/tx/0x232e45be8956554d3fd436f41c2bd8fea4edcbbae3167b5e579bd250acded1cb
2023-03-25 17:23:11,True,0.08937,5.095e-05,376.419,0.0191,0xe4...3e1c,https://etherscan.io/tx/0x01d8b1d470eed731b50c01373c288968c24319b1f254d24bb55ef3cfcac1b2a4
2023-03-25 17:19:11,True,0.08935,5.094e-05,603.142,0.0307,0xbb...db6e,https://etherscan.io/tx/0x9d9070e46d7b93dfa47bded40d298a8c6bb7b02ac9159bc1ccc9fc3084ecdbe4
2023-03-25 17:18:23,True,0.08929,5.09e-05,6951.97,0.3538,0x2b...164e,https://etherscan.io/tx/0xc3faf20050bf9eb690e1929cfdd9cb420495bcc6cd91e0994e71f08981866374
2023-03-25 17:13:23,True,0.08924,5.084e-05,2924.2,0.1486,0xcc...dc49,https://etherscan.io/tx/0xc79d5f5f81d0983b9afcd0358ab5a5cfe87e7c3df120d82134340d5bdf78d1fe
2023-03-25 17:12:11,True,0.08919,5.081e-05,1950.54,0.0991,0xb5...0445,https://etherscan.io/tx/0x22cdb645155d1bf4a6e80205e0c11f234913e9f01feb2c7233adad851920ef89
2023-03-25 17:10:47,True,0.08913,5.078e-05,4876.44,0.2476,0x44...f0e8,https://etherscan.io/tx/0x32d14320fed7e8d4a0084f0b001d6574bc797193ca19faca599b891a3a04aa5b
2023-03-25 17:01:11,True,0.08907,5.072e-05,5110.28,0.2592,0x0e...e85b,https://etherscan.io/tx/0x7d75edb448f490834f0662dcbb585319d946321d9207ef511d129b41369e5a02
2023-03-25 16:59:11,True,0.08901,5.069e-05,293.318,0.0148,0xd0...52ed,https://etherscan.io/tx/0x3a45d371dd851702f04c19486ae60358f802585ed1e17e1df08b515579eac474
2023-03-25 16:57:11,True,0.08917,5.068e-05,215.113,0.0109,0xd0...52ed,https://etherscan.io/tx/0x0ca2fe9e84dc68dc242ed0e895974bd8710302d354579d4ac7bde24027da8e21
2023-03-25 16:56:11,True,0.08915,5.068e-05,288.325,0.0146,0x16...9b3f,https://etherscan.io/tx/0x9ab7a08e1d4d7ff728bb69719eb68f9e9b36d0c8f5da272f42652504afe35949
2023-03-25 16:50:11,False,0.08874,5.039e-05,2456.32,0.1237,0xcc...bfdd,https://etherscan.io/tx/0xfafed9d2c6137ee0476f9b0ca8cb689b7c955172d4abbfdca5e3e2f0d85518b1
2023-03-25 16:45:23,False,0.08841,5.041e-05,1500.0,0.0756,0x5a...4d5f,https://etherscan.io/tx/0x292f836587ccebc01805c7c20b0da5926f70f9a268a1e4d947289c6f4551dd01
2023-03-25 16:41:35,True,0.08891,5.072e-05,644.867,0.0327,0x9b...e16b,https://etherscan.io/tx/0xede4ab6dd315710ffeacadca35a619ac73d80b1b8a859fc5912939ed4b5faff2
2023-03-25 16:40:11,False,0.08829,5.042e-05,1350.0,0.068,0xcc...dfbf,https://etherscan.io/tx/0xc86a78b674e9405852e0a1254814e9a9af168b7c5d668643fd59be3d0695da16
2023-03-25 16:39:47,True,0.08882,5.073e-05,961.966,0.0488,0x3b...88e5,https://etherscan.io/tx/0xb1ace254a94e4b6ddb058eafc9cfa9b45d00e109665edf9b59124f57117d4ce3
2023-03-25 16:36:23,True,0.08877,5.071e-05,1935.0,0.0981,0xe9...0193,https://etherscan.io/tx/0xbcba66da52e77130caf430153f83a4fde642e6ce7cbd29de2849e09354c442c5
2023-03-25 16:34:35,True,0.08865,5.069e-05,1118.38,0.0567,0x14...0173,https://etherscan.io/tx/0x25eebd589197a62f8809740947326e8abd8a504e0896e7cad9ea2139a5454d77
2023-03-25 16:32:23,True,0.0886,5.068e-05,2009.97,0.1018,0xd1...20bc,https://etherscan.io/tx/0x029864cca7c449dc382317d676cfed053830df7c91799bd1bbf411d86347691f
2023-03-25 16:30:11,True,0.08857,5.065e-05,2054.65,0.104,0x8b...143f,https://etherscan.io/tx/0x9f8e8eda9326e9309296ed04fe545cc66c6293d2b18762bcf590d1cdcd38bd95
2023-03-25 16:29:23,False,0.08812,5.039e-05,9712.18,0.4894,0xf9...08a0,https://etherscan.io/tx/0x701fbd7c5ad781b9e11875aa80d6864e0c71560b7180eb0255637749c032ce88
2023-03-25 16:25:59,True,0.08854,5.069e-05,11013.9,0.5583,0x20...c484,https://etherscan.io/tx/0x74046a5dc6fa6e141aab3f6b244ee995ed4c4c48a021a3c88e420cf5e42cc1a5
2023-03-25 16:23:59,False,0.08791,5.032e-05,500.0,0.0251,0x91...dc25,https://etherscan.io/tx/0xedf160bcc5edf5f749246429930b1d41f27ad4278126520466d0c89bfe818a57
2023-03-25 16:23:47,True,0.08843,5.062e-05,1664.3,0.0842,0xa3...4cca,https://etherscan.io/tx/0x8c1ad2c2009217d1b4df40729b221d95a1fcdbc07273f168e9f579b3effe63f1
2023-03-25 16:23:11,True,0.08839,5.06e-05,1789.77,0.0905,0xc4...1738,https://etherscan.io/tx/0x422d2e7e5e0e02981de4eae422950e50e035737648ee0327d81c015e479ede4b
2023-03-25 16:21:23,True,0.08833,5.058e-05,2087.0,0.1055,0xf1...d378,https://etherscan.io/tx/0x9f1274a8cc6769c22b8f03b6a06239b23b1e29e5af9bc3d6706c8ca5c1db7170
2023-03-25 16:20:59,False,0.08786,5.031e-05,8000.0,0.4025,0xf8...5cfd,https://etherscan.io/tx/0x6275f92bd31e64b4b799690ac5497acad67f612cd750f3e32427519923a18630
2023-03-25 16:20:35,True,0.08869,5.078e-05,48.7931,0.0024,0x0d...6012,https://etherscan.io/tx/0x94d8891c8fc389464a1c72e8eda49075310a10408e5de3f37df0b1d1000874cf
2023-03-25 16:17:35,True,0.08867,5.076e-05,3545.56,0.18,0xa6...abe9,https://etherscan.io/tx/0x95d71c5315889afbc59428a561eeeda93478d3122b61d948a6901d6a82677161
2023-03-25 16:17:11,True,0.0886,5.073e-05,2989.56,0.1516,0x88...bf2d,https://etherscan.io/tx/0x7f2f18ce94807c9459edb52669eb464cd0a8b84cef99fffe9a9c1930a83daa2b
2023-03-25 16:16:47,True,0.08852,5.068e-05,5378.49,0.2725,0x2f...82b9,https://etherscan.io/tx/0x23e7219594be9db01bfad7c7d212bed0b5dd44610e997f884f7f32ae7d91d62c
2023-03-25 16:11:35,False,0.08801,5.036e-05,2796.94,0.1408,0xf2...18ae,https://etherscan.io/tx/0x9af5cce1b47736884dff32815ea2524936e515cf54f9288bcf10aec4ea9c9850
2023-03-25 16:08:59,False,0.08816,5.04e-05,3651.39,0.184,0xa1...0e5e,https://etherscan.io/tx/0xbb677c016d99c23999114b51e65fa571a3387e49683a108e0eda72e2b14b0c39
2023-03-25 15:55:11,True,0.08881,5.071e-05,2250.88,0.1141,0x2e...f345,https://etherscan.io/tx/0x0e4240777e510abd21c96a88dd0a1a340ec185ac1612bb79b1d5ca0acb6fa810
2023-03-25 15:51:47,True,0.0888,5.069e-05,428.624,0.0217,0x2b...a63e,https://etherscan.io/tx/0x74c4e0bdf26371908536641a6cd3797507a56a9f966129dd8e40aa048a53f6cb
2023-03-25 15:50:59,True,0.08878,5.068e-05,1567.65,0.0794,0x6f...0bfa,https://etherscan.io/tx/0x601d2c58945463e05fa248adbb5bd4672a819f976aaccd95171beae40284413e
2023-03-25 15:49:11,True,0.08876,5.067e-05,163.263,0.0082,0x8b...2b76,https://etherscan.io/tx/0x0389af9674289b9d5e1acbd4708e7000dc08c2922b8fdf1516f2178cadf64706
2023-03-25 15:44:47,False,0.08828,5.039e-05,3500.0,0.1763,0x60...0a1b,https://etherscan.io/tx/0xd763fed1174431d8dbbd57562c290f032741f984db213530e98853de39685986
2023-03-25 15:41:47,True,0.08884,5.069e-05,3140.0,0.1591,0xfb...fd64,https://etherscan.io/tx/0xcc5dcbe193d41d98a040010429284c38f6b48879d1e77fd7e25d913cecb460b2
2023-03-25 15:36:35,True,0.08882,5.067e-05,1173.73,0.0594,0xeb...51d0,https://etherscan.io/tx/0x9967c5f02f0519ea07304520f0707734eddf1569fb32ef865afc3ea3f30ce4cd
2023-03-25 15:32:23,False,0.08833,5.037e-05,2662.0,0.1341,0xcc...dfbf,https://etherscan.io/tx/0xae3a2fed81bc2c18887f5be68907a06713b6b28170bd54f7c703f5e9ef56223a
2023-03-25 15:22:35,True,0.08876,5.067e-05,2933.93,0.1486,0x1a...c795,https://etherscan.io/tx/0xa215bdde1e874111b2785612ec5a2b1f107d36f72a3802d6c2800ee9a85790d8
2023-03-25 15:19:11,True,0.08869,5.064e-05,3619.32,0.1832,0x48...defd,https://etherscan.io/tx/0xf7a67d6486f43329ba7a96984e4df5f299752f04f7bfb1a2f9fb8781db95390f
2023-03-25 15:18:11,True,0.08864,5.06e-05,2522.43,0.1276,0x8d...0b75,https://etherscan.io/tx/0xf497575586edc33339508c0979da8f3a99c6416bfae23b0611dd4e8a2fd19cb2
2023-03-25 15:17:11,True,0.08858,5.056e-05,3955.0,0.2,0xbd...d2b3,https://etherscan.io/tx/0x52e5b2090716aa5e7fbece880e1cbfb49c29958fd953daf4e92c24ca1ac0bd34
2023-03-25 15:16:23,True,0.08852,5.054e-05,1176.8,0.0594,0xaa...f804,https://etherscan.io/tx/0xe537df660e4b8172e3917802a40b3a04425a4aa158352204677743a0206764c4
2023-03-25 15:14:23,True,0.0885,5.052e-05,1569.55,0.0793,0x3f...a62d,https://etherscan.io/tx/0xdf056775c208e5b4a37ed5fd044efcd8073464f88224c95aa806da657f462c91
2023-03-25 15:13:59,False,0.08806,5.027e-05,11261.1,0.5661,0x3c...568c,https://etherscan.io/tx/0x32588ea6ba66d3dde486620463a2c5e528d2c3d66ea238b655e8c5ed7d5bf7f9
2023-03-25 15:13:35,True,0.0888,5.064e-05,645.574,0.0326,0x48...defd,https://etherscan.io/tx/0x39088e1ad9a6074c3d7c5e26be9fc473789ab0c2407c8cc480dfcc46328f9107
2023-03-25 15:11:23,True,0.08888,5.061e-05,3102.8,0.157,0x94...9379,https://etherscan.io/tx/0x921935a2eb922544b64fd9c051f3b85d4f5bfaa7c7e07c5fd411fbe84dad60ef
2023-03-25 15:08:59,True,0.08872,5.057e-05,5088.46,0.2573,0x81...441c,https://etherscan.io/tx/0xe210037bfdfd2601b51b6bac8b1370792ea1a00731f810fec3cd59b5029358f5
2023-03-25 15:07:47,True,0.08862,5.051e-05,5577.89,0.2817,0x5a...8488,https://etherscan.io/tx/0x4efe28d5a676bfe5043e96e98f9408c829f38319fa3b2355d46b47f6cf733288
2023-03-25 15:05:59,True,0.08851,5.045e-05,4877.1,0.246,0x0f...1cb4,https://etherscan.io/tx/0x6772f4762654d1ac734e77f982edbafa8aa4b0dcfc0ebe63a9a6c3905b7ea6b1
2023-03-25 15:05:35,True,0.08845,5.041e-05,1179.68,0.0594,0x0a...14a0,https://etherscan.io/tx/0x5805ed60b4865aacec5f468bb63309f5f00606f5b7504c290fdbfb4cfa384b65
2023-03-25 15:04:59,True,0.08844,5.04e-05,1179.99,0.0594,0x0a...38b6,https://etherscan.io/tx/0x6e96db2cd25e760d3b9475fe606071511e701419f76a286c297c0a2351acbc2f
2023-03-25 15:03:11,True,0.08842,5.039e-05,65.5601,0.0033,0x42...cf69,https://etherscan.io/tx/0x43da8996ba231269e6d766993831787b6eb07efea714f3be7ab7e61c78c269de
2023-03-25 14:51:35,True,0.08819,5.039e-05,671.736,0.0338,0xa1...d9d4,https://etherscan.io/tx/0x0984f923e7b3fafdd45575349abc4dd31888765a0f68799a6642e4f46bfa90d0
2023-03-25 14:49:11,True,0.08838,5.038e-05,278.412,0.014,0xe5...263d,https://etherscan.io/tx/0x3b97b9201b8cec61ac89717d38e87eca036c2e32da983906257c52fdf0b127f0
2023-03-25 14:48:11,True,0.08837,5.038e-05,698.469,0.0351,0x33...1353,https://etherscan.io/tx/0x0f07118850ba5803346496889121cf3b851a0278214c30fd49616065c5afc869
2023-03-25 14:44:47,True,0.08827,5.036e-05,2510.37,0.1264,0xce...86f4,https://etherscan.io/tx/0x6eb65b8bdee7261f532b215f9ca821c88661ee70058357475bd2901fc328876f
2023-03-25 14:41:59,True,0.0882,5.034e-05,590.675,0.0297,0x17...db0f,https://etherscan.io/tx/0x6eaaf49c514711e1d282f07b10588925801a724a9f93d8c80abb91a2c27e6d57
2023-03-25 14:38:23,True,0.08833,5.033e-05,1067.96,0.0537,0x6f...d297,https://etherscan.io/tx/0xd94c4a40759aa3ad01c4517a5c8f675707ac108694653d0a8811b668f292aada
2023-03-25 14:33:11,False,0.08784,5.025e-05,40224.6,2.02151,0xa0...44c1,https://etherscan.io/tx/0xc8ae209848bff8a61d728871b51c21710582c55ae10df4a9b63fc36a59635264
2023-03-25 14:32:11,True,0.08866,5.078e-05,390.63,0.0198,0xb1...641b,https://etherscan.io/tx/0xb6e7168aedc60b23bb9ed23e6371876342f56cfbd7659bbba93371d133957f84
2023-03-25 14:30:35,True,0.08859,5.078e-05,356.947,0.0181,0x6f...0c6f,https://etherscan.io/tx/0xdba314990e9a07009dab3b058b786480169eb6bee4618a616c5fffdaeded2ced
2023-03-25 14:29:11,False,0.08808,5.048e-05,1707.15,0.0861,0x42...cf69,https://etherscan.io/tx/0x8c1b121d3785809df6dfed334618d5b779e72a96bae26ee6bff739b19123d5bc
2023-03-25 14:28:59,False,0.08815,5.052e-05,5758.26,0.2909,0x6e...8b83,https://etherscan.io/tx/0x50e446287bc092c93659cc00b2c441d6d215c4121f8f3d3ab4ce70f693a200ca
2023-03-25 14:23:35,False,0.08821,5.062e-05,11484.8,0.5814,0x37...9195,https://etherscan.io/tx/0x5941a6264dff826e37b70fabc6703f61629126660c0afac58c043e93a852606a
2023-03-25 14:21:23,True,0.08863,5.087e-05,21622.9,1.1,0xbb...1ced,https://etherscan.io/tx/0x86b63dbc061326c81b69de2c9e7e174966ce29ff3226727296e9f1f976e7b56e
2023-03-25 14:17:59,True,0.08837,5.074e-05,1230.75,0.0624,0xc0...60aa,https://etherscan.io/tx/0xef30d9cd1dadbbaf9edc9e3167de417a99adf077e3298f14a96d8d0df0d53a06
2023-03-25 14:16:35,False,0.08827,5.066e-05,40729.0,2.06345,0x13...c8a2,https://etherscan.io/tx/0xd93d5e9aee11481aa7338c7dc6dcfc8f8f8537175bfc94ec287ac1d73440acd6
2023-03-25 14:16:11,False,0.08903,5.109e-05,34841.6,1.78036,0x30...83a4,https://etherscan.io/tx/0x722737b6f8eef9fd58c6702d55cb9bc90e8412359b7d16541540dfa46b5aa458
2023-03-25 14:14:11,True,0.0899,5.16e-05,940.263,0.0485,0x42...cf69,https://etherscan.io/tx/0x1e4dab18724f421222888ce4b4e7fbab97ec799a43b0074f3c8b7c85b8c4b1a7
2023-03-25 14:12:35,True,0.08987,5.158e-05,2498.1,0.1288,0x28...cc96,https://etherscan.io/tx/0xde34772d6c420982ab6d274f73c90d9119ddd009c86b0cdb7305fc9882c8eafa
2023-03-25 14:11:23,True,0.08984,5.156e-05,81.4813,0.0042,0x58...c36c,https://etherscan.io/tx/0x142f02f4be7ac363e52fdb7339dab5f375adbed2db32cf09a351fab609584fb4
2023-03-25 14:10:59,True,0.08979,5.153e-05,5000.56,0.2577,0x03...2c96,https://etherscan.io/tx/0xfc4ee853e87637a1cc505cc048f7e30e621c52ea080416d7bb068faea1c4a422
2023-03-25 14:10:23,True,0.08974,5.15e-05,299.368,0.0154,0x28...cc96,https://etherscan.io/tx/0xc3547435c019e9bba8d58d899669a9f1a4fa1e7c26943bd708524dc10042f5e2
2023-03-25 14:07:59,True,0.08952,5.141e-05,16389.0,0.8425,0x81...585b,https://etherscan.io/tx/0x047f218a9be720fff46db0805159e3db1ecf96326b072f7091b98ff3b2e235d8
2023-03-25 14:03:47,False,0.08902,5.105e-05,8820.01,0.4503,0xa1...5fee,https://etherscan.io/tx/0x15c10a74397a628de553c0470bab7f5cc46776024a259244a46c0018ba25812f
2023-03-25 13:59:11,False,0.08923,5.117e-05,10947.6,0.5602,0x4a...890a,https://etherscan.io/tx/0x7bb984e5f1c8b240417f6324ec5afe282a9f3bc4e63c872f7724988e3a3f65bc
2023-03-25 13:58:23,True,0.08988,5.154e-05,286.524,0.0147,0xaf...bf8c,https://etherscan.io/tx/0x5d1f2cc05cd6b46ea8e22974b660bd8c5647c360ed3021f4be5fc1234d7246db
2023-03-25 13:56:35,False,0.08931,5.123e-05,700.865,0.0359,0x25...3e9d,https://etherscan.io/tx/0x71057ff5757f58700ee00a73d3decca672b64e123c83504d70f41e0eae8fdf5d
2023-03-25 13:50:59,True,0.08981,5.152e-05,3844.54,0.1981,0x75...f662,https://etherscan.io/tx/0xd00dd5d626731ce5bdad0acae1c5efbae7657ceef0b5fc56b6131f400264b389
2023-03-25 13:50:47,True,0.08977,5.15e-05,407.746,0.021,0x91...dc25,https://etherscan.io/tx/0xe50c93ad519e81dc0d4581a23412d53f095157c1d0cd31758a31d9e827685dd7
2023-03-25 13:47:35,True,0.0898,5.148e-05,1925.17,0.0991,0xac...d382,https://etherscan.io/tx/0x3b37e8cdbc3244bb820968dd79114a15d3cedaf040bb278a6f26a9cd2cdd5cf5
2023-03-25 13:43:59,True,0.08969,5.146e-05,2207.28,0.1136,0x43...4ca0,https://etherscan.io/tx/0x2dc3e1b0d6f0f38f8ecdc84837106edfe35ccd76e7f00f531c73dc0f007f776d
2023-03-25 13:42:59,True,0.08959,5.14e-05,7635.84,0.3925,0xea...8380,https://etherscan.io/tx/0xf66f35f4077139dadc10055f7b835d285fed1457238718e4d6280d81e406e6dd
2023-03-25 13:41:23,False,0.08899,5.106e-05,1500.0,0.0765,0x40...e43f,https://etherscan.io/tx/0x4a967534b9ac6651f2e79bb8b693e49339b58c5481c67e6f7aa5d57976a200f4
2023-03-25 13:38:35,True,0.08951,5.137e-05,192.93,0.0099,0x2c...4b15,https://etherscan.io/tx/0x1a0014ecd0138b832c61765bfa0be8cae8e446dbc19efabaadc4960787518576
2023-03-25 13:34:47,False,0.08923,5.125e-05,32527.6,1.66734,0xa7...ea36,https://etherscan.io/tx/0xca02b75cf1695355a214481179cbd8f09207f85d1547c266c1a5ef761649b5d9
2023-03-25 13:28:23,True,0.09014,5.175e-05,1149.22,0.0594,0x9a...5732,https://etherscan.io/tx/0x95aea1f4c4c34a5dee80e0212138eb1338339b054f421664289438a11240a243
2023-03-25 13:27:35,True,0.09009,5.172e-05,4024.66,0.2081,0x07...5a61,https://etherscan.io/tx/0x00b09a2f55361f1707ac902c016750c9da54269aae5452074ae496cd7b6434b5
2023-03-25 13:27:11,True,0.09008,5.169e-05,701.13,0.0362,0x15...9172,https://etherscan.io/tx/0xa9632dd53bb2828881cd92dc43c790951c55318dc74902782006c789ba61fd7b
2023-03-25 13:25:35,True,0.09006,5.166e-05,4796.86,0.2478,0x40...1d92,https://etherscan.io/tx/0x2f21cbd78b8253b21ec85c66087533da39e74c3fb49669b240be0df35bbfd9c5
2023-03-25 13:20:47,True,0.0899,5.15e-05,21356.2,1.1,0xcd...a3ca,https://etherscan.io/tx/0x0bd67a840508a72e18134318dd95cf7911c1058857cb076462d19883bbde7903
2023-03-25 13:19:35,True,0.08954,5.131e-05,11574.9,0.5939,0xed...fffd,https://etherscan.io/tx/0xfeba5bfbc1e63ff1e18e936d20e68154e83db8b87ce6da12f891fb3902f5ffcb
2023-03-25 13:15:35,True,0.08939,5.123e-05,2744.04,0.1405,0x10...134f,https://etherscan.io/tx/0x9c28ba7f1f26b89d0df832590063d82c9216014830c31a251ff67f7367bc681e
2023-03-25 13:12:11,False,0.08877,5.092e-05,3000.0,0.1527,0x34...e12d,https://etherscan.io/tx/0x59e7ba6ae2e04ed53ad1717e817ee82988de52971d2e5f43dfff3ade6e48968d
2023-03-25 13:11:59,True,0.08895,5.102e-05,38295.0,1.95409,0xa2...e9b0,https://etherscan.io/tx/0x74b71466d43fd2d660ee54b9c68c0964ed7e7d6c4bf6a05afddf84d30aa0cb90
2023-03-25 13:11:23,True,0.08855,5.08e-05,390.226,0.0198,0xe6...e15b,https://etherscan.io/tx/0x38767e4f2de4cbfc8cc64992c728dc280f6d46978ba0b22dd3b3ea41388e3d77
2023-03-25 13:08:59,False,0.08806,5.05e-05,500.453,0.0252,0x76...26a8,https://etherscan.io/tx/0x37a90b0a23eb1c580819bdc4864ebec82446b5819c1f5d4f2b5d0f4b5549b6f4
2023-03-25 13:07:23,True,0.08861,5.079e-05,2465.51,0.1252,0x9c...dafd,https://etherscan.io/tx/0x6f13ffdf4a29d3fa78dabdaf914267b191f2aaaa0a2e26b9b42ac0fb30a919da
2023-03-25 13:05:59,True,0.08857,5.077e-05,524.618,0.0266,0x85...86c7,https://etherscan.io/tx/0x864ce5e363e8acbc74a4ad69da9df399ae80d3333c908cdda862bc4034643ea7
2023-03-25 13:02:11,False,0.0882,5.056e-05,16147.4,0.8164,0xeb...b4ba,https://etherscan.io/tx/0x44bc925218951f7fe6b64d827e86dd2484fca4ba0559a8d615c7d7209e79685c
2023-03-25 13:00:11,True,0.08889,5.095e-05,216.456,0.011,0xb2...fb43,https://etherscan.io/tx/0x5f9413a630b4f12d00ddfc997eb7216f292f7c0ce49f26efcb32fdcce01692c7
2023-03-25 12:59:11,True,0.0889,5.095e-05,197.845,0.01,0x58...c36c,https://etherscan.io/tx/0x6cbdf72bfd299198007ecfa53f6ba2123a0aeed80ed7a4973003d1e868503776
2023-03-25 12:56:59,True,0.08883,5.094e-05,2075.75,0.1057,0x94...fb97,https://etherscan.io/tx/0x350c0564f182e6d0602da706c6d46ad46fa78de5b9c09c31a57884e1d207bec2
2023-03-25 12:56:47,True,0.08878,5.091e-05,2336.18,0.1189,0x17...158d,https://etherscan.io/tx/0x27aa132e995943ba9fa911cba2e0c4c799c5f7913430048ce63382c756062843
2023-03-25 12:54:47,True,0.08876,5.089e-05,1178.87,0.06,0x18...2ff3,https://etherscan.io/tx/0xf191f6b3270bd18892b8c3002e97590ad8c511f4360df04912aacac0aa196859
2023-03-25 12:54:11,True,0.08869,5.086e-05,4189.88,0.2131,0x61...b2ec,https://etherscan.io/tx/0x53b8fe39a69996a1eaf4902c5591e701f4ca77877fe00582e0d6e7deede36920
2023-03-25 12:52:47,True,0.08861,5.083e-05,390.341,0.0198,0x90...f781,https://etherscan.io/tx/0x8792417b05e077811d98b58629269f76ae69f0d3c5091a91218781450d5d3139
2023-03-25 12:50:35,False,0.08851,5.075e-05,38336.7,1.94566,0x43...0f75,https://etherscan.io/tx/0xad7ac5e17ae834c3d22be5b21ad0438f957d540368e2f9a41e6cf9a01b325191
2023-03-25 12:48:23,True,0.08936,5.127e-05,289.963,0.0148,0x2c...4b15,https://etherscan.io/tx/0x7f9ab6b5cd401ebe7b7f411dac639e2415058b5e7a04bbd43ee00037ea2fbf95
2023-03-25 12:47:59,True,0.08935,5.127e-05,1150.07,0.0589,0xc0...50b0,https://etherscan.io/tx/0xdc7a6004a060aac741ac9e85cc8bb5b0362ac462664bd77cc2804d9fd5c8db2e
2023-03-25 12:47:23,True,0.08932,5.125e-05,1756.01,0.09,0xd7...52ba,https://etherscan.io/tx/0x695f3a31a70ccc937fb8d76e4306f74f889a546cd712e782e7fe50e7b8c22620
2023-03-25 12:42:11,True,0.08952,5.122e-05,3173.49,0.1625,0x0d...2ed9,https://etherscan.io/tx/0xf553f1ea800d48d2373b5eb2080f278eea9b9c296992c6d7be54fdde883de40a
2023-03-25 12:41:47,True,0.08952,5.119e-05,1665.13,0.0852,0x94...5a16,https://etherscan.io/tx/0xcf3e5e7f217d0e2573e6ee05f253be34545befe6a17bc278a7b1c415b359304e
2023-03-25 12:41:23,True,0.08949,5.117e-05,1547.68,0.0792,0x94...b496,https://etherscan.io/tx/0x8d865ce00385a8a8884eff07a0fa2e63802253ba15903ea6e9eadff41822e798
2023-03-25 12:38:23,True,0.08942,5.115e-05,3128.07,0.16,0x91...dc25,https://etherscan.io/tx/0xad1c9c18c74bc3e4dd46f39b29a7677dab3dfcc8c463977c1ee14ebf17a01134
2023-03-25 12:34:47,True,0.08936,5.112e-05,861.608,0.044,0xdf...f1f1,https://etherscan.io/tx/0xf35f2dbfaad72f5f5b9d3b1f8dd6a01219220ee01716657b3cdb9b54567faa41
2023-03-25 12:34:47,True,0.08934,5.111e-05,1004.32,0.0513,0x18...b309,https://etherscan.io/tx/0x58521e68e5f277e443b4db5f9ba58c5961c7160eeed0c0282e85a18253096f22
2023-03-25 12:34:47,True,0.08927,5.107e-05,5433.8,0.2775,0xd8...2285,https://etherscan.io/tx/0x97dc9d90fbd7a6848cca7158517f57a5ada9f10b220ac5f53862fa5e82f3b001
2023-03-25 12:33:59,True,0.08921,5.104e-05,971.027,0.0495,0x59...f9d3,https://etherscan.io/tx/0x2f8cf10cd7c5d64e8c24a04ea3ad026cf21047ffffb38d28b4603a3707733127
2023-03-25 12:32:11,True,0.08917,5.103e-05,1012.04,0.0516,0x6d...8eba,https://etherscan.io/tx/0x7ef04147c7de7c6c71e3dcfc0c0b31914a4067460e0c552e1a34a4a4a9b134f8
2023-03-25 12:31:47,True,0.08901,5.095e-05,11671.8,0.5947,0x59...f9d3,https://etherscan.io/tx/0xe5f68e114758e39df86cda630ceba4982c3b4f9bbaf7db753c16db08384f9ba4
2023-03-25 12:31:11,False,0.08836,5.059e-05,1000.0,0.0505,0x42...cf69,https://etherscan.io/tx/0xcb6acc6dab02c2b5934da51bdf4205ca6231935c22add25d6ce0924c32c02a8f
2023-03-25 12:29:47,True,0.08937,5.116e-05,33508.3,1.71444,0x06...f47f,https://etherscan.io/tx/0x1ce1be81454c5097313ce677b52ee547b2e4a5246d2fc009dde6967d5dca4462
2023-03-25 12:28:47,True,0.08822,5.05e-05,1819.16,0.0918,0xa6...498e,https://etherscan.io/tx/0x5fe98a8422161f851e6b53456bb76c39e2e8fc410308f22242bd3dc58be8635c
2023-03-25 12:27:23,True,0.08818,5.048e-05,1461.21,0.0737,0x59...f9d3,https://etherscan.io/tx/0x35554162876de872e54c462ff1edcb87321ab682803a41ca4744d1dd4ae584fb
