datetime,buy_order,price_USD,price_native,amount_token,total_native,maker,etherscan_url
2023-03-24 20:13:59,False,0.08479,4.826e-05,3928.7,0.1896,0xe8...c6a8,https://etherscan.io/tx/0xff5720b33b28644da7c595890961f6b4c3f6f1e9e90481f721d7fb5bc377f743
2023-03-24 20:13:47,False,0.08483,4.828e-05,100.0,0.0048,0xc3...cecd,https://etherscan.io/tx/0xaf7a5a7b90993ff2365c232e0724eb729afe6e1a134c29c66b0221ef362239c5
2023-03-24 20:13:11,True,0.08533,4.857e-05,1344.7,0.0653,0x2e...f345,https://etherscan.io/tx/0xa810eed6e4583b51a20749990eb501a5d1b4763365a66728b84e4eda580a733f
2023-03-24 20:12:23,True,0.0853,4.855e-05,1837.39,0.0892,0x0d...abdd,https://etherscan.io/tx/0xa1e254b3a094da4d0c6ebb4b4f1e05fceaafc93f77446384f42e549db7fc924f
2023-03-24 20:12:23,True,0.08528,4.854e-05,612.628,0.0297,0x68...a4af,https://etherscan.io/tx/0x9cb00b44d74c1ce6d6b6429957102c451620efba42e28624a79a9a006290dd7b
2023-03-24 20:11:35,True,0.08523,4.851e-05,4047.83,0.1963,0x85...d2dd,https://etherscan.io/tx/0xb285927d0452c3305f8a68f3a689e5a78caf2963e3e4ad9b640b4a896357706a
2023-03-24 20:09:47,True,0.08519,4.849e-05,817.701,0.0396,0x01...c04b,https://etherscan.io/tx/0x73a5cfde776724f72a75fe93b0fc2ffea8d5cf2797891cae4a5ccd1a272329f3
2023-03-24 20:08:23,True,0.08516,4.846e-05,4602.33,0.223,0x8f...4014,https://etherscan.io/tx/0x788a54f6d2dc75fe28aa35cdfbb77f4720ab7c8fb2f886f173e4be2534627909
2023-03-24 20:07:11,True,0.08511,4.842e-05,2000.0,0.0968,0xb4...6df4,https://etherscan.io/tx/0xcd10d2ee9f522db3b3b7e24cd21d6ac5fd6e46b9aaabea9f0d076e5617a45ff4
2023-03-24 20:07:11,True,0.08508,4.84e-05,1533.51,0.0742,0x69...6b60,https://etherscan.io/tx/0x99ad29709da4ed3bfedb6d9987efd1bb9b55bd2d554cf2c29470631233bde0a8
2023-03-24 20:05:47,True,0.08485,4.837e-05,5235.39,0.2532,0xb9...029a,https://etherscan.io/tx/0x566d51c37722043e76c0d5f63a73dfd4ed44a75228cf73c18dffa0d1cc70208f
2023-03-24 20:01:35,True,0.08484,4.832e-05,3897.63,0.1883,0x85...4c5e,https://etherscan.io/tx/0xc62fa4106d35970119ba4d670b2d129a2060fddf080fff1d9731756bfb6c9d1d
2023-03-24 20:00:47,True,0.08478,4.826e-05,7385.71,0.3564,0x9d...c2d2,https://etherscan.io/tx/0xf5a0ea00edb859c09a3c056ffde97ceab6c9872267a7a9537bdb29c65172bb18
2023-03-24 19:59:47,True,0.0847,4.821e-05,1336.35,0.0644,0x61...a444,https://etherscan.io/tx/0x98792b194c6e0ef7bfd3320bceb412bf13c97d2f9d5920464b2b27bc737f2dca
2023-03-24 19:59:35,True,0.08463,4.819e-05,2669.38,0.1286,0x97...0896,https://etherscan.io/tx/0xffadc0d7e8ed3c0de40f6034ad4f2cb344a6c3e3e54db2f40c1a216944a1cc91
2023-03-24 19:58:47,True,0.08465,4.816e-05,3087.22,0.1486,0x9d...7824,https://etherscan.io/tx/0x39927901104281d62cc4f2fb9ae7b91ebd431322de8ca623f2cb1dd48bb4c5f5
2023-03-24 19:58:23,True,0.0846,4.813e-05,2098.21,0.101,0x24...6b2b,https://etherscan.io/tx/0x5104b4cbe9f50fbf16c8041ecae025dd5210e5f9d49bfd3874b19d794cdd0b0b
2023-03-24 19:57:35,True,0.0847,4.811e-05,1152.45,0.0554,0x15...9172,https://etherscan.io/tx/0x54d16591c53248bc259231533930cd7da349b039e2572df1dc41826462150ea8
2023-03-24 19:57:11,True,0.08465,4.808e-05,5463.16,0.2626,0x46...c739,https://etherscan.io/tx/0xfc23b0b4a008b04d72ea806b19d6724165828a9f8077a5fb612c1061f972fe55
2023-03-24 19:54:47,True,0.08412,4.804e-05,1382.29,0.0664,0xf0...f958,https://etherscan.io/tx/0x335e4585c8717af71d613a5ebc680bdb588dd2f174b5d80293c7d972c2973a55
2023-03-24 19:53:59,True,0.08413,4.803e-05,46.2652,0.0022,0xee...4ea5,https://etherscan.io/tx/0x8df00358d6275f30fff07bac2ab7a12b74cf13ad1ee00297fc8128c8e5a8c158
2023-03-24 19:52:47,True,0.0839,4.802e-05,2063.88,0.0991,0xc6...187f,https://etherscan.io/tx/0xdd73855d4ad54be0f20a2ba9f58ad67e08cde1653d2486944933e78fe1f2b04c
2023-03-24 19:52:11,False,0.08344,4.774e-05,2919.55,0.1393,0x76...7d5e,https://etherscan.io/tx/0x28f791c592a57f315691a0bb86d7278f2987513e3087d01e0f35781b868bec39
2023-03-24 19:52:11,True,0.08397,4.804e-05,624.429,0.03,0x0c...5464,https://etherscan.io/tx/0xeaaa7eeb8c1783aa78c1a9ec0f4e7770254b90fee5a2665f76b28fede004f2de
2023-03-24 19:50:47,True,0.08392,4.802e-05,3777.52,0.1814,0x73...6d15,https://etherscan.io/tx/0xad7f2c6ea0d4098d86a0ba8e9f3e4be81d9814f920f281ef2ce5e1b3afe32e4d
2023-03-24 19:48:47,True,0.0838,4.797e-05,4752.17,0.2279,0xf3...9659,https://etherscan.io/tx/0x9f685ea75e396052a04f58248e3a226e952ebf5c80fbe0c9bea295153f342e6a
2023-03-24 19:47:23,True,0.08375,4.794e-05,454.816,0.0218,0x09...53be,https://etherscan.io/tx/0x0aac86a294b4eb5b63a73a12771d9ab54758c070d06de7325d3c27d1c1dc974c
2023-03-24 19:47:11,True,0.08368,4.791e-05,6620.67,0.3172,0x0f...b949,https://etherscan.io/tx/0x5c54bbb45e166b3f73ddb161339958dfc817a3457714b63700061520ddedac1c
2023-03-24 19:46:59,True,0.0836,4.786e-05,2070.94,0.0991,0x49...eff5,https://etherscan.io/tx/0x2fb3bee16453f8a5254a7676a2e1408cf6e35bb121431b56ee1196bb7758c794
2023-03-24 19:46:59,True,0.08358,4.785e-05,340.844,0.0163,0xf8...966c,https://etherscan.io/tx/0xbd18ecbc0fa7c966b9e49fc484a39c95cea1989899fbdb558f6800dadd3f946d
2023-03-24 19:46:59,True,0.08349,4.78e-05,9331.64,0.446,0xcc...c0c2,https://etherscan.io/tx/0xa87121181268a2cc4ee78fbd855e1e557e8fa4c7f6b4efbebee001b9322af99b
2023-03-24 19:46:11,True,0.08346,4.774e-05,2003.79,0.0956,0x88...afc8,https://etherscan.io/tx/0x1acb3aaa80dc0d9d4c9a37e4f44982965868d6c0ba9af3b773d17eb27473b1d8
2023-03-24 19:46:11,True,0.08345,4.773e-05,107.194,0.0051,0xc6...187f,https://etherscan.io/tx/0xe3db9d71a96beacf362111dafd497000b75e5f731bc6a7646257d279c3361536
2023-03-24 19:45:47,False,0.08318,4.757e-05,24858.7,1.18262,0x76...7d5e,https://etherscan.io/tx/0x69900d6346aa5aad8b5580730be1e19438d7b3a41af41275891540bf8ccdbc34
2023-03-24 19:45:47,True,0.08374,4.789e-05,17816.7,0.8533,0xd7...2eca,https://etherscan.io/tx/0x8ab4059aa9816e340299aa908b931b91d3f222b252a8ea4c310b057e40ef6237
2023-03-24 19:45:11,True,0.08347,4.773e-05,13186.5,0.6294,0x0b...0f0e,https://etherscan.io/tx/0xd36b7e23086e95ffc307a9b1b44881945b51891fbe8f334ae40796fa13e50222
2023-03-24 19:44:23,True,0.08328,4.765e-05,1308.79,0.0623,0xeb...ea43,https://etherscan.io/tx/0x4fe8a98d64fb7dda9abfe6aaba65f5003f37fc4596cec50c241bbc0d1eb09ab2
2023-03-24 19:43:11,False,0.08286,4.741e-05,10000.2,0.4741,0x2e...ccce,https://etherscan.io/tx/0x14714dc01e2117927169317efe2e567771718872d7e91392ee84d8139b74ccb0
2023-03-24 19:42:23,True,0.08335,4.775e-05,1141.76,0.0545,0xe3...a5fa,https://etherscan.io/tx/0x1b0a38a8b399a6cba44c03072770a2daa9586f1634e143a54a4f8b09478d821b
2023-03-24 19:42:23,True,0.08332,4.773e-05,2076.67,0.0991,0xd1...a598,https://etherscan.io/tx/0x3ae4c3ef5a788b65ba66512502901491bcd76cfb77e11703137401f9ee519637
2023-03-24 19:41:11,True,0.0831,4.768e-05,7437.68,0.3546,0x42...cf69,https://etherscan.io/tx/0x82d3981d7d28f5ae85eb46f6418b20a3e4c5c0dd5f42053f89ff6c10b4c07cfa
2023-03-24 19:40:35,True,0.08298,4.76e-05,6619.71,0.3151,0xf7...a63b,https://etherscan.io/tx/0x4652d0ff1ed8b27defdb8f0b04f7c8316eae07eab6a35b717c3b480a188e19b7
2023-03-24 19:40:11,True,0.0829,4.756e-05,2375.89,0.113,0xc5...cc4e,https://etherscan.io/tx/0x1358d5086ab263a07adc42c28d54c25b689502be4616fb39ea1796ed14f1eb0a
2023-03-24 19:39:23,False,0.08245,4.726e-05,507.643,0.024,0x96...c8d8,https://etherscan.io/tx/0x4adfba04ccbf947768a32d6afd07fb5e09425bf75c5801940f10b0f606e202db
2023-03-24 19:38:47,True,0.08282,4.753e-05,3942.17,0.1873,0xd2...321d,https://etherscan.io/tx/0xc66cf6e053f29e78a9cd786d2db8a60366217aa46e46b38eaf95f4ec2aa1f435
2023-03-24 19:38:23,True,0.08275,4.749e-05,4195.25,0.1992,0x22...7099,https://etherscan.io/tx/0x2d673973dc8e649df3fa84dc96afbd06c3c55889200e44810741b9388037741e
2023-03-24 19:38:11,True,0.08252,4.74e-05,12096.0,0.5734,0x50...aeda,https://etherscan.io/tx/0x5b8773ae078e67dd778cd6b6199ff9a3dc5892d84f4957b3bcbdbc6ba9979062
2023-03-24 19:38:11,True,0.08236,4.731e-05,5600.99,0.265,0xbc...fcd7,https://etherscan.io/tx/0xd6dda32ea821fc47adc70262445dcc5a27569408a6ddb4cd6f4019721eb59f01
2023-03-24 19:36:23,True,0.08227,4.725e-05,6020.24,0.2844,0x7c...ccbe,https://etherscan.io/tx/0x512f09c966caf3bc26845f50c947c2955b426963f7ab4d4796f9d2ff598ca51b
2023-03-24 19:35:23,True,0.08223,4.719e-05,4810.0,0.227,0xa0...2d65,https://etherscan.io/tx/0xb3f9563a587fc40c23b51b16ecc4cc527cb783c3db518357414f4d50b74445e9
2023-03-24 19:34:59,True,0.08213,4.715e-05,4822.07,0.2273,0xff...954a,https://etherscan.io/tx/0xd43e5037e407d177a5d24ea05c26316f09e1b7c5c18c6d9813c3d48e9f66d7e0
2023-03-24 19:34:59,True,0.08208,4.712e-05,949.13,0.0447,0x17...e4b6,https://etherscan.io/tx/0xb2c9777eef173af5589b057a731ba33d6719d88a3b9729fc4b114be8bfce00a9
2023-03-24 19:33:59,True,0.08194,4.705e-05,12175.3,0.5728,0xa9...7d14,https://etherscan.io/tx/0xbbb4482790b7669bc9479d55350677f4ce26425e79e2f6afc814eedfe28f4fb1
2023-03-24 19:33:47,True,0.0815,4.68e-05,37216.5,1.74173,0x08...0082,https://etherscan.io/tx/0x625337dc3c28d07e8e0ab4c6d4eab71f639d7330f051372de88faee4679a9b51
2023-03-24 19:33:47,False,0.08112,4.658e-05,50000.0,2.32922,0x55...b7d7,https://etherscan.io/tx/0x8e57d3e3f8105be127c365c6ca3d1306757c60a5a55f719a8419d637d7504e5c
2023-03-24 19:33:35,False,0.0821,4.711e-05,54518.8,2.56881,0x82...65fb,https://etherscan.io/tx/0x99345191f302369e514503e125d2c5e388d0f28822f9eed295a38aeb0b5acdf4
2023-03-24 19:33:23,False,0.08271,4.746e-05,13061.3,0.6199,0x00...6bba,https://etherscan.io/tx/0xf56cce284838f2e4a4b8f50b6b309308b82c59cff85bcacd4c7518c2007c1daa
2023-03-24 19:32:59,True,0.08311,4.768e-05,26200.6,1.24947,0xb0...2e74,https://etherscan.io/tx/0x99322b687752fb9feb9e2e5387b0532c70634ba441fe3d05a2e6eb3e9f5dd62a
2023-03-24 19:32:59,True,0.08285,4.754e-05,2103.47,0.1,0x99...1e54,https://etherscan.io/tx/0xa0c72af334a9cb17dc8c3bcc348f17a66f767573348fbaab6c38e301965f6079
2023-03-24 19:32:35,True,0.08272,4.746e-05,12074.2,0.5731,0xe4...ef09,https://etherscan.io/tx/0x4c55ac873b51dcae2450d39b105bd1b3b04c41f3bc297a25380c551ebbdbc8e1
2023-03-24 19:32:23,True,0.08384,4.811e-05,23830.2,1.14652,0x71...3f10,https://etherscan.io/tx/0x4de5aad6d31ad4aa40697b6711819b5ba94df4a9264be9db9ada8d2c623e3c85
2023-03-24 19:32:23,True,0.08351,4.791e-05,12646.2,0.6059,0xe0...7d1e,https://etherscan.io/tx/0x3ef18a2e7b581457a35b8d35920c9c6ef9705b6bfc3bfdfe30eb5a1876f60d62
2023-03-24 19:31:59,True,0.08192,4.701e-05,1828.77,0.0859,0xcf...bce2,https://etherscan.io/tx/0x1a2f69730c6e199a1d305f1c350bed30522e222e9e13754cf689cfd8602ed0c3
2023-03-24 19:31:47,False,0.08169,4.687e-05,29719.7,1.39315,0xd1...d41b,https://etherscan.io/tx/0xd1b4c8b7fe5fcc0899562423de2f5db7d1740aeaa730a0b92d6af98a596b2220
2023-03-24 19:30:11,True,0.08244,4.73e-05,1257.27,0.0594,0xeb...a100,https://etherscan.io/tx/0x7887f82798ecb03e476740fc2a971f23e8a6869c6fd3f6f7cec2c82dea65fa35
2023-03-24 19:29:47,True,0.08233,4.727e-05,4029.53,0.1905,0x1f...e791,https://etherscan.io/tx/0x43daedbed1f099e139e40331dadd6d1ba160bee476c7e02f45a8c39bfbc219f3
2023-03-24 19:29:35,True,0.0823,4.725e-05,20.9759,9.912e-05,0x13...cc24,https://etherscan.io/tx/0x5d9a060492a12b2fafd6b562ec9c9b4801b78a87301fead4a11462c4871e531b
2023-03-24 19:29:11,False,0.08184,4.702e-05,10097.5,0.4748,0x41...fe8c,https://etherscan.io/tx/0x30b3b3a86c43598c8d738dc6d675aa091926d245f6babfb77d420bdf0c1eae65
2023-03-24 19:28:23,False,0.08194,4.709e-05,4000.0,0.1883,0xb7...cf0e,https://etherscan.io/tx/0x1e3ec97fb5d7f4f93f39ff2a612d78c418d3aa8482f87a75dc0d611d442f0aa7
2023-03-24 19:28:23,True,0.08244,4.738e-05,2532.23,0.12,0x59...42bc,https://etherscan.io/tx/0xeca0a2bf4a79c0075c374056cebaa0b92a9ada80e87609b8f3add111cd835cd1
2023-03-24 19:27:11,True,0.08219,4.725e-05,23277.8,1.1,0x42...cf69,https://etherscan.io/tx/0xa1fcbd4775dd99f0b251078c3580fc2af3d05b8b1f34aa2f3cf2e8007aa9d9ed
2023-03-24 19:26:47,True,0.08197,4.712e-05,2103.48,0.0991,0x38...dd9a,https://etherscan.io/tx/0x0cedc40e58e5b4ae01631c49e761ae3a31fa261292920d282d9440d315c4f36e
2023-03-24 19:26:35,True,0.08182,4.704e-05,13841.8,0.6511,0x1f...e791,https://etherscan.io/tx/0xee0f53dc29b37a6a0b83d3a8447b94d10eeeb5f3e6ee222ceff39ea5a6ca9f50
2023-03-24 19:26:11,True,0.08168,4.696e-05,1794.13,0.0842,0x4e...d38b,https://etherscan.io/tx/0x634287746732b456f988c8b29bde6e86ca330f48fbcc8b439a3662609ba5410f
2023-03-24 19:25:59,True,0.08154,4.688e-05,13967.0,0.6548,0xb4...d18b,https://etherscan.io/tx/0x982b0d74dca3575cf3e036f6c5e5349069d527272767b14c58bba5e1ac047774
2023-03-24 19:25:47,True,0.08137,4.679e-05,3389.39,0.1586,0x32...8271,https://etherscan.io/tx/0x5bc53794d2cbdaae85a9d35a22c131613c197e259608da7fbff06da39431c525
2023-03-24 19:25:11,True,0.08136,4.677e-05,367.064,0.0171,0x85...3c89,https://etherscan.io/tx/0x6d6f4629efe81f4b4b58d01019b1a6d526c554c6733bdf3b85623e38887fc039
2023-03-24 19:25:11,True,0.08135,4.676e-05,1314.9,0.0614,0x42...cf69,https://etherscan.io/tx/0x5f8fd4a05ca0cf16b6831d1e8c39fda54663563bf26e08e8f39bb8258bd08ea9
2023-03-24 19:24:59,False,0.08088,4.649e-05,3000.0,0.1394,0x82...65fb,https://etherscan.io/tx/0xd8dc257471d2dc80957764f3777cb2a0b441bc3ebaf5e14b8797bf789cade7fc
2023-03-24 19:24:23,True,0.08129,4.672e-05,11962.8,0.559,0x24...7ae4,https://etherscan.io/tx/0xf98dfd1949215f15d6007fa2d1228ad0bf185d45099288ead8d8f200abcaf551
2023-03-24 19:24:11,True,0.08118,4.666e-05,608.42,0.0283,0xba...0fc3,https://etherscan.io/tx/0xc30819ad94956a3a5a84dd79ce519ed3dabd6daf5b7b32d4bb8966db112dc7fa
2023-03-24 19:23:11,True,0.0812,4.665e-05,1253.54,0.0584,0x30...34d5,https://etherscan.io/tx/0x3dc192ef85b16f9f7c4c416a32e4d0ebb8f0f2516513bb97c8c0f3425fdf970c
2023-03-24 19:22:23,False,0.08081,4.643e-05,13912.8,0.6461,0xb9...9a72,https://etherscan.io/tx/0x92e0d86b4101dfa6d217a7a044eb6486147dfd33ebf44d8523ccfd1063a1125b
2023-03-24 19:21:47,True,0.08142,4.678e-05,492.584,0.023,0x76...cdf0,https://etherscan.io/tx/0xad0ca339e83437d9b3255d419be1395c8ee5bf5d010452aa3e96ddab033e8d3f
2023-03-24 19:20:59,True,0.08145,4.678e-05,352.291,0.0164,0x2c...2f34,https://etherscan.io/tx/0xf35bd6a22109e6dfe222385121f521e42f859f23b0534a0c81f87b4eb7529117
2023-03-24 19:20:35,True,0.08143,4.677e-05,1483.48,0.0693,0xbe...f815,https://etherscan.io/tx/0xc225c12d45cfc83d62383b7bc1b2d14f39ffd9e2be47cef8726350b4cc1fdc57
2023-03-24 19:20:11,False,0.08096,4.65e-05,3794.12,0.1764,0x75...17bb,https://etherscan.io/tx/0xcd208851efd3c296299ec5756fa356dfaf978c47af4b39051ea61092f8298101
2023-03-24 19:19:11,True,0.08147,4.679e-05,1101.42,0.0515,0x58...3a40,https://etherscan.io/tx/0xc55156705a1ea7563d596458a0d02606c9c3438c917c93f6270d1eda15adeac8
2023-03-24 19:18:47,True,0.08141,4.676e-05,6132.68,0.2867,0x37...dae7,https://etherscan.io/tx/0xcc46e14f7d6b44cf509ace5bc833f8ee9e8af1e7373e6a39c9c23872c2d311b8
2023-03-24 19:18:35,True,0.08133,4.671e-05,2333.91,0.109,0x67...8738,https://etherscan.io/tx/0x354fba56c06f7abfc45c9273b9635c7a703aeac293612eea84cba0e2365eb82b
2023-03-24 19:18:11,True,0.0813,4.67e-05,764.081,0.0356,0x46...91c2,https://etherscan.io/tx/0xfdd08faa7692c493a915ac9949eeaeb82bb2a516faaedc74b1994b2a65ba0ed9
2023-03-24 19:17:23,True,0.08132,4.669e-05,1703.62,0.0795,0xc0...0629,https://etherscan.io/tx/0x08907af4bb57f01c09672ddd89fe75d2fbeba17812ac33d90fcfdf7fd8df8da6
2023-03-24 19:17:23,True,0.08128,4.666e-05,2973.74,0.1387,0x7b...abef,https://etherscan.io/tx/0xcb2b372b5271ebeb7131a1a0efc3e03d55b8e469ec4b7e063c75a4419d8611b8
2023-03-24 19:16:47,True,0.08124,4.664e-05,1061.71,0.0495,0xeb...3ba6,https://etherscan.io/tx/0xd2376741b0d4bd1db3dcf0c7c3350515ae307a34f69f5b7fe0a7ea39d6a0697c
2023-03-24 19:16:35,True,0.08117,4.66e-05,7162.88,0.3338,0x95...d617,https://etherscan.io/tx/0x507846a87e92bcd956bbac7d7789fd35d4a40c991ff648eacd816075d2d04883
2023-03-24 19:15:59,True,0.0811,4.656e-05,851.513,0.0396,0x31...f312,https://etherscan.io/tx/0xcbded195f95020981668b3aebf8372b55f2d891d3e5a2806513dfc1ebf9ca773
2023-03-24 19:14:59,True,0.08104,4.653e-05,4177.95,0.1944,0xc0...0629,https://etherscan.io/tx/0x63599ad0b803bd8d9845978d88f479bb6a1cabb8ede95b655389e9e48d85fcba
2023-03-24 19:14:23,False,0.08143,4.675e-05,101969.0,4.76764,0x1f...8bb1,https://etherscan.io/tx/0x6288601120dd1507dab16e3541cec2f2de62a1499ea71776e046f89360dea919
2023-03-24 19:13:47,False,0.08247,4.735e-05,14636.4,0.693,0x56...6583,https://etherscan.io/tx/0x0e853960c8967b3b3d9cc461e3012f95c1cd4fa1c08702e8530c6ab5f28769c8
2023-03-24 19:12:59,True,0.08297,4.77e-05,1662.28,0.0793,0xce...bfc2,https://etherscan.io/tx/0x6a49ae0f136ac08d47910189602bc108167100cc2edfe92021fb389618651454
2023-03-24 19:12:35,True,0.08295,4.767e-05,4500.66,0.2145,0x62...f006,https://etherscan.io/tx/0xb2ef5ef2a7a1214f309e795562ca1a399569f3c7ca367104239218e6753e3413
2023-03-24 19:12:35,True,0.08289,4.763e-05,2913.33,0.1387,0xe2...7396,https://etherscan.io/tx/0x5100c46ef3cc10d2c8b65746afdea9668c37a2f88bd7dd758bc94140684031b5
2023-03-24 19:11:23,False,0.08283,4.759e-05,50000.0,2.37975,0x62...3d69,https://etherscan.io/tx/0x64a551eaa94e45455e7dba6c38369b1b2869608608506867ed602977130e86c7
2023-03-24 19:10:59,True,0.08377,4.813e-05,2533.14,0.1219,0xa0...5dbd,https://etherscan.io/tx/0x68402f068e8d9820ae638b02eab78e0d48a69d7e6bb43a4145bb755fbdc74b71
2023-03-24 19:10:23,True,0.08365,4.81e-05,2750.98,0.1323,0x39...a3ae,https://etherscan.io/tx/0x3e7a84db489c7c431966a3ce7b4ad087ef49d0d81912be3bc28fcb638e0b5cb5
2023-03-24 19:08:47,True,0.08354,4.807e-05,2598.41,0.1249,0x2e...f345,https://etherscan.io/tx/0xa1a060337d1af13a30707dbf0a4f75d95b08846162153688d9a51036b047c549
2023-03-24 19:08:35,True,0.08341,4.799e-05,11666.8,0.56,0x74...297e,https://etherscan.io/tx/0xdd3879047550fc7efc3ebd9e48dd1ee31e2b79cec0aa654f61b3b398cbfdd5d3
2023-03-24 19:07:59,False,0.08325,4.791e-05,50000.0,2.39571,0x62...3d69,https://etherscan.io/tx/0x762dadc54a0f514bf8a067fe25c5261a923b41ea5e22ad5e90e6c5f5731b01fd
2023-03-24 19:07:47,False,0.08373,4.819e-05,2500.0,0.1204,0x6d...036b,https://etherscan.io/tx/0x08cb7f53b18bdeb029b4d3c1e0176255683affb154215226defd7c53faa32b12
2023-03-24 19:07:35,True,0.0842,4.846e-05,5902.75,0.286,0x12...7eeb,https://etherscan.io/tx/0x70b806e67e18debae6b4074a125d1d46bc63886a9d98f0b9cac767a5fac311a8
2023-03-24 19:07:23,True,0.08416,4.84e-05,5164.81,0.25,0x86...de59,https://etherscan.io/tx/0xc669ae8676ea9c827580649d70b06dfd3fc7c1fcfb504a894c31145bcc662c55
2023-03-24 19:06:47,True,0.08415,4.837e-05,426.358,0.0206,0xf6...dc94,https://etherscan.io/tx/0x0875a7d818e3dbf6ea013044ea76b45866b73fb9a9d45b74f0102fbc36304dab
2023-03-24 19:06:23,True,0.08412,4.835e-05,2500.97,0.1209,0x80...dfce,https://etherscan.io/tx/0x0c2fff9db37f0023237146bd96ab158137de25b3a959f3aeb9be719328de76eb
2023-03-24 19:06:11,False,0.08388,4.821e-05,30336.0,1.46273,0x9e...c4f0,https://etherscan.io/tx/0xc741a610238b1ebd90122356e5b30009be5ed0fa1f040024d08f4ae4201a2f79
2023-03-24 19:05:35,True,0.08466,4.866e-05,513.684,0.025,0x15...a774,https://etherscan.io/tx/0x58f9bab56571658c1bc10ec5e7e71563a260ad35c049b23c24dd6105cf469dd9
2023-03-24 19:05:11,False,0.08422,4.839e-05,3610.94,0.1747,0xe4...53d4,https://etherscan.io/tx/0x3b156463dcca01ebccfd67db68bf8e7e7b9d1fb617a955e96deac837e59ebd59
2023-03-24 19:05:11,True,0.08449,4.854e-05,28744.9,1.39554,0xa4...7323,https://etherscan.io/tx/0xc289870aa8aa8d00c86515b0da0cb7d301888831ed1338b2c2518f76dc6959dc
2023-03-24 19:04:59,True,0.08416,4.836e-05,6203.29,0.3,0x2e...f345,https://etherscan.io/tx/0xe431399421b53dd325c22188c27d567e5451c347dc557ca52a93afa6b8e84202
2023-03-24 19:04:35,True,0.0841,4.829e-05,5383.09,0.26,0x56...58fc,https://etherscan.io/tx/0x3d6a98ecacfe2a2a22f883c4387bb02227c0be94809f8105d434316cb34d80a3
2023-03-24 19:04:35,True,0.084,4.823e-05,6164.77,0.2973,0xab...b5aa,https://etherscan.io/tx/0xd87798160d0d2fcb6a9653fa23a40d169118d21b8c4dcd81023fb454e8d86b7d
2023-03-24 19:04:23,True,0.08393,4.819e-05,1275.1,0.0614,0x8e...f421,https://etherscan.io/tx/0xdfe502808a30f38c5fcfc9b5a13474ccd2249d21728de1dc36857a809ec03982
2023-03-24 19:04:11,True,0.08387,4.816e-05,5160.49,0.2485,0xc1...8656,https://etherscan.io/tx/0x48f1096a9de2408e7d4b2785228fa03b13ae8f427b10b0b0d07a48248129295e
2023-03-24 19:03:59,False,0.08352,4.796e-05,22402.0,1.07455,0x7a...2b66,https://etherscan.io/tx/0xccc1b4691a87099f3c05681350192f0c0b5c92d7a914c6afdc3ac24c5b6a741e
2023-03-24 19:03:47,True,0.08422,4.836e-05,1352.61,0.0654,0x07...6cdd,https://etherscan.io/tx/0x4bd5600d332a93bbf79d03a69278630bb6681d144bd975ed5c176365bd8e3fd1
2023-03-24 19:03:23,True,0.0842,4.835e-05,1200.0,0.058,0x54...3aa8,https://etherscan.io/tx/0xe9961b6918899e6e8306e164dfa6e0fd5c468351c17c484533ba809c561004a0
2023-03-24 19:02:23,False,0.08363,4.806e-05,1214.83,0.0583,0x76...7d5e,https://etherscan.io/tx/0xad99a0c4f8f035668f6c3369dd2f6f13a0cb97309bae36d026345ab29cff74b6
2023-03-24 19:02:23,False,0.08376,4.813e-05,12777.2,0.615,0x76...7d5e,https://etherscan.io/tx/0xad99a0c4f8f035668f6c3369dd2f6f13a0cb97309bae36d026345ab29cff74b6
2023-03-24 19:02:23,True,0.08438,4.849e-05,458.535,0.0222,0x7c...cc43,https://etherscan.io/tx/0x437210fe4b586a029715ff2b94f3f9693f2aee50f07392dd5684516dbbc97832
2023-03-24 19:01:35,False,0.08395,4.823e-05,6825.9,0.3292,0x7f...18eb,https://etherscan.io/tx/0xfaca0a9dc4dd1a51c0a1741217f0ce1ff1fcb49b8ec8a1ae6b9417f80c4ccf2f
2023-03-24 19:01:35,True,0.08421,4.838e-05,33639.1,1.62762,0xa4...7323,https://etherscan.io/tx/0x4619f928f135eb3acda50f915db7ddfda51748d49c0ab795f8fa4dcb522237c5
2023-03-24 19:01:11,False,0.08339,4.795e-05,6300.11,0.302,0x7f...18eb,https://etherscan.io/tx/0xe905aefe516e145004d1c885e5d6a97a59976d58e8ab9f7ad4c29e6f547dad53
2023-03-24 19:01:11,True,0.08372,4.813e-05,25806.6,1.24219,0x34...58af,https://etherscan.io/tx/0xef268d85c5c9c25ec7a4358e95ebb285b754926d3c242833733ad45ccc13ebcc
2023-03-24 18:59:59,True,0.08335,4.798e-05,2850.88,0.1367,0x7c...0d02,https://etherscan.io/tx/0x57864e4872211eda9eafb6a43fa354d992d902c12f8a8c9a95fd8328a8a0a442
2023-03-24 18:59:47,False,0.0828,4.769e-05,1964.0,0.0936,0x76...7d5e,https://etherscan.io/tx/0x1dc45cefa2c06fcd7fa72094c5a83038984e2b273d21e9b5652f4f485f74bbe8
2023-03-24 18:59:47,False,0.0829,4.774e-05,8894.66,0.4247,0x76...7d5e,https://etherscan.io/tx/0x1dc45cefa2c06fcd7fa72094c5a83038984e2b273d21e9b5652f4f485f74bbe8
2023-03-24 18:59:47,True,0.08331,4.798e-05,18588.0,0.8919,0xda...186a,https://etherscan.io/tx/0xbbce2784511a894b786a1cb4274fe30b76949a56b74041ddb38baffb42f80c0d
2023-03-24 18:59:23,True,0.08296,4.777e-05,20931.4,1.0,0xbd...fa8d,https://etherscan.io/tx/0x91ad0b29e6d4f539206b15f6750f85e44043b24b929e5bd4d4ff500ee2c4cdee
2023-03-24 18:58:47,True,0.08269,4.763e-05,5201.97,0.2478,0x19...004f,https://etherscan.io/tx/0x3200ba7fd9b6523bad2fa06e56220939b6ae27630bb226e4ca24ba89477614ee
2023-03-24 18:58:47,True,0.0826,4.758e-05,5624.81,0.2676,0x15...7143,https://etherscan.io/tx/0xc1d2053656e2e34affaf92b4db05f6fb1cc69b1e004e25d1255dfb69a78cb8ef
2023-03-24 18:58:35,True,0.08242,4.747e-05,15661.0,0.7434,0xe3...23bd,https://etherscan.io/tx/0xb68deb80c89f7a208ed1f50c2101636543dafde410814481b9b319241dc5ceb8
2023-03-24 18:58:35,False,0.0818,4.711e-05,1023.37,0.0482,0x2b...3c63,https://etherscan.io/tx/0x5e4cd0c44ed3e2ba432696915005d863d1d01e9ef07ea33d9fe5bdf81384f4f6
2023-03-24 18:57:23,True,0.08217,4.739e-05,1150.33,0.0545,0xa9...d0ed,https://etherscan.io/tx/0x1d6f64f7a7ac8c5567780eef4646846c77c0a749b86cc004de606316a975a85d
2023-03-24 18:57:11,True,0.08189,4.724e-05,27897.5,1.31797,0x86...b5f1,https://etherscan.io/tx/0x09c49e08a39141458ef05a2409af9c46ee209c6a519dc8802a47a896ffdfd5e5
2023-03-24 18:56:59,False,0.08127,4.689e-05,14248.0,0.668,0x5a...5b06,https://etherscan.io/tx/0xe19d2f79750c42a7e58587a0df89d7a863a853f30c75f33d7c41235de2f594be
2023-03-24 18:56:35,False,0.08142,4.697e-05,1993.41,0.0936,0x76...7d5e,https://etherscan.io/tx/0x371a9736055ab99cffcb9c1efd24fc42b37a382f4455e3db79f7e9329a7d22d6
2023-03-24 18:56:35,False,0.08145,4.699e-05,1660.21,0.078,0x76...7d5e,https://etherscan.io/tx/0x371a9736055ab99cffcb9c1efd24fc42b37a382f4455e3db79f7e9329a7d22d6
2023-03-24 18:56:35,False,0.08156,4.705e-05,11174.4,0.5258,0x76...7d5e,https://etherscan.io/tx/0x371a9736055ab99cffcb9c1efd24fc42b37a382f4455e3db79f7e9329a7d22d6
2023-03-24 18:56:35,False,0.08193,4.726e-05,29600.1,1.39915,0x76...7d5e,https://etherscan.io/tx/0x371a9736055ab99cffcb9c1efd24fc42b37a382f4455e3db79f7e9329a7d22d6
2023-03-24 18:56:23,True,0.08267,4.769e-05,2474.09,0.118,0x72...772c,https://etherscan.io/tx/0xfd86952c83d4344f91f12ee0e902963db2a87a24b0f260657991700f3403c6b1
2023-03-24 18:56:23,True,0.08569,4.943e-05,65898.6,3.25791,0xbb...38bf,https://etherscan.io/tx/0x80d3ece3eb5cbc500719a1672d4861a9f36278f3dc5226eb8b6435d2d3a7d49f
2023-03-24 18:56:11,True,0.08138,4.695e-05,7880.47,0.37,0xe1...90cc,https://etherscan.io/tx/0x2aff8279fdb8ef5bd1ae946db8177ccd8452fbf0d8498e81d852cb02133536e8
2023-03-24 18:56:11,True,0.0813,4.69e-05,824.157,0.0386,0x58...fcdb,https://etherscan.io/tx/0x54513a0ca3f7e00efa26b4f636406837fe59df86bab46be04d05d533bba5b490
2023-03-24 18:56:11,True,0.08268,4.77e-05,30396.6,1.45,0x42...cf69,https://etherscan.io/tx/0xb0661462c156d1f421a0b3f5ec1a3a2a4adf31a784888588419683572998c5b5
2023-03-24 18:56:11,True,0.08228,4.746e-05,14405.1,0.6837,0x7c...1c9e,https://etherscan.io/tx/0xf9ef6100ac50093a5897eb55f89e94300a2ae395175ae5f9f4e2ac1548488e4d
2023-03-24 18:55:47,True,0.08054,4.64e-05,7541.94,0.35,0x36...45ef,https://etherscan.io/tx/0x220ca36cd981390364be2353f60e72bab6ab897cd13978cf35440a9fc4110cfe
2023-03-24 18:55:23,True,0.08044,4.635e-05,3635.58,0.1685,0x2c...6db0,https://etherscan.io/tx/0x01c100e64858e692ac2d3129a8317835c330349f2f1a9a7ea9e90fdded681a73
2023-03-24 18:55:23,True,0.08039,4.632e-05,1239.96,0.0574,0x41...4040,https://etherscan.io/tx/0x1ebd5aa22fc9a7ad542a53a0020910912e3e52df036b4ca4c86c58007440c696
2023-03-24 18:55:11,True,0.08038,4.631e-05,1727.43,0.08,0x81...441c,https://etherscan.io/tx/0x3d1de409118067252441d6608581128dc556ed75b9e63a11d024db81dd8d3931
2023-03-24 18:55:11,False,0.07993,4.605e-05,4957.5,0.2282,0x73...ae0d,https://etherscan.io/tx/0x9b995023c3c892e65cfed19a229d0fb67e525c94381b71b3502fdf0c0c13be3a
2023-03-24 18:55:11,False,0.08012,4.615e-05,16934.2,0.7816,0xbf...ad26,https://etherscan.io/tx/0x0bf9733213c6f1fe94e717c38be11e481d62df11b2ceea5a7a7b3cf473e93dc1
2023-03-24 18:54:59,True,0.08022,4.621e-05,60544.9,2.79829,0xb2...3036,https://etherscan.io/tx/0x0d39ec453371f88292b93fa2d9722d8a63f895b5e7e11bd73b125e23c4584399
2023-03-24 18:54:47,False,0.07935,4.571e-05,15323.1,0.7005,0xd5...9477,https://etherscan.io/tx/0xa3509b55ea497e486f1acc361aa469ae2a7733f6cfffe74b2a0fb4f45018fc97
2023-03-24 18:54:35,False,0.07975,4.594e-05,30676.2,1.40941,0xad...42fc,https://etherscan.io/tx/0x6a6dc35e13e8b347ab37c12277bea44a55799aed961ea5de955d42e3141b81bf
2023-03-24 18:54:23,True,0.08035,4.636e-05,2779.56,0.1288,0x90...c4e9,https://etherscan.io/tx/0x8bf549d31e4ff0f02489aa8f8e0c0741b62681f3b0089ee649476f64bdfd67b9
2023-03-24 18:54:23,True,0.0802,4.627e-05,13923.0,0.6443,0x5e...fd88,https://etherscan.io/tx/0x2ebc3b9cef3a2afa15670dbdadd2f41d1464690450782ddb72593a6f25566727
2023-03-24 18:53:59,True,0.07983,4.611e-05,17819.6,0.8218,0xa9...6dd3,https://etherscan.io/tx/0x5df53eb94cca816b0ce3392d66816207a57747db1c6794bd7b42afe39e4be695
2023-03-24 18:53:47,True,0.07957,4.596e-05,12530.6,0.576,0x2f...7bbb,https://etherscan.io/tx/0x7be27a754de555b990056c4d758137ac09d0a0a78d55fd36a85bb7146547a1aa
2023-03-24 18:53:47,True,0.07942,4.587e-05,5617.7,0.2577,0x5a...b541,https://etherscan.io/tx/0x8491200df5d1ce480cff3f42b6de0a72c2308a02b97b1f449d46b9918eb1388d
2023-03-24 18:53:47,True,0.07904,4.566e-05,38400.4,1.75337,0x79...0fa0,https://etherscan.io/tx/0xfe4c84356fd4d3a6ccd888db6443cd89113bc4fb82873864be5ebf1162077814
2023-03-24 18:53:35,True,0.07864,4.544e-05,6337.88,0.288,0xb5...7d1f,https://etherscan.io/tx/0x32853faf59422f98794395f18a6898201a553c6662dee68b12b4ed0f55e60ba0
2023-03-24 18:53:11,True,0.07859,4.54e-05,1566.35,0.0711,0x71...3138,https://etherscan.io/tx/0x7a2ceaf6fee105165a8adc76a9944dba999676ef952e532b9c2e5cac91a2db60
2023-03-24 18:53:11,False,0.07852,4.536e-05,50254.3,2.27991,0x1d...f241,https://etherscan.io/tx/0xb2cb6a8fa41db3735085c853beec3a4ec48bdb3f7d8d13cae14491ac44d88e4a
2023-03-24 18:52:47,True,0.07885,4.559e-05,67361.0,3.07102,0x12...a686,https://etherscan.io/tx/0x9ab8206ac91547e381b3c220ae1c3e912d968b7f930cc0d51d4c57110986d31b
2023-03-24 18:52:47,False,0.07831,4.527e-05,59078.0,2.67487,0xe6...fb3b,https://etherscan.io/tx/0x93a7a09a4eefc3b7aa842c4777a7cbfef05cd9a4e99e5a93a47b316dafc2a00a
2023-03-24 18:52:35,False,0.07904,4.569e-05,27239.4,1.24479,0x34...58af,https://etherscan.io/tx/0x0abb6fe10e02d841a5c280ce8b5198cc0fd626a5ff74accc532fe437e3240f24
2023-03-24 18:52:35,False,0.07949,4.595e-05,25585.5,1.17588,0x75...06e0,https://etherscan.io/tx/0x0f3e94b3b8bd9f878ff005331ef71f480a5cbe1797d11d90516d8b02f5878fd6
2023-03-24 18:52:35,False,0.0799,4.619e-05,21852.9,1.0095,0x75...06e0,https://etherscan.io/tx/0x0f3e94b3b8bd9f878ff005331ef71f480a5cbe1797d11d90516d8b02f5878fd6
2023-03-24 18:52:35,False,0.08021,4.637e-05,14150.4,0.6562,0x76...7d5e,https://etherscan.io/tx/0x97371220fd64708481f2f7c7608a1db6f762fc57938786a2e352c4218a342db7
2023-03-24 18:52:35,False,0.08059,4.659e-05,29347.0,1.36743,0x76...7d5e,https://etherscan.io/tx/0x97371220fd64708481f2f7c7608a1db6f762fc57938786a2e352c4218a342db7
2023-03-24 18:52:35,True,0.08125,4.697e-05,9778.95,0.4593,0x02...86b4,https://etherscan.io/tx/0xaf8db0892fca475941a937402322b99f3fc00b74b19e0378167acacce57e3dd1
2023-03-24 18:52:23,True,0.0808,4.671e-05,41552.9,1.94108,0xd3...762d,https://etherscan.io/tx/0x57f68269c2e6bef3df22339e3ba63e454a7e995996b19603128491ac1ff9b949
2023-03-24 18:52:11,True,0.08041,4.646e-05,8286.52,0.385,0xe4...2f02,https://etherscan.io/tx/0xc4659a174c9316e5348dda87a6cee0fe038cfaa82eb5805f498732d5760feec1
2023-03-24 18:52:11,False,0.08033,4.641e-05,54050.0,2.50862,0xe6...fb3b,https://etherscan.io/tx/0xea3e965f75a468cd80fb718c4b73471758d58017a414c5aae9a905df45d8ba29
2023-03-24 18:51:59,True,0.08092,4.677e-05,36832.4,1.72296,0x97...202d,https://etherscan.io/tx/0x78708530bbdc2e49575a6c0160d39e773dee177eedae9327c2c2f9cb996a5170
2023-03-24 18:51:59,True,0.08056,4.657e-05,3618.23,0.1685,0x5b...9423,https://etherscan.io/tx/0xc1123fbadf022bf061e8c63e5b03469fcd2eb1c66bd7e36a0b2b274d3fbe81cb
2023-03-24 18:51:59,True,0.08831,5.105e-05,54129.2,2.76329,0xe5...6e2e,https://etherscan.io/tx/0x1bf22be1ac3adc0a0b4b71c96466f5b52975312c8aa44aa15cc57b1a50c7929c
2023-03-24 18:51:47,True,0.07946,4.595e-05,8513.28,0.3912,0x39...c96a,https://etherscan.io/tx/0x6203a0263641366db0364fd318f636150a7f5b8ebce638464242d64ed5dbe94c
2023-03-24 18:50:59,False,0.07969,4.601e-05,75864.6,3.49094,0x53...0432,https://etherscan.io/tx/0x86e9597920484ca571e75ad1d3873aaf52f4409d8bf4288e1300b6b6c736698b
2023-03-24 18:50:59,True,0.07968,4.6e-05,132802.0,6.10988,0xf8...8585,https://etherscan.io/tx/0xc5bb2e2e87e7b572fea03869fc449ac2894f79ecbadce8370020256ebacfbebf
2023-03-24 18:50:47,False,0.07817,4.518e-05,20390.2,0.9212,0xf2...00bd,https://etherscan.io/tx/0x19c9bce169b7a02ccc05b19b8a0db567a928dfd93fa44b50faa726a1e225b182
2023-03-24 18:50:47,True,0.07855,4.539e-05,31499.5,1.43,0xd2...92ae,https://etherscan.io/tx/0xdfab25143f0b325d9ad372c86360568c12a81fdc070d4cb1f23043fc50d7414a
2023-03-24 18:50:35,True,0.07822,4.521e-05,131902.0,5.96348,0xa5...bf62,https://etherscan.io/tx/0xb664bb198ca4a600240229521c88fad4f8e0145a04750e548829b2ee95db0ae2
2023-03-24 18:50:23,False,0.07577,4.379e-05,15506.3,0.6791,0x64...214a,https://etherscan.io/tx/0xa4b377b3cef29ebba8c64456dc0c3b62c49dda6328e14ab310460a34ccee3306
2023-03-24 18:50:11,False,0.07609,4.401e-05,31204.0,1.37346,0xb5...2845,https://etherscan.io/tx/0xa7716ea84b41a4d06a0a7f516a7c09144b4ad4725c8c972512ec9107b2db7c71
2023-03-24 18:50:11,False,0.07678,4.441e-05,54492.3,2.4204,0x76...7d5e,https://etherscan.io/tx/0x115cb1b7cb7a323aed018a359da2f388292f9921d93accdc7b08adc9bb8f2864
2023-03-24 18:50:11,True,0.07749,4.483e-05,89472.5,4.01103,0xaf...db21,https://etherscan.io/tx/0xdac07cbbc51b7f5afc89b53a0337602a5c7e28cfc53b6cebe70786e9b3a8e5df
2023-03-24 18:49:59,False,0.07604,4.399e-05,34819.9,1.53186,0x76...7d5e,https://etherscan.io/tx/0x5e53cccb8fe4778472043ce9212711bd02ad4a25423e5b8a0774b04240c15be6
2023-03-24 18:49:47,True,0.07542,4.35e-05,198008.0,8.61456,0x62...3d69,https://etherscan.io/tx/0xc513d8248bdb99443bc36c26f69f1f06c1de3075c3e9ba92b6316547efab2c3f
2023-03-24 18:49:23,True,0.08206,4.724e-05,54347.0,2.56784,0xe6...fb3b,https://etherscan.io/tx/0xfe54404b0bc8863cee65afc24bfb65469795df1e9f772576142eb2b7335d7206
2023-03-24 18:48:47,True,0.07279,4.188e-05,54682.6,2.2903,0xac...7bdd,https://etherscan.io/tx/0xb88f478b1792b7e44935fd1855d305faff4dc04e8d2f71e8a91e02e5eea9929f
2023-03-24 18:48:35,True,0.07234,4.162e-05,6410.26,0.2668,0x09...66b3,https://etherscan.io/tx/0x22dbc5705bcba64a1a7a6fe83168248190eef63ad40c733fe0c218710705f4c8
2023-03-24 18:48:23,True,0.07231,4.159e-05,192.341,0.008,0x86...b5f1,https://etherscan.io/tx/0x6e009dde908f72914f950e2186cdcd0258990653e6ff7f650f469290a137118b
2023-03-24 18:48:23,True,0.07243,4.166e-05,865.914,0.036,0x00...3d00,https://etherscan.io/tx/0x430aa9cfcd7126141a19a8816c3e7ca73f1309497a417753e3969bcd9d6a83a9
2023-03-24 18:48:23,False,0.072,4.141e-05,18679.4,0.7736,0x87...5902,https://etherscan.io/tx/0x27e0fd2419ed3d4762a3080ec667f6d65f5ccc38bf908d0e305c893dbb4c61ea
2023-03-24 18:48:23,True,0.0725,4.17e-05,10005.7,0.4172,0x32...df9b,https://etherscan.io/tx/0x58db280851a5180a5f9f7e267fe4dfb58e53a555e07c5b144b500216cbdcc07e
2023-03-24 18:48:11,True,0.07183,4.133e-05,75444.0,3.11863,0x01...bc10,https://etherscan.io/tx/0x234bbbf789851947e5eec2f6f51edd6a5ff8a0cf6f7d0a45c72bae16603e0200
2023-03-24 18:48:11,True,0.0708,4.074e-05,66547.1,2.71128,0xfd...455a,https://etherscan.io/tx/0x8c0979aaa7db6dc33aa1580bb6bbd6ecce6ca111b8cf9a075f67ea0071ca3db7
2023-03-24 18:48:11,True,0.07032,4.046e-05,760.26,0.0307,0x49...6cf4,https://etherscan.io/tx/0x3886e89628966906390e180d37cb23d8e69bad8d1f70b0885fbc4148a5e884a2
2023-03-24 18:48:11,True,0.0703,4.045e-05,1417.54,0.0573,0x42...cf69,https://etherscan.io/tx/0x62592abb5c8f15c70fcf34624c6721a66a0e2a276faffbe59216ce2cf61abd2c
2023-03-24 18:48:11,True,0.07024,4.041e-05,7739.26,0.3128,0x0c...d434,https://etherscan.io/tx/0x94bb1208e40708d2ed779a636faecfdf4c0c6669be0a93cefb014774ffda9069
2023-03-24 18:48:11,True,0.07017,4.037e-05,2075.46,0.0838,0xcf...c6a4,https://etherscan.io/tx/0xe2de7ab3dadd17ecb5aa91378688b1a2fb0b790bedbbeae78edbea412a869289
2023-03-24 18:48:11,True,0.07008,4.032e-05,9875.46,0.3982,0xba...2fd9,https://etherscan.io/tx/0xc96cbb3c157020779120ca8468233a231b1d0ed198cbf162378401601e30459e
2023-03-24 18:48:11,True,0.06986,4.019e-05,22109.0,0.8887,0x3e...6c30,https://etherscan.io/tx/0x58a07205a84bbde8bebf0be7864748ec36ac2468d33c22f20da6a30444419721
2023-03-24 18:48:11,True,0.07219,4.154e-05,88764.5,3.68763,0x01...bc10,https://etherscan.io/tx/0xe9f2ca33d2962b006b6c0f4cd8a2df7e2e7766d7325ac96ab3fa8bdd2b7712eb
2023-03-24 18:47:59,True,0.06835,3.929e-05,25448.3,1.0,0x2c...4036,https://etherscan.io/tx/0x392c4f1d8df95fe64e0cee64e7f2df9ef3dd8cc852ed40765a5673537b982b69
2023-03-24 18:47:59,True,0.06783,3.9e-05,50254.3,1.95991,0x1d...f241,https://etherscan.io/tx/0x92710aa5dd7438a7f6c1d9d1a9e24c4053d7bc44e9396b547566e49fb1802d34
2023-03-24 18:47:59,False,0.06926,3.981e-05,315505.0,12.5629,0x2e...69e9,https://etherscan.io/tx/0xc0b5bd4f6d40e0f3b31ba4636e97468c5878eb282abf3ea1224f601d798502ea
2023-03-24 18:47:59,True,0.07007,4.028e-05,256802.0,10.3455,0x01...bc10,https://etherscan.io/tx/0xe0ec320e3db3d3d25b838b47a3519d58dd402aa8ab614e7cfb1a56f6b3aac4fb
2023-03-24 18:47:59,True,0.06747,3.878e-05,119979.0,4.6539,0x01...bc10,https://etherscan.io/tx/0x1871e8ab96b9dcb2ece6f10fa8ea8c09576a0c45f823e0c1ba54ae242712ad0a
2023-03-24 18:47:59,False,0.06696,3.849e-05,104623.0,4.02777,0xcc...5a25,https://etherscan.io/tx/0x7f62a341ede0c9cbe1ec68e7581844f5135468ab8696df2ae7ca39a6c7056eb8
2023-03-24 18:47:47,True,0.06801,3.91e-05,8143.13,0.3184,0x63...02ba,https://etherscan.io/tx/0xdd8641a315d13aba306196721ed23dfab415d6cf75fdf12f1b8c17d80ea5653f
2023-03-24 18:47:47,True,0.0678,3.898e-05,22663.2,0.8834,0x5a...1a92,https://etherscan.io/tx/0x8011a1932a6d2d1bbc42da3990c005a96a4eb360758e43d664924b700bc0e44a
2023-03-24 18:47:47,True,0.06746,3.878e-05,28540.1,1.10686,0xb7...acf6,https://etherscan.io/tx/0x4cdffd1ac4779fcc287f51f0812b45b43b19d61decb4d5dfc3831a5f2201b119
2023-03-24 18:47:47,True,0.06664,3.831e-05,94422.1,3.61769,0xfd...455a,https://etherscan.io/tx/0xd9472974f6c6f06b9014a1320567863f31c3ab3aed39d5a546e3619a41b5ad7a
2023-03-24 18:47:47,True,0.05967,3.43e-05,1083894.0,37.1814,0x2e...96f5,https://etherscan.io/tx/0xce958d745db2dc474077cb6d9409386c87f0077c98917d263f02665c2b6c03d4
2023-03-24 18:47:47,False,0.06546,3.763e-05,2042586.0,76.8727,0x4d...846b,https://etherscan.io/tx/0xcff90addb78f668a6e20a554a56dd436bc75e014f34d49179bfc49a0d37b2af2
2023-03-24 18:47:35,True,0.08032,4.618e-05,4878.57,0.2252,0xfe...c217,https://etherscan.io/tx/0x5f58a781b1c990641f49edfd32756aea807bd55f0daa2d646244a21d14055689
2023-03-24 18:47:35,True,0.08147,4.683e-05,2590.61,0.1213,0xa8...e09b,https://etherscan.io/tx/0xf240bcfebecc80aef42867e8496c4342e0e34946b2bb1e6a92c924531c3a0248
2023-03-24 18:47:35,True,0.08022,4.612e-05,1844.74,0.085,0x00...6bba,https://etherscan.io/tx/0x2c850c0116f9a644cf519792b8cbf83295873328ab1bf251645f15cc4dd23008
2023-03-24 18:47:35,False,0.08026,4.614e-05,62002.2,2.86104,0x30...c3cd,https://etherscan.io/tx/0xc929406bdacbcf808a3258a4d179f51893fd6a1e08077e63b80d7786af56ef1d
2023-03-24 18:47:23,False,0.08088,4.649e-05,8870.5,0.4124,0x58...b369,https://etherscan.io/tx/0x0d7bc286d08d1978bcbf8da8d6031972d41b1e01eb084f66434448e955507816
2023-03-24 18:46:11,True,0.08138,4.681e-05,1223.24,0.0572,0x4d...12f6,https://etherscan.io/tx/0x332a5c66d5237522d3aad65d81b16f07246a8f749b195da6c8399a1b64a5d77e
2023-03-24 18:46:11,True,0.08121,4.672e-05,17121.5,0.8,0xd5...9477,https://etherscan.io/tx/0xa12e99efdbfc97761fee32502e515b2f366e7ae573fedb4a0da78a94b1c02e06
2023-03-24 18:45:59,True,0.08085,4.651e-05,24390.2,1.13449,0xd0...5b64,https://etherscan.io/tx/0x54175510ff93982923dded14cbff8e3dd20490c58ac263dfc4fd004f4b75d13d
2023-03-24 18:45:59,False,0.08063,4.638e-05,54610.3,2.53326,0x24...2bcb,https://etherscan.io/tx/0xe202ca37e3a9082ba067e7f016471d83ef8af489a5f5619734fb1438a52ae597
2023-03-24 18:45:47,False,0.08127,4.677e-05,21592.8,1.00997,0xf6...a6a8,https://etherscan.io/tx/0x0a02859a5bf4250ee394e542c923106c015c1b904cd085aafc72f3aea391939f
2023-03-24 18:44:35,True,0.08181,4.712e-05,7422.14,0.3497,0x6e...14f5,https://etherscan.io/tx/0x8bc3ea5b5a56a0e9ab1cb10cdf7217adffb0b64658bfa6d17fde2ddb73f8ca00
2023-03-24 18:44:23,True,0.08173,4.708e-05,842.089,0.0396,0x0a...14a0,https://etherscan.io/tx/0x12ce28a7e0d98a2921396310a52ba3babd84ee7b7f923f8edbb1ecbaf5f6ef4d
2023-03-24 18:44:11,False,0.08132,4.683e-05,7772.0,0.364,0x17...8cee,https://etherscan.io/tx/0x3c71de5d9d114bbc4099e18a6eafb2441555beb711f0a6651fb012a44fce2306
2023-03-24 18:44:11,True,0.08131,4.683e-05,64316.6,3.01198,0xec...e710,https://etherscan.io/tx/0x1fe9d3d79df5ea3676fa236ddb553567cf5d4c98ef86fb4050e3c854864022db
2023-03-24 18:44:11,False,0.08114,4.673e-05,100000.0,4.67324,0x62...3d69,https://etherscan.io/tx/0x3503c9667c992b25d4291852f57356b9707fa580020dfbf1bddd407c388a66bb
2023-03-24 18:43:47,True,0.08203,4.725e-05,52906.4,2.5,0x55...ce90,https://etherscan.io/tx/0x217c23a6a68f2351cda57d5dfac7e138e4c54ee93c9b106efe7bea744501c253
2023-03-24 18:43:35,True,0.08162,4.696e-05,2552.47,0.1198,0xb1...49a9,https://etherscan.io/tx/0x1587c6b7596b382651ed25c15d66e1a8bb6af12091d7d6d97908f71691f43b72
2023-03-24 18:43:35,False,0.08146,4.687e-05,39244.0,1.83951,0xac...7bdd,https://etherscan.io/tx/0x22d285e44900c0cbebcad7f3f5f00db553016bbe980ca30849b5cc02f3fcec2a
2023-03-24 18:43:11,True,0.08239,4.735e-05,1055.9,0.05,0x00...0906,https://etherscan.io/tx/0x557d00f5385d4843378134d52ca84fd70f9e9bc8ac9e2f24e3c807abf30ffdc5
2023-03-24 18:41:59,True,0.08243,4.734e-05,1209.84,0.0572,0xc6...fed0,https://etherscan.io/tx/0xc35dc20db5aca875607b4c7448c665cc4132851b3ebbc0ccd2741d65346f5c50
2023-03-24 18:41:35,True,0.0825,4.732e-05,1056.43,0.05,0x00...0906,https://etherscan.io/tx/0x659ed820404ac766939dbf76a5acf16a4d19c3f8a8e0f1a796ee309bdf8eca59
2023-03-24 18:41:11,True,0.08236,4.724e-05,14992.2,0.7083,0xd1...893c,https://etherscan.io/tx/0x6c7ba3868cb2b3912c921343593a855a3055421b5dd9ed46585ac58587c7e2b8
2023-03-24 18:41:11,False,0.0823,4.721e-05,63156.7,2.98175,0x5e...206d,https://etherscan.io/tx/0xdcb08daf16afc8887f36f665efdfb6d70efbfa25c62137b2610615aa533f966c
2023-03-24 18:40:11,True,0.08336,4.781e-05,2091.41,0.1,0xd2...c859,https://etherscan.io/tx/0xd54f4d3a6b411717cbdfb02854e524171a05a9f087bb151017b73a0a1b53dfe8
2023-03-24 18:39:59,True,0.0833,4.778e-05,2696.46,0.1288,0x47...af40,https://etherscan.io/tx/0x234b8dbdbefefdfb384ef6d1f0070665f5dc7c8fdd8c007714d6954a5d91b549
2023-03-24 18:39:47,True,0.08326,4.776e-05,1811.68,0.0865,0x7c...1abb,https://etherscan.io/tx/0xa56f797bf2bea44dd04c13fdfdadfcd6e28ba8619959c3a646e688d5bff137c6
2023-03-24 18:39:47,True,0.0836,4.796e-05,1877.18,0.09,0x00...6bba,https://etherscan.io/tx/0xf03e19f863770dfec6d9c56e74aa2308e146245a873f53ec8fd32805876be6d7
2023-03-24 18:39:47,False,0.08328,4.777e-05,62432.0,2.98291,0xa5...bf62,https://etherscan.io/tx/0x39b78a3f1a2df5c9defd28e6dc8713707873d4d13bd589e37cf956badebf0f8d
2023-03-24 18:39:23,True,0.0843,4.836e-05,6353.68,0.3072,0x2c...6db0,https://etherscan.io/tx/0xbe56fc6c7c85b8f7d78d1a4d2c8f9a3a0cad88fba3d7f0a7e7ab0b5312abf994
2023-03-24 18:39:11,True,0.08421,4.831e-05,2519.65,0.1217,0xf8...966c,https://etherscan.io/tx/0x66893e237cb2864b44540e0a6737115d3a34562c677e0161d90b76cc1271d170
2023-03-24 18:39:11,False,0.08398,4.818e-05,32120.6,1.54772,0xfa...a517,https://etherscan.io/tx/0x53368f4e020ecd285ab7dd62a0b3959645ba8f1dbdf7a5a0a68c56c9341f19d5
2023-03-24 18:38:47,True,0.08477,4.863e-05,1837.43,0.0893,0x1c...d810,https://etherscan.io/tx/0xed282c0730fb7ffdd1df3340c49e1993047df80f88ba61d4e35655c7346f15dd
2023-03-24 18:38:35,True,0.0846,4.853e-05,16481.8,0.8,0xd5...9477,https://etherscan.io/tx/0xf9890eecef46aa9e2975197de3f553f31f3d2637459b7dde0ee6d165da561d7f
2023-03-24 18:37:47,False,0.08406,4.823e-05,13900.0,0.6704,0x09...75f7,https://etherscan.io/tx/0x36bfed6891127da2165b9064388073d00987d9e193654e8b71d92337121b4f68
2023-03-24 18:37:47,False,0.08447,4.846e-05,30054.8,1.45665,0xc9...27b6,https://etherscan.io/tx/0xa7d5f43165a3b4a860d5063391f6a769ce9a9a17d7191d6bcf7ec79b0ce6e5ac
2023-03-24 18:35:35,False,0.08483,4.874e-05,20021.1,0.9758,0x15...54cb,https://etherscan.io/tx/0xa7333bc32360c2efa16ffbc5fd48d487346419bfca68f8cb022487d2061edff1
2023-03-24 18:35:11,True,0.08556,4.907e-05,11675.1,0.573,0xef...9ed1,https://etherscan.io/tx/0x662db6780ee009e0575f806c27d54af74c1c85bfd9d776831d54b3840541876f
2023-03-24 18:34:23,True,0.08541,4.89e-05,19456.7,0.9516,0x58...37cc,https://etherscan.io/tx/0xc41e9b42cef8ccbc381de94d35de96d2f521f9ba433bc904c8a01c69987c6640
2023-03-24 18:34:23,True,0.08508,4.872e-05,15035.5,0.7325,0xe1...6958,https://etherscan.io/tx/0xffd78753985a32325070956aca00d23e899b9afddd9a0702e6238bb353c00229
2023-03-24 18:33:47,True,0.08488,4.86e-05,6948.33,0.3377,0x28...f12c,https://etherscan.io/tx/0x9b3bb262888b2213b0f598b2d99c0593cb57bece0c7790c4f6e7f55b119d7f2c
2023-03-24 18:33:47,True,0.08458,4.843e-05,24226.1,1.17337,0xd7...a3b2,https://etherscan.io/tx/0xf86ba27a5100eead2b5170a45d1a75a3dbf8881fe68dda979e2988e8a2bfb578
2023-03-24 18:33:47,False,0.08593,4.92e-05,218840.0,10.7683,0x6b...bdf6,https://etherscan.io/tx/0xe716157a93b8a89200da684c88f365d46651c57981511a1010f270dcfa59cdf0
2023-03-24 18:32:59,True,0.08812,5.046e-05,46272.4,2.335,0xd2...92ae,https://etherscan.io/tx/0xb5039cc2285542a88b64163e00e3412d524277336f3c8328fc56cd5ef2fd9111
2023-03-24 18:32:59,True,0.08766,5.019e-05,225.911,0.0113,0x0c...853c,https://etherscan.io/tx/0x48b2ee51bdac96ef665e352987e0d775918ff292c68f27d0858167fe382a81c4
2023-03-24 18:32:47,True,0.08752,5.013e-05,11005.0,0.5517,0xf9...1f17,https://etherscan.io/tx/0xee745c33e48e1df51d775bfe73872549d548ead71fc696f66b4c34cda22939f4
2023-03-24 18:32:11,True,0.08741,5.007e-05,138.579,0.0069,0x7c...1abb,https://etherscan.io/tx/0x823cb4350103cd78517df36cc02e0b477c0aca3e35a77069ed43023a7ce7571d
2023-03-24 18:31:47,False,0.08687,4.98e-05,6000.0,0.2988,0x91...dcb9,https://etherscan.io/tx/0xf61f26ce2659e6c335070457a9583f10b66b94a088aaef240171fec54ea4c183
2023-03-24 18:31:11,True,0.08733,5.009e-05,6986.3,0.35,0x7f...249f,https://etherscan.io/tx/0x3a3cb2318662405896aab1c16e3d3ede55a842b0325906c08aa96531225e7115
2023-03-24 18:31:11,True,0.08725,5.005e-05,881.267,0.0441,0xae...fb53,https://etherscan.io/tx/0x6364e009dcdb4deeae9e7d160a963fb75340d86546c521d8638570845373eb10
2023-03-24 18:28:59,True,0.08721,5.002e-05,4850.33,0.2426,0x10...89b0,https://etherscan.io/tx/0xfdf35a061e127611e5374fb612302991480cfa3230068b9e0f0a59a0ce2cd386
2023-03-24 18:28:47,True,0.08688,4.982e-05,29420.5,1.46599,0xa3...d1a2,https://etherscan.io/tx/0x2196a6107081f68a3d8fb3ec7f671e4873bb00a679bb0f2171f615ce99fa3ce9
2023-03-24 18:28:23,True,0.08625,4.946e-05,35209.8,1.74176,0x30...519e,https://etherscan.io/tx/0xda7edf27658447bbfb2589dde9985e699e50d8bf90ace61c94eedb289bcc43aa
2023-03-24 18:28:11,False,0.08799,5.046e-05,264086.0,13.3278,0x77...deb5,https://etherscan.io/tx/0x0bf964cf3bfe21977e7542ba5fe4c604691ee36b5b43c7637c1759550da5f4ea
2023-03-24 18:26:23,True,0.09089,5.225e-05,9484.94,0.4956,0x13...03cb,https://etherscan.io/tx/0x157747ba85bf346e244f531bce7d16e7ec6e74b46c4c5af019f334fe2af0a3ec
2023-03-24 18:26:11,True,0.09078,5.219e-05,897.598,0.0468,0xe8...db48,https://etherscan.io/tx/0x56d2f882e154cee2015a4391751a818bee5a88280741241956f68c6edd686e58
2023-03-24 18:25:59,True,0.09075,5.217e-05,1234.82,0.0644,0x98...8ccb,https://etherscan.io/tx/0x5124762e248c5e96ec932e1fd6abaa3b45a25bd7dc046514b82fc40b93f837d9
2023-03-24 18:25:11,True,0.0906,5.216e-05,958.488,0.05,0x42...cf69,https://etherscan.io/tx/0x97b25588662d27d32f443720ed0ab3ad2723b6906e4b4ff77ed38ca193d83955
2023-03-24 18:24:23,False,0.09016,5.186e-05,3000.0,0.1556,0x6d...043e,https://etherscan.io/tx/0xd32d3cb6e4ce95eb1b1b9d6ba209679642b341756ad021f7cae0074c2f99efc0
2023-03-24 18:24:11,True,0.09136,5.219e-05,607.756,0.0317,0xff...954a,https://etherscan.io/tx/0xed7d61c2d4761a096ad8af339f329257e77c9322fb898f46b6c7a811b02e4115
2023-03-24 18:22:47,False,0.09105,5.19e-05,5000.0,0.2595,0x9c...c89e,https://etherscan.io/tx/0x8c67b9f1e9b23a86dafcb0d308cb5ac0392a625347aefef451a9fd347cc48796
2023-03-24 18:20:35,False,0.09105,5.195e-05,2500.0,0.1298,0xb8...4e3f,https://etherscan.io/tx/0x2cc4fe13815f957ac6adb764a73aaaf1841b7dc4e5408567dda13365792e5d77
2023-03-24 18:17:59,True,0.09159,5.225e-05,4590.99,0.2398,0x38...f461,https://etherscan.io/tx/0x02b69a51d6e6a41b846ca0a8955733ee0fa77c254eb8b285e2e69a17f2069eee
2023-03-24 18:17:47,True,0.09153,5.221e-05,808.286,0.0422,0xeb...a864,https://etherscan.io/tx/0xdf0f762de9199e2b456e68ca8dfd619f03f5db6ccfb78e3677f67f3122095251
2023-03-24 18:16:59,True,0.09175,5.217e-05,5699.13,0.2973,0x5c...984c,https://etherscan.io/tx/0x473f76d8562589476dae6910b479cbd9aeffa85ec67b081a5d298208d501b53d
2023-03-24 18:16:11,True,0.09165,5.213e-05,2294.99,0.1196,0xf5...27fb,https://etherscan.io/tx/0x85b1450f2817ce93407dee20983365c1c4467aed2deddb693a61c339aca7df42
2023-03-24 18:14:47,False,0.09105,5.182e-05,3000.0,0.1554,0x4b...89aa,https://etherscan.io/tx/0x1ad62b2f6f58b78ba4bda04ec0117ee43b9192c3fad8301d0ba4a35bb4a4f6c7
2023-03-24 18:13:59,False,0.09141,5.203e-05,32000.0,1.66503,0xf7...9e12,https://etherscan.io/tx/0x1f3b8372dc32ab672d6f76a8738f7451d48077949665d292c6a7c02d4383e729
2023-03-24 18:12:35,True,0.09232,5.253e-05,53.4101,0.0028,0x68...79ff,https://etherscan.io/tx/0x392b97cd555c65657e99022e2913005056e86f656077981ec34833cc996c7c06
2023-03-24 18:06:47,True,0.09255,5.25e-05,5205.42,0.2733,0x2f...a999,https://etherscan.io/tx/0x62f952ce5170e47ede8cdc5e37f55c033d84b93d31bd268f757120bb800babec
2023-03-24 18:03:23,False,0.09203,5.222e-05,10000.0,0.5222,0xe5...8408,https://etherscan.io/tx/0x610f943701427ba0683a42ed1f06d66b894ce17b9de852b8741d97d9efed7bcd
2023-03-24 17:58:11,True,0.09285,5.258e-05,1138.64,0.0598,0xbf...5d6a,https://etherscan.io/tx/0x50ac63ba70957e67e7f8c5cc4410f3850581c0e762376e378b8b9e4dfd60f44a
2023-03-24 17:54:59,True,0.09276,5.257e-05,1138.94,0.0598,0xbf...5d6a,https://etherscan.io/tx/0xf7292356554d1251c3a80e9313a05042e56235cf7f199372073e83138bb5289e
2023-03-24 17:51:23,True,0.09279,5.256e-05,961.788,0.0505,0xc1...7096,https://etherscan.io/tx/0x6fccc4fd5c8d93f3675a182948ce07ace77ff88d980f1164ba9b743431930736
2023-03-24 17:49:59,False,0.09269,5.25e-05,43628.2,2.29074,0x74...d510,https://etherscan.io/tx/0xa4eb085c629bc45115126dd14f77075b5d4c5a2c9910def92c7686600bc621dc
2023-03-24 17:49:59,True,0.09303,5.269e-05,63934.7,3.36916,0x38...e61b,https://etherscan.io/tx/0x74f73cc503114d5287846c23163e57a97b4ef6dca798025f4087e0e96e29afc6
2023-03-24 17:48:23,True,0.09233,5.23e-05,871.783,0.0456,0x33...6fcf,https://etherscan.io/tx/0x305cb3469b2a322fc8e9f3b639e9dc4f1e1d9375208aac452c53cf054c57d960
2023-03-24 17:47:59,True,0.09206,5.214e-05,25182.0,1.31316,0x38...e61b,https://etherscan.io/tx/0x014878f9beb41279181c7aaa68956c57d3a36a35c51f93a929ce3bf8d906350c
2023-03-24 17:47:35,True,0.09179,5.199e-05,571.956,0.0297,0xe8...0f00,https://etherscan.io/tx/0x9c6dcb337a47cf06c8be0829076b525c52513ab97df465da16d6980a9c6f644c
2023-03-24 17:47:35,True,0.09178,5.198e-05,377.694,0.0196,0xd4...75c7,https://etherscan.io/tx/0x5154b3bf322a90d46fc90a9da9ed3bc94269379251c0e1f0e2d20391797514f7
2023-03-24 17:46:23,True,0.09174,5.198e-05,438.589,0.0228,0x3f...10fb,https://etherscan.io/tx/0x812638c1ef5cb08188e8ce442dc7c678bd29fa21ff4b2426817adbd52f80db7b
2023-03-24 17:46:11,True,0.09143,5.18e-05,29308.4,1.51831,0x42...cf69,https://etherscan.io/tx/0x655176b5fd23aaeb6e811a2e2e91e3b264186a94dab05877c376a4fab8ba2fdc
2023-03-24 17:44:59,True,0.09106,5.162e-05,305.591,0.0157,0x31...f3fa,https://etherscan.io/tx/0x157b0ad78302fae80fb4e2cce7e07c6ce5a30ddb133f7dfed209ee4deacf122e
2023-03-24 17:43:23,False,0.09093,5.155e-05,40533.6,2.0898,0xd3...762d,https://etherscan.io/tx/0xe800363ecdcd1a8bc141b4df55d257a7e3a2693d73de6a963cd456a2000bbce5
2023-03-24 17:41:59,True,0.09186,5.21e-05,570.719,0.0297,0x1c...a1f7,https://etherscan.io/tx/0x35240a6233e1397b6272a5e54cc442cc77c59352b2f6f3d55b2e703fea49f2a1
2023-03-24 17:41:59,True,0.09184,5.209e-05,1522.28,0.0793,0x3b...dbb3,https://etherscan.io/tx/0xf4c1ca316653bfe69f9cadc2c603df70748e45d788b425a81ebaac9b64b8c37b
2023-03-24 17:41:35,True,0.09175,5.204e-05,7238.15,0.3766,0x34...ae76,https://etherscan.io/tx/0xdae0e13435cb92ecf0d9161fd2f5f8a87beba38af9fc2884645b9a618235e1e2
2023-03-24 17:41:23,True,0.09166,5.198e-05,1334.66,0.0693,0x9d...f4b7,https://etherscan.io/tx/0x9fa584421db6832dc57193dd0fb92ae658cb9fd20b3d3e67fb4494f94181edb4
2023-03-24 17:40:47,True,0.09163,5.197e-05,1430.45,0.0743,0xbe...f815,https://etherscan.io/tx/0xe01d6b164e686620f492dd09f091b2f70a75baff1166ff400befd92c39db6f6c
2023-03-24 17:38:59,True,0.09151,5.194e-05,3232.49,0.1679,0x2e...f345,https://etherscan.io/tx/0xf232a8460d1a000a77a9ed307b94f8f9012d5fa3af13541a1b23d53e5b7ce22a
2023-03-24 17:38:11,False,0.091,5.165e-05,6290.07,0.3248,0x66...beca,https://etherscan.io/tx/0x46995a5caac87ca1fcaabcd1803e01bff95cdefa24c9ed436cfa42aab83f14d8
2023-03-24 17:37:59,True,0.09159,5.199e-05,1143.9,0.0594,0xfa...d18c,https://etherscan.io/tx/0x0565fa2135bfab31257b5f862939ccfb9da2209440bc8c55fa9c248f036ca49d
2023-03-24 17:37:23,False,0.09135,5.185e-05,29325.3,1.52051,0xed...7df6,https://etherscan.io/tx/0x4eb0f2417bbc71fd4177ba6394d069fb1cbb2e091601f498e6c6436e564b121e
2023-03-24 17:35:59,False,0.09167,5.203e-05,985.838,0.0512,0xd0...1336,https://etherscan.io/tx/0x7f9064bf34b89767a857274e72b0e906e8d4b323c5ec02cc9ec853981162b3cb
2023-03-24 17:33:59,False,0.09197,5.217e-05,23004.7,1.20025,0xd7...13f6,https://etherscan.io/tx/0x8735634e8f684e8ac15cd777fe3406a06c2ff37404e091f8bb3bae080116e3d8
2023-03-24 17:33:11,True,0.09278,5.26e-05,3749.81,0.1972,0x02...9b18,https://etherscan.io/tx/0x6ecb42e3147123c1918bb69187d62b3cc38f3f5ff1bad690c0ebeeb231676d0d
2023-03-24 17:32:11,False,0.09235,5.229e-05,5000.0,0.2614,0xf8...5cfd,https://etherscan.io/tx/0xdb43a17a6cfc58c9dc125a0b4b4c5acefecd2490f7a0761fe1ef1870baeb6a8a
2023-03-24 17:30:59,True,0.09295,5.263e-05,1557.39,0.0819,0xef...bc53,https://etherscan.io/tx/0x95fee180172635691a3c755c6d91c0779f9d6d989522b5e34549ae0c50ecea1d
2023-03-24 17:29:35,True,0.09296,5.261e-05,2093.24,0.1101,0xdf...f1f1,https://etherscan.io/tx/0x2c95939d038fdcbc65e1a4025721806d03e19d3ce7de3eace5b281cabfc2a58b
2023-03-24 17:29:23,True,0.09291,5.258e-05,2827.77,0.1486,0x3f...a62d,https://etherscan.io/tx/0xd2dc4b591978567825ba8c100dc0348853e0200df3d5781a2296bf7ae9d5df5b
2023-03-24 17:28:59,True,0.09287,5.255e-05,852.784,0.0448,0x79...0741,https://etherscan.io/tx/0xc61c4ad8cf1dceca8aff1e6fb95504b1a0d5828cd5dc2792569d7ddecf653f13
2023-03-24 17:28:11,False,0.09231,5.224e-05,861.047,0.0449,0xc0...aece,https://etherscan.io/tx/0x67d811e5b10b677819793887e78c052557b87fa34826946db2bcbdfe5343ca24
2023-03-24 17:27:47,True,0.09286,5.255e-05,1244.8,0.0654,0xe4...174c,https://etherscan.io/tx/0xd518a1034ffd10333fa0fde427012ba9e274e3863d58f4a8c903abb8cf851220
2023-03-24 17:26:47,True,0.09284,5.254e-05,729.577,0.0383,0x7d...49af,https://etherscan.io/tx/0xace5365c5d757cd26d79016ad27251313099d6e6e8e48319b9236c669a0276ef
2023-03-24 17:26:23,False,0.09239,5.229e-05,11754.5,0.6147,0x0f...bcfc,https://etherscan.io/tx/0xcb4b5cec09b0d923902cec1cdbd5c434590df2a6d798669575c28e27e62b78cc
2023-03-24 17:23:47,True,0.09299,5.267e-05,1505.5,0.0793,0x2e...0aa2,https://etherscan.io/tx/0x468ac09474007e10c3bf960fdc2d8b25969e1fe66c5fea8843994684f77b4251
2023-03-24 17:22:59,False,0.09243,5.235e-05,450.0,0.0235,0x1b...ea67,https://etherscan.io/tx/0xd7438bce5ab02c2ad341466860ef036799c30203902548ee205015717cc6f7a6
2023-03-24 17:22:47,False,0.09254,5.241e-05,9912.5,0.5195,0xd8...6d08,https://etherscan.io/tx/0xe07d6e2a93a594051fbca1b29d16a26cf817391c4f2460b8b8ba0a9b59eb6970
2023-03-24 17:21:23,True,0.09312,5.277e-05,1915.01,0.101,0x9d...2b96,https://etherscan.io/tx/0x509aeb3ad405c94668843385d88eb1f53cbd8fcf049d1138c484d1cf50549ea7
2023-03-24 17:21:11,True,0.09309,5.275e-05,1695.57,0.0894,0xa3...8b0a,https://etherscan.io/tx/0x238e85194ffd430ba25ef529c99714f6997739bbc16e60ecc364637f29d5639c
2023-03-24 17:20:35,False,0.09261,5.249e-05,10000.0,0.5249,0xd8...6d08,https://etherscan.io/tx/0x875ba58346d893e9b5d7b518f25154734bf9cb343dd331c7b19ab49907af6699
2023-03-24 17:19:47,True,0.09319,5.281e-05,8558.2,0.452,0xfd...fb6d,https://etherscan.io/tx/0x565eeceab5f8fbf37fe997f9af6f5ac42843807ad0b4ddc7ac184fc64ab45b52
2023-03-24 17:19:35,True,0.09304,5.272e-05,5659.49,0.2984,0xf1...8da5,https://etherscan.io/tx/0xdabb5c87d153a1fc161ce021e41bd33178b81e68d3993d743db0bf504062c15d
2023-03-24 17:19:11,True,0.09301,5.269e-05,423.714,0.0223,0x42...cf69,https://etherscan.io/tx/0xbced2e564b72abd74da1fb1ddd5d9001496eb18dc69b047e6b3374d74ab1ae71
2023-03-24 17:18:35,True,0.09297,5.267e-05,2847.81,0.15,0x41...36bb,https://etherscan.io/tx/0x69b88ed27d7cc1cdc7c8c29d2aa2e963bd8d51bcf04a553e6fe382c559ad7be9
2023-03-24 17:17:11,True,0.09301,5.265e-05,301.218,0.0158,0xb3...5247,https://etherscan.io/tx/0x46883d4285de17c7ad8ca40674b435d606e6fa9be6615fb74e11d1435b76eb1e
2023-03-24 17:17:11,True,0.09299,5.263e-05,2165.74,0.114,0x3f...bb66,https://etherscan.io/tx/0xe8dceb48b54c5a57e4ed4863c7479e1d220d705f3980ef4a1083e8a353d7ebf7
2023-03-24 17:16:59,True,0.09294,5.261e-05,1884.03,0.0991,0x24...eced,https://etherscan.io/tx/0x273d5b7164ada5e12a5d2fd503ce3de71f2300f892d2964c667c0a8b22afa3be
2023-03-24 17:16:23,False,0.09251,5.239e-05,17178.7,0.9,0x28...d87e,https://etherscan.io/tx/0x7c78da7fe66531f99c0868aea0ea0ddc782abd1cef4039a5064699affc2ab6ef
2023-03-24 17:16:11,True,0.09323,5.279e-05,1950.55,0.1029,0x9d...2b96,https://etherscan.io/tx/0xe7a0e58c5d386bda760b5f003e4a60821e54a88ac05e23c7eac6b6133a3596f6
2023-03-24 17:15:47,False,0.0928,5.255e-05,13861.7,0.7285,0x0f...bcfc,https://etherscan.io/tx/0xdb9afc31e7f99376955cb98ca8975e0cf03a30328ac4ac9cd50c77d45ffef949
2023-03-24 17:14:59,True,0.09348,5.293e-05,4240.13,0.2244,0x9d...2b96,https://etherscan.io/tx/0x89f65d21a0a98e8e7b120e59bb1da366c654a07cae54c580deef4be4fc4d5e95
2023-03-24 17:12:47,True,0.09332,5.289e-05,1311.77,0.0693,0xe9...a664,https://etherscan.io/tx/0xa6cbef23254c5fd726fbada931eb52db11d0f86fd83ec943c1ff07e2aa45a6fa
2023-03-24 17:11:11,False,0.09273,5.258e-05,2821.41,0.1483,0xc6...fed0,https://etherscan.io/tx/0xa36c08e3962aad263d9daae32b6dad828d321702867f84f707fb1ce6b69c85db
2023-03-24 17:10:23,True,0.09324,5.286e-05,9375.27,0.4956,0xa3...8965,https://etherscan.io/tx/0x2f36e20cc198001039a6e5242a5decd1cef0eac23862471003c4db11212218c6
2023-03-24 17:08:23,True,0.09319,5.279e-05,1501.93,0.0793,0x67...8738,https://etherscan.io/tx/0x2550c22f1c84244e47355a98e1254c62f38eb30e87a0a05186a0bdc8b0cc0482
2023-03-24 17:08:23,True,0.09315,5.278e-05,1537.04,0.0811,0xf0...f30d,https://etherscan.io/tx/0x3ee39096d56655352f36e4ea2e3b41adbe58ffc6c041b0545fb3815c3b1b4a5b
2023-03-24 17:06:59,True,0.09311,5.276e-05,1500.54,0.0791,0x78...0557,https://etherscan.io/tx/0xaee9ac61f1bd38d5e605e661220b3170e81ce14e084232e2108cd16b93913429
2023-03-24 17:05:47,False,0.09254,5.243e-05,500.0,0.0262,0xba...75dd,https://etherscan.io/tx/0xa6e89e9ab604db4ed0af3a2c87bb528d1d20b0447f9708f03cc126eebd9bf41b
2023-03-24 17:03:23,True,0.09322,5.272e-05,5357.45,0.2824,0x45...2a68,https://etherscan.io/tx/0xa2aed6e96608986c02625b677b55792259350a3e56e6736283c017ec28686562
2023-03-24 17:02:47,True,0.09259,5.237e-05,52996.7,2.7755,0xaa...29b9,https://etherscan.io/tx/0x6b9bbbd79b792edbdfa25aafefb785130a25f69de173af969d645a1f73ed7f30
2023-03-24 16:59:59,False,0.09145,5.175e-05,1608.82,0.0832,0xdc...1b83,https://etherscan.io/tx/0x315443098cc64a4572a2734173de63ed862361300155770a19844d2691703d86
2023-03-24 16:59:59,True,0.09197,5.204e-05,4444.04,0.2312,0xc2...2cfd,https://etherscan.io/tx/0xaca71e4b2a55a91f3f45bbd378ae2764e5a640f2d147bf09c9c9d86ea8bbce7a
2023-03-24 16:59:11,True,0.09191,5.201e-05,538.297,0.028,0xe9...c92c,https://etherscan.io/tx/0xdc50e3589bcf72855639523f82934f7ef356901508c1207f714027138929d94a
2023-03-24 16:57:47,True,0.09192,5.197e-05,5605.38,0.2913,0x08...7285,https://etherscan.io/tx/0x39b1dc3eea445e480cc3f6823a64ee75d8cdc8e4d024ac5aa8ab33ee04bcd396
2023-03-24 16:57:11,True,0.09184,5.192e-05,3130.7,0.1625,0x75...6cf3,https://etherscan.io/tx/0xc43ead08037b411c5cfc78e32e36155f891c67f8a2ac4abf7f7a38fc46395d32
2023-03-24 16:56:47,True,0.0918,5.189e-05,1350.26,0.07,0x31...ca4e,https://etherscan.io/tx/0xa73dc1975fa4a2cd45f546480fc5072921e78dfa00a1e9b67cf74fb4e8881fbe
2023-03-24 16:55:35,True,0.09162,5.188e-05,1604.9,0.0832,0x15...909a,https://etherscan.io/tx/0x528108e01ce86b4500f974036424735603168346c11f4ea07ccae010f5c06573
2023-03-24 16:55:35,True,0.09157,5.185e-05,3733.58,0.1935,0x49...34cf,https://etherscan.io/tx/0x5c3e43bc1a85a6e5d89058731e3251beda5855e4b341a8af371beecc859f62a0
2023-03-24 16:54:11,True,0.0915,5.182e-05,952.724,0.0493,0xe9...ba48,https://etherscan.io/tx/0x98292c358f2df31e463d553db23c09c909d1eebda5ddba49a214d8b7b2eb704e
2023-03-24 16:52:23,True,0.09143,5.176e-05,7920.28,0.41,0x02...0ad8,https://etherscan.io/tx/0x6d1b164584c7a025aa694d6897495083994cbfe4da41991fc1b3abddafb33d80
2023-03-24 16:50:23,True,0.09132,5.17e-05,3259.24,0.1685,0x80...5989,https://etherscan.io/tx/0xb82f335e6729b665a40e4c7dffd535864a410bc36c5b5649290f6590dbc0c337
2023-03-24 16:50:11,True,0.09122,5.165e-05,5518.46,0.285,0x17...cc85,https://etherscan.io/tx/0x6e4ea84a144469251bc299f125c44536a6d1b0b9885b9137aa2571b4bfd5f994
2023-03-24 16:48:11,False,0.09121,5.164e-05,56200.6,2.90226,0x7c...21fe,https://etherscan.io/tx/0x9871a4f084195ad9c1429568c6cf47cb89912405f679147dc01106cfae5a14d4
2023-03-24 16:47:11,False,0.0919,5.198e-05,1000.0,0.0519,0x7c...21fe,https://etherscan.io/tx/0x9abad49a743fa7c409ad505432ab5cced8b57976ecef198af929580c188e9a7f
2023-03-24 16:46:47,True,0.09244,5.228e-05,1895.74,0.0991,0xce...6ae9,https://etherscan.io/tx/0xc65f773d70c936d5d9af367e2a37177df80bd31c63a9bd056660b9c6b9dbe7a5
2023-03-24 16:44:47,False,0.09156,5.2e-05,7224.53,0.3757,0xfd...fee6,https://etherscan.io/tx/0xd80082908ab8cde0c5d164dfafb7dc08be5344badeae50afcaa9f012d2e30b7a
2023-03-24 16:44:23,True,0.09217,5.236e-05,252.0,0.0132,0xce...0f0a,https://etherscan.io/tx/0x739a3b075a16889b03ad444d1de55e5fd3fea7965599d736c6268934f885e867
2023-03-24 16:42:23,True,0.09229,5.232e-05,5816.44,0.3043,0x73...da8f,https://etherscan.io/tx/0x3ae1b1a71056ebe40ee37f4977ba1bccacbe0b84e31b654317d6c61e1188b87b
2023-03-24 16:40:11,True,0.0922,5.228e-05,1141.85,0.0597,0x4f...1a05,https://etherscan.io/tx/0xebfeaebb13c1669bd763ddd16ab1adaba1eea0ab15c483e02d98e737d5eb9a91
2023-03-24 16:39:11,True,0.09217,5.226e-05,1645.41,0.086,0xd0...bfc5,https://etherscan.io/tx/0xa7304e35669e6c3fea36f24143912fe57913cd5ff74d63cbe07ce57cbbf20e67
2023-03-24 16:38:11,True,0.09208,5.223e-05,3036.07,0.1586,0x53...a7a0,https://etherscan.io/tx/0x8e89955faf6f0be478a6e4a52042c6c30256115179390ae9cae2981f1859b75e
2023-03-24 16:37:47,True,0.09206,5.218e-05,5413.14,0.2825,0xc6...fed0,https://etherscan.io/tx/0xd39393d6bb15249e7e515f64f1d4770b70dd93ffc4fc48bf04485fa9c5b1b80c
2023-03-24 16:37:35,True,0.092,5.215e-05,81.7256,0.0042,0x36...9584,https://etherscan.io/tx/0x74f76463113d66c2e1293168883c80f491850b02d8c8c997ab7418900eb4ca5c
2023-03-24 16:36:47,False,0.09127,5.184e-05,605.001,0.0313,0xb7...acf6,https://etherscan.io/tx/0x825fe54558965831605777310c61969759cc7016712ee77c8ce5db1c275e6bb5
2023-03-24 16:36:35,True,0.09182,5.215e-05,539.733,0.0281,0x0b...dc5a,https://etherscan.io/tx/0x83abc1779058370a9a6106293fab913101fa42f27370272dc8deff793ed1bb5a
2023-03-24 16:36:35,True,0.09178,5.213e-05,2784.84,0.1452,0x00...e511,https://etherscan.io/tx/0x25434e5d70649b87cf1a0451a7c16648d3612f582e35ad344668cd7a406a84e0
2023-03-24 16:35:23,True,0.09141,5.194e-05,28874.7,1.5,0x52...5558,https://etherscan.io/tx/0xa446989f2fce4ef4a2b2c963b46dd0e2137a16f2d9a70b216dec12e0f9b9a989
2023-03-24 16:32:35,True,0.09119,5.176e-05,2106.43,0.109,0x65...e31f,https://etherscan.io/tx/0xd554abaaf3107d558e4178891fa83b3cc1d48aac3780a46b968a7d7f9c09a4e0
2023-03-24 16:32:35,True,0.09115,5.174e-05,1992.47,0.103,0x0b...a12a,https://etherscan.io/tx/0xacee08916c4293bdafe14f727a7df7e4e83b28a7bbf85f311c814cf54ad209d2
2023-03-24 16:32:35,True,0.09106,5.169e-05,5803.43,0.3,0x91...dc25,https://etherscan.io/tx/0xc8c73cfa19745cb99767249d162680a9a3d440846a7825f9c9924960572bcfff
2023-03-24 16:31:35,True,0.09101,5.163e-05,4968.78,0.2565,0x4b...5b3a,https://etherscan.io/tx/0x7ac523d3fc35a75c89fdd27c41df17d5493797ce65eeb74143c70d06001f4f71
2023-03-24 16:30:47,True,0.09074,5.148e-05,19422.9,1.0,0xbc...bd09,https://etherscan.io/tx/0x9385ae896594087bb4404232de8223f411b247bbb618c6cef8ca9d001f348a9b
2023-03-24 16:30:11,True,0.09052,5.135e-05,2589.13,0.1329,0xd0...e75c,https://etherscan.io/tx/0x261610d27dbb8a3328ee52caf53ef41bed78bea8480479c19ada61aba6d37cb0
2023-03-24 16:29:35,True,0.0904,5.128e-05,9664.23,0.4956,0xf0...af5d,https://etherscan.io/tx/0x4780291a86e72715eb27f0d724c62b4b5e5faf735ce1533f83a140df74d14d45
2023-03-24 16:28:23,True,0.09024,5.119e-05,5495.26,0.2813,0x7d...49af,https://etherscan.io/tx/0x6b8bb8125bc78a2af10b2f2ea0aee7fe6bc319d66392033af35154d3cbdc8d67
2023-03-24 16:27:23,True,0.09017,5.115e-05,1319.89,0.0675,0xc3...8513,https://etherscan.io/tx/0xce3e97cf5c3128279068935a288edd76775674511806eacf9b4c7bf65cda141c
2023-03-24 16:25:47,True,0.08979,5.096e-05,31085.5,1.58435,0x30...c3cd,https://etherscan.io/tx/0xded4f3f173e0176d013b5eedb44429213e87ae52e4286e044783af8c48ce7354
2023-03-24 16:25:23,True,0.08946,5.077e-05,2087.59,0.106,0x65...c125,https://etherscan.io/tx/0x4a49f73b51621fe67c8468549daa631d996b8659ed009f10360ec868247441e3
2023-03-24 16:23:59,True,0.08934,5.073e-05,5666.43,0.2874,0xb9...efa6,https://etherscan.io/tx/0x08090a1682212c70ace0f5b6b97d0358920715279f522725f57885011d44f5e8
2023-03-24 16:23:23,True,0.08928,5.069e-05,175.971,0.0089,0x0a...f568,https://etherscan.io/tx/0x7e69fe2242b18c6127a7433e66e556fd66b4f3e348b02ff93307cd5010b232d0
2023-03-24 16:21:47,True,0.08908,5.063e-05,10924.0,0.5531,0xf7...df73,https://etherscan.io/tx/0x38a58dd4636cb0f510bafde1b7620f945bcabf6a686bd7e9b9df3829e8e5923a
2023-03-24 16:21:35,True,0.08887,5.054e-05,4575.1,0.2312,0x94...f78b,https://etherscan.io/tx/0x59e46bc38220ed3b1f419fd768a007e80ddd8641dbae62e8de7b6c3e73a4f3fd
2023-03-24 16:20:59,True,0.08882,5.051e-05,623.39,0.0314,0x2e...f345,https://etherscan.io/tx/0xbbe6f7571aeedce089ebb01e5bd33777767384faee18d8c0f8985fa5fb3acf6f
2023-03-24 16:20:11,True,0.08881,5.049e-05,3120.61,0.1575,0x3c...9651,https://etherscan.io/tx/0x7c4502dc540c4f83a9524a2b2fc3e2799946e4b281671067dd16ab7a94bcfe2d
2023-03-24 16:19:59,True,0.08875,5.046e-05,2455.47,0.1239,0xca...d5c6,https://etherscan.io/tx/0xef65e3fe024b6bb70edcd8445d34e27489eba4e4dbde29fac5ec34f3cfc72ce5
2023-03-24 16:19:35,False,0.08844,5.028e-05,24752.6,1.2447,0xe8...870c,https://etherscan.io/tx/0x4b47d66c819caf44dd4d079818bdfa3b88afd2eebcafe3ca528f17eabdb4c6df
2023-03-24 16:16:35,True,0.08919,5.068e-05,7911.7,0.401,0x47...ffc0,https://etherscan.io/tx/0xef7433da2b8a07dbc077eba7f7b30b0345cf5f0cc9530c988c4456d1cc73ca9c
2023-03-24 16:16:11,False,0.08855,5.035e-05,2966.72,0.1493,0xd5...d98f,https://etherscan.io/tx/0x7520e03bb7e653ad7f3d28cdd6baae39d749bc1a28cd3cb73f1955d080d9ee13
2023-03-24 16:15:47,False,0.08853,5.039e-05,5000.0,0.2519,0x47...ffc0,https://etherscan.io/tx/0xfef848fe9e5aa4053de54b6be4339f7523be93c553dea7f8379b1f9d9a48e3fa
2023-03-24 16:14:47,True,0.08905,5.072e-05,1856.63,0.0941,0xcc...bd04,https://etherscan.io/tx/0x4f135836d1e8d36dff19b3031f09ddf0db55ad43f8cf99a03b4b29e565dc5191
2023-03-24 16:12:59,False,0.08862,5.048e-05,14285.0,0.7212,0xe4...53d4,https://etherscan.io/tx/0xe63120a085bb32d80be06a392832d61e0a9731d78f8ed39fe8d7d81b1007bba6
2023-03-24 16:12:35,True,0.08889,5.065e-05,37622.1,1.90582,0x17...272e,https://etherscan.io/tx/0xb49ac0946025d7f429da3962b3d1ed77d1212a449e0a69d0b5a74fbd741c63a1
2023-03-24 16:12:23,True,0.08811,5.021e-05,39818.6,1.99947,0xc6...fed0,https://etherscan.io/tx/0xd72df1d00e259b262d19b05c31a933155fdc55f5d7c45e8e9af7a48b9efbcfca
2023-03-24 16:12:11,False,0.08794,5.011e-05,75620.1,3.78982,0x97...cb1b,https://etherscan.io/tx/0x0fe7c623ee71cb7a6f947c8bb891b4666f408e06e00b39b9cd2e86756a643e4c
2023-03-24 16:11:47,True,0.08916,5.081e-05,5608.27,0.285,0x60...140a,https://etherscan.io/tx/0x2b474ec4123510d5861772be5c2b559af3288bd3c12e6fc5d0b71f0c5174b974
2023-03-24 16:08:59,True,0.08913,5.076e-05,3314.05,0.1682,0x2d...bccc,https://etherscan.io/tx/0xef3447b1ba7e97e06467700563ed9f92217079bc2a7c92c44a61ca5d76dab36f
2023-03-24 16:08:23,True,0.08912,5.074e-05,1317.39,0.0668,0x7f...9470,https://etherscan.io/tx/0x89c2d5d31e72454718c651a581a9be3c2e31f8db523d4276c10831560abd2729
2023-03-24 16:08:11,True,0.08892,5.063e-05,17776.2,0.9,0x0a...4aa0,https://etherscan.io/tx/0x68f62c404fef663935f6ce842cc691d7ecebf252eb52a95180edb49cee85b3c1
2023-03-24 16:08:11,True,0.08873,5.052e-05,1255.73,0.0634,0xb2...8871,https://etherscan.io/tx/0x903849d424614722d514c17ef864c202e5d1ca1965f3cd01579d7808202a3ee5
2023-03-24 16:07:23,False,0.08853,5.033e-05,22384.1,1.12678,0xc6...fed0,https://etherscan.io/tx/0xb4edb69c097d9c3c986a779c2fe38181daab21d1b5d4443ade422988ef1fb297
2023-03-24 16:06:47,True,0.08939,5.075e-05,2831.94,0.1437,0xca...8644,https://etherscan.io/tx/0x823ffc7c99f9e0ac8a26ded4dc1c8baf29970bb2e8e7b883a74506d40e6b4bda
2023-03-24 16:06:35,True,0.08934,5.072e-05,1348.26,0.0684,0x50...cbf6,https://etherscan.io/tx/0x22f7fdb963eb134999ef22b38900e7dfb4fcf750aec43f13085cce54a3b71b4b
2023-03-24 16:06:23,True,0.08885,5.04e-05,55352.4,2.79,0x79...af0f,https://etherscan.io/tx/0xcbe5e94e63c159bce31447ddf7d164e422d81f85999fc4c6cc26bda96053bf46
2023-03-24 16:05:59,True,0.08827,5.007e-05,2672.38,0.1338,0xba...bcc2,https://etherscan.io/tx/0xca56bcf74e4326670e3c9c475b271c29feff541751b9f37f903e7e447858af62
2023-03-24 16:05:23,False,0.08774,4.977e-05,2300.0,0.1144,0xd6...a9ad,https://etherscan.io/tx/0x8fb6f3a46ca93151117da16545b527b5f6b32a14be4ce5304380d7b8ae0d547c
2023-03-24 16:05:23,True,0.08827,5.007e-05,1880.56,0.0941,0x37...b3ba,https://etherscan.io/tx/0x60a157299661550816706218b9befebae722f52dce302e855567ab0aa3cb874d
2023-03-24 16:04:23,False,0.08761,4.978e-05,3031.34,0.1509,0x81...441c,https://etherscan.io/tx/0x65fc4e5fef69e59d740a41835de87635d41266f3c1c9bd7883619710049e062c
2023-03-24 16:03:47,False,0.08772,4.984e-05,8060.5,0.4017,0xd2...bc4b,https://etherscan.io/tx/0xb95a6a01b8910dafcec1cea246a61f0adc0b01c347717e9396664d00f55e2abd
2023-03-24 16:03:23,True,0.08832,5.018e-05,1038.01,0.052,0x8e...d81e,https://etherscan.io/tx/0x153d38fe31cc70c9b6bf419fdb91232a390caf6ec004e848df50a195b2cf814a
2023-03-24 16:02:59,True,0.08829,5.017e-05,968.09,0.0485,0xc2...e9a3,https://etherscan.io/tx/0x97cf8ea48d76a44feccd2de2c28b38986996bad8502d7a0ca295909a92dee391
2023-03-24 16:02:59,True,0.08827,5.016e-05,1116.14,0.0559,0x10...126a,https://etherscan.io/tx/0xd78a079e2d9fd710dbdcd77dadf0c0257052260309c94994a4a0a34830d74d71
2023-03-24 16:01:47,True,0.0884,5.013e-05,3598.53,0.1804,0xe1...b2c2,https://etherscan.io/tx/0x7b33a993548ae50acc51617ab963dc5377f80efb3fddff3e8aafde73fb0d5492
2023-03-24 16:01:35,True,0.08831,5.006e-05,8795.59,0.4403,0xf3...b51f,https://etherscan.io/tx/0x13a86ebcec1ce000a8f1f5761f4944a631300883b5d71f04792c0f5c4dbf98c9
2023-03-24 15:59:47,True,0.08827,4.999e-05,3787.13,0.1893,0x6d...7c27,https://etherscan.io/tx/0xecddb55f2dec1cf982c2eafe937f3327940c609c2943398b5fe91f38ffd90b4b
2023-03-24 15:59:35,True,0.0882,4.995e-05,2974.72,0.1486,0xd5...17ed,https://etherscan.io/tx/0x33b1f3ced9bb33631f257b5b9aa521409f6ce9b88355b355d39738b22949bc66
2023-03-24 15:58:47,True,0.0882,4.993e-05,992.596,0.0495,0x74...616b,https://etherscan.io/tx/0x730e9b3229e402ac5a3b2d116e8a331d8887a4f4f24e5fbf9e6c2732d10c61aa
2023-03-24 15:58:11,True,0.08823,4.991e-05,1602.64,0.08,0x31...0a8c,https://etherscan.io/tx/0x70183488f48643cdcbf4cbd1ac6d1e197f20efeacf6fdafeb536ffd2a30c645f
2023-03-24 15:57:47,True,0.08816,4.987e-05,5994.21,0.2989,0x1c...e2e6,https://etherscan.io/tx/0xc5de9ab4aaf2222735bda1d418916aa4678d3360615334d3a84b2d17ec278803
2023-03-24 15:57:47,True,0.08804,4.98e-05,6003.11,0.299,0x00...0906,https://etherscan.io/tx/0x73cd2800559e53b2be903639d882a999754b37b5fc809586b7467bc05ec88853
2023-03-24 15:57:23,True,0.08796,4.976e-05,2217.1,0.1103,0x95...3601,https://etherscan.io/tx/0x35ce52c2fd9d5ea4d2d8ffbcd6bc20c47a0c6bd078656eadba019b5a4ea1a776
2023-03-24 15:56:23,False,0.08765,4.962e-05,30284.5,1.50271,0xdd...bb25,https://etherscan.io/tx/0x2f5259020a6bde1398ea2eba092439cad8aee37eecba67c5a8876b571cdbe655
2023-03-24 15:55:47,False,0.08791,4.979e-05,1500.0,0.0747,0x05...de18,https://etherscan.io/tx/0x20dc1ce8d663babcdf25a2173149a8090dab0eb4760936db6e74e81bb351edaf
2023-03-24 15:55:23,False,0.08799,4.983e-05,5000.0,0.2491,0x1a...c049,https://etherscan.io/tx/0x9063a395ea8c50970dc46ce8fe3f2a3f832a165ae40874217d36df6943350491
2023-03-24 15:51:47,True,0.08838,5.005e-05,19805.2,0.9912,0x43...c051,https://etherscan.io/tx/0x968c115a4388bb79c3f606ae9791aef1928437a49558e7cfe4bbe35d38f3f6a7
2023-03-24 15:51:11,True,0.08821,4.99e-05,5958.83,0.2973,0x76...cdf0,https://etherscan.io/tx/0x0f26fbcf02a217f170383f82ff56096ff1ac4442c4ec0ae0f14d5314ad8d0891
2023-03-24 15:50:59,True,0.08811,4.984e-05,3977.0,0.1982,0x18...55de,https://etherscan.io/tx/0xca79f7233c86780a83e6b4fc03e6e4064f2871bcbaf3cd57e82c3b6b3bef25e8
2023-03-24 15:50:23,False,0.08775,4.964e-05,20630.6,1.02417,0x15...54cb,https://etherscan.io/tx/0x878fe01bd6ae800cee70fcd51b86ffbbabe461b6c3b255f196b19840993f0f3b
2023-03-24 15:50:11,False,0.08797,4.977e-05,2000.0,0.0995,0x33...c5e6,https://etherscan.io/tx/0x6f515d879c4f5dfdcf1c719558f518630d0d69dbe18a0c2ab3a5924e1b33bd01
2023-03-24 15:49:11,True,0.08845,5.007e-05,1187.74,0.0594,0x36...df52,https://etherscan.io/tx/0x7524b3e53ab7f80ff3b4b7bde9ec88a590478d176a0d22d00e5ca785a8193a2a
2023-03-24 15:48:47,True,0.0883,5.002e-05,7623.18,0.3813,0x51...9bfc,https://etherscan.io/tx/0x6a52fd04d12e73dfbe8dd124cc778c24de89b945b3b88881f112f4e904fe0101
2023-03-24 15:48:47,False,0.0878,4.974e-05,10389.3,0.5167,0x2e...f345,https://etherscan.io/tx/0xa5914dd41990c885c2446f1e7bbb1798d9c47f8d691cee8e7766a2d1931d70cf
2023-03-24 15:48:35,True,0.08834,5.005e-05,8516.2,0.4262,0x49...5c77,https://etherscan.io/tx/0x2e9668d0912e178383bfbade2b8c9ab631733742432d97c0faff21bbaba0814e
2023-03-24 15:48:11,True,0.08825,5e-05,396.337,0.0198,0x8e...d81e,https://etherscan.io/tx/0xfc896442b7cd054eeef9bb6b49916b94eeb15ef2d0645147416eb0694bf1d829
2023-03-24 15:48:11,True,0.08814,4.994e-05,10067.5,0.5027,0xc9...27b6,https://etherscan.io/tx/0xfc73c223d698d7b20560253c75ad47839db869c0e225bb92381c5cfb95aaa2fd
2023-03-24 15:47:35,False,0.08774,4.971e-05,22500.4,1.11853,0x2e...f345,https://etherscan.io/tx/0x520bf11877c035ab3b6ccbd1ceccf6b02660ab48afcfe4b37ed459fb66a580c4
2023-03-24 15:45:11,False,0.08845,5.008e-05,42982.4,2.15255,0xc6...fed0,https://etherscan.io/tx/0xeb62490d0ffa79e216791bc3b1213f5bbbb716c28c1af62a44fe1bfde3f0c74e
2023-03-24 15:44:47,True,0.08936,5.059e-05,5000.0,0.2529,0xce...cbc1,https://etherscan.io/tx/0x874e31a14ae7f4db25af69eda67d621c762e42174db8f2ad3b152db309421179
2023-03-24 15:44:23,True,0.08912,5.044e-05,22206.1,1.12011,0xdf...a7cc,https://etherscan.io/tx/0x9b6b042439266263c8a76b57f685c2565d34b1da35393802a53eb82460755ba4
2023-03-24 15:43:47,False,0.08872,5.021e-05,35555.0,1.78541,0x92...47e4,https://etherscan.io/tx/0xbd1fea771b39f8f85502120a200a7e13a51a3a2c79dd93c0718cef3602f4f4b6
2023-03-24 15:43:47,True,0.0896,5.071e-05,1172.74,0.0594,0x60...1840,https://etherscan.io/tx/0xd82c2a1a6aaa39b175e09ef8f2484d0d3553b7f3f2c6ede8b5f4139b1051ca9c
2023-03-24 15:43:47,False,0.08909,5.042e-05,3877.77,0.1955,0x73...e95c,https://etherscan.io/tx/0xe0fdfa3982ae5a6996a6bf8d71d970bb29f1e453f7793cd64bed9478cb2852b3
2023-03-24 15:42:23,True,0.08968,5.074e-05,585.974,0.0297,0x4d...59b6,https://etherscan.io/tx/0x111d20ad366a88c83c0ebb7fa2abf3534a12245c01997f742ecbf859f577d88e
2023-03-24 15:41:59,True,0.08953,5.066e-05,13694.9,0.6938,0xa3...0e20,https://etherscan.io/tx/0x1c17c07e62d352388b3c959899988f00529ff66d5409c642a61f16f6b23d869a
2023-03-24 15:41:47,True,0.0889,5.031e-05,48298.8,2.43,0x50...ea90,https://etherscan.io/tx/0x8e24082c1680a7175ab8b82f062a9eae428ae4197749f6b6ca5b0783ec6973b6
2023-03-24 15:41:11,True,0.08834,5.002e-05,2506.49,0.1253,0x1a...b651,https://etherscan.io/tx/0xf5229ec459518d87ccc54aa2263d5546afde29b9bf36584f4899dff03d6a8849
2023-03-24 15:39:59,True,0.08838,4.995e-05,9368.07,0.468,0x5f...0898,https://etherscan.io/tx/0xf7659ee2cd3644dd7fa2e7309b8bca537262a40bd9cc6b53bb7b4bbd7be6f1ba
2023-03-24 15:39:47,False,0.08781,4.963e-05,5000.18,0.2481,0xa5...97fc,https://etherscan.io/tx/0x095deb513a99d2c360047ae5e8a29435fda4cb3d1ac8c90157ee6a28bbbeea31
2023-03-24 15:39:47,True,0.08827,4.989e-05,12025.8,0.6,0x91...dc25,https://etherscan.io/tx/0x34e5839b6ad320c412bf7ffb90ce4a58844109b1258ffc320415c6612e6f2230
2023-03-24 15:39:23,True,0.08814,4.981e-05,1094.36,0.0545,0x76...7d5e,https://etherscan.io/tx/0x444703efcfd5694ad6cb02366e73210b24334ff861c35596cb058bf15c238050
2023-03-24 15:39:11,False,0.08788,4.967e-05,27797.7,1.3807,0xc6...fed0,https://etherscan.io/tx/0x5233712d6c14f137e1cfbfdb7ea4d44cdcdff72c3cb70e384c870473ffde722e
2023-03-24 15:38:59,True,0.08869,5.008e-05,6388.63,0.32,0xea...9270,https://etherscan.io/tx/0x2d4610f497e044704b186ed1a5e138c7861f4895608528437084e5d0a36ae308
2023-03-24 15:38:35,True,0.08863,5.002e-05,5617.62,0.281,0xd6...d912,https://etherscan.io/tx/0x1e86eac7b39c9992d76205455cce8a32d925a446fde1ff5ff26fdb6575c06bf8
2023-03-24 15:38:35,True,0.08856,4.998e-05,1196.81,0.0598,0xb8...baef,https://etherscan.io/tx/0xf3c84bf28177fb02704f7cc67d037ff78947ba33718e4ff1ceb425915898a31d
2023-03-24 15:38:11,True,0.08853,4.997e-05,1143.83,0.0571,0x8d...abc7,https://etherscan.io/tx/0x2d1e78b3d6a6247f2ea929947edee940f75d13bc4cc97d9fdfcd13200241f3ed
2023-03-24 15:37:35,True,0.08851,4.996e-05,544.771,0.0272,0xd7...a3b2,https://etherscan.io/tx/0xe366ac858ef0b5a174d580f20974c59a2211bafe904791d6f9676b68123e05a1
2023-03-24 15:37:23,True,0.08848,4.994e-05,2829.03,0.1412,0xad...17a8,https://etherscan.io/tx/0xb554f887d1e1e6424bbbbacc74d07d45dbb8558c2c4724b08b2dcb4efa8bc37c
2023-03-24 15:36:35,False,0.08818,4.975e-05,23492.8,1.16895,0xc6...fed0,https://etherscan.io/tx/0x56ce518b7e7cba94bf8869cdf050ad042be10919ec89fe6e8ca12bdbcfc59e09
2023-03-24 15:35:35,True,0.089,5.012e-05,11940.0,0.5984,0xf8...1997,https://etherscan.io/tx/0x322990b17ff7d27143b4e09e64d7a403d77cadfbc90b0c46e6216519993b6e16
2023-03-24 15:34:59,True,0.08895,5.004e-05,990.279,0.0495,0xb8...fa84,https://etherscan.io/tx/0x19e9ac0115bcee97aa5d94759bb6dab2062520ed07ada2ddde27bdcb2aa6d541
2023-03-24 15:34:59,True,0.08893,5.004e-05,533.97,0.0267,0x8c...8833,https://etherscan.io/tx/0x3c79d27464761f80332f3ba6edfd936529919ac93ebebd9d543c7dce304b638c
2023-03-24 15:34:23,True,0.08895,5.003e-05,935.15,0.0467,0x19...004f,https://etherscan.io/tx/0x9a474ebaf17eae15b94917bb272fe55120d97d3b3a0ab4d3b398241f565153d4
2023-03-24 15:33:59,True,0.08893,5.002e-05,782.024,0.0391,0x02...2b20,https://etherscan.io/tx/0x88150e2b34981571f0a8c4d330eec173f642210813691cf95f03451161c15879
2023-03-24 15:33:59,False,0.08869,4.988e-05,29417.8,1.46747,0xc6...fed0,https://etherscan.io/tx/0x808641828cd844d71c953b2dff11f13e9a6da0559ed016b04f67c0ce411185ea
2023-03-24 15:32:35,True,0.08943,5.027e-05,13924.4,0.7,0xd5...9477,https://etherscan.io/tx/0xdf073b712d69d2ccf39b338a21ebc9d1fb20711679ebbf9e265a5b324a99592d
2023-03-24 15:32:23,False,0.08897,5e-05,20448.7,1.02258,0x79...0fa0,https://etherscan.io/tx/0x0f621c89cc1f5b6a0f921195b812c6622d5f91eec9cc145b50abe2165e1103ff
2023-03-24 15:32:11,True,0.08931,5.025e-05,30081.0,1.51166,0x74...5e05,https://etherscan.io/tx/0xcc68852c511d8f38936c54ebf67c0c07c1b7ebb399ac732b3ae93a9e87f7faad
2023-03-24 15:28:47,False,0.08842,4.989e-05,20194.4,1.00762,0x9f...6a2b,https://etherscan.io/tx/0xb2dfe616e4ef2dc350bd4a42163884aa2556e292e4bf45f298a7e2d91c04e94f
2023-03-24 15:28:11,True,0.0891,5.028e-05,5392.44,0.2711,0x42...cf69,https://etherscan.io/tx/0x8532e6958a39703b3ec1a6469557266ae2314e025739e000fbf83791ed9fa805
2023-03-24 15:27:35,True,0.08898,5.021e-05,5566.38,0.2795,0xc2...e9a3,https://etherscan.io/tx/0x4222301a22297aca34b551a4ffbbec52b3c0fe869bf248fbbfe6c1f8f055aa61
2023-03-24 15:27:35,True,0.08892,5.018e-05,718.587,0.036,0x9b...d3ca,https://etherscan.io/tx/0xc6b9e565f9ba7247ca64fff8f98512e269f6dfc780d99c6ed3e226da8ea1e9b0
2023-03-24 15:25:47,False,0.08854,5.005e-05,30000.0,1.50169,0xe4...b25b,https://etherscan.io/tx/0xb3f0f5e724c038a77b530d0ba849e540c00d0b59871d97d943d64d10d3c19bb1
2023-03-24 15:25:23,True,0.08935,5.051e-05,2205.31,0.1114,0x47...2667,https://etherscan.io/tx/0x8d2f74a22ed887e673de8908c6dd26c3c36cbb763c7f50e4db145df3165762cd
2023-03-24 15:24:47,False,0.08899,5.033e-05,22911.2,1.15315,0xe4...b25b,https://etherscan.io/tx/0x02b63bf03e4c957e7423c5be0b5104d3280003df15ab2f4f131e9077115e09ff
2023-03-24 15:24:23,True,0.08972,5.074e-05,3754.47,0.1905,0xd7...a3b2,https://etherscan.io/tx/0x511794a3ad3580d201c86c35d956f4c4d25ca19793dd6f2a74f6c244240f0dd0
2023-03-24 15:24:11,False,0.08964,5.07e-05,48944.6,2.4815,0x79...8bc4,https://etherscan.io/tx/0x24f10cca6161d99d3bc923e4c2b328cd01037a7af090d0933ad9c121e1c4a49b
2023-03-24 15:23:23,True,0.09072,5.128e-05,1092.08,0.056,0x84...1f7b,https://etherscan.io/tx/0x9db4c2e26be4c673034a04e5f0491455636dfdcc9431d6c04688dff1d9b70222
2023-03-24 15:23:11,True,0.0907,5.127e-05,1014.22,0.052,0x7b...20d4,https://etherscan.io/tx/0x0300d4111d0c4a9dbfcc0bc2c31c5ae1cfcf1abdc96ed21d0bd4039116ba2097
2023-03-24 15:21:59,True,0.09088,5.122e-05,6579.11,0.337,0xdc...f11d,https://etherscan.io/tx/0x135aa453337f406ff3c41083626a11f1b553905fe19ea620cc9cec6c637b40ff
2023-03-24 15:20:59,True,0.09081,5.116e-05,4488.68,0.2296,0x2f...a999,https://etherscan.io/tx/0x51782780fbd49bc189a4b62a33a04edc14100f01b134524a94f7978b069f0447
2023-03-24 15:19:35,True,0.09078,5.113e-05,712.731,0.0364,0xc6...c5d3,https://etherscan.io/tx/0xff3b768c4270d3e11823dac410e7fe1064473657ad151257d6aa9ac474382ea7
2023-03-24 15:19:23,True,0.09076,5.112e-05,544.147,0.0278,0x89...4c91,https://etherscan.io/tx/0x69d4c4edfbf2f4f8be88651239d863eab3ba53caf08efc25c5306818870ee443
2023-03-24 15:18:59,True,0.09067,5.111e-05,872.649,0.0446,0xf9...3b98,https://etherscan.io/tx/0x25485d458fcc908fc8035e3094676fa86a734daa99c033bb11fdc4d25d813cf4
2023-03-24 15:18:23,False,0.09029,5.095e-05,25000.0,1.27374,0xe4...b25b,https://etherscan.io/tx/0xafa8cc2e03af3f28b006447b9d718261d4e1003d5efa9139abbe420d7bdf7af1
2023-03-24 15:18:11,True,0.09084,5.125e-05,25000.0,1.2814,0xa3...2f3c,https://etherscan.io/tx/0x1318ad46ae28595bb40ecb1895c4e018fcb049eaa3bfb2a4d4571a57886cbb48
2023-03-24 15:17:59,True,0.08992,5.073e-05,64328.9,3.26387,0x08...0082,https://etherscan.io/tx/0x7eb9a1a93abd86cee0ba96e830d3b207e5abe1ca07a17745f7b5a143474cd631
2023-03-24 15:17:59,False,0.09157,5.167e-05,275005.0,14.2103,0xe4...5171,https://etherscan.io/tx/0x5ef49d60cd2012fbc52615c178776b17b6114c4e9e9b73fd417bc99e4b87257d
2023-03-24 15:16:23,True,0.0951,5.363e-05,1663.27,0.0892,0x70...5b76,https://etherscan.io/tx/0xa9d21712e0785d20eb09c5ddd777403c1530f3c99eb83091b6bfbee01627a197
2023-03-24 15:15:47,True,0.09513,5.359e-05,4582.51,0.2456,0x2f...a999,https://etherscan.io/tx/0x51974d06d0871c8b86653f430839c85c74488d54de442b362e27f7b28bfd761e
2023-03-24 15:14:47,False,0.09483,5.334e-05,15000.0,0.8001,0x45...e71a,https://etherscan.io/tx/0x32670269299c3f53aeceea430132ddeac6424b07d8e767480386a8fe3c679867
2023-03-24 15:14:11,True,0.09509,5.374e-05,2397.82,0.1288,0x3f...6d16,https://etherscan.io/tx/0xa4d0cf27393d2f5eb91e332aca3ea7a443cd0eff0dbf0997f713a0f8c92de060
2023-03-24 15:13:35,True,0.09479,5.359e-05,21076.9,1.1296,0xc6...fed0,https://etherscan.io/tx/0x5e3be15be35d36cce3cd7e6514dc070be7af61d8929a450ceb974dad89800320
2023-03-24 15:13:11,True,0.094,5.322e-05,38701.7,2.05978,0x76...7d5e,https://etherscan.io/tx/0x35111997824ae42123f158c7f1e00e9341d42a30c08828f0963e53543bc76e60
2023-03-24 15:13:11,False,0.0935,5.293e-05,44346.5,2.34761,0x1d...f241,https://etherscan.io/tx/0x5a6693ed09de80560c4a5ac0ae816bf3300b51697d047d80e3f35a53b2ace07a
2023-03-24 15:12:59,False,0.09459,5.358e-05,60000.0,3.21512,0xf6...68eb,https://etherscan.io/tx/0xe38ab109749a2c1ba3556c739056d16ae15a1a67425a0c576e89b0835e629b8f
2023-03-24 15:12:23,False,0.09531,5.399e-05,5395.96,0.2913,0x76...7d5e,https://etherscan.io/tx/0x23777f3abf517ecc6edb18157e388f0be5a0855fc3f745fd1b3d35c3061b64f0
2023-03-24 15:11:59,False,0.09546,5.409e-05,17327.1,0.9373,0x74...d510,https://etherscan.io/tx/0x6cd250d7523d0e37791a381b631aa5e5af18d7abb3bbf3cc9ff071f34dbd3107
2023-03-24 15:11:59,True,0.09627,5.455e-05,3239.59,0.1767,0x9a...dd9d,https://etherscan.io/tx/0x9ffb850c68b59f9c2128ae0cb1a38849e8185b646b5de829b5e182cb3403b796
2023-03-24 15:11:59,True,0.09554,5.414e-05,61662.0,3.33847,0xd2...f829,https://etherscan.io/tx/0x7d7284dcaab5950a96ee5d96eb1e32ee24398763ea0695fc1370f965625a8bf7
2023-03-24 15:10:47,True,0.09471,5.374e-05,756.161,0.0406,0x6c...7434,https://etherscan.io/tx/0x6d085ba9dbd34cda76d1bf1786f4e684349ef2100be482c1c5abff7fa5aa76bb
2023-03-24 15:10:35,True,0.09469,5.373e-05,922.329,0.0495,0xdf...6604,https://etherscan.io/tx/0x9e8edadf68bed4b2244e871b0f8b38d71594c439078c57de7d82313a3a24417d
2023-03-24 15:10:23,True,0.09466,5.372e-05,1571.98,0.0844,0xfa...cbbc,https://etherscan.io/tx/0x75307f97c30c794e04fa53a4058351a2c498af5a32e0eea02f02cf7693362bdb
2023-03-24 15:09:47,True,0.09453,5.364e-05,10532.3,0.565,0x41...44f0,https://etherscan.io/tx/0xbf504ac6b73c7f917b04cff52bac5eb6ad93c22e3de7f07a0233d2c1bd78ce93
2023-03-24 15:08:23,True,0.09434,5.351e-05,10187.6,0.5451,0xcf...0cbc,https://etherscan.io/tx/0x9e84da97427f9784c90a9fcd9f08ec44546ce8af535057dd20c1670213521092
2023-03-24 15:07:35,False,0.09384,5.322e-05,15234.9,0.8108,0xd5...9477,https://etherscan.io/tx/0xb3d6bf7ac5e09173203f5358344dc61673f11e0f29957361d5845dab06da85ac
2023-03-24 15:07:11,True,0.09458,5.361e-05,3697.44,0.1982,0xa9...d0ed,https://etherscan.io/tx/0xa721bbd2d87f1d451147e173f9cbaa63dae186f7fcb04098c12cb5bcec59b62b
2023-03-24 15:06:59,True,0.09452,5.358e-05,1109.86,0.0594,0xcf...30b5,https://etherscan.io/tx/0xb94e2fffba7161b6f85fd01d75163d9c4c0634d1318b08f75e7df61631259b7e
2023-03-24 15:06:35,True,0.0943,5.347e-05,16682.5,0.8921,0x90...9f03,https://etherscan.io/tx/0x7f013de723c54eceb87b8df0bca6d0fda99798fdf9bcdb125fd1912231501caa
2023-03-24 15:06:35,False,0.09362,5.309e-05,6163.69,0.3272,0x76...7d5e,https://etherscan.io/tx/0x317423bf99b7315e022cbd2518487817e8b3cad2713abbedb6c838f853b78327
2023-03-24 15:06:35,True,0.09392,5.326e-05,30247.1,1.611,0xc9...be0f,https://etherscan.io/tx/0xea25d4b587b80613b6d346966eb7a31eb069ddddc6bb73c4924cba12071f674d
2023-03-24 15:06:11,True,0.09338,5.303e-05,5656.17,0.3,0x37...465a,https://etherscan.io/tx/0x5f8abd29adbad10304c1db4f5a67480520155e775f4df51ddc88f4200194f626
2023-03-24 15:05:59,True,0.09338,5.299e-05,1302.37,0.069,0x47...fe0c,https://etherscan.io/tx/0x955ee6919727910c982201bad22028a7ede518a400eb23ddfc138832388e333d
2023-03-24 15:05:35,True,0.09332,5.297e-05,1534.24,0.0812,0xaf...01c1,https://etherscan.io/tx/0xbdd616b664083dc112871b873acfb2480295bcaf2988da69b2798eb377c362cf
2023-03-24 15:05:11,True,0.09324,5.293e-05,5289.29,0.28,0x95...f160,https://etherscan.io/tx/0xeb8fbdab4764327fe836d3bdd87e8fb33262cfb5312f652523fd421a72f9aa7d
2023-03-24 15:04:47,True,0.09313,5.287e-05,4390.54,0.2321,0xc6...fed0,https://etherscan.io/tx/0xcc32243376d074419da5d97b76dcbb1c2d3b86dd5a88427cfa15692c7d705037
2023-03-24 15:03:11,False,0.09286,5.278e-05,40335.4,2.12893,0x1d...9247,https://etherscan.io/tx/0x357acaf165e79cdcaffb050e10e3f28dac68f0b710e44b2be271f82e545df2a5
2023-03-24 15:02:59,False,0.09338,5.307e-05,7277.85,0.3862,0xe4...53d4,https://etherscan.io/tx/0xdb5c73eca24cdbb22c886c930f271448def9ede58d40a4851a4e021215ae4d85
2023-03-24 15:02:47,True,0.09372,5.326e-05,27915.2,1.48687,0xc3...8e74,https://etherscan.io/tx/0xe3c4754940df36d58c9f18616c63a4dbebe3cb238351986a5df73caa2d80ddba
2023-03-24 15:02:35,True,0.09338,5.307e-05,3175.18,0.1685,0x07...67fe,https://etherscan.io/tx/0x2a9272a7834f958ff85825edcba1cb0599aa49264af30da6304377c88f680dd1
2023-03-24 15:02:35,True,0.0932,5.297e-05,13380.2,0.7087,0x63...5a2b,https://etherscan.io/tx/0x5144dedb88d656284138871d01f2050c31f1e71ef108e61328211bd8d79a3a53
2023-03-24 15:02:23,True,0.09305,5.287e-05,2812.3,0.1486,0x37...1b72,https://etherscan.io/tx/0xdb894652151698bfcd1893ad8be06e2f62bf598929eeab699caec3506997098b
2023-03-24 15:02:23,True,0.09251,5.256e-05,47693.8,2.50688,0x17...acd8,https://etherscan.io/tx/0x7ddd9bdb51e4d18a9be8c1eb2322f694e19298cde30c94117de596a8c9c9bd4a
2023-03-24 15:00:59,True,0.09202,5.222e-05,7496.82,0.3915,0x08...89c2,https://etherscan.io/tx/0x73b32e02917deae85ae3c23b3cdb5186b34d959b93c9441bf8c7291607144fc9
2023-03-24 14:59:47,True,0.09151,5.182e-05,60599.5,3.14029,0x97...aa4a,https://etherscan.io/tx/0x6e21d12a72e38826a6da83f949847fe36e43f4f73f70e65abf06b76a871d81cf
2023-03-24 14:59:11,True,0.09081,5.142e-05,5782.41,0.2973,0x19...004f,https://etherscan.io/tx/0x8486cc4342e89eb82ce7294acc6a58c223c3108af18c82d90d7b4228d5ffa537
2023-03-24 14:57:59,True,0.09066,5.136e-05,4534.9,0.2329,0x93...0dec,https://etherscan.io/tx/0x2619425091b20375c7b3032ef63a06c93159abafacf604018367362fbaddde79
2023-03-24 14:57:35,True,0.09053,5.128e-05,62339.4,3.19721,0x30...c3cd,https://etherscan.io/tx/0x060f014c55937e59864df9c960af71991427d26e3a8d01e5917e7a285cb588c4
2023-03-24 14:57:11,True,0.08922,5.051e-05,17071.1,0.8623,0xb9...b366,https://etherscan.io/tx/0xad950d01e9f08c520a0fae4908927825efadddfedd5ac96b5cc2a27c3210bbbe
2023-03-24 14:56:23,True,0.08904,5.041e-05,1573.08,0.0793,0x22...5695,https://etherscan.io/tx/0x8f85d9ef3400626602deb3641afa7121d692699f77976603f9758a3d44695b39
2023-03-24 14:55:23,True,0.08894,5.039e-05,1190.59,0.06,0xfe...04f5,https://etherscan.io/tx/0x1885229da9d11a8fb9c3793b096527fb0cac5259cdbb3d187d893adfed6a5dd9
2023-03-24 14:55:23,True,0.08881,5.032e-05,11283.2,0.5678,0x2f...7bbb,https://etherscan.io/tx/0x92def41c714e1f756d2f63f0b53596fc1f7328d73e31058a45e51494644a74b5
2023-03-24 14:52:47,True,0.0882,5.019e-05,11484.8,0.5764,0x37...9195,https://etherscan.io/tx/0xe4fd258658db640d66e70b82cbe4dc2da08f49ca432c9636c519be5303db8f60
2023-03-24 14:52:35,True,0.08798,5.006e-05,10690.8,0.5352,0x23...8e7b,https://etherscan.io/tx/0xe7b97e9cf4e3a41cfc3e780545e507aba9339ab04e0d1647d578f087bb2b91c5
2023-03-24 14:51:35,True,0.08791,5e-05,396.451,0.0198,0x96...e67a,https://etherscan.io/tx/0xf621af228cc17b66874da45c4928f51c1f2b9fb5c8bea2a70c65143c5f0c6981
2023-03-24 14:50:59,True,0.08722,4.965e-05,62921.8,3.12413,0xa5...bf62,https://etherscan.io/tx/0x31652833c789e44895b47a374a59c26b9d9be5319eb6f7efc7fa155ded0d7f0d
2023-03-24 14:50:47,False,0.08628,4.917e-05,30910.8,1.52008,0x17...4628,https://etherscan.io/tx/0xb141ad00195805e1501df5d756689645299e3ba2f99c5291e8d5fc2bbd9b2d5f
2023-03-24 14:50:23,True,0.08709,4.963e-05,998.476,0.0495,0x29...a1af,https://etherscan.io/tx/0xbe6e6e973873be2751ba34f4777bcb0e6210d4b0dee618be80ff7f4216b67f37
2023-03-24 14:49:59,True,0.08698,4.957e-05,9997.12,0.4956,0x2d...973d,https://etherscan.io/tx/0x6251f1bd6b585b9e4cdb7d00bdc039da758d3094503e6a28a7d3f0f8e5c79800
2023-03-24 14:49:47,True,0.08683,4.949e-05,5051.21,0.25,0xe6...0aeb,https://etherscan.io/tx/0xc1e3a1dcefa8e2cdd63099aedcd01d3adafabd5721cdea53befc9778b1e45d1a
2023-03-24 14:49:47,True,0.08676,4.945e-05,2558.04,0.1265,0x66...cf5f,https://etherscan.io/tx/0x84abdb71c2d4ecd8ebc67ce0bbdc53586d43766ba30983e4ac7ddb024ece4d41
2023-03-24 14:48:59,True,0.0865,4.938e-05,10036.7,0.4956,0xbd...5f11,https://etherscan.io/tx/0x494803fafd8f637e6f5f1def5df49a55753b0a412d1ec0bc91925b85e9cfcab0
2023-03-24 14:48:35,True,0.08637,4.931e-05,2211.12,0.109,0x28...ec52,https://etherscan.io/tx/0x4189f69ffb768d3f1874290e3b171631e08f7ee2b732e8e0d6cb334a8d2ddee4
2023-03-24 14:48:23,True,0.08628,4.926e-05,6841.29,0.337,0x4b...459f,https://etherscan.io/tx/0x3823ef23801b221565b3e372c929690d23922793b185e4fdbdb61ca1244cc86f
2023-03-24 14:48:23,True,0.08616,4.919e-05,5754.09,0.283,0x2e...f345,https://etherscan.io/tx/0xddc6fa146df442cc1580a022a3bfb3d144c7da267af5c38476d8cc258db56045
2023-03-24 14:48:11,True,0.0861,4.913e-05,5504.92,0.2704,0x6e...429c,https://etherscan.io/tx/0x01c9d5fc9079e8d014f11a90faaa45c9a57e6cc61c5a96f69124834e6c8d55c6
2023-03-24 14:47:47,True,0.08591,4.909e-05,2030.54,0.0996,0x9b...d0c9,https://etherscan.io/tx/0x46a06a5ffacaa039b2af95789e8341b23dda41448187a12a08ec138e13f97562
2023-03-24 14:47:35,True,0.08626,4.907e-05,1249.56,0.0613,0x5a...6aab,https://etherscan.io/tx/0x5fa51082a539458d9c49bc2b92d66ed915832ad85d5c575d6032eb9b715baca6
2023-03-24 14:47:35,True,0.08616,4.901e-05,9180.78,0.45,0xdc...16de,https://etherscan.io/tx/0x75d091c55b8c4b335c91dd7b602beea12780695c51ecafdaaf19a9546cfd8686
2023-03-24 14:47:23,True,0.08606,4.895e-05,1950.0,0.0954,0xf4...2b66,https://etherscan.io/tx/0x04abf9529641c4c2293e3983104a05aeb299959d05e444880fcb7829fc38db1e
2023-03-24 14:47:23,True,0.08599,4.891e-05,4741.15,0.2319,0x9b...e72a,https://etherscan.io/tx/0xbefe3a1e464fdba7330939a405ada9451710d3ea7393e8351551e2512fda4aa2
2023-03-24 14:46:59,True,0.08589,4.885e-05,6086.39,0.2973,0x9d...9e64,https://etherscan.io/tx/0x5ffb75394e90372559473459841f5da58f544cd31b42106c16aa6bf2d27fc142
2023-03-24 14:46:47,True,0.08583,4.877e-05,9431.15,0.46,0x00...5775,https://etherscan.io/tx/0x16bb3f89c70ab7ef2a753724865e304228d7f4e294eeb463a0c4ba64f43fc853
2023-03-24 14:46:11,True,0.08571,4.871e-05,1220.83,0.0594,0xc2...a9e3,https://etherscan.io/tx/0xee03b9ce303969925d0e49a59dd2b846578f46d853226588f667202fe848e909
2023-03-24 14:45:47,False,0.08615,4.896e-05,100000.0,4.89627,0xe4...5171,https://etherscan.io/tx/0x9e831e1df3fa103e5fd9b30e3bbe0813c8842329748a733646082ee29cf31edb
2023-03-24 14:45:23,True,0.08764,4.98e-05,358.226,0.0178,0xf2...1065,https://etherscan.io/tx/0xc8c6d511fcafd728a69e24125ce9ac0f1d2daab059b1597db224349de2e84b4e
2023-03-24 14:44:59,True,0.08761,4.979e-05,2174.22,0.1082,0x2f...a999,https://etherscan.io/tx/0xca5c927da3bb2467499473fdef4bae31219c1745c7e9f2f7b635a0fd8aea0749
2023-03-24 14:44:47,True,0.08756,4.976e-05,2813.18,0.14,0xbd...2bea,https://etherscan.io/tx/0x60a5667ab2e96b434b8e2346f3aa71cb4beb677fd80c9003425ed0800187dcf0
2023-03-24 14:44:23,False,0.08743,4.968e-05,42446.7,2.10913,0x30...519e,https://etherscan.io/tx/0x57e4d5480c9029bdb4ea41b7bb2ef5b953c4d588b8e199d6899d2b02db728f3b
2023-03-24 14:44:23,True,0.08817,5.011e-05,20194.4,1.012,0x9f...6a2b,https://etherscan.io/tx/0x6dede78faa0335cfee78afd7d0eac88d70c3c50c749c516dedaf087c996cd9a3
2023-03-24 14:44:23,True,0.08781,4.99e-05,16833.1,0.84,0xd5...9969,https://etherscan.io/tx/0x9affa42c4f870709a0427d5d2d7837a958b173d4bbcd15f4cc2e5e87c37faf62
2023-03-24 14:44:11,False,0.08712,4.951e-05,198.023,0.0098,0x1e...c896,https://etherscan.io/tx/0xcb3e06f2c5d3e812960bfe65f1d2a4e00645056e090ca732a778ad09a1e2e166
2023-03-24 14:43:59,True,0.08705,4.947e-05,60233.2,2.98007,0xf6...68eb,https://etherscan.io/tx/0x46fcb363298699ed31e53bc7140552ee0251d4e7e47ec0bf60eeb03e3b8f4c08
2023-03-24 14:43:47,False,0.08633,4.909e-05,45414.4,2.22972,0x1e...af2e,https://etherscan.io/tx/0xda6c4d1e590fc8d125fbd902f748a01c5cd9f6ba7f4d9efbb977309557e26192
2023-03-24 14:43:23,True,0.08681,4.936e-05,50022.8,2.46944,0xce...6637,https://etherscan.io/tx/0x1aaeff1c6858aee58e328a06e8d8efe90f2fd3f2fad568445dcc42bc75df971e
2023-03-24 14:43:23,True,0.08632,4.908e-05,323.088,0.0158,0xc9...f6d4,https://etherscan.io/tx/0x2bc204c55edb45fc1f4ed66493f673b6467627fbeface76492507ee47dfbf510
2023-03-24 14:42:59,False,0.08705,4.934e-05,100000.0,4.93437,0xe4...5171,https://etherscan.io/tx/0x18bdcda5dfe12af449c700f015d68816654fe12479e5672c8b955fa85d309005
2023-03-24 14:42:59,True,0.08833,5.007e-05,22723.7,1.1378,0x29...3057,https://etherscan.io/tx/0x1d8359b428563d599da23b0098e16537c1e21d38286b064370d45e7b7d668453
2023-03-24 14:42:11,True,0.08819,4.993e-05,1401.82,0.07,0xfd...2353,https://etherscan.io/tx/0x5bdd7c3e063d54dc533260b5116d3f346f5517e6f311ab02fcafb7500ca3984a
2023-03-24 14:42:11,True,0.08782,4.972e-05,36375.9,1.80871,0x24...2da3,https://etherscan.io/tx/0x70a2c1cd57e2db9f2237d79a038b836398736a2b141f732ecf28972b23505f0a
2023-03-24 14:41:35,False,0.08743,4.95e-05,50000.0,2.47505,0xe4...5171,https://etherscan.io/tx/0xa0b6e26e7a9d6e2dbb56f1966acf1ce418c9b5c5a5d739faf81c139322e1acb4
2023-03-24 14:40:11,True,0.08845,5.007e-05,1187.78,0.0594,0x65...e31f,https://etherscan.io/tx/0x84ec59bc81fdc253cfa3b6d18207bd803522c0ba79939a6ee7b22cfddb473632
2023-03-24 14:39:23,True,0.08841,5.005e-05,1950.43,0.0976,0x2f...a999,https://etherscan.io/tx/0x2ba425e080c0e57f7bd50c7aca18fc388987390d2921ab5573a092667368347f
2023-03-24 14:36:47,True,0.08861,5.002e-05,3913.43,0.1957,0x1c...bb3b,https://etherscan.io/tx/0xe05669b375e6cfaa833257718bc0764c88d9a3b5863be72750eb245a0ff435f9
2023-03-24 14:36:23,True,0.08859,4.999e-05,198.164,0.0099,0x2f...a999,https://etherscan.io/tx/0x38332dd006bd44e61cdf800b9e66ebdf18e88e3dbc02bd500a1068b4b5d87f98
2023-03-24 14:36:23,True,0.08853,4.996e-05,5554.79,0.2775,0xa3...86f8,https://etherscan.io/tx/0x8fdb7ff6b768d42d09e01e64acde5671e78e2cd9c46909c81b530945f7a4c31b
2023-03-24 14:36:23,True,0.08846,4.992e-05,1389.78,0.0693,0x92...8bcc,https://etherscan.io/tx/0x0d02bb1835809897338539a9c2b46acacab79546c7dae30a646e4a6d1e1213ae
2023-03-24 14:35:47,True,0.08839,4.99e-05,1789.85,0.0893,0x85...9129,https://etherscan.io/tx/0xb70ecd2d7b1562913c192478ea67e60ce96423ee53308890df5e1211072e1967
2023-03-24 14:35:47,True,0.08779,4.957e-05,58352.0,2.89264,0xab...6a42,https://etherscan.io/tx/0x2b6e80e0485c9528128f01e7047b52681f94c83c00749ec6b1d548ae48839098
2023-03-24 14:34:59,True,0.08718,4.921e-05,6042.3,0.2973,0x28...80bc,https://etherscan.io/tx/0x0a0b45be6ffec6eec4c92ff1c16ab74691cb45f2d35fd1460e3974041087811e
2023-03-24 14:34:47,True,0.08708,4.916e-05,4032.74,0.1982,0x7a...6729,https://etherscan.io/tx/0xfd26463b43db76fe0486cc0724a3da9d9a88a1df8846fe63f26d7ddc1eb26631
2023-03-24 14:34:11,True,0.08698,4.913e-05,1008.75,0.0495,0xf5...907d,https://etherscan.io/tx/0x7d8e3faf28a7069120afaa4c3d1d515c9e7675f4812a3176f44922525fd1879d
2023-03-24 14:33:47,True,0.08692,4.91e-05,4338.11,0.213,0x2e...f345,https://etherscan.io/tx/0x55ee1b8d797621dd55b7cd5ad70e6cea33d5c4973f831f6760fc2d679f0f611f
2023-03-24 14:33:23,True,0.08687,4.907e-05,406.334,0.0199,0x81...441c,https://etherscan.io/tx/0xdf74a9129fffe7426d96d7c4e8a97ae6b0fb66464ec62ab7ee76cbe0981dcc85
2023-03-24 14:31:47,False,0.08701,4.912e-05,63170.7,3.10339,0x23...d0b2,https://etherscan.io/tx/0x84ec52f9bc55879e2f9a285fffa5ab103413b128d62e8c441ec14ab8f2b03cba
2023-03-24 14:31:47,True,0.08772,4.952e-05,44346.5,2.19629,0x1d...f241,https://etherscan.io/tx/0x7b77e4854089b412f6aae0bb84fd0633717aaa4baf4998f53f9da149aa9d9c11
2023-03-24 14:31:35,True,0.08704,4.913e-05,26560.3,1.305,0x7e...03ce,https://etherscan.io/tx/0x0838d16cc5fb6a866f933d862294c9b2db1d155e4ca6df86cada432ad2e637e2
2023-03-24 14:30:23,True,0.08597,4.856e-05,408.209,0.0198,0x63...52cf,https://etherscan.io/tx/0x6b1c5b41226e13f469903513fbc3bede09a85c6c151f3601f20b64e8dc4a768b
2023-03-24 14:30:11,True,0.08587,4.851e-05,10003.3,0.4852,0xcf...ece2,https://etherscan.io/tx/0xce7ecabb39479ebcbfb94c465894adfbecec6746140a75217b41b591b80e92bf
2023-03-24 14:30:11,True,0.08576,4.844e-05,2064.22,0.1,0xa0...17a3,https://etherscan.io/tx/0x9e4f8692adb4b629de5d8a039c1ecac62d63bd11373362d043469a53fc5ac9ba
2023-03-24 14:29:59,True,0.0857,4.841e-05,4124.41,0.1996,0x87...9b12,https://etherscan.io/tx/0xb58867cfde821b8ffb96740f3d313933df30595a5e903140f89170ec0b0575ab
2023-03-24 14:29:47,True,0.08582,4.847e-05,1670.0,0.0809,0x00...6bba,https://etherscan.io/tx/0xead440b10e55235e95455abe9d3afd570906a9f4820c95d6b8c89b7ceb9fb661
2023-03-24 14:29:47,True,0.08573,4.842e-05,4941.63,0.2393,0xd7...a3b2,https://etherscan.io/tx/0x95ba4d6c11bd3b3089cedf4b17fb865872819a837c17b26d1160bb45ca2cbd7e
2023-03-24 14:29:35,True,0.08522,4.813e-05,49055.2,2.36129,0xc6...fed0,https://etherscan.io/tx/0xac4ef84cb1b8cb0591f1fed476dd53930604d9de6ff584d7cf41b23c97848477
2023-03-24 14:29:23,False,0.08497,4.799e-05,77446.8,3.71731,0xdb...9adf,https://etherscan.io/tx/0xd4d68a9b3dc7f980fecf8e0e4829362db8723cf481f1f85ccd676cb2fb39656e
2023-03-24 14:28:59,False,0.08605,4.86e-05,36209.5,1.76002,0xf2...00bd,https://etherscan.io/tx/0x99b0788dd8821c54381559c03f7f2c25105897eb8c6277e8712e404fdccac4b8
2023-03-24 14:27:47,True,0.08682,4.909e-05,424.004,0.0208,0x53...1d8c,https://etherscan.io/tx/0x3852fd16477c709094e19c6ea98374c5bfdf7b3d902ce2e8e861b452b29c56f4
2023-03-24 14:27:47,False,0.08653,4.892e-05,23638.7,1.15658,0x88...3c0d,https://etherscan.io/tx/0xe49197e5c91b48588b7d421c31814ce850bfed1bfb2b4d20640e1bc9d8491f57
2023-03-24 14:27:35,True,0.08726,4.933e-05,2370.5,0.1169,0x8e...94f5,https://etherscan.io/tx/0xfffea20a54111233be9f60f6ffff8361af7612f348bdc6bfeb801f9250e39429
2023-03-24 14:27:35,True,0.08718,4.929e-05,4931.3,0.2431,0xe4...53d4,https://etherscan.io/tx/0x600dbb1cf0a4bb79c58ccb336d737037256b6e47752943a98c25cefcac17991a
2023-03-24 14:27:11,True,0.08711,4.925e-05,2636.65,0.1298,0xd7...a3b2,https://etherscan.io/tx/0xc512d23ef55af23feda57cd923d4f2108a02730d9837ed544ca21c44d44e5693
2023-03-24 14:27:11,True,0.08708,4.923e-05,871.403,0.0429,0xbf...9a66,https://etherscan.io/tx/0xf7811fa4a01ad54197761a571b1a3062c9b8ef08908e3eec029951d8517a4556
2023-03-24 14:26:59,True,0.08708,4.921e-05,3021.12,0.1486,0xc1...acfe,https://etherscan.io/tx/0xb02b45e2f74ca64f8b026dd1bf313ec57b2c53b1db5171d7703acc1b19d115c4
2023-03-24 14:26:59,False,0.08712,4.923e-05,60665.8,2.98711,0xba...0c14,https://etherscan.io/tx/0x475755fb7b05b80bc703cb60c0f7cadbba8e21efe75f98b84e683a2584ca61c6
2023-03-24 14:26:23,True,0.08807,4.987e-05,290.917,0.0145,0x9a...adc5,https://etherscan.io/tx/0x80735c980b853f674a27887d161980448580678b5a0fed7028560afff5ef078b
2023-03-24 14:26:23,True,0.08803,4.984e-05,4538.79,0.2262,0x77...d7ee,https://etherscan.io/tx/0x75eed179442c37a3b43c11a3a3c4f4683c9a49c0fe3334c523c867cf8c24e526
2023-03-24 14:26:11,True,0.08794,4.979e-05,4383.1,0.2182,0x8e...94f5,https://etherscan.io/tx/0xa5999df8b4137fc5ac2239f6013096cd62e25617f438bb959b33747b54df3165
